timestamp,time,exchange,symbol,bid1_price,bid1_volume,bid2_price,bid2_volume,ask1_price,ask1_volume,ask2_price,ask2_volume
1753599996523,07:06:36.523,mexc,A/USDT:USDT,0.5826,19650.0,0.5825,31582.0,0.5827,15775.0,0.5828,23915.0
1753599996905,07:06:36.905,mexc,A/USDT:USDT,0.5826,19650.0,0.5825,23275,0.5827,15775.0,0.5828,23915.0
1753599997118,07:06:37.118,mexc,A/USDT:USDT,0.5826,19650.0,0.5825,23275,0.5827,15775.0,0.5828,31807
1753599997405,07:06:37.405,mexc,A/USDT:USDT,0.5826,19650.0,0.5825,23275,0.5827,15775.0,0.5828,31807
1753599997617,07:06:37.617,mexc,A/USDT:USDT,0.5826,19650.0,0.5825,23275,0.5827,15775.0,0.5828,23915
1753599997919,07:06:37.919,mexc,A/USDT:USDT,0.5826,19650.0,0.5825,23275,0.5827,15775.0,0.5828,23915
1753599998123,07:06:38.123,mexc,A/USDT:USDT,0.5826,19650.0,0.5825,23275,0.5827,15775.0,0.5828,39047
1753599998402,07:06:38.402,mexc,A/USDT:USDT,0.5826,19650.0,0.5825,23275,0.5827,15775.0,0.5828,39047
1753599998617,07:06:38.617,mexc,A/USDT:USDT,0.5826,19650.0,0.5825,23275,0.5827,15775.0,0.5828,23915
1753599998905,07:06:38.905,mexc,A/USDT:USDT,0.5826,19650.0,0.5825,23275,0.5827,15775.0,0.5828,23915
1753599999123,07:06:39.123,mexc,A/USDT:USDT,0.5826,15525,0.5825,22423,0.5827,20099,0.5828,18075
1753599999404,07:06:39.404,mexc,A/USDT:USDT,0.5826,15525,0.5825,22423,0.5827,20099,0.5828,18075
1753599999809,07:06:39.809,mexc,A/USDT:USDT,0.5826,15525,0.5825,22423,0.5827,20099,0.5828,29090
1753599999904,07:06:39.904,mexc,A/USDT:USDT,0.5826,15525,0.5825,22423,0.5827,20099,0.5828,29090
1753600000119,07:06:40.119,mexc,A/USDT:USDT,0.5826,15525,0.5825,22423,0.5827,20099,0.5828,24496
1753600000411,07:06:40.411,mexc,A/USDT:USDT,0.5826,15525,0.5825,22423,0.5827,20099,0.5828,24496
1753600000621,07:06:40.621,mexc,A/USDT:USDT,0.5826,15525,0.5825,22423,0.5827,20099,0.5828,18075
1753600000906,07:06:40.906,mexc,A/USDT:USDT,0.5826,15525,0.5825,22423,0.5827,20099,0.5828,18075
1753600001119,07:06:41.119,mexc,A/USDT:USDT,0.5826,15525,0.5825,22423,0.5827,20099,0.5828,20074
1753600001406,07:06:41.406,mexc,A/USDT:USDT,0.5826,15525,0.5825,31317,0.5827,20099,0.5828,20074
1753600001616,07:06:41.616,mexc,A/USDT:USDT,0.5826,15525,0.5825,31317,0.5827,20099,0.5828,18075
1753600001907,07:06:41.907,mexc,A/USDT:USDT,0.5826,15525,0.5825,26774,0.5827,20099,0.5828,18075
1753600002121,07:06:42.121,mexc,A/USDT:USDT,0.5826,15525,0.5825,26774,0.5827,20099,0.5828,23036
1753600002406,07:06:42.406,mexc,A/USDT:USDT,0.5826,15525,0.5825,26217,0.5827,20099,0.5828,23036
1753600002619,07:06:42.619,mexc,A/USDT:USDT,0.5826,15525,0.5825,26217,0.5827,20099,0.5828,18075
1753600002905,07:06:42.905,mexc,A/USDT:USDT,0.5826,15525,0.5825,29777,0.5827,20099,0.5828,18075
1753600003118,07:06:43.118,mexc,A/USDT:USDT,0.5826,15525,0.5825,29777,0.5827,20099,0.5828,18075
1753600003407,07:06:43.407,mexc,A/USDT:USDT,0.5826,15525,0.5825,31510,0.5827,20099,0.5828,18075
1753600003618,07:06:43.618,mexc,A/USDT:USDT,0.5826,15525,0.5825,31510,0.5827,20099,0.5828,18075
1753600003937,07:06:43.937,mexc,A/USDT:USDT,0.5826,15525,0.5825,22423,0.5827,20099,0.5828,18075
1753600004122,07:06:44.122,mexc,A/USDT:USDT,0.5826,15525,0.5825,22423,0.5827,20099,0.5828,23166
1753600004408,07:06:44.408,mexc,A/USDT:USDT,0.5826,15525,0.5825,22423,0.5827,20099,0.5828,23166
1753600004521,07:06:44.521,mexc,A/USDT:USDT,0.5826,15525,0.5825,32648,0.5827,20099,0.5828,18075
1753600004811,07:06:44.811,mexc,A/USDT:USDT,0.5826,15525,0.5825,32648,0.5827,20099,0.5828,18075
1753600004908,07:06:44.908,mexc,A/USDT:USDT,0.5826,15525,0.5825,22423,0.5827,20099,0.5828,18075
1753600005125,07:06:45.125,mexc,A/USDT:USDT,0.5824,15439,0.5823,15621,0.5825,23664,0.5826,19133
1753600005409,07:06:45.409,mexc,A/USDT:USDT,0.5824,15439,0.5823,23322,0.5825,23664,0.5826,19133
1753600005812,07:06:45.812,mexc,A/USDT:USDT,0.5824,15439,0.5823,15621,0.5825,23664,0.5826,21983
1753600005909,07:06:45.909,mexc,A/USDT:USDT,0.5824,15439,0.5823,15621,0.5825,23664,0.5826,21983
1753600006123,07:06:46.123,mexc,A/USDT:USDT,0.5824,15439,0.5823,15621,0.5825,23664,0.5826,19133
1753600006412,07:06:46.412,mexc,A/USDT:USDT,0.5821,19621,0.582,26390,0.5822,25179,0.5823,18414
1753600006812,07:06:46.812,mexc,A/USDT:USDT,0.5821,19621,0.582,26390,0.5822,25179,0.5823,18414
1753600006909,07:06:46.909,mexc,A/USDT:USDT,0.5821,19621,0.582,26390,0.5822,25179,0.5823,18414
1753600007121,07:06:47.121,mexc,A/USDT:USDT,0.5821,19621,0.582,26390,0.5822,25179,0.5823,29570
1753600007415,07:06:47.415,mexc,A/USDT:USDT,0.5821,19621,0.582,37052,0.5822,25179,0.5823,29570
1753600007619,07:06:47.619,mexc,A/USDT:USDT,0.5821,19621,0.582,37052,0.5822,25179,0.5823,32515
1753600007909,07:06:47.909,mexc,A/USDT:USDT,0.5821,19621,0.582,26390,0.5822,25179,0.5823,32515
1753600008123,07:06:48.123,mexc,A/USDT:USDT,0.5821,19621,0.582,26390,0.5822,25179,0.5823,18414
1753600008410,07:06:48.410,mexc,A/USDT:USDT,0.5821,19621,0.582,36263,0.5822,25179,0.5823,18414
1753600008622,07:06:48.622,mexc,A/USDT:USDT,0.5821,19621,0.582,36263,0.5822,25179,0.5823,24068
1753600008910,07:06:48.910,mexc,A/USDT:USDT,0.5821,19621,0.582,26390,0.5822,25179,0.5823,24068
1753600009129,07:06:49.129,mexc,A/USDT:USDT,0.5821,19621,0.582,26390,0.5822,25179,0.5823,18414
1753600009410,07:06:49.410,mexc,A/USDT:USDT,0.5821,19621,0.582,37521,0.5822,25179,0.5823,18414
1753600009623,07:06:49.623,mexc,A/USDT:USDT,0.5821,19621,0.582,37521,0.5822,25179,0.5823,18414
1753600009933,07:06:49.933,mexc,A/USDT:USDT,0.5821,19621,0.582,26390,0.5822,25179,0.5823,18414
1753600010122,07:06:50.122,mexc,A/USDT:USDT,0.5821,19621,0.582,26390,0.5822,25179,0.5823,18414
1753600010410,07:06:50.410,mexc,A/USDT:USDT,0.5821,19621,0.582,26390,0.5822,25179,0.5823,18414
1753600010526,07:06:50.526,mexc,A/USDT:USDT,0.5821,19621,0.582,26390,0.5822,25179,0.5823,18414
1753600010844,07:06:50.844,mexc,A/USDT:USDT,0.5821,19621,0.582,26390,0.5822,25179,0.5823,18414
1753600011025,07:06:51.025,mexc,A/USDT:USDT,0.5821,19621,0.582,26390,0.5822,25179,0.5823,18414
1753600011315,07:06:51.315,mexc,A/USDT:USDT,0.5821,19621,0.582,26390,0.5822,25179,0.5823,18414
1753600011414,07:06:51.414,mexc,A/USDT:USDT,0.5821,19621,0.582,34239,0.5822,25179,0.5823,18414
1753600011626,07:06:51.626,mexc,A/USDT:USDT,0.5821,19621,0.582,34239,0.5822,25179,0.5823,24545
1753600011911,07:06:51.911,mexc,A/USDT:USDT,0.5821,19621,0.582,26390,0.5822,25179,0.5823,24545
1753600012126,07:06:52.126,mexc,A/USDT:USDT,0.582,17249,0.5819,18511,0.5821,18922,0.5822,19367
1753600012413,07:06:52.413,mexc,A/USDT:USDT,0.582,17249,0.5819,23591,0.5821,18922,0.5822,19367
1753600012817,07:06:52.817,mexc,A/USDT:USDT,0.582,17249,0.5819,18511,0.5821,18922,0.5822,19367
1753600012948,07:06:52.948,mexc,A/USDT:USDT,0.5817,24452,0.5816,16507,0.5819,26077,0.582,18805
1753600013138,07:06:53.138,mexc,A/USDT:USDT,0.5817,24452,0.5816,16507,0.5819,26077,0.582,18805
1753600013630,07:06:53.630,mexc,A/USDT:USDT,0.5817,24452,0.5816,27496,0.5819,26077,0.582,18805
1753600013630,07:06:53.630,mexc,A/USDT:USDT,0.5817,24452,0.5816,27496,0.5819,26077,0.582,18805
1753600014033,07:06:54.033,mexc,A/USDT:USDT,0.5817,24452,0.5816,16507,0.5819,26077,0.582,18805
1753600014129,07:06:54.129,mexc,A/USDT:USDT,0.5817,24452,0.5816,16507,0.5819,26077,0.582,18805
1753600014481,07:06:54.481,mexc,A/USDT:USDT,0.5817,24452,0.5816,16507,0.5819,26077,0.582,18805
1753600014625,07:06:54.625,mexc,A/USDT:USDT,0.5817,24452,0.5816,23350,0.5819,26077,0.582,18805
1753600014884,07:06:54.884,mexc,A/USDT:USDT,0.5817,24452,0.5816,23350,0.5819,26077,0.582,18805
1753600015029,07:06:55.029,mexc,A/USDT:USDT,0.5817,24452,0.5816,21712,0.5819,26077,0.582,18805
1753600015126,07:06:55.126,mexc,A/USDT:USDT,0.5817,24452,0.5816,21712,0.5819,26077,0.582,18805
1753600015581,07:06:55.581,mexc,A/USDT:USDT,0.5817,24452,0.5816,27244,0.5819,26077,0.582,18805
1753600015628,07:06:55.628,mexc,A/USDT:USDT,0.5817,24452,0.5816,27244,0.5819,26077,0.582,18805
1753600015982,07:06:55.982,mexc,A/USDT:USDT,0.5817,24452,0.5816,25018,0.5819,26077,0.582,18805
1753600016126,07:06:56.126,mexc,A/USDT:USDT,0.5817,24452,0.5816,33542,0.5819,26077,0.582,18805
1753600016386,07:06:56.386,mexc,A/USDT:USDT,0.5817,24452,0.5816,25031,0.5819,26077,0.582,18805
1753600016529,07:06:56.529,mexc,A/USDT:USDT,0.5817,24452,0.5816,16507,0.5819,26077,0.582,18805
1753600016627,07:06:56.627,mexc,A/USDT:USDT,0.5817,24452,0.5816,16507,0.5819,26077,0.582,18805
1753600017029,07:06:57.029,mexc,A/USDT:USDT,0.5817,24452,0.5816,19660,0.5819,26077,0.582,18805
1753600017128,07:06:57.128,mexc,A/USDT:USDT,0.5817,24452,0.5816,19660,0.5819,26077,0.582,24503
1753600017389,07:06:57.389,mexc,A/USDT:USDT,0.5817,24452,0.5816,16507,0.5819,26077,0.582,24503
1753600017627,07:06:57.627,mexc,A/USDT:USDT,0.5817,24452,0.5816,30658,0.5819,26077,0.582,18805
1753600017887,07:06:57.887,mexc,A/USDT:USDT,0.5817,24452,0.5816,20693,0.5819,26077,0.582,18805
1753600018030,07:06:58.030,mexc,A/USDT:USDT,0.5817,24452,0.5816,22509,0.5819,26077,0.582,18805
1753600018128,07:06:58.128,mexc,A/USDT:USDT,0.5816,23774,0.5815,25383,0.5817,21804,0.5818,22542
1753600018628,07:06:58.628,mexc,A/USDT:USDT,0.5816,23774,0.5815,25383,0.5817,21804,0.5818,22542
1753600018628,07:06:58.628,mexc,A/USDT:USDT,0.5816,23774,0.5815,25383,0.5817,21804,0.5818,22542
1753600019035,07:06:59.035,mexc,A/USDT:USDT,0.5816,23774,0.5815,30553,0.5817,21804,0.5818,22542
1753600019129,07:06:59.129,mexc,A/USDT:USDT,0.5816,23774,0.5815,30553,0.5817,21804,0.5818,27978
1753600019483,07:06:59.483,mexc,A/USDT:USDT,0.5816,23774,0.5815,25383,0.5817,21804,0.5818,27978
1753600019629,07:06:59.629,mexc,A/USDT:USDT,0.5816,23774,0.5815,25383,0.5817,21804,0.5818,32009
1753600019889,07:06:59.889,mexc,A/USDT:USDT,0.5816,23774,0.5815,25383,0.5817,21804,0.5818,32009
1753600020033,07:07:00.033,mexc,A/USDT:USDT,0.5816,23774,0.5815,45986,0.5817,21804,0.5818,22542
1753600020131,07:07:00.131,mexc,A/USDT:USDT,0.5816,23774,0.5815,45986,0.5817,21804,0.5818,22542
1753600020531,07:07:00.531,mexc,A/USDT:USDT,0.5816,23774,0.5815,25383,0.5817,21804,0.5818,22542
1753600020631,07:07:00.631,mexc,A/USDT:USDT,0.5816,23774,0.5815,25383,0.5817,21804,0.5818,22542
1753600020986,07:07:00.986,mexc,A/USDT:USDT,0.5816,23774,0.5815,25383,0.5817,21804,0.5818,22542
1753600021145,07:07:01.145,mexc,A/USDT:USDT,0.5816,23774,0.5815,25383,0.5817,21804,0.5818,37978
1753600021392,07:07:01.392,mexc,A/USDT:USDT,0.5816,23774,0.5815,25383,0.5817,21804,0.5818,37978
1753600021579,07:07:01.579,mexc,A/USDT:USDT,0.5816,23774,0.5815,25383,0.5817,21804,0.5818,22542
1753600021631,07:07:01.631,mexc,A/USDT:USDT,0.5816,23774,0.5815,25383,0.5817,21804,0.5818,26097
1753600022033,07:07:02.033,mexc,A/USDT:USDT,0.5816,23774,0.5815,25383,0.5817,21804,0.5818,22542
1753600022130,07:07:02.130,mexc,A/USDT:USDT,0.5816,23774,0.5815,25383,0.5817,21804,0.5818,22542
1753600022486,07:07:02.486,mexc,A/USDT:USDT,0.5816,23774,0.5815,25383,0.5817,21804,0.5818,22542
1753600022630,07:07:02.630,mexc,A/USDT:USDT,0.5816,23774,0.5815,31089,0.5817,21804,0.5818,22542
1753600022889,07:07:02.889,mexc,A/USDT:USDT,0.5816,23774,0.5815,31089,0.5817,21804,0.5818,22542
1753600023034,07:07:03.034,mexc,A/USDT:USDT,0.5816,23774,0.5815,25383,0.5817,21804,0.5818,22542
1753600023290,07:07:03.290,mexc,A/USDT:USDT,0.5816,23774,0.5815,25383,0.5817,21804,0.5818,28952
1753600023486,07:07:03.486,mexc,A/USDT:USDT,0.5816,23774,0.5815,25383,0.5817,21804,0.5818,28952
1753600023629,07:07:03.629,mexc,A/USDT:USDT,0.5816,23774,0.5815,25383,0.5817,21804,0.5818,30989
1753600023987,07:07:03.987,mexc,A/USDT:USDT,0.5816,23774,0.5815,29441,0.5817,21804,0.5818,30989
1753600024129,07:07:04.129,mexc,A/USDT:USDT,0.5816,24994,0.5815,18208,0.5817,26046,0.5818,24439
1753600024487,07:07:04.487,mexc,A/USDT:USDT,0.5816,24994,0.5815,18208,0.5817,26046,0.5818,24439
1753600024634,07:07:04.634,mexc,A/USDT:USDT,0.5816,24994,0.5815,24990,0.5817,26046,0.5818,34343
1753600024891,07:07:04.891,mexc,A/USDT:USDT,0.5816,24994,0.5815,24990,0.5817,26046,0.5818,34343
1753600025036,07:07:05.036,mexc,A/USDT:USDT,0.5816,24994,0.5815,25519,0.5817,26046,0.5818,24439
1753600025131,07:07:05.131,mexc,A/USDT:USDT,0.5816,24994,0.5815,25519,0.5817,26046,0.5818,24439
1753600025536,07:07:05.536,mexc,A/USDT:USDT,0.5816,24994,0.5815,22898,0.5817,26046,0.5818,24439
1753600025633,07:07:05.633,mexc,A/USDT:USDT,0.5816,24994,0.5815,22898,0.5817,26046,0.5818,29519
1753600025989,07:07:05.989,mexc,A/USDT:USDT,0.5816,24994,0.5815,18208,0.5817,26046,0.5818,29519
1753600026133,07:07:06.133,mexc,A/USDT:USDT,0.5816,24994,0.5815,18208,0.5817,26046,0.5818,35996
1753600026392,07:07:06.392,mexc,A/USDT:USDT,0.5816,24994,0.5815,18208,0.5817,26046,0.5818,35996
1753600026535,07:07:06.535,mexc,A/USDT:USDT,0.5816,24994,0.5815,18208,0.5817,26046,0.5818,24439
1753600026632,07:07:06.632,mexc,A/USDT:USDT,0.5816,24994,0.5815,18208,0.5817,26046,0.5818,24439
1753600027036,07:07:07.036,mexc,A/USDT:USDT,0.5816,24994,0.5815,18208,0.5817,26046,0.5818,24439
1753600027132,07:07:07.132,mexc,A/USDT:USDT,0.5816,24994,0.5815,18208,0.5817,26046,0.5818,33734
1753600027489,07:07:07.489,mexc,A/USDT:USDT,0.5816,24994,0.5815,18208,0.5817,26046,0.5818,33734
1753600027633,07:07:07.633,mexc,A/USDT:USDT,0.5816,24994,0.5815,18208,0.5817,26046,0.5818,24439
1753600027894,07:07:07.894,mexc,A/USDT:USDT,0.5816,24994,0.5815,18208,0.5817,26046,0.5818,24439
1753600028036,07:07:08.036,mexc,A/USDT:USDT,0.5816,24994,0.5815,24004,0.5817,26046,0.5818,24439
1753600028132,07:07:08.132,mexc,A/USDT:USDT,0.5816,24994,0.5815,24004,0.5817,26046,0.5818,40175
1753600028537,07:07:08.537,mexc,A/USDT:USDT,0.5816,24994,0.5815,18208,0.5817,26046,0.5818,32826
1753600028633,07:07:08.633,mexc,A/USDT:USDT,0.5816,24994,0.5815,18208,0.5817,26046,0.5818,24439
1753600028992,07:07:08.992,mexc,A/USDT:USDT,0.5816,24994,0.5815,18208,0.5817,26046,0.5818,24439
1753600029133,07:07:09.133,mexc,A/USDT:USDT,0.5816,24994,0.5815,21938,0.5817,26046,0.5818,24439
1753600029395,07:07:09.395,mexc,A/USDT:USDT,0.5816,24994,0.5815,21938,0.5817,26046,0.5818,24439
1753600029537,07:07:09.537,mexc,A/USDT:USDT,0.5816,24994,0.5815,23831,0.5817,26046,0.5818,24439
1753600029632,07:07:09.632,mexc,A/USDT:USDT,0.5816,24994,0.5815,23831,0.5817,26046,0.5818,32714
1753600030038,07:07:10.038,mexc,A/USDT:USDT,0.5816,24994,0.5815,18208,0.5817,26046,0.5818,24439
1753600030130,07:07:10.130,mexc,A/USDT:USDT,0.5816,24847,0.5815,21265,0.5817,23318,0.5818,26197
1753600030492,07:07:10.492,mexc,A/USDT:USDT,0.5816,24847,0.5815,28587,0.5817,23318,0.5818,26197
1753600030639,07:07:10.639,mexc,A/USDT:USDT,0.5816,24847,0.5815,36965,0.5817,23318,0.5818,26197
1753600030899,07:07:10.899,mexc,A/USDT:USDT,0.5816,24847,0.5815,29643,0.5817,23318,0.5818,26197
1753600031038,07:07:11.038,mexc,A/USDT:USDT,0.5816,24847,0.5815,24557,0.5817,23318,0.5818,26197
1753600031144,07:07:11.144,mexc,A/USDT:USDT,0.5816,24847,0.5815,24557,0.5817,23318,0.5818,26197
1753600031580,07:07:11.580,mexc,A/USDT:USDT,0.5816,24847,0.5815,23494,0.5817,23318,0.5818,26197
1753600031635,07:07:11.635,mexc,A/USDT:USDT,0.5816,24847,0.5815,23494,0.5817,23318,0.5818,37801
1753600031994,07:07:11.994,mexc,A/USDT:USDT,0.5816,24847,0.5815,21265,0.5817,23318,0.5818,37801
1753600032136,07:07:12.136,mexc,A/USDT:USDT,0.5816,24847,0.5815,25900,0.5817,23318,0.5818,26197
1753600032399,07:07:12.399,mexc,A/USDT:USDT,0.5816,24847,0.5815,25900,0.5817,23318,0.5818,26197
1753600032538,07:07:12.538,mexc,A/USDT:USDT,0.5816,24847,0.5815,21265,0.5817,23318,0.5818,26197
1753600032635,07:07:12.635,mexc,A/USDT:USDT,0.5816,24847,0.5815,21265,0.5817,23318,0.5818,26197
1753600033038,07:07:13.038,mexc,A/USDT:USDT,0.5816,24847,0.5815,29765,0.5817,23318,0.5818,26197
1753600033135,07:07:13.135,mexc,A/USDT:USDT,0.5816,24847,0.5815,29765,0.5817,23318,0.5818,34709
1753600033495,07:07:13.495,mexc,A/USDT:USDT,0.5816,24847,0.5815,21265,0.5817,23318,0.5818,34709
1753600033633,07:07:13.633,mexc,A/USDT:USDT,0.5816,24847,0.5815,21265,0.5817,23318,0.5818,26197
1753600033897,07:07:13.897,mexc,A/USDT:USDT,0.5816,24847,0.5815,21265,0.5817,23318,0.5818,26197
1753600034037,07:07:14.037,mexc,A/USDT:USDT,0.5816,24847,0.5815,31836,0.5817,23318,0.5818,26197
1753600034138,07:07:14.138,mexc,A/USDT:USDT,0.5816,24847,0.5815,31836,0.5817,23318,0.5818,30720
1753600034541,07:07:14.541,mexc,A/USDT:USDT,0.5816,24847,0.5815,21265,0.5817,23318,0.5818,30720
1753600034637,07:07:14.637,mexc,A/USDT:USDT,0.5816,24847,0.5815,21265,0.5817,23318,0.5818,26197
1753600034995,07:07:14.995,mexc,A/USDT:USDT,0.5816,24847,0.5815,21265,0.5817,23318,0.5818,26197
1753600035137,07:07:15.137,mexc,A/USDT:USDT,0.5816,24847,0.5815,21265,0.5817,23318,0.5818,32775
1753600035495,07:07:15.495,mexc,A/USDT:USDT,0.5816,24847,0.5815,24401,0.5817,23318,0.5818,32775
1753600035636,07:07:15.636,mexc,A/USDT:USDT,0.5816,24847,0.5815,24401,0.5817,23318,0.5818,26197
1753600035898,07:07:15.898,mexc,A/USDT:USDT,0.5816,24847,0.5815,21265,0.5817,23318,0.5818,26197
1753600036040,07:07:16.040,mexc,A/USDT:USDT,0.5816,24847,0.5815,21265,0.5817,23318,0.5818,26197
1753600036136,07:07:16.136,mexc,A/USDT:USDT,0.5814,24263,0.5813,16415,0.5815,15948,0.5816,21087
1753600036540,07:07:16.540,mexc,A/USDT:USDT,0.5814,24263,0.5813,16415,0.5815,15948,0.5816,21087
1753600036638,07:07:16.638,mexc,A/USDT:USDT,0.5814,24263,0.5813,16415,0.5815,15948,0.5816,30052
1753600036998,07:07:16.998,mexc,A/USDT:USDT,0.5814,24263,0.5813,16415,0.5815,15948,0.5816,30052
1753600037137,07:07:17.137,mexc,A/USDT:USDT,0.5814,24263,0.5813,16415,0.5815,15948,0.5816,26488
1753600037399,07:07:17.399,mexc,A/USDT:USDT,0.5814,24263,0.5813,16415,0.5815,15948,0.5816,26488
1753600037541,07:07:17.541,mexc,A/USDT:USDT,0.5814,24263,0.5813,23976,0.5815,15948,0.5816,21087
1753600037640,07:07:17.640,mexc,A/USDT:USDT,0.5814,24263,0.5813,23976,0.5815,15948,0.5816,29189
1753600038041,07:07:18.041,mexc,A/USDT:USDT,0.5814,24263,0.5813,29561,0.5815,15948,0.5816,23220
1753600038138,07:07:18.138,mexc,A/USDT:USDT,0.5814,24263,0.5813,29561,0.5815,15948,0.5816,31390
1753600038499,07:07:18.499,mexc,A/USDT:USDT,0.5814,24263,0.5813,16415,0.5815,15948,0.5816,31390
1753600038639,07:07:18.639,mexc,A/USDT:USDT,0.5814,24263,0.5813,24163,0.5815,15948,0.5816,21087
1753600038901,07:07:18.901,mexc,A/USDT:USDT,0.5814,24263,0.5813,24163,0.5815,15948,0.5816,21087
1753600039040,07:07:19.040,mexc,A/USDT:USDT,0.5814,24263,0.5813,16415,0.5815,15948,0.5816,21087
1753600039137,07:07:19.137,mexc,A/USDT:USDT,0.5814,24263,0.5813,16415,0.5815,15948,0.5816,21087
1753600039544,07:07:19.544,mexc,A/USDT:USDT,0.5814,24263,0.5813,21087,0.5815,15948,0.5816,21087
1753600039641,07:07:19.641,mexc,A/USDT:USDT,0.5814,24263,0.5813,21087,0.5815,15948,0.5816,21087
1753600039952,07:07:19.952,mexc,A/USDT:USDT,0.5814,24263,0.5813,16415,0.5815,15948,0.5816,21087
1753600040138,07:07:20.138,mexc,A/USDT:USDT,0.5814,24263,0.5813,16415,0.5815,15948,0.5816,21087
1753600040363,07:07:20.363,mexc,A/USDT:USDT,0.5814,24263,0.5813,16415,0.5815,15948,0.5816,21087
1753600040542,07:07:20.542,mexc,A/USDT:USDT,0.5814,24263,0.5813,16415,0.5815,15948,0.5816,21087
1753600040639,07:07:20.639,mexc,A/USDT:USDT,0.5814,24263,0.5813,16415,0.5815,15948,0.5816,23564
1753600041044,07:07:21.044,mexc,A/USDT:USDT,0.5814,24263,0.5813,16415,0.5815,15948,0.5816,23564
1753600041140,07:07:21.140,mexc,A/USDT:USDT,0.5814,24263,0.5813,16415,0.5815,15948,0.5816,21087
1753600041499,07:07:21.499,mexc,A/USDT:USDT,0.5814,24263,0.5813,22258,0.5815,15948,0.5816,21087
1753600041639,07:07:21.639,mexc,A/USDT:USDT,0.5814,24263,0.5813,24387,0.5815,15948,0.5816,29520
1753600041903,07:07:21.903,mexc,A/USDT:USDT,0.5814,24263,0.5813,18544,0.5815,15948,0.5816,29520
1753600042085,07:07:22.085,mexc,A/USDT:USDT,0.5814,24263,0.5813,16415,0.5815,15948,0.5816,21087
1753600042137,07:07:22.137,mexc,A/USDT:USDT,0.5813,15011,0.5812,25691,0.5815,23699,0.5816,24931
1753600042644,07:07:22.644,mexc,A/USDT:USDT,0.5813,15011,0.5812,25691,0.5815,23699,0.5816,29524
1753600042645,07:07:22.645,mexc,A/USDT:USDT,0.5813,15011,0.5812,25691,0.5815,23699,0.5816,29524
1753600043045,07:07:23.045,mexc,A/USDT:USDT,0.5813,15011,0.5812,25691,0.5815,23699,0.5816,24931
1753600043138,07:07:23.138,mexc,A/USDT:USDT,0.5813,15011,0.5812,25691,0.5815,23699,0.5816,30872
1753600043500,07:07:23.500,mexc,A/USDT:USDT,0.5813,15011,0.5812,37315,0.5815,23699,0.5816,30872
1753600043642,07:07:23.642,mexc,A/USDT:USDT,0.5813,15011,0.5812,43065,0.5815,23699,0.5816,24931
1753600043905,07:07:23.905,mexc,A/USDT:USDT,0.5813,15011,0.5812,31441,0.5815,23699,0.5816,24931
1753600044043,07:07:24.043,mexc,A/USDT:USDT,0.5813,15011,0.5812,35103,0.5815,23699,0.5816,24931
1753600044141,07:07:24.141,mexc,A/USDT:USDT,0.5813,15011,0.5812,35103,0.5815,23699,0.5816,24931
1753600044545,07:07:24.545,mexc,A/USDT:USDT,0.5813,15011,0.5812,41837,0.5815,23699,0.5816,24931
1753600044641,07:07:24.641,mexc,A/USDT:USDT,0.5813,15011,0.5812,41837,0.5815,23699,0.5816,24931
1753600045002,07:07:25.002,mexc,A/USDT:USDT,0.5813,15011,0.5812,25691,0.5815,23699,0.5816,24931
1753600045184,07:07:25.184,mexc,A/USDT:USDT,0.5813,15011,0.5812,25691,0.5815,23699,0.5816,24931
1753600045405,07:07:25.405,mexc,A/USDT:USDT,0.5813,15011,0.5812,25691,0.5815,23699,0.5816,24931
1753600045585,07:07:25.585,mexc,A/USDT:USDT,0.5813,15011,0.5812,32481,0.5815,23699,0.5816,24931
1753600045680,07:07:25.680,mexc,A/USDT:USDT,0.5813,15011,0.5812,32481,0.5815,23699,0.5816,37221
1753600046085,07:07:26.085,mexc,A/USDT:USDT,0.5813,15011,0.5812,25691,0.5815,23699,0.5816,37221
1753600046180,07:07:26.180,mexc,A/USDT:USDT,0.5813,15011,0.5812,25691,0.5815,23699,0.5816,27580
1753600046502,07:07:26.502,mexc,A/USDT:USDT,0.5813,15011,0.5812,25691,0.5815,23699,0.5816,27580
1753600046681,07:07:26.681,mexc,A/USDT:USDT,0.5813,15011,0.5812,25691,0.5815,23699,0.5816,45886
1753600046905,07:07:26.905,mexc,A/USDT:USDT,0.5813,15011,0.5812,25691,0.5815,23699,0.5816,45886
1753600047089,07:07:27.089,mexc,A/USDT:USDT,0.5813,15011,0.5812,34842,0.5815,23699,0.5816,24931
1753600047190,07:07:27.190,mexc,A/USDT:USDT,0.5813,15011,0.5812,34842,0.5815,23699,0.5816,38807
1753600047586,07:07:27.586,mexc,A/USDT:USDT,0.5813,15011,0.5812,25691,0.5815,23699,0.5816,24931
1753600047680,07:07:27.680,mexc,A/USDT:USDT,0.5813,15011,0.5812,25691,0.5815,23699,0.5816,24931
1753600048088,07:07:28.088,mexc,A/USDT:USDT,0.5813,15011,0.5812,25691,0.5815,23699,0.5816,24931
1753600048184,07:07:28.184,mexc,A/USDT:USDT,0.5813,22663,0.5812,20094,0.5814,16107,0.5815,19398
1753600048503,07:07:28.503,mexc,A/USDT:USDT,0.5813,22663,0.5812,28988,0.5814,16107,0.5815,19398
1753600048683,07:07:28.683,mexc,A/USDT:USDT,0.5813,22663,0.5812,32479,0.5814,16107,0.5815,16154
1753600048908,07:07:28.908,mexc,A/USDT:USDT,0.5813,22663,0.5812,23585,0.5814,16107,0.5815,16154
1753600049088,07:07:29.088,mexc,A/USDT:USDT,0.5813,22663,0.5812,26749,0.5814,16107,0.5815,16154
1753600049189,07:07:29.189,mexc,A/USDT:USDT,0.5813,22663,0.5812,26749,0.5814,16107,0.5815,16154
1753600049503,07:07:29.503,mexc,A/USDT:USDT,0.5813,22663,0.5812,20094,0.5814,16107,0.5815,16154
1753600049683,07:07:29.683,mexc,A/USDT:USDT,0.5813,22663,0.5812,20094,0.5814,16107,0.5815,16154
1753600050090,07:07:30.090,mexc,A/USDT:USDT,0.5813,22663,0.5812,20094,0.5814,16107,0.5815,16154
1753600050187,07:07:30.187,mexc,A/USDT:USDT,0.5813,22663,0.5812,20094,0.5814,16107,0.5815,16154
1753600050504,07:07:30.504,mexc,A/USDT:USDT,0.5813,22663,0.5812,25676,0.5814,16107,0.5815,16154
1753600050684,07:07:30.684,mexc,A/USDT:USDT,0.5813,22663,0.5812,25676,0.5814,16107,0.5815,16154
1753600050908,07:07:30.908,mexc,A/USDT:USDT,0.5813,22663,0.5812,20094,0.5814,16107,0.5815,16154
1753600051089,07:07:31.089,mexc,A/USDT:USDT,0.5813,22663,0.5812,20094,0.5814,16107,0.5815,16154
1753600051186,07:07:31.186,mexc,A/USDT:USDT,0.5813,22663,0.5812,20094,0.5814,16107,0.5815,18120
1753600051589,07:07:31.589,mexc,A/USDT:USDT,0.5813,22663,0.5812,20094,0.5814,16107,0.5815,16154
1753600051684,07:07:31.684,mexc,A/USDT:USDT,0.5813,22663,0.5812,20094,0.5814,16107,0.5815,16154
1753600052006,07:07:32.006,mexc,A/USDT:USDT,0.5813,22663,0.5812,20094,0.5814,16107,0.5815,16154
1753600052186,07:07:32.186,mexc,A/USDT:USDT,0.5813,22663,0.5812,20094,0.5814,16107,0.5815,16154
1753600052409,07:07:32.409,mexc,A/USDT:USDT,0.5813,22663,0.5812,20094,0.5814,16107,0.5815,16154
1753600052590,07:07:32.590,mexc,A/USDT:USDT,0.5813,22663,0.5812,20094,0.5814,16107,0.5815,16154
1753600052687,07:07:32.687,mexc,A/USDT:USDT,0.5813,22663,0.5812,20094,0.5814,16107,0.5815,16154
1753600053092,07:07:33.092,mexc,A/USDT:USDT,0.5813,22663,0.5812,20094,0.5814,16107,0.5815,16154
1753600053195,07:07:33.195,mexc,A/USDT:USDT,0.5813,22663,0.5812,20094,0.5814,16107,0.5815,16154
1753600053505,07:07:33.505,mexc,A/USDT:USDT,0.5813,22663,0.5812,20094,0.5814,16107,0.5815,16154
1753600053688,07:07:33.688,mexc,A/USDT:USDT,0.5813,22663,0.5812,20094,0.5814,16107,0.5815,16154
1753600053912,07:07:33.912,mexc,A/USDT:USDT,0.5813,22663,0.5812,20094,0.5814,16107,0.5815,16154
1753600054094,07:07:34.094,mexc,A/USDT:USDT,0.5813,22663,0.5812,20094,0.5814,16107,0.5815,16154
1753600054195,07:07:34.195,mexc,A/USDT:USDT,0.5814,20641,0.5813,19237,0.5815,26287,0.5816,25949
1753600054592,07:07:34.592,mexc,A/USDT:USDT,0.5814,20641,0.5813,26749,0.5815,26287,0.5816,21934
1753600054688,07:07:34.688,mexc,A/USDT:USDT,0.5814,20641,0.5813,26749,0.5815,26287,0.5816,21934
1753600055007,07:07:35.007,mexc,A/USDT:USDT,0.5814,20641,0.5813,19237,0.5815,26287,0.5816,21934
1753600055189,07:07:35.189,mexc,A/USDT:USDT,0.5814,20641,0.5813,21339,0.5815,26287,0.5816,26713
1753600055411,07:07:35.411,mexc,A/USDT:USDT,0.5814,20641,0.5813,21339,0.5815,26287,0.5816,26713
1753600055592,07:07:35.592,mexc,A/USDT:USDT,0.5814,20641,0.5813,19237,0.5815,26287,0.5816,21934
1753600055690,07:07:35.690,mexc,A/USDT:USDT,0.5814,20641,0.5813,19237,0.5815,26287,0.5816,30836
1753600056093,07:07:36.093,mexc,A/USDT:USDT,0.5814,20641,0.5813,19237,0.5815,26287,0.5816,21934
1753600056190,07:07:36.190,mexc,A/USDT:USDT,0.5814,20641,0.5813,19237,0.5815,26287,0.5816,21934
1753600056508,07:07:36.508,mexc,A/USDT:USDT,0.5814,20641,0.5813,22486,0.5815,26287,0.5816,21934
1753600056689,07:07:36.689,mexc,A/USDT:USDT,0.5814,20641,0.5813,22486,0.5815,26287,0.5816,24652
1753600056912,07:07:36.912,mexc,A/USDT:USDT,0.5814,20641,0.5813,19237,0.5815,26287,0.5816,24652
1753600057095,07:07:37.095,mexc,A/USDT:USDT,0.5814,20641,0.5813,23622,0.5815,26287,0.5816,21934
1753600057189,07:07:37.189,mexc,A/USDT:USDT,0.5814,20641,0.5813,23622,0.5815,26287,0.5816,28168
1753600057594,07:07:37.594,mexc,A/USDT:USDT,0.5814,20641,0.5813,28126,0.5815,26287,0.5816,28168
1753600057692,07:07:37.692,mexc,A/USDT:USDT,0.5814,20641,0.5813,28126,0.5815,26287,0.5816,21934
1753600058009,07:07:38.009,mexc,A/USDT:USDT,0.5814,20641,0.5813,19237,0.5815,26287,0.5816,21934
1753600058101,07:07:38.101,mexc,A/USDT:USDT,0.5814,20641,0.5813,19237,0.5815,26287,0.5816,21934
1753600058413,07:07:38.413,mexc,A/USDT:USDT,0.5814,20641,0.5813,19237,0.5815,26287,0.5816,21934
1753600058510,07:07:38.510,mexc,A/USDT:USDT,0.5814,20641,0.5813,19237,0.5815,26287,0.5816,21934
1753600058691,07:07:38.691,mexc,A/USDT:USDT,0.5814,20641,0.5813,19237,0.5815,26287,0.5816,28832
1753600059094,07:07:39.094,mexc,A/USDT:USDT,0.5814,20641,0.5813,21994,0.5815,26287,0.5816,21934
1753600059195,07:07:39.195,mexc,A/USDT:USDT,0.5814,20641,0.5813,21994,0.5815,26287,0.5816,21934
1753600059515,07:07:39.515,mexc,A/USDT:USDT,0.5814,20641,0.5813,22396,0.5815,26287,0.5816,21934
1753600059692,07:07:39.692,mexc,A/USDT:USDT,0.5814,20641,0.5813,22396,0.5815,26287,0.5816,26234
1753600059915,07:07:39.915,mexc,A/USDT:USDT,0.5814,20641,0.5813,19237,0.5815,26287,0.5816,26234
1753600060096,07:07:40.096,mexc,A/USDT:USDT,0.5814,20641,0.5813,19237,0.5815,26287,0.5816,21934
1753600060199,07:07:40.199,mexc,A/USDT:USDT,0.5813,22311,0.5812,17959,0.5814,26403,0.5815,35520
1753600060599,07:07:40.599,mexc,A/USDT:USDT,0.5813,22311,0.5812,17959,0.5814,26403,0.5815,26378
1753600060692,07:07:40.692,mexc,A/USDT:USDT,0.5813,22311,0.5812,17959,0.5814,26403,0.5815,26378
1753600061011,07:07:41.011,mexc,A/USDT:USDT,0.5813,22311,0.5812,17959,0.5814,26403,0.5815,26378
1753600061198,07:07:41.198,mexc,A/USDT:USDT,0.5813,22311,0.5812,17959,0.5814,26403,0.5815,26378
1753600061415,07:07:41.415,mexc,A/USDT:USDT,0.5813,22311,0.5812,17959,0.5814,26403,0.5815,26378
1753600061597,07:07:41.597,mexc,A/USDT:USDT,0.5813,22311,0.5812,17959,0.5814,26403,0.5815,26378
1753600061692,07:07:41.692,mexc,A/USDT:USDT,0.5813,22311,0.5812,17959,0.5814,26403,0.5815,39919
1753600062103,07:07:42.103,mexc,A/USDT:USDT,0.5813,22311,0.5812,17959,0.5814,26403,0.5815,34986
1753600062195,07:07:42.195,mexc,A/USDT:USDT,0.5813,22311,0.5812,17959,0.5814,26403,0.5815,26378
1753600062516,07:07:42.516,mexc,A/USDT:USDT,0.5813,22311,0.5812,17959,0.5814,26403,0.5815,26378
1753600062694,07:07:42.694,mexc,A/USDT:USDT,0.5813,22311,0.5812,17959,0.5814,26403,0.5815,33750
1753600062918,07:07:42.918,mexc,A/USDT:USDT,0.5813,22311,0.5812,17959,0.5814,26403,0.5815,33750
1753600063098,07:07:43.098,mexc,A/USDT:USDT,0.5813,22311,0.5812,26029,0.5814,26403,0.5815,26378
1753600063195,07:07:43.195,mexc,A/USDT:USDT,0.5813,22311,0.5812,26029,0.5814,26403,0.5815,30338
1753600063598,07:07:43.598,mexc,A/USDT:USDT,0.5813,22311,0.5812,17959,0.5814,26403,0.5815,26378
1753600063694,07:07:43.694,mexc,A/USDT:USDT,0.5813,22311,0.5812,17959,0.5814,26403,0.5815,33241
1753600064017,07:07:44.017,mexc,A/USDT:USDT,0.5813,22311,0.5812,17959,0.5814,26403,0.5815,33241
1753600064194,07:07:44.194,mexc,A/USDT:USDT,0.5813,22311,0.5812,17959,0.5814,26403,0.5815,26378
1753600064418,07:07:44.418,mexc,A/USDT:USDT,0.5813,22311,0.5812,17959,0.5814,26403,0.5815,26378
1753600064599,07:07:44.599,mexc,A/USDT:USDT,0.5813,22311,0.5812,22686,0.5814,26403,0.5815,26378
1753600064694,07:07:44.694,mexc,A/USDT:USDT,0.5813,22311,0.5812,22686,0.5814,26403,0.5815,26378
1753600065098,07:07:45.098,mexc,A/USDT:USDT,0.5813,22311,0.5812,25925,0.5814,26403,0.5815,26378
1753600065198,07:07:45.198,mexc,A/USDT:USDT,0.5813,22311,0.5812,25925,0.5814,26403,0.5815,26378
1753600065516,07:07:45.516,mexc,A/USDT:USDT,0.5813,22311,0.5812,17959,0.5814,26403,0.5815,26378
1753600065694,07:07:45.694,mexc,A/USDT:USDT,0.5813,22311,0.5812,22273,0.5814,26403,0.5815,26378
1753600065921,07:07:45.921,mexc,A/USDT:USDT,0.5813,22311,0.5812,22273,0.5814,26403,0.5815,26378
1753600066102,07:07:46.102,mexc,A/USDT:USDT,0.5813,22311,0.5812,26188,0.5814,26403,0.5815,26378
1753600066196,07:07:46.196,mexc,A/USDT:USDT,0.5813,16831,0.5812,23151,0.5814,23199,0.5815,22174
1753600066603,07:07:46.603,mexc,A/USDT:USDT,0.5813,16831,0.5812,23151,0.5814,23199,0.5815,22174
1753600066694,07:07:46.694,mexc,A/USDT:USDT,0.5813,16831,0.5812,23151,0.5814,23199,0.5815,27458
1753600067016,07:07:47.016,mexc,A/USDT:USDT,0.5813,16831,0.5812,23151,0.5814,23199,0.5815,27458
1753600067194,07:07:47.194,mexc,A/USDT:USDT,0.5813,16831,0.5812,23151,0.5814,23199,0.5815,22174
1753600067419,07:07:47.419,mexc,A/USDT:USDT,0.5813,16831,0.5812,23151,0.5814,23199,0.5815,22174
1753600067598,07:07:47.598,mexc,A/USDT:USDT,0.5813,16831,0.5812,30682,0.5814,23199,0.5815,22174
1753600067695,07:07:47.695,mexc,A/USDT:USDT,0.5813,16831,0.5812,30682,0.5814,23199,0.5815,30457
1753600068105,07:07:48.105,mexc,A/USDT:USDT,0.5813,16831,0.5812,32219,0.5814,23199,0.5815,22174
1753600068202,07:07:48.202,mexc,A/USDT:USDT,0.5813,16831,0.5812,32219,0.5814,23199,0.5815,22174
1753600068520,07:07:48.520,mexc,A/USDT:USDT,0.5813,16831,0.5812,29717,0.5814,23199,0.5815,22174
1753600068695,07:07:48.695,mexc,A/USDT:USDT,0.5813,16831,0.5812,34172,0.5814,23199,0.5815,22174
1753600068920,07:07:48.920,mexc,A/USDT:USDT,0.5813,16831,0.5812,27606,0.5814,23199,0.5815,22174
1753600069098,07:07:49.098,mexc,A/USDT:USDT,0.5813,16831,0.5812,29422,0.5814,23199,0.5815,22174
1753600069197,07:07:49.197,mexc,A/USDT:USDT,0.5813,16831,0.5812,29422,0.5814,23199,0.5815,27799
1753600069599,07:07:49.599,mexc,A/USDT:USDT,0.5813,16831,0.5812,36657,0.5814,23199,0.5815,27799
1753600069696,07:07:49.696,mexc,A/USDT:USDT,0.5813,16831,0.5812,36657,0.5814,23199,0.5815,26691
1753600070018,07:07:50.018,mexc,A/USDT:USDT,0.5813,16831,0.5812,23151,0.5814,23199,0.5815,26691
1753600070197,07:07:50.197,mexc,A/USDT:USDT,0.5813,16831,0.5812,30141,0.5814,23199,0.5815,32536
1753600070419,07:07:50.419,mexc,A/USDT:USDT,0.5813,16831,0.5812,30141,0.5814,23199,0.5815,32536
1753600070601,07:07:50.601,mexc,A/USDT:USDT,0.5813,16831,0.5812,23151,0.5814,23199,0.5815,22174
1753600070921,07:07:50.921,mexc,A/USDT:USDT,0.5813,16831,0.5812,23151,0.5814,23199,0.5815,31777
1753600071016,07:07:51.016,mexc,A/USDT:USDT,0.5813,16831,0.5812,23151,0.5814,23199,0.5815,31777
1753600071202,07:07:51.202,mexc,A/USDT:USDT,0.5813,16831,0.5812,23151,0.5814,23199,0.5815,22174
1753600071601,07:07:51.601,mexc,A/USDT:USDT,0.5813,16831,0.5812,29760,0.5814,23199,0.5815,22174
1753600071697,07:07:51.697,mexc,A/USDT:USDT,0.5813,16831,0.5812,29760,0.5814,23199,0.5815,22174
1753600072019,07:07:52.019,mexc,A/USDT:USDT,0.5813,16831,0.5812,23151,0.5814,23199,0.5815,22174
1753600072203,07:07:52.203,mexc,A/USDT:USDT,0.5813,18449,0.5812,18954,0.5814,26256,0.5815,29969
1753600072518,07:07:52.518,mexc,A/USDT:USDT,0.5813,18449,0.5812,26229,0.5814,26256,0.5815,29969
1753600072697,07:07:52.697,mexc,A/USDT:USDT,0.5813,18449,0.5812,26229,0.5814,26256,0.5815,26400
1753600072924,07:07:52.924,mexc,A/USDT:USDT,0.5813,18449,0.5812,18954,0.5814,26256,0.5815,26400
1753600073101,07:07:53.101,mexc,A/USDT:USDT,0.5813,18449,0.5812,18954,0.5814,26256,0.5815,26400
1753600073199,07:07:53.199,mexc,A/USDT:USDT,0.5813,18449,0.5812,18954,0.5814,26256,0.5815,37805
1753600073604,07:07:53.604,mexc,A/USDT:USDT,0.5813,18449,0.5812,25263,0.5814,26256,0.5815,33050
1753600073699,07:07:53.699,mexc,A/USDT:USDT,0.5813,18449,0.5812,25263,0.5814,26256,0.5815,33021
1753600074020,07:07:54.020,mexc,A/USDT:USDT,0.5813,18449,0.5812,18954,0.5814,26256,0.5815,33021
1753600074202,07:07:54.202,mexc,A/USDT:USDT,0.5813,18449,0.5812,18954,0.5814,26256,0.5815,43025
1753600074519,07:07:54.519,mexc,A/USDT:USDT,0.5813,18449,0.5812,18954,0.5814,26256,0.5815,43025
1753600074699,07:07:54.699,mexc,A/USDT:USDT,0.5813,18449,0.5812,18954,0.5814,26256,0.5815,39520
1753600074927,07:07:54.927,mexc,A/USDT:USDT,0.5813,18449,0.5812,18954,0.5814,26256,0.5815,39520
1753600075103,07:07:55.103,mexc,A/USDT:USDT,0.5813,18449,0.5812,18954,0.5814,26256,0.5815,26400
1753600075204,07:07:55.204,mexc,A/USDT:USDT,0.5813,18449,0.5812,18954,0.5814,26256,0.5815,38021
1753600075603,07:07:55.603,mexc,A/USDT:USDT,0.5813,18449,0.5812,22698,0.5814,26256,0.5815,38021
1753600075700,07:07:55.700,mexc,A/USDT:USDT,0.5813,18449,0.5812,22698,0.5814,26256,0.5815,30500
1753600076027,07:07:56.027,mexc,A/USDT:USDT,0.5813,18449,0.5812,18954,0.5814,26256,0.5815,30500
1753600076200,07:07:56.200,mexc,A/USDT:USDT,0.5813,18449,0.5812,18954,0.5814,26256,0.5815,38378
1753600076520,07:07:56.520,mexc,A/USDT:USDT,0.5813,18449,0.5812,18954,0.5814,26256,0.5815,38378
1753600076700,07:07:56.700,mexc,A/USDT:USDT,0.5813,18449,0.5812,18954,0.5814,26256,0.5815,39106
1753600076923,07:07:56.923,mexc,A/USDT:USDT,0.5813,18449,0.5812,18954,0.5814,26256,0.5815,39106
1753600077106,07:07:57.106,mexc,A/USDT:USDT,0.5813,18449,0.5812,18954,0.5814,26256,0.5815,26400
1753600077203,07:07:57.203,mexc,A/USDT:USDT,0.5813,18449,0.5812,18954,0.5814,26256,0.5815,26400
1753600077603,07:07:57.603,mexc,A/USDT:USDT,0.5813,18449,0.5812,18954,0.5814,26256,0.5815,26400
1753600077701,07:07:57.701,mexc,A/USDT:USDT,0.5813,18449,0.5812,18954,0.5814,26256,0.5815,26400
1753600078105,07:07:58.105,mexc,A/USDT:USDT,0.5813,18449,0.5812,18954,0.5814,26256,0.5815,26400
1753600078206,07:07:58.206,mexc,A/USDT:USDT,0.5813,18963,0.5812,21397,0.5815,16280,0.5816,20165
1753600078523,07:07:58.523,mexc,A/USDT:USDT,0.5813,18963,0.5812,21397,0.5815,16280,0.5816,20165
1753600078701,07:07:58.701,mexc,A/USDT:USDT,0.5813,18963,0.5812,21397,0.5815,16280,0.5816,20165
1753600078925,07:07:58.925,mexc,A/USDT:USDT,0.5813,18963,0.5812,21397,0.5815,16280,0.5816,20165
1753600079109,07:07:59.109,mexc,A/USDT:USDT,0.5813,18963,0.5812,21397,0.5815,16280,0.5816,20165
1753600079204,07:07:59.204,mexc,A/USDT:USDT,0.5813,18963,0.5812,21397,0.5815,16280,0.5816,20165
1753600079605,07:07:59.605,mexc,A/USDT:USDT,0.5813,18963,0.5812,21397,0.5815,16280,0.5816,20165
1753600079701,07:07:59.701,mexc,A/USDT:USDT,0.5813,18963,0.5812,21397,0.5815,16280,0.5816,25127
1753600080024,07:08:00.024,mexc,A/USDT:USDT,0.5813,18963,0.5812,21397,0.5815,16280,0.5816,25127
1753600080206,07:08:00.206,mexc,A/USDT:USDT,0.5813,18963,0.5812,29178,0.5815,16280,0.5816,29197
1753600080426,07:08:00.426,mexc,A/USDT:USDT,0.5813,18963,0.5812,29178,0.5815,16280,0.5816,29197
1753600080607,07:08:00.607,mexc,A/USDT:USDT,0.5813,18963,0.5812,21397,0.5815,16280,0.5816,20165
1753600080703,07:08:00.703,mexc,A/USDT:USDT,0.5813,18963,0.5812,21397,0.5815,16280,0.5816,20165
1753600081107,07:08:01.107,mexc,A/USDT:USDT,0.5813,18963,0.5812,21397,0.5815,16280,0.5816,20165
1753600081208,07:08:01.208,mexc,A/USDT:USDT,0.5813,18963,0.5812,21397,0.5815,16280,0.5816,20165
1753600081523,07:08:01.523,mexc,A/USDT:USDT,0.5813,18963,0.5812,21397,0.5815,16280,0.5816,20165
1753600081704,07:08:01.704,mexc,A/USDT:USDT,0.5813,18963,0.5812,21397,0.5815,16280,0.5816,26310
1753600081927,07:08:01.927,mexc,A/USDT:USDT,0.5813,18963,0.5812,21397,0.5815,16280,0.5816,26310
1753600082107,07:08:02.107,mexc,A/USDT:USDT,0.5813,18963,0.5812,21397,0.5815,16280,0.5816,20165
1753600082383,07:08:02.383,mexc,A/USDT:USDT,0.5813,18963,0.5812,21397,0.5815,16280,0.5816,20165
1753600082525,07:08:02.525,mexc,A/USDT:USDT,0.5813,18963,0.5812,26580,0.5815,16280,0.5816,20165
1753600082707,07:08:02.707,mexc,A/USDT:USDT,0.5813,18963,0.5812,26580,0.5815,16280,0.5816,20165
1753600083110,07:08:03.110,mexc,A/USDT:USDT,0.5813,18963,0.5812,21397,0.5815,16280,0.5816,20165
1753600083208,07:08:03.208,mexc,A/USDT:USDT,0.5813,18963,0.5812,21397,0.5815,16280,0.5816,20165
1753600083524,07:08:03.524,mexc,A/USDT:USDT,0.5813,18963,0.5812,21397,0.5815,16280,0.5816,20165
1753600083708,07:08:03.708,mexc,A/USDT:USDT,0.5813,18963,0.5812,21397,0.5815,16280,0.5816,20165
1753600083931,07:08:03.931,mexc,A/USDT:USDT,0.5813,18963,0.5812,21397,0.5815,16280,0.5816,20165
1753600084112,07:08:04.112,mexc,A/USDT:USDT,0.5813,18963,0.5812,21397,0.5815,16280,0.5816,20165
1753600084210,07:08:04.210,mexc,A/USDT:USDT,0.5811,16673,0.581,24698,0.5812,25475,0.5813,28121
1753600084680,07:08:04.680,mexc,A/USDT:USDT,0.5811,16673,0.581,27952,0.5812,25475,0.5813,28121
1753600084709,07:08:04.709,mexc,A/USDT:USDT,0.5811,16673,0.581,27952,0.5812,25475,0.5813,29490
1753600085111,07:08:05.111,mexc,A/USDT:USDT,0.5811,16673,0.581,24698,0.5812,25475,0.5813,29490
1753600085210,07:08:05.210,mexc,A/USDT:USDT,0.5811,16673,0.581,24698,0.5812,25475,0.5813,25503
1753600085528,07:08:05.528,mexc,A/USDT:USDT,0.5811,16673,0.581,24698,0.5812,25475,0.5813,25503
1753600085710,07:08:05.710,mexc,A/USDT:USDT,0.5811,16673,0.581,32006,0.5812,25475,0.5813,25503
1753600085933,07:08:05.933,mexc,A/USDT:USDT,0.5811,16673,0.581,32006,0.5812,25475,0.5813,25503
1753600086113,07:08:06.113,mexc,A/USDT:USDT,0.5811,16673,0.581,24698,0.5812,25475,0.5813,25503
1753600086214,07:08:06.214,mexc,A/USDT:USDT,0.5811,16673,0.581,24698,0.5812,25475,0.5813,29064
1753600086613,07:08:06.613,mexc,A/USDT:USDT,0.5811,16673,0.581,24698,0.5812,25475,0.5813,25503
1753600086711,07:08:06.711,mexc,A/USDT:USDT,0.5811,16673,0.581,24698,0.5812,25475,0.5813,25503
1753600087026,07:08:07.026,mexc,A/USDT:USDT,0.5811,16673,0.581,24698,0.5812,25475,0.5813,25503
1753600087212,07:08:07.212,mexc,A/USDT:USDT,0.5811,16673,0.581,24698,0.5812,25475,0.5813,46134
1753600087431,07:08:07.431,mexc,A/USDT:USDT,0.5811,16673,0.581,24698,0.5812,25475,0.5813,46134
1753600087613,07:08:07.613,mexc,A/USDT:USDT,0.5811,16673,0.581,24698,0.5812,25475,0.5813,25503
1753600087711,07:08:07.711,mexc,A/USDT:USDT,0.5811,16673,0.581,24698,0.5812,25475,0.5813,40531
1753600088114,07:08:08.114,mexc,A/USDT:USDT,0.5811,16673,0.581,24698,0.5812,25475,0.5813,31199
1753600088212,07:08:08.212,mexc,A/USDT:USDT,0.5811,16673,0.581,24698,0.5812,25475,0.5813,35007
1753600088530,07:08:08.530,mexc,A/USDT:USDT,0.5807,16063,0.5806,27918,0.581,22552,0.5811,15037
1753600088712,07:08:08.712,mexc,A/USDT:USDT,0.5807,16063,0.5806,35243,0.581,22552,0.5811,19410
1753600088932,07:08:08.932,mexc,A/USDT:USDT,0.5807,16063,0.5806,30562,0.581,22552,0.5811,19410
1753600089114,07:08:09.114,mexc,A/USDT:USDT,0.5807,16063,0.5806,23237,0.581,22552,0.5811,15037
1753600089211,07:08:09.211,mexc,A/USDT:USDT,0.5807,16063,0.5806,23237,0.581,22552,0.5811,19409
1753600089615,07:08:09.615,mexc,A/USDT:USDT,0.5807,16063,0.5806,23237,0.581,22552,0.5811,15037
1753600089714,07:08:09.714,mexc,A/USDT:USDT,0.5807,16063,0.5806,23237,0.581,22552,0.5811,15037
1753600090029,07:08:10.029,mexc,A/USDT:USDT,0.5807,16063,0.5806,23237,0.581,22552,0.5811,15037
1753600090212,07:08:10.212,mexc,A/USDT:USDT,0.5807,16063,0.5806,30167,0.581,22552,0.5811,22064
1753600090433,07:08:10.433,mexc,A/USDT:USDT,0.5807,16063,0.5806,30167,0.581,22552,0.5811,22064
1753600090616,07:08:10.616,mexc,A/USDT:USDT,0.5807,16063,0.5806,29835,0.581,22552,0.5811,15037
1753600090713,07:08:10.713,mexc,A/USDT:USDT,0.5807,16063,0.5806,29835,0.581,22552,0.5811,19655
1753600091116,07:08:11.116,mexc,A/USDT:USDT,0.5807,16063,0.5806,31887,0.581,22552,0.5811,19655
1753600091213,07:08:11.213,mexc,A/USDT:USDT,0.5807,16063,0.5806,31887,0.581,22552,0.5811,15037
1753600091530,07:08:11.530,mexc,A/USDT:USDT,0.5807,16063,0.5806,27343,0.581,22552,0.5811,15037
1753600091718,07:08:11.718,mexc,A/USDT:USDT,0.5805,14869,0.5804,17534,0.5806,24721,0.5807,17595
1753600092030,07:08:12.030,mexc,A/USDT:USDT,0.5805,14869,0.5804,17534,0.5806,24721,0.5807,17595
1753600092214,07:08:12.214,mexc,A/USDT:USDT,0.5805,14869,0.5804,17534,0.5806,24721,0.5807,17595
1753600092486,07:08:12.486,mexc,A/USDT:USDT,0.5805,14869,0.5804,17534,0.5806,24721,0.5807,17595
1753600092616,07:08:12.616,mexc,A/USDT:USDT,0.5805,14869,0.5804,24994,0.5806,24721,0.5807,17595
1753600092715,07:08:12.715,mexc,A/USDT:USDT,0.5805,14869,0.5804,24994,0.5806,24721,0.5807,24173
1753600093117,07:08:13.117,mexc,A/USDT:USDT,0.5805,14869,0.5804,20983,0.5806,24721,0.5807,17595
1753600093213,07:08:13.213,mexc,A/USDT:USDT,0.5805,14869,0.5804,20983,0.5806,24721,0.5807,24562
1753600093530,07:08:13.530,mexc,A/USDT:USDT,0.5805,14869,0.5804,17534,0.5806,24721,0.5807,24562
1753600093713,07:08:13.713,mexc,A/USDT:USDT,0.5805,14869,0.5804,17534,0.5806,24721,0.5807,17595
1753600093936,07:08:13.936,mexc,A/USDT:USDT,0.5805,14869,0.5804,17534,0.5806,24721,0.5807,17595
1753600094118,07:08:14.118,mexc,A/USDT:USDT,0.5805,14869,0.5804,22704,0.5806,24721,0.5807,17595
1753600094215,07:08:14.215,mexc,A/USDT:USDT,0.5805,14869,0.5804,22704,0.5806,24721,0.5807,17595
1753600094618,07:08:14.618,mexc,A/USDT:USDT,0.5805,14869,0.5804,17534,0.5806,24721,0.5807,17595
1753600094716,07:08:14.716,mexc,A/USDT:USDT,0.5805,14869,0.5804,17534,0.5806,24721,0.5807,17595
1753600095081,07:08:15.081,mexc,A/USDT:USDT,0.5805,14869,0.5804,17534,0.5806,24721,0.5807,17595
1753600095214,07:08:15.214,mexc,A/USDT:USDT,0.58,20328,0.5799,17942,0.5803,22966,0.5804,14799
1753600095582,07:08:15.582,mexc,A/USDT:USDT,0.58,20328,0.5799,17942,0.5803,22966,0.5804,14799
1753600095716,07:08:15.716,mexc,A/USDT:USDT,0.58,20328,0.5799,17942,0.5803,22966,0.5804,14799
1753600095984,07:08:15.984,mexc,A/USDT:USDT,0.58,20328,0.5799,17942,0.5803,22966,0.5804,14799
1753600096119,07:08:16.119,mexc,A/USDT:USDT,0.58,20328,0.5799,26460,0.5803,22966,0.5804,14799
1753600096217,07:08:16.217,mexc,A/USDT:USDT,0.58,20328,0.5799,26460,0.5803,22966,0.5804,14799
1753600096620,07:08:16.620,mexc,A/USDT:USDT,0.58,20328,0.5799,17942,0.5803,22966,0.5804,14799
1753600096717,07:08:16.717,mexc,A/USDT:USDT,0.58,20328,0.5799,17942,0.5803,22966,0.5804,14799
1753600097086,07:08:17.086,mexc,A/USDT:USDT,0.58,20328,0.5799,17942,0.5803,22966,0.5804,14799
1753600097217,07:08:17.217,mexc,A/USDT:USDT,0.58,20328,0.5799,17942,0.5803,22966,0.5804,20815
1753600097488,07:08:17.488,mexc,A/USDT:USDT,0.58,20328,0.5799,17942,0.5803,22966,0.5804,20815
1753600097622,07:08:17.622,mexc,A/USDT:USDT,0.58,20328,0.5799,25732,0.5803,22966,0.5804,14799
1753600097719,07:08:17.719,mexc,A/USDT:USDT,0.58,20328,0.5799,25732,0.5803,22966,0.5804,21695
1753600098121,07:08:18.121,mexc,A/USDT:USDT,0.58,20328,0.5799,17942,0.5803,22966,0.5804,14799
1753600098218,07:08:18.218,mexc,A/USDT:USDT,0.58,20328,0.5799,17942,0.5803,22966,0.5804,19918
1753600098587,07:08:18.587,mexc,A/USDT:USDT,0.58,20328,0.5799,17942,0.5803,22966,0.5804,19918
1753600098719,07:08:18.719,mexc,A/USDT:USDT,0.58,20328,0.5799,17942,0.5803,22966,0.5804,14799
1753600098989,07:08:18.989,mexc,A/USDT:USDT,0.58,20328,0.5799,17942,0.5803,22966,0.5804,14799
1753600099120,07:08:19.120,mexc,A/USDT:USDT,0.58,20328,0.5799,17942,0.5803,22966,0.5804,14799
1753600099222,07:08:19.222,mexc,A/USDT:USDT,0.58,20328,0.5799,17942,0.5803,22966,0.5804,14799
1753600099629,07:08:19.629,mexc,A/USDT:USDT,0.58,20328,0.5799,25996,0.5803,22966,0.5804,14799
1753600099719,07:08:19.719,mexc,A/USDT:USDT,0.58,20328,0.5799,25996,0.5803,22966,0.5804,16450
1753600100093,07:08:20.093,mexc,A/USDT:USDT,0.58,20328,0.5799,17942,0.5803,22966,0.5804,16450
1753600100219,07:08:20.219,mexc,A/USDT:USDT,0.58,20328,0.5799,17942,0.5803,22966,0.5804,14799
1753600100587,07:08:20.587,mexc,A/USDT:USDT,0.58,20328,0.5799,24554,0.5803,22966,0.5804,14799
1753600100719,07:08:20.719,mexc,A/USDT:USDT,0.58,20328,0.5799,24554,0.5803,22966,0.5804,19759
1753600100992,07:08:20.992,mexc,A/USDT:USDT,0.58,20328,0.5799,17942,0.5803,22966,0.5804,19759
1753600101117,07:08:21.117,mexc,A/USDT:USDT,0.5797,21887,0.5796,25405,0.58,26849,0.5801,22488
1753600101219,07:08:21.219,mexc,A/USDT:USDT,0.5797,21887,0.5796,25405,0.58,26849,0.5801,31914
1753600101623,07:08:21.623,mexc,A/USDT:USDT,0.5797,21887,0.5796,25405,0.58,26849,0.5801,22488
1753600101720,07:08:21.720,mexc,A/USDT:USDT,0.5797,21887,0.5796,25405,0.58,26849,0.5801,22488
1753600102090,07:08:22.090,mexc,A/USDT:USDT,0.5797,21887,0.5796,25405,0.58,26849,0.5801,22488
1753600102220,07:08:22.220,mexc,A/USDT:USDT,0.5797,21887,0.5796,25405,0.58,26849,0.5801,24855
1753600102491,07:08:22.491,mexc,A/USDT:USDT,0.5797,21887,0.5796,25405,0.58,26849,0.5801,24855
1753600102624,07:08:22.624,mexc,A/USDT:USDT,0.5797,21887,0.5796,30532,0.58,26849,0.5801,22488
1753600102720,07:08:22.720,mexc,A/USDT:USDT,0.5797,21887,0.5796,30532,0.58,26849,0.5801,30412
1753600103124,07:08:23.124,mexc,A/USDT:USDT,0.5797,21887,0.5796,35778,0.58,26849,0.5801,30412
1753600103219,07:08:23.219,mexc,A/USDT:USDT,0.5797,21887,0.5796,35778,0.58,26849,0.5801,22488
1753600103589,07:08:23.589,mexc,A/USDT:USDT,0.5797,21887,0.5796,25405,0.58,26849,0.5801,22488
1753600103721,07:08:23.721,mexc,A/USDT:USDT,0.5797,21887,0.5796,33358,0.58,26849,0.5801,25666
1753600103991,07:08:23.991,mexc,A/USDT:USDT,0.5797,21887,0.5796,33358,0.58,26849,0.5801,25666
1753600104154,07:08:24.154,mexc,A/USDT:USDT,0.5797,21887,0.5796,25405,0.58,26849,0.5801,22488
1753600104220,07:08:24.220,mexc,A/USDT:USDT,0.5797,21887,0.5796,25405,0.58,26849,0.5801,33190
1753600104624,07:08:24.624,mexc,A/USDT:USDT,0.5797,21887,0.5796,33311,0.58,26849,0.5801,33190
1753600104721,07:08:24.721,mexc,A/USDT:USDT,0.5797,21887,0.5796,33311,0.58,26849,0.5801,22488
1753600105089,07:08:25.089,mexc,A/USDT:USDT,0.5797,21887,0.5796,25405,0.58,26849,0.5801,22488
1753600105219,07:08:25.219,mexc,A/USDT:USDT,0.5797,21887,0.5796,27808,0.58,26849,0.5801,22488
1753600105493,07:08:25.493,mexc,A/USDT:USDT,0.5797,21887,0.5796,27808,0.58,26849,0.5801,22488
1753600105624,07:08:25.624,mexc,A/USDT:USDT,0.5797,21887,0.5796,25405,0.58,26849,0.5801,22488
1753600105721,07:08:25.721,mexc,A/USDT:USDT,0.5797,21887,0.5796,25405,0.58,26849,0.5801,22488
1753600106124,07:08:26.124,mexc,A/USDT:USDT,0.5797,21887,0.5796,32090,0.58,26849,0.5801,22488
1753600106222,07:08:26.222,mexc,A/USDT:USDT,0.5797,26477,0.5796,18124,0.5799,14559,0.58,25753
1753600106591,07:08:26.591,mexc,A/USDT:USDT,0.5797,26477,0.5796,18124,0.5799,14559,0.58,25753
1753600106722,07:08:26.722,mexc,A/USDT:USDT,0.5797,26477,0.5796,18124,0.5799,14559,0.58,17414
1753600106995,07:08:26.995,mexc,A/USDT:USDT,0.5797,26477,0.5796,18124,0.5799,14559,0.58,17414
1753600107124,07:08:27.124,mexc,A/USDT:USDT,0.5797,26477,0.5796,29771,0.5799,14559,0.58,17414
1753600107221,07:08:27.221,mexc,A/USDT:USDT,0.5797,26477,0.5796,29771,0.5799,14559,0.58,17414
1753600107625,07:08:27.625,mexc,A/USDT:USDT,0.5797,26477,0.5796,18124,0.5799,14559,0.58,17414
1753600107721,07:08:27.721,mexc,A/USDT:USDT,0.5797,26477,0.5796,18124,0.5799,14559,0.58,17414
1753600108092,07:08:28.092,mexc,A/USDT:USDT,0.5797,26477,0.5796,26247,0.5799,14559,0.58,17414
1753600108222,07:08:28.222,mexc,A/USDT:USDT,0.5797,26477,0.5796,26247,0.5799,14559,0.58,19881
1753600108498,07:08:28.498,mexc,A/USDT:USDT,0.5797,26477,0.5796,18124,0.5799,14559,0.58,19881
1753600108678,07:08:28.678,mexc,A/USDT:USDT,0.5797,26477,0.5796,18124,0.5799,14559,0.58,17414
1753600108722,07:08:28.722,mexc,A/USDT:USDT,0.5797,26477,0.5796,18124,0.5799,14559,0.58,24930
1753600109125,07:08:29.125,mexc,A/USDT:USDT,0.5797,26477,0.5796,18124,0.5799,14559,0.58,17414
1753600109224,07:08:29.224,mexc,A/USDT:USDT,0.5797,26477,0.5796,18124,0.5799,14559,0.58,17414
1753600109594,07:08:29.594,mexc,A/USDT:USDT,0.5797,26477,0.5796,23385,0.5799,14559,0.58,17414
1753600109723,07:08:29.723,mexc,A/USDT:USDT,0.5797,26477,0.5796,23385,0.5799,14559,0.58,17414
1753600109997,07:08:29.997,mexc,A/USDT:USDT,0.5797,26477,0.5796,18124,0.5799,14559,0.58,17414
1753600110161,07:08:30.161,mexc,A/USDT:USDT,0.5797,26477,0.5796,18124,0.5799,14559,0.58,17414
1753600110224,07:08:30.224,mexc,A/USDT:USDT,0.5797,26477,0.5796,18124,0.5799,14559,0.58,21889
1753600110629,07:08:30.629,mexc,A/USDT:USDT,0.5797,26477,0.5796,18124,0.5799,14559,0.58,21889
1753600110723,07:08:30.723,mexc,A/USDT:USDT,0.5797,26477,0.5796,18124,0.5799,14559,0.58,26102
1753600111095,07:08:31.095,mexc,A/USDT:USDT,0.5797,26477,0.5796,22996,0.5799,14559,0.58,26102
1753600111222,07:08:31.222,mexc,A/USDT:USDT,0.5797,26477,0.5796,22996,0.5799,14559,0.58,20616
1753600111498,07:08:31.498,mexc,A/USDT:USDT,0.5797,26477,0.5796,18124,0.5799,14559,0.58,20616
1753600111625,07:08:31.625,mexc,A/USDT:USDT,0.5797,26477,0.5796,18124,0.5799,14559,0.58,17414
1753600111723,07:08:31.723,mexc,A/USDT:USDT,0.5797,26477,0.5796,18124,0.5799,14559,0.58,17414
1753600112127,07:08:32.127,mexc,A/USDT:USDT,0.5797,26477,0.5796,24104,0.5799,14559,0.58,17414
1753600112224,07:08:32.224,mexc,A/USDT:USDT,0.5797,23383,0.5796,19753,0.5798,25023,0.5799,23961
1753600112597,07:08:32.597,mexc,A/USDT:USDT,0.5797,23383,0.5796,19753,0.5798,25023,0.5799,23961
1753600112724,07:08:32.724,mexc,A/USDT:USDT,0.5797,23383,0.5796,19753,0.5798,25023,0.5799,27730
1753600112999,07:08:32.999,mexc,A/USDT:USDT,0.5797,23383,0.5796,19753,0.5798,25023,0.5799,27730
1753600113128,07:08:33.128,mexc,A/USDT:USDT,0.5797,23383,0.5796,22525,0.5798,25023,0.5799,23961
1753600113223,07:08:33.223,mexc,A/USDT:USDT,0.5797,23383,0.5796,22525,0.5798,25023,0.5799,23961
1753600113627,07:08:33.627,mexc,A/USDT:USDT,0.5797,23383,0.5796,19753,0.5798,25023,0.5799,23961
1753600113725,07:08:33.725,mexc,A/USDT:USDT,0.5797,23383,0.5796,19753,0.5798,25023,0.5799,33800
1753600114096,07:08:34.096,mexc,A/USDT:USDT,0.5797,23383,0.5796,19753,0.5798,25023,0.5799,33800
1753600114226,07:08:34.226,mexc,A/USDT:USDT,0.5797,23383,0.5796,19753,0.5798,25023,0.5799,23961
1753600114498,07:08:34.498,mexc,A/USDT:USDT,0.5797,23383,0.5796,19753,0.5798,25023,0.5799,23961
1753600114629,07:08:34.629,mexc,A/USDT:USDT,0.5797,23383,0.5796,19753,0.5798,25023,0.5799,23961
1753600114727,07:08:34.727,mexc,A/USDT:USDT,0.5797,23383,0.5796,19753,0.5798,25023,0.5799,35817
1753600115132,07:08:35.132,mexc,A/USDT:USDT,0.5797,23383,0.5796,25439,0.5798,25023,0.5799,35817
1753600115280,07:08:35.280,mexc,A/USDT:USDT,0.5797,23383,0.5796,25439,0.5798,25023,0.5799,23961
1753600115600,07:08:35.600,mexc,A/USDT:USDT,0.5797,23383,0.5796,27161,0.5798,25023,0.5799,23961
1753600115779,07:08:35.779,mexc,A/USDT:USDT,0.5797,23383,0.5796,27161,0.5798,25023,0.5799,32731
1753600116002,07:08:36.002,mexc,A/USDT:USDT,0.5797,23383,0.5796,19753,0.5798,25023,0.5799,32731
1753600116185,07:08:36.185,mexc,A/USDT:USDT,0.5797,23383,0.5796,19753,0.5798,25023,0.5799,23961
1753600116280,07:08:36.280,mexc,A/USDT:USDT,0.5797,23383,0.5796,19753,0.5798,25023,0.5799,23961
1753600116684,07:08:36.684,mexc,A/USDT:USDT,0.5797,23383,0.5796,19753,0.5798,25023,0.5799,23961
1753600116779,07:08:36.779,mexc,A/USDT:USDT,0.5797,23383,0.5796,19753,0.5798,25023,0.5799,23961
1753600117098,07:08:37.098,mexc,A/USDT:USDT,0.5797,23383,0.5796,19753,0.5798,25023,0.5799,23961
1753600117284,07:08:37.284,mexc,A/USDT:USDT,0.5797,20946,0.5796,21953,0.5798,24245,0.5799,25205
1753600117598,07:08:37.598,mexc,A/USDT:USDT,0.5797,20946,0.5796,21953,0.5798,24245,0.5799,25205
1753600117782,07:08:37.782,mexc,A/USDT:USDT,0.5797,20946,0.5796,21953,0.5798,24245,0.5799,25205
1753600118002,07:08:38.002,mexc,A/USDT:USDT,0.5797,20946,0.5796,21953,0.5798,24245,0.5799,25205
1753600118185,07:08:38.185,mexc,A/USDT:USDT,0.5797,20946,0.5796,21953,0.5798,24245,0.5799,25205
1753600118280,07:08:38.280,mexc,A/USDT:USDT,0.5797,20946,0.5796,21953,0.5798,24245,0.5799,30921
1753600118685,07:08:38.685,mexc,A/USDT:USDT,0.5797,20946,0.5796,21953,0.5798,24245,0.5799,25205
1753600118863,07:08:38.863,mexc,A/USDT:USDT,0.5793,26086,0.5792,25391,0.5795,22323,0.5796,25699
1753600119099,07:08:39.099,mexc,A/USDT:USDT,0.5793,26086,0.5792,29678,0.5795,22323,0.5796,25699
1753600119284,07:08:39.284,mexc,A/USDT:USDT,0.5793,26086,0.5792,36855,0.5795,22323,0.5796,25699
1753600119601,07:08:39.601,mexc,A/USDT:USDT,0.5793,26086,0.5792,33144,0.5795,22323,0.5796,25699
1753600119782,07:08:39.782,mexc,A/USDT:USDT,0.5793,26086,0.5792,33144,0.5795,22323,0.5796,31174
1753600120002,07:08:40.002,mexc,A/USDT:USDT,0.5793,26086,0.5792,25391,0.5795,22323,0.5796,31174
1753600120100,07:08:40.100,mexc,A/USDT:USDT,0.579,15587,0.5789,29423,0.5793,18983,0.5794,19944
1753600120283,07:08:40.283,mexc,A/USDT:USDT,0.579,15587,0.5789,29423,0.5793,18983,0.5794,26106
1753600120686,07:08:40.686,mexc,A/USDT:USDT,0.579,15587,0.5789,14899,0.5793,18983,0.5794,19944
1753600120782,07:08:40.782,mexc,A/USDT:USDT,0.579,15587,0.5789,14899,0.5793,18983,0.5794,19944
1753600121102,07:08:41.102,mexc,A/USDT:USDT,0.579,15587,0.5789,14899,0.5793,18983,0.5794,19944
1753600121284,07:08:41.284,mexc,A/USDT:USDT,0.579,15587,0.5789,14899,0.5793,18983,0.5794,24684
1753600121599,07:08:41.599,mexc,A/USDT:USDT,0.579,15587,0.5789,14899,0.5793,18983,0.5794,24684
1753600121782,07:08:41.782,mexc,A/USDT:USDT,0.579,15587,0.5789,14899,0.5793,18983,0.5794,19944
1753600122100,07:08:42.100,mexc,A/USDT:USDT,0.579,15587,0.5789,14899,0.5793,18983,0.5794,19944
1753600122283,07:08:42.283,mexc,A/USDT:USDT,0.579,15587,0.5789,14899,0.5793,18983,0.5794,19944
1753600122599,07:08:42.599,mexc,A/USDT:USDT,0.579,15587,0.5789,14899,0.5793,18983,0.5794,19944
1753600122782,07:08:42.782,mexc,A/USDT:USDT,0.579,15587,0.5789,21142,0.5793,18983,0.5794,19944
1753600123003,07:08:43.003,mexc,A/USDT:USDT,0.579,15587,0.5789,21142,0.5793,18983,0.5794,19944
1753600123186,07:08:43.186,mexc,A/USDT:USDT,0.579,15587,0.5789,19697,0.5793,18983,0.5794,19944
1753600123284,07:08:43.284,mexc,A/USDT:USDT,0.579,15587,0.5789,19697,0.5793,18983,0.5794,24729
1753600123686,07:08:43.686,mexc,A/USDT:USDT,0.579,15587,0.5789,14899,0.5793,18983,0.5794,19944
1753600123784,07:08:43.784,mexc,A/USDT:USDT,0.579,15587,0.5789,14899,0.5793,18983,0.5794,27405
1753600124100,07:08:44.100,mexc,A/USDT:USDT,0.579,15587,0.5789,14899,0.5793,18983,0.5794,27405
1753600124284,07:08:44.284,mexc,A/USDT:USDT,0.579,15587,0.5789,14899,0.5793,18983,0.5794,19944
1753600124503,07:08:44.503,mexc,A/USDT:USDT,0.579,15587,0.5789,14899,0.5793,18983,0.5794,19944
1753600124686,07:08:44.686,mexc,A/USDT:USDT,0.579,15587,0.5789,14899,0.5793,18983,0.5794,19944
1753600124784,07:08:44.784,mexc,A/USDT:USDT,0.579,15587,0.5789,14899,0.5793,18983,0.5794,19944
1753600125185,07:08:45.185,mexc,A/USDT:USDT,0.579,15587,0.5789,23983,0.5791,23140,0.5792,15805
1753600125284,07:08:45.284,mexc,A/USDT:USDT,0.579,21644,0.5789,25455,0.5791,23140,0.5792,22195
1753600125600,07:08:45.600,mexc,A/USDT:USDT,0.579,21644,0.5789,25455,0.5791,23140,0.5792,22195
1753600125785,07:08:45.785,mexc,A/USDT:USDT,0.579,21644,0.5789,25455,0.5791,23140,0.5792,22329
1753600126004,07:08:46.004,mexc,A/USDT:USDT,0.579,21644,0.5789,25455,0.5791,23140,0.5792,22329
1753600126188,07:08:46.188,mexc,A/USDT:USDT,0.579,21644,0.5789,43172,0.5791,23140,0.5792,15805
1753600126478,07:08:46.478,mexc,A/USDT:USDT,0.579,21644,0.5789,43172,0.5791,23140,0.5792,22752
1753600126601,07:08:46.601,mexc,A/USDT:USDT,0.579,21644,0.5789,28241,0.5791,23140,0.5792,22752
1753600126784,07:08:46.784,mexc,A/USDT:USDT,0.579,21644,0.5789,28241,0.5791,23140,0.5792,21260
1753600127103,07:08:47.103,mexc,A/USDT:USDT,0.579,21644,0.5789,25455,0.5791,23140,0.5792,21260
1753600127287,07:08:47.287,mexc,A/USDT:USDT,0.579,21644,0.5789,25455,0.5791,23140,0.5792,15805
1753600127600,07:08:47.600,mexc,A/USDT:USDT,0.579,21644,0.5789,25455,0.5791,23140,0.5792,15805
1753600127786,07:08:47.786,mexc,A/USDT:USDT,0.579,21644,0.5789,25455,0.5791,23140,0.5792,15805
1753600128004,07:08:48.004,mexc,A/USDT:USDT,0.579,21644,0.5789,25455,0.5791,23140,0.5792,15805
1753600128190,07:08:48.190,mexc,A/USDT:USDT,0.579,21644,0.5789,25455,0.5791,23140,0.5792,15805
1753600128286,07:08:48.286,mexc,A/USDT:USDT,0.579,21644,0.5789,25455,0.5791,23140,0.5792,21836
1753600128601,07:08:48.601,mexc,A/USDT:USDT,0.579,21644,0.5789,30224,0.5791,23140,0.5792,21836
1753600128787,07:08:48.787,mexc,A/USDT:USDT,0.579,21644,0.5789,30224,0.5791,23140,0.5792,15805
1753600129194,07:08:49.194,mexc,A/USDT:USDT,0.579,21644,0.5789,25455,0.5791,23140,0.5792,15805
1753600129286,07:08:49.286,mexc,A/USDT:USDT,0.579,21644,0.5789,25455,0.5791,23140,0.5792,22769
1753600129601,07:08:49.601,mexc,A/USDT:USDT,0.579,21644,0.5789,25455,0.5791,23140,0.5792,22769
1753600129788,07:08:49.788,mexc,A/USDT:USDT,0.579,21644,0.5789,37562,0.5791,23140,0.5792,19827
1753600130004,07:08:50.004,mexc,A/USDT:USDT,0.579,21644,0.5789,37562,0.5791,23140,0.5792,19827
1753600130191,07:08:50.191,mexc,A/USDT:USDT,0.579,21644,0.5789,25455,0.5791,23140,0.5792,15805
1753600130289,07:08:50.289,mexc,A/USDT:USDT,0.579,21644,0.5789,25455,0.5791,23140,0.5792,22320
1753600130692,07:08:50.692,mexc,A/USDT:USDT,0.579,21644,0.5789,25455,0.5791,23140,0.5792,15805
1753600130787,07:08:50.787,mexc,A/USDT:USDT,0.579,21644,0.5789,25455,0.5791,23140,0.5792,15805
1753600131104,07:08:51.104,mexc,A/USDT:USDT,0.579,21644,0.5789,29231,0.5791,23140,0.5792,15805
1753600131289,07:08:51.289,mexc,A/USDT:USDT,0.579,19729,0.5789,20426,0.5791,14645,0.5792,15590
1753600131603,07:08:51.603,mexc,A/USDT:USDT,0.579,19729,0.5789,20426,0.5791,14645,0.5792,15590
1753600131788,07:08:51.788,mexc,A/USDT:USDT,0.579,19729,0.5789,20426,0.5791,14645,0.5792,15590
1753600132006,07:08:52.006,mexc,A/USDT:USDT,0.579,19729,0.5789,20426,0.5791,14645,0.5792,15590
1753600132192,07:08:52.192,mexc,A/USDT:USDT,0.579,19729,0.5789,20426,0.5791,14645,0.5792,15590
1753600132489,07:08:52.489,mexc,A/USDT:USDT,0.579,19729,0.5789,20426,0.5791,14645,0.5792,20408
1753600132689,07:08:52.689,mexc,A/USDT:USDT,0.5793,19902,0.5792,26269,0.5795,14695,0.5796,25266
1753600132789,07:08:52.789,mexc,A/USDT:USDT,0.5793,19902,0.5792,26269,0.5795,14695,0.5796,25266
1753600133194,07:08:53.194,mexc,A/USDT:USDT,0.5793,19902,0.5792,48335,0.5795,14695,0.5796,25266
1753600133293,07:08:53.293,mexc,A/USDT:USDT,0.5793,19902,0.5792,48335,0.5795,14695,0.5796,29928
1753600133602,07:08:53.602,mexc,A/USDT:USDT,0.5793,19902,0.5792,26269,0.5795,14695,0.5796,29928
1753600133790,07:08:53.790,mexc,A/USDT:USDT,0.5793,19902,0.5792,34870,0.5795,14695,0.5796,25266
1753600134006,07:08:54.006,mexc,A/USDT:USDT,0.5793,19902,0.5792,34870,0.5795,14695,0.5796,25266
1753600134194,07:08:54.194,mexc,A/USDT:USDT,0.5793,19902,0.5792,35458,0.5795,14695,0.5796,25266
1753600134292,07:08:54.292,mexc,A/USDT:USDT,0.5793,19902,0.5792,35458,0.5795,14695,0.5796,30013
1753600134698,07:08:54.698,mexc,A/USDT:USDT,0.5793,19902,0.5792,36078,0.5795,14695,0.5796,30013
1753600134792,07:08:54.792,mexc,A/USDT:USDT,0.5793,19902,0.5792,36078,0.5795,14695,0.5796,25266
1753600135106,07:08:55.106,mexc,A/USDT:USDT,0.5793,19902,0.5792,35826,0.5795,14695,0.5796,25266
1753600135294,07:08:55.294,mexc,A/USDT:USDT,0.5793,19902,0.5792,48195,0.5795,14695,0.5796,25266
1753600135507,07:08:55.507,mexc,A/USDT:USDT,0.5793,19902,0.5792,38638,0.5795,14695,0.5796,25266
1753600135697,07:08:55.697,mexc,A/USDT:USDT,0.5793,19902,0.5792,37133,0.5795,14695,0.5796,25266
1753600135792,07:08:55.792,mexc,A/USDT:USDT,0.5793,19902,0.5792,37133,0.5795,14695,0.5796,25266
1753600136197,07:08:56.197,mexc,A/USDT:USDT,0.5793,19902,0.5792,26269,0.5795,14695,0.5796,25266
1753600136291,07:08:56.291,mexc,A/USDT:USDT,0.5793,19902,0.5792,26269,0.5795,14695,0.5796,25266
1753600136603,07:08:56.603,mexc,A/USDT:USDT,0.5793,19902,0.5792,31999,0.5795,14695,0.5796,25266
1753600136792,07:08:56.792,mexc,A/USDT:USDT,0.5793,19902,0.5792,31999,0.5795,14695,0.5796,35993
1753600137007,07:08:57.007,mexc,A/USDT:USDT,0.5793,19902,0.5792,26269,0.5795,14695,0.5796,35993
1753600137198,07:08:57.198,mexc,A/USDT:USDT,0.5793,19902,0.5792,26269,0.5795,14695,0.5796,25266
1753600137294,07:08:57.294,mexc,A/USDT:USDT,0.5793,19902,0.5792,26269,0.5795,14695,0.5796,25266
1753600137696,07:08:57.696,mexc,A/USDT:USDT,0.5793,19902,0.5792,35504,0.5795,14695,0.5796,25266
1753600137793,07:08:57.793,mexc,A/USDT:USDT,0.5793,19902,0.5792,35504,0.5795,14695,0.5796,25266
1753600138104,07:08:58.104,mexc,A/USDT:USDT,0.5793,19902,0.5792,36189,0.5795,14695,0.5796,25266
1753600138294,07:08:58.294,mexc,A/USDT:USDT,0.5794,18854,0.5793,16381,0.5795,25568,0.5796,21472
1753600138604,07:08:58.604,mexc,A/USDT:USDT,0.5794,18854,0.5793,16381,0.5795,25568,0.5796,21472
1753600138795,07:08:58.795,mexc,A/USDT:USDT,0.5794,18854,0.5793,16381,0.5795,25568,0.5796,26043
1753600139007,07:08:59.007,mexc,A/USDT:USDT,0.5794,18854,0.5793,16381,0.5795,25568,0.5796,26043
1753600139198,07:08:59.198,mexc,A/USDT:USDT,0.5794,18854,0.5793,16381,0.5795,25568,0.5796,21472
1753600139297,07:08:59.297,mexc,A/USDT:USDT,0.5794,18854,0.5793,16381,0.5795,25568,0.5796,21472
1753600139698,07:08:59.698,mexc,A/USDT:USDT,0.5794,18854,0.5793,16381,0.5795,25568,0.5796,21472
1753600139794,07:08:59.794,mexc,A/USDT:USDT,0.5794,18854,0.5793,16381,0.5795,25568,0.5796,26042
1753600140105,07:09:00.105,mexc,A/USDT:USDT,0.5794,18854,0.5793,16381,0.5795,25568,0.5796,26042
1753600140294,07:09:00.294,mexc,A/USDT:USDT,0.5794,18854,0.5793,16381,0.5795,25568,0.5796,26035
1753600140508,07:09:00.508,mexc,A/USDT:USDT,0.5794,18854,0.5793,16381,0.5795,25568,0.5796,26035
1753600140709,07:09:00.709,mexc,A/USDT:USDT,0.5794,18854,0.5793,16381,0.5795,25568,0.5796,21472
1753600140796,07:09:00.796,mexc,A/USDT:USDT,0.5794,18854,0.5793,16381,0.5795,25568,0.5796,21472
1753600141199,07:09:01.199,mexc,A/USDT:USDT,0.5794,18854,0.5793,22072,0.5795,25568,0.5796,21472
1753600141296,07:09:01.296,mexc,A/USDT:USDT,0.5794,18854,0.5793,22072,0.5795,25568,0.5796,33605
1753600141604,07:09:01.604,mexc,A/USDT:USDT,0.5794,18854,0.5793,16381,0.5795,25568,0.5796,33605
1753600141795,07:09:01.795,mexc,A/USDT:USDT,0.5794,18854,0.5793,16381,0.5795,25568,0.5796,21472
1753600142008,07:09:02.008,mexc,A/USDT:USDT,0.5794,18854,0.5793,16381,0.5795,25568,0.5796,21472
1753600142108,07:09:02.108,mexc,A/USDT:USDT,0.5794,18854,0.5793,16381,0.5795,25568,0.5796,21472
1753600142312,07:09:02.312,mexc,A/USDT:USDT,0.5794,18854,0.5793,16381,0.5795,25568,0.5796,21472
1753600142605,07:09:02.605,mexc,A/USDT:USDT,0.5794,18854,0.5793,21854,0.5795,25568,0.5796,21472
1753600142795,07:09:02.795,mexc,A/USDT:USDT,0.5794,18854,0.5793,21854,0.5795,25568,0.5796,24957
1753600143198,07:09:03.198,mexc,A/USDT:USDT,0.5794,18854,0.5793,16381,0.5795,25568,0.5796,24957
1753600143296,07:09:03.296,mexc,A/USDT:USDT,0.5794,18854,0.5793,16381,0.5795,25568,0.5796,29200
1753600143606,07:09:03.606,mexc,A/USDT:USDT,0.5794,18854,0.5793,16381,0.5795,25568,0.5796,29200
1753600143795,07:09:03.795,mexc,A/USDT:USDT,0.5794,18854,0.5793,16381,0.5795,25568,0.5796,21472
1753600144008,07:09:04.008,mexc,A/USDT:USDT,0.5794,18854,0.5793,16381,0.5795,25568,0.5796,21472
1753600144205,07:09:04.205,mexc,A/USDT:USDT,0.5794,21705,0.5793,15252,0.5795,18760,0.5796,26597
1753600144487,07:09:04.487,mexc,A/USDT:USDT,0.5794,21705,0.5793,15252,0.5795,18760,0.5796,26597
1753600144607,07:09:04.607,mexc,A/USDT:USDT,0.5794,21705,0.5793,21133,0.5795,18760,0.5796,26597
1753600144798,07:09:04.798,mexc,A/USDT:USDT,0.5794,21705,0.5793,21133,0.5795,18760,0.5796,26597
1753600145105,07:09:05.105,mexc,A/USDT:USDT,0.5794,21705,0.5793,15252,0.5795,18760,0.5796,26597
1753600145297,07:09:05.297,mexc,A/USDT:USDT,0.5794,21705,0.5793,15252,0.5795,18760,0.5796,26597
1753600145510,07:09:05.510,mexc,A/USDT:USDT,0.5794,21705,0.5793,15252,0.5795,18760,0.5796,26597
1753600145702,07:09:05.702,mexc,A/USDT:USDT,0.5794,21705,0.5793,15252,0.5795,18760,0.5796,26597
1753600145798,07:09:05.798,mexc,A/USDT:USDT,0.5794,21705,0.5793,15252,0.5795,18760,0.5796,38391
1753600146203,07:09:06.203,mexc,A/USDT:USDT,0.5794,21705,0.5793,15252,0.5795,18760,0.5796,38391
1753600146300,07:09:06.300,mexc,A/USDT:USDT,0.5794,21705,0.5793,15252,0.5795,18760,0.5796,33448
1753600146607,07:09:06.607,mexc,A/USDT:USDT,0.5794,21705,0.5793,15252,0.5795,18760,0.5796,33448
1753600146799,07:09:06.799,mexc,A/USDT:USDT,0.5794,21705,0.5793,15252,0.5795,18760,0.5796,26597
1753600147107,07:09:07.107,mexc,A/USDT:USDT,0.5794,21705,0.5793,21618,0.5795,18760,0.5796,26597
1753600147300,07:09:07.300,mexc,A/USDT:USDT,0.5794,21705,0.5793,21618,0.5795,18760,0.5796,26597
1753600147509,07:09:07.509,mexc,A/USDT:USDT,0.5794,21705,0.5793,15252,0.5795,18760,0.5796,26597
1753600147703,07:09:07.703,mexc,A/USDT:USDT,0.5794,21705,0.5793,15252,0.5795,18760,0.5796,26597
1753600147800,07:09:07.800,mexc,A/USDT:USDT,0.5794,21705,0.5793,15252,0.5795,18760,0.5796,26597
1753600148204,07:09:08.204,mexc,A/USDT:USDT,0.5794,21705,0.5793,15252,0.5795,18760,0.5796,26597
1753600148301,07:09:08.301,mexc,A/USDT:USDT,0.5794,21705,0.5793,15252,0.5795,18760,0.5796,26597
1753600148608,07:09:08.608,mexc,A/USDT:USDT,0.5794,21705,0.5793,15252,0.5795,18760,0.5796,26597
1753600148800,07:09:08.800,mexc,A/USDT:USDT,0.5794,21705,0.5793,15252,0.5795,18760,0.5796,31228
1753600149013,07:09:09.013,mexc,A/USDT:USDT,0.5794,21705,0.5793,15252,0.5795,18760,0.5796,31228
1753600149203,07:09:09.203,mexc,A/USDT:USDT,0.5794,21705,0.5793,21793,0.5795,18760,0.5796,26597
1753600149300,07:09:09.300,mexc,A/USDT:USDT,0.5794,21705,0.5793,21793,0.5795,18760,0.5796,38509
1753600149705,07:09:09.705,mexc,A/USDT:USDT,0.5794,21705,0.5793,15252,0.5795,18760,0.5796,26597
1753600149799,07:09:09.799,mexc,A/USDT:USDT,0.5794,21705,0.5793,15252,0.5795,18760,0.5796,36868
1753600150109,07:09:10.109,mexc,A/USDT:USDT,0.5794,21705,0.5793,15252,0.5795,18760,0.5796,36868
1753600150301,07:09:10.301,mexc,A/USDT:USDT,0.5793,21067,0.5792,20084,0.5795,18185,0.5796,28235
1753600150506,07:09:10.506,mexc,A/USDT:USDT,0.5793,21067,0.5792,20084,0.5795,18185,0.5796,28235
1753600150801,07:09:10.801,mexc,A/USDT:USDT,0.5793,21067,0.5792,20084,0.5795,18185,0.5796,21483
1753600150801,07:09:10.801,mexc,A/USDT:USDT,0.5793,21067,0.5792,20084,0.5795,18185,0.5796,28663
1753600151203,07:09:11.203,mexc,A/USDT:USDT,0.5793,21067,0.5792,20084,0.5795,18185,0.5796,26253
1753600151301,07:09:11.301,mexc,A/USDT:USDT,0.5793,21067,0.5792,20084,0.5795,18185,0.5796,19073
1753600151607,07:09:11.607,mexc,A/USDT:USDT,0.5793,21067,0.5792,20084,0.5795,18185,0.5796,19073
1753600151800,07:09:11.800,mexc,A/USDT:USDT,0.5793,21067,0.5792,20084,0.5795,18185,0.5796,21398
1753600152011,07:09:12.011,mexc,A/USDT:USDT,0.5793,21067,0.5792,20084,0.5795,18185,0.5796,21398
1753600152203,07:09:12.203,mexc,A/USDT:USDT,0.5793,21067,0.5792,26042,0.5795,18185,0.5796,19073
1753600152302,07:09:12.302,mexc,A/USDT:USDT,0.5793,21067,0.5792,26042,0.5795,18185,0.5796,19073
1753600152705,07:09:12.705,mexc,A/USDT:USDT,0.5793,21067,0.5792,20084,0.5795,18185,0.5796,19073
1753600152803,07:09:12.803,mexc,A/USDT:USDT,0.5793,21067,0.5792,20084,0.5795,18185,0.5796,27053
1753600153110,07:09:13.110,mexc,A/USDT:USDT,0.5793,21067,0.5792,20084,0.5795,18185,0.5796,27053
1753600153303,07:09:13.303,mexc,A/USDT:USDT,0.5793,21067,0.5792,20084,0.5795,18185,0.5796,19073
1753600153517,07:09:13.517,mexc,A/USDT:USDT,0.5793,21067,0.5792,20084,0.5795,18185,0.5796,19073
1753600153706,07:09:13.706,mexc,A/USDT:USDT,0.5793,21067,0.5792,20084,0.5795,18185,0.5796,19073
1753600153802,07:09:13.802,mexc,A/USDT:USDT,0.5793,21067,0.5792,20084,0.5795,18185,0.5796,19073
1753600154205,07:09:14.205,mexc,A/USDT:USDT,0.5793,21067,0.5792,20084,0.5795,18185,0.5796,19073
1753600154303,07:09:14.303,mexc,A/USDT:USDT,0.5793,21067,0.5792,20084,0.5795,18185,0.5796,19073
1753600154609,07:09:14.609,mexc,A/USDT:USDT,0.5793,21067,0.5792,20084,0.5795,18185,0.5796,19073
1753600154803,07:09:14.803,mexc,A/USDT:USDT,0.5793,21067,0.5792,20084,0.5795,18185,0.5796,19073
1753600155017,07:09:15.017,mexc,A/USDT:USDT,0.5793,21067,0.5792,20084,0.5795,18185,0.5796,19073
1753600155206,07:09:15.206,mexc,A/USDT:USDT,0.5793,21067,0.5792,20084,0.5795,18185,0.5796,19073
1753600155304,07:09:15.304,mexc,A/USDT:USDT,0.5793,21067,0.5792,20084,0.5795,18185,0.5796,19073
1753600155707,07:09:15.707,mexc,A/USDT:USDT,0.5793,21067,0.5792,25251,0.5795,18185,0.5796,19073
1753600155804,07:09:15.804,mexc,A/USDT:USDT,0.5793,21067,0.5792,25251,0.5795,18185,0.5796,19073
1753600156110,07:09:16.110,mexc,A/USDT:USDT,0.5793,21067,0.5792,20084,0.5795,18185,0.5796,19073
1753600156304,07:09:16.304,mexc,A/USDT:USDT,0.5791,20592,0.579,14701,0.5793,20173,0.5794,16645
1753600156507,07:09:16.507,mexc,A/USDT:USDT,0.5791,20592,0.579,14701,0.5793,20173,0.5794,16645
1753600156802,07:09:16.802,mexc,A/USDT:USDT,0.5791,20592,0.579,21593,0.5793,20173,0.5794,14686
1753600156802,07:09:16.802,mexc,A/USDT:USDT,0.5791,20592,0.579,21593,0.5793,20173,0.5794,14686
1753600157209,07:09:17.209,mexc,A/USDT:USDT,0.5791,20592,0.579,16648,0.5793,20173,0.5794,14686
1753600157303,07:09:17.303,mexc,A/USDT:USDT,0.5791,20592,0.579,16648,0.5793,20173,0.5794,14686
1753600157610,07:09:17.610,mexc,A/USDT:USDT,0.5791,20592,0.579,14701,0.5793,20173,0.5794,14686
1753600157803,07:09:17.803,mexc,A/USDT:USDT,0.5791,20592,0.579,14701,0.5793,20173,0.5794,14686
1753600158016,07:09:18.016,mexc,A/USDT:USDT,0.5791,20592,0.579,14701,0.5793,20173,0.5794,14686
1753600158207,07:09:18.207,mexc,A/USDT:USDT,0.5791,20592,0.579,14701,0.5793,20173,0.5794,14686
1753600158305,07:09:18.305,mexc,A/USDT:USDT,0.5791,20592,0.579,14701,0.5793,20173,0.5794,20446
1753600158709,07:09:18.709,mexc,A/USDT:USDT,0.5791,20592,0.579,14701,0.5793,20173,0.5794,14686
1753600158804,07:09:18.804,mexc,A/USDT:USDT,0.5791,20592,0.579,14701,0.5793,20173,0.5794,14686
1753600159112,07:09:19.112,mexc,A/USDT:USDT,0.5791,20592,0.579,14701,0.5793,20173,0.5794,14686
1753600159209,07:09:19.209,mexc,A/USDT:USDT,0.5791,20592,0.579,14701,0.5793,20173,0.5794,14686
1753600159514,07:09:19.514,mexc,A/USDT:USDT,0.5791,20592,0.579,14701,0.5793,20173,0.5794,14686
1753600159708,07:09:19.708,mexc,A/USDT:USDT,0.5791,20592,0.579,14701,0.5793,20173,0.5794,14686
1753600159806,07:09:19.806,mexc,A/USDT:USDT,0.5791,20592,0.579,14701,0.5793,20173,0.5794,14686
1753600160111,07:09:20.111,mexc,A/USDT:USDT,0.5791,20592,0.579,24866,0.5793,20173,0.5794,14686
1753600160306,07:09:20.306,mexc,A/USDT:USDT,0.5791,20592,0.579,24866,0.5793,20173,0.5794,14686
1753600160709,07:09:20.709,mexc,A/USDT:USDT,0.5791,20592,0.579,19569,0.5793,20173,0.5794,14686
1753600160806,07:09:20.806,mexc,A/USDT:USDT,0.5791,20592,0.579,19569,0.5793,20173,0.5794,17506
1753600161112,07:09:21.112,mexc,A/USDT:USDT,0.5791,20592,0.579,18182,0.5793,20173,0.5794,17506
1753600161307,07:09:21.307,mexc,A/USDT:USDT,0.5791,20592,0.579,19681,0.5793,20173,0.5794,21115
1753600161613,07:09:21.613,mexc,A/USDT:USDT,0.5791,20592,0.579,17331,0.5793,20173,0.5794,21115
1753600161806,07:09:21.806,mexc,A/USDT:USDT,0.5791,20592,0.579,17331,0.5793,20173,0.5794,14686
1753600162015,07:09:22.015,mexc,A/USDT:USDT,0.5791,20592,0.579,14701,0.5793,20173,0.5794,14686
1753600162215,07:09:22.215,mexc,A/USDT:USDT,0.579,21412,0.5789,20641,0.5792,18292,0.5793,17259
1753600162496,07:09:22.496,mexc,A/USDT:USDT,0.579,21412,0.5789,20641,0.5792,18292,0.5793,21635
1753600162614,07:09:22.614,mexc,A/USDT:USDT,0.579,21412,0.5789,20641,0.5792,18292,0.5793,21635
1753600162807,07:09:22.807,mexc,A/USDT:USDT,0.579,21412,0.5789,20641,0.5792,18292,0.5793,21725
1753600163113,07:09:23.113,mexc,A/USDT:USDT,0.579,21412,0.5789,20641,0.5792,18292,0.5793,21725
1753600163307,07:09:23.307,mexc,A/USDT:USDT,0.579,21412,0.5789,24929,0.5792,18292,0.5793,17259
1753600163613,07:09:23.613,mexc,A/USDT:USDT,0.579,21412,0.5789,20641,0.5792,18292,0.5793,17259
1753600163809,07:09:23.809,mexc,A/USDT:USDT,0.579,21412,0.5789,28872,0.5792,18292,0.5793,29338
1753600164016,07:09:24.016,mexc,A/USDT:USDT,0.579,21412,0.5789,28872,0.5792,18292,0.5793,29338
1753600164212,07:09:24.212,mexc,A/USDT:USDT,0.579,21412,0.5789,20641,0.5792,18292,0.5793,17259
1753600164309,07:09:24.309,mexc,A/USDT:USDT,0.579,21412,0.5789,20641,0.5792,18292,0.5793,17259
1753600164713,07:09:24.713,mexc,A/USDT:USDT,0.579,21412,0.5789,26477,0.5792,18292,0.5793,17259
1753600164809,07:09:24.809,mexc,A/USDT:USDT,0.579,21412,0.5789,26477,0.5792,18292,0.5793,17259
1753600165115,07:09:25.115,mexc,A/USDT:USDT,0.579,21412,0.5789,20641,0.5792,18292,0.5793,17259
1753600165310,07:09:25.310,mexc,A/USDT:USDT,0.579,21412,0.5789,20641,0.5792,18292,0.5793,17259
1753600165518,07:09:25.518,mexc,A/USDT:USDT,0.579,21412,0.5789,20641,0.5792,18292,0.5793,17259
1753600165715,07:09:25.715,mexc,A/USDT:USDT,0.579,21412,0.5789,24545,0.5792,18292,0.5793,17259
1753600165810,07:09:25.810,mexc,A/USDT:USDT,0.579,21412,0.5789,24545,0.5792,18292,0.5793,17259
1753600166215,07:09:26.215,mexc,A/USDT:USDT,0.579,21412,0.5789,20641,0.5792,18292,0.5793,17259
1753600166310,07:09:26.310,mexc,A/USDT:USDT,0.579,21412,0.5789,20641,0.5792,18292,0.5793,17259
1753600166615,07:09:26.615,mexc,A/USDT:USDT,0.579,21412,0.5789,20641,0.5792,18292,0.5793,17259
1753600166810,07:09:26.810,mexc,A/USDT:USDT,0.579,21412,0.5789,20641,0.5792,18292,0.5793,20062
1753600167019,07:09:27.019,mexc,A/USDT:USDT,0.579,21412,0.5789,20641,0.5792,18292,0.5793,20062
1753600167215,07:09:27.215,mexc,A/USDT:USDT,0.579,21412,0.5789,20641,0.5792,18292,0.5793,20062
1753600167311,07:09:27.311,mexc,A/USDT:USDT,0.579,21412,0.5789,20641,0.5792,18292,0.5793,24027
1753600167714,07:09:27.714,mexc,A/USDT:USDT,0.579,21412,0.5789,20641,0.5792,18292,0.5793,17259
1753600167810,07:09:27.810,mexc,A/USDT:USDT,0.579,21412,0.5789,20641,0.5792,18292,0.5793,17259
1753600168118,07:09:28.118,mexc,A/USDT:USDT,0.579,21412,0.5789,20641,0.5792,18292,0.5793,17259
1753600168312,07:09:28.312,mexc,A/USDT:USDT,0.579,26771,0.5789,26071,0.5791,20080,0.5792,17451
1753600168519,07:09:28.519,mexc,A/USDT:USDT,0.579,26771,0.5789,26071,0.5791,20080,0.5792,17451
1753600168713,07:09:28.713,mexc,A/USDT:USDT,0.579,26771,0.5789,26071,0.5791,20080,0.5792,14541
1753600168812,07:09:28.812,mexc,A/USDT:USDT,0.579,26771,0.5789,26071,0.5791,20080,0.5792,14541
1753600169214,07:09:29.214,mexc,A/USDT:USDT,0.579,26771,0.5789,26071,0.5791,20080,0.5792,14541
1753600169311,07:09:29.311,mexc,A/USDT:USDT,0.579,26771,0.5789,26071,0.5791,20080,0.5792,16863
1753600169615,07:09:29.615,mexc,A/USDT:USDT,0.579,26771,0.5789,26071,0.5791,20080,0.5792,16863
1753600169811,07:09:29.811,mexc,A/USDT:USDT,0.579,26771,0.5789,26071,0.5791,20080,0.5792,16534
1753600170019,07:09:30.019,mexc,A/USDT:USDT,0.579,26771,0.5789,26071,0.5791,20080,0.5792,16534
1753600170217,07:09:30.217,mexc,A/USDT:USDT,0.579,26771,0.5789,33414,0.5791,20080,0.5792,16534
1753600170313,07:09:30.313,mexc,A/USDT:USDT,0.579,26771,0.5789,33414,0.5791,20080,0.5792,14541
1753600170619,07:09:30.619,mexc,A/USDT:USDT,0.579,26771,0.5789,26071,0.5791,20080,0.5792,14541
1753600170814,07:09:30.814,mexc,A/USDT:USDT,0.579,26771,0.5789,26071,0.5791,20080,0.5792,14541
1753600171117,07:09:31.117,mexc,A/USDT:USDT,0.579,26771,0.5789,26071,0.5791,20080,0.5792,14541
1753600171313,07:09:31.313,mexc,A/USDT:USDT,0.579,26771,0.5789,31880,0.5791,20080,0.5792,14541
1753600171524,07:09:31.524,mexc,A/USDT:USDT,0.579,26771,0.5789,31880,0.5791,20080,0.5792,14541
1753600171717,07:09:31.717,mexc,A/USDT:USDT,0.579,26771,0.5789,35791,0.5791,20080,0.5792,14541
1753600171813,07:09:31.813,mexc,A/USDT:USDT,0.579,26771,0.5789,35791,0.5791,20080,0.5792,20530
1753600172217,07:09:32.217,mexc,A/USDT:USDT,0.579,26771,0.5789,26071,0.5791,20080,0.5792,20530
1753600172313,07:09:32.313,mexc,A/USDT:USDT,0.579,26771,0.5789,26071,0.5791,20080,0.5792,22996
1753600172617,07:09:32.617,mexc,A/USDT:USDT,0.579,26771,0.5789,26071,0.5791,20080,0.5792,22996
1753600172814,07:09:32.814,mexc,A/USDT:USDT,0.579,26771,0.5789,26071,0.5791,20080,0.5792,14541
1753600173020,07:09:33.020,mexc,A/USDT:USDT,0.579,26771,0.5789,26071,0.5791,20080,0.5792,14541
1753600173221,07:09:33.221,mexc,A/USDT:USDT,0.579,26771,0.5789,26071,0.5791,20080,0.5792,14541
1753600173314,07:09:33.314,mexc,A/USDT:USDT,0.579,26771,0.5789,26071,0.5791,20080,0.5792,16833
1753600173618,07:09:33.618,mexc,A/USDT:USDT,0.579,26771,0.5789,26071,0.5791,20080,0.5792,16833
1753600173814,07:09:33.814,mexc,A/USDT:USDT,0.579,26771,0.5789,26071,0.5791,20080,0.5792,14541
1753600174023,07:09:34.023,mexc,A/USDT:USDT,0.579,26771,0.5789,26071,0.5791,20080,0.5792,14541
1753600174221,07:09:34.221,mexc,A/USDT:USDT,0.579,20090,0.5789,16299,0.5791,20922,0.5792,17507
1753600174505,07:09:34.505,mexc,A/USDT:USDT,0.579,20090,0.5789,16299,0.5791,20922,0.5792,17507
1753600174619,07:09:34.619,mexc,A/USDT:USDT,0.579,20090,0.5789,16299,0.5791,20922,0.5792,17507
1753600174816,07:09:34.816,mexc,A/USDT:USDT,0.579,20090,0.5789,16299,0.5791,20922,0.5792,17507
1753600175120,07:09:35.120,mexc,A/USDT:USDT,0.579,20090,0.5789,16299,0.5791,20922,0.5792,17507
1753600175314,07:09:35.314,mexc,A/USDT:USDT,0.579,20090,0.5789,19301,0.5791,20922,0.5792,17507
1753600175618,07:09:35.618,mexc,A/USDT:USDT,0.579,20090,0.5789,21558,0.5791,20922,0.5792,17507
1753600175815,07:09:35.815,mexc,A/USDT:USDT,0.579,20090,0.5789,27586,0.5791,20922,0.5792,17507
1753600176030,07:09:36.030,mexc,A/USDT:USDT,0.579,20090,0.5789,22327,0.5791,20922,0.5792,17507
1753600176220,07:09:36.220,mexc,A/USDT:USDT,0.579,20090,0.5789,16299,0.5791,20922,0.5792,17507
1753600176320,07:09:36.320,mexc,A/USDT:USDT,0.579,20090,0.5789,16299,0.5791,20922,0.5792,22583
1753600176724,07:09:36.724,mexc,A/USDT:USDT,0.579,20090,0.5789,26746,0.5791,20922,0.5792,22583
1753600176819,07:09:36.819,mexc,A/USDT:USDT,0.579,20090,0.5789,26746,0.5791,20922,0.5792,17507
1753600177223,07:09:37.223,mexc,A/USDT:USDT,0.579,20090,0.5789,19492,0.5791,20922,0.5792,17507
1753600177318,07:09:37.318,mexc,A/USDT:USDT,0.579,20090,0.5789,19492,0.5791,20922,0.5792,25199
1753600177723,07:09:37.723,mexc,A/USDT:USDT,0.579,20090,0.5789,18397,0.5791,20922,0.5792,25199
1753600177820,07:09:37.820,mexc,A/USDT:USDT,0.579,20090,0.5789,18397,0.5791,20922,0.5792,17507
1753600178120,07:09:38.120,mexc,A/USDT:USDT,0.579,20090,0.5789,24281,0.5791,20922,0.5792,17507
1753600178320,07:09:38.320,mexc,A/USDT:USDT,0.579,20090,0.5789,24281,0.5791,20922,0.5792,17507
1753600178521,07:09:38.521,mexc,A/USDT:USDT,0.579,20090,0.5789,16299,0.5791,20922,0.5792,17507
1753600178617,07:09:38.617,mexc,A/USDT:USDT,0.579,20090,0.5789,16299,0.5791,20922,0.5792,17507
1753600178821,07:09:38.821,mexc,A/USDT:USDT,0.579,20090,0.5789,16299,0.5791,20922,0.5792,17507
1753600179225,07:09:39.225,mexc,A/USDT:USDT,0.579,20090,0.5789,28472,0.5791,20922,0.5792,17507
1753600179321,07:09:39.321,mexc,A/USDT:USDT,0.579,20090,0.5789,28472,0.5791,20922,0.5792,24339
1753600179620,07:09:39.620,mexc,A/USDT:USDT,0.579,20090,0.5789,16299,0.5791,20922,0.5792,24339
1753600179823,07:09:39.823,mexc,A/USDT:USDT,0.579,20090,0.5789,16299,0.5791,20922,0.5792,25885
1753600180132,07:09:40.132,mexc,A/USDT:USDT,0.579,20090,0.5789,16299,0.5791,20922,0.5792,25885
1753600180322,07:09:40.322,mexc,A/USDT:USDT,0.579,20189,0.5789,19904,0.5791,19180,0.5792,23218
1753600180521,07:09:40.521,mexc,A/USDT:USDT,0.579,20189,0.5789,19904,0.5791,19180,0.5792,23218
1753600180821,07:09:40.821,mexc,A/USDT:USDT,0.579,20189,0.5789,19904,0.5791,19180,0.5792,29332
1753600180904,07:09:40.904,mexc,A/USDT:USDT,0.5793,15090,0.5792,19316,0.5794,19751,0.5795,25729
1753600181121,07:09:41.121,mexc,A/USDT:USDT,0.5793,15090,0.5792,19316,0.5794,19751,0.5795,25729
1753600181522,07:09:41.522,mexc,A/USDT:USDT,0.5793,15090,0.5792,19316,0.5794,19751,0.5795,25729
1753600181620,07:09:41.620,mexc,A/USDT:USDT,0.5793,15090,0.5792,19316,0.5794,19751,0.5795,25729
1753600181823,07:09:41.823,mexc,A/USDT:USDT,0.5793,15090,0.5792,19316,0.5794,19751,0.5795,32764
1753600182121,07:09:42.121,mexc,A/USDT:USDT,0.5793,15090,0.5792,19316,0.5794,19751,0.5795,32764
1753600182323,07:09:42.323,mexc,A/USDT:USDT,0.5793,15090,0.5792,19316,0.5794,19751,0.5795,25729
1753600182621,07:09:42.621,mexc,A/USDT:USDT,0.5793,15090,0.5792,19316,0.5794,19751,0.5795,25729
1753600182823,07:09:42.823,mexc,A/USDT:USDT,0.5793,15090,0.5792,19316,0.5794,19751,0.5795,29471
1753600183228,07:09:43.228,mexc,A/USDT:USDT,0.5793,15090,0.5792,19316,0.5794,19751,0.5795,25729
1753600183323,07:09:43.323,mexc,A/USDT:USDT,0.5793,15090,0.5792,19316,0.5794,19751,0.5795,25729
1753600183621,07:09:43.621,mexc,A/USDT:USDT,0.5793,15090,0.5792,19316,0.5794,19751,0.5795,25729
1753600183825,07:09:43.825,mexc,A/USDT:USDT,0.5793,15090,0.5792,19316,0.5794,19751,0.5795,25729
1753600184122,07:09:44.122,mexc,A/USDT:USDT,0.5793,15090,0.5792,27412,0.5794,19751,0.5795,25729
1753600184324,07:09:44.324,mexc,A/USDT:USDT,0.5793,15090,0.5792,27412,0.5794,19751,0.5795,25729
1753600184621,07:09:44.621,mexc,A/USDT:USDT,0.5793,15090,0.5792,19316,0.5794,19751,0.5795,25729
1753600184823,07:09:44.823,mexc,A/USDT:USDT,0.5793,15090,0.5792,19316,0.5794,19751,0.5795,25729
1753600185121,07:09:45.121,mexc,A/USDT:USDT,0.5793,15090,0.5792,19316,0.5794,19751,0.5795,25729
1753600185326,07:09:45.326,mexc,A/USDT:USDT,0.5793,15090,0.5792,19316,0.5794,19751,0.5795,25729
1753600185621,07:09:45.621,mexc,A/USDT:USDT,0.5793,15090,0.5792,19316,0.5794,19751,0.5795,25729
1753600185825,07:09:45.825,mexc,A/USDT:USDT,0.5793,15090,0.5792,19316,0.5794,19751,0.5795,29006
1753600186207,07:09:46.207,mexc,A/USDT:USDT,0.5793,15090,0.5792,19316,0.5794,19751,0.5795,29006
1753600186360,07:09:46.360,mexc,A/USDT:USDT,0.5795,19504,0.5794,15855,0.5796,17071,0.5797,26450
1753600186623,07:09:46.623,mexc,A/USDT:USDT,0.5795,19504,0.5794,22730,0.5796,17071,0.5797,26450
1753600186732,07:09:46.732,mexc,A/USDT:USDT,0.5795,19504,0.5794,22730,0.5796,17071,0.5797,26450
1753600186826,07:09:46.826,mexc,A/USDT:USDT,0.5795,19504,0.5794,22730,0.5796,17071,0.5797,26450
1753600187124,07:09:47.124,mexc,A/USDT:USDT,0.5795,19504,0.5794,17672,0.5796,17071,0.5797,26450
1753600187327,07:09:47.327,mexc,A/USDT:USDT,0.5795,19504,0.5794,17672,0.5796,17071,0.5797,37273
1753600187622,07:09:47.622,mexc,A/USDT:USDT,0.5795,19504,0.5794,23272,0.5796,17071,0.5797,37273
1753600187826,07:09:47.826,mexc,A/USDT:USDT,0.5795,19504,0.5794,23272,0.5796,17071,0.5797,26450
1753600188123,07:09:48.123,mexc,A/USDT:USDT,0.5795,19504,0.5794,15855,0.5796,17071,0.5797,26450
1753600188328,07:09:48.328,mexc,A/USDT:USDT,0.5795,19504,0.5794,15855,0.5796,17071,0.5797,26450
1753600188623,07:09:48.623,mexc,A/USDT:USDT,0.5795,19504,0.5794,18304,0.5796,17071,0.5797,26450
1753600188827,07:09:48.827,mexc,A/USDT:USDT,0.5795,19504,0.5794,18304,0.5796,17071,0.5797,26450
1753600189124,07:09:49.124,mexc,A/USDT:USDT,0.5795,19504,0.5794,15855,0.5796,17071,0.5797,26450
1753600189327,07:09:49.327,mexc,A/USDT:USDT,0.5795,19504,0.5794,15855,0.5796,17071,0.5797,39555
1753600189527,07:09:49.527,mexc,A/USDT:USDT,0.5795,19504,0.5794,15855,0.5796,17071,0.5797,39555
1753600189729,07:09:49.729,mexc,A/USDT:USDT,0.5795,19504,0.5794,20647,0.5796,17071,0.5797,26450
1753600189827,07:09:49.827,mexc,A/USDT:USDT,0.5795,19504,0.5794,20647,0.5796,17071,0.5797,26450
1753600190121,07:09:50.121,mexc,A/USDT:USDT,0.5795,19504,0.5794,15855,0.5796,17071,0.5797,26450
1753600190328,07:09:50.328,mexc,A/USDT:USDT,0.5795,19504,0.5794,15855,0.5796,17071,0.5797,38241
1753600190623,07:09:50.623,mexc,A/USDT:USDT,0.5795,19504,0.5794,15855,0.5796,17071,0.5797,38241
1753600190829,07:09:50.829,mexc,A/USDT:USDT,0.5795,19504,0.5794,15855,0.5796,17071,0.5797,26450
1753600191124,07:09:51.124,mexc,A/USDT:USDT,0.5795,19504,0.5794,15855,0.5796,17071,0.5797,26450
1753600191330,07:09:51.330,mexc,A/USDT:USDT,0.5795,19504,0.5794,15855,0.5796,17071,0.5797,26450
1753600191622,07:09:51.622,mexc,A/USDT:USDT,0.5795,19504,0.5794,15855,0.5796,17071,0.5797,26450
1753600191829,07:09:51.829,mexc,A/USDT:USDT,0.5795,19504,0.5794,15855,0.5796,17071,0.5797,26450
1753600192210,07:09:52.210,mexc,A/USDT:USDT,0.5795,19504,0.5794,20574,0.5796,17071,0.5797,51215
1753600192364,07:09:52.364,mexc,A/USDT:USDT,0.5796,20586,0.5795,24410,0.5797,24765,0.5798,22824
1753600192627,07:09:52.627,mexc,A/USDT:USDT,0.5796,20586,0.5795,24410,0.5797,24765,0.5798,22824
1753600192733,07:09:52.733,mexc,A/USDT:USDT,0.5796,20586,0.5795,30976,0.5797,24765,0.5798,20071
1753600193027,07:09:53.027,mexc,A/USDT:USDT,0.5796,20586,0.5795,30976,0.5797,24765,0.5798,20071
1753600193126,07:09:53.126,mexc,A/USDT:USDT,0.5796,20586,0.5795,26882,0.5797,24765,0.5798,20071
1753600193331,07:09:53.331,mexc,A/USDT:USDT,0.5796,20586,0.5795,26882,0.5797,24765,0.5798,27922
1753600193624,07:09:53.624,mexc,A/USDT:USDT,0.5796,20586,0.5795,35350,0.5797,24765,0.5798,27922
1753600193830,07:09:53.830,mexc,A/USDT:USDT,0.5796,20586,0.5795,35350,0.5797,24765,0.5798,20071
1753600194126,07:09:54.126,mexc,A/USDT:USDT,0.5796,20586,0.5795,33847,0.5797,24765,0.5798,20071
1753600194332,07:09:54.332,mexc,A/USDT:USDT,0.5796,20586,0.5795,33847,0.5797,24765,0.5798,20071
1753600194627,07:09:54.627,mexc,A/USDT:USDT,0.5796,20586,0.5795,24410,0.5797,24765,0.5798,20071
1753600194831,07:09:54.831,mexc,A/USDT:USDT,0.5796,20586,0.5795,24410,0.5797,24765,0.5798,26535
1753600195124,07:09:55.124,mexc,A/USDT:USDT,0.5796,20586,0.5795,24410,0.5797,24765,0.5798,26535
1753600195332,07:09:55.332,mexc,A/USDT:USDT,0.5796,20586,0.5795,24410,0.5797,24765,0.5798,25934
1753600195624,07:09:55.624,mexc,A/USDT:USDT,0.5796,20586,0.5795,32582,0.5797,24765,0.5798,25934
1753600195833,07:09:55.833,mexc,A/USDT:USDT,0.5796,20586,0.5795,32582,0.5797,24765,0.5798,26403
1753600196130,07:09:56.130,mexc,A/USDT:USDT,0.5796,20586,0.5795,24410,0.5797,24765,0.5798,26403
1753600196332,07:09:56.332,mexc,A/USDT:USDT,0.5796,20586,0.5795,24410,0.5797,24765,0.5798,20071
1753600196627,07:09:56.627,mexc,A/USDT:USDT,0.5796,20586,0.5795,24410,0.5797,24765,0.5798,20071
1753600196834,07:09:56.834,mexc,A/USDT:USDT,0.5796,20586,0.5795,24410,0.5797,24765,0.5798,29833
1753600197126,07:09:57.126,mexc,A/USDT:USDT,0.5796,20586,0.5795,35829,0.5797,24765,0.5798,29833
1753600197334,07:09:57.334,mexc,A/USDT:USDT,0.5796,20586,0.5795,35829,0.5797,24765,0.5798,20071
1753600197627,07:09:57.627,mexc,A/USDT:USDT,0.5796,20586,0.5795,24410,0.5797,24765,0.5798,20071
1753600197834,07:09:57.834,mexc,A/USDT:USDT,0.5796,20586,0.5795,24410,0.5797,24765,0.5798,20071
1753600198212,07:09:58.212,mexc,A/USDT:USDT,0.5796,20586,0.5795,37510,0.5797,40249,0.5798,20071
1753600198368,07:09:58.368,mexc,A/USDT:USDT,0.5796,22848,0.5795,19424,0.5797,15484,0.5798,15777
1753600198626,07:09:58.626,mexc,A/USDT:USDT,0.5796,22848,0.5795,19424,0.5797,15484,0.5798,15777
1753600198739,07:09:58.739,mexc,A/USDT:USDT,0.5796,22848,0.5795,19424,0.5797,15484,0.5798,15777
1753600199030,07:09:59.030,mexc,A/USDT:USDT,0.5796,22848,0.5795,19424,0.5797,15484,0.5798,15777
1753600199130,07:09:59.130,mexc,A/USDT:USDT,0.5796,22848,0.5795,25439,0.5797,15484,0.5798,15777
1753600199336,07:09:59.336,mexc,A/USDT:USDT,0.5796,22848,0.5795,25439,0.5797,15484,0.5798,15777
1753600199628,07:09:59.628,mexc,A/USDT:USDT,0.5796,22848,0.5795,19424,0.5797,15484,0.5798,15777
1753600199834,07:09:59.834,mexc,A/USDT:USDT,0.5796,22848,0.5795,19424,0.5797,15484,0.5798,15777
1753600200128,07:10:00.128,mexc,A/USDT:USDT,0.5796,22848,0.5795,23951,0.5797,15484,0.5798,15777
1753600200336,07:10:00.336,mexc,A/USDT:USDT,0.5796,22848,0.5795,23951,0.5797,15484,0.5798,15777
1753600200629,07:10:00.629,mexc,A/USDT:USDT,0.5796,22848,0.5795,19424,0.5797,15484,0.5798,15777
1753600200835,07:10:00.835,mexc,A/USDT:USDT,0.5796,22848,0.5795,19424,0.5797,15484,0.5798,15777
1753600201128,07:10:01.128,mexc,A/USDT:USDT,0.5796,22848,0.5795,19424,0.5797,15484,0.5798,15777
1753600201335,07:10:01.335,mexc,A/USDT:USDT,0.5796,22848,0.5795,19424,0.5797,15484,0.5798,19341
1753600201628,07:10:01.628,mexc,A/USDT:USDT,0.5796,22848,0.5795,22663,0.5797,15484,0.5798,19341
1753600201834,07:10:01.834,mexc,A/USDT:USDT,0.5796,22848,0.5795,22663,0.5797,15484,0.5798,18484
1753600202129,07:10:02.129,mexc,A/USDT:USDT,0.5796,22848,0.5795,31992,0.5797,15484,0.5798,18484
1753600202336,07:10:02.336,mexc,A/USDT:USDT,0.5796,22848,0.5795,31992,0.5797,15484,0.5798,19157
1753600202632,07:10:02.632,mexc,A/USDT:USDT,0.5796,22848,0.5795,19424,0.5797,15484,0.5798,19157
1753600202836,07:10:02.836,mexc,A/USDT:USDT,0.5796,22848,0.5795,19424,0.5797,15484,0.5798,20296
1753600203241,07:10:03.241,mexc,A/USDT:USDT,0.5796,22848,0.5795,24449,0.5797,15484,0.5798,15777
1753600203338,07:10:03.338,mexc,A/USDT:USDT,0.5796,22848,0.5795,24449,0.5797,15484,0.5798,15777
1753600203634,07:10:03.634,mexc,A/USDT:USDT,0.5796,22848,0.5795,19424,0.5797,15484,0.5798,15777
1753600203838,07:10:03.838,mexc,A/USDT:USDT,0.5796,22848,0.5795,19424,0.5797,15484,0.5798,15777
1753600204214,07:10:04.214,mexc,A/USDT:USDT,0.5796,22848,0.5795,19424,0.5797,32662,0.5798,15777
1753600204373,07:10:04.373,mexc,A/USDT:USDT,0.5796,17598,0.5795,22602,0.5797,17178,0.5798,23706
1753600204633,07:10:04.633,mexc,A/USDT:USDT,0.5796,17598,0.5795,22602,0.5797,17178,0.5798,23706
1753600204741,07:10:04.741,mexc,A/USDT:USDT,0.5796,17598,0.5795,22602,0.5797,17178,0.5798,23706
1753600205035,07:10:05.035,mexc,A/USDT:USDT,0.5796,17598,0.5795,22602,0.5797,17178,0.5798,26774
1753600205131,07:10:05.131,mexc,A/USDT:USDT,0.5796,17598,0.5795,22602,0.5797,17178,0.5798,26774
1753600205339,07:10:05.339,mexc,A/USDT:USDT,0.5796,17598,0.5795,22602,0.5797,17178,0.5798,23706
1753600205742,07:10:05.742,mexc,A/USDT:USDT,0.5796,17598,0.5795,25199,0.5797,17178,0.5798,23706
1753600205839,07:10:05.839,mexc,A/USDT:USDT,0.5796,17598,0.5795,25199,0.5797,17178,0.5798,32771
1753600206133,07:10:06.133,mexc,A/USDT:USDT,0.5796,17598,0.5795,22602,0.5797,17178,0.5798,32771
1753600206340,07:10:06.340,mexc,A/USDT:USDT,0.5796,17598,0.5795,22602,0.5797,17178,0.5798,23706
1753600206634,07:10:06.634,mexc,A/USDT:USDT,0.5796,17598,0.5795,31134,0.5797,17178,0.5798,23706
1753600206840,07:10:06.840,mexc,A/USDT:USDT,0.5796,17598,0.5795,31134,0.5797,17178,0.5798,26203
1753600207132,07:10:07.132,mexc,A/USDT:USDT,0.5796,17598,0.5795,32965,0.5797,17178,0.5798,26203
1753600207338,07:10:07.338,mexc,A/USDT:USDT,0.5796,17598,0.5795,32965,0.5797,17178,0.5798,34462
1753600207683,07:10:07.683,mexc,A/USDT:USDT,0.5796,17598,0.5795,22602,0.5797,17178,0.5798,34462
1753600207840,07:10:07.840,mexc,A/USDT:USDT,0.5796,17598,0.5795,22602,0.5797,17178,0.5798,37746
1753600208181,07:10:08.181,mexc,A/USDT:USDT,0.5796,17598,0.5795,22602,0.5797,17178,0.5798,37746
1753600208339,07:10:08.339,mexc,A/USDT:USDT,0.5796,17598,0.5795,22602,0.5797,17178,0.5798,35484
1753600208585,07:10:08.585,mexc,A/USDT:USDT,0.5796,17598,0.5795,22602,0.5797,17178,0.5798,35484
1753600208743,07:10:08.743,mexc,A/USDT:USDT,0.5796,17598,0.5795,32203,0.5797,17178,0.5798,23706
1753600208841,07:10:08.841,mexc,A/USDT:USDT,0.5796,17598,0.5795,32203,0.5797,17178,0.5798,31713
1753600209244,07:10:09.244,mexc,A/USDT:USDT,0.5796,17598,0.5795,22602,0.5797,17178,0.5798,31713
1753600209339,07:10:09.339,mexc,A/USDT:USDT,0.5796,17598,0.5795,22602,0.5797,17178,0.5798,23706
1753600209683,07:10:09.683,mexc,A/USDT:USDT,0.5796,17598,0.5795,32905,0.5797,17178,0.5798,23706
1753600209841,07:10:09.841,mexc,A/USDT:USDT,0.5796,17598,0.5795,32905,0.5797,17178,0.5798,23706
1753600210084,07:10:10.084,mexc,A/USDT:USDT,0.5796,17598,0.5795,22602,0.5797,17178,0.5798,23706
1753600210230,07:10:10.230,mexc,A/USDT:USDT,0.5796,21409,0.5795,23716,0.5797,16586,0.5798,17525
1753600210375,07:10:10.375,mexc,A/USDT:USDT,0.5796,21409,0.5795,23716,0.5797,16586,0.5798,17525
1753600210745,07:10:10.745,mexc,A/USDT:USDT,0.5796,21409,0.5795,23716,0.5797,16586,0.5798,17525
1753600210841,07:10:10.841,mexc,A/USDT:USDT,0.5796,21409,0.5795,23716,0.5797,16586,0.5798,20810
1753600211187,07:10:11.187,mexc,A/USDT:USDT,0.5796,21409,0.5795,23716,0.5797,16586,0.5798,20810
1753600211342,07:10:11.342,mexc,A/USDT:USDT,0.5796,21409,0.5795,23716,0.5797,16586,0.5798,17525
1753600211685,07:10:11.685,mexc,A/USDT:USDT,0.5796,21409,0.5795,23716,0.5797,16586,0.5798,17525
1753600211841,07:10:11.841,mexc,A/USDT:USDT,0.5796,21409,0.5795,23716,0.5797,16586,0.5798,17525
1753600212088,07:10:12.088,mexc,A/USDT:USDT,0.5796,21409,0.5795,23716,0.5797,16586,0.5798,17525
1753600212247,07:10:12.247,mexc,A/USDT:USDT,0.5796,21409,0.5795,23716,0.5797,16586,0.5798,17525
1753600212343,07:10:12.343,mexc,A/USDT:USDT,0.5796,21409,0.5795,23716,0.5797,16586,0.5798,17525
1753600212746,07:10:12.746,mexc,A/USDT:USDT,0.5796,21409,0.5795,23716,0.5797,16586,0.5798,17525
1753600212843,07:10:12.843,mexc,A/USDT:USDT,0.5796,21409,0.5795,23716,0.5797,16586,0.5798,23679
1753600213185,07:10:13.185,mexc,A/USDT:USDT,0.5796,21409,0.5795,30673,0.5797,16586,0.5798,23679
1753600213343,07:10:13.343,mexc,A/USDT:USDT,0.5796,21409,0.5795,30673,0.5797,16586,0.5798,17525
1753600213684,07:10:13.684,mexc,A/USDT:USDT,0.5796,21409,0.5795,23716,0.5797,16586,0.5798,17525
1753600213844,07:10:13.844,mexc,A/USDT:USDT,0.5796,21409,0.5795,23716,0.5797,16586,0.5798,21514
1753600214088,07:10:14.088,mexc,A/USDT:USDT,0.5796,21409,0.5795,23716,0.5797,16586,0.5798,21514
1753600214247,07:10:14.247,mexc,A/USDT:USDT,0.5796,21409,0.5795,23716,0.5797,16586,0.5798,17525
1753600214344,07:10:14.344,mexc,A/USDT:USDT,0.5796,21409,0.5795,23716,0.5797,16586,0.5798,17525
1753600214747,07:10:14.747,mexc,A/USDT:USDT,0.5796,21409,0.5795,23716,0.5797,16586,0.5798,17525
1753600214844,07:10:14.844,mexc,A/USDT:USDT,0.5796,21409,0.5795,23716,0.5797,16586,0.5798,23835
1753600215185,07:10:15.185,mexc,A/USDT:USDT,0.5796,21409,0.5795,23716,0.5797,16586,0.5798,23835
1753600215344,07:10:15.344,mexc,A/USDT:USDT,0.5796,21409,0.5795,28474,0.5797,16586,0.5798,23331
1753600215589,07:10:15.589,mexc,A/USDT:USDT,0.5796,21409,0.5795,28474,0.5797,16586,0.5798,23331
1753600215748,07:10:15.748,mexc,A/USDT:USDT,0.5796,21409,0.5795,23716,0.5797,16586,0.5798,17525
1753600215845,07:10:15.845,mexc,A/USDT:USDT,0.5796,21409,0.5795,23716,0.5797,16586,0.5798,22014
1753600216231,07:10:16.231,mexc,A/USDT:USDT,0.5795,21586,0.5794,17290,0.5796,22463,0.5797,16464
1753600216378,07:10:16.378,mexc,A/USDT:USDT,0.5795,21586,0.5794,17290,0.5796,22463,0.5797,16464
1753600216747,07:10:16.747,mexc,A/USDT:USDT,0.5795,21586,0.5794,17290,0.5796,22463,0.5797,16464
1753600216845,07:10:16.845,mexc,A/USDT:USDT,0.5795,21586,0.5794,17290,0.5796,22463,0.5797,16464
1753600217185,07:10:17.185,mexc,A/USDT:USDT,0.5795,21586,0.5794,17290,0.5796,22463,0.5797,16464
1753600217344,07:10:17.344,mexc,A/USDT:USDT,0.5795,21586,0.5794,17290,0.5796,22463,0.5797,16464
1753600217595,07:10:17.595,mexc,A/USDT:USDT,0.5795,21586,0.5794,17290,0.5796,22463,0.5797,16464
1753600217747,07:10:17.747,mexc,A/USDT:USDT,0.5795,21586,0.5794,19981,0.5796,22463,0.5797,16464
1753600217845,07:10:17.845,mexc,A/USDT:USDT,0.5795,21586,0.5794,19981,0.5796,22463,0.5797,16464
1753600218279,07:10:18.279,mexc,A/USDT:USDT,0.5795,21586,0.5794,20239,0.5796,22463,0.5797,16464
1753600218352,07:10:18.352,mexc,A/USDT:USDT,0.5795,21586,0.5794,20239,0.5796,22463,0.5797,16464
1753600218689,07:10:18.689,mexc,A/USDT:USDT,0.5795,21586,0.5794,17290,0.5796,22463,0.5797,16464
1753600218843,07:10:18.843,mexc,A/USDT:USDT,0.5795,21586,0.5794,17290,0.5796,22463,0.5797,18537
1753600219090,07:10:19.090,mexc,A/USDT:USDT,0.5795,21586,0.5794,17290,0.5796,22463,0.5797,18537
1753600219248,07:10:19.248,mexc,A/USDT:USDT,0.5795,21586,0.5794,17290,0.5796,22463,0.5797,16464
1753600219345,07:10:19.345,mexc,A/USDT:USDT,0.5795,21586,0.5794,17290,0.5796,22463,0.5797,16464
1753600219747,07:10:19.747,mexc,A/USDT:USDT,0.5795,21586,0.5794,17290,0.5796,22463,0.5797,16464
1753600219844,07:10:19.844,mexc,A/USDT:USDT,0.5795,21586,0.5794,17290,0.5796,22463,0.5797,18390
1753600220189,07:10:20.189,mexc,A/USDT:USDT,0.5795,21586,0.5794,17290,0.5796,22463,0.5797,18390
1753600220379,07:10:20.379,mexc,A/USDT:USDT,0.5795,21586,0.5794,24509,0.5796,22463,0.5797,16464
1753600220592,07:10:20.592,mexc,A/USDT:USDT,0.5795,21586,0.5794,24509,0.5796,22463,0.5797,16464
1753600220784,07:10:20.784,mexc,A/USDT:USDT,0.5795,21586,0.5794,17290,0.5796,22463,0.5797,16464
1753600220879,07:10:20.879,mexc,A/USDT:USDT,0.5795,21586,0.5794,17290,0.5796,22463,0.5797,23344
1753600221281,07:10:21.281,mexc,A/USDT:USDT,0.5795,21586,0.5794,20890,0.5796,41050,0.5797,23344
1753600221381,07:10:21.381,mexc,A/USDT:USDT,0.5795,18644,0.5794,22703,0.5796,18587,0.5797,35362
1753600221689,07:10:21.689,mexc,A/USDT:USDT,0.5795,18644,0.5794,27987,0.5796,18587,0.5797,35362
1753600221881,07:10:21.881,mexc,A/USDT:USDT,0.5795,18644,0.5794,27987,0.5796,18587,0.5797,23805
1753600222092,07:10:22.092,mexc,A/USDT:USDT,0.5795,18644,0.5794,22703,0.5796,18587,0.5797,23805
1753600222286,07:10:22.286,mexc,A/USDT:USDT,0.5795,18644,0.5794,22703,0.5796,18587,0.5797,23805
1753600222383,07:10:22.383,mexc,A/USDT:USDT,0.5795,18644,0.5794,22703,0.5796,18587,0.5797,34907
1753600222790,07:10:22.790,mexc,A/USDT:USDT,0.5795,18644,0.5794,33193,0.5796,18587,0.5797,28083
1753600222882,07:10:22.882,mexc,A/USDT:USDT,0.5795,18644,0.5794,33193,0.5796,18587,0.5797,23805
1753600223194,07:10:23.194,mexc,A/USDT:USDT,0.5795,18644,0.5794,22703,0.5796,18587,0.5797,23805
1753600223382,07:10:23.382,mexc,A/USDT:USDT,0.5795,18644,0.5794,22703,0.5796,18587,0.5797,23805
1753600223596,07:10:23.596,mexc,A/USDT:USDT,0.5795,18644,0.5794,22703,0.5796,18587,0.5797,23805
1753600223789,07:10:23.789,mexc,A/USDT:USDT,0.5795,18644,0.5794,28285,0.5796,18587,0.5797,23805
1753600223881,07:10:23.881,mexc,A/USDT:USDT,0.5795,18644,0.5794,28285,0.5796,18587,0.5797,23805
1753600224286,07:10:24.286,mexc,A/USDT:USDT,0.5795,18644,0.5794,29847,0.5796,18587,0.5797,23805
1753600224383,07:10:24.383,mexc,A/USDT:USDT,0.5795,18644,0.5794,29847,0.5796,18587,0.5797,29486
1753600224692,07:10:24.692,mexc,A/USDT:USDT,0.5795,18644,0.5794,22703,0.5796,18587,0.5797,29486
1753600224882,07:10:24.882,mexc,A/USDT:USDT,0.5795,18644,0.5794,22703,0.5796,18587,0.5797,35578
1753600225098,07:10:25.098,mexc,A/USDT:USDT,0.5795,18644,0.5794,22703,0.5796,18587,0.5797,35578
1753600225285,07:10:25.285,mexc,A/USDT:USDT,0.5795,18644,0.5794,22703,0.5796,18587,0.5797,23805
1753600225384,07:10:25.384,mexc,A/USDT:USDT,0.5795,18644,0.5794,22703,0.5796,18587,0.5797,28155
