timestamp,time,exchange,symbol,bid1_price,bid1_volume,bid2_price,bid2_volume,ask1_price,ask1_volume,ask2_price,ask2_volume
1753599989000,07:06:29.000,gateio,A/USDT:USDT,0.5829,4349.0,0.5827,355.0,0.5831,22.0,0.5832,30.0
1753599990554,07:06:30.554,gateio,A/USDT:USDT,0.5829,4349.0,0.5827,355.0,0.5831,22.0,0.5832,30.0
1753599990763,07:06:30.763,gateio,A/USDT:USDT,0.5829,4349.0,0.5827,355.0,0.5831,22.0,0.5832,30.0
1753599991355,07:06:31.355,gateio,A/USDT:USDT,0.5829,4349.0,0.5827,355.0,0.5831,22.0,0.5832,30.0
1753599991422,07:06:31.422,gateio,A/USDT:USDT,0.5829,4349.0,0.5827,355.0,0.5831,22.0,0.5832,30.0
1753599991743,07:06:31.743,gateio,A/USDT:USDT,0.5829,4349.0,0.5827,355.0,0.5831,22.0,0.5832,30.0
1753599991855,07:06:31.855,gateio,A/USDT:USDT,0.5829,4349.0,0.5827,355.0,0.5831,22.0,0.5832,30.0
1753599991987,07:06:31.987,gateio,A/USDT:USDT,0.5829,4349.0,0.5827,355.0,0.5831,22.0,0.5832,30.0
1753599992275,07:06:32.275,gateio,A/USDT:USDT,0.5829,4349.0,0.5827,355.0,0.5831,22.0,0.5832,15.0
1753599992334,07:06:32.334,gateio,A/USDT:USDT,0.5829,4349.0,0.5827,355.0,0.5831,22.0,0.5832,15.0
1753599992405,07:06:32.405,gateio,A/USDT:USDT,0.5829,4349.0,0.5827,355.0,0.5831,22.0,0.5833,34.0
1753599992557,07:06:32.557,gateio,A/USDT:USDT,0.5829,4349.0,0.5827,355.0,0.5831,22.0,0.5833,34.0
1753599992819,07:06:32.819,gateio,A/USDT:USDT,0.5829,4349.0,0.5827,355.0,0.5831,22.0,0.5833,34.0
1753599993342,07:06:33.342,gateio,A/USDT:USDT,0.5829,4349.0,0.5827,355.0,0.5831,22.0,0.5833,34.0
1753599993636,07:06:33.636,gateio,A/USDT:USDT,0.5829,4349.0,0.5827,355.0,0.5831,22.0,0.5833,34.0
1753599994040,07:06:34.040,gateio,A/USDT:USDT,0.5829,4349.0,0.5827,355.0,0.5831,22.0,0.5833,34.0
1753599994454,07:06:34.454,gateio,A/USDT:USDT,0.5829,4349.0,0.5827,355.0,0.5831,22.0,0.5833,34.0
1753599994875,07:06:34.875,gateio,A/USDT:USDT,0.5829,4349.0,0.5827,355.0,0.5831,22.0,0.5833,34.0
1753599995320,07:06:35.320,gateio,A/USDT:USDT,0.5829,4349.0,0.5827,355.0,0.5831,22.0,0.5833,34.0
1753599995442,07:06:35.442,gateio,A/USDT:USDT,0.5829,4349.0,0.5827,355.0,0.5831,22.0,0.5833,34.0
1753599995778,07:06:35.778,gateio,A/USDT:USDT,0.5829,4340.0,0.5827,355.0,0.5831,22.0,0.5833,34.0
1753599995786,07:06:35.786,gateio,A/USDT:USDT,0.5829,4349.0,0.5827,355.0,0.5831,22.0,0.5833,34.0
1753599996011,07:06:36.011,gateio,A/USDT:USDT,0.5829,4349.0,0.5827,355.0,0.5831,22.0,0.5833,34.0
1753599996093,07:06:36.093,gateio,A/USDT:USDT,0.5829,4349.0,0.5827,355.0,0.5831,22.0,0.5833,34.0
1753599997834,07:06:37.834,gateio,A/USDT:USDT,0.5829,4349.0,0.5827,355.0,0.5831,37.0,0.5833,34.0
1753599997889,07:06:37.889,gateio,A/USDT:USDT,0.5829,4351.0,0.5827,355.0,0.5831,22.0,0.5833,34.0
1753599998115,07:06:38.115,gateio,A/USDT:USDT,0.5829,4351.0,0.5827,355.0,0.5831,22.0,0.5833,34.0
1753599999219,07:06:39.219,gateio,A/USDT:USDT,0.5829,4351.0,0.5827,355.0,0.5831,22.0,0.5833,34.0
1753599999361,07:06:39.361,gateio,A/USDT:USDT,0.5829,4351.0,0.5827,355.0,0.5831,22.0,0.5833,34.0
1753599999719,07:06:39.719,gateio,A/USDT:USDT,0.5829,4351.0,0.5827,355.0,0.5831,22.0,0.5833,34.0
1753600000014,07:06:40.014,gateio,A/USDT:USDT,0.5829,4351.0,0.5827,355.0,0.5831,22.0,0.5833,34.0
1753600000122,07:06:40.122,gateio,A/USDT:USDT,0.5829,4351.0,0.5827,355.0,0.5831,22.0,0.5833,34.0
1753600000236,07:06:40.236,gateio,A/USDT:USDT,0.5829,4351.0,0.5827,355.0,0.5831,22.0,0.5833,34.0
1753600000376,07:06:40.376,gateio,A/USDT:USDT,0.5829,4351.0,0.5827,355.0,0.5831,22.0,0.5833,34.0
1753600000469,07:06:40.469,gateio,A/USDT:USDT,0.5829,4366.0,0.5827,355.0,0.5831,22.0,0.5833,34.0
1753600000567,07:06:40.567,gateio,A/USDT:USDT,0.5829,4366.0,0.5827,355.0,0.5831,22.0,0.5833,34.0
1753600000675,07:06:40.675,gateio,A/USDT:USDT,0.5829,11.0,0.5824,13104.0,0.5831,52.0,0.5833,34.0
1753600000775,07:06:40.775,gateio,A/USDT:USDT,0.5825,426.0,0.5824,1618.0,0.5831,22.0,0.5833,34.0
1753600000810,07:06:40.810,gateio,A/USDT:USDT,0.5826,4370.0,0.5825,399.0,0.5828,22.0,0.5833,34.0
1753600000896,07:06:40.896,gateio,A/USDT:USDT,0.5826,4370.0,0.5825,399.0,0.5828,22.0,0.5833,34.0
1753600001004,07:06:41.004,gateio,A/USDT:USDT,0.5826,4370.0,0.5825,399.0,0.5828,22.0,0.5833,34.0
1753600001170,07:06:41.170,gateio,A/USDT:USDT,0.5826,4370.0,0.5825,399.0,0.5828,22.0,0.5833,34.0
1753600001462,07:06:41.462,gateio,A/USDT:USDT,0.5826,4370.0,0.5825,384.0,0.5828,22.0,0.5833,34.0
1753600001490,07:06:41.490,gateio,A/USDT:USDT,0.5826,4370.0,0.5825,384.0,0.5828,22.0,0.5833,34.0
1753600001723,07:06:41.723,gateio,A/USDT:USDT,0.5826,4370.0,0.5825,384.0,0.5828,22.0,0.5831,34.0
1753600001827,07:06:41.827,gateio,A/USDT:USDT,0.5826,4370.0,0.5825,384.0,0.5828,22.0,0.5831,34.0
1753600002269,07:06:42.269,gateio,A/USDT:USDT,0.5826,4370.0,0.5825,399.0,0.5828,22.0,0.5831,34.0
1753600002364,07:06:42.364,gateio,A/USDT:USDT,0.5826,4370.0,0.5825,399.0,0.5828,22.0,0.5831,34.0
1753600002821,07:06:42.821,gateio,A/USDT:USDT,0.5826,4370.0,0.5825,399.0,0.5828,22.0,0.5831,34.0
1753600003049,07:06:43.049,gateio,A/USDT:USDT,0.5826,4370.0,0.5825,399.0,0.5828,22.0,0.5831,34.0
1753600003363,07:06:43.363,gateio,A/USDT:USDT,0.5826,4370.0,0.5825,399.0,0.5828,22.0,0.5831,34.0
1753600003485,07:06:43.485,gateio,A/USDT:USDT,0.5826,4370.0,0.5825,399.0,0.5828,22.0,0.5831,34.0
1753600003871,07:06:43.871,gateio,A/USDT:USDT,0.5826,4380.0,0.5825,389.0,0.5828,22.0,0.5831,34.0
1753600003963,07:06:43.963,gateio,A/USDT:USDT,0.5826,4365.0,0.5825,389.0,0.5828,22.0,0.5831,34.0
1753600004112,07:06:44.112,gateio,A/USDT:USDT,0.5826,4365.0,0.5825,374.0,0.5828,22.0,0.5829,15.0
1753600004200,07:06:44.200,gateio,A/USDT:USDT,0.5826,4365.0,0.5825,374.0,0.5828,22.0,0.5829,15.0
1753600004397,07:06:44.397,gateio,A/USDT:USDT,0.5826,4365.0,0.5825,374.0,0.5828,22.0,0.5829,15.0
1753600004805,07:06:44.805,gateio,A/USDT:USDT,0.5826,4365.0,0.5825,404.0,0.5828,22.0,0.5831,34.0
1753600004926,07:06:44.926,gateio,A/USDT:USDT,0.5826,4365.0,0.5825,404.0,0.5828,22.0,0.5831,34.0
1753600005771,07:06:45.771,gateio,A/USDT:USDT,0.5826,4365.0,0.5825,404.0,0.5828,22.0,0.5831,34.0
1753600005824,07:06:45.824,gateio,A/USDT:USDT,0.5826,4365.0,0.5825,404.0,0.5828,22.0,0.5831,34.0
1753600005939,07:06:45.939,gateio,A/USDT:USDT,0.5826,4365.0,0.5825,404.0,0.5828,22.0,0.5831,34.0
1753600006036,07:06:46.036,gateio,A/USDT:USDT,0.5826,4365.0,0.5825,404.0,0.5828,22.0,0.5831,34.0
1753600006249,07:06:46.249,gateio,A/USDT:USDT,0.5826,4365.0,0.5825,404.0,0.5828,22.0,0.5831,34.0
1753600006374,07:06:46.374,gateio,A/USDT:USDT,0.5821,1283.0,0.582,260.0,0.5828,748.0,0.5829,385.0
1753600006437,07:06:46.437,gateio,A/USDT:USDT,0.5821,380.0,0.582,371.0,0.5825,22.0,0.5828,711.0
1753600006562,07:06:46.562,gateio,A/USDT:USDT,0.5821,380.0,0.582,371.0,0.5825,22.0,0.5828,711.0
1753600006645,07:06:46.645,gateio,A/USDT:USDT,0.5822,4359.0,0.5821,380.0,0.5825,22.0,0.5828,711.0
1753600006759,07:06:46.759,gateio,A/USDT:USDT,0.5823,42.0,0.5822,4359.0,0.5825,22.0,0.5826,30.0
1753600006784,07:06:46.784,gateio,A/USDT:USDT,0.5823,42.0,0.5822,4359.0,0.5825,22.0,0.5826,30.0
1753600007178,07:06:47.178,gateio,A/USDT:USDT,0.5823,42.0,0.5822,4359.0,0.5825,22.0,0.5826,30.0
1753600007608,07:06:47.608,gateio,A/USDT:USDT,0.5823,42.0,0.5822,4359.0,0.5825,22.0,0.5826,30.0
1753600007726,07:06:47.726,gateio,A/USDT:USDT,0.5823,42.0,0.5822,4359.0,0.5825,22.0,0.5828,711.0
1753600007946,07:06:47.946,gateio,A/USDT:USDT,0.5823,42.0,0.5822,4359.0,0.5825,22.0,0.5828,711.0
1753600008445,07:06:48.445,gateio,A/USDT:USDT,0.5823,42.0,0.5822,4359.0,0.5825,22.0,0.5828,711.0
1753600008481,07:06:48.481,gateio,A/USDT:USDT,0.5823,42.0,0.5822,4359.0,0.5825,22.0,0.5826,15.0
1753600008948,07:06:48.948,gateio,A/USDT:USDT,0.5823,42.0,0.5822,4359.0,0.5825,22.0,0.5826,30.0
1753600009471,07:06:49.471,gateio,A/USDT:USDT,0.5823,42.0,0.5822,4359.0,0.5825,22.0,0.5826,30.0
1753600009503,07:06:49.503,gateio,A/USDT:USDT,0.5823,42.0,0.5822,4359.0,0.5825,22.0,0.5826,30.0
1753600010334,07:06:50.334,gateio,A/USDT:USDT,0.5823,42.0,0.5822,4359.0,0.5825,22.0,0.5826,30.0
1753600010626,07:06:50.626,gateio,A/USDT:USDT,0.5823,42.0,0.5822,4359.0,0.5825,22.0,0.5826,30.0
1753600010749,07:06:50.749,gateio,A/USDT:USDT,0.5823,65.0,0.5822,4359.0,0.5825,22.0,0.5826,30.0
1753600011320,07:06:51.320,gateio,A/USDT:USDT,0.5823,65.0,0.5822,4359.0,0.5825,22.0,0.5826,30.0
1753600011414,07:06:51.414,gateio,A/USDT:USDT,0.5823,65.0,0.5822,4359.0,0.5825,22.0,0.5826,30.0
1753600011698,07:06:51.698,gateio,A/USDT:USDT,0.5823,65.0,0.5822,4359.0,0.5825,22.0,0.5826,30.0
1753600012055,07:06:52.055,gateio,A/USDT:USDT,0.5823,65.0,0.5822,4359.0,0.5825,22.0,0.5826,30.0
1753600012229,07:06:52.229,gateio,A/USDT:USDT,0.5823,65.0,0.5822,4359.0,0.5825,22.0,0.5826,30.0
1753600012462,07:06:52.462,gateio,A/USDT:USDT,0.5823,65.0,0.5822,4359.0,0.5825,22.0,0.5826,30.0
1753600012483,07:06:52.483,gateio,A/USDT:USDT,0.5823,65.0,0.5822,4359.0,0.5825,22.0,0.5826,30.0
1753600012612,07:06:52.612,gateio,A/USDT:USDT,0.5823,65.0,0.5822,4359.0,0.5825,22.0,0.5826,30.0
1753600012879,07:06:52.879,gateio,A/USDT:USDT,0.582,2.0,0.5818,12677.0,0.5825,22.0,0.5826,30.0
1753600012979,07:06:52.979,gateio,A/USDT:USDT,0.582,8.0,0.5819,42.0,0.5824,30.0,0.5825,377.0
1753600013046,07:06:53.046,gateio,A/USDT:USDT,0.582,8.0,0.5817,355.0,0.5824,30.0,0.5825,377.0
1753600013136,07:06:53.136,gateio,A/USDT:USDT,0.582,8.0,0.5818,4365.0,0.5824,30.0,0.5825,377.0
1753600013278,07:06:53.278,gateio,A/USDT:USDT,0.582,8.0,0.5819,6.0,0.5824,30.0,0.5825,377.0
1753600013370,07:06:53.370,gateio,A/USDT:USDT,0.582,8.0,0.5819,6.0,0.5824,30.0,0.5825,377.0
1753600014111,07:06:54.111,gateio,A/USDT:USDT,0.582,8.0,0.5819,6.0,0.5824,30.0,0.5825,377.0
1753600014527,07:06:54.527,gateio,A/USDT:USDT,0.582,8.0,0.5819,6.0,0.5824,30.0,0.5825,377.0
1753600014844,07:06:54.844,gateio,A/USDT:USDT,0.582,8.0,0.5819,6.0,0.5824,30.0,0.5825,377.0
1753600014943,07:06:54.943,gateio,A/USDT:USDT,0.582,8.0,0.5819,6.0,0.5824,30.0,0.5825,377.0
1753600015203,07:06:55.203,gateio,A/USDT:USDT,0.582,8.0,0.5819,6.0,0.5824,30.0,0.5825,377.0
1753600015357,07:06:55.357,gateio,A/USDT:USDT,0.582,8.0,0.5819,6.0,0.5824,30.0,0.5825,377.0
1753600015859,07:06:55.859,gateio,A/USDT:USDT,0.582,8.0,0.5819,6.0,0.5824,30.0,0.5825,377.0
1753600016365,07:06:56.365,gateio,A/USDT:USDT,0.582,8.0,0.5819,6.0,0.5824,741.0,0.5825,377.0
1753600016577,07:06:56.577,gateio,A/USDT:USDT,0.582,8.0,0.5819,6.0,0.5824,741.0,0.5825,377.0
1753600016651,07:06:56.651,gateio,A/USDT:USDT,0.582,8.0,0.5819,6.0,0.5824,741.0,0.5825,377.0
1753600016778,07:06:56.778,gateio,A/USDT:USDT,0.582,8.0,0.5819,6.0,0.5824,741.0,0.5825,377.0
1753600016865,07:06:56.865,gateio,A/USDT:USDT,0.582,8.0,0.5819,6.0,0.5824,741.0,0.5825,377.0
1753600016882,07:06:56.882,gateio,A/USDT:USDT,0.582,8.0,0.5819,6.0,0.5824,741.0,0.5825,377.0
1753600016988,07:06:56.988,gateio,A/USDT:USDT,0.582,8.0,0.5819,6.0,0.5824,741.0,0.5825,377.0
1753600017130,07:06:57.130,gateio,A/USDT:USDT,0.582,8.0,0.5819,6.0,0.5824,741.0,0.5825,377.0
1753600017242,07:06:57.242,gateio,A/USDT:USDT,0.582,8.0,0.5819,6.0,0.5824,741.0,0.5825,377.0
1753600017286,07:06:57.286,gateio,A/USDT:USDT,0.582,8.0,0.5817,361.0,0.5824,741.0,0.5825,377.0
1753600017383,07:06:57.383,gateio,A/USDT:USDT,0.582,8.0,0.5817,361.0,0.5824,741.0,0.5825,377.0
1753600017491,07:06:57.491,gateio,A/USDT:USDT,0.582,8.0,0.5817,361.0,0.5824,741.0,0.5825,377.0
1753600017734,07:06:57.734,gateio,A/USDT:USDT,0.582,8.0,0.5817,361.0,0.5822,385.0,0.5823,30.0
1753600017834,07:06:57.834,gateio,A/USDT:USDT,0.582,8.0,0.5817,361.0,0.5821,22.0,0.5822,385.0
1753600017893,07:06:57.893,gateio,A/USDT:USDT,0.582,8.0,0.5817,361.0,0.5821,22.0,0.5822,385.0
1753600018121,07:06:58.121,gateio,A/USDT:USDT,0.582,8.0,0.5817,361.0,0.5821,22.0,0.5822,385.0
1753600018211,07:06:58.211,gateio,A/USDT:USDT,0.582,8.0,0.5817,361.0,0.5821,22.0,0.5822,385.0
1753600018883,07:06:58.883,gateio,A/USDT:USDT,0.582,8.0,0.5817,361.0,0.5821,22.0,0.5822,385.0
1753600019028,07:06:59.028,gateio,A/USDT:USDT,0.582,8.0,0.5817,361.0,0.5821,22.0,0.5822,385.0
1753600019192,07:06:59.192,gateio,A/USDT:USDT,0.582,8.0,0.5817,361.0,0.5821,22.0,0.5822,385.0
1753600019520,07:06:59.520,gateio,A/USDT:USDT,0.582,8.0,0.5817,361.0,0.5821,22.0,0.5822,385.0
1753600019662,07:06:59.662,gateio,A/USDT:USDT,0.582,8.0,0.5817,361.0,0.5821,22.0,0.5822,385.0
1753600019745,07:06:59.745,gateio,A/USDT:USDT,0.582,8.0,0.5817,361.0,0.5821,22.0,0.5822,30.0
1753600020115,07:07:00.115,gateio,A/USDT:USDT,0.582,8.0,0.5817,361.0,0.5821,22.0,0.5822,30.0
1753600020245,07:07:00.245,gateio,A/USDT:USDT,0.582,8.0,0.5817,361.0,0.5821,22.0,0.5822,30.0
1753600020298,07:07:00.298,gateio,A/USDT:USDT,0.582,8.0,0.5817,361.0,0.5821,22.0,0.5822,30.0
1753600020380,07:07:00.380,gateio,A/USDT:USDT,0.582,8.0,0.5817,361.0,0.5821,22.0,0.5822,30.0
1753600020795,07:07:00.795,gateio,A/USDT:USDT,0.582,8.0,0.5817,361.0,0.5821,22.0,0.5822,30.0
1753600021148,07:07:01.148,gateio,A/USDT:USDT,0.582,8.0,0.5817,361.0,0.5821,22.0,0.5822,30.0
1753600021355,07:07:01.355,gateio,A/USDT:USDT,0.582,8.0,0.5817,361.0,0.5821,22.0,0.5822,30.0
1753600021477,07:07:01.477,gateio,A/USDT:USDT,0.582,8.0,0.5817,361.0,0.5821,22.0,0.5822,30.0
1753600022398,07:07:02.398,gateio,A/USDT:USDT,0.582,8.0,0.5817,361.0,0.5821,22.0,0.5822,30.0
1753600023035,07:07:03.035,gateio,A/USDT:USDT,0.582,8.0,0.5817,361.0,0.5821,22.0,0.5822,30.0
1753600023302,07:07:03.302,gateio,A/USDT:USDT,0.582,8.0,0.5817,361.0,0.5821,22.0,0.5822,30.0
1753600024320,07:07:04.320,gateio,A/USDT:USDT,0.582,8.0,0.5817,361.0,0.5821,22.0,0.5822,30.0
1753600025173,07:07:05.173,gateio,A/USDT:USDT,0.582,8.0,0.5817,361.0,0.5821,22.0,0.5822,30.0
1753600025542,07:07:05.542,gateio,A/USDT:USDT,0.582,8.0,0.5817,361.0,0.5821,22.0,0.5822,30.0
1753600025896,07:07:05.896,gateio,A/USDT:USDT,0.582,8.0,0.5817,361.0,0.5821,22.0,0.5822,30.0
1753600026037,07:07:06.037,gateio,A/USDT:USDT,0.582,8.0,0.5817,361.0,0.5821,22.0,0.5822,30.0
1753600026868,07:07:06.868,gateio,A/USDT:USDT,0.582,8.0,0.5817,361.0,0.5821,22.0,0.5822,30.0
1753600027252,07:07:07.252,gateio,A/USDT:USDT,0.582,8.0,0.5817,361.0,0.5821,22.0,0.5822,30.0
1753600027755,07:07:07.755,gateio,A/USDT:USDT,0.582,8.0,0.5817,361.0,0.5821,22.0,0.5822,30.0
1753600027968,07:07:07.968,gateio,A/USDT:USDT,0.582,8.0,0.5817,361.0,0.5821,22.0,0.5822,30.0
1753600028320,07:07:08.320,gateio,A/USDT:USDT,0.582,8.0,0.5817,361.0,0.5821,22.0,0.5822,30.0
1753600028973,07:07:08.973,gateio,A/USDT:USDT,0.582,8.0,0.5817,361.0,0.5821,22.0,0.5822,30.0
1753600029077,07:07:09.077,gateio,A/USDT:USDT,0.582,8.0,0.5817,361.0,0.5821,22.0,0.5822,30.0
1753600029142,07:07:09.142,gateio,A/USDT:USDT,0.582,8.0,0.5817,361.0,0.5821,22.0,0.5822,30.0
1753600029195,07:07:09.195,gateio,A/USDT:USDT,0.582,8.0,0.5817,361.0,0.5821,22.0,0.5822,30.0
1753600029950,07:07:09.950,gateio,A/USDT:USDT,0.582,8.0,0.5817,361.0,0.5821,22.0,0.5822,30.0
1753600030103,07:07:10.103,gateio,A/USDT:USDT,0.582,8.0,0.5817,361.0,0.5821,22.0,0.5822,30.0
1753600030372,07:07:10.372,gateio,A/USDT:USDT,0.582,8.0,0.5817,361.0,0.5821,22.0,0.5822,30.0
1753600030462,07:07:10.462,gateio,A/USDT:USDT,0.582,8.0,0.5817,361.0,0.5821,22.0,0.5822,30.0
1753600031233,07:07:11.233,gateio,A/USDT:USDT,0.582,8.0,0.5817,361.0,0.5821,22.0,0.5822,30.0
1753600031369,07:07:11.369,gateio,A/USDT:USDT,0.582,8.0,0.5819,15.0,0.5821,22.0,0.5822,30.0
1753600032142,07:07:12.142,gateio,A/USDT:USDT,0.582,8.0,0.5819,15.0,0.5821,22.0,0.5822,30.0
1753600033175,07:07:13.175,gateio,A/USDT:USDT,0.582,2.0,0.5819,15.0,0.5821,22.0,0.5822,30.0
1753600033675,07:07:13.675,gateio,A/USDT:USDT,0.582,2.0,0.5817,361.0,0.5821,22.0,0.5822,30.0
1753600033778,07:07:13.778,gateio,A/USDT:USDT,0.582,2.0,0.5817,6.0,0.5821,22.0,0.5822,767.0
1753600033815,07:07:13.815,gateio,A/USDT:USDT,0.582,2.0,0.5817,6.0,0.5821,22.0,0.5822,767.0
1753600033922,07:07:13.922,gateio,A/USDT:USDT,0.582,2.0,0.5817,6.0,0.5821,22.0,0.5822,767.0
1753600034049,07:07:14.049,gateio,A/USDT:USDT,0.582,2.0,0.5817,6.0,0.5821,22.0,0.5822,767.0
1753600034262,07:07:14.262,gateio,A/USDT:USDT,0.582,2.0,0.5817,6.0,0.5821,22.0,0.5822,767.0
1753600034378,07:07:14.378,gateio,A/USDT:USDT,0.582,2.0,0.5817,6.0,0.5821,22.0,0.5822,767.0
1753600034465,07:07:14.465,gateio,A/USDT:USDT,0.582,2.0,0.5814,261.0,0.5821,22.0,0.5822,767.0
1753600034512,07:07:14.512,gateio,A/USDT:USDT,0.582,2.0,0.5814,267.0,0.5821,22.0,0.5822,767.0
1753600034647,07:07:14.647,gateio,A/USDT:USDT,0.582,2.0,0.5814,267.0,0.5821,22.0,0.5822,767.0
1753600034704,07:07:14.704,gateio,A/USDT:USDT,0.582,2.0,0.5814,267.0,0.5821,22.0,0.5822,767.0
1753600035379,07:07:15.379,gateio,A/USDT:USDT,0.582,2.0,0.5814,267.0,0.5821,22.0,0.5822,767.0
1753600035472,07:07:15.472,gateio,A/USDT:USDT,0.582,2.0,0.5814,267.0,0.5821,22.0,0.5822,767.0
1753600035626,07:07:15.626,gateio,A/USDT:USDT,0.582,2.0,0.5814,267.0,0.5821,22.0,0.5822,767.0
1753600038064,07:07:18.064,gateio,A/USDT:USDT,0.582,2.0,0.5814,267.0,0.5821,22.0,0.5822,767.0
1753600038539,07:07:18.539,gateio,A/USDT:USDT,0.582,2.0,0.5814,267.0,0.5821,22.0,0.5822,767.0
1753600039307,07:07:19.307,gateio,A/USDT:USDT,0.582,2.0,0.5814,267.0,0.5821,22.0,0.5822,767.0
1753600039523,07:07:19.523,gateio,A/USDT:USDT,0.582,2.0,0.5814,267.0,0.5821,22.0,0.5822,767.0
1753600039807,07:07:19.807,gateio,A/USDT:USDT,0.582,2.0,0.5814,267.0,0.5821,22.0,0.5822,767.0
1753600040092,07:07:20.092,gateio,A/USDT:USDT,0.582,2.0,0.5814,267.0,0.5821,22.0,0.5822,767.0
1753600040256,07:07:20.256,gateio,A/USDT:USDT,0.582,2.0,0.5814,267.0,0.5821,22.0,0.5822,767.0
1753600040422,07:07:20.422,gateio,A/USDT:USDT,0.582,2.0,0.5814,267.0,0.5821,22.0,0.5822,767.0
1753600040874,07:07:20.874,gateio,A/USDT:USDT,0.582,2.0,0.5814,267.0,0.5821,22.0,0.5822,767.0
1753600040918,07:07:20.918,gateio,A/USDT:USDT,0.582,2.0,0.5815,14.0,0.5821,22.0,0.5822,767.0
1753600040989,07:07:20.989,gateio,A/USDT:USDT,0.582,2.0,0.5815,14.0,0.5821,22.0,0.5822,767.0
1753600041174,07:07:21.174,gateio,A/USDT:USDT,0.582,2.0,0.5815,14.0,0.5821,22.0,0.5822,767.0
1753600041243,07:07:21.243,gateio,A/USDT:USDT,0.582,2.0,0.5815,14.0,0.5821,22.0,0.5822,767.0
1753600041288,07:07:21.288,gateio,A/USDT:USDT,0.582,2.0,0.5815,14.0,0.5821,22.0,0.5822,767.0
1753600041387,07:07:21.387,gateio,A/USDT:USDT,0.582,2.0,0.5815,14.0,0.5821,22.0,0.5822,767.0
1753600041487,07:07:21.487,gateio,A/USDT:USDT,0.582,2.0,0.5814,267.0,0.5821,22.0,0.5822,767.0
1753600042762,07:07:22.762,gateio,A/USDT:USDT,0.582,2.0,0.5814,267.0,0.5821,22.0,0.5822,767.0
1753600043071,07:07:23.071,gateio,A/USDT:USDT,0.582,2.0,0.5814,267.0,0.5821,22.0,0.5822,767.0
1753600044326,07:07:24.326,gateio,A/USDT:USDT,0.582,2.0,0.5814,267.0,0.5821,22.0,0.5822,767.0
1753600044928,07:07:24.928,gateio,A/USDT:USDT,0.582,2.0,0.5814,267.0,0.5821,22.0,0.5822,767.0
1753600045059,07:07:25.059,gateio,A/USDT:USDT,0.582,2.0,0.5814,267.0,0.5821,22.0,0.5822,767.0
1753600045477,07:07:25.477,gateio,A/USDT:USDT,0.582,2.0,0.5814,267.0,0.5821,22.0,0.5822,767.0
1753600046234,07:07:26.234,gateio,A/USDT:USDT,0.582,2.0,0.5814,267.0,0.5821,22.0,0.5822,767.0
1753600046332,07:07:26.332,gateio,A/USDT:USDT,0.582,2.0,0.5814,267.0,0.5821,22.0,0.5822,767.0
1753600047639,07:07:27.639,gateio,A/USDT:USDT,0.582,2.0,0.5814,267.0,0.5821,22.0,0.5822,767.0
1753600048702,07:07:28.702,gateio,A/USDT:USDT,0.582,2.0,0.5814,267.0,0.5821,22.0,0.5822,767.0
1753600049142,07:07:29.142,gateio,A/USDT:USDT,0.582,2.0,0.5814,267.0,0.5821,22.0,0.5822,767.0
1753600049829,07:07:29.829,gateio,A/USDT:USDT,0.582,2.0,0.5814,267.0,0.5821,22.0,0.5822,752.0
1753600049972,07:07:29.972,gateio,A/USDT:USDT,0.582,2.0,0.5814,267.0,0.5821,22.0,0.5822,752.0
1753600050049,07:07:30.049,gateio,A/USDT:USDT,0.582,2.0,0.5814,267.0,0.5821,22.0,0.5822,752.0
1753600050268,07:07:30.268,gateio,A/USDT:USDT,0.582,2.0,0.5814,267.0,0.5821,22.0,0.5822,752.0
1753600050528,07:07:30.528,gateio,A/USDT:USDT,0.582,2.0,0.5814,267.0,0.5821,22.0,0.5822,752.0
1753600050784,07:07:30.784,gateio,A/USDT:USDT,0.582,2.0,0.5814,267.0,0.5821,22.0,0.5822,752.0
1753600051946,07:07:31.946,gateio,A/USDT:USDT,0.582,2.0,0.5814,267.0,0.5821,22.0,0.5822,752.0
1753600052152,07:07:32.152,gateio,A/USDT:USDT,0.582,2.0,0.5814,267.0,0.5821,22.0,0.5822,752.0
1753600052263,07:07:32.263,gateio,A/USDT:USDT,0.582,2.0,0.5814,267.0,0.5821,22.0,0.5822,752.0
1753600052462,07:07:32.462,gateio,A/USDT:USDT,0.582,2.0,0.5814,267.0,0.5821,22.0,0.5822,2007.0
1753600052487,07:07:32.487,gateio,A/USDT:USDT,0.582,2.0,0.5814,267.0,0.5821,22.0,0.5822,2047.0
1753600052743,07:07:32.743,gateio,A/USDT:USDT,0.582,2.0,0.5814,267.0,0.5821,22.0,0.5822,2047.0
1753600053464,07:07:33.464,gateio,A/USDT:USDT,0.582,2.0,0.5818,15.0,0.5821,22.0,0.5822,2032.0
1753600053569,07:07:33.569,gateio,A/USDT:USDT,0.582,2.0,0.5814,267.0,0.5821,22.0,0.5822,2032.0
1753600053763,07:07:33.763,gateio,A/USDT:USDT,0.582,2.0,0.5814,267.0,0.5821,22.0,0.5822,2032.0
1753600053921,07:07:33.921,gateio,A/USDT:USDT,0.582,2.0,0.5814,267.0,0.5821,22.0,0.5822,2032.0
1753600054085,07:07:34.085,gateio,A/USDT:USDT,0.582,2.0,0.5814,267.0,0.5821,22.0,0.5822,2032.0
1753600054773,07:07:34.773,gateio,A/USDT:USDT,0.582,2.0,0.5814,267.0,0.5821,22.0,0.5822,2032.0
1753600054782,07:07:34.782,gateio,A/USDT:USDT,0.582,2.0,0.5814,267.0,0.5821,22.0,0.5822,2032.0
1753600054998,07:07:34.998,gateio,A/USDT:USDT,0.582,2.0,0.5814,267.0,0.5821,22.0,0.5822,2032.0
1753600055240,07:07:35.240,gateio,A/USDT:USDT,0.582,2.0,0.5814,267.0,0.5821,22.0,0.5822,2032.0
1753600055446,07:07:35.446,gateio,A/USDT:USDT,0.582,2.0,0.5814,267.0,0.5821,22.0,0.5822,2032.0
1753600055682,07:07:35.682,gateio,A/USDT:USDT,0.582,2.0,0.5814,267.0,0.5821,22.0,0.5822,2032.0
1753600057339,07:07:37.339,gateio,A/USDT:USDT,0.582,2.0,0.5814,267.0,0.5821,22.0,0.5822,2032.0
1753600057427,07:07:37.427,gateio,A/USDT:USDT,0.582,2.0,0.5815,14.0,0.5821,22.0,0.5822,2032.0
1753600057486,07:07:37.486,gateio,A/USDT:USDT,0.582,2.0,0.5815,14.0,0.5821,22.0,0.5822,2032.0
1753600057634,07:07:37.634,gateio,A/USDT:USDT,0.582,2.0,0.5815,14.0,0.5821,22.0,0.5822,2032.0
1753600057776,07:07:37.776,gateio,A/USDT:USDT,0.582,2.0,0.5815,14.0,0.5821,22.0,0.5822,2032.0
1753600057863,07:07:37.863,gateio,A/USDT:USDT,0.582,2.0,0.5815,14.0,0.5821,22.0,0.5822,2032.0
1753600057948,07:07:37.948,gateio,A/USDT:USDT,0.582,2.0,0.5815,14.0,0.5821,22.0,0.5822,2032.0
1753600058035,07:07:38.035,gateio,A/USDT:USDT,0.582,2.0,0.5815,14.0,0.5821,22.0,0.5822,2032.0
1753600058088,07:07:38.088,gateio,A/USDT:USDT,0.582,2.0,0.5815,14.0,0.5821,22.0,0.5822,2032.0
1753600058262,07:07:38.262,gateio,A/USDT:USDT,0.582,2.0,0.5815,14.0,0.5821,22.0,0.5822,2032.0
1753600058375,07:07:38.375,gateio,A/USDT:USDT,0.582,2.0,0.5815,14.0,0.5821,22.0,0.5822,2032.0
1753600058511,07:07:38.511,gateio,A/USDT:USDT,0.582,2.0,0.5815,14.0,0.5821,22.0,0.5822,2032.0
1753600058658,07:07:38.658,gateio,A/USDT:USDT,0.582,2.0,0.5815,14.0,0.5821,22.0,0.5822,2032.0
1753600058742,07:07:38.742,gateio,A/USDT:USDT,0.582,2.0,0.5815,14.0,0.5821,22.0,0.5822,2032.0
1753600058787,07:07:38.787,gateio,A/USDT:USDT,0.582,2.0,0.5815,14.0,0.5821,22.0,0.5822,2032.0
1753600058887,07:07:38.887,gateio,A/USDT:USDT,0.582,2.0,0.5815,14.0,0.5821,22.0,0.5822,2032.0
1753600058987,07:07:38.987,gateio,A/USDT:USDT,0.582,2.0,0.5815,14.0,0.5821,22.0,0.5822,2032.0
1753600059088,07:07:39.088,gateio,A/USDT:USDT,0.582,2.0,0.5815,14.0,0.5821,22.0,0.5822,2032.0
1753600059186,07:07:39.186,gateio,A/USDT:USDT,0.582,2.0,0.5815,14.0,0.5821,22.0,0.5822,2032.0
1753600059286,07:07:39.286,gateio,A/USDT:USDT,0.582,2.0,0.5815,14.0,0.5821,22.0,0.5822,2032.0
1753600059387,07:07:39.387,gateio,A/USDT:USDT,0.582,2.0,0.5815,14.0,0.5821,22.0,0.5822,2032.0
1753600059486,07:07:39.486,gateio,A/USDT:USDT,0.582,2.0,0.5815,14.0,0.5821,22.0,0.5822,2032.0
1753600059586,07:07:39.586,gateio,A/USDT:USDT,0.582,2.0,0.5815,14.0,0.5821,22.0,0.5822,2032.0
1753600059688,07:07:39.688,gateio,A/USDT:USDT,0.582,2.0,0.5815,14.0,0.5821,22.0,0.5822,2032.0
1753600059786,07:07:39.786,gateio,A/USDT:USDT,0.582,2.0,0.5815,14.0,0.5821,22.0,0.5822,2032.0
1753600059886,07:07:39.886,gateio,A/USDT:USDT,0.582,2.0,0.5815,14.0,0.5821,22.0,0.5822,2032.0
1753600059986,07:07:39.986,gateio,A/USDT:USDT,0.582,2.0,0.5815,14.0,0.5821,22.0,0.5822,2032.0
1753600060087,07:07:40.087,gateio,A/USDT:USDT,0.582,2.0,0.5815,14.0,0.5821,22.0,0.5822,2032.0
1753600060187,07:07:40.187,gateio,A/USDT:USDT,0.582,2.0,0.5815,14.0,0.5821,22.0,0.5822,2032.0
1753600060288,07:07:40.288,gateio,A/USDT:USDT,0.582,2.0,0.5815,14.0,0.5821,22.0,0.5822,2032.0
1753600060388,07:07:40.388,gateio,A/USDT:USDT,0.582,2.0,0.5815,14.0,0.5821,22.0,0.5822,2032.0
1753600060487,07:07:40.487,gateio,A/USDT:USDT,0.582,2.0,0.5815,14.0,0.5821,22.0,0.5822,2032.0
1753600060586,07:07:40.586,gateio,A/USDT:USDT,0.582,2.0,0.5815,14.0,0.5821,22.0,0.5822,2032.0
1753600060687,07:07:40.687,gateio,A/USDT:USDT,0.582,2.0,0.5815,14.0,0.5821,22.0,0.5822,2032.0
1753600060786,07:07:40.786,gateio,A/USDT:USDT,0.582,2.0,0.5815,14.0,0.5821,22.0,0.5822,2032.0
1753600060887,07:07:40.887,gateio,A/USDT:USDT,0.582,2.0,0.5815,14.0,0.5821,22.0,0.5822,2032.0
1753600060990,07:07:40.990,gateio,A/USDT:USDT,0.582,2.0,0.5815,14.0,0.5821,22.0,0.5822,2032.0
1753600061087,07:07:41.087,gateio,A/USDT:USDT,0.582,2.0,0.5815,14.0,0.5821,22.0,0.5822,2032.0
1753600061187,07:07:41.187,gateio,A/USDT:USDT,0.582,2.0,0.5815,14.0,0.5821,22.0,0.5822,2032.0
1753600061287,07:07:41.287,gateio,A/USDT:USDT,0.582,2.0,0.5815,14.0,0.5821,22.0,0.5822,2032.0
1753600061387,07:07:41.387,gateio,A/USDT:USDT,0.582,2.0,0.5815,14.0,0.5821,22.0,0.5822,2032.0
1753600061489,07:07:41.489,gateio,A/USDT:USDT,0.582,2.0,0.5815,14.0,0.5821,22.0,0.5822,2032.0
1753600061586,07:07:41.586,gateio,A/USDT:USDT,0.582,2.0,0.5815,14.0,0.5821,22.0,0.5822,2032.0
1753600061687,07:07:41.687,gateio,A/USDT:USDT,0.582,2.0,0.5815,14.0,0.5821,22.0,0.5822,2032.0
1753600061788,07:07:41.788,gateio,A/USDT:USDT,0.582,2.0,0.5815,14.0,0.5821,22.0,0.5822,2032.0
1753600061889,07:07:41.889,gateio,A/USDT:USDT,0.582,2.0,0.5815,14.0,0.5821,22.0,0.5822,2032.0
1753600061987,07:07:41.987,gateio,A/USDT:USDT,0.582,2.0,0.5815,14.0,0.5821,22.0,0.5822,2032.0
1753600062090,07:07:42.090,gateio,A/USDT:USDT,0.582,2.0,0.5815,14.0,0.5821,22.0,0.5822,2032.0
1753600062193,07:07:42.193,gateio,A/USDT:USDT,0.582,2.0,0.5815,14.0,0.5821,22.0,0.5822,2032.0
1753600062353,07:07:42.353,gateio,A/USDT:USDT,0.582,2.0,0.5815,14.0,0.5821,22.0,0.5822,2032.0
1753600062398,07:07:42.398,gateio,A/USDT:USDT,0.582,2.0,0.5815,14.0,0.5821,22.0,0.5822,2032.0
1753600062490,07:07:42.490,gateio,A/USDT:USDT,0.582,2.0,0.5815,14.0,0.5821,22.0,0.5822,2032.0
1753600062591,07:07:42.591,gateio,A/USDT:USDT,0.582,2.0,0.5815,14.0,0.5821,22.0,0.5822,2032.0
1753600062764,07:07:42.764,gateio,A/USDT:USDT,0.582,2.0,0.5815,14.0,0.5821,22.0,0.5822,2032.0
1753600062787,07:07:42.787,gateio,A/USDT:USDT,0.582,2.0,0.5815,14.0,0.5821,22.0,0.5822,2032.0
1753600062886,07:07:42.886,gateio,A/USDT:USDT,0.582,2.0,0.5815,14.0,0.5821,22.0,0.5822,2032.0
1753600062987,07:07:42.987,gateio,A/USDT:USDT,0.582,2.0,0.5815,14.0,0.5821,22.0,0.5822,2032.0
1753600063087,07:07:43.087,gateio,A/USDT:USDT,0.582,2.0,0.5815,14.0,0.5821,22.0,0.5822,2032.0
1753600063187,07:07:43.187,gateio,A/USDT:USDT,0.582,2.0,0.5815,14.0,0.5821,22.0,0.5822,2032.0
1753600063287,07:07:43.287,gateio,A/USDT:USDT,0.582,2.0,0.5815,14.0,0.5821,22.0,0.5822,2032.0
1753600063387,07:07:43.387,gateio,A/USDT:USDT,0.582,2.0,0.5815,14.0,0.5821,22.0,0.5822,2032.0
1753600063521,07:07:43.521,gateio,A/USDT:USDT,0.582,2.0,0.5815,14.0,0.5821,22.0,0.5822,2032.0
1753600063589,07:07:43.589,gateio,A/USDT:USDT,0.582,2.0,0.5815,14.0,0.5821,22.0,0.5822,2032.0
1753600063688,07:07:43.688,gateio,A/USDT:USDT,0.582,2.0,0.5815,14.0,0.5821,22.0,0.5822,2032.0
1753600063828,07:07:43.828,gateio,A/USDT:USDT,0.582,2.0,0.5815,14.0,0.5821,22.0,0.5822,2032.0
1753600063913,07:07:43.913,gateio,A/USDT:USDT,0.582,2.0,0.5815,14.0,0.5821,22.0,0.5822,2032.0
1753600063986,07:07:43.986,gateio,A/USDT:USDT,0.582,2.0,0.5815,14.0,0.5821,22.0,0.5822,2032.0
1753600064087,07:07:44.087,gateio,A/USDT:USDT,0.582,2.0,0.5815,14.0,0.5821,22.0,0.5822,2032.0
1753600064253,07:07:44.253,gateio,A/USDT:USDT,0.582,2.0,0.5815,14.0,0.5821,22.0,0.5822,2032.0
1753600064287,07:07:44.287,gateio,A/USDT:USDT,0.582,2.0,0.5815,14.0,0.5821,22.0,0.5822,2032.0
1753600064387,07:07:44.387,gateio,A/USDT:USDT,0.582,2.0,0.5815,14.0,0.5821,22.0,0.5822,2032.0
1753600064513,07:07:44.513,gateio,A/USDT:USDT,0.582,2.0,0.5815,14.0,0.5821,22.0,0.5822,2032.0
1753600064665,07:07:44.665,gateio,A/USDT:USDT,0.582,2.0,0.5815,14.0,0.5821,22.0,0.5822,2032.0
1753600064686,07:07:44.686,gateio,A/USDT:USDT,0.582,2.0,0.5815,14.0,0.5821,22.0,0.5822,2032.0
1753600064786,07:07:44.786,gateio,A/USDT:USDT,0.582,2.0,0.5815,16.0,0.5821,22.0,0.5822,2032.0
1753600064886,07:07:44.886,gateio,A/USDT:USDT,0.582,2.0,0.5815,16.0,0.5821,22.0,0.5822,2032.0
1753600064988,07:07:44.988,gateio,A/USDT:USDT,0.582,2.0,0.5815,16.0,0.5821,22.0,0.5822,2032.0
1753600065087,07:07:45.087,gateio,A/USDT:USDT,0.582,2.0,0.5815,16.0,0.5821,22.0,0.5822,2032.0
1753600065186,07:07:45.186,gateio,A/USDT:USDT,0.582,2.0,0.5815,16.0,0.5821,22.0,0.5822,2032.0
1753600065286,07:07:45.286,gateio,A/USDT:USDT,0.582,2.0,0.5815,16.0,0.5821,22.0,0.5822,2032.0
1753600065442,07:07:45.442,gateio,A/USDT:USDT,0.582,2.0,0.5815,16.0,0.5821,889.0,0.5822,2032.0
1753600065561,07:07:45.561,gateio,A/USDT:USDT,0.582,2.0,0.5815,14.0,0.5821,889.0,0.5822,2032.0
1753600065586,07:07:45.586,gateio,A/USDT:USDT,0.582,2.0,0.5815,14.0,0.5821,889.0,0.5822,2032.0
1753600065686,07:07:45.686,gateio,A/USDT:USDT,0.582,2.0,0.5815,14.0,0.5821,889.0,0.5822,2032.0
1753600065786,07:07:45.786,gateio,A/USDT:USDT,0.582,2.0,0.5815,14.0,0.5821,889.0,0.5822,2032.0
1753600065886,07:07:45.886,gateio,A/USDT:USDT,0.582,2.0,0.5815,14.0,0.5821,889.0,0.5822,2032.0
1753600065988,07:07:45.988,gateio,A/USDT:USDT,0.582,2.0,0.5815,14.0,0.5821,889.0,0.5822,2032.0
1753600066087,07:07:46.087,gateio,A/USDT:USDT,0.582,2.0,0.5815,14.0,0.5821,889.0,0.5822,2032.0
1753600066187,07:07:46.187,gateio,A/USDT:USDT,0.582,2.0,0.5815,14.0,0.5821,889.0,0.5822,2032.0
1753600066296,07:07:46.296,gateio,A/USDT:USDT,0.582,2.0,0.5815,14.0,0.5821,889.0,0.5822,2032.0
1753600066387,07:07:46.387,gateio,A/USDT:USDT,0.582,2.0,0.5815,14.0,0.5821,889.0,0.5822,2032.0
1753600066486,07:07:46.486,gateio,A/USDT:USDT,0.582,2.0,0.5815,14.0,0.5821,889.0,0.5822,2032.0
1753600066592,07:07:46.592,gateio,A/USDT:USDT,0.582,2.0,0.5815,14.0,0.5821,889.0,0.5822,2032.0
1753600066687,07:07:46.687,gateio,A/USDT:USDT,0.582,2.0,0.5815,14.0,0.5821,889.0,0.5822,2032.0
1753600066787,07:07:46.787,gateio,A/USDT:USDT,0.582,2.0,0.5815,14.0,0.5821,889.0,0.5822,2032.0
1753600066886,07:07:46.886,gateio,A/USDT:USDT,0.582,2.0,0.5815,14.0,0.5821,889.0,0.5822,2032.0
1753600066986,07:07:46.986,gateio,A/USDT:USDT,0.582,2.0,0.5815,14.0,0.5821,889.0,0.5822,2032.0
1753600067086,07:07:47.086,gateio,A/USDT:USDT,0.582,2.0,0.5815,14.0,0.5821,889.0,0.5822,2032.0
1753600067188,07:07:47.188,gateio,A/USDT:USDT,0.582,2.0,0.5815,14.0,0.5821,889.0,0.5822,2032.0
1753600067287,07:07:47.287,gateio,A/USDT:USDT,0.582,2.0,0.5815,14.0,0.5821,889.0,0.5822,2032.0
1753600067388,07:07:47.388,gateio,A/USDT:USDT,0.582,2.0,0.5815,14.0,0.5821,889.0,0.5822,2032.0
1753600067486,07:07:47.486,gateio,A/USDT:USDT,0.582,2.0,0.5815,14.0,0.5821,889.0,0.5822,2032.0
1753600067895,07:07:47.895,gateio,A/USDT:USDT,0.582,2.0,0.5815,16.0,0.5821,889.0,0.5822,2032.0
1753600067988,07:07:47.988,gateio,A/USDT:USDT,0.582,2.0,0.5815,16.0,0.5821,889.0,0.5822,2032.0
1753600068086,07:07:48.086,gateio,A/USDT:USDT,0.582,2.0,0.5815,16.0,0.5821,889.0,0.5822,2032.0
1753600068191,07:07:48.191,gateio,A/USDT:USDT,0.582,2.0,0.5815,16.0,0.5821,889.0,0.5822,2032.0
1753600068322,07:07:48.322,gateio,A/USDT:USDT,0.582,2.0,0.5815,16.0,0.5821,889.0,0.5822,2032.0
1753600068388,07:07:48.388,gateio,A/USDT:USDT,0.582,2.0,0.5815,16.0,0.5821,889.0,0.5822,2032.0
1753600068488,07:07:48.488,gateio,A/USDT:USDT,0.582,2.0,0.5815,14.0,0.5821,889.0,0.5822,2032.0
1753600068587,07:07:48.587,gateio,A/USDT:USDT,0.582,2.0,0.5815,14.0,0.5821,889.0,0.5822,2032.0
1753600068687,07:07:48.687,gateio,A/USDT:USDT,0.582,2.0,0.5815,14.0,0.5821,889.0,0.5822,2032.0
1753600068786,07:07:48.786,gateio,A/USDT:USDT,0.582,2.0,0.5815,14.0,0.5821,889.0,0.5822,2032.0
1753600068962,07:07:48.962,gateio,A/USDT:USDT,0.582,2.0,0.5815,14.0,0.5821,5232.0,0.5822,777.0
1753600068987,07:07:48.987,gateio,A/USDT:USDT,0.582,2.0,0.5815,14.0,0.5821,5232.0,0.5822,737.0
1753600069087,07:07:49.087,gateio,A/USDT:USDT,0.582,2.0,0.5815,14.0,0.5821,5232.0,0.5822,737.0
1753600069214,07:07:49.214,gateio,A/USDT:USDT,0.582,2.0,0.5815,14.0,0.5821,5232.0,0.5822,737.0
1753600069287,07:07:49.287,gateio,A/USDT:USDT,0.582,2.0,0.5815,14.0,0.5821,5232.0,0.5822,737.0
1753600069386,07:07:49.386,gateio,A/USDT:USDT,0.582,2.0,0.5815,14.0,0.5821,5232.0,0.5822,737.0
1753600069559,07:07:49.559,gateio,A/USDT:USDT,0.582,2.0,0.5815,14.0,0.5821,5232.0,0.5822,737.0
1753600069637,07:07:49.637,gateio,A/USDT:USDT,0.582,2.0,0.5815,14.0,0.5821,5232.0,0.5822,737.0
1753600069688,07:07:49.688,gateio,A/USDT:USDT,0.582,2.0,0.5815,14.0,0.5821,5232.0,0.5822,737.0
1753600069788,07:07:49.788,gateio,A/USDT:USDT,0.582,2.0,0.5815,14.0,0.5821,5232.0,0.5822,737.0
1753600069887,07:07:49.887,gateio,A/USDT:USDT,0.582,2.0,0.5815,14.0,0.5821,5232.0,0.5822,737.0
1753600070009,07:07:50.009,gateio,A/USDT:USDT,0.582,2.0,0.5815,14.0,0.5821,5232.0,0.5822,737.0
1753600070086,07:07:50.086,gateio,A/USDT:USDT,0.582,2.0,0.5815,14.0,0.5821,5232.0,0.5822,737.0
1753600070186,07:07:50.186,gateio,A/USDT:USDT,0.582,2.0,0.5815,14.0,0.5821,5232.0,0.5822,737.0
1753600070290,07:07:50.290,gateio,A/USDT:USDT,0.582,2.0,0.5815,14.0,0.5821,5232.0,0.5822,737.0
1753600070387,07:07:50.387,gateio,A/USDT:USDT,0.582,2.0,0.5815,14.0,0.5821,5232.0,0.5822,737.0
1753600070486,07:07:50.486,gateio,A/USDT:USDT,0.582,2.0,0.5815,14.0,0.5821,5232.0,0.5822,737.0
1753600070586,07:07:50.586,gateio,A/USDT:USDT,0.582,2.0,0.5815,14.0,0.5821,5232.0,0.5822,737.0
1753600070687,07:07:50.687,gateio,A/USDT:USDT,0.582,2.0,0.5815,14.0,0.5821,5232.0,0.5822,737.0
1753600070786,07:07:50.786,gateio,A/USDT:USDT,0.582,2.0,0.5815,14.0,0.5821,5232.0,0.5822,737.0
1753600070886,07:07:50.886,gateio,A/USDT:USDT,0.582,2.0,0.5815,14.0,0.5821,5232.0,0.5822,737.0
1753600070988,07:07:50.988,gateio,A/USDT:USDT,0.582,2.0,0.5815,14.0,0.5821,5232.0,0.5822,737.0
1753600071086,07:07:51.086,gateio,A/USDT:USDT,0.582,2.0,0.5815,14.0,0.5821,5232.0,0.5822,737.0
1753600071187,07:07:51.187,gateio,A/USDT:USDT,0.582,2.0,0.5815,14.0,0.5821,5232.0,0.5822,737.0
1753600071287,07:07:51.287,gateio,A/USDT:USDT,0.582,2.0,0.5815,14.0,0.5821,5232.0,0.5822,737.0
1753600071387,07:07:51.387,gateio,A/USDT:USDT,0.582,2.0,0.5815,14.0,0.5821,5232.0,0.5822,737.0
1753600071487,07:07:51.487,gateio,A/USDT:USDT,0.582,2.0,0.5815,14.0,0.5821,5232.0,0.5822,737.0
1753600071586,07:07:51.586,gateio,A/USDT:USDT,0.582,2.0,0.5815,14.0,0.5821,5232.0,0.5822,737.0
1753600071686,07:07:51.686,gateio,A/USDT:USDT,0.582,2.0,0.5815,14.0,0.5821,5232.0,0.5822,737.0
1753600071787,07:07:51.787,gateio,A/USDT:USDT,0.582,2.0,0.5815,14.0,0.5821,5232.0,0.5822,737.0
1753600071887,07:07:51.887,gateio,A/USDT:USDT,0.582,2.0,0.5815,14.0,0.5821,5232.0,0.5822,737.0
1753600071987,07:07:51.987,gateio,A/USDT:USDT,0.582,2.0,0.5815,14.0,0.5821,5232.0,0.5822,737.0
1753600072087,07:07:52.087,gateio,A/USDT:USDT,0.582,2.0,0.5815,14.0,0.5821,5232.0,0.5822,737.0
1753600072186,07:07:52.186,gateio,A/USDT:USDT,0.582,2.0,0.5815,14.0,0.5821,5232.0,0.5822,737.0
1753600072368,07:07:52.368,gateio,A/USDT:USDT,0.582,2.0,0.5815,14.0,0.5821,5232.0,0.5822,737.0
1753600072386,07:07:52.386,gateio,A/USDT:USDT,0.582,2.0,0.5815,14.0,0.5821,5232.0,0.5822,737.0
1753600072486,07:07:52.486,gateio,A/USDT:USDT,0.582,2.0,0.5815,14.0,0.5821,5232.0,0.5822,737.0
1753600072587,07:07:52.587,gateio,A/USDT:USDT,0.582,2.0,0.5815,14.0,0.5821,5232.0,0.5822,737.0
1753600072686,07:07:52.686,gateio,A/USDT:USDT,0.582,2.0,0.5815,14.0,0.5821,5232.0,0.5822,737.0
1753600072787,07:07:52.787,gateio,A/USDT:USDT,0.582,2.0,0.5815,14.0,0.5821,5232.0,0.5822,737.0
1753600072886,07:07:52.886,gateio,A/USDT:USDT,0.582,2.0,0.5815,14.0,0.5821,5232.0,0.5822,737.0
1753600072987,07:07:52.987,gateio,A/USDT:USDT,0.582,2.0,0.5815,14.0,0.5821,5232.0,0.5822,737.0
1753600073122,07:07:53.122,gateio,A/USDT:USDT,0.582,2.0,0.5815,14.0,0.5821,5232.0,0.5822,737.0
1753600073186,07:07:53.186,gateio,A/USDT:USDT,0.582,2.0,0.5815,14.0,0.5821,5232.0,0.5822,737.0
1753600073286,07:07:53.286,gateio,A/USDT:USDT,0.582,2.0,0.5815,14.0,0.5821,5232.0,0.5822,737.0
1753600073392,07:07:53.392,gateio,A/USDT:USDT,0.582,2.0,0.5815,14.0,0.5821,5232.0,0.5822,737.0
1753600073558,07:07:53.558,gateio,A/USDT:USDT,0.582,2.0,0.5815,14.0,0.5821,5232.0,0.5822,737.0
1753600073587,07:07:53.587,gateio,A/USDT:USDT,0.582,2.0,0.5815,14.0,0.5821,5232.0,0.5822,737.0
1753600073686,07:07:53.686,gateio,A/USDT:USDT,0.582,2.0,0.5815,14.0,0.5821,5232.0,0.5822,737.0
1753600073787,07:07:53.787,gateio,A/USDT:USDT,0.582,2.0,0.5815,14.0,0.5821,5232.0,0.5822,737.0
1753600073892,07:07:53.892,gateio,A/USDT:USDT,0.582,2.0,0.5815,14.0,0.5821,5232.0,0.5822,737.0
1753600073986,07:07:53.986,gateio,A/USDT:USDT,0.582,2.0,0.5815,14.0,0.5821,5232.0,0.5822,737.0
1753600074087,07:07:54.087,gateio,A/USDT:USDT,0.582,2.0,0.5815,14.0,0.5821,5232.0,0.5822,737.0
1753600074186,07:07:54.186,gateio,A/USDT:USDT,0.582,2.0,0.5815,14.0,0.5821,5232.0,0.5822,737.0
1753600074309,07:07:54.309,gateio,A/USDT:USDT,0.582,2.0,0.5815,14.0,0.5821,5232.0,0.5822,737.0
1753600074388,07:07:54.388,gateio,A/USDT:USDT,0.582,2.0,0.5815,14.0,0.5821,5232.0,0.5822,737.0
1753600074487,07:07:54.487,gateio,A/USDT:USDT,0.582,2.0,0.5815,14.0,0.5821,5232.0,0.5822,737.0
1753600074586,07:07:54.586,gateio,A/USDT:USDT,0.582,2.0,0.5815,14.0,0.5821,5232.0,0.5822,737.0
1753600074687,07:07:54.687,gateio,A/USDT:USDT,0.582,2.0,0.5815,14.0,0.5821,5232.0,0.5822,737.0
1753600074789,07:07:54.789,gateio,A/USDT:USDT,0.582,2.0,0.5815,14.0,0.5821,5232.0,0.5822,737.0
1753600074886,07:07:54.886,gateio,A/USDT:USDT,0.582,2.0,0.5815,14.0,0.5821,5232.0,0.5822,737.0
1753600074990,07:07:54.990,gateio,A/USDT:USDT,0.582,2.0,0.5815,14.0,0.5821,5232.0,0.5822,737.0
1753600075086,07:07:55.086,gateio,A/USDT:USDT,0.582,2.0,0.5815,14.0,0.5821,5232.0,0.5822,737.0
1753600075188,07:07:55.188,gateio,A/USDT:USDT,0.582,2.0,0.5815,14.0,0.5821,5232.0,0.5822,737.0
1753600075287,07:07:55.287,gateio,A/USDT:USDT,0.582,2.0,0.5815,14.0,0.5821,5232.0,0.5822,737.0
1753600075422,07:07:55.422,gateio,A/USDT:USDT,0.582,2.0,0.5815,14.0,0.5821,5232.0,0.5822,737.0
1753600075486,07:07:55.486,gateio,A/USDT:USDT,0.582,2.0,0.5815,14.0,0.5821,5232.0,0.5822,737.0
1753600075587,07:07:55.587,gateio,A/USDT:USDT,0.582,2.0,0.5815,14.0,0.5821,5232.0,0.5822,737.0
1753600075686,07:07:55.686,gateio,A/USDT:USDT,0.582,2.0,0.5815,14.0,0.5821,5232.0,0.5822,737.0
1753600075786,07:07:55.786,gateio,A/USDT:USDT,0.582,2.0,0.5815,14.0,0.5821,5232.0,0.5822,737.0
1753600075887,07:07:55.887,gateio,A/USDT:USDT,0.582,2.0,0.5815,14.0,0.5821,5232.0,0.5822,737.0
1753600075986,07:07:55.986,gateio,A/USDT:USDT,0.582,2.0,0.5815,14.0,0.5821,5232.0,0.5822,737.0
1753600076163,07:07:56.163,gateio,A/USDT:USDT,0.582,2.0,0.5815,14.0,0.5821,5232.0,0.5822,737.0
1753600076273,07:07:56.273,gateio,A/USDT:USDT,0.582,2.0,0.5818,30.0,0.5821,22.0,0.5822,1009.0
1753600076379,07:07:56.379,gateio,A/USDT:USDT,0.5816,385.0,0.5814,295.0,0.5821,1235.0,0.5822,4697.0
1753600076440,07:07:56.440,gateio,A/USDT:USDT,0.5817,6.0,0.5816,385.0,0.5819,22.0,0.582,40.0
1753600076563,07:07:56.563,gateio,A/USDT:USDT,0.5817,6.0,0.5816,385.0,0.5819,1325.0,0.582,4342.0
1753600076655,07:07:56.655,gateio,A/USDT:USDT,0.5817,6.0,0.5816,385.0,0.5819,1325.0,0.582,4342.0
1753600076778,07:07:56.778,gateio,A/USDT:USDT,0.5817,6.0,0.5816,385.0,0.5819,1325.0,0.582,4342.0
1753600076811,07:07:56.811,gateio,A/USDT:USDT,0.5817,6.0,0.5816,385.0,0.5819,1325.0,0.582,4342.0
1753600077304,07:07:57.304,gateio,A/USDT:USDT,0.5817,6.0,0.5816,385.0,0.5819,1325.0,0.582,4342.0
1753600077477,07:07:57.477,gateio,A/USDT:USDT,0.5817,6.0,0.5816,385.0,0.5819,1325.0,0.582,4342.0
1753600077628,07:07:57.628,gateio,A/USDT:USDT,0.5817,6.0,0.5816,385.0,0.5819,1325.0,0.582,4342.0
1753600077739,07:07:57.739,gateio,A/USDT:USDT,0.5817,6.0,0.5816,385.0,0.5819,1325.0,0.582,4342.0
1753600077922,07:07:57.922,gateio,A/USDT:USDT,0.5817,6.0,0.5816,385.0,0.5819,1325.0,0.582,4342.0
1753600078370,07:07:58.370,gateio,A/USDT:USDT,0.5817,6.0,0.5816,385.0,0.5819,1325.0,0.582,4342.0
1753600078445,07:07:58.445,gateio,A/USDT:USDT,0.5817,6.0,0.5816,385.0,0.5819,1325.0,0.582,4342.0
1753600079474,07:07:59.474,gateio,A/USDT:USDT,0.5817,6.0,0.5816,385.0,0.5819,1325.0,0.582,4342.0
1753600079493,07:07:59.493,gateio,A/USDT:USDT,0.5817,6.0,0.5816,385.0,0.5819,1325.0,0.582,4342.0
1753600079667,07:07:59.667,gateio,A/USDT:USDT,0.5817,6.0,0.5816,385.0,0.5819,1325.0,0.582,4342.0
1753600080206,07:08:00.206,gateio,A/USDT:USDT,0.5817,6.0,0.5816,385.0,0.5819,1325.0,0.582,4342.0
1753600080608,07:08:00.608,gateio,A/USDT:USDT,0.5817,6.0,0.5816,385.0,0.5819,1325.0,0.582,4342.0
1753600080766,07:08:00.766,gateio,A/USDT:USDT,0.5817,6.0,0.5816,385.0,0.5819,1325.0,0.582,4342.0
1753600080792,07:08:00.792,gateio,A/USDT:USDT,0.5817,6.0,0.5816,385.0,0.5819,1325.0,0.582,4342.0
1753600080892,07:08:00.892,gateio,A/USDT:USDT,0.5817,6.0,0.5816,385.0,0.5819,1325.0,0.582,4342.0
1753600081281,07:08:01.281,gateio,A/USDT:USDT,0.5817,6.0,0.5816,385.0,0.5819,1325.0,0.582,4342.0
1753600081707,07:08:01.707,gateio,A/USDT:USDT,0.5817,6.0,0.5816,385.0,0.5819,1325.0,0.582,4342.0
1753600081802,07:08:01.802,gateio,A/USDT:USDT,0.5817,6.0,0.5816,370.0,0.5819,1325.0,0.582,4342.0
1753600082121,07:08:02.121,gateio,A/USDT:USDT,0.5817,6.0,0.5816,370.0,0.5819,1325.0,0.582,4342.0
1753600082654,07:08:02.654,gateio,A/USDT:USDT,0.5817,6.0,0.5813,1146.0,0.5819,1695.0,0.582,4357.0
1753600082774,07:08:02.774,gateio,A/USDT:USDT,0.5814,6.0,0.5813,1146.0,0.5819,1340.0,0.582,4342.0
1753600082841,07:08:02.841,gateio,A/USDT:USDT,0.5814,28.0,0.5813,355.0,0.5818,40.0,0.5819,1695.0
1753600082977,07:08:02.977,gateio,A/USDT:USDT,0.5814,28.0,0.5813,355.0,0.5817,1315.0,0.5818,4382.0
1753600082991,07:08:02.991,gateio,A/USDT:USDT,0.5814,28.0,0.5813,1146.0,0.5816,40.0,0.5817,1315.0
1753600083085,07:08:03.085,gateio,A/USDT:USDT,0.5814,22.0,0.5813,1146.0,0.5816,40.0,0.5817,1315.0
1753600083276,07:08:03.276,gateio,A/USDT:USDT,0.5814,22.0,0.5813,1146.0,0.5816,40.0,0.5817,1315.0
1753600083359,07:08:03.359,gateio,A/USDT:USDT,0.5814,22.0,0.5813,1146.0,0.5816,40.0,0.5817,1315.0
1753600083508,07:08:03.508,gateio,A/USDT:USDT,0.5814,22.0,0.5813,1161.0,0.5816,40.0,0.5817,1315.0
1753600083590,07:08:03.590,gateio,A/USDT:USDT,0.5814,22.0,0.5813,1161.0,0.5816,40.0,0.5817,1315.0
1753600083824,07:08:03.824,gateio,A/USDT:USDT,0.5814,15.0,0.5813,1161.0,0.5816,40.0,0.5817,1315.0
1753600084013,07:08:04.013,gateio,A/USDT:USDT,0.5814,18.0,0.5813,1161.0,0.5816,40.0,0.5817,1315.0
1753600084114,07:08:04.114,gateio,A/USDT:USDT,0.5814,18.0,0.5813,1161.0,0.5816,40.0,0.5817,1315.0
1753600084200,07:08:04.200,gateio,A/USDT:USDT,0.5814,18.0,0.5813,1161.0,0.5816,40.0,0.5817,1315.0
1753600084462,07:08:04.462,gateio,A/USDT:USDT,0.5814,18.0,0.5813,1161.0,0.5816,40.0,0.5817,1315.0
1753600084574,07:08:04.574,gateio,A/USDT:USDT,0.5814,18.0,0.5813,1161.0,0.5816,40.0,0.5817,1315.0
1753600084931,07:08:04.931,gateio,A/USDT:USDT,0.5814,18.0,0.5813,1161.0,0.5816,40.0,0.5817,1315.0
1753600085542,07:08:05.542,gateio,A/USDT:USDT,0.5814,18.0,0.5813,1161.0,0.5816,40.0,0.5817,1315.0
1753600085601,07:08:05.601,gateio,A/USDT:USDT,0.5814,18.0,0.5813,1161.0,0.5816,40.0,0.5817,1315.0
1753600085979,07:08:05.979,gateio,A/USDT:USDT,0.5814,18.0,0.5813,1161.0,0.5816,40.0,0.5817,1315.0
1753600086436,07:08:06.436,gateio,A/USDT:USDT,0.5814,17.0,0.5813,1161.0,0.5816,40.0,0.5817,1315.0
1753600086496,07:08:06.496,gateio,A/USDT:USDT,0.5814,20.0,0.5813,1161.0,0.5816,40.0,0.5817,1315.0
1753600086928,07:08:06.928,gateio,A/USDT:USDT,0.5814,20.0,0.5813,1161.0,0.5816,40.0,0.5817,1315.0
1753600086996,07:08:06.996,gateio,A/USDT:USDT,0.5814,20.0,0.5813,370.0,0.5816,40.0,0.5817,1315.0
1753600087410,07:08:07.410,gateio,A/USDT:USDT,0.5814,20.0,0.5813,370.0,0.5816,40.0,0.5817,1315.0
1753600087525,07:08:07.525,gateio,A/USDT:USDT,0.5814,35.0,0.5813,370.0,0.5816,40.0,0.5817,1315.0
1753600087585,07:08:07.585,gateio,A/USDT:USDT,0.5814,32.0,0.5813,370.0,0.5816,40.0,0.5817,1315.0
1753600088222,07:08:08.222,gateio,A/USDT:USDT,0.5814,32.0,0.5813,370.0,0.5816,40.0,0.5817,1315.0
1753600088480,07:08:08.480,gateio,A/USDT:USDT,0.5814,3.0,0.581,1539.0,0.5816,40.0,0.5817,1315.0
1753600088579,07:08:08.579,gateio,A/USDT:USDT,0.5811,6.0,0.581,791.0,0.5814,1307.0,0.5815,4771.0
1753600088643,07:08:08.643,gateio,A/USDT:USDT,0.5811,10.0,0.581,791.0,0.5813,64.0,0.5814,1307.0
1753600088760,07:08:08.760,gateio,A/USDT:USDT,0.5811,10.0,0.581,791.0,0.5813,40.0,0.5814,1307.0
1753600089014,07:08:09.014,gateio,A/USDT:USDT,0.5811,10.0,0.581,791.0,0.5813,40.0,0.5814,1322.0
1753600089179,07:08:09.179,gateio,A/USDT:USDT,0.5811,10.0,0.581,791.0,0.5813,40.0,0.5814,1322.0
1753600089564,07:08:09.564,gateio,A/USDT:USDT,0.5811,10.0,0.581,791.0,0.5813,40.0,0.5814,1322.0
1753600089616,07:08:09.616,gateio,A/USDT:USDT,0.5811,3.0,0.581,791.0,0.5813,40.0,0.5814,1322.0
1753600089870,07:08:09.870,gateio,A/USDT:USDT,0.5811,3.0,0.581,791.0,0.5813,40.0,0.5814,1322.0
1753600090270,07:08:10.270,gateio,A/USDT:USDT,0.5811,3.0,0.581,791.0,0.5813,40.0,0.5814,1322.0
1753600091170,07:08:11.170,gateio,A/USDT:USDT,0.5811,10.0,0.581,791.0,0.5813,40.0,0.5814,1322.0
1753600091342,07:08:11.342,gateio,A/USDT:USDT,0.5811,10.0,0.5807,265.0,0.5813,40.0,0.5814,1322.0
1753600091396,07:08:11.396,gateio,A/USDT:USDT,0.5811,7.0,0.5808,3.0,0.5813,40.0,0.5814,1322.0
1753600091658,07:08:11.658,gateio,A/USDT:USDT,0.5811,7.0,0.5808,3.0,0.5813,410.0,0.5814,1337.0
1753600091748,07:08:11.748,gateio,A/USDT:USDT,0.5811,7.0,0.5808,3.0,0.5813,38.0,0.5814,1337.0
1753600091790,07:08:11.790,gateio,A/USDT:USDT,0.5811,7.0,0.5807,3.0,0.5813,55.0,0.5814,1337.0
1753600092067,07:08:12.067,gateio,A/USDT:USDT,0.5811,7.0,0.5807,3.0,0.5813,1654.0,0.5814,1337.0
1753600092174,07:08:12.174,gateio,A/USDT:USDT,0.5807,3.0,0.5806,1166.0,0.5812,770.0,0.5813,1652.0
1753600092262,07:08:12.262,gateio,A/USDT:USDT,0.5807,10.0,0.5806,375.0,0.581,23.0,0.5811,1639.0
1753600092326,07:08:12.326,gateio,A/USDT:USDT,0.5807,10.0,0.5806,390.0,0.5809,24.0,0.581,23.0
1753600092459,07:08:12.459,gateio,A/USDT:USDT,0.5807,10.0,0.5806,390.0,0.5809,24.0,0.581,23.0
1753600092533,07:08:12.533,gateio,A/USDT:USDT,0.5807,10.0,0.5806,390.0,0.5809,24.0,0.581,23.0
1753600092873,07:08:12.873,gateio,A/USDT:USDT,0.5807,10.0,0.5806,390.0,0.5809,24.0,0.581,23.0
1753600093154,07:08:13.154,gateio,A/USDT:USDT,0.5807,10.0,0.5806,390.0,0.5809,24.0,0.581,23.0
1753600093187,07:08:13.187,gateio,A/USDT:USDT,0.5807,3.0,0.5806,390.0,0.5809,24.0,0.581,23.0
1753600093574,07:08:13.574,gateio,A/USDT:USDT,0.5807,3.0,0.5806,390.0,0.5809,24.0,0.581,23.0
1753600094871,07:08:14.871,gateio,A/USDT:USDT,0.5807,3.0,0.5806,390.0,0.5809,24.0,0.581,23.0
1753600095177,07:08:15.177,gateio,A/USDT:USDT,0.5807,3.0,0.5806,20.0,0.5809,24.0,0.581,408.0
1753600095278,07:08:15.278,gateio,A/USDT:USDT,0.5807,3.0,0.5806,20.0,0.5809,41.0,0.581,53.0
1753600095329,07:08:15.329,gateio,A/USDT:USDT,0.5807,3.0,0.5806,20.0,0.5809,24.0,0.581,70.0
1753600095401,07:08:15.401,gateio,A/USDT:USDT,0.5807,3.0,0.5806,20.0,0.5809,24.0,0.581,70.0
1753600095521,07:08:15.521,gateio,A/USDT:USDT,0.5807,3.0,0.5806,20.0,0.5809,24.0,0.581,425.0
1753600095600,07:08:15.600,gateio,A/USDT:USDT,0.5807,3.0,0.5806,20.0,0.5809,24.0,0.581,425.0
1753600095728,07:08:15.728,gateio,A/USDT:USDT,0.5807,3.0,0.5806,20.0,0.5809,24.0,0.581,425.0
1753600095809,07:08:15.809,gateio,A/USDT:USDT,0.5807,3.0,0.5806,20.0,0.5809,24.0,0.581,425.0
1753600096323,07:08:16.323,gateio,A/USDT:USDT,0.5807,3.0,0.5806,20.0,0.5809,24.0,0.581,425.0
1753600096420,07:08:16.420,gateio,A/USDT:USDT,0.5807,3.0,0.5806,20.0,0.5809,24.0,0.581,425.0
1753600097226,07:08:17.226,gateio,A/USDT:USDT,0.5807,3.0,0.5806,20.0,0.5809,24.0,0.581,425.0
1753600097371,07:08:17.371,gateio,A/USDT:USDT,0.5807,3.0,0.5806,20.0,0.5809,24.0,0.581,425.0
1753600097442,07:08:17.442,gateio,A/USDT:USDT,0.5807,3.0,0.5806,20.0,0.5809,24.0,0.581,425.0
1753600097648,07:08:17.648,gateio,A/USDT:USDT,0.5807,3.0,0.5806,20.0,0.5809,24.0,0.581,425.0
1753600098018,07:08:18.018,gateio,A/USDT:USDT,0.5807,3.0,0.5806,20.0,0.5809,24.0,0.581,425.0
1753600098220,07:08:18.220,gateio,A/USDT:USDT,0.5807,3.0,0.5806,20.0,0.5809,24.0,0.581,425.0
1753600100374,07:08:20.374,gateio,A/USDT:USDT,0.5807,3.0,0.5806,20.0,0.5809,1527.0,0.581,425.0
1753600100422,07:08:20.422,gateio,A/USDT:USDT,0.5807,3.0,0.5806,20.0,0.5809,1503.0,0.581,408.0
1753600100481,07:08:20.481,gateio,A/USDT:USDT,0.5807,3.0,0.5806,20.0,0.5809,1503.0,0.581,408.0
1753600100662,07:08:20.662,gateio,A/USDT:USDT,0.5807,3.0,0.5806,20.0,0.5809,5849.0,0.581,408.0
1753600100682,07:08:20.682,gateio,A/USDT:USDT,0.5807,3.0,0.5806,20.0,0.5809,5849.0,0.581,408.0
1753600100867,07:08:20.867,gateio,A/USDT:USDT,0.5807,15.0,0.5806,20.0,0.5809,5849.0,0.581,408.0
1753600101176,07:08:21.176,gateio,A/USDT:USDT,0.5807,15.0,0.5806,20.0,0.5808,999.0,0.5809,5993.0
1753600101265,07:08:21.265,gateio,A/USDT:USDT,0.5807,15.0,0.5806,20.0,0.5808,1040.0,0.5809,5993.0
1753600101365,07:08:21.365,gateio,A/USDT:USDT,0.5803,5.0,0.5801,2.0,0.5807,355.0,0.5808,2838.0
1753600101457,07:08:21.457,gateio,A/USDT:USDT,0.5803,12.0,0.5802,15.0,0.5805,23.0,0.5806,42.0
1753600101531,07:08:21.531,gateio,A/USDT:USDT,0.5803,12.0,0.5802,15.0,0.5805,23.0,0.5807,17.0
1753600101685,07:08:21.685,gateio,A/USDT:USDT,0.5803,12.0,0.5802,15.0,0.5805,23.0,0.5807,17.0
1753600102367,07:08:22.367,gateio,A/USDT:USDT,0.5803,12.0,0.5802,15.0,0.5805,23.0,0.5806,15.0
1753600102422,07:08:22.422,gateio,A/USDT:USDT,0.5803,5.0,0.5801,2.0,0.5805,23.0,0.5806,30.0
1753600102564,07:08:22.564,gateio,A/USDT:USDT,0.5803,5.0,0.5801,2.0,0.5805,23.0,0.5806,4377.0
1753600102586,07:08:22.586,gateio,A/USDT:USDT,0.5803,5.0,0.5801,2.0,0.5805,1353.0,0.5806,4377.0
1753600102685,07:08:22.685,gateio,A/USDT:USDT,0.5803,5.0,0.5801,2.0,0.5805,1336.0,0.5806,4377.0
1753600102809,07:08:22.809,gateio,A/USDT:USDT,0.5803,5.0,0.5801,2.0,0.5805,1336.0,0.5806,4377.0
1753600102922,07:08:22.922,gateio,A/USDT:USDT,0.5803,5.0,0.5801,2.0,0.5805,1336.0,0.5806,4377.0
1753600103161,07:08:23.161,gateio,A/USDT:USDT,0.5803,5.0,0.5801,2.0,0.5805,1336.0,0.5806,4377.0
1753600103737,07:08:23.737,gateio,A/USDT:USDT,0.5803,5.0,0.5801,2.0,0.5805,1336.0,0.5806,4377.0
1753600103798,07:08:23.798,gateio,A/USDT:USDT,0.5803,5.0,0.5801,2.0,0.5805,1336.0,0.5806,4377.0
1753600104122,07:08:24.122,gateio,A/USDT:USDT,0.5803,5.0,0.5801,2.0,0.5805,1336.0,0.5806,4377.0
1753600104322,07:08:24.322,gateio,A/USDT:USDT,0.5803,5.0,0.5801,2.0,0.5805,1336.0,0.5806,4377.0
1753600104442,07:08:24.442,gateio,A/USDT:USDT,0.5803,5.0,0.5801,2.0,0.5805,1336.0,0.5806,4377.0
1753600105191,07:08:25.191,gateio,A/USDT:USDT,0.5803,5.0,0.5801,2.0,0.5805,1336.0,0.5806,4377.0
1753600105336,07:08:25.336,gateio,A/USDT:USDT,0.5803,5.0,0.5801,2.0,0.5805,1336.0,0.5806,4377.0
1753600105972,07:08:25.972,gateio,A/USDT:USDT,0.5803,5.0,0.5802,15.0,0.5805,1336.0,0.5806,4347.0
1753600105987,07:08:25.987,gateio,A/USDT:USDT,0.5803,33.0,0.5802,15.0,0.5805,1336.0,0.5806,4347.0
1753600106107,07:08:26.107,gateio,A/USDT:USDT,0.5803,33.0,0.5802,15.0,0.5805,1336.0,0.5806,4362.0
1753600106235,07:08:26.235,gateio,A/USDT:USDT,0.5803,40.0,0.5802,15.0,0.5805,1336.0,0.5806,4377.0
1753600106377,07:08:26.377,gateio,A/USDT:USDT,0.5803,40.0,0.5802,15.0,0.5805,1336.0,0.5806,4377.0
1753600106447,07:08:26.447,gateio,A/USDT:USDT,0.5803,40.0,0.5802,15.0,0.5805,1336.0,0.5806,4748.0
1753600106878,07:08:26.878,gateio,A/USDT:USDT,0.5803,40.0,0.5801,2.0,0.5805,1336.0,0.5806,4748.0
1753600107199,07:08:27.199,gateio,A/USDT:USDT,0.5803,33.0,0.5801,2.0,0.5805,1336.0,0.5806,4748.0
1753600107363,07:08:27.363,gateio,A/USDT:USDT,0.5803,33.0,0.5801,2.0,0.5805,1336.0,0.5806,4748.0
1753600108444,07:08:28.444,gateio,A/USDT:USDT,0.5803,33.0,0.5801,2.0,0.5805,1336.0,0.5806,4748.0
1753600109123,07:08:29.123,gateio,A/USDT:USDT,0.5803,33.0,0.5801,2.0,0.5805,1336.0,0.5806,4748.0
1753600112342,07:08:32.342,gateio,A/USDT:USDT,0.5803,33.0,0.5801,2.0,0.5805,1336.0,0.5806,4748.0
1753600112858,07:08:32.858,gateio,A/USDT:USDT,0.5803,40.0,0.5801,2.0,0.5805,1336.0,0.5806,4748.0
1753600112886,07:08:32.886,gateio,A/USDT:USDT,0.5803,42.0,0.5801,2.0,0.5805,1336.0,0.5806,4748.0
1753600113869,07:08:33.869,gateio,A/USDT:USDT,0.5803,35.0,0.5801,2.0,0.5805,1336.0,0.5806,4748.0
1753600113923,07:08:33.923,gateio,A/USDT:USDT,0.5803,35.0,0.5801,2.0,0.5805,1336.0,0.5806,4748.0
1753600114373,07:08:34.373,gateio,A/USDT:USDT,0.5803,35.0,0.5801,2.0,0.5805,2580.0,0.5806,4748.0
1753600117079,07:08:37.079,gateio,A/USDT:USDT,0.5803,35.0,0.5801,2.0,0.5805,2580.0,0.5806,4748.0
1753600117172,07:08:37.172,gateio,A/USDT:USDT,0.5803,35.0,0.5801,2.0,0.5805,1336.0,0.5806,4748.0
1753600117231,07:08:37.231,gateio,A/USDT:USDT,0.5803,42.0,0.5801,2.0,0.5805,2580.0,0.5806,4748.0
1753600117469,07:08:37.469,gateio,A/USDT:USDT,0.5803,42.0,0.5801,2.0,0.5805,2610.0,0.5806,4733.0
1753600117523,07:08:37.523,gateio,A/USDT:USDT,0.5803,42.0,0.5801,2.0,0.5805,2595.0,0.5806,4733.0
1753600117827,07:08:37.827,gateio,A/USDT:USDT,0.5803,42.0,0.5801,2.0,0.5805,2595.0,0.5806,4733.0
1753600118060,07:08:38.060,gateio,A/USDT:USDT,0.5803,42.0,0.5801,2.0,0.5805,2610.0,0.5806,4733.0
1753600118193,07:08:38.193,gateio,A/USDT:USDT,0.5803,35.0,0.5801,2.0,0.5805,2610.0,0.5806,4733.0
1753600118474,07:08:38.474,gateio,A/USDT:USDT,0.5803,35.0,0.5801,2.0,0.5805,1366.0,0.5806,4733.0
1753600118528,07:08:38.528,gateio,A/USDT:USDT,0.5803,35.0,0.5801,2.0,0.5805,2610.0,0.5806,4733.0
1753600118725,07:08:38.725,gateio,A/USDT:USDT,0.5803,35.0,0.5801,2.0,0.5805,2610.0,0.5806,4733.0
1753600118873,07:08:38.873,gateio,A/USDT:USDT,0.5795,36.0,0.5794,355.0,0.5802,36.0,0.5803,2466.0
1753600118962,07:08:38.962,gateio,A/USDT:USDT,0.5795,7.0,0.5794,391.0,0.58,4840.0,0.5801,1635.0
1753600119056,07:08:39.056,gateio,A/USDT:USDT,0.5795,7.0,0.5794,391.0,0.58,4897.0,0.5801,1635.0
1753600119176,07:08:39.176,gateio,A/USDT:USDT,0.5795,7.0,0.5794,391.0,0.5799,1326.0,0.58,4897.0
1753600119262,07:08:39.262,gateio,A/USDT:USDT,0.5795,7.0,0.5794,391.0,0.5799,1326.0,0.58,4897.0
1753600119338,07:08:39.338,gateio,A/USDT:USDT,0.5795,7.0,0.5794,391.0,0.5799,1326.0,0.58,4897.0
1753600119422,07:08:39.422,gateio,A/USDT:USDT,0.5795,7.0,0.5794,391.0,0.5799,1326.0,0.58,4897.0
1753600119508,07:08:39.508,gateio,A/USDT:USDT,0.5795,7.0,0.5794,391.0,0.5799,1326.0,0.58,4897.0
1753600119593,07:08:39.593,gateio,A/USDT:USDT,0.5795,7.0,0.5794,391.0,0.5799,1326.0,0.58,4897.0
1753600119977,07:08:39.977,gateio,A/USDT:USDT,0.5794,406.0,0.5793,259.0,0.5799,1326.0,0.58,4897.0
1753600120072,07:08:40.072,gateio,A/USDT:USDT,0.5794,406.0,0.5793,259.0,0.5799,1341.0,0.58,4897.0
1753600120172,07:08:40.172,gateio,A/USDT:USDT,0.5794,406.0,0.5793,259.0,0.5799,1341.0,0.58,4897.0
1753600120227,07:08:40.227,gateio,A/USDT:USDT,0.5794,406.0,0.5793,259.0,0.5799,1341.0,0.58,4897.0
1753600120328,07:08:40.328,gateio,A/USDT:USDT,0.5794,406.0,0.5793,259.0,0.5799,1341.0,0.58,4897.0
1753600120474,07:08:40.474,gateio,A/USDT:USDT,0.5794,406.0,0.5793,259.0,0.5799,1341.0,0.58,4897.0
1753600120547,07:08:40.547,gateio,A/USDT:USDT,0.5794,406.0,0.5792,707.0,0.5798,4355.0,0.58,584.0
1753600120750,07:08:40.750,gateio,A/USDT:USDT,0.5794,406.0,0.5792,707.0,0.5798,4355.0,0.58,584.0
1753600120974,07:08:40.974,gateio,A/USDT:USDT,0.5794,406.0,0.5792,707.0,0.5798,4355.0,0.58,1446.0
1753600121137,07:08:41.137,gateio,A/USDT:USDT,0.5794,406.0,0.5792,259.0,0.5798,4355.0,0.58,584.0
1753600121242,07:08:41.242,gateio,A/USDT:USDT,0.5794,406.0,0.5792,259.0,0.5798,4355.0,0.58,584.0
1753600121571,07:08:41.571,gateio,A/USDT:USDT,0.5794,406.0,0.5792,259.0,0.5798,4355.0,0.58,584.0
1753600121588,07:08:41.588,gateio,A/USDT:USDT,0.5794,406.0,0.5792,259.0,0.5798,4355.0,0.58,584.0
1753600121970,07:08:41.970,gateio,A/USDT:USDT,0.5794,406.0,0.5792,259.0,0.5798,4355.0,0.58,584.0
1753600122342,07:08:42.342,gateio,A/USDT:USDT,0.5794,406.0,0.5792,259.0,0.5797,1307.0,0.5798,4355.0
1753600122396,07:08:42.396,gateio,A/USDT:USDT,0.5794,377.0,0.5793,36.0,0.5797,1349.0,0.5798,4355.0
1753600123179,07:08:43.179,gateio,A/USDT:USDT,0.5794,377.0,0.5793,36.0,0.5797,1349.0,0.5798,4355.0
1753600123476,07:08:43.476,gateio,A/USDT:USDT,0.5794,370.0,0.5793,36.0,0.5797,1349.0,0.5798,4355.0
1753600123819,07:08:43.819,gateio,A/USDT:USDT,0.5794,370.0,0.5793,36.0,0.5797,1349.0,0.5798,4355.0
1753600124147,07:08:44.147,gateio,A/USDT:USDT,0.5794,370.0,0.5793,36.0,0.5797,1349.0,0.5798,4355.0
1753600124260,07:08:44.260,gateio,A/USDT:USDT,0.5794,370.0,0.5793,36.0,0.5797,1349.0,0.5798,4355.0
1753600124376,07:08:44.376,gateio,A/USDT:USDT,0.5794,370.0,0.5793,36.0,0.5797,2116.0,0.5798,4355.0
1753600124411,07:08:44.411,gateio,A/USDT:USDT,0.5794,370.0,0.5793,36.0,0.5797,2116.0,0.5798,4355.0
1753600124538,07:08:44.538,gateio,A/USDT:USDT,0.5794,376.0,0.5793,36.0,0.5797,2116.0,0.5798,4355.0
1753600124689,07:08:44.689,gateio,A/USDT:USDT,0.5794,6.0,0.5793,36.0,0.5797,2131.0,0.5798,4355.0
1753600125537,07:08:45.537,gateio,A/USDT:USDT,0.5794,6.0,0.5793,36.0,0.5797,2131.0,0.5798,4355.0
1753600125649,07:08:45.649,gateio,A/USDT:USDT,0.5794,6.0,0.5793,36.0,0.5797,2131.0,0.5798,4355.0
1753600125702,07:08:45.702,gateio,A/USDT:USDT,0.5794,6.0,0.5793,36.0,0.5797,2131.0,0.5798,4355.0
1753600126123,07:08:46.123,gateio,A/USDT:USDT,0.5794,6.0,0.5793,36.0,0.5797,2131.0,0.5798,4355.0
1753600128533,07:08:48.533,gateio,A/USDT:USDT,0.5794,6.0,0.5793,36.0,0.5797,2131.0,0.5798,4355.0
1753600128604,07:08:48.604,gateio,A/USDT:USDT,0.5794,6.0,0.5793,36.0,0.5797,2131.0,0.5798,4355.0
1753600129015,07:08:49.015,gateio,A/USDT:USDT,0.5794,6.0,0.5793,36.0,0.5797,2131.0,0.5798,4355.0
1753600130346,07:08:50.346,gateio,A/USDT:USDT,0.5794,6.0,0.5793,36.0,0.5797,2131.0,0.5798,4355.0
1753600130448,07:08:50.448,gateio,A/USDT:USDT,0.5794,6.0,0.5793,36.0,0.5796,767.0,0.5797,1364.0
1753600130928,07:08:50.928,gateio,A/USDT:USDT,0.5794,6.0,0.5791,652.0,0.5796,767.0,0.5797,1364.0
1753600131019,07:08:51.019,gateio,A/USDT:USDT,0.5794,6.0,0.5791,651.0,0.5796,767.0,0.5797,1364.0
1753600132679,07:08:52.679,gateio,A/USDT:USDT,0.5795,355.0,0.5794,280.0,0.5801,744.0,0.5804,744.0
1753600132780,07:08:52.780,gateio,A/USDT:USDT,0.5798,355.0,0.5796,76.0,0.5803,259.0,0.5804,767.0
1753600132878,07:08:52.878,gateio,A/USDT:USDT,0.5799,32.0,0.5798,355.0,0.5802,259.0,0.5803,289.0
1753600132947,07:08:52.947,gateio,A/USDT:USDT,0.5799,38.0,0.5798,355.0,0.5802,1653.0,0.5803,4648.0
1753600133062,07:08:53.062,gateio,A/USDT:USDT,0.5799,38.0,0.5798,355.0,0.5802,1394.0,0.5803,4648.0
1753600133472,07:08:53.472,gateio,A/USDT:USDT,0.5799,38.0,0.5798,355.0,0.5802,1394.0,0.5803,4648.0
1753600133862,07:08:53.862,gateio,A/USDT:USDT,0.5799,38.0,0.5798,355.0,0.5802,1394.0,0.5803,4648.0
1753600134025,07:08:54.025,gateio,A/USDT:USDT,0.5799,38.0,0.5798,355.0,0.5802,1394.0,0.5803,4648.0
1753600134117,07:08:54.117,gateio,A/USDT:USDT,0.5799,38.0,0.5798,355.0,0.5802,1394.0,0.5803,4648.0
1753600134257,07:08:54.257,gateio,A/USDT:USDT,0.5799,38.0,0.5798,355.0,0.5802,1394.0,0.5803,4648.0
1753600135120,07:08:55.120,gateio,A/USDT:USDT,0.5799,38.0,0.5798,355.0,0.5802,1394.0,0.5803,4648.0
1753600135924,07:08:55.924,gateio,A/USDT:USDT,0.5799,38.0,0.5798,355.0,0.5802,1394.0,0.5803,4648.0
1753600136157,07:08:56.157,gateio,A/USDT:USDT,0.5799,38.0,0.5798,355.0,0.5802,1394.0,0.5803,4648.0
1753600136231,07:08:56.231,gateio,A/USDT:USDT,0.5799,38.0,0.5798,355.0,0.5802,1394.0,0.5803,4648.0
1753600136425,07:08:56.425,gateio,A/USDT:USDT,0.5799,38.0,0.5798,355.0,0.5802,1394.0,0.5803,4389.0
1753600136577,07:08:56.577,gateio,A/USDT:USDT,0.5799,38.0,0.5798,355.0,0.5802,1394.0,0.5803,4389.0
1753600136757,07:08:56.757,gateio,A/USDT:USDT,0.5799,38.0,0.5798,355.0,0.5802,1394.0,0.5803,4389.0
1753600136796,07:08:56.796,gateio,A/USDT:USDT,0.5799,38.0,0.5798,355.0,0.5802,1394.0,0.5803,4389.0
1753600136949,07:08:56.949,gateio,A/USDT:USDT,0.5799,38.0,0.5798,355.0,0.5802,1394.0,0.5803,4979.0
1753600137166,07:08:57.166,gateio,A/USDT:USDT,0.5799,38.0,0.5798,355.0,0.5802,1394.0,0.5803,4985.0
1753600137366,07:08:57.366,gateio,A/USDT:USDT,0.5799,38.0,0.5798,355.0,0.5802,1394.0,0.5803,4985.0
1753600138124,07:08:58.124,gateio,A/USDT:USDT,0.5799,38.0,0.5798,355.0,0.5801,782.0,0.5802,1409.0
1753600138219,07:08:58.219,gateio,A/USDT:USDT,0.5799,38.0,0.5798,355.0,0.5801,782.0,0.5802,1409.0
1753600138422,07:08:58.422,gateio,A/USDT:USDT,0.5799,38.0,0.5798,355.0,0.5801,782.0,0.5802,1409.0
1753600138589,07:08:58.589,gateio,A/USDT:USDT,0.5799,38.0,0.5798,355.0,0.5801,782.0,0.5802,1409.0
1753600139757,07:08:59.757,gateio,A/USDT:USDT,0.5799,47.0,0.5798,355.0,0.5801,782.0,0.5802,1409.0
1753600140072,07:09:00.072,gateio,A/USDT:USDT,0.5799,47.0,0.5798,355.0,0.5801,767.0,0.5802,1394.0
1753600140462,07:09:00.462,gateio,A/USDT:USDT,0.5799,47.0,0.5798,355.0,0.5801,767.0,0.5802,1394.0
1753600141524,07:09:01.524,gateio,A/USDT:USDT,0.5799,47.0,0.5798,355.0,0.5801,767.0,0.5802,1394.0
1753600141772,07:09:01.772,gateio,A/USDT:USDT,0.5799,38.0,0.5798,362.0,0.5801,767.0,0.5802,1394.0
1753600142072,07:09:02.072,gateio,A/USDT:USDT,0.5799,38.0,0.5798,362.0,0.5801,767.0,0.5802,1394.0
1753600142220,07:09:02.220,gateio,A/USDT:USDT,0.5799,38.0,0.5798,362.0,0.5801,767.0,0.5802,1394.0
1753600142368,07:09:02.368,gateio,A/USDT:USDT,0.5799,38.0,0.5798,362.0,0.5801,767.0,0.5802,1394.0
1753600142801,07:09:02.801,gateio,A/USDT:USDT,0.5799,38.0,0.5798,355.0,0.5801,767.0,0.5802,1394.0
1753600143036,07:09:03.036,gateio,A/USDT:USDT,0.5799,38.0,0.5798,355.0,0.5801,767.0,0.5802,1394.0
1753600143165,07:09:03.165,gateio,A/USDT:USDT,0.5799,38.0,0.5798,355.0,0.5801,782.0,0.5802,1394.0
1753600143237,07:09:03.237,gateio,A/USDT:USDT,0.5799,38.0,0.5798,355.0,0.5801,782.0,0.5802,1394.0
1753600143451,07:09:03.451,gateio,A/USDT:USDT,0.5799,38.0,0.5798,355.0,0.5801,767.0,0.5802,1394.0
1753600143578,07:09:03.578,gateio,A/USDT:USDT,0.5799,38.0,0.5798,355.0,0.5801,782.0,0.5802,1394.0
1753600145039,07:09:05.039,gateio,A/USDT:USDT,0.5799,38.0,0.5798,355.0,0.5801,782.0,0.5802,1394.0
1753600145365,07:09:05.365,gateio,A/USDT:USDT,0.5799,38.0,0.5798,355.0,0.5801,767.0,0.5802,1394.0
1753600145483,07:09:05.483,gateio,A/USDT:USDT,0.5799,38.0,0.5798,355.0,0.5801,767.0,0.5802,1394.0
1753600146084,07:09:06.084,gateio,A/USDT:USDT,0.5799,38.0,0.5798,355.0,0.5801,767.0,0.5802,1394.0
1753600146251,07:09:06.251,gateio,A/USDT:USDT,0.5799,38.0,0.5798,355.0,0.5801,782.0,0.5802,1394.0
1753600146324,07:09:06.324,gateio,A/USDT:USDT,0.5799,38.0,0.5798,355.0,0.5801,782.0,0.5802,1394.0
1753600146475,07:09:06.475,gateio,A/USDT:USDT,0.5799,38.0,0.5798,355.0,0.5801,797.0,0.5802,1394.0
1753600146546,07:09:06.546,gateio,A/USDT:USDT,0.5799,38.0,0.5798,355.0,0.5801,797.0,0.5802,1394.0
1753600147042,07:09:07.042,gateio,A/USDT:USDT,0.5799,38.0,0.5798,355.0,0.5801,782.0,0.5802,1394.0
1753600147084,07:09:07.084,gateio,A/USDT:USDT,0.5799,38.0,0.5798,355.0,0.5801,797.0,0.5802,1394.0
1753600147815,07:09:07.815,gateio,A/USDT:USDT,0.5799,38.0,0.5798,355.0,0.5801,797.0,0.5802,1394.0
1753600148433,07:09:08.433,gateio,A/USDT:USDT,0.5799,38.0,0.5798,362.0,0.5801,797.0,0.5802,1394.0
1753600148921,07:09:08.921,gateio,A/USDT:USDT,0.5799,38.0,0.5798,362.0,0.58,767.0,0.5801,15.0
1753600149002,07:09:09.002,gateio,A/USDT:USDT,0.5799,38.0,0.5798,362.0,0.58,767.0,0.5801,15.0
1753600149085,07:09:09.085,gateio,A/USDT:USDT,0.5799,38.0,0.5798,362.0,0.58,767.0,0.5801,15.0
1753600149276,07:09:09.276,gateio,A/USDT:USDT,0.5799,38.0,0.5798,362.0,0.58,767.0,0.5801,30.0
1753600149475,07:09:09.475,gateio,A/USDT:USDT,0.5799,38.0,0.5798,355.0,0.58,767.0,0.5801,30.0
1753600149979,07:09:09.979,gateio,A/USDT:USDT,0.5799,38.0,0.5798,355.0,0.58,782.0,0.5801,30.0
1753600150045,07:09:10.045,gateio,A/USDT:USDT,0.5799,38.0,0.5798,355.0,0.58,782.0,0.5801,30.0
1753600150154,07:09:10.154,gateio,A/USDT:USDT,0.5799,38.0,0.5798,355.0,0.58,782.0,0.5801,30.0
1753600150262,07:09:10.262,gateio,A/USDT:USDT,0.5799,38.0,0.5798,355.0,0.58,782.0,0.5801,30.0
1753600150702,07:09:10.702,gateio,A/USDT:USDT,0.5799,38.0,0.5798,355.0,0.58,782.0,0.5801,30.0
1753600150823,07:09:10.823,gateio,A/USDT:USDT,0.5799,38.0,0.5798,355.0,0.58,767.0,0.5802,1394.0
1753600151126,07:09:11.126,gateio,A/USDT:USDT,0.5799,38.0,0.5798,355.0,0.58,767.0,0.5802,1394.0
1753600151343,07:09:11.343,gateio,A/USDT:USDT,0.5799,38.0,0.5798,355.0,0.58,767.0,0.5802,1394.0
1753600152379,07:09:12.379,gateio,A/USDT:USDT,0.5799,38.0,0.5798,355.0,0.58,782.0,0.5802,1394.0
1753600152577,07:09:12.577,gateio,A/USDT:USDT,0.5799,38.0,0.5798,355.0,0.58,782.0,0.5802,1394.0
1753600152618,07:09:12.618,gateio,A/USDT:USDT,0.5799,38.0,0.5798,355.0,0.58,782.0,0.5802,1394.0
1753600153235,07:09:13.235,gateio,A/USDT:USDT,0.5799,38.0,0.5798,355.0,0.58,767.0,0.5802,1394.0
1753600153372,07:09:13.372,gateio,A/USDT:USDT,0.5799,38.0,0.5798,355.0,0.58,782.0,0.5802,1394.0
1753600153635,07:09:13.635,gateio,A/USDT:USDT,0.5799,38.0,0.5798,355.0,0.58,782.0,0.5802,1394.0
1753600154135,07:09:14.135,gateio,A/USDT:USDT,0.5799,38.0,0.5798,355.0,0.58,782.0,0.5802,1394.0
1753600154276,07:09:14.276,gateio,A/USDT:USDT,0.5799,38.0,0.5796,295.0,0.58,797.0,0.5802,1394.0
1753600154375,07:09:14.375,gateio,A/USDT:USDT,0.5799,38.0,0.5796,36.0,0.58,797.0,0.5801,1244.0
1753600154387,07:09:14.387,gateio,A/USDT:USDT,0.5799,38.0,0.5796,36.0,0.58,797.0,0.5801,1244.0
1753600154775,07:09:14.775,gateio,A/USDT:USDT,0.5799,38.0,0.5796,36.0,0.58,782.0,0.5801,1244.0
1753600155024,07:09:15.024,gateio,A/USDT:USDT,0.5799,38.0,0.5796,36.0,0.58,5150.0,0.5801,1244.0
1753600155167,07:09:15.167,gateio,A/USDT:USDT,0.5799,38.0,0.5796,36.0,0.58,5150.0,0.5801,1244.0
1753600155230,07:09:15.230,gateio,A/USDT:USDT,0.5799,38.0,0.5796,36.0,0.58,5150.0,0.5801,1244.0
1753600155286,07:09:15.286,gateio,A/USDT:USDT,0.5799,38.0,0.5796,36.0,0.58,5150.0,0.5801,1244.0
1753600155924,07:09:15.924,gateio,A/USDT:USDT,0.5799,38.0,0.5796,36.0,0.58,5150.0,0.5801,1244.0
1753600156102,07:09:16.102,gateio,A/USDT:USDT,0.5799,38.0,0.5796,36.0,0.58,5150.0,0.5801,1244.0
1753600156351,07:09:16.351,gateio,A/USDT:USDT,0.5799,38.0,0.5796,36.0,0.58,5150.0,0.5801,1244.0
1753600156535,07:09:16.535,gateio,A/USDT:USDT,0.5799,38.0,0.5796,36.0,0.58,5150.0,0.5801,1244.0
1753600156844,07:09:16.844,gateio,A/USDT:USDT,0.5799,38.0,0.5796,36.0,0.58,5150.0,0.5801,1244.0
1753600157162,07:09:17.162,gateio,A/USDT:USDT,0.5799,38.0,0.5796,36.0,0.58,5150.0,0.5801,1244.0
1753600157347,07:09:17.347,gateio,A/USDT:USDT,0.5799,38.0,0.5796,36.0,0.58,5150.0,0.5801,1244.0
1753600157555,07:09:17.555,gateio,A/USDT:USDT,0.5799,38.0,0.5796,36.0,0.58,5150.0,0.5801,1244.0
1753600157869,07:09:17.869,gateio,A/USDT:USDT,0.5799,38.0,0.5796,36.0,0.58,5150.0,0.5801,1244.0
1753600157886,07:09:17.886,gateio,A/USDT:USDT,0.5799,38.0,0.5797,1.0,0.58,5150.0,0.5801,1244.0
1753600157986,07:09:17.986,gateio,A/USDT:USDT,0.5799,38.0,0.5797,1.0,0.58,5150.0,0.5801,1244.0
1753600158086,07:09:18.086,gateio,A/USDT:USDT,0.5799,38.0,0.5797,1.0,0.58,5150.0,0.5801,1244.0
1753600158187,07:09:18.187,gateio,A/USDT:USDT,0.5799,38.0,0.5797,1.0,0.58,5150.0,0.5801,1244.0
1753600158286,07:09:18.286,gateio,A/USDT:USDT,0.5799,38.0,0.5796,36.0,0.58,5150.0,0.5801,1244.0
1753600159352,07:09:19.352,gateio,A/USDT:USDT,0.5799,38.0,0.5796,36.0,0.58,5150.0,0.5801,1244.0
1753600159386,07:09:19.386,gateio,A/USDT:USDT,0.5799,38.0,0.5796,36.0,0.58,5150.0,0.5801,1244.0
1753600159852,07:09:19.852,gateio,A/USDT:USDT,0.5799,38.0,0.5796,36.0,0.58,5150.0,0.5801,2122.0
1753600160557,07:09:20.557,gateio,A/USDT:USDT,0.5799,38.0,0.5796,36.0,0.58,5150.0,0.5801,3022.0
1753600160586,07:09:20.586,gateio,A/USDT:USDT,0.5799,38.0,0.5796,36.0,0.58,5150.0,0.5801,3022.0
1753600160724,07:09:20.724,gateio,A/USDT:USDT,0.5799,38.0,0.5796,36.0,0.58,5150.0,0.5801,3022.0
1753600161542,07:09:21.542,gateio,A/USDT:USDT,0.5795,355.0,0.5793,747.0,0.5797,890.0,0.5798,4353.0
1753600161638,07:09:21.638,gateio,A/USDT:USDT,0.5795,362.0,0.5792,292.0,0.5797,1657.0,0.5798,4353.0
1753600162030,07:09:22.030,gateio,A/USDT:USDT,0.5795,362.0,0.5792,292.0,0.5797,1657.0,0.5798,4353.0
1753600162622,07:09:22.622,gateio,A/USDT:USDT,0.5795,355.0,0.5792,292.0,0.5797,1657.0,0.5798,4353.0
1753600162683,07:09:22.683,gateio,A/USDT:USDT,0.5795,355.0,0.5792,292.0,0.5797,1672.0,0.5798,4353.0
1753600162862,07:09:22.862,gateio,A/USDT:USDT,0.5795,355.0,0.5792,292.0,0.5797,1672.0,0.5798,4353.0
1753600163523,07:09:23.523,gateio,A/USDT:USDT,0.5795,355.0,0.5792,292.0,0.5797,1672.0,0.5798,4353.0
1753600164922,07:09:24.922,gateio,A/USDT:USDT,0.5795,355.0,0.5792,292.0,0.5797,1657.0,0.5798,4353.0
1753600165259,07:09:25.259,gateio,A/USDT:USDT,0.5795,355.0,0.5792,292.0,0.5797,1672.0,0.5798,4353.0
1753600165542,07:09:25.542,gateio,A/USDT:USDT,0.5795,355.0,0.5792,292.0,0.5797,1672.0,0.5798,4353.0
1753600166139,07:09:26.139,gateio,A/USDT:USDT,0.5795,355.0,0.5792,292.0,0.5797,1672.0,0.5798,4353.0
1753600166478,07:09:26.478,gateio,A/USDT:USDT,0.5795,355.0,0.5792,292.0,0.5797,1657.0,0.5798,4353.0
1753600166511,07:09:26.511,gateio,A/USDT:USDT,0.5795,355.0,0.5792,292.0,0.5797,1657.0,0.5798,4353.0
1753600166890,07:09:26.890,gateio,A/USDT:USDT,0.5795,355.0,0.5792,292.0,0.5797,1657.0,0.5798,4353.0
1753600167986,07:09:27.986,gateio,A/USDT:USDT,0.5795,355.0,0.5792,292.0,0.5797,1657.0,0.5798,4353.0
1753600168235,07:09:28.235,gateio,A/USDT:USDT,0.5795,355.0,0.5792,292.0,0.5797,1657.0,0.5798,4353.0
1753600168486,07:09:28.486,gateio,A/USDT:USDT,0.5795,355.0,0.5792,292.0,0.5797,1657.0,0.5798,4353.0
1753600169328,07:09:29.328,gateio,A/USDT:USDT,0.5795,355.0,0.5792,292.0,0.5797,1672.0,0.5798,4353.0
1753600169509,07:09:29.509,gateio,A/USDT:USDT,0.5795,355.0,0.5792,292.0,0.5797,1657.0,0.5798,4353.0
1753600169677,07:09:29.677,gateio,A/USDT:USDT,0.5795,355.0,0.5792,292.0,0.5797,1672.0,0.5798,4353.0
1753600169749,07:09:29.749,gateio,A/USDT:USDT,0.5795,355.0,0.5792,292.0,0.5797,1672.0,0.5798,4353.0
1753600169783,07:09:29.783,gateio,A/USDT:USDT,0.5795,355.0,0.5792,292.0,0.5797,1657.0,0.5798,4353.0
1753600169978,07:09:29.978,gateio,A/USDT:USDT,0.5795,355.0,0.5792,292.0,0.5797,1672.0,0.5798,4353.0
1753600170324,07:09:30.324,gateio,A/USDT:USDT,0.5795,355.0,0.5792,292.0,0.5797,1672.0,0.5798,4353.0
1753600170876,07:09:30.876,gateio,A/USDT:USDT,0.5795,355.0,0.5792,292.0,0.5797,1672.0,0.5798,4353.0
1753600170899,07:09:30.899,gateio,A/USDT:USDT,0.5795,355.0,0.5792,292.0,0.5797,1672.0,0.5798,4353.0
1753600171022,07:09:31.022,gateio,A/USDT:USDT,0.5795,355.0,0.5792,292.0,0.5797,1657.0,0.5798,4353.0
1753600171110,07:09:31.110,gateio,A/USDT:USDT,0.5795,355.0,0.5792,292.0,0.5797,1657.0,0.5798,4353.0
1753600171364,07:09:31.364,gateio,A/USDT:USDT,0.5795,355.0,0.5792,292.0,0.5797,1657.0,0.5798,4353.0
1753600172136,07:09:32.136,gateio,A/USDT:USDT,0.5795,355.0,0.5792,292.0,0.5797,1672.0,0.5798,4353.0
1753600173284,07:09:33.284,gateio,A/USDT:USDT,0.5795,355.0,0.5792,292.0,0.5797,1672.0,0.5798,4353.0
1753600173475,07:09:33.475,gateio,A/USDT:USDT,0.5795,355.0,0.5792,292.0,0.5797,1657.0,0.5798,4353.0
1753600173501,07:09:33.501,gateio,A/USDT:USDT,0.5795,355.0,0.5792,292.0,0.5797,1672.0,0.5798,4353.0
1753600174864,07:09:34.864,gateio,A/USDT:USDT,0.5795,355.0,0.5792,292.0,0.5797,1672.0,0.5798,4353.0
1753600175124,07:09:35.124,gateio,A/USDT:USDT,0.5795,355.0,0.5792,292.0,0.5797,1672.0,0.5798,4353.0
1753600175266,07:09:35.266,gateio,A/USDT:USDT,0.5795,355.0,0.5792,292.0,0.5797,1657.0,0.5798,4353.0
1753600175604,07:09:35.604,gateio,A/USDT:USDT,0.5795,355.0,0.5792,292.0,0.5797,1657.0,0.5798,4353.0
1753600176359,07:09:36.359,gateio,A/USDT:USDT,0.5795,355.0,0.5792,292.0,0.5797,1672.0,0.5798,4353.0
1753600176437,07:09:36.437,gateio,A/USDT:USDT,0.5795,355.0,0.5792,292.0,0.5797,1672.0,0.5798,4353.0
1753600176564,07:09:36.564,gateio,A/USDT:USDT,0.5795,355.0,0.5792,292.0,0.5797,1672.0,0.5798,4353.0
1753600176628,07:09:36.628,gateio,A/USDT:USDT,0.5795,355.0,0.5792,292.0,0.5797,1672.0,0.5798,4353.0
1753600176778,07:09:36.778,gateio,A/USDT:USDT,0.5795,355.0,0.5792,292.0,0.5797,1672.0,0.5798,4353.0
1753600176873,07:09:36.873,gateio,A/USDT:USDT,0.5795,355.0,0.5792,292.0,0.5797,1657.0,0.5798,4353.0
1753600176902,07:09:36.902,gateio,A/USDT:USDT,0.5795,355.0,0.5792,292.0,0.5797,1672.0,0.5798,4353.0
1753600177063,07:09:37.063,gateio,A/USDT:USDT,0.5795,355.0,0.5792,1661.0,0.5797,1687.0,0.5798,4353.0
1753600177165,07:09:37.165,gateio,A/USDT:USDT,0.5795,355.0,0.5792,292.0,0.5797,1657.0,0.5798,4353.0
1753600177268,07:09:37.268,gateio,A/USDT:USDT,0.5795,355.0,0.5792,292.0,0.5797,1657.0,0.5798,4353.0
1753600177350,07:09:37.350,gateio,A/USDT:USDT,0.5795,355.0,0.5792,292.0,0.5797,1672.0,0.5798,4353.0
1753600177942,07:09:37.942,gateio,A/USDT:USDT,0.5795,355.0,0.5792,292.0,0.5797,1672.0,0.5798,4353.0
1753600178154,07:09:38.154,gateio,A/USDT:USDT,0.5795,355.0,0.5792,292.0,0.5797,1672.0,0.5798,4353.0
1753600178507,07:09:38.507,gateio,A/USDT:USDT,0.5795,355.0,0.5792,292.0,0.5797,1672.0,0.5798,4353.0
1753600178674,07:09:38.674,gateio,A/USDT:USDT,0.5795,355.0,0.5792,292.0,0.5797,1672.0,0.5798,4353.0
1753600178858,07:09:38.858,gateio,A/USDT:USDT,0.5795,355.0,0.5792,292.0,0.5797,1687.0,0.5798,4353.0
1753600178976,07:09:38.976,gateio,A/USDT:USDT,0.5794,355.0,0.5791,2328.0,0.5797,1672.0,0.5798,4353.0
1753600178991,07:09:38.991,gateio,A/USDT:USDT,0.5794,355.0,0.5792,36.0,0.5797,1672.0,0.5798,4353.0
1753600179173,07:09:39.173,gateio,A/USDT:USDT,0.5794,355.0,0.5792,36.0,0.5797,1687.0,0.5798,4353.0
1753600179182,07:09:39.182,gateio,A/USDT:USDT,0.5794,355.0,0.5792,36.0,0.5797,1687.0,0.5798,4353.0
1753600179370,07:09:39.370,gateio,A/USDT:USDT,0.5794,355.0,0.5792,36.0,0.5797,1672.0,0.5798,4353.0
1753600179407,07:09:39.407,gateio,A/USDT:USDT,0.5794,355.0,0.5792,36.0,0.5797,1672.0,0.5798,4353.0
1753600179925,07:09:39.925,gateio,A/USDT:USDT,0.5794,355.0,0.5792,36.0,0.5797,1672.0,0.5798,4353.0
1753600180880,07:09:40.880,gateio,A/USDT:USDT,0.5795,263.0,0.5794,370.0,0.58,643.0,0.5801,1427.0
1753600180979,07:09:40.979,gateio,A/USDT:USDT,0.5797,385.0,0.5796,374.0,0.58,6.0,0.5801,767.0
1753600181078,07:09:41.078,gateio,A/USDT:USDT,0.5798,72.0,0.5797,364.0,0.5801,773.0,0.5802,350.0
1753600181136,07:09:41.136,gateio,A/USDT:USDT,0.5798,72.0,0.5797,364.0,0.5801,773.0,0.5804,728.0
1753600181227,07:09:41.227,gateio,A/USDT:USDT,0.5798,72.0,0.5797,364.0,0.5801,767.0,0.5802,4354.0
1753600181290,07:09:41.290,gateio,A/USDT:USDT,0.5798,72.0,0.5797,364.0,0.5801,773.0,0.5802,4354.0
1753600181387,07:09:41.387,gateio,A/USDT:USDT,0.5799,5.0,0.5798,72.0,0.5801,773.0,0.5802,4354.0
1753600181530,07:09:41.530,gateio,A/USDT:USDT,0.5799,47.0,0.5798,30.0,0.5801,773.0,0.5802,4354.0
1753600181746,07:09:41.746,gateio,A/USDT:USDT,0.5799,47.0,0.5798,30.0,0.5801,773.0,0.5802,4354.0
1753600181892,07:09:41.892,gateio,A/USDT:USDT,0.5799,47.0,0.5798,30.0,0.5801,773.0,0.5802,4354.0
1753600182003,07:09:42.003,gateio,A/USDT:USDT,0.5799,47.0,0.5798,15.0,0.5801,773.0,0.5802,4354.0
1753600182351,07:09:42.351,gateio,A/USDT:USDT,0.5799,47.0,0.5798,15.0,0.5801,773.0,0.5802,4354.0
1753600182543,07:09:42.543,gateio,A/USDT:USDT,0.5799,47.0,0.5797,364.0,0.5801,773.0,0.5802,4354.0
1753600182729,07:09:42.729,gateio,A/USDT:USDT,0.5799,47.0,0.5798,7.0,0.5801,773.0,0.5802,4354.0
1753600182890,07:09:42.890,gateio,A/USDT:USDT,0.5799,47.0,0.5798,7.0,0.5801,773.0,0.5802,4354.0
1753600182982,07:09:42.982,gateio,A/USDT:USDT,0.5799,47.0,0.5798,7.0,0.5801,773.0,0.5802,4354.0
1753600183530,07:09:43.530,gateio,A/USDT:USDT,0.5799,47.0,0.5798,7.0,0.5801,773.0,0.5802,4354.0
1753600183777,07:09:43.777,gateio,A/USDT:USDT,0.5799,47.0,0.5797,355.0,0.5801,773.0,0.5802,4354.0
1753600184477,07:09:44.477,gateio,A/USDT:USDT,0.58,370.0,0.5799,77.0,0.5801,6.0,0.5803,767.0
1753600184578,07:09:44.578,gateio,A/USDT:USDT,0.58,417.0,0.5799,30.0,0.5803,788.0,0.5804,373.0
1753600184679,07:09:44.679,gateio,A/USDT:USDT,0.58,417.0,0.5799,30.0,0.5803,5141.0,0.5804,373.0
1753600184727,07:09:44.727,gateio,A/USDT:USDT,0.58,402.0,0.5799,15.0,0.5803,5141.0,0.5804,373.0
1753600184842,07:09:44.842,gateio,A/USDT:USDT,0.58,402.0,0.5799,15.0,0.5803,5141.0,0.5804,373.0
1753600184959,07:09:44.959,gateio,A/USDT:USDT,0.58,402.0,0.5799,15.0,0.5803,5141.0,0.5804,373.0
1753600185045,07:09:45.045,gateio,A/USDT:USDT,0.58,402.0,0.5799,15.0,0.5803,5141.0,0.5804,373.0
1753600185129,07:09:45.129,gateio,A/USDT:USDT,0.58,402.0,0.5799,15.0,0.5803,5141.0,0.5804,373.0
1753600185262,07:09:45.262,gateio,A/USDT:USDT,0.58,402.0,0.5798,36.0,0.5803,5141.0,0.5804,373.0
1753600185463,07:09:45.463,gateio,A/USDT:USDT,0.58,402.0,0.5798,36.0,0.5803,5141.0,0.5804,373.0
1753600185557,07:09:45.557,gateio,A/USDT:USDT,0.58,402.0,0.5798,36.0,0.5803,5141.0,0.5804,373.0
1753600185602,07:09:45.602,gateio,A/USDT:USDT,0.58,402.0,0.5798,36.0,0.5803,5141.0,0.5804,373.0
1753600185745,07:09:45.745,gateio,A/USDT:USDT,0.58,402.0,0.5798,36.0,0.5803,5141.0,0.5804,373.0
1753600185862,07:09:45.862,gateio,A/USDT:USDT,0.58,402.0,0.5798,36.0,0.5802,615.0,0.5803,5141.0
1753600185896,07:09:45.896,gateio,A/USDT:USDT,0.58,402.0,0.5798,36.0,0.5802,615.0,0.5803,5141.0
1753600186042,07:09:46.042,gateio,A/USDT:USDT,0.58,402.0,0.5798,36.0,0.5802,615.0,0.5803,5141.0
1753600186348,07:09:46.348,gateio,A/USDT:USDT,0.58,402.0,0.5798,36.0,0.5802,615.0,0.5803,5141.0
1753600186588,07:09:46.588,gateio,A/USDT:USDT,0.58,402.0,0.5798,36.0,0.5802,615.0,0.5803,5141.0
1753600186831,07:09:46.831,gateio,A/USDT:USDT,0.58,402.0,0.5798,36.0,0.5802,615.0,0.5803,5141.0
1753600186962,07:09:46.962,gateio,A/USDT:USDT,0.58,402.0,0.5798,36.0,0.5802,615.0,0.5803,5141.0
1753600186988,07:09:46.988,gateio,A/USDT:USDT,0.58,402.0,0.5798,76.0,0.5802,615.0,0.5803,5141.0
1753600187396,07:09:47.396,gateio,A/USDT:USDT,0.58,402.0,0.5798,76.0,0.5802,615.0,0.5803,5126.0
1753600187493,07:09:47.493,gateio,A/USDT:USDT,0.58,402.0,0.5798,76.0,0.5802,615.0,0.5803,5126.0
1753600188121,07:09:48.121,gateio,A/USDT:USDT,0.58,417.0,0.5798,76.0,0.5802,615.0,0.5803,5126.0
1753600188451,07:09:48.451,gateio,A/USDT:USDT,0.58,417.0,0.5798,76.0,0.5802,615.0,0.5803,5126.0
1753600188637,07:09:48.637,gateio,A/USDT:USDT,0.58,402.0,0.5798,76.0,0.5802,615.0,0.5803,5126.0
1753600188748,07:09:48.748,gateio,A/USDT:USDT,0.58,402.0,0.5798,76.0,0.5802,615.0,0.5803,5126.0
1753600188864,07:09:48.864,gateio,A/USDT:USDT,0.58,402.0,0.5798,76.0,0.5802,615.0,0.5803,5126.0
1753600189525,07:09:49.525,gateio,A/USDT:USDT,0.58,402.0,0.5798,76.0,0.5802,402.0,0.5803,5126.0
1753600189679,07:09:49.679,gateio,A/USDT:USDT,0.58,410.0,0.5798,76.0,0.5802,402.0,0.5803,5126.0
1753600189787,07:09:49.787,gateio,A/USDT:USDT,0.58,410.0,0.5798,76.0,0.5802,402.0,0.5803,5126.0
1753600189883,07:09:49.883,gateio,A/USDT:USDT,0.58,410.0,0.5798,76.0,0.5802,387.0,0.5803,5126.0
1753600190035,07:09:50.035,gateio,A/USDT:USDT,0.58,410.0,0.5798,76.0,0.5802,387.0,0.5803,5126.0
1753600190664,07:09:50.664,gateio,A/USDT:USDT,0.58,410.0,0.5798,76.0,0.5802,387.0,0.5803,5126.0
1753600190748,07:09:50.748,gateio,A/USDT:USDT,0.58,410.0,0.5798,76.0,0.5802,387.0,0.5803,5126.0
1753600190903,07:09:50.903,gateio,A/USDT:USDT,0.58,410.0,0.5798,76.0,0.5802,387.0,0.5803,5126.0
1753600191658,07:09:51.658,gateio,A/USDT:USDT,0.58,410.0,0.5798,76.0,0.5802,402.0,0.5803,5126.0
1753600191743,07:09:51.743,gateio,A/USDT:USDT,0.58,410.0,0.5798,76.0,0.5803,5126.0,0.5804,373.0
1753600191792,07:09:51.792,gateio,A/USDT:USDT,0.58,410.0,0.5798,76.0,0.5803,5126.0,0.5804,373.0
1753600192121,07:09:52.121,gateio,A/USDT:USDT,0.58,410.0,0.5798,76.0,0.5803,5126.0,0.5804,373.0
1753600193222,07:09:53.222,gateio,A/USDT:USDT,0.58,410.0,0.5798,76.0,0.5803,5126.0,0.5804,373.0
1753600193341,07:09:53.341,gateio,A/USDT:USDT,0.58,410.0,0.5798,76.0,0.5803,5126.0,0.5804,373.0
1753600193473,07:09:53.473,gateio,A/USDT:USDT,0.58,410.0,0.5798,76.0,0.5803,5126.0,0.5804,373.0
1753600193488,07:09:53.488,gateio,A/USDT:USDT,0.58,410.0,0.5798,76.0,0.5803,5126.0,0.5804,373.0
1753600193901,07:09:53.901,gateio,A/USDT:USDT,0.58,410.0,0.5798,76.0,0.5803,5126.0,0.5804,373.0
1753600194326,07:09:54.326,gateio,A/USDT:USDT,0.58,410.0,0.5798,76.0,0.5803,5126.0,0.5804,373.0
1753600194562,07:09:54.562,gateio,A/USDT:USDT,0.58,410.0,0.5798,76.0,0.5803,5126.0,0.5804,373.0
1753600194986,07:09:54.986,gateio,A/USDT:USDT,0.58,410.0,0.5798,76.0,0.5803,5141.0,0.5804,373.0
1753600195799,07:09:55.799,gateio,A/USDT:USDT,0.58,410.0,0.5798,76.0,0.5803,5126.0,0.5804,373.0
1753600195894,07:09:55.894,gateio,A/USDT:USDT,0.58,410.0,0.5798,76.0,0.5803,5126.0,0.5804,373.0
1753600196055,07:09:56.055,gateio,A/USDT:USDT,0.58,410.0,0.5798,76.0,0.5803,5141.0,0.5804,373.0
1753600196091,07:09:56.091,gateio,A/USDT:USDT,0.58,410.0,0.5798,76.0,0.5803,5141.0,0.5804,373.0
1753600196225,07:09:56.225,gateio,A/USDT:USDT,0.58,410.0,0.5798,76.0,0.5803,5141.0,0.5804,373.0
1753600196342,07:09:56.342,gateio,A/USDT:USDT,0.58,410.0,0.5798,76.0,0.5803,5141.0,0.5804,373.0
1753600196583,07:09:56.583,gateio,A/USDT:USDT,0.58,410.0,0.5798,76.0,0.5803,5141.0,0.5804,373.0
1753600199162,07:09:59.162,gateio,A/USDT:USDT,0.58,410.0,0.5798,76.0,0.5803,5126.0,0.5804,373.0
1753600199675,07:09:59.675,gateio,A/USDT:USDT,0.58,410.0,0.5798,76.0,0.5803,5126.0,0.5804,373.0
1753600199689,07:09:59.689,gateio,A/USDT:USDT,0.58,410.0,0.5798,76.0,0.5803,5126.0,0.5804,373.0
1753600200211,07:10:00.211,gateio,A/USDT:USDT,0.58,410.0,0.5798,76.0,0.5803,5126.0,0.5804,373.0
1753600200348,07:10:00.348,gateio,A/USDT:USDT,0.58,55.0,0.5798,76.0,0.5803,5146.0,0.5804,373.0
1753600200386,07:10:00.386,gateio,A/USDT:USDT,0.58,55.0,0.5798,36.0,0.5803,5146.0,0.5804,373.0
1753600200564,07:10:00.564,gateio,A/USDT:USDT,0.58,55.0,0.5798,36.0,0.5803,5126.0,0.5804,373.0
1753600200672,07:10:00.672,gateio,A/USDT:USDT,0.58,55.0,0.5798,36.0,0.5803,5126.0,0.5804,373.0
1753600200683,07:10:00.683,gateio,A/USDT:USDT,0.58,75.0,0.5798,36.0,0.5803,5146.0,0.5804,373.0
1753600200882,07:10:00.882,gateio,A/USDT:USDT,0.58,75.0,0.5798,36.0,0.5803,5126.0,0.5804,373.0
1753600201161,07:10:01.161,gateio,A/USDT:USDT,0.58,75.0,0.5798,36.0,0.5803,5126.0,0.5804,373.0
1753600201189,07:10:01.189,gateio,A/USDT:USDT,0.58,75.0,0.5798,36.0,0.5803,5126.0,0.5804,373.0
1753600201936,07:10:01.936,gateio,A/USDT:USDT,0.58,75.0,0.5798,36.0,0.5803,5146.0,0.5804,373.0
1753600202107,07:10:02.107,gateio,A/USDT:USDT,0.58,75.0,0.5798,36.0,0.5803,5146.0,0.5804,373.0
1753600202239,07:10:02.239,gateio,A/USDT:USDT,0.58,75.0,0.5798,36.0,0.5803,5146.0,0.5804,373.0
1753600202361,07:10:02.361,gateio,A/USDT:USDT,0.58,55.0,0.5798,36.0,0.5803,5146.0,0.5804,373.0
1753600202542,07:10:02.542,gateio,A/USDT:USDT,0.58,55.0,0.5798,36.0,0.5803,5146.0,0.5804,373.0
1753600202732,07:10:02.732,gateio,A/USDT:USDT,0.58,55.0,0.5798,36.0,0.5803,5146.0,0.5804,373.0
1753600202841,07:10:02.841,gateio,A/USDT:USDT,0.58,55.0,0.5798,36.0,0.5803,5146.0,0.5804,373.0
1753600203024,07:10:03.024,gateio,A/USDT:USDT,0.58,55.0,0.5798,36.0,0.5803,5146.0,0.5804,1247.0
1753600203165,07:10:03.165,gateio,A/USDT:USDT,0.58,55.0,0.5798,36.0,0.5803,5146.0,0.5804,373.0
1753600203222,07:10:03.222,gateio,A/USDT:USDT,0.58,75.0,0.5798,36.0,0.5803,5146.0,0.5804,373.0
1753600203462,07:10:03.462,gateio,A/USDT:USDT,0.58,75.0,0.5798,36.0,0.5803,5146.0,0.5804,373.0
1753600203925,07:10:03.925,gateio,A/USDT:USDT,0.58,75.0,0.5798,36.0,0.5803,5146.0,0.5804,373.0
1753600204233,07:10:04.233,gateio,A/USDT:USDT,0.58,75.0,0.5798,36.0,0.5803,5146.0,0.5804,373.0
1753600204291,07:10:04.291,gateio,A/USDT:USDT,0.58,75.0,0.5798,36.0,0.5803,5146.0,0.5804,373.0
1753600204405,07:10:04.405,gateio,A/USDT:USDT,0.58,75.0,0.5798,36.0,0.5803,5146.0,0.5804,373.0
1753600204507,07:10:04.507,gateio,A/USDT:USDT,0.58,55.0,0.5798,36.0,0.5803,5146.0,0.5804,373.0
1753600204687,07:10:04.687,gateio,A/USDT:USDT,0.58,55.0,0.5798,36.0,0.5803,5146.0,0.5804,373.0
1753600206605,07:10:06.605,gateio,A/USDT:USDT,0.58,55.0,0.5798,36.0,0.5803,5166.0,0.5804,373.0
1753600206720,07:10:06.720,gateio,A/USDT:USDT,0.58,55.0,0.5798,36.0,0.5803,5166.0,0.5804,373.0
1753600206809,07:10:06.809,gateio,A/USDT:USDT,0.58,55.0,0.5798,36.0,0.5803,5146.0,0.5804,373.0
1753600206923,07:10:06.923,gateio,A/USDT:USDT,0.58,55.0,0.5798,36.0,0.5803,5146.0,0.5804,373.0
1753600207423,07:10:07.423,gateio,A/USDT:USDT,0.58,55.0,0.5798,36.0,0.5803,5146.0,0.5804,373.0
1753600207515,07:10:07.515,gateio,A/USDT:USDT,0.58,55.0,0.5798,36.0,0.5803,5146.0,0.5804,373.0
1753600208327,07:10:08.327,gateio,A/USDT:USDT,0.58,75.0,0.5798,36.0,0.5803,5146.0,0.5804,373.0
1753600208636,07:10:08.636,gateio,A/USDT:USDT,0.58,75.0,0.5798,36.0,0.5803,5146.0,0.5804,373.0
1753600208748,07:10:08.748,gateio,A/USDT:USDT,0.58,55.0,0.5798,36.0,0.5803,5146.0,0.5804,373.0
1753600209656,07:10:09.656,gateio,A/USDT:USDT,0.58,55.0,0.5798,36.0,0.5803,5166.0,0.5804,373.0
1753600209974,07:10:09.974,gateio,A/USDT:USDT,0.58,55.0,0.5798,36.0,0.5803,5166.0,0.5804,373.0
1753600210063,07:10:10.063,gateio,A/USDT:USDT,0.58,55.0,0.5798,36.0,0.5803,5146.0,0.5804,373.0
1753600210248,07:10:10.248,gateio,A/USDT:USDT,0.58,55.0,0.5798,36.0,0.5803,5166.0,0.5804,373.0
1753600210292,07:10:10.292,gateio,A/USDT:USDT,0.58,55.0,0.5798,36.0,0.5803,5166.0,0.5804,373.0
1753600210535,07:10:10.535,gateio,A/USDT:USDT,0.58,55.0,0.5798,36.0,0.5803,5166.0,0.5804,373.0
1753600210674,07:10:10.674,gateio,A/USDT:USDT,0.58,55.0,0.5798,36.0,0.5803,5166.0,0.5804,373.0
1753600210806,07:10:10.806,gateio,A/USDT:USDT,0.58,55.0,0.5798,36.0,0.5803,5166.0,0.5804,373.0
1753600211224,07:10:11.224,gateio,A/USDT:USDT,0.58,55.0,0.5798,36.0,0.5803,5166.0,0.5804,373.0
1753600212075,07:10:12.075,gateio,A/USDT:USDT,0.58,55.0,0.5798,36.0,0.5803,5166.0,0.5804,373.0
1753600212084,07:10:12.084,gateio,A/USDT:USDT,0.58,55.0,0.5798,36.0,0.5803,5166.0,0.5804,373.0
1753600212194,07:10:12.194,gateio,A/USDT:USDT,0.58,55.0,0.5798,36.0,0.5803,5166.0,0.5804,373.0
1753600212440,07:10:12.440,gateio,A/USDT:USDT,0.58,55.0,0.5798,36.0,0.5803,5166.0,0.5804,373.0
1753600212575,07:10:12.575,gateio,A/USDT:USDT,0.58,55.0,0.5798,36.0,0.5803,5166.0,0.5804,373.0
1753600212602,07:10:12.602,gateio,A/USDT:USDT,0.58,55.0,0.5798,409.0,0.5803,5146.0,0.5804,373.0
1753600213379,07:10:13.379,gateio,A/USDT:USDT,0.58,55.0,0.5798,409.0,0.5803,5166.0,0.5804,373.0
1753600213407,07:10:13.407,gateio,A/USDT:USDT,0.58,55.0,0.5798,409.0,0.5802,627.0,0.5803,5126.0
1753600213579,07:10:13.579,gateio,A/USDT:USDT,0.58,55.0,0.5798,409.0,0.5802,627.0,0.5803,5126.0
1753600213660,07:10:13.660,gateio,A/USDT:USDT,0.58,55.0,0.5798,36.0,0.5802,1502.0,0.5803,5126.0
1753600214442,07:10:14.442,gateio,A/USDT:USDT,0.58,55.0,0.5798,36.0,0.5802,1502.0,0.5803,5126.0
1753600215861,07:10:15.861,gateio,A/USDT:USDT,0.58,55.0,0.5798,36.0,0.5802,1482.0,0.5803,5126.0
1753600215976,07:10:15.976,gateio,A/USDT:USDT,0.58,55.0,0.5798,36.0,0.5802,1482.0,0.5803,5126.0
1753600216084,07:10:16.084,gateio,A/USDT:USDT,0.58,55.0,0.5798,36.0,0.5802,1482.0,0.5803,5126.0
1753600216535,07:10:16.535,gateio,A/USDT:USDT,0.58,55.0,0.5798,36.0,0.5802,1482.0,0.5803,5126.0
1753600217776,07:10:17.776,gateio,A/USDT:USDT,0.58,55.0,0.5798,36.0,0.5802,1482.0,0.5803,5126.0
1753600218163,07:10:18.163,gateio,A/USDT:USDT,0.58,55.0,0.5798,36.0,0.5802,1482.0,0.5803,5126.0
1753600218190,07:10:18.190,gateio,A/USDT:USDT,0.58,55.0,0.5798,36.0,0.5802,1482.0,0.5803,5126.0
1753600218326,07:10:18.326,gateio,A/USDT:USDT,0.58,55.0,0.5798,36.0,0.5802,1482.0,0.5803,5126.0
1753600218642,07:10:18.642,gateio,A/USDT:USDT,0.58,55.0,0.5798,36.0,0.5802,1502.0,0.5803,5126.0
1753600218727,07:10:18.727,gateio,A/USDT:USDT,0.58,55.0,0.5798,36.0,0.5802,1482.0,0.5803,5126.0
1753600218784,07:10:18.784,gateio,A/USDT:USDT,0.58,55.0,0.5798,36.0,0.5802,1502.0,0.5803,5126.0
1753600218936,07:10:18.936,gateio,A/USDT:USDT,0.58,55.0,0.5798,36.0,0.5802,1502.0,0.5803,5126.0
1753600219200,07:10:19.200,gateio,A/USDT:USDT,0.58,55.0,0.5798,36.0,0.5802,1482.0,0.5803,5126.0
1753600219350,07:10:19.350,gateio,A/USDT:USDT,0.58,55.0,0.5798,36.0,0.5802,1462.0,0.5803,5126.0
1753600219424,07:10:19.424,gateio,A/USDT:USDT,0.58,55.0,0.5798,36.0,0.5802,1462.0,0.5803,5126.0
1753600219574,07:10:19.574,gateio,A/USDT:USDT,0.58,55.0,0.5798,36.0,0.5802,1462.0,0.5803,5126.0
1753600219642,07:10:19.642,gateio,A/USDT:USDT,0.58,55.0,0.5798,36.0,0.5802,1482.0,0.5803,5126.0
1753600219717,07:10:19.717,gateio,A/USDT:USDT,0.58,55.0,0.5798,36.0,0.5802,1462.0,0.5803,5126.0
1753600219895,07:10:19.895,gateio,A/USDT:USDT,0.58,55.0,0.5798,36.0,0.5802,1482.0,0.5803,5126.0
1753600220222,07:10:20.222,gateio,A/USDT:USDT,0.58,55.0,0.5798,36.0,0.5802,1482.0,0.5803,5126.0
1753600220291,07:10:20.291,gateio,A/USDT:USDT,0.58,55.0,0.5798,36.0,0.5802,1482.0,0.5803,5126.0
1753600221069,07:10:21.069,gateio,A/USDT:USDT,0.58,55.0,0.5798,36.0,0.5802,1482.0,0.5803,5126.0
1753600221336,07:10:21.336,gateio,A/USDT:USDT,0.58,55.0,0.5798,36.0,0.5802,1482.0,0.5803,5126.0
1753600221966,07:10:21.966,gateio,A/USDT:USDT,0.58,55.0,0.5798,36.0,0.5802,1482.0,0.5803,5126.0
1753600222028,07:10:22.028,gateio,A/USDT:USDT,0.58,55.0,0.5798,36.0,0.5803,5146.0,0.5804,476.0
1753600222083,07:10:22.083,gateio,A/USDT:USDT,0.58,55.0,0.5798,36.0,0.5803,5166.0,0.5804,476.0
1753600222329,07:10:22.329,gateio,A/USDT:USDT,0.58,55.0,0.5798,36.0,0.5803,5166.0,0.5804,476.0
1753600222412,07:10:22.412,gateio,A/USDT:USDT,0.58,55.0,0.5798,36.0,0.5803,5166.0,0.5804,476.0
1753600222607,07:10:22.607,gateio,A/USDT:USDT,0.58,55.0,0.5798,36.0,0.5803,5166.0,0.5804,476.0
1753600223128,07:10:23.128,gateio,A/USDT:USDT,0.58,55.0,0.5798,36.0,0.5803,5166.0,0.5804,476.0
1753600223585,07:10:23.585,gateio,A/USDT:USDT,0.58,55.0,0.5798,36.0,0.5803,5166.0,0.5804,476.0
1753600223735,07:10:23.735,gateio,A/USDT:USDT,0.58,55.0,0.5798,36.0,0.5803,5166.0,0.5804,476.0
1753600224391,07:10:24.391,gateio,A/USDT:USDT,0.58,55.0,0.5798,36.0,0.5802,593.0,0.5803,5146.0
1753600224511,07:10:24.511,gateio,A/USDT:USDT,0.58,55.0,0.5798,36.0,0.5802,593.0,0.5803,5146.0
1753600224735,07:10:24.735,gateio,A/USDT:USDT,0.58,55.0,0.5798,36.0,0.5802,593.0,0.5803,5146.0
1753600225032,07:10:25.032,gateio,A/USDT:USDT,0.58,55.0,0.5798,36.0,0.5802,593.0,0.5803,5146.0
1753600225080,07:10:25.080,gateio,A/USDT:USDT,0.58,55.0,0.5798,36.0,0.5802,593.0,0.5803,5146.0
1753600225256,07:10:25.256,gateio,A/USDT:USDT,0.58,55.0,0.5798,36.0,0.5802,613.0,0.5803,5126.0
1753600225447,07:10:25.447,gateio,A/USDT:USDT,0.58,55.0,0.5798,36.0,0.5802,613.0,0.5803,5126.0
1753600225629,07:10:25.629,gateio,A/USDT:USDT,0.58,55.0,0.5798,36.0,0.5802,593.0,0.5803,5126.0
1753600225863,07:10:25.863,gateio,A/USDT:USDT,0.58,55.0,0.5798,36.0,0.5802,593.0,0.5803,5126.0
1753600225949,07:10:25.949,gateio,A/USDT:USDT,0.58,55.0,0.5798,36.0,0.5802,593.0,0.5803,5126.0
1753600226054,07:10:26.054,gateio,A/USDT:USDT,0.58,55.0,0.5798,36.0,0.5802,633.0,0.5803,5126.0
1753600226249,07:10:26.249,gateio,A/USDT:USDT,0.58,55.0,0.5798,36.0,0.5802,633.0,0.5803,5126.0
1753600226323,07:10:26.323,gateio,A/USDT:USDT,0.58,55.0,0.5798,36.0,0.5802,633.0,0.5803,5126.0
1753600226390,07:10:26.390,gateio,A/USDT:USDT,0.58,55.0,0.5798,36.0,0.5802,633.0,0.5803,5126.0
1753600226813,07:10:26.813,gateio,A/USDT:USDT,0.58,55.0,0.5798,36.0,0.5802,613.0,0.5803,5126.0
1753600227103,07:10:27.103,gateio,A/USDT:USDT,0.58,55.0,0.5798,36.0,0.5802,613.0,0.5803,5126.0
1753600227272,07:10:27.272,gateio,A/USDT:USDT,0.58,55.0,0.5798,36.0,0.5802,633.0,0.5803,5126.0
1753600227324,07:10:27.324,gateio,A/USDT:USDT,0.58,55.0,0.5798,36.0,0.5802,633.0,0.5803,5126.0
1753600227518,07:10:27.518,gateio,A/USDT:USDT,0.58,55.0,0.5798,36.0,0.5802,633.0,0.5803,5126.0
1753600227776,07:10:27.776,gateio,A/USDT:USDT,0.58,55.0,0.5798,36.0,0.5801,4366.0,0.5802,40.0
1753600227865,07:10:27.865,gateio,A/USDT:USDT,0.58,55.0,0.5798,36.0,0.5801,4366.0,0.5802,40.0
1753600227936,07:10:27.936,gateio,A/USDT:USDT,0.58,55.0,0.5798,36.0,0.5801,4366.0,0.5802,40.0
1753600228361,07:10:28.361,gateio,A/USDT:USDT,0.58,55.0,0.5798,36.0,0.5801,4346.0,0.5802,40.0
1753600228442,07:10:28.442,gateio,A/USDT:USDT,0.58,55.0,0.5798,36.0,0.5801,4366.0,0.5802,40.0
1753600230535,07:10:30.535,gateio,A/USDT:USDT,0.58,55.0,0.5799,20.0,0.5801,4346.0,0.5803,836.0
1753600230852,07:10:30.852,gateio,A/USDT:USDT,0.58,55.0,0.5799,20.0,0.5801,4346.0,0.5803,836.0
1753600230932,07:10:30.932,gateio,A/USDT:USDT,0.58,55.0,0.5799,20.0,0.5801,4346.0,0.5803,836.0
1753600231049,07:10:31.049,gateio,A/USDT:USDT,0.58,55.0,0.5799,20.0,0.5801,4346.0,0.5803,836.0
1753600231213,07:10:31.213,gateio,A/USDT:USDT,0.58,55.0,0.5797,1695.0,0.5801,4346.0,0.5802,20.0
1753600231366,07:10:31.366,gateio,A/USDT:USDT,0.58,55.0,0.5797,1695.0,0.5801,4346.0,0.5802,40.0
1753600231390,07:10:31.390,gateio,A/USDT:USDT,0.58,55.0,0.5797,1695.0,0.5801,4346.0,0.5802,20.0
1753600232054,07:10:32.054,gateio,A/USDT:USDT,0.58,55.0,0.5797,1695.0,0.5801,4346.0,0.5802,40.0
1753600232727,07:10:32.727,gateio,A/USDT:USDT,0.58,55.0,0.5797,1695.0,0.5801,4346.0,0.5802,40.0
1753600232956,07:10:32.956,gateio,A/USDT:USDT,0.58,55.0,0.5797,1695.0,0.5801,4346.0,0.5803,836.0
1753600233023,07:10:33.023,gateio,A/USDT:USDT,0.58,55.0,0.5797,1695.0,0.5801,4346.0,0.5803,836.0
1753600234389,07:10:34.389,gateio,A/USDT:USDT,0.58,55.0,0.5797,1695.0,0.5801,4346.0,0.5803,836.0
1753600234702,07:10:34.702,gateio,A/USDT:USDT,0.58,55.0,0.5797,1695.0,0.5801,4346.0,0.5803,836.0
1753600235626,07:10:35.626,gateio,A/USDT:USDT,0.58,55.0,0.5797,1695.0,0.5801,4346.0,0.5803,836.0
1753600236293,07:10:36.293,gateio,A/USDT:USDT,0.58,55.0,0.5797,1695.0,0.5801,4366.0,0.5802,20.0
1753600236471,07:10:36.471,gateio,A/USDT:USDT,0.58,55.0,0.5797,1695.0,0.5801,4366.0,0.5802,54.0
1753600236542,07:10:36.542,gateio,A/USDT:USDT,0.58,55.0,0.5797,1695.0,0.5801,4366.0,0.5802,54.0
1753600236822,07:10:36.822,gateio,A/USDT:USDT,0.58,55.0,0.5797,1695.0,0.5801,4346.0,0.5802,54.0
1753600237562,07:10:37.562,gateio,A/USDT:USDT,0.58,55.0,0.5797,1695.0,0.5801,4366.0,0.5802,54.0
1753600237582,07:10:37.582,gateio,A/USDT:USDT,0.58,55.0,0.5797,1695.0,0.5801,4346.0,0.5802,54.0
1753600237703,07:10:37.703,gateio,A/USDT:USDT,0.58,55.0,0.5797,1695.0,0.5801,4346.0,0.5802,34.0
1753600238513,07:10:38.513,gateio,A/USDT:USDT,0.58,55.0,0.5797,1695.0,0.5801,4366.0,0.5802,34.0
1753600238899,07:10:38.899,gateio,A/USDT:USDT,0.58,55.0,0.5797,1695.0,0.5801,4366.0,0.5802,34.0
1753600240503,07:10:40.503,gateio,A/USDT:USDT,0.58,55.0,0.5797,1695.0,0.5801,4366.0,0.5802,34.0
1753600240863,07:10:40.863,gateio,A/USDT:USDT,0.58,55.0,0.5797,1695.0,0.5801,4346.0,0.5802,34.0
1753600240990,07:10:40.990,gateio,A/USDT:USDT,0.58,55.0,0.5797,1695.0,0.5801,4346.0,0.5802,34.0
1753600241189,07:10:41.189,gateio,A/USDT:USDT,0.58,55.0,0.5797,1695.0,0.5801,4346.0,0.5802,34.0
1753600241410,07:10:41.410,gateio,A/USDT:USDT,0.58,55.0,0.5797,1695.0,0.5801,4346.0,0.5802,34.0
1753600242326,07:10:42.326,gateio,A/USDT:USDT,0.58,55.0,0.5797,1695.0,0.5801,4346.0,0.5802,34.0
1753600242432,07:10:42.432,gateio,A/USDT:USDT,0.58,55.0,0.5797,1695.0,0.5801,4346.0,0.5802,34.0
1753600243225,07:10:43.225,gateio,A/USDT:USDT,0.58,55.0,0.5797,1695.0,0.5801,4346.0,0.5802,34.0
1753600244043,07:10:44.043,gateio,A/USDT:USDT,0.58,55.0,0.5797,1695.0,0.5801,4366.0,0.5802,34.0
1753600244175,07:10:44.175,gateio,A/USDT:USDT,0.58,55.0,0.5797,1695.0,0.5801,4366.0,0.5802,34.0
1753600244456,07:10:44.456,gateio,A/USDT:USDT,0.58,55.0,0.5797,1695.0,0.5801,4366.0,0.5802,34.0
1753600244533,07:10:44.533,gateio,A/USDT:USDT,0.58,55.0,0.5797,1695.0,0.5801,4366.0,0.5802,34.0
1753600245069,07:10:45.069,gateio,A/USDT:USDT,0.58,55.0,0.5797,1695.0,0.5801,4366.0,0.5802,34.0
1753600245605,07:10:45.605,gateio,A/USDT:USDT,0.58,55.0,0.5797,1695.0,0.5801,4386.0,0.5802,34.0
1753600245802,07:10:45.802,gateio,A/USDT:USDT,0.58,55.0,0.5797,431.0,0.5801,5153.0,0.5802,34.0
1753600245886,07:10:45.886,gateio,A/USDT:USDT,0.58,55.0,0.5797,431.0,0.5801,5153.0,0.5802,34.0
1753600246079,07:10:46.079,gateio,A/USDT:USDT,0.5806,255.0,0.5805,255.0,0.5807,900.0,0.5813,355.0
1753600246163,07:10:46.163,gateio,A/USDT:USDT,0.5806,391.0,0.5805,398.0,0.5807,23.0,0.5813,389.0
1753600246240,07:10:46.240,gateio,A/USDT:USDT,0.5806,391.0,0.5805,870.0,0.5807,23.0,0.5813,389.0
1753600246378,07:10:46.378,gateio,A/USDT:USDT,0.5806,80.0,0.5805,870.0,0.5807,23.0,0.5813,644.0
1753600246462,07:10:46.462,gateio,A/USDT:USDT,0.5806,60.0,0.5805,575.0,0.5807,23.0,0.581,34.0
1753600246576,07:10:46.576,gateio,A/USDT:USDT,0.5806,60.0,0.5805,575.0,0.5807,23.0,0.581,315.0
1753600246604,07:10:46.604,gateio,A/USDT:USDT,0.5806,60.0,0.5805,575.0,0.5807,23.0,0.581,1988.0
1753600246722,07:10:46.722,gateio,A/USDT:USDT,0.5806,60.0,0.5804,397.0,0.5807,23.0,0.581,1988.0
1753600246804,07:10:46.804,gateio,A/USDT:USDT,0.5806,60.0,0.5804,355.0,0.5807,23.0,0.581,1988.0
1753600247040,07:10:47.040,gateio,A/USDT:USDT,0.5806,60.0,0.5804,356.0,0.5807,23.0,0.581,1988.0
1753600247163,07:10:47.163,gateio,A/USDT:USDT,0.5806,60.0,0.5803,789.0,0.5807,110.0,0.581,1988.0
1753600247274,07:10:47.274,gateio,A/USDT:USDT,0.5806,60.0,0.5803,789.0,0.5807,110.0,0.5809,616.0
1753600247282,07:10:47.282,gateio,A/USDT:USDT,0.5806,60.0,0.5803,789.0,0.5807,110.0,0.5809,616.0
1753600247416,07:10:47.416,gateio,A/USDT:USDT,0.5806,60.0,0.5803,789.0,0.5807,110.0,0.5809,616.0
1753600247777,07:10:47.777,gateio,A/USDT:USDT,0.5806,60.0,0.5803,789.0,0.5807,110.0,0.5809,616.0
1753600247782,07:10:47.782,gateio,A/USDT:USDT,0.5806,60.0,0.5803,789.0,0.5807,110.0,0.5809,20.0
1753600248335,07:10:48.335,gateio,A/USDT:USDT,0.5806,60.0,0.5803,789.0,0.5807,110.0,0.5809,40.0
1753600249504,07:10:49.504,gateio,A/USDT:USDT,0.5806,60.0,0.5804,20.0,0.5807,110.0,0.5809,40.0
1753600249846,07:10:49.846,gateio,A/USDT:USDT,0.5806,60.0,0.5804,20.0,0.5807,110.0,0.5809,40.0
1753600250331,07:10:50.331,gateio,A/USDT:USDT,0.5806,60.0,0.5804,20.0,0.5807,110.0,0.5809,40.0
1753600251078,07:10:51.078,gateio,A/USDT:USDT,0.5806,60.0,0.5804,20.0,0.5807,23.0,0.5809,40.0
1753600251158,07:10:51.158,gateio,A/USDT:USDT,0.5806,60.0,0.5805,20.0,0.5807,23.0,0.5809,20.0
1753600251262,07:10:51.262,gateio,A/USDT:USDT,0.5806,60.0,0.5805,20.0,0.5807,23.0,0.5809,20.0
1753600251377,07:10:51.377,gateio,A/USDT:USDT,0.5806,60.0,0.5805,20.0,0.5807,23.0,0.5809,20.0
1753600251382,07:10:51.382,gateio,A/USDT:USDT,0.5806,60.0,0.5805,20.0,0.5807,23.0,0.5809,20.0
1753600251879,07:10:51.879,gateio,A/USDT:USDT,0.5813,88.0,0.5811,36.0,0.5819,280.0,0.582,5.0
1753600251979,07:10:51.979,gateio,A/USDT:USDT,0.5815,661.0,0.5814,811.0,0.5817,23.0,0.582,5.0
1753600252079,07:10:52.079,gateio,A/USDT:USDT,0.5818,355.0,0.5816,266.0,0.5822,460.0,0.5823,1244.0
1753600252142,07:10:52.142,gateio,A/USDT:USDT,0.5819,80.0,0.5818,431.0,0.5822,10.0,0.5824,281.0
1753600252277,07:10:52.277,gateio,A/USDT:USDT,0.5819,60.0,0.5818,391.0,0.5822,10.0,0.5823,20.0
1753600252343,07:10:52.343,gateio,A/USDT:USDT,0.5819,60.0,0.5818,391.0,0.5822,10.0,0.5823,40.0
1753600252835,07:10:52.835,gateio,A/USDT:USDT,0.5819,60.0,0.5818,391.0,0.5822,10.0,0.5823,40.0
1753600252882,07:10:52.882,gateio,A/USDT:USDT,0.5819,60.0,0.5818,391.0,0.5822,10.0,0.5823,40.0
1753600253862,07:10:53.862,gateio,A/USDT:USDT,0.5819,60.0,0.5818,391.0,0.5822,10.0,0.5823,40.0
1753600253953,07:10:53.953,gateio,A/USDT:USDT,0.5819,60.0,0.5818,391.0,0.5822,10.0,0.5823,40.0
1753600254564,07:10:54.564,gateio,A/USDT:USDT,0.5819,60.0,0.5818,391.0,0.5822,10.0,0.5823,40.0
1753600255179,07:10:55.179,gateio,A/USDT:USDT,0.5819,60.0,0.5818,391.0,0.5821,87.0,0.5822,10.0
1753600255274,07:10:55.274,gateio,A/USDT:USDT,0.5819,60.0,0.5818,355.0,0.5821,107.0,0.5822,30.0
1753600255326,07:10:55.326,gateio,A/USDT:USDT,0.5819,60.0,0.5818,355.0,0.5821,107.0,0.5822,30.0
1753600255434,07:10:55.434,gateio,A/USDT:USDT,0.5819,143.0,0.5818,355.0,0.5821,107.0,0.5822,30.0
1753600255967,07:10:55.967,gateio,A/USDT:USDT,0.5819,143.0,0.5818,391.0,0.5822,10.0,0.5823,1264.0
