timestamp,time,exchange,symbol,bid1_price,bid1_volume,bid2_price,bid2_volume,ask1_price,ask1_volume,ask2_price,ask2_volume
1753599986663,07:06:26.663,phemex,ACT/USDT:USDT,0.04611,6456.0,0.0461,2792.0,0.04612,2746.0,0.04613,9000.0
1753600000405,07:06:40.405,phemex,ACT/USDT:USDT,0.04611,6456.0,0.0461,2792.0,0.04613,9000.0,0.04614,7480.0
1753600000440,07:06:40.440,phemex,ACT/USDT:USDT,0.04612,2819.0,0.04611,11038.0,0.04613,9000.0,0.04614,7480.0
1753600000529,07:06:40.529,phemex,ACT/USDT:USDT,0.04612,2819.0,0.04611,11038.0,0.04613,9000.0,0.04614,7480.0
1753600006761,07:06:46.761,phemex,ACT/USDT:USDT,0.04612,2519.0,0.04611,11038.0,0.04613,9000.0,0.04614,7480.0
1753600006885,07:06:46.885,phemex,ACT/USDT:USDT,0.0461,12041.0,0.04609,20426.0,0.04613,9000.0,0.04614,7480.0
1753600006910,07:06:46.910,phemex,ACT/USDT:USDT,0.0461,9249.0,0.04609,20426.0,0.04613,9000.0,0.04614,7480.0
1753600006953,07:06:46.953,phemex,ACT/USDT:USDT,0.0461,9249.0,0.04609,20426.0,0.04612,2726.0,0.04613,9000.0
1753600007262,07:06:47.262,phemex,ACT/USDT:USDT,0.0461,9249.0,0.04609,20426.0,0.04612,2726.0,0.04613,15772.0
1753600007792,07:06:47.792,phemex,ACT/USDT:USDT,0.04611,2726.0,0.0461,9249.0,0.04613,15772.0,0.04614,14243.0
1753600007857,07:06:47.857,phemex,ACT/USDT:USDT,0.0461,9249.0,0.04609,20426.0,0.04612,2726.0,0.04613,15772.0
1753600007894,07:06:47.894,phemex,ACT/USDT:USDT,0.0461,9249.0,0.04609,20426.0,0.04612,2726.0,0.04613,15772.0
1753600007991,07:06:47.991,phemex,ACT/USDT:USDT,0.04611,2726.0,0.0461,9249.0,0.04612,2726.0,0.04613,15772.0
1753600008041,07:06:48.041,phemex,ACT/USDT:USDT,0.04611,2726.0,0.0461,9249.0,0.04612,2726.0,0.04613,2792.0
1753600008050,07:06:48.050,phemex,ACT/USDT:USDT,0.0461,9249.0,0.04609,20426.0,0.04612,2726.0,0.04613,2792.0
1753600008080,07:06:48.080,phemex,ACT/USDT:USDT,0.0461,9249.0,0.04609,20426.0,0.04612,2726.0,0.04613,2792.0
1753600008126,07:06:48.126,phemex,ACT/USDT:USDT,0.0461,9249.0,0.04609,20426.0,0.04613,2792.0,0.04614,7480.0
1753600008183,07:06:48.183,phemex,ACT/USDT:USDT,0.04611,2726.0,0.0461,9249.0,0.04613,2792.0,0.04614,7480.0
1753600008199,07:06:48.199,phemex,ACT/USDT:USDT,0.0461,9249.0,0.04609,20426.0,0.04613,2792.0,0.04614,7480.0
1753600008244,07:06:48.244,phemex,ACT/USDT:USDT,0.0461,9249.0,0.04609,20426.0,0.04613,2792.0,0.04614,7480.0
1753600008801,07:06:48.801,phemex,ACT/USDT:USDT,0.0461,9249.0,0.04609,20426.0,0.04613,2792.0,0.04614,7480.0
1753600008828,07:06:48.828,phemex,ACT/USDT:USDT,0.0461,9249.0,0.04609,20426.0,0.04613,2792.0,0.04614,7480.0
1753600008969,07:06:48.969,phemex,ACT/USDT:USDT,0.0461,8852.0,0.04609,20426.0,0.04613,2792.0,0.04614,7480.0
1753600009288,07:06:49.288,phemex,ACT/USDT:USDT,0.04611,2726.0,0.0461,8852.0,0.04613,2792.0,0.04614,7480.0
1753600009471,07:06:49.471,phemex,ACT/USDT:USDT,0.0461,8852.0,0.04609,20426.0,0.04613,2792.0,0.04614,7480.0
1753600009520,07:06:49.520,phemex,ACT/USDT:USDT,0.0461,8852.0,0.04609,20426.0,0.04613,2792.0,0.04614,7480.0
1753600010203,07:06:50.203,phemex,ACT/USDT:USDT,0.0461,8552.0,0.04609,20426.0,0.04613,2792.0,0.04614,7480.0
1753600010810,07:06:50.810,phemex,ACT/USDT:USDT,0.04611,2726.0,0.0461,8552.0,0.04613,2792.0,0.04614,7480.0
1753600010957,07:06:50.957,phemex,ACT/USDT:USDT,0.0461,8552.0,0.04609,20426.0,0.04613,2792.0,0.04614,7480.0
1753600010980,07:06:50.980,phemex,ACT/USDT:USDT,0.0461,8552.0,0.04609,20426.0,0.04613,2792.0,0.04614,7480.0
1753600010980,07:06:50.980,phemex,ACT/USDT:USDT,0.0461,8552.0,0.04609,20426.0,0.04613,2792.0,0.04614,7480.0
1753600012477,07:06:52.477,phemex,ACT/USDT:USDT,0.04611,2726.0,0.0461,8552.0,0.04613,2792.0,0.04614,7480.0
1753600012506,07:06:52.506,phemex,ACT/USDT:USDT,0.0461,8552.0,0.04609,20426.0,0.04613,2792.0,0.04614,7480.0
1753600012522,07:06:52.522,phemex,ACT/USDT:USDT,0.04612,6321.0,0.04611,7732.0,0.04613,2792.0,0.04614,7480.0
1753600012556,07:06:52.556,phemex,ACT/USDT:USDT,0.04612,6321.0,0.04611,10458.0,0.04613,2792.0,0.04614,7480.0
1753600014290,07:06:54.290,phemex,ACT/USDT:USDT,0.04612,6321.0,0.04611,10458.0,0.04614,7480.0,0.04615,8066.0
1753600014318,07:06:54.318,phemex,ACT/USDT:USDT,0.04612,6321.0,0.04611,10458.0,0.04613,2760.0,0.04614,7480.0
1753600014322,07:06:54.322,phemex,ACT/USDT:USDT,0.04612,6321.0,0.04611,10458.0,0.04613,2760.0,0.04614,7480.0
1753600014343,07:06:54.343,phemex,ACT/USDT:USDT,0.04612,6321.0,0.04611,10458.0,0.04613,2760.0,0.04614,7480.0
1753600015560,07:06:55.560,phemex,ACT/USDT:USDT,0.04612,6321.0,0.04611,7732.0,0.04613,2760.0,0.04614,7480.0
1753600019590,07:06:59.590,phemex,ACT/USDT:USDT,0.04612,6321.0,0.04611,7732.0,0.04614,7480.0,0.04615,14343.0
1753600019609,07:06:59.609,phemex,ACT/USDT:USDT,0.04612,6321.0,0.04611,7732.0,0.04614,7480.0,0.04615,8066.0
1753600019610,07:06:59.610,phemex,ACT/USDT:USDT,0.04612,6321.0,0.04611,7732.0,0.04614,7480.0,0.04615,8066.0
1753600019649,07:06:59.649,phemex,ACT/USDT:USDT,0.04612,6321.0,0.04611,7732.0,0.04613,2760.0,0.04614,7480.0
1753600019672,07:06:59.672,phemex,ACT/USDT:USDT,0.04612,6321.0,0.04611,7732.0,0.04614,7480.0,0.04615,8066.0
1753600019709,07:06:59.709,phemex,ACT/USDT:USDT,0.04612,6321.0,0.04611,7732.0,0.04613,2760.0,0.04614,7480.0
1753600020683,07:07:00.683,phemex,ACT/USDT:USDT,0.04612,6321.0,0.04611,7732.0,0.04614,10198.0,0.04615,6387.0
1753600020703,07:07:00.703,phemex,ACT/USDT:USDT,0.04613,2791.0,0.04612,10081.0,0.04614,10198.0,0.04615,6387.0
1753600025170,07:07:05.170,phemex,ACT/USDT:USDT,0.04613,2791.0,0.04612,10081.0,0.04614,10198.0,0.04615,6387.0
1753600025175,07:07:05.175,phemex,ACT/USDT:USDT,0.04613,2791.0,0.04612,10081.0,0.04614,10198.0,0.04615,6387.0
1753600026243,07:07:06.243,phemex,ACT/USDT:USDT,0.04613,926.0,0.04612,10081.0,0.04614,10198.0,0.04615,6387.0
1753600029598,07:07:09.598,phemex,ACT/USDT:USDT,0.04611,4344.0,0.0461,11472.0,0.04613,4186.0,0.04614,10198.0
1753600029609,07:07:09.609,phemex,ACT/USDT:USDT,0.04611,4344.0,0.0461,11472.0,0.04613,7853.0,0.04614,10198.0
1753600029630,07:07:09.630,phemex,ACT/USDT:USDT,0.04611,4344.0,0.0461,11472.0,0.04613,7853.0,0.04614,10198.0
1753600031530,07:07:11.530,phemex,ACT/USDT:USDT,0.04611,4344.0,0.0461,11472.0,0.04613,7396.0,0.04614,10198.0
1753600033584,07:07:13.584,phemex,ACT/USDT:USDT,0.04611,4344.0,0.0461,11472.0,0.04612,2733.0,0.04613,7396.0
1753600033607,07:07:13.607,phemex,ACT/USDT:USDT,0.04611,4344.0,0.0461,11472.0,0.04612,2733.0,0.04613,7396.0
1753600033653,07:07:13.653,phemex,ACT/USDT:USDT,0.04611,4344.0,0.0461,11472.0,0.04612,2733.0,0.04613,7396.0
1753600033705,07:07:13.705,phemex,ACT/USDT:USDT,0.04611,4344.0,0.0461,8272.0,0.04612,2733.0,0.04613,7396.0
1753600033749,07:07:13.749,phemex,ACT/USDT:USDT,0.04611,4344.0,0.0461,8272.0,0.04612,2733.0,0.04613,7396.0
1753600033859,07:07:13.859,phemex,ACT/USDT:USDT,0.0461,3728.0,0.04609,4640.0,0.04612,2733.0,0.04613,7396.0
1753600034550,07:07:14.550,phemex,ACT/USDT:USDT,0.0461,3728.0,0.04609,4640.0,0.04612,2733.0,0.04613,10131.0
1753600034772,07:07:14.772,phemex,ACT/USDT:USDT,0.0461,3728.0,0.04609,4640.0,0.04611,6650.0,0.04612,11129.0
1753600034784,07:07:14.784,phemex,ACT/USDT:USDT,0.0461,3728.0,0.04609,4640.0,0.04611,6650.0,0.04612,11129.0
1753600034789,07:07:14.789,phemex,ACT/USDT:USDT,0.0461,3728.0,0.04609,4640.0,0.04611,6650.0,0.04612,11129.0
1753600035759,07:07:15.759,phemex,ACT/USDT:USDT,0.0461,3728.0,0.04609,4640.0,0.04611,5650.0,0.04612,11129.0
1753600042332,07:07:22.332,phemex,ACT/USDT:USDT,0.0461,3728.0,0.04609,4640.0,0.04611,5650.0,0.04612,11129.0
1753600042344,07:07:22.344,phemex,ACT/USDT:USDT,0.04609,9333.0,0.04607,10176.0,0.04611,5650.0,0.04612,11129.0
1753600042385,07:07:22.385,phemex,ACT/USDT:USDT,0.04609,9333.0,0.04607,10176.0,0.0461,2735.0,0.04611,5650.0
1753600042426,07:07:22.426,phemex,ACT/USDT:USDT,0.04609,9333.0,0.04607,10176.0,0.0461,2735.0,0.04611,5650.0
1753600042437,07:07:22.437,phemex,ACT/USDT:USDT,0.04609,9333.0,0.04607,10176.0,0.0461,2735.0,0.04611,5650.0
1753600042731,07:07:22.731,phemex,ACT/USDT:USDT,0.04609,9333.0,0.04608,2735.0,0.0461,2735.0,0.04611,5650.0
1753600042785,07:07:22.785,phemex,ACT/USDT:USDT,0.04609,9333.0,0.04607,10176.0,0.0461,2735.0,0.04611,5650.0
1753600042787,07:07:22.787,phemex,ACT/USDT:USDT,0.04609,9333.0,0.04607,10176.0,0.0461,2735.0,0.04611,5650.0
1753600042795,07:07:22.795,phemex,ACT/USDT:USDT,0.04609,9333.0,0.04607,10176.0,0.0461,2735.0,0.04611,5650.0
1753600042922,07:07:22.922,phemex,ACT/USDT:USDT,0.04609,9333.0,0.04608,2735.0,0.0461,2735.0,0.04611,5650.0
1753600042950,07:07:22.950,phemex,ACT/USDT:USDT,0.04609,9333.0,0.04607,10176.0,0.0461,2735.0,0.04611,5650.0
1753600042961,07:07:22.961,phemex,ACT/USDT:USDT,0.04609,9333.0,0.04607,10176.0,0.0461,2735.0,0.04611,5650.0
1753600043001,07:07:23.001,phemex,ACT/USDT:USDT,0.04609,9333.0,0.04607,10176.0,0.0461,2735.0,0.04611,5650.0
1753600043128,07:07:23.128,phemex,ACT/USDT:USDT,0.04609,9333.0,0.04607,10176.0,0.0461,2735.0,0.04611,5650.0
1753600043165,07:07:23.165,phemex,ACT/USDT:USDT,0.04609,9333.0,0.04607,10176.0,0.0461,2735.0,0.04611,8385.0
1753600043187,07:07:23.187,phemex,ACT/USDT:USDT,0.04609,8883.0,0.04607,10176.0,0.0461,2735.0,0.04611,8385.0
1753600043544,07:07:23.544,phemex,ACT/USDT:USDT,0.04608,6015.0,0.04607,3329.0,0.0461,5672.0,0.04611,12034.0
1753600043568,07:07:23.568,phemex,ACT/USDT:USDT,0.04608,6015.0,0.04607,3329.0,0.04609,2735.0,0.0461,5672.0
1753600043731,07:07:23.731,phemex,ACT/USDT:USDT,0.04608,6015.0,0.04607,3329.0,0.04609,2735.0,0.0461,5672.0
1753600043769,07:07:23.769,phemex,ACT/USDT:USDT,0.04608,6015.0,0.04607,3329.0,0.04609,2735.0,0.0461,5672.0
1753600047012,07:07:27.012,phemex,ACT/USDT:USDT,0.04607,3716.0,0.04605,20618.0,0.04609,2735.0,0.0461,5672.0
1753600047056,07:07:27.056,phemex,ACT/USDT:USDT,0.04607,3716.0,0.04606,2718.0,0.04609,2735.0,0.0461,5672.0
1753600047095,07:07:27.095,phemex,ACT/USDT:USDT,0.04606,2718.0,0.04604,21124.0,0.04609,2735.0,0.0461,5672.0
1753600047115,07:07:27.115,phemex,ACT/USDT:USDT,0.04606,2718.0,0.04605,3833.0,0.04609,2735.0,0.0461,5672.0
1753600048202,07:07:28.202,phemex,ACT/USDT:USDT,0.04606,2718.0,0.04605,6551.0,0.04609,2735.0,0.0461,5672.0
1753600050255,07:07:30.255,phemex,ACT/USDT:USDT,0.04606,2718.0,0.04605,6551.0,0.04608,13956.0,0.04609,2735.0
1753600050806,07:07:30.806,phemex,ACT/USDT:USDT,0.04606,2718.0,0.04605,6551.0,0.04609,3033.0,0.0461,7270.0
1753600051846,07:07:31.846,phemex,ACT/USDT:USDT,0.04606,2718.0,0.04605,6551.0,0.04609,2393.0,0.0461,7270.0
1753600053030,07:07:33.030,phemex,ACT/USDT:USDT,0.04608,5998.0,0.04607,7186.0,0.04609,2393.0,0.0461,7270.0
1753600053064,07:07:33.064,phemex,ACT/USDT:USDT,0.04608,5998.0,0.04607,7186.0,0.04609,2393.0,0.0461,7270.0
1753600053077,07:07:33.077,phemex,ACT/USDT:USDT,0.04608,5998.0,0.04607,7186.0,0.04609,2393.0,0.0461,7270.0
1753600053756,07:07:33.756,phemex,ACT/USDT:USDT,0.04608,5998.0,0.04607,7186.0,0.04609,2393.0,0.0461,7270.0
1753600053771,07:07:33.771,phemex,ACT/USDT:USDT,0.04608,5998.0,0.04607,7186.0,0.04611,10059.0,0.04612,13642.0
1753600053783,07:07:33.783,phemex,ACT/USDT:USDT,0.04608,5998.0,0.04607,7186.0,0.04611,10059.0,0.04612,13642.0
1753600053797,07:07:33.797,phemex,ACT/USDT:USDT,0.04609,2718.0,0.04608,5998.0,0.0461,2718.0,0.04611,10059.0
1753600053824,07:07:33.824,phemex,ACT/USDT:USDT,0.04609,2718.0,0.04608,5998.0,0.0461,2718.0,0.04611,10059.0
1753600053829,07:07:33.829,phemex,ACT/USDT:USDT,0.04609,2718.0,0.04608,5998.0,0.0461,2718.0,0.04611,10059.0
1753600054168,07:07:34.168,phemex,ACT/USDT:USDT,0.04608,5998.0,0.04607,7186.0,0.0461,2718.0,0.04611,10059.0
1753600054229,07:07:34.229,phemex,ACT/USDT:USDT,0.04608,5998.0,0.04607,7186.0,0.0461,2718.0,0.04611,10059.0
1753600054921,07:07:34.921,phemex,ACT/USDT:USDT,0.04608,5998.0,0.04607,7186.0,0.0461,2718.0,0.04611,10059.0
1753600054940,07:07:34.940,phemex,ACT/USDT:USDT,0.04608,5998.0,0.04607,7186.0,0.0461,2718.0,0.04611,10059.0
1753600057280,07:07:37.280,phemex,ACT/USDT:USDT,0.04609,2721.0,0.04608,5998.0,0.04611,10059.0,0.04612,13642.0
1753600057348,07:07:37.348,phemex,ACT/USDT:USDT,0.04608,5998.0,0.04607,7186.0,0.0461,2721.0,0.04611,10059.0
1753600057389,07:07:37.389,phemex,ACT/USDT:USDT,0.04608,5998.0,0.04607,7186.0,0.0461,2721.0,0.04611,10059.0
1753600058296,07:07:38.296,phemex,ACT/USDT:USDT,0.04609,2721.0,0.04608,13231.0,0.0461,2721.0,0.04611,10059.0
1753600058309,07:07:38.309,phemex,ACT/USDT:USDT,0.04608,13231.0,0.04607,13305.0,0.0461,2721.0,0.04611,10059.0
1753600058352,07:07:38.352,phemex,ACT/USDT:USDT,0.04608,13231.0,0.04607,13305.0,0.0461,2721.0,0.04611,10059.0
1753600059009,07:07:39.009,phemex,ACT/USDT:USDT,0.04607,7171.0,0.04606,15864.0,0.0461,2721.0,0.04611,13453.0
1753600059018,07:07:39.018,phemex,ACT/USDT:USDT,0.04606,22847.0,0.04605,2718.0,0.0461,2721.0,0.04611,16473.0
1753600059037,07:07:39.037,phemex,ACT/USDT:USDT,0.04607,2721.0,0.04606,22847.0,0.0461,2721.0,0.04611,16473.0
1753600067309,07:07:47.309,phemex,ACT/USDT:USDT,0.04609,13784.0,0.04607,15537.0,0.0461,5339.0,0.04611,6986.0
1753600067354,07:07:47.354,phemex,ACT/USDT:USDT,0.04609,13784.0,0.04608,2796.0,0.0461,5339.0,0.04611,6986.0
1753600067591,07:07:47.591,phemex,ACT/USDT:USDT,0.04607,2721.0,0.04606,12253.0,0.0461,5339.0,0.04611,6986.0
1753600067618,07:07:47.618,phemex,ACT/USDT:USDT,0.04607,2721.0,0.04606,12253.0,0.04609,2796.0,0.0461,5339.0
1753600067654,07:07:47.654,phemex,ACT/USDT:USDT,0.04607,2721.0,0.04606,12253.0,0.04609,2796.0,0.0461,5339.0
1753600076175,07:07:56.175,phemex,ACT/USDT:USDT,0.04607,2721.0,0.04606,12253.0,0.04609,2796.0,0.0461,5339.0
1753600076187,07:07:56.187,phemex,ACT/USDT:USDT,0.04607,2721.0,0.04606,12253.0,0.04609,2796.0,0.0461,5339.0
1753600077146,07:07:57.146,phemex,ACT/USDT:USDT,0.04606,12253.0,0.04605,15417.0,0.04609,2796.0,0.0461,5339.0
1753600077166,07:07:57.166,phemex,ACT/USDT:USDT,0.04606,12253.0,0.04605,15417.0,0.04609,2796.0,0.0461,5339.0
1753600078333,07:07:58.333,phemex,ACT/USDT:USDT,0.04608,8292.0,0.04607,7592.0,0.04609,14962.0,0.0461,5339.0
1753600082006,07:08:02.006,phemex,ACT/USDT:USDT,0.04606,4517.0,0.04605,15417.0,0.04609,14962.0,0.0461,5339.0
1753600082033,07:08:02.033,phemex,ACT/USDT:USDT,0.04606,4517.0,0.04605,15417.0,0.04608,2713.0,0.04609,14962.0
1753600082047,07:08:02.047,phemex,ACT/USDT:USDT,0.04606,4517.0,0.04605,15417.0,0.04608,2713.0,0.04609,14962.0
1753600082810,07:08:02.810,phemex,ACT/USDT:USDT,0.04606,4517.0,0.04605,3283.0,0.04608,2713.0,0.04609,14962.0
1753600082834,07:08:02.834,phemex,ACT/USDT:USDT,0.04606,4517.0,0.04605,3283.0,0.04608,2713.0,0.04609,14962.0
1753600083416,07:08:03.416,phemex,ACT/USDT:USDT,0.04606,3867.0,0.04605,3283.0,0.04608,2713.0,0.04609,14962.0
1753600083434,07:08:03.434,phemex,ACT/USDT:USDT,0.04606,3867.0,0.04605,3283.0,0.04608,2713.0,0.04609,14962.0
1753600085448,07:08:05.448,phemex,ACT/USDT:USDT,0.04606,3867.0,0.04605,3283.0,0.04607,2942.0,0.04608,14350.0
1753600086989,07:08:06.989,phemex,ACT/USDT:USDT,0.04606,3867.0,0.04605,3283.0,0.04608,2713.0,0.04609,7427.0
1753600086991,07:08:06.991,phemex,ACT/USDT:USDT,0.04606,3867.0,0.04605,3283.0,0.04608,2713.0,0.04609,7427.0
1753600087045,07:08:07.045,phemex,ACT/USDT:USDT,0.04606,3867.0,0.04605,3283.0,0.04608,2713.0,0.04609,7427.0
1753600087909,07:08:07.909,phemex,ACT/USDT:USDT,0.04607,7435.0,0.04606,8616.0,0.04608,2713.0,0.04609,7427.0
1753600089505,07:08:09.505,phemex,ACT/USDT:USDT,0.04607,7235.0,0.04606,8616.0,0.04608,2713.0,0.04609,7427.0
1753600090398,07:08:10.398,phemex,ACT/USDT:USDT,0.04605,2814.0,0.04604,15351.0,0.04608,2713.0,0.04609,7427.0
1753600090409,07:08:10.409,phemex,ACT/USDT:USDT,0.04605,2814.0,0.04604,15351.0,0.04608,2713.0,0.04609,7427.0
1753600090413,07:08:10.413,phemex,ACT/USDT:USDT,0.04605,2814.0,0.04604,15351.0,0.04608,2713.0,0.04609,7427.0
1753600091723,07:08:11.723,phemex,ACT/USDT:USDT,0.04605,2814.0,0.04604,15351.0,0.04608,2713.0,0.04609,7427.0
1753600091746,07:08:11.746,phemex,ACT/USDT:USDT,0.04605,2814.0,0.04604,15351.0,0.04608,2713.0,0.04609,7427.0
1753600092696,07:08:12.696,phemex,ACT/USDT:USDT,0.04604,15351.0,0.04603,8907.0,0.04608,2713.0,0.04609,7427.0
1753600092751,07:08:12.751,phemex,ACT/USDT:USDT,0.04605,2814.0,0.04604,15351.0,0.04608,2713.0,0.04609,7427.0
1753600096440,07:08:16.440,phemex,ACT/USDT:USDT,0.04606,3036.0,0.04605,12181.0,0.04607,3530.0,0.04608,12952.0
1753600101525,07:08:21.525,phemex,ACT/USDT:USDT,0.04606,2977.0,0.04605,12181.0,0.04607,3530.0,0.04608,12952.0
1753600102274,07:08:22.274,phemex,ACT/USDT:USDT,0.04606,2977.0,0.04605,12181.0,0.04607,6232.0,0.04608,12952.0
1753600102341,07:08:22.341,phemex,ACT/USDT:USDT,0.04604,4840.0,0.04603,15019.0,0.04607,11034.0,0.04608,21022.0
1753600102353,07:08:22.353,phemex,ACT/USDT:USDT,0.04604,4840.0,0.04603,15019.0,0.04606,2702.0,0.04607,11034.0
1753600103216,07:08:23.216,phemex,ACT/USDT:USDT,0.04604,4840.0,0.04603,15019.0,0.04606,2702.0,0.04607,11034.0
1753600103245,07:08:23.245,phemex,ACT/USDT:USDT,0.04604,4840.0,0.04603,15019.0,0.04606,2702.0,0.04607,11034.0
1753600103863,07:08:23.863,phemex,ACT/USDT:USDT,0.04604,4780.0,0.04603,15019.0,0.04606,2702.0,0.04607,11034.0
1753600108431,07:08:28.431,phemex,ACT/USDT:USDT,0.04604,4780.0,0.04603,15019.0,0.04606,2702.0,0.04607,14383.0
1753600108431,07:08:28.431,phemex,ACT/USDT:USDT,0.04605,4337.0,0.04604,8983.0,0.04606,2702.0,0.04607,18394.0
1753600108479,07:08:28.479,phemex,ACT/USDT:USDT,0.04605,4337.0,0.04604,8983.0,0.04606,2702.0,0.04607,18394.0
1753600108484,07:08:28.484,phemex,ACT/USDT:USDT,0.04605,4337.0,0.04604,8983.0,0.04606,2702.0,0.04607,18394.0
1753600111536,07:08:31.536,phemex,ACT/USDT:USDT,0.04605,4307.0,0.04604,8983.0,0.04606,2702.0,0.04607,18394.0
1753600114507,07:08:34.507,phemex,ACT/USDT:USDT,0.04604,4780.0,0.04603,2773.0,0.04606,2702.0,0.04607,11553.0
1753600114534,07:08:34.534,phemex,ACT/USDT:USDT,0.04604,4780.0,0.04602,20732.0,0.04606,2702.0,0.04607,11553.0
1753600114549,07:08:34.549,phemex,ACT/USDT:USDT,0.04604,4780.0,0.04603,2741.0,0.04606,2702.0,0.04607,11553.0
1753600114892,07:08:34.892,phemex,ACT/USDT:USDT,0.04604,4780.0,0.04602,20732.0,0.04606,2702.0,0.04607,11553.0
1753600114925,07:08:34.925,phemex,ACT/USDT:USDT,0.04604,4780.0,0.04602,20732.0,0.04606,2702.0,0.04607,11553.0
1753600114944,07:08:34.944,phemex,ACT/USDT:USDT,0.04604,4780.0,0.04603,2741.0,0.04606,2702.0,0.04607,11553.0
1753600119986,07:08:39.986,phemex,ACT/USDT:USDT,0.04604,13607.0,0.04603,2741.0,0.04605,9108.0,0.04606,11219.0
1753600120004,07:08:40.004,phemex,ACT/USDT:USDT,0.04604,13607.0,0.04603,2741.0,0.04605,9108.0,0.04606,11219.0
1753600120338,07:08:40.338,phemex,ACT/USDT:USDT,0.04604,13567.0,0.04603,2741.0,0.04605,9108.0,0.04606,11219.0
1753600121849,07:08:41.849,phemex,ACT/USDT:USDT,0.04604,13567.0,0.04603,2741.0,0.04607,7225.0,0.04608,16074.0
1753600121871,07:08:41.871,phemex,ACT/USDT:USDT,0.04604,13567.0,0.04603,2741.0,0.04606,2741.0,0.04607,7225.0
1753600121957,07:08:41.957,phemex,ACT/USDT:USDT,0.04605,4332.0,0.04604,13567.0,0.04606,2741.0,0.04607,7225.0
1753600121957,07:08:41.957,phemex,ACT/USDT:USDT,0.04605,4332.0,0.04604,13567.0,0.04606,2741.0,0.04607,7225.0
1753600123409,07:08:43.409,phemex,ACT/USDT:USDT,0.04605,4332.0,0.04604,13567.0,0.04607,7225.0,0.04608,16074.0
1753600123435,07:08:43.435,phemex,ACT/USDT:USDT,0.04605,4332.0,0.04604,13567.0,0.04607,7225.0,0.04608,16074.0
1753600123614,07:08:43.614,phemex,ACT/USDT:USDT,0.04605,4332.0,0.04604,13567.0,0.04606,2741.0,0.04607,7225.0
1753600124934,07:08:44.934,phemex,ACT/USDT:USDT,0.04605,4132.0,0.04604,13567.0,0.04606,2741.0,0.04607,7225.0
1753600125398,07:08:45.398,phemex,ACT/USDT:USDT,0.04605,7500.0,0.04604,4740.0,0.04606,2741.0,0.04607,7225.0
1753600127175,07:08:47.175,phemex,ACT/USDT:USDT,0.04605,7500.0,0.04604,4740.0,0.04607,7225.0,0.04608,16074.0
1753600127187,07:08:47.187,phemex,ACT/USDT:USDT,0.04606,2790.0,0.04605,7500.0,0.04607,4523.0,0.04608,16074.0
1753600127224,07:08:47.224,phemex,ACT/USDT:USDT,0.04606,2790.0,0.04605,7500.0,0.04607,4523.0,0.04608,6675.0
1753600127247,07:08:47.247,phemex,ACT/USDT:USDT,0.04606,6043.0,0.04605,7500.0,0.04607,4523.0,0.04608,6675.0
1753600128768,07:08:48.768,phemex,ACT/USDT:USDT,0.04606,6043.0,0.04605,7500.0,0.04607,4384.0,0.04608,6675.0
1753600131471,07:08:51.471,phemex,ACT/USDT:USDT,0.04606,9151.0,0.04605,7500.0,0.04607,4384.0,0.04608,6675.0
1753600131471,07:08:51.471,phemex,ACT/USDT:USDT,0.04606,9151.0,0.04605,7500.0,0.04607,4384.0,0.04608,6675.0
1753600136178,07:08:56.178,phemex,ACT/USDT:USDT,0.04606,9151.0,0.04605,7500.0,0.04607,4384.0,0.04608,6675.0
1753600136353,07:08:56.353,phemex,ACT/USDT:USDT,0.04606,9151.0,0.04605,7500.0,0.04608,3962.0,0.04609,11154.0
1753600136377,07:08:56.377,phemex,ACT/USDT:USDT,0.04606,12414.0,0.04605,9048.0,0.04608,3962.0,0.04609,11154.0
1753600136392,07:08:56.392,phemex,ACT/USDT:USDT,0.04606,12414.0,0.04605,9048.0,0.04608,3962.0,0.04609,11154.0
1753600136406,07:08:56.406,phemex,ACT/USDT:USDT,0.04606,12414.0,0.04605,9048.0,0.04608,3962.0,0.04609,11154.0
1753600136799,07:08:56.799,phemex,ACT/USDT:USDT,0.04607,3086.0,0.04606,12414.0,0.04608,3962.0,0.04609,11154.0
1753600136856,07:08:56.856,phemex,ACT/USDT:USDT,0.04607,3086.0,0.04606,12414.0,0.04608,3962.0,0.04609,11154.0
1753600139652,07:08:59.652,phemex,ACT/USDT:USDT,0.04607,3086.0,0.04606,12414.0,0.04608,3962.0,0.04609,11154.0
1753600142421,07:09:02.421,phemex,ACT/USDT:USDT,0.04607,3086.0,0.04606,12414.0,0.04608,3962.0,0.04609,11154.0
1753600142434,07:09:02.434,phemex,ACT/USDT:USDT,0.04607,3086.0,0.04606,12414.0,0.04608,3962.0,0.04609,11154.0
1753600144804,07:09:04.804,phemex,ACT/USDT:USDT,0.04607,2486.0,0.04606,12414.0,0.04608,3962.0,0.04609,11154.0
1753600145172,07:09:05.172,phemex,ACT/USDT:USDT,0.04607,2486.0,0.04606,12414.0,0.04608,3962.0,0.04609,11154.0
1753600145211,07:09:05.211,phemex,ACT/USDT:USDT,0.04607,2486.0,0.04606,12414.0,0.04608,3962.0,0.04609,11154.0
1753600145505,07:09:05.505,phemex,ACT/USDT:USDT,0.04607,2486.0,0.04606,12414.0,0.04608,3962.0,0.04609,11154.0
1753600147102,07:09:07.102,phemex,ACT/USDT:USDT,0.04607,5265.0,0.04606,12414.0,0.04608,3962.0,0.04609,11154.0
1753600147112,07:09:07.112,phemex,ACT/USDT:USDT,0.04607,8858.0,0.04606,5898.0,0.04609,3549.0,0.0461,2721.0
1753600147149,07:09:07.149,phemex,ACT/USDT:USDT,0.04608,3488.0,0.04607,10149.0,0.04609,3549.0,0.0461,2721.0
1753600147182,07:09:07.182,phemex,ACT/USDT:USDT,0.04608,3488.0,0.04607,10149.0,0.04609,3549.0,0.0461,2721.0
1753600147243,07:09:07.243,phemex,ACT/USDT:USDT,0.04608,3488.0,0.04607,10149.0,0.04609,3549.0,0.0461,2721.0
1753600149911,07:09:09.911,phemex,ACT/USDT:USDT,0.04608,951.0,0.04607,10149.0,0.04609,3549.0,0.0461,2721.0
1753600151177,07:09:11.177,phemex,ACT/USDT:USDT,0.04608,951.0,0.04607,10149.0,0.04609,3549.0,0.0461,2721.0
1753600152459,07:09:12.459,phemex,ACT/USDT:USDT,0.04608,951.0,0.04607,13263.0,0.04609,3549.0,0.0461,2721.0
1753600152989,07:09:12.989,phemex,ACT/USDT:USDT,0.04608,951.0,0.04607,10484.0,0.04609,3549.0,0.0461,2721.0
1753600154170,07:09:14.170,phemex,ACT/USDT:USDT,0.04608,951.0,0.04607,10484.0,0.04609,3549.0,0.0461,2721.0
1753600154195,07:09:14.195,phemex,ACT/USDT:USDT,0.04608,951.0,0.04607,10484.0,0.04609,3549.0,0.0461,2721.0
1753600154633,07:09:14.633,phemex,ACT/USDT:USDT,0.04608,503.0,0.04607,10484.0,0.04609,3549.0,0.0461,2721.0
1753600155823,07:09:15.823,phemex,ACT/USDT:USDT,0.04608,503.0,0.04607,10484.0,0.04609,3549.0,0.0461,2721.0
1753600155881,07:09:15.881,phemex,ACT/USDT:USDT,0.04608,503.0,0.04607,10484.0,0.04609,3549.0,0.0461,2721.0
1753600156566,07:09:16.566,phemex,ACT/USDT:USDT,0.04606,2790.0,0.04605,11024.0,0.04609,10352.0,0.0461,7268.0
1753600156594,07:09:16.594,phemex,ACT/USDT:USDT,0.04606,2790.0,0.04605,11024.0,0.04608,2732.0,0.04609,10352.0
1753600157396,07:09:17.396,phemex,ACT/USDT:USDT,0.04606,2790.0,0.04605,11024.0,0.04608,2732.0,0.04609,14742.0
1753600158478,07:09:18.478,phemex,ACT/USDT:USDT,0.04605,11024.0,0.04604,10833.0,0.04608,2732.0,0.04609,14742.0
1753600158517,07:09:18.517,phemex,ACT/USDT:USDT,0.04605,11024.0,0.04604,10833.0,0.04608,2732.0,0.04609,14742.0
1753600161798,07:09:21.798,phemex,ACT/USDT:USDT,0.04605,11024.0,0.04604,10833.0,0.04608,7403.0,0.04609,14742.0
1753600161831,07:09:21.831,phemex,ACT/USDT:USDT,0.04607,2705.0,0.04606,4486.0,0.04608,7403.0,0.04609,14742.0
1753600166176,07:09:26.176,phemex,ACT/USDT:USDT,0.04607,2705.0,0.04606,4486.0,0.04608,7403.0,0.04609,14742.0
1753600167924,07:09:27.924,phemex,ACT/USDT:USDT,0.04606,3051.0,0.04604,18750.0,0.04608,12176.0,0.04609,6803.0
1753600167949,07:09:27.949,phemex,ACT/USDT:USDT,0.04606,3051.0,0.04604,18750.0,0.04607,2692.0,0.04608,12176.0
1753600167966,07:09:27.966,phemex,ACT/USDT:USDT,0.04606,3051.0,0.04605,2692.0,0.04607,2692.0,0.04608,12176.0
1753600172032,07:09:32.032,phemex,ACT/USDT:USDT,0.04606,2853.0,0.04605,2692.0,0.04607,2692.0,0.04608,12176.0
1753600172175,07:09:32.175,phemex,ACT/USDT:USDT,0.04606,2853.0,0.04605,2692.0,0.04607,2692.0,0.04608,12176.0
1753600172446,07:09:32.446,phemex,ACT/USDT:USDT,0.04606,2853.0,0.04604,18750.0,0.04607,2692.0,0.04608,12176.0
1753600172479,07:09:32.479,phemex,ACT/USDT:USDT,0.04606,2853.0,0.04604,18750.0,0.04607,2692.0,0.04608,12176.0
1753600172545,07:09:32.545,phemex,ACT/USDT:USDT,0.04606,2853.0,0.04605,2692.0,0.04607,2692.0,0.04608,12176.0
1753600172708,07:09:32.708,phemex,ACT/USDT:USDT,0.04606,2853.0,0.04604,18750.0,0.04607,2692.0,0.04608,12176.0
1753600172718,07:09:32.718,phemex,ACT/USDT:USDT,0.04606,2853.0,0.04604,18750.0,0.04607,2692.0,0.04608,12176.0
1753600172759,07:09:32.759,phemex,ACT/USDT:USDT,0.04606,2853.0,0.04604,18750.0,0.04607,6917.0,0.04608,12176.0
1753600173091,07:09:33.091,phemex,ACT/USDT:USDT,0.04605,7410.0,0.04604,2790.0,0.04607,6917.0,0.04608,15606.0
1753600173104,07:09:33.104,phemex,ACT/USDT:USDT,0.04605,7410.0,0.04604,2790.0,0.04606,2692.0,0.04607,6917.0
1753600173378,07:09:33.378,phemex,ACT/USDT:USDT,0.04605,7410.0,0.04604,2790.0,0.04607,6917.0,0.04608,15606.0
1753600173502,07:09:33.502,phemex,ACT/USDT:USDT,0.04605,7410.0,0.04604,2790.0,0.04606,2692.0,0.04607,6917.0
1753600173614,07:09:33.614,phemex,ACT/USDT:USDT,0.04605,7410.0,0.04604,2790.0,0.04607,6917.0,0.04608,15606.0
1753600174693,07:09:34.693,phemex,ACT/USDT:USDT,0.04606,2688.0,0.04605,7410.0,0.04608,2732.0,0.04609,2732.0
1753600174696,07:09:34.696,phemex,ACT/USDT:USDT,0.04606,2688.0,0.04605,7410.0,0.04608,2732.0,0.04609,2732.0
1753600174707,07:09:34.707,phemex,ACT/USDT:USDT,0.04606,2688.0,0.04605,7410.0,0.04609,2732.0,0.0461,18936.0
1753600175672,07:09:35.672,phemex,ACT/USDT:USDT,0.04606,2688.0,0.04605,7410.0,0.04609,2732.0,0.0461,18936.0
1753600175737,07:09:35.737,phemex,ACT/USDT:USDT,0.04606,2688.0,0.04605,7410.0,0.04609,2732.0,0.0461,18936.0
1753600185841,07:09:45.841,phemex,ACT/USDT:USDT,0.04607,4068.0,0.04606,14344.0,0.04608,7405.0,0.04609,11071.0
1753600188875,07:09:48.875,phemex,ACT/USDT:USDT,0.04607,4018.0,0.04606,14344.0,0.04608,7405.0,0.04609,11071.0
1753600188875,07:09:48.875,phemex,ACT/USDT:USDT,0.04607,4018.0,0.04606,14344.0,0.04608,7405.0,0.04609,11071.0
1753600193400,07:09:53.400,phemex,ACT/USDT:USDT,0.04607,4018.0,0.04606,14344.0,0.04608,7405.0,0.04609,11071.0
1753600193414,07:09:53.414,phemex,ACT/USDT:USDT,0.04607,4018.0,0.04606,14344.0,0.04608,7405.0,0.04609,11071.0
1753600193441,07:09:53.441,phemex,ACT/USDT:USDT,0.04607,4018.0,0.04606,14344.0,0.04608,7405.0,0.04609,11071.0
1753600205182,07:10:05.182,phemex,ACT/USDT:USDT,0.04607,4018.0,0.04606,14344.0,0.04608,7405.0,0.04609,11071.0
1753600205195,07:10:05.195,phemex,ACT/USDT:USDT,0.04607,4018.0,0.04606,14344.0,0.04608,7405.0,0.04609,11071.0
1753600205993,07:10:05.993,phemex,ACT/USDT:USDT,0.04607,4018.0,0.04606,14344.0,0.04608,7405.0,0.04609,11071.0
1753600206004,07:10:06.004,phemex,ACT/USDT:USDT,0.04607,4018.0,0.04606,14344.0,0.04608,7405.0,0.04609,11071.0
1753600207332,07:10:07.332,phemex,ACT/USDT:USDT,0.04605,12087.0,0.04604,9028.0,0.04608,7405.0,0.04609,11071.0
1753600207377,07:10:07.377,phemex,ACT/USDT:USDT,0.04605,4776.0,0.04604,5812.0,0.04606,8178.0,0.04607,10963.0
1753600207419,07:10:07.419,phemex,ACT/USDT:USDT,0.04605,4776.0,0.04604,5812.0,0.04607,2761.0,0.04608,4639.0
1753600207454,07:10:07.454,phemex,ACT/USDT:USDT,0.04605,4776.0,0.04604,5812.0,0.04607,2761.0,0.04608,7400.0
1753600208602,07:10:08.602,phemex,ACT/USDT:USDT,0.04605,4776.0,0.04604,5812.0,0.04607,2761.0,0.04608,7400.0
1753600208628,07:10:08.628,phemex,ACT/USDT:USDT,0.04605,4776.0,0.04604,5812.0,0.04607,2761.0,0.04608,7400.0
1753600208755,07:10:08.755,phemex,ACT/USDT:USDT,0.04605,2956.0,0.04604,5812.0,0.04607,2761.0,0.04608,7400.0
1753600210789,07:10:10.789,phemex,ACT/USDT:USDT,0.04604,3022.0,0.04603,2741.0,0.04607,2761.0,0.04608,7400.0
1753600210805,07:10:10.805,phemex,ACT/USDT:USDT,0.04604,3022.0,0.04603,2741.0,0.04607,2761.0,0.04608,7400.0
1753600213411,07:10:13.411,phemex,ACT/USDT:USDT,0.04604,3022.0,0.04603,2741.0,0.04605,10698.0,0.04606,4691.0
1753600213411,07:10:13.411,phemex,ACT/USDT:USDT,0.04604,3022.0,0.04603,2741.0,0.04605,10698.0,0.04606,4691.0
1753600213547,07:10:13.547,phemex,ACT/USDT:USDT,0.04603,6559.0,0.04602,6634.0,0.04605,10698.0,0.04606,7452.0
1753600213568,07:10:13.568,phemex,ACT/USDT:USDT,0.04603,6559.0,0.04602,6634.0,0.04604,2761.0,0.04605,10698.0
1753600213598,07:10:13.598,phemex,ACT/USDT:USDT,0.04603,6559.0,0.04602,6634.0,0.04605,10698.0,0.04606,7452.0
1753600213611,07:10:13.611,phemex,ACT/USDT:USDT,0.04603,6559.0,0.04602,6634.0,0.04605,10698.0,0.04606,7452.0
1753600213625,07:10:13.625,phemex,ACT/USDT:USDT,0.04603,6559.0,0.04602,6634.0,0.04604,2761.0,0.04605,10698.0
1753600213667,07:10:13.667,phemex,ACT/USDT:USDT,0.04603,6559.0,0.04602,6634.0,0.04605,10698.0,0.04606,7452.0
1753600213690,07:10:13.690,phemex,ACT/USDT:USDT,0.04602,2741.0,0.04601,28595.0,0.04605,10698.0,0.04606,7452.0
1753600213721,07:10:13.721,phemex,ACT/USDT:USDT,0.04603,2761.0,0.04601,2773.0,0.04604,2761.0,0.04605,10698.0
1753600213731,07:10:13.731,phemex,ACT/USDT:USDT,0.04601,2773.0,0.046,2781.0,0.04604,2761.0,0.04605,10698.0
1753600213749,07:10:13.749,phemex,ACT/USDT:USDT,0.046,2781.0,0.04599,17677.0,0.04604,2761.0,0.04605,10698.0
1753600213773,07:10:13.773,phemex,ACT/USDT:USDT,0.046,2781.0,0.04599,17677.0,0.04604,2761.0,0.04605,10698.0
1753600214120,07:10:14.120,phemex,ACT/USDT:USDT,0.046,2781.0,0.04599,17677.0,0.04604,2761.0,0.04605,10698.0
1753600214137,07:10:14.137,phemex,ACT/USDT:USDT,0.046,2781.0,0.04599,17677.0,0.04604,2761.0,0.04605,10698.0
1753600216454,07:10:16.454,phemex,ACT/USDT:USDT,0.046,2781.0,0.04599,17677.0,0.04605,10698.0,0.04606,7452.0
1753600217101,07:10:17.101,phemex,ACT/USDT:USDT,0.046,2781.0,0.04599,17677.0,0.04606,7452.0,0.04607,9900.0
1753600217152,07:10:17.152,phemex,ACT/USDT:USDT,0.046,2781.0,0.04599,17677.0,0.04605,2748.0,0.04606,7452.0
1753600217166,07:10:17.166,phemex,ACT/USDT:USDT,0.046,2781.0,0.04599,17677.0,0.04606,7452.0,0.04607,9900.0
1753600217185,07:10:17.185,phemex,ACT/USDT:USDT,0.046,2781.0,0.04599,17677.0,0.04606,7452.0,0.04607,9900.0
1753600218537,07:10:18.537,phemex,ACT/USDT:USDT,0.046,2781.0,0.04599,17677.0,0.04605,2748.0,0.04606,7452.0
1753600219206,07:10:19.206,phemex,ACT/USDT:USDT,0.046,2781.0,0.04599,17677.0,0.04606,7452.0,0.04607,9900.0
1753600219229,07:10:19.229,phemex,ACT/USDT:USDT,0.046,2781.0,0.04599,17677.0,0.04606,7452.0,0.04607,9900.0
1753600219291,07:10:19.291,phemex,ACT/USDT:USDT,0.04604,7608.0,0.04603,7503.0,0.04605,3173.0,0.04606,15290.0
1753600219311,07:10:19.311,phemex,ACT/USDT:USDT,0.04604,7608.0,0.04603,7503.0,0.04605,3173.0,0.04606,15290.0
1753600219704,07:10:19.704,phemex,ACT/USDT:USDT,0.04604,7608.0,0.04603,7503.0,0.04605,3173.0,0.04606,15290.0
1753600219727,07:10:19.727,phemex,ACT/USDT:USDT,0.04604,7608.0,0.04603,7503.0,0.04605,3173.0,0.04606,15290.0
1753600222376,07:10:22.376,phemex,ACT/USDT:USDT,0.04604,7608.0,0.04603,7503.0,0.04605,3173.0,0.04606,15290.0
1753600223133,07:10:23.133,phemex,ACT/USDT:USDT,0.04604,3258.0,0.04603,7503.0,0.04605,3173.0,0.04606,15290.0
1753600225116,07:10:25.116,phemex,ACT/USDT:USDT,0.04604,3258.0,0.04603,7503.0,0.04605,3173.0,0.04606,15290.0
1753600225152,07:10:25.152,phemex,ACT/USDT:USDT,0.04604,3258.0,0.04603,7503.0,0.04605,3173.0,0.04606,15290.0
1753600226171,07:10:26.171,phemex,ACT/USDT:USDT,0.04604,3258.0,0.04603,7503.0,0.04605,3173.0,0.04606,15290.0
1753600226176,07:10:26.176,phemex,ACT/USDT:USDT,0.04604,3258.0,0.04603,7503.0,0.04605,3173.0,0.04606,15290.0
1753600227349,07:10:27.349,phemex,ACT/USDT:USDT,0.04604,2073.0,0.04603,7503.0,0.04605,3173.0,0.04606,15290.0
1753600227714,07:10:27.714,phemex,ACT/USDT:USDT,0.04604,2073.0,0.04603,7503.0,0.04605,5875.0,0.04606,15290.0
1753600227854,07:10:27.854,phemex,ACT/USDT:USDT,0.04604,2073.0,0.04603,7503.0,0.04605,5875.0,0.04606,15290.0
1753600230496,07:10:30.496,phemex,ACT/USDT:USDT,0.04604,2073.0,0.04603,7503.0,0.04605,5875.0,0.04606,15290.0
1753600230533,07:10:30.533,phemex,ACT/USDT:USDT,0.04604,2073.0,0.04603,7503.0,0.04605,5875.0,0.04606,15290.0
1753600230623,07:10:30.623,phemex,ACT/USDT:USDT,0.04604,4775.0,0.04603,7503.0,0.04605,3173.0,0.04606,15290.0
1753600230676,07:10:30.676,phemex,ACT/USDT:USDT,0.04604,4775.0,0.04603,10931.0,0.04606,2761.0,0.04607,2761.0
1753600230699,07:10:30.699,phemex,ACT/USDT:USDT,0.04604,6130.0,0.04603,10931.0,0.04606,2761.0,0.04607,2761.0
1753600230719,07:10:30.719,phemex,ACT/USDT:USDT,0.04605,2702.0,0.04604,8990.0,0.04606,2761.0,0.04607,2761.0
1753600230762,07:10:30.762,phemex,ACT/USDT:USDT,0.04605,2702.0,0.04604,8990.0,0.04606,2761.0,0.04607,9186.0
1753600230848,07:10:30.848,phemex,ACT/USDT:USDT,0.04605,2702.0,0.04604,8990.0,0.04607,9186.0,0.04608,2761.0
1753600230883,07:10:30.883,phemex,ACT/USDT:USDT,0.04605,2702.0,0.04604,8990.0,0.04607,9186.0,0.04608,2761.0
1753600230941,07:10:30.941,phemex,ACT/USDT:USDT,0.04605,2702.0,0.04604,8990.0,0.04607,9186.0,0.04608,2761.0
1753600230977,07:10:30.977,phemex,ACT/USDT:USDT,0.04605,2702.0,0.04604,8990.0,0.04607,6425.0,0.04608,2761.0
1753600232092,07:10:32.092,phemex,ACT/USDT:USDT,0.04605,2702.0,0.04604,8990.0,0.04606,2702.0,0.04607,6425.0
1753600232330,07:10:32.330,phemex,ACT/USDT:USDT,0.04605,2702.0,0.04604,8990.0,0.04607,6425.0,0.04608,2761.0
1753600232386,07:10:32.386,phemex,ACT/USDT:USDT,0.04605,2702.0,0.04604,8990.0,0.04607,6425.0,0.04608,2761.0
1753600233046,07:10:33.046,phemex,ACT/USDT:USDT,0.04605,2702.0,0.04604,8990.0,0.04607,6425.0,0.04608,2761.0
1753600233090,07:10:33.090,phemex,ACT/USDT:USDT,0.04605,2702.0,0.04604,8990.0,0.04607,6425.0,0.04608,2761.0
1753600233635,07:10:33.635,phemex,ACT/USDT:USDT,0.04605,2702.0,0.04604,8990.0,0.04607,5162.0,0.04608,2761.0
1753600236077,07:10:36.077,phemex,ACT/USDT:USDT,0.04605,2702.0,0.04604,8990.0,0.04606,2694.0,0.04607,5162.0
1753600236122,07:10:36.122,phemex,ACT/USDT:USDT,0.04605,2702.0,0.04604,8990.0,0.04606,2694.0,0.04607,5162.0
1753600236131,07:10:36.131,phemex,ACT/USDT:USDT,0.04605,2702.0,0.04604,8990.0,0.04607,5162.0,0.04608,2761.0
1753600236153,07:10:36.153,phemex,ACT/USDT:USDT,0.04605,2702.0,0.04604,8990.0,0.04607,5162.0,0.04608,2761.0
1753600236450,07:10:36.450,phemex,ACT/USDT:USDT,0.04605,2702.0,0.04604,8990.0,0.04606,2694.0,0.04607,5162.0
1753600236708,07:10:36.708,phemex,ACT/USDT:USDT,0.04605,6427.0,0.04604,13335.0,0.04606,2694.0,0.04607,5162.0
1753600237457,07:10:37.457,phemex,ACT/USDT:USDT,0.04605,6427.0,0.04604,13335.0,0.04606,2694.0,0.04607,5162.0
1753600237476,07:10:37.476,phemex,ACT/USDT:USDT,0.04605,6427.0,0.04604,13335.0,0.04606,2694.0,0.04607,5162.0
1753600238842,07:10:38.842,phemex,ACT/USDT:USDT,0.04605,3725.0,0.04604,13335.0,0.04606,2694.0,0.04607,5162.0
1753600240859,07:10:40.859,phemex,ACT/USDT:USDT,0.04605,3525.0,0.04604,13335.0,0.04606,2694.0,0.04607,5162.0
1753600240914,07:10:40.914,phemex,ACT/USDT:USDT,0.04605,3525.0,0.04604,13335.0,0.04607,5162.0,0.04608,2761.0
1753600240979,07:10:40.979,phemex,ACT/USDT:USDT,0.04605,3525.0,0.04604,13335.0,0.04606,2694.0,0.04607,5162.0
1753600240998,07:10:40.998,phemex,ACT/USDT:USDT,0.04605,3525.0,0.04604,13335.0,0.04607,5162.0,0.04608,2761.0
1753600241037,07:10:41.037,phemex,ACT/USDT:USDT,0.04605,3525.0,0.04604,13335.0,0.04606,2694.0,0.04607,5162.0
1753600242590,07:10:42.590,phemex,ACT/USDT:USDT,0.04605,3405.0,0.04604,13335.0,0.04606,2694.0,0.04607,5162.0
1753600242698,07:10:42.698,phemex,ACT/USDT:USDT,0.04605,3405.0,0.04604,13335.0,0.04607,5162.0,0.04608,2761.0
1753600242806,07:10:42.806,phemex,ACT/USDT:USDT,0.04605,3405.0,0.04604,13335.0,0.04606,2694.0,0.04607,5162.0
1753600242965,07:10:42.965,phemex,ACT/USDT:USDT,0.04605,3405.0,0.04604,13335.0,0.04607,5162.0,0.04608,2761.0
1753600243752,07:10:43.752,phemex,ACT/USDT:USDT,0.04605,3405.0,0.04604,13335.0,0.04606,2694.0,0.04607,5162.0
1753600245759,07:10:45.759,phemex,ACT/USDT:USDT,0.04602,12131.0,0.04601,14348.0,0.04606,7059.0,0.04607,10712.0
1753600245800,07:10:45.800,phemex,ACT/USDT:USDT,0.04603,2796.0,0.04602,12131.0,0.04605,2796.0,0.04606,7059.0
1753600245819,07:10:45.819,phemex,ACT/USDT:USDT,0.04603,2796.0,0.04602,12131.0,0.04605,2796.0,0.04606,7059.0
1753600245825,07:10:45.825,phemex,ACT/USDT:USDT,0.04603,2796.0,0.04602,12131.0,0.04605,2796.0,0.04606,7059.0
1753600246418,07:10:46.418,phemex,ACT/USDT:USDT,0.04602,12131.0,0.04601,14348.0,0.04605,2796.0,0.04606,7059.0
1753600246443,07:10:46.443,phemex,ACT/USDT:USDT,0.04603,3269.0,0.04602,11474.0,0.04605,2796.0,0.04606,7059.0
1753600246625,07:10:46.625,phemex,ACT/USDT:USDT,0.04603,3269.0,0.04602,11474.0,0.04605,2796.0,0.04606,7059.0
1753600246643,07:10:46.643,phemex,ACT/USDT:USDT,0.04603,3269.0,0.04602,11474.0,0.04605,2796.0,0.04606,7059.0
1753600246854,07:10:46.854,phemex,ACT/USDT:USDT,0.04603,3269.0,0.04602,11474.0,0.04605,2796.0,0.04606,7059.0
1753600251804,07:10:51.804,phemex,ACT/USDT:USDT,0.04603,2319.0,0.04602,11474.0,0.04605,2796.0,0.04606,7059.0
1753600251804,07:10:51.804,phemex,ACT/USDT:USDT,0.04603,2319.0,0.04602,11474.0,0.04605,2796.0,0.04606,7059.0
1753600253328,07:10:53.328,phemex,ACT/USDT:USDT,0.04603,2319.0,0.04602,11474.0,0.04605,2796.0,0.04606,7059.0
1753600253857,07:10:53.857,phemex,ACT/USDT:USDT,0.04603,2319.0,0.04602,15510.0,0.04604,11455.0,0.04605,6803.0
1753600255368,07:10:55.368,phemex,ACT/USDT:USDT,0.04603,2319.0,0.04602,15510.0,0.04604,11455.0,0.04605,6803.0
1753600255374,07:10:55.374,phemex,ACT/USDT:USDT,0.04603,2319.0,0.04602,15510.0,0.04604,11455.0,0.04605,6803.0
1753600255398,07:10:55.398,phemex,ACT/USDT:USDT,0.04603,2319.0,0.04602,15510.0,0.04604,11455.0,0.04605,6803.0
1753600257336,07:10:57.336,phemex,ACT/USDT:USDT,0.04603,2319.0,0.04602,15510.0,0.04605,6416.0,0.04606,11160.0
1753600257405,07:10:57.405,phemex,ACT/USDT:USDT,0.04603,2319.0,0.04602,15510.0,0.04605,3620.0,0.04606,11160.0
1753600257505,07:10:57.505,phemex,ACT/USDT:USDT,0.04603,5014.0,0.04602,15510.0,0.04605,3620.0,0.04606,11160.0
1753600257627,07:10:57.627,phemex,ACT/USDT:USDT,0.04604,2695.0,0.04603,5014.0,0.04605,3620.0,0.04606,11160.0
1753600257804,07:10:57.804,phemex,ACT/USDT:USDT,0.04604,2695.0,0.04603,6760.0,0.04605,3620.0,0.04606,11160.0
1753600257805,07:10:57.805,phemex,ACT/USDT:USDT,0.04604,7197.0,0.04603,6760.0,0.04605,3620.0,0.04606,11160.0
1753600258140,07:10:58.140,phemex,ACT/USDT:USDT,0.04604,7197.0,0.04603,6760.0,0.04605,3620.0,0.04606,11160.0
1753600258159,07:10:58.159,phemex,ACT/USDT:USDT,0.04604,7197.0,0.04603,6760.0,0.04605,3620.0,0.04606,11160.0
1753600258468,07:10:58.468,phemex,ACT/USDT:USDT,0.04604,4502.0,0.04603,6760.0,0.04605,3620.0,0.04606,11160.0
1753600259174,07:10:59.174,phemex,ACT/USDT:USDT,0.04604,4502.0,0.04603,6760.0,0.04605,3620.0,0.04606,11160.0
1753600259190,07:10:59.190,phemex,ACT/USDT:USDT,0.04604,4502.0,0.04603,6760.0,0.04605,3620.0,0.04606,11160.0
1753600259299,07:10:59.299,phemex,ACT/USDT:USDT,0.04604,12121.0,0.04603,6760.0,0.04605,3620.0,0.04606,11160.0
1753600259392,07:10:59.392,phemex,ACT/USDT:USDT,0.04604,12121.0,0.04603,6760.0,0.04605,3620.0,0.04606,11160.0
1753600259658,07:10:59.658,phemex,ACT/USDT:USDT,0.04604,12041.0,0.04603,6760.0,0.04605,3620.0,0.04606,11160.0
1753600260812,07:11:00.812,phemex,ACT/USDT:USDT,0.04604,12041.0,0.04603,6760.0,0.04605,3620.0,0.04606,11160.0
1753600261768,07:11:01.768,phemex,ACT/USDT:USDT,0.04604,12041.0,0.04603,6760.0,0.04605,3620.0,0.04606,8466.0
1753600261802,07:11:01.802,phemex,ACT/USDT:USDT,0.04604,12041.0,0.04603,6760.0,0.04606,4101.0,0.04607,2784.0
1753600261829,07:11:01.829,phemex,ACT/USDT:USDT,0.04605,2695.0,0.04604,12041.0,0.04606,4101.0,0.04607,2784.0
1753600262751,07:11:02.751,phemex,ACT/USDT:USDT,0.04605,2695.0,0.04604,12041.0,0.04606,4101.0,0.04607,5479.0
1753600262847,07:11:02.847,phemex,ACT/USDT:USDT,0.04605,2695.0,0.04604,14737.0,0.04606,4101.0,0.04607,5479.0
1753600262915,07:11:02.915,phemex,ACT/USDT:USDT,0.04604,14737.0,0.04603,9265.0,0.04606,4101.0,0.04607,5479.0
1753600262954,07:11:02.954,phemex,ACT/USDT:USDT,0.04605,2695.0,0.04604,14737.0,0.04606,4101.0,0.04607,5479.0
1753600263005,07:11:03.005,phemex,ACT/USDT:USDT,0.04604,14737.0,0.04603,9265.0,0.04606,4101.0,0.04607,5479.0
1753600263024,07:11:03.024,phemex,ACT/USDT:USDT,0.04604,14737.0,0.04603,9265.0,0.04606,4101.0,0.04607,5479.0
1753600263463,07:11:03.463,phemex,ACT/USDT:USDT,0.04604,14737.0,0.04603,9265.0,0.04606,4101.0,0.04607,5479.0
1753600263493,07:11:03.493,phemex,ACT/USDT:USDT,0.04604,14737.0,0.04603,9265.0,0.04606,4101.0,0.04607,5479.0
1753600264067,07:11:04.067,phemex,ACT/USDT:USDT,0.04605,2808.0,0.04604,14737.0,0.04606,4101.0,0.04607,5479.0
1753600264128,07:11:04.128,phemex,ACT/USDT:USDT,0.04604,14737.0,0.04603,9265.0,0.04606,4101.0,0.04607,5479.0
1753600264133,07:11:04.133,phemex,ACT/USDT:USDT,0.04604,14737.0,0.04603,9265.0,0.04606,4101.0,0.04607,5479.0
1753600264322,07:11:04.322,phemex,ACT/USDT:USDT,0.04605,2808.0,0.04604,14737.0,0.04606,4101.0,0.04607,5479.0
1753600264364,07:11:04.364,phemex,ACT/USDT:USDT,0.04604,14737.0,0.04603,9265.0,0.04606,4101.0,0.04607,5479.0
1753600264383,07:11:04.383,phemex,ACT/USDT:USDT,0.04604,14737.0,0.04603,9265.0,0.04606,4101.0,0.04607,5479.0
1753600265080,07:11:05.080,phemex,ACT/USDT:USDT,0.04605,2808.0,0.04604,14737.0,0.04606,4101.0,0.04607,5479.0
1753600265646,07:11:05.646,phemex,ACT/USDT:USDT,0.04604,14737.0,0.04603,9265.0,0.04606,4101.0,0.04607,5479.0
1753600265663,07:11:05.663,phemex,ACT/USDT:USDT,0.04604,14737.0,0.04603,9265.0,0.04606,4101.0,0.04607,5479.0
1753600265785,07:11:05.785,phemex,ACT/USDT:USDT,0.04605,2808.0,0.04604,14737.0,0.04606,4101.0,0.04607,5479.0
1753600265802,07:11:05.802,phemex,ACT/USDT:USDT,0.04605,2808.0,0.04604,10587.0,0.04606,4101.0,0.04607,5479.0
1753600265828,07:11:05.828,phemex,ACT/USDT:USDT,0.04604,10587.0,0.04603,21077.0,0.04606,4101.0,0.04607,5479.0
1753600265845,07:11:05.845,phemex,ACT/USDT:USDT,0.04604,10587.0,0.04603,21077.0,0.04606,4101.0,0.04607,5479.0
1753600265928,07:11:05.928,phemex,ACT/USDT:USDT,0.04605,2808.0,0.04604,10587.0,0.04606,4101.0,0.04607,5479.0
1753600269118,07:11:09.118,phemex,ACT/USDT:USDT,0.04605,2808.0,0.04604,10587.0,0.04606,3961.0,0.04607,5479.0
1753600277173,07:11:17.173,phemex,ACT/USDT:USDT,0.04605,2808.0,0.04604,10587.0,0.04606,3961.0,0.04607,5479.0
1753600277199,07:11:17.199,phemex,ACT/USDT:USDT,0.04605,2808.0,0.04604,10587.0,0.04606,3961.0,0.04607,5479.0
1753600283406,07:11:23.406,phemex,ACT/USDT:USDT,0.04604,10587.0,0.04603,46899.0,0.04606,3961.0,0.04607,5479.0
1753600283437,07:11:23.437,phemex,ACT/USDT:USDT,0.04604,10587.0,0.04603,21077.0,0.04606,3961.0,0.04607,5479.0
1753600283447,07:11:23.447,phemex,ACT/USDT:USDT,0.04604,10587.0,0.04603,21077.0,0.04605,2774.0,0.04606,3961.0
1753600283515,07:11:23.515,phemex,ACT/USDT:USDT,0.04604,3469.0,0.04603,2695.0,0.04605,2774.0,0.04606,3961.0
1753600283530,07:11:23.530,phemex,ACT/USDT:USDT,0.04604,3469.0,0.04603,2695.0,0.04605,2774.0,0.04606,3961.0
1753600283588,07:11:23.588,phemex,ACT/USDT:USDT,0.04604,3469.0,0.04603,2695.0,0.04605,2774.0,0.04606,6735.0
1753600283648,07:11:23.648,phemex,ACT/USDT:USDT,0.04604,3469.0,0.04603,2695.0,0.04605,6531.0,0.04606,6735.0
1753600285215,07:11:25.215,phemex,ACT/USDT:USDT,0.04604,3409.0,0.04603,2695.0,0.04605,6531.0,0.04606,6735.0
1753600285496,07:11:25.496,phemex,ACT/USDT:USDT,0.04604,3409.0,0.04602,40085.0,0.04605,6531.0,0.04606,6735.0
1753600285520,07:11:25.520,phemex,ACT/USDT:USDT,0.04604,3409.0,0.04602,40085.0,0.04605,6531.0,0.04606,6735.0
1753600285598,07:11:25.598,phemex,ACT/USDT:USDT,0.04604,3409.0,0.04603,2681.0,0.04605,6531.0,0.04606,6735.0
1753600285610,07:11:25.610,phemex,ACT/USDT:USDT,0.04604,3409.0,0.04602,40085.0,0.04605,6531.0,0.04606,6735.0
1753600285649,07:11:25.649,phemex,ACT/USDT:USDT,0.04602,14263.0,0.04601,17365.0,0.04605,6531.0,0.04606,6735.0
1753600285658,07:11:25.658,phemex,ACT/USDT:USDT,0.04603,7279.0,0.04602,7141.0,0.04605,6531.0,0.04606,6735.0
1753600285677,07:11:25.677,phemex,ACT/USDT:USDT,0.04603,7279.0,0.04602,7141.0,0.04604,2681.0,0.04605,6531.0
1753600289173,07:11:29.173,phemex,ACT/USDT:USDT,0.04603,7279.0,0.04602,7141.0,0.04604,2681.0,0.04605,6531.0
1753600291210,07:11:31.210,phemex,ACT/USDT:USDT,0.04603,7279.0,0.04602,7141.0,0.04604,7295.0,0.04605,11325.0
1753600297480,07:11:37.480,phemex,ACT/USDT:USDT,0.04602,2785.0,0.04601,2695.0,0.04604,7295.0,0.04605,6806.0
1753600297504,07:11:37.504,phemex,ACT/USDT:USDT,0.04602,2785.0,0.04601,2695.0,0.04603,2732.0,0.04604,7295.0
1753600297524,07:11:37.524,phemex,ACT/USDT:USDT,0.04602,2785.0,0.04601,2695.0,0.04603,2732.0,0.04605,6806.0
1753600297524,07:11:37.524,phemex,ACT/USDT:USDT,0.04602,2785.0,0.04601,2695.0,0.04603,5614.0,0.04605,12907.0
1753600305118,07:11:45.118,phemex,ACT/USDT:USDT,0.04602,2785.0,0.04601,8720.0,0.04603,15145.0,0.04605,13594.0
1753600307178,07:11:47.178,phemex,ACT/USDT:USDT,0.04602,2785.0,0.04601,8720.0,0.04603,15145.0,0.04605,13594.0
1753600307221,07:11:47.221,phemex,ACT/USDT:USDT,0.04602,2785.0,0.04601,8720.0,0.04603,15145.0,0.04605,13594.0
1753600311756,07:11:51.756,phemex,ACT/USDT:USDT,0.04602,2725.0,0.04601,8720.0,0.04603,15145.0,0.04605,13594.0
1753600311756,07:11:51.756,phemex,ACT/USDT:USDT,0.04602,2725.0,0.04601,8720.0,0.04603,15145.0,0.04605,13594.0
1753600319393,07:11:59.393,phemex,ACT/USDT:USDT,0.04602,2725.0,0.04601,8720.0,0.04603,12413.0,0.04604,2790.0
1753600325180,07:12:05.180,phemex,ACT/USDT:USDT,0.04602,2725.0,0.04601,8720.0,0.04603,12413.0,0.04604,2790.0
1753600326656,07:12:06.656,phemex,ACT/USDT:USDT,0.04602,2725.0,0.04601,8720.0,0.04603,12413.0,0.04604,2790.0
1753600328004,07:12:08.004,phemex,ACT/USDT:USDT,0.04602,5500.0,0.04601,6242.0,0.04605,11618.0,0.04606,17878.0
1753600328020,07:12:08.020,phemex,ACT/USDT:USDT,0.04603,2775.0,0.04602,5500.0,0.04605,11618.0,0.04606,17878.0
1753600328067,07:12:08.067,phemex,ACT/USDT:USDT,0.04603,7060.0,0.04602,5500.0,0.04605,11618.0,0.04606,17878.0
1753600328074,07:12:08.074,phemex,ACT/USDT:USDT,0.04603,7060.0,0.04602,5500.0,0.04605,2774.0,0.04606,10492.0
1753600328122,07:12:08.122,phemex,ACT/USDT:USDT,0.04604,2775.0,0.04603,7060.0,0.04605,2774.0,0.04606,10492.0
1753600328184,07:12:08.184,phemex,ACT/USDT:USDT,0.04603,7060.0,0.04602,5500.0,0.04605,2774.0,0.04606,10492.0
1753600328215,07:12:08.215,phemex,ACT/USDT:USDT,0.04604,2775.0,0.04603,7060.0,0.04605,2774.0,0.04606,10492.0
1753600328263,07:12:08.263,phemex,ACT/USDT:USDT,0.04603,7060.0,0.04602,31322.0,0.04605,2774.0,0.04606,10492.0
1753600328281,07:12:08.281,phemex,ACT/USDT:USDT,0.04603,7060.0,0.04602,5500.0,0.04605,2774.0,0.04606,10492.0
1753600328294,07:12:08.294,phemex,ACT/USDT:USDT,0.04604,2775.0,0.04603,7060.0,0.04605,2774.0,0.04606,10492.0
1753600328318,07:12:08.318,phemex,ACT/USDT:USDT,0.04604,2775.0,0.04603,7060.0,0.04605,2774.0,0.04606,10492.0
1753600328335,07:12:08.335,phemex,ACT/USDT:USDT,0.04603,7060.0,0.04602,31322.0,0.04605,2774.0,0.04606,10492.0
1753600328367,07:12:08.367,phemex,ACT/USDT:USDT,0.04603,7060.0,0.04602,5500.0,0.04605,2774.0,0.04606,10492.0
1753600328401,07:12:08.401,phemex,ACT/USDT:USDT,0.04604,2775.0,0.04603,7060.0,0.04605,2774.0,0.04606,10492.0
1753600328447,07:12:08.447,phemex,ACT/USDT:USDT,0.04604,2775.0,0.04603,7060.0,0.04605,2774.0,0.04606,10492.0
1753600328580,07:12:08.580,phemex,ACT/USDT:USDT,0.04603,7060.0,0.04602,31322.0,0.04605,2774.0,0.04606,10492.0
1753600328645,07:12:08.645,phemex,ACT/USDT:USDT,0.04603,7060.0,0.04602,5500.0,0.04605,2774.0,0.04606,10492.0
1753600328652,07:12:08.652,phemex,ACT/USDT:USDT,0.04603,7060.0,0.04602,5500.0,0.04605,2774.0,0.04606,10492.0
1753600328983,07:12:08.983,phemex,ACT/USDT:USDT,0.04604,2775.0,0.04603,7060.0,0.04605,2774.0,0.04606,10492.0
1753600329012,07:12:09.012,phemex,ACT/USDT:USDT,0.04604,2775.0,0.04603,7060.0,0.04605,2774.0,0.04606,10492.0
1753600329040,07:12:09.040,phemex,ACT/USDT:USDT,0.04603,7060.0,0.04602,31322.0,0.04605,2774.0,0.04606,10492.0
1753600329076,07:12:09.076,phemex,ACT/USDT:USDT,0.04603,7060.0,0.04602,5500.0,0.04605,2774.0,0.04606,10492.0
1753600329296,07:12:09.296,phemex,ACT/USDT:USDT,0.04604,2775.0,0.04603,7060.0,0.04605,2774.0,0.04606,10492.0
1753600329358,07:12:09.358,phemex,ACT/USDT:USDT,0.04604,2775.0,0.04603,7060.0,0.04605,2774.0,0.04606,10492.0
1753600329584,07:12:09.584,phemex,ACT/USDT:USDT,0.04603,7060.0,0.04602,31322.0,0.04605,2774.0,0.04606,10492.0
1753600329599,07:12:09.599,phemex,ACT/USDT:USDT,0.04603,7060.0,0.04602,5500.0,0.04605,2774.0,0.04606,10492.0
1753600329641,07:12:09.641,phemex,ACT/USDT:USDT,0.04604,2775.0,0.04603,7060.0,0.04605,2774.0,0.04606,10492.0
1753600329663,07:12:09.663,phemex,ACT/USDT:USDT,0.04603,7060.0,0.04602,31322.0,0.04605,2774.0,0.04606,10492.0
1753600329703,07:12:09.703,phemex,ACT/USDT:USDT,0.04603,7060.0,0.04602,5500.0,0.04605,2774.0,0.04606,10492.0
1753600329766,07:12:09.766,phemex,ACT/USDT:USDT,0.04604,2775.0,0.04603,7060.0,0.04605,2774.0,0.04606,10492.0
1753600329802,07:12:09.802,phemex,ACT/USDT:USDT,0.04604,2775.0,0.04603,7060.0,0.04605,2774.0,0.04606,10492.0
1753600330004,07:12:10.004,phemex,ACT/USDT:USDT,0.04603,7060.0,0.04602,31322.0,0.04605,2774.0,0.04606,10492.0
1753600330029,07:12:10.029,phemex,ACT/USDT:USDT,0.04603,7060.0,0.04602,5500.0,0.04605,2774.0,0.04606,10492.0
1753600331315,07:12:11.315,phemex,ACT/USDT:USDT,0.04604,2775.0,0.04603,7060.0,0.04605,2774.0,0.04606,10492.0
1753600331343,07:12:11.343,phemex,ACT/USDT:USDT,0.04604,2775.0,0.04603,7060.0,0.04605,2774.0,0.04606,10492.0
1753600332126,07:12:12.126,phemex,ACT/USDT:USDT,0.04603,7060.0,0.04602,31322.0,0.04605,2774.0,0.04606,10492.0
1753600332154,07:12:12.154,phemex,ACT/USDT:USDT,0.04603,7060.0,0.04602,5500.0,0.04605,2774.0,0.04606,10492.0
1753600332178,07:12:12.178,phemex,ACT/USDT:USDT,0.04604,2775.0,0.04603,7060.0,0.04605,2774.0,0.04606,10492.0
1753600332226,07:12:12.226,phemex,ACT/USDT:USDT,0.04603,7060.0,0.04602,31322.0,0.04605,2774.0,0.04606,10492.0
1753600332258,07:12:12.258,phemex,ACT/USDT:USDT,0.04603,7060.0,0.04602,5500.0,0.04605,2774.0,0.04606,10492.0
1753600332322,07:12:12.322,phemex,ACT/USDT:USDT,0.04604,2775.0,0.04603,7060.0,0.04605,2774.0,0.04606,10492.0
1753600332373,07:12:12.373,phemex,ACT/USDT:USDT,0.04604,2775.0,0.04603,7060.0,0.04605,2774.0,0.04606,10492.0
1753600332411,07:12:12.411,phemex,ACT/USDT:USDT,0.04603,7060.0,0.04602,31322.0,0.04605,2774.0,0.04606,10492.0
1753600332442,07:12:12.442,phemex,ACT/USDT:USDT,0.04603,7060.0,0.04602,5500.0,0.04605,2774.0,0.04606,10492.0
1753600332599,07:12:12.599,phemex,ACT/USDT:USDT,0.04603,7060.0,0.04602,31322.0,0.04605,2774.0,0.04606,10492.0
1753600332623,07:12:12.623,phemex,ACT/USDT:USDT,0.04603,7060.0,0.04602,5500.0,0.04605,2774.0,0.04606,10492.0
1753600335978,07:12:15.978,phemex,ACT/USDT:USDT,0.04603,7060.0,0.04602,5500.0,0.04605,2774.0,0.04606,10492.0
1753600335986,07:12:15.986,phemex,ACT/USDT:USDT,0.04603,11447.0,0.04602,8597.0,0.04605,2774.0,0.04606,13590.0
1753600336010,07:12:16.010,phemex,ACT/USDT:USDT,0.04603,11447.0,0.04602,8597.0,0.04605,2774.0,0.04606,13590.0
1753600336049,07:12:16.049,phemex,ACT/USDT:USDT,0.04603,11447.0,0.04602,8597.0,0.04605,2774.0,0.04606,13590.0
1753600338803,07:12:18.803,phemex,ACT/USDT:USDT,0.04604,2813.0,0.04603,11447.0,0.04605,2774.0,0.04606,13590.0
1753600338822,07:12:18.822,phemex,ACT/USDT:USDT,0.04603,11447.0,0.04602,8597.0,0.04605,2774.0,0.04606,13590.0
1753600338864,07:12:18.864,phemex,ACT/USDT:USDT,0.04603,11447.0,0.04602,8597.0,0.04605,2774.0,0.04606,13590.0
1753600338902,07:12:18.902,phemex,ACT/USDT:USDT,0.04603,11447.0,0.04602,8597.0,0.04605,2774.0,0.04606,13590.0
1753600342733,07:12:22.733,phemex,ACT/USDT:USDT,0.04603,8672.0,0.04602,8597.0,0.04605,2774.0,0.04606,13590.0
1753600342831,07:12:22.831,phemex,ACT/USDT:USDT,0.04602,8589.0,0.04601,13788.0,0.04605,5592.0,0.04606,9160.0
1753600342849,07:12:22.849,phemex,ACT/USDT:USDT,0.04602,2775.0,0.04601,13788.0,0.04604,2813.0,0.04605,5592.0
1753600345036,07:12:25.036,phemex,ACT/USDT:USDT,0.04602,2775.0,0.04601,13788.0,0.04605,5592.0,0.04606,9160.0
1753600345056,07:12:25.056,phemex,ACT/USDT:USDT,0.04602,2775.0,0.04601,13788.0,0.04604,2716.0,0.04605,5592.0
1753600345127,07:12:25.127,phemex,ACT/USDT:USDT,0.04602,2775.0,0.04601,13788.0,0.04604,2716.0,0.04605,5592.0
1753600345178,07:12:25.178,phemex,ACT/USDT:USDT,0.04602,2775.0,0.04601,13788.0,0.04604,2716.0,0.04605,5592.0
1753600349173,07:12:29.173,phemex,ACT/USDT:USDT,0.04602,2775.0,0.04601,13788.0,0.04604,2716.0,0.04605,5592.0
1753600349199,07:12:29.199,phemex,ACT/USDT:USDT,0.04602,2775.0,0.04601,13788.0,0.04604,2716.0,0.04605,5592.0
1753600349297,07:12:29.297,phemex,ACT/USDT:USDT,0.04602,2775.0,0.04601,13788.0,0.04604,2716.0,0.04605,5592.0
1753600350795,07:12:30.795,phemex,ACT/USDT:USDT,0.04602,2775.0,0.04601,13788.0,0.04604,2716.0,0.04605,5592.0
1753600352888,07:12:32.888,phemex,ACT/USDT:USDT,0.04602,2775.0,0.04601,13788.0,0.04605,5592.0,0.04606,9160.0
1753600352930,07:12:32.930,phemex,ACT/USDT:USDT,0.04602,2775.0,0.04601,13788.0,0.04605,5592.0,0.04606,9160.0
1753600352956,07:12:32.956,phemex,ACT/USDT:USDT,0.04603,13117.0,0.04602,2775.0,0.04605,9176.0,0.04606,9160.0
1753600352986,07:12:32.986,phemex,ACT/USDT:USDT,0.04604,2716.0,0.04603,13117.0,0.04605,9176.0,0.04606,9160.0
1753600353018,07:12:33.018,phemex,ACT/USDT:USDT,0.04603,13117.0,0.04602,28597.0,0.04605,9176.0,0.04606,9160.0
1753600353035,07:12:33.035,phemex,ACT/USDT:USDT,0.04604,2716.0,0.04603,13117.0,0.04605,9176.0,0.04606,9160.0
1753600353061,07:12:33.061,phemex,ACT/USDT:USDT,0.04603,13117.0,0.04602,2775.0,0.04605,9176.0,0.04606,9160.0
1753600353094,07:12:33.094,phemex,ACT/USDT:USDT,0.04603,13117.0,0.04602,2775.0,0.04605,9176.0,0.04606,9160.0
1753600353883,07:12:33.883,phemex,ACT/USDT:USDT,0.04603,9556.0,0.04602,2775.0,0.04604,2736.0,0.04605,9176.0
1753600354067,07:12:34.067,phemex,ACT/USDT:USDT,0.04603,8556.0,0.04602,2775.0,0.04604,2736.0,0.04605,9176.0
1753600354157,07:12:34.157,phemex,ACT/USDT:USDT,0.04603,8556.0,0.04602,2775.0,0.04605,9176.0,0.04606,9160.0
1753600354276,07:12:34.276,phemex,ACT/USDT:USDT,0.04603,8556.0,0.04602,2775.0,0.04604,2736.0,0.04605,9176.0
1753600354969,07:12:34.969,phemex,ACT/USDT:USDT,0.04603,8556.0,0.04602,2775.0,0.04605,9176.0,0.04606,9160.0
1753600354995,07:12:34.995,phemex,ACT/USDT:USDT,0.04603,8556.0,0.04602,2775.0,0.04605,9176.0,0.04606,9160.0
1753600355403,07:12:35.403,phemex,ACT/USDT:USDT,0.04604,2736.0,0.04603,8556.0,0.04605,9176.0,0.04606,9160.0
1753600355467,07:12:35.467,phemex,ACT/USDT:USDT,0.04604,2736.0,0.04603,8556.0,0.04605,9176.0,0.04606,9160.0
1753600356306,07:12:36.306,phemex,ACT/USDT:USDT,0.04603,8556.0,0.04602,28597.0,0.04605,9176.0,0.04606,9160.0
1753600356315,07:12:36.315,phemex,ACT/USDT:USDT,0.04603,8556.0,0.04602,28597.0,0.04605,9176.0,0.04606,9160.0
1753600356409,07:12:36.409,phemex,ACT/USDT:USDT,0.04603,8556.0,0.04602,2775.0,0.04605,9176.0,0.04606,9160.0
1753600356956,07:12:36.956,phemex,ACT/USDT:USDT,0.04604,2736.0,0.04603,8556.0,0.04605,9176.0,0.04606,9160.0
1753600356987,07:12:36.987,phemex,ACT/USDT:USDT,0.04604,2736.0,0.04603,8556.0,0.04605,9176.0,0.04606,9160.0
1753600357042,07:12:37.042,phemex,ACT/USDT:USDT,0.04603,8556.0,0.04602,28597.0,0.04605,9176.0,0.04606,9160.0
1753600357070,07:12:37.070,phemex,ACT/USDT:USDT,0.04603,8556.0,0.04602,2775.0,0.04605,9176.0,0.04606,9160.0
1753600359420,07:12:39.420,phemex,ACT/USDT:USDT,0.04603,7506.0,0.04602,2775.0,0.04605,9176.0,0.04606,9160.0
1753600359491,07:12:39.491,phemex,ACT/USDT:USDT,0.04604,2736.0,0.04603,7506.0,0.04605,9176.0,0.04606,9160.0
1753600359515,07:12:39.515,phemex,ACT/USDT:USDT,0.04604,2736.0,0.04603,7506.0,0.04605,9176.0,0.04606,9160.0
1753600359520,07:12:39.520,phemex,ACT/USDT:USDT,0.04603,7506.0,0.04602,28597.0,0.04605,9176.0,0.04606,9160.0
1753600359582,07:12:39.582,phemex,ACT/USDT:USDT,0.04603,7506.0,0.04602,2775.0,0.04605,9176.0,0.04606,9160.0
1753600359651,07:12:39.651,phemex,ACT/USDT:USDT,0.04604,2736.0,0.04603,7506.0,0.04605,9176.0,0.04606,9160.0
1753600359682,07:12:39.682,phemex,ACT/USDT:USDT,0.04604,2736.0,0.04603,7506.0,0.04605,9176.0,0.04606,9160.0
1753600359713,07:12:39.713,phemex,ACT/USDT:USDT,0.04604,4422.0,0.04603,11282.0,0.04605,9176.0,0.04606,9160.0
1753600359739,07:12:39.739,phemex,ACT/USDT:USDT,0.04604,4422.0,0.04603,11282.0,0.04605,9176.0,0.04606,9160.0
1753600360877,07:12:40.877,phemex,ACT/USDT:USDT,0.04604,4422.0,0.04603,11282.0,0.04605,9176.0,0.04606,9160.0
1753600363386,07:12:43.386,phemex,ACT/USDT:USDT,0.04604,4227.0,0.04603,11282.0,0.04605,9176.0,0.04606,9160.0
1753600364300,07:12:44.300,phemex,ACT/USDT:USDT,0.04602,2775.0,0.04601,20430.0,0.04605,9176.0,0.04606,9160.0
1753600364324,07:12:44.324,phemex,ACT/USDT:USDT,0.04602,2775.0,0.04601,20430.0,0.04604,2686.0,0.04605,9176.0
1753600366023,07:12:46.023,phemex,ACT/USDT:USDT,0.04602,2775.0,0.04601,20430.0,0.04604,2686.0,0.04605,15027.0
1753600370179,07:12:50.179,phemex,ACT/USDT:USDT,0.04602,2775.0,0.04601,20430.0,0.04604,2686.0,0.04605,15027.0
1753600370179,07:12:50.179,phemex,ACT/USDT:USDT,0.04602,2775.0,0.04601,20430.0,0.04604,2686.0,0.04605,15027.0
1753600372846,07:12:52.846,phemex,ACT/USDT:USDT,0.04602,2775.0,0.04601,20430.0,0.04605,15027.0,0.04606,17138.0
1753600372874,07:12:52.874,phemex,ACT/USDT:USDT,0.04602,2775.0,0.04601,20430.0,0.04604,2686.0,0.04605,15027.0
1753600372900,07:12:52.900,phemex,ACT/USDT:USDT,0.04602,2775.0,0.04601,20430.0,0.04604,2686.0,0.04605,15027.0
1753600373363,07:12:53.363,phemex,ACT/USDT:USDT,0.04603,3633.0,0.04602,14906.0,0.04605,2774.0,0.04606,2774.0
1753600373392,07:12:53.392,phemex,ACT/USDT:USDT,0.04603,3633.0,0.04602,14906.0,0.04606,2774.0,0.04607,23670.0
1753600373409,07:12:53.409,phemex,ACT/USDT:USDT,0.04603,3633.0,0.04602,14906.0,0.04606,2774.0,0.04607,23670.0
1753600373511,07:12:53.511,phemex,ACT/USDT:USDT,0.04604,2686.0,0.04603,3633.0,0.04606,2774.0,0.04607,23670.0
1753600373800,07:12:53.800,phemex,ACT/USDT:USDT,0.04603,3633.0,0.04602,14906.0,0.04606,2774.0,0.04607,23670.0
1753600373827,07:12:53.827,phemex,ACT/USDT:USDT,0.04604,2686.0,0.04603,3633.0,0.04606,2774.0,0.04607,23670.0
1753600373855,07:12:53.855,phemex,ACT/USDT:USDT,0.04603,3633.0,0.04602,14906.0,0.04606,2774.0,0.04607,23670.0
1753600373911,07:12:53.911,phemex,ACT/USDT:USDT,0.04603,3633.0,0.04602,14906.0,0.04606,2774.0,0.04607,23670.0
1753600373955,07:12:53.955,phemex,ACT/USDT:USDT,0.04604,2812.0,0.04603,3633.0,0.04606,2774.0,0.04607,23670.0
1753600373994,07:12:53.994,phemex,ACT/USDT:USDT,0.04603,3633.0,0.04602,14906.0,0.04606,2774.0,0.04607,23670.0
1753600374035,07:12:54.035,phemex,ACT/USDT:USDT,0.04603,3633.0,0.04602,14906.0,0.04606,2774.0,0.04607,23670.0
1753600376528,07:12:56.528,phemex,ACT/USDT:USDT,0.04603,2601.0,0.04602,14906.0,0.04606,2774.0,0.04607,23670.0
1753600380415,07:13:00.415,phemex,ACT/USDT:USDT,0.04603,2601.0,0.04602,11492.0,0.04604,12054.0,0.04605,3232.0
1753600382950,07:13:02.950,phemex,ACT/USDT:USDT,0.04603,2461.0,0.04602,11492.0,0.04604,12054.0,0.04605,3232.0
1753600392220,07:13:12.220,phemex,ACT/USDT:USDT,0.04603,8379.0,0.04602,11492.0,0.04605,11944.0,0.04606,2774.0
1753600392241,07:13:12.241,phemex,ACT/USDT:USDT,0.04604,2811.0,0.04603,8379.0,0.04605,11944.0,0.04606,2774.0
1753600392288,07:13:12.288,phemex,ACT/USDT:USDT,0.04604,2811.0,0.04603,11781.0,0.04605,11944.0,0.04606,2774.0
1753600393569,07:13:13.569,phemex,ACT/USDT:USDT,0.04604,2811.0,0.04603,11781.0,0.04605,11944.0,0.04606,2774.0
1753600393578,07:13:13.578,phemex,ACT/USDT:USDT,0.04604,2811.0,0.04603,11781.0,0.04605,11944.0,0.04606,2774.0
1753600396146,07:13:16.146,phemex,ACT/USDT:USDT,0.04603,11781.0,0.04602,13104.0,0.04605,11944.0,0.04606,2774.0
1753600396180,07:13:16.180,phemex,ACT/USDT:USDT,0.04604,2691.0,0.04603,11781.0,0.04605,11944.0,0.04606,2774.0
1753600396199,07:13:16.199,phemex,ACT/USDT:USDT,0.04604,2691.0,0.04603,11781.0,0.04605,11944.0,0.04606,2774.0
1753600396236,07:13:16.236,phemex,ACT/USDT:USDT,0.04604,2691.0,0.04603,11781.0,0.04605,11944.0,0.04606,2774.0
1753600397524,07:13:17.524,phemex,ACT/USDT:USDT,0.04604,2691.0,0.04603,14905.0,0.04605,11944.0,0.04606,2774.0
1753600397534,07:13:17.534,phemex,ACT/USDT:USDT,0.04604,2691.0,0.04603,14905.0,0.04605,11944.0,0.04606,2774.0
1753600398429,07:13:18.429,phemex,ACT/USDT:USDT,0.04604,2691.0,0.04603,14905.0,0.04605,11844.0,0.04606,2774.0
1753600399465,07:13:19.465,phemex,ACT/USDT:USDT,0.04603,14905.0,0.04602,13104.0,0.04605,11844.0,0.04606,2774.0
1753600399527,07:13:19.527,phemex,ACT/USDT:USDT,0.04603,14905.0,0.04602,13104.0,0.04604,2691.0,0.04605,11844.0
1753600399608,07:13:19.608,phemex,ACT/USDT:USDT,0.04603,14905.0,0.04602,13104.0,0.04605,11844.0,0.04606,2774.0
1753600399674,07:13:19.674,phemex,ACT/USDT:USDT,0.04603,14905.0,0.04602,13104.0,0.04604,2691.0,0.04605,11844.0
1753600399836,07:13:19.836,phemex,ACT/USDT:USDT,0.04603,2811.0,0.04602,7173.0,0.04604,2691.0,0.04605,11844.0
1753600400875,07:13:20.875,phemex,ACT/USDT:USDT,0.04602,7173.0,0.04601,28378.0,0.04604,10708.0,0.04605,3075.0
1753600400905,07:13:20.905,phemex,ACT/USDT:USDT,0.04602,7173.0,0.04601,28378.0,0.04604,10708.0,0.04605,5766.0
1753600401538,07:13:21.538,phemex,ACT/USDT:USDT,0.04602,7173.0,0.04601,28378.0,0.04603,2691.0,0.04604,10708.0
1753600401622,07:13:21.622,phemex,ACT/USDT:USDT,0.04602,11118.0,0.04601,2695.0,0.04603,2691.0,0.04604,10708.0
1753600402185,07:13:22.185,phemex,ACT/USDT:USDT,0.04602,11118.0,0.04601,2695.0,0.04603,2691.0,0.04604,10708.0
1753600402683,07:13:22.683,phemex,ACT/USDT:USDT,0.04602,11118.0,0.04601,2695.0,0.04604,10708.0,0.04605,5766.0
1753600402709,07:13:22.709,phemex,ACT/USDT:USDT,0.04602,11118.0,0.04601,2695.0,0.04604,10708.0,0.04605,5766.0
1753600402744,07:13:22.744,phemex,ACT/USDT:USDT,0.04602,11118.0,0.04601,2695.0,0.04603,2691.0,0.04604,10708.0
1753600402787,07:13:22.787,phemex,ACT/USDT:USDT,0.04602,11118.0,0.04601,2695.0,0.04604,10708.0,0.04605,5766.0
1753600402828,07:13:22.828,phemex,ACT/USDT:USDT,0.04602,11118.0,0.04601,2695.0,0.04604,10708.0,0.04605,5766.0
1753600402863,07:13:22.863,phemex,ACT/USDT:USDT,0.04602,11118.0,0.04601,2695.0,0.04603,2691.0,0.04604,10708.0
1753600402947,07:13:22.947,phemex,ACT/USDT:USDT,0.04602,11118.0,0.04601,2695.0,0.04604,10708.0,0.04605,5766.0
1753600403000,07:13:23.000,phemex,ACT/USDT:USDT,0.04602,11118.0,0.04601,2695.0,0.04603,2691.0,0.04604,10708.0
1753600403164,07:13:23.164,phemex,ACT/USDT:USDT,0.04602,11118.0,0.04601,2695.0,0.04604,10708.0,0.04605,5766.0
1753600403200,07:13:23.200,phemex,ACT/USDT:USDT,0.04603,2691.0,0.04602,11118.0,0.04604,10708.0,0.04605,5766.0
1753600403271,07:13:23.271,phemex,ACT/USDT:USDT,0.04602,11118.0,0.04601,2695.0,0.04604,10708.0,0.04605,5766.0
1753600403319,07:13:23.319,phemex,ACT/USDT:USDT,0.04603,2691.0,0.04602,11118.0,0.04604,10708.0,0.04605,5766.0
1753600403415,07:13:23.415,phemex,ACT/USDT:USDT,0.04602,11118.0,0.04601,2695.0,0.04604,10708.0,0.04605,5766.0
1753600403540,07:13:23.540,phemex,ACT/USDT:USDT,0.04603,2691.0,0.04602,11118.0,0.04604,10708.0,0.04605,5766.0
1753600403817,07:13:23.817,phemex,ACT/USDT:USDT,0.04603,2691.0,0.04602,11118.0,0.04604,8017.0,0.04605,5766.0
1753600407961,07:13:27.961,phemex,ACT/USDT:USDT,0.04603,6939.0,0.04602,15267.0,0.04604,8017.0,0.04605,5766.0
1753600409180,07:13:29.180,phemex,ACT/USDT:USDT,0.04603,6939.0,0.04602,15267.0,0.04604,8017.0,0.04605,5766.0
1753600409241,07:13:29.241,phemex,ACT/USDT:USDT,0.04603,6939.0,0.04602,15267.0,0.04604,8017.0,0.04605,5766.0
1753600410518,07:13:30.518,phemex,ACT/USDT:USDT,0.04603,4248.0,0.04602,15267.0,0.04604,8017.0,0.04605,5766.0
1753600411254,07:13:31.254,phemex,ACT/USDT:USDT,0.04603,4073.0,0.04602,15267.0,0.04604,8017.0,0.04605,5766.0
1753600420326,07:13:40.326,phemex,ACT/USDT:USDT,0.04603,3996.0,0.04602,15267.0,0.04604,8017.0,0.04605,5766.0
1753600422945,07:13:42.945,phemex,ACT/USDT:USDT,0.04603,7944.0,0.04602,6720.0,0.04605,10016.0,0.04606,2774.0
1753600422958,07:13:42.958,phemex,ACT/USDT:USDT,0.04603,7944.0,0.04602,6720.0,0.04605,7325.0,0.04606,2774.0
1753600422986,07:13:42.986,phemex,ACT/USDT:USDT,0.04604,7421.0,0.04603,10744.0,0.04605,7325.0,0.04606,2774.0
1753600423535,07:13:43.535,phemex,ACT/USDT:USDT,0.04604,4621.0,0.04603,10744.0,0.04605,7325.0,0.04606,2774.0
1753600428235,07:13:48.235,phemex,ACT/USDT:USDT,0.04604,3871.0,0.04603,10744.0,0.04605,7325.0,0.04606,2774.0
1753600430254,07:13:50.254,phemex,ACT/USDT:USDT,0.04604,3871.0,0.04603,15264.0,0.04605,7325.0,0.04606,2774.0
1753600430254,07:13:50.254,phemex,ACT/USDT:USDT,0.04604,3871.0,0.04603,15264.0,0.04605,7325.0,0.04606,2774.0
1753600434341,07:13:54.341,phemex,ACT/USDT:USDT,0.04604,3549.0,0.04603,15264.0,0.04605,7325.0,0.04606,2774.0
1753600441426,07:14:01.426,phemex,ACT/USDT:USDT,0.04604,3549.0,0.04603,15264.0,0.04605,7325.0,0.04606,2774.0
1753600445174,07:14:05.174,phemex,ACT/USDT:USDT,0.04604,3549.0,0.04603,15264.0,0.04605,7325.0,0.04606,2774.0
1753600445195,07:14:05.195,phemex,ACT/USDT:USDT,0.04604,3549.0,0.04603,15264.0,0.04605,7325.0,0.04606,2774.0
1753600445403,07:14:05.403,phemex,ACT/USDT:USDT,0.04604,3549.0,0.04603,15264.0,0.04605,7325.0,0.04606,2774.0
1753600448253,07:14:08.253,phemex,ACT/USDT:USDT,0.04604,3549.0,0.04603,12464.0,0.04605,7325.0,0.04606,2774.0
1753600448269,07:14:08.269,phemex,ACT/USDT:USDT,0.04603,3984.0,0.04602,2775.0,0.04604,3791.0,0.04606,9298.0
1753600448302,07:14:08.302,phemex,ACT/USDT:USDT,0.04603,3984.0,0.04602,2775.0,0.04604,3791.0,0.04605,2753.0
1753600451717,07:14:11.717,phemex,ACT/USDT:USDT,0.04603,84.0,0.04602,2775.0,0.04604,3791.0,0.04605,2753.0
1753600452368,07:14:12.368,phemex,ACT/USDT:USDT,0.04599,9019.0,0.04598,7620.0,0.04604,6544.0,0.04605,2753.0
1753600452387,07:14:12.387,phemex,ACT/USDT:USDT,0.046,2753.0,0.04599,9019.0,0.04603,2753.0,0.04604,6544.0
1753600452921,07:14:12.921,phemex,ACT/USDT:USDT,0.046,2753.0,0.04599,9019.0,0.04603,2753.0,0.04604,6544.0
1753600452928,07:14:12.928,phemex,ACT/USDT:USDT,0.046,2753.0,0.04599,9019.0,0.04603,2753.0,0.04604,6544.0
1753600454202,07:14:14.202,phemex,ACT/USDT:USDT,0.046,2753.0,0.04599,9019.0,0.04603,7062.0,0.04604,14861.0
1753600454226,07:14:14.226,phemex,ACT/USDT:USDT,0.046,2753.0,0.04599,9019.0,0.04602,2699.0,0.04603,7062.0
1753600454266,07:14:14.266,phemex,ACT/USDT:USDT,0.046,2753.0,0.04599,9019.0,0.04602,2699.0,0.04603,7062.0
1753600454321,07:14:14.321,phemex,ACT/USDT:USDT,0.046,2753.0,0.04599,9019.0,0.04603,7062.0,0.04604,14861.0
1753600454393,07:14:14.393,phemex,ACT/USDT:USDT,0.046,2753.0,0.04599,9019.0,0.04602,2699.0,0.04603,7062.0
1753600454554,07:14:14.554,phemex,ACT/USDT:USDT,0.046,2753.0,0.04599,9019.0,0.04603,7062.0,0.04604,14861.0
1753600454614,07:14:14.614,phemex,ACT/USDT:USDT,0.046,2753.0,0.04599,9019.0,0.04602,2699.0,0.04603,7062.0
1753600454686,07:14:14.686,phemex,ACT/USDT:USDT,0.046,2753.0,0.04599,9019.0,0.04603,7062.0,0.04604,14861.0
1753600454717,07:14:14.717,phemex,ACT/USDT:USDT,0.046,2753.0,0.04599,9019.0,0.04602,2699.0,0.04603,7062.0
1753600454756,07:14:14.756,phemex,ACT/USDT:USDT,0.046,2753.0,0.04599,9019.0,0.04603,7062.0,0.04604,14861.0
1753600454799,07:14:14.799,phemex,ACT/USDT:USDT,0.046,2753.0,0.04599,9019.0,0.04602,2699.0,0.04603,7062.0
1753600455081,07:14:15.081,phemex,ACT/USDT:USDT,0.046,2753.0,0.04599,9019.0,0.04603,7062.0,0.04604,14861.0
1753600455115,07:14:15.115,phemex,ACT/USDT:USDT,0.046,2753.0,0.04599,9019.0,0.04602,2699.0,0.04603,7062.0
1753600455387,07:14:15.387,phemex,ACT/USDT:USDT,0.046,2753.0,0.04599,9019.0,0.04603,7062.0,0.04604,14861.0
1753600455417,07:14:15.417,phemex,ACT/USDT:USDT,0.046,2753.0,0.04599,9019.0,0.04602,2699.0,0.04603,7062.0
1753600455745,07:14:15.745,phemex,ACT/USDT:USDT,0.046,2753.0,0.04599,9019.0,0.04603,7062.0,0.04604,14861.0
1753600455768,07:14:15.768,phemex,ACT/USDT:USDT,0.046,2753.0,0.04599,9019.0,0.04603,7062.0,0.04604,14861.0
1753600455801,07:14:15.801,phemex,ACT/USDT:USDT,0.046,2753.0,0.04599,9019.0,0.04602,2699.0,0.04603,7062.0
1753600455845,07:14:15.845,phemex,ACT/USDT:USDT,0.046,2753.0,0.04599,9019.0,0.04603,7062.0,0.04604,14861.0
1753600455866,07:14:15.866,phemex,ACT/USDT:USDT,0.046,2753.0,0.04599,9019.0,0.04603,2753.0,0.04604,2753.0
1753600455912,07:14:15.912,phemex,ACT/USDT:USDT,0.046,2753.0,0.04599,9019.0,0.04604,2753.0,0.04605,2753.0
1753600455936,07:14:15.936,phemex,ACT/USDT:USDT,0.046,2753.0,0.04599,9019.0,0.04604,2753.0,0.04605,2753.0
1753600456006,07:14:16.006,phemex,ACT/USDT:USDT,0.046,2753.0,0.04599,9019.0,0.04605,2753.0,0.04606,14064.0
1753600456056,07:14:16.056,phemex,ACT/USDT:USDT,0.046,2753.0,0.04599,9019.0,0.04605,2753.0,0.04606,14064.0
1753600459708,07:14:19.708,phemex,ACT/USDT:USDT,0.04603,9652.0,0.04602,3580.0,0.04605,2753.0,0.04606,14064.0
1753600459736,07:14:19.736,phemex,ACT/USDT:USDT,0.04603,9652.0,0.04602,3580.0,0.04605,2753.0,0.04606,14064.0
1753600459751,07:14:19.751,phemex,ACT/USDT:USDT,0.04603,9652.0,0.04602,3580.0,0.04605,2753.0,0.04606,14064.0
1753600461460,07:14:21.460,phemex,ACT/USDT:USDT,0.04604,2699.0,0.04603,9652.0,0.04605,6745.0,0.04606,12330.0
1753600461467,07:14:21.467,phemex,ACT/USDT:USDT,0.04603,9652.0,0.04602,6279.0,0.04605,6745.0,0.04606,12330.0
1753600461534,07:14:21.534,phemex,ACT/USDT:USDT,0.04603,9652.0,0.04602,6279.0,0.04605,6745.0,0.04606,12330.0
1753600461610,07:14:21.610,phemex,ACT/USDT:USDT,0.04603,9652.0,0.04602,6279.0,0.04604,2699.0,0.04605,6745.0
1753600461649,07:14:21.649,phemex,ACT/USDT:USDT,0.04603,9652.0,0.04602,6279.0,0.04604,2699.0,0.04605,6745.0
1753600461722,07:14:21.722,phemex,ACT/USDT:USDT,0.04603,9652.0,0.04602,6279.0,0.04604,2699.0,0.04605,6745.0
1753600461768,07:14:21.768,phemex,ACT/USDT:USDT,0.04603,9652.0,0.04602,6279.0,0.04605,6745.0,0.04606,12330.0
1753600461793,07:14:21.793,phemex,ACT/USDT:USDT,0.04603,9652.0,0.04602,6279.0,0.04605,6745.0,0.04606,12330.0
1753600461912,07:14:21.912,phemex,ACT/USDT:USDT,0.04603,9652.0,0.04602,6279.0,0.04604,2699.0,0.04605,6745.0
1753600462448,07:14:22.448,phemex,ACT/USDT:USDT,0.04603,9652.0,0.04602,6279.0,0.04605,3992.0,0.04606,12330.0
1753600462492,07:14:22.492,phemex,ACT/USDT:USDT,0.04604,2699.0,0.04603,9652.0,0.04605,3992.0,0.04606,12330.0
1753600463124,07:14:23.124,phemex,ACT/USDT:USDT,0.04604,2699.0,0.04603,9652.0,0.04606,12330.0,0.04607,10300.0
1753600463155,07:14:23.155,phemex,ACT/USDT:USDT,0.04604,2699.0,0.04603,9652.0,0.04605,2699.0,0.04606,12330.0
1753600464047,07:14:24.047,phemex,ACT/USDT:USDT,0.04604,2699.0,0.04603,9652.0,0.04606,12330.0,0.04607,10300.0
1753600464077,07:14:24.077,phemex,ACT/USDT:USDT,0.04604,2699.0,0.04603,9652.0,0.04606,12330.0,0.04607,10300.0
1753600464110,07:14:24.110,phemex,ACT/USDT:USDT,0.04604,2699.0,0.04603,9652.0,0.04605,2771.0,0.04606,12330.0
1753600464149,07:14:24.149,phemex,ACT/USDT:USDT,0.04604,2699.0,0.04603,9652.0,0.04606,12330.0,0.04607,10300.0
1753600464168,07:14:24.168,phemex,ACT/USDT:USDT,0.04604,2699.0,0.04603,9652.0,0.04605,2771.0,0.04606,12330.0
1753600464237,07:14:24.237,phemex,ACT/USDT:USDT,0.04604,2699.0,0.04603,9652.0,0.04606,12330.0,0.04607,10300.0
1753600464280,07:14:24.280,phemex,ACT/USDT:USDT,0.04604,2699.0,0.04603,9652.0,0.04605,2771.0,0.04606,12330.0
1753600465044,07:14:25.044,phemex,ACT/USDT:USDT,0.04604,10626.0,0.04603,3701.0,0.04605,2771.0,0.04606,12330.0
1753600466209,07:14:26.209,phemex,ACT/USDT:USDT,0.04604,7927.0,0.04603,3701.0,0.04605,2771.0,0.04606,12330.0
1753600469194,07:14:29.194,phemex,ACT/USDT:USDT,0.04604,7927.0,0.04603,3701.0,0.04605,2771.0,0.04606,12330.0
1753600470383,07:14:30.383,phemex,ACT/USDT:USDT,0.04602,2699.0,0.04601,19277.0,0.04605,6199.0,0.04606,11428.0
1753600470410,07:14:30.410,phemex,ACT/USDT:USDT,0.04602,2699.0,0.04601,19277.0,0.04604,2771.0,0.04605,6199.0
1753600470413,07:14:30.413,phemex,ACT/USDT:USDT,0.04602,2699.0,0.04601,19277.0,0.04604,2771.0,0.04605,6199.0
1753600478182,07:14:38.182,phemex,ACT/USDT:USDT,0.04602,2699.0,0.04601,19277.0,0.04604,2771.0,0.04605,6199.0
1753600479513,07:14:39.513,phemex,ACT/USDT:USDT,0.04603,7561.0,0.04602,10336.0,0.04604,7557.0,0.04605,13505.0
1753600482735,07:14:42.735,phemex,ACT/USDT:USDT,0.04603,6561.0,0.04602,10336.0,0.04604,7557.0,0.04605,13505.0
1753600483382,07:14:43.382,phemex,ACT/USDT:USDT,0.04602,2699.0,0.046,28575.0,0.04604,7557.0,0.04605,13505.0
1753600483444,07:14:43.444,phemex,ACT/USDT:USDT,0.04602,2699.0,0.046,25822.0,0.04604,7557.0,0.04605,13505.0
1753600483469,07:14:43.469,phemex,ACT/USDT:USDT,0.04599,18384.0,0.04598,2699.0,0.04604,7557.0,0.04605,13505.0
1753600483532,07:14:43.532,phemex,ACT/USDT:USDT,0.04599,18384.0,0.04598,28521.0,0.04604,7557.0,0.04605,13505.0
1753600483557,07:14:43.557,phemex,ACT/USDT:USDT,0.04599,18384.0,0.04598,28521.0,0.04604,7557.0,0.04605,13505.0
1753600483586,07:14:43.586,phemex,ACT/USDT:USDT,0.04599,18384.0,0.04598,28521.0,0.04604,7557.0,0.04605,13505.0
1753600483613,07:14:43.613,phemex,ACT/USDT:USDT,0.04599,18384.0,0.04598,28521.0,0.04604,7557.0,0.04605,13505.0
1753600483640,07:14:43.640,phemex,ACT/USDT:USDT,0.04599,18384.0,0.04598,2699.0,0.04604,7557.0,0.04605,13505.0
1753600483681,07:14:43.681,phemex,ACT/USDT:USDT,0.046,2685.0,0.04599,18384.0,0.04604,7557.0,0.04605,13505.0
1753600483753,07:14:43.753,phemex,ACT/USDT:USDT,0.046,2685.0,0.04599,18384.0,0.04603,2685.0,0.04604,7557.0
1753600484125,07:14:44.125,phemex,ACT/USDT:USDT,0.046,2685.0,0.04599,18384.0,0.04603,2685.0,0.04604,7557.0
1753600484300,07:14:44.300,phemex,ACT/USDT:USDT,0.046,2685.0,0.04599,18384.0,0.04603,2685.0,0.04604,7557.0
1753600484701,07:14:44.701,phemex,ACT/USDT:USDT,0.046,2685.0,0.04599,18384.0,0.04602,8567.0,0.04603,9097.0
1753600484721,07:14:44.721,phemex,ACT/USDT:USDT,0.046,2685.0,0.04599,18384.0,0.04602,8567.0,0.04603,9097.0
1753600486154,07:14:46.154,phemex,ACT/USDT:USDT,0.046,2685.0,0.04599,18384.0,0.04602,6567.0,0.04603,9097.0
1753600486192,07:14:46.192,phemex,ACT/USDT:USDT,0.046,2685.0,0.04599,18384.0,0.04601,2793.0,0.04602,6567.0
1753600486256,07:14:46.256,phemex,ACT/USDT:USDT,0.046,2685.0,0.04599,18384.0,0.04601,2793.0,0.04602,6567.0
1753600486369,07:14:46.369,phemex,ACT/USDT:USDT,0.046,2685.0,0.04599,18384.0,0.04602,6567.0,0.04603,9097.0
1753600486383,07:14:46.383,phemex,ACT/USDT:USDT,0.046,2685.0,0.04599,18384.0,0.04601,2793.0,0.04602,6567.0
1753600486740,07:14:46.740,phemex,ACT/USDT:USDT,0.046,2685.0,0.04599,18384.0,0.04602,6567.0,0.04603,9097.0
1753600486786,07:14:46.786,phemex,ACT/USDT:USDT,0.046,2685.0,0.04599,18384.0,0.04602,6567.0,0.04603,9097.0
1753600487934,07:14:47.934,phemex,ACT/USDT:USDT,0.046,2685.0,0.04599,18384.0,0.04601,2793.0,0.04602,6567.0
1753600487946,07:14:47.946,phemex,ACT/USDT:USDT,0.046,2685.0,0.04599,18384.0,0.04602,6567.0,0.04603,9097.0
1753600487988,07:14:47.988,phemex,ACT/USDT:USDT,0.046,2685.0,0.04599,18384.0,0.04602,6567.0,0.04603,9097.0
1753600490366,07:14:50.366,phemex,ACT/USDT:USDT,0.046,2685.0,0.04599,18384.0,0.04601,2793.0,0.04602,6567.0
1753600490399,07:14:50.399,phemex,ACT/USDT:USDT,0.046,2685.0,0.04599,18384.0,0.04601,2793.0,0.04602,6567.0
1753600490408,07:14:50.408,phemex,ACT/USDT:USDT,0.046,2685.0,0.04599,18384.0,0.04601,2793.0,0.04602,6567.0
1753600490446,07:14:50.446,phemex,ACT/USDT:USDT,0.046,2685.0,0.04599,18384.0,0.04602,6567.0,0.04603,9097.0
1753600490476,07:14:50.476,phemex,ACT/USDT:USDT,0.046,2685.0,0.04599,18384.0,0.04601,2793.0,0.04602,6567.0
1753600490757,07:14:50.757,phemex,ACT/USDT:USDT,0.046,2685.0,0.04599,7139.0,0.04601,2793.0,0.04602,6567.0
1753600490758,07:14:50.758,phemex,ACT/USDT:USDT,0.046,2685.0,0.04599,16105.0,0.04601,2793.0,0.04602,6567.0
1753600490758,07:14:50.758,phemex,ACT/USDT:USDT,0.046,2685.0,0.04599,16105.0,0.04601,2793.0,0.04602,6567.0
1753600493320,07:14:53.320,phemex,ACT/USDT:USDT,0.046,2685.0,0.04599,16105.0,0.04602,6567.0,0.04603,9097.0
1753600493374,07:14:53.374,phemex,ACT/USDT:USDT,0.046,2685.0,0.04599,16105.0,0.04601,2793.0,0.04602,6567.0
1753600495320,07:14:55.320,phemex,ACT/USDT:USDT,0.04599,16105.0,0.04598,44773.0,0.04601,2793.0,0.04602,6567.0
1753600495340,07:14:55.340,phemex,ACT/USDT:USDT,0.04599,16105.0,0.04598,44773.0,0.04601,6065.0,0.04602,13007.0
1753600495363,07:14:55.363,phemex,ACT/USDT:USDT,0.04599,13330.0,0.04598,44773.0,0.04601,6065.0,0.04602,13007.0
1753600495399,07:14:55.399,phemex,ACT/USDT:USDT,0.04599,13330.0,0.04598,44773.0,0.04601,6065.0,0.04602,15814.0
1753600495432,07:14:55.432,phemex,ACT/USDT:USDT,0.04599,13330.0,0.04598,18951.0,0.04601,6065.0,0.04602,15814.0
1753600495529,07:14:55.529,phemex,ACT/USDT:USDT,0.04599,13330.0,0.04598,18951.0,0.04601,6065.0,0.04602,15814.0
1753600495578,07:14:55.578,phemex,ACT/USDT:USDT,0.04599,13330.0,0.04598,18951.0,0.04601,6065.0,0.04602,15814.0
1753600495618,07:14:55.618,phemex,ACT/USDT:USDT,0.04599,13330.0,0.04598,18951.0,0.04601,6065.0,0.04602,15814.0
1753600495652,07:14:55.652,phemex,ACT/USDT:USDT,0.04599,13330.0,0.04598,18951.0,0.046,2807.0,0.04601,6065.0
1753600495726,07:14:55.726,phemex,ACT/USDT:USDT,0.04599,4364.0,0.04598,4491.0,0.046,2807.0,0.04601,6065.0
1753600495736,07:14:55.736,phemex,ACT/USDT:USDT,0.04599,4364.0,0.04598,4491.0,0.04601,6065.0,0.04602,15814.0
1753600495834,07:14:55.834,phemex,ACT/USDT:USDT,0.04599,4364.0,0.04598,4491.0,0.046,2807.0,0.04601,6065.0
1753600495868,07:14:55.868,phemex,ACT/USDT:USDT,0.04599,4364.0,0.04598,4491.0,0.046,2807.0,0.04601,6065.0
1753600495934,07:14:55.934,phemex,ACT/USDT:USDT,0.04599,4364.0,0.04598,4491.0,0.04601,6065.0,0.04602,15814.0
1753600495988,07:14:55.988,phemex,ACT/USDT:USDT,0.04599,4364.0,0.04598,4491.0,0.046,2807.0,0.04601,6065.0
1753600496504,07:14:56.504,phemex,ACT/USDT:USDT,0.04598,2931.0,0.04597,5584.0,0.046,2807.0,0.04601,6065.0
1753600496512,07:14:56.512,phemex,ACT/USDT:USDT,0.04598,2931.0,0.04597,5584.0,0.046,2807.0,0.04601,6065.0
1753600496549,07:14:56.549,phemex,ACT/USDT:USDT,0.04598,2931.0,0.04597,5584.0,0.046,2807.0,0.04601,6065.0
1753600496583,07:14:56.583,phemex,ACT/USDT:USDT,0.04597,2759.0,0.04596,7067.0,0.046,2807.0,0.04601,6065.0
1753600496589,07:14:56.589,phemex,ACT/USDT:USDT,0.04597,2759.0,0.04596,7067.0,0.046,2807.0,0.04601,6065.0
1753600496604,07:14:56.604,phemex,ACT/USDT:USDT,0.04597,2759.0,0.04596,7067.0,0.046,2807.0,0.04601,6065.0
1753600497242,07:14:57.242,phemex,ACT/USDT:USDT,0.04597,2759.0,0.04596,7067.0,0.046,2807.0,0.04601,6065.0
1753600497265,07:14:57.265,phemex,ACT/USDT:USDT,0.04597,2759.0,0.04596,7067.0,0.046,2807.0,0.04601,6065.0
1753600499871,07:14:59.871,phemex,ACT/USDT:USDT,0.04597,2759.0,0.04596,7067.0,0.046,2807.0,0.04601,6065.0
1753600499901,07:14:59.901,phemex,ACT/USDT:USDT,0.04597,2759.0,0.04596,7067.0,0.046,2807.0,0.04601,6065.0
1753600501904,07:15:01.904,phemex,ACT/USDT:USDT,0.04598,2670.0,0.04597,5397.0,0.04599,7167.0,0.046,11633.0
1753600501915,07:15:01.915,phemex,ACT/USDT:USDT,0.04598,6474.0,0.04597,9794.0,0.04599,7167.0,0.046,11633.0
1753600501927,07:15:01.927,phemex,ACT/USDT:USDT,0.04598,6474.0,0.04597,9794.0,0.04599,7167.0,0.046,11633.0
1753600502349,07:15:02.349,phemex,ACT/USDT:USDT,0.04597,5724.0,0.04596,28581.0,0.04599,7167.0,0.046,11633.0
1753600502367,07:15:02.367,phemex,ACT/USDT:USDT,0.04597,2965.0,0.04596,2759.0,0.04599,7167.0,0.046,11633.0
1753600502388,07:15:02.388,phemex,ACT/USDT:USDT,0.04597,2965.0,0.04596,2759.0,0.04599,7167.0,0.046,11633.0
1753600502404,07:15:02.404,phemex,ACT/USDT:USDT,0.04597,2965.0,0.04596,2759.0,0.04598,2807.0,0.04599,7167.0
1753600502881,07:15:02.881,phemex,ACT/USDT:USDT,0.04597,2965.0,0.04596,2759.0,0.04598,2807.0,0.04599,7167.0
1753600502988,07:15:02.988,phemex,ACT/USDT:USDT,0.04596,8349.0,0.04595,6432.0,0.04598,2807.0,0.04599,7167.0
1753600502998,07:15:02.998,phemex,ACT/USDT:USDT,0.04596,8349.0,0.04595,6432.0,0.04598,2807.0,0.04599,7167.0
1753600503056,07:15:03.056,phemex,ACT/USDT:USDT,0.04596,8349.0,0.04595,6432.0,0.04598,2807.0,0.04599,9974.0
1753600504072,07:15:04.072,phemex,ACT/USDT:USDT,0.04597,2817.0,0.04596,8349.0,0.04598,2807.0,0.04599,9974.0
1753600504152,07:15:04.152,phemex,ACT/USDT:USDT,0.04596,8349.0,0.04595,6432.0,0.04598,2807.0,0.04599,9974.0
1753600504183,07:15:04.183,phemex,ACT/USDT:USDT,0.04596,8349.0,0.04595,6432.0,0.04598,2807.0,0.04599,9974.0
1753600504632,07:15:04.632,phemex,ACT/USDT:USDT,0.04597,2817.0,0.04596,8349.0,0.04598,2807.0,0.04599,9974.0
1753600504658,07:15:04.658,phemex,ACT/USDT:USDT,0.04596,8349.0,0.04595,6432.0,0.04598,2807.0,0.04599,9974.0
1753600504725,07:15:04.725,phemex,ACT/USDT:USDT,0.04597,2817.0,0.04596,8349.0,0.04598,2807.0,0.04599,9974.0
1753600504782,07:15:04.782,phemex,ACT/USDT:USDT,0.04596,8349.0,0.04595,6432.0,0.04598,2807.0,0.04599,9974.0
1753600504800,07:15:04.800,phemex,ACT/USDT:USDT,0.04596,8349.0,0.04595,6432.0,0.04598,2807.0,0.04599,9974.0
1753600504839,07:15:04.839,phemex,ACT/USDT:USDT,0.04597,2817.0,0.04596,8349.0,0.04598,2807.0,0.04599,9974.0
1753600504873,07:15:04.873,phemex,ACT/USDT:USDT,0.04597,2817.0,0.04596,8349.0,0.04599,9974.0,0.046,11633.0
1753600504906,07:15:04.906,phemex,ACT/USDT:USDT,0.04597,2817.0,0.04596,8349.0,0.04598,2817.0,0.04599,9974.0
1753600504971,07:15:04.971,phemex,ACT/USDT:USDT,0.04597,2817.0,0.04596,8349.0,0.04599,9974.0,0.046,11633.0
1753600505022,07:15:05.022,phemex,ACT/USDT:USDT,0.04597,2817.0,0.04596,8349.0,0.04599,9974.0,0.046,11633.0
1753600505081,07:15:05.081,phemex,ACT/USDT:USDT,0.04597,2817.0,0.04596,8349.0,0.04598,2817.0,0.04599,9974.0
1753600505123,07:15:05.123,phemex,ACT/USDT:USDT,0.04597,2817.0,0.04596,8349.0,0.04599,9974.0,0.046,11633.0
1753600505167,07:15:05.167,phemex,ACT/USDT:USDT,0.04597,2817.0,0.04596,8349.0,0.04599,9974.0,0.046,11633.0
1753600505816,07:15:05.816,phemex,ACT/USDT:USDT,0.04597,2817.0,0.04596,8349.0,0.04599,7167.0,0.046,11633.0
1753600507102,07:15:07.102,phemex,ACT/USDT:USDT,0.04597,2817.0,0.04596,8349.0,0.04599,7167.0,0.046,7361.0
1753600508011,07:15:08.011,phemex,ACT/USDT:USDT,0.04597,2817.0,0.04596,8349.0,0.04598,2817.0,0.04599,7167.0
1753600508184,07:15:08.184,phemex,ACT/USDT:USDT,0.04597,2817.0,0.04596,8349.0,0.04598,2817.0,0.04599,7167.0
1753600508736,07:15:08.736,phemex,ACT/USDT:USDT,0.04597,2817.0,0.04596,8349.0,0.04599,7167.0,0.046,7361.0
1753600508779,07:15:08.779,phemex,ACT/USDT:USDT,0.04597,2817.0,0.04596,8349.0,0.04599,7167.0,0.046,7361.0
1753600508875,07:15:08.875,phemex,ACT/USDT:USDT,0.04597,2817.0,0.04596,8349.0,0.04598,2817.0,0.04599,7167.0
1753600509062,07:15:09.062,phemex,ACT/USDT:USDT,0.04597,6105.0,0.04596,3188.0,0.04598,2817.0,0.04599,7167.0
1753600509794,07:15:09.794,phemex,ACT/USDT:USDT,0.04596,3188.0,0.04595,42925.0,0.04598,7040.0,0.046,13185.0
1753600509816,07:15:09.816,phemex,ACT/USDT:USDT,0.04596,3188.0,0.04595,17103.0,0.04598,7040.0,0.046,13185.0
1753600509831,07:15:09.831,phemex,ACT/USDT:USDT,0.04596,3188.0,0.04595,17103.0,0.04597,2817.0,0.04598,7040.0
1753600509861,07:15:09.861,phemex,ACT/USDT:USDT,0.04596,3188.0,0.04595,5595.0,0.04597,2817.0,0.04598,7040.0
1753600511721,07:15:11.721,phemex,ACT/USDT:USDT,0.04596,3188.0,0.04595,5595.0,0.04598,7040.0,0.046,13185.0
1753600511733,07:15:11.733,phemex,ACT/USDT:USDT,0.04596,6005.0,0.04595,5595.0,0.04598,7040.0,0.046,13185.0
1753600511784,07:15:11.784,phemex,ACT/USDT:USDT,0.04596,6005.0,0.04595,5595.0,0.04598,7040.0,0.046,13185.0
1753600511794,07:15:11.794,phemex,ACT/USDT:USDT,0.04596,6005.0,0.04595,5595.0,0.04597,2817.0,0.04598,7040.0
1753600511837,07:15:11.837,phemex,ACT/USDT:USDT,0.04596,6005.0,0.04595,5595.0,0.04598,7040.0,0.046,13185.0
1753600511878,07:15:11.878,phemex,ACT/USDT:USDT,0.04596,6005.0,0.04595,5595.0,0.04598,7040.0,0.046,13185.0
1753600511911,07:15:11.911,phemex,ACT/USDT:USDT,0.04596,6005.0,0.04595,5595.0,0.04597,2817.0,0.04598,7040.0
1753600511938,07:15:11.938,phemex,ACT/USDT:USDT,0.04596,6005.0,0.04595,5595.0,0.04598,7040.0,0.046,13185.0
1753600511974,07:15:11.974,phemex,ACT/USDT:USDT,0.04596,6005.0,0.04595,5595.0,0.04598,7040.0,0.046,13185.0
1753600511981,07:15:11.981,phemex,ACT/USDT:USDT,0.04596,6005.0,0.04595,5595.0,0.04597,2817.0,0.04598,7040.0
1753600512005,07:15:12.005,phemex,ACT/USDT:USDT,0.04596,6005.0,0.04595,5595.0,0.04598,7040.0,0.046,13185.0
1753600512010,07:15:12.010,phemex,ACT/USDT:USDT,0.04596,6005.0,0.04595,5595.0,0.04598,7040.0,0.046,13185.0
1753600512041,07:15:12.041,phemex,ACT/USDT:USDT,0.04596,6005.0,0.04595,5595.0,0.04598,7040.0,0.046,13185.0
1753600512162,07:15:12.162,phemex,ACT/USDT:USDT,0.04596,6005.0,0.04595,5595.0,0.04597,5612.0,0.04598,11877.0
1753600512226,07:15:12.226,phemex,ACT/USDT:USDT,0.04596,6005.0,0.04595,5595.0,0.04597,2795.0,0.04598,11877.0
1753600515171,07:15:15.171,phemex,ACT/USDT:USDT,0.04596,6005.0,0.04595,10441.0,0.04597,7476.0,0.04598,11877.0
1753600516866,07:15:16.866,phemex,ACT/USDT:USDT,0.04596,6005.0,0.04595,10441.0,0.04598,11877.0,0.046,24645.0
1753600516881,07:15:16.881,phemex,ACT/USDT:USDT,0.04596,6005.0,0.04595,10441.0,0.04598,11877.0,0.046,24645.0
1753600516981,07:15:16.981,phemex,ACT/USDT:USDT,0.04596,6005.0,0.04595,10441.0,0.04597,2688.0,0.04598,11877.0
1753600516998,07:15:16.998,phemex,ACT/USDT:USDT,0.04596,6005.0,0.04595,10441.0,0.04598,11877.0,0.046,24645.0
1753600517085,07:15:17.085,phemex,ACT/USDT:USDT,0.04597,2688.0,0.04596,6005.0,0.04598,11877.0,0.046,24645.0
1753600517100,07:15:17.100,phemex,ACT/USDT:USDT,0.04596,6005.0,0.04595,10441.0,0.04598,11877.0,0.046,24645.0
1753600517160,07:15:17.160,phemex,ACT/USDT:USDT,0.04596,6005.0,0.04595,10441.0,0.04598,11877.0,0.046,24645.0
1753600517252,07:15:17.252,phemex,ACT/USDT:USDT,0.04597,2688.0,0.04596,6005.0,0.04598,11877.0,0.046,24645.0
1753600517260,07:15:17.260,phemex,ACT/USDT:USDT,0.04596,6005.0,0.04595,10441.0,0.04598,11877.0,0.046,24645.0
1753600517281,07:15:17.281,phemex,ACT/USDT:USDT,0.04596,6005.0,0.04595,10441.0,0.04598,11877.0,0.046,24645.0
1753600517328,07:15:17.328,phemex,ACT/USDT:USDT,0.04597,2688.0,0.04596,6005.0,0.04598,11877.0,0.046,24645.0
1753600517363,07:15:17.363,phemex,ACT/USDT:USDT,0.04596,6005.0,0.04595,10441.0,0.04598,11877.0,0.046,24645.0
1753600517403,07:15:17.403,phemex,ACT/USDT:USDT,0.04596,6005.0,0.04595,10441.0,0.04598,11877.0,0.046,24645.0
1753600517446,07:15:17.446,phemex,ACT/USDT:USDT,0.04597,2688.0,0.04596,6005.0,0.04598,11877.0,0.046,24645.0
1753600517700,07:15:17.700,phemex,ACT/USDT:USDT,0.04597,2688.0,0.04596,6005.0,0.04598,20409.0,0.046,2807.0
1753600519055,07:15:19.055,phemex,ACT/USDT:USDT,0.04596,6005.0,0.04595,10441.0,0.04598,20409.0,0.046,2807.0
1753600519087,07:15:19.087,phemex,ACT/USDT:USDT,0.04596,6005.0,0.04595,10441.0,0.04598,20409.0,0.046,2807.0
1753600519251,07:15:19.251,phemex,ACT/USDT:USDT,0.04596,6005.0,0.04595,10441.0,0.04597,2688.0,0.04598,20409.0
1753600519267,07:15:19.267,phemex,ACT/USDT:USDT,0.04596,6005.0,0.04595,10441.0,0.04598,20409.0,0.046,2807.0
1753600519356,07:15:19.356,phemex,ACT/USDT:USDT,0.04597,2688.0,0.04596,6005.0,0.04598,20409.0,0.046,2807.0
1753600519376,07:15:19.376,phemex,ACT/USDT:USDT,0.04596,6005.0,0.04595,10441.0,0.04598,20409.0,0.046,2807.0
1753600519389,07:15:19.389,phemex,ACT/USDT:USDT,0.04596,6005.0,0.04595,10441.0,0.04598,20409.0,0.046,2807.0
1753600519465,07:15:19.465,phemex,ACT/USDT:USDT,0.04596,6005.0,0.04595,10441.0,0.04597,2688.0,0.04598,20409.0
1753600519507,07:15:19.507,phemex,ACT/USDT:USDT,0.04596,6005.0,0.04595,10441.0,0.04598,20409.0,0.046,2807.0
1753600519765,07:15:19.765,phemex,ACT/USDT:USDT,0.04596,6005.0,0.04595,10441.0,0.04598,17592.0,0.046,2807.0
1753600519804,07:15:19.804,phemex,ACT/USDT:USDT,0.04597,2688.0,0.04596,6005.0,0.04598,17592.0,0.046,2807.0
1753600519820,07:15:19.820,phemex,ACT/USDT:USDT,0.04596,6005.0,0.04595,10441.0,0.04598,17592.0,0.046,2807.0
1753600519838,07:15:19.838,phemex,ACT/USDT:USDT,0.04596,6005.0,0.04595,10441.0,0.04598,17592.0,0.046,2807.0
1753600519859,07:15:19.859,phemex,ACT/USDT:USDT,0.04596,6005.0,0.04595,10441.0,0.04597,2688.0,0.04598,17592.0
1753600521679,07:15:21.679,phemex,ACT/USDT:USDT,0.04596,7441.0,0.04595,2759.0,0.04597,2688.0,0.04598,17592.0
1753600522801,07:15:22.801,phemex,ACT/USDT:USDT,0.04596,7441.0,0.04595,2759.0,0.04597,6341.0,0.04598,3777.0
1753600525893,07:15:25.893,phemex,ACT/USDT:USDT,0.04595,6936.0,0.04594,28581.0,0.04597,6341.0,0.04598,6578.0
1753600525920,07:15:25.920,phemex,ACT/USDT:USDT,0.04595,4177.0,0.04594,28581.0,0.04597,6341.0,0.04598,6578.0
1753600525973,07:15:25.973,phemex,ACT/USDT:USDT,0.04594,2807.0,0.04593,2759.0,0.04596,2801.0,0.04597,6341.0
1753600526044,07:15:26.044,phemex,ACT/USDT:USDT,0.04594,2807.0,0.04593,2759.0,0.04596,2801.0,0.04597,6341.0
1753600526073,07:15:26.073,phemex,ACT/USDT:USDT,0.04594,2807.0,0.04593,2759.0,0.04596,2801.0,0.04597,6341.0
1753600526081,07:15:26.081,phemex,ACT/USDT:USDT,0.04594,2807.0,0.04593,2759.0,0.04596,2801.0,0.04597,6341.0
1753600526133,07:15:26.133,phemex,ACT/USDT:USDT,0.04594,2807.0,0.04593,2759.0,0.04596,2801.0,0.04597,6341.0
1753600526196,07:15:26.196,phemex,ACT/USDT:USDT,0.04594,2807.0,0.04593,2759.0,0.04596,2801.0,0.04597,6341.0
1753600526247,07:15:26.247,phemex,ACT/USDT:USDT,0.04594,2807.0,0.04593,2759.0,0.04596,2801.0,0.04597,6341.0
1753600526542,07:15:26.542,phemex,ACT/USDT:USDT,0.04593,7296.0,0.04592,12280.0,0.04596,2801.0,0.04597,6341.0
1753600526551,07:15:26.551,phemex,ACT/USDT:USDT,0.04593,7296.0,0.04592,12280.0,0.04596,2801.0,0.04597,6341.0
1753600526553,07:15:26.553,phemex,ACT/USDT:USDT,0.04593,7296.0,0.04592,12280.0,0.04596,2801.0,0.04597,6341.0
1753600526845,07:15:26.845,phemex,ACT/USDT:USDT,0.04593,7296.0,0.04592,12280.0,0.04596,2801.0,0.04597,6341.0
1753600528219,07:15:28.219,phemex,ACT/USDT:USDT,0.04594,2801.0,0.04593,7296.0,0.04596,2801.0,0.04597,6341.0
1753600528287,07:15:28.287,phemex,ACT/USDT:USDT,0.04593,7296.0,0.04592,12280.0,0.04596,2801.0,0.04597,6341.0
1753600528351,07:15:28.351,phemex,ACT/USDT:USDT,0.04594,2801.0,0.04593,7296.0,0.04595,8664.0,0.04596,2801.0
1753600528351,07:15:28.351,phemex,ACT/USDT:USDT,0.04594,2801.0,0.04593,7296.0,0.04595,8664.0,0.04596,2801.0
1753600528425,07:15:28.425,phemex,ACT/USDT:USDT,0.04594,2801.0,0.04593,7296.0,0.04595,8664.0,0.04596,2801.0
1753600528612,07:15:28.612,phemex,ACT/USDT:USDT,0.04594,2801.0,0.04593,7296.0,0.04595,8664.0,0.04596,2801.0
1753600529048,07:15:29.048,phemex,ACT/USDT:USDT,0.04593,7296.0,0.04592,12280.0,0.04595,8664.0,0.04596,2801.0
1753600529100,07:15:29.100,phemex,ACT/USDT:USDT,0.04593,7296.0,0.04592,12280.0,0.04594,2801.0,0.04595,8664.0
1753600529275,07:15:29.275,phemex,ACT/USDT:USDT,0.04593,7296.0,0.04592,12280.0,0.04595,8664.0,0.04596,2801.0
1753600529360,07:15:29.360,phemex,ACT/USDT:USDT,0.04594,2801.0,0.04593,7296.0,0.04595,8664.0,0.04596,2801.0
1753600529389,07:15:29.389,phemex,ACT/USDT:USDT,0.04593,7296.0,0.04592,12280.0,0.04595,8664.0,0.04596,2801.0
1753600529416,07:15:29.416,phemex,ACT/USDT:USDT,0.04593,7296.0,0.04592,12280.0,0.04595,8664.0,0.04596,2801.0
1753600529435,07:15:29.435,phemex,ACT/USDT:USDT,0.04594,2801.0,0.04593,7296.0,0.04595,8664.0,0.04596,2801.0
1753600529458,07:15:29.458,phemex,ACT/USDT:USDT,0.04593,7296.0,0.04592,12280.0,0.04595,8664.0,0.04596,2801.0
1753600529478,07:15:29.478,phemex,ACT/USDT:USDT,0.04593,7296.0,0.04592,12280.0,0.04595,8664.0,0.04596,2801.0
1753600529592,07:15:29.592,phemex,ACT/USDT:USDT,0.04594,2801.0,0.04593,7296.0,0.04595,8664.0,0.04596,2801.0
1753600529677,07:15:29.677,phemex,ACT/USDT:USDT,0.04593,7296.0,0.04592,12280.0,0.04595,8664.0,0.04596,2801.0
1753600529718,07:15:29.718,phemex,ACT/USDT:USDT,0.04593,7296.0,0.04592,12280.0,0.04595,8664.0,0.04596,2801.0
1753600529770,07:15:29.770,phemex,ACT/USDT:USDT,0.04593,7296.0,0.04592,12280.0,0.04594,2801.0,0.04595,8664.0
1753600529827,07:15:29.827,phemex,ACT/USDT:USDT,0.04593,7296.0,0.04592,12280.0,0.04595,8664.0,0.04596,2801.0
1753600529885,07:15:29.885,phemex,ACT/USDT:USDT,0.04594,2801.0,0.04593,7296.0,0.04595,8664.0,0.04596,2801.0
1753600529956,07:15:29.956,phemex,ACT/USDT:USDT,0.04593,7296.0,0.04592,12280.0,0.04595,8664.0,0.04596,2801.0
1753600529985,07:15:29.985,phemex,ACT/USDT:USDT,0.04593,7296.0,0.04592,12280.0,0.04595,8664.0,0.04596,2801.0
1753600530021,07:15:30.021,phemex,ACT/USDT:USDT,0.04594,2801.0,0.04593,7296.0,0.04595,8664.0,0.04596,2801.0
1753600530055,07:15:30.055,phemex,ACT/USDT:USDT,0.04593,7296.0,0.04592,12280.0,0.04595,8664.0,0.04596,2801.0
1753600530086,07:15:30.086,phemex,ACT/USDT:USDT,0.04593,7296.0,0.04592,12280.0,0.04595,8664.0,0.04596,2801.0
1753600530150,07:15:30.150,phemex,ACT/USDT:USDT,0.04593,7296.0,0.04592,12280.0,0.04594,2801.0,0.04595,8664.0
1753600530177,07:15:30.177,phemex,ACT/USDT:USDT,0.04593,7296.0,0.04592,12280.0,0.04595,8664.0,0.04596,2801.0
1753600530669,07:15:30.669,phemex,ACT/USDT:USDT,0.04594,2801.0,0.04593,7296.0,0.04595,8664.0,0.04596,2801.0
1753600531192,07:15:31.192,phemex,ACT/USDT:USDT,0.04594,2801.0,0.04593,7296.0,0.04595,8664.0,0.04596,2801.0
1753600531218,07:15:31.218,phemex,ACT/USDT:USDT,0.04594,2801.0,0.04593,7296.0,0.04595,8664.0,0.04596,2801.0
1753600533919,07:15:33.919,phemex,ACT/USDT:USDT,0.04594,2801.0,0.04593,7296.0,0.04595,8664.0,0.04596,2801.0
1753600533956,07:15:33.956,phemex,ACT/USDT:USDT,0.04594,2801.0,0.04593,7296.0,0.04595,8664.0,0.04596,2801.0
1753600534527,07:15:34.527,phemex,ACT/USDT:USDT,0.04593,7296.0,0.04592,12280.0,0.04595,8664.0,0.04596,2801.0
1753600534572,07:15:34.572,phemex,ACT/USDT:USDT,0.04593,7296.0,0.04592,12280.0,0.04595,8664.0,0.04596,2801.0
1753600534579,07:15:34.579,phemex,ACT/USDT:USDT,0.04593,7296.0,0.04592,12280.0,0.04595,8664.0,0.04596,2801.0
1753600534602,07:15:34.602,phemex,ACT/USDT:USDT,0.04593,7296.0,0.04592,12280.0,0.04594,2685.0,0.04595,8664.0
1753600534610,07:15:34.610,phemex,ACT/USDT:USDT,0.04593,7296.0,0.04592,12280.0,0.04594,2685.0,0.04595,8664.0
1753600534749,07:15:34.749,phemex,ACT/USDT:USDT,0.04593,7296.0,0.04592,12280.0,0.04595,8664.0,0.04596,2801.0
1753600534771,07:15:34.771,phemex,ACT/USDT:USDT,0.04593,7296.0,0.04592,12280.0,0.04595,8664.0,0.04596,2801.0
1753600534812,07:15:34.812,phemex,ACT/USDT:USDT,0.04593,7296.0,0.04592,12280.0,0.04594,2685.0,0.04595,8664.0
1753600534906,07:15:34.906,phemex,ACT/USDT:USDT,0.04593,7296.0,0.04592,12280.0,0.04595,8664.0,0.04596,2801.0
1753600534931,07:15:34.931,phemex,ACT/USDT:USDT,0.04593,7296.0,0.04592,12280.0,0.04595,8664.0,0.04596,2801.0
1753600534956,07:15:34.956,phemex,ACT/USDT:USDT,0.04593,7296.0,0.04592,12280.0,0.04594,2685.0,0.04595,8664.0
1753600535050,07:15:35.050,phemex,ACT/USDT:USDT,0.04593,7296.0,0.04592,12280.0,0.04595,8664.0,0.04596,2801.0
1753600535114,07:15:35.114,phemex,ACT/USDT:USDT,0.04593,7296.0,0.04592,12280.0,0.04595,8664.0,0.04596,2801.0
1753600535154,07:15:35.154,phemex,ACT/USDT:USDT,0.04593,7296.0,0.04592,12280.0,0.04594,2685.0,0.04595,8664.0
1753600535192,07:15:35.192,phemex,ACT/USDT:USDT,0.04593,7296.0,0.04592,12280.0,0.04595,8664.0,0.04596,2801.0
1753600535227,07:15:35.227,phemex,ACT/USDT:USDT,0.04593,7296.0,0.04592,12280.0,0.04594,2685.0,0.04595,8664.0
1753600535500,07:15:35.500,phemex,ACT/USDT:USDT,0.04593,8583.0,0.04592,2807.0,0.04594,6697.0,0.04595,11895.0
1753600536521,07:15:36.521,phemex,ACT/USDT:USDT,0.04593,8583.0,0.04592,2807.0,0.04594,6697.0,0.04595,11895.0
1753600536556,07:15:36.556,phemex,ACT/USDT:USDT,0.04593,8583.0,0.04592,2807.0,0.04594,6697.0,0.04595,11895.0
1753600536894,07:15:36.894,phemex,ACT/USDT:USDT,0.04592,10765.0,0.04591,25822.0,0.04594,6697.0,0.04595,11895.0
1753600536923,07:15:36.923,phemex,ACT/USDT:USDT,0.04592,10765.0,0.0459,13664.0,0.04594,6697.0,0.04595,11895.0
1753600536940,07:15:36.940,phemex,ACT/USDT:USDT,0.04592,10765.0,0.0459,39486.0,0.04594,6697.0,0.04595,11895.0
1753600536947,07:15:36.947,phemex,ACT/USDT:USDT,0.04592,10765.0,0.0459,39486.0,0.04593,2685.0,0.04594,6697.0
1753600537060,07:15:37.060,phemex,ACT/USDT:USDT,0.04592,7958.0,0.0459,39486.0,0.04593,2685.0,0.04594,6697.0
1753600537069,07:15:37.069,phemex,ACT/USDT:USDT,0.04592,7958.0,0.04591,2685.0,0.04593,2685.0,0.04594,6697.0
1753600541109,07:15:41.109,phemex,ACT/USDT:USDT,0.04592,7958.0,0.04591,2685.0,0.04593,5817.0,0.04594,12432.0
1753600541184,07:15:41.184,phemex,ACT/USDT:USDT,0.04592,7958.0,0.04591,2685.0,0.04593,5817.0,0.04594,12432.0
1753600541562,07:15:41.562,phemex,ACT/USDT:USDT,0.04591,4886.0,0.0459,5536.0,0.04593,5817.0,0.04594,12432.0
1753600541592,07:15:41.592,phemex,ACT/USDT:USDT,0.04591,4886.0,0.0459,5536.0,0.04593,5817.0,0.04594,12432.0
1753600541604,07:15:41.604,phemex,ACT/USDT:USDT,0.04591,4886.0,0.0459,5536.0,0.04592,2685.0,0.04593,5817.0
1753600541610,07:15:41.610,phemex,ACT/USDT:USDT,0.04591,4886.0,0.0459,5536.0,0.04592,2685.0,0.04593,5817.0
1753600541711,07:15:41.711,phemex,ACT/USDT:USDT,0.04591,4886.0,0.0459,5536.0,0.04593,5817.0,0.04594,12432.0
1753600541824,07:15:41.824,phemex,ACT/USDT:USDT,0.04591,4886.0,0.0459,5536.0,0.04592,2685.0,0.04593,5817.0
1753600541889,07:15:41.889,phemex,ACT/USDT:USDT,0.04591,4886.0,0.0459,5536.0,0.04593,5817.0,0.04594,12432.0
1753600541910,07:15:41.910,phemex,ACT/USDT:USDT,0.04591,4886.0,0.0459,5536.0,0.04592,2685.0,0.04593,5817.0
1753600541955,07:15:41.955,phemex,ACT/USDT:USDT,0.04591,4886.0,0.0459,5536.0,0.04593,5817.0,0.04594,12432.0
1753600541993,07:15:41.993,phemex,ACT/USDT:USDT,0.04591,4886.0,0.0459,5536.0,0.04592,2685.0,0.04593,5817.0
1753600544003,07:15:44.003,phemex,ACT/USDT:USDT,0.04591,4886.0,0.0459,5536.0,0.04593,5817.0,0.04594,12432.0
1753600544085,07:15:44.085,phemex,ACT/USDT:USDT,0.04592,2707.0,0.04591,4886.0,0.04593,5817.0,0.04594,12432.0
1753600544096,07:15:44.096,phemex,ACT/USDT:USDT,0.04591,4886.0,0.0459,5536.0,0.04593,5817.0,0.04594,12432.0
1753600544116,07:15:44.116,phemex,ACT/USDT:USDT,0.04591,4886.0,0.0459,5536.0,0.04593,5817.0,0.04594,12432.0
1753600544121,07:15:44.121,phemex,ACT/USDT:USDT,0.04592,2707.0,0.04591,4886.0,0.04593,5817.0,0.04594,12432.0
1753600544164,07:15:44.164,phemex,ACT/USDT:USDT,0.04591,4886.0,0.0459,5536.0,0.04593,5817.0,0.04594,12432.0
1753600544218,07:15:44.218,phemex,ACT/USDT:USDT,0.04591,4886.0,0.0459,5536.0,0.04593,5817.0,0.04594,12432.0
1753600544262,07:15:44.262,phemex,ACT/USDT:USDT,0.04592,2707.0,0.04591,4886.0,0.04593,5817.0,0.04594,12432.0
1753600544311,07:15:44.311,phemex,ACT/USDT:USDT,0.04591,4886.0,0.0459,5536.0,0.04593,5817.0,0.04594,12432.0
1753600544338,07:15:44.338,phemex,ACT/USDT:USDT,0.04591,4886.0,0.0459,5536.0,0.04593,5817.0,0.04594,12432.0
1753600544398,07:15:44.398,phemex,ACT/USDT:USDT,0.04591,2707.0,0.0459,5536.0,0.04593,2685.0,0.04594,12432.0
1753600545056,07:15:45.056,phemex,ACT/USDT:USDT,0.04592,2707.0,0.04591,2707.0,0.04593,2685.0,0.04594,12432.0
1753600545071,07:15:45.071,phemex,ACT/USDT:USDT,0.04591,2707.0,0.0459,5536.0,0.04593,2685.0,0.04594,12432.0
1753600545088,07:15:45.088,phemex,ACT/USDT:USDT,0.04591,2707.0,0.0459,5536.0,0.04593,2685.0,0.04594,12432.0
1753600545173,07:15:45.173,phemex,ACT/USDT:USDT,0.04592,2707.0,0.04591,2707.0,0.04593,2685.0,0.04594,12432.0
1753600545208,07:15:45.208,phemex,ACT/USDT:USDT,0.04591,2707.0,0.0459,5536.0,0.04593,2685.0,0.04594,12432.0
1753600545604,07:15:45.604,phemex,ACT/USDT:USDT,0.04591,2707.0,0.0459,5536.0,0.04593,2685.0,0.04594,12432.0
1753600545613,07:15:45.613,phemex,ACT/USDT:USDT,0.04591,2707.0,0.0459,5536.0,0.04593,2685.0,0.04594,12432.0
1753600545865,07:15:45.865,phemex,ACT/USDT:USDT,0.04592,2707.0,0.04591,2707.0,0.04593,2685.0,0.04594,12432.0
1753600545956,07:15:45.956,phemex,ACT/USDT:USDT,0.04591,2707.0,0.0459,5536.0,0.04593,2685.0,0.04594,12432.0
1753600545979,07:15:45.979,phemex,ACT/USDT:USDT,0.04591,2707.0,0.0459,5536.0,0.04593,2685.0,0.04594,12432.0
1753600546066,07:15:46.066,phemex,ACT/USDT:USDT,0.04592,2707.0,0.04591,2707.0,0.04593,2685.0,0.04594,12432.0
1753600546287,07:15:46.287,phemex,ACT/USDT:USDT,0.04592,2707.0,0.04591,2707.0,0.04593,10393.0,0.04594,6697.0
