timestamp,time,exchange,symbol,bid1_price,bid1_volume,bid2_price,bid2_volume,ask1_price,ask1_volume,ask2_price,ask2_volume
1753599989000,07:06:29.000,gateio,ACE/USDT:USDT,0.5921,1335.0,0.592,96.0,0.5926,198.0,0.5929,1000.0
1753599989519,07:06:29.519,gateio,ACE/USDT:USDT,0.5921,1335.0,0.592,96.0,0.5926,198.0,0.5929,1000.0
1753599989577,07:06:29.577,gateio,ACE/USDT:USDT,0.5921,192.0,0.592,96.0,0.5926,198.0,0.5929,1000.0
1753599990089,07:06:30.089,gateio,ACE/USDT:USDT,0.5921,192.0,0.592,96.0,0.5926,198.0,0.5929,1000.0
1753599990433,07:06:30.433,gateio,ACE/USDT:USDT,0.5919,5068.0,0.5914,6666.0,0.5926,390.0,0.5929,1000.0
1753599990698,07:06:30.698,gateio,ACE/USDT:USDT,0.5915,5081.0,0.5914,10.0,0.5926,390.0,0.5928,342.0
1753599991011,07:06:31.011,gateio,ACE/USDT:USDT,0.5915,855.0,0.5914,10.0,0.5926,390.0,0.5929,1342.0
1753599991128,07:06:31.128,gateio,ACE/USDT:USDT,0.5915,855.0,0.5914,10.0,0.5926,390.0,0.5929,1342.0
1753599991202,07:06:31.202,gateio,ACE/USDT:USDT,0.5915,845.0,0.5912,342.0,0.5926,390.0,0.5929,1342.0
1753599991533,07:06:31.533,gateio,ACE/USDT:USDT,0.5915,2863.0,0.5912,342.0,0.5926,390.0,0.5929,1342.0
1753599991569,07:06:31.569,gateio,ACE/USDT:USDT,0.5915,2863.0,0.5912,342.0,0.5926,390.0,0.5929,1342.0
1753599992051,07:06:32.051,gateio,ACE/USDT:USDT,0.5915,2863.0,0.5912,342.0,0.5926,390.0,0.5929,1342.0
1753599992321,07:06:32.321,gateio,ACE/USDT:USDT,0.5915,845.0,0.5912,342.0,0.5926,390.0,0.5929,1342.0
1753599993397,07:06:33.397,gateio,ACE/USDT:USDT,0.5916,5070.0,0.5915,845.0,0.5926,294.0,0.5929,1342.0
1753599993461,07:06:33.461,gateio,ACE/USDT:USDT,0.5916,5334.0,0.5915,845.0,0.5926,294.0,0.5929,1342.0
1753599993698,07:06:33.698,gateio,ACE/USDT:USDT,0.5916,5334.0,0.5915,845.0,0.5926,294.0,0.5929,1342.0
1753599994013,07:06:34.013,gateio,ACE/USDT:USDT,0.5916,5334.0,0.5912,342.0,0.5926,294.0,0.5929,1342.0
1753599994547,07:06:34.547,gateio,ACE/USDT:USDT,0.5916,5334.0,0.5912,342.0,0.5926,294.0,0.5929,1342.0
1753599994925,07:06:34.925,gateio,ACE/USDT:USDT,0.5916,6179.0,0.5912,342.0,0.5926,294.0,0.5929,1342.0
1753599995740,07:06:35.740,gateio,ACE/USDT:USDT,0.5916,6179.0,0.5912,342.0,0.5926,294.0,0.5929,1342.0
1753599999135,07:06:39.135,gateio,ACE/USDT:USDT,0.5916,6179.0,0.5912,342.0,0.5926,294.0,0.5929,1342.0
1753599999138,07:06:39.138,gateio,ACE/USDT:USDT,0.5916,6179.0,0.5912,342.0,0.5926,294.0,0.5929,1342.0
1753599999675,07:06:39.675,gateio,ACE/USDT:USDT,0.5916,6179.0,0.5912,342.0,0.5926,294.0,0.5929,1342.0
1753600000051,07:06:40.051,gateio,ACE/USDT:USDT,0.5916,6047.0,0.5912,342.0,0.5926,294.0,0.5929,1342.0
1753600000185,07:06:40.185,gateio,ACE/USDT:USDT,0.5916,6179.0,0.5912,342.0,0.5926,294.0,0.5929,1342.0
1753600000426,07:06:40.426,gateio,ACE/USDT:USDT,0.5916,6047.0,0.5912,342.0,0.5926,294.0,0.5929,1342.0
1753600000497,07:06:40.497,gateio,ACE/USDT:USDT,0.5916,7693.0,0.5912,342.0,0.5926,294.0,0.5929,1342.0
1753600000630,07:06:40.630,gateio,ACE/USDT:USDT,0.5916,6203.0,0.5912,342.0,0.5926,294.0,0.5929,1342.0
1753600001226,07:06:41.226,gateio,ACE/USDT:USDT,0.5916,5939.0,0.5912,342.0,0.5926,294.0,0.5929,1342.0
1753600001982,07:06:41.982,gateio,ACE/USDT:USDT,0.5916,5939.0,0.5912,342.0,0.5926,294.0,0.5929,1342.0
1753600002891,07:06:42.891,gateio,ACE/USDT:USDT,0.5916,5927.0,0.5912,342.0,0.5926,294.0,0.5929,1342.0
1753600003390,07:06:43.390,gateio,ACE/USDT:USDT,0.5916,5939.0,0.5912,342.0,0.5926,294.0,0.5929,1342.0
1753600003573,07:06:43.573,gateio,ACE/USDT:USDT,0.5916,5939.0,0.5912,342.0,0.5926,294.0,0.5929,1342.0
1753600004125,07:06:44.125,gateio,ACE/USDT:USDT,0.5916,6131.0,0.5915,192.0,0.5919,2.0,0.5926,294.0
1753600004228,07:06:44.228,gateio,ACE/USDT:USDT,0.5916,6131.0,0.5915,192.0,0.5926,198.0,0.5929,1342.0
1753600004419,07:06:44.419,gateio,ACE/USDT:USDT,0.5916,6131.0,0.5915,192.0,0.5926,198.0,0.5929,1342.0
1753600004648,07:06:44.648,gateio,ACE/USDT:USDT,0.5916,6131.0,0.5915,192.0,0.5926,198.0,0.5929,1342.0
1753600005076,07:06:45.076,gateio,ACE/USDT:USDT,0.5916,6131.0,0.5915,192.0,0.5926,198.0,0.5929,1342.0
1753600006550,07:06:46.550,gateio,ACE/USDT:USDT,0.5916,7424.0,0.5915,192.0,0.5926,198.0,0.5929,1342.0
1753600006704,07:06:46.704,gateio,ACE/USDT:USDT,0.5916,9165.0,0.5915,192.0,0.5926,198.0,0.5929,1342.0
1753600006900,07:06:46.900,gateio,ACE/USDT:USDT,0.5917,3483.0,0.5916,15308.0,0.5926,198.0,0.5929,1342.0
1753600007022,07:06:47.022,gateio,ACE/USDT:USDT,0.5916,5166.0,0.5915,96.0,0.5926,198.0,0.5929,1342.0
1753600007121,07:06:47.121,gateio,ACE/USDT:USDT,0.5916,5166.0,0.5915,96.0,0.5926,198.0,0.5929,1342.0
1753600007192,07:06:47.192,gateio,ACE/USDT:USDT,0.5916,5070.0,0.591,342.0,0.5926,198.0,0.5929,1342.0
1753600007335,07:06:47.335,gateio,ACE/USDT:USDT,0.5916,5070.0,0.591,342.0,0.5926,198.0,0.5929,1342.0
1753600007401,07:06:47.401,gateio,ACE/USDT:USDT,0.5916,5070.0,0.591,342.0,0.5926,198.0,0.5929,1342.0
1753600007534,07:06:47.534,gateio,ACE/USDT:USDT,0.5916,5070.0,0.591,342.0,0.5926,198.0,0.5929,1342.0
1753600007579,07:06:47.579,gateio,ACE/USDT:USDT,0.5916,5070.0,0.591,342.0,0.5926,198.0,0.5929,1342.0
1753600007756,07:06:47.756,gateio,ACE/USDT:USDT,0.5916,5070.0,0.591,342.0,0.5926,198.0,0.5929,1342.0
1753600008351,07:06:48.351,gateio,ACE/USDT:USDT,0.5916,5070.0,0.591,342.0,0.5926,198.0,0.5929,1342.0
1753600013398,07:06:53.398,gateio,ACE/USDT:USDT,0.5916,5070.0,0.591,342.0,0.5926,198.0,0.5929,1342.0
1753600013919,07:06:53.919,gateio,ACE/USDT:USDT,0.5912,6565.0,0.5911,17411.0,0.5926,198.0,0.5928,342.0
1753600014000,07:06:54.000,gateio,ACE/USDT:USDT,0.5912,1606.0,0.5911,5075.0,0.5926,198.0,0.5928,342.0
1753600014051,07:06:54.051,gateio,ACE/USDT:USDT,0.5912,1606.0,0.5911,5075.0,0.5926,198.0,0.5928,342.0
1753600014223,07:06:54.223,gateio,ACE/USDT:USDT,0.5912,6680.0,0.591,10152.0,0.5926,198.0,0.5928,342.0
1753600014798,07:06:54.798,gateio,ACE/USDT:USDT,0.5912,6680.0,0.591,10152.0,0.5926,198.0,0.5928,342.0
1753600015082,07:06:55.082,gateio,ACE/USDT:USDT,0.5912,6680.0,0.591,10152.0,0.5926,198.0,0.5928,342.0
1753600015197,07:06:55.197,gateio,ACE/USDT:USDT,0.5912,6680.0,0.591,10152.0,0.5926,198.0,0.5928,342.0
1753600015423,07:06:55.423,gateio,ACE/USDT:USDT,0.5913,3526.0,0.5912,16222.0,0.5926,198.0,0.5928,342.0
1753600015485,07:06:55.485,gateio,ACE/USDT:USDT,0.5913,4099.0,0.5912,16784.0,0.5926,198.0,0.5928,342.0
1753600015783,07:06:55.783,gateio,ACE/USDT:USDT,0.5913,4099.0,0.5912,15784.0,0.5926,198.0,0.5928,342.0
1753600016144,07:06:56.144,gateio,ACE/USDT:USDT,0.5913,5332.0,0.5912,15784.0,0.5926,198.0,0.5928,342.0
1753600016416,07:06:56.416,gateio,ACE/USDT:USDT,0.5913,5332.0,0.5912,15784.0,0.5926,198.0,0.5928,342.0
1753600016797,07:06:56.797,gateio,ACE/USDT:USDT,0.5914,5877.0,0.5913,5332.0,0.5926,198.0,0.5928,342.0
1753600018515,07:06:58.515,gateio,ACE/USDT:USDT,0.5914,7895.0,0.5913,4759.0,0.5926,198.0,0.5928,342.0
1753600019020,07:06:59.020,gateio,ACE/USDT:USDT,0.5914,7895.0,0.5913,1233.0,0.5926,198.0,0.5928,342.0
1753600019407,07:06:59.407,gateio,ACE/USDT:USDT,0.5914,7895.0,0.5912,5416.0,0.5926,198.0,0.5928,342.0
1753600019607,07:06:59.607,gateio,ACE/USDT:USDT,0.5915,3890.0,0.5914,18041.0,0.5926,198.0,0.5928,342.0
1753600019678,07:06:59.678,gateio,ACE/USDT:USDT,0.5915,3890.0,0.5914,12164.0,0.5926,198.0,0.5928,342.0
1753600019834,07:06:59.834,gateio,ACE/USDT:USDT,0.5918,5069.0,0.5917,6394.0,0.5926,198.0,0.5928,342.0
1753600019937,07:06:59.937,gateio,ACE/USDT:USDT,0.592,5067.0,0.5919,4562.0,0.5926,198.0,0.593,1191.0
1753600019979,07:06:59.979,gateio,ACE/USDT:USDT,0.592,5259.0,0.5919,192.0,0.593,1191.0,0.5942,342.0
1753600020124,07:07:00.124,gateio,ACE/USDT:USDT,0.592,5259.0,0.5919,192.0,0.593,1191.0,0.5942,342.0
1753600020232,07:07:00.232,gateio,ACE/USDT:USDT,0.592,5259.0,0.5919,192.0,0.593,1191.0,0.5942,342.0
1753600020321,07:07:00.321,gateio,ACE/USDT:USDT,0.592,5259.0,0.5919,192.0,0.593,1191.0,0.5942,342.0
1753600020341,07:07:00.341,gateio,ACE/USDT:USDT,0.592,5259.0,0.5919,192.0,0.593,1191.0,0.5942,342.0
1753600020514,07:07:00.514,gateio,ACE/USDT:USDT,0.592,5259.0,0.5919,192.0,0.593,1191.0,0.5942,342.0
1753600020615,07:07:00.615,gateio,ACE/USDT:USDT,0.592,5259.0,0.5919,192.0,0.593,1191.0,0.5942,342.0
1753600020731,07:07:00.731,gateio,ACE/USDT:USDT,0.592,5259.0,0.5919,192.0,0.593,1191.0,0.5942,342.0
1753600020820,07:07:00.820,gateio,ACE/USDT:USDT,0.592,6306.0,0.5919,192.0,0.593,1191.0,0.5942,342.0
1753600020846,07:07:00.846,gateio,ACE/USDT:USDT,0.592,7353.0,0.5919,192.0,0.593,1191.0,0.5942,342.0
1753600020991,07:07:00.991,gateio,ACE/USDT:USDT,0.5921,3726.0,0.592,12421.0,0.593,1191.0,0.5942,342.0
1753600021114,07:07:01.114,gateio,ACE/USDT:USDT,0.5921,1009.0,0.592,5163.0,0.593,1287.0,0.5942,342.0
1753600021178,07:07:01.178,gateio,ACE/USDT:USDT,0.592,5163.0,0.5919,96.0,0.593,1287.0,0.5942,342.0
1753600021370,07:07:01.370,gateio,ACE/USDT:USDT,0.592,5163.0,0.5919,96.0,0.593,1287.0,0.5942,342.0
1753600021598,07:07:01.598,gateio,ACE/USDT:USDT,0.592,5163.0,0.5919,96.0,0.593,1287.0,0.5942,342.0
1753600021721,07:07:01.721,gateio,ACE/USDT:USDT,0.592,96.0,0.5919,96.0,0.593,1287.0,0.5942,342.0
1753600021745,07:07:01.745,gateio,ACE/USDT:USDT,0.5915,2736.0,0.5911,342.0,0.593,1287.0,0.5942,342.0
1753600022230,07:07:02.230,gateio,ACE/USDT:USDT,0.5916,15212.0,0.5915,4088.0,0.593,1287.0,0.5942,342.0
1753600022239,07:07:02.239,gateio,ACE/USDT:USDT,0.5917,4564.0,0.5916,15212.0,0.593,1287.0,0.5942,342.0
1753600022484,07:07:02.484,gateio,ACE/USDT:USDT,0.5917,4564.0,0.5916,15212.0,0.593,1287.0,0.5942,342.0
1753600022643,07:07:02.643,gateio,ACE/USDT:USDT,0.5917,4564.0,0.5916,15212.0,0.593,1287.0,0.5942,342.0
1753600023464,07:07:03.464,gateio,ACE/USDT:USDT,0.5917,4564.0,0.5916,15212.0,0.593,1287.0,0.5942,342.0
1753600023880,07:07:03.880,gateio,ACE/USDT:USDT,0.5917,4564.0,0.5916,15212.0,0.593,1287.0,0.5942,342.0
1753600025316,07:07:05.316,gateio,ACE/USDT:USDT,0.5917,5572.0,0.5916,15212.0,0.593,1287.0,0.5942,342.0
1753600025998,07:07:05.998,gateio,ACE/USDT:USDT,0.5917,5572.0,0.5916,15212.0,0.593,6346.0,0.5942,342.0
1753600026325,07:07:06.325,gateio,ACE/USDT:USDT,0.5916,5070.0,0.5915,3078.0,0.593,6346.0,0.5942,342.0
1753600026536,07:07:06.536,gateio,ACE/USDT:USDT,0.5916,5070.0,0.5915,3078.0,0.593,6346.0,0.5942,342.0
1753600026540,07:07:06.540,gateio,ACE/USDT:USDT,0.5916,5070.0,0.5915,3078.0,0.593,6346.0,0.5942,342.0
1753600026708,07:07:06.708,gateio,ACE/USDT:USDT,0.5916,5070.0,0.5915,3078.0,0.593,6346.0,0.5942,342.0
1753600026799,07:07:06.799,gateio,ACE/USDT:USDT,0.5916,5070.0,0.5915,3078.0,0.593,6346.0,0.5942,342.0
1753600026869,07:07:06.869,gateio,ACE/USDT:USDT,0.5916,5070.0,0.5915,3078.0,0.593,6346.0,0.5942,342.0
1753600027124,07:07:07.124,gateio,ACE/USDT:USDT,0.5916,5070.0,0.5915,3078.0,0.593,6346.0,0.5942,342.0
1753600027553,07:07:07.553,gateio,ACE/USDT:USDT,0.5916,5070.0,0.5915,3078.0,0.593,6346.0,0.5942,342.0
1753600028291,07:07:08.291,gateio,ACE/USDT:USDT,0.5916,6162.0,0.5915,3078.0,0.593,6346.0,0.5942,342.0
1753600028388,07:07:08.388,gateio,ACE/USDT:USDT,0.5916,6162.0,0.5915,3078.0,0.593,6346.0,0.5942,342.0
1753600028485,07:07:08.485,gateio,ACE/USDT:USDT,0.5916,6162.0,0.5915,3078.0,0.593,6346.0,0.5942,342.0
1753600029633,07:07:09.633,gateio,ACE/USDT:USDT,0.5916,6162.0,0.5915,3078.0,0.593,6346.0,0.5942,342.0
1753600030379,07:07:10.379,gateio,ACE/USDT:USDT,0.5916,5070.0,0.5915,3078.0,0.593,6346.0,0.5942,342.0
1753600031315,07:07:11.315,gateio,ACE/USDT:USDT,0.5916,5574.0,0.5915,3078.0,0.593,6346.0,0.5942,342.0
1753600031420,07:07:11.420,gateio,ACE/USDT:USDT,0.5916,7172.0,0.5915,3078.0,0.593,6346.0,0.5942,342.0
1753600031479,07:07:11.479,gateio,ACE/USDT:USDT,0.5916,7172.0,0.5915,3078.0,0.593,6346.0,0.5942,342.0
1753600031660,07:07:11.660,gateio,ACE/USDT:USDT,0.5916,7172.0,0.5915,3078.0,0.593,6346.0,0.5942,342.0
1753600031795,07:07:11.795,gateio,ACE/USDT:USDT,0.5916,7172.0,0.5915,3078.0,0.593,6346.0,0.5942,342.0
1753600032323,07:07:12.323,gateio,ACE/USDT:USDT,0.5916,7172.0,0.5915,3078.0,0.593,6346.0,0.5942,342.0
1753600032404,07:07:12.404,gateio,ACE/USDT:USDT,0.5916,5617.0,0.5915,3078.0,0.593,6346.0,0.5942,342.0
1753600032529,07:07:12.529,gateio,ACE/USDT:USDT,0.5917,4589.0,0.5916,15212.0,0.593,6346.0,0.5942,342.0
1753600032899,07:07:12.899,gateio,ACE/USDT:USDT,0.5917,5597.0,0.5916,15212.0,0.593,6346.0,0.5942,342.0
1753600033093,07:07:13.093,gateio,ACE/USDT:USDT,0.5917,5597.0,0.5916,15212.0,0.593,6346.0,0.5942,342.0
1753600033442,07:07:13.442,gateio,ACE/USDT:USDT,0.5917,4589.0,0.5916,15212.0,0.593,6346.0,0.5942,342.0
1753600033745,07:07:13.745,gateio,ACE/USDT:USDT,0.5917,4589.0,0.5916,15212.0,0.593,6346.0,0.5942,342.0
1753600034070,07:07:14.070,gateio,ACE/USDT:USDT,0.5917,10644.0,0.5916,5575.0,0.593,6346.0,0.5942,342.0
1753600034219,07:07:14.219,gateio,ACE/USDT:USDT,0.5918,5069.0,0.5917,10644.0,0.593,6346.0,0.5942,342.0
1753600034425,07:07:14.425,gateio,ACE/USDT:USDT,0.5918,5069.0,0.5917,10140.0,0.593,6346.0,0.5942,342.0
1753600034593,07:07:14.593,gateio,ACE/USDT:USDT,0.5918,5069.0,0.5917,10140.0,0.593,6346.0,0.5942,342.0
1753600035109,07:07:15.109,gateio,ACE/USDT:USDT,0.5918,5069.0,0.5915,3078.0,0.593,6346.0,0.5942,342.0
1753600035418,07:07:15.418,gateio,ACE/USDT:USDT,0.5918,5069.0,0.5915,3078.0,0.593,6346.0,0.5942,342.0
1753600038247,07:07:18.247,gateio,ACE/USDT:USDT,0.5918,6228.0,0.5915,3078.0,0.593,6346.0,0.5942,342.0
1753600038656,07:07:18.656,gateio,ACE/USDT:USDT,0.5918,6228.0,0.5915,3078.0,0.593,6346.0,0.5942,342.0
1753600038788,07:07:18.788,gateio,ACE/USDT:USDT,0.5918,6228.0,0.5915,3078.0,0.593,6346.0,0.5942,342.0
1753600039071,07:07:19.071,gateio,ACE/USDT:USDT,0.5918,6228.0,0.5915,3078.0,0.593,6346.0,0.5942,342.0
1753600039517,07:07:19.517,gateio,ACE/USDT:USDT,0.5918,6228.0,0.5915,3078.0,0.593,6346.0,0.5942,342.0
1753600039701,07:07:19.701,gateio,ACE/USDT:USDT,0.5918,6228.0,0.5915,3078.0,0.593,6346.0,0.5942,342.0
1753600040029,07:07:20.029,gateio,ACE/USDT:USDT,0.5918,6228.0,0.5915,3078.0,0.593,6346.0,0.5942,342.0
1753600040997,07:07:20.997,gateio,ACE/USDT:USDT,0.5918,6228.0,0.5915,3078.0,0.593,6346.0,0.5942,342.0
1753600041182,07:07:21.182,gateio,ACE/USDT:USDT,0.5918,6228.0,0.5915,3078.0,0.593,6346.0,0.5942,342.0
1753600042008,07:07:22.008,gateio,ACE/USDT:USDT,0.5918,6228.0,0.5915,3078.0,0.593,6346.0,0.5942,342.0
1753600042691,07:07:22.691,gateio,ACE/USDT:USDT,0.5918,6228.0,0.5915,3078.0,0.593,6346.0,0.5942,342.0
1753600043336,07:07:23.336,gateio,ACE/USDT:USDT,0.5918,6228.0,0.5915,3078.0,0.593,6346.0,0.5942,342.0
1753600043507,07:07:23.507,gateio,ACE/USDT:USDT,0.5918,6228.0,0.5915,3078.0,0.593,6346.0,0.5942,342.0
1753600043613,07:07:23.613,gateio,ACE/USDT:USDT,0.5918,6228.0,0.5915,3078.0,0.593,6346.0,0.5942,342.0
1753600044204,07:07:24.204,gateio,ACE/USDT:USDT,0.5918,6228.0,0.5915,3078.0,0.593,6346.0,0.5942,342.0
1753600044513,07:07:24.513,gateio,ACE/USDT:USDT,0.5918,6228.0,0.5915,3078.0,0.593,6346.0,0.5942,342.0
1753600050234,07:07:30.234,gateio,ACE/USDT:USDT,0.5918,5069.0,0.5915,3078.0,0.593,6346.0,0.5942,342.0
1753600050244,07:07:30.244,gateio,ACE/USDT:USDT,0.5918,5069.0,0.5915,3078.0,0.593,6346.0,0.5942,342.0
1753600050427,07:07:30.427,gateio,ACE/USDT:USDT,0.5918,5069.0,0.5915,3078.0,0.593,6346.0,0.5942,342.0
1753600050482,07:07:30.482,gateio,ACE/USDT:USDT,0.5918,5069.0,0.5915,3078.0,0.593,6346.0,0.5942,342.0
1753600051724,07:07:31.724,gateio,ACE/USDT:USDT,0.5918,5069.0,0.5915,3078.0,0.593,6346.0,0.5942,342.0
1753600051799,07:07:31.799,gateio,ACE/USDT:USDT,0.5918,5069.0,0.5915,3078.0,0.593,6346.0,0.5942,342.0
1753600052418,07:07:32.418,gateio,ACE/USDT:USDT,0.5918,5069.0,0.5915,3078.0,0.593,6346.0,0.5942,342.0
1753600052565,07:07:32.565,gateio,ACE/USDT:USDT,0.5918,5069.0,0.5915,3078.0,0.593,6346.0,0.5942,342.0
1753600052935,07:07:32.935,gateio,ACE/USDT:USDT,0.5919,4562.0,0.5918,16052.0,0.593,6346.0,0.5942,342.0
1753600052989,07:07:32.989,gateio,ACE/USDT:USDT,0.5919,4562.0,0.5918,16052.0,0.593,6346.0,0.5942,342.0
1753600053185,07:07:33.185,gateio,ACE/USDT:USDT,0.5918,5914.0,0.5915,3078.0,0.593,6346.0,0.5942,342.0
1753600053411,07:07:33.411,gateio,ACE/USDT:USDT,0.5918,5914.0,0.5915,3078.0,0.593,6346.0,0.5942,342.0
1753600053559,07:07:33.559,gateio,ACE/USDT:USDT,0.5919,4816.0,0.5918,16052.0,0.593,6346.0,0.5942,342.0
1753600053834,07:07:33.834,gateio,ACE/USDT:USDT,0.5919,4816.0,0.5918,16052.0,0.593,6346.0,0.5942,342.0
1753600054349,07:07:34.349,gateio,ACE/USDT:USDT,0.5919,4816.0,0.5918,16052.0,0.593,6346.0,0.5942,342.0
1753600054659,07:07:34.659,gateio,ACE/USDT:USDT,0.5919,4816.0,0.5918,16052.0,0.593,6346.0,0.5942,342.0
1753600055809,07:07:35.809,gateio,ACE/USDT:USDT,0.5919,4816.0,0.5918,16052.0,0.593,6346.0,0.5942,342.0
1753600055959,07:07:35.959,gateio,ACE/USDT:USDT,0.5918,5914.0,0.5915,3078.0,0.593,6346.0,0.5942,342.0
1753600056100,07:07:36.100,gateio,ACE/USDT:USDT,0.5919,4562.0,0.5918,16052.0,0.593,6346.0,0.5942,342.0
1753600057222,07:07:37.222,gateio,ACE/USDT:USDT,0.5919,4562.0,0.5918,16052.0,0.593,1191.0,0.5942,342.0
1753600057262,07:07:37.262,gateio,ACE/USDT:USDT,0.5918,5914.0,0.5915,3078.0,0.593,1191.0,0.5942,342.0
1753600057518,07:07:37.518,gateio,ACE/USDT:USDT,0.5918,5914.0,0.5915,3078.0,0.593,1191.0,0.5942,342.0
1753600057722,07:07:37.722,gateio,ACE/USDT:USDT,0.5919,3880.0,0.5918,5914.0,0.593,1191.0,0.5942,342.0
1753600058150,07:07:38.150,gateio,ACE/USDT:USDT,0.5919,3880.0,0.5918,5914.0,0.593,1191.0,0.5942,342.0
1753600058280,07:07:38.280,gateio,ACE/USDT:USDT,0.5919,3880.0,0.5918,5914.0,0.593,1191.0,0.5942,342.0
1753600058502,07:07:38.502,gateio,ACE/USDT:USDT,0.5919,3880.0,0.5918,5914.0,0.593,1191.0,0.5942,342.0
1753600058773,07:07:38.773,gateio,ACE/USDT:USDT,0.5919,3880.0,0.5918,5914.0,0.593,1191.0,0.5942,342.0
1753600059447,07:07:39.447,gateio,ACE/USDT:USDT,0.5919,3919.0,0.5918,5069.0,0.593,1191.0,0.5942,342.0
1753600059590,07:07:39.590,gateio,ACE/USDT:USDT,0.5919,4462.0,0.5918,5069.0,0.593,1191.0,0.5942,342.0
1753600060218,07:07:40.218,gateio,ACE/USDT:USDT,0.5919,9530.0,0.5915,3078.0,0.593,1191.0,0.5942,342.0
1753600060265,07:07:40.265,gateio,ACE/USDT:USDT,0.592,4379.0,0.5919,14598.0,0.593,1191.0,0.5942,342.0
1753600060417,07:07:40.417,gateio,ACE/USDT:USDT,0.592,4379.0,0.5919,19084.0,0.593,1191.0,0.5942,342.0
1753600060521,07:07:40.521,gateio,ACE/USDT:USDT,0.592,4379.0,0.5919,15204.0,0.593,1191.0,0.5942,342.0
1753600060654,07:07:40.654,gateio,ACE/USDT:USDT,0.592,6442.0,0.5919,15204.0,0.593,1191.0,0.5942,342.0
1753600060868,07:07:40.868,gateio,ACE/USDT:USDT,0.592,5224.0,0.5919,15204.0,0.593,1191.0,0.5942,342.0
1753600060944,07:07:40.944,gateio,ACE/USDT:USDT,0.592,7576.0,0.5919,15204.0,0.593,1191.0,0.5942,342.0
1753600061210,07:07:41.210,gateio,ACE/USDT:USDT,0.592,5224.0,0.5919,15204.0,0.593,1191.0,0.5942,342.0
1753600061560,07:07:41.560,gateio,ACE/USDT:USDT,0.592,5224.0,0.5919,15204.0,0.593,1191.0,0.5942,342.0
1753600061972,07:07:41.972,gateio,ACE/USDT:USDT,0.592,6489.0,0.5919,15204.0,0.593,1191.0,0.5942,342.0
1753600062251,07:07:42.251,gateio,ACE/USDT:USDT,0.592,7754.0,0.5919,15204.0,0.593,1191.0,0.5942,342.0
1753600063258,07:07:43.258,gateio,ACE/USDT:USDT,0.592,7754.0,0.5919,15204.0,0.593,1191.0,0.5942,342.0
1753600063732,07:07:43.732,gateio,ACE/USDT:USDT,0.592,7754.0,0.5919,15204.0,0.593,1191.0,0.5942,342.0
1753600065483,07:07:45.483,gateio,ACE/USDT:USDT,0.592,7754.0,0.5919,15204.0,0.593,1191.0,0.5942,342.0
1753600065693,07:07:45.693,gateio,ACE/USDT:USDT,0.592,7754.0,0.5919,15204.0,0.593,1191.0,0.5942,342.0
1753600067427,07:07:47.427,gateio,ACE/USDT:USDT,0.592,7320.0,0.5919,15204.0,0.593,1191.0,0.5942,342.0
1753600067818,07:07:47.818,gateio,ACE/USDT:USDT,0.592,7320.0,0.5919,15204.0,0.593,1191.0,0.5942,342.0
1753600067979,07:07:47.979,gateio,ACE/USDT:USDT,0.592,5302.0,0.5919,15204.0,0.593,1191.0,0.5942,342.0
1753600068320,07:07:48.320,gateio,ACE/USDT:USDT,0.592,5224.0,0.5919,15204.0,0.593,1191.0,0.5942,342.0
1753600068610,07:07:48.610,gateio,ACE/USDT:USDT,0.592,5302.0,0.5919,15204.0,0.593,1191.0,0.5942,342.0
1753600069419,07:07:49.419,gateio,ACE/USDT:USDT,0.592,5224.0,0.5919,15204.0,0.593,1191.0,0.5942,342.0
1753600069551,07:07:49.551,gateio,ACE/USDT:USDT,0.592,5302.0,0.5919,15204.0,0.593,1191.0,0.5942,342.0
1753600070440,07:07:50.440,gateio,ACE/USDT:USDT,0.592,5224.0,0.5919,15204.0,0.593,1191.0,0.5942,342.0
1753600070620,07:07:50.620,gateio,ACE/USDT:USDT,0.592,5302.0,0.5919,15204.0,0.593,1191.0,0.5942,342.0
1753600070944,07:07:50.944,gateio,ACE/USDT:USDT,0.592,5224.0,0.5919,15204.0,0.593,1191.0,0.5942,342.0
1753600071641,07:07:51.641,gateio,ACE/USDT:USDT,0.592,5302.0,0.5919,15204.0,0.593,1191.0,0.5942,342.0
1753600072117,07:07:52.117,gateio,ACE/USDT:USDT,0.592,5224.0,0.5919,15204.0,0.593,1191.0,0.5942,342.0
1753600072323,07:07:52.323,gateio,ACE/USDT:USDT,0.592,845.0,0.5919,5068.0,0.593,1191.0,0.5942,342.0
1753600072612,07:07:52.612,gateio,ACE/USDT:USDT,0.592,923.0,0.5919,5068.0,0.593,1191.0,0.5942,342.0
1753600072757,07:07:52.757,gateio,ACE/USDT:USDT,0.592,923.0,0.5919,5068.0,0.593,1191.0,0.5942,342.0
1753600073041,07:07:53.041,gateio,ACE/USDT:USDT,0.592,923.0,0.5919,5068.0,0.593,1191.0,0.5942,342.0
1753600073139,07:07:53.139,gateio,ACE/USDT:USDT,0.592,923.0,0.5919,5068.0,0.593,1191.0,0.5942,342.0
1753600073857,07:07:53.857,gateio,ACE/USDT:USDT,0.592,923.0,0.5919,5068.0,0.593,1191.0,0.5942,342.0
1753600074135,07:07:54.135,gateio,ACE/USDT:USDT,0.592,11059.0,0.5919,5068.0,0.593,1191.0,0.5942,342.0
1753600077505,07:07:57.505,gateio,ACE/USDT:USDT,0.5921,3620.0,0.592,12067.0,0.593,1191.0,0.5942,342.0
1753600077674,07:07:57.674,gateio,ACE/USDT:USDT,0.5921,3620.0,0.592,11222.0,0.593,1191.0,0.5942,342.0
1753600077884,07:07:57.884,gateio,ACE/USDT:USDT,0.5921,3620.0,0.592,11222.0,0.593,1191.0,0.5942,342.0
1753600078310,07:07:58.310,gateio,ACE/USDT:USDT,0.5921,3620.0,0.592,10136.0,0.593,1191.0,0.5942,342.0
1753600078510,07:07:58.510,gateio,ACE/USDT:USDT,0.5921,4706.0,0.592,10136.0,0.593,1191.0,0.5942,342.0
1753600078746,07:07:58.746,gateio,ACE/USDT:USDT,0.5921,4706.0,0.592,10136.0,0.593,1191.0,0.5942,342.0
1753600079134,07:07:59.134,gateio,ACE/USDT:USDT,0.5921,4706.0,0.5919,5068.0,0.593,1191.0,0.5942,342.0
1753600079139,07:07:59.139,gateio,ACE/USDT:USDT,0.5921,1086.0,0.5919,5068.0,0.593,1191.0,0.5942,342.0
1753600079599,07:07:59.599,gateio,ACE/USDT:USDT,0.5921,1086.0,0.5919,5068.0,0.593,1191.0,0.5942,342.0
1753600079999,07:07:59.999,gateio,ACE/USDT:USDT,0.5921,1086.0,0.5919,5068.0,0.593,1191.0,0.5942,342.0
1753600080387,07:08:00.387,gateio,ACE/USDT:USDT,0.5921,1930.0,0.5919,5068.0,0.593,1191.0,0.5942,342.0
1753600080571,07:08:00.571,gateio,ACE/USDT:USDT,0.5921,844.0,0.5919,5068.0,0.593,1191.0,0.5942,342.0
1753600080821,07:08:00.821,gateio,ACE/USDT:USDT,0.5921,844.0,0.5919,5068.0,0.593,1191.0,0.5942,342.0
1753600081335,07:08:01.335,gateio,ACE/USDT:USDT,0.5921,844.0,0.5919,5068.0,0.593,1191.0,0.5942,342.0
1753600082094,07:08:02.094,gateio,ACE/USDT:USDT,0.5921,844.0,0.5919,5068.0,0.593,1191.0,0.5942,342.0
1753600082780,07:08:02.780,gateio,ACE/USDT:USDT,0.5919,5068.0,0.5916,342.0,0.593,6250.0,0.5942,342.0
1753600082858,07:08:02.858,gateio,ACE/USDT:USDT,0.5919,5068.0,0.5916,342.0,0.593,6250.0,0.5942,342.0
1753600083026,07:08:03.026,gateio,ACE/USDT:USDT,0.5919,5068.0,0.5916,342.0,0.593,6250.0,0.5942,342.0
1753600083365,07:08:03.365,gateio,ACE/USDT:USDT,0.5918,3617.0,0.5917,12058.0,0.5929,5059.0,0.593,1191.0
1753600083717,07:08:03.717,gateio,ACE/USDT:USDT,0.5918,3617.0,0.5916,342.0,0.5929,5059.0,0.593,1191.0
1753600083798,07:08:03.798,gateio,ACE/USDT:USDT,0.5915,7827.0,0.5908,342.0,0.5929,5059.0,0.593,1533.0
1753600083850,07:08:03.850,gateio,ACE/USDT:USDT,0.5915,7827.0,0.5908,342.0,0.5929,5059.0,0.593,1533.0
1753600084124,07:08:04.124,gateio,ACE/USDT:USDT,0.5915,7827.0,0.5908,342.0,0.5929,5059.0,0.593,1533.0
1753600084400,07:08:04.400,gateio,ACE/USDT:USDT,0.5915,7827.0,0.5908,342.0,0.5929,5059.0,0.593,1533.0
1753600084459,07:08:04.459,gateio,ACE/USDT:USDT,0.5915,7827.0,0.5908,342.0,0.5929,5059.0,0.593,1533.0
1753600084554,07:08:04.554,gateio,ACE/USDT:USDT,0.5915,7827.0,0.5908,342.0,0.5929,5059.0,0.593,1533.0
1753600085177,07:08:05.177,gateio,ACE/USDT:USDT,0.5916,11137.0,0.5915,8672.0,0.5929,5059.0,0.593,1533.0
1753600085619,07:08:05.619,gateio,ACE/USDT:USDT,0.5916,16782.0,0.5915,18816.0,0.5929,5059.0,0.593,1191.0
1753600085699,07:08:05.699,gateio,ACE/USDT:USDT,0.5916,15260.0,0.5915,13744.0,0.5929,5059.0,0.593,1191.0
1753600085801,07:08:05.801,gateio,ACE/USDT:USDT,0.5916,15260.0,0.5915,13744.0,0.5929,5059.0,0.593,1191.0
1753600085932,07:08:05.932,gateio,ACE/USDT:USDT,0.5916,15260.0,0.5915,8672.0,0.5929,5059.0,0.593,1191.0
1753600085992,07:08:05.992,gateio,ACE/USDT:USDT,0.5916,11137.0,0.5915,8672.0,0.5929,5059.0,0.593,1191.0
1753600086635,07:08:06.635,gateio,ACE/USDT:USDT,0.5916,11137.0,0.5915,8672.0,0.5929,5059.0,0.593,1191.0
1753600086720,07:08:06.720,gateio,ACE/USDT:USDT,0.5916,11137.0,0.5915,7827.0,0.5929,5059.0,0.593,1191.0
1753600086981,07:08:06.981,gateio,ACE/USDT:USDT,0.5916,11137.0,0.5915,7827.0,0.5929,5059.0,0.593,1191.0
1753600088324,07:08:08.324,gateio,ACE/USDT:USDT,0.5916,11157.0,0.5915,7807.0,0.5929,5059.0,0.593,1191.0
1753600089006,07:08:09.006,gateio,ACE/USDT:USDT,0.5916,11157.0,0.5915,7807.0,0.5929,5059.0,0.593,1191.0
1753600089614,07:08:09.614,gateio,ACE/USDT:USDT,0.5916,11157.0,0.5915,7807.0,0.5929,5059.0,0.593,1191.0
1753600089947,07:08:09.947,gateio,ACE/USDT:USDT,0.5916,11157.0,0.5915,7807.0,0.5929,5059.0,0.593,1191.0
1753600090242,07:08:10.242,gateio,ACE/USDT:USDT,0.5916,11147.0,0.5915,7807.0,0.5929,5059.0,0.593,1191.0
1753600091305,07:08:11.305,gateio,ACE/USDT:USDT,0.5916,11147.0,0.5915,7807.0,0.5929,5059.0,0.593,1191.0
1753600091832,07:08:11.832,gateio,ACE/USDT:USDT,0.5916,11147.0,0.5915,7807.0,0.5929,5059.0,0.593,1191.0
1753600092054,07:08:12.054,gateio,ACE/USDT:USDT,0.5916,11147.0,0.5915,7807.0,0.5929,5059.0,0.593,1191.0
1753600092301,07:08:12.301,gateio,ACE/USDT:USDT,0.5916,11147.0,0.5915,7807.0,0.5929,5059.0,0.593,1191.0
1753600093897,07:08:13.897,gateio,ACE/USDT:USDT,0.5916,11147.0,0.5915,7807.0,0.5929,5059.0,0.593,1191.0
1753600093985,07:08:13.985,gateio,ACE/USDT:USDT,0.5916,11147.0,0.5915,7807.0,0.5929,5059.0,0.593,1191.0
1753600094795,07:08:14.795,gateio,ACE/USDT:USDT,0.5916,11147.0,0.5915,7807.0,0.5929,5059.0,0.593,1191.0
1753600094914,07:08:14.914,gateio,ACE/USDT:USDT,0.5916,11147.0,0.5915,5071.0,0.5929,5059.0,0.593,1191.0
1753600095068,07:08:15.068,gateio,ACE/USDT:USDT,0.5916,11147.0,0.5915,5071.0,0.5929,5059.0,0.593,1191.0
1753600095905,07:08:15.905,gateio,ACE/USDT:USDT,0.5916,11137.0,0.5915,5071.0,0.5929,5059.0,0.593,1191.0
1753600098753,07:08:18.753,gateio,ACE/USDT:USDT,0.5916,11137.0,0.5915,5071.0,0.5929,5059.0,0.593,1191.0
1753600099173,07:08:19.173,gateio,ACE/USDT:USDT,0.5917,4508.0,0.5916,21279.0,0.5929,5059.0,0.593,1191.0
1753600099533,07:08:19.533,gateio,ACE/USDT:USDT,0.5917,4508.0,0.5916,11137.0,0.5929,5059.0,0.593,1191.0
1753600099621,07:08:19.621,gateio,ACE/USDT:USDT,0.5915,5071.0,0.5909,342.0,0.5929,5059.0,0.593,1533.0
1753600100624,07:08:20.624,gateio,ACE/USDT:USDT,0.5915,5071.0,0.5909,342.0,0.5929,5059.0,0.593,1533.0
1753600100724,07:08:20.724,gateio,ACE/USDT:USDT,0.5915,5081.0,0.5909,342.0,0.5929,5059.0,0.593,1533.0
1753600100790,07:08:20.790,gateio,ACE/USDT:USDT,0.5915,5081.0,0.5909,342.0,0.5929,5059.0,0.593,1533.0
1753600101015,07:08:21.015,gateio,ACE/USDT:USDT,0.5916,4568.0,0.5915,15225.0,0.5929,5059.0,0.593,1191.0
1753600101618,07:08:21.618,gateio,ACE/USDT:USDT,0.5916,4568.0,0.5915,15225.0,0.5929,5059.0,0.593,1191.0
1753600102666,07:08:22.666,gateio,ACE/USDT:USDT,0.5916,4568.0,0.5915,15215.0,0.5929,5059.0,0.593,1191.0
1753600102942,07:08:22.942,gateio,ACE/USDT:USDT,0.5916,4578.0,0.5915,15215.0,0.5929,5059.0,0.593,1191.0
1753600105474,07:08:25.474,gateio,ACE/USDT:USDT,0.5916,4578.0,0.5915,15215.0,0.5929,5059.0,0.593,1191.0
1753600105714,07:08:25.714,gateio,ACE/USDT:USDT,0.5916,4578.0,0.5915,15215.0,0.5929,5059.0,0.593,1191.0
1753600105929,07:08:25.929,gateio,ACE/USDT:USDT,0.5916,10.0,0.5915,5071.0,0.5929,5059.0,0.593,1533.0
1753600106275,07:08:26.275,gateio,ACE/USDT:USDT,0.5916,10.0,0.5915,5071.0,0.5929,5059.0,0.593,1533.0
1753600106419,07:08:26.419,gateio,ACE/USDT:USDT,0.5916,10.0,0.5915,5071.0,0.5929,5059.0,0.593,1533.0
1753600106598,07:08:26.598,gateio,ACE/USDT:USDT,0.5916,10.0,0.5915,5071.0,0.5929,5059.0,0.593,1533.0
1753600106653,07:08:26.653,gateio,ACE/USDT:USDT,0.5916,10152.0,0.5915,5071.0,0.5929,5059.0,0.593,1191.0
1753600106758,07:08:26.758,gateio,ACE/USDT:USDT,0.5916,10152.0,0.5915,5071.0,0.5929,5059.0,0.593,1191.0
1753600107841,07:08:27.841,gateio,ACE/USDT:USDT,0.5916,10152.0,0.5915,5071.0,0.5929,5059.0,0.593,1191.0
1753600111141,07:08:31.141,gateio,ACE/USDT:USDT,0.5916,10152.0,0.5915,5071.0,0.5929,5059.0,0.593,1191.0
1753600111890,07:08:31.890,gateio,ACE/USDT:USDT,0.5916,10152.0,0.5915,5071.0,0.5929,5059.0,0.593,1191.0
1753600112611,07:08:32.611,gateio,ACE/USDT:USDT,0.5916,10162.0,0.5915,5071.0,0.5929,5059.0,0.593,1191.0
1753600113754,07:08:33.754,gateio,ACE/USDT:USDT,0.5916,11007.0,0.5915,5071.0,0.5929,5059.0,0.593,1191.0
1753600114616,07:08:34.616,gateio,ACE/USDT:USDT,0.5916,10162.0,0.5915,5071.0,0.5929,5059.0,0.593,1191.0
1753600115549,07:08:35.549,gateio,ACE/USDT:USDT,0.5916,11007.0,0.5915,5071.0,0.5929,5059.0,0.593,1191.0
1753600115844,07:08:35.844,gateio,ACE/USDT:USDT,0.5916,11007.0,0.5915,5071.0,0.5929,5059.0,0.593,1191.0
1753600118233,07:08:38.233,gateio,ACE/USDT:USDT,0.5916,10142.0,0.5915,5071.0,0.5929,5059.0,0.593,1191.0
1753600118258,07:08:38.258,gateio,ACE/USDT:USDT,0.5916,10142.0,0.5915,5071.0,0.5929,5059.0,0.593,1191.0
1753600119173,07:08:39.173,gateio,ACE/USDT:USDT,0.5916,10142.0,0.5915,5071.0,0.5929,5059.0,0.593,1191.0
1753600119926,07:08:39.926,gateio,ACE/USDT:USDT,0.5917,3774.0,0.5916,5071.0,0.5929,5059.0,0.593,1191.0
1753600123496,07:08:43.496,gateio,ACE/USDT:USDT,0.5917,3774.0,0.5916,5071.0,0.5929,5059.0,0.593,1191.0
1753600125634,07:08:45.634,gateio,ACE/USDT:USDT,0.5926,2.0,0.5917,3774.0,0.5929,5251.0,0.593,1383.0
1753600125717,07:08:45.717,gateio,ACE/USDT:USDT,0.5915,5071.0,0.5909,342.0,0.5929,5251.0,0.593,1725.0
1753600125989,07:08:45.989,gateio,ACE/USDT:USDT,0.5915,5071.0,0.5909,342.0,0.5929,5251.0,0.593,1725.0
1753600126842,07:08:46.842,gateio,ACE/USDT:USDT,0.5915,5071.0,0.5909,342.0,0.5929,5251.0,0.593,1725.0
1753600127124,07:08:47.124,gateio,ACE/USDT:USDT,0.5915,15215.0,0.5909,342.0,0.5929,5251.0,0.593,1725.0
1753600127139,07:08:47.139,gateio,ACE/USDT:USDT,0.5916,4565.0,0.5915,15215.0,0.5929,5251.0,0.593,1725.0
1753600127272,07:08:47.272,gateio,ACE/USDT:USDT,0.5916,4565.0,0.5915,15215.0,0.5929,5251.0,0.593,1725.0
1753600127523,07:08:47.523,gateio,ACE/USDT:USDT,0.5916,4565.0,0.5915,15215.0,0.5929,5251.0,0.593,1725.0
1753600127693,07:08:47.693,gateio,ACE/USDT:USDT,0.5916,4565.0,0.5915,15215.0,0.5929,5251.0,0.593,1725.0
1753600129631,07:08:49.631,gateio,ACE/USDT:USDT,0.5916,4565.0,0.5915,15215.0,0.5929,5251.0,0.593,1725.0
1753600129663,07:08:49.663,gateio,ACE/USDT:USDT,0.5916,4565.0,0.5915,15215.0,0.5929,5251.0,0.593,1725.0
1753600130750,07:08:50.750,gateio,ACE/USDT:USDT,0.5916,4565.0,0.5915,15215.0,0.5929,5251.0,0.593,1725.0
1753600131085,07:08:51.085,gateio,ACE/USDT:USDT,0.5916,4565.0,0.5915,15215.0,0.5929,5251.0,0.593,1725.0
1753600136424,07:08:56.424,gateio,ACE/USDT:USDT,0.5916,4565.0,0.5915,15215.0,0.5929,5251.0,0.593,1725.0
1753600136520,07:08:56.520,gateio,ACE/USDT:USDT,0.5916,4565.0,0.5915,15215.0,0.5929,5251.0,0.593,1725.0
1753600136596,07:08:56.596,gateio,ACE/USDT:USDT,0.5916,4565.0,0.5915,15215.0,0.5929,5251.0,0.593,1383.0
1753600137157,07:08:57.157,gateio,ACE/USDT:USDT,0.5916,4565.0,0.5915,15215.0,0.5929,5251.0,0.593,1383.0
1753600137802,07:08:57.802,gateio,ACE/USDT:USDT,0.5916,4565.0,0.5915,15215.0,0.5929,5251.0,0.593,1383.0
1753600138231,07:08:58.231,gateio,ACE/USDT:USDT,0.5916,4565.0,0.5915,15215.0,0.5929,5251.0,0.593,1383.0
1753600138305,07:08:58.305,gateio,ACE/USDT:USDT,0.5916,5070.0,0.5915,10144.0,0.5929,5251.0,0.593,1383.0
1753600138345,07:08:58.345,gateio,ACE/USDT:USDT,0.5916,5070.0,0.5915,10144.0,0.5929,5251.0,0.593,1383.0
1753600139028,07:08:59.028,gateio,ACE/USDT:USDT,0.5916,5070.0,0.5915,10144.0,0.5929,5251.0,0.593,1383.0
1753600139336,07:08:59.336,gateio,ACE/USDT:USDT,0.5916,5915.0,0.5915,10144.0,0.5929,5251.0,0.593,1383.0
1753600140067,07:09:00.067,gateio,ACE/USDT:USDT,0.5916,5915.0,0.5909,342.0,0.5929,5251.0,0.593,1383.0
1753600140299,07:09:00.299,gateio,ACE/USDT:USDT,0.5916,5915.0,0.5909,9896.0,0.5929,5251.0,0.593,1383.0
1753600140415,07:09:00.415,gateio,ACE/USDT:USDT,0.5916,10986.0,0.5909,9896.0,0.5929,5251.0,0.593,1383.0
1753600140666,07:09:00.666,gateio,ACE/USDT:USDT,0.5916,10986.0,0.5909,9896.0,0.5929,5251.0,0.593,1383.0
1753600141171,07:09:01.171,gateio,ACE/USDT:USDT,0.5916,5915.0,0.5909,9896.0,0.5929,5251.0,0.593,1383.0
1753600144097,07:09:04.097,gateio,ACE/USDT:USDT,0.5917,5070.0,0.5909,9896.0,0.5929,5251.0,0.593,1383.0
1753600144208,07:09:04.208,gateio,ACE/USDT:USDT,0.5917,5070.0,0.5909,9896.0,0.5929,5251.0,0.593,1383.0
1753600144341,07:09:04.341,gateio,ACE/USDT:USDT,0.5917,5070.0,0.5909,9896.0,0.5929,5251.0,0.593,1383.0
1753600146299,07:09:06.299,gateio,ACE/USDT:USDT,0.5917,5070.0,0.591,5763.0,0.5929,5251.0,0.593,1383.0
1753600146762,07:09:06.762,gateio,ACE/USDT:USDT,0.5917,5070.0,0.591,5763.0,0.5929,5251.0,0.593,1383.0
1753600148479,07:09:08.479,gateio,ACE/USDT:USDT,0.5917,5070.0,0.5911,342.0,0.5929,5155.0,0.593,1287.0
1753600148572,07:09:08.572,gateio,ACE/USDT:USDT,0.5917,6751.0,0.5911,342.0,0.5929,5155.0,0.593,1287.0
1753600148680,07:09:08.680,gateio,ACE/USDT:USDT,0.5917,6751.0,0.5911,342.0,0.5929,5155.0,0.593,1287.0
1753600148831,07:09:08.831,gateio,ACE/USDT:USDT,0.5917,6751.0,0.5913,9553.0,0.5929,5155.0,0.593,1287.0
1753600148857,07:09:08.857,gateio,ACE/USDT:USDT,0.5917,6751.0,0.5914,342.0,0.5929,5155.0,0.593,1287.0
1753600149008,07:09:09.008,gateio,ACE/USDT:USDT,0.5917,5112.0,0.5914,342.0,0.5929,5155.0,0.593,1287.0
1753600149063,07:09:09.063,gateio,ACE/USDT:USDT,0.5917,5957.0,0.5914,342.0,0.5929,5155.0,0.593,1287.0
1753600149279,07:09:09.279,gateio,ACE/USDT:USDT,0.5917,5957.0,0.5914,342.0,0.5929,5155.0,0.593,1287.0
1753600150025,07:09:10.025,gateio,ACE/USDT:USDT,0.5917,5957.0,0.5914,342.0,0.5929,5155.0,0.593,1287.0
1753600150880,07:09:10.880,gateio,ACE/USDT:USDT,0.5917,5957.0,0.5914,342.0,0.5929,5155.0,0.593,1287.0
1753600151274,07:09:11.274,gateio,ACE/USDT:USDT,0.5917,5957.0,0.5914,342.0,0.5929,5155.0,0.593,1287.0
1753600151863,07:09:11.863,gateio,ACE/USDT:USDT,0.5917,7647.0,0.5914,342.0,0.5929,5155.0,0.593,1287.0
1753600152433,07:09:12.433,gateio,ACE/USDT:USDT,0.5917,7647.0,0.5914,342.0,0.5929,5155.0,0.593,1287.0
1753600153850,07:09:13.850,gateio,ACE/USDT:USDT,0.5917,8256.0,0.5914,342.0,0.5929,5155.0,0.593,1287.0
1753600154874,07:09:14.874,gateio,ACE/USDT:USDT,0.5917,9101.0,0.5914,342.0,0.5929,5155.0,0.593,1287.0
1753600155966,07:09:15.966,gateio,ACE/USDT:USDT,0.5917,9101.0,0.5914,342.0,0.5929,5155.0,0.593,1287.0
1753600158305,07:09:18.305,gateio,ACE/USDT:USDT,0.5917,7647.0,0.5914,342.0,0.5929,5155.0,0.593,1287.0
1753600158815,07:09:18.815,gateio,ACE/USDT:USDT,0.5917,5957.0,0.5914,342.0,0.5929,5155.0,0.593,1287.0
1753600158872,07:09:18.872,gateio,ACE/USDT:USDT,0.5917,5915.0,0.5914,342.0,0.5929,5155.0,0.593,1287.0
1753600159009,07:09:19.009,gateio,ACE/USDT:USDT,0.5917,7384.0,0.5914,342.0,0.5929,5155.0,0.593,1287.0
1753600160230,07:09:20.230,gateio,ACE/USDT:USDT,0.5917,5915.0,0.591,342.0,0.5929,5155.0,0.593,1287.0
1753600160278,07:09:20.278,gateio,ACE/USDT:USDT,0.5917,5070.0,0.591,342.0,0.5929,5155.0,0.593,1287.0
1753600160360,07:09:20.360,gateio,ACE/USDT:USDT,0.5917,5070.0,0.591,342.0,0.5929,5155.0,0.593,1287.0
1753600160908,07:09:20.908,gateio,ACE/USDT:USDT,0.5917,5070.0,0.591,342.0,0.5929,5155.0,0.593,1287.0
1753600161330,07:09:21.330,gateio,ACE/USDT:USDT,0.5911,5075.0,0.591,1670.0,0.5928,342.0,0.5929,5155.0
1753600161392,07:09:21.392,gateio,ACE/USDT:USDT,0.5913,5073.0,0.5912,1342.0,0.5929,5497.0,0.593,1287.0
1753600161532,07:09:21.532,gateio,ACE/USDT:USDT,0.5913,15221.0,0.5912,1342.0,0.5929,5497.0,0.593,1287.0
1753600161633,07:09:21.633,gateio,ACE/USDT:USDT,0.5913,5433.0,0.5912,342.0,0.5929,5497.0,0.593,1287.0
1753600161726,07:09:21.726,gateio,ACE/USDT:USDT,0.5913,5433.0,0.5912,342.0,0.5929,5497.0,0.593,1287.0
1753600162021,07:09:22.021,gateio,ACE/USDT:USDT,0.5913,5433.0,0.5912,342.0,0.5929,5497.0,0.593,1287.0
1753600162945,07:09:22.945,gateio,ACE/USDT:USDT,0.5913,5433.0,0.5912,342.0,0.5929,5497.0,0.593,1287.0
1753600163868,07:09:23.868,gateio,ACE/USDT:USDT,0.5913,5433.0,0.5912,342.0,0.5929,5497.0,0.593,1287.0
1753600164133,07:09:24.133,gateio,ACE/USDT:USDT,0.5913,6099.0,0.5912,342.0,0.5929,5497.0,0.593,1287.0
1753600164140,07:09:24.140,gateio,ACE/USDT:USDT,0.5913,7500.0,0.5912,342.0,0.5929,5497.0,0.593,1287.0
1753600164252,07:09:24.252,gateio,ACE/USDT:USDT,0.5913,7500.0,0.5912,342.0,0.5929,5497.0,0.593,1287.0
1753600164571,07:09:24.571,gateio,ACE/USDT:USDT,0.5913,7500.0,0.5912,342.0,0.5929,5497.0,0.593,1287.0
1753600165006,07:09:25.006,gateio,ACE/USDT:USDT,0.5913,7500.0,0.5912,342.0,0.5929,5497.0,0.593,1287.0
1753600165748,07:09:25.748,gateio,ACE/USDT:USDT,0.5913,7500.0,0.5912,342.0,0.5929,5497.0,0.593,1287.0
1753600165875,07:09:25.875,gateio,ACE/USDT:USDT,0.5913,6747.0,0.5912,342.0,0.5929,5497.0,0.593,1287.0
1753600166089,07:09:26.089,gateio,ACE/USDT:USDT,0.5913,6747.0,0.5912,342.0,0.5929,5497.0,0.593,1287.0
1753600166499,07:09:26.499,gateio,ACE/USDT:USDT,0.5914,648.0,0.5913,5073.0,0.5929,5497.0,0.593,1287.0
1753600166656,07:09:26.656,gateio,ACE/USDT:USDT,0.5914,648.0,0.5913,5073.0,0.5929,5497.0,0.593,1287.0
1753600167074,07:09:27.074,gateio,ACE/USDT:USDT,0.5914,648.0,0.5913,5073.0,0.5929,5497.0,0.593,1287.0
1753600167503,07:09:27.503,gateio,ACE/USDT:USDT,0.5914,648.0,0.5913,5073.0,0.5929,5497.0,0.593,1287.0
1753600168067,07:09:28.067,gateio,ACE/USDT:USDT,0.5914,648.0,0.5913,5073.0,0.5929,5497.0,0.593,1287.0
1753600170916,07:09:30.916,gateio,ACE/USDT:USDT,0.5914,648.0,0.5913,5073.0,0.5929,5497.0,0.593,1287.0
1753600170958,07:09:30.958,gateio,ACE/USDT:USDT,0.5914,1493.0,0.5913,5073.0,0.5929,5497.0,0.593,1287.0
1753600171118,07:09:31.118,gateio,ACE/USDT:USDT,0.5914,648.0,0.5913,5073.0,0.5929,5497.0,0.593,1287.0
1753600171367,07:09:31.367,gateio,ACE/USDT:USDT,0.5914,648.0,0.5913,5415.0,0.5929,5155.0,0.593,1629.0
1753600171962,07:09:31.962,gateio,ACE/USDT:USDT,0.5914,648.0,0.5913,5415.0,0.5929,5155.0,0.593,1629.0
1753600172725,07:09:32.725,gateio,ACE/USDT:USDT,0.5914,648.0,0.5909,342.0,0.5929,5155.0,0.593,1629.0
1753600172829,07:09:32.829,gateio,ACE/USDT:USDT,0.5915,3492.0,0.5914,11639.0,0.5929,5155.0,0.593,1629.0
1753600172899,07:09:32.899,gateio,ACE/USDT:USDT,0.591,5076.0,0.5909,1853.0,0.5929,5155.0,0.593,1629.0
1753600173035,07:09:33.035,gateio,ACE/USDT:USDT,0.591,5929.0,0.5909,1511.0,0.5927,5403.0,0.5928,1000.0
1753600173103,07:09:33.103,gateio,ACE/USDT:USDT,0.591,5929.0,0.5909,1511.0,0.5927,5403.0,0.5928,1000.0
1753600173230,07:09:33.230,gateio,ACE/USDT:USDT,0.591,5929.0,0.5909,1511.0,0.5927,5403.0,0.5928,1000.0
1753600173279,07:09:33.279,gateio,ACE/USDT:USDT,0.591,5929.0,0.5909,1511.0,0.5927,5403.0,0.5928,1000.0
1753600173633,07:09:33.633,gateio,ACE/USDT:USDT,0.591,5929.0,0.5909,1511.0,0.5927,5403.0,0.5928,1000.0
1753600173655,07:09:33.655,gateio,ACE/USDT:USDT,0.591,5929.0,0.5909,1511.0,0.5927,5403.0,0.5928,1000.0
1753600174000,07:09:34.000,gateio,ACE/USDT:USDT,0.591,5929.0,0.5909,1511.0,0.5927,5403.0,0.5928,1000.0
1753600174045,07:09:34.045,gateio,ACE/USDT:USDT,0.591,5929.0,0.5909,1511.0,0.5927,5403.0,0.5928,1000.0
1753600174433,07:09:34.433,gateio,ACE/USDT:USDT,0.591,5929.0,0.5909,1511.0,0.5927,5403.0,0.5928,1000.0
1753600175434,07:09:35.434,gateio,ACE/USDT:USDT,0.591,5929.0,0.5909,1511.0,0.5927,5403.0,0.5928,1000.0
1753600175879,07:09:35.879,gateio,ACE/USDT:USDT,0.591,5929.0,0.5909,1511.0,0.5927,5403.0,0.5928,1000.0
1753600176200,07:09:36.200,gateio,ACE/USDT:USDT,0.591,5929.0,0.5909,1511.0,0.5927,5403.0,0.5928,1000.0
1753600176311,07:09:36.311,gateio,ACE/USDT:USDT,0.591,6440.0,0.5909,1000.0,0.5927,5403.0,0.5928,1000.0
1753600176409,07:09:36.409,gateio,ACE/USDT:USDT,0.5911,3966.0,0.591,16081.0,0.5927,5403.0,0.5928,1000.0
1753600176896,07:09:36.896,gateio,ACE/USDT:USDT,0.5911,3966.0,0.591,16081.0,0.5927,5403.0,0.5928,1000.0
1753600177409,07:09:37.409,gateio,ACE/USDT:USDT,0.5911,9041.0,0.591,11005.0,0.5927,5403.0,0.5928,1000.0
1753600177566,07:09:37.566,gateio,ACE/USDT:USDT,0.5911,10653.0,0.591,11005.0,0.5927,5403.0,0.5928,1000.0
1753600177762,07:09:37.762,gateio,ACE/USDT:USDT,0.5911,10653.0,0.591,11005.0,0.5927,5403.0,0.5928,1000.0
1753600178245,07:09:38.245,gateio,ACE/USDT:USDT,0.5911,10653.0,0.591,11005.0,0.5927,5403.0,0.5928,1000.0
1753600178633,07:09:38.633,gateio,ACE/USDT:USDT,0.5911,10653.0,0.591,853.0,0.5927,5403.0,0.5928,1000.0
1753600178673,07:09:38.673,gateio,ACE/USDT:USDT,0.5912,3936.0,0.5911,18194.0,0.5927,5403.0,0.5928,1000.0
1753600178935,07:09:38.935,gateio,ACE/USDT:USDT,0.5912,3936.0,0.5911,18194.0,0.5927,5403.0,0.5928,1000.0
1753600178961,07:09:38.961,gateio,ACE/USDT:USDT,0.5912,3936.0,0.5911,17348.0,0.5927,5403.0,0.5928,1000.0
1753600179782,07:09:39.782,gateio,ACE/USDT:USDT,0.5912,3936.0,0.5911,17348.0,0.5927,5403.0,0.5928,1000.0
1753600179896,07:09:39.896,gateio,ACE/USDT:USDT,0.5912,4944.0,0.5911,16837.0,0.5927,5403.0,0.5928,1000.0
1753600179960,07:09:39.960,gateio,ACE/USDT:USDT,0.5912,5952.0,0.5911,16837.0,0.5927,5403.0,0.5928,1000.0
1753600180898,07:09:40.898,gateio,ACE/USDT:USDT,0.5912,6960.0,0.5911,16071.0,0.5927,5403.0,0.5928,1000.0
1753600181059,07:09:41.059,gateio,ACE/USDT:USDT,0.5913,2310.0,0.5912,3024.0,0.5927,5403.0,0.5928,1000.0
1753600181139,07:09:41.139,gateio,ACE/USDT:USDT,0.5913,2310.0,0.5912,3024.0,0.5927,5403.0,0.5928,1000.0
1753600181817,07:09:41.817,gateio,ACE/USDT:USDT,0.5913,2310.0,0.5912,3024.0,0.5927,5403.0,0.5928,1000.0
1753600182102,07:09:42.102,gateio,ACE/USDT:USDT,0.5913,2310.0,0.5912,3024.0,0.5927,5403.0,0.5928,1000.0
1753600182204,07:09:42.204,gateio,ACE/USDT:USDT,0.5913,2310.0,0.5912,3024.0,0.5927,5403.0,0.5928,1000.0
1753600183116,07:09:43.116,gateio,ACE/USDT:USDT,0.5913,4426.0,0.5912,1350.0,0.5927,5061.0,0.5928,1342.0
1753600183846,07:09:43.846,gateio,ACE/USDT:USDT,0.5913,4426.0,0.5912,1350.0,0.5927,5061.0,0.5928,1342.0
1753600184107,07:09:44.107,gateio,ACE/USDT:USDT,0.5913,5514.0,0.5912,342.0,0.5927,5061.0,0.5928,1342.0
1753600186580,07:09:46.580,gateio,ACE/USDT:USDT,0.5913,5514.0,0.5912,342.0,0.5927,5061.0,0.5928,1342.0
1753600189505,07:09:49.505,gateio,ACE/USDT:USDT,0.5913,5514.0,0.5912,342.0,0.5927,5061.0,0.5928,1342.0
1753600190863,07:09:50.863,gateio,ACE/USDT:USDT,0.5913,6360.0,0.5912,342.0,0.5927,5061.0,0.5928,1342.0
1753600191073,07:09:51.073,gateio,ACE/USDT:USDT,0.5913,6360.0,0.5912,342.0,0.5927,5061.0,0.5928,1342.0
1753600194933,07:09:54.933,gateio,ACE/USDT:USDT,0.5913,5514.0,0.5912,342.0,0.5927,5061.0,0.5928,1342.0
1753600194994,07:09:54.994,gateio,ACE/USDT:USDT,0.5913,5514.0,0.5912,342.0,0.5927,5061.0,0.5928,1342.0
1753600196967,07:09:56.967,gateio,ACE/USDT:USDT,0.5913,5514.0,0.5912,342.0,0.5927,5061.0,0.5928,1342.0
1753600197994,07:09:57.994,gateio,ACE/USDT:USDT,0.5913,6360.0,0.5912,342.0,0.5927,5061.0,0.5928,1342.0
1753600198342,07:09:58.342,gateio,ACE/USDT:USDT,0.5913,5514.0,0.5912,342.0,0.5927,5061.0,0.5928,1342.0
1753600199188,07:09:59.188,gateio,ACE/USDT:USDT,0.5913,4426.0,0.5912,342.0,0.5927,5061.0,0.5928,1342.0
1753600199966,07:09:59.966,gateio,ACE/USDT:USDT,0.5913,5272.0,0.5912,342.0,0.5927,5061.0,0.5928,1342.0
1753600201903,07:10:01.903,gateio,ACE/USDT:USDT,0.5913,5272.0,0.5912,342.0,0.5927,5061.0,0.5928,1342.0
1753600202922,07:10:02.922,gateio,ACE/USDT:USDT,0.5913,5272.0,0.5912,342.0,0.5927,5061.0,0.5928,1342.0
1753600203833,07:10:03.833,gateio,ACE/USDT:USDT,0.5913,5272.0,0.5912,342.0,0.5927,5061.0,0.5928,1342.0
1753600204817,07:10:04.817,gateio,ACE/USDT:USDT,0.5913,5272.0,0.5912,342.0,0.5927,5061.0,0.5928,1342.0
1753600205063,07:10:05.063,gateio,ACE/USDT:USDT,0.5913,6038.0,0.5912,342.0,0.5927,5061.0,0.5928,1342.0
1753600205305,07:10:05.305,gateio,ACE/USDT:USDT,0.5913,7112.0,0.5912,342.0,0.5927,5061.0,0.5928,1342.0
1753600209263,07:10:09.263,gateio,ACE/USDT:USDT,0.5913,7112.0,0.5912,342.0,0.5927,5061.0,0.5928,1342.0
1753600210443,07:10:10.443,gateio,ACE/USDT:USDT,0.5913,6038.0,0.5912,342.0,0.5927,5061.0,0.5928,1342.0
1753600211583,07:10:11.583,gateio,ACE/USDT:USDT,0.5913,6888.0,0.5912,342.0,0.5927,5061.0,0.5928,1342.0
1753600212291,07:10:12.291,gateio,ACE/USDT:USDT,0.5913,6038.0,0.5912,342.0,0.5927,5061.0,0.5928,1342.0
1753600213445,07:10:13.445,gateio,ACE/USDT:USDT,0.5913,6093.0,0.5912,342.0,0.5927,5061.0,0.5928,1342.0
1753600214017,07:10:14.017,gateio,ACE/USDT:USDT,0.5914,4953.0,0.5913,11724.0,0.5927,5061.0,0.5928,1000.0
1753600214045,07:10:14.045,gateio,ACE/USDT:USDT,0.5914,3517.0,0.5913,14201.0,0.5927,5061.0,0.5928,1000.0
1753600214302,07:10:14.302,gateio,ACE/USDT:USDT,0.5914,3517.0,0.5913,11724.0,0.5927,5061.0,0.5928,1000.0
1753600214677,07:10:14.677,gateio,ACE/USDT:USDT,0.5914,3517.0,0.5913,11724.0,0.5927,5061.0,0.5928,1000.0
1753600214833,07:10:14.833,gateio,ACE/USDT:USDT,0.5914,3517.0,0.5913,11724.0,0.5927,5061.0,0.5928,1000.0
1753600214841,07:10:14.841,gateio,ACE/USDT:USDT,0.5914,3517.0,0.5913,11724.0,0.5927,5061.0,0.5928,1000.0
1753600215199,07:10:15.199,gateio,ACE/USDT:USDT,0.5914,3517.0,0.5913,11724.0,0.5927,5061.0,0.5928,1000.0
1753600215779,07:10:15.779,gateio,ACE/USDT:USDT,0.5914,3517.0,0.5913,11724.0,0.5927,5061.0,0.5928,1000.0
1753600217236,07:10:17.236,gateio,ACE/USDT:USDT,0.5914,5604.0,0.5913,10148.0,0.5927,5061.0,0.5928,1000.0
1753600217298,07:10:17.298,gateio,ACE/USDT:USDT,0.5914,5604.0,0.5913,10148.0,0.5927,5061.0,0.5928,1000.0
1753600219527,07:10:19.527,gateio,ACE/USDT:USDT,0.5915,3525.0,0.5914,10146.0,0.5927,5061.0,0.5928,1000.0
1753600219634,07:10:19.634,gateio,ACE/USDT:USDT,0.5912,3624.0,0.5911,5075.0,0.5927,5061.0,0.5928,1000.0
1753600219663,07:10:19.663,gateio,ACE/USDT:USDT,0.5912,3624.0,0.5911,5075.0,0.5927,5061.0,0.5928,1000.0
1753600220149,07:10:20.149,gateio,ACE/USDT:USDT,0.5912,3624.0,0.5911,5075.0,0.5927,5061.0,0.5928,1000.0
1753600220834,07:10:20.834,gateio,ACE/USDT:USDT,0.5913,4132.0,0.5912,3624.0,0.5927,5061.0,0.5928,1000.0
1753600220839,07:10:20.839,gateio,ACE/USDT:USDT,0.5912,3624.0,0.5911,5075.0,0.5927,5061.0,0.5928,1000.0
1753600223035,07:10:23.035,gateio,ACE/USDT:USDT,0.5913,1671.0,0.5912,2013.0,0.5927,5061.0,0.5928,1000.0
1753600223679,07:10:23.679,gateio,ACE/USDT:USDT,0.5914,3546.0,0.5913,11819.0,0.5927,5061.0,0.5928,1000.0
1753600223804,07:10:23.804,gateio,ACE/USDT:USDT,0.5914,3546.0,0.5913,10148.0,0.5927,5061.0,0.5928,1000.0
1753600224135,07:10:24.135,gateio,ACE/USDT:USDT,0.5912,5029.0,0.5911,5417.0,0.5927,5061.0,0.5928,1342.0
1753600224166,07:10:24.166,gateio,ACE/USDT:USDT,0.5913,4553.0,0.5912,13498.0,0.5927,5061.0,0.5928,1342.0
1753600225037,07:10:25.037,gateio,ACE/USDT:USDT,0.5913,4553.0,0.5912,13498.0,0.5927,5061.0,0.5928,1342.0
1753600225232,07:10:25.232,gateio,ACE/USDT:USDT,0.5913,4553.0,0.5912,13498.0,0.5927,5061.0,0.5928,1342.0
1753600225639,07:10:25.639,gateio,ACE/USDT:USDT,0.5913,4553.0,0.5912,13498.0,0.5927,5061.0,0.5928,1342.0
1753600226015,07:10:26.015,gateio,ACE/USDT:USDT,0.5913,6240.0,0.5912,11827.0,0.5927,5061.0,0.5928,1342.0
1753600227334,07:10:27.334,gateio,ACE/USDT:USDT,0.5909,342.0,0.5908,2713.0,0.5927,15185.0,0.5928,1342.0
1753600227421,07:10:27.421,gateio,ACE/USDT:USDT,0.5906,5421.0,0.5905,1000.0,0.5923,5407.0,0.5924,1000.0
1753600227482,07:10:27.482,gateio,ACE/USDT:USDT,0.5906,5421.0,0.5905,1000.0,0.5923,5407.0,0.5924,1000.0
1753600227591,07:10:27.591,gateio,ACE/USDT:USDT,0.5906,5421.0,0.5905,1000.0,0.5923,5407.0,0.5924,1000.0
1753600227725,07:10:27.725,gateio,ACE/USDT:USDT,0.5906,342.0,0.5905,1000.0,0.5923,5407.0,0.5924,1000.0
1753600227835,07:10:27.835,gateio,ACE/USDT:USDT,0.5906,342.0,0.5905,1000.0,0.5923,5407.0,0.5924,1000.0
1753600227935,07:10:27.935,gateio,ACE/USDT:USDT,0.5906,342.0,0.5905,1000.0,0.5923,5407.0,0.5924,1000.0
1753600228233,07:10:28.233,gateio,ACE/USDT:USDT,0.5906,342.0,0.5905,1000.0,0.5923,5407.0,0.5924,1000.0
1753600228417,07:10:28.417,gateio,ACE/USDT:USDT,0.5903,468.0,0.5902,1000.0,0.5921,5066.0,0.5922,1000.0
1753600228529,07:10:28.529,gateio,ACE/USDT:USDT,0.5903,468.0,0.5902,1000.0,0.5919,5068.0,0.592,342.0
1753600228581,07:10:28.581,gateio,ACE/USDT:USDT,0.5903,126.0,0.5902,1342.0,0.5919,5410.0,0.593,1191.0
1753600228729,07:10:28.729,gateio,ACE/USDT:USDT,0.5903,126.0,0.5902,1342.0,0.5919,5410.0,0.593,1191.0
1753600228781,07:10:28.781,gateio,ACE/USDT:USDT,0.5903,126.0,0.5902,1342.0,0.5919,5410.0,0.593,1191.0
1753600229216,07:10:29.216,gateio,ACE/USDT:USDT,0.5903,126.0,0.5902,1342.0,0.5919,5410.0,0.593,1191.0
1753600229419,07:10:29.419,gateio,ACE/USDT:USDT,0.5903,1126.0,0.5902,1342.0,0.5919,5410.0,0.593,1191.0
1753600229778,07:10:29.778,gateio,ACE/USDT:USDT,0.5903,1126.0,0.5902,1342.0,0.5919,5410.0,0.593,1191.0
1753600230050,07:10:30.050,gateio,ACE/USDT:USDT,0.5903,1126.0,0.5902,1342.0,0.5919,5410.0,0.593,1191.0
1753600230743,07:10:30.743,gateio,ACE/USDT:USDT,0.5903,1126.0,0.5902,1342.0,0.5919,5410.0,0.593,1191.0
1753600231034,07:10:31.034,gateio,ACE/USDT:USDT,0.5905,1000.0,0.5904,5081.0,0.5919,5068.0,0.5929,342.0
1753600231169,07:10:31.169,gateio,ACE/USDT:USDT,0.5905,1000.0,0.5904,5081.0,0.5919,5068.0,0.5929,342.0
1753600231280,07:10:31.280,gateio,ACE/USDT:USDT,0.5905,1000.0,0.5904,5081.0,0.5919,5068.0,0.5929,342.0
1753600231354,07:10:31.354,gateio,ACE/USDT:USDT,0.5905,1000.0,0.5904,5081.0,0.5919,5068.0,0.5929,342.0
1753600231532,07:10:31.532,gateio,ACE/USDT:USDT,0.5905,1000.0,0.5904,5081.0,0.5919,5068.0,0.5929,342.0
1753600231541,07:10:31.541,gateio,ACE/USDT:USDT,0.5905,1042.0,0.5904,5081.0,0.5919,5068.0,0.5929,342.0
1753600232116,07:10:32.116,gateio,ACE/USDT:USDT,0.5905,1042.0,0.5904,5081.0,0.5919,5068.0,0.5929,342.0
1753600233021,07:10:33.021,gateio,ACE/USDT:USDT,0.5905,1042.0,0.5904,5081.0,0.5919,5068.0,0.5929,342.0
1753600233053,07:10:33.053,gateio,ACE/USDT:USDT,0.5905,1588.0,0.5904,5081.0,0.5919,5068.0,0.5929,342.0
1753600233652,07:10:33.652,gateio,ACE/USDT:USDT,0.5905,1000.0,0.5904,5081.0,0.5919,5068.0,0.5929,342.0
1753600233750,07:10:33.750,gateio,ACE/USDT:USDT,0.5905,1042.0,0.5904,5081.0,0.5919,5068.0,0.5929,342.0
1753600234147,07:10:34.147,gateio,ACE/USDT:USDT,0.5905,1010.0,0.5904,5081.0,0.5919,5068.0,0.5929,342.0
1753600234560,07:10:34.560,gateio,ACE/USDT:USDT,0.5905,1000.0,0.5904,5081.0,0.5919,5068.0,0.5929,342.0
1753600234652,07:10:34.652,gateio,ACE/USDT:USDT,0.5905,1042.0,0.5904,5081.0,0.5919,5068.0,0.5929,342.0
1753600235899,07:10:35.899,gateio,ACE/USDT:USDT,0.5905,1042.0,0.5904,5081.0,0.5919,5068.0,0.5929,342.0
1753600236563,07:10:36.563,gateio,ACE/USDT:USDT,0.5905,1042.0,0.5904,5081.0,0.5919,5068.0,0.5929,342.0
1753600239459,07:10:39.459,gateio,ACE/USDT:USDT,0.5905,1042.0,0.5904,5081.0,0.5919,5068.0,0.5929,342.0
1753600239761,07:10:39.761,gateio,ACE/USDT:USDT,0.5905,1042.0,0.5904,5081.0,0.5919,5068.0,0.5929,342.0
1753600239888,07:10:39.888,gateio,ACE/USDT:USDT,0.5905,1042.0,0.5904,5081.0,0.5919,5068.0,0.5929,342.0
1753600240134,07:10:40.134,gateio,ACE/USDT:USDT,0.5905,1042.0,0.5904,5081.0,0.5919,5068.0,0.5929,342.0
1753600240228,07:10:40.228,gateio,ACE/USDT:USDT,0.5905,1042.0,0.5904,5081.0,0.5919,5068.0,0.5929,342.0
1753600240241,07:10:40.241,gateio,ACE/USDT:USDT,0.5905,1042.0,0.5904,5081.0,0.5919,5068.0,0.5929,342.0
1753600240818,07:10:40.818,gateio,ACE/USDT:USDT,0.5905,1042.0,0.5904,5081.0,0.5919,5068.0,0.5929,342.0
1753600240843,07:10:40.843,gateio,ACE/USDT:USDT,0.5905,1042.0,0.5904,5081.0,0.5919,5068.0,0.5929,342.0
1753600241219,07:10:41.219,gateio,ACE/USDT:USDT,0.5905,1042.0,0.5904,5423.0,0.5919,5068.0,0.5929,342.0
1753600241247,07:10:41.247,gateio,ACE/USDT:USDT,0.5905,1042.0,0.5904,5423.0,0.5919,5068.0,0.5929,342.0
1753600242195,07:10:42.195,gateio,ACE/USDT:USDT,0.5905,1042.0,0.5904,5423.0,0.5919,5068.0,0.5929,342.0
1753600243256,07:10:43.256,gateio,ACE/USDT:USDT,0.5905,1000.0,0.5904,5423.0,0.5919,5068.0,0.5929,342.0
1753600244283,07:10:44.283,gateio,ACE/USDT:USDT,0.5905,1923.0,0.5904,5423.0,0.5919,5068.0,0.5929,342.0
1753600244360,07:10:44.360,gateio,ACE/USDT:USDT,0.5905,2007.0,0.5904,5423.0,0.5919,5068.0,0.5929,342.0
1753600244634,07:10:44.634,gateio,ACE/USDT:USDT,0.5906,4801.0,0.5905,1042.0,0.5919,5068.0,0.5929,342.0
1753600244654,07:10:44.654,gateio,ACE/USDT:USDT,0.5906,4801.0,0.5905,1042.0,0.5919,5068.0,0.5929,342.0
1753600244784,07:10:44.784,gateio,ACE/USDT:USDT,0.5906,4801.0,0.5905,1042.0,0.5919,5068.0,0.5929,342.0
1753600245127,07:10:45.127,gateio,ACE/USDT:USDT,0.5906,4801.0,0.5905,1000.0,0.5919,5068.0,0.5929,342.0
1753600245207,07:10:45.207,gateio,ACE/USDT:USDT,0.5906,4801.0,0.5905,1000.0,0.5919,5068.0,0.5929,342.0
1753600245722,07:10:45.722,gateio,ACE/USDT:USDT,0.5906,4801.0,0.5905,1000.0,0.5919,5068.0,0.5929,342.0
1753600247025,07:10:47.025,gateio,ACE/USDT:USDT,0.5906,4985.0,0.5905,1184.0,0.5909,1.0,0.5919,5068.0
1753600247118,07:10:47.118,gateio,ACE/USDT:USDT,0.5906,4985.0,0.5905,1184.0,0.5919,5068.0,0.5929,342.0
1753600247318,07:10:47.318,gateio,ACE/USDT:USDT,0.5906,4985.0,0.5905,1184.0,0.5919,5068.0,0.5929,342.0
1753600247840,07:10:47.840,gateio,ACE/USDT:USDT,0.5906,4985.0,0.5905,1184.0,0.5919,5068.0,0.5929,342.0
1753600250996,07:10:50.996,gateio,ACE/USDT:USDT,0.5906,4985.0,0.5905,1184.0,0.5919,5068.0,0.5929,342.0
1753600254276,07:10:54.276,gateio,ACE/USDT:USDT,0.5906,4985.0,0.5905,1184.0,0.5919,5068.0,0.5929,342.0
1753600254581,07:10:54.581,gateio,ACE/USDT:USDT,0.5906,4985.0,0.5905,1184.0,0.5919,5068.0,0.5929,342.0
1753600255233,07:10:55.233,gateio,ACE/USDT:USDT,0.5906,4985.0,0.5905,184.0,0.5919,5068.0,0.5929,342.0
1753600255272,07:10:55.272,gateio,ACE/USDT:USDT,0.5906,4985.0,0.5905,184.0,0.5919,5068.0,0.5929,342.0
1753600255520,07:10:55.520,gateio,ACE/USDT:USDT,0.5906,4985.0,0.5905,184.0,0.5919,5068.0,0.5929,342.0
1753600255829,07:10:55.829,gateio,ACE/USDT:USDT,0.5906,4985.0,0.5905,184.0,0.5919,5068.0,0.5929,342.0
1753600255967,07:10:55.967,gateio,ACE/USDT:USDT,0.5906,4985.0,0.5905,184.0,0.5919,5068.0,0.5929,342.0
1753600256299,07:10:56.299,gateio,ACE/USDT:USDT,0.5906,4985.0,0.5905,184.0,0.5919,5068.0,0.5929,342.0
1753600256534,07:10:56.534,gateio,ACE/USDT:USDT,0.5907,9964.0,0.5906,184.0,0.5926,342.0,0.5927,1000.0
1753600256607,07:10:56.607,gateio,ACE/USDT:USDT,0.5907,5420.0,0.5906,184.0,0.5926,6404.0,0.5927,1000.0
1753600256730,07:10:56.730,gateio,ACE/USDT:USDT,0.5907,5420.0,0.5906,184.0,0.5926,6404.0,0.5927,1000.0
1753600256812,07:10:56.812,gateio,ACE/USDT:USDT,0.5907,5420.0,0.5906,184.0,0.5926,6404.0,0.5927,1000.0
1753600257331,07:10:57.331,gateio,ACE/USDT:USDT,0.5907,15578.0,0.5906,184.0,0.5925,8503.0,0.5926,11466.0
1753600257422,07:10:57.422,gateio,ACE/USDT:USDT,0.5908,342.0,0.5907,5078.0,0.5924,5064.0,0.5925,3782.0
1753600257580,07:10:57.580,gateio,ACE/USDT:USDT,0.5909,5077.0,0.5908,10498.0,0.5924,5064.0,0.5925,3782.0
1753600257670,07:10:57.670,gateio,ACE/USDT:USDT,0.5909,5077.0,0.5908,10498.0,0.5924,5064.0,0.5925,342.0
1753600258089,07:10:58.089,gateio,ACE/USDT:USDT,0.5909,5077.0,0.5908,10498.0,0.5924,5064.0,0.5929,342.0
1753600258170,07:10:58.170,gateio,ACE/USDT:USDT,0.5909,5077.0,0.5908,10498.0,0.5924,5064.0,0.5929,342.0
1753600258910,07:10:58.910,gateio,ACE/USDT:USDT,0.5909,5077.0,0.5908,10498.0,0.5924,5064.0,0.5929,342.0
1753600259226,07:10:59.226,gateio,ACE/USDT:USDT,0.5909,5077.0,0.5908,10498.0,0.5924,5064.0,0.5929,342.0
1753600259333,07:10:59.333,gateio,ACE/USDT:USDT,0.5909,5077.0,0.5908,10498.0,0.5924,5064.0,0.5929,342.0
1753600259914,07:10:59.914,gateio,ACE/USDT:USDT,0.5909,5077.0,0.5908,10498.0,0.5924,5064.0,0.5929,342.0
1753600260040,07:11:00.040,gateio,ACE/USDT:USDT,0.591,1000.0,0.5909,5077.0,0.5924,5064.0,0.5929,342.0
1753600260166,07:11:00.166,gateio,ACE/USDT:USDT,0.591,1000.0,0.5909,5077.0,0.5924,5064.0,0.5929,342.0
1753600260304,07:11:00.304,gateio,ACE/USDT:USDT,0.591,6076.0,0.5908,342.0,0.5924,5064.0,0.5929,342.0
1753600260379,07:11:00.379,gateio,ACE/USDT:USDT,0.5911,5075.0,0.591,10152.0,0.5924,5064.0,0.5929,342.0
1753600260899,07:11:00.899,gateio,ACE/USDT:USDT,0.5911,5075.0,0.5903,477.0,0.5924,5064.0,0.5929,342.0
1753600260985,07:11:00.985,gateio,ACE/USDT:USDT,0.5911,5075.0,0.5903,477.0,0.5924,5064.0,0.5929,342.0
1753600261040,07:11:01.040,gateio,ACE/USDT:USDT,0.5911,5075.0,0.5903,477.0,0.5924,5064.0,0.5929,342.0
1753600261334,07:11:01.334,gateio,ACE/USDT:USDT,0.5911,5075.0,0.5903,477.0,0.5924,5064.0,0.5929,342.0
1753600261401,07:11:01.401,gateio,ACE/USDT:USDT,0.5911,5075.0,0.5903,10031.0,0.5924,5064.0,0.5929,342.0
1753600261656,07:11:01.656,gateio,ACE/USDT:USDT,0.5911,5075.0,0.5903,10031.0,0.5924,5064.0,0.5929,342.0
1753600262218,07:11:02.218,gateio,ACE/USDT:USDT,0.5911,5075.0,0.5903,10031.0,0.5924,5064.0,0.5929,342.0
1753600262826,07:11:02.826,gateio,ACE/USDT:USDT,0.5904,5081.0,0.5903,20195.0,0.5923,342.0,0.5924,5064.0
1753600262899,07:11:02.899,gateio,ACE/USDT:USDT,0.5907,6078.0,0.5906,342.0,0.5923,5407.0,0.593,1191.0
1753600263007,07:11:03.007,gateio,ACE/USDT:USDT,0.5907,6078.0,0.5906,342.0,0.5923,5407.0,0.593,1191.0
1753600263061,07:11:03.061,gateio,ACE/USDT:USDT,0.5907,6078.0,0.5906,342.0,0.5923,5407.0,0.593,1191.0
1753600263445,07:11:03.445,gateio,ACE/USDT:USDT,0.5907,6924.0,0.5906,342.0,0.5923,5407.0,0.593,1191.0
1753600263896,07:11:03.896,gateio,ACE/USDT:USDT,0.5907,7770.0,0.5906,342.0,0.5923,5407.0,0.593,1191.0
1753600263939,07:11:03.939,gateio,ACE/USDT:USDT,0.5907,7770.0,0.5906,342.0,0.5923,5407.0,0.593,1191.0
1753600266093,07:11:06.093,gateio,ACE/USDT:USDT,0.5907,7770.0,0.5906,342.0,0.5923,5407.0,0.593,1191.0
1753600266399,07:11:06.399,gateio,ACE/USDT:USDT,0.5907,7770.0,0.5906,342.0,0.5923,5407.0,0.593,1191.0
1753600266472,07:11:06.472,gateio,ACE/USDT:USDT,0.5907,7770.0,0.5906,342.0,0.5923,5407.0,0.593,1191.0
1753600267225,07:11:07.225,gateio,ACE/USDT:USDT,0.591,11153.0,0.5909,26211.0,0.5923,5065.0,0.5929,342.0
1753600267291,07:11:07.291,gateio,ACE/USDT:USDT,0.591,4211.0,0.5908,10156.0,0.5923,5065.0,0.5929,342.0
1753600267399,07:11:07.399,gateio,ACE/USDT:USDT,0.5909,8478.0,0.5908,11337.0,0.5923,5065.0,0.5929,342.0
1753600267497,07:11:07.497,gateio,ACE/USDT:USDT,0.5909,9324.0,0.5908,11337.0,0.5923,5065.0,0.5929,342.0
1753600267599,07:11:07.599,gateio,ACE/USDT:USDT,0.5909,9324.0,0.5908,11337.0,0.5923,5065.0,0.5929,342.0
1753600268024,07:11:08.024,gateio,ACE/USDT:USDT,0.5909,8478.0,0.5908,10156.0,0.5923,5065.0,0.5929,342.0
1753600269934,07:11:09.934,gateio,ACE/USDT:USDT,0.591,1000.0,0.5909,8478.0,0.5923,5065.0,0.5929,342.0
1753600269939,07:11:09.939,gateio,ACE/USDT:USDT,0.591,1000.0,0.5909,5077.0,0.5923,5065.0,0.5929,342.0
1753600270064,07:11:10.064,gateio,ACE/USDT:USDT,0.591,1000.0,0.5909,5077.0,0.5923,5065.0,0.5929,342.0
1753600270376,07:11:10.376,gateio,ACE/USDT:USDT,0.591,1000.0,0.5909,5077.0,0.5923,5065.0,0.5929,342.0
1753600270919,07:11:10.919,gateio,ACE/USDT:USDT,0.591,1000.0,0.5909,5077.0,0.5923,5065.0,0.5929,342.0
1753600271271,07:11:11.271,gateio,ACE/USDT:USDT,0.591,1000.0,0.5909,5077.0,0.5923,5065.0,0.5929,342.0
1753600271524,07:11:11.524,gateio,ACE/USDT:USDT,0.591,6076.0,0.5904,1342.0,0.5923,5065.0,0.5929,342.0
1753600271560,07:11:11.560,gateio,ACE/USDT:USDT,0.5911,4868.0,0.591,16228.0,0.5923,5065.0,0.5929,342.0
1753600271713,07:11:11.713,gateio,ACE/USDT:USDT,0.5911,4868.0,0.591,16228.0,0.5923,5065.0,0.5929,342.0
1753600271906,07:11:11.906,gateio,ACE/USDT:USDT,0.5911,4868.0,0.591,15228.0,0.5923,5065.0,0.5929,342.0
1753600272133,07:11:12.133,gateio,ACE/USDT:USDT,0.5911,4868.0,0.591,15228.0,0.5923,5065.0,0.5929,342.0
1753600272303,07:11:12.303,gateio,ACE/USDT:USDT,0.5911,4868.0,0.591,15228.0,0.5923,5065.0,0.5929,342.0
1753600272556,07:11:12.556,gateio,ACE/USDT:USDT,0.5911,4868.0,0.591,15228.0,0.5923,5065.0,0.5929,342.0
1753600273291,07:11:13.291,gateio,ACE/USDT:USDT,0.5911,10150.0,0.591,5076.0,0.5923,5065.0,0.5929,342.0
1753600273533,07:11:13.533,gateio,ACE/USDT:USDT,0.5912,5074.0,0.5911,846.0,0.5923,5065.0,0.5929,342.0
1753600273634,07:11:13.634,gateio,ACE/USDT:USDT,0.5913,342.0,0.5912,5074.0,0.5928,5060.0,0.5929,342.0
1753600273639,07:11:13.639,gateio,ACE/USDT:USDT,0.5913,342.0,0.5912,5074.0,0.5928,5060.0,0.5929,342.0
1753600273794,07:11:13.794,gateio,ACE/USDT:USDT,0.5913,342.0,0.5912,5074.0,0.5928,5060.0,0.5929,342.0
1753600274219,07:11:14.219,gateio,ACE/USDT:USDT,0.5913,342.0,0.5912,5074.0,0.5928,5060.0,0.5929,342.0
1753600275799,07:11:15.799,gateio,ACE/USDT:USDT,0.5913,342.0,0.5912,5074.0,0.5928,5060.0,0.5929,342.0
1753600275909,07:11:15.909,gateio,ACE/USDT:USDT,0.5913,342.0,0.5912,5074.0,0.5928,5060.0,0.5929,342.0
1753600276248,07:11:16.248,gateio,ACE/USDT:USDT,0.5913,342.0,0.5912,5074.0,0.5928,5060.0,0.5929,342.0
1753600277065,07:11:17.065,gateio,ACE/USDT:USDT,0.5913,342.0,0.5912,5074.0,0.5928,5060.0,0.5929,342.0
1753600277171,07:11:17.171,gateio,ACE/USDT:USDT,0.5913,342.0,0.5912,5074.0,0.5928,5060.0,0.5929,342.0
1753600279372,07:11:19.372,gateio,ACE/USDT:USDT,0.5913,342.0,0.5912,5074.0,0.5928,5060.0,0.5929,342.0
1753600279635,07:11:19.635,gateio,ACE/USDT:USDT,0.5913,342.0,0.5912,5074.0,0.5928,5060.0,0.5929,342.0
1753600279639,07:11:19.639,gateio,ACE/USDT:USDT,0.5913,342.0,0.5912,5074.0,0.5928,5060.0,0.5929,342.0
1753600280302,07:11:20.302,gateio,ACE/USDT:USDT,0.5913,342.0,0.5912,5074.0,0.5928,5060.0,0.5929,342.0
1753600282835,07:11:22.835,gateio,ACE/USDT:USDT,0.5913,342.0,0.5912,5074.0,0.5928,5060.0,0.5929,342.0
1753600282935,07:11:22.935,gateio,ACE/USDT:USDT,0.5912,5074.0,0.5908,342.0,0.5925,5063.0,0.5926,1000.0
1753600282967,07:11:22.967,gateio,ACE/USDT:USDT,0.5909,5077.0,0.5908,396.0,0.5924,5406.0,0.5926,1000.0
1753600283116,07:11:23.116,gateio,ACE/USDT:USDT,0.5909,5077.0,0.5908,396.0,0.5924,5406.0,0.5926,1000.0
1753600283263,07:11:23.263,gateio,ACE/USDT:USDT,0.5909,5077.0,0.5908,396.0,0.5924,5406.0,0.5926,1000.0
1753600283344,07:11:23.344,gateio,ACE/USDT:USDT,0.5909,5077.0,0.5908,396.0,0.5924,5406.0,0.5926,1000.0
1753600283682,07:11:23.682,gateio,ACE/USDT:USDT,0.5909,5077.0,0.5908,396.0,0.5924,5406.0,0.5926,1000.0
1753600283792,07:11:23.792,gateio,ACE/USDT:USDT,0.5909,5077.0,0.5908,396.0,0.5924,5064.0,0.5929,342.0
1753600284125,07:11:24.125,gateio,ACE/USDT:USDT,0.5909,5077.0,0.5908,396.0,0.5924,5064.0,0.5929,342.0
1753600284193,07:11:24.193,gateio,ACE/USDT:USDT,0.5909,5077.0,0.5908,396.0,0.5924,5064.0,0.5929,342.0
1753600284346,07:11:24.346,gateio,ACE/USDT:USDT,0.5909,5077.0,0.5908,396.0,0.5924,5064.0,0.5929,342.0
1753600284725,07:11:24.725,gateio,ACE/USDT:USDT,0.5909,16923.0,0.5908,396.0,0.5924,5064.0,0.5929,342.0
1753600284817,07:11:24.817,gateio,ACE/USDT:USDT,0.591,6769.0,0.5909,16923.0,0.5924,5064.0,0.5929,342.0
1753600284919,07:11:24.919,gateio,ACE/USDT:USDT,0.5911,5075.0,0.591,5923.0,0.5924,5064.0,0.5929,342.0
1753600284939,07:11:24.939,gateio,ACE/USDT:USDT,0.5911,5075.0,0.591,846.0,0.5924,5064.0,0.5929,342.0
1753600285181,07:11:25.181,gateio,ACE/USDT:USDT,0.5911,5075.0,0.591,846.0,0.5924,5064.0,0.5929,342.0
1753600285606,07:11:25.606,gateio,ACE/USDT:USDT,0.5911,5075.0,0.591,846.0,0.5924,5064.0,0.5929,342.0
1753600285755,07:11:25.755,gateio,ACE/USDT:USDT,0.5911,5075.0,0.591,846.0,0.5924,5064.0,0.5929,342.0
1753600286155,07:11:26.155,gateio,ACE/USDT:USDT,0.5911,5111.0,0.591,846.0,0.5924,5064.0,0.5929,342.0
1753600286438,07:11:26.438,gateio,ACE/USDT:USDT,0.5913,5073.0,0.5911,1206.0,0.5928,5402.0,0.593,1191.0
1753600286507,07:11:26.507,gateio,ACE/USDT:USDT,0.5913,5571.0,0.5912,342.0,0.5928,5060.0,0.5929,342.0
1753600286601,07:11:26.601,gateio,ACE/USDT:USDT,0.5913,5091.0,0.5911,342.0,0.5928,5060.0,0.5929,342.0
1753600286665,07:11:26.665,gateio,ACE/USDT:USDT,0.5913,5073.0,0.5911,342.0,0.5928,5060.0,0.5929,342.0
1753600286847,07:11:26.847,gateio,ACE/USDT:USDT,0.5913,5073.0,0.5911,342.0,0.5928,5060.0,0.5929,342.0
1753600286985,07:11:26.985,gateio,ACE/USDT:USDT,0.5913,5073.0,0.5908,342.0,0.5928,5060.0,0.5929,342.0
1753600287169,07:11:27.169,gateio,ACE/USDT:USDT,0.5913,5073.0,0.5908,342.0,0.5928,5060.0,0.5929,342.0
1753600287279,07:11:27.279,gateio,ACE/USDT:USDT,0.5913,5073.0,0.5908,342.0,0.5928,5060.0,0.5929,342.0
1753600288111,07:11:28.111,gateio,ACE/USDT:USDT,0.5913,5073.0,0.5908,342.0,0.5928,5060.0,0.5929,342.0
1753600289920,07:11:29.920,gateio,ACE/USDT:USDT,0.5913,5073.0,0.5908,342.0,0.5928,10121.0,0.5929,342.0
1753600290003,07:11:30.003,gateio,ACE/USDT:USDT,0.5913,5073.0,0.5908,342.0,0.5927,5061.0,0.5929,342.0
1753600290195,07:11:30.195,gateio,ACE/USDT:USDT,0.5913,5073.0,0.5908,342.0,0.5927,5061.0,0.5929,342.0
1753600290434,07:11:30.434,gateio,ACE/USDT:USDT,0.5913,5919.0,0.5908,342.0,0.5927,5061.0,0.5929,342.0
1753600290457,07:11:30.457,gateio,ACE/USDT:USDT,0.5913,5073.0,0.5908,342.0,0.5927,5061.0,0.5929,342.0
1753600292372,07:11:32.372,gateio,ACE/USDT:USDT,0.5913,5073.0,0.5908,342.0,0.5927,5061.0,0.5929,342.0
1753600292623,07:11:32.623,gateio,ACE/USDT:USDT,0.5913,5073.0,0.5908,342.0,0.5927,5061.0,0.5929,342.0
1753600293383,07:11:33.383,gateio,ACE/USDT:USDT,0.5913,5919.0,0.5908,342.0,0.5927,5061.0,0.5929,342.0
1753600293510,07:11:33.510,gateio,ACE/USDT:USDT,0.5913,5073.0,0.5908,342.0,0.5927,5061.0,0.5929,342.0
1753600293845,07:11:33.845,gateio,ACE/USDT:USDT,0.5913,5073.0,0.5908,342.0,0.5927,5061.0,0.5929,342.0
1753600294784,07:11:34.784,gateio,ACE/USDT:USDT,0.5913,5073.0,0.5908,342.0,0.5927,5061.0,0.5929,342.0
1753600294948,07:11:34.948,gateio,ACE/USDT:USDT,0.5913,5073.0,0.5908,342.0,0.5927,5061.0,0.5929,342.0
1753600295082,07:11:35.082,gateio,ACE/USDT:USDT,0.5913,5073.0,0.5908,342.0,0.5927,5061.0,0.5929,342.0
1753600295639,07:11:35.639,gateio,ACE/USDT:USDT,0.5913,5073.0,0.5908,342.0,0.5927,5061.0,0.5929,342.0
1753600296232,07:11:36.232,gateio,ACE/USDT:USDT,0.5909,5077.0,0.5908,507.0,0.5927,5061.0,0.5929,342.0
1753600296334,07:11:36.334,gateio,ACE/USDT:USDT,0.591,342.0,0.5909,5095.0,0.5925,5063.0,0.5926,1342.0
1753600296425,07:11:36.425,gateio,ACE/USDT:USDT,0.591,5418.0,0.5909,36.0,0.5925,5063.0,0.5926,1342.0
1753600296628,07:11:36.628,gateio,ACE/USDT:USDT,0.591,5418.0,0.5909,36.0,0.5925,5063.0,0.5926,342.0
1753600296760,07:11:36.760,gateio,ACE/USDT:USDT,0.591,5076.0,0.5909,378.0,0.5925,5063.0,0.5929,342.0
1753600296862,07:11:36.862,gateio,ACE/USDT:USDT,0.591,5076.0,0.5909,378.0,0.5925,5063.0,0.5929,342.0
1753600297177,07:11:37.177,gateio,ACE/USDT:USDT,0.591,5076.0,0.5909,378.0,0.5925,5063.0,0.5929,342.0
1753600297364,07:11:37.364,gateio,ACE/USDT:USDT,0.591,5076.0,0.5909,378.0,0.5925,5063.0,0.5929,342.0
1753600297603,07:11:37.603,gateio,ACE/USDT:USDT,0.591,5076.0,0.5909,378.0,0.5925,5063.0,0.5929,342.0
1753600298710,07:11:38.710,gateio,ACE/USDT:USDT,0.591,15228.0,0.5909,360.0,0.5925,5063.0,0.5929,342.0
1753600298831,07:11:38.831,gateio,ACE/USDT:USDT,0.5909,10514.0,0.5907,2725.0,0.5925,5063.0,0.5929,342.0
1753600298923,07:11:38.923,gateio,ACE/USDT:USDT,0.5909,10172.0,0.5908,342.0,0.5924,342.0,0.5925,5063.0
1753600299122,07:11:39.122,gateio,ACE/USDT:USDT,0.5909,10190.0,0.5908,342.0,0.5923,5065.0,0.5924,342.0
1753600299259,07:11:39.259,gateio,ACE/USDT:USDT,0.5909,10190.0,0.5908,342.0,0.5923,5065.0,0.5929,342.0
1753600299413,07:11:39.413,gateio,ACE/USDT:USDT,0.5909,10190.0,0.5908,342.0,0.5923,5065.0,0.5929,342.0
1753600300075,07:11:40.075,gateio,ACE/USDT:USDT,0.5909,10190.0,0.5908,342.0,0.5923,5065.0,0.5929,342.0
1753600300327,07:11:40.327,gateio,ACE/USDT:USDT,0.5909,11036.0,0.5908,342.0,0.5923,5065.0,0.5929,342.0
1753600300377,07:11:40.377,gateio,ACE/USDT:USDT,0.591,4834.0,0.5909,16113.0,0.5923,5065.0,0.5929,342.0
1753600300493,07:11:40.493,gateio,ACE/USDT:USDT,0.591,4834.0,0.5909,16113.0,0.5923,5065.0,0.5929,342.0
1753600300585,07:11:40.585,gateio,ACE/USDT:USDT,0.591,4834.0,0.5909,16113.0,0.5923,5065.0,0.5929,342.0
1753600301311,07:11:41.311,gateio,ACE/USDT:USDT,0.591,4834.0,0.5909,16113.0,0.5923,5065.0,0.5929,342.0
1753600301572,07:11:41.572,gateio,ACE/USDT:USDT,0.591,4834.0,0.5909,16113.0,0.5923,5065.0,0.5929,342.0
1753600301729,07:11:41.729,gateio,ACE/USDT:USDT,0.591,4834.0,0.5909,16113.0,0.5923,5065.0,0.5929,342.0
1753600301870,07:11:41.870,gateio,ACE/USDT:USDT,0.591,4852.0,0.5909,16095.0,0.5923,5065.0,0.5929,342.0
1753600302155,07:11:42.155,gateio,ACE/USDT:USDT,0.591,4870.0,0.5909,16077.0,0.5923,5065.0,0.5929,342.0
1753600302836,07:11:42.836,gateio,ACE/USDT:USDT,0.592,296.0,0.5911,16560.0,0.5929,342.0,0.593,1191.0
1753600302936,07:11:42.936,gateio,ACE/USDT:USDT,0.592,1346.0,0.5911,6557.0,0.5929,184.0,0.593,1191.0
1753600303027,07:11:43.027,gateio,ACE/USDT:USDT,0.592,593.0,0.5911,6557.0,0.5929,184.0,0.593,1191.0
1753600303106,07:11:43.106,gateio,ACE/USDT:USDT,0.592,593.0,0.5919,92.0,0.5929,184.0,0.593,1191.0
1753600303145,07:11:43.145,gateio,ACE/USDT:USDT,0.592,389.0,0.5919,92.0,0.5929,184.0,0.593,1191.0
1753600303362,07:11:43.362,gateio,ACE/USDT:USDT,0.592,389.0,0.5919,92.0,0.5929,184.0,0.593,1191.0
1753600303445,07:11:43.445,gateio,ACE/USDT:USDT,0.592,585.0,0.5919,92.0,0.5929,184.0,0.593,1191.0
1753600303601,07:11:43.601,gateio,ACE/USDT:USDT,0.592,389.0,0.5919,92.0,0.5929,184.0,0.593,1191.0
1753600303663,07:11:43.663,gateio,ACE/USDT:USDT,0.592,389.0,0.5919,92.0,0.5929,184.0,0.593,1191.0
1753600303819,07:11:43.819,gateio,ACE/USDT:USDT,0.592,92.0,0.5919,92.0,0.5929,184.0,0.593,1191.0
1753600304193,07:11:44.193,gateio,ACE/USDT:USDT,0.592,92.0,0.5919,92.0,0.5929,184.0,0.593,1191.0
1753600304247,07:11:44.247,gateio,ACE/USDT:USDT,0.592,288.0,0.5919,92.0,0.5929,184.0,0.593,1191.0
1753600304344,07:11:44.344,gateio,ACE/USDT:USDT,0.592,92.0,0.5919,92.0,0.5929,184.0,0.593,1191.0
1753600304619,07:11:44.619,gateio,ACE/USDT:USDT,0.592,92.0,0.5919,92.0,0.593,1191.0,0.594,342.0
1753600304822,07:11:44.822,gateio,ACE/USDT:USDT,0.592,296.0,0.5919,92.0,0.593,1191.0,0.594,342.0
1753600304844,07:11:44.844,gateio,ACE/USDT:USDT,0.592,92.0,0.5919,92.0,0.593,1191.0,0.594,342.0
1753600305103,07:11:45.103,gateio,ACE/USDT:USDT,0.592,92.0,0.5919,92.0,0.593,1191.0,0.594,342.0
1753600305528,07:11:45.528,gateio,ACE/USDT:USDT,0.592,92.0,0.5919,92.0,0.593,1191.0,0.594,342.0
1753600305635,07:11:45.635,gateio,ACE/USDT:USDT,0.592,288.0,0.5919,92.0,0.593,1191.0,0.594,342.0
1753600305679,07:11:45.679,gateio,ACE/USDT:USDT,0.592,92.0,0.5919,92.0,0.593,1191.0,0.594,342.0
1753600306316,07:11:46.316,gateio,ACE/USDT:USDT,0.592,92.0,0.5919,92.0,0.593,1191.0,0.594,342.0
1753600306345,07:11:46.345,gateio,ACE/USDT:USDT,0.592,288.0,0.5919,92.0,0.593,1191.0,0.594,342.0
1753600306444,07:11:46.444,gateio,ACE/USDT:USDT,0.592,92.0,0.5919,92.0,0.593,1191.0,0.594,342.0
1753600306679,07:11:46.679,gateio,ACE/USDT:USDT,0.592,92.0,0.5919,92.0,0.593,1283.0,0.594,342.0
1753600307626,07:11:47.626,gateio,ACE/USDT:USDT,0.5928,1.0,0.5911,6557.0,0.593,1375.0,0.5931,92.0
1753600307735,07:11:47.735,gateio,ACE/USDT:USDT,0.5913,1000.0,0.5912,6074.0,0.5929,342.0,0.593,1283.0
1753600307781,07:11:47.781,gateio,ACE/USDT:USDT,0.5915,1000.0,0.5914,5072.0,0.593,1625.0,0.5931,92.0
1753600307923,07:11:47.923,gateio,ACE/USDT:USDT,0.5916,5070.0,0.5915,1000.0,0.593,1625.0,0.5931,92.0
1753600307972,07:11:47.972,gateio,ACE/USDT:USDT,0.592,92.0,0.5916,5070.0,0.593,1375.0,0.5931,434.0
1753600308341,07:11:48.341,gateio,ACE/USDT:USDT,0.592,92.0,0.5916,5070.0,0.593,1375.0,0.5931,434.0
1753600308494,07:11:48.494,gateio,ACE/USDT:USDT,0.592,92.0,0.5916,5070.0,0.593,1375.0,0.5931,434.0
1753600308550,07:11:48.550,gateio,ACE/USDT:USDT,0.592,288.0,0.5917,342.0,0.593,1375.0,0.5931,92.0
1753600308651,07:11:48.651,gateio,ACE/USDT:USDT,0.592,92.0,0.5916,5070.0,0.593,1375.0,0.5931,434.0
1753600308896,07:11:48.896,gateio,ACE/USDT:USDT,0.592,92.0,0.5916,5070.0,0.593,1375.0,0.5931,434.0
1753600309173,07:11:49.173,gateio,ACE/USDT:USDT,0.592,92.0,0.5916,5070.0,0.593,1375.0,0.5931,434.0
1753600309251,07:11:49.251,gateio,ACE/USDT:USDT,0.592,288.0,0.5917,342.0,0.593,1375.0,0.5931,92.0
1753600309358,07:11:49.358,gateio,ACE/USDT:USDT,0.592,92.0,0.5916,5070.0,0.593,1375.0,0.5931,434.0
1753600309483,07:11:49.483,gateio,ACE/USDT:USDT,0.592,92.0,0.5916,5070.0,0.593,1375.0,0.5931,434.0
1753600309960,07:11:49.960,gateio,ACE/USDT:USDT,0.592,92.0,0.5916,5070.0,0.593,1375.0,0.5931,434.0
1753600310061,07:11:50.061,gateio,ACE/USDT:USDT,0.592,288.0,0.5917,342.0,0.593,1375.0,0.5931,92.0
1753600310151,07:11:50.151,gateio,ACE/USDT:USDT,0.592,92.0,0.5916,5070.0,0.593,1375.0,0.5931,434.0
1753600310400,07:11:50.400,gateio,ACE/USDT:USDT,0.592,92.0,0.5916,5070.0,0.593,1375.0,0.5931,434.0
1753600310628,07:11:50.628,gateio,ACE/USDT:USDT,0.5921,5066.0,0.592,184.0,0.593,1191.0,0.594,342.0
1753600310725,07:11:50.725,gateio,ACE/USDT:USDT,0.5921,5066.0,0.592,184.0,0.593,1191.0,0.594,342.0
1753600310770,07:11:50.770,gateio,ACE/USDT:USDT,0.5921,5066.0,0.592,184.0,0.593,1191.0,0.594,342.0
1753600311131,07:11:51.131,gateio,ACE/USDT:USDT,0.5921,5066.0,0.592,184.0,0.593,1191.0,0.594,342.0
1753600311231,07:11:51.231,gateio,ACE/USDT:USDT,0.5921,5066.0,0.592,380.0,0.593,1191.0,0.594,342.0
1753600311246,07:11:51.246,gateio,ACE/USDT:USDT,0.5921,5066.0,0.592,184.0,0.593,1191.0,0.594,342.0
1753600311461,07:11:51.461,gateio,ACE/USDT:USDT,0.5921,5066.0,0.592,184.0,0.593,1191.0,0.594,342.0
1753600312584,07:11:52.584,gateio,ACE/USDT:USDT,0.5921,5066.0,0.592,184.0,0.593,1191.0,0.594,342.0
1753600312691,07:11:52.691,gateio,ACE/USDT:USDT,0.5922,4144.0,0.5921,5066.0,0.593,1191.0,0.594,342.0
1753600312870,07:11:52.870,gateio,ACE/USDT:USDT,0.5922,4144.0,0.5921,5066.0,0.593,1191.0,0.594,342.0
1753600313298,07:11:53.298,gateio,ACE/USDT:USDT,0.5922,4144.0,0.5921,5066.0,0.593,1191.0,0.594,342.0
1753600313346,07:11:53.346,gateio,ACE/USDT:USDT,0.5922,4144.0,0.5921,5066.0,0.593,1191.0,0.594,342.0
1753600313444,07:11:53.444,gateio,ACE/USDT:USDT,0.5922,4144.0,0.5921,5066.0,0.593,1191.0,0.594,342.0
1753600316420,07:11:56.420,gateio,ACE/USDT:USDT,0.5922,4144.0,0.5921,5066.0,0.593,1191.0,0.594,342.0
1753600316446,07:11:56.446,gateio,ACE/USDT:USDT,0.5922,4144.0,0.5921,5066.0,0.593,1191.0,0.594,342.0
1753600316544,07:11:56.544,gateio,ACE/USDT:USDT,0.5922,4144.0,0.5921,5066.0,0.593,1191.0,0.594,342.0
1753600318438,07:11:58.438,gateio,ACE/USDT:USDT,0.5923,5249.0,0.5917,342.0,0.593,1191.0,0.594,342.0
1753600318528,07:11:58.528,gateio,ACE/USDT:USDT,0.5924,4428.0,0.5923,5249.0,0.593,1191.0,0.594,342.0
1753600318580,07:11:58.580,gateio,ACE/USDT:USDT,0.5923,5249.0,0.5917,9896.0,0.593,1191.0,0.594,342.0
1753600319394,07:11:59.394,gateio,ACE/USDT:USDT,0.5923,5249.0,0.5917,9896.0,0.593,1191.0,0.594,342.0
1753600319445,07:11:59.445,gateio,ACE/USDT:USDT,0.5923,5249.0,0.592,196.0,0.593,1191.0,0.594,342.0
1753600319544,07:11:59.544,gateio,ACE/USDT:USDT,0.5923,5249.0,0.5917,9896.0,0.593,1191.0,0.594,342.0
1753600319816,07:11:59.816,gateio,ACE/USDT:USDT,0.5923,5249.0,0.5917,9896.0,0.593,1191.0,0.594,342.0
1753600319937,07:11:59.937,gateio,ACE/USDT:USDT,0.5923,5249.0,0.5917,9896.0,0.593,1191.0,0.594,342.0
1753600320233,07:12:00.233,gateio,ACE/USDT:USDT,0.5923,5249.0,0.5917,9896.0,0.593,1191.0,0.594,342.0
1753600320981,07:12:00.981,gateio,ACE/USDT:USDT,0.5923,10314.0,0.5917,9896.0,0.593,1191.0,0.5941,342.0
1753600321052,07:12:01.052,gateio,ACE/USDT:USDT,0.5923,10314.0,0.5917,9896.0,0.593,1191.0,0.5941,342.0
1753600321280,07:12:01.280,gateio,ACE/USDT:USDT,0.5923,5249.0,0.5917,9896.0,0.593,1375.0,0.5941,342.0
1753600327401,07:12:07.401,gateio,ACE/USDT:USDT,0.5923,184.0,0.5917,9896.0,0.593,1375.0,0.5941,342.0
1753600327531,07:12:07.531,gateio,ACE/USDT:USDT,0.5917,9896.0,0.5916,142.0,0.593,1375.0,0.5941,478.0
1753600327549,07:12:07.549,gateio,ACE/USDT:USDT,0.5918,5069.0,0.5917,9896.0,0.593,1283.0,0.5941,478.0
1753600327736,07:12:07.736,gateio,ACE/USDT:USDT,0.592,5067.0,0.5919,4562.0,0.593,1191.0,0.5941,478.0
1753600327739,07:12:07.739,gateio,ACE/USDT:USDT,0.592,5067.0,0.5918,10138.0,0.593,1191.0,0.5941,478.0
1753600327949,07:12:07.949,gateio,ACE/USDT:USDT,0.592,5067.0,0.5918,10138.0,0.593,1191.0,0.5941,478.0
1753600328375,07:12:08.375,gateio,ACE/USDT:USDT,0.592,5067.0,0.5918,10138.0,0.593,1191.0,0.5941,478.0
1753600331947,07:12:11.947,gateio,ACE/USDT:USDT,0.592,5067.0,0.5918,10138.0,0.593,1191.0,0.5941,478.0
1753600332054,07:12:12.054,gateio,ACE/USDT:USDT,0.592,5263.0,0.5918,10138.0,0.593,1191.0,0.5941,478.0
1753600332416,07:12:12.416,gateio,ACE/USDT:USDT,0.592,5263.0,0.5918,10138.0,0.593,1191.0,0.5941,478.0
1753600338432,07:12:18.432,gateio,ACE/USDT:USDT,0.592,5263.0,0.5917,9896.0,0.593,1191.0,0.5941,478.0
1753600338521,07:12:18.521,gateio,ACE/USDT:USDT,0.592,5067.0,0.5917,342.0,0.593,1191.0,0.5941,478.0
1753600338584,07:12:18.584,gateio,ACE/USDT:USDT,0.5918,5069.0,0.5914,6858.0,0.593,1191.0,0.594,342.0
1753600338889,07:12:18.889,gateio,ACE/USDT:USDT,0.5919,5068.0,0.5918,10138.0,0.593,1191.0,0.594,342.0
1753600338939,07:12:18.939,gateio,ACE/USDT:USDT,0.5919,5068.0,0.5918,10138.0,0.593,1191.0,0.594,342.0
1753600339045,07:12:19.045,gateio,ACE/USDT:USDT,0.592,196.0,0.5919,5068.0,0.593,1191.0,0.594,342.0
1753600339304,07:12:19.304,gateio,ACE/USDT:USDT,0.592,196.0,0.5919,5068.0,0.593,1191.0,0.594,342.0
1753600340122,07:12:20.122,gateio,ACE/USDT:USDT,0.592,196.0,0.5919,5068.0,0.593,1191.0,0.594,342.0
1753600340542,07:12:20.542,gateio,ACE/USDT:USDT,0.592,196.0,0.5919,5068.0,0.593,1191.0,0.594,342.0
1753600343957,07:12:23.957,gateio,ACE/USDT:USDT,0.592,196.0,0.5919,5068.0,0.593,1191.0,0.594,342.0
1753600344590,07:12:24.590,gateio,ACE/USDT:USDT,0.592,196.0,0.5919,5068.0,0.593,1191.0,0.594,342.0
1753600344678,07:12:24.678,gateio,ACE/USDT:USDT,0.592,204.0,0.5919,5068.0,0.593,1191.0,0.594,342.0
1753600345333,07:12:25.333,gateio,ACE/USDT:USDT,0.592,204.0,0.5919,5068.0,0.593,1191.0,0.594,342.0
1753600345402,07:12:25.402,gateio,ACE/USDT:USDT,0.5919,5068.0,0.5915,3777.0,0.593,1191.0,0.594,342.0
1753600345445,07:12:25.445,gateio,ACE/USDT:USDT,0.592,196.0,0.5919,5068.0,0.593,1191.0,0.594,342.0
1753600347727,07:12:27.727,gateio,ACE/USDT:USDT,0.592,4765.0,0.5919,15204.0,0.593,1191.0,0.594,342.0
1753600347831,07:12:27.831,gateio,ACE/USDT:USDT,0.592,4765.0,0.5919,15204.0,0.593,1191.0,0.594,342.0
1753600347838,07:12:27.838,gateio,ACE/USDT:USDT,0.592,4561.0,0.5919,15204.0,0.593,1191.0,0.594,342.0
1753600348769,07:12:28.769,gateio,ACE/USDT:USDT,0.592,4765.0,0.5919,15204.0,0.593,1191.0,0.594,342.0
1753600348908,07:12:28.908,gateio,ACE/USDT:USDT,0.592,4561.0,0.5919,15204.0,0.593,1191.0,0.594,342.0
1753600349500,07:12:29.500,gateio,ACE/USDT:USDT,0.592,10136.0,0.5919,5068.0,0.593,1191.0,0.594,342.0
1753600351021,07:12:31.021,gateio,ACE/USDT:USDT,0.592,10340.0,0.5919,5068.0,0.593,1191.0,0.594,342.0
1753600360460,07:12:40.460,gateio,ACE/USDT:USDT,0.592,10136.0,0.5919,5068.0,0.593,1191.0,0.594,342.0
1753600360553,07:12:40.553,gateio,ACE/USDT:USDT,0.592,10136.0,0.5919,5068.0,0.593,1191.0,0.594,342.0
1753600375936,07:12:55.936,gateio,ACE/USDT:USDT,0.5919,5068.0,0.5916,342.0,0.593,1191.0,0.594,342.0
1753600375959,07:12:55.959,gateio,ACE/USDT:USDT,0.592,4561.0,0.5919,15204.0,0.593,1191.0,0.594,342.0
1753600376605,07:12:56.605,gateio,ACE/USDT:USDT,0.5919,10136.0,0.5916,342.0,0.593,1191.0,0.594,342.0
1753600376800,07:12:56.800,gateio,ACE/USDT:USDT,0.5919,10136.0,0.5916,342.0,0.593,6250.0,0.594,342.0
1753600376856,07:12:56.856,gateio,ACE/USDT:USDT,0.5919,10136.0,0.5916,342.0,0.593,6250.0,0.594,342.0
1753600377302,07:12:57.302,gateio,ACE/USDT:USDT,0.5919,10136.0,0.5916,342.0,0.593,6250.0,0.594,342.0
1753600377345,07:12:57.345,gateio,ACE/USDT:USDT,0.592,196.0,0.5919,10136.0,0.593,6250.0,0.594,342.0
1753600377691,07:12:57.691,gateio,ACE/USDT:USDT,0.592,196.0,0.5919,10136.0,0.593,6250.0,0.594,342.0
1753600378514,07:12:58.514,gateio,ACE/USDT:USDT,0.592,196.0,0.5919,10136.0,0.593,6250.0,0.594,342.0
1753600378929,07:12:58.929,gateio,ACE/USDT:USDT,0.592,196.0,0.5919,10136.0,0.593,6250.0,0.594,342.0
1753600380376,07:13:00.376,gateio,ACE/USDT:USDT,0.592,196.0,0.5915,342.0,0.593,6250.0,0.594,342.0
1753600380458,07:13:00.458,gateio,ACE/USDT:USDT,0.5917,1000.0,0.5916,5070.0,0.593,6250.0,0.594,342.0
1753600380604,07:13:00.604,gateio,ACE/USDT:USDT,0.5917,1000.0,0.5916,5070.0,0.593,6592.0,0.5941,136.0
1753600380675,07:13:00.675,gateio,ACE/USDT:USDT,0.5917,1000.0,0.5916,5070.0,0.593,6250.0,0.594,342.0
1753600380955,07:13:00.955,gateio,ACE/USDT:USDT,0.5917,1000.0,0.5916,5070.0,0.593,6250.0,0.594,342.0
1753600381044,07:13:01.044,gateio,ACE/USDT:USDT,0.592,196.0,0.5917,1000.0,0.593,6250.0,0.594,342.0
1753600381144,07:13:01.144,gateio,ACE/USDT:USDT,0.5917,1000.0,0.5916,5070.0,0.593,6250.0,0.594,342.0
1753600381353,07:13:01.353,gateio,ACE/USDT:USDT,0.5917,1000.0,0.5916,5070.0,0.593,6250.0,0.594,342.0
1753600384348,07:13:04.348,gateio,ACE/USDT:USDT,0.5917,1000.0,0.5916,5070.0,0.593,6250.0,0.594,342.0
1753600384475,07:13:04.475,gateio,ACE/USDT:USDT,0.5917,1000.0,0.5916,5070.0,0.593,6250.0,0.594,342.0
1753600384595,07:13:04.595,gateio,ACE/USDT:USDT,0.5917,1000.0,0.5916,5070.0,0.593,6250.0,0.594,342.0
1753600385018,07:13:05.018,gateio,ACE/USDT:USDT,0.5917,11140.0,0.5916,5070.0,0.593,6250.0,0.594,342.0
1753600385045,07:13:05.045,gateio,ACE/USDT:USDT,0.592,196.0,0.5917,11140.0,0.593,6250.0,0.594,342.0
1753600385414,07:13:05.414,gateio,ACE/USDT:USDT,0.592,196.0,0.5917,11140.0,0.593,6250.0,0.594,342.0
1753600386519,07:13:06.519,gateio,ACE/USDT:USDT,0.592,196.0,0.5917,1000.0,0.593,6250.0,0.594,342.0
1753600386634,07:13:06.634,gateio,ACE/USDT:USDT,0.5917,11140.0,0.5916,5070.0,0.593,6250.0,0.594,342.0
1753600386646,07:13:06.646,gateio,ACE/USDT:USDT,0.592,196.0,0.5917,11140.0,0.593,6250.0,0.594,342.0
1753600387048,07:13:07.048,gateio,ACE/USDT:USDT,0.592,196.0,0.5917,11140.0,0.593,6250.0,0.594,342.0
1753600387341,07:13:07.341,gateio,ACE/USDT:USDT,0.592,196.0,0.5917,11140.0,0.593,6250.0,0.594,342.0
1753600388335,07:13:08.335,gateio,ACE/USDT:USDT,0.592,10332.0,0.5917,1000.0,0.593,6250.0,0.594,342.0
1753600388353,07:13:08.353,gateio,ACE/USDT:USDT,0.592,10340.0,0.5917,1000.0,0.593,6250.0,0.594,342.0
1753600388444,07:13:08.444,gateio,ACE/USDT:USDT,0.592,10136.0,0.5917,1000.0,0.593,6250.0,0.594,342.0
1753600388666,07:13:08.666,gateio,ACE/USDT:USDT,0.592,10136.0,0.5917,1000.0,0.593,6250.0,0.594,342.0
1753600389614,07:13:09.614,gateio,ACE/USDT:USDT,0.592,10136.0,0.5917,1000.0,0.593,6250.0,0.594,342.0
1753600390519,07:13:10.519,gateio,ACE/USDT:USDT,0.5917,1000.0,0.5916,5070.0,0.5929,5059.0,0.593,1191.0
1753600390586,07:13:10.586,gateio,ACE/USDT:USDT,0.5917,1000.0,0.5916,5070.0,0.5929,5059.0,0.593,1191.0
1753600390695,07:13:10.695,gateio,ACE/USDT:USDT,0.5917,1000.0,0.5916,5070.0,0.5929,5059.0,0.593,1191.0
1753600391022,07:13:11.022,gateio,ACE/USDT:USDT,0.5918,3378.0,0.5917,11140.0,0.5929,5059.0,0.593,1191.0
1753600391131,07:13:11.131,gateio,ACE/USDT:USDT,0.5917,1000.0,0.5916,5070.0,0.5929,5059.0,0.593,1191.0
1753600391575,07:13:11.575,gateio,ACE/USDT:USDT,0.5917,1000.0,0.5916,5070.0,0.5929,5059.0,0.593,1191.0
1753600392800,07:13:12.800,gateio,ACE/USDT:USDT,0.5917,1000.0,0.5916,5070.0,0.593,1191.0,0.594,342.0
1753600393098,07:13:13.098,gateio,ACE/USDT:USDT,0.5917,1000.0,0.5916,5070.0,0.593,1191.0,0.594,342.0
1753600393187,07:13:13.187,gateio,ACE/USDT:USDT,0.5917,1000.0,0.5916,5070.0,0.593,1191.0,0.594,342.0
1753600393631,07:13:13.631,gateio,ACE/USDT:USDT,0.5917,1000.0,0.5916,5070.0,0.593,1191.0,0.594,342.0
1753600398142,07:13:18.142,gateio,ACE/USDT:USDT,0.5917,1000.0,0.5916,5070.0,0.593,1191.0,0.594,342.0
1753600399958,07:13:19.958,gateio,ACE/USDT:USDT,0.5917,1000.0,0.5916,5070.0,0.5929,5059.0,0.593,1191.0
1753600400122,07:13:20.122,gateio,ACE/USDT:USDT,0.5917,1000.0,0.5916,5070.0,0.5929,5059.0,0.593,1191.0
1753600400362,07:13:20.362,gateio,ACE/USDT:USDT,0.5917,1000.0,0.5916,5070.0,0.5929,5059.0,0.593,1191.0
1753600400529,07:13:20.529,gateio,ACE/USDT:USDT,0.5917,1000.0,0.5916,5070.0,0.5929,5059.0,0.593,1191.0
1753600400530,07:13:20.530,gateio,ACE/USDT:USDT,0.5917,1000.0,0.5916,5070.0,0.5929,5059.0,0.593,1191.0
1753600400649,07:13:20.649,gateio,ACE/USDT:USDT,0.592,196.0,0.5917,1000.0,0.5929,5059.0,0.593,1191.0
1753600400744,07:13:20.744,gateio,ACE/USDT:USDT,0.5917,1000.0,0.5916,5070.0,0.5929,5059.0,0.593,1191.0
1753600402458,07:13:22.458,gateio,ACE/USDT:USDT,0.5917,1000.0,0.5916,5070.0,0.5929,5059.0,0.593,1191.0
1753600402598,07:13:22.598,gateio,ACE/USDT:USDT,0.5917,1000.0,0.5916,5070.0,0.5929,5151.0,0.593,1191.0
1753600402684,07:13:22.684,gateio,ACE/USDT:USDT,0.5917,1000.0,0.5916,5070.0,0.5929,5151.0,0.593,1191.0
1753600403019,07:13:23.019,gateio,ACE/USDT:USDT,0.5917,1000.0,0.5916,5070.0,0.5929,5151.0,0.593,1191.0
1753600403114,07:13:23.114,gateio,ACE/USDT:USDT,0.5917,11140.0,0.5916,5070.0,0.593,1191.0,0.594,342.0
1753600403179,07:13:23.179,gateio,ACE/USDT:USDT,0.592,196.0,0.5918,3445.0,0.593,1191.0,0.594,342.0
1753600403434,07:13:23.434,gateio,ACE/USDT:USDT,0.592,196.0,0.5918,3445.0,0.593,1191.0,0.594,342.0
1753600403441,07:13:23.441,gateio,ACE/USDT:USDT,0.592,196.0,0.5918,3445.0,0.593,1191.0,0.594,342.0
1753600404013,07:13:24.013,gateio,ACE/USDT:USDT,0.592,196.0,0.5918,3445.0,0.593,1191.0,0.594,342.0
1753600404333,07:13:24.333,gateio,ACE/USDT:USDT,0.592,196.0,0.5918,3445.0,0.593,1191.0,0.594,342.0
1753600404714,07:13:24.714,gateio,ACE/USDT:USDT,0.592,10136.0,0.5917,1342.0,0.593,1191.0,0.594,342.0
1753600404783,07:13:24.783,gateio,ACE/USDT:USDT,0.592,10136.0,0.5917,1342.0,0.593,1191.0,0.594,342.0
1753600405498,07:13:25.498,gateio,ACE/USDT:USDT,0.592,10136.0,0.5917,1342.0,0.593,1191.0,0.594,342.0
1753600405556,07:13:25.556,gateio,ACE/USDT:USDT,0.592,10136.0,0.5917,1342.0,0.593,1191.0,0.594,342.0
1753600405915,07:13:25.915,gateio,ACE/USDT:USDT,0.592,10136.0,0.5917,1342.0,0.593,1191.0,0.594,342.0
1753600410361,07:13:30.361,gateio,ACE/USDT:USDT,0.592,10136.0,0.5917,1342.0,0.593,1191.0,0.594,342.0
1753600410450,07:13:30.450,gateio,ACE/USDT:USDT,0.592,10332.0,0.5917,1342.0,0.593,1191.0,0.594,342.0
1753600410544,07:13:30.544,gateio,ACE/USDT:USDT,0.592,10136.0,0.5917,1342.0,0.593,1191.0,0.594,342.0
1753600416023,07:13:36.023,gateio,ACE/USDT:USDT,0.592,10136.0,0.5917,1342.0,0.593,1191.0,0.594,342.0
1753600416049,07:13:36.049,gateio,ACE/USDT:USDT,0.592,10332.0,0.5917,1342.0,0.593,1191.0,0.594,342.0
1753600416145,07:13:36.145,gateio,ACE/USDT:USDT,0.592,10136.0,0.5917,1342.0,0.593,1191.0,0.594,342.0
1753600417201,07:13:37.201,gateio,ACE/USDT:USDT,0.592,10136.0,0.5917,1342.0,0.593,1191.0,0.594,342.0
1753600417330,07:13:37.330,gateio,ACE/USDT:USDT,0.5918,5069.0,0.5917,1342.0,0.593,1191.0,0.594,342.0
1753600417424,07:13:37.424,gateio,ACE/USDT:USDT,0.5918,5069.0,0.5917,1342.0,0.593,1191.0,0.594,342.0
1753600417523,07:13:37.523,gateio,ACE/USDT:USDT,0.5918,5069.0,0.5917,1342.0,0.593,1191.0,0.594,342.0
1753600417596,07:13:37.596,gateio,ACE/USDT:USDT,0.5918,5069.0,0.5917,1342.0,0.593,1191.0,0.594,342.0
1753600417834,07:13:37.834,gateio,ACE/USDT:USDT,0.5918,15207.0,0.5917,1342.0,0.593,1191.0,0.594,342.0
1753600417853,07:13:37.853,gateio,ACE/USDT:USDT,0.592,196.0,0.5919,4562.0,0.593,1191.0,0.594,342.0
1753600419426,07:13:39.426,gateio,ACE/USDT:USDT,0.592,5068.0,0.5918,5069.0,0.593,1191.0,0.594,342.0
1753600419444,07:13:39.444,gateio,ACE/USDT:USDT,0.592,5264.0,0.5918,5069.0,0.593,1191.0,0.594,342.0
1753600419657,07:13:39.657,gateio,ACE/USDT:USDT,0.592,5264.0,0.5918,5069.0,0.593,1191.0,0.594,342.0
1753600420290,07:13:40.290,gateio,ACE/USDT:USDT,0.5918,5069.0,0.5917,342.0,0.593,1191.0,0.594,342.0
1753600420346,07:13:40.346,gateio,ACE/USDT:USDT,0.592,196.0,0.5918,5069.0,0.593,1191.0,0.594,342.0
1753600421821,07:13:41.821,gateio,ACE/USDT:USDT,0.592,10136.0,0.5918,5069.0,0.593,1191.0,0.594,342.0
1753600421863,07:13:41.863,gateio,ACE/USDT:USDT,0.592,10332.0,0.5918,5069.0,0.593,1191.0,0.594,342.0
1753600422092,07:13:42.092,gateio,ACE/USDT:USDT,0.592,10332.0,0.5918,5069.0,0.593,1191.0,0.594,342.0
1753600423758,07:13:43.758,gateio,ACE/USDT:USDT,0.592,10332.0,0.5918,5069.0,0.593,1191.0,0.594,342.0
1753600428033,07:13:48.033,gateio,ACE/USDT:USDT,0.592,10332.0,0.5918,5069.0,0.593,1191.0,0.594,342.0
1753600432421,07:13:52.421,gateio,ACE/USDT:USDT,0.5921,4622.0,0.592,15203.0,0.593,1191.0,0.594,342.0
1753600432502,07:13:52.502,gateio,ACE/USDT:USDT,0.5921,4622.0,0.592,15203.0,0.593,1191.0,0.594,342.0
1753600432604,07:13:52.604,gateio,ACE/USDT:USDT,0.5921,4622.0,0.592,15203.0,0.593,1191.0,0.594,342.0
1753600433424,07:13:53.424,gateio,ACE/USDT:USDT,0.5921,4622.0,0.592,15203.0,0.593,1191.0,0.594,342.0
1753600433445,07:13:53.445,gateio,ACE/USDT:USDT,0.5921,4622.0,0.592,15399.0,0.593,1191.0,0.594,342.0
1753600438435,07:13:58.435,gateio,ACE/USDT:USDT,0.592,15203.0,0.5916,342.0,0.593,1191.0,0.594,342.0
1753600438443,07:13:58.443,gateio,ACE/USDT:USDT,0.5921,4561.0,0.592,15407.0,0.593,1191.0,0.594,342.0
1753600438709,07:13:58.709,gateio,ACE/USDT:USDT,0.5921,4561.0,0.592,15203.0,0.593,1191.0,0.594,342.0
1753600440435,07:14:00.435,gateio,ACE/USDT:USDT,0.592,15203.0,0.5916,342.0,0.593,1191.0,0.594,342.0
1753600440443,07:14:00.443,gateio,ACE/USDT:USDT,0.5921,4561.0,0.592,15407.0,0.593,1191.0,0.594,342.0
1753600449389,07:14:09.389,gateio,ACE/USDT:USDT,0.5921,4561.0,0.592,15203.0,0.593,1191.0,0.594,342.0
1753600449458,07:14:09.458,gateio,ACE/USDT:USDT,0.5921,4561.0,0.592,15399.0,0.593,1191.0,0.594,342.0
1753600449618,07:14:09.618,gateio,ACE/USDT:USDT,0.5921,4561.0,0.592,15399.0,0.593,1191.0,0.594,342.0
1753600450457,07:14:10.457,gateio,ACE/USDT:USDT,0.5921,4561.0,0.592,15399.0,0.593,1191.0,0.594,342.0
1753600450898,07:14:10.898,gateio,ACE/USDT:USDT,0.5921,4561.0,0.592,15399.0,0.593,1191.0,0.594,342.0
1753600461199,07:14:21.199,gateio,ACE/USDT:USDT,0.592,5263.0,0.5916,342.0,0.593,1191.0,0.594,342.0
1753600461250,07:14:21.250,gateio,ACE/USDT:USDT,0.592,5067.0,0.5916,342.0,0.593,1191.0,0.594,342.0
1753600461385,07:14:21.385,gateio,ACE/USDT:USDT,0.592,5263.0,0.5916,342.0,0.593,1191.0,0.594,342.0
1753600461444,07:14:21.444,gateio,ACE/USDT:USDT,0.592,5067.0,0.5916,342.0,0.593,1191.0,0.594,342.0
1753600461799,07:14:21.799,gateio,ACE/USDT:USDT,0.592,5067.0,0.5916,342.0,0.593,1191.0,0.594,342.0
1753600461845,07:14:21.845,gateio,ACE/USDT:USDT,0.592,5263.0,0.5916,342.0,0.593,1191.0,0.594,342.0
1753600461944,07:14:21.944,gateio,ACE/USDT:USDT,0.592,5067.0,0.5916,342.0,0.593,1191.0,0.594,342.0
1753600462179,07:14:22.179,gateio,ACE/USDT:USDT,0.592,5912.0,0.5916,342.0,0.593,1191.0,0.594,342.0
1753600467195,07:14:27.195,gateio,ACE/USDT:USDT,0.592,5067.0,0.5916,342.0,0.593,1191.0,0.594,342.0
1753600476008,07:14:36.008,gateio,ACE/USDT:USDT,0.592,5067.0,0.5916,342.0,0.593,1191.0,0.594,342.0
1753600479426,07:14:39.426,gateio,ACE/USDT:USDT,0.592,5067.0,0.5916,342.0,0.593,1191.0,0.594,342.0
1753600479446,07:14:39.446,gateio,ACE/USDT:USDT,0.592,5263.0,0.5916,342.0,0.593,1191.0,0.594,342.0
1753600479544,07:14:39.544,gateio,ACE/USDT:USDT,0.592,5067.0,0.5916,342.0,0.593,1191.0,0.594,342.0
1753600481619,07:14:41.619,gateio,ACE/USDT:USDT,0.592,5067.0,0.5916,342.0,0.593,1191.0,0.594,342.0
1753600481734,07:14:41.734,gateio,ACE/USDT:USDT,0.5921,4163.0,0.592,5067.0,0.593,1191.0,0.594,342.0
1753600481822,07:14:41.822,gateio,ACE/USDT:USDT,0.592,15203.0,0.5916,342.0,0.593,1191.0,0.594,342.0
1753600481919,07:14:41.919,gateio,ACE/USDT:USDT,0.592,5067.0,0.5916,342.0,0.593,1191.0,0.594,342.0
1753600482020,07:14:42.020,gateio,ACE/USDT:USDT,0.5921,4021.0,0.592,15203.0,0.593,1191.0,0.594,342.0
1753600482107,07:14:42.107,gateio,ACE/USDT:USDT,0.5921,4021.0,0.592,10339.0,0.593,1191.0,0.594,342.0
1753600482766,07:14:42.766,gateio,ACE/USDT:USDT,0.5921,4021.0,0.592,10339.0,0.593,1191.0,0.594,342.0
1753600483033,07:14:43.033,gateio,ACE/USDT:USDT,0.5921,4021.0,0.592,10339.0,0.593,1191.0,0.594,342.0
1753600483421,07:14:43.421,gateio,ACE/USDT:USDT,0.5921,4021.0,0.592,10339.0,0.593,1191.0,0.594,342.0
1753600483632,07:14:43.632,gateio,ACE/USDT:USDT,0.592,5272.0,0.5912,342.0,0.593,1191.0,0.594,342.0
1753600483655,07:14:43.655,gateio,ACE/USDT:USDT,0.592,5068.0,0.5912,342.0,0.593,1191.0,0.594,342.0
1753600483905,07:14:43.905,gateio,ACE/USDT:USDT,0.592,5068.0,0.5912,342.0,0.593,1191.0,0.594,342.0
1753600483988,07:14:43.988,gateio,ACE/USDT:USDT,0.592,5068.0,0.5912,342.0,0.593,1191.0,0.594,342.0
1753600484130,07:14:44.130,gateio,ACE/USDT:USDT,0.592,5068.0,0.5912,342.0,0.593,1191.0,0.594,342.0
1753600484223,07:14:44.223,gateio,ACE/USDT:USDT,0.5914,1000.0,0.5913,6073.0,0.593,1191.0,0.594,342.0
1753600484314,07:14:44.314,gateio,ACE/USDT:USDT,0.5915,5071.0,0.5914,6073.0,0.593,1191.0,0.594,342.0
1753600484374,07:14:44.374,gateio,ACE/USDT:USDT,0.5915,5071.0,0.5914,6073.0,0.5929,342.0,0.593,1191.0
1753600484535,07:14:44.535,gateio,ACE/USDT:USDT,0.5915,10143.0,0.5914,6415.0,0.593,1533.0,0.5941,136.0
1753600484549,07:14:44.549,gateio,ACE/USDT:USDT,0.5915,10143.0,0.5914,6415.0,0.593,1533.0,0.5941,136.0
1753600484869,07:14:44.869,gateio,ACE/USDT:USDT,0.5915,10988.0,0.5914,6415.0,0.593,1533.0,0.5941,136.0
1753600484945,07:14:44.945,gateio,ACE/USDT:USDT,0.5915,10988.0,0.5914,6415.0,0.593,1533.0,0.5941,136.0
1753600485048,07:14:45.048,gateio,ACE/USDT:USDT,0.5915,10988.0,0.5914,6415.0,0.593,1533.0,0.5941,136.0
1753600485391,07:14:45.391,gateio,ACE/USDT:USDT,0.5915,10988.0,0.5914,6415.0,0.593,1533.0,0.5941,136.0
1753600485518,07:14:45.518,gateio,ACE/USDT:USDT,0.5915,10988.0,0.5914,5415.0,0.593,1533.0,0.5941,136.0
1753600485545,07:14:45.545,gateio,ACE/USDT:USDT,0.5915,10988.0,0.5914,5415.0,0.593,1533.0,0.5941,136.0
1753600485823,07:14:45.823,gateio,ACE/USDT:USDT,0.5915,10988.0,0.5914,5415.0,0.593,1533.0,0.5941,136.0
1753600487500,07:14:47.500,gateio,ACE/USDT:USDT,0.5915,10998.0,0.5914,5415.0,0.593,1533.0,0.5941,136.0
1753600487545,07:14:47.545,gateio,ACE/USDT:USDT,0.5915,10998.0,0.5914,5415.0,0.593,1533.0,0.5941,136.0
1753600487644,07:14:47.644,gateio,ACE/USDT:USDT,0.5915,10998.0,0.5914,5415.0,0.593,1533.0,0.5941,136.0
1753600487834,07:14:47.834,gateio,ACE/USDT:USDT,0.5916,3662.0,0.5915,5071.0,0.5929,5059.0,0.593,1533.0
1753600487924,07:14:47.924,gateio,ACE/USDT:USDT,0.5911,6916.0,0.591,1000.0,0.5927,5061.0,0.5928,342.0
1753600488034,07:14:48.034,gateio,ACE/USDT:USDT,0.5912,7262.0,0.5911,653.0,0.5927,5061.0,0.5928,342.0
1753600488126,07:14:48.126,gateio,ACE/USDT:USDT,0.5914,3447.0,0.5913,11490.0,0.5929,434.0,0.593,1191.0
1753600488139,07:14:48.139,gateio,ACE/USDT:USDT,0.5914,3447.0,0.5913,11490.0,0.5929,434.0,0.593,1191.0
1753600488271,07:14:48.271,gateio,ACE/USDT:USDT,0.5914,3447.0,0.5913,11490.0,0.5929,434.0,0.593,1191.0
1753600488399,07:14:48.399,gateio,ACE/USDT:USDT,0.5914,10.0,0.5913,1342.0,0.5929,434.0,0.593,1191.0
1753600488517,07:14:48.517,gateio,ACE/USDT:USDT,0.5914,149.0,0.5913,1342.0,0.5929,434.0,0.593,1191.0
1753600488584,07:14:48.584,gateio,ACE/USDT:USDT,0.5914,10931.0,0.5913,1342.0,0.5929,434.0,0.593,1191.0
1753600488644,07:14:48.644,gateio,ACE/USDT:USDT,0.5914,10931.0,0.5913,1342.0,0.5929,434.0,0.593,1191.0
1753600488758,07:14:48.758,gateio,ACE/USDT:USDT,0.5914,10931.0,0.5913,1342.0,0.5929,434.0,0.593,1191.0
1753600489918,07:14:49.918,gateio,ACE/USDT:USDT,0.5915,5143.0,0.5914,16932.0,0.5929,92.0,0.593,1533.0
1753600490003,07:14:50.003,gateio,ACE/USDT:USDT,0.5915,5143.0,0.5914,16932.0,0.5929,92.0,0.593,1533.0
1753600490048,07:14:50.048,gateio,ACE/USDT:USDT,0.5915,5143.0,0.5914,16932.0,0.5929,92.0,0.593,1533.0
1753600490319,07:14:50.319,gateio,ACE/USDT:USDT,0.5915,3811.0,0.5914,11562.0,0.5929,92.0,0.593,1533.0
1753600490426,07:14:50.426,gateio,ACE/USDT:USDT,0.5915,3811.0,0.5914,10633.0,0.5929,92.0,0.593,1533.0
1753600490511,07:14:50.511,gateio,ACE/USDT:USDT,0.5915,342.0,0.5914,5221.0,0.5929,92.0,0.593,1533.0
1753600490546,07:14:50.546,gateio,ACE/USDT:USDT,0.5915,342.0,0.5914,5221.0,0.5929,92.0,0.593,1533.0
1753600490645,07:14:50.645,gateio,ACE/USDT:USDT,0.5915,342.0,0.5914,5221.0,0.5929,92.0,0.593,1533.0
1753600490823,07:14:50.823,gateio,ACE/USDT:USDT,0.5915,342.0,0.5914,5221.0,0.5929,92.0,0.593,1533.0
1753600491379,07:14:51.379,gateio,ACE/USDT:USDT,0.5915,639.0,0.5914,5211.0,0.5929,92.0,0.593,1533.0
1753600491504,07:14:51.504,gateio,ACE/USDT:USDT,0.5915,384.0,0.5914,5211.0,0.5929,92.0,0.593,1533.0
1753600491643,07:14:51.643,gateio,ACE/USDT:USDT,0.5915,384.0,0.5914,5211.0,0.5929,92.0,0.593,1533.0
1753600495325,07:14:55.325,gateio,ACE/USDT:USDT,0.5915,384.0,0.5914,5072.0,0.5929,231.0,0.593,1533.0
1753600495413,07:14:55.413,gateio,ACE/USDT:USDT,0.5915,342.0,0.5914,5072.0,0.5929,1231.0,0.593,1533.0
1753600495513,07:14:55.513,gateio,ACE/USDT:USDT,0.5915,342.0,0.5914,5072.0,0.5929,6290.0,0.593,1533.0
1753600495606,07:14:55.606,gateio,ACE/USDT:USDT,0.5915,342.0,0.5914,5072.0,0.5928,5060.0,0.5929,1231.0
1753600495687,07:14:55.687,gateio,ACE/USDT:USDT,0.5915,342.0,0.5914,5072.0,0.5928,5060.0,0.5929,1573.0
1753600496017,07:14:56.017,gateio,ACE/USDT:USDT,0.5914,5082.0,0.5913,342.0,0.5928,5060.0,0.5929,1434.0
1753600496123,07:14:56.123,gateio,ACE/USDT:USDT,0.5914,5072.0,0.5913,342.0,0.5928,5060.0,0.5929,1434.0
1753600496588,07:14:56.588,gateio,ACE/USDT:USDT,0.5914,5072.0,0.5913,342.0,0.5928,5060.0,0.5929,1434.0
1753600496645,07:14:56.645,gateio,ACE/USDT:USDT,0.5914,5072.0,0.5913,342.0,0.5928,5060.0,0.5929,1434.0
1753600496746,07:14:56.746,gateio,ACE/USDT:USDT,0.5914,5072.0,0.5913,342.0,0.5928,5060.0,0.5929,1434.0
1753600496853,07:14:56.853,gateio,ACE/USDT:USDT,0.5914,5072.0,0.5913,342.0,0.5928,5060.0,0.5929,1434.0
1753600497037,07:14:57.037,gateio,ACE/USDT:USDT,0.5914,5072.0,0.5913,342.0,0.5928,5060.0,0.5929,1434.0
1753600499759,07:14:59.759,gateio,ACE/USDT:USDT,0.5914,5072.0,0.5913,342.0,0.5928,5060.0,0.5929,1434.0
1753600500027,07:15:00.027,gateio,ACE/USDT:USDT,0.5913,342.0,0.5912,1000.0,0.5928,5060.0,0.5929,1434.0
1753600500335,07:15:00.335,gateio,ACE/USDT:USDT,0.5914,10285.0,0.5913,342.0,0.5928,5060.0,0.5929,1434.0
1753600500512,07:15:00.512,gateio,ACE/USDT:USDT,0.5914,10285.0,0.5913,342.0,0.5929,1342.0,0.593,1191.0
1753600500688,07:15:00.688,gateio,ACE/USDT:USDT,0.5914,10285.0,0.5913,342.0,0.5929,1342.0,0.593,1191.0
1753600501515,07:15:01.515,gateio,ACE/USDT:USDT,0.5914,10285.0,0.5913,342.0,0.5929,1342.0,0.593,1191.0
1753600501702,07:15:01.702,gateio,ACE/USDT:USDT,0.5914,10295.0,0.5913,342.0,0.5929,1342.0,0.593,1191.0
1753600501835,07:15:01.835,gateio,ACE/USDT:USDT,0.5914,10305.0,0.5913,342.0,0.5929,1342.0,0.593,1191.0
1753600501940,07:15:01.940,gateio,ACE/USDT:USDT,0.5914,10305.0,0.5913,342.0,0.5929,1342.0,0.593,1191.0
1753600503038,07:15:03.038,gateio,ACE/USDT:USDT,0.5914,10305.0,0.5913,342.0,0.5929,1342.0,0.593,1191.0
1753600503434,07:15:03.434,gateio,ACE/USDT:USDT,0.5914,139.0,0.5913,342.0,0.5929,1342.0,0.593,1191.0
1753600503634,07:15:03.634,gateio,ACE/USDT:USDT,0.5913,342.0,0.5912,1000.0,0.5928,5060.0,0.5929,1342.0
1753600503711,07:15:03.711,gateio,ACE/USDT:USDT,0.5913,342.0,0.5912,1000.0,0.5928,5060.0,0.5929,1342.0
1753600504026,07:15:04.026,gateio,ACE/USDT:USDT,0.5913,481.0,0.5912,1000.0,0.5928,5060.0,0.5929,1342.0
1753600504101,07:15:04.101,gateio,ACE/USDT:USDT,0.5913,10629.0,0.5912,1000.0,0.5928,5060.0,0.5929,1342.0
1753600504165,07:15:04.165,gateio,ACE/USDT:USDT,0.5913,481.0,0.5912,1000.0,0.5928,5060.0,0.5929,1342.0
1753600504239,07:15:04.239,gateio,ACE/USDT:USDT,0.5913,10629.0,0.5912,1000.0,0.5928,5060.0,0.5929,1342.0
1753600504402,07:15:04.402,gateio,ACE/USDT:USDT,0.5913,10629.0,0.5912,1000.0,0.5928,5060.0,0.5929,1342.0
1753600505856,07:15:05.856,gateio,ACE/USDT:USDT,0.5913,10629.0,0.5912,1000.0,0.5928,5402.0,0.5929,1000.0
1753600506724,07:15:06.724,gateio,ACE/USDT:USDT,0.5914,4711.0,0.5913,5554.0,0.5928,5402.0,0.5929,1000.0
1753600506825,07:15:06.825,gateio,ACE/USDT:USDT,0.5914,4711.0,0.5913,15702.0,0.5928,5402.0,0.5929,1000.0
1753600507643,07:15:07.643,gateio,ACE/USDT:USDT,0.5914,4711.0,0.5913,15702.0,0.5928,5402.0,0.5929,1000.0
1753600508071,07:15:08.071,gateio,ACE/USDT:USDT,0.5914,4711.0,0.5913,15702.0,0.5928,5402.0,0.5929,1000.0
1753600509127,07:15:09.127,gateio,ACE/USDT:USDT,0.5914,4711.0,0.5913,15702.0,0.5928,5402.0,0.5929,1000.0
