timestamp,time,exchange,symbol,bid1_price,bid1_volume,bid2_price,bid2_volume,ask1_price,ask1_volume,ask2_price,ask2_volume
1753599989289,07:06:29.289,huobi,A/USDT:USDT,0.5826,42.0,0.5825,16.0,0.5833,42.0,0.5834,688.0
1753599990637,07:06:30.637,huobi,A/USDT:USDT,0.5826,42.0,0.5825,263.0,0.5833,42.0,0.5834,688.0
1753599991414,07:06:31.414,huobi,A/USDT:USDT,0.5826,42.0,0.5825,16.0,0.5833,42.0,0.5834,688.0
1753599991489,07:06:31.489,huobi,A/USDT:USDT,0.5826,42.0,0.5825,16.0,0.5833,42.0,0.5834,688.0
1753599991704,07:06:31.704,huobi,A/USDT:USDT,0.5826,42.0,0.5825,16.0,0.5833,42.0,0.5834,688.0
1753599992006,07:06:32.006,huobi,A/USDT:USDT,0.5826,42.0,0.5825,16.0,0.5833,42.0,0.5834,688.0
1753599992072,07:06:32.072,huobi,A/USDT:USDT,0.5826,42.0,0.5825,263.0,0.5833,42.0,0.5834,688.0
1753599992127,07:06:32.127,huobi,A/USDT:USDT,0.5826,42.0,0.5825,263.0,0.5833,42.0,0.5834,688.0
1753599992370,07:06:32.370,huobi,A/USDT:USDT,0.5826,42.0,0.5825,263.0,0.5833,42.0,0.5834,688.0
1753599992381,07:06:32.381,huobi,A/USDT:USDT,0.5826,42.0,0.5825,16.0,0.5833,42.0,0.5834,688.0
1753599992421,07:06:32.421,huobi,A/USDT:USDT,0.5826,42.0,0.5825,263.0,0.5833,42.0,0.5834,688.0
1753599992506,07:06:32.506,huobi,A/USDT:USDT,0.5826,42.0,0.5825,263.0,0.5833,42.0,0.5834,688.0
1753600000367,07:06:40.367,huobi,A/USDT:USDT,0.5826,42.0,0.5825,16.0,0.5833,42.0,0.5834,688.0
1753600000411,07:06:40.411,huobi,A/USDT:USDT,0.5826,42.0,0.5825,16.0,0.5833,42.0,0.5834,688.0
1753600000427,07:06:40.427,huobi,A/USDT:USDT,0.5826,42.0,0.5825,263.0,0.5833,42.0,0.5834,688.0
1753600000609,07:06:40.609,huobi,A/USDT:USDT,0.5826,42.0,0.5825,16.0,0.5833,42.0,0.5834,688.0
1753600000626,07:06:40.626,huobi,A/USDT:USDT,0.5825,16.0,0.5824,289.0,0.5833,42.0,0.5834,688.0
1753600000678,07:06:40.678,huobi,A/USDT:USDT,0.5826,43.0,0.5825,16.0,0.5833,289.0,0.5834,688.0
1753600000699,07:06:40.699,huobi,A/USDT:USDT,0.5826,43.0,0.5825,16.0,0.5833,289.0,0.5834,688.0
1753600000734,07:06:40.734,huobi,A/USDT:USDT,0.5826,43.0,0.5824,42.0,0.5832,43.0,0.5833,42.0
1753600000745,07:06:40.745,huobi,A/USDT:USDT,0.5826,43.0,0.5824,42.0,0.5832,43.0,0.5833,289.0
1753600000785,07:06:40.785,huobi,A/USDT:USDT,0.5824,59.0,0.5823,42.0,0.5831,400.0,0.5832,43.0
1753600000810,07:06:40.810,huobi,A/USDT:USDT,0.5823,42.0,0.5821,42.0,0.583,43.0,0.5831,400.0
1753600000834,07:06:40.834,huobi,A/USDT:USDT,0.5823,15.0,0.5821,42.0,0.583,43.0,0.5831,400.0
1753600000872,07:06:40.872,huobi,A/USDT:USDT,0.5823,15.0,0.5821,42.0,0.583,43.0,0.5831,400.0
1753600000974,07:06:40.974,huobi,A/USDT:USDT,0.5824,43.0,0.5823,15.0,0.583,43.0,0.5831,400.0
1753600001030,07:06:41.030,huobi,A/USDT:USDT,0.5824,43.0,0.5823,15.0,0.583,43.0,0.5831,400.0
1753600001390,07:06:41.390,huobi,A/USDT:USDT,0.5824,43.0,0.5823,15.0,0.583,43.0,0.5831,400.0
1753600001438,07:06:41.438,huobi,A/USDT:USDT,0.5824,43.0,0.5823,15.0,0.583,43.0,0.5831,400.0
1753600001488,07:06:41.488,huobi,A/USDT:USDT,0.5824,43.0,0.5823,15.0,0.583,43.0,0.5831,400.0
1753600001601,07:06:41.601,huobi,A/USDT:USDT,0.5824,43.0,0.5823,15.0,0.583,43.0,0.5831,400.0
1753600001651,07:06:41.651,huobi,A/USDT:USDT,0.5824,43.0,0.5823,15.0,0.583,43.0,0.5831,400.0
1753600001694,07:06:41.694,huobi,A/USDT:USDT,0.5824,43.0,0.5823,15.0,0.583,43.0,0.5831,400.0
1753600003507,07:06:43.507,huobi,A/USDT:USDT,0.5824,43.0,0.5823,15.0,0.583,43.0,0.5831,400.0
1753600004180,07:06:44.180,huobi,A/USDT:USDT,0.5824,43.0,0.5823,15.0,0.583,43.0,0.5831,400.0
1753600004198,07:06:44.198,huobi,A/USDT:USDT,0.5824,43.0,0.5823,15.0,0.583,43.0,0.5831,400.0
1753600004228,07:06:44.228,huobi,A/USDT:USDT,0.5824,43.0,0.5823,15.0,0.583,43.0,0.5831,400.0
1753600004253,07:06:44.253,huobi,A/USDT:USDT,0.5824,43.0,0.5821,289.0,0.583,43.0,0.5831,400.0
1753600004285,07:06:44.285,huobi,A/USDT:USDT,0.5824,43.0,0.5821,289.0,0.583,43.0,0.5831,400.0
1753600004320,07:06:44.320,huobi,A/USDT:USDT,0.5824,43.0,0.5821,289.0,0.583,43.0,0.5831,400.0
1753600004378,07:06:44.378,huobi,A/USDT:USDT,0.5824,43.0,0.5822,16.0,0.583,43.0,0.5831,400.0
1753600004422,07:06:44.422,huobi,A/USDT:USDT,0.5824,43.0,0.5822,16.0,0.583,43.0,0.5831,400.0
1753600005655,07:06:45.655,huobi,A/USDT:USDT,0.5824,43.0,0.5822,16.0,0.583,43.0,0.5831,400.0
1753600006237,07:06:46.237,huobi,A/USDT:USDT,0.5824,43.0,0.5822,16.0,0.583,43.0,0.5831,400.0
1753600006273,07:06:46.273,huobi,A/USDT:USDT,0.5824,43.0,0.5822,16.0,0.583,43.0,0.5831,400.0
1753600006315,07:06:46.315,huobi,A/USDT:USDT,0.5824,43.0,0.5822,16.0,0.583,43.0,0.5831,400.0
1753600006326,07:06:46.326,huobi,A/USDT:USDT,0.5822,16.0,0.5821,42.0,0.583,43.0,0.5831,400.0
1753600006354,07:06:46.354,huobi,A/USDT:USDT,0.5822,16.0,0.5821,42.0,0.583,290.0,0.5831,400.0
1753600006385,07:06:46.385,huobi,A/USDT:USDT,0.5821,42.0,0.5818,42.0,0.5828,43.0,0.5829,290.0
1753600006414,07:06:46.414,huobi,A/USDT:USDT,0.5818,42.0,0.5817,63.0,0.5828,43.0,0.5829,290.0
1753600006445,07:06:46.445,huobi,A/USDT:USDT,0.5818,42.0,0.5817,63.0,0.5828,443.0,0.5829,43.0
1753600006476,07:06:46.476,huobi,A/USDT:USDT,0.5818,42.0,0.5817,43.0,0.5828,443.0,0.5829,43.0
1753600006510,07:06:46.510,huobi,A/USDT:USDT,0.5821,17.0,0.5817,43.0,0.5827,43.0,0.5828,443.0
1753600006538,07:06:46.538,huobi,A/USDT:USDT,0.5821,17.0,0.5817,43.0,0.5827,43.0,0.5828,443.0
1753600006573,07:06:46.573,huobi,A/USDT:USDT,0.5817,43.0,0.5815,503.0,0.5827,43.0,0.5828,443.0
1753600006599,07:06:46.599,huobi,A/USDT:USDT,0.5819,14.0,0.5817,43.0,0.5827,43.0,0.5828,443.0
1753600006627,07:06:46.627,huobi,A/USDT:USDT,0.5819,14.0,0.5817,43.0,0.5827,43.0,0.5828,443.0
1753600006724,07:06:46.724,huobi,A/USDT:USDT,0.5819,14.0,0.5817,290.0,0.5827,43.0,0.5828,443.0
1753600006771,07:06:46.771,huobi,A/USDT:USDT,0.582,43.0,0.5819,14.0,0.5827,43.0,0.5828,443.0
1753600006785,07:06:46.785,huobi,A/USDT:USDT,0.582,43.0,0.5819,14.0,0.5827,43.0,0.5828,443.0
1753600006894,07:06:46.894,huobi,A/USDT:USDT,0.582,43.0,0.5819,14.0,0.5827,43.0,0.5828,443.0
1753600007277,07:06:47.277,huobi,A/USDT:USDT,0.582,43.0,0.5819,14.0,0.5827,43.0,0.5828,443.0
1753600007294,07:06:47.294,huobi,A/USDT:USDT,0.582,43.0,0.5819,14.0,0.5827,43.0,0.5828,443.0
1753600007333,07:06:47.333,huobi,A/USDT:USDT,0.582,43.0,0.5819,14.0,0.5827,43.0,0.5828,443.0
1753600007401,07:06:47.401,huobi,A/USDT:USDT,0.582,43.0,0.5819,14.0,0.5827,43.0,0.5828,443.0
1753600007415,07:06:47.415,huobi,A/USDT:USDT,0.582,43.0,0.5819,14.0,0.5827,43.0,0.5828,443.0
1753600007524,07:06:47.524,huobi,A/USDT:USDT,0.582,43.0,0.5819,14.0,0.5827,43.0,0.5828,443.0
1753600007805,07:06:47.805,huobi,A/USDT:USDT,0.582,43.0,0.5819,14.0,0.5827,43.0,0.5828,443.0
1753600009410,07:06:49.410,huobi,A/USDT:USDT,0.582,43.0,0.5819,14.0,0.5827,43.0,0.5828,443.0
1753600009447,07:06:49.447,huobi,A/USDT:USDT,0.582,43.0,0.5819,14.0,0.5827,43.0,0.5828,443.0
1753600009561,07:06:49.561,huobi,A/USDT:USDT,0.582,43.0,0.5819,14.0,0.5827,43.0,0.5828,443.0
1753600009925,07:06:49.925,huobi,A/USDT:USDT,0.582,43.0,0.5819,14.0,0.5827,43.0,0.5828,443.0
1753600010230,07:06:50.230,huobi,A/USDT:USDT,0.582,43.0,0.5819,14.0,0.5827,43.0,0.5828,443.0
1753600010256,07:06:50.256,huobi,A/USDT:USDT,0.582,43.0,0.5819,14.0,0.5827,43.0,0.5828,443.0
1753600010326,07:06:50.326,huobi,A/USDT:USDT,0.582,43.0,0.5818,263.0,0.5827,43.0,0.5828,443.0
1753600010345,07:06:50.345,huobi,A/USDT:USDT,0.582,43.0,0.5818,263.0,0.5827,43.0,0.5828,443.0
1753600010668,07:06:50.668,huobi,A/USDT:USDT,0.582,43.0,0.5818,16.0,0.5827,43.0,0.5828,443.0
1753600010675,07:06:50.675,huobi,A/USDT:USDT,0.582,43.0,0.5818,16.0,0.5827,43.0,0.5828,443.0
1753600012058,07:06:52.058,huobi,A/USDT:USDT,0.582,43.0,0.5818,263.0,0.5827,43.0,0.5828,443.0
1753600012882,07:06:52.882,huobi,A/USDT:USDT,0.5818,16.0,0.5817,290.0,0.5827,43.0,0.5828,443.0
1753600012908,07:06:52.908,huobi,A/USDT:USDT,0.5818,16.0,0.5817,43.0,0.5827,290.0,0.5828,443.0
1753600012927,07:06:52.927,huobi,A/USDT:USDT,0.5818,59.0,0.5817,43.0,0.5827,290.0,0.5828,443.0
1753600012954,07:06:52.954,huobi,A/USDT:USDT,0.5818,16.0,0.5817,43.0,0.5826,290.0,0.5827,290.0
1753600012988,07:06:52.988,huobi,A/USDT:USDT,0.5817,43.0,0.5808,43.0,0.5825,43.0,0.5826,290.0
1753600013017,07:06:53.017,huobi,A/USDT:USDT,0.5816,14.0,0.581,444.0,0.5825,43.0,0.5826,290.0
1753600013052,07:06:53.052,huobi,A/USDT:USDT,0.5816,14.0,0.581,444.0,0.5823,43.0,0.5824,401.0
1753600013075,07:06:53.075,huobi,A/USDT:USDT,0.5816,14.0,0.581,444.0,0.5823,43.0,0.5824,401.0
1753600013103,07:06:53.103,huobi,A/USDT:USDT,0.5814,43.0,0.5813,80.0,0.5823,43.0,0.5824,401.0
1753600013174,07:06:53.174,huobi,A/USDT:USDT,0.5814,43.0,0.5813,137.0,0.5823,43.0,0.5824,401.0
1753600013196,07:06:53.196,huobi,A/USDT:USDT,0.5816,43.0,0.5815,16.0,0.5823,43.0,0.5824,401.0
1753600013231,07:06:53.231,huobi,A/USDT:USDT,0.5816,43.0,0.5815,16.0,0.5823,43.0,0.5824,401.0
1753600013284,07:06:53.284,huobi,A/USDT:USDT,0.5816,43.0,0.5815,263.0,0.5823,43.0,0.5824,401.0
1753600014171,07:06:54.171,huobi,A/USDT:USDT,0.5816,43.0,0.5815,263.0,0.5823,43.0,0.5824,401.0
1753600014237,07:06:54.237,huobi,A/USDT:USDT,0.5816,43.0,0.5815,263.0,0.5823,43.0,0.5824,401.0
1753600016307,07:06:56.307,huobi,A/USDT:USDT,0.5816,43.0,0.5815,263.0,0.5823,43.0,0.5824,401.0
1753600017771,07:06:57.771,huobi,A/USDT:USDT,0.5816,43.0,0.5815,247.0,0.5823,43.0,0.5824,401.0
1753600017840,07:06:57.840,huobi,A/USDT:USDT,0.5816,43.0,0.5815,247.0,0.5823,43.0,0.5824,401.0
1753600018459,07:06:58.459,huobi,A/USDT:USDT,0.5816,43.0,0.5815,247.0,0.5823,43.0,0.5824,401.0
1753600018484,07:06:58.484,huobi,A/USDT:USDT,0.5816,43.0,0.5815,247.0,0.5823,43.0,0.5824,401.0
1753600025938,07:07:05.938,huobi,A/USDT:USDT,0.5816,43.0,0.5815,247.0,0.5823,43.0,0.5824,401.0
1753600025952,07:07:05.952,huobi,A/USDT:USDT,0.5816,43.0,0.5815,247.0,0.5823,290.0,0.5824,401.0
1753600025975,07:07:05.975,huobi,A/USDT:USDT,0.5816,43.0,0.5815,247.0,0.5822,43.0,0.5823,290.0
1753600026038,07:07:06.038,huobi,A/USDT:USDT,0.5816,43.0,0.5815,247.0,0.5822,43.0,0.5823,290.0
1753600026088,07:07:06.088,huobi,A/USDT:USDT,0.5816,43.0,0.5815,247.0,0.5822,43.0,0.5823,290.0
1753600026894,07:07:06.894,huobi,A/USDT:USDT,0.5816,43.0,0.5815,247.0,0.5822,43.0,0.5823,290.0
1753600026907,07:07:06.907,huobi,A/USDT:USDT,0.5816,43.0,0.5815,247.0,0.5822,43.0,0.5823,43.0
1753600029023,07:07:09.023,huobi,A/USDT:USDT,0.5816,43.0,0.5815,247.0,0.5823,43.0,0.5824,417.0
1753600029038,07:07:09.038,huobi,A/USDT:USDT,0.5816,43.0,0.5815,247.0,0.5823,290.0,0.5824,417.0
1753600029070,07:07:09.070,huobi,A/USDT:USDT,0.5816,43.0,0.5815,247.0,0.5822,41.0,0.5823,43.0
1753600029217,07:07:09.217,huobi,A/USDT:USDT,0.5816,43.0,0.5815,247.0,0.5823,43.0,0.5824,417.0
1753600029301,07:07:09.301,huobi,A/USDT:USDT,0.5816,43.0,0.5815,247.0,0.5823,43.0,0.5824,417.0
1753600030410,07:07:10.410,huobi,A/USDT:USDT,0.5816,43.0,0.5815,247.0,0.582,6.0,0.5823,43.0
1753600030418,07:07:10.418,huobi,A/USDT:USDT,0.5816,43.0,0.5815,247.0,0.5823,43.0,0.5824,417.0
1753600030470,07:07:10.470,huobi,A/USDT:USDT,0.5816,43.0,0.5815,247.0,0.5823,290.0,0.5824,417.0
1753600030500,07:07:10.500,huobi,A/USDT:USDT,0.5816,43.0,0.5815,247.0,0.5822,41.0,0.5823,290.0
1753600032438,07:07:12.438,huobi,A/USDT:USDT,0.5816,43.0,0.5815,247.0,0.5822,41.0,0.5823,290.0
1753600032457,07:07:12.457,huobi,A/USDT:USDT,0.5816,43.0,0.5815,247.0,0.5822,41.0,0.5823,290.0
1753600033290,07:07:13.290,huobi,A/USDT:USDT,0.5816,43.0,0.5815,247.0,0.5822,41.0,0.5823,290.0
1753600033709,07:07:13.709,huobi,A/USDT:USDT,0.5816,43.0,0.5815,247.0,0.5822,41.0,0.5823,290.0
1753600033740,07:07:13.740,huobi,A/USDT:USDT,0.5816,43.0,0.5814,58.0,0.5822,41.0,0.5823,290.0
1753600033763,07:07:13.763,huobi,A/USDT:USDT,0.5816,43.0,0.5814,58.0,0.5822,41.0,0.5823,290.0
1753600033778,07:07:13.778,huobi,A/USDT:USDT,0.5816,43.0,0.5814,58.0,0.5822,41.0,0.5823,290.0
1753600033814,07:07:13.814,huobi,A/USDT:USDT,0.5816,43.0,0.5814,58.0,0.5822,41.0,0.5823,290.0
1753600033839,07:07:13.839,huobi,A/USDT:USDT,0.5816,43.0,0.5814,58.0,0.5822,41.0,0.5823,290.0
1753600033873,07:07:13.873,huobi,A/USDT:USDT,0.5816,43.0,0.5814,58.0,0.5822,41.0,0.5823,290.0
1753600033913,07:07:13.913,huobi,A/USDT:USDT,0.5816,43.0,0.5814,43.0,0.5822,41.0,0.5823,290.0
1753600033927,07:07:13.927,huobi,A/USDT:USDT,0.5814,43.0,0.5813,138.0,0.5822,41.0,0.5823,290.0
1753600033965,07:07:13.965,huobi,A/USDT:USDT,0.5814,43.0,0.5813,138.0,0.5822,41.0,0.5823,290.0
1753600034065,07:07:14.065,huobi,A/USDT:USDT,0.5814,290.0,0.5813,138.0,0.5822,41.0,0.5823,305.0
1753600034128,07:07:14.128,huobi,A/USDT:USDT,0.5815,41.0,0.5814,290.0,0.5822,41.0,0.5823,305.0
1753600034144,07:07:14.144,huobi,A/USDT:USDT,0.5815,288.0,0.5814,290.0,0.5822,41.0,0.5823,305.0
1753600034190,07:07:14.190,huobi,A/USDT:USDT,0.5816,41.0,0.5815,288.0,0.5822,41.0,0.5823,305.0
1753600034206,07:07:14.206,huobi,A/USDT:USDT,0.5816,41.0,0.5815,41.0,0.5822,41.0,0.5823,305.0
1753600034227,07:07:14.227,huobi,A/USDT:USDT,0.5816,41.0,0.5815,288.0,0.5822,41.0,0.5823,305.0
1753600034315,07:07:14.315,huobi,A/USDT:USDT,0.5815,41.0,0.5814,43.0,0.5822,41.0,0.5823,305.0
1753600034356,07:07:14.356,huobi,A/USDT:USDT,0.5814,43.0,0.5813,58.0,0.5821,41.0,0.5822,288.0
1753600034389,07:07:14.389,huobi,A/USDT:USDT,0.5814,43.0,0.5813,58.0,0.5821,41.0,0.5822,288.0
1753600034423,07:07:14.423,huobi,A/USDT:USDT,0.5814,43.0,0.5813,58.0,0.5821,41.0,0.5822,41.0
1753600034446,07:07:14.446,huobi,A/USDT:USDT,0.5814,43.0,0.5813,58.0,0.5821,41.0,0.5822,41.0
1753600034476,07:07:14.476,huobi,A/USDT:USDT,0.5814,43.0,0.5813,58.0,0.5821,41.0,0.5822,41.0
1753600034528,07:07:14.528,huobi,A/USDT:USDT,0.5814,43.0,0.5813,43.0,0.5822,41.0,0.5823,290.0
1753600034562,07:07:14.562,huobi,A/USDT:USDT,0.5811,43.0,0.581,399.0,0.5822,41.0,0.5823,290.0
1753600034589,07:07:14.589,huobi,A/USDT:USDT,0.5812,16.0,0.5811,43.0,0.5821,41.0,0.5822,57.0
1753600034619,07:07:14.619,huobi,A/USDT:USDT,0.5813,41.0,0.5812,263.0,0.5821,41.0,0.5822,57.0
1753600034712,07:07:14.712,huobi,A/USDT:USDT,0.5813,41.0,0.5812,263.0,0.5821,41.0,0.5822,304.0
1753600034892,07:07:14.892,huobi,A/USDT:USDT,0.5813,41.0,0.5812,263.0,0.5821,41.0,0.5822,304.0
1753600034930,07:07:14.930,huobi,A/USDT:USDT,0.5813,41.0,0.5812,263.0,0.5821,41.0,0.5822,304.0
1753600035369,07:07:15.369,huobi,A/USDT:USDT,0.5813,41.0,0.5812,263.0,0.5821,288.0,0.5822,304.0
1753600035396,07:07:15.396,huobi,A/USDT:USDT,0.5813,41.0,0.5812,263.0,0.582,41.0,0.5821,288.0
1753600035426,07:07:15.426,huobi,A/USDT:USDT,0.5813,41.0,0.5812,263.0,0.582,41.0,0.5821,41.0
1753600035476,07:07:15.476,huobi,A/USDT:USDT,0.5813,41.0,0.5812,263.0,0.582,41.0,0.5821,288.0
1753600035488,07:07:15.488,huobi,A/USDT:USDT,0.5813,41.0,0.5812,263.0,0.582,41.0,0.5821,41.0
1753600035553,07:07:15.553,huobi,A/USDT:USDT,0.5813,41.0,0.5812,263.0,0.5821,41.0,0.5822,57.0
1753600036395,07:07:16.395,huobi,A/USDT:USDT,0.5813,41.0,0.5812,263.0,0.5821,41.0,0.5822,57.0
1753600036444,07:07:16.444,huobi,A/USDT:USDT,0.5813,41.0,0.5812,263.0,0.5821,41.0,0.5822,57.0
1753600036483,07:07:16.483,huobi,A/USDT:USDT,0.5813,41.0,0.5812,263.0,0.5821,41.0,0.5822,57.0
1753600037546,07:07:17.546,huobi,A/USDT:USDT,0.5813,41.0,0.5812,263.0,0.5821,41.0,0.5822,57.0
1753600039688,07:07:19.688,huobi,A/USDT:USDT,0.5813,41.0,0.5812,263.0,0.5821,41.0,0.5822,57.0
1753600039757,07:07:19.757,huobi,A/USDT:USDT,0.5813,41.0,0.5812,263.0,0.5821,41.0,0.5822,57.0
1753600040196,07:07:20.196,huobi,A/USDT:USDT,0.5813,41.0,0.5812,263.0,0.5821,41.0,0.5822,57.0
1753600040240,07:07:20.240,huobi,A/USDT:USDT,0.5813,41.0,0.5812,263.0,0.5821,41.0,0.5822,57.0
1753600040258,07:07:20.258,huobi,A/USDT:USDT,0.5813,41.0,0.5812,263.0,0.5821,41.0,0.5822,57.0
1753600040368,07:07:20.368,huobi,A/USDT:USDT,0.5813,41.0,0.5812,263.0,0.5821,41.0,0.5822,57.0
1753600040400,07:07:20.400,huobi,A/USDT:USDT,0.5813,41.0,0.5812,263.0,0.5821,41.0,0.5822,57.0
1753600040406,07:07:20.406,huobi,A/USDT:USDT,0.5813,41.0,0.5812,263.0,0.5821,41.0,0.5822,57.0
1753600040440,07:07:20.440,huobi,A/USDT:USDT,0.5813,41.0,0.5812,263.0,0.582,399.0,0.5821,41.0
1753600040466,07:07:20.466,huobi,A/USDT:USDT,0.5813,41.0,0.5812,263.0,0.5819,42.0,0.582,399.0
1753600041822,07:07:21.822,huobi,A/USDT:USDT,0.5813,41.0,0.5812,263.0,0.5819,42.0,0.582,399.0
1753600043705,07:07:23.705,huobi,A/USDT:USDT,0.5813,41.0,0.5812,263.0,0.5819,42.0,0.582,399.0
1753600043749,07:07:23.749,huobi,A/USDT:USDT,0.5813,41.0,0.5812,263.0,0.5819,42.0,0.582,399.0
1753600043791,07:07:23.791,huobi,A/USDT:USDT,0.5813,41.0,0.5812,263.0,0.5819,42.0,0.582,399.0
1753600043854,07:07:23.854,huobi,A/USDT:USDT,0.5813,41.0,0.5812,263.0,0.5819,42.0,0.582,399.0
1753600043943,07:07:23.943,huobi,A/USDT:USDT,0.5813,41.0,0.5812,263.0,0.5819,42.0,0.582,399.0
1753600044187,07:07:24.187,huobi,A/USDT:USDT,0.5813,41.0,0.5812,247.0,0.5819,42.0,0.582,399.0
1753600044261,07:07:24.261,huobi,A/USDT:USDT,0.5813,41.0,0.5812,247.0,0.5819,42.0,0.582,399.0
1753600046073,07:07:26.073,huobi,A/USDT:USDT,0.5813,41.0,0.5812,247.0,0.5819,42.0,0.582,399.0
1753600046099,07:07:26.099,huobi,A/USDT:USDT,0.5813,41.0,0.5812,247.0,0.5819,42.0,0.582,399.0
1753600052047,07:07:32.047,huobi,A/USDT:USDT,0.5813,41.0,0.5812,247.0,0.5819,42.0,0.582,399.0
1753600052096,07:07:32.096,huobi,A/USDT:USDT,0.5813,41.0,0.5812,247.0,0.5819,42.0,0.582,399.0
1753600052470,07:07:32.470,huobi,A/USDT:USDT,0.5813,41.0,0.5812,247.0,0.5819,42.0,0.582,399.0
1753600053471,07:07:33.471,huobi,A/USDT:USDT,0.5813,41.0,0.5812,247.0,0.582,399.0,0.5821,56.0
1753600053582,07:07:33.582,huobi,A/USDT:USDT,0.5813,41.0,0.5812,247.0,0.582,399.0,0.5821,56.0
1753600053618,07:07:33.618,huobi,A/USDT:USDT,0.5813,41.0,0.5812,261.0,0.582,399.0,0.5821,56.0
1753600054785,07:07:34.785,huobi,A/USDT:USDT,0.5813,41.0,0.5812,261.0,0.5819,43.0,0.582,399.0
1753600054865,07:07:34.865,huobi,A/USDT:USDT,0.5813,41.0,0.5812,261.0,0.5819,43.0,0.582,399.0
1753600057778,07:07:37.778,huobi,A/USDT:USDT,0.5813,41.0,0.5812,14.0,0.5819,43.0,0.582,399.0
1753600057807,07:07:37.807,huobi,A/USDT:USDT,0.5813,41.0,0.5811,43.0,0.5819,43.0,0.582,399.0
1753600057839,07:07:37.839,huobi,A/USDT:USDT,0.5811,59.0,0.581,399.0,0.5819,43.0,0.582,399.0
1753600057901,07:07:37.901,huobi,A/USDT:USDT,0.5812,43.0,0.5811,59.0,0.5819,43.0,0.582,399.0
1753600057960,07:07:37.960,huobi,A/USDT:USDT,0.5812,43.0,0.5811,59.0,0.5819,43.0,0.582,399.0
1753600058000,07:07:38.000,huobi,A/USDT:USDT,0.5812,43.0,0.5811,59.0,0.5819,43.0,0.582,399.0
1753600058016,07:07:38.016,huobi,A/USDT:USDT,0.5812,43.0,0.5811,59.0,0.5819,43.0,0.582,399.0
1753600058089,07:07:38.089,huobi,A/USDT:USDT,0.5812,290.0,0.5811,59.0,0.5819,43.0,0.582,399.0
1753600058115,07:07:38.115,huobi,A/USDT:USDT,0.5813,290.0,0.5812,290.0,0.5819,43.0,0.582,399.0
1753600058222,07:07:38.222,huobi,A/USDT:USDT,0.5813,290.0,0.5812,43.0,0.5819,43.0,0.582,399.0
1753600058270,07:07:38.270,huobi,A/USDT:USDT,0.5813,290.0,0.5812,43.0,0.5819,43.0,0.582,399.0
1753600058285,07:07:38.285,huobi,A/USDT:USDT,0.5813,290.0,0.5812,43.0,0.5819,43.0,0.582,399.0
1753600058330,07:07:38.330,huobi,A/USDT:USDT,0.5813,290.0,0.5812,43.0,0.5819,43.0,0.582,399.0
1753600058356,07:07:38.356,huobi,A/USDT:USDT,0.5813,290.0,0.5812,43.0,0.5819,43.0,0.582,399.0
1753600058376,07:07:38.376,huobi,A/USDT:USDT,0.5813,290.0,0.5812,43.0,0.5819,43.0,0.582,399.0
1753600058696,07:07:38.696,huobi,A/USDT:USDT,0.5813,43.0,0.5812,43.0,0.5819,43.0,0.582,399.0
1753600058709,07:07:38.709,huobi,A/USDT:USDT,0.5812,43.0,0.5811,59.0,0.5819,43.0,0.582,399.0
1753600058873,07:07:38.873,huobi,A/USDT:USDT,0.5813,42.0,0.5812,290.0,0.5819,43.0,0.582,399.0
1753600059039,07:07:39.039,huobi,A/USDT:USDT,0.5813,42.0,0.5812,290.0,0.5819,43.0,0.582,399.0
1753600059772,07:07:39.772,huobi,A/USDT:USDT,0.5813,42.0,0.5812,290.0,0.5819,43.0,0.582,399.0
1753600059788,07:07:39.788,huobi,A/USDT:USDT,0.5813,42.0,0.5812,290.0,0.5819,43.0,0.582,399.0
1753600059830,07:07:39.830,huobi,A/USDT:USDT,0.5813,42.0,0.5812,290.0,0.5819,43.0,0.582,399.0
1753600059848,07:07:39.848,huobi,A/USDT:USDT,0.5813,42.0,0.5812,290.0,0.5819,43.0,0.582,399.0
1753600060418,07:07:40.418,huobi,A/USDT:USDT,0.5813,42.0,0.5812,290.0,0.5819,290.0,0.582,416.0
1753600060478,07:07:40.478,huobi,A/USDT:USDT,0.5813,42.0,0.5812,290.0,0.5818,42.0,0.5819,290.0
1753600060525,07:07:40.525,huobi,A/USDT:USDT,0.5813,42.0,0.5812,290.0,0.5818,42.0,0.5819,43.0
1753600060539,07:07:40.539,huobi,A/USDT:USDT,0.5813,42.0,0.5812,290.0,0.5818,42.0,0.5819,290.0
1753600060774,07:07:40.774,huobi,A/USDT:USDT,0.5813,42.0,0.5812,290.0,0.5818,42.0,0.5819,290.0
1753600060806,07:07:40.806,huobi,A/USDT:USDT,0.5813,42.0,0.5812,290.0,0.5818,42.0,0.5819,290.0
1753600061021,07:07:41.021,huobi,A/USDT:USDT,0.5813,42.0,0.5812,290.0,0.5818,42.0,0.5819,290.0
1753600063185,07:07:43.185,huobi,A/USDT:USDT,0.5813,42.0,0.5812,290.0,0.5818,42.0,0.5819,290.0
1753600065328,07:07:45.328,huobi,A/USDT:USDT,0.5813,42.0,0.5812,290.0,0.5818,42.0,0.5819,290.0
1753600067484,07:07:47.484,huobi,A/USDT:USDT,0.5813,42.0,0.5812,290.0,0.5818,42.0,0.5819,290.0
1753600068639,07:07:48.639,huobi,A/USDT:USDT,0.5813,42.0,0.5812,290.0,0.5818,42.0,0.5819,290.0
1753600068669,07:07:48.669,huobi,A/USDT:USDT,0.5813,42.0,0.5812,290.0,0.5818,42.0,0.5819,290.0
1753600068697,07:07:48.697,huobi,A/USDT:USDT,0.5814,43.0,0.5813,289.0,0.5818,42.0,0.5819,290.0
1753600068792,07:07:48.792,huobi,A/USDT:USDT,0.5814,43.0,0.5813,42.0,0.5818,42.0,0.5819,290.0
1753600068856,07:07:48.856,huobi,A/USDT:USDT,0.5813,289.0,0.5812,43.0,0.5818,42.0,0.5819,290.0
1753600068881,07:07:48.881,huobi,A/USDT:USDT,0.5814,43.0,0.5813,289.0,0.5818,42.0,0.5819,290.0
1753600069623,07:07:49.623,huobi,A/USDT:USDT,0.5814,43.0,0.5813,289.0,0.5818,42.0,0.5819,290.0
1753600076171,07:07:56.171,huobi,A/USDT:USDT,0.5814,43.0,0.5813,289.0,0.5818,42.0,0.5819,43.0
1753600076193,07:07:56.193,huobi,A/USDT:USDT,0.5814,43.0,0.5813,289.0,0.582,416.0,0.5822,41.0
1753600076224,07:07:56.224,huobi,A/USDT:USDT,0.5814,290.0,0.5813,289.0,0.5819,43.0,0.582,17.0
1753600076262,07:07:56.262,huobi,A/USDT:USDT,0.5815,43.0,0.5814,43.0,0.582,17.0,0.5822,41.0
1753600076284,07:07:56.284,huobi,A/USDT:USDT,0.5815,43.0,0.5814,43.0,0.5822,41.0,0.5823,59.0
1753600076315,07:07:56.315,huobi,A/USDT:USDT,0.5815,43.0,0.5814,290.0,0.5822,57.0,0.5823,59.0
1753600076348,07:07:56.348,huobi,A/USDT:USDT,0.5815,43.0,0.5814,290.0,0.5821,43.0,0.5822,57.0
1753600076383,07:07:56.383,huobi,A/USDT:USDT,0.5814,290.0,0.5813,42.0,0.582,43.0,0.5821,442.0
1753600077171,07:07:57.171,huobi,A/USDT:USDT,0.5814,43.0,0.5813,42.0,0.582,43.0,0.5821,442.0
1753600077207,07:07:57.207,huobi,A/USDT:USDT,0.5813,42.0,0.5812,263.0,0.582,43.0,0.5821,442.0
1753600077281,07:07:57.281,huobi,A/USDT:USDT,0.5813,42.0,0.5812,263.0,0.582,43.0,0.5821,442.0
1753600077331,07:07:57.331,huobi,A/USDT:USDT,0.5813,42.0,0.5812,263.0,0.582,43.0,0.5821,442.0
1753600077339,07:07:57.339,huobi,A/USDT:USDT,0.5813,42.0,0.5812,263.0,0.582,43.0,0.5821,457.0
1753600077374,07:07:57.374,huobi,A/USDT:USDT,0.5815,1.0,0.5813,42.0,0.582,43.0,0.5821,457.0
1753600077566,07:07:57.566,huobi,A/USDT:USDT,0.5813,42.0,0.5812,263.0,0.582,43.0,0.5821,457.0
1753600077576,07:07:57.576,huobi,A/USDT:USDT,0.5813,42.0,0.5812,16.0,0.582,43.0,0.5821,457.0
1753600077879,07:07:57.879,huobi,A/USDT:USDT,0.5813,42.0,0.5811,290.0,0.582,43.0,0.5821,457.0
1753600077914,07:07:57.914,huobi,A/USDT:USDT,0.5813,42.0,0.5811,305.0,0.582,43.0,0.5821,457.0
1753600079639,07:07:59.639,huobi,A/USDT:USDT,0.5813,42.0,0.5811,305.0,0.582,43.0,0.5821,457.0
1753600079666,07:07:59.666,huobi,A/USDT:USDT,0.5813,42.0,0.5811,305.0,0.582,43.0,0.5821,457.0
1753600079678,07:07:59.678,huobi,A/USDT:USDT,0.5813,42.0,0.5812,247.0,0.582,43.0,0.5821,457.0
1753600079785,07:07:59.785,huobi,A/USDT:USDT,0.5813,42.0,0.5812,247.0,0.582,43.0,0.5821,457.0
1753600080404,07:08:00.404,huobi,A/USDT:USDT,0.5813,42.0,0.5812,247.0,0.582,43.0,0.5821,457.0
1753600080428,07:08:00.428,huobi,A/USDT:USDT,0.5813,42.0,0.5811,58.0,0.582,43.0,0.5821,457.0
1753600080457,07:08:00.457,huobi,A/USDT:USDT,0.5813,42.0,0.5812,247.0,0.5819,43.0,0.582,290.0
1753600080564,07:08:00.564,huobi,A/USDT:USDT,0.5813,42.0,0.5812,247.0,0.5819,43.0,0.582,290.0
1753600081792,07:08:01.792,huobi,A/USDT:USDT,0.5813,42.0,0.5811,58.0,0.5819,43.0,0.582,290.0
1753600081812,07:08:01.812,huobi,A/USDT:USDT,0.5813,42.0,0.5812,247.0,0.5819,43.0,0.582,290.0
1753600081918,07:08:01.918,huobi,A/USDT:USDT,0.5813,42.0,0.5812,247.0,0.5819,43.0,0.582,290.0
1753600082594,07:08:02.594,huobi,A/USDT:USDT,0.5813,42.0,0.5811,58.0,0.5819,43.0,0.582,290.0
1753600082654,07:08:02.654,huobi,A/USDT:USDT,0.5813,42.0,0.5811,58.0,0.5819,290.0,0.582,290.0
1753600082670,07:08:02.670,huobi,A/USDT:USDT,0.5811,58.0,0.581,399.0,0.5819,290.0,0.582,290.0
1753600082679,07:08:02.679,huobi,A/USDT:USDT,0.5811,58.0,0.581,399.0,0.5818,43.0,0.5819,290.0
1753600082713,07:08:02.713,huobi,A/USDT:USDT,0.5811,58.0,0.581,399.0,0.5818,43.0,0.5819,43.0
1753600082744,07:08:02.744,huobi,A/USDT:USDT,0.5811,58.0,0.581,399.0,0.5818,43.0,0.5819,43.0
1753600082773,07:08:02.773,huobi,A/USDT:USDT,0.5811,43.0,0.581,399.0,0.5818,43.0,0.5819,290.0
1753600082795,07:08:02.795,huobi,A/USDT:USDT,0.5811,43.0,0.581,399.0,0.5818,43.0,0.5819,290.0
1753600082834,07:08:02.834,huobi,A/USDT:USDT,0.5811,43.0,0.581,399.0,0.5818,43.0,0.5819,290.0
1753600082867,07:08:02.867,huobi,A/USDT:USDT,0.5811,43.0,0.581,416.0,0.5818,43.0,0.5819,290.0
1753600082894,07:08:02.894,huobi,A/USDT:USDT,0.5811,43.0,0.581,416.0,0.5818,43.0,0.5819,290.0
1753600082932,07:08:02.932,huobi,A/USDT:USDT,0.5811,43.0,0.581,17.0,0.5818,290.0,0.5819,290.0
1753600082949,07:08:02.949,huobi,A/USDT:USDT,0.5811,43.0,0.581,17.0,0.5817,43.0,0.5818,43.0
1753600082980,07:08:02.980,huobi,A/USDT:USDT,0.5811,43.0,0.5809,43.0,0.5817,43.0,0.5818,43.0
1753600083006,07:08:03.006,huobi,A/USDT:USDT,0.5809,290.0,0.5808,43.0,0.5817,43.0,0.5818,290.0
1753600083137,07:08:03.137,huobi,A/USDT:USDT,0.581,290.0,0.5809,59.0,0.5817,43.0,0.5818,43.0
1753600083452,07:08:03.452,huobi,A/USDT:USDT,0.581,43.0,0.5809,59.0,0.5818,43.0,0.5819,59.0
1753600083466,07:08:03.466,huobi,A/USDT:USDT,0.581,43.0,0.5809,306.0,0.5818,43.0,0.5819,59.0
1753600084061,07:08:04.061,huobi,A/USDT:USDT,0.581,43.0,0.5809,306.0,0.5818,43.0,0.5819,59.0
1753600084148,07:08:04.148,huobi,A/USDT:USDT,0.581,43.0,0.5809,306.0,0.5818,43.0,0.5819,59.0
1753600084633,07:08:04.633,huobi,A/USDT:USDT,0.581,43.0,0.5809,306.0,0.5818,43.0,0.5819,59.0
1753600086775,07:08:06.775,huobi,A/USDT:USDT,0.581,43.0,0.5809,306.0,0.5818,43.0,0.5819,59.0
1753600086794,07:08:06.794,huobi,A/USDT:USDT,0.581,43.0,0.5809,306.0,0.5818,43.0,0.5819,59.0
1753600088470,07:08:08.470,huobi,A/USDT:USDT,0.581,43.0,0.5809,306.0,0.5818,43.0,0.5819,59.0
1753600088500,07:08:08.500,huobi,A/USDT:USDT,0.5809,16.0,0.5807,42.0,0.5818,43.0,0.5819,59.0
1753600088526,07:08:08.526,huobi,A/USDT:USDT,0.5809,16.0,0.5807,42.0,0.5816,42.0,0.5817,399.0
1753600088569,07:08:08.569,huobi,A/USDT:USDT,0.5807,42.0,0.5799,445.0,0.5815,42.0,0.5816,289.0
1753600088587,07:08:08.587,huobi,A/USDT:USDT,0.5805,42.0,0.5799,445.0,0.5815,42.0,0.5816,289.0
1753600088617,07:08:08.617,huobi,A/USDT:USDT,0.5805,42.0,0.5804,65.0,0.5815,42.0,0.5816,289.0
1753600088645,07:08:08.645,huobi,A/USDT:USDT,0.5805,42.0,0.5804,65.0,0.5815,42.0,0.5816,289.0
1753600088676,07:08:08.676,huobi,A/USDT:USDT,0.5805,42.0,0.5803,42.0,0.5815,42.0,0.5816,289.0
1753600088704,07:08:08.704,huobi,A/USDT:USDT,0.5807,15.0,0.5805,42.0,0.5815,42.0,0.5816,289.0
1753600088747,07:08:08.747,huobi,A/USDT:USDT,0.5807,15.0,0.5805,42.0,0.5815,58.0,0.5816,289.0
1753600088770,07:08:08.770,huobi,A/USDT:USDT,0.5803,42.0,0.5802,399.0,0.5814,42.0,0.5815,58.0
1753600088798,07:08:08.798,huobi,A/USDT:USDT,0.5803,42.0,0.5802,399.0,0.5814,42.0,0.5815,58.0
1753600088841,07:08:08.841,huobi,A/USDT:USDT,0.5805,15.0,0.5804,247.0,0.5814,289.0,0.5815,58.0
1753600088856,07:08:08.856,huobi,A/USDT:USDT,0.5805,15.0,0.5804,247.0,0.5813,42.0,0.5814,289.0
1753600088928,07:08:08.928,huobi,A/USDT:USDT,0.5805,15.0,0.5804,247.0,0.5813,42.0,0.5814,42.0
1753600088949,07:08:08.949,huobi,A/USDT:USDT,0.5806,42.0,0.5805,15.0,0.5813,42.0,0.5814,289.0
1753600090838,07:08:10.838,huobi,A/USDT:USDT,0.5806,42.0,0.5805,15.0,0.5813,42.0,0.5814,42.0
1753600090870,07:08:10.870,huobi,A/USDT:USDT,0.5806,42.0,0.5805,15.0,0.5814,289.0,0.5815,58.0
1753600091028,07:08:11.028,huobi,A/USDT:USDT,0.5806,42.0,0.5805,15.0,0.5813,42.0,0.5814,289.0
1753600091363,07:08:11.363,huobi,A/USDT:USDT,0.5806,42.0,0.5804,247.0,0.5813,42.0,0.5814,289.0
1753600091404,07:08:11.404,huobi,A/USDT:USDT,0.5806,42.0,0.5804,263.0,0.5813,42.0,0.5814,289.0
1753600091460,07:08:11.460,huobi,A/USDT:USDT,0.5806,42.0,0.5804,263.0,0.5813,42.0,0.5814,304.0
1753600091473,07:08:11.473,huobi,A/USDT:USDT,0.5806,42.0,0.5804,263.0,0.5813,42.0,0.5814,304.0
1753600091542,07:08:11.542,huobi,A/USDT:USDT,0.5806,42.0,0.5804,263.0,0.5813,42.0,0.5814,304.0
1753600091556,07:08:11.556,huobi,A/USDT:USDT,0.5806,42.0,0.5804,263.0,0.5813,42.0,0.5814,304.0
1753600091665,07:08:11.665,huobi,A/USDT:USDT,0.5806,42.0,0.5804,16.0,0.5813,42.0,0.5814,304.0
1753600091688,07:08:11.688,huobi,A/USDT:USDT,0.5806,42.0,0.5804,16.0,0.5812,42.0,0.5813,289.0
1753600091712,07:08:11.712,huobi,A/USDT:USDT,0.5806,42.0,0.5804,16.0,0.5812,289.0,0.5813,42.0
1753600091735,07:08:11.735,huobi,A/USDT:USDT,0.5806,42.0,0.5804,16.0,0.5811,42.0,0.5812,289.0
1753600091767,07:08:11.767,huobi,A/USDT:USDT,0.5805,42.0,0.5804,16.0,0.5811,42.0,0.5812,42.0
1753600091793,07:08:11.793,huobi,A/USDT:USDT,0.5805,42.0,0.5804,16.0,0.5811,42.0,0.5812,42.0
1753600091840,07:08:11.840,huobi,A/USDT:USDT,0.5805,42.0,0.5803,42.0,0.5811,42.0,0.5812,289.0
1753600091855,07:08:11.855,huobi,A/USDT:USDT,0.5805,42.0,0.5803,42.0,0.5811,42.0,0.5812,42.0
1753600091884,07:08:11.884,huobi,A/USDT:USDT,0.5805,42.0,0.5803,57.0,0.5812,289.0,0.5813,703.0
1753600091914,07:08:11.914,huobi,A/USDT:USDT,0.5805,42.0,0.5803,57.0,0.5812,289.0,0.5813,456.0
1753600092011,07:08:12.011,huobi,A/USDT:USDT,0.5805,42.0,0.5804,247.0,0.5811,42.0,0.5812,289.0
1753600092073,07:08:12.073,huobi,A/USDT:USDT,0.5805,42.0,0.5804,247.0,0.5811,42.0,0.5812,289.0
1753600092095,07:08:12.095,huobi,A/USDT:USDT,0.5805,42.0,0.5804,247.0,0.5811,289.0,0.5812,289.0
1753600092127,07:08:12.127,huobi,A/USDT:USDT,0.5805,42.0,0.5803,57.0,0.5811,42.0,0.5812,289.0
1753600092154,07:08:12.154,huobi,A/USDT:USDT,0.5805,42.0,0.5803,57.0,0.581,42.0,0.5811,289.0
1753600092203,07:08:12.203,huobi,A/USDT:USDT,0.5805,42.0,0.5803,57.0,0.581,42.0,0.5811,42.0
1753600092216,07:08:12.216,huobi,A/USDT:USDT,0.5803,42.0,0.5802,399.0,0.581,42.0,0.5811,42.0
1753600092287,07:08:12.287,huobi,A/USDT:USDT,0.5803,42.0,0.5802,399.0,0.581,42.0,0.5811,289.0
1753600092317,07:08:12.317,huobi,A/USDT:USDT,0.5803,42.0,0.5802,399.0,0.581,42.0,0.5811,289.0
1753600092340,07:08:12.340,huobi,A/USDT:USDT,0.5803,42.0,0.5802,415.0,0.581,42.0,0.5811,289.0
1753600092382,07:08:12.382,huobi,A/USDT:USDT,0.5803,42.0,0.5802,415.0,0.581,42.0,0.5811,289.0
1753600092398,07:08:12.398,huobi,A/USDT:USDT,0.5803,42.0,0.5802,399.0,0.581,289.0,0.5811,289.0
1753600092429,07:08:12.429,huobi,A/USDT:USDT,0.5803,42.0,0.5802,399.0,0.5809,42.0,0.581,42.0
1753600092466,07:08:12.466,huobi,A/USDT:USDT,0.5803,42.0,0.5802,399.0,0.5809,42.0,0.581,289.0
1753600092505,07:08:12.505,huobi,A/USDT:USDT,0.5803,42.0,0.5802,399.0,0.5809,42.0,0.581,42.0
1753600092519,07:08:12.519,huobi,A/USDT:USDT,0.5803,42.0,0.5801,57.0,0.5809,42.0,0.581,42.0
1753600092571,07:08:12.571,huobi,A/USDT:USDT,0.5803,289.0,0.5801,57.0,0.581,42.0,0.5811,304.0
1753600092623,07:08:12.623,huobi,A/USDT:USDT,0.5803,289.0,0.5801,57.0,0.581,42.0,0.5811,304.0
1753600092635,07:08:12.635,huobi,A/USDT:USDT,0.5803,289.0,0.5801,57.0,0.581,42.0,0.5811,304.0
1753600092687,07:08:12.687,huobi,A/USDT:USDT,0.5803,289.0,0.5801,57.0,0.581,42.0,0.5811,304.0
1753600093146,07:08:13.146,huobi,A/USDT:USDT,0.5803,289.0,0.5801,57.0,0.581,42.0,0.5811,304.0
1753600095173,07:08:15.173,huobi,A/USDT:USDT,0.5803,42.0,0.5801,57.0,0.581,42.0,0.5811,304.0
1753600095197,07:08:15.197,huobi,A/USDT:USDT,0.5801,57.0,0.58,42.0,0.581,42.0,0.5811,57.0
1753600095219,07:08:15.219,huobi,A/USDT:USDT,0.5802,42.0,0.5801,57.0,0.581,42.0,0.5811,57.0
1753600095248,07:08:15.248,huobi,A/USDT:USDT,0.5802,42.0,0.5801,57.0,0.581,42.0,0.5811,57.0
1753600095294,07:08:15.294,huobi,A/USDT:USDT,0.5802,42.0,0.5801,57.0,0.581,42.0,0.5811,57.0
1753600095306,07:08:15.306,huobi,A/USDT:USDT,0.5802,42.0,0.5801,42.0,0.581,42.0,0.5811,42.0
1753600095339,07:08:15.339,huobi,A/USDT:USDT,0.5802,42.0,0.5801,42.0,0.5811,42.0,0.5812,289.0
1753600095371,07:08:15.371,huobi,A/USDT:USDT,0.58,42.0,0.5799,399.0,0.5811,42.0,0.5812,289.0
1753600095399,07:08:15.399,huobi,A/USDT:USDT,0.58,42.0,0.5799,399.0,0.5811,42.0,0.5812,289.0
1753600095426,07:08:15.426,huobi,A/USDT:USDT,0.58,42.0,0.5799,399.0,0.5808,42.0,0.5809,15.0
1753600095455,07:08:15.455,huobi,A/USDT:USDT,0.58,42.0,0.5799,414.0,0.5808,42.0,0.5809,15.0
1753600095499,07:08:15.499,huobi,A/USDT:USDT,0.58,42.0,0.5799,414.0,0.5808,42.0,0.5809,15.0
1753600095517,07:08:15.517,huobi,A/USDT:USDT,0.58,289.0,0.5799,414.0,0.5808,42.0,0.5809,15.0
1753600095544,07:08:15.544,huobi,A/USDT:USDT,0.5801,42.0,0.58,289.0,0.5808,42.0,0.5809,15.0
1753600095572,07:08:15.572,huobi,A/USDT:USDT,0.5802,42.0,0.5801,289.0,0.5808,42.0,0.5809,262.0
1753600095666,07:08:15.666,huobi,A/USDT:USDT,0.5802,42.0,0.5801,289.0,0.5808,42.0,0.5809,262.0
1753600096260,07:08:16.260,huobi,A/USDT:USDT,0.5802,42.0,0.5801,42.0,0.5808,42.0,0.5809,262.0
1753600096273,07:08:16.273,huobi,A/USDT:USDT,0.5801,42.0,0.58,42.0,0.5808,42.0,0.5809,262.0
1753600096297,07:08:16.297,huobi,A/USDT:USDT,0.58,289.0,0.5799,414.0,0.5808,42.0,0.5809,262.0
1753600096331,07:08:16.331,huobi,A/USDT:USDT,0.5801,42.0,0.58,289.0,0.5808,42.0,0.5809,262.0
1753600097475,07:08:17.475,huobi,A/USDT:USDT,0.5801,42.0,0.58,289.0,0.5808,42.0,0.5809,262.0
1753600098052,07:08:18.052,huobi,A/USDT:USDT,0.5801,42.0,0.58,289.0,0.5808,42.0,0.5809,262.0
1753600098068,07:08:18.068,huobi,A/USDT:USDT,0.5801,42.0,0.58,289.0,0.5808,42.0,0.5809,262.0
1753600099621,07:08:19.621,huobi,A/USDT:USDT,0.5801,42.0,0.58,289.0,0.5808,42.0,0.5809,262.0
1753600099628,07:08:19.628,huobi,A/USDT:USDT,0.5801,42.0,0.58,289.0,0.5808,42.0,0.5809,262.0
1753600100364,07:08:20.364,huobi,A/USDT:USDT,0.5801,42.0,0.58,42.0,0.5808,42.0,0.5809,262.0
1753600100376,07:08:20.376,huobi,A/USDT:USDT,0.58,42.0,0.5799,414.0,0.5808,42.0,0.5809,262.0
1753600100454,07:08:20.454,huobi,A/USDT:USDT,0.58,42.0,0.5799,414.0,0.5808,42.0,0.5809,262.0
1753600100469,07:08:20.469,huobi,A/USDT:USDT,0.58,42.0,0.5799,414.0,0.5808,42.0,0.5809,262.0
1753600100507,07:08:20.507,huobi,A/USDT:USDT,0.58,42.0,0.5799,399.0,0.5808,42.0,0.5809,247.0
1753600100529,07:08:20.529,huobi,A/USDT:USDT,0.58,42.0,0.5799,399.0,0.5808,42.0,0.5809,247.0
1753600100559,07:08:20.559,huobi,A/USDT:USDT,0.58,42.0,0.5799,399.0,0.5808,57.0,0.5809,247.0
1753600100668,07:08:20.668,huobi,A/USDT:USDT,0.58,289.0,0.5799,399.0,0.5807,42.0,0.5808,304.0
1753600100674,07:08:20.674,huobi,A/USDT:USDT,0.58,289.0,0.5799,399.0,0.5807,42.0,0.5808,304.0
1753600100704,07:08:20.704,huobi,A/USDT:USDT,0.5801,42.0,0.58,289.0,0.5806,42.0,0.5807,289.0
1753600100735,07:08:20.735,huobi,A/USDT:USDT,0.5801,42.0,0.58,289.0,0.5806,42.0,0.5807,42.0
1753600100796,07:08:20.796,huobi,A/USDT:USDT,0.5801,42.0,0.58,289.0,0.5806,42.0,0.5807,289.0
1753600101108,07:08:21.108,huobi,A/USDT:USDT,0.5801,42.0,0.58,42.0,0.5806,42.0,0.5807,289.0
1753600101127,07:08:21.127,huobi,A/USDT:USDT,0.58,42.0,0.5798,15.0,0.5806,42.0,0.5807,289.0
1753600101156,07:08:21.156,huobi,A/USDT:USDT,0.58,42.0,0.5797,42.0,0.5806,289.0,0.5807,289.0
1753600101190,07:08:21.190,huobi,A/USDT:USDT,0.5796,42.0,0.5795,445.0,0.5805,42.0,0.5806,289.0
1753600101220,07:08:21.220,huobi,A/USDT:USDT,0.5797,14.0,0.5796,42.0,0.5805,42.0,0.5806,289.0
1753600101262,07:08:21.262,huobi,A/USDT:USDT,0.5797,14.0,0.5796,42.0,0.5805,42.0,0.5806,289.0
1753600101277,07:08:21.277,huobi,A/USDT:USDT,0.5796,42.0,0.5795,445.0,0.5805,289.0,0.5806,289.0
1753600101317,07:08:21.317,huobi,A/USDT:USDT,0.5796,42.0,0.5795,844.0,0.5804,42.0,0.5805,42.0
1753600101339,07:08:21.339,huobi,A/USDT:USDT,0.5796,57.0,0.5795,844.0,0.5804,42.0,0.5805,289.0
1753600101384,07:08:21.384,huobi,A/USDT:USDT,0.5797,42.0,0.5796,57.0,0.5804,42.0,0.5805,42.0
1753600101400,07:08:21.400,huobi,A/USDT:USDT,0.5797,42.0,0.5796,57.0,0.5804,42.0,0.5805,42.0
1753600101426,07:08:21.426,huobi,A/USDT:USDT,0.5798,42.0,0.5797,289.0,0.5804,42.0,0.5805,42.0
1753600101462,07:08:21.462,huobi,A/USDT:USDT,0.5799,42.0,0.5798,42.0,0.5805,42.0,0.5806,304.0
1753600101484,07:08:21.484,huobi,A/USDT:USDT,0.5799,42.0,0.5798,289.0,0.5805,42.0,0.5806,304.0
1753600101521,07:08:21.521,huobi,A/USDT:USDT,0.5799,42.0,0.5798,289.0,0.5805,42.0,0.5806,703.0
1753600101546,07:08:21.546,huobi,A/USDT:USDT,0.5799,42.0,0.5798,289.0,0.5805,42.0,0.5806,703.0
1753600101775,07:08:21.775,huobi,A/USDT:USDT,0.5799,42.0,0.5798,289.0,0.5805,42.0,0.5806,703.0
1753600102321,07:08:22.321,huobi,A/USDT:USDT,0.5799,289.0,0.5798,289.0,0.5805,42.0,0.5806,703.0
1753600102331,07:08:22.331,huobi,A/USDT:USDT,0.5799,42.0,0.5798,289.0,0.5805,42.0,0.5806,703.0
1753600102427,07:08:22.427,huobi,A/USDT:USDT,0.5799,42.0,0.5798,42.0,0.5805,42.0,0.5806,703.0
1753600102449,07:08:22.449,huobi,A/USDT:USDT,0.5797,42.0,0.5796,304.0,0.5805,42.0,0.5806,703.0
1753600102477,07:08:22.477,huobi,A/USDT:USDT,0.5798,42.0,0.5797,289.0,0.5805,42.0,0.5806,703.0
1753600102513,07:08:22.513,huobi,A/USDT:USDT,0.5798,42.0,0.5797,289.0,0.5805,42.0,0.5806,703.0
1753600102558,07:08:22.558,huobi,A/USDT:USDT,0.5798,42.0,0.5797,289.0,0.5805,42.0,0.5806,703.0
1753600102572,07:08:22.572,huobi,A/USDT:USDT,0.5798,42.0,0.5797,289.0,0.5805,42.0,0.5806,703.0
1753600102615,07:08:22.615,huobi,A/USDT:USDT,0.5799,42.0,0.5798,289.0,0.5805,42.0,0.5806,703.0
1753600102625,07:08:22.625,huobi,A/USDT:USDT,0.5799,42.0,0.5798,42.0,0.5805,42.0,0.5806,703.0
1753600102682,07:08:22.682,huobi,A/USDT:USDT,0.5799,42.0,0.5798,289.0,0.5805,42.0,0.5806,703.0
1753600103341,07:08:23.341,huobi,A/USDT:USDT,0.5799,42.0,0.5798,289.0,0.5805,42.0,0.5806,703.0
1753600103381,07:08:23.381,huobi,A/USDT:USDT,0.5799,42.0,0.5798,289.0,0.5805,42.0,0.5806,703.0
1753600103934,07:08:23.934,huobi,A/USDT:USDT,0.5799,42.0,0.5798,289.0,0.5805,42.0,0.5806,703.0
1753600103953,07:08:23.953,huobi,A/USDT:USDT,0.5799,42.0,0.5798,289.0,0.5805,42.0,0.5806,703.0
1753600104500,07:08:24.500,huobi,A/USDT:USDT,0.5799,42.0,0.5798,289.0,0.5805,42.0,0.5806,703.0
1753600104540,07:08:24.540,huobi,A/USDT:USDT,0.5799,42.0,0.5798,289.0,0.5805,42.0,0.5806,703.0
1753600105960,07:08:25.960,huobi,A/USDT:USDT,0.5799,42.0,0.5798,289.0,0.5806,703.0,0.5807,42.0
1753600105990,07:08:25.990,huobi,A/USDT:USDT,0.58,42.0,0.5799,42.0,0.5805,42.0,0.5806,703.0
1753600106035,07:08:26.035,huobi,A/USDT:USDT,0.5799,42.0,0.5798,42.0,0.5805,42.0,0.5806,703.0
1753600106047,07:08:26.047,huobi,A/USDT:USDT,0.5798,42.0,0.5797,42.0,0.5805,42.0,0.5806,703.0
1753600106077,07:08:26.077,huobi,A/USDT:USDT,0.5797,42.0,0.5796,56.0,0.5805,42.0,0.5806,703.0
1753600106105,07:08:26.105,huobi,A/USDT:USDT,0.5798,42.0,0.5797,289.0,0.5805,42.0,0.5806,703.0
1753600106199,07:08:26.199,huobi,A/USDT:USDT,0.5798,42.0,0.5797,289.0,0.5805,42.0,0.5806,703.0
1753600106225,07:08:26.225,huobi,A/USDT:USDT,0.5799,42.0,0.5798,289.0,0.5805,42.0,0.5806,703.0
1753600106318,07:08:26.318,huobi,A/USDT:USDT,0.5799,42.0,0.5798,42.0,0.5805,42.0,0.5806,703.0
1753600106385,07:08:26.385,huobi,A/USDT:USDT,0.5798,42.0,0.5797,42.0,0.5805,42.0,0.5806,703.0
1753600108213,07:08:28.213,huobi,A/USDT:USDT,0.5797,42.0,0.5796,303.0,0.5805,42.0,0.5806,703.0
1753600109819,07:08:29.819,huobi,A/USDT:USDT,0.5797,42.0,0.5796,289.0,0.5805,42.0,0.5806,703.0
1753600109853,07:08:29.853,huobi,A/USDT:USDT,0.5797,42.0,0.5796,289.0,0.5805,42.0,0.5806,703.0
1753600110380,07:08:30.380,huobi,A/USDT:USDT,0.5797,42.0,0.5796,289.0,0.5805,42.0,0.5806,703.0
1753600112520,07:08:32.520,huobi,A/USDT:USDT,0.5797,42.0,0.5796,289.0,0.5805,42.0,0.5806,703.0
1753600112544,07:08:32.544,huobi,A/USDT:USDT,0.5797,42.0,0.5796,289.0,0.5805,42.0,0.5806,703.0
1753600114343,07:08:34.343,huobi,A/USDT:USDT,0.5797,42.0,0.5796,289.0,0.5805,289.0,0.5806,703.0
1753600114358,07:08:34.358,huobi,A/USDT:USDT,0.5797,42.0,0.5796,289.0,0.5804,43.0,0.5805,289.0
1753600114416,07:08:34.416,huobi,A/USDT:USDT,0.5797,42.0,0.5796,289.0,0.5804,43.0,0.5805,289.0
1753600114450,07:08:34.450,huobi,A/USDT:USDT,0.5797,42.0,0.5796,289.0,0.5804,43.0,0.5805,303.0
1753600114693,07:08:34.693,huobi,A/USDT:USDT,0.5797,42.0,0.5796,289.0,0.5804,43.0,0.5805,303.0
1753600114848,07:08:34.848,huobi,A/USDT:USDT,0.5797,42.0,0.5796,289.0,0.5804,290.0,0.5805,303.0
1753600114906,07:08:34.906,huobi,A/USDT:USDT,0.5797,42.0,0.5796,289.0,0.5803,43.0,0.5804,290.0
1753600114947,07:08:34.947,huobi,A/USDT:USDT,0.5797,42.0,0.5796,289.0,0.5803,43.0,0.5804,290.0
1753600114962,07:08:34.962,huobi,A/USDT:USDT,0.5797,42.0,0.5796,289.0,0.5803,290.0,0.5804,290.0
1753600114988,07:08:34.988,huobi,A/USDT:USDT,0.5797,42.0,0.5796,289.0,0.5802,43.0,0.5803,43.0
1753600115037,07:08:35.037,huobi,A/USDT:USDT,0.5797,42.0,0.5796,289.0,0.5802,43.0,0.5803,290.0
1753600115068,07:08:35.068,huobi,A/USDT:USDT,0.5797,42.0,0.5796,289.0,0.5802,43.0,0.5803,43.0
1753600115083,07:08:35.083,huobi,A/USDT:USDT,0.5797,42.0,0.5796,289.0,0.5802,43.0,0.5803,43.0
1753600115134,07:08:35.134,huobi,A/USDT:USDT,0.5797,42.0,0.5796,289.0,0.5803,43.0,0.5804,290.0
1753600115202,07:08:35.202,huobi,A/USDT:USDT,0.5797,42.0,0.5796,289.0,0.5803,43.0,0.5804,290.0
1753600116755,07:08:36.755,huobi,A/USDT:USDT,0.5797,42.0,0.5796,289.0,0.5803,43.0,0.5804,43.0
1753600116795,07:08:36.795,huobi,A/USDT:USDT,0.5798,43.0,0.5797,289.0,0.5804,43.0,0.5805,56.0
1753600116831,07:08:36.831,huobi,A/USDT:USDT,0.5798,43.0,0.5797,289.0,0.5804,43.0,0.5805,303.0
1753600116863,07:08:36.863,huobi,A/USDT:USDT,0.5798,43.0,0.5797,289.0,0.5804,43.0,0.5805,303.0
1753600116878,07:08:36.878,huobi,A/USDT:USDT,0.5798,290.0,0.5797,289.0,0.5804,43.0,0.5805,303.0
1753600116986,07:08:36.986,huobi,A/USDT:USDT,0.5799,43.0,0.5798,43.0,0.5804,43.0,0.5805,303.0
1753600117001,07:08:37.001,huobi,A/USDT:USDT,0.5799,43.0,0.5798,43.0,0.5804,43.0,0.5805,303.0
1753600117050,07:08:37.050,huobi,A/USDT:USDT,0.5798,290.0,0.5797,289.0,0.5804,43.0,0.5805,303.0
1753600117071,07:08:37.071,huobi,A/USDT:USDT,0.5799,43.0,0.5798,290.0,0.5804,43.0,0.5805,303.0
1753600117088,07:08:37.088,huobi,A/USDT:USDT,0.5799,43.0,0.5798,43.0,0.5804,43.0,0.5805,303.0
1753600117121,07:08:37.121,huobi,A/USDT:USDT,0.5799,43.0,0.5798,290.0,0.5804,43.0,0.5805,303.0
1753600117194,07:08:37.194,huobi,A/USDT:USDT,0.5799,43.0,0.5798,43.0,0.5804,43.0,0.5805,303.0
1753600117231,07:08:37.231,huobi,A/USDT:USDT,0.5798,43.0,0.5797,42.0,0.5804,43.0,0.5805,303.0
1753600117244,07:08:37.244,huobi,A/USDT:USDT,0.5797,42.0,0.5796,42.0,0.5804,43.0,0.5805,303.0
1753600117297,07:08:37.297,huobi,A/USDT:USDT,0.5796,289.0,0.5795,414.0,0.5804,43.0,0.5805,303.0
1753600118853,07:08:38.853,huobi,A/USDT:USDT,0.5797,43.0,0.5796,42.0,0.5804,43.0,0.5805,303.0
1753600118853,07:08:38.853,huobi,A/USDT:USDT,0.5797,43.0,0.5796,42.0,0.5804,43.0,0.5805,303.0
1753600118883,07:08:38.883,huobi,A/USDT:USDT,0.5795,57.0,0.5792,42.0,0.5804,43.0,0.5805,303.0
1753600118929,07:08:38.929,huobi,A/USDT:USDT,0.5792,42.0,0.5791,42.0,0.5804,43.0,0.5805,289.0
1753600118943,07:08:38.943,huobi,A/USDT:USDT,0.5791,42.0,0.5784,488.0,0.5804,43.0,0.5805,289.0
1753600118975,07:08:38.975,huobi,A/USDT:USDT,0.5791,42.0,0.5784,488.0,0.5804,43.0,0.5805,289.0
1753600119005,07:08:39.005,huobi,A/USDT:USDT,0.5794,42.0,0.5793,15.0,0.5804,43.0,0.5805,289.0
1753600119034,07:08:39.034,huobi,A/USDT:USDT,0.5794,42.0,0.5793,15.0,0.5802,42.0,0.5803,15.0
1753600119068,07:08:39.068,huobi,A/USDT:USDT,0.5794,42.0,0.5791,42.0,0.5801,399.0,0.5802,42.0
1753600119099,07:08:39.099,huobi,A/USDT:USDT,0.5794,42.0,0.5791,42.0,0.58,58.0,0.5801,399.0
1753600119124,07:08:39.124,huobi,A/USDT:USDT,0.5794,42.0,0.5791,42.0,0.5799,42.0,0.58,58.0
1753600119165,07:08:39.165,huobi,A/USDT:USDT,0.5794,42.0,0.5791,42.0,0.5799,289.0,0.58,58.0
1753600119190,07:08:39.190,huobi,A/USDT:USDT,0.5791,42.0,0.579,16.0,0.5798,42.0,0.5799,42.0
1753600119272,07:08:39.272,huobi,A/USDT:USDT,0.5791,42.0,0.579,16.0,0.5798,42.0,0.5799,289.0
1753600119426,07:08:39.426,huobi,A/USDT:USDT,0.5791,42.0,0.579,263.0,0.5798,42.0,0.5799,289.0
1753600120032,07:08:40.032,huobi,A/USDT:USDT,0.5791,42.0,0.579,263.0,0.5798,289.0,0.5799,289.0
1753600120056,07:08:40.056,huobi,A/USDT:USDT,0.5791,42.0,0.579,263.0,0.5797,42.0,0.5798,42.0
1753600120087,07:08:40.087,huobi,A/USDT:USDT,0.5791,42.0,0.579,263.0,0.5797,42.0,0.5798,42.0
1753600120131,07:08:40.131,huobi,A/USDT:USDT,0.5791,42.0,0.579,263.0,0.5797,42.0,0.5798,42.0
1753600120154,07:08:40.154,huobi,A/USDT:USDT,0.5791,42.0,0.579,247.0,0.5797,42.0,0.5798,289.0
1753600120179,07:08:40.179,huobi,A/USDT:USDT,0.5791,42.0,0.579,247.0,0.5797,42.0,0.5798,289.0
1753600120221,07:08:40.221,huobi,A/USDT:USDT,0.5791,42.0,0.579,247.0,0.5797,42.0,0.5798,289.0
1753600120238,07:08:40.238,huobi,A/USDT:USDT,0.5791,42.0,0.579,247.0,0.5797,42.0,0.5798,289.0
1753600121149,07:08:41.149,huobi,A/USDT:USDT,0.5791,42.0,0.579,247.0,0.5797,42.0,0.5798,289.0
1753600123274,07:08:43.274,huobi,A/USDT:USDT,0.5791,42.0,0.579,247.0,0.5797,42.0,0.5798,289.0
1753600124273,07:08:44.273,huobi,A/USDT:USDT,0.5791,42.0,0.579,247.0,0.5797,289.0,0.5798,289.0
1753600124381,07:08:44.381,huobi,A/USDT:USDT,0.5791,42.0,0.579,247.0,0.5797,289.0,0.5798,42.0
1753600124436,07:08:44.436,huobi,A/USDT:USDT,0.5791,42.0,0.579,247.0,0.5796,42.0,0.5797,289.0
1753600124476,07:08:44.476,huobi,A/USDT:USDT,0.5791,42.0,0.579,247.0,0.5796,42.0,0.5797,289.0
1753600124509,07:08:44.509,huobi,A/USDT:USDT,0.5791,42.0,0.579,247.0,0.5796,42.0,0.5797,289.0
1753600124568,07:08:44.568,huobi,A/USDT:USDT,0.5791,42.0,0.579,247.0,0.5796,42.0,0.5797,289.0
1753600124707,07:08:44.707,huobi,A/USDT:USDT,0.5791,42.0,0.579,247.0,0.5796,42.0,0.5797,289.0
1753600124760,07:08:44.760,huobi,A/USDT:USDT,0.5791,42.0,0.579,247.0,0.5796,42.0,0.5797,289.0
1753600124989,07:08:44.989,huobi,A/USDT:USDT,0.5791,42.0,0.579,247.0,0.5796,42.0,0.5797,289.0
1753600125015,07:08:45.015,huobi,A/USDT:USDT,0.5791,42.0,0.579,247.0,0.5796,42.0,0.5797,689.0
1753600125198,07:08:45.198,huobi,A/USDT:USDT,0.5791,42.0,0.579,247.0,0.5792,5.0,0.5796,42.0
1753600125401,07:08:45.401,huobi,A/USDT:USDT,0.5791,42.0,0.579,247.0,0.5796,42.0,0.5797,689.0
1753600125456,07:08:45.456,huobi,A/USDT:USDT,0.5791,42.0,0.579,247.0,0.5796,42.0,0.5797,689.0
1753600125697,07:08:45.697,huobi,A/USDT:USDT,0.5791,42.0,0.579,247.0,0.5796,42.0,0.5797,689.0
1753600125751,07:08:45.751,huobi,A/USDT:USDT,0.5791,42.0,0.579,247.0,0.5796,42.0,0.5797,689.0
1753600126448,07:08:46.448,huobi,A/USDT:USDT,0.5791,42.0,0.579,247.0,0.5796,42.0,0.5797,689.0
1753600126485,07:08:46.485,huobi,A/USDT:USDT,0.5791,42.0,0.579,247.0,0.5796,42.0,0.5797,689.0
1753600127542,07:08:47.542,huobi,A/USDT:USDT,0.5791,42.0,0.579,247.0,0.5796,42.0,0.5797,689.0
1753600127560,07:08:47.560,huobi,A/USDT:USDT,0.5791,42.0,0.579,247.0,0.5796,42.0,0.5797,689.0
1753600129705,07:08:49.705,huobi,A/USDT:USDT,0.5791,42.0,0.579,247.0,0.5796,42.0,0.5797,689.0
1753600130238,07:08:50.238,huobi,A/USDT:USDT,0.5791,42.0,0.579,247.0,0.5796,42.0,0.5797,689.0
1753600132627,07:08:52.627,huobi,A/USDT:USDT,0.5791,42.0,0.579,247.0,0.5797,689.0,0.5798,42.0
1753600132675,07:08:52.675,huobi,A/USDT:USDT,0.5791,42.0,0.579,247.0,0.5797,400.0,0.5798,42.0
1753600132685,07:08:52.685,huobi,A/USDT:USDT,0.5791,42.0,0.579,247.0,0.5797,400.0,0.5798,42.0
1753600132731,07:08:52.731,huobi,A/USDT:USDT,0.5791,42.0,0.579,247.0,0.5799,16.0,0.58,58.0
1753600132753,07:08:52.753,huobi,A/USDT:USDT,0.5791,42.0,0.579,247.0,0.5799,16.0,0.58,16.0
1753600132774,07:08:52.774,huobi,A/USDT:USDT,0.5791,42.0,0.579,247.0,0.5799,16.0,0.5801,42.0
1753600132804,07:08:52.804,huobi,A/USDT:USDT,0.5791,442.0,0.5789,42.0,0.5801,42.0,0.5807,42.0
1753600132837,07:08:52.837,huobi,A/USDT:USDT,0.5793,42.0,0.5792,56.0,0.5801,42.0,0.5803,17.0
1753600132867,07:08:52.867,huobi,A/USDT:USDT,0.5793,42.0,0.5792,56.0,0.5801,42.0,0.5806,68.0
1753600132907,07:08:52.907,huobi,A/USDT:USDT,0.5793,289.0,0.5792,56.0,0.5801,42.0,0.5802,17.0
1753600132930,07:08:52.930,huobi,A/USDT:USDT,0.5794,42.0,0.5793,289.0,0.5801,42.0,0.5802,17.0
1753600132965,07:08:52.965,huobi,A/USDT:USDT,0.5794,289.0,0.5793,289.0,0.5801,42.0,0.5802,400.0
1753600132984,07:08:52.984,huobi,A/USDT:USDT,0.5795,42.0,0.5794,289.0,0.5801,42.0,0.5802,400.0
1753600133018,07:08:53.018,huobi,A/USDT:USDT,0.5795,42.0,0.5794,289.0,0.5801,42.0,0.5802,400.0
1753600133059,07:08:53.059,huobi,A/USDT:USDT,0.5795,42.0,0.5794,289.0,0.5801,42.0,0.5802,400.0
1753600133076,07:08:53.076,huobi,A/USDT:USDT,0.5795,289.0,0.5794,289.0,0.5801,42.0,0.5802,400.0
1753600133111,07:08:53.111,huobi,A/USDT:USDT,0.5796,42.0,0.5795,42.0,0.5801,42.0,0.5802,400.0
1753600133135,07:08:53.135,huobi,A/USDT:USDT,0.5796,42.0,0.5795,289.0,0.5801,42.0,0.5802,400.0
1753600133184,07:08:53.184,huobi,A/USDT:USDT,0.5796,42.0,0.5795,42.0,0.5801,42.0,0.5802,400.0
1753600133210,07:08:53.210,huobi,A/USDT:USDT,0.5796,42.0,0.5795,42.0,0.5801,42.0,0.5802,400.0
1753600133264,07:08:53.264,huobi,A/USDT:USDT,0.5795,42.0,0.5794,289.0,0.5801,42.0,0.5802,400.0
1753600133318,07:08:53.318,huobi,A/USDT:USDT,0.5795,42.0,0.5794,289.0,0.5801,42.0,0.5802,400.0
1753600133529,07:08:53.529,huobi,A/USDT:USDT,0.5795,42.0,0.5794,42.0,0.5801,42.0,0.5802,400.0
1753600134012,07:08:54.012,huobi,A/USDT:USDT,0.5794,42.0,0.5793,305.0,0.5801,42.0,0.5802,400.0
1753600135702,07:08:55.702,huobi,A/USDT:USDT,0.5794,42.0,0.5793,305.0,0.5801,289.0,0.5802,400.0
1753600135781,07:08:55.781,huobi,A/USDT:USDT,0.5794,42.0,0.5793,305.0,0.5801,289.0,0.5802,400.0
1753600135965,07:08:55.965,huobi,A/USDT:USDT,0.5794,42.0,0.5793,305.0,0.58,42.0,0.5801,289.0
1753600135995,07:08:55.995,huobi,A/USDT:USDT,0.5794,42.0,0.5793,305.0,0.58,289.0,0.5801,289.0
1753600136102,07:08:56.102,huobi,A/USDT:USDT,0.5794,42.0,0.5793,305.0,0.58,289.0,0.5801,42.0
1753600136157,07:08:56.157,huobi,A/USDT:USDT,0.5794,42.0,0.5793,305.0,0.58,289.0,0.5801,42.0
1753600136412,07:08:56.412,huobi,A/USDT:USDT,0.5794,42.0,0.5793,305.0,0.58,247.0,0.5801,42.0
1753600136460,07:08:56.460,huobi,A/USDT:USDT,0.5794,42.0,0.5793,305.0,0.5801,289.0,0.5802,400.0
1753600136481,07:08:56.481,huobi,A/USDT:USDT,0.5794,42.0,0.5793,305.0,0.5801,42.0,0.5802,400.0
1753600136495,07:08:56.495,huobi,A/USDT:USDT,0.5794,42.0,0.5793,305.0,0.5801,289.0,0.5802,400.0
1753600138293,07:08:58.293,huobi,A/USDT:USDT,0.5794,42.0,0.5793,305.0,0.5801,289.0,0.5802,400.0
1753600138330,07:08:58.330,huobi,A/USDT:USDT,0.5794,42.0,0.5793,305.0,0.5801,289.0,0.5802,400.0
1753600139840,07:08:59.840,huobi,A/USDT:USDT,0.5794,42.0,0.5793,305.0,0.5801,289.0,0.5802,400.0
1753600139861,07:08:59.861,huobi,A/USDT:USDT,0.5794,42.0,0.5793,305.0,0.5801,289.0,0.5802,400.0
1753600140430,07:09:00.430,huobi,A/USDT:USDT,0.5794,42.0,0.5793,305.0,0.5801,289.0,0.5802,400.0
1753600142583,07:09:02.583,huobi,A/USDT:USDT,0.5794,42.0,0.5793,305.0,0.5801,289.0,0.5802,400.0
1753600142606,07:09:02.606,huobi,A/USDT:USDT,0.5794,42.0,0.5793,305.0,0.5801,289.0,0.5802,400.0
1753600143121,07:09:03.121,huobi,A/USDT:USDT,0.5794,42.0,0.5793,305.0,0.58,44.0,0.5801,289.0
1753600144701,07:09:04.701,huobi,A/USDT:USDT,0.5794,42.0,0.5793,305.0,0.58,44.0,0.5801,289.0
1753600146445,07:09:06.445,huobi,A/USDT:USDT,0.5794,42.0,0.5793,58.0,0.58,44.0,0.5801,289.0
1753600146454,07:09:06.454,huobi,A/USDT:USDT,0.5794,42.0,0.5793,58.0,0.58,291.0,0.5801,289.0
1753600146493,07:09:06.493,huobi,A/USDT:USDT,0.5794,42.0,0.5793,42.0,0.5799,44.0,0.58,44.0
1753600146518,07:09:06.518,huobi,A/USDT:USDT,0.5793,42.0,0.5792,42.0,0.5799,44.0,0.58,44.0
1753600146558,07:09:06.558,huobi,A/USDT:USDT,0.5792,42.0,0.5791,442.0,0.5799,44.0,0.58,44.0
1753600146583,07:09:06.583,huobi,A/USDT:USDT,0.5792,58.0,0.5791,442.0,0.5799,44.0,0.58,291.0
1753600146619,07:09:06.619,huobi,A/USDT:USDT,0.5793,44.0,0.5792,58.0,0.5799,44.0,0.58,291.0
1753600146749,07:09:06.749,huobi,A/USDT:USDT,0.5793,291.0,0.5792,58.0,0.5799,44.0,0.58,291.0
1753600146761,07:09:06.761,huobi,A/USDT:USDT,0.5794,44.0,0.5793,291.0,0.5799,44.0,0.58,291.0
1753600146797,07:09:06.797,huobi,A/USDT:USDT,0.5795,44.0,0.5794,291.0,0.5799,44.0,0.58,291.0
1753600146860,07:09:06.860,huobi,A/USDT:USDT,0.5795,44.0,0.5794,44.0,0.5799,44.0,0.58,291.0
1753600146884,07:09:06.884,huobi,A/USDT:USDT,0.5795,44.0,0.5794,291.0,0.5799,44.0,0.58,291.0
1753600148895,07:09:08.895,huobi,A/USDT:USDT,0.5795,44.0,0.5794,44.0,0.58,291.0,0.5801,42.0
1753600148919,07:09:08.919,huobi,A/USDT:USDT,0.5793,291.0,0.5792,58.0,0.58,291.0,0.5801,42.0
1753600149026,07:09:09.026,huobi,A/USDT:USDT,0.5794,42.0,0.5793,291.0,0.58,291.0,0.5801,42.0
1753600152423,07:09:12.423,huobi,A/USDT:USDT,0.5794,42.0,0.5793,291.0,0.5799,42.0,0.58,291.0
1753600153518,07:09:13.518,huobi,A/USDT:USDT,0.5794,42.0,0.5793,291.0,0.5799,289.0,0.58,291.0
1753600153624,07:09:13.624,huobi,A/USDT:USDT,0.5794,42.0,0.5793,291.0,0.5799,42.0,0.58,44.0
1753600153660,07:09:13.660,huobi,A/USDT:USDT,0.5794,42.0,0.5793,291.0,0.5801,289.0,0.5802,400.0
1753600154366,07:09:14.366,huobi,A/USDT:USDT,0.5794,42.0,0.5793,291.0,0.58,42.0,0.5801,289.0
1753600154376,07:09:14.376,huobi,A/USDT:USDT,0.5794,42.0,0.5793,291.0,0.58,42.0,0.5801,289.0
1753600154408,07:09:14.408,huobi,A/USDT:USDT,0.5794,42.0,0.5793,291.0,0.5799,400.0,0.58,42.0
1753600154438,07:09:14.438,huobi,A/USDT:USDT,0.5794,42.0,0.5793,291.0,0.5799,400.0,0.58,42.0
1753600154994,07:09:14.994,huobi,A/USDT:USDT,0.5794,42.0,0.5793,291.0,0.5798,42.0,0.5799,400.0
1753600155006,07:09:15.006,huobi,A/USDT:USDT,0.5794,42.0,0.5793,44.0,0.5798,289.0,0.5799,400.0
1753600155050,07:09:15.050,huobi,A/USDT:USDT,0.5793,44.0,0.5792,42.0,0.5798,42.0,0.5799,400.0
1753600155113,07:09:15.113,huobi,A/USDT:USDT,0.5792,42.0,0.5791,457.0,0.5798,42.0,0.5799,400.0
1753600155129,07:09:15.129,huobi,A/USDT:USDT,0.5792,42.0,0.5791,457.0,0.5798,289.0,0.5799,400.0
1753600155174,07:09:15.174,huobi,A/USDT:USDT,0.5792,42.0,0.5791,457.0,0.5797,42.0,0.5798,289.0
1753600155218,07:09:15.218,huobi,A/USDT:USDT,0.5792,42.0,0.5791,457.0,0.5797,42.0,0.5798,289.0
1753600155266,07:09:15.266,huobi,A/USDT:USDT,0.5792,42.0,0.5791,457.0,0.5797,42.0,0.5798,289.0
1753600155274,07:09:15.274,huobi,A/USDT:USDT,0.5792,42.0,0.5791,457.0,0.5797,42.0,0.5798,289.0
1753600155353,07:09:15.353,huobi,A/USDT:USDT,0.5792,42.0,0.5791,457.0,0.5797,42.0,0.5798,289.0
1753600155416,07:09:15.416,huobi,A/USDT:USDT,0.5792,289.0,0.5791,457.0,0.5797,42.0,0.5798,289.0
1753600155430,07:09:15.430,huobi,A/USDT:USDT,0.5793,42.0,0.5792,289.0,0.5797,42.0,0.5798,289.0
1753600155500,07:09:15.500,huobi,A/USDT:USDT,0.5793,42.0,0.5792,289.0,0.5797,42.0,0.5798,289.0
1753600156671,07:09:16.671,huobi,A/USDT:USDT,0.5793,42.0,0.5792,289.0,0.5797,42.0,0.5798,289.0
1753600156685,07:09:16.685,huobi,A/USDT:USDT,0.5793,42.0,0.5792,289.0,0.5797,42.0,0.5798,289.0
1753600156726,07:09:16.726,huobi,A/USDT:USDT,0.5793,42.0,0.5792,289.0,0.5797,42.0,0.5798,289.0
1753600157071,07:09:17.071,huobi,A/USDT:USDT,0.5793,42.0,0.5792,289.0,0.5797,42.0,0.5798,289.0
1753600157110,07:09:17.110,huobi,A/USDT:USDT,0.5793,42.0,0.5792,289.0,0.5797,42.0,0.5798,289.0
1753600157335,07:09:17.335,huobi,A/USDT:USDT,0.5793,42.0,0.5792,289.0,0.5797,42.0,0.5798,289.0
1753600157384,07:09:17.384,huobi,A/USDT:USDT,0.5793,42.0,0.5792,289.0,0.5797,42.0,0.5798,289.0
1753600157505,07:09:17.505,huobi,A/USDT:USDT,0.5793,42.0,0.5792,289.0,0.5797,42.0,0.5798,289.0
1753600157642,07:09:17.642,huobi,A/USDT:USDT,0.5793,42.0,0.5792,289.0,0.5797,42.0,0.5798,289.0
1753600157659,07:09:17.659,huobi,A/USDT:USDT,0.5793,42.0,0.5792,289.0,0.5797,42.0,0.5798,289.0
1753600157695,07:09:17.695,huobi,A/USDT:USDT,0.5793,42.0,0.5792,289.0,0.5797,42.0,0.5798,289.0
1753600157716,07:09:17.716,huobi,A/USDT:USDT,0.5793,42.0,0.5792,289.0,0.5797,42.0,0.5798,289.0
1753600158488,07:09:18.488,huobi,A/USDT:USDT,0.5793,42.0,0.5792,289.0,0.5797,289.0,0.5798,289.0
1753600158597,07:09:18.597,huobi,A/USDT:USDT,0.5793,42.0,0.5792,289.0,0.5797,42.0,0.5798,42.0
1753600158609,07:09:18.609,huobi,A/USDT:USDT,0.5793,42.0,0.5792,289.0,0.5798,42.0,0.5799,400.0
1753600159043,07:09:19.043,huobi,A/USDT:USDT,0.5793,42.0,0.5792,289.0,0.5797,42.0,0.5798,289.0
1753600159058,07:09:19.058,huobi,A/USDT:USDT,0.5793,42.0,0.5792,289.0,0.5797,42.0,0.5798,289.0
1753600159650,07:09:19.650,huobi,A/USDT:USDT,0.5793,42.0,0.5792,289.0,0.5797,42.0,0.5798,289.0
1753600161497,07:09:21.497,huobi,A/USDT:USDT,0.5793,42.0,0.5792,42.0,0.5797,42.0,0.5798,289.0
1753600161520,07:09:21.520,huobi,A/USDT:USDT,0.5791,42.0,0.579,17.0,0.5797,42.0,0.5798,289.0
1753600161585,07:09:21.585,huobi,A/USDT:USDT,0.5791,42.0,0.579,17.0,0.5797,42.0,0.5798,289.0
1753600161607,07:09:21.607,huobi,A/USDT:USDT,0.5791,42.0,0.579,264.0,0.5797,42.0,0.5798,289.0
1753600161657,07:09:21.657,huobi,A/USDT:USDT,0.5791,42.0,0.579,247.0,0.5797,42.0,0.5798,289.0
1753600161700,07:09:21.700,huobi,A/USDT:USDT,0.5791,42.0,0.579,247.0,0.5797,42.0,0.5798,289.0
1753600161797,07:09:21.797,huobi,A/USDT:USDT,0.5791,42.0,0.579,247.0,0.5797,42.0,0.5798,289.0
1753600163842,07:09:23.842,huobi,A/USDT:USDT,0.5791,42.0,0.579,247.0,0.5797,42.0,0.5798,289.0
1753600163856,07:09:23.856,huobi,A/USDT:USDT,0.5791,42.0,0.579,247.0,0.5797,42.0,0.5798,289.0
1753600163942,07:09:23.942,huobi,A/USDT:USDT,0.5791,42.0,0.579,247.0,0.5797,42.0,0.5798,289.0
1753600168642,07:09:28.642,huobi,A/USDT:USDT,0.5791,42.0,0.579,247.0,0.5797,42.0,0.5798,289.0
1753600168658,07:09:28.658,huobi,A/USDT:USDT,0.5791,42.0,0.579,247.0,0.5797,42.0,0.5798,289.0
1753600171039,07:09:31.039,huobi,A/USDT:USDT,0.5791,42.0,0.579,247.0,0.5797,289.0,0.5798,289.0
1753600171161,07:09:31.161,huobi,A/USDT:USDT,0.5791,42.0,0.579,247.0,0.5797,289.0,0.5798,42.0
1753600172429,07:09:32.429,huobi,A/USDT:USDT,0.5791,42.0,0.579,247.0,0.5796,42.0,0.5797,289.0
1753600174393,07:09:34.393,huobi,A/USDT:USDT,0.5794,9.0,0.5791,42.0,0.5796,42.0,0.5797,289.0
1753600174418,07:09:34.418,huobi,A/USDT:USDT,0.5791,42.0,0.579,247.0,0.5796,42.0,0.5797,289.0
1753600174535,07:09:34.535,huobi,A/USDT:USDT,0.5792,42.0,0.5791,42.0,0.5796,42.0,0.5797,289.0
1753600174581,07:09:34.581,huobi,A/USDT:USDT,0.5791,42.0,0.5789,415.0,0.5796,42.0,0.5797,289.0
1753600174693,07:09:34.693,huobi,A/USDT:USDT,0.5791,42.0,0.579,247.0,0.5796,42.0,0.5797,289.0
1753600177169,07:09:37.169,huobi,A/USDT:USDT,0.5791,42.0,0.579,247.0,0.5796,289.0,0.5797,289.0
1753600177177,07:09:37.177,huobi,A/USDT:USDT,0.5791,42.0,0.579,247.0,0.5796,42.0,0.5797,289.0
1753600177215,07:09:37.215,huobi,A/USDT:USDT,0.5791,42.0,0.579,247.0,0.5796,42.0,0.5797,289.0
1753600177276,07:09:37.276,huobi,A/USDT:USDT,0.5791,42.0,0.579,247.0,0.5796,42.0,0.5797,42.0
1753600177298,07:09:37.298,huobi,A/USDT:USDT,0.5791,42.0,0.579,247.0,0.5798,289.0,0.5799,400.0
1753600179082,07:09:39.082,huobi,A/USDT:USDT,0.5791,42.0,0.579,247.0,0.5797,42.0,0.5798,289.0
1753600179131,07:09:39.131,huobi,A/USDT:USDT,0.5791,42.0,0.579,247.0,0.5797,42.0,0.5798,289.0
1753600180881,07:09:40.881,huobi,A/USDT:USDT,0.5791,42.0,0.579,247.0,0.5797,42.0,0.5798,42.0
1753600180896,07:09:40.896,huobi,A/USDT:USDT,0.5791,42.0,0.579,289.0,0.5799,14.0,0.5801,14.0
1753600180953,07:09:40.953,huobi,A/USDT:USDT,0.5791,42.0,0.579,289.0,0.5801,14.0,0.5803,556.0
1753600180956,07:09:40.956,huobi,A/USDT:USDT,0.5791,42.0,0.579,289.0,0.5801,14.0,0.5803,556.0
1753600180996,07:09:40.996,huobi,A/USDT:USDT,0.5791,42.0,0.579,289.0,0.5801,14.0,0.5803,489.0
1753600181039,07:09:41.039,huobi,A/USDT:USDT,0.5791,42.0,0.579,289.0,0.5801,56.0,0.5803,42.0
1753600181050,07:09:41.050,huobi,A/USDT:USDT,0.5791,42.0,0.579,289.0,0.5801,56.0,0.5803,42.0
1753600181074,07:09:41.074,huobi,A/USDT:USDT,0.5791,42.0,0.579,289.0,0.5801,42.0,0.5803,42.0
1753600181116,07:09:41.116,huobi,A/USDT:USDT,0.5791,42.0,0.579,289.0,0.5801,58.0,0.5803,42.0
1753600181136,07:09:41.136,huobi,A/USDT:USDT,0.5792,42.0,0.5791,58.0,0.5801,58.0,0.5802,400.0
1753600181170,07:09:41.170,huobi,A/USDT:USDT,0.5792,42.0,0.5791,42.0,0.5801,42.0,0.5802,400.0
1753600181211,07:09:41.211,huobi,A/USDT:USDT,0.5792,42.0,0.5791,42.0,0.5801,42.0,0.5802,400.0
1753600181227,07:09:41.227,huobi,A/USDT:USDT,0.5793,15.0,0.5792,42.0,0.5801,42.0,0.5802,400.0
1753600181263,07:09:41.263,huobi,A/USDT:USDT,0.5794,42.0,0.5793,262.0,0.5801,289.0,0.5802,400.0
1753600181359,07:09:41.359,huobi,A/USDT:USDT,0.5794,42.0,0.5793,262.0,0.5801,289.0,0.5802,400.0
1753600183013,07:09:43.013,huobi,A/USDT:USDT,0.5794,42.0,0.5793,262.0,0.58,42.0,0.5801,289.0
1753600183026,07:09:43.026,huobi,A/USDT:USDT,0.5794,42.0,0.5793,262.0,0.58,289.0,0.5801,289.0
1753600183134,07:09:43.134,huobi,A/USDT:USDT,0.5794,42.0,0.5793,262.0,0.58,289.0,0.5801,42.0
1753600183340,07:09:43.340,huobi,A/USDT:USDT,0.5794,42.0,0.5793,262.0,0.58,289.0,0.5801,42.0
1753600183358,07:09:43.358,huobi,A/USDT:USDT,0.5794,42.0,0.5793,15.0,0.58,289.0,0.5801,42.0
1753600183387,07:09:43.387,huobi,A/USDT:USDT,0.5794,42.0,0.5793,15.0,0.5801,42.0,0.5802,400.0
1753600183460,07:09:43.460,huobi,A/USDT:USDT,0.5794,42.0,0.5793,15.0,0.58,42.0,0.5801,289.0
1753600183478,07:09:43.478,huobi,A/USDT:USDT,0.5794,42.0,0.5793,15.0,0.58,42.0,0.5801,289.0
1753600183597,07:09:43.597,huobi,A/USDT:USDT,0.5794,42.0,0.5793,15.0,0.58,42.0,0.5801,289.0
1753600184464,07:09:44.464,huobi,A/USDT:USDT,0.5794,42.0,0.5793,15.0,0.5801,289.0,0.5802,400.0
1753600184467,07:09:44.467,huobi,A/USDT:USDT,0.5794,42.0,0.5793,15.0,0.5801,289.0,0.5802,400.0
1753600184506,07:09:44.506,huobi,A/USDT:USDT,0.5794,42.0,0.5793,15.0,0.5801,42.0,0.5802,400.0
1753600184532,07:09:44.532,huobi,A/USDT:USDT,0.5794,42.0,0.5793,15.0,0.5801,42.0,0.5803,57.0
1753600184562,07:09:44.562,huobi,A/USDT:USDT,0.5794,42.0,0.5793,15.0,0.5801,42.0,0.5803,57.0
1753600184615,07:09:44.615,huobi,A/USDT:USDT,0.5794,42.0,0.5792,247.0,0.5801,42.0,0.5803,42.0
1753600184651,07:09:44.651,huobi,A/USDT:USDT,0.5794,42.0,0.5792,247.0,0.5803,42.0,0.5804,15.0
1753600184673,07:09:44.673,huobi,A/USDT:USDT,0.5794,57.0,0.5792,247.0,0.5802,400.0,0.5803,42.0
1753600184756,07:09:44.756,huobi,A/USDT:USDT,0.5796,42.0,0.5795,289.0,0.5802,400.0,0.5803,42.0
1753600184770,07:09:44.770,huobi,A/USDT:USDT,0.5796,42.0,0.5795,289.0,0.5802,400.0,0.5803,42.0
1753600184798,07:09:44.798,huobi,A/USDT:USDT,0.5796,42.0,0.5795,289.0,0.5802,400.0,0.5803,42.0
1753600184856,07:09:44.856,huobi,A/USDT:USDT,0.5796,42.0,0.5795,289.0,0.5802,400.0,0.5803,42.0
1753600184888,07:09:44.888,huobi,A/USDT:USDT,0.5796,42.0,0.5795,289.0,0.5802,400.0,0.5803,42.0
1753600184918,07:09:44.918,huobi,A/USDT:USDT,0.5797,42.0,0.5796,289.0,0.5802,400.0,0.5803,42.0
1753600185012,07:09:45.012,huobi,A/USDT:USDT,0.5797,42.0,0.5796,42.0,0.5802,400.0,0.5803,42.0
1753600185075,07:09:45.075,huobi,A/USDT:USDT,0.5796,42.0,0.5795,289.0,0.5802,400.0,0.5803,42.0
1753600185502,07:09:45.502,huobi,A/USDT:USDT,0.5796,42.0,0.5795,289.0,0.5802,400.0,0.5803,42.0
1753600191969,07:09:51.969,huobi,A/USDT:USDT,0.5796,42.0,0.5795,289.0,0.5802,400.0,0.5803,42.0
1753600191993,07:09:51.993,huobi,A/USDT:USDT,0.5796,42.0,0.5795,289.0,0.5802,400.0,0.5805,42.0
1753600192035,07:09:52.035,huobi,A/USDT:USDT,0.5796,42.0,0.5795,289.0,0.5802,400.0,0.5805,59.0
1753600193368,07:09:53.368,huobi,A/USDT:USDT,0.5796,42.0,0.5795,289.0,0.5802,400.0,0.5805,59.0
1753600193403,07:09:53.403,huobi,A/USDT:USDT,0.5796,42.0,0.5795,289.0,0.5802,400.0,0.5805,59.0
1753600194043,07:09:54.043,huobi,A/USDT:USDT,0.5796,42.0,0.5795,289.0,0.5802,400.0,0.5805,59.0
1753600194171,07:09:54.171,huobi,A/USDT:USDT,0.5796,42.0,0.5795,289.0,0.5802,400.0,0.5805,59.0
1753600194999,07:09:54.999,huobi,A/USDT:USDT,0.5796,289.0,0.5795,289.0,0.5802,400.0,0.5805,59.0
1753600195108,07:09:55.108,huobi,A/USDT:USDT,0.5797,42.0,0.5796,289.0,0.5802,400.0,0.5805,59.0
1753600195122,07:09:55.122,huobi,A/USDT:USDT,0.5797,289.0,0.5796,289.0,0.5802,400.0,0.5805,59.0
1753600195145,07:09:55.145,huobi,A/USDT:USDT,0.5798,42.0,0.5797,42.0,0.5802,400.0,0.5805,59.0
1753600195228,07:09:55.228,huobi,A/USDT:USDT,0.5798,42.0,0.5797,289.0,0.5802,400.0,0.5805,59.0
1753600196306,07:09:56.306,huobi,A/USDT:USDT,0.5798,42.0,0.5797,289.0,0.5802,400.0,0.5805,59.0
1753600198843,07:09:58.843,huobi,A/USDT:USDT,0.5798,42.0,0.5797,289.0,0.5802,400.0,0.5805,59.0
1753600198864,07:09:58.864,huobi,A/USDT:USDT,0.5798,42.0,0.5797,289.0,0.5802,400.0,0.5805,59.0
1753600203644,07:10:03.644,huobi,A/USDT:USDT,0.5798,42.0,0.5797,289.0,0.5802,400.0,0.5805,59.0
1753600208444,07:10:08.444,huobi,A/USDT:USDT,0.5798,42.0,0.5797,289.0,0.5802,400.0,0.5805,59.0
1753600208465,07:10:08.465,huobi,A/USDT:USDT,0.5798,42.0,0.5797,289.0,0.5802,400.0,0.5805,59.0
1753600208526,07:10:08.526,huobi,A/USDT:USDT,0.5798,42.0,0.5797,289.0,0.5802,400.0,0.5805,59.0
1753600213590,07:10:13.590,huobi,A/USDT:USDT,0.5798,42.0,0.5797,42.0,0.5802,400.0,0.5805,59.0
1753600213605,07:10:13.605,huobi,A/USDT:USDT,0.5797,42.0,0.5795,42.0,0.5802,400.0,0.5805,59.0
1753600213668,07:10:13.668,huobi,A/USDT:USDT,0.5795,289.0,0.5794,57.0,0.5802,400.0,0.5805,42.0
1753600213693,07:10:13.693,huobi,A/USDT:USDT,0.5796,289.0,0.5795,289.0,0.5802,400.0,0.5804,15.0
1753600213718,07:10:13.718,huobi,A/USDT:USDT,0.5797,42.0,0.5796,42.0,0.5802,400.0,0.5804,15.0
1753600213799,07:10:13.799,huobi,A/USDT:USDT,0.5797,42.0,0.5796,289.0,0.5802,400.0,0.5804,15.0
1753600213809,07:10:13.809,huobi,A/USDT:USDT,0.5797,42.0,0.5796,42.0,0.5802,400.0,0.5804,15.0
1753600213871,07:10:13.871,huobi,A/USDT:USDT,0.5796,42.0,0.5795,289.0,0.5802,400.0,0.5804,15.0
1753600223211,07:10:23.211,huobi,A/USDT:USDT,0.5796,42.0,0.5795,289.0,0.5799,8.0,0.5802,400.0
1753600226064,07:10:26.064,huobi,A/USDT:USDT,0.5796,42.0,0.5795,42.0,0.5802,400.0,0.5804,15.0
1753600226077,07:10:26.077,huobi,A/USDT:USDT,0.5795,42.0,0.5794,57.0,0.5802,400.0,0.5804,15.0
1753600226142,07:10:26.142,huobi,A/USDT:USDT,0.5795,289.0,0.5794,57.0,0.5802,400.0,0.5804,15.0
1753600226165,07:10:26.165,huobi,A/USDT:USDT,0.5796,43.0,0.5795,289.0,0.5802,400.0,0.5804,15.0
1753600226280,07:10:26.280,huobi,A/USDT:USDT,0.5797,43.0,0.5796,290.0,0.5802,400.0,0.5804,15.0
1753600226287,07:10:26.287,huobi,A/USDT:USDT,0.5797,43.0,0.5796,290.0,0.5802,400.0,0.5804,15.0
1753600226388,07:10:26.388,huobi,A/USDT:USDT,0.5797,43.0,0.5796,43.0,0.5802,400.0,0.5804,15.0
1753600226405,07:10:26.405,huobi,A/USDT:USDT,0.5797,43.0,0.5796,43.0,0.5802,400.0,0.5804,15.0
1753600226438,07:10:26.438,huobi,A/USDT:USDT,0.5796,43.0,0.5795,289.0,0.5802,400.0,0.5804,15.0
1753600227291,07:10:27.291,huobi,A/USDT:USDT,0.5796,43.0,0.5795,289.0,0.5801,247.0,0.5802,400.0
1753600227642,07:10:27.642,huobi,A/USDT:USDT,0.5796,43.0,0.5795,289.0,0.5801,247.0,0.5802,400.0
1753600227689,07:10:27.689,huobi,A/USDT:USDT,0.5796,43.0,0.5795,289.0,0.5801,247.0,0.5802,400.0
1753600227704,07:10:27.704,huobi,A/USDT:USDT,0.5796,43.0,0.5795,289.0,0.5801,247.0,0.5802,400.0
1753600230531,07:10:30.531,huobi,A/USDT:USDT,0.5796,43.0,0.5795,289.0,0.5802,400.0,0.5804,15.0
1753600230636,07:10:30.636,huobi,A/USDT:USDT,0.5796,43.0,0.5795,289.0,0.5801,247.0,0.5802,400.0
1753600230810,07:10:30.810,huobi,A/USDT:USDT,0.5796,43.0,0.5795,289.0,0.5802,400.0,0.5804,15.0
1753600230861,07:10:30.861,huobi,A/USDT:USDT,0.5796,43.0,0.5795,303.0,0.5802,400.0,0.5804,15.0
1753600231400,07:10:31.400,huobi,A/USDT:USDT,0.5796,43.0,0.5795,289.0,0.5802,400.0,0.5804,15.0
1753600231458,07:10:31.458,huobi,A/USDT:USDT,0.5796,43.0,0.5795,289.0,0.5802,400.0,0.5804,15.0
1753600232444,07:10:32.444,huobi,A/USDT:USDT,0.5796,43.0,0.5795,289.0,0.5802,400.0,0.5804,15.0
1753600236307,07:10:36.307,huobi,A/USDT:USDT,0.5796,290.0,0.5795,289.0,0.5802,400.0,0.5804,15.0
1753600236414,07:10:36.414,huobi,A/USDT:USDT,0.5797,43.0,0.5796,43.0,0.5801,43.0,0.5802,400.0
1753600236439,07:10:36.439,huobi,A/USDT:USDT,0.5797,43.0,0.5796,290.0,0.5801,43.0,0.5802,400.0
1753600236477,07:10:36.477,huobi,A/USDT:USDT,0.5797,43.0,0.5796,43.0,0.5801,43.0,0.5802,400.0
1753600236490,07:10:36.490,huobi,A/USDT:USDT,0.5796,43.0,0.5795,42.0,0.5801,43.0,0.5802,400.0
1753600236529,07:10:36.529,huobi,A/USDT:USDT,0.5795,42.0,0.5794,57.0,0.5801,290.0,0.5802,400.0
1753600236579,07:10:36.579,huobi,A/USDT:USDT,0.5795,289.0,0.5794,57.0,0.5801,290.0,0.5802,400.0
1753600236790,07:10:36.790,huobi,A/USDT:USDT,0.5796,43.0,0.5795,289.0,0.5801,43.0,0.5802,400.0
1753600237250,07:10:37.250,huobi,A/USDT:USDT,0.5796,43.0,0.5795,289.0,0.5801,43.0,0.5802,400.0
1753600237268,07:10:37.268,huobi,A/USDT:USDT,0.5796,43.0,0.5795,289.0,0.5801,43.0,0.5802,400.0
1753600238543,07:10:38.543,huobi,A/USDT:USDT,0.5796,43.0,0.5795,289.0,0.5801,290.0,0.5802,400.0
1753600238823,07:10:38.823,huobi,A/USDT:USDT,0.5796,43.0,0.5795,289.0,0.5801,43.0,0.5802,400.0
1753600238839,07:10:38.839,huobi,A/USDT:USDT,0.5796,43.0,0.5795,289.0,0.5801,290.0,0.5802,400.0
1753600241006,07:10:41.006,huobi,A/USDT:USDT,0.5796,43.0,0.5795,289.0,0.5801,43.0,0.5802,400.0
1753600241110,07:10:41.110,huobi,A/USDT:USDT,0.5796,43.0,0.5795,289.0,0.5801,247.0,0.5802,400.0
1753600242044,07:10:42.044,huobi,A/USDT:USDT,0.5796,43.0,0.5795,289.0,0.5802,400.0,0.5804,15.0
1753600244096,07:10:44.096,huobi,A/USDT:USDT,0.5796,43.0,0.5795,289.0,0.5801,247.0,0.5802,400.0
1753600245771,07:10:45.771,huobi,A/USDT:USDT,0.5796,43.0,0.5795,289.0,0.5801,247.0,0.5802,400.0
1753600245817,07:10:45.817,huobi,A/USDT:USDT,0.5796,43.0,0.5795,289.0,0.5801,247.0,0.5802,400.0
1753600246048,07:10:46.048,huobi,A/USDT:USDT,0.5796,43.0,0.5795,289.0,0.5801,247.0,0.5804,15.0
1753600246054,07:10:46.054,huobi,A/USDT:USDT,0.5796,43.0,0.5795,289.0,0.5804,15.0,0.5806,15.0
1753600246086,07:10:46.086,huobi,A/USDT:USDT,0.5796,43.0,0.5795,42.0,0.5804,15.0,0.5806,15.0
1753600246116,07:10:46.116,huobi,A/USDT:USDT,0.5795,42.0,0.5794,441.0,0.5806,15.0,0.583,42.0
1753600246147,07:10:46.147,huobi,A/USDT:USDT,0.5796,446.0,0.5795,42.0,0.5816,57.0,0.5831,44.0
1753600246178,07:10:46.178,huobi,A/USDT:USDT,0.5796,446.0,0.5795,42.0,0.5811,66.0,0.5816,57.0
1753600246205,07:10:46.205,huobi,A/USDT:USDT,0.5796,446.0,0.5795,42.0,0.5808,16.0,0.5811,66.0
1753600246234,07:10:46.234,huobi,A/USDT:USDT,0.5798,16.0,0.5796,446.0,0.5808,16.0,0.5811,66.0
1753600246267,07:10:46.267,huobi,A/USDT:USDT,0.5799,446.0,0.5798,16.0,0.5815,57.0,0.5816,43.0
1753600246299,07:10:46.299,huobi,A/USDT:USDT,0.58,43.0,0.5799,446.0,0.5814,43.0,0.5815,57.0
1753600246324,07:10:46.324,huobi,A/USDT:USDT,0.58,43.0,0.5799,446.0,0.5814,43.0,0.5815,57.0
1753600246353,07:10:46.353,huobi,A/USDT:USDT,0.58,43.0,0.5799,446.0,0.5811,43.0,0.5812,16.0
1753600246428,07:10:46.428,huobi,A/USDT:USDT,0.5804,43.0,0.5803,16.0,0.5811,43.0,0.5812,420.0
1753600246460,07:10:46.460,huobi,A/USDT:USDT,0.5804,43.0,0.58,43.0,0.5811,43.0,0.5812,420.0
1753600246500,07:10:46.500,huobi,A/USDT:USDT,0.5804,43.0,0.5802,17.0,0.5811,43.0,0.5812,420.0
1753600246567,07:10:46.567,huobi,A/USDT:USDT,0.5804,43.0,0.5802,17.0,0.5811,43.0,0.5812,420.0
1753600246619,07:10:46.619,huobi,A/USDT:USDT,0.5804,43.0,0.5802,17.0,0.5811,43.0,0.5812,420.0
1753600247137,07:10:47.137,huobi,A/USDT:USDT,0.5804,43.0,0.5802,17.0,0.5811,43.0,0.5812,420.0
1753600247185,07:10:47.185,huobi,A/USDT:USDT,0.5804,43.0,0.58,43.0,0.5811,43.0,0.5812,420.0
1753600247195,07:10:47.195,huobi,A/USDT:USDT,0.5804,43.0,0.58,43.0,0.5811,43.0,0.5812,420.0
1753600247239,07:10:47.239,huobi,A/USDT:USDT,0.5802,43.0,0.5801,15.0,0.5811,43.0,0.5812,420.0
1753600247264,07:10:47.264,huobi,A/USDT:USDT,0.5802,43.0,0.5801,15.0,0.5811,43.0,0.5812,420.0
1753600247287,07:10:47.287,huobi,A/USDT:USDT,0.5802,43.0,0.5801,15.0,0.5811,43.0,0.5812,420.0
1753600247350,07:10:47.350,huobi,A/USDT:USDT,0.5802,43.0,0.5801,15.0,0.5811,43.0,0.5812,404.0
1753600247385,07:10:47.385,huobi,A/USDT:USDT,0.5802,43.0,0.5801,15.0,0.581,43.0,0.5811,60.0
1753600247496,07:10:47.496,huobi,A/USDT:USDT,0.5802,43.0,0.5801,15.0,0.581,43.0,0.5811,60.0
1753600247539,07:10:47.539,huobi,A/USDT:USDT,0.5802,43.0,0.5801,15.0,0.581,43.0,0.5811,60.0
1753600247555,07:10:47.555,huobi,A/USDT:USDT,0.5802,43.0,0.5801,15.0,0.581,43.0,0.5811,60.0
1753600247738,07:10:47.738,huobi,A/USDT:USDT,0.5802,43.0,0.5801,15.0,0.581,43.0,0.5811,60.0
1753600249882,07:10:49.882,huobi,A/USDT:USDT,0.5802,43.0,0.5801,15.0,0.581,43.0,0.5811,60.0
1753600251838,07:10:51.838,huobi,A/USDT:USDT,0.5802,43.0,0.5801,15.0,0.581,43.0,0.5811,60.0
1753600251845,07:10:51.845,huobi,A/USDT:USDT,0.5802,43.0,0.5801,15.0,0.581,43.0,0.5811,17.0
1753600251875,07:10:51.875,huobi,A/USDT:USDT,0.5802,43.0,0.5801,15.0,0.5815,68.0,0.5822,489.0
1753600251903,07:10:51.903,huobi,A/USDT:USDT,0.5802,43.0,0.5801,15.0,0.582,43.0,0.5822,43.0
1753600251940,07:10:51.940,huobi,A/USDT:USDT,0.5802,43.0,0.58,43.0,0.5816,16.0,0.5819,16.0
1753600251962,07:10:51.962,huobi,A/USDT:USDT,0.58,43.0,0.5799,446.0,0.5816,16.0,0.5819,16.0
1753600251994,07:10:51.994,huobi,A/USDT:USDT,0.58,43.0,0.5799,446.0,0.5819,16.0,0.5822,43.0
1753600252022,07:10:52.022,huobi,A/USDT:USDT,0.5804,59.0,0.5801,43.0,0.5821,43.0,0.5822,102.0
1753600252053,07:10:52.053,huobi,A/USDT:USDT,0.5807,14.0,0.5805,453.0,0.5821,43.0,0.5822,102.0
1753600252085,07:10:52.085,huobi,A/USDT:USDT,0.5808,43.0,0.5807,14.0,0.5821,43.0,0.5822,43.0
1753600252117,07:10:52.117,huobi,A/USDT:USDT,0.5808,43.0,0.5805,899.0,0.5822,43.0,0.5826,59.0
1753600252153,07:10:52.153,huobi,A/USDT:USDT,0.5814,43.0,0.5813,59.0,0.5822,43.0,0.5826,59.0
1753600252178,07:10:52.178,huobi,A/USDT:USDT,0.5814,43.0,0.5813,59.0,0.5826,59.0,0.5829,43.0
1753600252215,07:10:52.215,huobi,A/USDT:USDT,0.5816,43.0,0.5815,14.0,0.5825,43.0,0.5826,43.0
1753600252235,07:10:52.235,huobi,A/USDT:USDT,0.5816,43.0,0.5815,14.0,0.5825,43.0,0.5826,43.0
1753600252263,07:10:52.263,huobi,A/USDT:USDT,0.5816,43.0,0.5815,14.0,0.5825,43.0,0.5826,43.0
1753600252298,07:10:52.298,huobi,A/USDT:USDT,0.5816,43.0,0.5815,14.0,0.5825,43.0,0.5826,43.0
1753600252339,07:10:52.339,huobi,A/USDT:USDT,0.5816,43.0,0.5815,14.0,0.5825,43.0,0.5826,43.0
1753600252992,07:10:52.992,huobi,A/USDT:USDT,0.5816,43.0,0.5815,14.0,0.5826,43.0,0.5827,412.0
1753600253034,07:10:53.034,huobi,A/USDT:USDT,0.5816,43.0,0.5815,14.0,0.5826,43.0,0.5827,412.0
1753600253808,07:10:53.808,huobi,A/USDT:USDT,0.5816,43.0,0.5815,14.0,0.5826,43.0,0.5827,412.0
1753600253841,07:10:53.841,huobi,A/USDT:USDT,0.5816,43.0,0.5815,14.0,0.5826,43.0,0.5827,412.0
1753600254195,07:10:54.195,huobi,A/USDT:USDT,0.5816,43.0,0.5815,14.0,0.5826,43.0,0.5827,412.0
1753600254222,07:10:54.222,huobi,A/USDT:USDT,0.5816,43.0,0.5815,14.0,0.5826,43.0,0.5827,412.0
1753600255220,07:10:55.220,huobi,A/USDT:USDT,0.5816,43.0,0.5815,14.0,0.5826,43.0,0.5827,412.0
1753600255247,07:10:55.247,huobi,A/USDT:USDT,0.5816,43.0,0.5815,14.0,0.5826,43.0,0.5827,412.0
1753600256055,07:10:56.055,huobi,A/USDT:USDT,0.5816,43.0,0.5815,261.0,0.5826,43.0,0.5827,412.0
1753600256084,07:10:56.084,huobi,A/USDT:USDT,0.5816,43.0,0.5815,261.0,0.5825,43.0,0.5826,290.0
1753600256106,07:10:56.106,huobi,A/USDT:USDT,0.5816,43.0,0.5815,261.0,0.5825,290.0,0.5826,290.0
1753600256217,07:10:56.217,huobi,A/USDT:USDT,0.5816,43.0,0.5815,261.0,0.5824,43.0,0.5825,290.0
1753600256323,07:10:56.323,huobi,A/USDT:USDT,0.5816,43.0,0.5815,261.0,0.5824,43.0,0.5825,43.0
1753600256348,07:10:56.348,huobi,A/USDT:USDT,0.5816,43.0,0.5815,261.0,0.5826,43.0,0.5827,412.0
1753600256654,07:10:56.654,huobi,A/USDT:USDT,0.5816,43.0,0.5815,261.0,0.5826,290.0,0.5827,412.0
1753600258488,07:10:58.488,huobi,A/USDT:USDT,0.5816,43.0,0.5815,261.0,0.5825,43.0,0.5826,290.0
1753600259074,07:10:59.074,huobi,A/USDT:USDT,0.5816,43.0,0.5815,261.0,0.5825,43.0,0.5826,290.0
1753600259515,07:10:59.515,huobi,A/USDT:USDT,0.5816,43.0,0.5815,261.0,0.5826,290.0,0.5827,412.0
1753600259545,07:10:59.545,huobi,A/USDT:USDT,0.5816,43.0,0.5815,261.0,0.5829,59.0,0.583,16.0
1753600259556,07:10:59.556,huobi,A/USDT:USDT,0.5816,43.0,0.5815,261.0,0.5829,59.0,0.583,16.0
1753600259588,07:10:59.588,huobi,A/USDT:USDT,0.5816,43.0,0.5815,261.0,0.5828,43.0,0.5829,59.0
1753600259614,07:10:59.614,huobi,A/USDT:USDT,0.5816,43.0,0.5815,247.0,0.5828,43.0,0.5829,59.0
1753600259650,07:10:59.650,huobi,A/USDT:USDT,0.5817,43.0,0.5816,108.0,0.5828,43.0,0.5829,43.0
1753600259673,07:10:59.673,huobi,A/USDT:USDT,0.5818,290.0,0.5817,457.0,0.5828,43.0,0.5829,43.0
1753600259704,07:10:59.704,huobi,A/USDT:USDT,0.5819,104.0,0.5818,290.0,0.5828,43.0,0.5829,43.0
1753600259742,07:10:59.742,huobi,A/USDT:USDT,0.5821,43.0,0.582,290.0,0.5832,43.0,0.5833,43.0
1753600259765,07:10:59.765,huobi,A/USDT:USDT,0.5821,43.0,0.582,290.0,0.5833,43.0,0.5834,15.0
1753600259801,07:10:59.801,huobi,A/USDT:USDT,0.5821,43.0,0.582,290.0,0.5833,43.0,0.5834,15.0
1753600259828,07:10:59.828,huobi,A/USDT:USDT,0.5821,43.0,0.582,290.0,0.5833,43.0,0.5834,15.0
1753600259864,07:10:59.864,huobi,A/USDT:USDT,0.5823,43.0,0.5822,290.0,0.5832,43.0,0.5833,457.0
1753600259897,07:10:59.897,huobi,A/USDT:USDT,0.5823,43.0,0.5822,290.0,0.5832,290.0,0.5833,457.0
1753600259959,07:10:59.959,huobi,A/USDT:USDT,0.5823,43.0,0.5822,290.0,0.5831,43.0,0.5832,290.0
1753600259975,07:10:59.975,huobi,A/USDT:USDT,0.5823,290.0,0.5822,290.0,0.5831,43.0,0.5832,290.0
1753600260083,07:11:00.083,huobi,A/USDT:USDT,0.5824,43.0,0.5823,43.0,0.5831,43.0,0.5832,290.0
1753600260099,07:11:00.099,huobi,A/USDT:USDT,0.5824,43.0,0.5823,43.0,0.5831,43.0,0.5832,290.0
1753600260148,07:11:00.148,huobi,A/USDT:USDT,0.5823,290.0,0.5822,290.0,0.5831,43.0,0.5832,290.0
1753600260223,07:11:00.223,huobi,A/USDT:USDT,0.5823,290.0,0.5822,43.0,0.5831,43.0,0.5832,290.0
1753600260324,07:11:00.324,huobi,A/USDT:USDT,0.5824,43.0,0.5823,290.0,0.5831,43.0,0.5832,290.0
1753600260338,07:11:00.338,huobi,A/USDT:USDT,0.5824,43.0,0.5823,43.0,0.5831,43.0,0.5832,290.0
1753600260374,07:11:00.374,huobi,A/USDT:USDT,0.5823,43.0,0.5822,43.0,0.5831,43.0,0.5832,290.0
1753600260426,07:11:00.426,huobi,A/USDT:USDT,0.5822,43.0,0.5821,57.0,0.5831,43.0,0.5832,290.0
1753600260469,07:11:00.469,huobi,A/USDT:USDT,0.5822,43.0,0.5821,57.0,0.5831,43.0,0.5832,290.0
1753600260541,07:11:00.541,huobi,A/USDT:USDT,0.5822,43.0,0.5821,304.0,0.5831,43.0,0.5832,290.0
1753600260571,07:11:00.571,huobi,A/USDT:USDT,0.5822,43.0,0.5821,304.0,0.5831,43.0,0.5832,290.0
1753600260575,07:11:00.575,huobi,A/USDT:USDT,0.5822,43.0,0.5821,304.0,0.5831,43.0,0.5832,290.0
1753600260604,07:11:00.604,huobi,A/USDT:USDT,0.5822,43.0,0.5821,304.0,0.5831,43.0,0.5832,290.0
1753600260652,07:11:00.652,huobi,A/USDT:USDT,0.5822,43.0,0.5821,290.0,0.5831,43.0,0.5832,290.0
1753600260870,07:11:00.870,huobi,A/USDT:USDT,0.5822,43.0,0.5821,290.0,0.5831,43.0,0.5832,290.0
1753600260913,07:11:00.913,huobi,A/USDT:USDT,0.5822,43.0,0.5821,290.0,0.5831,43.0,0.5832,290.0
1753600262740,07:11:02.740,huobi,A/USDT:USDT,0.5822,43.0,0.5821,290.0,0.5831,43.0,0.5832,290.0
1753600263601,07:11:03.601,huobi,A/USDT:USDT,0.5822,43.0,0.5821,290.0,0.5831,51.0,0.5832,290.0
1753600263616,07:11:03.616,huobi,A/USDT:USDT,0.5822,43.0,0.5821,290.0,0.583,43.0,0.5831,51.0
1753600263644,07:11:03.644,huobi,A/USDT:USDT,0.5822,43.0,0.5821,290.0,0.5829,43.0,0.583,290.0
1753600263736,07:11:03.736,huobi,A/USDT:USDT,0.5822,43.0,0.5821,290.0,0.5829,43.0,0.583,290.0
1753600264890,07:11:04.890,huobi,A/USDT:USDT,0.5822,43.0,0.5821,290.0,0.5829,43.0,0.583,290.0
1753600264902,07:11:04.902,huobi,A/USDT:USDT,0.5822,43.0,0.5821,290.0,0.5829,290.0,0.583,290.0
1753600265006,07:11:05.006,huobi,A/USDT:USDT,0.5822,43.0,0.5821,290.0,0.5828,43.0,0.5829,43.0
1753600265015,07:11:05.015,huobi,A/USDT:USDT,0.5822,43.0,0.5821,290.0,0.583,43.0,0.5831,43.0
1753600265086,07:11:05.086,huobi,A/USDT:USDT,0.5822,43.0,0.5821,290.0,0.5833,43.0,0.5835,460.0
1753600265115,07:11:05.115,huobi,A/USDT:USDT,0.5822,43.0,0.5821,290.0,0.5833,43.0,0.5834,413.0
1753600265163,07:11:05.163,huobi,A/USDT:USDT,0.5822,43.0,0.5821,290.0,0.5833,43.0,0.5834,456.0
1753600265170,07:11:05.170,huobi,A/USDT:USDT,0.5822,43.0,0.5821,290.0,0.5833,43.0,0.5834,456.0
1753600265207,07:11:05.207,huobi,A/USDT:USDT,0.5822,43.0,0.5821,290.0,0.5833,43.0,0.5834,456.0
1753600265225,07:11:05.225,huobi,A/USDT:USDT,0.5822,43.0,0.5821,43.0,0.5833,43.0,0.5834,456.0
1753600265273,07:11:05.273,huobi,A/USDT:USDT,0.5821,57.0,0.582,43.0,0.5833,43.0,0.5834,456.0
1753600265285,07:11:05.285,huobi,A/USDT:USDT,0.5821,57.0,0.582,43.0,0.5833,43.0,0.5834,456.0
1753600265312,07:11:05.312,huobi,A/USDT:USDT,0.582,43.0,0.5818,102.0,0.5833,290.0,0.5834,456.0
1753600265348,07:11:05.348,huobi,A/USDT:USDT,0.582,43.0,0.5818,102.0,0.5832,43.0,0.5833,290.0
1753600265373,07:11:05.373,huobi,A/USDT:USDT,0.582,43.0,0.5819,15.0,0.5832,43.0,0.5833,290.0
1753600265420,07:11:05.420,huobi,A/USDT:USDT,0.582,43.0,0.5819,15.0,0.5831,43.0,0.5832,290.0
1753600265459,07:11:05.459,huobi,A/USDT:USDT,0.582,43.0,0.5819,15.0,0.5831,43.0,0.5832,290.0
1753600265466,07:11:05.466,huobi,A/USDT:USDT,0.5819,15.0,0.5818,43.0,0.5831,43.0,0.5832,290.0
1753600265519,07:11:05.519,huobi,A/USDT:USDT,0.5819,15.0,0.5818,43.0,0.5831,43.0,0.5832,290.0
1753600265528,07:11:05.528,huobi,A/USDT:USDT,0.5819,58.0,0.5818,43.0,0.5831,290.0,0.5832,290.0
1753600265565,07:11:05.565,huobi,A/USDT:USDT,0.5819,15.0,0.5818,43.0,0.583,43.0,0.5831,290.0
1753600265586,07:11:05.586,huobi,A/USDT:USDT,0.5817,43.0,0.5816,65.0,0.583,43.0,0.5831,290.0
1753600265621,07:11:05.621,huobi,A/USDT:USDT,0.5817,43.0,0.5816,108.0,0.583,43.0,0.5831,290.0
1753600265651,07:11:05.651,huobi,A/USDT:USDT,0.5817,57.0,0.5816,108.0,0.583,43.0,0.5831,290.0
1753600265678,07:11:05.678,huobi,A/USDT:USDT,0.5818,43.0,0.5817,57.0,0.5829,43.0,0.583,290.0
1753600265706,07:11:05.706,huobi,A/USDT:USDT,0.5818,43.0,0.5817,57.0,0.5828,415.0,0.5829,43.0
1753600265766,07:11:05.766,huobi,A/USDT:USDT,0.5818,290.0,0.5817,57.0,0.5827,43.0,0.5828,415.0
1753600265794,07:11:05.794,huobi,A/USDT:USDT,0.5819,43.0,0.5818,290.0,0.5827,290.0,0.5828,415.0
1753600265901,07:11:05.901,huobi,A/USDT:USDT,0.5819,290.0,0.5818,290.0,0.5826,43.0,0.5827,290.0
1753600265917,07:11:05.917,huobi,A/USDT:USDT,0.5819,290.0,0.5818,43.0,0.5826,290.0,0.5827,290.0
1753600266025,07:11:06.025,huobi,A/USDT:USDT,0.5819,290.0,0.5818,43.0,0.5825,43.0,0.5826,290.0
1753600266038,07:11:06.038,huobi,A/USDT:USDT,0.5819,290.0,0.5818,43.0,0.5825,290.0,0.5826,290.0
1753600266145,07:11:06.145,huobi,A/USDT:USDT,0.5819,290.0,0.5818,43.0,0.5824,43.0,0.5825,43.0
1753600266157,07:11:06.157,huobi,A/USDT:USDT,0.5819,43.0,0.5818,43.0,0.5824,43.0,0.5825,43.0
1753600266188,07:11:06.188,huobi,A/USDT:USDT,0.5818,43.0,0.5817,57.0,0.5824,43.0,0.5825,43.0
1753600266294,07:11:06.294,huobi,A/USDT:USDT,0.5818,43.0,0.5817,304.0,0.5825,43.0,0.5826,290.0
1753600266669,07:11:06.669,huobi,A/USDT:USDT,0.5818,51.0,0.5817,304.0,0.5825,43.0,0.5826,290.0
1753600266694,07:11:06.694,huobi,A/USDT:USDT,0.5818,51.0,0.5817,304.0,0.5825,43.0,0.5826,43.0
1753600266742,07:11:06.742,huobi,A/USDT:USDT,0.5818,51.0,0.5817,304.0,0.5827,290.0,0.5828,415.0
1753600266755,07:11:06.755,huobi,A/USDT:USDT,0.5818,43.0,0.5817,304.0,0.5826,43.0,0.5827,290.0
1753600267054,07:11:07.054,huobi,A/USDT:USDT,0.5818,43.0,0.5817,304.0,0.5826,43.0,0.5827,290.0
1753600267057,07:11:07.057,huobi,A/USDT:USDT,0.5818,43.0,0.5817,304.0,0.5826,43.0,0.5827,290.0
1753600269197,07:11:09.197,huobi,A/USDT:USDT,0.5818,43.0,0.5817,304.0,0.5826,43.0,0.5827,290.0
1753600269217,07:11:09.217,huobi,A/USDT:USDT,0.5818,43.0,0.5817,304.0,0.5826,43.0,0.5827,290.0
1753600270530,07:11:10.530,huobi,A/USDT:USDT,0.5817,304.0,0.5816,108.0,0.5826,43.0,0.5827,290.0
1753600270558,07:11:10.558,huobi,A/USDT:USDT,0.5817,304.0,0.5816,108.0,0.5826,43.0,0.5827,290.0
1753600270566,07:11:10.566,huobi,A/USDT:USDT,0.5817,57.0,0.5816,108.0,0.5826,43.0,0.5827,290.0
1753600270596,07:11:10.596,huobi,A/USDT:USDT,0.5817,14.0,0.5814,43.0,0.5826,43.0,0.5827,290.0
1753600270628,07:11:10.628,huobi,A/USDT:USDT,0.5817,14.0,0.5814,43.0,0.5826,43.0,0.5827,290.0
1753600270660,07:11:10.660,huobi,A/USDT:USDT,0.5814,43.0,0.5808,488.0,0.5826,43.0,0.5827,735.0
1753600270685,07:11:10.685,huobi,A/USDT:USDT,0.5814,43.0,0.5813,58.0,0.5826,43.0,0.5827,735.0
1753600270722,07:11:10.722,huobi,A/USDT:USDT,0.5814,43.0,0.5813,100.0,0.5826,43.0,0.5827,735.0
1753600270751,07:11:10.751,huobi,A/USDT:USDT,0.5814,58.0,0.5813,42.0,0.5826,43.0,0.5827,735.0
1753600270783,07:11:10.783,huobi,A/USDT:USDT,0.5815,42.0,0.5814,58.0,0.5826,43.0,0.5827,735.0
1753600270930,07:11:10.930,huobi,A/USDT:USDT,0.5815,289.0,0.5814,58.0,0.5826,43.0,0.5827,735.0
1753600270980,07:11:10.980,huobi,A/USDT:USDT,0.5815,289.0,0.5814,58.0,0.5826,43.0,0.5827,735.0
1753600271017,07:11:11.017,huobi,A/USDT:USDT,0.5815,289.0,0.5814,58.0,0.5826,43.0,0.5827,735.0
1753600271340,07:11:11.340,huobi,A/USDT:USDT,0.5815,289.0,0.5814,58.0,0.5826,43.0,0.5827,735.0
1753600271344,07:11:11.344,huobi,A/USDT:USDT,0.5815,289.0,0.5814,58.0,0.5826,43.0,0.5827,735.0
1753600271733,07:11:11.733,huobi,A/USDT:USDT,0.5816,42.0,0.5815,289.0,0.5826,43.0,0.5827,735.0
1753600272110,07:11:12.110,huobi,A/USDT:USDT,0.5816,42.0,0.5815,289.0,0.5823,3.0,0.5826,43.0
1753600272134,07:11:12.134,huobi,A/USDT:USDT,0.5816,42.0,0.5815,289.0,0.5822,42.0,0.5826,43.0
1753600272254,07:11:12.254,huobi,A/USDT:USDT,0.5816,42.0,0.5815,289.0,0.5822,42.0,0.5823,414.0
1753600272282,07:11:12.282,huobi,A/USDT:USDT,0.5816,42.0,0.5815,289.0,0.5821,42.0,0.5822,289.0
1753600272377,07:11:12.377,huobi,A/USDT:USDT,0.5816,42.0,0.5815,289.0,0.5821,42.0,0.5822,289.0
1753600272401,07:11:12.401,huobi,A/USDT:USDT,0.5816,42.0,0.5815,289.0,0.582,42.0,0.5821,289.0
1753600272496,07:11:12.496,huobi,A/USDT:USDT,0.5815,289.0,0.5814,58.0,0.582,42.0,0.5821,42.0
1753600272561,07:11:12.561,huobi,A/USDT:USDT,0.5815,289.0,0.5814,58.0,0.5821,289.0,0.5822,42.0
1753600272597,07:11:12.597,huobi,A/USDT:USDT,0.5815,289.0,0.5814,58.0,0.582,42.0,0.5821,289.0
1753600273489,07:11:13.489,huobi,A/USDT:USDT,0.5815,289.0,0.5814,58.0,0.582,42.0,0.5821,289.0
1753600275662,07:11:15.662,huobi,A/USDT:USDT,0.5815,289.0,0.5814,58.0,0.582,42.0,0.5821,289.0
1753600275677,07:11:15.677,huobi,A/USDT:USDT,0.5815,289.0,0.5814,58.0,0.582,42.0,0.5821,42.0
1753600275703,07:11:15.703,huobi,A/USDT:USDT,0.5815,289.0,0.5814,58.0,0.5821,42.0,0.5822,289.0
1753600276182,07:11:16.182,huobi,A/USDT:USDT,0.5816,42.0,0.5815,289.0,0.5821,42.0,0.5822,289.0
1753600276268,07:11:16.268,huobi,A/USDT:USDT,0.5816,289.0,0.5815,289.0,0.5821,42.0,0.5822,289.0
1753600276302,07:11:16.302,huobi,A/USDT:USDT,0.5816,289.0,0.5815,42.0,0.5821,42.0,0.5822,289.0
1753600276411,07:11:16.411,huobi,A/USDT:USDT,0.5817,42.0,0.5816,289.0,0.5821,42.0,0.5822,289.0
1753600276417,07:11:16.417,huobi,A/USDT:USDT,0.5817,42.0,0.5816,289.0,0.5821,42.0,0.5822,289.0
1753600277848,07:11:17.848,huobi,A/USDT:USDT,0.5817,42.0,0.5816,289.0,0.5821,42.0,0.5822,289.0
1753600277859,07:11:17.859,huobi,A/USDT:USDT,0.5817,42.0,0.5816,289.0,0.5821,42.0,0.5822,289.0
1753600277928,07:11:17.928,huobi,A/USDT:USDT,0.5816,289.0,0.5815,42.0,0.5821,42.0,0.5822,289.0
1753600278009,07:11:18.009,huobi,A/USDT:USDT,0.5815,42.0,0.5814,305.0,0.5821,42.0,0.5822,289.0
1753600280003,07:11:20.003,huobi,A/USDT:USDT,0.5815,42.0,0.5814,305.0,0.5821,42.0,0.5822,289.0
1753600280933,07:11:20.933,huobi,A/USDT:USDT,0.5815,289.0,0.5814,305.0,0.5821,42.0,0.5822,289.0
1753600280950,07:11:20.950,huobi,A/USDT:USDT,0.5815,289.0,0.5814,305.0,0.5821,42.0,0.5822,289.0
1753600281040,07:11:21.040,huobi,A/USDT:USDT,0.5815,289.0,0.5814,58.0,0.5821,42.0,0.5822,289.0
1753600281122,07:11:21.122,huobi,A/USDT:USDT,0.5816,43.0,0.5815,289.0,0.5821,42.0,0.5822,289.0
1753600281588,07:11:21.588,huobi,A/USDT:USDT,0.5816,43.0,0.5815,42.0,0.5821,42.0,0.5822,289.0
1753600281634,07:11:21.634,huobi,A/USDT:USDT,0.5815,42.0,0.5814,58.0,0.5821,42.0,0.5822,289.0
1753600281658,07:11:21.658,huobi,A/USDT:USDT,0.5814,58.0,0.5813,42.0,0.5821,42.0,0.5822,289.0
1753600281674,07:11:21.674,huobi,A/USDT:USDT,0.5814,58.0,0.5813,42.0,0.5821,42.0,0.5822,289.0
1753600281696,07:11:21.696,huobi,A/USDT:USDT,0.5814,15.0,0.5813,42.0,0.5821,42.0,0.5822,289.0
1753600281726,07:11:21.726,huobi,A/USDT:USDT,0.5813,42.0,0.5811,42.0,0.5821,42.0,0.5822,289.0
1753600281756,07:11:21.756,huobi,A/USDT:USDT,0.5813,42.0,0.5811,42.0,0.5821,42.0,0.5822,289.0
1753600281784,07:11:21.784,huobi,A/USDT:USDT,0.5811,42.0,0.581,109.0,0.5821,42.0,0.5822,289.0
1753600281812,07:11:21.812,huobi,A/USDT:USDT,0.5811,59.0,0.581,43.0,0.5821,42.0,0.5822,289.0
1753600281844,07:11:21.844,huobi,A/USDT:USDT,0.5811,59.0,0.581,43.0,0.5821,42.0,0.5822,289.0
1753600281876,07:11:21.876,huobi,A/USDT:USDT,0.5811,59.0,0.581,43.0,0.5821,42.0,0.5822,289.0
1753600281906,07:11:21.906,huobi,A/USDT:USDT,0.5811,59.0,0.581,43.0,0.5821,42.0,0.5822,289.0
1753600281949,07:11:21.949,huobi,A/USDT:USDT,0.5811,59.0,0.581,43.0,0.5821,42.0,0.5822,289.0
1753600282001,07:11:22.001,huobi,A/USDT:USDT,0.5811,59.0,0.581,43.0,0.5821,42.0,0.5822,289.0
1753600282029,07:11:22.029,huobi,A/USDT:USDT,0.5809,42.0,0.5808,103.0,0.5821,42.0,0.5822,289.0
1753600282057,07:11:22.057,huobi,A/USDT:USDT,0.5809,42.0,0.5808,103.0,0.5821,42.0,0.5822,289.0
1753600282150,07:11:22.150,huobi,A/USDT:USDT,0.581,17.0,0.5809,289.0,0.5821,42.0,0.5822,289.0
1753600282223,07:11:22.223,huobi,A/USDT:USDT,0.5811,43.0,0.581,17.0,0.5821,42.0,0.5822,289.0
1753600282236,07:11:22.236,huobi,A/USDT:USDT,0.5811,43.0,0.581,264.0,0.5821,42.0,0.5822,289.0
1753600282343,07:11:22.343,huobi,A/USDT:USDT,0.5811,43.0,0.581,264.0,0.5821,42.0,0.5822,289.0
1753600282705,07:11:22.705,huobi,A/USDT:USDT,0.5811,43.0,0.581,17.0,0.5821,42.0,0.5822,289.0
1753600282714,07:11:22.714,huobi,A/USDT:USDT,0.5811,43.0,0.581,17.0,0.5821,42.0,0.5822,289.0
1753600282827,07:11:22.827,huobi,A/USDT:USDT,0.5811,43.0,0.581,264.0,0.582,43.0,0.5821,289.0
1753600282836,07:11:22.836,huobi,A/USDT:USDT,0.5811,43.0,0.581,264.0,0.582,43.0,0.5821,289.0
1753600282870,07:11:22.870,huobi,A/USDT:USDT,0.5811,43.0,0.581,264.0,0.5819,43.0,0.582,290.0
1753600282901,07:11:22.901,huobi,A/USDT:USDT,0.5811,43.0,0.581,264.0,0.5818,412.0,0.5819,43.0
1753600282959,07:11:22.959,huobi,A/USDT:USDT,0.5811,43.0,0.581,264.0,0.5817,43.0,0.5818,412.0
1753600283351,07:11:23.351,huobi,A/USDT:USDT,0.5811,43.0,0.581,17.0,0.5817,43.0,0.5818,412.0
1753600283387,07:11:23.387,huobi,A/USDT:USDT,0.5811,43.0,0.581,17.0,0.5817,43.0,0.5818,412.0
1753600283416,07:11:23.416,huobi,A/USDT:USDT,0.5811,43.0,0.5809,42.0,0.5816,43.0,0.5817,290.0
1753600283440,07:11:23.440,huobi,A/USDT:USDT,0.5808,43.0,0.5806,412.0,0.5816,43.0,0.5817,290.0
1753600283476,07:11:23.476,huobi,A/USDT:USDT,0.5809,17.0,0.5808,43.0,0.5816,43.0,0.5817,290.0
1753600283494,07:11:23.494,huobi,A/USDT:USDT,0.5809,17.0,0.5808,43.0,0.5816,43.0,0.5817,290.0
1753600283531,07:11:23.531,huobi,A/USDT:USDT,0.5809,17.0,0.5808,43.0,0.5816,43.0,0.5817,290.0
1753600283620,07:11:23.620,huobi,A/USDT:USDT,0.581,43.0,0.5809,17.0,0.5816,43.0,0.5817,290.0
1753600283691,07:11:23.691,huobi,A/USDT:USDT,0.581,43.0,0.5809,17.0,0.5816,43.0,0.5817,290.0
1753600284286,07:11:24.286,huobi,A/USDT:USDT,0.581,43.0,0.5809,17.0,0.5816,43.0,0.5817,290.0
1753600284928,07:11:24.928,huobi,A/USDT:USDT,0.581,43.0,0.5809,17.0,0.5816,43.0,0.5817,290.0
1753600284936,07:11:24.936,huobi,A/USDT:USDT,0.5809,17.0,0.5808,43.0,0.5816,290.0,0.5817,290.0
1753600284966,07:11:24.966,huobi,A/USDT:USDT,0.5809,17.0,0.5808,43.0,0.5815,43.0,0.5816,290.0
1753600285000,07:11:25.000,huobi,A/USDT:USDT,0.5805,43.0,0.5803,43.0,0.5815,43.0,0.5816,290.0
1753600285029,07:11:25.029,huobi,A/USDT:USDT,0.5803,43.0,0.58,488.0,0.5814,412.0,0.5815,43.0
1753600285055,07:11:25.055,huobi,A/USDT:USDT,0.5805,58.0,0.5803,43.0,0.5813,43.0,0.5814,412.0
1753600285091,07:11:25.091,huobi,A/USDT:USDT,0.5807,14.0,0.5805,58.0,0.5813,43.0,0.5814,412.0
1753600285116,07:11:25.116,huobi,A/USDT:USDT,0.5803,43.0,0.5802,412.0,0.5813,43.0,0.5814,412.0
1753600285149,07:11:25.149,huobi,A/USDT:USDT,0.5805,14.0,0.5804,58.0,0.5813,43.0,0.5814,412.0
1753600285180,07:11:25.180,huobi,A/USDT:USDT,0.5806,43.0,0.5805,57.0,0.5813,43.0,0.5814,412.0
1753600285297,07:11:25.297,huobi,A/USDT:USDT,0.5806,290.0,0.5805,57.0,0.5813,43.0,0.5814,412.0
1753600285324,07:11:25.324,huobi,A/USDT:USDT,0.5807,43.0,0.5806,43.0,0.5813,43.0,0.5814,412.0
1753600285361,07:11:25.361,huobi,A/USDT:USDT,0.5807,43.0,0.5806,43.0,0.5813,290.0,0.5814,412.0
1753600285400,07:11:25.400,huobi,A/USDT:USDT,0.5807,43.0,0.5806,43.0,0.5812,43.0,0.5813,290.0
1753600285442,07:11:25.442,huobi,A/USDT:USDT,0.5807,43.0,0.5806,43.0,0.5812,43.0,0.5813,290.0
1753600285469,07:11:25.469,huobi,A/USDT:USDT,0.5806,43.0,0.5805,57.0,0.5812,43.0,0.5813,290.0
1753600285512,07:11:25.512,huobi,A/USDT:USDT,0.5806,43.0,0.5805,57.0,0.5812,43.0,0.5813,290.0
1753600285632,07:11:25.632,huobi,A/USDT:USDT,0.5806,43.0,0.5805,57.0,0.5812,43.0,0.5813,290.0
1753600286004,07:11:26.004,huobi,A/USDT:USDT,0.5806,43.0,0.5805,57.0,0.5812,43.0,0.5813,290.0
1753600286019,07:11:26.019,huobi,A/USDT:USDT,0.5806,43.0,0.5805,57.0,0.5812,43.0,0.5813,290.0
1753600286079,07:11:26.079,huobi,A/USDT:USDT,0.5806,43.0,0.5805,57.0,0.5812,43.0,0.5813,290.0
1753600286127,07:11:26.127,huobi,A/USDT:USDT,0.5806,43.0,0.5805,57.0,0.5812,43.0,0.5813,290.0
1753600286383,07:11:26.383,huobi,A/USDT:USDT,0.5807,8.0,0.5806,43.0,0.5812,43.0,0.5813,290.0
1753600286440,07:11:26.440,huobi,A/USDT:USDT,0.5807,8.0,0.5806,290.0,0.5812,43.0,0.5813,290.0
1753600286506,07:11:26.506,huobi,A/USDT:USDT,0.5806,43.0,0.5805,57.0,0.5812,43.0,0.5813,290.0
1753600286792,07:11:26.792,huobi,A/USDT:USDT,0.5806,43.0,0.5805,57.0,0.5812,43.0,0.5813,43.0
1753600286804,07:11:26.804,huobi,A/USDT:USDT,0.5806,43.0,0.5805,57.0,0.5813,43.0,0.5814,412.0
1753600286910,07:11:26.910,huobi,A/USDT:USDT,0.5806,43.0,0.5805,57.0,0.5813,290.0,0.5814,412.0
1753600286917,07:11:26.917,huobi,A/USDT:USDT,0.5806,43.0,0.5805,57.0,0.5813,43.0,0.5814,412.0
1753600287050,07:11:27.050,huobi,A/USDT:USDT,0.5806,43.0,0.5805,57.0,0.5813,290.0,0.5814,412.0
1753600287533,07:11:27.533,huobi,A/USDT:USDT,0.5806,43.0,0.5805,57.0,0.5812,43.0,0.5813,43.0
1753600287543,07:11:27.543,huobi,A/USDT:USDT,0.5806,43.0,0.5805,57.0,0.5813,290.0,0.5814,412.0
1753600288578,07:11:28.578,huobi,A/USDT:USDT,0.5806,43.0,0.5805,57.0,0.5812,43.0,0.5813,290.0
1753600289021,07:11:29.021,huobi,A/USDT:USDT,0.5807,8.0,0.5806,43.0,0.5812,43.0,0.5813,290.0
1753600289044,07:11:29.044,huobi,A/USDT:USDT,0.5807,8.0,0.5806,43.0,0.5812,43.0,0.5813,290.0
1753600289142,07:11:29.142,huobi,A/USDT:USDT,0.5806,43.0,0.5805,57.0,0.5812,43.0,0.5813,290.0
1753600290291,07:11:30.291,huobi,A/USDT:USDT,0.5806,43.0,0.5805,57.0,0.5812,290.0,0.5813,290.0
1753600290305,07:11:30.305,huobi,A/USDT:USDT,0.5806,43.0,0.5805,57.0,0.5811,43.0,0.5812,290.0
1753600290400,07:11:30.400,huobi,A/USDT:USDT,0.5806,43.0,0.5805,57.0,0.5811,43.0,0.5812,43.0
1753600290463,07:11:30.463,huobi,A/USDT:USDT,0.5806,43.0,0.5805,57.0,0.5812,290.0,0.5813,43.0
1753600290730,07:11:30.730,huobi,A/USDT:USDT,0.5806,43.0,0.5805,57.0,0.5811,43.0,0.5812,290.0
1753600292911,07:11:32.911,huobi,A/USDT:USDT,0.5806,43.0,0.5805,57.0,0.5811,43.0,0.5812,290.0
1753600292915,07:11:32.915,huobi,A/USDT:USDT,0.5806,43.0,0.5805,57.0,0.5811,43.0,0.5812,290.0
1753600293275,07:11:33.275,huobi,A/USDT:USDT,0.5806,43.0,0.5805,57.0,0.5811,43.0,0.5812,290.0
1753600293311,07:11:33.311,huobi,A/USDT:USDT,0.5806,43.0,0.5805,57.0,0.5811,43.0,0.5812,290.0
1753600293348,07:11:33.348,huobi,A/USDT:USDT,0.5806,43.0,0.5805,57.0,0.5811,290.0,0.5812,290.0
1753600293372,07:11:33.372,huobi,A/USDT:USDT,0.5806,43.0,0.5805,57.0,0.581,43.0,0.5811,290.0
1753600293410,07:11:33.410,huobi,A/USDT:USDT,0.5806,43.0,0.5805,43.0,0.581,43.0,0.5811,43.0
1753600293422,07:11:33.422,huobi,A/USDT:USDT,0.5805,43.0,0.5803,43.0,0.581,43.0,0.5811,290.0
1753600293456,07:11:33.456,huobi,A/USDT:USDT,0.5803,59.0,0.5802,480.0,0.581,43.0,0.5811,43.0
1753600293499,07:11:33.499,huobi,A/USDT:USDT,0.5804,43.0,0.5803,59.0,0.581,43.0,0.5811,43.0
1753600293518,07:11:33.518,huobi,A/USDT:USDT,0.5804,43.0,0.5803,59.0,0.581,43.0,0.5811,43.0
1753600293545,07:11:33.545,huobi,A/USDT:USDT,0.5804,43.0,0.5803,59.0,0.5811,43.0,0.5812,290.0
1753600293584,07:11:33.584,huobi,A/USDT:USDT,0.5804,43.0,0.5803,59.0,0.5811,43.0,0.5812,290.0
1753600293649,07:11:33.649,huobi,A/USDT:USDT,0.5804,43.0,0.5803,306.0,0.5811,43.0,0.5812,290.0
1753600293997,07:11:33.997,huobi,A/USDT:USDT,0.5804,43.0,0.5803,306.0,0.5811,43.0,0.5812,43.0
1753600294035,07:11:34.035,huobi,A/USDT:USDT,0.5804,43.0,0.5803,306.0,0.5813,290.0,0.5814,412.0
1753600295100,07:11:35.100,huobi,A/USDT:USDT,0.5804,43.0,0.5803,306.0,0.5812,43.0,0.5813,290.0
1753600296350,07:11:36.350,huobi,A/USDT:USDT,0.5804,43.0,0.5803,306.0,0.5812,43.0,0.5813,290.0
1753600296366,07:11:36.366,huobi,A/USDT:USDT,0.5804,43.0,0.5803,306.0,0.5812,43.0,0.5813,290.0
1753600296406,07:11:36.406,huobi,A/USDT:USDT,0.5804,43.0,0.5803,306.0,0.5812,43.0,0.5813,290.0
1753600296427,07:11:36.427,huobi,A/USDT:USDT,0.5804,43.0,0.5803,59.0,0.5812,43.0,0.5813,290.0
1753600296455,07:11:36.455,huobi,A/USDT:USDT,0.5804,43.0,0.5803,59.0,0.5812,43.0,0.5813,290.0
1753600296523,07:11:36.523,huobi,A/USDT:USDT,0.5804,43.0,0.5803,59.0,0.5812,43.0,0.5813,290.0
1753600297231,07:11:37.231,huobi,A/USDT:USDT,0.5804,43.0,0.5803,59.0,0.5812,43.0,0.5813,290.0
1753600297240,07:11:37.240,huobi,A/USDT:USDT,0.5804,43.0,0.5803,59.0,0.5812,43.0,0.5813,290.0
1753600299365,07:11:39.365,huobi,A/USDT:USDT,0.5804,43.0,0.5803,59.0,0.5812,43.0,0.5813,290.0
1753600301066,07:11:41.066,huobi,A/USDT:USDT,0.5804,43.0,0.5803,59.0,0.5812,43.0,0.5813,290.0
1753600301083,07:11:41.083,huobi,A/USDT:USDT,0.5804,43.0,0.5803,59.0,0.5812,43.0,0.5813,290.0
1753600301498,07:11:41.498,huobi,A/USDT:USDT,0.5804,43.0,0.5803,59.0,0.5812,43.0,0.5813,290.0
1753600301526,07:11:41.526,huobi,A/USDT:USDT,0.5804,43.0,0.5803,59.0,0.5812,43.0,0.5813,290.0
1753600303656,07:11:43.656,huobi,A/USDT:USDT,0.5804,43.0,0.5803,59.0,0.5812,43.0,0.5813,290.0
1753600304049,07:11:44.049,huobi,A/USDT:USDT,0.5803,59.0,0.5801,306.0,0.5812,43.0,0.5813,290.0
1753600304078,07:11:44.078,huobi,A/USDT:USDT,0.5803,16.0,0.5801,59.0,0.5811,42.0,0.5812,290.0
1753600304123,07:11:44.123,huobi,A/USDT:USDT,0.5803,58.0,0.58,43.0,0.5811,42.0,0.5812,290.0
1753600304137,07:11:44.137,huobi,A/USDT:USDT,0.5803,58.0,0.58,43.0,0.5811,42.0,0.5812,290.0
1753600304166,07:11:44.166,huobi,A/USDT:USDT,0.5803,42.0,0.58,106.0,0.5811,42.0,0.5812,290.0
1753600304197,07:11:44.197,huobi,A/USDT:USDT,0.5803,42.0,0.58,106.0,0.5811,289.0,0.5812,290.0
1753600304238,07:11:44.238,huobi,A/USDT:USDT,0.5803,42.0,0.58,59.0,0.581,42.0,0.5811,289.0
1753600304253,07:11:44.253,huobi,A/USDT:USDT,0.5803,42.0,0.58,59.0,0.581,42.0,0.5811,289.0
1753600304287,07:11:44.287,huobi,A/USDT:USDT,0.5803,42.0,0.58,59.0,0.581,42.0,0.5811,289.0
1753600304331,07:11:44.331,huobi,A/USDT:USDT,0.5803,42.0,0.58,59.0,0.581,289.0,0.5811,289.0
1753600304345,07:11:44.345,huobi,A/USDT:USDT,0.5803,42.0,0.58,59.0,0.5809,42.0,0.581,289.0
1753600304390,07:11:44.390,huobi,A/USDT:USDT,0.5803,42.0,0.58,59.0,0.5809,42.0,0.581,289.0
1753600304406,07:11:44.406,huobi,A/USDT:USDT,0.5803,42.0,0.58,59.0,0.5809,452.0,0.581,289.0
1753600304438,07:11:44.438,huobi,A/USDT:USDT,0.5803,42.0,0.58,59.0,0.5808,42.0,0.5809,452.0
1753600304464,07:11:44.464,huobi,A/USDT:USDT,0.5803,42.0,0.5801,247.0,0.5807,42.0,0.5808,289.0
1753600304495,07:11:44.495,huobi,A/USDT:USDT,0.5802,42.0,0.5801,247.0,0.5807,42.0,0.5808,289.0
1753600304557,07:11:44.557,huobi,A/USDT:USDT,0.5802,42.0,0.5801,247.0,0.5807,42.0,0.5808,289.0
1753600304584,07:11:44.584,huobi,A/USDT:USDT,0.5802,42.0,0.5801,247.0,0.5806,42.0,0.5807,289.0
1753600304680,07:11:44.680,huobi,A/USDT:USDT,0.5802,42.0,0.5801,247.0,0.5806,42.0,0.5807,42.0
1753600304743,07:11:44.743,huobi,A/USDT:USDT,0.5802,42.0,0.5801,247.0,0.5807,289.0,0.5808,42.0
1753600305821,07:11:45.821,huobi,A/USDT:USDT,0.5802,42.0,0.5801,247.0,0.5806,42.0,0.5807,289.0
1753600306423,07:11:46.423,huobi,A/USDT:USDT,0.5802,42.0,0.58,59.0,0.5806,42.0,0.5807,289.0
1753600307979,07:11:47.979,huobi,A/USDT:USDT,0.5802,42.0,0.58,59.0,0.5806,42.0,0.5807,289.0
1753600308552,07:11:48.552,huobi,A/USDT:USDT,0.5802,42.0,0.58,59.0,0.5807,289.0,0.5808,42.0
