timestamp,time,exchange,symbol,bid1_price,bid1_volume,bid2_price,bid2_volume,ask1_price,ask1_volume,ask2_price,ask2_volume
1753599989050,07:06:29.050,huobi,AAVE/USDT:USDT,295.877,8.0,295.863,7.0,295.974,8.0,296.013,8.0
1753599989696,07:06:29.696,huobi,AAVE/USDT:USDT,295.877,8.0,295.863,7.0,295.974,8.0,296.028,8.0
1753599990151,07:06:30.151,huobi,AAVE/USDT:USDT,295.877,8.0,295.863,7.0,295.974,8.0,296.028,8.0
1753599990176,07:06:30.176,huobi,AAVE/USDT:USDT,295.877,8.0,295.863,7.0,295.974,8.0,296.028,8.0
1753599990229,07:06:30.229,huobi,AAVE/USDT:USDT,295.877,8.0,295.863,7.0,295.974,8.0,296.028,8.0
1753599990666,07:06:30.666,huobi,AAVE/USDT:USDT,295.877,8.0,295.863,7.0,295.974,8.0,296.028,8.0
1753599991866,07:06:31.866,huobi,AAVE/USDT:USDT,295.877,8.0,295.863,7.0,295.974,8.0,296.028,8.0
1753599992105,07:06:32.105,huobi,AAVE/USDT:USDT,295.877,8.0,295.863,7.0,295.974,8.0,296.028,8.0
1753599992159,07:06:32.159,huobi,AAVE/USDT:USDT,295.877,8.0,295.863,7.0,295.974,8.0,296.028,8.0
1753599992166,07:06:32.166,huobi,AAVE/USDT:USDT,295.877,8.0,295.863,7.0,295.974,8.0,296.028,8.0
1753599992195,07:06:32.195,huobi,AAVE/USDT:USDT,295.877,8.0,295.863,7.0,295.974,8.0,296.028,8.0
1753599992259,07:06:32.259,huobi,AAVE/USDT:USDT,295.877,8.0,295.863,7.0,295.974,8.0,296.028,8.0
1753599992337,07:06:32.337,huobi,AAVE/USDT:USDT,295.877,8.0,295.863,7.0,295.974,8.0,296.028,8.0
1753599992379,07:06:32.379,huobi,AAVE/USDT:USDT,295.877,8.0,295.863,7.0,295.974,8.0,296.028,8.0
1753599992425,07:06:32.425,huobi,AAVE/USDT:USDT,295.877,8.0,295.863,7.0,295.974,8.0,296.028,8.0
1753599992482,07:06:32.482,huobi,AAVE/USDT:USDT,295.877,8.0,295.863,7.0,295.974,8.0,296.028,8.0
1753599992523,07:06:32.523,huobi,AAVE/USDT:USDT,295.877,8.0,295.863,7.0,295.974,8.0,296.028,8.0
1753599993425,07:06:33.425,huobi,AAVE/USDT:USDT,295.877,8.0,295.863,7.0,295.974,8.0,296.028,8.0
1753599994035,07:06:34.035,huobi,AAVE/USDT:USDT,295.877,8.0,295.863,7.0,295.974,8.0,296.028,8.0
1753599994119,07:06:34.119,huobi,AAVE/USDT:USDT,295.877,8.0,295.863,7.0,295.974,8.0,296.028,8.0
1753599995379,07:06:35.379,huobi,AAVE/USDT:USDT,295.877,8.0,295.863,7.0,295.974,8.0,296.028,8.0
1753599995541,07:06:35.541,huobi,AAVE/USDT:USDT,295.877,8.0,295.863,7.0,295.974,8.0,296.028,8.0
1753599995779,07:06:35.779,huobi,AAVE/USDT:USDT,295.877,8.0,295.863,7.0,295.974,8.0,296.028,8.0
1753599995822,07:06:35.822,huobi,AAVE/USDT:USDT,295.877,8.0,295.851,8.0,295.974,8.0,296.028,8.0
1753599995826,07:06:35.826,huobi,AAVE/USDT:USDT,295.877,8.0,295.851,8.0,295.974,8.0,296.028,8.0
1753599995860,07:06:35.860,huobi,AAVE/USDT:USDT,295.851,8.0,295.838,47.0,295.959,8.0,295.973,8.0
1753599995918,07:06:35.918,huobi,AAVE/USDT:USDT,295.851,8.0,295.838,47.0,295.959,8.0,295.973,8.0
1753599996098,07:06:36.098,huobi,AAVE/USDT:USDT,295.851,8.0,295.838,47.0,295.959,8.0,295.974,8.0
1753599996193,07:06:36.193,huobi,AAVE/USDT:USDT,295.851,8.0,295.838,47.0,295.944,8.0,295.958,8.0
1753599996874,07:06:36.874,huobi,AAVE/USDT:USDT,295.851,8.0,295.838,47.0,295.944,8.0,295.974,8.0
1753599996884,07:06:36.884,huobi,AAVE/USDT:USDT,295.851,8.0,295.838,47.0,295.974,8.0,296.039,7.0
1753599996905,07:06:36.905,huobi,AAVE/USDT:USDT,295.851,8.0,295.838,47.0,295.972,8.0,296.039,7.0
1753599996937,07:06:36.937,huobi,AAVE/USDT:USDT,295.851,8.0,295.838,47.0,295.958,7.0,296.028,8.0
1753599996999,07:06:36.999,huobi,AAVE/USDT:USDT,295.851,8.0,295.838,47.0,295.958,7.0,296.028,8.0
1753599997033,07:06:37.033,huobi,AAVE/USDT:USDT,295.851,8.0,295.838,47.0,295.958,7.0,296.028,8.0
1753599997119,07:06:37.119,huobi,AAVE/USDT:USDT,295.851,8.0,295.838,47.0,295.958,7.0,296.028,8.0
1753599997498,07:06:37.498,huobi,AAVE/USDT:USDT,295.851,8.0,295.838,47.0,295.958,7.0,296.028,8.0
1753599997534,07:06:37.534,huobi,AAVE/USDT:USDT,295.863,7.0,295.851,8.0,295.958,7.0,296.028,8.0
1753599997549,07:06:37.549,huobi,AAVE/USDT:USDT,295.877,7.0,295.863,7.0,295.958,7.0,296.028,8.0
1753599997658,07:06:37.658,huobi,AAVE/USDT:USDT,295.877,7.0,295.863,7.0,295.958,7.0,296.028,8.0
1753599998373,07:06:38.373,huobi,AAVE/USDT:USDT,295.877,7.0,295.863,7.0,295.958,7.0,296.028,8.0
1753599998650,07:06:38.650,huobi,AAVE/USDT:USDT,295.877,7.0,295.863,7.0,295.958,7.0,296.028,8.0
1753599998703,07:06:38.703,huobi,AAVE/USDT:USDT,295.877,7.0,295.863,7.0,295.958,7.0,296.028,8.0
1753599998720,07:06:38.720,huobi,AAVE/USDT:USDT,295.877,7.0,295.863,7.0,295.958,7.0,296.028,8.0
1753600000179,07:06:40.179,huobi,AAVE/USDT:USDT,295.877,7.0,295.863,7.0,295.958,7.0,296.028,8.0
1753600000244,07:06:40.244,huobi,AAVE/USDT:USDT,295.877,7.0,295.863,7.0,295.958,7.0,296.028,8.0
1753600000364,07:06:40.364,huobi,AAVE/USDT:USDT,295.877,7.0,295.863,7.0,295.958,7.0,296.028,8.0
1753600000397,07:06:40.397,huobi,AAVE/USDT:USDT,295.877,7.0,295.863,7.0,296.028,8.0,296.039,7.0
1753600000417,07:06:40.417,huobi,AAVE/USDT:USDT,295.879,8.0,295.877,7.0,296.028,8.0,296.039,7.0
1753600000447,07:06:40.447,huobi,AAVE/USDT:USDT,295.971,7.0,295.957,12.0,296.014,7.0,296.028,8.0
1753600000481,07:06:40.481,huobi,AAVE/USDT:USDT,295.971,7.0,295.957,12.0,296.014,7.0,296.039,7.0
1753600000507,07:06:40.507,huobi,AAVE/USDT:USDT,295.971,7.0,295.893,7.0,296.014,7.0,296.039,7.0
1753600000535,07:06:40.535,huobi,AAVE/USDT:USDT,295.971,7.0,295.893,7.0,296.014,7.0,296.039,7.0
1753600000572,07:06:40.572,huobi,AAVE/USDT:USDT,295.971,7.0,295.893,7.0,296.014,7.0,296.039,7.0
1753600000601,07:06:40.601,huobi,AAVE/USDT:USDT,295.893,7.0,295.879,8.0,296.039,7.0,296.052,25.0
1753600000627,07:06:40.627,huobi,AAVE/USDT:USDT,295.904,8.0,295.893,7.0,296.039,7.0,296.052,25.0
1753600000665,07:06:40.665,huobi,AAVE/USDT:USDT,295.941,7.0,295.927,8.0,296.039,7.0,296.114,7.0
1753600000688,07:06:40.688,huobi,AAVE/USDT:USDT,295.941,7.0,295.927,8.0,296.114,7.0,296.129,7.0
1753600000733,07:06:40.733,huobi,AAVE/USDT:USDT,295.941,7.0,295.927,8.0,296.089,7.0,296.118,8.0
1753600000753,07:06:40.753,huobi,AAVE/USDT:USDT,295.941,7.0,295.927,8.0,296.064,7.0,296.078,8.0
1753600000809,07:06:40.809,huobi,AAVE/USDT:USDT,295.941,7.0,295.927,8.0,296.064,7.0,296.078,8.0
1753600000844,07:06:40.844,huobi,AAVE/USDT:USDT,295.941,7.0,295.927,8.0,296.064,7.0,296.078,8.0
1753600000867,07:06:40.867,huobi,AAVE/USDT:USDT,295.941,7.0,295.928,47.0,296.064,7.0,296.078,8.0
1753600000911,07:06:40.911,huobi,AAVE/USDT:USDT,295.941,15.0,295.928,47.0,296.064,7.0,296.078,8.0
1753600000925,07:06:40.925,huobi,AAVE/USDT:USDT,295.941,8.0,295.918,7.0,296.064,7.0,296.078,8.0
1753600000967,07:06:40.967,huobi,AAVE/USDT:USDT,295.955,7.0,295.941,8.0,296.064,7.0,296.078,8.0
1753600000985,07:06:40.985,huobi,AAVE/USDT:USDT,295.955,7.0,295.941,8.0,296.064,7.0,296.078,8.0
1753600001078,07:06:41.078,huobi,AAVE/USDT:USDT,295.955,7.0,295.941,8.0,296.064,7.0,296.089,7.0
1753600001109,07:06:41.109,huobi,AAVE/USDT:USDT,295.955,7.0,295.941,8.0,296.048,7.0,296.062,8.0
1753600001138,07:06:41.138,huobi,AAVE/USDT:USDT,295.955,7.0,295.941,8.0,296.048,7.0,296.063,7.0
1753600001181,07:06:41.181,huobi,AAVE/USDT:USDT,295.955,7.0,295.941,8.0,296.048,7.0,296.063,7.0
1753600001224,07:06:41.224,huobi,AAVE/USDT:USDT,295.955,7.0,295.941,8.0,296.048,7.0,296.063,7.0
1753600001241,07:06:41.241,huobi,AAVE/USDT:USDT,295.955,7.0,295.941,8.0,296.048,7.0,296.063,7.0
1753600001256,07:06:41.256,huobi,AAVE/USDT:USDT,295.955,7.0,295.941,8.0,296.063,7.0,296.089,7.0
1753600001286,07:06:41.286,huobi,AAVE/USDT:USDT,295.955,7.0,295.918,7.0,296.041,7.0,296.055,8.0
1753600001371,07:06:41.371,huobi,AAVE/USDT:USDT,295.919,47.0,295.918,7.0,296.041,7.0,296.089,7.0
1753600001371,07:06:41.371,huobi,AAVE/USDT:USDT,295.933,7.0,295.919,47.0,296.041,7.0,296.089,7.0
1753600001377,07:06:41.377,huobi,AAVE/USDT:USDT,295.933,7.0,295.919,47.0,296.041,7.0,296.089,7.0
1753600001407,07:06:41.407,huobi,AAVE/USDT:USDT,295.933,7.0,295.919,47.0,296.041,7.0,296.089,7.0
1753600001438,07:06:41.438,huobi,AAVE/USDT:USDT,295.933,7.0,295.919,47.0,296.041,7.0,296.089,7.0
1753600001467,07:06:41.467,huobi,AAVE/USDT:USDT,295.933,7.0,295.919,47.0,296.089,7.0,296.095,25.0
1753600001500,07:06:41.500,huobi,AAVE/USDT:USDT,295.933,7.0,295.919,47.0,296.064,7.0,296.089,7.0
1753600001527,07:06:41.527,huobi,AAVE/USDT:USDT,295.933,7.0,295.919,47.0,296.039,7.0,296.053,8.0
1753600001571,07:06:41.571,huobi,AAVE/USDT:USDT,295.933,7.0,295.919,47.0,296.039,7.0,296.053,8.0
1753600001739,07:06:41.739,huobi,AAVE/USDT:USDT,295.933,7.0,295.918,7.0,296.039,7.0,296.053,8.0
1753600001766,07:06:41.766,huobi,AAVE/USDT:USDT,295.893,7.0,295.877,7.0,296.024,7.0,296.038,8.0
1753600001799,07:06:41.799,huobi,AAVE/USDT:USDT,295.887,8.0,295.877,7.0,296.024,7.0,296.038,8.0
1753600001833,07:06:41.833,huobi,AAVE/USDT:USDT,295.901,7.0,295.887,8.0,296.024,7.0,296.039,7.0
1753600001860,07:06:41.860,huobi,AAVE/USDT:USDT,295.901,7.0,295.887,8.0,296.024,7.0,296.039,7.0
1753600001888,07:06:41.888,huobi,AAVE/USDT:USDT,295.901,7.0,295.887,8.0,296.022,8.0,296.024,7.0
1753600001933,07:06:41.933,huobi,AAVE/USDT:USDT,295.901,7.0,295.887,8.0,296.008,7.0,296.022,8.0
1753600001962,07:06:41.962,huobi,AAVE/USDT:USDT,295.901,7.0,295.887,8.0,296.008,7.0,296.022,8.0
1753600001988,07:06:41.988,huobi,AAVE/USDT:USDT,295.901,7.0,295.887,8.0,296.008,7.0,296.022,8.0
1753600002005,07:06:42.005,huobi,AAVE/USDT:USDT,295.901,7.0,295.887,8.0,296.008,7.0,296.022,8.0
1753600002035,07:06:42.035,huobi,AAVE/USDT:USDT,295.901,7.0,295.887,8.0,296.008,7.0,296.022,8.0
1753600002074,07:06:42.074,huobi,AAVE/USDT:USDT,295.901,7.0,295.887,8.0,296.008,7.0,296.022,8.0
1753600002118,07:06:42.118,huobi,AAVE/USDT:USDT,295.901,7.0,295.887,8.0,296.008,7.0,296.022,8.0
1753600002134,07:06:42.134,huobi,AAVE/USDT:USDT,295.901,7.0,295.887,8.0,296.008,7.0,296.022,8.0
1753600002177,07:06:42.177,huobi,AAVE/USDT:USDT,295.901,7.0,295.887,8.0,296.008,7.0,296.022,8.0
1753600002233,07:06:42.233,huobi,AAVE/USDT:USDT,295.901,7.0,295.887,8.0,296.008,7.0,296.022,8.0
1753600002251,07:06:42.251,huobi,AAVE/USDT:USDT,295.901,7.0,295.888,47.0,296.008,7.0,296.022,8.0
1753600002277,07:06:42.277,huobi,AAVE/USDT:USDT,295.901,7.0,295.888,47.0,296.008,7.0,296.022,8.0
1753600002308,07:06:42.308,huobi,AAVE/USDT:USDT,295.901,7.0,295.888,47.0,296.008,7.0,296.022,8.0
1753600002339,07:06:42.339,huobi,AAVE/USDT:USDT,295.901,7.0,295.888,47.0,296.008,7.0,296.022,8.0
1753600002374,07:06:42.374,huobi,AAVE/USDT:USDT,295.901,7.0,295.888,47.0,296.008,7.0,296.022,8.0
1753600002449,07:06:42.449,huobi,AAVE/USDT:USDT,295.901,7.0,295.888,47.0,296.008,7.0,296.022,8.0
1753600002465,07:06:42.465,huobi,AAVE/USDT:USDT,295.901,7.0,295.888,47.0,296.008,7.0,296.024,7.0
1753600002495,07:06:42.495,huobi,AAVE/USDT:USDT,295.901,7.0,295.888,47.0,296.024,7.0,296.039,7.0
1753600002521,07:06:42.521,huobi,AAVE/USDT:USDT,295.901,7.0,295.888,47.0,296.089,7.0,296.095,25.0
1753600002548,07:06:42.548,huobi,AAVE/USDT:USDT,295.901,7.0,295.888,47.0,296.053,8.0,296.078,8.0
1753600002572,07:06:42.572,huobi,AAVE/USDT:USDT,295.901,7.0,295.888,47.0,296.039,7.0,296.054,7.0
1753600002608,07:06:42.608,huobi,AAVE/USDT:USDT,295.915,7.0,295.902,47.0,296.039,7.0,296.054,7.0
1753600002642,07:06:42.642,huobi,AAVE/USDT:USDT,295.915,7.0,295.902,47.0,296.039,7.0,296.054,7.0
1753600002682,07:06:42.682,huobi,AAVE/USDT:USDT,295.915,7.0,295.902,47.0,296.039,7.0,296.054,7.0
1753600002697,07:06:42.697,huobi,AAVE/USDT:USDT,295.915,7.0,295.902,47.0,296.039,7.0,296.054,7.0
1753600002726,07:06:42.726,huobi,AAVE/USDT:USDT,295.915,7.0,295.902,47.0,296.054,7.0,296.078,8.0
1753600002757,07:06:42.757,huobi,AAVE/USDT:USDT,295.915,7.0,295.902,47.0,296.03,7.0,296.044,8.0
1753600002791,07:06:42.791,huobi,AAVE/USDT:USDT,295.915,7.0,295.902,47.0,296.03,7.0,296.044,8.0
1753600002817,07:06:42.817,huobi,AAVE/USDT:USDT,295.915,7.0,295.902,47.0,296.03,7.0,296.044,8.0
1753600002917,07:06:42.917,huobi,AAVE/USDT:USDT,295.915,7.0,295.902,47.0,296.03,7.0,296.044,8.0
1753600003052,07:06:43.052,huobi,AAVE/USDT:USDT,295.915,7.0,295.902,47.0,296.03,7.0,296.044,8.0
1753600003102,07:06:43.102,huobi,AAVE/USDT:USDT,295.915,7.0,295.902,47.0,296.03,7.0,296.044,8.0
1753600003134,07:06:43.134,huobi,AAVE/USDT:USDT,295.915,7.0,295.902,47.0,296.03,7.0,296.044,8.0
1753600003148,07:06:43.148,huobi,AAVE/USDT:USDT,295.915,7.0,295.902,47.0,296.03,7.0,296.044,8.0
1753600003178,07:06:43.178,huobi,AAVE/USDT:USDT,295.915,7.0,295.902,47.0,296.03,7.0,296.044,8.0
1753600003212,07:06:43.212,huobi,AAVE/USDT:USDT,295.915,7.0,295.902,47.0,296.03,7.0,296.044,8.0
1753600003322,07:06:43.322,huobi,AAVE/USDT:USDT,295.915,7.0,295.902,47.0,296.03,7.0,296.044,8.0
1753600003328,07:06:43.328,huobi,AAVE/USDT:USDT,295.915,7.0,295.902,47.0,296.03,7.0,296.044,8.0
1753600003371,07:06:43.371,huobi,AAVE/USDT:USDT,295.915,7.0,295.902,47.0,296.03,7.0,296.044,8.0
1753600003386,07:06:43.386,huobi,AAVE/USDT:USDT,295.915,7.0,295.902,47.0,296.03,7.0,296.044,8.0
1753600003429,07:06:43.429,huobi,AAVE/USDT:USDT,295.915,7.0,295.902,47.0,296.03,7.0,296.044,8.0
1753600003446,07:06:43.446,huobi,AAVE/USDT:USDT,295.915,7.0,295.902,47.0,296.03,7.0,296.044,8.0
1753600003473,07:06:43.473,huobi,AAVE/USDT:USDT,295.915,7.0,295.902,47.0,296.03,7.0,296.044,8.0
1753600003522,07:06:43.522,huobi,AAVE/USDT:USDT,295.915,7.0,295.902,47.0,296.03,7.0,296.044,8.0
1753600003537,07:06:43.537,huobi,AAVE/USDT:USDT,295.915,7.0,295.902,47.0,296.03,7.0,296.044,8.0
1753600003571,07:06:43.571,huobi,AAVE/USDT:USDT,295.915,7.0,295.902,47.0,296.03,7.0,296.044,8.0
1753600003881,07:06:43.881,huobi,AAVE/USDT:USDT,295.915,7.0,295.902,47.0,296.03,7.0,296.044,8.0
1753600003924,07:06:43.924,huobi,AAVE/USDT:USDT,295.915,7.0,295.902,47.0,296.03,7.0,296.044,8.0
1753600003925,07:06:43.925,huobi,AAVE/USDT:USDT,295.915,7.0,295.902,47.0,296.03,7.0,296.044,8.0
1753600004047,07:06:44.047,huobi,AAVE/USDT:USDT,295.915,7.0,295.902,47.0,296.03,7.0,296.044,8.0
1753600004077,07:06:44.077,huobi,AAVE/USDT:USDT,295.915,7.0,295.902,47.0,296.03,7.0,296.044,8.0
1753600004106,07:06:44.106,huobi,AAVE/USDT:USDT,295.915,7.0,295.902,47.0,296.03,7.0,296.044,8.0
1753600004144,07:06:44.144,huobi,AAVE/USDT:USDT,295.915,7.0,295.902,47.0,296.03,7.0,296.044,8.0
1753600004172,07:06:44.172,huobi,AAVE/USDT:USDT,295.915,7.0,295.902,47.0,296.03,7.0,296.044,8.0
1753600004315,07:06:44.315,huobi,AAVE/USDT:USDT,295.915,7.0,295.902,47.0,296.03,7.0,296.044,8.0
1753600004319,07:06:44.319,huobi,AAVE/USDT:USDT,295.915,7.0,295.902,47.0,296.03,7.0,296.044,8.0
1753600004349,07:06:44.349,huobi,AAVE/USDT:USDT,295.918,8.0,295.916,47.0,296.03,7.0,296.054,7.0
1753600004377,07:06:44.377,huobi,AAVE/USDT:USDT,295.932,7.0,295.918,8.0,296.054,7.0,296.089,7.0
1753600004410,07:06:44.410,huobi,AAVE/USDT:USDT,295.932,7.0,295.918,8.0,296.064,7.0,296.078,8.0
1753600004457,07:06:44.457,huobi,AAVE/USDT:USDT,295.932,7.0,295.918,8.0,296.064,7.0,296.078,8.0
1753600004488,07:06:44.488,huobi,AAVE/USDT:USDT,295.932,7.0,295.918,8.0,296.064,7.0,296.089,7.0
1753600004502,07:06:44.502,huobi,AAVE/USDT:USDT,295.932,7.0,295.919,47.0,296.062,8.0,296.064,7.0
1753600004573,07:06:44.573,huobi,AAVE/USDT:USDT,295.932,7.0,295.919,47.0,296.048,7.0,296.062,8.0
1753600004605,07:06:44.605,huobi,AAVE/USDT:USDT,295.932,7.0,295.919,47.0,296.048,7.0,296.062,8.0
1753600004657,07:06:44.657,huobi,AAVE/USDT:USDT,295.932,7.0,295.919,47.0,296.048,7.0,296.062,8.0
1753600004762,07:06:44.762,huobi,AAVE/USDT:USDT,295.932,7.0,295.919,47.0,296.048,7.0,296.062,8.0
1753600004768,07:06:44.768,huobi,AAVE/USDT:USDT,295.932,7.0,295.919,47.0,296.048,7.0,296.062,8.0
1753600004863,07:06:44.863,huobi,AAVE/USDT:USDT,295.932,7.0,295.919,47.0,296.048,7.0,296.062,8.0
1753600004891,07:06:44.891,huobi,AAVE/USDT:USDT,295.932,7.0,295.919,47.0,296.048,7.0,296.062,8.0
1753600005074,07:06:45.074,huobi,AAVE/USDT:USDT,295.932,7.0,295.919,47.0,296.048,7.0,296.062,8.0
1753600005168,07:06:45.168,huobi,AAVE/USDT:USDT,295.932,7.0,295.919,47.0,296.048,7.0,296.062,8.0
1753600005339,07:06:45.339,huobi,AAVE/USDT:USDT,295.932,7.0,295.919,47.0,296.048,7.0,296.062,8.0
1753600005493,07:06:45.493,huobi,AAVE/USDT:USDT,295.932,7.0,295.919,47.0,296.048,7.0,296.063,7.0
1753600005518,07:06:45.518,huobi,AAVE/USDT:USDT,295.932,7.0,295.919,47.0,296.045,8.0,296.048,7.0
1753600005553,07:06:45.553,huobi,AAVE/USDT:USDT,295.932,7.0,295.9,7.0,296.031,7.0,296.045,8.0
1753600005579,07:06:45.579,huobi,AAVE/USDT:USDT,295.877,7.0,295.863,7.0,296.02,8.0,296.031,7.0
1753600005625,07:06:45.625,huobi,AAVE/USDT:USDT,295.877,7.0,295.863,7.0,296.006,7.0,296.02,8.0
1753600005652,07:06:45.652,huobi,AAVE/USDT:USDT,295.877,7.0,295.864,47.0,296.006,7.0,296.02,8.0
1753600005679,07:06:45.679,huobi,AAVE/USDT:USDT,295.877,7.0,295.864,47.0,295.991,7.0,296.005,8.0
1753600005971,07:06:45.971,huobi,AAVE/USDT:USDT,295.877,7.0,295.864,47.0,295.991,7.0,296.005,8.0
1753600006837,07:06:46.837,huobi,AAVE/USDT:USDT,295.877,7.0,295.863,7.0,295.991,7.0,296.005,8.0
1753600006883,07:06:46.883,huobi,AAVE/USDT:USDT,295.877,7.0,295.847,7.0,295.965,7.0,295.977,8.0
1753600006895,07:06:46.895,huobi,AAVE/USDT:USDT,295.847,7.0,295.819,7.0,295.965,7.0,295.977,8.0
1753600006926,07:06:46.926,huobi,AAVE/USDT:USDT,295.825,8.0,295.819,7.0,295.965,7.0,295.977,8.0
1753600006962,07:06:46.962,huobi,AAVE/USDT:USDT,295.839,8.0,295.825,8.0,295.965,7.0,295.979,25.0
1753600006994,07:06:46.994,huobi,AAVE/USDT:USDT,295.839,8.0,295.825,8.0,295.95,8.0,295.964,8.0
1753600007018,07:06:47.018,huobi,AAVE/USDT:USDT,295.839,8.0,295.825,8.0,295.95,8.0,295.964,8.0
1753600007128,07:06:47.128,huobi,AAVE/USDT:USDT,295.839,8.0,295.825,8.0,295.95,8.0,295.965,7.0
1753600007136,07:06:47.136,huobi,AAVE/USDT:USDT,295.839,8.0,295.825,8.0,295.947,8.0,295.95,8.0
1753600007169,07:06:47.169,huobi,AAVE/USDT:USDT,295.839,8.0,295.819,7.0,295.933,8.0,295.947,8.0
1753600007202,07:06:47.202,huobi,AAVE/USDT:USDT,295.819,7.0,295.818,25.0,295.933,8.0,295.947,8.0
1753600007228,07:06:47.228,huobi,AAVE/USDT:USDT,295.819,7.0,295.818,25.0,295.933,8.0,295.947,8.0
1753600007263,07:06:47.263,huobi,AAVE/USDT:USDT,295.819,7.0,295.818,25.0,295.933,8.0,295.947,8.0
1753600007292,07:06:47.292,huobi,AAVE/USDT:USDT,295.819,7.0,295.818,25.0,295.93,8.0,295.933,8.0
1753600007322,07:06:47.322,huobi,AAVE/USDT:USDT,295.819,7.0,295.809,25.0,295.916,8.0,295.93,8.0
1753600007351,07:06:47.351,huobi,AAVE/USDT:USDT,295.819,7.0,295.774,8.0,295.916,8.0,295.93,8.0
1753600007377,07:06:47.377,huobi,AAVE/USDT:USDT,295.774,8.0,295.773,7.0,295.916,8.0,295.93,8.0
1753600007410,07:06:47.410,huobi,AAVE/USDT:USDT,295.797,8.0,295.783,8.0,295.916,8.0,295.933,8.0
1753600007448,07:06:47.448,huobi,AAVE/USDT:USDT,295.818,8.0,295.804,8.0,295.858,1.0,295.916,8.0
1753600007473,07:06:47.473,huobi,AAVE/USDT:USDT,295.818,8.0,295.804,8.0,295.916,8.0,295.933,8.0
1753600007505,07:06:47.505,huobi,AAVE/USDT:USDT,295.818,8.0,295.804,8.0,295.965,7.0,295.979,25.0
1753600007539,07:06:47.539,huobi,AAVE/USDT:USDT,295.818,8.0,295.804,8.0,295.913,8.0,295.965,7.0
1753600007555,07:06:47.555,huobi,AAVE/USDT:USDT,295.818,8.0,295.804,8.0,295.913,8.0,295.954,8.0
1753600007608,07:06:47.608,huobi,AAVE/USDT:USDT,295.818,8.0,295.804,8.0,295.913,8.0,295.954,8.0
1753600007626,07:06:47.626,huobi,AAVE/USDT:USDT,295.818,8.0,295.804,8.0,295.913,8.0,295.954,8.0
1753600007649,07:06:47.649,huobi,AAVE/USDT:USDT,295.818,8.0,295.804,8.0,295.913,8.0,295.954,8.0
1753600007683,07:06:47.683,huobi,AAVE/USDT:USDT,295.818,8.0,295.804,8.0,295.913,8.0,295.954,8.0
1753600007715,07:06:47.715,huobi,AAVE/USDT:USDT,295.818,8.0,295.804,8.0,295.913,8.0,295.954,8.0
1753600007738,07:06:47.738,huobi,AAVE/USDT:USDT,295.828,25.0,295.818,8.0,295.965,7.0,295.979,25.0
1753600007769,07:06:47.769,huobi,AAVE/USDT:USDT,295.83,8.0,295.829,47.0,295.94,8.0,295.965,7.0
1753600007801,07:06:47.801,huobi,AAVE/USDT:USDT,295.849,8.0,295.842,8.0,295.965,7.0,296.006,7.0
1753600007834,07:06:47.834,huobi,AAVE/USDT:USDT,295.863,8.0,295.849,8.0,296.031,7.0,296.048,7.0
1753600007855,07:06:47.855,huobi,AAVE/USDT:USDT,295.863,8.0,295.862,7.0,295.981,8.0,296.02,8.0
1753600007888,07:06:47.888,huobi,AAVE/USDT:USDT,295.863,8.0,295.862,7.0,296.037,8.0,296.048,7.0
1753600007925,07:06:47.925,huobi,AAVE/USDT:USDT,295.863,8.0,295.862,7.0,295.998,8.0,296.012,8.0
1753600007946,07:06:47.946,huobi,AAVE/USDT:USDT,295.863,8.0,295.862,7.0,295.992,8.0,295.998,8.0
1753600007982,07:06:47.982,huobi,AAVE/USDT:USDT,295.863,8.0,295.862,7.0,295.978,8.0,295.992,8.0
1753600008047,07:06:48.047,huobi,AAVE/USDT:USDT,295.863,8.0,295.862,7.0,295.978,8.0,295.992,8.0
1753600008091,07:06:48.091,huobi,AAVE/USDT:USDT,295.863,8.0,295.862,7.0,295.978,8.0,295.992,8.0
1753600008098,07:06:48.098,huobi,AAVE/USDT:USDT,295.863,8.0,295.862,7.0,295.978,8.0,295.992,8.0
1753600008134,07:06:48.134,huobi,AAVE/USDT:USDT,295.863,8.0,295.862,7.0,295.978,8.0,295.992,8.0
1753600008164,07:06:48.164,huobi,AAVE/USDT:USDT,295.863,8.0,295.862,7.0,295.974,8.0,295.978,8.0
1753600008204,07:06:48.204,huobi,AAVE/USDT:USDT,295.863,8.0,295.862,7.0,295.96,8.0,295.974,8.0
1753600008220,07:06:48.220,huobi,AAVE/USDT:USDT,295.863,8.0,295.862,7.0,295.96,8.0,295.974,8.0
1753600008260,07:06:48.260,huobi,AAVE/USDT:USDT,295.863,8.0,295.862,7.0,295.96,8.0,295.974,8.0
1753600008323,07:06:48.323,huobi,AAVE/USDT:USDT,295.863,8.0,295.862,7.0,295.96,8.0,295.974,8.0
1753600008348,07:06:48.348,huobi,AAVE/USDT:USDT,295.863,8.0,295.862,7.0,295.96,8.0,295.974,8.0
1753600008396,07:06:48.396,huobi,AAVE/USDT:USDT,295.863,8.0,295.862,7.0,295.96,8.0,295.974,8.0
1753600008454,07:06:48.454,huobi,AAVE/USDT:USDT,295.863,8.0,295.862,7.0,295.96,8.0,295.974,8.0
1753600008455,07:06:48.455,huobi,AAVE/USDT:USDT,295.863,8.0,295.862,7.0,295.96,8.0,295.974,8.0
1753600008551,07:06:48.551,huobi,AAVE/USDT:USDT,295.863,8.0,295.862,7.0,295.96,8.0,295.974,8.0
1753600008601,07:06:48.601,huobi,AAVE/USDT:USDT,295.863,8.0,295.862,7.0,295.96,8.0,295.974,8.0
1753600008606,07:06:48.606,huobi,AAVE/USDT:USDT,295.863,8.0,295.862,7.0,295.96,8.0,295.974,8.0
1753600008672,07:06:48.672,huobi,AAVE/USDT:USDT,295.863,8.0,295.862,7.0,295.96,8.0,295.974,8.0
1753600008742,07:06:48.742,huobi,AAVE/USDT:USDT,295.863,8.0,295.862,7.0,295.96,8.0,295.974,8.0
1753600008762,07:06:48.762,huobi,AAVE/USDT:USDT,295.863,8.0,295.862,7.0,295.96,8.0,295.974,8.0
1753600008828,07:06:48.828,huobi,AAVE/USDT:USDT,295.863,8.0,295.862,7.0,295.96,8.0,295.974,8.0
1753600008861,07:06:48.861,huobi,AAVE/USDT:USDT,295.863,8.0,295.862,7.0,295.96,8.0,295.974,8.0
1753600008891,07:06:48.891,huobi,AAVE/USDT:USDT,295.863,8.0,295.862,7.0,295.96,8.0,295.974,8.0
1753600008937,07:06:48.937,huobi,AAVE/USDT:USDT,295.863,8.0,295.862,7.0,295.96,8.0,295.974,8.0
1753600008979,07:06:48.979,huobi,AAVE/USDT:USDT,295.863,8.0,295.862,7.0,295.96,8.0,295.974,8.0
1753600009021,07:06:49.021,huobi,AAVE/USDT:USDT,295.863,8.0,295.862,7.0,295.96,8.0,295.974,8.0
1753600009025,07:06:49.025,huobi,AAVE/USDT:USDT,295.863,8.0,295.862,7.0,295.96,8.0,295.974,8.0
1753600009077,07:06:49.077,huobi,AAVE/USDT:USDT,295.863,8.0,295.862,7.0,295.96,8.0,295.974,8.0
1753600009107,07:06:49.107,huobi,AAVE/USDT:USDT,295.863,8.0,295.862,7.0,295.96,8.0,295.974,8.0
1753600009131,07:06:49.131,huobi,AAVE/USDT:USDT,295.863,8.0,295.862,7.0,295.96,8.0,295.974,8.0
1753600009160,07:06:49.160,huobi,AAVE/USDT:USDT,295.863,8.0,295.862,7.0,295.96,8.0,295.974,8.0
1753600009176,07:06:49.176,huobi,AAVE/USDT:USDT,295.863,8.0,295.862,7.0,295.96,8.0,295.974,8.0
1753600009207,07:06:49.207,huobi,AAVE/USDT:USDT,295.863,8.0,295.862,7.0,295.96,8.0,295.974,8.0
1753600009239,07:06:49.239,huobi,AAVE/USDT:USDT,295.863,8.0,295.862,7.0,295.96,8.0,295.974,8.0
1753600009280,07:06:49.280,huobi,AAVE/USDT:USDT,295.863,8.0,295.862,7.0,295.96,8.0,295.998,8.0
1753600009301,07:06:49.301,huobi,AAVE/USDT:USDT,295.863,8.0,295.862,7.0,295.96,8.0,295.998,8.0
1753600009325,07:06:49.325,huobi,AAVE/USDT:USDT,295.863,8.0,295.862,7.0,295.96,8.0,295.998,8.0
1753600009357,07:06:49.357,huobi,AAVE/USDT:USDT,295.863,8.0,295.862,7.0,295.996,8.0,296.023,8.0
1753600009387,07:06:49.387,huobi,AAVE/USDT:USDT,295.863,8.0,295.862,7.0,296.012,8.0,296.023,8.0
1753600009432,07:06:49.432,huobi,AAVE/USDT:USDT,295.863,8.0,295.862,7.0,296.012,8.0,296.023,8.0
1753600009535,07:06:49.535,huobi,AAVE/USDT:USDT,295.863,8.0,295.862,7.0,295.998,8.0,296.012,8.0
1753600009539,07:06:49.539,huobi,AAVE/USDT:USDT,295.863,8.0,295.862,7.0,295.983,8.0,295.997,8.0
1753600009689,07:06:49.689,huobi,AAVE/USDT:USDT,295.863,8.0,295.862,7.0,295.983,8.0,295.997,8.0
1753600009717,07:06:49.717,huobi,AAVE/USDT:USDT,295.863,8.0,295.862,7.0,295.983,8.0,295.997,8.0
1753600009801,07:06:49.801,huobi,AAVE/USDT:USDT,295.863,8.0,295.862,7.0,295.983,8.0,295.997,8.0
1753600009814,07:06:49.814,huobi,AAVE/USDT:USDT,295.863,8.0,295.862,7.0,295.983,8.0,295.997,8.0
1753600009857,07:06:49.857,huobi,AAVE/USDT:USDT,295.863,8.0,295.862,7.0,295.983,8.0,295.997,8.0
1753600009909,07:06:49.909,huobi,AAVE/USDT:USDT,295.863,8.0,295.862,7.0,295.983,8.0,295.997,8.0
1753600010126,07:06:50.126,huobi,AAVE/USDT:USDT,295.863,8.0,295.862,7.0,295.983,8.0,295.997,8.0
1753600010214,07:06:50.214,huobi,AAVE/USDT:USDT,295.863,8.0,295.862,7.0,295.983,8.0,295.997,8.0
1753600010294,07:06:50.294,huobi,AAVE/USDT:USDT,295.863,8.0,295.862,7.0,295.983,8.0,295.997,8.0
1753600010322,07:06:50.322,huobi,AAVE/USDT:USDT,295.863,8.0,295.862,7.0,295.983,8.0,295.997,8.0
1753600010469,07:06:50.469,huobi,AAVE/USDT:USDT,295.863,8.0,295.862,7.0,295.983,8.0,295.997,8.0
1753600010534,07:06:50.534,huobi,AAVE/USDT:USDT,295.863,8.0,295.862,7.0,295.983,8.0,295.997,8.0
1753600010561,07:06:50.561,huobi,AAVE/USDT:USDT,295.863,8.0,295.862,7.0,295.982,8.0,295.983,8.0
1753600010597,07:06:50.597,huobi,AAVE/USDT:USDT,295.863,8.0,295.862,7.0,295.968,8.0,295.982,8.0
1753600010626,07:06:50.626,huobi,AAVE/USDT:USDT,295.863,8.0,295.862,7.0,295.968,8.0,295.982,8.0
1753600010665,07:06:50.665,huobi,AAVE/USDT:USDT,295.863,8.0,295.862,7.0,295.968,8.0,295.982,8.0
1753600010759,07:06:50.759,huobi,AAVE/USDT:USDT,295.863,8.0,295.862,7.0,295.968,8.0,295.982,8.0
1753600010788,07:06:50.788,huobi,AAVE/USDT:USDT,295.863,8.0,295.862,7.0,295.968,8.0,295.982,8.0
1753600010796,07:06:50.796,huobi,AAVE/USDT:USDT,295.863,8.0,295.862,7.0,295.968,8.0,295.983,8.0
1753600010841,07:06:50.841,huobi,AAVE/USDT:USDT,295.863,8.0,295.862,7.0,295.998,8.0,296.023,8.0
1753600010860,07:06:50.860,huobi,AAVE/USDT:USDT,295.863,8.0,295.862,7.0,295.998,8.0,296.023,8.0
1753600010886,07:06:50.886,huobi,AAVE/USDT:USDT,295.865,8.0,295.863,8.0,296.012,8.0,296.023,8.0
1753600010917,07:06:50.917,huobi,AAVE/USDT:USDT,295.877,8.0,295.865,8.0,295.998,8.0,296.012,8.0
1753600010987,07:06:50.987,huobi,AAVE/USDT:USDT,295.877,8.0,295.865,8.0,295.998,8.0,296.012,8.0
1753600011009,07:06:51.009,huobi,AAVE/USDT:USDT,295.877,8.0,295.865,8.0,295.998,8.0,296.023,8.0
1753600011037,07:06:51.037,huobi,AAVE/USDT:USDT,295.877,8.0,295.865,8.0,295.983,8.0,295.997,8.0
1753600011076,07:06:51.076,huobi,AAVE/USDT:USDT,295.877,8.0,295.865,8.0,295.983,8.0,295.997,8.0
1753600011154,07:06:51.154,huobi,AAVE/USDT:USDT,295.877,8.0,295.865,8.0,295.983,8.0,295.997,8.0
1753600011200,07:06:51.200,huobi,AAVE/USDT:USDT,295.877,8.0,295.865,8.0,295.983,8.0,295.997,8.0
1753600011216,07:06:51.216,huobi,AAVE/USDT:USDT,295.877,8.0,295.865,8.0,295.983,8.0,295.997,8.0
1753600011246,07:06:51.246,huobi,AAVE/USDT:USDT,295.877,8.0,295.865,8.0,295.983,8.0,295.997,8.0
1753600011290,07:06:51.290,huobi,AAVE/USDT:USDT,295.877,8.0,295.865,8.0,295.983,8.0,295.997,8.0
1753600011308,07:06:51.308,huobi,AAVE/USDT:USDT,295.877,8.0,295.865,8.0,295.983,8.0,295.997,8.0
1753600011343,07:06:51.343,huobi,AAVE/USDT:USDT,295.877,8.0,295.865,8.0,295.983,8.0,295.997,8.0
1753600011402,07:06:51.402,huobi,AAVE/USDT:USDT,295.877,8.0,295.865,8.0,296.023,8.0,296.03,25.0
1753600011444,07:06:51.444,huobi,AAVE/USDT:USDT,295.877,8.0,295.865,8.0,296.012,8.0,296.023,8.0
1753600011469,07:06:51.469,huobi,AAVE/USDT:USDT,295.877,8.0,295.865,8.0,296.012,8.0,296.023,8.0
1753600011491,07:06:51.491,huobi,AAVE/USDT:USDT,295.877,8.0,295.865,8.0,295.998,8.0,296.012,8.0
1753600011528,07:06:51.528,huobi,AAVE/USDT:USDT,295.877,8.0,295.865,8.0,295.974,8.0,295.988,8.0
1753600011640,07:06:51.640,huobi,AAVE/USDT:USDT,295.877,8.0,295.865,8.0,295.974,8.0,295.988,8.0
1753600011688,07:06:51.688,huobi,AAVE/USDT:USDT,295.877,8.0,295.865,8.0,295.974,8.0,295.988,8.0
1753600011782,07:06:51.782,huobi,AAVE/USDT:USDT,295.877,8.0,295.865,8.0,295.974,8.0,295.988,8.0
1753600011792,07:06:51.792,huobi,AAVE/USDT:USDT,295.877,8.0,295.865,8.0,295.974,8.0,295.988,8.0
1753600011840,07:06:51.840,huobi,AAVE/USDT:USDT,295.877,8.0,295.865,8.0,295.974,8.0,295.988,8.0
1753600011857,07:06:51.857,huobi,AAVE/USDT:USDT,295.877,8.0,295.865,8.0,295.974,8.0,295.988,8.0
1753600011879,07:06:51.879,huobi,AAVE/USDT:USDT,295.877,8.0,295.865,8.0,295.974,8.0,295.988,8.0
1753600012026,07:06:52.026,huobi,AAVE/USDT:USDT,295.877,8.0,295.865,8.0,295.974,8.0,295.988,8.0
1753600012167,07:06:52.167,huobi,AAVE/USDT:USDT,295.877,8.0,295.865,8.0,295.974,8.0,295.988,8.0
1753600012258,07:06:52.258,huobi,AAVE/USDT:USDT,295.877,8.0,295.865,8.0,295.974,8.0,295.988,8.0
1753600012300,07:06:52.300,huobi,AAVE/USDT:USDT,295.877,8.0,295.865,8.0,295.974,8.0,295.988,8.0
1753600012338,07:06:52.338,huobi,AAVE/USDT:USDT,295.877,8.0,295.865,8.0,295.974,8.0,295.988,8.0
1753600012481,07:06:52.481,huobi,AAVE/USDT:USDT,295.877,8.0,295.865,8.0,295.974,8.0,295.988,8.0
1753600012516,07:06:52.516,huobi,AAVE/USDT:USDT,295.877,8.0,295.866,47.0,295.974,8.0,295.998,8.0
1753600012546,07:06:52.546,huobi,AAVE/USDT:USDT,295.877,8.0,295.866,47.0,296.023,8.0,296.03,25.0
1753600012567,07:06:52.567,huobi,AAVE/USDT:USDT,295.877,8.0,295.866,47.0,295.998,8.0,296.012,8.0
1753600012604,07:06:52.604,huobi,AAVE/USDT:USDT,295.877,8.0,295.866,47.0,295.998,8.0,296.012,8.0
1753600012641,07:06:52.641,huobi,AAVE/USDT:USDT,295.877,8.0,295.866,47.0,295.998,8.0,296.012,8.0
1753600012657,07:06:52.657,huobi,AAVE/USDT:USDT,295.877,8.0,295.866,47.0,295.998,8.0,296.012,8.0
1753600012688,07:06:52.688,huobi,AAVE/USDT:USDT,295.877,8.0,295.866,47.0,295.998,8.0,296.012,8.0
1753600012730,07:06:52.730,huobi,AAVE/USDT:USDT,295.877,8.0,295.866,47.0,295.998,8.0,296.012,8.0
1753600012761,07:06:52.761,huobi,AAVE/USDT:USDT,295.877,8.0,295.866,47.0,295.998,8.0,296.012,8.0
1753600012793,07:06:52.793,huobi,AAVE/USDT:USDT,295.877,8.0,295.866,47.0,295.998,8.0,296.012,8.0
1753600012829,07:06:52.829,huobi,AAVE/USDT:USDT,295.877,8.0,295.866,47.0,295.998,8.0,296.012,8.0
1753600012862,07:06:52.862,huobi,AAVE/USDT:USDT,295.877,8.0,295.866,47.0,295.998,8.0,296.012,8.0
1753600012870,07:06:52.870,huobi,AAVE/USDT:USDT,295.877,8.0,295.866,47.0,295.998,8.0,296.012,8.0
1753600012984,07:06:52.984,huobi,AAVE/USDT:USDT,295.877,8.0,295.866,47.0,295.998,8.0,296.012,8.0
1753600012985,07:06:52.985,huobi,AAVE/USDT:USDT,295.877,8.0,295.866,47.0,295.998,8.0,296.012,8.0
1753600013028,07:06:53.028,huobi,AAVE/USDT:USDT,295.877,8.0,295.866,47.0,295.998,8.0,296.012,8.0
1753600013140,07:06:53.140,huobi,AAVE/USDT:USDT,295.877,8.0,295.866,47.0,295.998,8.0,296.012,8.0
1753600013170,07:06:53.170,huobi,AAVE/USDT:USDT,295.878,8.0,295.877,8.0,296.063,7.0,296.089,7.0
1753600013199,07:06:53.199,huobi,AAVE/USDT:USDT,295.997,12.0,295.903,8.0,296.129,7.0,296.136,25.0
1753600013222,07:06:53.222,huobi,AAVE/USDT:USDT,295.997,12.0,295.955,25.0,296.073,8.0,296.089,8.0
1753600013263,07:06:53.263,huobi,AAVE/USDT:USDT,296.011,8.0,295.997,12.0,296.092,8.0,296.103,8.0
1753600013311,07:06:53.311,huobi,AAVE/USDT:USDT,296.011,8.0,295.955,25.0,296.078,8.0,296.103,8.0
1753600013328,07:06:53.328,huobi,AAVE/USDT:USDT,296.011,8.0,295.955,25.0,296.078,8.0,296.103,8.0
1753600013351,07:06:53.351,huobi,AAVE/USDT:USDT,296.011,8.0,295.955,25.0,296.075,8.0,296.078,8.0
1753600013379,07:06:53.379,huobi,AAVE/USDT:USDT,296.011,8.0,295.955,25.0,296.075,8.0,296.078,8.0
1753600013422,07:06:53.422,huobi,AAVE/USDT:USDT,295.955,25.0,295.943,25.0,296.058,8.0,296.061,8.0
1753600013436,07:06:53.436,huobi,AAVE/USDT:USDT,295.969,8.0,295.955,25.0,296.058,8.0,296.061,8.0
1753600013499,07:06:53.499,huobi,AAVE/USDT:USDT,295.969,8.0,295.955,25.0,296.044,8.0,296.058,8.0
1753600013539,07:06:53.539,huobi,AAVE/USDT:USDT,295.969,8.0,295.955,25.0,296.044,8.0,296.058,8.0
1753600013580,07:06:53.580,huobi,AAVE/USDT:USDT,295.969,8.0,295.955,25.0,296.044,8.0,296.058,8.0
1753600013659,07:06:53.659,huobi,AAVE/USDT:USDT,295.969,8.0,295.955,25.0,296.044,8.0,296.058,8.0
1753600013826,07:06:53.826,huobi,AAVE/USDT:USDT,295.969,8.0,295.955,25.0,296.044,8.0,296.058,8.0
1753600013826,07:06:53.826,huobi,AAVE/USDT:USDT,295.969,8.0,295.955,25.0,296.044,8.0,296.058,8.0
1753600013830,07:06:53.830,huobi,AAVE/USDT:USDT,295.969,8.0,295.955,25.0,296.044,8.0,296.058,8.0
1753600013857,07:06:53.857,huobi,AAVE/USDT:USDT,295.969,8.0,295.955,25.0,296.044,8.0,296.058,8.0
1753600013968,07:06:53.968,huobi,AAVE/USDT:USDT,295.969,8.0,295.955,25.0,296.044,8.0,296.058,8.0
1753600013996,07:06:53.996,huobi,AAVE/USDT:USDT,295.969,8.0,295.955,25.0,296.044,8.0,296.058,8.0
1753600014021,07:06:54.021,huobi,AAVE/USDT:USDT,295.969,8.0,295.955,25.0,296.044,8.0,296.058,8.0
1753600014036,07:06:54.036,huobi,AAVE/USDT:USDT,295.969,8.0,295.955,25.0,296.044,8.0,296.058,8.0
1753600014097,07:06:54.097,huobi,AAVE/USDT:USDT,295.969,8.0,295.955,25.0,296.044,8.0,296.058,8.0
1753600014142,07:06:54.142,huobi,AAVE/USDT:USDT,295.969,8.0,295.955,25.0,296.044,8.0,296.058,8.0
1753600014159,07:06:54.159,huobi,AAVE/USDT:USDT,295.969,8.0,295.955,25.0,296.044,8.0,296.058,8.0
1753600014199,07:06:54.199,huobi,AAVE/USDT:USDT,295.969,8.0,295.955,25.0,296.044,8.0,296.058,8.0
1753600014225,07:06:54.225,huobi,AAVE/USDT:USDT,295.969,8.0,295.955,25.0,296.044,8.0,296.058,8.0
1753600014266,07:06:54.266,huobi,AAVE/USDT:USDT,295.969,8.0,295.955,25.0,296.044,8.0,296.058,8.0
1753600014277,07:06:54.277,huobi,AAVE/USDT:USDT,295.969,8.0,295.955,25.0,296.044,8.0,296.061,8.0
1753600014305,07:06:54.305,huobi,AAVE/USDT:USDT,295.969,8.0,295.955,25.0,296.044,8.0,296.061,8.0
1753600014357,07:06:54.357,huobi,AAVE/USDT:USDT,295.969,8.0,295.955,25.0,296.103,8.0,296.129,7.0
1753600014367,07:06:54.367,huobi,AAVE/USDT:USDT,295.969,8.0,295.955,25.0,296.103,8.0,296.129,7.0
1753600014409,07:06:54.409,huobi,AAVE/USDT:USDT,295.969,8.0,295.955,25.0,296.078,8.0,296.092,8.0
1753600014468,07:06:54.468,huobi,AAVE/USDT:USDT,295.969,8.0,295.955,25.0,296.078,8.0,296.093,8.0
1753600014490,07:06:54.490,huobi,AAVE/USDT:USDT,295.969,8.0,295.955,25.0,296.078,8.0,296.093,8.0
1753600014549,07:06:54.549,huobi,AAVE/USDT:USDT,295.969,8.0,295.955,25.0,296.093,8.0,296.129,7.0
1753600014590,07:06:54.590,huobi,AAVE/USDT:USDT,295.969,8.0,295.955,25.0,296.083,8.0,296.129,7.0
1753600014610,07:06:54.610,huobi,AAVE/USDT:USDT,295.969,8.0,295.955,25.0,296.129,7.0,296.136,25.0
1753600014634,07:06:54.634,huobi,AAVE/USDT:USDT,295.969,8.0,295.955,25.0,296.118,8.0,296.129,7.0
1753600014678,07:06:54.678,huobi,AAVE/USDT:USDT,295.969,8.0,295.955,25.0,296.104,8.0,296.118,8.0
1753600014694,07:06:54.694,huobi,AAVE/USDT:USDT,295.969,8.0,295.955,25.0,296.095,8.0,296.104,8.0
1753600014728,07:06:54.728,huobi,AAVE/USDT:USDT,295.969,8.0,295.955,25.0,296.081,8.0,296.095,8.0
1753600014780,07:06:54.780,huobi,AAVE/USDT:USDT,295.969,8.0,295.955,25.0,296.081,8.0,296.095,8.0
1753600014804,07:06:54.804,huobi,AAVE/USDT:USDT,295.969,8.0,295.955,25.0,296.081,8.0,296.095,8.0
1753600014822,07:06:54.822,huobi,AAVE/USDT:USDT,295.969,8.0,295.955,25.0,296.081,8.0,296.095,8.0
1753600014866,07:06:54.866,huobi,AAVE/USDT:USDT,295.969,8.0,295.955,25.0,296.081,8.0,296.095,8.0
1753600014952,07:06:54.952,huobi,AAVE/USDT:USDT,295.969,8.0,295.955,25.0,296.081,8.0,296.095,8.0
1753600014982,07:06:54.982,huobi,AAVE/USDT:USDT,295.969,8.0,295.955,25.0,296.081,8.0,296.095,8.0
1753600015023,07:06:55.023,huobi,AAVE/USDT:USDT,295.969,8.0,295.955,25.0,296.081,8.0,296.095,8.0
1753600015078,07:06:55.078,huobi,AAVE/USDT:USDT,295.969,8.0,295.955,25.0,296.081,8.0,296.095,8.0
1753600015104,07:06:55.104,huobi,AAVE/USDT:USDT,295.969,8.0,295.955,25.0,296.081,8.0,296.095,8.0
1753600015247,07:06:55.247,huobi,AAVE/USDT:USDT,295.969,8.0,295.955,25.0,296.081,8.0,296.095,8.0
1753600015312,07:06:55.312,huobi,AAVE/USDT:USDT,295.969,8.0,295.955,25.0,296.081,8.0,296.095,8.0
1753600015332,07:06:55.332,huobi,AAVE/USDT:USDT,295.969,8.0,295.955,25.0,296.078,8.0,296.081,8.0
1753600015357,07:06:55.357,huobi,AAVE/USDT:USDT,295.969,8.0,295.955,25.0,296.078,8.0,296.081,8.0
1753600015396,07:06:55.396,huobi,AAVE/USDT:USDT,295.969,8.0,295.955,25.0,296.064,8.0,296.078,8.0
1753600015413,07:06:55.413,huobi,AAVE/USDT:USDT,295.969,8.0,295.955,25.0,296.057,8.0,296.064,8.0
1753600015452,07:06:55.452,huobi,AAVE/USDT:USDT,295.969,8.0,295.955,25.0,296.043,8.0,296.057,8.0
1753600015484,07:06:55.484,huobi,AAVE/USDT:USDT,295.969,8.0,295.917,8.0,296.042,8.0,296.043,8.0
1753600015512,07:06:55.512,huobi,AAVE/USDT:USDT,295.969,8.0,295.917,8.0,296.042,8.0,296.043,8.0
1753600015535,07:06:55.535,huobi,AAVE/USDT:USDT,295.969,8.0,295.917,8.0,296.042,8.0,296.043,8.0
1753600015571,07:06:55.571,huobi,AAVE/USDT:USDT,295.917,8.0,295.903,8.0,296.028,8.0,296.043,8.0
1753600015600,07:06:55.600,huobi,AAVE/USDT:USDT,295.917,8.0,295.903,8.0,296.013,8.0,296.027,8.0
1753600015637,07:06:55.637,huobi,AAVE/USDT:USDT,295.917,8.0,295.903,8.0,296.013,8.0,296.027,8.0
1753600015667,07:06:55.667,huobi,AAVE/USDT:USDT,295.917,8.0,295.903,8.0,296.013,8.0,296.027,8.0
1753600015690,07:06:55.690,huobi,AAVE/USDT:USDT,295.917,8.0,295.903,8.0,296.013,8.0,296.027,8.0
1753600015739,07:06:55.739,huobi,AAVE/USDT:USDT,295.917,8.0,295.903,8.0,296.013,8.0,296.027,8.0
1753600015773,07:06:55.773,huobi,AAVE/USDT:USDT,295.917,8.0,295.903,8.0,296.013,8.0,296.027,8.0
1753600015777,07:06:55.777,huobi,AAVE/USDT:USDT,295.917,8.0,295.903,8.0,296.013,8.0,296.027,8.0
1753600015907,07:06:55.907,huobi,AAVE/USDT:USDT,295.917,8.0,295.904,47.0,296.013,8.0,296.027,8.0
1753600015961,07:06:55.961,huobi,AAVE/USDT:USDT,295.917,8.0,295.904,47.0,296.013,8.0,296.027,8.0
1753600015992,07:06:55.992,huobi,AAVE/USDT:USDT,295.917,8.0,295.904,47.0,296.013,8.0,296.027,8.0
1753600016021,07:06:56.021,huobi,AAVE/USDT:USDT,295.917,8.0,295.904,47.0,296.013,8.0,296.027,8.0
1753600016121,07:06:56.121,huobi,AAVE/USDT:USDT,295.917,8.0,295.904,47.0,296.013,8.0,296.027,8.0
1753600016137,07:06:56.137,huobi,AAVE/USDT:USDT,295.917,8.0,295.904,47.0,296.013,8.0,296.027,8.0
1753600016163,07:06:56.163,huobi,AAVE/USDT:USDT,295.917,8.0,295.904,47.0,296.013,8.0,296.027,8.0
1753600016233,07:06:56.233,huobi,AAVE/USDT:USDT,295.917,8.0,295.904,47.0,296.013,8.0,296.027,8.0
1753600016307,07:06:56.307,huobi,AAVE/USDT:USDT,295.917,8.0,295.904,47.0,296.013,8.0,296.027,8.0
1753600016316,07:06:56.316,huobi,AAVE/USDT:USDT,295.917,8.0,295.904,47.0,296.013,8.0,296.027,8.0
1753600016377,07:06:56.377,huobi,AAVE/USDT:USDT,295.917,8.0,295.904,47.0,296.013,8.0,296.027,8.0
1753600016408,07:06:56.408,huobi,AAVE/USDT:USDT,295.917,8.0,295.904,47.0,296.013,8.0,296.027,8.0
1753600016452,07:06:56.452,huobi,AAVE/USDT:USDT,295.917,8.0,295.904,47.0,296.013,8.0,296.027,8.0
1753600016473,07:06:56.473,huobi,AAVE/USDT:USDT,295.917,8.0,295.903,8.0,296.013,8.0,296.027,8.0
1753600016511,07:06:56.511,huobi,AAVE/USDT:USDT,295.917,8.0,295.903,8.0,296.013,8.0,296.027,8.0
1753600016529,07:06:56.529,huobi,AAVE/USDT:USDT,295.917,8.0,295.903,8.0,296.013,8.0,296.027,8.0
1753600016559,07:06:56.559,huobi,AAVE/USDT:USDT,295.917,8.0,295.903,8.0,296.013,8.0,296.027,8.0
1753600016621,07:06:56.621,huobi,AAVE/USDT:USDT,295.917,8.0,295.903,8.0,296.013,8.0,296.027,8.0
1753600016647,07:06:56.647,huobi,AAVE/USDT:USDT,295.917,8.0,295.903,8.0,296.013,8.0,296.027,8.0
1753600016680,07:06:56.680,huobi,AAVE/USDT:USDT,295.917,8.0,295.903,8.0,296.013,8.0,296.027,8.0
1753600016710,07:06:56.710,huobi,AAVE/USDT:USDT,295.917,8.0,295.903,8.0,296.013,8.0,296.027,8.0
1753600016750,07:06:56.750,huobi,AAVE/USDT:USDT,295.917,8.0,295.903,8.0,296.013,8.0,296.027,8.0
1753600016769,07:06:56.769,huobi,AAVE/USDT:USDT,295.917,8.0,295.903,8.0,296.013,8.0,296.027,8.0
1753600016823,07:06:56.823,huobi,AAVE/USDT:USDT,295.917,8.0,295.903,8.0,296.013,8.0,296.027,8.0
1753600016871,07:06:56.871,huobi,AAVE/USDT:USDT,295.917,8.0,295.903,8.0,296.013,8.0,296.027,8.0
1753600016922,07:06:56.922,huobi,AAVE/USDT:USDT,295.917,8.0,295.903,8.0,296.013,8.0,296.027,8.0
1753600017030,07:06:57.030,huobi,AAVE/USDT:USDT,295.917,8.0,295.903,8.0,296.013,8.0,296.027,8.0
1753600017037,07:06:57.037,huobi,AAVE/USDT:USDT,295.917,8.0,295.903,8.0,296.013,8.0,296.027,8.0
1753600017114,07:06:57.114,huobi,AAVE/USDT:USDT,295.917,8.0,295.903,8.0,296.013,8.0,296.027,8.0
1753600017153,07:06:57.153,huobi,AAVE/USDT:USDT,295.917,8.0,295.903,8.0,296.013,8.0,296.027,8.0
1753600017153,07:06:57.153,huobi,AAVE/USDT:USDT,295.917,8.0,295.903,8.0,296.013,8.0,296.027,8.0
1753600017185,07:06:57.185,huobi,AAVE/USDT:USDT,295.917,8.0,295.903,8.0,296.013,8.0,296.027,8.0
1753600017251,07:06:57.251,huobi,AAVE/USDT:USDT,295.917,8.0,295.903,8.0,296.013,8.0,296.027,8.0
1753600017289,07:06:57.289,huobi,AAVE/USDT:USDT,295.917,8.0,295.903,8.0,296.013,8.0,296.027,8.0
1753600017327,07:06:57.327,huobi,AAVE/USDT:USDT,295.917,8.0,295.903,8.0,296.013,8.0,296.027,8.0
1753600017340,07:06:57.340,huobi,AAVE/USDT:USDT,295.917,8.0,295.903,8.0,296.013,8.0,296.027,8.0
1753600017377,07:06:57.377,huobi,AAVE/USDT:USDT,295.917,8.0,295.903,8.0,296.013,8.0,296.027,8.0
1753600017407,07:06:57.407,huobi,AAVE/USDT:USDT,295.917,8.0,295.903,8.0,296.013,8.0,296.027,8.0
1753600017432,07:06:57.432,huobi,AAVE/USDT:USDT,295.917,8.0,295.903,8.0,296.013,8.0,296.027,8.0
1753600017460,07:06:57.460,huobi,AAVE/USDT:USDT,295.917,8.0,295.903,8.0,296.013,8.0,296.027,8.0
1753600017501,07:06:57.501,huobi,AAVE/USDT:USDT,295.917,8.0,295.903,8.0,296.013,8.0,296.027,8.0
1753600017551,07:06:57.551,huobi,AAVE/USDT:USDT,295.917,8.0,295.903,8.0,296.013,8.0,296.027,8.0
1753600017617,07:06:57.617,huobi,AAVE/USDT:USDT,295.917,8.0,295.903,8.0,296.013,8.0,296.027,8.0
1753600017660,07:06:57.660,huobi,AAVE/USDT:USDT,295.917,8.0,295.903,8.0,296.013,8.0,296.027,8.0
1753600017684,07:06:57.684,huobi,AAVE/USDT:USDT,295.917,8.0,295.903,8.0,296.013,8.0,296.027,8.0
1753600017697,07:06:57.697,huobi,AAVE/USDT:USDT,295.917,8.0,295.903,8.0,296.013,8.0,296.027,8.0
1753600017725,07:06:57.725,huobi,AAVE/USDT:USDT,295.917,8.0,295.903,8.0,296.013,8.0,296.027,8.0
1753600017757,07:06:57.757,huobi,AAVE/USDT:USDT,295.917,8.0,295.903,8.0,296.013,8.0,296.027,8.0
1753600017792,07:06:57.792,huobi,AAVE/USDT:USDT,295.917,8.0,295.903,8.0,296.013,8.0,296.027,8.0
1753600017816,07:06:57.816,huobi,AAVE/USDT:USDT,295.917,8.0,295.903,8.0,296.013,8.0,296.027,8.0
1753600017899,07:06:57.899,huobi,AAVE/USDT:USDT,295.917,8.0,295.903,8.0,296.013,8.0,296.027,8.0
1753600017983,07:06:57.983,huobi,AAVE/USDT:USDT,295.917,8.0,295.903,8.0,296.013,8.0,296.027,8.0
1753600018021,07:06:58.021,huobi,AAVE/USDT:USDT,295.917,8.0,295.903,8.0,296.013,8.0,296.027,8.0
1753600018026,07:06:58.026,huobi,AAVE/USDT:USDT,295.917,8.0,295.903,8.0,296.013,8.0,296.027,8.0
1753600018072,07:06:58.072,huobi,AAVE/USDT:USDT,295.917,8.0,295.903,8.0,296.013,8.0,296.027,8.0
1753600018201,07:06:58.201,huobi,AAVE/USDT:USDT,295.917,8.0,295.903,8.0,296.013,8.0,296.027,8.0
1753600018386,07:06:58.386,huobi,AAVE/USDT:USDT,295.917,8.0,295.903,8.0,296.013,8.0,296.027,8.0
1753600018430,07:06:58.430,huobi,AAVE/USDT:USDT,295.917,8.0,295.903,8.0,296.013,8.0,296.027,8.0
1753600018495,07:06:58.495,huobi,AAVE/USDT:USDT,295.917,8.0,295.903,8.0,296.013,8.0,296.027,8.0
1753600018515,07:06:58.515,huobi,AAVE/USDT:USDT,295.917,8.0,295.903,8.0,296.013,8.0,296.027,8.0
1753600018555,07:06:58.555,huobi,AAVE/USDT:USDT,295.917,8.0,295.903,8.0,296.013,8.0,296.027,8.0
1753600018591,07:06:58.591,huobi,AAVE/USDT:USDT,295.917,8.0,295.903,8.0,296.013,8.0,296.027,8.0
1753600018595,07:06:58.595,huobi,AAVE/USDT:USDT,295.917,8.0,295.903,8.0,296.013,8.0,296.027,8.0
1753600018651,07:06:58.651,huobi,AAVE/USDT:USDT,295.917,8.0,295.903,8.0,296.013,8.0,296.027,8.0
1753600018655,07:06:58.655,huobi,AAVE/USDT:USDT,295.917,8.0,295.903,8.0,296.013,8.0,296.027,8.0
1753600018728,07:06:58.728,huobi,AAVE/USDT:USDT,295.917,8.0,295.903,8.0,296.013,8.0,296.027,8.0
1753600018829,07:06:58.829,huobi,AAVE/USDT:USDT,295.917,8.0,295.903,8.0,296.013,8.0,296.027,8.0
1753600018904,07:06:58.904,huobi,AAVE/USDT:USDT,295.917,8.0,295.903,8.0,296.013,8.0,296.027,8.0
1753600018925,07:06:58.925,huobi,AAVE/USDT:USDT,295.917,8.0,295.903,8.0,296.013,8.0,296.027,8.0
1753600019192,07:06:59.192,huobi,AAVE/USDT:USDT,295.917,8.0,295.903,8.0,296.013,8.0,296.027,8.0
1753600019196,07:06:59.196,huobi,AAVE/USDT:USDT,295.917,8.0,295.903,8.0,296.013,8.0,296.027,8.0
1753600019369,07:06:59.369,huobi,AAVE/USDT:USDT,295.917,8.0,295.903,8.0,296.013,8.0,296.027,8.0
1753600019421,07:06:59.421,huobi,AAVE/USDT:USDT,295.917,8.0,295.903,8.0,296.013,8.0,296.027,8.0
1753600019463,07:06:59.463,huobi,AAVE/USDT:USDT,295.917,8.0,295.903,8.0,296.013,8.0,296.027,8.0
1753600019488,07:06:59.488,huobi,AAVE/USDT:USDT,295.917,8.0,295.903,8.0,296.013,8.0,296.027,8.0
1753600019525,07:06:59.525,huobi,AAVE/USDT:USDT,295.917,8.0,295.903,8.0,296.013,8.0,296.027,8.0
1753600019563,07:06:59.563,huobi,AAVE/USDT:USDT,295.917,8.0,295.903,8.0,296.013,8.0,296.043,8.0
1753600019591,07:06:59.591,huobi,AAVE/USDT:USDT,295.917,8.0,295.903,8.0,296.081,8.0,296.104,8.0
1753600019626,07:06:59.626,huobi,AAVE/USDT:USDT,295.917,8.0,295.903,8.0,296.103,47.0,296.104,8.0
1753600019647,07:06:59.647,huobi,AAVE/USDT:USDT,295.917,8.0,295.903,8.0,296.103,47.0,296.104,8.0
1753600019678,07:06:59.678,huobi,AAVE/USDT:USDT,295.917,8.0,295.903,8.0,296.056,7.0,296.07,8.0
1753600019705,07:06:59.705,huobi,AAVE/USDT:USDT,295.917,8.0,295.903,8.0,296.051,8.0,296.056,7.0
1753600019740,07:06:59.740,huobi,AAVE/USDT:USDT,295.917,8.0,295.903,8.0,296.037,7.0,296.051,8.0
1753600019770,07:06:59.770,huobi,AAVE/USDT:USDT,295.917,8.0,295.903,8.0,296.037,7.0,296.051,8.0
1753600019824,07:06:59.824,huobi,AAVE/USDT:USDT,295.917,8.0,295.903,8.0,296.037,7.0,296.051,8.0
1753600019828,07:06:59.828,huobi,AAVE/USDT:USDT,295.917,8.0,295.903,8.0,296.037,7.0,296.051,8.0
1753600019862,07:06:59.862,huobi,AAVE/USDT:USDT,295.917,8.0,295.903,8.0,296.037,7.0,296.051,8.0
1753600019891,07:06:59.891,huobi,AAVE/USDT:USDT,295.917,8.0,295.903,8.0,296.037,7.0,296.051,8.0
1753600019982,07:06:59.982,huobi,AAVE/USDT:USDT,295.917,8.0,295.903,8.0,296.037,7.0,296.089,7.0
1753600020039,07:07:00.039,huobi,AAVE/USDT:USDT,295.917,8.0,295.903,8.0,296.037,7.0,296.089,7.0
1753600020041,07:07:00.041,huobi,AAVE/USDT:USDT,295.917,8.0,295.903,8.0,296.089,7.0,296.103,47.0
1753600020091,07:07:00.091,huobi,AAVE/USDT:USDT,295.917,8.0,295.903,8.0,296.064,7.0,296.078,8.0
1753600020107,07:07:00.107,huobi,AAVE/USDT:USDT,295.917,8.0,295.903,8.0,296.064,7.0,296.078,8.0
1753600020142,07:07:00.142,huobi,AAVE/USDT:USDT,295.917,8.0,295.903,8.0,296.039,7.0,296.053,8.0
1753600020189,07:07:00.189,huobi,AAVE/USDT:USDT,295.917,8.0,295.903,8.0,296.039,7.0,296.053,8.0
1753600020215,07:07:00.215,huobi,AAVE/USDT:USDT,295.917,8.0,295.903,8.0,296.039,7.0,296.053,8.0
1753600020253,07:07:00.253,huobi,AAVE/USDT:USDT,295.934,7.0,295.92,8.0,296.039,7.0,296.064,7.0
1753600020284,07:07:00.284,huobi,AAVE/USDT:USDT,295.934,7.0,295.92,8.0,296.039,7.0,296.064,7.0
1753600020303,07:07:00.303,huobi,AAVE/USDT:USDT,295.934,7.0,295.92,8.0,296.064,7.0,296.089,7.0
1753600020344,07:07:00.344,huobi,AAVE/USDT:USDT,295.934,7.0,295.92,8.0,296.078,8.0,296.104,8.0
1753600020382,07:07:00.382,huobi,AAVE/USDT:USDT,295.934,7.0,295.92,8.0,296.064,7.0,296.093,8.0
1753600020399,07:07:00.399,huobi,AAVE/USDT:USDT,295.934,7.0,295.921,47.0,296.064,7.0,296.093,8.0
1753600020425,07:07:00.425,huobi,AAVE/USDT:USDT,295.934,7.0,295.921,47.0,296.064,7.0,296.093,8.0
1753600020475,07:07:00.475,huobi,AAVE/USDT:USDT,295.934,7.0,295.921,47.0,296.064,7.0,296.093,8.0
1753600020502,07:07:00.502,huobi,AAVE/USDT:USDT,295.934,7.0,295.921,47.0,296.064,7.0,296.093,8.0
1753600020529,07:07:00.529,huobi,AAVE/USDT:USDT,295.934,7.0,295.921,47.0,296.064,7.0,296.093,8.0
1753600020566,07:07:00.566,huobi,AAVE/USDT:USDT,295.934,7.0,295.921,47.0,296.064,7.0,296.093,8.0
1753600020650,07:07:00.650,huobi,AAVE/USDT:USDT,295.934,7.0,295.921,47.0,296.064,7.0,296.093,8.0
1753600020665,07:07:00.665,huobi,AAVE/USDT:USDT,295.934,7.0,295.921,47.0,296.064,7.0,296.093,8.0
1753600020705,07:07:00.705,huobi,AAVE/USDT:USDT,295.934,7.0,295.921,47.0,296.049,7.0,296.063,8.0
1753600020727,07:07:00.727,huobi,AAVE/USDT:USDT,295.934,7.0,295.921,47.0,296.049,7.0,296.063,8.0
1753600020756,07:07:00.756,huobi,AAVE/USDT:USDT,295.934,7.0,295.921,47.0,296.049,7.0,296.063,8.0
1753600020794,07:07:00.794,huobi,AAVE/USDT:USDT,295.934,7.0,295.921,47.0,296.049,7.0,296.063,8.0
1753600020825,07:07:00.825,huobi,AAVE/USDT:USDT,295.934,7.0,295.921,47.0,296.049,7.0,296.063,8.0
1753600020847,07:07:00.847,huobi,AAVE/USDT:USDT,295.934,7.0,295.921,47.0,296.049,7.0,296.063,8.0
1753600020881,07:07:00.881,huobi,AAVE/USDT:USDT,295.934,7.0,295.921,47.0,296.049,7.0,296.063,8.0
1753600020918,07:07:00.918,huobi,AAVE/USDT:USDT,295.934,7.0,295.921,47.0,296.049,7.0,296.063,8.0
1753600020973,07:07:00.973,huobi,AAVE/USDT:USDT,295.934,7.0,295.921,47.0,296.049,7.0,296.063,8.0
1753600021022,07:07:01.022,huobi,AAVE/USDT:USDT,295.934,7.0,295.921,47.0,296.049,7.0,296.063,8.0
1753600021059,07:07:01.059,huobi,AAVE/USDT:USDT,295.934,7.0,295.921,47.0,296.049,7.0,296.063,8.0
1753600021098,07:07:01.098,huobi,AAVE/USDT:USDT,295.934,7.0,295.921,47.0,296.049,7.0,296.063,8.0
1753600021122,07:07:01.122,huobi,AAVE/USDT:USDT,295.934,7.0,295.921,47.0,296.049,7.0,296.063,8.0
1753600021170,07:07:01.170,huobi,AAVE/USDT:USDT,295.934,7.0,295.921,47.0,296.049,7.0,296.063,8.0
1753600021222,07:07:01.222,huobi,AAVE/USDT:USDT,295.934,7.0,295.921,47.0,296.049,7.0,296.063,8.0
1753600021316,07:07:01.316,huobi,AAVE/USDT:USDT,295.934,7.0,295.921,47.0,296.049,7.0,296.063,8.0
1753600021377,07:07:01.377,huobi,AAVE/USDT:USDT,295.934,7.0,295.921,47.0,296.049,7.0,296.063,8.0
1753600021423,07:07:01.423,huobi,AAVE/USDT:USDT,295.934,7.0,295.921,47.0,296.049,7.0,296.063,8.0
1753600021457,07:07:01.457,huobi,AAVE/USDT:USDT,295.934,7.0,295.921,47.0,296.049,7.0,296.063,8.0
1753600021486,07:07:01.486,huobi,AAVE/USDT:USDT,295.934,7.0,295.921,47.0,296.049,7.0,296.063,8.0
1753600021548,07:07:01.548,huobi,AAVE/USDT:USDT,295.934,7.0,295.921,47.0,296.049,7.0,296.063,8.0
1753600021578,07:07:01.578,huobi,AAVE/USDT:USDT,295.934,7.0,295.921,47.0,296.049,7.0,296.063,8.0
1753600021603,07:07:01.603,huobi,AAVE/USDT:USDT,295.934,7.0,295.921,47.0,296.049,7.0,296.063,8.0
1753600021631,07:07:01.631,huobi,AAVE/USDT:USDT,295.934,7.0,295.921,47.0,296.049,7.0,296.063,8.0
1753600021692,07:07:01.692,huobi,AAVE/USDT:USDT,295.934,7.0,295.921,47.0,296.049,7.0,296.063,8.0
1753600021761,07:07:01.761,huobi,AAVE/USDT:USDT,295.934,7.0,295.921,47.0,296.049,7.0,296.063,8.0
1753600021833,07:07:01.833,huobi,AAVE/USDT:USDT,295.934,7.0,295.921,47.0,296.049,7.0,296.063,8.0
1753600021846,07:07:01.846,huobi,AAVE/USDT:USDT,295.934,7.0,295.921,47.0,296.049,7.0,296.063,8.0
1753600021887,07:07:01.887,huobi,AAVE/USDT:USDT,295.934,7.0,295.921,47.0,296.049,7.0,296.063,8.0
1753600021898,07:07:01.898,huobi,AAVE/USDT:USDT,295.934,7.0,295.921,47.0,296.049,7.0,296.063,8.0
1753600021941,07:07:01.941,huobi,AAVE/USDT:USDT,295.934,7.0,295.921,47.0,296.049,7.0,296.063,8.0
1753600021980,07:07:01.980,huobi,AAVE/USDT:USDT,295.934,7.0,295.921,47.0,296.049,7.0,296.063,8.0
1753600022001,07:07:02.001,huobi,AAVE/USDT:USDT,295.934,7.0,295.921,47.0,296.034,7.0,296.048,8.0
1753600022030,07:07:02.030,huobi,AAVE/USDT:USDT,295.934,7.0,295.921,47.0,296.034,7.0,296.048,8.0
1753600022045,07:07:02.045,huobi,AAVE/USDT:USDT,295.934,7.0,295.921,47.0,296.034,7.0,296.048,8.0
1753600022078,07:07:02.078,huobi,AAVE/USDT:USDT,295.934,7.0,295.878,47.0,296.034,7.0,296.049,7.0
1753600022122,07:07:02.122,huobi,AAVE/USDT:USDT,295.934,7.0,295.878,47.0,296.034,7.0,296.049,7.0
1753600022195,07:07:02.195,huobi,AAVE/USDT:USDT,295.934,7.0,295.878,47.0,296.034,7.0,296.049,7.0
1753600022196,07:07:02.196,huobi,AAVE/USDT:USDT,295.934,7.0,295.878,47.0,296.104,8.0,296.109,18.0
1753600022199,07:07:02.199,huobi,AAVE/USDT:USDT,295.934,7.0,295.878,47.0,296.093,8.0,296.104,8.0
1753600022238,07:07:02.238,huobi,AAVE/USDT:USDT,295.934,7.0,295.878,47.0,296.068,8.0,296.079,7.0
1753600022254,07:07:02.254,huobi,AAVE/USDT:USDT,295.934,7.0,295.878,47.0,296.054,7.0,296.068,8.0
1753600022288,07:07:02.288,huobi,AAVE/USDT:USDT,295.934,7.0,295.878,47.0,296.054,7.0,296.068,8.0
1753600022316,07:07:02.316,huobi,AAVE/USDT:USDT,295.934,7.0,295.878,47.0,296.054,7.0,296.068,8.0
1753600022349,07:07:02.349,huobi,AAVE/USDT:USDT,295.934,7.0,295.878,47.0,296.054,7.0,296.068,8.0
1753600022379,07:07:02.379,huobi,AAVE/USDT:USDT,295.934,7.0,295.878,47.0,296.035,7.0,296.049,8.0
1753600022417,07:07:02.417,huobi,AAVE/USDT:USDT,295.934,7.0,295.878,47.0,296.035,7.0,296.049,8.0
1753600022440,07:07:02.440,huobi,AAVE/USDT:USDT,295.934,7.0,295.878,47.0,296.035,7.0,296.049,8.0
1753600022465,07:07:02.465,huobi,AAVE/USDT:USDT,295.934,7.0,295.878,47.0,296.035,7.0,296.049,8.0
1753600022497,07:07:02.497,huobi,AAVE/USDT:USDT,295.934,7.0,295.878,47.0,296.035,7.0,296.049,8.0
1753600022529,07:07:02.529,huobi,AAVE/USDT:USDT,295.934,7.0,295.878,47.0,296.035,7.0,296.049,8.0
1753600022578,07:07:02.578,huobi,AAVE/USDT:USDT,295.934,7.0,295.878,47.0,296.035,7.0,296.049,8.0
1753600022585,07:07:02.585,huobi,AAVE/USDT:USDT,295.934,7.0,295.878,47.0,296.035,7.0,296.049,8.0
1753600022677,07:07:02.677,huobi,AAVE/USDT:USDT,295.934,7.0,295.878,47.0,296.035,7.0,296.049,8.0
1753600022723,07:07:02.723,huobi,AAVE/USDT:USDT,295.934,7.0,295.878,47.0,296.035,7.0,296.049,8.0
1753600022778,07:07:02.778,huobi,AAVE/USDT:USDT,295.934,7.0,295.878,47.0,296.035,7.0,296.049,8.0
1753600022822,07:07:02.822,huobi,AAVE/USDT:USDT,295.934,7.0,295.878,47.0,296.035,7.0,296.049,8.0
1753600022827,07:07:02.827,huobi,AAVE/USDT:USDT,295.934,7.0,295.878,47.0,296.035,7.0,296.049,8.0
1753600022877,07:07:02.877,huobi,AAVE/USDT:USDT,295.934,7.0,295.878,47.0,296.035,7.0,296.049,8.0
1753600022897,07:07:02.897,huobi,AAVE/USDT:USDT,295.934,7.0,295.878,47.0,296.021,25.0,296.035,7.0
1753600022917,07:07:02.917,huobi,AAVE/USDT:USDT,295.934,7.0,295.878,47.0,296.007,7.0,296.021,25.0
1753600022946,07:07:02.946,huobi,AAVE/USDT:USDT,295.934,7.0,295.878,47.0,296.007,7.0,296.021,25.0
1753600023019,07:07:03.019,huobi,AAVE/USDT:USDT,295.934,7.0,295.878,47.0,296.007,7.0,296.021,25.0
1753600023034,07:07:03.034,huobi,AAVE/USDT:USDT,295.934,7.0,295.878,47.0,296.007,7.0,296.021,25.0
1753600023125,07:07:03.125,huobi,AAVE/USDT:USDT,295.934,7.0,295.878,47.0,296.007,7.0,296.021,25.0
1753600023126,07:07:03.126,huobi,AAVE/USDT:USDT,295.934,7.0,295.878,47.0,296.007,7.0,296.021,25.0
1753600023194,07:07:03.194,huobi,AAVE/USDT:USDT,295.934,7.0,295.878,47.0,296.007,7.0,296.021,25.0
1753600023243,07:07:03.243,huobi,AAVE/USDT:USDT,295.934,7.0,295.878,47.0,296.007,7.0,296.021,25.0
1753600023280,07:07:03.280,huobi,AAVE/USDT:USDT,295.934,7.0,295.878,47.0,296.007,7.0,296.021,25.0
1753600023336,07:07:03.336,huobi,AAVE/USDT:USDT,295.934,7.0,295.878,47.0,296.007,7.0,296.021,25.0
1753600023375,07:07:03.375,huobi,AAVE/USDT:USDT,295.934,7.0,295.878,47.0,296.007,7.0,296.021,25.0
1753600023423,07:07:03.423,huobi,AAVE/USDT:USDT,295.934,7.0,295.878,47.0,296.007,7.0,296.021,25.0
1753600023428,07:07:03.428,huobi,AAVE/USDT:USDT,295.934,7.0,295.878,47.0,296.007,7.0,296.021,25.0
1753600023462,07:07:03.462,huobi,AAVE/USDT:USDT,295.934,7.0,295.878,47.0,296.007,7.0,296.021,25.0
1753600023511,07:07:03.511,huobi,AAVE/USDT:USDT,295.934,7.0,295.878,47.0,296.007,7.0,296.021,25.0
1753600023515,07:07:03.515,huobi,AAVE/USDT:USDT,295.934,7.0,295.878,47.0,296.007,7.0,296.021,25.0
1753600023601,07:07:03.601,huobi,AAVE/USDT:USDT,295.934,7.0,295.878,47.0,296.007,7.0,296.021,25.0
1753600023606,07:07:03.606,huobi,AAVE/USDT:USDT,295.934,7.0,295.878,47.0,296.007,7.0,296.021,25.0
1753600023680,07:07:03.680,huobi,AAVE/USDT:USDT,295.934,7.0,295.878,47.0,296.007,7.0,296.021,25.0
1753600023705,07:07:03.705,huobi,AAVE/USDT:USDT,295.934,7.0,295.878,47.0,296.007,7.0,296.021,25.0
1753600023726,07:07:03.726,huobi,AAVE/USDT:USDT,295.934,7.0,295.878,47.0,296.007,7.0,296.021,25.0
1753600023793,07:07:03.793,huobi,AAVE/USDT:USDT,295.934,7.0,295.878,47.0,296.007,7.0,296.021,25.0
1753600023821,07:07:03.821,huobi,AAVE/USDT:USDT,295.934,7.0,295.878,47.0,296.007,7.0,296.021,25.0
1753600023853,07:07:03.853,huobi,AAVE/USDT:USDT,295.934,7.0,295.878,47.0,296.007,7.0,296.021,25.0
1753600023893,07:07:03.893,huobi,AAVE/USDT:USDT,295.934,7.0,295.878,47.0,296.007,7.0,296.021,25.0
1753600023915,07:07:03.915,huobi,AAVE/USDT:USDT,295.934,7.0,295.878,47.0,296.007,7.0,296.021,25.0
1753600023942,07:07:03.942,huobi,AAVE/USDT:USDT,295.934,7.0,295.878,47.0,296.007,7.0,296.021,25.0
1753600023974,07:07:03.974,huobi,AAVE/USDT:USDT,295.934,7.0,295.878,47.0,296.007,7.0,296.021,25.0
1753600024004,07:07:04.004,huobi,AAVE/USDT:USDT,295.934,7.0,295.878,47.0,296.007,7.0,296.021,25.0
1753600024063,07:07:04.063,huobi,AAVE/USDT:USDT,295.934,7.0,295.878,47.0,296.007,7.0,296.021,25.0
1753600024096,07:07:04.096,huobi,AAVE/USDT:USDT,295.934,7.0,295.878,47.0,296.007,7.0,296.021,25.0
1753600024126,07:07:04.126,huobi,AAVE/USDT:USDT,295.934,7.0,295.878,47.0,296.007,7.0,296.021,25.0
1753600024147,07:07:04.147,huobi,AAVE/USDT:USDT,295.934,7.0,295.878,47.0,296.007,7.0,296.021,25.0
1753600024181,07:07:04.181,huobi,AAVE/USDT:USDT,295.934,7.0,295.878,47.0,296.007,7.0,296.021,25.0
1753600024208,07:07:04.208,huobi,AAVE/USDT:USDT,295.934,7.0,295.878,47.0,296.007,7.0,296.021,25.0
1753600024246,07:07:04.246,huobi,AAVE/USDT:USDT,295.934,7.0,295.878,47.0,296.007,7.0,296.021,25.0
1753600024276,07:07:04.276,huobi,AAVE/USDT:USDT,295.934,7.0,295.878,47.0,296.007,7.0,296.021,25.0
1753600024324,07:07:04.324,huobi,AAVE/USDT:USDT,295.934,7.0,295.878,47.0,296.007,7.0,296.021,25.0
1753600024335,07:07:04.335,huobi,AAVE/USDT:USDT,295.934,7.0,295.878,47.0,296.007,7.0,296.021,25.0
1753600024369,07:07:04.369,huobi,AAVE/USDT:USDT,295.934,7.0,295.878,47.0,296.007,7.0,296.021,25.0
1753600024405,07:07:04.405,huobi,AAVE/USDT:USDT,295.934,7.0,295.878,47.0,296.007,7.0,296.021,25.0
1753600024427,07:07:04.427,huobi,AAVE/USDT:USDT,295.934,7.0,295.878,47.0,296.007,7.0,296.021,25.0
1753600024449,07:07:04.449,huobi,AAVE/USDT:USDT,295.934,7.0,295.878,47.0,296.007,7.0,296.021,25.0
1753600024487,07:07:04.487,huobi,AAVE/USDT:USDT,295.934,7.0,295.878,47.0,296.007,7.0,296.021,25.0
1753600024509,07:07:04.509,huobi,AAVE/USDT:USDT,295.934,7.0,295.878,47.0,296.007,7.0,296.021,25.0
1753600024542,07:07:04.542,huobi,AAVE/USDT:USDT,295.934,7.0,295.878,47.0,296.007,7.0,296.021,25.0
1753600024582,07:07:04.582,huobi,AAVE/USDT:USDT,295.934,7.0,295.878,47.0,296.007,7.0,296.021,25.0
1753600024597,07:07:04.597,huobi,AAVE/USDT:USDT,295.934,7.0,295.878,47.0,296.007,7.0,296.021,25.0
1753600024653,07:07:04.653,huobi,AAVE/USDT:USDT,295.934,7.0,295.878,47.0,296.007,7.0,296.021,25.0
1753600024657,07:07:04.657,huobi,AAVE/USDT:USDT,295.934,7.0,295.878,47.0,296.007,7.0,296.021,25.0
1753600024878,07:07:04.878,huobi,AAVE/USDT:USDT,295.934,7.0,295.878,47.0,296.007,7.0,296.021,25.0
1753600024924,07:07:04.924,huobi,AAVE/USDT:USDT,295.934,7.0,295.878,47.0,296.007,7.0,296.021,25.0
1753600024925,07:07:04.925,huobi,AAVE/USDT:USDT,295.934,7.0,295.878,47.0,296.007,7.0,296.021,25.0
1753600024974,07:07:04.974,huobi,AAVE/USDT:USDT,295.934,7.0,295.878,47.0,296.007,7.0,296.021,25.0
1753600025010,07:07:05.010,huobi,AAVE/USDT:USDT,295.934,7.0,295.878,47.0,296.007,7.0,296.021,25.0
1753600025025,07:07:05.025,huobi,AAVE/USDT:USDT,295.934,7.0,295.878,47.0,296.007,7.0,296.021,25.0
1753600025048,07:07:05.048,huobi,AAVE/USDT:USDT,295.934,7.0,295.878,47.0,296.007,7.0,296.021,25.0
1753600025074,07:07:05.074,huobi,AAVE/USDT:USDT,295.934,7.0,295.878,47.0,296.007,7.0,296.021,25.0
1753600025112,07:07:05.112,huobi,AAVE/USDT:USDT,295.934,7.0,295.878,47.0,296.007,7.0,296.021,25.0
1753600025137,07:07:05.137,huobi,AAVE/USDT:USDT,295.934,7.0,295.878,47.0,296.007,7.0,296.021,25.0
1753600025165,07:07:05.165,huobi,AAVE/USDT:USDT,295.934,7.0,295.878,47.0,296.007,7.0,296.021,25.0
1753600025196,07:07:05.196,huobi,AAVE/USDT:USDT,295.934,7.0,295.878,47.0,296.007,7.0,296.021,25.0
1753600025230,07:07:05.230,huobi,AAVE/USDT:USDT,295.934,7.0,295.878,47.0,296.007,7.0,296.021,25.0
1753600025256,07:07:05.256,huobi,AAVE/USDT:USDT,295.934,7.0,295.878,47.0,296.007,7.0,296.021,25.0
1753600025287,07:07:05.287,huobi,AAVE/USDT:USDT,295.934,7.0,295.878,47.0,296.007,7.0,296.021,25.0
1753600025335,07:07:05.335,huobi,AAVE/USDT:USDT,295.934,7.0,295.878,47.0,296.007,7.0,296.021,25.0
1753600025350,07:07:05.350,huobi,AAVE/USDT:USDT,295.934,7.0,295.878,47.0,296.007,7.0,296.021,25.0
1753600025392,07:07:05.392,huobi,AAVE/USDT:USDT,295.934,7.0,295.878,47.0,296.007,7.0,296.021,25.0
1753600025407,07:07:05.407,huobi,AAVE/USDT:USDT,295.934,7.0,295.878,47.0,296.007,7.0,296.021,25.0
1753600025452,07:07:05.452,huobi,AAVE/USDT:USDT,295.934,7.0,295.878,47.0,296.007,7.0,296.021,25.0
1753600025475,07:07:05.475,huobi,AAVE/USDT:USDT,295.934,7.0,295.878,47.0,296.007,7.0,296.021,25.0
1753600025501,07:07:05.501,huobi,AAVE/USDT:USDT,295.934,7.0,295.878,47.0,296.007,7.0,296.021,25.0
1753600025539,07:07:05.539,huobi,AAVE/USDT:USDT,295.934,7.0,295.878,47.0,296.007,7.0,296.021,25.0
1753600025580,07:07:05.580,huobi,AAVE/USDT:USDT,295.934,7.0,295.878,47.0,296.007,7.0,296.021,25.0
1753600025615,07:07:05.615,huobi,AAVE/USDT:USDT,295.934,7.0,295.878,47.0,296.007,7.0,296.021,25.0
1753600025732,07:07:05.732,huobi,AAVE/USDT:USDT,295.934,7.0,295.878,47.0,296.007,7.0,296.021,25.0
1753600025736,07:07:05.736,huobi,AAVE/USDT:USDT,295.934,7.0,295.878,47.0,296.007,7.0,296.021,25.0
1753600025768,07:07:05.768,huobi,AAVE/USDT:USDT,295.934,7.0,295.878,47.0,296.007,7.0,296.021,25.0
1753600025807,07:07:05.807,huobi,AAVE/USDT:USDT,295.934,7.0,295.878,47.0,296.007,7.0,296.021,25.0
1753600025872,07:07:05.872,huobi,AAVE/USDT:USDT,295.934,7.0,295.878,47.0,296.007,7.0,296.021,25.0
1753600025992,07:07:05.992,huobi,AAVE/USDT:USDT,295.934,7.0,295.878,47.0,296.007,7.0,296.021,25.0
1753600026021,07:07:06.021,huobi,AAVE/USDT:USDT,295.934,7.0,295.878,47.0,296.007,7.0,296.021,25.0
1753600026051,07:07:06.051,huobi,AAVE/USDT:USDT,295.934,7.0,295.878,47.0,296.007,7.0,296.021,25.0
1753600026113,07:07:06.113,huobi,AAVE/USDT:USDT,295.934,7.0,295.878,47.0,296.007,7.0,296.021,25.0
1753600026129,07:07:06.129,huobi,AAVE/USDT:USDT,295.934,7.0,295.878,47.0,296.007,7.0,296.021,25.0
1753600026156,07:07:06.156,huobi,AAVE/USDT:USDT,295.934,7.0,295.878,47.0,296.007,7.0,296.021,25.0
1753600026192,07:07:06.192,huobi,AAVE/USDT:USDT,295.934,7.0,295.878,47.0,296.007,7.0,296.021,25.0
1753600026269,07:07:06.269,huobi,AAVE/USDT:USDT,295.934,7.0,295.878,47.0,296.007,7.0,296.021,25.0
1753600026277,07:07:06.277,huobi,AAVE/USDT:USDT,295.934,7.0,295.878,47.0,296.007,7.0,296.021,25.0
1753600026334,07:07:06.334,huobi,AAVE/USDT:USDT,295.934,7.0,295.878,47.0,296.007,7.0,296.021,25.0
1753600026389,07:07:06.389,huobi,AAVE/USDT:USDT,295.934,7.0,295.878,47.0,296.007,7.0,296.021,25.0
1753600026389,07:07:06.389,huobi,AAVE/USDT:USDT,295.934,7.0,295.878,47.0,296.007,7.0,296.021,25.0
1753600026420,07:07:06.420,huobi,AAVE/USDT:USDT,295.934,7.0,295.878,47.0,296.007,7.0,296.021,25.0
1753600026424,07:07:06.424,huobi,AAVE/USDT:USDT,295.934,7.0,295.878,47.0,296.007,7.0,296.021,25.0
1753600026472,07:07:06.472,huobi,AAVE/USDT:USDT,295.934,7.0,295.878,47.0,296.007,7.0,296.021,25.0
1753600026499,07:07:06.499,huobi,AAVE/USDT:USDT,295.934,7.0,295.878,47.0,296.007,7.0,296.021,25.0
1753600026512,07:07:06.512,huobi,AAVE/USDT:USDT,295.934,7.0,295.878,47.0,296.007,7.0,296.021,25.0
1753600026562,07:07:06.562,huobi,AAVE/USDT:USDT,295.934,7.0,295.878,47.0,296.007,7.0,296.021,25.0
1753600026610,07:07:06.610,huobi,AAVE/USDT:USDT,295.934,7.0,295.878,47.0,296.007,7.0,296.021,25.0
1753600026643,07:07:06.643,huobi,AAVE/USDT:USDT,295.934,7.0,295.878,47.0,296.007,7.0,296.021,25.0
1753600026671,07:07:06.671,huobi,AAVE/USDT:USDT,295.934,7.0,295.878,47.0,296.007,7.0,296.021,25.0
1753600026698,07:07:06.698,huobi,AAVE/USDT:USDT,295.934,7.0,295.878,47.0,296.007,7.0,296.021,25.0
1753600026726,07:07:06.726,huobi,AAVE/USDT:USDT,295.934,7.0,295.878,47.0,296.007,7.0,296.021,25.0
1753600026783,07:07:06.783,huobi,AAVE/USDT:USDT,295.934,7.0,295.878,47.0,296.007,7.0,296.021,25.0
1753600026783,07:07:06.783,huobi,AAVE/USDT:USDT,295.934,7.0,295.878,47.0,296.007,7.0,296.021,25.0
1753600026840,07:07:06.840,huobi,AAVE/USDT:USDT,295.934,7.0,295.878,47.0,296.007,7.0,296.021,25.0
1753600026859,07:07:06.859,huobi,AAVE/USDT:USDT,295.934,7.0,295.878,47.0,296.007,7.0,296.021,25.0
1753600026898,07:07:06.898,huobi,AAVE/USDT:USDT,295.934,7.0,295.878,47.0,296.007,7.0,296.021,25.0
1753600026907,07:07:06.907,huobi,AAVE/USDT:USDT,295.934,7.0,295.878,47.0,296.007,7.0,296.021,25.0
1753600026990,07:07:06.990,huobi,AAVE/USDT:USDT,295.934,7.0,295.878,47.0,296.007,7.0,296.021,25.0
1753600026997,07:07:06.997,huobi,AAVE/USDT:USDT,295.934,7.0,295.878,47.0,296.007,7.0,296.021,25.0
1753600027228,07:07:07.228,huobi,AAVE/USDT:USDT,295.934,7.0,295.878,47.0,296.007,7.0,296.021,25.0
1753600027244,07:07:07.244,huobi,AAVE/USDT:USDT,295.934,7.0,295.878,47.0,296.007,7.0,296.021,25.0
1753600027312,07:07:07.312,huobi,AAVE/USDT:USDT,295.934,7.0,295.878,47.0,296.007,7.0,296.021,25.0
1753600027351,07:07:07.351,huobi,AAVE/USDT:USDT,295.934,7.0,295.878,47.0,296.007,7.0,296.021,25.0
1753600027381,07:07:07.381,huobi,AAVE/USDT:USDT,295.934,7.0,295.878,47.0,296.007,7.0,296.021,25.0
1753600027393,07:07:07.393,huobi,AAVE/USDT:USDT,295.934,7.0,295.878,47.0,296.007,7.0,296.021,25.0
1753600027459,07:07:07.459,huobi,AAVE/USDT:USDT,295.934,7.0,295.878,47.0,296.007,7.0,296.021,25.0
1753600027474,07:07:07.474,huobi,AAVE/USDT:USDT,295.934,7.0,295.878,47.0,296.007,7.0,296.021,25.0
1753600027505,07:07:07.505,huobi,AAVE/USDT:USDT,295.934,7.0,295.878,47.0,296.007,7.0,296.021,25.0
1753600027543,07:07:07.543,huobi,AAVE/USDT:USDT,295.934,7.0,295.878,47.0,296.007,7.0,296.021,25.0
1753600027570,07:07:07.570,huobi,AAVE/USDT:USDT,295.934,7.0,295.878,47.0,296.007,7.0,296.021,25.0
1753600027603,07:07:07.603,huobi,AAVE/USDT:USDT,295.934,7.0,295.878,47.0,296.007,7.0,296.021,25.0
1753600027633,07:07:07.633,huobi,AAVE/USDT:USDT,295.934,7.0,295.878,47.0,296.007,7.0,296.021,25.0
1753600027665,07:07:07.665,huobi,AAVE/USDT:USDT,295.934,7.0,295.878,47.0,296.007,7.0,296.021,25.0
1753600027700,07:07:07.700,huobi,AAVE/USDT:USDT,295.934,7.0,295.878,47.0,296.007,7.0,296.021,25.0
1753600027734,07:07:07.734,huobi,AAVE/USDT:USDT,295.934,7.0,295.878,47.0,296.007,7.0,296.021,25.0
1753600027798,07:07:07.798,huobi,AAVE/USDT:USDT,295.934,7.0,295.878,47.0,296.007,7.0,296.021,25.0
1753600027802,07:07:07.802,huobi,AAVE/USDT:USDT,295.934,7.0,295.878,47.0,296.007,7.0,296.021,25.0
1753600027835,07:07:07.835,huobi,AAVE/USDT:USDT,295.934,7.0,295.878,47.0,296.007,7.0,296.021,25.0
1753600027866,07:07:07.866,huobi,AAVE/USDT:USDT,295.934,7.0,295.878,47.0,296.007,7.0,296.021,25.0
1753600027899,07:07:07.899,huobi,AAVE/USDT:USDT,295.934,7.0,295.878,47.0,296.007,7.0,296.021,25.0
1753600027923,07:07:07.923,huobi,AAVE/USDT:USDT,295.934,7.0,295.878,47.0,296.007,7.0,296.021,25.0
1753600027974,07:07:07.974,huobi,AAVE/USDT:USDT,295.934,7.0,295.878,47.0,296.007,7.0,296.021,25.0
1753600027989,07:07:07.989,huobi,AAVE/USDT:USDT,295.934,7.0,295.878,47.0,296.007,7.0,296.021,25.0
1753600028015,07:07:08.015,huobi,AAVE/USDT:USDT,295.934,7.0,295.878,47.0,296.007,7.0,296.021,25.0
1753600028050,07:07:08.050,huobi,AAVE/USDT:USDT,295.934,7.0,295.878,47.0,296.007,7.0,296.021,25.0
1753600028077,07:07:08.077,huobi,AAVE/USDT:USDT,295.934,7.0,295.878,47.0,296.007,7.0,296.021,25.0
1753600028155,07:07:08.155,huobi,AAVE/USDT:USDT,295.934,7.0,295.878,47.0,296.007,7.0,296.021,25.0
1753600028171,07:07:08.171,huobi,AAVE/USDT:USDT,295.934,7.0,295.878,47.0,296.007,7.0,296.021,25.0
1753600028258,07:07:08.258,huobi,AAVE/USDT:USDT,295.934,7.0,295.878,47.0,296.007,7.0,296.021,25.0
1753600028286,07:07:08.286,huobi,AAVE/USDT:USDT,295.934,7.0,295.878,47.0,296.007,7.0,296.021,25.0
1753600028321,07:07:08.321,huobi,AAVE/USDT:USDT,295.934,7.0,295.878,47.0,296.007,7.0,296.021,25.0
1753600028353,07:07:08.353,huobi,AAVE/USDT:USDT,295.934,7.0,295.878,47.0,296.007,7.0,296.021,25.0
1753600028427,07:07:08.427,huobi,AAVE/USDT:USDT,295.934,7.0,295.878,47.0,296.007,7.0,296.021,25.0
1753600028454,07:07:08.454,huobi,AAVE/USDT:USDT,295.934,7.0,295.878,47.0,296.007,7.0,296.021,25.0
1753600028462,07:07:08.462,huobi,AAVE/USDT:USDT,295.934,7.0,295.878,47.0,296.007,7.0,296.021,25.0
1753600028591,07:07:08.591,huobi,AAVE/USDT:USDT,295.934,7.0,295.878,47.0,296.007,7.0,296.021,25.0
1753600028749,07:07:08.749,huobi,AAVE/USDT:USDT,295.934,7.0,295.878,47.0,296.007,7.0,296.021,25.0
1753600028823,07:07:08.823,huobi,AAVE/USDT:USDT,295.934,7.0,295.878,47.0,296.007,7.0,296.021,25.0
1753600028827,07:07:08.827,huobi,AAVE/USDT:USDT,295.934,7.0,295.878,47.0,296.007,7.0,296.021,25.0
1753600028924,07:07:08.924,huobi,AAVE/USDT:USDT,295.934,7.0,295.878,47.0,296.007,7.0,296.021,25.0
1753600028996,07:07:08.996,huobi,AAVE/USDT:USDT,295.934,7.0,295.878,47.0,296.007,7.0,296.021,25.0
1753600029041,07:07:09.041,huobi,AAVE/USDT:USDT,295.934,7.0,295.878,47.0,296.007,7.0,296.021,25.0
1753600029073,07:07:09.073,huobi,AAVE/USDT:USDT,295.934,7.0,295.878,47.0,296.007,7.0,296.021,25.0
1753600029102,07:07:09.102,huobi,AAVE/USDT:USDT,295.934,7.0,295.878,47.0,296.007,7.0,296.021,25.0
1753600029133,07:07:09.133,huobi,AAVE/USDT:USDT,295.934,7.0,295.878,47.0,296.007,7.0,296.021,25.0
1753600029168,07:07:09.168,huobi,AAVE/USDT:USDT,295.934,7.0,295.878,47.0,296.007,7.0,296.021,25.0
1753600029193,07:07:09.193,huobi,AAVE/USDT:USDT,295.934,7.0,295.878,47.0,296.007,7.0,296.021,25.0
1753600029245,07:07:09.245,huobi,AAVE/USDT:USDT,295.934,7.0,295.878,47.0,296.007,7.0,296.021,25.0
1753600029279,07:07:09.279,huobi,AAVE/USDT:USDT,295.934,7.0,295.878,47.0,296.007,7.0,296.021,25.0
1753600029348,07:07:09.348,huobi,AAVE/USDT:USDT,295.934,7.0,295.878,47.0,296.007,7.0,296.021,25.0
1753600029382,07:07:09.382,huobi,AAVE/USDT:USDT,295.934,7.0,295.878,47.0,296.007,7.0,296.021,25.0
1753600029397,07:07:09.397,huobi,AAVE/USDT:USDT,295.934,7.0,295.878,47.0,296.007,7.0,296.021,25.0
1753600029442,07:07:09.442,huobi,AAVE/USDT:USDT,295.934,7.0,295.878,47.0,296.007,7.0,296.021,25.0
1753600029458,07:07:09.458,huobi,AAVE/USDT:USDT,295.934,7.0,295.878,47.0,296.007,7.0,296.021,25.0
1753600029490,07:07:09.490,huobi,AAVE/USDT:USDT,295.934,7.0,295.878,47.0,296.007,7.0,296.021,25.0
1753600029553,07:07:09.553,huobi,AAVE/USDT:USDT,295.934,7.0,295.878,47.0,296.007,7.0,296.021,25.0
1753600029581,07:07:09.581,huobi,AAVE/USDT:USDT,295.934,7.0,295.878,47.0,296.007,7.0,296.021,25.0
1753600029620,07:07:09.620,huobi,AAVE/USDT:USDT,295.934,7.0,295.878,47.0,296.007,7.0,296.021,25.0
1753600029648,07:07:09.648,huobi,AAVE/USDT:USDT,295.934,7.0,295.878,47.0,296.007,7.0,296.021,25.0
1753600029724,07:07:09.724,huobi,AAVE/USDT:USDT,295.934,7.0,295.878,47.0,296.007,7.0,296.021,25.0
1753600029729,07:07:09.729,huobi,AAVE/USDT:USDT,295.934,7.0,295.878,47.0,296.007,7.0,296.021,25.0
1753600029862,07:07:09.862,huobi,AAVE/USDT:USDT,295.934,7.0,295.878,47.0,296.007,7.0,296.021,25.0
1753600029877,07:07:09.877,huobi,AAVE/USDT:USDT,295.934,7.0,295.878,47.0,296.007,7.0,296.021,25.0
1753600029908,07:07:09.908,huobi,AAVE/USDT:USDT,295.934,7.0,295.878,47.0,296.007,7.0,296.021,25.0
1753600030022,07:07:10.022,huobi,AAVE/USDT:USDT,295.934,7.0,295.878,47.0,296.007,7.0,296.021,25.0
1753600030023,07:07:10.023,huobi,AAVE/USDT:USDT,295.934,7.0,295.878,47.0,296.007,7.0,296.021,25.0
1753600030302,07:07:10.302,huobi,AAVE/USDT:USDT,295.934,7.0,295.878,47.0,296.007,7.0,296.021,25.0
1753600030342,07:07:10.342,huobi,AAVE/USDT:USDT,295.934,7.0,295.878,47.0,296.007,7.0,296.021,25.0
1753600030358,07:07:10.358,huobi,AAVE/USDT:USDT,295.934,7.0,295.878,47.0,296.007,7.0,296.021,25.0
1753600030421,07:07:10.421,huobi,AAVE/USDT:USDT,295.934,7.0,295.878,47.0,296.007,7.0,296.021,25.0
1753600030461,07:07:10.461,huobi,AAVE/USDT:USDT,295.934,7.0,295.878,47.0,296.007,7.0,296.021,25.0
1753600030500,07:07:10.500,huobi,AAVE/USDT:USDT,295.934,7.0,295.878,47.0,296.007,7.0,296.021,25.0
1753600030575,07:07:10.575,huobi,AAVE/USDT:USDT,295.934,7.0,295.878,47.0,296.007,7.0,296.021,25.0
1753600030702,07:07:10.702,huobi,AAVE/USDT:USDT,295.934,7.0,295.878,47.0,296.007,7.0,296.021,25.0
1753600030804,07:07:10.804,huobi,AAVE/USDT:USDT,295.934,7.0,295.878,47.0,296.007,7.0,296.021,25.0
1753600030804,07:07:10.804,huobi,AAVE/USDT:USDT,295.934,7.0,295.878,47.0,296.007,7.0,296.021,25.0
1753600030808,07:07:10.808,huobi,AAVE/USDT:USDT,295.934,7.0,295.878,47.0,296.007,7.0,296.021,25.0
1753600030837,07:07:10.837,huobi,AAVE/USDT:USDT,295.934,7.0,295.878,47.0,296.007,7.0,296.021,25.0
1753600030881,07:07:10.881,huobi,AAVE/USDT:USDT,295.934,7.0,295.878,47.0,296.007,7.0,296.021,25.0
1753600030898,07:07:10.898,huobi,AAVE/USDT:USDT,295.934,7.0,295.878,47.0,296.007,7.0,296.021,25.0
1753600030931,07:07:10.931,huobi,AAVE/USDT:USDT,295.934,7.0,295.878,47.0,296.007,7.0,296.021,25.0
1753600030961,07:07:10.961,huobi,AAVE/USDT:USDT,295.934,7.0,295.878,47.0,296.007,7.0,296.021,25.0
1753600031002,07:07:11.002,huobi,AAVE/USDT:USDT,295.934,7.0,295.878,47.0,296.007,7.0,296.021,25.0
1753600031025,07:07:11.025,huobi,AAVE/USDT:USDT,295.934,7.0,295.878,47.0,296.007,7.0,296.021,25.0
1753600031048,07:07:11.048,huobi,AAVE/USDT:USDT,295.934,7.0,295.878,47.0,296.007,7.0,296.021,25.0
1753600031114,07:07:11.114,huobi,AAVE/USDT:USDT,295.934,7.0,295.878,47.0,296.007,7.0,296.021,25.0
1753600031138,07:07:11.138,huobi,AAVE/USDT:USDT,295.934,7.0,295.878,47.0,296.007,7.0,296.021,25.0
1753600031167,07:07:11.167,huobi,AAVE/USDT:USDT,295.934,7.0,295.878,47.0,296.007,7.0,296.021,25.0
1753600031212,07:07:11.212,huobi,AAVE/USDT:USDT,295.934,7.0,295.878,47.0,296.007,7.0,296.021,25.0
1753600031252,07:07:11.252,huobi,AAVE/USDT:USDT,295.934,7.0,295.878,47.0,296.007,7.0,296.021,25.0
1753600031259,07:07:11.259,huobi,AAVE/USDT:USDT,295.934,7.0,295.878,47.0,296.007,7.0,296.021,25.0
1753600031293,07:07:11.293,huobi,AAVE/USDT:USDT,295.934,7.0,295.878,47.0,296.007,7.0,296.021,25.0
1753600031320,07:07:11.320,huobi,AAVE/USDT:USDT,295.934,7.0,295.878,47.0,296.007,7.0,296.021,25.0
1753600031361,07:07:11.361,huobi,AAVE/USDT:USDT,295.934,7.0,295.878,47.0,296.007,7.0,296.021,25.0
1753600031502,07:07:11.502,huobi,AAVE/USDT:USDT,295.934,7.0,295.878,47.0,296.007,7.0,296.021,25.0
1753600031542,07:07:11.542,huobi,AAVE/USDT:USDT,295.934,7.0,295.878,47.0,296.007,7.0,296.021,25.0
1753600031557,07:07:11.557,huobi,AAVE/USDT:USDT,295.934,7.0,295.878,47.0,296.007,7.0,296.021,25.0
1753600031590,07:07:11.590,huobi,AAVE/USDT:USDT,295.934,7.0,295.878,47.0,296.007,7.0,296.021,25.0
1753600031622,07:07:11.622,huobi,AAVE/USDT:USDT,295.934,7.0,295.878,47.0,296.007,7.0,296.021,25.0
1753600031649,07:07:11.649,huobi,AAVE/USDT:USDT,295.934,7.0,295.878,47.0,296.007,7.0,296.021,25.0
1753600031692,07:07:11.692,huobi,AAVE/USDT:USDT,295.934,7.0,295.878,47.0,296.007,7.0,296.021,25.0
1753600031742,07:07:11.742,huobi,AAVE/USDT:USDT,295.934,7.0,295.878,47.0,296.007,7.0,296.021,25.0
1753600031812,07:07:11.812,huobi,AAVE/USDT:USDT,295.934,7.0,295.878,47.0,296.007,7.0,296.021,25.0
1753600031826,07:07:11.826,huobi,AAVE/USDT:USDT,295.934,7.0,295.878,47.0,296.007,7.0,296.021,25.0
1753600031857,07:07:11.857,huobi,AAVE/USDT:USDT,295.934,7.0,295.878,47.0,296.007,7.0,296.021,25.0
1753600032021,07:07:12.021,huobi,AAVE/USDT:USDT,295.934,7.0,295.878,47.0,296.007,7.0,296.021,25.0
1753600032036,07:07:12.036,huobi,AAVE/USDT:USDT,295.934,7.0,295.878,47.0,296.007,7.0,296.021,25.0
1753600032087,07:07:12.087,huobi,AAVE/USDT:USDT,295.934,7.0,295.878,47.0,296.007,7.0,296.021,25.0
1753600032097,07:07:12.097,huobi,AAVE/USDT:USDT,295.934,7.0,295.878,47.0,296.007,7.0,296.021,25.0
1753600032131,07:07:12.131,huobi,AAVE/USDT:USDT,295.934,7.0,295.878,47.0,296.007,7.0,296.021,25.0
1753600032169,07:07:12.169,huobi,AAVE/USDT:USDT,295.934,7.0,295.878,47.0,296.007,7.0,296.021,25.0
1753600032190,07:07:12.190,huobi,AAVE/USDT:USDT,295.934,7.0,295.878,47.0,296.007,7.0,296.021,25.0
1753600032232,07:07:12.232,huobi,AAVE/USDT:USDT,295.934,7.0,295.878,47.0,296.007,7.0,296.021,25.0
1753600032247,07:07:12.247,huobi,AAVE/USDT:USDT,295.934,7.0,295.878,47.0,296.007,7.0,296.021,25.0
1753600032275,07:07:12.275,huobi,AAVE/USDT:USDT,295.934,7.0,295.878,47.0,296.007,7.0,296.021,25.0
1753600032308,07:07:12.308,huobi,AAVE/USDT:USDT,295.934,7.0,295.878,47.0,296.007,7.0,296.021,25.0
1753600032336,07:07:12.336,huobi,AAVE/USDT:USDT,295.934,7.0,295.878,47.0,296.007,7.0,296.021,25.0
1753600032369,07:07:12.369,huobi,AAVE/USDT:USDT,295.934,7.0,295.878,47.0,296.007,7.0,296.021,25.0
1753600032491,07:07:12.491,huobi,AAVE/USDT:USDT,295.934,7.0,295.878,47.0,296.007,7.0,296.021,25.0
1753600032586,07:07:12.586,huobi,AAVE/USDT:USDT,295.934,7.0,295.878,47.0,296.007,7.0,296.021,25.0
1753600032611,07:07:12.611,huobi,AAVE/USDT:USDT,295.934,7.0,295.878,47.0,296.007,7.0,296.021,25.0
1753600032651,07:07:12.651,huobi,AAVE/USDT:USDT,295.934,7.0,295.878,47.0,296.007,7.0,296.021,25.0
1753600032683,07:07:12.683,huobi,AAVE/USDT:USDT,295.934,7.0,295.878,47.0,296.007,7.0,296.021,25.0
1753600032696,07:07:12.696,huobi,AAVE/USDT:USDT,295.934,7.0,295.878,47.0,296.007,7.0,296.021,25.0
1753600032737,07:07:12.737,huobi,AAVE/USDT:USDT,295.934,7.0,295.878,47.0,296.007,7.0,296.021,25.0
1753600032756,07:07:12.756,huobi,AAVE/USDT:USDT,295.934,7.0,295.878,47.0,296.007,7.0,296.021,25.0
1753600032905,07:07:12.905,huobi,AAVE/USDT:USDT,295.934,7.0,295.878,47.0,296.007,7.0,296.021,25.0
1753600032909,07:07:12.909,huobi,AAVE/USDT:USDT,295.934,7.0,295.878,47.0,296.007,7.0,296.021,25.0
1753600033063,07:07:13.063,huobi,AAVE/USDT:USDT,295.934,7.0,295.878,47.0,296.007,7.0,296.021,25.0
1753600033091,07:07:13.091,huobi,AAVE/USDT:USDT,295.934,7.0,295.878,47.0,296.007,7.0,296.021,25.0
1753600033130,07:07:13.130,huobi,AAVE/USDT:USDT,295.934,7.0,295.878,47.0,296.007,7.0,296.021,25.0
1753600033156,07:07:13.156,huobi,AAVE/USDT:USDT,295.934,7.0,295.878,47.0,296.007,7.0,296.021,25.0
1753600033228,07:07:13.228,huobi,AAVE/USDT:USDT,295.934,7.0,295.878,47.0,296.007,7.0,296.021,25.0
1753600033270,07:07:13.270,huobi,AAVE/USDT:USDT,295.934,7.0,295.878,47.0,296.007,7.0,296.021,25.0
1753600033335,07:07:13.335,huobi,AAVE/USDT:USDT,295.934,7.0,295.878,47.0,296.007,7.0,296.021,25.0
1753600033360,07:07:13.360,huobi,AAVE/USDT:USDT,295.934,7.0,295.878,47.0,296.007,7.0,296.021,25.0
1753600033389,07:07:13.389,huobi,AAVE/USDT:USDT,295.934,7.0,295.878,47.0,296.007,7.0,296.021,25.0
1753600033423,07:07:13.423,huobi,AAVE/USDT:USDT,295.934,7.0,295.878,47.0,296.007,7.0,296.021,25.0
1753600033451,07:07:13.451,huobi,AAVE/USDT:USDT,295.934,7.0,295.878,47.0,296.007,7.0,296.021,25.0
1753600033478,07:07:13.478,huobi,AAVE/USDT:USDT,295.934,7.0,295.878,47.0,296.007,7.0,296.021,25.0
1753600033503,07:07:13.503,huobi,AAVE/USDT:USDT,295.934,7.0,295.878,47.0,296.007,7.0,296.021,25.0
1753600033537,07:07:13.537,huobi,AAVE/USDT:USDT,295.934,7.0,295.878,47.0,296.007,7.0,296.021,25.0
1753600033571,07:07:13.571,huobi,AAVE/USDT:USDT,295.934,7.0,295.878,47.0,296.007,7.0,296.021,25.0
1753600033599,07:07:13.599,huobi,AAVE/USDT:USDT,295.934,7.0,295.878,47.0,296.007,7.0,296.021,25.0
1753600033635,07:07:13.635,huobi,AAVE/USDT:USDT,295.934,7.0,295.878,47.0,296.007,7.0,296.021,25.0
1753600033661,07:07:13.661,huobi,AAVE/USDT:USDT,295.934,7.0,295.878,47.0,296.007,7.0,296.021,25.0
1753600033693,07:07:13.693,huobi,AAVE/USDT:USDT,295.877,8.0,295.862,24.0,296.007,7.0,296.021,25.0
1753600033720,07:07:13.720,huobi,AAVE/USDT:USDT,295.877,8.0,295.862,24.0,296.006,8.0,296.007,7.0
1753600033752,07:07:13.752,huobi,AAVE/USDT:USDT,295.877,8.0,295.862,15.0,295.992,7.0,296.006,8.0
1753600033776,07:07:13.776,huobi,AAVE/USDT:USDT,295.877,8.0,295.862,15.0,295.992,7.0,296.007,7.0
1753600033818,07:07:13.818,huobi,AAVE/USDT:USDT,295.877,8.0,295.862,8.0,295.992,7.0,296.007,7.0
1753600033839,07:07:13.839,huobi,AAVE/USDT:USDT,295.774,8.0,295.773,7.0,295.988,8.0,295.992,7.0
1753600033875,07:07:13.875,huobi,AAVE/USDT:USDT,295.775,236.0,295.774,8.0,295.974,7.0,295.988,8.0
1753600033897,07:07:13.897,huobi,AAVE/USDT:USDT,295.785,8.0,295.775,236.0,295.974,7.0,295.992,7.0
1753600033926,07:07:13.926,huobi,AAVE/USDT:USDT,295.799,7.0,295.775,236.0,295.972,8.0,295.974,7.0
1753600033956,07:07:13.956,huobi,AAVE/USDT:USDT,295.824,7.0,295.81,8.0,295.958,7.0,295.974,7.0
1753600033992,07:07:13.992,huobi,AAVE/USDT:USDT,295.849,7.0,295.835,8.0,295.958,7.0,295.974,7.0
1753600034017,07:07:14.017,huobi,AAVE/USDT:USDT,295.851,8.0,295.849,7.0,295.958,7.0,295.974,7.0
1753600034058,07:07:14.058,huobi,AAVE/USDT:USDT,295.871,8.0,295.865,7.0,295.958,7.0,295.974,7.0
1753600034079,07:07:14.079,huobi,AAVE/USDT:USDT,295.885,7.0,295.871,8.0,295.958,7.0,295.974,7.0
1753600034108,07:07:14.108,huobi,AAVE/USDT:USDT,295.885,7.0,295.871,8.0,295.992,7.0,296.007,7.0
1753600034171,07:07:14.171,huobi,AAVE/USDT:USDT,295.885,7.0,295.871,8.0,296.007,7.0,296.074,12.0
1753600034209,07:07:14.209,huobi,AAVE/USDT:USDT,295.885,7.0,295.872,47.0,296.007,7.0,296.074,12.0
1753600034230,07:07:14.230,huobi,AAVE/USDT:USDT,295.885,7.0,295.872,47.0,296.007,7.0,296.074,12.0
1753600034263,07:07:14.263,huobi,AAVE/USDT:USDT,295.885,7.0,295.872,47.0,296.007,7.0,296.074,12.0
1753600034288,07:07:14.288,huobi,AAVE/USDT:USDT,295.885,7.0,295.872,47.0,296.007,7.0,296.073,47.0
1753600034367,07:07:14.367,huobi,AAVE/USDT:USDT,295.885,7.0,295.872,47.0,296.007,7.0,296.073,47.0
1753600034381,07:07:14.381,huobi,AAVE/USDT:USDT,295.885,7.0,295.872,47.0,296.007,7.0,296.073,47.0
1753600034408,07:07:14.408,huobi,AAVE/USDT:USDT,295.885,7.0,295.872,47.0,296.007,7.0,296.073,47.0
1753600034436,07:07:14.436,huobi,AAVE/USDT:USDT,295.885,7.0,295.872,47.0,295.993,7.0,296.006,8.0
1753600034468,07:07:14.468,huobi,AAVE/USDT:USDT,295.885,7.0,295.872,47.0,295.993,7.0,296.008,7.0
1753600034511,07:07:14.511,huobi,AAVE/USDT:USDT,295.885,7.0,295.872,47.0,295.978,7.0,295.992,8.0
1753600034533,07:07:14.533,huobi,AAVE/USDT:USDT,295.885,7.0,295.872,47.0,295.978,7.0,295.993,7.0
1753600034565,07:07:14.565,huobi,AAVE/USDT:USDT,295.885,7.0,295.872,47.0,295.978,7.0,295.993,7.0
1753600034602,07:07:14.602,huobi,AAVE/USDT:USDT,295.885,7.0,295.872,47.0,295.978,7.0,295.993,7.0
1753600034652,07:07:14.652,huobi,AAVE/USDT:USDT,295.885,7.0,295.872,47.0,295.993,7.0,296.008,32.0
1753600034678,07:07:14.678,huobi,AAVE/USDT:USDT,295.885,7.0,295.872,47.0,295.993,7.0,296.008,32.0
1753600034716,07:07:14.716,huobi,AAVE/USDT:USDT,295.885,7.0,295.872,47.0,295.993,7.0,296.008,32.0
1753600034745,07:07:14.745,huobi,AAVE/USDT:USDT,295.885,7.0,295.872,47.0,295.993,7.0,296.008,32.0
1753600034793,07:07:14.793,huobi,AAVE/USDT:USDT,295.885,7.0,295.872,47.0,295.993,7.0,296.008,32.0
1753600034800,07:07:14.800,huobi,AAVE/USDT:USDT,295.885,7.0,295.872,47.0,295.993,7.0,296.008,32.0
1753600034895,07:07:14.895,huobi,AAVE/USDT:USDT,295.885,7.0,295.872,47.0,295.993,7.0,296.008,32.0
1753600034921,07:07:14.921,huobi,AAVE/USDT:USDT,295.885,7.0,295.872,47.0,295.993,7.0,296.008,32.0
1753600035004,07:07:15.004,huobi,AAVE/USDT:USDT,295.885,7.0,295.872,47.0,295.993,7.0,296.008,32.0
1753600035008,07:07:15.008,huobi,AAVE/USDT:USDT,295.885,7.0,295.872,47.0,295.993,7.0,296.008,32.0
1753600035035,07:07:15.035,huobi,AAVE/USDT:USDT,295.885,7.0,295.872,47.0,295.976,7.0,295.99,8.0
1753600035150,07:07:15.150,huobi,AAVE/USDT:USDT,295.885,7.0,295.87,7.0,295.976,7.0,295.99,8.0
1753600035151,07:07:15.151,huobi,AAVE/USDT:USDT,295.87,7.0,295.868,236.0,295.976,7.0,295.99,8.0
1753600035151,07:07:15.151,huobi,AAVE/USDT:USDT,295.87,7.0,295.868,236.0,295.976,7.0,295.99,8.0
1753600035166,07:07:15.166,huobi,AAVE/USDT:USDT,295.87,7.0,295.868,236.0,295.976,7.0,295.99,8.0
1753600035234,07:07:15.234,huobi,AAVE/USDT:USDT,295.87,7.0,295.868,236.0,295.976,7.0,295.99,8.0
1753600035263,07:07:15.263,huobi,AAVE/USDT:USDT,295.87,7.0,295.868,236.0,295.976,7.0,295.99,8.0
1753600035288,07:07:15.288,huobi,AAVE/USDT:USDT,295.87,7.0,295.868,236.0,295.976,7.0,295.99,8.0
1753600035388,07:07:15.388,huobi,AAVE/USDT:USDT,295.87,7.0,295.868,236.0,295.976,7.0,295.99,8.0
1753600035444,07:07:15.444,huobi,AAVE/USDT:USDT,295.87,7.0,295.868,236.0,295.976,7.0,295.99,8.0
1753600035472,07:07:15.472,huobi,AAVE/USDT:USDT,295.87,7.0,295.868,236.0,295.976,7.0,295.99,8.0
1753600035501,07:07:15.501,huobi,AAVE/USDT:USDT,295.87,7.0,295.868,236.0,295.976,7.0,295.99,8.0
1753600035529,07:07:15.529,huobi,AAVE/USDT:USDT,295.87,7.0,295.868,236.0,295.976,7.0,295.99,8.0
1753600035643,07:07:15.643,huobi,AAVE/USDT:USDT,295.87,7.0,295.868,236.0,295.976,7.0,295.99,8.0
1753600035668,07:07:15.668,huobi,AAVE/USDT:USDT,295.87,7.0,295.868,236.0,295.976,7.0,295.99,8.0
1753600035712,07:07:15.712,huobi,AAVE/USDT:USDT,295.87,7.0,295.868,236.0,295.976,7.0,295.99,8.0
1753600035742,07:07:15.742,huobi,AAVE/USDT:USDT,295.87,7.0,295.868,236.0,295.976,7.0,295.99,8.0
1753600035800,07:07:15.800,huobi,AAVE/USDT:USDT,295.87,7.0,295.868,236.0,295.976,7.0,295.99,8.0
1753600035959,07:07:15.959,huobi,AAVE/USDT:USDT,295.87,7.0,295.868,236.0,295.976,7.0,295.99,8.0
1753600036103,07:07:16.103,huobi,AAVE/USDT:USDT,295.87,7.0,295.868,236.0,295.976,7.0,295.99,8.0
1753600036127,07:07:16.127,huobi,AAVE/USDT:USDT,295.87,7.0,295.868,236.0,295.976,7.0,295.99,8.0
1753600036151,07:07:16.151,huobi,AAVE/USDT:USDT,295.87,7.0,295.868,236.0,295.976,7.0,295.99,8.0
1753600036173,07:07:16.173,huobi,AAVE/USDT:USDT,295.87,7.0,295.868,236.0,295.976,7.0,295.99,8.0
1753600036209,07:07:16.209,huobi,AAVE/USDT:USDT,295.87,7.0,295.868,236.0,295.976,7.0,295.99,8.0
1753600036240,07:07:16.240,huobi,AAVE/USDT:USDT,295.87,7.0,295.868,236.0,295.976,7.0,295.99,8.0
1753600036279,07:07:16.279,huobi,AAVE/USDT:USDT,295.87,7.0,295.868,236.0,295.976,7.0,295.99,8.0
1753600036311,07:07:16.311,huobi,AAVE/USDT:USDT,295.87,7.0,295.868,236.0,295.976,7.0,295.99,8.0
1753600036342,07:07:16.342,huobi,AAVE/USDT:USDT,295.87,7.0,295.868,236.0,295.976,7.0,295.99,8.0
1753600036378,07:07:16.378,huobi,AAVE/USDT:USDT,295.87,7.0,295.868,236.0,295.976,7.0,295.99,8.0
1753600036398,07:07:16.398,huobi,AAVE/USDT:USDT,295.87,7.0,295.868,236.0,295.976,7.0,295.99,8.0
1753600036419,07:07:16.419,huobi,AAVE/USDT:USDT,295.87,7.0,295.868,236.0,295.976,7.0,295.99,8.0
1753600036464,07:07:16.464,huobi,AAVE/USDT:USDT,295.87,7.0,295.868,236.0,295.976,7.0,295.99,8.0
1753600036528,07:07:16.528,huobi,AAVE/USDT:USDT,295.87,7.0,295.868,236.0,295.976,7.0,295.99,8.0
1753600036552,07:07:16.552,huobi,AAVE/USDT:USDT,295.87,7.0,295.868,236.0,295.976,7.0,295.99,8.0
1753600036574,07:07:16.574,huobi,AAVE/USDT:USDT,295.87,7.0,295.868,236.0,295.976,7.0,295.99,8.0
1753600036621,07:07:16.621,huobi,AAVE/USDT:USDT,295.87,7.0,295.868,236.0,295.976,7.0,295.99,8.0
1753600036625,07:07:16.625,huobi,AAVE/USDT:USDT,295.87,7.0,295.868,236.0,295.976,7.0,295.99,8.0
1753600036683,07:07:16.683,huobi,AAVE/USDT:USDT,295.87,7.0,295.868,236.0,295.976,7.0,295.99,8.0
1753600036743,07:07:16.743,huobi,AAVE/USDT:USDT,295.87,7.0,295.868,236.0,295.976,7.0,295.99,8.0
1753600036747,07:07:16.747,huobi,AAVE/USDT:USDT,295.87,7.0,295.868,236.0,295.976,7.0,295.99,8.0
1753600036794,07:07:16.794,huobi,AAVE/USDT:USDT,295.87,7.0,295.868,236.0,295.976,7.0,295.99,8.0
1753600036823,07:07:16.823,huobi,AAVE/USDT:USDT,295.87,7.0,295.868,236.0,295.976,7.0,295.99,8.0
1753600036851,07:07:16.851,huobi,AAVE/USDT:USDT,295.87,7.0,295.868,236.0,295.976,7.0,295.99,8.0
1753600036902,07:07:16.902,huobi,AAVE/USDT:USDT,295.87,7.0,295.868,236.0,295.976,7.0,295.99,8.0
1753600036939,07:07:16.939,huobi,AAVE/USDT:USDT,295.87,7.0,295.868,236.0,295.976,7.0,295.99,8.0
1753600037048,07:07:17.048,huobi,AAVE/USDT:USDT,295.87,7.0,295.868,236.0,295.976,7.0,295.99,8.0
1753600037093,07:07:17.093,huobi,AAVE/USDT:USDT,295.87,7.0,295.868,236.0,295.976,7.0,295.99,8.0
1753600037119,07:07:17.119,huobi,AAVE/USDT:USDT,295.87,7.0,295.868,236.0,295.976,7.0,295.99,8.0
1753600037165,07:07:17.165,huobi,AAVE/USDT:USDT,295.87,7.0,295.868,236.0,295.976,7.0,295.99,8.0
1753600037219,07:07:17.219,huobi,AAVE/USDT:USDT,295.87,7.0,295.868,236.0,295.976,7.0,295.99,8.0
1753600037498,07:07:17.498,huobi,AAVE/USDT:USDT,295.87,7.0,295.868,236.0,295.976,7.0,295.99,8.0
1753600037529,07:07:17.529,huobi,AAVE/USDT:USDT,295.87,7.0,295.868,236.0,295.976,7.0,295.99,8.0
1753600037618,07:07:17.618,huobi,AAVE/USDT:USDT,295.87,7.0,295.868,236.0,295.976,7.0,295.99,8.0
1753600037678,07:07:17.678,huobi,AAVE/USDT:USDT,295.87,7.0,295.868,236.0,295.976,7.0,295.99,8.0
1753600037717,07:07:17.717,huobi,AAVE/USDT:USDT,295.87,7.0,295.868,236.0,295.976,7.0,295.99,8.0
1753600037781,07:07:17.781,huobi,AAVE/USDT:USDT,295.87,7.0,295.868,236.0,295.976,7.0,295.99,8.0
1753600037813,07:07:17.813,huobi,AAVE/USDT:USDT,295.87,7.0,295.868,236.0,295.976,7.0,295.99,8.0
1753600037832,07:07:17.832,huobi,AAVE/USDT:USDT,295.87,7.0,295.868,236.0,295.976,7.0,295.99,8.0
1753600037867,07:07:17.867,huobi,AAVE/USDT:USDT,295.87,7.0,295.868,236.0,295.976,7.0,295.99,8.0
1753600037899,07:07:17.899,huobi,AAVE/USDT:USDT,295.87,7.0,295.868,236.0,295.976,7.0,295.99,8.0
1753600037922,07:07:17.922,huobi,AAVE/USDT:USDT,295.87,7.0,295.868,236.0,295.976,7.0,295.99,8.0
1753600037948,07:07:17.948,huobi,AAVE/USDT:USDT,295.87,7.0,295.868,236.0,295.976,7.0,295.99,8.0
1753600038119,07:07:18.119,huobi,AAVE/USDT:USDT,295.87,7.0,295.868,236.0,295.976,7.0,295.99,8.0
1753600038186,07:07:18.186,huobi,AAVE/USDT:USDT,295.87,7.0,295.868,236.0,295.976,7.0,295.99,8.0
1753600038288,07:07:18.288,huobi,AAVE/USDT:USDT,295.87,7.0,295.868,236.0,295.976,7.0,295.99,8.0
1753600038316,07:07:18.316,huobi,AAVE/USDT:USDT,295.87,7.0,295.868,236.0,295.976,7.0,295.99,8.0
1753600038344,07:07:18.344,huobi,AAVE/USDT:USDT,295.87,7.0,295.868,236.0,295.976,7.0,295.99,8.0
1753600038389,07:07:18.389,huobi,AAVE/USDT:USDT,295.87,7.0,295.868,236.0,295.976,7.0,295.99,8.0
1753600038510,07:07:18.510,huobi,AAVE/USDT:USDT,295.87,7.0,295.868,236.0,295.976,7.0,295.99,8.0
1753600038532,07:07:18.532,huobi,AAVE/USDT:USDT,295.87,7.0,295.868,236.0,295.976,7.0,295.99,8.0
1753600038843,07:07:18.843,huobi,AAVE/USDT:USDT,295.87,7.0,295.868,236.0,295.976,7.0,295.99,8.0
1753600038874,07:07:18.874,huobi,AAVE/USDT:USDT,295.87,7.0,295.868,236.0,295.976,7.0,295.99,8.0
1753600038875,07:07:18.875,huobi,AAVE/USDT:USDT,295.87,7.0,295.868,236.0,295.976,7.0,295.99,8.0
1753600038921,07:07:18.921,huobi,AAVE/USDT:USDT,295.87,7.0,295.868,236.0,295.976,7.0,295.99,8.0
1753600038960,07:07:18.960,huobi,AAVE/USDT:USDT,295.87,7.0,295.868,236.0,295.976,7.0,295.99,8.0
1753600038970,07:07:18.970,huobi,AAVE/USDT:USDT,295.87,7.0,295.868,236.0,295.976,7.0,295.99,8.0
1753600039161,07:07:19.161,huobi,AAVE/USDT:USDT,295.87,7.0,295.868,236.0,295.976,7.0,295.99,8.0
1753600039177,07:07:19.177,huobi,AAVE/USDT:USDT,295.87,7.0,295.868,236.0,295.976,7.0,295.99,8.0
1753600039203,07:07:19.203,huobi,AAVE/USDT:USDT,295.87,7.0,295.868,236.0,295.976,7.0,295.99,8.0
1753600039239,07:07:19.239,huobi,AAVE/USDT:USDT,295.87,7.0,295.868,236.0,295.976,7.0,295.99,8.0
1753600039275,07:07:19.275,huobi,AAVE/USDT:USDT,295.87,7.0,295.868,236.0,295.976,7.0,295.99,8.0
1753600039361,07:07:19.361,huobi,AAVE/USDT:USDT,295.87,7.0,295.868,236.0,295.976,7.0,295.99,8.0
1753600039419,07:07:19.419,huobi,AAVE/USDT:USDT,295.87,7.0,295.868,236.0,295.976,7.0,295.99,8.0
1753600039452,07:07:19.452,huobi,AAVE/USDT:USDT,295.87,7.0,295.868,236.0,295.976,7.0,295.99,8.0
1753600039482,07:07:19.482,huobi,AAVE/USDT:USDT,295.87,7.0,295.868,236.0,295.976,7.0,295.99,8.0
1753600039512,07:07:19.512,huobi,AAVE/USDT:USDT,295.87,7.0,295.868,236.0,295.976,7.0,295.99,8.0
1753600039860,07:07:19.860,huobi,AAVE/USDT:USDT,295.87,7.0,295.868,236.0,295.976,7.0,295.99,8.0
1753600039962,07:07:19.962,huobi,AAVE/USDT:USDT,295.87,7.0,295.868,236.0,295.976,7.0,295.99,8.0
1753600040159,07:07:20.159,huobi,AAVE/USDT:USDT,295.87,7.0,295.868,236.0,295.976,7.0,295.99,8.0
1753600040223,07:07:20.223,huobi,AAVE/USDT:USDT,295.87,7.0,295.868,236.0,295.976,7.0,295.99,8.0
1753600040224,07:07:20.224,huobi,AAVE/USDT:USDT,295.87,7.0,295.868,236.0,295.976,7.0,295.99,8.0
1753600040301,07:07:20.301,huobi,AAVE/USDT:USDT,295.87,7.0,295.868,236.0,295.976,7.0,295.99,8.0
1753600040358,07:07:20.358,huobi,AAVE/USDT:USDT,295.87,7.0,295.868,236.0,295.976,7.0,295.99,8.0
1753600040693,07:07:20.693,huobi,AAVE/USDT:USDT,295.87,7.0,295.868,236.0,295.976,7.0,295.99,8.0
1753600040725,07:07:20.725,huobi,AAVE/USDT:USDT,295.87,7.0,295.868,236.0,295.976,7.0,295.99,8.0
1753600040742,07:07:20.742,huobi,AAVE/USDT:USDT,295.87,7.0,295.868,236.0,295.976,7.0,295.99,8.0
1753600040778,07:07:20.778,huobi,AAVE/USDT:USDT,295.87,7.0,295.868,236.0,295.976,7.0,295.99,8.0
1753600040866,07:07:20.866,huobi,AAVE/USDT:USDT,295.87,7.0,295.868,236.0,295.976,7.0,295.99,8.0
1753600041078,07:07:21.078,huobi,AAVE/USDT:USDT,295.87,7.0,295.868,236.0,295.976,7.0,295.99,8.0
1753600041208,07:07:21.208,huobi,AAVE/USDT:USDT,295.87,7.0,295.868,236.0,295.976,7.0,295.99,8.0
1753600041292,07:07:21.292,huobi,AAVE/USDT:USDT,295.87,7.0,295.868,236.0,295.976,7.0,295.99,8.0
1753600041330,07:07:21.330,huobi,AAVE/USDT:USDT,295.87,7.0,295.868,236.0,295.976,7.0,295.99,8.0
1753600041338,07:07:21.338,huobi,AAVE/USDT:USDT,295.87,7.0,295.868,236.0,295.976,7.0,295.99,8.0
1753600041381,07:07:21.381,huobi,AAVE/USDT:USDT,295.87,7.0,295.868,236.0,295.976,7.0,295.99,8.0
1753600041393,07:07:21.393,huobi,AAVE/USDT:USDT,295.87,7.0,295.868,236.0,295.976,7.0,295.99,8.0
1753600041451,07:07:21.451,huobi,AAVE/USDT:USDT,295.87,7.0,295.868,236.0,295.976,7.0,295.99,8.0
1753600041481,07:07:21.481,huobi,AAVE/USDT:USDT,295.87,7.0,295.868,236.0,295.976,7.0,295.99,8.0
1753600041532,07:07:21.532,huobi,AAVE/USDT:USDT,295.87,7.0,295.868,236.0,295.976,7.0,295.99,8.0
1753600041574,07:07:21.574,huobi,AAVE/USDT:USDT,295.87,7.0,295.868,236.0,295.976,7.0,295.99,8.0
1753600041577,07:07:21.577,huobi,AAVE/USDT:USDT,295.87,7.0,295.868,236.0,295.976,7.0,295.99,8.0
1753600041611,07:07:21.611,huobi,AAVE/USDT:USDT,295.87,7.0,295.868,236.0,295.976,7.0,295.99,8.0
1753600041721,07:07:21.721,huobi,AAVE/USDT:USDT,295.87,7.0,295.868,236.0,295.976,7.0,295.99,8.0
1753600041742,07:07:21.742,huobi,AAVE/USDT:USDT,295.87,7.0,295.868,236.0,295.976,7.0,295.99,8.0
1753600041808,07:07:21.808,huobi,AAVE/USDT:USDT,295.87,7.0,295.868,236.0,295.976,7.0,295.99,8.0
1753600041840,07:07:21.840,huobi,AAVE/USDT:USDT,295.87,7.0,295.868,236.0,295.976,7.0,295.99,8.0
1753600042113,07:07:22.113,huobi,AAVE/USDT:USDT,295.87,7.0,295.868,236.0,295.976,7.0,295.99,8.0
1753600042113,07:07:22.113,huobi,AAVE/USDT:USDT,295.87,7.0,295.868,236.0,295.976,7.0,295.99,8.0
1753600042191,07:07:22.191,huobi,AAVE/USDT:USDT,295.87,7.0,295.868,236.0,295.976,7.0,295.99,8.0
1753600042266,07:07:22.266,huobi,AAVE/USDT:USDT,295.87,7.0,295.868,236.0,295.976,7.0,295.99,8.0
1753600042310,07:07:22.310,huobi,AAVE/USDT:USDT,295.87,7.0,295.868,236.0,295.976,7.0,295.99,8.0
1753600042329,07:07:22.329,huobi,AAVE/USDT:USDT,295.87,7.0,295.868,236.0,295.976,7.0,295.99,8.0
1753600042362,07:07:22.362,huobi,AAVE/USDT:USDT,295.87,7.0,295.868,236.0,295.976,7.0,295.99,8.0
1753600042419,07:07:22.419,huobi,AAVE/USDT:USDT,295.87,7.0,295.868,236.0,295.976,7.0,295.99,8.0
1753600042488,07:07:22.488,huobi,AAVE/USDT:USDT,295.87,7.0,295.868,236.0,295.976,7.0,295.99,8.0
1753600042562,07:07:22.562,huobi,AAVE/USDT:USDT,295.87,7.0,295.868,236.0,295.976,7.0,295.99,8.0
1753600042565,07:07:22.565,huobi,AAVE/USDT:USDT,295.87,7.0,295.868,236.0,295.976,7.0,295.99,8.0
1753600042837,07:07:22.837,huobi,AAVE/USDT:USDT,295.87,7.0,295.868,236.0,295.976,7.0,295.99,8.0
1753600042892,07:07:22.892,huobi,AAVE/USDT:USDT,295.87,7.0,295.868,236.0,295.976,7.0,295.99,8.0
1753600042892,07:07:22.892,huobi,AAVE/USDT:USDT,295.87,7.0,295.868,236.0,295.976,7.0,295.99,8.0
1753600042990,07:07:22.990,huobi,AAVE/USDT:USDT,295.87,7.0,295.868,236.0,295.976,7.0,295.99,8.0
1753600043035,07:07:23.035,huobi,AAVE/USDT:USDT,295.87,7.0,295.868,236.0,295.976,7.0,295.99,8.0
1753600043049,07:07:23.049,huobi,AAVE/USDT:USDT,295.87,7.0,295.868,236.0,295.976,7.0,295.99,8.0
1753600043084,07:07:23.084,huobi,AAVE/USDT:USDT,295.87,7.0,295.868,236.0,295.976,7.0,295.99,8.0
1753600043104,07:07:23.104,huobi,AAVE/USDT:USDT,295.87,7.0,295.868,236.0,295.976,7.0,295.99,8.0
1753600043138,07:07:23.138,huobi,AAVE/USDT:USDT,295.87,7.0,295.868,236.0,295.976,7.0,295.99,8.0
1753600043173,07:07:23.173,huobi,AAVE/USDT:USDT,295.87,7.0,295.868,236.0,295.976,7.0,295.99,8.0
1753600043199,07:07:23.199,huobi,AAVE/USDT:USDT,295.87,7.0,295.868,236.0,295.976,7.0,295.99,8.0
1753600043230,07:07:23.230,huobi,AAVE/USDT:USDT,295.87,7.0,295.868,236.0,295.976,7.0,295.99,8.0
1753600043314,07:07:23.314,huobi,AAVE/USDT:USDT,295.87,7.0,295.868,236.0,295.976,7.0,295.99,8.0
1753600043323,07:07:23.323,huobi,AAVE/USDT:USDT,295.87,7.0,295.868,236.0,295.976,7.0,295.99,8.0
1753600043400,07:07:23.400,huobi,AAVE/USDT:USDT,295.87,7.0,295.868,236.0,295.976,7.0,295.99,8.0
1753600043436,07:07:23.436,huobi,AAVE/USDT:USDT,295.87,7.0,295.868,236.0,295.976,7.0,295.993,7.0
1753600043477,07:07:23.477,huobi,AAVE/USDT:USDT,295.87,7.0,295.868,236.0,295.96,8.0,295.974,8.0
1753600043505,07:07:23.505,huobi,AAVE/USDT:USDT,295.87,7.0,295.868,236.0,295.96,8.0,295.974,8.0
1753600043538,07:07:23.538,huobi,AAVE/USDT:USDT,295.87,7.0,295.868,236.0,295.96,8.0,295.974,8.0
1753600043554,07:07:23.554,huobi,AAVE/USDT:USDT,295.87,7.0,295.868,236.0,295.96,8.0,295.974,8.0
1753600043599,07:07:23.599,huobi,AAVE/USDT:USDT,295.87,7.0,295.868,236.0,295.945,8.0,295.959,8.0
1753600043616,07:07:23.616,huobi,AAVE/USDT:USDT,295.87,7.0,295.868,236.0,295.945,8.0,295.959,8.0
1753600043663,07:07:23.663,huobi,AAVE/USDT:USDT,295.87,7.0,295.868,236.0,295.945,8.0,295.959,8.0
1753600043695,07:07:23.695,huobi,AAVE/USDT:USDT,295.87,7.0,295.868,236.0,295.945,8.0,295.959,8.0
1753600043740,07:07:23.740,huobi,AAVE/USDT:USDT,295.87,7.0,295.868,236.0,295.945,8.0,295.96,8.0
1753600043908,07:07:23.908,huobi,AAVE/USDT:USDT,295.87,7.0,295.868,236.0,295.93,8.0,295.944,8.0
1753600043995,07:07:23.995,huobi,AAVE/USDT:USDT,295.87,7.0,295.868,236.0,295.93,8.0,295.944,8.0
1753600044034,07:07:24.034,huobi,AAVE/USDT:USDT,295.87,7.0,295.868,236.0,295.93,8.0,295.944,8.0
1753600044052,07:07:24.052,huobi,AAVE/USDT:USDT,295.87,7.0,295.868,236.0,295.93,8.0,295.944,8.0
1753600044090,07:07:24.090,huobi,AAVE/USDT:USDT,295.87,7.0,295.868,236.0,295.93,8.0,295.944,8.0
1753600044167,07:07:24.167,huobi,AAVE/USDT:USDT,295.87,7.0,295.868,236.0,295.93,8.0,295.944,8.0
1753600044167,07:07:24.167,huobi,AAVE/USDT:USDT,295.87,7.0,295.868,236.0,295.93,8.0,295.944,8.0
1753600044194,07:07:24.194,huobi,AAVE/USDT:USDT,295.87,7.0,295.868,236.0,295.93,8.0,295.944,8.0
1753600044288,07:07:24.288,huobi,AAVE/USDT:USDT,295.87,7.0,295.868,236.0,295.93,8.0,295.944,8.0
1753600044339,07:07:24.339,huobi,AAVE/USDT:USDT,295.87,7.0,295.868,236.0,295.93,8.0,295.944,8.0
1753600044517,07:07:24.517,huobi,AAVE/USDT:USDT,295.87,7.0,295.868,236.0,295.93,8.0,295.944,8.0
1753600044665,07:07:24.665,huobi,AAVE/USDT:USDT,295.87,7.0,295.868,236.0,295.93,8.0,295.944,8.0
1753600044713,07:07:24.713,huobi,AAVE/USDT:USDT,295.87,7.0,295.868,236.0,295.93,8.0,295.944,8.0
1753600044777,07:07:24.777,huobi,AAVE/USDT:USDT,295.87,7.0,295.868,236.0,295.93,8.0,295.944,8.0
1753600044801,07:07:24.801,huobi,AAVE/USDT:USDT,295.87,7.0,295.868,236.0,295.93,8.0,295.944,8.0
1753600044877,07:07:24.877,huobi,AAVE/USDT:USDT,295.87,7.0,295.868,236.0,295.93,8.0,295.944,8.0
1753600045111,07:07:25.111,huobi,AAVE/USDT:USDT,295.87,7.0,295.868,236.0,295.93,8.0,295.944,8.0
1753600045209,07:07:25.209,huobi,AAVE/USDT:USDT,295.87,7.0,295.868,236.0,295.93,8.0,295.944,8.0
