timestamp,time,exchange,symbol,bid1_price,bid1_volume,bid2_price,bid2_volume,ask1_price,ask1_volume,ask2_price,ask2_volume
1753599991504,07:06:31.504,phemex,A/USDT:USDT,0.5826,397.0,0.5825,184.0,0.5827,420.0,0.5828,584.0
1753599993808,07:06:33.808,phemex,A/USDT:USDT,0.5826,397.0,0.5825,184.0,0.5827,420.0,0.5828,584.0
1753599993833,07:06:33.833,phemex,A/USDT:USDT,0.5826,397.0,0.5825,184.0,0.5827,420.0,0.5828,584.0
1753599994075,07:06:34.075,phemex,A/USDT:USDT,0.5826,397.0,0.5825,397.0,0.5827,420.0,0.5828,584.0
1753599994245,07:06:34.245,phemex,A/USDT:USDT,0.5826,397.0,0.5825,397.0,0.5827,420.0,0.5828,584.0
1753599995021,07:06:35.021,phemex,A/USDT:USDT,0.5825,397.0,0.5824,2339.0,0.5827,420.0,0.5828,584.0
1753599995034,07:06:35.034,phemex,A/USDT:USDT,0.5825,397.0,0.5824,2339.0,0.5827,420.0,0.5828,584.0
1753599997658,07:06:37.658,phemex,A/USDT:USDT,0.5825,397.0,0.5824,2339.0,0.5828,584.0,0.5829,1353.0
1753599997673,07:06:37.673,phemex,A/USDT:USDT,0.5825,397.0,0.5824,2339.0,0.5827,218.0,0.5828,584.0
1753599997837,07:06:37.837,phemex,A/USDT:USDT,0.5825,397.0,0.5824,2339.0,0.5827,218.0,0.5828,584.0
1753599997853,07:06:37.853,phemex,A/USDT:USDT,0.5825,397.0,0.5824,2339.0,0.5827,218.0,0.5828,584.0
1753599999047,07:06:39.047,phemex,A/USDT:USDT,0.5825,397.0,0.5824,2339.0,0.5827,218.0,0.5828,584.0
1753600000436,07:06:40.436,phemex,A/USDT:USDT,0.5826,218.0,0.5825,397.0,0.5827,218.0,0.5828,584.0
1753600000495,07:06:40.495,phemex,A/USDT:USDT,0.5826,412.0,0.5825,802.0,0.5827,218.0,0.5828,584.0
1753600000542,07:06:40.542,phemex,A/USDT:USDT,0.5826,412.0,0.5825,802.0,0.5828,584.0,0.5829,213.0
1753600000702,07:06:40.702,phemex,A/USDT:USDT,0.5826,218.0,0.5825,450.0,0.5828,584.0,0.5829,213.0
1753600000770,07:06:40.770,phemex,A/USDT:USDT,0.5826,218.0,0.5825,237.0,0.5828,584.0,0.5829,213.0
1753600000790,07:06:40.790,phemex,A/USDT:USDT,0.5825,237.0,0.5824,217.0,0.5828,584.0,0.5829,213.0
1753600000825,07:06:40.825,phemex,A/USDT:USDT,0.5825,237.0,0.5823,1887.0,0.5827,218.0,0.5828,584.0
1753600000885,07:06:40.885,phemex,A/USDT:USDT,0.5825,237.0,0.5823,1887.0,0.5827,218.0,0.5828,584.0
1753600000900,07:06:40.900,phemex,A/USDT:USDT,0.5825,237.0,0.5823,1887.0,0.5827,218.0,0.5828,584.0
1753600000934,07:06:40.934,phemex,A/USDT:USDT,0.5825,237.0,0.5823,1887.0,0.5827,218.0,0.5828,584.0
1753600000957,07:06:40.957,phemex,A/USDT:USDT,0.5825,237.0,0.5823,1887.0,0.5827,218.0,0.5828,584.0
1753600001116,07:06:41.116,phemex,A/USDT:USDT,0.5825,237.0,0.5823,1887.0,0.5827,218.0,0.5828,584.0
1753600001140,07:06:41.140,phemex,A/USDT:USDT,0.5825,237.0,0.5823,1887.0,0.5827,218.0,0.5828,584.0
1753600001417,07:06:41.417,phemex,A/USDT:USDT,0.5824,221.0,0.5823,229.0,0.5827,218.0,0.5828,584.0
1753600001578,07:06:41.578,phemex,A/USDT:USDT,0.5824,221.0,0.5823,447.0,0.5827,218.0,0.5828,584.0
1753600002305,07:06:42.305,phemex,A/USDT:USDT,0.5824,221.0,0.5823,447.0,0.5827,218.0,0.5828,584.0
1753600003847,07:06:43.847,phemex,A/USDT:USDT,0.5824,221.0,0.5823,447.0,0.5827,218.0,0.5828,584.0
1753600003890,07:06:43.890,phemex,A/USDT:USDT,0.5824,221.0,0.5823,447.0,0.5827,218.0,0.5828,584.0
1753600004131,07:06:44.131,phemex,A/USDT:USDT,0.5824,221.0,0.5823,229.0,0.5827,218.0,0.5828,584.0
1753600004557,07:06:44.557,phemex,A/USDT:USDT,0.5823,229.0,0.5822,1793.0,0.5827,218.0,0.5828,584.0
1753600004598,07:06:44.598,phemex,A/USDT:USDT,0.5823,229.0,0.5822,1793.0,0.5827,218.0,0.5828,584.0
1753600004836,07:06:44.836,phemex,A/USDT:USDT,0.5823,447.0,0.5822,1793.0,0.5827,218.0,0.5828,584.0
1753600005746,07:06:45.746,phemex,A/USDT:USDT,0.5823,447.0,0.5822,1793.0,0.5825,647.0,0.5826,162.0
1753600005771,07:06:45.771,phemex,A/USDT:USDT,0.5823,447.0,0.5822,1793.0,0.5825,647.0,0.5826,162.0
1753600005798,07:06:45.798,phemex,A/USDT:USDT,0.5823,447.0,0.5822,1793.0,0.5824,218.0,0.5825,647.0
1753600005819,07:06:45.819,phemex,A/USDT:USDT,0.5823,229.0,0.5822,1793.0,0.5824,218.0,0.5825,647.0
1753600005888,07:06:45.888,phemex,A/USDT:USDT,0.5823,465.0,0.5822,218.0,0.5824,218.0,0.5825,647.0
1753600006302,07:06:46.302,phemex,A/USDT:USDT,0.5823,465.0,0.5821,1550.0,0.5824,218.0,0.5825,647.0
1753600006345,07:06:46.345,phemex,A/USDT:USDT,0.582,244.0,0.5819,1796.0,0.5824,218.0,0.5825,647.0
1753600006369,07:06:46.369,phemex,A/USDT:USDT,0.582,244.0,0.5819,1169.0,0.5824,218.0,0.5825,647.0
1753600006448,07:06:46.448,phemex,A/USDT:USDT,0.582,244.0,0.5819,549.0,0.5824,218.0,0.5825,647.0
1753600006448,07:06:46.448,phemex,A/USDT:USDT,0.582,244.0,0.5819,161.0,0.5824,218.0,0.5825,647.0
1753600006579,07:06:46.579,phemex,A/USDT:USDT,0.582,244.0,0.5819,161.0,0.5824,218.0,0.5825,647.0
1753600007641,07:06:47.641,phemex,A/USDT:USDT,0.582,244.0,0.5819,161.0,0.5824,218.0,0.5825,647.0
1753600007687,07:06:47.687,phemex,A/USDT:USDT,0.582,244.0,0.5819,161.0,0.5824,218.0,0.5825,647.0
1753600007825,07:06:47.825,phemex,A/USDT:USDT,0.582,244.0,0.5819,383.0,0.5824,218.0,0.5825,647.0
1753600008638,07:06:48.638,phemex,A/USDT:USDT,0.582,244.0,0.5819,383.0,0.5824,218.0,0.5825,647.0
1753600008646,07:06:48.646,phemex,A/USDT:USDT,0.582,244.0,0.5819,383.0,0.5824,218.0,0.5825,647.0
1753600008911,07:06:48.911,phemex,A/USDT:USDT,0.582,244.0,0.5819,161.0,0.5824,218.0,0.5825,647.0
1753600009839,07:06:49.839,phemex,A/USDT:USDT,0.582,244.0,0.5819,161.0,0.5824,218.0,0.5825,647.0
1753600009844,07:06:49.844,phemex,A/USDT:USDT,0.582,244.0,0.5819,161.0,0.5824,218.0,0.5825,647.0
1753600009902,07:06:49.902,phemex,A/USDT:USDT,0.582,244.0,0.5819,161.0,0.5824,218.0,0.5825,647.0
1753600011425,07:06:51.425,phemex,A/USDT:USDT,0.5819,161.0,0.5818,1376.0,0.5824,218.0,0.5825,647.0
1753600012489,07:06:52.489,phemex,A/USDT:USDT,0.582,382.0,0.5819,301.0,0.5821,738.0,0.5822,156.0
1753600012497,07:06:52.497,phemex,A/USDT:USDT,0.582,382.0,0.5819,301.0,0.5821,738.0,0.5822,156.0
1753600012511,07:06:52.511,phemex,A/USDT:USDT,0.582,382.0,0.5819,301.0,0.5821,738.0,0.5822,378.0
1753600012914,07:06:52.914,phemex,A/USDT:USDT,0.5816,1600.0,0.5815,824.0,0.5821,738.0,0.5822,378.0
1753600012937,07:06:52.937,phemex,A/USDT:USDT,0.5816,1600.0,0.5815,824.0,0.582,222.0,0.5821,738.0
1753600012953,07:06:52.953,phemex,A/USDT:USDT,0.5816,1600.0,0.5815,824.0,0.582,222.0,0.5821,738.0
1753600012962,07:06:52.962,phemex,A/USDT:USDT,0.5817,172.0,0.5816,253.0,0.582,222.0,0.5821,738.0
1753600013014,07:06:53.014,phemex,A/USDT:USDT,0.5816,652.0,0.5815,216.0,0.582,222.0,0.5821,738.0
1753600013125,07:06:53.125,phemex,A/USDT:USDT,0.5816,652.0,0.5815,216.0,0.582,222.0,0.5821,738.0
1753600013151,07:06:53.151,phemex,A/USDT:USDT,0.5816,652.0,0.5815,216.0,0.582,222.0,0.5821,738.0
1753600013447,07:06:53.447,phemex,A/USDT:USDT,0.5816,652.0,0.5815,216.0,0.582,222.0,0.5821,738.0
1753600014740,07:06:54.740,phemex,A/USDT:USDT,0.5816,652.0,0.5815,216.0,0.582,222.0,0.5821,738.0
1753600014992,07:06:54.992,phemex,A/USDT:USDT,0.5816,652.0,0.5815,216.0,0.582,222.0,0.5821,738.0
1753600015548,07:06:55.548,phemex,A/USDT:USDT,0.5815,216.0,0.5814,1038.0,0.582,222.0,0.5821,738.0
1753600015596,07:06:55.596,phemex,A/USDT:USDT,0.5815,216.0,0.5814,1038.0,0.582,222.0,0.5821,738.0
1753600015720,07:06:55.720,phemex,A/USDT:USDT,0.5815,216.0,0.5814,1038.0,0.582,222.0,0.5821,738.0
1753600015754,07:06:55.754,phemex,A/USDT:USDT,0.5815,216.0,0.5814,1038.0,0.582,222.0,0.5821,738.0
1753600016293,07:06:56.293,phemex,A/USDT:USDT,0.5814,1038.0,0.5813,603.0,0.582,222.0,0.5821,738.0
1753600016346,07:06:56.346,phemex,A/USDT:USDT,0.5814,1038.0,0.5813,603.0,0.582,222.0,0.5821,738.0
1753600016479,07:06:56.479,phemex,A/USDT:USDT,0.5814,1038.0,0.5813,603.0,0.582,222.0,0.5821,738.0
1753600017493,07:06:57.493,phemex,A/USDT:USDT,0.5814,1038.0,0.5813,603.0,0.5817,414.0,0.5818,366.0
1753600017527,07:06:57.527,phemex,A/USDT:USDT,0.5814,1038.0,0.5813,603.0,0.5816,216.0,0.5817,414.0
1753600017539,07:06:57.539,phemex,A/USDT:USDT,0.5814,1038.0,0.5813,603.0,0.5816,216.0,0.5817,630.0
1753600017731,07:06:57.731,phemex,A/USDT:USDT,0.5814,607.0,0.5813,1818.0,0.5816,216.0,0.5817,630.0
1753600018245,07:06:58.245,phemex,A/USDT:USDT,0.5814,607.0,0.5813,1818.0,0.5816,216.0,0.5817,630.0
1753600018494,07:06:58.494,phemex,A/USDT:USDT,0.5814,607.0,0.5813,1818.0,0.5816,216.0,0.5817,630.0
1753600018515,07:06:58.515,phemex,A/USDT:USDT,0.5814,607.0,0.5813,1818.0,0.5816,216.0,0.5817,630.0
1753600019632,07:06:59.632,phemex,A/USDT:USDT,0.5814,607.0,0.5813,1818.0,0.5816,216.0,0.5817,630.0
1753600019633,07:06:59.633,phemex,A/USDT:USDT,0.5814,607.0,0.5813,1818.0,0.5816,216.0,0.5817,630.0
1753600019694,07:06:59.694,phemex,A/USDT:USDT,0.5815,216.0,0.5814,607.0,0.5816,216.0,0.5817,630.0
1753600019730,07:06:59.730,phemex,A/USDT:USDT,0.5815,216.0,0.5814,607.0,0.5817,630.0,0.5818,582.0
1753600019773,07:06:59.773,phemex,A/USDT:USDT,0.5815,216.0,0.5814,607.0,0.5817,630.0,0.5818,582.0
1753600020312,07:07:00.312,phemex,A/USDT:USDT,0.5815,216.0,0.5814,607.0,0.5817,216.0,0.5818,582.0
1753600020829,07:07:00.829,phemex,A/USDT:USDT,0.5814,607.0,0.5813,1818.0,0.5817,216.0,0.5818,582.0
1753600020853,07:07:00.853,phemex,A/USDT:USDT,0.5814,607.0,0.5813,1818.0,0.5817,216.0,0.5818,582.0
1753600021237,07:07:01.237,phemex,A/USDT:USDT,0.5814,607.0,0.5813,1818.0,0.5817,216.0,0.5818,582.0
1753600021359,07:07:01.359,phemex,A/USDT:USDT,0.5815,216.0,0.5814,607.0,0.5817,216.0,0.5818,582.0
1753600022158,07:07:02.158,phemex,A/USDT:USDT,0.5814,607.0,0.5813,1818.0,0.5817,216.0,0.5818,582.0
1753600022192,07:07:02.192,phemex,A/USDT:USDT,0.5814,607.0,0.5813,1818.0,0.5817,216.0,0.5818,582.0
1753600022867,07:07:02.867,phemex,A/USDT:USDT,0.5816,223.0,0.5815,501.0,0.5817,417.0,0.5818,828.0
1753600022893,07:07:02.893,phemex,A/USDT:USDT,0.5816,223.0,0.5815,501.0,0.5817,417.0,0.5818,828.0
1753600022895,07:07:02.895,phemex,A/USDT:USDT,0.5816,223.0,0.5815,501.0,0.5817,417.0,0.5818,828.0
1753600022924,07:07:02.924,phemex,A/USDT:USDT,0.5816,223.0,0.5815,501.0,0.5817,417.0,0.5818,828.0
1753600022957,07:07:02.957,phemex,A/USDT:USDT,0.5816,223.0,0.5815,501.0,0.5817,417.0,0.5818,828.0
1753600024018,07:07:04.018,phemex,A/USDT:USDT,0.5816,223.0,0.5815,501.0,0.5817,417.0,0.5818,828.0
1753600024060,07:07:04.060,phemex,A/USDT:USDT,0.5816,223.0,0.5815,501.0,0.5817,417.0,0.5818,828.0
1753600026830,07:07:06.830,phemex,A/USDT:USDT,0.5815,501.0,0.5814,1384.0,0.5817,417.0,0.5818,828.0
1753600026883,07:07:06.883,phemex,A/USDT:USDT,0.5815,501.0,0.5814,1384.0,0.5816,212.0,0.5817,417.0
1753600027101,07:07:07.101,phemex,A/USDT:USDT,0.5815,171.0,0.5814,214.0,0.5816,212.0,0.5817,417.0
1753600027129,07:07:07.129,phemex,A/USDT:USDT,0.5815,171.0,0.5814,214.0,0.5816,212.0,0.5817,417.0
1753600027852,07:07:07.852,phemex,A/USDT:USDT,0.5815,171.0,0.5814,214.0,0.5816,212.0,0.5817,417.0
1753600027878,07:07:07.878,phemex,A/USDT:USDT,0.5815,171.0,0.5814,214.0,0.5816,212.0,0.5817,417.0
1753600027898,07:07:07.898,phemex,A/USDT:USDT,0.5815,171.0,0.5814,214.0,0.5816,212.0,0.5817,417.0
1753600033745,07:07:13.745,phemex,A/USDT:USDT,0.5815,171.0,0.5814,214.0,0.5816,212.0,0.5817,417.0
1753600034045,07:07:14.045,phemex,A/USDT:USDT,0.5815,386.0,0.5814,159.0,0.5816,212.0,0.5817,940.0
1753600034101,07:07:14.101,phemex,A/USDT:USDT,0.5815,386.0,0.5814,159.0,0.5816,212.0,0.5817,940.0
1753600034162,07:07:14.162,phemex,A/USDT:USDT,0.5815,386.0,0.5814,371.0,0.5816,212.0,0.5817,940.0
1753600034340,07:07:14.340,phemex,A/USDT:USDT,0.5814,449.0,0.5813,212.0,0.5816,212.0,0.5817,940.0
1753600034373,07:07:14.373,phemex,A/USDT:USDT,0.5814,237.0,0.5813,212.0,0.5816,212.0,0.5817,940.0
1753600034396,07:07:14.396,phemex,A/USDT:USDT,0.5814,237.0,0.5812,1259.0,0.5816,212.0,0.5817,940.0
1753600034450,07:07:14.450,phemex,A/USDT:USDT,0.5814,237.0,0.5812,1259.0,0.5816,212.0,0.5817,940.0
1753600036416,07:07:16.416,phemex,A/USDT:USDT,0.5812,1259.0,0.5811,2211.0,0.5816,212.0,0.5817,940.0
1753600036425,07:07:16.425,phemex,A/USDT:USDT,0.5812,1259.0,0.5811,2211.0,0.5816,212.0,0.5817,940.0
1753600036586,07:07:16.586,phemex,A/USDT:USDT,0.5813,212.0,0.5812,1259.0,0.5816,212.0,0.5817,940.0
1753600036624,07:07:16.624,phemex,A/USDT:USDT,0.5812,1259.0,0.5811,2211.0,0.5816,212.0,0.5817,940.0
1753600036649,07:07:16.649,phemex,A/USDT:USDT,0.5812,1259.0,0.5811,2211.0,0.5816,212.0,0.5817,940.0
1753600037438,07:07:17.438,phemex,A/USDT:USDT,0.5812,1259.0,0.5811,2211.0,0.5816,212.0,0.5817,940.0
1753600037447,07:07:17.447,phemex,A/USDT:USDT,0.5812,1259.0,0.5811,2211.0,0.5816,212.0,0.5817,940.0
1753600037447,07:07:17.447,phemex,A/USDT:USDT,0.5812,1259.0,0.5811,2211.0,0.5816,212.0,0.5817,940.0
1753600039836,07:07:19.836,phemex,A/USDT:USDT,0.5812,1259.0,0.5811,2211.0,0.5816,212.0,0.5817,940.0
1753600039841,07:07:19.841,phemex,A/USDT:USDT,0.5812,1259.0,0.5811,2211.0,0.5816,212.0,0.5817,940.0
1753600040127,07:07:20.127,phemex,A/USDT:USDT,0.5811,2738.0,0.581,216.0,0.5815,593.0,0.5816,409.0
1753600040143,07:07:20.143,phemex,A/USDT:USDT,0.5811,2738.0,0.581,216.0,0.5814,212.0,0.5815,593.0
1753600040166,07:07:20.166,phemex,A/USDT:USDT,0.5811,2738.0,0.581,216.0,0.5814,212.0,0.5815,805.0
1753600040279,07:07:20.279,phemex,A/USDT:USDT,0.5812,212.0,0.5811,2738.0,0.5814,212.0,0.5815,805.0
1753600041080,07:07:21.080,phemex,A/USDT:USDT,0.5812,212.0,0.5811,2738.0,0.5814,212.0,0.5815,805.0
1753600041098,07:07:21.098,phemex,A/USDT:USDT,0.5812,212.0,0.5811,2738.0,0.5814,212.0,0.5815,805.0
1753600042247,07:07:22.247,phemex,A/USDT:USDT,0.5812,212.0,0.5811,2738.0,0.5814,212.0,0.5815,805.0
1753600043623,07:07:23.623,phemex,A/USDT:USDT,0.5811,2738.0,0.5808,220.0,0.5814,212.0,0.5815,805.0
1753600043690,07:07:23.690,phemex,A/USDT:USDT,0.5811,2738.0,0.5808,220.0,0.5814,212.0,0.5815,805.0
1753600046100,07:07:26.100,phemex,A/USDT:USDT,0.5813,513.0,0.5812,149.0,0.5814,212.0,0.5815,766.0
1753600046124,07:07:26.124,phemex,A/USDT:USDT,0.5813,513.0,0.5812,361.0,0.5814,212.0,0.5815,766.0
1753600048730,07:07:28.730,phemex,A/USDT:USDT,0.5813,513.0,0.5812,149.0,0.5814,212.0,0.5815,766.0
1753600049865,07:07:29.865,phemex,A/USDT:USDT,0.5813,513.0,0.5812,366.0,0.5814,212.0,0.5815,766.0
1753600050305,07:07:30.305,phemex,A/USDT:USDT,0.5812,366.0,0.5811,3189.0,0.5814,212.0,0.5815,766.0
1753600050344,07:07:30.344,phemex,A/USDT:USDT,0.5812,366.0,0.5811,3189.0,0.5814,212.0,0.5815,766.0
1753600052416,07:07:32.416,phemex,A/USDT:USDT,0.5812,149.0,0.5811,3189.0,0.5814,212.0,0.5815,766.0
1753600052701,07:07:32.701,phemex,A/USDT:USDT,0.5812,366.0,0.5811,3189.0,0.5814,212.0,0.5815,766.0
1753600053501,07:07:33.501,phemex,A/USDT:USDT,0.5813,643.0,0.5812,608.0,0.5815,373.0,0.5816,212.0
1753600053521,07:07:33.521,phemex,A/USDT:USDT,0.5813,643.0,0.5812,608.0,0.5815,373.0,0.5816,212.0
1753600054768,07:07:34.768,phemex,A/USDT:USDT,0.5813,426.0,0.5812,608.0,0.5815,373.0,0.5816,212.0
1753600054769,07:07:34.769,phemex,A/USDT:USDT,0.5813,426.0,0.5812,608.0,0.5815,373.0,0.5816,212.0
1753600054775,07:07:34.775,phemex,A/USDT:USDT,0.5813,426.0,0.5812,608.0,0.5814,217.0,0.5815,373.0
1753600055631,07:07:35.631,phemex,A/USDT:USDT,0.5813,426.0,0.5812,608.0,0.5815,373.0,0.5816,212.0
1753600055692,07:07:35.692,phemex,A/USDT:USDT,0.5813,426.0,0.5812,608.0,0.5815,373.0,0.5816,212.0
1753600055754,07:07:35.754,phemex,A/USDT:USDT,0.5813,426.0,0.5812,608.0,0.5814,217.0,0.5815,373.0
1753600055809,07:07:35.809,phemex,A/USDT:USDT,0.5813,426.0,0.5812,608.0,0.5815,373.0,0.5816,212.0
1753600055831,07:07:35.831,phemex,A/USDT:USDT,0.5813,426.0,0.5812,608.0,0.5815,373.0,0.5816,212.0
1753600056363,07:07:36.363,phemex,A/USDT:USDT,0.5812,608.0,0.5811,2503.0,0.5815,373.0,0.5816,212.0
1753600056387,07:07:36.387,phemex,A/USDT:USDT,0.5813,217.0,0.5812,608.0,0.5815,373.0,0.5816,212.0
1753600056694,07:07:36.694,phemex,A/USDT:USDT,0.5813,217.0,0.5812,608.0,0.5814,217.0,0.5815,373.0
1753600057163,07:07:37.163,phemex,A/USDT:USDT,0.5813,217.0,0.5812,608.0,0.5815,373.0,0.5816,212.0
1753600057183,07:07:37.183,phemex,A/USDT:USDT,0.5813,217.0,0.5812,608.0,0.5815,373.0,0.5816,212.0
1753600057492,07:07:37.492,phemex,A/USDT:USDT,0.5813,217.0,0.5812,608.0,0.5814,221.0,0.5815,373.0
1753600057518,07:07:37.518,phemex,A/USDT:USDT,0.5812,608.0,0.5811,2503.0,0.5814,221.0,0.5815,373.0
1753600057579,07:07:37.579,phemex,A/USDT:USDT,0.5812,608.0,0.5811,2503.0,0.5814,221.0,0.5815,373.0
1753600057615,07:07:37.615,phemex,A/USDT:USDT,0.5812,459.0,0.5811,2503.0,0.5814,221.0,0.5815,373.0
1753600057807,07:07:37.807,phemex,A/USDT:USDT,0.5812,242.0,0.5811,2503.0,0.5814,221.0,0.5815,373.0
1753600057916,07:07:37.916,phemex,A/USDT:USDT,0.5812,242.0,0.5811,2503.0,0.5814,221.0,0.5815,373.0
1753600058048,07:07:38.048,phemex,A/USDT:USDT,0.5812,242.0,0.5811,2503.0,0.5814,221.0,0.5815,373.0
1753600058089,07:07:38.089,phemex,A/USDT:USDT,0.5812,242.0,0.5811,2503.0,0.5814,221.0,0.5815,373.0
1753600058721,07:07:38.721,phemex,A/USDT:USDT,0.5813,425.0,0.5812,428.0,0.5814,444.0,0.5815,698.0
1753600058799,07:07:38.799,phemex,A/USDT:USDT,0.5812,428.0,0.5811,2503.0,0.5814,444.0,0.5815,698.0
1753600058816,07:07:38.816,phemex,A/USDT:USDT,0.5812,428.0,0.5811,2503.0,0.5813,221.0,0.5814,444.0
1753600058837,07:07:38.837,phemex,A/USDT:USDT,0.5812,428.0,0.5811,2503.0,0.5813,221.0,0.5814,444.0
1753600059802,07:07:39.802,phemex,A/USDT:USDT,0.5811,1781.0,0.581,1903.0,0.5813,221.0,0.5814,444.0
1753600061151,07:07:41.151,phemex,A/USDT:USDT,0.5811,1781.0,0.581,1903.0,0.5813,221.0,0.5814,444.0
1753600061192,07:07:41.192,phemex,A/USDT:USDT,0.5811,1781.0,0.581,1903.0,0.5813,221.0,0.5814,444.0
1753600061439,07:07:41.439,phemex,A/USDT:USDT,0.5811,1781.0,0.581,1903.0,0.5813,221.0,0.5814,444.0
1753600061446,07:07:41.446,phemex,A/USDT:USDT,0.5811,1781.0,0.581,1903.0,0.5813,221.0,0.5814,444.0
1753600064166,07:07:44.166,phemex,A/USDT:USDT,0.5811,1781.0,0.581,1903.0,0.5813,221.0,0.5814,444.0
1753600064214,07:07:44.214,phemex,A/USDT:USDT,0.5811,1781.0,0.581,1903.0,0.5813,221.0,0.5814,444.0
1753600066841,07:07:46.841,phemex,A/USDT:USDT,0.5811,1781.0,0.581,1903.0,0.5813,221.0,0.5814,444.0
1753600067285,07:07:47.285,phemex,A/USDT:USDT,0.5811,1781.0,0.581,1903.0,0.5813,221.0,0.5814,444.0
1753600067340,07:07:47.340,phemex,A/USDT:USDT,0.5811,1781.0,0.581,1903.0,0.5813,221.0,0.5814,444.0
1753600069842,07:07:49.842,phemex,A/USDT:USDT,0.5811,1781.0,0.581,1903.0,0.5813,221.0,0.5814,444.0
1753600075852,07:07:55.852,phemex,A/USDT:USDT,0.5811,1781.0,0.581,1903.0,0.5813,221.0,0.5814,444.0
1753600075869,07:07:55.869,phemex,A/USDT:USDT,0.5811,1781.0,0.581,1903.0,0.5813,221.0,0.5814,444.0
1753600076197,07:07:56.197,phemex,A/USDT:USDT,0.5812,214.0,0.5811,1781.0,0.5814,444.0,0.5815,698.0
1753600076210,07:07:56.210,phemex,A/USDT:USDT,0.5812,214.0,0.5811,1781.0,0.5814,223.0,0.5815,486.0
1753600076244,07:07:56.244,phemex,A/USDT:USDT,0.5813,637.0,0.5812,464.0,0.5814,214.0,0.5816,212.0
1753600076253,07:07:56.253,phemex,A/USDT:USDT,0.5813,637.0,0.5812,250.0,0.5814,214.0,0.5816,362.0
1753600076290,07:07:56.290,phemex,A/USDT:USDT,0.5813,637.0,0.5812,464.0,0.5814,214.0,0.5816,362.0
1753600076313,07:07:56.313,phemex,A/USDT:USDT,0.5813,637.0,0.5812,464.0,0.5814,214.0,0.5816,362.0
1753600076350,07:07:56.350,phemex,A/USDT:USDT,0.5813,637.0,0.5812,464.0,0.5814,214.0,0.5816,362.0
1753600076361,07:07:56.361,phemex,A/USDT:USDT,0.5813,637.0,0.5812,250.0,0.5814,214.0,0.5816,362.0
1753600079123,07:07:59.123,phemex,A/USDT:USDT,0.5813,637.0,0.5812,250.0,0.5814,214.0,0.5816,362.0
1753600079132,07:07:59.132,phemex,A/USDT:USDT,0.5813,637.0,0.5812,250.0,0.5814,214.0,0.5816,362.0
1753600079267,07:07:59.267,phemex,A/USDT:USDT,0.5813,637.0,0.5812,250.0,0.5814,214.0,0.5816,362.0
1753600079851,07:07:59.851,phemex,A/USDT:USDT,0.5813,637.0,0.5812,250.0,0.5814,214.0,0.5816,362.0
1753600080397,07:08:00.397,phemex,A/USDT:USDT,0.5813,637.0,0.5812,250.0,0.5814,214.0,0.5816,362.0
1753600080866,07:08:00.866,phemex,A/USDT:USDT,0.5812,250.0,0.5811,2198.0,0.5814,214.0,0.5816,362.0
1753600080919,07:08:00.919,phemex,A/USDT:USDT,0.5812,250.0,0.5811,2198.0,0.5814,214.0,0.5816,362.0
1753600081370,07:08:01.370,phemex,A/USDT:USDT,0.5812,250.0,0.5811,2198.0,0.5814,214.0,0.5816,362.0
1753600081372,07:08:01.372,phemex,A/USDT:USDT,0.5812,250.0,0.5811,2198.0,0.5814,214.0,0.5816,362.0
1753600081430,07:08:01.430,phemex,A/USDT:USDT,0.5812,250.0,0.5811,2198.0,0.5814,214.0,0.5816,362.0
1753600081570,07:08:01.570,phemex,A/USDT:USDT,0.5812,829.0,0.5811,2198.0,0.5814,919.0,0.5815,246.0
1753600081594,07:08:01.594,phemex,A/USDT:USDT,0.5812,829.0,0.5811,2198.0,0.5813,217.0,0.5814,919.0
1753600081818,07:08:01.818,phemex,A/USDT:USDT,0.5812,252.0,0.5811,1617.0,0.5813,217.0,0.5814,919.0
1753600081837,07:08:01.837,phemex,A/USDT:USDT,0.5812,252.0,0.5811,1617.0,0.5813,217.0,0.5814,919.0
1753600081922,07:08:01.922,phemex,A/USDT:USDT,0.5812,252.0,0.5811,1617.0,0.5813,217.0,0.5814,919.0
1753600081971,07:08:01.971,phemex,A/USDT:USDT,0.5812,252.0,0.5811,1617.0,0.5813,217.0,0.5814,919.0
1753600082673,07:08:02.673,phemex,A/USDT:USDT,0.5811,1803.0,0.581,393.0,0.5813,217.0,0.5814,919.0
1753600082685,07:08:02.685,phemex,A/USDT:USDT,0.5811,1803.0,0.581,176.0,0.5813,217.0,0.5814,919.0
1753600082810,07:08:02.810,phemex,A/USDT:USDT,0.5811,1803.0,0.581,176.0,0.5813,217.0,0.5814,919.0
1753600082926,07:08:02.926,phemex,A/USDT:USDT,0.5811,402.0,0.581,176.0,0.5813,217.0,0.5814,919.0
1753600082973,07:08:02.973,phemex,A/USDT:USDT,0.5811,402.0,0.581,176.0,0.5813,217.0,0.5814,919.0
1753600083014,07:08:03.014,phemex,A/USDT:USDT,0.581,176.0,0.5809,1835.0,0.5813,217.0,0.5814,919.0
1753600083033,07:08:03.033,phemex,A/USDT:USDT,0.581,176.0,0.5809,1835.0,0.5813,217.0,0.5814,919.0
1753600083073,07:08:03.073,phemex,A/USDT:USDT,0.581,176.0,0.5809,1835.0,0.5813,217.0,0.5814,919.0
1753600084643,07:08:04.643,phemex,A/USDT:USDT,0.581,176.0,0.5809,1835.0,0.5813,217.0,0.5814,919.0
1753600084651,07:08:04.651,phemex,A/USDT:USDT,0.581,176.0,0.5809,1835.0,0.5813,217.0,0.5814,919.0
1753600085499,07:08:05.499,phemex,A/USDT:USDT,0.5809,1835.0,0.5808,217.0,0.5813,217.0,0.5814,919.0
1753600085510,07:08:05.510,phemex,A/USDT:USDT,0.5809,1835.0,0.5808,217.0,0.5813,217.0,0.5814,919.0
1753600087460,07:08:07.460,phemex,A/USDT:USDT,0.5808,217.0,0.5807,1719.0,0.5813,971.0,0.5814,1891.0
1753600087480,07:08:07.480,phemex,A/USDT:USDT,0.5808,217.0,0.5807,1719.0,0.5812,213.0,0.5813,971.0
1753600088475,07:08:08.475,phemex,A/USDT:USDT,0.5807,1719.0,0.5805,1335.0,0.5812,213.0,0.5813,971.0
1753600088503,07:08:08.503,phemex,A/USDT:USDT,0.5808,213.0,0.5807,1719.0,0.5812,213.0,0.5813,971.0
1753600088519,07:08:08.519,phemex,A/USDT:USDT,0.5807,240.0,0.5805,218.0,0.5812,213.0,0.5813,971.0
1753600088539,07:08:08.539,phemex,A/USDT:USDT,0.5806,225.0,0.5805,218.0,0.5812,213.0,0.5813,971.0
1753600088617,07:08:08.617,phemex,A/USDT:USDT,0.5806,225.0,0.5804,217.0,0.5812,213.0,0.5813,971.0
1753600088640,07:08:08.640,phemex,A/USDT:USDT,0.5806,225.0,0.5804,217.0,0.5812,213.0,0.5813,971.0
1753600089442,07:08:09.442,phemex,A/USDT:USDT,0.5806,225.0,0.5804,217.0,0.5812,213.0,0.5813,971.0
1753600089792,07:08:09.792,phemex,A/USDT:USDT,0.5806,225.0,0.5804,217.0,0.5812,213.0,0.5813,971.0
1753600090032,07:08:10.032,phemex,A/USDT:USDT,0.5806,225.0,0.5804,217.0,0.5812,213.0,0.5813,971.0
1753600091211,07:08:11.211,phemex,A/USDT:USDT,0.5806,225.0,0.5804,217.0,0.5812,213.0,0.5813,971.0
1753600091357,07:08:11.357,phemex,A/USDT:USDT,0.5806,225.0,0.5804,217.0,0.5812,213.0,0.5813,971.0
1753600091692,07:08:11.692,phemex,A/USDT:USDT,0.5806,225.0,0.5803,595.0,0.5812,213.0,0.5813,971.0
1753600091732,07:08:11.732,phemex,A/USDT:USDT,0.5805,446.0,0.5804,352.0,0.5812,213.0,0.5813,971.0
1753600091737,07:08:11.737,phemex,A/USDT:USDT,0.5805,446.0,0.5804,352.0,0.5812,213.0,0.5813,971.0
1753600091830,07:08:11.830,phemex,A/USDT:USDT,0.5804,352.0,0.5803,373.0,0.5812,213.0,0.5813,971.0
1753600091852,07:08:11.852,phemex,A/USDT:USDT,0.5804,352.0,0.5803,373.0,0.5812,213.0,0.5813,971.0
1753600092121,07:08:12.121,phemex,A/USDT:USDT,0.5804,539.0,0.5802,705.0,0.5812,213.0,0.5813,971.0
1753600092256,07:08:12.256,phemex,A/USDT:USDT,0.5803,615.0,0.5801,1593.0,0.5812,213.0,0.5813,971.0
1753600092275,07:08:12.275,phemex,A/USDT:USDT,0.5803,615.0,0.5801,1593.0,0.5812,213.0,0.5813,971.0
1753600092514,07:08:12.514,phemex,A/USDT:USDT,0.5803,615.0,0.5801,1593.0,0.5804,348.0,0.5805,345.0
1753600092547,07:08:12.547,phemex,A/USDT:USDT,0.5803,615.0,0.5801,1593.0,0.5804,561.0,0.5805,558.0
1753600092558,07:08:12.558,phemex,A/USDT:USDT,0.5803,615.0,0.5801,1593.0,0.5804,561.0,0.5805,558.0
1753600094243,07:08:14.243,phemex,A/USDT:USDT,0.5803,615.0,0.5801,1593.0,0.5804,561.0,0.5805,558.0
1753600094252,07:08:14.252,phemex,A/USDT:USDT,0.5803,615.0,0.5801,1593.0,0.5804,561.0,0.5805,558.0
1753600095166,07:08:15.166,phemex,A/USDT:USDT,0.5803,615.0,0.5801,1381.0,0.5804,561.0,0.5805,558.0
1753600095205,07:08:15.205,phemex,A/USDT:USDT,0.58,212.0,0.5799,219.0,0.5804,561.0,0.5805,558.0
1753600095258,07:08:15.258,phemex,A/USDT:USDT,0.5799,219.0,0.5798,2929.0,0.5803,213.0,0.5804,561.0
1753600097755,07:08:17.755,phemex,A/USDT:USDT,0.5799,219.0,0.5798,2929.0,0.5803,613.0,0.5804,447.0
1753600097773,07:08:17.773,phemex,A/USDT:USDT,0.5799,219.0,0.5798,2929.0,0.5802,217.0,0.5803,613.0
1753600097802,07:08:17.802,phemex,A/USDT:USDT,0.5799,219.0,0.5798,844.0,0.5802,217.0,0.5803,613.0
1753600097802,07:08:17.802,phemex,A/USDT:USDT,0.5799,219.0,0.5798,844.0,0.5802,217.0,0.5803,613.0
1753600099042,07:08:19.042,phemex,A/USDT:USDT,0.5799,219.0,0.5798,844.0,0.5802,217.0,0.5803,613.0
1753600099052,07:08:19.052,phemex,A/USDT:USDT,0.5799,219.0,0.5798,844.0,0.5802,217.0,0.5803,613.0
1753600100413,07:08:20.413,phemex,A/USDT:USDT,0.5799,399.0,0.5798,399.0,0.5802,217.0,0.5803,613.0
1753600101137,07:08:21.137,phemex,A/USDT:USDT,0.5797,1820.0,0.5796,215.0,0.5802,217.0,0.5803,613.0
1753600101140,07:08:21.140,phemex,A/USDT:USDT,0.5797,424.0,0.5796,215.0,0.5802,217.0,0.5803,613.0
1753600101179,07:08:21.179,phemex,A/USDT:USDT,0.5797,211.0,0.5796,215.0,0.5802,217.0,0.5803,613.0
1753600101244,07:08:21.244,phemex,A/USDT:USDT,0.5797,211.0,0.5796,215.0,0.5802,217.0,0.5803,613.0
1753600101431,07:08:21.431,phemex,A/USDT:USDT,0.5796,215.0,0.5795,3181.0,0.5802,217.0,0.5803,613.0
1753600101504,07:08:21.504,phemex,A/USDT:USDT,0.5796,215.0,0.5795,1096.0,0.5802,217.0,0.5803,613.0
1753600101531,07:08:21.531,phemex,A/USDT:USDT,0.5796,215.0,0.5795,1096.0,0.5802,217.0,0.5803,613.0
1753600103300,07:08:23.300,phemex,A/USDT:USDT,0.5796,215.0,0.5795,1096.0,0.5799,627.0,0.58,241.0
1753600103315,07:08:23.315,phemex,A/USDT:USDT,0.5796,215.0,0.5795,1096.0,0.5798,217.0,0.5799,627.0
1753600103339,07:08:23.339,phemex,A/USDT:USDT,0.5796,215.0,0.5795,1096.0,0.5798,217.0,0.5799,627.0
1753600103376,07:08:23.376,phemex,A/USDT:USDT,0.5796,215.0,0.5795,1096.0,0.5798,217.0,0.5799,844.0
1753600103855,07:08:23.855,phemex,A/USDT:USDT,0.5796,215.0,0.5795,1096.0,0.5798,217.0,0.5799,844.0
1753600105224,07:08:25.224,phemex,A/USDT:USDT,0.5795,1096.0,0.5794,2826.0,0.5798,217.0,0.5799,844.0
1753600105264,07:08:25.264,phemex,A/USDT:USDT,0.5796,217.0,0.5795,1096.0,0.5798,217.0,0.5799,844.0
1753600105283,07:08:25.283,phemex,A/USDT:USDT,0.5795,1096.0,0.5794,741.0,0.5798,217.0,0.5799,844.0
1753600105359,07:08:25.359,phemex,A/USDT:USDT,0.5796,217.0,0.5795,1096.0,0.5798,217.0,0.5799,844.0
1753600105444,07:08:25.444,phemex,A/USDT:USDT,0.5796,217.0,0.5795,1096.0,0.5799,844.0,0.58,458.0
1753600105485,07:08:25.485,phemex,A/USDT:USDT,0.5796,217.0,0.5795,1096.0,0.5799,844.0,0.58,458.0
1753600105843,07:08:25.843,phemex,A/USDT:USDT,0.5796,217.0,0.5795,1096.0,0.5799,844.0,0.58,458.0
1753600105963,07:08:25.963,phemex,A/USDT:USDT,0.5796,217.0,0.5795,1096.0,0.5799,627.0,0.58,458.0
1753600105998,07:08:25.998,phemex,A/USDT:USDT,0.5796,217.0,0.5795,1096.0,0.5798,217.0,0.5799,627.0
1753600106019,07:08:26.019,phemex,A/USDT:USDT,0.5796,217.0,0.5795,1096.0,0.5799,844.0,0.58,458.0
1753600106057,07:08:26.057,phemex,A/USDT:USDT,0.5796,217.0,0.5795,1096.0,0.5798,217.0,0.5799,844.0
1753600106911,07:08:26.911,phemex,A/USDT:USDT,0.5795,1096.0,0.5794,2826.0,0.5798,217.0,0.5799,844.0
1753600106968,07:08:26.968,phemex,A/USDT:USDT,0.5796,218.0,0.5795,1096.0,0.5798,217.0,0.5799,844.0
1753600108240,07:08:28.240,phemex,A/USDT:USDT,0.5797,378.0,0.5796,558.0,0.5798,217.0,0.5799,844.0
1753600108653,07:08:28.653,phemex,A/USDT:USDT,0.5797,378.0,0.5796,558.0,0.5798,217.0,0.5799,844.0
1753600108842,07:08:28.842,phemex,A/USDT:USDT,0.5797,378.0,0.5796,558.0,0.5798,217.0,0.5799,844.0
1753600109634,07:08:29.634,phemex,A/USDT:USDT,0.5797,378.0,0.5796,558.0,0.5798,398.0,0.5799,632.0
1753600110314,07:08:30.314,phemex,A/USDT:USDT,0.5797,378.0,0.5796,558.0,0.5798,398.0,0.5799,632.0
1753600111475,07:08:31.475,phemex,A/USDT:USDT,0.5796,558.0,0.5795,3810.0,0.5798,398.0,0.5799,632.0
1753600111493,07:08:31.493,phemex,A/USDT:USDT,0.5796,558.0,0.5795,3810.0,0.5797,218.0,0.5798,398.0
1753600111513,07:08:31.513,phemex,A/USDT:USDT,0.5796,558.0,0.5795,1725.0,0.5797,218.0,0.5798,398.0
1753600111517,07:08:31.517,phemex,A/USDT:USDT,0.5796,340.0,0.5795,1725.0,0.5797,218.0,0.5798,398.0
1753600111611,07:08:31.611,phemex,A/USDT:USDT,0.5796,340.0,0.5795,213.0,0.5797,218.0,0.5798,398.0
1753600111641,07:08:31.641,phemex,A/USDT:USDT,0.5796,340.0,0.5795,213.0,0.5797,218.0,0.5798,398.0
1753600113236,07:08:33.236,phemex,A/USDT:USDT,0.5796,340.0,0.5795,213.0,0.5797,218.0,0.5798,398.0
1753600114758,07:08:34.758,phemex,A/USDT:USDT,0.5796,340.0,0.5795,213.0,0.5797,218.0,0.5798,398.0
1753600114796,07:08:34.796,phemex,A/USDT:USDT,0.5796,340.0,0.5795,213.0,0.5797,218.0,0.5798,398.0
1753600114823,07:08:34.823,phemex,A/USDT:USDT,0.5796,340.0,0.5795,213.0,0.5797,218.0,0.5798,398.0
1753600117080,07:08:37.080,phemex,A/USDT:USDT,0.5796,560.0,0.5795,213.0,0.5798,398.0,0.5799,632.0
1753600117116,07:08:37.116,phemex,A/USDT:USDT,0.5796,560.0,0.5795,213.0,0.5798,398.0,0.5799,632.0
1753600117183,07:08:37.183,phemex,A/USDT:USDT,0.5796,1046.0,0.5795,1304.0,0.5797,220.0,0.5798,398.0
1753600117198,07:08:37.198,phemex,A/USDT:USDT,0.5796,1046.0,0.5795,1304.0,0.5798,398.0,0.5799,832.0
1753600117219,07:08:37.219,phemex,A/USDT:USDT,0.5796,1046.0,0.5795,1304.0,0.5797,220.0,0.5798,398.0
1753600117472,07:08:37.472,phemex,A/USDT:USDT,0.5796,220.0,0.5795,759.0,0.5797,220.0,0.5798,398.0
1753600117472,07:08:37.472,phemex,A/USDT:USDT,0.5796,220.0,0.5795,213.0,0.5797,220.0,0.5798,398.0
1753600117520,07:08:37.520,phemex,A/USDT:USDT,0.5795,213.0,0.5794,3264.0,0.5797,220.0,0.5798,398.0
1753600118885,07:08:38.885,phemex,A/USDT:USDT,0.579,213.0,0.5789,183.0,0.5797,220.0,0.5798,217.0
1753600118902,07:08:38.902,phemex,A/USDT:USDT,0.579,213.0,0.5789,183.0,0.5797,220.0,0.5798,217.0
1753600118924,07:08:38.924,phemex,A/USDT:USDT,0.579,213.0,0.5789,183.0,0.5798,217.0,0.5799,589.0
1753600118982,07:08:38.982,phemex,A/USDT:USDT,0.579,213.0,0.5789,183.0,0.5798,217.0,0.5799,589.0
1753600119083,07:08:39.083,phemex,A/USDT:USDT,0.579,213.0,0.5789,183.0,0.5798,217.0,0.5799,589.0
1753600119214,07:08:39.214,phemex,A/USDT:USDT,0.579,213.0,0.5789,183.0,0.5798,217.0,0.5799,589.0
1753600119251,07:08:39.251,phemex,A/USDT:USDT,0.579,213.0,0.5789,183.0,0.5798,217.0,0.5799,589.0
1753600119267,07:08:39.267,phemex,A/USDT:USDT,0.579,213.0,0.5789,183.0,0.5798,217.0,0.5799,589.0
1753600120101,07:08:40.101,phemex,A/USDT:USDT,0.5789,183.0,0.5788,213.0,0.5798,217.0,0.5799,589.0
1753600120153,07:08:40.153,phemex,A/USDT:USDT,0.5789,183.0,0.5788,213.0,0.5798,217.0,0.5799,589.0
1753600120296,07:08:40.296,phemex,A/USDT:USDT,0.5789,183.0,0.5788,213.0,0.5798,217.0,0.5799,589.0
1753600120454,07:08:40.454,phemex,A/USDT:USDT,0.5789,183.0,0.5788,213.0,0.5798,217.0,0.5799,589.0
1753600120608,07:08:40.608,phemex,A/USDT:USDT,0.5789,183.0,0.5788,213.0,0.5798,217.0,0.5799,589.0
1753600120762,07:08:40.762,phemex,A/USDT:USDT,0.5789,183.0,0.5788,213.0,0.5798,217.0,0.5799,589.0
1753600120923,07:08:40.923,phemex,A/USDT:USDT,0.5789,183.0,0.5788,213.0,0.5798,217.0,0.5799,589.0
1753600121066,07:08:41.066,phemex,A/USDT:USDT,0.5789,183.0,0.5788,213.0,0.5798,217.0,0.5799,589.0
1753600121221,07:08:41.221,phemex,A/USDT:USDT,0.5789,183.0,0.5788,213.0,0.5798,217.0,0.5799,589.0
1753600121370,07:08:41.370,phemex,A/USDT:USDT,0.579,220.0,0.5789,183.0,0.5798,217.0,0.5799,589.0
1753600121901,07:08:41.901,phemex,A/USDT:USDT,0.579,220.0,0.5789,183.0,0.5798,217.0,0.5799,589.0
1753600122357,07:08:42.357,phemex,A/USDT:USDT,0.579,220.0,0.5789,183.0,0.5793,378.0,0.5795,1089.0
1753600122384,07:08:42.384,phemex,A/USDT:USDT,0.579,220.0,0.5789,183.0,0.5792,220.0,0.5793,378.0
1753600124046,07:08:44.046,phemex,A/USDT:USDT,0.579,220.0,0.5789,183.0,0.5792,220.0,0.5793,378.0
1753600124054,07:08:44.054,phemex,A/USDT:USDT,0.579,220.0,0.5789,183.0,0.5792,220.0,0.5793,378.0
1753600124080,07:08:44.080,phemex,A/USDT:USDT,0.579,220.0,0.5789,183.0,0.5792,220.0,0.5793,378.0
1753600124295,07:08:44.295,phemex,A/USDT:USDT,0.5791,628.0,0.579,411.0,0.5792,220.0,0.5793,731.0
1753600124315,07:08:44.315,phemex,A/USDT:USDT,0.579,325.0,0.5788,1170.0,0.5792,220.0,0.5793,951.0
1753600124319,07:08:44.319,phemex,A/USDT:USDT,0.579,325.0,0.5788,1170.0,0.5792,220.0,0.5793,951.0
1753600124347,07:08:44.347,phemex,A/USDT:USDT,0.579,325.0,0.5789,220.0,0.5792,220.0,0.5793,951.0
1753600124386,07:08:44.386,phemex,A/USDT:USDT,0.579,325.0,0.5789,220.0,0.5792,220.0,0.5793,951.0
1753600124792,07:08:44.792,phemex,A/USDT:USDT,0.579,325.0,0.5789,220.0,0.5792,220.0,0.5793,951.0
1753600127540,07:08:47.540,phemex,A/USDT:USDT,0.579,325.0,0.5789,220.0,0.5791,200.0,0.5792,388.0
1753600127552,07:08:47.552,phemex,A/USDT:USDT,0.579,325.0,0.5789,220.0,0.5791,412.0,0.5792,388.0
1753600127728,07:08:47.728,phemex,A/USDT:USDT,0.579,325.0,0.5789,220.0,0.5791,412.0,0.5792,388.0
1753600127757,07:08:47.757,phemex,A/USDT:USDT,0.579,325.0,0.5789,220.0,0.5791,412.0,0.5792,388.0
1753600128754,07:08:48.754,phemex,A/USDT:USDT,0.579,325.0,0.5789,220.0,0.5791,212.0,0.5792,388.0
1753600128844,07:08:48.844,phemex,A/USDT:USDT,0.579,325.0,0.5789,220.0,0.5791,212.0,0.5792,388.0
1753600128850,07:08:48.850,phemex,A/USDT:USDT,0.579,325.0,0.5789,220.0,0.5791,212.0,0.5792,388.0
1753600130268,07:08:50.268,phemex,A/USDT:USDT,0.579,325.0,0.5789,598.0,0.5791,212.0,0.5792,791.0
1753600130306,07:08:50.306,phemex,A/USDT:USDT,0.579,325.0,0.5789,598.0,0.5791,212.0,0.5792,791.0
1753600130680,07:08:50.680,phemex,A/USDT:USDT,0.579,325.0,0.5789,598.0,0.5791,212.0,0.5792,791.0
1753600130723,07:08:50.723,phemex,A/USDT:USDT,0.579,325.0,0.5789,598.0,0.5791,212.0,0.5792,791.0
1753600132671,07:08:52.671,phemex,A/USDT:USDT,0.5791,212.0,0.579,537.0,0.5792,571.0,0.5793,731.0
1753600132704,07:08:52.704,phemex,A/USDT:USDT,0.5792,571.0,0.5791,212.0,0.5798,217.0,0.5799,217.0
1753600132723,07:08:52.723,phemex,A/USDT:USDT,0.5793,212.0,0.5792,571.0,0.5799,1470.0,0.58,483.0
1753600132759,07:08:52.759,phemex,A/USDT:USDT,0.5792,571.0,0.5791,212.0,0.5798,212.0,0.5799,1470.0
1753600132817,07:08:52.817,phemex,A/USDT:USDT,0.5793,212.0,0.5792,571.0,0.5798,212.0,0.5799,1470.0
1753600133525,07:08:53.525,phemex,A/USDT:USDT,0.5793,212.0,0.5792,783.0,0.5798,212.0,0.5799,1470.0
1753600133546,07:08:53.546,phemex,A/USDT:USDT,0.5793,212.0,0.5792,783.0,0.5798,212.0,0.5799,1470.0
1753600133652,07:08:53.652,phemex,A/USDT:USDT,0.5793,212.0,0.5792,783.0,0.5798,212.0,0.5799,1470.0
1753600133749,07:08:53.749,phemex,A/USDT:USDT,0.5793,212.0,0.5792,212.0,0.5798,212.0,0.5799,1470.0
1753600133767,07:08:53.767,phemex,A/USDT:USDT,0.5792,212.0,0.579,212.0,0.5798,212.0,0.5799,1470.0
1753600133790,07:08:53.790,phemex,A/USDT:USDT,0.579,212.0,0.5789,598.0,0.5798,212.0,0.5799,1470.0
1753600133832,07:08:53.832,phemex,A/USDT:USDT,0.579,212.0,0.5789,598.0,0.5798,212.0,0.5799,1470.0
1753600133873,07:08:53.873,phemex,A/USDT:USDT,0.579,212.0,0.5789,598.0,0.5798,212.0,0.5799,1470.0
1753600135291,07:08:55.291,phemex,A/USDT:USDT,0.5794,219.0,0.5793,227.0,0.5798,212.0,0.5799,1470.0
1753600135340,07:08:55.340,phemex,A/USDT:USDT,0.5794,219.0,0.5793,227.0,0.5798,212.0,0.5799,1470.0
1753600135344,07:08:55.344,phemex,A/USDT:USDT,0.5794,219.0,0.5793,439.0,0.5798,212.0,0.5799,1470.0
1753600135598,07:08:55.598,phemex,A/USDT:USDT,0.5794,431.0,0.5793,439.0,0.5798,212.0,0.5799,1470.0
1753600136380,07:08:56.380,phemex,A/USDT:USDT,0.5795,212.0,0.5794,431.0,0.5798,212.0,0.5799,1470.0
1753600138164,07:08:58.164,phemex,A/USDT:USDT,0.5795,212.0,0.5794,431.0,0.5798,212.0,0.5799,1470.0
1753600138166,07:08:58.166,phemex,A/USDT:USDT,0.5795,212.0,0.5794,431.0,0.5798,212.0,0.5799,1470.0
1753600138236,07:08:58.236,phemex,A/USDT:USDT,0.5795,212.0,0.5794,431.0,0.5798,212.0,0.5799,1470.0
1753600138296,07:08:58.296,phemex,A/USDT:USDT,0.5795,212.0,0.5794,431.0,0.5798,212.0,0.5799,1470.0
1753600138400,07:08:58.400,phemex,A/USDT:USDT,0.5794,431.0,0.5793,439.0,0.5798,212.0,0.5799,1470.0
1753600138457,07:08:58.457,phemex,A/USDT:USDT,0.5794,431.0,0.5793,439.0,0.5798,212.0,0.5799,1470.0
1753600138908,07:08:58.908,phemex,A/USDT:USDT,0.5794,647.0,0.5793,605.0,0.5795,670.0,0.5796,241.0
1753600138932,07:08:58.932,phemex,A/USDT:USDT,0.5794,647.0,0.5793,605.0,0.5795,670.0,0.5796,459.0
1753600139918,07:08:59.918,phemex,A/USDT:USDT,0.5794,647.0,0.5793,605.0,0.5796,459.0,0.5797,1200.0
1753600139979,07:08:59.979,phemex,A/USDT:USDT,0.5794,647.0,0.5793,605.0,0.5796,459.0,0.5797,1200.0
1753600140366,07:09:00.366,phemex,A/USDT:USDT,0.5795,218.0,0.5794,647.0,0.5796,459.0,0.5797,1200.0
1753600140429,07:09:00.429,phemex,A/USDT:USDT,0.5795,218.0,0.5794,647.0,0.5796,474.0,0.5797,218.0
1753600141093,07:09:01.093,phemex,A/USDT:USDT,0.5794,647.0,0.5793,605.0,0.5796,474.0,0.5797,218.0
1753600141137,07:09:01.137,phemex,A/USDT:USDT,0.5794,647.0,0.5793,605.0,0.5796,474.0,0.5797,218.0
1753600141548,07:09:01.548,phemex,A/USDT:USDT,0.5795,218.0,0.5794,647.0,0.5796,474.0,0.5797,218.0
1753600141807,07:09:01.807,phemex,A/USDT:USDT,0.5794,647.0,0.5793,605.0,0.5796,474.0,0.5797,218.0
1753600141849,07:09:01.849,phemex,A/USDT:USDT,0.5794,647.0,0.5793,605.0,0.5796,474.0,0.5797,218.0
1753600143139,07:09:03.139,phemex,A/USDT:USDT,0.5794,647.0,0.5793,605.0,0.5795,218.0,0.5796,474.0
1753600143280,07:09:03.280,phemex,A/USDT:USDT,0.5794,647.0,0.5793,605.0,0.5795,218.0,0.5796,474.0
1753600143290,07:09:03.290,phemex,A/USDT:USDT,0.5794,647.0,0.5793,605.0,0.5796,474.0,0.5797,218.0
1753600143334,07:09:03.334,phemex,A/USDT:USDT,0.5794,647.0,0.5793,605.0,0.5796,474.0,0.5797,218.0
1753600145463,07:09:05.463,phemex,A/USDT:USDT,0.5794,647.0,0.5793,605.0,0.5795,152.0,0.5796,621.0
1753600145486,07:09:05.486,phemex,A/USDT:USDT,0.5794,647.0,0.5793,605.0,0.5795,152.0,0.5796,839.0
1753600145523,07:09:05.523,phemex,A/USDT:USDT,0.5794,428.0,0.5793,605.0,0.5795,152.0,0.5796,839.0
1753600146466,07:09:06.466,phemex,A/USDT:USDT,0.5793,439.0,0.5792,2297.0,0.5795,370.0,0.5796,839.0
1753600146473,07:09:06.473,phemex,A/USDT:USDT,0.5793,439.0,0.5792,212.0,0.5795,370.0,0.5796,839.0
1753600146498,07:09:06.498,phemex,A/USDT:USDT,0.5793,227.0,0.5792,212.0,0.5794,218.0,0.5795,370.0
1753600147089,07:09:07.089,phemex,A/USDT:USDT,0.5793,443.0,0.5792,212.0,0.5794,218.0,0.5795,370.0
1753600147915,07:09:07.915,phemex,A/USDT:USDT,0.5793,227.0,0.5792,212.0,0.5794,218.0,0.5795,370.0
1753600148043,07:09:08.043,phemex,A/USDT:USDT,0.5793,227.0,0.5792,212.0,0.5794,218.0,0.5795,370.0
1753600148051,07:09:08.051,phemex,A/USDT:USDT,0.5793,227.0,0.5792,212.0,0.5794,218.0,0.5795,370.0
1753600148921,07:09:08.921,phemex,A/USDT:USDT,0.5793,443.0,0.5792,212.0,0.5795,370.0,0.5796,839.0
1753600148937,07:09:08.937,phemex,A/USDT:USDT,0.5793,443.0,0.5792,212.0,0.5795,370.0,0.5796,839.0
1753600150077,07:09:10.077,phemex,A/USDT:USDT,0.5793,216.0,0.5792,212.0,0.5795,370.0,0.5796,839.0
1753600150095,07:09:10.095,phemex,A/USDT:USDT,0.5792,212.0,0.5791,3582.0,0.5795,370.0,0.5796,839.0
1753600150113,07:09:10.113,phemex,A/USDT:USDT,0.5792,212.0,0.5791,3582.0,0.5795,370.0,0.5796,839.0
1753600150123,07:09:10.123,phemex,A/USDT:USDT,0.5792,212.0,0.5791,1497.0,0.5795,370.0,0.5796,839.0
1753600150527,07:09:10.527,phemex,A/USDT:USDT,0.5792,212.0,0.5791,1497.0,0.5794,491.0,0.5795,514.0
1753600150717,07:09:10.717,phemex,A/USDT:USDT,0.5792,212.0,0.5791,1497.0,0.5794,491.0,0.5795,514.0
1753600152839,07:09:12.839,phemex,A/USDT:USDT,0.5792,212.0,0.5791,1497.0,0.5794,491.0,0.5795,514.0
1753600152856,07:09:12.856,phemex,A/USDT:USDT,0.5792,212.0,0.5791,1497.0,0.5794,491.0,0.5795,514.0
1753600153406,07:09:13.406,phemex,A/USDT:USDT,0.5792,212.0,0.5791,1497.0,0.5794,111.0,0.5795,514.0
1753600153466,07:09:13.466,phemex,A/USDT:USDT,0.5792,212.0,0.5791,1497.0,0.5794,327.0,0.5795,514.0
1753600153998,07:09:13.998,phemex,A/USDT:USDT,0.5792,212.0,0.5791,1497.0,0.5794,216.0,0.5795,514.0
1753600154311,07:09:14.311,phemex,A/USDT:USDT,0.5791,1497.0,0.579,2707.0,0.5794,216.0,0.5795,514.0
1753600154323,07:09:14.323,phemex,A/USDT:USDT,0.5791,1497.0,0.579,2707.0,0.5794,216.0,0.5795,514.0
1753600154408,07:09:14.408,phemex,A/USDT:USDT,0.5792,216.0,0.5791,1497.0,0.5794,216.0,0.5795,514.0
1753600155140,07:09:15.140,phemex,A/USDT:USDT,0.5791,434.0,0.579,212.0,0.5794,216.0,0.5795,514.0
1753600155147,07:09:15.147,phemex,A/USDT:USDT,0.5791,434.0,0.579,212.0,0.5794,216.0,0.5795,514.0
1753600155596,07:09:15.596,phemex,A/USDT:USDT,0.5791,434.0,0.579,212.0,0.5793,437.0,0.5794,653.0
1753600155621,07:09:15.621,phemex,A/USDT:USDT,0.5791,434.0,0.579,212.0,0.5792,216.0,0.5793,437.0
1753600155681,07:09:15.681,phemex,A/USDT:USDT,0.5791,434.0,0.579,212.0,0.5792,216.0,0.5793,653.0
1753600156505,07:09:16.505,phemex,A/USDT:USDT,0.5791,216.0,0.579,212.0,0.5792,216.0,0.5793,653.0
1753600157620,07:09:17.620,phemex,A/USDT:USDT,0.5791,216.0,0.5789,2305.0,0.5792,216.0,0.5793,653.0
1753600157653,07:09:17.653,phemex,A/USDT:USDT,0.5791,216.0,0.5789,2305.0,0.5792,216.0,0.5793,653.0
1753600157826,07:09:17.826,phemex,A/USDT:USDT,0.5791,216.0,0.579,220.0,0.5792,216.0,0.5793,653.0
1753600158407,07:09:18.407,phemex,A/USDT:USDT,0.5791,216.0,0.579,220.0,0.5792,216.0,0.5793,653.0
1753600158445,07:09:18.445,phemex,A/USDT:USDT,0.5791,216.0,0.579,220.0,0.5792,216.0,0.5793,653.0
1753600158445,07:09:18.445,phemex,A/USDT:USDT,0.5791,216.0,0.579,220.0,0.5792,216.0,0.5793,653.0
1753600160899,07:09:20.899,phemex,A/USDT:USDT,0.5791,88.0,0.579,220.0,0.5792,216.0,0.5793,653.0
1753600161340,07:09:21.340,phemex,A/USDT:USDT,0.5791,275.0,0.579,442.0,0.5792,601.0,0.5793,437.0
1753600161523,07:09:21.523,phemex,A/USDT:USDT,0.579,597.0,0.5789,220.0,0.5792,601.0,0.5793,437.0
1753600161529,07:09:21.529,phemex,A/USDT:USDT,0.579,377.0,0.5789,220.0,0.5792,601.0,0.5793,437.0
1753600161560,07:09:21.560,phemex,A/USDT:USDT,0.579,377.0,0.5789,220.0,0.5791,220.0,0.5792,601.0
1753600162453,07:09:22.453,phemex,A/USDT:USDT,0.579,377.0,0.5789,220.0,0.5791,220.0,0.5792,601.0
1753600166406,07:09:26.406,phemex,A/USDT:USDT,0.579,377.0,0.5789,220.0,0.5791,626.0,0.5792,601.0
1753600167251,07:09:27.251,phemex,A/USDT:USDT,0.579,377.0,0.5789,220.0,0.5791,626.0,0.5792,601.0
1753600169977,07:09:29.977,phemex,A/USDT:USDT,0.579,342.0,0.5789,220.0,0.5791,626.0,0.5792,601.0
1753600170967,07:09:30.967,phemex,A/USDT:USDT,0.579,554.0,0.5789,220.0,0.5791,406.0,0.5792,601.0
1753600172472,07:09:32.472,phemex,A/USDT:USDT,0.579,342.0,0.5789,220.0,0.5791,406.0,0.5792,601.0
1753600179317,07:09:39.317,phemex,A/USDT:USDT,0.579,342.0,0.5789,220.0,0.5791,406.0,0.5792,601.0
1753600179531,07:09:39.531,phemex,A/USDT:USDT,0.579,342.0,0.5789,220.0,0.5791,366.0,0.5792,601.0
1753600179546,07:09:39.546,phemex,A/USDT:USDT,0.579,342.0,0.5789,220.0,0.5791,588.0,0.5792,601.0
1753600180691,07:09:40.691,phemex,A/USDT:USDT,0.579,342.0,0.5789,220.0,0.5791,583.0,0.5792,601.0
1753600180918,07:09:40.918,phemex,A/USDT:USDT,0.579,564.0,0.5789,533.0,0.5796,1410.0,0.5797,397.0
1753600180935,07:09:40.935,phemex,A/USDT:USDT,0.5792,494.0,0.5791,222.0,0.5796,1192.0,0.5797,397.0
1753600180947,07:09:40.947,phemex,A/USDT:USDT,0.5793,222.0,0.5792,494.0,0.5796,1192.0,0.5797,397.0
1753600180989,07:09:40.989,phemex,A/USDT:USDT,0.5793,222.0,0.5792,494.0,0.5795,157.0,0.5796,361.0
1753600181206,07:09:41.206,phemex,A/USDT:USDT,0.5793,222.0,0.5792,494.0,0.5795,157.0,0.5796,583.0
1753600182854,07:09:42.854,phemex,A/USDT:USDT,0.5793,222.0,0.5792,494.0,0.5795,157.0,0.5796,583.0
1753600182900,07:09:42.900,phemex,A/USDT:USDT,0.5793,222.0,0.5792,494.0,0.5795,157.0,0.5796,583.0
1753600184500,07:09:44.500,phemex,A/USDT:USDT,0.5793,222.0,0.5792,494.0,0.5796,183.0,0.5797,222.0
1753600184526,07:09:44.526,phemex,A/USDT:USDT,0.5793,222.0,0.5792,716.0,0.5796,183.0,0.5797,222.0
1753600186075,07:09:46.075,phemex,A/USDT:USDT,0.5793,222.0,0.5792,716.0,0.5796,405.0,0.5797,222.0
1753600186079,07:09:46.079,phemex,A/USDT:USDT,0.5793,222.0,0.5792,716.0,0.5796,183.0,0.5797,222.0
1753600186297,07:09:46.297,phemex,A/USDT:USDT,0.5795,561.0,0.5794,223.0,0.5796,183.0,0.5797,222.0
1753600186316,07:09:46.316,phemex,A/USDT:USDT,0.5795,561.0,0.5794,445.0,0.5796,183.0,0.5797,222.0
1753600187653,07:09:47.653,phemex,A/USDT:USDT,0.5795,561.0,0.5794,445.0,0.5796,183.0,0.5797,222.0
1753600189762,07:09:49.762,phemex,A/USDT:USDT,0.5795,561.0,0.5794,445.0,0.5797,222.0,0.5798,1716.0
1753600189801,07:09:49.801,phemex,A/USDT:USDT,0.5796,216.0,0.5795,561.0,0.5797,222.0,0.5798,1716.0
1753600189821,07:09:49.821,phemex,A/USDT:USDT,0.5796,216.0,0.5795,561.0,0.5798,1716.0,0.5799,805.0
1753600189840,07:09:49.840,phemex,A/USDT:USDT,0.5796,216.0,0.5795,777.0,0.5798,1716.0,0.5799,805.0
1753600190745,07:09:50.745,phemex,A/USDT:USDT,0.5796,216.0,0.5795,777.0,0.5797,224.0,0.5798,377.0
1753600191753,07:09:51.753,phemex,A/USDT:USDT,0.5796,396.0,0.5795,448.0,0.5797,224.0,0.5798,377.0
1753600191753,07:09:51.753,phemex,A/USDT:USDT,0.5796,396.0,0.5795,597.0,0.5797,224.0,0.5798,377.0
1753600192451,07:09:52.451,phemex,A/USDT:USDT,0.5796,396.0,0.5795,597.0,0.5797,224.0,0.5798,377.0
1753600194728,07:09:54.728,phemex,A/USDT:USDT,0.5796,396.0,0.5795,597.0,0.5797,440.0,0.5798,377.0
1753600196067,07:09:56.067,phemex,A/USDT:USDT,0.5796,180.0,0.5795,597.0,0.5797,440.0,0.5798,377.0
1753600198527,07:09:58.527,phemex,A/USDT:USDT,0.5795,597.0,0.5794,1268.0,0.5797,440.0,0.5798,377.0
1753600198550,07:09:58.550,phemex,A/USDT:USDT,0.5795,597.0,0.5794,1268.0,0.5797,440.0,0.5798,377.0
1753600198839,07:09:58.839,phemex,A/USDT:USDT,0.5795,597.0,0.5794,1268.0,0.5797,440.0,0.5798,377.0
1753600198855,07:09:58.855,phemex,A/USDT:USDT,0.5795,597.0,0.5794,1268.0,0.5797,440.0,0.5798,377.0
1753600199588,07:09:59.588,phemex,A/USDT:USDT,0.5796,216.0,0.5795,597.0,0.5797,440.0,0.5798,377.0
1753600200401,07:10:00.401,phemex,A/USDT:USDT,0.5795,597.0,0.5794,1268.0,0.5797,440.0,0.5798,377.0
1753600200422,07:10:00.422,phemex,A/USDT:USDT,0.5795,597.0,0.5794,1268.0,0.5797,440.0,0.5798,377.0
1753600200464,07:10:00.464,phemex,A/USDT:USDT,0.5796,216.0,0.5795,597.0,0.5797,224.0,0.5798,377.0
1753600201843,07:10:01.843,phemex,A/USDT:USDT,0.5796,216.0,0.5795,597.0,0.5797,224.0,0.5798,377.0
1753600204845,07:10:04.845,phemex,A/USDT:USDT,0.5796,216.0,0.5795,597.0,0.5797,224.0,0.5798,377.0
1753600204878,07:10:04.878,phemex,A/USDT:USDT,0.5796,216.0,0.5795,597.0,0.5797,224.0,0.5798,377.0
1753600206865,07:10:06.865,phemex,A/USDT:USDT,0.5796,216.0,0.5795,597.0,0.5798,377.0,0.5799,1420.0
1753600206884,07:10:06.884,phemex,A/USDT:USDT,0.5796,216.0,0.5795,597.0,0.5798,377.0,0.5799,1420.0
1753600210671,07:10:10.671,phemex,A/USDT:USDT,0.5796,216.0,0.5795,597.0,0.5797,216.0,0.5798,377.0
1753600211812,07:10:11.812,phemex,A/USDT:USDT,0.5796,216.0,0.5795,597.0,0.5798,377.0,0.5799,1420.0
1753600211839,07:10:11.839,phemex,A/USDT:USDT,0.5796,216.0,0.5795,597.0,0.5798,377.0,0.5799,1420.0
1753600213466,07:10:13.466,phemex,A/USDT:USDT,0.5796,216.0,0.5795,597.0,0.5797,216.0,0.5798,377.0
1753600213615,07:10:13.615,phemex,A/USDT:USDT,0.5795,833.0,0.5794,2307.0,0.5797,651.0,0.5798,535.0
1753600213648,07:10:13.648,phemex,A/USDT:USDT,0.5795,833.0,0.5794,2307.0,0.5796,216.0,0.5797,651.0
1753600213725,07:10:13.725,phemex,A/USDT:USDT,0.5795,833.0,0.5794,222.0,0.5796,216.0,0.5797,651.0
1753600213745,07:10:13.745,phemex,A/USDT:USDT,0.5795,833.0,0.5794,222.0,0.5797,651.0,0.5798,535.0
1753600213768,07:10:13.768,phemex,A/USDT:USDT,0.5795,833.0,0.5794,222.0,0.5797,651.0,0.5798,535.0
1753600215687,07:10:15.687,phemex,A/USDT:USDT,0.5795,601.0,0.5794,222.0,0.5797,651.0,0.5798,535.0
1753600215909,07:10:15.909,phemex,A/USDT:USDT,0.5796,216.0,0.5795,601.0,0.5797,651.0,0.5798,535.0
1753600216272,07:10:16.272,phemex,A/USDT:USDT,0.5795,601.0,0.5794,222.0,0.5797,651.0,0.5798,535.0
1753600216327,07:10:16.327,phemex,A/USDT:USDT,0.5795,601.0,0.5794,222.0,0.5797,651.0,0.5798,535.0
1753600217246,07:10:17.246,phemex,A/USDT:USDT,0.5795,601.0,0.5794,222.0,0.5797,651.0,0.5798,535.0
1753600217255,07:10:17.255,phemex,A/USDT:USDT,0.5795,601.0,0.5794,222.0,0.5797,651.0,0.5798,535.0
1753600218679,07:10:18.679,phemex,A/USDT:USDT,0.5795,849.0,0.5794,428.0,0.5796,425.0,0.5797,468.0
1753600218704,07:10:18.704,phemex,A/USDT:USDT,0.5795,849.0,0.5794,428.0,0.5796,425.0,0.5797,468.0
1753600220571,07:10:20.571,phemex,A/USDT:USDT,0.5795,849.0,0.5794,428.0,0.5797,468.0,0.5798,571.0
1753600220593,07:10:20.593,phemex,A/USDT:USDT,0.5795,849.0,0.5794,428.0,0.5797,468.0,0.5798,571.0
1753600221281,07:10:21.281,phemex,A/USDT:USDT,0.5796,222.0,0.5795,849.0,0.5797,468.0,0.5798,571.0
1753600221426,07:10:21.426,phemex,A/USDT:USDT,0.5796,222.0,0.5795,849.0,0.5797,468.0,0.5798,416.0
1753600221427,07:10:21.427,phemex,A/USDT:USDT,0.5796,222.0,0.5795,849.0,0.5797,675.0,0.5798,444.0
1753600222063,07:10:22.063,phemex,A/USDT:USDT,0.5796,222.0,0.5795,849.0,0.5797,459.0,0.5798,444.0
1753600222112,07:10:22.112,phemex,A/USDT:USDT,0.5796,222.0,0.5795,849.0,0.5797,459.0,0.5798,444.0
1753600226091,07:10:26.091,phemex,A/USDT:USDT,0.5795,849.0,0.5794,428.0,0.5797,459.0,0.5798,444.0
1753600226111,07:10:26.111,phemex,A/USDT:USDT,0.5795,849.0,0.5794,428.0,0.5797,459.0,0.5798,444.0
1753600226853,07:10:26.853,phemex,A/USDT:USDT,0.5795,849.0,0.5794,428.0,0.5796,296.0,0.5797,459.0
1753600226931,07:10:26.931,phemex,A/USDT:USDT,0.5795,849.0,0.5794,428.0,0.5796,296.0,0.5797,673.0
1753600227718,07:10:27.718,phemex,A/USDT:USDT,0.5795,633.0,0.5794,428.0,0.5796,510.0,0.5797,673.0
1753600228998,07:10:28.998,phemex,A/USDT:USDT,0.5795,633.0,0.5794,428.0,0.5796,510.0,0.5797,673.0
1753600229033,07:10:29.033,phemex,A/USDT:USDT,0.5795,633.0,0.5794,428.0,0.5796,510.0,0.5797,673.0
1753600230303,07:10:30.303,phemex,A/USDT:USDT,0.5795,633.0,0.5794,428.0,0.5796,286.0,0.5797,673.0
1753600230582,07:10:30.582,phemex,A/USDT:USDT,0.5795,633.0,0.5794,428.0,0.5796,72.0,0.5797,459.0
1753600230767,07:10:30.767,phemex,A/USDT:USDT,0.5795,633.0,0.5794,428.0,0.5797,207.0,0.5798,222.0
1753600230822,07:10:30.822,phemex,A/USDT:USDT,0.5796,336.0,0.5795,248.0,0.5797,207.0,0.5798,222.0
1753600230938,07:10:30.938,phemex,A/USDT:USDT,0.5796,550.0,0.5795,248.0,0.5797,207.0,0.5798,222.0
1753600230980,07:10:30.980,phemex,A/USDT:USDT,0.5796,550.0,0.5795,462.0,0.5797,207.0,0.5798,222.0
1753600231245,07:10:31.245,phemex,A/USDT:USDT,0.5796,214.0,0.5795,446.0,0.5797,207.0,0.5798,222.0
1753600231377,07:10:31.377,phemex,A/USDT:USDT,0.5796,214.0,0.5795,446.0,0.5797,421.0,0.5798,222.0
1753600231436,07:10:31.436,phemex,A/USDT:USDT,0.5795,446.0,0.5794,222.0,0.5797,421.0,0.5798,222.0
1753600231484,07:10:31.484,phemex,A/USDT:USDT,0.5795,446.0,0.5794,222.0,0.5797,207.0,0.5798,222.0
1753600231520,07:10:31.520,phemex,A/USDT:USDT,0.5795,446.0,0.5794,222.0,0.5797,207.0,0.5798,222.0
1753600231530,07:10:31.530,phemex,A/USDT:USDT,0.5795,446.0,0.5794,222.0,0.5797,421.0,0.5798,222.0
1753600231548,07:10:31.548,phemex,A/USDT:USDT,0.5795,446.0,0.5794,222.0,0.5797,207.0,0.5798,222.0
1753600231673,07:10:31.673,phemex,A/USDT:USDT,0.5795,446.0,0.5794,222.0,0.5797,207.0,0.5798,222.0
1753600231828,07:10:31.828,phemex,A/USDT:USDT,0.5795,446.0,0.5794,222.0,0.5797,207.0,0.5798,222.0
1753600231983,07:10:31.983,phemex,A/USDT:USDT,0.5795,446.0,0.5794,222.0,0.5797,207.0,0.5798,222.0
1753600232131,07:10:32.131,phemex,A/USDT:USDT,0.5795,446.0,0.5794,222.0,0.5797,207.0,0.5798,222.0
1753600232284,07:10:32.284,phemex,A/USDT:USDT,0.5795,446.0,0.5794,222.0,0.5797,207.0,0.5798,222.0
1753600232443,07:10:32.443,phemex,A/USDT:USDT,0.5795,446.0,0.5794,222.0,0.5797,207.0,0.5798,222.0
1753600232592,07:10:32.592,phemex,A/USDT:USDT,0.5795,446.0,0.5794,222.0,0.5797,421.0,0.5798,222.0
1753600232600,07:10:32.600,phemex,A/USDT:USDT,0.5795,446.0,0.5794,222.0,0.5797,207.0,0.5798,222.0
1753600232754,07:10:32.754,phemex,A/USDT:USDT,0.5795,446.0,0.5794,222.0,0.5797,207.0,0.5798,222.0
1753600232904,07:10:32.904,phemex,A/USDT:USDT,0.5795,446.0,0.5794,222.0,0.5797,421.0,0.5798,222.0
1753600232911,07:10:32.911,phemex,A/USDT:USDT,0.5795,446.0,0.5794,222.0,0.5797,207.0,0.5798,222.0
1753600233589,07:10:33.589,phemex,A/USDT:USDT,0.5795,446.0,0.5794,222.0,0.5797,207.0,0.5798,222.0
1753600233738,07:10:33.738,phemex,A/USDT:USDT,0.5795,446.0,0.5794,222.0,0.5797,421.0,0.5798,222.0
1753600233743,07:10:33.743,phemex,A/USDT:USDT,0.5795,446.0,0.5794,222.0,0.5797,207.0,0.5798,222.0
1753600233902,07:10:33.902,phemex,A/USDT:USDT,0.5795,446.0,0.5794,222.0,0.5797,207.0,0.5798,222.0
1753600234058,07:10:34.058,phemex,A/USDT:USDT,0.5795,446.0,0.5794,222.0,0.5797,421.0,0.5798,222.0
1753600234064,07:10:34.064,phemex,A/USDT:USDT,0.5795,446.0,0.5794,222.0,0.5797,207.0,0.5798,222.0
1753600234490,07:10:34.490,phemex,A/USDT:USDT,0.5795,446.0,0.5794,222.0,0.5797,207.0,0.5798,222.0
1753600234633,07:10:34.633,phemex,A/USDT:USDT,0.5795,446.0,0.5794,222.0,0.5797,421.0,0.5798,222.0
1753600234645,07:10:34.645,phemex,A/USDT:USDT,0.5795,446.0,0.5794,222.0,0.5797,207.0,0.5798,222.0
1753600234795,07:10:34.795,phemex,A/USDT:USDT,0.5795,446.0,0.5794,222.0,0.5797,207.0,0.5798,222.0
1753600234949,07:10:34.949,phemex,A/USDT:USDT,0.5795,446.0,0.5794,222.0,0.5797,421.0,0.5798,222.0
1753600234954,07:10:34.954,phemex,A/USDT:USDT,0.5795,446.0,0.5794,222.0,0.5797,207.0,0.5798,222.0
1753600235105,07:10:35.105,phemex,A/USDT:USDT,0.5795,446.0,0.5794,222.0,0.5797,207.0,0.5798,222.0
1753600235400,07:10:35.400,phemex,A/USDT:USDT,0.5795,446.0,0.5794,222.0,0.5797,207.0,0.5798,222.0
1753600235569,07:10:35.569,phemex,A/USDT:USDT,0.5795,446.0,0.5794,222.0,0.5797,207.0,0.5798,222.0
1753600235722,07:10:35.722,phemex,A/USDT:USDT,0.5795,446.0,0.5794,222.0,0.5797,207.0,0.5798,222.0
1753600235895,07:10:35.895,phemex,A/USDT:USDT,0.5795,446.0,0.5794,222.0,0.5797,207.0,0.5798,222.0
1753600236046,07:10:36.046,phemex,A/USDT:USDT,0.5795,446.0,0.5794,222.0,0.5797,207.0,0.5798,222.0
1753600236200,07:10:36.200,phemex,A/USDT:USDT,0.5795,446.0,0.5794,222.0,0.5797,207.0,0.5798,222.0
1753600236350,07:10:36.350,phemex,A/USDT:USDT,0.5795,621.0,0.5794,395.0,0.5796,388.0,0.5797,597.0
1753600236364,07:10:36.364,phemex,A/USDT:USDT,0.5795,621.0,0.5794,395.0,0.5796,388.0,0.5797,597.0
1753600236455,07:10:36.455,phemex,A/USDT:USDT,0.5795,621.0,0.5794,395.0,0.5796,388.0,0.5797,597.0
1753600236507,07:10:36.507,phemex,A/USDT:USDT,0.5795,407.0,0.5794,395.0,0.5796,388.0,0.5797,597.0
1753600238486,07:10:38.486,phemex,A/USDT:USDT,0.5795,370.0,0.5794,395.0,0.5796,388.0,0.5797,597.0
1753600241038,07:10:41.038,phemex,A/USDT:USDT,0.5795,585.0,0.5794,395.0,0.5796,388.0,0.5797,597.0
1753600241246,07:10:41.246,phemex,A/USDT:USDT,0.5795,585.0,0.5794,395.0,0.5796,388.0,0.5797,597.0
1753600241253,07:10:41.253,phemex,A/USDT:USDT,0.5795,585.0,0.5794,395.0,0.5796,388.0,0.5797,597.0
1753600243839,07:10:43.839,phemex,A/USDT:USDT,0.5795,585.0,0.5794,395.0,0.5796,388.0,0.5797,597.0
1753600243844,07:10:43.844,phemex,A/USDT:USDT,0.5795,585.0,0.5794,395.0,0.5796,388.0,0.5797,597.0
1753600245621,07:10:45.621,phemex,A/USDT:USDT,0.5794,222.0,0.5793,2307.0,0.5796,388.0,0.5797,597.0
1753600245636,07:10:45.636,phemex,A/USDT:USDT,0.5794,222.0,0.5793,2307.0,0.5795,198.0,0.5796,580.0
1753600245666,07:10:45.666,phemex,A/USDT:USDT,0.5794,222.0,0.5793,2307.0,0.5795,198.0,0.5796,580.0
1753600245686,07:10:45.686,phemex,A/USDT:USDT,0.5794,222.0,0.5793,2307.0,0.5795,198.0,0.5796,795.0
1753600246077,07:10:46.077,phemex,A/USDT:USDT,0.5795,198.0,0.5794,222.0,0.58,212.0,0.5801,1533.0
1753600246097,07:10:46.097,phemex,A/USDT:USDT,0.5796,215.0,0.5795,198.0,0.5805,213.0,0.5806,213.0
1753600246117,07:10:46.117,phemex,A/USDT:USDT,0.5796,215.0,0.5795,198.0,0.5807,218.0,0.5808,220.0
1753600246118,07:10:46.118,phemex,A/USDT:USDT,0.5796,215.0,0.5795,198.0,0.5807,218.0,0.5808,220.0
1753600246142,07:10:46.142,phemex,A/USDT:USDT,0.5796,215.0,0.5795,198.0,0.5808,220.0,0.5809,658.0
1753600246190,07:10:46.190,phemex,A/USDT:USDT,0.5796,215.0,0.5795,198.0,0.5808,220.0,0.5809,658.0
1753600246219,07:10:46.219,phemex,A/USDT:USDT,0.5797,1396.0,0.5796,215.0,0.5808,220.0,0.5809,658.0
1753600246248,07:10:46.248,phemex,A/USDT:USDT,0.5798,215.0,0.5797,1396.0,0.5808,220.0,0.5809,658.0
1753600246292,07:10:46.292,phemex,A/USDT:USDT,0.5798,215.0,0.5797,1396.0,0.5808,220.0,0.5809,658.0
1753600246319,07:10:46.319,phemex,A/USDT:USDT,0.5798,215.0,0.5797,1396.0,0.5808,220.0,0.5809,658.0
1753600247923,07:10:47.923,phemex,A/USDT:USDT,0.5798,215.0,0.5797,1396.0,0.5808,220.0,0.5809,658.0
1753600247931,07:10:47.931,phemex,A/USDT:USDT,0.5798,215.0,0.5797,1396.0,0.5808,220.0,0.5809,658.0
1753600249346,07:10:49.346,phemex,A/USDT:USDT,0.5798,215.0,0.5797,1396.0,0.5808,220.0,0.5809,658.0
1753600249356,07:10:49.356,phemex,A/USDT:USDT,0.5798,215.0,0.5797,1396.0,0.5808,220.0,0.5809,658.0
1753600250786,07:10:50.786,phemex,A/USDT:USDT,0.5798,215.0,0.5797,1396.0,0.5808,220.0,0.5809,658.0
1753600250796,07:10:50.796,phemex,A/USDT:USDT,0.5798,215.0,0.5797,1612.0,0.5808,220.0,0.5809,658.0
1753600251127,07:10:51.127,phemex,A/USDT:USDT,0.5802,401.0,0.5801,372.0,0.5804,414.0,0.5805,367.0
1753600251157,07:10:51.157,phemex,A/USDT:USDT,0.5802,401.0,0.5801,372.0,0.5804,414.0,0.5805,367.0
1753600251170,07:10:51.170,phemex,A/USDT:USDT,0.5802,401.0,0.5801,588.0,0.5804,414.0,0.5805,583.0
1753600251221,07:10:51.221,phemex,A/USDT:USDT,0.5802,401.0,0.5801,588.0,0.5804,414.0,0.5805,583.0
1753600251248,07:10:51.248,phemex,A/USDT:USDT,0.5802,401.0,0.5801,588.0,0.5804,414.0,0.5805,583.0
1753600251288,07:10:51.288,phemex,A/USDT:USDT,0.5802,401.0,0.5801,588.0,0.5804,414.0,0.5805,583.0
1753600251883,07:10:51.883,phemex,A/USDT:USDT,0.5803,216.0,0.5802,401.0,0.5813,216.0,0.5814,216.0
1753600251889,07:10:51.889,phemex,A/USDT:USDT,0.5803,216.0,0.5802,401.0,0.5814,216.0,0.5815,217.0
1753600251911,07:10:51.911,phemex,A/USDT:USDT,0.5803,216.0,0.5802,617.0,0.5815,217.0,0.5816,412.0
1753600251942,07:10:51.942,phemex,A/USDT:USDT,0.5803,216.0,0.5802,617.0,0.5817,216.0,0.5818,216.0
1753600251962,07:10:51.962,phemex,A/USDT:USDT,0.5803,216.0,0.5802,617.0,0.5818,216.0,0.5819,408.0
1753600251971,07:10:51.971,phemex,A/USDT:USDT,0.5803,216.0,0.5802,617.0,0.5818,216.0,0.5819,408.0
1753600251972,07:10:51.972,phemex,A/USDT:USDT,0.5803,216.0,0.5802,617.0,0.5818,216.0,0.5819,408.0
1753600252096,07:10:52.096,phemex,A/USDT:USDT,0.5803,216.0,0.5802,617.0,0.5818,216.0,0.5819,408.0
1753600252124,07:10:52.124,phemex,A/USDT:USDT,0.5803,216.0,0.5802,617.0,0.5818,216.0,0.5819,216.0
1753600252148,07:10:52.148,phemex,A/USDT:USDT,0.5803,216.0,0.5802,617.0,0.5819,216.0,0.582,391.0
1753600252180,07:10:52.180,phemex,A/USDT:USDT,0.5803,216.0,0.5802,617.0,0.5819,216.0,0.582,391.0
1753600252221,07:10:52.221,phemex,A/USDT:USDT,0.5803,216.0,0.5802,617.0,0.5819,216.0,0.582,391.0
1753600252427,07:10:52.427,phemex,A/USDT:USDT,0.5804,200.0,0.5803,416.0,0.5819,216.0,0.582,391.0
1753600252459,07:10:52.459,phemex,A/USDT:USDT,0.5805,216.0,0.5804,200.0,0.5819,216.0,0.582,391.0
1753600252487,07:10:52.487,phemex,A/USDT:USDT,0.5806,1441.0,0.5805,416.0,0.5819,216.0,0.582,391.0
1753600252519,07:10:52.519,phemex,A/USDT:USDT,0.5807,216.0,0.5806,1441.0,0.5819,216.0,0.582,391.0
1753600252563,07:10:52.563,phemex,A/USDT:USDT,0.5807,216.0,0.5806,1657.0,0.5819,216.0,0.582,391.0
1753600252786,07:10:52.786,phemex,A/USDT:USDT,0.5807,216.0,0.5806,1657.0,0.5819,216.0,0.582,222.0
1753600252803,07:10:52.803,phemex,A/USDT:USDT,0.5807,216.0,0.5806,1657.0,0.582,222.0,0.5821,216.0
1753600252823,07:10:52.823,phemex,A/USDT:USDT,0.5807,216.0,0.5806,1657.0,0.5821,216.0,0.5822,216.0
1753600252850,07:10:52.850,phemex,A/USDT:USDT,0.5807,216.0,0.5806,1657.0,0.5822,216.0,0.5823,391.0
1753600252886,07:10:52.886,phemex,A/USDT:USDT,0.5807,216.0,0.5806,1657.0,0.5822,216.0,0.5823,391.0
1753600253576,07:10:53.576,phemex,A/USDT:USDT,0.5807,216.0,0.5806,1657.0,0.5822,216.0,0.5823,391.0
1753600253615,07:10:53.615,phemex,A/USDT:USDT,0.5807,216.0,0.5806,1657.0,0.5822,216.0,0.5823,391.0
1753600255217,07:10:55.217,phemex,A/USDT:USDT,0.5807,216.0,0.5806,1657.0,0.5822,216.0,0.5823,391.0
1753600255224,07:10:55.224,phemex,A/USDT:USDT,0.5807,216.0,0.5806,1657.0,0.5822,216.0,0.5823,391.0
1753600256242,07:10:56.242,phemex,A/USDT:USDT,0.5815,354.0,0.5814,401.0,0.5822,216.0,0.5823,391.0
1753600256265,07:10:56.265,phemex,A/USDT:USDT,0.5816,216.0,0.5815,570.0,0.5822,216.0,0.5823,391.0
1753600256277,07:10:56.277,phemex,A/USDT:USDT,0.5816,216.0,0.5815,570.0,0.5822,216.0,0.5823,391.0
1753600256343,07:10:56.343,phemex,A/USDT:USDT,0.5816,216.0,0.5815,570.0,0.5822,216.0,0.5823,222.0
1753600256367,07:10:56.367,phemex,A/USDT:USDT,0.5816,216.0,0.5815,570.0,0.5823,222.0,0.5824,422.0
1753600256380,07:10:56.380,phemex,A/USDT:USDT,0.5816,216.0,0.5815,570.0,0.5823,222.0,0.5824,422.0
1753600257063,07:10:57.063,phemex,A/USDT:USDT,0.5816,216.0,0.5815,570.0,0.5823,222.0,0.5824,422.0
1753600257087,07:10:57.087,phemex,A/USDT:USDT,0.5816,216.0,0.5815,570.0,0.5823,222.0,0.5824,422.0
1753600258270,07:10:58.270,phemex,A/USDT:USDT,0.5816,216.0,0.5815,570.0,0.5823,222.0,0.5824,422.0
1753600258478,07:10:58.478,phemex,A/USDT:USDT,0.5815,570.0,0.5814,617.0,0.5823,222.0,0.5824,422.0
1753600258522,07:10:58.522,phemex,A/USDT:USDT,0.5815,570.0,0.5814,617.0,0.5823,222.0,0.5824,422.0
1753600258598,07:10:58.598,phemex,A/USDT:USDT,0.5816,217.0,0.5815,570.0,0.5823,222.0,0.5824,422.0
1753600259031,07:10:59.031,phemex,A/USDT:USDT,0.5816,217.0,0.5815,570.0,0.5823,222.0,0.5824,422.0
1753600259057,07:10:59.057,phemex,A/USDT:USDT,0.5816,217.0,0.5815,570.0,0.5823,222.0,0.5824,422.0
1753600259475,07:10:59.475,phemex,A/USDT:USDT,0.5816,217.0,0.5815,570.0,0.5823,222.0,0.5824,422.0
1753600259507,07:10:59.507,phemex,A/USDT:USDT,0.5816,217.0,0.5815,570.0,0.5823,222.0,0.5824,422.0
1753600259545,07:10:59.545,phemex,A/USDT:USDT,0.5816,217.0,0.5815,570.0,0.5823,222.0,0.5824,218.0
1753600259569,07:10:59.569,phemex,A/USDT:USDT,0.5816,217.0,0.5815,570.0,0.5824,218.0,0.5825,214.0
1753600259584,07:10:59.584,phemex,A/USDT:USDT,0.5816,217.0,0.5815,570.0,0.5824,218.0,0.5825,214.0
1753600259607,07:10:59.607,phemex,A/USDT:USDT,0.5816,217.0,0.5815,570.0,0.5825,214.0,0.5827,218.0
1753600259624,07:10:59.624,phemex,A/USDT:USDT,0.5816,217.0,0.5815,570.0,0.5827,218.0,0.5828,222.0
1753600259650,07:10:59.650,phemex,A/USDT:USDT,0.5816,217.0,0.5815,570.0,0.5828,222.0,0.5829,222.0
1753600259693,07:10:59.693,phemex,A/USDT:USDT,0.5816,217.0,0.5815,570.0,0.5829,222.0,0.5831,215.0
1753600259757,07:10:59.757,phemex,A/USDT:USDT,0.5816,217.0,0.5815,570.0,0.5831,215.0,0.5832,641.0
1753600259792,07:10:59.792,phemex,A/USDT:USDT,0.5816,217.0,0.5815,570.0,0.5831,215.0,0.5832,641.0
1753600260187,07:11:00.187,phemex,A/USDT:USDT,0.5816,217.0,0.5815,570.0,0.5831,215.0,0.5832,403.0
1753600261251,07:11:01.251,phemex,A/USDT:USDT,0.5821,594.0,0.582,233.0,0.5831,215.0,0.5832,403.0
1753600261291,07:11:01.291,phemex,A/USDT:USDT,0.5821,594.0,0.582,450.0,0.5831,215.0,0.5832,403.0
1753600261376,07:11:01.376,phemex,A/USDT:USDT,0.582,450.0,0.5819,834.0,0.5831,215.0,0.5832,403.0
1753600261390,07:11:01.390,phemex,A/USDT:USDT,0.5821,217.0,0.582,450.0,0.5831,215.0,0.5832,403.0
1753600261651,07:11:01.651,phemex,A/USDT:USDT,0.5821,217.0,0.582,450.0,0.5831,215.0,0.5832,403.0
1753600261717,07:11:01.717,phemex,A/USDT:USDT,0.5821,217.0,0.582,450.0,0.5831,215.0,0.5832,403.0
1753600261861,07:11:01.861,phemex,A/USDT:USDT,0.5821,217.0,0.582,450.0,0.5831,215.0,0.5832,403.0
1753600261870,07:11:01.870,phemex,A/USDT:USDT,0.5821,217.0,0.582,450.0,0.5831,215.0,0.5832,403.0
1753600264457,07:11:04.457,phemex,A/USDT:USDT,0.5821,217.0,0.582,450.0,0.5831,215.0,0.5832,403.0
1753600264480,07:11:04.480,phemex,A/USDT:USDT,0.5821,217.0,0.582,450.0,0.5831,215.0,0.5832,403.0
1753600264850,07:11:04.850,phemex,A/USDT:USDT,0.5821,217.0,0.582,450.0,0.5831,215.0,0.5832,403.0
1753600264864,07:11:04.864,phemex,A/USDT:USDT,0.5821,217.0,0.582,450.0,0.5831,215.0,0.5832,403.0
1753600265036,07:11:05.036,phemex,A/USDT:USDT,0.5821,217.0,0.582,450.0,0.5831,215.0,0.5832,215.0
1753600265040,07:11:05.040,phemex,A/USDT:USDT,0.5821,217.0,0.582,450.0,0.5831,215.0,0.5832,215.0
1753600265047,07:11:05.047,phemex,A/USDT:USDT,0.5821,217.0,0.582,450.0,0.5832,215.0,0.5833,215.0
1753600265088,07:11:05.088,phemex,A/USDT:USDT,0.5821,217.0,0.582,450.0,0.5833,215.0,0.5834,803.0
1753600265147,07:11:05.147,phemex,A/USDT:USDT,0.5821,217.0,0.582,450.0,0.5833,215.0,0.5834,803.0
1753600265203,07:11:05.203,phemex,A/USDT:USDT,0.5821,217.0,0.582,776.0,0.5833,215.0,0.5834,803.0
1753600265231,07:11:05.231,phemex,A/USDT:USDT,0.5821,217.0,0.582,776.0,0.5833,215.0,0.5834,803.0
1753600265251,07:11:05.251,phemex,A/USDT:USDT,0.582,217.0,0.5819,573.0,0.5833,215.0,0.5834,803.0
1753600265271,07:11:05.271,phemex,A/USDT:USDT,0.582,217.0,0.5819,573.0,0.5833,215.0,0.5834,803.0
1753600265281,07:11:05.281,phemex,A/USDT:USDT,0.582,217.0,0.5819,573.0,0.5833,415.0,0.5834,803.0
1753600265489,07:11:05.489,phemex,A/USDT:USDT,0.5819,217.0,0.5818,633.0,0.5833,415.0,0.5834,803.0
1753600265514,07:11:05.514,phemex,A/USDT:USDT,0.5819,217.0,0.5818,633.0,0.5833,415.0,0.5834,803.0
1753600265823,07:11:05.823,phemex,A/USDT:USDT,0.5819,217.0,0.5818,633.0,0.5833,415.0,0.5834,803.0
1753600266267,07:11:06.267,phemex,A/USDT:USDT,0.5819,217.0,0.5818,633.0,0.5832,200.0,0.5833,415.0
1753600266283,07:11:06.283,phemex,A/USDT:USDT,0.5819,217.0,0.5818,633.0,0.5832,417.0,0.5833,415.0
1753600266671,07:11:06.671,phemex,A/USDT:USDT,0.5819,217.0,0.5818,633.0,0.5832,417.0,0.5833,415.0
1753600267275,07:11:07.275,phemex,A/USDT:USDT,0.5819,217.0,0.5818,633.0,0.5832,417.0,0.5833,415.0
1753600270515,07:11:10.515,phemex,A/USDT:USDT,0.5818,633.0,0.5817,468.0,0.5832,417.0,0.5833,415.0
1753600270527,07:11:10.527,phemex,A/USDT:USDT,0.5818,633.0,0.5817,468.0,0.5832,417.0,0.5833,415.0
1753600270555,07:11:10.555,phemex,A/USDT:USDT,0.5816,473.0,0.5815,467.0,0.5828,298.0,0.5829,315.0
1753600270578,07:11:10.578,phemex,A/USDT:USDT,0.5816,473.0,0.5815,467.0,0.5827,200.0,0.5828,719.0
1753600270581,07:11:10.581,phemex,A/USDT:USDT,0.5816,473.0,0.5815,467.0,0.5827,200.0,0.5828,719.0
1753600270606,07:11:10.606,phemex,A/USDT:USDT,0.5815,376.0,0.5814,216.0,0.5827,421.0,0.5828,719.0
1753600270635,07:11:10.635,phemex,A/USDT:USDT,0.5814,216.0,0.5813,216.0,0.5827,421.0,0.5828,719.0
1753600270659,07:11:10.659,phemex,A/USDT:USDT,0.5813,216.0,0.5812,1236.0,0.5827,421.0,0.5828,719.0
1753600270690,07:11:10.690,phemex,A/USDT:USDT,0.5813,216.0,0.5812,1236.0,0.5827,421.0,0.5828,719.0
1753600270926,07:11:10.926,phemex,A/USDT:USDT,0.5813,216.0,0.5812,1236.0,0.5827,421.0,0.5828,2169.0
1753600271473,07:11:11.473,phemex,A/USDT:USDT,0.5813,216.0,0.5812,1236.0,0.5827,421.0,0.5828,2169.0
1753600272452,07:11:12.452,phemex,A/USDT:USDT,0.5813,216.0,0.5812,1236.0,0.5827,421.0,0.5828,2169.0
1753600272998,07:11:12.998,phemex,A/USDT:USDT,0.5813,216.0,0.5812,1236.0,0.5827,421.0,0.5828,2169.0
1753600273031,07:11:13.031,phemex,A/USDT:USDT,0.5813,216.0,0.5812,1236.0,0.5827,421.0,0.5828,2169.0
1753600273842,07:11:13.842,phemex,A/USDT:USDT,0.5813,216.0,0.5812,1236.0,0.5827,421.0,0.5828,2169.0
1753600273846,07:11:13.846,phemex,A/USDT:USDT,0.5813,216.0,0.5812,1236.0,0.5827,421.0,0.5828,2169.0
1753600275705,07:11:15.705,phemex,A/USDT:USDT,0.5815,751.0,0.5813,681.0,0.5825,583.0,0.5826,158.0
1753600275737,07:11:15.737,phemex,A/USDT:USDT,0.5815,751.0,0.5814,221.0,0.5825,583.0,0.5826,379.0
1753600275762,07:11:15.762,phemex,A/USDT:USDT,0.5815,751.0,0.5814,221.0,0.5825,583.0,0.5826,379.0
1753600276170,07:11:16.170,phemex,A/USDT:USDT,0.5815,751.0,0.5814,221.0,0.5826,379.0,0.5827,849.0
1753600276216,07:11:16.216,phemex,A/USDT:USDT,0.5815,751.0,0.5814,221.0,0.5826,379.0,0.5827,849.0
1753600276270,07:11:16.270,phemex,A/USDT:USDT,0.5815,751.0,0.5814,221.0,0.5826,379.0,0.5827,849.0
1753600277959,07:11:17.959,phemex,A/USDT:USDT,0.5814,417.0,0.5813,672.0,0.5826,379.0,0.5827,849.0
1753600278179,07:11:18.179,phemex,A/USDT:USDT,0.5814,417.0,0.5813,672.0,0.5825,200.0,0.5826,379.0
1753600278201,07:11:18.201,phemex,A/USDT:USDT,0.5814,417.0,0.5813,672.0,0.5825,415.0,0.5826,379.0
1753600278293,07:11:18.293,phemex,A/USDT:USDT,0.5815,215.0,0.5814,417.0,0.5825,415.0,0.5826,379.0
1753600278323,07:11:18.323,phemex,A/USDT:USDT,0.5815,215.0,0.5814,417.0,0.5825,415.0,0.5826,379.0
1753600280514,07:11:20.514,phemex,A/USDT:USDT,0.5814,417.0,0.5813,672.0,0.5825,415.0,0.5826,379.0
1753600280557,07:11:20.557,phemex,A/USDT:USDT,0.5814,417.0,0.5813,672.0,0.5825,415.0,0.5826,379.0
1753600280670,07:11:20.670,phemex,A/USDT:USDT,0.5815,215.0,0.5814,417.0,0.5825,415.0,0.5826,379.0
1753600280705,07:11:20.705,phemex,A/USDT:USDT,0.5815,215.0,0.5814,417.0,0.5825,594.0,0.5826,740.0
1753600281069,07:11:21.069,phemex,A/USDT:USDT,0.5815,215.0,0.5814,417.0,0.5825,594.0,0.5826,740.0
1753600281620,07:11:21.620,phemex,A/USDT:USDT,0.5813,441.0,0.5812,447.0,0.5825,594.0,0.5826,740.0
1753600281633,07:11:21.633,phemex,A/USDT:USDT,0.5813,441.0,0.5812,447.0,0.5825,594.0,0.5826,740.0
1753600281672,07:11:21.672,phemex,A/USDT:USDT,0.5813,441.0,0.5812,447.0,0.5825,594.0,0.5826,740.0
1753600281711,07:11:21.711,phemex,A/USDT:USDT,0.5812,447.0,0.581,1431.0,0.5825,594.0,0.5826,740.0
1753600281735,07:11:21.735,phemex,A/USDT:USDT,0.5812,447.0,0.581,1431.0,0.5825,594.0,0.5826,740.0
1753600281737,07:11:21.737,phemex,A/USDT:USDT,0.5812,447.0,0.581,1431.0,0.5825,594.0,0.5826,740.0
1753600281795,07:11:21.795,phemex,A/USDT:USDT,0.5812,216.0,0.5811,154.0,0.5825,594.0,0.5826,740.0
1753600281819,07:11:21.819,phemex,A/USDT:USDT,0.5812,216.0,0.5811,154.0,0.5825,594.0,0.5826,740.0
1753600281889,07:11:21.889,phemex,A/USDT:USDT,0.5811,154.0,0.581,217.0,0.5825,594.0,0.5826,740.0
1753600281921,07:11:21.921,phemex,A/USDT:USDT,0.5811,154.0,0.581,217.0,0.5825,594.0,0.5826,740.0
1753600282017,07:11:22.017,phemex,A/USDT:USDT,0.581,629.0,0.5809,414.0,0.5825,594.0,0.5826,740.0
1753600282039,07:11:22.039,phemex,A/USDT:USDT,0.5811,215.0,0.581,629.0,0.5825,594.0,0.5826,740.0
1753600282694,07:11:22.694,phemex,A/USDT:USDT,0.5811,215.0,0.581,629.0,0.5825,594.0,0.5826,740.0
1753600283381,07:11:23.381,phemex,A/USDT:USDT,0.581,629.0,0.5809,414.0,0.5825,594.0,0.5826,740.0
1753600283415,07:11:23.415,phemex,A/USDT:USDT,0.581,217.0,0.5809,414.0,0.5825,594.0,0.5826,740.0
1753600283476,07:11:23.476,phemex,A/USDT:USDT,0.581,217.0,0.5809,414.0,0.5825,594.0,0.5826,740.0
1753600284432,07:11:24.432,phemex,A/USDT:USDT,0.581,217.0,0.5809,414.0,0.5825,594.0,0.5826,740.0
1753600284451,07:11:24.451,phemex,A/USDT:USDT,0.581,217.0,0.5809,414.0,0.5825,594.0,0.5826,740.0
1753600284955,07:11:24.955,phemex,A/USDT:USDT,0.5807,216.0,0.5806,1657.0,0.5825,594.0,0.5826,740.0
1753600284984,07:11:24.984,phemex,A/USDT:USDT,0.5808,215.0,0.5807,216.0,0.5824,828.0,0.5825,594.0
1753600284998,07:11:24.998,phemex,A/USDT:USDT,0.5808,215.0,0.5807,216.0,0.5823,200.0,0.5824,1028.0
1753600285030,07:11:25.030,phemex,A/USDT:USDT,0.5808,215.0,0.5807,216.0,0.5823,415.0,0.5824,1243.0
1753600285064,07:11:25.064,phemex,A/USDT:USDT,0.5808,215.0,0.5807,216.0,0.5823,415.0,0.5824,1243.0
1753600285120,07:11:25.120,phemex,A/USDT:USDT,0.5807,216.0,0.5806,216.0,0.5823,415.0,0.5824,1243.0
1753600285182,07:11:25.182,phemex,A/USDT:USDT,0.5806,216.0,0.5805,399.0,0.5823,415.0,0.5824,1243.0
1753600285202,07:11:25.202,phemex,A/USDT:USDT,0.5806,216.0,0.5805,399.0,0.5823,415.0,0.5824,1243.0
1753600285454,07:11:25.454,phemex,A/USDT:USDT,0.5806,216.0,0.5805,399.0,0.5818,386.0,0.5823,415.0
1753600285485,07:11:25.485,phemex,A/USDT:USDT,0.5806,216.0,0.5805,399.0,0.5818,386.0,0.5823,415.0
1753600285493,07:11:25.493,phemex,A/USDT:USDT,0.5806,216.0,0.5805,399.0,0.5818,386.0,0.5819,215.0
1753600285532,07:11:25.532,phemex,A/USDT:USDT,0.5806,216.0,0.5805,399.0,0.5818,386.0,0.5819,215.0
1753600285540,07:11:25.540,phemex,A/USDT:USDT,0.5806,216.0,0.5805,399.0,0.5818,386.0,0.5819,215.0
1753600285872,07:11:25.872,phemex,A/USDT:USDT,0.5806,216.0,0.5805,399.0,0.5818,386.0,0.5819,215.0
1753600285963,07:11:25.963,phemex,A/USDT:USDT,0.5806,216.0,0.5805,399.0,0.5816,189.0,0.5817,583.0
1753600285984,07:11:25.984,phemex,A/USDT:USDT,0.5806,216.0,0.5805,399.0,0.5816,404.0,0.5817,798.0
1753600285987,07:11:25.987,phemex,A/USDT:USDT,0.5806,216.0,0.5805,399.0,0.5816,404.0,0.5817,798.0
1753600286134,07:11:26.134,phemex,A/USDT:USDT,0.5806,216.0,0.5805,399.0,0.5816,404.0,0.5817,798.0
1753600286141,07:11:26.141,phemex,A/USDT:USDT,0.5806,216.0,0.5805,399.0,0.5816,404.0,0.5817,798.0
1753600286517,07:11:26.517,phemex,A/USDT:USDT,0.5806,216.0,0.5805,399.0,0.5816,404.0,0.5817,798.0
1753600286603,07:11:26.603,phemex,A/USDT:USDT,0.5806,216.0,0.5805,399.0,0.5816,404.0,0.5817,798.0
1753600287177,07:11:27.177,phemex,A/USDT:USDT,0.5806,216.0,0.5805,399.0,0.5816,404.0,0.5817,798.0
1753600287192,07:11:27.192,phemex,A/USDT:USDT,0.5806,216.0,0.5805,399.0,0.5816,404.0,0.5817,798.0
1753600288267,07:11:28.267,phemex,A/USDT:USDT,0.5806,216.0,0.5805,399.0,0.5816,404.0,0.5817,798.0
1753600288679,07:11:28.679,phemex,A/USDT:USDT,0.5806,216.0,0.5805,399.0,0.5816,404.0,0.5817,798.0
1753600289341,07:11:29.341,phemex,A/USDT:USDT,0.5806,216.0,0.5805,399.0,0.5816,404.0,0.5817,798.0
1753600290312,07:11:30.312,phemex,A/USDT:USDT,0.5806,640.0,0.5805,581.0,0.5816,404.0,0.5817,798.0
1753600290333,07:11:30.333,phemex,A/USDT:USDT,0.5807,217.0,0.5806,640.0,0.5816,404.0,0.5817,798.0
1753600290356,07:11:30.356,phemex,A/USDT:USDT,0.5807,217.0,0.5806,640.0,0.5816,404.0,0.5817,798.0
1753600290588,07:11:30.588,phemex,A/USDT:USDT,0.5807,217.0,0.5806,640.0,0.5816,215.0,0.5817,215.0
1753600290596,07:11:30.596,phemex,A/USDT:USDT,0.5807,217.0,0.5806,640.0,0.5817,215.0,0.5818,1865.0
1753600290637,07:11:30.637,phemex,A/USDT:USDT,0.5807,217.0,0.5806,640.0,0.5817,215.0,0.5818,1865.0
1753600290669,07:11:30.669,phemex,A/USDT:USDT,0.5807,217.0,0.5806,640.0,0.5817,215.0,0.5818,1865.0
1753600291843,07:11:31.843,phemex,A/USDT:USDT,0.5807,217.0,0.5806,640.0,0.5817,215.0,0.5818,1865.0
1753600291849,07:11:31.849,phemex,A/USDT:USDT,0.5807,217.0,0.5806,640.0,0.5817,215.0,0.5818,1865.0
1753600292972,07:11:32.972,phemex,A/USDT:USDT,0.5807,217.0,0.5806,640.0,0.5817,215.0,0.5818,1865.0
1753600293012,07:11:33.012,phemex,A/USDT:USDT,0.5807,217.0,0.5806,640.0,0.5817,215.0,0.5818,1865.0
1753600293301,07:11:33.301,phemex,A/USDT:USDT,0.5806,216.0,0.5805,215.0,0.5817,215.0,0.5818,1865.0
1753600293365,07:11:33.365,phemex,A/USDT:USDT,0.5805,215.0,0.5803,459.0,0.5816,832.0,0.5817,215.0
1753600293379,07:11:33.379,phemex,A/USDT:USDT,0.5805,215.0,0.5803,459.0,0.5816,832.0,0.5817,215.0
1753600293382,07:11:33.382,phemex,A/USDT:USDT,0.5805,215.0,0.5803,459.0,0.5816,832.0,0.5817,215.0
1753600293895,07:11:33.895,phemex,A/USDT:USDT,0.5805,215.0,0.5803,459.0,0.5816,543.0,0.5817,215.0
1753600294123,07:11:34.123,phemex,A/USDT:USDT,0.5805,215.0,0.5803,459.0,0.5817,934.0,0.5818,1865.0
1753600294150,07:11:34.150,phemex,A/USDT:USDT,0.5805,215.0,0.5803,459.0,0.5817,934.0,0.5818,1865.0
1753600294944,07:11:34.944,phemex,A/USDT:USDT,0.5805,215.0,0.5803,459.0,0.5816,200.0,0.5817,934.0
1753600294983,07:11:34.983,phemex,A/USDT:USDT,0.5805,215.0,0.5803,459.0,0.5816,417.0,0.5817,934.0
1753600295470,07:11:35.470,phemex,A/USDT:USDT,0.5805,215.0,0.5803,459.0,0.5816,417.0,0.5817,934.0
1753600295776,07:11:35.776,phemex,A/USDT:USDT,0.5805,215.0,0.5803,459.0,0.5815,735.0,0.5816,417.0
1753600295914,07:11:35.914,phemex,A/USDT:USDT,0.5805,215.0,0.5803,459.0,0.5815,735.0,0.5816,417.0
1753600295934,07:11:35.934,phemex,A/USDT:USDT,0.5805,215.0,0.5803,459.0,0.5815,735.0,0.5816,417.0
1753600297301,07:11:37.301,phemex,A/USDT:USDT,0.5803,459.0,0.5802,420.0,0.5815,735.0,0.5816,417.0
1753600297364,07:11:37.364,phemex,A/USDT:USDT,0.5803,459.0,0.5802,420.0,0.5815,735.0,0.5816,417.0
1753600297376,07:11:37.376,phemex,A/USDT:USDT,0.5804,219.0,0.5803,459.0,0.5815,735.0,0.5816,417.0
1753600297592,07:11:37.592,phemex,A/USDT:USDT,0.5804,219.0,0.5803,459.0,0.5816,417.0,0.5817,1363.0
1753600297603,07:11:37.603,phemex,A/USDT:USDT,0.5804,219.0,0.5803,459.0,0.5816,417.0,0.5817,1363.0
1753600298627,07:11:38.627,phemex,A/USDT:USDT,0.5804,219.0,0.5803,459.0,0.5816,417.0,0.5817,1363.0
1753600298676,07:11:38.676,phemex,A/USDT:USDT,0.5804,219.0,0.5803,459.0,0.5816,417.0,0.5817,1363.0
1753600298889,07:11:38.889,phemex,A/USDT:USDT,0.5804,219.0,0.5803,686.0,0.5816,417.0,0.5817,1363.0
1753600300270,07:11:40.270,phemex,A/USDT:USDT,0.5804,219.0,0.5803,686.0,0.5816,417.0,0.5817,1363.0
1753600300845,07:11:40.845,phemex,A/USDT:USDT,0.5804,219.0,0.5803,686.0,0.5814,445.0,0.5815,412.0
1753600300960,07:11:40.960,phemex,A/USDT:USDT,0.5804,219.0,0.5803,686.0,0.5814,445.0,0.5815,631.0
1753600304081,07:11:44.081,phemex,A/USDT:USDT,0.5803,221.0,0.5802,216.0,0.5814,445.0,0.5815,631.0
1753600304102,07:11:44.102,phemex,A/USDT:USDT,0.5804,219.0,0.5802,216.0,0.5814,445.0,0.5815,631.0
1753600304189,07:11:44.189,phemex,A/USDT:USDT,0.5802,216.0,0.5801,215.0,0.5814,445.0,0.5815,631.0
1753600304197,07:11:44.197,phemex,A/USDT:USDT,0.5802,216.0,0.5801,215.0,0.5814,445.0,0.5815,631.0
1753600304203,07:11:44.203,phemex,A/USDT:USDT,0.5801,215.0,0.58,576.0,0.5814,445.0,0.5815,631.0
1753600304249,07:11:44.249,phemex,A/USDT:USDT,0.5801,215.0,0.58,576.0,0.5811,664.0,0.5814,445.0
1753600304307,07:11:44.307,phemex,A/USDT:USDT,0.5801,215.0,0.58,576.0,0.5811,664.0,0.5812,219.0
1753600304343,07:11:44.343,phemex,A/USDT:USDT,0.5801,215.0,0.58,576.0,0.5812,219.0,0.5814,1390.0
1753600304380,07:11:44.380,phemex,A/USDT:USDT,0.5801,215.0,0.58,576.0,0.5812,219.0,0.5814,1390.0
1753600304925,07:11:44.925,phemex,A/USDT:USDT,0.5801,215.0,0.58,576.0,0.5812,219.0,0.5814,1390.0
1753600305073,07:11:45.073,phemex,A/USDT:USDT,0.5801,215.0,0.58,576.0,0.5812,219.0,0.5814,1390.0
1753600306154,07:11:46.154,phemex,A/USDT:USDT,0.5801,215.0,0.58,576.0,0.5809,389.0,0.581,462.0
1753600306182,07:11:46.182,phemex,A/USDT:USDT,0.5801,215.0,0.58,576.0,0.5808,219.0,0.5809,389.0
1753600306210,07:11:46.210,phemex,A/USDT:USDT,0.5801,215.0,0.58,576.0,0.5808,219.0,0.5809,608.0
1753600306739,07:11:46.739,phemex,A/USDT:USDT,0.5801,215.0,0.58,576.0,0.5808,219.0,0.5809,608.0
1753600306757,07:11:46.757,phemex,A/USDT:USDT,0.5801,215.0,0.58,576.0,0.5808,219.0,0.5809,608.0
1753600307286,07:11:47.286,phemex,A/USDT:USDT,0.5801,215.0,0.58,576.0,0.5808,219.0,0.5809,608.0
1753600307301,07:11:47.301,phemex,A/USDT:USDT,0.5801,215.0,0.58,576.0,0.5808,219.0,0.5809,608.0
1753600308630,07:11:48.630,phemex,A/USDT:USDT,0.5801,215.0,0.58,217.0,0.5808,219.0,0.5809,608.0
1753600308645,07:11:48.645,phemex,A/USDT:USDT,0.58,217.0,0.5799,830.0,0.5808,219.0,0.5809,608.0
1753600308705,07:11:48.705,phemex,A/USDT:USDT,0.58,217.0,0.5799,830.0,0.5808,219.0,0.5809,608.0
1753600308835,07:11:48.835,phemex,A/USDT:USDT,0.58,217.0,0.5799,216.0,0.5808,219.0,0.5809,608.0
1753600308846,07:11:48.846,phemex,A/USDT:USDT,0.5799,216.0,0.5798,649.0,0.5808,219.0,0.5809,608.0
1753600308867,07:11:48.867,phemex,A/USDT:USDT,0.5799,216.0,0.5798,649.0,0.5808,219.0,0.5809,608.0
1753600308986,07:11:48.986,phemex,A/USDT:USDT,0.5799,216.0,0.5798,649.0,0.5808,219.0,0.5809,1011.0
1753600309870,07:11:49.870,phemex,A/USDT:USDT,0.5799,216.0,0.5798,649.0,0.5808,219.0,0.5809,1011.0
1753600311103,07:11:51.103,phemex,A/USDT:USDT,0.5799,216.0,0.5798,649.0,0.5808,219.0,0.5809,608.0
1753600311409,07:11:51.409,phemex,A/USDT:USDT,0.5799,216.0,0.5798,649.0,0.5808,701.0,0.5809,608.0
1753600311422,07:11:51.422,phemex,A/USDT:USDT,0.5799,216.0,0.5798,649.0,0.5807,212.0,0.5808,701.0
1753600312847,07:11:52.847,phemex,A/USDT:USDT,0.5799,216.0,0.5798,649.0,0.5807,212.0,0.5808,701.0
1753600314070,07:11:54.070,phemex,A/USDT:USDT,0.5799,216.0,0.5798,649.0,0.5807,212.0,0.5808,701.0
1753600314084,07:11:54.084,phemex,A/USDT:USDT,0.5799,216.0,0.5798,649.0,0.5807,212.0,0.5808,2137.0
1753600314112,07:11:54.112,phemex,A/USDT:USDT,0.5799,216.0,0.5798,215.0,0.5807,212.0,0.5808,2137.0
1753600314123,07:11:54.123,phemex,A/USDT:USDT,0.5798,215.0,0.5797,216.0,0.5807,212.0,0.5808,2137.0
1753600314151,07:11:54.151,phemex,A/USDT:USDT,0.5797,216.0,0.5796,660.0,0.5807,212.0,0.5808,2137.0
1753600314209,07:11:54.209,phemex,A/USDT:USDT,0.5797,216.0,0.5796,660.0,0.5807,212.0,0.5808,2137.0
1753600314250,07:11:54.250,phemex,A/USDT:USDT,0.5797,216.0,0.5796,660.0,0.5807,212.0,0.5808,2137.0
1753600314523,07:11:54.523,phemex,A/USDT:USDT,0.5797,216.0,0.5796,660.0,0.5807,212.0,0.5808,2137.0
1753600314672,07:11:54.672,phemex,A/USDT:USDT,0.5797,216.0,0.5796,660.0,0.5807,212.0,0.5808,2137.0
1753600316220,07:11:56.220,phemex,A/USDT:USDT,0.5797,216.0,0.5796,660.0,0.5807,212.0,0.5808,2137.0
1753600316233,07:11:56.233,phemex,A/USDT:USDT,0.5797,216.0,0.5796,660.0,0.5807,212.0,0.5808,2137.0
1753600316499,07:11:56.499,phemex,A/USDT:USDT,0.5797,216.0,0.5796,660.0,0.5807,212.0,0.5808,2137.0
1753600317552,07:11:57.552,phemex,A/USDT:USDT,0.5797,216.0,0.5796,660.0,0.5807,212.0,0.5808,2290.0
1753600317553,07:11:57.553,phemex,A/USDT:USDT,0.5797,216.0,0.5796,660.0,0.5807,465.0,0.5808,2290.0
1753600317615,07:11:57.615,phemex,A/USDT:USDT,0.5797,216.0,0.5796,660.0,0.5806,215.0,0.5807,465.0
1753600319602,07:11:59.602,phemex,A/USDT:USDT,0.5797,216.0,0.5796,660.0,0.5806,215.0,0.5807,465.0
1753600319906,07:11:59.906,phemex,A/USDT:USDT,0.5798,166.0,0.5797,860.0,0.5806,215.0,0.5807,465.0
1753600319928,07:11:59.928,phemex,A/USDT:USDT,0.5799,215.0,0.5798,166.0,0.5806,215.0,0.5807,465.0
1753600320413,07:12:00.413,phemex,A/USDT:USDT,0.5799,215.0,0.5798,166.0,0.5806,215.0,0.5807,212.0
1753600320437,07:12:00.437,phemex,A/USDT:USDT,0.5799,215.0,0.5798,166.0,0.5807,212.0,0.5808,1655.0
1753600320458,07:12:00.458,phemex,A/USDT:USDT,0.5799,215.0,0.5798,166.0,0.5807,212.0,0.5808,1655.0
1753600320482,07:12:00.482,phemex,A/USDT:USDT,0.5799,215.0,0.5798,166.0,0.5807,212.0,0.5808,1655.0
1753600320561,07:12:00.561,phemex,A/USDT:USDT,0.5799,215.0,0.5798,166.0,0.5807,212.0,0.5808,1655.0
1753600321983,07:12:01.983,phemex,A/USDT:USDT,0.5799,215.0,0.5798,166.0,0.5807,212.0,0.5808,1655.0
1753600322003,07:12:02.003,phemex,A/USDT:USDT,0.5799,215.0,0.5798,166.0,0.5807,212.0,0.5808,1655.0
1753600322314,07:12:02.314,phemex,A/USDT:USDT,0.5799,215.0,0.5798,166.0,0.5807,212.0,0.5808,1655.0
1753600322315,07:12:02.315,phemex,A/USDT:USDT,0.5799,215.0,0.5798,166.0,0.5807,212.0,0.5808,2199.0
1753600322469,07:12:02.469,phemex,A/USDT:USDT,0.5799,215.0,0.5798,166.0,0.5807,212.0,0.5808,1655.0
1753600325758,07:12:05.758,phemex,A/USDT:USDT,0.5799,589.0,0.5798,384.0,0.5807,435.0,0.5808,1872.0
1753600325778,07:12:05.778,phemex,A/USDT:USDT,0.58,215.0,0.5799,589.0,0.5806,215.0,0.5807,435.0
1753600326320,07:12:06.320,phemex,A/USDT:USDT,0.58,215.0,0.5799,589.0,0.5806,215.0,0.5807,212.0
1753600326349,07:12:06.349,phemex,A/USDT:USDT,0.58,215.0,0.5799,589.0,0.5807,212.0,0.5808,1655.0
1753600326386,07:12:06.386,phemex,A/USDT:USDT,0.58,215.0,0.5799,589.0,0.5807,212.0,0.5808,1655.0
1753600326472,07:12:06.472,phemex,A/USDT:USDT,0.58,215.0,0.5799,589.0,0.5807,212.0,0.5808,1655.0
1753600327818,07:12:07.818,phemex,A/USDT:USDT,0.58,215.0,0.5799,589.0,0.5807,212.0,0.5808,1794.0
1753600327846,07:12:07.846,phemex,A/USDT:USDT,0.58,215.0,0.5799,589.0,0.5807,212.0,0.5808,1794.0
1753600327850,07:12:07.850,phemex,A/USDT:USDT,0.58,215.0,0.5799,589.0,0.5807,212.0,0.5808,1794.0
1753600331273,07:12:11.273,phemex,A/USDT:USDT,0.58,215.0,0.5799,589.0,0.5807,212.0,0.5808,1794.0
1753600331623,07:12:11.623,phemex,A/USDT:USDT,0.58,215.0,0.5799,589.0,0.5807,661.0,0.5808,1794.0
1753600331645,07:12:11.645,phemex,A/USDT:USDT,0.58,215.0,0.5799,589.0,0.5806,222.0,0.5807,661.0
1753600332947,07:12:12.947,phemex,A/USDT:USDT,0.58,215.0,0.5799,589.0,0.5806,413.0,0.5807,821.0
1753600332965,07:12:12.965,phemex,A/USDT:USDT,0.58,215.0,0.5799,589.0,0.5805,222.0,0.5806,413.0
1753600333379,07:12:13.379,phemex,A/USDT:USDT,0.58,215.0,0.5799,589.0,0.5805,222.0,0.5806,413.0
1753600333431,07:12:13.431,phemex,A/USDT:USDT,0.58,215.0,0.5799,589.0,0.5805,222.0,0.5806,413.0
1753600333848,07:12:13.848,phemex,A/USDT:USDT,0.58,215.0,0.5799,589.0,0.5805,222.0,0.5806,413.0
1753600333853,07:12:13.853,phemex,A/USDT:USDT,0.58,215.0,0.5799,589.0,0.5805,222.0,0.5806,413.0
1753600334949,07:12:14.949,phemex,A/USDT:USDT,0.5799,374.0,0.5798,190.0,0.5805,222.0,0.5806,413.0
1753600334997,07:12:14.997,phemex,A/USDT:USDT,0.5799,374.0,0.5798,412.0,0.5805,222.0,0.5806,413.0
1753600335024,07:12:15.024,phemex,A/USDT:USDT,0.5797,216.0,0.5796,216.0,0.5805,222.0,0.5806,413.0
1753600335033,07:12:15.033,phemex,A/USDT:USDT,0.5796,216.0,0.5795,217.0,0.5805,222.0,0.5806,413.0
1753600335055,07:12:15.055,phemex,A/USDT:USDT,0.5795,217.0,0.5794,756.0,0.5805,222.0,0.5806,413.0
1753600335094,07:12:15.094,phemex,A/USDT:USDT,0.5795,217.0,0.5794,756.0,0.5805,222.0,0.5806,413.0
1753600335122,07:12:15.122,phemex,A/USDT:USDT,0.5795,217.0,0.5794,756.0,0.5805,222.0,0.5806,413.0
1753600335164,07:12:15.164,phemex,A/USDT:USDT,0.5795,217.0,0.5794,756.0,0.5805,222.0,0.5806,413.0
1753600336064,07:12:16.064,phemex,A/USDT:USDT,0.5795,217.0,0.5794,756.0,0.5805,222.0,0.5806,413.0
1753600336071,07:12:16.071,phemex,A/USDT:USDT,0.5795,217.0,0.5794,756.0,0.5805,222.0,0.5806,413.0
1753600336336,07:12:16.336,phemex,A/USDT:USDT,0.5795,217.0,0.5794,756.0,0.5805,222.0,0.5806,413.0
1753600336528,07:12:16.528,phemex,A/USDT:USDT,0.5795,217.0,0.5794,756.0,0.5805,222.0,0.5806,413.0
1753600337004,07:12:17.004,phemex,A/USDT:USDT,0.5795,217.0,0.5794,756.0,0.5803,253.0,0.5804,186.0
1753600337034,07:12:17.034,phemex,A/USDT:USDT,0.5795,217.0,0.5794,756.0,0.5802,222.0,0.5803,253.0
1753600337090,07:12:17.090,phemex,A/USDT:USDT,0.5795,217.0,0.5794,756.0,0.5802,222.0,0.5803,475.0
1753600337610,07:12:17.610,phemex,A/USDT:USDT,0.5795,217.0,0.5794,756.0,0.5802,222.0,0.5803,475.0
1753600338081,07:12:18.081,phemex,A/USDT:USDT,0.5795,217.0,0.5794,756.0,0.5802,222.0,0.5803,475.0
1753600338593,07:12:18.593,phemex,A/USDT:USDT,0.5795,217.0,0.5794,756.0,0.5802,222.0,0.5803,475.0
1753600338593,07:12:18.593,phemex,A/USDT:USDT,0.5795,217.0,0.5794,756.0,0.5802,222.0,0.5803,475.0
1753600339209,07:12:19.209,phemex,A/USDT:USDT,0.5795,217.0,0.5794,756.0,0.5802,222.0,0.5803,475.0
1753600340068,07:12:20.068,phemex,A/USDT:USDT,0.5796,252.0,0.5795,761.0,0.5802,222.0,0.5803,475.0
1753600340157,07:12:20.157,phemex,A/USDT:USDT,0.5797,222.0,0.5796,474.0,0.5802,222.0,0.5803,475.0
1753600340203,07:12:20.203,phemex,A/USDT:USDT,0.5797,222.0,0.5796,474.0,0.5802,222.0,0.5803,222.0
1753600340234,07:12:20.234,phemex,A/USDT:USDT,0.5797,222.0,0.5796,474.0,0.5803,222.0,0.5804,436.0
1753600340872,07:12:20.872,phemex,A/USDT:USDT,0.5797,222.0,0.5796,474.0,0.5803,222.0,0.5804,436.0
1753600340968,07:12:20.968,phemex,A/USDT:USDT,0.5797,222.0,0.5796,474.0,0.5803,222.0,0.5804,436.0
1753600341643,07:12:21.643,phemex,A/USDT:USDT,0.5797,222.0,0.5796,474.0,0.5803,222.0,0.5804,436.0
1753600341922,07:12:21.922,phemex,A/USDT:USDT,0.5797,222.0,0.5796,474.0,0.5803,222.0,0.5804,436.0
1753600342457,07:12:22.457,phemex,A/USDT:USDT,0.5797,222.0,0.5796,222.0,0.5803,222.0,0.5804,436.0
1753600342470,07:12:22.470,phemex,A/USDT:USDT,0.5796,222.0,0.5795,217.0,0.5803,222.0,0.5804,436.0
1753600342509,07:12:22.509,phemex,A/USDT:USDT,0.5795,217.0,0.5794,364.0,0.5803,222.0,0.5804,436.0
1753600342528,07:12:22.528,phemex,A/USDT:USDT,0.5795,217.0,0.5794,364.0,0.5803,222.0,0.5804,436.0
1753600342711,07:12:22.711,phemex,A/USDT:USDT,0.5795,217.0,0.5794,364.0,0.5803,222.0,0.5804,436.0
1753600342861,07:12:22.861,phemex,A/USDT:USDT,0.5795,217.0,0.5794,364.0,0.5803,222.0,0.5804,436.0
1753600344797,07:12:24.797,phemex,A/USDT:USDT,0.5795,217.0,0.5794,364.0,0.5803,222.0,0.5804,436.0
1753600344841,07:12:24.841,phemex,A/USDT:USDT,0.5795,217.0,0.5794,364.0,0.5803,222.0,0.5804,436.0
1753600345299,07:12:25.299,phemex,A/USDT:USDT,0.5795,217.0,0.5794,364.0,0.5803,222.0,0.5804,436.0
1753600345674,07:12:25.674,phemex,A/USDT:USDT,0.5795,217.0,0.5794,364.0,0.5801,157.0,0.5802,542.0
1753600345695,07:12:25.695,phemex,A/USDT:USDT,0.5795,217.0,0.5794,364.0,0.58,222.0,0.5801,157.0
1753600345718,07:12:25.718,phemex,A/USDT:USDT,0.5795,217.0,0.5794,364.0,0.58,222.0,0.5801,157.0
1753600345761,07:12:25.761,phemex,A/USDT:USDT,0.5795,217.0,0.5794,364.0,0.58,222.0,0.5801,157.0
1753600345795,07:12:25.795,phemex,A/USDT:USDT,0.5795,217.0,0.5794,364.0,0.58,222.0,0.5801,157.0
1753600346610,07:12:26.610,phemex,A/USDT:USDT,0.5795,217.0,0.5794,364.0,0.58,222.0,0.5801,157.0
1753600347520,07:12:27.520,phemex,A/USDT:USDT,0.5795,520.0,0.5794,535.0,0.58,222.0,0.5801,157.0
1753600347540,07:12:27.540,phemex,A/USDT:USDT,0.5796,220.0,0.5795,520.0,0.58,222.0,0.5801,157.0
1753600347559,07:12:27.559,phemex,A/USDT:USDT,0.5796,220.0,0.5795,520.0,0.58,222.0,0.5801,157.0
1753600350873,07:12:30.873,phemex,A/USDT:USDT,0.5796,220.0,0.5795,520.0,0.58,633.0,0.5801,304.0
1753600350889,07:12:30.889,phemex,A/USDT:USDT,0.5796,220.0,0.5795,520.0,0.5799,220.0,0.58,633.0
1753600350914,07:12:30.914,phemex,A/USDT:USDT,0.5796,220.0,0.5795,520.0,0.5799,220.0,0.58,633.0
1753600350932,07:12:30.932,phemex,A/USDT:USDT,0.5796,220.0,0.5795,520.0,0.5799,220.0,0.58,633.0
1753600352905,07:12:32.905,phemex,A/USDT:USDT,0.5796,220.0,0.5795,520.0,0.5799,220.0,0.58,633.0
1753600352947,07:12:32.947,phemex,A/USDT:USDT,0.5796,390.0,0.5795,537.0,0.58,633.0,0.5801,524.0
1753600353068,07:12:33.068,phemex,A/USDT:USDT,0.5797,220.0,0.5796,390.0,0.58,633.0,0.5801,524.0
1753600353095,07:12:33.095,phemex,A/USDT:USDT,0.5797,220.0,0.5796,390.0,0.58,633.0,0.5801,524.0
1753600353152,07:12:33.152,phemex,A/USDT:USDT,0.5797,220.0,0.5796,390.0,0.58,633.0,0.5801,524.0
1753600353313,07:12:33.313,phemex,A/USDT:USDT,0.5797,220.0,0.5796,390.0,0.58,633.0,0.5801,524.0
1753600353331,07:12:33.331,phemex,A/USDT:USDT,0.5797,220.0,0.5796,390.0,0.58,633.0,0.5801,220.0
1753600353332,07:12:33.332,phemex,A/USDT:USDT,0.5797,220.0,0.5796,390.0,0.58,222.0,0.5801,396.0
1753600353394,07:12:33.394,phemex,A/USDT:USDT,0.5797,220.0,0.5796,390.0,0.58,222.0,0.5801,396.0
1753600353426,07:12:33.426,phemex,A/USDT:USDT,0.5797,220.0,0.5796,390.0,0.58,222.0,0.5801,396.0
1753600354017,07:12:34.017,phemex,A/USDT:USDT,0.5797,220.0,0.5796,220.0,0.58,222.0,0.5801,396.0
1753600354031,07:12:34.031,phemex,A/USDT:USDT,0.5796,220.0,0.5795,391.0,0.58,222.0,0.5801,396.0
1753600354051,07:12:34.051,phemex,A/USDT:USDT,0.5796,220.0,0.5795,391.0,0.58,222.0,0.5801,396.0
1753600354152,07:12:34.152,phemex,A/USDT:USDT,0.5796,220.0,0.5795,391.0,0.58,222.0,0.5801,396.0
1753600354424,07:12:34.424,phemex,A/USDT:USDT,0.5796,220.0,0.5795,391.0,0.58,222.0,0.5801,396.0
1753600357264,07:12:37.264,phemex,A/USDT:USDT,0.5796,220.0,0.5795,391.0,0.58,222.0,0.5801,396.0
1753600357271,07:12:37.271,phemex,A/USDT:USDT,0.5796,220.0,0.5795,391.0,0.58,222.0,0.5801,396.0
1753600357322,07:12:37.322,phemex,A/USDT:USDT,0.5796,220.0,0.5795,391.0,0.58,222.0,0.5801,396.0
1753600357849,07:12:37.849,phemex,A/USDT:USDT,0.5796,220.0,0.5795,391.0,0.58,222.0,0.5801,396.0
1753600358279,07:12:38.279,phemex,A/USDT:USDT,0.5796,220.0,0.5795,391.0,0.58,222.0,0.5801,396.0
1753600358746,07:12:38.746,phemex,A/USDT:USDT,0.5796,220.0,0.5795,391.0,0.58,222.0,0.5801,396.0
1753600358890,07:12:38.890,phemex,A/USDT:USDT,0.5796,220.0,0.5795,391.0,0.58,403.0,0.5801,814.0
1753600358944,07:12:38.944,phemex,A/USDT:USDT,0.5796,220.0,0.5795,391.0,0.5799,215.0,0.58,403.0
1753600359045,07:12:39.045,phemex,A/USDT:USDT,0.5796,220.0,0.5795,391.0,0.5799,215.0,0.58,403.0
1753600362071,07:12:42.071,phemex,A/USDT:USDT,0.5796,220.0,0.5795,391.0,0.5799,215.0,0.58,403.0
1753600363228,07:12:43.228,phemex,A/USDT:USDT,0.5796,220.0,0.5795,638.0,0.5799,215.0,0.58,403.0
1753600363674,07:12:43.674,phemex,A/USDT:USDT,0.5796,220.0,0.5795,638.0,0.5799,215.0,0.58,403.0
1753600363693,07:12:43.693,phemex,A/USDT:USDT,0.5796,220.0,0.5795,638.0,0.5799,215.0,0.58,403.0
1753600364163,07:12:44.163,phemex,A/USDT:USDT,0.5796,220.0,0.5795,638.0,0.5799,443.0,0.58,774.0
1753600364200,07:12:44.200,phemex,A/USDT:USDT,0.5796,220.0,0.5795,638.0,0.5798,215.0,0.5799,443.0
1753600365501,07:12:45.501,phemex,A/USDT:USDT,0.5796,220.0,0.5795,638.0,0.5798,215.0,0.5799,443.0
1753600368406,07:12:48.406,phemex,A/USDT:USDT,0.5796,220.0,0.5795,638.0,0.5798,215.0,0.5799,443.0
1753600372854,07:12:52.854,phemex,A/USDT:USDT,0.5796,220.0,0.5795,638.0,0.5798,215.0,0.5799,443.0
1753600372888,07:12:52.888,phemex,A/USDT:USDT,0.5796,220.0,0.5795,638.0,0.5798,215.0,0.5799,443.0
1753600372926,07:12:52.926,phemex,A/USDT:USDT,0.5796,220.0,0.5795,638.0,0.5798,215.0,0.5799,443.0
1753600376975,07:12:56.975,phemex,A/USDT:USDT,0.5796,220.0,0.5795,638.0,0.5798,215.0,0.5799,443.0
1753600377093,07:12:57.093,phemex,A/USDT:USDT,0.5796,220.0,0.5795,638.0,0.5798,215.0,0.5799,443.0
1753600377302,07:12:57.302,phemex,A/USDT:USDT,0.5796,220.0,0.5795,638.0,0.5798,215.0,0.5799,443.0
1753600377402,07:12:57.402,phemex,A/USDT:USDT,0.5796,220.0,0.5795,638.0,0.5798,215.0,0.5799,443.0
1753600377672,07:12:57.672,phemex,A/USDT:USDT,0.5796,220.0,0.5795,638.0,0.5798,215.0,0.5799,443.0
1753600378099,07:12:58.099,phemex,A/USDT:USDT,0.5796,220.0,0.5795,638.0,0.5798,215.0,0.5799,443.0
1753600378296,07:12:58.296,phemex,A/USDT:USDT,0.5796,220.0,0.5795,638.0,0.5798,215.0,0.5799,443.0
1753600378842,07:12:58.842,phemex,A/USDT:USDT,0.5796,220.0,0.5795,638.0,0.5798,215.0,0.5799,443.0
1753600378857,07:12:58.857,phemex,A/USDT:USDT,0.5796,220.0,0.5795,638.0,0.5798,215.0,0.5799,443.0
1753600379898,07:12:59.898,phemex,A/USDT:USDT,0.5796,220.0,0.5795,638.0,0.5798,215.0,0.5799,443.0
1753600380025,07:13:00.025,phemex,A/USDT:USDT,0.5796,220.0,0.5795,638.0,0.5798,215.0,0.5799,443.0
1753600380312,07:13:00.312,phemex,A/USDT:USDT,0.5796,220.0,0.5795,638.0,0.5799,228.0,0.58,774.0
1753600380353,07:13:00.353,phemex,A/USDT:USDT,0.5796,220.0,0.5795,638.0,0.5799,228.0,0.58,774.0
1753600380368,07:13:00.368,phemex,A/USDT:USDT,0.5796,408.0,0.5795,810.0,0.5801,220.0,0.5802,1238.0
1753600380384,07:13:00.384,phemex,A/USDT:USDT,0.5797,212.0,0.5796,408.0,0.5802,1238.0,0.5803,683.0
1753600380410,07:13:00.410,phemex,A/USDT:USDT,0.5797,212.0,0.5796,408.0,0.5801,212.0,0.5803,222.0
1753600380429,07:13:00.429,phemex,A/USDT:USDT,0.5797,212.0,0.5796,408.0,0.5803,222.0,0.5804,1539.0
1753600380438,07:13:00.438,phemex,A/USDT:USDT,0.5797,212.0,0.5796,408.0,0.5803,222.0,0.5804,1539.0
1753600380461,07:13:00.461,phemex,A/USDT:USDT,0.5797,212.0,0.5796,408.0,0.5804,1539.0,0.5806,222.0
1753600380484,07:13:00.484,phemex,A/USDT:USDT,0.5797,212.0,0.5796,408.0,0.5804,1539.0,0.5806,222.0
1753600380510,07:13:00.510,phemex,A/USDT:USDT,0.5797,212.0,0.5796,408.0,0.5804,1539.0,0.5806,222.0
1753600380711,07:13:00.711,phemex,A/USDT:USDT,0.5797,212.0,0.5796,408.0,0.5804,1539.0,0.5806,222.0
1753600380719,07:13:00.719,phemex,A/USDT:USDT,0.5797,212.0,0.5796,408.0,0.5803,212.0,0.5804,1539.0
1753600382465,07:13:02.465,phemex,A/USDT:USDT,0.5797,212.0,0.5796,408.0,0.5803,212.0,0.5804,1539.0
1753600382472,07:13:02.472,phemex,A/USDT:USDT,0.5797,212.0,0.5796,408.0,0.5803,212.0,0.5804,1539.0
1753600383326,07:13:03.326,phemex,A/USDT:USDT,0.5797,212.0,0.5796,408.0,0.5803,212.0,0.5804,1539.0
1753600383367,07:13:03.367,phemex,A/USDT:USDT,0.5797,212.0,0.5796,408.0,0.5803,212.0,0.5804,1539.0
1753600384841,07:13:04.841,phemex,A/USDT:USDT,0.5797,212.0,0.5796,408.0,0.5803,212.0,0.5804,1539.0
1753600384847,07:13:04.847,phemex,A/USDT:USDT,0.5797,212.0,0.5796,408.0,0.5803,212.0,0.5804,1539.0
1753600386029,07:13:06.029,phemex,A/USDT:USDT,0.5799,438.0,0.5798,415.0,0.5802,572.0,0.5803,449.0
1753600386047,07:13:06.047,phemex,A/USDT:USDT,0.58,212.0,0.5799,438.0,0.5802,572.0,0.5803,449.0
1753600386069,07:13:06.069,phemex,A/USDT:USDT,0.58,212.0,0.5799,650.0,0.5802,572.0,0.5803,449.0
1753600386248,07:13:06.248,phemex,A/USDT:USDT,0.58,212.0,0.5799,650.0,0.5803,411.0,0.5804,222.0
1753600386596,07:13:06.596,phemex,A/USDT:USDT,0.58,212.0,0.5799,650.0,0.5802,212.0,0.5803,411.0
1753600387288,07:13:07.288,phemex,A/USDT:USDT,0.58,212.0,0.5799,650.0,0.5802,212.0,0.5803,411.0
1753600387306,07:13:07.306,phemex,A/USDT:USDT,0.58,212.0,0.5799,650.0,0.5802,212.0,0.5803,411.0
1753600387441,07:13:07.441,phemex,A/USDT:USDT,0.58,212.0,0.5799,212.0,0.5802,212.0,0.5803,411.0
1753600387470,07:13:07.470,phemex,A/USDT:USDT,0.5799,212.0,0.5798,394.0,0.5802,212.0,0.5803,411.0
1753600391303,07:13:11.303,phemex,A/USDT:USDT,0.5799,212.0,0.5798,394.0,0.5802,212.0,0.5803,1002.0
1753600391325,07:13:11.325,phemex,A/USDT:USDT,0.5799,212.0,0.5798,394.0,0.5802,212.0,0.5803,1002.0
1753600392087,07:13:12.087,phemex,A/USDT:USDT,0.5799,212.0,0.5798,394.0,0.5802,212.0,0.5803,1002.0
1753600392231,07:13:12.231,phemex,A/USDT:USDT,0.5799,212.0,0.5798,394.0,0.5803,1002.0,0.5804,629.0
1753600392268,07:13:12.268,phemex,A/USDT:USDT,0.5799,212.0,0.5798,394.0,0.5803,1002.0,0.5804,629.0
1753600393324,07:13:13.324,phemex,A/USDT:USDT,0.5799,212.0,0.5798,394.0,0.5802,215.0,0.5803,1002.0
1753600393372,07:13:13.372,phemex,A/USDT:USDT,0.5799,212.0,0.5798,937.0,0.5802,215.0,0.5803,1002.0
1753600396850,07:13:16.850,phemex,A/USDT:USDT,0.5799,212.0,0.5798,937.0,0.5802,215.0,0.5803,1002.0
1753600396850,07:13:16.850,phemex,A/USDT:USDT,0.5799,212.0,0.5798,937.0,0.5802,215.0,0.5803,1002.0
1753600399370,07:13:19.370,phemex,A/USDT:USDT,0.58,170.0,0.5799,212.0,0.5805,377.0,0.5806,412.0
1753600399386,07:13:19.386,phemex,A/USDT:USDT,0.5801,216.0,0.58,170.0,0.5804,216.0,0.5805,377.0
1753600399447,07:13:19.447,phemex,A/USDT:USDT,0.5801,216.0,0.58,170.0,0.5804,216.0,0.5805,377.0
1753600399471,07:13:19.471,phemex,A/USDT:USDT,0.5801,216.0,0.58,170.0,0.5804,216.0,0.5805,377.0
1753600399504,07:13:19.504,phemex,A/USDT:USDT,0.5801,216.0,0.58,170.0,0.5804,216.0,0.5805,377.0
1753600400394,07:13:20.394,phemex,A/USDT:USDT,0.5801,216.0,0.58,170.0,0.5804,216.0,0.5805,377.0
1753600402210,07:13:22.210,phemex,A/USDT:USDT,0.5801,216.0,0.58,170.0,0.5804,216.0,0.5805,377.0
1753600403673,07:13:23.673,phemex,A/USDT:USDT,0.5801,216.0,0.58,170.0,0.5804,216.0,0.5805,377.0
1753600404433,07:13:24.433,phemex,A/USDT:USDT,0.5801,436.0,0.58,566.0,0.5804,591.0,0.5805,579.0
1753600404439,07:13:24.439,phemex,A/USDT:USDT,0.5801,436.0,0.58,566.0,0.5804,591.0,0.5805,579.0
1753600404442,07:13:24.442,phemex,A/USDT:USDT,0.5802,216.0,0.5801,436.0,0.5804,591.0,0.5805,579.0
1753600405091,07:13:25.091,phemex,A/USDT:USDT,0.5802,216.0,0.5801,436.0,0.5804,216.0,0.5805,216.0
1753600405109,07:13:25.109,phemex,A/USDT:USDT,0.5802,216.0,0.5801,436.0,0.5805,216.0,0.5806,431.0
1753600405142,07:13:25.142,phemex,A/USDT:USDT,0.5802,216.0,0.5801,436.0,0.5805,216.0,0.5806,431.0
1753600405994,07:13:25.994,phemex,A/USDT:USDT,0.5802,216.0,0.5801,436.0,0.5805,216.0,0.5806,431.0
1753600406024,07:13:26.024,phemex,A/USDT:USDT,0.5802,216.0,0.5801,436.0,0.5805,216.0,0.5806,431.0
1753600406237,07:13:26.237,phemex,A/USDT:USDT,0.5801,216.0,0.58,365.0,0.5805,216.0,0.5806,431.0
1753600406242,07:13:26.242,phemex,A/USDT:USDT,0.58,365.0,0.5799,212.0,0.5805,216.0,0.5806,431.0
1753600406575,07:13:26.575,phemex,A/USDT:USDT,0.5801,216.0,0.58,365.0,0.5805,216.0,0.5806,431.0
1753600408464,07:13:28.464,phemex,A/USDT:USDT,0.5801,216.0,0.58,365.0,0.5805,216.0,0.5806,431.0
1753600408523,07:13:28.523,phemex,A/USDT:USDT,0.5801,216.0,0.58,365.0,0.5805,216.0,0.5806,431.0
1753600409161,07:13:29.161,phemex,A/USDT:USDT,0.5801,216.0,0.58,365.0,0.5805,219.0,0.5806,431.0
1753600410119,07:13:30.119,phemex,A/USDT:USDT,0.5801,216.0,0.58,365.0,0.5805,1061.0,0.5806,1342.0
1753600410144,07:13:30.144,phemex,A/USDT:USDT,0.5801,216.0,0.58,365.0,0.5804,219.0,0.5805,1061.0
1753600411404,07:13:31.404,phemex,A/USDT:USDT,0.5801,453.0,0.58,739.0,0.5804,219.0,0.5805,1061.0
