timestamp,time,exchange,symbol,bid1_price,bid1_volume,bid2_price,bid2_volume,ask1_price,ask1_volume,ask2_price,ask2_volume
1753599991988,07:06:31.988,phemex,AEVO/USDT:USDT,0.1117,17449.0,0.1116,25379.0,0.1119,24201.0,0.112,659.0
1753599992183,07:06:32.183,phemex,AEVO/USDT:USDT,0.1117,17449.0,0.1116,25379.0,0.1119,15659.0,0.112,659.0
1753599992859,07:06:32.859,phemex,AEVO/USDT:USDT,0.1117,17449.0,0.1116,25379.0,0.1119,15659.0,0.112,659.0
1753599993022,07:06:33.022,phemex,AEVO/USDT:USDT,0.1118,659.0,0.1117,17449.0,0.1119,15659.0,0.112,659.0
1753599994915,07:06:34.915,phemex,AEVO/USDT:USDT,0.1118,659.0,0.1117,17449.0,0.1119,15659.0,0.112,659.0
1753599994946,07:06:34.946,phemex,AEVO/USDT:USDT,0.1118,659.0,0.1117,17449.0,0.1119,15659.0,0.112,659.0
1753599997660,07:06:37.660,phemex,AEVO/USDT:USDT,0.1118,659.0,0.1117,17449.0,0.1119,15659.0,0.112,659.0
1753599997993,07:06:37.993,phemex,AEVO/USDT:USDT,0.1118,659.0,0.1117,17449.0,0.1119,15659.0,0.112,659.0
1753599998020,07:06:38.020,phemex,AEVO/USDT:USDT,0.1118,659.0,0.1117,17449.0,0.1119,15659.0,0.112,659.0
1753599998050,07:06:38.050,phemex,AEVO/USDT:USDT,0.1118,659.0,0.1117,17449.0,0.1119,15659.0,0.112,659.0
1753599998203,07:06:38.203,phemex,AEVO/USDT:USDT,0.1118,659.0,0.1117,17449.0,0.1119,15659.0,0.112,659.0
1753599998214,07:06:38.214,phemex,AEVO/USDT:USDT,0.1118,659.0,0.1117,17449.0,0.1119,15659.0,0.112,659.0
1753599998236,07:06:38.236,phemex,AEVO/USDT:USDT,0.1118,659.0,0.1117,17449.0,0.1119,15659.0,0.112,659.0
1753599999425,07:06:39.425,phemex,AEVO/USDT:USDT,0.1117,17449.0,0.1116,26428.0,0.1119,15659.0,0.112,659.0
1753599999459,07:06:39.459,phemex,AEVO/USDT:USDT,0.1118,659.0,0.1117,17449.0,0.1119,15659.0,0.112,659.0
1753599999491,07:06:39.491,phemex,AEVO/USDT:USDT,0.1118,659.0,0.1117,17449.0,0.1119,15659.0,0.112,659.0
1753600001160,07:06:41.160,phemex,AEVO/USDT:USDT,0.1118,659.0,0.1117,17449.0,0.1119,15659.0,0.112,659.0
1753600001267,07:06:41.267,phemex,AEVO/USDT:USDT,0.1118,659.0,0.1117,17449.0,0.1119,15659.0,0.112,659.0
1753600003822,07:06:43.822,phemex,AEVO/USDT:USDT,0.1118,659.0,0.1117,17449.0,0.1119,15659.0,0.112,659.0
1753600003848,07:06:43.848,phemex,AEVO/USDT:USDT,0.1118,659.0,0.1117,17449.0,0.1119,15659.0,0.112,659.0
1753600004193,07:06:44.193,phemex,AEVO/USDT:USDT,0.1118,659.0,0.1117,17449.0,0.1119,15659.0,0.112,659.0
1753600004207,07:06:44.207,phemex,AEVO/USDT:USDT,0.1118,659.0,0.1117,17449.0,0.1119,15659.0,0.112,659.0
1753600004228,07:06:44.228,phemex,AEVO/USDT:USDT,0.1118,659.0,0.1117,17449.0,0.1119,15659.0,0.112,659.0
1753600004825,07:06:44.825,phemex,AEVO/USDT:USDT,0.1118,2447.0,0.1117,15659.0,0.1119,648.0,0.112,8287.0
1753600004834,07:06:44.834,phemex,AEVO/USDT:USDT,0.1118,659.0,0.1117,31135.0,0.1119,648.0,0.112,8287.0
1753600004850,07:06:44.850,phemex,AEVO/USDT:USDT,0.1118,2447.0,0.1117,15659.0,0.112,8287.0,0.1121,659.0
1753600004896,07:06:44.896,phemex,AEVO/USDT:USDT,0.1118,2447.0,0.1117,15659.0,0.112,8287.0,0.1121,659.0
1753600005127,07:06:45.127,phemex,AEVO/USDT:USDT,0.1118,2447.0,0.1117,15659.0,0.112,23287.0,0.1121,659.0
1753600005590,07:06:45.590,phemex,AEVO/USDT:USDT,0.1119,648.0,0.1118,2447.0,0.112,23287.0,0.1121,659.0
1753600006753,07:06:46.753,phemex,AEVO/USDT:USDT,0.1119,648.0,0.1118,2447.0,0.112,23287.0,0.1121,659.0
1753600006792,07:06:46.792,phemex,AEVO/USDT:USDT,0.1119,648.0,0.1118,2447.0,0.112,23287.0,0.1121,659.0
1753600007850,07:06:47.850,phemex,AEVO/USDT:USDT,0.1119,648.0,0.1118,2447.0,0.112,23287.0,0.1121,659.0
1753600007859,07:06:47.859,phemex,AEVO/USDT:USDT,0.1119,648.0,0.1118,2447.0,0.112,23287.0,0.1121,659.0
1753600007943,07:06:47.943,phemex,AEVO/USDT:USDT,0.1119,648.0,0.1118,2447.0,0.112,15659.0,0.1121,10219.0
1753600007949,07:06:47.949,phemex,AEVO/USDT:USDT,0.1119,648.0,0.1118,2447.0,0.112,659.0,0.1121,10219.0
1753600008094,07:06:48.094,phemex,AEVO/USDT:USDT,0.1119,648.0,0.1118,2447.0,0.112,15659.0,0.1121,10219.0
1753600008441,07:06:48.441,phemex,AEVO/USDT:USDT,0.1119,2435.0,0.1118,659.0,0.112,15659.0,0.1121,10219.0
1753600009260,07:06:49.260,phemex,AEVO/USDT:USDT,0.1119,2435.0,0.1118,659.0,0.112,15659.0,0.1121,10219.0
1753600010284,07:06:50.284,phemex,AEVO/USDT:USDT,0.1119,2435.0,0.1118,659.0,0.112,15659.0,0.1121,10219.0
1753600012235,07:06:52.235,phemex,AEVO/USDT:USDT,0.1119,2435.0,0.1118,659.0,0.112,659.0,0.1121,10219.0
1753600012290,07:06:52.290,phemex,AEVO/USDT:USDT,0.1119,2435.0,0.1118,659.0,0.112,644.0,0.1121,10219.0
1753600012382,07:06:52.382,phemex,AEVO/USDT:USDT,0.1119,2435.0,0.1118,659.0,0.1121,10219.0,0.1122,2422.0
1753600012474,07:06:52.474,phemex,AEVO/USDT:USDT,0.1119,648.0,0.1118,659.0,0.1121,10219.0,0.1122,2422.0
1753600012485,07:06:52.485,phemex,AEVO/USDT:USDT,0.1118,659.0,0.1117,33067.0,0.1121,10219.0,0.1122,2422.0
1753600012504,07:06:52.504,phemex,AEVO/USDT:USDT,0.1118,659.0,0.1117,33067.0,0.1121,10219.0,0.1122,2422.0
1753600012780,07:06:52.780,phemex,AEVO/USDT:USDT,0.1119,1787.0,0.1118,659.0,0.1121,10219.0,0.1122,2422.0
1753600012805,07:06:52.805,phemex,AEVO/USDT:USDT,0.1119,2431.0,0.1118,659.0,0.1121,10219.0,0.1122,2422.0
1753600012805,07:06:52.805,phemex,AEVO/USDT:USDT,0.1119,2431.0,0.1118,659.0,0.1121,10219.0,0.1122,2422.0
1753600013038,07:06:53.038,phemex,AEVO/USDT:USDT,0.1119,2431.0,0.1118,659.0,0.1121,25219.0,0.1122,2422.0
1753600014067,07:06:54.067,phemex,AEVO/USDT:USDT,0.1119,2431.0,0.1118,659.0,0.1121,25219.0,0.1122,2422.0
1753600016199,07:06:56.199,phemex,AEVO/USDT:USDT,0.1119,2431.0,0.1118,659.0,0.1121,25219.0,0.1122,2422.0
1753600017510,07:06:57.510,phemex,AEVO/USDT:USDT,0.1119,2431.0,0.1118,659.0,0.1121,25219.0,0.1122,2422.0
1753600017526,07:06:57.526,phemex,AEVO/USDT:USDT,0.1119,2431.0,0.1118,659.0,0.1121,25219.0,0.1122,2422.0
1753600018038,07:06:58.038,phemex,AEVO/USDT:USDT,0.1119,2431.0,0.1118,14545.0,0.1121,25219.0,0.1122,2422.0
1753600020087,07:07:00.087,phemex,AEVO/USDT:USDT,0.112,649.0,0.1119,2431.0,0.1121,25219.0,0.1122,2422.0
1753600020187,07:07:00.187,phemex,AEVO/USDT:USDT,0.112,649.0,0.1119,2431.0,0.1121,25219.0,0.1122,2422.0
1753600020194,07:07:00.194,phemex,AEVO/USDT:USDT,0.112,649.0,0.1119,2431.0,0.1121,25219.0,0.1122,2422.0
1753600020236,07:07:00.236,phemex,AEVO/USDT:USDT,0.1119,2431.0,0.1118,14545.0,0.1121,25219.0,0.1122,2422.0
1753600020245,07:07:00.245,phemex,AEVO/USDT:USDT,0.1119,2431.0,0.1118,14545.0,0.1121,25219.0,0.1122,2422.0
1753600020336,07:07:00.336,phemex,AEVO/USDT:USDT,0.112,649.0,0.1119,2431.0,0.1121,25219.0,0.1122,2422.0
1753600020811,07:07:00.811,phemex,AEVO/USDT:USDT,0.1119,2431.0,0.1118,14545.0,0.1121,25219.0,0.1122,2422.0
1753600020829,07:07:00.829,phemex,AEVO/USDT:USDT,0.1119,2431.0,0.1118,14545.0,0.1121,25219.0,0.1122,2422.0
1753600020853,07:07:00.853,phemex,AEVO/USDT:USDT,0.1119,2431.0,0.1118,14545.0,0.1121,25219.0,0.1122,2422.0
1753600020870,07:07:00.870,phemex,AEVO/USDT:USDT,0.1119,2431.0,0.1118,14545.0,0.1121,25219.0,0.1122,2422.0
1753600020888,07:07:00.888,phemex,AEVO/USDT:USDT,0.1119,2431.0,0.1118,14545.0,0.1121,25219.0,0.1122,2422.0
1753600021353,07:07:01.353,phemex,AEVO/USDT:USDT,0.112,649.0,0.1119,2431.0,0.1121,25219.0,0.1122,2422.0
1753600021374,07:07:01.374,phemex,AEVO/USDT:USDT,0.112,649.0,0.1119,2431.0,0.1121,25219.0,0.1122,2422.0
1753600021429,07:07:01.429,phemex,AEVO/USDT:USDT,0.1119,2431.0,0.1118,14545.0,0.1121,25219.0,0.1122,2422.0
1753600021474,07:07:01.474,phemex,AEVO/USDT:USDT,0.1119,2431.0,0.1118,14545.0,0.1121,25219.0,0.1122,2422.0
1753600022402,07:07:02.402,phemex,AEVO/USDT:USDT,0.1119,2431.0,0.1118,14545.0,0.1121,25219.0,0.1122,2422.0
1753600022422,07:07:02.422,phemex,AEVO/USDT:USDT,0.1119,2431.0,0.1118,14545.0,0.1121,25219.0,0.1122,2422.0
1753600022949,07:07:02.949,phemex,AEVO/USDT:USDT,0.1119,2431.0,0.1118,659.0,0.1121,25219.0,0.1122,2422.0
1753600022963,07:07:02.963,phemex,AEVO/USDT:USDT,0.1119,644.0,0.1118,659.0,0.1121,25219.0,0.1122,2422.0
1753600022988,07:07:02.988,phemex,AEVO/USDT:USDT,0.1118,659.0,0.1117,52128.0,0.1121,25219.0,0.1122,2422.0
1753600023009,07:07:03.009,phemex,AEVO/USDT:USDT,0.1118,2447.0,0.1117,52128.0,0.1121,25219.0,0.1122,2422.0
1753600023053,07:07:03.053,phemex,AEVO/USDT:USDT,0.1119,649.0,0.1118,2447.0,0.1121,25219.0,0.1122,2422.0
1753600023102,07:07:03.102,phemex,AEVO/USDT:USDT,0.1119,649.0,0.1118,2447.0,0.1121,25219.0,0.1122,2422.0
1753600023135,07:07:03.135,phemex,AEVO/USDT:USDT,0.1119,649.0,0.1118,2447.0,0.112,6346.0,0.1121,15659.0
1753600023149,07:07:03.149,phemex,AEVO/USDT:USDT,0.1119,649.0,0.1118,2447.0,0.112,21995.0,0.1121,15659.0
1753600024654,07:07:04.654,phemex,AEVO/USDT:USDT,0.1119,649.0,0.1118,2447.0,0.112,21995.0,0.1121,15659.0
1753600024663,07:07:04.663,phemex,AEVO/USDT:USDT,0.1119,649.0,0.1118,2447.0,0.112,21995.0,0.1121,15659.0
1753600027804,07:07:07.804,phemex,AEVO/USDT:USDT,0.1119,649.0,0.1118,2447.0,0.112,21995.0,0.1121,15659.0
1753600027901,07:07:07.901,phemex,AEVO/USDT:USDT,0.1118,2447.0,0.1117,28995.0,0.112,21995.0,0.1121,15659.0
1753600027953,07:07:07.953,phemex,AEVO/USDT:USDT,0.1118,2447.0,0.1117,28995.0,0.112,21995.0,0.1121,15659.0
1753600027996,07:07:07.996,phemex,AEVO/USDT:USDT,0.1119,649.0,0.1118,2447.0,0.112,21995.0,0.1121,15659.0
1753600028166,07:07:08.166,phemex,AEVO/USDT:USDT,0.1119,649.0,0.1118,2447.0,0.112,21995.0,0.1121,21975.0
1753600029046,07:07:09.046,phemex,AEVO/USDT:USDT,0.1119,649.0,0.1118,2447.0,0.112,21995.0,0.1121,21975.0
1753600029462,07:07:09.462,phemex,AEVO/USDT:USDT,0.1119,649.0,0.1118,2447.0,0.112,21995.0,0.1121,21975.0
1753600029902,07:07:09.902,phemex,AEVO/USDT:USDT,0.1119,649.0,0.1118,2447.0,0.112,649.0,0.1121,24921.0
1753600029905,07:07:09.905,phemex,AEVO/USDT:USDT,0.1119,649.0,0.1118,2447.0,0.112,649.0,0.1121,24921.0
1753600029930,07:07:09.930,phemex,AEVO/USDT:USDT,0.1119,2436.0,0.1118,659.0,0.112,649.0,0.1121,24921.0
1753600030161,07:07:10.161,phemex,AEVO/USDT:USDT,0.1119,649.0,0.1118,659.0,0.112,649.0,0.1121,24921.0
1753600030193,07:07:10.193,phemex,AEVO/USDT:USDT,0.1118,659.0,0.1117,28995.0,0.112,649.0,0.1121,24921.0
1753600030233,07:07:10.233,phemex,AEVO/USDT:USDT,0.1118,2447.0,0.1117,28995.0,0.112,649.0,0.1121,24921.0
1753600030459,07:07:10.459,phemex,AEVO/USDT:USDT,0.1118,2447.0,0.1117,28995.0,0.112,649.0,0.1121,24921.0
1753600030476,07:07:10.476,phemex,AEVO/USDT:USDT,0.1119,645.0,0.1118,2447.0,0.112,649.0,0.1121,24921.0
1753600030691,07:07:10.691,phemex,AEVO/USDT:USDT,0.1118,2447.0,0.1117,28995.0,0.112,649.0,0.1121,24921.0
1753600030718,07:07:10.718,phemex,AEVO/USDT:USDT,0.1118,2447.0,0.1117,28995.0,0.112,649.0,0.1121,24921.0
1753600030837,07:07:10.837,phemex,AEVO/USDT:USDT,0.1118,2447.0,0.1117,28995.0,0.112,15649.0,0.1121,24921.0
1753600030856,07:07:10.856,phemex,AEVO/USDT:USDT,0.1118,2447.0,0.1117,28995.0,0.1119,645.0,0.112,15649.0
1753600031279,07:07:11.279,phemex,AEVO/USDT:USDT,0.1118,2447.0,0.1117,15659.0,0.1119,645.0,0.112,15649.0
1753600031444,07:07:11.444,phemex,AEVO/USDT:USDT,0.1118,2447.0,0.1117,15659.0,0.1119,645.0,0.112,15649.0
1753600031464,07:07:11.464,phemex,AEVO/USDT:USDT,0.1118,2447.0,0.1117,15659.0,0.1119,645.0,0.112,15649.0
1753600032046,07:07:12.046,phemex,AEVO/USDT:USDT,0.1118,659.0,0.1117,15659.0,0.1119,645.0,0.112,15649.0
1753600032105,07:07:12.105,phemex,AEVO/USDT:USDT,0.1117,15659.0,0.1116,46908.0,0.1119,645.0,0.112,15649.0
1753600032126,07:07:12.126,phemex,AEVO/USDT:USDT,0.1117,17449.0,0.1116,46908.0,0.1119,645.0,0.112,15649.0
1753600032153,07:07:12.153,phemex,AEVO/USDT:USDT,0.1118,645.0,0.1117,17449.0,0.1119,645.0,0.112,15649.0
1753600032208,07:07:12.208,phemex,AEVO/USDT:USDT,0.1117,17449.0,0.1116,46908.0,0.1119,645.0,0.112,15649.0
1753600032251,07:07:12.251,phemex,AEVO/USDT:USDT,0.1118,645.0,0.1117,17449.0,0.1119,645.0,0.112,15649.0
1753600032468,07:07:12.468,phemex,AEVO/USDT:USDT,0.1117,17449.0,0.1116,46908.0,0.1119,645.0,0.112,15649.0
1753600032490,07:07:12.490,phemex,AEVO/USDT:USDT,0.1118,645.0,0.1117,17449.0,0.1119,645.0,0.112,15649.0
1753600032667,07:07:12.667,phemex,AEVO/USDT:USDT,0.1117,17449.0,0.1116,46908.0,0.1119,645.0,0.112,15649.0
1753600032695,07:07:12.695,phemex,AEVO/USDT:USDT,0.1118,645.0,0.1117,17449.0,0.1119,645.0,0.112,15649.0
1753600032816,07:07:12.816,phemex,AEVO/USDT:USDT,0.1118,645.0,0.1117,17449.0,0.1119,10645.0,0.112,15649.0
1753600032831,07:07:12.831,phemex,AEVO/USDT:USDT,0.1117,17449.0,0.1116,46908.0,0.1119,10645.0,0.112,15649.0
1753600032871,07:07:12.871,phemex,AEVO/USDT:USDT,0.1117,17449.0,0.1116,46908.0,0.1119,10645.0,0.112,15649.0
1753600033668,07:07:13.668,phemex,AEVO/USDT:USDT,0.1117,17449.0,0.1116,46908.0,0.1119,10645.0,0.112,15649.0
1753600033682,07:07:13.682,phemex,AEVO/USDT:USDT,0.1117,17449.0,0.1116,46908.0,0.1118,645.0,0.1119,10645.0
1753600033723,07:07:13.723,phemex,AEVO/USDT:USDT,0.1117,17449.0,0.1116,46908.0,0.1118,645.0,0.1119,10645.0
1753600034023,07:07:14.023,phemex,AEVO/USDT:USDT,0.1117,17449.0,0.1116,32509.0,0.1118,645.0,0.1119,10645.0
1753600034141,07:07:14.141,phemex,AEVO/USDT:USDT,0.1117,17449.0,0.1116,32509.0,0.1119,10645.0,0.112,15649.0
1753600034169,07:07:14.169,phemex,AEVO/USDT:USDT,0.1117,17449.0,0.1116,32509.0,0.1119,10645.0,0.112,15649.0
1753600034272,07:07:14.272,phemex,AEVO/USDT:USDT,0.1117,17449.0,0.1116,9382.0,0.1119,10645.0,0.112,15649.0
1753600034299,07:07:14.299,phemex,AEVO/USDT:USDT,0.1117,17449.0,0.1116,9382.0,0.1118,645.0,0.1119,10645.0
1753600034326,07:07:14.326,phemex,AEVO/USDT:USDT,0.1117,17449.0,0.1116,9382.0,0.1119,10645.0,0.112,15649.0
1753600034437,07:07:14.437,phemex,AEVO/USDT:USDT,0.1117,17449.0,0.1116,9382.0,0.1118,645.0,0.1119,10645.0
1753600034485,07:07:14.485,phemex,AEVO/USDT:USDT,0.1117,17449.0,0.1116,9382.0,0.1119,10645.0,0.112,15649.0
1753600034659,07:07:14.659,phemex,AEVO/USDT:USDT,0.1117,17449.0,0.1116,9382.0,0.1118,645.0,0.1119,10645.0
1753600034694,07:07:14.694,phemex,AEVO/USDT:USDT,0.1117,17449.0,0.1116,9382.0,0.1119,10645.0,0.112,15649.0
1753600034695,07:07:14.695,phemex,AEVO/USDT:USDT,0.1117,17449.0,0.1116,9382.0,0.1119,10645.0,0.112,15649.0
1753600034793,07:07:14.793,phemex,AEVO/USDT:USDT,0.1117,17449.0,0.1116,9382.0,0.1119,15645.0,0.112,15649.0
1753600035288,07:07:15.288,phemex,AEVO/USDT:USDT,0.1117,17449.0,0.1116,9382.0,0.1119,15645.0,0.112,15649.0
1753600035309,07:07:15.309,phemex,AEVO/USDT:USDT,0.1117,17449.0,0.1116,9382.0,0.1119,22070.0,0.112,24610.0
1753600035334,07:07:15.334,phemex,AEVO/USDT:USDT,0.1117,17449.0,0.1116,9382.0,0.1118,645.0,0.1119,22070.0
1753600035397,07:07:15.397,phemex,AEVO/USDT:USDT,0.1117,17449.0,0.1116,9382.0,0.1119,22070.0,0.112,9610.0
1753600035973,07:07:15.973,phemex,AEVO/USDT:USDT,0.1117,17449.0,0.1116,9382.0,0.1118,645.0,0.1119,22070.0
1753600036019,07:07:16.019,phemex,AEVO/USDT:USDT,0.1117,17449.0,0.1116,9382.0,0.1119,22070.0,0.112,9610.0
1753600036403,07:07:16.403,phemex,AEVO/USDT:USDT,0.1117,17449.0,0.1116,9382.0,0.1118,645.0,0.1119,22070.0
1753600036425,07:07:16.425,phemex,AEVO/USDT:USDT,0.1117,17449.0,0.1116,9382.0,0.1119,22070.0,0.112,9610.0
1753600036678,07:07:16.678,phemex,AEVO/USDT:USDT,0.1117,17449.0,0.1116,9382.0,0.1118,645.0,0.1119,22070.0
1753600036684,07:07:16.684,phemex,AEVO/USDT:USDT,0.1117,17449.0,0.1116,9382.0,0.1119,22070.0,0.112,9610.0
1753600036710,07:07:16.710,phemex,AEVO/USDT:USDT,0.1117,17449.0,0.1116,9382.0,0.1118,645.0,0.1119,22070.0
1753600036743,07:07:16.743,phemex,AEVO/USDT:USDT,0.1117,17449.0,0.1116,9382.0,0.1119,22070.0,0.112,9610.0
1753600037055,07:07:17.055,phemex,AEVO/USDT:USDT,0.1117,17449.0,0.1116,9382.0,0.1118,645.0,0.1119,22070.0
1753600037067,07:07:17.067,phemex,AEVO/USDT:USDT,0.1117,15659.0,0.1116,9382.0,0.1118,645.0,0.1119,22070.0
1753600037218,07:07:17.218,phemex,AEVO/USDT:USDT,0.1117,15659.0,0.1116,9382.0,0.1118,15645.0,0.1119,22070.0
1753600037759,07:07:17.759,phemex,AEVO/USDT:USDT,0.1117,15659.0,0.1116,9382.0,0.1118,15645.0,0.1119,17070.0
1753600038289,07:07:18.289,phemex,AEVO/USDT:USDT,0.1117,15659.0,0.1116,9382.0,0.1118,15645.0,0.1119,17070.0
1753600038290,07:07:18.290,phemex,AEVO/USDT:USDT,0.1117,15659.0,0.1116,9382.0,0.1118,15645.0,0.1119,17070.0
1753600038850,07:07:18.850,phemex,AEVO/USDT:USDT,0.1117,15659.0,0.1116,9382.0,0.1118,15645.0,0.1119,17070.0
1753600039061,07:07:19.061,phemex,AEVO/USDT:USDT,0.1117,15659.0,0.1116,9382.0,0.1118,15645.0,0.1119,17070.0
1753600040795,07:07:20.795,phemex,AEVO/USDT:USDT,0.1117,15659.0,0.1116,9382.0,0.1118,23517.0,0.1119,20369.0
1753600041398,07:07:21.398,phemex,AEVO/USDT:USDT,0.1117,15659.0,0.1116,9382.0,0.1118,23517.0,0.1119,20369.0
1753600041710,07:07:21.710,phemex,AEVO/USDT:USDT,0.1117,15659.0,0.1116,9382.0,0.1118,23517.0,0.1119,10369.0
1753600042947,07:07:22.947,phemex,AEVO/USDT:USDT,0.1117,15659.0,0.1116,9382.0,0.1118,23517.0,0.1119,10369.0
1753600042992,07:07:22.992,phemex,AEVO/USDT:USDT,0.1117,15659.0,0.1116,9382.0,0.1118,15645.0,0.1119,10701.0
1753600043029,07:07:23.029,phemex,AEVO/USDT:USDT,0.1117,15659.0,0.1116,9382.0,0.1119,10701.0,0.112,6933.0
1753600043040,07:07:23.040,phemex,AEVO/USDT:USDT,0.1117,15659.0,0.1116,9382.0,0.1119,10701.0,0.112,6933.0
1753600043061,07:07:23.061,phemex,AEVO/USDT:USDT,0.1117,15659.0,0.1116,16529.0,0.1119,10701.0,0.112,6933.0
1753600043097,07:07:23.097,phemex,AEVO/USDT:USDT,0.1118,655.0,0.1117,17449.0,0.112,7680.0,0.1121,8657.0
1753600043113,07:07:23.113,phemex,AEVO/USDT:USDT,0.1118,655.0,0.1117,17449.0,0.1121,8657.0,0.1122,2422.0
1753600043150,07:07:23.150,phemex,AEVO/USDT:USDT,0.1118,655.0,0.1117,17449.0,0.112,655.0,0.1121,8657.0
1753600043183,07:07:23.183,phemex,AEVO/USDT:USDT,0.1118,2443.0,0.1117,15659.0,0.112,15655.0,0.1121,8657.0
1753600043204,07:07:23.204,phemex,AEVO/USDT:USDT,0.1119,655.0,0.1118,2443.0,0.112,15655.0,0.1121,8657.0
1753600043212,07:07:23.212,phemex,AEVO/USDT:USDT,0.1119,655.0,0.1118,2443.0,0.112,15655.0,0.1121,8657.0
1753600043784,07:07:23.784,phemex,AEVO/USDT:USDT,0.1118,2443.0,0.1117,15659.0,0.112,15655.0,0.1121,8657.0
1753600043823,07:07:23.823,phemex,AEVO/USDT:USDT,0.1118,655.0,0.1117,15659.0,0.1119,655.0,0.112,15655.0
1753600043829,07:07:23.829,phemex,AEVO/USDT:USDT,0.1118,655.0,0.1117,15659.0,0.1119,15655.0,0.112,15655.0
1753600043877,07:07:23.877,phemex,AEVO/USDT:USDT,0.1118,655.0,0.1117,15659.0,0.1119,15655.0,0.112,15655.0
1753600044243,07:07:24.243,phemex,AEVO/USDT:USDT,0.1118,655.0,0.1117,15659.0,0.1119,15655.0,0.112,15655.0
1753600044677,07:07:24.677,phemex,AEVO/USDT:USDT,0.1118,655.0,0.1117,15659.0,0.1119,15655.0,0.112,15655.0
1753600044703,07:07:24.703,phemex,AEVO/USDT:USDT,0.1118,655.0,0.1117,15659.0,0.1119,15655.0,0.112,15655.0
1753600047234,07:07:27.234,phemex,AEVO/USDT:USDT,0.1118,655.0,0.1117,15659.0,0.1119,15655.0,0.112,15655.0
1753600047244,07:07:27.244,phemex,AEVO/USDT:USDT,0.1118,655.0,0.1117,15659.0,0.1119,15655.0,0.112,15655.0
1753600048698,07:07:28.698,phemex,AEVO/USDT:USDT,0.1118,655.0,0.1117,25316.0,0.1119,25959.0,0.112,22051.0
1753600048738,07:07:28.738,phemex,AEVO/USDT:USDT,0.1118,655.0,0.1117,25316.0,0.1119,25959.0,0.112,22051.0
1753600049066,07:07:29.066,phemex,AEVO/USDT:USDT,0.1118,655.0,0.1117,32563.0,0.1119,25959.0,0.112,22051.0
1753600049083,07:07:29.083,phemex,AEVO/USDT:USDT,0.1118,655.0,0.1117,32563.0,0.1119,25959.0,0.112,22051.0
1753600049508,07:07:29.508,phemex,AEVO/USDT:USDT,0.1118,2443.0,0.1117,32563.0,0.112,21941.0,0.1121,8813.0
1753600049518,07:07:29.518,phemex,AEVO/USDT:USDT,0.1119,644.0,0.1118,2443.0,0.112,21941.0,0.1121,8813.0
1753600049608,07:07:29.608,phemex,AEVO/USDT:USDT,0.1119,644.0,0.1118,2443.0,0.112,21941.0,0.1121,8813.0
1753600050221,07:07:30.221,phemex,AEVO/USDT:USDT,0.1119,644.0,0.1118,2443.0,0.112,21941.0,0.1121,8813.0
1753600050232,07:07:30.232,phemex,AEVO/USDT:USDT,0.1119,644.0,0.1118,2443.0,0.112,21941.0,0.1121,8813.0
1753600054068,07:07:34.068,phemex,AEVO/USDT:USDT,0.1119,644.0,0.1118,2443.0,0.112,21941.0,0.1121,8813.0
1753600054081,07:07:34.081,phemex,AEVO/USDT:USDT,0.1119,644.0,0.1118,2443.0,0.112,21941.0,0.1121,8813.0
1753600054999,07:07:34.999,phemex,AEVO/USDT:USDT,0.1119,644.0,0.1118,2443.0,0.112,21941.0,0.1121,8813.0
1753600055045,07:07:35.045,phemex,AEVO/USDT:USDT,0.1119,644.0,0.1118,2443.0,0.112,21941.0,0.1121,8813.0
1753600056262,07:07:36.262,phemex,AEVO/USDT:USDT,0.1119,644.0,0.1118,2443.0,0.112,21941.0,0.1121,8813.0
1753600056295,07:07:36.295,phemex,AEVO/USDT:USDT,0.1119,644.0,0.1118,2443.0,0.112,21941.0,0.1121,8813.0
1753600056526,07:07:36.526,phemex,AEVO/USDT:USDT,0.1119,644.0,0.1118,21613.0,0.112,21941.0,0.1121,8813.0
1753600056604,07:07:36.604,phemex,AEVO/USDT:USDT,0.1119,644.0,0.1118,21613.0,0.112,21941.0,0.1121,8813.0
1753600056611,07:07:36.611,phemex,AEVO/USDT:USDT,0.1119,644.0,0.1118,21613.0,0.112,21941.0,0.1121,8813.0
1753600057293,07:07:37.293,phemex,AEVO/USDT:USDT,0.1119,644.0,0.1118,21613.0,0.1121,7973.0,0.1122,9227.0
1753600057310,07:07:37.310,phemex,AEVO/USDT:USDT,0.1119,644.0,0.1118,21613.0,0.1121,7973.0,0.1122,9227.0
1753600057536,07:07:37.536,phemex,AEVO/USDT:USDT,0.1119,644.0,0.1118,21613.0,0.1121,22973.0,0.1122,9227.0
1753600057640,07:07:37.640,phemex,AEVO/USDT:USDT,0.1119,2431.0,0.1118,19825.0,0.1121,22973.0,0.1122,9227.0
1753600058827,07:07:38.827,phemex,AEVO/USDT:USDT,0.112,644.0,0.1119,2431.0,0.1121,22973.0,0.1122,9227.0
1753600058863,07:07:38.863,phemex,AEVO/USDT:USDT,0.112,644.0,0.1119,2431.0,0.1121,22973.0,0.1122,9227.0
1753600059269,07:07:39.269,phemex,AEVO/USDT:USDT,0.112,644.0,0.1119,2431.0,0.1121,22973.0,0.1122,9227.0
1753600059281,07:07:39.281,phemex,AEVO/USDT:USDT,0.112,644.0,0.1119,2431.0,0.1121,22973.0,0.1122,9227.0
1753600059514,07:07:39.514,phemex,AEVO/USDT:USDT,0.112,644.0,0.1119,17431.0,0.1121,22973.0,0.1122,9227.0
1753600059779,07:07:39.779,phemex,AEVO/USDT:USDT,0.1119,17431.0,0.1118,19825.0,0.1121,22973.0,0.1122,9227.0
1753600059808,07:07:39.808,phemex,AEVO/USDT:USDT,0.1119,17431.0,0.1118,19825.0,0.1121,22973.0,0.1122,9227.0
1753600059883,07:07:39.883,phemex,AEVO/USDT:USDT,0.112,652.0,0.1119,17431.0,0.1121,22973.0,0.1122,9227.0
1753600059905,07:07:39.905,phemex,AEVO/USDT:USDT,0.1119,17431.0,0.1118,19825.0,0.1121,22973.0,0.1122,9227.0
1753600059946,07:07:39.946,phemex,AEVO/USDT:USDT,0.1119,17431.0,0.1118,19825.0,0.1121,22973.0,0.1122,9227.0
1753600060106,07:07:40.106,phemex,AEVO/USDT:USDT,0.112,652.0,0.1119,17431.0,0.1121,22973.0,0.1122,9227.0
1753600060156,07:07:40.156,phemex,AEVO/USDT:USDT,0.1119,17431.0,0.1118,19825.0,0.1121,22973.0,0.1122,9227.0
1753600060169,07:07:40.169,phemex,AEVO/USDT:USDT,0.1119,17431.0,0.1118,19825.0,0.1121,22973.0,0.1122,9227.0
1753600060268,07:07:40.268,phemex,AEVO/USDT:USDT,0.112,652.0,0.1119,17431.0,0.1121,22973.0,0.1122,9227.0
1753600060279,07:07:40.279,phemex,AEVO/USDT:USDT,0.1119,17431.0,0.1118,19825.0,0.1121,22973.0,0.1122,9227.0
1753600060328,07:07:40.328,phemex,AEVO/USDT:USDT,0.1119,17431.0,0.1118,19825.0,0.1121,22973.0,0.1122,9227.0
1753600061935,07:07:41.935,phemex,AEVO/USDT:USDT,0.1119,34728.0,0.1118,655.0,0.1121,22973.0,0.1122,9227.0
1753600062386,07:07:42.386,phemex,AEVO/USDT:USDT,0.1119,34728.0,0.1117,659.0,0.1121,22973.0,0.1122,9227.0
1753600062407,07:07:42.407,phemex,AEVO/USDT:USDT,0.1119,34728.0,0.1117,659.0,0.1121,22973.0,0.1122,9227.0
1753600062468,07:07:42.468,phemex,AEVO/USDT:USDT,0.1119,19728.0,0.1117,659.0,0.1121,22973.0,0.1122,9227.0
1753600062481,07:07:42.481,phemex,AEVO/USDT:USDT,0.1119,34728.0,0.1117,659.0,0.1121,22973.0,0.1122,9227.0
1753600064446,07:07:44.446,phemex,AEVO/USDT:USDT,0.1119,19728.0,0.1117,659.0,0.1121,22973.0,0.1122,9227.0
1753600064458,07:07:44.458,phemex,AEVO/USDT:USDT,0.1119,34728.0,0.1117,659.0,0.1121,22973.0,0.1122,9227.0
1753600064512,07:07:44.512,phemex,AEVO/USDT:USDT,0.1119,34728.0,0.1117,659.0,0.1121,22973.0,0.1122,9227.0
1753600064629,07:07:44.629,phemex,AEVO/USDT:USDT,0.1119,34728.0,0.1117,659.0,0.112,652.0,0.1121,22973.0
1753600064667,07:07:44.667,phemex,AEVO/USDT:USDT,0.1119,34728.0,0.1117,659.0,0.112,15652.0,0.1121,22973.0
1753600064995,07:07:44.995,phemex,AEVO/USDT:USDT,0.1119,34728.0,0.1117,659.0,0.1121,22973.0,0.1122,9227.0
1753600065005,07:07:45.005,phemex,AEVO/USDT:USDT,0.112,652.0,0.1119,34728.0,0.1121,22973.0,0.1122,9227.0
1753600065064,07:07:45.064,phemex,AEVO/USDT:USDT,0.1119,19728.0,0.1117,659.0,0.1121,22973.0,0.1122,9227.0
1753600065086,07:07:45.086,phemex,AEVO/USDT:USDT,0.1119,19728.0,0.1117,659.0,0.1121,22973.0,0.1122,9227.0
1753600065223,07:07:45.223,phemex,AEVO/USDT:USDT,0.112,652.0,0.1119,19728.0,0.1121,22973.0,0.1122,9227.0
1753600065246,07:07:45.246,phemex,AEVO/USDT:USDT,0.112,652.0,0.1119,19728.0,0.1121,22973.0,0.1122,9227.0
1753600065343,07:07:45.343,phemex,AEVO/USDT:USDT,0.1119,19728.0,0.1117,659.0,0.1121,22973.0,0.1122,9227.0
1753600065368,07:07:45.368,phemex,AEVO/USDT:USDT,0.1119,19728.0,0.1117,659.0,0.1121,22973.0,0.1122,9227.0
1753600065393,07:07:45.393,phemex,AEVO/USDT:USDT,0.112,652.0,0.1119,19728.0,0.1121,22973.0,0.1122,9227.0
1753600065428,07:07:45.428,phemex,AEVO/USDT:USDT,0.1119,19728.0,0.1117,659.0,0.1121,22973.0,0.1122,9227.0
1753600065467,07:07:45.467,phemex,AEVO/USDT:USDT,0.1119,19728.0,0.1117,659.0,0.1121,22973.0,0.1122,9227.0
1753600065474,07:07:45.474,phemex,AEVO/USDT:USDT,0.112,652.0,0.1119,19728.0,0.1121,22973.0,0.1122,9227.0
1753600065528,07:07:45.528,phemex,AEVO/USDT:USDT,0.1119,19728.0,0.1117,659.0,0.1121,22973.0,0.1122,9227.0
1753600065573,07:07:45.573,phemex,AEVO/USDT:USDT,0.112,652.0,0.1119,19728.0,0.1121,22973.0,0.1122,9227.0
1753600065609,07:07:45.609,phemex,AEVO/USDT:USDT,0.1119,19728.0,0.1117,659.0,0.1121,22973.0,0.1122,9227.0
1753600065649,07:07:45.649,phemex,AEVO/USDT:USDT,0.112,652.0,0.1119,19728.0,0.1121,22973.0,0.1122,9227.0
1753600065671,07:07:45.671,phemex,AEVO/USDT:USDT,0.1119,19728.0,0.1117,659.0,0.1121,22973.0,0.1122,9227.0
1753600065709,07:07:45.709,phemex,AEVO/USDT:USDT,0.112,652.0,0.1119,19728.0,0.1121,22973.0,0.1122,9227.0
1753600065769,07:07:45.769,phemex,AEVO/USDT:USDT,0.1119,19728.0,0.1117,659.0,0.1121,22973.0,0.1122,9227.0
1753600065793,07:07:45.793,phemex,AEVO/USDT:USDT,0.112,652.0,0.1119,19728.0,0.1121,22973.0,0.1122,9227.0
1753600065812,07:07:45.812,phemex,AEVO/USDT:USDT,0.1119,19728.0,0.1117,659.0,0.1121,22973.0,0.1122,9227.0
1753600065864,07:07:45.864,phemex,AEVO/USDT:USDT,0.112,652.0,0.1119,19728.0,0.1121,22973.0,0.1122,9227.0
1753600065893,07:07:45.893,phemex,AEVO/USDT:USDT,0.1119,19728.0,0.1117,23791.0,0.1121,22973.0,0.1122,9227.0
1753600065914,07:07:45.914,phemex,AEVO/USDT:USDT,0.112,652.0,0.1119,19728.0,0.1121,22973.0,0.1122,9227.0
1753600065974,07:07:45.974,phemex,AEVO/USDT:USDT,0.112,15652.0,0.1119,19728.0,0.1121,22973.0,0.1122,9227.0
1753600068756,07:07:48.756,phemex,AEVO/USDT:USDT,0.112,15652.0,0.1119,19728.0,0.1121,22973.0,0.1122,9227.0
1753600070195,07:07:50.195,phemex,AEVO/USDT:USDT,0.112,15652.0,0.1119,19728.0,0.1121,22973.0,0.1122,9227.0
1753600070216,07:07:50.216,phemex,AEVO/USDT:USDT,0.112,15652.0,0.1119,19728.0,0.1121,22973.0,0.1122,9227.0
1753600070843,07:07:50.843,phemex,AEVO/USDT:USDT,0.112,15652.0,0.1119,19728.0,0.1121,22973.0,0.1122,9227.0
1753600071954,07:07:51.954,phemex,AEVO/USDT:USDT,0.112,15652.0,0.1119,19728.0,0.1121,22973.0,0.1122,9227.0
1753600072186,07:07:52.186,phemex,AEVO/USDT:USDT,0.112,15652.0,0.1119,19728.0,0.1121,22973.0,0.1122,9227.0
1753600072204,07:07:52.204,phemex,AEVO/USDT:USDT,0.112,15652.0,0.1119,19728.0,0.1121,22973.0,0.1122,9227.0
1753600072204,07:07:52.204,phemex,AEVO/USDT:USDT,0.112,15652.0,0.1119,19728.0,0.1121,22973.0,0.1122,9227.0
1753600073707,07:07:53.707,phemex,AEVO/USDT:USDT,0.112,15652.0,0.1119,19728.0,0.1122,8602.0,0.1123,7663.0
1753600073732,07:07:53.732,phemex,AEVO/USDT:USDT,0.1121,642.0,0.112,36101.0,0.1122,8602.0,0.1123,7663.0
1753600073818,07:07:53.818,phemex,AEVO/USDT:USDT,0.1121,642.0,0.112,36101.0,0.1122,8602.0,0.1123,7663.0
1753600074211,07:07:54.211,phemex,AEVO/USDT:USDT,0.1121,642.0,0.112,25425.0,0.1122,8602.0,0.1123,7663.0
1753600074353,07:07:54.353,phemex,AEVO/USDT:USDT,0.1121,642.0,0.112,25425.0,0.1122,23602.0,0.1123,7663.0
1753600074801,07:07:54.801,phemex,AEVO/USDT:USDT,0.1121,642.0,0.112,17437.0,0.1122,23602.0,0.1123,7663.0
1753600074848,07:07:54.848,phemex,AEVO/USDT:USDT,0.1121,642.0,0.112,17437.0,0.1122,23602.0,0.1123,7663.0
1753600074985,07:07:54.985,phemex,AEVO/USDT:USDT,0.1121,642.0,0.112,17437.0,0.1122,23602.0,0.1123,7663.0
1753600075006,07:07:55.006,phemex,AEVO/USDT:USDT,0.1121,642.0,0.112,17437.0,0.1122,23602.0,0.1123,7663.0
1753600075765,07:07:55.765,phemex,AEVO/USDT:USDT,0.112,17437.0,0.1119,16723.0,0.1122,23602.0,0.1123,7663.0
1753600075805,07:07:55.805,phemex,AEVO/USDT:USDT,0.112,17437.0,0.1119,16723.0,0.1122,23602.0,0.1123,7663.0
1753600075806,07:07:55.806,phemex,AEVO/USDT:USDT,0.112,17437.0,0.1119,16723.0,0.1122,23602.0,0.1123,7663.0
1753600077001,07:07:57.001,phemex,AEVO/USDT:USDT,0.112,17437.0,0.1119,16723.0,0.1121,642.0,0.1122,23602.0
1753600077043,07:07:57.043,phemex,AEVO/USDT:USDT,0.112,17437.0,0.1119,644.0,0.1121,15642.0,0.1122,23602.0
1753600077068,07:07:57.068,phemex,AEVO/USDT:USDT,0.112,652.0,0.1119,644.0,0.1121,15642.0,0.1122,23602.0
1753600077088,07:07:57.088,phemex,AEVO/USDT:USDT,0.1119,644.0,0.1118,16520.0,0.1121,15642.0,0.1122,23602.0
1753600077149,07:07:57.149,phemex,AEVO/USDT:USDT,0.1119,2431.0,0.1118,16520.0,0.1121,15642.0,0.1122,23602.0
1753600077188,07:07:57.188,phemex,AEVO/USDT:USDT,0.112,642.0,0.1119,2431.0,0.1121,15642.0,0.1122,23602.0
1753600077221,07:07:57.221,phemex,AEVO/USDT:USDT,0.112,15642.0,0.1119,2431.0,0.1121,15642.0,0.1122,23602.0
1753600077313,07:07:57.313,phemex,AEVO/USDT:USDT,0.112,15642.0,0.1119,2431.0,0.1121,15642.0,0.1122,8602.0
1753600077854,07:07:57.854,phemex,AEVO/USDT:USDT,0.112,15642.0,0.1119,2431.0,0.1121,15642.0,0.1122,8602.0
1753600077861,07:07:57.861,phemex,AEVO/USDT:USDT,0.112,15642.0,0.1119,2431.0,0.1121,15642.0,0.1122,8602.0
1753600078158,07:07:58.158,phemex,AEVO/USDT:USDT,0.112,15642.0,0.1119,2431.0,0.1121,15642.0,0.1122,8602.0
1753600078196,07:07:58.196,phemex,AEVO/USDT:USDT,0.112,15642.0,0.1119,2431.0,0.1121,15642.0,0.1122,8602.0
1753600078379,07:07:58.379,phemex,AEVO/USDT:USDT,0.112,15000.0,0.1119,2431.0,0.1121,15642.0,0.1122,8602.0
1753600078385,07:07:58.385,phemex,AEVO/USDT:USDT,0.1119,2431.0,0.1118,16520.0,0.1121,15642.0,0.1122,8602.0
1753600078447,07:07:58.447,phemex,AEVO/USDT:USDT,0.1119,2431.0,0.1118,16520.0,0.112,642.0,0.1121,15642.0
1753600078467,07:07:58.467,phemex,AEVO/USDT:USDT,0.1119,2431.0,0.1118,7458.0,0.112,642.0,0.1121,15642.0
1753600078508,07:07:58.508,phemex,AEVO/USDT:USDT,0.1119,2431.0,0.1118,642.0,0.112,642.0,0.1121,15642.0
1753600079053,07:07:59.053,phemex,AEVO/USDT:USDT,0.1119,2431.0,0.1118,642.0,0.112,642.0,0.1121,23380.0
1753600079291,07:07:59.291,phemex,AEVO/USDT:USDT,0.1119,17431.0,0.1118,642.0,0.112,642.0,0.1121,23380.0
1753600079302,07:07:59.302,phemex,AEVO/USDT:USDT,0.1119,17431.0,0.1118,642.0,0.112,15642.0,0.1121,23380.0
1753600081163,07:08:01.163,phemex,AEVO/USDT:USDT,0.1119,17431.0,0.1118,642.0,0.112,15642.0,0.1121,23380.0
1753600082090,07:08:02.090,phemex,AEVO/USDT:USDT,0.1119,17431.0,0.1118,642.0,0.112,15642.0,0.1121,23380.0
1753600082156,07:08:02.156,phemex,AEVO/USDT:USDT,0.1119,17431.0,0.1118,642.0,0.112,15642.0,0.1121,23380.0
1753600082185,07:08:02.185,phemex,AEVO/USDT:USDT,0.1118,642.0,0.1117,49024.0,0.112,15642.0,0.1121,23380.0
1753600082200,07:08:02.200,phemex,AEVO/USDT:USDT,0.1118,642.0,0.1117,32013.0,0.1119,650.0,0.112,15642.0
1753600082230,07:08:02.230,phemex,AEVO/USDT:USDT,0.1118,2430.0,0.1117,32013.0,0.1119,650.0,0.112,15642.0
1753600082271,07:08:02.271,phemex,AEVO/USDT:USDT,0.1118,17430.0,0.1117,32013.0,0.1119,650.0,0.112,15642.0
1753600082281,07:08:02.281,phemex,AEVO/USDT:USDT,0.1118,17430.0,0.1117,32013.0,0.1119,650.0,0.112,15642.0
1753600082585,07:08:02.585,phemex,AEVO/USDT:USDT,0.1118,17430.0,0.1117,32013.0,0.112,15642.0,0.1121,23380.0
1753600082625,07:08:02.625,phemex,AEVO/USDT:USDT,0.1118,17430.0,0.1117,32013.0,0.1119,650.0,0.112,15642.0
1753600082676,07:08:02.676,phemex,AEVO/USDT:USDT,0.1118,17430.0,0.1117,32013.0,0.1119,10650.0,0.112,15642.0
1753600082698,07:08:02.698,phemex,AEVO/USDT:USDT,0.1118,17430.0,0.1117,8881.0,0.1119,10650.0,0.112,15642.0
1753600082749,07:08:02.749,phemex,AEVO/USDT:USDT,0.1118,17430.0,0.1117,8881.0,0.1119,10650.0,0.112,15642.0
1753600082882,07:08:02.882,phemex,AEVO/USDT:USDT,0.1118,17430.0,0.1117,8881.0,0.1119,10650.0,0.112,15642.0
1753600083246,07:08:03.246,phemex,AEVO/USDT:USDT,0.1118,17430.0,0.1117,8881.0,0.1119,10650.0,0.112,15642.0
1753600083892,07:08:03.892,phemex,AEVO/USDT:USDT,0.1118,17430.0,0.1117,8881.0,0.1119,10650.0,0.112,15642.0
1753600083931,07:08:03.931,phemex,AEVO/USDT:USDT,0.1118,17430.0,0.1117,8881.0,0.1119,10650.0,0.112,15642.0
1753600084230,07:08:04.230,phemex,AEVO/USDT:USDT,0.1118,17430.0,0.1117,8881.0,0.1119,10650.0,0.112,25390.0
1753600085200,07:08:05.200,phemex,AEVO/USDT:USDT,0.1118,17430.0,0.1117,8881.0,0.1119,10650.0,0.112,25390.0
1753600085596,07:08:05.596,phemex,AEVO/USDT:USDT,0.1118,17430.0,0.1117,8881.0,0.1119,10650.0,0.112,25390.0
1753600086002,07:08:06.002,phemex,AEVO/USDT:USDT,0.1118,17430.0,0.1117,8881.0,0.1119,650.0,0.112,25390.0
1753600086025,07:08:06.025,phemex,AEVO/USDT:USDT,0.1118,17430.0,0.1117,8881.0,0.112,25390.0,0.1121,8402.0
1753600086073,07:08:06.073,phemex,AEVO/USDT:USDT,0.1118,17430.0,0.1117,8881.0,0.1119,650.0,0.112,25390.0
1753600086095,07:08:06.095,phemex,AEVO/USDT:USDT,0.1118,17430.0,0.1117,8881.0,0.1119,650.0,0.112,25390.0
1753600086129,07:08:06.129,phemex,AEVO/USDT:USDT,0.1118,17430.0,0.1117,8881.0,0.112,25390.0,0.1121,8402.0
1753600086188,07:08:06.188,phemex,AEVO/USDT:USDT,0.1118,17430.0,0.1117,8881.0,0.1119,650.0,0.112,25390.0
1753600086292,07:08:06.292,phemex,AEVO/USDT:USDT,0.1118,17430.0,0.1117,8881.0,0.112,25390.0,0.1121,8402.0
1753600086333,07:08:06.333,phemex,AEVO/USDT:USDT,0.1118,17430.0,0.1117,8881.0,0.1119,650.0,0.112,25390.0
1753600086482,07:08:06.482,phemex,AEVO/USDT:USDT,0.1118,17430.0,0.1117,8881.0,0.112,25390.0,0.1121,8402.0
1753600086530,07:08:06.530,phemex,AEVO/USDT:USDT,0.1118,17430.0,0.1117,8881.0,0.1119,650.0,0.112,25390.0
1753600086844,07:08:06.844,phemex,AEVO/USDT:USDT,0.1118,17430.0,0.1117,8881.0,0.1119,650.0,0.112,25390.0
1753600086907,07:08:06.907,phemex,AEVO/USDT:USDT,0.1118,17430.0,0.1117,8881.0,0.112,25390.0,0.1121,8402.0
1753600086914,07:08:06.914,phemex,AEVO/USDT:USDT,0.1118,17430.0,0.1117,8881.0,0.1119,650.0,0.112,25390.0
1753600086922,07:08:06.922,phemex,AEVO/USDT:USDT,0.1118,17430.0,0.1117,8881.0,0.1119,650.0,0.112,25390.0
1753600087311,07:08:07.311,phemex,AEVO/USDT:USDT,0.1118,17430.0,0.1117,8881.0,0.1119,650.0,0.112,25390.0
1753600087312,07:08:07.312,phemex,AEVO/USDT:USDT,0.1118,17430.0,0.1117,8881.0,0.1119,650.0,0.112,25390.0
1753600087468,07:08:07.468,phemex,AEVO/USDT:USDT,0.1118,17430.0,0.1117,8881.0,0.112,25390.0,0.1121,8402.0
1753600087489,07:08:07.489,phemex,AEVO/USDT:USDT,0.1118,17430.0,0.1117,24662.0,0.1119,650.0,0.112,25390.0
1753600087500,07:08:07.500,phemex,AEVO/USDT:USDT,0.1118,17430.0,0.1117,24662.0,0.112,25390.0,0.1121,8402.0
1753600087527,07:08:07.527,phemex,AEVO/USDT:USDT,0.1118,17430.0,0.1117,24662.0,0.1119,650.0,0.112,25390.0
1753600087561,07:08:07.561,phemex,AEVO/USDT:USDT,0.1118,17430.0,0.1117,24662.0,0.112,25390.0,0.1121,8402.0
1753600087618,07:08:07.618,phemex,AEVO/USDT:USDT,0.1118,17430.0,0.1117,24662.0,0.1119,650.0,0.112,25390.0
1753600087642,07:08:07.642,phemex,AEVO/USDT:USDT,0.1118,17430.0,0.1117,24662.0,0.112,25390.0,0.1121,8402.0
1753600088282,07:08:08.282,phemex,AEVO/USDT:USDT,0.1119,650.0,0.1118,17430.0,0.112,25390.0,0.1121,8402.0
1753600088328,07:08:08.328,phemex,AEVO/USDT:USDT,0.1118,17430.0,0.1117,24662.0,0.112,25390.0,0.1121,8402.0
1753600088389,07:08:08.389,phemex,AEVO/USDT:USDT,0.1118,17430.0,0.1117,24662.0,0.112,25390.0,0.1121,8402.0
1753600088392,07:08:08.392,phemex,AEVO/USDT:USDT,0.1118,17430.0,0.1117,24662.0,0.112,25390.0,0.1121,8402.0
1753600088739,07:08:08.739,phemex,AEVO/USDT:USDT,0.1119,650.0,0.1118,17430.0,0.112,25390.0,0.1121,8402.0
1753600088753,07:08:08.753,phemex,AEVO/USDT:USDT,0.1118,17430.0,0.1117,24662.0,0.112,25390.0,0.1121,8402.0
1753600088772,07:08:08.772,phemex,AEVO/USDT:USDT,0.1119,650.0,0.1118,17430.0,0.112,25390.0,0.1121,8402.0
1753600089699,07:08:09.699,phemex,AEVO/USDT:USDT,0.1119,650.0,0.1118,17430.0,0.112,25390.0,0.1121,8402.0
1753600089839,07:08:09.839,phemex,AEVO/USDT:USDT,0.1118,17430.0,0.1117,24662.0,0.112,25390.0,0.1121,8402.0
1753600089869,07:08:09.869,phemex,AEVO/USDT:USDT,0.1119,648.0,0.1118,17430.0,0.112,25390.0,0.1121,8402.0
1753600089923,07:08:09.923,phemex,AEVO/USDT:USDT,0.1118,17430.0,0.1117,24662.0,0.112,25390.0,0.1121,8402.0
1753600089947,07:08:09.947,phemex,AEVO/USDT:USDT,0.1119,648.0,0.1118,17430.0,0.112,25390.0,0.1121,8402.0
1753600089984,07:08:09.984,phemex,AEVO/USDT:USDT,0.1118,17430.0,0.1117,24662.0,0.112,25390.0,0.1121,8402.0
1753600090028,07:08:10.028,phemex,AEVO/USDT:USDT,0.1119,648.0,0.1118,17430.0,0.112,25390.0,0.1121,8402.0
1753600090086,07:08:10.086,phemex,AEVO/USDT:USDT,0.1118,17430.0,0.1117,24662.0,0.112,25390.0,0.1121,8402.0
1753600090129,07:08:10.129,phemex,AEVO/USDT:USDT,0.1119,648.0,0.1118,17430.0,0.112,25390.0,0.1121,8402.0
1753600090186,07:08:10.186,phemex,AEVO/USDT:USDT,0.1118,17430.0,0.1117,24662.0,0.112,25390.0,0.1121,8402.0
1753600090208,07:08:10.208,phemex,AEVO/USDT:USDT,0.1119,648.0,0.1118,17430.0,0.112,25390.0,0.1121,8402.0
1753600090246,07:08:10.246,phemex,AEVO/USDT:USDT,0.1118,17430.0,0.1117,24662.0,0.112,25390.0,0.1121,8402.0
1753600090311,07:08:10.311,phemex,AEVO/USDT:USDT,0.1119,648.0,0.1118,17430.0,0.112,25390.0,0.1121,8402.0
1753600090327,07:08:10.327,phemex,AEVO/USDT:USDT,0.1118,17430.0,0.1117,24662.0,0.112,25390.0,0.1121,8402.0
1753600090375,07:08:10.375,phemex,AEVO/USDT:USDT,0.1119,648.0,0.1118,17430.0,0.112,25390.0,0.1121,8402.0
1753600090408,07:08:10.408,phemex,AEVO/USDT:USDT,0.1118,17430.0,0.1117,24662.0,0.112,25390.0,0.1121,8402.0
1753600090459,07:08:10.459,phemex,AEVO/USDT:USDT,0.1119,648.0,0.1118,17430.0,0.112,25390.0,0.1121,8402.0
1753600090469,07:08:10.469,phemex,AEVO/USDT:USDT,0.1118,17430.0,0.1117,24662.0,0.112,25390.0,0.1121,8402.0
1753600091339,07:08:11.339,phemex,AEVO/USDT:USDT,0.1118,17430.0,0.1117,24662.0,0.1119,648.0,0.112,25390.0
1753600091354,07:08:11.354,phemex,AEVO/USDT:USDT,0.1118,17430.0,0.1117,24662.0,0.112,25390.0,0.1121,8402.0
1753600091364,07:08:11.364,phemex,AEVO/USDT:USDT,0.1118,17430.0,0.1117,24662.0,0.1119,648.0,0.112,25390.0
1753600091391,07:08:11.391,phemex,AEVO/USDT:USDT,0.1118,17430.0,0.1117,8881.0,0.1119,648.0,0.112,25390.0
1753600091630,07:08:11.630,phemex,AEVO/USDT:USDT,0.1118,17430.0,0.1117,8881.0,0.112,25390.0,0.1121,8402.0
1753600091689,07:08:11.689,phemex,AEVO/USDT:USDT,0.1118,17430.0,0.1117,8881.0,0.1119,648.0,0.112,25390.0
1753600091716,07:08:11.716,phemex,AEVO/USDT:USDT,0.1118,17430.0,0.1117,8881.0,0.112,25390.0,0.1121,8402.0
1753600091947,07:08:11.947,phemex,AEVO/USDT:USDT,0.1118,17430.0,0.1117,8881.0,0.1119,648.0,0.112,25390.0
1753600091964,07:08:11.964,phemex,AEVO/USDT:USDT,0.1118,17430.0,0.1117,8881.0,0.112,25390.0,0.1121,8402.0
1753600091980,07:08:11.980,phemex,AEVO/USDT:USDT,0.1118,17430.0,0.1117,8881.0,0.1119,648.0,0.112,25390.0
1753600092021,07:08:12.021,phemex,AEVO/USDT:USDT,0.1118,17430.0,0.1117,8881.0,0.112,25390.0,0.1121,8402.0
1753600092224,07:08:12.224,phemex,AEVO/USDT:USDT,0.1118,17430.0,0.1117,8881.0,0.112,25390.0,0.1121,8402.0
1753600092432,07:08:12.432,phemex,AEVO/USDT:USDT,0.1118,17430.0,0.1117,8881.0,0.1119,648.0,0.112,25390.0
1753600092459,07:08:12.459,phemex,AEVO/USDT:USDT,0.1118,17430.0,0.1117,8881.0,0.112,25390.0,0.1121,8402.0
1753600092488,07:08:12.488,phemex,AEVO/USDT:USDT,0.1118,17430.0,0.1117,8881.0,0.1119,648.0,0.112,25390.0
1753600092500,07:08:12.500,phemex,AEVO/USDT:USDT,0.1118,17430.0,0.1117,8881.0,0.112,25390.0,0.1121,8402.0
1753600092545,07:08:12.545,phemex,AEVO/USDT:USDT,0.1118,17430.0,0.1117,8881.0,0.1119,648.0,0.112,25390.0
1753600092606,07:08:12.606,phemex,AEVO/USDT:USDT,0.1118,17430.0,0.1117,8881.0,0.112,25390.0,0.1121,8402.0
1753600092683,07:08:12.683,phemex,AEVO/USDT:USDT,0.1118,17430.0,0.1117,8881.0,0.112,25390.0,0.1121,8402.0
1753600092702,07:08:12.702,phemex,AEVO/USDT:USDT,0.1118,17430.0,0.1117,8881.0,0.1119,648.0,0.112,25390.0
1753600092922,07:08:12.922,phemex,AEVO/USDT:USDT,0.1118,17430.0,0.1117,8881.0,0.112,25390.0,0.1121,8402.0
1753600093095,07:08:13.095,phemex,AEVO/USDT:USDT,0.1118,17430.0,0.1117,8881.0,0.1119,648.0,0.112,25390.0
1753600093124,07:08:13.124,phemex,AEVO/USDT:USDT,0.1118,17430.0,0.1117,8881.0,0.112,25390.0,0.1121,8402.0
1753600093256,07:08:13.256,phemex,AEVO/USDT:USDT,0.1118,17430.0,0.1117,8881.0,0.1119,648.0,0.112,25390.0
1753600093305,07:08:13.305,phemex,AEVO/USDT:USDT,0.1118,17430.0,0.1117,8881.0,0.112,25390.0,0.1121,8402.0
1753600093429,07:08:13.429,phemex,AEVO/USDT:USDT,0.1118,17430.0,0.1117,8881.0,0.1119,648.0,0.112,25390.0
1753600093445,07:08:13.445,phemex,AEVO/USDT:USDT,0.1118,17430.0,0.1117,8881.0,0.112,25390.0,0.1121,8402.0
1753600094746,07:08:14.746,phemex,AEVO/USDT:USDT,0.1118,17430.0,0.1117,8881.0,0.1119,648.0,0.112,25390.0
1753600094796,07:08:14.796,phemex,AEVO/USDT:USDT,0.1118,17430.0,0.1117,8881.0,0.112,25390.0,0.1121,8402.0
1753600094829,07:08:14.829,phemex,AEVO/USDT:USDT,0.1118,17430.0,0.1117,8881.0,0.1119,648.0,0.112,25390.0
1753600094855,07:08:14.855,phemex,AEVO/USDT:USDT,0.1118,17430.0,0.1117,8881.0,0.112,25390.0,0.1121,8402.0
1753600094905,07:08:14.905,phemex,AEVO/USDT:USDT,0.1118,17430.0,0.1117,8881.0,0.1119,648.0,0.112,25390.0
1753600094920,07:08:14.920,phemex,AEVO/USDT:USDT,0.1118,17430.0,0.1117,8881.0,0.112,25390.0,0.1121,8402.0
1753600094937,07:08:14.937,phemex,AEVO/USDT:USDT,0.1118,17430.0,0.1117,8881.0,0.1119,648.0,0.112,25390.0
1753600094957,07:08:14.957,phemex,AEVO/USDT:USDT,0.1118,17430.0,0.1117,8881.0,0.112,25390.0,0.1121,8402.0
1753600095020,07:08:15.020,phemex,AEVO/USDT:USDT,0.1118,17430.0,0.1117,8881.0,0.1119,648.0,0.112,25390.0
1753600095060,07:08:15.060,phemex,AEVO/USDT:USDT,0.1118,17430.0,0.1117,8881.0,0.112,25390.0,0.1121,8402.0
1753600095121,07:08:15.121,phemex,AEVO/USDT:USDT,0.1118,17430.0,0.1117,8881.0,0.1119,648.0,0.112,25390.0
1753600095160,07:08:15.160,phemex,AEVO/USDT:USDT,0.1118,17430.0,0.1117,8881.0,0.112,25390.0,0.1121,8402.0
1753600095181,07:08:15.181,phemex,AEVO/USDT:USDT,0.1118,17430.0,0.1117,8881.0,0.1119,648.0,0.112,25390.0
1753600095201,07:08:15.201,phemex,AEVO/USDT:USDT,0.1118,17430.0,0.1117,8881.0,0.112,25390.0,0.1121,8402.0
1753600096191,07:08:16.191,phemex,AEVO/USDT:USDT,0.1118,17430.0,0.1117,8881.0,0.1119,648.0,0.112,25390.0
1753600096212,07:08:16.212,phemex,AEVO/USDT:USDT,0.1118,17430.0,0.1117,8881.0,0.112,25390.0,0.1121,8402.0
1753600096217,07:08:16.217,phemex,AEVO/USDT:USDT,0.1118,17430.0,0.1117,8881.0,0.112,25390.0,0.1121,8402.0
1753600096251,07:08:16.251,phemex,AEVO/USDT:USDT,0.1118,17430.0,0.1117,8881.0,0.112,25390.0,0.1121,8402.0
1753600096482,07:08:16.482,phemex,AEVO/USDT:USDT,0.1118,17430.0,0.1117,8881.0,0.1119,648.0,0.112,25390.0
1753600096491,07:08:16.491,phemex,AEVO/USDT:USDT,0.1118,17430.0,0.1117,8881.0,0.112,25390.0,0.1121,8402.0
1753600096576,07:08:16.576,phemex,AEVO/USDT:USDT,0.1118,17430.0,0.1117,26402.0,0.112,25390.0,0.1121,8402.0
1753600097213,07:08:17.213,phemex,AEVO/USDT:USDT,0.1118,17430.0,0.1117,26402.0,0.1119,648.0,0.112,25390.0
1753600097237,07:08:17.237,phemex,AEVO/USDT:USDT,0.1118,17430.0,0.1117,26402.0,0.112,25390.0,0.1121,8402.0
1753600097315,07:08:17.315,phemex,AEVO/USDT:USDT,0.1118,17430.0,0.1117,26402.0,0.1119,648.0,0.112,25390.0
1753600097339,07:08:17.339,phemex,AEVO/USDT:USDT,0.1118,17430.0,0.1117,26402.0,0.112,25390.0,0.1121,8402.0
1753600097374,07:08:17.374,phemex,AEVO/USDT:USDT,0.1118,17430.0,0.1117,26402.0,0.1119,648.0,0.112,25390.0
1753600097398,07:08:17.398,phemex,AEVO/USDT:USDT,0.1118,17430.0,0.1117,26402.0,0.112,25390.0,0.1121,8402.0
1753600097432,07:08:17.432,phemex,AEVO/USDT:USDT,0.1118,17430.0,0.1117,26402.0,0.1119,648.0,0.112,25390.0
1753600097438,07:08:17.438,phemex,AEVO/USDT:USDT,0.1118,17430.0,0.1117,26402.0,0.112,25390.0,0.1121,8402.0
1753600097496,07:08:17.496,phemex,AEVO/USDT:USDT,0.1118,17430.0,0.1117,26402.0,0.1119,648.0,0.112,25390.0
1753600097540,07:08:17.540,phemex,AEVO/USDT:USDT,0.1118,17430.0,0.1117,26402.0,0.112,25390.0,0.1121,8402.0
1753600097609,07:08:17.609,phemex,AEVO/USDT:USDT,0.1118,17430.0,0.1117,26402.0,0.1119,648.0,0.112,25390.0
1753600097620,07:08:17.620,phemex,AEVO/USDT:USDT,0.1118,17430.0,0.1117,26402.0,0.112,25390.0,0.1121,8402.0
1753600097661,07:08:17.661,phemex,AEVO/USDT:USDT,0.1118,17430.0,0.1117,26402.0,0.1119,648.0,0.112,25390.0
1753600097895,07:08:17.895,phemex,AEVO/USDT:USDT,0.1118,17430.0,0.1117,26402.0,0.1119,648.0,0.112,25390.0
1753600098123,07:08:18.123,phemex,AEVO/USDT:USDT,0.1118,17430.0,0.1117,8881.0,0.1119,648.0,0.112,25390.0
1753600098147,07:08:18.147,phemex,AEVO/USDT:USDT,0.1118,17430.0,0.1117,8881.0,0.1119,648.0,0.112,25390.0
1753600098462,07:08:18.462,phemex,AEVO/USDT:USDT,0.1119,1296.0,0.1118,17430.0,0.1121,10960.0,0.1122,10186.0
1753600098472,07:08:18.472,phemex,AEVO/USDT:USDT,0.1119,3083.0,0.1118,15642.0,0.1121,10960.0,0.1122,10186.0
1753600098486,07:08:18.486,phemex,AEVO/USDT:USDT,0.1119,3083.0,0.1118,15642.0,0.112,648.0,0.1121,10960.0
1753600098520,07:08:18.520,phemex,AEVO/USDT:USDT,0.1119,1296.0,0.1118,15642.0,0.112,648.0,0.1121,10960.0
1753600098560,07:08:18.560,phemex,AEVO/USDT:USDT,0.1119,3083.0,0.1118,15642.0,0.112,648.0,0.1121,10960.0
1753600098570,07:08:18.570,phemex,AEVO/USDT:USDT,0.1119,3083.0,0.1118,15642.0,0.112,648.0,0.1121,10960.0
1753600098578,07:08:18.578,phemex,AEVO/USDT:USDT,0.1119,3083.0,0.1118,15642.0,0.112,648.0,0.1121,10960.0
1753600098771,07:08:18.771,phemex,AEVO/USDT:USDT,0.1119,3083.0,0.1118,15642.0,0.112,648.0,0.1121,10960.0
1753600099067,07:08:19.067,phemex,AEVO/USDT:USDT,0.1119,3083.0,0.1118,15642.0,0.112,15648.0,0.1121,10960.0
1753600100348,07:08:20.348,phemex,AEVO/USDT:USDT,0.1119,3083.0,0.1118,15642.0,0.112,15648.0,0.1121,10960.0
1753600102310,07:08:22.310,phemex,AEVO/USDT:USDT,0.1119,3083.0,0.1118,15642.0,0.112,15648.0,0.1121,10960.0
1753600102455,07:08:22.455,phemex,AEVO/USDT:USDT,0.1119,3083.0,0.1118,15642.0,0.112,15648.0,0.1121,10960.0
1753600102462,07:08:22.462,phemex,AEVO/USDT:USDT,0.1119,3083.0,0.1118,15642.0,0.112,15648.0,0.1121,10960.0
1753600103497,07:08:23.497,phemex,AEVO/USDT:USDT,0.1119,3083.0,0.1118,30375.0,0.112,15648.0,0.1121,10960.0
1753600103512,07:08:23.512,phemex,AEVO/USDT:USDT,0.1119,3083.0,0.1118,30375.0,0.112,15648.0,0.1121,10960.0
1753600104665,07:08:24.665,phemex,AEVO/USDT:USDT,0.1119,3083.0,0.1118,30375.0,0.112,15648.0,0.1121,10960.0
1753600104682,07:08:24.682,phemex,AEVO/USDT:USDT,0.1119,3083.0,0.1118,30375.0,0.112,15648.0,0.1121,10960.0
1753600104704,07:08:24.704,phemex,AEVO/USDT:USDT,0.1119,648.0,0.1118,30375.0,0.112,25328.0,0.1121,8208.0
1753600104711,07:08:24.711,phemex,AEVO/USDT:USDT,0.1118,30375.0,0.1117,8881.0,0.112,25328.0,0.1121,8208.0
1753600104740,07:08:24.740,phemex,AEVO/USDT:USDT,0.1119,641.0,0.1118,30375.0,0.112,25328.0,0.1121,8208.0
1753600104752,07:08:24.752,phemex,AEVO/USDT:USDT,0.1118,32163.0,0.1117,8881.0,0.112,25328.0,0.1121,8208.0
1753600104808,07:08:24.808,phemex,AEVO/USDT:USDT,0.1119,641.0,0.1118,32163.0,0.112,25328.0,0.1121,8208.0
1753600104850,07:08:24.850,phemex,AEVO/USDT:USDT,0.1118,32163.0,0.1117,8881.0,0.112,25328.0,0.1121,8208.0
1753600104883,07:08:24.883,phemex,AEVO/USDT:USDT,0.1119,641.0,0.1118,32163.0,0.112,25328.0,0.1121,8208.0
1753600105272,07:08:25.272,phemex,AEVO/USDT:USDT,0.1118,32163.0,0.1117,8881.0,0.112,25328.0,0.1121,8208.0
1753600105288,07:08:25.288,phemex,AEVO/USDT:USDT,0.1119,641.0,0.1118,32163.0,0.112,25328.0,0.1121,8208.0
1753600105327,07:08:25.327,phemex,AEVO/USDT:USDT,0.1118,32163.0,0.1117,8881.0,0.112,25328.0,0.1121,8208.0
1753600105371,07:08:25.371,phemex,AEVO/USDT:USDT,0.1119,641.0,0.1118,32163.0,0.112,25328.0,0.1121,8208.0
1753600105395,07:08:25.395,phemex,AEVO/USDT:USDT,0.1118,32163.0,0.1117,8881.0,0.112,25328.0,0.1121,8208.0
1753600105427,07:08:25.427,phemex,AEVO/USDT:USDT,0.1119,641.0,0.1118,32163.0,0.112,25328.0,0.1121,8208.0
1753600105468,07:08:25.468,phemex,AEVO/USDT:USDT,0.1118,32163.0,0.1117,8881.0,0.112,25328.0,0.1121,8208.0
1753600105535,07:08:25.535,phemex,AEVO/USDT:USDT,0.1119,641.0,0.1118,32163.0,0.112,25328.0,0.1121,8208.0
1753600105547,07:08:25.547,phemex,AEVO/USDT:USDT,0.1118,32163.0,0.1117,8881.0,0.112,25328.0,0.1121,8208.0
1753600105569,07:08:25.569,phemex,AEVO/USDT:USDT,0.1119,641.0,0.1118,32163.0,0.112,25328.0,0.1121,8208.0
1753600105608,07:08:25.608,phemex,AEVO/USDT:USDT,0.1118,32163.0,0.1117,8881.0,0.112,25328.0,0.1121,8208.0
1753600105629,07:08:25.629,phemex,AEVO/USDT:USDT,0.1119,641.0,0.1118,32163.0,0.112,25328.0,0.1121,8208.0
1753600105648,07:08:25.648,phemex,AEVO/USDT:USDT,0.1118,32163.0,0.1117,8881.0,0.112,25328.0,0.1121,8208.0
1753600105689,07:08:25.689,phemex,AEVO/USDT:USDT,0.1119,641.0,0.1118,32163.0,0.112,25328.0,0.1121,8208.0
1753600105729,07:08:25.729,phemex,AEVO/USDT:USDT,0.1118,32163.0,0.1117,8881.0,0.112,25328.0,0.1121,8208.0
1753600105771,07:08:25.771,phemex,AEVO/USDT:USDT,0.1119,641.0,0.1118,32163.0,0.112,25328.0,0.1121,8208.0
1753600105809,07:08:25.809,phemex,AEVO/USDT:USDT,0.1118,32163.0,0.1117,8881.0,0.112,25328.0,0.1121,8208.0
1753600105867,07:08:25.867,phemex,AEVO/USDT:USDT,0.1119,641.0,0.1118,32163.0,0.112,25328.0,0.1121,8208.0
1753600105924,07:08:25.924,phemex,AEVO/USDT:USDT,0.1118,32163.0,0.1117,8881.0,0.112,25328.0,0.1121,8208.0
1753600105938,07:08:25.938,phemex,AEVO/USDT:USDT,0.1119,641.0,0.1118,32163.0,0.112,25328.0,0.1121,8208.0
1753600107733,07:08:27.733,phemex,AEVO/USDT:USDT,0.1119,2428.0,0.1118,30375.0,0.112,648.0,0.1121,8989.0
1753600107749,07:08:27.749,phemex,AEVO/USDT:USDT,0.1119,2428.0,0.1118,30375.0,0.1121,8989.0,0.1122,8017.0
1753600107757,07:08:27.757,phemex,AEVO/USDT:USDT,0.1119,2428.0,0.1118,30375.0,0.1121,8989.0,0.1122,8017.0
1753600107783,07:08:27.783,phemex,AEVO/USDT:USDT,0.1119,2428.0,0.1118,30375.0,0.112,641.0,0.1121,8989.0
1753600107838,07:08:27.838,phemex,AEVO/USDT:USDT,0.1119,2428.0,0.1118,30375.0,0.112,15000.0,0.1121,8989.0
1753600107850,07:08:27.850,phemex,AEVO/USDT:USDT,0.1119,2428.0,0.1118,30375.0,0.112,15641.0,0.1121,8989.0
1753600111256,07:08:31.256,phemex,AEVO/USDT:USDT,0.1119,2428.0,0.1118,30375.0,0.112,15641.0,0.1121,8989.0
1753600113425,07:08:33.425,phemex,AEVO/USDT:USDT,0.1119,2428.0,0.1118,30375.0,0.112,15641.0,0.1121,8989.0
1753600114931,07:08:34.931,phemex,AEVO/USDT:USDT,0.1119,2428.0,0.1118,30375.0,0.112,24543.0,0.1121,8719.0
1753600114947,07:08:34.947,phemex,AEVO/USDT:USDT,0.1119,2428.0,0.1118,30375.0,0.112,15641.0,0.1121,9536.0
1753600114954,07:08:34.954,phemex,AEVO/USDT:USDT,0.1119,2428.0,0.1118,30375.0,0.112,15641.0,0.1121,9536.0
1753600115101,07:08:35.101,phemex,AEVO/USDT:USDT,0.1119,641.0,0.1118,30375.0,0.112,15641.0,0.1121,9536.0
1753600115693,07:08:35.693,phemex,AEVO/USDT:USDT,0.1119,641.0,0.1118,30375.0,0.112,15641.0,0.1121,9536.0
1753600116734,07:08:36.734,phemex,AEVO/USDT:USDT,0.1118,642.0,0.1117,41538.0,0.1119,641.0,0.112,15641.0
1753600116750,07:08:36.750,phemex,AEVO/USDT:USDT,0.1118,642.0,0.1117,41538.0,0.1119,16301.0,0.112,15641.0
1753600116766,07:08:36.766,phemex,AEVO/USDT:USDT,0.1117,41538.0,0.1116,650.0,0.1119,16301.0,0.112,15641.0
1753600116807,07:08:36.807,phemex,AEVO/USDT:USDT,0.1117,43328.0,0.1116,650.0,0.1118,660.0,0.1119,16301.0
1753600116824,07:08:36.824,phemex,AEVO/USDT:USDT,0.1117,25577.0,0.1116,19005.0,0.1118,660.0,0.1119,16301.0
1753600116854,07:08:36.854,phemex,AEVO/USDT:USDT,0.1117,25577.0,0.1116,19005.0,0.1118,660.0,0.1119,16301.0
1753600116857,07:08:36.857,phemex,AEVO/USDT:USDT,0.1117,25577.0,0.1116,19005.0,0.1118,660.0,0.1119,16301.0
1753600116901,07:08:36.901,phemex,AEVO/USDT:USDT,0.1117,25577.0,0.1116,27177.0,0.1118,660.0,0.1119,16301.0
1753600117104,07:08:37.104,phemex,AEVO/USDT:USDT,0.1117,25577.0,0.1116,27177.0,0.1119,16301.0,0.112,15641.0
1753600117125,07:08:37.125,phemex,AEVO/USDT:USDT,0.1117,25577.0,0.1116,27177.0,0.1118,660.0,0.1119,16301.0
1753600117863,07:08:37.863,phemex,AEVO/USDT:USDT,0.1117,17449.0,0.1116,27177.0,0.1118,660.0,0.1119,16301.0
1753600118719,07:08:38.719,phemex,AEVO/USDT:USDT,0.1117,17449.0,0.1116,27177.0,0.1118,660.0,0.1119,16301.0
1753600119963,07:08:39.963,phemex,AEVO/USDT:USDT,0.1117,17449.0,0.1116,27177.0,0.1118,660.0,0.1119,25890.0
1753600120482,07:08:40.482,phemex,AEVO/USDT:USDT,0.1117,17449.0,0.1116,27177.0,0.1118,660.0,0.1119,25890.0
1753600120601,07:08:40.601,phemex,AEVO/USDT:USDT,0.1117,17449.0,0.1116,27177.0,0.1119,25890.0,0.112,22808.0
1753600120615,07:08:40.615,phemex,AEVO/USDT:USDT,0.1117,17449.0,0.1116,27177.0,0.1118,656.0,0.1119,25890.0
1753600120675,07:08:40.675,phemex,AEVO/USDT:USDT,0.1117,17449.0,0.1116,27177.0,0.1118,656.0,0.1119,25890.0
1753600120714,07:08:40.714,phemex,AEVO/USDT:USDT,0.1117,17449.0,0.1116,27177.0,0.1119,25890.0,0.112,7808.0
1753600120736,07:08:40.736,phemex,AEVO/USDT:USDT,0.1117,17449.0,0.1116,27177.0,0.1118,656.0,0.1119,25890.0
1753600120766,07:08:40.766,phemex,AEVO/USDT:USDT,0.1117,17449.0,0.1116,27177.0,0.1119,25890.0,0.112,7808.0
1753600120806,07:08:40.806,phemex,AEVO/USDT:USDT,0.1117,17449.0,0.1116,27177.0,0.1118,656.0,0.1119,25890.0
1753600120857,07:08:40.857,phemex,AEVO/USDT:USDT,0.1117,17449.0,0.1116,27177.0,0.1119,25890.0,0.112,7808.0
1753600120948,07:08:40.948,phemex,AEVO/USDT:USDT,0.1117,17449.0,0.1116,27177.0,0.1118,656.0,0.1119,25890.0
1753600120959,07:08:40.959,phemex,AEVO/USDT:USDT,0.1117,17449.0,0.1116,27177.0,0.1119,25890.0,0.112,7808.0
1753600121029,07:08:41.029,phemex,AEVO/USDT:USDT,0.1117,17449.0,0.1116,27177.0,0.1118,656.0,0.1119,25890.0
1753600121049,07:08:41.049,phemex,AEVO/USDT:USDT,0.1117,17449.0,0.1116,27177.0,0.1118,656.0,0.1119,25890.0
1753600121491,07:08:41.491,phemex,AEVO/USDT:USDT,0.1117,17449.0,0.1116,27177.0,0.1118,656.0,0.1119,25890.0
1753600121507,07:08:41.507,phemex,AEVO/USDT:USDT,0.1117,17449.0,0.1116,27177.0,0.1118,656.0,0.1119,25890.0
1753600122655,07:08:42.655,phemex,AEVO/USDT:USDT,0.1117,17449.0,0.1116,27177.0,0.1118,656.0,0.1119,25890.0
1753600122665,07:08:42.665,phemex,AEVO/USDT:USDT,0.1117,17449.0,0.1116,27177.0,0.1118,656.0,0.1119,25890.0
1753600123391,07:08:43.391,phemex,AEVO/USDT:USDT,0.1117,17449.0,0.1116,27177.0,0.1119,25890.0,0.112,7808.0
1753600123425,07:08:43.425,phemex,AEVO/USDT:USDT,0.1117,35070.0,0.1116,8822.0,0.1119,25890.0,0.112,7808.0
1753600123546,07:08:43.546,phemex,AEVO/USDT:USDT,0.1117,35070.0,0.1116,8822.0,0.1119,25890.0,0.112,7808.0
1753600123563,07:08:43.563,phemex,AEVO/USDT:USDT,0.1117,35070.0,0.1116,8822.0,0.1119,25890.0,0.112,7808.0
1753600123757,07:08:43.757,phemex,AEVO/USDT:USDT,0.1117,35070.0,0.1116,8822.0,0.1118,656.0,0.1119,25890.0
1753600123781,07:08:43.781,phemex,AEVO/USDT:USDT,0.1117,35070.0,0.1116,8822.0,0.1119,25890.0,0.112,7808.0
1753600124030,07:08:44.030,phemex,AEVO/USDT:USDT,0.1117,35070.0,0.1116,8822.0,0.1118,656.0,0.1119,25890.0
1753600124046,07:08:44.046,phemex,AEVO/USDT:USDT,0.1117,35070.0,0.1116,8822.0,0.1119,25890.0,0.112,7808.0
1753600124345,07:08:44.345,phemex,AEVO/USDT:USDT,0.1117,35070.0,0.1116,8822.0,0.1118,656.0,0.1119,25890.0
1753600124383,07:08:44.383,phemex,AEVO/USDT:USDT,0.1117,35070.0,0.1116,8822.0,0.1119,25890.0,0.112,7808.0
1753600124409,07:08:44.409,phemex,AEVO/USDT:USDT,0.1118,656.0,0.1117,17449.0,0.1119,16301.0,0.112,10594.0
1753600124425,07:08:44.425,phemex,AEVO/USDT:USDT,0.1118,656.0,0.1117,17449.0,0.1119,16301.0,0.112,10594.0
1753600124447,07:08:44.447,phemex,AEVO/USDT:USDT,0.1118,656.0,0.1117,17449.0,0.1119,16301.0,0.112,10594.0
1753600125521,07:08:45.521,phemex,AEVO/USDT:USDT,0.1118,2444.0,0.1117,15659.0,0.1119,660.0,0.112,10594.0
1753600125767,07:08:45.767,phemex,AEVO/USDT:USDT,0.1118,2444.0,0.1117,15659.0,0.1119,15660.0,0.112,10594.0
1753600125798,07:08:45.798,phemex,AEVO/USDT:USDT,0.1118,2444.0,0.1117,15659.0,0.1119,15660.0,0.112,10594.0
1753600125833,07:08:45.833,phemex,AEVO/USDT:USDT,0.1118,2444.0,0.1117,15659.0,0.1119,15660.0,0.112,10594.0
1753600127385,07:08:47.385,phemex,AEVO/USDT:USDT,0.1118,2444.0,0.1117,15659.0,0.1119,660.0,0.112,10594.0
1753600127430,07:08:47.430,phemex,AEVO/USDT:USDT,0.1118,2444.0,0.1117,15659.0,0.112,10594.0,0.1121,6580.0
1753600127460,07:08:47.460,phemex,AEVO/USDT:USDT,0.1118,2444.0,0.1117,15659.0,0.112,10594.0,0.1121,6580.0
1753600127484,07:08:47.484,phemex,AEVO/USDT:USDT,0.1118,2444.0,0.1117,15659.0,0.1119,656.0,0.112,10594.0
1753600127746,07:08:47.746,phemex,AEVO/USDT:USDT,0.1118,2444.0,0.1117,15659.0,0.1119,15656.0,0.112,10594.0
1753600129640,07:08:49.640,phemex,AEVO/USDT:USDT,0.1118,2444.0,0.1117,32401.0,0.1119,15656.0,0.112,10594.0
1753600130199,07:08:50.199,phemex,AEVO/USDT:USDT,0.1118,2444.0,0.1117,32401.0,0.1119,15656.0,0.112,10594.0
1753600130907,07:08:50.907,phemex,AEVO/USDT:USDT,0.1118,2444.0,0.1117,32401.0,0.1119,15656.0,0.112,10594.0
1753600130933,07:08:50.933,phemex,AEVO/USDT:USDT,0.1118,2444.0,0.1117,32401.0,0.1119,15656.0,0.112,10594.0
1753600131159,07:08:51.159,phemex,AEVO/USDT:USDT,0.1118,2444.0,0.1117,32401.0,0.1119,15656.0,0.112,10594.0
1753600131159,07:08:51.159,phemex,AEVO/USDT:USDT,0.1118,2444.0,0.1117,32401.0,0.1119,15656.0,0.112,10594.0
1753600133109,07:08:53.109,phemex,AEVO/USDT:USDT,0.1118,2444.0,0.1117,32401.0,0.1119,15000.0,0.112,10594.0
1753600134376,07:08:54.376,phemex,AEVO/USDT:USDT,0.1118,2444.0,0.1117,32401.0,0.112,641.0,0.1121,9582.0
1753600134391,07:08:54.391,phemex,AEVO/USDT:USDT,0.1119,17442.0,0.1118,656.0,0.1122,7487.0,0.1123,7250.0
1753600134405,07:08:54.405,phemex,AEVO/USDT:USDT,0.112,2440.0,0.1119,23829.0,0.1122,7487.0,0.1123,7250.0
1753600134423,07:08:54.423,phemex,AEVO/USDT:USDT,0.1121,655.0,0.112,2440.0,0.1122,7487.0,0.1123,7250.0
1753600134478,07:08:54.478,phemex,AEVO/USDT:USDT,0.1121,655.0,0.112,2440.0,0.1122,7487.0,0.1123,7250.0
1753600134485,07:08:54.485,phemex,AEVO/USDT:USDT,0.1121,655.0,0.112,2440.0,0.1122,7487.0,0.1123,7250.0
1753600134657,07:08:54.657,phemex,AEVO/USDT:USDT,0.112,2440.0,0.1119,23829.0,0.1122,7487.0,0.1123,7250.0
1753600134667,07:08:54.667,phemex,AEVO/USDT:USDT,0.112,2440.0,0.1119,23829.0,0.1122,22487.0,0.1123,7250.0
1753600134708,07:08:54.708,phemex,AEVO/USDT:USDT,0.112,17767.0,0.1119,23829.0,0.1121,655.0,0.1122,22487.0
1753600134725,07:08:54.725,phemex,AEVO/USDT:USDT,0.112,17767.0,0.1119,23829.0,0.1121,15000.0,0.1122,22487.0
1753600134786,07:08:54.786,phemex,AEVO/USDT:USDT,0.112,2440.0,0.1119,37067.0,0.1121,15000.0,0.1122,22487.0
1753600134808,07:08:54.808,phemex,AEVO/USDT:USDT,0.112,2440.0,0.1119,37067.0,0.1121,15655.0,0.1122,22487.0
1753600135654,07:08:55.654,phemex,AEVO/USDT:USDT,0.112,2440.0,0.1119,37067.0,0.1121,15655.0,0.1122,22487.0
1753600135675,07:08:55.675,phemex,AEVO/USDT:USDT,0.112,2440.0,0.1119,37067.0,0.1121,15655.0,0.1122,7487.0
1753600136439,07:08:56.439,phemex,AEVO/USDT:USDT,0.112,2440.0,0.1119,37067.0,0.1121,15000.0,0.1122,7487.0
1753600136632,07:08:56.632,phemex,AEVO/USDT:USDT,0.112,2440.0,0.1119,22067.0,0.1121,15000.0,0.1122,7487.0
1753600137635,07:08:57.635,phemex,AEVO/USDT:USDT,0.112,17440.0,0.1119,22067.0,0.1121,15000.0,0.1122,7487.0
1753600138165,07:08:58.165,phemex,AEVO/USDT:USDT,0.112,17440.0,0.1119,22067.0,0.1122,7487.0,0.1123,7250.0
1753600138210,07:08:58.210,phemex,AEVO/USDT:USDT,0.112,17440.0,0.1119,22067.0,0.1122,7487.0,0.1123,7250.0
1753600138232,07:08:58.232,phemex,AEVO/USDT:USDT,0.1121,655.0,0.112,17440.0,0.1122,7487.0,0.1123,7250.0
1753600138316,07:08:58.316,phemex,AEVO/USDT:USDT,0.112,17440.0,0.1119,22067.0,0.1122,7487.0,0.1123,7250.0
1753600138367,07:08:58.367,phemex,AEVO/USDT:USDT,0.112,17440.0,0.1119,22067.0,0.1122,7487.0,0.1123,7250.0
1753600138561,07:08:58.561,phemex,AEVO/USDT:USDT,0.112,17440.0,0.1119,22067.0,0.1122,7487.0,0.1123,7250.0
1753600138622,07:08:58.622,phemex,AEVO/USDT:USDT,0.112,17440.0,0.1119,22067.0,0.1122,22487.0,0.1123,7250.0
1753600138640,07:08:58.640,phemex,AEVO/USDT:USDT,0.112,17440.0,0.1119,22067.0,0.1121,655.0,0.1122,22487.0
1753600138705,07:08:58.705,phemex,AEVO/USDT:USDT,0.112,17440.0,0.1119,22067.0,0.1121,15000.0,0.1122,22487.0
1753600138728,07:08:58.728,phemex,AEVO/USDT:USDT,0.112,17440.0,0.1119,22067.0,0.1121,15655.0,0.1122,22487.0
1753600139063,07:08:59.063,phemex,AEVO/USDT:USDT,0.112,17440.0,0.1119,22067.0,0.1121,15655.0,0.1122,22487.0
1753600139611,07:08:59.611,phemex,AEVO/USDT:USDT,0.112,17440.0,0.1119,22067.0,0.1121,15655.0,0.1122,7487.0
1753600140116,07:09:00.116,phemex,AEVO/USDT:USDT,0.112,17440.0,0.1119,22067.0,0.1121,15655.0,0.1122,7487.0
1753600140119,07:09:00.119,phemex,AEVO/USDT:USDT,0.112,17440.0,0.1119,22067.0,0.1121,15655.0,0.1122,7487.0
1753600140530,07:09:00.530,phemex,AEVO/USDT:USDT,0.112,655.0,0.1119,22067.0,0.1121,15655.0,0.1122,7487.0
1753600140577,07:09:00.577,phemex,AEVO/USDT:USDT,0.112,655.0,0.1119,22067.0,0.1121,23542.0,0.1122,29017.0
1753600140602,07:09:00.602,phemex,AEVO/USDT:USDT,0.112,15655.0,0.1119,22067.0,0.1121,23542.0,0.1122,29017.0
1753600140703,07:09:00.703,phemex,AEVO/USDT:USDT,0.112,15655.0,0.1119,22067.0,0.1121,15655.0,0.1122,656.0
1753600140855,07:09:00.855,phemex,AEVO/USDT:USDT,0.112,17440.0,0.1119,22067.0,0.1121,15655.0,0.1122,656.0
1753600140890,07:09:00.890,phemex,AEVO/USDT:USDT,0.112,17440.0,0.1119,22067.0,0.1121,15000.0,0.1122,656.0
1753600140898,07:09:00.898,phemex,AEVO/USDT:USDT,0.112,17440.0,0.1119,22067.0,0.1122,656.0,0.1123,8948.0
1753600140992,07:09:00.992,phemex,AEVO/USDT:USDT,0.1121,637.0,0.112,27572.0,0.1122,656.0,0.1123,8948.0
1753600140993,07:09:00.993,phemex,AEVO/USDT:USDT,0.1121,637.0,0.112,36197.0,0.1122,656.0,0.1123,8948.0
1753600141599,07:09:01.599,phemex,AEVO/USDT:USDT,0.1121,637.0,0.112,36197.0,0.1122,15656.0,0.1123,8948.0
1753600141607,07:09:01.607,phemex,AEVO/USDT:USDT,0.1121,637.0,0.112,36197.0,0.1122,15656.0,0.1123,8948.0
1753600142596,07:09:02.596,phemex,AEVO/USDT:USDT,0.112,36197.0,0.1119,8829.0,0.1122,15656.0,0.1123,8948.0
1753600142651,07:09:02.651,phemex,AEVO/USDT:USDT,0.1121,637.0,0.112,36197.0,0.1122,15656.0,0.1123,8948.0
1753600143864,07:09:03.864,phemex,AEVO/USDT:USDT,0.1121,637.0,0.112,36197.0,0.1122,15656.0,0.1123,8948.0
1753600144572,07:09:04.572,phemex,AEVO/USDT:USDT,0.1121,637.0,0.112,36197.0,0.1122,15656.0,0.1123,8948.0
1753600144579,07:09:04.579,phemex,AEVO/USDT:USDT,0.1121,637.0,0.112,36197.0,0.1122,15656.0,0.1123,8948.0
1753600145331,07:09:05.331,phemex,AEVO/USDT:USDT,0.1121,637.0,0.112,36197.0,0.1122,15656.0,0.1123,8948.0
1753600145347,07:09:05.347,phemex,AEVO/USDT:USDT,0.1121,637.0,0.112,36197.0,0.1122,15656.0,0.1123,8948.0
1753600145348,07:09:05.348,phemex,AEVO/USDT:USDT,0.1121,637.0,0.112,36197.0,0.1122,15656.0,0.1123,8948.0
1753600146148,07:09:06.148,phemex,AEVO/USDT:USDT,0.112,21197.0,0.1119,8829.0,0.1121,637.0,0.1122,15656.0
1753600146174,07:09:06.174,phemex,AEVO/USDT:USDT,0.112,2440.0,0.1119,28065.0,0.1121,15637.0,0.1122,23679.0
1753600146191,07:09:06.191,phemex,AEVO/USDT:USDT,0.112,2440.0,0.1119,28065.0,0.1121,16274.0,0.1122,23679.0
1753600146533,07:09:06.533,phemex,AEVO/USDT:USDT,0.112,17440.0,0.1119,28065.0,0.1121,16274.0,0.1122,23679.0
1753600146576,07:09:06.576,phemex,AEVO/USDT:USDT,0.112,17440.0,0.1119,28065.0,0.1121,15637.0,0.1122,23679.0
1753600147084,07:09:07.084,phemex,AEVO/USDT:USDT,0.112,17440.0,0.1119,28065.0,0.1122,23679.0,0.1123,8948.0
1753600147208,07:09:07.208,phemex,AEVO/USDT:USDT,0.1121,637.0,0.112,17440.0,0.1122,23679.0,0.1123,8948.0
1753600147328,07:09:07.328,phemex,AEVO/USDT:USDT,0.112,17440.0,0.1119,28065.0,0.1122,23679.0,0.1123,8948.0
1753600147505,07:09:07.505,phemex,AEVO/USDT:USDT,0.112,17440.0,0.1119,28065.0,0.1122,23679.0,0.1123,8948.0
1753600147526,07:09:07.526,phemex,AEVO/USDT:USDT,0.1121,637.0,0.112,17440.0,0.1122,23679.0,0.1123,8948.0
1753600147542,07:09:07.542,phemex,AEVO/USDT:USDT,0.112,17440.0,0.1119,28065.0,0.1122,23679.0,0.1123,8948.0
1753600147606,07:09:07.606,phemex,AEVO/USDT:USDT,0.1121,637.0,0.112,17440.0,0.1122,23679.0,0.1123,8948.0
1753600147644,07:09:07.644,phemex,AEVO/USDT:USDT,0.112,17440.0,0.1119,28065.0,0.1122,23679.0,0.1123,8948.0
1753600147706,07:09:07.706,phemex,AEVO/USDT:USDT,0.1121,637.0,0.112,17440.0,0.1122,23679.0,0.1123,8948.0
1753600147744,07:09:07.744,phemex,AEVO/USDT:USDT,0.112,17440.0,0.1119,28065.0,0.1122,23679.0,0.1123,8948.0
1753600147765,07:09:07.765,phemex,AEVO/USDT:USDT,0.1121,637.0,0.112,17440.0,0.1122,23679.0,0.1123,8948.0
1753600147785,07:09:07.785,phemex,AEVO/USDT:USDT,0.112,17440.0,0.1119,28065.0,0.1122,23679.0,0.1123,8948.0
1753600147825,07:09:07.825,phemex,AEVO/USDT:USDT,0.1121,637.0,0.112,17440.0,0.1122,23679.0,0.1123,8948.0
1753600147847,07:09:07.847,phemex,AEVO/USDT:USDT,0.112,17440.0,0.1119,28065.0,0.1122,23679.0,0.1123,8948.0
1753600147865,07:09:07.865,phemex,AEVO/USDT:USDT,0.1121,637.0,0.112,17440.0,0.1122,23679.0,0.1123,8948.0
1753600147905,07:09:07.905,phemex,AEVO/USDT:USDT,0.112,17440.0,0.1119,28065.0,0.1122,23679.0,0.1123,8948.0
1753600147946,07:09:07.946,phemex,AEVO/USDT:USDT,0.1121,637.0,0.112,17440.0,0.1122,23679.0,0.1123,8948.0
1753600147985,07:09:07.985,phemex,AEVO/USDT:USDT,0.112,17440.0,0.1119,28065.0,0.1122,23679.0,0.1123,8948.0
1753600148007,07:09:08.007,phemex,AEVO/USDT:USDT,0.1121,637.0,0.112,17440.0,0.1122,23679.0,0.1123,8948.0
1753600148026,07:09:08.026,phemex,AEVO/USDT:USDT,0.112,17440.0,0.1119,28065.0,0.1122,23679.0,0.1123,8948.0
1753600148046,07:09:08.046,phemex,AEVO/USDT:USDT,0.1121,637.0,0.112,17440.0,0.1122,23679.0,0.1123,8948.0
1753600148105,07:09:08.105,phemex,AEVO/USDT:USDT,0.1121,637.0,0.112,17440.0,0.1122,23679.0,0.1123,8948.0
1753600148666,07:09:08.666,phemex,AEVO/USDT:USDT,0.1121,637.0,0.112,17440.0,0.1122,23679.0,0.1123,8948.0
1753600150119,07:09:10.119,phemex,AEVO/USDT:USDT,0.112,17440.0,0.1119,28065.0,0.1122,23679.0,0.1123,8948.0
1753600150145,07:09:10.145,phemex,AEVO/USDT:USDT,0.1121,660.0,0.112,17440.0,0.1122,23679.0,0.1123,8948.0
1753600150328,07:09:10.328,phemex,AEVO/USDT:USDT,0.1121,660.0,0.112,17440.0,0.1122,23679.0,0.1123,8948.0
1753600151171,07:09:11.171,phemex,AEVO/USDT:USDT,0.1121,660.0,0.112,34391.0,0.1122,23679.0,0.1123,8948.0
1753600151198,07:09:11.198,phemex,AEVO/USDT:USDT,0.1121,660.0,0.112,34391.0,0.1122,23679.0,0.1123,8948.0
1753600152354,07:09:12.354,phemex,AEVO/USDT:USDT,0.112,34391.0,0.1119,8829.0,0.1122,23679.0,0.1123,8948.0
1753600152366,07:09:12.366,phemex,AEVO/USDT:USDT,0.112,34391.0,0.1119,8829.0,0.1122,23679.0,0.1123,8948.0
1753600152367,07:09:12.367,phemex,AEVO/USDT:USDT,0.1121,660.0,0.112,34391.0,0.1122,23679.0,0.1123,8948.0
1753600152480,07:09:12.480,phemex,AEVO/USDT:USDT,0.112,34391.0,0.1119,8829.0,0.1122,23679.0,0.1123,8948.0
1753600152531,07:09:12.531,phemex,AEVO/USDT:USDT,0.1121,660.0,0.112,34391.0,0.1122,23679.0,0.1123,8948.0
1753600152569,07:09:12.569,phemex,AEVO/USDT:USDT,0.1121,660.0,0.112,34391.0,0.1122,23679.0,0.1123,8948.0
1753600152765,07:09:12.765,phemex,AEVO/USDT:USDT,0.112,34391.0,0.1119,8829.0,0.1122,23679.0,0.1123,8948.0
1753600152789,07:09:12.789,phemex,AEVO/USDT:USDT,0.1121,660.0,0.112,34391.0,0.1122,23679.0,0.1123,8948.0
1753600152827,07:09:12.827,phemex,AEVO/USDT:USDT,0.112,34391.0,0.1119,8829.0,0.1122,23679.0,0.1123,8948.0
1753600152891,07:09:12.891,phemex,AEVO/USDT:USDT,0.1121,660.0,0.112,34391.0,0.1122,23679.0,0.1123,8948.0
1753600152908,07:09:12.908,phemex,AEVO/USDT:USDT,0.112,34391.0,0.1119,8829.0,0.1122,23679.0,0.1123,8948.0
1753600152976,07:09:12.976,phemex,AEVO/USDT:USDT,0.112,34391.0,0.1119,8829.0,0.1122,23679.0,0.1123,8948.0
1753600153095,07:09:13.095,phemex,AEVO/USDT:USDT,0.112,34391.0,0.1119,8829.0,0.1122,23679.0,0.1123,8948.0
1753600153465,07:09:13.465,phemex,AEVO/USDT:USDT,0.112,34391.0,0.1119,8829.0,0.1122,23679.0,0.1123,8948.0
1753600154123,07:09:14.123,phemex,AEVO/USDT:USDT,0.112,34391.0,0.1119,8829.0,0.1121,660.0,0.1122,23679.0
1753600154167,07:09:14.167,phemex,AEVO/USDT:USDT,0.112,17440.0,0.1119,27095.0,0.1121,15660.0,0.1122,23679.0
1753600154172,07:09:14.172,phemex,AEVO/USDT:USDT,0.112,17440.0,0.1119,27095.0,0.1121,15660.0,0.1122,23679.0
1753600154197,07:09:14.197,phemex,AEVO/USDT:USDT,0.112,17440.0,0.1119,27095.0,0.1121,15660.0,0.1122,23679.0
1753600155736,07:09:15.736,phemex,AEVO/USDT:USDT,0.112,17440.0,0.1119,27095.0,0.1121,15660.0,0.1122,23679.0
1753600155987,07:09:15.987,phemex,AEVO/USDT:USDT,0.112,17440.0,0.1119,27095.0,0.1121,15660.0,0.1122,23679.0
1753600157314,07:09:17.314,phemex,AEVO/USDT:USDT,0.112,17440.0,0.1119,27095.0,0.1121,15660.0,0.1122,23679.0
1753600159051,07:09:19.051,phemex,AEVO/USDT:USDT,0.112,17440.0,0.1119,27095.0,0.1121,15660.0,0.1122,23679.0
1753600160468,07:09:20.468,phemex,AEVO/USDT:USDT,0.112,15655.0,0.1119,27095.0,0.1121,23149.0,0.1122,23746.0
1753600160626,07:09:20.626,phemex,AEVO/USDT:USDT,0.112,15655.0,0.1119,27095.0,0.1121,23149.0,0.1122,23746.0
1753600160815,07:09:20.815,phemex,AEVO/USDT:USDT,0.112,15655.0,0.1119,27095.0,0.1121,23149.0,0.1122,23746.0
1753600160823,07:09:20.823,phemex,AEVO/USDT:USDT,0.112,15655.0,0.1119,27095.0,0.1121,23149.0,0.1122,23746.0
1753600161367,07:09:21.367,phemex,AEVO/USDT:USDT,0.112,15655.0,0.1119,27095.0,0.1121,23149.0,0.1122,8746.0
1753600162015,07:09:22.015,phemex,AEVO/USDT:USDT,0.112,15655.0,0.1119,27095.0,0.1121,23149.0,0.1122,8746.0
1753600166203,07:09:26.203,phemex,AEVO/USDT:USDT,0.112,15655.0,0.1119,27095.0,0.1121,23149.0,0.1122,8746.0
1753600169457,07:09:29.457,phemex,AEVO/USDT:USDT,0.112,15655.0,0.1119,27095.0,0.1121,23149.0,0.1122,8746.0
1753600169793,07:09:29.793,phemex,AEVO/USDT:USDT,0.112,15655.0,0.1119,27095.0,0.1121,23149.0,0.1122,8746.0
1753600169831,07:09:29.831,phemex,AEVO/USDT:USDT,0.1121,18149.0,0.112,15655.0,0.1123,11063.0,0.1124,663.0
1753600169842,07:09:29.842,phemex,AEVO/USDT:USDT,0.1122,648.0,0.1121,40152.0,0.1123,11063.0,0.1124,663.0
1753600169860,07:09:29.860,phemex,AEVO/USDT:USDT,0.1122,648.0,0.1121,42584.0,0.1123,11063.0,0.1124,663.0
1753600169883,07:09:29.883,phemex,AEVO/USDT:USDT,0.1122,648.0,0.1121,42584.0,0.1123,11063.0,0.1124,663.0
1753600169955,07:09:29.955,phemex,AEVO/USDT:USDT,0.1122,648.0,0.1121,42584.0,0.1123,11063.0,0.1124,663.0
1753600170028,07:09:30.028,phemex,AEVO/USDT:USDT,0.1122,648.0,0.1121,42584.0,0.1123,11063.0,0.1124,663.0
1753600170039,07:09:30.039,phemex,AEVO/USDT:USDT,0.1122,648.0,0.1121,50744.0,0.1123,11063.0,0.1124,663.0
1753600170172,07:09:30.172,phemex,AEVO/USDT:USDT,0.1122,648.0,0.1121,42260.0,0.1123,11063.0,0.1124,663.0
1753600170190,07:09:30.190,phemex,AEVO/USDT:USDT,0.1122,648.0,0.1121,42260.0,0.1123,11063.0,0.1124,663.0
1753600170266,07:09:30.266,phemex,AEVO/USDT:USDT,0.1122,648.0,0.1121,42260.0,0.1123,26063.0,0.1124,663.0
1753600171297,07:09:31.297,phemex,AEVO/USDT:USDT,0.1122,648.0,0.1121,42260.0,0.1123,26063.0,0.1124,663.0
1753600171315,07:09:31.315,phemex,AEVO/USDT:USDT,0.1122,648.0,0.1121,42260.0,0.1123,26063.0,0.1125,637.0
1753600171464,07:09:31.464,phemex,AEVO/USDT:USDT,0.1121,42260.0,0.112,10476.0,0.1123,26063.0,0.1125,637.0
1753600171498,07:09:31.498,phemex,AEVO/USDT:USDT,0.1121,42260.0,0.112,10476.0,0.1123,26063.0,0.1125,637.0
1753600172243,07:09:32.243,phemex,AEVO/USDT:USDT,0.1121,42260.0,0.112,10476.0,0.1123,26063.0,0.1125,637.0
1753600172783,07:09:32.783,phemex,AEVO/USDT:USDT,0.1121,42260.0,0.112,10476.0,0.1122,648.0,0.1123,26063.0
1753600172808,07:09:32.808,phemex,AEVO/USDT:USDT,0.1121,42260.0,0.112,10476.0,0.1123,11063.0,0.1125,637.0
1753600172837,07:09:32.837,phemex,AEVO/USDT:USDT,0.1121,42260.0,0.112,10476.0,0.1122,648.0,0.1123,11063.0
1753600172878,07:09:32.878,phemex,AEVO/USDT:USDT,0.1121,33741.0,0.112,19678.0,0.1122,648.0,0.1123,11063.0
1753600173256,07:09:33.256,phemex,AEVO/USDT:USDT,0.1121,33741.0,0.112,19678.0,0.1122,648.0,0.1123,11063.0
1753600173263,07:09:33.263,phemex,AEVO/USDT:USDT,0.1121,33741.0,0.112,19678.0,0.1122,648.0,0.1123,11063.0
1753600174309,07:09:34.309,phemex,AEVO/USDT:USDT,0.1121,33741.0,0.112,19678.0,0.1122,648.0,0.1123,11063.0
1753600174319,07:09:34.319,phemex,AEVO/USDT:USDT,0.1121,33741.0,0.112,19678.0,0.1122,648.0,0.1123,11063.0
1753600174407,07:09:34.407,phemex,AEVO/USDT:USDT,0.1121,33741.0,0.112,19678.0,0.1123,11063.0,0.1125,637.0
1753600174426,07:09:34.426,phemex,AEVO/USDT:USDT,0.1121,33741.0,0.112,19678.0,0.1122,648.0,0.1123,11063.0
1753600174478,07:09:34.478,phemex,AEVO/USDT:USDT,0.1121,33741.0,0.112,19678.0,0.1123,11063.0,0.1125,637.0
1753600174520,07:09:34.520,phemex,AEVO/USDT:USDT,0.1121,33741.0,0.112,19678.0,0.1122,648.0,0.1123,11063.0
1753600174581,07:09:34.581,phemex,AEVO/USDT:USDT,0.1121,33741.0,0.112,19678.0,0.1122,15648.0,0.1123,11063.0
1753600174994,07:09:34.994,phemex,AEVO/USDT:USDT,0.1121,33741.0,0.112,19678.0,0.1122,15648.0,0.1123,11063.0
1753600175027,07:09:35.027,phemex,AEVO/USDT:USDT,0.1121,33741.0,0.112,19678.0,0.1122,15648.0,0.1123,11063.0
1753600175043,07:09:35.043,phemex,AEVO/USDT:USDT,0.1121,33741.0,0.112,19678.0,0.1122,15648.0,0.1123,11063.0
1753600177481,07:09:37.481,phemex,AEVO/USDT:USDT,0.1121,33741.0,0.112,19678.0,0.1122,15648.0,0.1123,11063.0
1753600178065,07:09:38.065,phemex,AEVO/USDT:USDT,0.1121,33741.0,0.112,19678.0,0.1122,15648.0,0.1123,11063.0
1753600180005,07:09:40.005,phemex,AEVO/USDT:USDT,0.1121,33741.0,0.112,19678.0,0.1122,15648.0,0.1123,11063.0
1753600180017,07:09:40.017,phemex,AEVO/USDT:USDT,0.1121,33741.0,0.112,19678.0,0.1122,15648.0,0.1123,11063.0
1753600180018,07:09:40.018,phemex,AEVO/USDT:USDT,0.1121,33741.0,0.112,19678.0,0.1122,15648.0,0.1123,11063.0
1753600180441,07:09:40.441,phemex,AEVO/USDT:USDT,0.1121,33741.0,0.112,19678.0,0.1122,15648.0,0.1123,11063.0
1753600180467,07:09:40.467,phemex,AEVO/USDT:USDT,0.1121,33741.0,0.112,19678.0,0.1122,15648.0,0.1123,11063.0
1753600180937,07:09:40.937,phemex,AEVO/USDT:USDT,0.1121,33741.0,0.112,19678.0,0.1122,15000.0,0.1123,11063.0
1753600181143,07:09:41.143,phemex,AEVO/USDT:USDT,0.1121,51884.0,0.112,655.0,0.1123,26063.0,0.1124,8088.0
1753600181673,07:09:41.673,phemex,AEVO/USDT:USDT,0.1121,51884.0,0.112,655.0,0.1122,657.0,0.1123,26063.0
1753600181719,07:09:41.719,phemex,AEVO/USDT:USDT,0.1121,51884.0,0.112,655.0,0.1123,26063.0,0.1124,8088.0
1753600181758,07:09:41.758,phemex,AEVO/USDT:USDT,0.1121,51884.0,0.112,655.0,0.1122,657.0,0.1123,26063.0
1753600181793,07:09:41.793,phemex,AEVO/USDT:USDT,0.1121,51884.0,0.112,655.0,0.1123,26063.0,0.1124,8088.0
1753600181837,07:09:41.837,phemex,AEVO/USDT:USDT,0.1121,51884.0,0.112,655.0,0.1122,657.0,0.1123,26063.0
1753600181872,07:09:41.872,phemex,AEVO/USDT:USDT,0.1121,51884.0,0.112,655.0,0.1123,26063.0,0.1124,8088.0
1753600182029,07:09:42.029,phemex,AEVO/USDT:USDT,0.1121,51884.0,0.112,655.0,0.1122,657.0,0.1123,26063.0
1753600182093,07:09:42.093,phemex,AEVO/USDT:USDT,0.1121,51884.0,0.112,655.0,0.1123,26063.0,0.1124,8088.0
1753600182522,07:09:42.522,phemex,AEVO/USDT:USDT,0.1121,51884.0,0.112,655.0,0.1122,657.0,0.1123,26063.0
1753600182537,07:09:42.537,phemex,AEVO/USDT:USDT,0.1121,51884.0,0.112,655.0,0.1123,26063.0,0.1124,8088.0
1753600182747,07:09:42.747,phemex,AEVO/USDT:USDT,0.1121,51884.0,0.112,655.0,0.1122,657.0,0.1123,26063.0
1753600182778,07:09:42.778,phemex,AEVO/USDT:USDT,0.1121,51884.0,0.112,655.0,0.1123,26063.0,0.1124,8088.0
1753600183599,07:09:43.599,phemex,AEVO/USDT:USDT,0.1121,51884.0,0.112,655.0,0.1123,26063.0,0.1124,8088.0
1753600185841,07:09:45.841,phemex,AEVO/USDT:USDT,0.1121,51884.0,0.112,655.0,0.1122,657.0,0.1123,26063.0
1753600185885,07:09:45.885,phemex,AEVO/USDT:USDT,0.1121,51884.0,0.112,655.0,0.1123,26063.0,0.1124,8088.0
1753600185981,07:09:45.981,phemex,AEVO/USDT:USDT,0.1121,51884.0,0.112,655.0,0.1122,657.0,0.1123,26063.0
1753600186021,07:09:46.021,phemex,AEVO/USDT:USDT,0.1121,51884.0,0.112,655.0,0.1123,26063.0,0.1124,8088.0
1753600186066,07:09:46.066,phemex,AEVO/USDT:USDT,0.1121,51884.0,0.112,655.0,0.1122,657.0,0.1123,26063.0
1753600186083,07:09:46.083,phemex,AEVO/USDT:USDT,0.1121,51884.0,0.112,655.0,0.1123,26063.0,0.1124,8088.0
1753600186259,07:09:46.259,phemex,AEVO/USDT:USDT,0.1121,51884.0,0.112,655.0,0.1122,657.0,0.1123,26063.0
1753600186278,07:09:46.278,phemex,AEVO/USDT:USDT,0.1121,33741.0,0.112,15021.0,0.1123,26063.0,0.1124,8088.0
1753600186286,07:09:46.286,phemex,AEVO/USDT:USDT,0.1121,33741.0,0.112,15021.0,0.1122,657.0,0.1123,26063.0
1753600186305,07:09:46.305,phemex,AEVO/USDT:USDT,0.1121,33741.0,0.112,15021.0,0.1123,26063.0,0.1124,8088.0
1753600186348,07:09:46.348,phemex,AEVO/USDT:USDT,0.1121,33741.0,0.112,15021.0,0.1122,657.0,0.1123,26063.0
1753600186368,07:09:46.368,phemex,AEVO/USDT:USDT,0.1121,33741.0,0.112,15021.0,0.1122,15000.0,0.1123,26063.0
1753600186409,07:09:46.409,phemex,AEVO/USDT:USDT,0.1121,33741.0,0.112,15021.0,0.1122,15657.0,0.1123,26063.0
1753600186590,07:09:46.590,phemex,AEVO/USDT:USDT,0.1121,33741.0,0.112,15021.0,0.1122,15657.0,0.1123,26063.0
1753600187076,07:09:47.076,phemex,AEVO/USDT:USDT,0.1121,33741.0,0.112,15021.0,0.1122,15657.0,0.1123,11063.0
1753600187808,07:09:47.808,phemex,AEVO/USDT:USDT,0.1121,33741.0,0.112,15021.0,0.1122,657.0,0.1123,11063.0
1753600188065,07:09:48.065,phemex,AEVO/USDT:USDT,0.1121,33741.0,0.112,15021.0,0.1122,15657.0,0.1123,11063.0
1753600191415,07:09:51.415,phemex,AEVO/USDT:USDT,0.1121,33741.0,0.112,15021.0,0.1122,15657.0,0.1123,11063.0
1753600191428,07:09:51.428,phemex,AEVO/USDT:USDT,0.1121,33741.0,0.112,15021.0,0.1122,15657.0,0.1123,11063.0
1753600191481,07:09:51.481,phemex,AEVO/USDT:USDT,0.1121,33741.0,0.112,15021.0,0.1122,15657.0,0.1123,11063.0
1753600192230,07:09:52.230,phemex,AEVO/USDT:USDT,0.1121,33741.0,0.112,15021.0,0.1122,15657.0,0.1123,11063.0
1753600192241,07:09:52.241,phemex,AEVO/USDT:USDT,0.1121,33741.0,0.112,15021.0,0.1122,15657.0,0.1123,11063.0
1753600192241,07:09:52.241,phemex,AEVO/USDT:USDT,0.1121,33741.0,0.112,15021.0,0.1122,15657.0,0.1123,11063.0
1753600194014,07:09:54.014,phemex,AEVO/USDT:USDT,0.1121,22629.0,0.112,15021.0,0.1122,25180.0,0.1123,8492.0
1753600194021,07:09:54.021,phemex,AEVO/USDT:USDT,0.112,15021.0,0.1119,648.0,0.1122,25180.0,0.1123,8492.0
1753600194043,07:09:54.043,phemex,AEVO/USDT:USDT,0.112,16806.0,0.1119,648.0,0.1121,647.0,0.1122,25180.0
1753600194062,07:09:54.062,phemex,AEVO/USDT:USDT,0.112,2440.0,0.1119,19397.0,0.1121,15647.0,0.1122,25180.0
1753600194119,07:09:54.119,phemex,AEVO/USDT:USDT,0.112,9640.0,0.1119,19397.0,0.1121,15647.0,0.1122,25180.0
1753600194302,07:09:54.302,phemex,AEVO/USDT:USDT,0.112,655.0,0.1119,19397.0,0.1121,15647.0,0.1122,25180.0
1753600194465,07:09:54.465,phemex,AEVO/USDT:USDT,0.1119,27454.0,0.1118,23732.0,0.1121,15647.0,0.1122,25180.0
1753600194493,07:09:54.493,phemex,AEVO/USDT:USDT,0.112,647.0,0.1119,29241.0,0.1121,15647.0,0.1122,25180.0
1753600194528,07:09:54.528,phemex,AEVO/USDT:USDT,0.112,15647.0,0.1119,29241.0,0.1121,15647.0,0.1122,25180.0
1753600195057,07:09:55.057,phemex,AEVO/USDT:USDT,0.112,15647.0,0.1119,29241.0,0.1121,15647.0,0.1122,25180.0
1753600195065,07:09:55.065,phemex,AEVO/USDT:USDT,0.112,15647.0,0.1119,29241.0,0.1121,15647.0,0.1122,25180.0
1753600196977,07:09:56.977,phemex,AEVO/USDT:USDT,0.112,15000.0,0.1119,29241.0,0.1121,15647.0,0.1122,25180.0
1753600197071,07:09:57.071,phemex,AEVO/USDT:USDT,0.1119,29241.0,0.1118,647.0,0.1121,15647.0,0.1122,25180.0
1753600197106,07:09:57.106,phemex,AEVO/USDT:USDT,0.1119,29241.0,0.1118,647.0,0.112,647.0,0.1121,15647.0
1753600197160,07:09:57.160,phemex,AEVO/USDT:USDT,0.1119,10492.0,0.1118,17805.0,0.112,647.0,0.1121,15647.0
1753600197954,07:09:57.954,phemex,AEVO/USDT:USDT,0.1119,25492.0,0.1118,17805.0,0.112,647.0,0.1121,15647.0
1753600199301,07:09:59.301,phemex,AEVO/USDT:USDT,0.1119,25492.0,0.1118,17805.0,0.112,647.0,0.1121,15647.0
1753600199346,07:09:59.346,phemex,AEVO/USDT:USDT,0.1119,25492.0,0.1118,17805.0,0.112,647.0,0.1121,15647.0
1753600199865,07:09:59.865,phemex,AEVO/USDT:USDT,0.1119,25492.0,0.1118,17805.0,0.112,647.0,0.1121,15647.0
1753600199899,07:09:59.899,phemex,AEVO/USDT:USDT,0.1119,25492.0,0.1118,17805.0,0.112,647.0,0.1121,15647.0
1753600200110,07:10:00.110,phemex,AEVO/USDT:USDT,0.1119,25492.0,0.1118,17805.0,0.112,647.0,0.1121,22562.0
1753600200441,07:10:00.441,phemex,AEVO/USDT:USDT,0.1119,25492.0,0.1118,17805.0,0.112,647.0,0.1121,22562.0
1753600200920,07:10:00.920,phemex,AEVO/USDT:USDT,0.1119,25492.0,0.1118,17805.0,0.112,647.0,0.1121,22562.0
1753600202484,07:10:02.484,phemex,AEVO/USDT:USDT,0.1119,41942.0,0.1118,647.0,0.1121,22562.0,0.1122,7880.0
1753600202505,07:10:02.505,phemex,AEVO/USDT:USDT,0.112,656.0,0.1119,41942.0,0.1121,22562.0,0.1122,7880.0
1753600205545,07:10:05.545,phemex,AEVO/USDT:USDT,0.112,656.0,0.1119,41942.0,0.1121,22562.0,0.1122,7880.0
1753600205560,07:10:05.560,phemex,AEVO/USDT:USDT,0.1119,41942.0,0.1118,647.0,0.1121,22562.0,0.1122,7880.0
1753600205616,07:10:05.616,phemex,AEVO/USDT:USDT,0.1119,41942.0,0.1118,647.0,0.1121,22562.0,0.1122,7880.0
1753600205909,07:10:05.909,phemex,AEVO/USDT:USDT,0.1119,41942.0,0.1118,647.0,0.1121,22562.0,0.1122,7880.0
1753600205917,07:10:05.917,phemex,AEVO/USDT:USDT,0.1119,41942.0,0.1118,647.0,0.1121,22562.0,0.1122,7880.0
1753600205948,07:10:05.948,phemex,AEVO/USDT:USDT,0.1119,41942.0,0.1118,647.0,0.1121,22562.0,0.1122,7880.0
1753600206235,07:10:06.235,phemex,AEVO/USDT:USDT,0.1119,41942.0,0.1118,647.0,0.112,656.0,0.1121,22562.0
1753600206247,07:10:06.247,phemex,AEVO/USDT:USDT,0.1119,41942.0,0.1118,647.0,0.1121,22562.0,0.1122,7880.0
1753600206278,07:10:06.278,phemex,AEVO/USDT:USDT,0.1119,41942.0,0.1118,647.0,0.112,656.0,0.1121,22562.0
1753600206588,07:10:06.588,phemex,AEVO/USDT:USDT,0.1119,25492.0,0.1118,16852.0,0.112,656.0,0.1121,22562.0
1753600211204,07:10:11.204,phemex,AEVO/USDT:USDT,0.1119,25492.0,0.1118,16852.0,0.112,656.0,0.1121,22562.0
1753600211210,07:10:11.210,phemex,AEVO/USDT:USDT,0.1119,25492.0,0.1118,16852.0,0.112,656.0,0.1121,22562.0
1753600211243,07:10:11.243,phemex,AEVO/USDT:USDT,0.1119,25492.0,0.1118,16852.0,0.112,656.0,0.1121,22562.0
1753600213590,07:10:13.590,phemex,AEVO/USDT:USDT,0.1119,25492.0,0.1118,16852.0,0.112,656.0,0.1121,22562.0
1753600213600,07:10:13.600,phemex,AEVO/USDT:USDT,0.1119,25492.0,0.1118,16852.0,0.112,656.0,0.1121,22562.0
1753600213656,07:10:13.656,phemex,AEVO/USDT:USDT,0.1119,10492.0,0.1118,16852.0,0.112,656.0,0.1121,22562.0
1753600213685,07:10:13.685,phemex,AEVO/USDT:USDT,0.1119,10492.0,0.1118,16852.0,0.112,656.0,0.1121,22562.0
1753600213697,07:10:13.697,phemex,AEVO/USDT:USDT,0.1119,8705.0,0.1118,16852.0,0.112,656.0,0.1121,22562.0
1753600213750,07:10:13.750,phemex,AEVO/USDT:USDT,0.1119,8705.0,0.1118,16852.0,0.112,656.0,0.1121,22562.0
1753600213775,07:10:13.775,phemex,AEVO/USDT:USDT,0.1119,8705.0,0.1118,16852.0,0.112,15656.0,0.1121,22562.0
1753600213817,07:10:13.817,phemex,AEVO/USDT:USDT,0.1119,8705.0,0.1118,16852.0,0.112,26296.0,0.1121,56701.0
1753600213989,07:10:13.989,phemex,AEVO/USDT:USDT,0.1119,8057.0,0.1118,16852.0,0.112,26296.0,0.1121,56701.0
1753600214099,07:10:14.099,phemex,AEVO/USDT:USDT,0.1118,16852.0,0.1117,656.0,0.112,26296.0,0.1121,56701.0
1753600214122,07:10:14.122,phemex,AEVO/USDT:USDT,0.1118,18640.0,0.1117,656.0,0.1119,655.0,0.112,26296.0
1753600214160,07:10:14.160,phemex,AEVO/USDT:USDT,0.1118,2435.0,0.1117,13984.0,0.1119,655.0,0.112,26296.0
1753600214188,07:10:14.188,phemex,AEVO/USDT:USDT,0.1118,2435.0,0.1117,13984.0,0.1119,655.0,0.112,26296.0
1753600214259,07:10:14.259,phemex,AEVO/USDT:USDT,0.1118,2435.0,0.1117,22128.0,0.1119,655.0,0.112,26296.0
1753600214329,07:10:14.329,phemex,AEVO/USDT:USDT,0.1118,2435.0,0.1117,22128.0,0.1119,655.0,0.112,26296.0
1753600214364,07:10:14.364,phemex,AEVO/USDT:USDT,0.1118,2435.0,0.1117,22128.0,0.1119,655.0,0.112,26296.0
1753600214588,07:10:14.588,phemex,AEVO/USDT:USDT,0.1118,2435.0,0.1117,22128.0,0.1119,655.0,0.112,26296.0
1753600214722,07:10:14.722,phemex,AEVO/USDT:USDT,0.1118,2435.0,0.1117,22128.0,0.1119,655.0,0.112,26296.0
1753600214764,07:10:14.764,phemex,AEVO/USDT:USDT,0.1118,17435.0,0.1117,22128.0,0.1119,655.0,0.112,26296.0
1753600217524,07:10:17.524,phemex,AEVO/USDT:USDT,0.1118,17435.0,0.1117,22128.0,0.1119,655.0,0.112,26296.0
1753600217565,07:10:17.565,phemex,AEVO/USDT:USDT,0.1118,17435.0,0.1117,22128.0,0.1119,655.0,0.112,26296.0
1753600217676,07:10:17.676,phemex,AEVO/USDT:USDT,0.1118,17435.0,0.1117,22128.0,0.1119,655.0,0.112,26296.0
1753600217865,07:10:17.865,phemex,AEVO/USDT:USDT,0.1118,17435.0,0.1117,22128.0,0.1119,655.0,0.112,26296.0
1753600218719,07:10:18.719,phemex,AEVO/USDT:USDT,0.1118,17435.0,0.1117,22128.0,0.1119,15655.0,0.112,26296.0
1753600220591,07:10:20.591,phemex,AEVO/USDT:USDT,0.1118,17435.0,0.1117,22128.0,0.1119,15655.0,0.112,26296.0
1753600222301,07:10:22.301,phemex,AEVO/USDT:USDT,0.1118,17435.0,0.1117,22128.0,0.1119,15655.0,0.112,26296.0
1753600222308,07:10:22.308,phemex,AEVO/USDT:USDT,0.1118,17435.0,0.1117,22128.0,0.1119,15655.0,0.112,26296.0
1753600222648,07:10:22.648,phemex,AEVO/USDT:USDT,0.1118,29604.0,0.1117,8800.0,0.112,15656.0,0.1121,31773.0
1753600222685,07:10:22.685,phemex,AEVO/USDT:USDT,0.1118,29604.0,0.1117,8800.0,0.112,15656.0,0.1121,31773.0
1753600222783,07:10:22.783,phemex,AEVO/USDT:USDT,0.1119,664.0,0.1118,29604.0,0.112,15656.0,0.1121,31773.0
1753600222807,07:10:22.807,phemex,AEVO/USDT:USDT,0.1118,29604.0,0.1117,8800.0,0.112,15656.0,0.1121,31773.0
1753600222828,07:10:22.828,phemex,AEVO/USDT:USDT,0.1118,29604.0,0.1117,8800.0,0.112,15656.0,0.1121,31773.0
1753600222850,07:10:22.850,phemex,AEVO/USDT:USDT,0.1119,664.0,0.1118,29604.0,0.112,15656.0,0.1121,31773.0
1753600222872,07:10:22.872,phemex,AEVO/USDT:USDT,0.1118,29604.0,0.1117,8800.0,0.112,15656.0,0.1121,31773.0
1753600222889,07:10:22.889,phemex,AEVO/USDT:USDT,0.1119,664.0,0.1118,29604.0,0.112,15656.0,0.1121,31773.0
1753600222924,07:10:22.924,phemex,AEVO/USDT:USDT,0.1118,29604.0,0.1117,8800.0,0.112,15656.0,0.1121,31773.0
1753600222947,07:10:22.947,phemex,AEVO/USDT:USDT,0.1119,664.0,0.1118,29604.0,0.112,15656.0,0.1121,31773.0
1753600222964,07:10:22.964,phemex,AEVO/USDT:USDT,0.1118,29604.0,0.1117,8800.0,0.112,15656.0,0.1121,31773.0
1753600223066,07:10:23.066,phemex,AEVO/USDT:USDT,0.1118,29604.0,0.1117,8800.0,0.112,15656.0,0.1121,31773.0
1753600223128,07:10:23.128,phemex,AEVO/USDT:USDT,0.1118,29604.0,0.1117,8800.0,0.112,15656.0,0.1121,31773.0
1753600223825,07:10:23.825,phemex,AEVO/USDT:USDT,0.1118,29604.0,0.1117,8800.0,0.1119,664.0,0.112,15656.0
1753600223902,07:10:23.902,phemex,AEVO/USDT:USDT,0.1118,17435.0,0.1117,27649.0,0.1119,15664.0,0.112,15656.0
1753600225493,07:10:25.493,phemex,AEVO/USDT:USDT,0.1118,17435.0,0.1117,27649.0,0.112,15656.0,0.1121,31773.0
1753600225515,07:10:25.515,phemex,AEVO/USDT:USDT,0.1119,664.0,0.1118,17435.0,0.112,15656.0,0.1121,31773.0
1753600225617,07:10:25.617,phemex,AEVO/USDT:USDT,0.1119,664.0,0.1118,17435.0,0.112,15656.0,0.1121,31773.0
1753600226675,07:10:26.675,phemex,AEVO/USDT:USDT,0.1119,664.0,0.1118,17435.0,0.112,15656.0,0.1121,31773.0
1753600227384,07:10:27.384,phemex,AEVO/USDT:USDT,0.1119,664.0,0.1118,17435.0,0.112,25381.0,0.1121,41088.0
1753600227518,07:10:27.518,phemex,AEVO/USDT:USDT,0.1119,664.0,0.1118,17435.0,0.112,25381.0,0.1121,41088.0
1753600227527,07:10:27.527,phemex,AEVO/USDT:USDT,0.1119,664.0,0.1118,17435.0,0.112,25381.0,0.1121,41088.0
1753600227643,07:10:27.643,phemex,AEVO/USDT:USDT,0.1118,17435.0,0.1117,27649.0,0.112,25381.0,0.1121,41088.0
1753600227668,07:10:27.668,phemex,AEVO/USDT:USDT,0.1119,664.0,0.1118,17435.0,0.112,25381.0,0.1121,41088.0
1753600227684,07:10:27.684,phemex,AEVO/USDT:USDT,0.1118,17435.0,0.1117,27649.0,0.112,25381.0,0.1121,41088.0
1753600227777,07:10:27.777,phemex,AEVO/USDT:USDT,0.1119,664.0,0.1118,17435.0,0.112,25381.0,0.1121,41088.0
1753600227825,07:10:27.825,phemex,AEVO/USDT:USDT,0.1118,17435.0,0.1117,27649.0,0.112,25381.0,0.1121,41088.0
1753600227872,07:10:27.872,phemex,AEVO/USDT:USDT,0.1119,664.0,0.1118,17435.0,0.112,25381.0,0.1121,41088.0
1753600229802,07:10:29.802,phemex,AEVO/USDT:USDT,0.1119,664.0,0.1118,35591.0,0.112,25381.0,0.1121,41088.0
1753600230742,07:10:30.742,phemex,AEVO/USDT:USDT,0.1118,35591.0,0.1117,8800.0,0.112,25381.0,0.1121,41088.0
1753600230931,07:10:30.931,phemex,AEVO/USDT:USDT,0.1119,657.0,0.1118,35591.0,0.112,25381.0,0.1121,41088.0
1753600231091,07:10:31.091,phemex,AEVO/USDT:USDT,0.1119,657.0,0.1118,35591.0,0.112,25381.0,0.1121,41088.0
1753600231297,07:10:31.297,phemex,AEVO/USDT:USDT,0.1119,657.0,0.1118,35591.0,0.112,25381.0,0.1121,41088.0
1753600231393,07:10:31.393,phemex,AEVO/USDT:USDT,0.1118,35591.0,0.1117,8800.0,0.112,25381.0,0.1121,41088.0
1753600231459,07:10:31.459,phemex,AEVO/USDT:USDT,0.1118,35591.0,0.1117,8800.0,0.112,25381.0,0.1121,41088.0
1753600231501,07:10:31.501,phemex,AEVO/USDT:USDT,0.1119,657.0,0.1118,35591.0,0.112,25381.0,0.1121,41088.0
1753600231544,07:10:31.544,phemex,AEVO/USDT:USDT,0.1118,35591.0,0.1117,8800.0,0.112,25381.0,0.1121,41088.0
1753600231588,07:10:31.588,phemex,AEVO/USDT:USDT,0.1119,657.0,0.1118,35591.0,0.112,25381.0,0.1121,41088.0
1753600231599,07:10:31.599,phemex,AEVO/USDT:USDT,0.1118,35591.0,0.1117,8800.0,0.112,25381.0,0.1121,41088.0
1753600231621,07:10:31.621,phemex,AEVO/USDT:USDT,0.1119,657.0,0.1118,35591.0,0.112,25381.0,0.1121,41088.0
1753600231640,07:10:31.640,phemex,AEVO/USDT:USDT,0.1118,35591.0,0.1117,8800.0,0.112,25381.0,0.1121,41088.0
1753600231681,07:10:31.681,phemex,AEVO/USDT:USDT,0.1119,657.0,0.1118,35591.0,0.112,25381.0,0.1121,41088.0
1753600231715,07:10:31.715,phemex,AEVO/USDT:USDT,0.1118,35591.0,0.1117,8800.0,0.112,25381.0,0.1121,41088.0
1753600231740,07:10:31.740,phemex,AEVO/USDT:USDT,0.1119,657.0,0.1118,35591.0,0.112,25381.0,0.1121,41088.0
1753600231758,07:10:31.758,phemex,AEVO/USDT:USDT,0.1118,35591.0,0.1117,8800.0,0.112,25381.0,0.1121,41088.0
1753600231782,07:10:31.782,phemex,AEVO/USDT:USDT,0.1119,657.0,0.1118,35591.0,0.112,25381.0,0.1121,41088.0
1753600231840,07:10:31.840,phemex,AEVO/USDT:USDT,0.1118,35591.0,0.1117,8800.0,0.112,25381.0,0.1121,41088.0
1753600231901,07:10:31.901,phemex,AEVO/USDT:USDT,0.1119,657.0,0.1118,35591.0,0.112,25381.0,0.1121,41088.0
1753600231939,07:10:31.939,phemex,AEVO/USDT:USDT,0.1118,35591.0,0.1117,8800.0,0.112,25381.0,0.1121,41088.0
1753600231986,07:10:31.986,phemex,AEVO/USDT:USDT,0.1118,35591.0,0.1117,8800.0,0.112,25381.0,0.1121,41088.0
1753600231992,07:10:31.992,phemex,AEVO/USDT:USDT,0.1119,657.0,0.1118,35591.0,0.112,25381.0,0.1121,41088.0
1753600232062,07:10:32.062,phemex,AEVO/USDT:USDT,0.1118,35591.0,0.1117,8800.0,0.112,25381.0,0.1121,41088.0
1753600232107,07:10:32.107,phemex,AEVO/USDT:USDT,0.1118,35591.0,0.1117,8800.0,0.112,25381.0,0.1121,41088.0
1753600232511,07:10:32.511,phemex,AEVO/USDT:USDT,0.1118,17435.0,0.1117,25575.0,0.1119,657.0,0.112,25381.0
1753600232525,07:10:32.525,phemex,AEVO/USDT:USDT,0.1118,17435.0,0.1117,25575.0,0.1119,15657.0,0.112,25381.0
1753600232543,07:10:32.543,phemex,AEVO/USDT:USDT,0.1118,15647.0,0.1117,25575.0,0.1119,15657.0,0.112,25381.0
1753600232664,07:10:32.664,phemex,AEVO/USDT:USDT,0.1118,15647.0,0.1117,25575.0,0.1119,21958.0,0.112,25371.0
1753600233058,07:10:33.058,phemex,AEVO/USDT:USDT,0.1118,15647.0,0.1117,25575.0,0.1119,21958.0,0.112,25371.0
1753600235281,07:10:35.281,phemex,AEVO/USDT:USDT,0.1118,15647.0,0.1117,25575.0,0.1119,21958.0,0.112,25371.0
1753600235310,07:10:35.310,phemex,AEVO/USDT:USDT,0.1118,15647.0,0.1117,25575.0,0.1119,21958.0,0.112,25371.0
1753600236205,07:10:36.205,phemex,AEVO/USDT:USDT,0.1118,15000.0,0.1117,25575.0,0.1119,21958.0,0.112,25371.0
1753600237844,07:10:37.844,phemex,AEVO/USDT:USDT,0.1118,15000.0,0.1117,25575.0,0.1119,21958.0,0.112,25371.0
1753600237849,07:10:37.849,phemex,AEVO/USDT:USDT,0.1118,15000.0,0.1117,25575.0,0.1119,21958.0,0.112,25371.0
1753600238069,07:10:38.069,phemex,AEVO/USDT:USDT,0.1117,25575.0,0.1116,656.0,0.1119,21958.0,0.112,25371.0
1753600238113,07:10:38.113,phemex,AEVO/USDT:USDT,0.1117,27365.0,0.1116,656.0,0.1119,21958.0,0.112,25371.0
1753600238210,07:10:38.210,phemex,AEVO/USDT:USDT,0.1117,27365.0,0.1116,656.0,0.1118,657.0,0.1119,21958.0
1753600238230,07:10:38.230,phemex,AEVO/USDT:USDT,0.1117,27365.0,0.1116,656.0,0.1119,21958.0,0.112,10371.0
1753600238283,07:10:38.283,phemex,AEVO/USDT:USDT,0.1117,10590.0,0.1116,17320.0,0.1118,657.0,0.1119,21958.0
1753600238496,07:10:38.496,phemex,AEVO/USDT:USDT,0.1117,25590.0,0.1116,17320.0,0.1118,657.0,0.1119,21958.0
1753600239006,07:10:39.006,phemex,AEVO/USDT:USDT,0.1117,25590.0,0.1116,17320.0,0.1119,21958.0,0.112,10371.0
1753600239058,07:10:39.058,phemex,AEVO/USDT:USDT,0.1117,25590.0,0.1116,17320.0,0.1118,657.0,0.1119,21958.0
1753600239482,07:10:39.482,phemex,AEVO/USDT:USDT,0.1117,25590.0,0.1116,17320.0,0.1119,21958.0,0.112,10371.0
1753600239503,07:10:39.503,phemex,AEVO/USDT:USDT,0.1117,25590.0,0.1116,17320.0,0.1118,657.0,0.1119,21958.0
1753600239523,07:10:39.523,phemex,AEVO/USDT:USDT,0.1117,25590.0,0.1116,17320.0,0.1118,657.0,0.1119,21958.0
1753600239530,07:10:39.530,phemex,AEVO/USDT:USDT,0.1117,25590.0,0.1116,17320.0,0.1118,657.0,0.1119,21958.0
1753600239720,07:10:39.720,phemex,AEVO/USDT:USDT,0.1117,25590.0,0.1116,17320.0,0.1119,21958.0,0.112,10371.0
1753600239752,07:10:39.752,phemex,AEVO/USDT:USDT,0.1117,25590.0,0.1116,17320.0,0.1118,634.0,0.1119,21958.0
1753600239888,07:10:39.888,phemex,AEVO/USDT:USDT,0.1117,25590.0,0.1116,17320.0,0.1119,21958.0,0.112,10371.0
1753600240011,07:10:40.011,phemex,AEVO/USDT:USDT,0.1117,25590.0,0.1116,17320.0,0.1118,634.0,0.1119,21958.0
1753600240076,07:10:40.076,phemex,AEVO/USDT:USDT,0.1117,25590.0,0.1116,17320.0,0.1119,21958.0,0.112,10371.0
1753600240169,07:10:40.169,phemex,AEVO/USDT:USDT,0.1117,25590.0,0.1116,17320.0,0.1118,634.0,0.1119,21958.0
1753600240209,07:10:40.209,phemex,AEVO/USDT:USDT,0.1117,25590.0,0.1116,17320.0,0.1119,21958.0,0.112,10371.0
1753600240305,07:10:40.305,phemex,AEVO/USDT:USDT,0.1117,25590.0,0.1116,17320.0,0.1118,634.0,0.1119,21958.0
1753600240329,07:10:40.329,phemex,AEVO/USDT:USDT,0.1117,25590.0,0.1116,17320.0,0.1119,21958.0,0.112,10371.0
1753600240359,07:10:40.359,phemex,AEVO/USDT:USDT,0.1117,25590.0,0.1116,17320.0,0.1118,634.0,0.1119,21958.0
1753600240369,07:10:40.369,phemex,AEVO/USDT:USDT,0.1117,25590.0,0.1116,17320.0,0.1119,21958.0,0.112,10371.0
1753600240394,07:10:40.394,phemex,AEVO/USDT:USDT,0.1117,25590.0,0.1116,17320.0,0.1118,634.0,0.1119,21958.0
1753600240430,07:10:40.430,phemex,AEVO/USDT:USDT,0.1117,25590.0,0.1116,17320.0,0.1119,21958.0,0.112,10371.0
1753600240476,07:10:40.476,phemex,AEVO/USDT:USDT,0.1117,25590.0,0.1116,17320.0,0.1118,634.0,0.1119,21958.0
1753600240511,07:10:40.511,phemex,AEVO/USDT:USDT,0.1117,25590.0,0.1116,17320.0,0.1119,21958.0,0.112,10371.0
1753600240577,07:10:40.577,phemex,AEVO/USDT:USDT,0.1117,25590.0,0.1116,17320.0,0.1118,634.0,0.1119,21958.0
1753600240592,07:10:40.592,phemex,AEVO/USDT:USDT,0.1117,25590.0,0.1116,17320.0,0.1119,21958.0,0.112,10371.0
1753600240661,07:10:40.661,phemex,AEVO/USDT:USDT,0.1117,25590.0,0.1116,17320.0,0.1118,634.0,0.1119,21958.0
1753600240691,07:10:40.691,phemex,AEVO/USDT:USDT,0.1117,25590.0,0.1116,17320.0,0.1119,21958.0,0.112,10371.0
1753600240720,07:10:40.720,phemex,AEVO/USDT:USDT,0.1117,25590.0,0.1116,17320.0,0.1118,634.0,0.1119,21958.0
1753600240753,07:10:40.753,phemex,AEVO/USDT:USDT,0.1117,25590.0,0.1116,17320.0,0.1119,21958.0,0.112,10371.0
1753600241200,07:10:41.200,phemex,AEVO/USDT:USDT,0.1117,25590.0,0.1116,17320.0,0.1118,634.0,0.1119,21958.0
1753600241216,07:10:41.216,phemex,AEVO/USDT:USDT,0.1117,25590.0,0.1116,17320.0,0.1119,21958.0,0.112,10371.0
1753600241600,07:10:41.600,phemex,AEVO/USDT:USDT,0.1117,25590.0,0.1116,17320.0,0.1118,634.0,0.1119,21958.0
1753600241637,07:10:41.637,phemex,AEVO/USDT:USDT,0.1117,25590.0,0.1116,17320.0,0.1119,21958.0,0.112,10371.0
1753600241832,07:10:41.832,phemex,AEVO/USDT:USDT,0.1117,25590.0,0.1116,17320.0,0.1118,634.0,0.1119,21958.0
1753600241860,07:10:41.860,phemex,AEVO/USDT:USDT,0.1117,25590.0,0.1116,17320.0,0.1119,21958.0,0.112,10371.0
1753600242109,07:10:42.109,phemex,AEVO/USDT:USDT,0.1117,25590.0,0.1116,17320.0,0.1118,634.0,0.1119,21958.0
1753600242143,07:10:42.143,phemex,AEVO/USDT:USDT,0.1117,25590.0,0.1116,17320.0,0.1119,21958.0,0.112,10371.0
1753600242170,07:10:42.170,phemex,AEVO/USDT:USDT,0.1117,25590.0,0.1116,17320.0,0.1118,634.0,0.1119,21958.0
1753600242245,07:10:42.245,phemex,AEVO/USDT:USDT,0.1117,25590.0,0.1116,17320.0,0.1119,21958.0,0.112,10371.0
1753600242275,07:10:42.275,phemex,AEVO/USDT:USDT,0.1117,25590.0,0.1116,17320.0,0.1118,634.0,0.1119,21958.0
1753600242305,07:10:42.305,phemex,AEVO/USDT:USDT,0.1117,25590.0,0.1116,17320.0,0.1119,21958.0,0.112,10371.0
1753600242367,07:10:42.367,phemex,AEVO/USDT:USDT,0.1117,25590.0,0.1116,17320.0,0.1118,634.0,0.1119,21958.0
1753600242404,07:10:42.404,phemex,AEVO/USDT:USDT,0.1117,25590.0,0.1116,17320.0,0.1119,21958.0,0.112,10371.0
1753600242450,07:10:42.450,phemex,AEVO/USDT:USDT,0.1117,25590.0,0.1116,17320.0,0.1118,634.0,0.1119,21958.0
1753600242675,07:10:42.675,phemex,AEVO/USDT:USDT,0.1117,25590.0,0.1116,17320.0,0.1118,634.0,0.1119,21958.0
1753600242687,07:10:42.687,phemex,AEVO/USDT:USDT,0.1117,25590.0,0.1116,17320.0,0.1119,21958.0,0.112,10371.0
1753600242708,07:10:42.708,phemex,AEVO/USDT:USDT,0.1117,25590.0,0.1116,17320.0,0.1118,634.0,0.1119,21958.0
1753600242728,07:10:42.728,phemex,AEVO/USDT:USDT,0.1117,25590.0,0.1116,17320.0,0.1119,21958.0,0.112,10371.0
1753600242748,07:10:42.748,phemex,AEVO/USDT:USDT,0.1117,25590.0,0.1116,17320.0,0.1118,634.0,0.1119,21958.0
1753600242771,07:10:42.771,phemex,AEVO/USDT:USDT,0.1117,25590.0,0.1116,17320.0,0.1119,21958.0,0.112,10371.0
1753600242788,07:10:42.788,phemex,AEVO/USDT:USDT,0.1117,25590.0,0.1116,17320.0,0.1118,634.0,0.1119,21958.0
1753600242828,07:10:42.828,phemex,AEVO/USDT:USDT,0.1117,25590.0,0.1116,17320.0,0.1119,21958.0,0.112,10371.0
1753600242855,07:10:42.855,phemex,AEVO/USDT:USDT,0.1117,25590.0,0.1116,17320.0,0.1118,634.0,0.1119,21958.0
1753600242870,07:10:42.870,phemex,AEVO/USDT:USDT,0.1117,25590.0,0.1116,17320.0,0.1119,21958.0,0.112,10371.0
1753600242888,07:10:42.888,phemex,AEVO/USDT:USDT,0.1117,25590.0,0.1116,17320.0,0.1118,634.0,0.1119,21958.0
1753600242909,07:10:42.909,phemex,AEVO/USDT:USDT,0.1117,25590.0,0.1116,17320.0,0.1119,21958.0,0.112,10371.0
1753600242929,07:10:42.929,phemex,AEVO/USDT:USDT,0.1117,25590.0,0.1116,17320.0,0.1118,634.0,0.1119,21958.0
1753600242948,07:10:42.948,phemex,AEVO/USDT:USDT,0.1117,25590.0,0.1116,17320.0,0.1119,21958.0,0.112,10371.0
1753600242972,07:10:42.972,phemex,AEVO/USDT:USDT,0.1117,25590.0,0.1116,17320.0,0.1118,634.0,0.1119,21958.0
1753600243008,07:10:43.008,phemex,AEVO/USDT:USDT,0.1117,25590.0,0.1116,17320.0,0.1119,21958.0,0.112,10371.0
1753600243347,07:10:43.347,phemex,AEVO/USDT:USDT,0.1117,41832.0,0.1116,656.0,0.1119,21958.0,0.112,10371.0
1753600244002,07:10:44.002,phemex,AEVO/USDT:USDT,0.1117,41832.0,0.1116,656.0,0.1118,634.0,0.1119,21958.0
1753600244059,07:10:44.059,phemex,AEVO/USDT:USDT,0.1117,25590.0,0.1116,14194.0,0.1119,21958.0,0.112,10371.0
1753600244075,07:10:44.075,phemex,AEVO/USDT:USDT,0.1117,25590.0,0.1116,14194.0,0.1118,634.0,0.1119,21958.0
1753600244093,07:10:44.093,phemex,AEVO/USDT:USDT,0.1117,25590.0,0.1116,14194.0,0.1119,21958.0,0.112,10371.0
1753600244232,07:10:44.232,phemex,AEVO/USDT:USDT,0.1117,25590.0,0.1116,14194.0,0.1118,634.0,0.1119,21958.0
1753600244274,07:10:44.274,phemex,AEVO/USDT:USDT,0.1117,25590.0,0.1116,14194.0,0.1119,21958.0,0.112,10371.0
1753600244335,07:10:44.335,phemex,AEVO/USDT:USDT,0.1117,25590.0,0.1116,14194.0,0.1118,634.0,0.1119,21958.0
1753600244355,07:10:44.355,phemex,AEVO/USDT:USDT,0.1117,25590.0,0.1116,14194.0,0.1119,21958.0,0.112,10371.0
1753600244395,07:10:44.395,phemex,AEVO/USDT:USDT,0.1117,25590.0,0.1116,14194.0,0.1118,634.0,0.1119,21958.0
1753600244436,07:10:44.436,phemex,AEVO/USDT:USDT,0.1117,25590.0,0.1116,14194.0,0.1119,21958.0,0.112,10371.0
1753600244455,07:10:44.455,phemex,AEVO/USDT:USDT,0.1117,25590.0,0.1116,14194.0,0.1118,634.0,0.1119,21958.0
1753600244495,07:10:44.495,phemex,AEVO/USDT:USDT,0.1117,25590.0,0.1116,14194.0,0.1119,21958.0,0.112,10371.0
1753600244535,07:10:44.535,phemex,AEVO/USDT:USDT,0.1117,25590.0,0.1116,14194.0,0.1118,634.0,0.1119,21958.0
1753600244556,07:10:44.556,phemex,AEVO/USDT:USDT,0.1117,25590.0,0.1116,14194.0,0.1119,21958.0,0.112,10371.0
1753600244596,07:10:44.596,phemex,AEVO/USDT:USDT,0.1117,25590.0,0.1116,14194.0,0.1118,634.0,0.1119,21958.0
