timestamp,time,exchange,symbol,bid1_price,bid1_volume,bid2_price,bid2_volume,ask1_price,ask1_volume,ask2_price,ask2_volume
1753599990000,07:06:30.000,gateio,ACT/USDT:USDT,0.0461,95.0,0.04609,155.0,0.04613,250.0,0.04615,475.0
1753599992850,07:06:32.850,gateio,ACT/USDT:USDT,0.0461,95.0,0.04609,155.0,0.04613,250.0,0.04615,475.0
1753599993284,07:06:33.284,gateio,ACT/USDT:USDT,0.0461,95.0,0.04609,155.0,0.04613,250.0,0.04615,475.0
1753600000425,07:06:40.425,gateio,ACT/USDT:USDT,0.0461,95.0,0.04609,155.0,0.04613,250.0,0.04615,475.0
1753600001073,07:06:41.073,gateio,ACT/USDT:USDT,0.0461,95.0,0.04609,155.0,0.04613,250.0,0.04614,1080.0
1753600001162,07:06:41.162,gateio,ACT/USDT:USDT,0.0461,95.0,0.04609,155.0,0.04613,250.0,0.04615,475.0
1753600001359,07:06:41.359,gateio,ACT/USDT:USDT,0.0461,95.0,0.04609,155.0,0.04613,250.0,0.04615,475.0
1753600001638,07:06:41.638,gateio,ACT/USDT:USDT,0.0461,95.0,0.04609,155.0,0.04613,250.0,0.04615,475.0
1753600001862,07:06:41.862,gateio,ACT/USDT:USDT,0.0461,95.0,0.04609,155.0,0.04613,250.0,0.04615,475.0
1753600002187,07:06:42.187,gateio,ACT/USDT:USDT,0.0461,95.0,0.04609,155.0,0.04613,250.0,0.04615,475.0
1753600004767,07:06:44.767,gateio,ACT/USDT:USDT,0.0461,95.0,0.04609,155.0,0.04613,250.0,0.04615,475.0
1753600006837,07:06:46.837,gateio,ACT/USDT:USDT,0.0461,95.0,0.04609,155.0,0.04613,250.0,0.04614,183.0
1753600007448,07:06:47.448,gateio,ACT/USDT:USDT,0.0461,95.0,0.04609,155.0,0.04613,250.0,0.04614,183.0
1753600007748,07:06:47.748,gateio,ACT/USDT:USDT,0.0461,95.0,0.04609,155.0,0.04613,250.0,0.04615,475.0
1753600008062,07:06:48.062,gateio,ACT/USDT:USDT,0.04611,95.0,0.0461,140.0,0.04613,263.0,0.04615,475.0
1753600008087,07:06:48.087,gateio,ACT/USDT:USDT,0.04611,110.0,0.0461,140.0,0.04613,263.0,0.04615,475.0
1753600008293,07:06:48.293,gateio,ACT/USDT:USDT,0.04611,110.0,0.0461,140.0,0.04613,250.0,0.04615,475.0
1753600008500,07:06:48.500,gateio,ACT/USDT:USDT,0.04611,110.0,0.0461,140.0,0.04613,263.0,0.04615,475.0
1753600008718,07:06:48.718,gateio,ACT/USDT:USDT,0.04611,110.0,0.0461,140.0,0.04613,263.0,0.04615,475.0
1753600008970,07:06:48.970,gateio,ACT/USDT:USDT,0.04611,110.0,0.0461,140.0,0.04613,263.0,0.04615,475.0
1753600009051,07:06:49.051,gateio,ACT/USDT:USDT,0.04611,110.0,0.0461,140.0,0.04613,276.0,0.04615,475.0
1753600009078,07:06:49.078,gateio,ACT/USDT:USDT,0.04611,110.0,0.0461,140.0,0.04613,276.0,0.04615,475.0
1753600009546,07:06:49.546,gateio,ACT/USDT:USDT,0.04611,110.0,0.0461,140.0,0.04613,263.0,0.04615,475.0
1753600010479,07:06:50.479,gateio,ACT/USDT:USDT,0.04611,123.0,0.0461,140.0,0.04613,250.0,0.04615,475.0
1753600010579,07:06:50.579,gateio,ACT/USDT:USDT,0.04611,110.0,0.0461,140.0,0.04613,250.0,0.04615,475.0
1753600012488,07:06:52.488,gateio,ACT/USDT:USDT,0.04611,136.0,0.0461,140.0,0.04613,250.0,0.04615,475.0
1753600012761,07:06:52.761,gateio,ACT/USDT:USDT,0.04611,136.0,0.0461,140.0,0.04613,250.0,0.04615,475.0
1753600012780,07:06:52.780,gateio,ACT/USDT:USDT,0.04611,136.0,0.0461,140.0,0.04613,250.0,0.04615,475.0
1753600013243,07:06:53.243,gateio,ACT/USDT:USDT,0.04611,136.0,0.0461,140.0,0.04613,250.0,0.04615,475.0
1753600014249,07:06:54.249,gateio,ACT/USDT:USDT,0.04611,136.0,0.0461,140.0,0.04613,250.0,0.04615,295.0
1753600014686,07:06:54.686,gateio,ACT/USDT:USDT,0.04611,136.0,0.0461,140.0,0.04613,250.0,0.04615,295.0
1753600015131,07:06:55.131,gateio,ACT/USDT:USDT,0.04611,123.0,0.0461,140.0,0.04613,250.0,0.04615,295.0
1753600015298,07:06:55.298,gateio,ACT/USDT:USDT,0.04611,123.0,0.0461,140.0,0.04613,250.0,0.04615,295.0
1753600015395,07:06:55.395,gateio,ACT/USDT:USDT,0.04611,110.0,0.0461,140.0,0.04613,263.0,0.04615,295.0
1753600016397,07:06:56.397,gateio,ACT/USDT:USDT,0.04611,123.0,0.0461,140.0,0.04613,250.0,0.04615,295.0
1753600017495,07:06:57.495,gateio,ACT/USDT:USDT,0.04611,136.0,0.0461,140.0,0.04613,250.0,0.04615,295.0
1753600019019,07:06:59.019,gateio,ACT/USDT:USDT,0.04611,136.0,0.0461,140.0,0.04613,250.0,0.04615,295.0
1753600019604,07:06:59.604,gateio,ACT/USDT:USDT,0.04611,136.0,0.0461,140.0,0.04613,250.0,0.04615,295.0
1753600020644,07:07:00.644,gateio,ACT/USDT:USDT,0.04612,121.0,0.04611,136.0,0.04613,250.0,0.04615,295.0
1753600020746,07:07:00.746,gateio,ACT/USDT:USDT,0.04612,121.0,0.04611,136.0,0.04613,374.0,0.04615,295.0
1753600020798,07:07:00.798,gateio,ACT/USDT:USDT,0.04612,121.0,0.04611,121.0,0.04613,374.0,0.04615,295.0
1753600020955,07:07:00.955,gateio,ACT/USDT:USDT,0.04612,121.0,0.04611,121.0,0.04613,374.0,0.04615,295.0
1753600021078,07:07:01.078,gateio,ACT/USDT:USDT,0.04612,121.0,0.04611,121.0,0.04613,374.0,0.04615,295.0
1753600023302,07:07:03.302,gateio,ACT/USDT:USDT,0.04612,121.0,0.04611,121.0,0.04613,374.0,0.04615,295.0
1753600025042,07:07:05.042,gateio,ACT/USDT:USDT,0.04612,108.0,0.04611,108.0,0.04613,374.0,0.04615,295.0
1753600025474,07:07:05.474,gateio,ACT/USDT:USDT,0.04612,108.0,0.04611,108.0,0.04613,374.0,0.04615,295.0
1753600029024,07:07:09.024,gateio,ACT/USDT:USDT,0.04611,121.0,0.0461,238.0,0.04613,374.0,0.04615,295.0
1753600029134,07:07:09.134,gateio,ACT/USDT:USDT,0.04611,108.0,0.0461,238.0,0.04613,374.0,0.04615,295.0
1753600029562,07:07:09.562,gateio,ACT/USDT:USDT,0.04611,108.0,0.0461,238.0,0.04613,374.0,0.04615,295.0
1753600030598,07:07:10.598,gateio,ACT/USDT:USDT,0.04611,121.0,0.0461,238.0,0.04613,374.0,0.04615,295.0
1753600032309,07:07:12.309,gateio,ACT/USDT:USDT,0.04611,108.0,0.0461,238.0,0.04613,374.0,0.04615,295.0
1753600032495,07:07:12.495,gateio,ACT/USDT:USDT,0.04611,95.0,0.0461,238.0,0.04613,374.0,0.04615,295.0
1753600033543,07:07:13.543,gateio,ACT/USDT:USDT,0.04611,95.0,0.0461,238.0,0.04613,387.0,0.04615,295.0
1753600033668,07:07:13.668,gateio,ACT/USDT:USDT,0.0461,60.0,0.04609,250.0,0.04613,387.0,0.04615,482.0
1753600033749,07:07:13.749,gateio,ACT/USDT:USDT,0.0461,15.0,0.04608,295.0,0.04613,387.0,0.04614,2392.0
1753600033818,07:07:13.818,gateio,ACT/USDT:USDT,0.04609,15.0,0.04608,295.0,0.04613,387.0,0.04614,1312.0
1753600034011,07:07:14.011,gateio,ACT/USDT:USDT,0.04609,15.0,0.04608,295.0,0.04613,387.0,0.04614,1312.0
1753600034095,07:07:14.095,gateio,ACT/USDT:USDT,0.04609,15.0,0.04608,473.0,0.04613,387.0,0.04614,1312.0
1753600034432,07:07:14.432,gateio,ACT/USDT:USDT,0.04609,15.0,0.04608,473.0,0.04613,387.0,0.04614,1312.0
1753600034519,07:07:14.519,gateio,ACT/USDT:USDT,0.04609,15.0,0.04608,473.0,0.04613,387.0,0.04614,1312.0
1753600034578,07:07:14.578,gateio,ACT/USDT:USDT,0.04609,15.0,0.04608,473.0,0.04613,387.0,0.04614,1312.0
1753600034768,07:07:14.768,gateio,ACT/USDT:USDT,0.04609,15.0,0.04608,473.0,0.04613,387.0,0.04614,1312.0
1753600034845,07:07:14.845,gateio,ACT/USDT:USDT,0.04609,15.0,0.04608,473.0,0.04613,387.0,0.04614,1312.0
1753600035272,07:07:15.272,gateio,ACT/USDT:USDT,0.04609,15.0,0.04608,473.0,0.04613,387.0,0.04614,1312.0
1753600035437,07:07:15.437,gateio,ACT/USDT:USDT,0.04609,15.0,0.04608,223.0,0.04613,387.0,0.04614,1312.0
1753600037430,07:07:17.430,gateio,ACT/USDT:USDT,0.04609,15.0,0.04608,223.0,0.04613,387.0,0.04614,1312.0
1753600039345,07:07:19.345,gateio,ACT/USDT:USDT,0.04609,15.0,0.04608,223.0,0.04613,387.0,0.04614,2392.0
1753600042376,07:07:22.376,gateio,ACT/USDT:USDT,0.04609,15.0,0.04608,45.0,0.04613,1687.0,0.04614,2392.0
1753600042439,07:07:22.439,gateio,ACT/USDT:USDT,0.04607,60.0,0.04606,427.0,0.04613,1732.0,0.04614,2347.0
1753600042478,07:07:22.478,gateio,ACT/USDT:USDT,0.04607,60.0,0.04606,427.0,0.04613,1732.0,0.04614,2347.0
1753600042746,07:07:22.746,gateio,ACT/USDT:USDT,0.04607,60.0,0.04606,427.0,0.04613,432.0,0.04614,2347.0
1753600042818,07:07:22.818,gateio,ACT/USDT:USDT,0.04607,60.0,0.04606,427.0,0.04613,1732.0,0.04614,2347.0
1753600042956,07:07:22.956,gateio,ACT/USDT:USDT,0.04607,60.0,0.04606,427.0,0.04613,1732.0,0.04614,2347.0
1753600043362,07:07:23.362,gateio,ACT/USDT:USDT,0.04607,60.0,0.04606,427.0,0.04613,1732.0,0.04614,2347.0
1753600043539,07:07:23.539,gateio,ACT/USDT:USDT,0.04607,60.0,0.04606,427.0,0.04612,483.0,0.04613,1674.0
1753600044326,07:07:24.326,gateio,ACT/USDT:USDT,0.04607,60.0,0.04606,177.0,0.04612,483.0,0.04613,1674.0
1753600044399,07:07:24.399,gateio,ACT/USDT:USDT,0.04607,60.0,0.04606,177.0,0.04612,483.0,0.04613,1674.0
1753600044595,07:07:24.595,gateio,ACT/USDT:USDT,0.04607,60.0,0.04606,177.0,0.04612,483.0,0.04613,1674.0
1753600046958,07:07:26.958,gateio,ACT/USDT:USDT,0.04607,60.0,0.04606,177.0,0.04612,483.0,0.04613,374.0
1753600047041,07:07:27.041,gateio,ACT/USDT:USDT,0.04607,60.0,0.04606,177.0,0.04611,432.0,0.04612,483.0
1753600047099,07:07:27.099,gateio,ACT/USDT:USDT,0.04607,60.0,0.04606,177.0,0.04611,432.0,0.04612,483.0
1753600047373,07:07:27.373,gateio,ACT/USDT:USDT,0.04607,60.0,0.04606,177.0,0.04611,432.0,0.04612,483.0
1753600047443,07:07:27.443,gateio,ACT/USDT:USDT,0.04607,60.0,0.04606,177.0,0.04611,432.0,0.04612,483.0
1753600048175,07:07:28.175,gateio,ACT/USDT:USDT,0.0461,95.0,0.04607,60.0,0.04611,276.0,0.04612,509.0
1753600048258,07:07:28.258,gateio,ACT/USDT:USDT,0.04609,95.0,0.04608,95.0,0.0461,121.0,0.04611,276.0
1753600048341,07:07:28.341,gateio,ACT/USDT:USDT,0.04605,60.0,0.04604,250.0,0.0461,153.0,0.04611,263.0
1753600048450,07:07:28.450,gateio,ACT/USDT:USDT,0.04605,60.0,0.04604,250.0,0.0461,153.0,0.04611,263.0
1753600048779,07:07:28.779,gateio,ACT/USDT:USDT,0.04605,60.0,0.04604,250.0,0.0461,153.0,0.04611,263.0
1753600049270,07:07:29.270,gateio,ACT/USDT:USDT,0.04605,60.0,0.04604,250.0,0.0461,153.0,0.04611,263.0
1753600049310,07:07:29.310,gateio,ACT/USDT:USDT,0.04605,60.0,0.04604,250.0,0.0461,153.0,0.04611,263.0
1753600049537,07:07:29.537,gateio,ACT/USDT:USDT,0.04605,60.0,0.04604,250.0,0.0461,153.0,0.04611,263.0
1753600050298,07:07:30.298,gateio,ACT/USDT:USDT,0.04605,310.0,0.04604,250.0,0.0461,108.0,0.04611,308.0
1753600050769,07:07:30.769,gateio,ACT/USDT:USDT,0.04605,310.0,0.04604,432.0,0.0461,108.0,0.04611,308.0
1753600050778,07:07:30.778,gateio,ACT/USDT:USDT,0.04605,310.0,0.04604,888.0,0.0461,108.0,0.04611,308.0
1753600051540,07:07:31.540,gateio,ACT/USDT:USDT,0.04605,310.0,0.04604,888.0,0.0461,95.0,0.04611,295.0
1753600056658,07:07:36.658,gateio,ACT/USDT:USDT,0.04605,310.0,0.04604,888.0,0.0461,95.0,0.04611,295.0
1753600056678,07:07:36.678,gateio,ACT/USDT:USDT,0.04605,310.0,0.04604,888.0,0.0461,95.0,0.04611,295.0
1753600057247,07:07:37.247,gateio,ACT/USDT:USDT,0.04605,310.0,0.04604,888.0,0.0461,95.0,0.04611,295.0
1753600058971,07:07:38.971,gateio,ACT/USDT:USDT,0.04605,310.0,0.04604,888.0,0.0461,95.0,0.04611,295.0
1753600064816,07:07:44.816,gateio,ACT/USDT:USDT,0.04605,310.0,0.04604,888.0,0.0461,95.0,0.04611,295.0
1753600065121,07:07:45.121,gateio,ACT/USDT:USDT,0.04605,310.0,0.04604,888.0,0.0461,95.0,0.04611,295.0
1753600065218,07:07:45.218,gateio,ACT/USDT:USDT,0.04605,310.0,0.04604,888.0,0.0461,95.0,0.04611,295.0
1753600068258,07:07:48.258,gateio,ACT/USDT:USDT,0.04605,310.0,0.04604,888.0,0.0461,95.0,0.04611,295.0
1753600069091,07:07:49.091,gateio,ACT/USDT:USDT,0.04605,310.0,0.04604,888.0,0.0461,95.0,0.04611,295.0
1753600079838,07:07:59.838,gateio,ACT/USDT:USDT,0.04605,310.0,0.04604,888.0,0.0461,95.0,0.04611,295.0
1753600080757,07:08:00.757,gateio,ACT/USDT:USDT,0.04605,310.0,0.04604,888.0,0.0461,95.0,0.04611,295.0
1753600081966,07:08:01.966,gateio,ACT/USDT:USDT,0.04605,310.0,0.04604,888.0,0.0461,95.0,0.04611,483.0
1753600081978,07:08:01.978,gateio,ACT/USDT:USDT,0.04605,310.0,0.04604,432.0,0.0461,95.0,0.04611,483.0
1753600082586,07:08:02.586,gateio,ACT/USDT:USDT,0.04605,310.0,0.04604,250.0,0.0461,95.0,0.04611,483.0
1753600082771,07:08:02.771,gateio,ACT/USDT:USDT,0.04605,310.0,0.04604,250.0,0.0461,1175.0,0.04611,483.0
1753600082845,07:08:02.845,gateio,ACT/USDT:USDT,0.04605,310.0,0.04604,250.0,0.0461,1175.0,0.04611,483.0
1753600082960,07:08:02.960,gateio,ACT/USDT:USDT,0.04605,60.0,0.04604,250.0,0.0461,1220.0,0.04611,188.0
1753600083344,07:08:03.344,gateio,ACT/USDT:USDT,0.04605,60.0,0.04604,250.0,0.0461,1220.0,0.04611,188.0
1753600084175,07:08:04.175,gateio,ACT/USDT:USDT,0.04605,60.0,0.04604,250.0,0.0461,1871.0,0.04611,188.0
1753600084181,07:08:04.181,gateio,ACT/USDT:USDT,0.04605,60.0,0.04604,250.0,0.0461,2522.0,0.04611,188.0
1753600086958,07:08:06.958,gateio,ACT/USDT:USDT,0.04605,60.0,0.04604,250.0,0.0461,1442.0,0.04611,188.0
1753600087428,07:08:07.428,gateio,ACT/USDT:USDT,0.04605,60.0,0.04604,250.0,0.0461,1442.0,0.04611,188.0
1753600087970,07:08:07.970,gateio,ACT/USDT:USDT,0.04605,60.0,0.04604,250.0,0.0461,140.0,0.04611,188.0
1753600088850,07:08:08.850,gateio,ACT/USDT:USDT,0.04605,310.0,0.04604,250.0,0.0461,140.0,0.04611,188.0
1753600089264,07:08:09.264,gateio,ACT/USDT:USDT,0.04605,310.0,0.04604,250.0,0.0461,95.0,0.04611,233.0
1753600090371,07:08:10.371,gateio,ACT/USDT:USDT,0.04605,310.0,0.04604,250.0,0.0461,1397.0,0.04611,233.0
1753600090827,07:08:10.827,gateio,ACT/USDT:USDT,0.04605,310.0,0.04604,250.0,0.0461,1442.0,0.04611,188.0
1753600091375,07:08:11.375,gateio,ACT/USDT:USDT,0.04605,310.0,0.04604,250.0,0.0461,791.0,0.04611,188.0
1753600091376,07:08:11.376,gateio,ACT/USDT:USDT,0.04605,310.0,0.04604,250.0,0.0461,140.0,0.04611,188.0
1753600092681,07:08:12.681,gateio,ACT/USDT:USDT,0.04605,310.0,0.04604,250.0,0.0461,140.0,0.04611,188.0
1753600092786,07:08:12.786,gateio,ACT/USDT:USDT,0.04605,60.0,0.04604,250.0,0.0461,140.0,0.04611,188.0
1753600094831,07:08:14.831,gateio,ACT/USDT:USDT,0.04605,60.0,0.04604,250.0,0.0461,140.0,0.04611,188.0
1753600095539,07:08:15.539,gateio,ACT/USDT:USDT,0.04605,60.0,0.04604,250.0,0.0461,140.0,0.04611,188.0
1753600096456,07:08:16.456,gateio,ACT/USDT:USDT,0.04605,60.0,0.04604,250.0,0.0461,1442.0,0.04611,188.0
1753600097340,07:08:17.340,gateio,ACT/USDT:USDT,0.04605,60.0,0.04604,250.0,0.0461,1442.0,0.04611,828.0
1753600099375,07:08:19.375,gateio,ACT/USDT:USDT,0.04605,60.0,0.04604,250.0,0.0461,1442.0,0.04611,828.0
1753600099379,07:08:19.379,gateio,ACT/USDT:USDT,0.04605,60.0,0.04604,250.0,0.0461,1442.0,0.04611,828.0
1753600100120,07:08:20.120,gateio,ACT/USDT:USDT,0.04605,60.0,0.04604,250.0,0.0461,1442.0,0.04611,828.0
1753600100375,07:08:20.375,gateio,ACT/USDT:USDT,0.04605,60.0,0.04604,250.0,0.0461,1442.0,0.04611,188.0
1753600100736,07:08:20.736,gateio,ACT/USDT:USDT,0.04605,60.0,0.04604,250.0,0.0461,1442.0,0.04611,828.0
1753600102273,07:08:22.273,gateio,ACT/USDT:USDT,0.04605,60.0,0.04604,250.0,0.0461,1442.0,0.04611,828.0
1753600102343,07:08:22.343,gateio,ACT/USDT:USDT,0.04605,15.0,0.04604,295.0,0.04608,276.0,0.04609,1307.0
1753600102379,07:08:22.379,gateio,ACT/USDT:USDT,0.04605,15.0,0.04604,295.0,0.04608,276.0,0.04609,1307.0
1753600102668,07:08:22.668,gateio,ACT/USDT:USDT,0.04605,15.0,0.04604,295.0,0.04608,276.0,0.04609,1307.0
1753600102974,07:08:22.974,gateio,ACT/USDT:USDT,0.04605,15.0,0.04604,295.0,0.04608,400.0,0.04609,1307.0
1753600103572,07:08:23.572,gateio,ACT/USDT:USDT,0.04605,15.0,0.04604,295.0,0.04608,400.0,0.04609,1307.0
1753600103996,07:08:23.996,gateio,ACT/USDT:USDT,0.04605,15.0,0.04604,295.0,0.04608,400.0,0.04609,1307.0
1753600114862,07:08:34.862,gateio,ACT/USDT:USDT,0.04605,15.0,0.04604,45.0,0.04608,400.0,0.04609,1307.0
1753600114951,07:08:34.951,gateio,ACT/USDT:USDT,0.04605,15.0,0.04603,1.0,0.04608,1689.0,0.04609,1307.0
1753600115040,07:08:35.040,gateio,ACT/USDT:USDT,0.04603,16.0,0.04602,45.0,0.04608,1721.0,0.04609,1902.0
1753600115098,07:08:35.098,gateio,ACT/USDT:USDT,0.04603,16.0,0.04602,45.0,0.04608,1721.0,0.04609,1902.0
1753600115703,07:08:35.703,gateio,ACT/USDT:USDT,0.04603,16.0,0.04602,45.0,0.04608,1721.0,0.04609,1902.0
1753600120373,07:08:40.373,gateio,ACT/USDT:USDT,0.04603,16.0,0.04602,45.0,0.04608,1721.0,0.04609,1902.0
1753600120378,07:08:40.378,gateio,ACT/USDT:USDT,0.04603,16.0,0.04602,45.0,0.04608,1721.0,0.04609,1902.0
1753600120549,07:08:40.549,gateio,ACT/USDT:USDT,0.04603,16.0,0.04602,45.0,0.04608,1721.0,0.04609,1902.0
1753600120841,07:08:40.841,gateio,ACT/USDT:USDT,0.04603,16.0,0.04602,45.0,0.04608,419.0,0.04609,1262.0
1753600121539,07:08:41.539,gateio,ACT/USDT:USDT,0.04603,311.0,0.04601,432.0,0.04608,419.0,0.04609,1262.0
1753600121626,07:08:41.626,gateio,ACT/USDT:USDT,0.04603,311.0,0.04601,432.0,0.04608,374.0,0.04609,1307.0
1753600121771,07:08:41.771,gateio,ACT/USDT:USDT,0.04603,311.0,0.04601,432.0,0.04608,374.0,0.04609,1307.0
1753600121865,07:08:41.865,gateio,ACT/USDT:USDT,0.04603,311.0,0.04602,188.0,0.04608,1676.0,0.04609,1307.0
1753600125364,07:08:45.364,gateio,ACT/USDT:USDT,0.04603,311.0,0.04602,188.0,0.04608,1676.0,0.04609,1307.0
1753600125379,07:08:45.379,gateio,ACT/USDT:USDT,0.04603,311.0,0.04602,188.0,0.04608,1676.0,0.04609,1307.0
1753600127235,07:08:47.235,gateio,ACT/USDT:USDT,0.04603,311.0,0.04602,1268.0,0.04608,374.0,0.04609,45.0
1753600127491,07:08:47.491,gateio,ACT/USDT:USDT,0.04603,311.0,0.04602,1268.0,0.04608,374.0,0.04609,45.0
1753600129061,07:08:49.061,gateio,ACT/USDT:USDT,0.04603,311.0,0.04602,1268.0,0.04608,374.0,0.04609,45.0
1753600129127,07:08:49.127,gateio,ACT/USDT:USDT,0.04603,311.0,0.04602,1268.0,0.04608,374.0,0.0461,45.0
1753600129367,07:08:49.367,gateio,ACT/USDT:USDT,0.04603,311.0,0.04602,1268.0,0.04608,124.0,0.0461,45.0
1753600129393,07:08:49.393,gateio,ACT/USDT:USDT,0.04603,311.0,0.04602,1268.0,0.04608,124.0,0.0461,295.0
1753600129515,07:08:49.515,gateio,ACT/USDT:USDT,0.04603,311.0,0.04602,1268.0,0.04608,124.0,0.0461,295.0
1753600130395,07:08:50.395,gateio,ACT/USDT:USDT,0.04603,311.0,0.04602,1268.0,0.04608,124.0,0.0461,1375.0
1753600134859,07:08:54.859,gateio,ACT/USDT:USDT,0.04603,311.0,0.04602,1268.0,0.04608,124.0,0.0461,1375.0
1753600134879,07:08:54.879,gateio,ACT/USDT:USDT,0.04603,311.0,0.04602,1268.0,0.04608,124.0,0.0461,1375.0
1753600136327,07:08:56.327,gateio,ACT/USDT:USDT,0.04604,492.0,0.04603,266.0,0.04608,124.0,0.0461,1375.0
1753600136396,07:08:56.396,gateio,ACT/USDT:USDT,0.04605,28.0,0.04604,492.0,0.04608,124.0,0.0461,1375.0
1753600136771,07:08:56.771,gateio,ACT/USDT:USDT,0.04605,28.0,0.04604,492.0,0.04608,124.0,0.0461,1375.0
1753600137590,07:08:57.590,gateio,ACT/USDT:USDT,0.04605,28.0,0.04604,492.0,0.04608,124.0,0.0461,1375.0
1753600140794,07:09:00.794,gateio,ACT/USDT:USDT,0.04605,28.0,0.04604,492.0,0.04608,124.0,0.0461,1375.0
1753600142539,07:09:02.539,gateio,ACT/USDT:USDT,0.04605,28.0,0.04604,492.0,0.04608,124.0,0.0461,1375.0
1753600143246,07:09:03.246,gateio,ACT/USDT:USDT,0.04605,41.0,0.04604,479.0,0.04608,124.0,0.0461,1375.0
1753600147075,07:09:07.075,gateio,ACT/USDT:USDT,0.04605,222.0,0.04604,479.0,0.04608,124.0,0.0461,295.0
1753600147158,07:09:07.158,gateio,ACT/USDT:USDT,0.04605,222.0,0.04604,479.0,0.04608,124.0,0.0461,295.0
1753600152239,07:09:12.239,gateio,ACT/USDT:USDT,0.04605,222.0,0.04604,479.0,0.04608,124.0,0.0461,295.0
1753600152748,07:09:12.748,gateio,ACT/USDT:USDT,0.04605,222.0,0.04604,479.0,0.04608,124.0,0.0461,295.0
1753600152948,07:09:12.948,gateio,ACT/USDT:USDT,0.04605,222.0,0.04604,479.0,0.04608,124.0,0.0461,295.0
1753600152983,07:09:12.983,gateio,ACT/USDT:USDT,0.04605,209.0,0.04604,479.0,0.04608,124.0,0.0461,295.0
1753600153134,07:09:13.134,gateio,ACT/USDT:USDT,0.04605,222.0,0.04604,479.0,0.04608,124.0,0.0461,295.0
1753600154214,07:09:14.214,gateio,ACT/USDT:USDT,0.04605,41.0,0.04604,479.0,0.04608,124.0,0.0461,295.0
1753600154848,07:09:14.848,gateio,ACT/USDT:USDT,0.04605,41.0,0.04604,479.0,0.04608,124.0,0.0461,295.0
1753600158039,07:09:18.039,gateio,ACT/USDT:USDT,0.04605,41.0,0.04604,479.0,0.04608,124.0,0.0461,295.0
1753600158459,07:09:18.459,gateio,ACT/USDT:USDT,0.04605,28.0,0.04604,479.0,0.04608,124.0,0.0461,295.0
1753600158644,07:09:18.644,gateio,ACT/USDT:USDT,0.04605,15.0,0.04604,479.0,0.04608,124.0,0.0461,295.0
1753600158768,07:09:18.768,gateio,ACT/USDT:USDT,0.04605,28.0,0.04604,479.0,0.04608,124.0,0.0461,295.0
1753600159616,07:09:19.616,gateio,ACT/USDT:USDT,0.04605,28.0,0.04604,295.0,0.04608,124.0,0.0461,480.0
1753600159971,07:09:19.971,gateio,ACT/USDT:USDT,0.04605,15.0,0.04604,295.0,0.04608,124.0,0.0461,480.0
1753600160052,07:09:20.052,gateio,ACT/USDT:USDT,0.04605,15.0,0.04604,295.0,0.04608,124.0,0.0461,480.0
1753600160088,07:09:20.088,gateio,ACT/USDT:USDT,0.04605,28.0,0.04604,295.0,0.04608,124.0,0.0461,480.0
1753600163245,07:09:23.245,gateio,ACT/USDT:USDT,0.04605,41.0,0.04604,295.0,0.04608,124.0,0.0461,480.0
1753600163819,07:09:23.819,gateio,ACT/USDT:USDT,0.04605,41.0,0.04604,295.0,0.04608,124.0,0.0461,480.0
1753600163939,07:09:23.939,gateio,ACT/USDT:USDT,0.04605,41.0,0.04604,295.0,0.04608,124.0,0.0461,480.0
1753600167567,07:09:27.567,gateio,ACT/USDT:USDT,0.04605,41.0,0.04604,295.0,0.04608,124.0,0.0461,480.0
1753600167898,07:09:27.898,gateio,ACT/USDT:USDT,0.04605,15.0,0.04604,295.0,0.04608,150.0,0.04609,227.0
1753600168795,07:09:28.795,gateio,ACT/USDT:USDT,0.04605,15.0,0.04604,295.0,0.04608,150.0,0.04609,227.0
1753600169620,07:09:29.620,gateio,ACT/USDT:USDT,0.04605,15.0,0.04604,295.0,0.04608,150.0,0.04609,227.0
1753600172904,07:09:32.904,gateio,ACT/USDT:USDT,0.04605,15.0,0.04604,295.0,0.04608,400.0,0.04609,227.0
1753600173055,07:09:33.055,gateio,ACT/USDT:USDT,0.04605,15.0,0.04604,295.0,0.04608,387.0,0.04609,227.0
1753600173108,07:09:33.108,gateio,ACT/USDT:USDT,0.04605,15.0,0.04604,295.0,0.04608,400.0,0.04609,227.0
1753600173510,07:09:33.510,gateio,ACT/USDT:USDT,0.04605,28.0,0.04604,295.0,0.04608,374.0,0.04609,227.0
1753600174073,07:09:34.073,gateio,ACT/USDT:USDT,0.04605,41.0,0.04604,295.0,0.04608,374.0,0.04609,227.0
1753600174662,07:09:34.662,gateio,ACT/USDT:USDT,0.04605,41.0,0.04604,295.0,0.04608,374.0,0.04609,227.0
1753600174711,07:09:34.711,gateio,ACT/USDT:USDT,0.04605,41.0,0.04604,295.0,0.04608,374.0,0.04609,45.0
1753600174943,07:09:34.943,gateio,ACT/USDT:USDT,0.04605,41.0,0.04604,295.0,0.04608,374.0,0.04609,45.0
1753600175418,07:09:35.418,gateio,ACT/USDT:USDT,0.04605,41.0,0.04604,295.0,0.04608,374.0,0.04609,45.0
1753600177055,07:09:37.055,gateio,ACT/USDT:USDT,0.04605,41.0,0.04604,295.0,0.04608,374.0,0.0461,480.0
1753600177796,07:09:37.796,gateio,ACT/USDT:USDT,0.04605,41.0,0.04604,295.0,0.04608,374.0,0.0461,480.0
1753600179228,07:09:39.228,gateio,ACT/USDT:USDT,0.04605,41.0,0.04604,295.0,0.04608,374.0,0.0461,480.0
1753600185807,07:09:45.807,gateio,ACT/USDT:USDT,0.04605,15.0,0.04604,295.0,0.04608,400.0,0.0461,480.0
1753600186982,07:09:46.982,gateio,ACT/USDT:USDT,0.04605,15.0,0.04604,295.0,0.04608,400.0,0.0461,480.0
1753600187266,07:09:47.266,gateio,ACT/USDT:USDT,0.04605,15.0,0.04604,295.0,0.04608,400.0,0.0461,480.0
1753600187281,07:09:47.281,gateio,ACT/USDT:USDT,0.04605,15.0,0.04604,295.0,0.04608,400.0,0.0461,480.0
1753600192335,07:09:52.335,gateio,ACT/USDT:USDT,0.04605,15.0,0.04604,295.0,0.04608,400.0,0.0461,480.0
1753600193375,07:09:53.375,gateio,ACT/USDT:USDT,0.04605,28.0,0.04604,295.0,0.04608,400.0,0.0461,480.0
1753600193429,07:09:53.429,gateio,ACT/USDT:USDT,0.04605,28.0,0.04604,295.0,0.04608,400.0,0.0461,480.0
1753600193669,07:09:53.669,gateio,ACT/USDT:USDT,0.04605,28.0,0.04604,295.0,0.04608,400.0,0.0461,480.0
1753600193678,07:09:53.678,gateio,ACT/USDT:USDT,0.04605,15.0,0.04604,295.0,0.04608,400.0,0.0461,480.0
1753600193947,07:09:53.947,gateio,ACT/USDT:USDT,0.04605,15.0,0.04604,295.0,0.04608,400.0,0.0461,480.0
1753600194657,07:09:54.657,gateio,ACT/USDT:USDT,0.04605,15.0,0.04604,295.0,0.04608,400.0,0.0461,480.0
1753600194769,07:09:54.769,gateio,ACT/USDT:USDT,0.04605,15.0,0.04604,295.0,0.04608,400.0,0.0461,480.0
1753600194854,07:09:54.854,gateio,ACT/USDT:USDT,0.04605,15.0,0.04604,250.0,0.04608,445.0,0.0461,435.0
1753600201775,07:10:01.775,gateio,ACT/USDT:USDT,0.04605,41.0,0.04604,250.0,0.04608,445.0,0.0461,435.0
1753600201855,07:10:01.855,gateio,ACT/USDT:USDT,0.04605,41.0,0.04604,250.0,0.04608,400.0,0.04609,45.0
1753600202926,07:10:02.926,gateio,ACT/USDT:USDT,0.04605,41.0,0.04604,250.0,0.04608,400.0,0.04609,45.0
1753600203161,07:10:03.161,gateio,ACT/USDT:USDT,0.04605,28.0,0.04604,250.0,0.04608,400.0,0.04609,45.0
1753600204134,07:10:04.134,gateio,ACT/USDT:USDT,0.04605,28.0,0.04604,439.0,0.04608,387.0,0.04609,45.0
1753600204360,07:10:04.360,gateio,ACT/USDT:USDT,0.04605,40.0,0.04604,439.0,0.04608,374.0,0.04609,45.0
1753600204386,07:10:04.386,gateio,ACT/USDT:USDT,0.04605,40.0,0.04604,439.0,0.04608,386.0,0.04609,45.0
1753600204556,07:10:04.556,gateio,ACT/USDT:USDT,0.04605,40.0,0.04604,439.0,0.04608,386.0,0.04609,45.0
1753600205475,07:10:05.475,gateio,ACT/USDT:USDT,0.04605,40.0,0.04604,439.0,0.04608,398.0,0.04609,45.0
1753600205959,07:10:05.959,gateio,ACT/USDT:USDT,0.04605,15.0,0.04604,439.0,0.04608,398.0,0.04609,45.0
1753600205987,07:10:05.987,gateio,ACT/USDT:USDT,0.04605,15.0,0.04604,439.0,0.04608,443.0,0.0461,435.0
1753600206671,07:10:06.671,gateio,ACT/USDT:USDT,0.04605,15.0,0.04604,439.0,0.04608,443.0,0.0461,1515.0
1753600207172,07:10:07.172,gateio,ACT/USDT:USDT,0.04605,15.0,0.04604,439.0,0.04608,443.0,0.0461,1515.0
1753600207187,07:10:07.187,gateio,ACT/USDT:USDT,0.04605,15.0,0.04604,439.0,0.04608,443.0,0.0461,1515.0
1753600207360,07:10:07.360,gateio,ACT/USDT:USDT,0.04605,15.0,0.04604,250.0,0.04608,443.0,0.04609,189.0
1753600207406,07:10:07.406,gateio,ACT/USDT:USDT,0.04605,15.0,0.04604,250.0,0.04608,443.0,0.04609,189.0
1753600207890,07:10:07.890,gateio,ACT/USDT:USDT,0.04605,15.0,0.04604,250.0,0.04608,443.0,0.04609,189.0
1753600208071,07:10:08.071,gateio,ACT/USDT:USDT,0.04605,15.0,0.04604,250.0,0.04608,443.0,0.04609,189.0
1753600208476,07:10:08.476,gateio,ACT/USDT:USDT,0.04605,15.0,0.04604,250.0,0.04608,443.0,0.04609,189.0
1753600208732,07:10:08.732,gateio,ACT/USDT:USDT,0.04605,15.0,0.04604,250.0,0.04608,443.0,0.04609,189.0
1753600210001,07:10:10.001,gateio,ACT/USDT:USDT,0.04605,15.0,0.04604,250.0,0.04608,443.0,0.04609,189.0
1753600210768,07:10:10.768,gateio,ACT/USDT:USDT,0.04605,15.0,0.04604,250.0,0.04607,213.0,0.04608,419.0
1753600210796,07:10:10.796,gateio,ACT/USDT:USDT,0.04605,15.0,0.04604,250.0,0.04607,213.0,0.04608,419.0
1753600211189,07:10:11.189,gateio,ACT/USDT:USDT,0.04605,15.0,0.04604,250.0,0.04607,213.0,0.04608,419.0
1753600211634,07:10:11.634,gateio,ACT/USDT:USDT,0.04605,15.0,0.04604,250.0,0.04607,213.0,0.04608,419.0
1753600212199,07:10:12.199,gateio,ACT/USDT:USDT,0.04605,15.0,0.04604,250.0,0.04607,213.0,0.04608,419.0
1753600213075,07:10:13.075,gateio,ACT/USDT:USDT,0.04605,15.0,0.04604,250.0,0.04607,213.0,0.04608,295.0
1753600213559,07:10:13.559,gateio,ACT/USDT:USDT,0.04605,15.0,0.04603,1.0,0.04606,45.0,0.04607,213.0
1753600213673,07:10:13.673,gateio,ACT/USDT:USDT,0.04603,1.0,0.04602,15.0,0.04605,24.0,0.04606,234.0
1753600213767,07:10:13.767,gateio,ACT/USDT:USDT,0.04603,1.0,0.04601,15.0,0.04605,69.0,0.04606,189.0
1753600213874,07:10:13.874,gateio,ACT/USDT:USDT,0.04603,1.0,0.04601,15.0,0.04605,69.0,0.04606,189.0
1753600213962,07:10:13.962,gateio,ACT/USDT:USDT,0.04603,1.0,0.04601,15.0,0.04605,69.0,0.04606,189.0
1753600213986,07:10:13.986,gateio,ACT/USDT:USDT,0.04603,1.0,0.04601,15.0,0.04605,69.0,0.04606,189.0
1753600214458,07:10:14.458,gateio,ACT/USDT:USDT,0.04603,1.0,0.04601,265.0,0.04605,69.0,0.04606,189.0
1753600214699,07:10:14.699,gateio,ACT/USDT:USDT,0.04603,1.0,0.04601,265.0,0.04605,69.0,0.04606,189.0
1753600214825,07:10:14.825,gateio,ACT/USDT:USDT,0.04603,1.0,0.04601,265.0,0.04605,69.0,0.04606,189.0
1753600215167,07:10:15.167,gateio,ACT/USDT:USDT,0.04603,1.0,0.04601,265.0,0.04605,193.0,0.04606,189.0
1753600215959,07:10:15.959,gateio,ACT/USDT:USDT,0.04603,1.0,0.04601,265.0,0.04605,193.0,0.04607,189.0
1753600215994,07:10:15.994,gateio,ACT/USDT:USDT,0.04603,1.0,0.04601,265.0,0.04605,193.0,0.04607,189.0
1753600216460,07:10:16.460,gateio,ACT/USDT:USDT,0.04603,25.0,0.04601,454.0,0.04605,169.0,0.04607,189.0
1753600216482,07:10:16.482,gateio,ACT/USDT:USDT,0.04603,25.0,0.04601,484.0,0.04605,124.0,0.04606,45.0
1753600218835,07:10:18.835,gateio,ACT/USDT:USDT,0.04603,13.0,0.04601,484.0,0.04605,124.0,0.04606,45.0
1753600218937,07:10:18.937,gateio,ACT/USDT:USDT,0.04603,13.0,0.04602,15.0,0.04605,124.0,0.04606,45.0
1753600219456,07:10:19.456,gateio,ACT/USDT:USDT,0.04603,25.0,0.04602,15.0,0.04605,124.0,0.04606,45.0
1753600219555,07:10:19.555,gateio,ACT/USDT:USDT,0.04603,25.0,0.04602,15.0,0.04605,124.0,0.04606,45.0
1753600219659,07:10:19.659,gateio,ACT/USDT:USDT,0.04603,25.0,0.04602,15.0,0.04605,124.0,0.04606,45.0
1753600219775,07:10:19.775,gateio,ACT/USDT:USDT,0.04603,25.0,0.04602,15.0,0.04605,124.0,0.04606,45.0
1753600219805,07:10:19.805,gateio,ACT/USDT:USDT,0.04603,25.0,0.04601,484.0,0.04605,124.0,0.04606,45.0
1753600220367,07:10:20.367,gateio,ACT/USDT:USDT,0.04603,13.0,0.04602,250.0,0.04605,124.0,0.04606,45.0
1753600220384,07:10:20.384,gateio,ACT/USDT:USDT,0.04603,40.0,0.04602,250.0,0.04605,124.0,0.04606,45.0
1753600220482,07:10:20.482,gateio,ACT/USDT:USDT,0.04603,25.0,0.04602,250.0,0.04605,124.0,0.04606,45.0
1753600220946,07:10:20.946,gateio,ACT/USDT:USDT,0.04603,25.0,0.04602,250.0,0.04605,124.0,0.04606,45.0
1753600221738,07:10:21.738,gateio,ACT/USDT:USDT,0.04603,13.0,0.04602,250.0,0.04605,124.0,0.04606,45.0
1753600221814,07:10:21.814,gateio,ACT/USDT:USDT,0.04603,30.0,0.04602,250.0,0.04605,124.0,0.04606,45.0
1753600222982,07:10:22.982,gateio,ACT/USDT:USDT,0.04603,42.0,0.04602,250.0,0.04605,124.0,0.04606,45.0
1753600223082,07:10:23.082,gateio,ACT/USDT:USDT,0.04603,25.0,0.04602,250.0,0.04605,124.0,0.04606,45.0
1753600225627,07:10:25.627,gateio,ACT/USDT:USDT,0.04603,13.0,0.04602,250.0,0.04605,124.0,0.04606,45.0
1753600225701,07:10:25.701,gateio,ACT/USDT:USDT,0.04603,30.0,0.04602,250.0,0.04605,124.0,0.04606,45.0
1753600226155,07:10:26.155,gateio,ACT/USDT:USDT,0.04603,30.0,0.04602,295.0,0.04605,124.0,0.04607,234.0
1753600226472,07:10:26.472,gateio,ACT/USDT:USDT,0.04603,18.0,0.04602,295.0,0.04605,124.0,0.04607,234.0
1753600226498,07:10:26.498,gateio,ACT/USDT:USDT,0.04603,18.0,0.04602,250.0,0.04605,124.0,0.04607,234.0
1753600227538,07:10:27.538,gateio,ACT/USDT:USDT,0.04603,18.0,0.04602,250.0,0.04605,124.0,0.04607,234.0
1753600230574,07:10:30.574,gateio,ACT/USDT:USDT,0.04603,30.0,0.04602,295.0,0.04605,124.0,0.04607,45.0
1753600230663,07:10:30.663,gateio,ACT/USDT:USDT,0.04603,214.0,0.04602,295.0,0.04607,45.0,0.04608,250.0
1753600230764,07:10:30.764,gateio,ACT/USDT:USDT,0.04604,196.0,0.04603,259.0,0.04607,1.0,0.04608,250.0
1753600230811,07:10:30.811,gateio,ACT/USDT:USDT,0.04605,41.0,0.04604,229.0,0.04607,1.0,0.04608,250.0
1753600230974,07:10:30.974,gateio,ACT/USDT:USDT,0.04605,41.0,0.04604,229.0,0.04607,1.0,0.04608,250.0
1753600231075,07:10:31.075,gateio,ACT/USDT:USDT,0.04605,29.0,0.04604,229.0,0.04607,1.0,0.04608,250.0
1753600231118,07:10:31.118,gateio,ACT/USDT:USDT,0.04605,29.0,0.04604,229.0,0.04607,1.0,0.04608,250.0
1753600231227,07:10:31.227,gateio,ACT/USDT:USDT,0.04605,17.0,0.04604,229.0,0.04607,1.0,0.0461,1560.0
1753600231299,07:10:31.299,gateio,ACT/USDT:USDT,0.04605,17.0,0.04604,229.0,0.04609,251.0,0.0461,1560.0
1753600231435,07:10:31.435,gateio,ACT/USDT:USDT,0.04605,17.0,0.04604,229.0,0.04609,251.0,0.0461,1560.0
1753600232012,07:10:32.012,gateio,ACT/USDT:USDT,0.04605,17.0,0.04604,229.0,0.04609,251.0,0.0461,1560.0
1753600235975,07:10:35.975,gateio,ACT/USDT:USDT,0.04605,17.0,0.04604,229.0,0.04609,251.0,0.0461,1560.0
1753600236238,07:10:36.238,gateio,ACT/USDT:USDT,0.04605,17.0,0.04604,229.0,0.04609,251.0,0.0461,1560.0
1753600237438,07:10:37.438,gateio,ACT/USDT:USDT,0.04605,17.0,0.04604,229.0,0.04609,251.0,0.0461,1560.0
1753600239156,07:10:39.156,gateio,ACT/USDT:USDT,0.04605,17.0,0.04604,229.0,0.04609,251.0,0.0461,1560.0
1753600239268,07:10:39.268,gateio,ACT/USDT:USDT,0.04605,17.0,0.04604,229.0,0.04609,251.0,0.0461,1560.0
1753600239299,07:10:39.299,gateio,ACT/USDT:USDT,0.04605,17.0,0.04604,229.0,0.04609,251.0,0.0461,1560.0
1753600242018,07:10:42.018,gateio,ACT/USDT:USDT,0.04605,17.0,0.04604,229.0,0.04609,251.0,0.0461,1560.0
1753600245718,07:10:45.718,gateio,ACT/USDT:USDT,0.04605,17.0,0.04604,45.0,0.04608,461.0,0.04609,251.0
1753600245858,07:10:45.858,gateio,ACT/USDT:USDT,0.04604,62.0,0.04603,1.0,0.04607,25.0,0.04608,437.0
1753600245899,07:10:45.899,gateio,ACT/USDT:USDT,0.04604,12.0,0.04603,63.0,0.04607,1.0,0.04608,437.0
1753600246123,07:10:46.123,gateio,ACT/USDT:USDT,0.04604,12.0,0.04603,63.0,0.04607,1.0,0.04608,437.0
1753600246271,07:10:46.271,gateio,ACT/USDT:USDT,0.04604,12.0,0.04603,63.0,0.04607,1.0,0.04608,482.0
1753600246370,07:10:46.370,gateio,ACT/USDT:USDT,0.04604,12.0,0.04603,63.0,0.04607,1.0,0.04608,437.0
1753600246454,07:10:46.454,gateio,ACT/USDT:USDT,0.04603,18.0,0.04602,295.0,0.04607,212.0,0.04608,437.0
1753600246491,07:10:46.491,gateio,ACT/USDT:USDT,0.04603,18.0,0.04602,295.0,0.04607,212.0,0.04608,482.0
1753600246618,07:10:46.618,gateio,ACT/USDT:USDT,0.04603,18.0,0.04602,295.0,0.04607,212.0,0.04608,482.0
1753600246962,07:10:46.962,gateio,ACT/USDT:USDT,0.04603,18.0,0.04602,295.0,0.04607,212.0,0.04608,482.0
1753600247066,07:10:47.066,gateio,ACT/USDT:USDT,0.04603,18.0,0.04602,295.0,0.04607,462.0,0.04608,482.0
1753600247078,07:10:47.078,gateio,ACT/USDT:USDT,0.04603,18.0,0.04602,295.0,0.04607,462.0,0.04608,482.0
1753600247316,07:10:47.316,gateio,ACT/USDT:USDT,0.04603,18.0,0.04602,295.0,0.04607,462.0,0.04608,482.0
1753600247398,07:10:47.398,gateio,ACT/USDT:USDT,0.04603,18.0,0.04602,295.0,0.04607,462.0,0.04608,482.0
1753600247477,07:10:47.477,gateio,ACT/USDT:USDT,0.04603,18.0,0.04602,295.0,0.04607,462.0,0.04608,482.0
1753600248060,07:10:48.060,gateio,ACT/USDT:USDT,0.04603,18.0,0.04602,295.0,0.04607,462.0,0.04608,482.0
1753600248078,07:10:48.078,gateio,ACT/USDT:USDT,0.04603,18.0,0.04602,295.0,0.04607,462.0,0.04608,482.0
1753600251975,07:10:51.975,gateio,ACT/USDT:USDT,0.04603,18.0,0.04602,295.0,0.04607,462.0,0.04608,482.0
1753600253320,07:10:53.320,gateio,ACT/USDT:USDT,0.04603,18.0,0.04602,295.0,0.04607,462.0,0.04608,482.0
1753600254002,07:10:54.002,gateio,ACT/USDT:USDT,0.04603,18.0,0.04602,295.0,0.04607,462.0,0.04608,482.0
1753600255338,07:10:55.338,gateio,ACT/USDT:USDT,0.04603,18.0,0.04602,295.0,0.04607,462.0,0.04608,482.0
1753600255858,07:10:55.858,gateio,ACT/USDT:USDT,0.04603,18.0,0.04602,295.0,0.04607,462.0,0.04608,482.0
1753600257318,07:10:57.318,gateio,ACT/USDT:USDT,0.04603,198.0,0.04602,295.0,0.04607,263.0,0.04608,482.0
1753600257394,07:10:57.394,gateio,ACT/USDT:USDT,0.04603,243.0,0.04602,250.0,0.04607,263.0,0.04608,482.0
1753600257768,07:10:57.768,gateio,ACT/USDT:USDT,0.04603,243.0,0.04602,250.0,0.04607,251.0,0.04608,482.0
1753600258427,07:10:58.427,gateio,ACT/USDT:USDT,0.04603,63.0,0.04602,250.0,0.04607,251.0,0.04608,482.0
1753600259358,07:10:59.358,gateio,ACT/USDT:USDT,0.04603,63.0,0.04602,250.0,0.04607,251.0,0.04608,482.0
1753600260071,07:11:00.071,gateio,ACT/USDT:USDT,0.04603,243.0,0.04602,250.0,0.04607,251.0,0.04608,482.0
1753600261770,07:11:01.770,gateio,ACT/USDT:USDT,0.04604,180.0,0.04603,243.0,0.04607,251.0,0.04608,295.0
1753600261874,07:11:01.874,gateio,ACT/USDT:USDT,0.04605,29.0,0.04604,192.0,0.04607,251.0,0.04608,45.0
1753600261891,07:11:01.891,gateio,ACT/USDT:USDT,0.04605,29.0,0.04604,237.0,0.04607,250.0,0.04609,295.0
1753600262084,07:11:02.084,gateio,ACT/USDT:USDT,0.04605,29.0,0.04604,237.0,0.04607,250.0,0.04609,295.0
1753600262816,07:11:02.816,gateio,ACT/USDT:USDT,0.04605,17.0,0.04604,237.0,0.04607,250.0,0.04609,475.0
1753600262956,07:11:02.956,gateio,ACT/USDT:USDT,0.04605,17.0,0.04604,192.0,0.04607,250.0,0.04609,475.0
1753600266239,07:11:06.239,gateio,ACT/USDT:USDT,0.04605,17.0,0.04604,192.0,0.04607,250.0,0.04609,475.0
1753600267221,07:11:07.221,gateio,ACT/USDT:USDT,0.04605,17.0,0.04604,192.0,0.04607,250.0,0.04609,475.0
1753600267279,07:11:07.279,gateio,ACT/USDT:USDT,0.04605,29.0,0.04604,180.0,0.04607,250.0,0.04609,475.0
1753600267386,07:11:07.386,gateio,ACT/USDT:USDT,0.04605,17.0,0.04604,180.0,0.04607,250.0,0.04609,475.0
1753600269671,07:11:09.671,gateio,ACT/USDT:USDT,0.04605,41.0,0.04604,180.0,0.04607,250.0,0.04609,475.0
1753600269678,07:11:09.678,gateio,ACT/USDT:USDT,0.04605,41.0,0.04604,225.0,0.04607,250.0,0.04609,475.0
1753600270972,07:11:10.972,gateio,ACT/USDT:USDT,0.04605,41.0,0.04604,225.0,0.04607,250.0,0.04609,475.0
1753600270979,07:11:10.979,gateio,ACT/USDT:USDT,0.04605,41.0,0.04604,225.0,0.04607,250.0,0.04609,475.0
1753600272301,07:11:12.301,gateio,ACT/USDT:USDT,0.04605,29.0,0.04604,225.0,0.04607,250.0,0.04609,475.0
1753600273733,07:11:13.733,gateio,ACT/USDT:USDT,0.04605,29.0,0.04604,225.0,0.04607,250.0,0.04609,475.0
1753600276292,07:11:16.292,gateio,ACT/USDT:USDT,0.04605,41.0,0.04604,225.0,0.04607,250.0,0.04609,475.0
1753600276774,07:11:16.774,gateio,ACT/USDT:USDT,0.04605,29.0,0.04604,225.0,0.04607,250.0,0.04609,475.0
1753600276835,07:11:16.835,gateio,ACT/USDT:USDT,0.04605,41.0,0.04604,225.0,0.04607,250.0,0.04609,475.0
1753600279041,07:11:19.041,gateio,ACT/USDT:USDT,0.04605,41.0,0.04604,225.0,0.04607,250.0,0.04609,475.0
1753600282347,07:11:22.347,gateio,ACT/USDT:USDT,0.04605,17.0,0.04604,225.0,0.04607,262.0,0.04609,475.0
1753600282376,07:11:22.376,gateio,ACT/USDT:USDT,0.04605,17.0,0.04604,225.0,0.04607,262.0,0.04609,475.0
1753600283474,07:11:23.474,gateio,ACT/USDT:USDT,0.04605,17.0,0.04603,226.0,0.04607,274.0,0.04608,229.0
1753600283498,07:11:23.498,gateio,ACT/USDT:USDT,0.04604,17.0,0.04603,1.0,0.04607,274.0,0.04608,229.0
1753600283640,07:11:23.640,gateio,ACT/USDT:USDT,0.04603,18.0,0.04602,295.0,0.04606,25.0,0.04607,479.0
1753600283876,07:11:23.876,gateio,ACT/USDT:USDT,0.04603,18.0,0.04602,295.0,0.04606,25.0,0.04607,479.0
1753600284128,07:11:24.128,gateio,ACT/USDT:USDT,0.04603,18.0,0.04602,295.0,0.04606,13.0,0.04607,479.0
1753600284940,07:11:24.940,gateio,ACT/USDT:USDT,0.04603,18.0,0.04602,295.0,0.04606,25.0,0.04607,479.0
1753600285461,07:11:25.461,gateio,ACT/USDT:USDT,0.04603,18.0,0.04602,295.0,0.04606,209.0,0.04607,479.0
1753600285619,07:11:25.619,gateio,ACT/USDT:USDT,0.04603,18.0,0.04602,295.0,0.04606,209.0,0.04607,479.0
1753600285678,07:11:25.678,gateio,ACT/USDT:USDT,0.04603,18.0,0.04602,295.0,0.04606,209.0,0.04607,479.0
1753600287559,07:11:27.559,gateio,ACT/USDT:USDT,0.04603,18.0,0.04602,295.0,0.04606,209.0,0.04607,434.0
1753600287650,07:11:27.650,gateio,ACT/USDT:USDT,0.04603,18.0,0.04602,295.0,0.04606,209.0,0.04607,434.0
1753600287862,07:11:27.862,gateio,ACT/USDT:USDT,0.04603,18.0,0.04602,295.0,0.04606,209.0,0.04607,479.0
1753600288256,07:11:28.256,gateio,ACT/USDT:USDT,0.04603,18.0,0.04602,250.0,0.04606,254.0,0.04607,434.0
1753600291258,07:11:31.258,gateio,ACT/USDT:USDT,0.04603,18.0,0.04602,250.0,0.04606,254.0,0.04607,434.0
1753600297038,07:11:37.038,gateio,ACT/USDT:USDT,0.04603,18.0,0.04602,250.0,0.04606,254.0,0.04607,434.0
1753600297360,07:11:37.360,gateio,ACT/USDT:USDT,0.04603,18.0,0.04602,250.0,0.04606,254.0,0.04607,434.0
1753600297419,07:11:37.419,gateio,ACT/USDT:USDT,0.04603,18.0,0.04602,250.0,0.04605,209.0,0.04606,230.0
1753600297568,07:11:37.568,gateio,ACT/USDT:USDT,0.04603,18.0,0.04602,250.0,0.04605,209.0,0.04606,230.0
1753600297596,07:11:37.596,gateio,ACT/USDT:USDT,0.04603,18.0,0.04602,250.0,0.04605,209.0,0.04606,230.0
1753600297791,07:11:37.791,gateio,ACT/USDT:USDT,0.04603,18.0,0.04602,250.0,0.04605,209.0,0.04606,229.0
1753600298007,07:11:38.007,gateio,ACT/USDT:USDT,0.04603,18.0,0.04602,250.0,0.04605,209.0,0.04606,229.0
1753600298462,07:11:38.462,gateio,ACT/USDT:USDT,0.04603,18.0,0.046,295.0,0.04605,209.0,0.04606,229.0
1753600298545,07:11:38.545,gateio,ACT/USDT:USDT,0.04603,1.0,0.04601,17.0,0.04605,254.0,0.04606,184.0
1753600298675,07:11:38.675,gateio,ACT/USDT:USDT,0.04603,1.0,0.04601,17.0,0.04604,197.0,0.04605,254.0
1753600298740,07:11:38.740,gateio,ACT/USDT:USDT,0.04603,1.0,0.04601,17.0,0.04604,255.0,0.04605,209.0
1753600299342,07:11:39.342,gateio,ACT/USDT:USDT,0.04603,1.0,0.04601,17.0,0.04604,255.0,0.04605,209.0
1753600302838,07:11:42.838,gateio,ACT/USDT:USDT,0.04603,1.0,0.04601,17.0,0.04604,231.0,0.04605,209.0
1753600302917,07:11:42.917,gateio,ACT/USDT:USDT,0.04603,1.0,0.04601,17.0,0.04604,255.0,0.04605,209.0
1753600302979,07:11:42.979,gateio,ACT/USDT:USDT,0.04603,1.0,0.04601,17.0,0.04604,243.0,0.04605,209.0
1753600303503,07:11:43.503,gateio,ACT/USDT:USDT,0.04603,1.0,0.04601,17.0,0.04604,255.0,0.04605,209.0
1753600303590,07:11:43.590,gateio,ACT/USDT:USDT,0.04603,1.0,0.04601,17.0,0.04604,231.0,0.04605,209.0
1753600305036,07:11:45.036,gateio,ACT/USDT:USDT,0.04603,1.0,0.04601,17.0,0.04604,46.0,0.04605,209.0
1753600305135,07:11:45.135,gateio,ACT/USDT:USDT,0.04603,1.0,0.04601,17.0,0.04604,46.0,0.04605,209.0
1753600307534,07:11:47.534,gateio,ACT/USDT:USDT,0.04603,1.0,0.04601,17.0,0.04604,58.0,0.04605,209.0
1753600307620,07:11:47.620,gateio,ACT/USDT:USDT,0.04603,1.0,0.04601,17.0,0.04604,46.0,0.04605,209.0
1753600307946,07:11:47.946,gateio,ACT/USDT:USDT,0.04603,1.0,0.04601,17.0,0.04604,58.0,0.04605,209.0
1753600309518,07:11:49.518,gateio,ACT/USDT:USDT,0.04603,1.0,0.04601,17.0,0.04604,1.0,0.04605,254.0
1753600317432,07:11:57.432,gateio,ACT/USDT:USDT,0.04603,1.0,0.04601,17.0,0.04604,1.0,0.04605,254.0
1753600319563,07:11:59.563,gateio,ACT/USDT:USDT,0.04603,1.0,0.04602,24.0,0.04604,1.0,0.04605,242.0
1753600319580,07:11:59.580,gateio,ACT/USDT:USDT,0.04603,1.0,0.04602,24.0,0.04604,1.0,0.04605,197.0
1753600319706,07:11:59.706,gateio,ACT/USDT:USDT,0.04603,1.0,0.04602,24.0,0.04604,1.0,0.04605,197.0
1753600319947,07:11:59.947,gateio,ACT/USDT:USDT,0.04603,1.0,0.04602,24.0,0.04604,1.0,0.04606,1309.0
1753600320002,07:12:00.002,gateio,ACT/USDT:USDT,0.04603,25.0,0.04601,1916.0,0.04605,1.0,0.04606,1309.0
1753600320163,07:12:00.163,gateio,ACT/USDT:USDT,0.04603,25.0,0.04601,1916.0,0.04605,1.0,0.04606,1309.0
1753600320338,07:12:00.338,gateio,ACT/USDT:USDT,0.04603,1.0,0.04601,247.0,0.04605,1.0,0.04606,1309.0
1753600320766,07:12:00.766,gateio,ACT/USDT:USDT,0.04603,13.0,0.04601,247.0,0.04605,1.0,0.04606,1309.0
1753600320825,07:12:00.825,gateio,ACT/USDT:USDT,0.04603,1.0,0.04601,247.0,0.04605,1.0,0.04606,1309.0
1753600320995,07:12:00.995,gateio,ACT/USDT:USDT,0.04603,1.0,0.04601,247.0,0.04605,1.0,0.04606,1309.0
1753600321518,07:12:01.518,gateio,ACT/USDT:USDT,0.04603,1.0,0.04601,202.0,0.04605,243.0,0.04606,1264.0
1753600321582,07:12:01.582,gateio,ACT/USDT:USDT,0.04603,1.0,0.04601,202.0,0.04605,242.0,0.04606,1264.0
1753600322599,07:12:02.599,gateio,ACT/USDT:USDT,0.04603,1.0,0.04601,202.0,0.04605,242.0,0.04606,1264.0
1753600323822,07:12:03.822,gateio,ACT/USDT:USDT,0.04603,1.0,0.04601,202.0,0.04605,230.0,0.04606,1264.0
1753600324666,07:12:04.666,gateio,ACT/USDT:USDT,0.04603,1.0,0.04601,247.0,0.04605,185.0,0.04606,1309.0
1753600325056,07:12:05.056,gateio,ACT/USDT:USDT,0.04603,1.0,0.04601,247.0,0.04605,185.0,0.04606,1264.0
1753600325369,07:12:05.369,gateio,ACT/USDT:USDT,0.04603,1.0,0.04601,202.0,0.04605,185.0,0.04606,1309.0
1753600325455,07:12:05.455,gateio,ACT/USDT:USDT,0.04603,1.0,0.04601,247.0,0.04605,185.0,0.04606,1309.0
1753600325855,07:12:05.855,gateio,ACT/USDT:USDT,0.04603,1.0,0.04601,202.0,0.04605,230.0,0.04606,1264.0
1753600326824,07:12:06.824,gateio,ACT/USDT:USDT,0.04603,13.0,0.04601,202.0,0.04605,230.0,0.04606,1264.0
1753600327254,07:12:07.254,gateio,ACT/USDT:USDT,0.04603,13.0,0.04601,202.0,0.04605,230.0,0.04606,1264.0
1753600327968,07:12:07.968,gateio,ACT/USDT:USDT,0.04603,25.0,0.04601,202.0,0.04605,45.0,0.04607,184.0
1753600328066,07:12:08.066,gateio,ACT/USDT:USDT,0.04603,209.0,0.04602,45.0,0.04606,1.0,0.04607,229.0
1753600328118,07:12:08.118,gateio,ACT/USDT:USDT,0.04604,41.0,0.04603,185.0,0.04606,1.0,0.04607,184.0
1753600328194,07:12:08.194,gateio,ACT/USDT:USDT,0.04604,29.0,0.04603,185.0,0.04606,1.0,0.04607,184.0
1753600328280,07:12:08.280,gateio,ACT/USDT:USDT,0.04604,29.0,0.04603,185.0,0.04606,1.0,0.04607,184.0
1753600328503,07:12:08.503,gateio,ACT/USDT:USDT,0.04604,41.0,0.04603,185.0,0.04606,1.0,0.04607,184.0
1753600328838,07:12:08.838,gateio,ACT/USDT:USDT,0.04604,41.0,0.04603,185.0,0.04606,1.0,0.04607,184.0
1753600329099,07:12:09.099,gateio,ACT/USDT:USDT,0.04604,41.0,0.04603,185.0,0.04606,1.0,0.04607,184.0
1753600329527,07:12:09.527,gateio,ACT/USDT:USDT,0.04604,41.0,0.04603,185.0,0.04606,1.0,0.04607,184.0
1753600332643,07:12:12.643,gateio,ACT/USDT:USDT,0.04604,29.0,0.04603,1.0,0.04606,1.0,0.04607,184.0
1753600332682,07:12:12.682,gateio,ACT/USDT:USDT,0.04604,24.0,0.04603,1.0,0.04606,1.0,0.04607,184.0
1753600334698,07:12:14.698,gateio,ACT/USDT:USDT,0.04604,12.0,0.04603,1.0,0.04606,1.0,0.04607,229.0
1753600335959,07:12:15.959,gateio,ACT/USDT:USDT,0.04604,12.0,0.04603,1.0,0.04606,1.0,0.04607,229.0
1753600337845,07:12:17.845,gateio,ACT/USDT:USDT,0.04603,1.0,0.04602,17.0,0.04606,189.0,0.04607,229.0
1753600337939,07:12:17.939,gateio,ACT/USDT:USDT,0.04603,13.0,0.04602,17.0,0.04606,234.0,0.04607,184.0
1753600338144,07:12:18.144,gateio,ACT/USDT:USDT,0.04603,13.0,0.04602,17.0,0.04606,234.0,0.04608,184.0
1753600339350,07:12:19.350,gateio,ACT/USDT:USDT,0.04603,13.0,0.04602,17.0,0.04606,234.0,0.04608,184.0
1753600342428,07:12:22.428,gateio,ACT/USDT:USDT,0.04603,1.0,0.04602,17.0,0.04606,246.0,0.04608,184.0
1753600342758,07:12:22.758,gateio,ACT/USDT:USDT,0.04603,1.0,0.04602,17.0,0.04605,233.0,0.04606,201.0
1753600342819,07:12:22.819,gateio,ACT/USDT:USDT,0.04603,1.0,0.04602,17.0,0.04605,188.0,0.04606,233.0
1753600342996,07:12:22.996,gateio,ACT/USDT:USDT,0.04603,1.0,0.04602,17.0,0.04605,188.0,0.04606,233.0
1753600343308,07:12:23.308,gateio,ACT/USDT:USDT,0.04603,1.0,0.04602,17.0,0.04605,188.0,0.04606,233.0
1753600343417,07:12:23.417,gateio,ACT/USDT:USDT,0.04603,1.0,0.04602,17.0,0.04605,188.0,0.04606,233.0
1753600343862,07:12:23.862,gateio,ACT/USDT:USDT,0.04603,1.0,0.04602,17.0,0.04605,188.0,0.04606,233.0
1753600343958,07:12:23.958,gateio,ACT/USDT:USDT,0.04603,1.0,0.04602,17.0,0.04605,233.0,0.04606,188.0
1753600344275,07:12:24.275,gateio,ACT/USDT:USDT,0.04603,1.0,0.04602,17.0,0.04605,233.0,0.04606,188.0
1753600344276,07:12:24.276,gateio,ACT/USDT:USDT,0.04603,1.0,0.04602,17.0,0.04605,233.0,0.04606,188.0
1753600345034,07:12:25.034,gateio,ACT/USDT:USDT,0.04603,1.0,0.04602,17.0,0.04606,233.0,0.04608,184.0
1753600345083,07:12:25.083,gateio,ACT/USDT:USDT,0.04603,1.0,0.04602,17.0,0.04605,1.0,0.04606,233.0
1753600346204,07:12:26.204,gateio,ACT/USDT:USDT,0.04603,13.0,0.04602,17.0,0.04605,1.0,0.04606,233.0
1753600347194,07:12:27.194,gateio,ACT/USDT:USDT,0.04603,13.0,0.04602,17.0,0.04605,1.0,0.04606,233.0
1753600347298,07:12:27.298,gateio,ACT/USDT:USDT,0.04603,1.0,0.04602,17.0,0.04605,1.0,0.04606,233.0
1753600348417,07:12:28.417,gateio,ACT/USDT:USDT,0.04603,1.0,0.04602,17.0,0.04605,1.0,0.04606,233.0
1753600349259,07:12:29.259,gateio,ACT/USDT:USDT,0.04603,1.0,0.04602,17.0,0.04605,1.0,0.04606,233.0
1753600349278,07:12:29.278,gateio,ACT/USDT:USDT,0.04603,1.0,0.04602,17.0,0.04605,1.0,0.04606,233.0
1753600352074,07:12:32.074,gateio,ACT/USDT:USDT,0.04603,25.0,0.04602,17.0,0.04605,1.0,0.04606,233.0
1753600352125,07:12:32.125,gateio,ACT/USDT:USDT,0.04603,25.0,0.04602,17.0,0.04605,1.0,0.04606,188.0
1753600352902,07:12:32.902,gateio,ACT/USDT:USDT,0.04603,211.0,0.04602,312.0,0.04605,1.0,0.04608,229.0
1753600353038,07:12:33.038,gateio,ACT/USDT:USDT,0.04603,211.0,0.04602,295.0,0.04607,232.0,0.04608,184.0
1753600353137,07:12:33.137,gateio,ACT/USDT:USDT,0.04604,41.0,0.04603,187.0,0.04607,187.0,0.04608,229.0
1753600353274,07:12:33.274,gateio,ACT/USDT:USDT,0.04604,41.0,0.04603,187.0,0.04607,187.0,0.04608,229.0
1753600353853,07:12:33.853,gateio,ACT/USDT:USDT,0.04604,17.0,0.04603,1.0,0.04606,1080.0,0.04607,199.0
1753600353902,07:12:33.902,gateio,ACT/USDT:USDT,0.04603,42.0,0.04602,250.0,0.04606,1125.0,0.04607,198.0
1753600353983,07:12:33.983,gateio,ACT/USDT:USDT,0.04603,42.0,0.04602,250.0,0.04605,1.0,0.04606,1125.0
1753600354161,07:12:34.161,gateio,ACT/USDT:USDT,0.04603,42.0,0.04602,436.0,0.04605,1.0,0.04607,231.0
1753600354182,07:12:34.182,gateio,ACT/USDT:USDT,0.04603,42.0,0.04602,436.0,0.04606,1.0,0.04607,231.0
1753600354369,07:12:34.369,gateio,ACT/USDT:USDT,0.04603,42.0,0.04602,481.0,0.04606,1.0,0.04607,231.0
1753600354515,07:12:34.515,gateio,ACT/USDT:USDT,0.04603,42.0,0.04602,481.0,0.04606,1.0,0.04607,231.0
1753600357549,07:12:37.549,gateio,ACT/USDT:USDT,0.04603,42.0,0.04602,481.0,0.04606,1.0,0.04607,231.0
1753600357614,07:12:37.614,gateio,ACT/USDT:USDT,0.04603,42.0,0.04602,481.0,0.04606,1.0,0.04607,231.0
1753600357858,07:12:37.858,gateio,ACT/USDT:USDT,0.04603,42.0,0.04602,481.0,0.04606,1.0,0.04607,231.0
1753600359828,07:12:39.828,gateio,ACT/USDT:USDT,0.04603,42.0,0.04602,481.0,0.04606,1.0,0.04607,231.0
1753600360871,07:12:40.871,gateio,ACT/USDT:USDT,0.04603,42.0,0.04602,481.0,0.04606,1.0,0.04607,231.0
1753600360878,07:12:40.878,gateio,ACT/USDT:USDT,0.04603,42.0,0.04602,481.0,0.04606,1.0,0.04607,231.0
1753600364074,07:12:44.074,gateio,ACT/USDT:USDT,0.04603,30.0,0.04602,481.0,0.04606,1.0,0.04607,231.0
1753600364076,07:12:44.076,gateio,ACT/USDT:USDT,0.04603,30.0,0.04602,481.0,0.04606,1.0,0.04607,231.0
1753600364265,07:12:44.265,gateio,ACT/USDT:USDT,0.04603,30.0,0.04602,481.0,0.04606,190.0,0.04607,231.0
1753600364566,07:12:44.566,gateio,ACT/USDT:USDT,0.04603,30.0,0.04602,436.0,0.04606,190.0,0.04607,231.0
1753600366035,07:12:46.035,gateio,ACT/USDT:USDT,0.04603,18.0,0.04602,436.0,0.04606,247.0,0.04607,186.0
1753600366094,07:12:46.094,gateio,ACT/USDT:USDT,0.04603,18.0,0.04602,436.0,0.04606,247.0,0.04607,186.0
1753600366196,07:12:46.196,gateio,ACT/USDT:USDT,0.04603,42.0,0.04602,436.0,0.04606,235.0,0.04607,186.0
1753600366300,07:12:46.300,gateio,ACT/USDT:USDT,0.04603,30.0,0.04602,436.0,0.04606,235.0,0.04607,186.0
1753600367858,07:12:47.858,gateio,ACT/USDT:USDT,0.04603,30.0,0.04602,436.0,0.04606,190.0,0.04607,45.0
1753600368338,07:12:48.338,gateio,ACT/USDT:USDT,0.04603,18.0,0.04602,436.0,0.04606,235.0,0.04608,184.0
1753600369466,07:12:49.466,gateio,ACT/USDT:USDT,0.04603,18.0,0.04602,436.0,0.04606,247.0,0.04608,184.0
1753600369564,07:12:49.564,gateio,ACT/USDT:USDT,0.04603,18.0,0.04602,481.0,0.04606,202.0,0.04607,45.0
1753600370298,07:12:50.298,gateio,ACT/USDT:USDT,0.04603,18.0,0.04602,481.0,0.04606,202.0,0.04607,45.0
1753600373242,07:12:53.242,gateio,ACT/USDT:USDT,0.04603,219.0,0.04602,481.0,0.04606,1.0,0.04607,45.0
1753600373323,07:12:53.323,gateio,ACT/USDT:USDT,0.04603,264.0,0.04602,436.0,0.04607,1.0,0.04608,184.0
1753600373473,07:12:53.473,gateio,ACT/USDT:USDT,0.04603,264.0,0.04602,436.0,0.04607,1.0,0.04608,184.0
1753600373487,07:12:53.487,gateio,ACT/USDT:USDT,0.04603,264.0,0.04602,436.0,0.04607,1.0,0.04608,184.0
1753600373625,07:12:53.625,gateio,ACT/USDT:USDT,0.04603,264.0,0.04602,436.0,0.04607,1.0,0.04608,184.0
1753600373753,07:12:53.753,gateio,ACT/USDT:USDT,0.04603,264.0,0.04602,436.0,0.04607,1.0,0.04608,184.0
1753600373823,07:12:53.823,gateio,ACT/USDT:USDT,0.04603,264.0,0.04602,436.0,0.04607,190.0,0.04608,229.0
1753600374766,07:12:54.766,gateio,ACT/USDT:USDT,0.04603,87.0,0.04602,436.0,0.04606,189.0,0.04607,190.0
1753600374832,07:12:54.832,gateio,ACT/USDT:USDT,0.04603,75.0,0.04602,436.0,0.04605,1.0,0.04606,189.0
1753600375181,07:12:55.181,gateio,ACT/USDT:USDT,0.04603,75.0,0.04602,436.0,0.04605,1.0,0.04606,189.0
1753600375872,07:12:55.872,gateio,ACT/USDT:USDT,0.04603,75.0,0.04602,436.0,0.04605,1.0,0.04607,189.0
1753600375890,07:12:55.890,gateio,ACT/USDT:USDT,0.04603,87.0,0.04602,436.0,0.04606,1.0,0.04607,189.0
1753600376029,07:12:56.029,gateio,ACT/USDT:USDT,0.04603,75.0,0.04602,436.0,0.04606,1.0,0.04607,189.0
1753600376079,07:12:56.079,gateio,ACT/USDT:USDT,0.04603,87.0,0.04602,436.0,0.04606,1.0,0.04607,189.0
1753600376185,07:12:56.185,gateio,ACT/USDT:USDT,0.04603,75.0,0.04602,436.0,0.04606,190.0,0.04607,189.0
1753600376430,07:12:56.430,gateio,ACT/USDT:USDT,0.04603,75.0,0.04602,436.0,0.04606,190.0,0.04607,189.0
1753600376781,07:12:56.781,gateio,ACT/USDT:USDT,0.04603,87.0,0.04602,436.0,0.04606,190.0,0.04607,189.0
1753600378138,07:12:58.138,gateio,ACT/USDT:USDT,0.04603,87.0,0.04602,436.0,0.04606,190.0,0.04607,189.0
1753600378455,07:12:58.455,gateio,ACT/USDT:USDT,0.04603,87.0,0.04602,436.0,0.04606,190.0,0.04607,189.0
1753600382801,07:13:02.801,gateio,ACT/USDT:USDT,0.04603,18.0,0.04602,481.0,0.04605,189.0,0.04606,190.0
1753600382957,07:13:02.957,gateio,ACT/USDT:USDT,0.04603,18.0,0.04602,250.0,0.04606,213.0,0.04607,234.0
1753600382985,07:13:02.985,gateio,ACT/USDT:USDT,0.04603,18.0,0.04602,250.0,0.04605,1.0,0.04606,201.0
1753600383308,07:13:03.308,gateio,ACT/USDT:USDT,0.04603,18.0,0.04602,250.0,0.04605,1.0,0.04606,201.0
1753600383473,07:13:03.473,gateio,ACT/USDT:USDT,0.04603,42.0,0.04602,250.0,0.04605,1.0,0.04606,189.0
1753600383498,07:13:03.498,gateio,ACT/USDT:USDT,0.04603,42.0,0.04602,295.0,0.04605,1.0,0.04606,189.0
1753600383866,07:13:03.866,gateio,ACT/USDT:USDT,0.04603,18.0,0.04602,295.0,0.04605,1.0,0.04607,189.0
1753600383938,07:13:03.938,gateio,ACT/USDT:USDT,0.04603,18.0,0.04602,295.0,0.04606,25.0,0.04607,234.0
1753600384017,07:13:04.017,gateio,ACT/USDT:USDT,0.04603,18.0,0.04602,295.0,0.04606,214.0,0.04607,234.0
1753600384130,07:13:04.130,gateio,ACT/USDT:USDT,0.04603,18.0,0.04602,295.0,0.04606,214.0,0.04607,234.0
1753600387172,07:13:07.172,gateio,ACT/USDT:USDT,0.04603,18.0,0.04602,295.0,0.04605,185.0,0.04606,214.0
1753600387276,07:13:07.276,gateio,ACT/USDT:USDT,0.04603,18.0,0.04602,295.0,0.04605,185.0,0.04606,213.0
1753600387360,07:13:07.360,gateio,ACT/USDT:USDT,0.04603,18.0,0.04602,295.0,0.04605,185.0,0.04606,213.0
1753600388116,07:13:08.116,gateio,ACT/USDT:USDT,0.04603,18.0,0.04602,295.0,0.04605,185.0,0.04606,213.0
1753600388189,07:13:08.189,gateio,ACT/USDT:USDT,0.04603,18.0,0.04602,295.0,0.04605,185.0,0.04606,213.0
1753600389019,07:13:09.019,gateio,ACT/USDT:USDT,0.04603,42.0,0.04602,295.0,0.04605,185.0,0.04606,201.0
1753600390151,07:13:10.151,gateio,ACT/USDT:USDT,0.04603,18.0,0.04602,295.0,0.04605,185.0,0.04606,201.0
1753600390942,07:13:10.942,gateio,ACT/USDT:USDT,0.04603,42.0,0.04602,295.0,0.04606,213.0,0.04607,234.0
1753600390986,07:13:10.986,gateio,ACT/USDT:USDT,0.04603,42.0,0.04602,295.0,0.04605,1.0,0.04606,189.0
1753600391208,07:13:11.208,gateio,ACT/USDT:USDT,0.04603,42.0,0.04602,295.0,0.04605,1.0,0.04606,189.0
1753600392263,07:13:12.263,gateio,ACT/USDT:USDT,0.04604,209.0,0.04603,272.0,0.04605,1.0,0.04607,189.0
1753600392285,07:13:12.285,gateio,ACT/USDT:USDT,0.04604,24.0,0.04603,272.0,0.04606,1.0,0.04607,189.0
1753600392427,07:13:12.427,gateio,ACT/USDT:USDT,0.04604,24.0,0.04603,272.0,0.04606,1.0,0.04607,189.0
1753600393033,07:13:13.033,gateio,ACT/USDT:USDT,0.04604,209.0,0.04603,272.0,0.04606,1.0,0.04607,189.0
1753600393082,07:13:13.082,gateio,ACT/USDT:USDT,0.04604,209.0,0.04603,255.0,0.04606,1.0,0.04607,189.0
1753600394432,07:13:14.432,gateio,ACT/USDT:USDT,0.04604,254.0,0.04603,210.0,0.04606,1.0,0.04608,184.0
1753600394550,07:13:14.550,gateio,ACT/USDT:USDT,0.04604,69.0,0.04603,198.0,0.04607,1.0,0.04608,184.0
1753600394598,07:13:14.598,gateio,ACT/USDT:USDT,0.04604,86.0,0.04603,198.0,0.04607,1.0,0.04608,184.0
1753600394705,07:13:14.705,gateio,ACT/USDT:USDT,0.04604,86.0,0.04603,198.0,0.04607,1.0,0.04608,184.0
1753600395639,07:13:15.639,gateio,ACT/USDT:USDT,0.04604,17.0,0.04603,231.0,0.04607,210.0,0.04608,229.0
1753600397504,07:13:17.504,gateio,ACT/USDT:USDT,0.04604,41.0,0.04603,231.0,0.04607,186.0,0.04608,184.0
1753600399441,07:13:19.441,gateio,ACT/USDT:USDT,0.04604,17.0,0.04603,186.0,0.04606,184.0,0.04607,198.0
1753600399482,07:13:19.482,gateio,ACT/USDT:USDT,0.04604,17.0,0.04603,186.0,0.04606,184.0,0.04607,197.0
1753600399898,07:13:19.898,gateio,ACT/USDT:USDT,0.04604,17.0,0.04603,1.0,0.04606,184.0,0.04607,242.0
1753600400018,07:13:20.018,gateio,ACT/USDT:USDT,0.04603,42.0,0.04602,295.0,0.04606,184.0,0.04607,197.0
1753600400083,07:13:20.083,gateio,ACT/USDT:USDT,0.04603,42.0,0.04602,295.0,0.04605,1.0,0.04606,184.0
1753600400287,07:13:20.287,gateio,ACT/USDT:USDT,0.04603,42.0,0.04602,295.0,0.04605,1.0,0.04606,184.0
1753600400857,07:13:20.857,gateio,ACT/USDT:USDT,0.04603,18.0,0.04602,295.0,0.04605,1.0,0.04606,184.0
1753600401106,07:13:21.106,gateio,ACT/USDT:USDT,0.04603,18.0,0.04602,295.0,0.04605,1.0,0.04606,184.0
1753600401543,07:13:21.543,gateio,ACT/USDT:USDT,0.04603,18.0,0.04602,295.0,0.04605,1.0,0.04606,184.0
1753600401652,07:13:21.652,gateio,ACT/USDT:USDT,0.04603,18.0,0.04602,295.0,0.04605,1.0,0.04606,184.0
1753600403590,07:13:23.590,gateio,ACT/USDT:USDT,0.04603,42.0,0.04602,479.0,0.04605,1.0,0.04606,184.0
1753600404282,07:13:24.282,gateio,ACT/USDT:USDT,0.04603,226.0,0.04602,479.0,0.04605,1.0,0.04606,184.0
1753600404382,07:13:24.382,gateio,ACT/USDT:USDT,0.04603,209.0,0.04602,479.0,0.04605,1.0,0.04606,184.0
1753600407939,07:13:27.939,gateio,ACT/USDT:USDT,0.04603,185.0,0.04602,479.0,0.04605,1.0,0.04606,184.0
1753600409503,07:13:29.503,gateio,ACT/USDT:USDT,0.04603,1.0,0.04602,479.0,0.04605,1.0,0.04606,184.0
1753600409583,07:13:29.583,gateio,ACT/USDT:USDT,0.04603,18.0,0.04602,479.0,0.04605,1.0,0.04606,184.0
1753600409998,07:13:29.998,gateio,ACT/USDT:USDT,0.04603,18.0,0.04602,479.0,0.04605,1.0,0.04606,184.0
1753600411235,07:13:31.235,gateio,ACT/USDT:USDT,0.04603,18.0,0.04602,479.0,0.04605,1.0,0.04606,184.0
1753600416611,07:13:36.611,gateio,ACT/USDT:USDT,0.04603,18.0,0.04602,479.0,0.04605,13.0,0.04606,184.0
1753600416775,07:13:36.775,gateio,ACT/USDT:USDT,0.04603,18.0,0.04602,479.0,0.04605,1.0,0.04606,184.0
1753600416929,07:13:36.929,gateio,ACT/USDT:USDT,0.04603,18.0,0.04602,479.0,0.04605,187.0,0.04606,184.0
1753600416981,07:13:36.981,gateio,ACT/USDT:USDT,0.04603,18.0,0.04602,479.0,0.04605,186.0,0.04606,184.0
1753600417099,07:13:37.099,gateio,ACT/USDT:USDT,0.04603,18.0,0.04602,479.0,0.04605,186.0,0.04606,208.0
1753600417919,07:13:37.919,gateio,ACT/USDT:USDT,0.04603,18.0,0.04602,479.0,0.04605,198.0,0.04606,196.0
1753600422952,07:13:42.952,gateio,ACT/USDT:USDT,0.04603,228.0,0.04602,434.0,0.04607,230.0,0.04608,184.0
1753600423066,07:13:43.066,gateio,ACT/USDT:USDT,0.04603,273.0,0.04602,434.0,0.04606,1.0,0.04607,185.0
1753600423138,07:13:43.138,gateio,ACT/USDT:USDT,0.04603,228.0,0.04602,479.0,0.04606,187.0,0.04607,185.0
1753600423260,07:13:43.260,gateio,ACT/USDT:USDT,0.04603,228.0,0.04602,479.0,0.04606,187.0,0.04607,185.0
1753600425509,07:13:45.509,gateio,ACT/USDT:USDT,0.04603,228.0,0.04602,479.0,0.04606,187.0,0.04607,185.0
1753600428632,07:13:48.632,gateio,ACT/USDT:USDT,0.04603,228.0,0.04602,479.0,0.04606,187.0,0.04607,185.0
1753600428718,07:13:48.718,gateio,ACT/USDT:USDT,0.04603,228.0,0.04602,479.0,0.04606,187.0,0.04607,185.0
1753600433421,07:13:53.421,gateio,ACT/USDT:USDT,0.04603,228.0,0.04602,479.0,0.04606,187.0,0.04607,185.0
1753600436964,07:13:56.964,gateio,ACT/USDT:USDT,0.04604,197.0,0.04603,261.0,0.04606,1.0,0.04607,185.0
1753600437000,07:13:57.000,gateio,ACT/USDT:USDT,0.04604,197.0,0.04603,244.0,0.04606,1.0,0.04607,185.0
1753600437350,07:13:57.350,gateio,ACT/USDT:USDT,0.04604,197.0,0.04603,244.0,0.04606,1.0,0.04607,185.0
1753600442369,07:14:02.369,gateio,ACT/USDT:USDT,0.04604,12.0,0.04603,244.0,0.04606,1.0,0.04607,185.0
1753600442383,07:14:02.383,gateio,ACT/USDT:USDT,0.04604,29.0,0.04603,244.0,0.04606,1.0,0.04607,185.0
1753600442539,07:14:02.539,gateio,ACT/USDT:USDT,0.04604,17.0,0.04603,187.0,0.04606,186.0,0.04607,185.0
1753600442582,07:14:02.582,gateio,ACT/USDT:USDT,0.04604,17.0,0.04603,187.0,0.04606,185.0,0.04607,185.0
1753600442720,07:14:02.720,gateio,ACT/USDT:USDT,0.04604,29.0,0.04603,232.0,0.04606,185.0,0.04607,197.0
1753600444669,07:14:04.669,gateio,ACT/USDT:USDT,0.04604,17.0,0.04603,232.0,0.04606,197.0,0.04607,197.0
1753600448247,07:14:08.247,gateio,ACT/USDT:USDT,0.04604,17.0,0.04603,1.0,0.04605,195.0,0.04606,209.0
1753600448286,07:14:08.286,gateio,ACT/USDT:USDT,0.04603,18.0,0.04602,184.0,0.04605,208.0,0.04606,209.0
1753600448407,07:14:08.407,gateio,ACT/USDT:USDT,0.04603,18.0,0.04602,184.0,0.04605,207.0,0.04606,209.0
1753600451158,07:14:11.158,gateio,ACT/USDT:USDT,0.04603,18.0,0.04601,185.0,0.04604,207.0,0.04605,207.0
1753600451183,07:14:11.183,gateio,ACT/USDT:USDT,0.04603,1.0,0.04602,17.0,0.04604,208.0,0.04605,207.0
1753600451450,07:14:11.450,gateio,ACT/USDT:USDT,0.04603,1.0,0.04602,17.0,0.04604,196.0,0.04605,207.0
1753600452274,07:14:12.274,gateio,ACT/USDT:USDT,0.04603,1.0,0.04602,17.0,0.04604,196.0,0.04605,207.0
1753600452339,07:14:12.339,gateio,ACT/USDT:USDT,0.04603,1.0,0.04602,17.0,0.04604,208.0,0.04605,252.0
1753600452395,07:14:12.395,gateio,ACT/USDT:USDT,0.04603,1.0,0.046,62.0,0.04604,208.0,0.04605,252.0
1753600452775,07:14:12.775,gateio,ACT/USDT:USDT,0.04603,1.0,0.046,312.0,0.04604,196.0,0.04605,252.0
1753600453349,07:14:13.349,gateio,ACT/USDT:USDT,0.04603,1.0,0.046,312.0,0.04604,196.0,0.04605,252.0
1753600453492,07:14:13.492,gateio,ACT/USDT:USDT,0.04603,1.0,0.046,312.0,0.04604,196.0,0.04605,252.0
1753600455875,07:14:15.875,gateio,ACT/USDT:USDT,0.04603,1.0,0.04602,24.0,0.04604,1.0,0.04605,183.0
1753600455922,07:14:15.922,gateio,ACT/USDT:USDT,0.04603,1.0,0.04602,24.0,0.04604,1.0,0.04605,183.0
1753600455983,07:14:15.983,gateio,ACT/USDT:USDT,0.04603,1.0,0.04602,41.0,0.04604,1.0,0.04605,183.0
1753600456341,07:14:16.341,gateio,ACT/USDT:USDT,0.04603,1.0,0.04602,41.0,0.04604,1.0,0.04605,183.0
1753600456727,07:14:16.727,gateio,ACT/USDT:USDT,0.04603,1.0,0.04602,41.0,0.04604,1.0,0.04605,183.0
1753600459260,07:14:19.260,gateio,ACT/USDT:USDT,0.04603,1.0,0.04602,41.0,0.04604,1.0,0.04605,183.0
1753600459284,07:14:19.284,gateio,ACT/USDT:USDT,0.04603,1.0,0.04602,41.0,0.04604,1.0,0.04605,183.0
1753600460159,07:14:20.159,gateio,ACT/USDT:USDT,0.04603,1.0,0.04602,29.0,0.04604,1.0,0.04605,195.0
1753600461158,07:14:21.158,gateio,ACT/USDT:USDT,0.04603,1.0,0.04602,29.0,0.04604,1.0,0.04605,183.0
1753600461448,07:14:21.448,gateio,ACT/USDT:USDT,0.04603,25.0,0.04602,274.0,0.04604,1.0,0.04606,188.0
1753600461488,07:14:21.488,gateio,ACT/USDT:USDT,0.04603,25.0,0.04602,274.0,0.04605,1.0,0.04606,188.0
1753600461578,07:14:21.578,gateio,ACT/USDT:USDT,0.04603,25.0,0.04602,274.0,0.04605,1.0,0.04606,188.0
1753600461731,07:14:21.731,gateio,ACT/USDT:USDT,0.04603,213.0,0.04602,274.0,0.04605,1.0,0.04606,188.0
1753600461782,07:14:21.782,gateio,ACT/USDT:USDT,0.04603,213.0,0.04602,257.0,0.04605,1.0,0.04606,188.0
1753600462396,07:14:22.396,gateio,ACT/USDT:USDT,0.04603,213.0,0.04602,257.0,0.04605,1.0,0.04606,188.0
1753600462834,07:14:22.834,gateio,ACT/USDT:USDT,0.04603,213.0,0.04602,257.0,0.04605,1.0,0.04606,188.0
1753600464158,07:14:24.158,gateio,ACT/USDT:USDT,0.04603,258.0,0.04602,212.0,0.04605,1.0,0.04607,185.0
1753600464182,07:14:24.182,gateio,ACT/USDT:USDT,0.04603,258.0,0.04602,212.0,0.04606,1.0,0.04607,185.0
1753600464286,07:14:24.286,gateio,ACT/USDT:USDT,0.04604,29.0,0.04603,234.0,0.04606,1.0,0.04607,185.0
1753600464558,07:14:24.558,gateio,ACT/USDT:USDT,0.04604,17.0,0.04603,189.0,0.04606,213.0,0.04607,185.0
1753600464582,07:14:24.582,gateio,ACT/USDT:USDT,0.04604,17.0,0.04603,189.0,0.04606,212.0,0.04607,185.0
1753600465932,07:14:25.932,gateio,ACT/USDT:USDT,0.04604,17.0,0.04603,189.0,0.04606,212.0,0.04607,185.0
1753600466070,07:14:26.070,gateio,ACT/USDT:USDT,0.04604,18.0,0.04603,189.0,0.04606,212.0,0.04607,185.0
1753600466233,07:14:26.233,gateio,ACT/USDT:USDT,0.04604,18.0,0.04603,189.0,0.04606,212.0,0.04607,185.0
1753600466875,07:14:26.875,gateio,ACT/USDT:USDT,0.04604,18.0,0.04603,1.0,0.04605,197.0,0.04606,212.0
1753600466903,07:14:26.903,gateio,ACT/USDT:USDT,0.04603,19.0,0.04602,188.0,0.04605,210.0,0.04606,200.0
1753600466982,07:14:26.982,gateio,ACT/USDT:USDT,0.04603,19.0,0.04602,188.0,0.04605,209.0,0.04606,200.0
1753600467194,07:14:27.194,gateio,ACT/USDT:USDT,0.04603,19.0,0.04602,188.0,0.04605,197.0,0.04606,200.0
1753600467379,07:14:27.379,gateio,ACT/USDT:USDT,0.04603,19.0,0.04602,188.0,0.04605,197.0,0.04606,200.0
1753600470375,07:14:30.375,gateio,ACT/USDT:USDT,0.04603,19.0,0.04601,1883.0,0.04604,185.0,0.04605,197.0
1753600470440,07:14:30.440,gateio,ACT/USDT:USDT,0.04603,1.0,0.04602,18.0,0.04604,198.0,0.04605,209.0
1753600470613,07:14:30.613,gateio,ACT/USDT:USDT,0.04603,1.0,0.04602,18.0,0.04604,198.0,0.04605,209.0
1753600470838,07:14:30.838,gateio,ACT/USDT:USDT,0.04603,1.0,0.04602,18.0,0.04604,186.0,0.04605,209.0
1753600471435,07:14:31.435,gateio,ACT/USDT:USDT,0.04603,1.0,0.04602,18.0,0.04604,186.0,0.04605,209.0
1753600471938,07:14:31.938,gateio,ACT/USDT:USDT,0.04603,1.0,0.04602,30.0,0.04604,186.0,0.04605,209.0
1753600471978,07:14:31.978,gateio,ACT/USDT:USDT,0.04603,1.0,0.04602,30.0,0.04604,186.0,0.04605,209.0
1753600472259,07:14:32.259,gateio,ACT/USDT:USDT,0.04603,1.0,0.04602,30.0,0.04604,186.0,0.04605,209.0
1753600472619,07:14:32.619,gateio,ACT/USDT:USDT,0.04603,1.0,0.04602,18.0,0.04604,186.0,0.04605,209.0
1753600473775,07:14:33.775,gateio,ACT/USDT:USDT,0.04603,1.0,0.04602,18.0,0.04604,1.0,0.04605,197.0
1753600473782,07:14:33.782,gateio,ACT/USDT:USDT,0.04603,1.0,0.04602,18.0,0.04604,1.0,0.04605,197.0
1753600477932,07:14:37.932,gateio,ACT/USDT:USDT,0.04603,1.0,0.04602,18.0,0.04604,1.0,0.04605,197.0
1753600481260,07:14:41.260,gateio,ACT/USDT:USDT,0.04603,1.0,0.04602,18.0,0.04604,197.0,0.04605,197.0
1753600481309,07:14:41.309,gateio,ACT/USDT:USDT,0.04603,1.0,0.04602,18.0,0.04604,197.0,0.04605,197.0
1753600483368,07:14:43.368,gateio,ACT/USDT:USDT,0.04603,1.0,0.04602,18.0,0.04604,209.0,0.04605,197.0
1753600483472,07:14:43.472,gateio,ACT/USDT:USDT,0.04603,1.0,0.04601,18.0,0.04604,209.0,0.04605,242.0
1753600483523,07:14:43.523,gateio,ACT/USDT:USDT,0.04603,1.0,0.046,63.0,0.04604,209.0,0.04605,242.0
1753600485338,07:14:45.338,gateio,ACT/USDT:USDT,0.04603,1.0,0.046,63.0,0.04604,209.0,0.04605,242.0
1753600485436,07:14:45.436,gateio,ACT/USDT:USDT,0.04603,1.0,0.046,63.0,0.04604,209.0,0.04605,242.0
1753600486613,07:14:46.613,gateio,ACT/USDT:USDT,0.04603,1.0,0.046,63.0,0.04604,209.0,0.04605,242.0
1753600493458,07:14:53.458,gateio,ACT/USDT:USDT,0.04603,1.0,0.046,18.0,0.04604,209.0,0.04605,242.0
1753600493973,07:14:53.973,gateio,ACT/USDT:USDT,0.04603,1.0,0.046,18.0,0.04604,209.0,0.04605,242.0
1753600493998,07:14:53.998,gateio,ACT/USDT:USDT,0.04603,1.0,0.046,1712.0,0.04604,209.0,0.04605,242.0
1753600495267,07:14:55.267,gateio,ACT/USDT:USDT,0.04603,1.0,0.046,63.0,0.04604,209.0,0.04605,242.0
1753600495368,07:14:55.368,gateio,ACT/USDT:USDT,0.04603,1.0,0.046,63.0,0.04604,861.0,0.04605,492.0
1753600495461,07:14:55.461,gateio,ACT/USDT:USDT,0.04603,1.0,0.046,63.0,0.04604,1513.0,0.04605,492.0
1753600495563,07:14:55.563,gateio,ACT/USDT:USDT,0.04603,1.0,0.046,63.0,0.04604,1501.0,0.04605,492.0
1753600495652,07:14:55.652,gateio,ACT/USDT:USDT,0.04603,1.0,0.046,249.0,0.04604,197.0,0.04605,492.0
1753600495701,07:14:55.701,gateio,ACT/USDT:USDT,0.04603,1.0,0.046,249.0,0.04604,197.0,0.04605,492.0
1753600496070,07:14:56.070,gateio,ACT/USDT:USDT,0.04603,1.0,0.046,63.0,0.04604,197.0,0.04605,492.0
1753600496130,07:14:56.130,gateio,ACT/USDT:USDT,0.04603,1.0,0.046,18.0,0.04604,197.0,0.04605,492.0
1753600496471,07:14:56.471,gateio,ACT/USDT:USDT,0.046,18.0,0.04599,45.0,0.04601,1080.0,0.04603,436.0
1753600496570,07:14:56.570,gateio,ACT/USDT:USDT,0.04599,11.0,0.04598,185.0,0.04601,243.0,0.04602,1267.0
1753600496587,07:14:56.587,gateio,ACT/USDT:USDT,0.04599,18.0,0.04598,185.0,0.04601,231.0,0.04602,1266.0
1753600496747,07:14:56.747,gateio,ACT/USDT:USDT,0.04599,18.0,0.04598,185.0,0.04601,231.0,0.04602,1266.0
1753600496884,07:14:56.884,gateio,ACT/USDT:USDT,0.04599,18.0,0.04598,185.0,0.04601,231.0,0.04602,1266.0
1753600497017,07:14:57.017,gateio,ACT/USDT:USDT,0.04599,18.0,0.04598,185.0,0.04601,231.0,0.04602,1266.0
1753600497297,07:14:57.297,gateio,ACT/USDT:USDT,0.04599,18.0,0.04597,183.0,0.046,228.0,0.04601,186.0
1753600497439,07:14:57.439,gateio,ACT/USDT:USDT,0.04598,30.0,0.04597,183.0,0.046,183.0,0.04601,231.0
1753600497485,07:14:57.485,gateio,ACT/USDT:USDT,0.04598,23.0,0.04597,183.0,0.046,183.0,0.04601,231.0
1753600497610,07:14:57.610,gateio,ACT/USDT:USDT,0.04598,23.0,0.04597,183.0,0.046,183.0,0.04601,231.0
1753600497715,07:14:57.715,gateio,ACT/USDT:USDT,0.04598,23.0,0.04597,183.0,0.046,183.0,0.04601,231.0
1753600498343,07:14:58.343,gateio,ACT/USDT:USDT,0.04598,23.0,0.04597,183.0,0.04601,231.0,0.04602,1266.0
1753600498459,07:14:58.459,gateio,ACT/USDT:USDT,0.04598,206.0,0.04597,183.0,0.04601,231.0,0.04602,1266.0
1753600498498,07:14:58.498,gateio,ACT/USDT:USDT,0.04598,206.0,0.04597,183.0,0.04601,231.0,0.04602,1266.0
1753600499635,07:14:59.635,gateio,ACT/USDT:USDT,0.04598,206.0,0.04597,183.0,0.04601,231.0,0.04602,1266.0
1753600500443,07:15:00.443,gateio,ACT/USDT:USDT,0.04598,206.0,0.04597,183.0,0.04601,231.0,0.04602,1266.0
1753600500676,07:15:00.676,gateio,ACT/USDT:USDT,0.04598,206.0,0.04597,183.0,0.04601,231.0,0.04602,1266.0
1753600501500,07:15:01.500,gateio,ACT/USDT:USDT,0.04598,206.0,0.04597,183.0,0.04601,231.0,0.04602,1266.0
1753600501763,07:15:01.763,gateio,ACT/USDT:USDT,0.04598,206.0,0.04597,183.0,0.04601,231.0,0.04602,1266.0
1753600502259,07:15:02.259,gateio,ACT/USDT:USDT,0.04598,23.0,0.04597,183.0,0.046,183.0,0.04601,231.0
1753600502368,07:15:02.368,gateio,ACT/USDT:USDT,0.04598,11.0,0.04597,183.0,0.046,183.0,0.04601,231.0
1753600502446,07:15:02.446,gateio,ACT/USDT:USDT,0.04598,18.0,0.04597,183.0,0.046,183.0,0.04601,231.0
1753600502507,07:15:02.507,gateio,ACT/USDT:USDT,0.04598,18.0,0.04597,183.0,0.046,228.0,0.04601,186.0
1753600502662,07:15:02.662,gateio,ACT/USDT:USDT,0.04598,18.0,0.04597,183.0,0.046,228.0,0.04601,186.0
1753600502679,07:15:02.679,gateio,ACT/USDT:USDT,0.04598,18.0,0.04597,183.0,0.046,228.0,0.04601,186.0
1753600502874,07:15:02.874,gateio,ACT/USDT:USDT,0.04598,18.0,0.04596,184.0,0.04599,228.0,0.046,183.0
1753600502959,07:15:02.959,gateio,ACT/USDT:USDT,0.04597,18.0,0.04596,184.0,0.04599,228.0,0.046,183.0
1753600503068,07:15:03.068,gateio,ACT/USDT:USDT,0.04597,18.0,0.04596,11.0,0.04598,183.0,0.04599,228.0
1753600503151,07:15:03.151,gateio,ACT/USDT:USDT,0.04596,11.0,0.04595,185.0,0.04598,183.0,0.04599,228.0
1753600503236,07:15:03.236,gateio,ACT/USDT:USDT,0.04596,18.0,0.04595,185.0,0.04598,228.0,0.04599,183.0
1753600503365,07:15:03.365,gateio,ACT/USDT:USDT,0.04596,29.0,0.04595,185.0,0.04598,183.0,0.04599,228.0
1753600503410,07:15:03.410,gateio,ACT/USDT:USDT,0.04596,22.0,0.04595,185.0,0.04598,183.0,0.04599,228.0
1753600503928,07:15:03.928,gateio,ACT/USDT:USDT,0.04596,22.0,0.04595,185.0,0.04599,228.0,0.04601,186.0
1753600504065,07:15:04.065,gateio,ACT/USDT:USDT,0.04596,22.0,0.04595,185.0,0.04599,228.0,0.04601,186.0
1753600504113,07:15:04.113,gateio,ACT/USDT:USDT,0.04596,22.0,0.04595,185.0,0.04599,228.0,0.04601,186.0
1753600504252,07:15:04.252,gateio,ACT/USDT:USDT,0.04596,22.0,0.04595,185.0,0.04599,228.0,0.04601,186.0
1753600504371,07:15:04.371,gateio,ACT/USDT:USDT,0.04596,22.0,0.04595,185.0,0.04599,228.0,0.04601,186.0
1753600504846,07:15:04.846,gateio,ACT/USDT:USDT,0.04597,205.0,0.04596,11.0,0.046,228.0,0.04601,186.0
1753600504918,07:15:04.918,gateio,ACT/USDT:USDT,0.04598,22.0,0.04597,194.0,0.046,228.0,0.04601,186.0
1753600505074,07:15:05.074,gateio,ACT/USDT:USDT,0.04598,22.0,0.04597,194.0,0.046,183.0,0.04601,231.0
1753600505119,07:15:05.119,gateio,ACT/USDT:USDT,0.04598,22.0,0.04597,183.0,0.046,183.0,0.04601,231.0
1753600505188,07:15:05.188,gateio,ACT/USDT:USDT,0.04598,22.0,0.04597,183.0,0.046,183.0,0.04601,231.0
1753600505279,07:15:05.279,gateio,ACT/USDT:USDT,0.04598,33.0,0.04597,183.0,0.046,183.0,0.04601,231.0
1753600505577,07:15:05.577,gateio,ACT/USDT:USDT,0.04598,33.0,0.04597,183.0,0.046,183.0,0.04601,231.0
1753600505765,07:15:05.765,gateio,ACT/USDT:USDT,0.04598,33.0,0.04597,183.0,0.04601,231.0,0.04602,1266.0
1753600505779,07:15:05.779,gateio,ACT/USDT:USDT,0.04598,33.0,0.04597,183.0,0.04601,231.0,0.04602,1266.0
1753600505923,07:15:05.923,gateio,ACT/USDT:USDT,0.04598,33.0,0.04597,183.0,0.04601,231.0,0.04602,1266.0
1753600506238,07:15:06.238,gateio,ACT/USDT:USDT,0.04598,22.0,0.04597,183.0,0.04601,231.0,0.04602,1266.0
1753600506598,07:15:06.598,gateio,ACT/USDT:USDT,0.04598,22.0,0.04597,183.0,0.04601,231.0,0.04602,1266.0
1753600506758,07:15:06.758,gateio,ACT/USDT:USDT,0.04598,22.0,0.04597,183.0,0.04601,231.0,0.04602,1266.0
1753600506861,07:15:06.861,gateio,ACT/USDT:USDT,0.04598,22.0,0.04597,228.0,0.04601,186.0,0.04602,1311.0
1753600507069,07:15:07.069,gateio,ACT/USDT:USDT,0.04598,22.0,0.04597,228.0,0.04601,186.0,0.04602,1311.0
1753600508458,07:15:08.458,gateio,ACT/USDT:USDT,0.04598,11.0,0.04597,228.0,0.04601,186.0,0.04602,1311.0
1753600508484,07:15:08.484,gateio,ACT/USDT:USDT,0.04598,29.0,0.04597,228.0,0.04601,186.0,0.04602,1311.0
1753600508582,07:15:08.582,gateio,ACT/USDT:USDT,0.04598,22.0,0.04597,228.0,0.04601,186.0,0.04602,1311.0
1753600508714,07:15:08.714,gateio,ACT/USDT:USDT,0.04598,217.0,0.04597,228.0,0.04601,186.0,0.04602,1311.0
1753600509073,07:15:09.073,gateio,ACT/USDT:USDT,0.04598,11.0,0.04597,183.0,0.046,184.0,0.04601,242.0
1753600509084,07:15:09.084,gateio,ACT/USDT:USDT,0.04598,18.0,0.04597,183.0,0.046,184.0,0.04601,242.0
1753600509752,07:15:09.752,gateio,ACT/USDT:USDT,0.04598,18.0,0.04596,479.0,0.046,184.0,0.04601,242.0
1753600509838,07:15:09.838,gateio,ACT/USDT:USDT,0.04597,18.0,0.04596,479.0,0.04599,184.0,0.046,184.0
1753600509893,07:15:09.893,gateio,ACT/USDT:USDT,0.04597,18.0,0.04596,434.0,0.04599,184.0,0.046,229.0
1753600509995,07:15:09.995,gateio,ACT/USDT:USDT,0.04597,18.0,0.04596,434.0,0.04599,184.0,0.046,229.0
1753600510097,07:15:10.097,gateio,ACT/USDT:USDT,0.04597,18.0,0.04596,434.0,0.04599,184.0,0.046,229.0
1753600510418,07:15:10.418,gateio,ACT/USDT:USDT,0.04597,18.0,0.04596,434.0,0.04599,184.0,0.046,229.0
1753600511375,07:15:11.375,gateio,ACT/USDT:USDT,0.04597,18.0,0.04596,434.0,0.04598,184.0,0.04599,195.0
1753600511473,07:15:11.473,gateio,ACT/USDT:USDT,0.04597,18.0,0.04596,261.0,0.04598,184.0,0.04599,184.0
1753600511559,07:15:11.559,gateio,ACT/USDT:USDT,0.04597,18.0,0.04596,261.0,0.04599,184.0,0.046,229.0
1753600511671,07:15:11.671,gateio,ACT/USDT:USDT,0.04597,202.0,0.04596,445.0,0.046,229.0,0.04601,186.0
1753600511758,07:15:11.758,gateio,ACT/USDT:USDT,0.04597,18.0,0.04596,479.0,0.04599,184.0,0.046,195.0
1753600511871,07:15:11.871,gateio,ACT/USDT:USDT,0.04597,18.0,0.04596,434.0,0.04599,184.0,0.046,240.0
1753600511878,07:15:11.878,gateio,ACT/USDT:USDT,0.04597,18.0,0.04596,434.0,0.04599,184.0,0.046,240.0
1753600514627,07:15:14.627,gateio,ACT/USDT:USDT,0.04597,29.0,0.04596,479.0,0.04599,184.0,0.046,195.0
1753600514685,07:15:14.685,gateio,ACT/USDT:USDT,0.04597,11.0,0.04596,434.0,0.04599,184.0,0.046,240.0
1753600514783,07:15:14.783,gateio,ACT/USDT:USDT,0.04597,18.0,0.04596,434.0,0.04599,184.0,0.046,240.0
1753600515574,07:15:15.574,gateio,ACT/USDT:USDT,0.04597,18.0,0.04596,434.0,0.04599,184.0,0.046,240.0
1753600515661,07:15:15.661,gateio,ACT/USDT:USDT,0.04597,18.0,0.04596,434.0,0.04599,184.0,0.046,240.0
1753600515793,07:15:15.793,gateio,ACT/USDT:USDT,0.04597,18.0,0.04596,434.0,0.04599,184.0,0.046,240.0
1753600516871,07:15:16.871,gateio,ACT/USDT:USDT,0.04597,18.0,0.04596,434.0,0.04599,184.0,0.046,240.0
1753600516878,07:15:16.878,gateio,ACT/USDT:USDT,0.04597,18.0,0.04596,434.0,0.04599,184.0,0.046,240.0
1753600517158,07:15:17.158,gateio,ACT/USDT:USDT,0.04597,18.0,0.04596,434.0,0.04599,184.0,0.046,240.0
1753600519226,07:15:19.226,gateio,ACT/USDT:USDT,0.04597,18.0,0.04596,434.0,0.04599,195.0,0.046,229.0
1753600519663,07:15:19.663,gateio,ACT/USDT:USDT,0.04597,29.0,0.04596,434.0,0.04599,184.0,0.046,229.0
1753600519683,07:15:19.683,gateio,ACT/USDT:USDT,0.04597,11.0,0.04596,434.0,0.04599,184.0,0.046,229.0
1753600519783,07:15:19.783,gateio,ACT/USDT:USDT,0.04597,18.0,0.04596,434.0,0.04599,184.0,0.046,229.0
1753600520057,07:15:20.057,gateio,ACT/USDT:USDT,0.04597,18.0,0.04596,434.0,0.04599,195.0,0.046,229.0
1753600522764,07:15:22.764,gateio,ACT/USDT:USDT,0.04597,18.0,0.04596,434.0,0.04599,184.0,0.046,229.0
1753600525873,07:15:25.873,gateio,ACT/USDT:USDT,0.04597,18.0,0.04595,230.0,0.04598,181.0,0.04599,206.0
1753600525959,07:15:25.959,gateio,ACT/USDT:USDT,0.04596,18.0,0.04595,45.0,0.04597,192.0,0.04598,192.0
1753600526070,07:15:26.070,gateio,ACT/USDT:USDT,0.04595,11.0,0.04594,185.0,0.04597,192.0,0.04598,181.0
1753600526161,07:15:26.161,gateio,ACT/USDT:USDT,0.04595,18.0,0.04594,230.0,0.04597,192.0,0.04598,192.0
1753600526249,07:15:26.249,gateio,ACT/USDT:USDT,0.04595,18.0,0.04594,185.0,0.04597,203.0,0.04598,1261.0
1753600526336,07:15:26.336,gateio,ACT/USDT:USDT,0.04595,18.0,0.04594,185.0,0.04597,203.0,0.04598,1261.0
1753600526559,07:15:26.559,gateio,ACT/USDT:USDT,0.04595,18.0,0.04594,1.0,0.04596,192.0,0.04597,203.0
1753600526675,07:15:26.675,gateio,ACT/USDT:USDT,0.04594,1.0,0.04593,233.0,0.04596,181.0,0.04597,203.0
1753600526757,07:15:26.757,gateio,ACT/USDT:USDT,0.04594,12.0,0.04593,233.0,0.04596,181.0,0.04597,203.0
1753600526849,07:15:26.849,gateio,ACT/USDT:USDT,0.04594,12.0,0.04593,233.0,0.04596,181.0,0.04597,203.0
1753600526888,07:15:26.888,gateio,ACT/USDT:USDT,0.04594,12.0,0.04593,188.0,0.04596,181.0,0.04597,203.0
1753600527178,07:15:27.178,gateio,ACT/USDT:USDT,0.04594,12.0,0.04593,188.0,0.04596,181.0,0.04597,203.0
1753600527368,07:15:27.368,gateio,ACT/USDT:USDT,0.04594,12.0,0.04593,188.0,0.04596,192.0,0.04597,181.0
1753600527574,07:15:27.574,gateio,ACT/USDT:USDT,0.04594,12.0,0.04593,188.0,0.04597,181.0,0.04598,1306.0
1753600527605,07:15:27.605,gateio,ACT/USDT:USDT,0.04594,12.0,0.04593,233.0,0.04597,203.0,0.04598,1306.0
1753600527951,07:15:27.951,gateio,ACT/USDT:USDT,0.04594,12.0,0.04593,233.0,0.04597,203.0,0.04598,1306.0
1753600528318,07:15:28.318,gateio,ACT/USDT:USDT,0.04594,217.0,0.04593,233.0,0.04597,181.0,0.04598,1306.0
1753600528548,07:15:28.548,gateio,ACT/USDT:USDT,0.04594,206.0,0.04593,233.0,0.04597,181.0,0.04598,1306.0
1753600528941,07:15:28.941,gateio,ACT/USDT:USDT,0.04594,206.0,0.04593,233.0,0.04597,181.0,0.04598,1306.0
1753600529030,07:15:29.030,gateio,ACT/USDT:USDT,0.04594,195.0,0.04593,233.0,0.04597,192.0,0.04598,1306.0
1753600530967,07:15:30.967,gateio,ACT/USDT:USDT,0.04594,195.0,0.04593,233.0,0.04597,192.0,0.04598,1306.0
1753600531638,07:15:31.638,gateio,ACT/USDT:USDT,0.04594,195.0,0.04593,233.0,0.04597,181.0,0.04598,1306.0
1753600535319,07:15:35.319,gateio,ACT/USDT:USDT,0.04594,12.0,0.04593,233.0,0.04597,181.0,0.04598,1306.0
1753600535462,07:15:35.462,gateio,ACT/USDT:USDT,0.04594,12.0,0.04593,233.0,0.04596,183.0,0.04597,192.0
1753600535486,07:15:35.486,gateio,ACT/USDT:USDT,0.04594,12.0,0.04593,188.0,0.04596,194.0,0.04597,237.0
1753600536625,07:15:36.625,gateio,ACT/USDT:USDT,0.04594,12.0,0.04593,188.0,0.04596,205.0,0.04597,226.0
1753600536861,07:15:36.861,gateio,ACT/USDT:USDT,0.04594,12.0,0.04592,295.0,0.04595,187.0,0.04596,205.0
1753600536956,07:15:36.956,gateio,ACT/USDT:USDT,0.04594,1.0,0.04593,18.0,0.04595,209.0,0.04596,205.0
1753600537075,07:15:37.075,gateio,ACT/USDT:USDT,0.04594,1.0,0.04593,18.0,0.04595,198.0,0.04596,205.0
1753600537077,07:15:37.077,gateio,ACT/USDT:USDT,0.04594,1.0,0.04593,18.0,0.04595,198.0,0.04596,205.0
1753600537271,07:15:37.271,gateio,ACT/USDT:USDT,0.04594,1.0,0.04593,18.0,0.04595,198.0,0.04596,205.0
1753600537758,07:15:37.758,gateio,ACT/USDT:USDT,0.04594,1.0,0.04593,18.0,0.04595,209.0,0.04596,250.0
1753600541116,07:15:41.116,gateio,ACT/USDT:USDT,0.04594,1.0,0.04593,18.0,0.04595,209.0,0.04596,250.0
1753600541516,07:15:41.516,gateio,ACT/USDT:USDT,0.04594,1.0,0.04593,18.0,0.04595,209.0,0.04596,250.0
1753600541618,07:15:41.618,gateio,ACT/USDT:USDT,0.04594,1.0,0.04593,18.0,0.04595,209.0,0.04596,250.0
1753600541683,07:15:41.683,gateio,ACT/USDT:USDT,0.04594,1.0,0.04593,18.0,0.04595,209.0,0.04596,250.0
1753600541904,07:15:41.904,gateio,ACT/USDT:USDT,0.04594,1.0,0.04593,18.0,0.04595,187.0,0.04596,250.0
1753600541979,07:15:41.979,gateio,ACT/USDT:USDT,0.04594,1.0,0.04593,18.0,0.04595,198.0,0.04596,250.0
1753600543163,07:15:43.163,gateio,ACT/USDT:USDT,0.04594,1.0,0.04593,18.0,0.04595,209.0,0.04596,250.0
1753600544122,07:15:44.122,gateio,ACT/USDT:USDT,0.04594,1.0,0.04593,18.0,0.04595,187.0,0.04596,239.0
1753600545119,07:15:45.119,gateio,ACT/USDT:USDT,0.04594,1.0,0.04593,18.0,0.04595,209.0,0.04596,239.0
1753600546118,07:15:46.118,gateio,ACT/USDT:USDT,0.04594,1.0,0.04593,18.0,0.04595,209.0,0.04596,239.0
1753600548643,07:15:48.643,gateio,ACT/USDT:USDT,0.04594,1.0,0.04593,18.0,0.04595,11.0,0.04596,239.0
1753600549354,07:15:49.354,gateio,ACT/USDT:USDT,0.04594,1.0,0.04593,18.0,0.04596,205.0,0.04597,226.0
1753600549384,07:15:49.384,gateio,ACT/USDT:USDT,0.04594,1.0,0.04593,11.0,0.04596,205.0,0.04597,226.0
1753600549650,07:15:49.650,gateio,ACT/USDT:USDT,0.04594,1.0,0.04593,11.0,0.04596,205.0,0.04597,226.0
1753600550695,07:15:50.695,gateio,ACT/USDT:USDT,0.04594,1.0,0.04593,11.0,0.04596,205.0,0.04597,226.0
1753600553073,07:15:53.073,gateio,ACT/USDT:USDT,0.04594,196.0,0.04593,11.0,0.04597,226.0,0.04598,1261.0
1753600553126,07:15:53.126,gateio,ACT/USDT:USDT,0.04595,11.0,0.04594,185.0,0.04597,181.0,0.04598,1306.0
1753600553187,07:15:53.187,gateio,ACT/USDT:USDT,0.04595,18.0,0.04594,185.0,0.04597,192.0,0.04598,1306.0
1753600554746,07:15:54.746,gateio,ACT/USDT:USDT,0.04595,18.0,0.04594,1.0,0.04597,237.0,0.04598,1261.0
1753600554782,07:15:54.782,gateio,ACT/USDT:USDT,0.04595,7.0,0.04594,1.0,0.04597,237.0,0.04598,1261.0
1753600554929,07:15:54.929,gateio,ACT/USDT:USDT,0.04595,7.0,0.04594,1.0,0.04597,237.0,0.04598,1261.0
1753600557775,07:15:57.775,gateio,ACT/USDT:USDT,0.04595,7.0,0.04594,1.0,0.04597,237.0,0.04598,1261.0
1753600558518,07:15:58.518,gateio,ACT/USDT:USDT,0.04595,7.0,0.04594,1.0,0.04597,237.0,0.04598,1261.0
1753600558972,07:15:58.972,gateio,ACT/USDT:USDT,0.04595,7.0,0.04594,1.0,0.04597,45.0,0.04598,1261.0
1753600559032,07:15:59.032,gateio,ACT/USDT:USDT,0.04595,18.0,0.04594,1.0,0.04598,1306.0,0.04599,184.0
1753600559124,07:15:59.124,gateio,ACT/USDT:USDT,0.04594,182.0,0.04593,56.0,0.04598,1306.0,0.04599,184.0
1753600559215,07:15:59.215,gateio,ACT/USDT:USDT,0.04595,40.0,0.04594,227.0,0.04597,1.0,0.04598,1261.0
1753600559330,07:15:59.330,gateio,ACT/USDT:USDT,0.04595,11.0,0.04594,227.0,0.04597,182.0,0.04598,1261.0
1753600559387,07:15:59.387,gateio,ACT/USDT:USDT,0.04595,18.0,0.04594,182.0,0.04597,181.0,0.04598,1306.0
1753600559672,07:15:59.672,gateio,ACT/USDT:USDT,0.04595,18.0,0.04594,182.0,0.04597,181.0,0.04598,1306.0
1753600563498,07:16:03.498,gateio,ACT/USDT:USDT,0.04595,18.0,0.04594,182.0,0.04597,181.0,0.04598,1306.0
1753600563891,07:16:03.891,gateio,ACT/USDT:USDT,0.04595,18.0,0.04594,182.0,0.04597,181.0,0.04598,1306.0
1753600564483,07:16:04.483,gateio,ACT/USDT:USDT,0.04595,18.0,0.04594,182.0,0.04597,181.0,0.04598,1306.0
1753600564739,07:16:04.739,gateio,ACT/USDT:USDT,0.04595,18.0,0.04594,1.0,0.04597,226.0,0.04598,1261.0
1753600564788,07:16:04.788,gateio,ACT/USDT:USDT,0.04595,7.0,0.04594,1.0,0.04597,226.0,0.04598,1261.0
1753600565145,07:16:05.145,gateio,ACT/USDT:USDT,0.04595,7.0,0.04594,1.0,0.04597,226.0,0.04598,1261.0
1753600565839,07:16:05.839,gateio,ACT/USDT:USDT,0.04595,7.0,0.04594,1.0,0.04597,226.0,0.04598,1261.0
1753600566475,07:16:06.475,gateio,ACT/USDT:USDT,0.04595,7.0,0.04594,1.0,0.04596,181.0,0.04597,237.0
1753600566482,07:16:06.482,gateio,ACT/USDT:USDT,0.04594,1.0,0.04593,11.0,0.04596,181.0,0.04597,237.0
1753600566601,07:16:06.601,gateio,ACT/USDT:USDT,0.04594,12.0,0.04593,11.0,0.04596,181.0,0.04597,226.0
1753600566859,07:16:06.859,gateio,ACT/USDT:USDT,0.04594,12.0,0.04593,11.0,0.04596,181.0,0.04597,226.0
1753600566937,07:16:06.937,gateio,ACT/USDT:USDT,0.04594,12.0,0.04593,11.0,0.04596,181.0,0.04597,226.0
1753600567431,07:16:07.431,gateio,ACT/USDT:USDT,0.04594,12.0,0.04593,11.0,0.04596,181.0,0.04597,226.0
1753600567659,07:16:07.659,gateio,ACT/USDT:USDT,0.04594,1.0,0.04593,11.0,0.04596,181.0,0.04597,226.0
1753600569275,07:16:09.275,gateio,ACT/USDT:USDT,0.04594,1.0,0.04593,11.0,0.04596,181.0,0.04597,226.0
1753600569298,07:16:09.298,gateio,ACT/USDT:USDT,0.04594,1.0,0.04593,11.0,0.04596,181.0,0.04597,226.0
1753600571242,07:16:11.242,gateio,ACT/USDT:USDT,0.04594,12.0,0.04593,11.0,0.04596,181.0,0.04597,226.0
1753600572677,07:16:12.677,gateio,ACT/USDT:USDT,0.04594,1.0,0.04593,11.0,0.04596,181.0,0.04597,226.0
1753600573673,07:16:13.673,gateio,ACT/USDT:USDT,0.04594,1.0,0.04593,11.0,0.04597,226.0,0.04598,1261.0
1753600573741,07:16:13.741,gateio,ACT/USDT:USDT,0.04594,210.0,0.04593,56.0,0.04597,181.0,0.04598,1306.0
1753600573849,07:16:13.849,gateio,ACT/USDT:USDT,0.04595,11.0,0.04594,188.0,0.04598,1317.0,0.04599,184.0
1753600573915,07:16:13.915,gateio,ACT/USDT:USDT,0.04595,18.0,0.04594,233.0,0.04598,1272.0,0.04599,229.0
1753600578092,07:16:18.092,gateio,ACT/USDT:USDT,0.04595,18.0,0.04594,233.0,0.04598,1283.0,0.04599,229.0
1753600580863,07:16:20.863,gateio,ACT/USDT:USDT,0.04595,18.0,0.04594,233.0,0.04598,1283.0,0.04599,229.0
1753600580878,07:16:20.878,gateio,ACT/USDT:USDT,0.04595,18.0,0.04594,233.0,0.04598,1283.0,0.04599,229.0
1753600581905,07:16:21.905,gateio,ACT/USDT:USDT,0.04595,18.0,0.04594,233.0,0.04598,1283.0,0.04599,229.0
1753600585016,07:16:25.016,gateio,ACT/USDT:USDT,0.04595,18.0,0.04594,233.0,0.04598,1283.0,0.04599,229.0
1753600585533,07:16:25.533,gateio,ACT/USDT:USDT,0.04595,18.0,0.04594,233.0,0.04598,1283.0,0.04599,229.0
1753600586657,07:16:26.657,gateio,ACT/USDT:USDT,0.04595,18.0,0.04594,233.0,0.04598,1283.0,0.04599,229.0
1753600586679,07:16:26.679,gateio,ACT/USDT:USDT,0.04595,18.0,0.04594,233.0,0.04598,1283.0,0.04599,229.0
1753600594259,07:16:34.259,gateio,ACT/USDT:USDT,0.04595,18.0,0.04594,1.0,0.04597,11.0,0.04598,1317.0
1753600594358,07:16:34.358,gateio,ACT/USDT:USDT,0.04595,7.0,0.04594,1.0,0.04597,245.0,0.04598,1272.0
1753600594434,07:16:34.434,gateio,ACT/USDT:USDT,0.04595,7.0,0.04594,1.0,0.04597,234.0,0.04598,1261.0
1753600596062,07:16:36.062,gateio,ACT/USDT:USDT,0.04595,7.0,0.04594,1.0,0.04597,256.0,0.04598,1261.0
1753600596079,07:16:36.079,gateio,ACT/USDT:USDT,0.04595,7.0,0.04594,1.0,0.04597,256.0,0.04598,1261.0
1753600596444,07:16:36.444,gateio,ACT/USDT:USDT,0.04595,7.0,0.04594,1.0,0.04596,189.0,0.04597,256.0
1753600596484,07:16:36.484,gateio,ACT/USDT:USDT,0.04594,1.0,0.04593,11.0,0.04596,189.0,0.04597,245.0
1753600596808,07:16:36.808,gateio,ACT/USDT:USDT,0.04594,1.0,0.04593,11.0,0.04596,200.0,0.04597,234.0
1753600596926,07:16:36.926,gateio,ACT/USDT:USDT,0.04594,1.0,0.04593,11.0,0.04596,200.0,0.04597,234.0
1753600597130,07:16:37.130,gateio,ACT/USDT:USDT,0.04594,1.0,0.04593,11.0,0.04596,189.0,0.04597,234.0
1753600598779,07:16:38.779,gateio,ACT/USDT:USDT,0.04594,1.0,0.04593,11.0,0.04596,189.0,0.04597,234.0
1753600599364,07:16:39.364,gateio,ACT/USDT:USDT,0.04594,1.0,0.04593,11.0,0.04596,200.0,0.04597,234.0
1753600600348,07:16:40.348,gateio,ACT/USDT:USDT,0.04594,1.0,0.04593,11.0,0.04596,189.0,0.04597,234.0
1753600600580,07:16:40.580,gateio,ACT/USDT:USDT,0.04594,1.0,0.04593,11.0,0.04596,189.0,0.04597,234.0
1753600600752,07:16:40.752,gateio,ACT/USDT:USDT,0.04594,1.0,0.04593,11.0,0.04597,234.0,0.04598,1261.0
1753600601056,07:16:41.056,gateio,ACT/USDT:USDT,0.04594,1.0,0.04593,11.0,0.04597,256.0,0.04598,1261.0
1753600607532,07:16:47.532,gateio,ACT/USDT:USDT,0.04594,1.0,0.04593,11.0,0.04597,256.0,0.04598,1261.0
1753600609827,07:16:49.827,gateio,ACT/USDT:USDT,0.04594,1.0,0.04593,11.0,0.04597,256.0,0.04598,1261.0
1753600622475,07:17:02.475,gateio,ACT/USDT:USDT,0.04594,1.0,0.04593,11.0,0.04597,234.0,0.04598,1261.0
1753600622535,07:17:02.535,gateio,ACT/USDT:USDT,0.04594,1.0,0.04593,11.0,0.04597,256.0,0.04598,1261.0
1753600622738,07:17:02.738,gateio,ACT/USDT:USDT,0.04594,1.0,0.04593,11.0,0.04597,256.0,0.04598,1832.0
1753600623139,07:17:03.139,gateio,ACT/USDT:USDT,0.04594,12.0,0.04593,56.0,0.04597,200.0,0.04598,1877.0
1753600624167,07:17:04.167,gateio,ACT/USDT:USDT,0.04594,23.0,0.04593,56.0,0.04597,189.0,0.04598,1877.0
1753600626658,07:17:06.658,gateio,ACT/USDT:USDT,0.04594,1.0,0.04593,11.0,0.04597,256.0,0.04598,1832.0
1753600626957,07:17:06.957,gateio,ACT/USDT:USDT,0.04594,1.0,0.04593,11.0,0.04597,256.0,0.04598,1832.0
1753600626981,07:17:06.981,gateio,ACT/USDT:USDT,0.04594,1.0,0.04593,11.0,0.04597,256.0,0.04598,1832.0
1753600627475,07:17:07.475,gateio,ACT/USDT:USDT,0.04594,12.0,0.04593,11.0,0.04597,256.0,0.04598,1832.0
1753600627498,07:17:07.498,gateio,ACT/USDT:USDT,0.04594,12.0,0.04593,56.0,0.04597,211.0,0.04598,1877.0
1753600628156,07:17:08.156,gateio,ACT/USDT:USDT,0.04594,1.0,0.04593,56.0,0.04596,183.0,0.04597,200.0
1753600628179,07:17:08.179,gateio,ACT/USDT:USDT,0.04594,1.0,0.04593,11.0,0.04596,183.0,0.04597,245.0
1753600628473,07:17:08.473,gateio,ACT/USDT:USDT,0.04594,1.0,0.04593,11.0,0.04596,205.0,0.04597,234.0
1753600628968,07:17:08.968,gateio,ACT/USDT:USDT,0.04594,1.0,0.04593,11.0,0.04596,205.0,0.04597,234.0
1753600629199,07:17:09.199,gateio,ACT/USDT:USDT,0.04594,1.0,0.04593,11.0,0.04596,250.0,0.04597,189.0
1753600629282,07:17:09.282,gateio,ACT/USDT:USDT,0.04594,1.0,0.04592,11.0,0.04596,250.0,0.04597,189.0
1753600629575,07:17:09.575,gateio,ACT/USDT:USDT,0.04594,1.0,0.04592,11.0,0.04595,183.0,0.04596,250.0
1753600629661,07:17:09.661,gateio,ACT/USDT:USDT,0.04594,1.0,0.04592,18.0,0.04595,205.0,0.04596,250.0
1753600629679,07:17:09.679,gateio,ACT/USDT:USDT,0.04594,1.0,0.04592,18.0,0.04595,205.0,0.04596,250.0
1753600630077,07:17:10.077,gateio,ACT/USDT:USDT,0.04594,1.0,0.04592,18.0,0.04595,205.0,0.04596,250.0
1753600634006,07:17:14.006,gateio,ACT/USDT:USDT,0.04594,1.0,0.04592,18.0,0.04595,205.0,0.04596,250.0
1753600634113,07:17:14.113,gateio,ACT/USDT:USDT,0.04594,1.0,0.04592,18.0,0.04595,205.0,0.04596,250.0
1753600638665,07:17:18.665,gateio,ACT/USDT:USDT,0.04594,1.0,0.04592,18.0,0.04596,250.0,0.04597,189.0
1753600638682,07:17:18.682,gateio,ACT/USDT:USDT,0.04594,1.0,0.04592,11.0,0.04596,250.0,0.04597,189.0
1753600638999,07:17:18.999,gateio,ACT/USDT:USDT,0.04594,1.0,0.04592,11.0,0.04596,250.0,0.04597,189.0
1753600642861,07:17:22.861,gateio,ACT/USDT:USDT,0.04594,1.0,0.04592,11.0,0.04596,239.0,0.04597,189.0
1753600642964,07:17:22.964,gateio,ACT/USDT:USDT,0.04594,1.0,0.04592,11.0,0.04596,228.0,0.04597,189.0
1753600643055,07:17:23.055,gateio,ACT/USDT:USDT,0.04594,1.0,0.04592,11.0,0.04596,45.0,0.04597,189.0
1753600643175,07:17:23.175,gateio,ACT/USDT:USDT,0.04594,1.0,0.04592,239.0,0.04597,245.0,0.04598,1261.0
1753600643198,07:17:23.198,gateio,ACT/USDT:USDT,0.04594,1.0,0.04592,239.0,0.04597,245.0,0.04598,1261.0
1753600643362,07:17:23.362,gateio,ACT/USDT:USDT,0.04594,12.0,0.04592,239.0,0.04597,234.0,0.04598,1261.0
1753600643748,07:17:23.748,gateio,ACT/USDT:USDT,0.04594,1.0,0.04592,239.0,0.04597,234.0,0.04598,1261.0
1753600643859,07:17:23.859,gateio,ACT/USDT:USDT,0.04594,12.0,0.04592,239.0,0.04597,234.0,0.04598,1261.0
1753600645115,07:17:25.115,gateio,ACT/USDT:USDT,0.04594,1.0,0.04592,239.0,0.04597,234.0,0.04598,1261.0
1753600645575,07:17:25.575,gateio,ACT/USDT:USDT,0.04594,1.0,0.04592,239.0,0.04597,245.0,0.04598,1261.0
1753600645625,07:17:25.625,gateio,ACT/USDT:USDT,0.04594,1.0,0.04592,239.0,0.04597,245.0,0.04598,1261.0
1753600645896,07:17:25.896,gateio,ACT/USDT:USDT,0.04594,1.0,0.04592,239.0,0.04597,245.0,0.04598,1261.0
1753600646618,07:17:26.618,gateio,ACT/USDT:USDT,0.04594,1.0,0.04592,239.0,0.04597,245.0,0.04598,1261.0
1753600647620,07:17:27.620,gateio,ACT/USDT:USDT,0.04594,1.0,0.04592,239.0,0.04597,256.0,0.04598,1261.0
1753600651193,07:17:31.193,gateio,ACT/USDT:USDT,0.04594,1.0,0.04592,239.0,0.04597,256.0,0.04598,1261.0
1753600652009,07:17:32.009,gateio,ACT/USDT:USDT,0.04594,1.0,0.04592,239.0,0.04597,245.0,0.04598,1261.0
1753600652979,07:17:32.979,gateio,ACT/USDT:USDT,0.04594,1.0,0.04592,239.0,0.04597,245.0,0.04598,1261.0
1753600653180,07:17:33.180,gateio,ACT/USDT:USDT,0.04594,1.0,0.04592,239.0,0.04597,234.0,0.04598,1261.0
1753600654062,07:17:34.062,gateio,ACT/USDT:USDT,0.04594,254.0,0.04592,194.0,0.04598,1261.0,0.04599,229.0
1753600654158,07:17:34.158,gateio,ACT/USDT:USDT,0.04595,29.0,0.04594,243.0,0.04597,1.0,0.04598,1080.0
1753600654240,07:17:34.240,gateio,ACT/USDT:USDT,0.04595,11.0,0.04594,243.0,0.04597,1.0,0.04598,1080.0
1753600654283,07:17:34.283,gateio,ACT/USDT:USDT,0.04595,18.0,0.04594,243.0,0.04597,1.0,0.04598,1080.0
1753600654469,07:17:34.469,gateio,ACT/USDT:USDT,0.04595,18.0,0.04594,243.0,0.04597,1.0,0.04598,1080.0
1753600654856,07:17:34.856,gateio,ACT/USDT:USDT,0.04595,18.0,0.04594,243.0,0.04597,1.0,0.04598,1080.0
1753600657169,07:17:37.169,gateio,ACT/USDT:USDT,0.04595,214.0,0.04594,232.0,0.04597,1.0,0.04598,1080.0
1753600657272,07:17:37.272,gateio,ACT/USDT:USDT,0.04595,252.0,0.04594,187.0,0.04597,1.0,0.04599,184.0
1753600657330,07:17:37.330,gateio,ACT/USDT:USDT,0.04595,252.0,0.04594,187.0,0.04598,1.0,0.04599,184.0
1753600657430,07:17:37.430,gateio,ACT/USDT:USDT,0.04596,11.0,0.04595,252.0,0.04598,1.0,0.046,229.0
1753600657556,07:17:37.556,gateio,ACT/USDT:USDT,0.04596,85.0,0.04595,185.0,0.04599,1.0,0.046,184.0
1753600657582,07:17:37.582,gateio,ACT/USDT:USDT,0.04596,78.0,0.04595,185.0,0.04599,1.0,0.046,184.0
1753600657709,07:17:37.709,gateio,ACT/USDT:USDT,0.04596,78.0,0.04595,185.0,0.04599,1.0,0.046,184.0
1753600658129,07:17:38.129,gateio,ACT/USDT:USDT,0.04596,78.0,0.04595,185.0,0.04599,1.0,0.046,184.0
1753600659087,07:17:39.087,gateio,ACT/USDT:USDT,0.04596,67.0,0.04595,185.0,0.04599,1.0,0.046,184.0
1753600659444,07:17:39.444,gateio,ACT/USDT:USDT,0.04596,78.0,0.04595,185.0,0.04599,1.0,0.04601,725.0
1753600659547,07:17:39.547,gateio,ACT/USDT:USDT,0.04596,78.0,0.04595,185.0,0.04599,1.0,0.04601,725.0
1753600659774,07:17:39.774,gateio,ACT/USDT:USDT,0.04597,185.0,0.04596,263.0,0.04599,1.0,0.04601,186.0
1753600659847,07:17:39.847,gateio,ACT/USDT:USDT,0.04598,56.0,0.04597,207.0,0.046,1.0,0.04601,186.0
1753600659959,07:17:39.959,gateio,ACT/USDT:USDT,0.04598,11.0,0.04597,252.0,0.046,1.0,0.04601,186.0
1753600659982,07:17:39.982,gateio,ACT/USDT:USDT,0.04598,18.0,0.04597,252.0,0.046,1.0,0.04601,186.0
1753600660237,07:17:40.237,gateio,ACT/USDT:USDT,0.04598,18.0,0.04597,252.0,0.046,1.0,0.04601,186.0
1753600660366,07:17:40.366,gateio,ACT/USDT:USDT,0.04598,18.0,0.04597,207.0,0.046,1.0,0.04601,231.0
1753600660653,07:17:40.653,gateio,ACT/USDT:USDT,0.04598,18.0,0.04597,207.0,0.046,1.0,0.04601,231.0
1753600661155,07:17:41.155,gateio,ACT/USDT:USDT,0.04598,40.0,0.04597,196.0,0.046,1.0,0.04601,231.0
1753600661227,07:17:41.227,gateio,ACT/USDT:USDT,0.04598,33.0,0.04597,196.0,0.046,1.0,0.04601,231.0
1753600663044,07:17:43.044,gateio,ACT/USDT:USDT,0.04598,11.0,0.04597,196.0,0.046,1.0,0.04601,231.0
1753600663086,07:17:43.086,gateio,ACT/USDT:USDT,0.04598,29.0,0.04597,196.0,0.046,1.0,0.04601,231.0
1753600663185,07:17:43.185,gateio,ACT/USDT:USDT,0.04598,11.0,0.04597,196.0,0.046,1.0,0.04601,231.0
1753600663285,07:17:43.285,gateio,ACT/USDT:USDT,0.04598,29.0,0.04597,196.0,0.046,1.0,0.04601,231.0
1753600663385,07:17:43.385,gateio,ACT/USDT:USDT,0.04598,11.0,0.04597,196.0,0.046,1.0,0.04601,231.0
1753600663482,07:17:43.482,gateio,ACT/USDT:USDT,0.04598,18.0,0.04597,196.0,0.046,1.0,0.04601,231.0
1753600664258,07:17:44.258,gateio,ACT/USDT:USDT,0.04598,29.0,0.04597,185.0,0.046,1.0,0.04601,231.0
1753600664284,07:17:44.284,gateio,ACT/USDT:USDT,0.04598,22.0,0.04597,185.0,0.046,1.0,0.04601,231.0
1753600664858,07:17:44.858,gateio,ACT/USDT:USDT,0.04598,11.0,0.04597,185.0,0.046,1.0,0.04601,231.0
1753600664882,07:17:44.882,gateio,ACT/USDT:USDT,0.04598,18.0,0.04597,185.0,0.046,1.0,0.04601,231.0
1753600665359,07:17:45.359,gateio,ACT/USDT:USDT,0.04598,40.0,0.04597,185.0,0.046,1.0,0.04601,231.0
1753600665386,07:17:45.386,gateio,ACT/USDT:USDT,0.04598,33.0,0.04597,185.0,0.046,1.0,0.04601,231.0
1753600666493,07:17:46.493,gateio,ACT/USDT:USDT,0.04598,11.0,0.04597,185.0,0.046,1.0,0.04601,231.0
1753600666582,07:17:46.582,gateio,ACT/USDT:USDT,0.04598,18.0,0.04597,185.0,0.046,1.0,0.04601,231.0
1753600670658,07:17:50.658,gateio,ACT/USDT:USDT,0.04598,18.0,0.04597,185.0,0.046,1.0,0.04601,231.0
1753600670678,07:17:50.678,gateio,ACT/USDT:USDT,0.04598,18.0,0.04597,185.0,0.046,1.0,0.04601,231.0
1753600671121,07:17:51.121,gateio,ACT/USDT:USDT,0.04598,18.0,0.04597,185.0,0.046,1.0,0.04601,231.0
1753600671217,07:17:51.217,gateio,ACT/USDT:USDT,0.04598,18.0,0.04597,185.0,0.046,1.0,0.04601,231.0
1753600673698,07:17:53.698,gateio,ACT/USDT:USDT,0.04598,18.0,0.04597,185.0,0.046,1.0,0.04601,231.0
1753600674685,07:17:54.685,gateio,ACT/USDT:USDT,0.04598,18.0,0.04597,185.0,0.046,1.0,0.04601,231.0
1753600678666,07:17:58.666,gateio,ACT/USDT:USDT,0.04598,18.0,0.04597,230.0,0.046,1.0,0.04602,1311.0
1753600678738,07:17:58.738,gateio,ACT/USDT:USDT,0.04598,270.0,0.04597,185.0,0.04601,1.0,0.04602,1266.0
1753600678864,07:17:58.864,gateio,ACT/USDT:USDT,0.04598,263.0,0.04597,185.0,0.04601,1.0,0.04602,1266.0
1753600678881,07:17:58.881,gateio,ACT/USDT:USDT,0.04598,263.0,0.04597,185.0,0.04601,1.0,0.04602,1266.0
1753600679747,07:17:59.747,gateio,ACT/USDT:USDT,0.04598,263.0,0.04596,185.0,0.04601,1.0,0.04602,1266.0
1753600680061,07:18:00.061,gateio,ACT/USDT:USDT,0.04598,263.0,0.04596,185.0,0.04601,1.0,0.04602,1266.0
1753600680892,07:18:00.892,gateio,ACT/USDT:USDT,0.04598,263.0,0.04596,185.0,0.04601,1.0,0.04602,1266.0
1753600682238,07:18:02.238,gateio,ACT/USDT:USDT,0.04598,263.0,0.04596,185.0,0.04601,1.0,0.04602,1266.0
1753600682841,07:18:02.841,gateio,ACT/USDT:USDT,0.04599,252.0,0.04598,196.0,0.04601,1.0,0.04603,609.0
1753600682938,07:18:02.938,gateio,ACT/USDT:USDT,0.04599,67.0,0.04598,185.0,0.04602,1.0,0.04603,564.0
1753600682998,07:18:02.998,gateio,ACT/USDT:USDT,0.04599,78.0,0.04598,185.0,0.04602,1.0,0.04603,564.0
1753600683162,07:18:03.162,gateio,ACT/USDT:USDT,0.04599,78.0,0.04598,185.0,0.04602,1.0,0.04603,564.0
1753600683201,07:18:03.201,gateio,ACT/USDT:USDT,0.04599,78.0,0.04598,185.0,0.04602,1.0,0.04603,564.0
1753600683364,07:18:03.364,gateio,ACT/USDT:USDT,0.04599,78.0,0.04598,185.0,0.04602,1.0,0.04603,564.0
1753600684137,07:18:04.137,gateio,ACT/USDT:USDT,0.04599,78.0,0.04598,185.0,0.04602,1.0,0.04603,564.0
1753600684465,07:18:04.465,gateio,ACT/USDT:USDT,0.04599,78.0,0.04598,185.0,0.04602,1.0,0.04603,378.0
1753600684517,07:18:04.517,gateio,ACT/USDT:USDT,0.04599,78.0,0.04598,185.0,0.04602,1.0,0.04603,378.0
1753600684618,07:18:04.618,gateio,ACT/USDT:USDT,0.04599,78.0,0.04598,185.0,0.04602,1.0,0.04603,378.0
1753600685179,07:18:05.179,gateio,ACT/USDT:USDT,0.04599,328.0,0.04598,185.0,0.04602,1.0,0.04603,378.0
1753600686865,07:18:06.865,gateio,ACT/USDT:USDT,0.046,209.0,0.04599,306.0,0.04602,1.0,0.04603,378.0
1753600686883,07:18:06.883,gateio,ACT/USDT:USDT,0.046,209.0,0.04599,295.0,0.04602,1.0,0.04603,378.0
1753600687060,07:18:07.060,gateio,ACT/USDT:USDT,0.046,209.0,0.04599,295.0,0.04602,1.0,0.04603,378.0
1753600687444,07:18:07.444,gateio,ACT/USDT:USDT,0.046,209.0,0.04599,295.0,0.04602,1.0,0.04603,378.0
1753600687862,07:18:07.862,gateio,ACT/USDT:USDT,0.046,209.0,0.04599,295.0,0.04602,1.0,0.04603,378.0
1753600690558,07:18:10.558,gateio,ACT/USDT:USDT,0.046,209.0,0.04599,295.0,0.04602,1.0,0.04603,378.0
1753600690770,07:18:10.770,gateio,ACT/USDT:USDT,0.046,209.0,0.04599,295.0,0.04602,1.0,0.04603,378.0
1753600693838,07:18:13.838,gateio,ACT/USDT:USDT,0.046,209.0,0.04599,295.0,0.04602,1.0,0.04603,378.0
1753600697058,07:18:17.058,gateio,ACT/USDT:USDT,0.04599,306.0,0.04598,1207.0,0.04602,12.0,0.04603,378.0
1753600697175,07:18:17.175,gateio,ACT/USDT:USDT,0.046,11.0,0.04599,295.0,0.04603,378.0,0.04604,229.0
1753600697257,07:18:17.257,gateio,ACT/USDT:USDT,0.046,18.0,0.04599,295.0,0.04603,400.0,0.04604,229.0
1753600697373,07:18:17.373,gateio,ACT/USDT:USDT,0.046,18.0,0.04599,295.0,0.04603,400.0,0.04604,229.0
1753600697460,07:18:17.460,gateio,ACT/USDT:USDT,0.046,18.0,0.04599,295.0,0.04603,400.0,0.04604,229.0
1753600698078,07:18:18.078,gateio,ACT/USDT:USDT,0.046,18.0,0.04599,295.0,0.04603,400.0,0.04604,229.0
1753600698496,07:18:18.496,gateio,ACT/USDT:USDT,0.046,18.0,0.04599,295.0,0.04603,400.0,0.04604,229.0
1753600698632,07:18:18.632,gateio,ACT/USDT:USDT,0.046,18.0,0.04599,295.0,0.04603,389.0,0.04604,229.0
1753600699068,07:18:19.068,gateio,ACT/USDT:USDT,0.046,18.0,0.04599,483.0,0.04603,389.0,0.04604,229.0
1753600699260,07:18:19.260,gateio,ACT/USDT:USDT,0.046,206.0,0.04599,483.0,0.04603,400.0,0.04604,229.0
1753600699282,07:18:19.282,gateio,ACT/USDT:USDT,0.046,199.0,0.04599,483.0,0.04603,389.0,0.04604,229.0
1753600701573,07:18:21.573,gateio,ACT/USDT:USDT,0.04602,233.0,0.04601,1268.0,0.04607,185.0,0.04608,364.0
1753600701645,07:18:21.645,gateio,ACT/USDT:USDT,0.04603,18.0,0.04602,233.0,0.04607,186.0,0.04608,364.0
1753600701751,07:18:21.751,gateio,ACT/USDT:USDT,0.04603,18.0,0.04601,233.0,0.04605,108.0,0.04606,378.0
1753600701786,07:18:21.786,gateio,ACT/USDT:USDT,0.04602,18.0,0.04601,233.0,0.04605,109.0,0.04606,378.0
