timestamp,time,exchange,symbol,bid1_price,bid1_volume,bid2_price,bid2_volume,ask1_price,ask1_volume,ask2_price,ask2_volume
1753599991852,07:06:31.852,phemex,AAVE/USDT:USDT,295.95,0.4,295.94,0.6,296.02,0.4,296.03,0.7
1753599991987,07:06:31.987,phemex,AAVE/USDT:USDT,295.95,0.4,295.94,0.6,296.02,0.4,296.03,0.7
1753599992026,07:06:32.026,phemex,AAVE/USDT:USDT,295.95,0.4,295.94,0.6,296.02,0.4,296.03,0.7
1753599992063,07:06:32.063,phemex,AAVE/USDT:USDT,295.95,0.4,295.94,0.6,296.03,0.7,296.04,3.5
1753599992087,07:06:32.087,phemex,AAVE/USDT:USDT,295.95,0.4,295.94,0.6,296.03,0.7,296.04,3.5
1753599992141,07:06:32.141,phemex,AAVE/USDT:USDT,295.95,0.4,295.94,0.6,296.03,0.7,296.04,3.5
1753599992364,07:06:32.364,phemex,AAVE/USDT:USDT,295.95,0.4,295.94,0.6,296.03,0.7,296.04,3.5
1753599993647,07:06:33.647,phemex,AAVE/USDT:USDT,295.95,0.4,295.94,0.6,296.02,0.4,296.03,0.7
1753599993663,07:06:33.663,phemex,AAVE/USDT:USDT,295.95,0.4,295.94,0.6,296.0,0.2,296.02,0.4
1753599993687,07:06:33.687,phemex,AAVE/USDT:USDT,295.95,0.4,295.94,0.6,296.0,0.2,296.02,0.4
1753599993721,07:06:33.721,phemex,AAVE/USDT:USDT,295.95,0.4,295.94,0.6,296.0,0.2,296.02,0.4
1753599993737,07:06:33.737,phemex,AAVE/USDT:USDT,295.95,0.4,295.94,0.6,296.0,0.2,296.02,0.4
1753599993852,07:06:33.852,phemex,AAVE/USDT:USDT,295.95,0.4,295.94,0.6,296.02,0.4,296.03,0.7
1753599993889,07:06:33.889,phemex,AAVE/USDT:USDT,295.95,0.4,295.94,0.6,296.03,0.7,296.04,3.5
1753599994046,07:06:34.046,phemex,AAVE/USDT:USDT,295.95,0.4,295.94,0.6,295.98,0.2,296.0,0.2
1753599994068,07:06:34.068,phemex,AAVE/USDT:USDT,295.95,0.4,295.94,0.6,295.97,0.2,295.98,0.2
1753599994122,07:06:34.122,phemex,AAVE/USDT:USDT,295.95,0.4,295.94,0.6,296.01,0.2,296.02,0.4
1753599994160,07:06:34.160,phemex,AAVE/USDT:USDT,295.95,0.4,295.94,0.6,296.01,0.2,296.02,0.4
1753599994504,07:06:34.504,phemex,AAVE/USDT:USDT,295.95,0.4,295.94,0.6,296.01,0.2,296.02,0.4
1753599994574,07:06:34.574,phemex,AAVE/USDT:USDT,295.95,0.4,295.94,0.6,296.02,0.4,296.03,0.7
1753599994614,07:06:34.614,phemex,AAVE/USDT:USDT,295.95,0.4,295.94,0.6,296.02,0.4,296.03,0.7
1753599994695,07:06:34.695,phemex,AAVE/USDT:USDT,295.95,0.4,295.94,0.6,296.02,0.4,296.03,0.7
1753599995815,07:06:35.815,phemex,AAVE/USDT:USDT,295.94,0.6,295.91,0.4,295.96,0.2,295.97,0.2
1753599995830,07:06:35.830,phemex,AAVE/USDT:USDT,295.94,0.6,295.91,0.4,295.96,0.2,295.99,0.2
1753599995858,07:06:35.858,phemex,AAVE/USDT:USDT,295.94,0.6,295.91,0.4,295.96,0.2,295.99,0.2
1753599995860,07:06:35.860,phemex,AAVE/USDT:USDT,295.94,0.6,295.91,0.4,295.96,0.2,295.99,0.2
1753599995890,07:06:35.890,phemex,AAVE/USDT:USDT,295.94,0.6,295.91,0.4,295.96,0.2,295.99,0.2
1753599996018,07:06:36.018,phemex,AAVE/USDT:USDT,295.94,0.6,295.91,0.4,295.96,0.2,295.99,0.2
1753599996706,07:06:36.706,phemex,AAVE/USDT:USDT,295.95,0.4,295.94,0.6,296.02,0.4,296.03,0.7
1753599996713,07:06:36.713,phemex,AAVE/USDT:USDT,295.95,0.4,295.94,0.6,295.98,0.2,296.02,0.4
1753599996736,07:06:36.736,phemex,AAVE/USDT:USDT,295.95,0.4,295.94,0.6,296.02,0.4,296.03,0.7
1753599996778,07:06:36.778,phemex,AAVE/USDT:USDT,295.95,0.4,295.94,0.6,296.02,0.4,296.03,0.7
1753599996814,07:06:36.814,phemex,AAVE/USDT:USDT,295.95,0.4,295.94,0.6,296.02,0.4,296.03,0.7
1753599996927,07:06:36.927,phemex,AAVE/USDT:USDT,295.95,0.4,295.94,0.6,296.02,0.4,296.03,0.7
1753599996938,07:06:36.938,phemex,AAVE/USDT:USDT,295.95,0.4,295.94,0.6,296.02,0.4,296.03,0.7
1753599997343,07:06:37.343,phemex,AAVE/USDT:USDT,295.95,0.4,295.94,0.6,296.02,0.4,296.03,0.7
1753599997523,07:06:37.523,phemex,AAVE/USDT:USDT,295.95,0.4,295.94,0.6,296.03,0.7,296.04,3.5
1753599997545,07:06:37.545,phemex,AAVE/USDT:USDT,295.95,0.4,295.94,0.6,296.03,0.7,296.04,3.5
1753599997607,07:06:37.607,phemex,AAVE/USDT:USDT,295.95,0.4,295.94,0.6,296.03,0.7,296.04,3.5
1753599997757,07:06:37.757,phemex,AAVE/USDT:USDT,295.95,0.4,295.94,0.6,296.03,0.7,296.04,3.5
1753599997788,07:06:37.788,phemex,AAVE/USDT:USDT,295.95,0.4,295.94,0.6,296.03,0.7,296.04,3.5
1753599997812,07:06:37.812,phemex,AAVE/USDT:USDT,295.95,0.4,295.94,0.6,296.03,0.7,296.04,3.5
1753599998032,07:06:38.032,phemex,AAVE/USDT:USDT,295.95,0.4,295.94,0.6,296.03,0.7,296.04,3.5
1753599998035,07:06:38.035,phemex,AAVE/USDT:USDT,295.95,0.4,295.94,0.6,296.03,0.7,296.04,3.5
1753599998510,07:06:38.510,phemex,AAVE/USDT:USDT,295.95,0.4,295.94,0.6,296.03,0.7,296.04,3.5
1753599998517,07:06:38.517,phemex,AAVE/USDT:USDT,295.95,0.4,295.94,0.6,296.03,0.7,296.04,3.5
1753599998636,07:06:38.636,phemex,AAVE/USDT:USDT,295.95,0.4,295.94,0.6,296.02,0.4,296.03,0.7
1753599998656,07:06:38.656,phemex,AAVE/USDT:USDT,295.95,0.4,295.94,0.6,295.98,0.2,296.02,0.4
1753599998734,07:06:38.734,phemex,AAVE/USDT:USDT,295.95,0.4,295.94,0.6,296.02,0.4,296.03,0.7
1753599998758,07:06:38.758,phemex,AAVE/USDT:USDT,295.95,0.4,295.94,0.6,296.02,0.4,296.03,0.7
1753599998829,07:06:38.829,phemex,AAVE/USDT:USDT,295.95,0.4,295.94,0.6,296.02,0.4,296.03,0.7
1753600000150,07:06:40.150,phemex,AAVE/USDT:USDT,295.95,0.4,295.94,0.6,296.02,0.4,296.03,0.7
1753600000157,07:06:40.157,phemex,AAVE/USDT:USDT,295.95,0.4,295.94,0.6,296.02,0.4,296.03,0.7
1753600000276,07:06:40.276,phemex,AAVE/USDT:USDT,295.95,0.4,295.94,0.6,296.03,0.7,296.04,3.5
1753600000344,07:06:40.344,phemex,AAVE/USDT:USDT,295.95,0.4,295.94,0.6,296.03,0.7,296.04,3.5
1753600000365,07:06:40.365,phemex,AAVE/USDT:USDT,295.95,0.4,295.94,0.6,296.03,0.7,296.04,3.5
1753600000408,07:06:40.408,phemex,AAVE/USDT:USDT,295.95,0.4,295.94,0.6,296.05,5.0,296.06,0.4
1753600000430,07:06:40.430,phemex,AAVE/USDT:USDT,295.95,0.4,295.94,0.6,296.06,0.4,296.13,0.4
1753600000447,07:06:40.447,phemex,AAVE/USDT:USDT,295.95,0.4,295.94,0.6,296.06,0.4,296.13,0.4
1753600000458,07:06:40.458,phemex,AAVE/USDT:USDT,295.95,0.4,295.94,0.6,296.13,0.4,296.16,12.2
1753600000516,07:06:40.516,phemex,AAVE/USDT:USDT,295.95,0.4,295.94,0.6,296.13,0.4,296.16,12.2
1753600000543,07:06:40.543,phemex,AAVE/USDT:USDT,295.95,0.4,295.94,0.6,296.13,0.4,296.16,12.2
1753600000552,07:06:40.552,phemex,AAVE/USDT:USDT,295.95,0.4,295.94,0.6,296.11,1.3,296.13,0.4
1753600000583,07:06:40.583,phemex,AAVE/USDT:USDT,295.95,0.4,295.94,0.6,296.11,1.3,296.13,0.4
1753600000607,07:06:40.607,phemex,AAVE/USDT:USDT,295.95,0.4,295.94,0.6,296.11,1.3,296.13,0.4
1753600000635,07:06:40.635,phemex,AAVE/USDT:USDT,295.95,0.4,295.94,0.6,296.09,0.4,296.11,1.3
1753600000679,07:06:40.679,phemex,AAVE/USDT:USDT,295.95,0.4,295.94,0.6,296.09,0.4,296.11,1.3
1753600000700,07:06:40.700,phemex,AAVE/USDT:USDT,295.95,0.4,295.94,0.6,296.09,0.4,296.11,1.3
1753600000702,07:06:40.702,phemex,AAVE/USDT:USDT,295.95,0.4,295.94,0.6,296.09,0.4,296.11,1.3
1753600000848,07:06:40.848,phemex,AAVE/USDT:USDT,295.95,0.4,295.94,0.6,296.09,0.4,296.13,0.4
1753600000896,07:06:40.896,phemex,AAVE/USDT:USDT,295.95,0.4,295.94,0.6,296.09,0.4,296.13,0.4
1753600000906,07:06:40.906,phemex,AAVE/USDT:USDT,295.95,0.4,295.94,0.6,296.09,0.4,296.13,0.4
1753600000974,07:06:40.974,phemex,AAVE/USDT:USDT,295.95,0.4,295.94,0.6,296.09,0.4,296.13,0.4
1753600001008,07:06:41.008,phemex,AAVE/USDT:USDT,295.95,0.4,295.94,0.6,296.09,0.6,296.13,0.4
1753600001055,07:06:41.055,phemex,AAVE/USDT:USDT,295.95,0.4,295.94,0.6,296.09,0.4,296.13,0.4
1753600001113,07:06:41.113,phemex,AAVE/USDT:USDT,296.05,4.4,296.02,3.5,296.13,0.4,296.14,1.3
1753600001139,07:06:41.139,phemex,AAVE/USDT:USDT,296.05,4.4,296.02,3.5,296.13,0.4,296.16,0.4
1753600001157,07:06:41.157,phemex,AAVE/USDT:USDT,296.05,4.4,296.02,3.5,296.13,0.4,296.16,0.4
1753600001188,07:06:41.188,phemex,AAVE/USDT:USDT,296.05,4.4,296.02,3.5,296.09,0.4,296.13,0.4
1753600001213,07:06:41.213,phemex,AAVE/USDT:USDT,296.05,4.4,296.02,3.5,296.06,0.2,296.09,0.4
1753600001269,07:06:41.269,phemex,AAVE/USDT:USDT,296.05,4.4,296.02,3.5,296.06,0.2,296.09,0.4
1753600001286,07:06:41.286,phemex,AAVE/USDT:USDT,296.05,4.4,296.02,3.5,296.06,0.2,296.09,0.4
1753600001340,07:06:41.340,phemex,AAVE/USDT:USDT,296.05,4.4,296.02,3.5,296.06,0.2,296.09,0.4
1753600001371,07:06:41.371,phemex,AAVE/USDT:USDT,296.05,4.4,296.02,3.5,296.06,0.2,296.09,0.4
1753600001393,07:06:41.393,phemex,AAVE/USDT:USDT,296.05,4.4,296.02,3.5,296.06,0.2,296.09,0.4
1753600001480,07:06:41.480,phemex,AAVE/USDT:USDT,296.05,4.4,296.02,3.5,296.09,0.4,296.12,1.3
1753600001483,07:06:41.483,phemex,AAVE/USDT:USDT,296.05,4.4,296.02,3.5,296.09,0.4,296.12,1.3
1753600001525,07:06:41.525,phemex,AAVE/USDT:USDT,296.05,4.4,296.02,3.5,296.09,0.4,296.12,1.3
1753600001582,07:06:41.582,phemex,AAVE/USDT:USDT,296.05,4.4,296.02,3.5,296.12,1.3,296.16,0.4
1753600001625,07:06:41.625,phemex,AAVE/USDT:USDT,296.05,4.4,296.02,3.5,296.09,0.4,296.16,0.4
1753600001633,07:06:41.633,phemex,AAVE/USDT:USDT,296.05,4.4,296.02,3.5,296.09,0.4,296.12,0.4
1753600001711,07:06:41.711,phemex,AAVE/USDT:USDT,296.05,4.4,296.02,3.5,296.09,0.4,296.12,0.4
1753600001761,07:06:41.761,phemex,AAVE/USDT:USDT,296.02,3.5,295.99,4.5,296.09,0.4,296.12,0.4
1753600001775,07:06:41.775,phemex,AAVE/USDT:USDT,296.02,3.5,295.99,4.5,296.03,0.3,296.09,0.4
1753600001787,07:06:41.787,phemex,AAVE/USDT:USDT,296.02,3.5,295.99,4.5,296.03,0.3,296.12,0.4
1753600001870,07:06:41.870,phemex,AAVE/USDT:USDT,296.02,3.5,295.99,4.5,296.03,0.3,296.08,1.3
1753600002035,07:06:42.035,phemex,AAVE/USDT:USDT,296.02,3.5,295.99,4.5,296.08,1.3,296.12,0.4
1753600002064,07:06:42.064,phemex,AAVE/USDT:USDT,295.99,4.5,295.97,1.1,296.12,0.4,296.13,1.3
1753600002083,07:06:42.083,phemex,AAVE/USDT:USDT,295.99,4.5,295.97,1.1,296.03,0.2,296.12,0.4
1753600002147,07:06:42.147,phemex,AAVE/USDT:USDT,296.01,0.4,295.99,4.5,296.03,0.2,296.07,0.4
1753600002172,07:06:42.172,phemex,AAVE/USDT:USDT,296.01,0.4,295.99,4.1,296.03,0.2,296.08,1.3
1753600002211,07:06:42.211,phemex,AAVE/USDT:USDT,296.01,0.4,295.99,4.1,296.08,1.3,296.12,0.4
1753600002252,07:06:42.252,phemex,AAVE/USDT:USDT,296.01,0.4,295.99,4.1,296.07,0.4,296.12,0.4
1753600002267,07:06:42.267,phemex,AAVE/USDT:USDT,296.01,0.4,295.99,4.1,296.12,0.4,296.13,1.3
1753600002306,07:06:42.306,phemex,AAVE/USDT:USDT,296.01,0.4,295.99,4.1,296.16,0.4,296.17,0.9
1753600002325,07:06:42.325,phemex,AAVE/USDT:USDT,296.01,0.4,295.99,4.1,296.16,0.4,296.17,0.9
1753600002685,07:06:42.685,phemex,AAVE/USDT:USDT,296.01,0.4,295.99,4.1,296.16,0.4,296.17,0.9
1753600002687,07:06:42.687,phemex,AAVE/USDT:USDT,296.01,0.4,295.99,4.1,296.16,0.4,296.17,0.9
1753600002709,07:06:42.709,phemex,AAVE/USDT:USDT,296.01,0.4,295.99,4.1,296.16,0.4,296.17,0.9
1753600003310,07:06:43.310,phemex,AAVE/USDT:USDT,296.01,0.4,295.99,4.1,296.16,0.4,296.17,0.9
1753600003327,07:06:43.327,phemex,AAVE/USDT:USDT,296.01,0.4,295.99,4.1,296.16,0.4,296.17,0.9
1753600003361,07:06:43.361,phemex,AAVE/USDT:USDT,296.01,0.4,295.99,4.1,296.16,0.4,296.17,0.9
1753600003989,07:06:43.989,phemex,AAVE/USDT:USDT,296.01,0.4,295.99,4.1,296.16,0.4,296.17,0.9
1753600004348,07:06:44.348,phemex,AAVE/USDT:USDT,296.01,0.4,295.99,4.1,296.16,0.4,296.17,0.9
1753600004846,07:06:44.846,phemex,AAVE/USDT:USDT,296.01,0.4,295.99,4.1,296.09,0.2,296.16,0.4
1753600004897,07:06:44.897,phemex,AAVE/USDT:USDT,296.01,0.4,295.99,4.1,296.07,0.2,296.09,0.2
1753600004959,07:06:44.959,phemex,AAVE/USDT:USDT,296.01,0.4,295.99,4.1,296.07,0.2,296.1,0.4
1753600005002,07:06:45.002,phemex,AAVE/USDT:USDT,296.01,0.4,295.99,4.1,296.07,0.2,296.1,0.4
1753600005054,07:06:45.054,phemex,AAVE/USDT:USDT,296.01,0.4,295.99,4.1,296.1,0.4,296.12,1.3
1753600005095,07:06:45.095,phemex,AAVE/USDT:USDT,296.01,0.4,295.99,4.1,296.1,0.4,296.13,0.4
1753600005140,07:06:45.140,phemex,AAVE/USDT:USDT,296.01,0.4,295.99,4.1,296.13,0.4,296.14,1.3
1753600005156,07:06:45.156,phemex,AAVE/USDT:USDT,296.01,0.4,295.99,4.1,296.13,0.4,296.16,0.4
1753600005203,07:06:45.203,phemex,AAVE/USDT:USDT,296.01,0.4,295.99,4.1,296.16,0.4,296.17,0.9
1753600005220,07:06:45.220,phemex,AAVE/USDT:USDT,296.01,0.4,295.99,4.1,296.16,0.4,296.17,0.9
1753600005270,07:06:45.270,phemex,AAVE/USDT:USDT,296.01,0.4,295.99,4.1,296.16,0.4,296.17,0.9
1753600005436,07:06:45.436,phemex,AAVE/USDT:USDT,296.01,0.4,295.99,4.1,296.16,0.4,296.17,0.9
1753600005465,07:06:45.465,phemex,AAVE/USDT:USDT,296.01,0.4,295.99,4.1,296.11,4.7,296.13,6.1
1753600005483,07:06:45.483,phemex,AAVE/USDT:USDT,296.01,0.4,295.99,4.1,296.07,0.2,296.09,0.4
1753600005501,07:06:45.501,phemex,AAVE/USDT:USDT,296.01,0.4,295.99,4.1,296.07,0.2,296.09,0.4
1753600005510,07:06:45.510,phemex,AAVE/USDT:USDT,296.01,0.4,295.99,4.1,296.07,0.2,296.09,0.4
1753600005550,07:06:45.550,phemex,AAVE/USDT:USDT,296.01,0.4,295.99,4.1,296.03,0.2,296.04,0.2
1753600005570,07:06:45.570,phemex,AAVE/USDT:USDT,296.01,0.4,295.99,4.1,296.06,0.2,296.07,0.6
1753600005595,07:06:45.595,phemex,AAVE/USDT:USDT,296.01,0.4,295.99,4.1,296.06,0.2,296.11,4.7
1753600005609,07:06:45.609,phemex,AAVE/USDT:USDT,296.01,0.4,295.99,4.1,296.06,0.6,296.11,4.7
1753600005630,07:06:45.630,phemex,AAVE/USDT:USDT,296.01,0.4,295.99,4.1,296.05,0.4,296.06,0.2
1753600005652,07:06:45.652,phemex,AAVE/USDT:USDT,296.01,0.4,295.99,4.1,296.02,0.2,296.05,0.4
1753600005665,07:06:45.665,phemex,AAVE/USDT:USDT,296.01,0.4,295.99,4.1,296.02,0.2,296.05,0.4
1753600005814,07:06:45.814,phemex,AAVE/USDT:USDT,295.99,4.1,295.98,0.4,296.02,0.2,296.05,0.4
1753600005915,07:06:45.915,phemex,AAVE/USDT:USDT,296.0,0.4,295.99,4.1,296.02,0.2,296.05,0.4
1753600006775,07:06:46.775,phemex,AAVE/USDT:USDT,295.99,4.1,295.97,1.1,296.05,0.4,296.07,1.3
1753600006799,07:06:46.799,phemex,AAVE/USDT:USDT,295.99,4.1,295.97,1.1,296.01,0.2,296.05,0.4
1753600006837,07:06:46.837,phemex,AAVE/USDT:USDT,295.99,4.1,295.97,1.1,296.0,0.2,296.01,0.2
1753600006863,07:06:46.863,phemex,AAVE/USDT:USDT,295.97,5.1,295.95,0.4,296.0,0.2,296.05,0.4
1753600006872,07:06:46.872,phemex,AAVE/USDT:USDT,295.97,5.1,295.95,0.4,296.0,0.6,296.05,0.4
1753600006888,07:06:46.888,phemex,AAVE/USDT:USDT,295.97,5.1,295.95,0.4,295.98,0.2,296.0,0.6
1753600006922,07:06:46.922,phemex,AAVE/USDT:USDT,295.97,5.1,295.95,0.4,295.98,0.2,296.0,0.6
1753600006936,07:06:46.936,phemex,AAVE/USDT:USDT,295.97,5.1,295.95,0.4,295.98,0.2,296.0,0.6
1753600006989,07:06:46.989,phemex,AAVE/USDT:USDT,295.97,5.1,295.95,0.4,295.98,0.2,296.0,0.4
1753600007192,07:06:47.192,phemex,AAVE/USDT:USDT,295.95,0.4,295.94,12.4,295.98,0.2,296.0,0.4
1753600007208,07:06:47.208,phemex,AAVE/USDT:USDT,295.95,0.4,295.94,12.4,295.98,0.6,296.0,0.4
1753600007227,07:06:47.227,phemex,AAVE/USDT:USDT,295.95,0.4,295.94,12.4,295.96,0.2,295.98,0.6
1753600007248,07:06:47.248,phemex,AAVE/USDT:USDT,295.95,0.4,295.94,12.4,295.96,0.2,295.98,0.4
1753600007254,07:06:47.254,phemex,AAVE/USDT:USDT,295.94,12.4,295.93,4.0,295.96,0.2,295.98,0.4
1753600007286,07:06:47.286,phemex,AAVE/USDT:USDT,295.94,12.4,295.93,4.0,295.95,0.2,295.96,0.2
1753600007335,07:06:47.335,phemex,AAVE/USDT:USDT,295.94,12.4,295.93,4.0,295.95,0.2,295.96,0.2
1753600007353,07:06:47.353,phemex,AAVE/USDT:USDT,295.94,12.4,295.93,4.0,295.95,0.2,295.98,0.4
1753600007393,07:06:47.393,phemex,AAVE/USDT:USDT,295.94,12.4,295.93,4.0,295.95,0.2,295.98,0.4
1753600007426,07:06:47.426,phemex,AAVE/USDT:USDT,295.94,12.4,295.93,4.0,295.95,0.2,295.98,0.4
1753600007447,07:06:47.447,phemex,AAVE/USDT:USDT,295.94,12.4,295.93,4.0,295.95,0.2,295.96,0.4
1753600007661,07:06:47.661,phemex,AAVE/USDT:USDT,295.94,12.4,295.93,4.0,295.95,0.2,296.0,1.3
1753600007728,07:06:47.728,phemex,AAVE/USDT:USDT,295.94,12.4,295.93,4.0,295.95,0.2,295.98,0.4
1753600007742,07:06:47.742,phemex,AAVE/USDT:USDT,295.94,12.4,295.93,4.0,295.98,0.4,296.0,1.3
1753600007770,07:06:47.770,phemex,AAVE/USDT:USDT,295.94,12.4,295.93,4.0,295.98,0.4,296.01,0.4
1753600007879,07:06:47.879,phemex,AAVE/USDT:USDT,295.96,0.4,295.94,12.4,295.98,0.4,296.01,0.4
1753600007924,07:06:47.924,phemex,AAVE/USDT:USDT,295.96,0.4,295.94,12.4,296.01,0.4,296.04,1.3
1753600007965,07:06:47.965,phemex,AAVE/USDT:USDT,295.96,0.4,295.94,12.4,296.01,0.4,296.04,1.3
1753600008027,07:06:48.027,phemex,AAVE/USDT:USDT,295.96,0.4,295.94,12.4,296.04,1.3,296.08,0.4
1753600008035,07:06:48.035,phemex,AAVE/USDT:USDT,295.96,0.4,295.94,12.4,296.04,1.3,296.08,0.4
1753600008085,07:06:48.085,phemex,AAVE/USDT:USDT,295.96,0.4,295.94,12.4,296.08,0.4,296.1,1.3
1753600008109,07:06:48.109,phemex,AAVE/USDT:USDT,295.96,0.4,295.94,12.4,296.08,0.4,296.1,1.3
1753600008134,07:06:48.134,phemex,AAVE/USDT:USDT,295.96,0.4,295.94,12.4,296.03,0.4,296.08,0.4
1753600008157,07:06:48.157,phemex,AAVE/USDT:USDT,295.96,0.4,295.94,12.4,295.98,0.2,296.03,0.4
1753600008184,07:06:48.184,phemex,AAVE/USDT:USDT,295.96,0.4,295.94,12.4,296.03,0.4,296.04,1.3
1753600008193,07:06:48.193,phemex,AAVE/USDT:USDT,295.96,0.4,295.94,12.4,296.03,0.4,296.08,1.7
1753600008219,07:06:48.219,phemex,AAVE/USDT:USDT,295.96,0.4,295.94,12.4,296.03,0.4,296.08,1.7
1753600008254,07:06:48.254,phemex,AAVE/USDT:USDT,295.96,0.4,295.94,12.4,296.03,0.4,296.08,1.7
1753600008412,07:06:48.412,phemex,AAVE/USDT:USDT,295.96,0.4,295.94,12.4,296.03,0.4,296.08,1.7
1753600008431,07:06:48.431,phemex,AAVE/USDT:USDT,295.96,0.4,295.94,12.4,296.08,1.7,296.11,4.7
1753600008457,07:06:48.457,phemex,AAVE/USDT:USDT,295.96,0.4,295.94,12.4,296.08,0.4,296.11,4.7
1753600008483,07:06:48.483,phemex,AAVE/USDT:USDT,295.96,0.4,295.94,12.4,296.08,0.4,296.11,4.7
1753600008500,07:06:48.500,phemex,AAVE/USDT:USDT,295.96,0.4,295.94,12.4,296.02,0.4,296.08,0.4
1753600008518,07:06:48.518,phemex,AAVE/USDT:USDT,295.96,0.4,295.94,12.4,296.02,0.4,296.07,1.3
1753600008553,07:06:48.553,phemex,AAVE/USDT:USDT,295.96,0.4,295.94,12.4,296.07,1.3,296.08,0.4
1753600008558,07:06:48.558,phemex,AAVE/USDT:USDT,295.96,0.4,295.94,12.4,296.08,0.4,296.11,4.7
1753600008566,07:06:48.566,phemex,AAVE/USDT:USDT,295.96,0.4,295.94,12.4,296.08,0.4,296.11,4.7
1753600008632,07:06:48.632,phemex,AAVE/USDT:USDT,295.96,0.4,295.94,12.4,296.05,0.4,296.08,0.4
1753600008644,07:06:48.644,phemex,AAVE/USDT:USDT,295.96,0.4,295.94,12.4,295.99,0.2,296.05,0.4
1753600008667,07:06:48.667,phemex,AAVE/USDT:USDT,295.96,0.4,295.94,12.4,295.99,0.2,296.05,1.3
1753600008748,07:06:48.748,phemex,AAVE/USDT:USDT,295.96,0.4,295.94,12.4,295.99,0.2,296.05,1.3
1753600008805,07:06:48.805,phemex,AAVE/USDT:USDT,295.96,0.4,295.94,12.4,296.05,1.3,296.08,0.4
1753600008842,07:06:48.842,phemex,AAVE/USDT:USDT,295.96,0.4,295.94,12.4,296.03,0.4,296.05,1.3
1753600009277,07:06:49.277,phemex,AAVE/USDT:USDT,295.96,0.4,295.94,12.4,296.05,1.3,296.08,0.4
1753600009305,07:06:49.305,phemex,AAVE/USDT:USDT,295.96,0.4,295.94,12.4,296.05,1.3,296.08,0.4
1753600009336,07:06:49.336,phemex,AAVE/USDT:USDT,295.96,0.4,295.94,12.4,296.05,1.3,296.08,0.4
1753600010542,07:06:50.542,phemex,AAVE/USDT:USDT,295.96,0.4,295.94,12.4,296.01,5.3,296.04,0.4
1753600010585,07:06:50.585,phemex,AAVE/USDT:USDT,295.96,0.4,295.94,12.4,296.01,5.3,296.04,0.4
1753600010607,07:06:50.607,phemex,AAVE/USDT:USDT,295.96,0.4,295.94,12.4,296.01,5.3,296.04,0.4
1753600010817,07:06:50.817,phemex,AAVE/USDT:USDT,295.96,0.4,295.94,12.4,296.05,1.3,296.07,0.7
1753600010827,07:06:50.827,phemex,AAVE/USDT:USDT,295.96,0.4,295.94,12.4,296.05,1.3,296.07,0.7
1753600011057,07:06:51.057,phemex,AAVE/USDT:USDT,295.96,0.4,295.94,12.4,296.04,0.4,296.05,1.3
1753600012278,07:06:52.278,phemex,AAVE/USDT:USDT,295.96,0.4,295.94,12.4,296.05,1.3,296.07,0.7
1753600012491,07:06:52.491,phemex,AAVE/USDT:USDT,295.96,0.4,295.94,12.4,296.04,0.4,296.05,1.3
1753600012515,07:06:52.515,phemex,AAVE/USDT:USDT,295.96,0.4,295.94,12.4,296.04,6.3,296.05,1.3
1753600012911,07:06:52.911,phemex,AAVE/USDT:USDT,295.96,0.4,295.94,12.4,296.04,6.3,296.05,1.3
1753600012922,07:06:52.922,phemex,AAVE/USDT:USDT,295.96,0.4,295.94,12.4,296.04,6.3,296.05,1.3
1753600012949,07:06:52.949,phemex,AAVE/USDT:USDT,295.96,0.4,295.94,12.4,296.04,6.3,296.05,1.3
1753600013176,07:06:53.176,phemex,AAVE/USDT:USDT,295.96,0.4,295.94,12.4,296.05,1.3,296.19,0.4
1753600013192,07:06:53.192,phemex,AAVE/USDT:USDT,295.96,0.4,295.94,12.4,296.05,1.3,296.13,0.4
1753600013221,07:06:53.221,phemex,AAVE/USDT:USDT,295.96,0.4,295.94,12.4,296.05,1.3,296.13,0.4
1753600013254,07:06:53.254,phemex,AAVE/USDT:USDT,295.96,0.4,295.94,12.4,296.05,1.3,296.13,0.4
1753600013308,07:06:53.308,phemex,AAVE/USDT:USDT,295.96,0.4,295.94,12.4,296.05,1.3,296.13,0.4
1753600013315,07:06:53.315,phemex,AAVE/USDT:USDT,295.96,0.4,295.94,12.4,296.05,1.3,296.13,0.4
1753600013400,07:06:53.400,phemex,AAVE/USDT:USDT,295.96,0.4,295.94,12.4,296.05,1.3,296.13,0.4
1753600013427,07:06:53.427,phemex,AAVE/USDT:USDT,295.96,0.4,295.94,12.4,296.05,1.3,296.13,0.4
1753600014041,07:06:54.041,phemex,AAVE/USDT:USDT,295.96,0.4,295.94,12.4,296.05,1.3,296.13,0.4
1753600014358,07:06:54.358,phemex,AAVE/USDT:USDT,295.96,0.4,295.94,12.4,296.05,1.3,296.13,0.4
1753600014363,07:06:54.363,phemex,AAVE/USDT:USDT,295.96,0.4,295.94,12.4,296.05,1.3,296.13,0.4
1753600014451,07:06:54.451,phemex,AAVE/USDT:USDT,295.96,0.4,295.94,12.4,296.05,1.3,296.16,0.4
1753600015401,07:06:55.401,phemex,AAVE/USDT:USDT,295.96,0.4,295.94,12.4,296.05,1.3,296.16,0.4
1753600015940,07:06:55.940,phemex,AAVE/USDT:USDT,295.96,0.4,295.94,12.4,296.05,1.3,296.08,0.4
1753600015970,07:06:55.970,phemex,AAVE/USDT:USDT,295.96,0.4,295.94,12.4,296.05,1.3,296.08,0.4
1753600017718,07:06:57.718,phemex,AAVE/USDT:USDT,296.0,0.4,295.98,1.1,296.05,1.3,296.08,0.4
1753600018411,07:06:58.411,phemex,AAVE/USDT:USDT,296.0,0.4,295.98,1.1,296.05,2.1,296.08,0.4
1753600018429,07:06:58.429,phemex,AAVE/USDT:USDT,296.0,0.4,295.98,1.1,296.05,8.2,296.08,0.4
1753600018447,07:06:58.447,phemex,AAVE/USDT:USDT,296.0,0.4,295.98,1.1,296.05,8.2,296.08,0.4
1753600018539,07:06:58.539,phemex,AAVE/USDT:USDT,296.0,0.4,295.98,1.1,296.05,2.1,296.08,0.4
1753600018556,07:06:58.556,phemex,AAVE/USDT:USDT,296.0,0.4,295.98,1.1,296.05,2.1,296.08,0.4
1753600018580,07:06:58.580,phemex,AAVE/USDT:USDT,296.0,0.4,295.98,1.1,296.05,2.1,296.08,0.4
1753600018602,07:06:58.602,phemex,AAVE/USDT:USDT,296.0,0.4,295.98,1.1,296.05,2.1,296.08,0.4
1753600019703,07:06:59.703,phemex,AAVE/USDT:USDT,296.0,0.4,295.98,1.1,296.05,2.1,296.11,0.4
1753600020091,07:07:00.091,phemex,AAVE/USDT:USDT,296.0,0.4,295.98,1.1,296.05,2.1,296.11,0.4
1753600020105,07:07:00.105,phemex,AAVE/USDT:USDT,296.0,0.4,295.98,1.1,296.05,2.1,296.11,0.4
1753600020145,07:07:00.145,phemex,AAVE/USDT:USDT,296.0,0.4,295.98,1.1,296.05,2.1,296.11,0.4
1753600020187,07:07:00.187,phemex,AAVE/USDT:USDT,296.0,0.4,295.98,1.1,296.05,2.1,296.11,0.4
1753600020253,07:07:00.253,phemex,AAVE/USDT:USDT,296.0,0.4,295.98,1.1,296.05,1.3,296.09,4.6
1753600020453,07:07:00.453,phemex,AAVE/USDT:USDT,296.0,0.4,295.98,1.1,296.05,1.3,296.09,4.6
1753600020589,07:07:00.589,phemex,AAVE/USDT:USDT,296.0,0.4,295.98,1.1,296.05,1.3,296.09,4.6
1753600020736,07:07:00.736,phemex,AAVE/USDT:USDT,296.0,0.4,295.98,1.1,296.05,1.3,296.08,0.4
1753600020770,07:07:00.770,phemex,AAVE/USDT:USDT,296.0,0.4,295.98,1.1,296.05,1.3,296.08,0.4
1753600020821,07:07:00.821,phemex,AAVE/USDT:USDT,296.0,0.4,295.98,1.1,296.05,1.3,296.08,0.4
1753600020837,07:07:00.837,phemex,AAVE/USDT:USDT,296.0,0.4,295.98,1.1,296.05,1.3,296.08,0.4
1753600020896,07:07:00.896,phemex,AAVE/USDT:USDT,296.0,0.4,295.98,1.1,296.05,1.3,296.08,0.4
1753600021182,07:07:01.182,phemex,AAVE/USDT:USDT,296.0,0.4,295.98,1.1,296.05,1.3,296.08,0.4
1753600021304,07:07:01.304,phemex,AAVE/USDT:USDT,296.0,0.4,295.98,1.1,296.05,1.3,296.08,0.4
1753600021504,07:07:01.504,phemex,AAVE/USDT:USDT,296.0,0.4,295.98,1.1,296.05,1.3,296.08,0.4
1753600021921,07:07:01.921,phemex,AAVE/USDT:USDT,296.0,0.4,295.98,1.1,296.08,0.4,296.09,4.6
1753600022394,07:07:02.394,phemex,AAVE/USDT:USDT,296.0,0.4,295.98,1.1,296.03,0.2,296.08,0.4
1753600022415,07:07:02.415,phemex,AAVE/USDT:USDT,296.0,0.4,295.98,1.1,296.02,0.2,296.03,0.2
1753600022438,07:07:02.438,phemex,AAVE/USDT:USDT,296.0,0.4,295.98,1.1,296.02,0.2,296.08,1.7
1753600022478,07:07:02.478,phemex,AAVE/USDT:USDT,296.0,0.4,295.98,1.1,296.02,0.2,296.07,1.3
1753600022528,07:07:02.528,phemex,AAVE/USDT:USDT,296.0,0.4,295.98,1.1,296.02,0.2,296.07,1.3
1753600022582,07:07:02.582,phemex,AAVE/USDT:USDT,296.0,0.4,295.98,1.1,296.02,0.2,296.07,1.3
1753600022676,07:07:02.676,phemex,AAVE/USDT:USDT,296.0,0.4,295.98,1.1,296.02,0.2,296.07,1.3
1753600022814,07:07:02.814,phemex,AAVE/USDT:USDT,296.0,0.4,295.98,1.1,296.07,1.3,296.08,0.4
1753600022824,07:07:02.824,phemex,AAVE/USDT:USDT,296.0,0.4,295.98,1.1,296.08,0.4,296.09,4.6
1753600023826,07:07:03.826,phemex,AAVE/USDT:USDT,296.0,0.4,295.98,1.1,296.08,0.4,296.09,4.6
1753600025333,07:07:05.333,phemex,AAVE/USDT:USDT,296.0,0.4,295.98,1.1,296.08,0.4,296.09,4.6
1753600025387,07:07:05.387,phemex,AAVE/USDT:USDT,296.0,0.4,295.98,1.1,296.08,0.4,296.09,4.6
1753600026044,07:07:06.044,phemex,AAVE/USDT:USDT,296.0,0.4,295.98,1.1,296.08,0.4,296.09,4.6
1753600026093,07:07:06.093,phemex,AAVE/USDT:USDT,296.0,0.4,295.98,1.1,296.08,0.4,296.09,4.6
1753600026116,07:07:06.116,phemex,AAVE/USDT:USDT,296.0,0.4,295.98,1.1,296.08,0.4,296.09,4.6
1753600026338,07:07:06.338,phemex,AAVE/USDT:USDT,296.0,0.4,295.98,1.1,296.08,0.4,296.09,4.6
1753600026665,07:07:06.665,phemex,AAVE/USDT:USDT,296.0,0.4,295.98,1.1,296.03,0.2,296.08,0.4
1753600026682,07:07:06.682,phemex,AAVE/USDT:USDT,296.0,0.4,295.98,1.1,296.02,0.2,296.03,0.2
1753600026716,07:07:06.716,phemex,AAVE/USDT:USDT,296.0,0.4,295.98,1.1,296.02,0.2,296.08,0.4
1753600026725,07:07:06.725,phemex,AAVE/USDT:USDT,296.0,0.4,295.98,1.1,296.02,0.2,296.08,0.4
1753600026762,07:07:06.762,phemex,AAVE/USDT:USDT,296.0,0.4,295.98,1.1,296.02,0.2,296.08,0.4
1753600026796,07:07:06.796,phemex,AAVE/USDT:USDT,296.0,0.4,295.98,1.1,296.08,0.4,296.09,4.6
1753600026818,07:07:06.818,phemex,AAVE/USDT:USDT,296.0,0.4,295.98,1.1,296.08,0.4,296.09,4.6
1753600027327,07:07:07.327,phemex,AAVE/USDT:USDT,296.0,0.4,295.98,1.1,296.08,0.4,296.09,4.6
1753600027430,07:07:07.430,phemex,AAVE/USDT:USDT,296.02,0.4,296.0,3.9,296.08,0.4,296.09,4.6
1753600027470,07:07:07.470,phemex,AAVE/USDT:USDT,296.02,0.4,296.0,5.6,296.09,4.6,296.11,0.4
1753600027518,07:07:07.518,phemex,AAVE/USDT:USDT,296.02,0.4,296.0,5.6,296.09,4.6,296.11,0.4
1753600027572,07:07:07.572,phemex,AAVE/USDT:USDT,296.02,0.4,296.0,5.6,296.09,4.6,296.11,0.4
1753600027576,07:07:07.576,phemex,AAVE/USDT:USDT,296.02,0.4,296.0,5.6,296.09,4.6,296.11,0.4
1753600027879,07:07:07.879,phemex,AAVE/USDT:USDT,296.02,0.4,296.0,5.6,296.08,0.4,296.09,4.6
1753600027932,07:07:07.932,phemex,AAVE/USDT:USDT,296.02,0.4,296.0,5.6,296.04,0.2,296.08,0.4
1753600027934,07:07:07.934,phemex,AAVE/USDT:USDT,296.02,0.4,296.0,5.6,296.04,0.2,296.08,0.4
1753600027970,07:07:07.970,phemex,AAVE/USDT:USDT,296.02,0.4,296.0,5.6,296.04,0.2,296.08,0.4
1753600028000,07:07:08.000,phemex,AAVE/USDT:USDT,296.02,0.4,296.0,5.6,296.08,0.4,296.09,4.6
1753600028053,07:07:08.053,phemex,AAVE/USDT:USDT,296.02,0.4,296.0,5.6,296.08,0.4,296.09,4.6
1753600028126,07:07:08.126,phemex,AAVE/USDT:USDT,296.02,0.4,296.0,5.6,296.09,4.6,296.11,0.4
1753600028152,07:07:08.152,phemex,AAVE/USDT:USDT,296.02,0.4,296.0,5.6,296.09,4.6,296.11,0.4
1753600029016,07:07:09.016,phemex,AAVE/USDT:USDT,296.02,0.4,296.0,5.6,296.08,0.4,296.09,4.6
1753600029040,07:07:09.040,phemex,AAVE/USDT:USDT,296.02,0.4,296.0,5.6,296.07,0.2,296.08,0.4
1753600029069,07:07:09.069,phemex,AAVE/USDT:USDT,296.02,0.4,296.0,5.6,296.09,4.6,296.11,0.4
1753600029095,07:07:09.095,phemex,AAVE/USDT:USDT,296.02,0.4,296.0,5.6,296.09,4.6,296.11,0.4
1753600029140,07:07:09.140,phemex,AAVE/USDT:USDT,296.02,0.4,296.0,5.6,296.08,0.4,296.09,4.6
1753600029165,07:07:09.165,phemex,AAVE/USDT:USDT,296.02,0.4,296.0,5.6,296.08,0.4,296.09,4.6
1753600029184,07:07:09.184,phemex,AAVE/USDT:USDT,296.02,0.4,296.0,5.6,296.08,0.4,296.09,4.6
1753600030796,07:07:10.796,phemex,AAVE/USDT:USDT,296.02,0.4,296.0,5.6,296.03,0.2,296.04,0.2
1753600030824,07:07:10.824,phemex,AAVE/USDT:USDT,296.02,0.4,296.0,5.6,296.03,0.2,296.05,0.2
1753600030871,07:07:10.871,phemex,AAVE/USDT:USDT,296.02,0.4,296.0,5.6,296.03,0.2,296.08,0.4
1753600030986,07:07:10.986,phemex,AAVE/USDT:USDT,296.02,0.4,296.0,5.6,296.08,1.7,296.09,4.6
1753600031093,07:07:11.093,phemex,AAVE/USDT:USDT,296.02,0.4,296.0,5.6,296.08,0.4,296.09,4.6
1753600031101,07:07:11.101,phemex,AAVE/USDT:USDT,296.02,0.4,296.0,5.6,296.08,0.4,296.09,4.6
1753600031269,07:07:11.269,phemex,AAVE/USDT:USDT,296.02,0.4,296.0,5.6,296.09,4.6,296.11,0.4
1753600031651,07:07:11.651,phemex,AAVE/USDT:USDT,296.02,0.4,296.0,5.6,296.08,0.4,296.09,4.6
1753600031669,07:07:11.669,phemex,AAVE/USDT:USDT,296.02,0.4,296.0,5.6,296.04,0.2,296.08,0.4
1753600031713,07:07:11.713,phemex,AAVE/USDT:USDT,296.02,0.4,296.0,5.6,296.04,0.2,296.08,0.4
1753600031720,07:07:11.720,phemex,AAVE/USDT:USDT,296.02,0.4,296.0,5.6,296.04,0.2,296.08,0.4
1753600031821,07:07:11.821,phemex,AAVE/USDT:USDT,296.02,0.4,296.0,5.6,296.04,0.2,296.08,0.4
1753600032004,07:07:12.004,phemex,AAVE/USDT:USDT,296.02,0.4,296.0,5.6,296.08,0.4,296.09,4.6
1753600032012,07:07:12.012,phemex,AAVE/USDT:USDT,296.02,0.4,296.0,5.6,296.08,0.4,296.09,4.6
1753600032047,07:07:12.047,phemex,AAVE/USDT:USDT,296.02,0.4,296.0,5.6,296.08,0.4,296.09,4.6
1753600032059,07:07:12.059,phemex,AAVE/USDT:USDT,296.02,0.4,296.0,5.6,296.08,0.4,296.09,4.6
1753600032122,07:07:12.122,phemex,AAVE/USDT:USDT,296.02,0.4,296.0,5.6,296.08,0.4,296.09,4.6
1753600032297,07:07:12.297,phemex,AAVE/USDT:USDT,296.02,0.4,296.0,5.6,296.09,4.6,296.11,0.4
1753600032677,07:07:12.677,phemex,AAVE/USDT:USDT,296.02,0.4,296.0,5.6,296.08,0.4,296.09,4.6
1753600032699,07:07:12.699,phemex,AAVE/USDT:USDT,296.02,0.4,296.0,5.6,296.05,0.2,296.08,0.4
1753600032722,07:07:12.722,phemex,AAVE/USDT:USDT,296.02,0.4,296.0,5.6,296.05,0.2,296.08,0.4
1753600032782,07:07:12.782,phemex,AAVE/USDT:USDT,296.02,0.4,296.0,5.6,296.05,0.2,296.08,0.4
1753600033314,07:07:13.314,phemex,AAVE/USDT:USDT,296.02,0.4,296.0,5.6,296.08,0.4,296.09,4.6
1753600034065,07:07:14.065,phemex,AAVE/USDT:USDT,295.98,1.1,295.97,1.7,296.02,0.4,296.08,1.7
1753600034077,07:07:14.077,phemex,AAVE/USDT:USDT,295.98,1.1,295.97,1.7,296.02,0.4,296.06,1.3
1753600034146,07:07:14.146,phemex,AAVE/USDT:USDT,295.98,1.1,295.97,1.7,296.02,0.4,296.06,1.3
1753600034188,07:07:14.188,phemex,AAVE/USDT:USDT,295.98,1.1,295.97,1.7,296.02,0.4,296.08,1.7
1753600034210,07:07:14.210,phemex,AAVE/USDT:USDT,295.99,0.4,295.98,1.1,296.02,0.4,296.08,0.4
1753600034246,07:07:14.246,phemex,AAVE/USDT:USDT,295.99,0.4,295.98,1.1,296.02,0.4,296.08,0.4
1753600034439,07:07:14.439,phemex,AAVE/USDT:USDT,295.99,0.4,295.98,1.1,296.08,0.4,296.09,4.6
1753600034464,07:07:14.464,phemex,AAVE/USDT:USDT,295.99,0.4,295.98,1.1,296.08,0.4,296.09,4.6
1753600034586,07:07:14.586,phemex,AAVE/USDT:USDT,295.99,0.4,295.98,1.1,296.08,0.4,296.09,4.6
1753600034595,07:07:14.595,phemex,AAVE/USDT:USDT,295.98,1.1,295.97,1.7,296.08,0.4,296.09,4.6
1753600034641,07:07:14.641,phemex,AAVE/USDT:USDT,295.98,1.1,295.97,1.7,296.01,0.2,296.08,0.4
1753600034684,07:07:14.684,phemex,AAVE/USDT:USDT,295.98,1.1,295.97,1.7,296.01,0.2,296.06,1.3
1753600034692,07:07:14.692,phemex,AAVE/USDT:USDT,295.98,1.1,295.97,1.7,296.01,0.2,296.06,1.3
1753600034744,07:07:14.744,phemex,AAVE/USDT:USDT,295.98,1.1,295.97,1.7,296.01,0.2,296.06,1.3
1753600034839,07:07:14.839,phemex,AAVE/USDT:USDT,295.99,0.4,295.98,1.1,296.01,0.2,296.06,1.3
1753600035019,07:07:15.019,phemex,AAVE/USDT:USDT,295.98,1.1,295.97,1.7,296.01,0.2,296.06,1.3
1753600035071,07:07:15.071,phemex,AAVE/USDT:USDT,295.98,1.1,295.97,1.7,295.99,0.2,296.01,0.6
1753600035088,07:07:15.088,phemex,AAVE/USDT:USDT,295.98,1.1,295.97,1.7,295.99,0.2,296.01,0.4
1753600035112,07:07:15.112,phemex,AAVE/USDT:USDT,295.97,1.7,295.96,0.4,295.99,0.2,296.01,0.4
1753600035135,07:07:15.135,phemex,AAVE/USDT:USDT,295.97,1.7,295.96,0.4,296.01,0.4,296.05,1.3
1753600035238,07:07:15.238,phemex,AAVE/USDT:USDT,295.97,1.7,295.96,0.4,296.01,0.4,296.05,1.3
1753600035254,07:07:15.254,phemex,AAVE/USDT:USDT,295.97,1.7,295.96,0.4,296.01,0.4,296.05,1.3
1753600035664,07:07:15.664,phemex,AAVE/USDT:USDT,295.98,0.4,295.97,1.7,296.04,0.4,296.05,1.3
1753600035699,07:07:15.699,phemex,AAVE/USDT:USDT,295.98,0.4,295.97,1.7,296.01,0.2,296.04,0.4
1753600035716,07:07:15.716,phemex,AAVE/USDT:USDT,295.98,0.4,295.97,1.7,296.01,0.2,296.04,0.4
1753600036173,07:07:16.173,phemex,AAVE/USDT:USDT,295.98,0.4,295.97,1.7,296.04,0.4,296.06,1.3
1753600036201,07:07:16.201,phemex,AAVE/USDT:USDT,295.98,0.4,295.97,1.7,296.04,0.4,296.08,0.4
1753600036260,07:07:16.260,phemex,AAVE/USDT:USDT,295.98,0.4,295.97,1.7,296.08,0.4,296.09,4.6
1753600036300,07:07:16.300,phemex,AAVE/USDT:USDT,295.98,0.4,295.97,1.7,296.08,0.4,296.09,4.6
1753600036342,07:07:16.342,phemex,AAVE/USDT:USDT,295.98,0.4,295.97,1.7,296.08,0.4,296.09,4.6
1753600036343,07:07:16.343,phemex,AAVE/USDT:USDT,295.98,0.4,295.97,1.7,296.08,0.4,296.09,4.6
1753600036918,07:07:16.918,phemex,AAVE/USDT:USDT,295.98,0.4,295.97,1.7,296.08,0.4,296.09,4.6
1753600036931,07:07:16.931,phemex,AAVE/USDT:USDT,295.98,0.4,295.97,1.7,296.08,0.4,296.09,4.6
1753600037116,07:07:17.116,phemex,AAVE/USDT:USDT,295.98,0.4,295.97,1.7,296.08,0.4,296.09,4.6
1753600038043,07:07:18.043,phemex,AAVE/USDT:USDT,295.98,0.4,295.97,1.7,296.08,0.4,296.09,4.6
1753600038048,07:07:18.048,phemex,AAVE/USDT:USDT,295.98,0.4,295.97,1.7,296.08,0.4,296.09,4.6
1753600038107,07:07:18.107,phemex,AAVE/USDT:USDT,295.98,0.4,295.97,1.7,296.08,0.4,296.09,4.6
1753600038209,07:07:18.209,phemex,AAVE/USDT:USDT,295.98,0.4,295.97,1.7,296.01,5.4,296.08,0.4
1753600038226,07:07:18.226,phemex,AAVE/USDT:USDT,295.98,0.4,295.97,1.7,296.0,0.2,296.01,5.4
1753600038266,07:07:18.266,phemex,AAVE/USDT:USDT,295.98,0.4,295.97,1.7,296.0,0.2,296.01,5.4
1753600038317,07:07:18.317,phemex,AAVE/USDT:USDT,295.98,0.4,295.97,1.7,296.0,0.2,296.01,5.4
1753600039184,07:07:19.184,phemex,AAVE/USDT:USDT,295.98,0.4,295.97,1.7,296.01,5.4,296.06,1.3
1753600039198,07:07:19.198,phemex,AAVE/USDT:USDT,295.98,0.4,295.97,1.7,296.01,5.4,296.04,0.4
1753600039203,07:07:19.203,phemex,AAVE/USDT:USDT,295.98,0.4,295.97,1.7,296.01,5.4,296.04,0.4
1753600039884,07:07:19.884,phemex,AAVE/USDT:USDT,295.98,0.4,295.97,1.7,296.01,5.4,296.04,0.4
1753600041712,07:07:21.712,phemex,AAVE/USDT:USDT,295.98,0.4,295.97,1.7,296.01,5.4,296.04,0.4
1753600041730,07:07:21.730,phemex,AAVE/USDT:USDT,295.98,0.4,295.97,1.7,296.01,5.4,296.04,0.4
1753600041776,07:07:21.776,phemex,AAVE/USDT:USDT,295.98,0.4,295.97,1.7,296.01,5.4,296.04,0.4
1753600042439,07:07:22.439,phemex,AAVE/USDT:USDT,295.97,1.7,295.94,17.7,296.01,5.4,296.04,0.4
1753600042612,07:07:22.612,phemex,AAVE/USDT:USDT,295.97,1.7,295.94,17.7,296.01,5.4,296.04,0.4
1753600042854,07:07:22.854,phemex,AAVE/USDT:USDT,295.98,0.4,295.97,1.7,296.01,5.4,296.04,0.4
1753600042861,07:07:22.861,phemex,AAVE/USDT:USDT,295.98,0.4,295.97,1.7,296.0,0.2,296.01,5.4
1753600042926,07:07:22.926,phemex,AAVE/USDT:USDT,295.97,1.7,295.94,17.7,296.0,0.2,296.01,5.4
1753600042940,07:07:22.940,phemex,AAVE/USDT:USDT,295.97,1.7,295.94,17.7,295.99,0.2,296.0,0.2
1753600042967,07:07:22.967,phemex,AAVE/USDT:USDT,295.97,1.7,295.94,17.7,295.98,0.2,295.99,0.2
1753600042977,07:07:22.977,phemex,AAVE/USDT:USDT,295.97,1.7,295.94,17.7,295.98,0.2,295.99,0.2
1753600043002,07:07:23.002,phemex,AAVE/USDT:USDT,295.97,1.7,295.94,17.7,295.98,0.2,296.0,0.4
1753600043022,07:07:23.022,phemex,AAVE/USDT:USDT,295.97,1.7,295.94,17.7,295.98,0.2,296.01,5.4
1753600043042,07:07:23.042,phemex,AAVE/USDT:USDT,295.97,1.7,295.94,17.7,295.98,0.2,296.01,5.4
1753600043075,07:07:23.075,phemex,AAVE/USDT:USDT,295.97,1.7,295.94,17.7,295.98,0.2,296.01,5.4
1753600043145,07:07:23.145,phemex,AAVE/USDT:USDT,295.97,1.7,295.94,17.7,295.98,0.2,296.01,5.4
1753600043605,07:07:23.605,phemex,AAVE/USDT:USDT,295.94,17.7,295.93,4.4,295.98,0.6,296.01,5.4
1753600043638,07:07:23.638,phemex,AAVE/USDT:USDT,295.94,17.7,295.93,4.4,295.95,0.2,295.98,0.6
1753600043667,07:07:23.667,phemex,AAVE/USDT:USDT,295.94,17.7,295.93,4.0,295.95,0.2,295.97,0.4
1753600043757,07:07:23.757,phemex,AAVE/USDT:USDT,295.94,17.7,295.93,4.0,295.95,0.2,295.97,0.4
1753600043783,07:07:23.783,phemex,AAVE/USDT:USDT,295.94,17.7,295.93,4.0,295.95,0.2,295.97,0.4
1753600044025,07:07:24.025,phemex,AAVE/USDT:USDT,295.94,17.7,295.93,4.0,295.95,0.2,295.97,0.4
1753600044050,07:07:24.050,phemex,AAVE/USDT:USDT,295.94,17.7,295.93,4.0,295.95,0.2,295.97,0.4
1753600044076,07:07:24.076,phemex,AAVE/USDT:USDT,295.94,17.7,295.93,4.0,295.95,0.2,295.97,0.4
1753600044123,07:07:24.123,phemex,AAVE/USDT:USDT,295.94,17.7,295.93,4.0,295.95,0.2,295.97,0.4
1753600044194,07:07:24.194,phemex,AAVE/USDT:USDT,295.94,19.4,295.93,4.0,295.95,0.2,295.97,0.4
1753600044646,07:07:24.646,phemex,AAVE/USDT:USDT,295.94,19.4,295.93,4.0,295.95,0.2,295.98,0.2
1753600044823,07:07:24.823,phemex,AAVE/USDT:USDT,295.94,19.4,295.93,4.0,295.98,0.2,296.01,5.4
1753600044848,07:07:24.848,phemex,AAVE/USDT:USDT,295.94,19.4,295.93,4.0,295.98,0.2,296.01,5.4
1753600045054,07:07:25.054,phemex,AAVE/USDT:USDT,295.94,19.4,295.93,4.0,295.98,0.6,296.01,5.4
1753600045233,07:07:25.233,phemex,AAVE/USDT:USDT,295.94,19.4,295.93,4.0,295.98,0.6,296.01,5.4
1753600046062,07:07:26.062,phemex,AAVE/USDT:USDT,295.95,0.4,295.94,19.4,295.98,0.2,296.01,5.4
1753600046078,07:07:26.078,phemex,AAVE/USDT:USDT,295.95,0.4,295.94,19.4,295.96,0.2,295.98,0.2
1753600046121,07:07:26.121,phemex,AAVE/USDT:USDT,295.95,0.4,295.94,19.4,295.96,0.2,295.99,0.4
1753600046142,07:07:26.142,phemex,AAVE/USDT:USDT,295.95,0.4,295.94,17.7,295.96,0.2,295.99,0.4
1753600046175,07:07:26.175,phemex,AAVE/USDT:USDT,295.95,0.4,295.94,17.7,295.96,0.2,295.99,0.4
1753600046405,07:07:26.405,phemex,AAVE/USDT:USDT,295.95,0.4,295.94,17.7,295.96,0.2,295.99,0.4
1753600046422,07:07:26.422,phemex,AAVE/USDT:USDT,295.94,17.7,295.93,4.0,295.96,0.2,295.99,0.4
1753600046464,07:07:26.464,phemex,AAVE/USDT:USDT,295.94,17.7,295.93,4.0,295.96,0.2,295.99,0.4
1753600046565,07:07:26.565,phemex,AAVE/USDT:USDT,295.94,17.7,295.93,4.0,295.96,0.2,295.99,0.4
1753600047359,07:07:27.359,phemex,AAVE/USDT:USDT,295.94,17.7,295.93,4.0,295.96,0.2,295.99,0.4
1753600047409,07:07:27.409,phemex,AAVE/USDT:USDT,295.94,11.8,295.93,5.1,295.95,0.2,295.96,0.2
1753600047447,07:07:27.447,phemex,AAVE/USDT:USDT,295.94,11.8,295.93,5.1,295.95,0.6,295.99,0.4
1753600047474,07:07:27.474,phemex,AAVE/USDT:USDT,295.94,11.8,295.9,2.1,295.95,0.6,295.99,0.4
1753600047499,07:07:27.499,phemex,AAVE/USDT:USDT,295.94,11.8,295.9,2.1,295.95,0.6,295.99,0.4
1753600047558,07:07:27.558,phemex,AAVE/USDT:USDT,295.94,13.5,295.9,2.1,295.95,0.6,295.99,0.4
1753600047913,07:07:27.913,phemex,AAVE/USDT:USDT,295.94,13.5,295.9,2.1,295.95,0.6,295.99,0.4
1753600047951,07:07:27.951,phemex,AAVE/USDT:USDT,295.94,13.5,295.9,1.7,295.95,0.6,295.99,0.4
1753600047995,07:07:27.995,phemex,AAVE/USDT:USDT,295.94,13.5,295.9,1.7,295.95,0.6,295.99,0.4
1753600048008,07:07:28.008,phemex,AAVE/USDT:USDT,295.94,13.5,295.9,1.7,295.95,0.6,295.99,0.4
1753600048145,07:07:28.145,phemex,AAVE/USDT:USDT,295.94,13.5,295.9,1.7,295.95,0.6,295.99,0.4
1753600048145,07:07:28.145,phemex,AAVE/USDT:USDT,295.94,13.5,295.9,1.7,295.95,0.6,295.99,0.4
1753600048613,07:07:28.613,phemex,AAVE/USDT:USDT,295.94,13.5,295.9,1.7,295.95,5.2,295.99,1.1
1753600048799,07:07:28.799,phemex,AAVE/USDT:USDT,295.94,13.5,295.91,0.4,295.95,5.2,295.99,1.1
1753600049118,07:07:29.118,phemex,AAVE/USDT:USDT,295.94,11.8,295.91,0.4,295.95,5.2,295.99,1.1
1753600049349,07:07:29.349,phemex,AAVE/USDT:USDT,295.94,11.8,295.9,1.7,295.95,5.2,295.99,1.1
1753600049379,07:07:29.379,phemex,AAVE/USDT:USDT,295.94,11.8,295.9,1.7,295.95,5.2,295.99,1.1
1753600049665,07:07:29.665,phemex,AAVE/USDT:USDT,295.94,11.8,295.91,0.4,295.95,5.2,295.99,1.1
1753600050028,07:07:30.028,phemex,AAVE/USDT:USDT,295.94,11.8,295.91,0.4,295.95,5.2,295.99,1.1
1753600050070,07:07:30.070,phemex,AAVE/USDT:USDT,295.94,11.8,295.91,0.4,295.95,5.2,295.99,1.1
1753600050259,07:07:30.259,phemex,AAVE/USDT:USDT,295.94,13.5,295.91,0.4,295.95,4.6,295.99,1.1
1753600050271,07:07:30.271,phemex,AAVE/USDT:USDT,295.94,13.5,295.91,0.4,295.95,4.6,295.99,1.1
1753600050295,07:07:30.295,phemex,AAVE/USDT:USDT,295.94,13.5,295.91,0.4,295.95,4.6,295.99,1.1
1753600050313,07:07:30.313,phemex,AAVE/USDT:USDT,295.94,13.5,295.91,0.4,295.95,4.6,295.99,1.1
1753600050338,07:07:30.338,phemex,AAVE/USDT:USDT,295.94,13.5,295.91,0.4,295.95,4.6,295.99,1.1
1753600050605,07:07:30.605,phemex,AAVE/USDT:USDT,295.94,11.8,295.91,0.4,295.95,4.6,295.99,1.1
1753600050647,07:07:30.647,phemex,AAVE/USDT:USDT,295.94,11.8,295.91,0.4,295.95,4.6,295.99,1.1
1753600050706,07:07:30.706,phemex,AAVE/USDT:USDT,295.94,11.8,295.91,0.4,295.95,4.6,295.99,1.1
1753600050900,07:07:30.900,phemex,AAVE/USDT:USDT,295.94,11.8,295.91,0.4,295.95,4.6,295.99,1.1
1753600050962,07:07:30.962,phemex,AAVE/USDT:USDT,295.94,11.8,295.91,0.4,295.95,4.6,295.99,1.1
1753600051270,07:07:31.270,phemex,AAVE/USDT:USDT,295.94,11.8,295.91,0.4,295.95,4.6,295.99,1.1
1753600051314,07:07:31.314,phemex,AAVE/USDT:USDT,295.94,11.8,295.91,0.4,295.95,4.6,295.99,1.1
1753600051322,07:07:31.322,phemex,AAVE/USDT:USDT,295.94,11.8,295.91,0.4,295.95,4.6,295.99,1.1
1753600051735,07:07:31.735,phemex,AAVE/USDT:USDT,295.94,11.8,295.91,0.4,295.95,4.6,295.99,1.1
1753600052489,07:07:32.489,phemex,AAVE/USDT:USDT,295.94,11.8,295.91,0.4,295.95,4.6,295.99,1.1
1753600052998,07:07:32.998,phemex,AAVE/USDT:USDT,295.94,11.8,295.91,5.3,295.95,4.6,295.99,1.1
1753600053446,07:07:33.446,phemex,AAVE/USDT:USDT,295.94,11.8,295.91,5.3,295.95,4.6,295.99,1.1
1753600053476,07:07:33.476,phemex,AAVE/USDT:USDT,295.94,11.8,295.91,5.3,295.95,4.6,295.99,1.1
1753600053723,07:07:33.723,phemex,AAVE/USDT:USDT,295.94,11.8,295.91,5.3,295.95,4.6,295.99,1.1
1753600054797,07:07:34.797,phemex,AAVE/USDT:USDT,295.94,11.8,295.91,4.9,295.95,4.6,295.99,1.1
1753600056016,07:07:36.016,phemex,AAVE/USDT:USDT,295.94,11.8,295.91,4.9,295.95,4.6,295.99,1.1
1753600056032,07:07:36.032,phemex,AAVE/USDT:USDT,295.94,11.8,295.91,4.9,295.95,4.6,295.99,1.1
1753600056111,07:07:36.111,phemex,AAVE/USDT:USDT,295.94,11.8,295.91,4.9,295.95,4.6,295.99,1.1
1753600056134,07:07:36.134,phemex,AAVE/USDT:USDT,295.94,11.8,295.91,4.9,295.95,4.6,295.99,1.1
1753600057296,07:07:37.296,phemex,AAVE/USDT:USDT,295.94,11.8,295.91,4.9,295.99,1.1,296.01,5.4
1753600057418,07:07:37.418,phemex,AAVE/USDT:USDT,295.96,0.4,295.94,11.8,295.99,0.7,296.01,5.4
1753600057419,07:07:37.419,phemex,AAVE/USDT:USDT,295.96,0.4,295.94,11.8,295.99,0.7,296.01,5.4
1753600057467,07:07:37.467,phemex,AAVE/USDT:USDT,295.96,0.4,295.94,11.8,295.99,0.7,296.01,5.4
1753600057515,07:07:37.515,phemex,AAVE/USDT:USDT,295.96,0.4,295.94,11.8,295.99,0.7,296.01,5.4
1753600058852,07:07:38.852,phemex,AAVE/USDT:USDT,295.96,0.4,295.94,11.8,295.99,0.7,296.01,5.4
1753600058909,07:07:38.909,phemex,AAVE/USDT:USDT,295.96,0.4,295.94,11.8,295.99,0.7,296.01,5.4
1753600059588,07:07:39.588,phemex,AAVE/USDT:USDT,295.96,0.4,295.94,11.8,295.97,0.2,295.99,0.7
1753600059609,07:07:39.609,phemex,AAVE/USDT:USDT,295.96,0.4,295.94,11.8,295.97,0.2,295.99,0.7
1753600059663,07:07:39.663,phemex,AAVE/USDT:USDT,295.96,0.4,295.94,11.8,295.97,0.2,295.99,0.7
1753600059824,07:07:39.824,phemex,AAVE/USDT:USDT,295.96,0.4,295.94,11.8,295.99,0.7,296.01,5.4
1753600060922,07:07:40.922,phemex,AAVE/USDT:USDT,295.96,0.4,295.94,11.8,295.99,0.7,296.01,5.4
1753600061691,07:07:41.691,phemex,AAVE/USDT:USDT,295.96,0.4,295.94,11.8,295.99,0.7,296.01,5.4
1753600061805,07:07:41.805,phemex,AAVE/USDT:USDT,295.96,0.4,295.94,11.8,295.99,0.7,296.01,5.4
1753600061812,07:07:41.812,phemex,AAVE/USDT:USDT,295.96,0.4,295.94,11.8,295.99,0.7,296.01,5.4
1753600062067,07:07:42.067,phemex,AAVE/USDT:USDT,295.96,0.4,295.94,11.8,295.99,0.7,296.01,5.4
1753600062974,07:07:42.974,phemex,AAVE/USDT:USDT,295.96,0.4,295.94,11.8,295.98,0.2,295.99,0.7
1753600063006,07:07:43.006,phemex,AAVE/USDT:USDT,295.96,0.4,295.94,11.8,295.97,0.2,295.98,0.2
1753600063045,07:07:43.045,phemex,AAVE/USDT:USDT,295.96,0.4,295.94,11.8,295.99,0.7,296.01,5.4
1753600064472,07:07:44.472,phemex,AAVE/USDT:USDT,295.96,0.4,295.94,11.8,295.99,0.7,296.01,5.4
1753600064512,07:07:44.512,phemex,AAVE/USDT:USDT,295.96,0.4,295.94,11.8,295.99,0.7,296.01,5.4
1753600064656,07:07:44.656,phemex,AAVE/USDT:USDT,295.96,0.4,295.94,11.8,295.99,0.7,296.01,5.4
1753600064699,07:07:44.699,phemex,AAVE/USDT:USDT,295.96,0.4,295.94,11.8,295.99,0.7,296.01,5.4
1753600064900,07:07:44.900,phemex,AAVE/USDT:USDT,295.96,0.4,295.94,11.8,295.99,0.7,296.01,5.4
1753600065711,07:07:45.711,phemex,AAVE/USDT:USDT,295.96,0.4,295.94,11.8,295.99,0.7,296.01,5.4
1753600065720,07:07:45.720,phemex,AAVE/USDT:USDT,295.96,0.4,295.94,11.8,295.99,0.7,296.01,5.4
1753600065864,07:07:45.864,phemex,AAVE/USDT:USDT,295.96,0.4,295.94,11.8,296.01,5.4,296.02,1.6
1753600065886,07:07:45.886,phemex,AAVE/USDT:USDT,295.96,0.4,295.94,11.8,296.01,5.4,296.02,0.4
1753600065919,07:07:45.919,phemex,AAVE/USDT:USDT,295.96,0.4,295.94,11.8,296.01,5.4,296.02,0.4
1753600066202,07:07:46.202,phemex,AAVE/USDT:USDT,295.96,0.4,295.94,11.8,296.0,0.4,296.01,5.4
1753600066712,07:07:46.712,phemex,AAVE/USDT:USDT,295.96,0.4,295.94,11.8,296.01,5.4,296.05,0.4
1753600066773,07:07:46.773,phemex,AAVE/USDT:USDT,295.96,0.4,295.94,11.8,296.0,0.4,296.01,5.4
1753600067365,07:07:47.365,phemex,AAVE/USDT:USDT,295.96,0.4,295.94,11.8,296.0,0.4,296.01,5.4
1753600067905,07:07:47.905,phemex,AAVE/USDT:USDT,295.94,11.8,295.93,0.4,296.0,0.4,296.01,5.4
1753600067929,07:07:47.929,phemex,AAVE/USDT:USDT,295.94,11.8,295.93,0.4,295.97,0.2,296.0,0.4
1753600067944,07:07:47.944,phemex,AAVE/USDT:USDT,295.94,11.8,295.93,0.4,295.97,0.2,295.98,0.9
1753600067969,07:07:47.969,phemex,AAVE/USDT:USDT,295.94,11.8,295.93,0.4,295.97,0.2,295.98,0.9
1753600068044,07:07:48.044,phemex,AAVE/USDT:USDT,295.94,11.8,295.93,0.4,295.97,0.2,295.98,0.9
1753600069046,07:07:49.046,phemex,AAVE/USDT:USDT,295.95,0.4,295.94,11.8,295.98,0.9,296.0,0.4
1753600069152,07:07:49.152,phemex,AAVE/USDT:USDT,295.95,0.4,295.94,11.8,296.0,0.4,296.01,5.4
1753600069163,07:07:49.163,phemex,AAVE/USDT:USDT,295.95,0.4,295.94,11.8,296.0,0.4,296.01,5.4
1753600069208,07:07:49.208,phemex,AAVE/USDT:USDT,295.95,0.4,295.94,11.8,296.0,0.4,296.01,5.4
1753600069600,07:07:49.600,phemex,AAVE/USDT:USDT,295.94,11.8,295.92,0.4,296.0,0.4,296.01,5.4
1753600069608,07:07:49.608,phemex,AAVE/USDT:USDT,295.94,11.8,295.92,0.4,295.96,0.2,296.0,0.4
1753600069633,07:07:49.633,phemex,AAVE/USDT:USDT,295.94,11.8,295.92,0.4,295.95,0.2,295.96,0.2
1753600069648,07:07:49.648,phemex,AAVE/USDT:USDT,295.94,11.8,295.92,0.4,295.95,0.2,296.0,0.4
1753600069685,07:07:49.685,phemex,AAVE/USDT:USDT,295.94,11.8,295.92,0.4,295.95,0.2,296.0,1.6
1753600069738,07:07:49.738,phemex,AAVE/USDT:USDT,295.94,11.8,295.91,4.9,295.95,0.2,296.0,1.6
1753600069772,07:07:49.772,phemex,AAVE/USDT:USDT,295.94,11.8,295.91,4.9,295.95,0.2,296.0,1.6
1753600070522,07:07:50.522,phemex,AAVE/USDT:USDT,295.94,11.8,295.91,4.9,295.95,0.2,296.0,1.6
1753600070734,07:07:50.734,phemex,AAVE/USDT:USDT,295.94,11.8,295.91,4.9,296.0,1.6,296.01,5.4
1753600070739,07:07:50.739,phemex,AAVE/USDT:USDT,295.94,11.8,295.91,4.9,296.0,0.4,296.01,5.4
1753600070741,07:07:50.741,phemex,AAVE/USDT:USDT,295.94,11.8,295.91,4.9,295.98,0.4,296.01,5.4
1753600070801,07:07:50.801,phemex,AAVE/USDT:USDT,295.94,11.8,295.91,4.9,295.95,0.2,295.98,0.4
1753600070839,07:07:50.839,phemex,AAVE/USDT:USDT,295.94,11.8,295.91,4.9,295.95,0.2,295.98,0.4
1753600070905,07:07:50.905,phemex,AAVE/USDT:USDT,295.94,11.8,295.91,4.9,295.95,0.2,295.98,0.4
1753600071253,07:07:51.253,phemex,AAVE/USDT:USDT,295.94,11.8,295.91,4.9,295.98,0.4,296.0,1.2
1753600071304,07:07:51.304,phemex,AAVE/USDT:USDT,295.94,11.8,295.91,4.9,295.98,0.4,296.01,5.4
1753600071595,07:07:51.595,phemex,AAVE/USDT:USDT,295.94,11.8,295.91,4.9,295.98,0.4,296.01,5.4
1753600072273,07:07:52.273,phemex,AAVE/USDT:USDT,295.94,11.8,295.91,4.9,296.01,5.4,296.04,1.2
1753600072302,07:07:52.302,phemex,AAVE/USDT:USDT,295.95,0.4,295.94,11.8,296.0,0.4,296.01,5.4
1753600072321,07:07:52.321,phemex,AAVE/USDT:USDT,295.95,0.4,295.94,11.8,296.0,0.4,296.01,5.4
1753600073071,07:07:53.071,phemex,AAVE/USDT:USDT,295.95,0.4,295.94,11.8,296.01,5.4,296.04,1.2
1753600073215,07:07:53.215,phemex,AAVE/USDT:USDT,295.95,0.4,295.94,11.8,296.0,0.4,296.01,5.4
1753600073286,07:07:53.286,phemex,AAVE/USDT:USDT,295.95,0.4,295.94,11.8,296.0,0.4,296.01,5.4
1753600073681,07:07:53.681,phemex,AAVE/USDT:USDT,295.95,0.4,295.94,11.8,296.0,0.4,296.01,6.4
1753600074024,07:07:54.024,phemex,AAVE/USDT:USDT,295.95,0.4,295.94,11.8,296.0,0.4,296.01,6.4
1753600074216,07:07:54.216,phemex,AAVE/USDT:USDT,295.95,0.4,295.94,11.8,296.0,0.4,296.01,6.4
1753600074381,07:07:54.381,phemex,AAVE/USDT:USDT,295.95,0.4,295.94,11.8,296.0,0.4,296.01,6.4
1753600074438,07:07:54.438,phemex,AAVE/USDT:USDT,295.95,0.4,295.94,11.8,296.0,0.4,296.01,6.4
1753600074507,07:07:54.507,phemex,AAVE/USDT:USDT,295.95,0.4,295.94,11.8,296.0,0.4,296.01,6.4
1753600074546,07:07:54.546,phemex,AAVE/USDT:USDT,295.95,0.4,295.94,11.8,296.0,0.4,296.01,6.4
1753600074575,07:07:54.575,phemex,AAVE/USDT:USDT,295.95,0.4,295.94,11.8,296.0,0.4,296.01,6.4
1753600074596,07:07:54.596,phemex,AAVE/USDT:USDT,295.95,0.4,295.94,11.8,296.0,0.4,296.01,6.4
1753600074624,07:07:54.624,phemex,AAVE/USDT:USDT,295.95,0.4,295.94,11.8,296.0,0.4,296.01,6.4
1753600074672,07:07:54.672,phemex,AAVE/USDT:USDT,295.95,0.4,295.94,11.8,296.0,0.4,296.01,6.4
1753600075314,07:07:55.314,phemex,AAVE/USDT:USDT,295.95,0.4,295.94,11.8,296.0,0.4,296.01,6.4
1753600075329,07:07:55.329,phemex,AAVE/USDT:USDT,295.95,0.4,295.94,11.8,296.0,0.4,296.01,6.4
1753600075586,07:07:55.586,phemex,AAVE/USDT:USDT,295.95,0.4,295.94,11.8,296.0,0.4,296.01,6.4
1753600076622,07:07:56.622,phemex,AAVE/USDT:USDT,295.94,11.8,295.92,0.4,296.0,0.4,296.01,6.4
1753600076648,07:07:56.648,phemex,AAVE/USDT:USDT,295.94,11.8,295.92,0.4,295.96,0.2,296.0,0.4
1753600076663,07:07:56.663,phemex,AAVE/USDT:USDT,295.94,11.8,295.92,0.4,295.96,0.2,296.0,0.4
1753600076740,07:07:56.740,phemex,AAVE/USDT:USDT,295.94,11.8,295.92,0.4,295.96,0.2,296.0,0.4
1753600077693,07:07:57.693,phemex,AAVE/USDT:USDT,295.94,11.8,295.92,0.4,296.0,0.4,296.01,7.6
1753600077746,07:07:57.746,phemex,AAVE/USDT:USDT,295.94,11.8,295.92,0.4,296.0,0.4,296.01,6.4
1753600078815,07:07:58.815,phemex,AAVE/USDT:USDT,295.95,0.4,295.94,11.8,296.0,0.4,296.01,6.4
1753600078824,07:07:58.824,phemex,AAVE/USDT:USDT,295.95,0.4,295.94,11.8,295.97,0.2,296.0,0.4
1753600078864,07:07:58.864,phemex,AAVE/USDT:USDT,295.95,0.4,295.94,11.8,295.97,0.2,296.0,0.4
1753600079663,07:07:59.663,phemex,AAVE/USDT:USDT,295.94,11.8,295.92,0.4,295.96,0.2,295.97,0.2
1753600080034,07:08:00.034,phemex,AAVE/USDT:USDT,295.94,11.8,295.92,0.4,295.96,0.2,295.97,0.2
1753600080064,07:08:00.064,phemex,AAVE/USDT:USDT,295.94,11.8,295.92,0.4,295.96,0.2,295.97,0.2
1753600080200,07:08:00.200,phemex,AAVE/USDT:USDT,295.94,11.8,295.92,0.4,295.96,0.2,296.0,0.4
1753600080247,07:08:00.247,phemex,AAVE/USDT:USDT,295.94,11.8,295.92,0.4,295.96,0.2,296.0,0.4
1753600080719,07:08:00.719,phemex,AAVE/USDT:USDT,295.94,11.8,295.92,0.4,295.96,0.2,296.0,0.4
1753600080772,07:08:00.772,phemex,AAVE/USDT:USDT,295.94,11.8,295.92,0.4,296.0,0.4,296.01,7.6
1753600080791,07:08:00.791,phemex,AAVE/USDT:USDT,295.94,11.8,295.92,0.4,296.0,0.4,296.01,6.4
1753600080826,07:08:00.826,phemex,AAVE/USDT:USDT,295.94,11.8,295.92,0.4,296.0,0.4,296.01,6.4
1753600080920,07:08:00.920,phemex,AAVE/USDT:USDT,295.95,0.4,295.94,11.8,296.0,0.4,296.01,6.4
1753600080973,07:08:00.973,phemex,AAVE/USDT:USDT,295.95,0.4,295.94,11.8,295.96,0.2,296.0,0.4
1753600081014,07:08:01.014,phemex,AAVE/USDT:USDT,295.95,0.4,295.94,11.8,295.96,0.2,296.0,0.4
1753600081093,07:08:01.093,phemex,AAVE/USDT:USDT,295.95,0.4,295.94,11.8,295.96,0.2,296.0,0.4
1753600081274,07:08:01.274,phemex,AAVE/USDT:USDT,295.95,0.4,295.94,11.8,296.0,0.4,296.01,7.6
1753600081297,07:08:01.297,phemex,AAVE/USDT:USDT,295.95,0.4,295.94,11.8,296.0,0.4,296.01,6.4
1753600081353,07:08:01.353,phemex,AAVE/USDT:USDT,295.95,0.4,295.94,11.8,296.0,0.4,296.01,6.4
1753600081932,07:08:01.932,phemex,AAVE/USDT:USDT,295.94,11.8,295.92,0.4,296.0,0.4,296.01,6.4
1753600082022,07:08:02.022,phemex,AAVE/USDT:USDT,295.94,11.8,295.92,0.4,295.96,0.2,296.0,0.4
1753600082076,07:08:02.076,phemex,AAVE/USDT:USDT,295.94,11.8,295.91,4.9,295.96,0.2,296.0,0.4
1753600082105,07:08:02.105,phemex,AAVE/USDT:USDT,295.94,11.8,295.91,4.9,295.96,0.2,296.0,0.4
1753600082132,07:08:02.132,phemex,AAVE/USDT:USDT,295.94,11.8,295.91,4.9,295.96,0.2,296.0,0.4
1753600082236,07:08:02.236,phemex,AAVE/USDT:USDT,295.94,11.8,295.91,4.9,295.96,0.2,296.0,0.4
1753600082629,07:08:02.629,phemex,AAVE/USDT:USDT,295.95,0.4,295.94,13.7,296.01,6.4,296.05,0.4
1753600082653,07:08:02.653,phemex,AAVE/USDT:USDT,295.95,0.4,295.94,13.7,295.99,0.4,296.0,0.4
1753600082668,07:08:02.668,phemex,AAVE/USDT:USDT,295.94,13.7,295.92,0.4,295.99,0.4,296.0,0.4
1753600082793,07:08:02.793,phemex,AAVE/USDT:USDT,295.94,13.7,295.92,0.4,295.99,0.4,296.01,6.4
1753600082856,07:08:02.856,phemex,AAVE/USDT:USDT,295.94,13.7,295.92,0.4,295.96,0.2,295.99,0.4
1753600082886,07:08:02.886,phemex,AAVE/USDT:USDT,295.94,13.7,295.92,0.4,295.96,0.2,295.99,0.4
1753600082972,07:08:02.972,phemex,AAVE/USDT:USDT,295.94,13.7,295.92,0.4,295.99,0.4,296.01,7.6
1753600082995,07:08:02.995,phemex,AAVE/USDT:USDT,295.94,13.7,295.92,0.4,295.99,0.4,296.01,6.4
1753600083104,07:08:03.104,phemex,AAVE/USDT:USDT,295.95,0.4,295.94,13.7,296.01,6.4,296.02,0.4
1753600083137,07:08:03.137,phemex,AAVE/USDT:USDT,295.95,0.4,295.94,13.7,295.96,0.2,296.01,6.4
1753600083157,07:08:03.157,phemex,AAVE/USDT:USDT,295.95,0.4,295.94,13.7,295.96,0.2,296.01,7.6
1753600083201,07:08:03.201,phemex,AAVE/USDT:USDT,295.94,13.7,295.92,0.4,295.96,0.2,296.0,0.4
1753600083217,07:08:03.217,phemex,AAVE/USDT:USDT,295.94,13.7,295.92,0.4,295.95,0.2,295.96,0.2
1753600083236,07:08:03.236,phemex,AAVE/USDT:USDT,295.94,13.7,295.92,0.4,295.95,0.2,296.0,0.4
1753600083278,07:08:03.278,phemex,AAVE/USDT:USDT,295.94,13.7,295.92,0.4,295.95,0.2,296.0,1.6
1753600083334,07:08:03.334,phemex,AAVE/USDT:USDT,295.94,13.7,295.92,0.4,295.95,0.2,296.0,1.6
1753600083937,07:08:03.937,phemex,AAVE/USDT:USDT,295.95,0.4,295.94,13.7,295.99,0.4,296.01,6.4
1753600083942,07:08:03.942,phemex,AAVE/USDT:USDT,295.95,0.4,295.94,13.7,295.97,0.2,295.99,0.4
1753600083970,07:08:03.970,phemex,AAVE/USDT:USDT,295.95,0.4,295.94,13.7,295.97,0.2,295.99,0.4
1753600084036,07:08:04.036,phemex,AAVE/USDT:USDT,295.95,0.4,295.94,13.7,295.99,0.4,296.01,6.4
1753600084452,07:08:04.452,phemex,AAVE/USDT:USDT,295.94,13.7,295.92,0.4,295.97,0.2,295.99,0.4
1753600084508,07:08:04.508,phemex,AAVE/USDT:USDT,295.94,13.7,295.92,0.4,295.96,0.2,295.97,0.2
1753600084548,07:08:04.548,phemex,AAVE/USDT:USDT,295.94,13.7,295.92,0.4,295.96,0.2,295.99,0.4
1753600084571,07:08:04.571,phemex,AAVE/USDT:USDT,295.94,13.7,295.92,0.4,295.96,0.2,295.99,0.4
1753600084606,07:08:04.606,phemex,AAVE/USDT:USDT,295.94,13.7,295.92,0.4,295.96,0.2,295.99,0.4
1753600084666,07:08:04.666,phemex,AAVE/USDT:USDT,295.94,13.7,295.92,0.4,295.95,0.2,295.96,0.2
1753600084710,07:08:04.710,phemex,AAVE/USDT:USDT,295.94,13.7,295.92,0.4,295.95,0.2,295.99,0.4
1753600084731,07:08:04.731,phemex,AAVE/USDT:USDT,295.94,13.7,295.92,0.4,295.95,0.2,295.99,0.4
1753600084766,07:08:04.766,phemex,AAVE/USDT:USDT,295.94,13.7,295.92,0.4,295.95,0.2,295.99,0.4
1753600085264,07:08:05.264,phemex,AAVE/USDT:USDT,295.94,13.7,295.92,0.4,295.99,0.4,296.0,1.2
1753600085276,07:08:05.276,phemex,AAVE/USDT:USDT,295.94,13.7,295.92,0.4,295.99,0.4,296.01,6.4
1753600085427,07:08:05.427,phemex,AAVE/USDT:USDT,295.95,0.4,295.94,13.7,295.99,0.4,296.01,6.4
1753600085458,07:08:05.458,phemex,AAVE/USDT:USDT,295.95,0.4,295.94,13.7,295.97,0.2,295.99,0.4
1753600085564,07:08:05.564,phemex,AAVE/USDT:USDT,295.95,0.4,295.94,13.7,295.97,0.2,295.99,0.4
1753600086461,07:08:06.461,phemex,AAVE/USDT:USDT,295.95,0.4,295.94,13.7,295.96,0.2,295.97,0.2
1753600086471,07:08:06.471,phemex,AAVE/USDT:USDT,295.95,0.4,295.94,13.7,295.96,0.2,295.99,0.4
1753600086513,07:08:06.513,phemex,AAVE/USDT:USDT,295.95,0.4,295.94,13.7,295.96,0.2,295.99,0.4
1753600086563,07:08:06.563,phemex,AAVE/USDT:USDT,295.95,0.4,295.94,13.7,295.99,0.4,296.01,7.6
1753600086571,07:08:06.571,phemex,AAVE/USDT:USDT,295.95,0.4,295.94,13.7,295.99,0.4,296.01,6.4
1753600086573,07:08:06.573,phemex,AAVE/USDT:USDT,295.95,0.4,295.94,13.7,295.99,0.4,296.01,6.4
1753600087285,07:08:07.285,phemex,AAVE/USDT:USDT,295.95,0.4,295.94,13.7,296.01,6.4,296.02,1.2
1753600087298,07:08:07.298,phemex,AAVE/USDT:USDT,295.95,0.4,295.94,13.7,296.01,6.4,296.05,0.4
1753600087320,07:08:07.320,phemex,AAVE/USDT:USDT,295.95,0.4,295.94,13.7,296.01,6.4,296.05,0.4
1753600087737,07:08:07.737,phemex,AAVE/USDT:USDT,295.95,0.4,295.94,13.7,296.0,0.4,296.01,6.4
1753600087860,07:08:07.860,phemex,AAVE/USDT:USDT,295.95,0.4,295.94,13.7,296.01,6.4,296.05,0.4
1753600087887,07:08:07.887,phemex,AAVE/USDT:USDT,295.95,0.4,295.94,13.7,296.01,6.4,296.05,0.4
1753600087917,07:08:07.917,phemex,AAVE/USDT:USDT,295.95,0.4,295.94,13.7,296.01,6.4,296.05,0.4
1753600087937,07:08:07.937,phemex,AAVE/USDT:USDT,295.95,0.4,295.94,13.7,296.01,6.4,296.05,0.4
1753600087973,07:08:07.973,phemex,AAVE/USDT:USDT,295.95,0.4,295.94,13.7,296.01,6.4,296.05,0.4
1753600088004,07:08:08.004,phemex,AAVE/USDT:USDT,295.95,0.4,295.94,13.7,296.01,6.4,296.05,0.4
1753600088090,07:08:08.090,phemex,AAVE/USDT:USDT,295.95,0.4,295.94,13.7,296.01,6.4,296.05,0.4
1753600088215,07:08:08.215,phemex,AAVE/USDT:USDT,295.95,0.4,295.94,13.7,296.01,6.4,296.05,0.4
1753600088483,07:08:08.483,phemex,AAVE/USDT:USDT,295.95,0.4,295.94,13.7,296.01,6.4,296.05,0.4
1753600088536,07:08:08.536,phemex,AAVE/USDT:USDT,295.95,0.4,295.94,13.7,296.01,6.4,296.05,0.4
1753600088646,07:08:08.646,phemex,AAVE/USDT:USDT,295.95,0.4,295.94,13.7,296.01,6.4,296.05,0.4
1753600088684,07:08:08.684,phemex,AAVE/USDT:USDT,295.95,0.4,295.94,13.7,296.01,6.4,296.05,0.4
1753600088770,07:08:08.770,phemex,AAVE/USDT:USDT,295.95,0.4,295.94,13.7,296.05,0.4,296.06,0.6
1753600088777,07:08:08.777,phemex,AAVE/USDT:USDT,295.95,0.4,295.94,13.7,296.06,0.6,296.08,4.3
1753600088803,07:08:08.803,phemex,AAVE/USDT:USDT,295.95,0.4,295.94,13.7,296.06,0.6,296.08,4.3
1753600088825,07:08:08.825,phemex,AAVE/USDT:USDT,295.95,0.4,295.94,13.7,296.06,0.6,296.08,4.3
1753600088837,07:08:08.837,phemex,AAVE/USDT:USDT,295.95,0.4,295.94,13.7,296.06,0.6,296.08,4.3
1753600089251,07:08:09.251,phemex,AAVE/USDT:USDT,295.95,0.4,295.94,13.7,296.06,0.6,296.08,4.3
1753600089629,07:08:09.629,phemex,AAVE/USDT:USDT,295.95,0.4,295.94,13.7,296.06,0.6,296.08,4.3
1753600090167,07:08:10.167,phemex,AAVE/USDT:USDT,295.95,0.4,295.94,13.7,296.06,0.6,296.09,0.4
1753600090190,07:08:10.190,phemex,AAVE/USDT:USDT,295.95,0.4,295.94,13.7,296.06,0.6,296.09,0.4
1753600091323,07:08:11.323,phemex,AAVE/USDT:USDT,295.95,0.4,295.94,13.7,296.06,0.6,296.09,0.4
1753600091608,07:08:11.608,phemex,AAVE/USDT:USDT,295.95,0.4,295.94,13.7,296.06,1.0,296.09,0.4
1753600091637,07:08:11.637,phemex,AAVE/USDT:USDT,295.95,0.4,295.94,13.7,296.05,0.4,296.06,1.0
1753600091648,07:08:11.648,phemex,AAVE/USDT:USDT,295.95,0.4,295.94,13.7,296.06,0.6,296.09,0.4
1753600091669,07:08:11.669,phemex,AAVE/USDT:USDT,295.95,0.4,295.94,13.7,296.06,0.6,296.09,0.4
1753600091963,07:08:11.963,phemex,AAVE/USDT:USDT,295.95,0.4,295.94,13.7,296.06,0.6,296.09,0.4
1753600092091,07:08:12.091,phemex,AAVE/USDT:USDT,295.95,0.4,295.94,13.7,296.06,0.6,296.09,0.4
1753600092226,07:08:12.226,phemex,AAVE/USDT:USDT,295.95,0.4,295.94,13.7,296.03,0.2,296.05,0.4
1753600092313,07:08:12.313,phemex,AAVE/USDT:USDT,295.95,0.4,295.94,13.7,296.03,0.2,296.05,0.4
1753600092959,07:08:12.959,phemex,AAVE/USDT:USDT,295.95,0.4,295.94,13.7,296.02,0.4,296.06,1.0
1753600092988,07:08:12.988,phemex,AAVE/USDT:USDT,295.95,0.4,295.94,13.7,296.0,0.4,296.06,1.0
1753600093021,07:08:13.021,phemex,AAVE/USDT:USDT,295.95,0.4,295.94,13.7,295.97,0.2,296.0,0.4
1753600093042,07:08:13.042,phemex,AAVE/USDT:USDT,295.95,0.4,295.94,13.7,295.97,0.2,296.0,0.4
1753600093115,07:08:13.115,phemex,AAVE/USDT:USDT,295.95,0.4,295.94,13.7,295.97,0.2,296.0,0.4
1753600093241,07:08:13.241,phemex,AAVE/USDT:USDT,295.95,0.4,295.94,13.7,296.03,0.4,296.06,1.0
1753600093288,07:08:13.288,phemex,AAVE/USDT:USDT,295.95,0.4,295.94,13.7,296.03,0.4,296.06,1.0
1753600093306,07:08:13.306,phemex,AAVE/USDT:USDT,295.95,0.4,295.94,13.7,296.03,0.4,296.06,1.0
1753600093846,07:08:13.846,phemex,AAVE/USDT:USDT,295.95,0.4,295.94,13.7,296.06,1.0,296.08,1.2
1753600093857,07:08:13.857,phemex,AAVE/USDT:USDT,295.95,0.4,295.94,13.7,296.05,0.4,296.06,0.6
1753600093914,07:08:13.914,phemex,AAVE/USDT:USDT,295.95,0.4,295.94,13.7,296.05,0.4,296.06,0.6
1753600094630,07:08:14.630,phemex,AAVE/USDT:USDT,295.95,0.4,295.94,13.7,296.05,0.4,296.06,0.6
1753600094648,07:08:14.648,phemex,AAVE/USDT:USDT,295.95,0.4,295.94,13.7,296.05,0.4,296.06,0.6
1753600095251,07:08:15.251,phemex,AAVE/USDT:USDT,295.95,0.4,295.94,13.7,296.05,6.7,296.06,0.6
1753600095418,07:08:15.418,phemex,AAVE/USDT:USDT,295.95,0.4,295.94,13.7,296.03,0.4,296.05,6.3
1753600095456,07:08:15.456,phemex,AAVE/USDT:USDT,295.95,0.4,295.94,13.7,296.03,0.4,296.05,6.3
1753600096119,07:08:16.119,phemex,AAVE/USDT:USDT,295.95,0.4,295.94,13.7,296.03,0.4,296.05,6.3
1753600098205,07:08:18.205,phemex,AAVE/USDT:USDT,295.95,0.4,295.94,13.7,296.05,6.3,296.06,1.0
1753600098230,07:08:18.230,phemex,AAVE/USDT:USDT,295.95,0.4,295.94,13.7,296.05,6.3,296.06,1.0
1753600098288,07:08:18.288,phemex,AAVE/USDT:USDT,295.95,0.4,295.94,13.7,296.04,0.4,296.05,6.3
1753600098397,07:08:18.397,phemex,AAVE/USDT:USDT,295.95,0.4,295.94,13.7,296.04,0.4,296.05,6.3
1753600098412,07:08:18.412,phemex,AAVE/USDT:USDT,295.95,0.4,295.94,13.7,296.04,0.4,296.05,6.3
1753600100912,07:08:20.912,phemex,AAVE/USDT:USDT,295.95,0.4,295.94,13.7,296.04,0.4,296.05,6.3
1753600100921,07:08:20.921,phemex,AAVE/USDT:USDT,295.95,0.4,295.94,13.7,296.04,0.4,296.05,6.3
1753600102105,07:08:22.105,phemex,AAVE/USDT:USDT,295.95,0.4,295.94,13.7,296.05,6.3,296.06,0.6
1753600102136,07:08:22.136,phemex,AAVE/USDT:USDT,295.95,0.4,295.94,13.7,296.05,6.3,296.06,0.6
1753600102251,07:08:22.251,phemex,AAVE/USDT:USDT,295.95,0.4,295.94,13.7,296.04,0.4,296.05,6.3
1753600102661,07:08:22.661,phemex,AAVE/USDT:USDT,295.95,0.4,295.94,13.7,296.0,0.2,296.02,0.2
1753600102684,07:08:22.684,phemex,AAVE/USDT:USDT,295.95,0.4,295.94,13.7,295.96,0.2,295.97,0.2
1753600102787,07:08:22.787,phemex,AAVE/USDT:USDT,295.94,13.7,295.92,0.4,295.95,0.2,296.0,1.6
1753600103021,07:08:23.021,phemex,AAVE/USDT:USDT,295.94,13.7,295.92,0.4,295.95,0.2,296.0,1.6
1753600103048,07:08:23.048,phemex,AAVE/USDT:USDT,295.94,13.7,295.92,0.4,296.0,1.6,296.04,0.4
1753600103073,07:08:23.073,phemex,AAVE/USDT:USDT,295.94,13.7,295.92,0.4,295.99,0.4,296.0,0.2
1753600103100,07:08:23.100,phemex,AAVE/USDT:USDT,295.94,13.7,295.92,0.4,295.99,0.4,296.04,0.4
1753600103150,07:08:23.150,phemex,AAVE/USDT:USDT,295.94,13.7,295.92,0.4,295.99,0.4,296.04,0.4
1753600103207,07:08:23.207,phemex,AAVE/USDT:USDT,295.94,13.7,295.92,0.4,295.99,0.4,296.04,0.4
1753600103226,07:08:23.226,phemex,AAVE/USDT:USDT,295.94,13.7,295.92,0.4,296.04,0.4,296.05,7.5
1753600103272,07:08:23.272,phemex,AAVE/USDT:USDT,295.94,13.7,295.92,0.4,296.04,0.4,296.05,6.3
1753600103291,07:08:23.291,phemex,AAVE/USDT:USDT,295.94,13.7,295.92,0.4,296.04,0.4,296.05,6.3
1753600104262,07:08:24.262,phemex,AAVE/USDT:USDT,295.95,0.4,295.94,13.7,296.0,0.2,296.04,0.4
1753600104302,07:08:24.302,phemex,AAVE/USDT:USDT,295.95,0.4,295.94,13.7,296.0,0.2,296.04,0.4
1753600104305,07:08:24.305,phemex,AAVE/USDT:USDT,295.95,0.4,295.94,13.7,295.98,0.2,295.99,0.4
1753600104372,07:08:24.372,phemex,AAVE/USDT:USDT,295.95,0.4,295.94,13.7,295.98,0.2,295.99,0.4
1753600104478,07:08:24.478,phemex,AAVE/USDT:USDT,295.95,0.4,295.94,13.7,295.98,0.2,295.99,0.4
1753600104735,07:08:24.735,phemex,AAVE/USDT:USDT,295.95,0.4,295.94,13.7,296.04,1.6,296.05,6.3
1753600104753,07:08:24.753,phemex,AAVE/USDT:USDT,295.95,0.4,295.94,13.7,296.01,0.4,296.04,0.4
1753600104781,07:08:24.781,phemex,AAVE/USDT:USDT,295.95,0.4,295.94,13.7,296.01,0.4,296.04,0.4
1753600104782,07:08:24.782,phemex,AAVE/USDT:USDT,295.95,0.4,295.94,13.7,296.01,0.4,296.04,0.4
1753600104832,07:08:24.832,phemex,AAVE/USDT:USDT,295.95,0.4,295.94,13.7,296.01,0.4,296.04,0.4
1753600104904,07:08:24.904,phemex,AAVE/USDT:USDT,295.95,0.4,295.94,13.7,296.04,0.4,296.05,6.3
1753600104913,07:08:24.913,phemex,AAVE/USDT:USDT,295.95,0.4,295.94,13.7,296.04,0.4,296.05,6.3
1753600104953,07:08:24.953,phemex,AAVE/USDT:USDT,295.95,0.4,295.94,13.7,296.04,0.4,296.05,6.3
1753600105038,07:08:25.038,phemex,AAVE/USDT:USDT,295.95,0.4,295.94,13.7,296.04,0.4,296.05,6.3
1753600105219,07:08:25.219,phemex,AAVE/USDT:USDT,295.95,0.4,295.94,13.7,296.04,0.4,296.05,6.3
1753600105402,07:08:25.402,phemex,AAVE/USDT:USDT,295.95,0.4,295.94,13.7,296.04,0.4,296.05,6.3
1753600105414,07:08:25.414,phemex,AAVE/USDT:USDT,295.95,0.4,295.94,13.7,296.04,0.4,296.05,6.3
1753600105713,07:08:25.713,phemex,AAVE/USDT:USDT,295.95,0.4,295.94,13.7,296.04,0.4,296.05,6.3
1753600105721,07:08:25.721,phemex,AAVE/USDT:USDT,295.95,0.4,295.94,13.7,296.04,0.4,296.05,6.3
1753600105768,07:08:25.768,phemex,AAVE/USDT:USDT,295.95,0.4,295.94,13.7,296.04,0.4,296.05,6.3
1753600105901,07:08:25.901,phemex,AAVE/USDT:USDT,295.95,0.4,295.94,13.7,296.05,6.3,296.06,0.6
1753600106129,07:08:26.129,phemex,AAVE/USDT:USDT,295.95,0.4,295.94,13.7,296.05,6.3,296.06,0.6
1753600106537,07:08:26.537,phemex,AAVE/USDT:USDT,295.95,0.4,295.94,13.7,296.06,5.8,296.09,0.4
1753600106656,07:08:26.656,phemex,AAVE/USDT:USDT,295.95,0.4,295.94,13.7,296.06,5.8,296.09,0.4
1753600107057,07:08:27.057,phemex,AAVE/USDT:USDT,295.95,0.4,295.94,13.7,296.06,5.8,296.1,2.0
1753600107087,07:08:27.087,phemex,AAVE/USDT:USDT,295.95,0.4,295.94,13.7,296.06,5.8,296.1,2.0
1753600107447,07:08:27.447,phemex,AAVE/USDT:USDT,295.95,0.4,295.94,13.7,296.01,0.2,296.04,0.2
1753600107496,07:08:27.496,phemex,AAVE/USDT:USDT,295.95,0.4,295.94,13.7,296.0,0.2,296.04,0.2
1753600107561,07:08:27.561,phemex,AAVE/USDT:USDT,295.95,0.4,295.94,13.7,296.0,0.2,296.04,0.2
1753600107585,07:08:27.585,phemex,AAVE/USDT:USDT,295.95,0.4,295.94,13.7,296.04,0.2,296.06,5.8
1753600107608,07:08:27.608,phemex,AAVE/USDT:USDT,295.95,0.4,295.94,13.7,296.04,0.2,296.06,5.8
1753600107654,07:08:27.654,phemex,AAVE/USDT:USDT,295.95,0.4,295.94,13.7,296.06,5.8,296.09,0.4
1753600107712,07:08:27.712,phemex,AAVE/USDT:USDT,295.95,0.4,295.94,13.7,296.05,0.4,296.06,5.8
1753600107725,07:08:27.725,phemex,AAVE/USDT:USDT,295.95,0.4,295.94,13.7,296.04,0.2,296.05,0.4
1753600107806,07:08:27.806,phemex,AAVE/USDT:USDT,295.95,0.4,295.94,13.7,296.06,5.8,296.09,0.4
1753600107830,07:08:27.830,phemex,AAVE/USDT:USDT,295.95,0.4,295.94,13.7,296.06,5.8,296.09,0.4
1753600107849,07:08:27.849,phemex,AAVE/USDT:USDT,295.95,0.4,295.94,13.7,296.06,5.8,296.09,0.4
1753600108376,07:08:28.376,phemex,AAVE/USDT:USDT,295.95,0.4,295.94,13.7,296.06,5.8,296.09,0.4
1753600109160,07:08:29.160,phemex,AAVE/USDT:USDT,295.95,0.4,295.94,13.7,296.05,0.4,296.06,5.8
1753600109207,07:08:29.207,phemex,AAVE/USDT:USDT,295.95,0.4,295.94,13.7,296.04,0.2,296.05,0.4
1753600109249,07:08:29.249,phemex,AAVE/USDT:USDT,295.95,0.4,295.94,13.7,296.02,0.2,296.04,0.6
1753600109265,07:08:29.265,phemex,AAVE/USDT:USDT,295.95,0.4,295.94,13.7,296.01,0.2,296.02,0.2
1753600109311,07:08:29.311,phemex,AAVE/USDT:USDT,295.95,0.4,295.94,13.7,296.01,0.2,296.04,0.4
1753600109329,07:08:29.329,phemex,AAVE/USDT:USDT,295.95,0.4,295.94,13.7,296.01,0.2,296.04,0.4
1753600109415,07:08:29.415,phemex,AAVE/USDT:USDT,295.95,0.4,295.94,13.7,296.04,0.4,296.06,5.8
1753600109925,07:08:29.925,phemex,AAVE/USDT:USDT,295.95,0.4,295.94,13.7,296.04,0.4,296.06,5.8
1753600109991,07:08:29.991,phemex,AAVE/USDT:USDT,295.95,0.4,295.94,13.7,296.04,0.4,296.06,5.8
1753600110025,07:08:30.025,phemex,AAVE/USDT:USDT,295.95,0.4,295.94,13.7,296.04,0.4,296.06,5.8
1753600110084,07:08:30.084,phemex,AAVE/USDT:USDT,295.95,0.4,295.94,13.7,296.04,0.4,296.06,5.8
1753600110381,07:08:30.381,phemex,AAVE/USDT:USDT,295.95,0.4,295.94,13.7,296.04,0.4,296.06,5.8
1753600110519,07:08:30.519,phemex,AAVE/USDT:USDT,295.95,0.4,295.94,13.7,296.04,0.4,296.06,5.8
1753600110690,07:08:30.690,phemex,AAVE/USDT:USDT,295.95,0.4,295.94,13.7,296.06,5.8,296.09,0.4
1753600110696,07:08:30.696,phemex,AAVE/USDT:USDT,295.95,0.4,295.94,13.7,296.06,5.8,296.09,0.4
1753600110756,07:08:30.756,phemex,AAVE/USDT:USDT,295.95,0.4,295.94,13.7,296.06,5.8,296.09,0.4
1753600110793,07:08:30.793,phemex,AAVE/USDT:USDT,295.95,0.4,295.94,13.7,296.06,5.8,296.09,0.4
1753600110847,07:08:30.847,phemex,AAVE/USDT:USDT,295.95,0.4,295.94,13.7,296.06,5.8,296.09,0.4
1753600110966,07:08:30.966,phemex,AAVE/USDT:USDT,295.95,0.4,295.94,13.7,296.06,5.8,296.1,0.8
1753600111015,07:08:31.015,phemex,AAVE/USDT:USDT,295.95,0.4,295.94,13.7,296.06,5.8,296.1,0.8
1753600111076,07:08:31.076,phemex,AAVE/USDT:USDT,295.95,0.4,295.94,13.7,296.06,5.8,296.1,0.8
1753600111129,07:08:31.129,phemex,AAVE/USDT:USDT,295.95,0.4,295.94,13.7,296.06,5.8,296.09,0.4
1753600111175,07:08:31.175,phemex,AAVE/USDT:USDT,295.95,0.4,295.94,13.7,296.06,5.8,296.09,0.4
1753600111303,07:08:31.303,phemex,AAVE/USDT:USDT,295.95,0.4,295.94,13.7,296.06,5.8,296.09,0.4
1753600111413,07:08:31.413,phemex,AAVE/USDT:USDT,295.95,0.4,295.94,13.7,296.1,0.8,296.11,5.4
1753600111443,07:08:31.443,phemex,AAVE/USDT:USDT,295.95,0.4,295.94,13.7,296.1,0.8,296.11,5.4
1753600111486,07:08:31.486,phemex,AAVE/USDT:USDT,295.95,0.4,295.94,13.7,296.1,0.8,296.11,5.4
1753600111512,07:08:31.512,phemex,AAVE/USDT:USDT,295.95,0.4,295.94,13.7,296.1,0.8,296.11,5.4
1753600111765,07:08:31.765,phemex,AAVE/USDT:USDT,295.95,0.4,295.94,13.7,296.09,0.2,296.1,0.8
1753600111857,07:08:31.857,phemex,AAVE/USDT:USDT,295.95,0.4,295.94,13.7,296.09,0.2,296.1,0.8
1753600111874,07:08:31.874,phemex,AAVE/USDT:USDT,295.95,0.4,295.94,13.7,296.09,0.2,296.1,0.8
1753600111919,07:08:31.919,phemex,AAVE/USDT:USDT,295.95,0.4,295.94,13.7,296.09,0.2,296.1,0.8
1753600111957,07:08:31.957,phemex,AAVE/USDT:USDT,295.95,0.4,295.94,13.7,296.09,0.2,296.1,0.8
1753600112049,07:08:32.049,phemex,AAVE/USDT:USDT,295.95,0.4,295.94,13.7,296.09,0.2,296.1,0.8
1753600112862,07:08:32.862,phemex,AAVE/USDT:USDT,295.95,0.4,295.94,13.7,296.1,0.8,296.11,5.4
1753600113016,07:08:33.016,phemex,AAVE/USDT:USDT,295.95,0.4,295.94,13.7,296.1,0.8,296.11,5.4
1753600113017,07:08:33.017,phemex,AAVE/USDT:USDT,295.95,0.4,295.94,13.7,296.1,0.8,296.11,5.4
1753600113068,07:08:33.068,phemex,AAVE/USDT:USDT,295.95,0.4,295.94,13.7,296.1,0.8,296.11,5.4
1753600113419,07:08:33.419,phemex,AAVE/USDT:USDT,295.95,0.4,295.94,13.7,296.1,0.8,296.11,5.4
1753600113938,07:08:33.938,phemex,AAVE/USDT:USDT,295.95,0.4,295.94,13.7,296.1,0.8,296.11,5.4
1753600113959,07:08:33.959,phemex,AAVE/USDT:USDT,295.95,0.4,295.94,13.7,296.1,0.8,296.11,5.4
1753600114421,07:08:34.421,phemex,AAVE/USDT:USDT,296.03,0.7,296.02,1.0,296.1,0.8,296.11,5.4
1753600114508,07:08:34.508,phemex,AAVE/USDT:USDT,296.05,0.4,296.03,0.7,296.1,0.8,296.11,5.4
1753600114523,07:08:34.523,phemex,AAVE/USDT:USDT,296.05,0.4,296.03,0.7,296.09,0.2,296.1,0.8
1753600114539,07:08:34.539,phemex,AAVE/USDT:USDT,296.05,0.4,296.03,0.7,296.09,0.2,296.1,0.8
1753600114866,07:08:34.866,phemex,AAVE/USDT:USDT,296.05,0.4,296.03,0.7,296.09,0.6,296.1,0.8
1753600114921,07:08:34.921,phemex,AAVE/USDT:USDT,296.05,0.4,296.03,0.7,296.06,0.2,296.09,0.6
1753600114990,07:08:34.990,phemex,AAVE/USDT:USDT,296.05,0.4,296.03,0.7,296.06,0.2,296.08,0.4
1753600115009,07:08:35.009,phemex,AAVE/USDT:USDT,296.03,0.7,296.02,1.4,296.06,0.2,296.08,0.4
1753600115075,07:08:35.075,phemex,AAVE/USDT:USDT,296.04,0.4,296.03,0.7,296.06,0.2,296.08,0.4
1753600115102,07:08:35.102,phemex,AAVE/USDT:USDT,296.04,0.4,296.03,0.7,296.05,0.2,296.06,0.2
1753600115128,07:08:35.128,phemex,AAVE/USDT:USDT,296.04,0.4,296.03,0.7,296.05,0.2,296.08,0.4
1753600115314,07:08:35.314,phemex,AAVE/USDT:USDT,296.04,0.4,296.03,0.7,296.08,0.4,296.09,0.2
1753600115358,07:08:35.358,phemex,AAVE/USDT:USDT,296.04,0.4,296.03,0.7,296.08,0.4,296.1,0.8
1753600115433,07:08:35.433,phemex,AAVE/USDT:USDT,296.04,0.4,296.03,0.7,296.08,0.4,296.1,0.8
1753600115473,07:08:35.473,phemex,AAVE/USDT:USDT,296.04,0.4,296.03,0.7,296.1,0.8,296.11,5.4
1753600115500,07:08:35.500,phemex,AAVE/USDT:USDT,296.04,0.4,296.03,0.7,296.09,0.4,296.1,0.8
1753600115627,07:08:35.627,phemex,AAVE/USDT:USDT,296.04,0.4,296.03,0.7,296.07,0.2,296.09,0.4
1753600115678,07:08:35.678,phemex,AAVE/USDT:USDT,296.04,0.4,296.03,0.7,296.07,0.2,296.09,0.4
1753600115796,07:08:35.796,phemex,AAVE/USDT:USDT,296.04,0.4,296.03,0.7,296.07,0.2,296.09,0.4
1753600116024,07:08:36.024,phemex,AAVE/USDT:USDT,296.04,0.4,296.03,0.7,296.07,0.2,296.09,0.4
1753600116103,07:08:36.103,phemex,AAVE/USDT:USDT,296.04,0.4,296.03,0.7,296.07,0.2,296.09,0.4
1753600116141,07:08:36.141,phemex,AAVE/USDT:USDT,296.04,0.4,296.03,0.7,296.07,0.2,296.09,0.4
1753600116195,07:08:36.195,phemex,AAVE/USDT:USDT,296.04,0.4,296.03,0.7,296.09,0.4,296.1,0.8
1753600116219,07:08:36.219,phemex,AAVE/USDT:USDT,296.04,0.4,296.03,0.7,296.1,0.8,296.11,5.4
1753600116262,07:08:36.262,phemex,AAVE/USDT:USDT,296.04,0.4,296.03,0.7,296.1,0.8,296.11,5.4
1753600116299,07:08:36.299,phemex,AAVE/USDT:USDT,296.04,0.4,296.03,0.7,296.1,0.8,296.11,5.4
1753600116310,07:08:36.310,phemex,AAVE/USDT:USDT,296.04,0.4,296.03,0.7,296.1,0.8,296.11,5.4
1753600116341,07:08:36.341,phemex,AAVE/USDT:USDT,296.04,0.4,296.03,0.7,296.1,0.8,296.11,5.4
1753600116431,07:08:36.431,phemex,AAVE/USDT:USDT,296.04,0.4,296.03,0.7,296.1,0.8,296.11,5.4
1753600116441,07:08:36.441,phemex,AAVE/USDT:USDT,296.04,0.4,296.03,0.7,296.1,0.8,296.11,5.4
1753600116550,07:08:36.550,phemex,AAVE/USDT:USDT,296.04,0.4,296.03,0.7,296.1,0.8,296.11,5.4
1753600116610,07:08:36.610,phemex,AAVE/USDT:USDT,296.04,0.4,296.03,0.7,296.1,0.8,296.11,5.4
1753600116627,07:08:36.627,phemex,AAVE/USDT:USDT,296.04,0.4,296.03,0.7,296.1,0.8,296.11,5.4
1753600116671,07:08:36.671,phemex,AAVE/USDT:USDT,296.04,0.4,296.03,0.7,296.1,0.8,296.11,5.4
1753600117207,07:08:37.207,phemex,AAVE/USDT:USDT,296.04,0.4,296.03,0.7,296.1,0.8,296.11,5.4
1753600117255,07:08:37.255,phemex,AAVE/USDT:USDT,296.04,0.4,296.03,0.7,296.1,0.8,296.11,5.4
1753600117294,07:08:37.294,phemex,AAVE/USDT:USDT,296.04,0.4,296.03,0.7,296.1,0.8,296.11,5.4
1753600117315,07:08:37.315,phemex,AAVE/USDT:USDT,296.04,0.4,296.03,0.7,296.13,1.5,296.16,1.6
1753600117342,07:08:37.342,phemex,AAVE/USDT:USDT,296.04,0.4,296.03,0.7,296.13,1.5,296.16,0.4
1753600117354,07:08:37.354,phemex,AAVE/USDT:USDT,296.04,0.4,296.03,0.7,296.13,1.5,296.16,0.4
1753600117487,07:08:37.487,phemex,AAVE/USDT:USDT,296.04,0.4,296.03,0.7,296.13,1.5,296.16,0.4
1753600117488,07:08:37.488,phemex,AAVE/USDT:USDT,296.04,0.4,296.03,0.7,296.13,1.5,296.16,0.4
1753600117497,07:08:37.497,phemex,AAVE/USDT:USDT,296.04,0.4,296.03,0.7,296.13,1.1,296.16,0.4
1753600117967,07:08:37.967,phemex,AAVE/USDT:USDT,296.04,0.4,296.03,0.7,296.13,1.1,296.16,0.4
1753600119364,07:08:39.364,phemex,AAVE/USDT:USDT,296.04,0.4,296.03,0.7,296.13,1.1,296.16,0.4
1753600119403,07:08:39.403,phemex,AAVE/USDT:USDT,296.04,0.4,296.03,0.7,296.13,1.1,296.16,0.4
1753600119449,07:08:39.449,phemex,AAVE/USDT:USDT,296.04,0.4,296.03,0.7,296.13,1.1,296.16,0.4
1753600119515,07:08:39.515,phemex,AAVE/USDT:USDT,296.04,0.4,296.03,0.7,296.13,1.1,296.16,0.4
1753600120120,07:08:40.120,phemex,AAVE/USDT:USDT,296.04,0.4,296.03,0.7,296.13,1.1,296.16,0.4
1753600120194,07:08:40.194,phemex,AAVE/USDT:USDT,296.04,0.4,296.03,0.7,296.13,1.1,296.16,0.4
1753600120377,07:08:40.377,phemex,AAVE/USDT:USDT,296.07,4.5,296.04,0.4,296.13,1.1,296.16,0.4
1753600120432,07:08:40.432,phemex,AAVE/USDT:USDT,296.09,0.4,296.07,4.5,296.13,1.1,296.16,0.4
1753600120547,07:08:40.547,phemex,AAVE/USDT:USDT,296.09,0.4,296.07,4.5,296.13,1.1,296.16,0.4
1753600120797,07:08:40.797,phemex,AAVE/USDT:USDT,296.09,0.4,296.07,4.5,296.13,1.1,296.18,2.2
1753600120869,07:08:40.869,phemex,AAVE/USDT:USDT,296.09,0.4,296.07,4.5,296.13,1.1,296.18,2.2
1753600121278,07:08:41.278,phemex,AAVE/USDT:USDT,296.09,0.4,296.07,4.5,296.13,1.1,296.18,7.0
1753600121835,07:08:41.835,phemex,AAVE/USDT:USDT,296.09,0.4,296.07,4.5,296.13,1.1,296.18,7.0
1753600121847,07:08:41.847,phemex,AAVE/USDT:USDT,296.09,0.4,296.07,4.5,296.13,1.1,296.16,0.4
1753600122035,07:08:42.035,phemex,AAVE/USDT:USDT,296.09,0.4,296.07,4.5,296.13,1.1,296.16,0.4
1753600122047,07:08:42.047,phemex,AAVE/USDT:USDT,296.09,0.4,296.07,4.5,296.13,1.1,296.16,0.4
1753600122106,07:08:42.106,phemex,AAVE/USDT:USDT,296.09,0.4,296.07,4.5,296.13,1.1,296.16,0.4
1753600122586,07:08:42.586,phemex,AAVE/USDT:USDT,296.09,0.4,296.07,4.5,296.13,1.1,296.16,0.4
1753600122817,07:08:42.817,phemex,AAVE/USDT:USDT,296.09,0.4,296.07,4.5,296.13,1.1,296.16,0.4
1753600122817,07:08:42.817,phemex,AAVE/USDT:USDT,296.09,0.4,296.07,4.5,296.13,1.1,296.16,0.4
1753600123380,07:08:43.380,phemex,AAVE/USDT:USDT,296.09,0.4,296.07,4.5,296.13,1.1,296.16,0.4
1753600123473,07:08:43.473,phemex,AAVE/USDT:USDT,296.09,0.4,296.07,4.5,296.13,1.1,296.18,7.0
1753600124570,07:08:44.570,phemex,AAVE/USDT:USDT,296.09,0.4,296.07,4.5,296.13,1.1,296.16,0.4
1753600124927,07:08:44.927,phemex,AAVE/USDT:USDT,296.09,0.4,296.07,4.5,296.13,1.1,296.16,0.4
1753600124959,07:08:44.959,phemex,AAVE/USDT:USDT,296.09,0.4,296.07,4.5,296.13,1.1,296.16,0.4
1753600125674,07:08:45.674,phemex,AAVE/USDT:USDT,296.09,0.4,296.07,4.5,296.13,1.1,296.16,0.4
1753600125674,07:08:45.674,phemex,AAVE/USDT:USDT,296.09,0.4,296.07,4.5,296.13,1.1,296.16,0.4
1753600126433,07:08:46.433,phemex,AAVE/USDT:USDT,296.09,0.4,296.07,4.5,296.13,1.1,296.16,0.4
1753600126460,07:08:46.460,phemex,AAVE/USDT:USDT,296.09,0.4,296.07,4.5,296.13,1.1,296.16,0.4
1753600126847,07:08:46.847,phemex,AAVE/USDT:USDT,296.09,0.4,296.07,4.5,296.13,1.1,296.18,7.0
1753600126879,07:08:46.879,phemex,AAVE/USDT:USDT,296.09,0.4,296.07,4.5,296.13,1.1,296.18,7.0
1753600127388,07:08:47.388,phemex,AAVE/USDT:USDT,296.09,0.4,296.07,4.5,296.18,7.0,296.2,0.4
1753600127407,07:08:47.407,phemex,AAVE/USDT:USDT,296.09,0.4,296.07,4.5,296.18,5.8,296.2,0.4
1753600127924,07:08:47.924,phemex,AAVE/USDT:USDT,296.09,0.4,296.07,4.5,296.16,0.2,296.18,5.8
1753600127956,07:08:47.956,phemex,AAVE/USDT:USDT,296.09,0.4,296.07,4.5,296.16,0.2,296.17,0.4
1753600128024,07:08:48.024,phemex,AAVE/USDT:USDT,296.09,0.4,296.07,4.5,296.17,0.4,296.18,5.8
1753600128045,07:08:48.045,phemex,AAVE/USDT:USDT,296.09,0.4,296.07,4.5,296.17,0.4,296.18,5.8
1753600128101,07:08:48.101,phemex,AAVE/USDT:USDT,296.09,0.4,296.07,4.5,296.17,0.4,296.18,5.8
1753600129101,07:08:49.101,phemex,AAVE/USDT:USDT,296.09,0.4,296.07,4.5,296.17,0.4,296.18,5.8
1753600129150,07:08:49.150,phemex,AAVE/USDT:USDT,296.09,0.4,296.07,4.5,296.17,0.4,296.18,5.8
1753600129151,07:08:49.151,phemex,AAVE/USDT:USDT,296.09,0.4,296.07,4.5,296.17,0.4,296.18,5.8
1753600129233,07:08:49.233,phemex,AAVE/USDT:USDT,296.09,0.4,296.07,4.5,296.17,0.4,296.18,5.8
1753600129272,07:08:49.272,phemex,AAVE/USDT:USDT,296.09,0.4,296.07,4.5,296.17,0.4,296.18,5.8
1753600129339,07:08:49.339,phemex,AAVE/USDT:USDT,296.09,0.4,296.07,4.5,296.17,0.4,296.18,5.8
1753600129342,07:08:49.342,phemex,AAVE/USDT:USDT,296.09,0.4,296.07,4.5,296.17,0.4,296.18,5.8
1753600129451,07:08:49.451,phemex,AAVE/USDT:USDT,296.09,0.4,296.07,4.5,296.17,0.4,296.18,5.8
1753600129619,07:08:49.619,phemex,AAVE/USDT:USDT,296.09,0.4,296.07,4.5,296.17,0.4,296.18,5.8
1753600129722,07:08:49.722,phemex,AAVE/USDT:USDT,296.09,0.4,296.07,4.5,296.17,0.4,296.18,5.8
1753600130323,07:08:50.323,phemex,AAVE/USDT:USDT,296.09,0.4,296.07,4.5,296.17,0.4,296.18,5.8
1753600131193,07:08:51.193,phemex,AAVE/USDT:USDT,296.09,0.4,296.07,4.5,296.17,0.4,296.18,5.8
1753600133104,07:08:53.104,phemex,AAVE/USDT:USDT,296.09,0.4,296.07,4.5,296.18,5.8,296.2,0.4
1753600133130,07:08:53.130,phemex,AAVE/USDT:USDT,296.09,0.4,296.07,4.5,296.18,5.8,296.2,0.4
1753600134047,07:08:54.047,phemex,AAVE/USDT:USDT,296.09,0.4,296.07,4.5,296.18,5.8,296.2,0.4
1753600134513,07:08:54.513,phemex,AAVE/USDT:USDT,296.09,0.4,296.07,4.5,296.18,5.8,296.2,0.4
1753600134617,07:08:54.617,phemex,AAVE/USDT:USDT,296.09,0.4,296.07,4.5,296.18,5.8,296.2,0.4
1753600135939,07:08:55.939,phemex,AAVE/USDT:USDT,296.11,4.0,296.09,0.4,296.18,5.8,296.2,0.4
1753600135972,07:08:55.972,phemex,AAVE/USDT:USDT,296.13,0.4,296.11,4.0,296.18,5.8,296.2,0.4
1753600136064,07:08:56.064,phemex,AAVE/USDT:USDT,296.13,0.4,296.11,4.0,296.18,5.8,296.21,0.6
1753600136076,07:08:56.076,phemex,AAVE/USDT:USDT,296.13,0.4,296.11,4.0,296.18,5.8,296.21,0.6
1753600136141,07:08:56.141,phemex,AAVE/USDT:USDT,296.13,0.4,296.11,4.0,296.18,5.8,296.21,0.6
1753600136175,07:08:56.175,phemex,AAVE/USDT:USDT,296.13,0.4,296.11,4.0,296.18,5.8,296.21,0.6
1753600136344,07:08:56.344,phemex,AAVE/USDT:USDT,296.13,0.4,296.11,4.0,296.18,5.8,296.21,0.6
1753600136363,07:08:56.363,phemex,AAVE/USDT:USDT,296.13,0.4,296.11,4.0,296.18,5.8,296.21,0.6
1753600136407,07:08:56.407,phemex,AAVE/USDT:USDT,296.13,2.2,296.11,4.0,296.23,0.4,296.26,6.6
1753600136436,07:08:56.436,phemex,AAVE/USDT:USDT,296.13,2.2,296.11,4.0,296.23,0.4,296.26,6.6
1753600136602,07:08:56.602,phemex,AAVE/USDT:USDT,296.15,0.4,296.13,1.8,296.26,6.2,296.29,1.6
1753600137300,07:08:57.300,phemex,AAVE/USDT:USDT,296.15,0.4,296.13,1.8,296.25,0.4,296.26,6.2
1753600137499,07:08:57.499,phemex,AAVE/USDT:USDT,296.15,0.4,296.13,1.8,296.22,0.2,296.25,0.4
1753600137537,07:08:57.537,phemex,AAVE/USDT:USDT,296.15,0.4,296.13,1.8,296.21,0.2,296.22,0.2
1753600137554,07:08:57.554,phemex,AAVE/USDT:USDT,296.15,0.4,296.13,1.8,296.21,0.6,296.25,0.4
1753600137595,07:08:57.595,phemex,AAVE/USDT:USDT,296.15,0.4,296.13,1.8,296.21,0.6,296.25,0.4
1753600137702,07:08:57.702,phemex,AAVE/USDT:USDT,296.15,0.4,296.13,1.8,296.21,0.6,296.25,0.4
1753600137716,07:08:57.716,phemex,AAVE/USDT:USDT,296.15,0.4,296.13,1.8,296.21,0.6,296.25,0.4
1753600137914,07:08:57.914,phemex,AAVE/USDT:USDT,296.15,0.4,296.13,1.8,296.2,0.4,296.21,0.2
1753600137968,07:08:57.968,phemex,AAVE/USDT:USDT,296.15,0.4,296.13,1.8,296.2,0.4,296.25,1.6
1753600138029,07:08:58.029,phemex,AAVE/USDT:USDT,296.15,0.4,296.13,1.8,296.25,1.6,296.26,6.2
1753600138067,07:08:58.067,phemex,AAVE/USDT:USDT,296.15,0.4,296.13,1.8,296.23,0.4,296.26,6.2
1753600138126,07:08:58.126,phemex,AAVE/USDT:USDT,296.15,0.4,296.13,1.8,296.23,0.4,296.26,6.2
1753600138137,07:08:58.137,phemex,AAVE/USDT:USDT,296.15,0.4,296.13,1.8,296.26,6.2,296.29,1.6
1753600138247,07:08:58.247,phemex,AAVE/USDT:USDT,296.15,0.4,296.13,1.8,296.25,0.4,296.26,6.2
1753600138275,07:08:58.275,phemex,AAVE/USDT:USDT,296.15,0.4,296.13,1.8,296.25,0.4,296.26,6.2
1753600138525,07:08:58.525,phemex,AAVE/USDT:USDT,296.15,0.4,296.13,1.8,296.25,0.4,296.26,6.2
1753600139313,07:08:59.313,phemex,AAVE/USDT:USDT,296.15,0.4,296.13,1.8,296.25,0.4,296.26,6.2
1753600139331,07:08:59.331,phemex,AAVE/USDT:USDT,296.15,0.4,296.13,1.8,296.25,0.4,296.26,6.2
1753600140047,07:09:00.047,phemex,AAVE/USDT:USDT,296.15,0.4,296.13,1.8,296.25,0.4,296.26,6.2
1753600140998,07:09:00.998,phemex,AAVE/USDT:USDT,296.17,1.2,296.16,5.0,296.25,0.4,296.26,6.2
1753600141009,07:09:01.009,phemex,AAVE/USDT:USDT,296.19,0.4,296.17,1.2,296.23,0.2,296.25,0.4
1753600141232,07:09:01.232,phemex,AAVE/USDT:USDT,296.19,0.4,296.17,1.2,296.23,0.2,296.25,0.4
1753600141255,07:09:01.255,phemex,AAVE/USDT:USDT,296.19,0.4,296.17,1.2,296.23,0.2,296.25,0.4
1753600141354,07:09:01.354,phemex,AAVE/USDT:USDT,296.19,0.4,296.17,1.2,296.23,0.2,296.25,0.4
1753600141376,07:09:01.376,phemex,AAVE/USDT:USDT,296.19,0.4,296.17,1.2,296.23,0.2,296.25,0.4
1753600141464,07:09:01.464,phemex,AAVE/USDT:USDT,296.19,0.4,296.17,1.2,296.23,0.2,296.25,0.4
1753600141910,07:09:01.910,phemex,AAVE/USDT:USDT,296.19,0.4,296.17,1.2,296.23,0.6,296.26,6.2
1753600141968,07:09:01.968,phemex,AAVE/USDT:USDT,296.19,0.4,296.17,1.2,296.22,0.4,296.23,0.2
1753600142002,07:09:02.002,phemex,AAVE/USDT:USDT,296.19,0.4,296.17,1.2,296.21,0.2,296.22,0.4
1753600142057,07:09:02.057,phemex,AAVE/USDT:USDT,296.17,1.2,296.16,5.0,296.21,0.2,296.22,0.4
1753600142078,07:09:02.078,phemex,AAVE/USDT:USDT,296.18,0.4,296.17,1.2,296.21,0.2,296.22,0.4
1753600142134,07:09:02.134,phemex,AAVE/USDT:USDT,296.18,0.4,296.17,1.2,296.22,0.4,296.26,7.4
1753600142167,07:09:02.167,phemex,AAVE/USDT:USDT,296.18,0.4,296.17,1.2,296.22,0.4,296.26,7.4
1753600142437,07:09:02.437,phemex,AAVE/USDT:USDT,296.18,0.4,296.17,1.2,296.22,0.4,296.26,7.4
1753600142491,07:09:02.491,phemex,AAVE/USDT:USDT,296.18,0.4,296.17,1.2,296.22,0.4,296.26,7.4
1753600142563,07:09:02.563,phemex,AAVE/USDT:USDT,296.18,0.4,296.17,1.2,296.26,7.4,296.29,0.4
1753600142571,07:09:02.571,phemex,AAVE/USDT:USDT,296.18,0.4,296.17,1.2,296.24,0.4,296.26,6.2
1753600142597,07:09:02.597,phemex,AAVE/USDT:USDT,296.18,0.4,296.17,1.2,296.24,0.4,296.26,6.2
1753600142603,07:09:02.603,phemex,AAVE/USDT:USDT,296.17,1.2,296.15,0.4,296.24,0.4,296.26,6.2
1753600142648,07:09:02.648,phemex,AAVE/USDT:USDT,296.17,1.2,296.15,0.4,296.24,0.4,296.26,6.2
1753600142668,07:09:02.668,phemex,AAVE/USDT:USDT,296.17,1.2,296.15,0.4,296.24,0.4,296.26,6.2
1753600142814,07:09:02.814,phemex,AAVE/USDT:USDT,296.17,1.2,296.15,0.4,296.24,0.4,296.26,6.2
1753600143155,07:09:03.155,phemex,AAVE/USDT:USDT,296.17,1.2,296.15,0.4,296.19,0.2,296.2,0.2
1753600143187,07:09:03.187,phemex,AAVE/USDT:USDT,296.18,5.1,296.17,1.2,296.19,0.2,296.24,0.4
1753600143209,07:09:03.209,phemex,AAVE/USDT:USDT,296.18,5.1,296.17,1.2,296.19,0.2,296.24,0.4
1753600143250,07:09:03.250,phemex,AAVE/USDT:USDT,296.18,5.1,296.17,1.2,296.19,0.2,296.24,0.4
1753600143375,07:09:03.375,phemex,AAVE/USDT:USDT,296.18,5.1,296.17,1.2,296.24,0.4,296.25,1.2
1753600143399,07:09:03.399,phemex,AAVE/USDT:USDT,296.18,5.1,296.17,1.2,296.24,0.4,296.26,6.2
1753600143449,07:09:03.449,phemex,AAVE/USDT:USDT,296.19,0.4,296.18,5.1,296.21,0.2,296.24,0.4
1753600143548,07:09:03.548,phemex,AAVE/USDT:USDT,296.19,0.4,296.18,5.1,296.21,0.2,296.24,0.4
1753600143776,07:09:03.776,phemex,AAVE/USDT:USDT,296.19,0.4,296.18,5.1,296.2,0.2,296.21,0.2
1753600143829,07:09:03.829,phemex,AAVE/USDT:USDT,296.19,0.4,296.18,5.1,296.2,0.2,296.24,0.4
1753600143848,07:09:03.848,phemex,AAVE/USDT:USDT,296.19,0.4,296.18,5.1,296.24,0.4,296.26,7.4
1753600143863,07:09:03.863,phemex,AAVE/USDT:USDT,296.19,0.4,296.18,5.1,296.24,0.4,296.25,1.2
1753600143887,07:09:03.887,phemex,AAVE/USDT:USDT,296.19,0.4,296.18,5.1,296.24,0.4,296.26,6.2
1753600143958,07:09:03.958,phemex,AAVE/USDT:USDT,296.19,0.4,296.18,5.1,296.23,0.2,296.26,6.2
1753600143973,07:09:03.973,phemex,AAVE/USDT:USDT,296.19,0.4,296.18,5.1,296.22,0.2,296.23,0.2
1753600143988,07:09:03.988,phemex,AAVE/USDT:USDT,296.19,0.4,296.18,5.1,296.22,0.2,296.26,6.2
1753600144023,07:09:04.023,phemex,AAVE/USDT:USDT,296.19,0.4,296.18,5.1,296.22,0.2,296.26,6.2
1753600144076,07:09:04.076,phemex,AAVE/USDT:USDT,296.19,0.4,296.18,5.1,296.22,0.2,296.26,6.2
1753600144114,07:09:04.114,phemex,AAVE/USDT:USDT,296.19,0.4,296.18,5.1,296.26,6.2,296.27,1.2
1753600144130,07:09:04.130,phemex,AAVE/USDT:USDT,296.19,0.4,296.18,5.1,296.26,6.2,296.29,0.4
1753600144173,07:09:04.173,phemex,AAVE/USDT:USDT,296.19,0.4,296.18,5.1,296.26,6.2,296.29,0.4
1753600144356,07:09:04.356,phemex,AAVE/USDT:USDT,296.19,0.4,296.18,5.1,296.22,0.2,296.25,0.4
1753600144397,07:09:04.397,phemex,AAVE/USDT:USDT,296.19,0.4,296.18,5.1,296.22,0.2,296.25,0.4
1753600144584,07:09:04.584,phemex,AAVE/USDT:USDT,296.19,0.4,296.18,5.1,296.22,0.2,296.26,6.2
1753600144616,07:09:04.616,phemex,AAVE/USDT:USDT,296.19,0.4,296.18,5.1,296.26,6.2,296.27,1.2
1753600144636,07:09:04.636,phemex,AAVE/USDT:USDT,296.19,0.4,296.18,5.1,296.26,6.2,296.29,0.4
1753600144658,07:09:04.658,phemex,AAVE/USDT:USDT,296.19,0.4,296.18,5.1,296.26,6.2,296.29,0.4
1753600144660,07:09:04.660,phemex,AAVE/USDT:USDT,296.19,0.4,296.18,5.1,296.26,6.2,296.29,0.4
1753600145251,07:09:05.251,phemex,AAVE/USDT:USDT,296.19,0.4,296.18,5.1,296.25,0.4,296.26,6.2
1753600146016,07:09:06.016,phemex,AAVE/USDT:USDT,296.19,0.4,296.18,5.1,296.25,0.4,296.26,6.2
1753600146030,07:09:06.030,phemex,AAVE/USDT:USDT,296.19,0.4,296.18,5.1,296.25,0.4,296.26,6.2
1753600146085,07:09:06.085,phemex,AAVE/USDT:USDT,296.19,0.4,296.18,5.1,296.25,0.4,296.26,6.2
1753600146398,07:09:06.398,phemex,AAVE/USDT:USDT,296.19,0.4,296.18,5.1,296.25,0.4,296.26,6.2
1753600146401,07:09:06.401,phemex,AAVE/USDT:USDT,296.19,0.4,296.18,5.1,296.25,0.4,296.26,6.2
1753600146723,07:09:06.723,phemex,AAVE/USDT:USDT,296.19,0.4,296.18,5.1,296.25,0.4,296.26,6.2
1753600146748,07:09:06.748,phemex,AAVE/USDT:USDT,296.19,0.4,296.18,5.1,296.25,0.4,296.26,6.2
1753600146944,07:09:06.944,phemex,AAVE/USDT:USDT,296.19,0.4,296.18,5.1,296.25,0.4,296.26,6.2
1753600146973,07:09:06.973,phemex,AAVE/USDT:USDT,296.19,0.4,296.18,5.1,296.25,0.4,296.26,6.2
1753600147088,07:09:07.088,phemex,AAVE/USDT:USDT,296.19,0.4,296.18,5.1,296.25,0.4,296.26,6.2
1753600147121,07:09:07.121,phemex,AAVE/USDT:USDT,296.19,0.4,296.18,5.1,296.26,6.2,296.29,0.4
1753600147134,07:09:07.134,phemex,AAVE/USDT:USDT,296.19,0.4,296.18,5.1,296.26,6.2,296.29,0.4
1753600147152,07:09:07.152,phemex,AAVE/USDT:USDT,296.19,0.4,296.18,5.1,296.26,6.2,296.3,4.3
1753600147158,07:09:07.158,phemex,AAVE/USDT:USDT,296.19,0.4,296.18,5.1,296.26,6.2,296.3,4.3
1753600147241,07:09:07.241,phemex,AAVE/USDT:USDT,296.19,2.2,296.18,5.1,296.26,6.2,296.3,4.3
1753600147264,07:09:07.264,phemex,AAVE/USDT:USDT,296.19,2.2,296.18,5.1,296.26,6.2,296.29,0.4
1753600147288,07:09:07.288,phemex,AAVE/USDT:USDT,296.19,2.2,296.18,5.1,296.26,6.2,296.29,0.4
1753600147364,07:09:07.364,phemex,AAVE/USDT:USDT,296.19,2.2,296.18,5.1,296.26,6.2,296.29,0.4
1753600147427,07:09:07.427,phemex,AAVE/USDT:USDT,296.21,0.4,296.19,1.8,296.26,6.2,296.29,0.4
1753600147483,07:09:07.483,phemex,AAVE/USDT:USDT,296.21,0.4,296.19,1.8,296.26,6.2,296.29,0.4
1753600147546,07:09:07.546,phemex,AAVE/USDT:USDT,296.21,0.4,296.19,1.8,296.26,6.2,296.29,0.4
1753600148144,07:09:08.144,phemex,AAVE/USDT:USDT,296.21,0.4,296.19,1.8,296.26,6.2,296.29,0.4
1753600148239,07:09:08.239,phemex,AAVE/USDT:USDT,296.24,1.1,296.21,0.4,296.26,6.2,296.29,0.4
1753600148298,07:09:08.298,phemex,AAVE/USDT:USDT,296.25,0.4,296.24,1.1,296.26,6.2,296.29,0.4
1753600148355,07:09:08.355,phemex,AAVE/USDT:USDT,296.25,0.4,296.24,1.1,296.26,6.2,296.3,4.3
1753600148395,07:09:08.395,phemex,AAVE/USDT:USDT,296.25,0.4,296.24,1.1,296.26,6.2,296.3,4.3
1753600148615,07:09:08.615,phemex,AAVE/USDT:USDT,296.25,0.4,296.24,1.1,296.26,6.2,296.29,0.4
1753600148639,07:09:08.639,phemex,AAVE/USDT:USDT,296.24,1.1,296.21,0.4,296.26,6.2,296.29,0.4
1753600148677,07:09:08.677,phemex,AAVE/USDT:USDT,296.24,1.1,296.21,0.4,296.25,0.2,296.26,6.2
1753600148886,07:09:08.886,phemex,AAVE/USDT:USDT,296.24,1.1,296.21,0.4,296.26,6.2,296.29,0.4
1753600148927,07:09:08.927,phemex,AAVE/USDT:USDT,296.25,0.4,296.24,1.1,296.26,6.2,296.29,0.4
1753600148978,07:09:08.978,phemex,AAVE/USDT:USDT,296.25,0.4,296.24,1.1,296.26,6.2,296.3,4.3
1753600149014,07:09:09.014,phemex,AAVE/USDT:USDT,296.25,0.4,296.24,1.1,296.26,6.2,296.3,4.3
1753600149071,07:09:09.071,phemex,AAVE/USDT:USDT,296.25,0.4,296.24,1.1,296.26,6.2,296.3,4.3
1753600149178,07:09:09.178,phemex,AAVE/USDT:USDT,296.25,0.4,296.24,1.1,296.26,6.2,296.3,4.3
1753600149284,07:09:09.284,phemex,AAVE/USDT:USDT,296.25,0.4,296.24,1.1,296.26,6.2,296.3,4.3
1753600149604,07:09:09.604,phemex,AAVE/USDT:USDT,296.25,0.4,296.24,1.1,296.26,6.2,296.29,0.4
1753600150146,07:09:10.146,phemex,AAVE/USDT:USDT,296.24,1.1,296.21,0.4,296.26,6.2,296.29,0.4
1753600150186,07:09:10.186,phemex,AAVE/USDT:USDT,296.24,1.1,296.21,0.4,296.26,6.2,296.29,0.4
1753600150789,07:09:10.789,phemex,AAVE/USDT:USDT,296.25,0.4,296.24,1.1,296.26,6.2,296.29,0.4
1753600151029,07:09:11.029,phemex,AAVE/USDT:USDT,296.25,0.4,296.24,1.1,296.26,6.2,296.3,4.3
1753600151078,07:09:11.078,phemex,AAVE/USDT:USDT,296.25,0.4,296.24,1.1,296.26,6.2,296.3,4.3
1753600152062,07:09:12.062,phemex,AAVE/USDT:USDT,296.25,0.4,296.24,1.1,296.26,6.2,296.3,4.3
1753600152156,07:09:12.156,phemex,AAVE/USDT:USDT,296.25,0.4,296.24,1.1,296.26,6.2,296.29,0.4
1753600152344,07:09:12.344,phemex,AAVE/USDT:USDT,296.24,1.1,296.21,0.4,296.26,6.2,296.29,0.4
1753600152356,07:09:12.356,phemex,AAVE/USDT:USDT,296.24,1.1,296.21,0.4,296.25,0.2,296.26,6.2
1753600152374,07:09:12.374,phemex,AAVE/USDT:USDT,296.24,1.1,296.21,0.4,296.25,0.2,296.26,6.2
1753600152570,07:09:12.570,phemex,AAVE/USDT:USDT,296.24,1.1,296.21,0.4,296.26,6.2,296.29,0.4
1753600152992,07:09:12.992,phemex,AAVE/USDT:USDT,296.19,1.8,296.18,5.5,296.21,0.2,296.25,0.6
1753600153003,07:09:13.003,phemex,AAVE/USDT:USDT,296.19,1.8,296.18,5.5,296.21,0.2,296.25,0.6
1753600153047,07:09:13.047,phemex,AAVE/USDT:USDT,296.19,1.8,296.18,5.1,296.2,0.2,296.21,0.2
1753600153065,07:09:13.065,phemex,AAVE/USDT:USDT,296.19,1.8,296.18,5.1,296.25,0.6,296.26,6.2
1753600153098,07:09:13.098,phemex,AAVE/USDT:USDT,296.19,1.8,296.18,5.1,296.25,0.6,296.26,6.2
1753600153154,07:09:13.154,phemex,AAVE/USDT:USDT,296.2,0.4,296.19,1.8,296.25,0.6,296.26,6.2
1753600153193,07:09:13.193,phemex,AAVE/USDT:USDT,296.2,0.4,296.19,1.8,296.25,0.6,296.26,6.2
1753600153229,07:09:13.229,phemex,AAVE/USDT:USDT,296.2,0.4,296.19,1.8,296.25,0.4,296.26,6.2
1753600153263,07:09:13.263,phemex,AAVE/USDT:USDT,296.2,0.4,296.19,1.8,296.26,6.2,296.29,0.4
1753600153726,07:09:13.726,phemex,AAVE/USDT:USDT,296.2,0.4,296.19,1.8,296.26,6.2,296.29,0.4
1753600154265,07:09:14.265,phemex,AAVE/USDT:USDT,296.2,0.4,296.19,1.8,296.25,0.4,296.26,6.2
1753600154335,07:09:14.335,phemex,AAVE/USDT:USDT,296.19,1.8,296.18,5.1,296.25,0.4,296.26,6.2
1753600154362,07:09:14.362,phemex,AAVE/USDT:USDT,296.19,1.8,296.18,5.1,296.2,0.2,296.25,0.4
1753600154380,07:09:14.380,phemex,AAVE/USDT:USDT,296.19,1.8,296.18,5.1,296.2,0.2,296.25,1.6
1753600154391,07:09:14.391,phemex,AAVE/USDT:USDT,296.19,1.8,296.18,5.1,296.2,0.2,296.25,1.6
1753600154636,07:09:14.636,phemex,AAVE/USDT:USDT,296.2,0.4,296.19,1.8,296.24,0.4,296.26,6.2
1753600154751,07:09:14.751,phemex,AAVE/USDT:USDT,296.2,0.4,296.19,1.8,296.26,6.2,296.29,0.4
1753600154891,07:09:14.891,phemex,AAVE/USDT:USDT,296.2,0.4,296.19,1.8,296.25,0.4,296.26,6.2
1753600157406,07:09:17.406,phemex,AAVE/USDT:USDT,296.19,1.8,296.18,5.1,296.25,0.4,296.26,6.2
1753600157421,07:09:17.421,phemex,AAVE/USDT:USDT,296.19,1.8,296.18,5.1,296.2,0.2,296.25,0.4
1753600157444,07:09:17.444,phemex,AAVE/USDT:USDT,296.19,1.8,296.18,5.1,296.2,0.2,296.25,1.6
1753600157471,07:09:17.471,phemex,AAVE/USDT:USDT,296.19,1.8,296.18,5.1,296.2,0.2,296.25,1.6
1753600157522,07:09:17.522,phemex,AAVE/USDT:USDT,296.19,1.8,296.18,5.1,296.2,0.2,296.25,1.6
1753600157585,07:09:17.585,phemex,AAVE/USDT:USDT,296.19,1.8,296.18,5.1,296.2,0.2,296.25,1.6
1753600158040,07:09:18.040,phemex,AAVE/USDT:USDT,296.19,1.8,296.18,5.1,296.2,0.2,296.25,1.6
1753600158357,07:09:18.357,phemex,AAVE/USDT:USDT,296.19,1.8,296.18,5.1,296.2,0.6,296.25,1.6
1753600158527,07:09:18.527,phemex,AAVE/USDT:USDT,296.19,1.8,296.18,5.1,296.2,0.6,296.25,1.6
1753600160229,07:09:20.229,phemex,AAVE/USDT:USDT,296.19,1.8,296.18,5.1,296.2,0.6,296.25,1.6
1753600160236,07:09:20.236,phemex,AAVE/USDT:USDT,296.19,1.8,296.18,5.1,296.2,0.6,296.25,1.6
1753600160277,07:09:20.277,phemex,AAVE/USDT:USDT,296.19,1.8,296.18,5.1,296.2,0.6,296.25,1.6
1753600161013,07:09:21.013,phemex,AAVE/USDT:USDT,296.19,1.8,296.18,5.1,296.2,0.6,296.25,1.6
1753600161179,07:09:21.179,phemex,AAVE/USDT:USDT,296.19,1.8,296.18,5.1,296.2,0.6,296.25,1.6
1753600161315,07:09:21.315,phemex,AAVE/USDT:USDT,296.19,1.8,296.18,5.1,296.2,0.6,296.25,1.6
1753600161653,07:09:21.653,phemex,AAVE/USDT:USDT,296.19,1.8,296.18,5.1,296.2,0.4,296.25,1.6
1753600162608,07:09:22.608,phemex,AAVE/USDT:USDT,296.19,1.8,296.18,5.1,296.2,0.4,296.25,1.6
1753600163031,07:09:23.031,phemex,AAVE/USDT:USDT,296.19,1.8,296.18,5.1,296.2,0.4,296.25,1.6
1753600163047,07:09:23.047,phemex,AAVE/USDT:USDT,296.19,1.8,296.18,5.1,296.2,0.4,296.25,1.6
1753600163314,07:09:23.314,phemex,AAVE/USDT:USDT,296.19,1.8,296.18,5.1,296.2,0.4,296.25,1.6
1753600163330,07:09:23.330,phemex,AAVE/USDT:USDT,296.19,1.8,296.18,5.1,296.2,0.4,296.25,1.6
1753600164869,07:09:24.869,phemex,AAVE/USDT:USDT,296.19,1.8,296.18,5.1,296.25,1.6,296.26,6.2
1753600164913,07:09:24.913,phemex,AAVE/USDT:USDT,296.19,1.8,296.18,5.1,296.23,0.4,296.26,6.2
1753600164947,07:09:24.947,phemex,AAVE/USDT:USDT,296.19,1.8,296.18,5.1,296.23,0.4,296.26,6.2
1753600166302,07:09:26.302,phemex,AAVE/USDT:USDT,296.18,5.1,296.17,1.2,296.23,0.4,296.26,6.2
1753600166328,07:09:26.328,phemex,AAVE/USDT:USDT,296.18,5.1,296.17,1.2,296.19,0.2,296.23,0.4
1753600166395,07:09:26.395,phemex,AAVE/USDT:USDT,296.18,5.1,296.17,1.2,296.19,0.2,296.23,0.4
1753600166554,07:09:26.554,phemex,AAVE/USDT:USDT,296.18,5.1,296.17,1.2,296.23,0.4,296.25,1.2
1753600166613,07:09:26.613,phemex,AAVE/USDT:USDT,296.18,5.1,296.17,1.2,296.23,0.4,296.26,6.2
1753600166669,07:09:26.669,phemex,AAVE/USDT:USDT,296.18,5.1,296.17,1.2,296.23,0.4,296.26,6.2
1753600168121,07:09:28.121,phemex,AAVE/USDT:USDT,296.18,5.1,296.17,1.2,296.23,0.4,296.26,6.2
1753600168132,07:09:28.132,phemex,AAVE/USDT:USDT,296.18,5.1,296.17,1.2,296.23,0.4,296.26,6.2
1753600168177,07:09:28.177,phemex,AAVE/USDT:USDT,296.18,7.0,296.17,1.2,296.23,0.4,296.26,6.2
1753600168177,07:09:28.177,phemex,AAVE/USDT:USDT,296.18,7.0,296.17,1.2,296.23,0.4,296.26,6.2
1753600169103,07:09:29.103,phemex,AAVE/USDT:USDT,296.19,0.4,296.18,7.0,296.23,0.4,296.24,1.1
1753600169140,07:09:29.140,phemex,AAVE/USDT:USDT,296.19,0.4,296.18,7.0,296.2,0.2,296.23,0.4
1753600169161,07:09:29.161,phemex,AAVE/USDT:USDT,296.19,0.4,296.18,7.0,296.2,0.2,296.23,0.4
1753600169200,07:09:29.200,phemex,AAVE/USDT:USDT,296.19,0.4,296.18,7.0,296.2,0.2,296.23,0.4
1753600169262,07:09:29.262,phemex,AAVE/USDT:USDT,296.19,0.4,296.18,7.0,296.2,0.2,296.23,0.4
1753600169380,07:09:29.380,phemex,AAVE/USDT:USDT,296.18,7.0,296.17,1.2,296.2,0.2,296.23,0.4
1753600169860,07:09:29.860,phemex,AAVE/USDT:USDT,296.19,0.4,296.18,7.0,296.2,0.2,296.23,0.4
1753600170216,07:09:30.216,phemex,AAVE/USDT:USDT,296.19,0.4,296.18,7.0,296.23,0.4,296.24,1.1
1753600170238,07:09:30.238,phemex,AAVE/USDT:USDT,296.19,0.4,296.18,7.0,296.23,0.4,296.24,1.1
1753600170280,07:09:30.280,phemex,AAVE/USDT:USDT,296.19,0.4,296.18,7.0,296.23,0.4,296.24,1.1
1753600170478,07:09:30.478,phemex,AAVE/USDT:USDT,296.19,0.4,296.18,7.0,296.24,1.1,296.26,6.2
1753600171115,07:09:31.115,phemex,AAVE/USDT:USDT,296.19,0.4,296.18,7.0,296.26,7.3,296.29,0.4
1753600171131,07:09:31.131,phemex,AAVE/USDT:USDT,296.19,0.4,296.18,7.0,296.26,7.3,296.29,0.4
1753600171194,07:09:31.194,phemex,AAVE/USDT:USDT,296.19,0.4,296.18,7.0,296.26,7.3,296.29,0.4
1753600171320,07:09:31.320,phemex,AAVE/USDT:USDT,296.19,0.4,296.18,7.0,296.26,7.3,296.29,0.4
1753600171328,07:09:31.328,phemex,AAVE/USDT:USDT,296.19,0.4,296.18,7.0,296.26,7.3,296.29,0.4
1753600171527,07:09:31.527,phemex,AAVE/USDT:USDT,296.19,0.4,296.18,7.0,296.26,7.3,296.29,0.4
1753600171529,07:09:31.529,phemex,AAVE/USDT:USDT,296.19,0.4,296.18,7.0,296.26,7.3,296.29,0.4
1753600172459,07:09:32.459,phemex,AAVE/USDT:USDT,296.19,0.4,296.18,7.0,296.25,0.2,296.26,7.3
1753600172492,07:09:32.492,phemex,AAVE/USDT:USDT,296.19,0.4,296.18,7.0,296.25,0.6,296.26,7.3
1753600172591,07:09:32.591,phemex,AAVE/USDT:USDT,296.19,0.4,296.18,7.0,296.24,0.4,296.25,0.2
1753600172607,07:09:32.607,phemex,AAVE/USDT:USDT,296.19,0.4,296.18,7.0,296.24,0.4,296.26,7.3
1753600172639,07:09:32.639,phemex,AAVE/USDT:USDT,296.19,0.4,296.18,7.0,296.24,0.4,296.26,7.3
1753600172668,07:09:32.668,phemex,AAVE/USDT:USDT,296.19,0.4,296.18,7.0,296.24,0.4,296.26,7.3
1753600172748,07:09:32.748,phemex,AAVE/USDT:USDT,296.18,7.0,296.17,1.2,296.24,0.4,296.26,7.3
1753600172768,07:09:32.768,phemex,AAVE/USDT:USDT,296.18,7.0,296.17,1.2,296.19,0.2,296.24,0.4
1753600172797,07:09:32.797,phemex,AAVE/USDT:USDT,296.18,7.0,296.17,1.2,296.19,0.2,296.24,0.4
1753600172851,07:09:32.851,phemex,AAVE/USDT:USDT,296.18,7.0,296.17,1.2,296.24,0.4,296.25,1.2
1753600172874,07:09:32.874,phemex,AAVE/USDT:USDT,296.18,7.0,296.17,1.2,296.24,0.4,296.26,7.3
1753600172914,07:09:32.914,phemex,AAVE/USDT:USDT,296.18,7.0,296.17,1.2,296.24,0.4,296.26,7.3
1753600172942,07:09:32.942,phemex,AAVE/USDT:USDT,296.19,0.4,296.18,7.0,296.24,0.4,296.26,7.3
1753600172952,07:09:32.952,phemex,AAVE/USDT:USDT,296.18,2.3,296.17,1.2,296.2,0.2,296.24,0.4
1753600172972,07:09:32.972,phemex,AAVE/USDT:USDT,296.18,2.3,296.17,1.2,296.2,0.2,296.24,0.4
1753600172980,07:09:32.980,phemex,AAVE/USDT:USDT,296.18,2.3,296.17,1.2,296.2,0.2,296.24,0.4
1753600173185,07:09:33.185,phemex,AAVE/USDT:USDT,296.19,0.4,296.18,2.3,296.24,0.4,296.25,1.2
1753600173216,07:09:33.216,phemex,AAVE/USDT:USDT,296.19,0.4,296.18,2.3,296.24,0.4,296.26,7.3
