timestamp,time,exchange,symbol,bid1_price,bid1_volume,bid2_price,bid2_volume,ask1_price,ask1_volume,ask2_price,ask2_volume
1753599988225,07:06:28.225,huobi,AERO/USDT:USDT,0.8993,391.0,0.8992,2562.0,0.9008,379.0,0.9009,2946.0
1753599990211,07:06:30.211,huobi,AERO/USDT:USDT,0.8993,391.0,0.8992,2562.0,0.9008,379.0,0.9009,2946.0
1753599990266,07:06:30.266,huobi,AERO/USDT:USDT,0.8993,391.0,0.8992,2562.0,0.9008,379.0,0.9009,2946.0
1753599990429,07:06:30.429,huobi,AERO/USDT:USDT,0.8993,391.0,0.8992,2562.0,0.9008,379.0,0.9009,2946.0
1753599990455,07:06:30.455,huobi,AERO/USDT:USDT,0.8993,391.0,0.8992,2562.0,0.9008,379.0,0.9009,2946.0
1753599990717,07:06:30.717,huobi,AERO/USDT:USDT,0.8993,391.0,0.8992,2562.0,0.9008,379.0,0.9009,2946.0
1753599991451,07:06:31.451,huobi,AERO/USDT:USDT,0.8993,391.0,0.8992,2562.0,0.9008,379.0,0.9009,2946.0
1753599991488,07:06:31.488,huobi,AERO/USDT:USDT,0.8993,391.0,0.8992,2562.0,0.9008,379.0,0.9009,2946.0
1753599991511,07:06:31.511,huobi,AERO/USDT:USDT,0.8993,391.0,0.8992,2562.0,0.9008,379.0,0.9009,2946.0
1753599991536,07:06:31.536,huobi,AERO/USDT:USDT,0.8993,391.0,0.8992,2562.0,0.9008,379.0,0.9009,2946.0
1753599991585,07:06:31.585,huobi,AERO/USDT:USDT,0.8993,391.0,0.8992,2562.0,0.9008,379.0,0.9009,2946.0
1753599991614,07:06:31.614,huobi,AERO/USDT:USDT,0.8993,391.0,0.8992,2562.0,0.9008,379.0,0.9009,2946.0
1753599991789,07:06:31.789,huobi,AERO/USDT:USDT,0.8993,391.0,0.8992,2562.0,0.9008,379.0,0.9009,2946.0
1753599991849,07:06:31.849,huobi,AERO/USDT:USDT,0.8993,391.0,0.8992,2562.0,0.9008,379.0,0.9009,2946.0
1753599993603,07:06:33.603,huobi,AERO/USDT:USDT,0.8993,391.0,0.8992,2562.0,0.9008,379.0,0.9009,2946.0
1753599993637,07:06:33.637,huobi,AERO/USDT:USDT,0.8993,391.0,0.8992,2562.0,0.9008,379.0,0.9009,2946.0
1753599994104,07:06:34.104,huobi,AERO/USDT:USDT,0.8993,391.0,0.8992,2562.0,0.9008,379.0,0.9009,2946.0
1753599994136,07:06:34.136,huobi,AERO/USDT:USDT,0.8993,391.0,0.8992,2562.0,0.9008,379.0,0.9009,2946.0
1753599994180,07:06:34.180,huobi,AERO/USDT:USDT,0.8993,391.0,0.8992,2562.0,0.9008,379.0,0.9009,2946.0
1753599995238,07:06:35.238,huobi,AERO/USDT:USDT,0.8993,391.0,0.8992,2562.0,0.9008,379.0,0.9009,2946.0
1753599995343,07:06:35.343,huobi,AERO/USDT:USDT,0.8993,391.0,0.8992,2562.0,0.9008,379.0,0.9009,2946.0
1753599995383,07:06:35.383,huobi,AERO/USDT:USDT,0.8993,391.0,0.8992,2562.0,0.9008,379.0,0.9009,2946.0
1753599995655,07:06:35.655,huobi,AERO/USDT:USDT,0.8993,391.0,0.8992,2562.0,0.9008,379.0,0.9009,2946.0
1753599995685,07:06:35.685,huobi,AERO/USDT:USDT,0.8993,391.0,0.8992,2562.0,0.9008,379.0,0.9009,2946.0
1753599995717,07:06:35.717,huobi,AERO/USDT:USDT,0.8993,391.0,0.8992,2562.0,0.9008,379.0,0.9009,2946.0
1753599995743,07:06:35.743,huobi,AERO/USDT:USDT,0.8993,391.0,0.8992,2562.0,0.9008,379.0,0.9009,2946.0
1753599995782,07:06:35.782,huobi,AERO/USDT:USDT,0.8993,391.0,0.8992,2562.0,0.9008,379.0,0.9009,2946.0
1753599995821,07:06:35.821,huobi,AERO/USDT:USDT,0.8993,391.0,0.8992,2562.0,0.9008,379.0,0.9009,2946.0
1753599995966,07:06:35.966,huobi,AERO/USDT:USDT,0.8993,391.0,0.8992,2562.0,0.9008,379.0,0.9009,2946.0
1753599996016,07:06:36.016,huobi,AERO/USDT:USDT,0.8993,391.0,0.8992,2562.0,0.9008,379.0,0.9009,2946.0
1753599996099,07:06:36.099,huobi,AERO/USDT:USDT,0.8993,391.0,0.8992,2562.0,0.9008,379.0,0.9009,2946.0
1753599996134,07:06:36.134,huobi,AERO/USDT:USDT,0.8993,391.0,0.8992,2562.0,0.9008,379.0,0.9009,2946.0
1753599996293,07:06:36.293,huobi,AERO/USDT:USDT,0.8993,391.0,0.8992,2562.0,0.9008,379.0,0.9009,2946.0
1753599996341,07:06:36.341,huobi,AERO/USDT:USDT,0.8993,391.0,0.8992,2562.0,0.9008,379.0,0.9009,2946.0
1753599996771,07:06:36.771,huobi,AERO/USDT:USDT,0.8993,391.0,0.8992,2562.0,0.9008,379.0,0.9009,2946.0
1753599996801,07:06:36.801,huobi,AERO/USDT:USDT,0.8993,391.0,0.8992,2562.0,0.9008,379.0,0.9009,2946.0
1753599996851,07:06:36.851,huobi,AERO/USDT:USDT,0.8993,391.0,0.8992,2562.0,0.9008,379.0,0.9009,2946.0
1753599996852,07:06:36.852,huobi,AERO/USDT:USDT,0.8993,391.0,0.8992,2562.0,0.9008,379.0,0.9009,2946.0
1753599996873,07:06:36.873,huobi,AERO/USDT:USDT,0.8993,391.0,0.8992,2562.0,0.9008,379.0,0.9009,2946.0
1753599996933,07:06:36.933,huobi,AERO/USDT:USDT,0.8993,391.0,0.8992,2562.0,0.9008,379.0,0.9009,2946.0
1753599996941,07:06:36.941,huobi,AERO/USDT:USDT,0.8993,391.0,0.8992,2562.0,0.9008,379.0,0.9009,2946.0
1753599996975,07:06:36.975,huobi,AERO/USDT:USDT,0.8993,391.0,0.8992,2562.0,0.9008,379.0,0.9009,2946.0
1753599997069,07:06:37.069,huobi,AERO/USDT:USDT,0.8993,391.0,0.8992,2562.0,0.9008,379.0,0.9009,2946.0
1753599997098,07:06:37.098,huobi,AERO/USDT:USDT,0.8993,391.0,0.8992,2562.0,0.9008,379.0,0.9009,2946.0
1753599997209,07:06:37.209,huobi,AERO/USDT:USDT,0.8993,391.0,0.8992,2562.0,0.9008,379.0,0.9009,2946.0
1753599997241,07:06:37.241,huobi,AERO/USDT:USDT,0.8993,391.0,0.8992,2562.0,0.9008,379.0,0.9009,2946.0
1753599997280,07:06:37.280,huobi,AERO/USDT:USDT,0.8993,391.0,0.8992,2562.0,0.9008,379.0,0.9009,2946.0
1753599997309,07:06:37.309,huobi,AERO/USDT:USDT,0.8993,391.0,0.8992,2562.0,0.9008,379.0,0.9009,2946.0
1753599997396,07:06:37.396,huobi,AERO/USDT:USDT,0.8993,391.0,0.8992,2562.0,0.9008,379.0,0.9009,2946.0
1753599997443,07:06:37.443,huobi,AERO/USDT:USDT,0.8993,391.0,0.8992,2562.0,0.9008,379.0,0.9009,2946.0
1753599997738,07:06:37.738,huobi,AERO/USDT:USDT,0.8993,391.0,0.8992,2562.0,0.9008,379.0,0.9009,2946.0
1753599997787,07:06:37.787,huobi,AERO/USDT:USDT,0.8993,391.0,0.8992,2562.0,0.9008,379.0,0.9009,2946.0
1753599997968,07:06:37.968,huobi,AERO/USDT:USDT,0.8993,391.0,0.8992,2562.0,0.9008,379.0,0.9009,2946.0
1753599997998,07:06:37.998,huobi,AERO/USDT:USDT,0.8993,391.0,0.8992,2562.0,0.9008,379.0,0.9009,2946.0
1753599998037,07:06:38.037,huobi,AERO/USDT:USDT,0.8993,391.0,0.8992,2562.0,0.9008,379.0,0.9009,2946.0
1753599998050,07:06:38.050,huobi,AERO/USDT:USDT,0.8993,391.0,0.8992,2562.0,0.9008,379.0,0.9009,2946.0
1753599998081,07:06:38.081,huobi,AERO/USDT:USDT,0.8993,391.0,0.8992,2562.0,0.9008,379.0,0.9009,2946.0
1753599998119,07:06:38.119,huobi,AERO/USDT:USDT,0.8993,391.0,0.8992,2562.0,0.9008,379.0,0.9009,2946.0
1753599998136,07:06:38.136,huobi,AERO/USDT:USDT,0.8993,391.0,0.8992,2562.0,0.9008,379.0,0.9009,2946.0
1753599998165,07:06:38.165,huobi,AERO/USDT:USDT,0.8993,391.0,0.8992,2562.0,0.9008,379.0,0.9009,2946.0
1753599998211,07:06:38.211,huobi,AERO/USDT:USDT,0.8993,391.0,0.8992,2562.0,0.9008,379.0,0.9009,2946.0
1753599998223,07:06:38.223,huobi,AERO/USDT:USDT,0.8993,391.0,0.8992,2562.0,0.9008,379.0,0.9009,2946.0
1753599998256,07:06:38.256,huobi,AERO/USDT:USDT,0.8993,391.0,0.8992,2562.0,0.9008,379.0,0.9009,2946.0
1753599998336,07:06:38.336,huobi,AERO/USDT:USDT,0.8993,391.0,0.8992,2562.0,0.9008,379.0,0.9009,2946.0
1753599998379,07:06:38.379,huobi,AERO/USDT:USDT,0.8993,391.0,0.8992,2562.0,0.9008,379.0,0.9009,2946.0
1753599998581,07:06:38.581,huobi,AERO/USDT:USDT,0.8993,391.0,0.8992,2562.0,0.9008,379.0,0.9009,2946.0
1753599998646,07:06:38.646,huobi,AERO/USDT:USDT,0.8993,391.0,0.8992,2562.0,0.9008,379.0,0.9009,2946.0
1753599999614,07:06:39.614,huobi,AERO/USDT:USDT,0.8993,391.0,0.8992,2562.0,0.9008,379.0,0.9009,2946.0
1753599999651,07:06:39.651,huobi,AERO/USDT:USDT,0.8993,391.0,0.8992,2562.0,0.9008,379.0,0.9009,2946.0
1753599999827,07:06:39.827,huobi,AERO/USDT:USDT,0.8993,391.0,0.8992,2562.0,0.9008,379.0,0.9009,2946.0
1753599999856,07:06:39.856,huobi,AERO/USDT:USDT,0.8993,391.0,0.8992,2562.0,0.9008,379.0,0.9009,2946.0
1753599999888,07:06:39.888,huobi,AERO/USDT:USDT,0.8993,391.0,0.8992,2562.0,0.9008,379.0,0.9009,2946.0
1753599999915,07:06:39.915,huobi,AERO/USDT:USDT,0.8993,391.0,0.8992,2562.0,0.9008,379.0,0.9009,2946.0
1753599999971,07:06:39.971,huobi,AERO/USDT:USDT,0.8993,391.0,0.8992,2562.0,0.9008,379.0,0.9009,2946.0
1753600000048,07:06:40.048,huobi,AERO/USDT:USDT,0.8993,391.0,0.8992,2562.0,0.9008,379.0,0.9009,2946.0
1753600000241,07:06:40.241,huobi,AERO/USDT:USDT,0.8993,391.0,0.8992,2562.0,0.9008,379.0,0.9009,2946.0
1753600000287,07:06:40.287,huobi,AERO/USDT:USDT,0.8993,391.0,0.8992,2562.0,0.9008,379.0,0.9009,2946.0
1753600000435,07:06:40.435,huobi,AERO/USDT:USDT,0.8993,391.0,0.8992,2562.0,0.9008,379.0,0.9009,2946.0
1753600000450,07:06:40.450,huobi,AERO/USDT:USDT,0.8993,391.0,0.8992,2562.0,0.9008,379.0,0.9009,388.0
1753600000495,07:06:40.495,huobi,AERO/USDT:USDT,0.8993,391.0,0.8992,2562.0,0.9009,388.0,0.9011,391.0
1753600000542,07:06:40.542,huobi,AERO/USDT:USDT,0.8993,391.0,0.8992,2562.0,0.9011,391.0,0.9012,2555.0
1753600000571,07:06:40.571,huobi,AERO/USDT:USDT,0.8993,391.0,0.8992,2562.0,0.9011,391.0,0.9012,2555.0
1753600000620,07:06:40.620,huobi,AERO/USDT:USDT,0.8993,391.0,0.8992,2562.0,0.9011,391.0,0.9012,2944.0
1753600004320,07:06:44.320,huobi,AERO/USDT:USDT,0.8993,391.0,0.8992,2562.0,0.9011,474.0,0.9012,2944.0
1753600005082,07:06:45.082,huobi,AERO/USDT:USDT,0.8993,391.0,0.8992,2562.0,0.9001,61.0,0.901,389.0
1753600005096,07:06:45.096,huobi,AERO/USDT:USDT,0.8993,391.0,0.8992,2562.0,0.9,389.0,0.901,389.0
1753600005142,07:06:45.142,huobi,AERO/USDT:USDT,0.8993,391.0,0.8992,2562.0,0.9009,33.0,0.901,389.0
1753600005156,07:06:45.156,huobi,AERO/USDT:USDT,0.8993,391.0,0.8992,2562.0,0.9008,389.0,0.9009,33.0
1753600005191,07:06:45.191,huobi,AERO/USDT:USDT,0.8993,391.0,0.8992,2562.0,0.9008,389.0,0.901,389.0
1753600005315,07:06:45.315,huobi,AERO/USDT:USDT,0.8993,391.0,0.8992,2562.0,0.901,389.0,0.9011,474.0
1753600005639,07:06:45.639,huobi,AERO/USDT:USDT,0.8993,391.0,0.8992,2562.0,0.901,389.0,0.9011,474.0
1753600005903,07:06:45.903,huobi,AERO/USDT:USDT,0.8993,391.0,0.8992,2562.0,0.901,389.0,0.9011,474.0
1753600005951,07:06:45.951,huobi,AERO/USDT:USDT,0.8993,391.0,0.8992,2562.0,0.901,389.0,0.9011,474.0
1753600006846,07:06:46.846,huobi,AERO/USDT:USDT,0.8993,391.0,0.8992,2562.0,0.901,389.0,0.9011,474.0
1753600006875,07:06:46.875,huobi,AERO/USDT:USDT,0.8993,391.0,0.8992,2562.0,0.901,389.0,0.9011,474.0
1753600006901,07:06:46.901,huobi,AERO/USDT:USDT,0.8993,391.0,0.8992,2562.0,0.901,389.0,0.9011,474.0
1753600006959,07:06:46.959,huobi,AERO/USDT:USDT,0.8993,391.0,0.8992,2562.0,0.901,389.0,0.9011,474.0
1753600008139,07:06:48.139,huobi,AERO/USDT:USDT,0.8993,391.0,0.8992,2562.0,0.901,389.0,0.9011,391.0
1753600009407,07:06:49.407,huobi,AERO/USDT:USDT,0.8993,391.0,0.8992,2562.0,0.9011,391.0,0.9012,2944.0
1753600009451,07:06:49.451,huobi,AERO/USDT:USDT,0.8993,391.0,0.8992,2562.0,0.9011,391.0,0.9012,2944.0
1753600009540,07:06:49.540,huobi,AERO/USDT:USDT,0.8993,391.0,0.8992,2562.0,0.9011,391.0,0.9012,2944.0
1753600009540,07:06:49.540,huobi,AERO/USDT:USDT,0.8993,391.0,0.8992,2562.0,0.9011,391.0,0.9012,2944.0
1753600009547,07:06:49.547,huobi,AERO/USDT:USDT,0.8993,391.0,0.8992,2562.0,0.9011,391.0,0.9012,2944.0
1753600009570,07:06:49.570,huobi,AERO/USDT:USDT,0.8993,391.0,0.8992,2562.0,0.9011,391.0,0.9012,2944.0
1753600009602,07:06:49.602,huobi,AERO/USDT:USDT,0.8993,391.0,0.8992,2562.0,0.9011,391.0,0.9012,2944.0
1753600010095,07:06:50.095,huobi,AERO/USDT:USDT,0.8993,391.0,0.8992,2562.0,0.901,5.0,0.9011,391.0
1753600010110,07:06:50.110,huobi,AERO/USDT:USDT,0.8993,391.0,0.8992,2562.0,0.9009,384.0,0.901,5.0
1753600010449,07:06:50.449,huobi,AERO/USDT:USDT,0.8993,391.0,0.8992,2562.0,0.9009,384.0,0.901,5.0
1753600010473,07:06:50.473,huobi,AERO/USDT:USDT,0.8993,391.0,0.8992,2562.0,0.9009,384.0,0.901,5.0
1753600010751,07:06:50.751,huobi,AERO/USDT:USDT,0.8993,391.0,0.8992,2562.0,0.9009,384.0,0.901,5.0
1753600010783,07:06:50.783,huobi,AERO/USDT:USDT,0.8993,391.0,0.8992,2562.0,0.9009,384.0,0.901,5.0
1753600010804,07:06:50.804,huobi,AERO/USDT:USDT,0.8993,391.0,0.8992,2562.0,0.9009,384.0,0.901,5.0
1753600010835,07:06:50.835,huobi,AERO/USDT:USDT,0.8993,391.0,0.8992,2562.0,0.9009,384.0,0.901,5.0
1753600010858,07:06:50.858,huobi,AERO/USDT:USDT,0.8993,391.0,0.8992,2562.0,0.9009,384.0,0.901,5.0
1753600010903,07:06:50.903,huobi,AERO/USDT:USDT,0.8993,391.0,0.8992,2562.0,0.9009,384.0,0.901,5.0
1753600010981,07:06:50.981,huobi,AERO/USDT:USDT,0.8993,391.0,0.8992,2562.0,0.9009,384.0,0.901,5.0
1753600011095,07:06:51.095,huobi,AERO/USDT:USDT,0.8993,391.0,0.8992,2562.0,0.9009,384.0,0.901,5.0
1753600011127,07:06:51.127,huobi,AERO/USDT:USDT,0.8993,391.0,0.8992,2562.0,0.9009,384.0,0.901,5.0
1753600011352,07:06:51.352,huobi,AERO/USDT:USDT,0.8993,391.0,0.8992,2562.0,0.9009,384.0,0.901,5.0
1753600011385,07:06:51.385,huobi,AERO/USDT:USDT,0.8993,391.0,0.8992,2562.0,0.9009,384.0,0.901,5.0
1753600011541,07:06:51.541,huobi,AERO/USDT:USDT,0.8993,391.0,0.8992,2562.0,0.9009,384.0,0.901,5.0
1753600011575,07:06:51.575,huobi,AERO/USDT:USDT,0.8993,391.0,0.8992,2562.0,0.9009,384.0,0.901,5.0
1753600011793,07:06:51.793,huobi,AERO/USDT:USDT,0.8993,391.0,0.8992,2562.0,0.9009,384.0,0.901,5.0
1753600011845,07:06:51.845,huobi,AERO/USDT:USDT,0.8993,391.0,0.8992,2562.0,0.9009,384.0,0.901,5.0
1753600012067,07:06:52.067,huobi,AERO/USDT:USDT,0.8993,391.0,0.8992,2562.0,0.9009,384.0,0.901,5.0
1753600012102,07:06:52.102,huobi,AERO/USDT:USDT,0.8993,391.0,0.8992,2562.0,0.9009,384.0,0.901,5.0
1753600012195,07:06:52.195,huobi,AERO/USDT:USDT,0.8993,391.0,0.8992,2562.0,0.9009,384.0,0.901,5.0
1753600012259,07:06:52.259,huobi,AERO/USDT:USDT,0.8993,391.0,0.8992,2562.0,0.9009,384.0,0.901,5.0
1753600014828,07:06:54.828,huobi,AERO/USDT:USDT,0.8993,391.0,0.8992,2562.0,0.9009,384.0,0.901,5.0
1753600014854,07:06:54.854,huobi,AERO/USDT:USDT,0.8993,391.0,0.8992,2562.0,0.9009,384.0,0.901,5.0
1753600014988,07:06:54.988,huobi,AERO/USDT:USDT,0.8993,391.0,0.8992,2562.0,0.9009,384.0,0.901,5.0
1753600015029,07:06:55.029,huobi,AERO/USDT:USDT,0.8993,391.0,0.8992,2562.0,0.9009,384.0,0.901,5.0
1753600015240,07:06:55.240,huobi,AERO/USDT:USDT,0.8993,391.0,0.8992,2562.0,0.9009,384.0,0.901,5.0
1753600015817,07:06:55.817,huobi,AERO/USDT:USDT,0.8993,391.0,0.8992,2562.0,0.9009,384.0,0.9011,391.0
1753600015833,07:06:55.833,huobi,AERO/USDT:USDT,0.8993,391.0,0.8992,2562.0,0.9011,391.0,0.9012,2944.0
1753600016298,07:06:56.298,huobi,AERO/USDT:USDT,0.8993,391.0,0.8992,2562.0,0.9011,391.0,0.9012,2944.0
1753600017898,07:06:57.898,huobi,AERO/USDT:USDT,0.8993,391.0,0.8992,2562.0,0.901,83.0,0.9011,391.0
1753600017898,07:06:57.898,huobi,AERO/USDT:USDT,0.8993,391.0,0.8988,391.0,0.901,83.0,0.9011,391.0
1753600017921,07:06:57.921,huobi,AERO/USDT:USDT,0.899,384.0,0.8989,2556.0,0.9009,384.0,0.901,83.0
1753600017937,07:06:57.937,huobi,AERO/USDT:USDT,0.899,384.0,0.8989,2556.0,0.9009,384.0,0.901,83.0
1753600017981,07:06:57.981,huobi,AERO/USDT:USDT,0.899,384.0,0.8989,2556.0,0.9009,384.0,0.901,83.0
1753600018347,07:06:58.347,huobi,AERO/USDT:USDT,0.899,384.0,0.8989,2556.0,0.9003,48.0,0.9009,384.0
1753600018355,07:06:58.355,huobi,AERO/USDT:USDT,0.899,384.0,0.8989,2556.0,0.9009,384.0,0.901,83.0
1753600018400,07:06:58.400,huobi,AERO/USDT:USDT,0.899,384.0,0.8989,2556.0,0.9009,417.0,0.901,83.0
1753600018418,07:06:58.418,huobi,AERO/USDT:USDT,0.899,384.0,0.8989,2556.0,0.9008,379.0,0.9009,417.0
1753600018454,07:06:58.454,huobi,AERO/USDT:USDT,0.899,384.0,0.8989,2556.0,0.9008,379.0,0.9009,384.0
1753600018585,07:06:58.585,huobi,AERO/USDT:USDT,0.899,384.0,0.8989,2556.0,0.9009,384.0,0.901,83.0
1753600021377,07:07:01.377,huobi,AERO/USDT:USDT,0.899,384.0,0.8989,2556.0,0.9009,384.0,0.901,83.0
1753600022868,07:07:02.868,huobi,AERO/USDT:USDT,0.899,384.0,0.8989,2556.0,0.9009,384.0,0.901,83.0
1753600022894,07:07:02.894,huobi,AERO/USDT:USDT,0.899,384.0,0.8989,2556.0,0.9009,384.0,0.901,83.0
1753600023225,07:07:03.225,huobi,AERO/USDT:USDT,0.899,384.0,0.8989,2556.0,0.9009,384.0,0.901,83.0
1753600023262,07:07:03.262,huobi,AERO/USDT:USDT,0.899,384.0,0.8989,2556.0,0.9009,384.0,0.901,83.0
1753600023312,07:07:03.312,huobi,AERO/USDT:USDT,0.899,384.0,0.8989,2556.0,0.9009,384.0,0.901,83.0
1753600023337,07:07:03.337,huobi,AERO/USDT:USDT,0.899,384.0,0.8989,2556.0,0.9009,384.0,0.901,83.0
1753600023394,07:07:03.394,huobi,AERO/USDT:USDT,0.899,384.0,0.8989,2556.0,0.9009,384.0,0.901,83.0
1753600023507,07:07:03.507,huobi,AERO/USDT:USDT,0.899,384.0,0.8989,2556.0,0.9009,384.0,0.901,83.0
1753600023550,07:07:03.550,huobi,AERO/USDT:USDT,0.899,384.0,0.8989,2556.0,0.9009,384.0,0.901,83.0
1753600023596,07:07:03.596,huobi,AERO/USDT:USDT,0.899,384.0,0.8989,2556.0,0.9009,384.0,0.901,83.0
1753600023604,07:07:03.604,huobi,AERO/USDT:USDT,0.899,384.0,0.8989,2556.0,0.9009,384.0,0.901,83.0
1753600023641,07:07:03.641,huobi,AERO/USDT:USDT,0.899,384.0,0.8989,2556.0,0.9009,384.0,0.901,83.0
1753600023682,07:07:03.682,huobi,AERO/USDT:USDT,0.899,384.0,0.8989,2556.0,0.9009,384.0,0.901,83.0
1753600023723,07:07:03.723,huobi,AERO/USDT:USDT,0.899,384.0,0.8989,2556.0,0.9009,384.0,0.901,83.0
1753600023754,07:07:03.754,huobi,AERO/USDT:USDT,0.899,384.0,0.8989,2556.0,0.9009,384.0,0.901,83.0
1753600023817,07:07:03.817,huobi,AERO/USDT:USDT,0.899,384.0,0.8989,2556.0,0.9009,384.0,0.901,83.0
1753600023857,07:07:03.857,huobi,AERO/USDT:USDT,0.899,384.0,0.8989,2556.0,0.9009,384.0,0.901,83.0
1753600023885,07:07:03.885,huobi,AERO/USDT:USDT,0.899,384.0,0.8989,2556.0,0.9009,384.0,0.901,83.0
1753600023917,07:07:03.917,huobi,AERO/USDT:USDT,0.899,384.0,0.8989,2556.0,0.9009,384.0,0.901,83.0
1753600023936,07:07:03.936,huobi,AERO/USDT:USDT,0.899,384.0,0.8989,2556.0,0.9009,384.0,0.901,83.0
1753600023978,07:07:03.978,huobi,AERO/USDT:USDT,0.899,384.0,0.8989,2556.0,0.9009,384.0,0.901,83.0
1753600023995,07:07:03.995,huobi,AERO/USDT:USDT,0.899,384.0,0.8989,2556.0,0.9009,384.0,0.901,83.0
1753600024028,07:07:04.028,huobi,AERO/USDT:USDT,0.899,384.0,0.8989,2556.0,0.9009,384.0,0.901,83.0
1753600024081,07:07:04.081,huobi,AERO/USDT:USDT,0.899,384.0,0.8989,2556.0,0.9009,384.0,0.901,83.0
1753600024222,07:07:04.222,huobi,AERO/USDT:USDT,0.899,384.0,0.8989,2556.0,0.9009,384.0,0.901,83.0
1753600024253,07:07:04.253,huobi,AERO/USDT:USDT,0.899,384.0,0.8989,2556.0,0.9009,384.0,0.901,83.0
1753600024310,07:07:04.310,huobi,AERO/USDT:USDT,0.899,384.0,0.8989,2556.0,0.9009,384.0,0.901,83.0
1753600024334,07:07:04.334,huobi,AERO/USDT:USDT,0.899,384.0,0.8989,2556.0,0.9009,384.0,0.901,83.0
1753600024366,07:07:04.366,huobi,AERO/USDT:USDT,0.899,384.0,0.8989,2556.0,0.9009,384.0,0.901,83.0
1753600024395,07:07:04.395,huobi,AERO/USDT:USDT,0.899,384.0,0.8989,2556.0,0.9009,384.0,0.901,83.0
1753600024942,07:07:04.942,huobi,AERO/USDT:USDT,0.899,384.0,0.8989,2556.0,0.9009,384.0,0.901,83.0
1753600024971,07:07:04.971,huobi,AERO/USDT:USDT,0.899,384.0,0.8989,2556.0,0.9009,384.0,0.901,83.0
1753600024985,07:07:04.985,huobi,AERO/USDT:USDT,0.899,384.0,0.8989,2556.0,0.9009,384.0,0.901,83.0
1753600025033,07:07:05.033,huobi,AERO/USDT:USDT,0.899,384.0,0.8989,2556.0,0.9009,384.0,0.901,83.0
1753600025155,07:07:05.155,huobi,AERO/USDT:USDT,0.899,384.0,0.8989,2556.0,0.9009,384.0,0.901,83.0
1753600025203,07:07:05.203,huobi,AERO/USDT:USDT,0.899,384.0,0.8989,2556.0,0.9009,384.0,0.901,83.0
1753600025281,07:07:05.281,huobi,AERO/USDT:USDT,0.899,384.0,0.8989,2556.0,0.9009,384.0,0.901,83.0
1753600025310,07:07:05.310,huobi,AERO/USDT:USDT,0.899,384.0,0.8989,2556.0,0.9009,384.0,0.901,83.0
1753600025584,07:07:05.584,huobi,AERO/USDT:USDT,0.899,384.0,0.8989,2556.0,0.9009,384.0,0.901,83.0
1753600025615,07:07:05.615,huobi,AERO/USDT:USDT,0.899,384.0,0.8989,2556.0,0.9009,384.0,0.901,83.0
1753600025658,07:07:05.658,huobi,AERO/USDT:USDT,0.899,384.0,0.8989,2556.0,0.9009,384.0,0.901,83.0
1753600025705,07:07:05.705,huobi,AERO/USDT:USDT,0.899,384.0,0.8989,2556.0,0.9009,384.0,0.901,83.0
1753600025745,07:07:05.745,huobi,AERO/USDT:USDT,0.899,384.0,0.8989,2556.0,0.9009,384.0,0.901,83.0
1753600025899,07:07:05.899,huobi,AERO/USDT:USDT,0.899,384.0,0.8989,2556.0,0.9009,384.0,0.901,83.0
1753600025930,07:07:05.930,huobi,AERO/USDT:USDT,0.899,384.0,0.8989,2556.0,0.9009,384.0,0.901,83.0
1753600025944,07:07:05.944,huobi,AERO/USDT:USDT,0.899,384.0,0.8989,2556.0,0.9009,384.0,0.901,83.0
1753600025986,07:07:05.986,huobi,AERO/USDT:USDT,0.899,384.0,0.8989,2556.0,0.9009,384.0,0.901,83.0
1753600026535,07:07:06.535,huobi,AERO/USDT:USDT,0.899,384.0,0.8989,2556.0,0.9009,384.0,0.901,83.0
1753600026575,07:07:06.575,huobi,AERO/USDT:USDT,0.899,384.0,0.8989,2556.0,0.9009,384.0,0.901,83.0
1753600026622,07:07:06.622,huobi,AERO/USDT:USDT,0.899,384.0,0.8989,2556.0,0.9009,384.0,0.901,83.0
1753600026640,07:07:06.640,huobi,AERO/USDT:USDT,0.899,384.0,0.8989,2556.0,0.9009,384.0,0.901,83.0
1753600026676,07:07:06.676,huobi,AERO/USDT:USDT,0.899,384.0,0.8989,2556.0,0.9009,384.0,0.901,83.0
1753600026831,07:07:06.831,huobi,AERO/USDT:USDT,0.899,384.0,0.8989,2556.0,0.9009,384.0,0.901,83.0
1753600026866,07:07:06.866,huobi,AERO/USDT:USDT,0.899,384.0,0.8989,2556.0,0.9009,384.0,0.901,83.0
1753600027014,07:07:07.014,huobi,AERO/USDT:USDT,0.899,384.0,0.8989,2556.0,0.9009,384.0,0.901,83.0
1753600027044,07:07:07.044,huobi,AERO/USDT:USDT,0.899,384.0,0.8989,2556.0,0.9009,384.0,0.901,83.0
1753600027115,07:07:07.115,huobi,AERO/USDT:USDT,0.899,384.0,0.8989,2556.0,0.9009,384.0,0.901,83.0
1753600027165,07:07:07.165,huobi,AERO/USDT:USDT,0.899,384.0,0.8989,2556.0,0.9009,384.0,0.901,83.0
1753600027291,07:07:07.291,huobi,AERO/USDT:USDT,0.899,384.0,0.8989,2556.0,0.9009,384.0,0.901,83.0
1753600027341,07:07:07.341,huobi,AERO/USDT:USDT,0.899,384.0,0.8989,2556.0,0.9009,384.0,0.901,83.0
1753600027376,07:07:07.376,huobi,AERO/USDT:USDT,0.899,384.0,0.8989,2556.0,0.9009,384.0,0.901,83.0
1753600027418,07:07:07.418,huobi,AERO/USDT:USDT,0.899,384.0,0.8989,2556.0,0.9009,384.0,0.901,83.0
1753600027505,07:07:07.505,huobi,AERO/USDT:USDT,0.899,384.0,0.8989,2556.0,0.9009,384.0,0.9011,391.0
1753600027891,07:07:07.891,huobi,AERO/USDT:USDT,0.899,384.0,0.8989,2556.0,0.9011,391.0,0.9012,2977.0
1753600027944,07:07:07.944,huobi,AERO/USDT:USDT,0.899,384.0,0.8989,2556.0,0.9011,391.0,0.9012,2977.0
1753600028168,07:07:08.168,huobi,AERO/USDT:USDT,0.899,384.0,0.8989,2556.0,0.9011,391.0,0.9012,2977.0
1753600028213,07:07:08.213,huobi,AERO/USDT:USDT,0.899,384.0,0.8989,2556.0,0.9011,391.0,0.9012,2977.0
1753600028930,07:07:08.930,huobi,AERO/USDT:USDT,0.899,384.0,0.8989,2556.0,0.9011,391.0,0.9012,2977.0
1753600028958,07:07:08.958,huobi,AERO/USDT:USDT,0.899,384.0,0.8989,2556.0,0.9011,391.0,0.9012,2977.0
1753600029109,07:07:09.109,huobi,AERO/USDT:USDT,0.899,384.0,0.8989,2556.0,0.9011,391.0,0.9012,2977.0
1753600029147,07:07:09.147,huobi,AERO/USDT:USDT,0.899,384.0,0.8989,2556.0,0.9011,391.0,0.9012,2977.0
1753600029166,07:07:09.166,huobi,AERO/USDT:USDT,0.899,384.0,0.8989,2556.0,0.9011,391.0,0.9012,2977.0
1753600029193,07:07:09.193,huobi,AERO/USDT:USDT,0.899,384.0,0.8989,2556.0,0.9011,391.0,0.9012,2977.0
1753600029639,07:07:09.639,huobi,AERO/USDT:USDT,0.899,384.0,0.8989,2556.0,0.9011,391.0,0.9012,2977.0
1753600030048,07:07:10.048,huobi,AERO/USDT:USDT,0.899,384.0,0.8989,2556.0,0.9011,391.0,0.9012,2977.0
1753600030066,07:07:10.066,huobi,AERO/USDT:USDT,0.899,384.0,0.8989,2556.0,0.9011,391.0,0.9012,2977.0
1753600030085,07:07:10.085,huobi,AERO/USDT:USDT,0.899,384.0,0.8989,2556.0,0.9011,391.0,0.9012,2977.0
1753600030121,07:07:10.121,huobi,AERO/USDT:USDT,0.899,384.0,0.8989,2556.0,0.9011,391.0,0.9012,2977.0
1753600031183,07:07:11.183,huobi,AERO/USDT:USDT,0.899,384.0,0.8989,2556.0,0.9011,391.0,0.9012,2977.0
1753600031282,07:07:11.282,huobi,AERO/USDT:USDT,0.899,384.0,0.8989,2556.0,0.9011,391.0,0.9012,2977.0
1753600031310,07:07:11.310,huobi,AERO/USDT:USDT,0.899,384.0,0.8989,2556.0,0.9011,391.0,0.9012,2977.0
1753600031329,07:07:11.329,huobi,AERO/USDT:USDT,0.9005,30.0,0.899,384.0,0.9011,391.0,0.9012,2977.0
1753600031344,07:07:11.344,huobi,AERO/USDT:USDT,0.899,384.0,0.8988,391.0,0.9011,391.0,0.9012,2977.0
1753600031374,07:07:11.374,huobi,AERO/USDT:USDT,0.8988,391.0,0.8987,5765.0,0.9009,377.0,0.901,83.0
1753600031408,07:07:11.408,huobi,AERO/USDT:USDT,0.8992,377.0,0.8991,2555.0,0.9009,377.0,0.901,83.0
1753600033546,07:07:13.546,huobi,AERO/USDT:USDT,0.8992,377.0,0.8991,2555.0,0.9009,377.0,0.901,83.0
1753600033579,07:07:13.579,huobi,AERO/USDT:USDT,0.8992,377.0,0.8991,2555.0,0.9009,377.0,0.901,83.0
1753600035170,07:07:15.170,huobi,AERO/USDT:USDT,0.8992,377.0,0.8991,2555.0,0.9009,377.0,0.9011,391.0
1753600037110,07:07:17.110,huobi,AERO/USDT:USDT,0.8992,377.0,0.8991,2555.0,0.901,51.0,0.9011,391.0
1753600039023,07:07:19.023,huobi,AERO/USDT:USDT,0.8992,377.0,0.8991,2555.0,0.9009,377.0,0.9011,391.0
1753600039033,07:07:19.033,huobi,AERO/USDT:USDT,0.8992,377.0,0.8991,2555.0,0.9011,391.0,0.9012,2944.0
1753600039239,07:07:19.239,huobi,AERO/USDT:USDT,0.8992,377.0,0.8991,2555.0,0.9011,391.0,0.9012,2944.0
1753600040981,07:07:20.981,huobi,AERO/USDT:USDT,0.8992,377.0,0.8991,2555.0,0.901,51.0,0.9011,391.0
1753600042904,07:07:22.904,huobi,AERO/USDT:USDT,0.8992,377.0,0.8991,2555.0,0.9009,393.0,0.9011,391.0
1753600044041,07:07:24.041,huobi,AERO/USDT:USDT,0.8992,377.0,0.8991,2555.0,0.9011,391.0,0.9012,2944.0
1753600044068,07:07:24.068,huobi,AERO/USDT:USDT,0.8992,377.0,0.8991,2555.0,0.9011,391.0,0.9012,2944.0
1753600044227,07:07:24.227,huobi,AERO/USDT:USDT,0.8992,377.0,0.8991,2555.0,0.9011,391.0,0.9012,2944.0
1753600044254,07:07:24.254,huobi,AERO/USDT:USDT,0.8992,377.0,0.8991,2555.0,0.9011,391.0,0.9012,2944.0
1753600044293,07:07:24.293,huobi,AERO/USDT:USDT,0.8992,377.0,0.8991,2555.0,0.9011,391.0,0.9012,2944.0
1753600044371,07:07:24.371,huobi,AERO/USDT:USDT,0.8992,377.0,0.8991,2555.0,0.9011,391.0,0.9012,2944.0
1753600044404,07:07:24.404,huobi,AERO/USDT:USDT,0.8992,377.0,0.8991,2555.0,0.9011,391.0,0.9012,2944.0
1753600044451,07:07:24.451,huobi,AERO/USDT:USDT,0.8992,377.0,0.8991,2555.0,0.9011,391.0,0.9012,2944.0
1753600044473,07:07:24.473,huobi,AERO/USDT:USDT,0.8992,377.0,0.8991,2555.0,0.9011,391.0,0.9012,2944.0
1753600044514,07:07:24.514,huobi,AERO/USDT:USDT,0.8992,377.0,0.8991,2555.0,0.9011,391.0,0.9012,2944.0
1753600044671,07:07:24.671,huobi,AERO/USDT:USDT,0.8992,377.0,0.8991,2555.0,0.9011,391.0,0.9012,2944.0
1753600044701,07:07:24.701,huobi,AERO/USDT:USDT,0.8992,377.0,0.8991,2555.0,0.9011,391.0,0.9012,2944.0
1753600044758,07:07:24.758,huobi,AERO/USDT:USDT,0.8992,377.0,0.8991,2555.0,0.9011,391.0,0.9012,2944.0
1753600044862,07:07:24.862,huobi,AERO/USDT:USDT,0.8992,377.0,0.8991,2555.0,0.901,83.0,0.9011,391.0
1753600044907,07:07:24.907,huobi,AERO/USDT:USDT,0.8992,377.0,0.8991,2555.0,0.901,83.0,0.9011,391.0
1753600044936,07:07:24.936,huobi,AERO/USDT:USDT,0.8992,377.0,0.8991,2555.0,0.9009,393.0,0.901,83.0
1753600044970,07:07:24.970,huobi,AERO/USDT:USDT,0.8992,377.0,0.8991,2555.0,0.9009,393.0,0.901,83.0
1753600045025,07:07:25.025,huobi,AERO/USDT:USDT,0.8992,377.0,0.8991,2555.0,0.9009,393.0,0.901,83.0
1753600045063,07:07:25.063,huobi,AERO/USDT:USDT,0.8992,377.0,0.8991,2555.0,0.9009,393.0,0.901,83.0
1753600045101,07:07:25.101,huobi,AERO/USDT:USDT,0.8992,377.0,0.8991,2555.0,0.9009,393.0,0.901,83.0
1753600045130,07:07:25.130,huobi,AERO/USDT:USDT,0.8992,377.0,0.8991,2555.0,0.9009,393.0,0.901,83.0
1753600045165,07:07:25.165,huobi,AERO/USDT:USDT,0.8992,377.0,0.8991,2555.0,0.9009,393.0,0.901,83.0
1753600045179,07:07:25.179,huobi,AERO/USDT:USDT,0.8992,377.0,0.8991,2555.0,0.9009,393.0,0.901,83.0
1753600045220,07:07:25.220,huobi,AERO/USDT:USDT,0.8992,377.0,0.8991,2555.0,0.9009,393.0,0.901,83.0
1753600045261,07:07:25.261,huobi,AERO/USDT:USDT,0.8992,377.0,0.8991,2555.0,0.9009,393.0,0.901,83.0
1753600045288,07:07:25.288,huobi,AERO/USDT:USDT,0.8992,377.0,0.8991,2555.0,0.9009,393.0,0.901,83.0
1753600045396,07:07:25.396,huobi,AERO/USDT:USDT,0.8992,377.0,0.8991,2555.0,0.9009,393.0,0.901,83.0
1753600045425,07:07:25.425,huobi,AERO/USDT:USDT,0.8992,377.0,0.8991,2555.0,0.9009,393.0,0.901,83.0
1753600046001,07:07:26.001,huobi,AERO/USDT:USDT,0.8992,377.0,0.8991,2555.0,0.9009,393.0,0.901,83.0
1753600046041,07:07:26.041,huobi,AERO/USDT:USDT,0.8992,377.0,0.8991,2555.0,0.9009,393.0,0.901,83.0
1753600046783,07:07:26.783,huobi,AERO/USDT:USDT,0.8992,377.0,0.8991,2555.0,0.9009,393.0,0.9011,391.0
1753600046805,07:07:26.805,huobi,AERO/USDT:USDT,0.8992,377.0,0.8991,2555.0,0.9011,391.0,0.9012,2944.0
1753600046885,07:07:26.885,huobi,AERO/USDT:USDT,0.8992,377.0,0.8991,2555.0,0.9011,391.0,0.9012,2944.0
1753600046918,07:07:26.918,huobi,AERO/USDT:USDT,0.8992,377.0,0.8991,2555.0,0.9011,391.0,0.9012,2944.0
1753600046949,07:07:26.949,huobi,AERO/USDT:USDT,0.8992,377.0,0.8991,2555.0,0.9011,391.0,0.9012,2944.0
1753600046977,07:07:26.977,huobi,AERO/USDT:USDT,0.8992,377.0,0.8991,2555.0,0.9011,391.0,0.9012,2944.0
1753600047055,07:07:27.055,huobi,AERO/USDT:USDT,0.8992,377.0,0.8991,2555.0,0.9011,391.0,0.9012,2944.0
1753600047069,07:07:27.069,huobi,AERO/USDT:USDT,0.8992,377.0,0.8991,2555.0,0.9011,391.0,0.9012,2944.0
1753600047100,07:07:27.100,huobi,AERO/USDT:USDT,0.8992,377.0,0.8991,2555.0,0.9011,391.0,0.9012,2944.0
1753600047150,07:07:27.150,huobi,AERO/USDT:USDT,0.8992,377.0,0.8991,2555.0,0.9011,391.0,0.9012,2944.0
1753600047189,07:07:27.189,huobi,AERO/USDT:USDT,0.8992,377.0,0.8991,2555.0,0.9011,391.0,0.9012,2944.0
1753600047236,07:07:27.236,huobi,AERO/USDT:USDT,0.8992,377.0,0.8991,2555.0,0.9011,391.0,0.9012,2944.0
1753600047313,07:07:27.313,huobi,AERO/USDT:USDT,0.8992,377.0,0.8991,2555.0,0.9011,391.0,0.9012,2944.0
1753600047340,07:07:27.340,huobi,AERO/USDT:USDT,0.8992,377.0,0.8991,2555.0,0.9011,391.0,0.9012,2944.0
1753600047606,07:07:27.606,huobi,AERO/USDT:USDT,0.8992,377.0,0.8991,2555.0,0.9011,391.0,0.9012,2944.0
1753600047660,07:07:27.660,huobi,AERO/USDT:USDT,0.8992,377.0,0.8991,2555.0,0.9011,391.0,0.9012,2944.0
1753600047673,07:07:27.673,huobi,AERO/USDT:USDT,0.8992,377.0,0.8991,2555.0,0.9011,391.0,0.9012,2944.0
1753600047699,07:07:27.699,huobi,AERO/USDT:USDT,0.8992,377.0,0.8991,2555.0,0.9011,391.0,0.9012,2944.0
1753600047729,07:07:27.729,huobi,AERO/USDT:USDT,0.8992,377.0,0.8991,2555.0,0.9011,391.0,0.9012,2944.0
1753600047758,07:07:27.758,huobi,AERO/USDT:USDT,0.8992,377.0,0.8991,2555.0,0.9011,391.0,0.9012,2944.0
1753600047791,07:07:27.791,huobi,AERO/USDT:USDT,0.8992,377.0,0.8991,2555.0,0.9011,391.0,0.9012,2944.0
1753600047819,07:07:27.819,huobi,AERO/USDT:USDT,0.8992,377.0,0.8991,2555.0,0.9011,391.0,0.9012,2944.0
1753600047867,07:07:27.867,huobi,AERO/USDT:USDT,0.8992,377.0,0.8991,2555.0,0.9011,391.0,0.9012,2944.0
1753600047877,07:07:27.877,huobi,AERO/USDT:USDT,0.8992,377.0,0.8991,2555.0,0.9011,391.0,0.9012,2944.0
1753600047910,07:07:27.910,huobi,AERO/USDT:USDT,0.8992,377.0,0.8991,2555.0,0.9011,391.0,0.9012,2944.0
1753600047946,07:07:27.946,huobi,AERO/USDT:USDT,0.8992,377.0,0.8991,2555.0,0.9011,391.0,0.9012,2944.0
1753600047978,07:07:27.978,huobi,AERO/USDT:USDT,0.8992,377.0,0.8991,2555.0,0.9011,391.0,0.9012,2944.0
1753600048006,07:07:28.006,huobi,AERO/USDT:USDT,0.8992,377.0,0.8991,2555.0,0.9011,391.0,0.9012,2944.0
1753600048064,07:07:28.064,huobi,AERO/USDT:USDT,0.8992,377.0,0.8991,2555.0,0.9011,391.0,0.9012,2944.0
1753600048095,07:07:28.095,huobi,AERO/USDT:USDT,0.8992,377.0,0.8991,2555.0,0.9011,391.0,0.9012,2944.0
1753600048123,07:07:28.123,huobi,AERO/USDT:USDT,0.8992,377.0,0.8991,2555.0,0.9011,391.0,0.9012,2944.0
1753600048153,07:07:28.153,huobi,AERO/USDT:USDT,0.8992,377.0,0.8991,2555.0,0.9011,391.0,0.9012,2944.0
1753600048260,07:07:28.260,huobi,AERO/USDT:USDT,0.8992,377.0,0.8991,2555.0,0.9011,391.0,0.9012,2944.0
1753600048740,07:07:28.740,huobi,AERO/USDT:USDT,0.8992,377.0,0.8991,2555.0,0.901,83.0,0.9011,391.0
1753600048749,07:07:28.749,huobi,AERO/USDT:USDT,0.8992,377.0,0.8991,2555.0,0.901,83.0,0.9011,391.0
1753600048784,07:07:28.784,huobi,AERO/USDT:USDT,0.8992,377.0,0.8991,2555.0,0.9009,388.0,0.901,83.0
1753600048804,07:07:28.804,huobi,AERO/USDT:USDT,0.8992,377.0,0.8991,2555.0,0.9009,388.0,0.901,83.0
1753600048838,07:07:28.838,huobi,AERO/USDT:USDT,0.8992,377.0,0.8991,2555.0,0.9009,388.0,0.901,83.0
1753600048875,07:07:28.875,huobi,AERO/USDT:USDT,0.8992,377.0,0.8991,2555.0,0.9007,388.0,0.9008,2559.0
1753600049719,07:07:29.719,huobi,AERO/USDT:USDT,0.8992,377.0,0.8991,2555.0,0.9007,388.0,0.9008,2559.0
1753600049737,07:07:29.737,huobi,AERO/USDT:USDT,0.8992,377.0,0.8982,391.0,0.9007,388.0,0.9008,2559.0
1753600049771,07:07:29.771,huobi,AERO/USDT:USDT,0.8992,377.0,0.8982,391.0,0.9007,388.0,0.9008,2559.0
1753600049804,07:07:29.804,huobi,AERO/USDT:USDT,0.8988,2559.0,0.8982,391.0,0.9007,388.0,0.9008,2559.0
1753600049827,07:07:29.827,huobi,AERO/USDT:USDT,0.8989,388.0,0.8988,2559.0,0.9007,388.0,0.9008,2559.0
1753600049866,07:07:29.866,huobi,AERO/USDT:USDT,0.8989,388.0,0.8988,2559.0,0.9007,388.0,0.9008,2559.0
1753600049923,07:07:29.923,huobi,AERO/USDT:USDT,0.8989,388.0,0.8988,2559.0,0.9007,388.0,0.9008,2559.0
1753600049965,07:07:29.965,huobi,AERO/USDT:USDT,0.8989,388.0,0.8988,2559.0,0.9007,388.0,0.9008,2559.0
1753600049977,07:07:29.977,huobi,AERO/USDT:USDT,0.8989,388.0,0.8988,2559.0,0.9007,388.0,0.9008,2559.0
1753600050061,07:07:30.061,huobi,AERO/USDT:USDT,0.8989,388.0,0.8988,2559.0,0.9007,388.0,0.9008,2559.0
1753600050068,07:07:30.068,huobi,AERO/USDT:USDT,0.8989,388.0,0.8988,2559.0,0.9007,388.0,0.9008,2559.0
1753600050104,07:07:30.104,huobi,AERO/USDT:USDT,0.8989,388.0,0.8988,2559.0,0.9007,388.0,0.9008,2559.0
1753600050250,07:07:30.250,huobi,AERO/USDT:USDT,0.8989,388.0,0.8988,2559.0,0.9007,388.0,0.9008,2559.0
1753600050283,07:07:30.283,huobi,AERO/USDT:USDT,0.8989,388.0,0.8988,2559.0,0.9007,388.0,0.9008,2559.0
1753600050338,07:07:30.338,huobi,AERO/USDT:USDT,0.8989,388.0,0.8988,2559.0,0.9007,388.0,0.9008,2559.0
1753600050659,07:07:30.659,huobi,AERO/USDT:USDT,0.8989,388.0,0.8988,2559.0,0.9007,388.0,0.9008,2559.0
1753600050666,07:07:30.666,huobi,AERO/USDT:USDT,0.8989,388.0,0.8988,2559.0,0.9007,388.0,0.9008,2559.0
1753600050823,07:07:30.823,huobi,AERO/USDT:USDT,0.8989,388.0,0.8988,2559.0,0.9007,388.0,0.9008,2559.0
1753600050859,07:07:30.859,huobi,AERO/USDT:USDT,0.8989,388.0,0.8988,2559.0,0.9007,388.0,0.9008,2559.0
1753600050901,07:07:30.901,huobi,AERO/USDT:USDT,0.8989,388.0,0.8988,2559.0,0.9007,388.0,0.9008,2559.0
1753600050908,07:07:30.908,huobi,AERO/USDT:USDT,0.8989,388.0,0.8988,2559.0,0.9007,388.0,0.9008,2559.0
1753600050944,07:07:30.944,huobi,AERO/USDT:USDT,0.8989,388.0,0.8988,2559.0,0.9007,388.0,0.9008,2559.0
1753600051170,07:07:31.170,huobi,AERO/USDT:USDT,0.8989,388.0,0.8988,2559.0,0.9007,388.0,0.9008,2559.0
1753600051208,07:07:31.208,huobi,AERO/USDT:USDT,0.8989,388.0,0.8988,2559.0,0.9007,388.0,0.9008,2559.0
1753600051233,07:07:31.233,huobi,AERO/USDT:USDT,0.8989,388.0,0.8988,2559.0,0.9007,388.0,0.9008,2559.0
1753600051263,07:07:31.263,huobi,AERO/USDT:USDT,0.8989,388.0,0.8988,2559.0,0.9007,388.0,0.9008,2559.0
1753600051360,07:07:31.360,huobi,AERO/USDT:USDT,0.8989,388.0,0.8988,2559.0,0.9007,388.0,0.9008,2559.0
1753600051404,07:07:31.404,huobi,AERO/USDT:USDT,0.8989,388.0,0.8988,2559.0,0.9007,388.0,0.9008,2559.0
1753600051451,07:07:31.451,huobi,AERO/USDT:USDT,0.8989,388.0,0.8988,2559.0,0.9007,388.0,0.9008,2559.0
1753600051489,07:07:31.489,huobi,AERO/USDT:USDT,0.8989,388.0,0.8988,2559.0,0.9007,388.0,0.9008,2559.0
1753600051523,07:07:31.523,huobi,AERO/USDT:USDT,0.8989,388.0,0.8988,2559.0,0.9007,388.0,0.9008,2559.0
1753600051550,07:07:31.550,huobi,AERO/USDT:USDT,0.8989,388.0,0.8988,2559.0,0.9007,388.0,0.9008,2559.0
1753600052115,07:07:32.115,huobi,AERO/USDT:USDT,0.8989,388.0,0.8988,2559.0,0.9007,388.0,0.9008,2559.0
1753600052148,07:07:32.148,huobi,AERO/USDT:USDT,0.8989,388.0,0.8988,2559.0,0.9007,388.0,0.9008,2559.0
1753600052252,07:07:32.252,huobi,AERO/USDT:USDT,0.8989,388.0,0.8988,2559.0,0.9007,388.0,0.9008,2559.0
1753600052285,07:07:32.285,huobi,AERO/USDT:USDT,0.8989,388.0,0.8988,2559.0,0.9007,388.0,0.9008,2559.0
1753600052340,07:07:32.340,huobi,AERO/USDT:USDT,0.8989,388.0,0.8988,2559.0,0.9007,388.0,0.9008,2559.0
1753600052370,07:07:32.370,huobi,AERO/USDT:USDT,0.8989,388.0,0.8988,2559.0,0.9007,388.0,0.9008,2559.0
1753600052931,07:07:32.931,huobi,AERO/USDT:USDT,0.8989,388.0,0.8988,2559.0,0.9007,388.0,0.9008,2559.0
1753600052969,07:07:32.969,huobi,AERO/USDT:USDT,0.8989,388.0,0.8988,2559.0,0.9007,388.0,0.9008,2559.0
1753600053356,07:07:33.356,huobi,AERO/USDT:USDT,0.8989,388.0,0.8988,2559.0,0.9007,388.0,0.9008,2559.0
1753600053383,07:07:33.383,huobi,AERO/USDT:USDT,0.8989,388.0,0.8988,2559.0,0.9007,388.0,0.9008,2559.0
1753600054801,07:07:34.801,huobi,AERO/USDT:USDT,0.8989,388.0,0.8988,2559.0,0.9007,388.0,0.9008,2559.0
1753600054830,07:07:34.830,huobi,AERO/USDT:USDT,0.8989,388.0,0.8988,2559.0,0.9007,388.0,0.9008,2559.0
1753600054841,07:07:34.841,huobi,AERO/USDT:USDT,0.8989,388.0,0.8988,2559.0,0.9007,388.0,0.9008,2559.0
1753600054865,07:07:34.865,huobi,AERO/USDT:USDT,0.8989,388.0,0.8988,2559.0,0.9007,388.0,0.9008,2559.0
1753600054911,07:07:34.911,huobi,AERO/USDT:USDT,0.8989,388.0,0.8988,2559.0,0.9007,388.0,0.9008,2559.0
1753600054955,07:07:34.955,huobi,AERO/USDT:USDT,0.8989,388.0,0.8988,2559.0,0.9007,388.0,0.9008,2559.0
1753600054986,07:07:34.986,huobi,AERO/USDT:USDT,0.8989,388.0,0.8988,2559.0,0.9007,388.0,0.9008,2559.0
1753600055038,07:07:35.038,huobi,AERO/USDT:USDT,0.8989,388.0,0.8988,2559.0,0.9007,388.0,0.9008,2559.0
1753600055081,07:07:35.081,huobi,AERO/USDT:USDT,0.8989,388.0,0.8988,2559.0,0.9007,388.0,0.9008,2559.0
1753600056411,07:07:36.411,huobi,AERO/USDT:USDT,0.8989,388.0,0.8988,2559.0,0.9006,30.0,0.9007,388.0
1753600056423,07:07:36.423,huobi,AERO/USDT:USDT,0.8989,388.0,0.8988,2559.0,0.9005,388.0,0.9006,30.0
1753600056617,07:07:36.617,huobi,AERO/USDT:USDT,0.8989,388.0,0.8988,2559.0,0.9005,388.0,0.9006,30.0
1753600056650,07:07:36.650,huobi,AERO/USDT:USDT,0.8989,388.0,0.8988,2559.0,0.9005,388.0,0.9006,30.0
1753600056784,07:07:36.784,huobi,AERO/USDT:USDT,0.8989,388.0,0.8988,2559.0,0.9005,388.0,0.9006,30.0
1753600056822,07:07:36.822,huobi,AERO/USDT:USDT,0.8989,388.0,0.8988,2559.0,0.9005,388.0,0.9006,30.0
1753600056903,07:07:36.903,huobi,AERO/USDT:USDT,0.8989,388.0,0.8988,2559.0,0.9005,388.0,0.9006,30.0
1753600056936,07:07:36.936,huobi,AERO/USDT:USDT,0.8989,388.0,0.8988,2559.0,0.9005,388.0,0.9006,30.0
1753600057031,07:07:37.031,huobi,AERO/USDT:USDT,0.8989,388.0,0.8988,2559.0,0.9005,388.0,0.9006,30.0
1753600057059,07:07:37.059,huobi,AERO/USDT:USDT,0.8989,388.0,0.8988,2559.0,0.9005,388.0,0.9006,30.0
1753600057121,07:07:37.121,huobi,AERO/USDT:USDT,0.8989,388.0,0.8988,2559.0,0.9005,388.0,0.9006,30.0
1753600057169,07:07:37.169,huobi,AERO/USDT:USDT,0.8989,388.0,0.8988,2559.0,0.9005,388.0,0.9006,30.0
1753600057531,07:07:37.531,huobi,AERO/USDT:USDT,0.8989,388.0,0.8988,2559.0,0.9005,388.0,0.9006,30.0
1753600057630,07:07:37.630,huobi,AERO/USDT:USDT,0.8989,388.0,0.8988,2559.0,0.9005,388.0,0.9006,30.0
1753600057643,07:07:37.643,huobi,AERO/USDT:USDT,0.8989,388.0,0.8988,2559.0,0.9005,388.0,0.9006,30.0
1753600057691,07:07:37.691,huobi,AERO/USDT:USDT,0.8989,388.0,0.8988,2559.0,0.9005,388.0,0.9006,30.0
1753600057726,07:07:37.726,huobi,AERO/USDT:USDT,0.8989,388.0,0.8988,2559.0,0.9005,388.0,0.9006,30.0
1753600057753,07:07:37.753,huobi,AERO/USDT:USDT,0.8989,388.0,0.8988,2559.0,0.9005,388.0,0.9006,30.0
1753600057889,07:07:37.889,huobi,AERO/USDT:USDT,0.8989,388.0,0.8988,2559.0,0.9005,388.0,0.9006,30.0
1753600057931,07:07:37.931,huobi,AERO/USDT:USDT,0.8989,388.0,0.8988,2559.0,0.9005,388.0,0.9006,30.0
1753600057954,07:07:37.954,huobi,AERO/USDT:USDT,0.8989,388.0,0.8988,2559.0,0.9005,388.0,0.9006,30.0
1753600057984,07:07:37.984,huobi,AERO/USDT:USDT,0.8989,388.0,0.8988,2559.0,0.9005,388.0,0.9006,30.0
1753600058021,07:07:38.021,huobi,AERO/USDT:USDT,0.8989,388.0,0.8988,2559.0,0.9005,388.0,0.9006,30.0
1753600058168,07:07:38.168,huobi,AERO/USDT:USDT,0.8989,388.0,0.8988,2559.0,0.9005,388.0,0.9006,30.0
1753600058247,07:07:38.247,huobi,AERO/USDT:USDT,0.8989,388.0,0.8988,2559.0,0.9005,388.0,0.9006,30.0
1753600058332,07:07:38.332,huobi,AERO/USDT:USDT,0.8989,388.0,0.8988,2559.0,0.9005,388.0,0.9006,30.0
1753600058381,07:07:38.381,huobi,AERO/USDT:USDT,0.8989,388.0,0.8988,2559.0,0.9005,388.0,0.9006,30.0
1753600058428,07:07:38.428,huobi,AERO/USDT:USDT,0.8989,388.0,0.8988,2559.0,0.9005,388.0,0.9006,30.0
1753600058465,07:07:38.465,huobi,AERO/USDT:USDT,0.8989,388.0,0.8988,2559.0,0.9005,388.0,0.9006,30.0
1753600058525,07:07:38.525,huobi,AERO/USDT:USDT,0.8989,388.0,0.8988,2559.0,0.9005,388.0,0.9006,30.0
1753600058573,07:07:38.573,huobi,AERO/USDT:USDT,0.8989,388.0,0.8988,2559.0,0.9005,388.0,0.9006,30.0
1753600058726,07:07:38.726,huobi,AERO/USDT:USDT,0.8989,388.0,0.8988,2559.0,0.9005,388.0,0.9006,30.0
1753600058755,07:07:38.755,huobi,AERO/USDT:USDT,0.8989,388.0,0.8988,2559.0,0.9005,388.0,0.9006,30.0
1753600058895,07:07:38.895,huobi,AERO/USDT:USDT,0.8989,388.0,0.8988,2559.0,0.9005,388.0,0.9006,30.0
1753600058927,07:07:38.927,huobi,AERO/USDT:USDT,0.8989,388.0,0.8988,2559.0,0.9005,388.0,0.9006,30.0
1753600059211,07:07:39.211,huobi,AERO/USDT:USDT,0.8989,388.0,0.8988,2559.0,0.9005,388.0,0.9006,30.0
1753600059238,07:07:39.238,huobi,AERO/USDT:USDT,0.8989,388.0,0.8988,2559.0,0.9005,388.0,0.9006,30.0
1753600059443,07:07:39.443,huobi,AERO/USDT:USDT,0.8989,388.0,0.8988,2559.0,0.9005,388.0,0.9007,388.0
1753600059454,07:07:39.454,huobi,AERO/USDT:USDT,0.8989,388.0,0.8988,2559.0,0.9007,388.0,0.9008,2559.0
1753600059555,07:07:39.555,huobi,AERO/USDT:USDT,0.8989,388.0,0.8988,2559.0,0.9007,388.0,0.9008,2559.0
1753600059582,07:07:39.582,huobi,AERO/USDT:USDT,0.8989,388.0,0.8988,2559.0,0.9007,388.0,0.9008,2559.0
1753600059639,07:07:39.639,huobi,AERO/USDT:USDT,0.8989,388.0,0.8988,2559.0,0.9007,388.0,0.9008,2559.0
1753600059753,07:07:39.753,huobi,AERO/USDT:USDT,0.8989,388.0,0.8988,2559.0,0.9007,388.0,0.9008,2559.0
1753600059782,07:07:39.782,huobi,AERO/USDT:USDT,0.8989,388.0,0.8988,2559.0,0.9007,388.0,0.9008,2559.0
1753600059840,07:07:39.840,huobi,AERO/USDT:USDT,0.8989,388.0,0.8988,2559.0,0.9007,388.0,0.9008,2559.0
1753600059854,07:07:39.854,huobi,AERO/USDT:USDT,0.8989,388.0,0.8988,2559.0,0.9007,388.0,0.9008,2559.0
1753600060162,07:07:40.162,huobi,AERO/USDT:USDT,0.8989,388.0,0.8988,2559.0,0.9007,388.0,0.9008,2559.0
1753600060192,07:07:40.192,huobi,AERO/USDT:USDT,0.8989,388.0,0.8988,2559.0,0.9007,388.0,0.9008,2559.0
1753600060266,07:07:40.266,huobi,AERO/USDT:USDT,0.8989,388.0,0.8988,2559.0,0.9007,388.0,0.9008,2559.0
1753600060312,07:07:40.312,huobi,AERO/USDT:USDT,0.8989,388.0,0.8988,2559.0,0.9007,388.0,0.9008,2559.0
1753600060520,07:07:40.520,huobi,AERO/USDT:USDT,0.8989,388.0,0.8988,2559.0,0.9007,388.0,0.9008,2559.0
1753600060551,07:07:40.551,huobi,AERO/USDT:USDT,0.8989,388.0,0.8988,2559.0,0.9007,388.0,0.9008,2559.0
1753600060581,07:07:40.581,huobi,AERO/USDT:USDT,0.8989,388.0,0.8988,2559.0,0.9007,388.0,0.9008,2559.0
1753600060611,07:07:40.611,huobi,AERO/USDT:USDT,0.8989,388.0,0.8988,2559.0,0.9007,388.0,0.9008,2559.0
1753600060642,07:07:40.642,huobi,AERO/USDT:USDT,0.8989,388.0,0.8988,2559.0,0.9007,388.0,0.9008,2559.0
1753600060790,07:07:40.790,huobi,AERO/USDT:USDT,0.8989,388.0,0.8988,2559.0,0.9007,388.0,0.9008,2559.0
1753600060818,07:07:40.818,huobi,AERO/USDT:USDT,0.8989,388.0,0.8988,2559.0,0.9007,388.0,0.9008,2559.0
1753600060965,07:07:40.965,huobi,AERO/USDT:USDT,0.8989,388.0,0.8988,2559.0,0.9007,388.0,0.9008,2559.0
1753600060999,07:07:40.999,huobi,AERO/USDT:USDT,0.8989,388.0,0.8988,2559.0,0.9007,388.0,0.9008,2559.0
1753600061081,07:07:41.081,huobi,AERO/USDT:USDT,0.8989,388.0,0.8988,2559.0,0.9007,388.0,0.9008,2559.0
1753600061117,07:07:41.117,huobi,AERO/USDT:USDT,0.8989,388.0,0.8988,2559.0,0.9007,388.0,0.9008,2559.0
1753600061138,07:07:41.138,huobi,AERO/USDT:USDT,0.8989,388.0,0.8988,2559.0,0.9007,388.0,0.9008,2559.0
1753600061166,07:07:41.166,huobi,AERO/USDT:USDT,0.8989,388.0,0.8988,2559.0,0.9007,388.0,0.9008,2559.0
1753600061852,07:07:41.852,huobi,AERO/USDT:USDT,0.8989,388.0,0.8988,2559.0,0.9007,388.0,0.9008,2559.0
1753600061910,07:07:41.910,huobi,AERO/USDT:USDT,0.8989,388.0,0.8988,2559.0,0.9007,388.0,0.9008,2559.0
1753600062163,07:07:42.163,huobi,AERO/USDT:USDT,0.8989,388.0,0.8988,2559.0,0.9007,388.0,0.9008,2559.0
1753600062175,07:07:42.175,huobi,AERO/USDT:USDT,0.8989,388.0,0.8988,2559.0,0.9007,388.0,0.9008,2559.0
1753600062206,07:07:42.206,huobi,AERO/USDT:USDT,0.8989,388.0,0.8988,2559.0,0.9007,388.0,0.9008,2559.0
1753600062238,07:07:42.238,huobi,AERO/USDT:USDT,0.8989,388.0,0.8988,2559.0,0.9007,388.0,0.9008,2559.0
1753600062349,07:07:42.349,huobi,AERO/USDT:USDT,0.8989,388.0,0.8988,2559.0,0.9007,388.0,0.9008,2559.0
1753600062379,07:07:42.379,huobi,AERO/USDT:USDT,0.8989,388.0,0.8988,2559.0,0.9007,388.0,0.9008,2559.0
1753600062400,07:07:42.400,huobi,AERO/USDT:USDT,0.8989,388.0,0.8988,2559.0,0.9007,388.0,0.9008,2559.0
1753600062427,07:07:42.427,huobi,AERO/USDT:USDT,0.8989,388.0,0.8988,2559.0,0.9007,388.0,0.9008,2559.0
1753600062465,07:07:42.465,huobi,AERO/USDT:USDT,0.8989,388.0,0.8988,2559.0,0.9007,388.0,0.9008,2559.0
1753600062501,07:07:42.501,huobi,AERO/USDT:USDT,0.8989,388.0,0.8988,2559.0,0.9007,388.0,0.9008,2559.0
1753600062530,07:07:42.530,huobi,AERO/USDT:USDT,0.8989,388.0,0.8988,2559.0,0.9007,388.0,0.9008,2559.0
1753600062753,07:07:42.753,huobi,AERO/USDT:USDT,0.8989,388.0,0.8988,2559.0,0.9007,388.0,0.9008,2559.0
1753600062787,07:07:42.787,huobi,AERO/USDT:USDT,0.8989,388.0,0.8988,2559.0,0.9007,388.0,0.9008,2559.0
1753600062874,07:07:42.874,huobi,AERO/USDT:USDT,0.8989,388.0,0.8988,2559.0,0.9007,388.0,0.9008,2559.0
1753600062921,07:07:42.921,huobi,AERO/USDT:USDT,0.8989,388.0,0.8988,2559.0,0.9007,388.0,0.9008,2559.0
1753600062956,07:07:42.956,huobi,AERO/USDT:USDT,0.8989,388.0,0.8988,2559.0,0.9007,388.0,0.9008,2559.0
1753600063045,07:07:43.045,huobi,AERO/USDT:USDT,0.8989,388.0,0.8988,2559.0,0.9007,388.0,0.9008,2559.0
1753600063077,07:07:43.077,huobi,AERO/USDT:USDT,0.8989,388.0,0.8988,2559.0,0.9007,388.0,0.9008,2559.0
1753600063094,07:07:43.094,huobi,AERO/USDT:USDT,0.8989,388.0,0.8988,2559.0,0.9007,388.0,0.9008,2559.0
1753600063128,07:07:43.128,huobi,AERO/USDT:USDT,0.8989,388.0,0.8988,2559.0,0.9007,388.0,0.9008,2559.0
1753600063145,07:07:43.145,huobi,AERO/USDT:USDT,0.8989,388.0,0.8988,2559.0,0.9007,388.0,0.9008,2559.0
1753600063180,07:07:43.180,huobi,AERO/USDT:USDT,0.8989,388.0,0.8988,2559.0,0.9007,388.0,0.9008,2559.0
1753600063229,07:07:43.229,huobi,AERO/USDT:USDT,0.8989,388.0,0.8988,2559.0,0.9007,388.0,0.9008,2559.0
1753600063248,07:07:43.248,huobi,AERO/USDT:USDT,0.8989,388.0,0.8988,2559.0,0.9007,388.0,0.9008,2559.0
1753600063286,07:07:43.286,huobi,AERO/USDT:USDT,0.8989,388.0,0.8988,2559.0,0.9007,471.0,0.9008,2559.0
1753600063301,07:07:43.301,huobi,AERO/USDT:USDT,0.8989,388.0,0.8988,2559.0,0.9006,390.0,0.9007,471.0
1753600063527,07:07:43.527,huobi,AERO/USDT:USDT,0.8989,388.0,0.8988,2559.0,0.9006,390.0,0.9007,471.0
1753600063559,07:07:43.559,huobi,AERO/USDT:USDT,0.8989,388.0,0.8988,2559.0,0.9006,390.0,0.9007,471.0
1753600063587,07:07:43.587,huobi,AERO/USDT:USDT,0.8989,388.0,0.8988,2559.0,0.9006,390.0,0.9007,471.0
1753600063637,07:07:43.637,huobi,AERO/USDT:USDT,0.8989,388.0,0.8988,2559.0,0.9006,390.0,0.9007,471.0
1753600063929,07:07:43.929,huobi,AERO/USDT:USDT,0.8989,388.0,0.8988,2559.0,0.9006,390.0,0.9007,471.0
1753600063986,07:07:43.986,huobi,AERO/USDT:USDT,0.8989,388.0,0.8988,2559.0,0.9006,390.0,0.9007,471.0
1753600064070,07:07:44.070,huobi,AERO/USDT:USDT,0.8989,388.0,0.8988,2559.0,0.9006,390.0,0.9007,471.0
1753600064107,07:07:44.107,huobi,AERO/USDT:USDT,0.8989,388.0,0.8988,2559.0,0.9006,390.0,0.9007,471.0
1753600064146,07:07:44.146,huobi,AERO/USDT:USDT,0.8989,388.0,0.8988,2559.0,0.9006,390.0,0.9007,471.0
1753600064179,07:07:44.179,huobi,AERO/USDT:USDT,0.8989,388.0,0.8988,2559.0,0.9006,390.0,0.9007,471.0
1753600064208,07:07:44.208,huobi,AERO/USDT:USDT,0.8989,388.0,0.8988,2559.0,0.9006,390.0,0.9007,471.0
1753600064242,07:07:44.242,huobi,AERO/USDT:USDT,0.8989,388.0,0.8988,2559.0,0.9006,390.0,0.9007,471.0
1753600064641,07:07:44.641,huobi,AERO/USDT:USDT,0.8989,388.0,0.8988,2559.0,0.9006,390.0,0.9007,471.0
1753600064729,07:07:44.729,huobi,AERO/USDT:USDT,0.8989,388.0,0.8988,2559.0,0.9006,390.0,0.9007,471.0
1753600064733,07:07:44.733,huobi,AERO/USDT:USDT,0.8989,388.0,0.8988,2559.0,0.9006,390.0,0.9007,471.0
1753600064766,07:07:44.766,huobi,AERO/USDT:USDT,0.8989,388.0,0.8988,2559.0,0.9006,390.0,0.9007,471.0
1753600064809,07:07:44.809,huobi,AERO/USDT:USDT,0.8989,388.0,0.8988,2559.0,0.9006,390.0,0.9007,471.0
1753600064849,07:07:44.849,huobi,AERO/USDT:USDT,0.8989,388.0,0.8988,2559.0,0.9006,390.0,0.9007,471.0
1753600064862,07:07:44.862,huobi,AERO/USDT:USDT,0.8989,388.0,0.8988,2559.0,0.9006,390.0,0.9007,471.0
1753600064886,07:07:44.886,huobi,AERO/USDT:USDT,0.8989,388.0,0.8988,2559.0,0.9006,390.0,0.9007,471.0
1753600064943,07:07:44.943,huobi,AERO/USDT:USDT,0.8989,388.0,0.8988,2559.0,0.9006,390.0,0.9007,471.0
1753600064973,07:07:44.973,huobi,AERO/USDT:USDT,0.8989,388.0,0.8988,2559.0,0.9006,390.0,0.9007,471.0
1753600065002,07:07:45.002,huobi,AERO/USDT:USDT,0.8989,388.0,0.8988,2559.0,0.9006,390.0,0.9007,471.0
1753600065087,07:07:45.087,huobi,AERO/USDT:USDT,0.8989,388.0,0.8988,2559.0,0.9006,390.0,0.9007,471.0
1753600065134,07:07:45.134,huobi,AERO/USDT:USDT,0.8989,388.0,0.8988,2559.0,0.9006,390.0,0.9007,471.0
1753600065231,07:07:45.231,huobi,AERO/USDT:USDT,0.8989,388.0,0.8988,2559.0,0.9006,390.0,0.9007,471.0
1753600065331,07:07:45.331,huobi,AERO/USDT:USDT,0.8989,388.0,0.8988,2559.0,0.9006,390.0,0.9007,471.0
1753600065366,07:07:45.366,huobi,AERO/USDT:USDT,0.8989,388.0,0.8988,2559.0,0.9006,390.0,0.9007,471.0
1753600065408,07:07:45.408,huobi,AERO/USDT:USDT,0.8989,388.0,0.8988,2559.0,0.9006,390.0,0.9007,471.0
1753600065433,07:07:45.433,huobi,AERO/USDT:USDT,0.8989,388.0,0.8988,2559.0,0.9006,390.0,0.9007,471.0
1753600065471,07:07:45.471,huobi,AERO/USDT:USDT,0.8989,388.0,0.8988,2559.0,0.9006,390.0,0.9007,471.0
1753600065519,07:07:45.519,huobi,AERO/USDT:USDT,0.8989,388.0,0.8988,2559.0,0.9006,390.0,0.9007,471.0
1753600065555,07:07:45.555,huobi,AERO/USDT:USDT,0.8989,388.0,0.8988,2559.0,0.9006,390.0,0.9007,471.0
1753600065755,07:07:45.755,huobi,AERO/USDT:USDT,0.8989,388.0,0.8988,2559.0,0.9006,390.0,0.9007,471.0
1753600065805,07:07:45.805,huobi,AERO/USDT:USDT,0.8989,388.0,0.8988,2559.0,0.9006,390.0,0.9007,471.0
1753600066026,07:07:46.026,huobi,AERO/USDT:USDT,0.8989,388.0,0.8988,2559.0,0.9006,390.0,0.9007,471.0
1753600066055,07:07:46.055,huobi,AERO/USDT:USDT,0.8989,388.0,0.8988,2559.0,0.9006,390.0,0.9007,471.0
1753600066084,07:07:46.084,huobi,AERO/USDT:USDT,0.8989,388.0,0.8988,2559.0,0.9006,390.0,0.9007,471.0
1753600066119,07:07:46.119,huobi,AERO/USDT:USDT,0.8989,388.0,0.8988,2559.0,0.9006,390.0,0.9007,471.0
1753600066168,07:07:46.168,huobi,AERO/USDT:USDT,0.8989,388.0,0.8988,2559.0,0.9006,390.0,0.9007,471.0
1753600066199,07:07:46.199,huobi,AERO/USDT:USDT,0.8989,388.0,0.8988,2559.0,0.9006,390.0,0.9007,471.0
1753600066232,07:07:46.232,huobi,AERO/USDT:USDT,0.8989,388.0,0.8988,2559.0,0.9006,390.0,0.9007,471.0
1753600066237,07:07:46.237,huobi,AERO/USDT:USDT,0.8989,388.0,0.8988,2559.0,0.9006,390.0,0.9007,471.0
1753600066277,07:07:46.277,huobi,AERO/USDT:USDT,0.8989,388.0,0.8988,2559.0,0.9006,390.0,0.9007,471.0
1753600066307,07:07:46.307,huobi,AERO/USDT:USDT,0.8989,388.0,0.8988,2559.0,0.9006,390.0,0.9007,471.0
1753600066344,07:07:46.344,huobi,AERO/USDT:USDT,0.8989,388.0,0.8988,2559.0,0.9006,390.0,0.9007,471.0
1753600066460,07:07:46.460,huobi,AERO/USDT:USDT,0.8989,388.0,0.8988,2559.0,0.9006,390.0,0.9007,471.0
1753600066490,07:07:46.490,huobi,AERO/USDT:USDT,0.8989,388.0,0.8988,2559.0,0.9006,390.0,0.9007,471.0
1753600066507,07:07:46.507,huobi,AERO/USDT:USDT,0.8989,388.0,0.8988,2559.0,0.9006,390.0,0.9007,471.0
1753600066536,07:07:46.536,huobi,AERO/USDT:USDT,0.8989,388.0,0.8988,2559.0,0.9006,390.0,0.9007,471.0
1753600066688,07:07:46.688,huobi,AERO/USDT:USDT,0.8989,388.0,0.8988,2559.0,0.9,5.0,0.9006,390.0
1753600066718,07:07:46.718,huobi,AERO/USDT:USDT,0.8989,388.0,0.8988,2559.0,0.8999,385.0,0.9,5.0
1753600066756,07:07:46.756,huobi,AERO/USDT:USDT,0.8989,388.0,0.8988,2559.0,0.8999,385.0,0.9,5.0
1753600066791,07:07:46.791,huobi,AERO/USDT:USDT,0.8989,388.0,0.8988,2559.0,0.8999,385.0,0.9,5.0
1753600066846,07:07:46.846,huobi,AERO/USDT:USDT,0.8989,388.0,0.8988,2559.0,0.8999,385.0,0.9,5.0
1753600066868,07:07:46.868,huobi,AERO/USDT:USDT,0.8989,388.0,0.8988,2559.0,0.8999,385.0,0.9,5.0
1753600066924,07:07:46.924,huobi,AERO/USDT:USDT,0.8989,388.0,0.8988,2559.0,0.8999,385.0,0.9,5.0
1753600068345,07:07:48.345,huobi,AERO/USDT:USDT,0.8989,388.0,0.8988,2559.0,0.8999,385.0,0.9,5.0
1753600068391,07:07:48.391,huobi,AERO/USDT:USDT,0.8989,388.0,0.8988,2559.0,0.8999,385.0,0.9,5.0
1753600068472,07:07:48.472,huobi,AERO/USDT:USDT,0.8989,388.0,0.8988,2559.0,0.8999,385.0,0.9,5.0
1753600068505,07:07:48.505,huobi,AERO/USDT:USDT,0.8989,388.0,0.8988,2559.0,0.8999,385.0,0.9,5.0
1753600068519,07:07:48.519,huobi,AERO/USDT:USDT,0.8989,388.0,0.8988,2559.0,0.8999,385.0,0.9,5.0
1753600068570,07:07:48.570,huobi,AERO/USDT:USDT,0.8989,388.0,0.8988,2559.0,0.8999,385.0,0.9,5.0
1753600068601,07:07:48.601,huobi,AERO/USDT:USDT,0.8989,388.0,0.8988,2559.0,0.8999,385.0,0.9,5.0
1753600068627,07:07:48.627,huobi,AERO/USDT:USDT,0.8989,388.0,0.8988,2559.0,0.8999,385.0,0.9,5.0
1753600069269,07:07:49.269,huobi,AERO/USDT:USDT,0.8989,388.0,0.8988,2559.0,0.8999,385.0,0.9,5.0
1753600069309,07:07:49.309,huobi,AERO/USDT:USDT,0.8989,388.0,0.8988,2559.0,0.8999,385.0,0.9,5.0
1753600069335,07:07:49.335,huobi,AERO/USDT:USDT,0.8989,388.0,0.8988,2559.0,0.8999,385.0,0.9,5.0
1753600069387,07:07:49.387,huobi,AERO/USDT:USDT,0.8989,388.0,0.8988,2559.0,0.8999,385.0,0.9,5.0
1753600069433,07:07:49.433,huobi,AERO/USDT:USDT,0.8989,388.0,0.8988,2559.0,0.8999,385.0,0.9,5.0
1753600069465,07:07:49.465,huobi,AERO/USDT:USDT,0.8989,388.0,0.8988,2559.0,0.8999,385.0,0.9,5.0
1753600069492,07:07:49.492,huobi,AERO/USDT:USDT,0.8989,388.0,0.8988,2559.0,0.8999,385.0,0.9,5.0
1753600069508,07:07:49.508,huobi,AERO/USDT:USDT,0.8989,388.0,0.8988,2948.0,0.8999,385.0,0.9,5.0
1753600069628,07:07:49.628,huobi,AERO/USDT:USDT,0.8989,388.0,0.8988,2948.0,0.8999,385.0,0.9,5.0
1753600069687,07:07:49.687,huobi,AERO/USDT:USDT,0.8989,388.0,0.8988,2948.0,0.8999,385.0,0.9,5.0
1753600069749,07:07:49.749,huobi,AERO/USDT:USDT,0.8989,388.0,0.8988,2948.0,0.8999,385.0,0.9,5.0
1753600069788,07:07:49.788,huobi,AERO/USDT:USDT,0.8989,388.0,0.8988,2948.0,0.8999,385.0,0.9,5.0
1753600069934,07:07:49.934,huobi,AERO/USDT:USDT,0.8989,388.0,0.8988,2948.0,0.8999,385.0,0.9,5.0
1753600069967,07:07:49.967,huobi,AERO/USDT:USDT,0.8989,388.0,0.8988,2948.0,0.8999,385.0,0.9,5.0
1753600070013,07:07:50.013,huobi,AERO/USDT:USDT,0.8989,388.0,0.8988,2948.0,0.8999,385.0,0.9,5.0
1753600070071,07:07:50.071,huobi,AERO/USDT:USDT,0.8989,388.0,0.8988,2948.0,0.8999,385.0,0.9,5.0
1753600070111,07:07:50.111,huobi,AERO/USDT:USDT,0.8989,388.0,0.8988,2948.0,0.8999,385.0,0.9,5.0
1753600070157,07:07:50.157,huobi,AERO/USDT:USDT,0.8989,388.0,0.8988,2948.0,0.8999,385.0,0.9,5.0
1753600070186,07:07:50.186,huobi,AERO/USDT:USDT,0.8989,388.0,0.8988,2948.0,0.8999,385.0,0.9,5.0
1753600070216,07:07:50.216,huobi,AERO/USDT:USDT,0.8989,388.0,0.8988,2948.0,0.8999,385.0,0.9,5.0
1753600070250,07:07:50.250,huobi,AERO/USDT:USDT,0.8989,388.0,0.8988,2948.0,0.8999,385.0,0.9,5.0
1753600070365,07:07:50.365,huobi,AERO/USDT:USDT,0.8989,388.0,0.8988,2948.0,0.8999,385.0,0.9,5.0
1753600070398,07:07:50.398,huobi,AERO/USDT:USDT,0.8989,388.0,0.8988,2948.0,0.8999,385.0,0.9,5.0
1753600070568,07:07:50.568,huobi,AERO/USDT:USDT,0.8989,388.0,0.8988,2948.0,0.8999,385.0,0.9,5.0
1753600070599,07:07:50.599,huobi,AERO/USDT:USDT,0.8989,388.0,0.8988,2948.0,0.8999,385.0,0.9,5.0
1753600070651,07:07:50.651,huobi,AERO/USDT:USDT,0.8989,388.0,0.8988,2948.0,0.8999,385.0,0.9,5.0
1753600070675,07:07:50.675,huobi,AERO/USDT:USDT,0.8989,388.0,0.8988,2948.0,0.8999,385.0,0.9,5.0
1753600070705,07:07:50.705,huobi,AERO/USDT:USDT,0.8989,388.0,0.8988,2948.0,0.8999,385.0,0.9,5.0
1753600070738,07:07:50.738,huobi,AERO/USDT:USDT,0.8989,388.0,0.8988,2948.0,0.8999,385.0,0.9,5.0
1753600070768,07:07:50.768,huobi,AERO/USDT:USDT,0.8989,388.0,0.8988,2948.0,0.8999,385.0,0.9,5.0
1753600070812,07:07:50.812,huobi,AERO/USDT:USDT,0.8989,388.0,0.8988,2948.0,0.8999,385.0,0.9,5.0
1753600071127,07:07:51.127,huobi,AERO/USDT:USDT,0.8989,388.0,0.8988,2948.0,0.8999,385.0,0.9,5.0
1753600071157,07:07:51.157,huobi,AERO/USDT:USDT,0.8989,388.0,0.8988,2948.0,0.8999,385.0,0.9,5.0
1753600071195,07:07:51.195,huobi,AERO/USDT:USDT,0.8989,388.0,0.8988,2948.0,0.8999,385.0,0.9,5.0
1753600071236,07:07:51.236,huobi,AERO/USDT:USDT,0.8989,388.0,0.8988,2948.0,0.8999,385.0,0.9,5.0
1753600071262,07:07:51.262,huobi,AERO/USDT:USDT,0.8989,388.0,0.8988,2948.0,0.8999,385.0,0.9,5.0
1753600071297,07:07:51.297,huobi,AERO/USDT:USDT,0.8989,388.0,0.8988,2948.0,0.8999,385.0,0.9,5.0
1753600071471,07:07:51.471,huobi,AERO/USDT:USDT,0.8989,388.0,0.8988,2948.0,0.8999,385.0,0.9,5.0
1753600071510,07:07:51.510,huobi,AERO/USDT:USDT,0.8989,388.0,0.8988,2948.0,0.8999,385.0,0.9,5.0
1753600071519,07:07:51.519,huobi,AERO/USDT:USDT,0.8989,388.0,0.8988,2948.0,0.8999,385.0,0.9,5.0
1753600071562,07:07:51.562,huobi,AERO/USDT:USDT,0.8989,388.0,0.8988,2948.0,0.8999,385.0,0.9,5.0
1753600071674,07:07:51.674,huobi,AERO/USDT:USDT,0.8989,388.0,0.8988,2948.0,0.8999,385.0,0.9,5.0
1753600071700,07:07:51.700,huobi,AERO/USDT:USDT,0.8989,388.0,0.8988,2948.0,0.8999,385.0,0.9,5.0
1753600071756,07:07:51.756,huobi,AERO/USDT:USDT,0.8989,388.0,0.8988,2948.0,0.8999,385.0,0.9,5.0
1753600071818,07:07:51.818,huobi,AERO/USDT:USDT,0.8989,388.0,0.8988,2948.0,0.8999,385.0,0.9,5.0
1753600071902,07:07:51.902,huobi,AERO/USDT:USDT,0.8989,388.0,0.8988,2948.0,0.8999,385.0,0.9,5.0
1753600071930,07:07:51.930,huobi,AERO/USDT:USDT,0.8989,388.0,0.8988,2948.0,0.8999,385.0,0.9,5.0
1753600071934,07:07:51.934,huobi,AERO/USDT:USDT,0.8989,388.0,0.8988,2948.0,0.8999,385.0,0.9,5.0
1753600071973,07:07:51.973,huobi,AERO/USDT:USDT,0.8989,388.0,0.8988,2948.0,0.8999,385.0,0.9,5.0
1753600072002,07:07:52.002,huobi,AERO/USDT:USDT,0.8989,388.0,0.8988,2948.0,0.8999,385.0,0.9,5.0
1753600072046,07:07:52.046,huobi,AERO/USDT:USDT,0.8989,388.0,0.8988,2948.0,0.8999,385.0,0.9,5.0
1753600072094,07:07:52.094,huobi,AERO/USDT:USDT,0.8989,388.0,0.8988,2948.0,0.8999,385.0,0.9,5.0
1753600072182,07:07:52.182,huobi,AERO/USDT:USDT,0.8989,388.0,0.8988,2948.0,0.8999,385.0,0.9,5.0
1753600072214,07:07:52.214,huobi,AERO/USDT:USDT,0.8989,388.0,0.8988,2948.0,0.8999,385.0,0.9,5.0
1753600072253,07:07:52.253,huobi,AERO/USDT:USDT,0.8989,388.0,0.8988,2948.0,0.8999,385.0,0.9,5.0
1753600072264,07:07:52.264,huobi,AERO/USDT:USDT,0.8989,388.0,0.8988,2948.0,0.8999,385.0,0.9,5.0
1753600072706,07:07:52.706,huobi,AERO/USDT:USDT,0.8989,388.0,0.8988,2948.0,0.8999,385.0,0.9,5.0
1753600072754,07:07:52.754,huobi,AERO/USDT:USDT,0.8989,388.0,0.8988,2948.0,0.8999,385.0,0.9,5.0
1753600072797,07:07:52.797,huobi,AERO/USDT:USDT,0.8989,388.0,0.8988,2948.0,0.8999,385.0,0.9,5.0
1753600072810,07:07:52.810,huobi,AERO/USDT:USDT,0.8989,388.0,0.8988,2948.0,0.8999,385.0,0.9,5.0
1753600072844,07:07:52.844,huobi,AERO/USDT:USDT,0.8989,388.0,0.8988,2948.0,0.8999,385.0,0.9,5.0
1753600072870,07:07:52.870,huobi,AERO/USDT:USDT,0.8989,388.0,0.8988,2948.0,0.8999,385.0,0.9,5.0
1753600072899,07:07:52.899,huobi,AERO/USDT:USDT,0.8989,388.0,0.8988,2948.0,0.8999,385.0,0.9,5.0
1753600073368,07:07:53.368,huobi,AERO/USDT:USDT,0.8989,388.0,0.8988,2948.0,0.8999,385.0,0.9,5.0
1753600073417,07:07:53.417,huobi,AERO/USDT:USDT,0.8989,388.0,0.8988,2948.0,0.8999,385.0,0.9,5.0
1753600073683,07:07:53.683,huobi,AERO/USDT:USDT,0.8989,388.0,0.8988,2948.0,0.8999,385.0,0.9,5.0
1753600073720,07:07:53.720,huobi,AERO/USDT:USDT,0.8989,388.0,0.8988,2948.0,0.8999,385.0,0.9,5.0
1753600073806,07:07:53.806,huobi,AERO/USDT:USDT,0.8989,388.0,0.8988,2948.0,0.8999,385.0,0.9,5.0
1753600073857,07:07:53.857,huobi,AERO/USDT:USDT,0.8989,388.0,0.8988,2948.0,0.8999,385.0,0.9,5.0
1753600074034,07:07:54.034,huobi,AERO/USDT:USDT,0.8989,388.0,0.8988,2948.0,0.8999,385.0,0.9,5.0
1753600074076,07:07:54.076,huobi,AERO/USDT:USDT,0.8989,388.0,0.8988,2948.0,0.8999,385.0,0.9,5.0
1753600074239,07:07:54.239,huobi,AERO/USDT:USDT,0.8989,388.0,0.8988,2948.0,0.8999,385.0,0.9,5.0
1753600074253,07:07:54.253,huobi,AERO/USDT:USDT,0.8989,388.0,0.8988,2948.0,0.8999,385.0,0.9,5.0
1753600074362,07:07:54.362,huobi,AERO/USDT:USDT,0.8989,388.0,0.8988,2948.0,0.8999,385.0,0.9,5.0
1753600074407,07:07:54.407,huobi,AERO/USDT:USDT,0.8989,388.0,0.8988,2948.0,0.8999,385.0,0.9,5.0
1753600074853,07:07:54.853,huobi,AERO/USDT:USDT,0.8989,388.0,0.8988,2948.0,0.8999,385.0,0.9,5.0
1753600074892,07:07:54.892,huobi,AERO/USDT:USDT,0.8989,388.0,0.8988,2948.0,0.8999,385.0,0.9,5.0
1753600074975,07:07:54.975,huobi,AERO/USDT:USDT,0.8989,388.0,0.8988,2948.0,0.8999,385.0,0.9,5.0
1753600075007,07:07:55.007,huobi,AERO/USDT:USDT,0.8989,388.0,0.8988,2948.0,0.8999,385.0,0.9,5.0
1753600075410,07:07:55.410,huobi,AERO/USDT:USDT,0.8989,388.0,0.8988,2948.0,0.8999,385.0,0.9,5.0
1753600075435,07:07:55.435,huobi,AERO/USDT:USDT,0.8989,388.0,0.8988,2948.0,0.8999,385.0,0.9,5.0
1753600075528,07:07:55.528,huobi,AERO/USDT:USDT,0.8989,388.0,0.8988,2948.0,0.8999,385.0,0.9,5.0
1753600075575,07:07:55.575,huobi,AERO/USDT:USDT,0.8989,388.0,0.8988,2948.0,0.8999,385.0,0.9,5.0
1753600075710,07:07:55.710,huobi,AERO/USDT:USDT,0.8989,388.0,0.8988,2948.0,0.8999,385.0,0.9,5.0
1753600075738,07:07:55.738,huobi,AERO/USDT:USDT,0.8989,388.0,0.8988,2948.0,0.8999,385.0,0.9,5.0
1753600076246,07:07:56.246,huobi,AERO/USDT:USDT,0.8989,388.0,0.8988,2948.0,0.8999,385.0,0.9,5.0
1753600076272,07:07:56.272,huobi,AERO/USDT:USDT,0.8989,388.0,0.8988,2948.0,0.8999,385.0,0.9,5.0
1753600076395,07:07:56.395,huobi,AERO/USDT:USDT,0.8989,388.0,0.8988,2948.0,0.8999,385.0,0.9,5.0
1753600076427,07:07:56.427,huobi,AERO/USDT:USDT,0.8989,388.0,0.8988,2948.0,0.8999,385.0,0.9,5.0
1753600076530,07:07:56.530,huobi,AERO/USDT:USDT,0.8989,388.0,0.8988,2948.0,0.8999,385.0,0.9,5.0
1753600076573,07:07:56.573,huobi,AERO/USDT:USDT,0.8989,388.0,0.8988,2948.0,0.8999,385.0,0.9,5.0
1753600077290,07:07:57.290,huobi,AERO/USDT:USDT,0.8989,388.0,0.8988,2948.0,0.8999,385.0,0.9,5.0
1753600077322,07:07:57.322,huobi,AERO/USDT:USDT,0.8989,388.0,0.8988,2948.0,0.8999,385.0,0.9,5.0
1753600077646,07:07:57.646,huobi,AERO/USDT:USDT,0.8989,388.0,0.8988,2948.0,0.8999,385.0,0.9,5.0
1753600077681,07:07:57.681,huobi,AERO/USDT:USDT,0.8989,388.0,0.8988,2948.0,0.8999,385.0,0.9,5.0
1753600077727,07:07:57.727,huobi,AERO/USDT:USDT,0.8989,388.0,0.8988,2948.0,0.8999,385.0,0.9,5.0
1753600077809,07:07:57.809,huobi,AERO/USDT:USDT,0.8989,388.0,0.8988,2948.0,0.8999,385.0,0.9,5.0
1753600077839,07:07:57.839,huobi,AERO/USDT:USDT,0.8989,388.0,0.8988,2948.0,0.8999,385.0,0.9,5.0
1753600078065,07:07:58.065,huobi,AERO/USDT:USDT,0.8989,388.0,0.8988,2948.0,0.8999,385.0,0.9,5.0
1753600078094,07:07:58.094,huobi,AERO/USDT:USDT,0.8989,388.0,0.8988,2948.0,0.8999,385.0,0.9,5.0
1753600078134,07:07:58.134,huobi,AERO/USDT:USDT,0.8989,388.0,0.8988,2948.0,0.8999,385.0,0.9,5.0
1753600078148,07:07:58.148,huobi,AERO/USDT:USDT,0.8989,388.0,0.8988,2948.0,0.8999,385.0,0.9,5.0
1753600078176,07:07:58.176,huobi,AERO/USDT:USDT,0.8989,388.0,0.8988,2948.0,0.8999,385.0,0.9,5.0
1753600078259,07:07:58.259,huobi,AERO/USDT:USDT,0.8989,388.0,0.8988,2948.0,0.8999,385.0,0.9,5.0
1753600078289,07:07:58.289,huobi,AERO/USDT:USDT,0.8989,388.0,0.8988,2948.0,0.8999,385.0,0.9,5.0
1753600078342,07:07:58.342,huobi,AERO/USDT:USDT,0.8989,388.0,0.8988,2948.0,0.8999,385.0,0.9,5.0
1753600078374,07:07:58.374,huobi,AERO/USDT:USDT,0.8989,388.0,0.8988,2948.0,0.8999,385.0,0.9,5.0
1753600078413,07:07:58.413,huobi,AERO/USDT:USDT,0.8989,388.0,0.8988,2948.0,0.8999,385.0,0.9,5.0
1753600078467,07:07:58.467,huobi,AERO/USDT:USDT,0.8989,388.0,0.8988,2948.0,0.8999,385.0,0.9,5.0
1753600078536,07:07:58.536,huobi,AERO/USDT:USDT,0.8989,388.0,0.8988,2948.0,0.8999,385.0,0.9,5.0
1753600078589,07:07:58.589,huobi,AERO/USDT:USDT,0.8989,388.0,0.8988,2948.0,0.8999,385.0,0.9,5.0
1753600078597,07:07:58.597,huobi,AERO/USDT:USDT,0.8989,388.0,0.8988,2948.0,0.8999,385.0,0.9,5.0
1753600078665,07:07:58.665,huobi,AERO/USDT:USDT,0.8989,388.0,0.8988,2948.0,0.8999,385.0,0.9,5.0
1753600078954,07:07:58.954,huobi,AERO/USDT:USDT,0.8989,388.0,0.8988,2948.0,0.8999,385.0,0.9,5.0
1753600079040,07:07:59.040,huobi,AERO/USDT:USDT,0.8989,388.0,0.8988,2948.0,0.8999,385.0,0.9,5.0
1753600079056,07:07:59.056,huobi,AERO/USDT:USDT,0.8989,388.0,0.8988,2948.0,0.8999,385.0,0.9,5.0
1753600079658,07:07:59.658,huobi,AERO/USDT:USDT,0.8989,388.0,0.8988,2948.0,0.8999,385.0,0.9,5.0
1753600079702,07:07:59.702,huobi,AERO/USDT:USDT,0.8989,388.0,0.8988,2948.0,0.8999,385.0,0.9,5.0
1753600079704,07:07:59.704,huobi,AERO/USDT:USDT,0.8989,388.0,0.8988,2948.0,0.8999,385.0,0.9,5.0
1753600079735,07:07:59.735,huobi,AERO/USDT:USDT,0.8989,388.0,0.8988,2948.0,0.8999,385.0,0.9,5.0
1753600079780,07:07:59.780,huobi,AERO/USDT:USDT,0.8989,388.0,0.8988,2948.0,0.8999,385.0,0.9,5.0
1753600079829,07:07:59.829,huobi,AERO/USDT:USDT,0.8989,388.0,0.8988,2948.0,0.8999,385.0,0.9,5.0
1753600079873,07:07:59.873,huobi,AERO/USDT:USDT,0.8989,388.0,0.8988,2948.0,0.8999,385.0,0.9,5.0
1753600079901,07:07:59.901,huobi,AERO/USDT:USDT,0.8989,388.0,0.8988,2948.0,0.8999,385.0,0.9,5.0
1753600079930,07:07:59.930,huobi,AERO/USDT:USDT,0.8989,388.0,0.8988,2948.0,0.8999,385.0,0.9,5.0
1753600079967,07:07:59.967,huobi,AERO/USDT:USDT,0.8989,388.0,0.8988,2948.0,0.8999,385.0,0.9,5.0
1753600080045,07:08:00.045,huobi,AERO/USDT:USDT,0.8989,388.0,0.8988,2948.0,0.8999,385.0,0.9,5.0
1753600080080,07:08:00.080,huobi,AERO/USDT:USDT,0.8989,388.0,0.8988,2948.0,0.8999,385.0,0.9,5.0
1753600080165,07:08:00.165,huobi,AERO/USDT:USDT,0.8989,388.0,0.8988,2948.0,0.8999,385.0,0.9,5.0
1753600080354,07:08:00.354,huobi,AERO/USDT:USDT,0.8989,388.0,0.8988,2948.0,0.8999,385.0,0.9,5.0
1753600080401,07:08:00.401,huobi,AERO/USDT:USDT,0.8989,388.0,0.8988,2948.0,0.8999,385.0,0.9,5.0
1753600080467,07:08:00.467,huobi,AERO/USDT:USDT,0.8989,388.0,0.8988,2948.0,0.8999,385.0,0.9,5.0
1753600080525,07:08:00.525,huobi,AERO/USDT:USDT,0.8989,388.0,0.8988,2948.0,0.8999,385.0,0.9,5.0
1753600080785,07:08:00.785,huobi,AERO/USDT:USDT,0.8989,388.0,0.8988,2948.0,0.8999,385.0,0.9,5.0
1753600080834,07:08:00.834,huobi,AERO/USDT:USDT,0.8989,388.0,0.8988,2948.0,0.8999,385.0,0.9,5.0
1753600080958,07:08:00.958,huobi,AERO/USDT:USDT,0.8989,388.0,0.8988,2948.0,0.8999,385.0,0.9,5.0
1753600080994,07:08:00.994,huobi,AERO/USDT:USDT,0.8989,388.0,0.8988,2948.0,0.8999,385.0,0.9,5.0
1753600082629,07:08:02.629,huobi,AERO/USDT:USDT,0.8989,388.0,0.8988,2948.0,0.8999,385.0,0.9006,423.0
1753600082663,07:08:02.663,huobi,AERO/USDT:USDT,0.8989,388.0,0.8988,2948.0,0.8993,35.0,0.8999,385.0
1753600082732,07:08:02.732,huobi,AERO/USDT:USDT,0.8989,388.0,0.8988,2948.0,0.8993,386.0,0.8999,385.0
1753600082739,07:08:02.739,huobi,AERO/USDT:USDT,0.8989,388.0,0.8988,2948.0,0.8999,385.0,0.9006,423.0
1753600082816,07:08:02.816,huobi,AERO/USDT:USDT,0.8989,388.0,0.8988,389.0,0.8999,385.0,0.9006,423.0
1753600082828,07:08:02.828,huobi,AERO/USDT:USDT,0.8988,389.0,0.8984,6156.0,0.8999,385.0,0.9006,423.0
1753600082882,07:08:02.882,huobi,AERO/USDT:USDT,0.8988,389.0,0.8984,6156.0,0.8999,385.0,0.9006,423.0
1753600082916,07:08:02.916,huobi,AERO/USDT:USDT,0.8988,389.0,0.8984,6156.0,0.8999,385.0,0.9006,423.0
1753600082952,07:08:02.952,huobi,AERO/USDT:USDT,0.8989,386.0,0.8988,2945.0,0.8999,385.0,0.9006,423.0
1753600083023,07:08:03.023,huobi,AERO/USDT:USDT,0.8989,386.0,0.8988,2945.0,0.8999,385.0,0.9006,423.0
1753600083092,07:08:03.092,huobi,AERO/USDT:USDT,0.8989,386.0,0.8988,2945.0,0.8999,385.0,0.9006,423.0
1753600083840,07:08:03.840,huobi,AERO/USDT:USDT,0.8989,386.0,0.8988,2945.0,0.8999,385.0,0.9006,423.0
1753600083861,07:08:03.861,huobi,AERO/USDT:USDT,0.8989,386.0,0.8988,2945.0,0.8999,385.0,0.9006,423.0
1753600088529,07:08:08.529,huobi,AERO/USDT:USDT,0.8989,386.0,0.8988,2945.0,0.8999,385.0,0.9006,423.0
1753600088584,07:08:08.584,huobi,AERO/USDT:USDT,0.8989,386.0,0.8988,2945.0,0.8999,385.0,0.9006,423.0
1753600088639,07:08:08.639,huobi,AERO/USDT:USDT,0.8989,386.0,0.8988,2945.0,0.8999,385.0,0.9006,423.0
1753600088662,07:08:08.662,huobi,AERO/USDT:USDT,0.8989,386.0,0.8988,2945.0,0.8999,385.0,0.9006,423.0
1753600088888,07:08:08.888,huobi,AERO/USDT:USDT,0.8989,386.0,0.8988,2945.0,0.8999,385.0,0.9006,423.0
1753600088924,07:08:08.924,huobi,AERO/USDT:USDT,0.8989,386.0,0.8988,2945.0,0.8999,385.0,0.9006,423.0
1753600089318,07:08:09.318,huobi,AERO/USDT:USDT,0.8989,466.0,0.8988,2945.0,0.8999,385.0,0.9006,423.0
1753600089356,07:08:09.356,huobi,AERO/USDT:USDT,0.899,386.0,0.8989,466.0,0.8999,385.0,0.9006,423.0
1753600093441,07:08:13.441,huobi,AERO/USDT:USDT,0.899,386.0,0.8989,466.0,0.8999,385.0,0.9006,423.0
1753600093455,07:08:13.455,huobi,AERO/USDT:USDT,0.899,386.0,0.8989,466.0,0.8999,385.0,0.9006,423.0
1753600093499,07:08:13.499,huobi,AERO/USDT:USDT,0.899,386.0,0.8989,466.0,0.8999,385.0,0.9006,390.0
1753600093509,07:08:13.509,huobi,AERO/USDT:USDT,0.899,386.0,0.8989,466.0,0.9006,390.0,0.9008,33.0
1753600093562,07:08:13.562,huobi,AERO/USDT:USDT,0.899,386.0,0.8989,466.0,0.9006,390.0,0.9009,388.0
1753600093573,07:08:13.573,huobi,AERO/USDT:USDT,0.899,386.0,0.8989,466.0,0.9009,388.0,0.9011,33.0
1753600093620,07:08:13.620,huobi,AERO/USDT:USDT,0.899,386.0,0.8989,466.0,0.9009,388.0,0.9012,8745.0
1753600096281,07:08:16.281,huobi,AERO/USDT:USDT,0.899,386.0,0.8989,466.0,0.9009,471.0,0.9012,8745.0
1753600098240,07:08:18.240,huobi,AERO/USDT:USDT,0.899,386.0,0.8989,466.0,0.9009,471.0,0.9012,8745.0
1753600098255,07:08:18.255,huobi,AERO/USDT:USDT,0.899,386.0,0.8989,466.0,0.9009,471.0,0.9012,8745.0
1753600102522,07:08:22.522,huobi,AERO/USDT:USDT,0.9,61.0,0.899,386.0,0.9009,471.0,0.9012,8745.0
1753600102537,07:08:22.537,huobi,AERO/USDT:USDT,0.899,386.0,0.8989,466.0,0.9009,471.0,0.9012,8745.0
1753600102593,07:08:22.593,huobi,AERO/USDT:USDT,0.899,386.0,0.8989,386.0,0.9009,471.0,0.9012,8712.0
1753600102604,07:08:22.604,huobi,AERO/USDT:USDT,0.8989,386.0,0.8988,389.0,0.9009,471.0,0.9012,8712.0
1753600102623,07:08:22.623,huobi,AERO/USDT:USDT,0.8995,392.0,0.8988,389.0,0.9009,471.0,0.9012,8712.0
1753600102781,07:08:22.781,huobi,AERO/USDT:USDT,0.899,2555.0,0.8988,389.0,0.9009,471.0,0.9012,8745.0
1753600103040,07:08:23.040,huobi,AERO/USDT:USDT,0.8991,392.0,0.899,2555.0,0.9009,471.0,0.9012,8745.0
1753600103054,07:08:23.054,huobi,AERO/USDT:USDT,0.8991,392.0,0.899,2555.0,0.9009,471.0,0.9012,8745.0
1753600107841,07:08:27.841,huobi,AERO/USDT:USDT,0.8991,392.0,0.899,2555.0,0.9009,471.0,0.9012,8745.0
1753600107856,07:08:27.856,huobi,AERO/USDT:USDT,0.8991,392.0,0.899,2555.0,0.9009,471.0,0.9012,8745.0
1753600111198,07:08:31.198,huobi,AERO/USDT:USDT,0.8991,392.0,0.899,2555.0,0.9009,388.0,0.9012,8745.0
1753600112640,07:08:32.640,huobi,AERO/USDT:USDT,0.8991,392.0,0.899,2555.0,0.9009,388.0,0.9012,8745.0
1753600112670,07:08:32.670,huobi,AERO/USDT:USDT,0.8991,392.0,0.899,2555.0,0.9009,388.0,0.9012,8745.0
1753600114731,07:08:34.731,huobi,AERO/USDT:USDT,0.8991,392.0,0.899,2555.0,0.9009,388.0,0.9012,8745.0
1753600115040,07:08:35.040,huobi,AERO/USDT:USDT,0.8991,392.0,0.899,2555.0,0.9009,471.0,0.9012,8745.0
1753600117442,07:08:37.442,huobi,AERO/USDT:USDT,0.8991,392.0,0.899,2555.0,0.9009,471.0,0.9012,8745.0
1753600117456,07:08:37.456,huobi,AERO/USDT:USDT,0.8991,392.0,0.899,2555.0,0.9009,471.0,0.9012,8745.0
1753600118065,07:08:38.065,huobi,AERO/USDT:USDT,0.8991,392.0,0.899,2555.0,0.9009,471.0,0.9012,6189.0
1753600118077,07:08:38.077,huobi,AERO/USDT:USDT,0.8991,392.0,0.899,2555.0,0.9008,2557.0,0.9009,471.0
1753600120426,07:08:40.426,huobi,AERO/USDT:USDT,0.8999,40.0,0.8991,392.0,0.9008,2557.0,0.9009,471.0
1753600120463,07:08:40.463,huobi,AERO/USDT:USDT,0.8995,2557.0,0.8991,392.0,0.9008,2557.0,0.9009,471.0
1753600120476,07:08:40.476,huobi,AERO/USDT:USDT,0.8996,386.0,0.8995,2557.0,0.9008,2557.0,0.9009,471.0
1753600120614,07:08:40.614,huobi,AERO/USDT:USDT,0.8996,386.0,0.8995,2557.0,0.9008,2557.0,0.9009,471.0
1753600120648,07:08:40.648,huobi,AERO/USDT:USDT,0.8996,386.0,0.8995,2557.0,0.9008,2557.0,0.9009,471.0
1753600120876,07:08:40.876,huobi,AERO/USDT:USDT,0.8996,386.0,0.8995,2557.0,0.9008,2557.0,0.9009,388.0
1753600121157,07:08:41.157,huobi,AERO/USDT:USDT,0.8996,386.0,0.8995,2557.0,0.9008,2557.0,0.9009,388.0
1753600122239,07:08:42.239,huobi,AERO/USDT:USDT,0.8996,386.0,0.8995,2557.0,0.9008,2557.0,0.9009,388.0
1753600122276,07:08:42.276,huobi,AERO/USDT:USDT,0.8996,386.0,0.8995,2557.0,0.9008,2557.0,0.9009,388.0
1753600123278,07:08:43.278,huobi,AERO/USDT:USDT,0.8996,386.0,0.8995,2557.0,0.9008,2557.0,0.9012,389.0
1753600125339,07:08:45.339,huobi,AERO/USDT:USDT,0.8996,386.0,0.8995,2557.0,0.9008,2557.0,0.9012,389.0
1753600125522,07:08:45.522,huobi,AERO/USDT:USDT,0.8996,386.0,0.8995,2557.0,0.9008,2557.0,0.9012,389.0
1753600126801,07:08:46.801,huobi,AERO/USDT:USDT,0.8996,386.0,0.8995,2557.0,0.9007,386.0,0.9008,2557.0
1753600127040,07:08:47.040,huobi,AERO/USDT:USDT,0.8996,386.0,0.8995,2557.0,0.9007,386.0,0.9008,2557.0
1753600127082,07:08:47.082,huobi,AERO/USDT:USDT,0.8996,386.0,0.8995,2557.0,0.9007,386.0,0.9008,2557.0
1753600131879,07:08:51.879,huobi,AERO/USDT:USDT,0.8996,386.0,0.8995,2557.0,0.9007,386.0,0.9008,2557.0
1753600131880,07:08:51.880,huobi,AERO/USDT:USDT,0.8996,386.0,0.8995,2557.0,0.9007,386.0,0.9008,2557.0
1753600134381,07:08:54.381,huobi,AERO/USDT:USDT,0.8996,386.0,0.8995,2557.0,0.9003,16.0,0.9007,386.0
1753600134396,07:08:54.396,huobi,AERO/USDT:USDT,0.8996,386.0,0.8995,2557.0,0.9007,386.0,0.9008,2557.0
1753600134435,07:08:54.435,huobi,AERO/USDT:USDT,0.8996,386.0,0.8995,2557.0,0.9007,386.0,0.9008,2557.0
1753600134480,07:08:54.480,huobi,AERO/USDT:USDT,0.8996,386.0,0.8995,2557.0,0.9007,386.0,0.9008,2557.0
1753600134576,07:08:54.576,huobi,AERO/USDT:USDT,0.8996,386.0,0.8995,2557.0,0.9007,386.0,0.9008,2557.0
1753600135069,07:08:55.069,huobi,AERO/USDT:USDT,0.8996,386.0,0.8995,2557.0,0.9007,386.0,0.9008,2557.0
1753600135114,07:08:55.114,huobi,AERO/USDT:USDT,0.8996,386.0,0.8995,2557.0,0.9007,386.0,0.9008,2557.0
1753600136160,07:08:56.160,huobi,AERO/USDT:USDT,0.8996,386.0,0.8995,2557.0,0.9007,386.0,0.9008,2557.0
1753600136487,07:08:56.487,huobi,AERO/USDT:USDT,0.8996,386.0,0.8995,2557.0,0.9007,386.0,0.9008,2557.0
1753600136623,07:08:56.623,huobi,AERO/USDT:USDT,0.8996,386.0,0.8995,2557.0,0.9007,386.0,0.9008,2557.0
1753600136642,07:08:56.642,huobi,AERO/USDT:USDT,0.8996,386.0,0.8995,2557.0,0.9007,386.0,0.9008,2557.0
1753600136674,07:08:56.674,huobi,AERO/USDT:USDT,0.8996,386.0,0.8995,2557.0,0.9007,386.0,0.9008,2557.0
1753600138119,07:08:58.119,huobi,AERO/USDT:USDT,0.8996,386.0,0.8995,2557.0,0.9007,386.0,0.9012,389.0
1753600138158,07:08:58.158,huobi,AERO/USDT:USDT,0.8996,386.0,0.8995,2557.0,0.9012,389.0,0.9014,33.0
1753600138217,07:08:58.217,huobi,AERO/USDT:USDT,0.8996,386.0,0.8995,2557.0,0.9012,389.0,0.9014,33.0
1753600138251,07:08:58.251,huobi,AERO/USDT:USDT,0.8996,386.0,0.8995,2557.0,0.901,381.0,0.9011,2555.0
1753600141442,07:09:01.442,huobi,AERO/USDT:USDT,0.8996,386.0,0.8995,2557.0,0.901,381.0,0.9011,2555.0
1753600141456,07:09:01.456,huobi,AERO/USDT:USDT,0.8996,386.0,0.8995,2557.0,0.901,381.0,0.9011,2555.0
1753600146241,07:09:06.241,huobi,AERO/USDT:USDT,0.8996,386.0,0.8995,2557.0,0.901,381.0,0.9011,2555.0
1753600146321,07:09:06.321,huobi,AERO/USDT:USDT,0.8996,386.0,0.8995,2557.0,0.901,381.0,0.9011,2555.0
1753600147086,07:09:07.086,huobi,AERO/USDT:USDT,0.8996,386.0,0.8995,2557.0,0.901,381.0,0.9011,2555.0
1753600147130,07:09:07.130,huobi,AERO/USDT:USDT,0.8996,386.0,0.8995,2557.0,0.901,381.0,0.9011,2555.0
1753600147161,07:09:07.161,huobi,AERO/USDT:USDT,0.8996,386.0,0.8995,2557.0,0.901,381.0,0.9011,2555.0
1753600147178,07:09:07.178,huobi,AERO/USDT:USDT,0.8996,386.0,0.8995,2557.0,0.901,381.0,0.9011,2555.0
1753600147227,07:09:07.227,huobi,AERO/USDT:USDT,0.8996,386.0,0.8995,2557.0,0.901,381.0,0.9011,2555.0
1753600147625,07:09:07.625,huobi,AERO/USDT:USDT,0.8996,386.0,0.8995,2557.0,0.901,381.0,0.9012,389.0
1753600148872,07:09:08.872,huobi,AERO/USDT:USDT,0.8996,386.0,0.8995,2557.0,0.9012,389.0,0.9014,2587.0
1753600148948,07:09:08.948,huobi,AERO/USDT:USDT,0.8996,386.0,0.8995,2557.0,0.9012,389.0,0.9014,2587.0
1753600148990,07:09:08.990,huobi,AERO/USDT:USDT,0.8996,386.0,0.8995,2557.0,0.9012,389.0,0.9014,2587.0
1753600149039,07:09:09.039,huobi,AERO/USDT:USDT,0.8996,386.0,0.8995,2557.0,0.9012,389.0,0.9014,2587.0
1753600149094,07:09:09.094,huobi,AERO/USDT:USDT,0.8996,386.0,0.8995,2557.0,0.9012,389.0,0.9014,2587.0
1753600149131,07:09:09.131,huobi,AERO/USDT:USDT,0.8996,386.0,0.8995,2557.0,0.9012,389.0,0.9014,2587.0
1753600149154,07:09:09.154,huobi,AERO/USDT:USDT,0.8996,386.0,0.8995,2557.0,0.9012,389.0,0.9014,2587.0
1753600149188,07:09:09.188,huobi,AERO/USDT:USDT,0.8996,386.0,0.8995,2557.0,0.9012,389.0,0.9014,2587.0
1753600150889,07:09:10.889,huobi,AERO/USDT:USDT,0.8996,386.0,0.8995,2557.0,0.9012,389.0,0.9014,2587.0
1753600150933,07:09:10.933,huobi,AERO/USDT:USDT,0.8996,386.0,0.8995,2557.0,0.9012,389.0,0.9014,2587.0
1753600151043,07:09:11.043,huobi,AERO/USDT:USDT,0.8996,386.0,0.8995,2557.0,0.9012,389.0,0.9014,2587.0
1753600151099,07:09:11.099,huobi,AERO/USDT:USDT,0.8996,386.0,0.8995,2557.0,0.9012,389.0,0.9014,2587.0
1753600151530,07:09:11.530,huobi,AERO/USDT:USDT,0.8996,386.0,0.8995,2557.0,0.9012,389.0,0.9014,33.0
1753600151634,07:09:11.634,huobi,AERO/USDT:USDT,0.8996,386.0,0.8995,2557.0,0.9012,389.0,0.9014,33.0
1753600151709,07:09:11.709,huobi,AERO/USDT:USDT,0.8996,386.0,0.8995,2557.0,0.9012,389.0,0.9014,33.0
1753600152137,07:09:12.137,huobi,AERO/USDT:USDT,0.9004,6.0,0.8996,386.0,0.9012,389.0,0.9014,33.0
1753600152156,07:09:12.156,huobi,AERO/USDT:USDT,0.8996,386.0,0.8995,2557.0,0.9012,389.0,0.9014,33.0
1753600152895,07:09:12.895,huobi,AERO/USDT:USDT,0.8996,386.0,0.8995,2557.0,0.9012,389.0,0.9014,33.0
1753600153031,07:09:13.031,huobi,AERO/USDT:USDT,0.8996,386.0,0.8995,2557.0,0.9012,389.0,0.9014,33.0
1753600153228,07:09:13.228,huobi,AERO/USDT:USDT,0.8996,386.0,0.8995,2557.0,0.9012,389.0,0.9014,33.0
1753600154675,07:09:14.675,huobi,AERO/USDT:USDT,0.8996,386.0,0.8995,2557.0,0.9012,389.0,0.9016,2937.0
1753600154727,07:09:14.727,huobi,AERO/USDT:USDT,0.8996,386.0,0.8995,2557.0,0.9012,389.0,0.9016,2970.0
1753600155840,07:09:15.840,huobi,AERO/USDT:USDT,0.8996,386.0,0.8995,2557.0,0.9012,389.0,0.9016,2970.0
1753600155854,07:09:15.854,huobi,AERO/USDT:USDT,0.8996,386.0,0.8995,2557.0,0.9012,389.0,0.9016,2970.0
1753600155882,07:09:15.882,huobi,AERO/USDT:USDT,0.8996,386.0,0.8995,2932.0,0.9012,389.0,0.9016,2970.0
1753600157509,07:09:17.509,huobi,AERO/USDT:USDT,0.8996,386.0,0.8995,2932.0,0.9012,389.0,0.9016,2970.0
1753600160643,07:09:20.643,huobi,AERO/USDT:USDT,0.8996,386.0,0.8995,2932.0,0.9012,389.0,0.9016,2970.0
1753600162905,07:09:22.905,huobi,AERO/USDT:USDT,0.8996,386.0,0.8995,2932.0,0.9012,389.0,0.9016,2970.0
1753600162939,07:09:22.939,huobi,AERO/USDT:USDT,0.8996,386.0,0.8995,2932.0,0.9012,389.0,0.9016,2970.0
1753600162977,07:09:22.977,huobi,AERO/USDT:USDT,0.8996,386.0,0.8995,2932.0,0.9012,389.0,0.9016,2970.0
1753600163027,07:09:23.027,huobi,AERO/USDT:USDT,0.8996,386.0,0.8995,2932.0,0.9012,389.0,0.9016,2970.0
1753600163225,07:09:23.225,huobi,AERO/USDT:USDT,0.8996,386.0,0.8995,2932.0,0.9012,389.0,0.9016,2970.0
1753600163258,07:09:23.258,huobi,AERO/USDT:USDT,0.8996,386.0,0.8995,2932.0,0.9012,389.0,0.9016,2970.0
1753600163410,07:09:23.410,huobi,AERO/USDT:USDT,0.8996,386.0,0.8995,2932.0,0.9012,389.0,0.9016,2970.0
1753600163492,07:09:23.492,huobi,AERO/USDT:USDT,0.8996,386.0,0.8995,2932.0,0.9012,389.0,0.9016,2970.0
1753600163611,07:09:23.611,huobi,AERO/USDT:USDT,0.8996,386.0,0.8995,2932.0,0.9012,389.0,0.9016,2970.0
1753600163645,07:09:23.645,huobi,AERO/USDT:USDT,0.8996,386.0,0.8995,2932.0,0.9012,389.0,0.9016,2970.0
1753600163745,07:09:23.745,huobi,AERO/USDT:USDT,0.8996,386.0,0.8995,2932.0,0.9012,389.0,0.9016,2970.0
1753600163778,07:09:23.778,huobi,AERO/USDT:USDT,0.8996,386.0,0.8995,2932.0,0.9012,389.0,0.9016,2970.0
1753600165386,07:09:25.386,huobi,AERO/USDT:USDT,0.9005,5.0,0.8996,386.0,0.9012,389.0,0.9016,2970.0
1753600165442,07:09:25.442,huobi,AERO/USDT:USDT,0.8996,386.0,0.8995,2932.0,0.9012,389.0,0.9016,2970.0
1753600165467,07:09:25.467,huobi,AERO/USDT:USDT,0.8996,386.0,0.8995,2932.0,0.9012,389.0,0.9016,2970.0
1753600169346,07:09:29.346,huobi,AERO/USDT:USDT,0.8996,386.0,0.8995,2932.0,0.9012,389.0,0.9016,2970.0
1753600169380,07:09:29.380,huobi,AERO/USDT:USDT,0.8996,386.0,0.8995,2932.0,0.9012,389.0,0.9016,2970.0
1753600170030,07:09:30.030,huobi,AERO/USDT:USDT,0.8996,386.0,0.8995,2932.0,0.9012,389.0,0.9016,2970.0
1753600170084,07:09:30.084,huobi,AERO/USDT:USDT,0.8996,386.0,0.8995,2932.0,0.9012,389.0,0.9016,2970.0
1753600170193,07:09:30.193,huobi,AERO/USDT:USDT,0.8996,386.0,0.8995,2932.0,0.9012,389.0,0.9016,2970.0
1753600170241,07:09:30.241,huobi,AERO/USDT:USDT,0.8996,386.0,0.8995,2932.0,0.9012,389.0,0.9016,2970.0
1753600170251,07:09:30.251,huobi,AERO/USDT:USDT,0.8996,386.0,0.8995,2932.0,0.9012,389.0,0.9016,2970.0
1753600170294,07:09:30.294,huobi,AERO/USDT:USDT,0.8996,386.0,0.8995,2932.0,0.9012,389.0,0.9016,2970.0
1753600170322,07:09:30.322,huobi,AERO/USDT:USDT,0.8996,386.0,0.8995,2932.0,0.9012,389.0,0.9016,2970.0
1753600170381,07:09:30.381,huobi,AERO/USDT:USDT,0.8996,386.0,0.8995,2932.0,0.9012,389.0,0.9016,2970.0
1753600170474,07:09:30.474,huobi,AERO/USDT:USDT,0.8996,386.0,0.8995,2932.0,0.9012,389.0,0.9016,2970.0
1753600170507,07:09:30.507,huobi,AERO/USDT:USDT,0.8996,386.0,0.8995,2932.0,0.9012,389.0,0.9016,2970.0
1753600170815,07:09:30.815,huobi,AERO/USDT:USDT,0.8996,386.0,0.8995,2932.0,0.9012,389.0,0.9016,2970.0
1753600170871,07:09:30.871,huobi,AERO/USDT:USDT,0.8996,386.0,0.8995,2932.0,0.9012,389.0,0.9016,2970.0
1753600170934,07:09:30.934,huobi,AERO/USDT:USDT,0.8996,386.0,0.8995,2932.0,0.9012,389.0,0.9016,2970.0
1753600171001,07:09:31.001,huobi,AERO/USDT:USDT,0.8996,386.0,0.8995,2932.0,0.9012,389.0,0.9016,2970.0
1753600171049,07:09:31.049,huobi,AERO/USDT:USDT,0.8996,386.0,0.8995,2932.0,0.9012,389.0,0.9016,2970.0
1753600171066,07:09:31.066,huobi,AERO/USDT:USDT,0.8996,386.0,0.8995,2932.0,0.9012,389.0,0.9016,2970.0
1753600171100,07:09:31.100,huobi,AERO/USDT:USDT,0.8996,386.0,0.8995,2932.0,0.9012,389.0,0.9016,2970.0
1753600172422,07:09:32.422,huobi,AERO/USDT:USDT,0.8996,386.0,0.8995,2932.0,0.9012,389.0,0.9016,2970.0
1753600172497,07:09:32.497,huobi,AERO/USDT:USDT,0.8996,386.0,0.8995,2932.0,0.9012,389.0,0.9016,2970.0
1753600174234,07:09:34.234,huobi,AERO/USDT:USDT,0.8996,386.0,0.8995,2932.0,0.9011,51.0,0.9012,389.0
1753600174400,07:09:34.400,huobi,AERO/USDT:USDT,0.8996,386.0,0.8995,2932.0,0.901,391.0,0.9011,51.0
1753600174434,07:09:34.434,huobi,AERO/USDT:USDT,0.8996,386.0,0.8995,2932.0,0.901,391.0,0.9011,51.0
1753600174468,07:09:34.468,huobi,AERO/USDT:USDT,0.8996,386.0,0.8995,2932.0,0.901,391.0,0.9012,389.0
1753600174482,07:09:34.482,huobi,AERO/USDT:USDT,0.8996,386.0,0.8995,2932.0,0.9012,389.0,0.9016,2970.0
1753600174575,07:09:34.575,huobi,AERO/USDT:USDT,0.8996,386.0,0.8995,2932.0,0.9012,389.0,0.9016,2970.0
1753600174658,07:09:34.658,huobi,AERO/USDT:USDT,0.8996,386.0,0.8995,2932.0,0.9012,389.0,0.9016,2970.0
1753600174721,07:09:34.721,huobi,AERO/USDT:USDT,0.8996,386.0,0.8995,2932.0,0.9012,389.0,0.9016,2970.0
1753600174826,07:09:34.826,huobi,AERO/USDT:USDT,0.8996,386.0,0.8995,2932.0,0.9012,389.0,0.9016,2970.0
1753600174838,07:09:34.838,huobi,AERO/USDT:USDT,0.8996,386.0,0.8995,2932.0,0.9012,389.0,0.9016,2970.0
1753600174868,07:09:34.868,huobi,AERO/USDT:USDT,0.8996,386.0,0.8995,2932.0,0.9012,389.0,0.9016,2970.0
1753600174985,07:09:34.985,huobi,AERO/USDT:USDT,0.8996,386.0,0.8995,2932.0,0.9012,389.0,0.9016,2970.0
1753600175025,07:09:35.025,huobi,AERO/USDT:USDT,0.8996,386.0,0.8995,2932.0,0.9012,389.0,0.9016,2970.0
1753600175045,07:09:35.045,huobi,AERO/USDT:USDT,0.8996,386.0,0.8995,2932.0,0.9012,389.0,0.9016,2970.0
1753600175128,07:09:35.128,huobi,AERO/USDT:USDT,0.8996,386.0,0.8995,2932.0,0.9012,389.0,0.9016,2970.0
1753600175140,07:09:35.140,huobi,AERO/USDT:USDT,0.8996,386.0,0.8995,2932.0,0.9012,389.0,0.9016,2970.0
1753600175178,07:09:35.178,huobi,AERO/USDT:USDT,0.8996,386.0,0.8995,2932.0,0.9012,389.0,0.9016,2970.0
1753600175224,07:09:35.224,huobi,AERO/USDT:USDT,0.8996,386.0,0.8995,2932.0,0.9012,389.0,0.9016,2970.0
1753600175255,07:09:35.255,huobi,AERO/USDT:USDT,0.8996,386.0,0.8995,2932.0,0.9012,389.0,0.9016,2970.0
1753600175286,07:09:35.286,huobi,AERO/USDT:USDT,0.8996,386.0,0.8995,2932.0,0.9012,389.0,0.9016,2970.0
1753600175526,07:09:35.526,huobi,AERO/USDT:USDT,0.8996,386.0,0.8995,2932.0,0.9012,389.0,0.9016,2970.0
1753600175572,07:09:35.572,huobi,AERO/USDT:USDT,0.8996,386.0,0.8995,2932.0,0.9012,389.0,0.9016,2970.0
1753600175651,07:09:35.651,huobi,AERO/USDT:USDT,0.8996,386.0,0.8995,2932.0,0.9012,389.0,0.9016,2970.0
1753600175684,07:09:35.684,huobi,AERO/USDT:USDT,0.8996,386.0,0.8995,2932.0,0.9012,389.0,0.9016,2970.0
1753600176039,07:09:36.039,huobi,AERO/USDT:USDT,0.8996,386.0,0.8995,375.0,0.9012,389.0,0.9016,2970.0
1753600179842,07:09:39.842,huobi,AERO/USDT:USDT,0.8995,375.0,0.8992,2554.0,0.9012,389.0,0.9016,2970.0
1753600179857,07:09:39.857,huobi,AERO/USDT:USDT,0.8995,375.0,0.8992,2554.0,0.9012,389.0,0.9016,2970.0
1753600182120,07:09:42.120,huobi,AERO/USDT:USDT,0.8995,375.0,0.8992,2942.0,0.9011,83.0,0.9012,389.0
1753600182134,07:09:42.134,huobi,AERO/USDT:USDT,0.8995,375.0,0.8992,2942.0,0.901,388.0,0.9011,83.0
1753600184646,07:09:44.646,huobi,AERO/USDT:USDT,0.8995,375.0,0.8992,2942.0,0.901,388.0,0.9011,83.0
1753600184684,07:09:44.684,huobi,AERO/USDT:USDT,0.8995,375.0,0.8992,2942.0,0.901,388.0,0.9011,83.0
1753600185984,07:09:45.984,huobi,AERO/USDT:USDT,0.8995,375.0,0.8992,2942.0,0.901,388.0,0.9012,389.0
1753600185996,07:09:45.996,huobi,AERO/USDT:USDT,0.8995,375.0,0.8992,2942.0,0.9012,389.0,0.9016,2970.0
1753600187534,07:09:47.534,huobi,AERO/USDT:USDT,0.8995,375.0,0.8992,2942.0,0.9011,83.0,0.9012,389.0
1753600189443,07:09:49.443,huobi,AERO/USDT:USDT,0.8995,375.0,0.8992,2942.0,0.901,388.0,0.9011,83.0
1753600189504,07:09:49.504,huobi,AERO/USDT:USDT,0.8995,375.0,0.8992,2942.0,0.901,388.0,0.9011,83.0
1753600194242,07:09:54.242,huobi,AERO/USDT:USDT,0.8995,375.0,0.8992,2942.0,0.901,388.0,0.9011,83.0
1753600194259,07:09:54.259,huobi,AERO/USDT:USDT,0.8995,375.0,0.8992,2942.0,0.901,388.0,0.9011,83.0
1753600197644,07:09:57.644,huobi,AERO/USDT:USDT,0.9003,4.0,0.8995,375.0,0.901,388.0,0.9011,83.0
1753600199043,07:09:59.043,huobi,AERO/USDT:USDT,0.8995,375.0,0.8992,2942.0,0.901,388.0,0.9011,83.0
1753600203844,07:10:03.844,huobi,AERO/USDT:USDT,0.8995,375.0,0.8992,2942.0,0.901,388.0,0.9011,83.0
1753600203858,07:10:03.858,huobi,AERO/USDT:USDT,0.8995,375.0,0.8992,2942.0,0.901,388.0,0.9011,83.0
1753600208643,07:10:08.643,huobi,AERO/USDT:USDT,0.8995,375.0,0.8992,2942.0,0.901,388.0,0.9011,83.0
1753600208660,07:10:08.660,huobi,AERO/USDT:USDT,0.8995,375.0,0.8992,2942.0,0.901,388.0,0.9011,83.0
1753600211282,07:10:11.282,huobi,AERO/USDT:USDT,0.9005,38.0,0.8995,375.0,0.901,388.0,0.9011,83.0
1753600211290,07:10:11.290,huobi,AERO/USDT:USDT,0.8995,375.0,0.8992,2942.0,0.901,388.0,0.9011,83.0
1753600211342,07:10:11.342,huobi,AERO/USDT:USDT,0.8995,375.0,0.8992,2942.0,0.901,388.0,0.9011,83.0
1753600213446,07:10:13.446,huobi,AERO/USDT:USDT,0.8995,375.0,0.8992,2942.0,0.901,388.0,0.9011,83.0
1753600213504,07:10:13.504,huobi,AERO/USDT:USDT,0.8995,375.0,0.8992,2942.0,0.901,388.0,0.9011,83.0
1753600218241,07:10:18.241,huobi,AERO/USDT:USDT,0.8995,375.0,0.8992,2942.0,0.901,388.0,0.9011,83.0
1753600218257,07:10:18.257,huobi,AERO/USDT:USDT,0.8995,375.0,0.8992,2942.0,0.901,388.0,0.9011,83.0
1753600222035,07:10:22.035,huobi,AERO/USDT:USDT,0.8995,375.0,0.8992,2942.0,0.901,388.0,0.9012,389.0
1753600222150,07:10:22.150,huobi,AERO/USDT:USDT,0.8995,375.0,0.8992,2942.0,0.9012,389.0,0.9016,2970.0
1753600222226,07:10:22.226,huobi,AERO/USDT:USDT,0.8995,375.0,0.8992,2942.0,0.9012,389.0,0.9016,2970.0
1753600222704,07:10:22.704,huobi,AERO/USDT:USDT,0.8995,375.0,0.8992,2942.0,0.9012,389.0,0.9016,2970.0
1753600222757,07:10:22.757,huobi,AERO/USDT:USDT,0.8995,375.0,0.8992,2942.0,0.9012,389.0,0.9016,2970.0
1753600222799,07:10:22.799,huobi,AERO/USDT:USDT,0.8995,375.0,0.8992,2942.0,0.9012,389.0,0.9016,2970.0
1753600222830,07:10:22.830,huobi,AERO/USDT:USDT,0.8995,375.0,0.8992,2942.0,0.9012,389.0,0.9016,2970.0
1753600222873,07:10:22.873,huobi,AERO/USDT:USDT,0.8995,375.0,0.8992,2942.0,0.9012,389.0,0.9016,2970.0
1753600222916,07:10:22.916,huobi,AERO/USDT:USDT,0.8995,375.0,0.8992,2942.0,0.9012,389.0,0.9016,2970.0
1753600223044,07:10:23.044,huobi,AERO/USDT:USDT,0.8995,375.0,0.8992,2942.0,0.9012,389.0,0.9016,2970.0
1753600225888,07:10:25.888,huobi,AERO/USDT:USDT,0.8995,375.0,0.8992,2942.0,0.9012,472.0,0.9016,8734.0
1753600225902,07:10:25.902,huobi,AERO/USDT:USDT,0.8995,375.0,0.8992,2942.0,0.9011,385.0,0.9012,472.0
1753600227349,07:10:27.349,huobi,AERO/USDT:USDT,0.8995,375.0,0.8992,2942.0,0.9,37.0,0.9011,385.0
1753600227366,07:10:27.366,huobi,AERO/USDT:USDT,0.8995,375.0,0.8992,2942.0,0.9011,385.0,0.9012,472.0
1753600227403,07:10:27.403,huobi,AERO/USDT:USDT,0.8995,375.0,0.8992,2942.0,0.901,33.0,0.9011,385.0
1753600227428,07:10:27.428,huobi,AERO/USDT:USDT,0.8995,375.0,0.8992,2942.0,0.9011,385.0,0.9012,472.0
1753600227462,07:10:27.462,huobi,AERO/USDT:USDT,0.8995,375.0,0.8992,2942.0,0.9011,385.0,0.9012,472.0
1753600227803,07:10:27.803,huobi,AERO/USDT:USDT,0.8995,375.0,0.8992,2942.0,0.9011,385.0,0.9012,389.0
1753600227824,07:10:27.824,huobi,AERO/USDT:USDT,0.8995,375.0,0.8992,2942.0,0.9012,389.0,0.9016,8734.0
1753600227844,07:10:27.844,huobi,AERO/USDT:USDT,0.8995,375.0,0.8992,2942.0,0.9012,389.0,0.9016,8734.0
1753600228692,07:10:28.692,huobi,AERO/USDT:USDT,0.8995,375.0,0.8992,2942.0,0.9012,472.0,0.9016,8734.0
1753600228788,07:10:28.788,huobi,AERO/USDT:USDT,0.8995,375.0,0.8992,2942.0,0.9011,391.0,0.9012,472.0
1753600230551,07:10:30.551,huobi,AERO/USDT:USDT,0.8995,375.0,0.8992,2942.0,0.9011,391.0,0.9012,472.0
1753600230611,07:10:30.611,huobi,AERO/USDT:USDT,0.8995,375.0,0.8992,2942.0,0.9011,391.0,0.9012,472.0
1753600230641,07:10:30.641,huobi,AERO/USDT:USDT,0.8995,375.0,0.8992,2942.0,0.9011,391.0,0.9012,389.0
1753600230698,07:10:30.698,huobi,AERO/USDT:USDT,0.8995,375.0,0.8992,2942.0,0.9012,389.0,0.9016,8734.0
1753600232408,07:10:32.408,huobi,AERO/USDT:USDT,0.8995,455.0,0.8992,2942.0,0.9012,389.0,0.9016,8734.0
1753600232644,07:10:32.644,huobi,AERO/USDT:USDT,0.8996,391.0,0.8995,455.0,0.9012,389.0,0.9016,8734.0
1753600237448,07:10:37.448,huobi,AERO/USDT:USDT,0.8996,391.0,0.8995,455.0,0.9012,389.0,0.9016,8734.0
1753600238248,07:10:38.248,huobi,AERO/USDT:USDT,0.8996,391.0,0.8995,375.0,0.9012,389.0,0.9016,8734.0
1753600238260,07:10:38.260,huobi,AERO/USDT:USDT,0.8995,375.0,0.8992,2942.0,0.9012,389.0,0.9016,8734.0
1753600239486,07:10:39.486,huobi,AERO/USDT:USDT,0.8995,375.0,0.8992,2942.0,0.9012,389.0,0.9016,8734.0
1753600239535,07:10:39.535,huobi,AERO/USDT:USDT,0.8995,375.0,0.8992,2942.0,0.9012,389.0,0.9016,8734.0
1753600239567,07:10:39.567,huobi,AERO/USDT:USDT,0.8995,375.0,0.8992,2942.0,0.9012,389.0,0.9016,8734.0
1753600239597,07:10:39.597,huobi,AERO/USDT:USDT,0.8995,375.0,0.8992,2942.0,0.9012,389.0,0.9016,8734.0
1753600239653,07:10:39.653,huobi,AERO/USDT:USDT,0.8995,375.0,0.8992,2942.0,0.9012,389.0,0.9016,8734.0
1753600239693,07:10:39.693,huobi,AERO/USDT:USDT,0.8995,375.0,0.8992,2942.0,0.9012,389.0,0.9016,8734.0
1753600240312,07:10:40.312,huobi,AERO/USDT:USDT,0.8995,375.0,0.8992,2942.0,0.9012,389.0,0.9016,8734.0
1753600240349,07:10:40.349,huobi,AERO/USDT:USDT,0.8995,375.0,0.8992,2942.0,0.9012,389.0,0.9016,8734.0
1753600240669,07:10:40.669,huobi,AERO/USDT:USDT,0.8995,375.0,0.8992,2942.0,0.9012,389.0,0.9016,8734.0
1753600240712,07:10:40.712,huobi,AERO/USDT:USDT,0.8995,375.0,0.8992,2942.0,0.9012,389.0,0.9016,8734.0
1753600242224,07:10:42.224,huobi,AERO/USDT:USDT,0.8995,375.0,0.8992,2942.0,0.9001,61.0,0.9012,389.0
1753600242243,07:10:42.243,huobi,AERO/USDT:USDT,0.8995,375.0,0.8992,2942.0,0.9012,389.0,0.9016,6147.0
1753600242283,07:10:42.283,huobi,AERO/USDT:USDT,0.8995,375.0,0.8992,2942.0,0.9009,381.0,0.901,2551.0
1753600242334,07:10:42.334,huobi,AERO/USDT:USDT,0.8995,375.0,0.8992,2942.0,0.9009,381.0,0.901,2551.0
1753600247043,07:10:47.043,huobi,AERO/USDT:USDT,0.8995,375.0,0.8992,2942.0,0.9009,381.0,0.901,2551.0
1753600251552,07:10:51.552,huobi,AERO/USDT:USDT,0.8995,375.0,0.8992,2942.0,0.9009,381.0,0.901,2551.0
1753600251588,07:10:51.588,huobi,AERO/USDT:USDT,0.8995,375.0,0.8992,2942.0,0.9009,381.0,0.901,2551.0
1753600251844,07:10:51.844,huobi,AERO/USDT:USDT,0.8995,375.0,0.8992,2942.0,0.9009,381.0,0.901,2551.0
1753600252054,07:10:52.054,huobi,AERO/USDT:USDT,0.8995,375.0,0.8992,2942.0,0.9009,381.0,0.901,2551.0
1753600252137,07:10:52.137,huobi,AERO/USDT:USDT,0.8995,375.0,0.8992,2942.0,0.9009,381.0,0.901,2551.0
1753600252188,07:10:52.188,huobi,AERO/USDT:USDT,0.8995,375.0,0.8992,2942.0,0.9009,381.0,0.901,2551.0
1753600252216,07:10:52.216,huobi,AERO/USDT:USDT,0.8995,375.0,0.8992,2942.0,0.9009,381.0,0.901,2551.0
1753600252251,07:10:52.251,huobi,AERO/USDT:USDT,0.8995,375.0,0.8992,2942.0,0.9009,381.0,0.901,2551.0
1753600252904,07:10:52.904,huobi,AERO/USDT:USDT,0.8995,375.0,0.8992,2942.0,0.9009,381.0,0.901,2551.0
1753600252944,07:10:52.944,huobi,AERO/USDT:USDT,0.8995,375.0,0.8992,2942.0,0.9009,381.0,0.901,2551.0
1753600252989,07:10:52.989,huobi,AERO/USDT:USDT,0.8995,375.0,0.8992,2942.0,0.9009,381.0,0.901,2551.0
1753600253029,07:10:53.029,huobi,AERO/USDT:USDT,0.8995,375.0,0.8992,2942.0,0.9009,381.0,0.901,2551.0
1753600253070,07:10:53.070,huobi,AERO/USDT:USDT,0.8995,375.0,0.8992,2942.0,0.9009,381.0,0.901,2551.0
1753600253113,07:10:53.113,huobi,AERO/USDT:USDT,0.8995,375.0,0.8992,2942.0,0.9009,381.0,0.901,2551.0
1753600255822,07:10:55.822,huobi,AERO/USDT:USDT,0.8995,375.0,0.8992,2942.0,0.9009,381.0,0.9012,389.0
1753600255833,07:10:55.833,huobi,AERO/USDT:USDT,0.8995,375.0,0.8992,2942.0,0.9012,389.0,0.9016,6180.0
1753600256643,07:10:56.643,huobi,AERO/USDT:USDT,0.8995,375.0,0.8992,2942.0,0.9012,389.0,0.9013,2550.0
1753600258544,07:10:58.544,huobi,AERO/USDT:USDT,0.8996,80.0,0.8995,375.0,0.9012,389.0,0.9013,2931.0
1753600258568,07:10:58.568,huobi,AERO/USDT:USDT,0.8997,378.0,0.8996,80.0,0.9012,389.0,0.9013,2931.0
1753600259683,07:10:59.683,huobi,AERO/USDT:USDT,0.9004,12.0,0.8997,378.0,0.9012,389.0,0.9013,2931.0
1753600259703,07:10:59.703,huobi,AERO/USDT:USDT,0.8997,378.0,0.8996,80.0,0.9012,389.0,0.9013,2931.0
1753600259754,07:10:59.754,huobi,AERO/USDT:USDT,0.8997,378.0,0.8996,80.0,0.9012,389.0,0.9013,2931.0
1753600259771,07:10:59.771,huobi,AERO/USDT:USDT,0.8997,378.0,0.8996,80.0,0.9012,389.0,0.9013,2931.0
1753600259821,07:10:59.821,huobi,AERO/USDT:USDT,0.8997,378.0,0.8996,80.0,0.9012,389.0,0.9013,2931.0
1753600260115,07:11:00.115,huobi,AERO/USDT:USDT,0.8997,378.0,0.8996,80.0,0.9012,389.0,0.9013,2931.0
1753600260332,07:11:00.332,huobi,AERO/USDT:USDT,0.8997,378.0,0.8996,80.0,0.9012,389.0,0.9013,2931.0
1753600260579,07:11:00.579,huobi,AERO/USDT:USDT,0.8997,378.0,0.8995,375.0,0.9012,389.0,0.9013,2931.0
1753600260609,07:11:00.609,huobi,AERO/USDT:USDT,0.8995,375.0,0.8992,2942.0,0.9012,389.0,0.9013,2931.0
1753600260637,07:11:00.637,huobi,AERO/USDT:USDT,0.8995,375.0,0.8992,2942.0,0.9012,389.0,0.9013,2931.0
1753600260677,07:11:00.677,huobi,AERO/USDT:USDT,0.8995,375.0,0.8992,2942.0,0.9012,389.0,0.9013,2931.0
1753600260710,07:11:00.710,huobi,AERO/USDT:USDT,0.8995,375.0,0.8992,2942.0,0.9012,389.0,0.9013,2931.0
1753600260737,07:11:00.737,huobi,AERO/USDT:USDT,0.8995,375.0,0.8992,2942.0,0.9012,389.0,0.9013,2931.0
1753600261644,07:11:01.644,huobi,AERO/USDT:USDT,0.8996,80.0,0.8995,375.0,0.9012,389.0,0.9013,2931.0
1753600261654,07:11:01.654,huobi,AERO/USDT:USDT,0.8996,80.0,0.8995,375.0,0.9012,389.0,0.9013,381.0
1753600261693,07:11:01.693,huobi,AERO/USDT:USDT,0.8997,378.0,0.8996,80.0,0.9016,2933.0,0.9017,33.0
1753600261774,07:11:01.774,huobi,AERO/USDT:USDT,0.8997,378.0,0.8996,80.0,0.9015,378.0,0.9016,2933.0
1753600261819,07:11:01.819,huobi,AERO/USDT:USDT,0.8997,378.0,0.8996,80.0,0.9015,378.0,0.9016,2933.0
1753600261836,07:11:01.836,huobi,AERO/USDT:USDT,0.8997,378.0,0.8996,80.0,0.9015,378.0,0.9016,2933.0
1753600261880,07:11:01.880,huobi,AERO/USDT:USDT,0.8997,378.0,0.8996,80.0,0.9015,378.0,0.9016,2933.0
1753600262666,07:11:02.666,huobi,AERO/USDT:USDT,0.8997,378.0,0.8995,375.0,0.9015,378.0,0.9016,2933.0
1753600262678,07:11:02.678,huobi,AERO/USDT:USDT,0.8995,375.0,0.8992,2942.0,0.9015,378.0,0.9016,2933.0
1753600263045,07:11:03.045,huobi,AERO/USDT:USDT,0.8995,375.0,0.8992,2942.0,0.9015,378.0,0.9016,2933.0
1753600263732,07:11:03.732,huobi,AERO/USDT:USDT,0.8996,80.0,0.8995,375.0,0.9015,378.0,0.9016,2933.0
1753600264757,07:11:04.757,huobi,AERO/USDT:USDT,0.8997,378.0,0.8995,375.0,0.9015,378.0,0.9016,2933.0
1753600265792,07:11:05.792,huobi,AERO/USDT:USDT,0.8996,80.0,0.8995,375.0,0.9015,378.0,0.9016,2933.0
1753600265803,07:11:05.803,huobi,AERO/USDT:USDT,0.8997,378.0,0.8996,80.0,0.9015,378.0,0.9016,2933.0
1753600266818,07:11:06.818,huobi,AERO/USDT:USDT,0.8997,378.0,0.8995,375.0,0.9015,378.0,0.9016,2933.0
1753600267844,07:11:07.844,huobi,AERO/USDT:USDT,0.8995,375.0,0.8992,2942.0,0.9015,378.0,0.9016,2933.0
1753600267869,07:11:07.869,huobi,AERO/USDT:USDT,0.8997,378.0,0.8996,61.0,0.9015,378.0,0.9016,2933.0
1753600268888,07:11:08.888,huobi,AERO/USDT:USDT,0.8997,378.0,0.8995,375.0,0.9015,378.0,0.9016,2933.0
1753600269925,07:11:09.925,huobi,AERO/USDT:USDT,0.8996,80.0,0.8995,375.0,0.9015,378.0,0.9016,2933.0
1753600269938,07:11:09.938,huobi,AERO/USDT:USDT,0.8997,393.0,0.8996,80.0,0.9015,378.0,0.9016,2933.0
1753600270729,07:11:10.729,huobi,AERO/USDT:USDT,0.8997,393.0,0.8996,80.0,0.9015,378.0,0.9016,2933.0
1753600270744,07:11:10.744,huobi,AERO/USDT:USDT,0.8998,2549.0,0.8997,393.0,0.9015,378.0,0.9016,2933.0
1753600270802,07:11:10.802,huobi,AERO/USDT:USDT,0.8999,393.0,0.8998,2549.0,0.9015,378.0,0.9016,2933.0
1753600271341,07:11:11.341,huobi,AERO/USDT:USDT,0.8999,393.0,0.8998,2549.0,0.9015,378.0,0.9016,2933.0
1753600272645,07:11:12.645,huobi,AERO/USDT:USDT,0.8999,393.0,0.8998,2549.0,0.9015,378.0,0.9016,2933.0
1753600276614,07:11:16.614,huobi,AERO/USDT:USDT,0.9006,2.0,0.8999,393.0,0.9015,378.0,0.9016,2933.0
1753600276623,07:11:16.623,huobi,AERO/USDT:USDT,0.8999,393.0,0.8998,2549.0,0.9015,378.0,0.9016,2933.0
1753600277445,07:11:17.445,huobi,AERO/USDT:USDT,0.8999,393.0,0.8998,2549.0,0.9015,378.0,0.9016,2933.0
1753600280602,07:11:20.602,huobi,AERO/USDT:USDT,0.8999,393.0,0.8998,2549.0,0.9015,378.0,0.9016,383.0
1753600280614,07:11:20.614,huobi,AERO/USDT:USDT,0.8999,393.0,0.8998,2549.0,0.9016,383.0,0.9018,379.0
1753600282246,07:11:22.246,huobi,AERO/USDT:USDT,0.8999,393.0,0.8998,2549.0,0.9018,379.0,0.9019,2548.0
1753600284018,07:11:24.018,huobi,AERO/USDT:USDT,0.8999,393.0,0.8998,2549.0,0.9017,83.0,0.9018,379.0
1753600287044,07:11:27.044,huobi,AERO/USDT:USDT,0.8999,393.0,0.8998,2549.0,0.9016,378.0,0.9017,83.0
1753600287121,07:11:27.121,huobi,AERO/USDT:USDT,0.8999,393.0,0.8998,2549.0,0.9016,378.0,0.9017,83.0
1753600287293,07:11:27.293,huobi,AERO/USDT:USDT,0.8999,393.0,0.8997,393.0,0.9016,378.0,0.9017,83.0
1753600287304,07:11:27.304,huobi,AERO/USDT:USDT,0.8997,393.0,0.8992,388.0,0.9016,378.0,0.9017,83.0
1753600287341,07:11:27.341,huobi,AERO/USDT:USDT,0.8995,378.0,0.8994,2548.0,0.9016,378.0,0.9017,83.0
1753600287366,07:11:27.366,huobi,AERO/USDT:USDT,0.8995,378.0,0.8994,2548.0,0.9016,378.0,0.9017,83.0
1753600287842,07:11:27.842,huobi,AERO/USDT:USDT,0.8995,378.0,0.8994,2548.0,0.9016,378.0,0.9018,379.0
1753600287853,07:11:27.853,huobi,AERO/USDT:USDT,0.8995,378.0,0.8994,2548.0,0.9018,379.0,0.9019,2959.0
1753600289781,07:11:29.781,huobi,AERO/USDT:USDT,0.8995,378.0,0.8994,2548.0,0.9017,83.0,0.9018,379.0
1753600289794,07:11:29.794,huobi,AERO/USDT:USDT,0.8995,378.0,0.8994,2548.0,0.9016,377.0,0.9017,83.0
1753600291698,07:11:31.698,huobi,AERO/USDT:USDT,0.8995,378.0,0.8994,2548.0,0.9016,377.0,0.9018,379.0
1753600291844,07:11:31.844,huobi,AERO/USDT:USDT,0.8995,378.0,0.8994,2548.0,0.9018,379.0,0.9019,2959.0
1753600293636,07:11:33.636,huobi,AERO/USDT:USDT,0.8995,378.0,0.8994,2548.0,0.9017,83.0,0.9018,379.0
1753600293942,07:11:33.942,huobi,AERO/USDT:USDT,0.8995,378.0,0.8994,2548.0,0.9004,9.0,0.9016,377.0
1753600294113,07:11:34.113,huobi,AERO/USDT:USDT,0.8995,378.0,0.8994,2548.0,0.9016,377.0,0.9017,83.0
1753600295549,07:11:35.549,huobi,AERO/USDT:USDT,0.8995,378.0,0.8994,2548.0,0.9016,377.0,0.9018,379.0
