timestamp,time,exchange,symbol,bid1_price,bid1_volume,bid2_price,bid2_volume,ask1_price,ask1_volume,ask2_price,ask2_volume
1753599996127,07:06:36.127,mexc,AERO/USDT:USDT,0.8994,38.0,0.8993,257,0.8996,28.0,0.8997,113.0
1753599996616,07:06:36.616,mexc,AERO/USDT:USDT,0.8994,38.0,0.8993,257,0.8996,28.0,0.8997,113.0
1753599996822,07:06:36.822,mexc,AERO/USDT:USDT,0.8994,38.0,0.8993,134,0.8996,28.0,0.8997,113.0
1753599997120,07:06:37.120,mexc,AERO/USDT:USDT,0.8994,27,0.8993,133,0.8996,26,0.8997,109
1753599997324,07:06:37.324,mexc,AERO/USDT:USDT,0.8994,27,0.8993,133,0.8996,26,0.8997,109
1753599997726,07:06:37.726,mexc,AERO/USDT:USDT,0.8994,27,0.8993,133,0.8996,26,0.8997,109
1753599997893,07:06:37.893,mexc,AERO/USDT:USDT,0.8994,27,0.8993,133,0.8996,26,0.8997,109
1753599998123,07:06:38.123,mexc,AERO/USDT:USDT,0.8994,27,0.8993,133,0.8996,26,0.8997,109
1753599998380,07:06:38.380,mexc,AERO/USDT:USDT,0.8994,27,0.8993,169,0.8996,26,0.8997,109
1753599998617,07:06:38.617,mexc,AERO/USDT:USDT,0.8994,27,0.8993,169,0.8996,26,0.8997,143
1753599998881,07:06:38.881,mexc,AERO/USDT:USDT,0.8994,27,0.8993,178,0.8996,26,0.8997,143
1753599999120,07:06:39.120,mexc,AERO/USDT:USDT,0.8994,27,0.8993,178,0.8996,26,0.8997,132
1753599999382,07:06:39.382,mexc,AERO/USDT:USDT,0.8994,27,0.8993,133,0.8996,26,0.8997,132
1753599999618,07:06:39.618,mexc,AERO/USDT:USDT,0.8994,27,0.8993,133,0.8996,26,0.8997,109
1753599999883,07:06:39.883,mexc,AERO/USDT:USDT,0.8994,27,0.8993,133,0.8996,26,0.8997,109
1753600000119,07:06:40.119,mexc,AERO/USDT:USDT,0.8994,27,0.8993,133,0.8996,26,0.8997,126
1753600000382,07:06:40.382,mexc,AERO/USDT:USDT,0.8994,27,0.8993,133,0.8996,26,0.8997,126
1753600000639,07:06:40.639,mexc,AERO/USDT:USDT,0.8994,27,0.8993,133,0.8996,26,0.8997,157
1753600000883,07:06:40.883,mexc,AERO/USDT:USDT,0.8994,27,0.8993,133,0.8996,26,0.8997,157
1753600001119,07:06:41.119,mexc,AERO/USDT:USDT,0.8994,27,0.8993,133,0.8996,26,0.8997,122
1753600001385,07:06:41.385,mexc,AERO/USDT:USDT,0.8994,27,0.8993,253,0.8996,26,0.8997,122
1753600001618,07:06:41.618,mexc,AERO/USDT:USDT,0.8994,27,0.8993,253,0.8996,26,0.8997,109
1753600001884,07:06:41.884,mexc,AERO/USDT:USDT,0.8994,27,0.8993,133,0.8996,26,0.8997,109
1753600002124,07:06:42.124,mexc,AERO/USDT:USDT,0.8994,27,0.8993,133,0.8996,26,0.8997,109
1753600002382,07:06:42.382,mexc,AERO/USDT:USDT,0.8994,27,0.8993,182,0.8996,26,0.8997,109
1753600002618,07:06:42.618,mexc,AERO/USDT:USDT,0.8994,27,0.8993,182,0.8996,26,0.8997,109
1753600002884,07:06:42.884,mexc,AERO/USDT:USDT,0.8994,27,0.8993,133,0.8996,26,0.8997,109
1753600003122,07:06:43.122,mexc,AERO/USDT:USDT,0.8996,26,0.8995,28,0.8997,29,0.8998,29
1753600003384,07:06:43.384,mexc,AERO/USDT:USDT,0.8996,26,0.8995,38,0.8997,29,0.8998,29
1753600003787,07:06:43.787,mexc,AERO/USDT:USDT,0.8996,26,0.8995,28,0.8997,29,0.8998,41
1753600003886,07:06:43.886,mexc,AERO/USDT:USDT,0.8996,26,0.8995,38,0.8997,29,0.8998,41
1753600004122,07:06:44.122,mexc,AERO/USDT:USDT,0.8996,26,0.8995,38,0.8997,29,0.8998,29
1753600004384,07:06:44.384,mexc,AERO/USDT:USDT,0.8996,26,0.8995,28,0.8997,29,0.8998,29
1753600004620,07:06:44.620,mexc,AERO/USDT:USDT,0.8996,26,0.8995,28,0.8997,29,0.8998,36
1753600004885,07:06:44.885,mexc,AERO/USDT:USDT,0.8996,26,0.8995,28,0.8997,29,0.8998,36
1753600005120,07:06:45.120,mexc,AERO/USDT:USDT,0.8996,26,0.8995,28,0.8997,29,0.8998,29
1753600005386,07:06:45.386,mexc,AERO/USDT:USDT,0.8996,26,0.8995,37,0.8997,29,0.8998,29
1753600005620,07:06:45.620,mexc,AERO/USDT:USDT,0.8996,26,0.8995,37,0.8997,29,0.8998,54
1753600005888,07:06:45.888,mexc,AERO/USDT:USDT,0.8996,26,0.8995,37,0.8997,29,0.8998,54
1753600006120,07:06:46.120,mexc,AERO/USDT:USDT,0.8996,26,0.8995,37,0.8997,29,0.8998,29
1753600006387,07:06:46.387,mexc,AERO/USDT:USDT,0.8996,26,0.8995,33,0.8997,29,0.8998,29
1753600006621,07:06:46.621,mexc,AERO/USDT:USDT,0.8996,26,0.8995,33,0.8997,29,0.8998,29
1753600006887,07:06:46.887,mexc,AERO/USDT:USDT,0.8996,26,0.8995,33,0.8997,29,0.8998,29
1753600007123,07:06:47.123,mexc,AERO/USDT:USDT,0.8996,26,0.8995,33,0.8997,29,0.8998,29
1753600007390,07:06:47.390,mexc,AERO/USDT:USDT,0.8996,26,0.8995,34,0.8997,29,0.8998,29
1753600007619,07:06:47.619,mexc,AERO/USDT:USDT,0.8996,26,0.8995,34,0.8997,29,0.8998,29
1753600007889,07:06:47.889,mexc,AERO/USDT:USDT,0.8996,26,0.8995,28,0.8997,29,0.8998,29
1753600008127,07:06:48.127,mexc,AERO/USDT:USDT,0.8996,26,0.8995,28,0.8997,29,0.8998,29
1753600008386,07:06:48.386,mexc,AERO/USDT:USDT,0.8996,26,0.8995,28,0.8997,29,0.8998,29
1753600008622,07:06:48.622,mexc,AERO/USDT:USDT,0.8996,26,0.8995,28,0.8997,29,0.8998,36
1753600008887,07:06:48.887,mexc,AERO/USDT:USDT,0.8996,26,0.8995,41,0.8997,29,0.8998,36
1753600009129,07:06:49.129,mexc,AERO/USDT:USDT,0.8994,132,0.8993,187,0.8996,35,0.8997,28
1753600009388,07:06:49.388,mexc,AERO/USDT:USDT,0.8994,132,0.8993,278,0.8996,35,0.8997,28
1753600009791,07:06:49.791,mexc,AERO/USDT:USDT,0.8994,132,0.8993,278,0.8996,35,0.8997,31
1753600009891,07:06:49.891,mexc,AERO/USDT:USDT,0.8994,132,0.8993,342,0.8996,35,0.8997,31
1753600010123,07:06:50.123,mexc,AERO/USDT:USDT,0.8994,132,0.8993,342,0.8996,35,0.8997,28
1753600010387,07:06:50.387,mexc,AERO/USDT:USDT,0.8994,132,0.8993,210,0.8996,35,0.8997,28
1753600010624,07:06:50.624,mexc,AERO/USDT:USDT,0.8994,132,0.8993,210,0.8996,35,0.8997,28
1753600010889,07:06:50.889,mexc,AERO/USDT:USDT,0.8994,132,0.8993,187,0.8996,35,0.8997,28
1753600011128,07:06:51.128,mexc,AERO/USDT:USDT,0.8994,132,0.8993,187,0.8996,35,0.8997,28
1753600011388,07:06:51.388,mexc,AERO/USDT:USDT,0.8994,132,0.8993,294,0.8996,35,0.8997,28
1753600011626,07:06:51.626,mexc,AERO/USDT:USDT,0.8994,132,0.8993,294,0.8996,35,0.8997,28
1753600011890,07:06:51.890,mexc,AERO/USDT:USDT,0.8994,132,0.8993,187,0.8996,35,0.8997,28
1753600012124,07:06:52.124,mexc,AERO/USDT:USDT,0.8994,132,0.8993,187,0.8996,35,0.8997,28
1753600012388,07:06:52.388,mexc,AERO/USDT:USDT,0.8994,132,0.8993,219,0.8996,35,0.8997,28
1753600012627,07:06:52.627,mexc,AERO/USDT:USDT,0.8994,132,0.8993,219,0.8996,35,0.8997,28
1753600012889,07:06:52.889,mexc,AERO/USDT:USDT,0.8994,132,0.8993,251,0.8996,6,0.8997,28
1753600013138,07:06:53.138,mexc,AERO/USDT:USDT,0.8994,132,0.8993,251,0.8996,6,0.8997,42
1753600013389,07:06:53.389,mexc,AERO/USDT:USDT,0.8994,132,0.8993,231,0.8996,6,0.8997,42
1753600013627,07:06:53.627,mexc,AERO/USDT:USDT,0.8994,132,0.8993,231,0.8996,6,0.8997,28
1753600013889,07:06:53.889,mexc,AERO/USDT:USDT,0.8994,132,0.8993,243,0.8996,6,0.8997,28
1753600014129,07:06:54.129,mexc,AERO/USDT:USDT,0.8994,132,0.8993,243,0.8996,6,0.8997,31
1753600014389,07:06:54.389,mexc,AERO/USDT:USDT,0.8994,132,0.8993,187,0.8996,6,0.8997,31
1753600014628,07:06:54.628,mexc,AERO/USDT:USDT,0.8994,132,0.8993,187,0.8996,6,0.8997,28
1753600014890,07:06:54.890,mexc,AERO/USDT:USDT,0.8994,132,0.8993,187,0.8996,6,0.8997,28
1753600015126,07:06:55.126,mexc,AERO/USDT:USDT,0.8995,24,0.8994,89,0.8996,23,0.8997,24
1753600015389,07:06:55.389,mexc,AERO/USDT:USDT,0.8995,24,0.8994,89,0.8996,23,0.8997,24
1753600015793,07:06:55.793,mexc,AERO/USDT:USDT,0.8995,24,0.8994,89,0.8996,23,0.8997,24
1753600015889,07:06:55.889,mexc,AERO/USDT:USDT,0.8995,24,0.8994,89,0.8996,23,0.8997,24
1753600016126,07:06:56.126,mexc,AERO/USDT:USDT,0.8995,24,0.8994,89,0.8996,23,0.8997,24
1753600016389,07:06:56.389,mexc,AERO/USDT:USDT,0.8995,24,0.8994,89,0.8996,23,0.8997,24
1753600016627,07:06:56.627,mexc,AERO/USDT:USDT,0.8995,24,0.8994,89,0.8996,23,0.8997,24
1753600016888,07:06:56.888,mexc,AERO/USDT:USDT,0.8995,24,0.8994,89,0.8996,23,0.8997,24
1753600017125,07:06:57.125,mexc,AERO/USDT:USDT,0.8995,24,0.8994,89,0.8996,23,0.8997,35
1753600017389,07:06:57.389,mexc,AERO/USDT:USDT,0.8995,24,0.8994,125,0.8996,23,0.8997,35
1753600017628,07:06:57.628,mexc,AERO/USDT:USDT,0.8995,24,0.8994,125,0.8996,23,0.8997,24
1753600017893,07:06:57.893,mexc,AERO/USDT:USDT,0.8995,24,0.8994,89,0.8996,23,0.8997,24
1753600018128,07:06:58.128,mexc,AERO/USDT:USDT,0.8995,24,0.8994,89,0.8996,23,0.8997,24
1753600018390,07:06:58.390,mexc,AERO/USDT:USDT,0.8995,24,0.8994,89,0.8996,23,0.8997,24
1753600018628,07:06:58.628,mexc,AERO/USDT:USDT,0.8995,24,0.8994,89,0.8996,23,0.8997,31
1753600018891,07:06:58.891,mexc,AERO/USDT:USDT,0.8995,24,0.8994,129,0.8996,23,0.8997,31
1753600019201,07:06:59.201,mexc,AERO/USDT:USDT,0.8995,24,0.8994,129,0.8996,23,0.8997,24
1753600019392,07:06:59.392,mexc,AERO/USDT:USDT,0.8995,24,0.8994,89,0.8996,23,0.8997,24
1753600019628,07:06:59.628,mexc,AERO/USDT:USDT,0.8995,24,0.8994,89,0.8996,23,0.8997,24
1753600019794,07:06:59.794,mexc,AERO/USDT:USDT,0.8995,24,0.8994,89,0.8996,23,0.8997,24
1753600020032,07:07:00.032,mexc,AERO/USDT:USDT,0.8995,24,0.8994,101,0.8996,23,0.8997,24
1753600020130,07:07:00.130,mexc,AERO/USDT:USDT,0.8995,24,0.8994,101,0.8996,23,0.8997,30
1753600020392,07:07:00.392,mexc,AERO/USDT:USDT,0.8995,24,0.8994,115,0.8996,23,0.8997,30
1753600020631,07:07:00.631,mexc,AERO/USDT:USDT,0.8995,24,0.8994,115,0.8996,23,0.8997,24
1753600020891,07:07:00.891,mexc,AERO/USDT:USDT,0.8995,24,0.8994,97,0.8996,23,0.8997,24
1753600021126,07:07:01.126,mexc,AERO/USDT:USDT,0.8995,24,0.8994,115,0.8996,28,0.8997,28
1753600021392,07:07:01.392,mexc,AERO/USDT:USDT,0.8995,24,0.8994,115,0.8996,28,0.8997,28
1753600021797,07:07:01.797,mexc,AERO/USDT:USDT,0.8995,24,0.8994,115,0.8996,28,0.8997,28
1753600021891,07:07:01.891,mexc,AERO/USDT:USDT,0.8995,24,0.8994,185,0.8996,28,0.8997,28
1753600022134,07:07:02.134,mexc,AERO/USDT:USDT,0.8995,24,0.8994,185,0.8996,28,0.8997,28
1753600022391,07:07:02.391,mexc,AERO/USDT:USDT,0.8995,24,0.8994,115,0.8996,28,0.8997,28
1753600022629,07:07:02.629,mexc,AERO/USDT:USDT,0.8995,24,0.8994,115,0.8996,28,0.8997,35
1753600022892,07:07:02.892,mexc,AERO/USDT:USDT,0.8995,24,0.8994,115,0.8996,28,0.8997,35
1753600023131,07:07:03.131,mexc,AERO/USDT:USDT,0.8995,24,0.8994,115,0.8996,28,0.8997,45
1753600023391,07:07:03.391,mexc,AERO/USDT:USDT,0.8995,24,0.8994,149,0.8996,28,0.8997,45
1753600023631,07:07:03.631,mexc,AERO/USDT:USDT,0.8995,24,0.8994,149,0.8996,28,0.8997,39
1753600023892,07:07:03.892,mexc,AERO/USDT:USDT,0.8995,24,0.8994,115,0.8996,28,0.8997,39
1753600024131,07:07:04.131,mexc,AERO/USDT:USDT,0.8995,24,0.8994,115,0.8996,28,0.8997,32
1753600024392,07:07:04.392,mexc,AERO/USDT:USDT,0.8995,24,0.8994,115,0.8996,28,0.8997,32
1753600024634,07:07:04.634,mexc,AERO/USDT:USDT,0.8995,24,0.8994,115,0.8996,28,0.8997,28
1753600024893,07:07:04.893,mexc,AERO/USDT:USDT,0.8995,24,0.8994,115,0.8996,28,0.8997,28
1753600025207,07:07:05.207,mexc,AERO/USDT:USDT,0.8995,24,0.8994,115,0.8996,28,0.8997,28
1753600025391,07:07:05.391,mexc,AERO/USDT:USDT,0.8995,24,0.8994,171,0.8996,28,0.8997,28
1753600025631,07:07:05.631,mexc,AERO/USDT:USDT,0.8995,24,0.8994,171,0.8996,28,0.8997,35
1753600025795,07:07:05.795,mexc,AERO/USDT:USDT,0.8995,24,0.8994,115,0.8996,28,0.8997,41
1753600026035,07:07:06.035,mexc,AERO/USDT:USDT,0.8995,24,0.8994,115,0.8996,28,0.8997,34
1753600026131,07:07:06.131,mexc,AERO/USDT:USDT,0.8995,24,0.8994,115,0.8996,28,0.8997,39
1753600026396,07:07:06.396,mexc,AERO/USDT:USDT,0.8995,24,0.8994,115,0.8996,28,0.8997,39
1753600026632,07:07:06.632,mexc,AERO/USDT:USDT,0.8995,24,0.8994,115,0.8996,28,0.8997,31
1753600026903,07:07:06.903,mexc,AERO/USDT:USDT,0.8995,24,0.8994,147,0.8996,28,0.8997,31
1753600027129,07:07:07.129,mexc,AERO/USDT:USDT,0.8994,130,0.8993,49,0.8996,33,0.8997,26
1753600027394,07:07:07.394,mexc,AERO/USDT:USDT,0.8994,130,0.8993,49,0.8996,33,0.8997,26
1753600027797,07:07:07.797,mexc,AERO/USDT:USDT,0.8994,130,0.8993,49,0.8996,33,0.8997,36
1753600027893,07:07:07.893,mexc,AERO/USDT:USDT,0.8994,130,0.8993,49,0.8996,33,0.8997,36
1753600028133,07:07:08.133,mexc,AERO/USDT:USDT,0.8994,130,0.8993,49,0.8996,33,0.8997,35
1753600028394,07:07:08.394,mexc,AERO/USDT:USDT,0.8994,130,0.8993,71,0.8996,33,0.8997,35
1753600028633,07:07:08.633,mexc,AERO/USDT:USDT,0.8994,130,0.8993,71,0.8996,33,0.8997,26
1753600028892,07:07:08.892,mexc,AERO/USDT:USDT,0.8994,130,0.8993,59,0.8996,33,0.8997,26
1753600029133,07:07:09.133,mexc,AERO/USDT:USDT,0.8994,130,0.8993,59,0.8996,33,0.8997,26
1753600029393,07:07:09.393,mexc,AERO/USDT:USDT,0.8994,130,0.8993,64,0.8996,33,0.8997,26
1753600029635,07:07:09.635,mexc,AERO/USDT:USDT,0.8994,130,0.8993,64,0.8996,33,0.8997,37
1753600029894,07:07:09.894,mexc,AERO/USDT:USDT,0.8994,130,0.8993,49,0.8996,33,0.8997,37
1753600030134,07:07:10.134,mexc,AERO/USDT:USDT,0.8994,130,0.8993,49,0.8996,33,0.8997,26
1753600030394,07:07:10.394,mexc,AERO/USDT:USDT,0.8994,130,0.8993,49,0.8996,33,0.8997,26
1753600030639,07:07:10.639,mexc,AERO/USDT:USDT,0.8994,130,0.8993,49,0.8996,33,0.8997,29
1753600030899,07:07:10.899,mexc,AERO/USDT:USDT,0.8994,130,0.8993,49,0.8996,33,0.8997,29
1753600031209,07:07:11.209,mexc,AERO/USDT:USDT,0.8994,130,0.8993,49,0.8996,33,0.8997,26
1753600031395,07:07:11.395,mexc,AERO/USDT:USDT,0.8994,130,0.8993,71,0.8996,33,0.8997,26
1753600031637,07:07:11.637,mexc,AERO/USDT:USDT,0.8994,130,0.8993,71,0.8996,33,0.8997,26
1753600031798,07:07:11.798,mexc,AERO/USDT:USDT,0.8994,130,0.8993,49,0.8996,33,0.8997,26
1753600032037,07:07:12.037,mexc,AERO/USDT:USDT,0.8994,130,0.8993,61,0.8996,33,0.8997,26
1753600032134,07:07:12.134,mexc,AERO/USDT:USDT,0.8994,130,0.8993,61,0.8996,33,0.8997,37
1753600032395,07:07:12.395,mexc,AERO/USDT:USDT,0.8994,130,0.8993,60,0.8996,33,0.8997,37
1753600032636,07:07:12.636,mexc,AERO/USDT:USDT,0.8994,130,0.8993,60,0.8996,33,0.8997,37
1753600032895,07:07:12.895,mexc,AERO/USDT:USDT,0.8994,130,0.8993,49,0.8996,33,0.8997,37
1753600033137,07:07:13.137,mexc,AERO/USDT:USDT,0.8994,22,0.8993,133,0.8996,62,0.8997,98
1753600033539,07:07:13.539,mexc,AERO/USDT:USDT,0.8994,22,0.8993,133,0.8996,62,0.8997,98
1753600033635,07:07:13.635,mexc,AERO/USDT:USDT,0.8994,22,0.8993,133,0.8996,62,0.8997,83
1753600033897,07:07:13.897,mexc,AERO/USDT:USDT,0.8994,22,0.8993,133,0.8996,62,0.8997,83
1753600034138,07:07:14.138,mexc,AERO/USDT:USDT,0.8994,22,0.8993,133,0.8996,62,0.8997,83
1753600034396,07:07:14.396,mexc,AERO/USDT:USDT,0.8994,22,0.8993,133,0.8996,62,0.8997,83
1753600034636,07:07:14.636,mexc,AERO/USDT:USDT,0.8994,22,0.8993,133,0.8996,62,0.8997,83
1753600034895,07:07:14.895,mexc,AERO/USDT:USDT,0.8994,22,0.8993,133,0.8996,62,0.8997,83
1753600035137,07:07:15.137,mexc,AERO/USDT:USDT,0.8994,22,0.8993,133,0.8996,62,0.8997,104
1753600035399,07:07:15.399,mexc,AERO/USDT:USDT,0.8994,22,0.8993,133,0.8996,62,0.8997,104
1753600035637,07:07:15.637,mexc,AERO/USDT:USDT,0.8994,22,0.8993,133,0.8996,62,0.8997,156
1753600035898,07:07:15.898,mexc,AERO/USDT:USDT,0.8994,22,0.8993,196,0.8996,62,0.8997,156
1753600036137,07:07:16.137,mexc,AERO/USDT:USDT,0.8994,22,0.8993,196,0.8996,62,0.8997,83
1753600036397,07:07:16.397,mexc,AERO/USDT:USDT,0.8994,22,0.8993,133,0.8996,62,0.8997,83
1753600036641,07:07:16.641,mexc,AERO/USDT:USDT,0.8994,22,0.8993,133,0.8996,62,0.8997,83
1753600036900,07:07:16.900,mexc,AERO/USDT:USDT,0.8994,22,0.8993,133,0.8996,62,0.8997,83
1753600037137,07:07:17.137,mexc,AERO/USDT:USDT,0.8994,22,0.8993,133,0.8996,62,0.8997,105
1753600037399,07:07:17.399,mexc,AERO/USDT:USDT,0.8994,22,0.8993,133,0.8996,62,0.8997,105
1753600037639,07:07:17.639,mexc,AERO/USDT:USDT,0.8994,22,0.8993,133,0.8996,62,0.8997,83
1753600037901,07:07:17.901,mexc,AERO/USDT:USDT,0.8994,22,0.8993,150,0.8996,62,0.8997,83
1753600038138,07:07:18.138,mexc,AERO/USDT:USDT,0.8994,22,0.8993,150,0.8996,62,0.8997,83
1753600038399,07:07:18.399,mexc,AERO/USDT:USDT,0.8994,22,0.8993,133,0.8996,62,0.8997,83
1753600038639,07:07:18.639,mexc,AERO/USDT:USDT,0.8994,22,0.8993,133,0.8996,62,0.8997,83
1753600038901,07:07:18.901,mexc,AERO/USDT:USDT,0.8994,22,0.8993,133,0.8996,62,0.8997,83
1753600039138,07:07:19.138,mexc,AERO/USDT:USDT,0.8992,27,0.8991,111,0.8994,36,0.8995,55
1753600039542,07:07:19.542,mexc,AERO/USDT:USDT,0.8992,27,0.8991,150,0.8994,36,0.8995,55
1753600039641,07:07:19.641,mexc,AERO/USDT:USDT,0.8992,27,0.8991,150,0.8994,36,0.8995,59
1753600039901,07:07:19.901,mexc,AERO/USDT:USDT,0.8992,27,0.8991,111,0.8994,36,0.8995,59
1753600040139,07:07:20.139,mexc,AERO/USDT:USDT,0.8992,27,0.8991,111,0.8994,36,0.8995,55
1753600040402,07:07:20.402,mexc,AERO/USDT:USDT,0.8992,27,0.8991,157,0.8994,36,0.8995,55
1753600040638,07:07:20.638,mexc,AERO/USDT:USDT,0.8992,27,0.8991,157,0.8994,36,0.8995,49
1753600040902,07:07:20.902,mexc,AERO/USDT:USDT,0.8992,27,0.8991,147,0.8994,36,0.8995,49
1753600041140,07:07:21.140,mexc,AERO/USDT:USDT,0.8992,27,0.8991,147,0.8994,36,0.8995,49
1753600041402,07:07:21.402,mexc,AERO/USDT:USDT,0.8992,27,0.8991,166,0.8994,36,0.8995,49
1753600041639,07:07:21.639,mexc,AERO/USDT:USDT,0.8992,27,0.8991,166,0.8994,36,0.8995,56
1753600041903,07:07:21.903,mexc,AERO/USDT:USDT,0.8992,27,0.8991,156,0.8994,36,0.8995,56
1753600042140,07:07:22.140,mexc,AERO/USDT:USDT,0.8992,27,0.8991,156,0.8994,36,0.8995,49
1753600042401,07:07:22.401,mexc,AERO/USDT:USDT,0.8992,27,0.8991,126,0.8994,36,0.8995,49
1753600042645,07:07:22.645,mexc,AERO/USDT:USDT,0.8992,27,0.8991,126,0.8994,36,0.8995,49
1753600042903,07:07:22.903,mexc,AERO/USDT:USDT,0.8992,27,0.8991,149,0.8994,36,0.8995,49
1753600043138,07:07:23.138,mexc,AERO/USDT:USDT,0.8992,27,0.8991,149,0.8994,36,0.8995,68
1753600043403,07:07:23.403,mexc,AERO/USDT:USDT,0.8992,27,0.8991,111,0.8994,36,0.8995,68
1753600043638,07:07:23.638,mexc,AERO/USDT:USDT,0.8992,27,0.8991,111,0.8994,36,0.8995,49
1753600043905,07:07:23.905,mexc,AERO/USDT:USDT,0.8992,27,0.8991,142,0.8994,36,0.8995,49
1753600044141,07:07:24.141,mexc,AERO/USDT:USDT,0.8992,27,0.8991,142,0.8994,36,0.8995,56
1753600044543,07:07:24.543,mexc,AERO/USDT:USDT,0.8992,27,0.8991,111,0.8994,36,0.8995,56
1753600044641,07:07:24.641,mexc,AERO/USDT:USDT,0.8992,27,0.8991,111,0.8994,36,0.8995,49
1753600044904,07:07:24.904,mexc,AERO/USDT:USDT,0.8992,27,0.8991,111,0.8994,36,0.8995,49
1753600045194,07:07:25.194,mexc,AERO/USDT:USDT,0.899,35,0.8989,219,0.8991,41,0.8992,60
1753600045404,07:07:25.404,mexc,AERO/USDT:USDT,0.899,35,0.8989,219,0.8991,41,0.8992,60
1753600045808,07:07:25.808,mexc,AERO/USDT:USDT,0.899,35,0.8989,219,0.8991,41,0.8992,60
1753600045905,07:07:25.905,mexc,AERO/USDT:USDT,0.899,35,0.8989,219,0.8991,41,0.8992,60
1753600046180,07:07:26.180,mexc,AERO/USDT:USDT,0.899,35,0.8989,219,0.8991,41,0.8992,77
1753600046404,07:07:26.404,mexc,AERO/USDT:USDT,0.899,35,0.8989,219,0.8991,41,0.8992,77
1753600046680,07:07:26.680,mexc,AERO/USDT:USDT,0.899,35,0.8989,219,0.8991,41,0.8992,60
1753600046904,07:07:26.904,mexc,AERO/USDT:USDT,0.899,35,0.8989,219,0.8991,41,0.8992,60
1753600047190,07:07:27.190,mexc,AERO/USDT:USDT,0.899,35,0.8989,219,0.8991,41,0.8992,71
1753600047405,07:07:27.405,mexc,AERO/USDT:USDT,0.899,35,0.8989,219,0.8991,41,0.8992,71
1753600047680,07:07:27.680,mexc,AERO/USDT:USDT,0.899,35,0.8989,219,0.8991,41,0.8992,69
1753600047979,07:07:27.979,mexc,AERO/USDT:USDT,0.899,35,0.8989,219,0.8991,41,0.8992,69
1753600048186,07:07:28.186,mexc,AERO/USDT:USDT,0.899,35,0.8989,219,0.8991,41,0.8992,60
1753600048415,07:07:28.415,mexc,AERO/USDT:USDT,0.899,35,0.8989,354,0.8991,41,0.8992,60
1753600048683,07:07:28.683,mexc,AERO/USDT:USDT,0.899,35,0.8989,354,0.8991,41,0.8992,60
1753600048908,07:07:28.908,mexc,AERO/USDT:USDT,0.899,35,0.8989,282,0.8991,41,0.8992,60
1753600049195,07:07:29.195,mexc,AERO/USDT:USDT,0.899,35,0.8989,282,0.8991,41,0.8992,60
1753600049408,07:07:29.408,mexc,AERO/USDT:USDT,0.899,35,0.8989,219,0.8991,41,0.8992,60
1753600049684,07:07:29.684,mexc,AERO/USDT:USDT,0.899,35,0.8989,219,0.8991,41,0.8992,86
1753600049906,07:07:29.906,mexc,AERO/USDT:USDT,0.899,35,0.8989,219,0.8991,41,0.8992,86
1753600050188,07:07:30.188,mexc,AERO/USDT:USDT,0.899,35,0.8989,219,0.8991,41,0.8992,83
1753600050408,07:07:30.408,mexc,AERO/USDT:USDT,0.899,35,0.8989,249,0.8991,41,0.8992,83
1753600050683,07:07:30.683,mexc,AERO/USDT:USDT,0.899,35,0.8989,249,0.8991,41,0.8992,60
1753600050908,07:07:30.908,mexc,AERO/USDT:USDT,0.899,35,0.8989,219,0.8991,41,0.8992,60
1753600051184,07:07:31.184,mexc,AERO/USDT:USDT,0.899,24,0.8989,34,0.8991,23,0.8992,29
1753600051586,07:07:31.586,mexc,AERO/USDT:USDT,0.899,24,0.8989,43,0.8991,23,0.8992,26
1753600051683,07:07:31.683,mexc,AERO/USDT:USDT,0.899,24,0.8989,43,0.8991,23,0.8992,31
1753600051908,07:07:31.908,mexc,AERO/USDT:USDT,0.899,24,0.8989,34,0.8991,23,0.8992,31
1753600052182,07:07:32.182,mexc,AERO/USDT:USDT,0.899,24,0.8989,34,0.8991,23,0.8992,26
1753600052409,07:07:32.409,mexc,AERO/USDT:USDT,0.899,24,0.8989,34,0.8991,23,0.8992,26
1753600052684,07:07:32.684,mexc,AERO/USDT:USDT,0.899,24,0.8989,34,0.8991,23,0.8992,26
1753600052908,07:07:32.908,mexc,AERO/USDT:USDT,0.899,24,0.8989,34,0.8991,23,0.8992,26
1753600053194,07:07:33.194,mexc,AERO/USDT:USDT,0.899,24,0.8989,34,0.8991,23,0.8992,34
1753600053409,07:07:33.409,mexc,AERO/USDT:USDT,0.899,24,0.8989,34,0.8991,23,0.8992,34
1753600053684,07:07:33.684,mexc,AERO/USDT:USDT,0.899,24,0.8989,34,0.8991,23,0.8992,26
1753600053968,07:07:33.968,mexc,AERO/USDT:USDT,0.899,24,0.8989,44,0.8991,23,0.8992,26
1753600054188,07:07:34.188,mexc,AERO/USDT:USDT,0.899,24,0.8989,44,0.8991,23,0.8992,40
1753600054416,07:07:34.416,mexc,AERO/USDT:USDT,0.899,24,0.8989,41,0.8991,23,0.8992,40
1753600054685,07:07:34.685,mexc,AERO/USDT:USDT,0.899,24,0.8989,41,0.8991,23,0.8992,35
1753600054909,07:07:34.909,mexc,AERO/USDT:USDT,0.899,24,0.8989,41,0.8991,23,0.8992,35
1753600055187,07:07:35.187,mexc,AERO/USDT:USDT,0.899,24,0.8989,41,0.8991,23,0.8992,33
1753600055410,07:07:35.410,mexc,AERO/USDT:USDT,0.899,24,0.8989,34,0.8991,23,0.8992,33
1753600055686,07:07:35.686,mexc,AERO/USDT:USDT,0.899,24,0.8989,34,0.8991,23,0.8992,26
1753600055911,07:07:35.911,mexc,AERO/USDT:USDT,0.899,24,0.8989,34,0.8991,23,0.8992,26
1753600056187,07:07:36.187,mexc,AERO/USDT:USDT,0.899,24,0.8989,34,0.8991,23,0.8992,44
1753600056411,07:07:36.411,mexc,AERO/USDT:USDT,0.899,24,0.8989,34,0.8991,23,0.8992,44
1753600056686,07:07:36.686,mexc,AERO/USDT:USDT,0.899,24,0.8989,34,0.8991,23,0.8992,43
1753600056913,07:07:36.913,mexc,AERO/USDT:USDT,0.899,24,0.8989,34,0.8991,23,0.8992,43
1753600057188,07:07:37.188,mexc,AERO/USDT:USDT,0.899,37,0.8989,31,0.8992,29,0.8993,164
1753600057592,07:07:37.592,mexc,AERO/USDT:USDT,0.899,37,0.8989,31,0.8992,29,0.8993,164
1753600057687,07:07:37.687,mexc,AERO/USDT:USDT,0.899,37,0.8989,31,0.8992,29,0.8993,164
1753600057914,07:07:37.914,mexc,AERO/USDT:USDT,0.899,37,0.8989,55,0.8992,29,0.8993,164
1753600058187,07:07:38.187,mexc,AERO/USDT:USDT,0.899,37,0.8989,55,0.8992,29,0.8993,164
1753600058412,07:07:38.412,mexc,AERO/USDT:USDT,0.899,37,0.8989,31,0.8992,29,0.8993,164
1753600058687,07:07:38.687,mexc,AERO/USDT:USDT,0.899,37,0.8989,31,0.8992,29,0.8993,226
1753600058912,07:07:38.912,mexc,AERO/USDT:USDT,0.899,37,0.8989,51,0.8992,29,0.8993,226
1753600059191,07:07:39.191,mexc,AERO/USDT:USDT,0.899,37,0.8989,51,0.8992,29,0.8993,164
1753600059413,07:07:39.413,mexc,AERO/USDT:USDT,0.899,37,0.8989,34,0.8992,29,0.8993,164
1753600059687,07:07:39.687,mexc,AERO/USDT:USDT,0.899,37,0.8989,34,0.8992,29,0.8993,222
1753600059967,07:07:39.967,mexc,AERO/USDT:USDT,0.899,37,0.8989,31,0.8992,29,0.8993,222
1753600060193,07:07:40.193,mexc,AERO/USDT:USDT,0.899,37,0.8989,31,0.8992,29,0.8993,244
1753600060501,07:07:40.501,mexc,AERO/USDT:USDT,0.899,37,0.8989,31,0.8992,29,0.8993,244
1753600060688,07:07:40.688,mexc,AERO/USDT:USDT,0.899,37,0.8989,31,0.8992,29,0.8993,164
1753600060914,07:07:40.914,mexc,AERO/USDT:USDT,0.899,37,0.8989,44,0.8992,29,0.8993,164
1753600061093,07:07:41.093,mexc,AERO/USDT:USDT,0.899,37,0.8989,52,0.8992,29,0.8993,164
1753600061316,07:07:41.316,mexc,AERO/USDT:USDT,0.899,37,0.8989,39,0.8992,29,0.8993,164
1753600061413,07:07:41.413,mexc,AERO/USDT:USDT,0.899,37,0.8989,34,0.8992,29,0.8993,164
1753600061689,07:07:41.689,mexc,AERO/USDT:USDT,0.899,37,0.8989,34,0.8992,29,0.8993,212
1753600061913,07:07:41.913,mexc,AERO/USDT:USDT,0.899,37,0.8989,34,0.8992,29,0.8993,212
1753600062190,07:07:42.190,mexc,AERO/USDT:USDT,0.899,37,0.8989,34,0.8992,29,0.8993,239
1753600062414,07:07:42.414,mexc,AERO/USDT:USDT,0.899,37,0.8989,38,0.8992,29,0.8993,239
1753600062689,07:07:42.689,mexc,AERO/USDT:USDT,0.899,37,0.8989,38,0.8992,29,0.8993,164
1753600062914,07:07:42.914,mexc,AERO/USDT:USDT,0.899,37,0.8989,31,0.8992,29,0.8993,164
1753600063190,07:07:43.190,mexc,AERO/USDT:USDT,0.899,130,0.8989,319,0.8993,36,0.8994,225
1753600063593,07:07:43.593,mexc,AERO/USDT:USDT,0.899,130,0.8989,458,0.8993,36,0.8994,225
1753600063689,07:07:43.689,mexc,AERO/USDT:USDT,0.899,130,0.8989,458,0.8993,36,0.8994,225
1753600063915,07:07:43.915,mexc,AERO/USDT:USDT,0.899,130,0.8989,379,0.8993,36,0.8994,225
1753600064191,07:07:44.191,mexc,AERO/USDT:USDT,0.899,130,0.8989,379,0.8993,36,0.8994,225
1753600064415,07:07:44.415,mexc,AERO/USDT:USDT,0.899,130,0.8989,319,0.8993,36,0.8994,225
1753600064689,07:07:44.689,mexc,AERO/USDT:USDT,0.899,130,0.8989,319,0.8993,36,0.8994,225
1753600064916,07:07:44.916,mexc,AERO/USDT:USDT,0.899,130,0.8989,319,0.8993,36,0.8994,225
1753600065194,07:07:45.194,mexc,AERO/USDT:USDT,0.899,130,0.8989,319,0.8993,36,0.8994,265
1753600065415,07:07:45.415,mexc,AERO/USDT:USDT,0.899,130,0.8989,319,0.8993,36,0.8994,265
1753600065692,07:07:45.692,mexc,AERO/USDT:USDT,0.899,130,0.8989,319,0.8993,36,0.8994,312
1753600065968,07:07:45.968,mexc,AERO/USDT:USDT,0.899,130,0.8989,319,0.8993,36,0.8994,312
1753600066193,07:07:46.193,mexc,AERO/USDT:USDT,0.899,130,0.8989,319,0.8993,36,0.8994,269
1753600066502,07:07:46.502,mexc,AERO/USDT:USDT,0.899,130,0.8989,319,0.8993,36,0.8994,269
1753600066691,07:07:46.691,mexc,AERO/USDT:USDT,0.899,130,0.8989,319,0.8993,36,0.8994,225
1753600066916,07:07:46.916,mexc,AERO/USDT:USDT,0.899,130,0.8989,319,0.8993,36,0.8994,225
1753600067096,07:07:47.096,mexc,AERO/USDT:USDT,0.899,130,0.8989,319,0.8993,36,0.8994,225
1753600067319,07:07:47.319,mexc,AERO/USDT:USDT,0.899,130,0.8989,319,0.8993,36,0.8994,225
1753600067416,07:07:47.416,mexc,AERO/USDT:USDT,0.899,130,0.8989,319,0.8993,36,0.8994,225
1753600067692,07:07:47.692,mexc,AERO/USDT:USDT,0.899,130,0.8989,319,0.8993,36,0.8994,225
1753600067916,07:07:47.916,mexc,AERO/USDT:USDT,0.899,130,0.8989,407,0.8993,36,0.8994,225
1753600068202,07:07:48.202,mexc,AERO/USDT:USDT,0.899,130,0.8989,407,0.8993,36,0.8994,225
1753600068417,07:07:48.417,mexc,AERO/USDT:USDT,0.899,130,0.8989,436,0.8993,36,0.8994,225
1753600068692,07:07:48.692,mexc,AERO/USDT:USDT,0.899,130,0.8989,436,0.8993,36,0.8994,225
1753600068917,07:07:48.917,mexc,AERO/USDT:USDT,0.899,130,0.8989,319,0.8993,36,0.8994,225
1753600069195,07:07:49.195,mexc,AERO/USDT:USDT,0.899,117,0.8989,133,0.8993,57,0.8994,211
1753600069596,07:07:49.596,mexc,AERO/USDT:USDT,0.899,117,0.8989,133,0.8993,57,0.8994,211
1753600069693,07:07:49.693,mexc,AERO/USDT:USDT,0.899,117,0.8989,133,0.8993,57,0.8994,211
1753600069920,07:07:49.920,mexc,AERO/USDT:USDT,0.899,117,0.8989,133,0.8993,57,0.8994,211
1753600070195,07:07:50.195,mexc,AERO/USDT:USDT,0.899,117,0.8989,133,0.8993,57,0.8994,304
1753600070418,07:07:50.418,mexc,AERO/USDT:USDT,0.899,117,0.8989,133,0.8993,57,0.8994,304
1753600070693,07:07:50.693,mexc,AERO/USDT:USDT,0.899,117,0.8989,133,0.8993,57,0.8994,211
1753600070918,07:07:50.918,mexc,AERO/USDT:USDT,0.899,117,0.8989,159,0.8993,57,0.8994,211
1753600071202,07:07:51.202,mexc,AERO/USDT:USDT,0.899,117,0.8989,159,0.8993,57,0.8994,334
1753600071418,07:07:51.418,mexc,AERO/USDT:USDT,0.899,117,0.8989,219,0.8993,57,0.8994,334
1753600071694,07:07:51.694,mexc,AERO/USDT:USDT,0.899,117,0.8989,219,0.8993,57,0.8994,211
1753600071971,07:07:51.971,mexc,AERO/USDT:USDT,0.899,117,0.8989,174,0.8993,57,0.8994,211
1753600072200,07:07:52.200,mexc,AERO/USDT:USDT,0.899,117,0.8989,174,0.8993,57,0.8994,211
1753600072506,07:07:52.506,mexc,AERO/USDT:USDT,0.899,117,0.8989,133,0.8993,57,0.8994,211
1753600072694,07:07:52.694,mexc,AERO/USDT:USDT,0.899,117,0.8989,133,0.8993,57,0.8994,211
1753600072923,07:07:52.923,mexc,AERO/USDT:USDT,0.899,117,0.8989,178,0.8993,57,0.8994,211
1753600073098,07:07:53.098,mexc,AERO/USDT:USDT,0.899,117,0.8989,178,0.8993,57,0.8994,211
1753600073322,07:07:53.322,mexc,AERO/USDT:USDT,0.899,117,0.8989,133,0.8993,57,0.8994,211
1753600073600,07:07:53.600,mexc,AERO/USDT:USDT,0.899,117,0.8989,163,0.8993,57,0.8994,211
1753600073695,07:07:53.695,mexc,AERO/USDT:USDT,0.899,117,0.8989,163,0.8993,57,0.8994,323
1753600073920,07:07:53.920,mexc,AERO/USDT:USDT,0.899,117,0.8989,187,0.8993,57,0.8994,323
1753600074201,07:07:54.201,mexc,AERO/USDT:USDT,0.899,117,0.8989,187,0.8993,57,0.8994,211
1753600074420,07:07:54.420,mexc,AERO/USDT:USDT,0.899,117,0.8989,232,0.8993,57,0.8994,211
1753600074695,07:07:54.695,mexc,AERO/USDT:USDT,0.899,117,0.8989,232,0.8993,57,0.8994,309
1753600074919,07:07:54.919,mexc,AERO/USDT:USDT,0.899,117,0.8989,161,0.8993,57,0.8994,309
1753600075202,07:07:55.202,mexc,AERO/USDT:USDT,0.899,26,0.8989,245,0.8993,37,0.8994,309
1753600075600,07:07:55.600,mexc,AERO/USDT:USDT,0.899,26,0.8989,245,0.8993,37,0.8994,280
1753600075696,07:07:55.696,mexc,AERO/USDT:USDT,0.899,26,0.8989,245,0.8993,37,0.8994,238
1753600075933,07:07:55.933,mexc,AERO/USDT:USDT,0.899,26,0.8989,245,0.8993,37,0.8994,238
1753600076198,07:07:56.198,mexc,AERO/USDT:USDT,0.899,26,0.8989,245,0.8993,37,0.8994,238
1753600076420,07:07:56.420,mexc,AERO/USDT:USDT,0.899,26,0.8989,245,0.8993,37,0.8994,238
1753600076696,07:07:56.696,mexc,AERO/USDT:USDT,0.899,26,0.8989,245,0.8993,37,0.8994,304
1753600076923,07:07:56.923,mexc,AERO/USDT:USDT,0.899,26,0.8989,245,0.8993,37,0.8994,304
1753600077201,07:07:57.201,mexc,AERO/USDT:USDT,0.899,26,0.8989,245,0.8993,37,0.8994,238
1753600077423,07:07:57.423,mexc,AERO/USDT:USDT,0.899,26,0.8989,322,0.8993,37,0.8994,238
1753600077697,07:07:57.697,mexc,AERO/USDT:USDT,0.899,26,0.8989,322,0.8993,37,0.8994,354
1753600077972,07:07:57.972,mexc,AERO/USDT:USDT,0.899,26,0.8989,327,0.8993,37,0.8994,354
1753600078203,07:07:58.203,mexc,AERO/USDT:USDT,0.899,26,0.8989,327,0.8993,37,0.8994,238
1753600078508,07:07:58.508,mexc,AERO/USDT:USDT,0.899,26,0.8989,342,0.8993,37,0.8994,238
1753600078697,07:07:58.697,mexc,AERO/USDT:USDT,0.899,26,0.8989,342,0.8993,37,0.8994,345
1753600078925,07:07:58.925,mexc,AERO/USDT:USDT,0.899,26,0.8989,272,0.8993,37,0.8994,345
1753600079100,07:07:59.100,mexc,AERO/USDT:USDT,0.899,26,0.8989,272,0.8993,37,0.8994,238
1753600079326,07:07:59.326,mexc,AERO/USDT:USDT,0.899,26,0.8989,245,0.8993,37,0.8994,238
1753600079426,07:07:59.426,mexc,AERO/USDT:USDT,0.899,26,0.8989,304,0.8993,37,0.8994,238
1753600079698,07:07:59.698,mexc,AERO/USDT:USDT,0.899,26,0.8989,304,0.8993,37,0.8994,238
1753600079926,07:07:59.926,mexc,AERO/USDT:USDT,0.899,26,0.8989,245,0.8993,37,0.8994,238
1753600080203,07:08:00.203,mexc,AERO/USDT:USDT,0.899,26,0.8989,245,0.8993,37,0.8994,337
1753600080426,07:08:00.426,mexc,AERO/USDT:USDT,0.899,26,0.8989,245,0.8993,37,0.8994,337
1753600080698,07:08:00.698,mexc,AERO/USDT:USDT,0.899,26,0.8989,245,0.8993,37,0.8994,238
1753600080925,07:08:00.925,mexc,AERO/USDT:USDT,0.899,26,0.8989,245,0.8993,37,0.8994,238
1753600081207,07:08:01.207,mexc,AERO/USDT:USDT,0.899,23,0.8989,25,0.8991,26,0.8992,77
1753600081603,07:08:01.603,mexc,AERO/USDT:USDT,0.899,23,0.8989,33,0.8991,26,0.8992,67
1753600081700,07:08:01.700,mexc,AERO/USDT:USDT,0.899,23,0.8989,33,0.8991,26,0.8992,89
1753600081925,07:08:01.925,mexc,AERO/USDT:USDT,0.899,23,0.8989,25,0.8991,26,0.8992,89
1753600082202,07:08:02.202,mexc,AERO/USDT:USDT,0.899,23,0.8989,25,0.8991,26,0.8992,67
1753600082426,07:08:02.426,mexc,AERO/USDT:USDT,0.899,23,0.8989,34,0.8991,26,0.8992,67
1753600082828,07:08:02.828,mexc,AERO/USDT:USDT,0.899,23,0.8989,34,0.8991,26,0.8992,67
1753600082925,07:08:02.925,mexc,AERO/USDT:USDT,0.899,23,0.8989,42,0.8991,26,0.8992,67
1753600083206,07:08:03.206,mexc,AERO/USDT:USDT,0.899,23,0.8989,42,0.8991,26,0.8992,85
1753600083426,07:08:03.426,mexc,AERO/USDT:USDT,0.899,23,0.8989,25,0.8991,26,0.8992,85
1753600083708,07:08:03.708,mexc,AERO/USDT:USDT,0.899,23,0.8989,25,0.8991,26,0.8992,97
1753600083974,07:08:03.974,mexc,AERO/USDT:USDT,0.899,23,0.8989,27,0.8991,26,0.8992,97
1753600084210,07:08:04.210,mexc,AERO/USDT:USDT,0.899,23,0.8989,27,0.8991,26,0.8992,67
1753600084511,07:08:04.511,mexc,AERO/USDT:USDT,0.899,23,0.8989,41,0.8991,26,0.8992,67
1753600084710,07:08:04.710,mexc,AERO/USDT:USDT,0.899,23,0.8989,41,0.8991,26,0.8992,67
1753600084928,07:08:04.928,mexc,AERO/USDT:USDT,0.899,23,0.8989,30,0.8991,26,0.8992,67
1753600085111,07:08:05.111,mexc,AERO/USDT:USDT,0.899,23,0.8989,37,0.8991,26,0.8992,67
1753600085331,07:08:05.331,mexc,AERO/USDT:USDT,0.899,23,0.8989,32,0.8991,26,0.8992,76
1753600085427,07:08:05.427,mexc,AERO/USDT:USDT,0.899,23,0.8989,32,0.8991,26,0.8992,76
1753600085710,07:08:05.710,mexc,AERO/USDT:USDT,0.899,23,0.8989,32,0.8991,26,0.8992,67
1753600085927,07:08:05.927,mexc,AERO/USDT:USDT,0.899,23,0.8989,25,0.8991,26,0.8992,67
1753600086214,07:08:06.214,mexc,AERO/USDT:USDT,0.899,23,0.8989,25,0.8991,26,0.8992,67
1753600086428,07:08:06.428,mexc,AERO/USDT:USDT,0.899,23,0.8989,25,0.8991,26,0.8992,67
1753600086711,07:08:06.711,mexc,AERO/USDT:USDT,0.899,23,0.8989,25,0.8991,26,0.8992,86
1753600086929,07:08:06.929,mexc,AERO/USDT:USDT,0.899,23,0.8989,25,0.8991,26,0.8992,86
1753600087212,07:08:07.212,mexc,AERO/USDT:USDT,0.8989,31,0.8988,137,0.8991,35,0.8992,31
1753600087613,07:08:07.613,mexc,AERO/USDT:USDT,0.8989,31,0.8988,137,0.8991,35,0.8992,31
1753600087711,07:08:07.711,mexc,AERO/USDT:USDT,0.8989,31,0.8988,137,0.8991,35,0.8992,31
1753600087931,07:08:07.931,mexc,AERO/USDT:USDT,0.8989,31,0.8988,163,0.8991,35,0.8992,31
1753600088211,07:08:08.211,mexc,AERO/USDT:USDT,0.8989,31,0.8988,163,0.8991,35,0.8992,31
1753600088430,07:08:08.430,mexc,AERO/USDT:USDT,0.8989,31,0.8988,137,0.8991,35,0.8992,31
1753600088779,07:08:08.779,mexc,AERO/USDT:USDT,0.8989,31,0.8988,137,0.8991,35,0.8992,31
1753600088930,07:08:08.930,mexc,AERO/USDT:USDT,0.8994,34,0.8993,109,0.8995,294,0.8996,689
1753600089212,07:08:09.212,mexc,AERO/USDT:USDT,0.8994,34,0.8993,109,0.8995,294,0.8996,689
1753600089333,07:08:09.333,mexc,AERO/USDT:USDT,0.8994,34,0.8993,109,0.8995,294,0.8996,689
1753600089616,07:08:09.616,mexc,AERO/USDT:USDT,0.8994,34,0.8993,109,0.8995,294,0.8996,689
1753600089714,07:08:09.714,mexc,AERO/USDT:USDT,0.8994,34,0.8993,109,0.8995,294,0.8996,689
1753600089972,07:08:09.972,mexc,AERO/USDT:USDT,0.8994,34,0.8993,176,0.8995,294,0.8996,689
1753600090211,07:08:10.211,mexc,AERO/USDT:USDT,0.8994,34,0.8993,176,0.8995,294,0.8996,689
1753600090516,07:08:10.516,mexc,AERO/USDT:USDT,0.8994,34,0.8993,109,0.8995,294,0.8996,689
1753600090714,07:08:10.714,mexc,AERO/USDT:USDT,0.8994,34,0.8993,109,0.8995,294,0.8996,689
1753600090930,07:08:10.930,mexc,AERO/USDT:USDT,0.8994,34,0.8993,109,0.8995,294,0.8996,689
1753600091115,07:08:11.115,mexc,AERO/USDT:USDT,0.8994,34,0.8993,136,0.8995,294,0.8996,689
1753600091334,07:08:11.334,mexc,AERO/USDT:USDT,0.8994,34,0.8993,136,0.8995,294,0.8996,689
1753600091431,07:08:11.431,mexc,AERO/USDT:USDT,0.8994,34,0.8993,109,0.8995,294,0.8996,689
1753600091714,07:08:11.714,mexc,AERO/USDT:USDT,0.8994,34,0.8993,109,0.8995,294,0.8996,703
1753600091931,07:08:11.931,mexc,AERO/USDT:USDT,0.8994,34,0.8993,109,0.8995,294,0.8996,703
1753600092214,07:08:12.214,mexc,AERO/USDT:USDT,0.8994,34,0.8993,109,0.8995,294,0.8996,694
1753600092481,07:08:12.481,mexc,AERO/USDT:USDT,0.8994,34,0.8993,109,0.8995,294,0.8996,694
1753600092714,07:08:12.714,mexc,AERO/USDT:USDT,0.8994,34,0.8993,109,0.8995,294,0.8996,703
1753600092983,07:08:12.983,mexc,AERO/USDT:USDT,0.8994,34,0.8993,109,0.8995,294,0.8996,703
1753600093213,07:08:13.213,mexc,AERO/USDT:USDT,0.8994,34,0.8993,109,0.8995,294,0.8996,689
1753600093483,07:08:13.483,mexc,AERO/USDT:USDT,0.8994,34,0.8993,159,0.8995,294,0.8996,689
1753600093714,07:08:13.714,mexc,AERO/USDT:USDT,0.8994,34,0.8993,159,0.8995,294,0.8996,707
1753600093983,07:08:13.983,mexc,AERO/USDT:USDT,0.8994,34,0.8993,109,0.8995,294,0.8996,707
1753600094215,07:08:14.215,mexc,AERO/USDT:USDT,0.8994,22,0.8993,89,0.8995,28,0.8996,27
1753600094618,07:08:14.618,mexc,AERO/USDT:USDT,0.8994,22,0.8993,123,0.8995,28,0.8996,27
1753600094716,07:08:14.716,mexc,AERO/USDT:USDT,0.8994,22,0.8993,123,0.8995,28,0.8996,27
1753600094985,07:08:14.985,mexc,AERO/USDT:USDT,0.8994,22,0.8993,89,0.8995,28,0.8996,27
1753600095216,07:08:15.216,mexc,AERO/USDT:USDT,0.8994,22,0.8993,89,0.8995,28,0.8996,30
1753600095485,07:08:15.485,mexc,AERO/USDT:USDT,0.8994,22,0.8993,89,0.8995,28,0.8996,30
1753600095718,07:08:15.718,mexc,AERO/USDT:USDT,0.8994,22,0.8993,89,0.8995,28,0.8996,27
1753600095997,07:08:15.997,mexc,AERO/USDT:USDT,0.8994,22,0.8993,89,0.8995,28,0.8996,27
1753600096216,07:08:16.216,mexc,AERO/USDT:USDT,0.8994,22,0.8993,89,0.8995,28,0.8996,27
1753600096523,07:08:16.523,mexc,AERO/USDT:USDT,0.8994,22,0.8993,89,0.8995,28,0.8996,27
1753600096717,07:08:16.717,mexc,AERO/USDT:USDT,0.8994,22,0.8993,89,0.8995,28,0.8996,27
1753600096985,07:08:16.985,mexc,AERO/USDT:USDT,0.8994,22,0.8993,89,0.8995,28,0.8996,27
1753600097120,07:08:17.120,mexc,AERO/USDT:USDT,0.8994,22,0.8993,89,0.8995,28,0.8996,27
1753600097388,07:08:17.388,mexc,AERO/USDT:USDT,0.8994,22,0.8993,89,0.8995,28,0.8996,27
1753600097485,07:08:17.485,mexc,AERO/USDT:USDT,0.8994,22,0.8993,89,0.8995,28,0.8996,27
1753600097719,07:08:17.719,mexc,AERO/USDT:USDT,0.8994,22,0.8993,89,0.8995,28,0.8996,27
1753600097986,07:08:17.986,mexc,AERO/USDT:USDT,0.8994,22,0.8993,89,0.8995,28,0.8996,27
1753600098218,07:08:18.218,mexc,AERO/USDT:USDT,0.8994,22,0.8993,89,0.8995,28,0.8996,42
1753600098491,07:08:18.491,mexc,AERO/USDT:USDT,0.8994,22,0.8993,89,0.8995,28,0.8996,42
1753600098720,07:08:18.720,mexc,AERO/USDT:USDT,0.8994,22,0.8993,89,0.8995,28,0.8996,27
1753600098988,07:08:18.988,mexc,AERO/USDT:USDT,0.8994,22,0.8993,117,0.8995,28,0.8996,27
1753600099222,07:08:19.222,mexc,AERO/USDT:USDT,0.8994,22,0.8993,117,0.8995,28,0.8996,34
1753600099486,07:08:19.486,mexc,AERO/USDT:USDT,0.8994,22,0.8993,123,0.8995,28,0.8996,34
1753600099719,07:08:19.719,mexc,AERO/USDT:USDT,0.8994,22,0.8993,123,0.8995,28,0.8996,27
1753600099988,07:08:19.988,mexc,AERO/USDT:USDT,0.8994,22,0.8993,89,0.8995,28,0.8996,27
1753600100219,07:08:20.219,mexc,AERO/USDT:USDT,0.8994,26,0.8993,24,0.8995,31,0.8996,29
1753600100623,07:08:20.623,mexc,AERO/USDT:USDT,0.8994,26,0.8993,24,0.8995,31,0.8996,29
1753600100720,07:08:20.720,mexc,AERO/USDT:USDT,0.8994,26,0.8993,24,0.8995,31,0.8996,29
1753600100987,07:08:20.987,mexc,AERO/USDT:USDT,0.8994,26,0.8993,24,0.8995,31,0.8996,29
1753600101220,07:08:21.220,mexc,AERO/USDT:USDT,0.8994,26,0.8993,24,0.8995,31,0.8996,29
1753600101488,07:08:21.488,mexc,AERO/USDT:USDT,0.8994,26,0.8993,24,0.8995,31,0.8996,29
1753600101721,07:08:21.721,mexc,AERO/USDT:USDT,0.8994,26,0.8993,24,0.8995,31,0.8996,29
1753600101990,07:08:21.990,mexc,AERO/USDT:USDT,0.8994,26,0.8993,24,0.8995,31,0.8996,29
1753600102220,07:08:22.220,mexc,AERO/USDT:USDT,0.8994,26,0.8993,24,0.8995,31,0.8996,41
1753600102525,07:08:22.525,mexc,AERO/USDT:USDT,0.8994,26,0.8993,40,0.8995,31,0.8996,41
1753600102720,07:08:22.720,mexc,AERO/USDT:USDT,0.8994,26,0.8993,40,0.8995,31,0.8996,33
1753600102989,07:08:22.989,mexc,AERO/USDT:USDT,0.8994,26,0.8993,24,0.8995,31,0.8996,33
1753600103124,07:08:23.124,mexc,AERO/USDT:USDT,0.8994,26,0.8993,24,0.8995,31,0.8996,29
1753600103392,07:08:23.392,mexc,AERO/USDT:USDT,0.8994,26,0.8993,24,0.8995,31,0.8996,29
1753600103490,07:08:23.490,mexc,AERO/USDT:USDT,0.8994,26,0.8993,24,0.8995,31,0.8996,29
1753600103720,07:08:23.720,mexc,AERO/USDT:USDT,0.8994,26,0.8993,24,0.8995,31,0.8996,29
1753600103989,07:08:23.989,mexc,AERO/USDT:USDT,0.8994,26,0.8993,31,0.8995,31,0.8996,29
1753600104221,07:08:24.221,mexc,AERO/USDT:USDT,0.8994,26,0.8993,31,0.8995,31,0.8996,42
1753600104491,07:08:24.491,mexc,AERO/USDT:USDT,0.8994,26,0.8993,28,0.8995,31,0.8996,42
1753600104721,07:08:24.721,mexc,AERO/USDT:USDT,0.8994,26,0.8993,28,0.8995,31,0.8996,42
1753600104989,07:08:24.989,mexc,AERO/USDT:USDT,0.8994,26,0.8993,26,0.8995,31,0.8996,42
1753600105220,07:08:25.220,mexc,AERO/USDT:USDT,0.8994,26,0.8993,26,0.8995,31,0.8996,35
1753600105490,07:08:25.490,mexc,AERO/USDT:USDT,0.8994,26,0.8993,34,0.8995,31,0.8996,35
1753600105721,07:08:25.721,mexc,AERO/USDT:USDT,0.8994,26,0.8993,34,0.8995,31,0.8996,29
1753600105991,07:08:25.991,mexc,AERO/USDT:USDT,0.8994,26,0.8993,24,0.8995,31,0.8996,29
1753600106221,07:08:26.221,mexc,AERO/USDT:USDT,0.8994,23,0.8993,38,0.8995,27,0.8996,37
1753600106625,07:08:26.625,mexc,AERO/USDT:USDT,0.8994,23,0.8993,38,0.8995,27,0.8996,37
1753600106721,07:08:26.721,mexc,AERO/USDT:USDT,0.8994,23,0.8993,38,0.8995,27,0.8996,59
1753600106991,07:08:26.991,mexc,AERO/USDT:USDT,0.8994,23,0.8993,38,0.8995,27,0.8996,59
1753600107221,07:08:27.221,mexc,AERO/USDT:USDT,0.8994,23,0.8993,38,0.8995,27,0.8996,37
1753600107492,07:08:27.492,mexc,AERO/USDT:USDT,0.8994,23,0.8993,42,0.8995,27,0.8996,37
1753600107722,07:08:27.722,mexc,AERO/USDT:USDT,0.8994,23,0.8993,42,0.8995,27,0.8996,37
1753600107991,07:08:27.991,mexc,AERO/USDT:USDT,0.8994,23,0.8993,38,0.8995,27,0.8996,37
1753600108223,07:08:28.223,mexc,AERO/USDT:USDT,0.8994,23,0.8993,38,0.8995,27,0.8996,37
1753600108529,07:08:28.529,mexc,AERO/USDT:USDT,0.8994,23,0.8993,38,0.8995,27,0.8996,37
1753600108723,07:08:28.723,mexc,AERO/USDT:USDT,0.8994,23,0.8993,38,0.8995,27,0.8996,37
1753600108992,07:08:28.992,mexc,AERO/USDT:USDT,0.8994,23,0.8993,55,0.8995,27,0.8996,37
1753600109125,07:08:29.125,mexc,AERO/USDT:USDT,0.8994,23,0.8993,55,0.8995,27,0.8996,37
1753600109395,07:08:29.395,mexc,AERO/USDT:USDT,0.8994,23,0.8993,38,0.8995,27,0.8996,46
1753600109493,07:08:29.493,mexc,AERO/USDT:USDT,0.8994,23,0.8993,49,0.8995,27,0.8996,46
1753600109722,07:08:29.722,mexc,AERO/USDT:USDT,0.8994,23,0.8993,49,0.8995,27,0.8996,49
1753600109993,07:08:29.993,mexc,AERO/USDT:USDT,0.8994,23,0.8993,44,0.8995,27,0.8996,49
1753600110221,07:08:30.221,mexc,AERO/USDT:USDT,0.8994,23,0.8993,44,0.8995,27,0.8996,37
1753600110493,07:08:30.493,mexc,AERO/USDT:USDT,0.8994,23,0.8993,38,0.8995,27,0.8996,37
1753600110722,07:08:30.722,mexc,AERO/USDT:USDT,0.8994,23,0.8993,38,0.8995,27,0.8996,37
1753600110993,07:08:30.993,mexc,AERO/USDT:USDT,0.8994,23,0.8993,44,0.8995,27,0.8996,37
1753600111223,07:08:31.223,mexc,AERO/USDT:USDT,0.8994,23,0.8993,44,0.8995,27,0.8996,42
1753600111492,07:08:31.492,mexc,AERO/USDT:USDT,0.8994,23,0.8993,38,0.8995,27,0.8996,42
1753600111723,07:08:31.723,mexc,AERO/USDT:USDT,0.8994,23,0.8993,38,0.8995,27,0.8996,37
1753600111993,07:08:31.993,mexc,AERO/USDT:USDT,0.8994,23,0.8993,54,0.8995,27,0.8996,37
1753600112223,07:08:32.223,mexc,AERO/USDT:USDT,0.8994,25,0.8993,189,0.8996,24,0.8997,38
1753600112627,07:08:32.627,mexc,AERO/USDT:USDT,0.8994,25,0.8993,237,0.8996,24,0.8997,38
1753600112723,07:08:32.723,mexc,AERO/USDT:USDT,0.8994,25,0.8993,237,0.8996,24,0.8997,38
1753600112993,07:08:32.993,mexc,AERO/USDT:USDT,0.8994,25,0.8993,189,0.8996,24,0.8997,38
1753600113223,07:08:33.223,mexc,AERO/USDT:USDT,0.8994,25,0.8993,189,0.8996,24,0.8997,38
1753600113497,07:08:33.497,mexc,AERO/USDT:USDT,0.8994,25,0.8993,189,0.8996,24,0.8997,38
1753600113726,07:08:33.726,mexc,AERO/USDT:USDT,0.8994,25,0.8993,189,0.8996,24,0.8997,38
1753600113996,07:08:33.996,mexc,AERO/USDT:USDT,0.8994,25,0.8993,189,0.8996,24,0.8997,38
1753600114226,07:08:34.226,mexc,AERO/USDT:USDT,0.8994,25,0.8993,189,0.8996,24,0.8997,53
1753600114534,07:08:34.534,mexc,AERO/USDT:USDT,0.8994,25,0.8993,189,0.8996,24,0.8997,53
1753600114725,07:08:34.725,mexc,AERO/USDT:USDT,0.8994,25,0.8993,189,0.8996,24,0.8997,44
1753600114996,07:08:34.996,mexc,AERO/USDT:USDT,0.8994,25,0.8993,189,0.8996,24,0.8997,44
1753600115177,07:08:35.177,mexc,AERO/USDT:USDT,0.8994,25,0.8993,271,0.8996,24,0.8997,38
1753600115398,07:08:35.398,mexc,AERO/USDT:USDT,0.8994,25,0.8993,271,0.8996,24,0.8997,52
1753600115496,07:08:35.496,mexc,AERO/USDT:USDT,0.8994,25,0.8993,282,0.8996,24,0.8997,52
1753600115780,07:08:35.780,mexc,AERO/USDT:USDT,0.8994,25,0.8993,282,0.8996,24,0.8997,38
1753600115995,07:08:35.995,mexc,AERO/USDT:USDT,0.8994,25,0.8993,279,0.8996,24,0.8997,38
1753600116280,07:08:36.280,mexc,AERO/USDT:USDT,0.8994,25,0.8993,279,0.8996,24,0.8997,38
1753600116497,07:08:36.497,mexc,AERO/USDT:USDT,0.8994,25,0.8993,232,0.8996,24,0.8997,38
1753600116780,07:08:36.780,mexc,AERO/USDT:USDT,0.8994,25,0.8993,232,0.8996,24,0.8997,38
1753600116996,07:08:36.996,mexc,AERO/USDT:USDT,0.8994,25,0.8993,229,0.8996,24,0.8997,38
1753600117282,07:08:37.282,mexc,AERO/USDT:USDT,0.8993,127,0.8992,156,0.8995,48,0.8996,42
1753600117685,07:08:37.685,mexc,AERO/USDT:USDT,0.8993,127,0.8992,183,0.8995,48,0.8996,42
1753600117782,07:08:37.782,mexc,AERO/USDT:USDT,0.8993,127,0.8992,183,0.8995,48,0.8996,42
1753600117997,07:08:37.997,mexc,AERO/USDT:USDT,0.8993,127,0.8992,176,0.8995,48,0.8996,42
1753600118281,07:08:38.281,mexc,AERO/USDT:USDT,0.8993,127,0.8992,176,0.8995,48,0.8996,42
1753600118498,07:08:38.498,mexc,AERO/USDT:USDT,0.8993,127,0.8992,156,0.8995,48,0.8996,42
1753600118782,07:08:38.782,mexc,AERO/USDT:USDT,0.8993,127,0.8992,156,0.8995,48,0.8996,42
1753600118999,07:08:38.999,mexc,AERO/USDT:USDT,0.8993,127,0.8992,156,0.8995,48,0.8996,42
1753600119284,07:08:39.284,mexc,AERO/USDT:USDT,0.8993,127,0.8992,156,0.8995,48,0.8996,55
1753600119601,07:08:39.601,mexc,AERO/USDT:USDT,0.8993,127,0.8992,156,0.8995,48,0.8996,55
1753600119781,07:08:39.781,mexc,AERO/USDT:USDT,0.8993,127,0.8992,156,0.8995,48,0.8996,58
1753600119997,07:08:39.997,mexc,AERO/USDT:USDT,0.8993,127,0.8992,209,0.8995,48,0.8996,58
1753600120282,07:08:40.282,mexc,AERO/USDT:USDT,0.8993,127,0.8992,209,0.8995,48,0.8996,49
1753600120498,07:08:40.498,mexc,AERO/USDT:USDT,0.8993,127,0.8992,156,0.8995,48,0.8996,49
1753600120783,07:08:40.783,mexc,AERO/USDT:USDT,0.8993,127,0.8992,156,0.8995,48,0.8996,42
1753600120996,07:08:40.996,mexc,AERO/USDT:USDT,0.8993,127,0.8992,199,0.8995,48,0.8996,42
1753600121284,07:08:41.284,mexc,AERO/USDT:USDT,0.8993,127,0.8992,199,0.8995,48,0.8996,58
1753600121498,07:08:41.498,mexc,AERO/USDT:USDT,0.8993,127,0.8992,156,0.8995,48,0.8996,58
1753600121782,07:08:41.782,mexc,AERO/USDT:USDT,0.8993,127,0.8992,156,0.8995,48,0.8996,42
1753600121998,07:08:41.998,mexc,AERO/USDT:USDT,0.8993,127,0.8992,176,0.8995,48,0.8996,42
1753600122282,07:08:42.282,mexc,AERO/USDT:USDT,0.8993,127,0.8992,176,0.8995,48,0.8996,57
1753600122498,07:08:42.498,mexc,AERO/USDT:USDT,0.8993,127,0.8992,214,0.8995,48,0.8996,57
1753600122781,07:08:42.781,mexc,AERO/USDT:USDT,0.8993,127,0.8992,214,0.8995,48,0.8996,69
1753600122999,07:08:42.999,mexc,AERO/USDT:USDT,0.8993,127,0.8992,230,0.8995,48,0.8996,69
1753600123283,07:08:43.283,mexc,AERO/USDT:USDT,0.8995,150,0.8994,133,0.8997,26,0.8998,31
1753600123686,07:08:43.686,mexc,AERO/USDT:USDT,0.8995,150,0.8994,133,0.8997,26,0.8998,31
1753600123784,07:08:43.784,mexc,AERO/USDT:USDT,0.8995,150,0.8994,133,0.8997,26,0.8998,27
1753600123998,07:08:43.998,mexc,AERO/USDT:USDT,0.8995,150,0.8994,148,0.8997,26,0.8998,27
1753600124284,07:08:44.284,mexc,AERO/USDT:USDT,0.8995,150,0.8994,148,0.8997,26,0.8998,27
1753600124499,07:08:44.499,mexc,AERO/USDT:USDT,0.8995,150,0.8994,189,0.8997,26,0.8998,27
1753600124784,07:08:44.784,mexc,AERO/USDT:USDT,0.8995,150,0.8994,189,0.8997,26,0.8998,27
1753600124998,07:08:44.998,mexc,AERO/USDT:USDT,0.8995,150,0.8994,133,0.8997,26,0.8998,27
1753600125284,07:08:45.284,mexc,AERO/USDT:USDT,0.8995,150,0.8994,133,0.8997,26,0.8998,27
1753600125499,07:08:45.499,mexc,AERO/USDT:USDT,0.8995,150,0.8994,133,0.8997,26,0.8998,27
1753600125785,07:08:45.785,mexc,AERO/USDT:USDT,0.8995,150,0.8994,133,0.8997,26,0.8998,36
1753600125998,07:08:45.998,mexc,AERO/USDT:USDT,0.8995,150,0.8994,159,0.8997,26,0.8998,36
1753600126286,07:08:46.286,mexc,AERO/USDT:USDT,0.8995,150,0.8994,159,0.8997,26,0.8998,27
1753600126499,07:08:46.499,mexc,AERO/USDT:USDT,0.8995,150,0.8994,133,0.8997,26,0.8998,27
1753600126786,07:08:46.786,mexc,AERO/USDT:USDT,0.8995,150,0.8994,133,0.8997,26,0.8998,27
1753600126999,07:08:46.999,mexc,AERO/USDT:USDT,0.8995,150,0.8994,133,0.8997,26,0.8998,27
1753600127286,07:08:47.286,mexc,AERO/USDT:USDT,0.8995,150,0.8994,133,0.8997,26,0.8998,35
1753600127500,07:08:47.500,mexc,AERO/USDT:USDT,0.8995,150,0.8994,133,0.8997,26,0.8998,35
1753600127786,07:08:47.786,mexc,AERO/USDT:USDT,0.8995,150,0.8994,133,0.8997,26,0.8998,39
1753600127999,07:08:47.999,mexc,AERO/USDT:USDT,0.8995,150,0.8994,166,0.8997,26,0.8998,39
1753600128286,07:08:48.286,mexc,AERO/USDT:USDT,0.8995,150,0.8994,166,0.8997,26,0.8998,27
1753600128500,07:08:48.500,mexc,AERO/USDT:USDT,0.8995,150,0.8994,133,0.8997,26,0.8998,27
1753600128902,07:08:48.902,mexc,AERO/USDT:USDT,0.8995,150,0.8994,133,0.8997,26,0.8998,27
1753600129000,07:08:49.000,mexc,AERO/USDT:USDT,0.8995,150,0.8994,226,0.8997,26,0.8998,27
1753600129286,07:08:49.286,mexc,AERO/USDT:USDT,0.8994,29,0.8993,121,0.8996,46,0.8997,121
1753600129692,07:08:49.692,mexc,AERO/USDT:USDT,0.8994,29,0.8993,167,0.8996,46,0.8997,96
1753600129787,07:08:49.787,mexc,AERO/USDT:USDT,0.8994,29,0.8993,167,0.8996,46,0.8997,96
1753600130001,07:08:50.001,mexc,AERO/USDT:USDT,0.8994,29,0.8993,152,0.8996,46,0.8997,96
1753600130288,07:08:50.288,mexc,AERO/USDT:USDT,0.8994,29,0.8993,152,0.8996,46,0.8997,111
1753600130501,07:08:50.501,mexc,AERO/USDT:USDT,0.8994,29,0.8993,121,0.8996,46,0.8997,111
1753600130796,07:08:50.796,mexc,AERO/USDT:USDT,0.8994,29,0.8993,121,0.8996,46,0.8997,96
1753600131003,07:08:51.003,mexc,AERO/USDT:USDT,0.8994,29,0.8993,152,0.8996,46,0.8997,96
1753600131289,07:08:51.289,mexc,AERO/USDT:USDT,0.8994,29,0.8993,152,0.8996,46,0.8997,96
1753600131502,07:08:51.502,mexc,AERO/USDT:USDT,0.8994,29,0.8993,168,0.8996,46,0.8997,96
1753600131788,07:08:51.788,mexc,AERO/USDT:USDT,0.8994,29,0.8993,168,0.8996,46,0.8997,127
1753600132001,07:08:52.001,mexc,AERO/USDT:USDT,0.8994,29,0.8993,165,0.8996,46,0.8997,127
1753600132290,07:08:52.290,mexc,AERO/USDT:USDT,0.8994,29,0.8993,165,0.8996,46,0.8997,137
1753600132505,07:08:52.505,mexc,AERO/USDT:USDT,0.8994,29,0.8993,121,0.8996,46,0.8997,137
1753600132789,07:08:52.789,mexc,AERO/USDT:USDT,0.8994,29,0.8993,121,0.8996,46,0.8997,96
1753600133006,07:08:53.006,mexc,AERO/USDT:USDT,0.8994,29,0.8993,179,0.8996,46,0.8997,96
1753600133291,07:08:53.291,mexc,AERO/USDT:USDT,0.8994,29,0.8993,179,0.8996,46,0.8997,96
1753600133503,07:08:53.503,mexc,AERO/USDT:USDT,0.8994,29,0.8993,121,0.8996,46,0.8997,96
1753600133789,07:08:53.789,mexc,AERO/USDT:USDT,0.8994,29,0.8993,121,0.8996,46,0.8997,96
1753600134003,07:08:54.003,mexc,AERO/USDT:USDT,0.8994,29,0.8993,121,0.8996,46,0.8997,96
1753600134290,07:08:54.290,mexc,AERO/USDT:USDT,0.8994,29,0.8993,121,0.8996,46,0.8997,142
1753600134504,07:08:54.504,mexc,AERO/USDT:USDT,0.8994,29,0.8993,121,0.8996,46,0.8997,142
1753600134791,07:08:54.791,mexc,AERO/USDT:USDT,0.8994,29,0.8993,121,0.8996,46,0.8997,96
1753600135032,07:08:55.032,mexc,AERO/USDT:USDT,0.8994,29,0.8993,121,0.8996,46,0.8997,96
1753600135291,07:08:55.291,mexc,AERO/USDT:USDT,0.8996,23,0.8995,100,0.8997,23,0.8998,49
1753600135697,07:08:55.697,mexc,AERO/USDT:USDT,0.8996,23,0.8995,100,0.8997,23,0.8998,49
1753600135792,07:08:55.792,mexc,AERO/USDT:USDT,0.8996,23,0.8995,100,0.8997,23,0.8998,35
1753600136003,07:08:56.003,mexc,AERO/USDT:USDT,0.8996,23,0.8995,100,0.8997,23,0.8998,35
1753600136292,07:08:56.292,mexc,AERO/USDT:USDT,0.8996,23,0.8995,100,0.8997,23,0.8998,44
1753600136503,07:08:56.503,mexc,AERO/USDT:USDT,0.8996,23,0.8995,125,0.8997,23,0.8998,44
1753600136794,07:08:56.794,mexc,AERO/USDT:USDT,0.8996,23,0.8995,125,0.8997,23,0.8998,44
1753600137003,07:08:57.003,mexc,AERO/USDT:USDT,0.8996,23,0.8995,100,0.8997,23,0.8998,44
1753600137297,07:08:57.297,mexc,AERO/USDT:USDT,0.8996,23,0.8995,100,0.8997,23,0.8998,39
1753600137505,07:08:57.505,mexc,AERO/USDT:USDT,0.8996,23,0.8995,143,0.8997,23,0.8998,39
1753600137792,07:08:57.792,mexc,AERO/USDT:USDT,0.8996,23,0.8995,143,0.8997,23,0.8998,44
1753600138004,07:08:58.004,mexc,AERO/USDT:USDT,0.8996,23,0.8995,141,0.8997,23,0.8998,44
1753600138295,07:08:58.295,mexc,AERO/USDT:USDT,0.8996,23,0.8995,141,0.8997,23,0.8998,52
1753600138505,07:08:58.505,mexc,AERO/USDT:USDT,0.8996,23,0.8995,100,0.8997,23,0.8998,52
1753600138795,07:08:58.795,mexc,AERO/USDT:USDT,0.8996,23,0.8995,100,0.8997,23,0.8998,35
1753600139005,07:08:59.005,mexc,AERO/USDT:USDT,0.8996,23,0.8995,124,0.8997,23,0.8998,35
1753600139297,07:08:59.297,mexc,AERO/USDT:USDT,0.8996,23,0.8995,124,0.8997,23,0.8998,35
1753600139506,07:08:59.506,mexc,AERO/USDT:USDT,0.8996,23,0.8995,100,0.8997,23,0.8998,35
1753600139794,07:08:59.794,mexc,AERO/USDT:USDT,0.8996,23,0.8995,100,0.8997,23,0.8998,38
1753600140006,07:09:00.006,mexc,AERO/USDT:USDT,0.8996,23,0.8995,111,0.8997,23,0.8998,38
1753600140296,07:09:00.296,mexc,AERO/USDT:USDT,0.8996,23,0.8995,111,0.8997,23,0.8998,50
1753600140506,07:09:00.506,mexc,AERO/USDT:USDT,0.8996,23,0.8995,100,0.8997,23,0.8998,50
1753600140908,07:09:00.908,mexc,AERO/USDT:USDT,0.8996,23,0.8995,100,0.8997,23,0.8998,35
1753600141007,07:09:01.007,mexc,AERO/USDT:USDT,0.8996,23,0.8995,100,0.8997,23,0.8998,35
1753600141297,07:09:01.297,mexc,AERO/USDT:USDT,0.8998,42,0.8997,99,0.8999,42,0.9,29
1753600141701,07:09:01.701,mexc,AERO/USDT:USDT,0.8998,42,0.8997,99,0.8999,42,0.9,29
1753600141795,07:09:01.795,mexc,AERO/USDT:USDT,0.8998,42,0.8997,99,0.8999,42,0.9,29
1753600142007,07:09:02.007,mexc,AERO/USDT:USDT,0.8998,42,0.8997,99,0.8999,42,0.9,29
1753600142297,07:09:02.297,mexc,AERO/USDT:USDT,0.8998,42,0.8997,99,0.8999,42,0.9,29
1753600142507,07:09:02.507,mexc,AERO/USDT:USDT,0.8998,42,0.8997,99,0.8999,42,0.9,29
1753600142794,07:09:02.794,mexc,AERO/USDT:USDT,0.8998,42,0.8997,99,0.8999,42,0.9,29
1753600143075,07:09:03.075,mexc,AERO/USDT:USDT,0.8998,42,0.8997,115,0.8999,42,0.9,29
1753600143296,07:09:03.296,mexc,AERO/USDT:USDT,0.8998,42,0.8997,115,0.8999,42,0.9,29
1753600143508,07:09:03.508,mexc,AERO/USDT:USDT,0.8998,42,0.8997,99,0.8999,42,0.9,29
1753600143796,07:09:03.796,mexc,AERO/USDT:USDT,0.8998,42,0.8997,99,0.8999,42,0.9,29
1753600144009,07:09:04.009,mexc,AERO/USDT:USDT,0.8998,42,0.8997,99,0.8999,42,0.9,29
1753600144299,07:09:04.299,mexc,AERO/USDT:USDT,0.8998,42,0.8997,99,0.8999,42,0.9,29
1753600144512,07:09:04.512,mexc,AERO/USDT:USDT,0.8998,42,0.8997,142,0.8999,42,0.9,29
1753600144799,07:09:04.799,mexc,AERO/USDT:USDT,0.8998,42,0.8997,142,0.8999,42,0.9,35
1753600145009,07:09:05.009,mexc,AERO/USDT:USDT,0.8998,42,0.8997,99,0.8999,42,0.9,35
1753600145298,07:09:05.298,mexc,AERO/USDT:USDT,0.8998,42,0.8997,99,0.8999,42,0.9,42
1753600145510,07:09:05.510,mexc,AERO/USDT:USDT,0.8998,42,0.8997,128,0.8999,42,0.9,42
1753600145800,07:09:05.800,mexc,AERO/USDT:USDT,0.8998,42,0.8997,128,0.8999,42,0.9,38
1753600146009,07:09:06.009,mexc,AERO/USDT:USDT,0.8998,42,0.8997,99,0.8999,42,0.9,38
1753600146299,07:09:06.299,mexc,AERO/USDT:USDT,0.8998,42,0.8997,99,0.8999,42,0.9,39
1753600146509,07:09:06.509,mexc,AERO/USDT:USDT,0.8998,42,0.8997,99,0.8999,42,0.9,39
1753600146798,07:09:06.798,mexc,AERO/USDT:USDT,0.8998,42,0.8997,99,0.8999,42,0.9,35
1753600147009,07:09:07.009,mexc,AERO/USDT:USDT,0.8998,42,0.8997,140,0.8999,42,0.9,35
1753600147299,07:09:07.299,mexc,AERO/USDT:USDT,0.8999,106,0.8998,32,0.9,27,0.9001,28
1753600147702,07:09:07.702,mexc,AERO/USDT:USDT,0.8999,106,0.8998,32,0.9,27,0.9001,28
1753600147800,07:09:07.800,mexc,AERO/USDT:USDT,0.8999,106,0.8998,32,0.9,27,0.9001,36
1753600148009,07:09:08.009,mexc,AERO/USDT:USDT,0.8999,106,0.8998,45,0.9,27,0.9001,36
1753600148301,07:09:08.301,mexc,AERO/USDT:USDT,0.8999,106,0.8998,45,0.9,27,0.9001,28
1753600148510,07:09:08.510,mexc,AERO/USDT:USDT,0.8999,106,0.8998,32,0.9,27,0.9001,28
1753600148800,07:09:08.800,mexc,AERO/USDT:USDT,0.8999,106,0.8998,32,0.9,27,0.9001,32
1753600149099,07:09:09.099,mexc,AERO/USDT:USDT,0.8999,106,0.8998,39,0.9,27,0.9001,32
1753600149299,07:09:09.299,mexc,AERO/USDT:USDT,0.8999,106,0.8998,39,0.9,27,0.9001,28
1753600149510,07:09:09.510,mexc,AERO/USDT:USDT,0.8999,106,0.8998,32,0.9,27,0.9001,28
1753600149798,07:09:09.798,mexc,AERO/USDT:USDT,0.8999,106,0.8998,32,0.9,27,0.9001,28
1753600150010,07:09:10.010,mexc,AERO/USDT:USDT,0.8999,106,0.8998,40,0.9,27,0.9001,28
1753600150301,07:09:10.301,mexc,AERO/USDT:USDT,0.8999,106,0.8998,40,0.9,27,0.9001,38
1753600150509,07:09:10.509,mexc,AERO/USDT:USDT,0.8999,106,0.8998,47,0.9,27,0.9001,38
1753600150800,07:09:10.800,mexc,AERO/USDT:USDT,0.8999,106,0.8998,47,0.9,27,0.9001,28
1753600151011,07:09:11.011,mexc,AERO/USDT:USDT,0.8999,106,0.8998,46,0.9,27,0.9001,28
1753600151300,07:09:11.300,mexc,AERO/USDT:USDT,0.8999,106,0.8998,46,0.9,27,0.9001,28
1753600151510,07:09:11.510,mexc,AERO/USDT:USDT,0.8999,106,0.8998,32,0.9,27,0.9001,28
1753600151800,07:09:11.800,mexc,AERO/USDT:USDT,0.8999,106,0.8998,32,0.9,27,0.9001,28
1753600152010,07:09:12.010,mexc,AERO/USDT:USDT,0.8999,106,0.8998,32,0.9,27,0.9001,28
1753600152301,07:09:12.301,mexc,AERO/USDT:USDT,0.8999,106,0.8998,32,0.9,27,0.9001,28
1753600152511,07:09:12.511,mexc,AERO/USDT:USDT,0.8999,106,0.8998,45,0.9,27,0.9001,28
1753600152802,07:09:12.802,mexc,AERO/USDT:USDT,0.8999,106,0.8998,45,0.9,27,0.9001,28
1753600153011,07:09:13.011,mexc,AERO/USDT:USDT,0.8999,106,0.8998,32,0.9,27,0.9001,28
1753600153303,07:09:13.303,mexc,AERO/USDT:USDT,0.8998,60,0.8997,195,0.9,66,0.9001,29
1753600153705,07:09:13.705,mexc,AERO/USDT:USDT,0.8998,60,0.8997,280,0.9,66,0.9001,29
1753600153803,07:09:13.803,mexc,AERO/USDT:USDT,0.8998,60,0.8997,280,0.9,66,0.9001,29
1753600154011,07:09:14.011,mexc,AERO/USDT:USDT,0.8998,60,0.8997,195,0.9,66,0.9001,29
1753600154302,07:09:14.302,mexc,AERO/USDT:USDT,0.8998,60,0.8997,195,0.9,66,0.9001,29
1753600154513,07:09:14.513,mexc,AERO/USDT:USDT,0.8998,60,0.8997,195,0.9,66,0.9001,29
1753600154803,07:09:14.803,mexc,AERO/USDT:USDT,0.8998,60,0.8997,195,0.9,66,0.9001,29
1753600155072,07:09:15.072,mexc,AERO/USDT:USDT,0.8998,60,0.8997,195,0.9,66,0.9001,29
1753600155304,07:09:15.304,mexc,AERO/USDT:USDT,0.8998,60,0.8997,195,0.9,66,0.9001,32
1753600155511,07:09:15.511,mexc,AERO/USDT:USDT,0.8998,60,0.8997,283,0.9,66,0.9001,32
1753600155804,07:09:15.804,mexc,AERO/USDT:USDT,0.8998,60,0.8997,283,0.9,66,0.9001,38
1753600156012,07:09:16.012,mexc,AERO/USDT:USDT,0.8998,60,0.8997,195,0.9,66,0.9001,38
1753600156304,07:09:16.304,mexc,AERO/USDT:USDT,0.8998,60,0.8997,195,0.9,66,0.9001,29
1753600156513,07:09:16.513,mexc,AERO/USDT:USDT,0.8998,60,0.8997,230,0.9,66,0.9001,29
1753600156801,07:09:16.801,mexc,AERO/USDT:USDT,0.8998,60,0.8997,230,0.9,66,0.9001,29
1753600157015,07:09:17.015,mexc,AERO/USDT:USDT,0.8998,60,0.8997,195,0.9,66,0.9001,29
1753600157304,07:09:17.304,mexc,AERO/USDT:USDT,0.8998,60,0.8997,195,0.9,66,0.9001,29
1753600157515,07:09:17.515,mexc,AERO/USDT:USDT,0.8998,60,0.8997,195,0.9,66,0.9001,29
1753600157804,07:09:17.804,mexc,AERO/USDT:USDT,0.8998,60,0.8997,195,0.9,66,0.9001,39
1753600158017,07:09:18.017,mexc,AERO/USDT:USDT,0.8998,60,0.8997,269,0.9,66,0.9001,39
1753600158305,07:09:18.305,mexc,AERO/USDT:USDT,0.8998,60,0.8997,269,0.9,66,0.9001,36
1753600158517,07:09:18.517,mexc,AERO/USDT:USDT,0.8998,60,0.8997,272,0.9,66,0.9001,36
1753600158804,07:09:18.804,mexc,AERO/USDT:USDT,0.8998,60,0.8997,272,0.9,66,0.9001,29
1753600159017,07:09:19.017,mexc,AERO/USDT:USDT,0.8998,60,0.8997,195,0.9,66,0.9001,29
1753600159308,07:09:19.308,mexc,AERO/USDT:USDT,0.8998,33,0.8997,28,0.8999,52,0.9,34
1753600159308,07:09:19.308,mexc,AERO/USDT:USDT,0.8998,33,0.8997,28,0.8999,52,0.9,34
1753600159709,07:09:19.709,mexc,AERO/USDT:USDT,0.8998,33,0.8997,38,0.8999,52,0.9,34
1753600159920,07:09:19.920,mexc,AERO/USDT:USDT,0.8998,33,0.8997,28,0.8999,52,0.9,34
1753600160212,07:09:20.212,mexc,AERO/USDT:USDT,0.8998,33,0.8997,28,0.8999,52,0.9,34
1753600160306,07:09:20.306,mexc,AERO/USDT:USDT,0.8998,33,0.8997,28,0.8999,52,0.9,34
1753600160519,07:09:20.519,mexc,AERO/USDT:USDT,0.8998,33,0.8997,28,0.8999,52,0.9,34
1753600160805,07:09:20.805,mexc,AERO/USDT:USDT,0.8998,33,0.8997,28,0.8999,52,0.9,34
1753600161073,07:09:21.073,mexc,AERO/USDT:USDT,0.8998,33,0.8997,41,0.8999,52,0.9,34
1753600161307,07:09:21.307,mexc,AERO/USDT:USDT,0.8998,33,0.8997,41,0.8999,52,0.9,34
1753600161517,07:09:21.517,mexc,AERO/USDT:USDT,0.8998,33,0.8997,45,0.8999,52,0.9,34
1753600161807,07:09:21.807,mexc,AERO/USDT:USDT,0.8998,33,0.8997,45,0.8999,52,0.9,34
1753600162016,07:09:22.016,mexc,AERO/USDT:USDT,0.8998,33,0.8997,36,0.8999,52,0.9,34
1753600162309,07:09:22.309,mexc,AERO/USDT:USDT,0.8998,33,0.8997,36,0.8999,52,0.9,44
1753600162518,07:09:22.518,mexc,AERO/USDT:USDT,0.8998,33,0.8997,31,0.8999,52,0.9,44
1753600162807,07:09:22.807,mexc,AERO/USDT:USDT,0.8998,33,0.8997,31,0.8999,52,0.9,38
1753600163018,07:09:23.018,mexc,AERO/USDT:USDT,0.8998,33,0.8997,28,0.8999,52,0.9,38
1753600163308,07:09:23.308,mexc,AERO/USDT:USDT,0.8998,33,0.8997,28,0.8999,52,0.9,34
1753600163518,07:09:23.518,mexc,AERO/USDT:USDT,0.8998,33,0.8997,28,0.8999,52,0.9,34
1753600163808,07:09:23.808,mexc,AERO/USDT:USDT,0.8998,33,0.8997,28,0.8999,52,0.9,46
1753600164018,07:09:24.018,mexc,AERO/USDT:USDT,0.8998,33,0.8997,28,0.8999,52,0.9,46
1753600164309,07:09:24.309,mexc,AERO/USDT:USDT,0.8998,33,0.8997,28,0.8999,52,0.9,34
1753600164518,07:09:24.518,mexc,AERO/USDT:USDT,0.8998,33,0.8997,28,0.8999,52,0.9,34
1753600164809,07:09:24.809,mexc,AERO/USDT:USDT,0.8998,33,0.8997,28,0.8999,52,0.9,34
1753600165018,07:09:25.018,mexc,AERO/USDT:USDT,0.8998,33,0.8997,39,0.8999,52,0.9,34
1753600165310,07:09:25.310,mexc,AERO/USDT:USDT,0.8997,32,0.8996,150,0.8999,64,0.9,74
1753600165715,07:09:25.715,mexc,AERO/USDT:USDT,0.8997,32,0.8996,150,0.8999,64,0.9,67
1753600165809,07:09:25.809,mexc,AERO/USDT:USDT,0.8997,32,0.8996,150,0.8999,64,0.9,94
1753600166017,07:09:26.017,mexc,AERO/USDT:USDT,0.8997,32,0.8996,197,0.8999,64,0.9,94
1753600166310,07:09:26.310,mexc,AERO/USDT:USDT,0.8997,32,0.8996,197,0.8999,64,0.9,67
1753600166521,07:09:26.521,mexc,AERO/USDT:USDT,0.8997,32,0.8996,150,0.8999,64,0.9,67
1753600166810,07:09:26.810,mexc,AERO/USDT:USDT,0.8997,32,0.8996,150,0.8999,64,0.9,67
1753600167073,07:09:27.073,mexc,AERO/USDT:USDT,0.8997,32,0.8996,181,0.8999,64,0.9,67
1753600167313,07:09:27.313,mexc,AERO/USDT:USDT,0.8997,32,0.8996,181,0.8999,64,0.9,67
1753600167518,07:09:27.518,mexc,AERO/USDT:USDT,0.8997,32,0.8996,205,0.8999,64,0.9,67
1753600167809,07:09:27.809,mexc,AERO/USDT:USDT,0.8997,32,0.8996,205,0.8999,64,0.9,67
1753600168018,07:09:28.018,mexc,AERO/USDT:USDT,0.8997,32,0.8996,179,0.8999,64,0.9,67
1753600168309,07:09:28.309,mexc,AERO/USDT:USDT,0.8997,32,0.8996,179,0.8999,64,0.9,74
1753600168519,07:09:28.519,mexc,AERO/USDT:USDT,0.8997,32,0.8996,150,0.8999,64,0.9,74
1753600168812,07:09:28.812,mexc,AERO/USDT:USDT,0.8997,32,0.8996,150,0.8999,64,0.9,78
1753600169019,07:09:29.019,mexc,AERO/USDT:USDT,0.8997,32,0.8996,150,0.8999,64,0.9,78
1753600169312,07:09:29.312,mexc,AERO/USDT:USDT,0.8997,32,0.8996,150,0.8999,64,0.9,82
1753600169518,07:09:29.518,mexc,AERO/USDT:USDT,0.8997,32,0.8996,150,0.8999,64,0.9,82
1753600169813,07:09:29.813,mexc,AERO/USDT:USDT,0.8997,32,0.8996,150,0.8999,64,0.9,67
1753600170019,07:09:30.019,mexc,AERO/USDT:USDT,0.8997,32,0.8996,150,0.8999,64,0.9,67
1753600170313,07:09:30.313,mexc,AERO/USDT:USDT,0.8997,32,0.8996,150,0.8999,64,0.9,92
1753600170518,07:09:30.518,mexc,AERO/USDT:USDT,0.8997,32,0.8996,150,0.8999,64,0.9,92
1753600170812,07:09:30.812,mexc,AERO/USDT:USDT,0.8997,32,0.8996,150,0.8999,64,0.9,67
1753600171019,07:09:31.019,mexc,AERO/USDT:USDT,0.8997,32,0.8996,278,0.8999,64,0.9,67
1753600171313,07:09:31.313,mexc,AERO/USDT:USDT,0.8997,33,0.8996,104,0.8999,73,0.9,167
1753600171717,07:09:31.717,mexc,AERO/USDT:USDT,0.8997,33,0.8996,129,0.8999,73,0.9,167
1753600171812,07:09:31.812,mexc,AERO/USDT:USDT,0.8997,33,0.8996,129,0.8999,73,0.9,167
1753600172019,07:09:32.019,mexc,AERO/USDT:USDT,0.8997,33,0.8996,104,0.8999,73,0.9,167
1753600172313,07:09:32.313,mexc,AERO/USDT:USDT,0.8997,33,0.8996,104,0.8999,73,0.9,167
1753600172519,07:09:32.519,mexc,AERO/USDT:USDT,0.8997,33,0.8996,117,0.8999,73,0.9,167
1753600172897,07:09:32.897,mexc,AERO/USDT:USDT,0.8997,33,0.8996,117,0.8999,73,0.9,167
1753600173079,07:09:33.079,mexc,AERO/USDT:USDT,0.8997,33,0.8996,104,0.8999,73,0.9,167
1753600173314,07:09:33.314,mexc,AERO/USDT:USDT,0.8997,33,0.8996,104,0.8999,73,0.9,167
1753600173423,07:09:33.423,mexc,AERO/USDT:USDT,0.8997,33,0.8996,104,0.8999,73,0.9,167
1753600173518,07:09:33.518,mexc,AERO/USDT:USDT,0.8997,33,0.8996,137,0.8999,73,0.9,167
1753600173814,07:09:33.814,mexc,AERO/USDT:USDT,0.8997,33,0.8996,137,0.8999,73,0.9,224
1753600174020,07:09:34.020,mexc,AERO/USDT:USDT,0.8997,33,0.8996,133,0.8999,73,0.9,224
1753600174315,07:09:34.315,mexc,AERO/USDT:USDT,0.8997,33,0.8996,133,0.8999,73,0.9,236
1753600174520,07:09:34.520,mexc,AERO/USDT:USDT,0.8997,33,0.8996,118,0.8999,73,0.9,236
1753600174814,07:09:34.814,mexc,AERO/USDT:USDT,0.8997,33,0.8996,118,0.8999,73,0.9,167
1753600175020,07:09:35.020,mexc,AERO/USDT:USDT,0.8997,33,0.8996,104,0.8999,73,0.9,167
1753600175314,07:09:35.314,mexc,AERO/USDT:USDT,0.8997,33,0.8996,104,0.8999,73,0.9,167
1753600175521,07:09:35.521,mexc,AERO/USDT:USDT,0.8997,33,0.8996,104,0.8999,73,0.9,167
1753600175815,07:09:35.815,mexc,AERO/USDT:USDT,0.8997,33,0.8996,104,0.8999,73,0.9,188
1753600176029,07:09:36.029,mexc,AERO/USDT:USDT,0.8997,33,0.8996,104,0.8999,73,0.9,188
1753600176319,07:09:36.319,mexc,AERO/USDT:USDT,0.8997,33,0.8996,104,0.8999,73,0.9,167
1753600176523,07:09:36.523,mexc,AERO/USDT:USDT,0.8997,33,0.8996,119,0.8999,73,0.9,167
1753600176820,07:09:36.820,mexc,AERO/USDT:USDT,0.8997,33,0.8996,119,0.8999,73,0.9,191
1753600177022,07:09:37.022,mexc,AERO/USDT:USDT,0.8997,33,0.8996,196,0.8999,73,0.9,191
1753600177319,07:09:37.319,mexc,AERO/USDT:USDT,0.8996,32,0.8995,121,0.8998,50,0.8999,64
1753600177723,07:09:37.723,mexc,AERO/USDT:USDT,0.8996,32,0.8995,121,0.8998,50,0.8999,64
1753600177821,07:09:37.821,mexc,AERO/USDT:USDT,0.8996,32,0.8995,121,0.8998,50,0.8999,86
1753600178023,07:09:38.023,mexc,AERO/USDT:USDT,0.8996,32,0.8995,121,0.8998,50,0.8999,86
1753600178321,07:09:38.321,mexc,AERO/USDT:USDT,0.8996,32,0.8995,121,0.8998,50,0.8999,75
1753600178523,07:09:38.523,mexc,AERO/USDT:USDT,0.8996,32,0.8995,167,0.8998,50,0.8999,75
1753600178926,07:09:38.926,mexc,AERO/USDT:USDT,0.8996,32,0.8995,167,0.8998,50,0.8999,64
1753600179080,07:09:39.080,mexc,AERO/USDT:USDT,0.8996,32,0.8995,121,0.8998,50,0.8999,64
1753600179322,07:09:39.322,mexc,AERO/USDT:USDT,0.8996,32,0.8995,121,0.8998,50,0.8999,64
1753600179523,07:09:39.523,mexc,AERO/USDT:USDT,0.8996,32,0.8995,121,0.8998,50,0.8999,64
1753600179823,07:09:39.823,mexc,AERO/USDT:USDT,0.8996,32,0.8995,121,0.8998,50,0.8999,64
1753600180023,07:09:40.023,mexc,AERO/USDT:USDT,0.8996,32,0.8995,121,0.8998,50,0.8999,64
1753600180322,07:09:40.322,mexc,AERO/USDT:USDT,0.8996,32,0.8995,121,0.8998,50,0.8999,71
1753600180525,07:09:40.525,mexc,AERO/USDT:USDT,0.8996,32,0.8995,121,0.8998,50,0.8999,71
1753600180823,07:09:40.823,mexc,AERO/USDT:USDT,0.8996,32,0.8995,121,0.8998,50,0.8999,77
1753600181025,07:09:41.025,mexc,AERO/USDT:USDT,0.8996,32,0.8995,121,0.8998,50,0.8999,77
1753600181324,07:09:41.324,mexc,AERO/USDT:USDT,0.8996,32,0.8995,121,0.8998,50,0.8999,64
1753600181524,07:09:41.524,mexc,AERO/USDT:USDT,0.8996,32,0.8995,144,0.8998,50,0.8999,64
1753600181926,07:09:41.926,mexc,AERO/USDT:USDT,0.8996,32,0.8995,144,0.8998,50,0.8999,64
1753600182024,07:09:42.024,mexc,AERO/USDT:USDT,0.8996,32,0.8995,159,0.8998,50,0.8999,64
1753600182324,07:09:42.324,mexc,AERO/USDT:USDT,0.8996,32,0.8995,159,0.8998,50,0.8999,73
1753600182524,07:09:42.524,mexc,AERO/USDT:USDT,0.8996,32,0.8995,169,0.8998,50,0.8999,73
1753600182823,07:09:42.823,mexc,AERO/USDT:USDT,0.8996,32,0.8995,169,0.8998,50,0.8999,77
1753600183025,07:09:43.025,mexc,AERO/USDT:USDT,0.8996,32,0.8995,121,0.8998,50,0.8999,77
1753600183323,07:09:43.323,mexc,AERO/USDT:USDT,0.8996,39,0.8995,126,0.8997,28,0.8998,60
1753600183525,07:09:43.525,mexc,AERO/USDT:USDT,0.8996,39,0.8995,126,0.8997,28,0.8998,60
1753600183927,07:09:43.927,mexc,AERO/USDT:USDT,0.8996,39,0.8995,126,0.8997,28,0.8998,60
1753600184024,07:09:44.024,mexc,AERO/USDT:USDT,0.8996,39,0.8995,126,0.8997,28,0.8998,60
1753600184327,07:09:44.327,mexc,AERO/USDT:USDT,0.8996,39,0.8995,126,0.8997,28,0.8998,66
1753600184524,07:09:44.524,mexc,AERO/USDT:USDT,0.8996,39,0.8995,126,0.8997,28,0.8998,66
1753600184736,07:09:44.736,mexc,AERO/USDT:USDT,0.8996,39,0.8995,126,0.8997,28,0.8998,60
1753600184927,07:09:44.927,mexc,AERO/USDT:USDT,0.8996,39,0.8995,126,0.8997,28,0.8998,60
1753600185078,07:09:45.078,mexc,AERO/USDT:USDT,0.8996,39,0.8995,146,0.8997,28,0.8998,60
1753600185428,07:09:45.428,mexc,AERO/USDT:USDT,0.8996,39,0.8995,146,0.8997,28,0.8998,73
1753600185524,07:09:45.524,mexc,AERO/USDT:USDT,0.8996,39,0.8995,151,0.8997,28,0.8998,73
1753600185926,07:09:45.926,mexc,AERO/USDT:USDT,0.8996,39,0.8995,151,0.8997,28,0.8998,60
1753600186025,07:09:46.025,mexc,AERO/USDT:USDT,0.8996,39,0.8995,126,0.8997,28,0.8998,60
1753600186327,07:09:46.327,mexc,AERO/USDT:USDT,0.8996,39,0.8995,126,0.8997,28,0.8998,60
1753600186525,07:09:46.525,mexc,AERO/USDT:USDT,0.8996,39,0.8995,211,0.8997,28,0.8998,60
1753600186730,07:09:46.730,mexc,AERO/USDT:USDT,0.8996,39,0.8995,211,0.8997,28,0.8998,60
1753600186927,07:09:46.927,mexc,AERO/USDT:USDT,0.8996,39,0.8995,126,0.8997,28,0.8998,60
1753600187027,07:09:47.027,mexc,AERO/USDT:USDT,0.8996,39,0.8995,126,0.8997,28,0.8998,60
1753600187327,07:09:47.327,mexc,AERO/USDT:USDT,0.8996,39,0.8995,126,0.8997,28,0.8998,60
1753600187525,07:09:47.525,mexc,AERO/USDT:USDT,0.8996,39,0.8995,126,0.8997,28,0.8998,60
1753600187927,07:09:47.927,mexc,AERO/USDT:USDT,0.8996,39,0.8995,126,0.8997,28,0.8998,67
1753600188025,07:09:48.025,mexc,AERO/USDT:USDT,0.8996,39,0.8995,126,0.8997,28,0.8998,67
1753600188327,07:09:48.327,mexc,AERO/USDT:USDT,0.8996,39,0.8995,126,0.8997,28,0.8998,60
1753600188527,07:09:48.527,mexc,AERO/USDT:USDT,0.8996,39,0.8995,126,0.8997,28,0.8998,88
1753600188527,07:09:48.527,mexc,AERO/USDT:USDT,0.8996,39,0.8995,126,0.8997,28,0.8998,88
1753600188927,07:09:48.927,mexc,AERO/USDT:USDT,0.8996,39,0.8995,126,0.8997,28,0.8998,66
1753600189026,07:09:49.026,mexc,AERO/USDT:USDT,0.8996,39,0.8995,126,0.8997,28,0.8998,66
1753600189328,07:09:49.328,mexc,AERO/USDT:USDT,0.8995,29,0.8994,131,0.8997,50,0.8998,138
1753600189526,07:09:49.526,mexc,AERO/USDT:USDT,0.8995,29,0.8994,189,0.8997,50,0.8998,138
1753600189526,07:09:49.526,mexc,AERO/USDT:USDT,0.8995,29,0.8994,203,0.8997,50,0.8998,138
1753600189928,07:09:49.928,mexc,AERO/USDT:USDT,0.8995,29,0.8994,145,0.8997,50,0.8998,117
1753600190027,07:09:50.027,mexc,AERO/USDT:USDT,0.8995,29,0.8994,131,0.8997,50,0.8998,117
1753600190329,07:09:50.329,mexc,AERO/USDT:USDT,0.8995,29,0.8994,131,0.8997,50,0.8998,145
1753600190526,07:09:50.526,mexc,AERO/USDT:USDT,0.8995,29,0.8994,189,0.8997,50,0.8998,145
1753600190733,07:09:50.733,mexc,AERO/USDT:USDT,0.8995,29,0.8994,189,0.8997,50,0.8998,117
1753600190929,07:09:50.929,mexc,AERO/USDT:USDT,0.8995,29,0.8994,131,0.8997,50,0.8998,155
1753600191081,07:09:51.081,mexc,AERO/USDT:USDT,0.8995,29,0.8994,131,0.8997,50,0.8998,155
1753600191335,07:09:51.335,mexc,AERO/USDT:USDT,0.8995,29,0.8994,131,0.8997,50,0.8998,117
1753600191526,07:09:51.526,mexc,AERO/USDT:USDT,0.8995,29,0.8994,131,0.8997,50,0.8998,117
1753600191929,07:09:51.929,mexc,AERO/USDT:USDT,0.8995,29,0.8994,131,0.8997,50,0.8998,117
1753600192027,07:09:52.027,mexc,AERO/USDT:USDT,0.8995,29,0.8994,131,0.8997,50,0.8998,117
1753600192430,07:09:52.430,mexc,AERO/USDT:USDT,0.8995,29,0.8994,131,0.8997,50,0.8998,117
1753600192527,07:09:52.527,mexc,AERO/USDT:USDT,0.8995,29,0.8994,131,0.8997,50,0.8998,117
1753600192829,07:09:52.829,mexc,AERO/USDT:USDT,0.8995,29,0.8994,131,0.8997,50,0.8998,117
1753600193027,07:09:53.027,mexc,AERO/USDT:USDT,0.8995,29,0.8994,131,0.8997,50,0.8998,117
1753600193233,07:09:53.233,mexc,AERO/USDT:USDT,0.8995,29,0.8994,131,0.8997,50,0.8998,117
1753600193429,07:09:53.429,mexc,AERO/USDT:USDT,0.8995,29,0.8994,131,0.8997,50,0.8998,208
1753600193528,07:09:53.528,mexc,AERO/USDT:USDT,0.8995,29,0.8994,155,0.8997,50,0.8998,208
1753600193930,07:09:53.930,mexc,AERO/USDT:USDT,0.8995,29,0.8994,155,0.8997,50,0.8998,163
1753600194028,07:09:54.028,mexc,AERO/USDT:USDT,0.8995,29,0.8994,153,0.8997,50,0.8998,163
1753600194332,07:09:54.332,mexc,AERO/USDT:USDT,0.8995,29,0.8994,153,0.8997,50,0.8998,117
1753600194527,07:09:54.527,mexc,AERO/USDT:USDT,0.8995,29,0.8994,131,0.8997,50,0.8998,117
1753600194734,07:09:54.734,mexc,AERO/USDT:USDT,0.8995,29,0.8994,131,0.8997,50,0.8998,117
1753600194930,07:09:54.930,mexc,AERO/USDT:USDT,0.8995,29,0.8994,131,0.8997,50,0.8998,117
1753600195216,07:09:55.216,mexc,AERO/USDT:USDT,0.8995,29,0.8994,177,0.8997,93,0.8998,117
1753600195333,07:09:55.333,mexc,AERO/USDT:USDT,0.8995,104,0.8994,135,0.8997,43,0.8998,152
1753600195527,07:09:55.527,mexc,AERO/USDT:USDT,0.8995,104,0.8994,135,0.8997,43,0.8998,152
1753600195930,07:09:55.930,mexc,AERO/USDT:USDT,0.8995,104,0.8994,135,0.8997,43,0.8998,159
1753600196028,07:09:56.028,mexc,AERO/USDT:USDT,0.8995,104,0.8994,150,0.8997,43,0.8998,159
1753600196333,07:09:56.333,mexc,AERO/USDT:USDT,0.8995,104,0.8994,150,0.8997,43,0.8998,116
1753600196529,07:09:56.529,mexc,AERO/USDT:USDT,0.8995,104,0.8994,150,0.8997,43,0.8998,116
1753600196735,07:09:56.735,mexc,AERO/USDT:USDT,0.8995,104,0.8994,150,0.8997,43,0.8998,116
1753600196930,07:09:56.930,mexc,AERO/USDT:USDT,0.8995,104,0.8994,135,0.8997,43,0.8998,116
1753600197084,07:09:57.084,mexc,AERO/USDT:USDT,0.8995,104,0.8994,135,0.8997,43,0.8998,116
1753600197433,07:09:57.433,mexc,AERO/USDT:USDT,0.8995,104,0.8994,135,0.8997,43,0.8998,116
1753600197529,07:09:57.529,mexc,AERO/USDT:USDT,0.8995,104,0.8994,135,0.8997,43,0.8998,116
1753600197932,07:09:57.932,mexc,AERO/USDT:USDT,0.8995,104,0.8994,135,0.8997,43,0.8998,116
1753600198029,07:09:58.029,mexc,AERO/USDT:USDT,0.8995,104,0.8994,135,0.8997,43,0.8998,116
1753600198431,07:09:58.431,mexc,AERO/USDT:USDT,0.8995,104,0.8994,135,0.8997,43,0.8998,140
1753600198531,07:09:58.531,mexc,AERO/USDT:USDT,0.8995,104,0.8994,135,0.8997,43,0.8998,140
1753600198836,07:09:58.836,mexc,AERO/USDT:USDT,0.8995,104,0.8994,135,0.8997,43,0.8998,116
1753600199030,07:09:59.030,mexc,AERO/USDT:USDT,0.8995,104,0.8994,156,0.8997,43,0.8998,116
1753600199238,07:09:59.238,mexc,AERO/USDT:USDT,0.8995,104,0.8994,156,0.8997,43,0.8998,116
1753600199432,07:09:59.432,mexc,AERO/USDT:USDT,0.8995,104,0.8994,135,0.8997,43,0.8998,116
1753600199532,07:09:59.532,mexc,AERO/USDT:USDT,0.8995,104,0.8994,135,0.8997,43,0.8998,116
1753600199933,07:09:59.933,mexc,AERO/USDT:USDT,0.8995,104,0.8994,135,0.8997,43,0.8998,116
1753600200030,07:10:00.030,mexc,AERO/USDT:USDT,0.8995,104,0.8994,191,0.8997,43,0.8998,116
1753600200335,07:10:00.335,mexc,AERO/USDT:USDT,0.8995,104,0.8994,191,0.8997,43,0.8998,116
1753600200531,07:10:00.531,mexc,AERO/USDT:USDT,0.8995,104,0.8994,135,0.8997,43,0.8998,116
1753600200739,07:10:00.739,mexc,AERO/USDT:USDT,0.8995,104,0.8994,135,0.8997,43,0.8998,116
1753600200933,07:10:00.933,mexc,AERO/USDT:USDT,0.8995,104,0.8994,135,0.8997,43,0.8998,116
1753600201214,07:10:01.214,mexc,AERO/USDT:USDT,0.8995,104,0.8994,135,0.8997,75,0.8998,116
1753600201335,07:10:01.335,mexc,AERO/USDT:USDT,0.8996,34,0.8995,101,0.8997,32,0.8998,31
1753600201533,07:10:01.533,mexc,AERO/USDT:USDT,0.8996,34,0.8995,120,0.8997,32,0.8998,31
1753600201914,07:10:01.914,mexc,AERO/USDT:USDT,0.8996,34,0.8995,120,0.8997,32,0.8998,44
1753600202033,07:10:02.033,mexc,AERO/USDT:USDT,0.8996,34,0.8995,148,0.8997,32,0.8998,44
1753600202337,07:10:02.337,mexc,AERO/USDT:USDT,0.8996,34,0.8995,148,0.8997,32,0.8998,31
1753600202436,07:10:02.436,mexc,AERO/USDT:USDT,0.8996,34,0.8995,101,0.8997,32,0.8998,45
1753600202739,07:10:02.739,mexc,AERO/USDT:USDT,0.8996,34,0.8995,101,0.8997,32,0.8998,31
1753600203034,07:10:03.034,mexc,AERO/USDT:USDT,0.8996,34,0.8995,151,0.8997,32,0.8998,31
1753600203085,07:10:03.085,mexc,AERO/USDT:USDT,0.8996,34,0.8995,151,0.8997,32,0.8998,31
1753600203434,07:10:03.434,mexc,AERO/USDT:USDT,0.8996,34,0.8995,101,0.8997,32,0.8998,31
1753600203535,07:10:03.535,mexc,AERO/USDT:USDT,0.8996,34,0.8995,101,0.8997,32,0.8998,31
1753600203939,07:10:03.939,mexc,AERO/USDT:USDT,0.8996,34,0.8995,101,0.8997,32,0.8998,44
1753600204035,07:10:04.035,mexc,AERO/USDT:USDT,0.8996,34,0.8995,101,0.8997,32,0.8998,44
1753600204338,07:10:04.338,mexc,AERO/USDT:USDT,0.8996,34,0.8995,101,0.8997,32,0.8998,31
1753600204437,07:10:04.437,mexc,AERO/USDT:USDT,0.8996,34,0.8995,101,0.8997,32,0.8998,42
1753600204535,07:10:04.535,mexc,AERO/USDT:USDT,0.8996,34,0.8995,137,0.8997,32,0.8998,42
1753600204940,07:10:04.940,mexc,AERO/USDT:USDT,0.8996,34,0.8995,101,0.8997,32,0.8998,31
1753600205035,07:10:05.035,mexc,AERO/USDT:USDT,0.8996,34,0.8995,123,0.8997,32,0.8998,31
1753600205438,07:10:05.438,mexc,AERO/USDT:USDT,0.8996,34,0.8995,112,0.8997,32,0.8998,31
1753600205585,07:10:05.585,mexc,AERO/USDT:USDT,0.8996,34,0.8995,101,0.8997,32,0.8998,31
1753600205840,07:10:05.840,mexc,AERO/USDT:USDT,0.8996,34,0.8995,101,0.8997,32,0.8998,31
1753600205989,07:10:05.989,mexc,AERO/USDT:USDT,0.8996,34,0.8995,101,0.8997,32,0.8998,31
1753600206243,07:10:06.243,mexc,AERO/USDT:USDT,0.8996,34,0.8995,130,0.8997,32,0.8998,31
1753600206340,07:10:06.340,mexc,AERO/USDT:USDT,0.8996,34,0.8995,130,0.8997,32,0.8998,31
1753600206583,07:10:06.583,mexc,AERO/USDT:USDT,0.8996,34,0.8995,101,0.8997,32,0.8998,31
1753600206840,07:10:06.840,mexc,AERO/USDT:USDT,0.8996,34,0.8995,101,0.8997,32,0.8998,31
1753600207081,07:10:07.081,mexc,AERO/USDT:USDT,0.8996,34,0.8995,101,0.8997,32,0.8998,31
1753600207340,07:10:07.340,mexc,AERO/USDT:USDT,0.8995,105,0.8994,151,0.8997,28,0.8998,36
1753600207744,07:10:07.744,mexc,AERO/USDT:USDT,0.8995,105,0.8994,151,0.8997,28,0.8998,30
1753600207840,07:10:07.840,mexc,AERO/USDT:USDT,0.8995,105,0.8994,151,0.8997,28,0.8998,30
1753600208107,07:10:08.107,mexc,AERO/USDT:USDT,0.8995,105,0.8994,218,0.8997,28,0.8998,30
1753600208339,07:10:08.339,mexc,AERO/USDT:USDT,0.8995,105,0.8994,218,0.8997,28,0.8998,31
1753600208582,07:10:08.582,mexc,AERO/USDT:USDT,0.8995,105,0.8994,225,0.8997,28,0.8998,31
1753600208841,07:10:08.841,mexc,AERO/USDT:USDT,0.8995,105,0.8994,225,0.8997,28,0.8998,26
1753600209086,07:10:09.086,mexc,AERO/USDT:USDT,0.8995,105,0.8994,151,0.8997,28,0.8998,26
1753600209340,07:10:09.340,mexc,AERO/USDT:USDT,0.8995,105,0.8994,151,0.8997,28,0.8998,26
1753600209585,07:10:09.585,mexc,AERO/USDT:USDT,0.8995,105,0.8994,151,0.8997,28,0.8998,26
1753600209841,07:10:09.841,mexc,AERO/USDT:USDT,0.8995,105,0.8994,151,0.8997,28,0.8998,26
1753600210083,07:10:10.083,mexc,AERO/USDT:USDT,0.8995,105,0.8994,212,0.8997,28,0.8998,26
1753600210341,07:10:10.341,mexc,AERO/USDT:USDT,0.8995,105,0.8994,212,0.8997,28,0.8998,35
1753600210584,07:10:10.584,mexc,AERO/USDT:USDT,0.8995,105,0.8994,203,0.8997,28,0.8998,35
1753600210842,07:10:10.842,mexc,AERO/USDT:USDT,0.8995,105,0.8994,203,0.8997,28,0.8998,26
1753600211084,07:10:11.084,mexc,AERO/USDT:USDT,0.8995,105,0.8994,151,0.8997,28,0.8998,26
1753600211342,07:10:11.342,mexc,AERO/USDT:USDT,0.8995,105,0.8994,151,0.8997,28,0.8998,32
1753600211585,07:10:11.585,mexc,AERO/USDT:USDT,0.8995,105,0.8994,151,0.8997,28,0.8998,32
1753600211841,07:10:11.841,mexc,AERO/USDT:USDT,0.8995,105,0.8994,151,0.8997,28,0.8998,33
1753600212084,07:10:12.084,mexc,AERO/USDT:USDT,0.8995,105,0.8994,167,0.8997,28,0.8998,33
1753600212341,07:10:12.341,mexc,AERO/USDT:USDT,0.8995,105,0.8994,167,0.8997,28,0.8998,35
1753600212586,07:10:12.586,mexc,AERO/USDT:USDT,0.8995,105,0.8994,151,0.8997,28,0.8998,35
1753600212843,07:10:12.843,mexc,AERO/USDT:USDT,0.8995,105,0.8994,151,0.8997,28,0.8998,26
1753600213086,07:10:13.086,mexc,AERO/USDT:USDT,0.8995,105,0.8994,151,0.8997,28,0.8998,26
1753600213344,07:10:13.344,mexc,AERO/USDT:USDT,0.8996,39,0.8995,93,0.8997,26,0.8998,34
1753600213748,07:10:13.748,mexc,AERO/USDT:USDT,0.8996,39,0.8995,107,0.8997,26,0.8998,34
1753600213844,07:10:13.844,mexc,AERO/USDT:USDT,0.8996,39,0.8995,107,0.8997,26,0.8998,34
1753600214086,07:10:14.086,mexc,AERO/USDT:USDT,0.8996,39,0.8995,93,0.8997,26,0.8998,34
1753600214344,07:10:14.344,mexc,AERO/USDT:USDT,0.8996,39,0.8995,93,0.8997,26,0.8998,38
1753600214587,07:10:14.587,mexc,AERO/USDT:USDT,0.8996,39,0.8995,93,0.8997,26,0.8998,38
1753600214842,07:10:14.842,mexc,AERO/USDT:USDT,0.8996,39,0.8995,93,0.8997,26,0.8998,34
1753600215089,07:10:15.089,mexc,AERO/USDT:USDT,0.8996,39,0.8995,93,0.8997,26,0.8998,34
1753600215343,07:10:15.343,mexc,AERO/USDT:USDT,0.8996,39,0.8995,93,0.8997,26,0.8998,49
1753600215587,07:10:15.587,mexc,AERO/USDT:USDT,0.8996,39,0.8995,93,0.8997,26,0.8998,49
1753600215845,07:10:15.845,mexc,AERO/USDT:USDT,0.8996,39,0.8995,93,0.8997,26,0.8998,41
1753600216087,07:10:16.087,mexc,AERO/USDT:USDT,0.8996,39,0.8995,93,0.8997,26,0.8998,41
1753600216346,07:10:16.346,mexc,AERO/USDT:USDT,0.8996,39,0.8995,93,0.8997,26,0.8998,48
1753600216588,07:10:16.588,mexc,AERO/USDT:USDT,0.8996,39,0.8995,93,0.8997,26,0.8998,48
1753600216844,07:10:16.844,mexc,AERO/USDT:USDT,0.8996,39,0.8995,93,0.8997,26,0.8998,34
1753600217122,07:10:17.122,mexc,AERO/USDT:USDT,0.8996,39,0.8995,115,0.8997,26,0.8998,34
1753600217344,07:10:17.344,mexc,AERO/USDT:USDT,0.8996,39,0.8995,115,0.8997,26,0.8998,34
1753600217594,07:10:17.594,mexc,AERO/USDT:USDT,0.8996,39,0.8995,93,0.8997,26,0.8998,34
1753600217844,07:10:17.844,mexc,AERO/USDT:USDT,0.8996,39,0.8995,93,0.8997,26,0.8998,34
1753600218089,07:10:18.089,mexc,AERO/USDT:USDT,0.8996,39,0.8995,126,0.8997,26,0.8998,34
1753600218352,07:10:18.352,mexc,AERO/USDT:USDT,0.8996,34,0.8995,115,0.8997,26,0.8998,38
1753600218750,07:10:18.750,mexc,AERO/USDT:USDT,0.8996,34,0.8995,115,0.8997,26,0.8998,26
1753600218846,07:10:18.846,mexc,AERO/USDT:USDT,0.8996,34,0.8995,115,0.8997,26,0.8998,36
1753600219091,07:10:19.091,mexc,AERO/USDT:USDT,0.8996,34,0.8995,115,0.8997,26,0.8998,36
1753600219345,07:10:19.345,mexc,AERO/USDT:USDT,0.8996,34,0.8995,115,0.8997,26,0.8998,26
1753600219590,07:10:19.590,mexc,AERO/USDT:USDT,0.8996,34,0.8995,115,0.8997,26,0.8998,26
1753600219847,07:10:19.847,mexc,AERO/USDT:USDT,0.8996,34,0.8995,115,0.8997,26,0.8998,26
1753600220090,07:10:20.090,mexc,AERO/USDT:USDT,0.8996,34,0.8995,153,0.8997,26,0.8998,26
1753600220380,07:10:20.380,mexc,AERO/USDT:USDT,0.8996,34,0.8995,153,0.8997,26,0.8998,38
1753600220590,07:10:20.590,mexc,AERO/USDT:USDT,0.8996,34,0.8995,129,0.8997,26,0.8998,38
1753600220878,07:10:20.878,mexc,AERO/USDT:USDT,0.8996,34,0.8995,129,0.8997,26,0.8998,31
1753600221103,07:10:21.103,mexc,AERO/USDT:USDT,0.8996,34,0.8995,160,0.8997,26,0.8998,31
1753600221381,07:10:21.381,mexc,AERO/USDT:USDT,0.8996,34,0.8995,160,0.8997,26,0.8998,28
1753600221590,07:10:21.590,mexc,AERO/USDT:USDT,0.8996,34,0.8995,115,0.8997,26,0.8998,28
1753600221883,07:10:21.883,mexc,AERO/USDT:USDT,0.8996,34,0.8995,115,0.8997,26,0.8998,26
1753600222090,07:10:22.090,mexc,AERO/USDT:USDT,0.8996,34,0.8995,115,0.8997,26,0.8998,26
1753600222383,07:10:22.383,mexc,AERO/USDT:USDT,0.8996,34,0.8995,115,0.8997,26,0.8998,26
1753600222596,07:10:22.596,mexc,AERO/USDT:USDT,0.8996,34,0.8995,168,0.8997,26,0.8998,26
1753600222881,07:10:22.881,mexc,AERO/USDT:USDT,0.8996,34,0.8995,168,0.8997,26,0.8998,26
1753600223093,07:10:23.093,mexc,AERO/USDT:USDT,0.8996,34,0.8995,138,0.8997,26,0.8998,26
1753600223382,07:10:23.382,mexc,AERO/USDT:USDT,0.8996,34,0.8995,138,0.8997,26,0.8998,26
1753600223593,07:10:23.593,mexc,AERO/USDT:USDT,0.8996,34,0.8995,115,0.8997,26,0.8998,26
1753600223882,07:10:23.882,mexc,AERO/USDT:USDT,0.8996,34,0.8995,115,0.8997,26,0.8998,26
1753600224094,07:10:24.094,mexc,AERO/USDT:USDT,0.8996,34,0.8995,115,0.8997,26,0.8998,26
1753600224383,07:10:24.383,mexc,AERO/USDT:USDT,0.8997,30,0.8996,33,0.8998,402,0.8999,111
1753600224786,07:10:24.786,mexc,AERO/USDT:USDT,0.8997,30,0.8996,37,0.8998,402,0.8999,78
1753600224881,07:10:24.881,mexc,AERO/USDT:USDT,0.8997,30,0.8996,37,0.8998,402,0.8999,78
1753600225098,07:10:25.098,mexc,AERO/USDT:USDT,0.8997,30,0.8996,33,0.8998,402,0.8999,78
1753600225384,07:10:25.384,mexc,AERO/USDT:USDT,0.8997,30,0.8996,33,0.8998,402,0.8999,78
1753600225597,07:10:25.597,mexc,AERO/USDT:USDT,0.8997,30,0.8996,43,0.8998,402,0.8999,78
1753600225882,07:10:25.882,mexc,AERO/USDT:USDT,0.8997,30,0.8996,43,0.8998,402,0.8999,78
1753600226097,07:10:26.097,mexc,AERO/USDT:USDT,0.8997,30,0.8996,45,0.8998,402,0.8999,78
1753600226382,07:10:26.382,mexc,AERO/USDT:USDT,0.8997,30,0.8996,45,0.8998,402,0.8999,97
1753600226597,07:10:26.597,mexc,AERO/USDT:USDT,0.8997,30,0.8996,33,0.8998,402,0.8999,97
1753600226882,07:10:26.882,mexc,AERO/USDT:USDT,0.8997,30,0.8996,33,0.8998,402,0.8999,109
1753600227097,07:10:27.097,mexc,AERO/USDT:USDT,0.8997,30,0.8996,33,0.8998,402,0.8999,109
1753600227384,07:10:27.384,mexc,AERO/USDT:USDT,0.8997,30,0.8996,33,0.8998,402,0.8999,78
1753600227598,07:10:27.598,mexc,AERO/USDT:USDT,0.8997,30,0.8996,49,0.8998,402,0.8999,78
1753600227886,07:10:27.886,mexc,AERO/USDT:USDT,0.8997,30,0.8996,49,0.8998,402,0.8999,101
1753600228098,07:10:28.098,mexc,AERO/USDT:USDT,0.8997,30,0.8996,43,0.8998,402,0.8999,101
1753600228386,07:10:28.386,mexc,AERO/USDT:USDT,0.8997,30,0.8996,43,0.8998,402,0.8999,78
1753600228598,07:10:28.598,mexc,AERO/USDT:USDT,0.8997,30,0.8996,33,0.8998,402,0.8999,78
1753600228884,07:10:28.884,mexc,AERO/USDT:USDT,0.8997,30,0.8996,33,0.8998,402,0.8999,78
1753600229097,07:10:29.097,mexc,AERO/USDT:USDT,0.8997,30,0.8996,44,0.8998,402,0.8999,78
1753600229385,07:10:29.385,mexc,AERO/USDT:USDT,0.8997,30,0.8996,44,0.8998,402,0.8999,112
1753600229598,07:10:29.598,mexc,AERO/USDT:USDT,0.8997,30,0.8996,37,0.8998,402,0.8999,112
1753600229885,07:10:29.885,mexc,AERO/USDT:USDT,0.8997,30,0.8996,37,0.8998,402,0.8999,116
1753600230098,07:10:30.098,mexc,AERO/USDT:USDT,0.8997,30,0.8996,33,0.8998,402,0.8999,116
1753600230385,07:10:30.385,mexc,AERO/USDT:USDT,0.8996,66,0.8995,59,0.8998,136,0.8999,214
1753600230798,07:10:30.798,mexc,AERO/USDT:USDT,0.8996,66,0.8995,59,0.8998,136,0.8999,177
1753600230885,07:10:30.885,mexc,AERO/USDT:USDT,0.8996,66,0.8995,59,0.8998,136,0.8999,177
1753600231099,07:10:31.099,mexc,AERO/USDT:USDT,0.8996,66,0.8995,59,0.8998,136,0.8999,177
1753600231385,07:10:31.385,mexc,AERO/USDT:USDT,0.8996,66,0.8995,59,0.8998,136,0.8999,264
1753600231598,07:10:31.598,mexc,AERO/USDT:USDT,0.8996,66,0.8995,59,0.8998,136,0.8999,264
1753600231886,07:10:31.886,mexc,AERO/USDT:USDT,0.8996,66,0.8995,59,0.8998,136,0.8999,177
1753600232098,07:10:32.098,mexc,AERO/USDT:USDT,0.8996,66,0.8995,59,0.8998,136,0.8999,177
1753600232386,07:10:32.386,mexc,AERO/USDT:USDT,0.8996,66,0.8995,59,0.8998,136,0.8999,177
1753600232598,07:10:32.598,mexc,AERO/USDT:USDT,0.8996,66,0.8995,59,0.8998,136,0.8999,177
1753600232887,07:10:32.887,mexc,AERO/USDT:USDT,0.8996,66,0.8995,59,0.8998,136,0.8999,177
1753600233099,07:10:33.099,mexc,AERO/USDT:USDT,0.8996,66,0.8995,72,0.8998,136,0.8999,177
1753600233389,07:10:33.389,mexc,AERO/USDT:USDT,0.8996,66,0.8995,72,0.8998,136,0.8999,177
1753600233599,07:10:33.599,mexc,AERO/USDT:USDT,0.8996,66,0.8995,59,0.8998,136,0.8999,177
1753600233888,07:10:33.888,mexc,AERO/USDT:USDT,0.8996,66,0.8995,59,0.8998,136,0.8999,211
1753600234099,07:10:34.099,mexc,AERO/USDT:USDT,0.8996,66,0.8995,74,0.8998,136,0.8999,211
1753600234389,07:10:34.389,mexc,AERO/USDT:USDT,0.8996,66,0.8995,74,0.8998,136,0.8999,236
1753600234599,07:10:34.599,mexc,AERO/USDT:USDT,0.8996,66,0.8995,71,0.8998,136,0.8999,236
1753600234888,07:10:34.888,mexc,AERO/USDT:USDT,0.8996,66,0.8995,71,0.8998,136,0.8999,177
1753600235101,07:10:35.101,mexc,AERO/USDT:USDT,0.8996,66,0.8995,73,0.8998,136,0.8999,177
1753600235390,07:10:35.390,mexc,AERO/USDT:USDT,0.8996,66,0.8995,73,0.8998,136,0.8999,177
1753600235601,07:10:35.601,mexc,AERO/USDT:USDT,0.8996,66,0.8995,105,0.8998,136,0.8999,177
1753600235888,07:10:35.888,mexc,AERO/USDT:USDT,0.8996,66,0.8995,105,0.8998,136,0.8999,177
1753600236100,07:10:36.100,mexc,AERO/USDT:USDT,0.8996,66,0.8995,75,0.8998,136,0.8999,177
1753600236389,07:10:36.389,mexc,AERO/USDT:USDT,0.9,32,0.8999,180,0.9001,25,0.9002,36
1753600236793,07:10:36.793,mexc,AERO/USDT:USDT,0.9,32,0.8999,180,0.9001,25,0.9002,30
1753600236889,07:10:36.889,mexc,AERO/USDT:USDT,0.9,32,0.8999,180,0.9001,25,0.9002,30
1753600237100,07:10:37.100,mexc,AERO/USDT:USDT,0.9,32,0.8999,180,0.9001,25,0.9002,30
1753600237390,07:10:37.390,mexc,AERO/USDT:USDT,0.9,32,0.8999,180,0.9001,25,0.9002,30
1753600237599,07:10:37.599,mexc,AERO/USDT:USDT,0.9,32,0.8999,234,0.9001,25,0.9002,30
1753600237892,07:10:37.892,mexc,AERO/USDT:USDT,0.9,32,0.8999,234,0.9001,25,0.9002,30
1753600238166,07:10:38.166,mexc,AERO/USDT:USDT,0.9,32,0.8999,180,0.9001,25,0.9002,30
1753600238391,07:10:38.391,mexc,AERO/USDT:USDT,0.9,32,0.8999,180,0.9001,25,0.9002,41
1753600238599,07:10:38.599,mexc,AERO/USDT:USDT,0.9,32,0.8999,180,0.9001,25,0.9002,41
1753600238891,07:10:38.891,mexc,AERO/USDT:USDT,0.9,32,0.8999,180,0.9001,25,0.9002,30
1753600239101,07:10:39.101,mexc,AERO/USDT:USDT,0.9,32,0.8999,180,0.9001,25,0.9002,30
1753600239397,07:10:39.397,mexc,AERO/USDT:USDT,0.9,32,0.8999,180,0.9001,25,0.9002,35
1753600239601,07:10:39.601,mexc,AERO/USDT:USDT,0.9,32,0.8999,180,0.9001,25,0.9002,35
1753600239893,07:10:39.893,mexc,AERO/USDT:USDT,0.9,32,0.8999,180,0.9001,25,0.9002,30
1753600240101,07:10:40.101,mexc,AERO/USDT:USDT,0.9,32,0.8999,180,0.9001,25,0.9002,30
1753600240394,07:10:40.394,mexc,AERO/USDT:USDT,0.9,32,0.8999,180,0.9001,25,0.9002,30
1753600240600,07:10:40.600,mexc,AERO/USDT:USDT,0.9,32,0.8999,260,0.9001,25,0.9002,30
1753600240892,07:10:40.892,mexc,AERO/USDT:USDT,0.9,32,0.8999,260,0.9001,25,0.9002,36
1753600241101,07:10:41.101,mexc,AERO/USDT:USDT,0.9,32,0.8999,202,0.9001,25,0.9002,36
1753600241395,07:10:41.395,mexc,AERO/USDT:USDT,0.9,32,0.8999,202,0.9001,25,0.9002,30
1753600241603,07:10:41.603,mexc,AERO/USDT:USDT,0.9,32,0.8999,213,0.9001,25,0.9002,30
1753600241893,07:10:41.893,mexc,AERO/USDT:USDT,0.9,32,0.8999,213,0.9001,25,0.9002,30
1753600242103,07:10:42.103,mexc,AERO/USDT:USDT,0.9,32,0.8999,236,0.9001,25,0.9002,30
1753600242404,07:10:42.404,mexc,AERO/USDT:USDT,0.8998,23,0.8997,23,0.9,125,0.9001,196
1753600242602,07:10:42.602,mexc,AERO/USDT:USDT,0.8998,23,0.8997,23,0.9,125,0.9001,196
1753600242808,07:10:42.808,mexc,AERO/USDT:USDT,0.8998,23,0.8997,23,0.9,125,0.9001,177
1753600243005,07:10:43.005,mexc,AERO/USDT:USDT,0.8998,23,0.8997,23,0.9,125,0.9001,257
1753600243113,07:10:43.113,mexc,AERO/USDT:USDT,0.8998,23,0.8997,26,0.9,125,0.9001,257
1753600243506,07:10:43.506,mexc,AERO/USDT:USDT,0.8998,23,0.8997,26,0.9,125,0.9001,177
1753600243604,07:10:43.604,mexc,AERO/USDT:USDT,0.8998,23,0.8997,25,0.9,125,0.9001,177
1753600243895,07:10:43.895,mexc,AERO/USDT:USDT,0.8998,23,0.8997,25,0.9,125,0.9001,288
1753600244167,07:10:44.167,mexc,AERO/USDT:USDT,0.8998,23,0.8997,23,0.9,125,0.9001,288
1753600244396,07:10:44.396,mexc,AERO/USDT:USDT,0.8998,23,0.8997,23,0.9,125,0.9001,177
1753600244603,07:10:44.603,mexc,AERO/USDT:USDT,0.8998,23,0.8997,23,0.9,125,0.9001,177
1753600244895,07:10:44.895,mexc,AERO/USDT:USDT,0.8998,23,0.8997,23,0.9,125,0.9001,204
1753600245106,07:10:45.106,mexc,AERO/USDT:USDT,0.8998,23,0.8997,23,0.9,125,0.9001,204
1753600245400,07:10:45.400,mexc,AERO/USDT:USDT,0.8998,23,0.8997,23,0.9,125,0.9001,177
1753600245604,07:10:45.604,mexc,AERO/USDT:USDT,0.8998,23,0.8997,31,0.9,125,0.9001,177
1753600245899,07:10:45.899,mexc,AERO/USDT:USDT,0.8998,23,0.8997,31,0.9,125,0.9001,177
1753600246104,07:10:46.104,mexc,AERO/USDT:USDT,0.8998,23,0.8997,23,0.9,125,0.9001,177
1753600246396,07:10:46.396,mexc,AERO/USDT:USDT,0.8998,23,0.8997,23,0.9,125,0.9001,246
1753600246604,07:10:46.604,mexc,AERO/USDT:USDT,0.8998,23,0.8997,23,0.9,125,0.9001,246
1753600246897,07:10:46.897,mexc,AERO/USDT:USDT,0.8998,23,0.8997,23,0.9,125,0.9001,177
1753600247105,07:10:47.105,mexc,AERO/USDT:USDT,0.8998,23,0.8997,23,0.9,125,0.9001,177
1753600247397,07:10:47.397,mexc,AERO/USDT:USDT,0.8998,23,0.8997,23,0.9,125,0.9001,241
1753600247604,07:10:47.604,mexc,AERO/USDT:USDT,0.8998,23,0.8997,30,0.9,125,0.9001,241
1753600247897,07:10:47.897,mexc,AERO/USDT:USDT,0.8998,23,0.8997,30,0.9,125,0.9001,225
1753600248103,07:10:48.103,mexc,AERO/USDT:USDT,0.8998,23,0.8997,23,0.9,125,0.9001,225
1753600248397,07:10:48.397,mexc,AERO/USDT:USDT,0.8998,37,0.8997,34,0.8999,111,0.9,157
1753600248800,07:10:48.800,mexc,AERO/USDT:USDT,0.8998,37,0.8997,34,0.8999,111,0.9,157
1753600248896,07:10:48.896,mexc,AERO/USDT:USDT,0.8998,37,0.8997,34,0.8999,111,0.9,157
1753600249117,07:10:49.117,mexc,AERO/USDT:USDT,0.8998,37,0.8997,34,0.8999,111,0.9,157
1753600249398,07:10:49.398,mexc,AERO/USDT:USDT,0.8998,37,0.8997,34,0.8999,111,0.9,223
1753600249605,07:10:49.605,mexc,AERO/USDT:USDT,0.8998,37,0.8997,42,0.8999,111,0.9,223
1753600249899,07:10:49.899,mexc,AERO/USDT:USDT,0.8998,37,0.8997,42,0.8999,111,0.9,157
1753600250174,07:10:50.174,mexc,AERO/USDT:USDT,0.8998,37,0.8997,34,0.8999,111,0.9,157
1753600250397,07:10:50.397,mexc,AERO/USDT:USDT,0.8998,37,0.8997,34,0.8999,111,0.9,157
1753600250606,07:10:50.606,mexc,AERO/USDT:USDT,0.8998,37,0.8997,41,0.8999,111,0.9,157
1753600250898,07:10:50.898,mexc,AERO/USDT:USDT,0.8998,37,0.8997,41,0.8999,111,0.9,157
1753600251105,07:10:51.105,mexc,AERO/USDT:USDT,0.8998,37,0.8997,34,0.8999,111,0.9,157
1753600251406,07:10:51.406,mexc,AERO/USDT:USDT,0.8998,37,0.8997,34,0.8999,111,0.9,157
1753600251605,07:10:51.605,mexc,AERO/USDT:USDT,0.8998,37,0.8997,34,0.8999,111,0.9,157
1753600251897,07:10:51.897,mexc,AERO/USDT:USDT,0.8998,37,0.8997,34,0.8999,111,0.9,157
1753600252106,07:10:52.106,mexc,AERO/USDT:USDT,0.8998,37,0.8997,34,0.8999,111,0.9,157
1753600252399,07:10:52.399,mexc,AERO/USDT:USDT,0.8998,37,0.8997,34,0.8999,111,0.9,157
1753600252605,07:10:52.605,mexc,AERO/USDT:USDT,0.8998,37,0.8997,34,0.8999,111,0.9,157
1753600252899,07:10:52.899,mexc,AERO/USDT:USDT,0.8998,37,0.8997,34,0.8999,111,0.9,211
1753600253105,07:10:53.105,mexc,AERO/USDT:USDT,0.8998,37,0.8997,46,0.8999,111,0.9,211
1753600253399,07:10:53.399,mexc,AERO/USDT:USDT,0.8998,37,0.8997,46,0.8999,111,0.9,300
1753600253605,07:10:53.605,mexc,AERO/USDT:USDT,0.8998,37,0.8997,39,0.8999,111,0.9,300
1753600253900,07:10:53.900,mexc,AERO/USDT:USDT,0.8998,37,0.8997,39,0.8999,111,0.9,157
1753600254106,07:10:54.106,mexc,AERO/USDT:USDT,0.8998,37,0.8997,45,0.8999,111,0.9,157
1753600254401,07:10:54.401,mexc,AERO/USDT:USDT,0.8999,29,0.8998,29,0.9,26,0.9001,140
1753600254605,07:10:54.605,mexc,AERO/USDT:USDT,0.8999,29,0.8998,29,0.9,26,0.9001,140
1753600254900,07:10:54.900,mexc,AERO/USDT:USDT,0.8999,29,0.8998,29,0.9,26,0.9001,176
1753600255124,07:10:55.124,mexc,AERO/USDT:USDT,0.8999,29,0.8998,29,0.9,26,0.9001,176
1753600255402,07:10:55.402,mexc,AERO/USDT:USDT,0.8999,29,0.8998,29,0.9,26,0.9001,140
1753600255607,07:10:55.607,mexc,AERO/USDT:USDT,0.8999,29,0.8998,29,0.9,26,0.9001,140
1753600255902,07:10:55.902,mexc,AERO/USDT:USDT,0.8999,29,0.8998,29,0.9,26,0.9001,185
1753600256179,07:10:56.179,mexc,AERO/USDT:USDT,0.8999,29,0.8998,37,0.9,26,0.9001,185
1753600256401,07:10:56.401,mexc,AERO/USDT:USDT,0.8999,29,0.8998,37,0.9,26,0.9001,259
1753600256607,07:10:56.607,mexc,AERO/USDT:USDT,0.8999,29,0.8998,38,0.9,26,0.9001,259
1753600256900,07:10:56.900,mexc,AERO/USDT:USDT,0.8999,29,0.8998,38,0.9,26,0.9001,140
1753600257107,07:10:57.107,mexc,AERO/USDT:USDT,0.8999,29,0.8998,29,0.9,26,0.9001,140
1753600257410,07:10:57.410,mexc,AERO/USDT:USDT,0.8999,29,0.8998,29,0.9,26,0.9001,205
1753600257607,07:10:57.607,mexc,AERO/USDT:USDT,0.8999,29,0.8998,50,0.9,26,0.9001,205
1753600257900,07:10:57.900,mexc,AERO/USDT:USDT,0.8999,29,0.8998,50,0.9,26,0.9001,160
1753600258011,07:10:58.011,mexc,AERO/USDT:USDT,0.8999,29,0.8998,29,0.9,26,0.9001,160
1753600258303,07:10:58.303,mexc,AERO/USDT:USDT,0.8999,29,0.8998,41,0.9,26,0.9001,140
1753600258401,07:10:58.401,mexc,AERO/USDT:USDT,0.8999,29,0.8998,41,0.9,26,0.9001,176
1753600258608,07:10:58.608,mexc,AERO/USDT:USDT,0.8999,29,0.8998,29,0.9,26,0.9001,176
1753600258901,07:10:58.901,mexc,AERO/USDT:USDT,0.8999,29,0.8998,29,0.9,26,0.9001,140
1753600259107,07:10:59.107,mexc,AERO/USDT:USDT,0.8999,29,0.8998,40,0.9,26,0.9001,140
1753600259404,07:10:59.404,mexc,AERO/USDT:USDT,0.8999,29,0.8998,40,0.9,26,0.9001,140
1753600259608,07:10:59.608,mexc,AERO/USDT:USDT,0.8999,29,0.8998,29,0.9,26,0.9001,140
1753600259902,07:10:59.902,mexc,AERO/USDT:USDT,0.8999,29,0.8998,29,0.9,26,0.9001,166
1753600260108,07:11:00.108,mexc,AERO/USDT:USDT,0.8999,29,0.8998,29,0.9,26,0.9001,166
1753600260402,07:11:00.402,mexc,AERO/USDT:USDT,0.9002,37,0.9001,102,0.9003,29,0.9004,40
1753600260607,07:11:00.607,mexc,AERO/USDT:USDT,0.9002,37,0.9001,102,0.9003,29,0.9004,40
1753600260902,07:11:00.902,mexc,AERO/USDT:USDT,0.9002,37,0.9001,102,0.9003,29,0.9004,35
1753600261123,07:11:01.123,mexc,AERO/USDT:USDT,0.9002,37,0.9001,124,0.9003,29,0.9004,35
1753600261405,07:11:01.405,mexc,AERO/USDT:USDT,0.9002,37,0.9001,124,0.9003,29,0.9004,35
1753600261608,07:11:01.608,mexc,AERO/USDT:USDT,0.9002,37,0.9001,102,0.9003,29,0.9004,35
1753600261902,07:11:01.902,mexc,AERO/USDT:USDT,0.9002,37,0.9001,102,0.9003,29,0.9004,52
1753600262179,07:11:02.179,mexc,AERO/USDT:USDT,0.9002,37,0.9001,137,0.9003,29,0.9004,52
1753600262404,07:11:02.404,mexc,AERO/USDT:USDT,0.9002,37,0.9001,137,0.9003,29,0.9004,35
1753600262610,07:11:02.610,mexc,AERO/USDT:USDT,0.9002,37,0.9001,127,0.9003,29,0.9004,35
1753600262902,07:11:02.902,mexc,AERO/USDT:USDT,0.9002,37,0.9001,127,0.9003,29,0.9004,51
1753600263110,07:11:03.110,mexc,AERO/USDT:USDT,0.9002,37,0.9001,102,0.9003,29,0.9004,51
1753600263413,07:11:03.413,mexc,AERO/USDT:USDT,0.9002,37,0.9001,102,0.9003,29,0.9004,35
1753600263610,07:11:03.610,mexc,AERO/USDT:USDT,0.9002,37,0.9001,102,0.9003,29,0.9004,46
1753600263904,07:11:03.904,mexc,AERO/USDT:USDT,0.9002,37,0.9001,102,0.9003,29,0.9004,46
1753600264014,07:11:04.014,mexc,AERO/USDT:USDT,0.9002,37,0.9001,102,0.9003,29,0.9004,46
1753600264307,07:11:04.307,mexc,AERO/USDT:USDT,0.9002,37,0.9001,102,0.9003,29,0.9004,35
1753600264407,07:11:04.407,mexc,AERO/USDT:USDT,0.9002,37,0.9001,102,0.9003,29,0.9004,35
1753600264611,07:11:04.611,mexc,AERO/USDT:USDT,0.9002,37,0.9001,102,0.9003,29,0.9004,35
1753600264904,07:11:04.904,mexc,AERO/USDT:USDT,0.9002,37,0.9001,102,0.9003,29,0.9004,35
1753600265113,07:11:05.113,mexc,AERO/USDT:USDT,0.9002,37,0.9001,120,0.9003,29,0.9004,35
1753600265406,07:11:05.406,mexc,AERO/USDT:USDT,0.9002,37,0.9001,120,0.9003,29,0.9004,40
1753600265613,07:11:05.613,mexc,AERO/USDT:USDT,0.9002,37,0.9001,125,0.9003,29,0.9004,40
1753600265908,07:11:05.908,mexc,AERO/USDT:USDT,0.9002,37,0.9001,125,0.9003,29,0.9004,35
1753600266115,07:11:06.115,mexc,AERO/USDT:USDT,0.9002,37,0.9001,102,0.9003,29,0.9004,35
1753600266404,07:11:06.404,mexc,AERO/USDT:USDT,0.9002,38,0.9001,103,0.9003,25,0.9004,38
1753600266808,07:11:06.808,mexc,AERO/USDT:USDT,0.9002,38,0.9001,103,0.9003,25,0.9004,38
1753600266905,07:11:06.905,mexc,AERO/USDT:USDT,0.9002,38,0.9001,103,0.9003,25,0.9004,38
1753600267126,07:11:07.126,mexc,AERO/USDT:USDT,0.9002,38,0.9001,103,0.9003,25,0.9004,38
1753600267408,07:11:07.408,mexc,AERO/USDT:USDT,0.9002,38,0.9001,103,0.9003,25,0.9004,38
1753600267614,07:11:07.614,mexc,AERO/USDT:USDT,0.9002,38,0.9001,103,0.9003,25,0.9004,38
1753600267906,07:11:07.906,mexc,AERO/USDT:USDT,0.9002,38,0.9001,103,0.9003,25,0.9004,38
1753600268182,07:11:08.182,mexc,AERO/USDT:USDT,0.9002,38,0.9001,103,0.9003,25,0.9004,38
1753600268406,07:11:08.406,mexc,AERO/USDT:USDT,0.9002,38,0.9001,103,0.9003,25,0.9004,56
1753600268615,07:11:08.615,mexc,AERO/USDT:USDT,0.9002,38,0.9001,142,0.9003,25,0.9004,56
1753600268910,07:11:08.910,mexc,AERO/USDT:USDT,0.9002,38,0.9001,142,0.9003,25,0.9004,38
1753600269116,07:11:09.116,mexc,AERO/USDT:USDT,0.9002,38,0.9001,103,0.9003,25,0.9004,38
1753600269423,07:11:09.423,mexc,AERO/USDT:USDT,0.9002,38,0.9001,103,0.9003,25,0.9004,46
1753600269615,07:11:09.615,mexc,AERO/USDT:USDT,0.9002,38,0.9001,103,0.9003,25,0.9004,46
1753600269907,07:11:09.907,mexc,AERO/USDT:USDT,0.9002,38,0.9001,103,0.9003,25,0.9004,38
1753600270019,07:11:10.019,mexc,AERO/USDT:USDT,0.9002,38,0.9001,103,0.9003,25,0.9004,38
1753600270309,07:11:10.309,mexc,AERO/USDT:USDT,0.9002,38,0.9001,135,0.9003,25,0.9004,38
1753600270408,07:11:10.408,mexc,AERO/USDT:USDT,0.9002,38,0.9001,135,0.9003,25,0.9004,38
