timestamp,time,exchange,symbol,bid1_price,bid1_volume,bid2_price,bid2_volume,ask1_price,ask1_volume,ask2_price,ask2_volume
1753599989000,07:06:29.000,gateio,ACH/USDT:USDT,0.0232,20.0,0.02319,274.0,0.02321,725.0,0.02322,337.0
1753599989616,07:06:29.616,gateio,ACH/USDT:USDT,0.0232,20.0,0.02319,216.0,0.02321,725.0,0.02322,2269.0
1753599989916,07:06:29.916,gateio,ACH/USDT:USDT,0.0232,20.0,0.02319,216.0,0.02321,725.0,0.02322,2269.0
1753599990293,07:06:30.293,gateio,ACH/USDT:USDT,0.0232,20.0,0.02319,216.0,0.02321,725.0,0.02322,2269.0
1753599990316,07:06:30.316,gateio,ACH/USDT:USDT,0.0232,20.0,0.02319,274.0,0.02321,725.0,0.02322,2269.0
1753599990416,07:06:30.416,gateio,ACH/USDT:USDT,0.0232,20.0,0.02319,216.0,0.02321,725.0,0.02322,2269.0
1753599991047,07:06:31.047,gateio,ACH/USDT:USDT,0.0232,20.0,0.02319,216.0,0.02321,899.0,0.02322,2269.0
1753599991116,07:06:31.116,gateio,ACH/USDT:USDT,0.0232,20.0,0.02319,274.0,0.02321,899.0,0.02322,2269.0
1753599991216,07:06:31.216,gateio,ACH/USDT:USDT,0.0232,20.0,0.02319,216.0,0.02321,899.0,0.02322,2269.0
1753599992603,07:06:32.603,gateio,ACH/USDT:USDT,0.0232,20.0,0.02319,216.0,0.02321,725.0,0.02322,2269.0
1753599992616,07:06:32.616,gateio,ACH/USDT:USDT,0.0232,20.0,0.02319,274.0,0.02321,725.0,0.02322,3077.0
1753599992721,07:06:32.721,gateio,ACH/USDT:USDT,0.0232,20.0,0.02319,216.0,0.02321,725.0,0.02322,2269.0
1753599994136,07:06:34.136,gateio,ACH/USDT:USDT,0.0232,194.0,0.02319,216.0,0.02321,725.0,0.02322,2269.0
1753599994216,07:06:34.216,gateio,ACH/USDT:USDT,0.0232,194.0,0.02319,274.0,0.02321,725.0,0.02322,2269.0
1753599994316,07:06:34.316,gateio,ACH/USDT:USDT,0.0232,194.0,0.02319,216.0,0.02321,725.0,0.02322,2269.0
1753599994713,07:06:34.713,gateio,ACH/USDT:USDT,0.0232,194.0,0.02319,216.0,0.02321,725.0,0.02322,2269.0
1753599994816,07:06:34.816,gateio,ACH/USDT:USDT,0.0232,194.0,0.02319,274.0,0.02321,725.0,0.02322,2269.0
1753599994916,07:06:34.916,gateio,ACH/USDT:USDT,0.0232,194.0,0.02319,216.0,0.02321,725.0,0.02322,2269.0
1753599995416,07:06:35.416,gateio,ACH/USDT:USDT,0.0232,20.0,0.02319,216.0,0.02321,725.0,0.02322,2269.0
1753599995516,07:06:35.516,gateio,ACH/USDT:USDT,0.0232,20.0,0.02319,274.0,0.02321,725.0,0.02322,2269.0
1753599995615,07:06:35.615,gateio,ACH/USDT:USDT,0.0232,20.0,0.02319,216.0,0.02321,725.0,0.02322,2269.0
1753599996400,07:06:36.400,gateio,ACH/USDT:USDT,0.0232,20.0,0.02319,216.0,0.02321,725.0,0.02322,2269.0
1753599996417,07:06:36.417,gateio,ACH/USDT:USDT,0.0232,20.0,0.02319,274.0,0.02321,725.0,0.02322,2269.0
1753599996516,07:06:36.516,gateio,ACH/USDT:USDT,0.0232,20.0,0.02319,216.0,0.02321,725.0,0.02322,2269.0
1753599998821,07:06:38.821,gateio,ACH/USDT:USDT,0.0232,20.0,0.02319,216.0,0.02321,725.0,0.02322,2269.0
1753599998916,07:06:38.916,gateio,ACH/USDT:USDT,0.0232,20.0,0.02319,274.0,0.02321,725.0,0.02322,2269.0
1753599999109,07:06:39.109,gateio,ACH/USDT:USDT,0.0232,20.0,0.02319,216.0,0.02321,725.0,0.02322,2269.0
1753599999481,07:06:39.481,gateio,ACH/USDT:USDT,0.0232,20.0,0.02319,216.0,0.02321,725.0,0.02322,2269.0
1753599999516,07:06:39.516,gateio,ACH/USDT:USDT,0.0232,20.0,0.02319,274.0,0.02321,725.0,0.02322,2269.0
1753599999616,07:06:39.616,gateio,ACH/USDT:USDT,0.0232,20.0,0.02319,216.0,0.02321,725.0,0.02322,2269.0
1753600000385,07:06:40.385,gateio,ACH/USDT:USDT,0.0232,197.0,0.02319,216.0,0.02321,725.0,0.02322,337.0
1753600000476,07:06:40.476,gateio,ACH/USDT:USDT,0.0232,20.0,0.02319,216.0,0.02321,725.0,0.02322,337.0
1753600000528,07:06:40.528,gateio,ACH/USDT:USDT,0.0232,20.0,0.02319,216.0,0.02321,725.0,0.02322,337.0
1753600007286,07:06:47.286,gateio,ACH/USDT:USDT,0.0232,20.0,0.02319,43.0,0.02321,725.0,0.02322,337.0
1753600007320,07:06:47.320,gateio,ACH/USDT:USDT,0.0232,20.0,0.02319,101.0,0.02321,725.0,0.02322,2355.0
1753600007415,07:06:47.415,gateio,ACH/USDT:USDT,0.0232,20.0,0.02319,43.0,0.02321,725.0,0.02322,2355.0
1753600007538,07:06:47.538,gateio,ACH/USDT:USDT,0.0232,20.0,0.02319,43.0,0.02321,725.0,0.02322,2355.0
1753600007698,07:06:47.698,gateio,ACH/USDT:USDT,0.0232,20.0,0.02319,43.0,0.02321,725.0,0.02322,337.0
1753600007805,07:06:47.805,gateio,ACH/USDT:USDT,0.0232,20.0,0.02319,43.0,0.02321,725.0,0.02322,337.0
1753600007901,07:06:47.901,gateio,ACH/USDT:USDT,0.0232,20.0,0.02319,101.0,0.02321,725.0,0.02322,337.0
1753600007999,07:06:47.999,gateio,ACH/USDT:USDT,0.0232,20.0,0.02319,43.0,0.02321,725.0,0.02322,337.0
1753600009409,07:06:49.409,gateio,ACH/USDT:USDT,0.0232,20.0,0.02319,43.0,0.02321,725.0,0.02322,337.0
1753600009432,07:06:49.432,gateio,ACH/USDT:USDT,0.0232,20.0,0.02319,101.0,0.02321,725.0,0.02322,337.0
1753600009515,07:06:49.515,gateio,ACH/USDT:USDT,0.0232,20.0,0.02319,43.0,0.02321,725.0,0.02322,337.0
1753600011514,07:06:51.514,gateio,ACH/USDT:USDT,0.0232,20.0,0.02319,43.0,0.02321,725.0,0.02322,337.0
1753600011616,07:06:51.616,gateio,ACH/USDT:USDT,0.0232,20.0,0.02319,101.0,0.02321,725.0,0.02322,337.0
1753600011716,07:06:51.716,gateio,ACH/USDT:USDT,0.0232,20.0,0.02319,43.0,0.02321,725.0,0.02322,337.0
1753600012372,07:06:52.372,gateio,ACH/USDT:USDT,0.0232,20.0,0.02319,43.0,0.02321,725.0,0.02322,337.0
1753600012509,07:06:52.509,gateio,ACH/USDT:USDT,0.0232,196.0,0.02319,43.0,0.02321,725.0,0.02322,337.0
1753600012551,07:06:52.551,gateio,ACH/USDT:USDT,0.0232,196.0,0.02319,43.0,0.02321,725.0,0.02322,337.0
1753600012832,07:06:52.832,gateio,ACH/USDT:USDT,0.0232,196.0,0.02319,43.0,0.02321,725.0,0.02322,337.0
1753600012920,07:06:52.920,gateio,ACH/USDT:USDT,0.0232,196.0,0.02319,101.0,0.02321,725.0,0.02322,337.0
1753600013015,07:06:53.015,gateio,ACH/USDT:USDT,0.0232,196.0,0.02319,43.0,0.02321,725.0,0.02322,337.0
1753600015358,07:06:55.358,gateio,ACH/USDT:USDT,0.0232,20.0,0.02319,219.0,0.02321,725.0,0.02322,337.0
1753600015418,07:06:55.418,gateio,ACH/USDT:USDT,0.0232,20.0,0.02319,277.0,0.02321,725.0,0.02322,337.0
1753600015516,07:06:55.516,gateio,ACH/USDT:USDT,0.0232,20.0,0.02319,219.0,0.02321,725.0,0.02322,337.0
1753600016314,07:06:56.314,gateio,ACH/USDT:USDT,0.0232,20.0,0.02319,219.0,0.02321,725.0,0.02322,337.0
1753600016416,07:06:56.416,gateio,ACH/USDT:USDT,0.0232,20.0,0.02319,277.0,0.02321,725.0,0.02322,337.0
1753600016516,07:06:56.516,gateio,ACH/USDT:USDT,0.0232,20.0,0.02319,219.0,0.02321,725.0,0.02322,337.0
1753600019636,07:06:59.636,gateio,ACH/USDT:USDT,0.0232,200.0,0.02319,219.0,0.02321,725.0,0.02322,337.0
1753600019717,07:06:59.717,gateio,ACH/USDT:USDT,0.0232,200.0,0.02319,277.0,0.02321,725.0,0.02322,337.0
1753600019815,07:06:59.815,gateio,ACH/USDT:USDT,0.0232,200.0,0.02319,219.0,0.02321,725.0,0.02322,337.0
1753600021073,07:07:01.073,gateio,ACH/USDT:USDT,0.0232,200.0,0.02319,219.0,0.02321,43.0,0.02322,337.0
1753600021127,07:07:01.127,gateio,ACH/USDT:USDT,0.0232,200.0,0.02319,219.0,0.02321,43.0,0.02322,337.0
1753600021506,07:07:01.506,gateio,ACH/USDT:USDT,0.0232,200.0,0.02319,219.0,0.02321,43.0,0.02322,337.0
1753600021563,07:07:01.563,gateio,ACH/USDT:USDT,0.0232,20.0,0.02319,219.0,0.02321,223.0,0.02322,337.0
1753600021809,07:07:01.809,gateio,ACH/USDT:USDT,0.0232,20.0,0.02319,219.0,0.02321,223.0,0.02322,337.0
1753600021909,07:07:01.909,gateio,ACH/USDT:USDT,0.0232,20.0,0.02319,219.0,0.02321,223.0,0.02322,337.0
1753600023799,07:07:03.799,gateio,ACH/USDT:USDT,0.0232,20.0,0.02319,219.0,0.02321,11822.0,0.02322,2279.0
1753600025915,07:07:05.915,gateio,ACH/USDT:USDT,0.0232,20.0,0.02319,219.0,0.02321,11822.0,0.02322,2279.0
1753600026309,07:07:06.309,gateio,ACH/USDT:USDT,0.0232,20.0,0.02319,219.0,0.02321,11822.0,0.02322,2279.0
1753600028108,07:07:08.108,gateio,ACH/USDT:USDT,0.0232,20.0,0.02319,219.0,0.02321,11822.0,0.02322,2279.0
1753600028209,07:07:08.209,gateio,ACH/USDT:USDT,0.0232,20.0,0.02319,219.0,0.02321,11822.0,0.02322,2279.0
1753600028709,07:07:08.709,gateio,ACH/USDT:USDT,0.0232,20.0,0.02319,219.0,0.02321,11822.0,0.02322,2279.0
1753600030717,07:07:10.717,gateio,ACH/USDT:USDT,0.0232,20.0,0.02319,219.0,0.02321,11822.0,0.02322,2279.0
1753600031672,07:07:11.672,gateio,ACH/USDT:USDT,0.0232,20.0,0.02319,219.0,0.02321,12504.0,0.02322,2279.0
1753600031720,07:07:11.720,gateio,ACH/USDT:USDT,0.0232,20.0,0.02319,277.0,0.02321,12504.0,0.02322,2279.0
1753600031815,07:07:11.815,gateio,ACH/USDT:USDT,0.0232,20.0,0.02319,219.0,0.02321,12504.0,0.02322,2279.0
1753600032209,07:07:12.209,gateio,ACH/USDT:USDT,0.0232,20.0,0.02319,219.0,0.02321,12504.0,0.02322,2279.0
1753600032309,07:07:12.309,gateio,ACH/USDT:USDT,0.0232,20.0,0.02319,277.0,0.02321,12504.0,0.02322,337.0
1753600032319,07:07:12.319,gateio,ACH/USDT:USDT,0.0232,20.0,0.02319,219.0,0.02321,12504.0,0.02322,6626.0
1753600032801,07:07:12.801,gateio,ACH/USDT:USDT,0.0232,20.0,0.02319,219.0,0.02321,12504.0,0.02322,6626.0
1753600032816,07:07:12.816,gateio,ACH/USDT:USDT,0.0232,20.0,0.02319,277.0,0.02321,12504.0,0.02322,6626.0
1753600032915,07:07:12.915,gateio,ACH/USDT:USDT,0.0232,20.0,0.02319,219.0,0.02321,12504.0,0.02322,6626.0
1753600033609,07:07:13.609,gateio,ACH/USDT:USDT,0.0232,20.0,0.02319,219.0,0.02321,12504.0,0.02322,6626.0
1753600033708,07:07:13.708,gateio,ACH/USDT:USDT,0.02319,101.0,0.02318,984.0,0.0232,178.0,0.02321,905.0
1753600033796,07:07:13.796,gateio,ACH/USDT:USDT,0.02319,101.0,0.02318,984.0,0.0232,178.0,0.02321,905.0
1753600033812,07:07:13.812,gateio,ACH/USDT:USDT,0.02319,101.0,0.02318,984.0,0.0232,178.0,0.02321,905.0
1753600034088,07:07:14.088,gateio,ACH/USDT:USDT,0.02319,279.0,0.02318,984.0,0.02321,905.0,0.02322,6626.0
1753600034122,07:07:14.122,gateio,ACH/USDT:USDT,0.02319,236.0,0.02318,1042.0,0.02321,905.0,0.02322,6626.0
1753600034220,07:07:14.220,gateio,ACH/USDT:USDT,0.02319,236.0,0.02318,984.0,0.02321,905.0,0.02322,6626.0
1753600034417,07:07:14.417,gateio,ACH/USDT:USDT,0.02319,58.0,0.02318,984.0,0.0232,178.0,0.02321,905.0
1753600034519,07:07:14.519,gateio,ACH/USDT:USDT,0.02319,101.0,0.02318,984.0,0.0232,178.0,0.02321,905.0
1753600034629,07:07:14.629,gateio,ACH/USDT:USDT,0.02319,101.0,0.02318,984.0,0.0232,178.0,0.02321,905.0
1753600034716,07:07:14.716,gateio,ACH/USDT:USDT,0.02319,101.0,0.02318,1042.0,0.0232,178.0,0.02321,905.0
1753600034815,07:07:14.815,gateio,ACH/USDT:USDT,0.02319,101.0,0.02318,984.0,0.0232,178.0,0.02321,905.0
1753600035517,07:07:15.517,gateio,ACH/USDT:USDT,0.02319,101.0,0.02318,984.0,0.0232,178.0,0.02321,905.0
1753600035616,07:07:15.616,gateio,ACH/USDT:USDT,0.02319,101.0,0.02318,1042.0,0.0232,178.0,0.02321,905.0
1753600035715,07:07:15.715,gateio,ACH/USDT:USDT,0.02319,101.0,0.02318,984.0,0.0232,178.0,0.02321,905.0
1753600036732,07:07:16.732,gateio,ACH/USDT:USDT,0.02319,101.0,0.02318,984.0,0.0232,178.0,0.02321,905.0
1753600036816,07:07:16.816,gateio,ACH/USDT:USDT,0.02319,101.0,0.02318,1042.0,0.0232,178.0,0.02321,905.0
1753600036915,07:07:16.915,gateio,ACH/USDT:USDT,0.02319,101.0,0.02318,984.0,0.0232,178.0,0.02321,905.0
1753600037603,07:07:17.603,gateio,ACH/USDT:USDT,0.02319,101.0,0.02318,984.0,0.0232,178.0,0.02321,905.0
1753600037616,07:07:17.616,gateio,ACH/USDT:USDT,0.02319,101.0,0.02318,1042.0,0.0232,178.0,0.02321,905.0
1753600037716,07:07:17.716,gateio,ACH/USDT:USDT,0.02319,101.0,0.02318,984.0,0.0232,178.0,0.02321,905.0
1753600038318,07:07:18.318,gateio,ACH/USDT:USDT,0.02319,101.0,0.02318,984.0,0.0232,178.0,0.02321,905.0
1753600038417,07:07:18.417,gateio,ACH/USDT:USDT,0.02319,101.0,0.02318,1042.0,0.0232,178.0,0.02321,905.0
1753600038515,07:07:18.515,gateio,ACH/USDT:USDT,0.02319,101.0,0.02318,984.0,0.0232,178.0,0.02321,905.0
1753600039678,07:07:19.678,gateio,ACH/USDT:USDT,0.02319,101.0,0.02318,984.0,0.0232,178.0,0.02321,905.0
1753600039717,07:07:19.717,gateio,ACH/USDT:USDT,0.02319,101.0,0.02318,1042.0,0.0232,178.0,0.02321,905.0
1753600039815,07:07:19.815,gateio,ACH/USDT:USDT,0.02319,101.0,0.02318,984.0,0.0232,178.0,0.02321,905.0
1753600040332,07:07:20.332,gateio,ACH/USDT:USDT,0.02319,101.0,0.02318,984.0,0.0232,178.0,0.02321,905.0
1753600040416,07:07:20.416,gateio,ACH/USDT:USDT,0.02319,101.0,0.02318,1042.0,0.0232,178.0,0.02321,905.0
1753600040515,07:07:20.515,gateio,ACH/USDT:USDT,0.02319,101.0,0.02318,984.0,0.0232,178.0,0.02321,905.0
1753600042952,07:07:22.952,gateio,ACH/USDT:USDT,0.02319,101.0,0.02318,172.0,0.0232,178.0,0.02321,905.0
1753600043027,07:07:23.027,gateio,ACH/USDT:USDT,0.02319,101.0,0.02318,230.0,0.0232,178.0,0.02321,905.0
1753600043115,07:07:23.115,gateio,ACH/USDT:USDT,0.02319,101.0,0.02318,172.0,0.0232,178.0,0.02321,905.0
1753600043609,07:07:23.609,gateio,ACH/USDT:USDT,0.02319,101.0,0.02317,178.0,0.0232,178.0,0.02321,905.0
1753600043625,07:07:23.625,gateio,ACH/USDT:USDT,0.02319,58.0,0.02318,43.0,0.0232,178.0,0.02321,905.0
1753600043717,07:07:23.717,gateio,ACH/USDT:USDT,0.02319,58.0,0.02318,101.0,0.0232,178.0,0.02321,905.0
1753600043815,07:07:23.815,gateio,ACH/USDT:USDT,0.02319,58.0,0.02318,43.0,0.0232,178.0,0.02321,905.0
1753600043939,07:07:23.939,gateio,ACH/USDT:USDT,0.02319,58.0,0.02318,43.0,0.0232,178.0,0.02321,905.0
1753600045064,07:07:25.064,gateio,ACH/USDT:USDT,0.02319,58.0,0.02318,43.0,0.0232,178.0,0.02321,905.0
1753600045116,07:07:25.116,gateio,ACH/USDT:USDT,0.02319,58.0,0.02318,101.0,0.0232,178.0,0.02321,905.0
1753600045216,07:07:25.216,gateio,ACH/USDT:USDT,0.02319,58.0,0.02318,43.0,0.0232,178.0,0.02321,905.0
1753600046294,07:07:26.294,gateio,ACH/USDT:USDT,0.02319,58.0,0.02318,43.0,0.0232,178.0,0.02321,905.0
1753600046315,07:07:26.315,gateio,ACH/USDT:USDT,0.02319,58.0,0.02318,101.0,0.0232,178.0,0.02321,905.0
1753600046416,07:07:26.416,gateio,ACH/USDT:USDT,0.02319,58.0,0.02318,43.0,0.0232,178.0,0.02321,905.0
1753600049917,07:07:29.917,gateio,ACH/USDT:USDT,0.02319,58.0,0.02318,43.0,0.0232,178.0,0.02321,905.0
1753600050032,07:07:30.032,gateio,ACH/USDT:USDT,0.02319,58.0,0.02318,101.0,0.0232,178.0,0.02321,2890.0
1753600050141,07:07:30.141,gateio,ACH/USDT:USDT,0.02319,58.0,0.02318,43.0,0.0232,178.0,0.02321,2890.0
1753600054714,07:07:34.714,gateio,ACH/USDT:USDT,0.02319,58.0,0.02318,43.0,0.0232,178.0,0.02321,2890.0
1753600054820,07:07:34.820,gateio,ACH/USDT:USDT,0.02319,58.0,0.02318,101.0,0.0232,178.0,0.02321,2890.0
1753600054916,07:07:34.916,gateio,ACH/USDT:USDT,0.02319,58.0,0.02318,43.0,0.0232,178.0,0.02321,2890.0
1753600057285,07:07:37.285,gateio,ACH/USDT:USDT,0.02319,234.0,0.02318,43.0,0.02321,2890.0,0.02322,7399.0
1753600057396,07:07:37.396,gateio,ACH/USDT:USDT,0.02319,234.0,0.02317,178.0,0.02321,905.0,0.02322,1503.0
1753600057505,07:07:37.505,gateio,ACH/USDT:USDT,0.02319,234.0,0.02317,236.0,0.02321,905.0,0.02322,7792.0
1753600057515,07:07:37.515,gateio,ACH/USDT:USDT,0.02319,234.0,0.02317,178.0,0.02321,905.0,0.02322,7792.0
1753600057665,07:07:37.665,gateio,ACH/USDT:USDT,0.02319,234.0,0.02317,178.0,0.02321,905.0,0.02322,7792.0
1753600058080,07:07:38.080,gateio,ACH/USDT:USDT,0.02319,234.0,0.02317,178.0,0.02321,905.0,0.02322,7792.0
1753600058294,07:07:38.294,gateio,ACH/USDT:USDT,0.02319,58.0,0.02317,178.0,0.0232,173.0,0.02321,905.0
1753600058376,07:07:38.376,gateio,ACH/USDT:USDT,0.02319,58.0,0.02318,43.0,0.0232,173.0,0.02321,905.0
1753600058501,07:07:38.501,gateio,ACH/USDT:USDT,0.02319,58.0,0.02318,43.0,0.0232,173.0,0.02321,905.0
1753600058921,07:07:38.921,gateio,ACH/USDT:USDT,0.02319,58.0,0.02318,43.0,0.0232,173.0,0.02321,905.0
1753600059514,07:07:39.514,gateio,ACH/USDT:USDT,0.02319,58.0,0.02318,43.0,0.0232,173.0,0.02321,905.0
1753600061704,07:07:41.704,gateio,ACH/USDT:USDT,0.02319,58.0,0.02318,43.0,0.0232,173.0,0.02321,223.0
1753600064332,07:07:44.332,gateio,ACH/USDT:USDT,0.02319,58.0,0.02318,43.0,0.0232,173.0,0.02321,223.0
1753600069133,07:07:49.133,gateio,ACH/USDT:USDT,0.02319,58.0,0.02318,43.0,0.0232,173.0,0.02321,223.0
1753600069216,07:07:49.216,gateio,ACH/USDT:USDT,0.02319,58.0,0.02318,101.0,0.0232,173.0,0.02321,223.0
1753600069315,07:07:49.315,gateio,ACH/USDT:USDT,0.02319,58.0,0.02318,43.0,0.0232,173.0,0.02321,223.0
1753600071183,07:07:51.183,gateio,ACH/USDT:USDT,0.02319,58.0,0.02318,43.0,0.0232,173.0,0.02321,223.0
1753600071216,07:07:51.216,gateio,ACH/USDT:USDT,0.02319,58.0,0.02318,101.0,0.0232,173.0,0.02321,223.0
1753600071315,07:07:51.315,gateio,ACH/USDT:USDT,0.02319,58.0,0.02318,43.0,0.0232,173.0,0.02321,223.0
1753600072452,07:07:52.452,gateio,ACH/USDT:USDT,0.02319,58.0,0.02318,43.0,0.0232,173.0,0.02321,223.0
1753600072516,07:07:52.516,gateio,ACH/USDT:USDT,0.02319,58.0,0.02318,101.0,0.0232,173.0,0.02321,223.0
1753600072616,07:07:52.616,gateio,ACH/USDT:USDT,0.02319,58.0,0.02318,43.0,0.0232,173.0,0.02321,223.0
1753600073915,07:07:53.915,gateio,ACH/USDT:USDT,0.02319,58.0,0.02318,43.0,0.0232,173.0,0.02321,223.0
1753600074017,07:07:54.017,gateio,ACH/USDT:USDT,0.02319,58.0,0.02318,101.0,0.0232,173.0,0.02321,223.0
1753600074117,07:07:54.117,gateio,ACH/USDT:USDT,0.02319,58.0,0.02318,43.0,0.0232,173.0,0.02321,223.0
1753600076712,07:07:56.712,gateio,ACH/USDT:USDT,0.02319,58.0,0.02318,43.0,0.0232,173.0,0.02321,223.0
1753600076901,07:07:56.901,gateio,ACH/USDT:USDT,0.02319,58.0,0.02318,101.0,0.0232,173.0,0.02321,223.0
1753600077007,07:07:57.007,gateio,ACH/USDT:USDT,0.02319,58.0,0.02318,43.0,0.0232,173.0,0.02321,2635.0
1753600077017,07:07:57.017,gateio,ACH/USDT:USDT,0.02319,58.0,0.02318,43.0,0.0232,173.0,0.02321,2635.0
1753600077218,07:07:57.218,gateio,ACH/USDT:USDT,0.02319,58.0,0.02318,43.0,0.0232,11775.0,0.02321,2635.0
1753600077316,07:07:57.316,gateio,ACH/USDT:USDT,0.02319,58.0,0.02318,101.0,0.0232,11775.0,0.02321,2635.0
1753600077416,07:07:57.416,gateio,ACH/USDT:USDT,0.02319,58.0,0.02318,43.0,0.0232,11775.0,0.02321,2635.0
1753600077708,07:07:57.708,gateio,ACH/USDT:USDT,0.02319,58.0,0.02318,43.0,0.0232,11775.0,0.02321,2635.0
1753600077711,07:07:57.711,gateio,ACH/USDT:USDT,0.02319,58.0,0.02318,43.0,0.0232,11775.0,0.02321,2635.0
1753600078715,07:07:58.715,gateio,ACH/USDT:USDT,0.02319,58.0,0.02318,43.0,0.0232,11775.0,0.02321,2635.0
1753600078841,07:07:58.841,gateio,ACH/USDT:USDT,0.02319,58.0,0.02318,101.0,0.0232,11775.0,0.02321,2635.0
1753600078916,07:07:58.916,gateio,ACH/USDT:USDT,0.02319,58.0,0.02318,43.0,0.0232,11775.0,0.02321,2635.0
1753600079051,07:07:59.051,gateio,ACH/USDT:USDT,0.02319,58.0,0.02318,43.0,0.0232,11775.0,0.02321,2635.0
1753600079713,07:07:59.713,gateio,ACH/USDT:USDT,0.02319,58.0,0.02318,43.0,0.0232,11775.0,0.02321,2635.0
1753600079817,07:07:59.817,gateio,ACH/USDT:USDT,0.02319,58.0,0.02318,101.0,0.0232,11775.0,0.02321,2635.0
1753600079915,07:07:59.915,gateio,ACH/USDT:USDT,0.02319,58.0,0.02318,43.0,0.0232,11775.0,0.02321,2635.0
1753600081469,07:08:01.469,gateio,ACH/USDT:USDT,0.02319,20.0,0.02318,43.0,0.0232,11775.0,0.02321,2635.0
1753600081516,07:08:01.516,gateio,ACH/USDT:USDT,0.02319,20.0,0.02318,101.0,0.0232,11775.0,0.02321,2635.0
1753600081615,07:08:01.615,gateio,ACH/USDT:USDT,0.02319,20.0,0.02318,43.0,0.0232,11775.0,0.02321,2635.0
1753600081909,07:08:01.909,gateio,ACH/USDT:USDT,0.02319,20.0,0.02318,43.0,0.0232,11775.0,0.02321,2635.0
1753600082003,07:08:02.003,gateio,ACH/USDT:USDT,0.02319,20.0,0.02318,43.0,0.0232,11775.0,0.02321,2635.0
1753600082011,07:08:02.011,gateio,ACH/USDT:USDT,0.02319,20.0,0.02318,43.0,0.0232,11775.0,0.02321,2635.0
1753600082116,07:08:02.116,gateio,ACH/USDT:USDT,0.02319,20.0,0.02318,101.0,0.0232,11775.0,0.02321,2635.0
1753600082304,07:08:02.304,gateio,ACH/USDT:USDT,0.02318,43.0,0.02317,178.0,0.02319,175.0,0.0232,18257.0
1753600082345,07:08:02.345,gateio,ACH/USDT:USDT,0.02318,43.0,0.02317,236.0,0.02319,175.0,0.0232,6459.0
1753600082417,07:08:02.417,gateio,ACH/USDT:USDT,0.02318,43.0,0.02317,178.0,0.02319,175.0,0.0232,8284.0
1753600082588,07:08:02.588,gateio,ACH/USDT:USDT,0.02318,43.0,0.02316,2930.0,0.02319,175.0,0.0232,8284.0
1753600082638,07:08:02.638,gateio,ACH/USDT:USDT,0.02318,20.0,0.02317,43.0,0.02319,175.0,0.0232,8284.0
1753600082735,07:08:02.735,gateio,ACH/USDT:USDT,0.02318,20.0,0.02317,43.0,0.02319,175.0,0.0232,8284.0
1753600082816,07:08:02.816,gateio,ACH/USDT:USDT,0.02318,20.0,0.02317,101.0,0.02319,175.0,0.0232,8284.0
1753600082919,07:08:02.919,gateio,ACH/USDT:USDT,0.02318,20.0,0.02317,43.0,0.02319,175.0,0.0232,8284.0
1753600083515,07:08:03.515,gateio,ACH/USDT:USDT,0.02318,20.0,0.02317,43.0,0.02319,175.0,0.0232,8284.0
1753600083617,07:08:03.617,gateio,ACH/USDT:USDT,0.02318,20.0,0.02317,101.0,0.02319,175.0,0.0232,8284.0
1753600083782,07:08:03.782,gateio,ACH/USDT:USDT,0.02318,20.0,0.02317,43.0,0.02319,175.0,0.0232,8284.0
1753600085335,07:08:05.335,gateio,ACH/USDT:USDT,0.02318,20.0,0.02317,43.0,0.02319,858.0,0.0232,8284.0
1753600085416,07:08:05.416,gateio,ACH/USDT:USDT,0.02318,20.0,0.02317,101.0,0.02319,858.0,0.0232,8284.0
1753600085515,07:08:05.515,gateio,ACH/USDT:USDT,0.02318,20.0,0.02317,43.0,0.02319,858.0,0.0232,8284.0
1753600088294,07:08:08.294,gateio,ACH/USDT:USDT,0.02318,199.0,0.02317,43.0,0.02319,683.0,0.0232,8284.0
1753600088359,07:08:08.359,gateio,ACH/USDT:USDT,0.02318,20.0,0.02317,222.0,0.02319,683.0,0.0232,8284.0
1753600089372,07:08:09.372,gateio,ACH/USDT:USDT,0.02318,20.0,0.02317,222.0,0.02319,683.0,0.0232,8284.0
1753600089416,07:08:09.416,gateio,ACH/USDT:USDT,0.02318,20.0,0.02317,280.0,0.02319,683.0,0.0232,8284.0
1753600089515,07:08:09.515,gateio,ACH/USDT:USDT,0.02318,20.0,0.02317,222.0,0.02319,683.0,0.0232,8284.0
1753600092670,07:08:12.670,gateio,ACH/USDT:USDT,0.02318,20.0,0.02317,43.0,0.02319,683.0,0.0232,8284.0
1753600092809,07:08:12.809,gateio,ACH/USDT:USDT,0.02318,20.0,0.02317,101.0,0.02319,683.0,0.0232,8284.0
1753600092815,07:08:12.815,gateio,ACH/USDT:USDT,0.02318,20.0,0.02317,43.0,0.02319,683.0,0.0232,8284.0
1753600093023,07:08:13.023,gateio,ACH/USDT:USDT,0.02318,20.0,0.02317,43.0,0.02319,683.0,0.0232,9487.0
1753600093115,07:08:13.115,gateio,ACH/USDT:USDT,0.02318,20.0,0.02317,43.0,0.02319,683.0,0.0232,9487.0
1753600093336,07:08:13.336,gateio,ACH/USDT:USDT,0.02318,20.0,0.02317,43.0,0.02319,683.0,0.0232,9487.0
1753600093430,07:08:13.430,gateio,ACH/USDT:USDT,0.02318,20.0,0.02317,101.0,0.02319,683.0,0.0232,9487.0
1753600093516,07:08:13.516,gateio,ACH/USDT:USDT,0.02318,20.0,0.02317,43.0,0.02319,683.0,0.0232,9487.0
1753600094056,07:08:14.056,gateio,ACH/USDT:USDT,0.02318,20.0,0.02317,222.0,0.02319,683.0,0.0232,9487.0
1753600094117,07:08:14.117,gateio,ACH/USDT:USDT,0.02318,20.0,0.02317,280.0,0.02319,683.0,0.0232,9487.0
1753600094215,07:08:14.215,gateio,ACH/USDT:USDT,0.02318,20.0,0.02317,222.0,0.02319,683.0,0.0232,9487.0
1753600095092,07:08:15.092,gateio,ACH/USDT:USDT,0.02318,20.0,0.02317,222.0,0.02319,683.0,0.0232,7662.0
1753600096105,07:08:16.105,gateio,ACH/USDT:USDT,0.02318,20.0,0.02317,222.0,0.02319,683.0,0.0232,7662.0
1753600096132,07:08:16.132,gateio,ACH/USDT:USDT,0.02318,20.0,0.02317,222.0,0.02319,683.0,0.0232,8457.0
1753600097135,07:08:17.135,gateio,ACH/USDT:USDT,0.02318,20.0,0.02317,222.0,0.02319,683.0,0.0232,8457.0
1753600097917,07:08:17.917,gateio,ACH/USDT:USDT,0.02318,20.0,0.02317,222.0,0.02319,683.0,0.0232,8457.0
1753600098406,07:08:18.406,gateio,ACH/USDT:USDT,0.02318,20.0,0.02317,222.0,0.02319,683.0,0.0232,7662.0
1753600098412,07:08:18.412,gateio,ACH/USDT:USDT,0.02318,20.0,0.02317,222.0,0.02319,683.0,0.0232,7662.0
1753600099072,07:08:19.072,gateio,ACH/USDT:USDT,0.02318,20.0,0.02317,222.0,0.02319,683.0,0.0232,8810.0
1753600102044,07:08:22.044,gateio,ACH/USDT:USDT,0.02318,20.0,0.02317,222.0,0.02319,1509.0,0.0232,8810.0
1753600102373,07:08:22.373,gateio,ACH/USDT:USDT,0.02318,20.0,0.02317,222.0,0.02319,1509.0,0.0232,8467.0
1753600102553,07:08:22.553,gateio,ACH/USDT:USDT,0.02318,20.0,0.02317,43.0,0.02319,1509.0,0.0232,8467.0
1753600102733,07:08:22.733,gateio,ACH/USDT:USDT,0.02318,20.0,0.02317,43.0,0.02319,1509.0,0.0232,8467.0
1753600102928,07:08:22.928,gateio,ACH/USDT:USDT,0.02318,20.0,0.02317,43.0,0.02319,1734.0,0.0232,8467.0
1753600103560,07:08:23.560,gateio,ACH/USDT:USDT,0.02318,20.0,0.02317,43.0,0.02319,1734.0,0.0232,8467.0
1753600104805,07:08:24.805,gateio,ACH/USDT:USDT,0.02318,20.0,0.02317,43.0,0.02319,1734.0,0.0232,7662.0
1753600104812,07:08:24.812,gateio,ACH/USDT:USDT,0.02318,20.0,0.02317,43.0,0.02319,1734.0,0.0232,7662.0
1753600105907,07:08:25.907,gateio,ACH/USDT:USDT,0.02318,20.0,0.02317,43.0,0.02319,683.0,0.0232,10086.0
1753600105916,07:08:25.916,gateio,ACH/USDT:USDT,0.02318,20.0,0.02317,101.0,0.02319,683.0,0.0232,10086.0
1753600106044,07:08:26.044,gateio,ACH/USDT:USDT,0.02318,20.0,0.02317,43.0,0.02319,683.0,0.0232,7662.0
1753600106133,07:08:26.133,gateio,ACH/USDT:USDT,0.02318,20.0,0.02317,43.0,0.02319,683.0,0.0232,7662.0
1753600107106,07:08:27.106,gateio,ACH/USDT:USDT,0.02318,20.0,0.02317,43.0,0.02319,683.0,0.0232,7662.0
1753600107132,07:08:27.132,gateio,ACH/USDT:USDT,0.02318,20.0,0.02317,101.0,0.02319,683.0,0.0232,9028.0
1753600107216,07:08:27.216,gateio,ACH/USDT:USDT,0.02318,20.0,0.02317,43.0,0.02319,683.0,0.0232,9028.0
1753600107516,07:08:27.516,gateio,ACH/USDT:USDT,0.02318,20.0,0.02317,43.0,0.02319,683.0,0.0232,9028.0
1753600107616,07:08:27.616,gateio,ACH/USDT:USDT,0.02318,20.0,0.02317,101.0,0.02319,683.0,0.0232,9028.0
1753600107715,07:08:27.715,gateio,ACH/USDT:USDT,0.02318,20.0,0.02317,43.0,0.02319,683.0,0.0232,9028.0
1753600110532,07:08:30.532,gateio,ACH/USDT:USDT,0.02318,20.0,0.02317,43.0,0.02319,683.0,0.0232,8464.0
1753600110616,07:08:30.616,gateio,ACH/USDT:USDT,0.02318,20.0,0.02317,101.0,0.02319,683.0,0.0232,8464.0
1753600110715,07:08:30.715,gateio,ACH/USDT:USDT,0.02318,20.0,0.02317,43.0,0.02319,683.0,0.0232,8464.0
1753600112318,07:08:32.318,gateio,ACH/USDT:USDT,0.02318,20.0,0.02317,43.0,0.02319,683.0,0.0232,8464.0
1753600112417,07:08:32.417,gateio,ACH/USDT:USDT,0.02318,20.0,0.02317,101.0,0.02319,683.0,0.0232,8464.0
1753600112572,07:08:32.572,gateio,ACH/USDT:USDT,0.02318,20.0,0.02317,43.0,0.02319,683.0,0.0232,7662.0
1753600113292,07:08:33.292,gateio,ACH/USDT:USDT,0.02318,20.0,0.02317,43.0,0.02319,683.0,0.0232,7662.0
1753600113408,07:08:33.408,gateio,ACH/USDT:USDT,0.02318,20.0,0.02317,101.0,0.02319,683.0,0.0232,7662.0
1753600113415,07:08:33.415,gateio,ACH/USDT:USDT,0.02318,20.0,0.02317,43.0,0.02319,683.0,0.0232,7662.0
1753600115394,07:08:35.394,gateio,ACH/USDT:USDT,0.02318,20.0,0.02317,43.0,0.02319,861.0,0.0232,9992.0
1753600115417,07:08:35.417,gateio,ACH/USDT:USDT,0.02318,20.0,0.02317,101.0,0.02319,861.0,0.0232,9992.0
1753600115516,07:08:35.516,gateio,ACH/USDT:USDT,0.02318,20.0,0.02317,43.0,0.02319,861.0,0.0232,9992.0
1753600117116,07:08:37.116,gateio,ACH/USDT:USDT,0.02318,20.0,0.02317,43.0,0.02319,861.0,0.0232,9992.0
1753600117220,07:08:37.220,gateio,ACH/USDT:USDT,0.02318,20.0,0.02317,101.0,0.02319,861.0,0.0232,9992.0
1753600117315,07:08:37.315,gateio,ACH/USDT:USDT,0.02318,20.0,0.02317,43.0,0.02319,861.0,0.0232,9992.0
1753600117772,07:08:37.772,gateio,ACH/USDT:USDT,0.02318,20.0,0.02317,43.0,0.02319,861.0,0.0232,9639.0
1753600117818,07:08:37.818,gateio,ACH/USDT:USDT,0.02318,20.0,0.02317,101.0,0.02319,861.0,0.0232,9639.0
1753600117915,07:08:37.915,gateio,ACH/USDT:USDT,0.02318,20.0,0.02317,43.0,0.02319,861.0,0.0232,9639.0
1753600120706,07:08:40.706,gateio,ACH/USDT:USDT,0.02318,198.0,0.02317,43.0,0.02319,861.0,0.0232,9951.0
1753600120798,07:08:40.798,gateio,ACH/USDT:USDT,0.02318,198.0,0.02317,43.0,0.02319,683.0,0.0232,9639.0
1753600120908,07:08:40.908,gateio,ACH/USDT:USDT,0.02318,198.0,0.02317,43.0,0.02319,683.0,0.0232,3353.0
1753600120958,07:08:40.958,gateio,ACH/USDT:USDT,0.02318,198.0,0.02317,43.0,0.0232,4035.0,0.02321,8958.0
1753600121086,07:08:41.086,gateio,ACH/USDT:USDT,0.02318,198.0,0.02316,2806.0,0.0232,3233.0,0.02321,6464.0
1753600121146,07:08:41.146,gateio,ACH/USDT:USDT,0.02318,198.0,0.02316,2806.0,0.0232,3233.0,0.02321,8631.0
1753600121803,07:08:41.803,gateio,ACH/USDT:USDT,0.02318,198.0,0.02316,2806.0,0.0232,2030.0,0.02321,8631.0
1753600121846,07:08:41.846,gateio,ACH/USDT:USDT,0.02318,198.0,0.02316,2864.0,0.0232,2030.0,0.02321,8631.0
1753600121945,07:08:41.945,gateio,ACH/USDT:USDT,0.02318,198.0,0.02316,2864.0,0.0232,2030.0,0.02321,6464.0
1753600122268,07:08:42.268,gateio,ACH/USDT:USDT,0.02318,198.0,0.02316,2864.0,0.0232,2030.0,0.02321,6464.0
1753600123403,07:08:43.403,gateio,ACH/USDT:USDT,0.02319,198.0,0.02318,198.0,0.0232,682.0,0.02321,6464.0
1753600123509,07:08:43.509,gateio,ACH/USDT:USDT,0.02319,241.0,0.02318,178.0,0.0232,725.0,0.02321,8585.0
1753600123939,07:08:43.939,gateio,ACH/USDT:USDT,0.02319,63.0,0.02318,178.0,0.0232,725.0,0.02321,8585.0
1753600124016,07:08:44.016,gateio,ACH/USDT:USDT,0.02319,63.0,0.02318,236.0,0.0232,725.0,0.02321,8585.0
1753600124118,07:08:44.118,gateio,ACH/USDT:USDT,0.02319,63.0,0.02318,178.0,0.0232,725.0,0.02321,8585.0
1753600124305,07:08:44.305,gateio,ACH/USDT:USDT,0.02319,63.0,0.02318,178.0,0.0232,725.0,0.02321,9786.0
1753600124328,07:08:44.328,gateio,ACH/USDT:USDT,0.02319,63.0,0.02318,178.0,0.0232,725.0,0.02321,9786.0
1753600126716,07:08:46.716,gateio,ACH/USDT:USDT,0.02319,63.0,0.02318,178.0,0.0232,725.0,0.02321,9786.0
1753600126872,07:08:46.872,gateio,ACH/USDT:USDT,0.02319,63.0,0.02318,236.0,0.0232,725.0,0.02321,7665.0
1753600126917,07:08:46.917,gateio,ACH/USDT:USDT,0.02319,63.0,0.02318,178.0,0.0232,725.0,0.02321,7665.0
1753600127353,07:08:47.353,gateio,ACH/USDT:USDT,0.02319,63.0,0.02318,178.0,0.0232,725.0,0.02321,7665.0
1753600127420,07:08:47.420,gateio,ACH/USDT:USDT,0.02319,63.0,0.02318,236.0,0.0232,725.0,0.02321,7665.0
1753600127515,07:08:47.515,gateio,ACH/USDT:USDT,0.02319,63.0,0.02318,178.0,0.0232,725.0,0.02321,7665.0
1753600128906,07:08:48.906,gateio,ACH/USDT:USDT,0.02319,63.0,0.02318,178.0,0.0232,725.0,0.02321,7665.0
1753600128916,07:08:48.916,gateio,ACH/USDT:USDT,0.02319,63.0,0.02318,236.0,0.0232,725.0,0.02321,7665.0
1753600129018,07:08:49.018,gateio,ACH/USDT:USDT,0.02319,63.0,0.02318,178.0,0.0232,725.0,0.02321,7665.0
1753600129172,07:08:49.172,gateio,ACH/USDT:USDT,0.02319,63.0,0.02318,178.0,0.0232,725.0,0.02321,9542.0
1753600130773,07:08:50.773,gateio,ACH/USDT:USDT,0.02319,63.0,0.02318,178.0,0.0232,725.0,0.02321,9542.0
1753600130832,07:08:50.832,gateio,ACH/USDT:USDT,0.02319,63.0,0.02318,236.0,0.0232,725.0,0.02321,9542.0
1753600130917,07:08:50.917,gateio,ACH/USDT:USDT,0.02319,63.0,0.02318,178.0,0.0232,725.0,0.02321,9542.0
1753600131516,07:08:51.516,gateio,ACH/USDT:USDT,0.02319,63.0,0.02318,178.0,0.0232,725.0,0.02321,9542.0
1753600131617,07:08:51.617,gateio,ACH/USDT:USDT,0.02319,63.0,0.02318,236.0,0.0232,725.0,0.02321,9542.0
1753600131717,07:08:51.717,gateio,ACH/USDT:USDT,0.02319,63.0,0.02318,178.0,0.0232,725.0,0.02321,9542.0
1753600132008,07:08:52.008,gateio,ACH/USDT:USDT,0.02319,63.0,0.02318,178.0,0.0232,2894.0,0.02321,9542.0
1753600132065,07:08:52.065,gateio,ACH/USDT:USDT,0.02319,63.0,0.02318,178.0,0.0232,725.0,0.02321,7665.0
1753600132118,07:08:52.118,gateio,ACH/USDT:USDT,0.02319,63.0,0.02318,236.0,0.0232,725.0,0.02321,7665.0
1753600132217,07:08:52.217,gateio,ACH/USDT:USDT,0.02319,63.0,0.02318,178.0,0.0232,725.0,0.02321,7665.0
1753600132368,07:08:52.368,gateio,ACH/USDT:USDT,0.02319,63.0,0.02318,178.0,0.0232,725.0,0.02321,7665.0
1753600132554,07:08:52.554,gateio,ACH/USDT:USDT,0.02319,63.0,0.02318,178.0,0.0232,725.0,0.02321,7665.0
1753600132618,07:08:52.618,gateio,ACH/USDT:USDT,0.02319,63.0,0.02318,236.0,0.0232,725.0,0.02321,7665.0
1753600132717,07:08:52.717,gateio,ACH/USDT:USDT,0.02319,63.0,0.02318,178.0,0.0232,725.0,0.02321,7665.0
1753600132876,07:08:52.876,gateio,ACH/USDT:USDT,0.02319,63.0,0.02318,178.0,0.0232,725.0,0.02321,7665.0
1753600134330,07:08:54.330,gateio,ACH/USDT:USDT,0.02319,63.0,0.02318,178.0,0.0232,725.0,0.02321,7665.0
1753600134793,07:08:54.793,gateio,ACH/USDT:USDT,0.02319,63.0,0.02318,178.0,0.0232,725.0,0.02321,7665.0
1753600136303,07:08:56.303,gateio,ACH/USDT:USDT,0.02319,63.0,0.02318,178.0,0.0232,725.0,0.02321,7665.0
1753600136316,07:08:56.316,gateio,ACH/USDT:USDT,0.02319,63.0,0.02318,178.0,0.0232,725.0,0.02321,7665.0
1753600136455,07:08:56.455,gateio,ACH/USDT:USDT,0.02319,63.0,0.02318,178.0,0.0232,725.0,0.02321,7665.0
1753600137022,07:08:57.022,gateio,ACH/USDT:USDT,0.02319,241.0,0.02318,178.0,0.0232,725.0,0.02321,7665.0
1753600137125,07:08:57.125,gateio,ACH/USDT:USDT,0.02319,241.0,0.02318,178.0,0.0232,2894.0,0.02321,7665.0
1753600137432,07:08:57.432,gateio,ACH/USDT:USDT,0.02319,241.0,0.02318,178.0,0.0232,2894.0,0.02321,7665.0
1753600137615,07:08:57.615,gateio,ACH/USDT:USDT,0.02319,241.0,0.02318,178.0,0.0232,2894.0,0.02321,7665.0
1753600140112,07:09:00.112,gateio,ACH/USDT:USDT,0.02319,63.0,0.02318,178.0,0.0232,2894.0,0.02321,7665.0
1753600140365,07:09:00.365,gateio,ACH/USDT:USDT,0.02319,63.0,0.02318,178.0,0.0232,2894.0,0.02321,9118.0
1753600140559,07:09:00.559,gateio,ACH/USDT:USDT,0.02319,63.0,0.02318,178.0,0.0232,2894.0,0.02321,7665.0
1753600141132,07:09:01.132,gateio,ACH/USDT:USDT,0.02319,63.0,0.02318,178.0,0.0232,2894.0,0.02321,7665.0
1753600142784,07:09:02.784,gateio,ACH/USDT:USDT,0.02319,63.0,0.02318,178.0,0.0232,2894.0,0.02321,7665.0
1753600144151,07:09:04.151,gateio,ACH/USDT:USDT,0.02319,63.0,0.02318,178.0,0.0232,2894.0,0.02321,7665.0
1753600145393,07:09:05.393,gateio,ACH/USDT:USDT,0.02319,239.0,0.02318,178.0,0.0232,2894.0,0.02321,7665.0
1753600145509,07:09:05.509,gateio,ACH/USDT:USDT,0.02319,239.0,0.02318,236.0,0.0232,2894.0,0.02321,1381.0
1753600145609,07:09:05.609,gateio,ACH/USDT:USDT,0.02319,239.0,0.02318,178.0,0.0232,43.0,0.02321,2063.0
1753600145690,07:09:05.690,gateio,ACH/USDT:USDT,0.02319,239.0,0.02318,178.0,0.0232,43.0,0.02321,2063.0
1753600145764,07:09:05.764,gateio,ACH/USDT:USDT,0.02319,239.0,0.02318,178.0,0.0232,43.0,0.02321,4184.0
1753600145917,07:09:05.917,gateio,ACH/USDT:USDT,0.02319,239.0,0.02318,178.0,0.0232,43.0,0.02321,4184.0
1753600146073,07:09:06.073,gateio,ACH/USDT:USDT,0.02319,239.0,0.02318,236.0,0.0232,43.0,0.02321,4184.0
1753600146121,07:09:06.121,gateio,ACH/USDT:USDT,0.02319,239.0,0.02318,178.0,0.0232,43.0,0.02321,4184.0
1753600147165,07:09:07.165,gateio,ACH/USDT:USDT,0.02319,239.0,0.02318,178.0,0.0232,43.0,0.02321,2983.0
1753600147289,07:09:07.289,gateio,ACH/USDT:USDT,0.02319,239.0,0.02318,236.0,0.0232,43.0,0.02321,2983.0
1753600147317,07:09:07.317,gateio,ACH/USDT:USDT,0.02319,239.0,0.02318,178.0,0.0232,43.0,0.02321,2983.0
1753600147669,07:09:07.669,gateio,ACH/USDT:USDT,0.02319,239.0,0.02318,178.0,0.0232,43.0,0.02321,2983.0
1753600148244,07:09:08.244,gateio,ACH/USDT:USDT,0.02319,239.0,0.02318,178.0,0.0232,43.0,0.02321,2983.0
1753600148318,07:09:08.318,gateio,ACH/USDT:USDT,0.02319,239.0,0.02318,236.0,0.0232,43.0,0.02321,2983.0
1753600148419,07:09:08.419,gateio,ACH/USDT:USDT,0.02319,239.0,0.02318,178.0,0.0232,43.0,0.02321,2983.0
1753600150630,07:09:10.630,gateio,ACH/USDT:USDT,0.02319,239.0,0.02318,178.0,0.0232,43.0,0.02321,2983.0
1753600150733,07:09:10.733,gateio,ACH/USDT:USDT,0.02319,239.0,0.02318,236.0,0.0232,43.0,0.02321,2983.0
1753600150817,07:09:10.817,gateio,ACH/USDT:USDT,0.02319,239.0,0.02318,178.0,0.0232,43.0,0.02321,2983.0
1753600151305,07:09:11.305,gateio,ACH/USDT:USDT,0.02319,239.0,0.02318,178.0,0.0232,43.0,0.02321,862.0
1753600151378,07:09:11.378,gateio,ACH/USDT:USDT,0.02319,239.0,0.02318,236.0,0.0232,43.0,0.02321,862.0
1753600151438,07:09:11.438,gateio,ACH/USDT:USDT,0.02319,239.0,0.02318,178.0,0.0232,43.0,0.02321,862.0
1753600151772,07:09:11.772,gateio,ACH/USDT:USDT,0.02319,239.0,0.02318,178.0,0.0232,43.0,0.02321,862.0
1753600151844,07:09:11.844,gateio,ACH/USDT:USDT,0.02319,239.0,0.02318,178.0,0.02321,862.0,0.02322,7774.0
1753600151918,07:09:11.918,gateio,ACH/USDT:USDT,0.02319,239.0,0.02318,236.0,0.02321,862.0,0.02322,8929.0
1753600152019,07:09:12.019,gateio,ACH/USDT:USDT,0.02319,239.0,0.02318,178.0,0.02321,862.0,0.02322,8929.0
1753600152206,07:09:12.206,gateio,ACH/USDT:USDT,0.02319,196.0,0.02318,178.0,0.02321,862.0,0.02322,8929.0
1753600152983,07:09:12.983,gateio,ACH/USDT:USDT,0.02319,196.0,0.02318,178.0,0.02321,862.0,0.02322,7774.0
1753600153048,07:09:13.048,gateio,ACH/USDT:USDT,0.02319,196.0,0.02318,236.0,0.02321,862.0,0.02322,7774.0
1753600153117,07:09:13.117,gateio,ACH/USDT:USDT,0.02319,196.0,0.02318,178.0,0.02321,862.0,0.02322,7774.0
1753600153370,07:09:13.370,gateio,ACH/USDT:USDT,0.02319,196.0,0.02318,178.0,0.02321,862.0,0.02322,7774.0
1753600154192,07:09:14.192,gateio,ACH/USDT:USDT,0.02319,196.0,0.02318,178.0,0.02321,862.0,0.02322,7774.0
1753600154218,07:09:14.218,gateio,ACH/USDT:USDT,0.02319,196.0,0.02318,236.0,0.02321,862.0,0.02322,7774.0
1753600154318,07:09:14.318,gateio,ACH/USDT:USDT,0.02319,196.0,0.02318,178.0,0.02321,862.0,0.02322,7774.0
1753600154534,07:09:14.534,gateio,ACH/USDT:USDT,0.02319,196.0,0.02318,178.0,0.02321,862.0,0.02322,7774.0
1753600154744,07:09:14.744,gateio,ACH/USDT:USDT,0.02319,196.0,0.02318,178.0,0.02321,862.0,0.02322,7774.0
1753600154896,07:09:14.896,gateio,ACH/USDT:USDT,0.02319,196.0,0.02318,236.0,0.02321,862.0,0.02322,7774.0
1753600154919,07:09:14.919,gateio,ACH/USDT:USDT,0.02319,196.0,0.02318,178.0,0.02321,862.0,0.02322,7774.0
1753600155012,07:09:15.012,gateio,ACH/USDT:USDT,0.02319,196.0,0.02318,178.0,0.02321,862.0,0.02322,7774.0
1753600155369,07:09:15.369,gateio,ACH/USDT:USDT,0.02319,196.0,0.02318,178.0,0.02321,862.0,0.02322,7774.0
1753600155418,07:09:15.418,gateio,ACH/USDT:USDT,0.02319,196.0,0.02318,236.0,0.02321,862.0,0.02322,7774.0
1753600155517,07:09:15.517,gateio,ACH/USDT:USDT,0.02319,196.0,0.02318,178.0,0.02321,862.0,0.02322,7774.0
1753600155892,07:09:15.892,gateio,ACH/USDT:USDT,0.02319,196.0,0.02318,178.0,0.02321,862.0,0.02322,9243.0
1753600155919,07:09:15.919,gateio,ACH/USDT:USDT,0.02319,196.0,0.02318,236.0,0.02321,862.0,0.02322,10457.0
1753600156017,07:09:16.017,gateio,ACH/USDT:USDT,0.02319,196.0,0.02318,178.0,0.02321,862.0,0.02322,10457.0
1753600156454,07:09:16.454,gateio,ACH/USDT:USDT,0.02319,196.0,0.02318,178.0,0.02321,862.0,0.02322,10457.0
1753600156519,07:09:16.519,gateio,ACH/USDT:USDT,0.02319,196.0,0.02318,236.0,0.02321,862.0,0.02322,10457.0
1753600156617,07:09:16.617,gateio,ACH/USDT:USDT,0.02319,196.0,0.02318,178.0,0.02321,862.0,0.02322,10457.0
1753600157755,07:09:17.755,gateio,ACH/USDT:USDT,0.02319,196.0,0.02318,178.0,0.02321,862.0,0.02322,10457.0
1753600157818,07:09:17.818,gateio,ACH/USDT:USDT,0.02319,196.0,0.02318,236.0,0.02321,862.0,0.02322,10457.0
1753600157918,07:09:17.918,gateio,ACH/USDT:USDT,0.02319,196.0,0.02318,178.0,0.02321,862.0,0.02322,10457.0
1753600158252,07:09:18.252,gateio,ACH/USDT:USDT,0.02319,196.0,0.02318,178.0,0.02321,862.0,0.02322,7774.0
1753600158852,07:09:18.852,gateio,ACH/USDT:USDT,0.02319,196.0,0.02318,178.0,0.02321,862.0,0.02322,7774.0
1753600158917,07:09:18.917,gateio,ACH/USDT:USDT,0.02319,196.0,0.02318,236.0,0.02321,862.0,0.02322,7774.0
1753600159017,07:09:19.017,gateio,ACH/USDT:USDT,0.02319,196.0,0.02318,178.0,0.02321,862.0,0.02322,7774.0
1753600160317,07:09:20.317,gateio,ACH/USDT:USDT,0.02319,196.0,0.02318,178.0,0.02321,862.0,0.02322,7774.0
1753600160437,07:09:20.437,gateio,ACH/USDT:USDT,0.02319,196.0,0.02318,236.0,0.02321,862.0,0.02322,7774.0
1753600160517,07:09:20.517,gateio,ACH/USDT:USDT,0.02319,196.0,0.02318,178.0,0.02321,862.0,0.02322,7774.0
1753600163452,07:09:23.452,gateio,ACH/USDT:USDT,0.02319,196.0,0.02318,178.0,0.02321,862.0,0.02322,7774.0
1753600163517,07:09:23.517,gateio,ACH/USDT:USDT,0.02319,196.0,0.02318,236.0,0.02321,862.0,0.02322,7774.0
1753600163617,07:09:23.617,gateio,ACH/USDT:USDT,0.02319,196.0,0.02318,178.0,0.02321,862.0,0.02322,7774.0
1753600165117,07:09:25.117,gateio,ACH/USDT:USDT,0.02319,196.0,0.02318,178.0,0.02321,862.0,0.02322,7774.0
1753600165218,07:09:25.218,gateio,ACH/USDT:USDT,0.02319,196.0,0.02318,236.0,0.02321,862.0,0.02322,7774.0
1753600165318,07:09:25.318,gateio,ACH/USDT:USDT,0.02319,196.0,0.02318,178.0,0.02321,862.0,0.02322,7774.0
1753600168265,07:09:28.265,gateio,ACH/USDT:USDT,0.02319,196.0,0.02318,178.0,0.02321,862.0,0.02322,7774.0
1753600168319,07:09:28.319,gateio,ACH/USDT:USDT,0.02319,196.0,0.02318,236.0,0.02321,862.0,0.02322,7774.0
1753600168418,07:09:28.418,gateio,ACH/USDT:USDT,0.02319,196.0,0.02318,178.0,0.02321,862.0,0.02322,7774.0
1753600169765,07:09:29.765,gateio,ACH/USDT:USDT,0.02319,196.0,0.02318,178.0,0.02321,862.0,0.02322,7774.0
1753600169817,07:09:29.817,gateio,ACH/USDT:USDT,0.02319,196.0,0.02318,236.0,0.02321,862.0,0.02322,7774.0
1753600169934,07:09:29.934,gateio,ACH/USDT:USDT,0.02319,196.0,0.02318,178.0,0.02321,862.0,0.02322,7774.0
1753600175659,07:09:35.659,gateio,ACH/USDT:USDT,0.02319,196.0,0.02318,178.0,0.02321,862.0,0.02322,7774.0
1753600178909,07:09:38.909,gateio,ACH/USDT:USDT,0.02319,20.0,0.02318,178.0,0.0232,180.0,0.02321,862.0
1753600179000,07:09:39.000,gateio,ACH/USDT:USDT,0.02319,63.0,0.02318,178.0,0.0232,180.0,0.02321,862.0
1753600179039,07:09:39.039,gateio,ACH/USDT:USDT,0.02319,63.0,0.02318,178.0,0.0232,180.0,0.02321,862.0
1753600179201,07:09:39.201,gateio,ACH/USDT:USDT,0.02319,63.0,0.02318,178.0,0.0232,180.0,0.02321,862.0
1753600181209,07:09:41.209,gateio,ACH/USDT:USDT,0.02319,63.0,0.02318,178.0,0.02321,862.0,0.02322,12980.0
1753600181230,07:09:41.230,gateio,ACH/USDT:USDT,0.02319,63.0,0.02318,178.0,0.02321,862.0,0.02322,12980.0
1753600181346,07:09:41.346,gateio,ACH/USDT:USDT,0.02319,63.0,0.02318,178.0,0.02321,862.0,0.02322,10988.0
1753600181470,07:09:41.470,gateio,ACH/USDT:USDT,0.02319,63.0,0.02318,178.0,0.02321,862.0,0.02322,10988.0
1753600181609,07:09:41.609,gateio,ACH/USDT:USDT,0.02319,63.0,0.02318,178.0,0.02321,862.0,0.02322,4710.0
1753600181630,07:09:41.630,gateio,ACH/USDT:USDT,0.02319,63.0,0.02318,178.0,0.02321,862.0,0.02322,4790.0
1753600181805,07:09:41.805,gateio,ACH/USDT:USDT,0.02319,63.0,0.02318,178.0,0.02321,862.0,0.02322,2798.0
1753600181939,07:09:41.939,gateio,ACH/USDT:USDT,0.02319,63.0,0.02318,178.0,0.02321,862.0,0.02322,2798.0
1753600182092,07:09:42.092,gateio,ACH/USDT:USDT,0.02319,63.0,0.02318,178.0,0.02321,862.0,0.02322,2798.0
1753600182305,07:09:42.305,gateio,ACH/USDT:USDT,0.02319,243.0,0.02318,178.0,0.02321,862.0,0.02322,2798.0
1753600182392,07:09:42.392,gateio,ACH/USDT:USDT,0.02319,200.0,0.02318,178.0,0.02321,862.0,0.02322,4790.0
1753600182587,07:09:42.587,gateio,ACH/USDT:USDT,0.02319,200.0,0.02318,178.0,0.02321,862.0,0.02322,2798.0
1753600182918,07:09:42.918,gateio,ACH/USDT:USDT,0.02319,200.0,0.02318,178.0,0.02321,862.0,0.02322,2798.0
1753600183274,07:09:43.274,gateio,ACH/USDT:USDT,0.02319,200.0,0.02318,178.0,0.02321,862.0,0.02322,2798.0
1753600183353,07:09:43.353,gateio,ACH/USDT:USDT,0.02319,200.0,0.02318,178.0,0.02321,862.0,0.02322,2798.0
1753600184334,07:09:44.334,gateio,ACH/USDT:USDT,0.02319,200.0,0.02318,178.0,0.0232,180.0,0.02321,2854.0
1753600184416,07:09:44.416,gateio,ACH/USDT:USDT,0.02319,243.0,0.02318,178.0,0.0232,180.0,0.02321,2854.0
1753600184510,07:09:44.510,gateio,ACH/USDT:USDT,0.02319,243.0,0.02318,178.0,0.0232,180.0,0.02321,2854.0
1753600184909,07:09:44.909,gateio,ACH/USDT:USDT,0.02319,243.0,0.02318,178.0,0.02321,2854.0,0.02322,2798.0
1753600184949,07:09:44.949,gateio,ACH/USDT:USDT,0.02319,200.0,0.02318,178.0,0.02321,862.0,0.02322,2798.0
1753600185011,07:09:45.011,gateio,ACH/USDT:USDT,0.02319,200.0,0.02318,178.0,0.02321,862.0,0.02322,2798.0
1753600185809,07:09:45.809,gateio,ACH/USDT:USDT,0.02319,20.0,0.02318,178.0,0.0232,180.0,0.02321,862.0
1753600185909,07:09:45.909,gateio,ACH/USDT:USDT,0.02319,63.0,0.02318,236.0,0.0232,180.0,0.02321,862.0
1753600185917,07:09:45.917,gateio,ACH/USDT:USDT,0.02319,63.0,0.02318,178.0,0.0232,180.0,0.02321,862.0
1753600186114,07:09:46.114,gateio,ACH/USDT:USDT,0.02319,63.0,0.02318,178.0,0.0232,180.0,0.02321,862.0
1753600187717,07:09:47.717,gateio,ACH/USDT:USDT,0.02319,63.0,0.02318,178.0,0.0232,180.0,0.02321,862.0
1753600187832,07:09:47.832,gateio,ACH/USDT:USDT,0.02319,63.0,0.02318,236.0,0.0232,180.0,0.02321,862.0
1753600187917,07:09:47.917,gateio,ACH/USDT:USDT,0.02319,63.0,0.02318,178.0,0.0232,180.0,0.02321,862.0
1753600188777,07:09:48.777,gateio,ACH/USDT:USDT,0.02319,63.0,0.02318,178.0,0.0232,180.0,0.02321,862.0
1753600188818,07:09:48.818,gateio,ACH/USDT:USDT,0.02319,63.0,0.02318,236.0,0.0232,180.0,0.02321,862.0
1753600188918,07:09:48.918,gateio,ACH/USDT:USDT,0.02319,63.0,0.02318,178.0,0.0232,180.0,0.02321,862.0
1753600193174,07:09:53.174,gateio,ACH/USDT:USDT,0.02319,63.0,0.02318,178.0,0.0232,180.0,0.02321,862.0
1753600193217,07:09:53.217,gateio,ACH/USDT:USDT,0.02319,63.0,0.02318,236.0,0.0232,180.0,0.02321,862.0
1753600193317,07:09:53.317,gateio,ACH/USDT:USDT,0.02319,63.0,0.02318,178.0,0.0232,180.0,0.02321,862.0
1753600193451,07:09:53.451,gateio,ACH/USDT:USDT,0.02319,63.0,0.02318,178.0,0.0232,180.0,0.02321,862.0
1753600195339,07:09:55.339,gateio,ACH/USDT:USDT,0.02319,63.0,0.02318,178.0,0.0232,180.0,0.02321,862.0
1753600195418,07:09:55.418,gateio,ACH/USDT:USDT,0.02319,63.0,0.02318,236.0,0.0232,180.0,0.02321,862.0
1753600195517,07:09:55.517,gateio,ACH/USDT:USDT,0.02319,63.0,0.02318,178.0,0.0232,180.0,0.02321,862.0
1753600195808,07:09:55.808,gateio,ACH/USDT:USDT,0.02319,63.0,0.02318,178.0,0.0232,1992.0,0.02321,862.0
1753600195909,07:09:55.909,gateio,ACH/USDT:USDT,0.02319,63.0,0.02318,178.0,0.0232,1992.0,0.02321,862.0
1753600195950,07:09:55.950,gateio,ACH/USDT:USDT,0.02319,63.0,0.02318,178.0,0.0232,1992.0,0.02321,862.0
1753600196108,07:09:56.108,gateio,ACH/USDT:USDT,0.02319,236.0,0.02318,236.0,0.0232,1992.0,0.02321,862.0
1753600196118,07:09:56.118,gateio,ACH/USDT:USDT,0.02319,236.0,0.02318,178.0,0.0232,1992.0,0.02321,862.0
1753600197008,07:09:57.008,gateio,ACH/USDT:USDT,0.02319,236.0,0.02318,178.0,0.02321,862.0,0.02322,2798.0
1753600197017,07:09:57.017,gateio,ACH/USDT:USDT,0.02319,193.0,0.02318,236.0,0.02321,862.0,0.02322,2798.0
1753600197117,07:09:57.117,gateio,ACH/USDT:USDT,0.02319,193.0,0.02318,178.0,0.02321,862.0,0.02322,2798.0
1753600197386,07:09:57.386,gateio,ACH/USDT:USDT,0.02319,193.0,0.02318,178.0,0.02321,862.0,0.02322,2798.0
1753600197690,07:09:57.690,gateio,ACH/USDT:USDT,0.02319,193.0,0.02318,178.0,0.0232,536.0,0.02321,862.0
1753600197803,07:09:57.803,gateio,ACH/USDT:USDT,0.02319,236.0,0.02318,236.0,0.0232,536.0,0.02321,862.0
1753600197810,07:09:57.810,gateio,ACH/USDT:USDT,0.02319,236.0,0.02318,178.0,0.0232,536.0,0.02321,862.0
1753600198709,07:09:58.709,gateio,ACH/USDT:USDT,0.02319,236.0,0.02318,178.0,0.0232,536.0,0.02321,2820.0
1753600198809,07:09:58.809,gateio,ACH/USDT:USDT,0.02319,236.0,0.02318,236.0,0.0232,536.0,0.02321,2820.0
1753600198816,07:09:58.816,gateio,ACH/USDT:USDT,0.02319,236.0,0.02318,178.0,0.0232,536.0,0.02321,2820.0
1753600198998,07:09:58.998,gateio,ACH/USDT:USDT,0.02319,236.0,0.02318,178.0,0.0232,536.0,0.02321,862.0
1753600199028,07:09:59.028,gateio,ACH/USDT:USDT,0.02319,236.0,0.02318,178.0,0.0232,536.0,0.02321,862.0
1753600199407,07:09:59.407,gateio,ACH/USDT:USDT,0.02319,236.0,0.02318,178.0,0.0232,536.0,0.02321,862.0
1753600199418,07:09:59.418,gateio,ACH/USDT:USDT,0.02319,236.0,0.02318,236.0,0.0232,536.0,0.02321,862.0
1753600199532,07:09:59.532,gateio,ACH/USDT:USDT,0.02319,236.0,0.02318,178.0,0.0232,536.0,0.02321,862.0
1753600199654,07:09:59.654,gateio,ACH/USDT:USDT,0.02319,236.0,0.02318,178.0,0.0232,536.0,0.02321,862.0
1753600200247,07:10:00.247,gateio,ACH/USDT:USDT,0.02319,236.0,0.02318,178.0,0.0232,536.0,0.02321,862.0
1753600200318,07:10:00.318,gateio,ACH/USDT:USDT,0.02319,236.0,0.02318,236.0,0.0232,536.0,0.02321,862.0
1753600200417,07:10:00.417,gateio,ACH/USDT:USDT,0.02319,236.0,0.02318,178.0,0.0232,536.0,0.02321,862.0
1753600205692,07:10:05.692,gateio,ACH/USDT:USDT,0.02319,236.0,0.02318,178.0,0.0232,536.0,0.02321,180.0
1753600205717,07:10:05.717,gateio,ACH/USDT:USDT,0.02319,236.0,0.02318,236.0,0.0232,536.0,0.02321,862.0
1753600205816,07:10:05.816,gateio,ACH/USDT:USDT,0.02319,236.0,0.02318,178.0,0.0232,536.0,0.02321,862.0
1753600206609,07:10:06.609,gateio,ACH/USDT:USDT,0.02319,236.0,0.02318,178.0,0.0232,536.0,0.02321,862.0
1753600206718,07:10:06.718,gateio,ACH/USDT:USDT,0.02319,236.0,0.02318,236.0,0.0232,536.0,0.02321,862.0
1753600206818,07:10:06.818,gateio,ACH/USDT:USDT,0.02319,236.0,0.02318,178.0,0.0232,536.0,0.02321,862.0
1753600207458,07:10:07.458,gateio,ACH/USDT:USDT,0.02319,236.0,0.02318,178.0,0.0232,536.0,0.02321,862.0
1753600207520,07:10:07.520,gateio,ACH/USDT:USDT,0.02319,236.0,0.02318,236.0,0.0232,536.0,0.02321,862.0
1753600207617,07:10:07.617,gateio,ACH/USDT:USDT,0.02319,236.0,0.02318,178.0,0.0232,536.0,0.02321,862.0
1753600210061,07:10:10.061,gateio,ACH/USDT:USDT,0.02319,236.0,0.02318,178.0,0.0232,536.0,0.02321,862.0
1753600210117,07:10:10.117,gateio,ACH/USDT:USDT,0.02319,236.0,0.02318,236.0,0.0232,536.0,0.02321,862.0
1753600210216,07:10:10.216,gateio,ACH/USDT:USDT,0.02319,236.0,0.02318,178.0,0.0232,536.0,0.02321,862.0
1753600211130,07:10:11.130,gateio,ACH/USDT:USDT,0.02319,236.0,0.02318,178.0,0.0232,536.0,0.02321,862.0
1753600211225,07:10:11.225,gateio,ACH/USDT:USDT,0.02319,236.0,0.02318,236.0,0.02321,2928.0,0.02322,2727.0
1753600211318,07:10:11.318,gateio,ACH/USDT:USDT,0.02319,193.0,0.02318,178.0,0.02321,2928.0,0.02322,2727.0
1753600211514,07:10:11.514,gateio,ACH/USDT:USDT,0.02319,193.0,0.02318,178.0,0.02321,2928.0,0.02322,2727.0
1753600211905,07:10:11.905,gateio,ACH/USDT:USDT,0.02319,193.0,0.02318,178.0,0.02321,862.0,0.02322,2727.0
1753600211918,07:10:11.918,gateio,ACH/USDT:USDT,0.02319,193.0,0.02318,236.0,0.02321,862.0,0.02322,1639.0
1753600212017,07:10:12.017,gateio,ACH/USDT:USDT,0.02319,193.0,0.02318,178.0,0.02321,862.0,0.02322,1639.0
1753600212338,07:10:12.338,gateio,ACH/USDT:USDT,0.02319,193.0,0.02318,178.0,0.02321,862.0,0.02322,1639.0
1753600212418,07:10:12.418,gateio,ACH/USDT:USDT,0.02319,193.0,0.02318,236.0,0.02321,862.0,0.02322,1639.0
1753600212517,07:10:12.517,gateio,ACH/USDT:USDT,0.02319,193.0,0.02318,178.0,0.02321,862.0,0.02322,1639.0
1753600212757,07:10:12.757,gateio,ACH/USDT:USDT,0.02319,193.0,0.02318,178.0,0.02321,862.0,0.02322,1639.0
1753600213405,07:10:13.405,gateio,ACH/USDT:USDT,0.02319,193.0,0.02318,178.0,0.0232,177.0,0.02321,2646.0
1753600213448,07:10:13.448,gateio,ACH/USDT:USDT,0.02319,236.0,0.02318,178.0,0.0232,177.0,0.02321,2646.0
1753600213580,07:10:13.580,gateio,ACH/USDT:USDT,0.02319,63.0,0.02318,178.0,0.0232,177.0,0.02321,2646.0
1753600214399,07:10:14.399,gateio,ACH/USDT:USDT,0.02319,63.0,0.02318,178.0,0.0232,177.0,0.02321,2646.0
1753600214418,07:10:14.418,gateio,ACH/USDT:USDT,0.02319,63.0,0.02318,236.0,0.0232,177.0,0.02321,2646.0
1753600214516,07:10:14.516,gateio,ACH/USDT:USDT,0.02319,63.0,0.02318,178.0,0.0232,177.0,0.02321,2646.0
1753600216405,07:10:16.405,gateio,ACH/USDT:USDT,0.02319,63.0,0.02318,178.0,0.0232,177.0,0.02321,2646.0
1753600218052,07:10:18.052,gateio,ACH/USDT:USDT,0.02319,63.0,0.02318,178.0,0.0232,177.0,0.02321,862.0
1753600218131,07:10:18.131,gateio,ACH/USDT:USDT,0.02319,63.0,0.02318,178.0,0.0232,177.0,0.02321,862.0
1753600219583,07:10:19.583,gateio,ACH/USDT:USDT,0.02319,63.0,0.02318,178.0,0.0232,177.0,0.02321,862.0
1753600221113,07:10:21.113,gateio,ACH/USDT:USDT,0.02319,63.0,0.02318,178.0,0.0232,177.0,0.02321,862.0
1753600221222,07:10:21.222,gateio,ACH/USDT:USDT,0.02319,63.0,0.02318,178.0,0.0232,177.0,0.02321,862.0
1753600221586,07:10:21.586,gateio,ACH/USDT:USDT,0.02319,63.0,0.02318,178.0,0.0232,177.0,0.02321,862.0
1753600221727,07:10:21.727,gateio,ACH/USDT:USDT,0.02319,63.0,0.02318,178.0,0.0232,177.0,0.02321,862.0
1753600221898,07:10:21.898,gateio,ACH/USDT:USDT,0.02319,63.0,0.02318,178.0,0.0232,177.0,0.02321,862.0
1753600222105,07:10:22.105,gateio,ACH/USDT:USDT,0.02319,63.0,0.02318,178.0,0.02321,862.0,0.02322,2878.0
1753600222205,07:10:22.205,gateio,ACH/USDT:USDT,0.02319,63.0,0.02318,178.0,0.02321,862.0,0.02322,2878.0
1753600222355,07:10:22.355,gateio,ACH/USDT:USDT,0.02319,235.0,0.02318,178.0,0.02321,862.0,0.02322,2878.0
1753600222456,07:10:22.456,gateio,ACH/USDT:USDT,0.02319,192.0,0.02318,178.0,0.02321,862.0,0.02322,2878.0
1753600223331,07:10:23.331,gateio,ACH/USDT:USDT,0.02319,192.0,0.02318,178.0,0.02321,862.0,0.02322,2878.0
1753600223776,07:10:23.776,gateio,ACH/USDT:USDT,0.02319,192.0,0.02318,178.0,0.0232,172.0,0.02321,862.0
1753600223866,07:10:23.866,gateio,ACH/USDT:USDT,0.02319,235.0,0.02318,178.0,0.0232,172.0,0.02321,862.0
1753600224160,07:10:24.160,gateio,ACH/USDT:USDT,0.02319,235.0,0.02318,178.0,0.0232,172.0,0.02321,862.0
1753600224980,07:10:24.980,gateio,ACH/USDT:USDT,0.02319,235.0,0.02318,178.0,0.02321,862.0,0.02322,2878.0
1753600225018,07:10:25.018,gateio,ACH/USDT:USDT,0.02319,192.0,0.02318,178.0,0.02321,862.0,0.02322,2878.0
1753600225400,07:10:25.400,gateio,ACH/USDT:USDT,0.02319,192.0,0.02318,178.0,0.02321,862.0,0.02322,2878.0
1753600225552,07:10:25.552,gateio,ACH/USDT:USDT,0.02319,192.0,0.02318,178.0,0.0232,172.0,0.02321,862.0
1753600225616,07:10:25.616,gateio,ACH/USDT:USDT,0.02319,235.0,0.02318,178.0,0.0232,172.0,0.02321,862.0
1753600226226,07:10:26.226,gateio,ACH/USDT:USDT,0.02319,235.0,0.02318,178.0,0.0232,172.0,0.02321,862.0
1753600226333,07:10:26.333,gateio,ACH/USDT:USDT,0.02319,235.0,0.02318,178.0,0.0232,172.0,0.02321,862.0
1753600226417,07:10:26.417,gateio,ACH/USDT:USDT,0.02319,235.0,0.02318,236.0,0.0232,172.0,0.02321,862.0
1753600226517,07:10:26.517,gateio,ACH/USDT:USDT,0.02319,235.0,0.02318,178.0,0.0232,172.0,0.02321,862.0
1753600226644,07:10:26.644,gateio,ACH/USDT:USDT,0.02319,235.0,0.02318,178.0,0.0232,172.0,0.02321,862.0
1753600226856,07:10:26.856,gateio,ACH/USDT:USDT,0.02319,63.0,0.02318,178.0,0.0232,172.0,0.02321,2785.0
1753600226918,07:10:26.918,gateio,ACH/USDT:USDT,0.02319,63.0,0.02318,236.0,0.0232,172.0,0.02321,2785.0
1753600227017,07:10:27.017,gateio,ACH/USDT:USDT,0.02319,63.0,0.02318,178.0,0.0232,172.0,0.02321,2785.0
1753600227610,07:10:27.610,gateio,ACH/USDT:USDT,0.02319,63.0,0.02318,178.0,0.0232,172.0,0.02321,2785.0
1753600227618,07:10:27.618,gateio,ACH/USDT:USDT,0.02319,63.0,0.02318,236.0,0.0232,172.0,0.02321,2785.0
1753600227725,07:10:27.725,gateio,ACH/USDT:USDT,0.02319,63.0,0.02318,178.0,0.0232,172.0,0.02321,2785.0
1753600227846,07:10:27.846,gateio,ACH/USDT:USDT,0.02319,63.0,0.02318,178.0,0.0232,172.0,0.02321,862.0
1753600228364,07:10:28.364,gateio,ACH/USDT:USDT,0.02319,63.0,0.02318,178.0,0.0232,172.0,0.02321,862.0
1753600228417,07:10:28.417,gateio,ACH/USDT:USDT,0.02319,63.0,0.02318,236.0,0.0232,172.0,0.02321,862.0
1753600228517,07:10:28.517,gateio,ACH/USDT:USDT,0.02319,63.0,0.02318,178.0,0.0232,172.0,0.02321,862.0
1753600229885,07:10:29.885,gateio,ACH/USDT:USDT,0.02319,63.0,0.02318,178.0,0.0232,172.0,0.02321,2714.0
1753600229917,07:10:29.917,gateio,ACH/USDT:USDT,0.02319,63.0,0.02318,236.0,0.0232,172.0,0.02321,2714.0
1753600230017,07:10:30.017,gateio,ACH/USDT:USDT,0.02319,63.0,0.02318,178.0,0.0232,172.0,0.02321,2714.0
1753600230532,07:10:30.532,gateio,ACH/USDT:USDT,0.02319,63.0,0.02318,178.0,0.0232,172.0,0.02321,2714.0
1753600230692,07:10:30.692,gateio,ACH/USDT:USDT,0.02319,238.0,0.02318,178.0,0.02321,2714.0,0.02322,2878.0
1753600230716,07:10:30.716,gateio,ACH/USDT:USDT,0.02319,195.0,0.02318,178.0,0.02321,2714.0,0.02322,2878.0
1753600231078,07:10:31.078,gateio,ACH/USDT:USDT,0.02319,195.0,0.02318,178.0,0.02321,2714.0,0.02322,2878.0
1753600231273,07:10:31.273,gateio,ACH/USDT:USDT,0.02319,195.0,0.02318,178.0,0.02321,2714.0,0.02322,2878.0
1753600231319,07:10:31.319,gateio,ACH/USDT:USDT,0.02319,195.0,0.02318,236.0,0.02321,2714.0,0.02322,2878.0
1753600231506,07:10:31.506,gateio,ACH/USDT:USDT,0.02319,195.0,0.02318,178.0,0.02321,2714.0,0.02322,2878.0
1753600231745,07:10:31.745,gateio,ACH/USDT:USDT,0.02319,195.0,0.02318,178.0,0.02321,862.0,0.02322,2878.0
1753600231817,07:10:31.817,gateio,ACH/USDT:USDT,0.02319,195.0,0.02318,236.0,0.02321,862.0,0.02322,2878.0
1753600231923,07:10:31.923,gateio,ACH/USDT:USDT,0.02319,195.0,0.02318,178.0,0.02321,862.0,0.02322,2878.0
1753600232327,07:10:32.327,gateio,ACH/USDT:USDT,0.02319,195.0,0.02318,178.0,0.02321,862.0,0.02322,2878.0
1753600232417,07:10:32.417,gateio,ACH/USDT:USDT,0.02319,195.0,0.02318,236.0,0.02321,862.0,0.02322,2878.0
1753600232517,07:10:32.517,gateio,ACH/USDT:USDT,0.02319,195.0,0.02318,178.0,0.02321,862.0,0.02322,2878.0
1753600235773,07:10:35.773,gateio,ACH/USDT:USDT,0.02319,195.0,0.02318,178.0,0.02321,862.0,0.02322,2878.0
1753600235821,07:10:35.821,gateio,ACH/USDT:USDT,0.02319,195.0,0.02318,236.0,0.02321,862.0,0.02322,2878.0
1753600235933,07:10:35.933,gateio,ACH/USDT:USDT,0.02319,195.0,0.02318,178.0,0.02321,2819.0,0.02322,2878.0
1753600236361,07:10:36.361,gateio,ACH/USDT:USDT,0.02319,195.0,0.02318,178.0,0.02321,2819.0,0.02322,2878.0
1753600236419,07:10:36.419,gateio,ACH/USDT:USDT,0.02319,195.0,0.02318,236.0,0.02321,2819.0,0.02322,2878.0
1753600236530,07:10:36.530,gateio,ACH/USDT:USDT,0.02319,195.0,0.02318,178.0,0.02321,2819.0,0.02322,2878.0
1753600236948,07:10:36.948,gateio,ACH/USDT:USDT,0.02319,195.0,0.02318,178.0,0.02321,862.0,0.02322,2878.0
1753600237017,07:10:37.017,gateio,ACH/USDT:USDT,0.02319,195.0,0.02318,236.0,0.02321,862.0,0.02322,2878.0
1753600237117,07:10:37.117,gateio,ACH/USDT:USDT,0.02319,195.0,0.02318,178.0,0.02321,862.0,0.02322,2878.0
1753600237283,07:10:37.283,gateio,ACH/USDT:USDT,0.02319,195.0,0.02318,178.0,0.0232,175.0,0.02321,862.0
1753600237357,07:10:37.357,gateio,ACH/USDT:USDT,0.02319,238.0,0.02318,178.0,0.02321,862.0,0.02322,2878.0
1753600237416,07:10:37.416,gateio,ACH/USDT:USDT,0.02319,195.0,0.02318,178.0,0.02321,862.0,0.02322,2878.0
1753600237735,07:10:37.735,gateio,ACH/USDT:USDT,0.02319,195.0,0.02318,178.0,0.02321,2057.0,0.02322,2878.0
1753600237818,07:10:37.818,gateio,ACH/USDT:USDT,0.02319,195.0,0.02318,236.0,0.02321,2057.0,0.02322,2878.0
1753600237916,07:10:37.916,gateio,ACH/USDT:USDT,0.02319,195.0,0.02318,178.0,0.02321,2057.0,0.02322,2878.0
1753600238214,07:10:38.214,gateio,ACH/USDT:USDT,0.02319,195.0,0.02318,178.0,0.0232,177.0,0.02321,2057.0
1753600238390,07:10:38.390,gateio,ACH/USDT:USDT,0.02319,238.0,0.02318,178.0,0.0232,177.0,0.02321,2057.0
1753600238793,07:10:38.793,gateio,ACH/USDT:USDT,0.02319,63.0,0.02318,178.0,0.0232,177.0,0.02321,2057.0
1753600238897,07:10:38.897,gateio,ACH/USDT:USDT,0.02319,63.0,0.02318,178.0,0.0232,177.0,0.02321,2057.0
1753600238945,07:10:38.945,gateio,ACH/USDT:USDT,0.02319,63.0,0.02318,236.0,0.0232,177.0,0.02321,2057.0
1753600239021,07:10:39.021,gateio,ACH/USDT:USDT,0.02319,63.0,0.02318,178.0,0.0232,177.0,0.02321,2057.0
1753600239205,07:10:39.205,gateio,ACH/USDT:USDT,0.02319,63.0,0.02318,178.0,0.0232,177.0,0.02321,2057.0
1753600240718,07:10:40.718,gateio,ACH/USDT:USDT,0.02319,63.0,0.02318,178.0,0.0232,177.0,0.02321,2057.0
1753600240832,07:10:40.832,gateio,ACH/USDT:USDT,0.02319,63.0,0.02318,236.0,0.0232,177.0,0.02321,2057.0
1753600240918,07:10:40.918,gateio,ACH/USDT:USDT,0.02319,63.0,0.02318,178.0,0.0232,177.0,0.02321,2057.0
1753600241878,07:10:41.878,gateio,ACH/USDT:USDT,0.02319,63.0,0.02318,178.0,0.0232,5892.0,0.02321,4015.0
1753600241920,07:10:41.920,gateio,ACH/USDT:USDT,0.02319,63.0,0.02318,236.0,0.0232,5892.0,0.02321,4015.0
1753600242039,07:10:42.039,gateio,ACH/USDT:USDT,0.02319,63.0,0.02318,178.0,0.0232,5892.0,0.02321,4015.0
1753600242246,07:10:42.246,gateio,ACH/USDT:USDT,0.02319,63.0,0.02318,178.0,0.0232,177.0,0.02321,4015.0
1753600242327,07:10:42.327,gateio,ACH/USDT:USDT,0.02319,63.0,0.02318,178.0,0.0232,177.0,0.02321,4015.0
1753600242666,07:10:42.666,gateio,ACH/USDT:USDT,0.02319,63.0,0.02318,178.0,0.0232,177.0,0.02321,4015.0
1753600242721,07:10:42.721,gateio,ACH/USDT:USDT,0.02319,63.0,0.02318,236.0,0.0232,177.0,0.02321,4015.0
1753600242817,07:10:42.817,gateio,ACH/USDT:USDT,0.02319,63.0,0.02318,178.0,0.0232,177.0,0.02321,4015.0
1753600243017,07:10:43.017,gateio,ACH/USDT:USDT,0.02319,63.0,0.02318,178.0,0.0232,177.0,0.02321,4015.0
1753600243257,07:10:43.257,gateio,ACH/USDT:USDT,0.02319,63.0,0.02318,178.0,0.0232,177.0,0.02321,4015.0
1753600243320,07:10:43.320,gateio,ACH/USDT:USDT,0.02319,63.0,0.02318,236.0,0.0232,177.0,0.02321,4015.0
1753600243418,07:10:43.418,gateio,ACH/USDT:USDT,0.02319,63.0,0.02318,178.0,0.0232,177.0,0.02321,4015.0
1753600245104,07:10:45.104,gateio,ACH/USDT:USDT,0.02319,63.0,0.02318,178.0,0.0232,177.0,0.02321,4015.0
1753600245118,07:10:45.118,gateio,ACH/USDT:USDT,0.02319,63.0,0.02318,236.0,0.0232,177.0,0.02321,4015.0
1753600245217,07:10:45.217,gateio,ACH/USDT:USDT,0.02319,63.0,0.02318,178.0,0.0232,177.0,0.02321,4015.0
1753600245565,07:10:45.565,gateio,ACH/USDT:USDT,0.02319,63.0,0.02318,178.0,0.0232,177.0,0.02321,2057.0
1753600250318,07:10:50.318,gateio,ACH/USDT:USDT,0.02319,63.0,0.02318,178.0,0.0232,177.0,0.02321,2057.0
1753600253874,07:10:53.874,gateio,ACH/USDT:USDT,0.02319,63.0,0.02318,178.0,0.0232,2024.0,0.02321,4001.0
1753600254009,07:10:54.009,gateio,ACH/USDT:USDT,0.0232,176.0,0.02319,63.0,0.02321,682.0,0.02322,337.0
1753600254067,07:10:54.067,gateio,ACH/USDT:USDT,0.0232,196.0,0.02318,178.0,0.02321,682.0,0.02322,337.0
1753600254192,07:10:54.192,gateio,ACH/USDT:USDT,0.0232,196.0,0.02318,178.0,0.02322,1019.0,0.02323,1362.0
1753600254300,07:10:54.300,gateio,ACH/USDT:USDT,0.0232,196.0,0.02318,178.0,0.02322,1019.0,0.02323,3240.0
1753600254381,07:10:54.381,gateio,ACH/USDT:USDT,0.0232,196.0,0.02318,178.0,0.02322,1019.0,0.02323,3240.0
1753600255119,07:10:55.119,gateio,ACH/USDT:USDT,0.0232,196.0,0.02318,178.0,0.02322,1019.0,0.02323,3240.0
1753600255330,07:10:55.330,gateio,ACH/USDT:USDT,0.0232,196.0,0.02318,178.0,0.02322,1019.0,0.02323,3240.0
1753600256179,07:10:56.179,gateio,ACH/USDT:USDT,0.0232,196.0,0.02318,178.0,0.02322,1019.0,0.02323,3240.0
1753600257383,07:10:57.383,gateio,ACH/USDT:USDT,0.02321,176.0,0.0232,196.0,0.02322,1019.0,0.02323,3240.0
1753600257507,07:10:57.507,gateio,ACH/USDT:USDT,0.02321,176.0,0.0232,176.0,0.02322,1019.0,0.02323,3240.0
1753600257557,07:10:57.557,gateio,ACH/USDT:USDT,0.0232,176.0,0.02319,812.0,0.02322,1019.0,0.02323,3240.0
1753600257776,07:10:57.776,gateio,ACH/USDT:USDT,0.0232,176.0,0.02319,812.0,0.02322,1019.0,0.02323,3240.0
1753600258196,07:10:58.196,gateio,ACH/USDT:USDT,0.0232,176.0,0.02319,812.0,0.02322,1019.0,0.02323,3240.0
1753600258337,07:10:58.337,gateio,ACH/USDT:USDT,0.0232,176.0,0.02319,812.0,0.02322,1019.0,0.02323,3240.0
1753600259919,07:10:59.919,gateio,ACH/USDT:USDT,0.0232,176.0,0.02319,812.0,0.02322,1019.0,0.02323,3240.0
1753600260219,07:11:00.219,gateio,ACH/USDT:USDT,0.0232,176.0,0.02319,812.0,0.02322,1019.0,0.02323,3240.0
1753600261507,07:11:01.507,gateio,ACH/USDT:USDT,0.0232,176.0,0.02319,812.0,0.02322,1019.0,0.02323,3240.0
1753600261518,07:11:01.518,gateio,ACH/USDT:USDT,0.0232,176.0,0.02319,870.0,0.02322,1019.0,0.02323,3240.0
1753600261617,07:11:01.617,gateio,ACH/USDT:USDT,0.0232,176.0,0.02319,812.0,0.02322,1019.0,0.02323,3240.0
1753600261840,07:11:01.840,gateio,ACH/USDT:USDT,0.0232,176.0,0.02319,812.0,0.02322,1019.0,0.02323,3240.0
1753600262275,07:11:02.275,gateio,ACH/USDT:USDT,0.0232,176.0,0.02319,812.0,0.02322,1019.0,0.02323,3240.0
1753600262318,07:11:02.318,gateio,ACH/USDT:USDT,0.0232,176.0,0.02319,870.0,0.02322,1019.0,0.02323,3240.0
1753600262417,07:11:02.417,gateio,ACH/USDT:USDT,0.0232,176.0,0.02319,812.0,0.02322,1019.0,0.02323,3240.0
1753600263153,07:11:03.153,gateio,ACH/USDT:USDT,0.0232,176.0,0.02319,812.0,0.02322,1019.0,0.02323,3240.0
1753600263219,07:11:03.219,gateio,ACH/USDT:USDT,0.0232,176.0,0.02319,870.0,0.02322,1019.0,0.02323,3240.0
1753600263316,07:11:03.316,gateio,ACH/USDT:USDT,0.0232,176.0,0.02319,812.0,0.02322,1019.0,0.02323,3240.0
1753600264734,07:11:04.734,gateio,ACH/USDT:USDT,0.0232,176.0,0.02319,812.0,0.02322,1019.0,0.02323,3240.0
1753600264818,07:11:04.818,gateio,ACH/USDT:USDT,0.0232,176.0,0.02319,870.0,0.02322,1019.0,0.02323,3240.0
1753600264917,07:11:04.917,gateio,ACH/USDT:USDT,0.0232,176.0,0.02319,812.0,0.02322,1019.0,0.02323,3240.0
1753600265726,07:11:05.726,gateio,ACH/USDT:USDT,0.0232,176.0,0.02319,812.0,0.02322,1019.0,0.02323,3240.0
1753600265817,07:11:05.817,gateio,ACH/USDT:USDT,0.0232,176.0,0.02319,870.0,0.02322,1019.0,0.02323,3240.0
1753600265918,07:11:05.918,gateio,ACH/USDT:USDT,0.0232,176.0,0.02319,812.0,0.02322,1019.0,0.02323,3240.0
1753600269547,07:11:09.547,gateio,ACH/USDT:USDT,0.0232,176.0,0.02319,812.0,0.02322,1019.0,0.02323,3240.0
1753600269617,07:11:09.617,gateio,ACH/USDT:USDT,0.0232,176.0,0.02319,870.0,0.02322,1019.0,0.02323,3240.0
1753600269718,07:11:09.718,gateio,ACH/USDT:USDT,0.0232,176.0,0.02319,812.0,0.02322,1019.0,0.02323,3240.0
1753600270909,07:11:10.909,gateio,ACH/USDT:USDT,0.0232,176.0,0.02319,812.0,0.02322,1019.0,0.02323,3240.0
1753600270917,07:11:10.917,gateio,ACH/USDT:USDT,0.0232,176.0,0.02319,870.0,0.02322,1019.0,0.02323,3240.0
1753600271017,07:11:11.017,gateio,ACH/USDT:USDT,0.0232,176.0,0.02319,812.0,0.02322,1019.0,0.02323,3240.0
1753600272354,07:11:12.354,gateio,ACH/USDT:USDT,0.0232,176.0,0.02319,812.0,0.02322,1019.0,0.02323,3240.0
1753600272418,07:11:12.418,gateio,ACH/USDT:USDT,0.0232,176.0,0.02319,870.0,0.02322,1019.0,0.02323,3240.0
1753600272518,07:11:12.518,gateio,ACH/USDT:USDT,0.0232,176.0,0.02319,812.0,0.02322,1019.0,0.02323,3240.0
1753600273662,07:11:13.662,gateio,ACH/USDT:USDT,0.0232,176.0,0.02319,812.0,0.02322,1019.0,0.02323,3240.0
1753600273717,07:11:13.717,gateio,ACH/USDT:USDT,0.0232,176.0,0.02319,870.0,0.02322,1019.0,0.02323,3240.0
1753600273816,07:11:13.816,gateio,ACH/USDT:USDT,0.0232,176.0,0.02319,812.0,0.02322,1019.0,0.02323,3240.0
1753600274192,07:11:14.192,gateio,ACH/USDT:USDT,0.0232,176.0,0.02319,812.0,0.02322,1019.0,0.02323,3240.0
1753600274320,07:11:14.320,gateio,ACH/USDT:USDT,0.0232,176.0,0.02319,812.0,0.02322,1019.0,0.02323,3240.0
1753600274421,07:11:14.421,gateio,ACH/USDT:USDT,0.0232,176.0,0.02319,870.0,0.02322,1019.0,0.02323,3240.0
1753600274517,07:11:14.517,gateio,ACH/USDT:USDT,0.0232,176.0,0.02319,812.0,0.02322,1019.0,0.02323,3240.0
1753600275192,07:11:15.192,gateio,ACH/USDT:USDT,0.0232,176.0,0.02319,812.0,0.02322,1019.0,0.02323,3240.0
1753600275218,07:11:15.218,gateio,ACH/USDT:USDT,0.0232,176.0,0.02319,870.0,0.02322,1019.0,0.02323,3240.0
1753600275317,07:11:15.317,gateio,ACH/USDT:USDT,0.0232,176.0,0.02319,812.0,0.02322,1019.0,0.02323,3240.0
1753600276494,07:11:16.494,gateio,ACH/USDT:USDT,0.0232,196.0,0.02319,812.0,0.02321,176.0,0.02322,1019.0
1753600276585,07:11:16.585,gateio,ACH/USDT:USDT,0.0232,196.0,0.02319,870.0,0.02321,176.0,0.02322,1019.0
1753600276688,07:11:16.688,gateio,ACH/USDT:USDT,0.0232,20.0,0.02319,812.0,0.02321,176.0,0.02322,1019.0
1753600278791,07:11:18.791,gateio,ACH/USDT:USDT,0.0232,20.0,0.02319,812.0,0.02321,176.0,0.02322,1019.0
1753600278818,07:11:18.818,gateio,ACH/USDT:USDT,0.0232,20.0,0.02319,870.0,0.02321,176.0,0.02322,1019.0
1753600278919,07:11:18.919,gateio,ACH/USDT:USDT,0.0232,20.0,0.02319,812.0,0.02321,176.0,0.02322,1019.0
1753600279119,07:11:19.119,gateio,ACH/USDT:USDT,0.0232,20.0,0.02319,812.0,0.02321,176.0,0.02322,1019.0
1753600279291,07:11:19.291,gateio,ACH/USDT:USDT,0.0232,20.0,0.02319,812.0,0.02321,176.0,0.02322,1019.0
1753600280295,07:11:20.295,gateio,ACH/USDT:USDT,0.0232,20.0,0.02319,812.0,0.02321,176.0,0.02322,1019.0
1753600280396,07:11:20.396,gateio,ACH/USDT:USDT,0.0232,20.0,0.02319,870.0,0.02321,176.0,0.02322,1019.0
1753600280417,07:11:20.417,gateio,ACH/USDT:USDT,0.0232,20.0,0.02319,812.0,0.02321,176.0,0.02322,1019.0
1753600281115,07:11:21.115,gateio,ACH/USDT:USDT,0.0232,199.0,0.02319,812.0,0.02321,176.0,0.02322,1019.0
1753600281218,07:11:21.218,gateio,ACH/USDT:USDT,0.0232,199.0,0.02319,870.0,0.02321,176.0,0.02322,1019.0
1753600281317,07:11:21.317,gateio,ACH/USDT:USDT,0.0232,199.0,0.02319,812.0,0.02321,176.0,0.02322,1019.0
1753600282566,07:11:22.566,gateio,ACH/USDT:USDT,0.0232,199.0,0.02319,812.0,0.02321,176.0,0.02322,1019.0
1753600282618,07:11:22.618,gateio,ACH/USDT:USDT,0.0232,199.0,0.02319,870.0,0.02321,176.0,0.02322,1019.0
1753600282717,07:11:22.717,gateio,ACH/USDT:USDT,0.0232,199.0,0.02319,812.0,0.02321,176.0,0.02322,1019.0
1753600283352,07:11:23.352,gateio,ACH/USDT:USDT,0.0232,20.0,0.02319,812.0,0.02321,176.0,0.02322,1019.0
1753600283418,07:11:23.418,gateio,ACH/USDT:USDT,0.0232,20.0,0.02319,870.0,0.02321,176.0,0.02322,1019.0
1753600283517,07:11:23.517,gateio,ACH/USDT:USDT,0.0232,20.0,0.02319,812.0,0.02321,176.0,0.02322,1019.0
1753600283708,07:11:23.708,gateio,ACH/USDT:USDT,0.0232,20.0,0.02318,178.0,0.02321,176.0,0.02322,1019.0
1753600283809,07:11:23.809,gateio,ACH/USDT:USDT,0.0232,20.0,0.02318,178.0,0.02321,176.0,0.02322,1019.0
1753600283921,07:11:23.921,gateio,ACH/USDT:USDT,0.0232,20.0,0.02318,178.0,0.02321,176.0,0.02322,1019.0
1753600284018,07:11:24.018,gateio,ACH/USDT:USDT,0.0232,20.0,0.02318,236.0,0.02321,176.0,0.02322,1019.0
1753600284116,07:11:24.116,gateio,ACH/USDT:USDT,0.0232,20.0,0.02318,178.0,0.02321,176.0,0.02322,1019.0
1753600284248,07:11:24.248,gateio,ACH/USDT:USDT,0.0232,20.0,0.02318,178.0,0.02321,858.0,0.02322,337.0
1753600284388,07:11:24.388,gateio,ACH/USDT:USDT,0.0232,20.0,0.02318,178.0,0.02321,858.0,0.02322,337.0
1753600285572,07:11:25.572,gateio,ACH/USDT:USDT,0.0232,20.0,0.02318,178.0,0.02321,858.0,0.02322,337.0
1753600285709,07:11:25.709,gateio,ACH/USDT:USDT,0.0232,20.0,0.02318,236.0,0.02321,858.0,0.02322,337.0
1753600285717,07:11:25.717,gateio,ACH/USDT:USDT,0.0232,20.0,0.02318,178.0,0.02321,858.0,0.02322,337.0
1753600287905,07:11:27.905,gateio,ACH/USDT:USDT,0.0232,20.0,0.02318,178.0,0.02321,858.0,0.02322,337.0
1753600287992,07:11:27.992,gateio,ACH/USDT:USDT,0.0232,20.0,0.02318,178.0,0.02321,858.0,0.02322,337.0
1753600288112,07:11:28.112,gateio,ACH/USDT:USDT,0.0232,20.0,0.02318,178.0,0.02321,858.0,0.02322,337.0
1753600288719,07:11:28.719,gateio,ACH/USDT:USDT,0.0232,20.0,0.02318,178.0,0.02321,858.0,0.02322,337.0
1753600289792,07:11:29.792,gateio,ACH/USDT:USDT,0.0232,20.0,0.02318,178.0,0.02321,858.0,0.02322,2529.0
1753600292646,07:11:32.646,gateio,ACH/USDT:USDT,0.0232,20.0,0.02318,178.0,0.02321,858.0,0.02322,8784.0
1753600292776,07:11:32.776,gateio,ACH/USDT:USDT,0.0232,20.0,0.02318,178.0,0.02321,858.0,0.02322,8784.0
1753600293408,07:11:33.408,gateio,ACH/USDT:USDT,0.0232,20.0,0.02318,178.0,0.02321,858.0,0.02322,8784.0
1753600293520,07:11:33.520,gateio,ACH/USDT:USDT,0.0232,20.0,0.02318,178.0,0.02321,858.0,0.02322,8784.0
1753600295452,07:11:35.452,gateio,ACH/USDT:USDT,0.0232,20.0,0.02318,178.0,0.02321,10023.0,0.02322,8784.0
1753600296188,07:11:36.188,gateio,ACH/USDT:USDT,0.0232,20.0,0.02318,178.0,0.02321,10394.0,0.02322,8784.0
1753600298332,07:11:38.332,gateio,ACH/USDT:USDT,0.0232,20.0,0.02318,178.0,0.02321,10394.0,0.02322,8784.0
1753600298417,07:11:38.417,gateio,ACH/USDT:USDT,0.0232,20.0,0.02318,236.0,0.02321,10394.0,0.02322,8784.0
1753600298518,07:11:38.518,gateio,ACH/USDT:USDT,0.0232,20.0,0.02318,178.0,0.02321,10394.0,0.02322,8784.0
1753600298706,07:11:38.706,gateio,ACH/USDT:USDT,0.02318,176.0,0.02317,219.0,0.0232,176.0,0.02321,12372.0
1753600298744,07:11:38.744,gateio,ACH/USDT:USDT,0.02318,176.0,0.02317,176.0,0.0232,176.0,0.02321,2836.0
1753600298889,07:11:38.889,gateio,ACH/USDT:USDT,0.02317,176.0,0.02316,3865.0,0.0232,176.0,0.02321,2836.0
1753600298916,07:11:38.916,gateio,ACH/USDT:USDT,0.02318,43.0,0.02317,176.0,0.0232,176.0,0.02321,2836.0
1753600299030,07:11:39.030,gateio,ACH/USDT:USDT,0.02319,20.0,0.02318,43.0,0.0232,176.0,0.02321,2836.0
1753600299118,07:11:39.118,gateio,ACH/USDT:USDT,0.02319,20.0,0.02318,101.0,0.0232,176.0,0.02321,2836.0
1753600299296,07:11:39.296,gateio,ACH/USDT:USDT,0.02319,20.0,0.02318,43.0,0.0232,176.0,0.02321,2836.0
1753600299472,07:11:39.472,gateio,ACH/USDT:USDT,0.02319,20.0,0.02318,43.0,0.0232,9716.0,0.02321,2836.0
1753600299712,07:11:39.712,gateio,ACH/USDT:USDT,0.02319,20.0,0.02318,43.0,0.0232,9716.0,0.02321,2836.0
1753600299817,07:11:39.817,gateio,ACH/USDT:USDT,0.02319,20.0,0.02318,101.0,0.0232,9716.0,0.02321,2836.0
1753600299917,07:11:39.917,gateio,ACH/USDT:USDT,0.02319,20.0,0.02318,43.0,0.0232,9716.0,0.02321,2836.0
1753600300104,07:11:40.104,gateio,ACH/USDT:USDT,0.02319,20.0,0.02318,43.0,0.0232,9716.0,0.02321,2836.0
1753600300112,07:11:40.112,gateio,ACH/USDT:USDT,0.02319,20.0,0.02318,43.0,0.0232,9716.0,0.02321,2836.0
1753600300405,07:11:40.405,gateio,ACH/USDT:USDT,0.02319,20.0,0.02318,43.0,0.0232,10222.0,0.02321,2836.0
1753600300440,07:11:40.440,gateio,ACH/USDT:USDT,0.02319,20.0,0.02318,43.0,0.0232,10729.0,0.02321,2836.0
1753600301210,07:11:41.210,gateio,ACH/USDT:USDT,0.02319,20.0,0.02318,43.0,0.0232,10223.0,0.02321,2836.0
1753600301318,07:11:41.318,gateio,ACH/USDT:USDT,0.02319,20.0,0.02318,101.0,0.0232,10223.0,0.02321,2836.0
1753600301417,07:11:41.417,gateio,ACH/USDT:USDT,0.02319,20.0,0.02318,43.0,0.0232,10223.0,0.02321,2836.0
1753600301830,07:11:41.830,gateio,ACH/USDT:USDT,0.02319,20.0,0.02318,43.0,0.0232,10223.0,0.02321,2836.0
1753600301997,07:11:41.997,gateio,ACH/USDT:USDT,0.02319,20.0,0.02318,43.0,0.0232,10621.0,0.02321,2836.0
1753600302427,07:11:42.427,gateio,ACH/USDT:USDT,0.02319,20.0,0.02318,43.0,0.0232,10621.0,0.02321,2836.0
1753600302538,07:11:42.538,gateio,ACH/USDT:USDT,0.02319,20.0,0.02318,101.0,0.0232,10621.0,0.02321,2836.0
1753600302617,07:11:42.617,gateio,ACH/USDT:USDT,0.02319,20.0,0.02318,43.0,0.0232,10621.0,0.02321,2836.0
1753600303052,07:11:43.052,gateio,ACH/USDT:USDT,0.02319,20.0,0.02318,43.0,0.0232,16878.0,0.02321,2015.0
1753600303120,07:11:43.120,gateio,ACH/USDT:USDT,0.02319,20.0,0.02318,101.0,0.0232,16878.0,0.02321,2015.0
1753600303221,07:11:43.221,gateio,ACH/USDT:USDT,0.02319,20.0,0.02318,43.0,0.0232,16878.0,0.02321,2015.0
1753600306932,07:11:46.932,gateio,ACH/USDT:USDT,0.02319,20.0,0.02318,43.0,0.0232,17422.0,0.02321,2015.0
1753600307017,07:11:47.017,gateio,ACH/USDT:USDT,0.02319,20.0,0.02318,101.0,0.0232,17422.0,0.02321,2015.0
1753600307117,07:11:47.117,gateio,ACH/USDT:USDT,0.02319,20.0,0.02318,43.0,0.0232,17422.0,0.02321,2015.0
1753600307293,07:11:47.293,gateio,ACH/USDT:USDT,0.02319,196.0,0.02318,43.0,0.0232,176.0,0.02321,2015.0
1753600307357,07:11:47.357,gateio,ACH/USDT:USDT,0.02319,20.0,0.02318,43.0,0.0232,176.0,0.02321,2015.0
1753600307499,07:11:47.499,gateio,ACH/USDT:USDT,0.02319,20.0,0.02318,43.0,0.0232,176.0,0.02321,8272.0
1753600307518,07:11:47.518,gateio,ACH/USDT:USDT,0.02319,20.0,0.02318,101.0,0.0232,176.0,0.02321,8272.0
1753600307617,07:11:47.617,gateio,ACH/USDT:USDT,0.02319,20.0,0.02318,43.0,0.0232,176.0,0.02321,8272.0
1753600307920,07:11:47.920,gateio,ACH/USDT:USDT,0.02319,20.0,0.02318,43.0,0.0232,176.0,0.02321,8272.0
1753600310308,07:11:50.308,gateio,ACH/USDT:USDT,0.02319,20.0,0.02318,43.0,0.0232,176.0,0.02321,8272.0
1753600310418,07:11:50.418,gateio,ACH/USDT:USDT,0.02319,20.0,0.02318,101.0,0.0232,176.0,0.02321,8272.0
1753600310609,07:11:50.609,gateio,ACH/USDT:USDT,0.02319,20.0,0.02318,43.0,0.0232,4782.0,0.02321,8272.0
1753600312721,07:11:52.721,gateio,ACH/USDT:USDT,0.02319,20.0,0.02318,43.0,0.0232,4782.0,0.02321,8272.0
1753600312847,07:11:52.847,gateio,ACH/USDT:USDT,0.02319,20.0,0.02318,101.0,0.0232,4782.0,0.02321,8272.0
1753600312917,07:11:52.917,gateio,ACH/USDT:USDT,0.02319,20.0,0.02318,43.0,0.0232,4782.0,0.02321,8272.0
1753600314301,07:11:54.301,gateio,ACH/USDT:USDT,0.02319,20.0,0.02318,43.0,0.0232,5464.0,0.02321,7590.0
1753600314319,07:11:54.319,gateio,ACH/USDT:USDT,0.02319,20.0,0.02318,101.0,0.0232,5464.0,0.02321,7590.0
1753600314417,07:11:54.417,gateio,ACH/USDT:USDT,0.02319,20.0,0.02318,43.0,0.0232,5464.0,0.02321,7590.0
1753600315967,07:11:55.967,gateio,ACH/USDT:USDT,0.02319,20.0,0.02318,43.0,0.0232,5808.0,0.02321,7590.0
1753600316019,07:11:56.019,gateio,ACH/USDT:USDT,0.02319,20.0,0.02318,101.0,0.0232,5808.0,0.02321,7590.0
1753600316118,07:11:56.118,gateio,ACH/USDT:USDT,0.02319,20.0,0.02318,43.0,0.0232,5808.0,0.02321,7590.0
1753600317232,07:11:57.232,gateio,ACH/USDT:USDT,0.02319,20.0,0.02318,43.0,0.0232,5808.0,0.02321,7590.0
1753600317325,07:11:57.325,gateio,ACH/USDT:USDT,0.02319,20.0,0.02318,101.0,0.0232,5808.0,0.02321,7590.0
1753600317417,07:11:57.417,gateio,ACH/USDT:USDT,0.02319,20.0,0.02318,43.0,0.0232,5808.0,0.02321,7590.0
1753600317532,07:11:57.532,gateio,ACH/USDT:USDT,0.02319,20.0,0.02318,43.0,0.0232,5808.0,0.02321,7590.0
1753600318009,07:11:58.009,gateio,ACH/USDT:USDT,0.02319,20.0,0.02318,43.0,0.0232,5808.0,0.02321,7590.0
1753600318017,07:11:58.017,gateio,ACH/USDT:USDT,0.02319,20.0,0.02318,101.0,0.0232,5808.0,0.02321,7590.0
1753600318116,07:11:58.116,gateio,ACH/USDT:USDT,0.02319,20.0,0.02318,43.0,0.0232,5808.0,0.02321,7590.0
1753600319209,07:11:59.209,gateio,ACH/USDT:USDT,0.0232,176.0,0.02319,196.0,0.02321,682.0,0.02322,337.0
1753600319296,07:11:59.296,gateio,ACH/USDT:USDT,0.0232,176.0,0.02319,196.0,0.02322,337.0,0.02323,2015.0
1753600319410,07:11:59.410,gateio,ACH/USDT:USDT,0.0232,176.0,0.02319,196.0,0.02322,337.0,0.02323,2015.0
1753600319492,07:11:59.492,gateio,ACH/USDT:USDT,0.0232,176.0,0.02319,196.0,0.02322,6593.0,0.02323,2015.0
1753600319604,07:11:59.604,gateio,ACH/USDT:USDT,0.0232,176.0,0.02319,196.0,0.02322,6593.0,0.02323,2015.0
1753600319613,07:11:59.613,gateio,ACH/USDT:USDT,0.0232,176.0,0.02319,196.0,0.02322,6593.0,0.02323,2015.0
1753600320637,07:12:00.637,gateio,ACH/USDT:USDT,0.0232,176.0,0.02319,196.0,0.02322,6593.0,0.02323,2015.0
1753600320880,07:12:00.880,gateio,ACH/USDT:USDT,0.0232,196.0,0.02319,196.0,0.02321,176.0,0.02322,6593.0
1753600321058,07:12:01.058,gateio,ACH/USDT:USDT,0.0232,196.0,0.02319,196.0,0.02321,176.0,0.02322,6593.0
1753600321477,07:12:01.477,gateio,ACH/USDT:USDT,0.0232,196.0,0.02319,196.0,0.02321,176.0,0.02322,6593.0
1753600322404,07:12:02.404,gateio,ACH/USDT:USDT,0.0232,196.0,0.02319,196.0,0.02322,6593.0,0.02323,2015.0
1753600322484,07:12:02.484,gateio,ACH/USDT:USDT,0.02321,176.0,0.0232,176.0,0.02322,165.0,0.02323,862.0
1753600322608,07:12:02.608,gateio,ACH/USDT:USDT,0.02321,176.0,0.0232,176.0,0.02323,862.0,0.02324,176.0
1753600322702,07:12:02.702,gateio,ACH/USDT:USDT,0.0232,176.0,0.02319,239.0,0.02323,7117.0,0.02324,176.0
1753600322801,07:12:02.801,gateio,ACH/USDT:USDT,0.0232,176.0,0.02319,239.0,0.02323,7117.0,0.02324,176.0
1753600322867,07:12:02.867,gateio,ACH/USDT:USDT,0.0232,176.0,0.02319,239.0,0.02323,7117.0,0.02324,176.0
1753600323164,07:12:03.164,gateio,ACH/USDT:USDT,0.0232,176.0,0.02319,239.0,0.02323,7117.0,0.02324,176.0
1753600323321,07:12:03.321,gateio,ACH/USDT:USDT,0.0232,176.0,0.02319,239.0,0.02323,7117.0,0.02324,176.0
1753600323506,07:12:03.506,gateio,ACH/USDT:USDT,0.0232,176.0,0.02319,239.0,0.02323,7117.0,0.02324,176.0
1753600323537,07:12:03.537,gateio,ACH/USDT:USDT,0.0232,176.0,0.02319,239.0,0.02323,7117.0,0.02324,2080.0
1753600323886,07:12:03.886,gateio,ACH/USDT:USDT,0.0232,176.0,0.02319,239.0,0.02323,7117.0,0.02324,176.0
1753600324259,07:12:04.259,gateio,ACH/USDT:USDT,0.0232,176.0,0.02319,239.0,0.02323,862.0,0.02324,6429.0
1753600324336,07:12:04.336,gateio,ACH/USDT:USDT,0.0232,176.0,0.02319,239.0,0.02323,862.0,0.02324,6429.0
1753600325846,07:12:05.846,gateio,ACH/USDT:USDT,0.0232,176.0,0.02319,239.0,0.02323,862.0,0.02324,6429.0
1753600326005,07:12:06.005,gateio,ACH/USDT:USDT,0.0232,176.0,0.02319,239.0,0.02323,862.0,0.02324,7577.0
1753600326506,07:12:06.506,gateio,ACH/USDT:USDT,0.0232,176.0,0.02319,239.0,0.02323,862.0,0.02324,7577.0
1753600326621,07:12:06.621,gateio,ACH/USDT:USDT,0.0232,176.0,0.02319,239.0,0.02323,862.0,0.02324,7577.0
1753600327352,07:12:07.352,gateio,ACH/USDT:USDT,0.0232,176.0,0.02319,239.0,0.02323,862.0,0.02324,7577.0
1753600327580,07:12:07.580,gateio,ACH/USDT:USDT,0.0232,176.0,0.02319,239.0,0.02323,862.0,0.02324,7577.0
1753600328122,07:12:08.122,gateio,ACH/USDT:USDT,0.0232,176.0,0.02319,239.0,0.02323,862.0,0.02324,7577.0
1753600328217,07:12:08.217,gateio,ACH/USDT:USDT,0.0232,176.0,0.02319,219.0,0.02323,862.0,0.02324,7577.0
1753600329903,07:12:09.903,gateio,ACH/USDT:USDT,0.0232,176.0,0.02319,219.0,0.02323,862.0,0.02324,7577.0
1753600330044,07:12:10.044,gateio,ACH/USDT:USDT,0.0232,176.0,0.02319,219.0,0.02322,179.0,0.02323,862.0
1753600330404,07:12:10.404,gateio,ACH/USDT:USDT,0.0232,176.0,0.02319,219.0,0.02322,179.0,0.02323,862.0
1753600331109,07:12:11.109,gateio,ACH/USDT:USDT,0.02321,812.0,0.0232,176.0,0.02323,862.0,0.02324,7577.0
1753600331209,07:12:11.209,gateio,ACH/USDT:USDT,0.0232,176.0,0.02319,176.0,0.02323,862.0,0.02324,7577.0
1753600331226,07:12:11.226,gateio,ACH/USDT:USDT,0.0232,991.0,0.02319,219.0,0.02323,862.0,0.02324,7577.0
1753600331332,07:12:11.332,gateio,ACH/USDT:USDT,0.02321,222.0,0.0232,991.0,0.02323,862.0,0.02324,7577.0
1753600331417,07:12:11.417,gateio,ACH/USDT:USDT,0.02321,222.0,0.0232,991.0,0.02323,862.0,0.02324,7577.0
1753600331517,07:12:11.517,gateio,ACH/USDT:USDT,0.02321,222.0,0.0232,991.0,0.02323,862.0,0.02324,7577.0
1753600331644,07:12:11.644,gateio,ACH/USDT:USDT,0.02321,222.0,0.0232,991.0,0.02323,862.0,0.02324,7577.0
1753600331717,07:12:11.717,gateio,ACH/USDT:USDT,0.02321,222.0,0.0232,991.0,0.02323,862.0,0.02324,7577.0
1753600331819,07:12:11.819,gateio,ACH/USDT:USDT,0.02321,222.0,0.0232,991.0,0.02323,862.0,0.02324,7577.0
1753600331916,07:12:11.916,gateio,ACH/USDT:USDT,0.02321,222.0,0.0232,991.0,0.02323,862.0,0.02324,7577.0
1753600332018,07:12:12.018,gateio,ACH/USDT:USDT,0.02321,222.0,0.0232,991.0,0.02323,862.0,0.02324,7577.0
1753600332118,07:12:12.118,gateio,ACH/USDT:USDT,0.02321,222.0,0.0232,991.0,0.02323,862.0,0.02324,7577.0
1753600332216,07:12:12.216,gateio,ACH/USDT:USDT,0.02321,222.0,0.0232,991.0,0.02323,862.0,0.02324,7577.0
1753600332377,07:12:12.377,gateio,ACH/USDT:USDT,0.02321,222.0,0.0232,991.0,0.02323,862.0,0.02324,7577.0
1753600332467,07:12:12.467,gateio,ACH/USDT:USDT,0.02321,222.0,0.0232,991.0,0.02323,862.0,0.02324,7577.0
1753600332516,07:12:12.516,gateio,ACH/USDT:USDT,0.02321,222.0,0.0232,991.0,0.02323,862.0,0.02324,7577.0
1753600332622,07:12:12.622,gateio,ACH/USDT:USDT,0.02321,222.0,0.0232,991.0,0.02323,862.0,0.02324,7577.0
1753600332717,07:12:12.717,gateio,ACH/USDT:USDT,0.02321,222.0,0.0232,991.0,0.02323,862.0,0.02324,7577.0
1753600332833,07:12:12.833,gateio,ACH/USDT:USDT,0.02321,222.0,0.0232,991.0,0.02323,862.0,0.02324,7577.0
1753600332920,07:12:12.920,gateio,ACH/USDT:USDT,0.02321,222.0,0.0232,991.0,0.02323,862.0,0.02324,7577.0
1753600333016,07:12:13.016,gateio,ACH/USDT:USDT,0.02321,222.0,0.0232,991.0,0.02323,862.0,0.02324,7577.0
1753600333116,07:12:13.116,gateio,ACH/USDT:USDT,0.02321,222.0,0.0232,991.0,0.02323,862.0,0.02324,7577.0
1753600333218,07:12:13.218,gateio,ACH/USDT:USDT,0.02321,222.0,0.0232,991.0,0.02323,862.0,0.02324,7577.0
1753600333316,07:12:13.316,gateio,ACH/USDT:USDT,0.02321,222.0,0.0232,991.0,0.02323,862.0,0.02324,7577.0
1753600333417,07:12:13.417,gateio,ACH/USDT:USDT,0.02321,222.0,0.0232,991.0,0.02323,862.0,0.02324,7577.0
1753600333517,07:12:13.517,gateio,ACH/USDT:USDT,0.02321,222.0,0.0232,991.0,0.02323,862.0,0.02324,7577.0
1753600333616,07:12:13.616,gateio,ACH/USDT:USDT,0.02321,222.0,0.0232,991.0,0.02323,862.0,0.02324,7577.0
1753600333716,07:12:13.716,gateio,ACH/USDT:USDT,0.02321,222.0,0.0232,991.0,0.02323,862.0,0.02324,7577.0
1753600333816,07:12:13.816,gateio,ACH/USDT:USDT,0.02321,222.0,0.0232,991.0,0.02323,862.0,0.02324,7577.0
1753600333920,07:12:13.920,gateio,ACH/USDT:USDT,0.02321,222.0,0.0232,991.0,0.02323,862.0,0.02324,7577.0
1753600334016,07:12:14.016,gateio,ACH/USDT:USDT,0.02321,222.0,0.0232,991.0,0.02323,862.0,0.02324,7577.0
1753600334116,07:12:14.116,gateio,ACH/USDT:USDT,0.02321,222.0,0.0232,991.0,0.02323,862.0,0.02324,7577.0
1753600334216,07:12:14.216,gateio,ACH/USDT:USDT,0.02321,222.0,0.0232,991.0,0.02323,862.0,0.02324,7577.0
1753600334317,07:12:14.317,gateio,ACH/USDT:USDT,0.02321,222.0,0.0232,991.0,0.02323,862.0,0.02324,7577.0
1753600334420,07:12:14.420,gateio,ACH/USDT:USDT,0.02321,222.0,0.0232,991.0,0.02323,862.0,0.02324,7577.0
1753600334516,07:12:14.516,gateio,ACH/USDT:USDT,0.02321,222.0,0.0232,991.0,0.02323,862.0,0.02324,7577.0
1753600334618,07:12:14.618,gateio,ACH/USDT:USDT,0.02321,222.0,0.0232,991.0,0.02323,862.0,0.02324,7577.0
1753600334717,07:12:14.717,gateio,ACH/USDT:USDT,0.02321,222.0,0.0232,991.0,0.02323,862.0,0.02324,7577.0
1753600334817,07:12:14.817,gateio,ACH/USDT:USDT,0.02321,222.0,0.0232,991.0,0.02323,862.0,0.02324,7577.0
1753600334931,07:12:14.931,gateio,ACH/USDT:USDT,0.02321,222.0,0.0232,991.0,0.02323,862.0,0.02324,7577.0
1753600335016,07:12:15.016,gateio,ACH/USDT:USDT,0.02321,222.0,0.0232,991.0,0.02323,862.0,0.02324,7577.0
1753600335498,07:12:15.498,gateio,ACH/USDT:USDT,0.02321,222.0,0.0232,991.0,0.02323,862.0,0.02324,7577.0
1753600335519,07:12:15.519,gateio,ACH/USDT:USDT,0.02321,222.0,0.0232,991.0,0.02323,862.0,0.02324,7577.0
1753600335616,07:12:15.616,gateio,ACH/USDT:USDT,0.02321,222.0,0.0232,991.0,0.02323,862.0,0.02324,7577.0
1753600335716,07:12:15.716,gateio,ACH/USDT:USDT,0.02321,222.0,0.0232,991.0,0.02323,862.0,0.02324,7577.0
1753600335821,07:12:15.821,gateio,ACH/USDT:USDT,0.02321,222.0,0.0232,991.0,0.02323,862.0,0.02324,7577.0
1753600335917,07:12:15.917,gateio,ACH/USDT:USDT,0.02321,222.0,0.0232,991.0,0.02323,862.0,0.02324,7577.0
1753600336016,07:12:16.016,gateio,ACH/USDT:USDT,0.02321,222.0,0.0232,991.0,0.02323,862.0,0.02324,7577.0
1753600336116,07:12:16.116,gateio,ACH/USDT:USDT,0.02321,222.0,0.0232,991.0,0.02323,862.0,0.02324,7577.0
1753600336216,07:12:16.216,gateio,ACH/USDT:USDT,0.02321,222.0,0.0232,991.0,0.02323,862.0,0.02324,7577.0
1753600336316,07:12:16.316,gateio,ACH/USDT:USDT,0.02321,222.0,0.0232,991.0,0.02323,862.0,0.02324,7577.0
1753600336422,07:12:16.422,gateio,ACH/USDT:USDT,0.02321,222.0,0.0232,991.0,0.02323,862.0,0.02324,7577.0
1753600336609,07:12:16.609,gateio,ACH/USDT:USDT,0.02321,222.0,0.0232,991.0,0.02323,1770.0,0.02324,7577.0
1753600336616,07:12:16.616,gateio,ACH/USDT:USDT,0.02321,222.0,0.0232,991.0,0.02323,1770.0,0.02324,7577.0
1753600336716,07:12:16.716,gateio,ACH/USDT:USDT,0.02321,222.0,0.0232,991.0,0.02323,1770.0,0.02324,7577.0
1753600336816,07:12:16.816,gateio,ACH/USDT:USDT,0.02321,222.0,0.0232,991.0,0.02323,1770.0,0.02324,7577.0
1753600336916,07:12:16.916,gateio,ACH/USDT:USDT,0.02321,222.0,0.0232,991.0,0.02323,1770.0,0.02324,7577.0
1753600337017,07:12:17.017,gateio,ACH/USDT:USDT,0.02321,222.0,0.0232,991.0,0.02323,1770.0,0.02324,7577.0
1753600337116,07:12:17.116,gateio,ACH/USDT:USDT,0.02321,222.0,0.0232,991.0,0.02323,1770.0,0.02324,7577.0
1753600337217,07:12:17.217,gateio,ACH/USDT:USDT,0.02321,222.0,0.0232,991.0,0.02323,1770.0,0.02324,7577.0
1753600337332,07:12:17.332,gateio,ACH/USDT:USDT,0.02321,222.0,0.0232,991.0,0.02323,1770.0,0.02324,7577.0
1753600337416,07:12:17.416,gateio,ACH/USDT:USDT,0.02321,222.0,0.0232,991.0,0.02323,1770.0,0.02324,7577.0
1753600337516,07:12:17.516,gateio,ACH/USDT:USDT,0.02321,222.0,0.0232,991.0,0.02323,1770.0,0.02324,7577.0
1753600337616,07:12:17.616,gateio,ACH/USDT:USDT,0.02321,222.0,0.0232,991.0,0.02323,1770.0,0.02324,7577.0
1753600337721,07:12:17.721,gateio,ACH/USDT:USDT,0.02321,222.0,0.0232,991.0,0.02323,1770.0,0.02324,7577.0
1753600337875,07:12:17.875,gateio,ACH/USDT:USDT,0.02321,222.0,0.0232,991.0,0.02323,862.0,0.02324,7577.0
1753600337916,07:12:17.916,gateio,ACH/USDT:USDT,0.02321,222.0,0.0232,991.0,0.02323,862.0,0.02324,7577.0
1753600338017,07:12:18.017,gateio,ACH/USDT:USDT,0.02321,222.0,0.0232,991.0,0.02323,862.0,0.02324,7577.0
1753600338116,07:12:18.116,gateio,ACH/USDT:USDT,0.02321,222.0,0.0232,991.0,0.02323,862.0,0.02324,7577.0
1753600338218,07:12:18.218,gateio,ACH/USDT:USDT,0.02321,222.0,0.0232,991.0,0.02323,862.0,0.02324,7577.0
1753600338316,07:12:18.316,gateio,ACH/USDT:USDT,0.02321,222.0,0.0232,991.0,0.02323,862.0,0.02324,7577.0
1753600338422,07:12:18.422,gateio,ACH/USDT:USDT,0.02321,222.0,0.0232,1049.0,0.02323,862.0,0.02324,7577.0
1753600338517,07:12:18.517,gateio,ACH/USDT:USDT,0.02321,222.0,0.0232,991.0,0.02323,862.0,0.02324,7577.0
1753600338616,07:12:18.616,gateio,ACH/USDT:USDT,0.02321,222.0,0.0232,991.0,0.02323,862.0,0.02324,7577.0
1753600338803,07:12:18.803,gateio,ACH/USDT:USDT,0.02321,222.0,0.0232,991.0,0.02323,862.0,0.02324,7577.0
1753600338819,07:12:18.819,gateio,ACH/USDT:USDT,0.02321,222.0,0.0232,991.0,0.02323,862.0,0.02324,7577.0
1753600338916,07:12:18.916,gateio,ACH/USDT:USDT,0.02321,222.0,0.0232,991.0,0.02323,862.0,0.02324,7577.0
1753600339019,07:12:19.019,gateio,ACH/USDT:USDT,0.02321,222.0,0.0232,1049.0,0.02323,862.0,0.02324,7577.0
1753600339117,07:12:19.117,gateio,ACH/USDT:USDT,0.02321,222.0,0.0232,991.0,0.02323,862.0,0.02324,7577.0
1753600339219,07:12:19.219,gateio,ACH/USDT:USDT,0.02321,222.0,0.0232,991.0,0.02323,862.0,0.02324,7577.0
1753600339316,07:12:19.316,gateio,ACH/USDT:USDT,0.02321,222.0,0.0232,991.0,0.02323,862.0,0.02324,7577.0
1753600339417,07:12:19.417,gateio,ACH/USDT:USDT,0.02321,222.0,0.0232,991.0,0.02323,862.0,0.02324,7577.0
1753600339517,07:12:19.517,gateio,ACH/USDT:USDT,0.02321,222.0,0.0232,991.0,0.02323,862.0,0.02324,7577.0
1753600339618,07:12:19.618,gateio,ACH/USDT:USDT,0.02321,222.0,0.0232,1049.0,0.02323,862.0,0.02324,7577.0
1753600339720,07:12:19.720,gateio,ACH/USDT:USDT,0.02321,222.0,0.0232,991.0,0.02323,862.0,0.02324,7577.0
1753600339816,07:12:19.816,gateio,ACH/USDT:USDT,0.02321,222.0,0.0232,991.0,0.02323,862.0,0.02324,7577.0
1753600339920,07:12:19.920,gateio,ACH/USDT:USDT,0.02321,222.0,0.0232,991.0,0.02323,862.0,0.02324,7577.0
1753600340016,07:12:20.016,gateio,ACH/USDT:USDT,0.02321,222.0,0.0232,991.0,0.02323,862.0,0.02324,7577.0
1753600340119,07:12:20.119,gateio,ACH/USDT:USDT,0.02321,222.0,0.0232,1049.0,0.02323,862.0,0.02324,7577.0
1753600340219,07:12:20.219,gateio,ACH/USDT:USDT,0.02321,222.0,0.0232,991.0,0.02323,862.0,0.02324,7577.0
1753600340320,07:12:20.320,gateio,ACH/USDT:USDT,0.02321,222.0,0.0232,991.0,0.02323,862.0,0.02324,7577.0
1753600340420,07:12:20.420,gateio,ACH/USDT:USDT,0.02321,222.0,0.0232,991.0,0.02323,862.0,0.02324,7577.0
1753600340520,07:12:20.520,gateio,ACH/USDT:USDT,0.02321,222.0,0.0232,991.0,0.02323,862.0,0.02324,7577.0
1753600340618,07:12:20.618,gateio,ACH/USDT:USDT,0.02321,222.0,0.0232,1049.0,0.02323,862.0,0.02324,7577.0
1753600340725,07:12:20.725,gateio,ACH/USDT:USDT,0.02321,222.0,0.0232,991.0,0.02323,862.0,0.02324,7577.0
1753600340816,07:12:20.816,gateio,ACH/USDT:USDT,0.02321,222.0,0.0232,991.0,0.02323,862.0,0.02324,7577.0
1753600340917,07:12:20.917,gateio,ACH/USDT:USDT,0.02321,222.0,0.0232,991.0,0.02323,862.0,0.02324,7577.0
1753600341019,07:12:21.019,gateio,ACH/USDT:USDT,0.02321,222.0,0.0232,991.0,0.02323,862.0,0.02324,7577.0
1753600341117,07:12:21.117,gateio,ACH/USDT:USDT,0.02321,222.0,0.0232,991.0,0.02323,862.0,0.02324,7577.0
1753600341218,07:12:21.218,gateio,ACH/USDT:USDT,0.02321,222.0,0.0232,1049.0,0.02323,862.0,0.02324,7577.0
1753600341321,07:12:21.321,gateio,ACH/USDT:USDT,0.02321,222.0,0.0232,991.0,0.02323,862.0,0.02324,7577.0
1753600341417,07:12:21.417,gateio,ACH/USDT:USDT,0.02321,222.0,0.0232,991.0,0.02323,862.0,0.02324,7577.0
1753600341516,07:12:21.516,gateio,ACH/USDT:USDT,0.02321,222.0,0.0232,991.0,0.02323,862.0,0.02324,7577.0
1753600341616,07:12:21.616,gateio,ACH/USDT:USDT,0.02321,222.0,0.0232,991.0,0.02323,862.0,0.02324,7577.0
1753600341718,07:12:21.718,gateio,ACH/USDT:USDT,0.02321,222.0,0.0232,1049.0,0.02323,862.0,0.02324,7577.0
1753600341817,07:12:21.817,gateio,ACH/USDT:USDT,0.02321,222.0,0.0232,991.0,0.02323,862.0,0.02324,7577.0
1753600341919,07:12:21.919,gateio,ACH/USDT:USDT,0.02321,222.0,0.0232,991.0,0.02323,862.0,0.02324,7577.0
1753600342016,07:12:22.016,gateio,ACH/USDT:USDT,0.02321,222.0,0.0232,991.0,0.02323,862.0,0.02324,7577.0
1753600342118,07:12:22.118,gateio,ACH/USDT:USDT,0.02321,222.0,0.0232,991.0,0.02323,862.0,0.02324,7577.0
1753600342216,07:12:22.216,gateio,ACH/USDT:USDT,0.02321,222.0,0.0232,991.0,0.02323,862.0,0.02324,7577.0
1753600342318,07:12:22.318,gateio,ACH/USDT:USDT,0.02321,222.0,0.0232,1049.0,0.02323,862.0,0.02324,7577.0
1753600342509,07:12:22.509,gateio,ACH/USDT:USDT,0.02321,222.0,0.0232,991.0,0.02323,862.0,0.02324,7577.0
1753600342521,07:12:22.521,gateio,ACH/USDT:USDT,0.02321,222.0,0.0232,991.0,0.02323,862.0,0.02324,7577.0
1753600342617,07:12:22.617,gateio,ACH/USDT:USDT,0.02321,222.0,0.0232,991.0,0.02323,862.0,0.02324,7577.0
1753600342742,07:12:22.742,gateio,ACH/USDT:USDT,0.02321,222.0,0.0232,991.0,0.02322,178.0,0.02323,862.0
1753600342931,07:12:22.931,gateio,ACH/USDT:USDT,0.02321,222.0,0.0232,991.0,0.02322,178.0,0.02323,862.0
1753600343019,07:12:23.019,gateio,ACH/USDT:USDT,0.02321,222.0,0.0232,1049.0,0.02322,178.0,0.02323,862.0
1753600343118,07:12:23.118,gateio,ACH/USDT:USDT,0.02321,222.0,0.0232,991.0,0.02322,178.0,0.02323,862.0
1753600343348,07:12:23.348,gateio,ACH/USDT:USDT,0.02321,222.0,0.0232,991.0,0.02322,178.0,0.02323,862.0
1753600345042,07:12:25.042,gateio,ACH/USDT:USDT,0.02321,222.0,0.0232,991.0,0.02323,862.0,0.02324,7577.0
1753600345117,07:12:25.117,gateio,ACH/USDT:USDT,0.02321,222.0,0.0232,1049.0,0.02323,862.0,0.02324,7577.0
1753600345217,07:12:25.217,gateio,ACH/USDT:USDT,0.02321,222.0,0.0232,991.0,0.02323,862.0,0.02324,7577.0
1753600345372,07:12:25.372,gateio,ACH/USDT:USDT,0.02321,222.0,0.0232,991.0,0.02323,862.0,0.02324,7577.0
1753600345448,07:12:25.448,gateio,ACH/USDT:USDT,0.02321,222.0,0.0232,991.0,0.02323,862.0,0.02324,7577.0
1753600345517,07:12:25.517,gateio,ACH/USDT:USDT,0.02321,222.0,0.0232,991.0,0.02323,862.0,0.02324,7577.0
1753600345709,07:12:25.709,gateio,ACH/USDT:USDT,0.02321,222.0,0.0232,991.0,0.02323,862.0,0.02324,7577.0
1753600345718,07:12:25.718,gateio,ACH/USDT:USDT,0.02321,222.0,0.0232,1049.0,0.02323,862.0,0.02324,7577.0
1753600345817,07:12:25.817,gateio,ACH/USDT:USDT,0.02321,222.0,0.0232,991.0,0.02323,862.0,0.02324,7577.0
1753600345916,07:12:25.916,gateio,ACH/USDT:USDT,0.02321,222.0,0.0232,991.0,0.02323,862.0,0.02324,7577.0
1753600346017,07:12:26.017,gateio,ACH/USDT:USDT,0.02321,222.0,0.0232,991.0,0.02323,862.0,0.02324,7577.0
1753600346119,07:12:26.119,gateio,ACH/USDT:USDT,0.02321,222.0,0.0232,991.0,0.02323,862.0,0.02324,7577.0
1753600346219,07:12:26.219,gateio,ACH/USDT:USDT,0.02321,222.0,0.0232,1049.0,0.02323,862.0,0.02324,7577.0
1753600346321,07:12:26.321,gateio,ACH/USDT:USDT,0.02321,222.0,0.0232,991.0,0.02323,862.0,0.02324,7577.0
1753600346418,07:12:26.418,gateio,ACH/USDT:USDT,0.02321,222.0,0.0232,991.0,0.02323,862.0,0.02324,7577.0
1753600346516,07:12:26.516,gateio,ACH/USDT:USDT,0.02321,222.0,0.0232,991.0,0.02323,862.0,0.02324,7577.0
1753600346616,07:12:26.616,gateio,ACH/USDT:USDT,0.02321,222.0,0.0232,991.0,0.02323,862.0,0.02324,7577.0
1753600346718,07:12:26.718,gateio,ACH/USDT:USDT,0.02321,222.0,0.0232,1049.0,0.02323,862.0,0.02324,7577.0
1753600346819,07:12:26.819,gateio,ACH/USDT:USDT,0.02321,222.0,0.0232,991.0,0.02323,862.0,0.02324,7577.0
1753600346916,07:12:26.916,gateio,ACH/USDT:USDT,0.02321,222.0,0.0232,991.0,0.02323,862.0,0.02324,7577.0
1753600347016,07:12:27.016,gateio,ACH/USDT:USDT,0.02321,222.0,0.0232,991.0,0.02323,862.0,0.02324,7577.0
1753600347116,07:12:27.116,gateio,ACH/USDT:USDT,0.02321,222.0,0.0232,991.0,0.02323,862.0,0.02324,7577.0
1753600347217,07:12:27.217,gateio,ACH/USDT:USDT,0.02321,222.0,0.0232,991.0,0.02323,862.0,0.02324,7577.0
1753600347350,07:12:27.350,gateio,ACH/USDT:USDT,0.02321,222.0,0.0232,991.0,0.02323,862.0,0.02324,7577.0
1753600347417,07:12:27.417,gateio,ACH/USDT:USDT,0.02321,222.0,0.0232,991.0,0.02323,862.0,0.02324,7577.0
1753600347517,07:12:27.517,gateio,ACH/USDT:USDT,0.02321,222.0,0.0232,991.0,0.02323,862.0,0.02324,7577.0
1753600347617,07:12:27.617,gateio,ACH/USDT:USDT,0.02321,222.0,0.0232,991.0,0.02323,862.0,0.02324,7577.0
1753600347719,07:12:27.719,gateio,ACH/USDT:USDT,0.02321,222.0,0.0232,991.0,0.02323,862.0,0.02324,7577.0
1753600347816,07:12:27.816,gateio,ACH/USDT:USDT,0.02321,222.0,0.0232,991.0,0.02323,862.0,0.02324,7577.0
1753600347918,07:12:27.918,gateio,ACH/USDT:USDT,0.02321,222.0,0.0232,1049.0,0.02323,862.0,0.02324,7577.0
1753600348017,07:12:28.017,gateio,ACH/USDT:USDT,0.02321,222.0,0.0232,991.0,0.02323,862.0,0.02324,7577.0
1753600348116,07:12:28.116,gateio,ACH/USDT:USDT,0.02321,222.0,0.0232,991.0,0.02323,862.0,0.02324,7577.0
1753600348216,07:12:28.216,gateio,ACH/USDT:USDT,0.02321,222.0,0.0232,991.0,0.02323,862.0,0.02324,7577.0
1753600348317,07:12:28.317,gateio,ACH/USDT:USDT,0.02321,222.0,0.0232,991.0,0.02323,862.0,0.02324,7577.0
1753600348418,07:12:28.418,gateio,ACH/USDT:USDT,0.02321,222.0,0.0232,1049.0,0.02323,862.0,0.02324,7577.0
1753600348517,07:12:28.517,gateio,ACH/USDT:USDT,0.02321,222.0,0.0232,991.0,0.02323,862.0,0.02324,7577.0
1753600348616,07:12:28.616,gateio,ACH/USDT:USDT,0.02321,222.0,0.0232,991.0,0.02323,862.0,0.02324,7577.0
1753600348722,07:12:28.722,gateio,ACH/USDT:USDT,0.02321,222.0,0.0232,991.0,0.02323,862.0,0.02324,7577.0
1753600348817,07:12:28.817,gateio,ACH/USDT:USDT,0.02321,222.0,0.0232,991.0,0.02323,862.0,0.02324,7577.0
1753600348973,07:12:28.973,gateio,ACH/USDT:USDT,0.02321,222.0,0.0232,991.0,0.02322,142.0,0.02323,1842.0
1753600349018,07:12:29.018,gateio,ACH/USDT:USDT,0.02321,222.0,0.0232,1049.0,0.02322,142.0,0.02323,1842.0
1753600349117,07:12:29.117,gateio,ACH/USDT:USDT,0.02321,222.0,0.0232,991.0,0.02322,142.0,0.02323,1842.0
1753600349343,07:12:29.343,gateio,ACH/USDT:USDT,0.02321,222.0,0.0232,991.0,0.02322,142.0,0.02323,1841.0
1753600349411,07:12:29.411,gateio,ACH/USDT:USDT,0.02321,222.0,0.0232,991.0,0.02322,142.0,0.02323,1841.0
1753600349518,07:12:29.518,gateio,ACH/USDT:USDT,0.02321,222.0,0.0232,1049.0,0.02322,142.0,0.02323,1841.0
1753600349617,07:12:29.617,gateio,ACH/USDT:USDT,0.02321,222.0,0.0232,991.0,0.02322,142.0,0.02323,1841.0
1753600349827,07:12:29.827,gateio,ACH/USDT:USDT,0.02321,222.0,0.0232,991.0,0.02322,142.0,0.02323,1841.0
1753600351225,07:12:31.225,gateio,ACH/USDT:USDT,0.02321,222.0,0.0232,991.0,0.02322,142.0,0.02323,1841.0
1753600351317,07:12:31.317,gateio,ACH/USDT:USDT,0.02321,222.0,0.0232,1049.0,0.02322,142.0,0.02323,1841.0
1753600351417,07:12:31.417,gateio,ACH/USDT:USDT,0.02321,222.0,0.0232,991.0,0.02322,142.0,0.02323,1841.0
1753600351733,07:12:31.733,gateio,ACH/USDT:USDT,0.02321,222.0,0.0232,991.0,0.02322,142.0,0.02323,1841.0
1753600352121,07:12:32.121,gateio,ACH/USDT:USDT,0.02321,222.0,0.0232,991.0,0.02322,142.0,0.02323,1841.0
1753600352218,07:12:32.218,gateio,ACH/USDT:USDT,0.02321,222.0,0.0232,1049.0,0.02322,142.0,0.02323,1841.0
1753600352319,07:12:32.319,gateio,ACH/USDT:USDT,0.02321,222.0,0.0232,991.0,0.02322,142.0,0.02323,1841.0
1753600352762,07:12:32.762,gateio,ACH/USDT:USDT,0.02322,178.0,0.02321,222.0,0.02323,1841.0,0.02324,7577.0
1753600352902,07:12:32.902,gateio,ACH/USDT:USDT,0.02322,178.0,0.02321,222.0,0.02323,1841.0,0.02324,7577.0
1753600352922,07:12:32.922,gateio,ACH/USDT:USDT,0.02322,178.0,0.02321,222.0,0.02323,1841.0,0.02324,7577.0
1753600353109,07:12:33.109,gateio,ACH/USDT:USDT,0.02322,178.0,0.02321,222.0,0.02323,1841.0,0.02324,7577.0
1753600353145,07:12:33.145,gateio,ACH/USDT:USDT,0.02322,178.0,0.02321,222.0,0.02323,1841.0,0.02324,7577.0
1753600353594,07:12:33.594,gateio,ACH/USDT:USDT,0.02321,222.0,0.0232,991.0,0.02323,1841.0,0.02324,7577.0
1753600353616,07:12:33.616,gateio,ACH/USDT:USDT,0.02321,222.0,0.0232,991.0,0.02323,1841.0,0.02324,7577.0
1753600353722,07:12:33.722,gateio,ACH/USDT:USDT,0.02321,222.0,0.0232,991.0,0.02323,1841.0,0.02324,7577.0
1753600353879,07:12:33.879,gateio,ACH/USDT:USDT,0.02321,222.0,0.0232,991.0,0.02323,1841.0,0.02324,7577.0
1753600353975,07:12:33.975,gateio,ACH/USDT:USDT,0.02321,222.0,0.0232,991.0,0.02323,861.0,0.02324,1324.0
1753600354017,07:12:34.017,gateio,ACH/USDT:USDT,0.02321,222.0,0.0232,991.0,0.02323,861.0,0.02324,1324.0
1753600354160,07:12:34.160,gateio,ACH/USDT:USDT,0.02321,222.0,0.0232,991.0,0.02323,861.0,0.02324,1324.0
1753600354280,07:12:34.280,gateio,ACH/USDT:USDT,0.02321,222.0,0.0232,991.0,0.02323,861.0,0.02324,1324.0
1753600354316,07:12:34.316,gateio,ACH/USDT:USDT,0.02321,222.0,0.0232,991.0,0.02323,861.0,0.02324,1324.0
1753600354423,07:12:34.423,gateio,ACH/USDT:USDT,0.02321,222.0,0.0232,991.0,0.02323,861.0,0.02324,1324.0
1753600354516,07:12:34.516,gateio,ACH/USDT:USDT,0.02321,222.0,0.0232,991.0,0.02323,861.0,0.02324,1324.0
1753600354701,07:12:34.701,gateio,ACH/USDT:USDT,0.02321,222.0,0.0232,991.0,0.02323,861.0,0.02324,1324.0
1753600354716,07:12:34.716,gateio,ACH/USDT:USDT,0.02321,222.0,0.0232,991.0,0.02323,861.0,0.02324,1324.0
1753600354816,07:12:34.816,gateio,ACH/USDT:USDT,0.02321,222.0,0.0232,991.0,0.02323,861.0,0.02324,1324.0
1753600354919,07:12:34.919,gateio,ACH/USDT:USDT,0.02321,222.0,0.0232,991.0,0.02323,861.0,0.02324,1324.0
1753600355017,07:12:35.017,gateio,ACH/USDT:USDT,0.02321,222.0,0.0232,991.0,0.02323,861.0,0.02324,1324.0
1753600355116,07:12:35.116,gateio,ACH/USDT:USDT,0.02321,222.0,0.0232,991.0,0.02323,861.0,0.02324,1324.0
1753600355216,07:12:35.216,gateio,ACH/USDT:USDT,0.02321,222.0,0.0232,991.0,0.02323,861.0,0.02324,1324.0
1753600355317,07:12:35.317,gateio,ACH/USDT:USDT,0.02321,222.0,0.0232,991.0,0.02323,861.0,0.02324,1324.0
