timestamp,time,exchange,symbol,bid1_price,bid1_volume,bid2_price,bid2_volume,ask1_price,ask1_volume,ask2_price,ask2_volume
1753599995819,07:06:35.819,mexc,1INCH/USDT:USDT,0.289,12281.0,0.2889,43278,0.2891,15780.0,0.2892,49434
1753599996722,07:06:36.722,mexc,1INCH/USDT:USDT,0.289,12281.0,0.2889,30986,0.2891,15780.0,0.2892,49434
1753599996819,07:06:36.819,mexc,1INCH/USDT:USDT,0.289,12281.0,0.2889,43260,0.2891,15780.0,0.2892,44885
1753599997221,07:06:37.221,mexc,1INCH/USDT:USDT,0.289,12281.0,0.2889,43260,0.2891,15780.0,0.2892,44885
1753599997318,07:06:37.318,mexc,1INCH/USDT:USDT,0.289,12281.0,0.2889,30986,0.2891,15780.0,0.2892,39551
1753599997438,07:06:37.438,mexc,1INCH/USDT:USDT,0.289,12281.0,0.2889,30986,0.2891,15780.0,0.2892,39551
1753599997819,07:06:37.819,mexc,1INCH/USDT:USDT,0.289,12281.0,0.2889,51997,0.2891,15780.0,0.2892,60479
1753599998221,07:06:38.221,mexc,1INCH/USDT:USDT,0.289,12281.0,0.2889,41074,0.2891,15780.0,0.2892,60479
1753599998317,07:06:38.317,mexc,1INCH/USDT:USDT,0.289,12281.0,0.2889,30986,0.2891,15780.0,0.2892,39551
1753599998721,07:06:38.721,mexc,1INCH/USDT:USDT,0.289,12281.0,0.2889,30986,0.2891,15780.0,0.2892,39551
1753599998905,07:06:38.905,mexc,1INCH/USDT:USDT,0.289,12281.0,0.2889,39017,0.2891,15780.0,0.2892,57987
1753599999221,07:06:39.221,mexc,1INCH/USDT:USDT,0.289,12281.0,0.2889,30986,0.2891,15780.0,0.2892,57987
1753599999319,07:06:39.319,mexc,1INCH/USDT:USDT,0.289,12281.0,0.2889,44870,0.2891,15780.0,0.2892,58190
1753599999724,07:06:39.724,mexc,1INCH/USDT:USDT,0.289,12281.0,0.2889,44870,0.2891,15780.0,0.2892,58190
1753599999819,07:06:39.819,mexc,1INCH/USDT:USDT,0.289,12281.0,0.2889,30986,0.2891,15780.0,0.2892,39551
1753600000221,07:06:40.221,mexc,1INCH/USDT:USDT,0.289,12281.0,0.2889,30986,0.2891,15780.0,0.2892,39551
1753600000416,07:06:40.416,mexc,1INCH/USDT:USDT,0.289,24145,0.2889,71059,0.2891,22309,0.2892,33241
1753600000419,07:06:40.419,mexc,1INCH/USDT:USDT,0.289,11864,0.2889,34475,0.2891,22309,0.2892,33241
1753600000822,07:06:40.822,mexc,1INCH/USDT:USDT,0.289,11864,0.2889,34475,0.2891,22309,0.2892,40122
1753600001224,07:06:41.224,mexc,1INCH/USDT:USDT,0.289,11864,0.2889,34475,0.2891,22309,0.2892,40122
1753600001320,07:06:41.320,mexc,1INCH/USDT:USDT,0.289,11864,0.2889,39622,0.2891,22309,0.2892,49572
1753600001723,07:06:41.723,mexc,1INCH/USDT:USDT,0.289,11864,0.2889,39622,0.2891,22309,0.2892,49572
1753600001820,07:06:41.820,mexc,1INCH/USDT:USDT,0.289,11864,0.2889,34475,0.2891,22309,0.2892,33241
1753600002222,07:06:42.222,mexc,1INCH/USDT:USDT,0.289,11864,0.2889,34475,0.2891,22309,0.2892,33241
1753600002319,07:06:42.319,mexc,1INCH/USDT:USDT,0.289,11864,0.2889,34475,0.2891,22309,0.2892,33241
1753600002722,07:06:42.722,mexc,1INCH/USDT:USDT,0.289,11864,0.2889,34475,0.2891,22309,0.2892,33241
1753600002819,07:06:42.819,mexc,1INCH/USDT:USDT,0.289,11864,0.2889,45921,0.2891,22309,0.2892,33241
1753600003222,07:06:43.222,mexc,1INCH/USDT:USDT,0.289,11864,0.2889,45921,0.2891,22309,0.2892,33241
1753600003321,07:06:43.321,mexc,1INCH/USDT:USDT,0.289,11864,0.2889,47417,0.2891,22309,0.2892,40733
1753600003438,07:06:43.438,mexc,1INCH/USDT:USDT,0.289,11864,0.2889,47417,0.2891,22309,0.2892,40733
1753600003820,07:06:43.820,mexc,1INCH/USDT:USDT,0.289,11864,0.2889,34475,0.2891,22309,0.2892,37765
1753600004223,07:06:44.223,mexc,1INCH/USDT:USDT,0.289,11864,0.2889,34475,0.2891,22309,0.2892,37765
1753600004322,07:06:44.322,mexc,1INCH/USDT:USDT,0.289,11864,0.2889,34475,0.2891,22309,0.2892,33241
1753600004724,07:06:44.724,mexc,1INCH/USDT:USDT,0.289,11864,0.2889,34475,0.2891,22309,0.2892,33241
1753600004906,07:06:44.906,mexc,1INCH/USDT:USDT,0.289,11864,0.2889,34475,0.2891,22309,0.2892,33241
1753600005222,07:06:45.222,mexc,1INCH/USDT:USDT,0.289,11864,0.2889,34475,0.2891,22309,0.2892,33241
1753600005320,07:06:45.320,mexc,1INCH/USDT:USDT,0.289,11864,0.2889,50012,0.2891,22309,0.2892,43678
1753600005723,07:06:45.723,mexc,1INCH/USDT:USDT,0.289,11864,0.2889,50012,0.2891,22309,0.2892,33241
1753600005820,07:06:45.820,mexc,1INCH/USDT:USDT,0.289,11864,0.2889,53916,0.2891,22309,0.2892,51215
1753600006224,07:06:46.224,mexc,1INCH/USDT:USDT,0.289,11864,0.2889,44114,0.2891,22309,0.2892,51215
1753600006417,07:06:46.417,mexc,1INCH/USDT:USDT,0.289,25094,0.2889,46058,0.2891,8609,0.2892,21912
1753600006820,07:06:46.820,mexc,1INCH/USDT:USDT,0.289,25094,0.2889,46058,0.2891,8609,0.2892,21912
1753600006820,07:06:46.820,mexc,1INCH/USDT:USDT,0.289,25094,0.2889,46058,0.2891,8609,0.2892,21912
1753600007223,07:06:47.223,mexc,1INCH/USDT:USDT,0.289,25094,0.2889,46058,0.2891,8609,0.2892,21912
1753600007321,07:06:47.321,mexc,1INCH/USDT:USDT,0.289,25094,0.2889,62824,0.2891,8609,0.2892,21912
1753600007722,07:06:47.722,mexc,1INCH/USDT:USDT,0.289,25094,0.2889,62824,0.2891,8609,0.2892,21912
1753600007820,07:06:47.820,mexc,1INCH/USDT:USDT,0.289,25094,0.2889,60072,0.2891,8609,0.2892,21912
1753600008223,07:06:48.223,mexc,1INCH/USDT:USDT,0.289,25094,0.2889,60072,0.2891,8609,0.2892,21912
1753600008326,07:06:48.326,mexc,1INCH/USDT:USDT,0.289,25094,0.2889,52060,0.2891,8609,0.2892,21912
1753600008724,07:06:48.724,mexc,1INCH/USDT:USDT,0.289,25094,0.2889,52060,0.2891,8609,0.2892,21912
1753600008821,07:06:48.821,mexc,1INCH/USDT:USDT,0.289,25094,0.2889,46058,0.2891,8609,0.2892,21912
1753600009223,07:06:49.223,mexc,1INCH/USDT:USDT,0.289,25094,0.2889,46058,0.2891,8609,0.2892,21912
1753600009322,07:06:49.322,mexc,1INCH/USDT:USDT,0.289,25094,0.2889,46058,0.2891,8609,0.2892,25557
1753600009439,07:06:49.439,mexc,1INCH/USDT:USDT,0.289,25094,0.2889,46058,0.2891,8609,0.2892,25557
1753600009821,07:06:49.821,mexc,1INCH/USDT:USDT,0.289,25094,0.2889,46058,0.2891,8609,0.2892,27845
1753600010223,07:06:50.223,mexc,1INCH/USDT:USDT,0.289,25094,0.2889,46058,0.2891,8609,0.2892,21912
1753600010321,07:06:50.321,mexc,1INCH/USDT:USDT,0.289,25094,0.2889,46058,0.2891,8609,0.2892,21912
1753600010724,07:06:50.724,mexc,1INCH/USDT:USDT,0.289,25094,0.2889,46058,0.2891,8609,0.2892,21912
1753600010909,07:06:50.909,mexc,1INCH/USDT:USDT,0.289,25094,0.2889,63433,0.2891,8609,0.2892,21912
1753600011224,07:06:51.224,mexc,1INCH/USDT:USDT,0.289,25094,0.2889,63433,0.2891,8609,0.2892,21912
1753600011321,07:06:51.321,mexc,1INCH/USDT:USDT,0.289,25094,0.2889,57933,0.2891,8609,0.2892,21912
1753600011723,07:06:51.723,mexc,1INCH/USDT:USDT,0.289,25094,0.2889,46058,0.2891,8609,0.2892,21912
1753600011821,07:06:51.821,mexc,1INCH/USDT:USDT,0.289,25094,0.2889,46058,0.2891,8609,0.2892,21912
1753600012224,07:06:52.224,mexc,1INCH/USDT:USDT,0.289,25094,0.2889,46058,0.2891,8609,0.2892,21912
1753600012416,07:06:52.416,mexc,1INCH/USDT:USDT,0.2889,15378,0.2888,28351,0.289,15555,0.2891,50908
1753600012421,07:06:52.421,mexc,1INCH/USDT:USDT,0.2889,15378,0.2888,28351,0.289,15555,0.2891,42299
1753600012824,07:06:52.824,mexc,1INCH/USDT:USDT,0.2889,15378,0.2888,28351,0.289,15555,0.2891,42299
1753600012825,07:06:52.825,mexc,1INCH/USDT:USDT,0.2889,15378,0.2888,37356,0.289,15555,0.2891,42299
1753600013224,07:06:53.224,mexc,1INCH/USDT:USDT,0.2889,15378,0.2888,37356,0.289,15555,0.2891,42299
1753600013324,07:06:53.324,mexc,1INCH/USDT:USDT,0.2889,15378,0.2888,28351,0.289,15555,0.2891,71374
1753600013726,07:06:53.726,mexc,1INCH/USDT:USDT,0.2889,15378,0.2888,28351,0.289,15555,0.2891,52080
1753600013823,07:06:53.823,mexc,1INCH/USDT:USDT,0.2889,15378,0.2888,28351,0.289,15555,0.2891,42299
1753600014225,07:06:54.225,mexc,1INCH/USDT:USDT,0.2889,15378,0.2888,28351,0.289,15555,0.2891,42299
1753600014324,07:06:54.324,mexc,1INCH/USDT:USDT,0.2889,15378,0.2888,28351,0.289,15555,0.2891,51185
1753600014725,07:06:54.725,mexc,1INCH/USDT:USDT,0.2889,15378,0.2888,28351,0.289,15555,0.2891,51185
1753600014824,07:06:54.824,mexc,1INCH/USDT:USDT,0.2889,15378,0.2888,28351,0.289,15555,0.2891,52093
1753600015226,07:06:55.226,mexc,1INCH/USDT:USDT,0.2889,15378,0.2888,28351,0.289,15555,0.2891,42299
1753600015325,07:06:55.325,mexc,1INCH/USDT:USDT,0.2889,15378,0.2888,40137,0.289,15555,0.2891,42299
1753600015502,07:06:55.502,mexc,1INCH/USDT:USDT,0.2889,15378,0.2888,40137,0.289,15555,0.2891,42299
1753600015823,07:06:55.823,mexc,1INCH/USDT:USDT,0.2889,15378,0.2888,28351,0.289,15555,0.2891,42299
1753600016018,07:06:56.018,mexc,1INCH/USDT:USDT,0.2891,484,0.289,35177,0.2892,49814,0.2893,90454
1753600016325,07:06:56.325,mexc,1INCH/USDT:USDT,0.2891,484,0.289,35177,0.2892,49814,0.2893,95603
1753600016727,07:06:56.727,mexc,1INCH/USDT:USDT,0.2891,484,0.289,35177,0.2892,49814,0.2893,90454
1753600016911,07:06:56.911,mexc,1INCH/USDT:USDT,0.2891,484,0.289,35177,0.2892,49814,0.2893,90454
1753600017225,07:06:57.225,mexc,1INCH/USDT:USDT,0.2891,484,0.289,35177,0.2892,49814,0.2893,90454
1753600017343,07:06:57.343,mexc,1INCH/USDT:USDT,0.2889,15378,0.2888,28351,0.289,18961,0.2891,35456
1753600017825,07:06:57.825,mexc,1INCH/USDT:USDT,0.2889,15378,0.2888,28351,0.289,18961,0.2891,35456
1753600017826,07:06:57.826,mexc,1INCH/USDT:USDT,0.2889,15378,0.2888,28351,0.289,18961,0.2891,35456
1753600018229,07:06:58.229,mexc,1INCH/USDT:USDT,0.2889,15378,0.2888,28351,0.289,18961,0.2891,35456
1753600018324,07:06:58.324,mexc,1INCH/USDT:USDT,0.2889,15378,0.2888,50015,0.289,18961,0.2891,39124
1753600018728,07:06:58.728,mexc,1INCH/USDT:USDT,0.2889,15378,0.2888,50015,0.289,18961,0.2891,39124
1753600018835,07:06:58.835,mexc,1INCH/USDT:USDT,0.2889,15378,0.2888,42643,0.289,18961,0.2891,42714
1753600019225,07:06:59.225,mexc,1INCH/USDT:USDT,0.2889,15378,0.2888,42643,0.289,18961,0.2891,42714
1753600019325,07:06:59.325,mexc,1INCH/USDT:USDT,0.2889,15378,0.2888,34658,0.289,18961,0.2891,47648
1753600019727,07:06:59.727,mexc,1INCH/USDT:USDT,0.2889,15378,0.2888,34658,0.289,18961,0.2891,47648
1753600019827,07:06:59.827,mexc,1INCH/USDT:USDT,0.2889,15378,0.2888,28351,0.289,18961,0.2891,35456
1753600020225,07:07:00.225,mexc,1INCH/USDT:USDT,0.2889,15378,0.2888,28351,0.289,18961,0.2891,35456
1753600020326,07:07:00.326,mexc,1INCH/USDT:USDT,0.2889,15378,0.2888,28351,0.289,18961,0.2891,35456
1753600020725,07:07:00.725,mexc,1INCH/USDT:USDT,0.2889,15378,0.2888,28351,0.289,18961,0.2891,35456
1753600020824,07:07:00.824,mexc,1INCH/USDT:USDT,0.2889,15378,0.2888,38729,0.289,18961,0.2891,44004
1753600021226,07:07:01.226,mexc,1INCH/USDT:USDT,0.2889,15378,0.2888,38729,0.289,18961,0.2891,35456
1753600021325,07:07:01.325,mexc,1INCH/USDT:USDT,0.2889,15378,0.2888,28351,0.289,18961,0.2891,52155
1753600021443,07:07:01.443,mexc,1INCH/USDT:USDT,0.2889,15378,0.2888,28351,0.289,18961,0.2891,52155
1753600021827,07:07:01.827,mexc,1INCH/USDT:USDT,0.2889,15378,0.2888,28351,0.289,18961,0.2891,35456
1753600022226,07:07:02.226,mexc,1INCH/USDT:USDT,0.2889,15378,0.2888,28351,0.289,18961,0.2891,35456
1753600022424,07:07:02.424,mexc,1INCH/USDT:USDT,0.2888,13138,0.2887,40682,0.2889,5841,0.289,24279
1753600022826,07:07:02.826,mexc,1INCH/USDT:USDT,0.2888,13138,0.2887,40682,0.2889,5841,0.289,24279
1753600022916,07:07:02.916,mexc,1INCH/USDT:USDT,0.2888,13138,0.2887,40682,0.2889,5841,0.289,24279
1753600023325,07:07:03.325,mexc,1INCH/USDT:USDT,0.2888,13138,0.2887,40682,0.2889,5841,0.289,24279
1753600023326,07:07:03.326,mexc,1INCH/USDT:USDT,0.2888,13138,0.2887,40682,0.2889,5841,0.289,24279
1753600023727,07:07:03.727,mexc,1INCH/USDT:USDT,0.2888,13138,0.2887,40682,0.2889,5841,0.289,24279
1753600023825,07:07:03.825,mexc,1INCH/USDT:USDT,0.2888,13138,0.2887,55816,0.2889,5841,0.289,24279
1753600024206,07:07:04.206,mexc,1INCH/USDT:USDT,0.2888,13138,0.2887,55816,0.2889,5841,0.289,24279
1753600024325,07:07:04.325,mexc,1INCH/USDT:USDT,0.2887,40682,0.2886,85314,0.2888,17318,0.2889,5841
1753600024727,07:07:04.727,mexc,1INCH/USDT:USDT,0.2887,40682,0.2886,85314,0.2888,17318,0.2889,5841
1753600024826,07:07:04.826,mexc,1INCH/USDT:USDT,0.2887,40682,0.2886,83359,0.2888,17318,0.2889,5841
1753600025227,07:07:05.227,mexc,1INCH/USDT:USDT,0.2887,40682,0.2886,83359,0.2888,17318,0.2889,5841
1753600025326,07:07:05.326,mexc,1INCH/USDT:USDT,0.2887,40682,0.2886,72283,0.2888,17318,0.2889,5841
1753600025729,07:07:05.729,mexc,1INCH/USDT:USDT,0.2887,40682,0.2886,72283,0.2888,17318,0.2889,5841
1753600025825,07:07:05.825,mexc,1INCH/USDT:USDT,0.2887,40682,0.2886,72283,0.2888,17318,0.2889,5841
1753600026218,07:07:06.218,mexc,1INCH/USDT:USDT,0.2887,40682,0.2886,72283,0.2888,17318,0.2889,5841
1753600026325,07:07:06.325,mexc,1INCH/USDT:USDT,0.2885,117259,0.2884,72911,0.2886,10616,0.2887,28077
1753600026710,07:07:06.710,mexc,1INCH/USDT:USDT,0.2885,117259,0.2884,72911,0.2886,10616,0.2887,28077
1753600026826,07:07:06.826,mexc,1INCH/USDT:USDT,0.2885,117259,0.2884,72911,0.2886,10616,0.2887,43334
1753600027228,07:07:07.228,mexc,1INCH/USDT:USDT,0.2885,117259,0.2884,72911,0.2886,10616,0.2887,33938
1753600027325,07:07:07.325,mexc,1INCH/USDT:USDT,0.2885,117259,0.2884,72911,0.2886,10616,0.2887,39842
1753600027444,07:07:07.444,mexc,1INCH/USDT:USDT,0.2885,117259,0.2884,72911,0.2886,10616,0.2887,39842
1753600027827,07:07:07.827,mexc,1INCH/USDT:USDT,0.2885,117259,0.2884,80447,0.2886,10616,0.2887,28077
1753600028228,07:07:08.228,mexc,1INCH/USDT:USDT,0.2885,117259,0.2884,80447,0.2886,10616,0.2887,28077
1753600028325,07:07:08.325,mexc,1INCH/USDT:USDT,0.2885,117259,0.2884,81275,0.2886,10616,0.2887,28077
1753600028729,07:07:08.729,mexc,1INCH/USDT:USDT,0.2885,117259,0.2884,81275,0.2886,10616,0.2887,28077
1753600028827,07:07:08.827,mexc,1INCH/USDT:USDT,0.2885,117259,0.2884,86851,0.2886,10616,0.2887,28077
1753600029007,07:07:09.007,mexc,1INCH/USDT:USDT,0.2884,72911,0.2883,65523,0.2885,20813,0.2886,10616
1753600029438,07:07:09.438,mexc,1INCH/USDT:USDT,0.2884,72911,0.2883,65523,0.2885,20813,0.2886,10616
1753600029449,07:07:09.449,mexc,1INCH/USDT:USDT,0.2885,4207,0.2884,72911,0.2886,10616,0.2887,28077
1753600029826,07:07:09.826,mexc,1INCH/USDT:USDT,0.2885,4207,0.2884,72911,0.2886,10616,0.2887,33363
1753600030326,07:07:10.326,mexc,1INCH/USDT:USDT,0.2885,4207,0.2884,72911,0.2886,10616,0.2887,31828
1753600030478,07:07:10.478,mexc,1INCH/USDT:USDT,0.2884,72911,0.2883,65523,0.2885,25160,0.2886,10616
1753600030827,07:07:10.827,mexc,1INCH/USDT:USDT,0.2884,72911,0.2883,65523,0.2885,25160,0.2886,20844
1753600030829,07:07:10.829,mexc,1INCH/USDT:USDT,0.2884,72911,0.2883,73108,0.2885,25160,0.2886,20844
1753600031230,07:07:11.230,mexc,1INCH/USDT:USDT,0.2884,72911,0.2883,73108,0.2885,25160,0.2886,10616
1753600031328,07:07:11.328,mexc,1INCH/USDT:USDT,0.2884,72911,0.2883,65523,0.2885,25160,0.2886,25252
1753600031731,07:07:11.731,mexc,1INCH/USDT:USDT,0.2884,72911,0.2883,65523,0.2885,25160,0.2886,25252
1753600031915,07:07:11.915,mexc,1INCH/USDT:USDT,0.2884,72911,0.2883,65523,0.2885,25160,0.2886,10616
1753600032139,07:07:12.139,mexc,1INCH/USDT:USDT,0.2884,72911,0.2883,65523,0.2885,25160,0.2886,10616
1753600032327,07:07:12.327,mexc,1INCH/USDT:USDT,0.2885,11068,0.2884,72911,0.2886,10616,0.2887,28077
1753600032729,07:07:12.729,mexc,1INCH/USDT:USDT,0.2885,11068,0.2884,72911,0.2886,10616,0.2887,28077
1753600032827,07:07:12.827,mexc,1INCH/USDT:USDT,0.2885,11068,0.2884,85220,0.2886,10616,0.2887,28077
1753600033229,07:07:13.229,mexc,1INCH/USDT:USDT,0.2885,11068,0.2884,85220,0.2886,10616,0.2887,28077
1753600033328,07:07:13.328,mexc,1INCH/USDT:USDT,0.2885,11068,0.2884,87276,0.2886,10616,0.2887,40638
1753600033448,07:07:13.448,mexc,1INCH/USDT:USDT,0.2885,11068,0.2884,87276,0.2886,10616,0.2887,40638
1753600033827,07:07:13.827,mexc,1INCH/USDT:USDT,0.2885,11068,0.2884,72911,0.2886,10616,0.2887,28077
1753600034229,07:07:14.229,mexc,1INCH/USDT:USDT,0.2885,11068,0.2884,72911,0.2886,10616,0.2887,28077
1753600034327,07:07:14.327,mexc,1INCH/USDT:USDT,0.2885,11068,0.2884,83472,0.2886,10616,0.2887,28077
1753600034730,07:07:14.730,mexc,1INCH/USDT:USDT,0.2885,11068,0.2884,83472,0.2886,10616,0.2887,28077
1753600034827,07:07:14.827,mexc,1INCH/USDT:USDT,0.2885,11068,0.2884,87648,0.2886,10616,0.2887,42486
1753600035229,07:07:15.229,mexc,1INCH/USDT:USDT,0.2885,11068,0.2884,87648,0.2886,10616,0.2887,42486
1753600035330,07:07:15.330,mexc,1INCH/USDT:USDT,0.2885,11068,0.2884,87132,0.2886,10616,0.2887,28077
1753600035732,07:07:15.732,mexc,1INCH/USDT:USDT,0.2885,11068,0.2884,87132,0.2886,10616,0.2887,28077
1753600035827,07:07:15.827,mexc,1INCH/USDT:USDT,0.2885,11068,0.2884,72911,0.2886,10616,0.2887,28077
1753600036229,07:07:16.229,mexc,1INCH/USDT:USDT,0.2885,11068,0.2884,72911,0.2886,10616,0.2887,28077
1753600036328,07:07:16.328,mexc,1INCH/USDT:USDT,0.2885,11068,0.2884,87059,0.2886,10616,0.2887,33600
1753600036730,07:07:16.730,mexc,1INCH/USDT:USDT,0.2885,11068,0.2884,87059,0.2886,10616,0.2887,33600
1753600036830,07:07:16.830,mexc,1INCH/USDT:USDT,0.2885,11068,0.2884,72911,0.2886,10616,0.2887,34868
1753600037230,07:07:17.230,mexc,1INCH/USDT:USDT,0.2885,11068,0.2884,72911,0.2886,10616,0.2887,34868
1753600037426,07:07:17.426,mexc,1INCH/USDT:USDT,0.2885,11445,0.2884,95821,0.2886,27466,0.2887,33943
1753600037431,07:07:17.431,mexc,1INCH/USDT:USDT,0.2885,377,0.2884,22910,0.2886,27466,0.2887,33943
1753600037905,07:07:17.905,mexc,1INCH/USDT:USDT,0.2885,377,0.2884,22910,0.2886,27466,0.2887,33943
1753600037923,07:07:17.923,mexc,1INCH/USDT:USDT,0.2885,377,0.2884,22910,0.2886,27466,0.2887,33943
1753600038328,07:07:18.328,mexc,1INCH/USDT:USDT,0.2885,377,0.2884,22910,0.2886,27466,0.2887,33943
1753600038328,07:07:18.328,mexc,1INCH/USDT:USDT,0.2885,377,0.2884,39983,0.2886,27466,0.2887,33943
1753600038826,07:07:18.826,mexc,1INCH/USDT:USDT,0.2885,377,0.2884,31478,0.2886,27466,0.2887,33943
1753600038827,07:07:18.827,mexc,1INCH/USDT:USDT,0.2885,377,0.2884,31478,0.2886,27466,0.2887,45807
1753600039230,07:07:19.230,mexc,1INCH/USDT:USDT,0.2885,377,0.2884,31478,0.2886,27466,0.2887,39149
1753600039328,07:07:19.328,mexc,1INCH/USDT:USDT,0.2885,377,0.2884,28109,0.2886,27466,0.2887,33943
1753600039448,07:07:19.448,mexc,1INCH/USDT:USDT,0.2885,377,0.2884,28109,0.2886,27466,0.2887,33943
1753600039829,07:07:19.829,mexc,1INCH/USDT:USDT,0.2885,377,0.2884,27485,0.2886,27466,0.2887,41160
1753600040230,07:07:20.230,mexc,1INCH/USDT:USDT,0.2885,377,0.2884,22910,0.2886,27466,0.2887,41160
1753600040328,07:07:20.328,mexc,1INCH/USDT:USDT,0.2885,377,0.2884,36170,0.2886,27466,0.2887,33943
1753600040731,07:07:20.731,mexc,1INCH/USDT:USDT,0.2885,377,0.2884,30107,0.2886,27466,0.2887,33943
1753600040828,07:07:20.828,mexc,1INCH/USDT:USDT,0.2885,377,0.2884,22910,0.2886,27466,0.2887,33943
1753600041232,07:07:21.232,mexc,1INCH/USDT:USDT,0.2885,377,0.2884,22910,0.2886,27466,0.2887,33943
1753600041328,07:07:21.328,mexc,1INCH/USDT:USDT,0.2885,377,0.2884,22910,0.2886,27466,0.2887,33943
1753600041730,07:07:21.730,mexc,1INCH/USDT:USDT,0.2885,377,0.2884,22910,0.2886,27466,0.2887,33943
1753600041831,07:07:21.831,mexc,1INCH/USDT:USDT,0.2885,377,0.2884,41202,0.2886,27466,0.2887,46464
1753600042233,07:07:22.233,mexc,1INCH/USDT:USDT,0.2885,377,0.2884,41202,0.2886,27466,0.2887,46464
1753600042330,07:07:22.330,mexc,1INCH/USDT:USDT,0.2885,377,0.2884,33445,0.2886,27466,0.2887,33943
1753600042731,07:07:22.731,mexc,1INCH/USDT:USDT,0.2885,377,0.2884,33445,0.2886,27466,0.2887,33943
1753600042831,07:07:22.831,mexc,1INCH/USDT:USDT,0.2885,377,0.2884,22910,0.2886,27466,0.2887,47157
1753600042996,07:07:22.996,mexc,1INCH/USDT:USDT,0.2885,377,0.2884,22910,0.2886,27466,0.2887,47157
1753600043419,07:07:23.419,mexc,1INCH/USDT:USDT,0.2885,377,0.2884,56526,0.2886,27466,0.2887,49533
1753600043431,07:07:23.431,mexc,1INCH/USDT:USDT,0.2884,25075,0.2883,64385,0.2885,13915,0.2886,25456
1753600043828,07:07:23.828,mexc,1INCH/USDT:USDT,0.2884,25075,0.2883,64385,0.2885,13915,0.2886,25456
1753600043829,07:07:23.829,mexc,1INCH/USDT:USDT,0.2884,25075,0.2883,64385,0.2885,13915,0.2886,33402
1753600044232,07:07:24.232,mexc,1INCH/USDT:USDT,0.2884,25075,0.2883,64385,0.2885,13915,0.2886,25456
1753600044330,07:07:24.330,mexc,1INCH/USDT:USDT,0.2884,25075,0.2883,64385,0.2885,13915,0.2886,30460
1753600044732,07:07:24.732,mexc,1INCH/USDT:USDT,0.2884,25075,0.2883,64385,0.2885,13915,0.2886,30460
1753600044828,07:07:24.828,mexc,1INCH/USDT:USDT,0.2884,25075,0.2883,64385,0.2885,13915,0.2886,32225
1753600045231,07:07:25.231,mexc,1INCH/USDT:USDT,0.2884,25075,0.2883,64385,0.2885,13915,0.2886,32225
1753600045329,07:07:25.329,mexc,1INCH/USDT:USDT,0.2884,25075,0.2883,64385,0.2885,13915,0.2886,32388
1753600045450,07:07:25.450,mexc,1INCH/USDT:USDT,0.2884,25075,0.2883,64385,0.2885,13915,0.2886,32388
1753600045831,07:07:25.831,mexc,1INCH/USDT:USDT,0.2884,25075,0.2883,76284,0.2885,13915,0.2886,25456
1753600046231,07:07:26.231,mexc,1INCH/USDT:USDT,0.2884,25075,0.2883,76284,0.2885,13915,0.2886,25456
1753600046329,07:07:26.329,mexc,1INCH/USDT:USDT,0.2884,25075,0.2883,64385,0.2885,13915,0.2886,25456
1753600046733,07:07:26.733,mexc,1INCH/USDT:USDT,0.2884,25075,0.2883,64385,0.2885,13915,0.2886,25456
1753600046831,07:07:26.831,mexc,1INCH/USDT:USDT,0.2884,25075,0.2883,64385,0.2885,13915,0.2886,34011
1753600047232,07:07:27.232,mexc,1INCH/USDT:USDT,0.2884,25075,0.2883,64385,0.2885,13915,0.2886,34011
1753600047328,07:07:27.328,mexc,1INCH/USDT:USDT,0.2884,25075,0.2883,100918,0.2885,13915,0.2886,25456
1753600047732,07:07:27.732,mexc,1INCH/USDT:USDT,0.2884,25075,0.2883,100918,0.2885,13915,0.2886,25456
1753600047832,07:07:27.832,mexc,1INCH/USDT:USDT,0.2884,25075,0.2883,89930,0.2885,13915,0.2886,25456
1753600048233,07:07:28.233,mexc,1INCH/USDT:USDT,0.2884,25075,0.2883,89930,0.2885,13915,0.2886,25456
1753600048330,07:07:28.330,mexc,1INCH/USDT:USDT,0.2884,25075,0.2883,73467,0.2885,13915,0.2886,30737
1753600048585,07:07:28.585,mexc,1INCH/USDT:USDT,0.2882,124727,0.2881,44803,0.2883,15939,0.2884,37509
1753600048832,07:07:28.832,mexc,1INCH/USDT:USDT,0.2882,124727,0.2881,44803,0.2883,15939,0.2884,37509
1753600049232,07:07:29.232,mexc,1INCH/USDT:USDT,0.2882,124727,0.2881,44803,0.2883,15939,0.2884,37509
1753600049329,07:07:29.329,mexc,1INCH/USDT:USDT,0.2882,124727,0.2881,44803,0.2883,15939,0.2884,37509
1753600049733,07:07:29.733,mexc,1INCH/USDT:USDT,0.2882,124727,0.2881,44803,0.2883,15939,0.2884,37509
1753600049831,07:07:29.831,mexc,1INCH/USDT:USDT,0.2882,124727,0.2881,44803,0.2883,15939,0.2884,37509
1753600050233,07:07:30.233,mexc,1INCH/USDT:USDT,0.2882,124727,0.2881,44803,0.2883,15939,0.2884,37509
1753600050331,07:07:30.331,mexc,1INCH/USDT:USDT,0.2882,124727,0.2881,48640,0.2883,15939,0.2884,37509
1753600050734,07:07:30.734,mexc,1INCH/USDT:USDT,0.2882,124727,0.2881,48640,0.2883,15939,0.2884,37509
1753600050831,07:07:30.831,mexc,1INCH/USDT:USDT,0.2882,124727,0.2881,61535,0.2883,15939,0.2884,37509
1753600051234,07:07:31.234,mexc,1INCH/USDT:USDT,0.2882,124727,0.2881,44803,0.2883,15939,0.2884,37509
1753600051331,07:07:31.331,mexc,1INCH/USDT:USDT,0.2882,124727,0.2881,44803,0.2883,15939,0.2884,37509
1753600051467,07:07:31.467,mexc,1INCH/USDT:USDT,0.2882,124727,0.2881,44803,0.2883,15939,0.2884,37509
1753600051832,07:07:31.832,mexc,1INCH/USDT:USDT,0.2882,124727,0.2881,60222,0.2883,15939,0.2884,50007
1753600052233,07:07:32.233,mexc,1INCH/USDT:USDT,0.2882,124727,0.2881,50323,0.2883,15939,0.2884,50007
1753600052331,07:07:32.331,mexc,1INCH/USDT:USDT,0.2882,124727,0.2881,44803,0.2883,15939,0.2884,37509
1753600052733,07:07:32.733,mexc,1INCH/USDT:USDT,0.2882,124727,0.2881,44803,0.2883,15939,0.2884,37509
1753600052831,07:07:32.831,mexc,1INCH/USDT:USDT,0.2882,124727,0.2881,51044,0.2883,15939,0.2884,37509
1753600053237,07:07:33.237,mexc,1INCH/USDT:USDT,0.2882,124727,0.2881,51044,0.2883,15939,0.2884,37509
1753600053334,07:07:33.334,mexc,1INCH/USDT:USDT,0.2882,124727,0.2881,48603,0.2883,15939,0.2884,48725
1753600053738,07:07:33.738,mexc,1INCH/USDT:USDT,0.2882,124727,0.2881,48603,0.2883,15939,0.2884,48725
1753600053903,07:07:33.903,mexc,1INCH/USDT:USDT,0.2882,124727,0.2881,44803,0.2883,15939,0.2884,37509
1753600054176,07:07:34.176,mexc,1INCH/USDT:USDT,0.2882,124727,0.2881,44803,0.2883,15939,0.2884,37509
1753600054305,07:07:34.305,mexc,1INCH/USDT:USDT,0.2882,124727,0.2881,44803,0.2883,15939,0.2884,37509
1753600054436,07:07:34.436,mexc,1INCH/USDT:USDT,0.2883,10394,0.2882,28418,0.2884,18845,0.2885,36320
1753600054900,07:07:34.900,mexc,1INCH/USDT:USDT,0.2883,10394,0.2882,28418,0.2884,18845,0.2885,36320
1753600054901,07:07:34.901,mexc,1INCH/USDT:USDT,0.2883,10394,0.2882,28418,0.2884,18845,0.2885,50644
1753600055305,07:07:35.305,mexc,1INCH/USDT:USDT,0.2883,10394,0.2882,28418,0.2884,18845,0.2885,50644
1753600055402,07:07:35.402,mexc,1INCH/USDT:USDT,0.2883,10394,0.2882,28418,0.2884,18845,0.2885,36320
1753600055804,07:07:35.804,mexc,1INCH/USDT:USDT,0.2883,10394,0.2882,28418,0.2884,18845,0.2885,36320
1753600055902,07:07:35.902,mexc,1INCH/USDT:USDT,0.2883,10394,0.2882,28418,0.2884,18845,0.2885,36320
1753600056305,07:07:36.305,mexc,1INCH/USDT:USDT,0.2883,10394,0.2882,28418,0.2884,18845,0.2885,36320
1753600056403,07:07:36.403,mexc,1INCH/USDT:USDT,0.2883,10394,0.2882,32133,0.2884,18845,0.2885,36320
1753600056806,07:07:36.806,mexc,1INCH/USDT:USDT,0.2883,10394,0.2882,32133,0.2884,18845,0.2885,36320
1753600056903,07:07:36.903,mexc,1INCH/USDT:USDT,0.2883,10394,0.2882,37295,0.2884,18845,0.2885,46997
1753600057306,07:07:37.306,mexc,1INCH/USDT:USDT,0.2883,10394,0.2882,37295,0.2884,18845,0.2885,46997
1753600057458,07:07:37.458,mexc,1INCH/USDT:USDT,0.2883,10394,0.2882,28418,0.2884,18845,0.2885,36320
1753600057806,07:07:37.806,mexc,1INCH/USDT:USDT,0.2883,10394,0.2882,28418,0.2884,18845,0.2885,36320
1753600057904,07:07:37.904,mexc,1INCH/USDT:USDT,0.2883,10394,0.2882,28418,0.2884,18845,0.2885,45929
1753600058305,07:07:38.305,mexc,1INCH/USDT:USDT,0.2883,10394,0.2882,28418,0.2884,18845,0.2885,45929
1753600058401,07:07:38.401,mexc,1INCH/USDT:USDT,0.2883,10394,0.2882,28418,0.2884,18845,0.2885,36320
1753600058804,07:07:38.804,mexc,1INCH/USDT:USDT,0.2883,10394,0.2882,28418,0.2884,18845,0.2885,36320
1753600058902,07:07:38.902,mexc,1INCH/USDT:USDT,0.2883,10394,0.2882,28418,0.2884,18845,0.2885,36320
1753600059305,07:07:39.305,mexc,1INCH/USDT:USDT,0.2883,10394,0.2882,28418,0.2884,18845,0.2885,36320
1753600059505,07:07:39.505,mexc,1INCH/USDT:USDT,0.2883,10394,0.2882,38128,0.2885,18740,0.2886,36745
1753600059520,07:07:39.520,mexc,1INCH/USDT:USDT,0.2884,17054,0.2883,27453,0.2885,18740,0.2886,36745
1753600059987,07:07:39.987,mexc,1INCH/USDT:USDT,0.2884,17054,0.2883,32253,0.2885,18740,0.2886,53328
1753600059999,07:07:39.999,mexc,1INCH/USDT:USDT,0.2884,17054,0.2883,32253,0.2885,18740,0.2886,53328
1753600060403,07:07:40.403,mexc,1INCH/USDT:USDT,0.2884,17054,0.2883,27453,0.2885,18740,0.2886,36745
1753600060404,07:07:40.404,mexc,1INCH/USDT:USDT,0.2884,17054,0.2883,27453,0.2885,18740,0.2886,36745
1753600060806,07:07:40.806,mexc,1INCH/USDT:USDT,0.2884,17054,0.2883,27453,0.2885,18740,0.2886,36745
1753600060905,07:07:40.905,mexc,1INCH/USDT:USDT,0.2884,17054,0.2883,27453,0.2885,18740,0.2886,43890
1753600061307,07:07:41.307,mexc,1INCH/USDT:USDT,0.2884,17054,0.2883,27453,0.2885,18740,0.2886,43890
1753600061405,07:07:41.405,mexc,1INCH/USDT:USDT,0.2884,17054,0.2883,27453,0.2885,18740,0.2886,36745
1753600061807,07:07:41.807,mexc,1INCH/USDT:USDT,0.2884,17054,0.2883,27453,0.2885,18740,0.2886,36745
1753600061905,07:07:41.905,mexc,1INCH/USDT:USDT,0.2884,17054,0.2883,31051,0.2885,18740,0.2886,36745
1753600062307,07:07:42.307,mexc,1INCH/USDT:USDT,0.2884,17054,0.2883,31051,0.2885,18740,0.2886,36745
1753600062404,07:07:42.404,mexc,1INCH/USDT:USDT,0.2884,17054,0.2883,27453,0.2885,18740,0.2886,36745
1753600062807,07:07:42.807,mexc,1INCH/USDT:USDT,0.2884,17054,0.2883,27453,0.2885,18740,0.2886,36745
1753600062905,07:07:42.905,mexc,1INCH/USDT:USDT,0.2884,17054,0.2883,30518,0.2885,18740,0.2886,43123
1753600063308,07:07:43.308,mexc,1INCH/USDT:USDT,0.2884,17054,0.2883,30518,0.2885,18740,0.2886,43123
1753600063463,07:07:43.463,mexc,1INCH/USDT:USDT,0.2884,17054,0.2883,27453,0.2885,18740,0.2886,36745
1753600063807,07:07:43.807,mexc,1INCH/USDT:USDT,0.2884,17054,0.2883,27453,0.2885,18740,0.2886,36745
1753600063907,07:07:43.907,mexc,1INCH/USDT:USDT,0.2884,17054,0.2883,27453,0.2885,18740,0.2886,36745
1753600064307,07:07:44.307,mexc,1INCH/USDT:USDT,0.2884,17054,0.2883,27453,0.2885,18740,0.2886,36745
1753600064407,07:07:44.407,mexc,1INCH/USDT:USDT,0.2884,17054,0.2883,34059,0.2885,18740,0.2886,36745
1753600064808,07:07:44.808,mexc,1INCH/USDT:USDT,0.2884,17054,0.2883,34059,0.2885,18740,0.2886,36745
1753600064906,07:07:44.906,mexc,1INCH/USDT:USDT,0.2884,17054,0.2883,27453,0.2885,18740,0.2886,36745
1753600065094,07:07:45.094,mexc,1INCH/USDT:USDT,0.2884,17054,0.2883,27453,0.2885,18740,0.2886,36745
1753600065504,07:07:45.504,mexc,1INCH/USDT:USDT,0.2884,17054,0.2883,53594,0.2885,18740,0.2886,43910
1753600065517,07:07:45.517,mexc,1INCH/USDT:USDT,0.2883,21524,0.2882,54861,0.2884,1500,0.2885,31555
1753600065905,07:07:45.905,mexc,1INCH/USDT:USDT,0.2883,21524,0.2882,54861,0.2884,1500,0.2885,31555
1753600065907,07:07:45.907,mexc,1INCH/USDT:USDT,0.2883,21524,0.2882,54861,0.2884,1500,0.2885,37306
1753600066309,07:07:46.309,mexc,1INCH/USDT:USDT,0.2883,21524,0.2882,54861,0.2884,1500,0.2885,37306
1753600066409,07:07:46.409,mexc,1INCH/USDT:USDT,0.2883,21524,0.2882,76806,0.2884,1500,0.2885,41120
1753600066579,07:07:46.579,mexc,1INCH/USDT:USDT,0.2885,18800,0.2884,81039,0.2886,35374,0.2887,80911
1753600066906,07:07:46.906,mexc,1INCH/USDT:USDT,0.2885,18800,0.2884,81039,0.2886,35374,0.2887,80911
1753600067312,07:07:47.312,mexc,1INCH/USDT:USDT,0.2885,18800,0.2884,81039,0.2886,35374,0.2887,80911
1753600067407,07:07:47.407,mexc,1INCH/USDT:USDT,0.2885,18800,0.2884,104918,0.2886,35374,0.2887,87351
1753600067810,07:07:47.810,mexc,1INCH/USDT:USDT,0.2885,18800,0.2884,104918,0.2886,35374,0.2887,87351
1753600067909,07:07:47.909,mexc,1INCH/USDT:USDT,0.2885,18800,0.2884,81039,0.2886,35374,0.2887,80911
1753600068313,07:07:48.313,mexc,1INCH/USDT:USDT,0.2885,18800,0.2884,81039,0.2886,35374,0.2887,80911
1753600068411,07:07:48.411,mexc,1INCH/USDT:USDT,0.2885,18800,0.2884,116386,0.2886,35374,0.2887,80911
1753600068817,07:07:48.817,mexc,1INCH/USDT:USDT,0.2885,18800,0.2884,81039,0.2886,35374,0.2887,80911
1753600068909,07:07:48.909,mexc,1INCH/USDT:USDT,0.2885,18800,0.2884,96946,0.2886,35374,0.2887,88891
1753600069312,07:07:49.312,mexc,1INCH/USDT:USDT,0.2885,18800,0.2884,96946,0.2886,35374,0.2887,88891
1753600069458,07:07:49.458,mexc,1INCH/USDT:USDT,0.2885,18800,0.2884,119409,0.2886,35374,0.2887,80911
1753600069812,07:07:49.812,mexc,1INCH/USDT:USDT,0.2885,18800,0.2884,119409,0.2886,35374,0.2887,80911
1753600069915,07:07:49.915,mexc,1INCH/USDT:USDT,0.2885,18800,0.2884,102226,0.2886,35374,0.2887,102629
1753600070313,07:07:50.313,mexc,1INCH/USDT:USDT,0.2885,18800,0.2884,102226,0.2886,35374,0.2887,102629
1753600070410,07:07:50.410,mexc,1INCH/USDT:USDT,0.2885,18800,0.2884,81039,0.2886,35374,0.2887,80911
1753600070812,07:07:50.812,mexc,1INCH/USDT:USDT,0.2885,18800,0.2884,81039,0.2886,35374,0.2887,80911
1753600070910,07:07:50.910,mexc,1INCH/USDT:USDT,0.2885,18800,0.2884,81039,0.2886,35374,0.2887,80911
1753600071274,07:07:51.274,mexc,1INCH/USDT:USDT,0.2885,18800,0.2884,81039,0.2886,35374,0.2887,80911
1753600071411,07:07:51.411,mexc,1INCH/USDT:USDT,0.2885,18800,0.2884,100127,0.2886,35374,0.2887,80911
1753600071814,07:07:51.814,mexc,1INCH/USDT:USDT,0.2885,18800,0.2884,81039,0.2886,35374,0.2887,80911
1753600071912,07:07:51.912,mexc,1INCH/USDT:USDT,0.2885,18800,0.2884,95434,0.2886,35374,0.2887,96298
1753600072312,07:07:52.312,mexc,1INCH/USDT:USDT,0.2885,18800,0.2884,81039,0.2886,35374,0.2887,96298
1753600072505,07:07:52.505,mexc,1INCH/USDT:USDT,0.2885,18800,0.2884,99047,0.2886,35374,0.2887,99246
1753600072520,07:07:52.520,mexc,1INCH/USDT:USDT,0.2884,18008,0.2883,37859,0.2885,15269,0.2886,27408
1753600072912,07:07:52.912,mexc,1INCH/USDT:USDT,0.2884,18008,0.2883,37859,0.2885,15269,0.2886,27408
1753600073315,07:07:53.315,mexc,1INCH/USDT:USDT,0.2884,18008,0.2883,37859,0.2885,15269,0.2886,27408
1753600073413,07:07:53.413,mexc,1INCH/USDT:USDT,0.2884,18008,0.2883,37859,0.2885,15269,0.2886,31573
1753600073816,07:07:53.816,mexc,1INCH/USDT:USDT,0.2884,18008,0.2883,37859,0.2885,15269,0.2886,31573
1753600073913,07:07:53.913,mexc,1INCH/USDT:USDT,0.2884,18008,0.2883,44650,0.2885,15269,0.2886,27408
1753600074315,07:07:54.315,mexc,1INCH/USDT:USDT,0.2884,18008,0.2883,37859,0.2885,15269,0.2886,27408
1753600074413,07:07:54.413,mexc,1INCH/USDT:USDT,0.2884,18008,0.2883,57849,0.2885,15269,0.2886,34762
1753600074818,07:07:54.818,mexc,1INCH/USDT:USDT,0.2884,18008,0.2883,57849,0.2885,15269,0.2886,27408
1753600074913,07:07:54.913,mexc,1INCH/USDT:USDT,0.2884,18008,0.2883,49036,0.2885,15269,0.2886,27408
1753600075316,07:07:55.316,mexc,1INCH/USDT:USDT,0.2884,18008,0.2883,49036,0.2885,15269,0.2886,27408
1753600075461,07:07:55.461,mexc,1INCH/USDT:USDT,0.2884,18008,0.2883,37859,0.2885,15269,0.2886,43214
1753600075816,07:07:55.816,mexc,1INCH/USDT:USDT,0.2884,18008,0.2883,37859,0.2885,15269,0.2886,43214
1753600075917,07:07:55.917,mexc,1INCH/USDT:USDT,0.2884,18008,0.2883,56164,0.2885,15269,0.2886,27408
1753600076315,07:07:56.315,mexc,1INCH/USDT:USDT,0.2884,18008,0.2883,48124,0.2885,15269,0.2886,27408
1753600076415,07:07:56.415,mexc,1INCH/USDT:USDT,0.2884,18008,0.2883,65116,0.2885,15269,0.2886,27408
1753600076817,07:07:56.817,mexc,1INCH/USDT:USDT,0.2884,18008,0.2883,65116,0.2885,15269,0.2886,27408
1753600076914,07:07:56.914,mexc,1INCH/USDT:USDT,0.2884,18008,0.2883,43902,0.2885,15269,0.2886,27408
1753600077316,07:07:57.316,mexc,1INCH/USDT:USDT,0.2884,18008,0.2883,43902,0.2885,15269,0.2886,27408
1753600077415,07:07:57.415,mexc,1INCH/USDT:USDT,0.2884,18008,0.2883,37859,0.2885,15269,0.2886,32978
1753600077817,07:07:57.817,mexc,1INCH/USDT:USDT,0.2884,18008,0.2883,37859,0.2885,15269,0.2886,32978
1753600077915,07:07:57.915,mexc,1INCH/USDT:USDT,0.2884,18008,0.2883,37859,0.2885,15269,0.2886,27408
1753600078317,07:07:58.317,mexc,1INCH/USDT:USDT,0.2884,18008,0.2883,37859,0.2885,15269,0.2886,27408
1753600078517,07:07:58.517,mexc,1INCH/USDT:USDT,0.2883,7898,0.2882,33077,0.2884,24407,0.2885,54401
1753600078522,07:07:58.522,mexc,1INCH/USDT:USDT,0.2883,7898,0.2882,33077,0.2884,24407,0.2885,39132
1753600078914,07:07:58.914,mexc,1INCH/USDT:USDT,0.2883,7898,0.2882,33077,0.2884,24407,0.2885,39132
1753600079317,07:07:59.317,mexc,1INCH/USDT:USDT,0.2883,7898,0.2882,33077,0.2884,24407,0.2885,39132
1753600079415,07:07:59.415,mexc,1INCH/USDT:USDT,0.2883,7898,0.2882,61153,0.2884,24407,0.2885,39132
1753600079817,07:07:59.817,mexc,1INCH/USDT:USDT,0.2883,7898,0.2882,61153,0.2884,24407,0.2885,39132
1753600079915,07:07:59.915,mexc,1INCH/USDT:USDT,0.2883,7898,0.2882,46676,0.2884,24407,0.2885,61209
1753600080317,07:08:00.317,mexc,1INCH/USDT:USDT,0.2883,7898,0.2882,46676,0.2884,24407,0.2885,46460
1753600080415,07:08:00.415,mexc,1INCH/USDT:USDT,0.2883,7898,0.2882,44355,0.2884,24407,0.2885,51490
1753600080819,07:08:00.819,mexc,1INCH/USDT:USDT,0.2883,7898,0.2882,44355,0.2884,24407,0.2885,51490
1753600080915,07:08:00.915,mexc,1INCH/USDT:USDT,0.2883,7898,0.2882,40698,0.2884,24407,0.2885,39132
1753600081317,07:08:01.317,mexc,1INCH/USDT:USDT,0.2883,7898,0.2882,33077,0.2884,24407,0.2885,39132
1753600081462,07:08:01.462,mexc,1INCH/USDT:USDT,0.2883,7898,0.2882,38424,0.2884,24407,0.2885,52630
1753600081817,07:08:01.817,mexc,1INCH/USDT:USDT,0.2883,7898,0.2882,38424,0.2884,24407,0.2885,52630
1753600081917,07:08:01.917,mexc,1INCH/USDT:USDT,0.2883,7898,0.2882,33077,0.2884,24407,0.2885,39132
1753600082317,07:08:02.317,mexc,1INCH/USDT:USDT,0.2883,7898,0.2882,33077,0.2884,24407,0.2885,39132
1753600082414,07:08:02.414,mexc,1INCH/USDT:USDT,0.2883,7898,0.2882,37453,0.2884,24407,0.2885,57749
1753600082817,07:08:02.817,mexc,1INCH/USDT:USDT,0.2883,7898,0.2882,33077,0.2884,24407,0.2885,57749
1753600082915,07:08:02.915,mexc,1INCH/USDT:USDT,0.2883,7898,0.2882,43777,0.2884,24407,0.2885,52015
1753600083318,07:08:03.318,mexc,1INCH/USDT:USDT,0.2883,7898,0.2882,43777,0.2884,24407,0.2885,52015
1753600083414,07:08:03.414,mexc,1INCH/USDT:USDT,0.2883,7898,0.2882,33077,0.2884,24407,0.2885,39132
1753600083818,07:08:03.818,mexc,1INCH/USDT:USDT,0.2883,7898,0.2882,33077,0.2884,24407,0.2885,39132
1753600083916,07:08:03.916,mexc,1INCH/USDT:USDT,0.2883,7898,0.2882,33077,0.2884,24407,0.2885,48211
1753600084317,07:08:04.317,mexc,1INCH/USDT:USDT,0.2883,7898,0.2882,33077,0.2884,24407,0.2885,48211
1753600084514,07:08:04.514,mexc,1INCH/USDT:USDT,0.2883,7898,0.2882,45301,0.2884,24407,0.2885,39132
1753600084523,07:08:04.523,mexc,1INCH/USDT:USDT,0.2882,12224,0.2881,33683,0.2883,12367,0.2884,19665
1753600084922,07:08:04.922,mexc,1INCH/USDT:USDT,0.2882,12224,0.2881,33683,0.2883,12367,0.2884,19665
1753600084923,07:08:04.923,mexc,1INCH/USDT:USDT,0.2882,12224,0.2881,33683,0.2883,12367,0.2884,19665
1753600085318,07:08:05.318,mexc,1INCH/USDT:USDT,0.2882,12224,0.2881,33683,0.2883,12367,0.2884,19665
1753600085414,07:08:05.414,mexc,1INCH/USDT:USDT,0.2882,12224,0.2881,33683,0.2883,12367,0.2884,19665
1753600085817,07:08:05.817,mexc,1INCH/USDT:USDT,0.2882,12224,0.2881,33683,0.2883,12367,0.2884,19665
1753600085919,07:08:05.919,mexc,1INCH/USDT:USDT,0.2882,12224,0.2881,51364,0.2883,12367,0.2884,19665
1753600086321,07:08:06.321,mexc,1INCH/USDT:USDT,0.2882,12224,0.2881,51364,0.2883,12367,0.2884,19665
1753600086418,07:08:06.418,mexc,1INCH/USDT:USDT,0.2882,12224,0.2881,33683,0.2883,12367,0.2884,19665
1753600086821,07:08:06.821,mexc,1INCH/USDT:USDT,0.2882,12224,0.2881,33683,0.2883,12367,0.2884,19665
1753600086918,07:08:06.918,mexc,1INCH/USDT:USDT,0.2882,12224,0.2881,42532,0.2883,12367,0.2884,19665
1753600087321,07:08:07.321,mexc,1INCH/USDT:USDT,0.2882,12224,0.2881,42532,0.2883,12367,0.2884,19665
1753600087462,07:08:07.462,mexc,1INCH/USDT:USDT,0.2882,12224,0.2881,66463,0.2883,12367,0.2884,26263
1753600087819,07:08:07.819,mexc,1INCH/USDT:USDT,0.2882,12224,0.2881,66463,0.2883,12367,0.2884,26263
1753600087918,07:08:07.918,mexc,1INCH/USDT:USDT,0.2882,12224,0.2881,42188,0.2883,12367,0.2884,19665
1753600088321,07:08:08.321,mexc,1INCH/USDT:USDT,0.2882,12224,0.2881,33683,0.2883,12367,0.2884,19665
1753600088419,07:08:08.419,mexc,1INCH/USDT:USDT,0.2882,12224,0.2881,33683,0.2883,12367,0.2884,19665
1753600088820,07:08:08.820,mexc,1INCH/USDT:USDT,0.2882,12224,0.2881,33683,0.2883,12367,0.2884,19665
1753600088920,07:08:08.920,mexc,1INCH/USDT:USDT,0.2882,12224,0.2881,33683,0.2883,12367,0.2884,29026
1753600089324,07:08:09.324,mexc,1INCH/USDT:USDT,0.2882,12224,0.2881,33683,0.2883,12367,0.2884,19665
1753600089424,07:08:09.424,mexc,1INCH/USDT:USDT,0.2882,12224,0.2881,39610,0.2883,12367,0.2884,19665
1753600089822,07:08:09.822,mexc,1INCH/USDT:USDT,0.2882,12224,0.2881,39610,0.2883,12367,0.2884,19665
1753600089920,07:08:09.920,mexc,1INCH/USDT:USDT,0.2882,12224,0.2881,33683,0.2883,12367,0.2884,19665
1753600090321,07:08:10.321,mexc,1INCH/USDT:USDT,0.2882,12224,0.2881,33683,0.2883,12367,0.2884,19665
1753600090517,07:08:10.517,mexc,1INCH/USDT:USDT,0.2882,12224,0.2881,33683,0.2884,2752,0.2885,26492
1753600090599,07:08:10.599,mexc,1INCH/USDT:USDT,0.2883,24058,0.2882,52509,0.2884,2752,0.2885,26492
1753600090920,07:08:10.920,mexc,1INCH/USDT:USDT,0.2883,24058,0.2882,52509,0.2884,2752,0.2885,31585
1753600091321,07:08:11.321,mexc,1INCH/USDT:USDT,0.2883,24058,0.2882,52509,0.2884,2752,0.2885,26492
1753600091421,07:08:11.421,mexc,1INCH/USDT:USDT,0.2883,24058,0.2882,52509,0.2884,2752,0.2885,26492
1753600091823,07:08:11.823,mexc,1INCH/USDT:USDT,0.2883,24058,0.2882,52509,0.2884,2752,0.2885,26492
1753600091921,07:08:11.921,mexc,1INCH/USDT:USDT,0.2883,24058,0.2882,52509,0.2884,2752,0.2885,26492
1753600092323,07:08:12.323,mexc,1INCH/USDT:USDT,0.2883,24058,0.2882,52509,0.2884,2752,0.2885,26492
1753600092421,07:08:12.421,mexc,1INCH/USDT:USDT,0.2883,24058,0.2882,61933,0.2884,2752,0.2885,26492
1753600092823,07:08:12.823,mexc,1INCH/USDT:USDT,0.2883,24058,0.2882,61933,0.2884,2752,0.2885,26492
1753600092922,07:08:12.922,mexc,1INCH/USDT:USDT,0.2883,24058,0.2882,73505,0.2884,2752,0.2885,41155
1753600093323,07:08:13.323,mexc,1INCH/USDT:USDT,0.2883,24058,0.2882,52509,0.2884,2752,0.2885,41155
1753600093465,07:08:13.465,mexc,1INCH/USDT:USDT,0.2883,24058,0.2882,62355,0.2884,2752,0.2885,26492
1753600093825,07:08:13.825,mexc,1INCH/USDT:USDT,0.2883,24058,0.2882,62355,0.2884,2752,0.2885,26492
1753600093923,07:08:13.923,mexc,1INCH/USDT:USDT,0.2883,24058,0.2882,75504,0.2884,2752,0.2885,29384
1753600094325,07:08:14.325,mexc,1INCH/USDT:USDT,0.2883,24058,0.2882,75504,0.2884,2752,0.2885,29384
1753600094422,07:08:14.422,mexc,1INCH/USDT:USDT,0.2883,24058,0.2882,78358,0.2884,2752,0.2885,26492
1753600094825,07:08:14.825,mexc,1INCH/USDT:USDT,0.2883,24058,0.2882,78358,0.2884,2752,0.2885,26492
1753600094955,07:08:14.955,mexc,1INCH/USDT:USDT,0.2883,24058,0.2882,52509,0.2884,2752,0.2885,26492
1753600095326,07:08:15.326,mexc,1INCH/USDT:USDT,0.2883,24058,0.2882,52509,0.2884,2752,0.2885,26492
1753600095424,07:08:15.424,mexc,1INCH/USDT:USDT,0.2883,24058,0.2882,72110,0.2884,2752,0.2885,35650
1753600095825,07:08:15.825,mexc,1INCH/USDT:USDT,0.2883,24058,0.2882,72110,0.2884,2752,0.2885,26492
1753600095922,07:08:15.922,mexc,1INCH/USDT:USDT,0.2883,24058,0.2882,78050,0.2884,2752,0.2885,38931
1753600096326,07:08:16.326,mexc,1INCH/USDT:USDT,0.2883,24058,0.2882,78050,0.2884,2752,0.2885,38931
1753600096518,07:08:16.518,mexc,1INCH/USDT:USDT,0.2883,24058,0.2882,73783,0.2884,11791,0.2885,24373
1753600096527,07:08:16.527,mexc,1INCH/USDT:USDT,0.2883,16176,0.2882,61844,0.2884,11791,0.2885,24373
1753600096923,07:08:16.923,mexc,1INCH/USDT:USDT,0.2883,16176,0.2882,61844,0.2884,11791,0.2885,24373
1753600097326,07:08:17.326,mexc,1INCH/USDT:USDT,0.2883,16176,0.2882,61844,0.2884,11791,0.2885,24373
1753600097425,07:08:17.425,mexc,1INCH/USDT:USDT,0.2883,16176,0.2882,84152,0.2884,11791,0.2885,31329
1753600097829,07:08:17.829,mexc,1INCH/USDT:USDT,0.2883,16176,0.2882,84152,0.2884,11791,0.2885,24373
1753600097927,07:08:17.927,mexc,1INCH/USDT:USDT,0.2883,16176,0.2882,61844,0.2884,11791,0.2885,24373
1753600098329,07:08:18.329,mexc,1INCH/USDT:USDT,0.2883,16176,0.2882,61844,0.2884,11791,0.2885,24373
1753600098528,07:08:18.528,mexc,1INCH/USDT:USDT,0.2883,16176,0.2882,61844,0.2884,11791,0.2885,24373
1753600098529,07:08:18.529,mexc,1INCH/USDT:USDT,0.2883,16176,0.2882,61844,0.2884,11791,0.2885,24373
1753600098927,07:08:18.927,mexc,1INCH/USDT:USDT,0.2883,16176,0.2882,61844,0.2884,11791,0.2885,24373
1753600099326,07:08:19.326,mexc,1INCH/USDT:USDT,0.2883,16176,0.2882,61844,0.2884,11791,0.2885,24373
1753600099426,07:08:19.426,mexc,1INCH/USDT:USDT,0.2883,16176,0.2882,61844,0.2884,11791,0.2885,24373
1753600099827,07:08:19.827,mexc,1INCH/USDT:USDT,0.2883,16176,0.2882,61844,0.2884,11791,0.2885,24373
1753600099926,07:08:19.926,mexc,1INCH/USDT:USDT,0.2883,16176,0.2882,61844,0.2884,11791,0.2885,27481
1753600100326,07:08:20.326,mexc,1INCH/USDT:USDT,0.2883,16176,0.2882,61844,0.2884,11791,0.2885,27481
1753600100426,07:08:20.426,mexc,1INCH/USDT:USDT,0.2883,16176,0.2882,82850,0.2884,11791,0.2885,24373
1753600100828,07:08:20.828,mexc,1INCH/USDT:USDT,0.2883,16176,0.2882,61844,0.2884,11791,0.2885,24373
1753600100925,07:08:20.925,mexc,1INCH/USDT:USDT,0.2883,16176,0.2882,61844,0.2884,11791,0.2885,24373
1753600101327,07:08:21.327,mexc,1INCH/USDT:USDT,0.2883,16176,0.2882,61844,0.2884,11791,0.2885,24373
1753600101430,07:08:21.430,mexc,1INCH/USDT:USDT,0.2883,16176,0.2882,61844,0.2884,11791,0.2885,24373
1753600101830,07:08:21.830,mexc,1INCH/USDT:USDT,0.2883,16176,0.2882,61844,0.2884,11791,0.2885,24373
1753600101928,07:08:21.928,mexc,1INCH/USDT:USDT,0.2883,16176,0.2882,61844,0.2884,11791,0.2885,24373
1753600102328,07:08:22.328,mexc,1INCH/USDT:USDT,0.2883,16176,0.2882,61844,0.2884,11791,0.2885,24373
1753600102529,07:08:22.529,mexc,1INCH/USDT:USDT,0.2883,27592,0.2882,129723,0.2884,15266,0.2885,24344
1753600102531,07:08:22.531,mexc,1INCH/USDT:USDT,0.2883,11416,0.2882,49150,0.2884,15266,0.2885,24344
1753600102927,07:08:22.927,mexc,1INCH/USDT:USDT,0.2883,11416,0.2882,49150,0.2884,15266,0.2885,24344
1753600102928,07:08:22.928,mexc,1INCH/USDT:USDT,0.2883,11416,0.2882,70456,0.2884,15266,0.2885,24344
1753600103425,07:08:23.425,mexc,1INCH/USDT:USDT,0.2883,11416,0.2882,49150,0.2884,15266,0.2885,24344
1753600103428,07:08:23.428,mexc,1INCH/USDT:USDT,0.2883,11416,0.2882,49150,0.2884,15266,0.2885,32423
1753600103828,07:08:23.828,mexc,1INCH/USDT:USDT,0.2883,11416,0.2882,49150,0.2884,15266,0.2885,32423
1753600103928,07:08:23.928,mexc,1INCH/USDT:USDT,0.2883,11416,0.2882,49150,0.2884,15266,0.2885,24344
1753600104330,07:08:24.330,mexc,1INCH/USDT:USDT,0.2883,11416,0.2882,49150,0.2884,15266,0.2885,24344
1753600104528,07:08:24.528,mexc,1INCH/USDT:USDT,0.2883,11416,0.2882,49150,0.2884,15266,0.2885,24344
1753600104530,07:08:24.530,mexc,1INCH/USDT:USDT,0.2883,11416,0.2882,49150,0.2884,15266,0.2885,24344
1753600104928,07:08:24.928,mexc,1INCH/USDT:USDT,0.2883,11416,0.2882,49150,0.2884,15266,0.2885,34148
1753600104928,07:08:24.928,mexc,1INCH/USDT:USDT,0.2883,11416,0.2882,49150,0.2884,15266,0.2885,34148
1753600105331,07:08:25.331,mexc,1INCH/USDT:USDT,0.2883,11416,0.2882,49150,0.2884,15266,0.2885,24344
1753600105429,07:08:25.429,mexc,1INCH/USDT:USDT,0.2883,11416,0.2882,49150,0.2884,15266,0.2885,28753
1753600105831,07:08:25.831,mexc,1INCH/USDT:USDT,0.2883,11416,0.2882,49150,0.2884,15266,0.2885,28753
1753600105930,07:08:25.930,mexc,1INCH/USDT:USDT,0.2883,11416,0.2882,49150,0.2884,15266,0.2885,24344
1753600106330,07:08:26.330,mexc,1INCH/USDT:USDT,0.2883,11416,0.2882,49150,0.2884,15266,0.2885,24344
1753600106429,07:08:26.429,mexc,1INCH/USDT:USDT,0.2883,11416,0.2882,49150,0.2884,15266,0.2885,24344
1753600106830,07:08:26.830,mexc,1INCH/USDT:USDT,0.2883,11416,0.2882,49150,0.2884,15266,0.2885,24344
1753600106927,07:08:26.927,mexc,1INCH/USDT:USDT,0.2883,11416,0.2882,68692,0.2884,15266,0.2885,36325
1753600107284,07:08:27.284,mexc,1INCH/USDT:USDT,0.2883,11416,0.2882,68692,0.2884,15266,0.2885,36325
1753600107429,07:08:27.429,mexc,1INCH/USDT:USDT,0.2883,11416,0.2882,49150,0.2884,15266,0.2885,27307
1753600107830,07:08:27.830,mexc,1INCH/USDT:USDT,0.2883,11416,0.2882,49150,0.2884,15266,0.2885,27307
1753600107928,07:08:27.928,mexc,1INCH/USDT:USDT,0.2883,11416,0.2882,69435,0.2884,15266,0.2885,38807
1753600108331,07:08:28.331,mexc,1INCH/USDT:USDT,0.2883,11416,0.2882,69435,0.2884,15266,0.2885,34963
1753600108526,07:08:28.526,mexc,1INCH/USDT:USDT,0.2883,11416,0.2882,49150,0.2884,33894,0.2885,60853
1753600108534,07:08:28.534,mexc,1INCH/USDT:USDT,0.2883,5233,0.2882,35785,0.2884,18628,0.2885,33145
1753600108936,07:08:28.936,mexc,1INCH/USDT:USDT,0.2883,5233,0.2882,35785,0.2884,18628,0.2885,33145
1753600108936,07:08:28.936,mexc,1INCH/USDT:USDT,0.2883,5233,0.2882,35785,0.2884,18628,0.2885,33145
1753600109431,07:08:29.431,mexc,1INCH/USDT:USDT,0.2883,5233,0.2882,35785,0.2884,18628,0.2885,33145
1753600109431,07:08:29.431,mexc,1INCH/USDT:USDT,0.2883,5233,0.2882,35785,0.2884,18628,0.2885,33145
1753600109932,07:08:29.932,mexc,1INCH/USDT:USDT,0.2883,5233,0.2882,41043,0.2884,18628,0.2885,33145
1753600109933,07:08:29.933,mexc,1INCH/USDT:USDT,0.2883,5233,0.2882,41043,0.2884,18628,0.2885,33145
1753600110430,07:08:30.430,mexc,1INCH/USDT:USDT,0.2883,5233,0.2882,35785,0.2884,18628,0.2885,33145
1753600110532,07:08:30.532,mexc,1INCH/USDT:USDT,0.2883,5233,0.2882,35785,0.2884,18628,0.2885,38454
1753600110833,07:08:30.833,mexc,1INCH/USDT:USDT,0.2883,5233,0.2882,35785,0.2884,18628,0.2885,38454
1753600110931,07:08:30.931,mexc,1INCH/USDT:USDT,0.2883,5233,0.2882,39739,0.2884,18628,0.2885,52844
1753600111332,07:08:31.332,mexc,1INCH/USDT:USDT,0.2883,5233,0.2882,35785,0.2884,18628,0.2885,52844
1753600111431,07:08:31.431,mexc,1INCH/USDT:USDT,0.2883,5233,0.2882,35785,0.2884,18628,0.2885,39131
1753600111832,07:08:31.832,mexc,1INCH/USDT:USDT,0.2883,5233,0.2882,35785,0.2884,18628,0.2885,39131
1753600111932,07:08:31.932,mexc,1INCH/USDT:USDT,0.2883,5233,0.2882,35785,0.2884,18628,0.2885,55595
1753600112334,07:08:32.334,mexc,1INCH/USDT:USDT,0.2883,5233,0.2882,35785,0.2884,18628,0.2885,55595
1753600112431,07:08:32.431,mexc,1INCH/USDT:USDT,0.2883,5233,0.2882,35785,0.2884,18628,0.2885,47894
1753600112833,07:08:32.833,mexc,1INCH/USDT:USDT,0.2883,5233,0.2882,35785,0.2884,18628,0.2885,47894
1753600112932,07:08:32.932,mexc,1INCH/USDT:USDT,0.2883,5233,0.2882,35785,0.2884,18628,0.2885,33145
1753600113287,07:08:33.287,mexc,1INCH/USDT:USDT,0.2883,5233,0.2882,35785,0.2884,18628,0.2885,33145
1753600113435,07:08:33.435,mexc,1INCH/USDT:USDT,0.2883,5233,0.2882,39952,0.2884,18628,0.2885,33145
1753600113837,07:08:33.837,mexc,1INCH/USDT:USDT,0.2883,5233,0.2882,39952,0.2884,18628,0.2885,33145
1753600113932,07:08:33.932,mexc,1INCH/USDT:USDT,0.2883,5233,0.2882,35785,0.2884,18628,0.2885,47184
1753600114334,07:08:34.334,mexc,1INCH/USDT:USDT,0.2883,5233,0.2882,35785,0.2884,18628,0.2885,47184
1753600114537,07:08:34.537,mexc,1INCH/USDT:USDT,0.2883,8845,0.2882,40697,0.2884,21136,0.2885,40950
1753600114933,07:08:34.933,mexc,1INCH/USDT:USDT,0.2883,8845,0.2882,40697,0.2884,21136,0.2885,40950
1753600114972,07:08:34.972,mexc,1INCH/USDT:USDT,0.2883,8845,0.2882,40697,0.2884,21136,0.2885,40950
1753600115376,07:08:35.376,mexc,1INCH/USDT:USDT,0.2883,8845,0.2882,40697,0.2884,21136,0.2885,40950
1753600115435,07:08:35.435,mexc,1INCH/USDT:USDT,0.2883,8845,0.2882,47216,0.2884,21136,0.2885,47973
1753600115838,07:08:35.838,mexc,1INCH/USDT:USDT,0.2883,8845,0.2882,47216,0.2884,21136,0.2885,47973
1753600115936,07:08:35.936,mexc,1INCH/USDT:USDT,0.2883,8845,0.2882,40697,0.2884,21136,0.2885,47556
1753600116339,07:08:36.339,mexc,1INCH/USDT:USDT,0.2883,8845,0.2882,40697,0.2884,21136,0.2885,47556
1753600116531,07:08:36.531,mexc,1INCH/USDT:USDT,0.2883,8845,0.2882,40697,0.2884,21136,0.2885,40950
1753600116838,07:08:36.838,mexc,1INCH/USDT:USDT,0.2883,8845,0.2882,40697,0.2884,21136,0.2885,40950
1753600116937,07:08:36.937,mexc,1INCH/USDT:USDT,0.2883,8845,0.2882,50135,0.2884,21136,0.2885,40950
1753600117339,07:08:37.339,mexc,1INCH/USDT:USDT,0.2883,8845,0.2882,50135,0.2884,21136,0.2885,40950
1753600117436,07:08:37.436,mexc,1INCH/USDT:USDT,0.2883,8845,0.2882,60058,0.2884,21136,0.2885,51104
1753600117838,07:08:37.838,mexc,1INCH/USDT:USDT,0.2883,8845,0.2882,60058,0.2884,21136,0.2885,51104
1753600117936,07:08:37.936,mexc,1INCH/USDT:USDT,0.2883,8845,0.2882,40697,0.2884,21136,0.2885,53332
1753600118338,07:08:38.338,mexc,1INCH/USDT:USDT,0.2883,8845,0.2882,40697,0.2884,21136,0.2885,40950
1753600118436,07:08:38.436,mexc,1INCH/USDT:USDT,0.2883,8845,0.2882,61376,0.2884,21136,0.2885,60003
1753600118839,07:08:38.839,mexc,1INCH/USDT:USDT,0.2883,8845,0.2882,61376,0.2884,21136,0.2885,60003
1753600118937,07:08:38.937,mexc,1INCH/USDT:USDT,0.2883,8845,0.2882,40697,0.2884,21136,0.2885,40950
1753600119284,07:08:39.284,mexc,1INCH/USDT:USDT,0.2883,8845,0.2882,40697,0.2884,21136,0.2885,40950
1753600119440,07:08:39.440,mexc,1INCH/USDT:USDT,0.2883,8845,0.2882,40697,0.2884,21136,0.2885,40950
1753600119841,07:08:39.841,mexc,1INCH/USDT:USDT,0.2883,8845,0.2882,40697,0.2884,21136,0.2885,40950
1753600119941,07:08:39.941,mexc,1INCH/USDT:USDT,0.2883,8845,0.2882,40697,0.2884,21136,0.2885,61084
1753600120345,07:08:40.345,mexc,1INCH/USDT:USDT,0.2883,8845,0.2882,40697,0.2884,21136,0.2885,40950
1753600120539,07:08:40.539,mexc,1INCH/USDT:USDT,0.2883,79401,0.2882,32338,0.2884,14660,0.2885,32663
1753600120944,07:08:40.944,mexc,1INCH/USDT:USDT,0.2883,79401,0.2882,32338,0.2884,14660,0.2885,32663
1753600120947,07:08:40.947,mexc,1INCH/USDT:USDT,0.2883,79401,0.2882,37673,0.2884,14660,0.2885,32663
1753600121438,07:08:41.438,mexc,1INCH/USDT:USDT,0.2883,79401,0.2882,32338,0.2884,14660,0.2885,32663
1753600121438,07:08:41.438,mexc,1INCH/USDT:USDT,0.2883,79401,0.2882,32338,0.2884,14660,0.2885,32663
1753600121841,07:08:41.841,mexc,1INCH/USDT:USDT,0.2883,79401,0.2882,32338,0.2884,14660,0.2885,32663
1753600121941,07:08:41.941,mexc,1INCH/USDT:USDT,0.2883,79401,0.2882,32338,0.2884,14660,0.2885,32663
1753600122341,07:08:42.341,mexc,1INCH/USDT:USDT,0.2883,79401,0.2882,32338,0.2884,14660,0.2885,32663
1753600122536,07:08:42.536,mexc,1INCH/USDT:USDT,0.2883,79401,0.2882,47975,0.2884,14660,0.2885,32663
1753600122897,07:08:42.897,mexc,1INCH/USDT:USDT,0.2883,79401,0.2882,43649,0.2884,14660,0.2885,32663
1753600122940,07:08:42.940,mexc,1INCH/USDT:USDT,0.2883,79401,0.2882,46323,0.2884,14660,0.2885,40462
1753600123341,07:08:43.341,mexc,1INCH/USDT:USDT,0.2883,79401,0.2882,46323,0.2884,14660,0.2885,40462
1753600123443,07:08:43.443,mexc,1INCH/USDT:USDT,0.2883,79401,0.2882,32338,0.2884,14660,0.2885,32663
1753600123851,07:08:43.851,mexc,1INCH/USDT:USDT,0.2883,79401,0.2882,32338,0.2884,14660,0.2885,32663
1753600123941,07:08:43.941,mexc,1INCH/USDT:USDT,0.2883,79401,0.2882,51313,0.2884,14660,0.2885,37311
1753600124342,07:08:44.342,mexc,1INCH/USDT:USDT,0.2883,79401,0.2882,35945,0.2884,14660,0.2885,37311
1753600124439,07:08:44.439,mexc,1INCH/USDT:USDT,0.2883,79401,0.2882,32338,0.2884,14660,0.2885,32663
1753600124842,07:08:44.842,mexc,1INCH/USDT:USDT,0.2883,79401,0.2882,32338,0.2884,14660,0.2885,32663
1753600124939,07:08:44.939,mexc,1INCH/USDT:USDT,0.2883,79401,0.2882,32338,0.2884,14660,0.2885,32663
1753600125289,07:08:45.289,mexc,1INCH/USDT:USDT,0.2883,79401,0.2882,32338,0.2884,14660,0.2885,32663
1753600125440,07:08:45.440,mexc,1INCH/USDT:USDT,0.2883,79401,0.2882,35918,0.2884,14660,0.2885,32663
1753600125842,07:08:45.842,mexc,1INCH/USDT:USDT,0.2883,79401,0.2882,35918,0.2884,14660,0.2885,32663
1753600125942,07:08:45.942,mexc,1INCH/USDT:USDT,0.2883,79401,0.2882,32338,0.2884,14660,0.2885,41111
1753600126343,07:08:46.343,mexc,1INCH/USDT:USDT,0.2883,79401,0.2882,32338,0.2884,14660,0.2885,41111
1753600126536,07:08:46.536,mexc,1INCH/USDT:USDT,0.2884,27386,0.2883,187698,0.2885,1182,0.2886,18796
1753600126542,07:08:46.542,mexc,1INCH/USDT:USDT,0.2884,27386,0.2883,108297,0.2885,1182,0.2886,18796
1753600126951,07:08:46.951,mexc,1INCH/USDT:USDT,0.2884,27386,0.2883,108297,0.2885,1182,0.2886,18796
1753600126951,07:08:46.951,mexc,1INCH/USDT:USDT,0.2884,27386,0.2883,108297,0.2885,1182,0.2886,24459
1753600127443,07:08:47.443,mexc,1INCH/USDT:USDT,0.2884,27386,0.2883,108297,0.2885,1182,0.2886,18796
1753600127444,07:08:47.444,mexc,1INCH/USDT:USDT,0.2884,27386,0.2883,108297,0.2885,1182,0.2886,26986
1753600127943,07:08:47.943,mexc,1INCH/USDT:USDT,0.2884,27386,0.2883,108297,0.2885,1182,0.2886,27975
1753600127944,07:08:47.944,mexc,1INCH/USDT:USDT,0.2884,27386,0.2883,108297,0.2885,1182,0.2886,27975
1753600128344,07:08:48.344,mexc,1INCH/USDT:USDT,0.2884,27386,0.2883,108297,0.2885,1182,0.2886,27975
1753600128536,07:08:48.536,mexc,1INCH/USDT:USDT,0.2884,27386,0.2883,108297,0.2885,1182,0.2886,21497
1753600128845,07:08:48.845,mexc,1INCH/USDT:USDT,0.2884,27386,0.2883,108297,0.2885,1182,0.2886,21497
1753600128943,07:08:48.943,mexc,1INCH/USDT:USDT,0.2884,27386,0.2883,146594,0.2885,1182,0.2886,18796
1753600129345,07:08:49.345,mexc,1INCH/USDT:USDT,0.2884,27386,0.2883,108297,0.2885,1182,0.2886,18796
1753600129442,07:08:49.442,mexc,1INCH/USDT:USDT,0.2884,27386,0.2883,147734,0.2885,1182,0.2886,32140
1753600129844,07:08:49.844,mexc,1INCH/USDT:USDT,0.2884,27386,0.2883,147734,0.2885,1182,0.2886,25864
1753600129944,07:08:49.944,mexc,1INCH/USDT:USDT,0.2884,27386,0.2883,108297,0.2885,1182,0.2886,21082
1753600130344,07:08:50.344,mexc,1INCH/USDT:USDT,0.2884,27386,0.2883,108297,0.2885,1182,0.2886,21082
1753600130442,07:08:50.442,mexc,1INCH/USDT:USDT,0.2884,27386,0.2883,108297,0.2885,1182,0.2886,18796
1753600130844,07:08:50.844,mexc,1INCH/USDT:USDT,0.2884,27386,0.2883,108297,0.2885,1182,0.2886,18796
1753600130943,07:08:50.943,mexc,1INCH/USDT:USDT,0.2884,27386,0.2883,146174,0.2885,1182,0.2886,18796
1753600131291,07:08:51.291,mexc,1INCH/USDT:USDT,0.2884,27386,0.2883,146174,0.2885,1182,0.2886,18796
1753600131444,07:08:51.444,mexc,1INCH/USDT:USDT,0.2884,27386,0.2883,108297,0.2885,1182,0.2886,18796
1753600131844,07:08:51.844,mexc,1INCH/USDT:USDT,0.2884,27386,0.2883,108297,0.2885,1182,0.2886,18796
1753600131942,07:08:51.942,mexc,1INCH/USDT:USDT,0.2884,27386,0.2883,108297,0.2885,1182,0.2886,20805
1753600132343,07:08:52.343,mexc,1INCH/USDT:USDT,0.2884,27386,0.2883,108297,0.2885,1182,0.2886,20805
1753600132540,07:08:52.540,mexc,1INCH/USDT:USDT,0.2885,28466,0.2884,27386,0.2886,2619,0.2887,28930
1753600132547,07:08:52.547,mexc,1INCH/USDT:USDT,0.2885,28466,0.2884,71405,0.2886,2619,0.2887,28930
1753600132953,07:08:52.953,mexc,1INCH/USDT:USDT,0.2885,28466,0.2884,71405,0.2886,2619,0.2887,28930
1753600132954,07:08:52.954,mexc,1INCH/USDT:USDT,0.2885,28466,0.2884,106449,0.2886,2619,0.2887,28930
1753600133442,07:08:53.442,mexc,1INCH/USDT:USDT,0.2885,28466,0.2884,71405,0.2886,2619,0.2887,28930
1753600133445,07:08:53.445,mexc,1INCH/USDT:USDT,0.2885,28466,0.2884,105694,0.2886,2619,0.2887,36462
1753600133845,07:08:53.845,mexc,1INCH/USDT:USDT,0.2885,28466,0.2884,71405,0.2886,2619,0.2887,36462
1753600133943,07:08:53.943,mexc,1INCH/USDT:USDT,0.2885,28466,0.2884,71405,0.2886,2619,0.2887,32387
1753600134346,07:08:54.346,mexc,1INCH/USDT:USDT,0.2885,28466,0.2884,71405,0.2886,2619,0.2887,32387
1753600134536,07:08:54.536,mexc,1INCH/USDT:USDT,0.2885,28466,0.2884,99738,0.2886,2619,0.2887,28930
1753600134846,07:08:54.846,mexc,1INCH/USDT:USDT,0.2885,28466,0.2884,87565,0.2886,2619,0.2887,28930
1753600134944,07:08:54.944,mexc,1INCH/USDT:USDT,0.2885,28466,0.2884,131913,0.2886,2619,0.2887,28930
1753600135346,07:08:55.346,mexc,1INCH/USDT:USDT,0.2885,28466,0.2884,131913,0.2886,2619,0.2887,28930
1753600135442,07:08:55.442,mexc,1INCH/USDT:USDT,0.2885,28466,0.2884,71405,0.2886,2619,0.2887,28930
1753600135845,07:08:55.845,mexc,1INCH/USDT:USDT,0.2885,28466,0.2884,71405,0.2886,2619,0.2887,28930
1753600135946,07:08:55.946,mexc,1INCH/USDT:USDT,0.2885,28466,0.2884,71405,0.2886,2619,0.2887,40642
1753600136347,07:08:56.347,mexc,1INCH/USDT:USDT,0.2885,28466,0.2884,71405,0.2886,2619,0.2887,40642
1753600136445,07:08:56.445,mexc,1INCH/USDT:USDT,0.2885,28466,0.2884,71405,0.2886,2619,0.2887,39674
1753600136846,07:08:56.846,mexc,1INCH/USDT:USDT,0.2885,28466,0.2884,71405,0.2886,2619,0.2887,39674
1753600136946,07:08:56.946,mexc,1INCH/USDT:USDT,0.2885,28466,0.2884,71405,0.2886,2619,0.2887,28930
1753600137298,07:08:57.298,mexc,1INCH/USDT:USDT,0.2885,28466,0.2884,71405,0.2886,2619,0.2887,28930
1753600137446,07:08:57.446,mexc,1INCH/USDT:USDT,0.2885,28466,0.2884,79253,0.2886,2619,0.2887,28930
1753600137846,07:08:57.846,mexc,1INCH/USDT:USDT,0.2885,28466,0.2884,79253,0.2886,2619,0.2887,28930
1753600137945,07:08:57.945,mexc,1INCH/USDT:USDT,0.2885,28466,0.2884,101241,0.2886,2619,0.2887,28930
1753600138346,07:08:58.346,mexc,1INCH/USDT:USDT,0.2885,28466,0.2884,101241,0.2886,2619,0.2887,28930
1753600138543,07:08:58.543,mexc,1INCH/USDT:USDT,0.2885,20578,0.2884,66489,0.2886,8629,0.2887,39928
1753600138954,07:08:58.954,mexc,1INCH/USDT:USDT,0.2885,20578,0.2884,66489,0.2886,8629,0.2887,39928
1753600138954,07:08:58.954,mexc,1INCH/USDT:USDT,0.2885,20578,0.2884,81739,0.2886,8629,0.2887,39928
1753600139444,07:08:59.444,mexc,1INCH/USDT:USDT,0.2885,20578,0.2884,66489,0.2886,8629,0.2887,39928
1753600139446,07:08:59.446,mexc,1INCH/USDT:USDT,0.2885,20578,0.2884,66489,0.2886,8629,0.2887,39928
1753600139847,07:08:59.847,mexc,1INCH/USDT:USDT,0.2885,20578,0.2884,66489,0.2886,8629,0.2887,39928
1753600139949,07:08:59.949,mexc,1INCH/USDT:USDT,0.2885,20578,0.2884,66489,0.2886,8629,0.2887,39928
1753600140349,07:09:00.349,mexc,1INCH/USDT:USDT,0.2885,20578,0.2884,66489,0.2886,8629,0.2887,39928
1753600140545,07:09:00.545,mexc,1INCH/USDT:USDT,0.2885,20578,0.2884,112443,0.2886,8629,0.2887,51592
1753600140550,07:09:00.550,mexc,1INCH/USDT:USDT,0.2885,20578,0.2884,112443,0.2886,8629,0.2887,51592
1753600140948,07:09:00.948,mexc,1INCH/USDT:USDT,0.2885,20578,0.2884,66489,0.2886,8629,0.2887,39928
1753600141348,07:09:01.348,mexc,1INCH/USDT:USDT,0.2885,20578,0.2884,66489,0.2886,8629,0.2887,39928
1753600141455,07:09:01.455,mexc,1INCH/USDT:USDT,0.2885,20578,0.2884,66489,0.2886,8629,0.2887,57241
1753600141849,07:09:01.849,mexc,1INCH/USDT:USDT,0.2885,20578,0.2884,66489,0.2886,8629,0.2887,57241
1753600141948,07:09:01.948,mexc,1INCH/USDT:USDT,0.2885,20578,0.2884,78289,0.2886,8629,0.2887,39928
1753600142348,07:09:02.348,mexc,1INCH/USDT:USDT,0.2885,20578,0.2884,66489,0.2886,8629,0.2887,39928
1753600142447,07:09:02.447,mexc,1INCH/USDT:USDT,0.2885,20578,0.2884,80838,0.2886,8629,0.2887,58767
1753600142849,07:09:02.849,mexc,1INCH/USDT:USDT,0.2885,20578,0.2884,73893,0.2886,8629,0.2887,58767
1753600142948,07:09:02.948,mexc,1INCH/USDT:USDT,0.2885,20578,0.2884,92278,0.2886,8629,0.2887,39928
1753600143350,07:09:03.350,mexc,1INCH/USDT:USDT,0.2885,20578,0.2884,66489,0.2886,8629,0.2887,39928
1753600143449,07:09:03.449,mexc,1INCH/USDT:USDT,0.2885,20578,0.2884,66489,0.2886,8629,0.2887,65372
1753600143850,07:09:03.850,mexc,1INCH/USDT:USDT,0.2885,20578,0.2884,66489,0.2886,8629,0.2887,55210
1753600143949,07:09:03.949,mexc,1INCH/USDT:USDT,0.2885,20578,0.2884,66489,0.2886,8629,0.2887,39928
1753600144349,07:09:04.349,mexc,1INCH/USDT:USDT,0.2885,20578,0.2884,66489,0.2886,8629,0.2887,39928
1753600144548,07:09:04.548,mexc,1INCH/USDT:USDT,0.2886,5325,0.2885,37914,0.2887,15829,0.2888,48913
1753600144548,07:09:04.548,mexc,1INCH/USDT:USDT,0.2886,5325,0.2885,17336,0.2887,15829,0.2888,48913
1753600144950,07:09:04.950,mexc,1INCH/USDT:USDT,0.2886,5325,0.2885,24161,0.2887,15829,0.2888,48913
1753600144950,07:09:04.950,mexc,1INCH/USDT:USDT,0.2886,5325,0.2885,24161,0.2887,15829,0.2888,63149
1753600145350,07:09:05.350,mexc,1INCH/USDT:USDT,0.2886,5325,0.2885,17336,0.2887,15829,0.2888,63149
1753600145449,07:09:05.449,mexc,1INCH/USDT:USDT,0.2886,5325,0.2885,17336,0.2887,15829,0.2888,48913
1753600145850,07:09:05.850,mexc,1INCH/USDT:USDT,0.2886,5325,0.2885,17336,0.2887,15829,0.2888,48913
1753600145947,07:09:05.947,mexc,1INCH/USDT:USDT,0.2886,5325,0.2885,19987,0.2887,15829,0.2888,69165
1753600146349,07:09:06.349,mexc,1INCH/USDT:USDT,0.2886,5325,0.2885,17336,0.2887,15829,0.2888,69165
1753600146448,07:09:06.448,mexc,1INCH/USDT:USDT,0.2886,5325,0.2885,22092,0.2887,15829,0.2888,48913
1753600146574,07:09:06.574,mexc,1INCH/USDT:USDT,0.2886,5325,0.2885,22092,0.2887,15829,0.2888,48913
1753600146948,07:09:06.948,mexc,1INCH/USDT:USDT,0.2886,5325,0.2885,19280,0.2887,15829,0.2888,48913
1753600147351,07:09:07.351,mexc,1INCH/USDT:USDT,0.2886,5325,0.2885,19280,0.2887,15829,0.2888,48913
1753600147450,07:09:07.450,mexc,1INCH/USDT:USDT,0.2886,5325,0.2885,21870,0.2887,15829,0.2888,48913
1753600147851,07:09:07.851,mexc,1INCH/USDT:USDT,0.2886,5325,0.2885,17336,0.2887,15829,0.2888,48913
1753600147949,07:09:07.949,mexc,1INCH/USDT:USDT,0.2886,5325,0.2885,19393,0.2887,15829,0.2888,66776
1753600148352,07:09:08.352,mexc,1INCH/USDT:USDT,0.2886,5325,0.2885,19393,0.2887,15829,0.2888,66776
1753600148448,07:09:08.448,mexc,1INCH/USDT:USDT,0.2886,5325,0.2885,21531,0.2887,15829,0.2888,73971
1753600148851,07:09:08.851,mexc,1INCH/USDT:USDT,0.2886,5325,0.2885,21531,0.2887,15829,0.2888,73971
1753600149001,07:09:09.001,mexc,1INCH/USDT:USDT,0.2886,5325,0.2885,17336,0.2887,15829,0.2888,71471
1753600149402,07:09:09.402,mexc,1INCH/USDT:USDT,0.2886,5325,0.2885,17336,0.2887,15829,0.2888,71471
1753600149504,07:09:09.504,mexc,1INCH/USDT:USDT,0.2886,5325,0.2885,17336,0.2887,15829,0.2888,48913
1753600149902,07:09:09.902,mexc,1INCH/USDT:USDT,0.2886,5325,0.2885,17336,0.2887,15829,0.2888,48913
1753600150000,07:09:10.000,mexc,1INCH/USDT:USDT,0.2886,5325,0.2885,17336,0.2887,15829,0.2888,48913
1753600150402,07:09:10.402,mexc,1INCH/USDT:USDT,0.2886,5325,0.2885,17336,0.2887,15829,0.2888,48913
1753600150545,07:09:10.545,mexc,1INCH/USDT:USDT,0.2886,4533,0.2885,25478,0.2887,23928,0.2888,50152
1753600151000,07:09:11.000,mexc,1INCH/USDT:USDT,0.2886,4533,0.2885,29666,0.2887,23928,0.2888,50152
1753600151000,07:09:11.000,mexc,1INCH/USDT:USDT,0.2886,4533,0.2885,29666,0.2887,23928,0.2888,61785
1753600151404,07:09:11.404,mexc,1INCH/USDT:USDT,0.2886,4533,0.2885,29666,0.2887,23928,0.2888,50152
1753600151500,07:09:11.500,mexc,1INCH/USDT:USDT,0.2886,4533,0.2885,25478,0.2887,23928,0.2888,50152
1753600151904,07:09:11.904,mexc,1INCH/USDT:USDT,0.2886,4533,0.2885,25478,0.2887,23928,0.2888,50152
1753600152000,07:09:12.000,mexc,1INCH/USDT:USDT,0.2886,4533,0.2885,44378,0.2887,23928,0.2888,56457
1753600152402,07:09:12.402,mexc,1INCH/USDT:USDT,0.2886,4533,0.2885,44378,0.2887,23928,0.2888,50152
1753600152541,07:09:12.541,mexc,1INCH/USDT:USDT,0.2886,4533,0.2885,25478,0.2887,23928,0.2888,50152
1753600152903,07:09:12.903,mexc,1INCH/USDT:USDT,0.2886,4533,0.2885,25478,0.2887,23928,0.2888,50152
1753600153005,07:09:13.005,mexc,1INCH/USDT:USDT,0.2886,4533,0.2885,25478,0.2887,23928,0.2888,50152
1753600153408,07:09:13.408,mexc,1INCH/USDT:USDT,0.2886,4533,0.2885,25478,0.2887,23928,0.2888,50152
1753600153501,07:09:13.501,mexc,1INCH/USDT:USDT,0.2886,4533,0.2885,41503,0.2887,23928,0.2888,50152
1753600153902,07:09:13.902,mexc,1INCH/USDT:USDT,0.2886,4533,0.2885,41503,0.2887,23928,0.2888,50152
1753600154001,07:09:14.001,mexc,1INCH/USDT:USDT,0.2886,4533,0.2885,34579,0.2887,23928,0.2888,50152
1753600154393,07:09:14.393,mexc,1INCH/USDT:USDT,0.2886,4533,0.2885,34579,0.2887,23928,0.2888,50152
1753600154501,07:09:14.501,mexc,1INCH/USDT:USDT,0.2886,4533,0.2885,37817,0.2887,23928,0.2888,61461
1753600154904,07:09:14.904,mexc,1INCH/USDT:USDT,0.2886,4533,0.2885,32000,0.2887,23928,0.2888,61461
1753600155000,07:09:15.000,mexc,1INCH/USDT:USDT,0.2886,4533,0.2885,25478,0.2887,23928,0.2888,67665
1753600155403,07:09:15.403,mexc,1INCH/USDT:USDT,0.2886,4533,0.2885,25478,0.2887,23928,0.2888,67665
1753600155502,07:09:15.502,mexc,1INCH/USDT:USDT,0.2886,4533,0.2885,25478,0.2887,23928,0.2888,50152
1753600155905,07:09:15.905,mexc,1INCH/USDT:USDT,0.2886,4533,0.2885,25478,0.2887,23928,0.2888,50152
1753600156004,07:09:16.004,mexc,1INCH/USDT:USDT,0.2886,4533,0.2885,25478,0.2887,23928,0.2888,67949
1753600156405,07:09:16.405,mexc,1INCH/USDT:USDT,0.2886,4533,0.2885,25478,0.2887,23928,0.2888,50152
1753600156555,07:09:16.555,mexc,1INCH/USDT:USDT,0.2886,1411,0.2885,21390,0.2887,17728,0.2888,57223
1753600157002,07:09:17.002,mexc,1INCH/USDT:USDT,0.2886,1411,0.2885,21390,0.2887,17728,0.2888,57223
1753600157002,07:09:17.002,mexc,1INCH/USDT:USDT,0.2886,1411,0.2885,21390,0.2887,17728,0.2888,67807
1753600157406,07:09:17.406,mexc,1INCH/USDT:USDT,0.2886,1411,0.2885,21390,0.2887,17728,0.2888,67807
1753600157502,07:09:17.502,mexc,1INCH/USDT:USDT,0.2886,1411,0.2885,21390,0.2887,17728,0.2888,57223
1753600157904,07:09:17.904,mexc,1INCH/USDT:USDT,0.2886,1411,0.2885,21390,0.2887,17728,0.2888,57223
1753600158002,07:09:18.002,mexc,1INCH/USDT:USDT,0.2886,1411,0.2885,35855,0.2887,17728,0.2888,57223
1753600158406,07:09:18.406,mexc,1INCH/USDT:USDT,0.2886,1411,0.2885,35855,0.2887,17728,0.2888,57223
1753600158544,07:09:18.544,mexc,1INCH/USDT:USDT,0.2886,1411,0.2885,21390,0.2887,17728,0.2888,57223
1753600158906,07:09:18.906,mexc,1INCH/USDT:USDT,0.2886,1411,0.2885,21390,0.2887,17728,0.2888,57223
1753600159008,07:09:19.008,mexc,1INCH/USDT:USDT,0.2886,1411,0.2885,21390,0.2887,17728,0.2888,57223
1753600159406,07:09:19.406,mexc,1INCH/USDT:USDT,0.2886,1411,0.2885,21390,0.2887,17728,0.2888,57223
1753600159506,07:09:19.506,mexc,1INCH/USDT:USDT,0.2886,1411,0.2885,21390,0.2887,17728,0.2888,69812
1753600159908,07:09:19.908,mexc,1INCH/USDT:USDT,0.2886,1411,0.2885,21390,0.2887,17728,0.2888,69812
1753600160005,07:09:20.005,mexc,1INCH/USDT:USDT,0.2886,1411,0.2885,23584,0.2887,17728,0.2888,97102
1753600160391,07:09:20.391,mexc,1INCH/USDT:USDT,0.2886,1411,0.2885,23584,0.2887,17728,0.2888,97102
1753600160507,07:09:20.507,mexc,1INCH/USDT:USDT,0.2886,1411,0.2885,21390,0.2887,17728,0.2888,57223
1753600160909,07:09:20.909,mexc,1INCH/USDT:USDT,0.2886,1411,0.2885,21390,0.2887,17728,0.2888,57223
1753600161006,07:09:21.006,mexc,1INCH/USDT:USDT,0.2886,1411,0.2885,21390,0.2887,17728,0.2888,67960
1753600161408,07:09:21.408,mexc,1INCH/USDT:USDT,0.2886,1411,0.2885,21390,0.2887,17728,0.2888,67960
1753600161507,07:09:21.507,mexc,1INCH/USDT:USDT,0.2886,1411,0.2885,31254,0.2887,17728,0.2888,57223
1753600161909,07:09:21.909,mexc,1INCH/USDT:USDT,0.2886,1411,0.2885,31254,0.2887,17728,0.2888,57223
1753600162006,07:09:22.006,mexc,1INCH/USDT:USDT,0.2886,1411,0.2885,21390,0.2887,17728,0.2888,79786
1753600162408,07:09:22.408,mexc,1INCH/USDT:USDT,0.2886,1411,0.2885,21390,0.2887,17728,0.2888,79786
1753600162548,07:09:22.548,mexc,1INCH/USDT:USDT,0.2886,1727,0.2885,30114,0.2887,28651,0.2888,57470
1753600163005,07:09:23.005,mexc,1INCH/USDT:USDT,0.2886,1727,0.2885,30114,0.2887,28651,0.2888,57470
1753600163008,07:09:23.008,mexc,1INCH/USDT:USDT,0.2886,1727,0.2885,30114,0.2887,28651,0.2888,57470
1753600163409,07:09:23.409,mexc,1INCH/USDT:USDT,0.2886,1727,0.2885,30114,0.2887,28651,0.2888,57470
1753600163506,07:09:23.506,mexc,1INCH/USDT:USDT,0.2886,1727,0.2885,33316,0.2887,28651,0.2888,71874
1753600163909,07:09:23.909,mexc,1INCH/USDT:USDT,0.2886,1727,0.2885,33316,0.2887,28651,0.2888,71874
1753600164008,07:09:24.008,mexc,1INCH/USDT:USDT,0.2886,1727,0.2885,30114,0.2887,28651,0.2888,57470
1753600164409,07:09:24.409,mexc,1INCH/USDT:USDT,0.2886,1727,0.2885,30114,0.2887,28651,0.2888,57470
1753600164545,07:09:24.545,mexc,1INCH/USDT:USDT,0.2886,1727,0.2885,30114,0.2887,28651,0.2888,57470
1753600164912,07:09:24.912,mexc,1INCH/USDT:USDT,0.2886,1727,0.2885,30114,0.2887,28651,0.2888,57470
1753600165009,07:09:25.009,mexc,1INCH/USDT:USDT,0.2886,1727,0.2885,43766,0.2887,28651,0.2888,57470
1753600165410,07:09:25.410,mexc,1INCH/USDT:USDT,0.2886,1727,0.2885,43766,0.2887,28651,0.2888,57470
1753600165509,07:09:25.509,mexc,1INCH/USDT:USDT,0.2886,1727,0.2885,30114,0.2887,28651,0.2888,75439
1753600165910,07:09:25.910,mexc,1INCH/USDT:USDT,0.2886,1727,0.2885,30114,0.2887,28651,0.2888,57470
1753600166007,07:09:26.007,mexc,1INCH/USDT:USDT,0.2886,1727,0.2885,30114,0.2887,28651,0.2888,71213
1753600166405,07:09:26.405,mexc,1INCH/USDT:USDT,0.2886,1727,0.2885,30114,0.2887,28651,0.2888,71213
1753600166509,07:09:26.509,mexc,1INCH/USDT:USDT,0.2886,1727,0.2885,33297,0.2887,28651,0.2888,76467
1753600166910,07:09:26.910,mexc,1INCH/USDT:USDT,0.2886,1727,0.2885,33297,0.2887,28651,0.2888,76467
1753600167008,07:09:27.008,mexc,1INCH/USDT:USDT,0.2886,1727,0.2885,30114,0.2887,28651,0.2888,70039
1753600167410,07:09:27.410,mexc,1INCH/USDT:USDT,0.2886,1727,0.2885,30114,0.2887,28651,0.2888,70039
1753600167509,07:09:27.509,mexc,1INCH/USDT:USDT,0.2886,1727,0.2885,55306,0.2887,28651,0.2888,82252
1753600167910,07:09:27.910,mexc,1INCH/USDT:USDT,0.2886,1727,0.2885,43848,0.2887,28651,0.2888,82252
1753600168007,07:09:28.007,mexc,1INCH/USDT:USDT,0.2886,1727,0.2885,35362,0.2887,28651,0.2888,84928
1753600168410,07:09:28.410,mexc,1INCH/USDT:USDT,0.2886,1727,0.2885,35362,0.2887,28651,0.2888,57470
1753600168549,07:09:28.549,mexc,1INCH/USDT:USDT,0.2886,20302,0.2885,36140,0.2887,4953,0.2888,37806
1753600169007,07:09:29.007,mexc,1INCH/USDT:USDT,0.2886,20302,0.2885,36140,0.2887,4953,0.2888,37806
1753600169008,07:09:29.008,mexc,1INCH/USDT:USDT,0.2886,20302,0.2885,36140,0.2887,4953,0.2888,37806
1753600169413,07:09:29.413,mexc,1INCH/USDT:USDT,0.2886,20302,0.2885,36140,0.2887,4953,0.2888,37806
1753600169509,07:09:29.509,mexc,1INCH/USDT:USDT,0.2886,20302,0.2885,36140,0.2887,4953,0.2888,63810
1753600169912,07:09:29.912,mexc,1INCH/USDT:USDT,0.2886,20302,0.2885,36140,0.2887,4953,0.2888,63810
1753600170008,07:09:30.008,mexc,1INCH/USDT:USDT,0.2886,20302,0.2885,52844,0.2887,4953,0.2888,37806
1753600170412,07:09:30.412,mexc,1INCH/USDT:USDT,0.2886,20302,0.2885,52844,0.2887,4953,0.2888,37806
1753600170547,07:09:30.547,mexc,1INCH/USDT:USDT,0.2886,20302,0.2885,42024,0.2887,4953,0.2888,45159
1753600170911,07:09:30.911,mexc,1INCH/USDT:USDT,0.2886,20302,0.2885,42024,0.2887,4953,0.2888,45159
1753600171010,07:09:31.010,mexc,1INCH/USDT:USDT,0.2886,20302,0.2885,44133,0.2887,4953,0.2888,37806
1753600171411,07:09:31.411,mexc,1INCH/USDT:USDT,0.2886,20302,0.2885,44133,0.2887,4953,0.2888,37806
1753600171510,07:09:31.510,mexc,1INCH/USDT:USDT,0.2886,20302,0.2885,36140,0.2887,4953,0.2888,42631
1753600171912,07:09:31.912,mexc,1INCH/USDT:USDT,0.2886,20302,0.2885,36140,0.2887,4953,0.2888,42631
1753600172009,07:09:32.009,mexc,1INCH/USDT:USDT,0.2886,20302,0.2885,36140,0.2887,4953,0.2888,49478
1753600172407,07:09:32.407,mexc,1INCH/USDT:USDT,0.2886,20302,0.2885,36140,0.2887,4953,0.2888,49478
1753600172510,07:09:32.510,mexc,1INCH/USDT:USDT,0.2886,20302,0.2885,51933,0.2887,4953,0.2888,41922
1753600172913,07:09:32.913,mexc,1INCH/USDT:USDT,0.2886,20302,0.2885,51933,0.2887,4953,0.2888,41922
1753600173011,07:09:33.011,mexc,1INCH/USDT:USDT,0.2886,20302,0.2885,52276,0.2887,4953,0.2888,42764
1753600173412,07:09:33.412,mexc,1INCH/USDT:USDT,0.2886,20302,0.2885,36140,0.2887,4953,0.2888,42764
1753600173510,07:09:33.510,mexc,1INCH/USDT:USDT,0.2886,20302,0.2885,36140,0.2887,4953,0.2888,43378
1753600173913,07:09:33.913,mexc,1INCH/USDT:USDT,0.2886,20302,0.2885,36140,0.2887,4953,0.2888,43378
1753600174009,07:09:34.009,mexc,1INCH/USDT:USDT,0.2886,20302,0.2885,36140,0.2887,4953,0.2888,37806
1753600174412,07:09:34.412,mexc,1INCH/USDT:USDT,0.2886,20302,0.2885,36140,0.2887,4953,0.2888,37806
1753600174552,07:09:34.552,mexc,1INCH/USDT:USDT,0.2886,22906,0.2885,39184,0.2887,9897,0.2888,48766
1753600175011,07:09:35.011,mexc,1INCH/USDT:USDT,0.2886,22906,0.2885,39184,0.2887,9897,0.2888,48766
1753600175011,07:09:35.011,mexc,1INCH/USDT:USDT,0.2886,22906,0.2885,39184,0.2887,9897,0.2888,70692
1753600175414,07:09:35.414,mexc,1INCH/USDT:USDT,0.2886,22906,0.2885,39184,0.2887,9897,0.2888,70692
1753600175512,07:09:35.512,mexc,1INCH/USDT:USDT,0.2886,22906,0.2885,39184,0.2887,9897,0.2888,58931
1753600175915,07:09:35.915,mexc,1INCH/USDT:USDT,0.2886,22906,0.2885,39184,0.2887,9897,0.2888,58931
1753600176011,07:09:36.011,mexc,1INCH/USDT:USDT,0.2886,22906,0.2885,39184,0.2887,9897,0.2888,48766
1753600176420,07:09:36.420,mexc,1INCH/USDT:USDT,0.2886,22906,0.2885,39184,0.2887,9897,0.2888,48766
1753600176545,07:09:36.545,mexc,1INCH/USDT:USDT,0.2886,22906,0.2885,39184,0.2887,9897,0.2888,69300
1753600176914,07:09:36.914,mexc,1INCH/USDT:USDT,0.2886,22906,0.2885,39184,0.2887,9897,0.2888,69300
1753600177012,07:09:37.012,mexc,1INCH/USDT:USDT,0.2886,22906,0.2885,39184,0.2887,9897,0.2888,57932
1753600177416,07:09:37.416,mexc,1INCH/USDT:USDT,0.2886,22906,0.2885,39184,0.2887,9897,0.2888,48766
1753600177513,07:09:37.513,mexc,1INCH/USDT:USDT,0.2886,22906,0.2885,39184,0.2887,9897,0.2888,48766
1753600177917,07:09:37.917,mexc,1INCH/USDT:USDT,0.2886,22906,0.2885,39184,0.2887,9897,0.2888,48766
1753600178013,07:09:38.013,mexc,1INCH/USDT:USDT,0.2886,22906,0.2885,39184,0.2887,9897,0.2888,69927
1753600178411,07:09:38.411,mexc,1INCH/USDT:USDT,0.2886,22906,0.2885,39184,0.2887,9897,0.2888,69927
1753600178514,07:09:38.514,mexc,1INCH/USDT:USDT,0.2886,22906,0.2885,39184,0.2887,9897,0.2888,48766
1753600178915,07:09:38.915,mexc,1INCH/USDT:USDT,0.2886,22906,0.2885,39184,0.2887,9897,0.2888,48766
1753600179016,07:09:39.016,mexc,1INCH/USDT:USDT,0.2886,22906,0.2885,45202,0.2887,9897,0.2888,73006
1753600179415,07:09:39.415,mexc,1INCH/USDT:USDT,0.2886,22906,0.2885,45202,0.2887,9897,0.2888,62965
1753600179514,07:09:39.514,mexc,1INCH/USDT:USDT,0.2886,22906,0.2885,39184,0.2887,9897,0.2888,48766
1753600179917,07:09:39.917,mexc,1INCH/USDT:USDT,0.2886,22906,0.2885,39184,0.2887,9897,0.2888,48766
1753600180018,07:09:40.018,mexc,1INCH/USDT:USDT,0.2886,22906,0.2885,39184,0.2887,9897,0.2888,48766
1753600180417,07:09:40.417,mexc,1INCH/USDT:USDT,0.2886,22906,0.2885,39184,0.2887,9897,0.2888,48766
1753600180553,07:09:40.553,mexc,1INCH/USDT:USDT,0.2886,17985,0.2885,43951,0.2887,9250,0.2888,33224
1753600181014,07:09:41.014,mexc,1INCH/USDT:USDT,0.2886,17985,0.2885,43951,0.2887,9250,0.2888,33224
1753600181014,07:09:41.014,mexc,1INCH/USDT:USDT,0.2886,17985,0.2885,43951,0.2887,9250,0.2888,33224
1753600181417,07:09:41.417,mexc,1INCH/USDT:USDT,0.2886,17985,0.2885,43951,0.2887,9250,0.2888,33224
1753600181514,07:09:41.514,mexc,1INCH/USDT:USDT,0.2886,17985,0.2885,43951,0.2887,9250,0.2888,46472
1753600181917,07:09:41.917,mexc,1INCH/USDT:USDT,0.2886,17985,0.2885,43951,0.2887,9250,0.2888,46472
1753600182016,07:09:42.016,mexc,1INCH/USDT:USDT,0.2886,17985,0.2885,43951,0.2887,9250,0.2888,33224
1753600182417,07:09:42.417,mexc,1INCH/USDT:USDT,0.2886,17985,0.2885,43951,0.2887,9250,0.2888,33224
1753600182547,07:09:42.547,mexc,1INCH/USDT:USDT,0.2886,17985,0.2885,43951,0.2887,9250,0.2888,33224
1753600182917,07:09:42.917,mexc,1INCH/USDT:USDT,0.2886,17985,0.2885,43951,0.2887,9250,0.2888,33224
1753600183016,07:09:43.016,mexc,1INCH/USDT:USDT,0.2886,17985,0.2885,64329,0.2887,9250,0.2888,33224
1753600183418,07:09:43.418,mexc,1INCH/USDT:USDT,0.2886,17985,0.2885,64329,0.2887,9250,0.2888,33224
1753600183517,07:09:43.517,mexc,1INCH/USDT:USDT,0.2886,17985,0.2885,43951,0.2887,9250,0.2888,33224
1753600183919,07:09:43.919,mexc,1INCH/USDT:USDT,0.2886,17985,0.2885,43951,0.2887,9250,0.2888,33224
1753600184017,07:09:44.017,mexc,1INCH/USDT:USDT,0.2886,17985,0.2885,43951,0.2887,9250,0.2888,33224
1753600184414,07:09:44.414,mexc,1INCH/USDT:USDT,0.2886,17985,0.2885,43951,0.2887,9250,0.2888,33224
1753600184517,07:09:44.517,mexc,1INCH/USDT:USDT,0.2886,17985,0.2885,43951,0.2887,9250,0.2888,33224
1753600184919,07:09:44.919,mexc,1INCH/USDT:USDT,0.2886,17985,0.2885,43951,0.2887,9250,0.2888,33224
1753600185017,07:09:45.017,mexc,1INCH/USDT:USDT,0.2886,17985,0.2885,53742,0.2887,9250,0.2888,33224
1753600185420,07:09:45.420,mexc,1INCH/USDT:USDT,0.2886,17985,0.2885,53742,0.2887,9250,0.2888,33224
1753600185516,07:09:45.516,mexc,1INCH/USDT:USDT,0.2886,17985,0.2885,43951,0.2887,9250,0.2888,33224
1753600185919,07:09:45.919,mexc,1INCH/USDT:USDT,0.2886,17985,0.2885,43951,0.2887,9250,0.2888,33224
1753600186018,07:09:46.018,mexc,1INCH/USDT:USDT,0.2886,17985,0.2885,43951,0.2887,9250,0.2888,41238
1753600186421,07:09:46.421,mexc,1INCH/USDT:USDT,0.2886,17985,0.2885,43951,0.2887,9250,0.2888,41238
1753600186561,07:09:46.561,mexc,1INCH/USDT:USDT,0.2886,18328,0.2885,58248,0.2887,3888,0.2888,38694
1753600187016,07:09:47.016,mexc,1INCH/USDT:USDT,0.2886,18328,0.2885,58248,0.2887,3888,0.2888,57097
1753600187016,07:09:47.016,mexc,1INCH/USDT:USDT,0.2886,18328,0.2885,58248,0.2887,3888,0.2888,57097
1753600187420,07:09:47.420,mexc,1INCH/USDT:USDT,0.2886,18328,0.2885,58248,0.2887,3888,0.2888,38694
1753600187516,07:09:47.516,mexc,1INCH/USDT:USDT,0.2886,18328,0.2885,58248,0.2887,3888,0.2888,38694
1753600187921,07:09:47.921,mexc,1INCH/USDT:USDT,0.2886,18328,0.2885,58248,0.2887,3888,0.2888,38694
1753600188018,07:09:48.018,mexc,1INCH/USDT:USDT,0.2886,18328,0.2885,58248,0.2887,3888,0.2888,38694
1753600188421,07:09:48.421,mexc,1INCH/USDT:USDT,0.2886,18328,0.2885,58248,0.2887,3888,0.2888,38694
1753600188550,07:09:48.550,mexc,1INCH/USDT:USDT,0.2886,18328,0.2885,58248,0.2887,3888,0.2888,46645
1753600188922,07:09:48.922,mexc,1INCH/USDT:USDT,0.2886,18328,0.2885,58248,0.2887,3888,0.2888,38694
1753600189022,07:09:49.022,mexc,1INCH/USDT:USDT,0.2886,18328,0.2885,58248,0.2887,3888,0.2888,38694
1753600189422,07:09:49.422,mexc,1INCH/USDT:USDT,0.2886,18328,0.2885,58248,0.2887,3888,0.2888,38694
1753600189520,07:09:49.520,mexc,1INCH/USDT:USDT,0.2886,18328,0.2885,58248,0.2887,3888,0.2888,54713
1753600189921,07:09:49.921,mexc,1INCH/USDT:USDT,0.2886,18328,0.2885,58248,0.2887,3888,0.2888,54713
1753600190020,07:09:50.020,mexc,1INCH/USDT:USDT,0.2886,18328,0.2885,68505,0.2887,3888,0.2888,38694
1753600190424,07:09:50.424,mexc,1INCH/USDT:USDT,0.2886,18328,0.2885,68505,0.2887,3888,0.2888,38694
1753600190521,07:09:50.521,mexc,1INCH/USDT:USDT,0.2886,18328,0.2885,58248,0.2887,3888,0.2888,38694
1753600190923,07:09:50.923,mexc,1INCH/USDT:USDT,0.2886,18328,0.2885,58248,0.2887,3888,0.2888,38694
1753600191023,07:09:51.023,mexc,1INCH/USDT:USDT,0.2886,18328,0.2885,58248,0.2887,3888,0.2888,38694
1753600191424,07:09:51.424,mexc,1INCH/USDT:USDT,0.2886,18328,0.2885,58248,0.2887,3888,0.2888,38694
1753600191614,07:09:51.614,mexc,1INCH/USDT:USDT,0.2886,28776,0.2885,51887,0.2887,358,0.2888,28248
1753600192023,07:09:52.023,mexc,1INCH/USDT:USDT,0.2886,28776,0.2885,51887,0.2887,358,0.2888,28248
1753600192023,07:09:52.023,mexc,1INCH/USDT:USDT,0.2886,28776,0.2885,51887,0.2887,358,0.2888,41833
1753600192424,07:09:52.424,mexc,1INCH/USDT:USDT,0.2886,28776,0.2885,51887,0.2887,358,0.2888,41833
1753600192522,07:09:52.522,mexc,1INCH/USDT:USDT,0.2886,28776,0.2885,71067,0.2887,358,0.2888,28248
1753600192924,07:09:52.924,mexc,1INCH/USDT:USDT,0.2886,28776,0.2885,71067,0.2887,358,0.2888,28248
1753600193023,07:09:53.023,mexc,1INCH/USDT:USDT,0.2886,28776,0.2885,51887,0.2887,358,0.2888,28248
1753600193425,07:09:53.425,mexc,1INCH/USDT:USDT,0.2886,28776,0.2885,51887,0.2887,358,0.2888,28248
1753600193523,07:09:53.523,mexc,1INCH/USDT:USDT,0.2886,28776,0.2885,51887,0.2887,358,0.2888,28248
1753600193925,07:09:53.925,mexc,1INCH/USDT:USDT,0.2886,28776,0.2885,51887,0.2887,358,0.2888,28248
1753600194024,07:09:54.024,mexc,1INCH/USDT:USDT,0.2886,28776,0.2885,51887,0.2887,358,0.2888,28248
1753600194426,07:09:54.426,mexc,1INCH/USDT:USDT,0.2886,28776,0.2885,51887,0.2887,358,0.2888,28248
1753600194549,07:09:54.549,mexc,1INCH/USDT:USDT,0.2886,28776,0.2885,51887,0.2887,358,0.2888,47629
1753600194925,07:09:54.925,mexc,1INCH/USDT:USDT,0.2886,28776,0.2885,51887,0.2887,358,0.2888,34569
1753600195024,07:09:55.024,mexc,1INCH/USDT:USDT,0.2886,28776,0.2885,59995,0.2887,358,0.2888,28248
1753600195425,07:09:55.425,mexc,1INCH/USDT:USDT,0.2886,28776,0.2885,51887,0.2887,358,0.2888,28248
1753600195524,07:09:55.524,mexc,1INCH/USDT:USDT,0.2886,28776,0.2885,51887,0.2887,358,0.2888,40461
1753600195928,07:09:55.928,mexc,1INCH/USDT:USDT,0.2886,28776,0.2885,51887,0.2887,358,0.2888,40461
1753600196025,07:09:56.025,mexc,1INCH/USDT:USDT,0.2886,28776,0.2885,51887,0.2887,358,0.2888,28248
1753600196430,07:09:56.430,mexc,1INCH/USDT:USDT,0.2886,28776,0.2885,51887,0.2887,358,0.2888,28248
1753600196528,07:09:56.528,mexc,1INCH/USDT:USDT,0.2886,28776,0.2885,51887,0.2887,358,0.2888,28248
1753600196929,07:09:56.929,mexc,1INCH/USDT:USDT,0.2886,28776,0.2885,51887,0.2887,358,0.2888,28248
1753600197028,07:09:57.028,mexc,1INCH/USDT:USDT,0.2886,28776,0.2885,51887,0.2887,358,0.2888,28248
1753600197497,07:09:57.497,mexc,1INCH/USDT:USDT,0.2886,28776,0.2885,51887,0.2887,358,0.2888,28248
1753600197619,07:09:57.619,mexc,1INCH/USDT:USDT,0.2886,25317,0.2885,50078,0.2887,5684,0.2888,33780
1753600198025,07:09:58.025,mexc,1INCH/USDT:USDT,0.2886,25317,0.2885,56819,0.2887,5684,0.2888,33780
1753600198026,07:09:58.026,mexc,1INCH/USDT:USDT,0.2886,25317,0.2885,56819,0.2887,5684,0.2888,50563
1753600198428,07:09:58.428,mexc,1INCH/USDT:USDT,0.2886,25317,0.2885,50078,0.2887,5684,0.2888,50563
1753600198527,07:09:58.527,mexc,1INCH/USDT:USDT,0.2886,25317,0.2885,69804,0.2887,5684,0.2888,43542
1753600198930,07:09:58.930,mexc,1INCH/USDT:USDT,0.2886,25317,0.2885,50078,0.2887,5684,0.2888,43542
1753600199028,07:09:59.028,mexc,1INCH/USDT:USDT,0.2886,25317,0.2885,50078,0.2887,5684,0.2888,33780
1753600199431,07:09:59.431,mexc,1INCH/USDT:USDT,0.2886,25317,0.2885,50078,0.2887,5684,0.2888,33780
1753600199527,07:09:59.527,mexc,1INCH/USDT:USDT,0.2886,25317,0.2885,50078,0.2887,5684,0.2888,33780
1753600199929,07:09:59.929,mexc,1INCH/USDT:USDT,0.2886,25317,0.2885,50078,0.2887,5684,0.2888,33780
1753600200028,07:10:00.028,mexc,1INCH/USDT:USDT,0.2886,25317,0.2885,56416,0.2887,5684,0.2888,45092
1753600200429,07:10:00.429,mexc,1INCH/USDT:USDT,0.2886,25317,0.2885,56416,0.2887,5684,0.2888,45092
1753600200568,07:10:00.568,mexc,1INCH/USDT:USDT,0.2886,25317,0.2885,50078,0.2887,5684,0.2888,40841
1753600200931,07:10:00.931,mexc,1INCH/USDT:USDT,0.2886,25317,0.2885,50078,0.2887,5684,0.2888,40841
1753600201026,07:10:01.026,mexc,1INCH/USDT:USDT,0.2886,25317,0.2885,78889,0.2887,5684,0.2888,33780
1753600201429,07:10:01.429,mexc,1INCH/USDT:USDT,0.2886,25317,0.2885,78889,0.2887,5684,0.2888,33780
1753600201529,07:10:01.529,mexc,1INCH/USDT:USDT,0.2886,25317,0.2885,50078,0.2887,5684,0.2888,33780
1753600201933,07:10:01.933,mexc,1INCH/USDT:USDT,0.2886,25317,0.2885,50078,0.2887,5684,0.2888,33780
1753600202031,07:10:02.031,mexc,1INCH/USDT:USDT,0.2886,25317,0.2885,67205,0.2887,5684,0.2888,33780
1753600202432,07:10:02.432,mexc,1INCH/USDT:USDT,0.2886,25317,0.2885,50078,0.2887,5684,0.2888,33780
1753600202534,07:10:02.534,mexc,1INCH/USDT:USDT,0.2886,25317,0.2885,76768,0.2887,5684,0.2888,52893
1753600202934,07:10:02.934,mexc,1INCH/USDT:USDT,0.2886,25317,0.2885,71052,0.2887,5684,0.2888,52893
1753600203034,07:10:03.034,mexc,1INCH/USDT:USDT,0.2886,25317,0.2885,61679,0.2887,5684,0.2888,47503
1753600203434,07:10:03.434,mexc,1INCH/USDT:USDT,0.2886,25317,0.2885,61679,0.2887,5684,0.2888,33780
1753600203619,07:10:03.619,mexc,1INCH/USDT:USDT,0.2886,23856,0.2885,53391,0.2887,610,0.2888,25135
1753600204032,07:10:04.032,mexc,1INCH/USDT:USDT,0.2886,23856,0.2885,53391,0.2887,610,0.2888,25135
1753600204033,07:10:04.033,mexc,1INCH/USDT:USDT,0.2886,23856,0.2885,53391,0.2887,610,0.2888,25135
1753600204531,07:10:04.531,mexc,1INCH/USDT:USDT,0.2886,23856,0.2885,53391,0.2887,610,0.2888,25135
1753600204532,07:10:04.532,mexc,1INCH/USDT:USDT,0.2886,23856,0.2885,53391,0.2887,610,0.2888,33834
1753600204938,07:10:04.938,mexc,1INCH/USDT:USDT,0.2886,23856,0.2885,53391,0.2887,610,0.2888,33834
1753600205031,07:10:05.031,mexc,1INCH/USDT:USDT,0.2886,23856,0.2885,66875,0.2887,610,0.2888,25135
1753600205435,07:10:05.435,mexc,1INCH/USDT:USDT,0.2886,23856,0.2885,66875,0.2887,610,0.2888,25135
1753600205534,07:10:05.534,mexc,1INCH/USDT:USDT,0.2886,23856,0.2885,53391,0.2887,610,0.2888,25135
1753600205935,07:10:05.935,mexc,1INCH/USDT:USDT,0.2886,23856,0.2885,53391,0.2887,610,0.2888,25135
1753600206034,07:10:06.034,mexc,1INCH/USDT:USDT,0.2886,23856,0.2885,62161,0.2887,610,0.2888,25135
1753600206436,07:10:06.436,mexc,1INCH/USDT:USDT,0.2886,23856,0.2885,62161,0.2887,610,0.2888,25135
1753600206582,07:10:06.582,mexc,1INCH/USDT:USDT,0.2886,23856,0.2885,53391,0.2887,610,0.2888,25135
1753600206781,07:10:06.781,mexc,1INCH/USDT:USDT,0.2886,23856,0.2885,53391,0.2887,610,0.2888,25135
1753600207035,07:10:07.035,mexc,1INCH/USDT:USDT,0.2886,23856,0.2885,64624,0.2887,610,0.2888,36936
1753600207434,07:10:07.434,mexc,1INCH/USDT:USDT,0.2886,23856,0.2885,64624,0.2887,610,0.2888,36936
1753600207534,07:10:07.534,mexc,1INCH/USDT:USDT,0.2886,23856,0.2885,89363,0.2887,610,0.2888,25135
1753600207937,07:10:07.937,mexc,1INCH/USDT:USDT,0.2886,23856,0.2885,69506,0.2887,610,0.2888,25135
1753600208033,07:10:08.033,mexc,1INCH/USDT:USDT,0.2886,23856,0.2885,53391,0.2887,610,0.2888,33632
1753600208435,07:10:08.435,mexc,1INCH/USDT:USDT,0.2886,23856,0.2885,53391,0.2887,610,0.2888,33632
1753600208535,07:10:08.535,mexc,1INCH/USDT:USDT,0.2886,23856,0.2885,89781,0.2887,610,0.2888,25135
1753600208935,07:10:08.935,mexc,1INCH/USDT:USDT,0.2886,23856,0.2885,66606,0.2887,610,0.2888,25135
1753600209035,07:10:09.035,mexc,1INCH/USDT:USDT,0.2886,23856,0.2885,53391,0.2887,610,0.2888,25135
1753600209438,07:10:09.438,mexc,1INCH/USDT:USDT,0.2886,23856,0.2885,53391,0.2887,610,0.2888,25135
1753600209619,07:10:09.619,mexc,1INCH/USDT:USDT,0.2885,19098,0.2884,38897,0.2886,13267,0.2887,31763
1753600210034,07:10:10.034,mexc,1INCH/USDT:USDT,0.2885,19098,0.2884,38897,0.2886,13267,0.2887,31763
1753600210035,07:10:10.035,mexc,1INCH/USDT:USDT,0.2885,19098,0.2884,46949,0.2886,13267,0.2887,31763
1753600210438,07:10:10.438,mexc,1INCH/USDT:USDT,0.2885,19098,0.2884,46949,0.2886,13267,0.2887,31763
1753600210536,07:10:10.536,mexc,1INCH/USDT:USDT,0.2885,19098,0.2884,61408,0.2886,13267,0.2887,31763
1753600210937,07:10:10.937,mexc,1INCH/USDT:USDT,0.2885,19098,0.2884,53189,0.2886,13267,0.2887,31763
1753600211035,07:10:11.035,mexc,1INCH/USDT:USDT,0.2885,19098,0.2884,38897,0.2886,13267,0.2887,31763
1753600211437,07:10:11.437,mexc,1INCH/USDT:USDT,0.2885,19098,0.2884,38897,0.2886,13267,0.2887,31763
1753600211540,07:10:11.540,mexc,1INCH/USDT:USDT,0.2885,19098,0.2884,47695,0.2886,13267,0.2887,31763
1753600211937,07:10:11.937,mexc,1INCH/USDT:USDT,0.2885,19098,0.2884,47695,0.2886,13267,0.2887,31763
1753600212036,07:10:12.036,mexc,1INCH/USDT:USDT,0.2885,19098,0.2884,49679,0.2886,13267,0.2887,31763
1753600212437,07:10:12.437,mexc,1INCH/USDT:USDT,0.2885,19098,0.2884,38897,0.2886,13267,0.2887,31763
1753600212595,07:10:12.595,mexc,1INCH/USDT:USDT,0.2885,19098,0.2884,43731,0.2886,13267,0.2887,31763
1753600212939,07:10:12.939,mexc,1INCH/USDT:USDT,0.2885,19098,0.2884,43731,0.2886,13267,0.2887,31763
1753600213038,07:10:13.038,mexc,1INCH/USDT:USDT,0.2885,19098,0.2884,52244,0.2886,13267,0.2887,50569
1753600213439,07:10:13.439,mexc,1INCH/USDT:USDT,0.2885,19098,0.2884,52244,0.2886,13267,0.2887,40716
1753600213538,07:10:13.538,mexc,1INCH/USDT:USDT,0.2885,19098,0.2884,38897,0.2886,13267,0.2887,31763
1753600213998,07:10:13.998,mexc,1INCH/USDT:USDT,0.2885,19098,0.2884,38897,0.2886,13267,0.2887,31763
1753600214038,07:10:14.038,mexc,1INCH/USDT:USDT,0.2885,19098,0.2884,38897,0.2886,13267,0.2887,31763
1753600214440,07:10:14.440,mexc,1INCH/USDT:USDT,0.2885,19098,0.2884,38897,0.2886,13267,0.2887,31763
1753600214539,07:10:14.539,mexc,1INCH/USDT:USDT,0.2885,19098,0.2884,38897,0.2886,13267,0.2887,31763
1753600214946,07:10:14.946,mexc,1INCH/USDT:USDT,0.2885,19098,0.2884,38897,0.2886,13267,0.2887,31763
1753600215041,07:10:15.041,mexc,1INCH/USDT:USDT,0.2885,19098,0.2884,42876,0.2886,13267,0.2887,31763
1753600215439,07:10:15.439,mexc,1INCH/USDT:USDT,0.2885,19098,0.2884,42876,0.2886,13267,0.2887,31763
1753600215621,07:10:15.621,mexc,1INCH/USDT:USDT,0.2885,593,0.2884,34020,0.2886,15008,0.2887,43984
1753600216039,07:10:16.039,mexc,1INCH/USDT:USDT,0.2885,593,0.2884,38755,0.2886,15008,0.2887,43984
1753600216039,07:10:16.039,mexc,1INCH/USDT:USDT,0.2885,593,0.2884,38755,0.2886,15008,0.2887,43984
1753600216442,07:10:16.442,mexc,1INCH/USDT:USDT,0.2885,593,0.2884,34020,0.2886,15008,0.2887,43984
1753600216540,07:10:16.540,mexc,1INCH/USDT:USDT,0.2885,593,0.2884,34020,0.2886,15008,0.2887,43984
1753600216942,07:10:16.942,mexc,1INCH/USDT:USDT,0.2885,593,0.2884,34020,0.2886,15008,0.2887,43984
1753600217039,07:10:17.039,mexc,1INCH/USDT:USDT,0.2885,593,0.2884,34020,0.2886,15008,0.2887,43984
1753600217442,07:10:17.442,mexc,1INCH/USDT:USDT,0.2885,593,0.2884,34020,0.2886,15008,0.2887,43984
1753600217540,07:10:17.540,mexc,1INCH/USDT:USDT,0.2885,593,0.2884,34020,0.2886,15008,0.2887,53832
1753600217941,07:10:17.941,mexc,1INCH/USDT:USDT,0.2885,593,0.2884,34020,0.2886,15008,0.2887,53832
1753600218041,07:10:18.041,mexc,1INCH/USDT:USDT,0.2885,593,0.2884,37900,0.2886,15008,0.2887,43984
1753600218442,07:10:18.442,mexc,1INCH/USDT:USDT,0.2885,593,0.2884,37900,0.2886,15008,0.2887,43984
1753600218601,07:10:18.601,mexc,1INCH/USDT:USDT,0.2885,593,0.2884,34020,0.2886,15008,0.2887,43984
1753600218944,07:10:18.944,mexc,1INCH/USDT:USDT,0.2885,593,0.2884,34020,0.2886,15008,0.2887,43984
1753600219041,07:10:19.041,mexc,1INCH/USDT:USDT,0.2885,593,0.2884,34020,0.2886,15008,0.2887,50859
1753600219444,07:10:19.444,mexc,1INCH/USDT:USDT,0.2885,593,0.2884,34020,0.2886,15008,0.2887,43984
1753600219542,07:10:19.542,mexc,1INCH/USDT:USDT,0.2885,593,0.2884,34020,0.2886,15008,0.2887,63880
1753600219944,07:10:19.944,mexc,1INCH/USDT:USDT,0.2885,593,0.2884,34020,0.2886,15008,0.2887,63880
1753600220042,07:10:20.042,mexc,1INCH/USDT:USDT,0.2885,593,0.2884,34020,0.2886,15008,0.2887,43984
1753600220444,07:10:20.444,mexc,1INCH/USDT:USDT,0.2885,593,0.2884,34020,0.2886,15008,0.2887,43984
1753600220565,07:10:20.565,mexc,1INCH/USDT:USDT,0.2885,593,0.2884,34020,0.2886,15008,0.2887,51778
1753600220945,07:10:20.945,mexc,1INCH/USDT:USDT,0.2885,593,0.2884,34020,0.2886,15008,0.2887,51778
1753600221098,07:10:21.098,mexc,1INCH/USDT:USDT,0.2885,593,0.2884,34020,0.2886,15008,0.2887,43984
1753600221501,07:10:21.501,mexc,1INCH/USDT:USDT,0.2885,593,0.2884,34020,0.2886,15008,0.2887,43984
1753600221621,07:10:21.621,mexc,1INCH/USDT:USDT,0.2884,21982,0.2883,32518,0.2885,12585,0.2886,26152
1753600222097,07:10:22.097,mexc,1INCH/USDT:USDT,0.2884,21982,0.2883,32518,0.2885,12585,0.2886,26152
1753600222098,07:10:22.098,mexc,1INCH/USDT:USDT,0.2884,21982,0.2883,40224,0.2885,12585,0.2886,26152
1753600222501,07:10:22.501,mexc,1INCH/USDT:USDT,0.2884,21982,0.2883,40224,0.2885,12585,0.2886,26152
1753600222599,07:10:22.599,mexc,1INCH/USDT:USDT,0.2884,21982,0.2883,46308,0.2885,12585,0.2886,26152
1753600223001,07:10:23.001,mexc,1INCH/USDT:USDT,0.2884,21982,0.2883,46308,0.2885,12585,0.2886,26152
1753600223102,07:10:23.102,mexc,1INCH/USDT:USDT,0.2884,21982,0.2883,32518,0.2885,12585,0.2886,26152
1753600223503,07:10:23.503,mexc,1INCH/USDT:USDT,0.2884,21982,0.2883,32518,0.2885,12585,0.2886,26152
1753600223599,07:10:23.599,mexc,1INCH/USDT:USDT,0.2884,21982,0.2883,47462,0.2885,12585,0.2886,26152
1753600224002,07:10:24.002,mexc,1INCH/USDT:USDT,0.2884,21982,0.2883,47462,0.2885,12585,0.2886,26152
1753600224098,07:10:24.098,mexc,1INCH/USDT:USDT,0.2884,21982,0.2883,32518,0.2885,12585,0.2886,26152
1753600224501,07:10:24.501,mexc,1INCH/USDT:USDT,0.2884,21982,0.2883,32518,0.2885,12585,0.2886,26152
1753600224680,07:10:24.680,mexc,1INCH/USDT:USDT,0.2884,21982,0.2883,48751,0.2885,12585,0.2886,26152
1753600225005,07:10:25.005,mexc,1INCH/USDT:USDT,0.2884,21982,0.2883,48751,0.2885,12585,0.2886,26152
1753600225101,07:10:25.101,mexc,1INCH/USDT:USDT,0.2884,21982,0.2883,37437,0.2885,12585,0.2886,34097
1753600225502,07:10:25.502,mexc,1INCH/USDT:USDT,0.2884,21982,0.2883,37437,0.2885,12585,0.2886,34097
1753600225601,07:10:25.601,mexc,1INCH/USDT:USDT,0.2884,21982,0.2883,45402,0.2885,12585,0.2886,30061
1753600226006,07:10:26.006,mexc,1INCH/USDT:USDT,0.2884,21982,0.2883,32518,0.2885,12585,0.2886,30061
1753600226101,07:10:26.101,mexc,1INCH/USDT:USDT,0.2884,21982,0.2883,32518,0.2885,12585,0.2886,32985
1753600226504,07:10:26.504,mexc,1INCH/USDT:USDT,0.2884,21982,0.2883,32518,0.2885,12585,0.2886,32985
1753600226601,07:10:26.601,mexc,1INCH/USDT:USDT,0.2884,21982,0.2883,45128,0.2885,12585,0.2886,28986
1753600227003,07:10:27.003,mexc,1INCH/USDT:USDT,0.2884,21982,0.2883,45128,0.2885,12585,0.2886,28986
1753600227102,07:10:27.102,mexc,1INCH/USDT:USDT,0.2884,21982,0.2883,32518,0.2885,12585,0.2886,35233
1753600227504,07:10:27.504,mexc,1INCH/USDT:USDT,0.2884,21982,0.2883,32518,0.2885,12585,0.2886,26152
1753600227622,07:10:27.622,mexc,1INCH/USDT:USDT,0.2884,413,0.2883,31452,0.2885,17815,0.2886,44220
1753600228101,07:10:28.101,mexc,1INCH/USDT:USDT,0.2884,413,0.2883,31452,0.2885,17815,0.2886,44220
1753600228102,07:10:28.102,mexc,1INCH/USDT:USDT,0.2884,413,0.2883,40207,0.2885,17815,0.2886,44220
1753600228505,07:10:28.505,mexc,1INCH/USDT:USDT,0.2884,413,0.2883,40207,0.2885,17815,0.2886,44220
1753600228603,07:10:28.603,mexc,1INCH/USDT:USDT,0.2884,413,0.2883,58466,0.2885,17815,0.2886,59564
1753600229006,07:10:29.006,mexc,1INCH/USDT:USDT,0.2884,413,0.2883,58466,0.2885,17815,0.2886,44220
1753600229102,07:10:29.102,mexc,1INCH/USDT:USDT,0.2884,413,0.2883,31452,0.2885,17815,0.2886,59681
1753600229505,07:10:29.505,mexc,1INCH/USDT:USDT,0.2884,413,0.2883,31452,0.2885,17815,0.2886,44220
1753600229605,07:10:29.605,mexc,1INCH/USDT:USDT,0.2884,413,0.2883,50156,0.2885,17815,0.2886,44220
1753600230006,07:10:30.006,mexc,1INCH/USDT:USDT,0.2884,413,0.2883,37668,0.2885,17815,0.2886,44220
1753600230102,07:10:30.102,mexc,1INCH/USDT:USDT,0.2884,413,0.2883,31452,0.2885,17815,0.2886,54421
1753600230505,07:10:30.505,mexc,1INCH/USDT:USDT,0.2884,413,0.2883,31452,0.2885,17815,0.2886,44220
1753600230628,07:10:30.628,mexc,1INCH/USDT:USDT,0.2884,413,0.2883,44341,0.2885,17815,0.2886,44220
1753600231006,07:10:31.006,mexc,1INCH/USDT:USDT,0.2884,413,0.2883,31452,0.2885,17815,0.2886,44220
1753600231103,07:10:31.103,mexc,1INCH/USDT:USDT,0.2884,413,0.2883,43662,0.2885,17815,0.2886,79153
1753600231511,07:10:31.511,mexc,1INCH/USDT:USDT,0.2884,413,0.2883,31452,0.2885,17815,0.2886,79153
1753600231603,07:10:31.603,mexc,1INCH/USDT:USDT,0.2884,413,0.2883,38120,0.2885,17815,0.2886,44220
1753600232007,07:10:32.007,mexc,1INCH/USDT:USDT,0.2884,413,0.2883,31452,0.2885,17815,0.2886,44220
1753600232103,07:10:32.103,mexc,1INCH/USDT:USDT,0.2884,413,0.2883,40096,0.2885,17815,0.2886,52557
1753600232506,07:10:32.506,mexc,1INCH/USDT:USDT,0.2884,413,0.2883,40096,0.2885,17815,0.2886,52557
1753600232603,07:10:32.603,mexc,1INCH/USDT:USDT,0.2884,413,0.2883,31452,0.2885,17815,0.2886,44220
1753600233006,07:10:33.006,mexc,1INCH/USDT:USDT,0.2884,413,0.2883,31452,0.2885,17815,0.2886,44220
1753600233104,07:10:33.104,mexc,1INCH/USDT:USDT,0.2884,413,0.2883,36472,0.2885,17815,0.2886,44220
1753600233506,07:10:33.506,mexc,1INCH/USDT:USDT,0.2884,413,0.2883,31452,0.2885,17815,0.2886,44220
1753600233623,07:10:33.623,mexc,1INCH/USDT:USDT,0.2885,20022,0.2884,31818,0.2886,13167,0.2887,35248
1753600234106,07:10:34.106,mexc,1INCH/USDT:USDT,0.2885,20022,0.2884,43720,0.2886,13167,0.2887,35248
1753600234106,07:10:34.106,mexc,1INCH/USDT:USDT,0.2885,20022,0.2884,43720,0.2886,13167,0.2887,64108
1753600234509,07:10:34.509,mexc,1INCH/USDT:USDT,0.2885,20022,0.2884,31818,0.2886,13167,0.2887,64108
1753600234607,07:10:34.607,mexc,1INCH/USDT:USDT,0.2885,20022,0.2884,31818,0.2886,13167,0.2887,50184
1753600235006,07:10:35.006,mexc,1INCH/USDT:USDT,0.2885,20022,0.2884,31818,0.2886,13167,0.2887,50184
1753600235105,07:10:35.105,mexc,1INCH/USDT:USDT,0.2885,20022,0.2884,41613,0.2886,13167,0.2887,35248
1753600235506,07:10:35.506,mexc,1INCH/USDT:USDT,0.2885,20022,0.2884,41613,0.2886,13167,0.2887,35248
1753600235607,07:10:35.607,mexc,1INCH/USDT:USDT,0.2885,20022,0.2884,31818,0.2886,13167,0.2887,49972
1753600236007,07:10:36.007,mexc,1INCH/USDT:USDT,0.2885,20022,0.2884,31818,0.2886,13167,0.2887,35248
1753600236106,07:10:36.106,mexc,1INCH/USDT:USDT,0.2885,20022,0.2884,40347,0.2886,13167,0.2887,35248
1753600236507,07:10:36.507,mexc,1INCH/USDT:USDT,0.2885,20022,0.2884,40347,0.2886,13167,0.2887,35248
1753600236628,07:10:36.628,mexc,1INCH/USDT:USDT,0.2885,20022,0.2884,41015,0.2886,13167,0.2887,35248
1753600237007,07:10:37.007,mexc,1INCH/USDT:USDT,0.2885,20022,0.2884,41015,0.2886,13167,0.2887,35248
1753600237105,07:10:37.105,mexc,1INCH/USDT:USDT,0.2885,20022,0.2884,43409,0.2886,13167,0.2887,39122
1753600237508,07:10:37.508,mexc,1INCH/USDT:USDT,0.2885,20022,0.2884,43409,0.2886,13167,0.2887,35248
1753600237605,07:10:37.605,mexc,1INCH/USDT:USDT,0.2885,20022,0.2884,31818,0.2886,13167,0.2887,35248
1753600238007,07:10:38.007,mexc,1INCH/USDT:USDT,0.2885,20022,0.2884,31818,0.2886,13167,0.2887,35248
1753600238104,07:10:38.104,mexc,1INCH/USDT:USDT,0.2885,20022,0.2884,31818,0.2886,13167,0.2887,46217
1753600238507,07:10:38.507,mexc,1INCH/USDT:USDT,0.2885,20022,0.2884,31818,0.2886,13167,0.2887,46217
1753600238606,07:10:38.606,mexc,1INCH/USDT:USDT,0.2885,20022,0.2884,39719,0.2886,13167,0.2887,35248
1753600239007,07:10:39.007,mexc,1INCH/USDT:USDT,0.2885,20022,0.2884,31818,0.2886,13167,0.2887,35248
1753600239108,07:10:39.108,mexc,1INCH/USDT:USDT,0.2885,20022,0.2884,31818,0.2886,13167,0.2887,46131
1753600239507,07:10:39.507,mexc,1INCH/USDT:USDT,0.2885,20022,0.2884,31818,0.2886,13167,0.2887,46131
1753600239624,07:10:39.624,mexc,1INCH/USDT:USDT,0.2884,764,0.2883,44231,0.2885,16323,0.2886,49751
1753600240106,07:10:40.106,mexc,1INCH/USDT:USDT,0.2884,764,0.2883,44231,0.2885,16323,0.2886,49751
1753600240106,07:10:40.106,mexc,1INCH/USDT:USDT,0.2884,764,0.2883,74410,0.2885,16323,0.2886,67787
1753600240509,07:10:40.509,mexc,1INCH/USDT:USDT,0.2884,764,0.2883,63595,0.2885,16323,0.2886,49751
1753600240605,07:10:40.605,mexc,1INCH/USDT:USDT,0.2884,764,0.2883,49766,0.2885,16323,0.2886,49751
1753600241009,07:10:41.009,mexc,1INCH/USDT:USDT,0.2884,764,0.2883,49766,0.2885,16323,0.2886,49751
1753600241107,07:10:41.107,mexc,1INCH/USDT:USDT,0.2884,764,0.2883,50715,0.2885,16323,0.2886,49751
1753600241509,07:10:41.509,mexc,1INCH/USDT:USDT,0.2884,764,0.2883,50715,0.2885,16323,0.2886,49751
1753600241607,07:10:41.607,mexc,1INCH/USDT:USDT,0.2884,764,0.2883,48995,0.2885,16323,0.2886,49751
1753600242008,07:10:42.008,mexc,1INCH/USDT:USDT,0.2884,764,0.2883,48995,0.2885,16323,0.2886,49751
