timestamp,time,exchange,symbol,bid1_price,bid1_volume,bid2_price,bid2_volume,ask1_price,ask1_volume,ask2_price,ask2_volume
1753599995993,07:06:35.993,mexc,ACE/USDT:USDT,0.5925,3347.0,0.5924,11966,0.5926,3895.0,0.5927,9065
1753599996827,07:06:36.827,mexc,ACE/USDT:USDT,0.5925,3347.0,0.5924,11966,0.5926,3895.0,0.5927,9065
1753599996993,07:06:36.993,mexc,ACE/USDT:USDT,0.5925,3347.0,0.5924,9014,0.5926,3895.0,0.5927,10270
1753599997392,07:06:37.392,mexc,ACE/USDT:USDT,0.5925,3347.0,0.5924,9014,0.5926,3895.0,0.5927,9065
1753599997495,07:06:37.495,mexc,ACE/USDT:USDT,0.5925,3347.0,0.5924,8335,0.5926,3895.0,0.5927,11817
1753599997918,07:06:37.918,mexc,ACE/USDT:USDT,0.5925,3347.0,0.5924,8335,0.5926,3895.0,0.5927,9065
1753599997989,07:06:37.989,mexc,ACE/USDT:USDT,0.5925,3347.0,0.5924,7017,0.5926,3895.0,0.5927,11010
1753599998391,07:06:38.391,mexc,ACE/USDT:USDT,0.5925,3347.0,0.5924,7017,0.5926,3895.0,0.5927,11010
1753599998495,07:06:38.495,mexc,ACE/USDT:USDT,0.5925,3347.0,0.5924,11553,0.5926,3895.0,0.5927,9065
1753599998893,07:06:38.893,mexc,ACE/USDT:USDT,0.5925,3347.0,0.5924,11553,0.5926,3895.0,0.5927,9065
1753599998992,07:06:38.992,mexc,ACE/USDT:USDT,0.5925,3347.0,0.5924,7017,0.5926,3895.0,0.5927,9065
1753599999209,07:06:39.209,mexc,ACE/USDT:USDT,0.5925,2737,0.5924,12312,0.5926,6746,0.5927,13915
1753599999494,07:06:39.494,mexc,ACE/USDT:USDT,0.5925,2737,0.5924,12312,0.5926,6746,0.5927,13915
1753599999893,07:06:39.893,mexc,ACE/USDT:USDT,0.5925,2737,0.5924,12312,0.5926,6746,0.5927,13915
1753599999993,07:06:39.993,mexc,ACE/USDT:USDT,0.5925,2737,0.5924,12312,0.5926,6746,0.5927,13915
1753600000393,07:06:40.393,mexc,ACE/USDT:USDT,0.5925,2737,0.5924,12312,0.5926,6746,0.5927,13915
1753600000493,07:06:40.493,mexc,ACE/USDT:USDT,0.5925,2737,0.5924,15727,0.5926,6746,0.5927,17530
1753600000893,07:06:40.893,mexc,ACE/USDT:USDT,0.5925,2737,0.5924,15727,0.5926,6746,0.5927,13915
1753600000997,07:06:40.997,mexc,ACE/USDT:USDT,0.5925,2737,0.5924,12312,0.5926,6746,0.5927,13915
1753600001398,07:06:41.398,mexc,ACE/USDT:USDT,0.5925,2737,0.5924,12312,0.5926,6746,0.5927,13915
1753600001495,07:06:41.495,mexc,ACE/USDT:USDT,0.5925,2737,0.5924,12312,0.5926,6746,0.5927,13915
1753600001894,07:06:41.894,mexc,ACE/USDT:USDT,0.5925,2737,0.5924,12312,0.5926,6746,0.5927,13915
1753600001994,07:06:41.994,mexc,ACE/USDT:USDT,0.5925,2737,0.5924,12312,0.5926,6746,0.5927,13915
1753600002393,07:06:42.393,mexc,ACE/USDT:USDT,0.5925,2737,0.5924,12312,0.5926,6746,0.5927,13915
1753600002494,07:06:42.494,mexc,ACE/USDT:USDT,0.5925,2737,0.5924,17794,0.5926,6746,0.5927,13915
1753600002794,07:06:42.794,mexc,ACE/USDT:USDT,0.5925,2737,0.5924,17794,0.5926,6746,0.5927,13915
1753600002991,07:06:42.991,mexc,ACE/USDT:USDT,0.5925,2737,0.5924,12312,0.5926,6746,0.5927,13915
1753600002995,07:06:42.995,mexc,ACE/USDT:USDT,0.5925,2737,0.5924,17515,0.5926,6746,0.5927,13915
1753600003397,07:06:43.397,mexc,ACE/USDT:USDT,0.5925,2737,0.5924,12312,0.5926,6746,0.5927,13915
1753600003495,07:06:43.495,mexc,ACE/USDT:USDT,0.5925,2737,0.5924,16207,0.5926,6746,0.5927,13915
1753600003896,07:06:43.896,mexc,ACE/USDT:USDT,0.5925,2737,0.5924,16207,0.5926,6746,0.5927,13915
1753600003994,07:06:43.994,mexc,ACE/USDT:USDT,0.5925,2737,0.5924,12312,0.5926,6746,0.5927,13915
1753600004391,07:06:44.391,mexc,ACE/USDT:USDT,0.5925,2737,0.5924,12312,0.5926,6746,0.5927,13915
1753600004494,07:06:44.494,mexc,ACE/USDT:USDT,0.5925,2737,0.5924,12312,0.5926,6746,0.5927,13915
1753600004895,07:06:44.895,mexc,ACE/USDT:USDT,0.5925,2737,0.5924,12312,0.5926,6746,0.5927,13915
1753600004995,07:06:44.995,mexc,ACE/USDT:USDT,0.5925,2737,0.5924,12312,0.5926,6746,0.5927,13915
1753600005212,07:06:45.212,mexc,ACE/USDT:USDT,0.5924,3236,0.5923,11645,0.5925,6173,0.5926,2538
1753600005495,07:06:45.495,mexc,ACE/USDT:USDT,0.5924,3236,0.5923,11645,0.5925,6173,0.5926,3178
1753600005893,07:06:45.893,mexc,ACE/USDT:USDT,0.5924,3236,0.5923,11645,0.5925,6173,0.5926,3178
1753600005995,07:06:45.995,mexc,ACE/USDT:USDT,0.5924,3236,0.5923,11645,0.5925,6173,0.5926,3733
1753600006395,07:06:46.395,mexc,ACE/USDT:USDT,0.5924,3236,0.5923,11645,0.5925,6173,0.5926,2538
1753600006496,07:06:46.496,mexc,ACE/USDT:USDT,0.5924,3236,0.5923,16454,0.5925,6173,0.5926,2538
1753600006895,07:06:46.895,mexc,ACE/USDT:USDT,0.5924,3236,0.5923,16454,0.5925,6173,0.5926,2538
1753600006997,07:06:46.997,mexc,ACE/USDT:USDT,0.5924,3236,0.5923,11645,0.5925,6173,0.5926,3208
1753600007287,07:06:47.287,mexc,ACE/USDT:USDT,0.5921,17551,0.592,7279,0.5922,7033,0.5923,6271
1753600007496,07:06:47.496,mexc,ACE/USDT:USDT,0.5921,17551,0.592,7279,0.5922,7033,0.5923,6271
1753600007900,07:06:47.900,mexc,ACE/USDT:USDT,0.5921,17551,0.592,7279,0.5922,7033,0.5923,6271
1753600008000,07:06:48.000,mexc,ACE/USDT:USDT,0.5921,17551,0.592,7637,0.5922,7033,0.5923,6913
1753600008399,07:06:48.399,mexc,ACE/USDT:USDT,0.5921,17551,0.592,7637,0.5922,7033,0.5923,6271
1753600008511,07:06:48.511,mexc,ACE/USDT:USDT,0.5921,17551,0.592,7279,0.5922,7033,0.5923,7293
1753600008897,07:06:48.897,mexc,ACE/USDT:USDT,0.5921,17551,0.592,7279,0.5922,7033,0.5923,7293
1753600008997,07:06:48.997,mexc,ACE/USDT:USDT,0.5921,17551,0.592,7279,0.5922,7033,0.5923,9961
1753600009397,07:06:49.397,mexc,ACE/USDT:USDT,0.5921,17551,0.592,7279,0.5922,7033,0.5923,8986
1753600009496,07:06:49.496,mexc,ACE/USDT:USDT,0.5921,17551,0.592,7279,0.5922,7033,0.5923,7559
1753600009898,07:06:49.898,mexc,ACE/USDT:USDT,0.5921,17551,0.592,7279,0.5922,7033,0.5923,6271
1753600009997,07:06:49.997,mexc,ACE/USDT:USDT,0.5921,17551,0.592,8566,0.5922,7033,0.5923,6271
1753600010397,07:06:50.397,mexc,ACE/USDT:USDT,0.5921,17551,0.592,8566,0.5922,7033,0.5923,6271
1753600010498,07:06:50.498,mexc,ACE/USDT:USDT,0.5921,17551,0.592,7279,0.5922,7033,0.5923,6271
1753600010898,07:06:50.898,mexc,ACE/USDT:USDT,0.5921,17551,0.592,7279,0.5922,7033,0.5923,6271
1753600010996,07:06:50.996,mexc,ACE/USDT:USDT,0.5921,17551,0.592,8453,0.5922,7033,0.5923,7074
1753600011397,07:06:51.397,mexc,ACE/USDT:USDT,0.5921,17551,0.592,8453,0.5922,7033,0.5923,7074
1753600011498,07:06:51.498,mexc,ACE/USDT:USDT,0.5921,17551,0.592,7659,0.5922,7033,0.5923,6271
1753600011814,07:06:51.814,mexc,ACE/USDT:USDT,0.5921,17551,0.592,7659,0.5922,7033,0.5923,6271
1753600011997,07:06:51.997,mexc,ACE/USDT:USDT,0.5921,17551,0.592,8381,0.5922,7033,0.5923,8023
1753600012399,07:06:52.399,mexc,ACE/USDT:USDT,0.5921,17551,0.592,8381,0.5922,7033,0.5923,6271
1753600012498,07:06:52.498,mexc,ACE/USDT:USDT,0.5921,17551,0.592,8328,0.5922,7033,0.5923,6271
1753600012903,07:06:52.903,mexc,ACE/USDT:USDT,0.5921,17551,0.592,8328,0.5922,7033,0.5923,6271
1753600012999,07:06:52.999,mexc,ACE/USDT:USDT,0.5921,17551,0.592,8859,0.5922,7033,0.5923,6271
1753600013213,07:06:53.213,mexc,ACE/USDT:USDT,0.5921,2803,0.592,3050,0.5922,3807,0.5923,2940
1753600013502,07:06:53.502,mexc,ACE/USDT:USDT,0.5921,2803,0.592,4146,0.5922,3807,0.5923,3802
1753600013999,07:06:53.999,mexc,ACE/USDT:USDT,0.5921,2579,0.592,2682,0.5922,3807,0.5923,2940
1753600014003,07:06:54.003,mexc,ACE/USDT:USDT,0.5921,2579,0.592,3509,0.5922,3807,0.5923,2940
1753600014400,07:06:54.400,mexc,ACE/USDT:USDT,0.5921,2579,0.592,3509,0.5922,3807,0.5923,2940
1753600014498,07:06:54.498,mexc,ACE/USDT:USDT,0.5921,2579,0.592,2682,0.5922,3807,0.5923,2940
1753600014803,07:06:54.803,mexc,ACE/USDT:USDT,0.5921,2579,0.592,2682,0.5922,3807,0.5923,2940
1753600014998,07:06:54.998,mexc,ACE/USDT:USDT,0.5921,2579,0.592,2682,0.5922,3807,0.5923,3980
1753600015398,07:06:55.398,mexc,ACE/USDT:USDT,0.5921,2579,0.592,2682,0.5922,3807,0.5923,3659
1753600015501,07:06:55.501,mexc,ACE/USDT:USDT,0.5921,2579,0.592,3066,0.5922,3807,0.5923,2940
1753600015900,07:06:55.900,mexc,ACE/USDT:USDT,0.5921,2579,0.592,3066,0.5922,3807,0.5923,2940
1753600016000,07:06:56.000,mexc,ACE/USDT:USDT,0.5921,2579,0.592,2682,0.5922,3807,0.5923,2940
1753600016399,07:06:56.399,mexc,ACE/USDT:USDT,0.5921,2579,0.592,2682,0.5922,3807,0.5923,2940
1753600016500,07:06:56.500,mexc,ACE/USDT:USDT,0.5921,2579,0.592,2682,0.5922,3807,0.5923,3449
1753600016901,07:06:56.901,mexc,ACE/USDT:USDT,0.5921,2579,0.592,2682,0.5922,3807,0.5923,3449
1753600016999,07:06:56.999,mexc,ACE/USDT:USDT,0.5921,2579,0.592,2682,0.5922,3807,0.5923,2940
1753600017404,07:06:57.404,mexc,ACE/USDT:USDT,0.5921,2579,0.592,2682,0.5922,3807,0.5923,2940
1753600017501,07:06:57.501,mexc,ACE/USDT:USDT,0.5921,2579,0.592,2682,0.5922,3807,0.5923,2940
1753600017816,07:06:57.816,mexc,ACE/USDT:USDT,0.5921,2579,0.592,2682,0.5922,3807,0.5923,2940
1753600018001,07:06:58.001,mexc,ACE/USDT:USDT,0.5921,2579,0.592,2682,0.5922,3807,0.5923,2940
1753600018401,07:06:58.401,mexc,ACE/USDT:USDT,0.5921,2579,0.592,2682,0.5922,3807,0.5923,2940
1753600018503,07:06:58.503,mexc,ACE/USDT:USDT,0.5921,2579,0.592,2682,0.5922,3807,0.5923,2940
1753600018902,07:06:58.902,mexc,ACE/USDT:USDT,0.5921,2579,0.592,2682,0.5922,3807,0.5923,2940
1753600019002,07:06:59.002,mexc,ACE/USDT:USDT,0.5921,2579,0.592,3048,0.5922,3807,0.5923,3919
1753600019215,07:06:59.215,mexc,ACE/USDT:USDT,0.5921,6586,0.592,3321,0.5922,4027,0.5923,2896
1753600019502,07:06:59.502,mexc,ACE/USDT:USDT,0.5921,6586,0.592,3321,0.5922,4027,0.5923,2896
1753600019894,07:06:59.894,mexc,ACE/USDT:USDT,0.5927,6524,0.5926,5497,0.5928,6363,0.5929,12161
1753600020104,07:07:00.104,mexc,ACE/USDT:USDT,0.5927,6524,0.5926,5497,0.5928,6363,0.5929,12161
1753600020409,07:07:00.409,mexc,ACE/USDT:USDT,0.5927,6524,0.5926,5497,0.5928,6363,0.5929,12161
1753600020502,07:07:00.502,mexc,ACE/USDT:USDT,0.5927,6524,0.5926,7718,0.5928,6363,0.5929,12161
1753600020904,07:07:00.904,mexc,ACE/USDT:USDT,0.5927,6524,0.5926,7718,0.5928,6363,0.5929,12161
1753600021030,07:07:01.030,mexc,ACE/USDT:USDT,0.5927,6524,0.5926,6388,0.5928,6363,0.5929,13171
1753600021401,07:07:01.401,mexc,ACE/USDT:USDT,0.5927,6524,0.5926,5497,0.5928,6363,0.5929,13171
1753600021500,07:07:01.500,mexc,ACE/USDT:USDT,0.5927,6524,0.5926,5497,0.5928,6363,0.5929,15369
1753600021904,07:07:01.904,mexc,ACE/USDT:USDT,0.5927,6524,0.5926,5497,0.5928,6363,0.5929,13689
1753600022003,07:07:02.003,mexc,ACE/USDT:USDT,0.5927,6524,0.5926,6523,0.5928,6363,0.5929,12161
1753600022403,07:07:02.403,mexc,ACE/USDT:USDT,0.5927,6524,0.5926,5497,0.5928,6363,0.5929,12161
1753600022503,07:07:02.503,mexc,ACE/USDT:USDT,0.5927,6524,0.5926,8126,0.5928,6363,0.5929,14448
1753600022964,07:07:02.964,mexc,ACE/USDT:USDT,0.5927,6524,0.5926,8126,0.5928,6363,0.5929,12161
1753600023003,07:07:03.003,mexc,ACE/USDT:USDT,0.5927,6524,0.5926,6756,0.5928,6363,0.5929,12161
1753600023402,07:07:03.402,mexc,ACE/USDT:USDT,0.5927,6524,0.5926,6756,0.5928,6363,0.5929,12161
1753600023503,07:07:03.503,mexc,ACE/USDT:USDT,0.5927,6524,0.5926,5497,0.5928,6363,0.5929,13414
1753600023818,07:07:03.818,mexc,ACE/USDT:USDT,0.5927,6524,0.5926,5497,0.5928,6363,0.5929,13414
1753600024005,07:07:04.005,mexc,ACE/USDT:USDT,0.5927,6524,0.5926,5497,0.5928,6363,0.5929,12161
1753600024417,07:07:04.417,mexc,ACE/USDT:USDT,0.5927,6524,0.5926,5497,0.5928,6363,0.5929,12161
1753600024502,07:07:04.502,mexc,ACE/USDT:USDT,0.5927,6524,0.5926,6613,0.5928,6363,0.5929,12161
1753600024905,07:07:04.905,mexc,ACE/USDT:USDT,0.5927,6524,0.5926,6613,0.5928,6363,0.5929,12161
1753600025003,07:07:05.003,mexc,ACE/USDT:USDT,0.5927,6524,0.5926,5497,0.5928,6363,0.5929,12161
1753600025219,07:07:05.219,mexc,ACE/USDT:USDT,0.5925,5115,0.5924,7620,0.5926,5672,0.5927,2850
1753600025504,07:07:05.504,mexc,ACE/USDT:USDT,0.5925,5115,0.5924,10252,0.5926,5672,0.5927,2850
1753600025906,07:07:05.906,mexc,ACE/USDT:USDT,0.5925,5115,0.5924,8920,0.5926,5672,0.5927,2850
1753600026007,07:07:06.007,mexc,ACE/USDT:USDT,0.5925,5115,0.5924,11290,0.5926,5672,0.5927,2850
1753600026406,07:07:06.406,mexc,ACE/USDT:USDT,0.5925,5115,0.5924,11290,0.5926,5672,0.5927,2850
1753600026504,07:07:06.504,mexc,ACE/USDT:USDT,0.5925,5115,0.5924,7620,0.5926,5672,0.5927,3691
1753600026905,07:07:06.905,mexc,ACE/USDT:USDT,0.5925,5115,0.5924,7620,0.5926,5672,0.5927,3691
1753600027065,07:07:07.065,mexc,ACE/USDT:USDT,0.5925,5115,0.5924,11101,0.5926,5672,0.5927,2850
1753600027466,07:07:07.466,mexc,ACE/USDT:USDT,0.5925,5115,0.5924,11101,0.5926,5672,0.5927,2850
1753600027566,07:07:07.566,mexc,ACE/USDT:USDT,0.5925,5115,0.5924,7620,0.5926,5672,0.5927,2850
1753600027968,07:07:07.968,mexc,ACE/USDT:USDT,0.5925,5115,0.5924,7620,0.5926,5672,0.5927,2850
1753600028065,07:07:08.065,mexc,ACE/USDT:USDT,0.5925,5115,0.5924,7620,0.5926,5672,0.5927,2850
1753600028467,07:07:08.467,mexc,ACE/USDT:USDT,0.5925,5115,0.5924,7620,0.5926,5672,0.5927,2850
1753600028565,07:07:08.565,mexc,ACE/USDT:USDT,0.5925,5115,0.5924,9627,0.5926,5672,0.5927,3327
1753600028967,07:07:08.967,mexc,ACE/USDT:USDT,0.5925,5115,0.5924,9627,0.5926,5672,0.5927,3327
1753600029065,07:07:09.065,mexc,ACE/USDT:USDT,0.5925,5115,0.5924,9410,0.5926,5672,0.5927,2850
1753600029472,07:07:09.472,mexc,ACE/USDT:USDT,0.5925,5115,0.5924,9410,0.5926,5672,0.5927,2850
1753600029585,07:07:09.585,mexc,ACE/USDT:USDT,0.5925,5115,0.5924,8396,0.5926,5672,0.5927,3457
1753600029967,07:07:09.967,mexc,ACE/USDT:USDT,0.5925,5115,0.5924,7620,0.5926,5672,0.5927,3457
1753600030067,07:07:10.067,mexc,ACE/USDT:USDT,0.5925,5115,0.5924,7620,0.5926,5672,0.5927,2850
1753600030469,07:07:10.469,mexc,ACE/USDT:USDT,0.5925,5115,0.5924,7620,0.5926,5672,0.5927,2850
1753600030567,07:07:10.567,mexc,ACE/USDT:USDT,0.5925,5115,0.5924,7620,0.5926,5672,0.5927,4015
1753600030969,07:07:10.969,mexc,ACE/USDT:USDT,0.5925,5115,0.5924,7620,0.5926,5672,0.5927,4015
1753600031069,07:07:11.069,mexc,ACE/USDT:USDT,0.5925,5115,0.5924,7620,0.5926,5672,0.5927,2850
1753600031220,07:07:11.220,mexc,ACE/USDT:USDT,0.5924,2560,0.5923,2626,0.5925,2736,0.5926,2835
1753600031568,07:07:11.568,mexc,ACE/USDT:USDT,0.5924,2560,0.5923,2626,0.5925,2736,0.5926,4238
1753600031969,07:07:11.969,mexc,ACE/USDT:USDT,0.5924,2560,0.5923,2626,0.5925,2736,0.5926,4238
1753600032069,07:07:12.069,mexc,ACE/USDT:USDT,0.5924,2560,0.5923,2626,0.5925,2736,0.5926,2835
1753600032471,07:07:12.471,mexc,ACE/USDT:USDT,0.5924,2560,0.5923,2626,0.5925,2736,0.5926,2835
1753600032569,07:07:12.569,mexc,ACE/USDT:USDT,0.5924,2560,0.5923,3668,0.5925,2736,0.5926,4166
1753600032971,07:07:12.971,mexc,ACE/USDT:USDT,0.5924,2560,0.5923,2626,0.5925,2736,0.5926,4166
1753600033069,07:07:13.069,mexc,ACE/USDT:USDT,0.5924,2560,0.5923,3264,0.5925,2736,0.5926,2835
1753600033471,07:07:13.471,mexc,ACE/USDT:USDT,0.5924,2560,0.5923,2626,0.5925,2736,0.5926,2835
1753600033571,07:07:13.571,mexc,ACE/USDT:USDT,0.5924,2560,0.5923,2626,0.5925,2736,0.5926,2835
1753600033971,07:07:13.971,mexc,ACE/USDT:USDT,0.5924,2560,0.5923,2626,0.5925,2736,0.5926,2835
1753600034068,07:07:14.068,mexc,ACE/USDT:USDT,0.5924,2560,0.5923,3450,0.5925,2736,0.5926,2835
1753600034471,07:07:14.471,mexc,ACE/USDT:USDT,0.5924,2560,0.5923,2626,0.5925,2736,0.5926,2835
1753600034569,07:07:14.569,mexc,ACE/USDT:USDT,0.5924,2560,0.5923,3734,0.5925,2736,0.5926,2835
1753600034971,07:07:14.971,mexc,ACE/USDT:USDT,0.5924,2560,0.5923,3734,0.5925,2736,0.5926,2835
1753600035070,07:07:15.070,mexc,ACE/USDT:USDT,0.5924,2560,0.5923,3501,0.5925,2736,0.5926,4164
1753600035476,07:07:15.476,mexc,ACE/USDT:USDT,0.5924,2560,0.5923,3501,0.5925,2736,0.5926,4164
1753600035570,07:07:15.570,mexc,ACE/USDT:USDT,0.5924,2560,0.5923,2626,0.5925,2736,0.5926,3481
1753600035972,07:07:15.972,mexc,ACE/USDT:USDT,0.5924,2560,0.5923,2626,0.5925,2736,0.5926,2835
1753600036070,07:07:16.070,mexc,ACE/USDT:USDT,0.5924,2560,0.5923,2626,0.5925,2736,0.5926,2835
1753600036472,07:07:16.472,mexc,ACE/USDT:USDT,0.5924,2560,0.5923,2626,0.5925,2736,0.5926,2835
1753600036570,07:07:16.570,mexc,ACE/USDT:USDT,0.5924,2560,0.5923,2626,0.5925,2736,0.5926,2835
1753600036974,07:07:16.974,mexc,ACE/USDT:USDT,0.5924,2560,0.5923,2626,0.5925,2736,0.5926,2835
1753600037073,07:07:17.073,mexc,ACE/USDT:USDT,0.5924,2560,0.5923,2626,0.5925,2736,0.5926,3556
1753600037222,07:07:17.222,mexc,ACE/USDT:USDT,0.5925,11443,0.5924,4654,0.5926,5234,0.5927,9765
1753600037573,07:07:17.573,mexc,ACE/USDT:USDT,0.5925,11443,0.5924,6395,0.5926,5234,0.5927,9765
1753600037977,07:07:17.977,mexc,ACE/USDT:USDT,0.5925,11443,0.5924,6395,0.5926,5234,0.5927,9765
1753600038073,07:07:18.073,mexc,ACE/USDT:USDT,0.5925,11443,0.5924,7690,0.5926,5234,0.5927,9765
1753600038477,07:07:18.477,mexc,ACE/USDT:USDT,0.5925,11443,0.5924,5433,0.5926,5234,0.5927,9765
1753600038572,07:07:18.572,mexc,ACE/USDT:USDT,0.5925,11443,0.5924,4654,0.5926,5234,0.5927,9765
1753600038976,07:07:18.976,mexc,ACE/USDT:USDT,0.5925,11443,0.5924,4654,0.5926,5234,0.5927,9765
1753600039073,07:07:19.073,mexc,ACE/USDT:USDT,0.5925,11443,0.5924,6278,0.5926,5234,0.5927,9765
1753600039478,07:07:19.478,mexc,ACE/USDT:USDT,0.5925,11443,0.5924,6278,0.5926,5234,0.5927,9765
1753600039574,07:07:19.574,mexc,ACE/USDT:USDT,0.5925,11443,0.5924,4654,0.5926,5234,0.5927,9765
1753600039978,07:07:19.978,mexc,ACE/USDT:USDT,0.5925,11443,0.5924,4654,0.5926,5234,0.5927,9765
1753600040079,07:07:20.079,mexc,ACE/USDT:USDT,0.5925,11443,0.5924,4654,0.5926,5234,0.5927,9765
1753600040479,07:07:20.479,mexc,ACE/USDT:USDT,0.5925,11443,0.5924,4654,0.5926,5234,0.5927,9765
1753600040575,07:07:20.575,mexc,ACE/USDT:USDT,0.5925,11443,0.5924,4654,0.5926,5234,0.5927,9765
1753600040978,07:07:20.978,mexc,ACE/USDT:USDT,0.5925,11443,0.5924,4654,0.5926,5234,0.5927,9765
1753600041077,07:07:21.077,mexc,ACE/USDT:USDT,0.5925,11443,0.5924,4654,0.5926,5234,0.5927,9765
1753600041478,07:07:21.478,mexc,ACE/USDT:USDT,0.5925,11443,0.5924,4654,0.5926,5234,0.5927,9765
1753600041575,07:07:21.575,mexc,ACE/USDT:USDT,0.5925,11443,0.5924,5746,0.5926,5234,0.5927,9765
1753600041976,07:07:21.976,mexc,ACE/USDT:USDT,0.5925,11443,0.5924,5746,0.5926,5234,0.5927,9765
1753600042075,07:07:22.075,mexc,ACE/USDT:USDT,0.5925,11443,0.5924,4654,0.5926,5234,0.5927,11042
1753600042479,07:07:22.479,mexc,ACE/USDT:USDT,0.5925,11443,0.5924,4654,0.5926,5234,0.5927,11042
1753600042576,07:07:22.576,mexc,ACE/USDT:USDT,0.5925,11443,0.5924,6465,0.5926,5234,0.5927,9765
1753600042983,07:07:22.983,mexc,ACE/USDT:USDT,0.5925,11443,0.5924,6465,0.5926,5234,0.5927,9765
1753600043075,07:07:23.075,mexc,ACE/USDT:USDT,0.5925,11443,0.5924,5613,0.5926,5234,0.5927,9765
1753600043224,07:07:23.224,mexc,ACE/USDT:USDT,0.5925,16061,0.5924,2628,0.5926,5018,0.5927,8645
1753600043576,07:07:23.576,mexc,ACE/USDT:USDT,0.5925,16061,0.5924,2922,0.5926,5018,0.5927,10350
1753600043981,07:07:23.981,mexc,ACE/USDT:USDT,0.5925,16061,0.5924,2922,0.5926,5018,0.5927,10350
1753600044078,07:07:24.078,mexc,ACE/USDT:USDT,0.5925,16061,0.5924,2628,0.5926,5018,0.5927,8645
1753600044482,07:07:24.482,mexc,ACE/USDT:USDT,0.5925,16061,0.5924,2628,0.5926,5018,0.5927,8645
1753600044578,07:07:24.578,mexc,ACE/USDT:USDT,0.5925,16061,0.5924,3810,0.5926,5018,0.5927,8645
1753600044980,07:07:24.980,mexc,ACE/USDT:USDT,0.5925,16061,0.5924,3810,0.5926,5018,0.5927,8645
1753600045079,07:07:25.079,mexc,ACE/USDT:USDT,0.5925,16061,0.5924,2628,0.5926,5018,0.5927,9818
1753600045481,07:07:25.481,mexc,ACE/USDT:USDT,0.5925,16061,0.5924,2628,0.5926,5018,0.5927,9818
1753600045577,07:07:25.577,mexc,ACE/USDT:USDT,0.5925,16061,0.5924,3351,0.5926,5018,0.5927,8645
1753600045981,07:07:25.981,mexc,ACE/USDT:USDT,0.5925,16061,0.5924,3351,0.5926,5018,0.5927,8645
1753600046079,07:07:26.079,mexc,ACE/USDT:USDT,0.5925,16061,0.5924,3534,0.5926,5018,0.5927,8645
1753600046481,07:07:26.481,mexc,ACE/USDT:USDT,0.5925,16061,0.5924,3534,0.5926,5018,0.5927,8645
1753600046580,07:07:26.580,mexc,ACE/USDT:USDT,0.5925,16061,0.5924,2628,0.5926,5018,0.5927,9781
1753600046987,07:07:26.987,mexc,ACE/USDT:USDT,0.5925,16061,0.5924,2628,0.5926,5018,0.5927,9781
1753600047079,07:07:27.079,mexc,ACE/USDT:USDT,0.5925,16061,0.5924,3637,0.5926,5018,0.5927,8645
1753600047481,07:07:27.481,mexc,ACE/USDT:USDT,0.5925,16061,0.5924,3637,0.5926,5018,0.5927,8645
1753600047580,07:07:27.580,mexc,ACE/USDT:USDT,0.5925,16061,0.5924,2628,0.5926,5018,0.5927,8645
1753600047982,07:07:27.982,mexc,ACE/USDT:USDT,0.5925,16061,0.5924,2628,0.5926,5018,0.5927,8645
1753600048080,07:07:28.080,mexc,ACE/USDT:USDT,0.5925,16061,0.5924,2628,0.5926,5018,0.5927,11860
1753600048482,07:07:28.482,mexc,ACE/USDT:USDT,0.5925,16061,0.5924,2628,0.5926,5018,0.5927,11860
1753600048580,07:07:28.580,mexc,ACE/USDT:USDT,0.5925,16061,0.5924,2628,0.5926,5018,0.5927,9782
1753600048982,07:07:28.982,mexc,ACE/USDT:USDT,0.5925,16061,0.5924,2628,0.5926,5018,0.5927,8645
1753600049080,07:07:29.080,mexc,ACE/USDT:USDT,0.5925,16061,0.5924,2628,0.5926,5018,0.5927,8645
1753600049223,07:07:29.223,mexc,ACE/USDT:USDT,0.5925,13318,0.5924,2729,0.5926,5307,0.5927,11301
1753600049579,07:07:29.579,mexc,ACE/USDT:USDT,0.5925,13318,0.5924,2729,0.5926,5307,0.5927,15973
1753600049985,07:07:29.985,mexc,ACE/USDT:USDT,0.5925,13318,0.5924,2729,0.5926,5307,0.5927,15973
1753600050081,07:07:30.081,mexc,ACE/USDT:USDT,0.5925,13318,0.5924,3805,0.5926,5307,0.5927,18867
1753600050483,07:07:30.483,mexc,ACE/USDT:USDT,0.5925,13318,0.5924,3805,0.5926,5307,0.5927,18867
1753600050581,07:07:30.581,mexc,ACE/USDT:USDT,0.5925,13318,0.5924,3176,0.5926,5307,0.5927,14755
1753600050981,07:07:30.981,mexc,ACE/USDT:USDT,0.5925,13318,0.5924,3176,0.5926,5307,0.5927,14755
1753600051082,07:07:31.082,mexc,ACE/USDT:USDT,0.5925,13318,0.5924,3080,0.5926,5307,0.5927,11301
1753600051483,07:07:31.483,mexc,ACE/USDT:USDT,0.5925,13318,0.5924,3080,0.5926,5307,0.5927,11301
1753600051581,07:07:31.581,mexc,ACE/USDT:USDT,0.5925,13318,0.5924,2729,0.5926,5307,0.5927,11301
1753600051983,07:07:31.983,mexc,ACE/USDT:USDT,0.5925,13318,0.5924,2729,0.5926,5307,0.5927,11301
1753600052084,07:07:32.084,mexc,ACE/USDT:USDT,0.5925,13318,0.5924,2729,0.5926,5307,0.5927,15152
1753600052484,07:07:32.484,mexc,ACE/USDT:USDT,0.5925,13318,0.5924,2729,0.5926,5307,0.5927,15152
1753600052583,07:07:32.583,mexc,ACE/USDT:USDT,0.5925,13318,0.5924,3457,0.5926,5307,0.5927,14274
1753600052988,07:07:32.988,mexc,ACE/USDT:USDT,0.5925,13318,0.5924,2729,0.5926,5307,0.5927,14274
1753600053083,07:07:33.083,mexc,ACE/USDT:USDT,0.5925,13318,0.5924,2729,0.5926,5307,0.5927,11301
1753600053484,07:07:33.484,mexc,ACE/USDT:USDT,0.5925,13318,0.5924,2729,0.5926,5307,0.5927,11301
1753600053584,07:07:33.584,mexc,ACE/USDT:USDT,0.5925,13318,0.5924,3239,0.5926,5307,0.5927,11301
1753600053986,07:07:33.986,mexc,ACE/USDT:USDT,0.5925,13318,0.5924,3239,0.5926,5307,0.5927,11301
1753600054082,07:07:34.082,mexc,ACE/USDT:USDT,0.5925,13318,0.5924,4076,0.5926,5307,0.5927,11301
1753600054281,07:07:34.281,mexc,ACE/USDT:USDT,0.5925,5971,0.5924,9427,0.5926,3268,0.5927,10135
1753600054584,07:07:34.584,mexc,ACE/USDT:USDT,0.5925,5971,0.5924,12948,0.5926,3268,0.5927,10135
1753600054985,07:07:34.985,mexc,ACE/USDT:USDT,0.5925,5971,0.5924,9427,0.5926,3268,0.5927,10135
1753600055084,07:07:35.084,mexc,ACE/USDT:USDT,0.5925,5971,0.5924,9427,0.5926,3268,0.5927,10135
1753600055485,07:07:35.485,mexc,ACE/USDT:USDT,0.5925,5971,0.5924,9427,0.5926,3268,0.5927,10135
1753600055583,07:07:35.583,mexc,ACE/USDT:USDT,0.5925,5971,0.5924,13961,0.5926,3268,0.5927,10135
1753600055901,07:07:35.901,mexc,ACE/USDT:USDT,0.5925,5971,0.5924,13961,0.5926,3268,0.5927,10135
1753600056085,07:07:36.085,mexc,ACE/USDT:USDT,0.5925,5971,0.5924,14064,0.5926,3268,0.5927,12578
1753600056487,07:07:36.487,mexc,ACE/USDT:USDT,0.5925,5971,0.5924,9427,0.5926,3268,0.5927,12578
1753600056583,07:07:36.583,mexc,ACE/USDT:USDT,0.5925,5971,0.5924,10854,0.5926,3268,0.5927,10135
1753600056988,07:07:36.988,mexc,ACE/USDT:USDT,0.5925,5971,0.5924,10854,0.5926,3268,0.5927,10135
1753600057085,07:07:37.085,mexc,ACE/USDT:USDT,0.5925,5971,0.5924,14693,0.5926,3268,0.5927,10135
1753600057488,07:07:37.488,mexc,ACE/USDT:USDT,0.5925,5971,0.5924,14693,0.5926,3268,0.5927,10135
1753600057584,07:07:37.584,mexc,ACE/USDT:USDT,0.5925,5971,0.5924,11216,0.5926,3268,0.5927,10135
1753600057990,07:07:37.990,mexc,ACE/USDT:USDT,0.5925,5971,0.5924,11216,0.5926,3268,0.5927,10135
1753600058088,07:07:38.088,mexc,ACE/USDT:USDT,0.5925,5971,0.5924,9427,0.5926,3268,0.5927,10135
1753600058487,07:07:38.487,mexc,ACE/USDT:USDT,0.5925,5971,0.5924,9427,0.5926,3268,0.5927,10135
1753600058584,07:07:38.584,mexc,ACE/USDT:USDT,0.5925,5971,0.5924,9427,0.5926,3268,0.5927,10135
1753600058987,07:07:38.987,mexc,ACE/USDT:USDT,0.5925,5971,0.5924,9427,0.5926,3268,0.5927,10135
1753600059084,07:07:39.084,mexc,ACE/USDT:USDT,0.5925,5971,0.5924,14090,0.5926,3268,0.5927,10135
1753600059488,07:07:39.488,mexc,ACE/USDT:USDT,0.5925,5971,0.5924,14090,0.5926,3268,0.5927,10135
1753600059585,07:07:39.585,mexc,ACE/USDT:USDT,0.5925,5971,0.5924,9427,0.5926,3268,0.5927,10135
1753600059989,07:07:39.989,mexc,ACE/USDT:USDT,0.5925,5971,0.5924,9427,0.5926,3268,0.5927,10135
1753600060088,07:07:40.088,mexc,ACE/USDT:USDT,0.5925,5971,0.5924,9427,0.5926,3268,0.5927,12977
1753600060283,07:07:40.283,mexc,ACE/USDT:USDT,0.5928,6377,0.5927,9457,0.5929,3271,0.593,4762
1753600060586,07:07:40.586,mexc,ACE/USDT:USDT,0.5928,6377,0.5927,9457,0.5929,3271,0.593,4762
1753600060989,07:07:40.989,mexc,ACE/USDT:USDT,0.5928,6377,0.5927,9457,0.5929,3271,0.593,4762
1753600061089,07:07:41.089,mexc,ACE/USDT:USDT,0.5928,6377,0.5927,10434,0.5929,3271,0.593,4762
1753600061490,07:07:41.490,mexc,ACE/USDT:USDT,0.5928,6377,0.5927,10434,0.5929,3271,0.593,4762
1753600061587,07:07:41.587,mexc,ACE/USDT:USDT,0.5928,6377,0.5927,9457,0.5929,3271,0.593,4762
1753600061904,07:07:41.904,mexc,ACE/USDT:USDT,0.5928,6377,0.5927,9457,0.5929,3271,0.593,4762
1753600062093,07:07:42.093,mexc,ACE/USDT:USDT,0.5928,6377,0.5927,9457,0.5929,3271,0.593,4762
1753600062490,07:07:42.490,mexc,ACE/USDT:USDT,0.5928,6377,0.5927,9457,0.5929,3271,0.593,4762
1753600062586,07:07:42.586,mexc,ACE/USDT:USDT,0.5928,6377,0.5927,9457,0.5929,3271,0.593,6304
1753600062990,07:07:42.990,mexc,ACE/USDT:USDT,0.5928,6377,0.5927,9457,0.5929,3271,0.593,6304
1753600063088,07:07:43.088,mexc,ACE/USDT:USDT,0.5928,6377,0.5927,9457,0.5929,3271,0.593,4762
1753600063491,07:07:43.491,mexc,ACE/USDT:USDT,0.5928,6377,0.5927,9457,0.5929,3271,0.593,4762
1753600063587,07:07:43.587,mexc,ACE/USDT:USDT,0.5928,6377,0.5927,13340,0.5929,3271,0.593,6255
1753600063990,07:07:43.990,mexc,ACE/USDT:USDT,0.5928,6377,0.5927,13340,0.5929,3271,0.593,6255
1753600064107,07:07:44.107,mexc,ACE/USDT:USDT,0.5928,6377,0.5927,12996,0.5929,3271,0.593,5490
1753600064491,07:07:44.491,mexc,ACE/USDT:USDT,0.5928,6377,0.5927,12996,0.5929,3271,0.593,5490
1753600064589,07:07:44.589,mexc,ACE/USDT:USDT,0.5928,6377,0.5927,11794,0.5929,3271,0.593,6518
1753600064992,07:07:44.992,mexc,ACE/USDT:USDT,0.5928,6377,0.5927,11794,0.5929,3271,0.593,4762
1753600065093,07:07:45.093,mexc,ACE/USDT:USDT,0.5928,6377,0.5927,9457,0.5929,3271,0.593,4762
1753600065494,07:07:45.494,mexc,ACE/USDT:USDT,0.5928,6377,0.5927,9457,0.5929,3271,0.593,4762
1753600065590,07:07:45.590,mexc,ACE/USDT:USDT,0.5928,6377,0.5927,13259,0.5929,3271,0.593,5693
1753600065992,07:07:45.992,mexc,ACE/USDT:USDT,0.5928,6377,0.5927,13259,0.5929,3271,0.593,5693
1753600066091,07:07:46.091,mexc,ACE/USDT:USDT,0.5928,6377,0.5927,9457,0.5929,3271,0.593,4762
1753600066283,07:07:46.283,mexc,ACE/USDT:USDT,0.5928,3178,0.5927,11811,0.5929,3907,0.593,5596
1753600066590,07:07:46.590,mexc,ACE/USDT:USDT,0.5928,3178,0.5927,11811,0.5929,3907,0.593,5596
1753600066992,07:07:46.992,mexc,ACE/USDT:USDT,0.5928,3178,0.5927,11811,0.5929,3907,0.593,5596
1753600067093,07:07:47.093,mexc,ACE/USDT:USDT,0.5928,3178,0.5927,15636,0.5929,3907,0.593,5596
1753600067493,07:07:47.493,mexc,ACE/USDT:USDT,0.5928,3178,0.5927,11811,0.5929,3907,0.593,5596
1753600067592,07:07:47.592,mexc,ACE/USDT:USDT,0.5928,3178,0.5927,11811,0.5929,3907,0.593,8300
1753600067909,07:07:47.909,mexc,ACE/USDT:USDT,0.5928,3178,0.5927,11811,0.5929,3907,0.593,8300
1753600068095,07:07:48.095,mexc,ACE/USDT:USDT,0.5928,3178,0.5927,11811,0.5929,3907,0.593,6628
1753600068494,07:07:48.494,mexc,ACE/USDT:USDT,0.5928,3178,0.5927,11811,0.5929,3907,0.593,6628
1753600068594,07:07:48.594,mexc,ACE/USDT:USDT,0.5928,3178,0.5927,13357,0.5929,3907,0.593,5596
1753600069002,07:07:49.002,mexc,ACE/USDT:USDT,0.5928,3178,0.5927,13357,0.5929,3907,0.593,5596
1753600069094,07:07:49.094,mexc,ACE/USDT:USDT,0.5928,3178,0.5927,11811,0.5929,3907,0.593,7267
1753600069495,07:07:49.495,mexc,ACE/USDT:USDT,0.5928,3178,0.5927,11811,0.5929,3907,0.593,5596
1753600069593,07:07:49.593,mexc,ACE/USDT:USDT,0.5928,3178,0.5927,11811,0.5929,3907,0.593,5596
1753600069996,07:07:49.996,mexc,ACE/USDT:USDT,0.5928,3178,0.5927,11811,0.5929,3907,0.593,5596
1753600070110,07:07:50.110,mexc,ACE/USDT:USDT,0.5928,3178,0.5927,11811,0.5929,3907,0.593,7670
1753600070497,07:07:50.497,mexc,ACE/USDT:USDT,0.5928,3178,0.5927,11811,0.5929,3907,0.593,7670
1753600070593,07:07:50.593,mexc,ACE/USDT:USDT,0.5928,3178,0.5927,17639,0.5929,3907,0.593,7292
1753600070994,07:07:50.994,mexc,ACE/USDT:USDT,0.5928,3178,0.5927,11811,0.5929,3907,0.593,7292
1753600071094,07:07:51.094,mexc,ACE/USDT:USDT,0.5928,3178,0.5927,14405,0.5929,3907,0.593,5596
1753600071497,07:07:51.497,mexc,ACE/USDT:USDT,0.5928,3178,0.5927,14405,0.5929,3907,0.593,5596
1753600071594,07:07:51.594,mexc,ACE/USDT:USDT,0.5928,3178,0.5927,11811,0.5929,3907,0.593,5596
1753600071996,07:07:51.996,mexc,ACE/USDT:USDT,0.5928,3178,0.5927,11811,0.5929,3907,0.593,5596
1753600072095,07:07:52.095,mexc,ACE/USDT:USDT,0.5928,3178,0.5927,11811,0.5929,3907,0.593,5596
1753600072286,07:07:52.286,mexc,ACE/USDT:USDT,0.5928,3009,0.5927,12020,0.5929,3364,0.593,6710
1753600072596,07:07:52.596,mexc,ACE/USDT:USDT,0.5928,3009,0.5927,12020,0.5929,3364,0.593,6710
1753600072995,07:07:52.995,mexc,ACE/USDT:USDT,0.5928,3009,0.5927,12020,0.5929,3364,0.593,6710
1753600073095,07:07:53.095,mexc,ACE/USDT:USDT,0.5928,3009,0.5927,12020,0.5929,3364,0.593,6710
1753600073496,07:07:53.496,mexc,ACE/USDT:USDT,0.5928,3009,0.5927,12020,0.5929,3364,0.593,6710
1753600073595,07:07:53.595,mexc,ACE/USDT:USDT,0.5928,3009,0.5927,21685,0.5929,3364,0.593,6710
1753600073911,07:07:53.911,mexc,ACE/USDT:USDT,0.5928,3009,0.5927,21685,0.5929,3364,0.593,6710
1753600074096,07:07:54.096,mexc,ACE/USDT:USDT,0.5928,3009,0.5927,12020,0.5929,3364,0.593,8147
1753600074498,07:07:54.498,mexc,ACE/USDT:USDT,0.5928,3009,0.5927,12020,0.5929,3364,0.593,6710
1753600074596,07:07:54.596,mexc,ACE/USDT:USDT,0.5928,3009,0.5927,13246,0.5929,3364,0.593,6710
1753600074999,07:07:54.999,mexc,ACE/USDT:USDT,0.5928,3009,0.5927,13246,0.5929,3364,0.593,6710
1753600075096,07:07:55.096,mexc,ACE/USDT:USDT,0.5928,3009,0.5927,12020,0.5929,3364,0.593,6710
1753600075498,07:07:55.498,mexc,ACE/USDT:USDT,0.5928,3009,0.5927,12020,0.5929,3364,0.593,6710
1753600075597,07:07:55.597,mexc,ACE/USDT:USDT,0.5928,3009,0.5927,18021,0.5929,3364,0.593,6710
1753600076004,07:07:56.004,mexc,ACE/USDT:USDT,0.5928,3009,0.5927,18021,0.5929,3364,0.593,6710
1753600076099,07:07:56.099,mexc,ACE/USDT:USDT,0.5928,3009,0.5927,12020,0.5929,3364,0.593,6710
1753600076500,07:07:56.500,mexc,ACE/USDT:USDT,0.5928,3009,0.5927,12020,0.5929,3364,0.593,6710
1753600076598,07:07:56.598,mexc,ACE/USDT:USDT,0.5928,3009,0.5927,12020,0.5929,3364,0.593,6710
1753600076999,07:07:56.999,mexc,ACE/USDT:USDT,0.5928,3009,0.5927,12020,0.5929,3364,0.593,6710
1753600077098,07:07:57.098,mexc,ACE/USDT:USDT,0.5928,3009,0.5927,12020,0.5929,3364,0.593,6710
1753600077499,07:07:57.499,mexc,ACE/USDT:USDT,0.5928,3009,0.5927,12020,0.5929,3364,0.593,6710
1753600077596,07:07:57.596,mexc,ACE/USDT:USDT,0.5928,3009,0.5927,12020,0.5929,3364,0.593,9125
1753600078000,07:07:58.000,mexc,ACE/USDT:USDT,0.5928,3009,0.5927,12020,0.5929,3364,0.593,6710
1753600078099,07:07:58.099,mexc,ACE/USDT:USDT,0.5928,3009,0.5927,12020,0.5929,3364,0.593,8903
1753600078289,07:07:58.289,mexc,ACE/USDT:USDT,0.5927,3766,0.5926,10228,0.5928,3705,0.5929,4805
1753600078597,07:07:58.597,mexc,ACE/USDT:USDT,0.5927,3766,0.5926,14838,0.5928,3705,0.5929,7586
1753600079003,07:07:59.003,mexc,ACE/USDT:USDT,0.5927,3766,0.5926,14838,0.5928,3705,0.5929,6879
1753600079099,07:07:59.099,mexc,ACE/USDT:USDT,0.5927,3766,0.5926,15311,0.5928,3705,0.5929,4805
1753600079501,07:07:59.501,mexc,ACE/USDT:USDT,0.5927,3766,0.5926,10228,0.5928,3705,0.5929,4805
1753600079597,07:07:59.597,mexc,ACE/USDT:USDT,0.5927,3766,0.5926,10228,0.5928,3705,0.5929,6526
1753600080001,07:08:00.001,mexc,ACE/USDT:USDT,0.5927,3766,0.5926,10228,0.5928,3705,0.5929,4805
1753600080102,07:08:00.102,mexc,ACE/USDT:USDT,0.5927,3766,0.5926,13294,0.5928,3705,0.5929,4805
1753600080503,07:08:00.503,mexc,ACE/USDT:USDT,0.5927,3766,0.5926,10228,0.5928,3705,0.5929,4805
1753600080599,07:08:00.599,mexc,ACE/USDT:USDT,0.5927,3766,0.5926,10228,0.5928,3705,0.5929,4805
1753600081001,07:08:01.001,mexc,ACE/USDT:USDT,0.5927,3766,0.5926,10228,0.5928,3705,0.5929,4805
1753600081100,07:08:01.100,mexc,ACE/USDT:USDT,0.5927,3766,0.5926,17335,0.5928,3705,0.5929,6426
1753600081503,07:08:01.503,mexc,ACE/USDT:USDT,0.5927,3766,0.5926,17335,0.5928,3705,0.5929,6426
1753600081600,07:08:01.600,mexc,ACE/USDT:USDT,0.5927,3766,0.5926,13269,0.5928,3705,0.5929,7109
1753600082001,07:08:02.001,mexc,ACE/USDT:USDT,0.5927,3766,0.5926,10228,0.5928,3705,0.5929,7109
1753600082103,07:08:02.103,mexc,ACE/USDT:USDT,0.5927,3766,0.5926,12408,0.5928,3705,0.5929,4805
1753600082501,07:08:02.501,mexc,ACE/USDT:USDT,0.5927,3766,0.5926,12408,0.5928,3705,0.5929,4805
1753600082602,07:08:02.602,mexc,ACE/USDT:USDT,0.5927,3766,0.5926,13727,0.5928,3705,0.5929,6031
1753600082741,07:08:02.741,mexc,ACE/USDT:USDT,0.5924,57192,0.5923,8847,0.5925,5015,0.5926,4694
1753600083102,07:08:03.102,mexc,ACE/USDT:USDT,0.5924,57192,0.5923,11031,0.5925,5015,0.5926,5621
1753600083502,07:08:03.502,mexc,ACE/USDT:USDT,0.5924,57192,0.5923,11031,0.5925,5015,0.5926,5621
1753600083601,07:08:03.601,mexc,ACE/USDT:USDT,0.5924,57192,0.5923,8847,0.5925,5015,0.5926,6212
1753600084003,07:08:04.003,mexc,ACE/USDT:USDT,0.5924,57192,0.5923,8847,0.5925,5015,0.5926,4694
1753600084101,07:08:04.101,mexc,ACE/USDT:USDT,0.5924,57192,0.5923,10893,0.5925,5015,0.5926,5570
1753600084503,07:08:04.503,mexc,ACE/USDT:USDT,0.5924,57192,0.5923,10893,0.5925,5015,0.5926,4694
1753600084601,07:08:04.601,mexc,ACE/USDT:USDT,0.5924,57192,0.5923,11647,0.5925,5015,0.5926,6886
1753600084981,07:08:04.981,mexc,ACE/USDT:USDT,0.5924,57192,0.5923,11647,0.5925,5015,0.5926,6886
1753600085102,07:08:05.102,mexc,ACE/USDT:USDT,0.5924,57192,0.5923,8847,0.5925,5015,0.5926,6883
1753600085504,07:08:05.504,mexc,ACE/USDT:USDT,0.5924,57192,0.5923,8847,0.5925,5015,0.5926,6883
1753600085600,07:08:05.600,mexc,ACE/USDT:USDT,0.5924,57192,0.5923,8847,0.5925,5015,0.5926,4694
1753600086004,07:08:06.004,mexc,ACE/USDT:USDT,0.5924,57192,0.5923,8847,0.5925,5015,0.5926,4694
1753600086101,07:08:06.101,mexc,ACE/USDT:USDT,0.5924,57192,0.5923,9586,0.5925,5015,0.5926,4694
1753600086504,07:08:06.504,mexc,ACE/USDT:USDT,0.5924,57192,0.5923,9586,0.5925,5015,0.5926,4694
1753600086601,07:08:06.601,mexc,ACE/USDT:USDT,0.5924,57192,0.5923,8847,0.5925,5015,0.5926,4694
1753600087004,07:08:07.004,mexc,ACE/USDT:USDT,0.5924,57192,0.5923,8847,0.5925,5015,0.5926,4694
1753600087104,07:08:07.104,mexc,ACE/USDT:USDT,0.5924,57192,0.5923,8847,0.5925,5015,0.5926,5228
1753600087563,07:08:07.563,mexc,ACE/USDT:USDT,0.5924,57192,0.5923,8847,0.5925,5015,0.5926,4694
1753600087605,07:08:07.605,mexc,ACE/USDT:USDT,0.5924,57192,0.5923,8847,0.5925,5015,0.5926,5610
1753600088006,07:08:08.006,mexc,ACE/USDT:USDT,0.5924,57192,0.5923,8847,0.5925,5015,0.5926,4694
1753600088104,07:08:08.104,mexc,ACE/USDT:USDT,0.5924,57192,0.5923,11347,0.5925,5015,0.5926,4694
1753600088294,07:08:08.294,mexc,ACE/USDT:USDT,0.5924,4265,0.5923,2614,0.5925,2867,0.5926,3470
1753600088615,07:08:08.615,mexc,ACE/USDT:USDT,0.5924,4265,0.5923,2614,0.5925,2867,0.5926,3470
1753600089105,07:08:09.105,mexc,ACE/USDT:USDT,0.5924,4265,0.5923,2614,0.5925,2867,0.5926,3470
1753600089105,07:08:09.105,mexc,ACE/USDT:USDT,0.5924,4265,0.5923,3357,0.5925,2867,0.5926,5060
1753600089509,07:08:09.509,mexc,ACE/USDT:USDT,0.5924,4265,0.5923,2614,0.5925,2867,0.5926,3470
1753600089604,07:08:09.604,mexc,ACE/USDT:USDT,0.5924,4265,0.5923,2614,0.5925,2867,0.5926,3470
1753600090007,07:08:10.007,mexc,ACE/USDT:USDT,0.5924,4265,0.5923,2614,0.5925,2867,0.5926,3470
1753600090113,07:08:10.113,mexc,ACE/USDT:USDT,0.5924,4265,0.5923,2614,0.5925,2867,0.5926,4490
1753600090517,07:08:10.517,mexc,ACE/USDT:USDT,0.5924,4265,0.5923,2614,0.5925,2867,0.5926,4490
1753600090614,07:08:10.614,mexc,ACE/USDT:USDT,0.5924,4265,0.5923,2614,0.5925,2867,0.5926,4047
1753600091016,07:08:11.016,mexc,ACE/USDT:USDT,0.5924,4265,0.5923,2614,0.5925,2867,0.5926,4047
1753600091113,07:08:11.113,mexc,ACE/USDT:USDT,0.5924,4265,0.5923,2614,0.5925,2867,0.5926,5784
1753600091517,07:08:11.517,mexc,ACE/USDT:USDT,0.5924,4265,0.5923,2614,0.5925,2867,0.5926,4946
1753600091612,07:08:11.612,mexc,ACE/USDT:USDT,0.5924,4265,0.5923,2614,0.5925,2867,0.5926,6295
1753600092017,07:08:12.017,mexc,ACE/USDT:USDT,0.5924,4265,0.5923,2614,0.5925,2867,0.5926,4710
1753600092113,07:08:12.113,mexc,ACE/USDT:USDT,0.5924,4265,0.5923,2614,0.5925,2867,0.5926,3470
1753600092515,07:08:12.515,mexc,ACE/USDT:USDT,0.5924,4265,0.5923,2614,0.5925,2867,0.5926,3470
1753600092613,07:08:12.613,mexc,ACE/USDT:USDT,0.5924,4265,0.5923,2614,0.5925,2867,0.5926,4485
1753600093014,07:08:13.014,mexc,ACE/USDT:USDT,0.5924,4265,0.5923,2614,0.5925,2867,0.5926,4485
1753600093114,07:08:13.114,mexc,ACE/USDT:USDT,0.5924,4265,0.5923,2614,0.5925,2867,0.5926,4424
1753600093516,07:08:13.516,mexc,ACE/USDT:USDT,0.5924,4265,0.5923,2614,0.5925,2867,0.5926,3470
1753600093613,07:08:13.613,mexc,ACE/USDT:USDT,0.5924,4265,0.5923,2614,0.5925,2867,0.5926,3470
1753600094015,07:08:14.015,mexc,ACE/USDT:USDT,0.5924,4265,0.5923,2614,0.5925,2867,0.5926,3470
1753600094111,07:08:14.111,mexc,ACE/USDT:USDT,0.5924,4265,0.5923,2614,0.5925,2867,0.5926,4240
1753600094293,07:08:14.293,mexc,ACE/USDT:USDT,0.5923,3549,0.5922,29399,0.5924,3885,0.5925,7445
1753600094613,07:08:14.613,mexc,ACE/USDT:USDT,0.5923,3549,0.5922,29399,0.5924,3885,0.5925,9507
1753600095015,07:08:15.015,mexc,ACE/USDT:USDT,0.5923,3549,0.5922,29399,0.5924,3885,0.5925,9507
1753600095112,07:08:15.112,mexc,ACE/USDT:USDT,0.5923,3549,0.5922,34019,0.5924,3885,0.5925,8644
1753600095514,07:08:15.514,mexc,ACE/USDT:USDT,0.5923,3549,0.5922,34019,0.5924,3885,0.5925,8644
1753600095612,07:08:15.612,mexc,ACE/USDT:USDT,0.5923,3549,0.5922,42741,0.5924,3885,0.5925,10393
1753600096019,07:08:16.019,mexc,ACE/USDT:USDT,0.5923,3549,0.5922,29399,0.5924,3885,0.5925,10393
1753600096180,07:08:16.180,mexc,ACE/USDT:USDT,0.5923,3549,0.5922,42690,0.5924,3885,0.5925,10212
1753600096523,07:08:16.523,mexc,ACE/USDT:USDT,0.5923,3549,0.5922,29399,0.5924,3885,0.5925,10212
1753600096614,07:08:16.614,mexc,ACE/USDT:USDT,0.5923,3549,0.5922,29399,0.5924,3885,0.5925,7445
1753600097016,07:08:17.016,mexc,ACE/USDT:USDT,0.5923,3549,0.5922,29399,0.5924,3885,0.5925,7445
1753600097115,07:08:17.115,mexc,ACE/USDT:USDT,0.5923,3549,0.5922,34329,0.5924,3885,0.5925,9346
1753600097518,07:08:17.518,mexc,ACE/USDT:USDT,0.5923,3549,0.5922,34329,0.5924,3885,0.5925,9346
1753600097614,07:08:17.614,mexc,ACE/USDT:USDT,0.5923,3549,0.5922,29399,0.5924,3885,0.5925,7445
1753600098016,07:08:18.016,mexc,ACE/USDT:USDT,0.5923,3549,0.5922,29399,0.5924,3885,0.5925,7445
1753600098115,07:08:18.115,mexc,ACE/USDT:USDT,0.5923,3549,0.5922,32364,0.5924,3885,0.5925,10607
1753600098521,07:08:18.521,mexc,ACE/USDT:USDT,0.5923,3549,0.5922,32364,0.5924,3885,0.5925,10607
1753600098618,07:08:18.618,mexc,ACE/USDT:USDT,0.5923,3549,0.5922,43684,0.5924,3885,0.5925,7445
1753600099019,07:08:19.019,mexc,ACE/USDT:USDT,0.5923,3549,0.5922,43684,0.5924,3885,0.5925,7445
1753600099117,07:08:19.117,mexc,ACE/USDT:USDT,0.5923,3549,0.5922,29399,0.5924,3885,0.5925,7445
1753600099520,07:08:19.520,mexc,ACE/USDT:USDT,0.5923,3549,0.5922,29399,0.5924,3885,0.5925,7445
1753600099618,07:08:19.618,mexc,ACE/USDT:USDT,0.5923,3549,0.5922,29399,0.5924,3885,0.5925,7445
1753600100019,07:08:20.019,mexc,ACE/USDT:USDT,0.5923,3549,0.5922,29399,0.5924,3885,0.5925,7445
1753600100118,07:08:20.118,mexc,ACE/USDT:USDT,0.5923,3549,0.5922,43054,0.5924,3885,0.5925,7445
1753600100294,07:08:20.294,mexc,ACE/USDT:USDT,0.5922,6458,0.5921,3880,0.5923,4002,0.5924,5953
1753600100618,07:08:20.618,mexc,ACE/USDT:USDT,0.5922,6458,0.5921,3880,0.5923,4002,0.5924,8767
1753600101019,07:08:21.019,mexc,ACE/USDT:USDT,0.5922,6458,0.5921,3880,0.5923,4002,0.5924,8767
1753600101118,07:08:21.118,mexc,ACE/USDT:USDT,0.5922,6458,0.5921,5709,0.5923,4002,0.5924,5953
1753600101520,07:08:21.520,mexc,ACE/USDT:USDT,0.5922,6458,0.5921,5709,0.5923,4002,0.5924,5953
1753600101617,07:08:21.617,mexc,ACE/USDT:USDT,0.5922,6458,0.5921,5465,0.5923,4002,0.5924,9666
1753600102020,07:08:22.020,mexc,ACE/USDT:USDT,0.5922,6458,0.5921,5465,0.5923,4002,0.5924,9666
1753600102117,07:08:22.117,mexc,ACE/USDT:USDT,0.5922,6458,0.5921,4480,0.5923,4002,0.5924,6766
1753600102521,07:08:22.521,mexc,ACE/USDT:USDT,0.5922,6458,0.5921,3880,0.5923,4002,0.5924,6766
1753600102619,07:08:22.619,mexc,ACE/USDT:USDT,0.5922,6458,0.5921,3880,0.5923,4002,0.5924,8699
1753600103018,07:08:23.018,mexc,ACE/USDT:USDT,0.5922,6458,0.5921,3880,0.5923,4002,0.5924,5953
1753600103119,07:08:23.119,mexc,ACE/USDT:USDT,0.5922,6458,0.5921,5047,0.5923,4002,0.5924,7377
1753600103520,07:08:23.520,mexc,ACE/USDT:USDT,0.5922,6458,0.5921,3880,0.5923,4002,0.5924,7377
1753600103617,07:08:23.617,mexc,ACE/USDT:USDT,0.5922,6458,0.5921,4614,0.5923,4002,0.5924,5953
1753600104020,07:08:24.020,mexc,ACE/USDT:USDT,0.5922,6458,0.5921,4614,0.5923,4002,0.5924,5953
1753600104119,07:08:24.119,mexc,ACE/USDT:USDT,0.5922,6458,0.5921,4584,0.5923,4002,0.5924,5953
1753600104521,07:08:24.521,mexc,ACE/USDT:USDT,0.5922,6458,0.5921,4584,0.5923,4002,0.5924,5953
1753600104617,07:08:24.617,mexc,ACE/USDT:USDT,0.5922,6458,0.5921,3880,0.5923,4002,0.5924,8719
1753600105019,07:08:25.019,mexc,ACE/USDT:USDT,0.5922,6458,0.5921,3880,0.5923,4002,0.5924,5953
1753600105118,07:08:25.118,mexc,ACE/USDT:USDT,0.5922,6458,0.5921,3880,0.5923,4002,0.5924,8284
1753600105522,07:08:25.522,mexc,ACE/USDT:USDT,0.5922,6458,0.5921,3880,0.5923,4002,0.5924,8284
1753600105620,07:08:25.620,mexc,ACE/USDT:USDT,0.5922,6458,0.5921,3880,0.5923,4002,0.5924,5953
1753600106021,07:08:26.021,mexc,ACE/USDT:USDT,0.5922,6458,0.5921,3880,0.5923,4002,0.5924,5953
1753600106119,07:08:26.119,mexc,ACE/USDT:USDT,0.5922,6458,0.5921,3880,0.5923,4002,0.5924,5953
1753600106294,07:08:26.294,mexc,ACE/USDT:USDT,0.5922,5290,0.5921,4078,0.5923,3798,0.5924,5887
1753600106619,07:08:26.619,mexc,ACE/USDT:USDT,0.5922,5290,0.5921,4078,0.5923,3798,0.5924,7521
1753600107020,07:08:27.020,mexc,ACE/USDT:USDT,0.5922,5290,0.5921,4078,0.5923,3798,0.5924,7521
1753600107119,07:08:27.119,mexc,ACE/USDT:USDT,0.5922,5290,0.5921,4078,0.5923,3798,0.5924,5887
1753600107521,07:08:27.521,mexc,ACE/USDT:USDT,0.5922,5290,0.5921,4078,0.5923,3798,0.5924,5887
1753600107619,07:08:27.619,mexc,ACE/USDT:USDT,0.5922,5290,0.5921,4078,0.5923,3798,0.5924,10232
1753600108022,07:08:28.022,mexc,ACE/USDT:USDT,0.5922,5290,0.5921,4078,0.5923,3798,0.5924,7393
1753600108121,07:08:28.121,mexc,ACE/USDT:USDT,0.5922,5290,0.5921,4078,0.5923,3798,0.5924,5887
1753600108522,07:08:28.522,mexc,ACE/USDT:USDT,0.5922,5290,0.5921,4078,0.5923,3798,0.5924,5887
1753600108621,07:08:28.621,mexc,ACE/USDT:USDT,0.5922,5290,0.5921,4078,0.5923,3798,0.5924,5887
1753600109024,07:08:29.024,mexc,ACE/USDT:USDT,0.5922,5290,0.5921,4078,0.5923,3798,0.5924,5887
1753600109120,07:08:29.120,mexc,ACE/USDT:USDT,0.5922,5290,0.5921,5521,0.5923,3798,0.5924,5887
1753600109521,07:08:29.521,mexc,ACE/USDT:USDT,0.5922,5290,0.5921,5521,0.5923,3798,0.5924,5887
1753600109621,07:08:29.621,mexc,ACE/USDT:USDT,0.5922,5290,0.5921,4078,0.5923,3798,0.5924,8119
1753600110025,07:08:30.025,mexc,ACE/USDT:USDT,0.5922,5290,0.5921,4078,0.5923,3798,0.5924,5887
1753600110123,07:08:30.123,mexc,ACE/USDT:USDT,0.5922,5290,0.5921,4078,0.5923,3798,0.5924,7006
1753600110523,07:08:30.523,mexc,ACE/USDT:USDT,0.5922,5290,0.5921,4078,0.5923,3798,0.5924,7006
1753600110622,07:08:30.622,mexc,ACE/USDT:USDT,0.5922,5290,0.5921,4713,0.5923,3798,0.5924,5887
1753600111023,07:08:31.023,mexc,ACE/USDT:USDT,0.5922,5290,0.5921,4078,0.5923,3798,0.5924,5887
1753600111121,07:08:31.121,mexc,ACE/USDT:USDT,0.5922,5290,0.5921,6084,0.5923,3798,0.5924,9585
1753600111524,07:08:31.524,mexc,ACE/USDT:USDT,0.5922,5290,0.5921,6084,0.5923,3798,0.5924,8827
1753600111621,07:08:31.621,mexc,ACE/USDT:USDT,0.5922,5290,0.5921,4078,0.5923,3798,0.5924,8792
1753600112023,07:08:32.023,mexc,ACE/USDT:USDT,0.5922,5290,0.5921,4078,0.5923,3798,0.5924,8792
1753600112121,07:08:32.121,mexc,ACE/USDT:USDT,0.5922,5290,0.5921,5322,0.5923,3798,0.5924,5887
1753600112296,07:08:32.296,mexc,ACE/USDT:USDT,0.5922,3883,0.5921,2705,0.5923,3726,0.5924,5922
1753600112621,07:08:32.621,mexc,ACE/USDT:USDT,0.5922,3883,0.5921,2705,0.5923,3726,0.5924,7450
1753600113024,07:08:33.024,mexc,ACE/USDT:USDT,0.5922,3883,0.5921,2705,0.5923,3726,0.5924,7450
1753600113123,07:08:33.123,mexc,ACE/USDT:USDT,0.5922,3883,0.5921,2705,0.5923,3726,0.5924,5922
1753600113529,07:08:33.529,mexc,ACE/USDT:USDT,0.5922,3883,0.5921,2705,0.5923,3726,0.5924,5922
1753600113621,07:08:33.621,mexc,ACE/USDT:USDT,0.5922,3883,0.5921,2705,0.5923,3726,0.5924,5922
1753600114023,07:08:34.023,mexc,ACE/USDT:USDT,0.5922,3883,0.5921,2705,0.5923,3726,0.5924,5922
1753600114122,07:08:34.122,mexc,ACE/USDT:USDT,0.5922,3883,0.5921,3132,0.5923,3726,0.5924,6848
1753600114524,07:08:34.524,mexc,ACE/USDT:USDT,0.5922,3883,0.5921,3132,0.5923,3726,0.5924,6848
1753600114622,07:08:34.622,mexc,ACE/USDT:USDT,0.5922,3883,0.5921,3904,0.5923,3726,0.5924,8179
1753600115024,07:08:35.024,mexc,ACE/USDT:USDT,0.5922,3883,0.5921,3904,0.5923,3726,0.5924,8179
1753600115129,07:08:35.129,mexc,ACE/USDT:USDT,0.5922,3883,0.5921,3841,0.5923,3726,0.5924,7449
1753600115526,07:08:35.526,mexc,ACE/USDT:USDT,0.5922,3883,0.5921,3841,0.5923,3726,0.5924,7449
1753600115665,07:08:35.665,mexc,ACE/USDT:USDT,0.5922,3883,0.5921,3882,0.5923,3726,0.5924,5922
1753600116067,07:08:36.067,mexc,ACE/USDT:USDT,0.5922,3883,0.5921,2705,0.5923,3726,0.5924,5922
1753600116165,07:08:36.165,mexc,ACE/USDT:USDT,0.5922,3883,0.5921,3417,0.5923,3726,0.5924,8391
1753600116567,07:08:36.567,mexc,ACE/USDT:USDT,0.5922,3883,0.5921,3417,0.5923,3726,0.5924,8391
1753600116666,07:08:36.666,mexc,ACE/USDT:USDT,0.5922,3883,0.5921,3022,0.5923,3726,0.5924,6666
1753600117069,07:08:37.069,mexc,ACE/USDT:USDT,0.5922,3883,0.5921,3022,0.5923,3726,0.5924,6666
1753600117166,07:08:37.166,mexc,ACE/USDT:USDT,0.5922,3883,0.5921,2705,0.5923,3726,0.5924,5922
1753600117568,07:08:37.568,mexc,ACE/USDT:USDT,0.5922,3883,0.5921,2705,0.5923,3726,0.5924,5922
1753600117669,07:08:37.669,mexc,ACE/USDT:USDT,0.5922,3883,0.5921,2705,0.5923,3726,0.5924,5922
1753600118075,07:08:38.075,mexc,ACE/USDT:USDT,0.5922,3883,0.5921,2705,0.5923,3726,0.5924,5922
1753600118168,07:08:38.168,mexc,ACE/USDT:USDT,0.5922,3883,0.5921,2705,0.5923,3726,0.5924,10425
1753600118296,07:08:38.296,mexc,ACE/USDT:USDT,0.5922,3324,0.5921,3895,0.5923,9803,0.5924,30923
1753600118669,07:08:38.669,mexc,ACE/USDT:USDT,0.5922,3324,0.5921,3895,0.5923,9803,0.5924,30923
1753600119073,07:08:39.073,mexc,ACE/USDT:USDT,0.5922,3324,0.5921,3895,0.5923,9803,0.5924,30923
1753600119168,07:08:39.168,mexc,ACE/USDT:USDT,0.5922,3324,0.5921,3895,0.5923,9803,0.5924,39583
1753600119570,07:08:39.570,mexc,ACE/USDT:USDT,0.5922,3324,0.5921,3895,0.5923,9803,0.5924,39583
1753600119667,07:08:39.667,mexc,ACE/USDT:USDT,0.5922,3324,0.5921,3895,0.5923,9803,0.5924,30923
1753600119858,07:08:39.858,mexc,ACE/USDT:USDT,0.5922,3324,0.5921,3895,0.5923,9803,0.5924,30923
1753600120168,07:08:40.168,mexc,ACE/USDT:USDT,0.5922,3324,0.5921,3895,0.5923,9803,0.5924,39843
1753600120571,07:08:40.571,mexc,ACE/USDT:USDT,0.5922,3324,0.5921,3895,0.5923,9803,0.5924,30923
1753600120669,07:08:40.669,mexc,ACE/USDT:USDT,0.5922,3324,0.5921,3895,0.5923,9803,0.5924,30923
1753600121072,07:08:41.072,mexc,ACE/USDT:USDT,0.5922,3324,0.5921,3895,0.5923,9803,0.5924,30923
1753600121170,07:08:41.170,mexc,ACE/USDT:USDT,0.5922,3324,0.5921,4312,0.5923,9803,0.5924,30923
1753600121575,07:08:41.575,mexc,ACE/USDT:USDT,0.5922,3324,0.5921,3895,0.5923,9803,0.5924,30923
1753600121673,07:08:41.673,mexc,ACE/USDT:USDT,0.5922,3324,0.5921,5659,0.5923,9803,0.5924,34621
1753600122073,07:08:42.073,mexc,ACE/USDT:USDT,0.5922,3324,0.5921,5659,0.5923,9803,0.5924,30923
1753600122169,07:08:42.169,mexc,ACE/USDT:USDT,0.5922,3324,0.5921,4563,0.5923,9803,0.5924,30923
1753600122571,07:08:42.571,mexc,ACE/USDT:USDT,0.5922,3324,0.5921,4563,0.5923,9803,0.5924,30923
1753600122671,07:08:42.671,mexc,ACE/USDT:USDT,0.5922,3324,0.5921,5489,0.5923,9803,0.5924,30923
1753600123071,07:08:43.071,mexc,ACE/USDT:USDT,0.5922,3324,0.5921,5489,0.5923,9803,0.5924,30923
1753600123169,07:08:43.169,mexc,ACE/USDT:USDT,0.5922,3324,0.5921,3895,0.5923,9803,0.5924,30923
1753600123572,07:08:43.572,mexc,ACE/USDT:USDT,0.5922,3324,0.5921,3895,0.5923,9803,0.5924,30923
1753600123669,07:08:43.669,mexc,ACE/USDT:USDT,0.5922,3324,0.5921,3895,0.5923,9803,0.5924,30923
1753600124074,07:08:44.074,mexc,ACE/USDT:USDT,0.5922,3324,0.5921,3895,0.5923,9803,0.5924,30923
1753600124170,07:08:44.170,mexc,ACE/USDT:USDT,0.5922,3324,0.5921,3895,0.5923,9803,0.5924,40928
1753600124297,07:08:44.297,mexc,ACE/USDT:USDT,0.5922,3190,0.5921,4395,0.5923,2706,0.5924,22362
1753600124679,07:08:44.679,mexc,ACE/USDT:USDT,0.5922,3190,0.5921,6325,0.5923,2706,0.5924,25916
1753600125168,07:08:45.168,mexc,ACE/USDT:USDT,0.5922,3190,0.5921,4395,0.5923,2706,0.5924,33223
1753600125171,07:08:45.171,mexc,ACE/USDT:USDT,0.5922,3190,0.5921,5631,0.5923,2706,0.5924,33223
1753600125573,07:08:45.573,mexc,ACE/USDT:USDT,0.5922,3190,0.5921,5631,0.5923,2706,0.5924,22362
1753600125671,07:08:45.671,mexc,ACE/USDT:USDT,0.5922,3190,0.5921,4395,0.5923,2706,0.5924,30774
1753600125861,07:08:45.861,mexc,ACE/USDT:USDT,0.5922,3190,0.5921,4395,0.5923,2706,0.5924,30774
1753600126189,07:08:46.189,mexc,ACE/USDT:USDT,0.5922,3190,0.5921,5719,0.5923,2706,0.5924,22362
1753600126573,07:08:46.573,mexc,ACE/USDT:USDT,0.5922,3190,0.5921,5719,0.5923,2706,0.5924,22362
1753600126672,07:08:46.672,mexc,ACE/USDT:USDT,0.5922,3190,0.5921,4395,0.5923,2706,0.5924,22362
1753600127075,07:08:47.075,mexc,ACE/USDT:USDT,0.5922,3190,0.5921,4395,0.5923,2706,0.5924,22362
1753600127173,07:08:47.173,mexc,ACE/USDT:USDT,0.5922,3190,0.5921,4395,0.5923,2706,0.5924,22362
1753600127575,07:08:47.575,mexc,ACE/USDT:USDT,0.5922,3190,0.5921,4395,0.5923,2706,0.5924,22362
1753600127673,07:08:47.673,mexc,ACE/USDT:USDT,0.5922,3190,0.5921,4395,0.5923,2706,0.5924,26237
1753600128074,07:08:48.074,mexc,ACE/USDT:USDT,0.5922,3190,0.5921,4395,0.5923,2706,0.5924,22362
1753600128172,07:08:48.172,mexc,ACE/USDT:USDT,0.5922,3190,0.5921,6163,0.5923,2706,0.5924,32036
1753600128575,07:08:48.575,mexc,ACE/USDT:USDT,0.5922,3190,0.5921,6163,0.5923,2706,0.5924,32036
1753600128674,07:08:48.674,mexc,ACE/USDT:USDT,0.5922,3190,0.5921,4395,0.5923,2706,0.5924,28645
1753600129075,07:08:49.075,mexc,ACE/USDT:USDT,0.5922,3190,0.5921,4395,0.5923,2706,0.5924,28645
1753600129174,07:08:49.174,mexc,ACE/USDT:USDT,0.5922,3190,0.5921,6984,0.5923,2706,0.5924,26643
1753600129575,07:08:49.575,mexc,ACE/USDT:USDT,0.5922,3190,0.5921,6984,0.5923,2706,0.5924,22362
1753600129671,07:08:49.671,mexc,ACE/USDT:USDT,0.5922,3190,0.5921,4395,0.5923,2706,0.5924,22362
1753600130078,07:08:50.078,mexc,ACE/USDT:USDT,0.5922,3190,0.5921,4395,0.5923,2706,0.5924,22362
1753600130174,07:08:50.174,mexc,ACE/USDT:USDT,0.5922,3190,0.5921,5205,0.5923,2706,0.5924,26995
1753600130300,07:08:50.300,mexc,ACE/USDT:USDT,0.5923,6056,0.5922,2750,0.5924,2737,0.5925,10865
1753600130674,07:08:50.674,mexc,ACE/USDT:USDT,0.5923,6056,0.5922,2750,0.5924,2737,0.5925,14243
1753600131078,07:08:51.078,mexc,ACE/USDT:USDT,0.5923,6056,0.5922,2750,0.5924,2737,0.5925,10865
1753600131176,07:08:51.176,mexc,ACE/USDT:USDT,0.5923,6056,0.5922,3191,0.5924,2737,0.5925,10865
1753600131577,07:08:51.577,mexc,ACE/USDT:USDT,0.5923,6056,0.5922,2750,0.5924,2737,0.5925,10865
1753600131677,07:08:51.677,mexc,ACE/USDT:USDT,0.5923,6056,0.5922,3782,0.5924,2737,0.5925,10865
1753600131863,07:08:51.863,mexc,ACE/USDT:USDT,0.5923,6056,0.5922,3782,0.5924,2737,0.5925,10865
1753600132196,07:08:52.196,mexc,ACE/USDT:USDT,0.5923,6056,0.5922,2750,0.5924,2737,0.5925,13473
1753600132579,07:08:52.579,mexc,ACE/USDT:USDT,0.5923,6056,0.5922,2750,0.5924,2737,0.5925,13473
1753600132675,07:08:52.675,mexc,ACE/USDT:USDT,0.5923,6056,0.5922,3650,0.5924,2737,0.5925,12712
1753600133078,07:08:53.078,mexc,ACE/USDT:USDT,0.5923,6056,0.5922,3650,0.5924,2737,0.5925,10865
1753600133174,07:08:53.174,mexc,ACE/USDT:USDT,0.5923,6056,0.5922,2750,0.5924,2737,0.5925,10865
1753600133577,07:08:53.577,mexc,ACE/USDT:USDT,0.5923,6056,0.5922,2750,0.5924,2737,0.5925,10865
1753600133674,07:08:53.674,mexc,ACE/USDT:USDT,0.5923,6056,0.5922,2750,0.5924,2737,0.5925,13260
1753600134077,07:08:54.077,mexc,ACE/USDT:USDT,0.5923,6056,0.5922,2750,0.5924,2737,0.5925,13260
1753600134176,07:08:54.176,mexc,ACE/USDT:USDT,0.5923,6056,0.5922,2750,0.5924,2737,0.5925,10865
1753600134577,07:08:54.577,mexc,ACE/USDT:USDT,0.5923,6056,0.5922,2750,0.5924,2737,0.5925,10865
1753600134677,07:08:54.677,mexc,ACE/USDT:USDT,0.5923,6056,0.5922,2750,0.5924,2737,0.5925,16052
1753600135079,07:08:55.079,mexc,ACE/USDT:USDT,0.5923,6056,0.5922,2750,0.5924,2737,0.5925,10865
1753600135178,07:08:55.178,mexc,ACE/USDT:USDT,0.5923,6056,0.5922,2750,0.5924,2737,0.5925,10865
1753600135580,07:08:55.580,mexc,ACE/USDT:USDT,0.5923,6056,0.5922,2750,0.5924,2737,0.5925,10865
1753600135679,07:08:55.679,mexc,ACE/USDT:USDT,0.5923,6056,0.5922,2750,0.5924,2737,0.5925,12108
1753600136079,07:08:56.079,mexc,ACE/USDT:USDT,0.5923,6056,0.5922,2750,0.5924,2737,0.5925,10865
1753600136177,07:08:56.177,mexc,ACE/USDT:USDT,0.5923,6056,0.5922,2750,0.5924,2737,0.5925,10865
1753600136301,07:08:56.301,mexc,ACE/USDT:USDT,0.5923,4788,0.5922,2709,0.5924,4361,0.5925,19559
1753600136678,07:08:56.678,mexc,ACE/USDT:USDT,0.5923,4788,0.5922,2709,0.5924,4361,0.5925,19559
1753600137081,07:08:57.081,mexc,ACE/USDT:USDT,0.5923,4788,0.5922,2709,0.5924,4361,0.5925,19559
1753600137178,07:08:57.178,mexc,ACE/USDT:USDT,0.5923,4788,0.5922,2709,0.5924,4361,0.5925,27008
1753600137580,07:08:57.580,mexc,ACE/USDT:USDT,0.5923,4788,0.5922,2709,0.5924,4361,0.5925,27008
1753600137678,07:08:57.678,mexc,ACE/USDT:USDT,0.5923,4788,0.5922,2709,0.5924,4361,0.5925,28812
1753600137865,07:08:57.865,mexc,ACE/USDT:USDT,0.5923,4788,0.5922,2709,0.5924,4361,0.5925,28812
1753600138200,07:08:58.200,mexc,ACE/USDT:USDT,0.5923,4788,0.5922,2709,0.5924,4361,0.5925,19559
1753600138581,07:08:58.581,mexc,ACE/USDT:USDT,0.5923,4788,0.5922,2709,0.5924,4361,0.5925,19559
1753600138678,07:08:58.678,mexc,ACE/USDT:USDT,0.5923,4788,0.5922,2709,0.5924,4361,0.5925,19559
1753600139080,07:08:59.080,mexc,ACE/USDT:USDT,0.5923,4788,0.5922,2709,0.5924,4361,0.5925,19559
1753600139178,07:08:59.178,mexc,ACE/USDT:USDT,0.5923,4788,0.5922,3869,0.5924,4361,0.5925,19559
1753600139582,07:08:59.582,mexc,ACE/USDT:USDT,0.5923,4788,0.5922,2709,0.5924,4361,0.5925,19559
1753600139680,07:08:59.680,mexc,ACE/USDT:USDT,0.5923,4788,0.5922,2989,0.5924,4361,0.5925,25267
1753600140081,07:09:00.081,mexc,ACE/USDT:USDT,0.5923,4788,0.5922,2989,0.5924,4361,0.5925,25267
1753600140179,07:09:00.179,mexc,ACE/USDT:USDT,0.5923,4788,0.5922,2709,0.5924,4361,0.5925,19559
1753600140581,07:09:00.581,mexc,ACE/USDT:USDT,0.5923,4788,0.5922,2709,0.5924,4361,0.5925,19559
1753600140677,07:09:00.677,mexc,ACE/USDT:USDT,0.5923,4788,0.5922,3281,0.5924,4361,0.5925,19559
1753600141079,07:09:01.079,mexc,ACE/USDT:USDT,0.5923,4788,0.5922,3281,0.5924,4361,0.5925,19559
1753600141180,07:09:01.180,mexc,ACE/USDT:USDT,0.5923,4788,0.5922,3201,0.5924,4361,0.5925,19559
1753600141382,07:09:01.382,mexc,ACE/USDT:USDT,0.5925,3041,0.5924,2903,0.5926,5401,0.5927,9635
1753600141680,07:09:01.680,mexc,ACE/USDT:USDT,0.5925,3041,0.5924,2903,0.5926,5401,0.5927,9635
1753600142081,07:09:02.081,mexc,ACE/USDT:USDT,0.5925,3041,0.5924,2903,0.5926,5401,0.5927,9635
1753600142182,07:09:02.182,mexc,ACE/USDT:USDT,0.5925,3041,0.5924,2903,0.5926,5401,0.5927,9635
1753600142586,07:09:02.586,mexc,ACE/USDT:USDT,0.5925,3041,0.5924,2903,0.5926,5401,0.5927,9635
1753600142682,07:09:02.682,mexc,ACE/USDT:USDT,0.5925,3041,0.5924,2903,0.5926,5401,0.5927,9635
1753600143086,07:09:03.086,mexc,ACE/USDT:USDT,0.5925,3041,0.5924,2903,0.5926,5401,0.5927,9635
1753600143182,07:09:03.182,mexc,ACE/USDT:USDT,0.5925,3041,0.5924,4015,0.5926,5401,0.5927,9635
1753600143583,07:09:03.583,mexc,ACE/USDT:USDT,0.5925,3041,0.5924,4015,0.5926,5401,0.5927,9635
1753600143681,07:09:03.681,mexc,ACE/USDT:USDT,0.5925,3041,0.5924,3201,0.5926,5401,0.5927,9635
1753600143866,07:09:03.866,mexc,ACE/USDT:USDT,0.5925,3041,0.5924,3201,0.5926,5401,0.5927,9635
1753600144203,07:09:04.203,mexc,ACE/USDT:USDT,0.5925,3041,0.5924,3282,0.5926,5401,0.5927,9635
1753600144592,07:09:04.592,mexc,ACE/USDT:USDT,0.5925,3041,0.5924,3282,0.5926,5401,0.5927,9635
1753600144681,07:09:04.681,mexc,ACE/USDT:USDT,0.5925,3041,0.5924,3579,0.5926,5401,0.5927,11748
1753600145085,07:09:05.085,mexc,ACE/USDT:USDT,0.5925,3041,0.5924,3579,0.5926,5401,0.5927,9635
1753600145181,07:09:05.181,mexc,ACE/USDT:USDT,0.5925,3041,0.5924,4617,0.5926,5401,0.5927,9635
1753600145591,07:09:05.591,mexc,ACE/USDT:USDT,0.5925,3041,0.5924,4617,0.5926,5401,0.5927,9635
1753600145682,07:09:05.682,mexc,ACE/USDT:USDT,0.5925,3041,0.5924,3598,0.5926,5401,0.5927,9635
1753600146084,07:09:06.084,mexc,ACE/USDT:USDT,0.5925,3041,0.5924,3598,0.5926,5401,0.5927,9635
1753600146187,07:09:06.187,mexc,ACE/USDT:USDT,0.5925,3041,0.5924,4222,0.5926,5401,0.5927,10771
1753600146583,07:09:06.583,mexc,ACE/USDT:USDT,0.5925,3041,0.5924,4222,0.5926,5401,0.5927,10771
1753600146681,07:09:06.681,mexc,ACE/USDT:USDT,0.5925,3041,0.5924,2903,0.5926,5401,0.5927,9635
1753600147085,07:09:07.085,mexc,ACE/USDT:USDT,0.5925,3041,0.5924,2903,0.5926,5401,0.5927,9635
1753600147182,07:09:07.182,mexc,ACE/USDT:USDT,0.5925,3041,0.5924,2903,0.5926,5401,0.5927,13556
1753600147388,07:09:07.388,mexc,ACE/USDT:USDT,0.5925,4873,0.5924,3110,0.5926,2988,0.5927,13763
1753600147681,07:09:07.681,mexc,ACE/USDT:USDT,0.5925,4873,0.5924,3110,0.5926,2988,0.5927,13763
1753600148083,07:09:08.083,mexc,ACE/USDT:USDT,0.5925,4873,0.5924,3110,0.5926,2988,0.5927,13763
1753600148183,07:09:08.183,mexc,ACE/USDT:USDT,0.5925,4873,0.5924,3110,0.5926,2988,0.5927,13763
1753600148583,07:09:08.583,mexc,ACE/USDT:USDT,0.5925,4873,0.5924,3110,0.5926,2988,0.5927,13763
1753600148683,07:09:08.683,mexc,ACE/USDT:USDT,0.5925,4873,0.5924,3110,0.5926,2988,0.5927,16993
1753600149086,07:09:09.086,mexc,ACE/USDT:USDT,0.5925,4873,0.5924,3110,0.5926,2988,0.5927,16993
1753600149183,07:09:09.183,mexc,ACE/USDT:USDT,0.5925,4873,0.5924,3110,0.5926,2988,0.5927,13763
1753600149585,07:09:09.585,mexc,ACE/USDT:USDT,0.5925,4873,0.5924,3110,0.5926,2988,0.5927,13763
1753600149684,07:09:09.684,mexc,ACE/USDT:USDT,0.5925,4873,0.5924,4145,0.5926,2988,0.5927,19660
1753600149869,07:09:09.869,mexc,ACE/USDT:USDT,0.5925,4873,0.5924,4145,0.5926,2988,0.5927,19660
1753600150205,07:09:10.205,mexc,ACE/USDT:USDT,0.5925,4873,0.5924,3110,0.5926,2988,0.5927,13763
1753600150586,07:09:10.586,mexc,ACE/USDT:USDT,0.5925,4873,0.5924,3110,0.5926,2988,0.5927,13763
1753600150683,07:09:10.683,mexc,ACE/USDT:USDT,0.5925,4873,0.5924,3110,0.5926,2988,0.5927,13763
1753600151088,07:09:11.088,mexc,ACE/USDT:USDT,0.5925,4873,0.5924,3110,0.5926,2988,0.5927,13763
1753600151184,07:09:11.184,mexc,ACE/USDT:USDT,0.5925,4873,0.5924,3110,0.5926,2988,0.5927,19296
1753600151586,07:09:11.586,mexc,ACE/USDT:USDT,0.5925,4873,0.5924,3110,0.5926,2988,0.5927,19296
1753600151683,07:09:11.683,mexc,ACE/USDT:USDT,0.5925,4873,0.5924,3110,0.5926,2988,0.5927,13763
1753600152086,07:09:12.086,mexc,ACE/USDT:USDT,0.5925,4873,0.5924,3110,0.5926,2988,0.5927,13763
1753600152190,07:09:12.190,mexc,ACE/USDT:USDT,0.5925,4873,0.5924,3110,0.5926,2988,0.5927,13763
1753600152585,07:09:12.585,mexc,ACE/USDT:USDT,0.5925,4873,0.5924,3110,0.5926,2988,0.5927,13763
1753600152690,07:09:12.690,mexc,ACE/USDT:USDT,0.5925,4873,0.5924,3487,0.5926,2988,0.5927,13763
1753600153089,07:09:13.089,mexc,ACE/USDT:USDT,0.5925,4873,0.5924,3487,0.5926,2988,0.5927,13763
1753600153190,07:09:13.190,mexc,ACE/USDT:USDT,0.5925,4873,0.5924,4584,0.5926,2988,0.5927,16496
1753600153383,07:09:13.383,mexc,ACE/USDT:USDT,0.5926,2680,0.5925,7018,0.5927,2986,0.5928,16462
1753600153691,07:09:13.691,mexc,ACE/USDT:USDT,0.5926,2680,0.5925,7018,0.5927,2986,0.5928,19401
1753600154086,07:09:14.086,mexc,ACE/USDT:USDT,0.5926,2680,0.5925,7018,0.5927,2986,0.5928,16462
1753600154262,07:09:14.262,mexc,ACE/USDT:USDT,0.5926,2680,0.5925,7018,0.5927,2986,0.5928,16462
1753600154663,07:09:14.663,mexc,ACE/USDT:USDT,0.5926,2680,0.5925,7018,0.5927,2986,0.5928,16462
1753600154761,07:09:14.761,mexc,ACE/USDT:USDT,0.5926,2680,0.5925,9444,0.5927,2986,0.5928,16462
1753600155088,07:09:15.088,mexc,ACE/USDT:USDT,0.5926,2680,0.5925,9444,0.5927,2986,0.5928,16462
1753600155285,07:09:15.285,mexc,ACE/USDT:USDT,0.5926,2680,0.5925,9730,0.5927,2986,0.5928,16462
1753600155293,07:09:15.293,mexc,ACE/USDT:USDT,0.5926,2680,0.5925,9730,0.5927,2986,0.5928,16462
1753600155764,07:09:15.764,mexc,ACE/USDT:USDT,0.5926,2680,0.5925,9248,0.5927,2986,0.5928,16462
1753600155871,07:09:15.871,mexc,ACE/USDT:USDT,0.5926,2680,0.5925,11027,0.5927,2986,0.5928,16462
1753600156167,07:09:16.167,mexc,ACE/USDT:USDT,0.5926,2680,0.5925,8797,0.5927,2986,0.5928,16462
1753600156264,07:09:16.264,mexc,ACE/USDT:USDT,0.5926,2680,0.5925,10446,0.5927,2986,0.5928,16462
1753600156588,07:09:16.588,mexc,ACE/USDT:USDT,0.5926,2680,0.5925,10446,0.5927,2986,0.5928,16462
1753600156764,07:09:16.764,mexc,ACE/USDT:USDT,0.5926,2680,0.5925,7018,0.5927,2986,0.5928,24017
1753600157088,07:09:17.088,mexc,ACE/USDT:USDT,0.5926,2680,0.5925,7018,0.5927,2986,0.5928,16462
1753600157264,07:09:17.264,mexc,ACE/USDT:USDT,0.5926,2680,0.5925,7917,0.5927,2986,0.5928,16462
1753600157589,07:09:17.589,mexc,ACE/USDT:USDT,0.5926,2680,0.5925,7917,0.5927,2986,0.5928,16462
1753600157764,07:09:17.764,mexc,ACE/USDT:USDT,0.5926,2680,0.5925,8017,0.5927,2986,0.5928,16462
1753600158087,07:09:18.087,mexc,ACE/USDT:USDT,0.5926,2680,0.5925,8017,0.5927,2986,0.5928,16462
1753600158265,07:09:18.265,mexc,ACE/USDT:USDT,0.5926,2680,0.5925,7018,0.5927,2986,0.5928,16462
1753600158591,07:09:18.591,mexc,ACE/USDT:USDT,0.5926,2680,0.5925,7018,0.5927,2986,0.5928,16462
1753600158765,07:09:18.765,mexc,ACE/USDT:USDT,0.5926,2680,0.5925,9687,0.5927,2986,0.5928,16462
1753600159090,07:09:19.090,mexc,ACE/USDT:USDT,0.5926,2680,0.5925,9687,0.5927,2986,0.5928,16462
1753600159265,07:09:19.265,mexc,ACE/USDT:USDT,0.5926,2680,0.5925,8818,0.5927,2986,0.5928,16462
1753600159385,07:09:19.385,mexc,ACE/USDT:USDT,0.5924,2672,0.5923,2626,0.5925,5279,0.5926,6727
1753600159765,07:09:19.765,mexc,ACE/USDT:USDT,0.5924,2672,0.5923,2626,0.5925,5279,0.5926,6727
1753600160089,07:09:20.089,mexc,ACE/USDT:USDT,0.5924,2672,0.5923,2626,0.5925,5279,0.5926,6727
1753600160268,07:09:20.268,mexc,ACE/USDT:USDT,0.5924,2672,0.5923,2626,0.5925,5279,0.5926,9251
1753600160588,07:09:20.588,mexc,ACE/USDT:USDT,0.5924,2672,0.5923,2626,0.5925,5279,0.5926,8287
1753600160766,07:09:20.766,mexc,ACE/USDT:USDT,0.5924,2672,0.5923,2626,0.5925,5279,0.5926,10707
1753600161091,07:09:21.091,mexc,ACE/USDT:USDT,0.5924,2672,0.5923,2626,0.5925,5279,0.5926,9213
1753600161285,07:09:21.285,mexc,ACE/USDT:USDT,0.5924,2672,0.5923,3330,0.5925,5279,0.5926,6727
1753600161328,07:09:21.328,mexc,ACE/USDT:USDT,0.5924,2672,0.5923,3330,0.5925,5279,0.5926,6727
1753600161767,07:09:21.767,mexc,ACE/USDT:USDT,0.5924,2672,0.5923,2626,0.5925,5279,0.5926,9949
1753600161870,07:09:21.870,mexc,ACE/USDT:USDT,0.5924,2672,0.5923,2626,0.5925,5279,0.5926,9949
1753600162185,07:09:22.185,mexc,ACE/USDT:USDT,0.5921,9788,0.592,23594,0.5922,5819,0.5923,2728
1753600162268,07:09:22.268,mexc,ACE/USDT:USDT,0.5921,9788,0.592,28550,0.5922,5819,0.5923,2728
1753600162591,07:09:22.591,mexc,ACE/USDT:USDT,0.5921,9788,0.592,28550,0.5922,5819,0.5923,2728
1753600162767,07:09:22.767,mexc,ACE/USDT:USDT,0.5921,9788,0.592,23594,0.5922,5819,0.5923,2728
1753600163093,07:09:23.093,mexc,ACE/USDT:USDT,0.5921,9788,0.592,23594,0.5922,5819,0.5923,2728
1753600163267,07:09:23.267,mexc,ACE/USDT:USDT,0.5921,9788,0.592,27919,0.5922,5819,0.5923,3758
1753600163591,07:09:23.591,mexc,ACE/USDT:USDT,0.5921,9788,0.592,27919,0.5922,5819,0.5923,3758
1753600163766,07:09:23.766,mexc,ACE/USDT:USDT,0.5921,9788,0.592,23594,0.5922,5819,0.5923,2728
1753600164092,07:09:24.092,mexc,ACE/USDT:USDT,0.5921,9788,0.592,23594,0.5922,5819,0.5923,2728
1753600164267,07:09:24.267,mexc,ACE/USDT:USDT,0.5921,9788,0.592,23594,0.5922,5819,0.5923,2728
1753600164592,07:09:24.592,mexc,ACE/USDT:USDT,0.5921,9788,0.592,23594,0.5922,5819,0.5923,2728
1753600164767,07:09:24.767,mexc,ACE/USDT:USDT,0.5921,9788,0.592,26465,0.5922,5819,0.5923,3127
1753600165093,07:09:25.093,mexc,ACE/USDT:USDT,0.5921,9788,0.592,26465,0.5922,5819,0.5923,3127
1753600165267,07:09:25.267,mexc,ACE/USDT:USDT,0.5921,9788,0.592,29468,0.5922,5819,0.5923,2728
1753600165594,07:09:25.594,mexc,ACE/USDT:USDT,0.5921,9788,0.592,29468,0.5922,5819,0.5923,2728
1753600165767,07:09:25.767,mexc,ACE/USDT:USDT,0.5921,9788,0.592,23594,0.5922,5819,0.5923,3542
1753600166162,07:09:26.162,mexc,ACE/USDT:USDT,0.5921,9788,0.592,23594,0.5922,5819,0.5923,2728
1753600166268,07:09:26.268,mexc,ACE/USDT:USDT,0.5921,9788,0.592,30037,0.5922,5819,0.5923,3347
1753600166593,07:09:26.593,mexc,ACE/USDT:USDT,0.5921,9788,0.592,30037,0.5922,5819,0.5923,2728
1753600166769,07:09:26.769,mexc,ACE/USDT:USDT,0.5921,9788,0.592,23594,0.5922,5819,0.5923,2728
1753600167095,07:09:27.095,mexc,ACE/USDT:USDT,0.5921,9788,0.592,23594,0.5922,5819,0.5923,2728
1753600167289,07:09:27.289,mexc,ACE/USDT:USDT,0.5921,9788,0.592,23594,0.5922,5819,0.5923,2728
1753600167385,07:09:27.385,mexc,ACE/USDT:USDT,0.592,4164,0.5919,2875,0.5921,4153,0.5922,5006
1753600167767,07:09:27.767,mexc,ACE/USDT:USDT,0.592,4164,0.5919,3834,0.5921,4153,0.5922,5006
1753600167873,07:09:27.873,mexc,ACE/USDT:USDT,0.592,4164,0.5919,3834,0.5921,4153,0.5922,5006
1753600168172,07:09:28.172,mexc,ACE/USDT:USDT,0.592,4164,0.5919,2875,0.5921,4153,0.5922,5006
1753600168268,07:09:28.268,mexc,ACE/USDT:USDT,0.592,4164,0.5919,2875,0.5921,4153,0.5922,6171
1753600168596,07:09:28.596,mexc,ACE/USDT:USDT,0.592,4164,0.5919,2875,0.5921,4153,0.5922,5006
1753600168768,07:09:28.768,mexc,ACE/USDT:USDT,0.592,4164,0.5919,2875,0.5921,4153,0.5922,5006
1753600169095,07:09:29.095,mexc,ACE/USDT:USDT,0.592,4164,0.5919,2875,0.5921,4153,0.5922,5006
1753600169269,07:09:29.269,mexc,ACE/USDT:USDT,0.592,4164,0.5919,2875,0.5921,4153,0.5922,5777
1753600169596,07:09:29.596,mexc,ACE/USDT:USDT,0.592,4164,0.5919,2875,0.5921,4153,0.5922,5777
1753600169771,07:09:29.771,mexc,ACE/USDT:USDT,0.592,4164,0.5919,3589,0.5921,4153,0.5922,7456
1753600170095,07:09:30.095,mexc,ACE/USDT:USDT,0.592,4164,0.5919,3589,0.5921,4153,0.5922,7456
1753600170270,07:09:30.270,mexc,ACE/USDT:USDT,0.592,4164,0.5919,2875,0.5921,4153,0.5922,7073
1753600170596,07:09:30.596,mexc,ACE/USDT:USDT,0.592,4164,0.5919,2875,0.5921,4153,0.5922,5006
1753600170771,07:09:30.771,mexc,ACE/USDT:USDT,0.592,4164,0.5919,3203,0.5921,4153,0.5922,5006
1753600171095,07:09:31.095,mexc,ACE/USDT:USDT,0.592,4164,0.5919,3203,0.5921,4153,0.5922,5006
1753600171271,07:09:31.271,mexc,ACE/USDT:USDT,0.592,4164,0.5919,2875,0.5921,4153,0.5922,5006
1753600171595,07:09:31.595,mexc,ACE/USDT:USDT,0.592,4164,0.5919,2875,0.5921,4153,0.5922,5006
1753600171772,07:09:31.772,mexc,ACE/USDT:USDT,0.592,4164,0.5919,3187,0.5921,4153,0.5922,5006
1753600172096,07:09:32.096,mexc,ACE/USDT:USDT,0.592,4164,0.5919,3187,0.5921,4153,0.5922,5006
1753600172273,07:09:32.273,mexc,ACE/USDT:USDT,0.592,4164,0.5919,3743,0.5921,4153,0.5922,7116
1753600172598,07:09:32.598,mexc,ACE/USDT:USDT,0.592,4164,0.5919,3743,0.5921,4153,0.5922,7116
1753600172771,07:09:32.771,mexc,ACE/USDT:USDT,0.592,4164,0.5919,4192,0.5921,4153,0.5922,7487
1753600173098,07:09:33.098,mexc,ACE/USDT:USDT,0.592,4164,0.5919,4192,0.5921,4153,0.5922,7487
1753600173292,07:09:33.292,mexc,ACE/USDT:USDT,0.592,4164,0.5919,2875,0.5921,4153,0.5922,6791
1753600173386,07:09:33.386,mexc,ACE/USDT:USDT,0.5919,4149,0.5918,4278,0.592,2992,0.5921,6118
1753600173771,07:09:33.771,mexc,ACE/USDT:USDT,0.5919,4149,0.5918,4278,0.592,2992,0.5921,6118
1753600174098,07:09:34.098,mexc,ACE/USDT:USDT,0.5919,4149,0.5918,4278,0.592,2992,0.5921,6118
1753600174271,07:09:34.271,mexc,ACE/USDT:USDT,0.5919,4149,0.5918,4278,0.592,2992,0.5921,6118
1753600174599,07:09:34.599,mexc,ACE/USDT:USDT,0.5919,4149,0.5918,4278,0.592,2992,0.5921,6118
1753600174772,07:09:34.772,mexc,ACE/USDT:USDT,0.5919,4149,0.5918,6168,0.592,2992,0.5921,6118
1753600175097,07:09:35.097,mexc,ACE/USDT:USDT,0.5919,4149,0.5918,6168,0.592,2992,0.5921,6118
1753600175271,07:09:35.271,mexc,ACE/USDT:USDT,0.5919,4149,0.5918,4278,0.592,2992,0.5921,6118
1753600175598,07:09:35.598,mexc,ACE/USDT:USDT,0.5919,4149,0.5918,4278,0.592,2992,0.5921,6118
1753600175771,07:09:35.771,mexc,ACE/USDT:USDT,0.5919,4149,0.5918,4949,0.592,2992,0.5921,6118
1753600176099,07:09:36.099,mexc,ACE/USDT:USDT,0.5919,4149,0.5918,4949,0.592,2992,0.5921,6118
1753600176273,07:09:36.273,mexc,ACE/USDT:USDT,0.5919,4149,0.5918,4278,0.592,2992,0.5921,6118
1753600176597,07:09:36.597,mexc,ACE/USDT:USDT,0.5919,4149,0.5918,4278,0.592,2992,0.5921,6118
1753600176773,07:09:36.773,mexc,ACE/USDT:USDT,0.5919,4149,0.5918,6244,0.592,2992,0.5921,9519
1753600177099,07:09:37.099,mexc,ACE/USDT:USDT,0.5919,4149,0.5918,6244,0.592,2992,0.5921,8834
1753600177274,07:09:37.274,mexc,ACE/USDT:USDT,0.5919,4149,0.5918,5321,0.592,2992,0.5921,6118
1753600177600,07:09:37.600,mexc,ACE/USDT:USDT,0.5919,4149,0.5918,5321,0.592,2992,0.5921,6118
1753600177773,07:09:37.773,mexc,ACE/USDT:USDT,0.5919,4149,0.5918,5174,0.592,2992,0.5921,6118
1753600178100,07:09:38.100,mexc,ACE/USDT:USDT,0.5919,4149,0.5918,5174,0.592,2992,0.5921,6118
1753600178273,07:09:38.273,mexc,ACE/USDT:USDT,0.5919,4149,0.5918,5934,0.592,2992,0.5921,7090
1753600178606,07:09:38.606,mexc,ACE/USDT:USDT,0.5919,4149,0.5918,5934,0.592,2992,0.5921,7090
1753600178773,07:09:38.773,mexc,ACE/USDT:USDT,0.5919,4149,0.5918,5158,0.592,2992,0.5921,7982
1753600179105,07:09:39.105,mexc,ACE/USDT:USDT,0.5919,4149,0.5918,5158,0.592,2992,0.5921,7982
1753600179304,07:09:39.304,mexc,ACE/USDT:USDT,0.5919,4149,0.5918,4278,0.592,2992,0.5921,7385
1753600179388,07:09:39.388,mexc,ACE/USDT:USDT,0.592,4293,0.5919,4741,0.5921,2989,0.5922,3733
1753600179779,07:09:39.779,mexc,ACE/USDT:USDT,0.592,4293,0.5919,4741,0.5921,2989,0.5922,3733
1753600179928,07:09:39.928,mexc,ACE/USDT:USDT,0.592,4293,0.5919,4741,0.5921,2989,0.5922,3733
1753600180198,07:09:40.198,mexc,ACE/USDT:USDT,0.592,4293,0.5919,4741,0.5921,2989,0.5922,4466
1753600180275,07:09:40.275,mexc,ACE/USDT:USDT,0.592,4293,0.5919,5937,0.5921,2989,0.5922,4466
1753600180609,07:09:40.609,mexc,ACE/USDT:USDT,0.592,4293,0.5919,5937,0.5921,2989,0.5922,3733
1753600180775,07:09:40.775,mexc,ACE/USDT:USDT,0.592,4293,0.5919,4741,0.5921,2989,0.5922,3733
1753600181102,07:09:41.102,mexc,ACE/USDT:USDT,0.592,4293,0.5919,4741,0.5921,2989,0.5922,3733
1753600181275,07:09:41.275,mexc,ACE/USDT:USDT,0.592,4293,0.5919,8129,0.5921,2989,0.5922,4362
1753600181603,07:09:41.603,mexc,ACE/USDT:USDT,0.592,4293,0.5919,8129,0.5921,2989,0.5922,4362
1753600181774,07:09:41.774,mexc,ACE/USDT:USDT,0.592,4293,0.5919,4741,0.5921,2989,0.5922,4829
1753600182103,07:09:42.103,mexc,ACE/USDT:USDT,0.592,4293,0.5919,4741,0.5921,2989,0.5922,4829
1753600182275,07:09:42.275,mexc,ACE/USDT:USDT,0.592,4293,0.5919,4741,0.5921,2989,0.5922,4225
1753600182605,07:09:42.605,mexc,ACE/USDT:USDT,0.592,4293,0.5919,4741,0.5921,2989,0.5922,4225
1753600182775,07:09:42.775,mexc,ACE/USDT:USDT,0.592,4293,0.5919,4741,0.5921,2989,0.5922,3733
1753600183103,07:09:43.103,mexc,ACE/USDT:USDT,0.592,4293,0.5919,4741,0.5921,2989,0.5922,3733
1753600183275,07:09:43.275,mexc,ACE/USDT:USDT,0.592,4293,0.5919,4741,0.5921,2989,0.5922,3733
1753600183604,07:09:43.604,mexc,ACE/USDT:USDT,0.592,4293,0.5919,4741,0.5921,2989,0.5922,3733
1753600183775,07:09:43.775,mexc,ACE/USDT:USDT,0.592,4293,0.5919,6676,0.5921,2989,0.5922,5013
1753600184104,07:09:44.104,mexc,ACE/USDT:USDT,0.592,4293,0.5919,6676,0.5921,2989,0.5922,3733
1753600184276,07:09:44.276,mexc,ACE/USDT:USDT,0.592,4293,0.5919,5395,0.5921,2989,0.5922,5253
1753600184604,07:09:44.604,mexc,ACE/USDT:USDT,0.592,4293,0.5919,5395,0.5921,2989,0.5922,5253
1753600184776,07:09:44.776,mexc,ACE/USDT:USDT,0.592,4293,0.5919,8382,0.5921,2989,0.5922,4729
1753600185105,07:09:45.105,mexc,ACE/USDT:USDT,0.592,4293,0.5919,8382,0.5921,2989,0.5922,3733
1753600185276,07:09:45.276,mexc,ACE/USDT:USDT,0.592,4293,0.5919,4741,0.5921,2989,0.5922,3733
1753600185390,07:09:45.390,mexc,ACE/USDT:USDT,0.592,3038,0.5919,4458,0.5921,2584,0.5922,9493
1753600185777,07:09:45.777,mexc,ACE/USDT:USDT,0.592,3038,0.5919,4458,0.5921,2584,0.5922,9493
1753600185928,07:09:45.928,mexc,ACE/USDT:USDT,0.592,3038,0.5919,5958,0.5921,2584,0.5922,9493
1753600186180,07:09:46.180,mexc,ACE/USDT:USDT,0.592,3038,0.5919,5958,0.5921,2584,0.5922,9493
1753600186277,07:09:46.277,mexc,ACE/USDT:USDT,0.592,3038,0.5919,4458,0.5921,2584,0.5922,9493
1753600186604,07:09:46.604,mexc,ACE/USDT:USDT,0.592,3038,0.5919,4458,0.5921,2584,0.5922,9493
1753600186777,07:09:46.777,mexc,ACE/USDT:USDT,0.592,3038,0.5919,4458,0.5921,2584,0.5922,9493
1753600187102,07:09:47.102,mexc,ACE/USDT:USDT,0.592,3038,0.5919,4458,0.5921,2584,0.5922,9493
1753600187279,07:09:47.279,mexc,ACE/USDT:USDT,0.592,3038,0.5919,4458,0.5921,2584,0.5922,10473
1753600187605,07:09:47.605,mexc,ACE/USDT:USDT,0.592,3038,0.5919,4458,0.5921,2584,0.5922,10473
1753600187777,07:09:47.777,mexc,ACE/USDT:USDT,0.592,3038,0.5919,6534,0.5921,2584,0.5922,9493
1753600188105,07:09:48.105,mexc,ACE/USDT:USDT,0.592,3038,0.5919,6534,0.5921,2584,0.5922,9493
1753600188280,07:09:48.280,mexc,ACE/USDT:USDT,0.592,3038,0.5919,4458,0.5921,2584,0.5922,13892
1753600188606,07:09:48.606,mexc,ACE/USDT:USDT,0.592,3038,0.5919,4458,0.5921,2584,0.5922,13892
1753600188779,07:09:48.779,mexc,ACE/USDT:USDT,0.592,3038,0.5919,4458,0.5921,2584,0.5922,9493
1753600189107,07:09:49.107,mexc,ACE/USDT:USDT,0.592,3038,0.5919,4458,0.5921,2584,0.5922,9493
1753600189285,07:09:49.285,mexc,ACE/USDT:USDT,0.592,3038,0.5919,6217,0.5921,2584,0.5922,9493
1753600189607,07:09:49.607,mexc,ACE/USDT:USDT,0.592,3038,0.5919,6217,0.5921,2584,0.5922,9493
1753600189778,07:09:49.778,mexc,ACE/USDT:USDT,0.592,3038,0.5919,6601,0.5921,2584,0.5922,16079
1753600190166,07:09:50.166,mexc,ACE/USDT:USDT,0.592,3038,0.5919,6601,0.5921,2584,0.5922,13210
1753600190280,07:09:50.280,mexc,ACE/USDT:USDT,0.592,3038,0.5919,6127,0.5921,2584,0.5922,9493
1753600190607,07:09:50.607,mexc,ACE/USDT:USDT,0.592,3038,0.5919,6127,0.5921,2584,0.5922,9493
1753600190778,07:09:50.778,mexc,ACE/USDT:USDT,0.592,3038,0.5919,6860,0.5921,2584,0.5922,9493
1753600191107,07:09:51.107,mexc,ACE/USDT:USDT,0.592,3038,0.5919,6860,0.5921,2584,0.5922,9493
1753600191281,07:09:51.281,mexc,ACE/USDT:USDT,0.592,3038,0.5919,4458,0.5921,2584,0.5922,12264
1753600191396,07:09:51.396,mexc,ACE/USDT:USDT,0.592,5099,0.5919,3331,0.5921,4036,0.5922,4325
1753600191778,07:09:51.778,mexc,ACE/USDT:USDT,0.592,5099,0.5919,3331,0.5921,4036,0.5922,5797
1753600191928,07:09:51.928,mexc,ACE/USDT:USDT,0.592,5099,0.5919,3331,0.5921,4036,0.5922,5797
1753600192182,07:09:52.182,mexc,ACE/USDT:USDT,0.592,5099,0.5919,3331,0.5921,4036,0.5922,4325
1753600192278,07:09:52.278,mexc,ACE/USDT:USDT,0.5919,694,0.5918,35037,0.5921,4036,0.5922,4325
1753600192609,07:09:52.609,mexc,ACE/USDT:USDT,0.5919,694,0.5918,35037,0.5921,4036,0.5922,4325
1753600192779,07:09:52.779,mexc,ACE/USDT:USDT,0.5918,35037,0.5917,69558,0.5921,4036,0.5922,4325
1753600193107,07:09:53.107,mexc,ACE/USDT:USDT,0.5918,35037,0.5917,69558,0.5921,4036,0.5922,4325
1753600193280,07:09:53.280,mexc,ACE/USDT:USDT,0.5919,1061,0.5918,35037,0.5921,4036,0.5922,6316
1753600193609,07:09:53.609,mexc,ACE/USDT:USDT,0.5919,1061,0.5918,35037,0.5921,4036,0.5922,4325
1753600193779,07:09:53.779,mexc,ACE/USDT:USDT,0.5919,2122,0.5918,35037,0.5921,4036,0.5922,4325
1753600194110,07:09:54.110,mexc,ACE/USDT:USDT,0.5919,2122,0.5918,35037,0.5921,4036,0.5922,4325
1753600194280,07:09:54.280,mexc,ACE/USDT:USDT,0.5919,553,0.5918,41447,0.5921,4036,0.5922,6245
1753600194608,07:09:54.608,mexc,ACE/USDT:USDT,0.5919,553,0.5918,41447,0.5921,4036,0.5922,5290
1753600194778,07:09:54.778,mexc,ACE/USDT:USDT,0.5918,44993,0.5917,64351,0.5921,4036,0.5922,4325
1753600195116,07:09:55.116,mexc,ACE/USDT:USDT,0.5918,44993,0.5917,64351,0.5921,4036,0.5922,4325
1753600195280,07:09:55.280,mexc,ACE/USDT:USDT,0.5919,1042,0.5918,41117,0.5921,4036,0.5922,4325
1753600195614,07:09:55.614,mexc,ACE/USDT:USDT,0.5919,1042,0.5918,41117,0.5921,4036,0.5922,4325
1753600195780,07:09:55.780,mexc,ACE/USDT:USDT,0.5918,35037,0.5917,71819,0.5921,4036,0.5922,4325
1753600196116,07:09:56.116,mexc,ACE/USDT:USDT,0.5918,35037,0.5917,71819,0.5921,4036,0.5922,4325
1753600196281,07:09:56.281,mexc,ACE/USDT:USDT,0.5919,1125,0.5918,35037,0.5921,4036,0.5922,5920
1753600196616,07:09:56.616,mexc,ACE/USDT:USDT,0.5919,1125,0.5918,35037,0.5921,4036,0.5922,5920
1753600196781,07:09:56.781,mexc,ACE/USDT:USDT,0.5918,39152,0.5917,49158,0.5921,4036,0.5922,4325
1753600197117,07:09:57.117,mexc,ACE/USDT:USDT,0.5918,39152,0.5917,49158,0.5921,4036,0.5922,4325
1753600197281,07:09:57.281,mexc,ACE/USDT:USDT,0.5918,35037,0.5917,69036,0.5921,4036,0.5922,4325
1753600197398,07:09:57.398,mexc,ACE/USDT:USDT,0.592,5187,0.5919,3392,0.5921,3219,0.5922,9122
1753600197781,07:09:57.781,mexc,ACE/USDT:USDT,0.592,5187,0.5919,3392,0.5921,3219,0.5922,13647
1753600197929,07:09:57.929,mexc,ACE/USDT:USDT,0.592,5187,0.5919,3392,0.5921,3219,0.5922,13647
1753600198185,07:09:58.185,mexc,ACE/USDT:USDT,0.592,5187,0.5919,3392,0.5921,3219,0.5922,9122
1753600198282,07:09:58.282,mexc,ACE/USDT:USDT,0.592,5187,0.5919,5603,0.5921,3219,0.5922,9122
1753600198668,07:09:58.668,mexc,ACE/USDT:USDT,0.592,5187,0.5919,5603,0.5921,3219,0.5922,9122
1753600198782,07:09:58.782,mexc,ACE/USDT:USDT,0.592,5187,0.5919,3392,0.5921,3219,0.5922,9122
1753600199165,07:09:59.165,mexc,ACE/USDT:USDT,0.592,5187,0.5919,3392,0.5921,3219,0.5922,9122
1753600199282,07:09:59.282,mexc,ACE/USDT:USDT,0.592,5187,0.5919,3392,0.5921,3219,0.5922,13537
1753600199668,07:09:59.668,mexc,ACE/USDT:USDT,0.592,5187,0.5919,3392,0.5921,3219,0.5922,9122
1753600199783,07:09:59.783,mexc,ACE/USDT:USDT,0.592,5187,0.5919,3392,0.5921,3219,0.5922,9122
1753600200169,07:10:00.169,mexc,ACE/USDT:USDT,0.592,5187,0.5919,3392,0.5921,3219,0.5922,9122
1753600200283,07:10:00.283,mexc,ACE/USDT:USDT,0.592,5187,0.5919,3392,0.5921,3219,0.5922,11519
1753600200666,07:10:00.666,mexc,ACE/USDT:USDT,0.592,5187,0.5919,3392,0.5921,3219,0.5922,9122
1753600200782,07:10:00.782,mexc,ACE/USDT:USDT,0.592,5187,0.5919,3392,0.5921,3219,0.5922,9122
1753600201166,07:10:01.166,mexc,ACE/USDT:USDT,0.592,5187,0.5919,3392,0.5921,3219,0.5922,9122
1753600201282,07:10:01.282,mexc,ACE/USDT:USDT,0.592,5187,0.5919,5597,0.5921,3219,0.5922,10465
1753600201668,07:10:01.668,mexc,ACE/USDT:USDT,0.592,5187,0.5919,5597,0.5921,3219,0.5922,9122
1753600201782,07:10:01.782,mexc,ACE/USDT:USDT,0.592,5187,0.5919,3392,0.5921,3219,0.5922,12177
1753600202170,07:10:02.170,mexc,ACE/USDT:USDT,0.592,5187,0.5919,3392,0.5921,3219,0.5922,10475
1753600202284,07:10:02.284,mexc,ACE/USDT:USDT,0.592,5187,0.5919,4492,0.5921,3219,0.5922,17027
1753600202669,07:10:02.669,mexc,ACE/USDT:USDT,0.592,5187,0.5919,4492,0.5921,3219,0.5922,13101
1753600202788,07:10:02.788,mexc,ACE/USDT:USDT,0.592,5187,0.5919,4280,0.5921,3219,0.5922,9122
1753600203175,07:10:03.175,mexc,ACE/USDT:USDT,0.592,5187,0.5919,4280,0.5921,3219,0.5922,9122
1753600203284,07:10:03.284,mexc,ACE/USDT:USDT,0.592,5187,0.5919,4391,0.5921,3219,0.5922,9122
1753600203401,07:10:03.401,mexc,ACE/USDT:USDT,0.592,5070,0.5919,2891,0.5921,3234,0.5922,18949
1753600203919,07:10:03.919,mexc,ACE/USDT:USDT,0.592,5070,0.5919,3977,0.5921,3234,0.5922,22514
1753600203930,07:10:03.930,mexc,ACE/USDT:USDT,0.592,5070,0.5919,3977,0.5921,3234,0.5922,22514
1753600204293,07:10:04.293,mexc,ACE/USDT:USDT,0.592,5070,0.5919,2891,0.5921,3234,0.5922,24496
1753600204673,07:10:04.673,mexc,ACE/USDT:USDT,0.592,5070,0.5919,2891,0.5921,3234,0.5922,24496
1753600204787,07:10:04.787,mexc,ACE/USDT:USDT,0.592,5070,0.5919,4328,0.5921,3234,0.5922,18949
1753600205170,07:10:05.170,mexc,ACE/USDT:USDT,0.592,5070,0.5919,4328,0.5921,3234,0.5922,18949
1753600205287,07:10:05.287,mexc,ACE/USDT:USDT,0.592,5070,0.5919,2891,0.5921,3234,0.5922,24527
1753600205670,07:10:05.670,mexc,ACE/USDT:USDT,0.592,5070,0.5919,2891,0.5921,3234,0.5922,24527
1753600205788,07:10:05.788,mexc,ACE/USDT:USDT,0.592,5070,0.5919,4197,0.5921,3234,0.5922,18949
1753600206171,07:10:06.171,mexc,ACE/USDT:USDT,0.592,5070,0.5919,4197,0.5921,3234,0.5922,18949
1753600206289,07:10:06.289,mexc,ACE/USDT:USDT,0.592,5070,0.5919,3459,0.5921,3234,0.5922,27989
1753600206671,07:10:06.671,mexc,ACE/USDT:USDT,0.592,5070,0.5919,3459,0.5921,3234,0.5922,27989
1753600206787,07:10:06.787,mexc,ACE/USDT:USDT,0.592,5070,0.5919,2891,0.5921,3234,0.5922,28205
1753600207171,07:10:07.171,mexc,ACE/USDT:USDT,0.592,5070,0.5919,2891,0.5921,3234,0.5922,23556
1753600207286,07:10:07.286,mexc,ACE/USDT:USDT,0.592,5070,0.5919,2891,0.5921,3234,0.5922,28350
1753600207672,07:10:07.672,mexc,ACE/USDT:USDT,0.592,5070,0.5919,2891,0.5921,3234,0.5922,22658
1753600207787,07:10:07.787,mexc,ACE/USDT:USDT,0.592,5070,0.5919,2891,0.5921,3234,0.5922,23116
1753600208174,07:10:08.174,mexc,ACE/USDT:USDT,0.592,5070,0.5919,2891,0.5921,3234,0.5922,18949
1753600208286,07:10:08.286,mexc,ACE/USDT:USDT,0.592,5070,0.5919,3327,0.5921,3234,0.5922,27756
1753600208675,07:10:08.675,mexc,ACE/USDT:USDT,0.592,5070,0.5919,3327,0.5921,3234,0.5922,18949
1753600208788,07:10:08.788,mexc,ACE/USDT:USDT,0.592,5070,0.5919,2891,0.5921,3234,0.5922,18949
1753600209174,07:10:09.174,mexc,ACE/USDT:USDT,0.592,5070,0.5919,2891,0.5921,3234,0.5922,18949
1753600209287,07:10:09.287,mexc,ACE/USDT:USDT,0.592,5070,0.5919,3243,0.5921,3234,0.5922,23269
1753600209404,07:10:09.404,mexc,ACE/USDT:USDT,0.592,5530,0.5919,4777,0.5921,2663,0.5922,9746
1753600209788,07:10:09.788,mexc,ACE/USDT:USDT,0.592,5530,0.5919,4777,0.5921,2663,0.5922,11624
1753600209932,07:10:09.932,mexc,ACE/USDT:USDT,0.592,5530,0.5919,7162,0.5921,2663,0.5922,11624
1753600210191,07:10:10.191,mexc,ACE/USDT:USDT,0.592,5530,0.5919,7162,0.5921,2663,0.5922,9746
1753600210291,07:10:10.291,mexc,ACE/USDT:USDT,0.592,5530,0.5919,4777,0.5921,2663,0.5922,9746
1753600210679,07:10:10.679,mexc,ACE/USDT:USDT,0.592,5530,0.5919,4777,0.5921,2663,0.5922,9746
1753600210789,07:10:10.789,mexc,ACE/USDT:USDT,0.592,5530,0.5919,4777,0.5921,2663,0.5922,9746
1753600211183,07:10:11.183,mexc,ACE/USDT:USDT,0.592,5530,0.5919,4777,0.5921,2663,0.5922,9746
1753600211292,07:10:11.292,mexc,ACE/USDT:USDT,0.592,5530,0.5919,4777,0.5921,2663,0.5922,9746
1753600211678,07:10:11.678,mexc,ACE/USDT:USDT,0.592,5530,0.5919,4777,0.5921,2663,0.5922,9746
1753600211790,07:10:11.790,mexc,ACE/USDT:USDT,0.592,5530,0.5919,6453,0.5921,2663,0.5922,12656
1753600212177,07:10:12.177,mexc,ACE/USDT:USDT,0.592,5530,0.5919,6453,0.5921,2663,0.5922,9746
1753600212293,07:10:12.293,mexc,ACE/USDT:USDT,0.592,5530,0.5919,4777,0.5921,2663,0.5922,9746
1753600212677,07:10:12.677,mexc,ACE/USDT:USDT,0.592,5530,0.5919,4777,0.5921,2663,0.5922,9746
1753600212790,07:10:12.790,mexc,ACE/USDT:USDT,0.592,5530,0.5919,6780,0.5921,2663,0.5922,9746
1753600213180,07:10:13.180,mexc,ACE/USDT:USDT,0.592,5530,0.5919,6780,0.5921,2663,0.5922,9746
1753600213291,07:10:13.291,mexc,ACE/USDT:USDT,0.592,5530,0.5919,7172,0.5921,2663,0.5922,13311
1753600213677,07:10:13.677,mexc,ACE/USDT:USDT,0.592,5530,0.5919,7172,0.5921,2663,0.5922,13311
1753600213789,07:10:13.789,mexc,ACE/USDT:USDT,0.592,5530,0.5919,7061,0.5921,2663,0.5922,9746
1753600214179,07:10:14.179,mexc,ACE/USDT:USDT,0.592,5530,0.5919,7061,0.5921,2663,0.5922,9746
1753600214291,07:10:14.291,mexc,ACE/USDT:USDT,0.592,5530,0.5919,7624,0.5921,2663,0.5922,9746
1753600214492,07:10:14.492,mexc,ACE/USDT:USDT,0.592,5530,0.5919,7624,0.5921,2663,0.5922,9746
1753600214789,07:10:14.789,mexc,ACE/USDT:USDT,0.592,5530,0.5919,4777,0.5921,2663,0.5922,9746
1753600215179,07:10:15.179,mexc,ACE/USDT:USDT,0.592,5530,0.5919,4777,0.5921,2663,0.5922,9746
1753600215290,07:10:15.290,mexc,ACE/USDT:USDT,0.592,5530,0.5919,4777,0.5921,2663,0.5922,9746
1753600215395,07:10:15.395,mexc,ACE/USDT:USDT,0.5919,14678,0.5918,7405,0.592,7145,0.5921,11114
1753600215790,07:10:15.790,mexc,ACE/USDT:USDT,0.5919,14678,0.5918,10635,0.592,7145,0.5921,16088
1753600215935,07:10:15.935,mexc,ACE/USDT:USDT,0.5919,14678,0.5918,10635,0.592,7145,0.5921,16088
1753600216194,07:10:16.194,mexc,ACE/USDT:USDT,0.5917,11451,0.5916,19191,0.592,7145,0.5921,11114
1753600216291,07:10:16.291,mexc,ACE/USDT:USDT,0.5918,2746,0.5917,11451,0.592,7145,0.5921,11114
1753600216678,07:10:16.678,mexc,ACE/USDT:USDT,0.5918,2746,0.5917,11451,0.592,7145,0.5921,11114
1753600216791,07:10:16.791,mexc,ACE/USDT:USDT,0.5917,11451,0.5916,30550,0.592,7145,0.5921,16117
1753600217185,07:10:17.185,mexc,ACE/USDT:USDT,0.5917,11451,0.5916,30550,0.592,7145,0.5921,16117
1753600217291,07:10:17.291,mexc,ACE/USDT:USDT,0.5918,1731,0.5917,11451,0.592,7145,0.5921,11114
1753600217680,07:10:17.680,mexc,ACE/USDT:USDT,0.5918,1731,0.5917,11451,0.592,7145,0.5921,11114
1753600217791,07:10:17.791,mexc,ACE/USDT:USDT,0.5917,11451,0.5916,19191,0.592,7145,0.5921,12528
1753600218188,07:10:18.188,mexc,ACE/USDT:USDT,0.5917,11451,0.5916,19191,0.592,7145,0.5921,12528
1753600218292,07:10:18.292,mexc,ACE/USDT:USDT,0.5917,18585,0.5916,19191,0.592,7145,0.5921,11114
1753600218679,07:10:18.679,mexc,ACE/USDT:USDT,0.5917,18585,0.5916,19191,0.592,7145,0.5921,11114
1753600218791,07:10:18.791,mexc,ACE/USDT:USDT,0.5918,2566,0.5917,13695,0.592,7145,0.5921,11114
1753600219185,07:10:19.185,mexc,ACE/USDT:USDT,0.5918,2566,0.5917,13695,0.592,7145,0.5921,11114
1753600219294,07:10:19.294,mexc,ACE/USDT:USDT,0.5917,12877,0.5916,25078,0.592,7145,0.5921,11114
1753600219680,07:10:19.680,mexc,ACE/USDT:USDT,0.5917,12877,0.5916,25078,0.592,7145,0.5921,11114
1753600219793,07:10:19.793,mexc,ACE/USDT:USDT,0.5917,11451,0.5916,24241,0.592,7145,0.5921,12779
1753600220180,07:10:20.180,mexc,ACE/USDT:USDT,0.5917,11451,0.5916,24241,0.592,7145,0.5921,12779
1753600220293,07:10:20.293,mexc,ACE/USDT:USDT,0.5918,980,0.5917,11451,0.592,7145,0.5921,11114
1753600220493,07:10:20.493,mexc,ACE/USDT:USDT,0.5918,980,0.5917,11451,0.592,7145,0.5921,11114
1753600220794,07:10:20.794,mexc,ACE/USDT:USDT,0.5918,3499,0.5917,14715,0.592,7145,0.5921,13932
1753600221186,07:10:21.186,mexc,ACE/USDT:USDT,0.5918,3499,0.5917,14715,0.592,7145,0.5921,13932
1753600221384,07:10:21.384,mexc,ACE/USDT:USDT,0.5918,1299,0.5917,14719,0.592,7145,0.5921,18593
1753600221394,07:10:21.394,mexc,ACE/USDT:USDT,0.592,4944,0.5919,3528,0.5921,4377,0.5922,8763
1753600221794,07:10:21.794,mexc,ACE/USDT:USDT,0.592,4944,0.5919,3528,0.5921,4377,0.5922,8763
1753600221936,07:10:21.936,mexc,ACE/USDT:USDT,0.592,4944,0.5919,4134,0.5921,4377,0.5922,8763
1753600222199,07:10:22.199,mexc,ACE/USDT:USDT,0.592,4944,0.5919,4134,0.5921,4377,0.5922,8763
1753600222297,07:10:22.297,mexc,ACE/USDT:USDT,0.592,4944,0.5919,4423,0.5921,4377,0.5922,10724
1753600222680,07:10:22.680,mexc,ACE/USDT:USDT,0.592,4944,0.5919,4423,0.5921,4377,0.5922,8763
1753600222798,07:10:22.798,mexc,ACE/USDT:USDT,0.592,4944,0.5919,3528,0.5921,4377,0.5922,8763
1753600223187,07:10:23.187,mexc,ACE/USDT:USDT,0.592,4944,0.5919,3528,0.5921,4377,0.5922,8763
1753600223296,07:10:23.296,mexc,ACE/USDT:USDT,0.592,4944,0.5919,4380,0.5921,4377,0.5922,11058
1753600223683,07:10:23.683,mexc,ACE/USDT:USDT,0.592,4944,0.5919,4380,0.5921,4377,0.5922,8763
1753600223797,07:10:23.797,mexc,ACE/USDT:USDT,0.592,4944,0.5919,4404,0.5921,4377,0.5922,11331
1753600224188,07:10:24.188,mexc,ACE/USDT:USDT,0.592,4944,0.5919,4404,0.5921,4377,0.5922,11331
1753600224297,07:10:24.297,mexc,ACE/USDT:USDT,0.592,4944,0.5919,5161,0.5921,4377,0.5922,8763
1753600224682,07:10:24.682,mexc,ACE/USDT:USDT,0.592,4944,0.5919,5161,0.5921,4377,0.5922,8763
1753600224797,07:10:24.797,mexc,ACE/USDT:USDT,0.592,4944,0.5919,3528,0.5921,4377,0.5922,10453
1753600225182,07:10:25.182,mexc,ACE/USDT:USDT,0.592,4944,0.5919,3528,0.5921,4377,0.5922,8763
1753600225297,07:10:25.297,mexc,ACE/USDT:USDT,0.592,4944,0.5919,4434,0.5921,4377,0.5922,12011
1753600225683,07:10:25.683,mexc,ACE/USDT:USDT,0.592,4944,0.5919,4434,0.5921,4377,0.5922,8763
1753600225796,07:10:25.796,mexc,ACE/USDT:USDT,0.592,4944,0.5919,3528,0.5921,4377,0.5922,8763
1753600226183,07:10:26.183,mexc,ACE/USDT:USDT,0.592,4944,0.5919,3528,0.5921,4377,0.5922,8763
1753600226299,07:10:26.299,mexc,ACE/USDT:USDT,0.592,4944,0.5919,3528,0.5921,4377,0.5922,8763
1753600226685,07:10:26.685,mexc,ACE/USDT:USDT,0.592,4944,0.5919,3528,0.5921,4377,0.5922,8763
1753600226797,07:10:26.797,mexc,ACE/USDT:USDT,0.592,4944,0.5919,3528,0.5921,4377,0.5922,8763
1753600227183,07:10:27.183,mexc,ACE/USDT:USDT,0.592,4944,0.5919,3528,0.5921,4377,0.5922,8763
1753600227298,07:10:27.298,mexc,ACE/USDT:USDT,0.5914,28268,0.5913,61479,0.5915,4086,0.5916,34625
1753600227702,07:10:27.702,mexc,ACE/USDT:USDT,0.5914,28268,0.5913,59607,0.5915,4086,0.5916,34625
1753600227809,07:10:27.809,mexc,ACE/USDT:USDT,0.5911,43523,0.591,47771,0.5912,10645,0.5913,29080
1753600227937,07:10:27.937,mexc,ACE/USDT:USDT,0.5911,43523,0.591,47771,0.5912,10645,0.5913,29080
1753600228300,07:10:28.300,mexc,ACE/USDT:USDT,0.5911,43523,0.591,49652,0.5912,10645,0.5913,33404
1753600228685,07:10:28.685,mexc,ACE/USDT:USDT,0.5911,43523,0.591,49652,0.5912,10645,0.5913,26459
1753600228797,07:10:28.797,mexc,ACE/USDT:USDT,0.5911,43523,0.591,51097,0.5912,10645,0.5913,27326
1753600229182,07:10:29.182,mexc,ACE/USDT:USDT,0.5911,43523,0.591,51097,0.5912,10645,0.5913,23534
1753600229297,07:10:29.297,mexc,ACE/USDT:USDT,0.5911,43523,0.591,47141,0.5912,10645,0.5913,23534
1753600229684,07:10:29.684,mexc,ACE/USDT:USDT,0.5911,43523,0.591,47141,0.5912,10645,0.5913,23534
1753600229863,07:10:29.863,mexc,ACE/USDT:USDT,0.5911,43523,0.591,47141,0.5912,10645,0.5913,37111
1753600230184,07:10:30.184,mexc,ACE/USDT:USDT,0.5911,43523,0.591,47141,0.5912,10645,0.5913,31983
1753600230363,07:10:30.363,mexc,ACE/USDT:USDT,0.5911,43523,0.591,47141,0.5912,10645,0.5913,23534
1753600230686,07:10:30.686,mexc,ACE/USDT:USDT,0.5911,43523,0.591,47141,0.5912,10645,0.5913,23534
1753600230864,07:10:30.864,mexc,ACE/USDT:USDT,0.5911,43523,0.591,47141,0.5912,10645,0.5913,29451
1753600231185,07:10:31.185,mexc,ACE/USDT:USDT,0.5911,43523,0.591,47141,0.5912,10645,0.5913,23534
1753600231363,07:10:31.363,mexc,ACE/USDT:USDT,0.5911,43523,0.591,48841,0.5912,10645,0.5913,23534
1753600231683,07:10:31.683,mexc,ACE/USDT:USDT,0.5911,43523,0.591,48841,0.5912,10645,0.5913,23534
1753600231864,07:10:31.864,mexc,ACE/USDT:USDT,0.5911,43523,0.591,47141,0.5912,10645,0.5913,29979
1753600232185,07:10:32.185,mexc,ACE/USDT:USDT,0.5911,43523,0.591,47141,0.5912,10645,0.5913,23534
1753600232363,07:10:32.363,mexc,ACE/USDT:USDT,0.5911,43523,0.591,48454,0.5912,10645,0.5913,26966
1753600232688,07:10:32.688,mexc,ACE/USDT:USDT,0.5911,43523,0.591,48454,0.5912,10645,0.5913,23534
1753600232864,07:10:32.864,mexc,ACE/USDT:USDT,0.5911,43523,0.591,50923,0.5912,10645,0.5913,23534
1753600233185,07:10:33.185,mexc,ACE/USDT:USDT,0.5911,43523,0.591,50923,0.5912,10645,0.5913,23534
1753600233388,07:10:33.388,mexc,ACE/USDT:USDT,0.5911,43523,0.591,50764,0.5912,10645,0.5913,35981
1753600233503,07:10:33.503,mexc,ACE/USDT:USDT,0.5912,2828,0.5911,5274,0.5913,2625,0.5914,25195
1753600233867,07:10:33.867,mexc,ACE/USDT:USDT,0.5912,2828,0.5911,7853,0.5913,2625,0.5914,25195
1753600233940,07:10:33.940,mexc,ACE/USDT:USDT,0.5912,2828,0.5911,7853,0.5913,2625,0.5914,25195
1753600234269,07:10:34.269,mexc,ACE/USDT:USDT,0.5912,2828,0.5911,5274,0.5913,2625,0.5914,25195
1753600234365,07:10:34.365,mexc,ACE/USDT:USDT,0.5912,2828,0.5911,6733,0.5913,2625,0.5914,25195
1753600234687,07:10:34.687,mexc,ACE/USDT:USDT,0.5912,2828,0.5911,6733,0.5913,2625,0.5914,25195
1753600234867,07:10:34.867,mexc,ACE/USDT:USDT,0.5912,2828,0.5911,5804,0.5913,2625,0.5914,31415
1753600235186,07:10:35.186,mexc,ACE/USDT:USDT,0.5912,2828,0.5911,5804,0.5913,2625,0.5914,25195
1753600235365,07:10:35.365,mexc,ACE/USDT:USDT,0.5912,2828,0.5911,6080,0.5913,2625,0.5914,39123
1753600235687,07:10:35.687,mexc,ACE/USDT:USDT,0.5912,2828,0.5911,6080,0.5913,2625,0.5914,32837
1753600235866,07:10:35.866,mexc,ACE/USDT:USDT,0.5912,2828,0.5911,5958,0.5913,2625,0.5914,31537
1753600236187,07:10:36.187,mexc,ACE/USDT:USDT,0.5912,2828,0.5911,5958,0.5913,2625,0.5914,25195
1753600236366,07:10:36.366,mexc,ACE/USDT:USDT,0.5912,2828,0.5911,9597,0.5913,2625,0.5914,25195
1753600236426,07:10:36.426,mexc,ACE/USDT:USDT,0.5906,9168,0.5905,25975,0.5913,2625,0.5914,25195
1753600236867,07:10:36.867,mexc,ACE/USDT:USDT,0.5908,17636,0.5906,9168,0.5913,2625,0.5914,25195
1753600236867,07:10:36.867,mexc,ACE/USDT:USDT,0.5911,2590,0.5908,17636,0.5913,2625,0.5914,25195
1753600237271,07:10:37.271,mexc,ACE/USDT:USDT,0.5911,2590,0.5906,9168,0.5913,2625,0.5914,25195
1753600237367,07:10:37.367,mexc,ACE/USDT:USDT,0.591,1889,0.5909,8366,0.5913,2625,0.5914,47257
1753600237688,07:10:37.688,mexc,ACE/USDT:USDT,0.591,1889,0.5909,8366,0.5913,2625,0.5914,36941
1753600237868,07:10:37.868,mexc,ACE/USDT:USDT,0.5911,2204,0.591,2415,0.5913,2625,0.5914,25195
1753600238189,07:10:38.189,mexc,ACE/USDT:USDT,0.5911,2204,0.591,2415,0.5913,2625,0.5914,25195
1753600238369,07:10:38.369,mexc,ACE/USDT:USDT,0.5908,28738,0.5906,9168,0.5913,2625,0.5914,28168
1753600238689,07:10:38.689,mexc,ACE/USDT:USDT,0.5908,28738,0.5906,9168,0.5914,19366,0.5915,62879
1753600238868,07:10:38.868,mexc,ACE/USDT:USDT,0.591,1578,0.5908,8106,0.5914,19366,0.5915,44053
1753600239189,07:10:39.189,mexc,ACE/USDT:USDT,0.591,1578,0.5908,8106,0.5914,19366,0.5915,44053
1753600239376,07:10:39.376,mexc,ACE/USDT:USDT,0.591,1224,0.5908,12469,0.5914,19366,0.5915,44053
1753600239504,07:10:39.504,mexc,ACE/USDT:USDT,0.591,3944,0.5909,3867,0.5911,5313,0.5912,18962
1753600239869,07:10:39.869,mexc,ACE/USDT:USDT,0.591,3944,0.5909,5438,0.5911,5313,0.5912,27011
1753600239939,07:10:39.939,mexc,ACE/USDT:USDT,0.591,3944,0.5909,5438,0.5911,5313,0.5912,27011
1753600240272,07:10:40.272,mexc,ACE/USDT:USDT,0.591,3944,0.5909,3867,0.5911,5313,0.5912,18962
1753600240369,07:10:40.369,mexc,ACE/USDT:USDT,0.591,3944,0.5909,7010,0.5911,5313,0.5912,27600
1753600240691,07:10:40.691,mexc,ACE/USDT:USDT,0.591,3944,0.5909,7010,0.5911,5313,0.5912,18962
1753600240871,07:10:40.871,mexc,ACE/USDT:USDT,0.591,3944,0.5909,4613,0.5911,5313,0.5912,20953
1753600241191,07:10:41.191,mexc,ACE/USDT:USDT,0.591,3944,0.5909,4613,0.5911,5313,0.5912,18962
1753600241369,07:10:41.369,mexc,ACE/USDT:USDT,0.591,3944,0.5909,4896,0.5911,5313,0.5912,22025
1753600241691,07:10:41.691,mexc,ACE/USDT:USDT,0.591,3944,0.5909,4896,0.5911,5313,0.5912,18962
1753600241871,07:10:41.871,mexc,ACE/USDT:USDT,0.591,3944,0.5909,5565,0.5911,5313,0.5912,18962
1753600242193,07:10:42.193,mexc,ACE/USDT:USDT,0.591,3944,0.5909,5565,0.5911,5313,0.5912,18962
1753600242369,07:10:42.369,mexc,ACE/USDT:USDT,0.591,3944,0.5909,3867,0.5911,5313,0.5912,24243
1753600242692,07:10:42.692,mexc,ACE/USDT:USDT,0.591,3944,0.5909,3867,0.5911,5313,0.5912,24243
1753600242870,07:10:42.870,mexc,ACE/USDT:USDT,0.591,3944,0.5909,3867,0.5911,5313,0.5912,18962
1753600243194,07:10:43.194,mexc,ACE/USDT:USDT,0.591,3944,0.5909,3867,0.5911,5313,0.5912,18962
1753600243370,07:10:43.370,mexc,ACE/USDT:USDT,0.591,3944,0.5909,3867,0.5911,5313,0.5912,21284
1753600243692,07:10:43.692,mexc,ACE/USDT:USDT,0.591,3944,0.5909,3867,0.5911,5313,0.5912,21284
1753600243872,07:10:43.872,mexc,ACE/USDT:USDT,0.591,3944,0.5909,4718,0.5911,5313,0.5912,24643
1753600244195,07:10:44.195,mexc,ACE/USDT:USDT,0.591,3944,0.5909,4718,0.5911,5313,0.5912,18962
1753600244371,07:10:44.371,mexc,ACE/USDT:USDT,0.591,3944,0.5909,4476,0.5911,5313,0.5912,18962
1753600244695,07:10:44.695,mexc,ACE/USDT:USDT,0.591,3944,0.5909,4476,0.5911,5313,0.5912,18962
1753600244872,07:10:44.872,mexc,ACE/USDT:USDT,0.591,3944,0.5909,4635,0.5911,5313,0.5912,25443
1753600245198,07:10:45.198,mexc,ACE/USDT:USDT,0.591,3944,0.5909,4635,0.5911,5313,0.5912,18962
1753600245396,07:10:45.396,mexc,ACE/USDT:USDT,0.591,3944,0.5909,3867,0.5913,4136,0.5914,39126
1753600245508,07:10:45.508,mexc,ACE/USDT:USDT,0.5912,133506,0.5911,5475,0.5913,4136,0.5914,39126
1753600245872,07:10:45.872,mexc,ACE/USDT:USDT,0.5912,133506,0.5911,5475,0.5913,4136,0.5914,44512
1753600245943,07:10:45.943,mexc,ACE/USDT:USDT,0.5912,133506,0.5911,5475,0.5913,4136,0.5914,44512
1753600246279,07:10:46.279,mexc,ACE/USDT:USDT,0.5912,133506,0.5911,5475,0.5913,4136,0.5914,39126
1753600246374,07:10:46.374,mexc,ACE/USDT:USDT,0.5912,133506,0.5911,6331,0.5913,4136,0.5914,39126
1753600246695,07:10:46.695,mexc,ACE/USDT:USDT,0.5912,133506,0.5911,6331,0.5913,4136,0.5914,39126
1753600246871,07:10:46.871,mexc,ACE/USDT:USDT,0.5912,133506,0.5911,7950,0.5913,4136,0.5914,39126
1753600247194,07:10:47.194,mexc,ACE/USDT:USDT,0.5912,133506,0.5911,7950,0.5913,4136,0.5914,39126
1753600247372,07:10:47.372,mexc,ACE/USDT:USDT,0.5912,133506,0.5911,6189,0.5913,4136,0.5914,39126
1753600247695,07:10:47.695,mexc,ACE/USDT:USDT,0.5912,133506,0.5911,6189,0.5913,4136,0.5914,39126
1753600247872,07:10:47.872,mexc,ACE/USDT:USDT,0.5912,133506,0.5911,5475,0.5913,4136,0.5914,57579
1753600248195,07:10:48.195,mexc,ACE/USDT:USDT,0.5912,133506,0.5911,5475,0.5913,4136,0.5914,57579
1753600248374,07:10:48.374,mexc,ACE/USDT:USDT,0.5912,133506,0.5911,5475,0.5913,4136,0.5914,58334
1753600248695,07:10:48.695,mexc,ACE/USDT:USDT,0.5912,133506,0.5911,5475,0.5913,4136,0.5914,39126
1753600248874,07:10:48.874,mexc,ACE/USDT:USDT,0.5912,133506,0.5911,8058,0.5913,4136,0.5914,73745
1753600249197,07:10:49.197,mexc,ACE/USDT:USDT,0.5912,133506,0.5911,8058,0.5913,4136,0.5914,57533
1753600249373,07:10:49.373,mexc,ACE/USDT:USDT,0.5912,133506,0.5911,5475,0.5913,4136,0.5914,61008
1753600249696,07:10:49.696,mexc,ACE/USDT:USDT,0.5912,133506,0.5911,5475,0.5913,4136,0.5914,47281
1753600249875,07:10:49.875,mexc,ACE/USDT:USDT,0.5912,133506,0.5911,5475,0.5913,4136,0.5914,47255
1753600250197,07:10:50.197,mexc,ACE/USDT:USDT,0.5912,133506,0.5911,5475,0.5913,4136,0.5914,47255
1753600250374,07:10:50.374,mexc,ACE/USDT:USDT,0.5912,133506,0.5911,6686,0.5913,4136,0.5914,39126
1753600250697,07:10:50.697,mexc,ACE/USDT:USDT,0.5912,133506,0.5911,6686,0.5913,4136,0.5914,39126
1753600250875,07:10:50.875,mexc,ACE/USDT:USDT,0.5912,133506,0.5911,5475,0.5913,4136,0.5914,51870
1753600251198,07:10:51.198,mexc,ACE/USDT:USDT,0.5912,133506,0.5911,5475,0.5913,4136,0.5914,39126
1753600251396,07:10:51.396,mexc,ACE/USDT:USDT,0.5912,133506,0.5911,9386,0.5913,47527,0.5914,57554
1753600251513,07:10:51.513,mexc,ACE/USDT:USDT,0.5912,115221,0.5911,6024,0.5913,43391,0.5914,18428
1753600251876,07:10:51.876,mexc,ACE/USDT:USDT,0.5912,115221,0.5911,6869,0.5913,43391,0.5914,21643
1753600251945,07:10:51.945,mexc,ACE/USDT:USDT,0.5912,115221,0.5911,6869,0.5913,43391,0.5914,21643
1753600252278,07:10:52.278,mexc,ACE/USDT:USDT,0.5912,115221,0.5911,6024,0.5913,43391,0.5914,18428
1753600252375,07:10:52.375,mexc,ACE/USDT:USDT,0.5912,115221,0.5911,7492,0.5913,43391,0.5914,18428
1753600252697,07:10:52.697,mexc,ACE/USDT:USDT,0.5912,115221,0.5911,7492,0.5913,43391,0.5914,18428
1753600252876,07:10:52.876,mexc,ACE/USDT:USDT,0.5912,115221,0.5911,6024,0.5913,43391,0.5914,18428
1753600253198,07:10:53.198,mexc,ACE/USDT:USDT,0.5912,115221,0.5911,6024,0.5913,43391,0.5914,18428
1753600253375,07:10:53.375,mexc,ACE/USDT:USDT,0.5912,115221,0.5911,8783,0.5913,43391,0.5914,26667
1753600253697,07:10:53.697,mexc,ACE/USDT:USDT,0.5912,115221,0.5911,8783,0.5913,43391,0.5914,18428
1753600253877,07:10:53.877,mexc,ACE/USDT:USDT,0.5912,115221,0.5911,8269,0.5913,43391,0.5914,18428
