timestamp,time,exchange,symbol,bid1_price,bid1_volume,bid2_price,bid2_volume,ask1_price,ask1_volume,ask2_price,ask2_volume
1753599989251,07:06:29.251,huobi,1INCH/USDT:USDT,0.2889,351.0,0.2888,461.0,0.2891,351.0,0.2892,3434.0
1753599990305,07:06:30.305,huobi,1INCH/USDT:USDT,0.2889,351.0,0.2888,461.0,0.2891,351.0,0.2892,3434.0
1753599990464,07:06:30.464,huobi,1INCH/USDT:USDT,0.2888,461.0,0.2887,3570.0,0.2891,351.0,0.2892,3434.0
1753599990770,07:06:30.770,huobi,1INCH/USDT:USDT,0.2888,351.0,0.2887,453.0,0.289,351.0,0.2891,3429.0
1753599990945,07:06:30.945,huobi,1INCH/USDT:USDT,0.2888,351.0,0.2887,453.0,0.289,351.0,0.2891,3429.0
1753599991232,07:06:31.232,huobi,1INCH/USDT:USDT,0.2888,351.0,0.2887,453.0,0.289,351.0,0.2891,3429.0
1753599991419,07:06:31.419,huobi,1INCH/USDT:USDT,0.2888,351.0,0.2887,453.0,0.289,351.0,0.2891,3429.0
1753599993565,07:06:33.565,huobi,1INCH/USDT:USDT,0.2888,351.0,0.2887,453.0,0.289,351.0,0.2891,3429.0
1753599995562,07:06:35.562,huobi,1INCH/USDT:USDT,0.2888,351.0,0.2887,453.0,0.289,351.0,0.2891,3429.0
1753599995601,07:06:35.601,huobi,1INCH/USDT:USDT,0.2888,351.0,0.2887,453.0,0.289,351.0,0.2891,3429.0
1753599995724,07:06:35.724,huobi,1INCH/USDT:USDT,0.2888,351.0,0.2887,453.0,0.289,351.0,0.2891,3429.0
1753599997555,07:06:37.555,huobi,1INCH/USDT:USDT,0.2888,351.0,0.2887,453.0,0.289,351.0,0.2891,3429.0
1753599997622,07:06:37.622,huobi,1INCH/USDT:USDT,0.2888,351.0,0.2887,453.0,0.289,351.0,0.2891,3429.0
1753599997893,07:06:37.893,huobi,1INCH/USDT:USDT,0.2888,351.0,0.2887,453.0,0.289,351.0,0.2891,3429.0
1753599999205,07:06:39.205,huobi,1INCH/USDT:USDT,0.2888,351.0,0.2887,453.0,0.289,351.0,0.2891,3429.0
1753599999216,07:06:39.216,huobi,1INCH/USDT:USDT,0.2888,351.0,0.2887,453.0,0.289,351.0,0.2891,3429.0
1753600000168,07:06:40.168,huobi,1INCH/USDT:USDT,0.2888,351.0,0.2887,453.0,0.289,351.0,0.2891,3429.0
1753600000374,07:06:40.374,huobi,1INCH/USDT:USDT,0.2888,351.0,0.2887,453.0,0.2891,3429.0,0.2892,3578.0
1753600000395,07:06:40.395,huobi,1INCH/USDT:USDT,0.2888,351.0,0.2887,453.0,0.2891,3429.0,0.2892,3434.0
1753600000446,07:06:40.446,huobi,1INCH/USDT:USDT,0.2888,456.0,0.2887,348.0,0.2891,3429.0,0.2892,3434.0
1753600000725,07:06:40.725,huobi,1INCH/USDT:USDT,0.2889,356.0,0.2888,456.0,0.2891,3429.0,0.2892,3434.0
1753600001093,07:06:41.093,huobi,1INCH/USDT:USDT,0.2889,356.0,0.2888,456.0,0.289,356.0,0.2891,3429.0
1753600001137,07:06:41.137,huobi,1INCH/USDT:USDT,0.2889,356.0,0.2888,456.0,0.289,356.0,0.2891,3429.0
1753600002301,07:06:42.301,huobi,1INCH/USDT:USDT,0.2889,356.0,0.2888,456.0,0.289,356.0,0.2891,3429.0
1753600002308,07:06:42.308,huobi,1INCH/USDT:USDT,0.2889,356.0,0.2888,456.0,0.289,356.0,0.2891,3429.0
1753600003078,07:06:43.078,huobi,1INCH/USDT:USDT,0.2889,356.0,0.2888,456.0,0.289,356.0,0.2891,3429.0
1753600003239,07:06:43.239,huobi,1INCH/USDT:USDT,0.2889,356.0,0.2888,456.0,0.289,356.0,0.2891,3429.0
1753600003485,07:06:43.485,huobi,1INCH/USDT:USDT,0.2889,356.0,0.2888,456.0,0.289,356.0,0.2891,3429.0
1753600005710,07:06:45.710,huobi,1INCH/USDT:USDT,0.2888,456.0,0.2887,348.0,0.289,356.0,0.2891,3429.0
1753600005786,07:06:45.786,huobi,1INCH/USDT:USDT,0.2888,351.0,0.2887,348.0,0.289,356.0,0.2891,3429.0
1753600005790,07:06:45.790,huobi,1INCH/USDT:USDT,0.2887,453.0,0.2886,3570.0,0.289,356.0,0.2891,3429.0
1753600005792,07:06:45.792,huobi,1INCH/USDT:USDT,0.2888,356.0,0.2887,453.0,0.289,356.0,0.2891,3429.0
1753600006339,07:06:46.339,huobi,1INCH/USDT:USDT,0.2888,356.0,0.2887,453.0,0.289,356.0,0.2891,3429.0
1753600007169,07:06:47.169,huobi,1INCH/USDT:USDT,0.2888,356.0,0.2887,453.0,0.289,356.0,0.2891,3429.0
1753600007178,07:06:47.178,huobi,1INCH/USDT:USDT,0.2888,356.0,0.2887,453.0,0.289,356.0,0.2891,3429.0
1753600007212,07:06:47.212,huobi,1INCH/USDT:USDT,0.2888,356.0,0.2887,453.0,0.289,356.0,0.2891,3429.0
1753600007269,07:06:47.269,huobi,1INCH/USDT:USDT,0.2888,356.0,0.2887,453.0,0.289,356.0,0.2891,3429.0
1753600007303,07:06:47.303,huobi,1INCH/USDT:USDT,0.2887,453.0,0.2886,348.0,0.289,356.0,0.2891,3429.0
1753600007322,07:06:47.322,huobi,1INCH/USDT:USDT,0.2887,453.0,0.2886,348.0,0.289,3434.0,0.2891,3429.0
1753600007358,07:06:47.358,huobi,1INCH/USDT:USDT,0.2887,453.0,0.2886,348.0,0.2889,356.0,0.289,3434.0
1753600007388,07:06:47.388,huobi,1INCH/USDT:USDT,0.2887,453.0,0.2886,348.0,0.2889,356.0,0.289,3434.0
1753600007434,07:06:47.434,huobi,1INCH/USDT:USDT,0.2887,348.0,0.2886,348.0,0.2889,356.0,0.289,3434.0
1753600007473,07:06:47.473,huobi,1INCH/USDT:USDT,0.2886,348.0,0.2885,3078.0,0.2889,356.0,0.289,3434.0
1753600007496,07:06:47.496,huobi,1INCH/USDT:USDT,0.2886,348.0,0.2885,3078.0,0.2889,356.0,0.289,3434.0
1753600007527,07:06:47.527,huobi,1INCH/USDT:USDT,0.2887,356.0,0.2886,453.0,0.2889,356.0,0.289,3434.0
1753600007561,07:06:47.561,huobi,1INCH/USDT:USDT,0.2887,356.0,0.2886,453.0,0.2889,356.0,0.289,3434.0
1753600007621,07:06:47.621,huobi,1INCH/USDT:USDT,0.2887,356.0,0.2886,453.0,0.2889,356.0,0.289,3434.0
1753600007678,07:06:47.678,huobi,1INCH/USDT:USDT,0.2887,356.0,0.2886,453.0,0.2889,356.0,0.289,3434.0
1753600007734,07:06:47.734,huobi,1INCH/USDT:USDT,0.2887,356.0,0.2886,453.0,0.2889,356.0,0.289,3434.0
1753600007752,07:06:47.752,huobi,1INCH/USDT:USDT,0.2887,356.0,0.2886,453.0,0.2889,356.0,0.289,3434.0
1753600007782,07:06:47.782,huobi,1INCH/USDT:USDT,0.2887,356.0,0.2886,453.0,0.2889,356.0,0.289,3434.0
1753600007905,07:06:47.905,huobi,1INCH/USDT:USDT,0.2887,356.0,0.2886,453.0,0.2889,356.0,0.289,3434.0
1753600008653,07:06:48.653,huobi,1INCH/USDT:USDT,0.2887,356.0,0.2886,453.0,0.2889,356.0,0.289,3434.0
1753600009243,07:06:49.243,huobi,1INCH/USDT:USDT,0.2887,356.0,0.2886,453.0,0.2889,356.0,0.289,3434.0
1753600010785,07:06:50.785,huobi,1INCH/USDT:USDT,0.2887,356.0,0.2886,453.0,0.2889,356.0,0.289,3434.0
1753600010796,07:06:50.796,huobi,1INCH/USDT:USDT,0.2887,356.0,0.2886,453.0,0.2889,356.0,0.289,3434.0
1753600012607,07:06:52.607,huobi,1INCH/USDT:USDT,0.2887,356.0,0.2886,453.0,0.2889,356.0,0.289,3434.0
1753600012959,07:06:52.959,huobi,1INCH/USDT:USDT,0.2887,356.0,0.2886,453.0,0.2889,356.0,0.289,3434.0
1753600013397,07:06:53.397,huobi,1INCH/USDT:USDT,0.2887,356.0,0.2886,453.0,0.2889,356.0,0.289,3434.0
1753600013446,07:06:53.446,huobi,1INCH/USDT:USDT,0.2887,356.0,0.2886,453.0,0.2889,356.0,0.289,3434.0
1753600014212,07:06:54.212,huobi,1INCH/USDT:USDT,0.2887,356.0,0.2886,453.0,0.2889,356.0,0.289,3434.0
1753600014262,07:06:54.262,huobi,1INCH/USDT:USDT,0.2887,356.0,0.2886,453.0,0.2889,356.0,0.289,3434.0
1753600014297,07:06:54.297,huobi,1INCH/USDT:USDT,0.2887,356.0,0.2886,453.0,0.2889,356.0,0.289,3434.0
1753600015054,07:06:55.054,huobi,1INCH/USDT:USDT,0.2887,356.0,0.2886,453.0,0.2889,356.0,0.289,3434.0
1753600015077,07:06:55.077,huobi,1INCH/USDT:USDT,0.2887,356.0,0.2886,453.0,0.2889,356.0,0.289,3434.0
1753600015770,07:06:55.770,huobi,1INCH/USDT:USDT,0.2887,356.0,0.2886,453.0,0.2889,356.0,0.289,3434.0
1753600015784,07:06:55.784,huobi,1INCH/USDT:USDT,0.2887,356.0,0.2886,453.0,0.2889,356.0,0.289,3434.0
1753600015838,07:06:55.838,huobi,1INCH/USDT:USDT,0.2887,356.0,0.2886,453.0,0.2889,356.0,0.289,3434.0
1753600015965,07:06:55.965,huobi,1INCH/USDT:USDT,0.2887,356.0,0.2886,453.0,0.289,3434.0,0.2891,3573.0
1753600015986,07:06:55.986,huobi,1INCH/USDT:USDT,0.2887,356.0,0.2886,348.0,0.2889,357.0,0.289,3434.0
1753600016018,07:06:56.018,huobi,1INCH/USDT:USDT,0.2886,348.0,0.2885,3578.0,0.2891,3429.0,0.2892,3434.0
1753600016046,07:06:56.046,huobi,1INCH/USDT:USDT,0.2887,105.0,0.2886,3426.0,0.2891,351.0,0.2892,3434.0
1753600016078,07:06:56.078,huobi,1INCH/USDT:USDT,0.2887,105.0,0.2886,3426.0,0.2891,351.0,0.2892,3434.0
1753600016116,07:06:56.116,huobi,1INCH/USDT:USDT,0.2887,105.0,0.2886,3426.0,0.2891,351.0,0.2892,3434.0
1753600016153,07:06:56.153,huobi,1INCH/USDT:USDT,0.2887,105.0,0.2886,3426.0,0.2891,351.0,0.2892,3434.0
1753600016169,07:06:56.169,huobi,1INCH/USDT:USDT,0.2888,357.0,0.2887,105.0,0.2891,351.0,0.2892,3434.0
1753600016197,07:06:56.197,huobi,1INCH/USDT:USDT,0.2888,357.0,0.2886,3426.0,0.2891,351.0,0.2892,3434.0
1753600016232,07:06:56.232,huobi,1INCH/USDT:USDT,0.2888,462.0,0.2886,3426.0,0.2891,351.0,0.2892,3434.0
1753600016315,07:06:56.315,huobi,1INCH/USDT:USDT,0.2888,462.0,0.2886,3426.0,0.2891,3429.0,0.2892,3434.0
1753600016366,07:06:56.366,huobi,1INCH/USDT:USDT,0.2888,462.0,0.2886,3426.0,0.289,357.0,0.2891,3429.0
1753600016418,07:06:56.418,huobi,1INCH/USDT:USDT,0.2888,357.0,0.2887,105.0,0.289,357.0,0.2891,3429.0
1753600017200,07:06:57.200,huobi,1INCH/USDT:USDT,0.2888,357.0,0.2887,105.0,0.289,357.0,0.2891,3429.0
1753600017326,07:06:57.326,huobi,1INCH/USDT:USDT,0.2888,357.0,0.2887,105.0,0.289,357.0,0.2891,3429.0
1753600017342,07:06:57.342,huobi,1INCH/USDT:USDT,0.2888,357.0,0.2887,105.0,0.289,3435.0,0.2891,3429.0
1753600017370,07:06:57.370,huobi,1INCH/USDT:USDT,0.2888,357.0,0.2887,105.0,0.2889,357.0,0.289,3435.0
1753600017409,07:06:57.409,huobi,1INCH/USDT:USDT,0.2888,357.0,0.2887,105.0,0.2889,357.0,0.289,3435.0
1753600017431,07:06:57.431,huobi,1INCH/USDT:USDT,0.2887,105.0,0.2886,348.0,0.2889,357.0,0.289,3435.0
1753600017455,07:06:57.455,huobi,1INCH/USDT:USDT,0.2886,348.0,0.2885,3434.0,0.2889,357.0,0.289,3435.0
1753600017495,07:06:57.495,huobi,1INCH/USDT:USDT,0.2886,453.0,0.2885,356.0,0.2889,357.0,0.289,3435.0
1753600017518,07:06:57.518,huobi,1INCH/USDT:USDT,0.2886,453.0,0.2885,356.0,0.2889,3435.0,0.289,3579.0
1753600017560,07:06:57.560,huobi,1INCH/USDT:USDT,0.2886,453.0,0.2885,356.0,0.2888,357.0,0.2889,3435.0
1753600017578,07:06:57.578,huobi,1INCH/USDT:USDT,0.2886,348.0,0.2885,356.0,0.2888,357.0,0.2889,3435.0
1753600017605,07:06:57.605,huobi,1INCH/USDT:USDT,0.2886,348.0,0.2885,356.0,0.2888,357.0,0.2889,3435.0
1753600017640,07:06:57.640,huobi,1INCH/USDT:USDT,0.2886,357.0,0.2885,461.0,0.2888,357.0,0.2889,3435.0
1753600017729,07:06:57.729,huobi,1INCH/USDT:USDT,0.2886,357.0,0.2885,461.0,0.2888,357.0,0.2889,3435.0
1753600017781,07:06:57.781,huobi,1INCH/USDT:USDT,0.2886,357.0,0.2885,461.0,0.2888,357.0,0.2889,3435.0
1753600017786,07:06:57.786,huobi,1INCH/USDT:USDT,0.2886,357.0,0.2885,461.0,0.2888,357.0,0.2889,3435.0
1753600017898,07:06:57.898,huobi,1INCH/USDT:USDT,0.2886,357.0,0.2885,461.0,0.2888,357.0,0.2889,3435.0
1753600017906,07:06:57.906,huobi,1INCH/USDT:USDT,0.2886,357.0,0.2885,461.0,0.2888,357.0,0.2889,3435.0
1753600018439,07:06:58.439,huobi,1INCH/USDT:USDT,0.2886,357.0,0.2885,461.0,0.2888,357.0,0.2889,3435.0
1753600018467,07:06:58.467,huobi,1INCH/USDT:USDT,0.2886,357.0,0.2885,461.0,0.2888,357.0,0.2889,3435.0
1753600018501,07:06:58.501,huobi,1INCH/USDT:USDT,0.2886,357.0,0.2885,461.0,0.2888,357.0,0.2889,3435.0
1753600018772,07:06:58.772,huobi,1INCH/USDT:USDT,0.2886,357.0,0.2885,461.0,0.2888,357.0,0.2889,3435.0
1753600018826,07:06:58.826,huobi,1INCH/USDT:USDT,0.2886,357.0,0.2885,461.0,0.2888,357.0,0.2889,3435.0
1753600019325,07:06:59.325,huobi,1INCH/USDT:USDT,0.2886,357.0,0.2885,461.0,0.2888,357.0,0.2889,3435.0
1753600019512,07:06:59.512,huobi,1INCH/USDT:USDT,0.2886,357.0,0.2885,461.0,0.2888,357.0,0.2889,3435.0
1753600019582,07:06:59.582,huobi,1INCH/USDT:USDT,0.2886,357.0,0.2885,461.0,0.2888,357.0,0.2889,3435.0
1753600019598,07:06:59.598,huobi,1INCH/USDT:USDT,0.2886,357.0,0.2885,461.0,0.2888,357.0,0.2889,3435.0
1753600020150,07:07:00.150,huobi,1INCH/USDT:USDT,0.2886,357.0,0.2885,461.0,0.2888,357.0,0.2889,3435.0
1753600020361,07:07:00.361,huobi,1INCH/USDT:USDT,0.2886,357.0,0.2885,461.0,0.2888,357.0,0.2889,3435.0
1753600020865,07:07:00.865,huobi,1INCH/USDT:USDT,0.2886,357.0,0.2885,461.0,0.2888,357.0,0.2889,3435.0
1753600020879,07:07:00.879,huobi,1INCH/USDT:USDT,0.2886,357.0,0.2885,461.0,0.2888,357.0,0.2889,3435.0
1753600021515,07:07:01.515,huobi,1INCH/USDT:USDT,0.2886,357.0,0.2885,461.0,0.2888,357.0,0.2889,3435.0
1753600021571,07:07:01.571,huobi,1INCH/USDT:USDT,0.2886,357.0,0.2885,461.0,0.2888,357.0,0.2889,3435.0
1753600021642,07:07:01.642,huobi,1INCH/USDT:USDT,0.2886,357.0,0.2885,461.0,0.2888,357.0,0.2889,3435.0
1753600024086,07:07:04.086,huobi,1INCH/USDT:USDT,0.2886,357.0,0.2885,461.0,0.2888,357.0,0.2889,3435.0
1753600024120,07:07:04.120,huobi,1INCH/USDT:USDT,0.2885,105.0,0.2884,356.0,0.2888,3435.0,0.2889,3435.0
1753600024145,07:07:04.145,huobi,1INCH/USDT:USDT,0.2884,356.0,0.2883,3078.0,0.2887,351.0,0.2888,3435.0
1753600024182,07:07:04.182,huobi,1INCH/USDT:USDT,0.2884,461.0,0.2883,3078.0,0.2887,351.0,0.2888,3435.0
1753600024205,07:07:04.205,huobi,1INCH/USDT:USDT,0.2885,351.0,0.2884,461.0,0.2887,351.0,0.2888,3435.0
1753600024251,07:07:04.251,huobi,1INCH/USDT:USDT,0.2885,351.0,0.2884,461.0,0.2886,351.0,0.2887,3429.0
1753600024268,07:07:04.268,huobi,1INCH/USDT:USDT,0.2884,461.0,0.2881,359.0,0.2886,351.0,0.2887,3429.0
1753600024296,07:07:04.296,huobi,1INCH/USDT:USDT,0.2884,356.0,0.2881,359.0,0.2886,351.0,0.2887,3429.0
1753600024326,07:07:04.326,huobi,1INCH/USDT:USDT,0.2881,359.0,0.288,144.0,0.2886,351.0,0.2887,3429.0
1753600024359,07:07:04.359,huobi,1INCH/USDT:USDT,0.2882,105.0,0.2881,359.0,0.2886,351.0,0.2887,3429.0
1753600024385,07:07:04.385,huobi,1INCH/USDT:USDT,0.2883,351.0,0.2882,105.0,0.2886,351.0,0.2887,3429.0
1753600024422,07:07:04.422,huobi,1INCH/USDT:USDT,0.2883,351.0,0.2881,359.0,0.2886,351.0,0.2887,3429.0
1753600024447,07:07:04.447,huobi,1INCH/USDT:USDT,0.2883,456.0,0.2881,359.0,0.2886,351.0,0.2887,3429.0
1753600024495,07:07:04.495,huobi,1INCH/USDT:USDT,0.2884,351.0,0.2883,456.0,0.2886,351.0,0.2887,3429.0
1753600024530,07:07:04.530,huobi,1INCH/USDT:USDT,0.2884,351.0,0.2883,456.0,0.2886,351.0,0.2887,3429.0
1753600024537,07:07:04.537,huobi,1INCH/USDT:USDT,0.2884,351.0,0.2883,456.0,0.2886,351.0,0.2887,3429.0
1753600024582,07:07:04.582,huobi,1INCH/USDT:USDT,0.2884,351.0,0.2883,456.0,0.2886,351.0,0.2887,3429.0
1753600024602,07:07:04.602,huobi,1INCH/USDT:USDT,0.2884,351.0,0.2883,456.0,0.2886,351.0,0.2887,3429.0
1753600024635,07:07:04.635,huobi,1INCH/USDT:USDT,0.2884,351.0,0.2883,456.0,0.2886,351.0,0.2887,3429.0
1753600024658,07:07:04.658,huobi,1INCH/USDT:USDT,0.2884,351.0,0.2883,456.0,0.2886,351.0,0.2887,3429.0
1753600024694,07:07:04.694,huobi,1INCH/USDT:USDT,0.2884,351.0,0.2883,456.0,0.2886,351.0,0.2887,3429.0
1753600024717,07:07:04.717,huobi,1INCH/USDT:USDT,0.2884,351.0,0.2883,456.0,0.2886,351.0,0.2887,3429.0
1753600024755,07:07:04.755,huobi,1INCH/USDT:USDT,0.2884,351.0,0.2883,456.0,0.2886,351.0,0.2887,3429.0
1753600024775,07:07:04.775,huobi,1INCH/USDT:USDT,0.2884,351.0,0.2883,456.0,0.2886,351.0,0.2887,3429.0
1753600024822,07:07:04.822,huobi,1INCH/USDT:USDT,0.2884,351.0,0.2883,456.0,0.2886,351.0,0.2887,3429.0
1753600024970,07:07:04.970,huobi,1INCH/USDT:USDT,0.2884,351.0,0.2883,456.0,0.2886,351.0,0.2887,3429.0
1753600025048,07:07:05.048,huobi,1INCH/USDT:USDT,0.2884,351.0,0.2883,456.0,0.2886,351.0,0.2887,3429.0
1753600025239,07:07:05.239,huobi,1INCH/USDT:USDT,0.2884,351.0,0.2883,456.0,0.2886,351.0,0.2887,3429.0
1753600025300,07:07:05.300,huobi,1INCH/USDT:USDT,0.2884,351.0,0.2883,456.0,0.2886,351.0,0.2887,3429.0
1753600025558,07:07:05.558,huobi,1INCH/USDT:USDT,0.2884,351.0,0.2883,456.0,0.2886,351.0,0.2887,3429.0
1753600025680,07:07:05.680,huobi,1INCH/USDT:USDT,0.2884,351.0,0.2883,456.0,0.2886,351.0,0.2887,3429.0
1753600025769,07:07:05.769,huobi,1INCH/USDT:USDT,0.2884,351.0,0.2883,456.0,0.2886,351.0,0.2887,3429.0
1753600025820,07:07:05.820,huobi,1INCH/USDT:USDT,0.2884,351.0,0.2883,456.0,0.2886,351.0,0.2887,3429.0
1753600026174,07:07:06.174,huobi,1INCH/USDT:USDT,0.2884,351.0,0.2883,456.0,0.2886,351.0,0.2887,3429.0
1753600026221,07:07:06.221,huobi,1INCH/USDT:USDT,0.2884,351.0,0.2883,456.0,0.2886,351.0,0.2887,3429.0
1753600026248,07:07:06.248,huobi,1INCH/USDT:USDT,0.2884,351.0,0.2883,456.0,0.2886,3429.0,0.2887,3429.0
1753600026312,07:07:06.312,huobi,1INCH/USDT:USDT,0.2884,351.0,0.2883,456.0,0.2885,351.0,0.2886,3429.0
1753600026389,07:07:06.389,huobi,1INCH/USDT:USDT,0.2884,351.0,0.2883,456.0,0.2885,351.0,0.2886,3429.0
1753600026389,07:07:06.389,huobi,1INCH/USDT:USDT,0.2884,351.0,0.2883,456.0,0.2885,351.0,0.2886,3429.0
1753600026437,07:07:06.437,huobi,1INCH/USDT:USDT,0.2884,351.0,0.2883,456.0,0.2885,351.0,0.2886,3429.0
1753600026543,07:07:06.543,huobi,1INCH/USDT:USDT,0.2883,456.0,0.2882,351.0,0.2885,351.0,0.2886,3429.0
1753600026584,07:07:06.584,huobi,1INCH/USDT:USDT,0.2882,351.0,0.2881,3437.0,0.2885,351.0,0.2886,3429.0
1753600026609,07:07:06.609,huobi,1INCH/USDT:USDT,0.2882,456.0,0.2881,3437.0,0.2885,351.0,0.2886,3429.0
1753600026663,07:07:06.663,huobi,1INCH/USDT:USDT,0.2883,351.0,0.2882,456.0,0.2885,351.0,0.2886,3429.0
1753600026672,07:07:06.672,huobi,1INCH/USDT:USDT,0.2883,351.0,0.2882,456.0,0.2885,351.0,0.2886,3429.0
1753600026807,07:07:06.807,huobi,1INCH/USDT:USDT,0.2883,351.0,0.2882,456.0,0.2885,351.0,0.2886,3429.0
1753600026861,07:07:06.861,huobi,1INCH/USDT:USDT,0.2883,351.0,0.2882,456.0,0.2885,351.0,0.2886,3429.0
1753600026904,07:07:06.904,huobi,1INCH/USDT:USDT,0.2883,351.0,0.2882,456.0,0.2885,351.0,0.2886,3429.0
1753600026912,07:07:06.912,huobi,1INCH/USDT:USDT,0.2883,351.0,0.2882,456.0,0.2885,351.0,0.2886,3429.0
1753600026946,07:07:06.946,huobi,1INCH/USDT:USDT,0.2883,351.0,0.2882,456.0,0.2885,351.0,0.2886,3429.0
1753600027109,07:07:07.109,huobi,1INCH/USDT:USDT,0.2883,351.0,0.2882,456.0,0.2885,351.0,0.2886,3429.0
1753600027119,07:07:07.119,huobi,1INCH/USDT:USDT,0.2883,351.0,0.2882,456.0,0.2885,351.0,0.2886,3429.0
1753600027164,07:07:07.164,huobi,1INCH/USDT:USDT,0.2883,351.0,0.2882,456.0,0.2885,3429.0,0.2886,3429.0
1753600027178,07:07:07.178,huobi,1INCH/USDT:USDT,0.2883,351.0,0.2882,456.0,0.2884,351.0,0.2885,3429.0
1753600027205,07:07:07.205,huobi,1INCH/USDT:USDT,0.2883,351.0,0.2882,456.0,0.2884,351.0,0.2885,3429.0
1753600027239,07:07:07.239,huobi,1INCH/USDT:USDT,0.2883,351.0,0.2882,456.0,0.2884,351.0,0.2885,3429.0
1753600027270,07:07:07.270,huobi,1INCH/USDT:USDT,0.2883,351.0,0.2882,456.0,0.2884,351.0,0.2885,3429.0
1753600027361,07:07:07.361,huobi,1INCH/USDT:USDT,0.2883,351.0,0.2882,456.0,0.2884,351.0,0.2885,3429.0
1753600027477,07:07:07.477,huobi,1INCH/USDT:USDT,0.2883,351.0,0.2882,456.0,0.2884,351.0,0.2885,3429.0
1753600027524,07:07:07.524,huobi,1INCH/USDT:USDT,0.2883,351.0,0.2882,456.0,0.2884,351.0,0.2885,3429.0
1753600027809,07:07:07.809,huobi,1INCH/USDT:USDT,0.2883,351.0,0.2882,456.0,0.2884,351.0,0.2885,3429.0
1753600027839,07:07:07.839,huobi,1INCH/USDT:USDT,0.2883,351.0,0.2882,456.0,0.2884,351.0,0.2885,3429.0
1753600027879,07:07:07.879,huobi,1INCH/USDT:USDT,0.2882,456.0,0.2881,359.0,0.2884,351.0,0.2885,3429.0
1753600027894,07:07:07.894,huobi,1INCH/USDT:USDT,0.2882,351.0,0.2881,359.0,0.2884,351.0,0.2885,3429.0
1753600027942,07:07:07.942,huobi,1INCH/USDT:USDT,0.2881,464.0,0.2878,499.0,0.2884,351.0,0.2885,3429.0
1753600027957,07:07:07.957,huobi,1INCH/USDT:USDT,0.2882,351.0,0.2881,464.0,0.2884,351.0,0.2885,3429.0
1753600028047,07:07:08.047,huobi,1INCH/USDT:USDT,0.2882,351.0,0.2881,464.0,0.2884,351.0,0.2885,3429.0
1753600028138,07:07:08.138,huobi,1INCH/USDT:USDT,0.2882,351.0,0.2881,464.0,0.2884,351.0,0.2885,3429.0
1753600028168,07:07:08.168,huobi,1INCH/USDT:USDT,0.2882,351.0,0.2881,464.0,0.2884,351.0,0.2885,3429.0
1753600028214,07:07:08.214,huobi,1INCH/USDT:USDT,0.2882,351.0,0.2881,464.0,0.2884,351.0,0.2885,3429.0
1753600028246,07:07:08.246,huobi,1INCH/USDT:USDT,0.2882,351.0,0.2881,464.0,0.2884,351.0,0.2885,3429.0
1753600028279,07:07:08.279,huobi,1INCH/USDT:USDT,0.2882,351.0,0.2881,464.0,0.2884,351.0,0.2885,3429.0
1753600028291,07:07:08.291,huobi,1INCH/USDT:USDT,0.2882,351.0,0.2881,464.0,0.2884,351.0,0.2885,3429.0
1753600028357,07:07:08.357,huobi,1INCH/USDT:USDT,0.2882,351.0,0.2881,464.0,0.2884,351.0,0.2885,3429.0
1753600028375,07:07:08.375,huobi,1INCH/USDT:USDT,0.2882,351.0,0.2881,464.0,0.2884,351.0,0.2885,3429.0
1753600028408,07:07:08.408,huobi,1INCH/USDT:USDT,0.2882,351.0,0.2881,464.0,0.2884,351.0,0.2885,3429.0
1753600028447,07:07:08.447,huobi,1INCH/USDT:USDT,0.2882,351.0,0.2881,464.0,0.2884,351.0,0.2885,3429.0
1753600028539,07:07:08.539,huobi,1INCH/USDT:USDT,0.2882,351.0,0.2881,464.0,0.2884,351.0,0.2885,3429.0
1753600028656,07:07:08.656,huobi,1INCH/USDT:USDT,0.2882,351.0,0.2881,464.0,0.2884,351.0,0.2885,3429.0
1753600028754,07:07:08.754,huobi,1INCH/USDT:USDT,0.2882,351.0,0.2881,464.0,0.2884,351.0,0.2885,3429.0
1753600028999,07:07:08.999,huobi,1INCH/USDT:USDT,0.2882,351.0,0.2881,464.0,0.2884,351.0,0.2885,3429.0
1753600029009,07:07:09.009,huobi,1INCH/USDT:USDT,0.2882,351.0,0.2881,464.0,0.2884,351.0,0.2885,3429.0
1753600029037,07:07:09.037,huobi,1INCH/USDT:USDT,0.2882,351.0,0.2881,464.0,0.2883,349.0,0.2884,351.0
1753600029131,07:07:09.131,huobi,1INCH/USDT:USDT,0.2882,351.0,0.2881,464.0,0.2884,351.0,0.2885,3429.0
1753600029174,07:07:09.174,huobi,1INCH/USDT:USDT,0.2882,351.0,0.2881,464.0,0.2884,351.0,0.2885,3429.0
1753600029325,07:07:09.325,huobi,1INCH/USDT:USDT,0.2882,351.0,0.2881,464.0,0.2884,351.0,0.2885,3429.0
1753600029348,07:07:09.348,huobi,1INCH/USDT:USDT,0.2882,351.0,0.2881,464.0,0.2884,351.0,0.2885,3429.0
1753600029378,07:07:09.378,huobi,1INCH/USDT:USDT,0.2882,351.0,0.2881,464.0,0.2884,351.0,0.2885,3429.0
1753600029444,07:07:09.444,huobi,1INCH/USDT:USDT,0.2882,351.0,0.2881,464.0,0.2884,351.0,0.2885,351.0
1753600029493,07:07:09.493,huobi,1INCH/USDT:USDT,0.2882,351.0,0.2881,464.0,0.2886,351.0,0.2887,3429.0
1753600029528,07:07:09.528,huobi,1INCH/USDT:USDT,0.2882,351.0,0.2881,359.0,0.2886,351.0,0.2887,3429.0
1753600029548,07:07:09.548,huobi,1INCH/USDT:USDT,0.2881,359.0,0.288,3427.0,0.2886,351.0,0.2887,3429.0
1753600029677,07:07:09.677,huobi,1INCH/USDT:USDT,0.2882,105.0,0.2881,359.0,0.2886,351.0,0.2887,3429.0
1753600029697,07:07:09.697,huobi,1INCH/USDT:USDT,0.2883,349.0,0.2882,105.0,0.2886,351.0,0.2887,3429.0
1753600029735,07:07:09.735,huobi,1INCH/USDT:USDT,0.2883,349.0,0.2881,3437.0,0.2886,351.0,0.2887,3429.0
1753600029764,07:07:09.764,huobi,1INCH/USDT:USDT,0.2883,349.0,0.2881,3437.0,0.2885,349.0,0.2886,3429.0
1753600029786,07:07:09.786,huobi,1INCH/USDT:USDT,0.2883,349.0,0.2881,3437.0,0.2885,349.0,0.2886,3429.0
1753600029819,07:07:09.819,huobi,1INCH/USDT:USDT,0.2883,349.0,0.2882,105.0,0.2885,349.0,0.2886,3429.0
1753600029845,07:07:09.845,huobi,1INCH/USDT:USDT,0.2883,349.0,0.2882,105.0,0.2885,349.0,0.2886,3429.0
1753600029937,07:07:09.937,huobi,1INCH/USDT:USDT,0.2883,349.0,0.2882,105.0,0.2885,349.0,0.2886,3429.0
1753600029967,07:07:09.967,huobi,1INCH/USDT:USDT,0.2883,349.0,0.2882,105.0,0.2885,349.0,0.2886,3429.0
1753600030265,07:07:10.265,huobi,1INCH/USDT:USDT,0.2882,105.0,0.2881,3437.0,0.2885,349.0,0.2886,3429.0
1753600030266,07:07:10.266,huobi,1INCH/USDT:USDT,0.2882,105.0,0.2881,359.0,0.2885,349.0,0.2886,3429.0
1753600030298,07:07:10.298,huobi,1INCH/USDT:USDT,0.2882,349.0,0.2881,359.0,0.2884,349.0,0.2885,3427.0
1753600030328,07:07:10.328,huobi,1INCH/USDT:USDT,0.2882,349.0,0.2881,464.0,0.2884,349.0,0.2885,3427.0
1753600030470,07:07:10.470,huobi,1INCH/USDT:USDT,0.2882,349.0,0.2881,464.0,0.2884,349.0,0.2885,3427.0
1753600030488,07:07:10.488,huobi,1INCH/USDT:USDT,0.2882,349.0,0.2881,464.0,0.2884,3427.0,0.2885,3427.0
1753600030546,07:07:10.546,huobi,1INCH/USDT:USDT,0.2882,349.0,0.2881,464.0,0.2883,349.0,0.2884,349.0
1753600030578,07:07:10.578,huobi,1INCH/USDT:USDT,0.2882,349.0,0.2881,464.0,0.2883,349.0,0.2884,349.0
1753600030597,07:07:10.597,huobi,1INCH/USDT:USDT,0.2882,349.0,0.2881,464.0,0.2883,349.0,0.2884,349.0
1753600030660,07:07:10.660,huobi,1INCH/USDT:USDT,0.2882,349.0,0.2881,464.0,0.2884,349.0,0.2885,3569.0
1753600030714,07:07:10.714,huobi,1INCH/USDT:USDT,0.2882,349.0,0.2881,464.0,0.2884,349.0,0.2885,3427.0
1753600030727,07:07:10.727,huobi,1INCH/USDT:USDT,0.2882,349.0,0.2881,464.0,0.2884,349.0,0.2885,3427.0
1753600030797,07:07:10.797,huobi,1INCH/USDT:USDT,0.2882,349.0,0.2881,464.0,0.2884,349.0,0.2885,3427.0
1753600031657,07:07:11.657,huobi,1INCH/USDT:USDT,0.2882,349.0,0.2881,464.0,0.2884,349.0,0.2885,3427.0
1753600031816,07:07:11.816,huobi,1INCH/USDT:USDT,0.2882,349.0,0.2881,464.0,0.2884,349.0,0.2885,3427.0
1753600032084,07:07:12.084,huobi,1INCH/USDT:USDT,0.2882,349.0,0.2881,464.0,0.2884,349.0,0.2885,3427.0
1753600032143,07:07:12.143,huobi,1INCH/USDT:USDT,0.2882,349.0,0.2881,464.0,0.2884,349.0,0.2885,3427.0
1753600032160,07:07:12.160,huobi,1INCH/USDT:USDT,0.2882,349.0,0.2881,3542.0,0.2885,3427.0,0.2886,3429.0
1753600032213,07:07:12.213,huobi,1INCH/USDT:USDT,0.2882,454.0,0.2881,3437.0,0.2885,3427.0,0.2886,3429.0
1753600032226,07:07:12.226,huobi,1INCH/USDT:USDT,0.2883,349.0,0.2882,454.0,0.2885,3427.0,0.2886,3429.0
1753600032485,07:07:12.485,huobi,1INCH/USDT:USDT,0.2883,349.0,0.2882,454.0,0.2885,3427.0,0.2886,3429.0
1753600032485,07:07:12.485,huobi,1INCH/USDT:USDT,0.2883,349.0,0.2882,454.0,0.2885,3427.0,0.2886,3429.0
1753600033099,07:07:13.099,huobi,1INCH/USDT:USDT,0.2883,349.0,0.2882,454.0,0.2885,3427.0,0.2886,3429.0
1753600033158,07:07:13.158,huobi,1INCH/USDT:USDT,0.2883,349.0,0.2882,454.0,0.2886,3429.0,0.2887,3429.0
1753600033216,07:07:13.216,huobi,1INCH/USDT:USDT,0.2883,349.0,0.2882,454.0,0.2886,3429.0,0.2887,3429.0
1753600033245,07:07:13.245,huobi,1INCH/USDT:USDT,0.2883,349.0,0.2882,3427.0,0.2886,3429.0,0.2887,3429.0
1753600033270,07:07:13.270,huobi,1INCH/USDT:USDT,0.2884,349.0,0.2883,454.0,0.2886,3429.0,0.2887,3429.0
1753600033331,07:07:13.331,huobi,1INCH/USDT:USDT,0.2884,349.0,0.2883,454.0,0.2886,3429.0,0.2887,3429.0
1753600033379,07:07:13.379,huobi,1INCH/USDT:USDT,0.2884,349.0,0.2883,454.0,0.2886,3429.0,0.2887,3429.0
1753600033540,07:07:13.540,huobi,1INCH/USDT:USDT,0.2884,349.0,0.2883,454.0,0.2886,3429.0,0.2887,3429.0
1753600033662,07:07:13.662,huobi,1INCH/USDT:USDT,0.2883,454.0,0.2882,3427.0,0.2885,349.0,0.2886,3429.0
1753600033695,07:07:13.695,huobi,1INCH/USDT:USDT,0.2883,454.0,0.2882,349.0,0.2885,349.0,0.2886,3429.0
1753600033769,07:07:13.769,huobi,1INCH/USDT:USDT,0.2883,349.0,0.2882,349.0,0.2885,349.0,0.2886,3429.0
1753600033785,07:07:13.785,huobi,1INCH/USDT:USDT,0.2883,349.0,0.2882,454.0,0.2885,349.0,0.2886,3429.0
1753600033810,07:07:13.810,huobi,1INCH/USDT:USDT,0.2883,349.0,0.2882,454.0,0.2885,349.0,0.2886,3429.0
1753600033860,07:07:13.860,huobi,1INCH/USDT:USDT,0.2883,349.0,0.2882,454.0,0.2885,349.0,0.2886,3429.0
1753600033890,07:07:13.890,huobi,1INCH/USDT:USDT,0.2883,349.0,0.2882,454.0,0.2885,349.0,0.2886,3429.0
1753600033939,07:07:13.939,huobi,1INCH/USDT:USDT,0.2883,349.0,0.2882,454.0,0.2885,349.0,0.2886,3429.0
1753600034037,07:07:14.037,huobi,1INCH/USDT:USDT,0.2883,349.0,0.2882,454.0,0.2885,349.0,0.2886,3429.0
1753600034252,07:07:14.252,huobi,1INCH/USDT:USDT,0.2883,349.0,0.2882,454.0,0.2885,349.0,0.2886,3429.0
1753600034256,07:07:14.256,huobi,1INCH/USDT:USDT,0.2883,349.0,0.2882,454.0,0.2885,349.0,0.2886,3429.0
1753600036387,07:07:16.387,huobi,1INCH/USDT:USDT,0.2883,349.0,0.2882,454.0,0.2885,349.0,0.2886,3429.0
1753600036634,07:07:16.634,huobi,1INCH/USDT:USDT,0.2883,349.0,0.2882,454.0,0.2885,349.0,0.2886,3429.0
1753600036770,07:07:16.770,huobi,1INCH/USDT:USDT,0.2883,349.0,0.2882,454.0,0.2885,349.0,0.2886,3429.0
1753600036781,07:07:16.781,huobi,1INCH/USDT:USDT,0.2883,349.0,0.2882,454.0,0.2885,349.0,0.2886,3429.0
1753600036809,07:07:16.809,huobi,1INCH/USDT:USDT,0.2883,349.0,0.2882,454.0,0.2885,349.0,0.2886,3429.0
1753600036837,07:07:16.837,huobi,1INCH/USDT:USDT,0.2883,349.0,0.2882,454.0,0.2885,349.0,0.2886,3429.0
1753600037108,07:07:17.108,huobi,1INCH/USDT:USDT,0.2883,349.0,0.2882,454.0,0.2885,349.0,0.2886,3429.0
1753600037913,07:07:17.913,huobi,1INCH/USDT:USDT,0.2883,349.0,0.2882,454.0,0.2885,349.0,0.2886,3429.0
1753600037926,07:07:17.926,huobi,1INCH/USDT:USDT,0.2883,349.0,0.2882,454.0,0.2885,349.0,0.2886,3429.0
1753600037959,07:07:17.959,huobi,1INCH/USDT:USDT,0.2883,349.0,0.2882,454.0,0.2885,349.0,0.2886,3429.0
1753600038013,07:07:18.013,huobi,1INCH/USDT:USDT,0.2883,349.0,0.2882,454.0,0.2885,349.0,0.2886,3429.0
1753600038509,07:07:18.509,huobi,1INCH/USDT:USDT,0.2883,349.0,0.2882,454.0,0.2885,349.0,0.2886,3429.0
1753600038871,07:07:18.871,huobi,1INCH/USDT:USDT,0.2883,349.0,0.2882,454.0,0.2885,349.0,0.2886,3429.0
1753600039266,07:07:19.266,huobi,1INCH/USDT:USDT,0.2883,349.0,0.2882,454.0,0.2885,349.0,0.2886,3429.0
1753600039867,07:07:19.867,huobi,1INCH/USDT:USDT,0.2883,349.0,0.2882,454.0,0.2885,349.0,0.2886,3429.0
1753600039879,07:07:19.879,huobi,1INCH/USDT:USDT,0.2883,349.0,0.2882,454.0,0.2885,349.0,0.2886,3429.0
1753600040671,07:07:20.671,huobi,1INCH/USDT:USDT,0.2883,349.0,0.2882,454.0,0.2885,349.0,0.2886,3429.0
1753600041108,07:07:21.108,huobi,1INCH/USDT:USDT,0.2883,349.0,0.2882,454.0,0.2885,349.0,0.2886,3429.0
1753600041749,07:07:21.749,huobi,1INCH/USDT:USDT,0.2883,349.0,0.2882,454.0,0.2885,349.0,0.2886,3429.0
1753600041767,07:07:21.767,huobi,1INCH/USDT:USDT,0.2883,349.0,0.2882,454.0,0.2885,349.0,0.2886,3429.0
1753600042802,07:07:22.802,huobi,1INCH/USDT:USDT,0.2883,349.0,0.2882,454.0,0.2885,349.0,0.2886,3429.0
1753600043191,07:07:23.191,huobi,1INCH/USDT:USDT,0.2883,349.0,0.2882,454.0,0.2885,349.0,0.2886,3429.0
1753600043205,07:07:23.205,huobi,1INCH/USDT:USDT,0.2882,454.0,0.2881,359.0,0.2885,349.0,0.2886,3429.0
1753600043291,07:07:23.291,huobi,1INCH/USDT:USDT,0.2882,454.0,0.2881,359.0,0.2885,3427.0,0.2886,3429.0
1753600043332,07:07:23.332,huobi,1INCH/USDT:USDT,0.2882,454.0,0.2881,359.0,0.2884,354.0,0.2885,3427.0
1753600043363,07:07:23.363,huobi,1INCH/USDT:USDT,0.2882,349.0,0.2881,359.0,0.2884,354.0,0.2885,3427.0
1753600043390,07:07:23.390,huobi,1INCH/USDT:USDT,0.2882,349.0,0.2881,464.0,0.2884,354.0,0.2885,3427.0
1753600043443,07:07:23.443,huobi,1INCH/USDT:USDT,0.2882,349.0,0.2881,464.0,0.2884,354.0,0.2885,3427.0
1753600043476,07:07:23.476,huobi,1INCH/USDT:USDT,0.2882,349.0,0.2881,464.0,0.2884,354.0,0.2885,3427.0
1753600043497,07:07:23.497,huobi,1INCH/USDT:USDT,0.2881,464.0,0.288,3427.0,0.2884,354.0,0.2885,3427.0
1753600043549,07:07:23.549,huobi,1INCH/USDT:USDT,0.2881,464.0,0.288,3427.0,0.2884,354.0,0.2885,3427.0
1753600043576,07:07:23.576,huobi,1INCH/USDT:USDT,0.2881,464.0,0.288,3427.0,0.2884,354.0,0.2885,3427.0
1753600043600,07:07:23.600,huobi,1INCH/USDT:USDT,0.2881,464.0,0.288,3427.0,0.2884,354.0,0.2885,3427.0
1753600043652,07:07:23.652,huobi,1INCH/USDT:USDT,0.2881,464.0,0.288,349.0,0.2884,354.0,0.2885,3427.0
1753600043690,07:07:23.690,huobi,1INCH/USDT:USDT,0.2882,354.0,0.2881,464.0,0.2884,3432.0,0.2885,3427.0
1753600043770,07:07:23.770,huobi,1INCH/USDT:USDT,0.2882,354.0,0.2881,464.0,0.2883,354.0,0.2884,354.0
1753600043809,07:07:23.809,huobi,1INCH/USDT:USDT,0.2882,354.0,0.2881,464.0,0.2883,354.0,0.2884,3432.0
1753600043827,07:07:23.827,huobi,1INCH/USDT:USDT,0.2882,354.0,0.2881,464.0,0.2883,354.0,0.2884,3432.0
1753600043959,07:07:23.959,huobi,1INCH/USDT:USDT,0.2882,354.0,0.2881,464.0,0.2883,354.0,0.2884,3432.0
1753600044215,07:07:24.215,huobi,1INCH/USDT:USDT,0.2882,354.0,0.2881,464.0,0.2883,354.0,0.2884,3432.0
1753600044358,07:07:24.358,huobi,1INCH/USDT:USDT,0.2882,354.0,0.2881,464.0,0.2883,354.0,0.2884,3432.0
1753600044695,07:07:24.695,huobi,1INCH/USDT:USDT,0.2882,354.0,0.2881,464.0,0.2883,354.0,0.2884,3432.0
1753600044860,07:07:24.860,huobi,1INCH/USDT:USDT,0.2882,354.0,0.2881,464.0,0.2883,354.0,0.2884,3432.0
1753600044926,07:07:24.926,huobi,1INCH/USDT:USDT,0.2882,354.0,0.2881,464.0,0.2883,354.0,0.2884,3432.0
1753600045240,07:07:25.240,huobi,1INCH/USDT:USDT,0.2882,354.0,0.2881,464.0,0.2883,354.0,0.2884,3432.0
1753600046378,07:07:26.378,huobi,1INCH/USDT:USDT,0.2882,354.0,0.2881,464.0,0.2883,354.0,0.2884,3432.0
1753600046465,07:07:26.465,huobi,1INCH/USDT:USDT,0.2881,464.0,0.288,349.0,0.2883,354.0,0.2884,3432.0
1753600046504,07:07:26.504,huobi,1INCH/USDT:USDT,0.288,349.0,0.2879,3078.0,0.2883,354.0,0.2884,3432.0
1753600046526,07:07:26.526,huobi,1INCH/USDT:USDT,0.288,454.0,0.2879,3078.0,0.2883,354.0,0.2884,3432.0
1753600046562,07:07:26.562,huobi,1INCH/USDT:USDT,0.288,454.0,0.2879,3078.0,0.2883,354.0,0.2884,3432.0
1753600046597,07:07:26.597,huobi,1INCH/USDT:USDT,0.2881,354.0,0.288,454.0,0.2883,354.0,0.2884,3432.0
1753600046622,07:07:26.622,huobi,1INCH/USDT:USDT,0.2881,354.0,0.288,454.0,0.2883,354.0,0.2884,3432.0
1753600046667,07:07:26.667,huobi,1INCH/USDT:USDT,0.2881,354.0,0.288,454.0,0.2883,354.0,0.2884,3432.0
1753600046677,07:07:26.677,huobi,1INCH/USDT:USDT,0.2881,354.0,0.288,454.0,0.2883,354.0,0.2884,3432.0
1753600046713,07:07:26.713,huobi,1INCH/USDT:USDT,0.2881,354.0,0.288,454.0,0.2883,354.0,0.2884,3432.0
1753600046763,07:07:26.763,huobi,1INCH/USDT:USDT,0.2881,354.0,0.288,454.0,0.2883,354.0,0.2884,3432.0
1753600046785,07:07:26.785,huobi,1INCH/USDT:USDT,0.2881,354.0,0.288,454.0,0.2883,354.0,0.2884,3432.0
1753600046815,07:07:26.815,huobi,1INCH/USDT:USDT,0.2881,354.0,0.288,454.0,0.2883,354.0,0.2884,3432.0
1753600046864,07:07:26.864,huobi,1INCH/USDT:USDT,0.2881,354.0,0.288,454.0,0.2883,354.0,0.2884,3432.0
1753600046899,07:07:26.899,huobi,1INCH/USDT:USDT,0.2881,354.0,0.288,454.0,0.2883,354.0,0.2884,3432.0
1753600046917,07:07:26.917,huobi,1INCH/USDT:USDT,0.2881,354.0,0.288,454.0,0.2883,354.0,0.2884,3432.0
1753600046948,07:07:26.948,huobi,1INCH/USDT:USDT,0.2881,354.0,0.288,454.0,0.2883,354.0,0.2884,3432.0
1753600047037,07:07:27.037,huobi,1INCH/USDT:USDT,0.2881,354.0,0.288,454.0,0.2883,354.0,0.2884,3432.0
1753600047068,07:07:27.068,huobi,1INCH/USDT:USDT,0.2881,354.0,0.288,454.0,0.2883,354.0,0.2884,3432.0
1753600047120,07:07:27.120,huobi,1INCH/USDT:USDT,0.2881,354.0,0.288,454.0,0.2883,354.0,0.2884,3432.0
1753600047126,07:07:27.126,huobi,1INCH/USDT:USDT,0.2881,354.0,0.288,454.0,0.2883,354.0,0.2884,3432.0
1753600047223,07:07:27.223,huobi,1INCH/USDT:USDT,0.2881,354.0,0.288,454.0,0.2883,354.0,0.2884,3432.0
1753600047463,07:07:27.463,huobi,1INCH/USDT:USDT,0.2881,354.0,0.288,454.0,0.2883,354.0,0.2884,3432.0
1753600047506,07:07:27.506,huobi,1INCH/USDT:USDT,0.2881,354.0,0.288,454.0,0.2883,354.0,0.2884,3432.0
1753600047530,07:07:27.530,huobi,1INCH/USDT:USDT,0.2881,354.0,0.288,454.0,0.2883,354.0,0.2884,3432.0
1753600047554,07:07:27.554,huobi,1INCH/USDT:USDT,0.2881,354.0,0.288,454.0,0.2883,354.0,0.2884,3432.0
1753600047884,07:07:27.884,huobi,1INCH/USDT:USDT,0.2881,354.0,0.288,454.0,0.2883,354.0,0.2884,3432.0
1753600047924,07:07:27.924,huobi,1INCH/USDT:USDT,0.2881,354.0,0.288,454.0,0.2883,354.0,0.2884,3432.0
1753600047937,07:07:27.937,huobi,1INCH/USDT:USDT,0.2881,354.0,0.288,454.0,0.2883,354.0,0.2884,3432.0
1753600047988,07:07:27.988,huobi,1INCH/USDT:USDT,0.2881,354.0,0.288,454.0,0.2883,354.0,0.2884,3432.0
1753600048012,07:07:28.012,huobi,1INCH/USDT:USDT,0.2881,354.0,0.288,454.0,0.2883,354.0,0.2884,3432.0
1753600048028,07:07:28.028,huobi,1INCH/USDT:USDT,0.2881,354.0,0.288,454.0,0.2883,354.0,0.2884,3432.0
1753600048114,07:07:28.114,huobi,1INCH/USDT:USDT,0.2881,354.0,0.288,454.0,0.2883,354.0,0.2884,3432.0
1753600048187,07:07:28.187,huobi,1INCH/USDT:USDT,0.2881,354.0,0.288,454.0,0.2883,354.0,0.2884,3432.0
1753600048189,07:07:28.189,huobi,1INCH/USDT:USDT,0.2881,354.0,0.288,454.0,0.2883,354.0,0.2884,3432.0
1753600048577,07:07:28.577,huobi,1INCH/USDT:USDT,0.2881,354.0,0.288,454.0,0.2883,354.0,0.2884,3432.0
1753600048577,07:07:28.577,huobi,1INCH/USDT:USDT,0.2881,354.0,0.288,454.0,0.2883,354.0,0.2884,3432.0
1753600048578,07:07:28.578,huobi,1INCH/USDT:USDT,0.288,454.0,0.2879,3432.0,0.2883,354.0,0.2884,3432.0
1753600048600,07:07:28.600,huobi,1INCH/USDT:USDT,0.288,454.0,0.2879,354.0,0.2883,3432.0,0.2884,3432.0
1753600048626,07:07:28.626,huobi,1INCH/USDT:USDT,0.288,454.0,0.2879,354.0,0.2882,354.0,0.2883,3432.0
1753600048661,07:07:28.661,huobi,1INCH/USDT:USDT,0.288,349.0,0.2879,354.0,0.2882,354.0,0.2883,3432.0
1753600048692,07:07:28.692,huobi,1INCH/USDT:USDT,0.288,349.0,0.2879,459.0,0.2882,354.0,0.2883,3432.0
1753600048716,07:07:28.716,huobi,1INCH/USDT:USDT,0.2879,459.0,0.2878,3078.0,0.2882,354.0,0.2883,3432.0
1753600048770,07:07:28.770,huobi,1INCH/USDT:USDT,0.288,357.0,0.2879,459.0,0.2882,354.0,0.2883,3432.0
1753600048776,07:07:28.776,huobi,1INCH/USDT:USDT,0.288,357.0,0.2879,459.0,0.2882,354.0,0.2883,3432.0
1753600048810,07:07:28.810,huobi,1INCH/USDT:USDT,0.288,357.0,0.2879,459.0,0.2882,354.0,0.2883,3432.0
1753600048847,07:07:28.847,huobi,1INCH/USDT:USDT,0.288,357.0,0.2879,459.0,0.2882,354.0,0.2883,3432.0
1753600048872,07:07:28.872,huobi,1INCH/USDT:USDT,0.288,357.0,0.2879,459.0,0.2882,354.0,0.2883,3432.0
1753600048901,07:07:28.901,huobi,1INCH/USDT:USDT,0.288,357.0,0.2879,459.0,0.2882,354.0,0.2883,3432.0
1753600048927,07:07:28.927,huobi,1INCH/USDT:USDT,0.288,357.0,0.2879,459.0,0.2882,354.0,0.2883,3432.0
1753600048974,07:07:28.974,huobi,1INCH/USDT:USDT,0.288,357.0,0.2879,459.0,0.2882,354.0,0.2883,3432.0
1753600049012,07:07:29.012,huobi,1INCH/USDT:USDT,0.288,357.0,0.2879,459.0,0.2882,354.0,0.2883,3432.0
1753600049026,07:07:29.026,huobi,1INCH/USDT:USDT,0.288,357.0,0.2879,459.0,0.2882,354.0,0.2883,3432.0
1753600049047,07:07:29.047,huobi,1INCH/USDT:USDT,0.288,357.0,0.2879,459.0,0.2882,354.0,0.2883,3432.0
1753600049111,07:07:29.111,huobi,1INCH/USDT:USDT,0.288,357.0,0.2879,459.0,0.2882,354.0,0.2883,3432.0
1753600049142,07:07:29.142,huobi,1INCH/USDT:USDT,0.288,357.0,0.2879,459.0,0.2882,354.0,0.2883,3432.0
1753600049207,07:07:29.207,huobi,1INCH/USDT:USDT,0.288,357.0,0.2879,459.0,0.2882,354.0,0.2883,3432.0
1753600049259,07:07:29.259,huobi,1INCH/USDT:USDT,0.288,357.0,0.2879,459.0,0.2882,354.0,0.2883,3432.0
1753600049297,07:07:29.297,huobi,1INCH/USDT:USDT,0.288,357.0,0.2879,459.0,0.2882,354.0,0.2883,3432.0
1753600049326,07:07:29.326,huobi,1INCH/USDT:USDT,0.288,357.0,0.2879,459.0,0.2882,354.0,0.2883,3432.0
1753600049376,07:07:29.376,huobi,1INCH/USDT:USDT,0.288,357.0,0.2879,459.0,0.2882,354.0,0.2883,3432.0
1753600049429,07:07:29.429,huobi,1INCH/USDT:USDT,0.288,357.0,0.2879,459.0,0.2882,354.0,0.2883,3432.0
1753600049464,07:07:29.464,huobi,1INCH/USDT:USDT,0.288,357.0,0.2879,459.0,0.2882,354.0,0.2883,3432.0
1753600049479,07:07:29.479,huobi,1INCH/USDT:USDT,0.288,357.0,0.2879,459.0,0.2882,354.0,0.2883,3432.0
1753600049514,07:07:29.514,huobi,1INCH/USDT:USDT,0.288,357.0,0.2879,459.0,0.2882,354.0,0.2883,3432.0
1753600049874,07:07:29.874,huobi,1INCH/USDT:USDT,0.288,357.0,0.2879,459.0,0.2882,354.0,0.2883,3432.0
1753600050233,07:07:30.233,huobi,1INCH/USDT:USDT,0.288,357.0,0.2879,459.0,0.2882,354.0,0.2883,3432.0
1753600050307,07:07:30.307,huobi,1INCH/USDT:USDT,0.288,357.0,0.2879,459.0,0.2882,354.0,0.2883,354.0
1753600050389,07:07:30.389,huobi,1INCH/USDT:USDT,0.288,357.0,0.2879,459.0,0.2883,3432.0,0.2884,3573.0
1753600050406,07:07:30.406,huobi,1INCH/USDT:USDT,0.288,357.0,0.2879,459.0,0.2882,357.0,0.2883,3432.0
1753600050439,07:07:30.439,huobi,1INCH/USDT:USDT,0.288,357.0,0.2879,354.0,0.2882,357.0,0.2883,3432.0
1753600050456,07:07:30.456,huobi,1INCH/USDT:USDT,0.288,105.0,0.2879,354.0,0.2882,357.0,0.2883,3432.0
1753600050507,07:07:30.507,huobi,1INCH/USDT:USDT,0.2879,459.0,0.2878,3435.0,0.2882,357.0,0.2883,3432.0
1753600050520,07:07:30.520,huobi,1INCH/USDT:USDT,0.288,357.0,0.2879,459.0,0.2882,357.0,0.2883,3432.0
1753600050626,07:07:30.626,huobi,1INCH/USDT:USDT,0.288,357.0,0.2879,459.0,0.2882,357.0,0.2883,3432.0
1753600050678,07:07:30.678,huobi,1INCH/USDT:USDT,0.288,357.0,0.2879,459.0,0.2882,357.0,0.2883,3432.0
1753600050830,07:07:30.830,huobi,1INCH/USDT:USDT,0.288,357.0,0.2879,459.0,0.2882,357.0,0.2883,3432.0
1753600051086,07:07:31.086,huobi,1INCH/USDT:USDT,0.288,357.0,0.2879,459.0,0.2882,357.0,0.2883,3432.0
1753600051192,07:07:31.192,huobi,1INCH/USDT:USDT,0.288,357.0,0.2879,459.0,0.2882,357.0,0.2883,3432.0
1753600051228,07:07:31.228,huobi,1INCH/USDT:USDT,0.288,357.0,0.2879,459.0,0.2882,357.0,0.2883,3432.0
1753600051334,07:07:31.334,huobi,1INCH/USDT:USDT,0.288,357.0,0.2879,459.0,0.2882,357.0,0.2883,3432.0
1753600051559,07:07:31.559,huobi,1INCH/USDT:USDT,0.288,357.0,0.2879,459.0,0.2882,357.0,0.2883,3432.0
1753600051608,07:07:31.608,huobi,1INCH/USDT:USDT,0.288,357.0,0.2879,459.0,0.2882,357.0,0.2883,3432.0
1753600052122,07:07:32.122,huobi,1INCH/USDT:USDT,0.288,357.0,0.2879,459.0,0.2882,357.0,0.2883,354.0
1753600052174,07:07:32.174,huobi,1INCH/USDT:USDT,0.288,357.0,0.2879,459.0,0.2883,354.0,0.2884,3573.0
1753600052193,07:07:32.193,huobi,1INCH/USDT:USDT,0.288,357.0,0.2879,354.0,0.2883,354.0,0.2884,3573.0
1753600052232,07:07:32.232,huobi,1INCH/USDT:USDT,0.2879,354.0,0.2878,3435.0,0.2882,357.0,0.2883,3432.0
1753600052270,07:07:32.270,huobi,1INCH/USDT:USDT,0.288,105.0,0.2879,354.0,0.2882,357.0,0.2883,354.0
1753600052326,07:07:32.326,huobi,1INCH/USDT:USDT,0.2879,3432.0,0.2878,3435.0,0.2882,357.0,0.2883,354.0
1753600052375,07:07:32.375,huobi,1INCH/USDT:USDT,0.288,357.0,0.2879,3537.0,0.2882,357.0,0.2883,354.0
1753600052376,07:07:32.376,huobi,1INCH/USDT:USDT,0.288,357.0,0.2879,3537.0,0.2882,357.0,0.2883,354.0
1753600052414,07:07:32.414,huobi,1INCH/USDT:USDT,0.288,357.0,0.2879,3537.0,0.2883,354.0,0.2884,3432.0
1753600052475,07:07:32.475,huobi,1INCH/USDT:USDT,0.288,462.0,0.2879,3432.0,0.2883,354.0,0.2884,3432.0
1753600053483,07:07:33.483,huobi,1INCH/USDT:USDT,0.2881,357.0,0.288,462.0,0.2883,354.0,0.2884,3432.0
1753600053489,07:07:33.489,huobi,1INCH/USDT:USDT,0.2881,357.0,0.288,462.0,0.2883,354.0,0.2884,3432.0
1753600055633,07:07:35.633,huobi,1INCH/USDT:USDT,0.2881,357.0,0.288,462.0,0.2883,354.0,0.2884,3432.0
1753600055871,07:07:35.871,huobi,1INCH/USDT:USDT,0.2881,357.0,0.288,462.0,0.2883,354.0,0.2884,3432.0
1753600055902,07:07:35.902,huobi,1INCH/USDT:USDT,0.2881,357.0,0.288,462.0,0.2883,354.0,0.2884,3432.0
1753600055994,07:07:35.994,huobi,1INCH/USDT:USDT,0.2881,357.0,0.288,462.0,0.2883,354.0,0.2884,3432.0
1753600056041,07:07:36.041,huobi,1INCH/USDT:USDT,0.2881,357.0,0.288,462.0,0.2883,354.0,0.2884,3432.0
1753600056258,07:07:36.258,huobi,1INCH/USDT:USDT,0.2881,357.0,0.288,462.0,0.2883,354.0,0.2884,3432.0
1753600056356,07:07:36.356,huobi,1INCH/USDT:USDT,0.2881,357.0,0.288,462.0,0.2883,354.0,0.2884,3432.0
1753600056527,07:07:36.527,huobi,1INCH/USDT:USDT,0.2881,357.0,0.288,462.0,0.2883,354.0,0.2884,3432.0
1753600056606,07:07:36.606,huobi,1INCH/USDT:USDT,0.2881,357.0,0.288,462.0,0.2883,354.0,0.2884,3432.0
1753600057121,07:07:37.121,huobi,1INCH/USDT:USDT,0.2881,357.0,0.288,462.0,0.2883,354.0,0.2884,3432.0
1753600057261,07:07:37.261,huobi,1INCH/USDT:USDT,0.2881,357.0,0.288,462.0,0.2884,3432.0,0.2885,3567.0
1753600057279,07:07:37.279,huobi,1INCH/USDT:USDT,0.2881,357.0,0.288,357.0,0.2884,3432.0,0.2885,3567.0
1753600057317,07:07:37.317,huobi,1INCH/USDT:USDT,0.2881,357.0,0.288,3435.0,0.2884,3432.0,0.2885,3567.0
1753600057370,07:07:37.370,huobi,1INCH/USDT:USDT,0.2881,462.0,0.288,3435.0,0.2884,3432.0,0.2885,3567.0
1753600057396,07:07:37.396,huobi,1INCH/USDT:USDT,0.2881,462.0,0.288,3435.0,0.2884,3432.0,0.2885,3567.0
1753600057419,07:07:37.419,huobi,1INCH/USDT:USDT,0.2881,462.0,0.288,3435.0,0.2884,3432.0,0.2885,3567.0
1753600057449,07:07:37.449,huobi,1INCH/USDT:USDT,0.2882,357.0,0.2881,462.0,0.2884,3432.0,0.2885,3567.0
1753600057495,07:07:37.495,huobi,1INCH/USDT:USDT,0.2882,357.0,0.2881,462.0,0.2884,3432.0,0.2885,3427.0
1753600057520,07:07:37.520,huobi,1INCH/USDT:USDT,0.2882,357.0,0.2881,462.0,0.2884,3432.0,0.2885,3427.0
1753600057635,07:07:37.635,huobi,1INCH/USDT:USDT,0.2882,357.0,0.2881,462.0,0.2884,3432.0,0.2885,3427.0
1753600057636,07:07:37.636,huobi,1INCH/USDT:USDT,0.2882,357.0,0.2881,462.0,0.2884,3432.0,0.2885,3427.0
1753600057774,07:07:37.774,huobi,1INCH/USDT:USDT,0.2882,357.0,0.2881,462.0,0.2884,3432.0,0.2885,3427.0
1753600058271,07:07:38.271,huobi,1INCH/USDT:USDT,0.2882,357.0,0.2881,462.0,0.2884,3432.0,0.2885,3427.0
1753600058348,07:07:38.348,huobi,1INCH/USDT:USDT,0.2882,357.0,0.2881,462.0,0.2884,3432.0,0.2885,3427.0
1753600058430,07:07:38.430,huobi,1INCH/USDT:USDT,0.2882,357.0,0.2881,462.0,0.2884,3432.0,0.2885,3427.0
1753600058441,07:07:38.441,huobi,1INCH/USDT:USDT,0.2882,357.0,0.2881,462.0,0.2884,3432.0,0.2885,3427.0
1753600059126,07:07:39.126,huobi,1INCH/USDT:USDT,0.2882,357.0,0.2881,462.0,0.2884,3432.0,0.2885,3427.0
1753600059162,07:07:39.162,huobi,1INCH/USDT:USDT,0.2882,357.0,0.2881,462.0,0.2884,3432.0,0.2885,3427.0
1753600059905,07:07:39.905,huobi,1INCH/USDT:USDT,0.2882,357.0,0.2881,462.0,0.2884,3432.0,0.2885,3427.0
1753600060894,07:07:40.894,huobi,1INCH/USDT:USDT,0.2882,357.0,0.2881,462.0,0.2884,3432.0,0.2885,3427.0
1753600060935,07:07:40.935,huobi,1INCH/USDT:USDT,0.2882,357.0,0.2881,462.0,0.2884,3432.0,0.2885,3427.0
1753600061040,07:07:41.040,huobi,1INCH/USDT:USDT,0.2882,357.0,0.2881,462.0,0.2884,3432.0,0.2885,3427.0
1753600061360,07:07:41.360,huobi,1INCH/USDT:USDT,0.2882,357.0,0.2881,462.0,0.2884,3432.0,0.2885,3427.0
1753600063069,07:07:43.069,huobi,1INCH/USDT:USDT,0.2882,357.0,0.2881,462.0,0.2884,3432.0,0.2885,3427.0
1753600063086,07:07:43.086,huobi,1INCH/USDT:USDT,0.2882,357.0,0.2881,462.0,0.2883,344.0,0.2884,3432.0
1753600063138,07:07:43.138,huobi,1INCH/USDT:USDT,0.2882,357.0,0.2881,462.0,0.2883,344.0,0.2884,3432.0
1753600063357,07:07:43.357,huobi,1INCH/USDT:USDT,0.2882,357.0,0.2881,462.0,0.2883,344.0,0.2884,3432.0
1753600063504,07:07:43.504,huobi,1INCH/USDT:USDT,0.2882,357.0,0.2881,462.0,0.2883,344.0,0.2884,3432.0
1753600063509,07:07:43.509,huobi,1INCH/USDT:USDT,0.2882,357.0,0.2881,462.0,0.2883,344.0,0.2884,3432.0
1753600063629,07:07:43.629,huobi,1INCH/USDT:USDT,0.2882,357.0,0.2881,462.0,0.2883,344.0,0.2884,3432.0
1753600063777,07:07:43.777,huobi,1INCH/USDT:USDT,0.2882,357.0,0.2881,462.0,0.2883,344.0,0.2884,3432.0
1753600064894,07:07:44.894,huobi,1INCH/USDT:USDT,0.2882,357.0,0.2881,462.0,0.2883,344.0,0.2884,3432.0
1753600064947,07:07:44.947,huobi,1INCH/USDT:USDT,0.2882,357.0,0.2881,462.0,0.2883,344.0,0.2884,3432.0
1753600064981,07:07:44.981,huobi,1INCH/USDT:USDT,0.2882,357.0,0.2881,462.0,0.2883,344.0,0.2884,3432.0
1753600065415,07:07:45.415,huobi,1INCH/USDT:USDT,0.2882,357.0,0.2881,462.0,0.2883,344.0,0.2884,3432.0
1753600065465,07:07:45.465,huobi,1INCH/USDT:USDT,0.2882,357.0,0.2881,462.0,0.2883,344.0,0.2884,3432.0
1753600065494,07:07:45.494,huobi,1INCH/USDT:USDT,0.2881,462.0,0.288,357.0,0.2883,344.0,0.2884,3432.0
1753600065520,07:07:45.520,huobi,1INCH/USDT:USDT,0.2881,357.0,0.288,357.0,0.2883,344.0,0.2884,3432.0
1753600065556,07:07:45.556,huobi,1INCH/USDT:USDT,0.288,462.0,0.2879,3432.0,0.2883,344.0,0.2884,3432.0
1753600065585,07:07:45.585,huobi,1INCH/USDT:USDT,0.2881,344.0,0.288,462.0,0.2883,344.0,0.2884,3432.0
1753600065909,07:07:45.909,huobi,1INCH/USDT:USDT,0.2881,344.0,0.288,462.0,0.2883,344.0,0.2884,3432.0
1753600066375,07:07:46.375,huobi,1INCH/USDT:USDT,0.2881,344.0,0.288,462.0,0.2883,344.0,0.2884,3432.0
1753600066410,07:07:46.410,huobi,1INCH/USDT:USDT,0.2881,344.0,0.288,462.0,0.2883,344.0,0.2884,3432.0
1753600066423,07:07:46.423,huobi,1INCH/USDT:USDT,0.2881,344.0,0.288,462.0,0.2883,344.0,0.2884,3432.0
1753600066468,07:07:46.468,huobi,1INCH/USDT:USDT,0.2881,344.0,0.288,462.0,0.2883,344.0,0.2884,3432.0
1753600066500,07:07:46.500,huobi,1INCH/USDT:USDT,0.2881,344.0,0.288,462.0,0.2883,344.0,0.2884,3432.0
1753600066510,07:07:46.510,huobi,1INCH/USDT:USDT,0.2881,344.0,0.288,462.0,0.2883,344.0,0.2884,3432.0
1753600066544,07:07:46.544,huobi,1INCH/USDT:USDT,0.2881,344.0,0.288,3540.0,0.2883,344.0,0.2884,3432.0
1753600066574,07:07:46.574,huobi,1INCH/USDT:USDT,0.2881,344.0,0.288,3540.0,0.2884,354.0,0.2885,3567.0
1753600066595,07:07:46.595,huobi,1INCH/USDT:USDT,0.2881,344.0,0.288,3435.0,0.2885,349.0,0.2886,3429.0
1753600066638,07:07:46.638,huobi,1INCH/USDT:USDT,0.2881,3527.0,0.288,3435.0,0.2885,349.0,0.2886,3429.0
1753600066658,07:07:46.658,huobi,1INCH/USDT:USDT,0.2882,344.0,0.2881,3527.0,0.2885,349.0,0.2886,3429.0
1753600066686,07:07:46.686,huobi,1INCH/USDT:USDT,0.2882,344.0,0.2881,3422.0,0.2885,349.0,0.2886,3429.0
1753600066715,07:07:46.715,huobi,1INCH/USDT:USDT,0.2882,449.0,0.2881,3422.0,0.2885,349.0,0.2886,3429.0
1753600066746,07:07:46.746,huobi,1INCH/USDT:USDT,0.2883,344.0,0.2882,449.0,0.2885,349.0,0.2886,3429.0
1753600066777,07:07:46.777,huobi,1INCH/USDT:USDT,0.2883,344.0,0.2882,449.0,0.2885,349.0,0.2886,3429.0
1753600066833,07:07:46.833,huobi,1INCH/USDT:USDT,0.2883,344.0,0.2882,449.0,0.2885,349.0,0.2886,3429.0
1753600066849,07:07:46.849,huobi,1INCH/USDT:USDT,0.2883,344.0,0.2882,449.0,0.2885,349.0,0.2886,3429.0
1753600066866,07:07:46.866,huobi,1INCH/USDT:USDT,0.2883,344.0,0.2882,449.0,0.2885,349.0,0.2886,3429.0
1753600066898,07:07:46.898,huobi,1INCH/USDT:USDT,0.2883,344.0,0.2882,449.0,0.2885,349.0,0.2886,3429.0
1753600066944,07:07:46.944,huobi,1INCH/USDT:USDT,0.2883,344.0,0.2882,449.0,0.2885,349.0,0.2886,3429.0
1753600066960,07:07:46.960,huobi,1INCH/USDT:USDT,0.2883,344.0,0.2882,449.0,0.2885,349.0,0.2886,3429.0
1753600067143,07:07:47.143,huobi,1INCH/USDT:USDT,0.2883,344.0,0.2882,449.0,0.2885,349.0,0.2886,3429.0
1753600067182,07:07:47.182,huobi,1INCH/USDT:USDT,0.2883,344.0,0.2882,449.0,0.2885,349.0,0.2886,3429.0
1753600067199,07:07:47.199,huobi,1INCH/USDT:USDT,0.2883,344.0,0.2882,449.0,0.2885,349.0,0.2886,3429.0
1753600067225,07:07:47.225,huobi,1INCH/USDT:USDT,0.2883,344.0,0.2882,449.0,0.2885,349.0,0.2886,3429.0
1753600067255,07:07:47.255,huobi,1INCH/USDT:USDT,0.2883,344.0,0.2882,449.0,0.2885,349.0,0.2886,3429.0
1753600067370,07:07:47.370,huobi,1INCH/USDT:USDT,0.2883,344.0,0.2882,449.0,0.2885,349.0,0.2886,3429.0
1753600067504,07:07:47.504,huobi,1INCH/USDT:USDT,0.2883,344.0,0.2882,449.0,0.2885,349.0,0.2886,3429.0
1753600067528,07:07:47.528,huobi,1INCH/USDT:USDT,0.2883,344.0,0.2882,449.0,0.2885,349.0,0.2886,3429.0
1753600068546,07:07:48.546,huobi,1INCH/USDT:USDT,0.2883,344.0,0.2882,449.0,0.2885,349.0,0.2886,3429.0
1753600069123,07:07:49.123,huobi,1INCH/USDT:USDT,0.2883,344.0,0.2882,449.0,0.2885,349.0,0.2886,3429.0
1753600069152,07:07:49.152,huobi,1INCH/USDT:USDT,0.2882,449.0,0.2881,344.0,0.2885,3427.0,0.2886,3429.0
1753600069274,07:07:49.274,huobi,1INCH/USDT:USDT,0.2882,449.0,0.2881,344.0,0.2884,359.0,0.2885,3427.0
1753600069307,07:07:49.307,huobi,1INCH/USDT:USDT,0.2881,344.0,0.288,3435.0,0.2884,359.0,0.2885,3427.0
1753600069327,07:07:49.327,huobi,1INCH/USDT:USDT,0.2881,449.0,0.288,3435.0,0.2884,359.0,0.2885,3427.0
1753600069514,07:07:49.514,huobi,1INCH/USDT:USDT,0.2882,359.0,0.2881,449.0,0.2884,359.0,0.2885,3427.0
1753600070047,07:07:50.047,huobi,1INCH/USDT:USDT,0.2882,359.0,0.2881,449.0,0.2884,359.0,0.2885,3427.0
1753600070258,07:07:50.258,huobi,1INCH/USDT:USDT,0.2882,359.0,0.2881,449.0,0.2884,359.0,0.2885,3427.0
1753600070301,07:07:50.301,huobi,1INCH/USDT:USDT,0.2882,359.0,0.2881,449.0,0.2884,359.0,0.2885,3427.0
1753600070386,07:07:50.386,huobi,1INCH/USDT:USDT,0.2882,359.0,0.2881,449.0,0.2884,359.0,0.2885,3427.0
1753600070431,07:07:50.431,huobi,1INCH/USDT:USDT,0.2882,359.0,0.2881,449.0,0.2884,359.0,0.2885,3427.0
1753600070695,07:07:50.695,huobi,1INCH/USDT:USDT,0.2882,359.0,0.2881,449.0,0.2884,359.0,0.2885,3427.0
1753600072860,07:07:52.860,huobi,1INCH/USDT:USDT,0.2882,359.0,0.2881,449.0,0.2884,359.0,0.2885,3427.0
1753600074250,07:07:54.250,huobi,1INCH/USDT:USDT,0.2882,359.0,0.2881,449.0,0.2884,359.0,0.2885,3427.0
1753600074651,07:07:54.651,huobi,1INCH/USDT:USDT,0.2882,359.0,0.2881,449.0,0.2884,359.0,0.2885,3427.0
1753600074705,07:07:54.705,huobi,1INCH/USDT:USDT,0.2882,359.0,0.2881,449.0,0.2884,359.0,0.2885,3427.0
1753600074734,07:07:54.734,huobi,1INCH/USDT:USDT,0.2881,449.0,0.288,357.0,0.2884,3437.0,0.2885,3427.0
1753600074770,07:07:54.770,huobi,1INCH/USDT:USDT,0.2881,449.0,0.288,357.0,0.2883,359.0,0.2884,3437.0
1753600074783,07:07:54.783,huobi,1INCH/USDT:USDT,0.2881,449.0,0.288,357.0,0.2883,359.0,0.2884,3437.0
1753600074821,07:07:54.821,huobi,1INCH/USDT:USDT,0.288,462.0,0.2879,3432.0,0.2883,359.0,0.2884,3437.0
1753600074865,07:07:54.865,huobi,1INCH/USDT:USDT,0.288,462.0,0.2879,3432.0,0.2883,359.0,0.2884,3437.0
1753600074876,07:07:54.876,huobi,1INCH/USDT:USDT,0.288,462.0,0.2879,3432.0,0.2883,359.0,0.2884,3437.0
1753600074926,07:07:54.926,huobi,1INCH/USDT:USDT,0.288,462.0,0.2879,3432.0,0.2883,359.0,0.2884,3437.0
1753600074941,07:07:54.941,huobi,1INCH/USDT:USDT,0.288,462.0,0.2879,3432.0,0.2883,359.0,0.2884,3437.0
1753600075018,07:07:55.018,huobi,1INCH/USDT:USDT,0.288,462.0,0.2879,3432.0,0.2883,359.0,0.2884,3437.0
1753600075225,07:07:55.225,huobi,1INCH/USDT:USDT,0.288,462.0,0.2879,3432.0,0.2883,359.0,0.2884,3437.0
1753600075743,07:07:55.743,huobi,1INCH/USDT:USDT,0.288,462.0,0.2879,3432.0,0.2883,359.0,0.2884,3437.0
1753600075796,07:07:55.796,huobi,1INCH/USDT:USDT,0.288,462.0,0.2879,3432.0,0.2883,359.0,0.2884,3437.0
1753600076392,07:07:56.392,huobi,1INCH/USDT:USDT,0.288,462.0,0.2879,3432.0,0.2883,359.0,0.2884,3437.0
1753600076433,07:07:56.433,huobi,1INCH/USDT:USDT,0.288,462.0,0.2879,3432.0,0.2883,359.0,0.2884,3437.0
1753600076460,07:07:56.460,huobi,1INCH/USDT:USDT,0.288,462.0,0.2879,3432.0,0.2883,359.0,0.2884,3437.0
1753600077183,07:07:57.183,huobi,1INCH/USDT:USDT,0.288,462.0,0.2879,3432.0,0.2883,359.0,0.2884,3437.0
1753600079357,07:07:59.357,huobi,1INCH/USDT:USDT,0.288,462.0,0.2879,3432.0,0.2883,359.0,0.2884,3437.0
1753600079532,07:07:59.532,huobi,1INCH/USDT:USDT,0.288,462.0,0.2879,3432.0,0.2883,359.0,0.2884,3437.0
1753600079596,07:07:59.596,huobi,1INCH/USDT:USDT,0.2881,354.0,0.288,462.0,0.2883,3437.0,0.2884,3437.0
1753600080109,07:08:00.109,huobi,1INCH/USDT:USDT,0.2881,354.0,0.288,462.0,0.2882,354.0,0.2883,3437.0
1753600080135,07:08:00.135,huobi,1INCH/USDT:USDT,0.2881,354.0,0.288,462.0,0.2882,354.0,0.2883,3437.0
1753600080248,07:08:00.248,huobi,1INCH/USDT:USDT,0.2881,354.0,0.288,462.0,0.2882,354.0,0.2883,3437.0
1753600080276,07:08:00.276,huobi,1INCH/USDT:USDT,0.2881,354.0,0.288,462.0,0.2882,354.0,0.2883,3437.0
1753600080324,07:08:00.324,huobi,1INCH/USDT:USDT,0.2881,354.0,0.288,462.0,0.2882,354.0,0.2883,3437.0
1753600080402,07:08:00.402,huobi,1INCH/USDT:USDT,0.2881,354.0,0.288,462.0,0.2882,354.0,0.2883,3437.0
1753600080596,07:08:00.596,huobi,1INCH/USDT:USDT,0.2881,354.0,0.288,462.0,0.2882,354.0,0.2883,3437.0
1753600080872,07:08:00.872,huobi,1INCH/USDT:USDT,0.2881,354.0,0.288,462.0,0.2882,354.0,0.2883,3437.0
1753600080886,07:08:00.886,huobi,1INCH/USDT:USDT,0.2881,354.0,0.288,462.0,0.2882,354.0,0.2883,3437.0
1753600082639,07:08:02.639,huobi,1INCH/USDT:USDT,0.2881,354.0,0.288,462.0,0.2882,354.0,0.2883,3437.0
1753600082649,07:08:02.649,huobi,1INCH/USDT:USDT,0.288,462.0,0.2879,354.0,0.2882,354.0,0.2883,3437.0
1753600082688,07:08:02.688,huobi,1INCH/USDT:USDT,0.288,357.0,0.2879,354.0,0.2882,354.0,0.2883,3437.0
1753600082722,07:08:02.722,huobi,1INCH/USDT:USDT,0.288,357.0,0.2879,354.0,0.2882,354.0,0.2883,3437.0
1753600082743,07:08:02.743,huobi,1INCH/USDT:USDT,0.2879,459.0,0.2878,3435.0,0.2882,3432.0,0.2883,3437.0
1753600082789,07:08:02.789,huobi,1INCH/USDT:USDT,0.288,354.0,0.2879,459.0,0.2882,3432.0,0.2883,3437.0
1753600082799,07:08:02.799,huobi,1INCH/USDT:USDT,0.288,354.0,0.2879,459.0,0.2882,3432.0,0.2883,3437.0
1753600082844,07:08:02.844,huobi,1INCH/USDT:USDT,0.288,354.0,0.2879,459.0,0.2882,3432.0,0.2883,3437.0
1753600083025,07:08:03.025,huobi,1INCH/USDT:USDT,0.288,354.0,0.2879,459.0,0.2882,3432.0,0.2883,3437.0
1753600087929,07:08:07.929,huobi,1INCH/USDT:USDT,0.288,354.0,0.2879,459.0,0.2882,354.0,0.2883,3437.0
1753600087963,07:08:07.963,huobi,1INCH/USDT:USDT,0.288,354.0,0.2879,3537.0,0.2882,354.0,0.2883,3437.0
1753600088220,07:08:08.220,huobi,1INCH/USDT:USDT,0.288,354.0,0.2879,3537.0,0.2883,3437.0,0.2884,3437.0
1753600088249,07:08:08.249,huobi,1INCH/USDT:USDT,0.288,354.0,0.2879,3432.0,0.2883,3437.0,0.2884,3437.0
1753600088257,07:08:08.257,huobi,1INCH/USDT:USDT,0.288,354.0,0.2879,3432.0,0.2883,3437.0,0.2884,3437.0
1753600088304,07:08:08.304,huobi,1INCH/USDT:USDT,0.288,459.0,0.2879,3432.0,0.2883,3437.0,0.2884,3437.0
1753600088319,07:08:08.319,huobi,1INCH/USDT:USDT,0.288,459.0,0.2879,3432.0,0.2883,359.0,0.2884,3437.0
1753600092424,07:08:12.424,huobi,1INCH/USDT:USDT,0.2881,354.0,0.288,459.0,0.2883,359.0,0.2884,3437.0
1753600092434,07:08:12.434,huobi,1INCH/USDT:USDT,0.2881,354.0,0.288,459.0,0.2883,359.0,0.2884,3437.0
1753600092514,07:08:12.514,huobi,1INCH/USDT:USDT,0.2881,354.0,0.288,459.0,0.2883,3437.0,0.2884,3437.0
1753600092538,07:08:12.538,huobi,1INCH/USDT:USDT,0.2881,354.0,0.288,459.0,0.2882,348.0,0.2883,3437.0
1753600095699,07:08:15.699,huobi,1INCH/USDT:USDT,0.2881,354.0,0.288,459.0,0.2883,3437.0,0.2884,3437.0
1753600096153,07:08:16.153,huobi,1INCH/USDT:USDT,0.2881,354.0,0.288,459.0,0.2883,3437.0,0.2884,3437.0
1753600100387,07:08:20.387,huobi,1INCH/USDT:USDT,0.2881,354.0,0.288,459.0,0.2883,3437.0,0.2884,3437.0
1753600100747,07:08:20.747,huobi,1INCH/USDT:USDT,0.2881,354.0,0.288,459.0,0.2883,3437.0,0.2884,3437.0
1753600100783,07:08:20.783,huobi,1INCH/USDT:USDT,0.2881,354.0,0.288,459.0,0.2883,3437.0,0.2884,3437.0
1753600102469,07:08:22.469,huobi,1INCH/USDT:USDT,0.2881,354.0,0.288,459.0,0.2882,353.0,0.2883,3437.0
1753600105074,07:08:25.074,huobi,1INCH/USDT:USDT,0.2881,354.0,0.288,459.0,0.2883,3437.0,0.2884,3437.0
1753600107569,07:08:27.569,huobi,1INCH/USDT:USDT,0.2881,354.0,0.288,459.0,0.2883,3437.0,0.2884,3437.0
1753600108782,07:08:28.782,huobi,1INCH/USDT:USDT,0.2881,354.0,0.288,459.0,0.2883,3437.0,0.2884,3437.0
1753600109814,07:08:29.814,huobi,1INCH/USDT:USDT,0.2881,354.0,0.288,459.0,0.2883,3437.0,0.2884,3437.0
1753600110423,07:08:30.423,huobi,1INCH/USDT:USDT,0.2881,354.0,0.288,459.0,0.2883,3437.0,0.2884,3437.0
1753600110867,07:08:30.867,huobi,1INCH/USDT:USDT,0.2881,354.0,0.288,459.0,0.2882,349.0,0.2883,3437.0
1753600114576,07:08:34.576,huobi,1INCH/USDT:USDT,0.288,459.0,0.2879,3432.0,0.2882,349.0,0.2883,3437.0
1753600114600,07:08:34.600,huobi,1INCH/USDT:USDT,0.288,354.0,0.2879,3432.0,0.2882,3427.0,0.2883,3437.0
1753600114648,07:08:34.648,huobi,1INCH/USDT:USDT,0.288,354.0,0.2879,3537.0,0.2882,3427.0,0.2883,3437.0
1753600114887,07:08:34.887,huobi,1INCH/USDT:USDT,0.288,354.0,0.2879,3537.0,0.2881,349.0,0.2882,3427.0
1753600114969,07:08:34.969,huobi,1INCH/USDT:USDT,0.288,354.0,0.2879,3537.0,0.2881,349.0,0.2882,3427.0
1753600114994,07:08:34.994,huobi,1INCH/USDT:USDT,0.288,354.0,0.2879,3537.0,0.2881,349.0,0.2882,3427.0
1753600115017,07:08:35.017,huobi,1INCH/USDT:USDT,0.288,354.0,0.2879,3537.0,0.2881,349.0,0.2882,3427.0
1753600115066,07:08:35.066,huobi,1INCH/USDT:USDT,0.288,354.0,0.2879,3537.0,0.2881,349.0,0.2882,3427.0
1753600115097,07:08:35.097,huobi,1INCH/USDT:USDT,0.288,354.0,0.2879,3537.0,0.2881,349.0,0.2882,3427.0
1753600115122,07:08:35.122,huobi,1INCH/USDT:USDT,0.288,354.0,0.2879,3537.0,0.2881,349.0,0.2882,3427.0
1753600115153,07:08:35.153,huobi,1INCH/USDT:USDT,0.288,354.0,0.2879,3537.0,0.2882,3427.0,0.2883,3437.0
1753600115171,07:08:35.171,huobi,1INCH/USDT:USDT,0.288,354.0,0.2879,3537.0,0.2883,3437.0,0.2884,3437.0
1753600115200,07:08:35.200,huobi,1INCH/USDT:USDT,0.288,354.0,0.2879,3432.0,0.2883,3437.0,0.2884,3437.0
1753600115245,07:08:35.245,huobi,1INCH/USDT:USDT,0.288,459.0,0.2879,3432.0,0.2883,3437.0,0.2884,3437.0
1753600115258,07:08:35.258,huobi,1INCH/USDT:USDT,0.2881,349.0,0.288,459.0,0.2883,3437.0,0.2884,3437.0
1753600115297,07:08:35.297,huobi,1INCH/USDT:USDT,0.2881,349.0,0.288,459.0,0.2883,3437.0,0.2884,3437.0
1753600115353,07:08:35.353,huobi,1INCH/USDT:USDT,0.2881,349.0,0.288,459.0,0.2883,3437.0,0.2884,3437.0
1753600115387,07:08:35.387,huobi,1INCH/USDT:USDT,0.2881,349.0,0.288,459.0,0.2883,3437.0,0.2884,3437.0
1753600115623,07:08:35.623,huobi,1INCH/USDT:USDT,0.2881,349.0,0.288,459.0,0.2883,3437.0,0.2884,3437.0
1753600115948,07:08:35.948,huobi,1INCH/USDT:USDT,0.2881,349.0,0.288,459.0,0.2883,3437.0,0.2884,3437.0
1753600116286,07:08:36.286,huobi,1INCH/USDT:USDT,0.2881,349.0,0.288,459.0,0.2883,3437.0,0.2884,3437.0
1753600120559,07:08:40.559,huobi,1INCH/USDT:USDT,0.2881,349.0,0.288,459.0,0.2883,3437.0,0.2884,3437.0
1753600120702,07:08:40.702,huobi,1INCH/USDT:USDT,0.2881,349.0,0.288,459.0,0.2883,3437.0,0.2884,3437.0
1753600120780,07:08:40.780,huobi,1INCH/USDT:USDT,0.2881,349.0,0.288,459.0,0.2883,3437.0,0.2884,3437.0
1753600120911,07:08:40.911,huobi,1INCH/USDT:USDT,0.2881,349.0,0.288,459.0,0.2883,3437.0,0.2884,3437.0
1753600120990,07:08:40.990,huobi,1INCH/USDT:USDT,0.2881,349.0,0.288,459.0,0.2883,359.0,0.2884,3437.0
1753600121046,07:08:41.046,huobi,1INCH/USDT:USDT,0.2881,349.0,0.288,3537.0,0.2884,3437.0,0.2885,3427.0
1753600121077,07:08:41.077,huobi,1INCH/USDT:USDT,0.2881,349.0,0.288,3432.0,0.2884,3437.0,0.2885,3427.0
1753600121112,07:08:41.112,huobi,1INCH/USDT:USDT,0.2881,349.0,0.288,3432.0,0.2884,3437.0,0.2885,3427.0
1753600121175,07:08:41.175,huobi,1INCH/USDT:USDT,0.2882,354.0,0.2881,454.0,0.2884,3437.0,0.2885,3427.0
1753600121201,07:08:41.201,huobi,1INCH/USDT:USDT,0.2882,354.0,0.2881,454.0,0.2884,3437.0,0.2885,3427.0
1753600121231,07:08:41.231,huobi,1INCH/USDT:USDT,0.2882,354.0,0.2881,454.0,0.2884,3437.0,0.2885,3427.0
1753600121352,07:08:41.352,huobi,1INCH/USDT:USDT,0.2882,354.0,0.2881,454.0,0.2884,3437.0,0.2885,3427.0
1753600121391,07:08:41.391,huobi,1INCH/USDT:USDT,0.2882,354.0,0.2881,454.0,0.2884,3437.0,0.2885,3427.0
1753600121408,07:08:41.408,huobi,1INCH/USDT:USDT,0.2882,354.0,0.2881,454.0,0.2884,3437.0,0.2885,3427.0
1753600121444,07:08:41.444,huobi,1INCH/USDT:USDT,0.2882,354.0,0.2881,454.0,0.2884,3437.0,0.2885,3427.0
1753600121470,07:08:41.470,huobi,1INCH/USDT:USDT,0.2882,354.0,0.2881,454.0,0.2884,3437.0,0.2885,3427.0
1753600121513,07:08:41.513,huobi,1INCH/USDT:USDT,0.2882,354.0,0.2881,454.0,0.2884,3437.0,0.2885,3427.0
1753600121650,07:08:41.650,huobi,1INCH/USDT:USDT,0.2882,354.0,0.2881,454.0,0.2884,3437.0,0.2885,3427.0
1753600121688,07:08:41.688,huobi,1INCH/USDT:USDT,0.2882,354.0,0.2881,454.0,0.2884,3437.0,0.2885,3427.0
1753600121753,07:08:41.753,huobi,1INCH/USDT:USDT,0.2882,354.0,0.2881,454.0,0.2884,3437.0,0.2885,3427.0
1753600121781,07:08:41.781,huobi,1INCH/USDT:USDT,0.2882,354.0,0.2881,454.0,0.2884,3437.0,0.2885,3427.0
1753600122428,07:08:42.428,huobi,1INCH/USDT:USDT,0.2882,354.0,0.2881,454.0,0.2884,3437.0,0.2885,3427.0
1753600124564,07:08:44.564,huobi,1INCH/USDT:USDT,0.2882,354.0,0.2881,454.0,0.2884,3437.0,0.2885,3427.0
1753600125580,07:08:45.580,huobi,1INCH/USDT:USDT,0.2882,354.0,0.2881,454.0,0.2884,3437.0,0.2885,3427.0
1753600126847,07:08:46.847,huobi,1INCH/USDT:USDT,0.2882,354.0,0.2881,454.0,0.2884,3437.0,0.2885,3427.0
1753600126872,07:08:46.872,huobi,1INCH/USDT:USDT,0.2882,354.0,0.2881,454.0,0.2884,359.0,0.2885,3427.0
1753600126955,07:08:46.955,huobi,1INCH/USDT:USDT,0.2882,354.0,0.2881,454.0,0.2884,359.0,0.2885,3427.0
1753600127245,07:08:47.245,huobi,1INCH/USDT:USDT,0.2882,354.0,0.2881,454.0,0.2885,3427.0,0.2886,3569.0
1753600127256,07:08:47.256,huobi,1INCH/USDT:USDT,0.2882,354.0,0.2881,454.0,0.2885,349.0,0.2886,3429.0
1753600127293,07:08:47.293,huobi,1INCH/USDT:USDT,0.2882,354.0,0.2881,3427.0,0.2885,349.0,0.2886,3429.0
1753600127346,07:08:47.346,huobi,1INCH/USDT:USDT,0.2882,459.0,0.2881,3427.0,0.2885,349.0,0.2886,3429.0
1753600127379,07:08:47.379,huobi,1INCH/USDT:USDT,0.2883,354.0,0.2882,459.0,0.2885,3427.0,0.2886,3429.0
1753600127421,07:08:47.421,huobi,1INCH/USDT:USDT,0.2883,354.0,0.2882,459.0,0.2885,3427.0,0.2886,3429.0
1753600128130,07:08:48.130,huobi,1INCH/USDT:USDT,0.2883,354.0,0.2882,459.0,0.2885,3427.0,0.2886,3429.0
1753600131943,07:08:51.943,huobi,1INCH/USDT:USDT,0.2883,354.0,0.2882,459.0,0.2885,3427.0,0.2886,3429.0
1753600132020,07:08:52.020,huobi,1INCH/USDT:USDT,0.2883,354.0,0.2882,459.0,0.2885,3427.0,0.2886,3429.0
1753600132029,07:08:52.029,huobi,1INCH/USDT:USDT,0.2883,354.0,0.2882,459.0,0.2885,3427.0,0.2886,3429.0
1753600132937,07:08:52.937,huobi,1INCH/USDT:USDT,0.2883,354.0,0.2882,459.0,0.2885,3427.0,0.2886,3429.0
1753600133505,07:08:53.505,huobi,1INCH/USDT:USDT,0.2883,354.0,0.2882,459.0,0.2885,3427.0,0.2886,3429.0
1753600134121,07:08:54.121,huobi,1INCH/USDT:USDT,0.2883,354.0,0.2882,459.0,0.2885,3427.0,0.2886,3429.0
1753600134160,07:08:54.160,huobi,1INCH/USDT:USDT,0.2883,354.0,0.2882,459.0,0.2885,3427.0,0.2886,3429.0
1753600135147,07:08:55.147,huobi,1INCH/USDT:USDT,0.2883,354.0,0.2882,459.0,0.2885,3427.0,0.2886,3429.0
1753600135660,07:08:55.660,huobi,1INCH/USDT:USDT,0.288,2812.0,0.2879,3432.0,0.2885,3427.0,0.2886,3429.0
1753600135724,07:08:55.724,huobi,1INCH/USDT:USDT,0.2881,105.0,0.288,2672.0,0.2884,353.0,0.2885,3427.0
1753600135766,07:08:55.766,huobi,1INCH/USDT:USDT,0.2881,353.0,0.288,3025.0,0.2884,353.0,0.2885,3427.0
1753600135798,07:08:55.798,huobi,1INCH/USDT:USDT,0.2881,353.0,0.288,3025.0,0.2884,353.0,0.2885,3427.0
1753600135808,07:08:55.808,huobi,1INCH/USDT:USDT,0.2881,353.0,0.288,3025.0,0.2884,353.0,0.2885,3427.0
1753600137682,07:08:57.682,huobi,1INCH/USDT:USDT,0.2881,3431.0,0.288,3025.0,0.2884,353.0,0.2885,3427.0
1753600138110,07:08:58.110,huobi,1INCH/USDT:USDT,0.2881,3431.0,0.288,3025.0,0.2885,3427.0,0.2886,3429.0
1753600138201,07:08:58.201,huobi,1INCH/USDT:USDT,0.2881,3431.0,0.288,3025.0,0.2885,3427.0,0.2886,3429.0
1753600138243,07:08:58.243,huobi,1INCH/USDT:USDT,0.2881,3431.0,0.288,3025.0,0.2884,353.0,0.2885,3427.0
1753600143036,07:09:03.036,huobi,1INCH/USDT:USDT,0.2881,3431.0,0.288,3025.0,0.2884,353.0,0.2885,3427.0
1753600143260,07:09:03.260,huobi,1INCH/USDT:USDT,0.2881,3431.0,0.288,3025.0,0.2884,353.0,0.2885,3427.0
1753600144143,07:09:04.143,huobi,1INCH/USDT:USDT,0.2881,3431.0,0.288,3025.0,0.2885,3427.0,0.2886,3429.0
1753600144152,07:09:04.152,huobi,1INCH/USDT:USDT,0.2881,3431.0,0.288,3025.0,0.2885,349.0,0.2886,351.0
1753600144244,07:09:04.244,huobi,1INCH/USDT:USDT,0.2881,3431.0,0.288,3025.0,0.2886,351.0,0.2887,420.0
1753600144272,07:09:04.272,huobi,1INCH/USDT:USDT,0.2881,3431.0,0.288,3025.0,0.2885,349.0,0.2886,3429.0
1753600144313,07:09:04.313,huobi,1INCH/USDT:USDT,0.2881,3431.0,0.288,3025.0,0.2885,349.0,0.2886,3429.0
1753600144328,07:09:04.328,huobi,1INCH/USDT:USDT,0.2881,3431.0,0.288,3025.0,0.2885,349.0,0.2886,3429.0
1753600144401,07:09:04.401,huobi,1INCH/USDT:USDT,0.2881,3431.0,0.288,3025.0,0.2885,349.0,0.2886,3429.0
1753600144894,07:09:04.894,huobi,1INCH/USDT:USDT,0.2881,3431.0,0.288,3025.0,0.2885,349.0,0.2886,3429.0
1753600144959,07:09:04.959,huobi,1INCH/USDT:USDT,0.2881,3431.0,0.288,3025.0,0.2885,349.0,0.2886,3429.0
1753600146093,07:09:06.093,huobi,1INCH/USDT:USDT,0.2881,3431.0,0.288,3025.0,0.2885,349.0,0.2886,3429.0
1753600146097,07:09:06.097,huobi,1INCH/USDT:USDT,0.2881,3431.0,0.288,3025.0,0.2885,349.0,0.2886,3429.0
1753600148239,07:09:08.239,huobi,1INCH/USDT:USDT,0.2881,3431.0,0.288,3025.0,0.2885,349.0,0.2886,3429.0
1753600150935,07:09:10.935,huobi,1INCH/USDT:USDT,0.2881,3431.0,0.288,3025.0,0.2885,349.0,0.2886,3429.0
1753600151180,07:09:11.180,huobi,1INCH/USDT:USDT,0.2881,3431.0,0.288,3025.0,0.2885,349.0,0.2886,3429.0
1753600151230,07:09:11.230,huobi,1INCH/USDT:USDT,0.2881,3431.0,0.288,3025.0,0.2885,349.0,0.2886,3429.0
1753600151270,07:09:11.270,huobi,1INCH/USDT:USDT,0.2881,3431.0,0.288,3025.0,0.2885,349.0,0.2886,3429.0
1753600151288,07:09:11.288,huobi,1INCH/USDT:USDT,0.2881,3431.0,0.288,3025.0,0.2885,349.0,0.2886,3429.0
1753600151320,07:09:11.320,huobi,1INCH/USDT:USDT,0.2881,3431.0,0.288,3025.0,0.2885,349.0,0.2886,3429.0
1753600151352,07:09:11.352,huobi,1INCH/USDT:USDT,0.2881,3431.0,0.288,3025.0,0.2885,349.0,0.2886,3429.0
1753600151488,07:09:11.488,huobi,1INCH/USDT:USDT,0.2881,3431.0,0.288,3025.0,0.2885,349.0,0.2886,3429.0
1753600152498,07:09:12.498,huobi,1INCH/USDT:USDT,0.2881,3431.0,0.288,3025.0,0.2885,349.0,0.2886,3429.0
1753600154634,07:09:14.634,huobi,1INCH/USDT:USDT,0.2881,3431.0,0.288,3025.0,0.2885,349.0,0.2886,3429.0
1753600159373,07:09:19.373,huobi,1INCH/USDT:USDT,0.2881,3431.0,0.288,3025.0,0.2885,349.0,0.2886,3429.0
1753600159399,07:09:19.399,huobi,1INCH/USDT:USDT,0.2881,3431.0,0.288,3025.0,0.2885,349.0,0.2886,3429.0
1753600159439,07:09:19.439,huobi,1INCH/USDT:USDT,0.2881,3431.0,0.288,3025.0,0.2885,349.0,0.2886,3429.0
1753600159448,07:09:19.448,huobi,1INCH/USDT:USDT,0.2881,3431.0,0.288,3025.0,0.2885,349.0,0.2886,3429.0
1753600159504,07:09:19.504,huobi,1INCH/USDT:USDT,0.2881,3431.0,0.288,3025.0,0.2885,349.0,0.2886,3429.0
1753600162620,07:09:22.620,huobi,1INCH/USDT:USDT,0.2881,3431.0,0.288,3025.0,0.2885,349.0,0.2886,3429.0
1753600164179,07:09:24.179,huobi,1INCH/USDT:USDT,0.2881,3431.0,0.288,3025.0,0.2885,349.0,0.2886,351.0
1753600164187,07:09:24.187,huobi,1INCH/USDT:USDT,0.2881,3431.0,0.288,3025.0,0.2885,349.0,0.2886,351.0
1753600164219,07:09:24.219,huobi,1INCH/USDT:USDT,0.2881,3431.0,0.288,3025.0,0.2889,357.0,0.289,395.0
1753600164248,07:09:24.248,huobi,1INCH/USDT:USDT,0.2881,3431.0,0.288,3025.0,0.2889,357.0,0.289,395.0
1753600164275,07:09:24.275,huobi,1INCH/USDT:USDT,0.2881,3431.0,0.288,3025.0,0.2888,342.0,0.2889,357.0
1753600164306,07:09:24.306,huobi,1INCH/USDT:USDT,0.2881,3431.0,0.288,3025.0,0.2888,342.0,0.2889,357.0
1753600164371,07:09:24.371,huobi,1INCH/USDT:USDT,0.2881,3431.0,0.288,3025.0,0.2888,342.0,0.2889,357.0
1753600164434,07:09:24.434,huobi,1INCH/USDT:USDT,0.2881,3431.0,0.288,3025.0,0.2889,357.0,0.289,395.0
1753600164458,07:09:24.458,huobi,1INCH/USDT:USDT,0.2881,3431.0,0.288,3025.0,0.2889,357.0,0.289,395.0
1753600164494,07:09:24.494,huobi,1INCH/USDT:USDT,0.2881,3431.0,0.288,3025.0,0.2888,3078.0,0.2889,3435.0
1753600164528,07:09:24.528,huobi,1INCH/USDT:USDT,0.2881,3431.0,0.288,3025.0,0.2888,3078.0,0.2889,3435.0
1753600164581,07:09:24.581,huobi,1INCH/USDT:USDT,0.2881,3431.0,0.288,3025.0,0.2887,342.0,0.2888,3078.0
1753600164605,07:09:24.605,huobi,1INCH/USDT:USDT,0.2881,3431.0,0.288,3025.0,0.2887,3420.0,0.2888,3420.0
1753600164661,07:09:24.661,huobi,1INCH/USDT:USDT,0.2881,3431.0,0.288,3025.0,0.2885,342.0,0.2886,3420.0
1753600164677,07:09:24.677,huobi,1INCH/USDT:USDT,0.2881,3431.0,0.288,3025.0,0.2885,342.0,0.2886,3420.0
1753600164713,07:09:24.713,huobi,1INCH/USDT:USDT,0.2881,3431.0,0.288,3025.0,0.2885,342.0,0.2886,3420.0
1753600164765,07:09:24.765,huobi,1INCH/USDT:USDT,0.2881,3431.0,0.288,3025.0,0.2885,342.0,0.2886,3420.0
1753600164796,07:09:24.796,huobi,1INCH/USDT:USDT,0.2881,3431.0,0.288,3025.0,0.2885,342.0,0.2886,3420.0
1753600165413,07:09:25.413,huobi,1INCH/USDT:USDT,0.2881,3431.0,0.288,3025.0,0.2885,342.0,0.2886,3420.0
1753600165422,07:09:25.422,huobi,1INCH/USDT:USDT,0.2881,3431.0,0.288,3025.0,0.2885,342.0,0.2886,3420.0
1753600167592,07:09:27.592,huobi,1INCH/USDT:USDT,0.2881,3431.0,0.288,3025.0,0.2885,342.0,0.2886,3420.0
1753600169364,07:09:29.364,huobi,1INCH/USDT:USDT,0.2881,3431.0,0.288,3025.0,0.2885,342.0,0.2886,3420.0
1753600169749,07:09:29.749,huobi,1INCH/USDT:USDT,0.2881,3431.0,0.288,3025.0,0.2885,342.0,0.2886,3420.0
1753600171331,07:09:31.331,huobi,1INCH/USDT:USDT,0.2881,3431.0,0.288,3025.0,0.2885,342.0,0.2886,3420.0
1753600171355,07:09:31.355,huobi,1INCH/USDT:USDT,0.2881,3431.0,0.288,3025.0,0.2885,342.0,0.2886,3420.0
1753600175177,07:09:35.177,huobi,1INCH/USDT:USDT,0.2881,3431.0,0.288,3025.0,0.2885,342.0,0.2886,3420.0
1753600175222,07:09:35.222,huobi,1INCH/USDT:USDT,0.2881,3431.0,0.288,3025.0,0.2885,342.0,0.2886,3420.0
1753600175273,07:09:35.273,huobi,1INCH/USDT:USDT,0.2881,3431.0,0.288,3025.0,0.2885,342.0,0.2886,3420.0
1753600177519,07:09:37.519,huobi,1INCH/USDT:USDT,0.2881,3431.0,0.288,3025.0,0.2885,342.0,0.2886,3420.0
1753600177982,07:09:37.982,huobi,1INCH/USDT:USDT,0.2881,3431.0,0.288,3025.0,0.2885,342.0,0.2886,3420.0
1753600178035,07:09:38.035,huobi,1INCH/USDT:USDT,0.2881,3431.0,0.288,3025.0,0.2885,342.0,0.2886,3420.0
1753600178865,07:09:38.865,huobi,1INCH/USDT:USDT,0.2881,3431.0,0.288,3025.0,0.2885,342.0,0.2886,3420.0
1753600178923,07:09:38.923,huobi,1INCH/USDT:USDT,0.2881,3431.0,0.288,3025.0,0.2885,342.0,0.2886,3420.0
1753600183115,07:09:43.115,huobi,1INCH/USDT:USDT,0.2881,3431.0,0.288,3025.0,0.2885,342.0,0.2886,3420.0
1753600183121,07:09:43.121,huobi,1INCH/USDT:USDT,0.2881,3431.0,0.288,3025.0,0.2885,342.0,0.2886,3420.0
1753600183159,07:09:43.159,huobi,1INCH/USDT:USDT,0.2881,3431.0,0.288,3025.0,0.2885,342.0,0.2886,3420.0
1753600183625,07:09:43.625,huobi,1INCH/USDT:USDT,0.2881,3431.0,0.288,3025.0,0.2885,342.0,0.2886,342.0
1753600183625,07:09:43.625,huobi,1INCH/USDT:USDT,0.2881,3431.0,0.288,3025.0,0.2885,342.0,0.2886,342.0
1753600183729,07:09:43.729,huobi,1INCH/USDT:USDT,0.2881,3431.0,0.288,3025.0,0.2886,3420.0,0.2887,3420.0
1753600183770,07:09:43.770,huobi,1INCH/USDT:USDT,0.2881,3431.0,0.288,3025.0,0.2885,351.0,0.2886,3420.0
1753600183985,07:09:43.985,huobi,1INCH/USDT:USDT,0.2881,3431.0,0.288,3025.0,0.2885,351.0,0.2886,3420.0
1753600184616,07:09:44.616,huobi,1INCH/USDT:USDT,0.2881,3431.0,0.288,3025.0,0.2885,351.0,0.2886,3420.0
1753600187844,07:09:47.844,huobi,1INCH/USDT:USDT,0.2881,3431.0,0.288,3025.0,0.2885,351.0,0.2886,342.0
1753600187858,07:09:47.858,huobi,1INCH/USDT:USDT,0.2881,3431.0,0.288,3025.0,0.2886,342.0,0.2887,3420.0
1753600188061,07:09:48.061,huobi,1INCH/USDT:USDT,0.2881,3431.0,0.288,3025.0,0.2886,3420.0,0.2887,3420.0
1753600188151,07:09:48.151,huobi,1INCH/USDT:USDT,0.2881,3431.0,0.288,3025.0,0.2885,351.0,0.2886,3420.0
1753600188454,07:09:48.454,huobi,1INCH/USDT:USDT,0.2881,3431.0,0.288,3025.0,0.2885,351.0,0.2886,342.0
1753600188467,07:09:48.467,huobi,1INCH/USDT:USDT,0.2881,3431.0,0.288,3025.0,0.2886,342.0,0.2887,3420.0
1753600190060,07:09:50.060,huobi,1INCH/USDT:USDT,0.2881,3431.0,0.288,3025.0,0.2886,342.0,0.2887,3420.0
1753600190210,07:09:50.210,huobi,1INCH/USDT:USDT,0.2881,3431.0,0.288,3025.0,0.2886,342.0,0.2887,3420.0
1753600190261,07:09:50.261,huobi,1INCH/USDT:USDT,0.2881,3431.0,0.288,3025.0,0.2886,342.0,0.2887,3420.0
1753600190346,07:09:50.346,huobi,1INCH/USDT:USDT,0.2881,3431.0,0.288,3025.0,0.2886,342.0,0.2887,3420.0
1753600190383,07:09:50.383,huobi,1INCH/USDT:USDT,0.2881,3431.0,0.288,3025.0,0.2886,342.0,0.2887,3420.0
1753600190444,07:09:50.444,huobi,1INCH/USDT:USDT,0.2881,3431.0,0.288,3025.0,0.2886,342.0,0.2887,3420.0
1753600195137,07:09:55.137,huobi,1INCH/USDT:USDT,0.2881,3431.0,0.288,3025.0,0.2886,342.0,0.2887,3420.0
1753600195339,07:09:55.339,huobi,1INCH/USDT:USDT,0.2881,3431.0,0.288,3025.0,0.2886,342.0,0.2887,3420.0
1753600195712,07:09:55.712,huobi,1INCH/USDT:USDT,0.2882,349.0,0.2881,3431.0,0.2886,342.0,0.2887,3420.0
1753600195731,07:09:55.731,huobi,1INCH/USDT:USDT,0.2882,349.0,0.2881,3431.0,0.2886,342.0,0.2887,3420.0
1753600195750,07:09:55.750,huobi,1INCH/USDT:USDT,0.2882,3427.0,0.2881,3431.0,0.2886,342.0,0.2887,3420.0
1753600195786,07:09:55.786,huobi,1INCH/USDT:USDT,0.2883,349.0,0.2882,3427.0,0.2886,342.0,0.2887,3420.0
1753600196457,07:09:56.457,huobi,1INCH/USDT:USDT,0.2883,349.0,0.2882,3427.0,0.2886,3420.0,0.2887,3420.0
1753600196471,07:09:56.471,huobi,1INCH/USDT:USDT,0.2883,349.0,0.2882,3427.0,0.2886,3420.0,0.2887,3420.0
1753600196823,07:09:56.823,huobi,1INCH/USDT:USDT,0.2883,349.0,0.2882,3427.0,0.2885,349.0,0.2886,3420.0
1753600197938,07:09:57.938,huobi,1INCH/USDT:USDT,0.2883,349.0,0.2882,3427.0,0.2885,349.0,0.2886,3420.0
1753600198313,07:09:58.313,huobi,1INCH/USDT:USDT,0.2883,349.0,0.2882,3427.0,0.2885,349.0,0.2886,3420.0
1753600198313,07:09:58.313,huobi,1INCH/USDT:USDT,0.2883,349.0,0.2882,3427.0,0.2885,349.0,0.2886,3420.0
1753600198373,07:09:58.373,huobi,1INCH/USDT:USDT,0.2883,349.0,0.2882,3427.0,0.2885,349.0,0.2886,3420.0
1753600199129,07:09:59.129,huobi,1INCH/USDT:USDT,0.2883,349.0,0.2882,3427.0,0.2885,349.0,0.2886,342.0
1753600199142,07:09:59.142,huobi,1INCH/USDT:USDT,0.2883,349.0,0.2882,3427.0,0.2886,342.0,0.2887,3420.0
1753600202274,07:10:02.274,huobi,1INCH/USDT:USDT,0.2883,349.0,0.2882,3427.0,0.2886,342.0,0.2887,3420.0
1753600202286,07:10:02.286,huobi,1INCH/USDT:USDT,0.2883,349.0,0.2882,3427.0,0.2886,342.0,0.2887,3420.0
1753600202643,07:10:02.643,huobi,1INCH/USDT:USDT,0.2883,349.0,0.2882,3427.0,0.2886,342.0,0.2887,3420.0
1753600202654,07:10:02.654,huobi,1INCH/USDT:USDT,0.2883,349.0,0.2882,3427.0,0.2886,342.0,0.2887,3420.0
1753600204148,07:10:04.148,huobi,1INCH/USDT:USDT,0.2883,349.0,0.2882,3427.0,0.2886,342.0,0.2887,3420.0
1753600204186,07:10:04.186,huobi,1INCH/USDT:USDT,0.2883,349.0,0.2882,3427.0,0.2886,342.0,0.2887,3420.0
1753600206610,07:10:06.610,huobi,1INCH/USDT:USDT,0.2883,349.0,0.2882,3427.0,0.2886,3420.0,0.2887,3420.0
1753600207361,07:10:07.361,huobi,1INCH/USDT:USDT,0.2882,3427.0,0.2881,3572.0,0.2885,359.0,0.2886,3420.0
1753600207397,07:10:07.397,huobi,1INCH/USDT:USDT,0.2882,3427.0,0.2881,3431.0,0.2885,3437.0,0.2886,3420.0
1753600207421,07:10:07.421,huobi,1INCH/USDT:USDT,0.2883,359.0,0.2882,3427.0,0.2884,359.0,0.2885,3437.0
1753600207462,07:10:07.462,huobi,1INCH/USDT:USDT,0.2883,359.0,0.2882,3427.0,0.2884,359.0,0.2885,3437.0
1753600207476,07:10:07.476,huobi,1INCH/USDT:USDT,0.2883,359.0,0.2882,3427.0,0.2884,359.0,0.2885,3437.0
1753600207515,07:10:07.515,huobi,1INCH/USDT:USDT,0.2883,359.0,0.2882,3427.0,0.2884,359.0,0.2885,3437.0
1753600207549,07:10:07.549,huobi,1INCH/USDT:USDT,0.2883,359.0,0.2882,3427.0,0.2884,359.0,0.2885,3437.0
1753600207571,07:10:07.571,huobi,1INCH/USDT:USDT,0.2883,359.0,0.2882,3427.0,0.2884,359.0,0.2885,3437.0
1753600207726,07:10:07.726,huobi,1INCH/USDT:USDT,0.2883,359.0,0.2882,3427.0,0.2884,359.0,0.2885,3437.0
1753600208077,07:10:08.077,huobi,1INCH/USDT:USDT,0.2883,359.0,0.2882,3427.0,0.2884,359.0,0.2885,3437.0
1753600208182,07:10:08.182,huobi,1INCH/USDT:USDT,0.2883,359.0,0.2882,3427.0,0.2884,359.0,0.2885,359.0
1753600208206,07:10:08.206,huobi,1INCH/USDT:USDT,0.2883,359.0,0.2882,3427.0,0.2885,359.0,0.2886,3420.0
1753600208332,07:10:08.332,huobi,1INCH/USDT:USDT,0.2883,359.0,0.2882,3427.0,0.2885,3437.0,0.2886,3420.0
1753600208356,07:10:08.356,huobi,1INCH/USDT:USDT,0.2883,359.0,0.2882,3427.0,0.2884,359.0,0.2885,3437.0
1753600209065,07:10:09.065,huobi,1INCH/USDT:USDT,0.2883,359.0,0.2882,3427.0,0.2884,359.0,0.2885,3437.0
1753600211371,07:10:11.371,huobi,1INCH/USDT:USDT,0.2883,359.0,0.2882,3427.0,0.2884,359.0,0.2885,3437.0
1753600211381,07:10:11.381,huobi,1INCH/USDT:USDT,0.2883,359.0,0.2882,3427.0,0.2884,359.0,0.2885,3437.0
1753600213596,07:10:13.596,huobi,1INCH/USDT:USDT,0.2882,3427.0,0.2881,3431.0,0.2884,359.0,0.2885,3437.0
1753600213683,07:10:13.683,huobi,1INCH/USDT:USDT,0.2883,357.0,0.2882,3427.0,0.2884,359.0,0.2885,3437.0
1753600215493,07:10:15.493,huobi,1INCH/USDT:USDT,0.2882,3427.0,0.2881,3431.0,0.2884,359.0,0.2885,3437.0
1753600215696,07:10:15.696,huobi,1INCH/USDT:USDT,0.2882,349.0,0.2881,3431.0,0.2884,359.0,0.2885,3437.0
1753600215737,07:10:15.737,huobi,1INCH/USDT:USDT,0.2882,349.0,0.2881,3431.0,0.2884,359.0,0.2885,3437.0
1753600215987,07:10:15.987,huobi,1INCH/USDT:USDT,0.2882,349.0,0.2881,353.0,0.2884,359.0,0.2885,3437.0
1753600216001,07:10:16.001,huobi,1INCH/USDT:USDT,0.2881,353.0,0.288,3025.0,0.2884,359.0,0.2885,3437.0
1753600216029,07:10:16.029,huobi,1INCH/USDT:USDT,0.2881,353.0,0.288,3025.0,0.2883,357.0,0.2884,3437.0
1753600216067,07:10:16.067,huobi,1INCH/USDT:USDT,0.2881,353.0,0.288,3025.0,0.2883,357.0,0.2884,3437.0
1753600216090,07:10:16.090,huobi,1INCH/USDT:USDT,0.2881,353.0,0.288,3025.0,0.2883,357.0,0.2884,3437.0
1753600216131,07:10:16.131,huobi,1INCH/USDT:USDT,0.2881,353.0,0.288,3025.0,0.2883,357.0,0.2884,3437.0
1753600216152,07:10:16.152,huobi,1INCH/USDT:USDT,0.2881,353.0,0.288,3025.0,0.2883,357.0,0.2884,3437.0
1753600216182,07:10:16.182,huobi,1INCH/USDT:USDT,0.2881,353.0,0.288,3025.0,0.2883,357.0,0.2884,3437.0
1753600216218,07:10:16.218,huobi,1INCH/USDT:USDT,0.2881,353.0,0.288,3025.0,0.2883,357.0,0.2884,3437.0
1753600216270,07:10:16.270,huobi,1INCH/USDT:USDT,0.2881,353.0,0.288,3025.0,0.2883,357.0,0.2884,3437.0
1753600216777,07:10:16.777,huobi,1INCH/USDT:USDT,0.2881,353.0,0.288,3025.0,0.2883,357.0,0.2884,3437.0
1753600217269,07:10:17.269,huobi,1INCH/USDT:USDT,0.2881,353.0,0.288,3025.0,0.2883,357.0,0.2884,3437.0
1753600218945,07:10:18.945,huobi,1INCH/USDT:USDT,0.2881,353.0,0.288,3025.0,0.2883,357.0,0.2884,3437.0
1753600218994,07:10:18.994,huobi,1INCH/USDT:USDT,0.2881,353.0,0.288,3025.0,0.2883,357.0,0.2884,3437.0
1753600222040,07:10:22.040,huobi,1INCH/USDT:USDT,0.2881,353.0,0.288,3025.0,0.2883,357.0,0.2884,359.0
1753600222057,07:10:22.057,huobi,1INCH/USDT:USDT,0.2881,3431.0,0.288,3025.0,0.2884,359.0,0.2885,3437.0
1753600222121,07:10:22.121,huobi,1INCH/USDT:USDT,0.2882,354.0,0.2881,3431.0,0.2884,359.0,0.2885,3437.0
1753600222389,07:10:22.389,huobi,1INCH/USDT:USDT,0.2882,354.0,0.2881,3431.0,0.2884,359.0,0.2885,3437.0
1753600222459,07:10:22.459,huobi,1INCH/USDT:USDT,0.2882,354.0,0.2881,3431.0,0.2884,359.0,0.2885,3437.0
1753600224047,07:10:24.047,huobi,1INCH/USDT:USDT,0.2882,354.0,0.2881,3431.0,0.2884,359.0,0.2885,3437.0
1753600224068,07:10:24.068,huobi,1INCH/USDT:USDT,0.2882,354.0,0.2881,3431.0,0.2884,359.0,0.2885,3437.0
1753600224516,07:10:24.516,huobi,1INCH/USDT:USDT,0.2882,354.0,0.2881,3431.0,0.2884,359.0,0.2885,3437.0
1753600227834,07:10:27.834,huobi,1INCH/USDT:USDT,0.2882,354.0,0.2881,3431.0,0.2884,359.0,0.2885,3437.0
1753600227938,07:10:27.938,huobi,1INCH/USDT:USDT,0.2882,354.0,0.2881,3431.0,0.2884,359.0,0.2885,3437.0
1753600227973,07:10:27.973,huobi,1INCH/USDT:USDT,0.2882,354.0,0.2881,3431.0,0.2884,359.0,0.2885,3437.0
1753600228004,07:10:28.004,huobi,1INCH/USDT:USDT,0.2882,354.0,0.2881,3431.0,0.2883,354.0,0.2884,3437.0
1753600228037,07:10:28.037,huobi,1INCH/USDT:USDT,0.2882,354.0,0.2881,3431.0,0.2883,354.0,0.2884,3437.0
1753600228464,07:10:28.464,huobi,1INCH/USDT:USDT,0.2882,354.0,0.2881,3431.0,0.2883,354.0,0.2884,3437.0
1753600229575,07:10:29.575,huobi,1INCH/USDT:USDT,0.2882,354.0,0.2881,3431.0,0.2883,354.0,0.2884,359.0
1753600229681,07:10:29.681,huobi,1INCH/USDT:USDT,0.2882,354.0,0.2881,3431.0,0.2884,359.0,0.2885,3437.0
1753600230399,07:10:30.399,huobi,1INCH/USDT:USDT,0.2882,354.0,0.2881,3431.0,0.2884,359.0,0.2885,3437.0
1753600230798,07:10:30.798,huobi,1INCH/USDT:USDT,0.2882,354.0,0.2881,3431.0,0.2884,359.0,0.2885,3437.0
1753600230849,07:10:30.849,huobi,1INCH/USDT:USDT,0.2882,354.0,0.2881,3431.0,0.2884,359.0,0.2885,3437.0
1753600230917,07:10:30.917,huobi,1INCH/USDT:USDT,0.2882,354.0,0.2881,3431.0,0.2884,359.0,0.2885,3437.0
1753600234383,07:10:34.383,huobi,1INCH/USDT:USDT,0.2882,354.0,0.2881,3431.0,0.2884,359.0,0.2885,3437.0
1753600234386,07:10:34.386,huobi,1INCH/USDT:USDT,0.2882,354.0,0.2881,3431.0,0.2884,359.0,0.2885,3437.0
1753600234419,07:10:34.419,huobi,1INCH/USDT:USDT,0.2882,354.0,0.2881,3431.0,0.2884,359.0,0.2885,3437.0
1753600236585,07:10:36.585,huobi,1INCH/USDT:USDT,0.2882,354.0,0.2881,3431.0,0.2884,359.0,0.2885,3437.0
1753600236614,07:10:36.614,huobi,1INCH/USDT:USDT,0.2882,354.0,0.2881,3431.0,0.2884,359.0,0.2885,3437.0
1753600236811,07:10:36.811,huobi,1INCH/USDT:USDT,0.2882,354.0,0.2881,353.0,0.2884,359.0,0.2885,3437.0
1753600236817,07:10:36.817,huobi,1INCH/USDT:USDT,0.2882,354.0,0.2881,353.0,0.2884,359.0,0.2885,3437.0
1753600238956,07:10:38.956,huobi,1INCH/USDT:USDT,0.2881,353.0,0.288,3025.0,0.2883,355.0,0.2884,3437.0
1753600239036,07:10:39.036,huobi,1INCH/USDT:USDT,0.2881,353.0,0.288,3025.0,0.2883,355.0,0.2884,3437.0
1753600239036,07:10:39.036,huobi,1INCH/USDT:USDT,0.2881,353.0,0.288,3025.0,0.2883,355.0,0.2884,3437.0
1753600239070,07:10:39.070,huobi,1INCH/USDT:USDT,0.2881,353.0,0.288,3025.0,0.2883,355.0,0.2884,3437.0
1753600239112,07:10:39.112,huobi,1INCH/USDT:USDT,0.2881,353.0,0.288,3025.0,0.2883,355.0,0.2884,3437.0
1753600239128,07:10:39.128,huobi,1INCH/USDT:USDT,0.2881,353.0,0.288,3025.0,0.2883,355.0,0.2884,3437.0
1753600240625,07:10:40.625,huobi,1INCH/USDT:USDT,0.2881,353.0,0.288,353.0,0.2883,355.0,0.2884,3437.0
1753600240711,07:10:40.711,huobi,1INCH/USDT:USDT,0.288,353.0,0.2879,3432.0,0.2883,355.0,0.2884,3437.0
1753600240767,07:10:40.767,huobi,1INCH/USDT:USDT,0.288,353.0,0.2879,3432.0,0.2883,355.0,0.2884,3437.0
1753600240798,07:10:40.798,huobi,1INCH/USDT:USDT,0.288,353.0,0.2879,3432.0,0.2883,355.0,0.2884,3437.0
1753600240814,07:10:40.814,huobi,1INCH/USDT:USDT,0.288,353.0,0.2879,3432.0,0.2883,355.0,0.2884,3437.0
1753600240932,07:10:40.932,huobi,1INCH/USDT:USDT,0.288,3431.0,0.2879,3432.0,0.2883,355.0,0.2884,3437.0
1753600240961,07:10:40.961,huobi,1INCH/USDT:USDT,0.2881,349.0,0.288,3431.0,0.2883,355.0,0.2884,3437.0
1753600242027,07:10:42.027,huobi,1INCH/USDT:USDT,0.2881,349.0,0.288,3431.0,0.2883,355.0,0.2884,3437.0
1753600242505,07:10:42.505,huobi,1INCH/USDT:USDT,0.2881,349.0,0.288,3431.0,0.2883,355.0,0.2884,3437.0
1753600245793,07:10:45.793,huobi,1INCH/USDT:USDT,0.2881,349.0,0.288,3431.0,0.2883,355.0,0.2884,3437.0
1753600245830,07:10:45.830,huobi,1INCH/USDT:USDT,0.2881,349.0,0.288,3431.0,0.2883,355.0,0.2884,3437.0
1753600245864,07:10:45.864,huobi,1INCH/USDT:USDT,0.2881,349.0,0.288,3431.0,0.2883,355.0,0.2884,3437.0
1753600245910,07:10:45.910,huobi,1INCH/USDT:USDT,0.2881,349.0,0.288,3431.0,0.2883,355.0,0.2884,3437.0
1753600249237,07:10:49.237,huobi,1INCH/USDT:USDT,0.2881,349.0,0.288,3431.0,0.2883,355.0,0.2884,3437.0
1753600252335,07:10:52.335,huobi,1INCH/USDT:USDT,0.2881,349.0,0.288,3431.0,0.2883,355.0,0.2884,3437.0
1753600252496,07:10:52.496,huobi,1INCH/USDT:USDT,0.2881,349.0,0.288,3431.0,0.2883,355.0,0.2884,3437.0
1753600253207,07:10:53.207,huobi,1INCH/USDT:USDT,0.2881,349.0,0.288,3431.0,0.2883,355.0,0.2884,3437.0
1753600253901,07:10:53.901,huobi,1INCH/USDT:USDT,0.2881,349.0,0.288,3431.0,0.2883,355.0,0.2884,3437.0
1753600253930,07:10:53.930,huobi,1INCH/USDT:USDT,0.2881,349.0,0.288,3431.0,0.2883,355.0,0.2884,3437.0
1753600256607,07:10:56.607,huobi,1INCH/USDT:USDT,0.2881,349.0,0.288,3431.0,0.2883,355.0,0.2884,3437.0
1753600257557,07:10:57.557,huobi,1INCH/USDT:USDT,0.2881,349.0,0.288,3431.0,0.2883,355.0,0.2884,3437.0
1753600258485,07:10:58.485,huobi,1INCH/USDT:USDT,0.2881,349.0,0.288,3431.0,0.2883,355.0,0.2884,3437.0
1753600260509,07:11:00.509,huobi,1INCH/USDT:USDT,0.2881,349.0,0.288,3431.0,0.2883,355.0,0.2884,3437.0
1753600260686,07:11:00.686,huobi,1INCH/USDT:USDT,0.2881,349.0,0.288,3431.0,0.2883,355.0,0.2884,3437.0
1753600261449,07:11:01.449,huobi,1INCH/USDT:USDT,0.2881,349.0,0.288,3431.0,0.2883,355.0,0.2884,3437.0
1753600261486,07:11:01.486,huobi,1INCH/USDT:USDT,0.2881,349.0,0.288,3431.0,0.2883,355.0,0.2884,3437.0
1753600265066,07:11:05.066,huobi,1INCH/USDT:USDT,0.2881,349.0,0.288,3431.0,0.2883,355.0,0.2884,3437.0
1753600265088,07:11:05.088,huobi,1INCH/USDT:USDT,0.2881,349.0,0.288,3431.0,0.2883,355.0,0.2884,3437.0
1753600268267,07:11:08.267,huobi,1INCH/USDT:USDT,0.2881,349.0,0.288,3431.0,0.2883,355.0,0.2884,3437.0
1753600268294,07:11:08.294,huobi,1INCH/USDT:USDT,0.2881,3427.0,0.288,3431.0,0.2883,355.0,0.2884,359.0
1753600268344,07:11:08.344,huobi,1INCH/USDT:USDT,0.2882,342.0,0.2881,3427.0,0.2884,359.0,0.2885,3437.0
1753600268346,07:11:08.346,huobi,1INCH/USDT:USDT,0.2882,342.0,0.2881,3427.0,0.2884,359.0,0.2885,3437.0
1753600268511,07:11:08.511,huobi,1INCH/USDT:USDT,0.2882,342.0,0.2881,3427.0,0.2883,1.0,0.2884,359.0
1753600268536,07:11:08.536,huobi,1INCH/USDT:USDT,0.2882,342.0,0.2881,3427.0,0.2883,342.0,0.2884,359.0
1753600268624,07:11:08.624,huobi,1INCH/USDT:USDT,0.2882,342.0,0.2881,3427.0,0.2884,359.0,0.2885,3437.0
1753600272326,07:11:12.326,huobi,1INCH/USDT:USDT,0.2882,342.0,0.2881,3427.0,0.2884,359.0,0.2885,3437.0
1753600272488,07:11:12.488,huobi,1INCH/USDT:USDT,0.2882,342.0,0.2881,3427.0,0.2884,359.0,0.2885,3437.0
1753600276266,07:11:16.266,huobi,1INCH/USDT:USDT,0.2882,342.0,0.2881,3427.0,0.2884,359.0,0.2885,3437.0
1753600276321,07:11:16.321,huobi,1INCH/USDT:USDT,0.2882,342.0,0.2881,3427.0,0.2884,359.0,0.2885,3437.0
1753600276328,07:11:16.328,huobi,1INCH/USDT:USDT,0.2882,342.0,0.2881,3427.0,0.2884,359.0,0.2885,3437.0
1753600279788,07:11:19.788,huobi,1INCH/USDT:USDT,0.2882,342.0,0.2881,3427.0,0.2884,359.0,0.2885,3437.0
1753600279851,07:11:19.851,huobi,1INCH/USDT:USDT,0.2882,342.0,0.2881,3427.0,0.2884,359.0,0.2885,3437.0
1753600283385,07:11:23.385,huobi,1INCH/USDT:USDT,0.2882,342.0,0.2881,3427.0,0.2884,359.0,0.2885,3437.0
1753600283409,07:11:23.409,huobi,1INCH/USDT:USDT,0.2882,342.0,0.2881,3427.0,0.2884,359.0,0.2885,3437.0
1753600287312,07:11:27.312,huobi,1INCH/USDT:USDT,0.2882,342.0,0.2881,3427.0,0.2884,359.0,0.2885,3437.0
1753600287337,07:11:27.337,huobi,1INCH/USDT:USDT,0.2882,342.0,0.2881,3427.0,0.2884,359.0,0.2885,3437.0
1753600291207,07:11:31.207,huobi,1INCH/USDT:USDT,0.2882,342.0,0.2881,3427.0,0.2884,359.0,0.2885,3437.0
1753600291262,07:11:31.262,huobi,1INCH/USDT:USDT,0.2882,342.0,0.2881,3427.0,0.2884,359.0,0.2885,3437.0
1753600291281,07:11:31.281,huobi,1INCH/USDT:USDT,0.2882,342.0,0.2881,3427.0,0.2884,359.0,0.2885,3437.0
1753600295095,07:11:35.095,huobi,1INCH/USDT:USDT,0.2882,342.0,0.2881,3427.0,0.2884,359.0,0.2885,3437.0
1753600296100,07:11:36.100,huobi,1INCH/USDT:USDT,0.2882,342.0,0.2881,3427.0,0.2884,359.0,0.2885,3437.0
1753600298695,07:11:38.695,huobi,1INCH/USDT:USDT,0.2881,3427.0,0.288,3431.0,0.2884,359.0,0.2885,3437.0
1753600298714,07:11:38.714,huobi,1INCH/USDT:USDT,0.2881,3427.0,0.288,3431.0,0.2884,359.0,0.2885,3437.0
1753600298744,07:11:38.744,huobi,1INCH/USDT:USDT,0.2881,3427.0,0.288,3431.0,0.2883,348.0,0.2884,3437.0
1753600299763,07:11:39.763,huobi,1INCH/USDT:USDT,0.2882,348.0,0.2881,3427.0,0.2883,348.0,0.2884,3437.0
1753600299836,07:11:39.836,huobi,1INCH/USDT:USDT,0.2882,348.0,0.2881,3427.0,0.2883,348.0,0.2884,3437.0
1753600301521,07:11:41.521,huobi,1INCH/USDT:USDT,0.2882,348.0,0.2881,3427.0,0.2883,348.0,0.2884,3437.0
1753600301906,07:11:41.906,huobi,1INCH/USDT:USDT,0.2882,348.0,0.2881,3427.0,0.2883,348.0,0.2884,3437.0
1753600303828,07:11:43.828,huobi,1INCH/USDT:USDT,0.2882,348.0,0.2881,3427.0,0.2883,348.0,0.2884,3437.0
1753600304254,07:11:44.254,huobi,1INCH/USDT:USDT,0.2882,348.0,0.2881,3427.0,0.2883,348.0,0.2884,3437.0
1753600304255,07:11:44.255,huobi,1INCH/USDT:USDT,0.2882,348.0,0.2881,3427.0,0.2883,348.0,0.2884,3437.0
1753600305840,07:11:45.840,huobi,1INCH/USDT:USDT,0.2882,348.0,0.2881,3427.0,0.2883,348.0,0.2884,3437.0
1753600306398,07:11:46.398,huobi,1INCH/USDT:USDT,0.2882,348.0,0.2881,3427.0,0.2883,348.0,0.2884,3437.0
1753600306426,07:11:46.426,huobi,1INCH/USDT:USDT,0.2881,3427.0,0.288,3431.0,0.2883,348.0,0.2884,3437.0
1753600307374,07:11:47.374,huobi,1INCH/USDT:USDT,0.2881,3427.0,0.288,3431.0,0.2883,348.0,0.2884,359.0
1753600307377,07:11:47.377,huobi,1INCH/USDT:USDT,0.2881,3427.0,0.288,3431.0,0.2884,359.0,0.2885,3437.0
1753600307511,07:11:47.511,huobi,1INCH/USDT:USDT,0.2882,348.0,0.2881,3427.0,0.2884,359.0,0.2885,3437.0
1753600307524,07:11:47.524,huobi,1INCH/USDT:USDT,0.2882,348.0,0.2881,3427.0,0.2884,3437.0,0.2885,3437.0
1753600307922,07:11:47.922,huobi,1INCH/USDT:USDT,0.2882,348.0,0.2881,3427.0,0.2883,348.0,0.2884,3437.0
1753600308497,07:11:48.497,huobi,1INCH/USDT:USDT,0.2882,348.0,0.2881,3427.0,0.2883,348.0,0.2884,3437.0
1753600309775,07:11:49.775,huobi,1INCH/USDT:USDT,0.2881,3427.0,0.288,3431.0,0.2883,348.0,0.2884,3437.0
1753600310139,07:11:50.139,huobi,1INCH/USDT:USDT,0.2882,357.0,0.2881,3427.0,0.2883,348.0,0.2884,3437.0
1753600310321,07:11:50.321,huobi,1INCH/USDT:USDT,0.2881,3427.0,0.288,3431.0,0.2883,348.0,0.2884,3437.0
1753600312163,07:11:52.163,huobi,1INCH/USDT:USDT,0.2881,3427.0,0.288,3431.0,0.2883,348.0,0.2884,3437.0
1753600313590,07:11:53.590,huobi,1INCH/USDT:USDT,0.2882,357.0,0.2881,3427.0,0.2883,348.0,0.2884,3562.0
1753600317878,07:11:57.878,huobi,1INCH/USDT:USDT,0.2882,357.0,0.2881,3427.0,0.2883,348.0,0.2884,3437.0
1753600318086,07:11:58.086,huobi,1INCH/USDT:USDT,0.2882,357.0,0.2881,3427.0,0.2883,348.0,0.2884,3576.0
1753600318314,07:11:58.314,huobi,1INCH/USDT:USDT,0.2882,357.0,0.2881,3427.0,0.2883,348.0,0.2884,3576.0
1753600320395,07:12:00.395,huobi,1INCH/USDT:USDT,0.2882,357.0,0.2881,3427.0,0.2883,348.0,0.2884,3576.0
1753600320869,07:12:00.869,huobi,1INCH/USDT:USDT,0.2882,357.0,0.2881,3427.0,0.2883,348.0,0.2884,3576.0
1753600320891,07:12:00.891,huobi,1INCH/USDT:USDT,0.2882,357.0,0.2881,3427.0,0.2883,348.0,0.2884,3576.0
1753600321513,07:12:01.513,huobi,1INCH/USDT:USDT,0.2881,3427.0,0.288,3431.0,0.2883,348.0,0.2884,3576.0
1753600322051,07:12:02.051,huobi,1INCH/USDT:USDT,0.2881,3427.0,0.288,3431.0,0.2883,348.0,0.2884,3576.0
1753600323150,07:12:03.150,huobi,1INCH/USDT:USDT,0.2881,3427.0,0.288,3431.0,0.2883,348.0,0.2884,3437.0
1753600323321,07:12:03.321,huobi,1INCH/USDT:USDT,0.2881,3427.0,0.288,3431.0,0.2883,348.0,0.2884,3437.0
1753600325236,07:12:05.236,huobi,1INCH/USDT:USDT,0.2881,3427.0,0.288,3431.0,0.2883,348.0,0.2884,3437.0
1753600326665,07:12:06.665,huobi,1INCH/USDT:USDT,0.2882,352.0,0.2881,3427.0,0.2883,348.0,0.2884,3437.0
1753600326720,07:12:06.720,huobi,1INCH/USDT:USDT,0.2882,352.0,0.2881,3427.0,0.2883,348.0,0.2884,3437.0
1753600328044,07:12:08.044,huobi,1INCH/USDT:USDT,0.2882,352.0,0.2881,3427.0,0.2883,348.0,0.2884,359.0
1753600328072,07:12:08.072,huobi,1INCH/USDT:USDT,0.2882,352.0,0.2881,3427.0,0.2883,348.0,0.2884,359.0
1753600328091,07:12:08.091,huobi,1INCH/USDT:USDT,0.2882,352.0,0.2881,3427.0,0.2884,359.0,0.2885,3437.0
1753600328158,07:12:08.158,huobi,1INCH/USDT:USDT,0.2882,352.0,0.2881,3427.0,0.2884,359.0,0.2885,3437.0
1753600328209,07:12:08.209,huobi,1INCH/USDT:USDT,0.2882,352.0,0.2881,3427.0,0.2884,359.0,0.2885,3437.0
1753600328228,07:12:08.228,huobi,1INCH/USDT:USDT,0.2881,3427.0,0.288,3431.0,0.2884,359.0,0.2885,3437.0
1753600328371,07:12:08.371,huobi,1INCH/USDT:USDT,0.2881,3427.0,0.288,3431.0,0.2884,359.0,0.2885,3437.0
1753600328388,07:12:08.388,huobi,1INCH/USDT:USDT,0.2882,352.0,0.2881,3427.0,0.2883,352.0,0.2884,3437.0
1753600328419,07:12:08.419,huobi,1INCH/USDT:USDT,0.2882,352.0,0.2881,3427.0,0.2883,352.0,0.2884,3437.0
1753600328677,07:12:08.677,huobi,1INCH/USDT:USDT,0.2881,3427.0,0.288,3431.0,0.2883,352.0,0.2884,3437.0
1753600329076,07:12:09.076,huobi,1INCH/USDT:USDT,0.2882,345.0,0.2881,3427.0,0.2883,352.0,0.2884,3437.0
1753600329264,07:12:09.264,huobi,1INCH/USDT:USDT,0.2882,345.0,0.2881,3427.0,0.2883,352.0,0.2884,3437.0
1753600332384,07:12:12.384,huobi,1INCH/USDT:USDT,0.2881,3427.0,0.288,3431.0,0.2883,352.0,0.2884,3437.0
1753600336404,07:12:16.404,huobi,1INCH/USDT:USDT,0.2881,3427.0,0.288,3431.0,0.2883,352.0,0.2884,3437.0
1753600336438,07:12:16.438,huobi,1INCH/USDT:USDT,0.2881,3427.0,0.288,3431.0,0.2883,352.0,0.2884,3437.0
1753600336446,07:12:16.446,huobi,1INCH/USDT:USDT,0.2881,3427.0,0.288,3431.0,0.2883,352.0,0.2884,3437.0
1753600338334,07:12:18.334,huobi,1INCH/USDT:USDT,0.2881,3427.0,0.288,3431.0,0.2883,352.0,0.2884,3437.0
1753600338409,07:12:18.409,huobi,1INCH/USDT:USDT,0.2881,3427.0,0.288,3431.0,0.2883,352.0,0.2884,3437.0
1753600338433,07:12:18.433,huobi,1INCH/USDT:USDT,0.2881,3427.0,0.288,3431.0,0.2883,352.0,0.2884,3437.0
1753600338722,07:12:18.722,huobi,1INCH/USDT:USDT,0.2881,3427.0,0.288,3431.0,0.2883,352.0,0.2884,3437.0
1753600338765,07:12:18.765,huobi,1INCH/USDT:USDT,0.2882,346.0,0.2881,3427.0,0.2883,352.0,0.2884,3437.0
1753600338793,07:12:18.793,huobi,1INCH/USDT:USDT,0.2881,3427.0,0.288,3431.0,0.2883,352.0,0.2884,3437.0
1753600339139,07:12:19.139,huobi,1INCH/USDT:USDT,0.2881,3427.0,0.288,3431.0,0.2883,352.0,0.2884,3437.0
1753600339159,07:12:19.159,huobi,1INCH/USDT:USDT,0.2881,3427.0,0.288,3431.0,0.2883,352.0,0.2884,3437.0
1753600339641,07:12:19.641,huobi,1INCH/USDT:USDT,0.2881,3427.0,0.288,3431.0,0.2883,352.0,0.2884,3437.0
1753600341250,07:12:21.250,huobi,1INCH/USDT:USDT,0.2881,349.0,0.288,3431.0,0.2883,352.0,0.2884,3437.0
1753600341278,07:12:21.278,huobi,1INCH/USDT:USDT,0.288,353.0,0.2879,3432.0,0.2883,3430.0,0.2884,3437.0
1753600341354,07:12:21.354,huobi,1INCH/USDT:USDT,0.288,353.0,0.2879,3432.0,0.2882,346.0,0.2883,3430.0
1753600341368,07:12:21.368,huobi,1INCH/USDT:USDT,0.288,353.0,0.2879,3432.0,0.2882,346.0,0.2883,3430.0
1753600341408,07:12:21.408,huobi,1INCH/USDT:USDT,0.288,353.0,0.2879,3432.0,0.2882,346.0,0.2883,3430.0
1753600341431,07:12:21.431,huobi,1INCH/USDT:USDT,0.288,353.0,0.2879,3432.0,0.2882,346.0,0.2883,3430.0
1753600341475,07:12:21.475,huobi,1INCH/USDT:USDT,0.288,353.0,0.2879,3432.0,0.2882,346.0,0.2883,3430.0
1753600341553,07:12:21.553,huobi,1INCH/USDT:USDT,0.288,353.0,0.2879,3432.0,0.2882,346.0,0.2883,3430.0
1753600341699,07:12:21.699,huobi,1INCH/USDT:USDT,0.288,353.0,0.2879,3432.0,0.2882,346.0,0.2883,3430.0
1753600341823,07:12:21.823,huobi,1INCH/USDT:USDT,0.288,353.0,0.2879,3432.0,0.2882,346.0,0.2883,3430.0
1753600341972,07:12:21.972,huobi,1INCH/USDT:USDT,0.288,353.0,0.2879,3432.0,0.2882,346.0,0.2883,3430.0
1753600342436,07:12:22.436,huobi,1INCH/USDT:USDT,0.288,353.0,0.2879,3432.0,0.2882,346.0,0.2883,3430.0
1753600342932,07:12:22.932,huobi,1INCH/USDT:USDT,0.288,353.0,0.2879,354.0,0.2882,346.0,0.2883,3430.0
1753600342967,07:12:22.967,huobi,1INCH/USDT:USDT,0.2879,354.0,0.2876,138.0,0.2882,3424.0,0.2883,3430.0
1753600342992,07:12:22.992,huobi,1INCH/USDT:USDT,0.2879,354.0,0.2876,138.0,0.2882,346.0,0.2883,3430.0
1753600343021,07:12:23.021,huobi,1INCH/USDT:USDT,0.2879,354.0,0.2876,138.0,0.2882,346.0,0.2883,3430.0
1753600343049,07:12:23.049,huobi,1INCH/USDT:USDT,0.2879,354.0,0.2876,138.0,0.2882,346.0,0.2883,3430.0
1753600343076,07:12:23.076,huobi,1INCH/USDT:USDT,0.2879,354.0,0.2876,138.0,0.2882,346.0,0.2883,3430.0
1753600343115,07:12:23.115,huobi,1INCH/USDT:USDT,0.2879,354.0,0.2876,138.0,0.2882,346.0,0.2883,3430.0
1753600343187,07:12:23.187,huobi,1INCH/USDT:USDT,0.2879,354.0,0.2876,138.0,0.2882,346.0,0.2883,3430.0
1753600343212,07:12:23.212,huobi,1INCH/USDT:USDT,0.2879,354.0,0.2876,138.0,0.2882,346.0,0.2883,3430.0
1753600343235,07:12:23.235,huobi,1INCH/USDT:USDT,0.2879,354.0,0.2878,3078.0,0.2882,346.0,0.2883,3430.0
1753600343263,07:12:23.263,huobi,1INCH/USDT:USDT,0.288,346.0,0.2879,3432.0,0.2882,346.0,0.2883,3430.0
1753600343310,07:12:23.310,huobi,1INCH/USDT:USDT,0.288,346.0,0.2879,3432.0,0.2882,346.0,0.2883,3430.0
1753600343502,07:12:23.502,huobi,1INCH/USDT:USDT,0.288,346.0,0.2879,3432.0,0.2882,346.0,0.2883,3430.0
1753600343552,07:12:23.552,huobi,1INCH/USDT:USDT,0.288,346.0,0.2879,3432.0,0.2882,346.0,0.2883,3430.0
1753600343678,07:12:23.678,huobi,1INCH/USDT:USDT,0.288,346.0,0.2879,3432.0,0.2882,346.0,0.2883,3430.0
1753600344049,07:12:24.049,huobi,1INCH/USDT:USDT,0.288,346.0,0.2879,3432.0,0.2882,346.0,0.2883,352.0
1753600344597,07:12:24.597,huobi,1INCH/USDT:USDT,0.288,346.0,0.2879,3432.0,0.2883,352.0,0.2884,3437.0
1753600344614,07:12:24.614,huobi,1INCH/USDT:USDT,0.288,346.0,0.2879,3432.0,0.2883,3430.0,0.2884,3437.0
1753600346998,07:12:26.998,huobi,1INCH/USDT:USDT,0.288,346.0,0.2879,3432.0,0.2882,346.0,0.2883,3430.0
1753600349114,07:12:29.114,huobi,1INCH/USDT:USDT,0.288,346.0,0.2879,3432.0,0.2883,3430.0,0.2884,3437.0
1753600349196,07:12:29.196,huobi,1INCH/USDT:USDT,0.2881,350.0,0.288,3424.0,0.2883,352.0,0.2884,3437.0
1753600349437,07:12:29.437,huobi,1INCH/USDT:USDT,0.2881,350.0,0.288,3424.0,0.2883,352.0,0.2884,3437.0
1753600349784,07:12:29.784,huobi,1INCH/USDT:USDT,0.2881,350.0,0.288,3424.0,0.2883,352.0,0.2884,3437.0
1753600351987,07:12:31.987,huobi,1INCH/USDT:USDT,0.2881,350.0,0.288,3424.0,0.2884,3437.0,0.2885,3561.0
1753600352029,07:12:32.029,huobi,1INCH/USDT:USDT,0.2882,350.0,0.2881,3428.0,0.2884,359.0,0.2885,359.0
1753600352056,07:12:32.056,huobi,1INCH/USDT:USDT,0.2882,350.0,0.2881,3428.0,0.2886,342.0,0.2887,671.0
1753600352077,07:12:32.077,huobi,1INCH/USDT:USDT,0.2882,350.0,0.2881,3428.0,0.2886,342.0,0.2887,342.0
1753600352109,07:12:32.109,huobi,1INCH/USDT:USDT,0.2882,350.0,0.2881,3428.0,0.2887,342.0,0.2888,411.0
1753600352139,07:12:32.139,huobi,1INCH/USDT:USDT,0.2882,350.0,0.2881,3428.0,0.2887,342.0,0.2888,411.0
1753600352179,07:12:32.179,huobi,1INCH/USDT:USDT,0.2882,350.0,0.2881,3428.0,0.2887,342.0,0.2888,411.0
1753600352196,07:12:32.196,huobi,1INCH/USDT:USDT,0.2882,350.0,0.2881,3428.0,0.2887,342.0,0.2888,411.0
1753600352238,07:12:32.238,huobi,1INCH/USDT:USDT,0.2882,350.0,0.2881,3428.0,0.2887,342.0,0.2888,411.0
1753600352256,07:12:32.256,huobi,1INCH/USDT:USDT,0.2882,350.0,0.2881,3428.0,0.2887,342.0,0.2888,411.0
1753600352291,07:12:32.291,huobi,1INCH/USDT:USDT,0.2882,350.0,0.2881,3428.0,0.2886,3078.0,0.2887,342.0
1753600352318,07:12:32.318,huobi,1INCH/USDT:USDT,0.2882,350.0,0.2881,3428.0,0.2885,3428.0,0.2886,3078.0
1753600352378,07:12:32.378,huobi,1INCH/USDT:USDT,0.2882,350.0,0.2881,3428.0,0.2884,350.0,0.2885,3428.0
1753600352415,07:12:32.415,huobi,1INCH/USDT:USDT,0.2882,350.0,0.2881,3428.0,0.2884,350.0,0.2885,3428.0
1753600352582,07:12:32.582,huobi,1INCH/USDT:USDT,0.2882,350.0,0.2881,3428.0,0.2884,350.0,0.2885,3428.0
1753600352621,07:12:32.621,huobi,1INCH/USDT:USDT,0.2882,350.0,0.2881,3428.0,0.2884,350.0,0.2885,3428.0
1753600352712,07:12:32.712,huobi,1INCH/USDT:USDT,0.2882,350.0,0.2881,3428.0,0.2884,350.0,0.2885,3428.0
1753600352758,07:12:32.758,huobi,1INCH/USDT:USDT,0.2882,350.0,0.2881,3428.0,0.2884,350.0,0.2885,3428.0
1753600352890,07:12:32.890,huobi,1INCH/USDT:USDT,0.2882,350.0,0.2881,3428.0,0.2884,350.0,0.2885,350.0
