timestamp,time,exchange,symbol,bid1_price,bid1_volume,bid2_price,bid2_volume,ask1_price,ask1_volume,ask2_price,ask2_volume
1753599996236,07:06:36.236,mexc,ACT/USDT:USDT,0.04611,3066,0.0461,6877,0.04613,6913,0.04614,4514
1753599996907,07:06:36.907,mexc,ACT/USDT:USDT,0.04611,3066,0.0461,6877,0.04613,6913,0.04614,4514
1753599997116,07:06:37.116,mexc,ACT/USDT:USDT,0.04611,3066,0.0461,6877,0.04613,6913,0.04614,4514
1753599997405,07:06:37.405,mexc,ACT/USDT:USDT,0.04611,3066,0.0461,6877,0.04613,6913,0.04614,6577
1753599997616,07:06:37.616,mexc,ACT/USDT:USDT,0.04611,3066,0.0461,6877,0.04613,6913,0.04614,6577
1753599997919,07:06:37.919,mexc,ACT/USDT:USDT,0.04611,3066,0.0461,6877,0.04613,6913,0.04614,4514
1753599998017,07:06:38.017,mexc,ACT/USDT:USDT,0.04611,3066,0.0461,6877,0.04613,6913,0.04614,4514
1753599998305,07:06:38.305,mexc,ACT/USDT:USDT,0.04611,3066,0.0461,6877,0.04613,6913,0.04614,4514
1753599998522,07:06:38.522,mexc,ACT/USDT:USDT,0.04611,3066,0.0461,6877,0.04613,6913,0.04614,6725
1753599998807,07:06:38.807,mexc,ACT/USDT:USDT,0.04611,3066,0.0461,8911,0.04613,6913,0.04614,4514
1753599998905,07:06:38.905,mexc,ACT/USDT:USDT,0.04611,3066,0.0461,8911,0.04613,6913,0.04614,6566
1753599999120,07:06:39.120,mexc,ACT/USDT:USDT,0.04611,3066,0.0461,6877,0.04613,6913,0.04614,6566
1753599999405,07:06:39.405,mexc,ACT/USDT:USDT,0.04611,3066,0.0461,6877,0.04613,6913,0.04614,4514
1753599999618,07:06:39.618,mexc,ACT/USDT:USDT,0.04611,3066,0.0461,6877,0.04613,6913,0.04614,4514
1753599999903,07:06:39.903,mexc,ACT/USDT:USDT,0.04611,3066,0.0461,6877,0.04613,6913,0.04614,4514
1753600000117,07:06:40.117,mexc,ACT/USDT:USDT,0.04611,3066,0.0461,6877,0.04613,6913,0.04614,4514
1753600000407,07:06:40.407,mexc,ACT/USDT:USDT,0.04611,3066,0.0461,6877,0.04613,6913,0.04614,4514
1753600000621,07:06:40.621,mexc,ACT/USDT:USDT,0.04611,3066,0.0461,7627,0.04613,6913,0.04614,4514
1753600000904,07:06:40.904,mexc,ACT/USDT:USDT,0.04611,3066,0.0461,7627,0.04613,6913,0.04614,4514
1753600001119,07:06:41.119,mexc,ACT/USDT:USDT,0.04611,3066,0.0461,6877,0.04613,6913,0.04614,4514
1753600001405,07:06:41.405,mexc,ACT/USDT:USDT,0.04611,3066,0.0461,6877,0.04613,6913,0.04614,4514
1753600001688,07:06:41.688,mexc,ACT/USDT:USDT,0.04611,3066,0.0461,8087,0.04613,6913,0.04614,4514
1753600001906,07:06:41.906,mexc,ACT/USDT:USDT,0.04611,3066,0.0461,8087,0.04613,6913,0.04614,4514
1753600002121,07:06:42.121,mexc,ACT/USDT:USDT,0.04612,347,0.04611,3813,0.04613,9046,0.04614,8100
1753600002520,07:06:42.520,mexc,ACT/USDT:USDT,0.04612,347,0.04611,3813,0.04613,9046,0.04614,8100
1753600002619,07:06:42.619,mexc,ACT/USDT:USDT,0.04612,347,0.04611,3285,0.04613,9046,0.04614,8100
1753600002905,07:06:42.905,mexc,ACT/USDT:USDT,0.04612,347,0.04611,3285,0.04613,9046,0.04614,8100
1753600003118,07:06:43.118,mexc,ACT/USDT:USDT,0.04612,347,0.04611,2856,0.04613,9046,0.04614,8100
1753600003408,07:06:43.408,mexc,ACT/USDT:USDT,0.04612,347,0.04611,2856,0.04613,9046,0.04614,8100
1753600003617,07:06:43.617,mexc,ACT/USDT:USDT,0.04612,347,0.04611,2856,0.04613,9046,0.04614,8100
1753600003917,07:06:43.917,mexc,ACT/USDT:USDT,0.04612,347,0.04611,2856,0.04613,9046,0.04614,8100
1753600004123,07:06:44.123,mexc,ACT/USDT:USDT,0.04612,347,0.04611,2856,0.04613,9046,0.04614,8100
1753600004408,07:06:44.408,mexc,ACT/USDT:USDT,0.04612,347,0.04611,2856,0.04613,9046,0.04614,8100
1753600004618,07:06:44.618,mexc,ACT/USDT:USDT,0.04612,347,0.04611,2856,0.04613,9046,0.04614,8100
1753600004908,07:06:44.908,mexc,ACT/USDT:USDT,0.04612,347,0.04611,2856,0.04613,9046,0.04614,8100
1753600005122,07:06:45.122,mexc,ACT/USDT:USDT,0.04612,347,0.04611,2856,0.04613,9046,0.04614,8100
1753600005408,07:06:45.408,mexc,ACT/USDT:USDT,0.04612,347,0.04611,2856,0.04613,9046,0.04614,10728
1753600005620,07:06:45.620,mexc,ACT/USDT:USDT,0.04612,347,0.04611,2856,0.04613,9046,0.04614,10728
1753600005909,07:06:45.909,mexc,ACT/USDT:USDT,0.04612,347,0.04611,2856,0.04613,9046,0.04614,10021
1753600006123,07:06:46.123,mexc,ACT/USDT:USDT,0.04612,347,0.04611,3163,0.04613,9046,0.04614,10021
1753600006412,07:06:46.412,mexc,ACT/USDT:USDT,0.04612,347,0.04611,3163,0.04613,9046,0.04614,8100
1753600006631,07:06:46.631,mexc,ACT/USDT:USDT,0.04612,347,0.04611,2856,0.04613,9046,0.04614,8100
1753600006909,07:06:46.909,mexc,ACT/USDT:USDT,0.04612,347,0.04611,2856,0.04613,9046,0.04614,9287
1753600007121,07:06:47.121,mexc,ACT/USDT:USDT,0.04612,347,0.04611,2856,0.04613,9046,0.04614,9287
1753600007414,07:06:47.414,mexc,ACT/USDT:USDT,0.04612,347,0.04611,2856,0.04613,9046,0.04614,8100
1753600007701,07:06:47.701,mexc,ACT/USDT:USDT,0.04612,347,0.04611,4919,0.04613,9046,0.04614,8100
1753600008015,07:06:48.015,mexc,ACT/USDT:USDT,0.04612,347,0.04611,7389,0.04613,9046,0.04614,11777
1753600008125,07:06:48.125,mexc,ACT/USDT:USDT,0.04611,2470,0.0461,12363,0.04613,117,0.04614,9915
1753600008523,07:06:48.523,mexc,ACT/USDT:USDT,0.04611,2470,0.0461,12363,0.04613,117,0.04614,9915
1753600008620,07:06:48.620,mexc,ACT/USDT:USDT,0.04611,2470,0.0461,9309,0.04613,117,0.04614,9915
1753600008909,07:06:48.909,mexc,ACT/USDT:USDT,0.04611,2470,0.0461,9309,0.04613,117,0.04614,9915
1753600009129,07:06:49.129,mexc,ACT/USDT:USDT,0.04611,2470,0.0461,13894,0.04613,117,0.04614,9915
1753600009411,07:06:49.411,mexc,ACT/USDT:USDT,0.04611,2470,0.0461,13894,0.04613,117,0.04614,12712
1753600009623,07:06:49.623,mexc,ACT/USDT:USDT,0.04611,2470,0.0461,9309,0.04613,117,0.04614,12712
1753600009911,07:06:49.911,mexc,ACT/USDT:USDT,0.04611,2470,0.0461,9309,0.04613,117,0.04614,13942
1753600010126,07:06:50.126,mexc,ACT/USDT:USDT,0.04611,2470,0.0461,14986,0.04613,117,0.04614,13942
1753600010411,07:06:50.411,mexc,ACT/USDT:USDT,0.04611,2470,0.0461,14986,0.04613,117,0.04614,16181
1753600010625,07:06:50.625,mexc,ACT/USDT:USDT,0.04611,2470,0.0461,9309,0.04613,117,0.04614,16181
1753600010912,07:06:50.912,mexc,ACT/USDT:USDT,0.04611,2470,0.0461,9309,0.04613,117,0.04614,9915
1753600011123,07:06:51.123,mexc,ACT/USDT:USDT,0.04611,2470,0.0461,13407,0.04613,117,0.04614,9915
1753600011416,07:06:51.416,mexc,ACT/USDT:USDT,0.04611,2470,0.0461,13407,0.04613,117,0.04614,9915
1753600011625,07:06:51.625,mexc,ACT/USDT:USDT,0.04611,2470,0.0461,10409,0.04613,117,0.04614,9915
1753600011912,07:06:51.912,mexc,ACT/USDT:USDT,0.04611,2470,0.0461,10409,0.04613,117,0.04614,9915
1753600012123,07:06:52.123,mexc,ACT/USDT:USDT,0.04611,2470,0.0461,9309,0.04613,117,0.04614,9915
1753600012413,07:06:52.413,mexc,ACT/USDT:USDT,0.04611,2470,0.0461,9309,0.04613,117,0.04614,9915
1753600012632,07:06:52.632,mexc,ACT/USDT:USDT,0.04611,2470,0.0461,9309,0.04613,117,0.04614,9915
1753600012912,07:06:52.912,mexc,ACT/USDT:USDT,0.04611,2470,0.0461,9309,0.04613,117,0.04614,9915
1753600013138,07:06:53.138,mexc,ACT/USDT:USDT,0.04611,2470,0.0461,10827,0.04613,117,0.04614,9915
1753600013482,07:06:53.482,mexc,ACT/USDT:USDT,0.04611,2470,0.0461,10827,0.04613,117,0.04614,9915
1753600013627,07:06:53.627,mexc,ACT/USDT:USDT,0.04611,2470,0.0461,9309,0.04613,117,0.04614,9915
1753600013695,07:06:53.695,mexc,ACT/USDT:USDT,0.04611,2470,0.0461,9309,0.04613,117,0.04614,9915
1753600014029,07:06:54.029,mexc,ACT/USDT:USDT,0.04612,1978,0.04611,4997,0.04613,7153,0.04614,8416
1753600014128,07:06:54.128,mexc,ACT/USDT:USDT,0.04612,1978,0.04611,6442,0.04613,7153,0.04614,8416
1753600014626,07:06:54.626,mexc,ACT/USDT:USDT,0.04612,1978,0.04611,4997,0.04613,7153,0.04614,8416
1753600014626,07:06:54.626,mexc,ACT/USDT:USDT,0.04612,1978,0.04611,4997,0.04613,7153,0.04614,8416
1753600015032,07:06:55.032,mexc,ACT/USDT:USDT,0.04612,1978,0.04611,4997,0.04613,7153,0.04614,9633
1753600015128,07:06:55.128,mexc,ACT/USDT:USDT,0.04612,1978,0.04611,6149,0.04613,7153,0.04614,9633
1753600015482,07:06:55.482,mexc,ACT/USDT:USDT,0.04612,1978,0.04611,6149,0.04613,7153,0.04614,12111
1753600015624,07:06:55.624,mexc,ACT/USDT:USDT,0.04612,1978,0.04611,4997,0.04613,7153,0.04614,12111
1753600015886,07:06:55.886,mexc,ACT/USDT:USDT,0.04612,1978,0.04611,4997,0.04613,7153,0.04614,8416
1753600016031,07:06:56.031,mexc,ACT/USDT:USDT,0.04612,1978,0.04611,4997,0.04613,7153,0.04614,8416
1753600016126,07:06:56.126,mexc,ACT/USDT:USDT,0.04612,1978,0.04611,6075,0.04613,7153,0.04614,8416
1753600016528,07:06:56.528,mexc,ACT/USDT:USDT,0.04612,1978,0.04611,4997,0.04613,7153,0.04614,8416
1753600016626,07:06:56.626,mexc,ACT/USDT:USDT,0.04612,1978,0.04611,9218,0.04613,7153,0.04614,8416
1753600016981,07:06:56.981,mexc,ACT/USDT:USDT,0.04612,1978,0.04611,9218,0.04613,7153,0.04614,10441
1753600017128,07:06:57.128,mexc,ACT/USDT:USDT,0.04612,1978,0.04611,6875,0.04613,7153,0.04614,10441
1753600017388,07:06:57.388,mexc,ACT/USDT:USDT,0.04612,1978,0.04611,6875,0.04613,7153,0.04614,8416
1753600017530,07:06:57.530,mexc,ACT/USDT:USDT,0.04612,1978,0.04611,4997,0.04613,7153,0.04614,8416
1753600017627,07:06:57.627,mexc,ACT/USDT:USDT,0.04612,1978,0.04611,7369,0.04613,7153,0.04614,8416
1753600018031,07:06:58.031,mexc,ACT/USDT:USDT,0.04612,1978,0.04611,4997,0.04613,7153,0.04614,8416
1753600018127,07:06:58.127,mexc,ACT/USDT:USDT,0.04612,1978,0.04611,8285,0.04613,7153,0.04614,8416
1753600018482,07:06:58.482,mexc,ACT/USDT:USDT,0.04612,1978,0.04611,8285,0.04613,7153,0.04614,8416
1753600018628,07:06:58.628,mexc,ACT/USDT:USDT,0.04612,1978,0.04611,4997,0.04613,7153,0.04614,8416
1753600018888,07:06:58.888,mexc,ACT/USDT:USDT,0.04612,1978,0.04611,4997,0.04613,7153,0.04614,8416
1753600019034,07:06:59.034,mexc,ACT/USDT:USDT,0.04612,1978,0.04611,4997,0.04613,7153,0.04614,11364
1753600019128,07:06:59.128,mexc,ACT/USDT:USDT,0.04612,1978,0.04611,4997,0.04613,7153,0.04614,11364
1753600019538,07:06:59.538,mexc,ACT/USDT:USDT,0.04612,1978,0.04611,4997,0.04613,7153,0.04614,8416
1753600019693,07:06:59.693,mexc,ACT/USDT:USDT,0.04612,1978,0.04611,4997,0.04613,7153,0.04614,8416
1753600019889,07:06:59.889,mexc,ACT/USDT:USDT,0.04612,1978,0.04611,4997,0.04613,7153,0.04614,8416
1753600020127,07:07:00.127,mexc,ACT/USDT:USDT,0.04612,2298,0.04611,4607,0.04613,5971,0.04614,7250
1753600020486,07:07:00.486,mexc,ACT/USDT:USDT,0.04612,2298,0.04611,4607,0.04613,5971,0.04614,10158
1753600020629,07:07:00.629,mexc,ACT/USDT:USDT,0.04612,2298,0.04611,5283,0.04613,5971,0.04614,10158
1753600020890,07:07:00.890,mexc,ACT/USDT:USDT,0.04612,2298,0.04611,5283,0.04613,5971,0.04614,7250
1753600021040,07:07:01.040,mexc,ACT/USDT:USDT,0.04612,2298,0.04611,4607,0.04613,5971,0.04614,8394
1753600021320,07:07:01.320,mexc,ACT/USDT:USDT,0.04612,2298,0.04611,5302,0.04613,5971,0.04614,8394
1753600021486,07:07:01.486,mexc,ACT/USDT:USDT,0.04612,2298,0.04611,5302,0.04613,5971,0.04614,10055
1753600021631,07:07:01.631,mexc,ACT/USDT:USDT,0.04612,2298,0.04611,4607,0.04613,5971,0.04614,10055
1753600021990,07:07:01.990,mexc,ACT/USDT:USDT,0.04612,2298,0.04611,4607,0.04613,5971,0.04614,7250
1753600022131,07:07:02.131,mexc,ACT/USDT:USDT,0.04612,2298,0.04611,4607,0.04613,5971,0.04614,7250
1753600022390,07:07:02.390,mexc,ACT/USDT:USDT,0.04612,2298,0.04611,4607,0.04613,5971,0.04614,7250
1753600022533,07:07:02.533,mexc,ACT/USDT:USDT,0.04612,2298,0.04611,4607,0.04613,5971,0.04614,12285
1753600022630,07:07:02.630,mexc,ACT/USDT:USDT,0.04612,2298,0.04611,4607,0.04613,5971,0.04614,12285
1753600023034,07:07:03.034,mexc,ACT/USDT:USDT,0.04612,2298,0.04611,4607,0.04613,5971,0.04614,7250
1753600023130,07:07:03.130,mexc,ACT/USDT:USDT,0.04612,2298,0.04611,4607,0.04613,5971,0.04614,7250
1753600023488,07:07:03.488,mexc,ACT/USDT:USDT,0.04612,2298,0.04611,4607,0.04613,5971,0.04614,10459
1753600023630,07:07:03.630,mexc,ACT/USDT:USDT,0.04612,2298,0.04611,5292,0.04613,5971,0.04614,11271
1753600023891,07:07:03.891,mexc,ACT/USDT:USDT,0.04612,2298,0.04611,5292,0.04613,5971,0.04614,8062
1753600024034,07:07:04.034,mexc,ACT/USDT:USDT,0.04612,2298,0.04611,4607,0.04613,5971,0.04614,7250
1753600024131,07:07:04.131,mexc,ACT/USDT:USDT,0.04612,2298,0.04611,4607,0.04613,5971,0.04614,7250
1753600024535,07:07:04.535,mexc,ACT/USDT:USDT,0.04612,2298,0.04611,4607,0.04613,5971,0.04614,9658
1753600024634,07:07:04.634,mexc,ACT/USDT:USDT,0.04612,2298,0.04611,6619,0.04613,5971,0.04614,9658
1753600024988,07:07:04.988,mexc,ACT/USDT:USDT,0.04612,2298,0.04611,6619,0.04613,5971,0.04614,7250
1753600025132,07:07:05.132,mexc,ACT/USDT:USDT,0.04612,2298,0.04611,5647,0.04613,5971,0.04614,7250
1753600025391,07:07:05.391,mexc,ACT/USDT:USDT,0.04612,2298,0.04611,5647,0.04613,5971,0.04614,7250
1753600025536,07:07:05.536,mexc,ACT/USDT:USDT,0.04612,2298,0.04611,4607,0.04613,5971,0.04614,8654
1753600025700,07:07:05.700,mexc,ACT/USDT:USDT,0.04612,2298,0.04611,4607,0.04613,5971,0.04614,8654
1753600026035,07:07:06.035,mexc,ACT/USDT:USDT,0.04613,2287,0.04612,9174,0.04614,2099,0.04615,4746
1753600026133,07:07:06.133,mexc,ACT/USDT:USDT,0.04613,2287,0.04612,10288,0.04614,2099,0.04615,4746
1753600026489,07:07:06.489,mexc,ACT/USDT:USDT,0.04613,2287,0.04612,10288,0.04614,2099,0.04615,6959
1753600026632,07:07:06.632,mexc,ACT/USDT:USDT,0.04613,2287,0.04612,8412,0.04614,2099,0.04615,8227
1753600026904,07:07:06.904,mexc,ACT/USDT:USDT,0.04613,2287,0.04612,8412,0.04614,2099,0.04615,6014
1753600027036,07:07:07.036,mexc,ACT/USDT:USDT,0.04613,2287,0.04612,6876,0.04614,2099,0.04615,6165
1753600027132,07:07:07.132,mexc,ACT/USDT:USDT,0.04613,2287,0.04612,6876,0.04614,2099,0.04615,6165
1753600027489,07:07:07.489,mexc,ACT/USDT:USDT,0.04613,2287,0.04612,6876,0.04614,2099,0.04615,4746
1753600027632,07:07:07.632,mexc,ACT/USDT:USDT,0.04613,2287,0.04612,6876,0.04614,2099,0.04615,4746
1753600027990,07:07:07.990,mexc,ACT/USDT:USDT,0.04613,2287,0.04612,6876,0.04614,2099,0.04615,6606
1753600028132,07:07:08.132,mexc,ACT/USDT:USDT,0.04613,2287,0.04612,6876,0.04614,2099,0.04615,6606
1753600028394,07:07:08.394,mexc,ACT/USDT:USDT,0.04613,2287,0.04612,6876,0.04614,2099,0.04615,4746
1753600028537,07:07:08.537,mexc,ACT/USDT:USDT,0.04613,2287,0.04612,6876,0.04614,2099,0.04615,4746
1753600028633,07:07:08.633,mexc,ACT/USDT:USDT,0.04613,2287,0.04612,6876,0.04614,2099,0.04615,4746
1753600029038,07:07:09.038,mexc,ACT/USDT:USDT,0.04613,2287,0.04612,6876,0.04614,2099,0.04615,4746
1753600029133,07:07:09.133,mexc,ACT/USDT:USDT,0.04613,2287,0.04612,6876,0.04614,2099,0.04615,4746
1753600029491,07:07:09.491,mexc,ACT/USDT:USDT,0.04613,2287,0.04612,6876,0.04614,2099,0.04615,4746
1753600029635,07:07:09.635,mexc,ACT/USDT:USDT,0.04613,2287,0.04612,6876,0.04614,2099,0.04615,4746
1753600029894,07:07:09.894,mexc,ACT/USDT:USDT,0.04613,2287,0.04612,6876,0.04614,2099,0.04615,4746
1753600030037,07:07:10.037,mexc,ACT/USDT:USDT,0.04613,2287,0.04612,6876,0.04614,2099,0.04615,6573
1753600030132,07:07:10.132,mexc,ACT/USDT:USDT,0.04613,2287,0.04612,6876,0.04614,2099,0.04615,6573
1753600030538,07:07:10.538,mexc,ACT/USDT:USDT,0.04613,2287,0.04612,6876,0.04614,2099,0.04615,4746
1753600030639,07:07:10.639,mexc,ACT/USDT:USDT,0.04613,2287,0.04612,9443,0.04614,2099,0.04615,4746
1753600030994,07:07:10.994,mexc,ACT/USDT:USDT,0.04613,2287,0.04612,9443,0.04614,2099,0.04615,4746
1753600031144,07:07:11.144,mexc,ACT/USDT:USDT,0.04613,2287,0.04612,8035,0.04614,2099,0.04615,4746
1753600031395,07:07:11.395,mexc,ACT/USDT:USDT,0.04613,2287,0.04612,8035,0.04614,2099,0.04615,4746
1753600031579,07:07:11.579,mexc,ACT/USDT:USDT,0.04613,2287,0.04612,6876,0.04614,2099,0.04615,6840
1753600031773,07:07:11.773,mexc,ACT/USDT:USDT,0.04613,2287,0.04612,6876,0.04614,2099,0.04615,6840
1753600032034,07:07:12.034,mexc,ACT/USDT:USDT,0.04612,2101,0.04611,8931,0.04613,548,0.04614,4257
1753600032135,07:07:12.135,mexc,ACT/USDT:USDT,0.04612,2101,0.04611,8931,0.04613,548,0.04614,4257
1753600032538,07:07:12.538,mexc,ACT/USDT:USDT,0.04612,2101,0.04611,8931,0.04613,548,0.04614,4257
1753600032636,07:07:12.636,mexc,ACT/USDT:USDT,0.04612,2101,0.04611,8931,0.04613,548,0.04614,4257
1753600032994,07:07:12.994,mexc,ACT/USDT:USDT,0.04612,2101,0.04611,8931,0.04613,548,0.04614,6300
1753600033137,07:07:13.137,mexc,ACT/USDT:USDT,0.04612,2101,0.04611,11376,0.04613,548,0.04614,8330
1753600033398,07:07:13.398,mexc,ACT/USDT:USDT,0.04612,2101,0.04611,11376,0.04613,548,0.04614,6287
1753600033539,07:07:13.539,mexc,ACT/USDT:USDT,0.04612,2101,0.04611,8931,0.04613,548,0.04614,4257
1753600033635,07:07:13.635,mexc,ACT/USDT:USDT,0.04612,2101,0.04611,11405,0.04613,548,0.04614,4257
1753600034039,07:07:14.039,mexc,ACT/USDT:USDT,0.04612,2101,0.04611,8931,0.04613,548,0.04614,4257
1753600034136,07:07:14.136,mexc,ACT/USDT:USDT,0.04612,2101,0.04611,8931,0.04613,548,0.04614,4257
1753600034495,07:07:14.495,mexc,ACT/USDT:USDT,0.04612,2101,0.04611,8931,0.04613,548,0.04614,4257
1753600034637,07:07:14.637,mexc,ACT/USDT:USDT,0.04612,2101,0.04611,8931,0.04613,548,0.04614,4257
1753600034898,07:07:14.898,mexc,ACT/USDT:USDT,0.04612,2101,0.04611,8931,0.04613,548,0.04614,4257
1753600035042,07:07:15.042,mexc,ACT/USDT:USDT,0.04612,2101,0.04611,8931,0.04613,548,0.04614,7312
1753600035136,07:07:15.136,mexc,ACT/USDT:USDT,0.04612,2101,0.04611,8931,0.04613,548,0.04614,7312
1753600035540,07:07:15.540,mexc,ACT/USDT:USDT,0.04612,2101,0.04611,8931,0.04613,548,0.04614,4257
1753600035638,07:07:15.638,mexc,ACT/USDT:USDT,0.04612,2101,0.04611,10723,0.04613,548,0.04614,4257
1753600035995,07:07:15.995,mexc,ACT/USDT:USDT,0.04612,2101,0.04611,10723,0.04613,548,0.04614,4257
1753600036139,07:07:16.139,mexc,ACT/USDT:USDT,0.04612,2101,0.04611,8931,0.04613,548,0.04614,5382
1753600036398,07:07:16.398,mexc,ACT/USDT:USDT,0.04612,2101,0.04611,8931,0.04613,548,0.04614,5382
1753600036543,07:07:16.543,mexc,ACT/USDT:USDT,0.04612,2101,0.04611,8931,0.04613,548,0.04614,4257
1753600036636,07:07:16.636,mexc,ACT/USDT:USDT,0.04612,2101,0.04611,10040,0.04613,548,0.04614,4257
1753600037040,07:07:17.040,mexc,ACT/USDT:USDT,0.04612,2101,0.04611,10040,0.04613,548,0.04614,4257
1753600037138,07:07:17.138,mexc,ACT/USDT:USDT,0.04612,2101,0.04611,8931,0.04613,548,0.04614,4257
1753600037497,07:07:17.497,mexc,ACT/USDT:USDT,0.04612,2101,0.04611,8931,0.04613,548,0.04614,4257
1753600037640,07:07:17.640,mexc,ACT/USDT:USDT,0.04612,2101,0.04611,8931,0.04613,548,0.04614,4257
1753600037904,07:07:17.904,mexc,ACT/USDT:USDT,0.04612,2101,0.04611,8931,0.04613,548,0.04614,4257
1753600038043,07:07:18.043,mexc,ACT/USDT:USDT,0.0461,122,0.04609,2999,0.04611,2361,0.04612,8542
1753600038138,07:07:18.138,mexc,ACT/USDT:USDT,0.0461,122,0.04609,2999,0.04611,2361,0.04612,8542
1753600038542,07:07:18.542,mexc,ACT/USDT:USDT,0.0461,122,0.04609,2999,0.04611,2361,0.04612,8542
1753600038637,07:07:18.637,mexc,ACT/USDT:USDT,0.0461,122,0.04609,2999,0.04611,2361,0.04612,8542
1753600038999,07:07:18.999,mexc,ACT/USDT:USDT,0.0461,122,0.04609,2999,0.04611,2361,0.04612,8542
1753600039138,07:07:19.138,mexc,ACT/USDT:USDT,0.0461,122,0.04609,3437,0.04611,2361,0.04612,8542
1753600039401,07:07:19.401,mexc,ACT/USDT:USDT,0.0461,122,0.04609,3437,0.04611,2361,0.04612,8542
1753600039542,07:07:19.542,mexc,ACT/USDT:USDT,0.0461,122,0.04609,2999,0.04611,2361,0.04612,9522
1753600039641,07:07:19.641,mexc,ACT/USDT:USDT,0.0461,122,0.04609,4081,0.04611,2361,0.04612,9522
1753600040041,07:07:20.041,mexc,ACT/USDT:USDT,0.0461,122,0.04609,2999,0.04611,2361,0.04612,10335
1753600040138,07:07:20.138,mexc,ACT/USDT:USDT,0.0461,122,0.04609,2999,0.04611,2361,0.04612,10335
1753600040543,07:07:20.543,mexc,ACT/USDT:USDT,0.0461,122,0.04609,2999,0.04611,2361,0.04612,10998
1753600040638,07:07:20.638,mexc,ACT/USDT:USDT,0.0461,122,0.04609,2999,0.04611,2361,0.04612,10998
1753600040999,07:07:20.999,mexc,ACT/USDT:USDT,0.0461,122,0.04609,2999,0.04611,2361,0.04612,8542
1753600041139,07:07:21.139,mexc,ACT/USDT:USDT,0.0461,122,0.04609,3349,0.04611,2361,0.04612,8542
1753600041401,07:07:21.401,mexc,ACT/USDT:USDT,0.0461,122,0.04609,3349,0.04611,2361,0.04612,8542
1753600041542,07:07:21.542,mexc,ACT/USDT:USDT,0.0461,122,0.04609,2999,0.04611,2361,0.04612,14622
1753600041639,07:07:21.639,mexc,ACT/USDT:USDT,0.0461,122,0.04609,2999,0.04611,2361,0.04612,14622
1753600042082,07:07:22.082,mexc,ACT/USDT:USDT,0.0461,122,0.04609,2999,0.04611,2361,0.04612,8542
1753600042139,07:07:22.139,mexc,ACT/USDT:USDT,0.0461,122,0.04609,4065,0.04611,2361,0.04612,8542
1753600042500,07:07:22.500,mexc,ACT/USDT:USDT,0.0461,122,0.04609,4065,0.04611,2361,0.04612,8542
1753600042645,07:07:22.645,mexc,ACT/USDT:USDT,0.0461,122,0.04609,3768,0.04611,2361,0.04612,8542
1753600042903,07:07:22.903,mexc,ACT/USDT:USDT,0.0461,122,0.04609,3768,0.04611,2361,0.04612,8542
1753600043045,07:07:23.045,mexc,ACT/USDT:USDT,0.0461,122,0.04609,2999,0.04611,2361,0.04612,10057
1753600043140,07:07:23.140,mexc,ACT/USDT:USDT,0.0461,122,0.04609,4239,0.04611,2361,0.04612,10057
1753600043541,07:07:23.541,mexc,ACT/USDT:USDT,0.0461,122,0.04609,4239,0.04611,2361,0.04612,11368
1753600043642,07:07:23.642,mexc,ACT/USDT:USDT,0.0461,122,0.04609,2999,0.04611,2361,0.04612,11368
1753600043905,07:07:23.905,mexc,ACT/USDT:USDT,0.0461,122,0.04609,2999,0.04611,2361,0.04612,8542
1753600044141,07:07:24.141,mexc,ACT/USDT:USDT,0.04608,1959,0.04607,4976,0.04609,2724,0.0461,6015
1753600044501,07:07:24.501,mexc,ACT/USDT:USDT,0.04608,1959,0.04607,4976,0.04609,2724,0.0461,6015
1753600044644,07:07:24.644,mexc,ACT/USDT:USDT,0.04608,1959,0.04607,4909,0.04609,2724,0.0461,6015
1753600044904,07:07:24.904,mexc,ACT/USDT:USDT,0.04608,1959,0.04607,4909,0.04609,2724,0.0461,6015
1753600045051,07:07:25.051,mexc,ACT/USDT:USDT,0.04608,1959,0.04607,3995,0.04609,2724,0.0461,9313
1753600045334,07:07:25.334,mexc,ACT/USDT:USDT,0.04608,1959,0.04607,5683,0.04609,2724,0.0461,9313
1753600045501,07:07:25.501,mexc,ACT/USDT:USDT,0.04608,1959,0.04607,5683,0.04609,2724,0.0461,6015
1753600045680,07:07:25.680,mexc,ACT/USDT:USDT,0.04608,1959,0.04607,7003,0.04609,2724,0.0461,6015
1753600046002,07:07:26.002,mexc,ACT/USDT:USDT,0.04608,1959,0.04607,7003,0.04609,2724,0.0461,6015
1753600046180,07:07:26.180,mexc,ACT/USDT:USDT,0.04608,1959,0.04607,4501,0.04609,2724,0.0461,6807
1753600046405,07:07:26.405,mexc,ACT/USDT:USDT,0.04608,1959,0.04607,4501,0.04609,2724,0.0461,6807
1753600046584,07:07:26.584,mexc,ACT/USDT:USDT,0.04608,1959,0.04607,3995,0.04609,2724,0.0461,6015
1753600046681,07:07:26.681,mexc,ACT/USDT:USDT,0.04608,1959,0.04607,5249,0.04609,2724,0.0461,6015
1753600047089,07:07:27.089,mexc,ACT/USDT:USDT,0.04608,1959,0.04607,3995,0.04609,2724,0.0461,7145
1753600047185,07:07:27.185,mexc,ACT/USDT:USDT,0.04608,1959,0.04607,3995,0.04609,2724,0.0461,7145
1753600047502,07:07:27.502,mexc,ACT/USDT:USDT,0.04608,1959,0.04607,3995,0.04609,2724,0.0461,6015
1753600047682,07:07:27.682,mexc,ACT/USDT:USDT,0.04608,1959,0.04607,5628,0.04609,2724,0.0461,6015
1753600047905,07:07:27.905,mexc,ACT/USDT:USDT,0.04608,1959,0.04607,5628,0.04609,2724,0.0461,6015
1753600048088,07:07:28.088,mexc,ACT/USDT:USDT,0.04608,1959,0.04607,3995,0.04609,2724,0.0461,7789
1753600048186,07:07:28.186,mexc,ACT/USDT:USDT,0.04608,1959,0.04607,3995,0.04609,2724,0.0461,7789
1753600048586,07:07:28.586,mexc,ACT/USDT:USDT,0.04608,1959,0.04607,3995,0.04609,2724,0.0461,8518
1753600048683,07:07:28.683,mexc,ACT/USDT:USDT,0.04608,1959,0.04607,7619,0.04609,2724,0.0461,8518
1753600049004,07:07:29.004,mexc,ACT/USDT:USDT,0.04608,1959,0.04607,7619,0.04609,2724,0.0461,6015
1753600049189,07:07:29.189,mexc,ACT/USDT:USDT,0.04607,2080,0.04606,13030,0.04608,3052,0.04609,2298
1753600049503,07:07:29.503,mexc,ACT/USDT:USDT,0.04607,2080,0.04606,13030,0.04608,3052,0.04609,2298
1753600049685,07:07:29.685,mexc,ACT/USDT:USDT,0.04607,2080,0.04606,11432,0.04608,3052,0.04609,2298
1753600049907,07:07:29.907,mexc,ACT/USDT:USDT,0.04607,2080,0.04606,11432,0.04608,3052,0.04609,2298
1753600050090,07:07:30.090,mexc,ACT/USDT:USDT,0.04607,2080,0.04606,11432,0.04608,3052,0.04609,2298
1753600050186,07:07:30.186,mexc,ACT/USDT:USDT,0.04607,2080,0.04606,18453,0.04608,3052,0.04609,2298
1753600050587,07:07:30.587,mexc,ACT/USDT:USDT,0.04607,2080,0.04606,14313,0.04608,3052,0.04609,2703
1753600050683,07:07:30.683,mexc,ACT/USDT:USDT,0.04607,2080,0.04606,11432,0.04608,3052,0.04609,2703
1753600051003,07:07:31.003,mexc,ACT/USDT:USDT,0.04607,2080,0.04606,11432,0.04608,3052,0.04609,2298
1753600051185,07:07:31.185,mexc,ACT/USDT:USDT,0.04607,2080,0.04606,14735,0.04608,3052,0.04609,2298
1753600051407,07:07:31.407,mexc,ACT/USDT:USDT,0.04607,2080,0.04606,14735,0.04608,3052,0.04609,2298
1753600051587,07:07:31.587,mexc,ACT/USDT:USDT,0.04607,2080,0.04606,11432,0.04608,3052,0.04609,2298
1753600051685,07:07:31.685,mexc,ACT/USDT:USDT,0.04607,2080,0.04606,18660,0.04608,3052,0.04609,2298
1753600052099,07:07:32.099,mexc,ACT/USDT:USDT,0.04607,2080,0.04606,14852,0.04608,3052,0.04609,2298
1753600052185,07:07:32.185,mexc,ACT/USDT:USDT,0.04607,2080,0.04606,11432,0.04608,3052,0.04609,2298
1753600052506,07:07:32.506,mexc,ACT/USDT:USDT,0.04607,2080,0.04606,11432,0.04608,3052,0.04609,2298
1753600052688,07:07:32.688,mexc,ACT/USDT:USDT,0.04607,2080,0.04606,16595,0.04608,3052,0.04609,3171
1753600052911,07:07:32.911,mexc,ACT/USDT:USDT,0.04607,2080,0.04606,16595,0.04608,3052,0.04609,3171
1753600053093,07:07:33.093,mexc,ACT/USDT:USDT,0.04607,2080,0.04606,11432,0.04608,3052,0.04609,4038
1753600053195,07:07:33.195,mexc,ACT/USDT:USDT,0.04607,2080,0.04606,11432,0.04608,3052,0.04609,4038
1753600053591,07:07:33.591,mexc,ACT/USDT:USDT,0.04607,2080,0.04606,11432,0.04608,3052,0.04609,2298
1753600053688,07:07:33.688,mexc,ACT/USDT:USDT,0.04607,2080,0.04606,11432,0.04608,3052,0.04609,2298
1753600054097,07:07:34.097,mexc,ACT/USDT:USDT,0.04607,2080,0.04606,11432,0.04608,3052,0.04609,2762
1753600054194,07:07:34.194,mexc,ACT/USDT:USDT,0.04607,2080,0.04606,13677,0.04608,3052,0.04609,2762
1753600054508,07:07:34.508,mexc,ACT/USDT:USDT,0.04607,2080,0.04606,13677,0.04608,3052,0.04609,2298
1753600054689,07:07:34.689,mexc,ACT/USDT:USDT,0.04607,2080,0.04606,14124,0.04608,3052,0.04609,2298
1753600054910,07:07:34.910,mexc,ACT/USDT:USDT,0.04607,2080,0.04606,14124,0.04608,3052,0.04609,2298
1753600055096,07:07:35.096,mexc,ACT/USDT:USDT,0.04608,1724,0.04607,6806,0.0461,1290,0.04611,7984
1753600055190,07:07:35.190,mexc,ACT/USDT:USDT,0.04608,1724,0.04607,7532,0.0461,1290,0.04611,7984
1753600055594,07:07:35.594,mexc,ACT/USDT:USDT,0.04608,1724,0.04607,6806,0.0461,1290,0.04611,7984
1753600055690,07:07:35.690,mexc,ACT/USDT:USDT,0.04608,1724,0.04607,7798,0.0461,1290,0.04611,7984
1753600056009,07:07:36.009,mexc,ACT/USDT:USDT,0.04608,1724,0.04607,7798,0.0461,1290,0.04611,7984
1753600056190,07:07:36.190,mexc,ACT/USDT:USDT,0.04608,1724,0.04607,7625,0.0461,1290,0.04611,7984
1753600056412,07:07:36.412,mexc,ACT/USDT:USDT,0.04608,1724,0.04607,7625,0.0461,1290,0.04611,7984
1753600056593,07:07:36.593,mexc,ACT/USDT:USDT,0.04608,1724,0.04607,6806,0.0461,1290,0.04611,10078
1753600056691,07:07:36.691,mexc,ACT/USDT:USDT,0.04608,1724,0.04607,6806,0.0461,1290,0.04611,10078
1753600057094,07:07:37.094,mexc,ACT/USDT:USDT,0.04608,1724,0.04607,6806,0.0461,1290,0.04611,10901
1753600057191,07:07:37.191,mexc,ACT/USDT:USDT,0.04608,1724,0.04607,10165,0.0461,1290,0.04611,10901
1753600057509,07:07:37.509,mexc,ACT/USDT:USDT,0.04608,1724,0.04607,10165,0.0461,1290,0.04611,7984
1753600057690,07:07:37.690,mexc,ACT/USDT:USDT,0.04608,1724,0.04607,8483,0.0461,1290,0.04611,7984
1753600057914,07:07:37.914,mexc,ACT/USDT:USDT,0.04608,1724,0.04607,8483,0.0461,1290,0.04611,7984
1753600058101,07:07:38.101,mexc,ACT/USDT:USDT,0.04608,1724,0.04607,6806,0.0461,1290,0.04611,7984
1753600058191,07:07:38.191,mexc,ACT/USDT:USDT,0.04608,1724,0.04607,13228,0.0461,1290,0.04611,7984
1753600058594,07:07:38.594,mexc,ACT/USDT:USDT,0.04608,1724,0.04607,9973,0.0461,1290,0.04611,7984
1753600058691,07:07:38.691,mexc,ACT/USDT:USDT,0.04608,1724,0.04607,6806,0.0461,1290,0.04611,7984
1753600059010,07:07:39.010,mexc,ACT/USDT:USDT,0.04608,1724,0.04607,6806,0.0461,1290,0.04611,7984
1753600059195,07:07:39.195,mexc,ACT/USDT:USDT,0.04608,1724,0.04607,9584,0.0461,1290,0.04611,8858
1753600059413,07:07:39.413,mexc,ACT/USDT:USDT,0.04608,1724,0.04607,9584,0.0461,1290,0.04611,8858
1753600059597,07:07:39.597,mexc,ACT/USDT:USDT,0.04608,1724,0.04607,6806,0.0461,1290,0.04611,7984
1753600059691,07:07:39.691,mexc,ACT/USDT:USDT,0.04608,1724,0.04607,9382,0.0461,1290,0.04611,7984
1753600060094,07:07:40.094,mexc,ACT/USDT:USDT,0.04608,1724,0.04607,6806,0.0461,1290,0.04611,7984
1753600060199,07:07:40.199,mexc,ACT/USDT:USDT,0.04608,1724,0.04607,9133,0.0461,1290,0.04611,7984
1753600060512,07:07:40.512,mexc,ACT/USDT:USDT,0.04608,1724,0.04607,9133,0.0461,1290,0.04611,7984
1753600060692,07:07:40.692,mexc,ACT/USDT:USDT,0.04608,1724,0.04607,10032,0.0461,1290,0.04611,7984
1753600060915,07:07:40.915,mexc,ACT/USDT:USDT,0.04608,1724,0.04607,10032,0.0461,1290,0.04611,7984
1753600061098,07:07:41.098,mexc,ACT/USDT:USDT,0.04608,2053,0.04607,7762,0.0461,3653,0.04611,7854
1753600061198,07:07:41.198,mexc,ACT/USDT:USDT,0.04608,2053,0.04607,7762,0.0461,3653,0.04611,7854
1753600061691,07:07:41.691,mexc,ACT/USDT:USDT,0.04608,2053,0.04607,7762,0.0461,3653,0.04611,7854
1753600061691,07:07:41.691,mexc,ACT/USDT:USDT,0.04608,2053,0.04607,7762,0.0461,3653,0.04611,7854
1753600062103,07:07:42.103,mexc,ACT/USDT:USDT,0.04608,2053,0.04607,7762,0.0461,3653,0.04611,7854
1753600062195,07:07:42.195,mexc,ACT/USDT:USDT,0.04608,2053,0.04607,10387,0.0461,3653,0.04611,7854
1753600062516,07:07:42.516,mexc,ACT/USDT:USDT,0.04608,2053,0.04607,10387,0.0461,3653,0.04611,7854
1753600062694,07:07:42.694,mexc,ACT/USDT:USDT,0.04608,2053,0.04607,7762,0.0461,3653,0.04611,10700
1753600062918,07:07:42.918,mexc,ACT/USDT:USDT,0.04608,2053,0.04607,7762,0.0461,3653,0.04611,10700
1753600063098,07:07:43.098,mexc,ACT/USDT:USDT,0.04608,2053,0.04607,7762,0.0461,3653,0.04611,7854
1753600063342,07:07:43.342,mexc,ACT/USDT:USDT,0.04608,2053,0.04607,7762,0.0461,3653,0.04611,7854
1753600063514,07:07:43.514,mexc,ACT/USDT:USDT,0.04608,2053,0.04607,7762,0.0461,3653,0.04611,9848
1753600063693,07:07:43.693,mexc,ACT/USDT:USDT,0.04608,2053,0.04607,7762,0.0461,3653,0.04611,9848
1753600064016,07:07:44.016,mexc,ACT/USDT:USDT,0.04608,2053,0.04607,7762,0.0461,3653,0.04611,7854
1753600064195,07:07:44.195,mexc,ACT/USDT:USDT,0.04608,2053,0.04607,7762,0.0461,3653,0.04611,11524
1753600064418,07:07:44.418,mexc,ACT/USDT:USDT,0.04608,2053,0.04607,7762,0.0461,3653,0.04611,11524
1753600064597,07:07:44.597,mexc,ACT/USDT:USDT,0.04608,2053,0.04607,7762,0.0461,3653,0.04611,8925
1753600064694,07:07:44.694,mexc,ACT/USDT:USDT,0.04608,2053,0.04607,10732,0.0461,3653,0.04611,8925
1753600065100,07:07:45.100,mexc,ACT/USDT:USDT,0.04608,2053,0.04607,10732,0.0461,3653,0.04611,7854
1753600065198,07:07:45.198,mexc,ACT/USDT:USDT,0.04608,2053,0.04607,11127,0.0461,3653,0.04611,7854
1753600065515,07:07:45.515,mexc,ACT/USDT:USDT,0.04608,2053,0.04607,11127,0.0461,3653,0.04611,7854
1753600065694,07:07:45.694,mexc,ACT/USDT:USDT,0.04608,2053,0.04607,9901,0.0461,3653,0.04611,7854
1753600065920,07:07:45.920,mexc,ACT/USDT:USDT,0.04608,2053,0.04607,9901,0.0461,3653,0.04611,7854
1753600066101,07:07:46.101,mexc,ACT/USDT:USDT,0.04608,2053,0.04607,7762,0.0461,3653,0.04611,8645
1753600066195,07:07:46.195,mexc,ACT/USDT:USDT,0.04608,2053,0.04607,11560,0.0461,3653,0.04611,8645
1753600066603,07:07:46.603,mexc,ACT/USDT:USDT,0.04608,2053,0.04607,7762,0.0461,3653,0.04611,11753
1753600066877,07:07:46.877,mexc,ACT/USDT:USDT,0.04608,2053,0.04607,7762,0.0461,3653,0.04611,11753
1753600067016,07:07:47.016,mexc,ACT/USDT:USDT,0.04608,2053,0.04607,7762,0.0461,3653,0.04611,13338
1753600067195,07:07:47.195,mexc,ACT/USDT:USDT,0.04608,2289,0.04607,7291,0.0461,4428,0.04611,7245
1753600067518,07:07:47.518,mexc,ACT/USDT:USDT,0.04608,2289,0.04607,7291,0.0461,4428,0.04611,7245
1753600067695,07:07:47.695,mexc,ACT/USDT:USDT,0.04608,2289,0.04607,6330,0.0461,4428,0.04611,7245
1753600067921,07:07:47.921,mexc,ACT/USDT:USDT,0.04608,2289,0.04607,6330,0.0461,4428,0.04611,7245
1753600068105,07:07:48.105,mexc,ACT/USDT:USDT,0.04608,2289,0.04607,6330,0.0461,4428,0.04611,7245
1753600068220,07:07:48.220,mexc,ACT/USDT:USDT,0.04608,2289,0.04607,6330,0.0461,4428,0.04611,7245
1753600068519,07:07:48.519,mexc,ACT/USDT:USDT,0.04608,2289,0.04607,6330,0.0461,4428,0.04611,8692
1753600068696,07:07:48.696,mexc,ACT/USDT:USDT,0.04608,2289,0.04607,6330,0.0461,4428,0.04611,8692
1753600069100,07:07:49.100,mexc,ACT/USDT:USDT,0.04608,2289,0.04607,6330,0.0461,4428,0.04611,7245
1753600069198,07:07:49.198,mexc,ACT/USDT:USDT,0.04608,2289,0.04607,6330,0.0461,4428,0.04611,7245
1753600069518,07:07:49.518,mexc,ACT/USDT:USDT,0.04608,2289,0.04607,6330,0.0461,4428,0.04611,7245
1753600069695,07:07:49.695,mexc,ACT/USDT:USDT,0.04608,2289,0.04607,6330,0.0461,4428,0.04611,7245
1753600069921,07:07:49.921,mexc,ACT/USDT:USDT,0.04608,2289,0.04607,6330,0.0461,4428,0.04611,7245
1753600070112,07:07:50.112,mexc,ACT/USDT:USDT,0.04608,2289,0.04607,6330,0.0461,4428,0.04611,7245
1753600070197,07:07:50.197,mexc,ACT/USDT:USDT,0.04608,2289,0.04607,8311,0.0461,4428,0.04611,7245
1753600070600,07:07:50.600,mexc,ACT/USDT:USDT,0.04608,2289,0.04607,6330,0.0461,4428,0.04611,7245
1753600070726,07:07:50.726,mexc,ACT/USDT:USDT,0.04608,2289,0.04607,7461,0.0461,4428,0.04611,7245
1753600071017,07:07:51.017,mexc,ACT/USDT:USDT,0.04608,2289,0.04607,7461,0.0461,4428,0.04611,7245
1753600071204,07:07:51.204,mexc,ACT/USDT:USDT,0.04608,2289,0.04607,6330,0.0461,4428,0.04611,7245
1753600071422,07:07:51.422,mexc,ACT/USDT:USDT,0.04608,2289,0.04607,6330,0.0461,4428,0.04611,7245
1753600071601,07:07:51.601,mexc,ACT/USDT:USDT,0.04608,2289,0.04607,6330,0.0461,4428,0.04611,12435
1753600071696,07:07:51.696,mexc,ACT/USDT:USDT,0.04608,2289,0.04607,8207,0.0461,4428,0.04611,12435
1753600072099,07:07:52.099,mexc,ACT/USDT:USDT,0.04608,2289,0.04607,8207,0.0461,4428,0.04611,7245
1753600072200,07:07:52.200,mexc,ACT/USDT:USDT,0.04608,2289,0.04607,6330,0.0461,4428,0.04611,7245
1753600072518,07:07:52.518,mexc,ACT/USDT:USDT,0.04608,2289,0.04607,6330,0.0461,4428,0.04611,8834
1753600072698,07:07:52.698,mexc,ACT/USDT:USDT,0.04608,2289,0.04607,7358,0.0461,4428,0.04611,8834
1753600072924,07:07:52.924,mexc,ACT/USDT:USDT,0.04608,2289,0.04607,7358,0.0461,4428,0.04611,7245
1753600073100,07:07:53.100,mexc,ACT/USDT:USDT,0.04609,124,0.04608,1977,0.0461,5963,0.04611,9644
1753600073199,07:07:53.199,mexc,ACT/USDT:USDT,0.04609,124,0.04608,1977,0.0461,5963,0.04611,9644
1753600073604,07:07:53.604,mexc,ACT/USDT:USDT,0.04609,124,0.04608,1977,0.0461,5963,0.04611,13583
1753600073698,07:07:53.698,mexc,ACT/USDT:USDT,0.04609,124,0.04608,2903,0.0461,5963,0.04611,13583
1753600074021,07:07:54.021,mexc,ACT/USDT:USDT,0.04609,124,0.04608,2903,0.0461,5963,0.04611,11493
1753600074203,07:07:54.203,mexc,ACT/USDT:USDT,0.04609,124,0.04608,1977,0.0461,5963,0.04611,12825
1753600074421,07:07:54.421,mexc,ACT/USDT:USDT,0.04609,124,0.04608,1977,0.0461,5963,0.04611,10976
1753600074603,07:07:54.603,mexc,ACT/USDT:USDT,0.04609,124,0.04608,1977,0.0461,5963,0.04611,9644
1753600074698,07:07:54.698,mexc,ACT/USDT:USDT,0.04609,124,0.04608,2439,0.0461,5963,0.04611,9644
1753600075103,07:07:55.103,mexc,ACT/USDT:USDT,0.04609,124,0.04608,2439,0.0461,5963,0.04611,13512
1753600075203,07:07:55.203,mexc,ACT/USDT:USDT,0.04609,124,0.04608,1977,0.0461,5963,0.04611,13512
1753600075520,07:07:55.520,mexc,ACT/USDT:USDT,0.04609,124,0.04608,1977,0.0461,5963,0.04611,14174
1753600075699,07:07:55.699,mexc,ACT/USDT:USDT,0.04609,124,0.04608,1977,0.0461,5963,0.04611,14174
1753600075931,07:07:55.931,mexc,ACT/USDT:USDT,0.04609,124,0.04608,1977,0.0461,5963,0.04611,9644
1753600076109,07:07:56.109,mexc,ACT/USDT:USDT,0.04609,124,0.04608,1977,0.0461,5963,0.04611,12737
1753600076200,07:07:56.200,mexc,ACT/USDT:USDT,0.04609,124,0.04608,2509,0.0461,5963,0.04611,12737
1753600076604,07:07:56.604,mexc,ACT/USDT:USDT,0.04609,124,0.04608,1977,0.0461,5963,0.04611,14397
1753600076700,07:07:56.700,mexc,ACT/USDT:USDT,0.04609,124,0.04608,1977,0.0461,5963,0.04611,14397
1753600077020,07:07:57.020,mexc,ACT/USDT:USDT,0.04609,124,0.04608,1977,0.0461,5963,0.04611,9644
1753600077203,07:07:57.203,mexc,ACT/USDT:USDT,0.04609,124,0.04608,2269,0.0461,5963,0.04611,9644
1753600077424,07:07:57.424,mexc,ACT/USDT:USDT,0.04609,124,0.04608,2269,0.0461,5963,0.04611,9644
1753600077603,07:07:57.603,mexc,ACT/USDT:USDT,0.04609,124,0.04608,1977,0.0461,5963,0.04611,13087
1753600077700,07:07:57.700,mexc,ACT/USDT:USDT,0.04609,124,0.04608,1977,0.0461,5963,0.04611,13087
1753600078107,07:07:58.107,mexc,ACT/USDT:USDT,0.04609,124,0.04608,1977,0.0461,5963,0.04611,12933
1753600078206,07:07:58.206,mexc,ACT/USDT:USDT,0.04609,124,0.04608,2670,0.0461,5963,0.04611,12933
1753600078521,07:07:58.521,mexc,ACT/USDT:USDT,0.04609,124,0.04608,2670,0.0461,5963,0.04611,9644
1753600078704,07:07:58.704,mexc,ACT/USDT:USDT,0.04609,124,0.04608,2660,0.0461,5963,0.04611,11593
1753600078925,07:07:58.925,mexc,ACT/USDT:USDT,0.04609,124,0.04608,2660,0.0461,5963,0.04611,11593
1753600079101,07:07:59.101,mexc,ACT/USDT:USDT,0.04608,147,0.04607,4970,0.04609,1618,0.0461,14327
1753600079204,07:07:59.204,mexc,ACT/USDT:USDT,0.04608,147,0.04607,4970,0.04609,1618,0.0461,14327
1753600079605,07:07:59.605,mexc,ACT/USDT:USDT,0.04608,147,0.04607,4970,0.04609,1618,0.0461,20586
1753600079702,07:07:59.702,mexc,ACT/USDT:USDT,0.04608,147,0.04607,4970,0.04609,1618,0.0461,20586
1753600080024,07:08:00.024,mexc,ACT/USDT:USDT,0.04608,147,0.04607,4970,0.04609,1618,0.0461,14327
1753600080206,07:08:00.206,mexc,ACT/USDT:USDT,0.04608,147,0.04607,4970,0.04609,1618,0.0461,14327
1753600080425,07:08:00.425,mexc,ACT/USDT:USDT,0.04608,147,0.04607,4970,0.04609,1618,0.0461,14327
1753600080607,07:08:00.607,mexc,ACT/USDT:USDT,0.04608,147,0.04607,4970,0.04609,1618,0.0461,20272
1753600080704,07:08:00.704,mexc,ACT/USDT:USDT,0.04608,147,0.04607,7449,0.04609,1618,0.0461,20272
1753600081106,07:08:01.106,mexc,ACT/USDT:USDT,0.04608,147,0.04607,7449,0.04609,1618,0.0461,14327
1753600081208,07:08:01.208,mexc,ACT/USDT:USDT,0.04608,147,0.04607,4970,0.04609,1618,0.0461,14327
1753600081523,07:08:01.523,mexc,ACT/USDT:USDT,0.04608,147,0.04607,4970,0.04609,1618,0.0461,14327
1753600081704,07:08:01.704,mexc,ACT/USDT:USDT,0.04608,147,0.04607,4970,0.04609,1618,0.0461,14327
1753600081926,07:08:01.926,mexc,ACT/USDT:USDT,0.04608,147,0.04607,4970,0.04609,1618,0.0461,14327
1753600082107,07:08:02.107,mexc,ACT/USDT:USDT,0.04608,147,0.04607,4970,0.04609,1618,0.0461,14327
1753600082203,07:08:02.203,mexc,ACT/USDT:USDT,0.04608,147,0.04607,4970,0.04609,1618,0.0461,14327
1753600082525,07:08:02.525,mexc,ACT/USDT:USDT,0.04608,147,0.04607,4970,0.04609,1618,0.0461,16583
1753600082706,07:08:02.706,mexc,ACT/USDT:USDT,0.04608,147,0.04607,6179,0.04609,1618,0.0461,16583
1753600083111,07:08:03.111,mexc,ACT/USDT:USDT,0.04608,147,0.04607,4970,0.04609,1618,0.0461,14327
1753600083206,07:08:03.206,mexc,ACT/USDT:USDT,0.04608,147,0.04607,4970,0.04609,1618,0.0461,14327
1753600083524,07:08:03.524,mexc,ACT/USDT:USDT,0.04608,147,0.04607,4970,0.04609,1618,0.0461,14327
1753600083707,07:08:03.707,mexc,ACT/USDT:USDT,0.04608,147,0.04607,6720,0.04609,1618,0.0461,14327
1753600083929,07:08:03.929,mexc,ACT/USDT:USDT,0.04608,147,0.04607,6720,0.04609,1618,0.0461,14327
1753600084112,07:08:04.112,mexc,ACT/USDT:USDT,0.04608,147,0.04607,4970,0.04609,1618,0.0461,14327
1753600084210,07:08:04.210,mexc,ACT/USDT:USDT,0.04608,147,0.04607,4970,0.04609,1618,0.0461,14327
1753600084526,07:08:04.526,mexc,ACT/USDT:USDT,0.04608,147,0.04607,4970,0.04609,1618,0.0461,14327
1753600084708,07:08:04.708,mexc,ACT/USDT:USDT,0.04608,147,0.04607,4970,0.04609,1618,0.0461,14327
1753600085091,07:08:05.091,mexc,ACT/USDT:USDT,0.04608,147,0.04607,4970,0.04609,1618,0.0461,19933
1753600085210,07:08:05.210,mexc,ACT/USDT:USDT,0.04606,674,0.04605,19972,0.04607,1090,0.04608,3782
1753600085526,07:08:05.526,mexc,ACT/USDT:USDT,0.04606,674,0.04605,19972,0.04607,1090,0.04608,3782
1753600085710,07:08:05.710,mexc,ACT/USDT:USDT,0.04606,674,0.04605,10919,0.04607,1090,0.04608,4738
1753600085928,07:08:05.928,mexc,ACT/USDT:USDT,0.04606,674,0.04605,10919,0.04607,1090,0.04608,4738
1753600086112,07:08:06.112,mexc,ACT/USDT:USDT,0.04606,674,0.04605,10919,0.04607,1090,0.04608,3782
1753600086214,07:08:06.214,mexc,ACT/USDT:USDT,0.04606,674,0.04605,10919,0.04607,1090,0.04608,3782
1753600086612,07:08:06.612,mexc,ACT/USDT:USDT,0.04606,674,0.04605,10919,0.04607,1090,0.04608,4196
1753600086711,07:08:06.711,mexc,ACT/USDT:USDT,0.04606,674,0.04605,10919,0.04607,1090,0.04608,4196
1753600087113,07:08:07.113,mexc,ACT/USDT:USDT,0.04606,674,0.04605,10919,0.04607,1090,0.04608,3782
1753600087212,07:08:07.212,mexc,ACT/USDT:USDT,0.04606,674,0.04605,10919,0.04607,1090,0.04608,3782
1753600087528,07:08:07.528,mexc,ACT/USDT:USDT,0.04606,674,0.04605,10919,0.04607,1090,0.04608,3782
1753600087709,07:08:07.709,mexc,ACT/USDT:USDT,0.04606,674,0.04605,10919,0.04607,1090,0.04608,3782
1753600087932,07:08:07.932,mexc,ACT/USDT:USDT,0.04606,674,0.04605,10919,0.04607,1090,0.04608,3782
1753600088114,07:08:08.114,mexc,ACT/USDT:USDT,0.04606,674,0.04605,10919,0.04607,1090,0.04608,5508
1753600088211,07:08:08.211,mexc,ACT/USDT:USDT,0.04606,674,0.04605,15154,0.04607,1090,0.04608,5508
1753600088616,07:08:08.616,mexc,ACT/USDT:USDT,0.04606,674,0.04605,13853,0.04607,1090,0.04608,3782
1753600088712,07:08:08.712,mexc,ACT/USDT:USDT,0.04606,674,0.04605,10919,0.04607,1090,0.04608,3782
1753600089053,07:08:09.053,mexc,ACT/USDT:USDT,0.04606,674,0.04605,10919,0.04607,1090,0.04608,3782
1753600089211,07:08:09.211,mexc,ACT/USDT:USDT,0.04606,674,0.04605,10919,0.04607,1090,0.04608,3782
1753600089529,07:08:09.529,mexc,ACT/USDT:USDT,0.04606,674,0.04605,10919,0.04607,1090,0.04608,5453
1753600089711,07:08:09.711,mexc,ACT/USDT:USDT,0.04606,674,0.04605,10919,0.04607,1090,0.04608,5453
1753600089934,07:08:09.934,mexc,ACT/USDT:USDT,0.04606,674,0.04605,10919,0.04607,1090,0.04608,3782
1753600090116,07:08:10.116,mexc,ACT/USDT:USDT,0.04606,674,0.04605,10919,0.04607,1090,0.04608,5355
1753600090213,07:08:10.213,mexc,ACT/USDT:USDT,0.04606,674,0.04605,15913,0.04607,1090,0.04608,5355
1753600090616,07:08:10.616,mexc,ACT/USDT:USDT,0.04606,674,0.04605,15913,0.04607,1090,0.04608,3782
1753600090713,07:08:10.713,mexc,ACT/USDT:USDT,0.04606,674,0.04605,10919,0.04607,1090,0.04608,3782
1753600091030,07:08:11.030,mexc,ACT/USDT:USDT,0.04606,674,0.04605,10919,0.04607,1090,0.04608,3782
1753600091212,07:08:11.212,mexc,ACT/USDT:USDT,0.04606,3544,0.04605,11311,0.04608,2420,0.04609,5320
1753600091530,07:08:11.530,mexc,ACT/USDT:USDT,0.04606,3544,0.04605,11311,0.04608,2420,0.04609,5320
1753600091713,07:08:11.713,mexc,ACT/USDT:USDT,0.04606,3544,0.04605,7698,0.04608,2420,0.04609,5320
1753600091934,07:08:11.934,mexc,ACT/USDT:USDT,0.04606,3544,0.04605,7698,0.04608,2420,0.04609,5320
1753600092117,07:08:12.117,mexc,ACT/USDT:USDT,0.04606,3544,0.04605,7698,0.04608,2420,0.04609,5320
1753600092412,07:08:12.412,mexc,ACT/USDT:USDT,0.04606,3544,0.04605,9727,0.04608,2420,0.04609,5320
1753600092530,07:08:12.530,mexc,ACT/USDT:USDT,0.04606,3544,0.04605,9727,0.04608,2420,0.04609,5320
1753600092715,07:08:12.715,mexc,ACT/USDT:USDT,0.04606,3544,0.04605,7698,0.04608,2420,0.04609,5320
1753600093030,07:08:13.030,mexc,ACT/USDT:USDT,0.04606,3544,0.04605,7698,0.04608,2420,0.04609,5320
1753600093213,07:08:13.213,mexc,ACT/USDT:USDT,0.04606,3544,0.04605,11114,0.04608,2420,0.04609,5320
1753600093434,07:08:13.434,mexc,ACT/USDT:USDT,0.04606,3544,0.04605,11114,0.04608,2420,0.04609,5320
1753600093617,07:08:13.617,mexc,ACT/USDT:USDT,0.04606,3544,0.04605,7698,0.04608,2420,0.04609,5320
1753600093715,07:08:13.715,mexc,ACT/USDT:USDT,0.04606,3544,0.04605,7698,0.04608,2420,0.04609,5320
1753600094118,07:08:14.118,mexc,ACT/USDT:USDT,0.04606,3544,0.04605,7698,0.04608,2420,0.04609,5320
1753600094215,07:08:14.215,mexc,ACT/USDT:USDT,0.04606,3544,0.04605,7698,0.04608,2420,0.04609,5320
1753600094581,07:08:14.581,mexc,ACT/USDT:USDT,0.04606,3544,0.04605,7698,0.04608,2420,0.04609,7888
1753600094716,07:08:14.716,mexc,ACT/USDT:USDT,0.04606,3544,0.04605,10150,0.04608,2420,0.04609,7888
1753600094985,07:08:14.985,mexc,ACT/USDT:USDT,0.04606,3544,0.04605,10150,0.04608,2420,0.04609,5320
1753600095118,07:08:15.118,mexc,ACT/USDT:USDT,0.04606,3544,0.04605,7698,0.04608,2420,0.04609,5320
1753600095215,07:08:15.215,mexc,ACT/USDT:USDT,0.04606,3544,0.04605,9569,0.04608,2420,0.04609,5320
1753600095619,07:08:15.619,mexc,ACT/USDT:USDT,0.04606,3544,0.04605,9569,0.04608,2420,0.04609,5320
1753600095716,07:08:15.716,mexc,ACT/USDT:USDT,0.04606,3544,0.04605,7698,0.04608,2420,0.04609,5320
1753600096082,07:08:16.082,mexc,ACT/USDT:USDT,0.04606,3544,0.04605,7698,0.04608,2420,0.04609,5320
1753600096216,07:08:16.216,mexc,ACT/USDT:USDT,0.04606,3544,0.04605,7698,0.04608,2420,0.04609,5320
1753600096487,07:08:16.487,mexc,ACT/USDT:USDT,0.04606,3544,0.04605,7698,0.04608,2420,0.04609,5320
1753600096620,07:08:16.620,mexc,ACT/USDT:USDT,0.04606,3544,0.04605,7698,0.04608,2420,0.04609,5320
1753600096717,07:08:16.717,mexc,ACT/USDT:USDT,0.04606,3544,0.04605,10042,0.04608,2420,0.04609,5320
1753600097110,07:08:17.110,mexc,ACT/USDT:USDT,0.04606,284,0.04605,6405,0.04607,3749,0.04608,8383
1753600097217,07:08:17.217,mexc,ACT/USDT:USDT,0.04606,284,0.04605,6405,0.04607,3749,0.04608,8383
1753600097622,07:08:17.622,mexc,ACT/USDT:USDT,0.04606,284,0.04605,6405,0.04607,3749,0.04608,11276
1753600097717,07:08:17.717,mexc,ACT/USDT:USDT,0.04606,284,0.04605,6405,0.04607,3749,0.04608,11276
1753600098086,07:08:18.086,mexc,ACT/USDT:USDT,0.04606,284,0.04605,6405,0.04607,3749,0.04608,8383
1753600098218,07:08:18.218,mexc,ACT/USDT:USDT,0.04606,284,0.04605,6405,0.04607,3749,0.04608,8383
1753600098492,07:08:18.492,mexc,ACT/USDT:USDT,0.04606,284,0.04605,6405,0.04607,3749,0.04608,8383
1753600098623,07:08:18.623,mexc,ACT/USDT:USDT,0.04606,284,0.04605,6405,0.04607,3749,0.04608,9600
1753600098720,07:08:18.720,mexc,ACT/USDT:USDT,0.04606,284,0.04605,6405,0.04607,3749,0.04608,9600
1753600099121,07:08:19.121,mexc,ACT/USDT:USDT,0.04606,284,0.04605,6405,0.04607,3749,0.04608,10351
1753600099222,07:08:19.222,mexc,ACT/USDT:USDT,0.04606,284,0.04605,9498,0.04607,3749,0.04608,10351
1753600099587,07:08:19.587,mexc,ACT/USDT:USDT,0.04606,284,0.04605,9498,0.04607,3749,0.04608,9614
1753600099719,07:08:19.719,mexc,ACT/USDT:USDT,0.04606,284,0.04605,6405,0.04607,3749,0.04608,9614
1753600099989,07:08:19.989,mexc,ACT/USDT:USDT,0.04606,284,0.04605,6405,0.04607,3749,0.04608,8383
1753600100122,07:08:20.122,mexc,ACT/USDT:USDT,0.04606,284,0.04605,6405,0.04607,3749,0.04608,11225
1753600100219,07:08:20.219,mexc,ACT/USDT:USDT,0.04606,284,0.04605,6405,0.04607,3749,0.04608,11225
1753600100623,07:08:20.623,mexc,ACT/USDT:USDT,0.04606,284,0.04605,6405,0.04607,3749,0.04608,8383
1753600100720,07:08:20.720,mexc,ACT/USDT:USDT,0.04606,284,0.04605,6405,0.04607,3749,0.04608,8383
1753600101088,07:08:21.088,mexc,ACT/USDT:USDT,0.04606,284,0.04605,6405,0.04607,3749,0.04608,12572
1753600101220,07:08:21.220,mexc,ACT/USDT:USDT,0.04606,284,0.04605,6405,0.04607,3749,0.04608,15652
1753600101491,07:08:21.491,mexc,ACT/USDT:USDT,0.04606,284,0.04605,6405,0.04607,3749,0.04608,11463
1753600101623,07:08:21.623,mexc,ACT/USDT:USDT,0.04606,284,0.04605,6405,0.04607,3749,0.04608,8383
1753600101721,07:08:21.721,mexc,ACT/USDT:USDT,0.04606,284,0.04605,6405,0.04607,3749,0.04608,8383
1753600102122,07:08:22.122,mexc,ACT/USDT:USDT,0.04606,284,0.04605,6405,0.04607,3749,0.04608,8383
1753600102218,07:08:22.218,mexc,ACT/USDT:USDT,0.04606,284,0.04605,6405,0.04607,3749,0.04608,8383
1753600102593,07:08:22.593,mexc,ACT/USDT:USDT,0.04606,284,0.04605,6405,0.04607,3749,0.04608,8383
1753600102720,07:08:22.720,mexc,ACT/USDT:USDT,0.04606,284,0.04605,8154,0.04607,3749,0.04608,12121
1753600102997,07:08:22.997,mexc,ACT/USDT:USDT,0.04606,284,0.04605,8154,0.04607,3749,0.04608,12121
1753600103109,07:08:23.109,mexc,ACT/USDT:USDT,0.04605,262,0.04604,6385,0.04606,4032,0.04607,10305
1753600103220,07:08:23.220,mexc,ACT/USDT:USDT,0.04605,262,0.04604,7915,0.04606,4032,0.04607,10305
1753600103623,07:08:23.623,mexc,ACT/USDT:USDT,0.04605,262,0.04604,7915,0.04606,4032,0.04607,10305
1753600103719,07:08:23.719,mexc,ACT/USDT:USDT,0.04605,262,0.04604,9396,0.04606,4032,0.04607,10305
1753600104089,07:08:24.089,mexc,ACT/USDT:USDT,0.04605,262,0.04604,9396,0.04606,4032,0.04607,10305
1753600104220,07:08:24.220,mexc,ACT/USDT:USDT,0.04605,262,0.04604,10323,0.04606,4032,0.04607,10305
1753600104494,07:08:24.494,mexc,ACT/USDT:USDT,0.04605,262,0.04604,10323,0.04606,4032,0.04607,10305
1753600104624,07:08:24.624,mexc,ACT/USDT:USDT,0.04605,262,0.04604,6385,0.04606,4032,0.04607,13992
1753600104720,07:08:24.720,mexc,ACT/USDT:USDT,0.04605,262,0.04604,9478,0.04606,4032,0.04607,13992
1753600105127,07:08:25.127,mexc,ACT/USDT:USDT,0.04605,262,0.04604,9478,0.04606,4032,0.04607,10305
1753600105220,07:08:25.220,mexc,ACT/USDT:USDT,0.04605,262,0.04604,6385,0.04606,4032,0.04607,10305
1753600105591,07:08:25.591,mexc,ACT/USDT:USDT,0.04605,262,0.04604,6385,0.04606,4032,0.04607,10305
1753600105721,07:08:25.721,mexc,ACT/USDT:USDT,0.04605,262,0.04604,6385,0.04606,4032,0.04607,13419
1753600105995,07:08:25.995,mexc,ACT/USDT:USDT,0.04605,262,0.04604,6385,0.04606,4032,0.04607,13419
1753600106123,07:08:26.123,mexc,ACT/USDT:USDT,0.04605,262,0.04604,6385,0.04606,4032,0.04607,12240
1753600106222,07:08:26.222,mexc,ACT/USDT:USDT,0.04605,262,0.04604,7109,0.04606,4032,0.04607,12240
1753600106625,07:08:26.625,mexc,ACT/USDT:USDT,0.04605,262,0.04604,6385,0.04606,4032,0.04607,10305
1753600106720,07:08:26.720,mexc,ACT/USDT:USDT,0.04605,262,0.04604,7027,0.04606,4032,0.04607,10305
1753600107093,07:08:27.093,mexc,ACT/USDT:USDT,0.04605,262,0.04604,7027,0.04606,4032,0.04607,10305
1753600107222,07:08:27.222,mexc,ACT/USDT:USDT,0.04605,262,0.04604,6385,0.04606,4032,0.04607,12564
1753600107495,07:08:27.495,mexc,ACT/USDT:USDT,0.04605,262,0.04604,6385,0.04606,4032,0.04607,12564
1753600107628,07:08:27.628,mexc,ACT/USDT:USDT,0.04605,262,0.04604,6385,0.04606,4032,0.04607,10305
1753600107722,07:08:27.722,mexc,ACT/USDT:USDT,0.04605,262,0.04604,6385,0.04606,4032,0.04607,10305
1753600108125,07:08:28.125,mexc,ACT/USDT:USDT,0.04605,262,0.04604,6385,0.04606,4032,0.04607,10305
1753600108223,07:08:28.223,mexc,ACT/USDT:USDT,0.04605,262,0.04604,9309,0.04606,4032,0.04607,10305
1753600108592,07:08:28.592,mexc,ACT/USDT:USDT,0.04605,262,0.04604,9309,0.04606,4032,0.04607,13761
1753600108722,07:08:28.722,mexc,ACT/USDT:USDT,0.04605,262,0.04604,6385,0.04606,4032,0.04607,13761
1753600108996,07:08:28.996,mexc,ACT/USDT:USDT,0.04605,262,0.04604,6385,0.04606,4032,0.04607,10305
1753600109115,07:08:29.115,mexc,ACT/USDT:USDT,0.04605,2496,0.04604,4616,0.04606,7164,0.04607,8181
1753600109224,07:08:29.224,mexc,ACT/USDT:USDT,0.04605,2496,0.04604,4616,0.04606,7164,0.04607,8181
1753600109626,07:08:29.626,mexc,ACT/USDT:USDT,0.04605,2496,0.04604,4616,0.04606,7164,0.04607,10117
1753600109723,07:08:29.723,mexc,ACT/USDT:USDT,0.04605,2496,0.04604,6031,0.04606,7164,0.04607,10117
1753600110094,07:08:30.094,mexc,ACT/USDT:USDT,0.04605,2496,0.04604,6031,0.04606,7164,0.04607,8181
1753600110222,07:08:30.222,mexc,ACT/USDT:USDT,0.04605,2496,0.04604,4616,0.04606,7164,0.04607,8181
1753600110498,07:08:30.498,mexc,ACT/USDT:USDT,0.04605,2496,0.04604,4616,0.04606,7164,0.04607,8181
1753600110628,07:08:30.628,mexc,ACT/USDT:USDT,0.04605,2496,0.04604,4616,0.04606,7164,0.04607,8181
1753600110722,07:08:30.722,mexc,ACT/USDT:USDT,0.04605,2496,0.04604,4616,0.04606,7164,0.04607,8181
1753600111126,07:08:31.126,mexc,ACT/USDT:USDT,0.04605,2496,0.04604,4616,0.04606,7164,0.04607,11012
1753600111222,07:08:31.222,mexc,ACT/USDT:USDT,0.04605,2496,0.04604,4616,0.04606,7164,0.04607,11012
1753600111596,07:08:31.596,mexc,ACT/USDT:USDT,0.04605,2496,0.04604,4616,0.04606,7164,0.04607,8181
1753600111723,07:08:31.723,mexc,ACT/USDT:USDT,0.04605,2496,0.04604,6716,0.04606,7164,0.04607,8181
1753600112096,07:08:32.096,mexc,ACT/USDT:USDT,0.04605,2496,0.04604,6716,0.04606,7164,0.04607,8181
1753600112223,07:08:32.223,mexc,ACT/USDT:USDT,0.04605,2496,0.04604,4616,0.04606,7164,0.04607,10941
1753600112498,07:08:32.498,mexc,ACT/USDT:USDT,0.04605,2496,0.04604,4616,0.04606,7164,0.04607,10941
1753600112628,07:08:32.628,mexc,ACT/USDT:USDT,0.04605,2496,0.04604,4616,0.04606,7164,0.04607,8181
1753600112724,07:08:32.724,mexc,ACT/USDT:USDT,0.04605,2496,0.04604,4616,0.04606,7164,0.04607,8181
1753600113128,07:08:33.128,mexc,ACT/USDT:USDT,0.04605,2496,0.04604,4616,0.04606,7164,0.04607,8181
1753600113224,07:08:33.224,mexc,ACT/USDT:USDT,0.04605,2496,0.04604,4616,0.04606,7164,0.04607,8181
1753600113595,07:08:33.595,mexc,ACT/USDT:USDT,0.04605,2496,0.04604,4616,0.04606,7164,0.04607,8181
1753600113729,07:08:33.729,mexc,ACT/USDT:USDT,0.04605,2496,0.04604,4616,0.04606,7164,0.04607,8181
1753600113999,07:08:33.999,mexc,ACT/USDT:USDT,0.04605,2496,0.04604,4616,0.04606,7164,0.04607,8181
1753600114135,07:08:34.135,mexc,ACT/USDT:USDT,0.04605,2496,0.04604,4616,0.04606,7164,0.04607,9567
1753600114226,07:08:34.226,mexc,ACT/USDT:USDT,0.04605,2496,0.04604,6272,0.04606,7164,0.04607,9567
1753600114630,07:08:34.630,mexc,ACT/USDT:USDT,0.04605,2496,0.04604,6272,0.04606,7164,0.04607,10311
1753600114726,07:08:34.726,mexc,ACT/USDT:USDT,0.04605,2496,0.04604,4616,0.04606,7164,0.04607,10311
1753600115098,07:08:35.098,mexc,ACT/USDT:USDT,0.04605,2496,0.04604,4616,0.04606,7164,0.04607,8181
1753600115280,07:08:35.280,mexc,ACT/USDT:USDT,0.04604,2073,0.04603,11672,0.04605,114,0.04606,11203
1753600115600,07:08:35.600,mexc,ACT/USDT:USDT,0.04604,2073,0.04603,11672,0.04605,114,0.04606,11203
1753600115779,07:08:35.779,mexc,ACT/USDT:USDT,0.04604,2073,0.04603,9035,0.04605,114,0.04606,11203
1753600116002,07:08:36.002,mexc,ACT/USDT:USDT,0.04604,2073,0.04603,9035,0.04605,114,0.04606,11203
1753600116184,07:08:36.184,mexc,ACT/USDT:USDT,0.04604,2073,0.04603,9035,0.04605,114,0.04606,13213
1753600116424,07:08:36.424,mexc,ACT/USDT:USDT,0.04604,2073,0.04603,9035,0.04605,114,0.04606,13213
1753600116599,07:08:36.599,mexc,ACT/USDT:USDT,0.04604,2073,0.04603,9035,0.04605,114,0.04606,12939
1753600116780,07:08:36.780,mexc,ACT/USDT:USDT,0.04604,2073,0.04603,13363,0.04605,114,0.04606,12939
1753600117099,07:08:37.099,mexc,ACT/USDT:USDT,0.04604,2073,0.04603,13363,0.04605,114,0.04606,11203
1753600117281,07:08:37.281,mexc,ACT/USDT:USDT,0.04604,2073,0.04603,11656,0.04605,114,0.04606,11203
1753600117501,07:08:37.501,mexc,ACT/USDT:USDT,0.04604,2073,0.04603,11656,0.04605,114,0.04606,11203
1753600117686,07:08:37.686,mexc,ACT/USDT:USDT,0.04604,2073,0.04603,9035,0.04605,114,0.04606,16026
1753600117781,07:08:37.781,mexc,ACT/USDT:USDT,0.04604,2073,0.04603,11189,0.04605,114,0.04606,16026
1753600118185,07:08:38.185,mexc,ACT/USDT:USDT,0.04604,2073,0.04603,9035,0.04605,114,0.04606,11203
1753600118281,07:08:38.281,mexc,ACT/USDT:USDT,0.04604,2073,0.04603,9035,0.04605,114,0.04606,11203
1753600118628,07:08:38.628,mexc,ACT/USDT:USDT,0.04604,2073,0.04603,9035,0.04605,114,0.04606,11203
1753600118782,07:08:38.782,mexc,ACT/USDT:USDT,0.04604,2073,0.04603,9035,0.04605,114,0.04606,11203
1753600119033,07:08:39.033,mexc,ACT/USDT:USDT,0.04604,2073,0.04603,9035,0.04605,114,0.04606,11203
1753600119187,07:08:39.187,mexc,ACT/USDT:USDT,0.04604,2073,0.04603,9035,0.04605,114,0.04606,16581
1753600119282,07:08:39.282,mexc,ACT/USDT:USDT,0.04604,2073,0.04603,9035,0.04605,114,0.04606,16581
1753600119686,07:08:39.686,mexc,ACT/USDT:USDT,0.04604,2073,0.04603,9035,0.04605,114,0.04606,11203
1753600119781,07:08:39.781,mexc,ACT/USDT:USDT,0.04604,2073,0.04603,9035,0.04605,114,0.04606,11203
1753600120100,07:08:40.100,mexc,ACT/USDT:USDT,0.04604,2073,0.04603,9035,0.04605,114,0.04606,11203
1753600120282,07:08:40.282,mexc,ACT/USDT:USDT,0.04604,2073,0.04603,10387,0.04605,114,0.04606,11203
1753600120600,07:08:40.600,mexc,ACT/USDT:USDT,0.04604,2073,0.04603,10387,0.04605,114,0.04606,11203
1753600120781,07:08:40.781,mexc,ACT/USDT:USDT,0.04604,2073,0.04603,9035,0.04605,114,0.04606,11203
1753600121003,07:08:41.003,mexc,ACT/USDT:USDT,0.04604,2073,0.04603,9035,0.04605,114,0.04606,11203
1753600121117,07:08:41.117,mexc,ACT/USDT:USDT,0.04604,2080,0.04603,9862,0.04605,1178,0.04606,5495
1753600121284,07:08:41.284,mexc,ACT/USDT:USDT,0.04604,2080,0.04603,11991,0.04605,1178,0.04606,5495
1753600121688,07:08:41.688,mexc,ACT/USDT:USDT,0.04604,2080,0.04603,11991,0.04605,1178,0.04606,5495
1753600121783,07:08:41.783,mexc,ACT/USDT:USDT,0.04604,2080,0.04603,13973,0.04605,1178,0.04606,5495
1753600122099,07:08:42.099,mexc,ACT/USDT:USDT,0.04604,2080,0.04603,13973,0.04605,1178,0.04606,5495
1753600122283,07:08:42.283,mexc,ACT/USDT:USDT,0.04604,2080,0.04603,12369,0.04605,1178,0.04606,5495
1753600122502,07:08:42.502,mexc,ACT/USDT:USDT,0.04604,2080,0.04603,12369,0.04605,1178,0.04606,5495
1753600122685,07:08:42.685,mexc,ACT/USDT:USDT,0.04604,2080,0.04603,9862,0.04605,1178,0.04606,5495
1753600122782,07:08:42.782,mexc,ACT/USDT:USDT,0.04604,2080,0.04603,12172,0.04605,1178,0.04606,5495
1753600123189,07:08:43.189,mexc,ACT/USDT:USDT,0.04604,2080,0.04603,12172,0.04605,1178,0.04606,5495
1753600123283,07:08:43.283,mexc,ACT/USDT:USDT,0.04604,2080,0.04603,12962,0.04605,1178,0.04606,5495
1753600123601,07:08:43.601,mexc,ACT/USDT:USDT,0.04604,2080,0.04603,12962,0.04605,1178,0.04606,5495
1753600123782,07:08:43.782,mexc,ACT/USDT:USDT,0.04604,2080,0.04603,9862,0.04605,1178,0.04606,5495
1753600124003,07:08:44.003,mexc,ACT/USDT:USDT,0.04604,2080,0.04603,9862,0.04605,1178,0.04606,5495
1753600124188,07:08:44.188,mexc,ACT/USDT:USDT,0.04604,2080,0.04603,9862,0.04605,1178,0.04606,7157
1753600124283,07:08:44.283,mexc,ACT/USDT:USDT,0.04604,2080,0.04603,14627,0.04605,1178,0.04606,7157
1753600124690,07:08:44.690,mexc,ACT/USDT:USDT,0.04604,2080,0.04603,14627,0.04605,1178,0.04606,5495
1753600124783,07:08:44.783,mexc,ACT/USDT:USDT,0.04604,2080,0.04603,9862,0.04605,1178,0.04606,5495
1753600125102,07:08:45.102,mexc,ACT/USDT:USDT,0.04604,2080,0.04603,9862,0.04605,1178,0.04606,5495
1753600125284,07:08:45.284,mexc,ACT/USDT:USDT,0.04604,2080,0.04603,9862,0.04605,1178,0.04606,5495
1753600125601,07:08:45.601,mexc,ACT/USDT:USDT,0.04604,2080,0.04603,9862,0.04605,1178,0.04606,5495
1753600125785,07:08:45.785,mexc,ACT/USDT:USDT,0.04604,2080,0.04603,9862,0.04605,1178,0.04606,5495
1753600126004,07:08:46.004,mexc,ACT/USDT:USDT,0.04604,2080,0.04603,9862,0.04605,1178,0.04606,5495
1753600126188,07:08:46.188,mexc,ACT/USDT:USDT,0.04604,2080,0.04603,9862,0.04605,1178,0.04606,8093
1753600126286,07:08:46.286,mexc,ACT/USDT:USDT,0.04604,2080,0.04603,16183,0.04605,1178,0.04606,8093
1753600126687,07:08:46.687,mexc,ACT/USDT:USDT,0.04604,2080,0.04603,12480,0.04605,1178,0.04606,5495
1753600126786,07:08:46.786,mexc,ACT/USDT:USDT,0.04604,2080,0.04603,9862,0.04605,1178,0.04606,5495
1753600127104,07:08:47.104,mexc,ACT/USDT:USDT,0.04604,2080,0.04603,9862,0.04605,1178,0.04606,6520
1753600127285,07:08:47.285,mexc,ACT/USDT:USDT,0.04605,1813,0.04604,3954,0.04606,1025,0.04607,9122
1753600127601,07:08:47.601,mexc,ACT/USDT:USDT,0.04605,1813,0.04604,3954,0.04606,1025,0.04607,9122
1753600127786,07:08:47.786,mexc,ACT/USDT:USDT,0.04605,1813,0.04604,5503,0.04606,1025,0.04607,9122
1753600128003,07:08:48.003,mexc,ACT/USDT:USDT,0.04605,1813,0.04604,5503,0.04606,1025,0.04607,9122
1753600128190,07:08:48.190,mexc,ACT/USDT:USDT,0.04605,1813,0.04604,3954,0.04606,1025,0.04607,14443
1753600128431,07:08:48.431,mexc,ACT/USDT:USDT,0.04605,1813,0.04604,3954,0.04606,1025,0.04607,14443
1753600128601,07:08:48.601,mexc,ACT/USDT:USDT,0.04605,1813,0.04604,3954,0.04606,1025,0.04607,12228
1753600128787,07:08:48.787,mexc,ACT/USDT:USDT,0.04605,1813,0.04604,5603,0.04606,1025,0.04607,12228
1753600129102,07:08:49.102,mexc,ACT/USDT:USDT,0.04605,1813,0.04604,5603,0.04606,1025,0.04607,9122
1753600129288,07:08:49.288,mexc,ACT/USDT:USDT,0.04605,1813,0.04604,7042,0.04606,1025,0.04607,9122
1753600129504,07:08:49.504,mexc,ACT/USDT:USDT,0.04605,1813,0.04604,7042,0.04606,1025,0.04607,9122
1753600129696,07:08:49.696,mexc,ACT/USDT:USDT,0.04605,1813,0.04604,3954,0.04606,1025,0.04607,12343
1753600129788,07:08:49.788,mexc,ACT/USDT:USDT,0.04605,1813,0.04604,5486,0.04606,1025,0.04607,12343
1753600130191,07:08:50.191,mexc,ACT/USDT:USDT,0.04605,1813,0.04604,5486,0.04606,1025,0.04607,13088
1753600130288,07:08:50.288,mexc,ACT/USDT:USDT,0.04605,1813,0.04604,3954,0.04606,1025,0.04607,13088
1753600130602,07:08:50.602,mexc,ACT/USDT:USDT,0.04605,1813,0.04604,3954,0.04606,1025,0.04607,9122
1753600130787,07:08:50.787,mexc,ACT/USDT:USDT,0.04605,1813,0.04604,3954,0.04606,1025,0.04607,9122
1753600131007,07:08:51.007,mexc,ACT/USDT:USDT,0.04605,1813,0.04604,3954,0.04606,1025,0.04607,9122
1753600131191,07:08:51.191,mexc,ACT/USDT:USDT,0.04605,1813,0.04604,3954,0.04606,1025,0.04607,9122
1753600131290,07:08:51.290,mexc,ACT/USDT:USDT,0.04605,1813,0.04604,4834,0.04606,1025,0.04607,9122
1753600131692,07:08:51.692,mexc,ACT/USDT:USDT,0.04605,1813,0.04604,4834,0.04606,1025,0.04607,12385
1753600131788,07:08:51.788,mexc,ACT/USDT:USDT,0.04605,1813,0.04604,5743,0.04606,1025,0.04607,12385
1753600132103,07:08:52.103,mexc,ACT/USDT:USDT,0.04605,1813,0.04604,5743,0.04606,1025,0.04607,9122
1753600132290,07:08:52.290,mexc,ACT/USDT:USDT,0.04605,1813,0.04604,3954,0.04606,1025,0.04607,9122
1753600132510,07:08:52.510,mexc,ACT/USDT:USDT,0.04605,1813,0.04604,3954,0.04606,1025,0.04607,9122
1753600132695,07:08:52.695,mexc,ACT/USDT:USDT,0.04605,1813,0.04604,3954,0.04606,1025,0.04607,10411
1753600132789,07:08:52.789,mexc,ACT/USDT:USDT,0.04605,1813,0.04604,3954,0.04606,1025,0.04607,10411
1753600133115,07:08:53.115,mexc,ACT/USDT:USDT,0.04606,1994,0.04605,4573,0.04607,2111,0.04608,4019
1753600133291,07:08:53.291,mexc,ACT/USDT:USDT,0.04606,1994,0.04605,4573,0.04607,2111,0.04608,4019
1753600133694,07:08:53.694,mexc,ACT/USDT:USDT,0.04606,1994,0.04605,4573,0.04607,2111,0.04608,4019
1753600133789,07:08:53.789,mexc,ACT/USDT:USDT,0.04606,1994,0.04605,6407,0.04607,2111,0.04608,4019
1753600134104,07:08:54.104,mexc,ACT/USDT:USDT,0.04606,1994,0.04605,6407,0.04607,2111,0.04608,4019
1753600134290,07:08:54.290,mexc,ACT/USDT:USDT,0.04606,1994,0.04605,4573,0.04607,2111,0.04608,4847
1753600134507,07:08:54.507,mexc,ACT/USDT:USDT,0.04606,1994,0.04605,4573,0.04607,2111,0.04608,4847
1753600134697,07:08:54.697,mexc,ACT/USDT:USDT,0.04606,1994,0.04605,4573,0.04607,2111,0.04608,6909
1753600134791,07:08:54.791,mexc,ACT/USDT:USDT,0.04606,1994,0.04605,4573,0.04607,2111,0.04608,6909
1753600135199,07:08:55.199,mexc,ACT/USDT:USDT,0.04606,1994,0.04605,4573,0.04607,2111,0.04608,5421
1753600135292,07:08:55.292,mexc,ACT/USDT:USDT,0.04606,1994,0.04605,4573,0.04607,2111,0.04608,5421
1753600135603,07:08:55.603,mexc,ACT/USDT:USDT,0.04606,1994,0.04605,4573,0.04607,2111,0.04608,5833
1753600135792,07:08:55.792,mexc,ACT/USDT:USDT,0.04606,1994,0.04605,4573,0.04607,2111,0.04608,5833
1753600136007,07:08:56.007,mexc,ACT/USDT:USDT,0.04606,1994,0.04605,4573,0.04607,2111,0.04608,4019
1753600136196,07:08:56.196,mexc,ACT/USDT:USDT,0.04606,1994,0.04605,4573,0.04607,2111,0.04608,4019
1753600136292,07:08:56.292,mexc,ACT/USDT:USDT,0.04606,1994,0.04605,4573,0.04607,2111,0.04608,4019
1753600136694,07:08:56.694,mexc,ACT/USDT:USDT,0.04606,1994,0.04605,4573,0.04607,2111,0.04608,4019
1753600136794,07:08:56.794,mexc,ACT/USDT:USDT,0.04606,1994,0.04605,4573,0.04607,2111,0.04608,4019
1753600137104,07:08:57.104,mexc,ACT/USDT:USDT,0.04606,1994,0.04605,4573,0.04607,2111,0.04608,4019
1753600137298,07:08:57.298,mexc,ACT/USDT:USDT,0.04606,1994,0.04605,6206,0.04607,2111,0.04608,4019
1753600137508,07:08:57.508,mexc,ACT/USDT:USDT,0.04606,1994,0.04605,6206,0.04607,2111,0.04608,4019
1753600137696,07:08:57.696,mexc,ACT/USDT:USDT,0.04606,1994,0.04605,4573,0.04607,2111,0.04608,4019
1753600137793,07:08:57.793,mexc,ACT/USDT:USDT,0.04606,1994,0.04605,7061,0.04607,2111,0.04608,4019
1753600138198,07:08:58.198,mexc,ACT/USDT:USDT,0.04606,1994,0.04605,6047,0.04607,2111,0.04608,5179
1753600138294,07:08:58.294,mexc,ACT/USDT:USDT,0.04606,1994,0.04605,4573,0.04607,2111,0.04608,5179
1753600138604,07:08:58.604,mexc,ACT/USDT:USDT,0.04606,1994,0.04605,4573,0.04607,2111,0.04608,4856
1753600138795,07:08:58.795,mexc,ACT/USDT:USDT,0.04606,1994,0.04605,5683,0.04607,2111,0.04608,5405
1753600139007,07:08:59.007,mexc,ACT/USDT:USDT,0.04606,1994,0.04605,5683,0.04607,2111,0.04608,4568
1753600139116,07:08:59.116,mexc,ACT/USDT:USDT,0.04607,2362,0.04606,5033,0.04608,9513,0.04609,5890
1753600139297,07:08:59.297,mexc,ACT/USDT:USDT,0.04607,2362,0.04606,6659,0.04608,9513,0.04609,5890
1753600139699,07:08:59.699,mexc,ACT/USDT:USDT,0.04607,2362,0.04606,6659,0.04608,9513,0.04609,8989
1753600139794,07:08:59.794,mexc,ACT/USDT:USDT,0.04607,2362,0.04606,5033,0.04608,9513,0.04609,8989
1753600140106,07:09:00.106,mexc,ACT/USDT:USDT,0.04607,2362,0.04606,5033,0.04608,9513,0.04609,5890
1753600140296,07:09:00.296,mexc,ACT/USDT:USDT,0.04607,2362,0.04606,5033,0.04608,9513,0.04609,5890
1753600140508,07:09:00.508,mexc,ACT/USDT:USDT,0.04607,2362,0.04606,5033,0.04608,9513,0.04609,5890
1753600140709,07:09:00.709,mexc,ACT/USDT:USDT,0.04607,2362,0.04606,5033,0.04608,9513,0.04609,6950
1753600140794,07:09:00.794,mexc,ACT/USDT:USDT,0.04607,2362,0.04606,6406,0.04608,9513,0.04609,6950
1753600141200,07:09:01.200,mexc,ACT/USDT:USDT,0.04607,2362,0.04606,6406,0.04608,9513,0.04609,8271
1753600141295,07:09:01.295,mexc,ACT/USDT:USDT,0.04607,2362,0.04606,5033,0.04608,9513,0.04609,8271
1753600141605,07:09:01.605,mexc,ACT/USDT:USDT,0.04607,2362,0.04606,5033,0.04608,9513,0.04609,8176
1753600141795,07:09:01.795,mexc,ACT/USDT:USDT,0.04607,2362,0.04606,5033,0.04608,9513,0.04609,8176
1753600142008,07:09:02.008,mexc,ACT/USDT:USDT,0.04607,2362,0.04606,5033,0.04608,9513,0.04609,5890
1753600142199,07:09:02.199,mexc,ACT/USDT:USDT,0.04607,2362,0.04606,5033,0.04608,9513,0.04609,7661
1753600142295,07:09:02.295,mexc,ACT/USDT:USDT,0.04607,2362,0.04606,5033,0.04608,9513,0.04609,7661
1753600142698,07:09:02.698,mexc,ACT/USDT:USDT,0.04607,2362,0.04606,5033,0.04608,9513,0.04609,5890
1753600142795,07:09:02.795,mexc,ACT/USDT:USDT,0.04607,2362,0.04606,5033,0.04608,9513,0.04609,5890
1753600143106,07:09:03.106,mexc,ACT/USDT:USDT,0.04607,2362,0.04606,5033,0.04608,9513,0.04609,5890
1753600143299,07:09:03.299,mexc,ACT/USDT:USDT,0.04607,2362,0.04606,5033,0.04608,9513,0.04609,7498
1753600143512,07:09:03.512,mexc,ACT/USDT:USDT,0.04607,2362,0.04606,5033,0.04608,9513,0.04609,7498
1753600143700,07:09:03.700,mexc,ACT/USDT:USDT,0.04607,2362,0.04606,5033,0.04608,9513,0.04609,5890
1753600143796,07:09:03.796,mexc,ACT/USDT:USDT,0.04607,2362,0.04606,7138,0.04608,9513,0.04609,5890
1753600144199,07:09:04.199,mexc,ACT/USDT:USDT,0.04607,2362,0.04606,7138,0.04608,9513,0.04609,9450
1753600144299,07:09:04.299,mexc,ACT/USDT:USDT,0.04607,2362,0.04606,6850,0.04608,9513,0.04609,9450
1753600144607,07:09:04.607,mexc,ACT/USDT:USDT,0.04607,2362,0.04606,6850,0.04608,9513,0.04609,5890
1753600144798,07:09:04.798,mexc,ACT/USDT:USDT,0.04607,2362,0.04606,5033,0.04608,9513,0.04609,5890
1753600145009,07:09:05.009,mexc,ACT/USDT:USDT,0.04607,2362,0.04606,5033,0.04608,9513,0.04609,5890
1753600145119,07:09:05.119,mexc,ACT/USDT:USDT,0.04607,3154,0.04606,4114,0.04608,10072,0.04609,6993
1753600145300,07:09:05.300,mexc,ACT/USDT:USDT,0.04607,3154,0.04606,4114,0.04608,10072,0.04609,6993
1753600145702,07:09:05.702,mexc,ACT/USDT:USDT,0.04607,3154,0.04606,4114,0.04608,10072,0.04609,7726
1753600145799,07:09:05.799,mexc,ACT/USDT:USDT,0.04607,3154,0.04606,5717,0.04608,10072,0.04609,7726
1753600146108,07:09:06.108,mexc,ACT/USDT:USDT,0.04607,3154,0.04606,5717,0.04608,10072,0.04609,10373
1753600146300,07:09:06.300,mexc,ACT/USDT:USDT,0.04607,3154,0.04606,4114,0.04608,10072,0.04609,10373
1753600146605,07:09:06.605,mexc,ACT/USDT:USDT,0.04607,3154,0.04606,4114,0.04608,10072,0.04609,6993
1753600146798,07:09:06.798,mexc,ACT/USDT:USDT,0.04607,3154,0.04606,4114,0.04608,10072,0.04609,6993
1753600147008,07:09:07.008,mexc,ACT/USDT:USDT,0.04607,3154,0.04606,4114,0.04608,10072,0.04609,6993
1753600147203,07:09:07.203,mexc,ACT/USDT:USDT,0.04607,3154,0.04606,4114,0.04608,10072,0.04609,9514
1753600147300,07:09:07.300,mexc,ACT/USDT:USDT,0.04607,3154,0.04606,4114,0.04608,10072,0.04609,9514
1753600147704,07:09:07.704,mexc,ACT/USDT:USDT,0.04607,3154,0.04606,4114,0.04608,10072,0.04609,6993
1753600147800,07:09:07.800,mexc,ACT/USDT:USDT,0.04607,3154,0.04606,4114,0.04608,10072,0.04609,6993
1753600148109,07:09:08.109,mexc,ACT/USDT:USDT,0.04607,3154,0.04606,4114,0.04608,10072,0.04609,6993
1753600148301,07:09:08.301,mexc,ACT/USDT:USDT,0.04607,3154,0.04606,4114,0.04608,10072,0.04609,6993
1753600148515,07:09:08.515,mexc,ACT/USDT:USDT,0.04607,3154,0.04606,4114,0.04608,10072,0.04609,6993
1753600148701,07:09:08.701,mexc,ACT/USDT:USDT,0.04607,3154,0.04606,4114,0.04608,10072,0.04609,6993
1753600148799,07:09:08.799,mexc,ACT/USDT:USDT,0.04607,3154,0.04606,7005,0.04608,10072,0.04609,6993
1753600149203,07:09:09.203,mexc,ACT/USDT:USDT,0.04607,3154,0.04606,5531,0.04608,10072,0.04609,9481
1753600149301,07:09:09.301,mexc,ACT/USDT:USDT,0.04607,3154,0.04606,4114,0.04608,10072,0.04609,9481
1753600149608,07:09:09.608,mexc,ACT/USDT:USDT,0.04607,3154,0.04606,4114,0.04608,10072,0.04609,10064
1753600149799,07:09:09.799,mexc,ACT/USDT:USDT,0.04607,3154,0.04606,6798,0.04608,10072,0.04609,10064
1753600150011,07:09:10.011,mexc,ACT/USDT:USDT,0.04607,3154,0.04606,6798,0.04608,10072,0.04609,6993
1753600150204,07:09:10.204,mexc,ACT/USDT:USDT,0.04607,3154,0.04606,4114,0.04608,10072,0.04609,6993
1753600150300,07:09:10.300,mexc,ACT/USDT:USDT,0.04607,3154,0.04606,4114,0.04608,10072,0.04609,6993
1753600150703,07:09:10.703,mexc,ACT/USDT:USDT,0.04607,3154,0.04606,4114,0.04608,10072,0.04609,6993
1753600150802,07:09:10.802,mexc,ACT/USDT:USDT,0.04607,3154,0.04606,4114,0.04608,10072,0.04609,6993
1753600151106,07:09:11.106,mexc,ACT/USDT:USDT,0.04607,3154,0.04606,4114,0.04608,10072,0.04609,7142
1753600151300,07:09:11.300,mexc,ACT/USDT:USDT,0.04608,1876,0.04607,7134,0.04609,149,0.0461,4794
1753600151607,07:09:11.607,mexc,ACT/USDT:USDT,0.04608,1876,0.04607,7134,0.04609,149,0.0461,4794
1753600151800,07:09:11.800,mexc,ACT/USDT:USDT,0.04608,1876,0.04607,7197,0.04609,149,0.0461,4794
1753600152011,07:09:12.011,mexc,ACT/USDT:USDT,0.04608,1876,0.04607,7197,0.04609,149,0.0461,4794
1753600152208,07:09:12.208,mexc,ACT/USDT:USDT,0.04608,1876,0.04607,4997,0.04609,149,0.0461,4794
1753600152447,07:09:12.447,mexc,ACT/USDT:USDT,0.04608,1876,0.04607,6146,0.04609,149,0.0461,4794
1753600152608,07:09:12.608,mexc,ACT/USDT:USDT,0.04608,1876,0.04607,6146,0.04609,149,0.0461,7025
1753600152801,07:09:12.801,mexc,ACT/USDT:USDT,0.04608,1876,0.04607,4997,0.04609,149,0.0461,7025
1753600153110,07:09:13.110,mexc,ACT/USDT:USDT,0.04608,1876,0.04607,4997,0.04609,149,0.0461,4794
1753600153303,07:09:13.303,mexc,ACT/USDT:USDT,0.04608,1876,0.04607,4997,0.04609,149,0.0461,6108
1753600153520,07:09:13.520,mexc,ACT/USDT:USDT,0.04608,1876,0.04607,4997,0.04609,149,0.0461,6108
1753600153704,07:09:13.704,mexc,ACT/USDT:USDT,0.04608,1876,0.04607,4997,0.04609,149,0.0461,6169
1753600153803,07:09:13.803,mexc,ACT/USDT:USDT,0.04608,1876,0.04607,6501,0.04609,149,0.0461,6169
1753600154206,07:09:14.206,mexc,ACT/USDT:USDT,0.04608,1876,0.04607,6501,0.04609,149,0.0461,5446
1753600154303,07:09:14.303,mexc,ACT/USDT:USDT,0.04608,1876,0.04607,5897,0.04609,149,0.0461,5446
1753600154609,07:09:14.609,mexc,ACT/USDT:USDT,0.04608,1876,0.04607,5897,0.04609,149,0.0461,4794
1753600154803,07:09:14.803,mexc,ACT/USDT:USDT,0.04608,1876,0.04607,7054,0.04609,149,0.0461,4794
1753600155017,07:09:15.017,mexc,ACT/USDT:USDT,0.04608,1876,0.04607,7054,0.04609,149,0.0461,4794
1753600155208,07:09:15.208,mexc,ACT/USDT:USDT,0.04608,1876,0.04607,4997,0.04609,149,0.0461,4794
1753600155304,07:09:15.304,mexc,ACT/USDT:USDT,0.04608,1876,0.04607,4997,0.04609,149,0.0461,4794
1753600155707,07:09:15.707,mexc,ACT/USDT:USDT,0.04608,1876,0.04607,4997,0.04609,149,0.0461,4794
1753600155805,07:09:15.805,mexc,ACT/USDT:USDT,0.04608,1876,0.04607,4997,0.04609,149,0.0461,4794
1753600156111,07:09:16.111,mexc,ACT/USDT:USDT,0.04608,1876,0.04607,4997,0.04609,149,0.0461,4794
1753600156303,07:09:16.303,mexc,ACT/USDT:USDT,0.04608,1876,0.04607,4997,0.04609,149,0.0461,6437
1753600156514,07:09:16.514,mexc,ACT/USDT:USDT,0.04608,1876,0.04607,4997,0.04609,149,0.0461,6437
1753600156707,07:09:16.707,mexc,ACT/USDT:USDT,0.04608,1876,0.04607,4997,0.04609,149,0.0461,5845
1753600156803,07:09:16.803,mexc,ACT/USDT:USDT,0.04608,1876,0.04607,4997,0.04609,149,0.0461,5845
1753600157132,07:09:17.132,mexc,ACT/USDT:USDT,0.04608,173,0.04607,2169,0.04609,2379,0.0461,7676
1753600157304,07:09:17.304,mexc,ACT/USDT:USDT,0.04608,173,0.04607,2169,0.04609,2379,0.0461,7676
1753600157609,07:09:17.609,mexc,ACT/USDT:USDT,0.04608,173,0.04607,2169,0.04609,2379,0.0461,7676
1753600157804,07:09:17.804,mexc,ACT/USDT:USDT,0.04608,173,0.04607,2169,0.04609,2379,0.0461,7676
1753600158208,07:09:18.208,mexc,ACT/USDT:USDT,0.04608,173,0.04607,2169,0.04609,2379,0.0461,12839
1753600158305,07:09:18.305,mexc,ACT/USDT:USDT,0.04608,173,0.04607,2169,0.04609,2379,0.0461,12839
1753600158610,07:09:18.610,mexc,ACT/USDT:USDT,0.04608,173,0.04607,2169,0.04609,2379,0.0461,10515
1753600158804,07:09:18.804,mexc,ACT/USDT:USDT,0.04608,173,0.04607,4100,0.04609,2379,0.0461,12096
1753600159012,07:09:19.012,mexc,ACT/USDT:USDT,0.04608,173,0.04607,4100,0.04609,2379,0.0461,9257
1753600159207,07:09:19.207,mexc,ACT/USDT:USDT,0.04608,173,0.04607,2169,0.04609,2379,0.0461,12223
1753600159513,07:09:19.513,mexc,ACT/USDT:USDT,0.04608,173,0.04607,2715,0.04609,2379,0.0461,10099
1753600159709,07:09:19.709,mexc,ACT/USDT:USDT,0.04608,173,0.04607,2169,0.04609,2379,0.0461,8754
1753600159805,07:09:19.805,mexc,ACT/USDT:USDT,0.04608,173,0.04607,2169,0.04609,2379,0.0461,8754
1753600160209,07:09:20.209,mexc,ACT/USDT:USDT,0.04608,173,0.04607,2169,0.04609,2379,0.0461,8853
1753600160306,07:09:20.306,mexc,ACT/USDT:USDT,0.04608,173,0.04607,2169,0.04609,2379,0.0461,8853
1753600160611,07:09:20.611,mexc,ACT/USDT:USDT,0.04608,173,0.04607,2169,0.04609,2379,0.0461,7676
1753600160806,07:09:20.806,mexc,ACT/USDT:USDT,0.04608,173,0.04607,3229,0.04609,2379,0.0461,7676
1753600161014,07:09:21.014,mexc,ACT/USDT:USDT,0.04608,173,0.04607,3229,0.04609,2379,0.0461,7676
1753600161212,07:09:21.212,mexc,ACT/USDT:USDT,0.04608,173,0.04607,2169,0.04609,2379,0.0461,7676
1753600161307,07:09:21.307,mexc,ACT/USDT:USDT,0.04608,173,0.04607,2169,0.04609,2379,0.0461,7676
1753600161711,07:09:21.711,mexc,ACT/USDT:USDT,0.04608,173,0.04607,2169,0.04609,2379,0.0461,7676
1753600161806,07:09:21.806,mexc,ACT/USDT:USDT,0.04608,173,0.04607,2169,0.04609,2379,0.0461,7676
1753600162124,07:09:22.124,mexc,ACT/USDT:USDT,0.04608,173,0.04607,2169,0.04609,2379,0.0461,7676
1753600162307,07:09:22.307,mexc,ACT/USDT:USDT,0.04608,173,0.04607,2169,0.04609,2379,0.0461,7676
1753600162614,07:09:22.614,mexc,ACT/USDT:USDT,0.04608,173,0.04607,2169,0.04609,2379,0.0461,10028
1753600162806,07:09:22.806,mexc,ACT/USDT:USDT,0.04608,173,0.04607,2169,0.04609,2379,0.0461,10028
1753600163017,07:09:23.017,mexc,ACT/USDT:USDT,0.04608,173,0.04607,2169,0.04609,2379,0.0461,7676
1753600163122,07:09:23.122,mexc,ACT/USDT:USDT,0.04607,755,0.04606,3770,0.04608,3475,0.04609,5906
1753600163308,07:09:23.308,mexc,ACT/USDT:USDT,0.04607,755,0.04606,4618,0.04608,3475,0.04609,5906
1753600163710,07:09:23.710,mexc,ACT/USDT:USDT,0.04607,755,0.04606,3770,0.04608,3475,0.04609,5906
1753600163808,07:09:23.808,mexc,ACT/USDT:USDT,0.04607,755,0.04606,3770,0.04608,3475,0.04609,5906
1753600164117,07:09:24.117,mexc,ACT/USDT:USDT,0.04607,755,0.04606,3770,0.04608,3475,0.04609,6972
1753600164308,07:09:24.308,mexc,ACT/USDT:USDT,0.04607,755,0.04606,3770,0.04608,3475,0.04609,6972
1753600164516,07:09:24.516,mexc,ACT/USDT:USDT,0.04607,755,0.04606,3770,0.04608,3475,0.04609,5906
1753600164713,07:09:24.713,mexc,ACT/USDT:USDT,0.04607,755,0.04606,3770,0.04608,3475,0.04609,7947
1753600164808,07:09:24.808,mexc,ACT/USDT:USDT,0.04607,755,0.04606,3770,0.04608,3475,0.04609,7947
1753600165213,07:09:25.213,mexc,ACT/USDT:USDT,0.04607,755,0.04606,3770,0.04608,3475,0.04609,5906
1753600165310,07:09:25.310,mexc,ACT/USDT:USDT,0.04607,755,0.04606,3770,0.04608,3475,0.04609,5906
1753600165615,07:09:25.615,mexc,ACT/USDT:USDT,0.04607,755,0.04606,3770,0.04608,3475,0.04609,8758
1753600165809,07:09:25.809,mexc,ACT/USDT:USDT,0.04607,755,0.04606,3770,0.04608,3475,0.04609,8758
1753600166016,07:09:26.016,mexc,ACT/USDT:USDT,0.04607,755,0.04606,3770,0.04608,3475,0.04609,5906
1753600166216,07:09:26.216,mexc,ACT/USDT:USDT,0.04607,755,0.04606,3770,0.04608,3475,0.04609,5906
1753600166309,07:09:26.309,mexc,ACT/USDT:USDT,0.04607,755,0.04606,3770,0.04608,3475,0.04609,5906
1753600166713,07:09:26.713,mexc,ACT/USDT:USDT,0.04607,755,0.04606,3770,0.04608,3475,0.04609,5906
1753600166810,07:09:26.810,mexc,ACT/USDT:USDT,0.04607,755,0.04606,3770,0.04608,3475,0.04609,5906
1753600167116,07:09:27.116,mexc,ACT/USDT:USDT,0.04607,755,0.04606,3770,0.04608,3475,0.04609,5906
1753600167311,07:09:27.311,mexc,ACT/USDT:USDT,0.04607,755,0.04606,3770,0.04608,3475,0.04609,7234
1753600167518,07:09:27.518,mexc,ACT/USDT:USDT,0.04607,755,0.04606,3770,0.04608,3475,0.04609,7234
1753600167713,07:09:27.713,mexc,ACT/USDT:USDT,0.04607,755,0.04606,3770,0.04608,3475,0.04609,5906
1753600167810,07:09:27.810,mexc,ACT/USDT:USDT,0.04607,755,0.04606,6290,0.04608,3475,0.04609,5906
1753600168216,07:09:28.216,mexc,ACT/USDT:USDT,0.04607,755,0.04606,4474,0.04608,3475,0.04609,5906
1753600168311,07:09:28.311,mexc,ACT/USDT:USDT,0.04607,755,0.04606,5050,0.04608,3475,0.04609,5906
1753600168714,07:09:28.714,mexc,ACT/USDT:USDT,0.04607,755,0.04606,5050,0.04608,3475,0.04609,8332
1753600168811,07:09:28.811,mexc,ACT/USDT:USDT,0.04607,755,0.04606,5243,0.04608,3475,0.04609,8332
1753600169112,07:09:29.112,mexc,ACT/USDT:USDT,0.04607,755,0.04606,5375,0.04608,3475,0.04609,5906
1753600169312,07:09:29.312,mexc,ACT/USDT:USDT,0.04606,132,0.04605,7382,0.04607,2117,0.04608,9340
1753600169312,07:09:29.312,mexc,ACT/USDT:USDT,0.04606,132,0.04605,7382,0.04607,2117,0.04608,9340
1753600169714,07:09:29.714,mexc,ACT/USDT:USDT,0.04606,132,0.04605,6330,0.04607,2117,0.04608,11338
1753600169813,07:09:29.813,mexc,ACT/USDT:USDT,0.04606,132,0.04605,7006,0.04607,2117,0.04608,11338
1753600170117,07:09:30.117,mexc,ACT/USDT:USDT,0.04606,132,0.04605,7006,0.04607,2117,0.04608,9340
1753600170314,07:09:30.314,mexc,ACT/USDT:USDT,0.04606,132,0.04605,6330,0.04607,2117,0.04608,11626
1753600170518,07:09:30.518,mexc,ACT/USDT:USDT,0.04606,132,0.04605,6330,0.04607,2117,0.04608,11626
1753600170718,07:09:30.718,mexc,ACT/USDT:USDT,0.04606,132,0.04605,6330,0.04607,2117,0.04608,9340
1753600170814,07:09:30.814,mexc,ACT/USDT:USDT,0.04606,132,0.04605,6330,0.04607,2117,0.04608,9340
1753600171219,07:09:31.219,mexc,ACT/USDT:USDT,0.04606,132,0.04605,6330,0.04607,2117,0.04608,9340
1753600171313,07:09:31.313,mexc,ACT/USDT:USDT,0.04606,132,0.04605,7480,0.04607,2117,0.04608,9340
1753600171717,07:09:31.717,mexc,ACT/USDT:USDT,0.04606,132,0.04605,7480,0.04607,2117,0.04608,11227
1753600171813,07:09:31.813,mexc,ACT/USDT:USDT,0.04606,132,0.04605,8515,0.04607,2117,0.04608,11227
1753600172118,07:09:32.118,mexc,ACT/USDT:USDT,0.04606,132,0.04605,8515,0.04607,2117,0.04608,12456
1753600172314,07:09:32.314,mexc,ACT/USDT:USDT,0.04606,132,0.04605,8945,0.04607,2117,0.04608,12456
1753600172521,07:09:32.521,mexc,ACT/USDT:USDT,0.04606,132,0.04605,8945,0.04607,2117,0.04608,9340
1753600172716,07:09:32.716,mexc,ACT/USDT:USDT,0.04606,132,0.04605,6330,0.04607,2117,0.04608,17532
1753600172814,07:09:32.814,mexc,ACT/USDT:USDT,0.04606,132,0.04605,6330,0.04607,2117,0.04608,17532
1753600173221,07:09:33.221,mexc,ACT/USDT:USDT,0.04606,132,0.04605,6330,0.04607,2117,0.04608,9340
1753600173314,07:09:33.314,mexc,ACT/USDT:USDT,0.04606,132,0.04605,8141,0.04607,2117,0.04608,9340
1753600173616,07:09:33.616,mexc,ACT/USDT:USDT,0.04606,132,0.04605,8141,0.04607,2117,0.04608,13630
1753600173815,07:09:33.815,mexc,ACT/USDT:USDT,0.04606,132,0.04605,6330,0.04607,2117,0.04608,13630
1753600174121,07:09:34.121,mexc,ACT/USDT:USDT,0.04606,132,0.04605,6330,0.04607,2117,0.04608,9340
1753600174314,07:09:34.314,mexc,ACT/USDT:USDT,0.04606,132,0.04605,6330,0.04607,2117,0.04608,13337
1753600174524,07:09:34.524,mexc,ACT/USDT:USDT,0.04606,132,0.04605,6330,0.04607,2117,0.04608,13337
1753600174720,07:09:34.720,mexc,ACT/USDT:USDT,0.04606,132,0.04605,6330,0.04607,2117,0.04608,13157
1753600174816,07:09:34.816,mexc,ACT/USDT:USDT,0.04606,132,0.04605,9456,0.04607,2117,0.04608,13157
1753600175127,07:09:35.127,mexc,ACT/USDT:USDT,0.04607,8800,0.04606,2113,0.04608,3494,0.04609,6089
1753600175314,07:09:35.314,mexc,ACT/USDT:USDT,0.04607,8800,0.04606,2113,0.04608,3494,0.04609,6089
1753600175719,07:09:35.719,mexc,ACT/USDT:USDT,0.04607,8800,0.04606,2113,0.04608,3494,0.04609,8038
1753600175816,07:09:35.816,mexc,ACT/USDT:USDT,0.04607,8800,0.04606,2113,0.04608,3494,0.04609,8038
1753600176118,07:09:36.118,mexc,ACT/USDT:USDT,0.04607,8800,0.04606,2113,0.04608,3494,0.04609,6089
1753600176222,07:09:36.222,mexc,ACT/USDT:USDT,0.04607,8800,0.04606,2113,0.04608,3494,0.04609,8007
1753600176522,07:09:36.522,mexc,ACT/USDT:USDT,0.04607,8800,0.04606,2113,0.04608,3494,0.04609,8007
1753600176622,07:09:36.622,mexc,ACT/USDT:USDT,0.04607,8800,0.04606,2113,0.04608,3494,0.04609,6089
1753600176820,07:09:36.820,mexc,ACT/USDT:USDT,0.04607,8800,0.04606,2668,0.04608,3494,0.04609,6089
1753600177121,07:09:37.121,mexc,ACT/USDT:USDT,0.04607,8800,0.04606,2668,0.04608,3494,0.04609,10349
1753600177320,07:09:37.320,mexc,ACT/USDT:USDT,0.04607,8800,0.04606,2113,0.04608,3494,0.04609,10349
1753600177724,07:09:37.724,mexc,ACT/USDT:USDT,0.04607,8800,0.04606,2113,0.04608,3494,0.04609,6089
1753600177821,07:09:37.821,mexc,ACT/USDT:USDT,0.04607,8800,0.04606,2113,0.04608,3494,0.04609,6089
1753600178172,07:09:38.172,mexc,ACT/USDT:USDT,0.04607,8800,0.04606,2113,0.04608,3494,0.04609,7712
1753600178322,07:09:38.322,mexc,ACT/USDT:USDT,0.04607,8800,0.04606,2754,0.04608,3494,0.04609,7712
1753600178620,07:09:38.620,mexc,ACT/USDT:USDT,0.04607,8800,0.04606,2754,0.04608,3494,0.04609,6089
1753600178725,07:09:38.725,mexc,ACT/USDT:USDT,0.04607,8800,0.04606,2113,0.04608,3494,0.04609,6867
1753600178820,07:09:38.820,mexc,ACT/USDT:USDT,0.04607,8800,0.04606,2635,0.04608,3494,0.04609,6867
1753600179223,07:09:39.223,mexc,ACT/USDT:USDT,0.04607,8800,0.04606,2113,0.04608,3494,0.04609,8829
1753600179321,07:09:39.321,mexc,ACT/USDT:USDT,0.04607,8800,0.04606,2113,0.04608,3494,0.04609,8829
1753600179619,07:09:39.619,mexc,ACT/USDT:USDT,0.04607,8800,0.04606,2113,0.04608,3494,0.04609,6089
1753600179823,07:09:39.823,mexc,ACT/USDT:USDT,0.04607,8800,0.04606,2113,0.04608,3494,0.04609,6089
1753600180132,07:09:40.132,mexc,ACT/USDT:USDT,0.04607,8800,0.04606,2113,0.04608,3494,0.04609,6089
1753600180321,07:09:40.321,mexc,ACT/USDT:USDT,0.04607,8800,0.04606,2507,0.04608,3494,0.04609,6089
1753600180620,07:09:40.620,mexc,ACT/USDT:USDT,0.04607,8800,0.04606,2507,0.04608,3494,0.04609,6089
1753600180822,07:09:40.822,mexc,ACT/USDT:USDT,0.04607,8800,0.04606,2113,0.04608,3494,0.04609,7043
1753600181115,07:09:41.115,mexc,ACT/USDT:USDT,0.04607,8800,0.04606,2113,0.04608,4063,0.04609,6089
1753600181140,07:09:41.140,mexc,ACT/USDT:USDT,0.04607,9833,0.04606,2605,0.04608,569,0.04609,6384
1753600181322,07:09:41.322,mexc,ACT/USDT:USDT,0.04607,9833,0.04606,3172,0.04608,569,0.04609,6384
1753600181725,07:09:41.725,mexc,ACT/USDT:USDT,0.04607,9833,0.04606,2605,0.04608,569,0.04609,6384
1753600181823,07:09:41.823,mexc,ACT/USDT:USDT,0.04607,9833,0.04606,2605,0.04608,569,0.04609,6384
1753600182121,07:09:42.121,mexc,ACT/USDT:USDT,0.04607,9833,0.04606,2605,0.04608,569,0.04609,9052
1753600182324,07:09:42.324,mexc,ACT/USDT:USDT,0.04607,9833,0.04606,2605,0.04608,569,0.04609,9052
1753600182621,07:09:42.621,mexc,ACT/USDT:USDT,0.04607,9833,0.04606,2605,0.04608,569,0.04609,6384
1753600182823,07:09:42.823,mexc,ACT/USDT:USDT,0.04607,9833,0.04606,4692,0.04608,569,0.04609,6384
1753600183226,07:09:43.226,mexc,ACT/USDT:USDT,0.04607,9833,0.04606,3873,0.04608,569,0.04609,8767
1753600183323,07:09:43.323,mexc,ACT/USDT:USDT,0.04607,9833,0.04606,3207,0.04608,569,0.04609,8767
1753600183623,07:09:43.623,mexc,ACT/USDT:USDT,0.04607,9833,0.04606,3207,0.04608,569,0.04609,6384
1753600183825,07:09:43.825,mexc,ACT/USDT:USDT,0.04607,9833,0.04606,3139,0.04608,569,0.04609,6384
1753600184178,07:09:44.178,mexc,ACT/USDT:USDT,0.04607,9833,0.04606,3139,0.04608,569,0.04609,7760
1753600184326,07:09:44.326,mexc,ACT/USDT:USDT,0.04607,9833,0.04606,2605,0.04608,569,0.04609,7760
1753600184621,07:09:44.621,mexc,ACT/USDT:USDT,0.04607,9833,0.04606,2605,0.04608,569,0.04609,6384
1753600184728,07:09:44.728,mexc,ACT/USDT:USDT,0.04607,9833,0.04606,2605,0.04608,569,0.04609,6384
1753600185023,07:09:45.023,mexc,ACT/USDT:USDT,0.04607,9833,0.04606,3378,0.04608,569,0.04609,6384
1753600185120,07:09:45.120,mexc,ACT/USDT:USDT,0.04607,9833,0.04606,3378,0.04608,569,0.04609,6384
1753600185325,07:09:45.325,mexc,ACT/USDT:USDT,0.04607,9833,0.04606,3546,0.04608,569,0.04609,6384
1753600185624,07:09:45.624,mexc,ACT/USDT:USDT,0.04607,9833,0.04606,3546,0.04608,569,0.04609,6384
1753600185826,07:09:45.826,mexc,ACT/USDT:USDT,0.04607,9833,0.04606,3846,0.04608,569,0.04609,6384
1753600186124,07:09:46.124,mexc,ACT/USDT:USDT,0.04607,9833,0.04606,3846,0.04608,569,0.04609,6384
1753600186327,07:09:46.327,mexc,ACT/USDT:USDT,0.04607,9833,0.04606,3233,0.04608,569,0.04609,6384
1753600186623,07:09:46.623,mexc,ACT/USDT:USDT,0.04607,9833,0.04606,3233,0.04608,569,0.04609,6384
1753600186827,07:09:46.827,mexc,ACT/USDT:USDT,0.04607,9833,0.04606,3479,0.04608,569,0.04609,6384
1753600187129,07:09:47.129,mexc,ACT/USDT:USDT,0.04607,20139,0.04606,5789,0.04608,2606,0.04609,7560
1753600187327,07:09:47.327,mexc,ACT/USDT:USDT,0.04607,10306,0.04606,2310,0.04608,2606,0.04609,7560
1753600187531,07:09:47.531,mexc,ACT/USDT:USDT,0.04607,10306,0.04606,2310,0.04608,2606,0.04609,7560
1753600187729,07:09:47.729,mexc,ACT/USDT:USDT,0.04607,10306,0.04606,2310,0.04608,2606,0.04609,7560
1753600188025,07:09:48.025,mexc,ACT/USDT:USDT,0.04607,10306,0.04606,3377,0.04608,2606,0.04609,7560
1753600188122,07:09:48.122,mexc,ACT/USDT:USDT,0.04607,10306,0.04606,3377,0.04608,2606,0.04609,10754
1753600188328,07:09:48.328,mexc,ACT/USDT:USDT,0.04607,10306,0.04606,2910,0.04608,2606,0.04609,10754
1753600188623,07:09:48.623,mexc,ACT/USDT:USDT,0.04607,10306,0.04606,2910,0.04608,2606,0.04609,7560
1753600188827,07:09:48.827,mexc,ACT/USDT:USDT,0.04607,10306,0.04606,2310,0.04608,2606,0.04609,7560
1753600189122,07:09:49.122,mexc,ACT/USDT:USDT,0.04607,10306,0.04606,2310,0.04608,2606,0.04609,7560
1753600189327,07:09:49.327,mexc,ACT/USDT:USDT,0.04607,10306,0.04606,2310,0.04608,2606,0.04609,7560
1753600189621,07:09:49.621,mexc,ACT/USDT:USDT,0.04607,10306,0.04606,2310,0.04608,2606,0.04609,9152
1753600189841,07:09:49.841,mexc,ACT/USDT:USDT,0.04607,10306,0.04606,2310,0.04608,2606,0.04609,9152
1753600190149,07:09:50.149,mexc,ACT/USDT:USDT,0.04607,10306,0.04606,2310,0.04608,2606,0.04609,9852
1753600190329,07:09:50.329,mexc,ACT/USDT:USDT,0.04607,10306,0.04606,2310,0.04608,2606,0.04609,13314
1753600190552,07:09:50.552,mexc,ACT/USDT:USDT,0.04607,10306,0.04606,2310,0.04608,2606,0.04609,11022
1753600190731,07:09:50.731,mexc,ACT/USDT:USDT,0.04607,10306,0.04606,2310,0.04608,2606,0.04609,7560
1753600191028,07:09:51.028,mexc,ACT/USDT:USDT,0.04607,10306,0.04606,2310,0.04608,2606,0.04609,7560
1753600191121,07:09:51.121,mexc,ACT/USDT:USDT,0.04607,10306,0.04606,2310,0.04608,2606,0.04609,7560
1753600191330,07:09:51.330,mexc,ACT/USDT:USDT,0.04607,10306,0.04606,4557,0.04608,2606,0.04609,7560
1753600191623,07:09:51.623,mexc,ACT/USDT:USDT,0.04607,10306,0.04606,4557,0.04608,2606,0.04609,7560
1753600191828,07:09:51.828,mexc,ACT/USDT:USDT,0.04607,10306,0.04606,3288,0.04608,2606,0.04609,7560
1753600192121,07:09:52.121,mexc,ACT/USDT:USDT,0.04607,10306,0.04606,3288,0.04608,2606,0.04609,8624
1753600192330,07:09:52.330,mexc,ACT/USDT:USDT,0.04607,10306,0.04606,2607,0.04608,2606,0.04609,8624
1753600192622,07:09:52.622,mexc,ACT/USDT:USDT,0.04607,10306,0.04606,2607,0.04608,2606,0.04609,7560
1753600192830,07:09:52.830,mexc,ACT/USDT:USDT,0.04607,10306,0.04606,3452,0.04608,2606,0.04609,7560
1753600193131,07:09:53.131,mexc,ACT/USDT:USDT,0.04607,9732,0.04606,2550,0.04608,3142,0.04609,7475
1753600193331,07:09:53.331,mexc,ACT/USDT:USDT,0.04607,9732,0.04606,3191,0.04608,3142,0.04609,7475
1753600193733,07:09:53.733,mexc,ACT/USDT:USDT,0.04607,9732,0.04606,2550,0.04608,3142,0.04609,7475
1753600193832,07:09:53.832,mexc,ACT/USDT:USDT,0.04607,9732,0.04606,3193,0.04608,3142,0.04609,7475
1753600194126,07:09:54.126,mexc,ACT/USDT:USDT,0.04607,9732,0.04606,3193,0.04608,3142,0.04609,7475
1753600194332,07:09:54.332,mexc,ACT/USDT:USDT,0.04607,9732,0.04606,3607,0.04608,3142,0.04609,7475
1753600194627,07:09:54.627,mexc,ACT/USDT:USDT,0.04607,9732,0.04606,3607,0.04608,3142,0.04609,7475
1753600194832,07:09:54.832,mexc,ACT/USDT:USDT,0.04607,9732,0.04606,2550,0.04608,3142,0.04609,7475
1753600195127,07:09:55.127,mexc,ACT/USDT:USDT,0.04607,9732,0.04606,2550,0.04608,3142,0.04609,9611
1753600195333,07:09:55.333,mexc,ACT/USDT:USDT,0.04607,9732,0.04606,2550,0.04608,3142,0.04609,9611
1753600195626,07:09:55.626,mexc,ACT/USDT:USDT,0.04607,9732,0.04606,2550,0.04608,3142,0.04609,7475
1753600195832,07:09:55.832,mexc,ACT/USDT:USDT,0.04607,9732,0.04606,2550,0.04608,3142,0.04609,7475
1753600196182,07:09:56.182,mexc,ACT/USDT:USDT,0.04607,9732,0.04606,2550,0.04608,3142,0.04609,11827
1753600196333,07:09:56.333,mexc,ACT/USDT:USDT,0.04607,9732,0.04606,2550,0.04608,3142,0.04609,11827
1753600196624,07:09:56.624,mexc,ACT/USDT:USDT,0.04607,9732,0.04606,2550,0.04608,3142,0.04609,9438
1753600196736,07:09:56.736,mexc,ACT/USDT:USDT,0.04607,9732,0.04606,2550,0.04608,3142,0.04609,10690
1753600197031,07:09:57.031,mexc,ACT/USDT:USDT,0.04607,9732,0.04606,4249,0.04608,3142,0.04609,8727
1753600197127,07:09:57.127,mexc,ACT/USDT:USDT,0.04607,9732,0.04606,4249,0.04608,3142,0.04609,7475
1753600197334,07:09:57.334,mexc,ACT/USDT:USDT,0.04607,9732,0.04606,3512,0.04608,3142,0.04609,7475
1753600197630,07:09:57.630,mexc,ACT/USDT:USDT,0.04607,9732,0.04606,3512,0.04608,3142,0.04609,7475
1753600197835,07:09:57.835,mexc,ACT/USDT:USDT,0.04607,9732,0.04606,2550,0.04608,3142,0.04609,7475
1753600198125,07:09:58.125,mexc,ACT/USDT:USDT,0.04607,9732,0.04606,2550,0.04608,3142,0.04609,10527
1753600198335,07:09:58.335,mexc,ACT/USDT:USDT,0.04607,9732,0.04606,3329,0.04608,3142,0.04609,10527
1753600198624,07:09:58.624,mexc,ACT/USDT:USDT,0.04607,9732,0.04606,3329,0.04608,3142,0.04609,7475
1753600198835,07:09:58.835,mexc,ACT/USDT:USDT,0.04607,9732,0.04606,2550,0.04608,3142,0.04609,7475
1753600199137,07:09:59.137,mexc,ACT/USDT:USDT,0.04607,20966,0.04606,5358,0.04608,2596,0.04609,5114
1753600199336,07:09:59.336,mexc,ACT/USDT:USDT,0.04607,11234,0.04606,2808,0.04608,2596,0.04609,5114
1753600199539,07:09:59.539,mexc,ACT/USDT:USDT,0.04607,11234,0.04606,2808,0.04608,2596,0.04609,5114
1753600199740,07:09:59.740,mexc,ACT/USDT:USDT,0.04607,11234,0.04606,2808,0.04608,2596,0.04609,5114
1753600200032,07:10:00.032,mexc,ACT/USDT:USDT,0.04607,11234,0.04606,2808,0.04608,2596,0.04609,5114
1753600200127,07:10:00.127,mexc,ACT/USDT:USDT,0.04607,11234,0.04606,2808,0.04608,2596,0.04609,7028
1753600200335,07:10:00.335,mexc,ACT/USDT:USDT,0.04607,11234,0.04606,2808,0.04608,2596,0.04609,7028
1753600200628,07:10:00.628,mexc,ACT/USDT:USDT,0.04607,11234,0.04606,2808,0.04608,2596,0.04609,5114
1753600200835,07:10:00.835,mexc,ACT/USDT:USDT,0.04607,11234,0.04606,2808,0.04608,2596,0.04609,5114
1753600201129,07:10:01.129,mexc,ACT/USDT:USDT,0.04607,11234,0.04606,2808,0.04608,2596,0.04609,5114
1753600201334,07:10:01.334,mexc,ACT/USDT:USDT,0.04607,11234,0.04606,2808,0.04608,2596,0.04609,5114
1753600201629,07:10:01.629,mexc,ACT/USDT:USDT,0.04607,11234,0.04606,2808,0.04608,2596,0.04609,6833
1753600201835,07:10:01.835,mexc,ACT/USDT:USDT,0.04607,11234,0.04606,4184,0.04608,2596,0.04609,6833
1753600202193,07:10:02.193,mexc,ACT/USDT:USDT,0.04607,11234,0.04606,4184,0.04608,2596,0.04609,8650
1753600202337,07:10:02.337,mexc,ACT/USDT:USDT,0.04607,11234,0.04606,4159,0.04608,2596,0.04609,8650
1753600202629,07:10:02.629,mexc,ACT/USDT:USDT,0.04607,11234,0.04606,4159,0.04608,2596,0.04609,5114
1753600202739,07:10:02.739,mexc,ACT/USDT:USDT,0.04607,11234,0.04606,2808,0.04608,2596,0.04609,5114
1753600202836,07:10:02.836,mexc,ACT/USDT:USDT,0.04607,11234,0.04606,2808,0.04608,2596,0.04609,5114
1753600203241,07:10:03.241,mexc,ACT/USDT:USDT,0.04607,11234,0.04606,2808,0.04608,2596,0.04609,5114
1753600203339,07:10:03.339,mexc,ACT/USDT:USDT,0.04607,11234,0.04606,2808,0.04608,2596,0.04609,5114
1753600203630,07:10:03.630,mexc,ACT/USDT:USDT,0.04607,11234,0.04606,2808,0.04608,2596,0.04609,5114
1753600203838,07:10:03.838,mexc,ACT/USDT:USDT,0.04607,11234,0.04606,3646,0.04608,2596,0.04609,5114
1753600204132,07:10:04.132,mexc,ACT/USDT:USDT,0.04607,11234,0.04606,3646,0.04608,2596,0.04609,5114
1753600204337,07:10:04.337,mexc,ACT/USDT:USDT,0.04607,11234,0.04606,2808,0.04608,2596,0.04609,5114
1753600204632,07:10:04.632,mexc,ACT/USDT:USDT,0.04607,11234,0.04606,2808,0.04608,2596,0.04609,7556
1753600204841,07:10:04.841,mexc,ACT/USDT:USDT,0.04607,11234,0.04606,2808,0.04608,2596,0.04609,7556
1753600205135,07:10:05.135,mexc,ACT/USDT:USDT,0.04607,23773,0.04606,5212,0.04608,1143,0.04609,5623
1753600205339,07:10:05.339,mexc,ACT/USDT:USDT,0.04607,12539,0.04606,3171,0.04608,1143,0.04609,5623
1753600205543,07:10:05.543,mexc,ACT/USDT:USDT,0.04607,12539,0.04606,3171,0.04608,1143,0.04609,5623
1753600205742,07:10:05.742,mexc,ACT/USDT:USDT,0.04607,12539,0.04606,2404,0.04608,1143,0.04609,5623
1753600206035,07:10:06.035,mexc,ACT/USDT:USDT,0.04607,12539,0.04606,2970,0.04608,1143,0.04609,5623
1753600206134,07:10:06.134,mexc,ACT/USDT:USDT,0.04607,12539,0.04606,2970,0.04608,1143,0.04609,6731
1753600206340,07:10:06.340,mexc,ACT/USDT:USDT,0.04607,12539,0.04606,2404,0.04608,1143,0.04609,6731
1753600206634,07:10:06.634,mexc,ACT/USDT:USDT,0.04607,12539,0.04606,2404,0.04608,1143,0.04609,6513
1753600206840,07:10:06.840,mexc,ACT/USDT:USDT,0.04607,12539,0.04606,3482,0.04608,1143,0.04609,6513
1753600207132,07:10:07.132,mexc,ACT/USDT:USDT,0.04607,12539,0.04606,3482,0.04608,1143,0.04609,5623
1753600207340,07:10:07.340,mexc,ACT/USDT:USDT,0.04607,12539,0.04606,3331,0.04608,1143,0.04609,5623
1753600207681,07:10:07.681,mexc,ACT/USDT:USDT,0.04607,12539,0.04606,3331,0.04608,1143,0.04609,5623
1753600207840,07:10:07.840,mexc,ACT/USDT:USDT,0.04607,12539,0.04606,2994,0.04608,1143,0.04609,5623
1753600208085,07:10:08.085,mexc,ACT/USDT:USDT,0.04607,12539,0.04606,2994,0.04608,1143,0.04609,5623
1753600208243,07:10:08.243,mexc,ACT/USDT:USDT,0.04607,12539,0.04606,2404,0.04608,1143,0.04609,5623
1753600208341,07:10:08.341,mexc,ACT/USDT:USDT,0.04607,12539,0.04606,3805,0.04608,1143,0.04609,5623
1753600208743,07:10:08.743,mexc,ACT/USDT:USDT,0.04607,12539,0.04606,3161,0.04608,1143,0.04609,10908
1753600208839,07:10:08.839,mexc,ACT/USDT:USDT,0.04607,12539,0.04606,4424,0.04608,1143,0.04609,10908
1753600209183,07:10:09.183,mexc,ACT/USDT:USDT,0.04607,12539,0.04606,4424,0.04608,1143,0.04609,5623
1753600209340,07:10:09.340,mexc,ACT/USDT:USDT,0.04607,12539,0.04606,2404,0.04608,1143,0.04609,5623
1753600209584,07:10:09.584,mexc,ACT/USDT:USDT,0.04607,12539,0.04606,2404,0.04608,1143,0.04609,5623
1753600209743,07:10:09.743,mexc,ACT/USDT:USDT,0.04607,12539,0.04606,2404,0.04608,1143,0.04609,5623
1753600209841,07:10:09.841,mexc,ACT/USDT:USDT,0.04607,12539,0.04606,2404,0.04608,1143,0.04609,5623
1753600210244,07:10:10.244,mexc,ACT/USDT:USDT,0.04607,12539,0.04606,2404,0.04608,1143,0.04609,6197
1753600210341,07:10:10.341,mexc,ACT/USDT:USDT,0.04607,12539,0.04606,2404,0.04608,1143,0.04609,6197
1753600210683,07:10:10.683,mexc,ACT/USDT:USDT,0.04607,12539,0.04606,2404,0.04608,1143,0.04609,5623
1753600210842,07:10:10.842,mexc,ACT/USDT:USDT,0.04604,12786,0.04603,18243,0.04605,5276,0.04606,5594
1753600211186,07:10:11.186,mexc,ACT/USDT:USDT,0.04604,12786,0.04603,18243,0.04605,5276,0.04606,5594
1753600211342,07:10:11.342,mexc,ACT/USDT:USDT,0.04604,12786,0.04603,15427,0.04605,5276,0.04606,5594
1753600211588,07:10:11.588,mexc,ACT/USDT:USDT,0.04604,12786,0.04603,15427,0.04605,5276,0.04606,5594
1753600211746,07:10:11.746,mexc,ACT/USDT:USDT,0.04604,12786,0.04603,15427,0.04605,5276,0.04606,7326
1753600211843,07:10:11.843,mexc,ACT/USDT:USDT,0.04604,12786,0.04603,15427,0.04605,5276,0.04606,7326
1753600212247,07:10:12.247,mexc,ACT/USDT:USDT,0.04604,12786,0.04603,15427,0.04605,5276,0.04606,5594
1753600212343,07:10:12.343,mexc,ACT/USDT:USDT,0.04604,12786,0.04603,15427,0.04605,5276,0.04606,5594
1753600212682,07:10:12.682,mexc,ACT/USDT:USDT,0.04604,12786,0.04603,15427,0.04605,5276,0.04606,5594
1753600212843,07:10:12.843,mexc,ACT/USDT:USDT,0.04604,12786,0.04603,15427,0.04605,5276,0.04606,5594
1753600213086,07:10:13.086,mexc,ACT/USDT:USDT,0.04604,12786,0.04603,15427,0.04605,5276,0.04606,5594
1753600213246,07:10:13.246,mexc,ACT/USDT:USDT,0.04604,12786,0.04603,15427,0.04605,5276,0.04606,5594
1753600213342,07:10:13.342,mexc,ACT/USDT:USDT,0.04604,12786,0.04603,17372,0.04605,5276,0.04606,5594
1753600213686,07:10:13.686,mexc,ACT/USDT:USDT,0.04601,11260,0.046,17895,0.04603,1782,0.04604,6358
1753600213844,07:10:13.844,mexc,ACT/USDT:USDT,0.04601,11260,0.046,17895,0.04603,1782,0.04604,6358
1753600214246,07:10:14.246,mexc,ACT/USDT:USDT,0.04601,11260,0.046,17895,0.04603,1782,0.04604,6358
1753600214364,07:10:14.364,mexc,ACT/USDT:USDT,0.04601,11260,0.046,18854,0.04603,1782,0.04604,6358
1753600214686,07:10:14.686,mexc,ACT/USDT:USDT,0.04601,11260,0.046,18854,0.04603,1782,0.04604,8311
1753600214844,07:10:14.844,mexc,ACT/USDT:USDT,0.04601,11260,0.046,17895,0.04603,1782,0.04604,8311
1753600215087,07:10:15.087,mexc,ACT/USDT:USDT,0.04601,11260,0.046,17895,0.04603,1782,0.04604,6358
1753600215246,07:10:15.246,mexc,ACT/USDT:USDT,0.04601,11260,0.046,17895,0.04603,1782,0.04604,6358
1753600215344,07:10:15.344,mexc,ACT/USDT:USDT,0.04601,11260,0.046,17895,0.04603,1782,0.04604,6358
1753600215747,07:10:15.747,mexc,ACT/USDT:USDT,0.04601,11260,0.046,17895,0.04603,1782,0.04604,6358
1753600215844,07:10:15.844,mexc,ACT/USDT:USDT,0.04601,11260,0.046,18333,0.04603,1782,0.04604,6358
1753600216185,07:10:16.185,mexc,ACT/USDT:USDT,0.04601,11260,0.046,18333,0.04603,1782,0.04604,8522
1753600216344,07:10:16.344,mexc,ACT/USDT:USDT,0.04601,11260,0.046,17895,0.04603,1782,0.04604,8522
1753600216437,07:10:16.437,mexc,ACT/USDT:USDT,0.04604,6959,0.04603,8815,0.04605,5276,0.04606,5594
1753600216845,07:10:16.845,mexc,ACT/USDT:USDT,0.04604,6959,0.04603,12004,0.04605,5276,0.04606,5594
1753600216845,07:10:16.845,mexc,ACT/USDT:USDT,0.04604,6959,0.04603,14054,0.04605,5276,0.04606,5594
1753600217248,07:10:17.248,mexc,ACT/USDT:USDT,0.04604,6959,0.04603,10865,0.04605,5276,0.04606,5594
1753600217344,07:10:17.344,mexc,ACT/USDT:USDT,0.04604,6959,0.04603,8815,0.04605,5276,0.04606,5594
1753600217686,07:10:17.686,mexc,ACT/USDT:USDT,0.04604,6959,0.04603,8815,0.04605,5276,0.04606,5594
1753600217846,07:10:17.846,mexc,ACT/USDT:USDT,0.04604,6959,0.04603,8815,0.04605,5276,0.04606,5594
1753600218090,07:10:18.090,mexc,ACT/USDT:USDT,0.04604,6959,0.04603,8815,0.04605,5276,0.04606,5594
1753600218280,07:10:18.280,mexc,ACT/USDT:USDT,0.04604,6959,0.04603,8815,0.04605,5276,0.04606,5594
1753600218352,07:10:18.352,mexc,ACT/USDT:USDT,0.04604,6959,0.04603,11166,0.04605,5276,0.04606,5594
1753600218750,07:10:18.750,mexc,ACT/USDT:USDT,0.04604,6959,0.04603,8815,0.04605,5276,0.04606,8394
1753600218845,07:10:18.845,mexc,ACT/USDT:USDT,0.04604,6959,0.04603,8815,0.04605,5276,0.04606,8394
1753600219248,07:10:19.248,mexc,ACT/USDT:USDT,0.04604,6959,0.04603,8815,0.04605,5276,0.04606,5594
1753600219344,07:10:19.344,mexc,ACT/USDT:USDT,0.04604,6959,0.04603,8815,0.04605,5276,0.04606,5594
1753600219688,07:10:19.688,mexc,ACT/USDT:USDT,0.04604,6959,0.04603,8815,0.04605,5276,0.04606,5594
1753600219846,07:10:19.846,mexc,ACT/USDT:USDT,0.04604,6959,0.04603,12596,0.04605,5276,0.04606,5594
1753600220097,07:10:20.097,mexc,ACT/USDT:USDT,0.04604,6959,0.04603,12596,0.04605,5276,0.04606,5594
1753600220264,07:10:20.264,mexc,ACT/USDT:USDT,0.04604,6959,0.04603,8815,0.04605,5276,0.04606,6977
