timestamp,time,exchange,symbol,bid1_price,bid1_volume,bid2_price,bid2_volume,ask1_price,ask1_volume,ask2_price,ask2_volume
1753599991857,07:06:31.857,phemex,AERO/USDT:USDT,0.8993,64.0,0.899,165.0,0.8997,832.0,0.8998,163.0
1753599992104,07:06:32.104,phemex,AERO/USDT:USDT,0.8993,64.0,0.899,165.0,0.8997,832.0,0.8998,163.0
1753599992379,07:06:32.379,phemex,AERO/USDT:USDT,0.8994,64.0,0.8993,138.0,0.8997,886.0,0.8998,163.0
1753599994992,07:06:34.992,phemex,AERO/USDT:USDT,0.8994,64.0,0.8993,138.0,0.8997,886.0,0.8998,163.0
1753599994998,07:06:34.998,phemex,AERO/USDT:USDT,0.8994,64.0,0.8993,138.0,0.8997,886.0,0.8998,163.0
1753599996038,07:06:36.038,phemex,AERO/USDT:USDT,0.8994,64.0,0.8993,138.0,0.8997,886.0,0.8998,163.0
1753599996191,07:06:36.191,phemex,AERO/USDT:USDT,0.8994,64.0,0.8993,138.0,0.8997,886.0,0.8998,163.0
1753599996229,07:06:36.229,phemex,AERO/USDT:USDT,0.8994,64.0,0.8993,138.0,0.8997,886.0,0.8998,163.0
1753599997857,07:06:37.857,phemex,AERO/USDT:USDT,0.8994,60.0,0.8993,138.0,0.8997,886.0,0.8998,163.0
1753599998891,07:06:38.891,phemex,AERO/USDT:USDT,0.8994,60.0,0.8993,138.0,0.8997,886.0,0.8998,163.0
1753600000421,07:06:40.421,phemex,AERO/USDT:USDT,0.8994,60.0,0.8993,138.0,0.8997,886.0,0.8998,163.0
1753600000456,07:06:40.456,phemex,AERO/USDT:USDT,0.8994,60.0,0.8993,138.0,0.8997,886.0,0.8998,163.0
1753600000529,07:06:40.529,phemex,AERO/USDT:USDT,0.8994,60.0,0.8993,138.0,0.8997,54.0,0.8998,163.0
1753600000559,07:06:40.559,phemex,AERO/USDT:USDT,0.8994,60.0,0.8993,138.0,0.8997,54.0,0.8998,995.0
1753600000572,07:06:40.572,phemex,AERO/USDT:USDT,0.8994,60.0,0.8993,138.0,0.8997,54.0,0.8998,995.0
1753600000612,07:06:40.612,phemex,AERO/USDT:USDT,0.8994,60.0,0.8993,138.0,0.8997,54.0,0.8998,995.0
1753600000685,07:06:40.685,phemex,AERO/USDT:USDT,0.8994,60.0,0.8993,138.0,0.8997,54.0,0.8998,995.0
1753600000743,07:06:40.743,phemex,AERO/USDT:USDT,0.8994,60.0,0.8993,138.0,0.8997,54.0,0.8998,995.0
1753600000781,07:06:40.781,phemex,AERO/USDT:USDT,0.8994,60.0,0.8993,138.0,0.8997,54.0,0.8998,995.0
1753600000804,07:06:40.804,phemex,AERO/USDT:USDT,0.8994,60.0,0.8993,138.0,0.8997,54.0,0.8998,995.0
1753600000844,07:06:40.844,phemex,AERO/USDT:USDT,0.8994,60.0,0.8993,138.0,0.8997,54.0,0.8998,995.0
1753600000880,07:06:40.880,phemex,AERO/USDT:USDT,0.8994,60.0,0.8993,138.0,0.8997,54.0,0.8998,995.0
1753600000961,07:06:40.961,phemex,AERO/USDT:USDT,0.8994,60.0,0.8993,138.0,0.8997,54.0,0.8998,995.0
1753600003830,07:06:43.830,phemex,AERO/USDT:USDT,0.8994,60.0,0.8993,138.0,0.8997,54.0,0.8998,995.0
1753600006874,07:06:46.874,phemex,AERO/USDT:USDT,0.8994,60.0,0.8993,138.0,0.8997,54.0,0.8998,995.0
1753600007015,07:06:47.015,phemex,AERO/USDT:USDT,0.8994,60.0,0.8993,138.0,0.8997,54.0,0.8998,995.0
1753600007022,07:06:47.022,phemex,AERO/USDT:USDT,0.8994,60.0,0.8993,138.0,0.8997,54.0,0.8998,995.0
1753600007141,07:06:47.141,phemex,AERO/USDT:USDT,0.8994,60.0,0.8993,138.0,0.8997,54.0,0.8998,995.0
1753600008027,07:06:48.027,phemex,AERO/USDT:USDT,0.8994,60.0,0.8993,138.0,0.8997,54.0,0.8998,995.0
1753600009898,07:06:49.898,phemex,AERO/USDT:USDT,0.8994,54.0,0.8993,138.0,0.8997,54.0,0.8998,995.0
1753600011393,07:06:51.393,phemex,AERO/USDT:USDT,0.8994,54.0,0.8993,138.0,0.8997,54.0,0.8998,995.0
1753600011398,07:06:51.398,phemex,AERO/USDT:USDT,0.8994,54.0,0.8993,138.0,0.8997,54.0,0.8998,995.0
1753600011398,07:06:51.398,phemex,AERO/USDT:USDT,0.8994,54.0,0.8993,138.0,0.8997,54.0,0.8998,995.0
1753600012747,07:06:52.747,phemex,AERO/USDT:USDT,0.8994,54.0,0.8993,138.0,0.8997,54.0,0.8998,995.0
1753600012825,07:06:52.825,phemex,AERO/USDT:USDT,0.8994,54.0,0.8993,138.0,0.8997,54.0,0.8998,163.0
1753600012835,07:06:52.835,phemex,AERO/USDT:USDT,0.8994,54.0,0.8993,138.0,0.8997,886.0,0.8998,163.0
1753600015497,07:06:55.497,phemex,AERO/USDT:USDT,0.8994,54.0,0.8993,138.0,0.8997,886.0,0.8998,163.0
1753600015831,07:06:55.831,phemex,AERO/USDT:USDT,0.8994,54.0,0.8993,138.0,0.8996,832.0,0.8997,54.0
1753600016192,07:06:56.192,phemex,AERO/USDT:USDT,0.8994,54.0,0.8993,138.0,0.8996,832.0,0.8997,54.0
1753600016224,07:06:56.224,phemex,AERO/USDT:USDT,0.8994,54.0,0.8993,138.0,0.8996,832.0,0.8997,54.0
1753600019583,07:06:59.583,phemex,AERO/USDT:USDT,0.8994,54.0,0.8993,138.0,0.8995,73.0,0.8996,832.0
1753600019679,07:06:59.679,phemex,AERO/USDT:USDT,0.8994,54.0,0.8993,138.0,0.8996,832.0,0.8997,54.0
1753600021001,07:07:01.001,phemex,AERO/USDT:USDT,0.8994,54.0,0.8993,138.0,0.8996,832.0,0.8997,54.0
1753600021826,07:07:01.826,phemex,AERO/USDT:USDT,0.8994,54.0,0.8993,138.0,0.8997,54.0,0.8998,163.0
1753600021832,07:07:01.832,phemex,AERO/USDT:USDT,0.8994,54.0,0.8993,138.0,0.8997,886.0,0.8998,163.0
1753600022923,07:07:02.923,phemex,AERO/USDT:USDT,0.8994,54.0,0.8993,138.0,0.8997,886.0,0.8998,163.0
1753600023923,07:07:03.923,phemex,AERO/USDT:USDT,0.8994,54.0,0.8993,138.0,0.8997,886.0,0.8998,163.0
1753600023983,07:07:03.983,phemex,AERO/USDT:USDT,0.8994,54.0,0.8993,138.0,0.8997,886.0,0.8998,163.0
1753600024139,07:07:04.139,phemex,AERO/USDT:USDT,0.8994,54.0,0.8993,138.0,0.8997,886.0,0.8998,163.0
1753600024830,07:07:04.830,phemex,AERO/USDT:USDT,0.8994,54.0,0.8993,138.0,0.8997,886.0,0.8998,163.0
1753600027456,07:07:07.456,phemex,AERO/USDT:USDT,0.8994,54.0,0.8993,138.0,0.8997,967.0,0.8998,163.0
1753600027527,07:07:07.527,phemex,AERO/USDT:USDT,0.8994,54.0,0.8993,138.0,0.8997,913.0,0.8998,163.0
1753600028304,07:07:08.304,phemex,AERO/USDT:USDT,0.8994,54.0,0.8993,138.0,0.8997,913.0,0.8998,163.0
1753600028315,07:07:08.315,phemex,AERO/USDT:USDT,0.8994,54.0,0.8993,138.0,0.8997,913.0,0.8998,163.0
1753600029291,07:07:09.291,phemex,AERO/USDT:USDT,0.8994,54.0,0.8993,138.0,0.8997,913.0,0.8998,163.0
1753600029553,07:07:09.553,phemex,AERO/USDT:USDT,0.8993,138.0,0.8992,82.0,0.8997,913.0,0.8998,163.0
1753600032599,07:07:12.599,phemex,AERO/USDT:USDT,0.8993,138.0,0.8992,82.0,0.8997,913.0,0.8998,163.0
1753600033569,07:07:13.569,phemex,AERO/USDT:USDT,0.8993,138.0,0.8992,82.0,0.8996,50.0,0.8997,913.0
1753600033581,07:07:13.581,phemex,AERO/USDT:USDT,0.8993,138.0,0.8992,82.0,0.8996,50.0,0.8997,81.0
1753600033606,07:07:13.606,phemex,AERO/USDT:USDT,0.8993,138.0,0.8992,82.0,0.8996,882.0,0.8997,81.0
1753600033728,07:07:13.728,phemex,AERO/USDT:USDT,0.8992,82.0,0.899,63.0,0.8996,882.0,0.8997,81.0
1753600033766,07:07:13.766,phemex,AERO/USDT:USDT,0.8992,82.0,0.899,63.0,0.8996,882.0,0.8997,81.0
1753600035450,07:07:15.450,phemex,AERO/USDT:USDT,0.8992,62.0,0.899,63.0,0.8996,882.0,0.8997,81.0
1753600036829,07:07:16.829,phemex,AERO/USDT:USDT,0.8992,62.0,0.899,63.0,0.8996,882.0,0.8997,81.0
1753600037393,07:07:17.393,phemex,AERO/USDT:USDT,0.8992,62.0,0.899,63.0,0.8996,882.0,0.8997,81.0
1753600037401,07:07:17.401,phemex,AERO/USDT:USDT,0.8992,62.0,0.899,63.0,0.8996,882.0,0.8997,81.0
1753600038017,07:07:18.017,phemex,AERO/USDT:USDT,0.8992,62.0,0.899,63.0,0.8996,882.0,0.8997,81.0
1753600039831,07:07:19.831,phemex,AERO/USDT:USDT,0.8992,62.0,0.899,63.0,0.8996,50.0,0.8997,81.0
1753600039832,07:07:19.832,phemex,AERO/USDT:USDT,0.8992,62.0,0.899,63.0,0.8995,832.0,0.8996,50.0
1753600041983,07:07:21.983,phemex,AERO/USDT:USDT,0.8992,62.0,0.899,63.0,0.8995,832.0,0.8996,102.0
1753600042193,07:07:22.193,phemex,AERO/USDT:USDT,0.8992,62.0,0.899,63.0,0.8995,832.0,0.8996,102.0
1753600042202,07:07:22.202,phemex,AERO/USDT:USDT,0.8992,62.0,0.899,63.0,0.8995,832.0,0.8996,102.0
1753600042352,07:07:22.352,phemex,AERO/USDT:USDT,0.8991,124.0,0.899,63.0,0.8995,832.0,0.8996,102.0
1753600042424,07:07:22.424,phemex,AERO/USDT:USDT,0.8991,124.0,0.899,63.0,0.8995,832.0,0.8996,102.0
1753600042443,07:07:22.443,phemex,AERO/USDT:USDT,0.8991,124.0,0.899,63.0,0.8995,832.0,0.8996,102.0
1753600043593,07:07:23.593,phemex,AERO/USDT:USDT,0.8989,58.0,0.8988,49.0,0.8995,832.0,0.8996,102.0
1753600043606,07:07:23.606,phemex,AERO/USDT:USDT,0.8989,58.0,0.8988,49.0,0.8995,832.0,0.8996,102.0
1753600046999,07:07:26.999,phemex,AERO/USDT:USDT,0.8989,58.0,0.8988,49.0,0.8995,832.0,0.8996,102.0
1753600047512,07:07:27.512,phemex,AERO/USDT:USDT,0.8989,58.0,0.8988,49.0,0.8995,832.0,0.8996,102.0
1753600047851,07:07:27.851,phemex,AERO/USDT:USDT,0.8989,53.0,0.8988,49.0,0.8995,832.0,0.8996,102.0
1753600048497,07:07:28.497,phemex,AERO/USDT:USDT,0.8989,53.0,0.8988,49.0,0.8992,142.0,0.8994,59.0
1753600048512,07:07:28.512,phemex,AERO/USDT:USDT,0.8989,53.0,0.8988,49.0,0.8992,142.0,0.8994,59.0
1753600048518,07:07:28.518,phemex,AERO/USDT:USDT,0.8989,53.0,0.8988,49.0,0.8992,142.0,0.8994,59.0
1753600051795,07:07:31.795,phemex,AERO/USDT:USDT,0.8989,53.0,0.8988,49.0,0.8992,142.0,0.8994,59.0
1753600051831,07:07:31.831,phemex,AERO/USDT:USDT,0.8989,53.0,0.8988,49.0,0.8992,142.0,0.8994,59.0
1753600051834,07:07:31.834,phemex,AERO/USDT:USDT,0.8989,53.0,0.8988,49.0,0.8992,142.0,0.8993,832.0
1753600052274,07:07:32.274,phemex,AERO/USDT:USDT,0.8989,53.0,0.8988,49.0,0.8992,142.0,0.8993,832.0
1753600052312,07:07:32.312,phemex,AERO/USDT:USDT,0.8989,53.0,0.8988,49.0,0.8992,142.0,0.8993,832.0
1753600052432,07:07:32.432,phemex,AERO/USDT:USDT,0.8989,53.0,0.8988,49.0,0.8992,142.0,0.8993,832.0
1753600055414,07:07:35.414,phemex,AERO/USDT:USDT,0.899,78.0,0.8989,53.0,0.8992,47.0,0.8993,905.0
1753600056014,07:07:36.014,phemex,AERO/USDT:USDT,0.899,78.0,0.8989,53.0,0.8992,47.0,0.8993,905.0
1753600057447,07:07:37.447,phemex,AERO/USDT:USDT,0.899,78.0,0.8989,53.0,0.8992,47.0,0.8993,905.0
1753600057491,07:07:37.491,phemex,AERO/USDT:USDT,0.899,78.0,0.8989,53.0,0.8992,47.0,0.8993,905.0
1753600057825,07:07:37.825,phemex,AERO/USDT:USDT,0.899,78.0,0.8989,53.0,0.8992,47.0,0.8993,905.0
1753600057839,07:07:37.839,phemex,AERO/USDT:USDT,0.899,78.0,0.8989,53.0,0.8992,47.0,0.8993,905.0
1753600059464,07:07:39.464,phemex,AERO/USDT:USDT,0.899,78.0,0.8989,53.0,0.8993,905.0,0.8994,112.0
1753600060825,07:07:40.825,phemex,AERO/USDT:USDT,0.899,78.0,0.8989,53.0,0.8993,905.0,0.8994,112.0
1753600060830,07:07:40.830,phemex,AERO/USDT:USDT,0.899,78.0,0.8989,53.0,0.8993,905.0,0.8994,112.0
1753600060902,07:07:40.902,phemex,AERO/USDT:USDT,0.899,68.0,0.8989,53.0,0.8993,905.0,0.8994,112.0
1753600062002,07:07:42.002,phemex,AERO/USDT:USDT,0.899,68.0,0.8989,53.0,0.8993,905.0,0.8994,112.0
1753600063830,07:07:43.830,phemex,AERO/USDT:USDT,0.899,68.0,0.8989,53.0,0.8993,905.0,0.8994,112.0
1753600066801,07:07:46.801,phemex,AERO/USDT:USDT,0.899,68.0,0.8989,53.0,0.8993,905.0,0.8994,112.0
1753600066829,07:07:46.829,phemex,AERO/USDT:USDT,0.899,68.0,0.8989,53.0,0.8993,905.0,0.8994,112.0
1753600069737,07:07:49.737,phemex,AERO/USDT:USDT,0.899,68.0,0.8989,53.0,0.8993,905.0,0.8994,112.0
1753600071985,07:07:51.985,phemex,AERO/USDT:USDT,0.899,68.0,0.8989,53.0,0.8993,905.0,0.8994,112.0
1753600072289,07:07:52.289,phemex,AERO/USDT:USDT,0.899,68.0,0.8989,53.0,0.8993,905.0,0.8994,112.0
1753600072289,07:07:52.289,phemex,AERO/USDT:USDT,0.899,68.0,0.8989,53.0,0.8993,905.0,0.8994,112.0
1753600072831,07:07:52.831,phemex,AERO/USDT:USDT,0.899,68.0,0.8989,53.0,0.8993,905.0,0.8994,112.0
1753600075830,07:07:55.830,phemex,AERO/USDT:USDT,0.899,68.0,0.8989,53.0,0.8993,905.0,0.8994,112.0
1753600076594,07:07:56.594,phemex,AERO/USDT:USDT,0.899,68.0,0.8989,53.0,0.8993,905.0,0.8994,112.0
1753600076805,07:07:56.805,phemex,AERO/USDT:USDT,0.899,68.0,0.8989,53.0,0.8993,905.0,0.8994,112.0
1753600081400,07:08:01.400,phemex,AERO/USDT:USDT,0.899,68.0,0.8989,53.0,0.8993,905.0,0.8994,112.0
1753600081831,07:08:01.831,phemex,AERO/USDT:USDT,0.899,68.0,0.8989,53.0,0.8993,905.0,0.8994,112.0
1753600082629,07:08:02.629,phemex,AERO/USDT:USDT,0.8987,71.0,0.8985,298.0,0.8993,905.0,0.8994,112.0
1753600082647,07:08:02.647,phemex,AERO/USDT:USDT,0.8987,71.0,0.8986,73.0,0.8993,73.0,0.8994,112.0
1753600082669,07:08:02.669,phemex,AERO/USDT:USDT,0.8987,71.0,0.8986,73.0,0.8993,73.0,0.8994,112.0
1753600082694,07:08:02.694,phemex,AERO/USDT:USDT,0.8987,71.0,0.8986,73.0,0.8992,832.0,0.8993,73.0
1753600082952,07:08:02.952,phemex,AERO/USDT:USDT,0.8987,71.0,0.8986,73.0,0.8992,832.0,0.8993,73.0
1753600083019,07:08:03.019,phemex,AERO/USDT:USDT,0.8987,71.0,0.8986,73.0,0.8992,832.0,0.8993,73.0
1753600083127,07:08:03.127,phemex,AERO/USDT:USDT,0.8987,71.0,0.8986,73.0,0.8992,832.0,0.8993,73.0
1753600083312,07:08:03.312,phemex,AERO/USDT:USDT,0.8987,71.0,0.8986,73.0,0.899,73.0,0.8991,66.0
1753600083328,07:08:03.328,phemex,AERO/USDT:USDT,0.8987,71.0,0.8986,73.0,0.899,70.0,0.8991,66.0
1753600083560,07:08:03.560,phemex,AERO/USDT:USDT,0.8987,71.0,0.8986,73.0,0.8991,78.0,0.8992,907.0
1753600086016,07:08:06.016,phemex,AERO/USDT:USDT,0.8987,71.0,0.8986,73.0,0.8991,78.0,0.8992,907.0
1753600086204,07:08:06.204,phemex,AERO/USDT:USDT,0.8987,71.0,0.8986,73.0,0.8991,78.0,0.8992,907.0
1753600088280,07:08:08.280,phemex,AERO/USDT:USDT,0.8988,71.0,0.8987,71.0,0.8991,78.0,0.8992,907.0
1753600088312,07:08:08.312,phemex,AERO/USDT:USDT,0.8988,71.0,0.8987,71.0,0.8992,124.0,0.8993,74.0
1753600088333,07:08:08.333,phemex,AERO/USDT:USDT,0.8988,71.0,0.8987,71.0,0.8992,124.0,0.8993,74.0
1753600088340,07:08:08.340,phemex,AERO/USDT:USDT,0.8988,71.0,0.8987,71.0,0.8992,124.0,0.8993,74.0
1753600088443,07:08:08.443,phemex,AERO/USDT:USDT,0.8988,71.0,0.8987,71.0,0.8994,52.0,0.8995,66.0
1753600088465,07:08:08.465,phemex,AERO/USDT:USDT,0.8988,71.0,0.8987,71.0,0.8994,52.0,0.8995,66.0
1753600088477,07:08:08.477,phemex,AERO/USDT:USDT,0.8988,71.0,0.8987,71.0,0.8994,52.0,0.8995,66.0
1753600088615,07:08:08.615,phemex,AERO/USDT:USDT,0.8988,71.0,0.8987,71.0,0.8994,52.0,0.8995,66.0
1753600088619,07:08:08.619,phemex,AERO/USDT:USDT,0.8988,71.0,0.8987,71.0,0.8994,52.0,0.8995,66.0
1753600088808,07:08:08.808,phemex,AERO/USDT:USDT,0.8988,71.0,0.8987,71.0,0.8995,72.0,0.8996,44.0
1753600088818,07:08:08.818,phemex,AERO/USDT:USDT,0.8988,71.0,0.8987,71.0,0.8995,72.0,0.8996,44.0
1753600089247,07:08:09.247,phemex,AERO/USDT:USDT,0.8988,71.0,0.8987,71.0,0.8995,72.0,0.8996,44.0
1753600090994,07:08:10.994,phemex,AERO/USDT:USDT,0.8988,71.0,0.8987,71.0,0.8995,72.0,0.8996,44.0
1753600091004,07:08:11.004,phemex,AERO/USDT:USDT,0.8988,71.0,0.8987,71.0,0.8995,72.0,0.8996,44.0
1753600092011,07:08:12.011,phemex,AERO/USDT:USDT,0.8988,71.0,0.8987,71.0,0.8995,72.0,0.8996,44.0
1753600092670,07:08:12.670,phemex,AERO/USDT:USDT,0.8988,71.0,0.8987,71.0,0.8995,52.0,0.8996,44.0
1753600093435,07:08:13.435,phemex,AERO/USDT:USDT,0.8988,57.0,0.8987,71.0,0.8995,52.0,0.8996,44.0
1753600093831,07:08:13.831,phemex,AERO/USDT:USDT,0.8988,57.0,0.8987,71.0,0.8995,52.0,0.8996,44.0
1753600095794,07:08:15.794,phemex,AERO/USDT:USDT,0.8988,57.0,0.8987,71.0,0.8995,52.0,0.8996,44.0
1753600096086,07:08:16.086,phemex,AERO/USDT:USDT,0.8988,57.0,0.8987,71.0,0.8995,52.0,0.8996,44.0
1753600096470,07:08:16.470,phemex,AERO/USDT:USDT,0.8988,57.0,0.8987,71.0,0.8995,52.0,0.8996,44.0
1753600096827,07:08:16.827,phemex,AERO/USDT:USDT,0.8988,57.0,0.8987,71.0,0.8995,52.0,0.8996,44.0
1753600096834,07:08:16.834,phemex,AERO/USDT:USDT,0.8988,57.0,0.8987,71.0,0.8995,52.0,0.8996,44.0
1753600099828,07:08:19.828,phemex,AERO/USDT:USDT,0.8988,57.0,0.8987,71.0,0.8995,52.0,0.8996,44.0
1753600099834,07:08:19.834,phemex,AERO/USDT:USDT,0.8988,57.0,0.8987,71.0,0.8995,884.0,0.8996,44.0
1753600099838,07:08:19.838,phemex,AERO/USDT:USDT,0.8988,57.0,0.8987,71.0,0.8995,884.0,0.8996,44.0
1753600101248,07:08:21.248,phemex,AERO/USDT:USDT,0.8994,124.0,0.8993,75.0,0.8995,884.0,0.8996,44.0
1753600101360,07:08:21.360,phemex,AERO/USDT:USDT,0.8994,124.0,0.8993,75.0,0.8995,884.0,0.8996,44.0
1753600101480,07:08:21.480,phemex,AERO/USDT:USDT,0.8994,124.0,0.8993,75.0,0.8995,884.0,0.8996,44.0
1753600101599,07:08:21.599,phemex,AERO/USDT:USDT,0.8994,124.0,0.8993,75.0,0.8995,884.0,0.8996,44.0
1753600102600,07:08:22.600,phemex,AERO/USDT:USDT,0.8991,59.0,0.8988,656.0,0.8995,884.0,0.8996,44.0
1753600104010,07:08:24.010,phemex,AERO/USDT:USDT,0.8991,59.0,0.8988,656.0,0.8995,884.0,0.8996,44.0
1753600106050,07:08:26.050,phemex,AERO/USDT:USDT,0.8991,59.0,0.8988,656.0,0.8995,884.0,0.8996,44.0
1753600106082,07:08:26.082,phemex,AERO/USDT:USDT,0.8991,59.0,0.8988,656.0,0.8995,884.0,0.8996,44.0
1753600110813,07:08:30.813,phemex,AERO/USDT:USDT,0.8991,59.0,0.8988,656.0,0.8995,884.0,0.8996,44.0
1753600110824,07:08:30.824,phemex,AERO/USDT:USDT,0.8994,156.0,0.8992,56.0,0.8995,884.0,0.8996,44.0
1753600110860,07:08:30.860,phemex,AERO/USDT:USDT,0.8994,156.0,0.8992,56.0,0.8995,884.0,0.8996,44.0
1753600110988,07:08:30.988,phemex,AERO/USDT:USDT,0.8992,56.0,0.8991,59.0,0.8995,884.0,0.8996,44.0
1753600111018,07:08:31.018,phemex,AERO/USDT:USDT,0.8992,56.0,0.8991,59.0,0.8995,884.0,0.8996,44.0
1753600111165,07:08:31.165,phemex,AERO/USDT:USDT,0.8992,56.0,0.8991,59.0,0.8995,52.0,0.8996,44.0
1753600111222,07:08:31.222,phemex,AERO/USDT:USDT,0.8992,56.0,0.8991,59.0,0.8997,145.0,0.8998,877.0
1753600111229,07:08:31.229,phemex,AERO/USDT:USDT,0.8992,56.0,0.8991,59.0,0.8997,145.0,0.8998,877.0
1753600111321,07:08:31.321,phemex,AERO/USDT:USDT,0.8992,56.0,0.8991,59.0,0.8997,145.0,0.8998,877.0
1753600111662,07:08:31.662,phemex,AERO/USDT:USDT,0.8992,56.0,0.8991,59.0,0.8997,145.0,0.8998,877.0
1753600114833,07:08:34.833,phemex,AERO/USDT:USDT,0.8992,56.0,0.8991,59.0,0.8997,145.0,0.8998,877.0
1753600116787,07:08:36.787,phemex,AERO/USDT:USDT,0.8992,56.0,0.8991,59.0,0.8996,68.0,0.8997,145.0
1753600120832,07:08:40.832,phemex,AERO/USDT:USDT,0.8992,56.0,0.8991,59.0,0.8996,68.0,0.8997,145.0
1753600120863,07:08:40.863,phemex,AERO/USDT:USDT,0.8992,56.0,0.8991,59.0,0.8996,900.0,0.8997,145.0
1753600120898,07:08:40.898,phemex,AERO/USDT:USDT,0.8992,56.0,0.8991,59.0,0.8996,900.0,0.8997,145.0
1753600120916,07:08:40.916,phemex,AERO/USDT:USDT,0.8992,56.0,0.8991,59.0,0.8996,900.0,0.8997,145.0
1753600121601,07:08:41.601,phemex,AERO/USDT:USDT,0.8992,56.0,0.8991,59.0,0.8996,900.0,0.8997,145.0
1753600121637,07:08:41.637,phemex,AERO/USDT:USDT,0.8992,56.0,0.8991,59.0,0.8996,900.0,0.8997,145.0
1753600122993,07:08:42.993,phemex,AERO/USDT:USDT,0.8995,181.0,0.8992,56.0,0.8996,832.0,0.8997,72.0
1753600123003,07:08:43.003,phemex,AERO/USDT:USDT,0.8995,181.0,0.8992,56.0,0.8997,72.0,0.8998,45.0
1753600123009,07:08:43.009,phemex,AERO/USDT:USDT,0.8995,181.0,0.8992,56.0,0.8997,72.0,0.8998,45.0
1753600123854,07:08:43.854,phemex,AERO/USDT:USDT,0.8995,181.0,0.8992,56.0,0.8997,32.0,0.8998,45.0
1753600124877,07:08:44.877,phemex,AERO/USDT:USDT,0.8993,71.0,0.8992,56.0,0.8997,864.0,0.8998,45.0
1753600128686,07:08:48.686,phemex,AERO/USDT:USDT,0.8993,71.0,0.8992,56.0,0.8997,857.0,0.8998,45.0
1753600129826,07:08:49.826,phemex,AERO/USDT:USDT,0.8993,71.0,0.8992,56.0,0.8997,857.0,0.8998,45.0
1753600129833,07:08:49.833,phemex,AERO/USDT:USDT,0.8993,71.0,0.8992,56.0,0.8997,857.0,0.8998,45.0
1753600129833,07:08:49.833,phemex,AERO/USDT:USDT,0.8993,71.0,0.8992,56.0,0.8997,857.0,0.8998,45.0
1753600132827,07:08:52.827,phemex,AERO/USDT:USDT,0.8993,71.0,0.8992,56.0,0.8997,857.0,0.8998,45.0
1753600132833,07:08:52.833,phemex,AERO/USDT:USDT,0.8993,71.0,0.8992,56.0,0.8997,857.0,0.8998,45.0
1753600132903,07:08:52.903,phemex,AERO/USDT:USDT,0.8993,71.0,0.8992,56.0,0.8997,885.0,0.8998,118.0
1753600132903,07:08:52.903,phemex,AERO/USDT:USDT,0.8993,71.0,0.8992,126.0,0.8997,885.0,0.8998,118.0
1753600133063,07:08:53.063,phemex,AERO/USDT:USDT,0.8993,71.0,0.8992,126.0,0.8997,885.0,0.8998,118.0
1753600133063,07:08:53.063,phemex,AERO/USDT:USDT,0.8993,71.0,0.8992,126.0,0.8997,885.0,0.8998,118.0
1753600133196,07:08:53.196,phemex,AERO/USDT:USDT,0.8993,71.0,0.8992,126.0,0.8997,885.0,0.8998,118.0
1753600133203,07:08:53.203,phemex,AERO/USDT:USDT,0.8993,71.0,0.8992,126.0,0.8997,885.0,0.8998,118.0
1753600135833,07:08:55.833,phemex,AERO/USDT:USDT,0.8993,71.0,0.8992,126.0,0.8997,885.0,0.8998,118.0
1753600136251,07:08:56.251,phemex,AERO/USDT:USDT,0.8993,71.0,0.8992,126.0,0.8997,881.0,0.8998,118.0
1753600136399,07:08:56.399,phemex,AERO/USDT:USDT,0.8993,71.0,0.8992,126.0,0.8998,73.0,0.8999,56.0
1753600136418,07:08:56.418,phemex,AERO/USDT:USDT,0.8993,71.0,0.8992,126.0,0.8998,73.0,0.8999,888.0
1753600136420,07:08:56.420,phemex,AERO/USDT:USDT,0.8993,71.0,0.8992,126.0,0.8998,73.0,0.8999,888.0
1753600137215,07:08:57.215,phemex,AERO/USDT:USDT,0.8993,71.0,0.8992,126.0,0.8998,73.0,0.8999,888.0
1753600138161,07:08:58.161,phemex,AERO/USDT:USDT,0.8997,76.0,0.8996,51.0,0.8999,832.0,0.9002,78.0
1753600138175,07:08:58.175,phemex,AERO/USDT:USDT,0.8997,76.0,0.8996,51.0,0.8999,832.0,0.9002,78.0
1753600138206,07:08:58.206,phemex,AERO/USDT:USDT,0.8997,76.0,0.8996,51.0,0.9002,78.0,0.9003,736.0
1753600138265,07:08:58.265,phemex,AERO/USDT:USDT,0.8997,76.0,0.8996,51.0,0.9001,832.0,0.9002,78.0
1753600138316,07:08:58.316,phemex,AERO/USDT:USDT,0.8997,76.0,0.8996,51.0,0.9001,832.0,0.9002,78.0
1753600138361,07:08:58.361,phemex,AERO/USDT:USDT,0.8997,76.0,0.8996,51.0,0.9001,832.0,0.9002,78.0
1753600140011,07:09:00.011,phemex,AERO/USDT:USDT,0.8997,76.0,0.8996,51.0,0.9001,832.0,0.9002,78.0
1753600140015,07:09:00.015,phemex,AERO/USDT:USDT,0.8997,76.0,0.8996,51.0,0.9001,832.0,0.9002,78.0
1753600140104,07:09:00.104,phemex,AERO/USDT:USDT,0.8997,76.0,0.8996,51.0,0.9001,832.0,0.9002,78.0
1753600141043,07:09:01.043,phemex,AERO/USDT:USDT,0.8997,70.0,0.8996,51.0,0.9001,832.0,0.9002,78.0
1753600141832,07:09:01.832,phemex,AERO/USDT:USDT,0.8997,70.0,0.8996,51.0,0.9001,832.0,0.9002,78.0
1753600142016,07:09:02.016,phemex,AERO/USDT:USDT,0.8997,70.0,0.8996,51.0,0.9001,832.0,0.9002,78.0
1753600143045,07:09:03.045,phemex,AERO/USDT:USDT,0.8997,70.0,0.8996,51.0,0.9002,78.0,0.9003,736.0
1753600143054,07:09:03.054,phemex,AERO/USDT:USDT,0.8997,70.0,0.8996,51.0,0.9002,78.0,0.9003,736.0
1753600146815,07:09:06.815,phemex,AERO/USDT:USDT,0.8997,70.0,0.8996,51.0,0.9002,78.0,0.9003,736.0
1753600147071,07:09:07.071,phemex,AERO/USDT:USDT,0.8998,61.0,0.8997,70.0,0.9001,55.0,0.9002,78.0
1753600147239,07:09:07.239,phemex,AERO/USDT:USDT,0.8998,61.0,0.8997,70.0,0.9001,55.0,0.9002,78.0
1753600147248,07:09:07.248,phemex,AERO/USDT:USDT,0.8998,61.0,0.8997,70.0,0.9001,55.0,0.9002,78.0
1753600150697,07:09:10.697,phemex,AERO/USDT:USDT,0.8998,52.0,0.8997,70.0,0.9001,55.0,0.9002,78.0
1753600150798,07:09:10.798,phemex,AERO/USDT:USDT,0.8998,52.0,0.8997,70.0,0.9001,117.0,0.9002,78.0
1753600150807,07:09:10.807,phemex,AERO/USDT:USDT,0.8998,52.0,0.8997,70.0,0.9001,117.0,0.9002,78.0
1753600150963,07:09:10.963,phemex,AERO/USDT:USDT,0.8998,52.0,0.8997,70.0,0.9001,117.0,0.9002,78.0
1753600151566,07:09:11.566,phemex,AERO/USDT:USDT,0.8998,52.0,0.8997,70.0,0.9003,128.0,0.9006,383.0
1753600151615,07:09:11.615,phemex,AERO/USDT:USDT,0.8998,52.0,0.8997,70.0,0.9003,128.0,0.9006,383.0
1753600151657,07:09:11.657,phemex,AERO/USDT:USDT,0.8998,52.0,0.8997,70.0,0.9003,128.0,0.9006,383.0
1753600151773,07:09:11.773,phemex,AERO/USDT:USDT,0.8998,52.0,0.8997,70.0,0.9003,128.0,0.9006,383.0
1753600151782,07:09:11.782,phemex,AERO/USDT:USDT,0.8998,52.0,0.8997,70.0,0.9003,128.0,0.9006,383.0
1753600151829,07:09:11.829,phemex,AERO/USDT:USDT,0.8998,52.0,0.8997,70.0,0.9003,128.0,0.9006,383.0
1753600151915,07:09:11.915,phemex,AERO/USDT:USDT,0.8998,52.0,0.8997,70.0,0.9003,128.0,0.9006,383.0
1753600152324,07:09:12.324,phemex,AERO/USDT:USDT,0.8998,52.0,0.8997,70.0,0.9003,128.0,0.9006,383.0
1753600152371,07:09:12.371,phemex,AERO/USDT:USDT,0.8998,103.0,0.8997,70.0,0.9003,128.0,0.9006,383.0
1753600152381,07:09:12.381,phemex,AERO/USDT:USDT,0.8998,103.0,0.8997,70.0,0.9003,128.0,0.9006,383.0
1753600152728,07:09:12.728,phemex,AERO/USDT:USDT,0.8998,103.0,0.8997,70.0,0.9003,128.0,0.9006,383.0
1753600152987,07:09:12.987,phemex,AERO/USDT:USDT,0.8998,103.0,0.8997,126.0,0.9003,128.0,0.9006,383.0
1753600153011,07:09:13.011,phemex,AERO/USDT:USDT,0.8998,31.0,0.8997,126.0,0.9003,128.0,0.9006,383.0
1753600153025,07:09:13.025,phemex,AERO/USDT:USDT,0.8998,31.0,0.8997,126.0,0.9003,128.0,0.9006,383.0
1753600153036,07:09:13.036,phemex,AERO/USDT:USDT,0.8998,31.0,0.8997,126.0,0.9003,128.0,0.9005,832.0
1753600155156,07:09:15.156,phemex,AERO/USDT:USDT,0.8998,31.0,0.8997,126.0,0.9003,118.0,0.9005,832.0
1753600155951,07:09:15.951,phemex,AERO/USDT:USDT,0.8998,31.0,0.8997,126.0,0.9002,832.0,0.9003,118.0
1753600156409,07:09:16.409,phemex,AERO/USDT:USDT,0.8998,31.0,0.8997,126.0,0.9002,832.0,0.9003,118.0
1753600156418,07:09:16.418,phemex,AERO/USDT:USDT,0.8998,31.0,0.8997,126.0,0.9002,832.0,0.9003,118.0
1753600156629,07:09:16.629,phemex,AERO/USDT:USDT,0.8998,31.0,0.8997,126.0,0.9,62.0,0.9001,75.0
1753600156690,07:09:16.690,phemex,AERO/USDT:USDT,0.8998,31.0,0.8997,126.0,0.9,62.0,0.9001,75.0
1753600157087,07:09:17.087,phemex,AERO/USDT:USDT,0.8998,31.0,0.8997,126.0,0.9,62.0,0.9001,75.0
1753600157645,07:09:17.645,phemex,AERO/USDT:USDT,0.8998,31.0,0.8997,126.0,0.9,62.0,0.9001,75.0
1753600157651,07:09:17.651,phemex,AERO/USDT:USDT,0.8998,31.0,0.8997,126.0,0.9,62.0,0.9001,75.0
1753600157778,07:09:17.778,phemex,AERO/USDT:USDT,0.8998,31.0,0.8997,126.0,0.9,894.0,0.9001,75.0
1753600160024,07:09:20.024,phemex,AERO/USDT:USDT,0.8998,31.0,0.8997,126.0,0.9,894.0,0.9001,75.0
1753600160820,07:09:20.820,phemex,AERO/USDT:USDT,0.8996,61.0,0.8993,265.0,0.9,894.0,0.9001,75.0
1753600160834,07:09:20.834,phemex,AERO/USDT:USDT,0.8996,61.0,0.8993,265.0,0.9,894.0,0.9001,75.0
1753600161211,07:09:21.211,phemex,AERO/USDT:USDT,0.8996,61.0,0.8993,265.0,0.9,894.0,0.9001,75.0
1753600161324,07:09:21.324,phemex,AERO/USDT:USDT,0.8996,61.0,0.8993,265.0,0.9,894.0,0.9001,75.0
1753600164764,07:09:24.764,phemex,AERO/USDT:USDT,0.8996,61.0,0.8993,265.0,0.9,894.0,0.9001,75.0
1753600165501,07:09:25.501,phemex,AERO/USDT:USDT,0.8996,61.0,0.8993,265.0,0.9,894.0,0.9001,75.0
1753600166019,07:09:26.019,phemex,AERO/USDT:USDT,0.8996,61.0,0.8993,265.0,0.9,894.0,0.9001,75.0
1753600166206,07:09:26.206,phemex,AERO/USDT:USDT,0.8996,61.0,0.8993,265.0,0.9,894.0,0.9001,75.0
1753600166693,07:09:26.693,phemex,AERO/USDT:USDT,0.8996,61.0,0.8993,265.0,0.9,894.0,0.9001,75.0
1753600167024,07:09:27.024,phemex,AERO/USDT:USDT,0.8996,61.0,0.8993,265.0,0.9,894.0,0.9001,75.0
1753600168138,07:09:28.138,phemex,AERO/USDT:USDT,0.8998,52.0,0.8996,61.0,0.9,894.0,0.9001,75.0
1753600168176,07:09:28.176,phemex,AERO/USDT:USDT,0.8998,52.0,0.8996,61.0,0.9,894.0,0.9001,75.0
1753600169329,07:09:29.329,phemex,AERO/USDT:USDT,0.8996,61.0,0.8995,132.0,0.9,894.0,0.9001,75.0
1753600169376,07:09:29.376,phemex,AERO/USDT:USDT,0.8996,61.0,0.8995,132.0,0.9,894.0,0.9001,75.0
1753600170815,07:09:30.815,phemex,AERO/USDT:USDT,0.8996,61.0,0.8995,132.0,0.9,894.0,0.9001,75.0
1753600172450,07:09:32.450,phemex,AERO/USDT:USDT,0.8996,61.0,0.8995,132.0,0.9,974.0,0.9001,75.0
1753600172450,07:09:32.450,phemex,AERO/USDT:USDT,0.8996,61.0,0.8995,132.0,0.8998,74.0,0.9,974.0
1753600172512,07:09:32.512,phemex,AERO/USDT:USDT,0.8996,61.0,0.8995,132.0,0.8998,74.0,0.9,974.0
1753600172534,07:09:32.534,phemex,AERO/USDT:USDT,0.8996,61.0,0.8995,132.0,0.8998,74.0,0.9,974.0
1753600172546,07:09:32.546,phemex,AERO/USDT:USDT,0.8996,61.0,0.8995,132.0,0.8998,74.0,0.9,974.0
1753600173062,07:09:33.062,phemex,AERO/USDT:USDT,0.8996,61.0,0.8995,76.0,0.8998,74.0,0.9,142.0
1753600173069,07:09:33.069,phemex,AERO/USDT:USDT,0.8996,61.0,0.8995,76.0,0.8998,74.0,0.8999,832.0
1753600175063,07:09:35.063,phemex,AERO/USDT:USDT,0.8996,61.0,0.8995,76.0,0.8998,74.0,0.8999,832.0
1753600175064,07:09:35.064,phemex,AERO/USDT:USDT,0.8996,61.0,0.8995,76.0,0.8999,832.0,0.9001,75.0
1753600176111,07:09:36.111,phemex,AERO/USDT:USDT,0.8996,61.0,0.8995,76.0,0.8999,832.0,0.9001,75.0
1753600176117,07:09:36.117,phemex,AERO/USDT:USDT,0.8996,61.0,0.8995,76.0,0.8999,832.0,0.9001,75.0
1753600177575,07:09:37.575,phemex,AERO/USDT:USDT,0.8996,61.0,0.8995,76.0,0.9001,75.0,0.9003,314.0
1753600177607,07:09:37.607,phemex,AERO/USDT:USDT,0.8996,61.0,0.8995,76.0,0.9001,907.0,0.9003,314.0
1753600178399,07:09:38.399,phemex,AERO/USDT:USDT,0.8996,61.0,0.8995,76.0,0.9001,907.0,0.9003,314.0
1753600178914,07:09:38.914,phemex,AERO/USDT:USDT,0.8996,61.0,0.8995,76.0,0.9001,75.0,0.9003,314.0
1753600178941,07:09:38.941,phemex,AERO/USDT:USDT,0.8996,61.0,0.8995,76.0,0.9001,75.0,0.9003,314.0
1753600178952,07:09:38.952,phemex,AERO/USDT:USDT,0.8996,61.0,0.8995,76.0,0.9,832.0,0.9001,75.0
1753600179100,07:09:39.100,phemex,AERO/USDT:USDT,0.8996,46.0,0.8995,76.0,0.9,832.0,0.9001,75.0
1753600180116,07:09:40.116,phemex,AERO/USDT:USDT,0.8996,39.0,0.8995,76.0,0.9,832.0,0.9001,75.0
1753600180609,07:09:40.609,phemex,AERO/USDT:USDT,0.8996,39.0,0.8995,76.0,0.9,832.0,0.9001,75.0
1753600180616,07:09:40.616,phemex,AERO/USDT:USDT,0.8996,39.0,0.8995,76.0,0.9,832.0,0.9001,75.0
1753600183785,07:09:43.785,phemex,AERO/USDT:USDT,0.8996,35.0,0.8995,76.0,0.9,832.0,0.9001,75.0
1753600183828,07:09:43.828,phemex,AERO/USDT:USDT,0.8996,35.0,0.8995,76.0,0.9,832.0,0.9001,75.0
1753600183836,07:09:43.836,phemex,AERO/USDT:USDT,0.8996,35.0,0.8995,76.0,0.9,832.0,0.9001,75.0
1753600183950,07:09:43.950,phemex,AERO/USDT:USDT,0.8996,35.0,0.8995,124.0,0.8999,238.0,0.9,832.0
1753600183969,07:09:43.969,phemex,AERO/USDT:USDT,0.8996,35.0,0.8995,124.0,0.8999,1070.0,0.9001,626.0
1753600185416,07:09:45.416,phemex,AERO/USDT:USDT,0.8996,35.0,0.8995,124.0,0.8999,1070.0,0.9001,626.0
1753600185820,07:09:45.820,phemex,AERO/USDT:USDT,0.8995,120.0,0.8992,263.0,0.8999,1070.0,0.9001,626.0
1753600185833,07:09:45.833,phemex,AERO/USDT:USDT,0.8995,120.0,0.8991,414.0,0.8998,832.0,0.8999,238.0
1753600186066,07:09:46.066,phemex,AERO/USDT:USDT,0.8995,120.0,0.8991,414.0,0.8998,832.0,0.8999,238.0
1753600186071,07:09:46.071,phemex,AERO/USDT:USDT,0.8995,120.0,0.8991,414.0,0.8998,832.0,0.8999,238.0
1753600186381,07:09:46.381,phemex,AERO/USDT:USDT,0.8995,113.0,0.8991,414.0,0.8998,832.0,0.8999,238.0
1753600189826,07:09:49.826,phemex,AERO/USDT:USDT,0.8995,113.0,0.8991,414.0,0.8999,238.0,0.9001,626.0
1753600189832,07:09:49.832,phemex,AERO/USDT:USDT,0.8995,113.0,0.8991,414.0,0.8999,1070.0,0.9001,626.0
1753600190218,07:09:50.218,phemex,AERO/USDT:USDT,0.8995,113.0,0.8991,414.0,0.8999,1070.0,0.9001,626.0
1753600190218,07:09:50.218,phemex,AERO/USDT:USDT,0.8995,113.0,0.8991,414.0,0.8999,1070.0,0.9001,626.0
1753600192836,07:09:52.836,phemex,AERO/USDT:USDT,0.8995,113.0,0.8991,414.0,0.8999,1070.0,0.9001,626.0
1753600195010,07:09:55.010,phemex,AERO/USDT:USDT,0.8995,113.0,0.8991,414.0,0.8999,1070.0,0.9001,626.0
1753600195102,07:09:55.102,phemex,AERO/USDT:USDT,0.8995,113.0,0.8991,414.0,0.8999,1070.0,0.9001,626.0
1753600198831,07:09:58.831,phemex,AERO/USDT:USDT,0.8995,113.0,0.8991,414.0,0.8999,1070.0,0.9001,626.0
1753600199079,07:09:59.079,phemex,AERO/USDT:USDT,0.8996,71.0,0.8995,82.0,0.8997,79.0,0.8999,832.0
1753600199097,07:09:59.097,phemex,AERO/USDT:USDT,0.8996,71.0,0.8995,82.0,0.8997,79.0,0.8999,832.0
1753600199821,07:09:59.821,phemex,AERO/USDT:USDT,0.8996,71.0,0.8995,82.0,0.8997,79.0,0.8999,832.0
1753600199828,07:09:59.828,phemex,AERO/USDT:USDT,0.8996,71.0,0.8995,82.0,0.8997,79.0,0.8999,832.0
1753600199911,07:09:59.911,phemex,AERO/USDT:USDT,0.8996,71.0,0.8995,82.0,0.8997,79.0,0.8999,832.0
1753600199947,07:09:59.947,phemex,AERO/USDT:USDT,0.8996,71.0,0.8995,82.0,0.8997,79.0,0.8999,832.0
1753600204831,07:10:04.831,phemex,AERO/USDT:USDT,0.8996,71.0,0.8995,82.0,0.8997,79.0,0.8999,832.0
1753600206795,07:10:06.795,phemex,AERO/USDT:USDT,0.8994,75.0,0.8993,58.0,0.8997,160.0,0.8999,832.0
1753600206940,07:10:06.940,phemex,AERO/USDT:USDT,0.8994,75.0,0.8993,58.0,0.8997,160.0,0.8999,832.0
1753600208835,07:10:08.835,phemex,AERO/USDT:USDT,0.8994,75.0,0.8993,58.0,0.8997,160.0,0.8999,832.0
1753600210832,07:10:10.832,phemex,AERO/USDT:USDT,0.8994,75.0,0.8993,58.0,0.8997,160.0,0.8999,832.0
1753600213584,07:10:13.584,phemex,AERO/USDT:USDT,0.8996,79.0,0.8994,75.0,0.8997,160.0,0.8999,832.0
1753600213607,07:10:13.607,phemex,AERO/USDT:USDT,0.8996,79.0,0.8994,75.0,0.8997,160.0,0.8999,832.0
1753600213620,07:10:13.620,phemex,AERO/USDT:USDT,0.8996,79.0,0.8994,75.0,0.8997,160.0,0.8999,832.0
1753600215866,07:10:15.866,phemex,AERO/USDT:USDT,0.8996,79.0,0.8994,75.0,0.8997,160.0,0.8999,832.0
1753600216827,07:10:16.827,phemex,AERO/USDT:USDT,0.8996,79.0,0.8994,75.0,0.8997,160.0,0.8999,832.0
1753600216832,07:10:16.832,phemex,AERO/USDT:USDT,0.8996,79.0,0.8994,75.0,0.8997,160.0,0.8999,832.0
1753600216905,07:10:16.905,phemex,AERO/USDT:USDT,0.8996,79.0,0.8994,75.0,0.8997,160.0,0.8999,832.0
1753600219842,07:10:19.842,phemex,AERO/USDT:USDT,0.8996,79.0,0.8994,75.0,0.8997,160.0,0.8999,832.0
1753600220102,07:10:20.102,phemex,AERO/USDT:USDT,0.8996,79.0,0.8994,75.0,0.8997,160.0,0.8999,832.0
1753600221905,07:10:21.905,phemex,AERO/USDT:USDT,0.8996,79.0,0.8994,75.0,0.8997,160.0,0.8999,832.0
1753600222055,07:10:22.055,phemex,AERO/USDT:USDT,0.8996,79.0,0.8994,75.0,0.8999,832.0,0.9,117.0
1753600222069,07:10:22.069,phemex,AERO/USDT:USDT,0.8996,79.0,0.8994,75.0,0.8999,832.0,0.9,117.0
1753600222095,07:10:22.095,phemex,AERO/USDT:USDT,0.8996,79.0,0.8994,75.0,0.9,949.0,0.9002,340.0
1753600222232,07:10:22.232,phemex,AERO/USDT:USDT,0.8996,79.0,0.8994,75.0,0.9,949.0,0.9002,340.0
1753600222324,07:10:22.324,phemex,AERO/USDT:USDT,0.8996,79.0,0.8994,75.0,0.9,949.0,0.9002,340.0
1753600223743,07:10:23.743,phemex,AERO/USDT:USDT,0.8996,79.0,0.8994,75.0,0.9,949.0,0.9002,340.0
1753600225518,07:10:25.518,phemex,AERO/USDT:USDT,0.8996,79.0,0.8994,75.0,0.9,949.0,0.9002,340.0
1753600226949,07:10:26.949,phemex,AERO/USDT:USDT,0.8996,74.0,0.8994,75.0,0.9,949.0,0.9002,340.0
1753600227008,07:10:27.008,phemex,AERO/USDT:USDT,0.8996,74.0,0.8994,75.0,0.9,949.0,0.9002,340.0
1753600227271,07:10:27.271,phemex,AERO/USDT:USDT,0.8996,74.0,0.8994,135.0,0.8999,72.0,0.9,949.0
1753600227271,07:10:27.271,phemex,AERO/USDT:USDT,0.8996,74.0,0.8995,82.0,0.8999,72.0,0.9,949.0
1753600227719,07:10:27.719,phemex,AERO/USDT:USDT,0.8996,74.0,0.8995,82.0,0.8999,72.0,0.9,949.0
1753600227719,07:10:27.719,phemex,AERO/USDT:USDT,0.8996,74.0,0.8995,82.0,0.8999,72.0,0.9,1027.0
1753600228710,07:10:28.710,phemex,AERO/USDT:USDT,0.8996,74.0,0.8995,82.0,0.8999,2.0,0.9,1027.0
1753600228834,07:10:28.834,phemex,AERO/USDT:USDT,0.8996,74.0,0.8995,82.0,0.8999,2.0,0.9,1027.0
1753600230361,07:10:30.361,phemex,AERO/USDT:USDT,0.8996,71.0,0.8995,82.0,0.8999,2.0,0.9,1027.0
1753600230655,07:10:30.655,phemex,AERO/USDT:USDT,0.8996,71.0,0.8995,82.0,0.8999,82.0,0.9,891.0
1753600230670,07:10:30.670,phemex,AERO/USDT:USDT,0.8996,71.0,0.8995,82.0,0.8999,82.0,0.9,891.0
1753600230693,07:10:30.693,phemex,AERO/USDT:USDT,0.8996,71.0,0.8995,82.0,0.8999,82.0,0.9,891.0
1753600230726,07:10:30.726,phemex,AERO/USDT:USDT,0.8996,71.0,0.8995,82.0,0.9,832.0,0.9003,79.0
1753600230726,07:10:30.726,phemex,AERO/USDT:USDT,0.8996,71.0,0.8995,82.0,0.9,832.0,0.9001,70.0
1753600230774,07:10:30.774,phemex,AERO/USDT:USDT,0.8996,71.0,0.8995,82.0,0.9001,70.0,0.9003,146.0
1753600230863,07:10:30.863,phemex,AERO/USDT:USDT,0.8996,71.0,0.8995,82.0,0.9003,978.0,0.9005,335.0
1753600230942,07:10:30.942,phemex,AERO/USDT:USDT,0.8996,71.0,0.8995,82.0,0.9003,978.0,0.9005,335.0
1753600230981,07:10:30.981,phemex,AERO/USDT:USDT,0.8996,71.0,0.8995,82.0,0.9003,978.0,0.9005,335.0
1753600230989,07:10:30.989,phemex,AERO/USDT:USDT,0.8996,71.0,0.8995,82.0,0.9003,978.0,0.9005,335.0
1753600231028,07:10:31.028,phemex,AERO/USDT:USDT,0.8996,71.0,0.8995,82.0,0.9003,978.0,0.9005,335.0
1753600231030,07:10:31.030,phemex,AERO/USDT:USDT,0.8996,71.0,0.8995,82.0,0.9003,978.0,0.9005,335.0
1753600231112,07:10:31.112,phemex,AERO/USDT:USDT,0.8996,71.0,0.8995,82.0,0.9003,978.0,0.9005,335.0
1753600231582,07:10:31.582,phemex,AERO/USDT:USDT,0.8996,71.0,0.8995,82.0,0.9003,978.0,0.9005,335.0
1753600231589,07:10:31.589,phemex,AERO/USDT:USDT,0.8996,71.0,0.8995,82.0,0.9003,978.0,0.9005,335.0
1753600231711,07:10:31.711,phemex,AERO/USDT:USDT,0.8996,71.0,0.8995,82.0,0.9003,978.0,0.9005,335.0
1753600231718,07:10:31.718,phemex,AERO/USDT:USDT,0.8996,71.0,0.8995,82.0,0.9003,978.0,0.9005,335.0
1753600232013,07:10:32.013,phemex,AERO/USDT:USDT,0.8996,71.0,0.8995,82.0,0.9003,978.0,0.9005,335.0
1753600232019,07:10:32.019,phemex,AERO/USDT:USDT,0.8996,71.0,0.8995,82.0,0.9003,978.0,0.9005,335.0
1753600232100,07:10:32.100,phemex,AERO/USDT:USDT,0.8996,71.0,0.8995,82.0,0.9003,978.0,0.9005,335.0
1753600232453,07:10:32.453,phemex,AERO/USDT:USDT,0.8996,71.0,0.8995,82.0,0.9003,978.0,0.9005,335.0
1753600233841,07:10:33.841,phemex,AERO/USDT:USDT,0.9,144.0,0.8999,50.0,0.9003,978.0,0.9005,335.0
1753600233891,07:10:33.891,phemex,AERO/USDT:USDT,0.9,144.0,0.8999,50.0,0.9003,978.0,0.9005,335.0
1753600236434,07:10:36.434,phemex,AERO/USDT:USDT,0.9,144.0,0.8999,50.0,0.9003,978.0,0.9005,335.0
1753600237631,07:10:37.631,phemex,AERO/USDT:USDT,0.9,105.0,0.8999,50.0,0.9003,978.0,0.9005,335.0
1753600237829,07:10:37.829,phemex,AERO/USDT:USDT,0.9,105.0,0.8999,50.0,0.9003,978.0,0.9005,335.0
1753600237835,07:10:37.835,phemex,AERO/USDT:USDT,0.9,105.0,0.8999,50.0,0.9003,978.0,0.9005,335.0
1753600238273,07:10:38.273,phemex,AERO/USDT:USDT,0.8999,50.0,0.8997,122.0,0.9002,54.0,0.9003,978.0
1753600238500,07:10:38.500,phemex,AERO/USDT:USDT,0.8997,122.0,0.8994,822.0,0.9002,54.0,0.9003,146.0
1753600238511,07:10:38.511,phemex,AERO/USDT:USDT,0.8997,122.0,0.8994,822.0,0.9001,832.0,0.9002,54.0
1753600241262,07:10:41.262,phemex,AERO/USDT:USDT,0.8997,122.0,0.8994,822.0,0.9001,832.0,0.9002,54.0
1753600243838,07:10:43.838,phemex,AERO/USDT:USDT,0.8997,122.0,0.8994,822.0,0.9002,886.0,0.9003,146.0
1753600245105,07:10:45.105,phemex,AERO/USDT:USDT,0.8999,68.0,0.8998,80.0,0.9002,947.0,0.9003,146.0
1753600245182,07:10:45.182,phemex,AERO/USDT:USDT,0.8998,80.0,0.8997,122.0,0.9002,947.0,0.9003,146.0
1753600246025,07:10:46.025,phemex,AERO/USDT:USDT,0.8998,80.0,0.8997,122.0,0.9002,947.0,0.9003,146.0
1753600246058,07:10:46.058,phemex,AERO/USDT:USDT,0.8998,80.0,0.8997,122.0,0.9002,947.0,0.9003,146.0
1753600246134,07:10:46.134,phemex,AERO/USDT:USDT,0.8998,80.0,0.8997,122.0,0.9002,947.0,0.9003,146.0
1753600249839,07:10:49.839,phemex,AERO/USDT:USDT,0.8998,80.0,0.8997,122.0,0.9001,832.0,0.9002,115.0
1753600250442,07:10:50.442,phemex,AERO/USDT:USDT,0.8998,80.0,0.8997,122.0,0.8999,81.0,0.9001,832.0
1753600250443,07:10:50.443,phemex,AERO/USDT:USDT,0.8998,80.0,0.8997,122.0,0.8999,143.0,0.9001,832.0
1753600250832,07:10:50.832,phemex,AERO/USDT:USDT,0.8998,80.0,0.8997,122.0,0.8999,143.0,0.9001,832.0
1753600251542,07:10:51.542,phemex,AERO/USDT:USDT,0.8997,72.0,0.8996,78.0,0.8999,143.0,0.9001,832.0
1753600251542,07:10:51.542,phemex,AERO/USDT:USDT,0.8997,72.0,0.8996,78.0,0.8999,143.0,0.9001,832.0
1753600253628,07:10:53.628,phemex,AERO/USDT:USDT,0.8997,72.0,0.8996,78.0,0.9,83.0,0.9001,832.0
1753600255626,07:10:55.626,phemex,AERO/USDT:USDT,0.8997,72.0,0.8996,78.0,0.9,83.0,0.9001,832.0
1753600255715,07:10:55.715,phemex,AERO/USDT:USDT,0.8997,72.0,0.8996,78.0,0.9,83.0,0.9001,832.0
1753600256489,07:10:56.489,phemex,AERO/USDT:USDT,0.8997,72.0,0.8996,78.0,0.9,73.0,0.9001,832.0
1753600256961,07:10:56.961,phemex,AERO/USDT:USDT,0.8998,82.0,0.8997,72.0,0.9,73.0,0.9001,832.0
1753600256984,07:10:56.984,phemex,AERO/USDT:USDT,0.8998,82.0,0.8997,149.0,0.9,73.0,0.9001,832.0
1753600257339,07:10:57.339,phemex,AERO/USDT:USDT,0.8998,82.0,0.8997,149.0,0.9001,910.0,0.9002,54.0
1753600257423,07:10:57.423,phemex,AERO/USDT:USDT,0.8998,82.0,0.8997,149.0,0.9001,832.0,0.9003,46.0
1753600257452,07:10:57.452,phemex,AERO/USDT:USDT,0.8998,82.0,0.8997,149.0,0.9003,46.0,0.9006,1206.0
1753600257565,07:10:57.565,phemex,AERO/USDT:USDT,0.8998,82.0,0.8997,149.0,0.9003,878.0,0.9006,1206.0
1753600257580,07:10:57.580,phemex,AERO/USDT:USDT,0.8998,82.0,0.8997,149.0,0.9003,878.0,0.9006,1206.0
1753600259993,07:10:59.993,phemex,AERO/USDT:USDT,0.8998,82.0,0.8997,149.0,0.9003,127.0,0.9005,909.0
1753600260131,07:11:00.131,phemex,AERO/USDT:USDT,0.8998,82.0,0.8997,149.0,0.9003,127.0,0.9005,909.0
1753600260276,07:11:00.276,phemex,AERO/USDT:USDT,0.8998,82.0,0.8997,149.0,0.9003,127.0,0.9005,909.0
1753600260284,07:11:00.284,phemex,AERO/USDT:USDT,0.8998,82.0,0.8997,149.0,0.9003,127.0,0.9005,909.0
1753600260375,07:11:00.375,phemex,AERO/USDT:USDT,0.8998,82.0,0.8997,149.0,0.9003,127.0,0.9005,909.0
1753600260452,07:11:00.452,phemex,AERO/USDT:USDT,0.8998,82.0,0.8997,149.0,0.9003,127.0,0.9005,909.0
1753600260462,07:11:00.462,phemex,AERO/USDT:USDT,0.8998,82.0,0.8997,149.0,0.9003,127.0,0.9005,909.0
1753600262371,07:11:02.371,phemex,AERO/USDT:USDT,0.8998,82.0,0.8997,149.0,0.9003,127.0,0.9005,909.0
1753600262403,07:11:02.403,phemex,AERO/USDT:USDT,0.8998,82.0,0.8997,149.0,0.9003,127.0,0.9005,909.0
1753600262404,07:11:02.404,phemex,AERO/USDT:USDT,0.8998,82.0,0.8997,149.0,0.9003,127.0,0.9005,909.0
1753600262550,07:11:02.550,phemex,AERO/USDT:USDT,0.9002,128.0,0.9001,62.0,0.9003,127.0,0.9005,909.0
1753600262558,07:11:02.558,phemex,AERO/USDT:USDT,0.9002,128.0,0.9001,62.0,0.9003,127.0,0.9005,909.0
1753600262563,07:11:02.563,phemex,AERO/USDT:USDT,0.9002,128.0,0.9001,62.0,0.9003,127.0,0.9005,909.0
1753600262639,07:11:02.639,phemex,AERO/USDT:USDT,0.9002,128.0,0.9001,62.0,0.9003,127.0,0.9005,909.0
1753600262642,07:11:02.642,phemex,AERO/USDT:USDT,0.9002,128.0,0.9001,62.0,0.9003,127.0,0.9005,909.0
1753600262978,07:11:02.978,phemex,AERO/USDT:USDT,0.9002,128.0,0.9001,62.0,0.9003,127.0,0.9005,909.0
1753600265243,07:11:05.243,phemex,AERO/USDT:USDT,0.9002,128.0,0.9001,62.0,0.9003,127.0,0.9005,909.0
1753600266679,07:11:06.679,phemex,AERO/USDT:USDT,0.9002,128.0,0.9001,62.0,0.9003,127.0,0.9005,909.0
1753600266700,07:11:06.700,phemex,AERO/USDT:USDT,0.9002,128.0,0.9001,62.0,0.9003,127.0,0.9005,909.0
1753600266760,07:11:06.760,phemex,AERO/USDT:USDT,0.9002,128.0,0.9001,62.0,0.9003,127.0,0.9005,909.0
1753600266788,07:11:06.788,phemex,AERO/USDT:USDT,0.9002,128.0,0.9001,62.0,0.9003,127.0,0.9005,909.0
1753600267249,07:11:07.249,phemex,AERO/USDT:USDT,0.9002,128.0,0.9001,62.0,0.9003,124.0,0.9005,909.0
1753600267402,07:11:07.402,phemex,AERO/USDT:USDT,0.9002,128.0,0.9001,62.0,0.9003,124.0,0.9005,909.0
1753600269800,07:11:09.800,phemex,AERO/USDT:USDT,0.9002,128.0,0.9001,62.0,0.9003,124.0,0.9005,909.0
1753600269806,07:11:09.806,phemex,AERO/USDT:USDT,0.9002,128.0,0.9001,62.0,0.9003,124.0,0.9005,909.0
1753600270044,07:11:10.044,phemex,AERO/USDT:USDT,0.9002,128.0,0.9001,62.0,0.9003,124.0,0.9005,909.0
1753600271915,07:11:11.915,phemex,AERO/USDT:USDT,0.9002,128.0,0.9001,62.0,0.9003,124.0,0.9005,909.0
1753600271948,07:11:11.948,phemex,AERO/USDT:USDT,0.9002,128.0,0.9001,62.0,0.9003,124.0,0.9005,909.0
1753600272010,07:11:12.010,phemex,AERO/USDT:USDT,0.9002,128.0,0.9001,62.0,0.9003,124.0,0.9005,909.0
1753600272026,07:11:12.026,phemex,AERO/USDT:USDT,0.9002,128.0,0.9001,62.0,0.9003,124.0,0.9005,909.0
1753600272084,07:11:12.084,phemex,AERO/USDT:USDT,0.9002,128.0,0.9001,62.0,0.9003,124.0,0.9005,909.0
1753600272116,07:11:12.116,phemex,AERO/USDT:USDT,0.9002,128.0,0.9001,62.0,0.9003,124.0,0.9005,909.0
1753600272146,07:11:12.146,phemex,AERO/USDT:USDT,0.9002,128.0,0.9001,62.0,0.9003,124.0,0.9005,909.0
1753600272285,07:11:12.285,phemex,AERO/USDT:USDT,0.9002,128.0,0.9001,62.0,0.9003,124.0,0.9005,909.0
1753600272287,07:11:12.287,phemex,AERO/USDT:USDT,0.9002,128.0,0.9001,62.0,0.9003,124.0,0.9005,909.0
1753600272535,07:11:12.535,phemex,AERO/USDT:USDT,0.9002,128.0,0.9001,62.0,0.9003,124.0,0.9005,909.0
1753600277223,07:11:17.223,phemex,AERO/USDT:USDT,0.9002,124.0,0.9001,62.0,0.9003,124.0,0.9005,909.0
1753600277292,07:11:17.292,phemex,AERO/USDT:USDT,0.9002,124.0,0.9001,62.0,0.9003,124.0,0.9005,909.0
1753600277757,07:11:17.757,phemex,AERO/USDT:USDT,0.9002,124.0,0.9001,62.0,0.9003,124.0,0.9005,909.0
1753600277765,07:11:17.765,phemex,AERO/USDT:USDT,0.9002,124.0,0.9001,62.0,0.9003,124.0,0.9005,909.0
1753600278615,07:11:18.615,phemex,AERO/USDT:USDT,0.9002,124.0,0.9001,62.0,0.9005,909.0,0.9006,953.0
1753600278644,07:11:18.644,phemex,AERO/USDT:USDT,0.9002,124.0,0.9001,62.0,0.9005,909.0,0.9006,953.0
1753600278754,07:11:18.754,phemex,AERO/USDT:USDT,0.9001,142.0,0.9,71.0,0.9005,77.0,0.9006,953.0
1753600278763,07:11:18.763,phemex,AERO/USDT:USDT,0.9001,142.0,0.9,71.0,0.9005,77.0,0.9006,1785.0
1753600278844,07:11:18.844,phemex,AERO/USDT:USDT,0.9001,142.0,0.9,71.0,0.9005,77.0,0.9006,1785.0
1753600278865,07:11:18.865,phemex,AERO/USDT:USDT,0.9001,142.0,0.9,71.0,0.9005,77.0,0.9006,1785.0
1753600278947,07:11:18.947,phemex,AERO/USDT:USDT,0.9001,142.0,0.9,71.0,0.9005,77.0,0.9006,1785.0
1753600278976,07:11:18.976,phemex,AERO/USDT:USDT,0.9001,142.0,0.9,71.0,0.9005,77.0,0.9006,1785.0
1753600279630,07:11:19.630,phemex,AERO/USDT:USDT,0.9001,142.0,0.9,71.0,0.9005,77.0,0.9006,1785.0
1753600279828,07:11:19.828,phemex,AERO/USDT:USDT,0.9001,142.0,0.9,71.0,0.9005,77.0,0.9006,1785.0
1753600279834,07:11:19.834,phemex,AERO/USDT:USDT,0.9001,142.0,0.9,71.0,0.9005,77.0,0.9006,1785.0
1753600279954,07:11:19.954,phemex,AERO/USDT:USDT,0.9001,142.0,0.9,71.0,0.9005,77.0,0.9006,1785.0
1753600279994,07:11:19.994,phemex,AERO/USDT:USDT,0.9001,142.0,0.9,71.0,0.9005,77.0,0.9006,1785.0
1753600280027,07:11:20.027,phemex,AERO/USDT:USDT,0.9001,142.0,0.9,71.0,0.9005,77.0,0.9006,1785.0
1753600280201,07:11:20.201,phemex,AERO/USDT:USDT,0.9001,142.0,0.9,71.0,0.9005,77.0,0.9006,1785.0
1753600280254,07:11:20.254,phemex,AERO/USDT:USDT,0.9001,142.0,0.9,71.0,0.9005,77.0,0.9006,1785.0
1753600280461,07:11:20.461,phemex,AERO/USDT:USDT,0.9001,142.0,0.9,71.0,0.9005,77.0,0.9006,1785.0
1753600280538,07:11:20.538,phemex,AERO/USDT:USDT,0.9001,142.0,0.9,71.0,0.9005,77.0,0.9006,1785.0
1753600280839,07:11:20.839,phemex,AERO/USDT:USDT,0.9001,142.0,0.9,71.0,0.9005,77.0,0.9006,1785.0
1753600281289,07:11:21.289,phemex,AERO/USDT:USDT,0.9001,142.0,0.9,71.0,0.9005,77.0,0.9006,1785.0
1753600281308,07:11:21.308,phemex,AERO/USDT:USDT,0.9001,142.0,0.9,71.0,0.9005,77.0,0.9006,1785.0
1753600281836,07:11:21.836,phemex,AERO/USDT:USDT,0.9001,142.0,0.9,71.0,0.9005,77.0,0.9006,1785.0
1753600281844,07:11:21.844,phemex,AERO/USDT:USDT,0.9001,142.0,0.9,71.0,0.9005,77.0,0.9006,1785.0
1753600282017,07:11:22.017,phemex,AERO/USDT:USDT,0.9001,142.0,0.9,71.0,0.9005,77.0,0.9006,1785.0
1753600282523,07:11:22.523,phemex,AERO/USDT:USDT,0.9001,142.0,0.9,71.0,0.9005,77.0,0.9006,1785.0
1753600283413,07:11:23.413,phemex,AERO/USDT:USDT,0.9001,213.0,0.9,71.0,0.9005,77.0,0.9006,1785.0
1753600283562,07:11:23.562,phemex,AERO/USDT:USDT,0.9001,213.0,0.9,71.0,0.9005,77.0,0.9006,1785.0
1753600283619,07:11:23.619,phemex,AERO/USDT:USDT,0.9001,213.0,0.9,71.0,0.9003,78.0,0.9005,77.0
1753600283635,07:11:23.635,phemex,AERO/USDT:USDT,0.9001,213.0,0.9,71.0,0.9003,78.0,0.9005,77.0
1753600286233,07:11:26.233,phemex,AERO/USDT:USDT,0.9001,213.0,0.9,71.0,0.9003,7.0,0.9005,77.0
1753600286635,07:11:26.635,phemex,AERO/USDT:USDT,0.9001,213.0,0.9,71.0,0.9003,7.0,0.9005,77.0
1753600286777,07:11:26.777,phemex,AERO/USDT:USDT,0.9001,213.0,0.9,71.0,0.9003,7.0,0.9005,77.0
1753600287029,07:11:27.029,phemex,AERO/USDT:USDT,0.9001,133.0,0.9,71.0,0.9003,7.0,0.9005,77.0
1753600287040,07:11:27.040,phemex,AERO/USDT:USDT,0.9001,62.0,0.9,71.0,0.9003,7.0,0.9005,77.0
1753600287042,07:11:27.042,phemex,AERO/USDT:USDT,0.9001,62.0,0.9,71.0,0.9003,7.0,0.9004,832.0
1753600287137,07:11:27.137,phemex,AERO/USDT:USDT,0.9,49.0,0.8996,705.0,0.9003,7.0,0.9004,832.0
1753600287696,07:11:27.696,phemex,AERO/USDT:USDT,0.8998,62.0,0.8997,51.0,0.9002,832.0,0.9003,7.0
1753600287879,07:11:27.879,phemex,AERO/USDT:USDT,0.8998,62.0,0.8997,51.0,0.9002,832.0,0.9003,7.0
1753600287881,07:11:27.881,phemex,AERO/USDT:USDT,0.8998,129.0,0.8997,51.0,0.9003,7.0,0.9005,77.0
1753600287890,07:11:27.890,phemex,AERO/USDT:USDT,0.8998,129.0,0.8997,51.0,0.9003,839.0,0.9005,77.0
1753600288089,07:11:28.089,phemex,AERO/USDT:USDT,0.8998,129.0,0.8997,51.0,0.9003,839.0,0.9005,77.0
1753600289218,07:11:29.218,phemex,AERO/USDT:USDT,0.8998,129.0,0.8997,51.0,0.9,73.0,0.9001,59.0
1753600289236,07:11:29.236,phemex,AERO/USDT:USDT,0.8998,129.0,0.8997,51.0,0.9,73.0,0.9001,59.0
1753600290863,07:11:30.863,phemex,AERO/USDT:USDT,0.8998,129.0,0.8997,51.0,0.9,29.0,0.9001,59.0
1753600291448,07:11:31.448,phemex,AERO/USDT:USDT,0.8998,129.0,0.8997,51.0,0.9,29.0,0.9001,59.0
1753600294830,07:11:34.830,phemex,AERO/USDT:USDT,0.8998,129.0,0.8997,51.0,0.9,29.0,0.9001,59.0
1753600294840,07:11:34.840,phemex,AERO/USDT:USDT,0.8998,129.0,0.8997,51.0,0.9,29.0,0.9001,891.0
1753600294885,07:11:34.885,phemex,AERO/USDT:USDT,0.8998,129.0,0.8997,51.0,0.9,29.0,0.9001,891.0
1753600296152,07:11:36.152,phemex,AERO/USDT:USDT,0.8998,129.0,0.8997,125.0,0.8999,64.0,0.9,53.0
1753600296160,07:11:36.160,phemex,AERO/USDT:USDT,0.8998,129.0,0.8997,125.0,0.8999,64.0,0.9,53.0
1753600296269,07:11:36.269,phemex,AERO/USDT:USDT,0.8998,129.0,0.8997,125.0,0.8999,64.0,0.9,53.0
1753600296303,07:11:36.303,phemex,AERO/USDT:USDT,0.8998,129.0,0.8997,125.0,0.8999,64.0,0.9,53.0
1753600296435,07:11:36.435,phemex,AERO/USDT:USDT,0.8998,129.0,0.8997,125.0,0.8999,64.0,0.9,53.0
1753600296456,07:11:36.456,phemex,AERO/USDT:USDT,0.8998,129.0,0.8997,125.0,0.8999,64.0,0.9,53.0
1753600298225,07:11:38.225,phemex,AERO/USDT:USDT,0.8998,129.0,0.8997,125.0,0.8999,49.0,0.9,53.0
1753600303836,07:11:43.836,phemex,AERO/USDT:USDT,0.8998,129.0,0.8997,125.0,0.8999,49.0,0.9,53.0
1753600304381,07:11:44.381,phemex,AERO/USDT:USDT,0.8998,129.0,0.8996,49.0,0.9,53.0,0.9001,891.0
1753600304401,07:11:44.401,phemex,AERO/USDT:USDT,0.8998,129.0,0.8996,49.0,0.9,49.0,0.9001,891.0
1753600306144,07:11:46.144,phemex,AERO/USDT:USDT,0.8998,129.0,0.8996,49.0,0.9,49.0,0.9001,891.0
1753600306210,07:11:46.210,phemex,AERO/USDT:USDT,0.8998,129.0,0.8996,49.0,0.9,49.0,0.9001,891.0
1753600307938,07:11:47.938,phemex,AERO/USDT:USDT,0.8998,129.0,0.8996,49.0,0.9,9.0,0.9001,891.0
1753600308011,07:11:48.011,phemex,AERO/USDT:USDT,0.8998,129.0,0.8996,49.0,0.9,9.0,0.9001,891.0
1753600310012,07:11:50.012,phemex,AERO/USDT:USDT,0.8998,115.0,0.8996,49.0,0.9,9.0,0.9001,891.0
1753600310426,07:11:50.426,phemex,AERO/USDT:USDT,0.8998,115.0,0.8997,48.0,0.9,73.0,0.9001,948.0
1753600311538,07:11:51.538,phemex,AERO/USDT:USDT,0.8998,115.0,0.8997,48.0,0.9,118.0,0.9001,832.0
1753600311538,07:11:51.538,phemex,AERO/USDT:USDT,0.8998,115.0,0.8997,48.0,0.9,118.0,0.9001,832.0
1753600312835,07:11:52.835,phemex,AERO/USDT:USDT,0.8998,115.0,0.8997,48.0,0.9,118.0,0.9001,832.0
1753600320368,07:12:00.368,phemex,AERO/USDT:USDT,0.8998,115.0,0.8997,48.0,0.9,118.0,0.9001,832.0
1753600320377,07:12:00.377,phemex,AERO/USDT:USDT,0.8998,115.0,0.8997,48.0,0.9,118.0,0.9001,832.0
1753600320806,07:12:00.806,phemex,AERO/USDT:USDT,0.8998,115.0,0.8997,48.0,0.9,118.0,0.9001,832.0
1753600322277,07:12:02.277,phemex,AERO/USDT:USDT,0.8998,115.0,0.8997,48.0,0.9,167.0,0.9001,832.0
1753600322745,07:12:02.745,phemex,AERO/USDT:USDT,0.8998,115.0,0.8997,48.0,0.9,167.0,0.9001,832.0
1753600324445,07:12:04.445,phemex,AERO/USDT:USDT,0.8998,115.0,0.8997,48.0,0.9,167.0,0.9001,832.0
1753600325979,07:12:05.979,phemex,AERO/USDT:USDT,0.8999,48.0,0.8997,48.0,0.9,73.0,0.9001,832.0
1753600326745,07:12:06.745,phemex,AERO/USDT:USDT,0.8999,42.0,0.8997,48.0,0.9,73.0,0.9001,832.0
1753600327407,07:12:07.407,phemex,AERO/USDT:USDT,0.8999,42.0,0.8997,48.0,0.9,73.0,0.9001,832.0
1753600329238,07:12:09.238,phemex,AERO/USDT:USDT,0.8999,42.0,0.8997,48.0,0.9,73.0,0.9001,832.0
1753600329248,07:12:09.248,phemex,AERO/USDT:USDT,0.8999,42.0,0.8997,48.0,0.9,73.0,0.9001,832.0
1753600329822,07:12:09.822,phemex,AERO/USDT:USDT,0.8999,42.0,0.8997,48.0,0.9,73.0,0.9001,832.0
1753600329959,07:12:09.959,phemex,AERO/USDT:USDT,0.8999,42.0,0.8997,48.0,0.9,73.0,0.9001,832.0
1753600330059,07:12:10.059,phemex,AERO/USDT:USDT,0.8999,42.0,0.8997,48.0,0.9,73.0,0.9001,832.0
1753600330836,07:12:10.836,phemex,AERO/USDT:USDT,0.8999,42.0,0.8997,48.0,0.9,73.0,0.9001,832.0
1753600334044,07:12:14.044,phemex,AERO/USDT:USDT,0.8999,42.0,0.8997,48.0,0.9,73.0,0.9001,832.0
1753600340417,07:12:20.417,phemex,AERO/USDT:USDT,0.8999,42.0,0.8997,48.0,0.9,73.0,0.9001,832.0
1753600343372,07:12:23.372,phemex,AERO/USDT:USDT,0.8999,42.0,0.8997,48.0,0.9,53.0,0.9001,832.0
1753600344242,07:12:24.242,phemex,AERO/USDT:USDT,0.8999,42.0,0.8997,48.0,0.9,33.0,0.9001,832.0
1753600344839,07:12:24.839,phemex,AERO/USDT:USDT,0.8999,42.0,0.8997,48.0,0.9,33.0,0.9001,832.0
1753600344849,07:12:24.849,phemex,AERO/USDT:USDT,0.8999,42.0,0.8997,48.0,0.9,33.0,0.9001,832.0
1753600345283,07:12:25.283,phemex,AERO/USDT:USDT,0.8999,42.0,0.8997,48.0,0.9,33.0,0.9001,832.0
1753600350936,07:12:30.936,phemex,AERO/USDT:USDT,0.8999,42.0,0.8997,48.0,0.9,30.0,0.9001,832.0
1753600352857,07:12:32.857,phemex,AERO/USDT:USDT,0.8999,42.0,0.8997,48.0,0.9001,72.0,0.9002,74.0
1753600352864,07:12:32.864,phemex,AERO/USDT:USDT,0.8999,42.0,0.8997,48.0,0.9001,72.0,0.9002,906.0
1753600353010,07:12:33.010,phemex,AERO/USDT:USDT,0.8999,42.0,0.8997,48.0,0.9001,72.0,0.9002,906.0
1753600353061,07:12:33.061,phemex,AERO/USDT:USDT,0.8999,42.0,0.8997,48.0,0.9001,72.0,0.9002,906.0
1753600353142,07:12:33.142,phemex,AERO/USDT:USDT,0.8999,42.0,0.8997,48.0,0.9001,72.0,0.9002,906.0
1753600353228,07:12:33.228,phemex,AERO/USDT:USDT,0.8999,42.0,0.8997,48.0,0.9001,72.0,0.9002,906.0
1753600353854,07:12:33.854,phemex,AERO/USDT:USDT,0.8999,71.0,0.8998,58.0,0.9001,72.0,0.9002,906.0
1753600355614,07:12:35.614,phemex,AERO/USDT:USDT,0.8999,71.0,0.8998,58.0,0.9001,72.0,0.9002,906.0
1753600355619,07:12:35.619,phemex,AERO/USDT:USDT,0.8999,71.0,0.8998,58.0,0.9001,72.0,0.9002,906.0
1753600355641,07:12:35.641,phemex,AERO/USDT:USDT,0.8999,71.0,0.8998,58.0,0.9001,72.0,0.9002,906.0
1753600355747,07:12:35.747,phemex,AERO/USDT:USDT,0.8999,71.0,0.8998,58.0,0.9001,72.0,0.9002,906.0
1753600356301,07:12:36.301,phemex,AERO/USDT:USDT,0.8999,71.0,0.8998,58.0,0.9001,72.0,0.9002,906.0
1753600356306,07:12:36.306,phemex,AERO/USDT:USDT,0.8999,71.0,0.8998,58.0,0.9001,72.0,0.9002,906.0
1753600356440,07:12:36.440,phemex,AERO/USDT:USDT,0.8999,71.0,0.8998,58.0,0.9001,72.0,0.9002,906.0
1753600356639,07:12:36.639,phemex,AERO/USDT:USDT,0.8999,71.0,0.8998,58.0,0.9001,72.0,0.9002,906.0
1753600356666,07:12:36.666,phemex,AERO/USDT:USDT,0.8999,71.0,0.8998,58.0,0.9001,72.0,0.9002,906.0
1753600357045,07:12:37.045,phemex,AERO/USDT:USDT,0.8999,71.0,0.8998,58.0,0.9001,72.0,0.9002,906.0
1753600358554,07:12:38.554,phemex,AERO/USDT:USDT,0.8999,124.0,0.8998,58.0,0.9001,72.0,0.9002,906.0
1753600360004,07:12:40.004,phemex,AERO/USDT:USDT,0.8999,124.0,0.8998,58.0,0.9001,31.0,0.9002,906.0
1753600360838,07:12:40.838,phemex,AERO/USDT:USDT,0.8999,124.0,0.8998,58.0,0.9001,31.0,0.9002,906.0
1753600361293,07:12:41.293,phemex,AERO/USDT:USDT,0.8999,124.0,0.8998,58.0,0.9001,31.0,0.9002,906.0
1753600361838,07:12:41.838,phemex,AERO/USDT:USDT,0.8999,124.0,0.8998,58.0,0.9001,31.0,0.9002,906.0
1753600361896,07:12:41.896,phemex,AERO/USDT:USDT,0.8999,124.0,0.8998,58.0,0.9001,31.0,0.9002,906.0
1753600361900,07:12:41.900,phemex,AERO/USDT:USDT,0.8999,124.0,0.8998,58.0,0.9001,31.0,0.9002,906.0
1753600361934,07:12:41.934,phemex,AERO/USDT:USDT,0.8999,124.0,0.8998,58.0,0.9001,31.0,0.9002,906.0
1753600362257,07:12:42.257,phemex,AERO/USDT:USDT,0.8999,124.0,0.8998,58.0,0.9001,31.0,0.9002,906.0
1753600362326,07:12:42.326,phemex,AERO/USDT:USDT,0.8999,124.0,0.8998,58.0,0.9001,31.0,0.9002,906.0
1753600362435,07:12:42.435,phemex,AERO/USDT:USDT,0.8999,124.0,0.8998,58.0,0.9001,31.0,0.9002,906.0
1753600362614,07:12:42.614,phemex,AERO/USDT:USDT,0.8999,119.0,0.8998,58.0,0.9001,31.0,0.9002,906.0
1753600365888,07:12:45.888,phemex,AERO/USDT:USDT,0.8999,119.0,0.8998,58.0,0.9001,31.0,0.9002,906.0
1753600366712,07:12:46.712,phemex,AERO/USDT:USDT,0.8999,119.0,0.8998,58.0,0.9001,31.0,0.9002,906.0
1753600370734,07:12:50.734,phemex,AERO/USDT:USDT,0.8999,115.0,0.8998,58.0,0.9001,31.0,0.9002,906.0
1753600370734,07:12:50.734,phemex,AERO/USDT:USDT,0.8999,115.0,0.8998,58.0,0.9001,31.0,0.9002,906.0
1753600372703,07:12:52.703,phemex,AERO/USDT:USDT,0.8999,115.0,0.8998,58.0,0.9003,124.0,0.9004,832.0
1753600372713,07:12:52.713,phemex,AERO/USDT:USDT,0.8999,115.0,0.8998,58.0,0.9003,124.0,0.9004,832.0
1753600372847,07:12:52.847,phemex,AERO/USDT:USDT,0.8999,115.0,0.8998,58.0,0.9003,124.0,0.9004,832.0
1753600372849,07:12:52.849,phemex,AERO/USDT:USDT,0.8999,115.0,0.8998,58.0,0.9003,124.0,0.9004,832.0
1753600372949,07:12:52.949,phemex,AERO/USDT:USDT,0.8999,115.0,0.8998,58.0,0.9007,74.0,0.901,547.0
1753600372953,07:12:52.953,phemex,AERO/USDT:USDT,0.8999,115.0,0.8998,58.0,0.9007,74.0,0.901,547.0
1753600373079,07:12:53.079,phemex,AERO/USDT:USDT,0.8999,115.0,0.8998,58.0,0.9007,74.0,0.9009,832.0
1753600373098,07:12:53.098,phemex,AERO/USDT:USDT,0.8999,115.0,0.8998,58.0,0.9007,74.0,0.9009,832.0
1753600373158,07:12:53.158,phemex,AERO/USDT:USDT,0.8999,115.0,0.8998,58.0,0.9007,74.0,0.9009,832.0
1753600373171,07:12:53.171,phemex,AERO/USDT:USDT,0.8999,115.0,0.8998,58.0,0.9007,74.0,0.9009,832.0
1753600374014,07:12:54.014,phemex,AERO/USDT:USDT,0.8999,115.0,0.8998,58.0,0.9007,74.0,0.9009,832.0
1753600375049,07:12:55.049,phemex,AERO/USDT:USDT,0.8999,115.0,0.8998,58.0,0.9007,74.0,0.9009,832.0
1753600375054,07:12:55.054,phemex,AERO/USDT:USDT,0.8999,115.0,0.8998,58.0,0.9007,74.0,0.9009,832.0
1753600375106,07:12:55.106,phemex,AERO/USDT:USDT,0.8999,115.0,0.8998,58.0,0.9007,906.0,0.901,547.0
1753600375826,07:12:55.826,phemex,AERO/USDT:USDT,0.8999,115.0,0.8998,58.0,0.9007,906.0,0.901,547.0
1753600375836,07:12:55.836,phemex,AERO/USDT:USDT,0.8999,115.0,0.8998,58.0,0.9007,906.0,0.901,547.0
1753600377246,07:12:57.246,phemex,AERO/USDT:USDT,0.8999,115.0,0.8998,58.0,0.9007,906.0,0.901,547.0
1753600378581,07:12:58.581,phemex,AERO/USDT:USDT,0.8999,167.0,0.8998,58.0,0.9004,224.0,0.9006,44.0
1753600380166,07:13:00.166,phemex,AERO/USDT:USDT,0.8999,167.0,0.8998,58.0,0.9004,224.0,0.9006,44.0
1753600380170,07:13:00.170,phemex,AERO/USDT:USDT,0.8999,167.0,0.8998,58.0,0.9004,224.0,0.9006,44.0
1753600380551,07:13:00.551,phemex,AERO/USDT:USDT,0.8999,167.0,0.8998,58.0,0.9004,179.0,0.9006,44.0
1753600381832,07:13:01.832,phemex,AERO/USDT:USDT,0.8999,167.0,0.8998,58.0,0.9004,179.0,0.9006,44.0
1753600381838,07:13:01.838,phemex,AERO/USDT:USDT,0.8999,167.0,0.8998,58.0,0.9004,179.0,0.9006,44.0
1753600382039,07:13:02.039,phemex,AERO/USDT:USDT,0.8999,167.0,0.8998,58.0,0.9004,179.0,0.9006,44.0
1753600382051,07:13:02.051,phemex,AERO/USDT:USDT,0.8999,167.0,0.8998,58.0,0.9004,179.0,0.9006,44.0
1753600382421,07:13:02.421,phemex,AERO/USDT:USDT,0.8999,167.0,0.8998,58.0,0.9004,179.0,0.9006,44.0
1753600382837,07:13:02.837,phemex,AERO/USDT:USDT,0.8999,167.0,0.8998,58.0,0.9004,179.0,0.9006,44.0
1753600382856,07:13:02.856,phemex,AERO/USDT:USDT,0.8999,167.0,0.8998,58.0,0.9004,179.0,0.9006,44.0
1753600383895,07:13:03.895,phemex,AERO/USDT:USDT,0.9,78.0,0.8999,62.0,0.9004,131.0,0.9005,53.0
1753600384054,07:13:04.054,phemex,AERO/USDT:USDT,0.9,78.0,0.8999,62.0,0.9005,53.0,0.9007,1466.0
1753600386847,07:13:06.847,phemex,AERO/USDT:USDT,0.9,78.0,0.8999,62.0,0.9005,53.0,0.9007,1466.0
1753600389567,07:13:09.567,phemex,AERO/USDT:USDT,0.9,78.0,0.8999,62.0,0.9002,72.0,0.9005,53.0
1753600389593,07:13:09.593,phemex,AERO/USDT:USDT,0.9001,71.0,0.9,78.0,0.9002,154.0,0.9003,53.0
1753600389617,07:13:09.617,phemex,AERO/USDT:USDT,0.9001,71.0,0.9,78.0,0.9002,134.0,0.9003,53.0
1753600389848,07:13:09.848,phemex,AERO/USDT:USDT,0.9001,71.0,0.9,78.0,0.9002,134.0,0.9003,53.0
1753600390590,07:13:10.590,phemex,AERO/USDT:USDT,0.9001,71.0,0.9,78.0,0.9002,134.0,0.9003,53.0
1753600390727,07:13:10.727,phemex,AERO/USDT:USDT,0.9001,71.0,0.9,78.0,0.9002,134.0,0.9003,53.0
1753600391978,07:13:11.978,phemex,AERO/USDT:USDT,0.9001,71.0,0.9,78.0,0.9002,134.0,0.9003,53.0
1753600392001,07:13:12.001,phemex,AERO/USDT:USDT,0.9001,71.0,0.9,78.0,0.9002,134.0,0.9003,53.0
1753600392111,07:13:12.111,phemex,AERO/USDT:USDT,0.9001,71.0,0.9,78.0,0.9002,134.0,0.9003,53.0
1753600392114,07:13:12.114,phemex,AERO/USDT:USDT,0.9001,71.0,0.9,78.0,0.9002,134.0,0.9003,53.0
1753600392234,07:13:12.234,phemex,AERO/USDT:USDT,0.9001,71.0,0.9,78.0,0.9002,134.0,0.9003,53.0
1753600392365,07:13:12.365,phemex,AERO/USDT:USDT,0.9001,71.0,0.9,78.0,0.9002,134.0,0.9003,53.0
1753600392509,07:13:12.509,phemex,AERO/USDT:USDT,0.9001,71.0,0.9,78.0,0.9005,122.0,0.9007,1116.0
1753600392524,07:13:12.524,phemex,AERO/USDT:USDT,0.9001,71.0,0.9,78.0,0.9005,122.0,0.9007,1116.0
1753600392529,07:13:12.529,phemex,AERO/USDT:USDT,0.9001,71.0,0.9,78.0,0.9005,122.0,0.9007,1116.0
1753600395790,07:13:15.790,phemex,AERO/USDT:USDT,0.9001,71.0,0.9,159.0,0.9005,122.0,0.9007,1116.0
1753600396648,07:13:16.648,phemex,AERO/USDT:USDT,0.9001,71.0,0.9,159.0,0.9005,122.0,0.9007,1116.0
1753600396838,07:13:16.838,phemex,AERO/USDT:USDT,0.9001,71.0,0.9,159.0,0.9005,122.0,0.9007,1116.0
1753600399838,07:13:19.838,phemex,AERO/USDT:USDT,0.9001,71.0,0.9,159.0,0.9005,954.0,0.9007,284.0
1753600401620,07:13:21.620,phemex,AERO/USDT:USDT,0.9001,71.0,0.9,159.0,0.9003,60.0,0.9005,954.0
1753600401680,07:13:21.680,phemex,AERO/USDT:USDT,0.9001,71.0,0.9,159.0,0.9003,60.0,0.9005,122.0
1753600401723,07:13:21.723,phemex,AERO/USDT:USDT,0.9001,71.0,0.9,159.0,0.9003,60.0,0.9004,832.0
1753600401839,07:13:21.839,phemex,AERO/USDT:USDT,0.9001,71.0,0.9,159.0,0.9003,60.0,0.9004,832.0
1753600402798,07:13:22.798,phemex,AERO/USDT:USDT,0.9001,71.0,0.9,159.0,0.9003,51.0,0.9004,832.0
1753600405837,07:13:25.837,phemex,AERO/USDT:USDT,0.9001,71.0,0.9,159.0,0.9003,51.0,0.9004,832.0
1753600406021,07:13:26.021,phemex,AERO/USDT:USDT,0.9001,71.0,0.9,159.0,0.9003,51.0,0.9005,122.0
1753600406025,07:13:26.025,phemex,AERO/USDT:USDT,0.9001,71.0,0.9,159.0,0.9003,51.0,0.9005,122.0
1753600406447,07:13:26.447,phemex,AERO/USDT:USDT,0.9001,71.0,0.9,159.0,0.9003,51.0,0.9005,122.0
1753600407569,07:13:27.569,phemex,AERO/USDT:USDT,0.9001,71.0,0.9,159.0,0.9003,51.0,0.9005,122.0
1753600407570,07:13:27.570,phemex,AERO/USDT:USDT,0.9001,71.0,0.9,159.0,0.9003,51.0,0.9005,122.0
1753600411238,07:13:31.238,phemex,AERO/USDT:USDT,0.9001,71.0,0.9,159.0,0.9003,51.0,0.9005,122.0
1753600411247,07:13:31.247,phemex,AERO/USDT:USDT,0.9001,71.0,0.9,159.0,0.9003,51.0,0.9005,122.0
1753600416077,07:13:36.077,phemex,AERO/USDT:USDT,0.9001,71.0,0.9,159.0,0.9003,51.0,0.9005,122.0
1753600417831,07:13:37.831,phemex,AERO/USDT:USDT,0.9001,71.0,0.9,159.0,0.9003,51.0,0.9005,122.0
1753600417846,07:13:37.846,phemex,AERO/USDT:USDT,0.9001,71.0,0.9,159.0,0.9003,51.0,0.9004,832.0
1753600422073,07:13:42.073,phemex,AERO/USDT:USDT,0.9001,71.0,0.9,159.0,0.9004,832.0,0.9005,69.0
1753600422121,07:13:42.121,phemex,AERO/USDT:USDT,0.9001,71.0,0.9,159.0,0.9005,69.0,0.9006,125.0
1753600422177,07:13:42.177,phemex,AERO/USDT:USDT,0.9001,71.0,0.9,159.0,0.9005,901.0,0.9006,125.0
1753600424367,07:13:44.367,phemex,AERO/USDT:USDT,0.9001,71.0,0.9,159.0,0.9005,901.0,0.9006,125.0
1753600424377,07:13:44.377,phemex,AERO/USDT:USDT,0.9001,71.0,0.9,159.0,0.9005,901.0,0.9006,125.0
1753600426835,07:13:46.835,phemex,AERO/USDT:USDT,0.9001,71.0,0.9,159.0,0.9005,901.0,0.9006,125.0
1753600427003,07:13:47.003,phemex,AERO/USDT:USDT,0.9001,71.0,0.9,159.0,0.9005,901.0,0.9006,125.0
1753600429382,07:13:49.382,phemex,AERO/USDT:USDT,0.9001,67.0,0.9,159.0,0.9005,901.0,0.9006,125.0
1753600429480,07:13:49.480,phemex,AERO/USDT:USDT,0.9003,50.0,0.9001,67.0,0.9005,901.0,0.9006,125.0
1753600429504,07:13:49.504,phemex,AERO/USDT:USDT,0.9003,50.0,0.9001,67.0,0.9005,901.0,0.9006,125.0
1753600429510,07:13:49.510,phemex,AERO/USDT:USDT,0.9003,50.0,0.9001,67.0,0.9005,901.0,0.9006,125.0
1753600429510,07:13:49.510,phemex,AERO/USDT:USDT,0.9003,50.0,0.9001,67.0,0.9005,901.0,0.9006,125.0
1753600432830,07:13:52.830,phemex,AERO/USDT:USDT,0.9003,50.0,0.9001,67.0,0.9005,901.0,0.9006,125.0
1753600432836,07:13:52.836,phemex,AERO/USDT:USDT,0.9003,50.0,0.9001,67.0,0.9005,901.0,0.9006,125.0
1753600435831,07:13:55.831,phemex,AERO/USDT:USDT,0.9003,50.0,0.9001,67.0,0.9005,901.0,0.9006,125.0
1753600435840,07:13:55.840,phemex,AERO/USDT:USDT,0.9003,50.0,0.9001,67.0,0.9005,901.0,0.9006,125.0
1753600441832,07:14:01.832,phemex,AERO/USDT:USDT,0.9003,50.0,0.9001,67.0,0.9005,901.0,0.9006,125.0
1753600441838,07:14:01.838,phemex,AERO/USDT:USDT,0.9003,50.0,0.9001,67.0,0.9005,901.0,0.9006,125.0
1753600441943,07:14:01.943,phemex,AERO/USDT:USDT,0.9003,50.0,0.9001,67.0,0.9005,901.0,0.9006,125.0
1753600444366,07:14:04.366,phemex,AERO/USDT:USDT,0.9002,57.0,0.9,159.0,0.9005,901.0,0.9006,125.0
1753600444366,07:14:04.366,phemex,AERO/USDT:USDT,0.9002,57.0,0.9,159.0,0.9005,901.0,0.9006,125.0
1753600444729,07:14:04.729,phemex,AERO/USDT:USDT,0.9002,57.0,0.9,159.0,0.9005,901.0,0.9006,125.0
1753600444737,07:14:04.737,phemex,AERO/USDT:USDT,0.9002,57.0,0.9,159.0,0.9005,901.0,0.9006,125.0
1753600448415,07:14:08.415,phemex,AERO/USDT:USDT,0.9002,57.0,0.9,159.0,0.9005,841.0,0.9006,125.0
1753600448485,07:14:08.485,phemex,AERO/USDT:USDT,0.9002,57.0,0.9,159.0,0.9005,841.0,0.9006,125.0
1753600449424,07:14:09.424,phemex,AERO/USDT:USDT,0.9002,57.0,0.9001,47.0,0.9005,888.0,0.9006,208.0
1753600450287,07:14:10.287,phemex,AERO/USDT:USDT,0.9002,57.0,0.9001,47.0,0.9005,884.0,0.9006,208.0
1753600451634,07:14:11.634,phemex,AERO/USDT:USDT,0.9002,57.0,0.9001,47.0,0.9005,884.0,0.9006,208.0
1753600451721,07:14:11.721,phemex,AERO/USDT:USDT,0.9002,57.0,0.9001,47.0,0.9005,884.0,0.9006,208.0
1753600451743,07:14:11.743,phemex,AERO/USDT:USDT,0.9002,57.0,0.9001,47.0,0.9005,884.0,0.9006,208.0
1753600452756,07:14:12.756,phemex,AERO/USDT:USDT,0.9002,57.0,0.9001,47.0,0.9005,884.0,0.9006,208.0
1753600452896,07:14:12.896,phemex,AERO/USDT:USDT,0.9002,57.0,0.9001,47.0,0.9005,884.0,0.9006,208.0
1753600452946,07:14:12.946,phemex,AERO/USDT:USDT,0.9002,57.0,0.9001,47.0,0.9005,884.0,0.9006,208.0
1753600452991,07:14:12.991,phemex,AERO/USDT:USDT,0.9002,57.0,0.9001,47.0,0.9005,884.0,0.9006,208.0
1753600453110,07:14:13.110,phemex,AERO/USDT:USDT,0.9002,57.0,0.9001,47.0,0.9005,884.0,0.9006,208.0
1753600453994,07:14:13.994,phemex,AERO/USDT:USDT,0.9001,47.0,0.9,159.0,0.9005,884.0,0.9006,208.0
1753600454008,07:14:14.008,phemex,AERO/USDT:USDT,0.9001,47.0,0.9,159.0,0.9004,832.0,0.9005,52.0
1753600455865,07:14:15.865,phemex,AERO/USDT:USDT,0.9001,47.0,0.9,159.0,0.9004,832.0,0.9005,52.0
1753600458098,07:14:18.098,phemex,AERO/USDT:USDT,0.9001,47.0,0.9,159.0,0.9004,832.0,0.9005,52.0
1753600458610,07:14:18.610,phemex,AERO/USDT:USDT,0.9001,30.0,0.9,159.0,0.9004,832.0,0.9005,52.0
1753600461313,07:14:21.313,phemex,AERO/USDT:USDT,0.9001,30.0,0.9,159.0,0.9005,52.0,0.9006,137.0
1753600461353,07:14:21.353,phemex,AERO/USDT:USDT,0.9001,54.0,0.9,159.0,0.9003,67.0,0.9005,884.0
1753600461835,07:14:21.835,phemex,AERO/USDT:USDT,0.9001,54.0,0.9,159.0,0.9003,67.0,0.9005,884.0
1753600462506,07:14:22.506,phemex,AERO/USDT:USDT,0.9001,54.0,0.9,159.0,0.9003,67.0,0.9005,884.0
1753600462560,07:14:22.560,phemex,AERO/USDT:USDT,0.9001,54.0,0.9,159.0,0.9003,67.0,0.9005,884.0
1753600464311,07:14:24.311,phemex,AERO/USDT:USDT,0.9001,54.0,0.9,159.0,0.9003,67.0,0.9005,884.0
1753600465164,07:14:25.164,phemex,AERO/USDT:USDT,0.9001,54.0,0.9,159.0,0.9003,60.0,0.9005,884.0
1753600467294,07:14:27.294,phemex,AERO/USDT:USDT,0.9001,54.0,0.9,159.0,0.9003,60.0,0.9005,884.0
1753600470389,07:14:30.389,phemex,AERO/USDT:USDT,0.9001,54.0,0.9,159.0,0.9003,60.0,0.9005,955.0
1753600470409,07:14:30.409,phemex,AERO/USDT:USDT,0.9,54.0,0.8999,79.0,0.9003,60.0,0.9005,955.0
1753600470424,07:14:30.424,phemex,AERO/USDT:USDT,0.9,54.0,0.8999,79.0,0.9003,892.0,0.9005,123.0
1753600470523,07:14:30.523,phemex,AERO/USDT:USDT,0.9,54.0,0.8999,79.0,0.9003,892.0,0.9005,123.0
1753600470531,07:14:30.531,phemex,AERO/USDT:USDT,0.9,54.0,0.8999,79.0,0.9003,892.0,0.9005,123.0
1753600470587,07:14:30.587,phemex,AERO/USDT:USDT,0.9,54.0,0.8999,79.0,0.9003,892.0,0.9005,123.0
1753600470621,07:14:30.621,phemex,AERO/USDT:USDT,0.9,54.0,0.8999,79.0,0.9003,892.0,0.9005,123.0
1753600472078,07:14:32.078,phemex,AERO/USDT:USDT,0.9,54.0,0.8999,79.0,0.9003,892.0,0.9005,123.0
1753600472089,07:14:32.089,phemex,AERO/USDT:USDT,0.9,54.0,0.8999,79.0,0.9003,892.0,0.9005,123.0
1753600472562,07:14:32.562,phemex,AERO/USDT:USDT,0.8991,591.0,0.8988,384.0,0.9002,832.0,0.9003,60.0
1753600472566,07:14:32.566,phemex,AERO/USDT:USDT,0.8991,591.0,0.8988,384.0,0.9002,832.0,0.9003,60.0
1753600472576,07:14:32.576,phemex,AERO/USDT:USDT,0.8991,591.0,0.8988,384.0,0.9002,832.0,0.9003,60.0
1753600472680,07:14:32.680,phemex,AERO/USDT:USDT,0.8991,591.0,0.8988,384.0,0.9002,832.0,0.9003,60.0
1753600472694,07:14:32.694,phemex,AERO/USDT:USDT,0.8991,591.0,0.8988,384.0,0.9002,832.0,0.9003,60.0
1753600472705,07:14:32.705,phemex,AERO/USDT:USDT,0.8991,591.0,0.8988,384.0,0.9003,892.0,0.9005,123.0
1753600472768,07:14:32.768,phemex,AERO/USDT:USDT,0.8991,591.0,0.8988,384.0,0.9003,892.0,0.9005,123.0
1753600476104,07:14:36.104,phemex,AERO/USDT:USDT,0.8991,591.0,0.8988,384.0,0.9003,832.0,0.9005,123.0
1753600476574,07:14:36.574,phemex,AERO/USDT:USDT,0.8991,591.0,0.8988,384.0,0.9005,123.0,0.9006,76.0
1753600476581,07:14:36.581,phemex,AERO/USDT:USDT,0.8991,591.0,0.8988,384.0,0.9005,955.0,0.9006,76.0
1753600476883,07:14:36.883,phemex,AERO/USDT:USDT,0.8991,591.0,0.8988,384.0,0.9005,955.0,0.9006,76.0
1753600477746,07:14:37.746,phemex,AERO/USDT:USDT,0.8991,551.0,0.8988,384.0,0.9005,955.0,0.9006,76.0
1753600479242,07:14:39.242,phemex,AERO/USDT:USDT,0.8991,551.0,0.8988,384.0,0.9005,955.0,0.9006,76.0
1753600480228,07:14:40.228,phemex,AERO/USDT:USDT,0.8996,200.0,0.8993,56.0,0.8999,124.0,0.9,106.0
1753600480261,07:14:40.261,phemex,AERO/USDT:USDT,0.8996,200.0,0.8993,56.0,0.8999,124.0,0.9,106.0
1753600480262,07:14:40.262,phemex,AERO/USDT:USDT,0.8996,200.0,0.8993,56.0,0.8999,124.0,0.9,106.0
1753600481314,07:14:41.314,phemex,AERO/USDT:USDT,0.8996,200.0,0.8993,56.0,0.8999,124.0,0.9,106.0
1753600481329,07:14:41.329,phemex,AERO/USDT:USDT,0.8996,200.0,0.8993,56.0,0.8999,956.0,0.9,106.0
1753600481457,07:14:41.457,phemex,AERO/USDT:USDT,0.8996,200.0,0.8993,56.0,0.8999,949.0,0.9,106.0
1753600481685,07:14:41.685,phemex,AERO/USDT:USDT,0.8996,200.0,0.8993,56.0,0.8999,949.0,0.9,106.0
1753600482016,07:14:42.016,phemex,AERO/USDT:USDT,0.8996,200.0,0.8993,56.0,0.8999,949.0,0.9,106.0
1753600483312,07:14:43.312,phemex,AERO/USDT:USDT,0.8996,200.0,0.8993,56.0,0.8999,949.0,0.9,106.0
1753600483339,07:14:43.339,phemex,AERO/USDT:USDT,0.8995,56.0,0.8993,56.0,0.8999,949.0,0.9,106.0
1753600483347,07:14:43.347,phemex,AERO/USDT:USDT,0.8995,56.0,0.8993,56.0,0.8999,949.0,0.9,106.0
1753600483382,07:14:43.382,phemex,AERO/USDT:USDT,0.8995,56.0,0.8993,56.0,0.8999,949.0,0.9,106.0
1753600483405,07:14:43.405,phemex,AERO/USDT:USDT,0.8987,3369.0,0.8986,402.0,0.8999,949.0,0.9,106.0
1753600483411,07:14:43.411,phemex,AERO/USDT:USDT,0.8989,49.0,0.8988,45.0,0.8999,949.0,0.9,106.0
1753600483472,07:14:43.472,phemex,AERO/USDT:USDT,0.8989,49.0,0.8988,45.0,0.8999,949.0,0.9,106.0
1753600483498,07:14:43.498,phemex,AERO/USDT:USDT,0.8989,49.0,0.8988,45.0,0.8999,949.0,0.9,106.0
1753600483538,07:14:43.538,phemex,AERO/USDT:USDT,0.8989,49.0,0.8988,45.0,0.8999,949.0,0.9,106.0
1753600483592,07:14:43.592,phemex,AERO/USDT:USDT,0.8989,49.0,0.8988,45.0,0.8999,117.0,0.9,106.0
1753600483627,07:14:43.627,phemex,AERO/USDT:USDT,0.8989,49.0,0.8988,45.0,0.8999,117.0,0.9,106.0
1753600483658,07:14:43.658,phemex,AERO/USDT:USDT,0.8989,49.0,0.8988,45.0,0.8999,117.0,0.9,106.0
1753600483732,07:14:43.732,phemex,AERO/USDT:USDT,0.8989,49.0,0.8988,45.0,0.8999,117.0,0.9,106.0
1753600484737,07:14:44.737,phemex,AERO/USDT:USDT,0.8989,49.0,0.8988,45.0,0.8999,117.0,0.9,106.0
1753600484790,07:14:44.790,phemex,AERO/USDT:USDT,0.8989,49.0,0.8988,45.0,0.8999,117.0,0.9,106.0
1753600484904,07:14:44.904,phemex,AERO/USDT:USDT,0.8989,49.0,0.8988,45.0,0.8999,117.0,0.9,106.0
1753600485847,07:14:45.847,phemex,AERO/USDT:USDT,0.8989,49.0,0.8988,45.0,0.8991,67.0,0.8993,135.0
1753600485861,07:14:45.861,phemex,AERO/USDT:USDT,0.8989,49.0,0.8988,45.0,0.8991,67.0,0.8993,135.0
1753600486484,07:14:46.484,phemex,AERO/USDT:USDT,0.8989,49.0,0.8988,45.0,0.8991,67.0,0.8993,135.0
1753600489751,07:14:49.751,phemex,AERO/USDT:USDT,0.8988,55.0,0.8984,360.0,0.8991,67.0,0.8993,135.0
1753600489753,07:14:49.753,phemex,AERO/USDT:USDT,0.8988,55.0,0.8984,360.0,0.8991,67.0,0.8992,832.0
1753600490631,07:14:50.631,phemex,AERO/USDT:USDT,0.8984,360.0,0.8982,764.0,0.8991,67.0,0.8992,832.0
1753600491074,07:14:51.074,phemex,AERO/USDT:USDT,0.8984,360.0,0.8982,764.0,0.8989,49.0,0.899,123.0
1753600491166,07:14:51.166,phemex,AERO/USDT:USDT,0.8987,62.0,0.8984,139.0,0.8989,49.0,0.899,123.0
1753600491172,07:14:51.172,phemex,AERO/USDT:USDT,0.8987,62.0,0.8984,139.0,0.8989,49.0,0.899,123.0
1753600491284,07:14:51.284,phemex,AERO/USDT:USDT,0.8987,62.0,0.8984,139.0,0.8989,49.0,0.899,123.0
1753600491551,07:14:51.551,phemex,AERO/USDT:USDT,0.8987,62.0,0.8984,139.0,0.8989,49.0,0.899,123.0
1753600491551,07:14:51.551,phemex,AERO/USDT:USDT,0.8987,62.0,0.8984,139.0,0.8989,49.0,0.899,123.0
1753600493511,07:14:53.511,phemex,AERO/USDT:USDT,0.8987,62.0,0.8984,139.0,0.899,123.0,0.8991,67.0
1753600494010,07:14:54.010,phemex,AERO/USDT:USDT,0.8987,62.0,0.8984,139.0,0.899,123.0,0.8991,67.0
1753600495264,07:14:55.264,phemex,AERO/USDT:USDT,0.8986,146.0,0.8984,47.0,0.899,123.0,0.8991,67.0
1753600495302,07:14:55.302,phemex,AERO/USDT:USDT,0.8984,61.0,0.8983,80.0,0.899,123.0,0.8991,67.0
1753600495413,07:14:55.413,phemex,AERO/USDT:USDT,0.8984,61.0,0.8983,80.0,0.899,123.0,0.8991,67.0
1753600495475,07:14:55.475,phemex,AERO/USDT:USDT,0.8984,61.0,0.8983,80.0,0.899,123.0,0.8991,67.0
1753600495487,07:14:55.487,phemex,AERO/USDT:USDT,0.8984,61.0,0.8983,80.0,0.899,123.0,0.8991,67.0
1753600495516,07:14:55.516,phemex,AERO/USDT:USDT,0.8984,61.0,0.8983,80.0,0.899,123.0,0.8991,67.0
1753600495535,07:14:55.535,phemex,AERO/USDT:USDT,0.8984,61.0,0.8983,80.0,0.8989,832.0,0.899,123.0
1753600495642,07:14:55.642,phemex,AERO/USDT:USDT,0.8984,61.0,0.8983,80.0,0.899,123.0,0.8991,67.0
1753600495674,07:14:55.674,phemex,AERO/USDT:USDT,0.8984,61.0,0.8983,80.0,0.899,955.0,0.8991,67.0
1753600495832,07:14:55.832,phemex,AERO/USDT:USDT,0.8984,61.0,0.8983,80.0,0.899,955.0,0.8991,67.0
1753600496113,07:14:56.113,phemex,AERO/USDT:USDT,0.8982,82.0,0.8979,326.0,0.8986,199.0,0.8988,73.0
1753600496121,07:14:56.121,phemex,AERO/USDT:USDT,0.8982,82.0,0.8979,326.0,0.8986,199.0,0.8988,73.0
1753600496382,07:14:56.382,phemex,AERO/USDT:USDT,0.8982,82.0,0.8979,326.0,0.8986,199.0,0.8988,73.0
1753600496454,07:14:56.454,phemex,AERO/USDT:USDT,0.8982,82.0,0.8979,326.0,0.8986,157.0,0.8988,73.0
1753600496511,07:14:56.511,phemex,AERO/USDT:USDT,0.8982,82.0,0.8979,326.0,0.8986,157.0,0.8988,73.0
1753600498267,07:14:58.267,phemex,AERO/USDT:USDT,0.8982,82.0,0.8979,326.0,0.8988,131.0,0.8989,832.0
1753600498316,07:14:58.316,phemex,AERO/USDT:USDT,0.8982,82.0,0.8979,326.0,0.8988,131.0,0.899,610.0
1753600498338,07:14:58.338,phemex,AERO/USDT:USDT,0.8982,82.0,0.8979,326.0,0.8988,131.0,0.899,610.0
1753600498342,07:14:58.342,phemex,AERO/USDT:USDT,0.8982,82.0,0.8979,326.0,0.8988,131.0,0.899,610.0
1753600498395,07:14:58.395,phemex,AERO/USDT:USDT,0.8982,82.0,0.8979,326.0,0.8988,131.0,0.8991,955.0
1753600498687,07:14:58.687,phemex,AERO/USDT:USDT,0.8982,82.0,0.8979,326.0,0.8988,131.0,0.8991,955.0
1753600500117,07:15:00.117,phemex,AERO/USDT:USDT,0.8982,82.0,0.8979,326.0,0.8988,131.0,0.8991,955.0
1753600500284,07:15:00.284,phemex,AERO/USDT:USDT,0.8982,82.0,0.8979,326.0,0.8988,131.0,0.8992,574.0
1753600500519,07:15:00.519,phemex,AERO/USDT:USDT,0.8982,82.0,0.8979,326.0,0.8988,131.0,0.8992,574.0
1753600500534,07:15:00.534,phemex,AERO/USDT:USDT,0.8982,82.0,0.8979,326.0,0.8988,131.0,0.8992,574.0
1753600500539,07:15:00.539,phemex,AERO/USDT:USDT,0.8982,82.0,0.8979,326.0,0.8988,131.0,0.8992,574.0
1753600500960,07:15:00.960,phemex,AERO/USDT:USDT,0.8982,82.0,0.8979,326.0,0.8988,131.0,0.8992,574.0
1753600501045,07:15:01.045,phemex,AERO/USDT:USDT,0.8982,82.0,0.8979,326.0,0.8988,131.0,0.8992,574.0
1753600501222,07:15:01.222,phemex,AERO/USDT:USDT,0.8982,82.0,0.8979,326.0,0.8988,100.0,0.8992,574.0
1753600502015,07:15:02.015,phemex,AERO/USDT:USDT,0.8987,70.0,0.8985,121.0,0.8988,100.0,0.8992,574.0
1753600502034,07:15:02.034,phemex,AERO/USDT:USDT,0.8987,70.0,0.8985,121.0,0.8988,100.0,0.8992,574.0
1753600502041,07:15:02.041,phemex,AERO/USDT:USDT,0.8987,70.0,0.8985,121.0,0.8988,100.0,0.8991,832.0
1753600502291,07:15:02.291,phemex,AERO/USDT:USDT,0.8984,115.0,0.8982,542.0,0.8988,100.0,0.8991,832.0
1753600502291,07:15:02.291,phemex,AERO/USDT:USDT,0.8986,72.0,0.8984,115.0,0.8988,100.0,0.8991,832.0
1753600502336,07:15:02.336,phemex,AERO/USDT:USDT,0.8986,72.0,0.8984,115.0,0.8988,100.0,0.8991,832.0
1753600502358,07:15:02.358,phemex,AERO/USDT:USDT,0.8986,72.0,0.8984,115.0,0.8988,100.0,0.8991,832.0
1753600502390,07:15:02.390,phemex,AERO/USDT:USDT,0.8983,66.0,0.8981,565.0,0.8988,100.0,0.8992,574.0
1753600502397,07:15:02.397,phemex,AERO/USDT:USDT,0.8983,66.0,0.8981,565.0,0.8988,100.0,0.899,832.0
1753600502428,07:15:02.428,phemex,AERO/USDT:USDT,0.8983,66.0,0.8981,565.0,0.8988,100.0,0.8992,574.0
1753600502678,07:15:02.678,phemex,AERO/USDT:USDT,0.8983,66.0,0.8981,565.0,0.8988,100.0,0.8992,574.0
1753600503053,07:15:03.053,phemex,AERO/USDT:USDT,0.8983,66.0,0.8982,52.0,0.8988,100.0,0.8991,832.0
1753600503915,07:15:03.915,phemex,AERO/USDT:USDT,0.8983,66.0,0.8982,52.0,0.8988,100.0,0.8991,832.0
1753600504305,07:15:04.305,phemex,AERO/USDT:USDT,0.8983,66.0,0.8982,52.0,0.8988,100.0,0.8991,832.0
1753600504784,07:15:04.784,phemex,AERO/USDT:USDT,0.8983,66.0,0.8982,52.0,0.8988,80.0,0.8991,832.0
1753600505157,07:15:05.157,phemex,AERO/USDT:USDT,0.8983,66.0,0.8982,52.0,0.8988,80.0,0.8991,832.0
1753600505163,07:15:05.163,phemex,AERO/USDT:USDT,0.8983,66.0,0.8982,52.0,0.8988,80.0,0.8991,832.0
1753600505680,07:15:05.680,phemex,AERO/USDT:USDT,0.8983,66.0,0.8982,52.0,0.8988,80.0,0.8991,832.0
1753600505693,07:15:05.693,phemex,AERO/USDT:USDT,0.8983,66.0,0.8982,52.0,0.8988,80.0,0.8991,832.0
1753600509095,07:15:09.095,phemex,AERO/USDT:USDT,0.8986,59.0,0.8985,68.0,0.8988,80.0,0.8991,832.0
1753600509130,07:15:09.130,phemex,AERO/USDT:USDT,0.8986,59.0,0.8985,68.0,0.8988,80.0,0.8992,574.0
1753600509133,07:15:09.133,phemex,AERO/USDT:USDT,0.8986,59.0,0.8985,68.0,0.8988,80.0,0.899,832.0
1753600509152,07:15:09.152,phemex,AERO/USDT:USDT,0.8986,59.0,0.8985,68.0,0.8988,80.0,0.899,832.0
1753600509246,07:15:09.246,phemex,AERO/USDT:USDT,0.8986,59.0,0.8985,68.0,0.8988,80.0,0.899,832.0
1753600509356,07:15:09.356,phemex,AERO/USDT:USDT,0.8986,59.0,0.8985,68.0,0.8988,126.0,0.8989,104.0
1753600509962,07:15:09.962,phemex,AERO/USDT:USDT,0.8983,66.0,0.8981,348.0,0.8988,126.0,0.8989,104.0
1753600509964,07:15:09.964,phemex,AERO/USDT:USDT,0.8983,66.0,0.8981,348.0,0.8988,126.0,0.8989,104.0
1753600509988,07:15:09.988,phemex,AERO/USDT:USDT,0.8983,66.0,0.8981,348.0,0.8988,958.0,0.8989,104.0
1753600510491,07:15:10.491,phemex,AERO/USDT:USDT,0.8983,66.0,0.8981,348.0,0.8988,958.0,0.8989,104.0
1753600510499,07:15:10.499,phemex,AERO/USDT:USDT,0.8983,66.0,0.8981,348.0,0.8988,958.0,0.8989,104.0
1753600511731,07:15:11.731,phemex,AERO/USDT:USDT,0.8983,66.0,0.8981,348.0,0.8988,68.0,0.8989,104.0
1753600511969,07:15:11.969,phemex,AERO/USDT:USDT,0.8983,66.0,0.8981,348.0,0.8988,48.0,0.8989,104.0
1753600515294,07:15:15.294,phemex,AERO/USDT:USDT,0.8983,66.0,0.8981,348.0,0.8988,48.0,0.8989,104.0
1753600515443,07:15:15.443,phemex,AERO/USDT:USDT,0.8986,135.0,0.8983,133.0,0.8988,48.0,0.8989,104.0
1753600515454,07:15:15.454,phemex,AERO/USDT:USDT,0.8986,135.0,0.8983,133.0,0.8988,48.0,0.8989,104.0
1753600515460,07:15:15.460,phemex,AERO/USDT:USDT,0.8986,135.0,0.8983,133.0,0.8988,880.0,0.8989,104.0
1753600519554,07:15:19.554,phemex,AERO/USDT:USDT,0.8986,135.0,0.8983,133.0,0.8988,880.0,0.8989,149.0
1753600519878,07:15:19.878,phemex,AERO/USDT:USDT,0.8984,83.0,0.8982,134.0,0.8988,880.0,0.8989,149.0
1753600519894,07:15:19.894,phemex,AERO/USDT:USDT,0.8984,83.0,0.8982,134.0,0.8988,880.0,0.8989,149.0
1753600519924,07:15:19.924,phemex,AERO/USDT:USDT,0.8984,83.0,0.8982,134.0,0.8988,868.0,0.8989,149.0
1753600520093,07:15:20.093,phemex,AERO/USDT:USDT,0.8984,83.0,0.8982,134.0,0.8988,868.0,0.8989,149.0
1753600524021,07:15:24.021,phemex,AERO/USDT:USDT,0.8984,83.0,0.8982,134.0,0.8988,832.0,0.8989,149.0
1753600524144,07:15:24.144,phemex,AERO/USDT:USDT,0.8984,83.0,0.8982,134.0,0.8988,832.0,0.8989,149.0
1753600524206,07:15:24.206,phemex,AERO/USDT:USDT,0.8984,83.0,0.8982,134.0,0.8988,832.0,0.8989,149.0
1753600524261,07:15:24.261,phemex,AERO/USDT:USDT,0.8984,83.0,0.8982,134.0,0.8988,832.0,0.8989,149.0
1753600524894,07:15:24.894,phemex,AERO/USDT:USDT,0.8984,83.0,0.8982,134.0,0.8988,832.0,0.8989,149.0
1753600525412,07:15:25.412,phemex,AERO/USDT:USDT,0.8984,157.0,0.8982,134.0,0.8987,74.0,0.8988,832.0
1753600525855,07:15:25.855,phemex,AERO/USDT:USDT,0.8982,134.0,0.898,916.0,0.8987,74.0,0.8988,832.0
1753600525884,07:15:25.884,phemex,AERO/USDT:USDT,0.8979,3369.0,0.8977,1534.0,0.8987,74.0,0.8988,832.0
1753600525957,07:15:25.957,phemex,AERO/USDT:USDT,0.8977,1534.0,0.8974,281.0,0.8987,74.0,0.8989,113.0
1753600525987,07:15:25.987,phemex,AERO/USDT:USDT,0.8977,1541.0,0.8974,281.0,0.8987,74.0,0.8989,113.0
1753600526021,07:15:26.021,phemex,AERO/USDT:USDT,0.8977,1541.0,0.8974,281.0,0.8987,74.0,0.8989,113.0
1753600526071,07:15:26.071,phemex,AERO/USDT:USDT,0.8977,1541.0,0.8975,3369.0,0.8987,74.0,0.8989,113.0
1753600526128,07:15:26.128,phemex,AERO/USDT:USDT,0.8977,1541.0,0.8975,3369.0,0.8987,74.0,0.8989,113.0
1753600526145,07:15:26.145,phemex,AERO/USDT:USDT,0.8977,1541.0,0.8975,3369.0,0.8987,74.0,0.8989,113.0
1753600526159,07:15:26.159,phemex,AERO/USDT:USDT,0.8977,1541.0,0.8975,3369.0,0.8987,906.0,0.8989,113.0
1753600526213,07:15:26.213,phemex,AERO/USDT:USDT,0.8977,1541.0,0.8974,281.0,0.8987,906.0,0.8989,113.0
1753600526240,07:15:26.240,phemex,AERO/USDT:USDT,0.8977,1541.0,0.8974,281.0,0.8987,906.0,0.8989,113.0
1753600526340,07:15:26.340,phemex,AERO/USDT:USDT,0.8977,1541.0,0.8974,281.0,0.8987,906.0,0.8989,113.0
1753600526663,07:15:26.663,phemex,AERO/USDT:USDT,0.8977,1541.0,0.8974,281.0,0.8987,906.0,0.8989,113.0
1753600529232,07:15:29.232,phemex,AERO/USDT:USDT,0.8977,1541.0,0.8974,281.0,0.8987,857.0,0.8989,113.0
1753600529695,07:15:29.695,phemex,AERO/USDT:USDT,0.8977,1541.0,0.8974,281.0,0.8987,857.0,0.8989,113.0
1753600529911,07:15:29.911,phemex,AERO/USDT:USDT,0.8977,1541.0,0.8974,281.0,0.8987,857.0,0.8989,113.0
1753600531485,07:15:31.485,phemex,AERO/USDT:USDT,0.8983,57.0,0.8982,151.0,0.8985,148.0,0.8987,931.0
1753600531512,07:15:31.512,phemex,AERO/USDT:USDT,0.8983,57.0,0.8982,151.0,0.8985,148.0,0.8987,931.0
1753600531606,07:15:31.606,phemex,AERO/USDT:USDT,0.8983,57.0,0.8982,151.0,0.8987,931.0,0.899,317.0
1753600531622,07:15:31.622,phemex,AERO/USDT:USDT,0.8983,57.0,0.8982,151.0,0.8987,931.0,0.899,317.0
1753600531742,07:15:31.742,phemex,AERO/USDT:USDT,0.8983,57.0,0.8982,151.0,0.8987,931.0,0.899,317.0
1753600531817,07:15:31.817,phemex,AERO/USDT:USDT,0.8983,57.0,0.8982,151.0,0.8987,99.0,0.8989,832.0
1753600534494,07:15:34.494,phemex,AERO/USDT:USDT,0.8983,57.0,0.8982,151.0,0.8987,99.0,0.8989,832.0
1753600537838,07:15:37.838,phemex,AERO/USDT:USDT,0.8983,57.0,0.8982,151.0,0.8987,931.0,0.899,317.0
1753600539287,07:15:39.287,phemex,AERO/USDT:USDT,0.8983,57.0,0.8982,151.0,0.8987,931.0,0.899,317.0
1753600539294,07:15:39.294,phemex,AERO/USDT:USDT,0.8983,57.0,0.8982,151.0,0.8987,931.0,0.899,317.0
1753600542018,07:15:42.018,phemex,AERO/USDT:USDT,0.8983,57.0,0.8982,151.0,0.8987,931.0,0.899,317.0
1753600543837,07:15:43.837,phemex,AERO/USDT:USDT,0.8983,57.0,0.8982,151.0,0.8987,931.0,0.899,317.0
1753600544094,07:15:44.094,phemex,AERO/USDT:USDT,0.8983,57.0,0.8982,151.0,0.8987,931.0,0.899,317.0
1753600545834,07:15:45.834,phemex,AERO/USDT:USDT,0.8983,57.0,0.8982,151.0,0.8987,931.0,0.899,317.0
1753600546836,07:15:46.836,phemex,AERO/USDT:USDT,0.8983,57.0,0.8982,151.0,0.8987,931.0,0.899,317.0
1753600549192,07:15:49.192,phemex,AERO/USDT:USDT,0.8984,83.0,0.8983,57.0,0.8985,74.0,0.8987,931.0
1753600549643,07:15:49.643,phemex,AERO/USDT:USDT,0.8983,112.0,0.8981,66.0,0.8985,74.0,0.8987,931.0
1753600549651,07:15:49.651,phemex,AERO/USDT:USDT,0.8983,112.0,0.8981,66.0,0.8985,74.0,0.8986,832.0
1753600551707,07:15:51.707,phemex,AERO/USDT:USDT,0.8983,112.0,0.8981,66.0,0.8985,74.0,0.8986,832.0
1753600551707,07:15:51.707,phemex,AERO/USDT:USDT,0.8983,112.0,0.8981,66.0,0.8985,74.0,0.8986,832.0
1753600552937,07:15:52.937,phemex,AERO/USDT:USDT,0.8983,112.0,0.8981,66.0,0.8986,832.0,0.8987,99.0
1753600553076,07:15:53.076,phemex,AERO/USDT:USDT,0.8983,112.0,0.8981,66.0,0.8987,931.0,0.8988,80.0
1753600553104,07:15:53.104,phemex,AERO/USDT:USDT,0.8983,112.0,0.8981,66.0,0.8987,931.0,0.8988,80.0
1753600553214,07:15:53.214,phemex,AERO/USDT:USDT,0.8983,112.0,0.8981,66.0,0.8987,931.0,0.8988,80.0
1753600553847,07:15:53.847,phemex,AERO/USDT:USDT,0.8983,112.0,0.8981,66.0,0.8987,927.0,0.8988,80.0
1753600553894,07:15:53.894,phemex,AERO/USDT:USDT,0.8983,112.0,0.8981,66.0,0.8987,927.0,0.8988,80.0
1753600555095,07:15:55.095,phemex,AERO/USDT:USDT,0.8983,108.0,0.8981,66.0,0.8987,927.0,0.8988,80.0
1753600555867,07:15:55.867,phemex,AERO/USDT:USDT,0.8983,157.0,0.8981,66.0,0.8987,927.0,0.8988,80.0
1753600555971,07:15:55.971,phemex,AERO/USDT:USDT,0.8983,157.0,0.8981,66.0,0.8987,927.0,0.8988,80.0
1753600555991,07:15:55.991,phemex,AERO/USDT:USDT,0.8983,157.0,0.8981,66.0,0.8987,927.0,0.8988,80.0
1753600558688,07:15:58.688,phemex,AERO/USDT:USDT,0.8983,157.0,0.8981,66.0,0.8987,927.0,0.8988,80.0
1753600558694,07:15:58.694,phemex,AERO/USDT:USDT,0.8983,157.0,0.8981,66.0,0.8987,927.0,0.8988,80.0
1753600558841,07:15:58.841,phemex,AERO/USDT:USDT,0.8983,157.0,0.8981,66.0,0.8987,927.0,0.8988,80.0
1753600558968,07:15:58.968,phemex,AERO/USDT:USDT,0.8983,157.0,0.8981,66.0,0.8987,952.0,0.8988,80.0
1753600561224,07:16:01.224,phemex,AERO/USDT:USDT,0.8983,157.0,0.8981,66.0,0.8987,952.0,0.8988,80.0
1753600561719,07:16:01.719,phemex,AERO/USDT:USDT,0.8983,53.0,0.8982,119.0,0.8987,832.0,0.8988,80.0
1753600561851,07:16:01.851,phemex,AERO/USDT:USDT,0.8983,53.0,0.8982,119.0,0.8988,912.0,0.8989,45.0
1753600562621,07:16:02.621,phemex,AERO/USDT:USDT,0.8983,53.0,0.8982,119.0,0.8988,912.0,0.8989,45.0
1753600563498,07:16:03.498,phemex,AERO/USDT:USDT,0.8983,53.0,0.8982,119.0,0.8988,912.0,0.8989,45.0
1753600564548,07:16:04.548,phemex,AERO/USDT:USDT,0.8983,53.0,0.8982,119.0,0.8988,849.0,0.8989,45.0
1753600566013,07:16:06.013,phemex,AERO/USDT:USDT,0.8983,53.0,0.8982,119.0,0.8988,849.0,0.8989,45.0
1753600566972,07:16:06.972,phemex,AERO/USDT:USDT,0.8986,48.0,0.8985,126.0,0.8988,65.0,0.8989,119.0
1753600566996,07:16:06.996,phemex,AERO/USDT:USDT,0.8986,48.0,0.8985,126.0,0.8988,65.0,0.8989,119.0
1753600567316,07:16:07.316,phemex,AERO/USDT:USDT,0.8986,48.0,0.8985,126.0,0.899,832.0,0.8993,230.0
1753600567339,07:16:07.339,phemex,AERO/USDT:USDT,0.8986,48.0,0.8985,126.0,0.8992,832.0,0.8993,230.0
1753600567379,07:16:07.379,phemex,AERO/USDT:USDT,0.8986,48.0,0.8985,126.0,0.8992,832.0,0.8993,230.0
1753600567700,07:16:07.700,phemex,AERO/USDT:USDT,0.8986,48.0,0.8985,126.0,0.899,73.0,0.8991,108.0
1753600567726,07:16:07.726,phemex,AERO/USDT:USDT,0.8986,48.0,0.8985,126.0,0.899,73.0,0.8991,108.0
1753600568297,07:16:08.297,phemex,AERO/USDT:USDT,0.8986,48.0,0.8985,126.0,0.899,73.0,0.8991,108.0
1753600568828,07:16:08.828,phemex,AERO/USDT:USDT,0.8986,48.0,0.8985,126.0,0.899,73.0,0.8991,108.0
1753600569211,07:16:09.211,phemex,AERO/USDT:USDT,0.8986,48.0,0.8985,126.0,0.8991,45.0,0.8992,832.0
1753600571747,07:16:11.747,phemex,AERO/USDT:USDT,0.8986,48.0,0.8985,126.0,0.8991,5.0,0.8992,832.0
1753600572066,07:16:12.066,phemex,AERO/USDT:USDT,0.8988,59.0,0.8987,56.0,0.8991,5.0,0.8992,832.0
1753600572088,07:16:12.088,phemex,AERO/USDT:USDT,0.8988,59.0,0.8987,56.0,0.8991,5.0,0.8992,832.0
1753600573032,07:16:13.032,phemex,AERO/USDT:USDT,0.8988,59.0,0.8987,56.0,0.8991,5.0,0.8992,832.0
1753600573050,07:16:13.050,phemex,AERO/USDT:USDT,0.8988,59.0,0.8987,56.0,0.8991,5.0,0.8992,832.0
1753600573091,07:16:13.091,phemex,AERO/USDT:USDT,0.8988,59.0,0.8987,56.0,0.8991,5.0,0.8992,832.0
1753600573101,07:16:13.101,phemex,AERO/USDT:USDT,0.8988,59.0,0.8987,56.0,0.8991,5.0,0.8992,832.0
1753600573266,07:16:13.266,phemex,AERO/USDT:USDT,0.8988,59.0,0.8987,56.0,0.8991,5.0,0.8992,832.0
1753600573647,07:16:13.647,phemex,AERO/USDT:USDT,0.8988,59.0,0.8987,56.0,0.8991,5.0,0.8992,832.0
1753600573653,07:16:13.653,phemex,AERO/USDT:USDT,0.8988,59.0,0.8987,56.0,0.8991,5.0,0.8992,832.0
1753600573764,07:16:13.764,phemex,AERO/USDT:USDT,0.8988,59.0,0.8987,56.0,0.8993,832.0,0.8994,111.0
1753600573802,07:16:13.802,phemex,AERO/USDT:USDT,0.8988,59.0,0.8987,56.0,0.8993,832.0,0.8994,111.0
1753600573886,07:16:13.886,phemex,AERO/USDT:USDT,0.8988,59.0,0.8987,56.0,0.8993,832.0,0.8994,111.0
1753600574043,07:16:14.043,phemex,AERO/USDT:USDT,0.8988,59.0,0.8987,56.0,0.8993,832.0,0.8994,111.0
1753600574938,07:16:14.938,phemex,AERO/USDT:USDT,0.8988,59.0,0.8987,56.0,0.8994,943.0,0.8995,127.0
1753600575418,07:16:15.418,phemex,AERO/USDT:USDT,0.8988,39.0,0.8987,56.0,0.8994,943.0,0.8995,127.0
1753600577897,07:16:17.897,phemex,AERO/USDT:USDT,0.8988,39.0,0.8987,56.0,0.8994,943.0,0.8995,127.0
1753600579836,07:16:19.836,phemex,AERO/USDT:USDT,0.8988,39.0,0.8987,56.0,0.8994,943.0,0.8995,127.0
1753600581592,07:16:21.592,phemex,AERO/USDT:USDT,0.899,56.0,0.8989,115.0,0.8992,80.0,0.8994,832.0
1753600581609,07:16:21.609,phemex,AERO/USDT:USDT,0.899,56.0,0.8989,115.0,0.8992,80.0,0.8994,832.0
1753600581616,07:16:21.616,phemex,AERO/USDT:USDT,0.899,56.0,0.8989,115.0,0.8992,80.0,0.8994,832.0
1753600582688,07:16:22.688,phemex,AERO/USDT:USDT,0.899,56.0,0.8989,115.0,0.8992,80.0,0.8994,832.0
1753600582694,07:16:22.694,phemex,AERO/USDT:USDT,0.899,56.0,0.8989,115.0,0.8992,80.0,0.8994,832.0
1753600585264,07:16:25.264,phemex,AERO/USDT:USDT,0.899,56.0,0.8989,115.0,0.8992,76.0,0.8994,832.0
1753600585588,07:16:25.588,phemex,AERO/USDT:USDT,0.899,56.0,0.8989,115.0,0.8992,76.0,0.8994,832.0
1753600586649,07:16:26.649,phemex,AERO/USDT:USDT,0.899,56.0,0.8989,115.0,0.8992,76.0,0.8994,832.0
1753600586669,07:16:26.669,phemex,AERO/USDT:USDT,0.899,56.0,0.8989,115.0,0.8992,76.0,0.8994,832.0
1753600587253,07:16:27.253,phemex,AERO/USDT:USDT,0.899,56.0,0.8989,115.0,0.8992,76.0,0.8994,832.0
1753600587259,07:16:27.259,phemex,AERO/USDT:USDT,0.899,56.0,0.8989,115.0,0.8992,76.0,0.8994,832.0
1753600587522,07:16:27.522,phemex,AERO/USDT:USDT,0.899,56.0,0.8989,115.0,0.8992,76.0,0.8994,832.0
1753600587589,07:16:27.589,phemex,AERO/USDT:USDT,0.899,56.0,0.8989,115.0,0.8992,76.0,0.8994,832.0
1753600587697,07:16:27.697,phemex,AERO/USDT:USDT,0.899,56.0,0.8989,115.0,0.8992,76.0,0.8994,832.0
1753600587704,07:16:27.704,phemex,AERO/USDT:USDT,0.899,56.0,0.8989,115.0,0.8992,76.0,0.8994,832.0
1753600587753,07:16:27.753,phemex,AERO/USDT:USDT,0.899,56.0,0.8989,115.0,0.8992,76.0,0.8994,832.0
1753600589738,07:16:29.738,phemex,AERO/USDT:USDT,0.899,56.0,0.8989,115.0,0.8992,76.0,0.8994,832.0
1753600590068,07:16:30.068,phemex,AERO/USDT:USDT,0.899,56.0,0.8989,115.0,0.8993,77.0,0.8994,832.0
1753600590178,07:16:30.178,phemex,AERO/USDT:USDT,0.899,56.0,0.8989,115.0,0.8993,77.0,0.8994,832.0
1753600590338,07:16:30.338,phemex,AERO/USDT:USDT,0.899,56.0,0.8989,115.0,0.8993,77.0,0.8994,832.0
1753600590505,07:16:30.505,phemex,AERO/USDT:USDT,0.899,56.0,0.8989,115.0,0.8993,77.0,0.8994,832.0
1753600590591,07:16:30.591,phemex,AERO/USDT:USDT,0.899,56.0,0.8989,115.0,0.8993,77.0,0.8994,832.0
1753600592180,07:16:32.180,phemex,AERO/USDT:USDT,0.899,56.0,0.8989,115.0,0.8993,77.0,0.8994,832.0
1753600593712,07:16:33.712,phemex,AERO/USDT:USDT,0.899,56.0,0.8989,115.0,0.8993,77.0,0.8994,832.0
1753600594599,07:16:34.599,phemex,AERO/USDT:USDT,0.899,56.0,0.8989,115.0,0.8993,77.0,0.8994,832.0
1753600596063,07:16:36.063,phemex,AERO/USDT:USDT,0.899,56.0,0.8989,115.0,0.8992,69.0,0.8993,77.0
1753600596493,07:16:36.493,phemex,AERO/USDT:USDT,0.899,56.0,0.8989,45.0,0.8992,69.0,0.8993,77.0
1753600597476,07:16:37.476,phemex,AERO/USDT:USDT,0.899,53.0,0.8989,45.0,0.8992,69.0,0.8993,77.0
1753600597832,07:16:37.832,phemex,AERO/USDT:USDT,0.899,53.0,0.8989,45.0,0.8992,69.0,0.8993,77.0
1753600597840,07:16:37.840,phemex,AERO/USDT:USDT,0.899,53.0,0.8989,45.0,0.8992,901.0,0.8993,77.0
1753600599119,07:16:39.119,phemex,AERO/USDT:USDT,0.899,53.0,0.8989,45.0,0.8992,901.0,0.8993,77.0
1753600599127,07:16:39.127,phemex,AERO/USDT:USDT,0.899,53.0,0.8989,45.0,0.8992,901.0,0.8993,77.0
1753600601149,07:16:41.149,phemex,AERO/USDT:USDT,0.8988,48.0,0.8987,68.0,0.8992,949.0,0.8993,77.0
1753600602771,07:16:42.771,phemex,AERO/USDT:USDT,0.8988,48.0,0.8987,68.0,0.8992,832.0,0.8994,76.0
1753600603242,07:16:43.242,phemex,AERO/USDT:USDT,0.8988,45.0,0.8987,68.0,0.8992,832.0,0.8994,76.0
1753600603926,07:16:43.926,phemex,AERO/USDT:USDT,0.8988,45.0,0.8987,68.0,0.8992,832.0,0.8994,76.0
1753600606836,07:16:46.836,phemex,AERO/USDT:USDT,0.8988,45.0,0.8987,68.0,0.8994,908.0,0.8996,530.0
1753600608718,07:16:48.718,phemex,AERO/USDT:USDT,0.8988,45.0,0.8987,68.0,0.8994,908.0,0.8996,530.0
1753600608727,07:16:48.727,phemex,AERO/USDT:USDT,0.8988,45.0,0.8987,68.0,0.8994,908.0,0.8996,530.0
1753600610999,07:16:50.999,phemex,AERO/USDT:USDT,0.899,57.0,0.8989,80.0,0.8992,66.0,0.8993,77.0
1753600611013,07:16:51.013,phemex,AERO/USDT:USDT,0.899,57.0,0.8989,80.0,0.8992,66.0,0.8993,77.0
1753600611013,07:16:51.013,phemex,AERO/USDT:USDT,0.899,57.0,0.8989,80.0,0.8992,66.0,0.8993,77.0
1753600613527,07:16:53.527,phemex,AERO/USDT:USDT,0.899,57.0,0.8989,80.0,0.8992,66.0,0.8993,77.0
1753600614587,07:16:54.587,phemex,AERO/USDT:USDT,0.899,57.0,0.8989,80.0,0.8992,898.0,0.8993,77.0
1753600616685,07:16:56.685,phemex,AERO/USDT:USDT,0.899,57.0,0.8989,80.0,0.8992,898.0,0.8993,77.0
1753600616686,07:16:56.686,phemex,AERO/USDT:USDT,0.899,57.0,0.8989,80.0,0.8992,898.0,0.8993,77.0
1753600622071,07:17:02.071,phemex,AERO/USDT:USDT,0.8988,45.0,0.8987,68.0,0.8992,898.0,0.8993,77.0
1753600622100,07:17:02.100,phemex,AERO/USDT:USDT,0.8988,45.0,0.8987,68.0,0.8992,898.0,0.8993,77.0
1753600622531,07:17:02.531,phemex,AERO/USDT:USDT,0.8988,45.0,0.8987,68.0,0.8992,895.0,0.8993,77.0
1753600622793,07:17:02.793,phemex,AERO/USDT:USDT,0.8988,45.0,0.8987,68.0,0.8992,895.0,0.8993,77.0
1753600622833,07:17:02.833,phemex,AERO/USDT:USDT,0.8988,45.0,0.8987,68.0,0.8992,895.0,0.8993,77.0
1753600623856,07:17:03.856,phemex,AERO/USDT:USDT,0.8988,45.0,0.8987,68.0,0.8992,895.0,0.8993,77.0
1753600628143,07:17:08.143,phemex,AERO/USDT:USDT,0.8988,45.0,0.8987,68.0,0.8992,966.0,0.8993,160.0
1753600628155,07:17:08.155,phemex,AERO/USDT:USDT,0.8988,45.0,0.8987,68.0,0.8991,832.0,0.8992,134.0
1753600628311,07:17:08.311,phemex,AERO/USDT:USDT,0.8988,45.0,0.8987,68.0,0.8991,832.0,0.8992,134.0
1753600630442,07:17:10.442,phemex,AERO/USDT:USDT,0.8988,45.0,0.8987,68.0,0.8991,832.0,0.8992,134.0
1753600630444,07:17:10.444,phemex,AERO/USDT:USDT,0.8986,71.0,0.8985,122.0,0.8991,832.0,0.8992,134.0
1753600630509,07:17:10.509,phemex,AERO/USDT:USDT,0.8986,71.0,0.8985,122.0,0.8991,832.0,0.8992,134.0
1753600631135,07:17:11.135,phemex,AERO/USDT:USDT,0.8986,71.0,0.8985,122.0,0.8991,832.0,0.8992,134.0
1753600632412,07:17:12.412,phemex,AERO/USDT:USDT,0.8986,66.0,0.8985,122.0,0.8991,832.0,0.8992,134.0
1753600632726,07:17:12.726,phemex,AERO/USDT:USDT,0.8986,66.0,0.8985,122.0,0.8991,832.0,0.8992,134.0
1753600633755,07:17:13.755,phemex,AERO/USDT:USDT,0.8986,129.0,0.8982,681.0,0.8988,134.0,0.8989,48.0
1753600633860,07:17:13.860,phemex,AERO/USDT:USDT,0.8986,129.0,0.8982,681.0,0.8988,134.0,0.8989,48.0
1753600634364,07:17:14.364,phemex,AERO/USDT:USDT,0.8986,129.0,0.8982,681.0,0.8988,134.0,0.8989,48.0
1753600636839,07:17:16.839,phemex,AERO/USDT:USDT,0.8986,129.0,0.8982,681.0,0.8988,134.0,0.8989,48.0
1753600636887,07:17:16.887,phemex,AERO/USDT:USDT,0.8986,129.0,0.8982,681.0,0.8988,128.0,0.8989,48.0
1753600637529,07:17:17.529,phemex,AERO/USDT:USDT,0.8986,129.0,0.8982,681.0,0.8988,128.0,0.8989,48.0
1753600638013,07:17:18.013,phemex,AERO/USDT:USDT,0.8986,129.0,0.8982,681.0,0.8988,128.0,0.8989,48.0
1753600638106,07:17:18.106,phemex,AERO/USDT:USDT,0.8986,129.0,0.8982,681.0,0.8988,128.0,0.8989,48.0
1753600638648,07:17:18.648,phemex,AERO/USDT:USDT,0.8986,129.0,0.8982,681.0,0.8989,48.0,0.899,832.0
1753600638673,07:17:18.673,phemex,AERO/USDT:USDT,0.8986,129.0,0.8982,681.0,0.8989,48.0,0.899,832.0
1753600638686,07:17:18.686,phemex,AERO/USDT:USDT,0.8986,129.0,0.8982,681.0,0.8989,48.0,0.899,832.0
1753600638803,07:17:18.803,phemex,AERO/USDT:USDT,0.8986,129.0,0.8982,681.0,0.8989,48.0,0.899,832.0
1753600638815,07:17:18.815,phemex,AERO/USDT:USDT,0.8986,129.0,0.8982,681.0,0.8989,48.0,0.899,832.0
1753600639725,07:17:19.725,phemex,AERO/USDT:USDT,0.8986,129.0,0.8982,681.0,0.8989,48.0,0.8991,160.0
1753600639783,07:17:19.783,phemex,AERO/USDT:USDT,0.8987,124.0,0.8986,129.0,0.8991,160.0,0.8992,883.0
1753600639808,07:17:19.808,phemex,AERO/USDT:USDT,0.8987,124.0,0.8986,129.0,0.8991,160.0,0.8992,883.0
1753600639815,07:17:19.815,phemex,AERO/USDT:USDT,0.8987,124.0,0.8986,129.0,0.8991,160.0,0.8992,883.0
1753600639975,07:17:19.975,phemex,AERO/USDT:USDT,0.8987,124.0,0.8986,129.0,0.8991,160.0,0.8992,883.0
1753600640699,07:17:20.699,phemex,AERO/USDT:USDT,0.8987,121.0,0.8986,129.0,0.8991,160.0,0.8992,883.0
1753600641994,07:17:21.994,phemex,AERO/USDT:USDT,0.8987,121.0,0.8986,129.0,0.8991,160.0,0.8992,51.0
1753600642013,07:17:22.013,phemex,AERO/USDT:USDT,0.8987,121.0,0.8986,129.0,0.8991,160.0,0.8992,51.0
1753600642342,07:17:22.342,phemex,AERO/USDT:USDT,0.8987,121.0,0.8986,129.0,0.8991,160.0,0.8992,51.0
1753600645420,07:17:25.420,phemex,AERO/USDT:USDT,0.899,47.0,0.8987,194.0,0.8991,160.0,0.8992,51.0
1753600645447,07:17:25.447,phemex,AERO/USDT:USDT,0.899,47.0,0.8987,194.0,0.8991,160.0,0.8992,51.0
1753600647129,07:17:27.129,phemex,AERO/USDT:USDT,0.899,47.0,0.8987,194.0,0.8991,160.0,0.8992,51.0
1753600651928,07:17:31.928,phemex,AERO/USDT:USDT,0.899,47.0,0.8987,194.0,0.8991,160.0,0.8992,51.0
1753600651968,07:17:31.968,phemex,AERO/USDT:USDT,0.899,47.0,0.8987,194.0,0.8991,160.0,0.8992,51.0
1753600654091,07:17:34.091,phemex,AERO/USDT:USDT,0.899,47.0,0.8988,63.0,0.8993,884.0,0.8995,47.0
1753600654122,07:17:34.122,phemex,AERO/USDT:USDT,0.899,47.0,0.8988,63.0,0.8993,884.0,0.8995,47.0
1753600654132,07:17:34.132,phemex,AERO/USDT:USDT,0.899,47.0,0.8988,63.0,0.8993,884.0,0.8995,47.0
1753600654254,07:17:34.254,phemex,AERO/USDT:USDT,0.899,47.0,0.8988,63.0,0.8993,884.0,0.8995,47.0
1753600654300,07:17:34.300,phemex,AERO/USDT:USDT,0.899,47.0,0.8988,63.0,0.8993,884.0,0.8995,47.0
1753600654695,07:17:34.695,phemex,AERO/USDT:USDT,0.899,47.0,0.8989,76.0,0.8993,899.0,0.8995,47.0
1753600654708,07:17:34.708,phemex,AERO/USDT:USDT,0.899,47.0,0.8989,76.0,0.8993,67.0,0.8995,47.0
1753600654728,07:17:34.728,phemex,AERO/USDT:USDT,0.899,47.0,0.8989,76.0,0.8993,67.0,0.8994,832.0
1753600656011,07:17:36.011,phemex,AERO/USDT:USDT,0.899,47.0,0.8989,76.0,0.8993,67.0,0.8994,832.0
1753600656423,07:17:36.423,phemex,AERO/USDT:USDT,0.899,47.0,0.8989,76.0,0.8993,61.0,0.8994,832.0
1753600656729,07:17:36.729,phemex,AERO/USDT:USDT,0.899,47.0,0.8989,76.0,0.8993,61.0,0.8994,832.0
1753600656859,07:17:36.859,phemex,AERO/USDT:USDT,0.899,47.0,0.8989,76.0,0.8993,61.0,0.8994,832.0
1753600656860,07:17:36.860,phemex,AERO/USDT:USDT,0.899,47.0,0.8989,76.0,0.8993,61.0,0.8994,832.0
1753600657836,07:17:37.836,phemex,AERO/USDT:USDT,0.899,47.0,0.8989,76.0,0.8993,61.0,0.8994,832.0
1753600659429,07:17:39.429,phemex,AERO/USDT:USDT,0.899,47.0,0.8989,225.0,0.8994,832.0,0.8995,47.0
1753600659465,07:17:39.465,phemex,AERO/USDT:USDT,0.899,47.0,0.8989,225.0,0.8995,47.0,0.8998,386.0
1753600659514,07:17:39.514,phemex,AERO/USDT:USDT,0.899,47.0,0.8989,225.0,0.8995,47.0,0.8996,832.0
1753600661056,07:17:41.056,phemex,AERO/USDT:USDT,0.8993,78.0,0.899,47.0,0.8995,47.0,0.8996,832.0
1753600661211,07:17:41.211,phemex,AERO/USDT:USDT,0.8993,78.0,0.899,47.0,0.8995,47.0,0.8996,832.0
1753600661527,07:17:41.527,phemex,AERO/USDT:USDT,0.8993,78.0,0.899,47.0,0.8995,47.0,0.8996,832.0
1753600665397,07:17:45.397,phemex,AERO/USDT:USDT,0.8993,78.0,0.8992,68.0,0.8995,44.0,0.8996,832.0
1753600665440,07:17:45.440,phemex,AERO/USDT:USDT,0.8993,78.0,0.8992,68.0,0.8995,44.0,0.8996,832.0
1753600666320,07:17:46.320,phemex,AERO/USDT:USDT,0.8993,78.0,0.8992,68.0,0.8995,44.0,0.8996,832.0
1753600666562,07:17:46.562,phemex,AERO/USDT:USDT,0.8993,78.0,0.8992,68.0,0.8995,44.0,0.8996,832.0
1753600668015,07:17:48.015,phemex,AERO/USDT:USDT,0.8993,78.0,0.8992,68.0,0.8995,44.0,0.8996,832.0
1753600669116,07:17:49.116,phemex,AERO/USDT:USDT,0.8993,78.0,0.8992,125.0,0.8995,44.0,0.8996,832.0
1753600669116,07:17:49.116,phemex,AERO/USDT:USDT,0.8993,78.0,0.8992,125.0,0.8995,44.0,0.8996,832.0
