timestamp,time,exchange,symbol,bid1_price,bid1_volume,bid2_price,bid2_volume,ask1_price,ask1_volume,ask2_price,ask2_volume
1753599989554,07:06:29.554,huobi,AERGO/USDT:USDT,0.13312,118.0,0.13311,37.0,0.13339,119.0,0.13348,22.0
1753599989676,07:06:29.676,huobi,AERGO/USDT:USDT,0.13312,118.0,0.13311,997.0,0.13339,119.0,0.13348,22.0
1753599990704,07:06:30.704,huobi,AERGO/USDT:USDT,0.1331,118.0,0.13309,960.0,0.13339,119.0,0.13348,22.0
1753599990773,07:06:30.773,huobi,AERGO/USDT:USDT,0.13311,37.0,0.1331,118.0,0.13339,119.0,0.13348,22.0
1753599990786,07:06:30.786,huobi,AERGO/USDT:USDT,0.13312,118.0,0.13311,37.0,0.13339,119.0,0.13348,22.0
1753599993303,07:06:33.303,huobi,AERGO/USDT:USDT,0.13312,118.0,0.13311,37.0,0.13339,119.0,0.13348,22.0
1753599993315,07:06:33.315,huobi,AERGO/USDT:USDT,0.13312,118.0,0.13311,37.0,0.13339,119.0,0.13348,22.0
1753599993765,07:06:33.765,huobi,AERGO/USDT:USDT,0.13312,118.0,0.13311,37.0,0.13315,41.0,0.13339,119.0
1753599995959,07:06:35.959,huobi,AERGO/USDT:USDT,0.13312,118.0,0.13311,37.0,0.13339,119.0,0.13348,22.0
1753599995977,07:06:35.977,huobi,AERGO/USDT:USDT,0.13312,118.0,0.13311,37.0,0.13339,119.0,0.13348,22.0
1753599997603,07:06:37.603,huobi,AERGO/USDT:USDT,0.13312,118.0,0.1331,118.0,0.13339,119.0,0.13348,22.0
1753599997626,07:06:37.626,huobi,AERGO/USDT:USDT,0.1331,118.0,0.13301,119.0,0.13339,119.0,0.13348,22.0
1753599997659,07:06:37.659,huobi,AERGO/USDT:USDT,0.13312,118.0,0.133,960.0,0.13339,119.0,0.13348,22.0
1753599997706,07:06:37.706,huobi,AERGO/USDT:USDT,0.13312,118.0,0.13301,37.0,0.13339,119.0,0.13348,22.0
1753599997773,07:06:37.773,huobi,AERGO/USDT:USDT,0.13312,118.0,0.13301,37.0,0.13339,119.0,0.13348,22.0
1753599997786,07:06:37.786,huobi,AERGO/USDT:USDT,0.13312,118.0,0.13301,37.0,0.13339,119.0,0.13348,22.0
1753599997824,07:06:37.824,huobi,AERGO/USDT:USDT,0.13312,118.0,0.13302,37.0,0.13339,119.0,0.13348,22.0
1753599997843,07:06:37.843,huobi,AERGO/USDT:USDT,0.13312,118.0,0.133,960.0,0.13339,119.0,0.13348,22.0
1753599997892,07:06:37.892,huobi,AERGO/USDT:USDT,0.13312,118.0,0.13301,37.0,0.13339,119.0,0.13348,22.0
1753599998614,07:06:38.614,huobi,AERGO/USDT:USDT,0.13312,118.0,0.13301,37.0,0.13339,119.0,0.13348,22.0
1753599998644,07:06:38.644,huobi,AERGO/USDT:USDT,0.13312,118.0,0.13299,119.0,0.13339,119.0,0.13349,1079.0
1753599998677,07:06:38.677,huobi,AERGO/USDT:USDT,0.13297,119.0,0.13295,119.0,0.13339,22.0,0.13349,119.0
1753599998707,07:06:38.707,huobi,AERGO/USDT:USDT,0.13301,118.0,0.133,37.0,0.13338,118.0,0.13349,119.0
1753599998737,07:06:38.737,huobi,AERGO/USDT:USDT,0.13301,118.0,0.13293,119.0,0.13338,118.0,0.13347,22.0
1753599998776,07:06:38.776,huobi,AERGO/USDT:USDT,0.13303,118.0,0.13302,37.0,0.13338,118.0,0.13347,22.0
1753599998794,07:06:38.794,huobi,AERGO/USDT:USDT,0.13303,118.0,0.13301,118.0,0.13338,118.0,0.13347,22.0
1753599998829,07:06:38.829,huobi,AERGO/USDT:USDT,0.13303,118.0,0.13301,118.0,0.13338,118.0,0.13347,22.0
1753599998866,07:06:38.866,huobi,AERGO/USDT:USDT,0.13305,118.0,0.13304,37.0,0.13338,118.0,0.13347,22.0
1753599998888,07:06:38.888,huobi,AERGO/USDT:USDT,0.13305,118.0,0.13303,118.0,0.13338,118.0,0.13347,22.0
1753599998920,07:06:38.920,huobi,AERGO/USDT:USDT,0.13305,118.0,0.13303,118.0,0.13338,118.0,0.13347,22.0
1753599998955,07:06:38.955,huobi,AERGO/USDT:USDT,0.13307,118.0,0.13306,37.0,0.13338,118.0,0.13347,22.0
1753599999001,07:06:39.001,huobi,AERGO/USDT:USDT,0.13308,37.0,0.13307,118.0,0.13338,118.0,0.13347,22.0
1753599999014,07:06:39.014,huobi,AERGO/USDT:USDT,0.13309,118.0,0.13308,37.0,0.13338,118.0,0.13347,22.0
1753599999063,07:06:39.063,huobi,AERGO/USDT:USDT,0.13309,118.0,0.13308,37.0,0.13338,118.0,0.13347,22.0
1753599999106,07:06:39.106,huobi,AERGO/USDT:USDT,0.13309,118.0,0.13307,118.0,0.13338,118.0,0.13347,22.0
1753599999146,07:06:39.146,huobi,AERGO/USDT:USDT,0.1331,37.0,0.13309,118.0,0.13338,118.0,0.13347,22.0
1753599999165,07:06:39.165,huobi,AERGO/USDT:USDT,0.13311,118.0,0.1331,37.0,0.13338,118.0,0.13347,22.0
1753599999227,07:06:39.227,huobi,AERGO/USDT:USDT,0.13311,118.0,0.1331,37.0,0.13338,118.0,0.13347,22.0
1753600000607,07:06:40.607,huobi,AERGO/USDT:USDT,0.13311,118.0,0.1331,997.0,0.13338,118.0,0.13347,22.0
1753600000629,07:06:40.629,huobi,AERGO/USDT:USDT,0.13311,118.0,0.1331,960.0,0.13338,118.0,0.13347,22.0
1753600000663,07:06:40.663,huobi,AERGO/USDT:USDT,0.13311,155.0,0.1331,960.0,0.13338,118.0,0.13347,22.0
1753600000700,07:06:40.700,huobi,AERGO/USDT:USDT,0.13311,37.0,0.1331,960.0,0.13338,118.0,0.13347,22.0
1753600000797,07:06:40.797,huobi,AERGO/USDT:USDT,0.13312,118.0,0.13311,37.0,0.13338,118.0,0.13347,22.0
1753600001316,07:06:41.316,huobi,AERGO/USDT:USDT,0.13312,118.0,0.13311,37.0,0.13338,118.0,0.13347,22.0
1753600001384,07:06:41.384,huobi,AERGO/USDT:USDT,0.13312,118.0,0.13311,37.0,0.13338,118.0,0.13347,22.0
1753600001457,07:06:41.457,huobi,AERGO/USDT:USDT,0.13312,118.0,0.13309,37.0,0.13338,118.0,0.13347,22.0
1753600003879,07:06:43.879,huobi,AERGO/USDT:USDT,0.13312,118.0,0.13309,37.0,0.13338,118.0,0.13347,22.0
1753600003897,07:06:43.897,huobi,AERGO/USDT:USDT,0.13312,118.0,0.13309,37.0,0.13338,118.0,0.13347,22.0
1753600003947,07:06:43.947,huobi,AERGO/USDT:USDT,0.13312,118.0,0.1331,37.0,0.13338,118.0,0.13347,22.0
1753600003961,07:06:43.961,huobi,AERGO/USDT:USDT,0.13312,118.0,0.1331,37.0,0.13338,118.0,0.13347,22.0
1753600004003,07:06:44.003,huobi,AERGO/USDT:USDT,0.13312,118.0,0.13309,37.0,0.13338,118.0,0.13347,22.0
1753600006481,07:06:46.481,huobi,AERGO/USDT:USDT,0.13312,118.0,0.13309,37.0,0.13338,118.0,0.13347,22.0
1753600006974,07:06:46.974,huobi,AERGO/USDT:USDT,0.13312,118.0,0.13309,37.0,0.13338,118.0,0.13347,22.0
1753600006984,07:06:46.984,huobi,AERGO/USDT:USDT,0.13312,118.0,0.13309,37.0,0.13338,118.0,0.13347,22.0
1753600007082,07:06:47.082,huobi,AERGO/USDT:USDT,0.13312,118.0,0.13309,37.0,0.13338,118.0,0.13347,22.0
1753600007178,07:06:47.178,huobi,AERGO/USDT:USDT,0.13312,118.0,0.13309,37.0,0.13338,118.0,0.13347,22.0
1753600008883,07:06:48.883,huobi,AERGO/USDT:USDT,0.13312,118.0,0.13309,37.0,0.13338,118.0,0.13347,22.0
1753600008916,07:06:48.916,huobi,AERGO/USDT:USDT,0.13312,118.0,0.13309,37.0,0.13338,118.0,0.13347,22.0
1753600011489,07:06:51.489,huobi,AERGO/USDT:USDT,0.13312,118.0,0.13309,37.0,0.13338,118.0,0.13347,22.0
1753600011519,07:06:51.519,huobi,AERGO/USDT:USDT,0.13312,118.0,0.13309,997.0,0.13338,118.0,0.13347,22.0
1753600011580,07:06:51.580,huobi,AERGO/USDT:USDT,0.13312,118.0,0.1331,37.0,0.13338,118.0,0.13347,22.0
1753600011626,07:06:51.626,huobi,AERGO/USDT:USDT,0.13312,118.0,0.1331,37.0,0.13338,118.0,0.13347,22.0
1753600012310,07:06:52.310,huobi,AERGO/USDT:USDT,0.13312,118.0,0.13309,960.0,0.13338,118.0,0.13347,22.0
1753600012363,07:06:52.363,huobi,AERGO/USDT:USDT,0.13312,118.0,0.1331,37.0,0.13338,118.0,0.13347,22.0
1753600012483,07:06:52.483,huobi,AERGO/USDT:USDT,0.13312,118.0,0.13309,960.0,0.13338,118.0,0.13347,22.0
1753600012513,07:06:52.513,huobi,AERGO/USDT:USDT,0.13312,118.0,0.1331,37.0,0.13338,118.0,0.13347,22.0
1753600014044,07:06:54.044,huobi,AERGO/USDT:USDT,0.13312,118.0,0.1331,37.0,0.13338,118.0,0.13347,22.0
1753600015406,07:06:55.406,huobi,AERGO/USDT:USDT,0.13312,118.0,0.1331,37.0,0.13338,118.0,0.13347,22.0
1753600015426,07:06:55.426,huobi,AERGO/USDT:USDT,0.13312,118.0,0.13301,118.0,0.13338,118.0,0.13348,1078.0
1753600015448,07:06:55.448,huobi,AERGO/USDT:USDT,0.13301,118.0,0.13293,119.0,0.13338,118.0,0.13348,118.0
1753600015480,07:06:55.480,huobi,AERGO/USDT:USDT,0.13289,119.0,0.13287,119.0,0.13338,140.0,0.13348,118.0
1753600015507,07:06:55.507,huobi,AERGO/USDT:USDT,0.13303,120.0,0.13287,119.0,0.13338,22.0,0.13347,960.0
1753600015538,07:06:55.538,huobi,AERGO/USDT:USDT,0.13284,897.0,0.13279,119.0,0.13338,22.0,0.13348,118.0
1753600015564,07:06:55.564,huobi,AERGO/USDT:USDT,0.13285,120.0,0.13279,119.0,0.13348,118.0,0.13353,960.0
1753600015602,07:06:55.602,huobi,AERGO/USDT:USDT,0.13286,37.0,0.13285,120.0,0.13348,118.0,0.13353,960.0
1753600015626,07:06:55.626,huobi,AERGO/USDT:USDT,0.13287,120.0,0.13286,37.0,0.13346,120.0,0.13347,22.0
1753600015714,07:06:55.714,huobi,AERGO/USDT:USDT,0.13287,120.0,0.13286,997.0,0.13346,120.0,0.13347,22.0
1753600015721,07:06:55.721,huobi,AERGO/USDT:USDT,0.13287,120.0,0.13286,997.0,0.13346,120.0,0.13347,22.0
1753600015746,07:06:55.746,huobi,AERGO/USDT:USDT,0.13287,120.0,0.13286,997.0,0.13346,120.0,0.13347,22.0
1753600016537,07:06:56.537,huobi,AERGO/USDT:USDT,0.13287,120.0,0.13286,997.0,0.13346,120.0,0.13347,22.0
1753600016570,07:06:56.570,huobi,AERGO/USDT:USDT,0.13287,120.0,0.13286,37.0,0.13346,120.0,0.13347,982.0
1753600016675,07:06:56.675,huobi,AERGO/USDT:USDT,0.13287,120.0,0.13286,37.0,0.13346,120.0,0.13347,982.0
1753600017027,07:06:57.027,huobi,AERGO/USDT:USDT,0.13287,120.0,0.1328,960.0,0.13346,120.0,0.13347,982.0
1753600017039,07:06:57.039,huobi,AERGO/USDT:USDT,0.13287,120.0,0.13279,119.0,0.13346,120.0,0.13347,982.0
1753600017064,07:06:57.064,huobi,AERGO/USDT:USDT,0.13288,37.0,0.13277,960.0,0.13346,120.0,0.13347,982.0
1753600017121,07:06:57.121,huobi,AERGO/USDT:USDT,0.1329,37.0,0.13289,120.0,0.13346,120.0,0.13347,982.0
1753600017135,07:06:57.135,huobi,AERGO/USDT:USDT,0.13291,120.0,0.1329,37.0,0.13346,120.0,0.13347,982.0
1753600017158,07:06:57.158,huobi,AERGO/USDT:USDT,0.13291,120.0,0.1329,960.0,0.13346,120.0,0.13347,960.0
1753600017184,07:06:57.184,huobi,AERGO/USDT:USDT,0.13291,120.0,0.1329,960.0,0.13345,22.0,0.13346,120.0
1753600017242,07:06:57.242,huobi,AERGO/USDT:USDT,0.13293,120.0,0.13292,37.0,0.13344,120.0,0.13345,982.0
1753600017252,07:06:57.252,huobi,AERGO/USDT:USDT,0.13293,120.0,0.13292,37.0,0.13344,120.0,0.13345,982.0
1753600017320,07:06:57.320,huobi,AERGO/USDT:USDT,0.13293,120.0,0.13291,120.0,0.13344,120.0,0.13345,982.0
1753600017337,07:06:57.337,huobi,AERGO/USDT:USDT,0.13294,37.0,0.13293,120.0,0.13344,120.0,0.13345,982.0
1753600017391,07:06:57.391,huobi,AERGO/USDT:USDT,0.13296,37.0,0.13295,120.0,0.13344,120.0,0.13345,982.0
1753600017424,07:06:57.424,huobi,AERGO/USDT:USDT,0.13297,120.0,0.13296,37.0,0.13344,120.0,0.13345,982.0
1753600017482,07:06:57.482,huobi,AERGO/USDT:USDT,0.13298,37.0,0.13297,120.0,0.13344,120.0,0.13345,960.0
1753600017490,07:06:57.490,huobi,AERGO/USDT:USDT,0.13298,37.0,0.13297,120.0,0.13343,22.0,0.13344,120.0
1753600017524,07:06:57.524,huobi,AERGO/USDT:USDT,0.13299,120.0,0.13297,120.0,0.13342,120.0,0.13343,982.0
1753600017557,07:06:57.557,huobi,AERGO/USDT:USDT,0.13301,120.0,0.133,37.0,0.13342,120.0,0.13343,982.0
1753600017580,07:06:57.580,huobi,AERGO/USDT:USDT,0.13301,120.0,0.13299,120.0,0.13342,120.0,0.13343,982.0
1753600017615,07:06:57.615,huobi,AERGO/USDT:USDT,0.13302,37.0,0.13301,120.0,0.13342,120.0,0.13343,982.0
1753600017634,07:06:57.634,huobi,AERGO/USDT:USDT,0.13303,120.0,0.13302,37.0,0.13342,120.0,0.13343,960.0
1753600017688,07:06:57.688,huobi,AERGO/USDT:USDT,0.13304,37.0,0.13303,120.0,0.13342,120.0,0.13343,960.0
1753600017704,07:06:57.704,huobi,AERGO/USDT:USDT,0.13305,120.0,0.13304,37.0,0.13341,22.0,0.13342,120.0
1753600017728,07:06:57.728,huobi,AERGO/USDT:USDT,0.13305,120.0,0.13303,120.0,0.1334,120.0,0.13341,982.0
1753600017775,07:06:57.775,huobi,AERGO/USDT:USDT,0.13306,37.0,0.13305,120.0,0.1334,120.0,0.13341,982.0
1753600017786,07:06:57.786,huobi,AERGO/USDT:USDT,0.13306,37.0,0.13305,120.0,0.1334,120.0,0.13341,982.0
1753600017824,07:06:57.824,huobi,AERGO/USDT:USDT,0.13307,120.0,0.13305,120.0,0.13339,22.0,0.1334,120.0
1753600017901,07:06:57.901,huobi,AERGO/USDT:USDT,0.13303,120.0,0.13301,120.0,0.13338,120.0,0.13339,982.0
1753600017906,07:06:57.906,huobi,AERGO/USDT:USDT,0.13307,120.0,0.13302,960.0,0.13338,120.0,0.13339,982.0
1753600017944,07:06:57.944,huobi,AERGO/USDT:USDT,0.13308,37.0,0.13307,120.0,0.13338,120.0,0.13339,982.0
1753600017979,07:06:57.979,huobi,AERGO/USDT:USDT,0.13308,37.0,0.13307,120.0,0.13338,120.0,0.13339,982.0
1753600018025,07:06:58.025,huobi,AERGO/USDT:USDT,0.13309,120.0,0.13308,37.0,0.13338,120.0,0.13339,982.0
1753600018066,07:06:58.066,huobi,AERGO/USDT:USDT,0.13309,120.0,0.13307,120.0,0.13338,120.0,0.13339,982.0
1753600018093,07:06:58.093,huobi,AERGO/USDT:USDT,0.13311,120.0,0.1331,37.0,0.13338,120.0,0.13339,982.0
1753600018128,07:06:58.128,huobi,AERGO/USDT:USDT,0.13311,120.0,0.1331,37.0,0.13338,120.0,0.13339,982.0
1753600018234,07:06:58.234,huobi,AERGO/USDT:USDT,0.13311,120.0,0.1331,37.0,0.13338,120.0,0.13339,982.0
1753600019208,07:06:59.208,huobi,AERGO/USDT:USDT,0.13311,120.0,0.1331,37.0,0.13338,120.0,0.13339,982.0
1753600019328,07:06:59.328,huobi,AERGO/USDT:USDT,0.13311,120.0,0.1331,997.0,0.13338,120.0,0.13339,982.0
1753600019366,07:06:59.366,huobi,AERGO/USDT:USDT,0.13311,120.0,0.1331,997.0,0.13338,120.0,0.13339,22.0
1753600019374,07:06:59.374,huobi,AERGO/USDT:USDT,0.13311,120.0,0.1331,997.0,0.13338,120.0,0.13339,22.0
1753600020568,07:07:00.568,huobi,AERGO/USDT:USDT,0.13311,120.0,0.1331,960.0,0.13338,120.0,0.13339,22.0
1753600020579,07:07:00.579,huobi,AERGO/USDT:USDT,0.13311,120.0,0.1331,960.0,0.13338,120.0,0.13339,22.0
1753600020605,07:07:00.605,huobi,AERGO/USDT:USDT,0.13311,120.0,0.1331,960.0,0.13338,120.0,0.13339,22.0
1753600020689,07:07:00.689,huobi,AERGO/USDT:USDT,0.13311,120.0,0.1331,960.0,0.13338,120.0,0.13339,22.0
1753600020727,07:07:00.727,huobi,AERGO/USDT:USDT,0.13311,120.0,0.1331,997.0,0.13338,120.0,0.13339,22.0
1753600021755,07:07:01.755,huobi,AERGO/USDT:USDT,0.13311,120.0,0.1331,997.0,0.13338,120.0,0.13339,22.0
1753600021808,07:07:01.808,huobi,AERGO/USDT:USDT,0.13311,120.0,0.1331,997.0,0.13338,120.0,0.13339,22.0
1753600021861,07:07:01.861,huobi,AERGO/USDT:USDT,0.13311,120.0,0.13304,37.0,0.13338,120.0,0.13339,22.0
1753600021875,07:07:01.875,huobi,AERGO/USDT:USDT,0.13311,120.0,0.13304,997.0,0.13338,120.0,0.13339,22.0
1753600021983,07:07:01.983,huobi,AERGO/USDT:USDT,0.13311,120.0,0.13304,997.0,0.13338,120.0,0.13339,22.0
1753600023014,07:07:03.014,huobi,AERGO/USDT:USDT,0.13311,120.0,0.13304,960.0,0.13338,120.0,0.13339,22.0
1753600023053,07:07:03.053,huobi,AERGO/USDT:USDT,0.13311,120.0,0.13305,37.0,0.13338,120.0,0.13339,22.0
1753600024309,07:07:04.309,huobi,AERGO/USDT:USDT,0.13311,120.0,0.13305,37.0,0.13338,120.0,0.13339,22.0
1753600024327,07:07:04.327,huobi,AERGO/USDT:USDT,0.13311,120.0,0.13305,37.0,0.13338,120.0,0.13339,22.0
1753600024365,07:07:04.365,huobi,AERGO/USDT:USDT,0.13311,120.0,0.13302,960.0,0.13338,120.0,0.13339,22.0
1753600024388,07:07:04.388,huobi,AERGO/USDT:USDT,0.13311,120.0,0.13302,960.0,0.13338,120.0,0.13342,120.0
1753600024420,07:07:04.420,huobi,AERGO/USDT:USDT,0.13311,120.0,0.13303,37.0,0.13341,22.0,0.13342,120.0
1753600024453,07:07:04.453,huobi,AERGO/USDT:USDT,0.13311,120.0,0.13303,37.0,0.1334,120.0,0.13341,982.0
1753600024561,07:07:04.561,huobi,AERGO/USDT:USDT,0.13311,120.0,0.13303,37.0,0.1334,120.0,0.13341,982.0
1753600026994,07:07:06.994,huobi,AERGO/USDT:USDT,0.13311,120.0,0.13303,37.0,0.1334,120.0,0.13341,982.0
1753600029551,07:07:09.551,huobi,AERGO/USDT:USDT,0.13311,120.0,0.13303,37.0,0.1334,120.0,0.13341,982.0
1753600029575,07:07:09.575,huobi,AERGO/USDT:USDT,0.13311,120.0,0.13303,37.0,0.1334,120.0,0.13341,22.0
1753600029606,07:07:09.606,huobi,AERGO/USDT:USDT,0.13311,120.0,0.13302,997.0,0.1334,120.0,0.13341,22.0
1753600029659,07:07:09.659,huobi,AERGO/USDT:USDT,0.13311,120.0,0.13303,37.0,0.1334,120.0,0.13341,22.0
1753600029707,07:07:09.707,huobi,AERGO/USDT:USDT,0.13311,120.0,0.13303,37.0,0.1334,120.0,0.13341,22.0
1753600032170,07:07:12.170,huobi,AERGO/USDT:USDT,0.13311,120.0,0.13303,37.0,0.1334,120.0,0.13341,22.0
1753600032189,07:07:12.189,huobi,AERGO/USDT:USDT,0.13311,120.0,0.13303,37.0,0.1334,120.0,0.13341,22.0
1753600032244,07:07:12.244,huobi,AERGO/USDT:USDT,0.13311,120.0,0.13304,37.0,0.1334,120.0,0.13341,22.0
1753600032299,07:07:12.299,huobi,AERGO/USDT:USDT,0.13311,120.0,0.13305,37.0,0.1334,120.0,0.13341,22.0
1753600032315,07:07:12.315,huobi,AERGO/USDT:USDT,0.13311,120.0,0.13305,37.0,0.1334,120.0,0.13341,22.0
1753600032364,07:07:12.364,huobi,AERGO/USDT:USDT,0.13311,120.0,0.13305,37.0,0.1334,120.0,0.13341,22.0
1753600032396,07:07:12.396,huobi,AERGO/USDT:USDT,0.13311,120.0,0.13303,117.0,0.1334,120.0,0.13341,22.0
1753600032431,07:07:12.431,huobi,AERGO/USDT:USDT,0.13305,117.0,0.13304,37.0,0.1334,120.0,0.13341,22.0
1753600032454,07:07:12.454,huobi,AERGO/USDT:USDT,0.13305,117.0,0.13304,960.0,0.1334,120.0,0.13341,22.0
1753600032491,07:07:12.491,huobi,AERGO/USDT:USDT,0.13306,37.0,0.13305,117.0,0.1334,120.0,0.13341,22.0
1753600032547,07:07:12.547,huobi,AERGO/USDT:USDT,0.13307,117.0,0.13305,117.0,0.1334,120.0,0.13341,22.0
1753600032586,07:07:12.586,huobi,AERGO/USDT:USDT,0.13308,37.0,0.13307,117.0,0.1334,120.0,0.13341,22.0
1753600032618,07:07:12.618,huobi,AERGO/USDT:USDT,0.13309,117.0,0.13307,117.0,0.1334,120.0,0.13341,22.0
1753600032646,07:07:12.646,huobi,AERGO/USDT:USDT,0.1331,37.0,0.13309,117.0,0.1334,120.0,0.13341,22.0
1753600032706,07:07:12.706,huobi,AERGO/USDT:USDT,0.13311,117.0,0.1331,37.0,0.1334,120.0,0.13341,22.0
1753600032829,07:07:12.829,huobi,AERGO/USDT:USDT,0.13311,117.0,0.1331,997.0,0.1334,120.0,0.13341,22.0
1753600033413,07:07:13.413,huobi,AERGO/USDT:USDT,0.13311,117.0,0.1331,960.0,0.1334,120.0,0.13341,22.0
1753600033452,07:07:13.452,huobi,AERGO/USDT:USDT,0.13311,117.0,0.1331,960.0,0.1334,120.0,0.13341,22.0
1753600033865,07:07:13.865,huobi,AERGO/USDT:USDT,0.13311,117.0,0.1331,960.0,0.1334,120.0,0.13341,22.0
1753600033932,07:07:13.932,huobi,AERGO/USDT:USDT,0.13311,117.0,0.1331,960.0,0.1334,120.0,0.13341,22.0
1753600033993,07:07:13.993,huobi,AERGO/USDT:USDT,0.13311,117.0,0.1331,960.0,0.1334,120.0,0.13341,22.0
1753600034650,07:07:14.650,huobi,AERGO/USDT:USDT,0.13311,117.0,0.1331,960.0,0.1334,120.0,0.13341,22.0
1753600034703,07:07:14.703,huobi,AERGO/USDT:USDT,0.13311,117.0,0.1331,960.0,0.1334,120.0,0.13341,982.0
1753600034728,07:07:14.728,huobi,AERGO/USDT:USDT,0.13311,117.0,0.1331,960.0,0.1334,120.0,0.13341,982.0
1753600034765,07:07:14.765,huobi,AERGO/USDT:USDT,0.13311,117.0,0.1331,960.0,0.1334,120.0,0.13341,982.0
1753600037323,07:07:17.323,huobi,AERGO/USDT:USDT,0.13311,117.0,0.1331,960.0,0.1334,120.0,0.13341,982.0
1753600037370,07:07:17.370,huobi,AERGO/USDT:USDT,0.13311,117.0,0.1331,960.0,0.1334,120.0,0.13341,982.0
1753600037375,07:07:17.375,huobi,AERGO/USDT:USDT,0.13311,117.0,0.1331,960.0,0.1334,120.0,0.13341,982.0
1753600037430,07:07:17.430,huobi,AERGO/USDT:USDT,0.13311,117.0,0.1331,960.0,0.1334,120.0,0.13341,982.0
1753600037486,07:07:17.486,huobi,AERGO/USDT:USDT,0.13324,2.0,0.13311,117.0,0.1334,120.0,0.13341,982.0
1753600037495,07:07:17.495,huobi,AERGO/USDT:USDT,0.13311,117.0,0.1331,960.0,0.1334,120.0,0.13341,982.0
1753600040043,07:07:20.043,huobi,AERGO/USDT:USDT,0.13311,117.0,0.1331,960.0,0.1334,120.0,0.13341,982.0
1753600040048,07:07:20.048,huobi,AERGO/USDT:USDT,0.13311,117.0,0.1331,960.0,0.1334,120.0,0.13341,982.0
1753600040098,07:07:20.098,huobi,AERGO/USDT:USDT,0.13311,117.0,0.1331,960.0,0.1334,120.0,0.13341,22.0
1753600040115,07:07:20.115,huobi,AERGO/USDT:USDT,0.13311,117.0,0.1331,960.0,0.1334,120.0,0.13341,22.0
1753600040150,07:07:20.150,huobi,AERGO/USDT:USDT,0.13311,117.0,0.1331,960.0,0.1334,120.0,0.13353,960.0
1753600040175,07:07:20.175,huobi,AERGO/USDT:USDT,0.13311,117.0,0.1331,960.0,0.13339,22.0,0.1334,120.0
1753600040263,07:07:20.263,huobi,AERGO/USDT:USDT,0.13311,117.0,0.1331,960.0,0.13338,118.0,0.13339,982.0
1753600040301,07:07:20.301,huobi,AERGO/USDT:USDT,0.13311,117.0,0.1331,960.0,0.13338,118.0,0.13339,982.0
1753600042746,07:07:22.746,huobi,AERGO/USDT:USDT,0.13311,117.0,0.1331,960.0,0.13338,118.0,0.13339,982.0
1753600042804,07:07:22.804,huobi,AERGO/USDT:USDT,0.13311,117.0,0.1331,960.0,0.13338,118.0,0.13339,982.0
1753600042860,07:07:22.860,huobi,AERGO/USDT:USDT,0.13311,117.0,0.1331,960.0,0.13338,118.0,0.13339,982.0
1753600042884,07:07:22.884,huobi,AERGO/USDT:USDT,0.13311,117.0,0.1331,960.0,0.13338,118.0,0.13339,982.0
1753600042898,07:07:22.898,huobi,AERGO/USDT:USDT,0.13311,117.0,0.1331,960.0,0.13338,118.0,0.13339,960.0
1753600042936,07:07:22.936,huobi,AERGO/USDT:USDT,0.13311,117.0,0.1331,960.0,0.13338,140.0,0.13339,960.0
1753600042965,07:07:22.965,huobi,AERGO/USDT:USDT,0.13311,117.0,0.1331,960.0,0.13337,118.0,0.13338,22.0
1753600045316,07:07:25.316,huobi,AERGO/USDT:USDT,0.13311,117.0,0.1331,960.0,0.13337,118.0,0.13338,22.0
1753600045337,07:07:25.337,huobi,AERGO/USDT:USDT,0.13311,117.0,0.1331,960.0,0.13337,118.0,0.13338,22.0
1753600045380,07:07:25.380,huobi,AERGO/USDT:USDT,0.13311,117.0,0.1331,960.0,0.13337,118.0,0.13338,22.0
1753600047988,07:07:27.988,huobi,AERGO/USDT:USDT,0.13311,117.0,0.1331,960.0,0.13337,118.0,0.13338,22.0
1753600048009,07:07:28.009,huobi,AERGO/USDT:USDT,0.13311,117.0,0.1331,960.0,0.13337,118.0,0.13338,22.0
1753600048045,07:07:28.045,huobi,AERGO/USDT:USDT,0.13311,117.0,0.1331,960.0,0.13337,118.0,0.13339,960.0
1753600048058,07:07:28.058,huobi,AERGO/USDT:USDT,0.13311,117.0,0.1331,960.0,0.13337,118.0,0.1334,120.0
1753600048104,07:07:28.104,huobi,AERGO/USDT:USDT,0.13311,117.0,0.1331,960.0,0.13339,22.0,0.1334,120.0
1753600048119,07:07:28.119,huobi,AERGO/USDT:USDT,0.13311,117.0,0.1331,960.0,0.13338,117.0,0.13339,22.0
1753600048170,07:07:28.170,huobi,AERGO/USDT:USDT,0.13311,117.0,0.1331,960.0,0.13338,117.0,0.13339,22.0
1753600048233,07:07:28.233,huobi,AERGO/USDT:USDT,0.13311,117.0,0.1331,960.0,0.13338,117.0,0.13339,22.0
1753600050653,07:07:30.653,huobi,AERGO/USDT:USDT,0.13311,117.0,0.1331,960.0,0.13338,117.0,0.13339,22.0
1753600050673,07:07:30.673,huobi,AERGO/USDT:USDT,0.13311,117.0,0.1331,960.0,0.13338,117.0,0.13339,22.0
1753600050710,07:07:30.710,huobi,AERGO/USDT:USDT,0.13311,117.0,0.1331,960.0,0.13338,117.0,0.13339,22.0
1753600050829,07:07:30.829,huobi,AERGO/USDT:USDT,0.13311,117.0,0.1331,960.0,0.13338,117.0,0.13339,22.0
1753600051679,07:07:31.679,huobi,AERGO/USDT:USDT,0.13311,117.0,0.13309,117.0,0.13338,117.0,0.13339,22.0
1753600051691,07:07:31.691,huobi,AERGO/USDT:USDT,0.13311,117.0,0.13309,117.0,0.13338,117.0,0.13339,22.0
1753600051803,07:07:31.803,huobi,AERGO/USDT:USDT,0.13309,117.0,0.13292,37.0,0.13338,117.0,0.13339,22.0
1753600051804,07:07:31.804,huobi,AERGO/USDT:USDT,0.13309,117.0,0.13292,37.0,0.13338,117.0,0.13339,22.0
1753600051853,07:07:31.853,huobi,AERGO/USDT:USDT,0.13309,117.0,0.13292,37.0,0.13338,117.0,0.13339,22.0
1753600051982,07:07:31.982,huobi,AERGO/USDT:USDT,0.13309,117.0,0.13292,997.0,0.13338,117.0,0.13339,22.0
1753600052004,07:07:32.004,huobi,AERGO/USDT:USDT,0.13309,117.0,0.13292,960.0,0.13338,117.0,0.13339,22.0
1753600052036,07:07:32.036,huobi,AERGO/USDT:USDT,0.13309,117.0,0.13293,37.0,0.13338,117.0,0.13339,22.0
1753600052084,07:07:32.084,huobi,AERGO/USDT:USDT,0.13309,117.0,0.13293,37.0,0.13338,117.0,0.13339,22.0
1753600052408,07:07:32.408,huobi,AERGO/USDT:USDT,0.13309,117.0,0.13293,37.0,0.13338,117.0,0.13339,22.0
1753600052457,07:07:32.457,huobi,AERGO/USDT:USDT,0.13309,117.0,0.13292,37.0,0.13338,117.0,0.13339,22.0
1753600052712,07:07:32.712,huobi,AERGO/USDT:USDT,0.13309,117.0,0.13292,37.0,0.13338,117.0,0.13339,22.0
1753600053346,07:07:33.346,huobi,AERGO/USDT:USDT,0.13309,117.0,0.13292,37.0,0.13338,117.0,0.13339,22.0
1753600053374,07:07:33.374,huobi,AERGO/USDT:USDT,0.13309,117.0,0.13292,37.0,0.13338,117.0,0.13339,982.0
1753600053470,07:07:33.470,huobi,AERGO/USDT:USDT,0.13309,117.0,0.13292,37.0,0.13338,117.0,0.13339,982.0
1753600055994,07:07:35.994,huobi,AERGO/USDT:USDT,0.13309,117.0,0.13292,37.0,0.13338,117.0,0.13339,982.0
1753600058662,07:07:38.662,huobi,AERGO/USDT:USDT,0.13309,117.0,0.13292,37.0,0.13338,117.0,0.13339,982.0
1753600058676,07:07:38.676,huobi,AERGO/USDT:USDT,0.13309,117.0,0.13292,997.0,0.13338,117.0,0.13339,22.0
1753600058784,07:07:38.784,huobi,AERGO/USDT:USDT,0.13309,117.0,0.13292,997.0,0.13338,117.0,0.13339,22.0
1753600058828,07:07:38.828,huobi,AERGO/USDT:USDT,0.13309,117.0,0.13292,960.0,0.13338,117.0,0.13339,22.0
1753600058888,07:07:38.888,huobi,AERGO/USDT:USDT,0.13309,117.0,0.13292,960.0,0.13338,117.0,0.13339,22.0
1753600059009,07:07:39.009,huobi,AERGO/USDT:USDT,0.13309,117.0,0.13293,37.0,0.13338,117.0,0.13339,22.0
1753600061427,07:07:41.427,huobi,AERGO/USDT:USDT,0.13309,117.0,0.13293,37.0,0.13338,117.0,0.13339,22.0
1753600064195,07:07:44.195,huobi,AERGO/USDT:USDT,0.13309,117.0,0.13293,37.0,0.13338,117.0,0.13339,22.0
1753600064648,07:07:44.648,huobi,AERGO/USDT:USDT,0.13309,117.0,0.13293,37.0,0.13338,117.0,0.13339,22.0
1753600064704,07:07:44.704,huobi,AERGO/USDT:USDT,0.13309,117.0,0.13293,37.0,0.13338,117.0,0.13339,22.0
1753600064742,07:07:44.742,huobi,AERGO/USDT:USDT,0.13309,117.0,0.13293,37.0,0.13338,117.0,0.13339,22.0
1753600064776,07:07:44.776,huobi,AERGO/USDT:USDT,0.13309,117.0,0.13293,37.0,0.13338,117.0,0.13339,22.0
1753600067087,07:07:47.087,huobi,AERGO/USDT:USDT,0.13309,117.0,0.13293,37.0,0.13338,117.0,0.13339,22.0
1753600069843,07:07:49.843,huobi,AERGO/USDT:USDT,0.13309,117.0,0.13293,37.0,0.13338,117.0,0.13339,22.0
1753600069898,07:07:49.898,huobi,AERGO/USDT:USDT,0.13309,117.0,0.13293,37.0,0.13337,22.0,0.13338,117.0
1753600069926,07:07:49.926,huobi,AERGO/USDT:USDT,0.13309,117.0,0.13293,37.0,0.13336,120.0,0.13337,982.0
1753600070033,07:07:50.033,huobi,AERGO/USDT:USDT,0.13309,117.0,0.13293,37.0,0.13336,120.0,0.13337,982.0
1753600070075,07:07:50.075,huobi,AERGO/USDT:USDT,0.13309,117.0,0.13293,37.0,0.13336,120.0,0.13337,982.0
1753600072579,07:07:52.579,huobi,AERGO/USDT:USDT,0.13309,117.0,0.13293,37.0,0.13336,120.0,0.13337,982.0
1753600072610,07:07:52.610,huobi,AERGO/USDT:USDT,0.13309,117.0,0.13293,37.0,0.13336,120.0,0.13337,982.0
1753600072632,07:07:52.632,huobi,AERGO/USDT:USDT,0.13309,117.0,0.13293,37.0,0.13336,120.0,0.13337,22.0
1753600072679,07:07:52.679,huobi,AERGO/USDT:USDT,0.13309,117.0,0.13292,960.0,0.13336,120.0,0.13337,22.0
1753600072698,07:07:52.698,huobi,AERGO/USDT:USDT,0.13309,117.0,0.13291,120.0,0.13336,120.0,0.13337,22.0
1753600072722,07:07:52.722,huobi,AERGO/USDT:USDT,0.13291,120.0,0.13264,896.0,0.13336,120.0,0.13337,22.0
1753600072748,07:07:52.748,huobi,AERGO/USDT:USDT,0.13291,120.0,0.13265,960.0,0.13336,120.0,0.13337,22.0
1753600072776,07:07:52.776,huobi,AERGO/USDT:USDT,0.13293,120.0,0.13291,120.0,0.13336,120.0,0.13351,960.0
1753600072811,07:07:52.811,huobi,AERGO/USDT:USDT,0.13295,120.0,0.13294,37.0,0.13336,120.0,0.1335,22.0
1753600072867,07:07:52.867,huobi,AERGO/USDT:USDT,0.13296,37.0,0.13295,120.0,0.13336,120.0,0.1335,22.0
1753600072901,07:07:52.901,huobi,AERGO/USDT:USDT,0.13297,120.0,0.13295,120.0,0.13336,120.0,0.1335,22.0
1753600072938,07:07:52.938,huobi,AERGO/USDT:USDT,0.13297,120.0,0.13295,120.0,0.13336,120.0,0.1335,22.0
1753600072958,07:07:52.958,huobi,AERGO/USDT:USDT,0.13299,120.0,0.13298,37.0,0.13336,120.0,0.1335,22.0
1753600073022,07:07:53.022,huobi,AERGO/USDT:USDT,0.133,37.0,0.13299,120.0,0.13336,120.0,0.1335,22.0
1753600073051,07:07:53.051,huobi,AERGO/USDT:USDT,0.13301,120.0,0.133,37.0,0.13336,120.0,0.1335,22.0
1753600073078,07:07:53.078,huobi,AERGO/USDT:USDT,0.13301,120.0,0.13299,120.0,0.13336,120.0,0.1335,22.0
1753600073107,07:07:53.107,huobi,AERGO/USDT:USDT,0.13301,120.0,0.13299,120.0,0.13336,120.0,0.1335,22.0
1753600073151,07:07:53.151,huobi,AERGO/USDT:USDT,0.13303,120.0,0.13301,120.0,0.13336,120.0,0.1335,22.0
1753600073216,07:07:53.216,huobi,AERGO/USDT:USDT,0.13303,120.0,0.13301,120.0,0.13336,120.0,0.1335,22.0
1753600073253,07:07:53.253,huobi,AERGO/USDT:USDT,0.13304,37.0,0.13303,120.0,0.13336,120.0,0.1335,22.0
1753600073267,07:07:53.267,huobi,AERGO/USDT:USDT,0.13305,120.0,0.13304,37.0,0.13336,120.0,0.1335,22.0
1753600073285,07:07:53.285,huobi,AERGO/USDT:USDT,0.13305,120.0,0.13304,997.0,0.13336,120.0,0.1335,22.0
1753600073337,07:07:53.337,huobi,AERGO/USDT:USDT,0.13306,37.0,0.13305,120.0,0.13336,120.0,0.1335,22.0
1753600073355,07:07:53.355,huobi,AERGO/USDT:USDT,0.13307,120.0,0.13306,37.0,0.13336,120.0,0.1335,22.0
1753600073393,07:07:53.393,huobi,AERGO/USDT:USDT,0.13307,120.0,0.13306,37.0,0.13336,120.0,0.1335,22.0
1753600073428,07:07:53.428,huobi,AERGO/USDT:USDT,0.13307,120.0,0.13305,120.0,0.13336,120.0,0.1335,22.0
1753600073457,07:07:53.457,huobi,AERGO/USDT:USDT,0.13307,120.0,0.13305,1080.0,0.13336,120.0,0.1335,22.0
1753600073475,07:07:53.475,huobi,AERGO/USDT:USDT,0.13308,37.0,0.13307,120.0,0.13336,120.0,0.1335,22.0
1753600073569,07:07:53.569,huobi,AERGO/USDT:USDT,0.13309,120.0,0.13308,37.0,0.13336,120.0,0.1335,22.0
1753600073591,07:07:53.591,huobi,AERGO/USDT:USDT,0.13309,120.0,0.13308,37.0,0.13336,120.0,0.13351,960.0
1753600073620,07:07:53.620,huobi,AERGO/USDT:USDT,0.13309,120.0,0.13308,997.0,0.13336,120.0,0.13352,117.0
1753600073650,07:07:53.650,huobi,AERGO/USDT:USDT,0.13309,120.0,0.13308,960.0,0.13336,22.0,0.13351,960.0
1753600073675,07:07:53.675,huobi,AERGO/USDT:USDT,0.13309,120.0,0.13308,960.0,0.13352,117.0,0.13355,960.0
1753600073710,07:07:53.710,huobi,AERGO/USDT:USDT,0.1331,120.0,0.13309,37.0,0.13352,117.0,0.13355,960.0
1753600073739,07:07:53.739,huobi,AERGO/USDT:USDT,0.1331,120.0,0.13308,960.0,0.13349,120.0,0.1335,22.0
1753600073787,07:07:53.787,huobi,AERGO/USDT:USDT,0.1331,120.0,0.13309,37.0,0.13349,120.0,0.1335,22.0
1753600075282,07:07:55.282,huobi,AERGO/USDT:USDT,0.1331,120.0,0.13309,37.0,0.13349,120.0,0.1335,22.0
1753600075301,07:07:55.301,huobi,AERGO/USDT:USDT,0.1331,120.0,0.13309,37.0,0.13349,120.0,0.1335,22.0
1753600075325,07:07:55.325,huobi,AERGO/USDT:USDT,0.1331,120.0,0.13305,120.0,0.13349,120.0,0.1335,22.0
1753600075369,07:07:55.369,huobi,AERGO/USDT:USDT,0.13306,37.0,0.13305,120.0,0.13349,120.0,0.1335,22.0
1753600075411,07:07:55.411,huobi,AERGO/USDT:USDT,0.13307,117.0,0.13305,120.0,0.13349,120.0,0.1335,22.0
1753600075449,07:07:55.449,huobi,AERGO/USDT:USDT,0.13308,37.0,0.13307,117.0,0.13349,120.0,0.1335,22.0
1753600075482,07:07:55.482,huobi,AERGO/USDT:USDT,0.13309,117.0,0.13308,37.0,0.13349,120.0,0.1335,22.0
1753600078071,07:07:58.071,huobi,AERGO/USDT:USDT,0.13309,117.0,0.13308,37.0,0.13349,120.0,0.1335,22.0
1753600078089,07:07:58.089,huobi,AERGO/USDT:USDT,0.13309,117.0,0.13305,120.0,0.13349,120.0,0.1335,22.0
1753600078115,07:07:58.115,huobi,AERGO/USDT:USDT,0.13303,120.0,0.13301,120.0,0.13349,120.0,0.1335,22.0
1753600078145,07:07:58.145,huobi,AERGO/USDT:USDT,0.13307,117.0,0.13306,37.0,0.13349,120.0,0.1335,22.0
1753600078204,07:07:58.204,huobi,AERGO/USDT:USDT,0.13308,37.0,0.13307,117.0,0.13349,120.0,0.1335,22.0
1753600078265,07:07:58.265,huobi,AERGO/USDT:USDT,0.13309,154.0,0.13307,117.0,0.13349,120.0,0.1335,22.0
1753600078346,07:07:58.346,huobi,AERGO/USDT:USDT,0.1331,117.0,0.13307,117.0,0.13349,120.0,0.1335,22.0
1753600078386,07:07:58.386,huobi,AERGO/USDT:USDT,0.1331,117.0,0.13308,37.0,0.13349,120.0,0.1335,22.0
1753600080762,07:08:00.762,huobi,AERGO/USDT:USDT,0.1331,117.0,0.13308,37.0,0.13349,120.0,0.1335,22.0
1753600080785,07:08:00.785,huobi,AERGO/USDT:USDT,0.1331,117.0,0.13301,120.0,0.13349,120.0,0.1335,22.0
1753600080832,07:08:00.832,huobi,AERGO/USDT:USDT,0.13302,37.0,0.13301,120.0,0.13349,120.0,0.1335,22.0
1753600080855,07:08:00.855,huobi,AERGO/USDT:USDT,0.13303,117.0,0.13301,120.0,0.13349,120.0,0.1335,22.0
1753600080894,07:08:00.894,huobi,AERGO/USDT:USDT,0.13304,37.0,0.13303,117.0,0.13349,120.0,0.1335,22.0
1753600080908,07:08:00.908,huobi,AERGO/USDT:USDT,0.13305,117.0,0.13304,37.0,0.13349,120.0,0.1335,22.0
1753600080935,07:08:00.935,huobi,AERGO/USDT:USDT,0.13305,117.0,0.13304,960.0,0.13349,120.0,0.1335,22.0
1753600080993,07:08:00.993,huobi,AERGO/USDT:USDT,0.13306,37.0,0.13305,117.0,0.13349,120.0,0.1335,22.0
1753600081008,07:08:01.008,huobi,AERGO/USDT:USDT,0.13307,117.0,0.13306,37.0,0.13349,120.0,0.1335,22.0
1753600081025,07:08:01.025,huobi,AERGO/USDT:USDT,0.13307,117.0,0.13305,117.0,0.13349,120.0,0.1335,22.0
1753600081079,07:08:01.079,huobi,AERGO/USDT:USDT,0.13308,37.0,0.13307,117.0,0.13349,120.0,0.1335,22.0
1753600081188,07:08:01.188,huobi,AERGO/USDT:USDT,0.13309,117.0,0.13308,37.0,0.13349,120.0,0.1335,22.0
1753600081309,07:08:01.309,huobi,AERGO/USDT:USDT,0.13309,117.0,0.13308,997.0,0.13349,120.0,0.1335,22.0
1753600081331,07:08:01.331,huobi,AERGO/USDT:USDT,0.13309,117.0,0.13308,960.0,0.13349,120.0,0.1335,22.0
1753600081376,07:08:01.376,huobi,AERGO/USDT:USDT,0.13309,154.0,0.13308,960.0,0.13349,120.0,0.1335,22.0
1753600082602,07:08:02.602,huobi,AERGO/USDT:USDT,0.1331,117.0,0.13309,37.0,0.13349,120.0,0.1335,22.0
1753600082822,07:08:02.822,huobi,AERGO/USDT:USDT,0.1331,117.0,0.13309,37.0,0.13349,120.0,0.1335,22.0
1753600082828,07:08:02.828,huobi,AERGO/USDT:USDT,0.1331,117.0,0.13309,37.0,0.13349,120.0,0.1335,22.0
1753600083291,07:08:03.291,huobi,AERGO/USDT:USDT,0.1331,117.0,0.13309,37.0,0.13349,120.0,0.1335,22.0
1753600085941,07:08:05.941,huobi,AERGO/USDT:USDT,0.1331,117.0,0.13309,37.0,0.13349,120.0,0.1335,22.0
1753600085960,07:08:05.960,huobi,AERGO/USDT:USDT,0.1331,117.0,0.13309,37.0,0.13349,120.0,0.1335,982.0
1753600086046,07:08:06.046,huobi,AERGO/USDT:USDT,0.1331,117.0,0.13309,37.0,0.13349,120.0,0.1335,982.0
1753600086069,07:08:06.069,huobi,AERGO/USDT:USDT,0.1331,117.0,0.13309,37.0,0.13349,120.0,0.1335,982.0
1753600088551,07:08:08.551,huobi,AERGO/USDT:USDT,0.1331,117.0,0.13309,37.0,0.13349,120.0,0.1335,982.0
1753600088555,07:08:08.555,huobi,AERGO/USDT:USDT,0.1331,117.0,0.13309,37.0,0.13349,120.0,0.1335,982.0
1753600088584,07:08:08.584,huobi,AERGO/USDT:USDT,0.1331,117.0,0.13309,37.0,0.13349,120.0,0.1335,22.0
1753600088645,07:08:08.645,huobi,AERGO/USDT:USDT,0.1331,117.0,0.13303,37.0,0.13349,120.0,0.1335,22.0
1753600089151,07:08:09.151,huobi,AERGO/USDT:USDT,0.1331,117.0,0.13303,37.0,0.13349,120.0,0.1335,22.0
1753600089187,07:08:09.187,huobi,AERGO/USDT:USDT,0.1331,117.0,0.13303,37.0,0.13349,120.0,0.1335,22.0
1753600089362,07:08:09.362,huobi,AERGO/USDT:USDT,0.1331,117.0,0.13303,37.0,0.13319,41.0,0.13349,120.0
1753600089372,07:08:09.372,huobi,AERGO/USDT:USDT,0.1331,117.0,0.13303,37.0,0.13349,120.0,0.1335,22.0
1753600089483,07:08:09.483,huobi,AERGO/USDT:USDT,0.1331,117.0,0.13303,37.0,0.13348,116.0,0.1335,22.0
1753600091222,07:08:11.222,huobi,AERGO/USDT:USDT,0.1331,117.0,0.13304,37.0,0.13348,116.0,0.1335,22.0
1753600091228,07:08:11.228,huobi,AERGO/USDT:USDT,0.1331,117.0,0.13304,37.0,0.13348,116.0,0.1335,22.0
1753600091260,07:08:11.260,huobi,AERGO/USDT:USDT,0.1331,117.0,0.13302,116.0,0.13348,116.0,0.1335,22.0
1753600091294,07:08:11.294,huobi,AERGO/USDT:USDT,0.13302,116.0,0.133,960.0,0.13348,116.0,0.1335,22.0
1753600091326,07:08:11.326,huobi,AERGO/USDT:USDT,0.13306,116.0,0.13303,37.0,0.13348,116.0,0.1335,22.0
1753600091345,07:08:11.345,huobi,AERGO/USDT:USDT,0.13306,116.0,0.13302,116.0,0.13348,116.0,0.1335,22.0
1753600091379,07:08:11.379,huobi,AERGO/USDT:USDT,0.13307,37.0,0.13306,116.0,0.13348,116.0,0.1335,22.0
1753600091407,07:08:11.407,huobi,AERGO/USDT:USDT,0.13308,116.0,0.13307,997.0,0.13348,116.0,0.1335,22.0
1753600091446,07:08:11.446,huobi,AERGO/USDT:USDT,0.13309,37.0,0.13308,116.0,0.13348,116.0,0.1335,22.0
1753600091514,07:08:11.514,huobi,AERGO/USDT:USDT,0.1331,116.0,0.13309,37.0,0.13348,116.0,0.1335,22.0
1753600091529,07:08:11.529,huobi,AERGO/USDT:USDT,0.1331,116.0,0.13309,997.0,0.13348,116.0,0.1335,22.0
1753600091635,07:08:11.635,huobi,AERGO/USDT:USDT,0.1331,116.0,0.13309,997.0,0.13348,116.0,0.1335,22.0
1753600091645,07:08:11.645,huobi,AERGO/USDT:USDT,0.1331,116.0,0.13309,997.0,0.13348,116.0,0.1335,22.0
1753600091743,07:08:11.743,huobi,AERGO/USDT:USDT,0.1331,116.0,0.13309,997.0,0.13348,116.0,0.1335,22.0
1753600091858,07:08:11.858,huobi,AERGO/USDT:USDT,0.1331,116.0,0.13309,997.0,0.13348,116.0,0.1335,22.0
1753600091916,07:08:11.916,huobi,AERGO/USDT:USDT,0.1331,116.0,0.13309,997.0,0.13348,116.0,0.1335,22.0
1753600091944,07:08:11.944,huobi,AERGO/USDT:USDT,0.1331,116.0,0.13309,960.0,0.13348,116.0,0.1335,22.0
1753600091972,07:08:11.972,huobi,AERGO/USDT:USDT,0.13311,116.0,0.1331,37.0,0.13348,116.0,0.1335,22.0
1753600092044,07:08:12.044,huobi,AERGO/USDT:USDT,0.13311,116.0,0.1331,37.0,0.13348,116.0,0.1335,22.0
1753600092071,07:08:12.071,huobi,AERGO/USDT:USDT,0.13311,116.0,0.1331,997.0,0.13348,116.0,0.1335,22.0
1753600092173,07:08:12.173,huobi,AERGO/USDT:USDT,0.13311,116.0,0.1331,997.0,0.13348,116.0,0.1335,22.0
1753600092198,07:08:12.198,huobi,AERGO/USDT:USDT,0.13311,116.0,0.1331,960.0,0.13348,116.0,0.1335,22.0
1753600092275,07:08:12.275,huobi,AERGO/USDT:USDT,0.13311,116.0,0.1331,960.0,0.13348,116.0,0.1335,22.0
1753600092893,07:08:12.893,huobi,AERGO/USDT:USDT,0.13311,116.0,0.1331,960.0,0.13348,116.0,0.1335,22.0
1753600092947,07:08:12.947,huobi,AERGO/USDT:USDT,0.13311,116.0,0.1331,960.0,0.13348,116.0,0.1335,22.0
1753600092976,07:08:12.976,huobi,AERGO/USDT:USDT,0.13311,116.0,0.13308,116.0,0.13348,116.0,0.1335,22.0
1753600093013,07:08:13.013,huobi,AERGO/USDT:USDT,0.1331,116.0,0.13309,960.0,0.13348,116.0,0.1335,22.0
1753600093669,07:08:13.669,huobi,AERGO/USDT:USDT,0.1331,116.0,0.13309,960.0,0.13348,116.0,0.1335,22.0
1753600093687,07:08:13.687,huobi,AERGO/USDT:USDT,0.1331,116.0,0.13308,116.0,0.13348,116.0,0.13355,960.0
1753600093714,07:08:13.714,huobi,AERGO/USDT:USDT,0.13308,116.0,0.13303,960.0,0.13348,116.0,0.13356,117.0
1753600093777,07:08:13.777,huobi,AERGO/USDT:USDT,0.13309,116.0,0.13303,960.0,0.13346,116.0,0.13347,22.0
1753600093814,07:08:13.814,huobi,AERGO/USDT:USDT,0.13309,116.0,0.13304,37.0,0.13346,116.0,0.13347,22.0
1753600093871,07:08:13.871,huobi,AERGO/USDT:USDT,0.13309,116.0,0.13304,37.0,0.13346,116.0,0.13347,22.0
1753600093905,07:08:13.905,huobi,AERGO/USDT:USDT,0.13309,116.0,0.13304,37.0,0.13346,116.0,0.13347,22.0
1753600093953,07:08:13.953,huobi,AERGO/USDT:USDT,0.13309,116.0,0.13304,37.0,0.13346,116.0,0.13347,22.0
1753600094030,07:08:14.030,huobi,AERGO/USDT:USDT,0.13309,116.0,0.13304,37.0,0.13346,116.0,0.13347,22.0
1753600094031,07:08:14.031,huobi,AERGO/USDT:USDT,0.13309,116.0,0.13304,37.0,0.13346,116.0,0.13347,22.0
1753600094033,07:08:14.033,huobi,AERGO/USDT:USDT,0.13309,116.0,0.13303,960.0,0.13346,116.0,0.13347,22.0
1753600094056,07:08:14.056,huobi,AERGO/USDT:USDT,0.13309,116.0,0.13302,116.0,0.13346,116.0,0.13347,22.0
1753600094076,07:08:14.076,huobi,AERGO/USDT:USDT,0.1331,37.0,0.13302,116.0,0.13346,116.0,0.13355,960.0
1753600094123,07:08:14.123,huobi,AERGO/USDT:USDT,0.13311,116.0,0.13302,116.0,0.13346,116.0,0.13356,117.0
1753600094133,07:08:14.133,huobi,AERGO/USDT:USDT,0.13311,116.0,0.13302,116.0,0.13344,116.0,0.13345,22.0
1753600094184,07:08:14.184,huobi,AERGO/USDT:USDT,0.13311,116.0,0.13303,37.0,0.13344,116.0,0.13345,22.0
1753600094227,07:08:14.227,huobi,AERGO/USDT:USDT,0.13311,116.0,0.13303,37.0,0.13344,116.0,0.13345,22.0
1753600096416,07:08:16.416,huobi,AERGO/USDT:USDT,0.13311,116.0,0.13303,37.0,0.13344,116.0,0.13345,22.0
1753600096471,07:08:16.471,huobi,AERGO/USDT:USDT,0.13311,116.0,0.13303,37.0,0.13344,116.0,0.13345,22.0
1753600096497,07:08:16.497,huobi,AERGO/USDT:USDT,0.13311,116.0,0.13303,37.0,0.13344,116.0,0.13345,22.0
1753600096535,07:08:16.535,huobi,AERGO/USDT:USDT,0.13311,116.0,0.13303,37.0,0.13344,116.0,0.13345,22.0
1753600099155,07:08:19.155,huobi,AERGO/USDT:USDT,0.13311,116.0,0.13303,37.0,0.13344,116.0,0.13345,22.0
1753600099177,07:08:19.177,huobi,AERGO/USDT:USDT,0.13311,116.0,0.13303,37.0,0.13344,116.0,0.13345,22.0
1753600099297,07:08:19.297,huobi,AERGO/USDT:USDT,0.13311,116.0,0.13303,997.0,0.13344,116.0,0.13345,22.0
1753600100168,07:08:20.168,huobi,AERGO/USDT:USDT,0.13311,116.0,0.13303,960.0,0.13344,116.0,0.13345,22.0
1753600100199,07:08:20.199,huobi,AERGO/USDT:USDT,0.13311,116.0,0.13304,37.0,0.13344,116.0,0.13345,22.0
1753600102050,07:08:22.050,huobi,AERGO/USDT:USDT,0.13311,116.0,0.13304,37.0,0.13344,116.0,0.13345,22.0
1753600102061,07:08:22.061,huobi,AERGO/USDT:USDT,0.13311,116.0,0.13304,37.0,0.13344,116.0,0.13345,22.0
1753600102117,07:08:22.117,huobi,AERGO/USDT:USDT,0.13311,116.0,0.13305,37.0,0.13344,116.0,0.13345,22.0
1753600102144,07:08:22.144,huobi,AERGO/USDT:USDT,0.13311,116.0,0.13296,960.0,0.13344,116.0,0.13345,22.0
1753600102185,07:08:22.185,huobi,AERGO/USDT:USDT,0.13303,121.0,0.13296,960.0,0.13344,116.0,0.13355,960.0
1753600102214,07:08:22.214,huobi,AERGO/USDT:USDT,0.13305,121.0,0.13304,37.0,0.13342,121.0,0.13343,22.0
1753600102247,07:08:22.247,huobi,AERGO/USDT:USDT,0.13305,121.0,0.13303,121.0,0.13342,121.0,0.13343,22.0
1753600102267,07:08:22.267,huobi,AERGO/USDT:USDT,0.13305,121.0,0.13303,121.0,0.13342,121.0,0.13343,22.0
1753600102307,07:08:22.307,huobi,AERGO/USDT:USDT,0.13307,121.0,0.13306,37.0,0.13342,121.0,0.13343,22.0
1753600102335,07:08:22.335,huobi,AERGO/USDT:USDT,0.13307,121.0,0.13305,121.0,0.13342,121.0,0.13344,116.0
1753600102362,07:08:22.362,huobi,AERGO/USDT:USDT,0.13308,37.0,0.13307,121.0,0.13342,121.0,0.13343,960.0
1753600102387,07:08:22.387,huobi,AERGO/USDT:USDT,0.13309,121.0,0.13308,37.0,0.1334,121.0,0.13341,22.0
1753600102431,07:08:22.431,huobi,AERGO/USDT:USDT,0.1331,37.0,0.13309,121.0,0.1334,121.0,0.13341,22.0
1753600102443,07:08:22.443,huobi,AERGO/USDT:USDT,0.13311,121.0,0.1331,37.0,0.1334,121.0,0.13341,22.0
1753600104703,07:08:24.703,huobi,AERGO/USDT:USDT,0.13311,121.0,0.1331,37.0,0.1334,121.0,0.13341,22.0
1753600104755,07:08:24.755,huobi,AERGO/USDT:USDT,0.13311,121.0,0.13308,960.0,0.1334,121.0,0.13341,982.0
1753600104825,07:08:24.825,huobi,AERGO/USDT:USDT,0.13311,121.0,0.13308,960.0,0.1334,121.0,0.13341,982.0
1753600104862,07:08:24.862,huobi,AERGO/USDT:USDT,0.13311,121.0,0.13309,37.0,0.1334,121.0,0.13341,982.0
1753600107342,07:08:27.342,huobi,AERGO/USDT:USDT,0.13311,121.0,0.13309,37.0,0.1334,121.0,0.13341,982.0
1753600107400,07:08:27.400,huobi,AERGO/USDT:USDT,0.13311,121.0,0.13309,37.0,0.1334,121.0,0.13341,22.0
1753600107687,07:08:27.687,huobi,AERGO/USDT:USDT,0.13311,121.0,0.13309,37.0,0.1334,121.0,0.13341,22.0
1753600108046,07:08:28.046,huobi,AERGO/USDT:USDT,0.13311,121.0,0.13309,37.0,0.1334,121.0,0.13341,22.0
1753600108071,07:08:28.071,huobi,AERGO/USDT:USDT,0.13311,121.0,0.13305,121.0,0.1334,121.0,0.13341,22.0
1753600108095,07:08:28.095,huobi,AERGO/USDT:USDT,0.13303,121.0,0.13295,120.0,0.1334,121.0,0.13341,22.0
1753600108113,07:08:28.113,huobi,AERGO/USDT:USDT,0.13295,120.0,0.13291,120.0,0.1334,121.0,0.13353,960.0
1753600108146,07:08:28.146,huobi,AERGO/USDT:USDT,0.13296,37.0,0.13274,896.0,0.1334,121.0,0.13353,960.0
1753600108209,07:08:28.209,huobi,AERGO/USDT:USDT,0.13297,119.0,0.13274,896.0,0.13339,119.0,0.13354,121.0
1753600108217,07:08:28.217,huobi,AERGO/USDT:USDT,0.13299,119.0,0.13298,37.0,0.13339,119.0,0.13354,121.0
1753600108266,07:08:28.266,huobi,AERGO/USDT:USDT,0.133,37.0,0.13299,119.0,0.13339,119.0,0.13352,22.0
1753600108297,07:08:28.297,huobi,AERGO/USDT:USDT,0.13301,119.0,0.13299,119.0,0.13339,119.0,0.13352,22.0
1753600108343,07:08:28.343,huobi,AERGO/USDT:USDT,0.13303,119.0,0.13302,37.0,0.13339,119.0,0.13352,22.0
1753600108357,07:08:28.357,huobi,AERGO/USDT:USDT,0.13303,119.0,0.13302,997.0,0.13339,119.0,0.13352,22.0
1753600108391,07:08:28.391,huobi,AERGO/USDT:USDT,0.13303,119.0,0.13302,960.0,0.13339,119.0,0.13352,22.0
1753600108417,07:08:28.417,huobi,AERGO/USDT:USDT,0.13305,119.0,0.13304,37.0,0.13339,119.0,0.13352,22.0
1753600108465,07:08:28.465,huobi,AERGO/USDT:USDT,0.13305,119.0,0.13303,119.0,0.13339,119.0,0.13352,22.0
1753600108475,07:08:28.475,huobi,AERGO/USDT:USDT,0.13305,119.0,0.13303,119.0,0.13339,119.0,0.13352,22.0
1753600108511,07:08:28.511,huobi,AERGO/USDT:USDT,0.13307,119.0,0.13305,119.0,0.13339,119.0,0.13352,22.0
1753600108542,07:08:28.542,huobi,AERGO/USDT:USDT,0.13308,37.0,0.13307,119.0,0.13339,119.0,0.13352,22.0
1753600108573,07:08:28.573,huobi,AERGO/USDT:USDT,0.13309,119.0,0.13307,119.0,0.13339,119.0,0.13353,960.0
1753600108593,07:08:28.593,huobi,AERGO/USDT:USDT,0.13309,119.0,0.13307,119.0,0.13339,141.0,0.13354,121.0
1753600108629,07:08:28.629,huobi,AERGO/USDT:USDT,0.1331,37.0,0.13309,119.0,0.13338,119.0,0.13339,22.0
1753600108713,07:08:28.713,huobi,AERGO/USDT:USDT,0.13311,119.0,0.1331,37.0,0.13338,119.0,0.13339,22.0
1753600108750,07:08:28.750,huobi,AERGO/USDT:USDT,0.13311,119.0,0.1331,37.0,0.13338,119.0,0.13339,22.0
1753600109315,07:08:29.315,huobi,AERGO/USDT:USDT,0.13311,119.0,0.1331,37.0,0.13338,119.0,0.13353,960.0
1753600109363,07:08:29.363,huobi,AERGO/USDT:USDT,0.13311,119.0,0.1331,997.0,0.13338,119.0,0.13352,22.0
1753600109378,07:08:29.378,huobi,AERGO/USDT:USDT,0.13311,119.0,0.1331,997.0,0.13338,119.0,0.13352,22.0
1753600109436,07:08:29.436,huobi,AERGO/USDT:USDT,0.13311,119.0,0.1331,997.0,0.13338,119.0,0.13352,22.0
1753600109484,07:08:29.484,huobi,AERGO/USDT:USDT,0.13311,119.0,0.1331,997.0,0.13338,119.0,0.13352,22.0
1753600110125,07:08:30.125,huobi,AERGO/USDT:USDT,0.13311,119.0,0.1331,997.0,0.13338,119.0,0.13352,22.0
1753600110152,07:08:30.152,huobi,AERGO/USDT:USDT,0.13311,119.0,0.13308,960.0,0.13338,119.0,0.13352,22.0
1753600110193,07:08:30.193,huobi,AERGO/USDT:USDT,0.13311,119.0,0.13309,37.0,0.13338,119.0,0.13352,22.0
1753600112245,07:08:32.245,huobi,AERGO/USDT:USDT,0.13311,119.0,0.13309,37.0,0.13338,119.0,0.13352,22.0
1753600112627,07:08:32.627,huobi,AERGO/USDT:USDT,0.13311,119.0,0.1331,37.0,0.13338,119.0,0.13352,22.0
1753600112648,07:08:32.648,huobi,AERGO/USDT:USDT,0.13311,119.0,0.13308,960.0,0.13338,119.0,0.13352,22.0
1753600112698,07:08:32.698,huobi,AERGO/USDT:USDT,0.13311,119.0,0.13309,37.0,0.13338,119.0,0.13352,22.0
1753600112922,07:08:32.922,huobi,AERGO/USDT:USDT,0.13311,119.0,0.13309,37.0,0.13338,119.0,0.13352,22.0
1753600113131,07:08:33.131,huobi,AERGO/USDT:USDT,0.13311,119.0,0.13309,37.0,0.13338,119.0,0.13352,22.0
1753600113183,07:08:33.183,huobi,AERGO/USDT:USDT,0.13311,119.0,0.1331,37.0,0.13338,119.0,0.13352,22.0
1753600113187,07:08:33.187,huobi,AERGO/USDT:USDT,0.13311,119.0,0.1331,37.0,0.13338,119.0,0.13352,22.0
1753600113237,07:08:33.237,huobi,AERGO/USDT:USDT,0.13311,119.0,0.13306,960.0,0.13338,119.0,0.13352,22.0
1753600113259,07:08:33.259,huobi,AERGO/USDT:USDT,0.13311,119.0,0.13306,960.0,0.13338,119.0,0.13352,22.0
1753600114046,07:08:34.046,huobi,AERGO/USDT:USDT,0.13311,119.0,0.13307,37.0,0.13338,119.0,0.13352,22.0
1753600114054,07:08:34.054,huobi,AERGO/USDT:USDT,0.13311,119.0,0.13307,37.0,0.13338,119.0,0.13352,22.0
1753600114098,07:08:34.098,huobi,AERGO/USDT:USDT,0.13311,119.0,0.13308,37.0,0.13338,119.0,0.13352,22.0
1753600114117,07:08:34.117,huobi,AERGO/USDT:USDT,0.13311,119.0,0.13305,119.0,0.13338,119.0,0.13352,22.0
1753600114151,07:08:34.151,huobi,AERGO/USDT:USDT,0.13305,119.0,0.13304,960.0,0.13338,119.0,0.13352,22.0
1753600114185,07:08:34.185,huobi,AERGO/USDT:USDT,0.13307,119.0,0.13306,37.0,0.13338,119.0,0.13352,22.0
1753600114208,07:08:34.208,huobi,AERGO/USDT:USDT,0.13307,119.0,0.13305,119.0,0.13338,119.0,0.13352,22.0
1753600114247,07:08:34.247,huobi,AERGO/USDT:USDT,0.13308,37.0,0.13307,119.0,0.13338,119.0,0.13352,22.0
1753600114279,07:08:34.279,huobi,AERGO/USDT:USDT,0.13309,119.0,0.13308,37.0,0.13338,119.0,0.13352,22.0
1753600114315,07:08:34.315,huobi,AERGO/USDT:USDT,0.1331,37.0,0.13309,119.0,0.13338,119.0,0.13352,22.0
1753600114329,07:08:34.329,huobi,AERGO/USDT:USDT,0.1331,37.0,0.13309,119.0,0.13338,119.0,0.13352,22.0
1753600114361,07:08:34.361,huobi,AERGO/USDT:USDT,0.13311,119.0,0.1331,37.0,0.13338,119.0,0.13352,22.0
1753600115615,07:08:35.615,huobi,AERGO/USDT:USDT,0.13311,119.0,0.1331,37.0,0.13338,119.0,0.13352,22.0
1753600115694,07:08:35.694,huobi,AERGO/USDT:USDT,0.13312,37.0,0.13311,119.0,0.13338,119.0,0.13352,22.0
1753600115704,07:08:35.704,huobi,AERGO/USDT:USDT,0.13312,37.0,0.13311,119.0,0.13338,119.0,0.13352,22.0
1753600115737,07:08:35.737,huobi,AERGO/USDT:USDT,0.13313,121.0,0.13312,37.0,0.13338,119.0,0.13357,960.0
1753600115859,07:08:35.859,huobi,AERGO/USDT:USDT,0.13313,121.0,0.13312,997.0,0.13338,119.0,0.13354,22.0
1753600117563,07:08:37.563,huobi,AERGO/USDT:USDT,0.13313,121.0,0.13312,997.0,0.13338,119.0,0.13354,22.0
1753600117580,07:08:37.580,huobi,AERGO/USDT:USDT,0.13313,121.0,0.13312,997.0,0.13338,119.0,0.13354,22.0
1753600117618,07:08:37.618,huobi,AERGO/USDT:USDT,0.13313,121.0,0.13312,997.0,0.13338,119.0,0.13354,22.0
1753600118307,07:08:38.307,huobi,AERGO/USDT:USDT,0.13313,121.0,0.13312,997.0,0.13338,119.0,0.13354,22.0
1753600118318,07:08:38.318,huobi,AERGO/USDT:USDT,0.13313,121.0,0.13312,37.0,0.13338,119.0,0.13354,22.0
1753600118365,07:08:38.365,huobi,AERGO/USDT:USDT,0.13313,121.0,0.13308,997.0,0.13338,119.0,0.13354,22.0
1753600119024,07:08:39.024,huobi,AERGO/USDT:USDT,0.13313,121.0,0.13308,960.0,0.13338,119.0,0.13354,22.0
1753600119035,07:08:39.035,huobi,AERGO/USDT:USDT,0.13313,121.0,0.13307,119.0,0.13338,119.0,0.13354,22.0
1753600119069,07:08:39.069,huobi,AERGO/USDT:USDT,0.13306,960.0,0.13305,119.0,0.13338,119.0,0.13354,22.0
1753600119120,07:08:39.120,huobi,AERGO/USDT:USDT,0.13305,119.0,0.13304,960.0,0.13338,119.0,0.13356,22.0
1753600119135,07:08:39.135,huobi,AERGO/USDT:USDT,0.13308,37.0,0.13305,119.0,0.13338,119.0,0.13356,22.0
1753600119156,07:08:39.156,huobi,AERGO/USDT:USDT,0.13305,119.0,0.13304,960.0,0.13338,119.0,0.13356,22.0
1753600119197,07:08:39.197,huobi,AERGO/USDT:USDT,0.13306,37.0,0.13305,119.0,0.13338,119.0,0.13356,22.0
1753600119321,07:08:39.321,huobi,AERGO/USDT:USDT,0.13307,121.0,0.13306,37.0,0.13338,119.0,0.13356,22.0
1753600119335,07:08:39.335,huobi,AERGO/USDT:USDT,0.13307,121.0,0.13306,37.0,0.13338,119.0,0.13356,22.0
1753600119381,07:08:39.381,huobi,AERGO/USDT:USDT,0.13308,37.0,0.13307,121.0,0.13338,119.0,0.13356,22.0
1753600119399,07:08:39.399,huobi,AERGO/USDT:USDT,0.13307,121.0,0.13305,1079.0,0.13338,119.0,0.13356,22.0
1753600119442,07:08:39.442,huobi,AERGO/USDT:USDT,0.13309,121.0,0.13307,121.0,0.13338,119.0,0.13356,22.0
1753600119456,07:08:39.456,huobi,AERGO/USDT:USDT,0.13309,121.0,0.13308,997.0,0.13338,119.0,0.13356,22.0
1753600119507,07:08:39.507,huobi,AERGO/USDT:USDT,0.1331,37.0,0.13309,121.0,0.13338,119.0,0.13356,22.0
1753600119519,07:08:39.519,huobi,AERGO/USDT:USDT,0.13311,121.0,0.1331,37.0,0.13338,119.0,0.13356,22.0
1753600119563,07:08:39.563,huobi,AERGO/USDT:USDT,0.13311,121.0,0.13309,121.0,0.13338,119.0,0.13356,22.0
1753600119576,07:08:39.576,huobi,AERGO/USDT:USDT,0.13312,37.0,0.13311,121.0,0.13338,119.0,0.13356,22.0
1753600119687,07:08:39.687,huobi,AERGO/USDT:USDT,0.13313,121.0,0.13312,37.0,0.13338,119.0,0.13356,22.0
1753600119701,07:08:39.701,huobi,AERGO/USDT:USDT,0.13313,121.0,0.13312,997.0,0.13338,119.0,0.13356,22.0
1753600119753,07:08:39.753,huobi,AERGO/USDT:USDT,0.13313,121.0,0.13312,960.0,0.13338,119.0,0.13356,22.0
1753600119786,07:08:39.786,huobi,AERGO/USDT:USDT,0.13313,158.0,0.13312,960.0,0.13338,119.0,0.13356,22.0
1753600119817,07:08:39.817,huobi,AERGO/USDT:USDT,0.13314,121.0,0.13313,37.0,0.13338,119.0,0.13356,22.0
1753600119876,07:08:39.876,huobi,AERGO/USDT:USDT,0.13314,121.0,0.13312,997.0,0.13338,119.0,0.13356,22.0
1753600121013,07:08:41.013,huobi,AERGO/USDT:USDT,0.13314,121.0,0.13312,997.0,0.13338,119.0,0.13356,22.0
1753600121024,07:08:41.024,huobi,AERGO/USDT:USDT,0.13314,121.0,0.13312,37.0,0.13338,119.0,0.13356,22.0
1753600121047,07:08:41.047,huobi,AERGO/USDT:USDT,0.13314,121.0,0.1331,960.0,0.13338,119.0,0.13356,22.0
1753600121085,07:08:41.085,huobi,AERGO/USDT:USDT,0.13314,121.0,0.13311,37.0,0.13338,119.0,0.13356,22.0
1753600123652,07:08:43.652,huobi,AERGO/USDT:USDT,0.13314,121.0,0.13311,37.0,0.13338,119.0,0.13356,22.0
1753600123664,07:08:43.664,huobi,AERGO/USDT:USDT,0.13314,121.0,0.13311,37.0,0.13338,119.0,0.13356,22.0
1753600123687,07:08:43.687,huobi,AERGO/USDT:USDT,0.13314,121.0,0.13308,960.0,0.13338,119.0,0.13356,22.0
1753600123726,07:08:43.726,huobi,AERGO/USDT:USDT,0.13314,121.0,0.13309,37.0,0.13338,119.0,0.13356,22.0
1753600126368,07:08:46.368,huobi,AERGO/USDT:USDT,0.13314,121.0,0.13309,37.0,0.13338,119.0,0.13356,22.0
1753600126387,07:08:46.387,huobi,AERGO/USDT:USDT,0.13314,121.0,0.13309,37.0,0.13338,119.0,0.13356,22.0
1753600126442,07:08:46.442,huobi,AERGO/USDT:USDT,0.13314,121.0,0.1331,37.0,0.13338,119.0,0.13356,22.0
1753600126459,07:08:46.459,huobi,AERGO/USDT:USDT,0.13314,121.0,0.1331,37.0,0.13338,119.0,0.13356,22.0
1753600126488,07:08:46.488,huobi,AERGO/USDT:USDT,0.13314,121.0,0.13309,37.0,0.13338,119.0,0.13356,22.0
1753600126518,07:08:46.518,huobi,AERGO/USDT:USDT,0.13314,121.0,0.13309,997.0,0.13338,119.0,0.13356,22.0
1753600126577,07:08:46.577,huobi,AERGO/USDT:USDT,0.13314,121.0,0.1331,37.0,0.13338,119.0,0.13356,22.0
1753600126624,07:08:46.624,huobi,AERGO/USDT:USDT,0.13314,121.0,0.1331,37.0,0.13338,119.0,0.13356,22.0
1753600129064,07:08:49.064,huobi,AERGO/USDT:USDT,0.13314,121.0,0.1331,37.0,0.13338,119.0,0.13356,22.0
1753600129087,07:08:49.087,huobi,AERGO/USDT:USDT,0.13314,121.0,0.1331,37.0,0.13338,119.0,0.13356,22.0
1753600129150,07:08:49.150,huobi,AERGO/USDT:USDT,0.13314,121.0,0.13311,37.0,0.13338,119.0,0.13356,22.0
1753600129200,07:08:49.200,huobi,AERGO/USDT:USDT,0.13314,121.0,0.13312,37.0,0.13338,119.0,0.13356,22.0
1753600129211,07:08:49.211,huobi,AERGO/USDT:USDT,0.13314,121.0,0.13312,37.0,0.13338,119.0,0.13356,22.0
1753600129256,07:08:49.256,huobi,AERGO/USDT:USDT,0.13314,121.0,0.13313,37.0,0.13338,119.0,0.13356,22.0
1753600129271,07:08:49.271,huobi,AERGO/USDT:USDT,0.13314,121.0,0.13313,37.0,0.13338,119.0,0.13356,22.0
1753600129306,07:08:49.306,huobi,AERGO/USDT:USDT,0.13314,121.0,0.13311,960.0,0.13338,119.0,0.13356,22.0
1753600129362,07:08:49.362,huobi,AERGO/USDT:USDT,0.13314,121.0,0.13312,37.0,0.13338,119.0,0.13356,22.0
1753600131885,07:08:51.885,huobi,AERGO/USDT:USDT,0.13314,121.0,0.13312,37.0,0.13338,119.0,0.13356,22.0
1753600131897,07:08:51.897,huobi,AERGO/USDT:USDT,0.13314,121.0,0.13312,37.0,0.13338,119.0,0.13356,22.0
1753600131918,07:08:51.918,huobi,AERGO/USDT:USDT,0.13314,121.0,0.13309,960.0,0.13338,119.0,0.13356,22.0
1753600131957,07:08:51.957,huobi,AERGO/USDT:USDT,0.13311,37.0,0.1331,118.0,0.13338,119.0,0.13356,22.0
1753600131972,07:08:51.972,huobi,AERGO/USDT:USDT,0.13312,118.0,0.13311,37.0,0.13338,119.0,0.13356,22.0
1753600132028,07:08:52.028,huobi,AERGO/USDT:USDT,0.13313,37.0,0.13312,118.0,0.13338,119.0,0.13356,22.0
1753600132149,07:08:52.149,huobi,AERGO/USDT:USDT,0.13314,118.0,0.13313,37.0,0.13338,119.0,0.13356,22.0
1753600133568,07:08:53.568,huobi,AERGO/USDT:USDT,0.13314,118.0,0.13313,997.0,0.13338,119.0,0.13356,22.0
1753600133590,07:08:53.590,huobi,AERGO/USDT:USDT,0.13314,118.0,0.13313,960.0,0.13338,119.0,0.13356,22.0
1753600133634,07:08:53.634,huobi,AERGO/USDT:USDT,0.13314,155.0,0.13313,960.0,0.13338,119.0,0.13356,22.0
1753600133647,07:08:53.647,huobi,AERGO/USDT:USDT,0.13315,118.0,0.13314,155.0,0.13338,119.0,0.13356,22.0
1753600133674,07:08:53.674,huobi,AERGO/USDT:USDT,0.13315,118.0,0.13314,37.0,0.13338,119.0,0.13356,22.0
1753600133803,07:08:53.803,huobi,AERGO/USDT:USDT,0.13315,118.0,0.13313,960.0,0.13338,119.0,0.13356,22.0
1753600133833,07:08:53.833,huobi,AERGO/USDT:USDT,0.13315,118.0,0.13313,997.0,0.13338,119.0,0.13356,22.0
1753600134583,07:08:54.583,huobi,AERGO/USDT:USDT,0.13315,118.0,0.13313,997.0,0.13338,119.0,0.13356,22.0
1753600134607,07:08:54.607,huobi,AERGO/USDT:USDT,0.13315,118.0,0.13313,37.0,0.13338,119.0,0.13356,22.0
1753600134652,07:08:54.652,huobi,AERGO/USDT:USDT,0.13315,118.0,0.13311,997.0,0.13338,119.0,0.13356,22.0
1753600134672,07:08:54.672,huobi,AERGO/USDT:USDT,0.13315,118.0,0.13311,960.0,0.13338,119.0,0.13356,22.0
1753600134705,07:08:54.705,huobi,AERGO/USDT:USDT,0.13315,118.0,0.13312,37.0,0.13338,119.0,0.13356,22.0
1753600134857,07:08:54.857,huobi,AERGO/USDT:USDT,0.13315,118.0,0.13312,37.0,0.13338,119.0,0.13356,22.0
1753600134875,07:08:54.875,huobi,AERGO/USDT:USDT,0.13315,118.0,0.13312,37.0,0.13338,119.0,0.13356,22.0
1753600134916,07:08:54.916,huobi,AERGO/USDT:USDT,0.13315,118.0,0.13312,37.0,0.13338,119.0,0.13356,22.0
1753600135486,07:08:55.486,huobi,AERGO/USDT:USDT,0.13315,118.0,0.13312,37.0,0.13338,119.0,0.13356,22.0
1753600135518,07:08:55.518,huobi,AERGO/USDT:USDT,0.13315,118.0,0.13312,37.0,0.13338,119.0,0.13356,22.0
1753600137000,07:08:57.000,huobi,AERGO/USDT:USDT,0.13315,118.0,0.13311,960.0,0.13338,119.0,0.13356,22.0
1753600137011,07:08:57.011,huobi,AERGO/USDT:USDT,0.13315,118.0,0.1331,118.0,0.13338,119.0,0.13356,22.0
1753600137035,07:08:57.035,huobi,AERGO/USDT:USDT,0.13311,37.0,0.13309,960.0,0.13338,119.0,0.13356,22.0
1753600137112,07:08:57.112,huobi,AERGO/USDT:USDT,0.13313,37.0,0.13312,119.0,0.13338,119.0,0.13356,22.0
1753600137128,07:08:57.128,huobi,AERGO/USDT:USDT,0.13314,119.0,0.13313,37.0,0.13338,119.0,0.13356,22.0
1753600137224,07:08:57.224,huobi,AERGO/USDT:USDT,0.13314,119.0,0.13312,119.0,0.13338,119.0,0.13356,22.0
1753600137260,07:08:57.260,huobi,AERGO/USDT:USDT,0.13315,37.0,0.13314,119.0,0.13338,119.0,0.13356,22.0
1753600137296,07:08:57.296,huobi,AERGO/USDT:USDT,0.13316,119.0,0.13315,37.0,0.13338,119.0,0.13356,22.0
1753600137381,07:08:57.381,huobi,AERGO/USDT:USDT,0.13316,119.0,0.13315,37.0,0.13338,119.0,0.13356,22.0
1753600139465,07:08:59.465,huobi,AERGO/USDT:USDT,0.13316,119.0,0.13315,37.0,0.13338,119.0,0.13356,22.0
1753600139542,07:08:59.542,huobi,AERGO/USDT:USDT,0.13316,119.0,0.13315,997.0,0.13338,119.0,0.13356,22.0
1753600139843,07:08:59.843,huobi,AERGO/USDT:USDT,0.13316,119.0,0.13315,997.0,0.13338,119.0,0.13356,22.0
1753600139869,07:08:59.869,huobi,AERGO/USDT:USDT,0.13316,119.0,0.13315,37.0,0.13338,119.0,0.13356,22.0
1753600139908,07:08:59.908,huobi,AERGO/USDT:USDT,0.13316,119.0,0.13313,960.0,0.13338,119.0,0.13356,22.0
1753600139942,07:08:59.942,huobi,AERGO/USDT:USDT,0.13316,119.0,0.13314,37.0,0.13338,119.0,0.13356,22.0
1753600140469,07:09:00.469,huobi,AERGO/USDT:USDT,0.13327,2.0,0.13316,119.0,0.13338,119.0,0.13356,22.0
1753600140495,07:09:00.495,huobi,AERGO/USDT:USDT,0.13328,119.0,0.13316,119.0,0.13338,119.0,0.13356,22.0
1753600140618,07:09:00.618,huobi,AERGO/USDT:USDT,0.13328,119.0,0.13316,119.0,0.13338,119.0,0.13356,22.0
1753600140628,07:09:00.628,huobi,AERGO/USDT:USDT,0.13328,119.0,0.13316,119.0,0.13338,119.0,0.13356,22.0
1753600140640,07:09:00.640,huobi,AERGO/USDT:USDT,0.13316,119.0,0.13315,960.0,0.13338,119.0,0.13356,22.0
1753600140664,07:09:00.664,huobi,AERGO/USDT:USDT,0.13316,119.0,0.13315,997.0,0.13338,119.0,0.13356,22.0
1753600140701,07:09:00.701,huobi,AERGO/USDT:USDT,0.13316,119.0,0.13315,997.0,0.13338,119.0,0.13356,22.0
1753600140731,07:09:00.731,huobi,AERGO/USDT:USDT,0.13316,119.0,0.13315,997.0,0.13338,119.0,0.13356,22.0
1753600140763,07:09:00.763,huobi,AERGO/USDT:USDT,0.13316,119.0,0.13315,997.0,0.13338,119.0,0.13356,22.0
1753600140791,07:09:00.791,huobi,AERGO/USDT:USDT,0.13316,119.0,0.13315,997.0,0.13338,119.0,0.13356,22.0
1753600141008,07:09:01.008,huobi,AERGO/USDT:USDT,0.13316,119.0,0.13315,997.0,0.13338,119.0,0.13356,22.0
1753600141014,07:09:01.014,huobi,AERGO/USDT:USDT,0.13316,119.0,0.13315,997.0,0.13338,119.0,0.13356,22.0
1753600141046,07:09:01.046,huobi,AERGO/USDT:USDT,0.13316,119.0,0.13315,997.0,0.13338,119.0,0.13356,22.0
1753600141056,07:09:01.056,huobi,AERGO/USDT:USDT,0.13316,119.0,0.13315,997.0,0.13338,119.0,0.13356,22.0
1753600141099,07:09:01.099,huobi,AERGO/USDT:USDT,0.13316,119.0,0.13315,997.0,0.13338,119.0,0.13356,22.0
1753600141950,07:09:01.950,huobi,AERGO/USDT:USDT,0.13316,119.0,0.13315,997.0,0.13338,119.0,0.13356,22.0
1753600141965,07:09:01.965,huobi,AERGO/USDT:USDT,0.13316,119.0,0.13315,960.0,0.13338,119.0,0.13356,22.0
1753600141987,07:09:01.987,huobi,AERGO/USDT:USDT,0.13316,119.0,0.13314,119.0,0.13338,119.0,0.13356,22.0
1753600142014,07:09:02.014,huobi,AERGO/USDT:USDT,0.13314,119.0,0.13313,960.0,0.13338,119.0,0.13356,22.0
1753600142050,07:09:02.050,huobi,AERGO/USDT:USDT,0.13315,37.0,0.13314,119.0,0.13338,119.0,0.13356,22.0
1753600142106,07:09:02.106,huobi,AERGO/USDT:USDT,0.13316,119.0,0.13314,119.0,0.13338,119.0,0.13356,22.0
1753600142162,07:09:02.162,huobi,AERGO/USDT:USDT,0.13317,37.0,0.13316,119.0,0.13338,119.0,0.13356,22.0
1753600142177,07:09:02.177,huobi,AERGO/USDT:USDT,0.13318,119.0,0.13317,37.0,0.13338,119.0,0.13356,22.0
1753600142255,07:09:02.255,huobi,AERGO/USDT:USDT,0.13318,119.0,0.13317,37.0,0.13338,119.0,0.13356,22.0
1753600142299,07:09:02.299,huobi,AERGO/USDT:USDT,0.13318,119.0,0.13317,37.0,0.13338,119.0,0.13356,22.0
1753600142377,07:09:02.377,huobi,AERGO/USDT:USDT,0.13318,119.0,0.13316,119.0,0.13338,119.0,0.13356,22.0
1753600142408,07:09:02.408,huobi,AERGO/USDT:USDT,0.13319,37.0,0.13316,119.0,0.13338,119.0,0.13356,22.0
1753600142438,07:09:02.438,huobi,AERGO/USDT:USDT,0.1332,119.0,0.13316,119.0,0.13338,119.0,0.13356,22.0
1753600142471,07:09:02.471,huobi,AERGO/USDT:USDT,0.1332,119.0,0.13317,37.0,0.13338,119.0,0.13356,22.0
1753600142497,07:09:02.497,huobi,AERGO/USDT:USDT,0.1332,119.0,0.13317,37.0,0.13338,119.0,0.13356,22.0
1753600142547,07:09:02.547,huobi,AERGO/USDT:USDT,0.1332,119.0,0.13317,37.0,0.13338,119.0,0.13356,22.0
1753600142562,07:09:02.562,huobi,AERGO/USDT:USDT,0.1332,119.0,0.13317,37.0,0.13338,119.0,0.13356,22.0
1753600142664,07:09:02.664,huobi,AERGO/USDT:USDT,0.1332,119.0,0.13318,37.0,0.13338,119.0,0.13356,22.0
1753600142684,07:09:02.684,huobi,AERGO/USDT:USDT,0.1332,119.0,0.13318,37.0,0.13338,119.0,0.13356,22.0
1753600142703,07:09:02.703,huobi,AERGO/USDT:USDT,0.1332,119.0,0.13317,960.0,0.13338,119.0,0.13356,22.0
1753600142752,07:09:02.752,huobi,AERGO/USDT:USDT,0.1332,119.0,0.13318,37.0,0.13338,119.0,0.13356,22.0
1753600142766,07:09:02.766,huobi,AERGO/USDT:USDT,0.1332,119.0,0.13318,37.0,0.13338,119.0,0.13356,22.0
1753600142810,07:09:02.810,huobi,AERGO/USDT:USDT,0.1332,119.0,0.13317,960.0,0.13338,119.0,0.13356,22.0
1753600142851,07:09:02.851,huobi,AERGO/USDT:USDT,0.1332,119.0,0.13318,37.0,0.13338,119.0,0.13356,22.0
1753600145018,07:09:05.018,huobi,AERGO/USDT:USDT,0.1332,119.0,0.13318,37.0,0.13338,119.0,0.13356,22.0
1753600147152,07:09:07.152,huobi,AERGO/USDT:USDT,0.1332,119.0,0.13318,37.0,0.13338,119.0,0.13356,22.0
1753600147179,07:09:07.179,huobi,AERGO/USDT:USDT,0.1332,119.0,0.13316,120.0,0.13356,22.0,0.13358,119.0
1753600147212,07:09:07.212,huobi,AERGO/USDT:USDT,0.13316,120.0,0.13312,119.0,0.13355,120.0,0.13356,22.0
1753600147247,07:09:07.247,huobi,AERGO/USDT:USDT,0.13318,120.0,0.13317,37.0,0.13355,120.0,0.13358,119.0
1753600147294,07:09:07.294,huobi,AERGO/USDT:USDT,0.13319,37.0,0.13318,120.0,0.13355,120.0,0.13357,22.0
1753600147309,07:09:07.309,huobi,AERGO/USDT:USDT,0.1332,120.0,0.13319,37.0,0.13355,120.0,0.13357,22.0
1753600147355,07:09:07.355,huobi,AERGO/USDT:USDT,0.1332,120.0,0.13319,37.0,0.13355,120.0,0.13357,22.0
1753600147439,07:09:07.439,huobi,AERGO/USDT:USDT,0.1332,120.0,0.13319,37.0,0.13355,120.0,0.13357,22.0
1753600147453,07:09:07.453,huobi,AERGO/USDT:USDT,0.1332,120.0,0.13319,997.0,0.13355,120.0,0.13357,22.0
1753600147475,07:09:07.475,huobi,AERGO/USDT:USDT,0.1332,120.0,0.13319,997.0,0.13355,120.0,0.13357,22.0
1753600147521,07:09:07.521,huobi,AERGO/USDT:USDT,0.1332,120.0,0.13319,960.0,0.13355,120.0,0.13357,22.0
1753600147557,07:09:07.557,huobi,AERGO/USDT:USDT,0.1332,120.0,0.13319,997.0,0.13355,120.0,0.13357,22.0
1753600147702,07:09:07.702,huobi,AERGO/USDT:USDT,0.1332,120.0,0.13319,997.0,0.13355,120.0,0.13357,22.0
1753600147726,07:09:07.726,huobi,AERGO/USDT:USDT,0.1332,120.0,0.13319,960.0,0.13355,120.0,0.13357,22.0
1753600147763,07:09:07.763,huobi,AERGO/USDT:USDT,0.1332,120.0,0.13319,960.0,0.13355,120.0,0.13357,22.0
1753600147775,07:09:07.775,huobi,AERGO/USDT:USDT,0.1332,120.0,0.13317,37.0,0.13355,120.0,0.13357,22.0
1753600150271,07:09:10.271,huobi,AERGO/USDT:USDT,0.1332,120.0,0.13317,997.0,0.13355,120.0,0.13357,22.0
1753600150276,07:09:10.276,huobi,AERGO/USDT:USDT,0.1332,120.0,0.13317,37.0,0.13355,120.0,0.13357,22.0
1753600150298,07:09:10.298,huobi,AERGO/USDT:USDT,0.1332,120.0,0.13313,960.0,0.13355,120.0,0.13357,22.0
1753600150336,07:09:10.336,huobi,AERGO/USDT:USDT,0.1332,120.0,0.13314,37.0,0.13355,120.0,0.13357,22.0
1753600151768,07:09:11.768,huobi,AERGO/USDT:USDT,0.1332,120.0,0.13313,960.0,0.13355,120.0,0.13357,22.0
1753600151822,07:09:11.822,huobi,AERGO/USDT:USDT,0.13321,37.0,0.1332,120.0,0.13355,120.0,0.13357,22.0
1753600151837,07:09:11.837,huobi,AERGO/USDT:USDT,0.13321,37.0,0.1332,120.0,0.13355,120.0,0.13358,119.0
1753600151860,07:09:11.860,huobi,AERGO/USDT:USDT,0.13322,120.0,0.13321,37.0,0.13354,22.0,0.13358,119.0
1753600151896,07:09:11.896,huobi,AERGO/USDT:USDT,0.13322,120.0,0.13321,37.0,0.13353,120.0,0.13354,22.0
1753600151943,07:09:11.943,huobi,AERGO/USDT:USDT,0.13322,120.0,0.13321,37.0,0.13353,120.0,0.13354,22.0
1753600152002,07:09:12.002,huobi,AERGO/USDT:USDT,0.13322,120.0,0.13321,37.0,0.13353,120.0,0.13354,22.0
1753600152019,07:09:12.019,huobi,AERGO/USDT:USDT,0.13322,120.0,0.13321,997.0,0.13353,120.0,0.13354,22.0
1753600152111,07:09:12.111,huobi,AERGO/USDT:USDT,0.13322,120.0,0.13321,997.0,0.13353,120.0,0.13354,22.0
1753600152123,07:09:12.123,huobi,AERGO/USDT:USDT,0.13322,120.0,0.13321,997.0,0.13353,120.0,0.13354,22.0
1753600152164,07:09:12.164,huobi,AERGO/USDT:USDT,0.13322,120.0,0.13321,997.0,0.13353,120.0,0.13354,22.0
1753600152273,07:09:12.273,huobi,AERGO/USDT:USDT,0.13322,120.0,0.13321,960.0,0.13353,120.0,0.13354,22.0
1753600152312,07:09:12.312,huobi,AERGO/USDT:USDT,0.13322,120.0,0.13321,960.0,0.13353,120.0,0.13354,22.0
1753600152817,07:09:12.817,huobi,AERGO/USDT:USDT,0.13322,120.0,0.13321,960.0,0.13353,120.0,0.13354,22.0
1753600152867,07:09:12.867,huobi,AERGO/USDT:USDT,0.13322,120.0,0.13321,960.0,0.13353,120.0,0.13354,22.0
1753600155365,07:09:15.365,huobi,AERGO/USDT:USDT,0.13322,120.0,0.13321,960.0,0.13353,120.0,0.13354,22.0
1753600155414,07:09:15.414,huobi,AERGO/USDT:USDT,0.13322,120.0,0.13321,960.0,0.13353,120.0,0.13354,22.0
1753600155448,07:09:15.448,huobi,AERGO/USDT:USDT,0.13322,120.0,0.13321,960.0,0.13353,120.0,0.13354,22.0
1753600158056,07:09:18.056,huobi,AERGO/USDT:USDT,0.13322,120.0,0.13321,960.0,0.13353,120.0,0.13354,22.0
1753600158083,07:09:18.083,huobi,AERGO/USDT:USDT,0.13322,120.0,0.13321,960.0,0.13353,120.0,0.13354,22.0
1753600158118,07:09:18.118,huobi,AERGO/USDT:USDT,0.13322,120.0,0.13321,960.0,0.13353,120.0,0.13354,22.0
1753600158527,07:09:18.527,huobi,AERGO/USDT:USDT,0.13322,120.0,0.13321,960.0,0.13353,120.0,0.13354,22.0
1753600158564,07:09:18.564,huobi,AERGO/USDT:USDT,0.13322,120.0,0.13321,997.0,0.13353,120.0,0.13354,22.0
1753600158772,07:09:18.772,huobi,AERGO/USDT:USDT,0.13323,37.0,0.13322,120.0,0.13353,120.0,0.13354,22.0
1753600158772,07:09:18.772,huobi,AERGO/USDT:USDT,0.13324,116.0,0.13323,37.0,0.13353,120.0,0.13354,22.0
1753600158886,07:09:18.886,huobi,AERGO/USDT:USDT,0.13324,116.0,0.13323,997.0,0.13353,120.0,0.13354,22.0
1753600160322,07:09:20.322,huobi,AERGO/USDT:USDT,0.13324,116.0,0.13323,997.0,0.13353,120.0,0.13354,22.0
1753600160365,07:09:20.365,huobi,AERGO/USDT:USDT,0.13324,116.0,0.13323,997.0,0.13353,120.0,0.13354,22.0
1753600160382,07:09:20.382,huobi,AERGO/USDT:USDT,0.13324,116.0,0.13323,997.0,0.13353,120.0,0.13354,22.0
1753600160768,07:09:20.768,huobi,AERGO/USDT:USDT,0.13324,116.0,0.13323,997.0,0.13353,120.0,0.13354,22.0
1753600160822,07:09:20.822,huobi,AERGO/USDT:USDT,0.13324,116.0,0.13321,997.0,0.13353,120.0,0.13354,22.0
1753600160844,07:09:20.844,huobi,AERGO/USDT:USDT,0.13324,116.0,0.13321,960.0,0.13353,120.0,0.13354,22.0
1753600160883,07:09:20.883,huobi,AERGO/USDT:USDT,0.13324,116.0,0.13322,37.0,0.13353,120.0,0.13354,22.0
1753600163432,07:09:23.432,huobi,AERGO/USDT:USDT,0.13324,116.0,0.13322,37.0,0.13353,120.0,0.13354,22.0
1753600163494,07:09:23.494,huobi,AERGO/USDT:USDT,0.13324,116.0,0.13322,37.0,0.13353,120.0,0.13354,22.0
1753600163494,07:09:23.494,huobi,AERGO/USDT:USDT,0.13324,116.0,0.13323,37.0,0.13353,120.0,0.13357,960.0
1753600163497,07:09:23.497,huobi,AERGO/USDT:USDT,0.13324,116.0,0.13323,37.0,0.13352,22.0,0.13353,120.0
1753600163524,07:09:23.524,huobi,AERGO/USDT:USDT,0.13324,116.0,0.13302,960.0,0.13351,116.0,0.13352,982.0
1753600166220,07:09:26.220,huobi,AERGO/USDT:USDT,0.13324,116.0,0.13303,37.0,0.13351,116.0,0.13352,982.0
1753600166232,07:09:26.232,huobi,AERGO/USDT:USDT,0.13324,116.0,0.13303,37.0,0.13351,116.0,0.13352,982.0
1753600166255,07:09:26.255,huobi,AERGO/USDT:USDT,0.13324,116.0,0.133,960.0,0.13351,116.0,0.13352,22.0
1753600166295,07:09:26.295,huobi,AERGO/USDT:USDT,0.13324,116.0,0.13301,37.0,0.13351,116.0,0.13352,22.0
1753600168985,07:09:28.985,huobi,AERGO/USDT:USDT,0.13324,116.0,0.13301,37.0,0.13351,116.0,0.13352,22.0
1753600169016,07:09:29.016,huobi,AERGO/USDT:USDT,0.13324,116.0,0.13301,37.0,0.13351,116.0,0.13352,22.0
1753600169077,07:09:29.077,huobi,AERGO/USDT:USDT,0.13324,116.0,0.13302,37.0,0.13351,116.0,0.13352,22.0
1753600169137,07:09:29.137,huobi,AERGO/USDT:USDT,0.13324,116.0,0.13303,37.0,0.13351,116.0,0.13352,22.0
1753600169192,07:09:29.192,huobi,AERGO/USDT:USDT,0.13324,116.0,0.13304,37.0,0.13351,116.0,0.13352,22.0
1753600169214,07:09:29.214,huobi,AERGO/USDT:USDT,0.13324,116.0,0.133,116.0,0.13351,116.0,0.13352,22.0
1753600169228,07:09:29.228,huobi,AERGO/USDT:USDT,0.133,116.0,0.13298,960.0,0.13351,116.0,0.13352,22.0
1753600169259,07:09:29.259,huobi,AERGO/USDT:USDT,0.13302,116.0,0.13301,37.0,0.13351,116.0,0.13352,22.0
1753600169305,07:09:29.305,huobi,AERGO/USDT:USDT,0.13302,116.0,0.133,116.0,0.13351,116.0,0.13352,22.0
1753600169316,07:09:29.316,huobi,AERGO/USDT:USDT,0.13302,116.0,0.133,116.0,0.13351,116.0,0.13352,22.0
1753600169348,07:09:29.348,huobi,AERGO/USDT:USDT,0.13304,116.0,0.13303,37.0,0.13351,116.0,0.13352,22.0
1753600169395,07:09:29.395,huobi,AERGO/USDT:USDT,0.13305,37.0,0.13304,116.0,0.13351,116.0,0.13352,22.0
1753600169409,07:09:29.409,huobi,AERGO/USDT:USDT,0.13306,116.0,0.13305,37.0,0.13351,116.0,0.13352,22.0
1753600169460,07:09:29.460,huobi,AERGO/USDT:USDT,0.13306,116.0,0.13304,116.0,0.13351,116.0,0.13357,22.0
1753600169469,07:09:29.469,huobi,AERGO/USDT:USDT,0.13307,37.0,0.13306,116.0,0.13351,116.0,0.13357,22.0
1753600169495,07:09:29.495,huobi,AERGO/USDT:USDT,0.13308,116.0,0.13307,997.0,0.13351,116.0,0.13357,22.0
1753600169531,07:09:29.531,huobi,AERGO/USDT:USDT,0.13308,116.0,0.13307,960.0,0.13351,116.0,0.13357,22.0
1753600169558,07:09:29.558,huobi,AERGO/USDT:USDT,0.1331,116.0,0.13309,37.0,0.13351,116.0,0.13357,982.0
1753600169602,07:09:29.602,huobi,AERGO/USDT:USDT,0.1331,116.0,0.13308,116.0,0.13351,116.0,0.13357,982.0
1753600169621,07:09:29.621,huobi,AERGO/USDT:USDT,0.13311,37.0,0.1331,116.0,0.13351,116.0,0.13357,982.0
1753600169657,07:09:29.657,huobi,AERGO/USDT:USDT,0.13312,116.0,0.1331,116.0,0.13351,116.0,0.13357,982.0
1753600169744,07:09:29.744,huobi,AERGO/USDT:USDT,0.13314,116.0,0.13312,116.0,0.13351,116.0,0.13357,982.0
1753600169767,07:09:29.767,huobi,AERGO/USDT:USDT,0.13315,37.0,0.13314,116.0,0.13351,116.0,0.13357,982.0
1753600169797,07:09:29.797,huobi,AERGO/USDT:USDT,0.13316,116.0,0.13314,116.0,0.13351,116.0,0.13357,982.0
1753600169833,07:09:29.833,huobi,AERGO/USDT:USDT,0.13317,37.0,0.13316,116.0,0.13351,116.0,0.13357,982.0
1753600169865,07:09:29.865,huobi,AERGO/USDT:USDT,0.13318,116.0,0.13317,37.0,0.13351,116.0,0.13357,982.0
1753600169910,07:09:29.910,huobi,AERGO/USDT:USDT,0.13319,37.0,0.13318,116.0,0.13351,116.0,0.13357,982.0
1753600169931,07:09:29.931,huobi,AERGO/USDT:USDT,0.1332,116.0,0.13319,37.0,0.13351,116.0,0.13357,982.0
1753600169944,07:09:29.944,huobi,AERGO/USDT:USDT,0.1332,116.0,0.13318,116.0,0.13351,116.0,0.13357,982.0
1753600169986,07:09:29.986,huobi,AERGO/USDT:USDT,0.13321,37.0,0.1332,116.0,0.13351,116.0,0.13357,982.0
1753600170020,07:09:30.020,huobi,AERGO/USDT:USDT,0.13322,116.0,0.13321,37.0,0.13351,116.0,0.13357,982.0
1753600170043,07:09:30.043,huobi,AERGO/USDT:USDT,0.13322,116.0,0.1332,116.0,0.13351,116.0,0.13357,982.0
1753600170088,07:09:30.088,huobi,AERGO/USDT:USDT,0.13323,37.0,0.13322,116.0,0.13351,116.0,0.13357,982.0
1753600170101,07:09:30.101,huobi,AERGO/USDT:USDT,0.13324,116.0,0.13323,37.0,0.13351,116.0,0.13357,982.0
1753600170145,07:09:30.145,huobi,AERGO/USDT:USDT,0.13324,116.0,0.13323,37.0,0.13351,116.0,0.13357,982.0
1753600170799,07:09:30.799,huobi,AERGO/USDT:USDT,0.13324,116.0,0.13322,116.0,0.13351,116.0,0.13357,982.0
1753600170821,07:09:30.821,huobi,AERGO/USDT:USDT,0.13322,116.0,0.1332,116.0,0.13351,116.0,0.13357,982.0
1753600170850,07:09:30.850,huobi,AERGO/USDT:USDT,0.13324,116.0,0.13323,37.0,0.13351,116.0,0.13357,982.0
1753600170874,07:09:30.874,huobi,AERGO/USDT:USDT,0.13324,116.0,0.1332,116.0,0.13351,116.0,0.13357,982.0
1753600170911,07:09:30.911,huobi,AERGO/USDT:USDT,0.13325,37.0,0.13324,116.0,0.13351,116.0,0.13357,982.0
1753600170939,07:09:30.939,huobi,AERGO/USDT:USDT,0.13326,116.0,0.13325,37.0,0.13351,116.0,0.13357,982.0
1753600171052,07:09:31.052,huobi,AERGO/USDT:USDT,0.13326,116.0,0.13325,997.0,0.13351,116.0,0.13357,982.0
1753600171074,07:09:31.074,huobi,AERGO/USDT:USDT,0.13326,116.0,0.13325,960.0,0.13351,116.0,0.13357,982.0
1753600171112,07:09:31.112,huobi,AERGO/USDT:USDT,0.13326,153.0,0.13325,960.0,0.13351,116.0,0.13357,982.0
1753600171125,07:09:31.125,huobi,AERGO/USDT:USDT,0.13326,37.0,0.13325,960.0,0.13351,116.0,0.13357,982.0
1753600171156,07:09:31.156,huobi,AERGO/USDT:USDT,0.13327,116.0,0.13326,37.0,0.13351,116.0,0.13357,982.0
1753600171668,07:09:31.668,huobi,AERGO/USDT:USDT,0.13327,116.0,0.13326,37.0,0.13351,116.0,0.13357,982.0
1753600171690,07:09:31.690,huobi,AERGO/USDT:USDT,0.13327,116.0,0.13326,37.0,0.13351,116.0,0.13357,982.0
1753600171741,07:09:31.741,huobi,AERGO/USDT:USDT,0.13327,116.0,0.13322,37.0,0.13351,116.0,0.13357,982.0
1753600171748,07:09:31.748,huobi,AERGO/USDT:USDT,0.13327,116.0,0.13322,37.0,0.13351,116.0,0.13357,982.0
1753600171798,07:09:31.798,huobi,AERGO/USDT:USDT,0.13327,116.0,0.13323,37.0,0.13351,116.0,0.13357,982.0
1753600171819,07:09:31.819,huobi,AERGO/USDT:USDT,0.13327,116.0,0.13321,960.0,0.13351,116.0,0.13357,982.0
1753600171857,07:09:31.857,huobi,AERGO/USDT:USDT,0.13327,116.0,0.13322,37.0,0.13351,116.0,0.13357,982.0
1753600174269,07:09:34.269,huobi,AERGO/USDT:USDT,0.13327,116.0,0.13322,37.0,0.13351,116.0,0.13357,982.0
1753600174318,07:09:34.318,huobi,AERGO/USDT:USDT,0.13327,116.0,0.13322,37.0,0.13351,116.0,0.13357,982.0
1753600174343,07:09:34.343,huobi,AERGO/USDT:USDT,0.13327,116.0,0.13319,960.0,0.13351,116.0,0.13357,982.0
1753600174383,07:09:34.383,huobi,AERGO/USDT:USDT,0.13327,116.0,0.1332,37.0,0.13351,116.0,0.13357,982.0
1753600176935,07:09:36.935,huobi,AERGO/USDT:USDT,0.13327,116.0,0.1332,37.0,0.13351,116.0,0.13357,982.0
1753600176993,07:09:36.993,huobi,AERGO/USDT:USDT,0.13327,116.0,0.1332,37.0,0.13351,116.0,0.13357,982.0
1753600177015,07:09:37.015,huobi,AERGO/USDT:USDT,0.13327,116.0,0.13317,960.0,0.13351,116.0,0.13357,982.0
1753600177052,07:09:37.052,huobi,AERGO/USDT:USDT,0.13327,116.0,0.13318,37.0,0.13351,116.0,0.13357,982.0
1753600179555,07:09:39.555,huobi,AERGO/USDT:USDT,0.13327,116.0,0.13318,37.0,0.13351,116.0,0.13357,982.0
1753600182329,07:09:42.329,huobi,AERGO/USDT:USDT,0.13327,116.0,0.13318,37.0,0.13351,116.0,0.13357,982.0
1753600182340,07:09:42.340,huobi,AERGO/USDT:USDT,0.13327,116.0,0.13318,37.0,0.13351,116.0,0.13357,982.0
1753600182381,07:09:42.381,huobi,AERGO/USDT:USDT,0.13327,116.0,0.13319,37.0,0.13351,116.0,0.13357,982.0
1753600182397,07:09:42.397,huobi,AERGO/USDT:USDT,0.13327,116.0,0.13319,37.0,0.13351,116.0,0.13357,982.0
1753600182447,07:09:42.447,huobi,AERGO/USDT:USDT,0.13327,116.0,0.1332,37.0,0.13351,116.0,0.13357,982.0
1753600182475,07:09:42.475,huobi,AERGO/USDT:USDT,0.13327,116.0,0.13317,120.0,0.13351,116.0,0.13357,982.0
1753600182485,07:09:42.485,huobi,AERGO/USDT:USDT,0.13317,120.0,0.13313,960.0,0.13351,116.0,0.13357,982.0
1753600182517,07:09:42.517,huobi,AERGO/USDT:USDT,0.13318,37.0,0.13317,120.0,0.13351,116.0,0.13357,982.0
1753600182550,07:09:42.550,huobi,AERGO/USDT:USDT,0.13319,120.0,0.13317,120.0,0.13351,116.0,0.13357,982.0
1753600182588,07:09:42.588,huobi,AERGO/USDT:USDT,0.1332,37.0,0.13319,120.0,0.13351,116.0,0.13357,982.0
1753600182622,07:09:42.622,huobi,AERGO/USDT:USDT,0.13321,120.0,0.1332,37.0,0.13351,116.0,0.13357,982.0
1753600182636,07:09:42.636,huobi,AERGO/USDT:USDT,0.13321,120.0,0.1332,997.0,0.13351,116.0,0.13357,982.0
1753600182681,07:09:42.681,huobi,AERGO/USDT:USDT,0.13322,37.0,0.13321,120.0,0.13351,116.0,0.13357,982.0
1753600182695,07:09:42.695,huobi,AERGO/USDT:USDT,0.13323,120.0,0.13322,37.0,0.13351,116.0,0.13357,982.0
1753600182744,07:09:42.744,huobi,AERGO/USDT:USDT,0.13323,120.0,0.13321,120.0,0.13351,116.0,0.13357,982.0
1753600182757,07:09:42.757,huobi,AERGO/USDT:USDT,0.13324,37.0,0.13323,120.0,0.13351,116.0,0.13357,982.0
1753600182865,07:09:42.865,huobi,AERGO/USDT:USDT,0.13325,120.0,0.13324,37.0,0.13351,116.0,0.13357,982.0
1753600182904,07:09:42.904,huobi,AERGO/USDT:USDT,0.13325,120.0,0.13324,997.0,0.13351,116.0,0.13357,982.0
1753600182989,07:09:42.989,huobi,AERGO/USDT:USDT,0.13325,157.0,0.13324,960.0,0.13351,116.0,0.13357,982.0
1753600183002,07:09:43.002,huobi,AERGO/USDT:USDT,0.13326,120.0,0.13325,157.0,0.13351,116.0,0.13357,982.0
1753600183061,07:09:43.061,huobi,AERGO/USDT:USDT,0.13326,120.0,0.13325,37.0,0.13351,116.0,0.13357,982.0
1753600185087,07:09:45.087,huobi,AERGO/USDT:USDT,0.13326,120.0,0.13325,37.0,0.13351,116.0,0.13357,982.0
1753600185097,07:09:45.097,huobi,AERGO/USDT:USDT,0.13326,120.0,0.13325,37.0,0.13351,116.0,0.13357,982.0
1753600185151,07:09:45.151,huobi,AERGO/USDT:USDT,0.13326,120.0,0.13322,37.0,0.13351,116.0,0.13357,982.0
1753600187741,07:09:47.741,huobi,AERGO/USDT:USDT,0.13326,120.0,0.13322,37.0,0.13351,116.0,0.13357,982.0
1753600187764,07:09:47.764,huobi,AERGO/USDT:USDT,0.13326,120.0,0.13322,37.0,0.13351,116.0,0.13357,982.0
1753600188563,07:09:48.563,huobi,AERGO/USDT:USDT,0.13326,120.0,0.13322,37.0,0.13351,116.0,0.13357,982.0
1753600188591,07:09:48.591,huobi,AERGO/USDT:USDT,0.13326,120.0,0.13322,37.0,0.13351,116.0,0.13357,982.0
1753600188630,07:09:48.630,huobi,AERGO/USDT:USDT,0.13326,120.0,0.13322,37.0,0.13351,116.0,0.13357,982.0
1753600188644,07:09:48.644,huobi,AERGO/USDT:USDT,0.13326,120.0,0.13322,37.0,0.13351,116.0,0.13357,982.0
1753600188925,07:09:48.925,huobi,AERGO/USDT:USDT,0.13326,120.0,0.13322,37.0,0.13336,12.0,0.13351,116.0
1753600188948,07:09:48.948,huobi,AERGO/USDT:USDT,0.13326,120.0,0.13322,37.0,0.1335,116.0,0.13351,116.0
1753600188976,07:09:48.976,huobi,AERGO/USDT:USDT,0.13326,120.0,0.13322,37.0,0.1335,116.0,0.13357,982.0
1753600189088,07:09:49.088,huobi,AERGO/USDT:USDT,0.13326,120.0,0.13322,37.0,0.1335,116.0,0.13357,22.0
1753600189259,07:09:49.259,huobi,AERGO/USDT:USDT,0.13326,120.0,0.13322,37.0,0.1335,116.0,0.13357,22.0
1753600189272,07:09:49.272,huobi,AERGO/USDT:USDT,0.13326,120.0,0.13322,37.0,0.1335,116.0,0.13357,982.0
1753600189389,07:09:49.389,huobi,AERGO/USDT:USDT,0.13326,120.0,0.13322,37.0,0.1335,116.0,0.13357,982.0
1753600189475,07:09:49.475,huobi,AERGO/USDT:USDT,0.13326,120.0,0.13322,37.0,0.1335,116.0,0.13357,982.0
1753600190574,07:09:50.574,huobi,AERGO/USDT:USDT,0.13326,120.0,0.13322,37.0,0.1335,116.0,0.13357,982.0
1753600190585,07:09:50.585,huobi,AERGO/USDT:USDT,0.13326,120.0,0.13322,37.0,0.1335,116.0,0.13357,982.0
1753600190642,07:09:50.642,huobi,AERGO/USDT:USDT,0.13326,120.0,0.13322,997.0,0.1335,116.0,0.13357,982.0
1753600190664,07:09:50.664,huobi,AERGO/USDT:USDT,0.13326,120.0,0.13322,997.0,0.1335,116.0,0.13357,982.0
1753600190694,07:09:50.694,huobi,AERGO/USDT:USDT,0.13326,120.0,0.13322,997.0,0.1335,116.0,0.13357,982.0
1753600190706,07:09:50.706,huobi,AERGO/USDT:USDT,0.13326,120.0,0.13322,997.0,0.1335,116.0,0.13357,982.0
1753600191022,07:09:51.022,huobi,AERGO/USDT:USDT,0.13326,120.0,0.13322,960.0,0.1335,116.0,0.13357,982.0
1753600191058,07:09:51.058,huobi,AERGO/USDT:USDT,0.13326,120.0,0.13323,37.0,0.1335,116.0,0.13357,982.0
1753600193396,07:09:53.396,huobi,AERGO/USDT:USDT,0.13326,120.0,0.13323,37.0,0.1335,116.0,0.13357,982.0
1753600193414,07:09:53.414,huobi,AERGO/USDT:USDT,0.13326,120.0,0.13323,37.0,0.1335,116.0,0.13357,982.0
1753600193439,07:09:53.439,huobi,AERGO/USDT:USDT,0.13326,120.0,0.13313,960.0,0.1335,116.0,0.13357,982.0
1753600193467,07:09:53.467,huobi,AERGO/USDT:USDT,0.13326,120.0,0.13314,37.0,0.1335,116.0,0.13357,982.0
1753600193530,07:09:53.530,huobi,AERGO/USDT:USDT,0.13326,120.0,0.13314,37.0,0.1335,116.0,0.13357,982.0
1753600196150,07:09:56.150,huobi,AERGO/USDT:USDT,0.13326,120.0,0.13314,37.0,0.1335,116.0,0.13357,982.0
1753600196173,07:09:56.173,huobi,AERGO/USDT:USDT,0.13326,120.0,0.13314,37.0,0.1335,116.0,0.13357,982.0
1753600196223,07:09:56.223,huobi,AERGO/USDT:USDT,0.13326,120.0,0.13315,37.0,0.1335,116.0,0.13357,982.0
1753600196236,07:09:56.236,huobi,AERGO/USDT:USDT,0.13326,120.0,0.13315,37.0,0.1335,116.0,0.13357,982.0
1753600196282,07:09:56.282,huobi,AERGO/USDT:USDT,0.13326,120.0,0.13316,37.0,0.1335,116.0,0.13357,982.0
1753600196298,07:09:56.298,huobi,AERGO/USDT:USDT,0.13326,120.0,0.13316,37.0,0.1335,116.0,0.13357,982.0
1753600196343,07:09:56.343,huobi,AERGO/USDT:USDT,0.13326,120.0,0.13314,116.0,0.1335,116.0,0.13357,982.0
1753600196344,07:09:56.344,huobi,AERGO/USDT:USDT,0.13326,120.0,0.13317,37.0,0.1335,116.0,0.13357,982.0
1753600196403,07:09:56.403,huobi,AERGO/USDT:USDT,0.13326,120.0,0.13318,37.0,0.1335,116.0,0.13357,982.0
1753600196419,07:09:56.419,huobi,AERGO/USDT:USDT,0.13326,120.0,0.13318,37.0,0.1335,116.0,0.13357,982.0
1753600196446,07:09:56.446,huobi,AERGO/USDT:USDT,0.13326,120.0,0.13316,116.0,0.1335,116.0,0.13357,982.0
1753600196466,07:09:56.466,huobi,AERGO/USDT:USDT,0.13316,116.0,0.13315,960.0,0.1335,116.0,0.13357,982.0
1753600196501,07:09:56.501,huobi,AERGO/USDT:USDT,0.13318,116.0,0.13317,997.0,0.1335,116.0,0.13357,982.0
1753600196535,07:09:56.535,huobi,AERGO/USDT:USDT,0.13319,37.0,0.13318,116.0,0.1335,116.0,0.13357,982.0
1753600196564,07:09:56.564,huobi,AERGO/USDT:USDT,0.1332,116.0,0.13319,997.0,0.1335,116.0,0.13357,982.0
1753600196608,07:09:56.608,huobi,AERGO/USDT:USDT,0.13321,37.0,0.1332,116.0,0.1335,116.0,0.13357,982.0
1753600196623,07:09:56.623,huobi,AERGO/USDT:USDT,0.13322,116.0,0.13321,37.0,0.1335,116.0,0.13357,982.0
1753600196671,07:09:56.671,huobi,AERGO/USDT:USDT,0.13322,116.0,0.1332,116.0,0.1335,116.0,0.13357,982.0
1753600196684,07:09:56.684,huobi,AERGO/USDT:USDT,0.13323,37.0,0.13322,116.0,0.1335,116.0,0.13357,982.0
1753600196791,07:09:56.791,huobi,AERGO/USDT:USDT,0.13324,116.0,0.13323,37.0,0.1335,116.0,0.13357,982.0
1753600196805,07:09:56.805,huobi,AERGO/USDT:USDT,0.13324,116.0,0.13323,997.0,0.1335,116.0,0.13357,982.0
1753600196850,07:09:56.850,huobi,AERGO/USDT:USDT,0.13325,37.0,0.13324,116.0,0.1335,116.0,0.13357,982.0
1753600196864,07:09:56.864,huobi,AERGO/USDT:USDT,0.13326,116.0,0.13325,37.0,0.1335,116.0,0.13357,982.0
1753600196913,07:09:56.913,huobi,AERGO/USDT:USDT,0.13326,116.0,0.13325,37.0,0.1335,116.0,0.13357,982.0
1753600197656,07:09:57.656,huobi,AERGO/USDT:USDT,0.13326,116.0,0.13325,37.0,0.1335,116.0,0.13357,982.0
1753600197665,07:09:57.665,huobi,AERGO/USDT:USDT,0.13326,116.0,0.13324,116.0,0.1335,116.0,0.13357,982.0
1753600197699,07:09:57.699,huobi,AERGO/USDT:USDT,0.1332,116.0,0.13318,116.0,0.1335,116.0,0.13357,982.0
1753600197733,07:09:57.733,huobi,AERGO/USDT:USDT,0.13316,116.0,0.13314,116.0,0.1335,116.0,0.13357,982.0
1753600197770,07:09:57.770,huobi,AERGO/USDT:USDT,0.13324,116.0,0.13317,37.0,0.1335,116.0,0.13357,982.0
1753600197792,07:09:57.792,huobi,AERGO/USDT:USDT,0.13324,116.0,0.13315,960.0,0.1335,116.0,0.13357,982.0
1753600197830,07:09:57.830,huobi,AERGO/USDT:USDT,0.13324,116.0,0.13316,37.0,0.1335,116.0,0.13357,982.0
1753600197951,07:09:57.951,huobi,AERGO/USDT:USDT,0.13324,116.0,0.13316,37.0,0.1335,116.0,0.13357,982.0
1753600198133,07:09:58.133,huobi,AERGO/USDT:USDT,0.13324,116.0,0.13315,960.0,0.1335,116.0,0.13357,982.0
1753600198151,07:09:58.151,huobi,AERGO/USDT:USDT,0.13324,116.0,0.13314,116.0,0.1335,116.0,0.13357,982.0
1753600198183,07:09:58.183,huobi,AERGO/USDT:USDT,0.13314,116.0,0.13313,960.0,0.1335,116.0,0.13357,982.0
1753600198232,07:09:58.232,huobi,AERGO/USDT:USDT,0.13326,116.0,0.13315,37.0,0.1335,116.0,0.13357,982.0
1753600198316,07:09:58.316,huobi,AERGO/USDT:USDT,0.13326,116.0,0.13315,37.0,0.1335,116.0,0.13357,982.0
1753600198904,07:09:58.904,huobi,AERGO/USDT:USDT,0.13326,116.0,0.13315,37.0,0.1335,116.0,0.13357,982.0
1753600201486,07:10:01.486,huobi,AERGO/USDT:USDT,0.13326,116.0,0.13315,37.0,0.1335,116.0,0.13357,982.0
1753600201504,07:10:01.504,huobi,AERGO/USDT:USDT,0.13326,116.0,0.13315,37.0,0.1335,116.0,0.13357,982.0
1753600201625,07:10:01.625,huobi,AERGO/USDT:USDT,0.13326,116.0,0.13315,997.0,0.1335,116.0,0.13357,982.0
1753600201689,07:10:01.689,huobi,AERGO/USDT:USDT,0.13326,116.0,0.13316,37.0,0.1335,116.0,0.13357,982.0
1753600204117,07:10:04.117,huobi,AERGO/USDT:USDT,0.13326,116.0,0.13316,37.0,0.1335,116.0,0.13357,982.0
1753600206730,07:10:06.730,huobi,AERGO/USDT:USDT,0.13326,116.0,0.13316,37.0,0.1335,116.0,0.13357,982.0
1753600206756,07:10:06.756,huobi,AERGO/USDT:USDT,0.13326,116.0,0.13314,117.0,0.1335,116.0,0.13357,982.0
1753600206792,07:10:06.792,huobi,AERGO/USDT:USDT,0.13314,117.0,0.13307,960.0,0.1335,116.0,0.13357,982.0
1753600206816,07:10:06.816,huobi,AERGO/USDT:USDT,0.13316,117.0,0.13315,37.0,0.1335,116.0,0.13357,982.0
1753600206845,07:10:06.845,huobi,AERGO/USDT:USDT,0.13316,117.0,0.13314,117.0,0.1335,116.0,0.13357,982.0
1753600206880,07:10:06.880,huobi,AERGO/USDT:USDT,0.13317,37.0,0.13316,117.0,0.1335,116.0,0.13357,982.0
1753600206921,07:10:06.921,huobi,AERGO/USDT:USDT,0.13318,117.0,0.13316,117.0,0.1335,116.0,0.13357,982.0
1753600206954,07:10:06.954,huobi,AERGO/USDT:USDT,0.13319,37.0,0.13318,117.0,0.1335,116.0,0.13357,982.0
1753600206972,07:10:06.972,huobi,AERGO/USDT:USDT,0.1332,117.0,0.13319,37.0,0.1335,116.0,0.13357,982.0
1753600207042,07:10:07.042,huobi,AERGO/USDT:USDT,0.1332,117.0,0.13318,117.0,0.1335,116.0,0.13357,982.0
1753600207043,07:10:07.043,huobi,AERGO/USDT:USDT,0.13321,37.0,0.1332,117.0,0.1335,116.0,0.13357,982.0
1753600207065,07:10:07.065,huobi,AERGO/USDT:USDT,0.13321,37.0,0.1332,117.0,0.1335,116.0,0.13357,982.0
1753600207089,07:10:07.089,huobi,AERGO/USDT:USDT,0.13322,117.0,0.13321,37.0,0.1335,116.0,0.13357,982.0
1753600207173,07:10:07.173,huobi,AERGO/USDT:USDT,0.13322,117.0,0.1332,117.0,0.1335,116.0,0.13357,982.0
1753600207179,07:10:07.179,huobi,AERGO/USDT:USDT,0.13323,37.0,0.13322,117.0,0.1335,116.0,0.13357,982.0
1753600207213,07:10:07.213,huobi,AERGO/USDT:USDT,0.13324,117.0,0.13323,997.0,0.1335,116.0,0.13357,982.0
1753600207258,07:10:07.258,huobi,AERGO/USDT:USDT,0.13324,154.0,0.13323,960.0,0.1335,116.0,0.13357,982.0
1753600207278,07:10:07.278,huobi,AERGO/USDT:USDT,0.13325,117.0,0.13324,154.0,0.1335,116.0,0.13357,982.0
1753600207329,07:10:07.329,huobi,AERGO/USDT:USDT,0.13325,117.0,0.13324,37.0,0.1335,116.0,0.13357,982.0
1753600209405,07:10:09.405,huobi,AERGO/USDT:USDT,0.13325,117.0,0.13324,37.0,0.1335,116.0,0.13357,982.0
1753600211458,07:10:11.458,huobi,AERGO/USDT:USDT,0.13325,117.0,0.13324,37.0,0.1335,116.0,0.13357,982.0
1753600211865,07:10:11.865,huobi,AERGO/USDT:USDT,0.13325,117.0,0.13323,960.0,0.1335,116.0,0.13357,982.0
1753600211903,07:10:11.903,huobi,AERGO/USDT:USDT,0.13325,117.0,0.13323,960.0,0.1335,116.0,0.13357,982.0
1753600212102,07:10:12.102,huobi,AERGO/USDT:USDT,0.13325,117.0,0.13323,960.0,0.1335,116.0,0.13357,982.0
1753600212158,07:10:12.158,huobi,AERGO/USDT:USDT,0.13325,117.0,0.13322,37.0,0.1335,116.0,0.13357,982.0
1753600212209,07:10:12.209,huobi,AERGO/USDT:USDT,0.13325,117.0,0.13323,37.0,0.1335,116.0,0.13357,982.0
1753600212224,07:10:12.224,huobi,AERGO/USDT:USDT,0.13325,117.0,0.13323,37.0,0.1335,116.0,0.13357,982.0
1753600212289,07:10:12.289,huobi,AERGO/USDT:USDT,0.13325,117.0,0.13322,37.0,0.1335,116.0,0.13357,982.0
1753600212324,07:10:12.324,huobi,AERGO/USDT:USDT,0.13325,117.0,0.13322,997.0,0.1335,116.0,0.13357,982.0
1753600212432,07:10:12.432,huobi,AERGO/USDT:USDT,0.13325,117.0,0.13322,997.0,0.1335,116.0,0.13357,982.0
1753600213331,07:10:13.331,huobi,AERGO/USDT:USDT,0.13325,117.0,0.13322,960.0,0.1335,116.0,0.13357,982.0
1753600213363,07:10:13.363,huobi,AERGO/USDT:USDT,0.13325,117.0,0.13323,37.0,0.1335,116.0,0.13357,982.0
1753600214776,07:10:14.776,huobi,AERGO/USDT:USDT,0.13325,117.0,0.13323,37.0,0.1335,116.0,0.13357,982.0
1753600214804,07:10:14.804,huobi,AERGO/USDT:USDT,0.13325,117.0,0.13323,37.0,0.1335,116.0,0.13357,982.0
1753600214827,07:10:14.827,huobi,AERGO/USDT:USDT,0.13325,117.0,0.13321,117.0,0.1335,116.0,0.13357,982.0
1753600214864,07:10:14.864,huobi,AERGO/USDT:USDT,0.13322,37.0,0.13321,117.0,0.1335,116.0,0.13357,982.0
1753600217579,07:10:17.579,huobi,AERGO/USDT:USDT,0.13323,117.0,0.13322,37.0,0.1335,116.0,0.13357,982.0
1753600217590,07:10:17.590,huobi,AERGO/USDT:USDT,0.13323,117.0,0.13322,37.0,0.1335,116.0,0.13357,982.0
1753600220253,07:10:20.253,huobi,AERGO/USDT:USDT,0.13323,117.0,0.13322,37.0,0.1335,116.0,0.13357,982.0
1753600220262,07:10:20.262,huobi,AERGO/USDT:USDT,0.13323,117.0,0.13322,37.0,0.1335,116.0,0.13357,982.0
1753600220312,07:10:20.312,huobi,AERGO/USDT:USDT,0.13323,117.0,0.13317,37.0,0.1335,116.0,0.13357,982.0
1753600222882,07:10:22.882,huobi,AERGO/USDT:USDT,0.13323,117.0,0.13317,37.0,0.1335,116.0,0.13357,982.0
1753600222894,07:10:22.894,huobi,AERGO/USDT:USDT,0.13323,117.0,0.13317,37.0,0.1335,116.0,0.13357,982.0
1753600225579,07:10:25.579,huobi,AERGO/USDT:USDT,0.13323,117.0,0.13317,37.0,0.1335,116.0,0.13357,982.0
1753600225599,07:10:25.599,huobi,AERGO/USDT:USDT,0.13323,117.0,0.13306,116.0,0.1335,116.0,0.13357,982.0
1753600225635,07:10:25.635,huobi,AERGO/USDT:USDT,0.13316,37.0,0.13315,119.0,0.1335,116.0,0.13357,982.0
1753600225732,07:10:25.732,huobi,AERGO/USDT:USDT,0.13317,119.0,0.13316,37.0,0.1335,116.0,0.13357,982.0
1753600225746,07:10:25.746,huobi,AERGO/USDT:USDT,0.13317,119.0,0.13316,37.0,0.1335,116.0,0.13357,982.0
1753600225808,07:10:25.808,huobi,AERGO/USDT:USDT,0.13318,37.0,0.13317,119.0,0.1335,116.0,0.13357,982.0
1753600225837,07:10:25.837,huobi,AERGO/USDT:USDT,0.13319,119.0,0.13318,997.0,0.1335,116.0,0.13357,982.0
1753600225877,07:10:25.877,huobi,AERGO/USDT:USDT,0.1332,37.0,0.13319,119.0,0.1335,116.0,0.13357,982.0
1753600225905,07:10:25.905,huobi,AERGO/USDT:USDT,0.13321,119.0,0.1332,997.0,0.1335,116.0,0.13357,982.0
1753600225942,07:10:25.942,huobi,AERGO/USDT:USDT,0.13322,37.0,0.13321,119.0,0.1335,116.0,0.13357,982.0
1753600225956,07:10:25.956,huobi,AERGO/USDT:USDT,0.13323,119.0,0.13322,37.0,0.1335,116.0,0.13357,982.0
1753600226025,07:10:26.025,huobi,AERGO/USDT:USDT,0.13323,119.0,0.13322,37.0,0.1335,116.0,0.13357,982.0
1753600228181,07:10:28.181,huobi,AERGO/USDT:USDT,0.13323,119.0,0.13322,37.0,0.1335,116.0,0.13357,982.0
1753600228233,07:10:28.233,huobi,AERGO/USDT:USDT,0.13323,119.0,0.13322,997.0,0.1335,116.0,0.13357,982.0
1753600228340,07:10:28.340,huobi,AERGO/USDT:USDT,0.13323,119.0,0.13322,997.0,0.1335,116.0,0.13357,982.0
1753600230544,07:10:30.544,huobi,AERGO/USDT:USDT,0.13323,119.0,0.13322,960.0,0.1335,116.0,0.13357,982.0
1753600230601,07:10:30.601,huobi,AERGO/USDT:USDT,0.13323,156.0,0.13322,960.0,0.1335,116.0,0.13357,982.0
1753600230617,07:10:30.617,huobi,AERGO/USDT:USDT,0.13323,37.0,0.13322,960.0,0.1335,116.0,0.13357,982.0
1753600230641,07:10:30.641,huobi,AERGO/USDT:USDT,0.13324,119.0,0.13323,37.0,0.1335,116.0,0.13357,982.0
1753600230664,07:10:30.664,huobi,AERGO/USDT:USDT,0.13324,119.0,0.13322,960.0,0.1335,116.0,0.13357,982.0
1753600230703,07:10:30.703,huobi,AERGO/USDT:USDT,0.13324,119.0,0.13323,37.0,0.1335,116.0,0.13357,982.0
1753600230772,07:10:30.772,huobi,AERGO/USDT:USDT,0.13324,119.0,0.13323,37.0,0.1335,116.0,0.13357,982.0
1753600232452,07:10:32.452,huobi,AERGO/USDT:USDT,0.13337,2.0,0.13324,119.0,0.1335,116.0,0.13357,982.0
1753600232465,07:10:32.465,huobi,AERGO/USDT:USDT,0.13338,119.0,0.13324,119.0,0.1335,116.0,0.13357,982.0
1753600232497,07:10:32.497,huobi,AERGO/USDT:USDT,0.13324,960.0,0.13323,37.0,0.1335,116.0,0.13357,982.0
1753600232577,07:10:32.577,huobi,AERGO/USDT:USDT,0.13325,119.0,0.13323,37.0,0.1335,116.0,0.13357,982.0
1753600232591,07:10:32.591,huobi,AERGO/USDT:USDT,0.13325,119.0,0.13323,37.0,0.1335,116.0,0.13357,982.0
1753600232615,07:10:32.615,huobi,AERGO/USDT:USDT,0.13325,119.0,0.13323,37.0,0.1335,116.0,0.13357,982.0
1753600232648,07:10:32.648,huobi,AERGO/USDT:USDT,0.13325,119.0,0.13323,37.0,0.1335,116.0,0.13357,982.0
1753600232675,07:10:32.675,huobi,AERGO/USDT:USDT,0.13325,119.0,0.13323,37.0,0.1335,116.0,0.13357,982.0
1753600232733,07:10:32.733,huobi,AERGO/USDT:USDT,0.13325,119.0,0.13323,37.0,0.1335,116.0,0.13357,982.0
1753600232835,07:10:32.835,huobi,AERGO/USDT:USDT,0.13325,119.0,0.13323,37.0,0.1335,116.0,0.13357,982.0
1753600232873,07:10:32.873,huobi,AERGO/USDT:USDT,0.13325,119.0,0.13323,37.0,0.1335,116.0,0.13357,982.0
1753600232944,07:10:32.944,huobi,AERGO/USDT:USDT,0.13325,119.0,0.13323,37.0,0.1335,116.0,0.13357,982.0
1753600232976,07:10:32.976,huobi,AERGO/USDT:USDT,0.13325,119.0,0.13323,37.0,0.1335,116.0,0.13357,982.0
1753600233010,07:10:33.010,huobi,AERGO/USDT:USDT,0.13325,119.0,0.13323,37.0,0.1335,116.0,0.13357,982.0
1753600233082,07:10:33.082,huobi,AERGO/USDT:USDT,0.13325,119.0,0.13323,37.0,0.1335,116.0,0.13357,982.0
1753600233182,07:10:33.182,huobi,AERGO/USDT:USDT,0.13325,119.0,0.13323,37.0,0.1335,116.0,0.13357,982.0
1753600233190,07:10:33.190,huobi,AERGO/USDT:USDT,0.13325,119.0,0.13323,37.0,0.1335,116.0,0.13357,982.0
1753600233434,07:10:33.434,huobi,AERGO/USDT:USDT,0.13325,119.0,0.13322,119.0,0.1335,116.0,0.13357,982.0
1753600233465,07:10:33.465,huobi,AERGO/USDT:USDT,0.13323,37.0,0.13322,119.0,0.1335,116.0,0.13357,982.0
1753600233569,07:10:33.569,huobi,AERGO/USDT:USDT,0.13324,119.0,0.13322,119.0,0.1335,116.0,0.13357,982.0
1753600233580,07:10:33.580,huobi,AERGO/USDT:USDT,0.13324,119.0,0.13322,119.0,0.1335,116.0,0.13357,982.0
1753600233642,07:10:33.642,huobi,AERGO/USDT:USDT,0.13323,37.0,0.13322,119.0,0.1335,116.0,0.13357,982.0
1753600233664,07:10:33.664,huobi,AERGO/USDT:USDT,0.13324,119.0,0.13323,37.0,0.1335,116.0,0.13357,982.0
1753600233700,07:10:33.700,huobi,AERGO/USDT:USDT,0.13324,119.0,0.13323,37.0,0.1335,116.0,0.13357,982.0
1753600233823,07:10:33.823,huobi,AERGO/USDT:USDT,0.13324,119.0,0.13322,119.0,0.1335,116.0,0.13357,982.0
1753600233858,07:10:33.858,huobi,AERGO/USDT:USDT,0.13322,119.0,0.13317,37.0,0.1335,116.0,0.13357,982.0
1753600233924,07:10:33.924,huobi,AERGO/USDT:USDT,0.13322,119.0,0.13316,960.0,0.1335,116.0,0.13357,982.0
1753600233935,07:10:33.935,huobi,AERGO/USDT:USDT,0.13322,119.0,0.13315,119.0,0.1335,116.0,0.13357,982.0
1753600233968,07:10:33.968,huobi,AERGO/USDT:USDT,0.13307,960.0,0.13306,116.0,0.1335,116.0,0.13357,982.0
1753600233998,07:10:33.998,huobi,AERGO/USDT:USDT,0.13324,119.0,0.13308,37.0,0.1335,116.0,0.13357,982.0
1753600235877,07:10:35.877,huobi,AERGO/USDT:USDT,0.13324,119.0,0.13308,37.0,0.1335,116.0,0.13357,982.0
1753600235888,07:10:35.888,huobi,AERGO/USDT:USDT,0.13324,119.0,0.13308,37.0,0.1335,116.0,0.13357,982.0
1753600235934,07:10:35.934,huobi,AERGO/USDT:USDT,0.13324,119.0,0.13305,997.0,0.1335,116.0,0.13357,982.0
1753600235988,07:10:35.988,huobi,AERGO/USDT:USDT,0.13324,119.0,0.13306,37.0,0.1335,116.0,0.13357,982.0
1753600238429,07:10:38.429,huobi,AERGO/USDT:USDT,0.13324,119.0,0.13306,37.0,0.1335,116.0,0.13357,982.0
1753600238441,07:10:38.441,huobi,AERGO/USDT:USDT,0.13324,119.0,0.13306,37.0,0.1335,116.0,0.13357,982.0
1753600238464,07:10:38.464,huobi,AERGO/USDT:USDT,0.13324,119.0,0.13303,960.0,0.1335,116.0,0.13357,982.0
1753600238497,07:10:38.497,huobi,AERGO/USDT:USDT,0.13324,119.0,0.13304,37.0,0.1335,116.0,0.13357,982.0
1753600239527,07:10:39.527,huobi,AERGO/USDT:USDT,0.13324,119.0,0.13305,896.0,0.1335,116.0,0.13357,982.0
1753600239551,07:10:39.551,huobi,AERGO/USDT:USDT,0.13324,119.0,0.13305,896.0,0.1335,116.0,0.13357,982.0
1753600239592,07:10:39.592,huobi,AERGO/USDT:USDT,0.13324,119.0,0.13306,37.0,0.1335,116.0,0.13357,982.0
1753600239607,07:10:39.607,huobi,AERGO/USDT:USDT,0.13324,119.0,0.13306,37.0,0.1335,116.0,0.13357,982.0
1753600239652,07:10:39.652,huobi,AERGO/USDT:USDT,0.13324,119.0,0.13306,37.0,0.1335,116.0,0.13357,982.0
1753600239714,07:10:39.714,huobi,AERGO/USDT:USDT,0.13324,119.0,0.13306,37.0,0.1335,116.0,0.13357,982.0
1753600239735,07:10:39.735,huobi,AERGO/USDT:USDT,0.13324,119.0,0.13306,997.0,0.1335,116.0,0.13357,982.0
1753600239757,07:10:39.757,huobi,AERGO/USDT:USDT,0.13324,119.0,0.13306,1079.0,0.1335,116.0,0.13357,982.0
1753600239809,07:10:39.809,huobi,AERGO/USDT:USDT,0.13324,119.0,0.13307,37.0,0.1335,116.0,0.13357,982.0
1753600239842,07:10:39.842,huobi,AERGO/USDT:USDT,0.13324,119.0,0.13307,37.0,0.1335,116.0,0.13357,982.0
1753600241006,07:10:41.006,huobi,AERGO/USDT:USDT,0.13324,119.0,0.13307,37.0,0.1335,116.0,0.13357,982.0
1753600243659,07:10:43.659,huobi,AERGO/USDT:USDT,0.13324,119.0,0.13307,37.0,0.1335,116.0,0.13357,982.0
1753600245608,07:10:45.608,huobi,AERGO/USDT:USDT,0.13324,119.0,0.13307,37.0,0.1335,116.0,0.13357,982.0
1753600245656,07:10:45.656,huobi,AERGO/USDT:USDT,0.13324,119.0,0.13307,37.0,0.1335,138.0,0.13357,960.0
1753600245668,07:10:45.668,huobi,AERGO/USDT:USDT,0.13324,119.0,0.13307,37.0,0.1335,22.0,0.13357,960.0
1753600245711,07:10:45.711,huobi,AERGO/USDT:USDT,0.13324,119.0,0.13307,37.0,0.13349,116.0,0.13358,119.0
1753600245725,07:10:45.725,huobi,AERGO/USDT:USDT,0.13324,119.0,0.13307,37.0,0.13349,116.0,0.13358,119.0
1753600245765,07:10:45.765,huobi,AERGO/USDT:USDT,0.13324,119.0,0.13307,37.0,0.13349,116.0,0.13356,22.0
1753600245789,07:10:45.789,huobi,AERGO/USDT:USDT,0.13324,119.0,0.13307,37.0,0.13349,116.0,0.13358,119.0
1753600245817,07:10:45.817,huobi,AERGO/USDT:USDT,0.13324,119.0,0.13307,37.0,0.13349,22.0,0.13357,960.0
1753600245877,07:10:45.877,huobi,AERGO/USDT:USDT,0.13324,119.0,0.13307,37.0,0.13356,22.0,0.13358,119.0
1753600245915,07:10:45.915,huobi,AERGO/USDT:USDT,0.13324,119.0,0.13307,37.0,0.13355,116.0,0.13356,22.0
1753600246294,07:10:46.294,huobi,AERGO/USDT:USDT,0.13324,119.0,0.13307,37.0,0.13355,116.0,0.13356,22.0
1753600246565,07:10:46.565,huobi,AERGO/USDT:USDT,0.13324,119.0,0.13307,37.0,0.13355,116.0,0.13356,22.0
1753600246629,07:10:46.629,huobi,AERGO/USDT:USDT,0.13324,119.0,0.13307,37.0,0.13355,116.0,0.13356,22.0
1753600248335,07:10:48.335,huobi,AERGO/USDT:USDT,0.13324,119.0,0.13307,37.0,0.13355,116.0,0.13356,22.0
1753600248639,07:10:48.639,huobi,AERGO/USDT:USDT,0.13324,119.0,0.13307,37.0,0.13355,116.0,0.13356,22.0
1753600249019,07:10:49.019,huobi,AERGO/USDT:USDT,0.13324,119.0,0.13307,37.0,0.13355,116.0,0.13356,22.0
1753600249024,07:10:49.024,huobi,AERGO/USDT:USDT,0.13324,119.0,0.13307,37.0,0.13355,116.0,0.13356,22.0
1753600250891,07:10:50.891,huobi,AERGO/USDT:USDT,0.13324,119.0,0.13307,37.0,0.13355,116.0,0.13356,22.0
1753600251012,07:10:51.012,huobi,AERGO/USDT:USDT,0.13324,119.0,0.13307,997.0,0.13355,116.0,0.13356,22.0
1753600251042,07:10:51.042,huobi,AERGO/USDT:USDT,0.13324,119.0,0.13307,960.0,0.13355,116.0,0.13356,22.0
1753600251069,07:10:51.069,huobi,AERGO/USDT:USDT,0.13324,119.0,0.13308,37.0,0.13355,116.0,0.13356,22.0
1753600251107,07:10:51.107,huobi,AERGO/USDT:USDT,0.13324,119.0,0.13308,37.0,0.13355,116.0,0.13356,22.0
1753600251130,07:10:51.130,huobi,AERGO/USDT:USDT,0.13324,119.0,0.13308,37.0,0.13355,116.0,0.13356,22.0
1753600251157,07:10:51.157,huobi,AERGO/USDT:USDT,0.13324,119.0,0.13308,37.0,0.13355,116.0,0.13356,22.0
1753600251701,07:10:51.701,huobi,AERGO/USDT:USDT,0.13324,119.0,0.13308,37.0,0.13355,116.0,0.13356,22.0
1753600254335,07:10:54.335,huobi,AERGO/USDT:USDT,0.13324,119.0,0.13308,37.0,0.13355,116.0,0.13356,22.0
1753600254373,07:10:54.373,huobi,AERGO/USDT:USDT,0.13324,119.0,0.13308,37.0,0.13355,116.0,0.13356,22.0
1753600257128,07:10:57.128,huobi,AERGO/USDT:USDT,0.13324,119.0,0.13308,37.0,0.13355,116.0,0.13356,22.0
1753600259630,07:10:59.630,huobi,AERGO/USDT:USDT,0.13324,119.0,0.13308,37.0,0.13355,116.0,0.13356,22.0
1753600259645,07:10:59.645,huobi,AERGO/USDT:USDT,0.13324,119.0,0.13308,37.0,0.13355,116.0,0.13356,22.0
1753600259683,07:10:59.683,huobi,AERGO/USDT:USDT,0.13324,119.0,0.13309,37.0,0.13355,116.0,0.13356,22.0
1753600259707,07:10:59.707,huobi,AERGO/USDT:USDT,0.13324,119.0,0.13307,960.0,0.13355,116.0,0.13356,22.0
1753600259761,07:10:59.761,huobi,AERGO/USDT:USDT,0.13324,119.0,0.13308,37.0,0.13355,116.0,0.13356,22.0
1753600259774,07:10:59.774,huobi,AERGO/USDT:USDT,0.13324,119.0,0.13308,37.0,0.13355,116.0,0.13356,22.0
1753600259804,07:10:59.804,huobi,AERGO/USDT:USDT,0.13324,119.0,0.13307,960.0,0.13355,116.0,0.13356,22.0
1753600259826,07:10:59.826,huobi,AERGO/USDT:USDT,0.13324,119.0,0.13307,960.0,0.13355,116.0,0.13356,22.0
1753600259868,07:10:59.868,huobi,AERGO/USDT:USDT,0.13324,119.0,0.13308,37.0,0.13355,116.0,0.13356,22.0
