timestamp,time,exchange,symbol,bid1_price,bid1_volume,bid2_price,bid2_volume,ask1_price,ask1_volume,ask2_price,ask2_volume
1753599989000,07:06:29.000,gateio,AERGO/USDT:USDT,0.13342,583.0,0.1334,5603.0,0.13359,18.0,0.1336,227.0
1753599990971,07:06:30.971,gateio,AERGO/USDT:USDT,0.13339,152.0,0.13338,351.0,0.13359,18.0,0.1336,227.0
1753599991144,07:06:31.144,gateio,AERGO/USDT:USDT,0.13339,503.0,0.13337,304.0,0.13359,18.0,0.1336,227.0
1753599991785,07:06:31.785,gateio,AERGO/USDT:USDT,0.13339,503.0,0.13337,304.0,0.13359,18.0,0.1336,227.0
1753599992003,07:06:32.003,gateio,AERGO/USDT:USDT,0.13342,5252.0,0.13339,503.0,0.13359,18.0,0.1336,227.0
1753599992198,07:06:32.198,gateio,AERGO/USDT:USDT,0.13342,5252.0,0.13339,503.0,0.13359,18.0,0.1336,227.0
1753599993005,07:06:33.005,gateio,AERGO/USDT:USDT,0.13342,5252.0,0.13339,503.0,0.13359,18.0,0.1336,227.0
1753599996751,07:06:36.751,gateio,AERGO/USDT:USDT,0.13342,5252.0,0.1334,351.0,0.13359,18.0,0.1336,227.0
1753599997591,07:06:37.591,gateio,AERGO/USDT:USDT,0.13342,5252.0,0.1334,351.0,0.13359,18.0,0.1336,227.0
1753599997828,07:06:37.828,gateio,AERGO/USDT:USDT,0.13342,5252.0,0.1334,351.0,0.13359,18.0,0.1336,227.0
1753599998452,07:06:38.452,gateio,AERGO/USDT:USDT,0.13342,5252.0,0.1334,351.0,0.13359,18.0,0.1336,75.0
1753599998613,07:06:38.613,gateio,AERGO/USDT:USDT,0.13342,5252.0,0.1334,351.0,0.13357,152.0,0.13359,18.0
1753599998704,07:06:38.704,gateio,AERGO/USDT:USDT,0.13342,5252.0,0.1334,351.0,0.13356,18.0,0.1336,75.0
1753599998736,07:06:38.736,gateio,AERGO/USDT:USDT,0.13342,5252.0,0.1334,351.0,0.13359,18.0,0.1336,75.0
1753599998913,07:06:38.913,gateio,AERGO/USDT:USDT,0.13342,5252.0,0.1334,351.0,0.13359,18.0,0.1336,75.0
1753599999009,07:06:39.009,gateio,AERGO/USDT:USDT,0.13342,5252.0,0.1334,351.0,0.13359,18.0,0.1336,75.0
1753599999071,07:06:39.071,gateio,AERGO/USDT:USDT,0.13342,5252.0,0.1334,351.0,0.13359,18.0,0.1336,75.0
1753599999158,07:06:39.158,gateio,AERGO/USDT:USDT,0.13342,5252.0,0.1334,351.0,0.13359,18.0,0.1336,75.0
1753600001583,07:06:41.583,gateio,AERGO/USDT:USDT,0.13342,5252.0,0.1334,351.0,0.13359,18.0,0.1336,75.0
1753600001936,07:06:41.936,gateio,AERGO/USDT:USDT,0.13342,5252.0,0.1334,351.0,0.13359,18.0,0.1336,75.0
1753600003100,07:06:43.100,gateio,AERGO/USDT:USDT,0.13342,5252.0,0.1334,351.0,0.13357,152.0,0.13359,18.0
1753600003139,07:06:43.139,gateio,AERGO/USDT:USDT,0.13342,5252.0,0.1334,351.0,0.13356,18.0,0.13357,152.0
1753600003261,07:06:43.261,gateio,AERGO/USDT:USDT,0.13342,5252.0,0.1334,351.0,0.13356,18.0,0.1336,75.0
1753600003336,07:06:43.336,gateio,AERGO/USDT:USDT,0.13342,5252.0,0.1334,351.0,0.13359,18.0,0.1336,75.0
1753600003518,07:06:43.518,gateio,AERGO/USDT:USDT,0.13342,5252.0,0.1334,351.0,0.13359,18.0,0.1336,75.0
1753600006957,07:06:46.957,gateio,AERGO/USDT:USDT,0.13342,5252.0,0.13339,884.0,0.13359,18.0,0.1336,75.0
1753600007807,07:06:47.807,gateio,AERGO/USDT:USDT,0.13342,5252.0,0.13339,533.0,0.13359,18.0,0.1336,75.0
1753600007949,07:06:47.949,gateio,AERGO/USDT:USDT,0.13342,5252.0,0.13339,533.0,0.13359,18.0,0.1336,75.0
1753600008767,07:06:48.767,gateio,AERGO/USDT:USDT,0.13342,5252.0,0.13339,533.0,0.13359,18.0,0.1336,75.0
1753600011221,07:06:51.221,gateio,AERGO/USDT:USDT,0.13342,5252.0,0.13339,884.0,0.13359,18.0,0.1336,75.0
1753600011234,07:06:51.234,gateio,AERGO/USDT:USDT,0.13342,5252.0,0.13339,884.0,0.13359,18.0,0.1336,75.0
1753600011996,07:06:51.996,gateio,AERGO/USDT:USDT,0.13342,5252.0,0.13339,884.0,0.13359,18.0,0.1336,75.0
1753600012211,07:06:52.211,gateio,AERGO/USDT:USDT,0.13342,5252.0,0.13339,884.0,0.13359,18.0,0.1336,75.0
1753600012237,07:06:52.237,gateio,AERGO/USDT:USDT,0.13342,5252.0,0.13339,884.0,0.13357,152.0,0.13359,18.0
1753600012339,07:06:52.339,gateio,AERGO/USDT:USDT,0.13342,5252.0,0.13339,884.0,0.13356,18.0,0.13357,152.0
1753600012622,07:06:52.622,gateio,AERGO/USDT:USDT,0.13342,5252.0,0.13339,884.0,0.13356,18.0,0.1336,75.0
1753600012642,07:06:52.642,gateio,AERGO/USDT:USDT,0.13342,5252.0,0.13339,884.0,0.13359,18.0,0.1336,75.0
1753600015413,07:06:55.413,gateio,AERGO/USDT:USDT,0.13342,5252.0,0.13339,533.0,0.13356,152.0,0.13359,18.0
1753600015492,07:06:55.492,gateio,AERGO/USDT:USDT,0.13342,5252.0,0.13339,533.0,0.13355,22.0,0.13356,152.0
1753600015626,07:06:55.626,gateio,AERGO/USDT:USDT,0.13342,5252.0,0.13339,533.0,0.13355,22.0,0.13356,152.0
1753600015671,07:06:55.671,gateio,AERGO/USDT:USDT,0.13342,5252.0,0.13339,533.0,0.13355,22.0,0.13356,152.0
1753600015735,07:06:55.735,gateio,AERGO/USDT:USDT,0.13342,5252.0,0.13339,533.0,0.13355,22.0,0.1336,75.0
1753600015836,07:06:55.836,gateio,AERGO/USDT:USDT,0.13342,5252.0,0.13339,533.0,0.13355,4.0,0.13359,18.0
1753600017010,07:06:57.010,gateio,AERGO/USDT:USDT,0.13342,5252.0,0.13339,533.0,0.13355,4.0,0.13359,18.0
1753600017298,07:06:57.298,gateio,AERGO/USDT:USDT,0.13342,5252.0,0.13339,533.0,0.13355,4.0,0.13359,18.0
1753600017657,07:06:57.657,gateio,AERGO/USDT:USDT,0.13342,5252.0,0.13339,533.0,0.13355,4.0,0.13359,18.0
1753600018571,07:06:58.571,gateio,AERGO/USDT:USDT,0.13342,5252.0,0.13339,533.0,0.13355,4.0,0.13359,18.0
1753600018651,07:06:58.651,gateio,AERGO/USDT:USDT,0.13342,5252.0,0.13339,533.0,0.13355,4.0,0.13359,18.0
1753600019913,07:06:59.913,gateio,AERGO/USDT:USDT,0.13342,5252.0,0.13339,533.0,0.13355,4.0,0.13359,18.0
1753600020023,07:07:00.023,gateio,AERGO/USDT:USDT,0.13342,5252.0,0.13339,533.0,0.13355,4.0,0.13359,18.0
1753600020060,07:07:00.060,gateio,AERGO/USDT:USDT,0.13342,5252.0,0.13339,533.0,0.13355,4.0,0.13359,18.0
1753600020528,07:07:00.528,gateio,AERGO/USDT:USDT,0.13342,5256.0,0.13339,533.0,0.13355,4.0,0.13359,18.0
1753600020571,07:07:00.571,gateio,AERGO/USDT:USDT,0.13342,5256.0,0.13339,533.0,0.13355,4.0,0.13359,18.0
1753600020884,07:07:00.884,gateio,AERGO/USDT:USDT,0.13342,5256.0,0.13339,533.0,0.13355,4.0,0.13359,18.0
1753600023766,07:07:03.766,gateio,AERGO/USDT:USDT,0.13343,583.0,0.13342,5256.0,0.13355,4.0,0.13359,18.0
1753600023851,07:07:03.851,gateio,AERGO/USDT:USDT,0.13343,583.0,0.13342,5256.0,0.13355,4.0,0.13359,18.0
1753600024003,07:07:04.003,gateio,AERGO/USDT:USDT,0.13343,583.0,0.13342,5256.0,0.13355,4.0,0.13359,18.0
1753600024132,07:07:04.132,gateio,AERGO/USDT:USDT,0.13343,583.0,0.13342,5256.0,0.13355,4.0,0.13359,18.0
1753600025019,07:07:05.019,gateio,AERGO/USDT:USDT,0.13343,583.0,0.13342,5256.0,0.13355,4.0,0.13359,18.0
1753600025468,07:07:05.468,gateio,AERGO/USDT:USDT,0.13343,4.0,0.13339,533.0,0.13355,4.0,0.13359,18.0
1753600025849,07:07:05.849,gateio,AERGO/USDT:USDT,0.13343,4.0,0.13339,533.0,0.13355,4.0,0.13359,18.0
1753600026609,07:07:06.609,gateio,AERGO/USDT:USDT,0.13343,5256.0,0.13339,533.0,0.13357,152.0,0.13359,18.0
1753600026668,07:07:06.668,gateio,AERGO/USDT:USDT,0.13343,5687.0,0.13339,533.0,0.13356,18.0,0.13357,152.0
1753600028350,07:07:08.350,gateio,AERGO/USDT:USDT,0.13343,5687.0,0.13339,533.0,0.13356,18.0,0.13357,152.0
1753600028504,07:07:08.504,gateio,AERGO/USDT:USDT,0.13343,5687.0,0.13339,533.0,0.13356,22.0,0.13357,152.0
1753600028690,07:07:08.690,gateio,AERGO/USDT:USDT,0.13343,5687.0,0.13339,533.0,0.13356,22.0,0.13357,152.0
1753600030751,07:07:10.751,gateio,AERGO/USDT:USDT,0.13343,5256.0,0.13339,533.0,0.13356,22.0,0.13357,152.0
1753600033018,07:07:13.018,gateio,AERGO/USDT:USDT,0.13343,5256.0,0.13339,533.0,0.13356,22.0,0.13357,152.0
1753600033242,07:07:13.242,gateio,AERGO/USDT:USDT,0.13343,5256.0,0.13339,381.0,0.13356,22.0,0.13357,152.0
1753600033365,07:07:13.365,gateio,AERGO/USDT:USDT,0.13343,5256.0,0.13339,381.0,0.13356,22.0,0.13357,152.0
1753600033719,07:07:13.719,gateio,AERGO/USDT:USDT,0.13343,5256.0,0.13339,381.0,0.13356,22.0,0.13357,152.0
1753600033736,07:07:13.736,gateio,AERGO/USDT:USDT,0.13343,5256.0,0.13339,381.0,0.13356,22.0,0.13357,152.0
1753600033928,07:07:13.928,gateio,AERGO/USDT:USDT,0.13343,5256.0,0.13339,381.0,0.13356,22.0,0.1336,75.0
1753600033940,07:07:13.940,gateio,AERGO/USDT:USDT,0.13343,5256.0,0.13339,381.0,0.13356,4.0,0.13359,18.0
1753600034411,07:07:14.411,gateio,AERGO/USDT:USDT,0.13343,5256.0,0.13339,381.0,0.13356,4.0,0.13357,152.0
1753600034439,07:07:14.439,gateio,AERGO/USDT:USDT,0.13343,5256.0,0.13339,381.0,0.13356,22.0,0.13357,152.0
1753600034779,07:07:14.779,gateio,AERGO/USDT:USDT,0.13343,5256.0,0.13339,381.0,0.13356,22.0,0.13357,152.0
1753600038006,07:07:18.006,gateio,AERGO/USDT:USDT,0.13343,5256.0,0.13339,381.0,0.13356,22.0,0.13357,152.0
1753600040191,07:07:20.191,gateio,AERGO/USDT:USDT,0.13343,5256.0,0.13339,381.0,0.13356,22.0,0.13357,152.0
1753600045992,07:07:25.992,gateio,AERGO/USDT:USDT,0.13343,5256.0,0.13339,381.0,0.13356,22.0,0.13357,152.0
1753600048402,07:07:28.402,gateio,AERGO/USDT:USDT,0.13343,5256.0,0.13339,381.0,0.13356,22.0,0.13357,152.0
1753600048520,07:07:28.520,gateio,AERGO/USDT:USDT,0.13343,5256.0,0.13339,381.0,0.13356,22.0,0.13357,152.0
1753600048724,07:07:28.724,gateio,AERGO/USDT:USDT,0.13343,5256.0,0.13339,381.0,0.13356,22.0,0.13357,152.0
1753600048809,07:07:28.809,gateio,AERGO/USDT:USDT,0.13343,5256.0,0.13339,381.0,0.13356,22.0,0.13357,152.0
1753600048836,07:07:28.836,gateio,AERGO/USDT:USDT,0.13343,5256.0,0.13339,381.0,0.13356,22.0,0.13358,170.0
1753600048936,07:07:28.936,gateio,AERGO/USDT:USDT,0.13343,5256.0,0.13339,381.0,0.13356,4.0,0.13357,170.0
1753600049088,07:07:29.088,gateio,AERGO/USDT:USDT,0.13343,5256.0,0.13339,381.0,0.13356,4.0,0.13357,170.0
1753600049634,07:07:29.634,gateio,AERGO/USDT:USDT,0.13343,5256.0,0.13342,381.0,0.13356,4.0,0.13357,170.0
1753600051725,07:07:31.725,gateio,AERGO/USDT:USDT,0.13343,5256.0,0.13339,381.0,0.13355,15.0,0.13356,4.0
1753600051826,07:07:31.826,gateio,AERGO/USDT:USDT,0.13343,5260.0,0.13339,381.0,0.13355,15.0,0.13356,4.0
1753600052401,07:07:32.401,gateio,AERGO/USDT:USDT,0.13343,5256.0,0.13339,381.0,0.13355,15.0,0.13356,4.0
1753600052907,07:07:32.907,gateio,AERGO/USDT:USDT,0.13343,5256.0,0.13339,381.0,0.13355,15.0,0.13356,4.0
1753600057557,07:07:37.557,gateio,AERGO/USDT:USDT,0.13343,5256.0,0.13339,381.0,0.13355,15.0,0.13356,4.0
1753600063372,07:07:43.372,gateio,AERGO/USDT:USDT,0.13343,5256.0,0.13339,381.0,0.13355,15.0,0.13356,4.0
1753600064437,07:07:44.437,gateio,AERGO/USDT:USDT,0.13343,5256.0,0.13339,381.0,0.13355,15.0,0.13356,4.0
1753600064815,07:07:44.815,gateio,AERGO/USDT:USDT,0.13343,5256.0,0.13339,381.0,0.13355,15.0,0.13356,4.0
1753600069152,07:07:49.152,gateio,AERGO/USDT:USDT,0.13343,5256.0,0.13339,381.0,0.13355,15.0,0.13356,4.0
1753600070514,07:07:50.514,gateio,AERGO/USDT:USDT,0.13343,5256.0,0.13339,381.0,0.13355,15.0,0.13356,4.0
1753600070612,07:07:50.612,gateio,AERGO/USDT:USDT,0.13343,5256.0,0.13339,381.0,0.13355,15.0,0.13356,4.0
1753600071033,07:07:51.033,gateio,AERGO/USDT:USDT,0.13343,5256.0,0.13339,381.0,0.13355,15.0,0.13356,4.0
1753600072291,07:07:52.291,gateio,AERGO/USDT:USDT,0.13343,5256.0,0.13339,381.0,0.13355,15.0,0.13356,4.0
1753600074952,07:07:54.952,gateio,AERGO/USDT:USDT,0.13343,5256.0,0.13339,381.0,0.13355,15.0,0.13356,4.0
1753600078711,07:07:58.711,gateio,AERGO/USDT:USDT,0.13343,5256.0,0.13339,381.0,0.13355,15.0,0.13356,4.0
1753600078746,07:07:58.746,gateio,AERGO/USDT:USDT,0.13343,5256.0,0.13339,381.0,0.13355,15.0,0.13356,4.0
1753600080174,07:08:00.174,gateio,AERGO/USDT:USDT,0.13343,5256.0,0.13339,381.0,0.13355,15.0,0.13356,4.0
1753600080541,07:08:00.541,gateio,AERGO/USDT:USDT,0.13343,5256.0,0.13339,381.0,0.13355,15.0,0.13356,4.0
1753600080726,07:08:00.726,gateio,AERGO/USDT:USDT,0.13343,5256.0,0.13339,381.0,0.13355,15.0,0.13356,4.0
1753600080734,07:08:00.734,gateio,AERGO/USDT:USDT,0.13343,5256.0,0.13339,381.0,0.13355,15.0,0.13356,4.0
1753600082581,07:08:02.581,gateio,AERGO/USDT:USDT,0.13343,5256.0,0.13339,381.0,0.13355,15.0,0.13356,4.0
1753600082658,07:08:02.658,gateio,AERGO/USDT:USDT,0.13343,5256.0,0.13339,381.0,0.13355,15.0,0.13356,4.0
1753600082956,07:08:02.956,gateio,AERGO/USDT:USDT,0.13343,5256.0,0.13339,381.0,0.13355,15.0,0.13356,4.0
1753600084217,07:08:04.217,gateio,AERGO/USDT:USDT,0.13343,5256.0,0.13339,381.0,0.13355,15.0,0.13356,4.0
1753600086897,07:08:06.897,gateio,AERGO/USDT:USDT,0.13343,5256.0,0.13342,381.0,0.13355,15.0,0.13356,4.0
1753600086940,07:08:06.940,gateio,AERGO/USDT:USDT,0.13343,5256.0,0.13342,381.0,0.13355,15.0,0.13356,4.0
1753600089546,07:08:09.546,gateio,AERGO/USDT:USDT,0.13343,5256.0,0.13342,381.0,0.13355,15.0,0.13356,4.0
1753600089758,07:08:09.758,gateio,AERGO/USDT:USDT,0.13343,5256.0,0.13342,381.0,0.13355,15.0,0.13356,4.0
1753600090072,07:08:10.072,gateio,AERGO/USDT:USDT,0.13343,5256.0,0.13342,381.0,0.13355,15.0,0.13356,4.0
1753600090137,07:08:10.137,gateio,AERGO/USDT:USDT,0.13343,5256.0,0.13342,381.0,0.13355,15.0,0.13356,4.0
1753600090371,07:08:10.371,gateio,AERGO/USDT:USDT,0.13343,5256.0,0.13342,381.0,0.13355,15.0,0.13356,4.0
1753600090828,07:08:10.828,gateio,AERGO/USDT:USDT,0.13343,5256.0,0.13342,381.0,0.13355,15.0,0.13356,4.0
1753600091822,07:08:11.822,gateio,AERGO/USDT:USDT,0.13343,5256.0,0.13342,381.0,0.13357,170.0,0.13358,185.0
1753600091924,07:08:11.924,gateio,AERGO/USDT:USDT,0.13344,564.0,0.13343,5256.0,0.13357,170.0,0.13358,185.0
1753600091996,07:08:11.996,gateio,AERGO/USDT:USDT,0.13344,564.0,0.13343,5256.0,0.13357,170.0,0.13358,185.0
1753600092055,07:08:12.055,gateio,AERGO/USDT:USDT,0.13344,564.0,0.13343,5256.0,0.13357,170.0,0.13358,185.0
1753600092882,07:08:12.882,gateio,AERGO/USDT:USDT,0.13343,4.0,0.13334,75.0,0.13357,170.0,0.13358,185.0
1753600093008,07:08:13.008,gateio,AERGO/USDT:USDT,0.13343,4.0,0.13334,75.0,0.13357,170.0,0.13358,185.0
1753600093140,07:08:13.140,gateio,AERGO/USDT:USDT,0.13343,4.0,0.13335,50.0,0.13357,170.0,0.13358,185.0
1753600093304,07:08:13.304,gateio,AERGO/USDT:USDT,0.13343,4.0,0.13335,50.0,0.13357,170.0,0.13358,185.0
1753600094016,07:08:14.016,gateio,AERGO/USDT:USDT,0.13344,5252.0,0.13343,4.0,0.13357,170.0,0.13358,185.0
1753600095004,07:08:15.004,gateio,AERGO/USDT:USDT,0.13344,5252.0,0.13343,4.0,0.13357,170.0,0.13358,185.0
1753600095212,07:08:15.212,gateio,AERGO/USDT:USDT,0.13344,5252.0,0.13343,4.0,0.13357,170.0,0.13358,185.0
1753600095898,07:08:15.898,gateio,AERGO/USDT:USDT,0.13344,5252.0,0.13343,4.0,0.13357,170.0,0.13358,185.0
1753600096128,07:08:16.128,gateio,AERGO/USDT:USDT,0.13344,5252.0,0.13343,4.0,0.13357,170.0,0.13358,185.0
1753600096296,07:08:16.296,gateio,AERGO/USDT:USDT,0.13344,5252.0,0.13343,4.0,0.13357,170.0,0.13358,185.0
1753600096523,07:08:16.523,gateio,AERGO/USDT:USDT,0.13344,5252.0,0.13343,4.0,0.13357,170.0,0.13358,185.0
1753600102552,07:08:22.552,gateio,AERGO/USDT:USDT,0.13344,5252.0,0.13343,4.0,0.13357,170.0,0.13358,185.0
1753600103671,07:08:23.671,gateio,AERGO/USDT:USDT,0.13344,5252.0,0.13343,4.0,0.13357,170.0,0.13358,185.0
1753600103951,07:08:23.951,gateio,AERGO/USDT:USDT,0.13344,5252.0,0.13343,4.0,0.13357,170.0,0.13358,185.0
1753600107471,07:08:27.471,gateio,AERGO/USDT:USDT,0.13344,5252.0,0.13343,4.0,0.13357,170.0,0.13358,185.0
1753600107752,07:08:27.752,gateio,AERGO/USDT:USDT,0.13344,5252.0,0.13343,4.0,0.13357,170.0,0.13358,185.0
1753600108293,07:08:28.293,gateio,AERGO/USDT:USDT,0.13344,5252.0,0.13343,4.0,0.13357,170.0,0.13358,185.0
1753600108513,07:08:28.513,gateio,AERGO/USDT:USDT,0.13344,5252.0,0.13343,4.0,0.13357,170.0,0.13358,185.0
1753600108561,07:08:28.561,gateio,AERGO/USDT:USDT,0.13344,5252.0,0.13343,4.0,0.13357,170.0,0.13358,185.0
1753600111648,07:08:31.648,gateio,AERGO/USDT:USDT,0.13344,5252.0,0.13343,4.0,0.13357,170.0,0.13358,185.0
1753600111903,07:08:31.903,gateio,AERGO/USDT:USDT,0.13344,5252.0,0.13343,4.0,0.13357,340.0,0.13358,15.0
1753600112120,07:08:32.120,gateio,AERGO/USDT:USDT,0.13344,5252.0,0.13343,4.0,0.13357,340.0,0.13358,15.0
1753600112144,07:08:32.144,gateio,AERGO/USDT:USDT,0.13344,5252.0,0.13343,4.0,0.13357,340.0,0.13358,15.0
1753600114071,07:08:34.071,gateio,AERGO/USDT:USDT,0.13344,5252.0,0.13343,4.0,0.13357,188.0,0.1336,75.0
1753600114218,07:08:34.218,gateio,AERGO/USDT:USDT,0.13344,5252.0,0.13343,4.0,0.13357,188.0,0.1336,75.0
1753600114392,07:08:34.392,gateio,AERGO/USDT:USDT,0.13344,5778.0,0.13343,4.0,0.13357,18.0,0.1336,75.0
1753600114481,07:08:34.481,gateio,AERGO/USDT:USDT,0.13344,5778.0,0.13343,4.0,0.13359,18.0,0.1336,75.0
1753600114604,07:08:34.604,gateio,AERGO/USDT:USDT,0.13344,5778.0,0.13343,4.0,0.13359,18.0,0.1336,75.0
1753600114630,07:08:34.630,gateio,AERGO/USDT:USDT,0.13344,5778.0,0.13343,4.0,0.13359,18.0,0.1336,75.0
1753600117521,07:08:37.521,gateio,AERGO/USDT:USDT,0.13345,227.0,0.13344,5778.0,0.13359,18.0,0.13361,229.0
1753600117628,07:08:37.628,gateio,AERGO/USDT:USDT,0.13346,593.0,0.13345,152.0,0.1336,18.0,0.13361,229.0
1753600117701,07:08:37.701,gateio,AERGO/USDT:USDT,0.13345,152.0,0.13341,229.0,0.1336,18.0,0.13361,229.0
1753600118282,07:08:38.282,gateio,AERGO/USDT:USDT,0.13345,152.0,0.13341,229.0,0.1336,18.0,0.13361,229.0
1753600118391,07:08:38.391,gateio,AERGO/USDT:USDT,0.13345,152.0,0.13341,229.0,0.1336,18.0,0.13361,229.0
1753600118985,07:08:38.985,gateio,AERGO/USDT:USDT,0.13346,5252.0,0.13345,152.0,0.1336,18.0,0.13361,229.0
1753600119070,07:08:39.070,gateio,AERGO/USDT:USDT,0.13346,5252.0,0.13345,152.0,0.1336,18.0,0.13361,229.0
1753600119130,07:08:39.130,gateio,AERGO/USDT:USDT,0.13346,5252.0,0.13345,152.0,0.1336,18.0,0.13361,229.0
1753600120290,07:08:40.290,gateio,AERGO/USDT:USDT,0.13346,5252.0,0.13345,152.0,0.1336,18.0,0.13361,229.0
1753600123111,07:08:43.111,gateio,AERGO/USDT:USDT,0.13346,5252.0,0.13345,152.0,0.1336,18.0,0.13361,229.0
1753600123151,07:08:43.151,gateio,AERGO/USDT:USDT,0.13346,5252.0,0.13345,152.0,0.1336,18.0,0.13361,229.0
1753600123384,07:08:43.384,gateio,AERGO/USDT:USDT,0.13346,5252.0,0.13345,152.0,0.1336,18.0,0.13361,229.0
1753600123437,07:08:43.437,gateio,AERGO/USDT:USDT,0.13346,5252.0,0.13341,229.0,0.1336,18.0,0.13361,229.0
1753600123921,07:08:43.921,gateio,AERGO/USDT:USDT,0.13346,5252.0,0.13341,229.0,0.1336,18.0,0.13361,229.0
1753600124172,07:08:44.172,gateio,AERGO/USDT:USDT,0.13346,5252.0,0.13341,229.0,0.1336,18.0,0.13361,229.0
1753600127482,07:08:47.482,gateio,AERGO/USDT:USDT,0.13346,5252.0,0.13341,229.0,0.1336,18.0,0.13361,229.0
1753600127838,07:08:47.838,gateio,AERGO/USDT:USDT,0.13346,5252.0,0.13341,229.0,0.1336,18.0,0.13361,229.0
1753600129960,07:08:49.960,gateio,AERGO/USDT:USDT,0.13346,5252.0,0.13341,229.0,0.1336,18.0,0.13361,229.0
1753600133552,07:08:53.552,gateio,AERGO/USDT:USDT,0.13346,5252.0,0.13341,229.0,0.1336,18.0,0.13362,75.0
1753600133718,07:08:53.718,gateio,AERGO/USDT:USDT,0.13346,5252.0,0.13341,229.0,0.13361,18.0,0.13362,75.0
1753600133822,07:08:53.822,gateio,AERGO/USDT:USDT,0.13347,692.0,0.13346,5252.0,0.13361,18.0,0.13364,185.0
1753600133836,07:08:53.836,gateio,AERGO/USDT:USDT,0.13347,692.0,0.13346,5252.0,0.13363,18.0,0.13364,185.0
1753600134003,07:08:54.003,gateio,AERGO/USDT:USDT,0.13347,692.0,0.13346,5252.0,0.13362,75.0,0.13363,18.0
1753600134111,07:08:54.111,gateio,AERGO/USDT:USDT,0.13347,692.0,0.13346,5252.0,0.13361,18.0,0.13362,75.0
1753600134159,07:08:54.159,gateio,AERGO/USDT:USDT,0.13347,152.0,0.13341,229.0,0.13361,18.0,0.13362,75.0
1753600134399,07:08:54.399,gateio,AERGO/USDT:USDT,0.13347,152.0,0.13341,229.0,0.13361,18.0,0.13362,75.0
1753600135289,07:08:55.289,gateio,AERGO/USDT:USDT,0.13347,5404.0,0.13341,229.0,0.13361,18.0,0.13363,152.0
1753600135342,07:08:55.342,gateio,AERGO/USDT:USDT,0.13347,5404.0,0.13341,229.0,0.13362,18.0,0.13363,152.0
1753600135457,07:08:55.457,gateio,AERGO/USDT:USDT,0.13348,423.0,0.13347,5404.0,0.13362,93.0,0.13363,152.0
1753600136306,07:08:56.306,gateio,AERGO/USDT:USDT,0.13348,423.0,0.13347,5404.0,0.13362,93.0,0.13363,152.0
1753600136425,07:08:56.425,gateio,AERGO/USDT:USDT,0.13348,423.0,0.13347,5404.0,0.13362,93.0,0.13363,152.0
1753600136430,07:08:56.430,gateio,AERGO/USDT:USDT,0.13348,423.0,0.13347,5404.0,0.13362,93.0,0.13363,152.0
1753600136974,07:08:56.974,gateio,AERGO/USDT:USDT,0.13348,423.0,0.13347,5404.0,0.13362,93.0,0.13363,152.0
1753600137250,07:08:57.250,gateio,AERGO/USDT:USDT,0.13348,423.0,0.13347,5404.0,0.13362,93.0,0.13363,152.0
1753600137590,07:08:57.590,gateio,AERGO/USDT:USDT,0.13347,152.0,0.13346,30.0,0.13362,93.0,0.13363,152.0
1753600137676,07:08:57.676,gateio,AERGO/USDT:USDT,0.13347,152.0,0.13346,30.0,0.13362,93.0,0.13363,152.0
1753600137732,07:08:57.732,gateio,AERGO/USDT:USDT,0.13347,152.0,0.13346,30.0,0.13362,93.0,0.13363,152.0
1753600138095,07:08:58.095,gateio,AERGO/USDT:USDT,0.13347,152.0,0.13346,30.0,0.13362,93.0,0.13363,152.0
1753600138811,07:08:58.811,gateio,AERGO/USDT:USDT,0.13348,5252.0,0.13347,152.0,0.13362,18.0,0.13363,152.0
1753600138925,07:08:58.925,gateio,AERGO/USDT:USDT,0.13348,5252.0,0.13347,152.0,0.13362,18.0,0.13363,152.0
1753600139023,07:08:59.023,gateio,AERGO/USDT:USDT,0.13348,5252.0,0.13347,152.0,0.13362,93.0,0.13363,152.0
1753600139355,07:08:59.355,gateio,AERGO/USDT:USDT,0.13348,5252.0,0.13347,152.0,0.13362,93.0,0.13363,152.0
1753600139628,07:08:59.628,gateio,AERGO/USDT:USDT,0.13348,5252.0,0.13347,152.0,0.13362,93.0,0.13363,152.0
1753600139632,07:08:59.632,gateio,AERGO/USDT:USDT,0.13348,5252.0,0.13347,152.0,0.13362,93.0,0.13363,152.0
1753600140059,07:09:00.059,gateio,AERGO/USDT:USDT,0.13348,5252.0,0.13347,152.0,0.13362,93.0,0.13363,152.0
1753600140209,07:09:00.209,gateio,AERGO/USDT:USDT,0.13348,5252.0,0.13347,152.0,0.13362,93.0,0.13363,152.0
1753600140976,07:09:00.976,gateio,AERGO/USDT:USDT,0.13348,5252.0,0.13347,152.0,0.13362,93.0,0.13363,152.0
1753600142021,07:09:02.021,gateio,AERGO/USDT:USDT,0.1335,4.0,0.13349,645.0,0.13362,18.0,0.13365,1.0
1753600142093,07:09:02.093,gateio,AERGO/USDT:USDT,0.1335,4.0,0.13349,720.0,0.13365,1.0,0.13367,15.0
1753600142291,07:09:02.291,gateio,AERGO/USDT:USDT,0.1335,4.0,0.13349,180.0,0.13365,1.0,0.13367,15.0
1753600142597,07:09:02.597,gateio,AERGO/USDT:USDT,0.1335,4.0,0.13349,75.0,0.13365,1.0,0.13367,15.0
1753600142852,07:09:02.852,gateio,AERGO/USDT:USDT,0.1335,4.0,0.13349,75.0,0.13365,1.0,0.13367,15.0
1753600142992,07:09:02.992,gateio,AERGO/USDT:USDT,0.1335,4.0,0.13349,75.0,0.13365,1.0,0.13367,15.0
1753600143092,07:09:03.092,gateio,AERGO/USDT:USDT,0.1335,4.0,0.13349,75.0,0.13365,1.0,0.13367,15.0
1753600143217,07:09:03.217,gateio,AERGO/USDT:USDT,0.1335,4.0,0.13349,75.0,0.13365,1.0,0.13367,15.0
1753600143310,07:09:03.310,gateio,AERGO/USDT:USDT,0.1335,4.0,0.13349,75.0,0.13365,1.0,0.13367,15.0
1753600143506,07:09:03.506,gateio,AERGO/USDT:USDT,0.1335,4.0,0.13349,75.0,0.13365,1.0,0.13367,15.0
1753600143579,07:09:03.579,gateio,AERGO/USDT:USDT,0.1335,4.0,0.13349,75.0,0.13365,1.0,0.13367,15.0
1753600143649,07:09:03.649,gateio,AERGO/USDT:USDT,0.13351,548.0,0.1335,5256.0,0.13365,1.0,0.13367,15.0
1753600143919,07:09:03.919,gateio,AERGO/USDT:USDT,0.13351,548.0,0.1335,5256.0,0.13365,1.0,0.13367,15.0
1753600144418,07:09:04.418,gateio,AERGO/USDT:USDT,0.13351,548.0,0.1335,5256.0,0.13365,1.0,0.13367,15.0
1753600144432,07:09:04.432,gateio,AERGO/USDT:USDT,0.13351,548.0,0.1335,5256.0,0.13365,1.0,0.13367,15.0
1753600144767,07:09:04.767,gateio,AERGO/USDT:USDT,0.13351,548.0,0.1335,5256.0,0.13365,1.0,0.13367,15.0
1753600144869,07:09:04.869,gateio,AERGO/USDT:USDT,0.1335,4.0,0.13347,152.0,0.13365,1.0,0.13367,15.0
1753600145538,07:09:05.538,gateio,AERGO/USDT:USDT,0.1335,4.0,0.13347,152.0,0.13365,1.0,0.13367,15.0
1753600145827,07:09:05.827,gateio,AERGO/USDT:USDT,0.1335,4.0,0.13347,152.0,0.13365,1.0,0.13367,15.0
1753600145846,07:09:05.846,gateio,AERGO/USDT:USDT,0.1335,4.0,0.13347,152.0,0.13365,1.0,0.13367,15.0
1753600146019,07:09:06.019,gateio,AERGO/USDT:USDT,0.1335,4.0,0.13347,152.0,0.13365,1.0,0.13367,15.0
1753600146540,07:09:06.540,gateio,AERGO/USDT:USDT,0.1335,4.0,0.13347,152.0,0.13365,1.0,0.13367,15.0
1753600146671,07:09:06.671,gateio,AERGO/USDT:USDT,0.13351,5252.0,0.1335,4.0,0.13365,1.0,0.13367,33.0
1753600146835,07:09:06.835,gateio,AERGO/USDT:USDT,0.13351,5252.0,0.1335,4.0,0.13365,1.0,0.13367,33.0
1753600147154,07:09:07.154,gateio,AERGO/USDT:USDT,0.13351,5252.0,0.1335,4.0,0.13365,1.0,0.13367,18.0
1753600147297,07:09:07.297,gateio,AERGO/USDT:USDT,0.13353,156.0,0.13351,5252.0,0.13365,1.0,0.13367,18.0
1753600147420,07:09:07.420,gateio,AERGO/USDT:USDT,0.13353,156.0,0.13351,5252.0,0.13365,1.0,0.13367,18.0
1753600147526,07:09:07.526,gateio,AERGO/USDT:USDT,0.13353,156.0,0.13351,5252.0,0.13365,1.0,0.13367,18.0
1753600147619,07:09:07.619,gateio,AERGO/USDT:USDT,0.13353,156.0,0.13351,5252.0,0.13365,1.0,0.13369,18.0
1753600147668,07:09:07.668,gateio,AERGO/USDT:USDT,0.13353,156.0,0.13351,5252.0,0.13365,1.0,0.13369,18.0
1753600147867,07:09:07.867,gateio,AERGO/USDT:USDT,0.13353,156.0,0.1335,4.0,0.13365,1.0,0.13369,18.0
1753600148005,07:09:08.005,gateio,AERGO/USDT:USDT,0.13353,156.0,0.1335,4.0,0.13365,1.0,0.13369,18.0
1753600148103,07:09:08.103,gateio,AERGO/USDT:USDT,0.13353,156.0,0.1335,4.0,0.13365,1.0,0.13369,18.0
1753600148679,07:09:08.679,gateio,AERGO/USDT:USDT,0.13354,109.0,0.13353,160.0,0.13365,1.0,0.13369,18.0
1753600148919,07:09:08.919,gateio,AERGO/USDT:USDT,0.13354,109.0,0.13353,160.0,0.13365,1.0,0.13369,18.0
1753600149412,07:09:09.412,gateio,AERGO/USDT:USDT,0.13354,661.0,0.13353,5412.0,0.13365,1.0,0.13369,18.0
1753600150608,07:09:10.608,gateio,AERGO/USDT:USDT,0.13354,109.0,0.13353,160.0,0.13365,1.0,0.13369,18.0
1753600151042,07:09:11.042,gateio,AERGO/USDT:USDT,0.13354,109.0,0.13353,8.0,0.13365,1.0,0.13369,18.0
1753600151601,07:09:11.601,gateio,AERGO/USDT:USDT,0.13354,109.0,0.13353,8.0,0.13365,1.0,0.13369,18.0
1753600151816,07:09:11.816,gateio,AERGO/USDT:USDT,0.13355,152.0,0.13354,5361.0,0.13365,1.0,0.13369,18.0
1753600151872,07:09:11.872,gateio,AERGO/USDT:USDT,0.13355,152.0,0.13354,5361.0,0.13365,1.0,0.13369,18.0
1753600152005,07:09:12.005,gateio,AERGO/USDT:USDT,0.13355,152.0,0.13354,5361.0,0.13365,1.0,0.13369,18.0
1753600152166,07:09:12.166,gateio,AERGO/USDT:USDT,0.13355,152.0,0.13354,5361.0,0.13365,1.0,0.13369,18.0
1753600152251,07:09:12.251,gateio,AERGO/USDT:USDT,0.13354,5361.0,0.13353,8.0,0.13365,1.0,0.13369,18.0
1753600152584,07:09:12.584,gateio,AERGO/USDT:USDT,0.13354,5361.0,0.13353,8.0,0.13365,1.0,0.13369,18.0
1753600152646,07:09:12.646,gateio,AERGO/USDT:USDT,0.13354,5361.0,0.13353,8.0,0.13365,1.0,0.13369,18.0
1753600153003,07:09:13.003,gateio,AERGO/USDT:USDT,0.13354,5361.0,0.13353,8.0,0.13365,1.0,0.13369,18.0
1753600153418,07:09:13.418,gateio,AERGO/USDT:USDT,0.13354,5361.0,0.13353,8.0,0.13365,1.0,0.13369,18.0
1753600155334,07:09:15.334,gateio,AERGO/USDT:USDT,0.13354,5361.0,0.13353,8.0,0.13365,1.0,0.13369,247.0
1753600155738,07:09:15.738,gateio,AERGO/USDT:USDT,0.13354,5361.0,0.13353,8.0,0.13365,1.0,0.13369,18.0
1753600155842,07:09:15.842,gateio,AERGO/USDT:USDT,0.13354,5361.0,0.13353,8.0,0.13365,1.0,0.13369,18.0
1753600156026,07:09:16.026,gateio,AERGO/USDT:USDT,0.13354,5361.0,0.13353,8.0,0.13365,1.0,0.13369,18.0
1753600156032,07:09:16.032,gateio,AERGO/USDT:USDT,0.13354,5361.0,0.13353,8.0,0.13365,1.0,0.13369,18.0
1753600157477,07:09:17.477,gateio,AERGO/USDT:USDT,0.13354,5361.0,0.13353,8.0,0.13365,1.0,0.13369,247.0
1753600158517,07:09:18.517,gateio,AERGO/USDT:USDT,0.13355,227.0,0.13354,5286.0,0.13365,1.0,0.13369,18.0
1753600158590,07:09:18.590,gateio,AERGO/USDT:USDT,0.13355,227.0,0.13354,5286.0,0.13365,1.0,0.13369,18.0
1753600158666,07:09:18.666,gateio,AERGO/USDT:USDT,0.13355,227.0,0.13354,5286.0,0.13365,1.0,0.13369,18.0
1753600158728,07:09:18.728,gateio,AERGO/USDT:USDT,0.13355,227.0,0.13354,34.0,0.13365,1.0,0.13369,18.0
1753600159004,07:09:19.004,gateio,AERGO/USDT:USDT,0.13355,227.0,0.13354,34.0,0.13365,1.0,0.13369,18.0
1753600159081,07:09:19.081,gateio,AERGO/USDT:USDT,0.13355,227.0,0.13354,34.0,0.13365,1.0,0.13369,18.0
1753600159307,07:09:19.307,gateio,AERGO/USDT:USDT,0.13355,227.0,0.13354,34.0,0.13365,1.0,0.13369,18.0
1753600160002,07:09:20.002,gateio,AERGO/USDT:USDT,0.13356,552.0,0.13355,5479.0,0.13365,1.0,0.13369,18.0
1753600160323,07:09:20.323,gateio,AERGO/USDT:USDT,0.13356,552.0,0.13355,5479.0,0.13365,1.0,0.13369,18.0
1753600160371,07:09:20.371,gateio,AERGO/USDT:USDT,0.13356,552.0,0.13355,5479.0,0.13365,1.0,0.13369,18.0
1753600161215,07:09:21.215,gateio,AERGO/USDT:USDT,0.13355,227.0,0.13354,34.0,0.13365,1.0,0.13369,18.0
1753600161231,07:09:21.231,gateio,AERGO/USDT:USDT,0.13355,227.0,0.13354,34.0,0.13365,1.0,0.13369,18.0
1753600161375,07:09:21.375,gateio,AERGO/USDT:USDT,0.13355,227.0,0.13354,34.0,0.13365,1.0,0.13369,18.0
1753600161552,07:09:21.552,gateio,AERGO/USDT:USDT,0.13355,227.0,0.13354,34.0,0.13365,1.0,0.13369,18.0
1753600161818,07:09:21.818,gateio,AERGO/USDT:USDT,0.13355,227.0,0.13354,34.0,0.13365,1.0,0.13369,18.0
1753600162378,07:09:22.378,gateio,AERGO/USDT:USDT,0.13355,227.0,0.13354,34.0,0.13365,1.0,0.13369,18.0
1753600162601,07:09:22.601,gateio,AERGO/USDT:USDT,0.13356,5256.0,0.13355,231.0,0.13365,1.0,0.13369,18.0
1753600162794,07:09:22.794,gateio,AERGO/USDT:USDT,0.13356,5256.0,0.13355,231.0,0.13365,1.0,0.13369,18.0
1753600163206,07:09:23.206,gateio,AERGO/USDT:USDT,0.13356,5256.0,0.13355,231.0,0.13365,1.0,0.13369,18.0
1753600164537,07:09:24.537,gateio,AERGO/USDT:USDT,0.13356,5256.0,0.13355,79.0,0.13365,1.0,0.13369,93.0
1753600164847,07:09:24.847,gateio,AERGO/USDT:USDT,0.13356,5256.0,0.13355,79.0,0.13365,1.0,0.13369,93.0
1753600165613,07:09:25.613,gateio,AERGO/USDT:USDT,0.13356,5256.0,0.13355,79.0,0.13365,1.0,0.13369,93.0
1753600165846,07:09:25.846,gateio,AERGO/USDT:USDT,0.13356,5256.0,0.13355,79.0,0.13365,1.0,0.13369,93.0
1753600167235,07:09:27.235,gateio,AERGO/USDT:USDT,0.13356,5256.0,0.13355,79.0,0.13365,1.0,0.13369,322.0
1753600167677,07:09:27.677,gateio,AERGO/USDT:USDT,0.13356,5256.0,0.13355,79.0,0.13365,1.0,0.13369,322.0
1753600168600,07:09:28.600,gateio,AERGO/USDT:USDT,0.13356,5256.0,0.13355,79.0,0.13365,1.0,0.13369,322.0
1753600170505,07:09:30.505,gateio,AERGO/USDT:USDT,0.13356,5256.0,0.13355,79.0,0.13365,1.0,0.13369,322.0
1753600170790,07:09:30.790,gateio,AERGO/USDT:USDT,0.13356,5256.0,0.13355,79.0,0.13365,1.0,0.13369,18.0
1753600171003,07:09:31.003,gateio,AERGO/USDT:USDT,0.13356,5256.0,0.13355,79.0,0.13365,1.0,0.13369,18.0
1753600173602,07:09:33.602,gateio,AERGO/USDT:USDT,0.13356,5256.0,0.13355,4.0,0.13365,1.0,0.13369,18.0
1753600173689,07:09:33.689,gateio,AERGO/USDT:USDT,0.13356,5256.0,0.13355,4.0,0.13365,1.0,0.13369,18.0
1753600173745,07:09:33.745,gateio,AERGO/USDT:USDT,0.13356,5256.0,0.13355,4.0,0.13365,1.0,0.13369,18.0
1753600174665,07:09:34.665,gateio,AERGO/USDT:USDT,0.13356,5256.0,0.13355,4.0,0.13365,1.0,0.13369,18.0
1753600174864,07:09:34.864,gateio,AERGO/USDT:USDT,0.13356,5256.0,0.13355,4.0,0.13365,1.0,0.13369,18.0
1753600175024,07:09:35.024,gateio,AERGO/USDT:USDT,0.13356,5256.0,0.13355,4.0,0.13365,1.0,0.13369,18.0
1753600176298,07:09:36.298,gateio,AERGO/USDT:USDT,0.13356,5256.0,0.13355,4.0,0.13365,1.0,0.13369,18.0
1753600176634,07:09:36.634,gateio,AERGO/USDT:USDT,0.13356,5256.0,0.13355,4.0,0.13365,1.0,0.13369,93.0
1753600178009,07:09:38.009,gateio,AERGO/USDT:USDT,0.13356,5256.0,0.13355,4.0,0.13365,1.0,0.13369,93.0
1753600178183,07:09:38.183,gateio,AERGO/USDT:USDT,0.13356,5256.0,0.13355,4.0,0.13365,1.0,0.13369,93.0
1753600178336,07:09:38.336,gateio,AERGO/USDT:USDT,0.13356,5256.0,0.13355,4.0,0.13365,1.0,0.13369,18.0
1753600184566,07:09:44.566,gateio,AERGO/USDT:USDT,0.13356,5256.0,0.13355,4.0,0.13365,1.0,0.13369,18.0
1753600184647,07:09:44.647,gateio,AERGO/USDT:USDT,0.13356,5256.0,0.13355,4.0,0.13365,1.0,0.13369,18.0
1753600185028,07:09:45.028,gateio,AERGO/USDT:USDT,0.13356,5256.0,0.13355,4.0,0.13365,1.0,0.13369,18.0
1753600185029,07:09:45.029,gateio,AERGO/USDT:USDT,0.13356,5256.0,0.13355,4.0,0.13365,1.0,0.13369,18.0
1753600185243,07:09:45.243,gateio,AERGO/USDT:USDT,0.13356,5256.0,0.13355,4.0,0.13365,1.0,0.13369,93.0
1753600185455,07:09:45.455,gateio,AERGO/USDT:USDT,0.13356,5256.0,0.13355,4.0,0.13365,1.0,0.13369,93.0
1753600185737,07:09:45.737,gateio,AERGO/USDT:USDT,0.13356,5256.0,0.13355,4.0,0.13365,1.0,0.13369,18.0
1753600186834,07:09:46.834,gateio,AERGO/USDT:USDT,0.13356,5256.0,0.13355,4.0,0.13365,1.0,0.13369,93.0
1753600187633,07:09:47.633,gateio,AERGO/USDT:USDT,0.13356,5256.0,0.13355,4.0,0.13365,1.0,0.13369,18.0
1753600187883,07:09:47.883,gateio,AERGO/USDT:USDT,0.13356,5256.0,0.13355,4.0,0.13365,1.0,0.13369,18.0
1753600188135,07:09:48.135,gateio,AERGO/USDT:USDT,0.13356,5256.0,0.13355,4.0,0.13365,1.0,0.13369,93.0
1753600188351,07:09:48.351,gateio,AERGO/USDT:USDT,0.13356,5256.0,0.13355,4.0,0.13365,1.0,0.13369,18.0
1753600188521,07:09:48.521,gateio,AERGO/USDT:USDT,0.13356,5256.0,0.13355,4.0,0.13365,1.0,0.13369,18.0
1753600188539,07:09:48.539,gateio,AERGO/USDT:USDT,0.13356,5256.0,0.13355,4.0,0.13365,1.0,0.13369,18.0
1753600189003,07:09:49.003,gateio,AERGO/USDT:USDT,0.13356,5256.0,0.13355,4.0,0.13365,1.0,0.13369,18.0
1753600190382,07:09:50.382,gateio,AERGO/USDT:USDT,0.13356,5256.0,0.13355,4.0,0.13365,1.0,0.13369,18.0
1753600190739,07:09:50.739,gateio,AERGO/USDT:USDT,0.13356,5256.0,0.13355,4.0,0.13365,1.0,0.13369,18.0
1753600191241,07:09:51.241,gateio,AERGO/USDT:USDT,0.13356,5256.0,0.13355,4.0,0.13365,1.0,0.13369,93.0
1753600191949,07:09:51.949,gateio,AERGO/USDT:USDT,0.13356,5256.0,0.13355,4.0,0.13365,1.0,0.13369,18.0
1753600193677,07:09:53.677,gateio,AERGO/USDT:USDT,0.13356,5256.0,0.13355,4.0,0.13365,1.0,0.13369,18.0
1753600194198,07:09:54.198,gateio,AERGO/USDT:USDT,0.13356,5256.0,0.13355,4.0,0.13365,1.0,0.13369,18.0
1753600195797,07:09:55.797,gateio,AERGO/USDT:USDT,0.13356,5256.0,0.13355,4.0,0.13365,1.0,0.13369,18.0
1753600197705,07:09:57.705,gateio,AERGO/USDT:USDT,0.13356,5256.0,0.13355,4.0,0.13365,1.0,0.13369,322.0
1753600197743,07:09:57.743,gateio,AERGO/USDT:USDT,0.13356,5256.0,0.13355,4.0,0.13365,1.0,0.13369,322.0
1753600197855,07:09:57.855,gateio,AERGO/USDT:USDT,0.13356,5256.0,0.13355,4.0,0.13365,1.0,0.13369,18.0
1753600198080,07:09:58.080,gateio,AERGO/USDT:USDT,0.13356,5256.0,0.13355,4.0,0.13365,1.0,0.13369,93.0
1753600198324,07:09:58.324,gateio,AERGO/USDT:USDT,0.13356,5256.0,0.13355,4.0,0.13365,1.0,0.13369,93.0
1753600205283,07:10:05.283,gateio,AERGO/USDT:USDT,0.13356,5256.0,0.13355,4.0,0.13365,1.0,0.13369,93.0
1753600205626,07:10:05.626,gateio,AERGO/USDT:USDT,0.13356,5256.0,0.13355,4.0,0.13365,1.0,0.13369,93.0
1753600206093,07:10:06.093,gateio,AERGO/USDT:USDT,0.13356,5256.0,0.13355,4.0,0.13365,1.0,0.13369,93.0
1753600206433,07:10:06.433,gateio,AERGO/USDT:USDT,0.13356,5256.0,0.13355,4.0,0.13365,1.0,0.13369,93.0
1753600206935,07:10:06.935,gateio,AERGO/USDT:USDT,0.13356,5256.0,0.13355,4.0,0.13365,1.0,0.13369,18.0
1753600208303,07:10:08.303,gateio,AERGO/USDT:USDT,0.13356,5256.0,0.13355,4.0,0.13365,1.0,0.13369,18.0
1753600211072,07:10:11.072,gateio,AERGO/USDT:USDT,0.13356,5256.0,0.13355,4.0,0.13365,1.0,0.13369,18.0
1753600211597,07:10:11.597,gateio,AERGO/USDT:USDT,0.13356,5256.0,0.13355,4.0,0.13365,1.0,0.13369,18.0
1753600211837,07:10:11.837,gateio,AERGO/USDT:USDT,0.13356,5256.0,0.13355,4.0,0.13365,1.0,0.13369,93.0
1753600213372,07:10:13.372,gateio,AERGO/USDT:USDT,0.13356,5256.0,0.13355,4.0,0.13365,1.0,0.13369,93.0
1753600215006,07:10:15.006,gateio,AERGO/USDT:USDT,0.13356,5256.0,0.13355,4.0,0.13365,1.0,0.13369,93.0
1753600216843,07:10:16.843,gateio,AERGO/USDT:USDT,0.13356,5256.0,0.13355,4.0,0.13365,1.0,0.13369,93.0
1753600219326,07:10:19.326,gateio,AERGO/USDT:USDT,0.13356,5256.0,0.13355,4.0,0.13365,1.0,0.13369,93.0
1753600220114,07:10:20.114,gateio,AERGO/USDT:USDT,0.13356,5256.0,0.13355,4.0,0.13365,1.0,0.13369,93.0
1753600220411,07:10:20.411,gateio,AERGO/USDT:USDT,0.13356,5256.0,0.13355,4.0,0.13365,1.0,0.13369,93.0
1753600220454,07:10:20.454,gateio,AERGO/USDT:USDT,0.13356,5256.0,0.13355,4.0,0.13365,1.0,0.13369,93.0
1753600221792,07:10:21.792,gateio,AERGO/USDT:USDT,0.13356,5256.0,0.13355,4.0,0.13365,1.0,0.13369,93.0
1753600222205,07:10:22.205,gateio,AERGO/USDT:USDT,0.13356,5256.0,0.13355,4.0,0.13365,1.0,0.13369,93.0
1753600222635,07:10:22.635,gateio,AERGO/USDT:USDT,0.13356,5256.0,0.13355,4.0,0.13365,1.0,0.13369,93.0
1753600225344,07:10:25.344,gateio,AERGO/USDT:USDT,0.13356,5256.0,0.13355,4.0,0.13365,1.0,0.13369,93.0
1753600225432,07:10:25.432,gateio,AERGO/USDT:USDT,0.13356,5256.0,0.13355,4.0,0.13365,1.0,0.13369,93.0
1753600226153,07:10:26.153,gateio,AERGO/USDT:USDT,0.13356,5256.0,0.13355,4.0,0.13365,1.0,0.13369,93.0
1753600227206,07:10:27.206,gateio,AERGO/USDT:USDT,0.13356,5256.0,0.13355,4.0,0.13365,1.0,0.13369,93.0
1753600227232,07:10:27.232,gateio,AERGO/USDT:USDT,0.13356,5256.0,0.13355,4.0,0.13365,1.0,0.13369,93.0
1753600228175,07:10:28.175,gateio,AERGO/USDT:USDT,0.13356,5256.0,0.13355,4.0,0.13365,1.0,0.13369,93.0
1753600228427,07:10:28.427,gateio,AERGO/USDT:USDT,0.13356,5256.0,0.13355,4.0,0.13365,1.0,0.13369,93.0
1753600228615,07:10:28.615,gateio,AERGO/USDT:USDT,0.13356,5256.0,0.13355,4.0,0.13365,1.0,0.13369,93.0
1753600228630,07:10:28.630,gateio,AERGO/USDT:USDT,0.13356,5256.0,0.13355,4.0,0.13365,1.0,0.13369,93.0
1753600229673,07:10:29.673,gateio,AERGO/USDT:USDT,0.13356,5256.0,0.13355,4.0,0.13365,1.0,0.13369,93.0
1753600229944,07:10:29.944,gateio,AERGO/USDT:USDT,0.13356,5256.0,0.13355,4.0,0.13365,1.0,0.13369,93.0
1753600230616,07:10:30.616,gateio,AERGO/USDT:USDT,0.13356,5256.0,0.13355,4.0,0.13365,1.0,0.13369,93.0
1753600231418,07:10:31.418,gateio,AERGO/USDT:USDT,0.13356,5256.0,0.13355,4.0,0.13365,1.0,0.13369,93.0
1753600233163,07:10:33.163,gateio,AERGO/USDT:USDT,0.13356,5256.0,0.13355,4.0,0.13365,1.0,0.13369,93.0
1753600234465,07:10:34.465,gateio,AERGO/USDT:USDT,0.13356,5256.0,0.13355,4.0,0.13365,1.0,0.13369,93.0
1753600235459,07:10:35.459,gateio,AERGO/USDT:USDT,0.13356,5256.0,0.13355,4.0,0.13365,1.0,0.13369,93.0
1753600237576,07:10:37.576,gateio,AERGO/USDT:USDT,0.13356,5256.0,0.13355,4.0,0.13365,1.0,0.13369,93.0
1753600237946,07:10:37.946,gateio,AERGO/USDT:USDT,0.13356,5256.0,0.13355,4.0,0.13365,1.0,0.13369,93.0
1753600242908,07:10:42.908,gateio,AERGO/USDT:USDT,0.13356,5256.0,0.13355,4.0,0.13365,1.0,0.13369,93.0
1753600245624,07:10:45.624,gateio,AERGO/USDT:USDT,0.13348,30.0,0.13347,152.0,0.13365,1.0,0.13367,152.0
1753600245725,07:10:45.725,gateio,AERGO/USDT:USDT,0.13348,30.0,0.13347,227.0,0.13365,1.0,0.13367,152.0
1753600245811,07:10:45.811,gateio,AERGO/USDT:USDT,0.13348,30.0,0.13347,227.0,0.13365,1.0,0.13367,152.0
1753600245923,07:10:45.923,gateio,AERGO/USDT:USDT,0.13348,30.0,0.13347,227.0,0.13365,1.0,0.13367,152.0
1753600245993,07:10:45.993,gateio,AERGO/USDT:USDT,0.13348,30.0,0.13347,227.0,0.13365,1.0,0.13367,152.0
1753600246126,07:10:46.126,gateio,AERGO/USDT:USDT,0.13348,30.0,0.13347,227.0,0.13365,1.0,0.13367,152.0
1753600246341,07:10:46.341,gateio,AERGO/USDT:USDT,0.13348,30.0,0.13347,227.0,0.13365,1.0,0.13367,152.0
1753600248328,07:10:48.328,gateio,AERGO/USDT:USDT,0.13343,161.0,0.13342,538.0,0.13365,1.0,0.13367,152.0
1753600248391,07:10:48.391,gateio,AERGO/USDT:USDT,0.13345,152.0,0.13343,75.0,0.13365,51.0,0.13366,50.0
1753600248472,07:10:48.472,gateio,AERGO/USDT:USDT,0.13345,152.0,0.13343,75.0,0.13365,51.0,0.13366,50.0
1753600248575,07:10:48.575,gateio,AERGO/USDT:USDT,0.13345,152.0,0.13343,75.0,0.13365,51.0,0.13366,50.0
1753600249354,07:10:49.354,gateio,AERGO/USDT:USDT,0.13345,152.0,0.13343,75.0,0.13365,51.0,0.13366,50.0
1753600249593,07:10:49.593,gateio,AERGO/USDT:USDT,0.13345,152.0,0.13343,75.0,0.13365,51.0,0.13366,50.0
1753600250372,07:10:50.372,gateio,AERGO/USDT:USDT,0.13345,152.0,0.13343,75.0,0.13365,1.0,0.13366,50.0
1753600251364,07:10:51.364,gateio,AERGO/USDT:USDT,0.13345,227.0,0.13344,30.0,0.13365,51.0,0.13366,50.0
1753600251477,07:10:51.477,gateio,AERGO/USDT:USDT,0.13345,227.0,0.13344,30.0,0.13365,51.0,0.13366,50.0
1753600251612,07:10:51.612,gateio,AERGO/USDT:USDT,0.13345,227.0,0.13344,30.0,0.13365,51.0,0.13366,50.0
1753600251631,07:10:51.631,gateio,AERGO/USDT:USDT,0.13345,227.0,0.13344,30.0,0.13365,51.0,0.13366,50.0
1753600252215,07:10:52.215,gateio,AERGO/USDT:USDT,0.13345,227.0,0.13344,30.0,0.13365,51.0,0.13366,50.0
1753600252402,07:10:52.402,gateio,AERGO/USDT:USDT,0.13345,152.0,0.13343,75.0,0.13365,51.0,0.13366,50.0
1753600252531,07:10:52.531,gateio,AERGO/USDT:USDT,0.13345,152.0,0.13343,75.0,0.13365,51.0,0.13366,50.0
1753600252826,07:10:52.826,gateio,AERGO/USDT:USDT,0.13345,152.0,0.13343,75.0,0.13365,51.0,0.13366,50.0
1753600253307,07:10:53.307,gateio,AERGO/USDT:USDT,0.13345,152.0,0.13343,75.0,0.13365,51.0,0.13366,50.0
1753600253333,07:10:53.333,gateio,AERGO/USDT:USDT,0.13345,152.0,0.13343,75.0,0.13365,1.0,0.13366,50.0
1753600253671,07:10:53.671,gateio,AERGO/USDT:USDT,0.13345,152.0,0.13343,75.0,0.13365,1.0,0.13366,50.0
1753600253807,07:10:53.807,gateio,AERGO/USDT:USDT,0.13345,227.0,0.13344,30.0,0.13365,1.0,0.13366,50.0
1753600254227,07:10:54.227,gateio,AERGO/USDT:USDT,0.13345,227.0,0.13344,30.0,0.13365,1.0,0.13366,50.0
1753600257393,07:10:57.393,gateio,AERGO/USDT:USDT,0.13345,227.0,0.13344,30.0,0.13365,1.0,0.13366,50.0
1753600257480,07:10:57.480,gateio,AERGO/USDT:USDT,0.13345,227.0,0.13344,30.0,0.13365,1.0,0.13366,50.0
1753600258423,07:10:58.423,gateio,AERGO/USDT:USDT,0.13345,152.0,0.13343,75.0,0.13365,1.0,0.13366,50.0
1753600258493,07:10:58.493,gateio,AERGO/USDT:USDT,0.13345,152.0,0.13343,75.0,0.1336,75.0,0.13363,15.0
1753600258614,07:10:58.614,gateio,AERGO/USDT:USDT,0.13345,152.0,0.13343,75.0,0.1336,75.0,0.13363,15.0
1753600258638,07:10:58.638,gateio,AERGO/USDT:USDT,0.13345,152.0,0.13343,75.0,0.13363,15.0,0.13365,1.0
1753600263192,07:11:03.192,gateio,AERGO/USDT:USDT,0.13345,152.0,0.13343,75.0,0.13363,15.0,0.13365,1.0
1753600263305,07:11:03.305,gateio,AERGO/USDT:USDT,0.13345,152.0,0.13343,75.0,0.13363,15.0,0.13365,1.0
1753600265721,07:11:05.721,gateio,AERGO/USDT:USDT,0.13345,152.0,0.13343,75.0,0.13363,15.0,0.13365,1.0
1753600269009,07:11:09.009,gateio,AERGO/USDT:USDT,0.13345,152.0,0.13343,75.0,0.13363,15.0,0.13365,1.0
1753600269036,07:11:09.036,gateio,AERGO/USDT:USDT,0.13345,152.0,0.13343,75.0,0.13363,15.0,0.13365,1.0
1753600269416,07:11:09.416,gateio,AERGO/USDT:USDT,0.13345,152.0,0.13343,75.0,0.13363,15.0,0.13365,1.0
1753600271651,07:11:11.651,gateio,AERGO/USDT:USDT,0.13345,152.0,0.13343,75.0,0.13363,15.0,0.13365,1.0
1753600272192,07:11:12.192,gateio,AERGO/USDT:USDT,0.13345,152.0,0.13343,75.0,0.13365,1.0,0.13366,65.0
1753600272252,07:11:12.252,gateio,AERGO/USDT:USDT,0.13345,152.0,0.13343,75.0,0.13365,1.0,0.13366,65.0
1753600272520,07:11:12.520,gateio,AERGO/USDT:USDT,0.13345,152.0,0.13343,75.0,0.13365,1.0,0.13366,65.0
1753600272596,07:11:12.596,gateio,AERGO/USDT:USDT,0.13345,152.0,0.13343,75.0,0.13365,1.0,0.13366,65.0
1753600273003,07:11:13.003,gateio,AERGO/USDT:USDT,0.13345,152.0,0.13343,75.0,0.13365,1.0,0.13366,65.0
1753600273421,07:11:13.421,gateio,AERGO/USDT:USDT,0.13345,152.0,0.13343,75.0,0.13365,1.0,0.13366,65.0
1753600273431,07:11:13.431,gateio,AERGO/USDT:USDT,0.13345,152.0,0.13343,75.0,0.13365,1.0,0.13366,65.0
1753600274005,07:11:14.005,gateio,AERGO/USDT:USDT,0.13345,152.0,0.13343,75.0,0.13365,1.0,0.13366,65.0
1753600275735,07:11:15.735,gateio,AERGO/USDT:USDT,0.13347,75.0,0.13346,30.0,0.13365,1.0,0.13366,65.0
1753600276071,07:11:16.071,gateio,AERGO/USDT:USDT,0.13347,75.0,0.13346,30.0,0.13365,1.0,0.13366,65.0
1753600276229,07:11:16.229,gateio,AERGO/USDT:USDT,0.13347,75.0,0.13346,30.0,0.13365,1.0,0.13366,65.0
1753600276229,07:11:16.229,gateio,AERGO/USDT:USDT,0.13347,75.0,0.13346,30.0,0.13365,1.0,0.13366,65.0
1753600280522,07:11:20.522,gateio,AERGO/USDT:USDT,0.13347,75.0,0.13346,30.0,0.13365,1.0,0.13366,65.0
1753600280550,07:11:20.550,gateio,AERGO/USDT:USDT,0.13347,75.0,0.13346,30.0,0.13365,1.0,0.13366,65.0
1753600281104,07:11:21.104,gateio,AERGO/USDT:USDT,0.13347,75.0,0.13346,30.0,0.13365,1.0,0.13366,65.0
1753600281158,07:11:21.158,gateio,AERGO/USDT:USDT,0.13347,75.0,0.13346,30.0,0.13365,1.0,0.13366,65.0
1753600284778,07:11:24.778,gateio,AERGO/USDT:USDT,0.13347,75.0,0.13346,30.0,0.13365,1.0,0.13366,65.0
1753600285158,07:11:25.158,gateio,AERGO/USDT:USDT,0.13347,75.0,0.13346,30.0,0.13365,1.0,0.13366,65.0
1753600288003,07:11:28.003,gateio,AERGO/USDT:USDT,0.13347,75.0,0.13346,30.0,0.13365,1.0,0.13366,65.0
1753600288662,07:11:28.662,gateio,AERGO/USDT:USDT,0.13347,75.0,0.13346,30.0,0.13365,1.0,0.13366,65.0
1753600289368,07:11:29.368,gateio,AERGO/USDT:USDT,0.13347,75.0,0.13346,30.0,0.13365,1.0,0.13366,65.0
1753600300516,07:11:40.516,gateio,AERGO/USDT:USDT,0.13347,75.0,0.13346,30.0,0.13365,1.0,0.13366,65.0
1753600300891,07:11:40.891,gateio,AERGO/USDT:USDT,0.13347,75.0,0.13346,30.0,0.13365,1.0,0.13366,65.0
1753600301832,07:11:41.832,gateio,AERGO/USDT:USDT,0.13347,75.0,0.13346,30.0,0.13365,1.0,0.13366,65.0
1753600305804,07:11:45.804,gateio,AERGO/USDT:USDT,0.13347,75.0,0.13346,30.0,0.13365,1.0,0.13366,65.0
1753600305837,07:11:45.837,gateio,AERGO/USDT:USDT,0.13347,75.0,0.13346,30.0,0.13365,1.0,0.13366,65.0
1753600313890,07:11:53.890,gateio,AERGO/USDT:USDT,0.13347,75.0,0.13346,30.0,0.13365,1.0,0.13366,65.0
1753600314088,07:11:54.088,gateio,AERGO/USDT:USDT,0.13347,75.0,0.13346,30.0,0.13365,1.0,0.13366,65.0
1753600314256,07:11:54.256,gateio,AERGO/USDT:USDT,0.13347,75.0,0.13346,30.0,0.13365,1.0,0.13366,65.0
1753600316256,07:11:56.256,gateio,AERGO/USDT:USDT,0.13347,75.0,0.13346,30.0,0.13365,1.0,0.13366,65.0
1753600316629,07:11:56.629,gateio,AERGO/USDT:USDT,0.13347,75.0,0.13346,30.0,0.13365,1.0,0.13366,65.0
1753600318715,07:11:58.715,gateio,AERGO/USDT:USDT,0.13347,75.0,0.13346,30.0,0.13365,1.0,0.13366,65.0
1753600318748,07:11:58.748,gateio,AERGO/USDT:USDT,0.13347,75.0,0.13346,30.0,0.13365,1.0,0.13366,65.0
1753600320010,07:12:00.010,gateio,AERGO/USDT:USDT,0.13347,75.0,0.13346,30.0,0.13365,1.0,0.13366,65.0
1753600320443,07:12:00.443,gateio,AERGO/USDT:USDT,0.13345,152.0,0.13343,285.0,0.13365,1.0,0.13366,65.0
1753600320575,07:12:00.575,gateio,AERGO/USDT:USDT,0.13345,227.0,0.13343,285.0,0.13365,1.0,0.13366,65.0
1753600320926,07:12:00.926,gateio,AERGO/USDT:USDT,0.13345,227.0,0.13343,285.0,0.13365,1.0,0.13366,65.0
1753600324010,07:12:04.010,gateio,AERGO/USDT:USDT,0.13345,227.0,0.13343,285.0,0.13365,171.0,0.13366,65.0
1753600324051,07:12:04.051,gateio,AERGO/USDT:USDT,0.13345,227.0,0.13343,285.0,0.13365,171.0,0.13366,65.0
1753600324164,07:12:04.164,gateio,AERGO/USDT:USDT,0.13345,227.0,0.13343,285.0,0.13365,171.0,0.13366,65.0
1753600324389,07:12:04.389,gateio,AERGO/USDT:USDT,0.13345,227.0,0.13343,285.0,0.13365,171.0,0.13366,65.0
1753600324745,07:12:04.745,gateio,AERGO/USDT:USDT,0.13345,227.0,0.13343,285.0,0.13365,171.0,0.13366,65.0
1753600325813,07:12:05.813,gateio,AERGO/USDT:USDT,0.13345,227.0,0.13343,285.0,0.13365,171.0,0.13366,65.0
1753600327921,07:12:07.921,gateio,AERGO/USDT:USDT,0.13351,156.0,0.13345,408.0,0.13365,1.0,0.13366,50.0
1753600328007,07:12:08.007,gateio,AERGO/USDT:USDT,0.13351,156.0,0.13345,408.0,0.13365,1.0,0.13366,50.0
1753600328122,07:12:08.122,gateio,AERGO/USDT:USDT,0.13351,156.0,0.13345,408.0,0.13365,1.0,0.13366,50.0
1753600328217,07:12:08.217,gateio,AERGO/USDT:USDT,0.13352,79.0,0.13351,156.0,0.13365,1.0,0.13366,50.0
1753600328250,07:12:08.250,gateio,AERGO/USDT:USDT,0.13352,79.0,0.13351,156.0,0.13365,1.0,0.13366,50.0
1753600328486,07:12:08.486,gateio,AERGO/USDT:USDT,0.13352,79.0,0.13351,156.0,0.13365,1.0,0.13368,50.0
1753600328644,07:12:08.644,gateio,AERGO/USDT:USDT,0.13352,79.0,0.13351,156.0,0.13365,1.0,0.13368,50.0
1753600328911,07:12:08.911,gateio,AERGO/USDT:USDT,0.13352,79.0,0.13351,156.0,0.13365,1.0,0.13368,50.0
1753600329002,07:12:09.002,gateio,AERGO/USDT:USDT,0.13352,79.0,0.13351,156.0,0.13365,1.0,0.13368,50.0
1753600329066,07:12:09.066,gateio,AERGO/USDT:USDT,0.13352,79.0,0.13351,156.0,0.13365,1.0,0.13368,50.0
1753600329495,07:12:09.495,gateio,AERGO/USDT:USDT,0.13352,79.0,0.13351,156.0,0.13365,1.0,0.13368,50.0
1753600330304,07:12:10.304,gateio,AERGO/USDT:USDT,0.13352,4.0,0.13351,156.0,0.13365,5.0,0.13368,50.0
1753600330715,07:12:10.715,gateio,AERGO/USDT:USDT,0.13352,4.0,0.13351,156.0,0.13365,5.0,0.13368,50.0
1753600332012,07:12:12.012,gateio,AERGO/USDT:USDT,0.13352,4.0,0.13351,156.0,0.13365,5.0,0.13368,50.0
1753600332403,07:12:12.403,gateio,AERGO/USDT:USDT,0.13352,4.0,0.13351,156.0,0.13365,5.0,0.13368,50.0
1753600332691,07:12:12.691,gateio,AERGO/USDT:USDT,0.13352,4.0,0.13351,156.0,0.13365,5.0,0.13368,50.0
1753600333003,07:12:13.003,gateio,AERGO/USDT:USDT,0.13352,4.0,0.13351,156.0,0.13365,5.0,0.13368,50.0
1753600333457,07:12:13.457,gateio,AERGO/USDT:USDT,0.13352,4.0,0.13351,156.0,0.13365,5.0,0.13368,50.0
1753600333975,07:12:13.975,gateio,AERGO/USDT:USDT,0.13352,4.0,0.13351,156.0,0.13365,5.0,0.13368,50.0
1753600338322,07:12:18.322,gateio,AERGO/USDT:USDT,0.13352,79.0,0.13351,156.0,0.13365,1.0,0.13368,50.0
1753600338511,07:12:18.511,gateio,AERGO/USDT:USDT,0.13352,79.0,0.13351,156.0,0.13365,1.0,0.13368,50.0
1753600339209,07:12:19.209,gateio,AERGO/USDT:USDT,0.13352,4.0,0.13351,152.0,0.13365,5.0,0.13368,50.0
1753600339561,07:12:19.561,gateio,AERGO/USDT:USDT,0.13352,4.0,0.13351,152.0,0.13365,5.0,0.13368,50.0
1753600339870,07:12:19.870,gateio,AERGO/USDT:USDT,0.13352,4.0,0.13351,152.0,0.13365,5.0,0.13368,50.0
1753600340002,07:12:20.002,gateio,AERGO/USDT:USDT,0.13352,4.0,0.13351,152.0,0.13365,5.0,0.13368,50.0
1753600344292,07:12:24.292,gateio,AERGO/USDT:USDT,0.13352,4.0,0.13351,152.0,0.13365,5.0,0.13368,50.0
1753600344500,07:12:24.500,gateio,AERGO/USDT:USDT,0.13352,4.0,0.13345,578.0,0.13365,5.0,0.13367,152.0
1753600344536,07:12:24.536,gateio,AERGO/USDT:USDT,0.13352,4.0,0.13345,578.0,0.13365,5.0,0.13367,152.0
1753600344693,07:12:24.693,gateio,AERGO/USDT:USDT,0.13352,4.0,0.13345,227.0,0.13365,5.0,0.13367,152.0
1753600345627,07:12:25.627,gateio,AERGO/USDT:USDT,0.13352,4.0,0.13345,227.0,0.13365,5.0,0.13367,322.0
1753600345636,07:12:25.636,gateio,AERGO/USDT:USDT,0.13352,4.0,0.13345,227.0,0.13365,5.0,0.13367,322.0
1753600347093,07:12:27.093,gateio,AERGO/USDT:USDT,0.13345,227.0,0.13344,75.0,0.13365,5.0,0.13367,322.0
1753600347152,07:12:27.152,gateio,AERGO/USDT:USDT,0.13345,227.0,0.13344,75.0,0.13365,5.0,0.13367,322.0
1753600347278,07:12:27.278,gateio,AERGO/USDT:USDT,0.13345,227.0,0.13344,75.0,0.13365,5.0,0.13367,322.0
1753600347682,07:12:27.682,gateio,AERGO/USDT:USDT,0.13345,227.0,0.13344,75.0,0.13365,5.0,0.13367,322.0
1753600347755,07:12:27.755,gateio,AERGO/USDT:USDT,0.13345,227.0,0.13344,75.0,0.13365,5.0,0.13367,322.0
1753600348107,07:12:28.107,gateio,AERGO/USDT:USDT,0.13345,227.0,0.13344,75.0,0.13365,5.0,0.13367,322.0
1753600348387,07:12:28.387,gateio,AERGO/USDT:USDT,0.13345,227.0,0.13344,75.0,0.13365,5.0,0.13367,322.0
1753600348694,07:12:28.694,gateio,AERGO/USDT:USDT,0.13345,227.0,0.13344,75.0,0.13365,5.0,0.13367,322.0
1753600352512,07:12:32.512,gateio,AERGO/USDT:USDT,0.13352,152.0,0.13345,227.0,0.13365,5.0,0.13367,170.0
1753600352622,07:12:32.622,gateio,AERGO/USDT:USDT,0.13352,160.0,0.13346,182.0,0.13365,1.0,0.13368,50.0
1753600352651,07:12:32.651,gateio,AERGO/USDT:USDT,0.13352,160.0,0.13346,182.0,0.13365,1.0,0.13368,50.0
1753600352919,07:12:32.919,gateio,AERGO/USDT:USDT,0.13352,160.0,0.13346,355.0,0.13365,1.0,0.13368,50.0
1753600353007,07:12:33.007,gateio,AERGO/USDT:USDT,0.13352,160.0,0.13346,355.0,0.13365,1.0,0.13368,50.0
1753600353037,07:12:33.037,gateio,AERGO/USDT:USDT,0.13352,160.0,0.13346,355.0,0.13365,1.0,0.13368,50.0
1753600353208,07:12:33.208,gateio,AERGO/USDT:USDT,0.13352,160.0,0.13346,355.0,0.13365,1.0,0.1337,229.0
1753600353730,07:12:33.730,gateio,AERGO/USDT:USDT,0.13352,160.0,0.13346,355.0,0.13365,1.0,0.1337,229.0
1753600354011,07:12:34.011,gateio,AERGO/USDT:USDT,0.13353,75.0,0.13352,160.0,0.13365,1.0,0.1337,229.0
1753600354043,07:12:34.043,gateio,AERGO/USDT:USDT,0.13353,75.0,0.13352,160.0,0.13365,1.0,0.1337,229.0
1753600354155,07:12:34.155,gateio,AERGO/USDT:USDT,0.13353,75.0,0.13352,160.0,0.13365,1.0,0.1337,229.0
1753600354499,07:12:34.499,gateio,AERGO/USDT:USDT,0.13353,75.0,0.13352,160.0,0.13365,1.0,0.1337,229.0
1753600358792,07:12:38.792,gateio,AERGO/USDT:USDT,0.13353,75.0,0.13352,160.0,0.13365,1.0,0.1337,229.0
1753600359220,07:12:39.220,gateio,AERGO/USDT:USDT,0.13353,304.0,0.13352,160.0,0.13365,1.0,0.1337,229.0
1753600359396,07:12:39.396,gateio,AERGO/USDT:USDT,0.13353,304.0,0.13352,160.0,0.13365,1.0,0.1337,229.0
1753600363466,07:12:43.466,gateio,AERGO/USDT:USDT,0.13353,304.0,0.13352,160.0,0.13365,1.0,0.1337,229.0
1753600363827,07:12:43.827,gateio,AERGO/USDT:USDT,0.13353,304.0,0.13352,160.0,0.13365,1.0,0.1337,229.0
1753600363835,07:12:43.835,gateio,AERGO/USDT:USDT,0.13353,304.0,0.13352,160.0,0.13365,1.0,0.1337,229.0
1753600364552,07:12:44.552,gateio,AERGO/USDT:USDT,0.13353,304.0,0.13352,160.0,0.13365,1.0,0.1337,229.0
1753600365905,07:12:45.905,gateio,AERGO/USDT:USDT,0.13353,304.0,0.13352,160.0,0.13365,1.0,0.1337,229.0
1753600368212,07:12:48.212,gateio,AERGO/USDT:USDT,0.13353,304.0,0.13352,160.0,0.13365,1.0,0.1337,229.0
1753600368243,07:12:48.243,gateio,AERGO/USDT:USDT,0.13353,304.0,0.13352,160.0,0.13365,1.0,0.1337,229.0
1753600372811,07:12:52.811,gateio,AERGO/USDT:USDT,0.13353,304.0,0.13352,160.0,0.13365,1.0,0.1337,229.0
1753600372910,07:12:52.910,gateio,AERGO/USDT:USDT,0.13353,304.0,0.13352,160.0,0.13365,1.0,0.1337,229.0
1753600372942,07:12:52.942,gateio,AERGO/USDT:USDT,0.13353,304.0,0.13352,160.0,0.13365,1.0,0.1337,229.0
1753600373111,07:12:53.111,gateio,AERGO/USDT:USDT,0.13353,304.0,0.13352,160.0,0.13365,1.0,0.1337,229.0
1753600373235,07:12:53.235,gateio,AERGO/USDT:USDT,0.13353,304.0,0.13352,160.0,0.13365,1.0,0.1337,229.0
1753600373534,07:12:53.534,gateio,AERGO/USDT:USDT,0.13353,304.0,0.13352,160.0,0.13365,1.0,0.1337,229.0
1753600374012,07:12:54.012,gateio,AERGO/USDT:USDT,0.13353,304.0,0.13352,160.0,0.13365,1.0,0.1337,229.0
1753600374226,07:12:54.226,gateio,AERGO/USDT:USDT,0.13353,304.0,0.13352,160.0,0.13365,1.0,0.1337,229.0
1753600374284,07:12:54.284,gateio,AERGO/USDT:USDT,0.13353,304.0,0.13352,160.0,0.13365,1.0,0.1337,229.0
1753600374357,07:12:54.357,gateio,AERGO/USDT:USDT,0.13353,304.0,0.13352,160.0,0.13365,1.0,0.1337,229.0
1753600375330,07:12:55.330,gateio,AERGO/USDT:USDT,0.13353,304.0,0.13352,160.0,0.13365,1.0,0.1337,229.0
1753600376221,07:12:56.221,gateio,AERGO/USDT:USDT,0.13353,304.0,0.13352,160.0,0.13365,1.0,0.1337,229.0
1753600376298,07:12:56.298,gateio,AERGO/USDT:USDT,0.13353,304.0,0.13352,160.0,0.13365,1.0,0.1337,229.0
1753600376417,07:12:56.417,gateio,AERGO/USDT:USDT,0.13353,304.0,0.13352,160.0,0.13365,1.0,0.1337,229.0
1753600376832,07:12:56.832,gateio,AERGO/USDT:USDT,0.13353,304.0,0.13352,160.0,0.13365,1.0,0.1337,229.0
1753600378333,07:12:58.333,gateio,AERGO/USDT:USDT,0.13353,304.0,0.13352,160.0,0.13365,1.0,0.1337,229.0
1753600379027,07:12:59.027,gateio,AERGO/USDT:USDT,0.13353,304.0,0.13352,160.0,0.13365,1.0,0.1337,229.0
1753600379031,07:12:59.031,gateio,AERGO/USDT:USDT,0.13353,304.0,0.13352,160.0,0.13365,1.0,0.1337,229.0
1753600379190,07:12:59.190,gateio,AERGO/USDT:USDT,0.13353,304.0,0.13352,160.0,0.13365,1.0,0.1337,229.0
1753600379548,07:12:59.548,gateio,AERGO/USDT:USDT,0.13353,304.0,0.13352,160.0,0.13365,1.0,0.1337,229.0
1753600379870,07:12:59.870,gateio,AERGO/USDT:USDT,0.13353,304.0,0.13352,160.0,0.13365,1.0,0.1337,229.0
1753600380053,07:13:00.053,gateio,AERGO/USDT:USDT,0.13353,304.0,0.13352,160.0,0.13365,1.0,0.1337,229.0
1753600381047,07:13:01.047,gateio,AERGO/USDT:USDT,0.13353,304.0,0.13352,160.0,0.13365,1.0,0.1337,229.0
1753600381195,07:13:01.195,gateio,AERGO/USDT:USDT,0.13353,304.0,0.13352,160.0,0.13365,1.0,0.1337,229.0
1753600381239,07:13:01.239,gateio,AERGO/USDT:USDT,0.13353,304.0,0.13352,160.0,0.13365,1.0,0.1337,229.0
1753600381493,07:13:01.493,gateio,AERGO/USDT:USDT,0.13353,304.0,0.13352,160.0,0.13365,1.0,0.1337,229.0
1753600382501,07:13:02.501,gateio,AERGO/USDT:USDT,0.13353,304.0,0.13352,160.0,0.13365,1.0,0.1337,229.0
1753600382993,07:13:02.993,gateio,AERGO/USDT:USDT,0.13353,304.0,0.13352,160.0,0.13365,1.0,0.1337,229.0
1753600384210,07:13:04.210,gateio,AERGO/USDT:USDT,0.13353,304.0,0.13352,160.0,0.13365,1.0,0.1337,229.0
1753600384489,07:13:04.489,gateio,AERGO/USDT:USDT,0.13353,304.0,0.13352,160.0,0.13365,1.0,0.1337,229.0
1753600385912,07:13:05.912,gateio,AERGO/USDT:USDT,0.13353,304.0,0.13352,160.0,0.13365,1.0,0.1337,229.0
1753600385997,07:13:05.997,gateio,AERGO/USDT:USDT,0.13353,304.0,0.13352,160.0,0.13365,1.0,0.1337,229.0
1753600387512,07:13:07.512,gateio,AERGO/USDT:USDT,0.13353,304.0,0.13352,160.0,0.13365,1.0,0.1337,229.0
1753600387533,07:13:07.533,gateio,AERGO/USDT:USDT,0.13353,304.0,0.13352,160.0,0.13365,1.0,0.1337,229.0
1753600388493,07:13:08.493,gateio,AERGO/USDT:USDT,0.13353,304.0,0.13352,160.0,0.13365,1.0,0.1337,229.0
1753600389016,07:13:09.016,gateio,AERGO/USDT:USDT,0.13353,304.0,0.13352,160.0,0.13365,1.0,0.1337,229.0
1753600390516,07:13:10.516,gateio,AERGO/USDT:USDT,0.13353,304.0,0.13352,160.0,0.13365,1.0,0.1337,229.0
1753600390612,07:13:10.612,gateio,AERGO/USDT:USDT,0.13353,304.0,0.13352,160.0,0.13365,1.0,0.1337,229.0
1753600390632,07:13:10.632,gateio,AERGO/USDT:USDT,0.13353,304.0,0.13352,160.0,0.13365,1.0,0.1337,229.0
1753600392012,07:13:12.012,gateio,AERGO/USDT:USDT,0.13353,304.0,0.13352,160.0,0.13365,1.0,0.1337,229.0
1753600392033,07:13:12.033,gateio,AERGO/USDT:USDT,0.13353,304.0,0.13352,160.0,0.13365,1.0,0.1337,229.0
1753600392253,07:13:12.253,gateio,AERGO/USDT:USDT,0.13353,304.0,0.13352,160.0,0.13365,1.0,0.1337,229.0
1753600392469,07:13:12.469,gateio,AERGO/USDT:USDT,0.13353,304.0,0.13352,160.0,0.13365,1.0,0.13371,75.0
1753600392620,07:13:12.620,gateio,AERGO/USDT:USDT,0.13353,304.0,0.13352,160.0,0.13365,1.0,0.13371,75.0
1753600393059,07:13:13.059,gateio,AERGO/USDT:USDT,0.13353,304.0,0.13352,160.0,0.13365,1.0,0.13371,75.0
1753600393178,07:13:13.178,gateio,AERGO/USDT:USDT,0.13353,304.0,0.13352,160.0,0.13365,1.0,0.13371,75.0
1753600393527,07:13:13.527,gateio,AERGO/USDT:USDT,0.13353,304.0,0.13352,160.0,0.13365,1.0,0.13371,75.0
1753600394918,07:13:14.918,gateio,AERGO/USDT:USDT,0.13353,304.0,0.13352,160.0,0.13365,1.0,0.13371,75.0
1753600395266,07:13:15.266,gateio,AERGO/USDT:USDT,0.13353,304.0,0.13352,160.0,0.13365,1.0,0.13371,75.0
1753600395873,07:13:15.873,gateio,AERGO/USDT:USDT,0.13353,304.0,0.13352,160.0,0.13365,1.0,0.13371,75.0
1753600396412,07:13:16.412,gateio,AERGO/USDT:USDT,0.13353,304.0,0.13352,160.0,0.13365,1.0,0.13371,75.0
1753600396436,07:13:16.436,gateio,AERGO/USDT:USDT,0.13353,304.0,0.13352,160.0,0.13365,1.0,0.13371,75.0
1753600397381,07:13:17.381,gateio,AERGO/USDT:USDT,0.13353,304.0,0.13352,160.0,0.13365,1.0,0.13371,75.0
1753600398874,07:13:18.874,gateio,AERGO/USDT:USDT,0.13353,304.0,0.13352,160.0,0.13365,1.0,0.13371,75.0
1753600399852,07:13:19.852,gateio,AERGO/USDT:USDT,0.13353,304.0,0.13352,160.0,0.13365,1.0,0.13371,75.0
1753600402103,07:13:22.103,gateio,AERGO/USDT:USDT,0.13353,304.0,0.13352,160.0,0.13365,1.0,0.13371,75.0
1753600402762,07:13:22.762,gateio,AERGO/USDT:USDT,0.13353,304.0,0.13352,160.0,0.13365,1.0,0.13371,75.0
1753600403051,07:13:23.051,gateio,AERGO/USDT:USDT,0.13353,304.0,0.13352,160.0,0.13365,1.0,0.13371,75.0
1753600406702,07:13:26.702,gateio,AERGO/USDT:USDT,0.13353,304.0,0.13352,160.0,0.13365,1.0,0.13371,75.0
1753600407941,07:13:27.941,gateio,AERGO/USDT:USDT,0.13353,304.0,0.13352,160.0,0.13365,1.0,0.13371,75.0
1753600408726,07:13:28.726,gateio,AERGO/USDT:USDT,0.13353,304.0,0.13352,160.0,0.13365,1.0,0.13371,75.0
1753600409424,07:13:29.424,gateio,AERGO/USDT:USDT,0.13353,304.0,0.13352,160.0,0.13365,1.0,0.13371,75.0
1753600410412,07:13:30.412,gateio,AERGO/USDT:USDT,0.13353,304.0,0.13352,160.0,0.13365,1.0,0.13371,75.0
1753600410618,07:13:30.618,gateio,AERGO/USDT:USDT,0.13353,304.0,0.13352,160.0,0.13365,1.0,0.13371,75.0
1753600410964,07:13:30.964,gateio,AERGO/USDT:USDT,0.13353,304.0,0.13352,160.0,0.13365,1.0,0.13371,75.0
1753600411383,07:13:31.383,gateio,AERGO/USDT:USDT,0.13353,304.0,0.13352,160.0,0.13365,1.0,0.13371,75.0
1753600412557,07:13:32.557,gateio,AERGO/USDT:USDT,0.13353,304.0,0.13352,160.0,0.13365,1.0,0.13371,75.0
1753600412896,07:13:32.896,gateio,AERGO/USDT:USDT,0.13353,304.0,0.13352,160.0,0.13365,1.0,0.13371,75.0
1753600414618,07:13:34.618,gateio,AERGO/USDT:USDT,0.13353,304.0,0.13352,160.0,0.13365,1.0,0.13371,75.0
1753600415424,07:13:35.424,gateio,AERGO/USDT:USDT,0.13353,304.0,0.13352,160.0,0.13365,1.0,0.13371,75.0
1753600419295,07:13:39.295,gateio,AERGO/USDT:USDT,0.13353,304.0,0.13352,160.0,0.13365,1.0,0.13371,75.0
1753600419571,07:13:39.571,gateio,AERGO/USDT:USDT,0.13353,304.0,0.13352,160.0,0.13365,1.0,0.13371,75.0
1753600420005,07:13:40.005,gateio,AERGO/USDT:USDT,0.13353,304.0,0.13352,160.0,0.13365,1.0,0.13371,75.0
1753600422396,07:13:42.396,gateio,AERGO/USDT:USDT,0.13353,304.0,0.13352,160.0,0.13365,1.0,0.13371,75.0
1753600425377,07:13:45.377,gateio,AERGO/USDT:USDT,0.13353,304.0,0.13352,160.0,0.13365,1.0,0.13371,75.0
1753600426001,07:13:46.001,gateio,AERGO/USDT:USDT,0.13353,304.0,0.13352,160.0,0.13365,1.0,0.13371,75.0
1753600426032,07:13:46.032,gateio,AERGO/USDT:USDT,0.13353,304.0,0.13352,160.0,0.13365,1.0,0.13371,75.0
1753600426316,07:13:46.316,gateio,AERGO/USDT:USDT,0.13353,304.0,0.13352,160.0,0.13365,1.0,0.13371,75.0
1753600426686,07:13:46.686,gateio,AERGO/USDT:USDT,0.13353,304.0,0.13352,160.0,0.13365,1.0,0.13371,75.0
1753600431158,07:13:51.158,gateio,AERGO/USDT:USDT,0.13353,304.0,0.13352,160.0,0.13365,1.0,0.13371,75.0
1753600434324,07:13:54.324,gateio,AERGO/USDT:USDT,0.13353,304.0,0.13352,160.0,0.13365,1.0,0.13371,75.0
1753600436950,07:13:56.950,gateio,AERGO/USDT:USDT,0.13353,304.0,0.13352,160.0,0.13365,1.0,0.13371,75.0
1753600438006,07:13:58.006,gateio,AERGO/USDT:USDT,0.13353,304.0,0.13352,160.0,0.13365,1.0,0.13371,75.0
1753600439027,07:13:59.027,gateio,AERGO/USDT:USDT,0.1336,156.0,0.13359,8.0,0.13365,1.0,0.13374,170.0
1753600439124,07:13:59.124,gateio,AERGO/USDT:USDT,0.1336,167.0,0.13359,8.0,0.13379,229.0,0.1338,415.0
1753600439221,07:13:59.221,gateio,AERGO/USDT:USDT,0.1336,167.0,0.13359,8.0,0.13378,57.0,0.13379,229.0
1753600439231,07:13:59.231,gateio,AERGO/USDT:USDT,0.1336,167.0,0.13359,8.0,0.13378,57.0,0.13379,229.0
1753600439359,07:13:59.359,gateio,AERGO/USDT:USDT,0.1336,167.0,0.13359,8.0,0.13378,57.0,0.13379,229.0
1753600439521,07:13:59.521,gateio,AERGO/USDT:USDT,0.1336,167.0,0.13359,8.0,0.13378,57.0,0.13379,229.0
1753600439531,07:13:59.531,gateio,AERGO/USDT:USDT,0.1336,167.0,0.13359,8.0,0.13378,57.0,0.13379,229.0
1753600439888,07:13:59.888,gateio,AERGO/USDT:USDT,0.1336,167.0,0.13359,8.0,0.13378,57.0,0.13379,229.0
1753600440083,07:14:00.083,gateio,AERGO/USDT:USDT,0.1336,156.0,0.13359,8.0,0.13378,57.0,0.13379,229.0
1753600440306,07:14:00.306,gateio,AERGO/USDT:USDT,0.1336,156.0,0.13359,8.0,0.13378,57.0,0.13379,229.0
1753600442050,07:14:02.050,gateio,AERGO/USDT:USDT,0.1336,156.0,0.13359,8.0,0.13378,57.0,0.13379,229.0
1753600442401,07:14:02.401,gateio,AERGO/USDT:USDT,0.1336,156.0,0.13359,8.0,0.13378,57.0,0.13379,229.0
1753600442743,07:14:02.743,gateio,AERGO/USDT:USDT,0.1336,156.0,0.13359,8.0,0.13378,57.0,0.13379,229.0
1753600443208,07:14:03.208,gateio,AERGO/USDT:USDT,0.1336,167.0,0.13359,8.0,0.13378,57.0,0.13379,229.0
1753600444255,07:14:04.255,gateio,AERGO/USDT:USDT,0.1336,156.0,0.13359,8.0,0.13378,57.0,0.13379,229.0
1753600444813,07:14:04.813,gateio,AERGO/USDT:USDT,0.1336,156.0,0.13359,8.0,0.13378,57.0,0.13379,229.0
1753600445227,07:14:05.227,gateio,AERGO/USDT:USDT,0.13368,50.0,0.13362,304.0,0.13383,1.0,0.13389,152.0
1753600445321,07:14:05.321,gateio,AERGO/USDT:USDT,0.13369,210.0,0.13363,194.0,0.13383,1.0,0.13388,12.0
1753600445422,07:14:05.422,gateio,AERGO/USDT:USDT,0.1337,7.0,0.13369,160.0,0.13383,1.0,0.13393,87.0
1753600445437,07:14:05.437,gateio,AERGO/USDT:USDT,0.1337,7.0,0.13369,160.0,0.13383,1.0,0.13393,75.0
1753600445616,07:14:05.616,gateio,AERGO/USDT:USDT,0.1337,7.0,0.13369,160.0,0.13383,1.0,0.13393,75.0
1753600445650,07:14:05.650,gateio,AERGO/USDT:USDT,0.1337,7.0,0.13369,160.0,0.13383,1.0,0.13393,75.0
1753600445782,07:14:05.782,gateio,AERGO/USDT:USDT,0.1337,7.0,0.13369,160.0,0.13383,1.0,0.13393,75.0
1753600445947,07:14:05.947,gateio,AERGO/USDT:USDT,0.1337,7.0,0.13369,160.0,0.13383,1.0,0.13393,75.0
1753600446031,07:14:06.031,gateio,AERGO/USDT:USDT,0.1337,7.0,0.13369,160.0,0.13383,1.0,0.13393,75.0
1753600446160,07:14:06.160,gateio,AERGO/USDT:USDT,0.1337,7.0,0.13369,160.0,0.13383,1.0,0.13392,50.0
1753600447012,07:14:07.012,gateio,AERGO/USDT:USDT,0.1337,7.0,0.13369,160.0,0.13383,1.0,0.13392,50.0
1753600447033,07:14:07.033,gateio,AERGO/USDT:USDT,0.1337,7.0,0.13369,160.0,0.13383,1.0,0.13392,50.0
1753600447152,07:14:07.152,gateio,AERGO/USDT:USDT,0.1337,7.0,0.13369,160.0,0.13383,1.0,0.13392,50.0
1753600448643,07:14:08.643,gateio,AERGO/USDT:USDT,0.1337,7.0,0.13369,160.0,0.13383,1.0,0.13392,50.0
1753600448854,07:14:08.854,gateio,AERGO/USDT:USDT,0.1337,7.0,0.13369,160.0,0.13382,75.0,0.13383,1.0
1753600448982,07:14:08.982,gateio,AERGO/USDT:USDT,0.1337,7.0,0.13369,160.0,0.13383,1.0,0.13392,62.0
1753600449127,07:14:09.127,gateio,AERGO/USDT:USDT,0.1337,7.0,0.13369,160.0,0.13383,1.0,0.13392,50.0
1753600449197,07:14:09.197,gateio,AERGO/USDT:USDT,0.1337,7.0,0.13369,160.0,0.13383,1.0,0.13392,50.0
1753600449667,07:14:09.667,gateio,AERGO/USDT:USDT,0.1337,7.0,0.13369,160.0,0.13383,1.0,0.13392,50.0
1753600453811,07:14:13.811,gateio,AERGO/USDT:USDT,0.1337,7.0,0.13369,160.0,0.13383,1.0,0.13392,50.0
1753600453836,07:14:13.836,gateio,AERGO/USDT:USDT,0.1337,7.0,0.13369,160.0,0.13383,1.0,0.13392,50.0
1753600454832,07:14:14.832,gateio,AERGO/USDT:USDT,0.1337,7.0,0.13369,160.0,0.13383,1.0,0.13392,50.0
1753600455016,07:14:15.016,gateio,AERGO/USDT:USDT,0.1337,7.0,0.13369,160.0,0.13383,1.0,0.13392,50.0
1753600455113,07:14:15.113,gateio,AERGO/USDT:USDT,0.1337,7.0,0.13369,160.0,0.13383,1.0,0.13392,50.0
1753600456048,07:14:16.048,gateio,AERGO/USDT:USDT,0.1337,7.0,0.13369,160.0,0.13383,1.0,0.13392,50.0
1753600456139,07:14:16.139,gateio,AERGO/USDT:USDT,0.1337,7.0,0.13369,160.0,0.13383,1.0,0.13392,50.0
1753600457222,07:14:17.222,gateio,AERGO/USDT:USDT,0.1337,7.0,0.13369,160.0,0.13383,1.0,0.13392,50.0
1753600457232,07:14:17.232,gateio,AERGO/USDT:USDT,0.1337,7.0,0.13369,160.0,0.13383,1.0,0.13392,50.0
1753600457748,07:14:17.748,gateio,AERGO/USDT:USDT,0.1337,7.0,0.13369,160.0,0.13383,1.0,0.13392,50.0
1753600458115,07:14:18.115,gateio,AERGO/USDT:USDT,0.1337,7.0,0.13369,160.0,0.13383,1.0,0.13392,50.0
1753600461726,07:14:21.726,gateio,AERGO/USDT:USDT,0.1337,7.0,0.13369,160.0,0.13383,1.0,0.13392,50.0
1753600461732,07:14:21.732,gateio,AERGO/USDT:USDT,0.1337,7.0,0.13369,160.0,0.13383,1.0,0.13392,50.0
1753600461892,07:14:21.892,gateio,AERGO/USDT:USDT,0.1337,7.0,0.13369,160.0,0.13383,1.0,0.13392,50.0
1753600462037,07:14:22.037,gateio,AERGO/USDT:USDT,0.1337,7.0,0.13369,8.0,0.13383,1.0,0.13392,50.0
1753600462142,07:14:22.142,gateio,AERGO/USDT:USDT,0.13369,8.0,0.13367,7.0,0.13383,1.0,0.13392,50.0
1753600462877,07:14:22.877,gateio,AERGO/USDT:USDT,0.13369,8.0,0.13367,7.0,0.13383,1.0,0.13392,50.0
1753600463011,07:14:23.011,gateio,AERGO/USDT:USDT,0.13369,8.0,0.13367,7.0,0.13383,5.0,0.13389,577.0
1753600463037,07:14:23.037,gateio,AERGO/USDT:USDT,0.13369,8.0,0.13367,7.0,0.13383,5.0,0.13388,185.0
1753600463225,07:14:23.225,gateio,AERGO/USDT:USDT,0.13369,8.0,0.13367,358.0,0.13383,5.0,0.13388,185.0
1753600463289,07:14:23.289,gateio,AERGO/USDT:USDT,0.13369,8.0,0.13367,358.0,0.13383,5.0,0.13388,12.0
1753600463703,07:14:23.703,gateio,AERGO/USDT:USDT,0.13369,8.0,0.13367,358.0,0.13383,5.0,0.13388,12.0
1753600467192,07:14:27.192,gateio,AERGO/USDT:USDT,0.13369,8.0,0.13367,7.0,0.13383,5.0,0.13388,12.0
1753600467328,07:14:27.328,gateio,AERGO/USDT:USDT,0.13369,8.0,0.13367,7.0,0.13383,5.0,0.13388,12.0
1753600468312,07:14:28.312,gateio,AERGO/USDT:USDT,0.13369,8.0,0.13367,7.0,0.13383,5.0,0.13388,12.0
1753600468571,07:14:28.571,gateio,AERGO/USDT:USDT,0.13369,8.0,0.13367,7.0,0.13383,5.0,0.13388,12.0
1753600468761,07:14:28.761,gateio,AERGO/USDT:USDT,0.13369,8.0,0.13367,7.0,0.13383,5.0,0.13388,12.0
1753600468955,07:14:28.955,gateio,AERGO/USDT:USDT,0.13369,8.0,0.13367,7.0,0.13383,5.0,0.13388,12.0
1753600472012,07:14:32.012,gateio,AERGO/USDT:USDT,0.13369,8.0,0.13367,7.0,0.13383,5.0,0.13388,12.0
1753600472179,07:14:32.179,gateio,AERGO/USDT:USDT,0.13369,8.0,0.13367,7.0,0.13383,5.0,0.13388,12.0
1753600473385,07:14:33.385,gateio,AERGO/USDT:USDT,0.13369,8.0,0.13367,7.0,0.13383,5.0,0.13388,12.0
1753600473552,07:14:33.552,gateio,AERGO/USDT:USDT,0.13369,8.0,0.13367,7.0,0.13383,5.0,0.13388,12.0
1753600474166,07:14:34.166,gateio,AERGO/USDT:USDT,0.13369,8.0,0.13367,7.0,0.13383,5.0,0.13388,12.0
1753600476102,07:14:36.102,gateio,AERGO/USDT:USDT,0.13369,8.0,0.13368,11.0,0.13383,5.0,0.13388,12.0
1753600477125,07:14:37.125,gateio,AERGO/USDT:USDT,0.13369,8.0,0.13367,7.0,0.13383,5.0,0.13388,12.0
1753600477310,07:14:37.310,gateio,AERGO/USDT:USDT,0.13369,8.0,0.13367,7.0,0.13383,5.0,0.13388,12.0
1753600477512,07:14:37.512,gateio,AERGO/USDT:USDT,0.13369,8.0,0.13367,7.0,0.13383,5.0,0.13388,12.0
1753600478787,07:14:38.787,gateio,AERGO/USDT:USDT,0.13369,8.0,0.13367,7.0,0.13383,5.0,0.13388,12.0
1753600482071,07:14:42.071,gateio,AERGO/USDT:USDT,0.13369,8.0,0.13367,7.0,0.13383,5.0,0.13388,12.0
1753600483289,07:14:43.289,gateio,AERGO/USDT:USDT,0.13369,8.0,0.13367,7.0,0.13383,5.0,0.13388,12.0
1753600483425,07:14:43.425,gateio,AERGO/USDT:USDT,0.13369,8.0,0.13367,7.0,0.13383,5.0,0.13388,12.0
1753600483467,07:14:43.467,gateio,AERGO/USDT:USDT,0.13369,4.0,0.13367,7.0,0.13383,5.0,0.13388,12.0
1753600483624,07:14:43.624,gateio,AERGO/USDT:USDT,0.13369,4.0,0.13367,7.0,0.13383,5.0,0.13388,12.0
1753600483817,07:14:43.817,gateio,AERGO/USDT:USDT,0.13369,4.0,0.13367,7.0,0.13383,5.0,0.13388,12.0
1753600483841,07:14:43.841,gateio,AERGO/USDT:USDT,0.13369,4.0,0.13367,7.0,0.13383,5.0,0.13388,12.0
1753600484195,07:14:44.195,gateio,AERGO/USDT:USDT,0.13369,4.0,0.13367,7.0,0.13383,5.0,0.13388,12.0
1753600484256,07:14:44.256,gateio,AERGO/USDT:USDT,0.13369,4.0,0.13367,7.0,0.13383,5.0,0.13388,12.0
1753600484390,07:14:44.390,gateio,AERGO/USDT:USDT,0.13369,4.0,0.13367,7.0,0.13383,5.0,0.13388,12.0
1753600484451,07:14:44.451,gateio,AERGO/USDT:USDT,0.13369,4.0,0.13367,7.0,0.13383,5.0,0.13388,12.0
1753600484725,07:14:44.725,gateio,AERGO/USDT:USDT,0.13369,4.0,0.13367,7.0,0.13383,5.0,0.13388,12.0
1753600485125,07:14:45.125,gateio,AERGO/USDT:USDT,0.13369,8.0,0.13367,7.0,0.13383,5.0,0.13388,12.0
1753600485198,07:14:45.198,gateio,AERGO/USDT:USDT,0.13369,8.0,0.13368,11.0,0.13383,5.0,0.13388,12.0
1753600486109,07:14:46.109,gateio,AERGO/USDT:USDT,0.13369,8.0,0.13367,7.0,0.13383,5.0,0.13388,12.0
1753600486131,07:14:46.131,gateio,AERGO/USDT:USDT,0.13369,8.0,0.13367,7.0,0.13383,5.0,0.13388,12.0
1753600489092,07:14:49.092,gateio,AERGO/USDT:USDT,0.13369,8.0,0.13367,7.0,0.13383,5.0,0.13388,12.0
1753600489154,07:14:49.154,gateio,AERGO/USDT:USDT,0.13369,8.0,0.13367,7.0,0.13383,5.0,0.13388,12.0
1753600489526,07:14:49.526,gateio,AERGO/USDT:USDT,0.13369,8.0,0.13367,7.0,0.13383,5.0,0.13388,12.0
1753600489921,07:14:49.921,gateio,AERGO/USDT:USDT,0.13369,8.0,0.13367,7.0,0.13383,5.0,0.13388,12.0
1753600490048,07:14:50.048,gateio,AERGO/USDT:USDT,0.13369,8.0,0.13367,7.0,0.13383,5.0,0.13388,12.0
1753600490880,07:14:50.880,gateio,AERGO/USDT:USDT,0.13369,8.0,0.13367,7.0,0.13383,5.0,0.13388,12.0
1753600491270,07:14:51.270,gateio,AERGO/USDT:USDT,0.13369,8.0,0.13367,7.0,0.13383,5.0,0.13388,12.0
1753600491698,07:14:51.698,gateio,AERGO/USDT:USDT,0.13369,8.0,0.13367,7.0,0.13383,5.0,0.13388,12.0
1753600494101,07:14:54.101,gateio,AERGO/USDT:USDT,0.13372,152.0,0.13369,8.0,0.13383,1.0,0.13388,12.0
1753600494145,07:14:54.145,gateio,AERGO/USDT:USDT,0.13373,15.0,0.13372,160.0,0.13383,1.0,0.13392,62.0
1753600494312,07:14:54.312,gateio,AERGO/USDT:USDT,0.13373,15.0,0.13372,160.0,0.13383,1.0,0.13392,62.0
1753600494360,07:14:54.360,gateio,AERGO/USDT:USDT,0.13373,15.0,0.13372,8.0,0.13383,1.0,0.13392,62.0
1753600494512,07:14:54.512,gateio,AERGO/USDT:USDT,0.13373,8.0,0.13372,8.0,0.13383,1.0,0.13392,62.0
1753600494614,07:14:54.614,gateio,AERGO/USDT:USDT,0.13373,8.0,0.13372,8.0,0.13383,1.0,0.13392,62.0
1753600494987,07:14:54.987,gateio,AERGO/USDT:USDT,0.13373,8.0,0.13372,8.0,0.13383,1.0,0.13392,62.0
1753600495191,07:14:55.191,gateio,AERGO/USDT:USDT,0.13373,8.0,0.13372,8.0,0.13383,1.0,0.13392,62.0
1753600495324,07:14:55.324,gateio,AERGO/USDT:USDT,0.13373,8.0,0.13372,8.0,0.13383,1.0,0.13392,62.0
1753600495419,07:14:55.419,gateio,AERGO/USDT:USDT,0.13373,8.0,0.13372,8.0,0.13383,1.0,0.13392,62.0
1753600495446,07:14:55.446,gateio,AERGO/USDT:USDT,0.13373,8.0,0.13372,8.0,0.13383,1.0,0.13392,62.0
1753600495669,07:14:55.669,gateio,AERGO/USDT:USDT,0.13373,8.0,0.13372,8.0,0.13383,1.0,0.13392,62.0
1753600495941,07:14:55.941,gateio,AERGO/USDT:USDT,0.13373,8.0,0.13372,8.0,0.13383,1.0,0.13392,62.0
1753600496120,07:14:56.120,gateio,AERGO/USDT:USDT,0.13373,8.0,0.13372,8.0,0.13383,1.0,0.13384,4.0
1753600496371,07:14:56.371,gateio,AERGO/USDT:USDT,0.13373,8.0,0.13372,8.0,0.13383,1.0,0.13384,4.0
1753600497355,07:14:57.355,gateio,AERGO/USDT:USDT,0.13373,8.0,0.13372,8.0,0.13383,1.0,0.13384,4.0
1753600497856,07:14:57.856,gateio,AERGO/USDT:USDT,0.13373,8.0,0.13372,8.0,0.13383,1.0,0.13384,4.0
1753600497933,07:14:57.933,gateio,AERGO/USDT:USDT,0.13373,8.0,0.13372,8.0,0.13383,1.0,0.13384,4.0
1753600498213,07:14:58.213,gateio,AERGO/USDT:USDT,0.13373,8.0,0.13372,8.0,0.13383,1.0,0.13384,4.0
1753600499393,07:14:59.393,gateio,AERGO/USDT:USDT,0.13373,8.0,0.13372,8.0,0.13383,1.0,0.13392,62.0
1753600500827,07:15:00.827,gateio,AERGO/USDT:USDT,0.13373,8.0,0.13372,8.0,0.13383,1.0,0.13392,62.0
1753600500864,07:15:00.864,gateio,AERGO/USDT:USDT,0.13373,8.0,0.13372,8.0,0.13383,1.0,0.13388,425.0
1753600500937,07:15:00.937,gateio,AERGO/USDT:USDT,0.13373,8.0,0.13372,8.0,0.13383,1.0,0.13387,12.0
1753600501552,07:15:01.552,gateio,AERGO/USDT:USDT,0.13373,8.0,0.13372,8.0,0.13383,1.0,0.13387,12.0
1753600502223,07:15:02.223,gateio,AERGO/USDT:USDT,0.13373,8.0,0.13372,8.0,0.13383,1.0,0.13387,12.0
1753600502331,07:15:02.331,gateio,AERGO/USDT:USDT,0.13373,8.0,0.13372,8.0,0.13383,1.0,0.13387,12.0
1753600503429,07:15:03.429,gateio,AERGO/USDT:USDT,0.13373,8.0,0.13372,8.0,0.13383,1.0,0.13387,12.0
1753600503451,07:15:03.451,gateio,AERGO/USDT:USDT,0.13373,8.0,0.13372,8.0,0.13383,1.0,0.13387,12.0
1753600504254,07:15:04.254,gateio,AERGO/USDT:USDT,0.13373,8.0,0.13372,8.0,0.13383,1.0,0.13387,12.0
1753600505204,07:15:05.204,gateio,AERGO/USDT:USDT,0.13373,8.0,0.13372,8.0,0.13383,1.0,0.13387,12.0
1753600505278,07:15:05.278,gateio,AERGO/USDT:USDT,0.13373,8.0,0.13372,8.0,0.13383,1.0,0.13387,12.0
1753600505649,07:15:05.649,gateio,AERGO/USDT:USDT,0.13373,8.0,0.13372,8.0,0.13383,1.0,0.13387,12.0
1753600505820,07:15:05.820,gateio,AERGO/USDT:USDT,0.13373,8.0,0.13372,8.0,0.13383,1.0,0.13387,12.0
1753600505929,07:15:05.929,gateio,AERGO/USDT:USDT,0.13373,8.0,0.13372,8.0,0.13383,1.0,0.13387,12.0
1753600506129,07:15:06.129,gateio,AERGO/USDT:USDT,0.13373,8.0,0.13372,8.0,0.13383,1.0,0.13387,12.0
1753600506316,07:15:06.316,gateio,AERGO/USDT:USDT,0.13374,152.0,0.13373,8.0,0.13383,1.0,0.13387,12.0
1753600506429,07:15:06.429,gateio,AERGO/USDT:USDT,0.13375,7.0,0.13374,163.0,0.13383,1.0,0.13392,50.0
1753600506445,07:15:06.445,gateio,AERGO/USDT:USDT,0.13375,236.0,0.13374,163.0,0.13383,1.0,0.13392,50.0
1753600506607,07:15:06.607,gateio,AERGO/USDT:USDT,0.13375,236.0,0.13374,163.0,0.13383,1.0,0.13392,50.0
1753600506818,07:15:06.818,gateio,AERGO/USDT:USDT,0.13375,236.0,0.13374,163.0,0.13383,1.0,0.13392,50.0
1753600507102,07:15:07.102,gateio,AERGO/USDT:USDT,0.13375,236.0,0.13374,163.0,0.13383,1.0,0.13392,50.0
1753600507403,07:15:07.403,gateio,AERGO/USDT:USDT,0.13375,236.0,0.13374,152.0,0.13383,1.0,0.13392,50.0
1753600507642,07:15:07.642,gateio,AERGO/USDT:USDT,0.13375,236.0,0.13374,152.0,0.13383,1.0,0.13392,50.0
1753600508699,07:15:08.699,gateio,AERGO/USDT:USDT,0.13375,236.0,0.13374,152.0,0.13383,1.0,0.13392,50.0
1753600509371,07:15:09.371,gateio,AERGO/USDT:USDT,0.13375,236.0,0.13374,152.0,0.13383,1.0,0.13392,50.0
1753600509448,07:15:09.448,gateio,AERGO/USDT:USDT,0.13375,236.0,0.13374,152.0,0.13383,1.0,0.13392,50.0
1753600509771,07:15:09.771,gateio,AERGO/USDT:USDT,0.13375,236.0,0.13374,152.0,0.13383,1.0,0.13392,50.0
1753600510278,07:15:10.278,gateio,AERGO/USDT:USDT,0.13375,236.0,0.13374,152.0,0.13383,1.0,0.13392,50.0
1753600512384,07:15:12.384,gateio,AERGO/USDT:USDT,0.13375,236.0,0.13374,152.0,0.13383,1.0,0.13392,50.0
1753600512668,07:15:12.668,gateio,AERGO/USDT:USDT,0.13375,236.0,0.13374,152.0,0.13383,1.0,0.13392,50.0
1753600514725,07:15:14.725,gateio,AERGO/USDT:USDT,0.13375,236.0,0.13374,152.0,0.13383,1.0,0.13392,50.0
1753600514826,07:15:14.826,gateio,AERGO/USDT:USDT,0.13375,236.0,0.13374,152.0,0.13383,1.0,0.13392,50.0
1753600514832,07:15:14.832,gateio,AERGO/USDT:USDT,0.13375,236.0,0.13374,152.0,0.13383,1.0,0.13392,50.0
1753600515172,07:15:15.172,gateio,AERGO/USDT:USDT,0.13375,236.0,0.13374,152.0,0.13383,1.0,0.13392,501.0
1753600515239,07:15:15.239,gateio,AERGO/USDT:USDT,0.13375,236.0,0.13374,152.0,0.13383,1.0,0.13391,12.0
1753600515335,07:15:15.335,gateio,AERGO/USDT:USDT,0.13375,236.0,0.13374,152.0,0.13383,1.0,0.13391,1.0
1753600515436,07:15:15.436,gateio,AERGO/USDT:USDT,0.13375,236.0,0.13374,152.0,0.13383,1.0,0.13391,12.0
1753600515715,07:15:15.715,gateio,AERGO/USDT:USDT,0.13375,236.0,0.13374,152.0,0.13383,1.0,0.13391,12.0
1753600519313,07:15:19.313,gateio,AERGO/USDT:USDT,0.13375,236.0,0.13374,152.0,0.13383,1.0,0.13391,12.0
1753600519354,07:15:19.354,gateio,AERGO/USDT:USDT,0.13375,236.0,0.13374,152.0,0.13383,1.0,0.13391,12.0
1753600519604,07:15:19.604,gateio,AERGO/USDT:USDT,0.13375,7.0,0.13374,152.0,0.13383,1.0,0.13384,6.0
1753600519722,07:15:19.722,gateio,AERGO/USDT:USDT,0.13375,7.0,0.13374,152.0,0.13383,1.0,0.13385,6.0
1753600519770,07:15:19.770,gateio,AERGO/USDT:USDT,0.13375,7.0,0.13374,152.0,0.13383,1.0,0.13385,6.0
1753600520003,07:15:20.003,gateio,AERGO/USDT:USDT,0.13375,7.0,0.13374,152.0,0.13383,1.0,0.13385,6.0
1753600520324,07:15:20.324,gateio,AERGO/USDT:USDT,0.13375,7.0,0.13374,152.0,0.13383,1.0,0.13385,6.0
1753600520586,07:15:20.586,gateio,AERGO/USDT:USDT,0.13375,7.0,0.13374,152.0,0.13383,1.0,0.13385,6.0
1753600520952,07:15:20.952,gateio,AERGO/USDT:USDT,0.13375,7.0,0.13374,152.0,0.13383,1.0,0.13385,12.0
1753600521036,07:15:21.036,gateio,AERGO/USDT:USDT,0.13375,7.0,0.13374,152.0,0.13383,1.0,0.13385,12.0
1753600521313,07:15:21.313,gateio,AERGO/USDT:USDT,0.13375,7.0,0.13374,152.0,0.13383,1.0,0.13385,12.0
1753600521407,07:15:21.407,gateio,AERGO/USDT:USDT,0.13375,7.0,0.13374,152.0,0.13383,1.0,0.13385,12.0
1753600521808,07:15:21.808,gateio,AERGO/USDT:USDT,0.13375,7.0,0.13374,152.0,0.13383,1.0,0.13385,12.0
1753600524297,07:15:24.297,gateio,AERGO/USDT:USDT,0.13375,7.0,0.13374,152.0,0.13383,1.0,0.13385,12.0
1753600526325,07:15:26.325,gateio,AERGO/USDT:USDT,0.13375,7.0,0.13374,152.0,0.13383,1.0,0.13385,12.0
1753600526362,07:15:26.362,gateio,AERGO/USDT:USDT,0.13375,7.0,0.13374,152.0,0.13383,1.0,0.13385,12.0
1753600526572,07:15:26.572,gateio,AERGO/USDT:USDT,0.13375,7.0,0.13374,152.0,0.13383,1.0,0.13385,12.0
1753600528812,07:15:28.812,gateio,AERGO/USDT:USDT,0.13375,7.0,0.13374,152.0,0.13383,1.0,0.13385,12.0
1753600529303,07:15:29.303,gateio,AERGO/USDT:USDT,0.13375,7.0,0.13372,152.0,0.13383,1.0,0.13385,12.0
1753600529340,07:15:29.340,gateio,AERGO/USDT:USDT,0.13373,7.0,0.13372,152.0,0.13383,1.0,0.13385,12.0
1753600529502,07:15:29.502,gateio,AERGO/USDT:USDT,0.13373,7.0,0.13372,387.0,0.13383,1.0,0.13385,12.0
1753600529723,07:15:29.723,gateio,AERGO/USDT:USDT,0.13373,13.0,0.13372,393.0,0.13383,1.0,0.13385,12.0
1753600529750,07:15:29.750,gateio,AERGO/USDT:USDT,0.13373,13.0,0.13372,164.0,0.13383,1.0,0.13385,12.0
1753600529888,07:15:29.888,gateio,AERGO/USDT:USDT,0.13373,13.0,0.13372,164.0,0.13383,1.0,0.13385,12.0
1753600530302,07:15:30.302,gateio,AERGO/USDT:USDT,0.13373,13.0,0.13372,164.0,0.13383,1.0,0.13385,12.0
1753600531612,07:15:31.612,gateio,AERGO/USDT:USDT,0.13373,13.0,0.13372,164.0,0.13383,1.0,0.13385,12.0
1753600531631,07:15:31.631,gateio,AERGO/USDT:USDT,0.13373,13.0,0.13372,164.0,0.13383,1.0,0.13385,12.0
1753600531923,07:15:31.923,gateio,AERGO/USDT:USDT,0.13373,13.0,0.13372,164.0,0.13383,1.0,0.13385,12.0
1753600532303,07:15:32.303,gateio,AERGO/USDT:USDT,0.13374,11.0,0.13373,13.0,0.13383,1.0,0.13385,12.0
1753600532744,07:15:32.744,gateio,AERGO/USDT:USDT,0.13374,11.0,0.13373,13.0,0.13383,1.0,0.13385,12.0
1753600532928,07:15:32.928,gateio,AERGO/USDT:USDT,0.13374,11.0,0.13373,13.0,0.13383,1.0,0.13385,12.0
1753600533007,07:15:33.007,gateio,AERGO/USDT:USDT,0.13374,11.0,0.13373,13.0,0.13383,1.0,0.13385,12.0
1753600533035,07:15:33.035,gateio,AERGO/USDT:USDT,0.13374,11.0,0.13373,13.0,0.13383,1.0,0.13385,12.0
1753600533183,07:15:33.183,gateio,AERGO/USDT:USDT,0.13374,11.0,0.13373,13.0,0.13383,1.0,0.13385,12.0
1753600533368,07:15:33.368,gateio,AERGO/USDT:USDT,0.13373,13.0,0.13372,164.0,0.13383,1.0,0.13385,12.0
1753600533562,07:15:33.562,gateio,AERGO/USDT:USDT,0.13373,13.0,0.13372,164.0,0.13383,1.0,0.13385,12.0
1753600533977,07:15:33.977,gateio,AERGO/USDT:USDT,0.13373,13.0,0.13372,164.0,0.13383,1.0,0.13385,12.0
1753600534171,07:15:34.171,gateio,AERGO/USDT:USDT,0.13373,13.0,0.13372,164.0,0.13383,1.0,0.13385,12.0
1753600534243,07:15:34.243,gateio,AERGO/USDT:USDT,0.13374,11.0,0.13373,13.0,0.13383,1.0,0.13385,12.0
1753600534393,07:15:34.393,gateio,AERGO/USDT:USDT,0.13374,11.0,0.13373,13.0,0.13383,1.0,0.13385,12.0
1753600535270,07:15:35.270,gateio,AERGO/USDT:USDT,0.13373,13.0,0.13372,164.0,0.13383,1.0,0.13385,12.0
1753600535516,07:15:35.516,gateio,AERGO/USDT:USDT,0.13373,13.0,0.13372,164.0,0.13383,1.0,0.13385,12.0
1753600535614,07:15:35.614,gateio,AERGO/USDT:USDT,0.13373,13.0,0.13372,164.0,0.13383,1.0,0.13385,12.0
1753600536029,07:15:36.029,gateio,AERGO/USDT:USDT,0.13373,13.0,0.13372,164.0,0.13383,1.0,0.13385,12.0
1753600536758,07:15:36.758,gateio,AERGO/USDT:USDT,0.13373,13.0,0.13372,164.0,0.13383,1.0,0.13385,12.0
1753600537129,07:15:37.129,gateio,AERGO/USDT:USDT,0.13373,13.0,0.13372,164.0,0.13383,1.0,0.13385,12.0
1753600538316,07:15:38.316,gateio,AERGO/USDT:USDT,0.13373,13.0,0.13372,164.0,0.13383,1.0,0.13385,12.0
1753600538332,07:15:38.332,gateio,AERGO/USDT:USDT,0.13373,13.0,0.13372,164.0,0.13383,1.0,0.13385,12.0
1753600538539,07:15:38.539,gateio,AERGO/USDT:USDT,0.13373,13.0,0.13372,164.0,0.13383,1.0,0.13385,12.0
1753600539782,07:15:39.782,gateio,AERGO/USDT:USDT,0.13373,13.0,0.13372,164.0,0.13383,1.0,0.13385,12.0
1753600540105,07:15:40.105,gateio,AERGO/USDT:USDT,0.13373,13.0,0.13372,164.0,0.13383,1.0,0.13385,12.0
1753600540906,07:15:40.906,gateio,AERGO/USDT:USDT,0.13373,13.0,0.13372,164.0,0.13383,1.0,0.13385,12.0
1753600542004,07:15:42.004,gateio,AERGO/USDT:USDT,0.13373,13.0,0.13372,164.0,0.13383,1.0,0.13385,12.0
1753600544112,07:15:44.112,gateio,AERGO/USDT:USDT,0.13373,13.0,0.13372,164.0,0.13383,1.0,0.13385,12.0
1753600544143,07:15:44.143,gateio,AERGO/USDT:USDT,0.13373,13.0,0.13372,164.0,0.13383,1.0,0.13385,12.0
1753600544963,07:15:44.963,gateio,AERGO/USDT:USDT,0.13373,13.0,0.13372,164.0,0.13383,1.0,0.13385,12.0
1753600545045,07:15:45.045,gateio,AERGO/USDT:USDT,0.13373,13.0,0.13372,164.0,0.13383,1.0,0.13385,12.0
1753600545872,07:15:45.872,gateio,AERGO/USDT:USDT,0.13373,13.0,0.13372,164.0,0.13383,1.0,0.13385,12.0
1753600546102,07:15:46.102,gateio,AERGO/USDT:USDT,0.13373,13.0,0.13372,164.0,0.13383,1.0,0.13385,12.0
1753600546159,07:15:46.159,gateio,AERGO/USDT:USDT,0.13373,13.0,0.13372,164.0,0.13383,1.0,0.13385,12.0
1753600548602,07:15:48.602,gateio,AERGO/USDT:USDT,0.13373,13.0,0.13372,164.0,0.13383,1.0,0.13385,12.0
1753600548724,07:15:48.724,gateio,AERGO/USDT:USDT,0.13373,13.0,0.13372,164.0,0.13383,1.0,0.13385,12.0
1753600548775,07:15:48.775,gateio,AERGO/USDT:USDT,0.13378,158.0,0.13377,12.0,0.13383,1.0,0.13385,12.0
1753600548857,07:15:48.857,gateio,AERGO/USDT:USDT,0.13379,7.0,0.13378,158.0,0.13383,1.0,0.13385,12.0
1753600549004,07:15:49.004,gateio,AERGO/USDT:USDT,0.13379,7.0,0.13378,158.0,0.13383,1.0,0.13385,6.0
1753600549069,07:15:49.069,gateio,AERGO/USDT:USDT,0.13379,7.0,0.13378,158.0,0.13383,1.0,0.13385,6.0
1753600549843,07:15:49.843,gateio,AERGO/USDT:USDT,0.13379,7.0,0.13378,158.0,0.13383,1.0,0.13385,6.0
1753600550011,07:15:50.011,gateio,AERGO/USDT:USDT,0.13379,7.0,0.13378,158.0,0.13383,1.0,0.13385,6.0
1753600550261,07:15:50.261,gateio,AERGO/USDT:USDT,0.13379,7.0,0.13378,158.0,0.13383,1.0,0.13385,6.0
1753600550516,07:15:50.516,gateio,AERGO/USDT:USDT,0.13379,7.0,0.13378,158.0,0.13383,1.0,0.13388,12.0
1753600552372,07:15:52.372,gateio,AERGO/USDT:USDT,0.13379,7.0,0.13378,158.0,0.13383,1.0,0.13388,437.0
1753600552504,07:15:52.504,gateio,AERGO/USDT:USDT,0.13379,7.0,0.13378,158.0,0.13383,1.0,0.13388,12.0
1753600552811,07:15:52.811,gateio,AERGO/USDT:USDT,0.13379,7.0,0.13378,158.0,0.13383,1.0,0.13388,12.0
1753600552861,07:15:52.861,gateio,AERGO/USDT:USDT,0.13379,7.0,0.13378,158.0,0.13383,1.0,0.13388,12.0
1753600553210,07:15:53.210,gateio,AERGO/USDT:USDT,0.13379,7.0,0.13378,158.0,0.13383,1.0,0.13388,12.0
1753600553351,07:15:53.351,gateio,AERGO/USDT:USDT,0.13379,7.0,0.13378,158.0,0.13383,1.0,0.13388,12.0
1753600554004,07:15:54.004,gateio,AERGO/USDT:USDT,0.13379,7.0,0.13378,158.0,0.13383,1.0,0.13388,12.0
1753600554302,07:15:54.302,gateio,AERGO/USDT:USDT,0.13379,7.0,0.13378,158.0,0.13383,1.0,0.13388,12.0
1753600554386,07:15:54.386,gateio,AERGO/USDT:USDT,0.13379,7.0,0.13378,158.0,0.13383,1.0,0.13388,12.0
1753600554488,07:15:54.488,gateio,AERGO/USDT:USDT,0.13379,7.0,0.13378,158.0,0.13383,1.0,0.13388,12.0
1753600554567,07:15:54.567,gateio,AERGO/USDT:USDT,0.13379,7.0,0.13378,158.0,0.13383,1.0,0.13388,12.0
1753600555011,07:15:55.011,gateio,AERGO/USDT:USDT,0.13379,7.0,0.13378,158.0,0.13383,1.0,0.13388,12.0
1753600556036,07:15:56.036,gateio,AERGO/USDT:USDT,0.13379,7.0,0.13378,158.0,0.13383,1.0,0.13388,12.0
1753600558611,07:15:58.611,gateio,AERGO/USDT:USDT,0.13379,7.0,0.13378,158.0,0.13383,1.0,0.13388,12.0
1753600560402,07:16:00.402,gateio,AERGO/USDT:USDT,0.13379,7.0,0.13378,158.0,0.13388,12.0,0.13389,1416.0
1753600560471,07:16:00.471,gateio,AERGO/USDT:USDT,0.13379,18.0,0.13378,158.0,0.13388,12.0,0.13393,75.0
1753600560556,07:16:00.556,gateio,AERGO/USDT:USDT,0.13379,18.0,0.13378,158.0,0.13392,1.0,0.13393,75.0
1753600560710,07:16:00.710,gateio,AERGO/USDT:USDT,0.13379,18.0,0.13378,158.0,0.13392,1.0,0.13393,75.0
1753600560766,07:16:00.766,gateio,AERGO/USDT:USDT,0.13379,18.0,0.13378,158.0,0.13392,1.0,0.13393,75.0
1753600560906,07:16:00.906,gateio,AERGO/USDT:USDT,0.13379,18.0,0.13378,158.0,0.13392,1.0,0.13393,75.0
1753600561208,07:16:01.208,gateio,AERGO/USDT:USDT,0.13379,18.0,0.13378,158.0,0.13392,1.0,0.13393,75.0
1753600561312,07:16:01.312,gateio,AERGO/USDT:USDT,0.13379,18.0,0.13378,158.0,0.13392,1.0,0.13393,75.0
1753600561347,07:16:01.347,gateio,AERGO/USDT:USDT,0.13379,18.0,0.13378,158.0,0.13392,1.0,0.13393,75.0
1753600561453,07:16:01.453,gateio,AERGO/USDT:USDT,0.13379,7.0,0.13378,158.0,0.13392,1.0,0.13393,75.0
1753600561600,07:16:01.600,gateio,AERGO/USDT:USDT,0.13379,18.0,0.13378,158.0,0.13392,1.0,0.13393,75.0
1753600562022,07:16:02.022,gateio,AERGO/USDT:USDT,0.13379,18.0,0.13378,158.0,0.13392,1.0,0.13393,75.0
1753600562616,07:16:02.616,gateio,AERGO/USDT:USDT,0.13379,7.0,0.13378,158.0,0.13392,1.0,0.13393,75.0
1753600562731,07:16:02.731,gateio,AERGO/USDT:USDT,0.13379,7.0,0.13378,158.0,0.13392,1.0,0.13393,75.0
1753600564007,07:16:04.007,gateio,AERGO/USDT:USDT,0.13379,7.0,0.13378,158.0,0.13392,1.0,0.13393,75.0
1753600564143,07:16:04.143,gateio,AERGO/USDT:USDT,0.13379,7.0,0.13378,158.0,0.13392,1.0,0.13393,75.0
1753600564243,07:16:04.243,gateio,AERGO/USDT:USDT,0.13379,18.0,0.13378,158.0,0.13392,1.0,0.13393,75.0
1753600565304,07:16:05.304,gateio,AERGO/USDT:USDT,0.13379,7.0,0.13378,158.0,0.13392,1.0,0.13393,75.0
1753600566005,07:16:06.005,gateio,AERGO/USDT:USDT,0.13379,7.0,0.13378,158.0,0.13392,1.0,0.13393,75.0
1753600566207,07:16:06.207,gateio,AERGO/USDT:USDT,0.13379,7.0,0.13378,158.0,0.13392,1.0,0.13393,75.0
1753600566678,07:16:06.678,gateio,AERGO/USDT:USDT,0.13379,7.0,0.13378,158.0,0.13392,1.0,0.13393,75.0
1753600566859,07:16:06.859,gateio,AERGO/USDT:USDT,0.13379,7.0,0.13378,158.0,0.13392,1.0,0.13393,75.0
1753600567171,07:16:07.171,gateio,AERGO/USDT:USDT,0.13379,7.0,0.13378,158.0,0.13392,1.0,0.13393,75.0
1753600567471,07:16:07.471,gateio,AERGO/USDT:USDT,0.13379,7.0,0.13378,158.0,0.13392,1.0,0.13393,75.0
1753600568223,07:16:08.223,gateio,AERGO/USDT:USDT,0.13379,7.0,0.13378,158.0,0.13392,1.0,0.13393,75.0
1753600568461,07:16:08.461,gateio,AERGO/USDT:USDT,0.13379,7.0,0.13378,158.0,0.13392,1.0,0.13393,75.0
1753600568585,07:16:08.585,gateio,AERGO/USDT:USDT,0.13379,7.0,0.13378,158.0,0.13392,1.0,0.13393,75.0
1753600571571,07:16:11.571,gateio,AERGO/USDT:USDT,0.13379,7.0,0.13378,158.0,0.13392,1.0,0.13393,75.0
1753600573091,07:16:13.091,gateio,AERGO/USDT:USDT,0.13379,7.0,0.13378,158.0,0.13392,1.0,0.13393,75.0
1753600573291,07:16:13.291,gateio,AERGO/USDT:USDT,0.13379,7.0,0.13378,158.0,0.13392,1.0,0.13393,75.0
1753600573722,07:16:13.722,gateio,AERGO/USDT:USDT,0.13379,7.0,0.13378,158.0,0.13392,1.0,0.13393,75.0
1753600573893,07:16:13.893,gateio,AERGO/USDT:USDT,0.13379,7.0,0.13378,158.0,0.13392,1.0,0.13393,75.0
1753600574012,07:16:14.012,gateio,AERGO/USDT:USDT,0.13379,7.0,0.13378,158.0,0.13392,1.0,0.13393,75.0
1753600574112,07:16:14.112,gateio,AERGO/USDT:USDT,0.13385,164.0,0.13384,12.0,0.13392,1.0,0.13394,61.0
1753600574222,07:16:14.222,gateio,AERGO/USDT:USDT,0.13386,7.0,0.13385,175.0,0.13393,1.0,0.13398,11.0
1753600574311,07:16:14.311,gateio,AERGO/USDT:USDT,0.13386,7.0,0.13385,175.0,0.13398,1.0,0.13399,64.0
1753600574391,07:16:14.391,gateio,AERGO/USDT:USDT,0.13386,7.0,0.13385,175.0,0.13398,1.0,0.13399,64.0
1753600574522,07:16:14.522,gateio,AERGO/USDT:USDT,0.13386,7.0,0.13385,175.0,0.13398,1.0,0.13399,64.0
1753600574622,07:16:14.622,gateio,AERGO/USDT:USDT,0.13386,7.0,0.13385,175.0,0.13398,1.0,0.13399,64.0
1753600574632,07:16:14.632,gateio,AERGO/USDT:USDT,0.13386,7.0,0.13385,175.0,0.13398,1.0,0.13399,64.0
1753600575007,07:16:15.007,gateio,AERGO/USDT:USDT,0.13386,7.0,0.13385,175.0,0.13398,1.0,0.13399,64.0
1753600575171,07:16:15.171,gateio,AERGO/USDT:USDT,0.13386,7.0,0.13385,164.0,0.13398,1.0,0.13399,64.0
1753600575432,07:16:15.432,gateio,AERGO/USDT:USDT,0.13386,7.0,0.13385,164.0,0.13398,1.0,0.13399,64.0
1753600576256,07:16:16.256,gateio,AERGO/USDT:USDT,0.13386,7.0,0.13385,164.0,0.13398,1.0,0.13399,64.0
1753600578867,07:16:18.867,gateio,AERGO/USDT:USDT,0.13386,7.0,0.13385,164.0,0.13398,1.0,0.13399,64.0
1753600579075,07:16:19.075,gateio,AERGO/USDT:USDT,0.13386,7.0,0.13385,164.0,0.13398,1.0,0.13399,64.0
1753600579256,07:16:19.256,gateio,AERGO/USDT:USDT,0.13386,18.0,0.13385,164.0,0.13398,1.0,0.13399,64.0
1753600579892,07:16:19.892,gateio,AERGO/USDT:USDT,0.13386,18.0,0.13385,164.0,0.13398,1.0,0.13399,64.0
1753600580091,07:16:20.091,gateio,AERGO/USDT:USDT,0.13386,18.0,0.13385,164.0,0.13398,1.0,0.13399,64.0
1753600580270,07:16:20.270,gateio,AERGO/USDT:USDT,0.13386,7.0,0.13385,164.0,0.13398,1.0,0.13399,64.0
1753600584003,07:16:24.003,gateio,AERGO/USDT:USDT,0.13386,18.0,0.13385,164.0,0.13398,1.0,0.13399,64.0
1753600584286,07:16:24.286,gateio,AERGO/USDT:USDT,0.13386,18.0,0.13385,164.0,0.13398,1.0,0.13399,64.0
1753600584697,07:16:24.697,gateio,AERGO/USDT:USDT,0.13386,18.0,0.13385,515.0,0.13398,1.0,0.13399,64.0
1753600584742,07:16:24.742,gateio,AERGO/USDT:USDT,0.13386,18.0,0.13385,515.0,0.13398,1.0,0.13399,64.0
1753600585024,07:16:25.024,gateio,AERGO/USDT:USDT,0.13386,7.0,0.13385,515.0,0.13398,1.0,0.13399,64.0
1753600585130,07:16:25.130,gateio,AERGO/USDT:USDT,0.13386,7.0,0.13385,515.0,0.13398,1.0,0.13399,64.0
1753600585950,07:16:25.950,gateio,AERGO/USDT:USDT,0.13386,7.0,0.13385,515.0,0.13398,1.0,0.13399,64.0
1753600588827,07:16:28.827,gateio,AERGO/USDT:USDT,0.13386,7.0,0.13385,515.0,0.13398,1.0,0.13399,64.0
1753600593371,07:16:33.371,gateio,AERGO/USDT:USDT,0.13386,358.0,0.13385,164.0,0.13398,1.0,0.13399,64.0
1753600594190,07:16:34.190,gateio,AERGO/USDT:USDT,0.13386,358.0,0.13385,164.0,0.13398,1.0,0.13399,64.0
1753600594240,07:16:34.240,gateio,AERGO/USDT:USDT,0.13386,358.0,0.13385,164.0,0.13398,1.0,0.13399,64.0
1753600594415,07:16:34.415,gateio,AERGO/USDT:USDT,0.13386,358.0,0.13385,164.0,0.13398,1.0,0.13399,64.0
1753600594838,07:16:34.838,gateio,AERGO/USDT:USDT,0.13386,358.0,0.13385,164.0,0.13398,1.0,0.13399,64.0
1753600597943,07:16:37.943,gateio,AERGO/USDT:USDT,0.13386,369.0,0.13385,164.0,0.13398,1.0,0.13399,64.0
1753600598981,07:16:38.981,gateio,AERGO/USDT:USDT,0.13386,358.0,0.13385,164.0,0.13398,1.0,0.13399,64.0
1753600599151,07:16:39.151,gateio,AERGO/USDT:USDT,0.13386,358.0,0.13385,164.0,0.13398,1.0,0.13399,64.0
1753600599639,07:16:39.639,gateio,AERGO/USDT:USDT,0.13386,358.0,0.13385,164.0,0.13398,1.0,0.13399,64.0
1753600600011,07:16:40.011,gateio,AERGO/USDT:USDT,0.13386,358.0,0.13385,164.0,0.13398,1.0,0.13399,64.0
1753600606210,07:16:46.210,gateio,AERGO/USDT:USDT,0.13386,358.0,0.13385,164.0,0.13398,1.0,0.13399,64.0
1753600606245,07:16:46.245,gateio,AERGO/USDT:USDT,0.13386,358.0,0.13385,164.0,0.13398,1.0,0.13399,64.0
1753600610727,07:16:50.727,gateio,AERGO/USDT:USDT,0.13386,358.0,0.13385,164.0,0.13398,1.0,0.13399,64.0
1753600610734,07:16:50.734,gateio,AERGO/USDT:USDT,0.13386,358.0,0.13385,164.0,0.13398,1.0,0.13399,64.0
1753600612226,07:16:52.226,gateio,AERGO/USDT:USDT,0.13386,358.0,0.13385,164.0,0.13398,1.0,0.13399,64.0
1753600612232,07:16:52.232,gateio,AERGO/USDT:USDT,0.13386,358.0,0.13385,164.0,0.13398,1.0,0.13399,64.0
1753600613825,07:16:53.825,gateio,AERGO/USDT:USDT,0.13386,358.0,0.13385,164.0,0.13398,1.0,0.13399,64.0
1753600613902,07:16:53.902,gateio,AERGO/USDT:USDT,0.13386,358.0,0.13385,164.0,0.13398,1.0,0.13399,64.0
1753600613979,07:16:53.979,gateio,AERGO/USDT:USDT,0.13386,358.0,0.13385,164.0,0.13398,1.0,0.134,11.0
1753600614060,07:16:54.060,gateio,AERGO/USDT:USDT,0.13386,358.0,0.13385,164.0,0.134,12.0,0.13401,229.0
1753600614414,07:16:54.414,gateio,AERGO/USDT:USDT,0.13386,358.0,0.13385,164.0,0.134,12.0,0.13401,229.0
1753600614972,07:16:54.972,gateio,AERGO/USDT:USDT,0.13386,358.0,0.13385,164.0,0.134,12.0,0.13401,229.0
1753600615369,07:16:55.369,gateio,AERGO/USDT:USDT,0.13386,358.0,0.13385,164.0,0.134,12.0,0.13401,229.0
1753600615734,07:16:55.734,gateio,AERGO/USDT:USDT,0.13386,358.0,0.13385,164.0,0.134,12.0,0.13401,229.0
1753600616519,07:16:56.519,gateio,AERGO/USDT:USDT,0.13387,351.0,0.13386,7.0,0.134,12.0,0.13401,229.0
1753600616599,07:16:56.599,gateio,AERGO/USDT:USDT,0.13388,7.0,0.13387,351.0,0.134,12.0,0.13401,229.0
1753600617026,07:16:57.026,gateio,AERGO/USDT:USDT,0.13388,7.0,0.13387,351.0,0.134,12.0,0.13401,229.0
1753600617400,07:16:57.400,gateio,AERGO/USDT:USDT,0.13388,7.0,0.13387,351.0,0.134,12.0,0.13401,229.0
1753600618061,07:16:58.061,gateio,AERGO/USDT:USDT,0.13388,7.0,0.13386,351.0,0.134,12.0,0.13401,229.0
1753600618136,07:16:58.136,gateio,AERGO/USDT:USDT,0.13387,7.0,0.13386,351.0,0.134,12.0,0.13401,229.0
1753600618297,07:16:58.297,gateio,AERGO/USDT:USDT,0.13387,7.0,0.13386,351.0,0.134,12.0,0.13401,229.0
1753600618351,07:16:58.351,gateio,AERGO/USDT:USDT,0.13387,358.0,0.13385,152.0,0.134,12.0,0.13401,229.0
1753600619112,07:16:59.112,gateio,AERGO/USDT:USDT,0.13387,358.0,0.13385,152.0,0.134,12.0,0.13401,229.0
1753600619502,07:16:59.502,gateio,AERGO/USDT:USDT,0.13387,7.0,0.13386,351.0,0.134,12.0,0.13401,229.0
1753600619927,07:16:59.927,gateio,AERGO/USDT:USDT,0.13387,7.0,0.13386,351.0,0.134,12.0,0.13401,229.0
1753600620292,07:17:00.292,gateio,AERGO/USDT:USDT,0.13387,7.0,0.13386,351.0,0.134,12.0,0.13401,229.0
1753600621419,07:17:01.419,gateio,AERGO/USDT:USDT,0.13387,7.0,0.13386,351.0,0.134,12.0,0.13401,229.0
1753600621526,07:17:01.526,gateio,AERGO/USDT:USDT,0.13387,7.0,0.13386,351.0,0.134,12.0,0.13401,229.0
1753600622252,07:17:02.252,gateio,AERGO/USDT:USDT,0.13387,7.0,0.13385,152.0,0.134,12.0,0.13401,229.0
1753600622346,07:17:02.346,gateio,AERGO/USDT:USDT,0.13386,7.0,0.13385,152.0,0.134,12.0,0.13401,229.0
1753600622755,07:17:02.755,gateio,AERGO/USDT:USDT,0.13386,7.0,0.13385,152.0,0.134,12.0,0.13401,229.0
1753600623294,07:17:03.294,gateio,AERGO/USDT:USDT,0.13389,21.0,0.13386,7.0,0.134,22.0,0.13401,229.0
1753600623420,07:17:03.420,gateio,AERGO/USDT:USDT,0.13392,15.0,0.1339,7.0,0.134,22.0,0.13401,229.0
1753600623452,07:17:03.452,gateio,AERGO/USDT:USDT,0.13393,7.0,0.13392,26.0,0.134,17.0,0.13401,229.0
1753600623580,07:17:03.580,gateio,AERGO/USDT:USDT,0.13393,7.0,0.13392,26.0,0.134,17.0,0.13401,229.0
1753600624007,07:17:04.007,gateio,AERGO/USDT:USDT,0.13393,7.0,0.13392,26.0,0.134,17.0,0.13401,229.0
1753600624415,07:17:04.415,gateio,AERGO/USDT:USDT,0.13393,7.0,0.13392,26.0,0.134,17.0,0.13401,229.0
1753600624472,07:17:04.472,gateio,AERGO/USDT:USDT,0.13393,7.0,0.13392,15.0,0.134,17.0,0.13401,229.0
1753600626298,07:17:06.298,gateio,AERGO/USDT:USDT,0.13393,7.0,0.13392,15.0,0.134,17.0,0.13401,229.0
1753600626332,07:17:06.332,gateio,AERGO/USDT:USDT,0.13393,7.0,0.13392,15.0,0.134,17.0,0.13401,229.0
1753600628111,07:17:08.111,gateio,AERGO/USDT:USDT,0.13393,7.0,0.13392,15.0,0.134,17.0,0.13401,229.0
1753600628655,07:17:08.655,gateio,AERGO/USDT:USDT,0.13393,7.0,0.1339,15.0,0.134,17.0,0.13401,229.0
1753600628740,07:17:08.740,gateio,AERGO/USDT:USDT,0.13391,7.0,0.1339,15.0,0.134,17.0,0.13401,229.0
1753600628858,07:17:08.858,gateio,AERGO/USDT:USDT,0.13391,7.0,0.1339,15.0,0.134,17.0,0.13401,229.0
1753600630094,07:17:10.094,gateio,AERGO/USDT:USDT,0.13391,7.0,0.1339,15.0,0.134,17.0,0.13401,229.0
1753600630508,07:17:10.508,gateio,AERGO/USDT:USDT,0.13391,7.0,0.1339,15.0,0.134,17.0,0.13401,229.0
1753600631089,07:17:11.089,gateio,AERGO/USDT:USDT,0.13391,7.0,0.1339,15.0,0.134,17.0,0.13401,229.0
1753600631453,07:17:11.453,gateio,AERGO/USDT:USDT,0.13391,7.0,0.1339,15.0,0.134,17.0,0.13401,229.0
1753600633005,07:17:13.005,gateio,AERGO/USDT:USDT,0.13391,7.0,0.1339,15.0,0.134,17.0,0.13401,229.0
1753600633912,07:17:13.912,gateio,AERGO/USDT:USDT,0.13391,7.0,0.1339,15.0,0.134,17.0,0.13401,229.0
1753600634396,07:17:14.396,gateio,AERGO/USDT:USDT,0.13391,7.0,0.1339,15.0,0.134,17.0,0.13401,229.0
1753600638754,07:17:18.754,gateio,AERGO/USDT:USDT,0.13392,21.0,0.13391,19.0,0.134,12.0,0.13401,229.0
1753600638851,07:17:18.851,gateio,AERGO/USDT:USDT,0.13393,7.0,0.13392,21.0,0.134,12.0,0.13401,229.0
1753600638972,07:17:18.972,gateio,AERGO/USDT:USDT,0.13393,7.0,0.13392,21.0,0.134,12.0,0.13401,229.0
1753600639692,07:17:19.692,gateio,AERGO/USDT:USDT,0.13393,7.0,0.13392,21.0,0.134,12.0,0.13401,229.0
1753600640195,07:17:20.195,gateio,AERGO/USDT:USDT,0.13393,7.0,0.13392,21.0,0.134,12.0,0.13401,229.0
1753600642075,07:17:22.075,gateio,AERGO/USDT:USDT,0.13393,7.0,0.13392,21.0,0.134,12.0,0.13401,229.0
1753600642451,07:17:22.451,gateio,AERGO/USDT:USDT,0.13393,7.0,0.13392,21.0,0.134,12.0,0.13401,229.0
1753600644718,07:17:24.718,gateio,AERGO/USDT:USDT,0.13393,7.0,0.13392,21.0,0.134,12.0,0.13401,229.0
1753600645069,07:17:25.069,gateio,AERGO/USDT:USDT,0.13393,7.0,0.13392,6.0,0.134,12.0,0.13401,229.0
1753600645492,07:17:25.492,gateio,AERGO/USDT:USDT,0.13393,7.0,0.13392,6.0,0.134,12.0,0.13401,229.0
1753600646809,07:17:26.809,gateio,AERGO/USDT:USDT,0.13393,7.0,0.13392,6.0,0.134,12.0,0.13401,229.0
1753600647009,07:17:27.009,gateio,AERGO/USDT:USDT,0.13393,7.0,0.13392,6.0,0.134,12.0,0.13401,229.0
1753600647173,07:17:27.173,gateio,AERGO/USDT:USDT,0.13393,7.0,0.13392,6.0,0.134,12.0,0.13401,229.0
1753600648592,07:17:28.592,gateio,AERGO/USDT:USDT,0.13393,7.0,0.13392,6.0,0.134,12.0,0.13401,229.0
1753600648862,07:17:28.862,gateio,AERGO/USDT:USDT,0.13393,7.0,0.13392,6.0,0.134,12.0,0.13401,229.0
1753600651273,07:17:31.273,gateio,AERGO/USDT:USDT,0.13393,7.0,0.13392,6.0,0.134,12.0,0.13401,229.0
1753600651681,07:17:31.681,gateio,AERGO/USDT:USDT,0.13393,7.0,0.13392,6.0,0.134,12.0,0.13401,229.0
1753600657109,07:17:37.109,gateio,AERGO/USDT:USDT,0.13393,7.0,0.13392,6.0,0.134,12.0,0.13401,229.0
1753600658521,07:17:38.521,gateio,AERGO/USDT:USDT,0.13393,7.0,0.13392,17.0,0.134,12.0,0.13401,229.0
1753600658719,07:17:38.719,gateio,AERGO/USDT:USDT,0.13393,7.0,0.13392,17.0,0.134,12.0,0.13401,229.0
1753600659420,07:17:39.420,gateio,AERGO/USDT:USDT,0.13393,7.0,0.13392,17.0,0.134,12.0,0.13401,229.0
1753600659486,07:17:39.486,gateio,AERGO/USDT:USDT,0.13393,7.0,0.13392,6.0,0.134,12.0,0.13401,229.0
1753600659843,07:17:39.843,gateio,AERGO/USDT:USDT,0.13393,7.0,0.13392,6.0,0.134,12.0,0.13401,229.0
