timestamp,time,exchange,symbol,bid1_price,bid1_volume,bid2_price,bid2_volume,ask1_price,ask1_volume,ask2_price,ask2_volume
1753599989000,07:06:29.000,gateio,AEVO/USDT:USDT,0.11187,169.0,0.11185,1789.0,0.11196,354.0,0.11197,31.0
1753599989556,07:06:29.556,gateio,AEVO/USDT:USDT,0.11185,1789.0,0.11183,169.0,0.11196,354.0,0.11197,31.0
1753599989913,07:06:29.913,gateio,AEVO/USDT:USDT,0.11186,169.0,0.11185,1789.0,0.11196,752.0,0.11197,31.0
1753599990091,07:06:30.091,gateio,AEVO/USDT:USDT,0.11186,169.0,0.11185,1789.0,0.11196,783.0,0.11197,31.0
1753599990348,07:06:30.348,gateio,AEVO/USDT:USDT,0.11185,1789.0,0.11183,169.0,0.11196,783.0,0.11197,31.0
1753599990646,07:06:30.646,gateio,AEVO/USDT:USDT,0.1118,17476.0,0.11178,1789.0,0.11194,2012.0,0.11195,6707.0
1753599990763,07:06:30.763,gateio,AEVO/USDT:USDT,0.11177,171.0,0.11176,1789.0,0.11193,277.0,0.11194,2012.0
1753599991045,07:06:31.045,gateio,AEVO/USDT:USDT,0.11177,171.0,0.11176,19290.0,0.11193,277.0,0.11194,2012.0
1753599991085,07:06:31.085,gateio,AEVO/USDT:USDT,0.11177,171.0,0.11176,19290.0,0.11193,277.0,0.11194,2012.0
1753599991492,07:06:31.492,gateio,AEVO/USDT:USDT,0.11177,171.0,0.11176,19290.0,0.11193,277.0,0.11194,2012.0
1753599991596,07:06:31.596,gateio,AEVO/USDT:USDT,0.11177,171.0,0.11176,19290.0,0.11193,277.0,0.11194,2012.0
1753599991839,07:06:31.839,gateio,AEVO/USDT:USDT,0.11177,171.0,0.11176,19290.0,0.11193,277.0,0.11194,2012.0
1753599991960,07:06:31.960,gateio,AEVO/USDT:USDT,0.11177,171.0,0.11176,19290.0,0.11193,277.0,0.11194,2012.0
1753599992046,07:06:32.046,gateio,AEVO/USDT:USDT,0.11177,171.0,0.11176,19290.0,0.11193,277.0,0.11194,2012.0
1753599992103,07:06:32.103,gateio,AEVO/USDT:USDT,0.11177,171.0,0.11176,19290.0,0.11193,277.0,0.11194,2012.0
1753599993047,07:06:33.047,gateio,AEVO/USDT:USDT,0.11177,171.0,0.11176,19290.0,0.11193,277.0,0.11194,2012.0
1753599993142,07:06:33.142,gateio,AEVO/USDT:USDT,0.11177,171.0,0.11176,19290.0,0.11193,277.0,0.11196,323.0
1753599993170,07:06:33.170,gateio,AEVO/USDT:USDT,0.11177,171.0,0.11176,19290.0,0.11193,169.0,0.11196,323.0
1753599994014,07:06:34.014,gateio,AEVO/USDT:USDT,0.11177,171.0,0.11176,19290.0,0.11193,169.0,0.11196,323.0
1753599994206,07:06:34.206,gateio,AEVO/USDT:USDT,0.11177,171.0,0.11176,19290.0,0.11193,169.0,0.11196,323.0
1753599994610,07:06:34.610,gateio,AEVO/USDT:USDT,0.11177,171.0,0.11176,19290.0,0.11193,169.0,0.11196,323.0
1753599995513,07:06:35.513,gateio,AEVO/USDT:USDT,0.11177,171.0,0.11176,19290.0,0.11193,169.0,0.11196,323.0
1753599996009,07:06:36.009,gateio,AEVO/USDT:USDT,0.11177,171.0,0.11176,19290.0,0.11193,169.0,0.11196,323.0
1753599996079,07:06:36.079,gateio,AEVO/USDT:USDT,0.11177,171.0,0.11176,19290.0,0.11193,169.0,0.11196,323.0
1753599996336,07:06:36.336,gateio,AEVO/USDT:USDT,0.11177,171.0,0.11176,19290.0,0.11193,169.0,0.11196,323.0
1753599996563,07:06:36.563,gateio,AEVO/USDT:USDT,0.11177,171.0,0.11176,19290.0,0.11193,169.0,0.11196,323.0
1753599997032,07:06:37.032,gateio,AEVO/USDT:USDT,0.11177,171.0,0.11176,19290.0,0.11193,169.0,0.11196,323.0
1753599997402,07:06:37.402,gateio,AEVO/USDT:USDT,0.11177,171.0,0.11176,19290.0,0.11193,169.0,0.11196,323.0
1753599999051,07:06:39.051,gateio,AEVO/USDT:USDT,0.11177,171.0,0.11176,19290.0,0.11193,169.0,0.11196,323.0
1753600000006,07:06:40.006,gateio,AEVO/USDT:USDT,0.11177,171.0,0.11176,19290.0,0.11193,169.0,0.11196,323.0
1753600000149,07:06:40.149,gateio,AEVO/USDT:USDT,0.11177,171.0,0.11176,19290.0,0.11193,169.0,0.11196,323.0
1753600000312,07:06:40.312,gateio,AEVO/USDT:USDT,0.11177,171.0,0.11176,19290.0,0.11193,169.0,0.11196,323.0
1753600000614,07:06:40.614,gateio,AEVO/USDT:USDT,0.11177,171.0,0.11176,19290.0,0.11193,169.0,0.11196,323.0
1753600000804,07:06:40.804,gateio,AEVO/USDT:USDT,0.11177,171.0,0.11176,19290.0,0.11193,169.0,0.11196,323.0
1753600001025,07:06:41.025,gateio,AEVO/USDT:USDT,0.11177,171.0,0.11176,19290.0,0.11193,169.0,0.11196,323.0
1753600001142,07:06:41.142,gateio,AEVO/USDT:USDT,0.11177,171.0,0.11176,19290.0,0.11193,169.0,0.11196,323.0
1753600002325,07:06:42.325,gateio,AEVO/USDT:USDT,0.11177,171.0,0.11176,19290.0,0.11193,169.0,0.11196,323.0
1753600002838,07:06:42.838,gateio,AEVO/USDT:USDT,0.11177,171.0,0.11176,19290.0,0.11193,169.0,0.11196,323.0
1753600003156,07:06:43.156,gateio,AEVO/USDT:USDT,0.11177,171.0,0.11176,19290.0,0.11193,169.0,0.11196,323.0
1753600003185,07:06:43.185,gateio,AEVO/USDT:USDT,0.11177,171.0,0.11176,19290.0,0.11193,169.0,0.11196,323.0
1753600004363,07:06:44.363,gateio,AEVO/USDT:USDT,0.11177,171.0,0.11176,19290.0,0.11193,169.0,0.11196,323.0
1753600004821,07:06:44.821,gateio,AEVO/USDT:USDT,0.11184,168.0,0.11183,1789.0,0.11196,323.0,0.11201,108.0
1753600004935,07:06:44.935,gateio,AEVO/USDT:USDT,0.11184,168.0,0.11183,1789.0,0.11196,169.0,0.11201,108.0
1753600005026,07:06:45.026,gateio,AEVO/USDT:USDT,0.11186,168.0,0.11185,230.0,0.11196,169.0,0.11201,108.0
1753600005114,07:06:45.114,gateio,AEVO/USDT:USDT,0.11186,168.0,0.11185,230.0,0.11196,169.0,0.11201,108.0
1753600005182,07:06:45.182,gateio,AEVO/USDT:USDT,0.11186,168.0,0.11185,62.0,0.11196,169.0,0.11201,108.0
1753600005761,07:06:45.761,gateio,AEVO/USDT:USDT,0.11186,168.0,0.11185,62.0,0.11201,276.0,0.11208,168.0
1753600005847,07:06:45.847,gateio,AEVO/USDT:USDT,0.11186,168.0,0.11185,62.0,0.11201,168.0,0.11208,276.0
1753600006006,07:06:46.006,gateio,AEVO/USDT:USDT,0.11186,168.0,0.11185,62.0,0.11201,168.0,0.11208,276.0
1753600006522,07:06:46.522,gateio,AEVO/USDT:USDT,0.11186,168.0,0.11185,62.0,0.11201,168.0,0.11208,276.0
1753600007004,07:06:47.004,gateio,AEVO/USDT:USDT,0.11186,168.0,0.11185,62.0,0.11201,168.0,0.11208,276.0
1753600007093,07:06:47.093,gateio,AEVO/USDT:USDT,0.11186,168.0,0.11185,62.0,0.11201,168.0,0.11208,276.0
1753600007576,07:06:47.576,gateio,AEVO/USDT:USDT,0.11186,168.0,0.11185,62.0,0.11201,168.0,0.11208,276.0
1753600007836,07:06:47.836,gateio,AEVO/USDT:USDT,0.11191,168.0,0.1119,1789.0,0.11201,168.0,0.11208,276.0
1753600007919,07:06:47.919,gateio,AEVO/USDT:USDT,0.11192,168.0,0.11191,230.0,0.11201,168.0,0.11208,276.0
1753600008038,07:06:48.038,gateio,AEVO/USDT:USDT,0.11192,168.0,0.11191,62.0,0.11201,168.0,0.11208,276.0
1753600008286,07:06:48.286,gateio,AEVO/USDT:USDT,0.11197,1789.0,0.11196,62.0,0.11201,168.0,0.11208,276.0
1753600008484,07:06:48.484,gateio,AEVO/USDT:USDT,0.11196,62.0,0.11195,62.0,0.11201,168.0,0.11208,276.0
1753600008700,07:06:48.700,gateio,AEVO/USDT:USDT,0.11196,230.0,0.11195,62.0,0.11201,168.0,0.11208,276.0
1753600008830,07:06:48.830,gateio,AEVO/USDT:USDT,0.11197,1789.0,0.11196,230.0,0.11201,168.0,0.11208,276.0
1753600009215,07:06:49.215,gateio,AEVO/USDT:USDT,0.11197,1789.0,0.11196,230.0,0.11201,168.0,0.11208,276.0
1753600009914,07:06:49.914,gateio,AEVO/USDT:USDT,0.11197,1789.0,0.11196,230.0,0.11201,168.0,0.11208,276.0
1753600010005,07:06:50.005,gateio,AEVO/USDT:USDT,0.11197,1789.0,0.11196,230.0,0.11201,168.0,0.11208,276.0
1753600010421,07:06:50.421,gateio,AEVO/USDT:USDT,0.11197,1789.0,0.11196,230.0,0.11201,168.0,0.11208,276.0
1753600010786,07:06:50.786,gateio,AEVO/USDT:USDT,0.11198,167.0,0.11197,1789.0,0.11208,307.0,0.11209,2012.0
1753600010896,07:06:50.896,gateio,AEVO/USDT:USDT,0.11198,167.0,0.11197,1789.0,0.11208,338.0,0.11209,2012.0
1753600011253,07:06:51.253,gateio,AEVO/USDT:USDT,0.11198,167.0,0.11197,1789.0,0.11208,338.0,0.11209,2012.0
1753600011337,07:06:51.337,gateio,AEVO/USDT:USDT,0.11198,167.0,0.11197,1789.0,0.11208,338.0,0.11209,2012.0
1753600011426,07:06:51.426,gateio,AEVO/USDT:USDT,0.11198,167.0,0.11197,1789.0,0.11208,338.0,0.11209,2012.0
1753600011551,07:06:51.551,gateio,AEVO/USDT:USDT,0.11192,168.0,0.1119,1789.0,0.11208,338.0,0.11209,2012.0
1753600011568,07:06:51.568,gateio,AEVO/USDT:USDT,0.11192,168.0,0.1119,1789.0,0.11208,338.0,0.11209,2012.0
1753600011744,07:06:51.744,gateio,AEVO/USDT:USDT,0.11197,1789.0,0.11192,168.0,0.11208,338.0,0.11209,2012.0
1753600012239,07:06:52.239,gateio,AEVO/USDT:USDT,0.11198,167.0,0.11197,1789.0,0.11208,338.0,0.11209,2012.0
1753600012270,07:06:52.270,gateio,AEVO/USDT:USDT,0.11198,167.0,0.11197,1789.0,0.11208,338.0,0.11209,2012.0
1753600012446,07:06:52.446,gateio,AEVO/USDT:USDT,0.11199,167.0,0.11197,1789.0,0.11208,338.0,0.11209,2012.0
1753600012486,07:06:52.486,gateio,AEVO/USDT:USDT,0.11199,167.0,0.11197,1789.0,0.11208,338.0,0.11209,2012.0
1753600013008,07:06:53.008,gateio,AEVO/USDT:USDT,0.11199,167.0,0.11197,1789.0,0.11208,338.0,0.11209,2012.0
1753600013311,07:06:53.311,gateio,AEVO/USDT:USDT,0.11199,167.0,0.11197,1789.0,0.11208,338.0,0.11209,2012.0
1753600013465,07:06:53.465,gateio,AEVO/USDT:USDT,0.11199,167.0,0.11197,1789.0,0.11208,338.0,0.11209,2012.0
1753600013760,07:06:53.760,gateio,AEVO/USDT:USDT,0.11199,167.0,0.11197,1789.0,0.11208,338.0,0.11209,2012.0
1753600013859,07:06:53.859,gateio,AEVO/USDT:USDT,0.112,167.0,0.11199,31.0,0.11208,338.0,0.11214,169.0
1753600013951,07:06:53.951,gateio,AEVO/USDT:USDT,0.112,167.0,0.11199,31.0,0.11208,199.0,0.11214,277.0
1753600014058,07:06:54.058,gateio,AEVO/USDT:USDT,0.112,167.0,0.11199,31.0,0.11208,199.0,0.11214,277.0
1753600014134,07:06:54.134,gateio,AEVO/USDT:USDT,0.112,167.0,0.11199,31.0,0.11208,199.0,0.11214,277.0
1753600014173,07:06:54.173,gateio,AEVO/USDT:USDT,0.112,167.0,0.11199,31.0,0.11208,199.0,0.11209,31.0
1753600014712,07:06:54.712,gateio,AEVO/USDT:USDT,0.112,167.0,0.11199,31.0,0.11208,199.0,0.11209,31.0
1753600014849,07:06:54.849,gateio,AEVO/USDT:USDT,0.112,167.0,0.11199,31.0,0.11208,199.0,0.11209,31.0
1753600014960,07:06:54.960,gateio,AEVO/USDT:USDT,0.112,167.0,0.11199,31.0,0.11208,199.0,0.11209,31.0
1753600015005,07:06:55.005,gateio,AEVO/USDT:USDT,0.112,167.0,0.11199,31.0,0.11208,199.0,0.11209,31.0
1753600015459,07:06:55.459,gateio,AEVO/USDT:USDT,0.11198,167.0,0.11197,1789.0,0.11208,199.0,0.11209,31.0
1753600015604,07:06:55.604,gateio,AEVO/USDT:USDT,0.11198,167.0,0.11197,1789.0,0.11208,199.0,0.11209,31.0
1753600015799,07:06:55.799,gateio,AEVO/USDT:USDT,0.11198,167.0,0.11197,1789.0,0.11208,199.0,0.11209,31.0
1753600016004,07:06:56.004,gateio,AEVO/USDT:USDT,0.11198,167.0,0.11197,1789.0,0.11208,199.0,0.11209,31.0
1753600016241,07:06:56.241,gateio,AEVO/USDT:USDT,0.11198,167.0,0.11197,1789.0,0.11208,199.0,0.11209,31.0
1753600017004,07:06:57.004,gateio,AEVO/USDT:USDT,0.11198,167.0,0.11197,1789.0,0.11208,199.0,0.11209,31.0
1753600017433,07:06:57.433,gateio,AEVO/USDT:USDT,0.11198,167.0,0.11197,1789.0,0.11208,199.0,0.11209,31.0
1753600017561,07:06:57.561,gateio,AEVO/USDT:USDT,0.11198,167.0,0.11197,1789.0,0.11208,199.0,0.11209,31.0
1753600017715,07:06:57.715,gateio,AEVO/USDT:USDT,0.11198,167.0,0.11197,1789.0,0.11208,199.0,0.11209,31.0
1753600018251,07:06:58.251,gateio,AEVO/USDT:USDT,0.11198,167.0,0.11197,1789.0,0.11208,199.0,0.11209,31.0
1753600019006,07:06:59.006,gateio,AEVO/USDT:USDT,0.11198,167.0,0.11197,1789.0,0.11208,199.0,0.11209,31.0
1753600019512,07:06:59.512,gateio,AEVO/USDT:USDT,0.11198,167.0,0.11197,1789.0,0.11208,199.0,0.11209,31.0
1753600019601,07:06:59.601,gateio,AEVO/USDT:USDT,0.11198,167.0,0.11197,1789.0,0.11208,199.0,0.11209,31.0
1753600020056,07:07:00.056,gateio,AEVO/USDT:USDT,0.11198,167.0,0.11197,1789.0,0.11214,277.0,0.11215,2012.0
1753600020149,07:07:00.149,gateio,AEVO/USDT:USDT,0.11198,167.0,0.11197,1789.0,0.11214,277.0,0.11215,2012.0
1753600020198,07:07:00.198,gateio,AEVO/USDT:USDT,0.11198,167.0,0.11197,1789.0,0.11214,277.0,0.11215,2012.0
1753600020305,07:07:00.305,gateio,AEVO/USDT:USDT,0.11198,167.0,0.11197,1789.0,0.11214,277.0,0.11215,2012.0
1753600021133,07:07:01.133,gateio,AEVO/USDT:USDT,0.11198,167.0,0.11197,1789.0,0.11214,277.0,0.11215,2012.0
1753600022026,07:07:02.026,gateio,AEVO/USDT:USDT,0.11198,167.0,0.11197,1789.0,0.11214,277.0,0.11215,2012.0
1753600022241,07:07:02.241,gateio,AEVO/USDT:USDT,0.11198,167.0,0.11197,1789.0,0.11214,5627.0,0.11215,2012.0
1753600022375,07:07:02.375,gateio,AEVO/USDT:USDT,0.11197,1789.0,0.11192,168.0,0.11214,5627.0,0.11215,3801.0
1753600022483,07:07:02.483,gateio,AEVO/USDT:USDT,0.11197,1789.0,0.11192,168.0,0.11214,5627.0,0.11215,3801.0
1753600022568,07:07:02.568,gateio,AEVO/USDT:USDT,0.11197,1789.0,0.11192,168.0,0.11214,5627.0,0.11215,3801.0
1753600022792,07:07:02.792,gateio,AEVO/USDT:USDT,0.11197,1789.0,0.11192,168.0,0.11213,395.0,0.11214,5627.0
1753600022941,07:07:02.941,gateio,AEVO/USDT:USDT,0.11192,168.0,0.1119,1789.0,0.11204,2012.0,0.11205,6707.0
1753600023006,07:07:03.006,gateio,AEVO/USDT:USDT,0.11192,168.0,0.1119,1789.0,0.11204,2012.0,0.11205,6707.0
1753600023067,07:07:03.067,gateio,AEVO/USDT:USDT,0.11192,168.0,0.1119,1789.0,0.11204,2043.0,0.11205,6707.0
1753600023205,07:07:03.205,gateio,AEVO/USDT:USDT,0.11192,168.0,0.1119,1789.0,0.11204,2043.0,0.11205,6707.0
1753600023346,07:07:03.346,gateio,AEVO/USDT:USDT,0.11192,168.0,0.1119,1789.0,0.11203,312.0,0.11204,2043.0
1753600023440,07:07:03.440,gateio,AEVO/USDT:USDT,0.11193,173.0,0.11192,31.0,0.11203,312.0,0.11204,2043.0
1753600023636,07:07:03.636,gateio,AEVO/USDT:USDT,0.11193,173.0,0.11192,31.0,0.11203,312.0,0.11204,2043.0
1753600024092,07:07:04.092,gateio,AEVO/USDT:USDT,0.11193,173.0,0.11192,31.0,0.11203,312.0,0.11204,2043.0
1753600024312,07:07:04.312,gateio,AEVO/USDT:USDT,0.11193,173.0,0.11192,31.0,0.11203,312.0,0.11204,2043.0
1753600025335,07:07:05.335,gateio,AEVO/USDT:USDT,0.11193,173.0,0.11192,31.0,0.11203,312.0,0.11204,2043.0
1753600026049,07:07:06.049,gateio,AEVO/USDT:USDT,0.11193,204.0,0.11192,31.0,0.11203,312.0,0.11204,2043.0
1753600026070,07:07:06.070,gateio,AEVO/USDT:USDT,0.11194,173.0,0.11193,31.0,0.11203,312.0,0.11204,31.0
1753600026180,07:07:06.180,gateio,AEVO/USDT:USDT,0.11194,173.0,0.11193,31.0,0.11203,204.0,0.11204,31.0
1753600026293,07:07:06.293,gateio,AEVO/USDT:USDT,0.11194,173.0,0.11193,31.0,0.11203,204.0,0.11204,31.0
1753600026598,07:07:06.598,gateio,AEVO/USDT:USDT,0.11194,173.0,0.11193,31.0,0.11203,204.0,0.11204,31.0
1753600027415,07:07:07.415,gateio,AEVO/USDT:USDT,0.11194,173.0,0.11193,31.0,0.11203,204.0,0.11204,31.0
1753600027835,07:07:07.835,gateio,AEVO/USDT:USDT,0.11193,204.0,0.11192,31.0,0.11203,204.0,0.11204,31.0
1753600027961,07:07:07.961,gateio,AEVO/USDT:USDT,0.11186,168.0,0.11184,17210.0,0.112,6738.0,0.11203,204.0
1753600028007,07:07:08.007,gateio,AEVO/USDT:USDT,0.11186,168.0,0.11184,17210.0,0.11199,281.0,0.11203,173.0
1753600028145,07:07:08.145,gateio,AEVO/USDT:USDT,0.11186,168.0,0.11184,17210.0,0.11204,6707.0,0.11207,173.0
1753600028238,07:07:08.238,gateio,AEVO/USDT:USDT,0.11186,168.0,0.11184,17210.0,0.11203,2120.0,0.11204,6707.0
1753600028301,07:07:08.301,gateio,AEVO/USDT:USDT,0.11186,168.0,0.11184,17210.0,0.11203,7476.0,0.11204,6707.0
1753600028660,07:07:08.660,gateio,AEVO/USDT:USDT,0.11186,168.0,0.11184,17210.0,0.11203,2120.0,0.11204,6707.0
1753600029116,07:07:09.116,gateio,AEVO/USDT:USDT,0.11186,168.0,0.11184,17210.0,0.11203,2120.0,0.11204,6707.0
1753600029427,07:07:09.427,gateio,AEVO/USDT:USDT,0.11192,173.0,0.11191,31.0,0.11203,2182.0,0.11204,6707.0
1753600029468,07:07:09.468,gateio,AEVO/USDT:USDT,0.11192,173.0,0.11191,31.0,0.11203,2182.0,0.11204,6707.0
1753600029864,07:07:09.864,gateio,AEVO/USDT:USDT,0.11192,173.0,0.11191,31.0,0.11203,139.0,0.11204,6707.0
1753600029926,07:07:09.926,gateio,AEVO/USDT:USDT,0.11193,173.0,0.11192,31.0,0.11203,281.0,0.11207,173.0
1753600030018,07:07:10.018,gateio,AEVO/USDT:USDT,0.11193,173.0,0.11192,31.0,0.11207,173.0,0.11214,277.0
1753600030151,07:07:10.151,gateio,AEVO/USDT:USDT,0.11186,168.0,0.11185,4913.0,0.11205,7076.0,0.11206,6707.0
1753600030237,07:07:10.237,gateio,AEVO/USDT:USDT,0.11186,168.0,0.11185,4913.0,0.11204,5637.0,0.11205,2043.0
1753600030358,07:07:10.358,gateio,AEVO/USDT:USDT,0.11186,168.0,0.11184,17210.0,0.11204,5637.0,0.11205,2043.0
1753600030368,07:07:10.368,gateio,AEVO/USDT:USDT,0.11186,168.0,0.11184,17210.0,0.11204,5637.0,0.11205,2043.0
1753600030478,07:07:10.478,gateio,AEVO/USDT:USDT,0.11186,168.0,0.11184,17210.0,0.11204,5637.0,0.11205,2043.0
1753600030698,07:07:10.698,gateio,AEVO/USDT:USDT,0.11186,168.0,0.11184,17210.0,0.11204,5637.0,0.11205,2043.0
1753600031009,07:07:11.009,gateio,AEVO/USDT:USDT,0.11186,168.0,0.11184,17210.0,0.11204,5637.0,0.11205,2043.0
1753600031113,07:07:11.113,gateio,AEVO/USDT:USDT,0.11186,168.0,0.11184,17210.0,0.11204,5637.0,0.11205,2043.0
1753600031294,07:07:11.294,gateio,AEVO/USDT:USDT,0.11186,168.0,0.11184,17210.0,0.11204,5637.0,0.11205,3832.0
1753600032054,07:07:12.054,gateio,AEVO/USDT:USDT,0.11177,171.0,0.11176,1789.0,0.11196,11109.0,0.11197,6707.0
1753600032140,07:07:12.140,gateio,AEVO/USDT:USDT,0.11177,171.0,0.11176,1789.0,0.11195,3453.0,0.11196,2074.0
1753600032259,07:07:12.259,gateio,AEVO/USDT:USDT,0.11177,171.0,0.11176,1789.0,0.11195,3453.0,0.11196,2074.0
1753600032303,07:07:12.303,gateio,AEVO/USDT:USDT,0.11177,171.0,0.11176,1789.0,0.11195,3453.0,0.11196,2074.0
1753600032445,07:07:12.445,gateio,AEVO/USDT:USDT,0.11177,171.0,0.11176,1789.0,0.11195,3453.0,0.11196,2074.0
1753600032613,07:07:12.613,gateio,AEVO/USDT:USDT,0.11177,171.0,0.11176,1789.0,0.11195,3453.0,0.11196,2074.0
1753600033004,07:07:13.004,gateio,AEVO/USDT:USDT,0.11177,171.0,0.11176,1789.0,0.11195,3453.0,0.11196,2074.0
1753600033750,07:07:13.750,gateio,AEVO/USDT:USDT,0.11174,169.0,0.11172,16813.0,0.11195,5468.0,0.11196,4035.0
1753600033855,07:07:13.855,gateio,AEVO/USDT:USDT,0.11177,172.0,0.11176,1789.0,0.11195,5468.0,0.11196,4035.0
1753600033896,07:07:13.896,gateio,AEVO/USDT:USDT,0.11177,172.0,0.11176,1789.0,0.11195,5468.0,0.11196,4035.0
1753600034011,07:07:14.011,gateio,AEVO/USDT:USDT,0.11177,172.0,0.11176,1789.0,0.11195,5468.0,0.11196,4035.0
1753600034286,07:07:14.286,gateio,AEVO/USDT:USDT,0.11177,172.0,0.11176,1789.0,0.11195,5468.0,0.11196,4035.0
1753600034762,07:07:14.762,gateio,AEVO/USDT:USDT,0.11177,172.0,0.11176,1789.0,0.11194,2644.0,0.11195,8813.0
1753600034833,07:07:14.833,gateio,AEVO/USDT:USDT,0.11177,172.0,0.11176,1789.0,0.11194,2644.0,0.11195,8813.0
1753600034952,07:07:14.952,gateio,AEVO/USDT:USDT,0.11177,172.0,0.11176,1789.0,0.11194,2644.0,0.11195,5468.0
1753600035061,07:07:15.061,gateio,AEVO/USDT:USDT,0.11177,172.0,0.11176,1789.0,0.11193,62.0,0.11195,5468.0
1753600035105,07:07:15.105,gateio,AEVO/USDT:USDT,0.11177,172.0,0.11176,1789.0,0.11193,218.0,0.11194,62.0
1753600035255,07:07:15.255,gateio,AEVO/USDT:USDT,0.11177,172.0,0.11176,1789.0,0.11193,172.0,0.11194,108.0
1753600035358,07:07:15.358,gateio,AEVO/USDT:USDT,0.11177,172.0,0.11176,1789.0,0.11193,172.0,0.11194,108.0
1753600035479,07:07:15.479,gateio,AEVO/USDT:USDT,0.11177,172.0,0.11176,1789.0,0.11193,172.0,0.11194,108.0
1753600035613,07:07:15.613,gateio,AEVO/USDT:USDT,0.11177,172.0,0.11176,1789.0,0.11193,172.0,0.11194,108.0
1753600035860,07:07:15.860,gateio,AEVO/USDT:USDT,0.11177,172.0,0.11176,1789.0,0.11193,172.0,0.11194,108.0
1753600035913,07:07:15.913,gateio,AEVO/USDT:USDT,0.11177,172.0,0.11176,1789.0,0.11193,172.0,0.11194,108.0
1753600035973,07:07:15.973,gateio,AEVO/USDT:USDT,0.11177,172.0,0.11176,1789.0,0.11193,172.0,0.11195,108.0
1753600036121,07:07:16.121,gateio,AEVO/USDT:USDT,0.11177,172.0,0.11176,1789.0,0.11193,172.0,0.11195,108.0
1753600036348,07:07:16.348,gateio,AEVO/USDT:USDT,0.11177,234.0,0.11176,1789.0,0.11189,2255.0,0.1119,7579.0
1753600036443,07:07:16.443,gateio,AEVO/USDT:USDT,0.11178,172.0,0.11177,62.0,0.11183,370.0,0.11188,108.0
1753600036497,07:07:16.497,gateio,AEVO/USDT:USDT,0.11178,172.0,0.11177,62.0,0.11183,370.0,0.11188,108.0
1753600036886,07:07:16.886,gateio,AEVO/USDT:USDT,0.11178,172.0,0.11177,62.0,0.11183,370.0,0.11188,108.0
1753600037052,07:07:17.052,gateio,AEVO/USDT:USDT,0.11171,172.0,0.1117,62.0,0.11183,370.0,0.11185,62.0
1753600037161,07:07:17.161,gateio,AEVO/USDT:USDT,0.11171,172.0,0.1117,62.0,0.11177,198.0,0.11183,172.0
1753600037215,07:07:17.215,gateio,AEVO/USDT:USDT,0.11171,172.0,0.1117,62.0,0.11177,198.0,0.11183,172.0
1753600037361,07:07:17.361,gateio,AEVO/USDT:USDT,0.11171,172.0,0.1117,62.0,0.11177,198.0,0.11183,172.0
1753600037394,07:07:17.394,gateio,AEVO/USDT:USDT,0.11171,172.0,0.1117,62.0,0.11177,198.0,0.11183,172.0
1753600037664,07:07:17.664,gateio,AEVO/USDT:USDT,0.11171,172.0,0.1117,62.0,0.11177,198.0,0.11183,172.0
1753600038138,07:07:18.138,gateio,AEVO/USDT:USDT,0.11171,172.0,0.1117,62.0,0.11177,198.0,0.11183,172.0
1753600038553,07:07:18.553,gateio,AEVO/USDT:USDT,0.11171,172.0,0.1117,62.0,0.11177,198.0,0.11183,172.0
1753600038862,07:07:18.862,gateio,AEVO/USDT:USDT,0.11171,172.0,0.1117,62.0,0.11177,198.0,0.11183,172.0
1753600039026,07:07:19.026,gateio,AEVO/USDT:USDT,0.11171,172.0,0.1117,62.0,0.11177,198.0,0.11183,172.0
1753600041392,07:07:21.392,gateio,AEVO/USDT:USDT,0.11171,172.0,0.1117,62.0,0.11177,371.0,0.11183,172.0
1753600041513,07:07:21.513,gateio,AEVO/USDT:USDT,0.11171,172.0,0.1117,62.0,0.11177,371.0,0.11183,172.0
1753600042200,07:07:22.200,gateio,AEVO/USDT:USDT,0.11171,172.0,0.1117,62.0,0.11177,371.0,0.11183,172.0
1753600042292,07:07:22.292,gateio,AEVO/USDT:USDT,0.11171,172.0,0.1117,62.0,0.11177,371.0,0.11183,172.0
1753600042960,07:07:22.960,gateio,AEVO/USDT:USDT,0.11176,1789.0,0.11173,6707.0,0.11188,2172.0,0.11189,2427.0
1753600043062,07:07:23.062,gateio,AEVO/USDT:USDT,0.11183,1789.0,0.11177,235.0,0.11196,2012.0,0.11198,173.0
1753600043138,07:07:23.138,gateio,AEVO/USDT:USDT,0.11183,1851.0,0.11182,62.0,0.11202,173.0,0.11203,500.0
1753600043255,07:07:23.255,gateio,AEVO/USDT:USDT,0.11183,1851.0,0.11182,62.0,0.11202,173.0,0.11203,500.0
1753600043348,07:07:23.348,gateio,AEVO/USDT:USDT,0.11183,1851.0,0.11182,62.0,0.11202,173.0,0.11203,500.0
1753600043460,07:07:23.460,gateio,AEVO/USDT:USDT,0.11183,1851.0,0.11182,62.0,0.11202,173.0,0.11203,500.0
1753600043559,07:07:23.559,gateio,AEVO/USDT:USDT,0.11183,1851.0,0.11182,62.0,0.11202,173.0,0.11203,500.0
1753600043762,07:07:23.762,gateio,AEVO/USDT:USDT,0.11181,173.0,0.1118,1890.0,0.11195,173.0,0.11196,2185.0
1753600043836,07:07:23.836,gateio,AEVO/USDT:USDT,0.11181,173.0,0.1118,1789.0,0.11195,173.0,0.11196,2026.0
1753600043876,07:07:23.876,gateio,AEVO/USDT:USDT,0.11181,173.0,0.1118,1789.0,0.11195,173.0,0.11196,2026.0
1753600044056,07:07:24.056,gateio,AEVO/USDT:USDT,0.11181,173.0,0.1118,1851.0,0.11193,173.0,0.11194,31.0
1753600044292,07:07:24.292,gateio,AEVO/USDT:USDT,0.11181,173.0,0.1118,1851.0,0.11193,173.0,0.11194,31.0
1753600044885,07:07:24.885,gateio,AEVO/USDT:USDT,0.11181,173.0,0.1118,1851.0,0.11193,173.0,0.11194,31.0
1753600045559,07:07:25.559,gateio,AEVO/USDT:USDT,0.11181,173.0,0.1118,62.0,0.11193,173.0,0.11194,31.0
1753600045771,07:07:25.771,gateio,AEVO/USDT:USDT,0.11181,173.0,0.1118,62.0,0.11193,173.0,0.11194,31.0
1753600047257,07:07:27.257,gateio,AEVO/USDT:USDT,0.11181,173.0,0.1118,31.0,0.11193,173.0,0.11194,31.0
1753600047314,07:07:27.314,gateio,AEVO/USDT:USDT,0.11181,173.0,0.1118,31.0,0.11193,173.0,0.11194,31.0
1753600047369,07:07:27.369,gateio,AEVO/USDT:USDT,0.11181,173.0,0.1118,31.0,0.11193,173.0,0.11194,31.0
1753600048339,07:07:28.339,gateio,AEVO/USDT:USDT,0.11181,173.0,0.1118,31.0,0.11193,173.0,0.11194,31.0
1753600048731,07:07:28.731,gateio,AEVO/USDT:USDT,0.11181,204.0,0.1118,31.0,0.11193,173.0,0.11194,31.0
1753600049154,07:07:29.154,gateio,AEVO/USDT:USDT,0.11181,204.0,0.1118,31.0,0.11193,173.0,0.11194,31.0
1753600049460,07:07:29.460,gateio,AEVO/USDT:USDT,0.11181,204.0,0.1118,31.0,0.11195,31.0,0.11196,2026.0
1753600049547,07:07:29.547,gateio,AEVO/USDT:USDT,0.11185,1851.0,0.11184,62.0,0.11202,173.0,0.11203,500.0
1753600049573,07:07:29.573,gateio,AEVO/USDT:USDT,0.11185,1851.0,0.11184,62.0,0.11194,397.0,0.11202,173.0
1753600049666,07:07:29.666,gateio,AEVO/USDT:USDT,0.11185,1851.0,0.11184,62.0,0.11194,397.0,0.11202,173.0
1753600049766,07:07:29.766,gateio,AEVO/USDT:USDT,0.11185,1851.0,0.11184,62.0,0.11194,397.0,0.11202,173.0
1753600050027,07:07:30.027,gateio,AEVO/USDT:USDT,0.11185,1851.0,0.11184,62.0,0.11194,397.0,0.11202,173.0
1753600050363,07:07:30.363,gateio,AEVO/USDT:USDT,0.11185,1851.0,0.11184,62.0,0.11194,397.0,0.11202,173.0
1753600050445,07:07:30.445,gateio,AEVO/USDT:USDT,0.11185,1851.0,0.11184,62.0,0.11194,397.0,0.11202,173.0
1753600050871,07:07:30.871,gateio,AEVO/USDT:USDT,0.11185,1851.0,0.11184,62.0,0.11194,397.0,0.11202,173.0
1753600051007,07:07:31.007,gateio,AEVO/USDT:USDT,0.11185,1851.0,0.11184,62.0,0.11194,397.0,0.11202,173.0
1753600051255,07:07:31.255,gateio,AEVO/USDT:USDT,0.11185,1851.0,0.11184,62.0,0.11194,397.0,0.11202,173.0
1753600051829,07:07:31.829,gateio,AEVO/USDT:USDT,0.11185,1851.0,0.11184,62.0,0.11194,397.0,0.11202,173.0
1753600052113,07:07:32.113,gateio,AEVO/USDT:USDT,0.11185,1851.0,0.11184,62.0,0.11194,397.0,0.11202,173.0
1753600054403,07:07:34.403,gateio,AEVO/USDT:USDT,0.11185,1851.0,0.11184,62.0,0.11194,397.0,0.11202,173.0
1753600056108,07:07:36.108,gateio,AEVO/USDT:USDT,0.11185,1851.0,0.11184,62.0,0.11194,397.0,0.11202,173.0
1753600056463,07:07:36.463,gateio,AEVO/USDT:USDT,0.11185,1851.0,0.11184,62.0,0.11194,397.0,0.11202,173.0
1753600056479,07:07:36.479,gateio,AEVO/USDT:USDT,0.11185,1851.0,0.11184,62.0,0.11194,397.0,0.11202,173.0
1753600056613,07:07:36.613,gateio,AEVO/USDT:USDT,0.11185,1851.0,0.11184,62.0,0.11201,167.0,0.11204,173.0
1753600056727,07:07:36.727,gateio,AEVO/USDT:USDT,0.11185,1851.0,0.11184,62.0,0.11204,173.0,0.11214,683.0
1753600056768,07:07:36.768,gateio,AEVO/USDT:USDT,0.11185,1851.0,0.11184,62.0,0.11204,173.0,0.11214,683.0
1753600056945,07:07:36.945,gateio,AEVO/USDT:USDT,0.11185,1851.0,0.11184,62.0,0.11204,173.0,0.11214,683.0
1753600056966,07:07:36.966,gateio,AEVO/USDT:USDT,0.11185,1851.0,0.11184,62.0,0.11204,173.0,0.11214,683.0
1753600057250,07:07:37.250,gateio,AEVO/USDT:USDT,0.11193,1851.0,0.11191,167.0,0.11204,173.0,0.11214,683.0
1753600057363,07:07:37.363,gateio,AEVO/USDT:USDT,0.11193,1851.0,0.11191,268.0,0.11204,173.0,0.11214,683.0
1753600057435,07:07:37.435,gateio,AEVO/USDT:USDT,0.11193,1851.0,0.11191,268.0,0.11204,173.0,0.11214,683.0
1753600057799,07:07:37.799,gateio,AEVO/USDT:USDT,0.11193,1851.0,0.11191,268.0,0.11204,173.0,0.11214,683.0
1753600058026,07:07:38.026,gateio,AEVO/USDT:USDT,0.11193,1851.0,0.11191,268.0,0.11204,173.0,0.11214,683.0
1753600058085,07:07:38.085,gateio,AEVO/USDT:USDT,0.11193,1851.0,0.11191,268.0,0.11204,173.0,0.11214,683.0
1753600058252,07:07:38.252,gateio,AEVO/USDT:USDT,0.11193,1851.0,0.11191,268.0,0.11204,173.0,0.11214,683.0
1753600058288,07:07:38.288,gateio,AEVO/USDT:USDT,0.11193,1851.0,0.11191,268.0,0.11204,173.0,0.11214,683.0
1753600058806,07:07:38.806,gateio,AEVO/USDT:USDT,0.11193,1851.0,0.11191,268.0,0.11213,167.0,0.11214,514.0
1753600059333,07:07:39.333,gateio,AEVO/USDT:USDT,0.11193,1851.0,0.11191,268.0,0.11213,167.0,0.11214,514.0
1753600059749,07:07:39.749,gateio,AEVO/USDT:USDT,0.11193,1851.0,0.11191,268.0,0.11213,167.0,0.11214,514.0
1753600060168,07:07:40.168,gateio,AEVO/USDT:USDT,0.11193,1851.0,0.11191,268.0,0.11213,167.0,0.11214,514.0
1753600060359,07:07:40.359,gateio,AEVO/USDT:USDT,0.11193,1851.0,0.11191,268.0,0.11212,167.0,0.11213,2675.0
1753600060397,07:07:40.397,gateio,AEVO/USDT:USDT,0.11193,1851.0,0.11191,268.0,0.11212,167.0,0.11213,2675.0
1753600060469,07:07:40.469,gateio,AEVO/USDT:USDT,0.11193,1851.0,0.11191,268.0,0.11211,167.0,0.11212,2676.0
1753600060584,07:07:40.584,gateio,AEVO/USDT:USDT,0.11193,1851.0,0.11191,268.0,0.11211,167.0,0.11212,2690.0
1753600060751,07:07:40.751,gateio,AEVO/USDT:USDT,0.11193,1851.0,0.11191,268.0,0.11211,167.0,0.11212,2690.0
1753600061006,07:07:41.006,gateio,AEVO/USDT:USDT,0.11193,1851.0,0.11191,268.0,0.11211,167.0,0.11212,2690.0
1753600061402,07:07:41.402,gateio,AEVO/USDT:USDT,0.11193,1851.0,0.11191,268.0,0.11211,167.0,0.11212,2690.0
1753600061713,07:07:41.713,gateio,AEVO/USDT:USDT,0.11193,1851.0,0.11191,268.0,0.11211,167.0,0.11212,2690.0
1753600061814,07:07:41.814,gateio,AEVO/USDT:USDT,0.11193,1851.0,0.11191,268.0,0.11211,167.0,0.11212,2690.0
1753600062237,07:07:42.237,gateio,AEVO/USDT:USDT,0.11193,1851.0,0.11191,268.0,0.11211,167.0,0.11212,2690.0
1753600062882,07:07:42.882,gateio,AEVO/USDT:USDT,0.11193,1851.0,0.11191,268.0,0.11211,167.0,0.11212,2690.0
1753600063476,07:07:43.476,gateio,AEVO/USDT:USDT,0.11193,1851.0,0.11191,268.0,0.11211,167.0,0.11212,2690.0
1753600064005,07:07:44.005,gateio,AEVO/USDT:USDT,0.11193,1851.0,0.11191,268.0,0.11211,167.0,0.11212,2690.0
1753600064927,07:07:44.927,gateio,AEVO/USDT:USDT,0.11193,1851.0,0.11191,268.0,0.1121,166.0,0.11211,500.0
1753600064973,07:07:44.973,gateio,AEVO/USDT:USDT,0.11193,1851.0,0.11191,268.0,0.1121,166.0,0.11211,500.0
1753600065120,07:07:45.120,gateio,AEVO/USDT:USDT,0.11193,1851.0,0.11191,268.0,0.1121,166.0,0.11211,500.0
1753600065258,07:07:45.258,gateio,AEVO/USDT:USDT,0.11193,7211.0,0.11191,268.0,0.1121,166.0,0.11214,514.0
1753600065301,07:07:45.301,gateio,AEVO/USDT:USDT,0.11194,267.0,0.11193,1851.0,0.1121,166.0,0.11214,500.0
1753600065371,07:07:45.371,gateio,AEVO/USDT:USDT,0.11194,166.0,0.11193,1851.0,0.1121,166.0,0.11214,500.0
1753600065536,07:07:45.536,gateio,AEVO/USDT:USDT,0.11194,166.0,0.11193,1851.0,0.1121,166.0,0.11214,500.0
1753600066006,07:07:46.006,gateio,AEVO/USDT:USDT,0.11194,166.0,0.11193,1851.0,0.1121,166.0,0.11214,500.0
1753600066513,07:07:46.513,gateio,AEVO/USDT:USDT,0.11194,166.0,0.11193,1851.0,0.1121,166.0,0.11214,500.0
1753600066755,07:07:46.755,gateio,AEVO/USDT:USDT,0.11194,166.0,0.11193,1851.0,0.1121,166.0,0.11214,500.0
1753600067173,07:07:47.173,gateio,AEVO/USDT:USDT,0.11194,166.0,0.11193,1851.0,0.1121,166.0,0.11214,500.0
1753600068203,07:07:48.203,gateio,AEVO/USDT:USDT,0.11194,166.0,0.11193,1851.0,0.1121,166.0,0.11214,500.0
1753600068726,07:07:48.726,gateio,AEVO/USDT:USDT,0.11199,6769.0,0.11198,31.0,0.1121,166.0,0.11214,500.0
1753600068858,07:07:48.858,gateio,AEVO/USDT:USDT,0.112,1890.0,0.11199,62.0,0.1121,166.0,0.11211,31.0
1753600068962,07:07:48.962,gateio,AEVO/USDT:USDT,0.112,1789.0,0.11199,62.0,0.1121,166.0,0.11211,31.0
1753600069005,07:07:49.005,gateio,AEVO/USDT:USDT,0.112,1789.0,0.11199,62.0,0.1121,166.0,0.11211,31.0
1753600069231,07:07:49.231,gateio,AEVO/USDT:USDT,0.112,1789.0,0.11199,62.0,0.1121,166.0,0.11211,31.0
1753600069648,07:07:49.648,gateio,AEVO/USDT:USDT,0.11199,228.0,0.11198,31.0,0.11209,166.0,0.1121,31.0
1753600069674,07:07:49.674,gateio,AEVO/USDT:USDT,0.11199,228.0,0.11198,31.0,0.11209,166.0,0.1121,31.0
1753600070062,07:07:50.062,gateio,AEVO/USDT:USDT,0.11199,228.0,0.11198,31.0,0.11209,166.0,0.1121,31.0
1753600071128,07:07:51.128,gateio,AEVO/USDT:USDT,0.11199,228.0,0.11198,31.0,0.11209,166.0,0.1121,31.0
1753600071314,07:07:51.314,gateio,AEVO/USDT:USDT,0.11199,228.0,0.11198,31.0,0.11209,166.0,0.1121,31.0
1753600073004,07:07:53.004,gateio,AEVO/USDT:USDT,0.11199,228.0,0.11198,31.0,0.11209,166.0,0.1121,31.0
1753600073137,07:07:53.137,gateio,AEVO/USDT:USDT,0.11199,228.0,0.11198,31.0,0.11209,166.0,0.1121,31.0
1753600073313,07:07:53.313,gateio,AEVO/USDT:USDT,0.11199,228.0,0.11198,31.0,0.11209,166.0,0.1121,31.0
1753600073759,07:07:53.759,gateio,AEVO/USDT:USDT,0.11204,1851.0,0.11202,6707.0,0.11214,500.0,0.11218,167.0
1753600073845,07:07:53.845,gateio,AEVO/USDT:USDT,0.11204,1851.0,0.11203,101.0,0.11225,168.0,0.11226,2077.0
1753600073952,07:07:53.952,gateio,AEVO/USDT:USDT,0.11204,1851.0,0.11203,101.0,0.11222,170.0,0.11223,2515.0
1753600074058,07:07:54.058,gateio,AEVO/USDT:USDT,0.11204,1851.0,0.11203,101.0,0.11225,168.0,0.11226,2077.0
1753600074148,07:07:54.148,gateio,AEVO/USDT:USDT,0.11204,1851.0,0.11203,101.0,0.11225,168.0,0.11226,2077.0
1753600074274,07:07:54.274,gateio,AEVO/USDT:USDT,0.11204,1851.0,0.11203,101.0,0.11225,168.0,0.11226,2077.0
1753600074740,07:07:54.740,gateio,AEVO/USDT:USDT,0.11204,1851.0,0.11203,101.0,0.11225,168.0,0.11226,2077.0
1753600074818,07:07:54.818,gateio,AEVO/USDT:USDT,0.11204,1851.0,0.11203,101.0,0.11225,168.0,0.11226,2077.0
1753600074895,07:07:54.895,gateio,AEVO/USDT:USDT,0.11204,1851.0,0.11203,101.0,0.11225,168.0,0.11226,2077.0
1753600075145,07:07:55.145,gateio,AEVO/USDT:USDT,0.11204,1851.0,0.11203,101.0,0.11222,170.0,0.11225,168.0
1753600075263,07:07:55.263,gateio,AEVO/USDT:USDT,0.11204,1851.0,0.11203,101.0,0.11224,8384.0,0.11225,168.0
1753600075306,07:07:55.306,gateio,AEVO/USDT:USDT,0.11204,1851.0,0.11203,101.0,0.11222,170.0,0.11223,14.0
1753600075427,07:07:55.427,gateio,AEVO/USDT:USDT,0.11204,1851.0,0.11203,101.0,0.11225,168.0,0.11226,2077.0
1753600075470,07:07:55.470,gateio,AEVO/USDT:USDT,0.11204,1851.0,0.11203,101.0,0.11225,168.0,0.11226,2077.0
1753600075785,07:07:55.785,gateio,AEVO/USDT:USDT,0.11204,1851.0,0.11203,101.0,0.11225,168.0,0.11226,2077.0
1753600075986,07:07:55.986,gateio,AEVO/USDT:USDT,0.11204,1851.0,0.11203,101.0,0.11222,170.0,0.11223,2685.0
1753600076139,07:07:56.139,gateio,AEVO/USDT:USDT,0.11204,1851.0,0.11203,101.0,0.11222,170.0,0.11223,2529.0
1753600076261,07:07:56.261,gateio,AEVO/USDT:USDT,0.11204,1851.0,0.11203,101.0,0.11222,170.0,0.11223,2529.0
1753600076271,07:07:56.271,gateio,AEVO/USDT:USDT,0.11204,1851.0,0.11203,101.0,0.11222,170.0,0.11225,182.0
1753600076407,07:07:56.407,gateio,AEVO/USDT:USDT,0.11204,1851.0,0.11203,101.0,0.11225,168.0,0.11226,2077.0
1753600076618,07:07:56.618,gateio,AEVO/USDT:USDT,0.11204,1851.0,0.11203,101.0,0.11225,168.0,0.11226,2077.0
1753600076734,07:07:56.734,gateio,AEVO/USDT:USDT,0.11204,1851.0,0.11203,101.0,0.11224,170.0,0.11225,5346.0
1753600076825,07:07:56.825,gateio,AEVO/USDT:USDT,0.11204,1851.0,0.11203,101.0,0.11221,170.0,0.11224,14.0
1753600076870,07:07:56.870,gateio,AEVO/USDT:USDT,0.11204,1851.0,0.11203,101.0,0.11221,170.0,0.11225,500.0
1753600077061,07:07:57.061,gateio,AEVO/USDT:USDT,0.11203,101.0,0.11199,166.0,0.11216,170.0,0.11217,2043.0
1753600077085,07:07:57.085,gateio,AEVO/USDT:USDT,0.11201,1789.0,0.11199,166.0,0.11216,170.0,0.11217,2057.0
1753600077246,07:07:57.246,gateio,AEVO/USDT:USDT,0.11201,1789.0,0.11199,166.0,0.11213,201.0,0.11214,62.0
1753600077316,07:07:57.316,gateio,AEVO/USDT:USDT,0.11201,1789.0,0.112,31.0,0.11212,170.0,0.11213,31.0
1753600077448,07:07:57.448,gateio,AEVO/USDT:USDT,0.11201,1789.0,0.112,31.0,0.11212,170.0,0.11213,31.0
1753600077560,07:07:57.560,gateio,AEVO/USDT:USDT,0.11201,1789.0,0.112,31.0,0.11212,170.0,0.11213,31.0
1753600077568,07:07:57.568,gateio,AEVO/USDT:USDT,0.11201,1789.0,0.112,31.0,0.11212,170.0,0.11213,31.0
1753600078004,07:07:58.004,gateio,AEVO/USDT:USDT,0.11201,1789.0,0.112,62.0,0.11212,170.0,0.11213,31.0
1753600078347,07:07:58.347,gateio,AEVO/USDT:USDT,0.112,62.0,0.11198,271.0,0.11212,170.0,0.11213,31.0
1753600078463,07:07:58.463,gateio,AEVO/USDT:USDT,0.11198,271.0,0.11194,666.0,0.11208,170.0,0.11209,2043.0
1753600078496,07:07:58.496,gateio,AEVO/USDT:USDT,0.11198,170.0,0.11194,666.0,0.11208,170.0,0.11209,2057.0
1753600078643,07:07:58.643,gateio,AEVO/USDT:USDT,0.11198,170.0,0.11194,666.0,0.11208,170.0,0.11209,2057.0
1753600078670,07:07:58.670,gateio,AEVO/USDT:USDT,0.11198,170.0,0.11194,666.0,0.11208,170.0,0.11209,2057.0
1753600079022,07:07:59.022,gateio,AEVO/USDT:USDT,0.11197,201.0,0.11194,666.0,0.11208,170.0,0.11209,2057.0
1753600079162,07:07:59.162,gateio,AEVO/USDT:USDT,0.11197,201.0,0.11196,31.0,0.11208,170.0,0.11209,2057.0
1753600079179,07:07:59.179,gateio,AEVO/USDT:USDT,0.11197,201.0,0.11196,31.0,0.11208,170.0,0.11209,2057.0
1753600079712,07:07:59.712,gateio,AEVO/USDT:USDT,0.11197,201.0,0.11196,31.0,0.11208,170.0,0.11209,2057.0
1753600079899,07:07:59.899,gateio,AEVO/USDT:USDT,0.11197,201.0,0.11196,31.0,0.11208,170.0,0.11209,2057.0
1753600080012,07:08:00.012,gateio,AEVO/USDT:USDT,0.11197,201.0,0.11196,31.0,0.11208,170.0,0.11209,2057.0
1753600080339,07:08:00.339,gateio,AEVO/USDT:USDT,0.11197,201.0,0.11196,31.0,0.11208,170.0,0.11209,2057.0
1753600080485,07:08:00.485,gateio,AEVO/USDT:USDT,0.11197,201.0,0.11196,31.0,0.11208,170.0,0.11209,45.0
1753600080572,07:08:00.572,gateio,AEVO/USDT:USDT,0.11197,201.0,0.11196,31.0,0.11208,170.0,0.11209,31.0
1753600081058,07:08:01.058,gateio,AEVO/USDT:USDT,0.11197,201.0,0.11196,31.0,0.11208,170.0,0.11209,31.0
1753600081159,07:08:01.159,gateio,AEVO/USDT:USDT,0.11197,201.0,0.11196,31.0,0.11208,170.0,0.11209,31.0
1753600081346,07:08:01.346,gateio,AEVO/USDT:USDT,0.11197,201.0,0.11196,31.0,0.11208,170.0,0.11209,31.0
1753600082050,07:08:02.050,gateio,AEVO/USDT:USDT,0.11194,500.0,0.11191,268.0,0.11206,6707.0,0.11207,1789.0
1753600082163,07:08:02.163,gateio,AEVO/USDT:USDT,0.11194,500.0,0.11191,101.0,0.11204,169.0,0.11205,2057.0
1753600082245,07:08:02.245,gateio,AEVO/USDT:USDT,0.11191,101.0,0.11185,1958.0,0.11204,169.0,0.11205,3846.0
1753600082352,07:08:02.352,gateio,AEVO/USDT:USDT,0.11186,270.0,0.11185,1789.0,0.11204,169.0,0.11205,3846.0
1753600082431,07:08:02.431,gateio,AEVO/USDT:USDT,0.11186,270.0,0.11185,1789.0,0.11204,169.0,0.11205,3846.0
1753600082662,07:08:02.662,gateio,AEVO/USDT:USDT,0.11186,270.0,0.11185,1789.0,0.11203,169.0,0.11204,5356.0
1753600082739,07:08:02.739,gateio,AEVO/USDT:USDT,0.11186,270.0,0.11183,173.0,0.11202,169.0,0.11203,14.0
1753600082801,07:08:02.801,gateio,AEVO/USDT:USDT,0.11185,1789.0,0.11183,173.0,0.11202,169.0,0.11204,14.0
1753600082941,07:08:02.941,gateio,AEVO/USDT:USDT,0.11186,270.0,0.11185,1789.0,0.11202,169.0,0.11204,14.0
1753600083036,07:08:03.036,gateio,AEVO/USDT:USDT,0.11186,270.0,0.11185,1789.0,0.11202,169.0,0.11204,514.0
1753600083125,07:08:03.125,gateio,AEVO/USDT:USDT,0.11186,101.0,0.11185,1789.0,0.11202,169.0,0.11204,514.0
1753600083227,07:08:03.227,gateio,AEVO/USDT:USDT,0.11186,270.0,0.11185,1789.0,0.11202,169.0,0.11204,514.0
1753600083450,07:08:03.450,gateio,AEVO/USDT:USDT,0.11186,101.0,0.11185,1789.0,0.11199,169.0,0.112,31.0
1753600083542,07:08:03.542,gateio,AEVO/USDT:USDT,0.11186,101.0,0.11185,1789.0,0.11198,169.0,0.11199,200.0
1753600083622,07:08:03.622,gateio,AEVO/USDT:USDT,0.11186,101.0,0.11185,1789.0,0.11198,169.0,0.11199,31.0
1753600083758,07:08:03.758,gateio,AEVO/USDT:USDT,0.11186,101.0,0.11185,1789.0,0.11194,169.0,0.11195,31.0
1753600083826,07:08:03.826,gateio,AEVO/USDT:USDT,0.11186,101.0,0.11185,1789.0,0.11194,169.0,0.11195,31.0
1753600083940,07:08:03.940,gateio,AEVO/USDT:USDT,0.11186,101.0,0.11185,1789.0,0.11194,169.0,0.11195,31.0
1753600084057,07:08:04.057,gateio,AEVO/USDT:USDT,0.11186,270.0,0.11185,1789.0,0.11194,169.0,0.11195,31.0
1753600084073,07:08:04.073,gateio,AEVO/USDT:USDT,0.11186,101.0,0.11185,1789.0,0.11194,169.0,0.11195,31.0
1753600084771,07:08:04.771,gateio,AEVO/USDT:USDT,0.11186,101.0,0.11185,1789.0,0.11194,169.0,0.11195,31.0
1753600085007,07:08:05.007,gateio,AEVO/USDT:USDT,0.11186,101.0,0.11185,1789.0,0.11194,169.0,0.11195,31.0
1753600085146,07:08:05.146,gateio,AEVO/USDT:USDT,0.11186,101.0,0.11185,1789.0,0.11194,169.0,0.11195,31.0
1753600085261,07:08:05.261,gateio,AEVO/USDT:USDT,0.11186,101.0,0.11185,1789.0,0.11194,169.0,0.11195,31.0
1753600085745,07:08:05.745,gateio,AEVO/USDT:USDT,0.11186,270.0,0.11185,1789.0,0.11194,169.0,0.11195,31.0
1753600086008,07:08:06.008,gateio,AEVO/USDT:USDT,0.11186,270.0,0.11185,1789.0,0.11194,169.0,0.11196,183.0
1753600086115,07:08:06.115,gateio,AEVO/USDT:USDT,0.11186,270.0,0.11185,1789.0,0.11196,169.0,0.11197,14.0
1753600086186,07:08:06.186,gateio,AEVO/USDT:USDT,0.11186,270.0,0.11185,1789.0,0.11202,169.0,0.11203,14.0
1753600086494,07:08:06.494,gateio,AEVO/USDT:USDT,0.11186,270.0,0.11185,1789.0,0.11202,169.0,0.11203,14.0
1753600086926,07:08:06.926,gateio,AEVO/USDT:USDT,0.11186,270.0,0.11185,1789.0,0.11202,169.0,0.11203,14.0
1753600088253,07:08:08.253,gateio,AEVO/USDT:USDT,0.11186,270.0,0.11185,1789.0,0.11202,169.0,0.11203,14.0
1753600088284,07:08:08.284,gateio,AEVO/USDT:USDT,0.11186,270.0,0.11185,1789.0,0.11202,169.0,0.11203,14.0
1753600088369,07:08:08.369,gateio,AEVO/USDT:USDT,0.11186,270.0,0.11185,1789.0,0.11202,169.0,0.11203,14.0
1753600088517,07:08:08.517,gateio,AEVO/USDT:USDT,0.11186,270.0,0.11185,1789.0,0.11202,169.0,0.11203,14.0
1753600089029,07:08:09.029,gateio,AEVO/USDT:USDT,0.11186,270.0,0.11185,1789.0,0.11202,169.0,0.11203,14.0
1753600090376,07:08:10.376,gateio,AEVO/USDT:USDT,0.11186,270.0,0.11185,1789.0,0.11202,169.0,0.11203,14.0
1753600090546,07:08:10.546,gateio,AEVO/USDT:USDT,0.11186,270.0,0.11185,1789.0,0.11202,169.0,0.11203,14.0
1753600091714,07:08:11.714,gateio,AEVO/USDT:USDT,0.11186,270.0,0.11185,1789.0,0.11202,169.0,0.11203,14.0
1753600092510,07:08:12.510,gateio,AEVO/USDT:USDT,0.11186,270.0,0.11185,1789.0,0.11202,169.0,0.11203,14.0
1753600095008,07:08:15.008,gateio,AEVO/USDT:USDT,0.11186,270.0,0.11185,1789.0,0.11202,169.0,0.11203,14.0
1753600095512,07:08:15.512,gateio,AEVO/USDT:USDT,0.11186,270.0,0.11185,1789.0,0.11202,169.0,0.11203,14.0
1753600096004,07:08:16.004,gateio,AEVO/USDT:USDT,0.11186,270.0,0.11185,1789.0,0.11202,169.0,0.11203,14.0
1753600096514,07:08:16.514,gateio,AEVO/USDT:USDT,0.11186,270.0,0.11185,1789.0,0.11202,169.0,0.11203,14.0
1753600096790,07:08:16.790,gateio,AEVO/USDT:USDT,0.11186,270.0,0.11185,1789.0,0.11202,169.0,0.11203,14.0
1753600098005,07:08:18.005,gateio,AEVO/USDT:USDT,0.11186,270.0,0.11185,1789.0,0.11202,169.0,0.11203,14.0
1753600098453,07:08:18.453,gateio,AEVO/USDT:USDT,0.11192,31.0,0.11188,166.0,0.11202,197.0,0.11203,14.0
1753600098561,07:08:18.561,gateio,AEVO/USDT:USDT,0.11192,1789.0,0.1119,166.0,0.11204,166.0,0.11207,14.0
1753600098663,07:08:18.663,gateio,AEVO/USDT:USDT,0.11193,267.0,0.11192,1789.0,0.11204,31.0,0.11208,169.0
1753600098746,07:08:18.746,gateio,AEVO/USDT:USDT,0.11193,267.0,0.11192,1789.0,0.11202,166.0,0.11203,197.0
1753600098771,07:08:18.771,gateio,AEVO/USDT:USDT,0.11193,267.0,0.11192,1789.0,0.11202,166.0,0.11203,197.0
1753600098934,07:08:18.934,gateio,AEVO/USDT:USDT,0.11193,267.0,0.11192,1789.0,0.11202,166.0,0.11203,31.0
1753600099006,07:08:19.006,gateio,AEVO/USDT:USDT,0.11193,267.0,0.11192,1789.0,0.11202,166.0,0.11203,31.0
1753600099085,07:08:19.085,gateio,AEVO/USDT:USDT,0.11193,267.0,0.11192,1789.0,0.11202,166.0,0.11203,31.0
1753600099846,07:08:19.846,gateio,AEVO/USDT:USDT,0.11193,267.0,0.11192,1789.0,0.11202,166.0,0.11203,31.0
1753600101326,07:08:21.326,gateio,AEVO/USDT:USDT,0.11193,267.0,0.11192,1789.0,0.11202,166.0,0.11203,31.0
1753600101375,07:08:21.375,gateio,AEVO/USDT:USDT,0.11193,298.0,0.11192,1789.0,0.11202,166.0,0.11203,31.0
1753600102490,07:08:22.490,gateio,AEVO/USDT:USDT,0.11193,267.0,0.11192,1789.0,0.11202,166.0,0.11203,31.0
1753600102819,07:08:22.819,gateio,AEVO/USDT:USDT,0.11193,267.0,0.11192,1789.0,0.11202,166.0,0.11203,31.0
1753600103230,07:08:23.230,gateio,AEVO/USDT:USDT,0.11193,101.0,0.11192,1789.0,0.11202,166.0,0.11203,31.0
1753600103350,07:08:23.350,gateio,AEVO/USDT:USDT,0.11194,173.0,0.11193,101.0,0.11202,166.0,0.11203,31.0
1753600103518,07:08:23.518,gateio,AEVO/USDT:USDT,0.11194,173.0,0.11193,101.0,0.11202,166.0,0.11203,31.0
1753600103931,07:08:23.931,gateio,AEVO/USDT:USDT,0.11194,173.0,0.11193,101.0,0.11202,166.0,0.11203,31.0
1753600104343,07:08:24.343,gateio,AEVO/USDT:USDT,0.11194,173.0,0.11193,101.0,0.11202,166.0,0.11203,31.0
1753600104663,07:08:24.663,gateio,AEVO/USDT:USDT,0.11193,101.0,0.11192,1789.0,0.11202,166.0,0.11203,31.0
1753600104693,07:08:24.693,gateio,AEVO/USDT:USDT,0.11193,101.0,0.1119,166.0,0.11202,166.0,0.11203,31.0
1753600104786,07:08:24.786,gateio,AEVO/USDT:USDT,0.11188,166.0,0.11187,101.0,0.11202,166.0,0.11203,31.0
1753600104871,07:08:24.871,gateio,AEVO/USDT:USDT,0.11188,166.0,0.11186,270.0,0.11202,166.0,0.11203,31.0
1753600105006,07:08:25.006,gateio,AEVO/USDT:USDT,0.11188,166.0,0.11186,270.0,0.11202,166.0,0.11203,31.0
1753600105165,07:08:25.165,gateio,AEVO/USDT:USDT,0.11188,166.0,0.11186,270.0,0.11202,166.0,0.11203,31.0
1753600105870,07:08:25.870,gateio,AEVO/USDT:USDT,0.11188,166.0,0.11186,270.0,0.11202,166.0,0.11203,31.0
1753600105987,07:08:25.987,gateio,AEVO/USDT:USDT,0.11188,166.0,0.11186,270.0,0.11202,166.0,0.11203,31.0
1753600106114,07:08:26.114,gateio,AEVO/USDT:USDT,0.11188,166.0,0.11186,270.0,0.11202,166.0,0.11203,31.0
1753600106168,07:08:26.168,gateio,AEVO/USDT:USDT,0.11188,166.0,0.11186,270.0,0.11202,166.0,0.11203,31.0
1753600106269,07:08:26.269,gateio,AEVO/USDT:USDT,0.11188,166.0,0.11186,270.0,0.11202,166.0,0.11203,31.0
1753600107614,07:08:27.614,gateio,AEVO/USDT:USDT,0.11188,166.0,0.11186,270.0,0.11202,166.0,0.11203,31.0
1753600107710,07:08:27.710,gateio,AEVO/USDT:USDT,0.11194,173.0,0.11193,1851.0,0.11208,169.0,0.11209,514.0
1753600107806,07:08:27.806,gateio,AEVO/USDT:USDT,0.11195,173.0,0.11194,101.0,0.11208,169.0,0.11209,514.0
1753600107895,07:08:27.895,gateio,AEVO/USDT:USDT,0.11195,173.0,0.11194,101.0,0.11208,169.0,0.11209,514.0
1753600108058,07:08:28.058,gateio,AEVO/USDT:USDT,0.11195,173.0,0.11194,101.0,0.11208,169.0,0.11209,514.0
1753600109019,07:08:29.019,gateio,AEVO/USDT:USDT,0.11195,173.0,0.11194,101.0,0.11208,169.0,0.11209,514.0
1753600109248,07:08:29.248,gateio,AEVO/USDT:USDT,0.11195,173.0,0.11194,101.0,0.11208,169.0,0.11209,514.0
1753600109734,07:08:29.734,gateio,AEVO/USDT:USDT,0.11195,173.0,0.11194,101.0,0.11208,169.0,0.11209,14.0
1753600109791,07:08:29.791,gateio,AEVO/USDT:USDT,0.11195,173.0,0.11194,101.0,0.11214,166.0,0.11216,14.0
1753600109922,07:08:29.922,gateio,AEVO/USDT:USDT,0.11195,173.0,0.11194,101.0,0.11214,166.0,0.11216,14.0
1753600110059,07:08:30.059,gateio,AEVO/USDT:USDT,0.11195,173.0,0.11194,101.0,0.11214,166.0,0.11216,14.0
1753600110099,07:08:30.099,gateio,AEVO/USDT:USDT,0.11195,173.0,0.11194,101.0,0.11214,166.0,0.11216,14.0
1753600110488,07:08:30.488,gateio,AEVO/USDT:USDT,0.11195,173.0,0.11194,101.0,0.11214,166.0,0.11216,14.0
1753600110746,07:08:30.746,gateio,AEVO/USDT:USDT,0.11195,173.0,0.11194,101.0,0.11214,166.0,0.11216,514.0
1753600110932,07:08:30.932,gateio,AEVO/USDT:USDT,0.11195,173.0,0.11194,101.0,0.11214,166.0,0.11216,514.0
1753600111310,07:08:31.310,gateio,AEVO/USDT:USDT,0.11195,173.0,0.11194,101.0,0.11213,167.0,0.11214,5350.0
1753600111386,07:08:31.386,gateio,AEVO/USDT:USDT,0.11195,173.0,0.11194,101.0,0.11212,167.0,0.11213,14.0
1753600111728,07:08:31.728,gateio,AEVO/USDT:USDT,0.11195,173.0,0.11194,101.0,0.11212,167.0,0.11213,14.0
1753600111814,07:08:31.814,gateio,AEVO/USDT:USDT,0.11195,173.0,0.11194,101.0,0.11212,167.0,0.11213,14.0
1753600112537,07:08:32.537,gateio,AEVO/USDT:USDT,0.11195,173.0,0.11194,101.0,0.11212,167.0,0.11213,14.0
1753600113359,07:08:33.359,gateio,AEVO/USDT:USDT,0.11195,173.0,0.11194,101.0,0.11212,167.0,0.11213,14.0
1753600113973,07:08:33.973,gateio,AEVO/USDT:USDT,0.11195,173.0,0.11194,101.0,0.11212,167.0,0.11213,14.0
1753600114510,07:08:34.510,gateio,AEVO/USDT:USDT,0.11195,173.0,0.11194,101.0,0.11212,167.0,0.11213,14.0
1753600114588,07:08:34.588,gateio,AEVO/USDT:USDT,0.11195,173.0,0.11194,101.0,0.11212,167.0,0.11213,14.0
1753600114916,07:08:34.916,gateio,AEVO/USDT:USDT,0.11195,167.0,0.11194,268.0,0.11206,167.0,0.11207,2074.0
1753600115061,07:08:35.061,gateio,AEVO/USDT:USDT,0.11195,167.0,0.11192,101.0,0.11205,167.0,0.11206,14.0
1753600115108,07:08:35.108,gateio,AEVO/USDT:USDT,0.11193,167.0,0.11192,1789.0,0.11205,167.0,0.11206,14.0
1753600115186,07:08:35.186,gateio,AEVO/USDT:USDT,0.11194,167.0,0.11193,101.0,0.11205,167.0,0.11206,14.0
1753600115352,07:08:35.352,gateio,AEVO/USDT:USDT,0.11194,167.0,0.11193,101.0,0.11205,167.0,0.11206,14.0
1753600115422,07:08:35.422,gateio,AEVO/USDT:USDT,0.11191,167.0,0.11189,101.0,0.11205,167.0,0.11206,14.0
1753600115486,07:08:35.486,gateio,AEVO/USDT:USDT,0.11188,166.0,0.11187,101.0,0.11205,167.0,0.11206,14.0
1753600115715,07:08:35.715,gateio,AEVO/USDT:USDT,0.11188,166.0,0.11187,101.0,0.11205,167.0,0.11206,14.0
1753600115842,07:08:35.842,gateio,AEVO/USDT:USDT,0.11188,166.0,0.11187,101.0,0.11205,167.0,0.11206,14.0
1753600116659,07:08:36.659,gateio,AEVO/USDT:USDT,0.11188,166.0,0.11187,101.0,0.11205,167.0,0.11206,14.0
1753600116747,07:08:36.747,gateio,AEVO/USDT:USDT,0.11178,1789.0,0.11175,173.0,0.11192,6707.0,0.11198,167.0
1753600116861,07:08:36.861,gateio,AEVO/USDT:USDT,0.11179,38.0,0.11178,31.0,0.1119,198.0,0.11191,136.0
1753600116961,07:08:36.961,gateio,AEVO/USDT:USDT,0.11179,31.0,0.11175,173.0,0.11189,167.0,0.1119,31.0
1753600117056,07:08:37.056,gateio,AEVO/USDT:USDT,0.11179,31.0,0.11178,31.0,0.11189,167.0,0.1119,31.0
1753600117117,07:08:37.117,gateio,AEVO/USDT:USDT,0.1118,167.0,0.11179,31.0,0.11189,167.0,0.1119,31.0
1753600117544,07:08:37.544,gateio,AEVO/USDT:USDT,0.1118,167.0,0.11179,31.0,0.11189,167.0,0.1119,31.0
1753600118253,07:08:38.253,gateio,AEVO/USDT:USDT,0.1118,167.0,0.11179,31.0,0.11189,167.0,0.1119,31.0
1753600118271,07:08:38.271,gateio,AEVO/USDT:USDT,0.1118,167.0,0.11179,31.0,0.11189,167.0,0.1119,31.0
1753600118365,07:08:38.365,gateio,AEVO/USDT:USDT,0.1118,167.0,0.11179,31.0,0.11189,167.0,0.1119,31.0
1753600118739,07:08:38.739,gateio,AEVO/USDT:USDT,0.1118,167.0,0.11179,31.0,0.11189,167.0,0.1119,31.0
1753600118800,07:08:38.800,gateio,AEVO/USDT:USDT,0.11179,31.0,0.11178,31.0,0.11189,167.0,0.1119,31.0
1753600118867,07:08:38.867,gateio,AEVO/USDT:USDT,0.11179,198.0,0.11178,31.0,0.11189,167.0,0.1119,31.0
1753600119006,07:08:39.006,gateio,AEVO/USDT:USDT,0.11179,198.0,0.11178,31.0,0.11189,167.0,0.1119,31.0
1753600119196,07:08:39.196,gateio,AEVO/USDT:USDT,0.11179,198.0,0.11178,31.0,0.11189,167.0,0.1119,31.0
1753600119493,07:08:39.493,gateio,AEVO/USDT:USDT,0.1118,167.0,0.11179,31.0,0.11189,167.0,0.1119,31.0
1753600119613,07:08:39.613,gateio,AEVO/USDT:USDT,0.1118,167.0,0.11179,31.0,0.11189,167.0,0.1119,31.0
1753600119739,07:08:39.739,gateio,AEVO/USDT:USDT,0.11179,198.0,0.11178,31.0,0.11189,167.0,0.1119,31.0
1753600120036,07:08:40.036,gateio,AEVO/USDT:USDT,0.11179,198.0,0.11178,31.0,0.11189,167.0,0.1119,31.0
1753600120213,07:08:40.213,gateio,AEVO/USDT:USDT,0.1118,167.0,0.11179,31.0,0.11189,167.0,0.1119,31.0
1753600120451,07:08:40.451,gateio,AEVO/USDT:USDT,0.1118,167.0,0.11179,31.0,0.11189,167.0,0.1119,31.0
1753600121005,07:08:41.005,gateio,AEVO/USDT:USDT,0.1118,167.0,0.11179,31.0,0.11189,167.0,0.1119,31.0
1753600121327,07:08:41.327,gateio,AEVO/USDT:USDT,0.1118,167.0,0.11179,31.0,0.11189,167.0,0.1119,31.0
1753600121520,07:08:41.520,gateio,AEVO/USDT:USDT,0.11179,198.0,0.11178,31.0,0.11189,167.0,0.1119,31.0
1753600121676,07:08:41.676,gateio,AEVO/USDT:USDT,0.11179,198.0,0.11178,31.0,0.11189,167.0,0.1119,31.0
1753600121808,07:08:41.808,gateio,AEVO/USDT:USDT,0.1118,167.0,0.11179,31.0,0.11189,167.0,0.1119,31.0
1753600122005,07:08:42.005,gateio,AEVO/USDT:USDT,0.1118,167.0,0.11179,31.0,0.11189,167.0,0.1119,31.0
1753600122090,07:08:42.090,gateio,AEVO/USDT:USDT,0.1118,167.0,0.11179,31.0,0.11189,167.0,0.1119,31.0
1753600122212,07:08:42.212,gateio,AEVO/USDT:USDT,0.11179,31.0,0.11178,31.0,0.11189,167.0,0.1119,31.0
1753600122294,07:08:42.294,gateio,AEVO/USDT:USDT,0.11179,198.0,0.11178,31.0,0.11189,167.0,0.1119,31.0
1753600122543,07:08:42.543,gateio,AEVO/USDT:USDT,0.11179,198.0,0.11178,31.0,0.11189,167.0,0.1119,31.0
1753600122566,07:08:42.566,gateio,AEVO/USDT:USDT,0.11179,198.0,0.11178,31.0,0.11189,167.0,0.1119,31.0
1753600122943,07:08:42.943,gateio,AEVO/USDT:USDT,0.11179,198.0,0.11178,31.0,0.11189,167.0,0.1119,31.0
1753600123338,07:08:43.338,gateio,AEVO/USDT:USDT,0.1118,167.0,0.11179,31.0,0.11189,167.0,0.11198,772.0
1753600123386,07:08:43.386,gateio,AEVO/USDT:USDT,0.1118,167.0,0.11179,31.0,0.11188,167.0,0.11189,31.0
1753600123510,07:08:43.510,gateio,AEVO/USDT:USDT,0.1118,167.0,0.11179,31.0,0.11188,167.0,0.11189,62.0
1753600124446,07:08:44.446,gateio,AEVO/USDT:USDT,0.11181,167.0,0.1118,198.0,0.11188,167.0,0.11198,772.0
1753600124546,07:08:44.546,gateio,AEVO/USDT:USDT,0.11181,167.0,0.1118,198.0,0.11188,167.0,0.11198,772.0
1753600124599,07:08:44.599,gateio,AEVO/USDT:USDT,0.11181,167.0,0.1118,31.0,0.11188,167.0,0.11198,272.0
1753600124730,07:08:44.730,gateio,AEVO/USDT:USDT,0.11181,167.0,0.11179,31.0,0.11193,167.0,0.11194,1789.0
1753600124790,07:08:44.790,gateio,AEVO/USDT:USDT,0.11181,167.0,0.11179,31.0,0.11192,167.0,0.11193,105.0
1753600124967,07:08:44.967,gateio,AEVO/USDT:USDT,0.11181,167.0,0.11179,31.0,0.11192,167.0,0.11193,105.0
1753600125126,07:08:45.126,gateio,AEVO/USDT:USDT,0.11183,167.0,0.11182,31.0,0.1119,167.0,0.11191,31.0
1753600125178,07:08:45.178,gateio,AEVO/USDT:USDT,0.11183,167.0,0.11182,31.0,0.1119,167.0,0.11191,31.0
1753600125382,07:08:45.382,gateio,AEVO/USDT:USDT,0.11183,167.0,0.11182,31.0,0.1119,167.0,0.11191,31.0
1753600125556,07:08:45.556,gateio,AEVO/USDT:USDT,0.11183,167.0,0.11182,31.0,0.11193,136.0,0.11198,167.0
1753600125626,07:08:45.626,gateio,AEVO/USDT:USDT,0.11189,1.0,0.11183,167.0,0.11193,31.0,0.11196,31.0
1753600125692,07:08:45.692,gateio,AEVO/USDT:USDT,0.11189,1.0,0.11183,167.0,0.11192,167.0,0.11193,198.0
1753600125846,07:08:45.846,gateio,AEVO/USDT:USDT,0.11186,167.0,0.11185,1789.0,0.11192,167.0,0.11193,31.0
1753600125886,07:08:45.886,gateio,AEVO/USDT:USDT,0.11187,167.0,0.11186,174.0,0.11192,167.0,0.11193,31.0
1753600126039,07:08:46.039,gateio,AEVO/USDT:USDT,0.11187,167.0,0.11186,7.0,0.11192,167.0,0.11193,31.0
1753600126127,07:08:46.127,gateio,AEVO/USDT:USDT,0.11187,167.0,0.11186,7.0,0.11192,167.0,0.11193,31.0
1753600126234,07:08:46.234,gateio,AEVO/USDT:USDT,0.11187,167.0,0.11186,7.0,0.11192,167.0,0.11193,31.0
1753600126648,07:08:46.648,gateio,AEVO/USDT:USDT,0.11187,167.0,0.11186,7.0,0.11192,167.0,0.11193,31.0
1753600126812,07:08:46.812,gateio,AEVO/USDT:USDT,0.11187,167.0,0.11186,7.0,0.11193,31.0,0.11198,167.0
1753600126965,07:08:46.965,gateio,AEVO/USDT:USDT,0.11187,167.0,0.11186,7.0,0.11193,31.0,0.11198,167.0
1753600127128,07:08:47.128,gateio,AEVO/USDT:USDT,0.11187,167.0,0.11186,38.0,0.11193,31.0,0.11198,167.0
1753600127271,07:08:47.271,gateio,AEVO/USDT:USDT,0.11187,167.0,0.11186,38.0,0.11193,31.0,0.11198,167.0
1753600127409,07:08:47.409,gateio,AEVO/USDT:USDT,0.11187,167.0,0.11186,38.0,0.11198,167.0,0.11199,105.0
1753600127521,07:08:47.521,gateio,AEVO/USDT:USDT,0.11187,167.0,0.11186,38.0,0.11198,167.0,0.11199,105.0
1753600127566,07:08:47.566,gateio,AEVO/USDT:USDT,0.11187,167.0,0.11186,7.0,0.11198,167.0,0.11199,105.0
1753600128959,07:08:48.959,gateio,AEVO/USDT:USDT,0.11187,167.0,0.11186,7.0,0.11198,167.0,0.11199,105.0
1753600129147,07:08:49.147,gateio,AEVO/USDT:USDT,0.11187,167.0,0.11186,7.0,0.11198,167.0,0.11199,105.0
1753600129675,07:08:49.675,gateio,AEVO/USDT:USDT,0.11187,167.0,0.11186,7.0,0.11198,167.0,0.11199,105.0
1753600130369,07:08:50.369,gateio,AEVO/USDT:USDT,0.11187,167.0,0.11186,7.0,0.11198,167.0,0.11199,105.0
1753600130927,07:08:50.927,gateio,AEVO/USDT:USDT,0.11187,167.0,0.11186,7.0,0.11198,167.0,0.11199,105.0
1753600133102,07:08:53.102,gateio,AEVO/USDT:USDT,0.11187,167.0,0.11186,7.0,0.11198,167.0,0.11199,105.0
1753600133488,07:08:53.488,gateio,AEVO/USDT:USDT,0.11187,167.0,0.11186,7.0,0.11198,167.0,0.11199,105.0
1753600133601,07:08:53.601,gateio,AEVO/USDT:USDT,0.11187,167.0,0.11186,7.0,0.11198,167.0,0.11199,105.0
1753600134359,07:08:54.359,gateio,AEVO/USDT:USDT,0.11205,6707.0,0.11204,168.0,0.11217,2012.0,0.1122,168.0
1753600134459,07:08:54.459,gateio,AEVO/USDT:USDT,0.11208,168.0,0.11207,62.0,0.11216,10.0,0.11219,168.0
1753600134563,07:08:54.563,gateio,AEVO/USDT:USDT,0.11208,168.0,0.11207,62.0,0.11219,168.0,0.11221,10.0
1753600134663,07:08:54.663,gateio,AEVO/USDT:USDT,0.11208,168.0,0.11207,62.0,0.11217,168.0,0.11218,1789.0
1753600134751,07:08:54.751,gateio,AEVO/USDT:USDT,0.11208,168.0,0.11206,103.0,0.11216,168.0,0.11217,72.0
1753600134837,07:08:54.837,gateio,AEVO/USDT:USDT,0.11204,168.0,0.11198,103.0,0.11216,168.0,0.11217,72.0
1753600134953,07:08:54.953,gateio,AEVO/USDT:USDT,0.11204,168.0,0.11198,103.0,0.11216,168.0,0.11217,72.0
1753600135041,07:08:55.041,gateio,AEVO/USDT:USDT,0.11205,168.0,0.11204,31.0,0.11216,168.0,0.11217,72.0
1753600135071,07:08:55.071,gateio,AEVO/USDT:USDT,0.11206,168.0,0.11205,31.0,0.11216,168.0,0.11217,72.0
1753600135302,07:08:55.302,gateio,AEVO/USDT:USDT,0.11206,168.0,0.11205,31.0,0.11216,168.0,0.11217,72.0
1753600135409,07:08:55.409,gateio,AEVO/USDT:USDT,0.11206,168.0,0.11205,31.0,0.11216,168.0,0.11217,72.0
1753600135648,07:08:55.648,gateio,AEVO/USDT:USDT,0.11206,168.0,0.11205,31.0,0.11216,168.0,0.11217,72.0
1753600136263,07:08:56.263,gateio,AEVO/USDT:USDT,0.11206,168.0,0.11205,31.0,0.11216,168.0,0.11217,72.0
1753600136445,07:08:56.445,gateio,AEVO/USDT:USDT,0.11206,168.0,0.11205,31.0,0.11216,168.0,0.11217,72.0
1753600136467,07:08:56.467,gateio,AEVO/USDT:USDT,0.11206,168.0,0.11205,31.0,0.11216,168.0,0.11217,72.0
1753600137422,07:08:57.422,gateio,AEVO/USDT:USDT,0.11206,168.0,0.11205,31.0,0.11216,168.0,0.11217,72.0
1753600137549,07:08:57.549,gateio,AEVO/USDT:USDT,0.11206,168.0,0.11205,31.0,0.11216,168.0,0.11217,72.0
1753600137689,07:08:57.689,gateio,AEVO/USDT:USDT,0.11206,168.0,0.11205,31.0,0.11216,168.0,0.11217,72.0
1753600138008,07:08:58.008,gateio,AEVO/USDT:USDT,0.11206,168.0,0.11205,31.0,0.11216,168.0,0.11217,72.0
1753600138525,07:08:58.525,gateio,AEVO/USDT:USDT,0.11206,168.0,0.11205,31.0,0.11216,168.0,0.11217,72.0
1753600139005,07:08:59.005,gateio,AEVO/USDT:USDT,0.11206,168.0,0.11205,31.0,0.11216,168.0,0.11217,72.0
1753600139527,07:08:59.527,gateio,AEVO/USDT:USDT,0.11206,168.0,0.11205,31.0,0.11216,168.0,0.11217,72.0
1753600140275,07:09:00.275,gateio,AEVO/USDT:USDT,0.11206,168.0,0.11204,31.0,0.11216,168.0,0.11217,72.0
1753600140557,07:09:00.557,gateio,AEVO/USDT:USDT,0.11199,168.0,0.11198,103.0,0.1121,168.0,0.11216,168.0
1753600140750,07:09:00.750,gateio,AEVO/USDT:USDT,0.11201,171.0,0.112,1789.0,0.11216,168.0,0.11217,10.0
1753600140861,07:09:00.861,gateio,AEVO/USDT:USDT,0.11202,171.0,0.11201,274.0,0.11217,181.0,0.11218,1789.0
1753600140955,07:09:00.955,gateio,AEVO/USDT:USDT,0.11207,202.0,0.11206,31.0,0.11217,10.0,0.11219,168.0
1753600141025,07:09:01.025,gateio,AEVO/USDT:USDT,0.11208,171.0,0.11207,31.0,0.11219,168.0,0.11221,10.0
1753600141068,07:09:01.068,gateio,AEVO/USDT:USDT,0.11208,171.0,0.11207,31.0,0.11219,168.0,0.11221,10.0
1753600141187,07:09:01.187,gateio,AEVO/USDT:USDT,0.11208,171.0,0.11207,31.0,0.11218,171.0,0.11219,62.0
1753600141382,07:09:01.382,gateio,AEVO/USDT:USDT,0.11208,171.0,0.11207,31.0,0.11218,171.0,0.11219,62.0
1753600141792,07:09:01.792,gateio,AEVO/USDT:USDT,0.11208,171.0,0.11207,31.0,0.11218,171.0,0.11219,62.0
1753600142003,07:09:02.003,gateio,AEVO/USDT:USDT,0.11208,171.0,0.11207,31.0,0.11218,171.0,0.11219,62.0
1753600142548,07:09:02.548,gateio,AEVO/USDT:USDT,0.11208,171.0,0.11207,31.0,0.11218,171.0,0.11219,62.0
1753600142628,07:09:02.628,gateio,AEVO/USDT:USDT,0.11208,171.0,0.11207,31.0,0.11218,171.0,0.11219,62.0
1753600142670,07:09:02.670,gateio,AEVO/USDT:USDT,0.11208,171.0,0.11207,31.0,0.11218,171.0,0.11219,62.0
1753600142883,07:09:02.883,gateio,AEVO/USDT:USDT,0.11208,171.0,0.11207,31.0,0.11218,171.0,0.11219,62.0
1753600143005,07:09:03.005,gateio,AEVO/USDT:USDT,0.11208,171.0,0.11207,31.0,0.11218,171.0,0.11219,62.0
1753600143356,07:09:03.356,gateio,AEVO/USDT:USDT,0.11208,171.0,0.11207,31.0,0.11219,233.0,0.11221,10.0
1753600143366,07:09:03.366,gateio,AEVO/USDT:USDT,0.11208,171.0,0.11207,31.0,0.11219,233.0,0.11221,10.0
1753600143471,07:09:03.471,gateio,AEVO/USDT:USDT,0.11208,171.0,0.11207,31.0,0.11219,233.0,0.11221,10.0
1753600143753,07:09:03.753,gateio,AEVO/USDT:USDT,0.11208,171.0,0.11207,31.0,0.11218,171.0,0.11219,62.0
1753600143857,07:09:03.857,gateio,AEVO/USDT:USDT,0.11208,171.0,0.11207,31.0,0.11218,171.0,0.11219,62.0
1753600143926,07:09:03.926,gateio,AEVO/USDT:USDT,0.11208,171.0,0.11207,31.0,0.11219,233.0,0.11221,10.0
1753600143990,07:09:03.990,gateio,AEVO/USDT:USDT,0.11208,171.0,0.11207,31.0,0.11218,171.0,0.11219,62.0
1753600144345,07:09:04.345,gateio,AEVO/USDT:USDT,0.11208,171.0,0.11207,31.0,0.11218,171.0,0.11219,62.0
1753600145347,07:09:05.347,gateio,AEVO/USDT:USDT,0.11208,171.0,0.11207,31.0,0.11218,171.0,0.11219,62.0
1753600146007,07:09:06.007,gateio,AEVO/USDT:USDT,0.11208,171.0,0.11207,31.0,0.11218,171.0,0.11219,62.0
1753600146154,07:09:06.154,gateio,AEVO/USDT:USDT,0.11204,171.0,0.11203,603.0,0.11216,1789.0,0.11218,171.0
1753600146190,07:09:06.190,gateio,AEVO/USDT:USDT,0.11204,171.0,0.11203,603.0,0.11214,171.0,0.11215,10.0
1753600146322,07:09:06.322,gateio,AEVO/USDT:USDT,0.11204,171.0,0.11203,603.0,0.11214,171.0,0.11215,10.0
1753600146380,07:09:06.380,gateio,AEVO/USDT:USDT,0.11204,171.0,0.11203,603.0,0.11214,171.0,0.11215,10.0
1753600146486,07:09:06.486,gateio,AEVO/USDT:USDT,0.11204,171.0,0.11203,603.0,0.11218,171.0,0.11221,10.0
1753600146681,07:09:06.681,gateio,AEVO/USDT:USDT,0.11204,171.0,0.11203,603.0,0.11218,171.0,0.11221,10.0
1753600147006,07:09:07.006,gateio,AEVO/USDT:USDT,0.11204,171.0,0.11203,603.0,0.11218,171.0,0.11221,10.0
1753600147311,07:09:07.311,gateio,AEVO/USDT:USDT,0.11204,171.0,0.11203,603.0,0.11218,171.0,0.11221,10.0
1753600147496,07:09:07.496,gateio,AEVO/USDT:USDT,0.11204,171.0,0.11203,603.0,0.11218,171.0,0.11221,10.0
1753600147912,07:09:07.912,gateio,AEVO/USDT:USDT,0.11204,171.0,0.11203,603.0,0.11218,171.0,0.11221,10.0
1753600148229,07:09:08.229,gateio,AEVO/USDT:USDT,0.11204,171.0,0.11203,603.0,0.11218,171.0,0.11221,10.0
1753600148299,07:09:08.299,gateio,AEVO/USDT:USDT,0.11204,171.0,0.11203,103.0,0.11218,171.0,0.11221,10.0
1753600148406,07:09:08.406,gateio,AEVO/USDT:USDT,0.11202,171.0,0.11201,1789.0,0.11218,171.0,0.11221,10.0
1753600148486,07:09:08.486,gateio,AEVO/USDT:USDT,0.11203,171.0,0.11202,103.0,0.11218,171.0,0.11221,10.0
1753600149129,07:09:09.129,gateio,AEVO/USDT:USDT,0.11203,171.0,0.11202,103.0,0.11218,171.0,0.11221,10.0
1753600149539,07:09:09.539,gateio,AEVO/USDT:USDT,0.11203,171.0,0.11202,103.0,0.11218,171.0,0.11221,10.0
1753600150006,07:09:10.006,gateio,AEVO/USDT:USDT,0.11203,171.0,0.11202,103.0,0.11218,171.0,0.11221,10.0
1753600150756,07:09:10.756,gateio,AEVO/USDT:USDT,0.11203,171.0,0.11202,103.0,0.11218,171.0,0.11221,10.0
1753600150821,07:09:10.821,gateio,AEVO/USDT:USDT,0.11207,172.0,0.11206,6707.0,0.11218,171.0,0.11221,10.0
1753600150947,07:09:10.947,gateio,AEVO/USDT:USDT,0.11209,172.0,0.11208,31.0,0.11217,172.0,0.11218,31.0
1753600150968,07:09:10.968,gateio,AEVO/USDT:USDT,0.11209,172.0,0.11208,31.0,0.11217,172.0,0.11218,31.0
1753600151176,07:09:11.176,gateio,AEVO/USDT:USDT,0.11209,172.0,0.11208,31.0,0.11217,172.0,0.11218,31.0
1753600151266,07:09:11.266,gateio,AEVO/USDT:USDT,0.11209,172.0,0.11208,31.0,0.11217,172.0,0.11218,31.0
1753600152446,07:09:12.446,gateio,AEVO/USDT:USDT,0.11209,172.0,0.11208,31.0,0.11217,172.0,0.11218,31.0
1753600152480,07:09:12.480,gateio,AEVO/USDT:USDT,0.11209,172.0,0.11208,31.0,0.11217,172.0,0.11218,31.0
1753600152641,07:09:12.641,gateio,AEVO/USDT:USDT,0.11209,172.0,0.11208,31.0,0.11217,172.0,0.11218,31.0
1753600152818,07:09:12.818,gateio,AEVO/USDT:USDT,0.11209,172.0,0.11208,31.0,0.11217,172.0,0.11218,31.0
1753600152957,07:09:12.957,gateio,AEVO/USDT:USDT,0.11203,171.0,0.11202,103.0,0.11217,172.0,0.11218,31.0
1753600153050,07:09:13.050,gateio,AEVO/USDT:USDT,0.11203,171.0,0.11199,168.0,0.11215,172.0,0.11217,172.0
1753600153124,07:09:13.124,gateio,AEVO/USDT:USDT,0.11201,172.0,0.112,1789.0,0.11217,172.0,0.11221,10.0
1753600153245,07:09:13.245,gateio,AEVO/USDT:USDT,0.11202,172.0,0.11201,103.0,0.11217,172.0,0.11221,10.0
1753600153927,07:09:13.927,gateio,AEVO/USDT:USDT,0.11202,172.0,0.11201,103.0,0.11217,172.0,0.11221,10.0
1753600155740,07:09:15.740,gateio,AEVO/USDT:USDT,0.11202,172.0,0.11201,103.0,0.11217,172.0,0.11221,10.0
1753600156925,07:09:16.925,gateio,AEVO/USDT:USDT,0.11202,172.0,0.11201,103.0,0.11215,172.0,0.11217,172.0
1753600157060,07:09:17.060,gateio,AEVO/USDT:USDT,0.11202,172.0,0.11201,103.0,0.11216,394.0,0.11217,172.0
1753600157102,07:09:17.102,gateio,AEVO/USDT:USDT,0.11202,172.0,0.11201,103.0,0.11215,172.0,0.11216,10.0
1753600157217,07:09:17.217,gateio,AEVO/USDT:USDT,0.11202,172.0,0.11201,103.0,0.11217,172.0,0.11221,10.0
1753600157266,07:09:17.266,gateio,AEVO/USDT:USDT,0.11202,172.0,0.11201,103.0,0.11217,172.0,0.11221,10.0
1753600157556,07:09:17.556,gateio,AEVO/USDT:USDT,0.11202,172.0,0.11201,103.0,0.11215,172.0,0.11216,394.0
1753600157606,07:09:17.606,gateio,AEVO/USDT:USDT,0.11202,172.0,0.11201,103.0,0.11214,172.0,0.11215,10.0
1753600157739,07:09:17.739,gateio,AEVO/USDT:USDT,0.11202,172.0,0.11201,103.0,0.11217,172.0,0.11221,10.0
1753600158346,07:09:18.346,gateio,AEVO/USDT:USDT,0.11202,172.0,0.11201,103.0,0.11215,172.0,0.11216,394.0
1753600158406,07:09:18.406,gateio,AEVO/USDT:USDT,0.11202,172.0,0.11201,103.0,0.11214,172.0,0.11215,10.0
1753600158538,07:09:18.538,gateio,AEVO/USDT:USDT,0.11202,172.0,0.11201,103.0,0.11217,172.0,0.11221,10.0
1753600158728,07:09:18.728,gateio,AEVO/USDT:USDT,0.11202,172.0,0.11201,103.0,0.11215,172.0,0.11216,394.0
1753600158826,07:09:18.826,gateio,AEVO/USDT:USDT,0.11203,172.0,0.11202,62.0,0.11213,172.0,0.11214,62.0
1753600158898,07:09:18.898,gateio,AEVO/USDT:USDT,0.11203,172.0,0.11202,62.0,0.11213,172.0,0.11214,62.0
1753600159177,07:09:19.177,gateio,AEVO/USDT:USDT,0.11203,172.0,0.11202,62.0,0.11213,172.0,0.11214,62.0
1753600160450,07:09:20.450,gateio,AEVO/USDT:USDT,0.11202,172.0,0.11201,103.0,0.11211,234.0,0.11212,1820.0
1753600160536,07:09:20.536,gateio,AEVO/USDT:USDT,0.11201,172.0,0.112,31.0,0.1121,172.0,0.11211,72.0
1753600160938,07:09:20.938,gateio,AEVO/USDT:USDT,0.11201,172.0,0.112,31.0,0.1121,172.0,0.11211,72.0
1753600161044,07:09:21.044,gateio,AEVO/USDT:USDT,0.11201,172.0,0.112,31.0,0.1121,172.0,0.11211,72.0
1753600161142,07:09:21.142,gateio,AEVO/USDT:USDT,0.11201,172.0,0.112,31.0,0.1121,172.0,0.11211,72.0
1753600163529,07:09:23.529,gateio,AEVO/USDT:USDT,0.11201,172.0,0.112,31.0,0.1121,172.0,0.11211,72.0
1753600163769,07:09:23.769,gateio,AEVO/USDT:USDT,0.11201,172.0,0.112,31.0,0.1121,172.0,0.11211,72.0
1753600166211,07:09:26.211,gateio,AEVO/USDT:USDT,0.11201,172.0,0.112,31.0,0.1121,172.0,0.11211,72.0
1753600166556,07:09:26.556,gateio,AEVO/USDT:USDT,0.11201,172.0,0.112,31.0,0.1121,172.0,0.11211,72.0
1753600168052,07:09:28.052,gateio,AEVO/USDT:USDT,0.112,202.0,0.11199,168.0,0.1121,172.0,0.11211,72.0
1753600168208,07:09:28.208,gateio,AEVO/USDT:USDT,0.11201,171.0,0.112,31.0,0.1121,172.0,0.11211,72.0
1753600168328,07:09:28.328,gateio,AEVO/USDT:USDT,0.11201,171.0,0.112,31.0,0.1121,172.0,0.11211,72.0
1753600168886,07:09:28.886,gateio,AEVO/USDT:USDT,0.11202,171.0,0.11201,31.0,0.1121,172.0,0.11211,72.0
1753600169539,07:09:29.539,gateio,AEVO/USDT:USDT,0.11202,171.0,0.11201,31.0,0.1121,172.0,0.11211,72.0
1753600169861,07:09:29.861,gateio,AEVO/USDT:USDT,0.11217,171.0,0.11216,6769.0,0.11234,168.0,0.11235,228.0
1753600169963,07:09:29.963,gateio,AEVO/USDT:USDT,0.11218,171.0,0.11217,1897.0,0.11227,171.0,0.11228,635.0
1753600170055,07:09:30.055,gateio,AEVO/USDT:USDT,0.11218,171.0,0.11217,1897.0,0.11227,171.0,0.11228,171.0
1753600170157,07:09:30.157,gateio,AEVO/USDT:USDT,0.11218,171.0,0.11217,1897.0,0.1123,464.0,0.11231,202.0
1753600170262,07:09:30.262,gateio,AEVO/USDT:USDT,0.11218,171.0,0.11217,1897.0,0.11226,171.0,0.11228,171.0
1753600170300,07:09:30.300,gateio,AEVO/USDT:USDT,0.11218,171.0,0.11217,1897.0,0.11226,171.0,0.11228,171.0
1753600170410,07:09:30.410,gateio,AEVO/USDT:USDT,0.11218,171.0,0.11217,1897.0,0.11228,171.0,0.11231,202.0
1753600170893,07:09:30.893,gateio,AEVO/USDT:USDT,0.11218,171.0,0.11217,1897.0,0.11228,171.0,0.11231,202.0
1753600171053,07:09:31.053,gateio,AEVO/USDT:USDT,0.11218,171.0,0.11217,1897.0,0.11228,171.0,0.11231,202.0
1753600171065,07:09:31.065,gateio,AEVO/USDT:USDT,0.11218,171.0,0.11217,1897.0,0.11228,171.0,0.11231,202.0
1753600171240,07:09:31.240,gateio,AEVO/USDT:USDT,0.11218,171.0,0.11217,1897.0,0.11228,171.0,0.11231,202.0
1753600171447,07:09:31.447,gateio,AEVO/USDT:USDT,0.11218,171.0,0.11217,1897.0,0.11225,634.0,0.11226,464.0
1753600171526,07:09:31.526,gateio,AEVO/USDT:USDT,0.11218,171.0,0.11217,1897.0,0.11224,634.0,0.11228,171.0
1753600171630,07:09:31.630,gateio,AEVO/USDT:USDT,0.11218,171.0,0.11217,1897.0,0.11224,634.0,0.11228,171.0
1753600171734,07:09:31.734,gateio,AEVO/USDT:USDT,0.11218,171.0,0.11217,1897.0,0.11224,634.0,0.11228,171.0
1753600171768,07:09:31.768,gateio,AEVO/USDT:USDT,0.11218,171.0,0.11217,1897.0,0.11224,634.0,0.11228,171.0
1753600172046,07:09:32.046,gateio,AEVO/USDT:USDT,0.11218,171.0,0.11217,1897.0,0.11223,170.0,0.11228,171.0
1753600172134,07:09:32.134,gateio,AEVO/USDT:USDT,0.11218,171.0,0.11217,1897.0,0.11228,171.0,0.11231,202.0
1753600172200,07:09:32.200,gateio,AEVO/USDT:USDT,0.11218,171.0,0.11217,1897.0,0.11228,171.0,0.11231,202.0
1753600172283,07:09:32.283,gateio,AEVO/USDT:USDT,0.11218,171.0,0.11217,1897.0,0.11228,171.0,0.11231,202.0
1753600172697,07:09:32.697,gateio,AEVO/USDT:USDT,0.11218,171.0,0.11217,1897.0,0.11228,171.0,0.11231,202.0
1753600172842,07:09:32.842,gateio,AEVO/USDT:USDT,0.11217,1897.0,0.11216,62.0,0.11228,171.0,0.11231,202.0
1753600172908,07:09:32.908,gateio,AEVO/USDT:USDT,0.11218,170.0,0.11217,1897.0,0.11228,171.0,0.11231,202.0
1753600173021,07:09:33.021,gateio,AEVO/USDT:USDT,0.11218,170.0,0.11217,1897.0,0.11228,171.0,0.11231,202.0
1753600173150,07:09:33.150,gateio,AEVO/USDT:USDT,0.11218,170.0,0.11217,1897.0,0.11228,171.0,0.11231,202.0
1753600173517,07:09:33.517,gateio,AEVO/USDT:USDT,0.11218,170.0,0.11217,1897.0,0.11228,171.0,0.11231,202.0
1753600173907,07:09:33.907,gateio,AEVO/USDT:USDT,0.11218,170.0,0.11217,1897.0,0.11228,171.0,0.11231,202.0
1753600174006,07:09:34.006,gateio,AEVO/USDT:USDT,0.11218,170.0,0.11217,1897.0,0.11228,171.0,0.11231,202.0
1753600174447,07:09:34.447,gateio,AEVO/USDT:USDT,0.11218,170.0,0.11217,1897.0,0.11224,634.0,0.11225,464.0
1753600174533,07:09:34.533,gateio,AEVO/USDT:USDT,0.11218,170.0,0.11217,1897.0,0.11223,170.0,0.11227,170.0
1753600174645,07:09:34.645,gateio,AEVO/USDT:USDT,0.11218,170.0,0.11217,1897.0,0.11231,171.0,0.11235,500.0
1753600174738,07:09:34.738,gateio,AEVO/USDT:USDT,0.11218,170.0,0.11217,1897.0,0.11231,171.0,0.11235,500.0
1753600174843,07:09:34.843,gateio,AEVO/USDT:USDT,0.11218,170.0,0.11217,1897.0,0.11231,171.0,0.11235,727.0
1753600174960,07:09:34.960,gateio,AEVO/USDT:USDT,0.11218,170.0,0.11217,1897.0,0.11229,634.0,0.1123,464.0
1753600175050,07:09:35.050,gateio,AEVO/USDT:USDT,0.11218,170.0,0.11217,1897.0,0.11222,170.0,0.11223,464.0
1753600175156,07:09:35.156,gateio,AEVO/USDT:USDT,0.11218,170.0,0.11217,1897.0,0.11222,170.0,0.11224,170.0
1753600175250,07:09:35.250,gateio,AEVO/USDT:USDT,0.11218,170.0,0.11217,1897.0,0.11231,171.0,0.11235,727.0
1753600175345,07:09:35.345,gateio,AEVO/USDT:USDT,0.11218,170.0,0.11217,1897.0,0.11231,171.0,0.11235,727.0
1753600175566,07:09:35.566,gateio,AEVO/USDT:USDT,0.11218,170.0,0.11217,1897.0,0.11231,171.0,0.11235,727.0
1753600176058,07:09:36.058,gateio,AEVO/USDT:USDT,0.11218,170.0,0.11217,1897.0,0.11231,171.0,0.11235,727.0
1753600178060,07:09:38.060,gateio,AEVO/USDT:USDT,0.11217,1897.0,0.11216,62.0,0.1123,464.0,0.11231,171.0
1753600178147,07:09:38.147,gateio,AEVO/USDT:USDT,0.11217,1897.0,0.11216,62.0,0.11224,634.0,0.11225,464.0
1753600178261,07:09:38.261,gateio,AEVO/USDT:USDT,0.11217,1897.0,0.11216,62.0,0.11223,170.0,0.11227,31.0
1753600178456,07:09:38.456,gateio,AEVO/USDT:USDT,0.11217,1897.0,0.11216,62.0,0.11223,170.0,0.11228,227.0
1753600178836,07:09:38.836,gateio,AEVO/USDT:USDT,0.11217,1897.0,0.11216,62.0,0.11223,170.0,0.11228,227.0
1753600179555,07:09:39.555,gateio,AEVO/USDT:USDT,0.11217,1897.0,0.11216,62.0,0.11223,170.0,0.11228,227.0
1753600179841,07:09:39.841,gateio,AEVO/USDT:USDT,0.11217,1897.0,0.11216,62.0,0.11223,170.0,0.11228,227.0
1753600179944,07:09:39.944,gateio,AEVO/USDT:USDT,0.11218,170.0,0.11217,1897.0,0.11223,170.0,0.11228,227.0
1753600180053,07:09:40.053,gateio,AEVO/USDT:USDT,0.11218,170.0,0.11217,1897.0,0.11223,170.0,0.11228,227.0
1753600180128,07:09:40.128,gateio,AEVO/USDT:USDT,0.11218,170.0,0.11217,1897.0,0.11223,170.0,0.11228,227.0
1753600180188,07:09:40.188,gateio,AEVO/USDT:USDT,0.11218,170.0,0.11217,1897.0,0.11223,170.0,0.11228,227.0
1753600180362,07:09:40.362,gateio,AEVO/USDT:USDT,0.11218,170.0,0.11217,1897.0,0.11223,170.0,0.11228,227.0
1753600180365,07:09:40.365,gateio,AEVO/USDT:USDT,0.11218,170.0,0.11217,1897.0,0.11223,170.0,0.11228,227.0
1753600180471,07:09:40.471,gateio,AEVO/USDT:USDT,0.11218,170.0,0.11217,1897.0,0.11223,170.0,0.11228,227.0
1753600181046,07:09:41.046,gateio,AEVO/USDT:USDT,0.11218,170.0,0.11217,1897.0,0.11226,464.0,0.11227,167.0
1753600181110,07:09:41.110,gateio,AEVO/USDT:USDT,0.11218,170.0,0.11217,1897.0,0.11225,167.0,0.11227,167.0
1753600181219,07:09:41.219,gateio,AEVO/USDT:USDT,0.11218,170.0,0.11217,1897.0,0.11227,167.0,0.1123,227.0
1753600181288,07:09:41.288,gateio,AEVO/USDT:USDT,0.11218,170.0,0.11217,1897.0,0.11227,167.0,0.1123,227.0
1753600181650,07:09:41.650,gateio,AEVO/USDT:USDT,0.11218,170.0,0.11217,1897.0,0.11224,631.0,0.11225,464.0
1753600181706,07:09:41.706,gateio,AEVO/USDT:USDT,0.11218,170.0,0.11217,1897.0,0.11223,167.0,0.11226,167.0
1753600181823,07:09:41.823,gateio,AEVO/USDT:USDT,0.11218,170.0,0.11217,1897.0,0.11226,167.0,0.11227,31.0
1753600181929,07:09:41.929,gateio,AEVO/USDT:USDT,0.11218,170.0,0.11217,1897.0,0.11226,167.0,0.11227,31.0
1753600182044,07:09:42.044,gateio,AEVO/USDT:USDT,0.11218,170.0,0.11217,1897.0,0.11226,167.0,0.11227,31.0
1753600182128,07:09:42.128,gateio,AEVO/USDT:USDT,0.11218,170.0,0.11217,1897.0,0.11226,167.0,0.11227,31.0
1753600182310,07:09:42.310,gateio,AEVO/USDT:USDT,0.11218,170.0,0.11217,1897.0,0.11226,167.0,0.11231,398.0
1753600184549,07:09:44.549,gateio,AEVO/USDT:USDT,0.11218,170.0,0.11217,1897.0,0.11226,167.0,0.11231,398.0
1753600184929,07:09:44.929,gateio,AEVO/USDT:USDT,0.11218,170.0,0.11217,1897.0,0.11226,167.0,0.11231,398.0
1753600186008,07:09:46.008,gateio,AEVO/USDT:USDT,0.11218,170.0,0.11217,1897.0,0.11226,167.0,0.11231,398.0
1753600186228,07:09:46.228,gateio,AEVO/USDT:USDT,0.11218,170.0,0.11217,1897.0,0.11223,167.0,0.11224,1.0
1753600186339,07:09:46.339,gateio,AEVO/USDT:USDT,0.11218,170.0,0.11217,1897.0,0.11223,167.0,0.11224,1.0
1753600186445,07:09:46.445,gateio,AEVO/USDT:USDT,0.11218,170.0,0.11217,1897.0,0.11226,167.0,0.11231,171.0
1753600186496,07:09:46.496,gateio,AEVO/USDT:USDT,0.11218,170.0,0.11217,1897.0,0.11231,171.0,0.11235,727.0
1753600186579,07:09:46.579,gateio,AEVO/USDT:USDT,0.11218,170.0,0.11217,1897.0,0.11231,171.0,0.11235,727.0
1753600187148,07:09:47.148,gateio,AEVO/USDT:USDT,0.11217,1897.0,0.11216,62.0,0.11229,631.0,0.1123,464.0
1753600187245,07:09:47.245,gateio,AEVO/USDT:USDT,0.11217,1897.0,0.11216,62.0,0.11223,167.0,0.11226,167.0
1753600187271,07:09:47.271,gateio,AEVO/USDT:USDT,0.11217,1897.0,0.11216,62.0,0.11223,167.0,0.11226,167.0
1753600187447,07:09:47.447,gateio,AEVO/USDT:USDT,0.11218,167.0,0.11217,1897.0,0.1123,464.0,0.11231,171.0
1753600187546,07:09:47.546,gateio,AEVO/USDT:USDT,0.11217,1897.0,0.11216,62.0,0.11223,631.0,0.11224,464.0
1753600187607,07:09:47.607,gateio,AEVO/USDT:USDT,0.11217,1897.0,0.11216,62.0,0.11222,167.0,0.11226,198.0
1753600187688,07:09:47.688,gateio,AEVO/USDT:USDT,0.11217,1897.0,0.11216,62.0,0.11222,167.0,0.11226,198.0
1753600187855,07:09:47.855,gateio,AEVO/USDT:USDT,0.11217,1897.0,0.11216,62.0,0.11222,167.0,0.11226,198.0
1753600188277,07:09:48.277,gateio,AEVO/USDT:USDT,0.11217,1897.0,0.11216,62.0,0.11222,167.0,0.11226,198.0
1753600188631,07:09:48.631,gateio,AEVO/USDT:USDT,0.11217,1897.0,0.11216,62.0,0.11222,167.0,0.11226,198.0
1753600188972,07:09:48.972,gateio,AEVO/USDT:USDT,0.11217,1897.0,0.11216,62.0,0.11222,167.0,0.11226,198.0
1753600189728,07:09:49.728,gateio,AEVO/USDT:USDT,0.11217,1897.0,0.11216,62.0,0.11222,167.0,0.11226,198.0
1753600190254,07:09:50.254,gateio,AEVO/USDT:USDT,0.11219,62.0,0.11218,6707.0,0.11224,167.0,0.1123,227.0
1753600190273,07:09:50.273,gateio,AEVO/USDT:USDT,0.11219,337.0,0.11218,6707.0,0.11224,167.0,0.11228,227.0
1753600190377,07:09:50.377,gateio,AEVO/USDT:USDT,0.11219,337.0,0.11218,6707.0,0.11224,167.0,0.11228,227.0
1753600190663,07:09:50.663,gateio,AEVO/USDT:USDT,0.11219,337.0,0.11218,6707.0,0.11224,167.0,0.11228,227.0
1753600191080,07:09:51.080,gateio,AEVO/USDT:USDT,0.11219,170.0,0.11218,6707.0,0.11224,167.0,0.11228,227.0
1753600191359,07:09:51.359,gateio,AEVO/USDT:USDT,0.11215,1789.0,0.11211,171.0,0.1122,464.0,0.11222,202.0
1753600191432,07:09:51.432,gateio,AEVO/USDT:USDT,0.11215,1789.0,0.11214,62.0,0.1122,464.0,0.11222,202.0
1753600191493,07:09:51.493,gateio,AEVO/USDT:USDT,0.11215,1789.0,0.11214,62.0,0.1122,464.0,0.11222,202.0
1753600191810,07:09:51.810,gateio,AEVO/USDT:USDT,0.11215,1789.0,0.11214,62.0,0.1122,464.0,0.11222,202.0
1753600192005,07:09:52.005,gateio,AEVO/USDT:USDT,0.11215,1789.0,0.11214,62.0,0.1122,464.0,0.11222,202.0
1753600192149,07:09:52.149,gateio,AEVO/USDT:USDT,0.11215,1789.0,0.11214,62.0,0.11231,171.0,0.11235,500.0
1753600192246,07:09:52.246,gateio,AEVO/USDT:USDT,0.11215,1789.0,0.11214,31.0,0.11228,464.0,0.11229,464.0
1753600192346,07:09:52.346,gateio,AEVO/USDT:USDT,0.11215,1820.0,0.11214,31.0,0.11222,464.0,0.11223,464.0
1753600192446,07:09:52.446,gateio,AEVO/USDT:USDT,0.11215,1820.0,0.11214,31.0,0.11221,464.0,0.11225,227.0
1753600192470,07:09:52.470,gateio,AEVO/USDT:USDT,0.11215,1820.0,0.11214,31.0,0.11221,464.0,0.11225,227.0
1753600192731,07:09:52.731,gateio,AEVO/USDT:USDT,0.11215,1820.0,0.11214,31.0,0.11221,464.0,0.11225,227.0
1753600192798,07:09:52.798,gateio,AEVO/USDT:USDT,0.11215,1820.0,0.11214,31.0,0.11221,464.0,0.11225,227.0
1753600192875,07:09:52.875,gateio,AEVO/USDT:USDT,0.11215,1820.0,0.11214,31.0,0.11221,464.0,0.11225,227.0
1753600192997,07:09:52.997,gateio,AEVO/USDT:USDT,0.11215,1789.0,0.11214,31.0,0.11221,464.0,0.11225,227.0
1753600193154,07:09:53.154,gateio,AEVO/USDT:USDT,0.11216,171.0,0.11215,1789.0,0.11221,464.0,0.11225,227.0
1753600193232,07:09:53.232,gateio,AEVO/USDT:USDT,0.11215,1789.0,0.11214,31.0,0.11221,464.0,0.11225,227.0
1753600193347,07:09:53.347,gateio,AEVO/USDT:USDT,0.11215,1789.0,0.11214,31.0,0.11221,464.0,0.11225,227.0
1753600193439,07:09:53.439,gateio,AEVO/USDT:USDT,0.11215,1789.0,0.11214,31.0,0.11221,464.0,0.11225,227.0
1753600193552,07:09:53.552,gateio,AEVO/USDT:USDT,0.11215,1789.0,0.11214,31.0,0.11221,464.0,0.11225,227.0
1753600194062,07:09:54.062,gateio,AEVO/USDT:USDT,0.11209,14.0,0.11207,31.0,0.11211,464.0,0.11214,31.0
1753600194155,07:09:54.155,gateio,AEVO/USDT:USDT,0.11206,171.0,0.11205,31.0,0.1121,464.0,0.11214,227.0
1753600194261,07:09:54.261,gateio,AEVO/USDT:USDT,0.11203,500.0,0.11202,171.0,0.11209,464.0,0.1121,464.0
1753600194361,07:09:54.361,gateio,AEVO/USDT:USDT,0.11203,500.0,0.11199,168.0,0.11205,464.0,0.11208,233.0
1753600194413,07:09:54.413,gateio,AEVO/USDT:USDT,0.11203,500.0,0.11199,168.0,0.11205,464.0,0.11208,233.0
1753600194551,07:09:54.551,gateio,AEVO/USDT:USDT,0.11203,500.0,0.11199,168.0,0.11205,464.0,0.11208,233.0
1753600194571,07:09:54.571,gateio,AEVO/USDT:USDT,0.11203,500.0,0.11199,168.0,0.11205,464.0,0.11208,233.0
1753600194670,07:09:54.670,gateio,AEVO/USDT:USDT,0.11203,500.0,0.11199,168.0,0.11205,464.0,0.11208,233.0
1753600194823,07:09:54.823,gateio,AEVO/USDT:USDT,0.11201,171.0,0.112,1789.0,0.11205,464.0,0.11208,233.0
1753600194874,07:09:54.874,gateio,AEVO/USDT:USDT,0.11201,171.0,0.112,1789.0,0.11205,464.0,0.11208,233.0
1753600195062,07:09:55.062,gateio,AEVO/USDT:USDT,0.11201,171.0,0.112,1789.0,0.11205,464.0,0.11208,233.0
1753600195071,07:09:55.071,gateio,AEVO/USDT:USDT,0.11201,171.0,0.112,1789.0,0.11205,464.0,0.11208,233.0
1753600195205,07:09:55.205,gateio,AEVO/USDT:USDT,0.11201,171.0,0.112,1789.0,0.11205,464.0,0.11208,233.0
1753600195270,07:09:55.270,gateio,AEVO/USDT:USDT,0.11201,171.0,0.112,1789.0,0.11205,464.0,0.11208,233.0
1753600195456,07:09:55.456,gateio,AEVO/USDT:USDT,0.11201,171.0,0.112,1789.0,0.11205,464.0,0.11208,233.0
1753600195470,07:09:55.470,gateio,AEVO/USDT:USDT,0.11201,171.0,0.112,1789.0,0.11205,464.0,0.11208,233.0
1753600195622,07:09:55.622,gateio,AEVO/USDT:USDT,0.11201,171.0,0.112,1789.0,0.11205,464.0,0.11208,233.0
1753600195763,07:09:55.763,gateio,AEVO/USDT:USDT,0.112,1789.0,0.11199,168.0,0.11204,464.0,0.11205,464.0
1753600195827,07:09:55.827,gateio,AEVO/USDT:USDT,0.11201,171.0,0.112,1789.0,0.11204,464.0,0.11208,233.0
1753600195864,07:09:55.864,gateio,AEVO/USDT:USDT,0.11201,171.0,0.112,1789.0,0.11204,464.0,0.11208,233.0
1753600195971,07:09:55.971,gateio,AEVO/USDT:USDT,0.11201,171.0,0.112,1789.0,0.11204,464.0,0.11208,233.0
1753600196072,07:09:56.072,gateio,AEVO/USDT:USDT,0.11201,171.0,0.112,1789.0,0.11204,464.0,0.11208,233.0
1753600196170,07:09:56.170,gateio,AEVO/USDT:USDT,0.11201,171.0,0.112,1789.0,0.11204,464.0,0.11208,233.0
1753600196351,07:09:56.351,gateio,AEVO/USDT:USDT,0.11201,171.0,0.112,1789.0,0.11204,464.0,0.11208,233.0
1753600196437,07:09:56.437,gateio,AEVO/USDT:USDT,0.11201,171.0,0.112,1789.0,0.11204,464.0,0.11208,233.0
1753600196559,07:09:56.559,gateio,AEVO/USDT:USDT,0.11201,171.0,0.11199,168.0,0.11204,464.0,0.11208,233.0
1753600196566,07:09:56.566,gateio,AEVO/USDT:USDT,0.11199,168.0,0.11198,62.0,0.11204,464.0,0.11208,233.0
1753600196754,07:09:56.754,gateio,AEVO/USDT:USDT,0.11199,168.0,0.11198,62.0,0.11204,464.0,0.11208,233.0
1753600197046,07:09:57.046,gateio,AEVO/USDT:USDT,0.11198,31.0,0.11197,16301.0,0.11201,464.0,0.11202,464.0
1753600197162,07:09:57.162,gateio,AEVO/USDT:USDT,0.11197,14.0,0.11194,199.0,0.11199,464.0,0.11202,31.0
1753600197253,07:09:57.253,gateio,AEVO/USDT:USDT,0.11195,171.0,0.11194,31.0,0.11199,464.0,0.11202,31.0
1753600197353,07:09:57.353,gateio,AEVO/USDT:USDT,0.11195,171.0,0.11194,31.0,0.11199,464.0,0.11202,31.0
1753600197362,07:09:57.362,gateio,AEVO/USDT:USDT,0.11195,171.0,0.11194,31.0,0.11199,464.0,0.11202,31.0
1753600197614,07:09:57.614,gateio,AEVO/USDT:USDT,0.11195,171.0,0.11194,31.0,0.11199,464.0,0.11202,31.0
1753600197745,07:09:57.745,gateio,AEVO/USDT:USDT,0.11195,171.0,0.11194,31.0,0.11199,464.0,0.11202,31.0
1753600197931,07:09:57.931,gateio,AEVO/USDT:USDT,0.11195,171.0,0.11194,31.0,0.11199,464.0,0.11202,31.0
1753600198026,07:09:58.026,gateio,AEVO/USDT:USDT,0.11195,171.0,0.11194,31.0,0.11199,464.0,0.11203,227.0
1753600198145,07:09:58.145,gateio,AEVO/USDT:USDT,0.11196,171.0,0.11195,202.0,0.112,464.0,0.11203,171.0
1753600198243,07:09:58.243,gateio,AEVO/USDT:USDT,0.11196,171.0,0.11195,31.0,0.112,464.0,0.11203,171.0
1753600198732,07:09:58.732,gateio,AEVO/USDT:USDT,0.11196,171.0,0.11195,31.0,0.112,464.0,0.11203,171.0
1753600198771,07:09:58.771,gateio,AEVO/USDT:USDT,0.11196,171.0,0.11195,31.0,0.112,464.0,0.11203,171.0
1753600198871,07:09:58.871,gateio,AEVO/USDT:USDT,0.11196,171.0,0.11195,31.0,0.112,464.0,0.11203,171.0
1753600199766,07:09:59.766,gateio,AEVO/USDT:USDT,0.11196,171.0,0.11195,31.0,0.112,464.0,0.11203,171.0
1753600200441,07:10:00.441,gateio,AEVO/USDT:USDT,0.11196,171.0,0.11195,31.0,0.11203,171.0,0.11205,31.0
1753600200492,07:10:00.492,gateio,AEVO/USDT:USDT,0.11196,171.0,0.11195,31.0,0.11203,171.0,0.11205,31.0
1753600200709,07:10:00.709,gateio,AEVO/USDT:USDT,0.11196,171.0,0.11195,31.0,0.11203,171.0,0.11205,31.0
1753600201202,07:10:01.202,gateio,AEVO/USDT:USDT,0.11196,58.0,0.11195,31.0,0.11203,171.0,0.11205,31.0
1753600201352,07:10:01.352,gateio,AEVO/USDT:USDT,0.11197,169.0,0.11196,58.0,0.11202,464.0,0.11203,171.0
1753600201457,07:10:01.457,gateio,AEVO/USDT:USDT,0.11197,169.0,0.11196,58.0,0.11202,464.0,0.11203,171.0
1753600201728,07:10:01.728,gateio,AEVO/USDT:USDT,0.11197,169.0,0.11196,58.0,0.11202,464.0,0.11203,171.0
1753600201771,07:10:01.771,gateio,AEVO/USDT:USDT,0.11197,169.0,0.11196,58.0,0.11202,464.0,0.11203,171.0
1753600201894,07:10:01.894,gateio,AEVO/USDT:USDT,0.11197,169.0,0.11196,58.0,0.11202,464.0,0.11203,171.0
1753600202453,07:10:02.453,gateio,AEVO/USDT:USDT,0.11198,6707.0,0.11197,227.0,0.11206,227.0,0.11208,171.0
1753600202545,07:10:02.545,gateio,AEVO/USDT:USDT,0.112,169.0,0.11199,130.0,0.11206,396.0,0.11208,171.0
1753600202569,07:10:02.569,gateio,AEVO/USDT:USDT,0.112,169.0,0.11199,130.0,0.11206,396.0,0.11208,171.0
1753600202666,07:10:02.666,gateio,AEVO/USDT:USDT,0.112,169.0,0.11199,130.0,0.11206,396.0,0.11207,58.0
1753600203004,07:10:03.004,gateio,AEVO/USDT:USDT,0.112,169.0,0.11199,130.0,0.11206,396.0,0.11207,58.0
1753600203377,07:10:03.377,gateio,AEVO/USDT:USDT,0.112,169.0,0.11199,130.0,0.11206,396.0,0.11207,58.0
1753600204030,07:10:04.030,gateio,AEVO/USDT:USDT,0.112,169.0,0.11199,130.0,0.11206,396.0,0.11207,58.0
1753600204117,07:10:04.117,gateio,AEVO/USDT:USDT,0.112,169.0,0.11199,130.0,0.11206,396.0,0.11208,171.0
1753600204317,07:10:04.317,gateio,AEVO/USDT:USDT,0.112,169.0,0.11199,130.0,0.11206,396.0,0.11208,171.0
1753600204666,07:10:04.666,gateio,AEVO/USDT:USDT,0.112,169.0,0.11199,130.0,0.11206,396.0,0.11208,171.0
1753600204962,07:10:04.962,gateio,AEVO/USDT:USDT,0.112,169.0,0.11199,130.0,0.11206,454.0,0.11208,171.0
1753600204968,07:10:04.968,gateio,AEVO/USDT:USDT,0.112,169.0,0.11199,130.0,0.11206,454.0,0.11208,171.0
1753600205111,07:10:05.111,gateio,AEVO/USDT:USDT,0.112,169.0,0.11199,72.0,0.11206,454.0,0.11208,171.0
1753600205550,07:10:05.550,gateio,AEVO/USDT:USDT,0.11199,14.0,0.11197,169.0,0.11204,522.0,0.11205,522.0
1753600205653,07:10:05.653,gateio,AEVO/USDT:USDT,0.11199,14.0,0.11197,169.0,0.11202,464.0,0.11204,116.0
1753600205706,07:10:05.706,gateio,AEVO/USDT:USDT,0.11199,14.0,0.11197,169.0,0.11202,464.0,0.11204,116.0
1753600205811,07:10:05.811,gateio,AEVO/USDT:USDT,0.11199,14.0,0.11197,169.0,0.11202,464.0,0.11204,116.0
1753600205869,07:10:05.869,gateio,AEVO/USDT:USDT,0.11199,14.0,0.11197,169.0,0.11202,464.0,0.11204,116.0
1753600206059,07:10:06.059,gateio,AEVO/USDT:USDT,0.11197,169.0,0.11193,14.0,0.11202,464.0,0.11204,116.0
1753600206161,07:10:06.161,gateio,AEVO/USDT:USDT,0.11197,169.0,0.11195,58.0,0.11201,464.0,0.11204,116.0
1753600206206,07:10:06.206,gateio,AEVO/USDT:USDT,0.11197,169.0,0.11196,58.0,0.11201,464.0,0.11204,116.0
1753600206655,07:10:06.655,gateio,AEVO/USDT:USDT,0.11194,227.0,0.11193,130.0,0.11199,464.0,0.11201,58.0
1753600206744,07:10:06.744,gateio,AEVO/USDT:USDT,0.11195,169.0,0.11194,58.0,0.11199,464.0,0.11201,227.0
1753600207344,07:10:07.344,gateio,AEVO/USDT:USDT,0.11195,169.0,0.11194,58.0,0.11199,464.0,0.11201,227.0
1753600207532,07:10:07.532,gateio,AEVO/USDT:USDT,0.11195,169.0,0.11194,58.0,0.11199,464.0,0.11201,227.0
1753600207632,07:10:07.632,gateio,AEVO/USDT:USDT,0.11195,169.0,0.11194,58.0,0.11199,464.0,0.11201,227.0
1753600207670,07:10:07.670,gateio,AEVO/USDT:USDT,0.11195,169.0,0.11194,58.0,0.11199,464.0,0.11201,227.0
1753600208290,07:10:08.290,gateio,AEVO/USDT:USDT,0.11195,169.0,0.11194,58.0,0.11199,464.0,0.11201,227.0
1753600208561,07:10:08.561,gateio,AEVO/USDT:USDT,0.11195,227.0,0.11194,116.0,0.11201,169.0,0.11208,171.0
1753600208621,07:10:08.621,gateio,AEVO/USDT:USDT,0.11196,169.0,0.11195,58.0,0.11207,464.0,0.11208,171.0
1753600210435,07:10:10.435,gateio,AEVO/USDT:USDT,0.11196,169.0,0.11195,58.0,0.11207,464.0,0.11208,171.0
1753600210486,07:10:10.486,gateio,AEVO/USDT:USDT,0.11196,169.0,0.11194,58.0,0.11207,464.0,0.11208,171.0
1753600210640,07:10:10.640,gateio,AEVO/USDT:USDT,0.11196,169.0,0.11194,58.0,0.11207,464.0,0.11208,171.0
1753600212141,07:10:12.141,gateio,AEVO/USDT:USDT,0.11196,169.0,0.11194,58.0,0.11207,464.0,0.11208,171.0
1753600213646,07:10:13.646,gateio,AEVO/USDT:USDT,0.11193,14.0,0.1119,168.0,0.11194,464.0,0.11202,522.0
1753600213747,07:10:13.747,gateio,AEVO/USDT:USDT,0.1119,168.0,0.11189,72.0,0.11194,464.0,0.11196,288.0
1753600213827,07:10:13.827,gateio,AEVO/USDT:USDT,0.1119,168.0,0.11189,58.0,0.11194,464.0,0.11196,230.0
1753600213963,07:10:13.963,gateio,AEVO/USDT:USDT,0.1119,168.0,0.11189,72.0,0.11194,464.0,0.11196,230.0
1753600214004,07:10:14.004,gateio,AEVO/USDT:USDT,0.1119,168.0,0.11189,72.0,0.11194,464.0,0.11196,230.0
1753600214145,07:10:14.145,gateio,AEVO/USDT:USDT,0.11189,14.0,0.11188,16288.0,0.11192,464.0,0.11196,230.0
1753600214205,07:10:14.205,gateio,AEVO/USDT:USDT,0.11189,186.0,0.11188,16288.0,0.11192,464.0,0.11196,456.0
1753600214310,07:10:14.310,gateio,AEVO/USDT:USDT,0.11189,186.0,0.11188,16288.0,0.11192,464.0,0.11196,456.0
1753600214463,07:10:14.463,gateio,AEVO/USDT:USDT,0.11189,186.0,0.11188,16288.0,0.11192,464.0,0.11196,456.0
1753600214491,07:10:14.491,gateio,AEVO/USDT:USDT,0.11189,14.0,0.11188,16288.0,0.11192,464.0,0.11196,456.0
1753600214637,07:10:14.637,gateio,AEVO/USDT:USDT,0.11189,186.0,0.11188,16288.0,0.11192,464.0,0.11196,456.0
1753600214727,07:10:14.727,gateio,AEVO/USDT:USDT,0.11189,186.0,0.11188,16288.0,0.11192,464.0,0.11196,456.0
1753600214772,07:10:14.772,gateio,AEVO/USDT:USDT,0.11189,186.0,0.11188,16288.0,0.11192,464.0,0.11196,456.0
1753600214874,07:10:14.874,gateio,AEVO/USDT:USDT,0.11189,186.0,0.11188,16288.0,0.11192,464.0,0.11196,456.0
1753600215029,07:10:15.029,gateio,AEVO/USDT:USDT,0.11189,14.0,0.11188,16288.0,0.11192,464.0,0.11196,456.0
1753600215116,07:10:15.116,gateio,AEVO/USDT:USDT,0.11189,14.0,0.11188,16288.0,0.11192,464.0,0.11196,456.0
1753600215171,07:10:15.171,gateio,AEVO/USDT:USDT,0.11189,14.0,0.11188,16288.0,0.11192,464.0,0.11196,456.0
1753600215270,07:10:15.270,gateio,AEVO/USDT:USDT,0.11189,14.0,0.11188,16288.0,0.11192,464.0,0.11196,456.0
1753600215439,07:10:15.439,gateio,AEVO/USDT:USDT,0.11189,14.0,0.11188,16288.0,0.11192,464.0,0.11196,456.0
1753600215544,07:10:15.544,gateio,AEVO/USDT:USDT,0.11189,14.0,0.11188,16288.0,0.11192,464.0,0.11196,456.0
1753600215878,07:10:15.878,gateio,AEVO/USDT:USDT,0.11189,14.0,0.11188,16288.0,0.11192,464.0,0.11196,456.0
1753600216199,07:10:16.199,gateio,AEVO/USDT:USDT,0.11189,14.0,0.11188,16346.0,0.11192,464.0,0.11196,456.0
1753600216338,07:10:16.338,gateio,AEVO/USDT:USDT,0.11189,14.0,0.11188,16346.0,0.11192,464.0,0.11196,456.0
1753600216546,07:10:16.546,gateio,AEVO/USDT:USDT,0.11189,14.0,0.11188,16288.0,0.11192,464.0,0.11194,58.0
1753600216599,07:10:16.599,gateio,AEVO/USDT:USDT,0.11189,14.0,0.11188,16288.0,0.11192,464.0,0.11194,58.0
1753600216761,07:10:16.761,gateio,AEVO/USDT:USDT,0.11189,14.0,0.11188,16288.0,0.11192,464.0,0.11194,116.0
1753600216875,07:10:16.875,gateio,AEVO/USDT:USDT,0.11189,14.0,0.11188,16288.0,0.11192,464.0,0.11194,116.0
1753600217525,07:10:17.525,gateio,AEVO/USDT:USDT,0.11189,14.0,0.11188,16288.0,0.11192,464.0,0.11194,116.0
1753600217862,07:10:17.862,gateio,AEVO/USDT:USDT,0.11189,14.0,0.11185,171.0,0.1119,464.0,0.11192,116.0
1753600217958,07:10:17.958,gateio,AEVO/USDT:USDT,0.11185,172.0,0.11184,18074.0,0.11187,464.0,0.11192,398.0
1753600218045,07:10:18.045,gateio,AEVO/USDT:USDT,0.11185,186.0,0.11184,18074.0,0.11187,464.0,0.11192,398.0
1753600218073,07:10:18.073,gateio,AEVO/USDT:USDT,0.11185,186.0,0.11184,18074.0,0.11187,464.0,0.11192,398.0
1753600218170,07:10:18.170,gateio,AEVO/USDT:USDT,0.11185,186.0,0.11184,18074.0,0.11187,464.0,0.11192,398.0
1753600218270,07:10:18.270,gateio,AEVO/USDT:USDT,0.11185,186.0,0.11184,18074.0,0.11187,464.0,0.11192,398.0
1753600218388,07:10:18.388,gateio,AEVO/USDT:USDT,0.11185,186.0,0.11184,18074.0,0.11187,464.0,0.11192,398.0
1753600218510,07:10:18.510,gateio,AEVO/USDT:USDT,0.11185,186.0,0.11184,18074.0,0.11187,464.0,0.11192,398.0
1753600218632,07:10:18.632,gateio,AEVO/USDT:USDT,0.11185,244.0,0.11184,18132.0,0.11187,464.0,0.11192,398.0
1753600218670,07:10:18.670,gateio,AEVO/USDT:USDT,0.11185,244.0,0.11184,18132.0,0.11187,464.0,0.11192,398.0
1753600218770,07:10:18.770,gateio,AEVO/USDT:USDT,0.11185,244.0,0.11184,18132.0,0.11187,464.0,0.11192,398.0
1753600218869,07:10:18.869,gateio,AEVO/USDT:USDT,0.11185,244.0,0.11184,18132.0,0.11187,464.0,0.11192,398.0
1753600219001,07:10:19.001,gateio,AEVO/USDT:USDT,0.11185,244.0,0.11184,18132.0,0.11187,464.0,0.11192,398.0
1753600219146,07:10:19.146,gateio,AEVO/USDT:USDT,0.11185,72.0,0.11184,18132.0,0.11186,696.0,0.11187,464.0
1753600219224,07:10:19.224,gateio,AEVO/USDT:USDT,0.11185,116.0,0.11184,18132.0,0.11191,398.0,0.11196,172.0
1753600219346,07:10:19.346,gateio,AEVO/USDT:USDT,0.11187,350.0,0.11186,172.0,0.11188,350.0,0.11189,350.0
1753600219434,07:10:19.434,gateio,AEVO/USDT:USDT,0.11187,350.0,0.11186,230.0,0.11188,350.0,0.11191,172.0
1753600219487,07:10:19.487,gateio,AEVO/USDT:USDT,0.11187,350.0,0.11186,230.0,0.11188,350.0,0.11191,172.0
1753600219646,07:10:19.646,gateio,AEVO/USDT:USDT,0.11188,350.0,0.11187,408.0,0.11189,350.0,0.11196,398.0
1753600219799,07:10:19.799,gateio,AEVO/USDT:USDT,0.11188,350.0,0.11187,408.0,0.11189,350.0,0.11194,226.0
1753600219903,07:10:19.903,gateio,AEVO/USDT:USDT,0.11188,350.0,0.11187,408.0,0.11189,350.0,0.11194,226.0
1753600220028,07:10:20.028,gateio,AEVO/USDT:USDT,0.11188,350.0,0.11187,408.0,0.11189,350.0,0.11194,226.0
1753600220611,07:10:20.611,gateio,AEVO/USDT:USDT,0.11188,350.0,0.11187,408.0,0.11189,350.0,0.11194,226.0
1753600220846,07:10:20.846,gateio,AEVO/USDT:USDT,0.11188,350.0,0.11187,350.0,0.11189,350.0,0.11194,226.0
1753600221026,07:10:21.026,gateio,AEVO/USDT:USDT,0.11188,350.0,0.11187,350.0,0.11189,350.0,0.11194,226.0
1753600221179,07:10:21.179,gateio,AEVO/USDT:USDT,0.11188,350.0,0.11187,350.0,0.11189,350.0,0.11191,58.0
1753600221560,07:10:21.560,gateio,AEVO/USDT:USDT,0.11187,350.0,0.11185,183.0,0.11188,350.0,0.11191,58.0
1753600222263,07:10:22.263,gateio,AEVO/USDT:USDT,0.11187,350.0,0.11185,72.0,0.11188,350.0,0.11191,58.0
1753600222353,07:10:22.353,gateio,AEVO/USDT:USDT,0.11186,169.0,0.11185,1861.0,0.11196,172.0,0.11204,500.0
1753600222453,07:10:22.453,gateio,AEVO/USDT:USDT,0.11186,169.0,0.11185,1803.0,0.11196,172.0,0.11204,500.0
1753600222475,07:10:22.475,gateio,AEVO/USDT:USDT,0.11186,169.0,0.11185,1803.0,0.11196,172.0,0.11204,500.0
1753600222741,07:10:22.741,gateio,AEVO/USDT:USDT,0.11186,169.0,0.11185,1803.0,0.11196,172.0,0.11204,500.0
1753600223158,07:10:23.158,gateio,AEVO/USDT:USDT,0.11186,169.0,0.11185,1803.0,0.11196,172.0,0.11204,500.0
1753600223346,07:10:23.346,gateio,AEVO/USDT:USDT,0.11186,169.0,0.11185,1803.0,0.11196,172.0,0.11204,669.0
1753600223453,07:10:23.453,gateio,AEVO/USDT:USDT,0.11186,169.0,0.11185,14.0,0.11196,172.0,0.11204,669.0
1753600223697,07:10:23.697,gateio,AEVO/USDT:USDT,0.11186,169.0,0.11185,14.0,0.11196,172.0,0.11204,669.0
1753600224102,07:10:24.102,gateio,AEVO/USDT:USDT,0.11186,169.0,0.11185,1803.0,0.11196,172.0,0.11204,669.0
1753600224601,07:10:24.601,gateio,AEVO/USDT:USDT,0.11186,169.0,0.11185,1803.0,0.11196,172.0,0.11204,669.0
1753600225462,07:10:25.462,gateio,AEVO/USDT:USDT,0.11186,6876.0,0.11185,1803.0,0.11204,669.0,0.11205,2613.0
1753600225560,07:10:25.560,gateio,AEVO/USDT:USDT,0.11193,169.0,0.11192,1789.0,0.11204,669.0,0.11205,101.0
1753600225625,07:10:25.625,gateio,AEVO/USDT:USDT,0.11194,169.0,0.11193,14.0,0.11204,669.0,0.11206,101.0
1753600225760,07:10:25.760,gateio,AEVO/USDT:USDT,0.11194,169.0,0.11193,14.0,0.11204,669.0,0.11206,101.0
1753600226005,07:10:26.005,gateio,AEVO/USDT:USDT,0.11194,169.0,0.11193,14.0,0.11204,669.0,0.11206,101.0
1753600226083,07:10:26.083,gateio,AEVO/USDT:USDT,0.11194,169.0,0.11193,14.0,0.11204,169.0,0.11206,101.0
1753600226170,07:10:26.170,gateio,AEVO/USDT:USDT,0.11194,169.0,0.11193,14.0,0.11204,169.0,0.11207,500.0
1753600226384,07:10:26.384,gateio,AEVO/USDT:USDT,0.11194,169.0,0.11193,14.0,0.11204,169.0,0.11207,500.0
1753600226849,07:10:26.849,gateio,AEVO/USDT:USDT,0.11194,169.0,0.11193,14.0,0.11204,169.0,0.11207,500.0
1753600226872,07:10:26.872,gateio,AEVO/USDT:USDT,0.11194,169.0,0.11192,14.0,0.11204,169.0,0.11207,500.0
1753600227348,07:10:27.348,gateio,AEVO/USDT:USDT,0.11193,169.0,0.11192,14.0,0.11204,169.0,0.11206,1789.0
1753600227408,07:10:27.408,gateio,AEVO/USDT:USDT,0.11193,169.0,0.11192,14.0,0.11204,169.0,0.11205,101.0
1753600227547,07:10:27.547,gateio,AEVO/USDT:USDT,0.11192,14.0,0.11191,16283.0,0.112,2012.0,0.11201,6823.0
1753600227645,07:10:27.645,gateio,AEVO/USDT:USDT,0.11192,14.0,0.11188,169.0,0.11199,270.0,0.11201,116.0
1753600227746,07:10:27.746,gateio,AEVO/USDT:USDT,0.11188,169.0,0.11186,16293.0,0.11199,169.0,0.11201,116.0
1753600227770,07:10:27.770,gateio,AEVO/USDT:USDT,0.11188,169.0,0.11186,16293.0,0.11199,169.0,0.11201,116.0
1753600228010,07:10:28.010,gateio,AEVO/USDT:USDT,0.11188,169.0,0.11186,16293.0,0.11199,169.0,0.11201,116.0
1753600228186,07:10:28.186,gateio,AEVO/USDT:USDT,0.11188,169.0,0.11186,16293.0,0.11199,169.0,0.11201,116.0
1753600229006,07:10:29.006,gateio,AEVO/USDT:USDT,0.11188,169.0,0.11186,16293.0,0.11199,169.0,0.11201,116.0
1753600230658,07:10:30.658,gateio,AEVO/USDT:USDT,0.11187,169.0,0.11186,16293.0,0.11199,169.0,0.11201,116.0
1753600230715,07:10:30.715,gateio,AEVO/USDT:USDT,0.11187,169.0,0.11186,16293.0,0.11199,169.0,0.11201,116.0
1753600230780,07:10:30.780,gateio,AEVO/USDT:USDT,0.11187,169.0,0.11186,16293.0,0.11199,169.0,0.11201,116.0
1753600231009,07:10:31.009,gateio,AEVO/USDT:USDT,0.11187,169.0,0.11186,16293.0,0.11199,169.0,0.11201,116.0
1753600231604,07:10:31.604,gateio,AEVO/USDT:USDT,0.11187,169.0,0.11186,16293.0,0.11199,169.0,0.11201,116.0
1753600232004,07:10:32.004,gateio,AEVO/USDT:USDT,0.11187,169.0,0.11186,16293.0,0.11199,169.0,0.11201,116.0
1753600232342,07:10:32.342,gateio,AEVO/USDT:USDT,0.11187,169.0,0.11186,16293.0,0.11199,169.0,0.11201,116.0
1753600232551,07:10:32.551,gateio,AEVO/USDT:USDT,0.11186,14.0,0.11177,167.0,0.11198,1789.0,0.11199,169.0
1753600232624,07:10:32.624,gateio,AEVO/USDT:USDT,0.1118,165.0,0.11179,16269.0,0.11197,266.0,0.11198,1789.0
1753600232745,07:10:32.745,gateio,AEVO/USDT:USDT,0.11181,165.0,0.1118,14.0,0.11195,6414.0,0.11196,21379.0
1753600232794,07:10:32.794,gateio,AEVO/USDT:USDT,0.11181,165.0,0.1118,14.0,0.11194,266.0,0.11197,165.0
1753600232871,07:10:32.871,gateio,AEVO/USDT:USDT,0.11181,165.0,0.1118,14.0,0.11194,165.0,0.11197,266.0
1753600233007,07:10:33.007,gateio,AEVO/USDT:USDT,0.11181,165.0,0.1118,14.0,0.11194,165.0,0.11197,266.0
1753600233065,07:10:33.065,gateio,AEVO/USDT:USDT,0.11181,165.0,0.1118,14.0,0.11194,165.0,0.11197,266.0
1753600233857,07:10:33.857,gateio,AEVO/USDT:USDT,0.11181,165.0,0.1118,14.0,0.11194,165.0,0.11197,266.0
1753600233954,07:10:33.954,gateio,AEVO/USDT:USDT,0.11181,165.0,0.1118,14.0,0.11194,165.0,0.11197,266.0
1753600234058,07:10:34.058,gateio,AEVO/USDT:USDT,0.11181,165.0,0.1118,14.0,0.11194,165.0,0.11197,266.0
1753600234577,07:10:34.577,gateio,AEVO/USDT:USDT,0.11181,165.0,0.1118,14.0,0.11194,165.0,0.11197,266.0
1753600236005,07:10:36.005,gateio,AEVO/USDT:USDT,0.11181,165.0,0.1118,14.0,0.11194,165.0,0.11197,266.0
1753600236159,07:10:36.159,gateio,AEVO/USDT:USDT,0.11181,165.0,0.1118,14.0,0.11193,6707.0,0.11194,165.0
1753600236258,07:10:36.258,gateio,AEVO/USDT:USDT,0.1118,179.0,0.11179,16269.0,0.11192,2229.0,0.11193,6707.0
1753600236285,07:10:36.285,gateio,AEVO/USDT:USDT,0.1118,179.0,0.11179,16269.0,0.11192,2229.0,0.11193,6707.0
1753600236782,07:10:36.782,gateio,AEVO/USDT:USDT,0.1118,179.0,0.11179,16269.0,0.11192,2229.0,0.11193,6707.0
1753600237007,07:10:37.007,gateio,AEVO/USDT:USDT,0.1118,179.0,0.11179,16269.0,0.11192,2229.0,0.11193,6707.0
1753600237195,07:10:37.195,gateio,AEVO/USDT:USDT,0.1118,179.0,0.11179,16269.0,0.11192,2229.0,0.11193,6707.0
1753600237437,07:10:37.437,gateio,AEVO/USDT:USDT,0.11181,165.0,0.1118,14.0,0.11192,382.0,0.11194,165.0
1753600237471,07:10:37.471,gateio,AEVO/USDT:USDT,0.11181,165.0,0.1118,14.0,0.11192,281.0,0.11194,165.0
1753600237645,07:10:37.645,gateio,AEVO/USDT:USDT,0.1118,179.0,0.11179,16269.0,0.11192,281.0,0.11194,165.0
1753600237841,07:10:37.841,gateio,AEVO/USDT:USDT,0.1118,14.0,0.11179,16269.0,0.11192,281.0,0.11194,165.0
1753600237931,07:10:37.931,gateio,AEVO/USDT:USDT,0.1118,179.0,0.11179,16269.0,0.11192,281.0,0.11194,165.0
1753600238006,07:10:38.006,gateio,AEVO/USDT:USDT,0.1118,179.0,0.11179,16269.0,0.11192,281.0,0.11194,165.0
1753600238234,07:10:38.234,gateio,AEVO/USDT:USDT,0.1118,14.0,0.11179,16269.0,0.11192,5641.0,0.11194,165.0
1753600238297,07:10:38.297,gateio,AEVO/USDT:USDT,0.1118,14.0,0.11179,16269.0,0.11191,266.0,0.11192,116.0
1753600238448,07:10:38.448,gateio,AEVO/USDT:USDT,0.1118,14.0,0.11175,16264.0,0.11191,165.0,0.11192,116.0
1753600238524,07:10:38.524,gateio,AEVO/USDT:USDT,0.11177,165.0,0.11176,1803.0,0.11191,165.0,0.11192,116.0
1753600238742,07:10:38.742,gateio,AEVO/USDT:USDT,0.11177,165.0,0.11176,1803.0,0.11191,165.0,0.11192,116.0
1753600238842,07:10:38.842,gateio,AEVO/USDT:USDT,0.11177,165.0,0.11176,1803.0,0.11191,165.0,0.11192,116.0
1753600239274,07:10:39.274,gateio,AEVO/USDT:USDT,0.11177,165.0,0.11176,1803.0,0.11191,165.0,0.11192,116.0
1753600239660,07:10:39.660,gateio,AEVO/USDT:USDT,0.11177,165.0,0.11176,1803.0,0.11191,165.0,0.11192,116.0
1753600239661,07:10:39.661,gateio,AEVO/USDT:USDT,0.11177,165.0,0.11176,1803.0,0.11191,165.0,0.11192,116.0
1753600240263,07:10:40.263,gateio,AEVO/USDT:USDT,0.11177,165.0,0.11176,1803.0,0.11191,165.0,0.11192,116.0
1753600241252,07:10:41.252,gateio,AEVO/USDT:USDT,0.11177,165.0,0.11176,1803.0,0.11191,165.0,0.11192,116.0
