timestamp,time,exchange,symbol,bid1_price,bid1_volume,bid2_price,bid2_volume,ask1_price,ask1_volume,ask2_price,ask2_volume
1753599996107,07:06:36.107,mexc,ADA/USDT:USDT,0.827,712946.0,0.8269,1128926,0.8271,943426.0,0.8272,920354.0
1753599996464,07:06:36.464,mexc,ADA/USDT:USDT,0.8271,824255,0.827,712946.0,0.8272,920354.0,0.8273,965637.0
1753599996653,07:06:36.653,mexc,ADA/USDT:USDT,0.8271,824255,0.827,712946.0,0.8272,920354.0,0.8273,1153892
1753599996984,07:06:36.984,mexc,ADA/USDT:USDT,0.8271,824255,0.827,712946.0,0.8272,920354.0,0.8273,1153892
1753599997096,07:06:37.096,mexc,ADA/USDT:USDT,0.8271,824255,0.827,712946.0,0.8272,920354.0,0.8273,965637
1753599997484,07:06:37.484,mexc,ADA/USDT:USDT,0.8271,824255,0.827,712946.0,0.8272,920354.0,0.8273,965637
1753599997582,07:06:37.582,mexc,ADA/USDT:USDT,0.8271,824255,0.827,982525,0.8272,920354.0,0.8273,965637
1753599997908,07:06:37.908,mexc,ADA/USDT:USDT,0.8271,824255,0.827,982525,0.8272,920354.0,0.8273,965637
1753599998081,07:06:38.081,mexc,ADA/USDT:USDT,0.8271,824255,0.827,712946,0.8272,920354.0,0.8273,965637
1753599998304,07:06:38.304,mexc,ADA/USDT:USDT,0.8271,824255,0.827,712946,0.8272,920354.0,0.8273,965637
1753599998582,07:06:38.582,mexc,ADA/USDT:USDT,0.8271,824255,0.827,712946,0.8272,920354.0,0.8273,965637
1753599998985,07:06:38.985,mexc,ADA/USDT:USDT,0.8271,824255,0.827,712946,0.8272,920354.0,0.8273,965637
1753599999084,07:06:39.084,mexc,ADA/USDT:USDT,0.8271,824255,0.827,712946,0.8272,920354.0,0.8273,1264174
1753599999487,07:06:39.487,mexc,ADA/USDT:USDT,0.8271,824255,0.827,712946,0.8272,920354.0,0.8273,1264174
1753599999583,07:06:39.583,mexc,ADA/USDT:USDT,0.8271,824255,0.827,1486380,0.8272,920354.0,0.8273,965637
1753599999865,07:06:39.865,mexc,ADA/USDT:USDT,0.8271,824255,0.827,1486380,0.8272,920354.0,0.8273,965637
1753600000129,07:06:40.129,mexc,ADA/USDT:USDT,0.8271,824255,0.827,980299,0.8272,920354.0,0.8273,965637
1753600000407,07:06:40.407,mexc,ADA/USDT:USDT,0.8271,824255,0.827,980299,0.8272,920354.0,0.8273,965637
1753600000584,07:06:40.584,mexc,ADA/USDT:USDT,0.8272,745581,0.8271,824255,0.8273,964968,0.8274,866093
1753600000872,07:06:40.872,mexc,ADA/USDT:USDT,0.8272,745581,0.8271,824255,0.8273,964968,0.8274,866093
1753600000989,07:06:40.989,mexc,ADA/USDT:USDT,0.8272,745581,0.8271,824255,0.8273,964968,0.8274,866093
1753600001200,07:06:41.200,mexc,ADA/USDT:USDT,0.8271,824255,0.827,712946,0.8272,927119,0.8273,964968
1753600001515,07:06:41.515,mexc,ADA/USDT:USDT,0.8271,824255,0.827,712946,0.8272,927119,0.8273,964968
1753600001693,07:06:41.693,mexc,ADA/USDT:USDT,0.8271,824255,0.827,712946,0.8272,927119,0.8273,964968
1753600001988,07:06:41.988,mexc,ADA/USDT:USDT,0.8271,824255,0.827,712946,0.8272,927119,0.8273,964968
1753600002086,07:06:42.086,mexc,ADA/USDT:USDT,0.8271,824255,0.827,1012532,0.8272,927119,0.8273,1327865
1753600002310,07:06:42.310,mexc,ADA/USDT:USDT,0.8271,824255,0.827,1012532,0.8272,927119,0.8273,1327865
1753600002585,07:06:42.585,mexc,ADA/USDT:USDT,0.8271,824255,0.827,1388067,0.8272,927119,0.8273,964968
1753600002987,07:06:42.987,mexc,ADA/USDT:USDT,0.8271,824255,0.827,1002162,0.8272,927119,0.8273,964968
1753600003139,07:06:43.139,mexc,ADA/USDT:USDT,0.8271,824255,0.827,712946,0.8272,927119,0.8273,964968
1753600003314,07:06:43.314,mexc,ADA/USDT:USDT,0.8272,881815,0.8271,824255,0.8273,964968,0.8274,866093
1753600003585,07:06:43.585,mexc,ADA/USDT:USDT,0.8272,881815,0.8271,824255,0.8273,964968,0.8274,1258686
1753600003989,07:06:43.989,mexc,ADA/USDT:USDT,0.8272,881815,0.8271,824255,0.8273,964968,0.8274,1258686
1753600004085,07:06:44.085,mexc,ADA/USDT:USDT,0.8272,881815,0.8271,824255,0.8273,964968,0.8274,1269448
1753600004488,07:06:44.488,mexc,ADA/USDT:USDT,0.8272,881815,0.8271,824255,0.8273,964968,0.8274,1269448
1753600004650,07:06:44.650,mexc,ADA/USDT:USDT,0.8272,881815,0.8271,824255,0.8273,964968,0.8274,866093
1753600004898,07:06:44.898,mexc,ADA/USDT:USDT,0.8272,881815,0.8271,824255,0.8273,964968,0.8274,866093
1753600005085,07:06:45.085,mexc,ADA/USDT:USDT,0.8272,881815,0.8271,824255,0.8273,962019,0.8274,1249320
1753600005104,07:06:45.104,mexc,ADA/USDT:USDT,0.8272,881815,0.8271,824255,0.8273,962019,0.8274,1249320
1753600005576,07:06:45.576,mexc,ADA/USDT:USDT,0.8271,824255,0.827,712946,0.8272,956091,0.8273,962019
1753600005711,07:06:45.711,mexc,ADA/USDT:USDT,0.8271,824255,0.827,1407354,0.8272,956091,0.8273,1173469
1753600005988,07:06:45.988,mexc,ADA/USDT:USDT,0.8271,824255,0.827,1143961,0.8272,956091,0.8273,1173469
1753600006085,07:06:46.085,mexc,ADA/USDT:USDT,0.8271,824255,0.827,712946,0.8272,956091,0.8273,1141019
1753600006276,07:06:46.276,mexc,ADA/USDT:USDT,0.8271,824255,0.827,712946,0.8272,956091,0.8273,1141019
1753600006603,07:06:46.603,mexc,ADA/USDT:USDT,0.8271,824255,0.827,1188355,0.8272,956091,0.8273,962019
1753600006850,07:06:46.850,mexc,ADA/USDT:USDT,0.827,712946,0.8269,877752,0.8271,843333,0.8272,956091
1753600007247,07:06:47.247,mexc,ADA/USDT:USDT,0.8269,877752,0.8268,708395,0.827,688501,0.8271,843333
1753600007363,07:06:47.363,mexc,ADA/USDT:USDT,0.8268,708395,0.8267,700535,0.8269,939231,0.827,688501
1753600007613,07:06:47.613,mexc,ADA/USDT:USDT,0.8267,700535,0.8266,884704,0.8268,702111,0.8269,935015
1753600007796,07:06:47.796,mexc,ADA/USDT:USDT,0.8269,897303,0.8268,747850,0.827,688501,0.8271,843333
1753600008087,07:06:48.087,mexc,ADA/USDT:USDT,0.8269,897303,0.8268,747850,0.827,645034,0.8271,843333
1753600008161,07:06:48.161,mexc,ADA/USDT:USDT,0.8269,897303,0.8268,1370359,0.827,645034,0.8271,843333
1753600008489,07:06:48.489,mexc,ADA/USDT:USDT,0.8269,897303,0.8268,943996,0.827,645034,0.8271,843333
1753600008656,07:06:48.656,mexc,ADA/USDT:USDT,0.8269,897303,0.8268,1122160,0.827,645034,0.8271,1238577
1753600008993,07:06:48.993,mexc,ADA/USDT:USDT,0.8269,897303,0.8268,1022884,0.827,645034,0.8271,1238577
1753600009094,07:06:49.094,mexc,ADA/USDT:USDT,0.8269,897303,0.8268,747850,0.827,645034,0.8271,843333
1753600009491,07:06:49.491,mexc,ADA/USDT:USDT,0.8269,897303,0.8268,747850,0.827,645034,0.8271,843333
1753600009588,07:06:49.588,mexc,ADA/USDT:USDT,0.8269,897303,0.8268,747850,0.827,642858,0.8271,1147630
1753600009968,07:06:49.968,mexc,ADA/USDT:USDT,0.8269,897303,0.8268,747850,0.827,642858,0.8271,1147630
1753600010141,07:06:50.141,mexc,ADA/USDT:USDT,0.8269,897303,0.8268,747850,0.827,642858,0.8271,843333
1753600010240,07:06:50.240,mexc,ADA/USDT:USDT,0.8269,897303,0.8268,747850,0.827,642858,0.8271,843333
1753600010589,07:06:50.589,mexc,ADA/USDT:USDT,0.8269,897303,0.8268,1170365,0.827,642858,0.8271,843333
1753600010655,07:06:50.655,mexc,ADA/USDT:USDT,0.8269,897303,0.8268,1170365,0.827,642858,0.8271,843333
1753600011086,07:06:51.086,mexc,ADA/USDT:USDT,0.8269,897303,0.8268,747850,0.827,642858,0.8271,843333
1753600011163,07:06:51.163,mexc,ADA/USDT:USDT,0.8269,897197,0.8268,855427,0.827,642858,0.8271,1179171
1753600011491,07:06:51.491,mexc,ADA/USDT:USDT,0.8269,897197,0.8268,855427,0.827,642858,0.8271,1179171
1753600011678,07:06:51.678,mexc,ADA/USDT:USDT,0.8269,897197,0.8268,747850,0.827,642858,0.8271,1152464
1753600011779,07:06:51.779,mexc,ADA/USDT:USDT,0.8269,897197,0.8268,747850,0.827,642858,0.8271,1152464
1753600012088,07:06:52.088,mexc,ADA/USDT:USDT,0.8269,897197,0.8268,1068727,0.827,642858,0.8271,1152952
1753600012492,07:06:52.492,mexc,ADA/USDT:USDT,0.8269,897197,0.8268,747850,0.827,642858,0.8271,1152952
1753600012590,07:06:52.590,mexc,ADA/USDT:USDT,0.8269,897197,0.8268,747850,0.827,642858,0.8271,843333
1753600012911,07:06:52.911,mexc,ADA/USDT:USDT,0.8269,897197,0.8268,747850,0.827,642858,0.8271,843333
1753600013126,07:06:53.126,mexc,ADA/USDT:USDT,0.8269,897197,0.8268,747850,0.827,642858,0.8271,843333
1753600013271,07:06:53.271,mexc,ADA/USDT:USDT,0.827,779825,0.8269,897197,0.8271,843333,0.8272,956091
1753600013589,07:06:53.589,mexc,ADA/USDT:USDT,0.827,779825,0.8269,897197,0.8271,843333,0.8272,956091
1753600013726,07:06:53.726,mexc,ADA/USDT:USDT,0.827,779825,0.8269,897197,0.8271,843333,0.8272,1188125
1753600013992,07:06:53.992,mexc,ADA/USDT:USDT,0.827,779825,0.8269,897197,0.8271,843333,0.8272,956091
1753600014154,07:06:54.154,mexc,ADA/USDT:USDT,0.827,799825,0.8269,1099291,0.8271,843333,0.8272,956091
1753600014266,07:06:54.266,mexc,ADA/USDT:USDT,0.8271,997962,0.827,799825,0.8272,956091,0.8273,962019
1753600014590,07:06:54.590,mexc,ADA/USDT:USDT,0.8271,997962,0.827,1090085,0.8272,956091,0.8273,962019
1753600014998,07:06:54.998,mexc,ADA/USDT:USDT,0.8271,997962,0.827,1090085,0.8272,956091,0.8273,962019
1753600015091,07:06:55.091,mexc,ADA/USDT:USDT,0.8271,997962,0.827,1208380,0.8272,956091,0.8273,962019
1753600015478,07:06:55.478,mexc,ADA/USDT:USDT,0.827,799825,0.8269,897197,0.8271,809163,0.8272,956091
1753600015594,07:06:55.594,mexc,ADA/USDT:USDT,0.8268,747850,0.8267,700535,0.8269,865692,0.827,943091
1753600015697,07:06:55.697,mexc,ADA/USDT:USDT,0.8269,977047,0.8268,747850,0.827,943091,0.8271,809163
1753600016090,07:06:56.090,mexc,ADA/USDT:USDT,0.8269,977047,0.8268,747850,0.827,943091,0.8271,809163
1753600016130,07:06:56.130,mexc,ADA/USDT:USDT,0.8269,977047,0.8268,1244234,0.827,943091,0.8271,984877
1753600016493,07:06:56.493,mexc,ADA/USDT:USDT,0.8269,977047,0.8268,1244234,0.827,943091,0.8271,984877
1753600016687,07:06:56.687,mexc,ADA/USDT:USDT,0.8269,977047,0.8268,747850,0.827,943091,0.8271,809163
1753600016995,07:06:56.995,mexc,ADA/USDT:USDT,0.8269,977047,0.8268,747850,0.827,943091,0.8271,809163
1753600017092,07:06:57.092,mexc,ADA/USDT:USDT,0.8269,977047,0.8268,747850,0.827,943091,0.8271,809163
1753600017494,07:06:57.494,mexc,ADA/USDT:USDT,0.8269,977047,0.8268,747850,0.827,943091,0.8271,809163
1753600017671,07:06:57.671,mexc,ADA/USDT:USDT,0.8269,977047,0.8268,1088445,0.827,943091,0.8271,1187687
1753600017935,07:06:57.935,mexc,ADA/USDT:USDT,0.8269,977047,0.8268,1088445,0.827,943091,0.8271,1187687
1753600018092,07:06:58.092,mexc,ADA/USDT:USDT,0.8269,977047,0.8268,857215,0.827,943091,0.8271,809163
1753600018495,07:06:58.495,mexc,ADA/USDT:USDT,0.8269,977047,0.8268,857215,0.827,943091,0.8271,809163
1753600018684,07:06:58.684,mexc,ADA/USDT:USDT,0.8269,977047,0.8268,747850,0.827,943091,0.8271,809163
1753600018738,07:06:58.738,mexc,ADA/USDT:USDT,0.8269,977047,0.8268,747850,0.827,943091,0.8271,809163
1753600019093,07:06:59.093,mexc,ADA/USDT:USDT,0.8269,977047,0.8268,1065303,0.827,939204,0.8271,809163
1753600019276,07:06:59.276,mexc,ADA/USDT:USDT,0.8269,977047,0.8268,1065303,0.827,939204,0.8271,809163
1753600019594,07:06:59.594,mexc,ADA/USDT:USDT,0.8269,977047,0.8268,747850,0.827,939204,0.8271,1084537
1753600019763,07:06:59.763,mexc,ADA/USDT:USDT,0.8269,977047,0.8268,747850,0.827,939204,0.8271,1084537
1753600020092,07:07:00.092,mexc,ADA/USDT:USDT,0.8269,977047,0.8268,747850,0.827,939204,0.8271,929185
1753600020177,07:07:00.177,mexc,ADA/USDT:USDT,0.8269,977047,0.8268,747850,0.827,939204,0.8271,929185
1753600020496,07:07:00.496,mexc,ADA/USDT:USDT,0.8269,977047,0.8268,747850,0.827,939204,0.8271,809163
1753600020595,07:07:00.595,mexc,ADA/USDT:USDT,0.8269,977047,0.8268,1003006,0.827,939204,0.8271,809163
1753600020997,07:07:00.997,mexc,ADA/USDT:USDT,0.8269,977047,0.8268,747850,0.827,939204,0.8271,809163
1753600021106,07:07:01.106,mexc,ADA/USDT:USDT,0.8269,977047,0.8268,747850,0.827,939204,0.8271,809163
1753600021366,07:07:01.366,mexc,ADA/USDT:USDT,0.8269,935436,0.8268,913557,0.827,803347,0.8271,997069
1753600021636,07:07:01.636,mexc,ADA/USDT:USDT,0.8269,935436,0.8268,1029701,0.827,803347,0.8271,1424192
1753600021999,07:07:01.999,mexc,ADA/USDT:USDT,0.8269,935436,0.8268,1029701,0.827,803347,0.8271,1424192
1753600022095,07:07:02.095,mexc,ADA/USDT:USDT,0.8269,935436,0.8268,913557,0.827,803347,0.8271,1541854
1753600022499,07:07:02.499,mexc,ADA/USDT:USDT,0.8269,935436,0.8268,913557,0.827,803347,0.8271,1541854
1753600022595,07:07:02.595,mexc,ADA/USDT:USDT,0.8269,935436,0.8268,1112993,0.827,803347,0.8271,997069
1753600022907,07:07:02.907,mexc,ADA/USDT:USDT,0.8269,935436,0.8268,1112993,0.827,803347,0.8271,997069
1753600023094,07:07:03.094,mexc,ADA/USDT:USDT,0.8269,935436,0.8268,913557,0.827,803347,0.8271,1319388
1753600023272,07:07:03.272,mexc,ADA/USDT:USDT,0.8269,935436,0.8268,1425223,0.827,803347,0.8271,1319388
1753600023577,07:07:03.577,mexc,ADA/USDT:USDT,0.8269,935436,0.8268,1187673,0.827,803347,0.8271,997069
1753600023686,07:07:03.686,mexc,ADA/USDT:USDT,0.8268,913557,0.8267,800954,0.8269,817256,0.827,803347
1753600024094,07:07:04.094,mexc,ADA/USDT:USDT,0.8268,913557,0.8267,800954,0.8269,817256,0.827,803347
1753600024097,07:07:04.097,mexc,ADA/USDT:USDT,0.8268,913557,0.8267,800954,0.8269,817256,0.827,803347
1753600024497,07:07:04.497,mexc,ADA/USDT:USDT,0.8268,913557,0.8267,800954,0.8269,817256,0.827,803347
1753600024691,07:07:04.691,mexc,ADA/USDT:USDT,0.8268,913557,0.8267,1103273,0.8269,817256,0.827,803347
1753600024917,07:07:04.917,mexc,ADA/USDT:USDT,0.8268,913557,0.8267,1103273,0.8269,817256,0.827,803347
1753600025096,07:07:05.096,mexc,ADA/USDT:USDT,0.8268,913557,0.8267,1423611,0.8269,817256,0.827,803347
1753600025391,07:07:05.391,mexc,ADA/USDT:USDT,0.8268,913557,0.8267,1423611,0.8269,817256,0.827,803347
1753600025536,07:07:05.536,mexc,ADA/USDT:USDT,0.8268,912830,0.8267,800954,0.8269,817256,0.827,803347
1753600025697,07:07:05.697,mexc,ADA/USDT:USDT,0.8268,912830,0.8267,1121798,0.8269,817256,0.827,1270047
1753600026001,07:07:06.001,mexc,ADA/USDT:USDT,0.8268,912830,0.8267,1121798,0.8269,817256,0.827,1270047
1753600026145,07:07:06.145,mexc,ADA/USDT:USDT,0.8268,912830,0.8267,800954,0.8269,817256,0.827,1035302
1753600026416,07:07:06.416,mexc,ADA/USDT:USDT,0.8268,912830,0.8267,800954,0.8269,817256,0.827,1035302
1753600026599,07:07:06.599,mexc,ADA/USDT:USDT,0.8268,912830,0.8267,952488,0.8269,817256,0.827,1095254
1753600026846,07:07:06.846,mexc,ADA/USDT:USDT,0.8268,912830,0.8267,952488,0.8269,817256,0.827,1095254
1753600027001,07:07:07.001,mexc,ADA/USDT:USDT,0.8268,912830,0.8267,800954,0.8269,817256,0.827,803347
1753600027173,07:07:07.173,mexc,ADA/USDT:USDT,0.8268,912830,0.8267,800954,0.8269,817256,0.827,930743
1753600027600,07:07:07.600,mexc,ADA/USDT:USDT,0.8268,912830,0.8267,800954,0.8269,817256,0.827,803347
1753600027725,07:07:07.725,mexc,ADA/USDT:USDT,0.8268,912830,0.8267,800954,0.8269,817256,0.827,1240948
1753600028006,07:07:08.006,mexc,ADA/USDT:USDT,0.8268,912830,0.8267,800954,0.8269,817256,0.827,1240948
1753600028101,07:07:08.101,mexc,ADA/USDT:USDT,0.8268,912830,0.8267,949615,0.8269,817256,0.827,1187734
1753600028485,07:07:08.485,mexc,ADA/USDT:USDT,0.8268,912830,0.8267,949615,0.8269,817256,0.827,1187734
1753600028603,07:07:08.603,mexc,ADA/USDT:USDT,0.8268,912830,0.8267,800954,0.8269,817256,0.827,1676163
1753600029004,07:07:09.004,mexc,ADA/USDT:USDT,0.8268,912830,0.8267,800954,0.8269,817256,0.827,1215816
1753600029102,07:07:09.102,mexc,ADA/USDT:USDT,0.8268,912830,0.8267,1177320,0.8269,817256,0.827,1177546
1753600029298,07:07:09.298,mexc,ADA/USDT:USDT,0.8268,882968,0.8267,791215,0.8269,925377,0.827,806668
1753600029602,07:07:09.602,mexc,ADA/USDT:USDT,0.8268,882968,0.8267,791215,0.8269,925377,0.827,806668
1753600030004,07:07:10.004,mexc,ADA/USDT:USDT,0.8268,882968,0.8267,791215,0.8269,925377,0.827,806668
1753600030131,07:07:10.131,mexc,ADA/USDT:USDT,0.8268,882968,0.8267,791215,0.8269,925377,0.827,806668
1753600030454,07:07:10.454,mexc,ADA/USDT:USDT,0.8268,882968,0.8267,791215,0.8269,925377,0.827,806668
1753600030678,07:07:10.678,mexc,ADA/USDT:USDT,0.8268,882968,0.8267,791215,0.8269,925377,0.827,806668
1753600030778,07:07:10.778,mexc,ADA/USDT:USDT,0.8268,882968,0.8267,791215,0.8269,925377,0.827,806668
1753600031097,07:07:11.097,mexc,ADA/USDT:USDT,0.8268,882968,0.8267,791215,0.8269,925377,0.827,806668
1753600031108,07:07:11.108,mexc,ADA/USDT:USDT,0.8269,776075,0.8268,882968,0.827,806668,0.8271,749854
1753600031346,07:07:11.346,mexc,ADA/USDT:USDT,0.8269,776075,0.8268,882968,0.827,806668,0.8271,749854
1753600031763,07:07:11.763,mexc,ADA/USDT:USDT,0.8269,776075,0.8268,1076976,0.827,806668,0.8271,908436
1753600031775,07:07:11.775,mexc,ADA/USDT:USDT,0.8269,776075,0.8268,1076976,0.827,806668,0.8271,908436
1753600032105,07:07:12.105,mexc,ADA/USDT:USDT,0.8269,776075,0.8268,1308315,0.827,806668,0.8271,749854
1753600032507,07:07:12.507,mexc,ADA/USDT:USDT,0.8269,776075,0.8268,1222771,0.827,806668,0.8271,749854
1753600032604,07:07:12.604,mexc,ADA/USDT:USDT,0.8269,776075,0.8268,882968,0.827,806668,0.8271,749854
1753600032959,07:07:12.959,mexc,ADA/USDT:USDT,0.8269,776075,0.8268,882968,0.827,806668,0.8271,749854
1753600033105,07:07:13.105,mexc,ADA/USDT:USDT,0.8269,776075,0.8268,1028184,0.827,806668,0.8271,987676
1753600033210,07:07:13.210,mexc,ADA/USDT:USDT,0.8269,776075,0.8268,1028184,0.827,806668,0.8271,987676
1753600033604,07:07:13.604,mexc,ADA/USDT:USDT,0.8269,776075,0.8268,882968,0.827,806668,0.8271,749854
1753600033744,07:07:13.744,mexc,ADA/USDT:USDT,0.8268,882968,0.8267,791215,0.8269,762351,0.827,806668
1753600034105,07:07:14.105,mexc,ADA/USDT:USDT,0.8268,882968,0.8267,791215,0.8269,762351,0.827,806668
1753600034105,07:07:14.105,mexc,ADA/USDT:USDT,0.8268,882968,0.8267,791215,0.8269,762351,0.827,1384089
1753600034508,07:07:14.508,mexc,ADA/USDT:USDT,0.8268,882968,0.8267,791215,0.8269,762351,0.827,1384089
1753600034605,07:07:14.605,mexc,ADA/USDT:USDT,0.8268,882968,0.8267,891805,0.8269,762351,0.827,806668
1753600034885,07:07:14.885,mexc,ADA/USDT:USDT,0.8268,882968,0.8267,891805,0.8269,762351,0.827,806668
1753600035105,07:07:15.105,mexc,ADA/USDT:USDT,0.8267,791215,0.8266,1774061,0.8268,706314,0.8269,762351
1753600035506,07:07:15.506,mexc,ADA/USDT:USDT,0.8267,791215,0.8266,1774061,0.8268,706314,0.8269,762351
1753600035605,07:07:15.605,mexc,ADA/USDT:USDT,0.8267,791215,0.8266,842398,0.8268,706314,0.8269,762351
1753600036007,07:07:16.007,mexc,ADA/USDT:USDT,0.8267,791215,0.8266,842398,0.8268,706314,0.8269,762351
1753600036193,07:07:16.193,mexc,ADA/USDT:USDT,0.8267,791215,0.8266,842398,0.8268,706314,0.8269,762351
1753600036413,07:07:16.413,mexc,ADA/USDT:USDT,0.8266,842398,0.8265,788109,0.8267,868524,0.8268,706314
1753600036606,07:07:16.606,mexc,ADA/USDT:USDT,0.8266,842398,0.8265,892446,0.8267,868524,0.8268,706314
1753600036723,07:07:16.723,mexc,ADA/USDT:USDT,0.8266,842398,0.8265,892446,0.8267,868524,0.8268,706314
1753600037008,07:07:17.008,mexc,ADA/USDT:USDT,0.8266,842398,0.8265,788109,0.8267,868524,0.8268,706314
1753600037195,07:07:17.195,mexc,ADA/USDT:USDT,0.8266,842398,0.8265,788109,0.8267,868524,0.8268,934822
1753600037507,07:07:17.507,mexc,ADA/USDT:USDT,0.8266,842398,0.8265,788109,0.8267,868524,0.8268,934822
1753600037605,07:07:17.605,mexc,ADA/USDT:USDT,0.8266,842398,0.8265,788109,0.8267,868524,0.8268,880041
1753600037909,07:07:17.909,mexc,ADA/USDT:USDT,0.8266,842398,0.8265,788109,0.8267,868524,0.8268,880041
1753600038106,07:07:18.106,mexc,ADA/USDT:USDT,0.8266,842398,0.8265,1114910,0.8267,868524,0.8268,706314
1753600038507,07:07:18.507,mexc,ADA/USDT:USDT,0.8266,842398,0.8265,788109,0.8267,868524,0.8268,706314
1753600038607,07:07:18.607,mexc,ADA/USDT:USDT,0.8266,842398,0.8265,788109,0.8267,868524,0.8268,706314
1753600039007,07:07:19.007,mexc,ADA/USDT:USDT,0.8266,842398,0.8265,788109,0.8267,868524,0.8268,706314
1753600039188,07:07:19.188,mexc,ADA/USDT:USDT,0.8266,842398,0.8265,788109,0.8267,868524,0.8268,976739
1753600039508,07:07:19.508,mexc,ADA/USDT:USDT,0.8266,842398,0.8265,788109,0.8267,868524,0.8268,976739
1753600039660,07:07:19.660,mexc,ADA/USDT:USDT,0.8266,842398,0.8265,788109,0.8267,868524,0.8268,706314
1753600039798,07:07:19.798,mexc,ADA/USDT:USDT,0.8266,842398,0.8265,788109,0.8267,868524,0.8268,706314
1753600040106,07:07:20.106,mexc,ADA/USDT:USDT,0.8266,842398,0.8265,788109,0.8267,868524,0.8268,946243
1753600040499,07:07:20.499,mexc,ADA/USDT:USDT,0.8266,842398,0.8265,788109,0.8267,868524,0.8268,946243
1753600040607,07:07:20.607,mexc,ADA/USDT:USDT,0.8266,842398,0.8265,788109,0.8267,868524,0.8268,706314
1753600040969,07:07:20.969,mexc,ADA/USDT:USDT,0.8266,842398,0.8265,788109,0.8267,868524,0.8268,706314
1753600041198,07:07:21.198,mexc,ADA/USDT:USDT,0.8266,842398,0.8265,788109,0.8267,868524,0.8268,706314
1753600041508,07:07:21.508,mexc,ADA/USDT:USDT,0.8266,842398,0.8265,788109,0.8267,868524,0.8268,706314
1753600041608,07:07:21.608,mexc,ADA/USDT:USDT,0.8266,842398,0.8265,1060034,0.8267,868524,0.8268,1023909
1753600042009,07:07:22.009,mexc,ADA/USDT:USDT,0.8266,842398,0.8265,1060034,0.8267,868524,0.8268,1023909
1753600042202,07:07:22.202,mexc,ADA/USDT:USDT,0.8266,842398,0.8265,788109,0.8267,868524,0.8268,706314
1753600042427,07:07:22.427,mexc,ADA/USDT:USDT,0.8266,795045,0.8265,958967,0.8267,921831,0.8268,739906
1753600042611,07:07:22.611,mexc,ADA/USDT:USDT,0.8266,795045,0.8265,958967,0.8267,921831,0.8268,879049
1753600042742,07:07:22.742,mexc,ADA/USDT:USDT,0.8266,795045,0.8265,958967,0.8267,921831,0.8268,879049
1753600043108,07:07:23.108,mexc,ADA/USDT:USDT,0.8266,795045,0.8265,958967,0.8267,921831,0.8268,997762
1753600043108,07:07:23.108,mexc,ADA/USDT:USDT,0.8266,795045,0.8265,1581029,0.8267,921831,0.8268,1192737
1753600043511,07:07:23.511,mexc,ADA/USDT:USDT,0.8266,795045,0.8265,1308194,0.8267,921831,0.8268,1192737
1753600043608,07:07:23.608,mexc,ADA/USDT:USDT,0.8264,931648,0.8263,912357,0.8265,930249,0.8266,843162
1753600043834,07:07:23.834,mexc,ADA/USDT:USDT,0.8264,931648,0.8263,912357,0.8265,930249,0.8266,843162
1753600044108,07:07:24.108,mexc,ADA/USDT:USDT,0.8264,931648,0.8263,912357,0.8265,930249,0.8266,1170735
1753600044360,07:07:24.360,mexc,ADA/USDT:USDT,0.8264,931648,0.8263,912357,0.8265,930249,0.8266,1170735
1753600044679,07:07:24.679,mexc,ADA/USDT:USDT,0.8264,931648,0.8263,912357,0.8265,930249,0.8266,843162
1753600044807,07:07:24.807,mexc,ADA/USDT:USDT,0.8263,912357,0.8262,879288,0.8264,874608,0.8265,930249
1753600045109,07:07:25.109,mexc,ADA/USDT:USDT,0.8263,912357,0.8262,1091417,0.8264,874608,0.8265,1026492
1753600045511,07:07:25.511,mexc,ADA/USDT:USDT,0.8263,912357,0.8262,1091417,0.8264,874608,0.8265,1026492
1753600045609,07:07:25.609,mexc,ADA/USDT:USDT,0.8263,912357,0.8262,879288,0.8264,874608,0.8265,930249
1753600045938,07:07:25.938,mexc,ADA/USDT:USDT,0.8263,912357,0.8262,879288,0.8264,874608,0.8265,930249
1753600046109,07:07:26.109,mexc,ADA/USDT:USDT,0.8263,876134,0.8262,879288,0.8264,868559,0.8265,1324239
1753600046323,07:07:26.323,mexc,ADA/USDT:USDT,0.8263,876134,0.8262,879288,0.8264,868559,0.8265,1324239
1753600046611,07:07:26.611,mexc,ADA/USDT:USDT,0.8263,876134,0.8262,879288,0.8264,868559,0.8265,930249
1753600047012,07:07:27.012,mexc,ADA/USDT:USDT,0.8263,876134,0.8262,879288,0.8264,868559,0.8265,930249
1753600047110,07:07:27.110,mexc,ADA/USDT:USDT,0.8263,876134,0.8262,1590881,0.8264,868559,0.8265,930249
1753600047514,07:07:27.514,mexc,ADA/USDT:USDT,0.8263,876134,0.8262,1590881,0.8264,868559,0.8265,930249
1753600047679,07:07:27.679,mexc,ADA/USDT:USDT,0.8263,876134,0.8262,1415250,0.8264,868559,0.8265,1218780
1753600048014,07:07:28.014,mexc,ADA/USDT:USDT,0.8263,876134,0.8262,1415250,0.8264,868559,0.8265,930249
1753600048191,07:07:28.191,mexc,ADA/USDT:USDT,0.8263,876134,0.8262,879288,0.8264,868559,0.8265,930249
1753600048226,07:07:28.226,mexc,ADA/USDT:USDT,0.8263,876134,0.8262,879288,0.8264,868559,0.8265,930249
1753600048611,07:07:28.611,mexc,ADA/USDT:USDT,0.8263,876134,0.8262,879288,0.8264,868559,0.8265,1358110
1753600048876,07:07:28.876,mexc,ADA/USDT:USDT,0.8263,876134,0.8262,879288,0.8264,868559,0.8265,1358110
1753600049014,07:07:29.014,mexc,ADA/USDT:USDT,0.8263,876134,0.8262,879288,0.8264,868559,0.8265,930249
1753600049216,07:07:29.216,mexc,ADA/USDT:USDT,0.8263,876134,0.8262,879288,0.8264,868559,0.8265,930249
1753600049514,07:07:29.514,mexc,ADA/USDT:USDT,0.8263,876134,0.8262,879288,0.8264,868559,0.8265,930249
1753600049610,07:07:29.610,mexc,ADA/USDT:USDT,0.8263,876134,0.8262,879288,0.8264,868559,0.8265,930249
1753600049752,07:07:29.752,mexc,ADA/USDT:USDT,0.8263,876134,0.8262,879288,0.8264,868559,0.8265,930249
1753600050112,07:07:30.112,mexc,ADA/USDT:USDT,0.8263,876134,0.8262,879288,0.8264,868559,0.8265,930249
1753600050238,07:07:30.238,mexc,ADA/USDT:USDT,0.8264,812979,0.8263,876134,0.8265,930249,0.8266,843162
1753600050614,07:07:30.614,mexc,ADA/USDT:USDT,0.8264,812979,0.8263,876134,0.8265,930249,0.8266,843162
1753600050860,07:07:30.860,mexc,ADA/USDT:USDT,0.8264,812979,0.8263,876134,0.8265,930249,0.8266,843162
1753600051190,07:07:31.190,mexc,ADA/USDT:USDT,0.8264,812979,0.8263,1125746,0.8265,930249,0.8266,1657826
1753600051523,07:07:31.523,mexc,ADA/USDT:USDT,0.8264,812979,0.8263,1125746,0.8265,930249,0.8266,1288943
1753600051620,07:07:31.620,mexc,ADA/USDT:USDT,0.8264,812979,0.8263,876134,0.8265,930249,0.8266,843162
1753600052009,07:07:32.009,mexc,ADA/USDT:USDT,0.8264,812979,0.8263,876134,0.8265,930249,0.8266,843162
1753600052119,07:07:32.119,mexc,ADA/USDT:USDT,0.8264,812979,0.8263,1133264,0.8265,930249,0.8266,1274515
1753600052211,07:07:32.211,mexc,ADA/USDT:USDT,0.8264,812979,0.8263,1133264,0.8265,930249,0.8266,1274515
1753600052620,07:07:32.620,mexc,ADA/USDT:USDT,0.8264,812979,0.8263,876134,0.8265,930249,0.8266,843162
1753600052785,07:07:32.785,mexc,ADA/USDT:USDT,0.8264,812979,0.8263,876134,0.8265,930249,0.8266,1167416
1753600053022,07:07:33.022,mexc,ADA/USDT:USDT,0.8264,812979,0.8263,876134,0.8265,930249,0.8266,1167416
1753600053122,07:07:33.122,mexc,ADA/USDT:USDT,0.8264,812979,0.8263,1052924,0.8265,930249,0.8266,965046
1753600053515,07:07:33.515,mexc,ADA/USDT:USDT,0.8265,678233,0.8264,812979,0.8266,843162,0.8267,921831
1753600053622,07:07:33.622,mexc,ADA/USDT:USDT,0.8266,781661,0.8265,678233,0.8267,921831,0.8268,1410166
1753600053840,07:07:33.840,mexc,ADA/USDT:USDT,0.8266,781661,0.8265,678233,0.8267,921831,0.8268,1410166
1753600054169,07:07:34.169,mexc,ADA/USDT:USDT,0.8266,781661,0.8265,678233,0.8267,921831,0.8268,1093790
1753600054434,07:07:34.434,mexc,ADA/USDT:USDT,0.8266,781661,0.8265,678233,0.8267,921831,0.8268,1093790
1753600054622,07:07:34.622,mexc,ADA/USDT:USDT,0.8266,781661,0.8265,678233,0.8267,921831,0.8268,739906
1753600054862,07:07:34.862,mexc,ADA/USDT:USDT,0.8266,781661,0.8265,678233,0.8267,921831,0.8268,739906
1753600055025,07:07:35.025,mexc,ADA/USDT:USDT,0.8266,781661,0.8265,678233,0.8267,921831,0.8268,739906
1753600055121,07:07:35.121,mexc,ADA/USDT:USDT,0.8266,781661,0.8265,678233,0.8267,921831,0.8268,739906
1753600055524,07:07:35.524,mexc,ADA/USDT:USDT,0.8266,781661,0.8265,678233,0.8267,921831,0.8268,739906
1753600055625,07:07:35.625,mexc,ADA/USDT:USDT,0.8266,781661,0.8265,678233,0.8267,921831,0.8268,1247713
1753600056031,07:07:36.031,mexc,ADA/USDT:USDT,0.8266,781661,0.8265,678233,0.8267,921831,0.8268,1114119
1753600056121,07:07:36.121,mexc,ADA/USDT:USDT,0.8266,781661,0.8265,678233,0.8267,921831,0.8268,739906
1753600056485,07:07:36.485,mexc,ADA/USDT:USDT,0.8266,781661,0.8265,678233,0.8267,921831,0.8268,739906
1753600056623,07:07:36.623,mexc,ADA/USDT:USDT,0.8266,781661,0.8265,857330,0.8267,921831,0.8268,866495
1753600056730,07:07:36.730,mexc,ADA/USDT:USDT,0.8266,781661,0.8265,857330,0.8267,921831,0.8268,866495
1753600057137,07:07:37.137,mexc,ADA/USDT:USDT,0.8267,943235,0.8266,781661,0.8268,739906,0.8269,998428
1753600057137,07:07:37.137,mexc,ADA/USDT:USDT,0.8267,943235,0.8266,781661,0.8268,739906,0.8269,998428
1753600057621,07:07:37.621,mexc,ADA/USDT:USDT,0.8267,943235,0.8266,781661,0.8268,739906,0.8269,998428
1753600057740,07:07:37.740,mexc,ADA/USDT:USDT,0.8267,943235,0.8266,781661,0.8268,739906,0.8269,998428
1753600058025,07:07:38.025,mexc,ADA/USDT:USDT,0.8267,943235,0.8266,781661,0.8268,739906,0.8269,998428
1753600058165,07:07:38.165,mexc,ADA/USDT:USDT,0.8267,943235,0.8266,781661,0.8268,739906,0.8269,998428
1753600058252,07:07:38.252,mexc,ADA/USDT:USDT,0.8267,943235,0.8266,781661,0.8268,739179,0.8269,998428
1753600058622,07:07:38.622,mexc,ADA/USDT:USDT,0.8267,943235,0.8266,1175864,0.8268,739179,0.8269,1190976
1753600059024,07:07:39.024,mexc,ADA/USDT:USDT,0.8267,943235,0.8266,1175864,0.8268,739179,0.8269,998428
1753600059123,07:07:39.123,mexc,ADA/USDT:USDT,0.8267,943235,0.8266,781661,0.8268,739179,0.8269,998428
1753600059526,07:07:39.526,mexc,ADA/USDT:USDT,0.8267,943235,0.8266,781661,0.8268,739179,0.8269,998428
1753600059700,07:07:39.700,mexc,ADA/USDT:USDT,0.8267,943235,0.8266,781661,0.8268,739179,0.8269,998428
1753600060049,07:07:40.049,mexc,ADA/USDT:USDT,0.8267,943235,0.8266,781661,0.8268,739179,0.8269,998428
1753600060190,07:07:40.190,mexc,ADA/USDT:USDT,0.8267,943235,0.8266,1119793,0.8268,739179,0.8269,1546029
1753600060478,07:07:40.478,mexc,ADA/USDT:USDT,0.8267,943235,0.8266,1119793,0.8268,739179,0.8269,1546029
1753600060677,07:07:40.677,mexc,ADA/USDT:USDT,0.8267,943235,0.8266,1591384,0.8268,739179,0.8269,1454908
1753600060880,07:07:40.880,mexc,ADA/USDT:USDT,0.8267,943235,0.8266,1591384,0.8268,739179,0.8269,1454908
1753600061081,07:07:41.081,mexc,ADA/USDT:USDT,0.8267,943235,0.8266,781661,0.8268,739179,0.8269,1454908
1753600061198,07:07:41.198,mexc,ADA/USDT:USDT,0.8267,943235,0.8266,1579193,0.8268,739179,0.8269,1361211
1753600061342,07:07:41.342,mexc,ADA/USDT:USDT,0.8267,943235,0.8266,1579193,0.8268,739179,0.8269,1361211
1753600061678,07:07:41.678,mexc,ADA/USDT:USDT,0.8267,943235,0.8266,781661,0.8268,739179,0.8269,998428
1753600062084,07:07:42.084,mexc,ADA/USDT:USDT,0.8267,943235,0.8266,781661,0.8268,739179,0.8269,998428
1753600062273,07:07:42.273,mexc,ADA/USDT:USDT,0.8267,943235,0.8266,781661,0.8268,739179,0.8269,1687483
1753600062473,07:07:42.473,mexc,ADA/USDT:USDT,0.8267,807293,0.8266,850533,0.8268,944764,0.8269,876929
1753600062683,07:07:42.683,mexc,ADA/USDT:USDT,0.8267,807293,0.8266,850533,0.8268,944764,0.8269,876929
1753600062878,07:07:42.878,mexc,ADA/USDT:USDT,0.8267,807293,0.8266,850533,0.8268,944764,0.8269,876929
1753600063178,07:07:43.178,mexc,ADA/USDT:USDT,0.8267,807293,0.8266,850533,0.8268,944764,0.8269,876929
1753600063179,07:07:43.179,mexc,ADA/USDT:USDT,0.8267,807293,0.8266,1202255,0.8268,944764,0.8269,876929
1753600063583,07:07:43.583,mexc,ADA/USDT:USDT,0.8267,807293,0.8266,1202255,0.8268,944764,0.8269,876929
1753600063687,07:07:43.687,mexc,ADA/USDT:USDT,0.8267,807293,0.8266,850533,0.8268,944764,0.8269,1062294
1753600064045,07:07:44.045,mexc,ADA/USDT:USDT,0.8267,807293,0.8266,850533,0.8268,944764,0.8269,1062294
1753600064179,07:07:44.179,mexc,ADA/USDT:USDT,0.8267,807293,0.8266,1074645,0.8268,944764,0.8269,876929
1753600064368,07:07:44.368,mexc,ADA/USDT:USDT,0.8267,807293,0.8266,1074645,0.8268,944764,0.8269,876929
1753600064680,07:07:44.680,mexc,ADA/USDT:USDT,0.8267,807293,0.8266,1129686,0.8268,944764,0.8269,1121177
1753600065082,07:07:45.082,mexc,ADA/USDT:USDT,0.8267,807293,0.8266,850533,0.8268,944764,0.8269,1121177
1753600065187,07:07:45.187,mexc,ADA/USDT:USDT,0.8267,807293,0.8266,1156826,0.8268,944764,0.8269,876929
1753600065584,07:07:45.584,mexc,ADA/USDT:USDT,0.8267,807293,0.8266,1156826,0.8268,944764,0.8269,876929
1753600065733,07:07:45.733,mexc,ADA/USDT:USDT,0.8267,807293,0.8266,850533,0.8268,944764,0.8269,876929
1753600066015,07:07:46.015,mexc,ADA/USDT:USDT,0.8267,807293,0.8266,850533,0.8268,944764,0.8269,876929
1753600066215,07:07:46.215,mexc,ADA/USDT:USDT,0.8267,807293,0.8266,1160465,0.8268,944764,0.8269,876929
1753600066376,07:07:46.376,mexc,ADA/USDT:USDT,0.8267,807293,0.8266,1160465,0.8268,944764,0.8269,876929
1753600066619,07:07:46.619,mexc,ADA/USDT:USDT,0.8267,807293,0.8266,850533,0.8268,944764,0.8269,876929
1753600066804,07:07:46.804,mexc,ADA/USDT:USDT,0.8267,807293,0.8266,1067749,0.8268,944764,0.8269,1118035
1753600066888,07:07:46.888,mexc,ADA/USDT:USDT,0.8267,807293,0.8266,1067749,0.8268,944764,0.8269,1118035
1753600067184,07:07:47.184,mexc,ADA/USDT:USDT,0.8267,807293,0.8266,850533,0.8268,944764,0.8269,876929
1753600067324,07:07:47.324,mexc,ADA/USDT:USDT,0.8267,807293,0.8266,850533,0.8268,944764,0.8269,876929
1753600067683,07:07:47.683,mexc,ADA/USDT:USDT,0.8267,807293,0.8266,850533,0.8268,944764,0.8269,1310669
1753600068087,07:07:48.087,mexc,ADA/USDT:USDT,0.8267,807293,0.8266,850533,0.8268,944764,0.8269,876929
1753600068187,07:07:48.187,mexc,ADA/USDT:USDT,0.8267,807293,0.8266,1342146,0.8268,944764,0.8269,1310994
1753600068313,07:07:48.313,mexc,ADA/USDT:USDT,0.8267,685089,0.8266,967971,0.8268,797632,0.8269,896738
1753600068684,07:07:48.684,mexc,ADA/USDT:USDT,0.8267,685089,0.8266,967971,0.8268,797632,0.8269,1016385
1753600068867,07:07:48.867,mexc,ADA/USDT:USDT,0.8267,685089,0.8266,967971,0.8268,797632,0.8269,1016385
1753600069193,07:07:49.193,mexc,ADA/USDT:USDT,0.8267,685089,0.8266,1322920,0.8268,797632,0.8269,1037205
1753600069553,07:07:49.553,mexc,ADA/USDT:USDT,0.8267,685089,0.8266,1322920,0.8268,797632,0.8269,1037205
1753600069743,07:07:49.743,mexc,ADA/USDT:USDT,0.8267,685089,0.8266,967971,0.8268,797632,0.8269,992568
1753600069959,07:07:49.959,mexc,ADA/USDT:USDT,0.8267,685089,0.8266,967971,0.8268,797632,0.8269,992568
1753600070156,07:07:50.156,mexc,ADA/USDT:USDT,0.8267,685089,0.8266,967971,0.8268,797632,0.8269,896738
1753600070188,07:07:50.188,mexc,ADA/USDT:USDT,0.8267,685089,0.8266,967971,0.8268,797632,0.8269,1599352
1753600070587,07:07:50.587,mexc,ADA/USDT:USDT,0.8267,685089,0.8266,967971,0.8268,797632,0.8269,1599352
1753600070686,07:07:50.686,mexc,ADA/USDT:USDT,0.8267,685089,0.8266,1221395,0.8268,797632,0.8269,896738
1753600071089,07:07:51.089,mexc,ADA/USDT:USDT,0.8267,685089,0.8266,1221395,0.8268,797632,0.8269,896738
1753600071193,07:07:51.193,mexc,ADA/USDT:USDT,0.8267,685089,0.8266,967971,0.8268,797632,0.8269,1008465
1753600071375,07:07:51.375,mexc,ADA/USDT:USDT,0.8267,685089,0.8266,967971,0.8268,797632,0.8269,1008465
1753600071693,07:07:51.693,mexc,ADA/USDT:USDT,0.8267,685089,0.8266,1367872,0.8268,797632,0.8269,896738
1753600072009,07:07:52.009,mexc,ADA/USDT:USDT,0.8267,685089,0.8266,1367872,0.8268,797632,0.8269,896738
1753600072270,07:07:52.270,mexc,ADA/USDT:USDT,0.8267,685089,0.8266,967971,0.8268,797632,0.8269,1168092
1753600072401,07:07:52.401,mexc,ADA/USDT:USDT,0.8267,685089,0.8266,967971,0.8268,797632,0.8269,1168092
1753600072688,07:07:52.688,mexc,ADA/USDT:USDT,0.8267,685089,0.8266,967971,0.8268,797632,0.8269,896738
1753600072885,07:07:52.885,mexc,ADA/USDT:USDT,0.8267,685089,0.8266,967971,0.8268,797632,0.8269,896738
1753600073186,07:07:53.186,mexc,ADA/USDT:USDT,0.8268,867967,0.8267,685089,0.8269,896738,0.827,783121
1753600073383,07:07:53.383,mexc,ADA/USDT:USDT,0.8268,867967,0.8267,685089,0.8269,896134,0.827,783121
1753600073589,07:07:53.589,mexc,ADA/USDT:USDT,0.8268,867967,0.8267,685089,0.8269,895845,0.827,783121
1753600073689,07:07:53.689,mexc,ADA/USDT:USDT,0.8268,867967,0.8267,685089,0.8269,895845,0.827,783121
1753600073827,07:07:53.827,mexc,ADA/USDT:USDT,0.8268,867967,0.8267,685089,0.8269,895845,0.827,783121
1753600074232,07:07:54.232,mexc,ADA/USDT:USDT,0.8268,867967,0.8267,994392,0.8269,895845,0.827,886133
1753600074523,07:07:54.523,mexc,ADA/USDT:USDT,0.8268,867967,0.8267,994392,0.8269,895845,0.827,886133
1753600074691,07:07:54.691,mexc,ADA/USDT:USDT,0.8268,867967,0.8267,685089,0.8269,895845,0.827,783121
1753600075092,07:07:55.092,mexc,ADA/USDT:USDT,0.8268,867967,0.8267,685089,0.8269,895845,0.827,783121
1753600075265,07:07:55.265,mexc,ADA/USDT:USDT,0.8268,867967,0.8267,685089,0.8269,895845,0.827,783121
1753600075515,07:07:55.515,mexc,ADA/USDT:USDT,0.8268,867967,0.8267,685089,0.8269,859644,0.827,783121
1753600075705,07:07:55.705,mexc,ADA/USDT:USDT,0.8268,867967,0.8267,685089,0.8269,859644,0.827,909233
1753600075909,07:07:55.909,mexc,ADA/USDT:USDT,0.8268,867967,0.8267,685089,0.8269,859644,0.827,909233
1753600076193,07:07:56.193,mexc,ADA/USDT:USDT,0.8268,867967,0.8267,685089,0.8269,859644,0.827,783121
1753600076592,07:07:56.592,mexc,ADA/USDT:USDT,0.8268,867967,0.8267,685089,0.8269,859644,0.827,783121
1753600076702,07:07:56.702,mexc,ADA/USDT:USDT,0.8267,685089,0.8266,1373352,0.8268,764329,0.8269,1325734
1753600077017,07:07:57.017,mexc,ADA/USDT:USDT,0.8267,685089,0.8266,1373352,0.8268,764329,0.8269,1325734
1753600077192,07:07:57.192,mexc,ADA/USDT:USDT,0.8267,685089,0.8266,967971,0.8268,764329,0.8269,859644
1753600077475,07:07:57.475,mexc,ADA/USDT:USDT,0.8267,685089,0.8266,967971,0.8268,764329,0.8269,859644
1753600077689,07:07:57.689,mexc,ADA/USDT:USDT,0.8267,685089,0.8266,967971,0.8268,764329,0.8269,859644
1753600077800,07:07:57.800,mexc,ADA/USDT:USDT,0.8267,685089,0.8266,967971,0.8268,764329,0.8269,980067
1753600078094,07:07:58.094,mexc,ADA/USDT:USDT,0.8267,685089,0.8266,967971,0.8268,764329,0.8269,980067
1753600078208,07:07:58.208,mexc,ADA/USDT:USDT,0.8267,685089,0.8266,1253880,0.8268,763881,0.8269,859644
1753600078415,07:07:58.415,mexc,ADA/USDT:USDT,0.8267,685089,0.8266,1253880,0.8268,763881,0.8269,859644
1753600078778,07:07:58.778,mexc,ADA/USDT:USDT,0.8267,685089,0.8266,1267616,0.8268,763881,0.8269,1239501
1753600078793,07:07:58.793,mexc,ADA/USDT:USDT,0.8267,685089,0.8266,1267616,0.8268,763881,0.8269,1239501
1753600079194,07:07:59.194,mexc,ADA/USDT:USDT,0.8267,685089,0.8266,967971,0.8268,763881,0.8269,859644
1753600079337,07:07:59.337,mexc,ADA/USDT:USDT,0.8267,685089,0.8266,967971,0.8268,763881,0.8269,859644
1753600079595,07:07:59.595,mexc,ADA/USDT:USDT,0.8267,685089,0.8266,967971,0.8268,763881,0.8269,859644
1753600079692,07:07:59.692,mexc,ADA/USDT:USDT,0.8267,685089,0.8266,967971,0.8268,763881,0.8269,859644
1753600080095,07:08:00.095,mexc,ADA/USDT:USDT,0.8267,685089,0.8266,967971,0.8268,763881,0.8269,859644
1753600080192,07:08:00.192,mexc,ADA/USDT:USDT,0.8267,685089,0.8266,967971,0.8268,763881,0.8269,859644
1753600080595,07:08:00.595,mexc,ADA/USDT:USDT,0.8267,685089,0.8266,967971,0.8268,763881,0.8269,859644
1753600080693,07:08:00.693,mexc,ADA/USDT:USDT,0.8267,685089,0.8266,967971,0.8268,763881,0.8269,1136943
1753600080903,07:08:00.903,mexc,ADA/USDT:USDT,0.8267,685089,0.8266,967971,0.8268,763881,0.8269,1136943
1753600081225,07:08:01.225,mexc,ADA/USDT:USDT,0.8267,685089,0.8266,967971,0.8268,763881,0.8269,1444262
1753600081596,07:08:01.596,mexc,ADA/USDT:USDT,0.8267,685089,0.8266,967971,0.8268,763881,0.8269,1234155
1753600081693,07:08:01.693,mexc,ADA/USDT:USDT,0.8267,685089,0.8266,967971,0.8268,763881,0.8269,859644
1753600081956,07:08:01.956,mexc,ADA/USDT:USDT,0.8266,967971,0.8265,992774,0.8267,692455,0.8268,763881
1753600082196,07:08:02.196,mexc,ADA/USDT:USDT,0.8266,967971,0.8265,1718938,0.8267,692455,0.8268,984075
1753600082593,07:08:02.593,mexc,ADA/USDT:USDT,0.8264,745458,0.8263,750480,0.8266,883757,0.8267,692455
1753600082772,07:08:02.772,mexc,ADA/USDT:USDT,0.8264,745458,0.8263,750480,0.8265,803769,0.8266,1054802
1753600082984,07:08:02.984,mexc,ADA/USDT:USDT,0.8264,745458,0.8263,750480,0.8265,803769,0.8266,1054802
1753600083199,07:08:03.199,mexc,ADA/USDT:USDT,0.8264,745458,0.8263,1192350,0.8265,803769,0.8266,1092918
1753600083595,07:08:03.595,mexc,ADA/USDT:USDT,0.8264,745458,0.8263,750480,0.8265,803769,0.8266,1092918
1753600083733,07:08:03.733,mexc,ADA/USDT:USDT,0.8264,745458,0.8263,750480,0.8265,803769,0.8266,883757
1753600084096,07:08:04.096,mexc,ADA/USDT:USDT,0.8264,745458,0.8263,750480,0.8265,803769,0.8266,883757
1753600084278,07:08:04.278,mexc,ADA/USDT:USDT,0.8264,745458,0.8263,750480,0.8265,803769,0.8266,883757
1753600084514,07:08:04.514,mexc,ADA/USDT:USDT,0.8264,745458,0.8263,750480,0.8265,803769,0.8266,883757
1753600084695,07:08:04.695,mexc,ADA/USDT:USDT,0.8264,745458,0.8263,959448,0.8265,803769,0.8266,883757
1753600084798,07:08:04.798,mexc,ADA/USDT:USDT,0.8264,745458,0.8263,959448,0.8265,803769,0.8266,883757
1753600085197,07:08:05.197,mexc,ADA/USDT:USDT,0.8264,745458,0.8263,750480,0.8265,803769,0.8266,883757
1753600085198,07:08:05.198,mexc,ADA/USDT:USDT,0.8264,745458,0.8263,950616,0.8265,803769,0.8266,883757
1753600085597,07:08:05.597,mexc,ADA/USDT:USDT,0.8264,745458,0.8263,750480,0.8265,803769,0.8266,883757
1753600085694,07:08:05.694,mexc,ADA/USDT:USDT,0.8264,745458,0.8263,750480,0.8265,803769,0.8266,883757
1753600085911,07:08:05.911,mexc,ADA/USDT:USDT,0.8265,690358,0.8264,745458,0.8266,883757,0.8267,692455
1753600086278,07:08:06.278,mexc,ADA/USDT:USDT,0.8265,690358,0.8264,745458,0.8266,883757,0.8267,1020136
1753600086441,07:08:06.441,mexc,ADA/USDT:USDT,0.8264,745458,0.8263,750480,0.8265,1009502,0.8266,883757
1753600086872,07:08:06.872,mexc,ADA/USDT:USDT,0.8264,745458,0.8263,750480,0.8265,1009502,0.8266,883757
1753600087085,07:08:07.085,mexc,ADA/USDT:USDT,0.8264,745458,0.8263,750480,0.8265,1009502,0.8266,883757
1753600087207,07:08:07.207,mexc,ADA/USDT:USDT,0.8265,829257,0.8264,745458,0.8266,883757,0.8267,692455
1753600087598,07:08:07.598,mexc,ADA/USDT:USDT,0.8265,829257,0.8264,745458,0.8266,883757,0.8267,692455
1753600087759,07:08:07.759,mexc,ADA/USDT:USDT,0.8265,829257,0.8264,745458,0.8266,883757,0.8267,692455
1753600087808,07:08:07.808,mexc,ADA/USDT:USDT,0.8265,829257,0.8264,745458,0.8266,883757,0.8267,692455
1753600088207,07:08:08.207,mexc,ADA/USDT:USDT,0.8266,725209,0.8265,829257,0.8267,692455,0.8268,763881
1753600088407,07:08:08.407,mexc,ADA/USDT:USDT,0.8267,848441,0.8266,725209,0.8268,763881,0.8269,859644
1753600088697,07:08:08.697,mexc,ADA/USDT:USDT,0.8267,848441,0.8266,725209,0.8268,763881,0.8269,859644
1753600088811,07:08:08.811,mexc,ADA/USDT:USDT,0.8267,848441,0.8266,725209,0.8268,763881,0.8269,859644
1753600089106,07:08:09.106,mexc,ADA/USDT:USDT,0.8267,848441,0.8266,725209,0.8268,763881,0.8269,859644
1753600089202,07:08:09.202,mexc,ADA/USDT:USDT,0.8267,848441,0.8266,906100,0.8268,763881,0.8269,859644
1753600089420,07:08:09.420,mexc,ADA/USDT:USDT,0.8267,848441,0.8266,906100,0.8268,763881,0.8269,859644
1753600089762,07:08:09.762,mexc,ADA/USDT:USDT,0.8267,848441,0.8266,846585,0.8268,763881,0.8269,1127241
1753600090011,07:08:10.011,mexc,ADA/USDT:USDT,0.8267,848441,0.8266,846585,0.8268,763881,0.8269,1127241
1753600090203,07:08:10.203,mexc,ADA/USDT:USDT,0.8267,848441,0.8266,843432,0.8268,763881,0.8269,1045272
1753600090599,07:08:10.599,mexc,ADA/USDT:USDT,0.8267,848441,0.8266,725209,0.8268,763881,0.8269,1045272
1753600090795,07:08:10.795,mexc,ADA/USDT:USDT,0.8267,848441,0.8266,1136340,0.8268,763881,0.8269,859644
1753600090895,07:08:10.895,mexc,ADA/USDT:USDT,0.8268,781354,0.8267,848441,0.8269,859644,0.827,783121
1753600091200,07:08:11.200,mexc,ADA/USDT:USDT,0.8268,781354,0.8267,848441,0.8269,859644,0.827,783121
1753600091389,07:08:11.389,mexc,ADA/USDT:USDT,0.8268,781354,0.8267,848441,0.8269,859644,0.827,783121
1753600091696,07:08:11.696,mexc,ADA/USDT:USDT,0.8268,781354,0.8267,848441,0.8269,859644,0.827,912489
1753600091698,07:08:11.698,mexc,ADA/USDT:USDT,0.8268,781354,0.8267,848441,0.8269,859644,0.827,912489
1753600092101,07:08:12.101,mexc,ADA/USDT:USDT,0.8268,781354,0.8267,848441,0.8269,859644,0.827,912489
1753600092253,07:08:12.253,mexc,ADA/USDT:USDT,0.8267,848441,0.8266,725209,0.8268,896158,0.8269,859644
1753600092572,07:08:12.572,mexc,ADA/USDT:USDT,0.8267,848441,0.8266,725209,0.8268,896158,0.8269,859644
1753600092698,07:08:12.698,mexc,ADA/USDT:USDT,0.8267,848441,0.8266,725209,0.8268,896158,0.8269,859644
1753600093018,07:08:13.018,mexc,ADA/USDT:USDT,0.8267,848441,0.8266,725209,0.8268,896158,0.8269,859644
1753600093200,07:08:13.200,mexc,ADA/USDT:USDT,0.8267,848441,0.8266,725209,0.8268,896158,0.8269,859644
1753600093333,07:08:13.333,mexc,ADA/USDT:USDT,0.8267,848441,0.8266,725209,0.8268,896158,0.8269,859644
1753600093699,07:08:13.699,mexc,ADA/USDT:USDT,0.8267,848441,0.8266,725209,0.8268,896158,0.8269,859644
1753600093888,07:08:13.888,mexc,ADA/USDT:USDT,0.8267,848441,0.8266,725209,0.8268,896158,0.8269,859644
1753600094199,07:08:14.199,mexc,ADA/USDT:USDT,0.8267,848441,0.8266,725209,0.8268,896158,0.8269,1168143
1753600094603,07:08:14.603,mexc,ADA/USDT:USDT,0.8267,848441,0.8266,725209,0.8268,896158,0.8269,859644
1753600094698,07:08:14.698,mexc,ADA/USDT:USDT,0.8267,848441,0.8266,725209,0.8268,896158,0.8269,859644
1753600095016,07:08:15.016,mexc,ADA/USDT:USDT,0.8267,848441,0.8266,725209,0.8268,893742,0.8269,859644
1753600095296,07:08:15.296,mexc,ADA/USDT:USDT,0.8267,848441,0.8266,1146456,0.8268,893742,0.8269,859644
1753600095333,07:08:15.333,mexc,ADA/USDT:USDT,0.8267,848441,0.8266,1146456,0.8268,893742,0.8269,859644
1753600095700,07:08:15.700,mexc,ADA/USDT:USDT,0.8267,848441,0.8266,725209,0.8268,893742,0.8269,859644
1753600095700,07:08:15.700,mexc,ADA/USDT:USDT,0.8267,848441,0.8266,725209,0.8268,893742,0.8269,859644
1753600096103,07:08:16.103,mexc,ADA/USDT:USDT,0.8267,848441,0.8266,725209,0.8268,893742,0.8269,859644
1753600096289,07:08:16.289,mexc,ADA/USDT:USDT,0.8267,848441,0.8266,725209,0.8268,893742,0.8269,859644
1753600096603,07:08:16.603,mexc,ADA/USDT:USDT,0.8267,848441,0.8266,725209,0.8268,893742,0.8269,859644
1753600096801,07:08:16.801,mexc,ADA/USDT:USDT,0.8267,848441,0.8266,725209,0.8268,893742,0.8269,1246525
1753600096836,07:08:16.836,mexc,ADA/USDT:USDT,0.8267,848441,0.8266,725209,0.8268,893742,0.8269,1246525
1753600097230,07:08:17.230,mexc,ADA/USDT:USDT,0.8266,725209,0.8265,829257,0.8267,993405,0.8268,1019537
1753600097241,07:08:17.241,mexc,ADA/USDT:USDT,0.8265,829257,0.8264,745458,0.8266,994779,0.8267,993405
1753600097640,07:08:17.640,mexc,ADA/USDT:USDT,0.8265,792725,0.8264,745458,0.8266,994779,0.8267,993405
1753600097853,07:08:17.853,mexc,ADA/USDT:USDT,0.8265,792725,0.8264,745458,0.8266,994779,0.8267,993405
1753600098105,07:08:18.105,mexc,ADA/USDT:USDT,0.8265,792725,0.8264,745458,0.8266,994779,0.8267,993405
1753600098270,07:08:18.270,mexc,ADA/USDT:USDT,0.8265,792725,0.8264,745458,0.8266,994779,0.8267,993405
1753600098600,07:08:18.600,mexc,ADA/USDT:USDT,0.8265,792725,0.8264,745458,0.8266,994779,0.8267,993405
1753600098703,07:08:18.703,mexc,ADA/USDT:USDT,0.8266,691274,0.8265,792725,0.8267,993405,0.8268,893742
1753600099066,07:08:19.066,mexc,ADA/USDT:USDT,0.8266,691274,0.8265,792725,0.8267,993405,0.8268,893742
1753600099229,07:08:19.229,mexc,ADA/USDT:USDT,0.8266,691274,0.8265,792725,0.8267,993405,0.8268,893742
1753600099296,07:08:19.296,mexc,ADA/USDT:USDT,0.8266,691274,0.8265,792725,0.8267,993405,0.8268,893742
1753600099702,07:08:19.702,mexc,ADA/USDT:USDT,0.8266,691274,0.8265,792725,0.8267,993405,0.8268,1138347
1753600099753,07:08:19.753,mexc,ADA/USDT:USDT,0.8266,691274,0.8265,792725,0.8267,993405,0.8268,1138347
1753600100104,07:08:20.104,mexc,ADA/USDT:USDT,0.8266,691274,0.8265,792725,0.8267,993405,0.8268,893742
1753600100222,07:08:20.222,mexc,ADA/USDT:USDT,0.8266,691274,0.8265,988620,0.8267,993405,0.8268,893742
1753600100515,07:08:20.515,mexc,ADA/USDT:USDT,0.8266,691274,0.8265,988620,0.8267,993405,0.8268,893742
1753600100705,07:08:20.705,mexc,ADA/USDT:USDT,0.8266,691274,0.8265,1064561,0.8267,993405,0.8268,893742
1753600100915,07:08:20.915,mexc,ADA/USDT:USDT,0.8266,691274,0.8265,1064561,0.8267,993405,0.8268,893742
1753600101107,07:08:21.107,mexc,ADA/USDT:USDT,0.8266,691274,0.8265,792725,0.8267,993405,0.8268,893742
1753600101297,07:08:21.297,mexc,ADA/USDT:USDT,0.8266,691274,0.8265,792725,0.8267,993405,0.8268,1000291
1753600101614,07:08:21.614,mexc,ADA/USDT:USDT,0.8266,691274,0.8265,792725,0.8267,993405,0.8268,893742
1753600101704,07:08:21.704,mexc,ADA/USDT:USDT,0.8266,691274,0.8265,792725,0.8267,993405,0.8268,1162881
1753600101994,07:08:21.994,mexc,ADA/USDT:USDT,0.8266,691274,0.8265,792725,0.8267,993405,0.8268,1162881
1753600102210,07:08:22.210,mexc,ADA/USDT:USDT,0.8266,691274,0.8265,1342143,0.8267,993405,0.8268,1012316
1753600102574,07:08:22.574,mexc,ADA/USDT:USDT,0.8266,691274,0.8265,1342143,0.8267,993405,0.8268,1012316
1753600102711,07:08:22.711,mexc,ADA/USDT:USDT,0.8265,792725,0.8264,745458,0.8266,935432,0.8267,993405
1753600102845,07:08:22.845,mexc,ADA/USDT:USDT,0.8265,792725,0.8264,745458,0.8266,935432,0.8267,993405
1753600103206,07:08:23.206,mexc,ADA/USDT:USDT,0.8265,792725,0.8264,745458,0.8266,935432,0.8267,993405
1753600103383,07:08:23.383,mexc,ADA/USDT:USDT,0.8265,792725,0.8264,745458,0.8266,935432,0.8267,993405
1753600103608,07:08:23.608,mexc,ADA/USDT:USDT,0.8265,792725,0.8264,745458,0.8266,935432,0.8267,993405
1753600103707,07:08:23.707,mexc,ADA/USDT:USDT,0.8265,792725,0.8264,902339,0.8266,935432,0.8267,993405
1753600104110,07:08:24.110,mexc,ADA/USDT:USDT,0.8265,792725,0.8264,902339,0.8266,935432,0.8267,993405
1753600104209,07:08:24.209,mexc,ADA/USDT:USDT,0.8265,792725,0.8264,745458,0.8266,935432,0.8267,993405
1753600104380,07:08:24.380,mexc,ADA/USDT:USDT,0.8265,792725,0.8264,745458,0.8266,935432,0.8267,993405
1753600104811,07:08:24.811,mexc,ADA/USDT:USDT,0.8265,792725,0.8264,1079786,0.8266,935432,0.8267,1274072
1753600104815,07:08:24.815,mexc,ADA/USDT:USDT,0.8265,792725,0.8264,1079786,0.8266,935432,0.8267,1274072
1753600105208,07:08:25.208,mexc,ADA/USDT:USDT,0.8265,792725,0.8264,745458,0.8266,935432,0.8267,1427281
1753600105610,07:08:25.610,mexc,ADA/USDT:USDT,0.8265,792725,0.8264,745458,0.8266,935432,0.8267,1427281
1753600105706,07:08:25.706,mexc,ADA/USDT:USDT,0.8265,792725,0.8264,745458,0.8266,935432,0.8267,993405
1753600106029,07:08:26.029,mexc,ADA/USDT:USDT,0.8265,792725,0.8264,745458,0.8266,935432,0.8267,993405
1753600106207,07:08:26.207,mexc,ADA/USDT:USDT,0.8266,878084,0.8265,893338,0.8267,993405,0.8268,1684477
1753600106455,07:08:26.455,mexc,ADA/USDT:USDT,0.8266,878084,0.8265,893338,0.8267,993405,0.8268,1684477
1753600106611,07:08:26.611,mexc,ADA/USDT:USDT,0.8266,878084,0.8265,792725,0.8267,993405,0.8268,893742
1753600106826,07:08:26.826,mexc,ADA/USDT:USDT,0.8266,878084,0.8265,1013424,0.8267,993405,0.8268,893742
1753600107106,07:08:27.106,mexc,ADA/USDT:USDT,0.8266,878084,0.8265,1013424,0.8267,993405,0.8268,893742
1753600107240,07:08:27.240,mexc,ADA/USDT:USDT,0.8266,878084,0.8265,792725,0.8267,993405,0.8268,1217844
1753600107569,07:08:27.569,mexc,ADA/USDT:USDT,0.8266,878084,0.8265,792725,0.8267,993405,0.8268,1217844
1753600107716,07:08:27.716,mexc,ADA/USDT:USDT,0.8267,705123,0.8266,878084,0.8268,893742,0.8269,859644
1753600108020,07:08:28.020,mexc,ADA/USDT:USDT,0.8267,705123,0.8266,878084,0.8268,893742,0.8269,859644
1753600108208,07:08:28.208,mexc,ADA/USDT:USDT,0.8267,705123,0.8266,878084,0.8268,893742,0.8269,859644
1753600108430,07:08:28.430,mexc,ADA/USDT:USDT,0.8267,705123,0.8266,878084,0.8268,893742,0.8269,859644
1753600108610,07:08:28.610,mexc,ADA/USDT:USDT,0.8267,705123,0.8266,878084,0.8268,893741,0.8269,859644
1753600108809,07:08:28.809,mexc,ADA/USDT:USDT,0.8267,705123,0.8266,878084,0.8268,893741,0.8269,1128961
1753600109111,07:08:29.111,mexc,ADA/USDT:USDT,0.8267,705122,0.8266,878084,0.8268,893741,0.8269,859644
1753600109208,07:08:29.208,mexc,ADA/USDT:USDT,0.8267,705122,0.8266,1330230,0.8268,893741,0.8269,1329967
1753600109509,07:08:29.509,mexc,ADA/USDT:USDT,0.8267,705122,0.8266,1330230,0.8268,893447,0.8269,1329967
1753600109769,07:08:29.769,mexc,ADA/USDT:USDT,0.8267,705122,0.8266,1358095,0.8268,893447,0.8269,1164916
1753600109826,07:08:29.826,mexc,ADA/USDT:USDT,0.8267,705122,0.8266,1358095,0.8268,893447,0.8269,1164916
1753600110207,07:08:30.207,mexc,ADA/USDT:USDT,0.8267,705122,0.8266,878084,0.8268,893447,0.8269,859644
1753600110207,07:08:30.207,mexc,ADA/USDT:USDT,0.8267,705122,0.8266,878084,0.8268,893447,0.8269,859644
1753600110610,07:08:30.610,mexc,ADA/USDT:USDT,0.8267,705122,0.8266,878084,0.8268,893447,0.8269,859644
1753600110791,07:08:30.791,mexc,ADA/USDT:USDT,0.8267,705122,0.8266,1155265,0.8268,893447,0.8269,859644
1753600111111,07:08:31.111,mexc,ADA/USDT:USDT,0.8267,705122,0.8266,1155265,0.8268,893447,0.8269,859644
1753600111209,07:08:31.209,mexc,ADA/USDT:USDT,0.8267,705122,0.8266,878084,0.8268,893447,0.8269,1503234
1753600111446,07:08:31.446,mexc,ADA/USDT:USDT,0.8265,792725,0.8264,745458,0.8266,965559,0.8267,829820
1753600111718,07:08:31.718,mexc,ADA/USDT:USDT,0.8265,792725,0.8264,961914,0.8266,965559,0.8267,829820
1753600112110,07:08:32.110,mexc,ADA/USDT:USDT,0.8265,792725,0.8264,961914,0.8266,965559,0.8267,829820
1753600112227,07:08:32.227,mexc,ADA/USDT:USDT,0.8265,792725,0.8264,930525,0.8266,965559,0.8267,829820
1753600112611,07:08:32.611,mexc,ADA/USDT:USDT,0.8265,792725,0.8264,930525,0.8266,965559,0.8267,829820
1753600112727,07:08:32.727,mexc,ADA/USDT:USDT,0.8265,792725,0.8264,745458,0.8266,965559,0.8267,984065
1753600113048,07:08:33.048,mexc,ADA/USDT:USDT,0.8265,792725,0.8264,745458,0.8266,965559,0.8267,984065
1753600113210,07:08:33.210,mexc,ADA/USDT:USDT,0.8265,792725,0.8264,923869,0.8266,965559,0.8267,829820
1753600113438,07:08:33.438,mexc,ADA/USDT:USDT,0.8265,792725,0.8264,923869,0.8266,965559,0.8267,829820
1753600113711,07:08:33.711,mexc,ADA/USDT:USDT,0.8265,792725,0.8264,745458,0.8266,965559,0.8267,829820
1753600114115,07:08:34.115,mexc,ADA/USDT:USDT,0.8265,792725,0.8264,745458,0.8266,965559,0.8267,829820
1753600114211,07:08:34.211,mexc,ADA/USDT:USDT,0.8265,792725,0.8264,1325450,0.8266,965559,0.8267,829820
1753600114320,07:08:34.320,mexc,ADA/USDT:USDT,0.8265,792725,0.8264,1325450,0.8266,965559,0.8267,829820
1753600114797,07:08:34.797,mexc,ADA/USDT:USDT,0.8265,792725,0.8264,1118903,0.8266,965559,0.8267,829820
1753600114976,07:08:34.976,mexc,ADA/USDT:USDT,0.8264,745458,0.8263,750480,0.8265,857292,0.8266,965559
1753600115212,07:08:35.212,mexc,ADA/USDT:USDT,0.8264,745458,0.8263,750480,0.8265,857292,0.8266,965559
1753600115320,07:08:35.320,mexc,ADA/USDT:USDT,0.8264,745458,0.8263,750480,0.8265,857292,0.8266,965559
1753600115615,07:08:35.615,mexc,ADA/USDT:USDT,0.8264,745458,0.8263,750480,0.8265,857292,0.8266,965559
1753600115712,07:08:35.712,mexc,ADA/USDT:USDT,0.8264,745458,0.8263,750480,0.8265,857292,0.8266,1173944
1753600116104,07:08:36.104,mexc,ADA/USDT:USDT,0.8264,745458,0.8263,750480,0.8265,857292,0.8266,1173944
1753600116246,07:08:36.246,mexc,ADA/USDT:USDT,0.8264,745164,0.8263,750480,0.8265,857292,0.8266,965559
1753600116389,07:08:36.389,mexc,ADA/USDT:USDT,0.8264,745164,0.8263,750480,0.8265,857292,0.8266,965559
1753600116713,07:08:36.713,mexc,ADA/USDT:USDT,0.8264,745164,0.8263,750480,0.8265,857292,0.8266,965559
1753600116713,07:08:36.713,mexc,ADA/USDT:USDT,0.8264,745164,0.8263,750480,0.8265,857292,0.8266,1144112
1753600117116,07:08:37.116,mexc,ADA/USDT:USDT,0.8264,745164,0.8263,750480,0.8265,857292,0.8266,1144112
1753600117214,07:08:37.214,mexc,ADA/USDT:USDT,0.8264,745164,0.8263,750480,0.8265,857292,0.8266,1277902
1753600117616,07:08:37.616,mexc,ADA/USDT:USDT,0.8264,745164,0.8263,750480,0.8265,857292,0.8266,1277902
1753600117749,07:08:37.749,mexc,ADA/USDT:USDT,0.8264,745164,0.8263,1178044,0.8265,857292,0.8266,965559
1753600118030,07:08:38.030,mexc,ADA/USDT:USDT,0.8264,745164,0.8263,1178044,0.8265,857292,0.8266,965559
1753600118260,07:08:38.260,mexc,ADA/USDT:USDT,0.8264,745164,0.8263,750480,0.8265,857292,0.8266,1245704
1753600118585,07:08:38.585,mexc,ADA/USDT:USDT,0.8264,745164,0.8263,750480,0.8265,857292,0.8266,1245704
1753600118713,07:08:38.713,mexc,ADA/USDT:USDT,0.8264,745164,0.8263,750480,0.8265,857292,0.8266,965559
1753600119068,07:08:39.068,mexc,ADA/USDT:USDT,0.8264,745164,0.8263,750480,0.8265,857292,0.8266,965559
1753600119214,07:08:39.214,mexc,ADA/USDT:USDT,0.8264,745164,0.8263,750480,0.8265,857292,0.8266,1250468
1753600119277,07:08:39.277,mexc,ADA/USDT:USDT,0.8264,745164,0.8263,750480,0.8265,857292,0.8266,1250468
1753600119714,07:08:39.714,mexc,ADA/USDT:USDT,0.8264,745164,0.8263,750480,0.8265,857292,0.8266,965559
1753600119907,07:08:39.907,mexc,ADA/USDT:USDT,0.8264,745164,0.8263,750480,0.8265,857292,0.8266,1159733
1753600120119,07:08:40.119,mexc,ADA/USDT:USDT,0.8264,745164,0.8263,750480,0.8265,857292,0.8266,1159733
1753600120319,07:08:40.319,mexc,ADA/USDT:USDT,0.8264,745164,0.8263,1519117,0.8265,1557792,0.8266,1896082
1753600120332,07:08:40.332,mexc,ADA/USDT:USDT,0.8264,1005392,0.8263,1000684,0.8265,700500,0.8266,806362
1753600120804,07:08:40.804,mexc,ADA/USDT:USDT,0.8265,946881,0.8264,1005392,0.8266,806362,0.8267,955634
1753600120817,07:08:40.817,mexc,ADA/USDT:USDT,0.8265,946881,0.8264,1005392,0.8266,806362,0.8267,955634
1753600121213,07:08:41.213,mexc,ADA/USDT:USDT,0.8265,946881,0.8264,1005392,0.8266,806362,0.8267,955634
1753600121217,07:08:41.217,mexc,ADA/USDT:USDT,0.8265,946881,0.8264,1246266,0.8266,806362,0.8267,1063048
1753600121539,07:08:41.539,mexc,ADA/USDT:USDT,0.8265,946881,0.8264,1246266,0.8266,806362,0.8267,1063048
1753600121715,07:08:41.715,mexc,ADA/USDT:USDT,0.8265,946881,0.8264,1495284,0.8266,806362,0.8267,955634
1753600121875,07:08:41.875,mexc,ADA/USDT:USDT,0.8265,946881,0.8264,1495284,0.8266,806362,0.8267,955634
1753600122254,07:08:42.254,mexc,ADA/USDT:USDT,0.8266,727792,0.8265,946881,0.8267,955634,0.8268,739796
1753600122612,07:08:42.612,mexc,ADA/USDT:USDT,0.8266,727792,0.8265,946881,0.8267,955634,0.8268,739796
1753600122731,07:08:42.731,mexc,ADA/USDT:USDT,0.8266,727792,0.8265,1066920,0.8267,955628,0.8268,739796
1753600122969,07:08:42.969,mexc,ADA/USDT:USDT,0.8266,727792,0.8265,1066920,0.8267,955628,0.8268,739796
1753600123216,07:08:43.216,mexc,ADA/USDT:USDT,0.8266,727792,0.8265,1300116,0.8267,955628,0.8268,739796
1753600123512,07:08:43.512,mexc,ADA/USDT:USDT,0.8267,905811,0.8266,727792,0.8268,739796,0.8269,785103
1753600123729,07:08:43.729,mexc,ADA/USDT:USDT,0.8267,905811,0.8266,993246,0.8268,739796,0.8269,785103
1753600124119,07:08:44.119,mexc,ADA/USDT:USDT,0.8267,905811,0.8266,993246,0.8268,739796,0.8269,785103
1753600124275,07:08:44.275,mexc,ADA/USDT:USDT,0.8267,905811,0.8266,727792,0.8268,739796,0.8269,785103
1753600124522,07:08:44.522,mexc,ADA/USDT:USDT,0.8267,905811,0.8266,727792,0.8268,739796,0.8269,785103
1753600124716,07:08:44.716,mexc,ADA/USDT:USDT,0.8267,905811,0.8266,1454458,0.8268,739796,0.8269,785103
1753600124917,07:08:44.917,mexc,ADA/USDT:USDT,0.8267,905811,0.8266,1454458,0.8268,739796,0.8269,785103
1753600125218,07:08:45.218,mexc,ADA/USDT:USDT,0.8267,905811,0.8266,727792,0.8268,739796,0.8269,785103
1753600125461,07:08:45.461,mexc,ADA/USDT:USDT,0.8267,905811,0.8266,727792,0.8268,739796,0.8269,785103
1753600125718,07:08:45.718,mexc,ADA/USDT:USDT,0.8267,905811,0.8266,1048861,0.8268,739796,0.8269,785103
1753600125908,07:08:45.908,mexc,ADA/USDT:USDT,0.8267,905811,0.8266,1048861,0.8268,739796,0.8269,785103
1753600126217,07:08:46.217,mexc,ADA/USDT:USDT,0.8267,905811,0.8266,839262,0.8268,739796,0.8269,785103
1753600126619,07:08:46.619,mexc,ADA/USDT:USDT,0.8267,905811,0.8266,839262,0.8268,739796,0.8269,785103
1753600126816,07:08:46.816,mexc,ADA/USDT:USDT,0.8267,905811,0.8266,905178,0.8268,739796,0.8269,785103
1753600126822,07:08:46.822,mexc,ADA/USDT:USDT,0.8267,905811,0.8266,905178,0.8268,739796,0.8269,785103
1753600127218,07:08:47.218,mexc,ADA/USDT:USDT,0.8267,905811,0.8266,727792,0.8268,739796,0.8269,893825
1753600127621,07:08:47.621,mexc,ADA/USDT:USDT,0.8267,905811,0.8266,727792,0.8268,739796,0.8269,785103
1753600127782,07:08:47.782,mexc,ADA/USDT:USDT,0.8267,905811,0.8266,727792,0.8268,739796,0.8269,983527
1753600128021,07:08:48.021,mexc,ADA/USDT:USDT,0.8267,905811,0.8266,727792,0.8268,739796,0.8269,983527
1753600128219,07:08:48.219,mexc,ADA/USDT:USDT,0.8268,917646,0.8267,905811,0.8269,785103,0.827,1011809
1753600128415,07:08:48.415,mexc,ADA/USDT:USDT,0.8268,917646,0.8267,905811,0.8269,785103,0.827,1011809
1753600128642,07:08:48.642,mexc,ADA/USDT:USDT,0.8268,917646,0.8267,905811,0.8269,785103,0.827,917617
1753600128741,07:08:48.741,mexc,ADA/USDT:USDT,0.8268,917646,0.8267,905811,0.8269,785103,0.827,917617
1753600129090,07:08:49.090,mexc,ADA/USDT:USDT,0.8268,917646,0.8267,905811,0.8269,785103,0.827,917617
1753600129220,07:08:49.220,mexc,ADA/USDT:USDT,0.8268,917646,0.8267,905811,0.8269,785103,0.827,917617
1753600129452,07:08:49.452,mexc,ADA/USDT:USDT,0.8268,917646,0.8267,905811,0.8269,785103,0.827,917617
1753600129720,07:08:49.720,mexc,ADA/USDT:USDT,0.8268,917646,0.8267,905811,0.8269,785103,0.827,1239959
1753600130123,07:08:50.123,mexc,ADA/USDT:USDT,0.8268,917646,0.8267,905811,0.8269,785103,0.827,1239959
1753600130220,07:08:50.220,mexc,ADA/USDT:USDT,0.8268,917646,0.8267,905811,0.8269,785103,0.827,1236261
1753600130534,07:08:50.534,mexc,ADA/USDT:USDT,0.8268,917646,0.8267,905811,0.8269,785103,0.827,1236261
1753600130721,07:08:50.721,mexc,ADA/USDT:USDT,0.8268,917646,0.8267,905811,0.8269,785103,0.827,1128539
1753600130878,07:08:50.878,mexc,ADA/USDT:USDT,0.8268,917646,0.8267,905811,0.8269,785103,0.827,1128539
1753600131222,07:08:51.222,mexc,ADA/USDT:USDT,0.8268,917646,0.8267,905811,0.8269,785103,0.827,917617
1753600131278,07:08:51.278,mexc,ADA/USDT:USDT,0.8268,917646,0.8267,905811,0.8269,785103,0.827,917617
1753600131722,07:08:51.722,mexc,ADA/USDT:USDT,0.8268,917646,0.8267,905811,0.8269,785103,0.827,1083487
1753600131801,07:08:51.801,mexc,ADA/USDT:USDT,0.8268,917646,0.8267,1086688,0.8269,785103,0.827,1083487
1753600132128,07:08:52.128,mexc,ADA/USDT:USDT,0.8269,923994,0.8268,917646,0.827,917617,0.8271,983934
1753600132222,07:08:52.222,mexc,ADA/USDT:USDT,0.8269,923994,0.8268,917646,0.827,917617,0.8271,1235107
1753600132625,07:08:52.625,mexc,ADA/USDT:USDT,0.8269,923994,0.8268,917646,0.827,917617,0.8271,1235107
1753600132824,07:08:52.824,mexc,ADA/USDT:USDT,0.8269,923994,0.8268,917646,0.827,917617,0.8271,983934
1753600132890,07:08:52.890,mexc,ADA/USDT:USDT,0.8269,923994,0.8268,917646,0.827,917617,0.8271,983934
1753600133254,07:08:53.254,mexc,ADA/USDT:USDT,0.8269,923994,0.8268,1267683,0.827,916956,0.8271,1235909
1753600133625,07:08:53.625,mexc,ADA/USDT:USDT,0.8269,923994,0.8268,1267683,0.827,916956,0.8271,983934
1753600133768,07:08:53.768,mexc,ADA/USDT:USDT,0.8269,923994,0.8268,917646,0.827,916956,0.8271,1310365
1753600133861,07:08:53.861,mexc,ADA/USDT:USDT,0.8269,923525,0.8268,917646,0.827,916956,0.8271,1310365
1753600134223,07:08:54.223,mexc,ADA/USDT:USDT,0.8269,923525,0.8268,1195415,0.827,916956,0.8271,983934
1753600134527,07:08:54.527,mexc,ADA/USDT:USDT,0.8269,923525,0.8268,1195415,0.827,916956,0.8271,983934
1753600134724,07:08:54.724,mexc,ADA/USDT:USDT,0.8269,923525,0.8268,917646,0.827,916956,0.8271,983934
1753600134861,07:08:54.861,mexc,ADA/USDT:USDT,0.8269,923525,0.8268,917646,0.827,916956,0.8271,983934
1753600135238,07:08:55.238,mexc,ADA/USDT:USDT,0.8269,923525,0.8268,917646,0.827,916956,0.8271,1118966
1753600135512,07:08:55.512,mexc,ADA/USDT:USDT,0.8269,923525,0.8268,917646,0.827,916956,0.8271,1118966
1753600135725,07:08:55.725,mexc,ADA/USDT:USDT,0.8269,923525,0.8268,917646,0.827,916956,0.8271,983934
1753600135922,07:08:55.922,mexc,ADA/USDT:USDT,0.8269,923525,0.8268,917646,0.827,916956,0.8271,1218857
1753600136128,07:08:56.128,mexc,ADA/USDT:USDT,0.8269,923525,0.8268,917646,0.827,916956,0.8271,1218857
1753600136225,07:08:56.225,mexc,ADA/USDT:USDT,0.8269,923525,0.8268,917646,0.827,916956,0.8271,983934
1753600136627,07:08:56.627,mexc,ADA/USDT:USDT,0.8269,923525,0.8268,917646,0.827,916956,0.8271,983934
1753600136803,07:08:56.803,mexc,ADA/USDT:USDT,0.8269,923525,0.8268,993832,0.827,916956,0.8271,983934
1753600137061,07:08:57.061,mexc,ADA/USDT:USDT,0.827,885871,0.8269,923525,0.8271,983934,0.8272,887385
1753600137263,07:08:57.263,mexc,ADA/USDT:USDT,0.827,885871,0.8269,1117855,0.8271,983934,0.8272,1218088
1753600137362,07:08:57.362,mexc,ADA/USDT:USDT,0.827,885871,0.8269,1117855,0.8271,983694,0.8272,1218088
1753600137725,07:08:57.725,mexc,ADA/USDT:USDT,0.827,885871,0.8269,923525,0.8271,983694,0.8272,887385
1753600137725,07:08:57.725,mexc,ADA/USDT:USDT,0.827,885871,0.8269,1275640,0.8271,983694,0.8272,887385
1753600138128,07:08:58.128,mexc,ADA/USDT:USDT,0.827,885871,0.8269,1054020,0.8271,983694,0.8272,887385
1753600138226,07:08:58.226,mexc,ADA/USDT:USDT,0.827,885871,0.8269,923525,0.8271,983694,0.8272,887385
1753600138422,07:08:58.422,mexc,ADA/USDT:USDT,0.827,885871,0.8269,923525,0.8271,983694,0.8272,887385
1753600138813,07:08:58.813,mexc,ADA/USDT:USDT,0.827,885871,0.8269,923525,0.8271,983694,0.8272,1192552
1753600138998,07:08:58.998,mexc,ADA/USDT:USDT,0.827,885871,0.8269,923525,0.8271,983694,0.8272,1192552
1753600139225,07:08:59.225,mexc,ADA/USDT:USDT,0.827,885871,0.8269,923525,0.8271,983694,0.8272,887385
1753600139226,07:08:59.226,mexc,ADA/USDT:USDT,0.827,885871,0.8269,923525,0.8271,983694,0.8272,887385
1753600139629,07:08:59.629,mexc,ADA/USDT:USDT,0.827,885871,0.8269,923525,0.8271,983694,0.8272,887385
1753600139822,07:08:59.822,mexc,ADA/USDT:USDT,0.827,885871,0.8269,923525,0.8271,983694,0.8272,887385
1753600140130,07:09:00.130,mexc,ADA/USDT:USDT,0.827,885871,0.8269,923525,0.8271,983694,0.8272,887385
1753600140312,07:09:00.312,mexc,ADA/USDT:USDT,0.827,885871,0.8269,1256570,0.8271,983694,0.8272,887385
1753600140629,07:09:00.629,mexc,ADA/USDT:USDT,0.827,885871,0.8269,1256570,0.8271,983694,0.8272,887385
1753600140728,07:09:00.728,mexc,ADA/USDT:USDT,0.827,885871,0.8269,1180883,0.8271,983694,0.8272,887385
1753600141101,07:09:01.101,mexc,ADA/USDT:USDT,0.827,885871,0.8269,1180883,0.8271,983694,0.8272,887385
1753600141228,07:09:01.228,mexc,ADA/USDT:USDT,0.827,885871,0.8269,923525,0.8271,983694,0.8272,1064652
1753600141508,07:09:01.508,mexc,ADA/USDT:USDT,0.827,885871,0.8269,923525,0.8271,983694,0.8272,1064652
1753600141727,07:09:01.727,mexc,ADA/USDT:USDT,0.827,885871,0.8269,923525,0.8271,983694,0.8272,887385
1753600141827,07:09:01.827,mexc,ADA/USDT:USDT,0.827,885871,0.8269,923525,0.8271,983694,0.8272,887385
1753600142131,07:09:02.131,mexc,ADA/USDT:USDT,0.827,885871,0.8269,923525,0.8271,983694,0.8272,887385
1753600142282,07:09:02.282,mexc,ADA/USDT:USDT,0.827,885871,0.8269,1109384,0.8271,983694,0.8272,1071428
1753600142444,07:09:02.444,mexc,ADA/USDT:USDT,0.827,881515,0.8269,697627,0.8271,974417,0.8272,830995
1753600142730,07:09:02.730,mexc,ADA/USDT:USDT,0.8269,697627,0.8268,1132523,0.827,891266,0.8271,974417
1753600142894,07:09:02.894,mexc,ADA/USDT:USDT,0.8269,697627,0.8268,1132523,0.827,891266,0.8271,974417
1753600143228,07:09:03.228,mexc,ADA/USDT:USDT,0.8269,697627,0.8268,857066,0.827,891266,0.8271,974417
1753600143229,07:09:03.229,mexc,ADA/USDT:USDT,0.8269,697627,0.8268,857066,0.827,891266,0.8271,974417
1753600143632,07:09:03.632,mexc,ADA/USDT:USDT,0.8269,697627,0.8268,857066,0.827,891266,0.8271,974417
1753600143730,07:09:03.730,mexc,ADA/USDT:USDT,0.8269,697627,0.8268,1124210,0.827,891266,0.8271,1175264
1753600144005,07:09:04.005,mexc,ADA/USDT:USDT,0.8269,697627,0.8268,1124210,0.827,891266,0.8271,1175264
1753600144231,07:09:04.231,mexc,ADA/USDT:USDT,0.8269,697627,0.8268,857066,0.827,891266,0.8271,974417
1753600144566,07:09:04.566,mexc,ADA/USDT:USDT,0.8269,697627,0.8268,857066,0.827,891266,0.8271,974417
1753600144734,07:09:04.734,mexc,ADA/USDT:USDT,0.827,778121,0.8269,697627,0.8271,967702,0.8272,986197
1753600144832,07:09:04.832,mexc,ADA/USDT:USDT,0.827,778121,0.8269,697627,0.8271,967702,0.8272,986197
1753600145135,07:09:05.135,mexc,ADA/USDT:USDT,0.827,778121,0.8269,697627,0.8271,967702,0.8272,830995
1753600145232,07:09:05.232,mexc,ADA/USDT:USDT,0.827,778121,0.8269,986676,0.8271,967702,0.8272,1056982
1753600145732,07:09:05.732,mexc,ADA/USDT:USDT,0.827,778121,0.8269,697627,0.8271,967702,0.8272,830995
1753600145732,07:09:05.732,mexc,ADA/USDT:USDT,0.827,778121,0.8269,1066058,0.8271,967702,0.8272,830995
1753600146133,07:09:06.133,mexc,ADA/USDT:USDT,0.827,778121,0.8269,1066058,0.8271,967702,0.8272,830995
1753600146317,07:09:06.317,mexc,ADA/USDT:USDT,0.8271,947706,0.827,778121,0.8272,830995,0.8273,839081
1753600146649,07:09:06.649,mexc,ADA/USDT:USDT,0.8271,947706,0.827,778121,0.8272,830995,0.8273,839081
1753600146732,07:09:06.732,mexc,ADA/USDT:USDT,0.8271,947706,0.827,778121,0.8272,830995,0.8273,839081
1753600146867,07:09:06.867,mexc,ADA/USDT:USDT,0.8271,947706,0.827,778121,0.8272,830995,0.8273,839081
1753600147231,07:09:07.231,mexc,ADA/USDT:USDT,0.8272,906927,0.8271,947706,0.8273,839081,0.8274,1119104
1753600147635,07:09:07.635,mexc,ADA/USDT:USDT,0.8272,906927,0.8271,947706,0.8273,839081,0.8274,1119104
1753600147764,07:09:07.764,mexc,ADA/USDT:USDT,0.8272,906927,0.8271,1184971,0.8273,839081,0.8274,1207328
1753600148076,07:09:08.076,mexc,ADA/USDT:USDT,0.8272,906927,0.8271,1184971,0.8273,839081,0.8274,1207328
1753600148233,07:09:08.233,mexc,ADA/USDT:USDT,0.8272,906927,0.8271,947706,0.8273,839081,0.8274,990952
1753600148528,07:09:08.528,mexc,ADA/USDT:USDT,0.8272,906927,0.8271,947706,0.8273,839081,0.8274,990952
1753600148690,07:09:08.690,mexc,ADA/USDT:USDT,0.8272,906927,0.8271,947706,0.8273,839081,0.8274,895375
1753600148880,07:09:08.880,mexc,ADA/USDT:USDT,0.8272,906927,0.8271,1067632,0.8273,839081,0.8274,895375
1753600149139,07:09:09.139,mexc,ADA/USDT:USDT,0.8272,906927,0.8271,1067632,0.8273,839081,0.8274,895375
1753600149233,07:09:09.233,mexc,ADA/USDT:USDT,0.8272,906927,0.8271,947706,0.8273,839081,0.8274,895375
1753600149635,07:09:09.635,mexc,ADA/USDT:USDT,0.8272,906927,0.8271,947706,0.8273,839081,0.8274,895375
1753600149734,07:09:09.734,mexc,ADA/USDT:USDT,0.8272,906927,0.8271,947706,0.8273,839081,0.8274,895375
1753600150004,07:09:10.004,mexc,ADA/USDT:USDT,0.8272,906927,0.8271,947706,0.8273,839081,0.8274,895375
1753600150235,07:09:10.235,mexc,ADA/USDT:USDT,0.8272,906927,0.8271,947706,0.8273,839081,0.8274,895375
1753600150636,07:09:10.636,mexc,ADA/USDT:USDT,0.8272,906927,0.8271,947706,0.8273,839081,0.8274,895375
1753600150834,07:09:10.834,mexc,ADA/USDT:USDT,0.8275,836342,0.8274,755181,0.8276,932747,0.8277,1010782
1753600150834,07:09:10.834,mexc,ADA/USDT:USDT,0.8275,836342,0.8274,755181,0.8276,932747,0.8277,1010782
1753600151285,07:09:11.285,mexc,ADA/USDT:USDT,0.8275,836342,0.8274,755181,0.8276,932747,0.8277,1010782
1753600151503,07:09:11.503,mexc,ADA/USDT:USDT,0.8275,836342,0.8274,755181,0.8276,932747,0.8277,1010782
1753600151638,07:09:11.638,mexc,ADA/USDT:USDT,0.8275,836342,0.8274,755181,0.8276,932747,0.8277,1010782
1753600151870,07:09:11.870,mexc,ADA/USDT:USDT,0.8275,836342,0.8274,948113,0.8276,932747,0.8277,1117505
1753600152235,07:09:12.235,mexc,ADA/USDT:USDT,0.8274,755181,0.8273,978130,0.8275,764777,0.8276,932747
1753600152429,07:09:12.429,mexc,ADA/USDT:USDT,0.8274,755181,0.8273,978130,0.8275,764777,0.8276,932747
1753600152637,07:09:12.637,mexc,ADA/USDT:USDT,0.8274,755181,0.8273,978130,0.8275,764777,0.8276,932747
1753600152736,07:09:12.736,mexc,ADA/USDT:USDT,0.8274,755181,0.8273,1185046,0.8275,764777,0.8276,1080196
1753600152958,07:09:12.958,mexc,ADA/USDT:USDT,0.8272,906927,0.8271,947706,0.8273,768871,0.8274,945159
1753600153382,07:09:13.382,mexc,ADA/USDT:USDT,0.8272,906927,0.8271,947706,0.8273,768871,0.8274,945159
1753600153518,07:09:13.518,mexc,ADA/USDT:USDT,0.8273,987259,0.8272,906927,0.8274,945159,0.8275,764777
1753600153832,07:09:13.832,mexc,ADA/USDT:USDT,0.8273,987259,0.8272,1244358,0.8274,945159,0.8275,764777
1753600153832,07:09:13.832,mexc,ADA/USDT:USDT,0.8273,987259,0.8272,1244358,0.8274,945159,0.8275,764777
1753600154236,07:09:14.236,mexc,ADA/USDT:USDT,0.8272,906927,0.8271,947706,0.8273,915165,0.8274,945159
1753600154418,07:09:14.418,mexc,ADA/USDT:USDT,0.8271,947706,0.827,778121,0.8272,827501,0.8273,915165
1753600154692,07:09:14.692,mexc,ADA/USDT:USDT,0.8271,947706,0.827,778121,0.8272,820499,0.8273,915165
1753600154831,07:09:14.831,mexc,ADA/USDT:USDT,0.8272,784258,0.8271,947706,0.8273,915165,0.8274,945159
1753600155093,07:09:15.093,mexc,ADA/USDT:USDT,0.8272,784258,0.8271,947706,0.8273,915165,0.8274,945159
1753600155248,07:09:15.248,mexc,ADA/USDT:USDT,0.8272,784258,0.8271,947706,0.8273,915165,0.8274,945159
1753600155391,07:09:15.391,mexc,ADA/USDT:USDT,0.8272,784258,0.8271,947706,0.8273,915165,0.8274,945159
1753600155735,07:09:15.735,mexc,ADA/USDT:USDT,0.8272,784258,0.8271,947706,0.8273,915165,0.8274,1129088
1753600155814,07:09:15.814,mexc,ADA/USDT:USDT,0.8272,784258,0.8271,947706,0.8273,915165,0.8274,1129088
1753600156236,07:09:16.236,mexc,ADA/USDT:USDT,0.8272,784258,0.8271,947706,0.8273,915165,0.8274,945159
1753600156236,07:09:16.236,mexc,ADA/USDT:USDT,0.8272,784258,0.8271,1160880,0.8273,915165,0.8274,945159
1753600156639,07:09:16.639,mexc,ADA/USDT:USDT,0.8272,784258,0.8271,947706,0.8273,915165,0.8274,945159
1753600156837,07:09:16.837,mexc,ADA/USDT:USDT,0.8271,947706,0.827,778121,0.8272,972690,0.8273,915165
1753600157094,07:09:17.094,mexc,ADA/USDT:USDT,0.8271,947706,0.827,778121,0.8272,972690,0.8273,915165
1753600157354,07:09:17.354,mexc,ADA/USDT:USDT,0.8272,919387,0.8271,947706,0.8273,915165,0.8274,945159
1753600157415,07:09:17.415,mexc,ADA/USDT:USDT,0.8271,947706,0.827,778121,0.8272,925672,0.8273,915165
1753600157737,07:09:17.737,mexc,ADA/USDT:USDT,0.8271,947706,0.827,778121,0.8272,925672,0.8273,915165
1753600158140,07:09:18.140,mexc,ADA/USDT:USDT,0.8271,947706,0.827,778121,0.8272,925672,0.8273,915165
1753600158271,07:09:18.271,mexc,ADA/USDT:USDT,0.8271,947706,0.827,778121,0.8272,925672,0.8273,915165
1753600158436,07:09:18.436,mexc,ADA/USDT:USDT,0.8271,947706,0.827,778121,0.8272,925672,0.8273,915165
1753600158738,07:09:18.738,mexc,ADA/USDT:USDT,0.8271,947706,0.827,778121,0.8272,925672,0.8273,915165
1753600159141,07:09:19.141,mexc,ADA/USDT:USDT,0.8271,947706,0.827,778121,0.8272,925672,0.8273,915165
1753600159239,07:09:19.239,mexc,ADA/USDT:USDT,0.8271,947706,0.827,1481583,0.8272,925672,0.8273,915165
1753600159640,07:09:19.640,mexc,ADA/USDT:USDT,0.8271,947706,0.827,1481583,0.8272,925672,0.8273,915165
1753600159769,07:09:19.769,mexc,ADA/USDT:USDT,0.8271,947706,0.827,778121,0.8272,925672,0.8273,915165
1753600160083,07:09:20.083,mexc,ADA/USDT:USDT,0.8271,947706,0.827,778121,0.8272,925672,0.8273,915165
1753600160325,07:09:20.325,mexc,ADA/USDT:USDT,0.8271,947706,0.827,778121,0.8272,925672,0.8273,1295239
1753600160379,07:09:20.379,mexc,ADA/USDT:USDT,0.8271,947706,0.827,778121,0.8272,925672,0.8273,1295239
1753600160741,07:09:20.741,mexc,ADA/USDT:USDT,0.8271,947706,0.827,778121,0.8272,925672,0.8273,915165
1753600160794,07:09:20.794,mexc,ADA/USDT:USDT,0.8271,947706,0.827,778121,0.8272,925672,0.8273,915165
1753600161142,07:09:21.142,mexc,ADA/USDT:USDT,0.8271,947706,0.827,778121,0.8272,925672,0.8273,915165
1753600161241,07:09:21.241,mexc,ADA/USDT:USDT,0.8271,947706,0.827,1390808,0.8272,925672,0.8273,915165
1753600161581,07:09:21.581,mexc,ADA/USDT:USDT,0.827,778121,0.8269,697627,0.8271,934675,0.8272,925672
1753600161740,07:09:21.740,mexc,ADA/USDT:USDT,0.8269,697627,0.8268,1141502,0.827,767594,0.8271,934675
1753600161876,07:09:21.876,mexc,ADA/USDT:USDT,0.8269,697627,0.8268,1141502,0.827,767594,0.8271,934675
1753600162241,07:09:22.241,mexc,ADA/USDT:USDT,0.8269,697627,0.8268,857066,0.827,767594,0.8271,934675
1753600162381,07:09:22.381,mexc,ADA/USDT:USDT,0.827,786347,0.8269,697627,0.8271,934675,0.8272,925672
1753600162459,07:09:22.459,mexc,ADA/USDT:USDT,0.827,786347,0.8269,697627,0.8271,934675,0.8272,925672
1753600162872,07:09:22.872,mexc,ADA/USDT:USDT,0.827,786347,0.8269,697627,0.8271,934675,0.8272,925672
1753600163098,07:09:23.098,mexc,ADA/USDT:USDT,0.827,786347,0.8269,697627,0.8271,934675,0.8272,925672
1753600163242,07:09:23.242,mexc,ADA/USDT:USDT,0.827,786347,0.8269,943259,0.8271,934675,0.8272,1192436
1753600163643,07:09:23.643,mexc,ADA/USDT:USDT,0.827,786347,0.8269,943259,0.8271,934675,0.8272,1020867
1753600163769,07:09:23.769,mexc,ADA/USDT:USDT,0.827,786347,0.8269,697627,0.8271,934675,0.8272,1139942
1753600164117,07:09:24.117,mexc,ADA/USDT:USDT,0.827,786347,0.8269,697627,0.8271,934675,0.8272,1139942
1753600164313,07:09:24.313,mexc,ADA/USDT:USDT,0.827,786347,0.8269,697627,0.8271,934675,0.8272,1410114
1753600164537,07:09:24.537,mexc,ADA/USDT:USDT,0.827,786347,0.8269,697627,0.8271,934675,0.8272,1410114
1753600164740,07:09:24.740,mexc,ADA/USDT:USDT,0.827,786347,0.8269,697627,0.8271,934675,0.8272,925672
1753600164740,07:09:24.740,mexc,ADA/USDT:USDT,0.827,786347,0.8269,697627,0.8271,934675,0.8272,1081109
1753600165143,07:09:25.143,mexc,ADA/USDT:USDT,0.827,786347,0.8269,697627,0.8271,934675,0.8272,1081109
1753600165313,07:09:25.313,mexc,ADA/USDT:USDT,0.827,786347,0.8269,1030887,0.8271,934675,0.8272,925672
1753600165643,07:09:25.643,mexc,ADA/USDT:USDT,0.827,786347,0.8269,1030887,0.8271,934675,0.8272,925672
1753600165822,07:09:25.822,mexc,ADA/USDT:USDT,0.827,786347,0.8269,697627,0.8271,934675,0.8272,1243409
1753600166129,07:09:26.129,mexc,ADA/USDT:USDT,0.827,786347,0.8269,697627,0.8271,934675,0.8272,1243409
1753600166286,07:09:26.286,mexc,ADA/USDT:USDT,0.827,786347,0.8269,1096478,0.8271,934675,0.8272,1020940
1753600166583,07:09:26.583,mexc,ADA/USDT:USDT,0.827,786347,0.8269,1096478,0.8271,934675,0.8272,1020940
1753600166743,07:09:26.743,mexc,ADA/USDT:USDT,0.827,786347,0.8269,697627,0.8271,934675,0.8272,925672
1753600166846,07:09:26.846,mexc,ADA/USDT:USDT,0.827,786347,0.8269,697627,0.8271,934675,0.8272,925672
1753600167248,07:09:27.248,mexc,ADA/USDT:USDT,0.827,786347,0.8269,697627,0.8271,934675,0.8272,925672
1753600167422,07:09:27.422,mexc,ADA/USDT:USDT,0.827,753658,0.8269,768051,0.8271,1015290,0.8272,934079
1753600167742,07:09:27.742,mexc,ADA/USDT:USDT,0.827,753658,0.8269,768051,0.8271,1015290,0.8272,934079
1753600167902,07:09:27.902,mexc,ADA/USDT:USDT,0.8269,768051,0.8268,960950,0.827,692832,0.8271,1015290
1753600168160,07:09:28.160,mexc,ADA/USDT:USDT,0.8269,768051,0.8268,960950,0.827,685761,0.8271,1015290
1753600168391,07:09:28.391,mexc,ADA/USDT:USDT,0.8269,768051,0.8268,1194058,0.827,685761,0.8271,1015290
1753600168619,07:09:28.619,mexc,ADA/USDT:USDT,0.8269,768051,0.8268,1194058,0.827,685761,0.8271,1015290
1753600168747,07:09:28.747,mexc,ADA/USDT:USDT,0.8269,768051,0.8268,1202692,0.827,685761,0.8271,1015290
1753600168843,07:09:28.843,mexc,ADA/USDT:USDT,0.8269,768051,0.8268,1202692,0.827,685761,0.8271,1015290
1753600169244,07:09:29.244,mexc,ADA/USDT:USDT,0.8269,768051,0.8268,960950,0.827,685761,0.8271,1280328
1753600169244,07:09:29.244,mexc,ADA/USDT:USDT,0.8269,768051,0.8268,960950,0.827,685761,0.8271,1280328
1753600169646,07:09:29.646,mexc,ADA/USDT:USDT,0.8269,768051,0.8268,960950,0.827,685761,0.8271,1280328
1753600169745,07:09:29.745,mexc,ADA/USDT:USDT,0.8269,768051,0.8268,960950,0.827,685761,0.8271,1015290
1753600170055,07:09:30.055,mexc,ADA/USDT:USDT,0.8269,768051,0.8268,960950,0.827,685761,0.8271,1015290
1753600170284,07:09:30.284,mexc,ADA/USDT:USDT,0.8269,768051,0.8268,960950,0.827,685761,0.8271,1289086
1753600170471,07:09:30.471,mexc,ADA/USDT:USDT,0.827,962001,0.8269,768051,0.8271,1015290,0.8272,934079
1753600170744,07:09:30.744,mexc,ADA/USDT:USDT,0.827,962001,0.8269,768051,0.8271,1015290,0.8272,934079
1753600171147,07:09:31.147,mexc,ADA/USDT:USDT,0.827,962001,0.8269,768051,0.8271,1015290,0.8272,934079
1753600171254,07:09:31.254,mexc,ADA/USDT:USDT,0.827,962001,0.8269,923074,0.8271,1015290,0.8272,934079
1753600171576,07:09:31.576,mexc,ADA/USDT:USDT,0.827,962001,0.8269,923074,0.8271,1015290,0.8272,934079
1753600171841,07:09:31.841,mexc,ADA/USDT:USDT,0.827,962001,0.8269,1095809,0.8271,1015290,0.8272,934079
1753600171842,07:09:31.842,mexc,ADA/USDT:USDT,0.827,962001,0.8269,1095809,0.8271,1015290,0.8272,934079
1753600172245,07:09:32.245,mexc,ADA/USDT:USDT,0.827,962001,0.8269,768051,0.8271,1015290,0.8272,934079
1753600172392,07:09:32.392,mexc,ADA/USDT:USDT,0.827,962001,0.8269,1095670,0.8271,1015290,0.8272,934079
1753600172649,07:09:32.649,mexc,ADA/USDT:USDT,0.827,962001,0.8269,1095670,0.8271,1015290,0.8272,934079
1753600172836,07:09:32.836,mexc,ADA/USDT:USDT,0.8269,768051,0.8268,960950,0.827,956609,0.8271,1015290
1753600172887,07:09:32.887,mexc,ADA/USDT:USDT,0.8269,768051,0.8268,960950,0.827,956609,0.8271,1015290
1753600173246,07:09:33.246,mexc,ADA/USDT:USDT,0.8269,768051,0.8268,1260716,0.827,956609,0.8271,1015290
1753600173648,07:09:33.648,mexc,ADA/USDT:USDT,0.8269,768051,0.8268,1260716,0.827,956609,0.8271,1015290
1753600173746,07:09:33.746,mexc,ADA/USDT:USDT,0.8269,768051,0.8268,960950,0.827,956609,0.8271,1015290
1753600173879,07:09:33.879,mexc,ADA/USDT:USDT,0.8269,768051,0.8268,960950,0.827,956609,0.8271,1015290
1753600174246,07:09:34.246,mexc,ADA/USDT:USDT,0.8269,768051,0.8268,1263538,0.827,956609,0.8271,1015290
1753600174647,07:09:34.647,mexc,ADA/USDT:USDT,0.8269,768051,0.8268,1263538,0.827,956609,0.8271,1015290
1753600174796,07:09:34.796,mexc,ADA/USDT:USDT,0.827,996742,0.8269,1101186,0.8271,1015290,0.8272,1106839
1753600174905,07:09:34.905,mexc,ADA/USDT:USDT,0.827,996742,0.8269,1101186,0.8271,1015290,0.8272,1106839
1753600175246,07:09:35.246,mexc,ADA/USDT:USDT,0.827,996742,0.8269,1096763,0.8271,1015290,0.8272,934079
1753600175649,07:09:35.649,mexc,ADA/USDT:USDT,0.827,996742,0.8269,1096763,0.8271,1015290,0.8272,934079
1753600175747,07:09:35.747,mexc,ADA/USDT:USDT,0.827,996742,0.8269,1023968,0.8271,1015290,0.8272,934079
1753600176065,07:09:36.065,mexc,ADA/USDT:USDT,0.827,996742,0.8269,1023968,0.8271,1015290,0.8272,934079
1753600176291,07:09:36.291,mexc,ADA/USDT:USDT,0.827,996742,0.8269,768051,0.8271,1015290,0.8272,934079
1753600176442,07:09:36.442,mexc,ADA/USDT:USDT,0.827,996742,0.8269,768051,0.8271,1015290,0.8272,934079
1753600176747,07:09:36.747,mexc,ADA/USDT:USDT,0.827,996742,0.8269,768051,0.8271,1015290,0.8272,934079
1753600177149,07:09:37.149,mexc,ADA/USDT:USDT,0.827,996742,0.8269,768051,0.8271,1015290,0.8272,934079
1753600177337,07:09:37.337,mexc,ADA/USDT:USDT,0.827,996742,0.8269,768051,0.8271,1015290,0.8272,934079
1753600177571,07:09:37.571,mexc,ADA/USDT:USDT,0.827,996742,0.8269,768051,0.8271,1014563,0.8272,934079
1753600177751,07:09:37.751,mexc,ADA/USDT:USDT,0.827,996742,0.8269,919648,0.8271,1014563,0.8272,934079
1753600177835,07:09:37.835,mexc,ADA/USDT:USDT,0.827,996742,0.8269,919648,0.8271,1014563,0.8272,934079
1753600178248,07:09:38.248,mexc,ADA/USDT:USDT,0.827,996742,0.8269,768051,0.8271,1014563,0.8272,934079
1753600178444,07:09:38.444,mexc,ADA/USDT:USDT,0.827,996742,0.8269,981916,0.8271,1014563,0.8272,1255404
1753600178651,07:09:38.651,mexc,ADA/USDT:USDT,0.827,996742,0.8269,981916,0.8271,1014563,0.8272,1255404
1753600178779,07:09:38.779,mexc,ADA/USDT:USDT,0.827,996742,0.8269,865439,0.8271,1014563,0.8272,934079
1753600179003,07:09:39.003,mexc,ADA/USDT:USDT,0.8268,960950,0.8267,742431,0.8269,960060,0.827,829187
1753600179249,07:09:39.249,mexc,ADA/USDT:USDT,0.8268,960950,0.8267,742431,0.8269,960060,0.827,829187
1753600179650,07:09:39.650,mexc,ADA/USDT:USDT,0.8268,960950,0.8267,742431,0.8269,960060,0.827,829187
1753600179749,07:09:39.749,mexc,ADA/USDT:USDT,0.8268,960950,0.8267,742431,0.8269,960060,0.827,1000924
1753600180012,07:09:40.012,mexc,ADA/USDT:USDT,0.8268,960950,0.8267,742431,0.8269,960060,0.827,1000924
1753600180343,07:09:40.343,mexc,ADA/USDT:USDT,0.8268,960950,0.8267,742431,0.8269,960060,0.827,829187
1753600180433,07:09:40.433,mexc,ADA/USDT:USDT,0.8268,960950,0.8267,742431,0.8269,960060,0.827,829187
1753600180845,07:09:40.845,mexc,ADA/USDT:USDT,0.8269,899491,0.8268,960950,0.827,829187,0.8271,1014563
1753600180845,07:09:40.845,mexc,ADA/USDT:USDT,0.8269,899491,0.8268,960950,0.827,829187,0.8271,1014563
1753600181248,07:09:41.248,mexc,ADA/USDT:USDT,0.8269,899491,0.8268,960950,0.827,829187,0.8271,1014563
1753600181249,07:09:41.249,mexc,ADA/USDT:USDT,0.8269,899491,0.8268,960950,0.827,829187,0.8271,1014563
1753600181651,07:09:41.651,mexc,ADA/USDT:USDT,0.8269,899491,0.8268,960950,0.827,829187,0.8271,1014563
1753600181750,07:09:41.750,mexc,ADA/USDT:USDT,0.8269,899491,0.8268,960950,0.827,829187,0.8271,1438492
1753600181970,07:09:41.970,mexc,ADA/USDT:USDT,0.8269,899491,0.8268,960950,0.827,829589,0.8271,1438492
1753600182249,07:09:42.249,mexc,ADA/USDT:USDT,0.8269,899491,0.8268,960950,0.827,829589,0.8271,1014563
1753600182430,07:09:42.430,mexc,ADA/USDT:USDT,0.8269,899491,0.8268,960950,0.827,829589,0.8271,1014563
1753600182751,07:09:42.751,mexc,ADA/USDT:USDT,0.8269,899491,0.8268,960950,0.827,829589,0.8271,1254403
1753600183082,07:09:43.082,mexc,ADA/USDT:USDT,0.8269,899491,0.8268,960950,0.827,829589,0.8271,1254403
1753600183251,07:09:43.251,mexc,ADA/USDT:USDT,0.8269,899491,0.8268,1271599,0.827,829589,0.8271,1014563
1753600183310,07:09:43.310,mexc,ADA/USDT:USDT,0.8269,899491,0.8268,1271599,0.827,829589,0.8271,1014563
1753600183750,07:09:43.750,mexc,ADA/USDT:USDT,0.8269,899491,0.8268,960950,0.827,829589,0.8271,1014563
1753600183949,07:09:43.949,mexc,ADA/USDT:USDT,0.8269,899491,0.8268,960950,0.827,829589,0.8271,1302291
1753600184125,07:09:44.125,mexc,ADA/USDT:USDT,0.8269,899491,0.8268,960950,0.827,829540,0.8271,1302291
1753600184252,07:09:44.252,mexc,ADA/USDT:USDT,0.8269,899491,0.8268,1584483,0.827,829540,0.8271,1014563
1753600184416,07:09:44.416,mexc,ADA/USDT:USDT,0.8269,899491,0.8268,1584483,0.827,829540,0.8271,1014563
1753600184752,07:09:44.752,mexc,ADA/USDT:USDT,0.8269,899491,0.8268,1217946,0.827,829540,0.8271,1155140
1753600184936,07:09:44.936,mexc,ADA/USDT:USDT,0.8269,899491,0.8268,1217946,0.827,829540,0.8271,1155140
1753600185257,07:09:45.257,mexc,ADA/USDT:USDT,0.8269,899491,0.8268,1288268,0.827,829540,0.8271,1014563
1753600185656,07:09:45.656,mexc,ADA/USDT:USDT,0.8269,899491,0.8268,1288268,0.827,829540,0.8271,1014563
1753600185775,07:09:45.775,mexc,ADA/USDT:USDT,0.8269,899491,0.8268,1335608,0.827,829540,0.8271,1315764
1753600186046,07:09:46.046,mexc,ADA/USDT:USDT,0.8268,960950,0.8267,742431,0.8269,988829,0.827,829540
1753600186275,07:09:46.275,mexc,ADA/USDT:USDT,0.8268,960950,0.8267,742431,0.8269,988829,0.827,829540
1753600186276,07:09:46.276,mexc,ADA/USDT:USDT,0.8268,960950,0.8267,742431,0.8269,988829,0.827,1102848
1753600186678,07:09:46.678,mexc,ADA/USDT:USDT,0.8268,960950,0.8267,742431,0.8269,988829,0.827,1102848
1753600186778,07:09:46.778,mexc,ADA/USDT:USDT,0.8268,960950,0.8267,742431,0.8269,988829,0.827,1109650
1753600186904,07:09:46.904,mexc,ADA/USDT:USDT,0.8268,960950,0.8267,742431,0.8269,988829,0.827,1109650
1753600187281,07:09:47.281,mexc,ADA/USDT:USDT,0.8268,960950,0.8267,1064642,0.8269,988829,0.827,829540
1753600187581,07:09:47.581,mexc,ADA/USDT:USDT,0.8268,960950,0.8267,1064642,0.827,829540,0.8271,1273977
1753600187778,07:09:47.778,mexc,ADA/USDT:USDT,0.8269,685744,0.8268,1341895,0.827,829540,0.8271,1014563
1753600187926,07:09:47.926,mexc,ADA/USDT:USDT,0.8269,685744,0.8268,1341895,0.827,829540,0.8271,1014563
1753600188333,07:09:48.333,mexc,ADA/USDT:USDT,0.8269,685744,0.8268,960950,0.827,829540,0.8271,1014563
1753600188333,07:09:48.333,mexc,ADA/USDT:USDT,0.8269,685744,0.8268,960950,0.827,829540,0.8271,1014563
1753600188685,07:09:48.685,mexc,ADA/USDT:USDT,0.8269,685744,0.8268,960950,0.827,829540,0.8271,1014563
1753600188779,07:09:48.779,mexc,ADA/USDT:USDT,0.8269,685744,0.8268,960950,0.827,829540,0.8271,1317566
1753600189182,07:09:49.182,mexc,ADA/USDT:USDT,0.8269,685744,0.8268,960950,0.827,829540,0.8271,1317566
1753600189362,07:09:49.362,mexc,ADA/USDT:USDT,0.8269,685744,0.8268,960950,0.827,829540,0.8271,1356915
1753600189682,07:09:49.682,mexc,ADA/USDT:USDT,0.8269,685744,0.8268,960950,0.827,829540,0.8271,1356915
1753600189779,07:09:49.779,mexc,ADA/USDT:USDT,0.8269,685744,0.8268,1203306,0.827,829540,0.8271,1394640
1753600190042,07:09:50.042,mexc,ADA/USDT:USDT,0.8269,685744,0.8268,1203306,0.827,829540,0.8271,1394640
1753600190341,07:09:50.341,mexc,ADA/USDT:USDT,0.8269,685744,0.8268,1181575,0.827,829540,0.8271,1403625
1753600190489,07:09:50.489,mexc,ADA/USDT:USDT,0.8269,685744,0.8268,1181575,0.827,829540,0.8271,1403625
1753600190682,07:09:50.682,mexc,ADA/USDT:USDT,0.8269,685744,0.8268,960950,0.827,829540,0.8271,1014563
1753600190830,07:09:50.830,mexc,ADA/USDT:USDT,0.8269,685744,0.8268,960950,0.827,829540,0.8271,1014563
1753600191183,07:09:51.183,mexc,ADA/USDT:USDT,0.8269,685744,0.8268,960950,0.827,829540,0.8271,1014563
1753600191280,07:09:51.280,mexc,ADA/USDT:USDT,0.8269,685744,0.8268,1200934,0.827,829540,0.8271,1176628
1753600191690,07:09:51.690,mexc,ADA/USDT:USDT,0.8269,685744,0.8268,1200934,0.827,816566,0.8271,1014563
1753600191883,07:09:51.883,mexc,ADA/USDT:USDT,0.8269,685744,0.8268,1199633,0.827,816566,0.8271,1014563
1753600192003,07:09:52.003,mexc,ADA/USDT:USDT,0.8269,685744,0.8268,1199633,0.827,816566,0.8271,1014563
1753600192333,07:09:52.333,mexc,ADA/USDT:USDT,0.8269,685744,0.8268,1253762,0.827,816566,0.8271,1344178
1753600192684,07:09:52.684,mexc,ADA/USDT:USDT,0.8269,685744,0.8268,1253762,0.827,816566,0.8271,1014563
1753600192781,07:09:52.781,mexc,ADA/USDT:USDT,0.8269,685744,0.8268,960950,0.827,816566,0.8271,1014563
1753600193159,07:09:53.159,mexc,ADA/USDT:USDT,0.8269,685744,0.8268,960950,0.827,816566,0.8271,1014563
1753600193283,07:09:53.283,mexc,ADA/USDT:USDT,0.827,826366,0.8269,685744,0.8271,1014563,0.8272,934079
1753600193441,07:09:53.441,mexc,ADA/USDT:USDT,0.827,826366,0.8269,685744,0.8271,1014563,0.8272,934079
1753600193783,07:09:53.783,mexc,ADA/USDT:USDT,0.827,826366,0.8269,685744,0.8271,1014563,0.8272,934079
1753600194075,07:09:54.075,mexc,ADA/USDT:USDT,0.827,809175,0.8269,685744,0.8271,1014563,0.8272,934079
1753600194186,07:09:54.186,mexc,ADA/USDT:USDT,0.827,809175,0.8269,685744,0.8271,1014563,0.8272,934079
1753600194327,07:09:54.327,mexc,ADA/USDT:USDT,0.827,809175,0.8269,685744,0.8271,1014563,0.8272,1287885
1753600194685,07:09:54.685,mexc,ADA/USDT:USDT,0.827,809175,0.8269,685744,0.8271,1014563,0.8272,1287885
1753600194889,07:09:54.889,mexc,ADA/USDT:USDT,0.827,809175,0.8269,1048161,0.8271,1014563,0.8272,1358458
1753600195109,07:09:55.109,mexc,ADA/USDT:USDT,0.827,809175,0.8269,1048161,0.8271,1014563,0.8272,1358458
1753600195283,07:09:55.283,mexc,ADA/USDT:USDT,0.827,809175,0.8269,685744,0.8271,1014563,0.8272,1348735
1753600195472,07:09:55.472,mexc,ADA/USDT:USDT,0.827,809175,0.8269,685744,0.8271,1014563,0.8272,1348735
1753600195865,07:09:55.865,mexc,ADA/USDT:USDT,0.827,809175,0.8269,685744,0.8271,1014563,0.8272,1321325
1753600196145,07:09:56.145,mexc,ADA/USDT:USDT,0.827,809175,0.8269,685744,0.8271,1014563,0.8272,1321325
1753600196315,07:09:56.315,mexc,ADA/USDT:USDT,0.827,809175,0.8269,925141,0.8271,1014563,0.8272,1306340
1753600196534,07:09:56.534,mexc,ADA/USDT:USDT,0.827,809175,0.8269,925141,0.8271,1014563,0.8272,1306340
1753600196811,07:09:56.811,mexc,ADA/USDT:USDT,0.827,809175,0.8269,990850,0.8271,1014563,0.8272,1307407
1753600197188,07:09:57.188,mexc,ADA/USDT:USDT,0.827,809175,0.8269,685744,0.8271,1014563,0.8272,1307407
1753600197284,07:09:57.284,mexc,ADA/USDT:USDT,0.827,809175,0.8269,685744,0.8271,1014563,0.8272,934079
1753600197688,07:09:57.688,mexc,ADA/USDT:USDT,0.827,809175,0.8269,685744,0.8271,1014563,0.8272,934079
1753600197890,07:09:57.890,mexc,ADA/USDT:USDT,0.827,809175,0.8269,685744,0.8271,1014563,0.8272,1249107
1753600198070,07:09:58.070,mexc,ADA/USDT:USDT,0.827,809175,0.8269,685744,0.8271,1014563,0.8272,1249107
1753600198287,07:09:58.287,mexc,ADA/USDT:USDT,0.827,809175,0.8269,829773,0.8271,1014563,0.8272,934079
1753600198447,07:09:58.447,mexc,ADA/USDT:USDT,0.827,834365,0.8269,1002047,0.8271,696875,0.8272,940211
1753600198786,07:09:58.786,mexc,ADA/USDT:USDT,0.827,834365,0.8269,1002047,0.8271,696875,0.8272,940211
1753600198786,07:09:58.786,mexc,ADA/USDT:USDT,0.827,834365,0.8269,1452013,0.8271,696875,0.8272,940211
1753600199190,07:09:59.190,mexc,ADA/USDT:USDT,0.827,834365,0.8269,1452013,0.8271,696875,0.8272,940211
1753600199393,07:09:59.393,mexc,ADA/USDT:USDT,0.827,834365,0.8269,1002047,0.8271,696875,0.8272,940211
1753600199666,07:09:59.666,mexc,ADA/USDT:USDT,0.827,834365,0.8269,1002047,0.8271,696875,0.8272,940211
1753600199851,07:09:59.851,mexc,ADA/USDT:USDT,0.8272,739165,0.8271,992571,0.8273,933048,0.8274,777721
1753600200066,07:10:00.066,mexc,ADA/USDT:USDT,0.8271,992571,0.827,834365,0.8273,933048,0.8274,777721
1753600200072,07:10:00.072,mexc,ADA/USDT:USDT,0.8271,992571,0.827,834365,0.8272,949882,0.8273,933048
1753600200286,07:10:00.286,mexc,ADA/USDT:USDT,0.8271,992571,0.827,834365,0.8272,949882,0.8273,933048
1753600200691,07:10:00.691,mexc,ADA/USDT:USDT,0.8271,992571,0.827,834365,0.8272,949882,0.8273,933048
1753600200858,07:10:00.858,mexc,ADA/USDT:USDT,0.8271,992571,0.827,928536,0.8272,949882,0.8273,933048
1753600201192,07:10:01.192,mexc,ADA/USDT:USDT,0.8271,992571,0.827,834365,0.8272,949882,0.8273,933048
1753600201353,07:10:01.353,mexc,ADA/USDT:USDT,0.8271,992571,0.827,834365,0.8272,949882,0.8273,933048
1753600201621,07:10:01.621,mexc,ADA/USDT:USDT,0.8271,992571,0.827,834365,0.8272,949882,0.8273,933048
1753600201789,07:10:01.789,mexc,ADA/USDT:USDT,0.8271,992571,0.827,834365,0.8272,949882,0.8273,1177692
1753600201973,07:10:01.973,mexc,ADA/USDT:USDT,0.8271,992571,0.827,834365,0.8272,946015,0.8273,1177692
1753600202234,07:10:02.234,mexc,ADA/USDT:USDT,0.8271,992571,0.827,834365,0.8272,946015,0.8273,933048
1753600202290,07:10:02.290,mexc,ADA/USDT:USDT,0.8271,992571,0.827,834365,0.8272,946015,0.8273,933048
1753600202639,07:10:02.639,mexc,ADA/USDT:USDT,0.8271,992571,0.827,834365,0.8272,909832,0.8273,933048
1753600202794,07:10:02.794,mexc,ADA/USDT:USDT,0.8271,992571,0.827,948249,0.8272,909832,0.8273,933048
1753600202995,07:10:02.995,mexc,ADA/USDT:USDT,0.8271,992571,0.827,948249,0.8272,909832,0.8273,933048
1753600203290,07:10:03.290,mexc,ADA/USDT:USDT,0.8271,992571,0.827,834365,0.8272,909832,0.8273,1057153
1753600203491,07:10:03.491,mexc,ADA/USDT:USDT,0.8271,992571,0.827,834365,0.8272,909832,0.8273,1057153
1753600203893,07:10:03.893,mexc,ADA/USDT:USDT,0.8271,992571,0.827,962871,0.8272,909832,0.8273,1147115
1753600204045,07:10:04.045,mexc,ADA/USDT:USDT,0.8272,975475,0.8271,992571,0.8273,933048,0.8274,777721
1753600204298,07:10:04.298,mexc,ADA/USDT:USDT,0.8272,975475,0.8271,992571,0.8273,933048,0.8274,777721
1753600204457,07:10:04.457,mexc,ADA/USDT:USDT,0.8272,975475,0.8271,992571,0.8273,933040,0.8274,1109882
1753600204694,07:10:04.694,mexc,ADA/USDT:USDT,0.8272,975475,0.8271,992571,0.8273,933040,0.8274,1109882
1753600204796,07:10:04.796,mexc,ADA/USDT:USDT,0.8272,975475,0.8271,992571,0.8273,933040,0.8274,971768
1753600205150,07:10:05.150,mexc,ADA/USDT:USDT,0.8272,975475,0.8271,992571,0.8273,933040,0.8274,971768
1753600205290,07:10:05.290,mexc,ADA/USDT:USDT,0.8272,975475,0.8271,992571,0.8273,933040,0.8274,777721
1753600205694,07:10:05.694,mexc,ADA/USDT:USDT,0.8272,975475,0.8271,992571,0.8273,933040,0.8274,777721
1753600205791,07:10:05.791,mexc,ADA/USDT:USDT,0.8272,975475,0.8271,1491738,0.8273,933040,0.8274,911694
1753600206113,07:10:06.113,mexc,ADA/USDT:USDT,0.8272,975475,0.8271,1491738,0.8273,933040,0.8274,911694
1753600206338,07:10:06.338,mexc,ADA/USDT:USDT,0.8272,975475,0.8271,992571,0.8273,933040,0.8274,777721
1753600206358,07:10:06.358,mexc,ADA/USDT:USDT,0.8272,975475,0.8271,992571,0.8273,933040,0.8274,777721
1753600206617,07:10:06.617,mexc,ADA/USDT:USDT,0.8271,992571,0.827,834365,0.8272,797828,0.8273,933040
1753600206986,07:10:06.986,mexc,ADA/USDT:USDT,0.8271,992571,0.827,834365,0.8272,797308,0.8273,933040
1753600207193,07:10:07.193,mexc,ADA/USDT:USDT,0.8271,992571,0.827,834365,0.8272,797308,0.8273,933040
1753600207291,07:10:07.291,mexc,ADA/USDT:USDT,0.8271,992571,0.827,834365,0.8272,797308,0.8273,933040
1753600207619,07:10:07.619,mexc,ADA/USDT:USDT,0.8271,992571,0.827,834365,0.8272,797308,0.8273,933040
1753600207803,07:10:07.803,mexc,ADA/USDT:USDT,0.8271,992571,0.827,834365,0.8272,794119,0.8273,1072305
1753600208025,07:10:08.025,mexc,ADA/USDT:USDT,0.8271,992571,0.827,834365,0.8272,794119,0.8273,1072305
1753600208243,07:10:08.243,mexc,ADA/USDT:USDT,0.8271,992571,0.827,834365,0.8272,794119,0.8273,933040
1753600208399,07:10:08.399,mexc,ADA/USDT:USDT,0.8271,992571,0.827,834365,0.8272,794119,0.8273,1069967
1753600208776,07:10:08.776,mexc,ADA/USDT:USDT,0.8271,992571,0.827,834365,0.8272,794119,0.8273,1069967
1753600208793,07:10:08.793,mexc,ADA/USDT:USDT,0.8271,992571,0.827,1127679,0.8272,794119,0.8273,933040
1753600209197,07:10:09.197,mexc,ADA/USDT:USDT,0.8271,992571,0.827,1127679,0.8272,794119,0.8273,933040
1753600209293,07:10:09.293,mexc,ADA/USDT:USDT,0.8271,992571,0.827,834365,0.8272,794119,0.8273,1473618
1753600209545,07:10:09.545,mexc,ADA/USDT:USDT,0.8271,992571,0.827,834365,0.8272,794119,0.8273,1473618
1753600209877,07:10:09.877,mexc,ADA/USDT:USDT,0.8271,992571,0.827,834365,0.8272,793430,0.8273,1039907
1753600209934,07:10:09.934,mexc,ADA/USDT:USDT,0.8271,992571,0.827,834365,0.8272,793430,0.8273,1039907
1753600210293,07:10:10.293,mexc,ADA/USDT:USDT,0.8271,992571,0.827,834365,0.8272,793430,0.8273,933040
1753600210296,07:10:10.296,mexc,ADA/USDT:USDT,0.8271,992571,0.827,983217,0.8272,793430,0.8273,933040
1753600210697,07:10:10.697,mexc,ADA/USDT:USDT,0.8271,992571,0.827,983217,0.8272,793430,0.8273,933040
1753600210794,07:10:10.794,mexc,ADA/USDT:USDT,0.8271,992571,0.827,834365,0.8272,793430,0.8273,933040
1753600211192,07:10:11.192,mexc,ADA/USDT:USDT,0.8271,992571,0.827,834365,0.8272,793430,0.8273,933040
1753600211296,07:10:11.296,mexc,ADA/USDT:USDT,0.8271,992571,0.827,1209830,0.8272,793430,0.8273,933040
1753600211521,07:10:11.521,mexc,ADA/USDT:USDT,0.8271,992571,0.827,1209830,0.8272,793079,0.8273,933040
1753600211795,07:10:11.795,mexc,ADA/USDT:USDT,0.8271,992571,0.827,834365,0.8272,793079,0.8273,933040
1753600212199,07:10:12.199,mexc,ADA/USDT:USDT,0.8271,992571,0.827,834365,0.8272,793079,0.8273,933040
1753600212297,07:10:12.297,mexc,ADA/USDT:USDT,0.8271,992571,0.827,951337,0.8272,793079,0.8273,933040
1753600212423,07:10:12.423,mexc,ADA/USDT:USDT,0.8271,775278,0.827,874596,0.8272,984398,0.8273,977459
1753600212833,07:10:12.833,mexc,ADA/USDT:USDT,0.8271,775278,0.827,1678100,0.8272,984398,0.8273,1168620
1753600213116,07:10:13.116,mexc,ADA/USDT:USDT,0.8271,775278,0.827,1678100,0.8272,984398,0.8273,1168620
1753600213295,07:10:13.295,mexc,ADA/USDT:USDT,0.8271,775278,0.827,874596,0.8272,984398,0.8273,1436820
1753600213478,07:10:13.478,mexc,ADA/USDT:USDT,0.8271,775278,0.827,874596,0.8272,984398,0.8273,1436820
1753600213690,07:10:13.690,mexc,ADA/USDT:USDT,0.827,874596,0.8269,874822,0.8271,967788,0.8272,984398
1753600213881,07:10:13.881,mexc,ADA/USDT:USDT,0.827,874596,0.8269,874822,0.8271,967788,0.8272,984398
1753600214193,07:10:14.193,mexc,ADA/USDT:USDT,0.827,874596,0.8269,874822,0.8271,967788,0.8272,984398
1753600214371,07:10:14.371,mexc,ADA/USDT:USDT,0.827,874596,0.8269,874822,0.8271,967788,0.8272,1276741
1753600214495,07:10:14.495,mexc,ADA/USDT:USDT,0.8271,685176,0.827,874596,0.8272,984398,0.8273,977459
1753600214919,07:10:14.919,mexc,ADA/USDT:USDT,0.8271,685176,0.827,874596,0.8272,984398,0.8273,1131868
1753600215200,07:10:15.200,mexc,ADA/USDT:USDT,0.8271,685176,0.827,874596,0.8272,984398,0.8273,977459
1753600215314,07:10:15.314,mexc,ADA/USDT:USDT,0.8271,685176,0.827,874596,0.8272,984398,0.8273,977459
1753600215703,07:10:15.703,mexc,ADA/USDT:USDT,0.8271,685176,0.827,874596,0.8272,984398,0.8273,977459
1753600215899,07:10:15.899,mexc,ADA/USDT:USDT,0.8271,685176,0.827,984516,0.8272,984398,0.8273,1184771
1753600215902,07:10:15.902,mexc,ADA/USDT:USDT,0.8271,685176,0.827,984516,0.8272,984398,0.8273,1184771
1753600216298,07:10:16.298,mexc,ADA/USDT:USDT,0.8271,685176,0.827,874596,0.8272,984398,0.8273,1654761
1753600216521,07:10:16.521,mexc,ADA/USDT:USDT,0.8271,685176,0.827,874596,0.8272,984398,0.8273,1654761
1753600216751,07:10:16.751,mexc,ADA/USDT:USDT,0.8271,685176,0.827,874596,0.8272,984398,0.8273,977459
1753600216798,07:10:16.798,mexc,ADA/USDT:USDT,0.8271,685176,0.827,874596,0.8272,984398,0.8273,1134587
1753600217200,07:10:17.200,mexc,ADA/USDT:USDT,0.8271,685176,0.827,874596,0.8272,984398,0.8273,1134587
1753600217299,07:10:17.299,mexc,ADA/USDT:USDT,0.8271,685176,0.827,874596,0.8272,984398,0.8273,1312304
1753600217683,07:10:17.683,mexc,ADA/USDT:USDT,0.8271,685176,0.827,874596,0.8272,984398,0.8273,1312304
1753600217814,07:10:17.814,mexc,ADA/USDT:USDT,0.8271,685176,0.827,1083565,0.8272,984398,0.8273,977459
1753600218085,07:10:18.085,mexc,ADA/USDT:USDT,0.8271,685176,0.827,1083565,0.8272,984398,0.8273,977459
1753600218288,07:10:18.288,mexc,ADA/USDT:USDT,0.8271,685176,0.827,874596,0.8272,984398,0.8273,977459
1753600218301,07:10:18.301,mexc,ADA/USDT:USDT,0.8271,685176,0.827,874596,0.8272,984398,0.8273,977459
1753600218703,07:10:18.703,mexc,ADA/USDT:USDT,0.8271,685176,0.827,874596,0.8272,984398,0.8273,977459
1753600218802,07:10:18.802,mexc,ADA/USDT:USDT,0.8271,685176,0.827,874596,0.8272,984398,0.8273,1355886
1753600219202,07:10:19.202,mexc,ADA/USDT:USDT,0.8271,685176,0.827,874596,0.8272,984398,0.8273,1355886
1753600219383,07:10:19.383,mexc,ADA/USDT:USDT,0.8271,685176,0.827,874596,0.8272,984398,0.8273,977459
