timestamp,time,exchange,symbol,bid1_price,bid1_volume,bid2_price,bid2_volume,ask1_price,ask1_volume,ask2_price,ask2_volume
1753599996238,07:06:36.238,mexc,AAVE/USDT:USDT,295.99,10930.0,295.98,18273.0,296.0,6450.0,296.01,217
1753599997432,07:06:37.432,mexc,AAVE/USDT:USDT,295.99,10930.0,295.98,18273.0,296.0,6450.0,296.01,217
1753599997432,07:06:37.432,mexc,AAVE/USDT:USDT,295.99,10930.0,295.98,20127,296.0,6450.0,296.01,217
1753599997836,07:06:37.836,mexc,AAVE/USDT:USDT,295.99,10930.0,295.98,20127,296.0,6450.0,296.01,217
1753599997837,07:06:37.837,mexc,AAVE/USDT:USDT,295.99,10930.0,295.98,18273,296.0,6450.0,296.01,217
1753599998632,07:06:38.632,mexc,AAVE/USDT:USDT,295.99,10930.0,295.98,21301,296.0,6450.0,296.01,217
1753599998633,07:06:38.633,mexc,AAVE/USDT:USDT,295.99,10930.0,295.98,21301,296.0,6450.0,296.01,217
1753599999034,07:06:39.034,mexc,AAVE/USDT:USDT,295.99,10930.0,295.98,21301,296.0,6450.0,296.01,217
1753599999035,07:06:39.035,mexc,AAVE/USDT:USDT,295.99,10930.0,295.98,18273,296.0,6450.0,296.01,217
1753599999278,07:06:39.278,mexc,AAVE/USDT:USDT,295.99,10930.0,295.98,18273,296.0,6450.0,296.01,217
1753599999833,07:06:39.833,mexc,AAVE/USDT:USDT,295.99,10930.0,295.98,18273,296.0,6450.0,296.01,217
1753599999833,07:06:39.833,mexc,AAVE/USDT:USDT,295.99,10930.0,295.98,18273,296.0,6450.0,296.01,217
1753600000238,07:06:40.238,mexc,AAVE/USDT:USDT,295.99,10930.0,295.98,18273,296.0,6450.0,296.01,217
1753600000436,07:06:40.436,mexc,AAVE/USDT:USDT,295.99,10930.0,295.98,18273,296.01,217,296.02,6121
1753600000618,07:06:40.618,mexc,AAVE/USDT:USDT,296.05,17422,296.04,16542,296.07,5484.0,296.08,10132.0
1753600000731,07:06:40.731,mexc,AAVE/USDT:USDT,296.05,17422,296.04,16542,296.07,5484.0,296.08,10132.0
1753600001033,07:06:41.033,mexc,AAVE/USDT:USDT,296.05,17422,296.04,16542,296.07,5484.0,296.08,17847
1753600001436,07:06:41.436,mexc,AAVE/USDT:USDT,296.05,17422,296.04,16542,296.07,5484.0,296.08,17847
1753600001436,07:06:41.436,mexc,AAVE/USDT:USDT,296.05,17422,296.04,16542,296.07,5484.0,296.08,10132
1753600002235,07:06:42.235,mexc,AAVE/USDT:USDT,296.05,17422,296.04,16542,296.07,5484.0,296.08,10132
1753600002235,07:06:42.235,mexc,AAVE/USDT:USDT,296.05,17422,296.04,19226,296.07,5484.0,296.08,14744
1753600002637,07:06:42.637,mexc,AAVE/USDT:USDT,296.05,17422,296.04,16542,296.07,5484.0,296.08,10132
1753600003435,07:06:43.435,mexc,AAVE/USDT:USDT,296.05,17422,296.04,16542,296.07,5484.0,296.08,17832
1753600003435,07:06:43.435,mexc,AAVE/USDT:USDT,296.05,17422,296.04,26823,296.07,5484.0,296.08,20607
1753600003837,07:06:43.837,mexc,AAVE/USDT:USDT,296.05,17422,296.04,20088,296.07,5484.0,296.08,20607
1753600003838,07:06:43.838,mexc,AAVE/USDT:USDT,296.05,17422,296.04,16542,296.07,5484.0,296.08,10132
1753600004631,07:06:44.631,mexc,AAVE/USDT:USDT,296.05,17422,296.04,16542,296.07,5484.0,296.08,10132
1753600004633,07:06:44.633,mexc,AAVE/USDT:USDT,296.05,17422,296.04,16542,296.07,5484.0,296.08,10132
1753600005035,07:06:45.035,mexc,AAVE/USDT:USDT,296.05,17422,296.04,16542,296.07,5484.0,296.08,10132
1753600005037,07:06:45.037,mexc,AAVE/USDT:USDT,296.05,17422,296.04,16542,296.07,5484.0,296.08,10132
1753600005526,07:06:45.526,mexc,AAVE/USDT:USDT,296.05,17422,296.04,16638,296.07,5484.0,296.08,10132
1753600005538,07:06:45.538,mexc,AAVE/USDT:USDT,296.04,96,296.03,2254,296.05,17816,296.06,82357
1753600005840,07:06:45.840,mexc,AAVE/USDT:USDT,296.04,96,296.03,2254,296.05,17816,296.06,120589
1753600006241,07:06:46.241,mexc,AAVE/USDT:USDT,296.04,96,296.03,2254,296.05,17816,296.06,120589
1753600006243,07:06:46.243,mexc,AAVE/USDT:USDT,296.04,96,296.03,2254,296.05,17816,296.06,82357
1753600006715,07:06:46.715,mexc,AAVE/USDT:USDT,296.04,96,296.03,2254,296.05,17816,296.06,82357
1753600006847,07:06:46.847,mexc,AAVE/USDT:USDT,295.98,19018,295.97,15443,295.99,25804,296,23660
1753600007037,07:06:47.037,mexc,AAVE/USDT:USDT,295.98,19018,295.97,19031,295.99,25804,296,23660
1753600007441,07:06:47.441,mexc,AAVE/USDT:USDT,295.98,19018,295.97,17790,295.99,25804,296,23660
1753600007442,07:06:47.442,mexc,AAVE/USDT:USDT,295.98,19018,295.97,15443,295.99,25804,296,23660
1753600008237,07:06:48.237,mexc,AAVE/USDT:USDT,295.98,19018,295.97,15443,295.99,25804,296,27757
1753600008238,07:06:48.238,mexc,AAVE/USDT:USDT,295.98,19018,295.97,16700,295.99,25804,296,27757
1753600008639,07:06:48.639,mexc,AAVE/USDT:USDT,295.98,19018,295.97,16700,295.99,25804,296,23660
1753600008641,07:06:48.641,mexc,AAVE/USDT:USDT,295.98,19018,295.97,15443,295.99,25804,296,23660
1753600009437,07:06:49.437,mexc,AAVE/USDT:USDT,295.98,19018,295.97,15443,295.99,25804,296,23660
1753600009437,07:06:49.437,mexc,AAVE/USDT:USDT,295.98,19018,295.97,17943,295.99,25804,296,23660
1753600009841,07:06:49.841,mexc,AAVE/USDT:USDT,295.98,19018,295.97,17943,295.99,25804,296,23660
1753600009841,07:06:49.841,mexc,AAVE/USDT:USDT,295.98,19018,295.97,15443,295.99,25804,296,23660
1753600010599,07:06:50.599,mexc,AAVE/USDT:USDT,295.98,18945,295.97,15443,295.99,25804,296,23660
1753600010637,07:06:50.637,mexc,AAVE/USDT:USDT,295.98,18945,295.97,15443,295.99,25804,296,31691
1753600011042,07:06:51.042,mexc,AAVE/USDT:USDT,295.98,18945,295.97,15443,295.99,25804,296,31691
1753600011042,07:06:51.042,mexc,AAVE/USDT:USDT,295.98,18945,295.97,15443,295.99,25804,296,23660
1753600011329,07:06:51.329,mexc,AAVE/USDT:USDT,295.98,18945,295.97,15443,295.99,25804,296,23660
1753600011836,07:06:51.836,mexc,AAVE/USDT:USDT,295.98,18945,295.97,15443,295.99,25804,296,23660
1753600011838,07:06:51.838,mexc,AAVE/USDT:USDT,295.98,18945,295.97,17883,295.99,25804,296,23660
1753600012241,07:06:52.241,mexc,AAVE/USDT:USDT,295.98,18945,295.97,17883,295.99,25804,296,23660
1753600012242,07:06:52.242,mexc,AAVE/USDT:USDT,295.98,18945,295.97,15443,295.99,25804,296,23660
1753600012643,07:06:52.643,mexc,AAVE/USDT:USDT,296.01,12107,296,17754,296.02,82,296.03,84
1753600012714,07:06:52.714,mexc,AAVE/USDT:USDT,296.01,12107,296,17754,296.02,82,296.03,84
1753600013141,07:06:53.141,mexc,AAVE/USDT:USDT,296.01,12107,296,20445,296.02,82,296.03,84
1753600013262,07:06:53.262,mexc,AAVE/USDT:USDT,296.06,25342,296.05,20137,296.07,17853,296.08,20624
1753600014237,07:06:54.237,mexc,AAVE/USDT:USDT,296.06,25342,296.05,20137,296.07,17853,296.08,20624
1753600014238,07:06:54.238,mexc,AAVE/USDT:USDT,296.06,25342,296.05,20137,296.07,17853,296.08,20624
1753600014640,07:06:54.640,mexc,AAVE/USDT:USDT,296.06,25342,296.05,20137,296.07,17853,296.08,20624
1753600014641,07:06:54.641,mexc,AAVE/USDT:USDT,296.06,25342,296.05,20137,296.07,17853,296.08,20624
1753600015437,07:06:55.437,mexc,AAVE/USDT:USDT,296.06,25342,296.05,20137,296.07,17853,296.08,20624
1753600015438,07:06:55.438,mexc,AAVE/USDT:USDT,296.06,25342,296.05,20196,296.07,17853,296.08,27122
1753600015840,07:06:55.840,mexc,AAVE/USDT:USDT,296.06,25342,296.05,20137,296.07,17853,296.08,20624
1753600016101,07:06:56.101,mexc,AAVE/USDT:USDT,296.06,25342,296.05,20137,296.07,17553,296.08,20624
1753600016638,07:06:56.638,mexc,AAVE/USDT:USDT,296.06,25342,296.05,20137,296.07,17553,296.08,25435
1753600016638,07:06:56.638,mexc,AAVE/USDT:USDT,296.06,25342,296.05,20239,296.07,17553,296.08,33738
1753600017040,07:06:57.040,mexc,AAVE/USDT:USDT,296.06,25342,296.05,20239,296.07,17553,296.08,28927
1753600017042,07:06:57.042,mexc,AAVE/USDT:USDT,296.06,25342,296.05,20137,296.07,17553,296.08,20624
1753600017334,07:06:57.334,mexc,AAVE/USDT:USDT,296.06,25342,296.05,20137,296.07,17553,296.08,20624
1753600017838,07:06:57.838,mexc,AAVE/USDT:USDT,296.06,25342,296.05,20137,296.07,17553,296.08,20624
1753600017838,07:06:57.838,mexc,AAVE/USDT:USDT,296.06,25342,296.05,20137,296.07,17553,296.08,26398
1753600018242,07:06:58.242,mexc,AAVE/USDT:USDT,296.06,25342,296.05,20137,296.07,17553,296.08,26398
1753600018242,07:06:58.242,mexc,AAVE/USDT:USDT,296.06,25342,296.05,20137,296.07,17553,296.08,20624
1753600018718,07:06:58.718,mexc,AAVE/USDT:USDT,296.03,15970,296.02,13748,296.04,5671,296.05,16454
1753600018827,07:06:58.827,mexc,AAVE/USDT:USDT,296.03,15970,296.02,13748,296.04,5671,296.05,16454
1753600019045,07:06:59.045,mexc,AAVE/USDT:USDT,296.03,15970,296.02,22471,296.04,5671,296.05,16454
1753600019450,07:06:59.450,mexc,AAVE/USDT:USDT,296.03,15970,296.02,22471,296.04,5671,296.05,16454
1753600019450,07:06:59.450,mexc,AAVE/USDT:USDT,296.03,15970,296.02,13748,296.04,5671,296.05,16454
1753600020242,07:07:00.242,mexc,AAVE/USDT:USDT,296.03,15970,296.02,13748,296.04,5671,296.05,16454
1753600020243,07:07:00.243,mexc,AAVE/USDT:USDT,296.03,15970,296.02,13748,296.04,5671,296.05,16454
1753600020647,07:07:00.647,mexc,AAVE/USDT:USDT,296.03,15970,296.02,13748,296.04,5671,296.05,16454
1753600020647,07:07:00.647,mexc,AAVE/USDT:USDT,296.03,15970,296.02,13748,296.04,5671,296.05,16454
1753600021443,07:07:01.443,mexc,AAVE/USDT:USDT,296.03,15970,296.02,13748,296.04,5671,296.05,19960
1753600021445,07:07:01.445,mexc,AAVE/USDT:USDT,296.03,15970,296.02,20097,296.04,5671,296.05,19960
1753600021845,07:07:01.845,mexc,AAVE/USDT:USDT,296.03,15970,296.02,20097,296.04,5671,296.05,16454
1753600021846,07:07:01.846,mexc,AAVE/USDT:USDT,296.03,15970,296.02,13748,296.04,5671,296.05,16454
1753600022153,07:07:02.153,mexc,AAVE/USDT:USDT,296.03,15970,296.02,13748,296.04,5519,296.05,16454
1753600022643,07:07:02.643,mexc,AAVE/USDT:USDT,296.03,15970,296.02,13748,296.04,5519,296.05,16454
1753600022644,07:07:02.644,mexc,AAVE/USDT:USDT,296.03,15970,296.02,13748,296.04,5519,296.05,16454
1753600023047,07:07:03.047,mexc,AAVE/USDT:USDT,296.03,15970,296.02,13748,296.04,5519,296.05,16454
1753600023047,07:07:03.047,mexc,AAVE/USDT:USDT,296.03,15970,296.02,13748,296.04,5519,296.05,16454
1753600023335,07:07:03.335,mexc,AAVE/USDT:USDT,296.03,15970,296.02,13748,296.04,5519,296.05,16454
1753600023842,07:07:03.842,mexc,AAVE/USDT:USDT,296.03,15970,296.02,13748,296.04,5519,296.05,16454
1753600023843,07:07:03.843,mexc,AAVE/USDT:USDT,296.03,15970,296.02,13748,296.04,5519,296.05,16454
1753600024247,07:07:04.247,mexc,AAVE/USDT:USDT,296.03,15970,296.02,13748,296.04,5519,296.05,16454
1753600024247,07:07:04.247,mexc,AAVE/USDT:USDT,296.03,15970,296.02,13748,296.04,5519,296.05,16454
1753600024639,07:07:04.639,mexc,AAVE/USDT:USDT,296.03,10185,296.02,6595,296.04,7576,296.05,8844
1753600024652,07:07:04.652,mexc,AAVE/USDT:USDT,296.03,10185,296.02,6595,296.04,7576,296.05,8844
1753600025044,07:07:05.044,mexc,AAVE/USDT:USDT,296.03,10185,296.02,6595,296.04,7576,296.05,11779
1753600025448,07:07:05.448,mexc,AAVE/USDT:USDT,296.03,10185,296.02,6595,296.04,7576,296.05,11779
1753600025448,07:07:05.448,mexc,AAVE/USDT:USDT,296.03,10185,296.02,6595,296.04,7576,296.05,8844
1753600026244,07:07:06.244,mexc,AAVE/USDT:USDT,296.03,10185,296.02,6595,296.04,7576,296.05,8844
1753600026249,07:07:06.249,mexc,AAVE/USDT:USDT,296.03,10185,296.02,8986,296.04,7576,296.05,15352
1753600026646,07:07:06.646,mexc,AAVE/USDT:USDT,296.03,10185,296.02,8986,296.04,7576,296.05,15352
1753600026647,07:07:06.647,mexc,AAVE/USDT:USDT,296.03,10185,296.02,6595,296.04,7576,296.05,8844
1753600027444,07:07:07.444,mexc,AAVE/USDT:USDT,296.03,10185,296.02,6595,296.04,7576,296.05,8844
1753600027444,07:07:07.444,mexc,AAVE/USDT:USDT,296.03,10185,296.02,6595,296.04,7576,296.05,12605
1753600027847,07:07:07.847,mexc,AAVE/USDT:USDT,296.03,10185,296.02,6595,296.04,7576,296.05,12605
1753600027847,07:07:07.847,mexc,AAVE/USDT:USDT,296.03,10185,296.02,6595,296.04,7576,296.05,8844
1753600028644,07:07:08.644,mexc,AAVE/USDT:USDT,296.03,10185,296.02,6595,296.04,7576,296.05,8844
1753600028644,07:07:08.644,mexc,AAVE/USDT:USDT,296.03,10185,296.02,6595,296.04,7576,296.05,13263
1753600029048,07:07:09.048,mexc,AAVE/USDT:USDT,296.03,10185,296.02,6595,296.04,7576,296.05,13263
1753600029049,07:07:09.049,mexc,AAVE/USDT:USDT,296.03,10185,296.02,6595,296.04,7576,296.05,8844
1753600029507,07:07:09.507,mexc,AAVE/USDT:USDT,296.03,10185,296.02,6595,296.04,7576,296.05,8844
1753600029507,07:07:09.507,mexc,AAVE/USDT:USDT,296.03,10185,296.02,6595,296.04,7576,296.05,8844
1753600029844,07:07:09.844,mexc,AAVE/USDT:USDT,296.03,10185,296.02,9472,296.04,7576,296.05,11975
1753600030247,07:07:10.247,mexc,AAVE/USDT:USDT,296.03,10185,296.02,9472,296.04,7576,296.05,8844
1753600030247,07:07:10.247,mexc,AAVE/USDT:USDT,296.03,10185,296.02,6595,296.04,7576,296.05,8844
1753600030650,07:07:10.650,mexc,AAVE/USDT:USDT,296.05,8181,296.04,6462,296.06,14654,296.07,6428
1753600030651,07:07:10.651,mexc,AAVE/USDT:USDT,296.05,8181,296.04,6462,296.06,14654,296.07,6428
1753600031045,07:07:11.045,mexc,AAVE/USDT:USDT,296.05,8181,296.04,6462,296.06,14654,296.07,6428
1753600031448,07:07:11.448,mexc,AAVE/USDT:USDT,296.05,8181,296.04,6462,296.06,14654,296.07,6428
1753600031448,07:07:11.448,mexc,AAVE/USDT:USDT,296.05,8181,296.04,6462,296.06,14654,296.07,6428
1753600032244,07:07:12.244,mexc,AAVE/USDT:USDT,296.05,8181,296.04,6462,296.06,14654,296.07,6428
1753600032244,07:07:12.244,mexc,AAVE/USDT:USDT,296.05,8181,296.04,6462,296.06,14654,296.07,8335
1753600032648,07:07:12.648,mexc,AAVE/USDT:USDT,296.05,8181,296.04,6462,296.06,14654,296.07,8335
1753600032649,07:07:12.649,mexc,AAVE/USDT:USDT,296.05,8181,296.04,6462,296.06,14654,296.07,6428
1753600033444,07:07:13.444,mexc,AAVE/USDT:USDT,296.05,8181,296.04,6462,296.06,14654,296.07,6428
1753600033445,07:07:13.445,mexc,AAVE/USDT:USDT,296.05,8181,296.04,9338,296.06,14654,296.07,8871
1753600033718,07:07:13.718,mexc,AAVE/USDT:USDT,295.99,24163,295.98,5059,296,44584,296.01,3155
1753600034645,07:07:14.645,mexc,AAVE/USDT:USDT,295.99,24163,295.98,5059,296,44584,296.01,3155
1753600034645,07:07:14.645,mexc,AAVE/USDT:USDT,295.99,24163,295.98,5059,296,44584,296.01,5317
1753600035048,07:07:15.048,mexc,AAVE/USDT:USDT,295.99,24163,295.98,5059,296,44584,296.01,5317
1753600035048,07:07:15.048,mexc,AAVE/USDT:USDT,295.99,24163,295.98,5059,296,44584,296.01,3155
1753600035349,07:07:15.349,mexc,AAVE/USDT:USDT,295.99,24163,295.98,5059,296,44584,296.01,3155
1753600035845,07:07:15.845,mexc,AAVE/USDT:USDT,295.99,24163,295.98,5923,296,44584,296.01,3155
1753600035845,07:07:15.845,mexc,AAVE/USDT:USDT,295.99,24163,295.98,5923,296,44584,296.01,3963
1753600036248,07:07:16.248,mexc,AAVE/USDT:USDT,295.99,24163,295.98,5059,296,44584,296.01,3963
1753600036248,07:07:16.248,mexc,AAVE/USDT:USDT,295.99,24163,295.98,5059,296,44584,296.01,3155
1753600036651,07:07:16.651,mexc,AAVE/USDT:USDT,295.99,24163,295.98,5059,296,44584,296.01,3155
1753600036718,07:07:16.718,mexc,AAVE/USDT:USDT,295.99,24163,295.98,5059,296,44584,296.01,3155
1753600037046,07:07:17.046,mexc,AAVE/USDT:USDT,295.99,24163,295.98,5059,296,44584,296.01,3155
1753600037452,07:07:17.452,mexc,AAVE/USDT:USDT,295.99,24163,295.98,5059,296,44584,296.01,3155
1753600037453,07:07:17.453,mexc,AAVE/USDT:USDT,295.99,24163,295.98,5059,296,44584,296.01,3155
1753600038245,07:07:18.245,mexc,AAVE/USDT:USDT,295.99,24163,295.98,5059,296,44584,296.01,3155
1753600038245,07:07:18.245,mexc,AAVE/USDT:USDT,295.99,24163,295.98,5059,296,44584,296.01,3155
1753600038648,07:07:18.648,mexc,AAVE/USDT:USDT,295.99,24163,295.98,5059,296,44584,296.01,3155
1753600038649,07:07:18.649,mexc,AAVE/USDT:USDT,295.99,24163,295.98,5059,296,44584,296.01,3155
1753600039446,07:07:19.446,mexc,AAVE/USDT:USDT,295.99,24163,295.98,5059,296,44584,296.01,3155
1753600039548,07:07:19.548,mexc,AAVE/USDT:USDT,295.99,14073,295.98,12092,296,41528,296.01,6014
1753600040645,07:07:20.645,mexc,AAVE/USDT:USDT,295.99,14073,295.98,12092,296,41528,296.01,6014
1753600040646,07:07:20.646,mexc,AAVE/USDT:USDT,295.99,14073,295.98,14917,296,41528,296.01,6014
1753600041049,07:07:21.049,mexc,AAVE/USDT:USDT,295.99,14073,295.98,14917,296,41528,296.01,6014
1753600041049,07:07:21.049,mexc,AAVE/USDT:USDT,295.99,14073,295.98,12092,296,41528,296.01,6014
1753600041345,07:07:21.345,mexc,AAVE/USDT:USDT,295.99,14073,295.98,12092,296,41528,296.01,6014
1753600041847,07:07:21.847,mexc,AAVE/USDT:USDT,295.99,14073,295.98,12092,296,41528,296.01,6014
1753600041847,07:07:21.847,mexc,AAVE/USDT:USDT,295.99,14073,295.98,15437,296,41528,296.01,6014
1753600042249,07:07:22.249,mexc,AAVE/USDT:USDT,295.99,14073,295.98,15437,296,41528,296.01,6014
1753600042250,07:07:22.250,mexc,AAVE/USDT:USDT,295.99,14073,295.98,12092,296,41528,296.01,6014
1753600042656,07:07:22.656,mexc,AAVE/USDT:USDT,295.99,14073,295.98,12092,296,41528,296.01,6014
1753600042718,07:07:22.718,mexc,AAVE/USDT:USDT,295.99,14073,295.98,12092,296,41528,296.01,6014
1753600043046,07:07:23.046,mexc,AAVE/USDT:USDT,295.99,10985,295.98,12092,296,41528,296.01,6014
1753600043449,07:07:23.449,mexc,AAVE/USDT:USDT,295.99,10985,295.98,12092,296,41528,296.01,6014
1753600043449,07:07:23.449,mexc,AAVE/USDT:USDT,295.99,10985,295.98,12092,296,41528,296.01,6014
1753600044247,07:07:24.247,mexc,AAVE/USDT:USDT,295.99,10985,295.98,12092,296,41528,296.01,6014
1753600044247,07:07:24.247,mexc,AAVE/USDT:USDT,295.99,10985,295.98,12092,296,41528,296.01,6759
1753600044649,07:07:24.649,mexc,AAVE/USDT:USDT,295.99,10985,295.98,12092,296,41528,296.01,6759
1753600044649,07:07:24.649,mexc,AAVE/USDT:USDT,295.99,10985,295.98,12092,296,41528,296.01,6014
1753600045446,07:07:25.446,mexc,AAVE/USDT:USDT,295.99,10985,295.98,12092,296,41528,296.01,6014
1753600045555,07:07:25.555,mexc,AAVE/USDT:USDT,295.95,6613,295.94,222,295.96,61341,295.97,7974
1753600046648,07:07:26.648,mexc,AAVE/USDT:USDT,295.95,6613,295.94,222,295.96,61341,295.97,7974
1753600046648,07:07:26.648,mexc,AAVE/USDT:USDT,295.95,6613,295.94,222,295.96,61341,295.97,7974
1753600047051,07:07:27.051,mexc,AAVE/USDT:USDT,295.95,6613,295.94,222,295.96,61341,295.97,7974
1753600047051,07:07:27.051,mexc,AAVE/USDT:USDT,295.95,6613,295.94,222,295.96,61341,295.97,7974
1753600047512,07:07:27.512,mexc,AAVE/USDT:USDT,295.95,6613,295.94,222,295.96,61341,295.97,7974
1753600047512,07:07:27.512,mexc,AAVE/USDT:USDT,295.95,6613,295.94,222,295.96,61341,295.97,7974
1753600047849,07:07:27.849,mexc,AAVE/USDT:USDT,295.95,6613,295.94,250,295.96,61341,295.97,7974
1753600048256,07:07:28.256,mexc,AAVE/USDT:USDT,295.95,6613,295.94,250,295.96,61341,295.97,7974
1753600048256,07:07:28.256,mexc,AAVE/USDT:USDT,295.95,6613,295.94,222,295.96,61341,295.97,7974
1753600048659,07:07:28.659,mexc,AAVE/USDT:USDT,295.95,6613,295.94,222,295.96,61341,295.97,7974
1753600048718,07:07:28.718,mexc,AAVE/USDT:USDT,295.95,6613,295.94,222,295.96,61341,295.97,7974
1753600049049,07:07:29.049,mexc,AAVE/USDT:USDT,295.95,6613,295.94,222,295.96,61341,295.97,11005
1753600049451,07:07:29.451,mexc,AAVE/USDT:USDT,295.95,6613,295.94,222,295.96,61341,295.97,11005
1753600049451,07:07:29.451,mexc,AAVE/USDT:USDT,295.95,6613,295.94,222,295.96,61341,295.97,7974
1753600050247,07:07:30.247,mexc,AAVE/USDT:USDT,295.95,6613,295.94,222,295.96,61341,295.97,7974
1753600050248,07:07:30.248,mexc,AAVE/USDT:USDT,295.95,6613,295.94,222,295.96,61341,295.97,7974
1753600050651,07:07:30.651,mexc,AAVE/USDT:USDT,295.95,6613,295.94,222,295.96,61341,295.97,7974
1753600050651,07:07:30.651,mexc,AAVE/USDT:USDT,295.95,6613,295.94,222,295.96,61341,295.97,7974
1753600051448,07:07:31.448,mexc,AAVE/USDT:USDT,295.95,6613,295.94,324,295.96,61341,295.97,7974
1753600051552,07:07:31.552,mexc,AAVE/USDT:USDT,295.92,14289,295.91,1281,295.93,23862,295.94,10064
1753600052648,07:07:32.648,mexc,AAVE/USDT:USDT,295.92,14289,295.91,1281,295.93,23862,295.94,10064
1753600052680,07:07:32.680,mexc,AAVE/USDT:USDT,295.92,14289,295.91,1281,295.93,23862,295.94,14524
1753600053052,07:07:33.052,mexc,AAVE/USDT:USDT,295.92,14289,295.91,1281,295.93,23862,295.94,14524
1753600053085,07:07:33.085,mexc,AAVE/USDT:USDT,295.92,14289,295.91,1281,295.93,23862,295.94,10064
1753600053355,07:07:33.355,mexc,AAVE/USDT:USDT,295.92,14289,295.91,1281,295.93,23862,295.94,10064
1753600053849,07:07:33.849,mexc,AAVE/USDT:USDT,295.92,14289,295.91,1281,295.93,23862,295.94,10064
1753600053849,07:07:33.849,mexc,AAVE/USDT:USDT,295.92,14289,295.91,1281,295.93,23862,295.94,14638
1753600054252,07:07:34.252,mexc,AAVE/USDT:USDT,295.92,14289,295.91,1281,295.93,23862,295.94,14638
1753600054252,07:07:34.252,mexc,AAVE/USDT:USDT,295.92,14289,295.91,1281,295.93,23862,295.94,10064
1753600054716,07:07:34.716,mexc,AAVE/USDT:USDT,295.92,14289,295.91,1281,295.93,23862,295.94,10064
1753600054818,07:07:34.818,mexc,AAVE/USDT:USDT,295.92,14289,295.91,1281,295.93,23862,295.94,10064
1753600055049,07:07:35.049,mexc,AAVE/USDT:USDT,295.92,14289,295.91,1608,295.93,23862,295.94,10064
1753600055451,07:07:35.451,mexc,AAVE/USDT:USDT,295.92,14289,295.91,1608,295.93,23862,295.94,10064
1753600055452,07:07:35.452,mexc,AAVE/USDT:USDT,295.92,14289,295.91,1281,295.93,23862,295.94,10064
1753600056249,07:07:36.249,mexc,AAVE/USDT:USDT,295.92,14289,295.91,1281,295.93,23862,295.94,10064
1753600056249,07:07:36.249,mexc,AAVE/USDT:USDT,295.92,14289,295.91,1741,295.93,23862,295.94,14529
1753600056653,07:07:36.653,mexc,AAVE/USDT:USDT,295.92,14289,295.91,1741,295.93,23862,295.94,10064
1753600056653,07:07:36.653,mexc,AAVE/USDT:USDT,295.92,14289,295.91,1281,295.93,23862,295.94,10064
1753600057449,07:07:37.449,mexc,AAVE/USDT:USDT,295.92,14289,295.91,1281,295.93,23862,295.94,10064
1753600057553,07:07:37.553,mexc,AAVE/USDT:USDT,295.95,44297,295.94,28249,295.96,2467,295.97,216
1753600058649,07:07:38.649,mexc,AAVE/USDT:USDT,295.95,44297,295.94,28249,295.96,2467,295.97,216
1753600058650,07:07:38.650,mexc,AAVE/USDT:USDT,295.95,44297,295.94,28249,295.96,2467,295.97,216
1753600059052,07:07:39.052,mexc,AAVE/USDT:USDT,295.95,44297,295.94,28249,295.96,2467,295.97,216
1753600059053,07:07:39.053,mexc,AAVE/USDT:USDT,295.95,44297,295.94,28249,295.96,2467,295.97,216
1753600059353,07:07:39.353,mexc,AAVE/USDT:USDT,295.95,44297,295.94,28249,295.96,2367,295.97,216
1753600059849,07:07:39.849,mexc,AAVE/USDT:USDT,295.95,44297,295.94,28249,295.96,2367,295.97,216
1753600059851,07:07:39.851,mexc,AAVE/USDT:USDT,295.95,44297,295.94,28249,295.96,2367,295.97,280
1753600060253,07:07:40.253,mexc,AAVE/USDT:USDT,295.95,44297,295.94,28249,295.96,2367,295.97,280
1753600060253,07:07:40.253,mexc,AAVE/USDT:USDT,295.95,44297,295.94,28249,295.96,2367,295.97,216
1753600060719,07:07:40.719,mexc,AAVE/USDT:USDT,295.95,44297,295.94,28249,295.96,2367,295.97,216
1753600060818,07:07:40.818,mexc,AAVE/USDT:USDT,295.95,44297,295.94,28249,295.96,2367,295.97,216
1753600061051,07:07:41.051,mexc,AAVE/USDT:USDT,295.95,44297,295.94,41794,295.96,2367,295.97,216
1753600061453,07:07:41.453,mexc,AAVE/USDT:USDT,295.95,44297,295.94,41794,295.96,2367,295.97,216
1753600061454,07:07:41.454,mexc,AAVE/USDT:USDT,295.95,44297,295.94,28249,295.96,2367,295.97,216
1753600062250,07:07:42.250,mexc,AAVE/USDT:USDT,295.95,44297,295.94,31650,295.96,2367,295.97,216
1753600062251,07:07:42.251,mexc,AAVE/USDT:USDT,295.95,44297,295.94,31650,295.96,2367,295.97,216
1753600062657,07:07:42.657,mexc,AAVE/USDT:USDT,295.95,44297,295.94,28249,295.96,2367,295.97,216
1753600062657,07:07:42.657,mexc,AAVE/USDT:USDT,295.95,44297,295.94,28249,295.96,2367,295.97,216
1753600063452,07:07:43.452,mexc,AAVE/USDT:USDT,295.95,44297,295.94,28249,295.96,2367,295.97,216
1753600063562,07:07:43.562,mexc,AAVE/USDT:USDT,295.95,49048,295.94,19228,295.96,1078,295.97,100
1753600064651,07:07:44.651,mexc,AAVE/USDT:USDT,295.95,49048,295.94,19228,295.96,1078,295.97,100
1753600064653,07:07:44.653,mexc,AAVE/USDT:USDT,295.95,49048,295.94,19228,295.96,1078,295.97,100
1753600065057,07:07:45.057,mexc,AAVE/USDT:USDT,295.95,49048,295.94,19228,295.96,1078,295.97,100
1753600065057,07:07:45.057,mexc,AAVE/USDT:USDT,295.95,49048,295.94,19228,295.96,1078,295.97,100
1753600065361,07:07:45.361,mexc,AAVE/USDT:USDT,295.95,49048,295.94,19228,295.96,1078,295.97,100
1753600065852,07:07:45.852,mexc,AAVE/USDT:USDT,295.95,49048,295.94,19228,295.96,1078,295.97,141
1753600065852,07:07:45.852,mexc,AAVE/USDT:USDT,295.95,49048,295.94,19228,295.96,1078,295.97,141
1753600066255,07:07:46.255,mexc,AAVE/USDT:USDT,295.95,49048,295.94,19228,295.96,1078,295.97,141
1753600066255,07:07:46.255,mexc,AAVE/USDT:USDT,295.95,49048,295.94,19228,295.96,1078,295.97,100
1753600066726,07:07:46.726,mexc,AAVE/USDT:USDT,295.95,49048,295.94,19228,295.96,1078,295.97,100
1753600066815,07:07:46.815,mexc,AAVE/USDT:USDT,295.95,49048,295.94,19228,295.96,1078,295.97,100
1753600067052,07:07:47.052,mexc,AAVE/USDT:USDT,295.95,49048,295.94,25233,295.96,1078,295.97,100
1753600067511,07:07:47.511,mexc,AAVE/USDT:USDT,295.95,49048,295.94,25233,295.96,1078,295.97,100
1753600067515,07:07:47.515,mexc,AAVE/USDT:USDT,295.95,49048,295.94,19228,295.96,1078,295.97,100
1753600068252,07:07:48.252,mexc,AAVE/USDT:USDT,295.95,49048,295.94,19228,295.96,1078,295.97,100
1753600068253,07:07:48.253,mexc,AAVE/USDT:USDT,295.95,49048,295.94,19228,295.96,1078,295.97,100
1753600068655,07:07:48.655,mexc,AAVE/USDT:USDT,295.95,49048,295.94,19228,295.96,1078,295.97,100
1753600068656,07:07:48.656,mexc,AAVE/USDT:USDT,295.95,49048,295.94,19228,295.96,1078,295.97,100
1753600069451,07:07:49.451,mexc,AAVE/USDT:USDT,295.95,49048,295.94,19228,295.96,1078,295.97,100
1753600069556,07:07:49.556,mexc,AAVE/USDT:USDT,295.95,30975,295.94,19410,295.96,8938,295.97,119
1753600070486,07:07:50.486,mexc,AAVE/USDT:USDT,295.95,30975,295.94,19410,295.96,3957,295.97,119
1753600070652,07:07:50.652,mexc,AAVE/USDT:USDT,295.95,30975,295.94,19410,295.96,3957,295.97,163
1753600071056,07:07:51.056,mexc,AAVE/USDT:USDT,295.95,30975,295.94,19410,295.96,3957,295.97,163
1753600071057,07:07:51.057,mexc,AAVE/USDT:USDT,295.95,30975,295.94,19410,295.96,3957,295.97,119
1753600071359,07:07:51.359,mexc,AAVE/USDT:USDT,295.95,30975,295.94,19410,295.96,3957,295.97,119
1753600071853,07:07:51.853,mexc,AAVE/USDT:USDT,295.95,30975,295.94,19410,295.96,3957,295.97,119
1753600071853,07:07:51.853,mexc,AAVE/USDT:USDT,295.95,30975,295.94,19410,295.96,3957,295.97,119
1753600072255,07:07:52.255,mexc,AAVE/USDT:USDT,295.95,30975,295.94,19410,295.96,3957,295.97,119
1753600072256,07:07:52.256,mexc,AAVE/USDT:USDT,295.95,30975,295.94,19410,295.96,3957,295.97,119
1753600072917,07:07:52.917,mexc,AAVE/USDT:USDT,295.95,30975,295.94,19410,295.96,3957,295.97,119
1753600073054,07:07:53.054,mexc,AAVE/USDT:USDT,295.95,30975,295.94,19410,295.96,3957,295.97,119
1753600073456,07:07:53.456,mexc,AAVE/USDT:USDT,295.95,30975,295.94,19410,295.96,3957,295.97,119
1753600073456,07:07:53.456,mexc,AAVE/USDT:USDT,295.95,30975,295.94,19410,295.96,3957,295.97,119
1753600074253,07:07:54.253,mexc,AAVE/USDT:USDT,295.95,30975,295.94,27337,295.96,3957,295.97,119
1753600074254,07:07:54.254,mexc,AAVE/USDT:USDT,295.95,30975,295.94,35511,295.96,3957,295.97,159
1753600074657,07:07:54.657,mexc,AAVE/USDT:USDT,295.95,30975,295.94,35511,295.96,3957,295.97,159
1753600074723,07:07:54.723,mexc,AAVE/USDT:USDT,295.95,30975,295.94,19410,295.96,2957,295.97,119
1753600075453,07:07:55.453,mexc,AAVE/USDT:USDT,295.95,30975,295.94,19410,295.96,2957,295.97,119
1753600075563,07:07:55.563,mexc,AAVE/USDT:USDT,295.95,30522,295.94,14316,295.96,15713,295.97,89
1753600076652,07:07:56.652,mexc,AAVE/USDT:USDT,295.95,30522,295.94,14316,295.96,15713,295.97,89
1753600076653,07:07:56.653,mexc,AAVE/USDT:USDT,295.95,30522,295.94,14316,295.96,15713,295.97,89
1753600077055,07:07:57.055,mexc,AAVE/USDT:USDT,295.95,30522,295.94,14316,295.96,15713,295.97,89
1753600077056,07:07:57.056,mexc,AAVE/USDT:USDT,295.95,30522,295.94,14316,295.96,15713,295.97,89
1753600077361,07:07:57.361,mexc,AAVE/USDT:USDT,295.95,30522,295.94,14316,295.96,15713,295.97,89
1753600077853,07:07:57.853,mexc,AAVE/USDT:USDT,295.95,30522,295.94,16020,295.96,15713,295.97,89
1753600077854,07:07:57.854,mexc,AAVE/USDT:USDT,295.95,30522,295.94,16020,295.96,15713,295.97,129
1753600078314,07:07:58.314,mexc,AAVE/USDT:USDT,295.95,30522,295.94,16020,295.96,15713,295.97,103
1753600078315,07:07:58.315,mexc,AAVE/USDT:USDT,295.95,30522,295.94,14316,295.96,15713,295.97,89
1753600078735,07:07:58.735,mexc,AAVE/USDT:USDT,295.95,30522,295.94,14316,295.96,15713,295.97,89
1753600078816,07:07:58.816,mexc,AAVE/USDT:USDT,295.95,30522,295.94,14316,295.96,15713,295.97,89
1753600079054,07:07:59.054,mexc,AAVE/USDT:USDT,295.95,30522,295.94,14316,295.96,15713,295.97,89
1753600079459,07:07:59.459,mexc,AAVE/USDT:USDT,295.95,30522,295.94,14316,295.96,15713,295.97,89
1753600079459,07:07:59.459,mexc,AAVE/USDT:USDT,295.95,30522,295.94,14316,295.96,15713,295.97,89
1753600080253,07:08:00.253,mexc,AAVE/USDT:USDT,295.95,30522,295.94,14316,295.96,15713,295.97,89
1753600080254,07:08:00.254,mexc,AAVE/USDT:USDT,295.95,30522,295.94,14316,295.96,15713,295.97,100
1753600080657,07:08:00.657,mexc,AAVE/USDT:USDT,295.95,30522,295.94,14316,295.96,15713,295.97,100
1753600080658,07:08:00.658,mexc,AAVE/USDT:USDT,295.95,30522,295.94,14316,295.96,15713,295.97,89
1753600081453,07:08:01.453,mexc,AAVE/USDT:USDT,295.95,30522,295.94,14316,295.96,15713,295.97,89
1753600081557,07:08:01.557,mexc,AAVE/USDT:USDT,295.95,26755,295.94,7637,295.96,18422,295.97,88
1753600082654,07:08:02.654,mexc,AAVE/USDT:USDT,295.95,26755,295.94,7637,295.96,18422,295.97,88
1753600082655,07:08:02.655,mexc,AAVE/USDT:USDT,295.95,26755,295.94,9770,295.96,18422,295.97,88
1753600083057,07:08:03.057,mexc,AAVE/USDT:USDT,295.95,26755,295.94,9770,295.96,18422,295.97,88
1753600083057,07:08:03.057,mexc,AAVE/USDT:USDT,295.95,26755,295.94,7637,295.96,18422,295.97,88
1753600083365,07:08:03.365,mexc,AAVE/USDT:USDT,295.95,26755,295.94,7637,295.96,18422,295.97,88
1753600083854,07:08:03.854,mexc,AAVE/USDT:USDT,295.95,26755,295.94,9928,295.96,18422,295.97,88
1753600083854,07:08:03.854,mexc,AAVE/USDT:USDT,295.95,26755,295.94,9928,295.96,18422,295.97,88
1753600084258,07:08:04.258,mexc,AAVE/USDT:USDT,295.95,26755,295.94,9928,295.96,18422,295.97,88
1753600084258,07:08:04.258,mexc,AAVE/USDT:USDT,295.95,26755,295.94,7637,295.96,18422,295.97,88
1753600084818,07:08:04.818,mexc,AAVE/USDT:USDT,295.95,26755,295.94,7637,295.96,18422,295.97,88
1753600084839,07:08:04.839,mexc,AAVE/USDT:USDT,295.95,26755,295.94,7637,295.96,18422,295.97,88
1753600085055,07:08:05.055,mexc,AAVE/USDT:USDT,295.95,26755,295.94,9738,295.96,18422,295.97,88
1753600085461,07:08:05.461,mexc,AAVE/USDT:USDT,295.95,26755,295.94,7637,295.96,18422,295.97,88
1753600085462,07:08:05.462,mexc,AAVE/USDT:USDT,295.95,26755,295.94,7637,295.96,18422,295.97,88
1753600086255,07:08:06.255,mexc,AAVE/USDT:USDT,295.95,26755,295.94,7637,295.96,18422,295.97,88
1753600086255,07:08:06.255,mexc,AAVE/USDT:USDT,295.95,26755,295.94,7637,295.96,18422,295.97,88
1753600086658,07:08:06.658,mexc,AAVE/USDT:USDT,295.95,26755,295.94,7637,295.96,18422,295.97,88
1753600086658,07:08:06.658,mexc,AAVE/USDT:USDT,295.95,26755,295.94,7637,295.96,18422,295.97,88
1753600087454,07:08:07.454,mexc,AAVE/USDT:USDT,295.95,26755,295.94,7637,295.96,18422,295.97,88
1753600087559,07:08:07.559,mexc,AAVE/USDT:USDT,295.94,18027,295.93,27878,295.95,1935,295.96,15834
1753600088653,07:08:08.653,mexc,AAVE/USDT:USDT,295.94,18027,295.93,27878,295.95,1935,295.96,15834
1753600088822,07:08:08.822,mexc,AAVE/USDT:USDT,296.01,52562,296,37874,296.02,13551,296.03,4250
1753600089066,07:08:09.066,mexc,AAVE/USDT:USDT,296.01,52562,296,37874,296.02,13551,296.03,4250
1753600089414,07:08:09.414,mexc,AAVE/USDT:USDT,296.01,52562,296,37874,296.02,13551,296.03,4250
1753600089428,07:08:09.428,mexc,AAVE/USDT:USDT,296.01,52562,296,37874,296.02,13551,296.03,4250
1753600089854,07:08:09.854,mexc,AAVE/USDT:USDT,296.01,52562,296,37874,296.02,13551,296.03,4250
1753600089855,07:08:09.855,mexc,AAVE/USDT:USDT,296.01,52562,296,37874,296.02,13551,296.03,4250
1753600090257,07:08:10.257,mexc,AAVE/USDT:USDT,296.01,52562,296,37874,296.02,13551,296.03,4250
1753600090258,07:08:10.258,mexc,AAVE/USDT:USDT,296.01,52562,296,37874,296.02,13551,296.03,4250
1753600090822,07:08:10.822,mexc,AAVE/USDT:USDT,296.01,52562,296,37874,296.02,13551,296.03,4250
1753600090847,07:08:10.847,mexc,AAVE/USDT:USDT,296.01,52562,296,37874,296.02,13551,296.03,4250
1753600091055,07:08:11.055,mexc,AAVE/USDT:USDT,296.01,52562,296,37874,296.02,13551,296.03,4250
1753600091456,07:08:11.456,mexc,AAVE/USDT:USDT,296.01,52562,296,37874,296.02,13551,296.03,4250
1753600091458,07:08:11.458,mexc,AAVE/USDT:USDT,296.01,52562,296,37874,296.02,13551,296.03,4250
1753600092257,07:08:12.257,mexc,AAVE/USDT:USDT,296.01,52562,296,37874,296.02,13551,296.03,4250
1753600092260,07:08:12.260,mexc,AAVE/USDT:USDT,296.01,52562,296,42202,296.02,13551,296.03,4250
1753600092660,07:08:12.660,mexc,AAVE/USDT:USDT,296.01,52562,296,42202,296.02,13551,296.03,4250
1753600092827,07:08:12.827,mexc,AAVE/USDT:USDT,296.01,52410,296,37874,296.02,13551,296.03,4250
1753600093455,07:08:13.455,mexc,AAVE/USDT:USDT,296.01,52410,296,37874,296.02,13551,296.03,4250
1753600093455,07:08:13.455,mexc,AAVE/USDT:USDT,296.01,52410,296,53227,296.02,13551,296.03,4359
1753600093857,07:08:13.857,mexc,AAVE/USDT:USDT,296.01,52410,296,37874,296.02,13551,296.03,4359
1753600093858,07:08:13.858,mexc,AAVE/USDT:USDT,296.01,52410,296,37874,296.02,13551,296.03,4250
1753600094546,07:08:14.546,mexc,AAVE/USDT:USDT,296.01,52410,296,37874,296.02,33533,296.03,4250
1753600094654,07:08:14.654,mexc,AAVE/USDT:USDT,296.01,7905,296,15278,296.02,19982,296.03,8317
1753600095058,07:08:15.058,mexc,AAVE/USDT:USDT,296.01,7905,296,11799,296.02,19982,296.03,8317
1753600095059,07:08:15.059,mexc,AAVE/USDT:USDT,296.01,7905,296,10278,296.02,19982,296.03,8317
1753600095426,07:08:15.426,mexc,AAVE/USDT:USDT,296.01,7905,296,10278,296.02,19982,296.03,8317
1753600095857,07:08:15.857,mexc,AAVE/USDT:USDT,296.01,7905,296,10278,296.02,19982,296.03,8317
1753600095857,07:08:15.857,mexc,AAVE/USDT:USDT,296.01,7905,296,13466,296.02,19982,296.03,8317
1753600096258,07:08:16.258,mexc,AAVE/USDT:USDT,296.01,7905,296,10278,296.02,19982,296.03,8317
1753600096560,07:08:16.560,mexc,AAVE/USDT:USDT,296.01,7905,296,10278,296.02,19882,296.03,8317
1753600096848,07:08:16.848,mexc,AAVE/USDT:USDT,296.01,7905,296,10278,296.02,19882,296.03,8317
1753600097252,07:08:17.252,mexc,AAVE/USDT:USDT,296.01,7905,296,13542,296.02,19882,296.03,12242
1753600097459,07:08:17.459,mexc,AAVE/USDT:USDT,296.01,7905,296,13542,296.02,19882,296.03,12242
1753600097459,07:08:17.459,mexc,AAVE/USDT:USDT,296.01,7905,296,10278,296.02,19882,296.03,8317
1753600098255,07:08:18.255,mexc,AAVE/USDT:USDT,296.01,7905,296,10278,296.02,19882,296.03,8317
1753600098256,07:08:18.256,mexc,AAVE/USDT:USDT,296.01,7905,296,10278,296.02,19882,296.03,8317
1753600098660,07:08:18.660,mexc,AAVE/USDT:USDT,296.01,7905,296,10278,296.02,19882,296.03,8317
1753600098660,07:08:18.660,mexc,AAVE/USDT:USDT,296.01,7905,296,10278,296.02,19882,296.03,8317
1753600099456,07:08:19.456,mexc,AAVE/USDT:USDT,296.01,7905,296,10278,296.02,19882,296.03,8317
1753600099457,07:08:19.457,mexc,AAVE/USDT:USDT,296.01,7905,296,10278,296.02,19882,296.03,8317
1753600099861,07:08:19.861,mexc,AAVE/USDT:USDT,296.01,7905,296,10278,296.02,19882,296.03,8317
1753600099862,07:08:19.862,mexc,AAVE/USDT:USDT,296.01,7905,296,10278,296.02,19882,296.03,8317
1753600100546,07:08:20.546,mexc,AAVE/USDT:USDT,296.01,7905,296,10278,296.02,33977,296.03,8317
1753600100657,07:08:20.657,mexc,AAVE/USDT:USDT,296.01,12275,296,10395,296.02,14095,296.03,9230
1753600101061,07:08:21.061,mexc,AAVE/USDT:USDT,296.01,12275,296,10395,296.02,14095,296.03,9230
1753600101224,07:08:21.224,mexc,AAVE/USDT:USDT,296.01,12275,296,10395,296.02,14095,296.03,9230
1753600101431,07:08:21.431,mexc,AAVE/USDT:USDT,296.01,12275,296,10395,296.02,14095,296.03,9230
1753600101857,07:08:21.857,mexc,AAVE/USDT:USDT,296.01,12275,296,10395,296.02,14095,296.03,9230
1753600101860,07:08:21.860,mexc,AAVE/USDT:USDT,296.01,12275,296,14687,296.02,14095,296.03,16117
1753600102261,07:08:22.261,mexc,AAVE/USDT:USDT,296.01,12275,296,14687,296.02,14095,296.03,13427
1753600102261,07:08:22.261,mexc,AAVE/USDT:USDT,296.01,12275,296,10395,296.02,14095,296.03,9230
1753600102828,07:08:22.828,mexc,AAVE/USDT:USDT,296.01,12275,296,10395,296.02,14095,296.03,9230
1753600102914,07:08:22.914,mexc,AAVE/USDT:USDT,296.01,12275,296,10395,296.02,14095,296.03,9230
1753600103058,07:08:23.058,mexc,AAVE/USDT:USDT,296.01,12275,296,10395,296.02,14095,296.03,9230
1753600103460,07:08:23.460,mexc,AAVE/USDT:USDT,296.01,12275,296,10395,296.02,14095,296.03,9230
1753600103463,07:08:23.463,mexc,AAVE/USDT:USDT,296.01,12275,296,10395,296.02,14095,296.03,9230
1753600104257,07:08:24.257,mexc,AAVE/USDT:USDT,296.01,12275,296,10395,296.02,14095,296.03,9230
1753600104257,07:08:24.257,mexc,AAVE/USDT:USDT,296.01,12275,296,10395,296.02,14095,296.03,13417
1753600104661,07:08:24.661,mexc,AAVE/USDT:USDT,296.01,12275,296,10395,296.02,14095,296.03,13417
1753600104661,07:08:24.661,mexc,AAVE/USDT:USDT,296.01,12275,296,10395,296.02,14095,296.03,9230
1753600105458,07:08:25.458,mexc,AAVE/USDT:USDT,296.01,12275,296,10395,296.02,14095,296.03,9230
1753600105459,07:08:25.459,mexc,AAVE/USDT:USDT,296.01,12275,296,10395,296.02,14095,296.03,9230
1753600105861,07:08:25.861,mexc,AAVE/USDT:USDT,296.01,12275,296,10395,296.02,14095,296.03,9230
1753600105861,07:08:25.861,mexc,AAVE/USDT:USDT,296.01,12275,296,10395,296.02,14095,296.03,9230
1753600106548,07:08:26.548,mexc,AAVE/USDT:USDT,296.01,12275,296,10395,296.02,14095,296.03,9230
1753600106660,07:08:26.660,mexc,AAVE/USDT:USDT,296.05,86437,296.04,43885,296.06,169,296.07,392
1753600107062,07:08:27.062,mexc,AAVE/USDT:USDT,296.05,86437,296.04,43885,296.06,169,296.07,392
1753600107062,07:08:27.062,mexc,AAVE/USDT:USDT,296.05,86437,296.04,43885,296.06,169,296.07,315
1753600107441,07:08:27.441,mexc,AAVE/USDT:USDT,296.05,86437,296.04,43885,296.06,169,296.07,315
1753600107859,07:08:27.859,mexc,AAVE/USDT:USDT,296.05,86437,296.04,43885,296.06,169,296.07,315
1753600107861,07:08:27.861,mexc,AAVE/USDT:USDT,296.05,86437,296.04,56852,296.06,169,296.07,315
1753600108263,07:08:28.263,mexc,AAVE/USDT:USDT,296.05,86437,296.04,56852,296.06,169,296.07,315
1753600108264,07:08:28.264,mexc,AAVE/USDT:USDT,296.05,86437,296.04,43885,296.06,169,296.07,315
1753600108916,07:08:28.916,mexc,AAVE/USDT:USDT,296.05,86437,296.04,43885,296.06,169,296.07,315
1753600109062,07:08:29.062,mexc,AAVE/USDT:USDT,296.05,86437,296.04,43885,296.06,169,296.07,363
1753600109466,07:08:29.466,mexc,AAVE/USDT:USDT,296.05,86437,296.04,43885,296.06,169,296.07,363
1753600109466,07:08:29.466,mexc,AAVE/USDT:USDT,296.05,86437,296.04,43885,296.06,169,296.07,315
1753600110258,07:08:30.258,mexc,AAVE/USDT:USDT,296.05,86437,296.04,43885,296.06,169,296.07,315
1753600110260,07:08:30.260,mexc,AAVE/USDT:USDT,296.05,86437,296.04,56212,296.06,169,296.07,315
1753600110663,07:08:30.663,mexc,AAVE/USDT:USDT,296.05,86437,296.04,56212,296.06,169,296.07,315
1753600110663,07:08:30.663,mexc,AAVE/USDT:USDT,296.05,86437,296.04,43885,296.06,169,296.07,315
1753600111462,07:08:31.462,mexc,AAVE/USDT:USDT,296.05,86437,296.04,43885,296.06,169,296.07,315
1753600111462,07:08:31.462,mexc,AAVE/USDT:USDT,296.05,86437,296.04,43885,296.06,169,296.07,315
1753600111865,07:08:31.865,mexc,AAVE/USDT:USDT,296.05,86437,296.04,43885,296.06,169,296.07,315
1753600111865,07:08:31.865,mexc,AAVE/USDT:USDT,296.05,86437,296.04,43885,296.06,169,296.07,315
1753600112552,07:08:32.552,mexc,AAVE/USDT:USDT,296.05,86437,296.04,43885,296.06,169,296.07,7648
1753600112662,07:08:32.662,mexc,AAVE/USDT:USDT,296.06,43115,296.05,50973,296.07,7333,296.08,979
1753600113065,07:08:33.065,mexc,AAVE/USDT:USDT,296.06,43115,296.05,50973,296.07,7333,296.08,979
1753600113065,07:08:33.065,mexc,AAVE/USDT:USDT,296.06,43115,296.05,50973,296.07,7333,296.08,588
1753600113438,07:08:33.438,mexc,AAVE/USDT:USDT,296.06,43115,296.05,50973,296.07,7333,296.08,588
1753600113861,07:08:33.861,mexc,AAVE/USDT:USDT,296.06,43115,296.05,50973,296.07,7333,296.08,588
1753600113862,07:08:33.862,mexc,AAVE/USDT:USDT,296.06,43115,296.05,72606,296.07,7333,296.08,588
1753600114265,07:08:34.265,mexc,AAVE/USDT:USDT,296.06,43115,296.05,72606,296.07,7333,296.08,588
1753600114265,07:08:34.265,mexc,AAVE/USDT:USDT,296.06,43115,296.05,50973,296.07,7333,296.08,588
1753600115013,07:08:35.013,mexc,AAVE/USDT:USDT,296.06,43115,296.05,50973,296.07,7333,296.08,588
1753600115127,07:08:35.127,mexc,AAVE/USDT:USDT,296.06,43115,296.05,64642,296.07,7283,296.08,935
1753600115466,07:08:35.466,mexc,AAVE/USDT:USDT,296.06,43115,296.05,64642,296.07,7283,296.08,935
1753600115575,07:08:35.575,mexc,AAVE/USDT:USDT,296.06,43115,296.05,50973,296.07,7283,296.08,588
1753600116262,07:08:36.262,mexc,AAVE/USDT:USDT,296.06,43115,296.05,50973,296.07,7283,296.08,588
1753600116263,07:08:36.263,mexc,AAVE/USDT:USDT,296.06,43115,296.05,50973,296.07,7283,296.08,689
1753600116669,07:08:36.669,mexc,AAVE/USDT:USDT,296.06,43115,296.05,50973,296.07,7283,296.08,689
1753600116669,07:08:36.669,mexc,AAVE/USDT:USDT,296.06,43115,296.05,50973,296.07,7283,296.08,588
1753600116887,07:08:36.887,mexc,AAVE/USDT:USDT,296.06,43115,296.05,50973,296.07,7280,296.08,588
1753600117463,07:08:37.463,mexc,AAVE/USDT:USDT,296.06,43115,296.05,50973,296.07,7280,296.08,588
1753600117536,07:08:37.536,mexc,AAVE/USDT:USDT,296.06,42615,296.05,50973,296.07,7280,296.08,588
1753600117867,07:08:37.867,mexc,AAVE/USDT:USDT,296.06,42615,296.05,50973,296.07,7280,296.08,588
1753600118010,07:08:38.010,mexc,AAVE/USDT:USDT,296.06,42615,296.05,50973,296.07,7280,296.08,588
1753600118555,07:08:38.555,mexc,AAVE/USDT:USDT,296.06,42615,296.05,50973,296.07,7280,296.08,588
1753600118669,07:08:38.669,mexc,AAVE/USDT:USDT,296.11,19031,296.1,6985,296.12,6033,296.13,584
1753600119073,07:08:39.073,mexc,AAVE/USDT:USDT,296.11,19031,296.1,5298,296.12,6033,296.13,584
1753600119073,07:08:39.073,mexc,AAVE/USDT:USDT,296.11,19031,296.1,5298,296.12,6033,296.13,459
1753600119441,07:08:39.441,mexc,AAVE/USDT:USDT,296.11,19031,296.1,5298,296.12,6033,296.13,459
1753600119863,07:08:39.863,mexc,AAVE/USDT:USDT,296.11,19031,296.1,5298,296.12,6033,296.13,588
1753600119864,07:08:39.864,mexc,AAVE/USDT:USDT,296.11,19031,296.1,7101,296.12,6033,296.13,670
1753600120266,07:08:40.266,mexc,AAVE/USDT:USDT,296.11,19031,296.1,7101,296.12,6033,296.13,541
1753600120266,07:08:40.266,mexc,AAVE/USDT:USDT,296.11,19031,296.1,5298,296.12,6033,296.13,459
1753600120923,07:08:40.923,mexc,AAVE/USDT:USDT,296.11,19031,296.1,5298,296.12,6033,296.13,459
1753600121065,07:08:41.065,mexc,AAVE/USDT:USDT,296.11,19031,296.1,6880,296.12,5956,296.13,560
1753600121465,07:08:41.465,mexc,AAVE/USDT:USDT,296.11,19031,296.1,6880,296.12,5956,296.13,560
1753600121467,07:08:41.467,mexc,AAVE/USDT:USDT,296.11,19031,296.1,5298,296.12,5956,296.13,459
1753600122263,07:08:42.263,mexc,AAVE/USDT:USDT,296.11,19031,296.1,5298,296.12,5956,296.13,605
1753600122264,07:08:42.264,mexc,AAVE/USDT:USDT,296.11,19031,296.1,5298,296.12,5956,296.13,605
1753600122669,07:08:42.669,mexc,AAVE/USDT:USDT,296.11,19031,296.1,5298,296.12,5956,296.13,459
1753600122671,07:08:42.671,mexc,AAVE/USDT:USDT,296.11,19031,296.1,5298,296.12,5956,296.13,459
1753600123464,07:08:43.464,mexc,AAVE/USDT:USDT,296.11,19031,296.1,5298,296.12,5956,296.13,459
1753600123465,07:08:43.465,mexc,AAVE/USDT:USDT,296.11,19031,296.1,7669,296.12,5956,296.13,550
1753600123913,07:08:43.913,mexc,AAVE/USDT:USDT,296.11,19031,296.1,7669,296.12,5956,296.13,550
1753600123914,07:08:43.914,mexc,AAVE/USDT:USDT,296.11,19031,296.1,5298,296.12,5956,296.13,459
1753600124554,07:08:44.554,mexc,AAVE/USDT:USDT,296.11,19031,296.1,5298,296.12,5956,296.13,7973
1753600124677,07:08:44.677,mexc,AAVE/USDT:USDT,296.12,28707,296.11,5930,296.13,7514,296.14,282
1753600125067,07:08:45.067,mexc,AAVE/USDT:USDT,296.12,28707,296.11,5930,296.13,7514,296.14,282
1753600125067,07:08:45.067,mexc,AAVE/USDT:USDT,296.12,28707,296.11,5930,296.13,7514,296.14,282
1753600125444,07:08:45.444,mexc,AAVE/USDT:USDT,296.12,28707,296.11,5930,296.13,7514,296.14,282
1753600125865,07:08:45.865,mexc,AAVE/USDT:USDT,296.12,28707,296.11,5930,296.13,7514,296.14,282
1753600125865,07:08:45.865,mexc,AAVE/USDT:USDT,296.12,28707,296.11,5930,296.13,7514,296.14,345
1753600126267,07:08:46.267,mexc,AAVE/USDT:USDT,296.12,28707,296.11,5930,296.13,7514,296.14,345
1753600126269,07:08:46.269,mexc,AAVE/USDT:USDT,296.12,28707,296.11,5930,296.13,7514,296.14,282
1753600126928,07:08:46.928,mexc,AAVE/USDT:USDT,296.12,28707,296.11,5930,296.13,7514,296.14,282
1753600127069,07:08:47.069,mexc,AAVE/USDT:USDT,296.12,28707,296.11,8788,296.13,7514,296.14,481
1753600127470,07:08:47.470,mexc,AAVE/USDT:USDT,296.12,28707,296.11,8788,296.13,7514,296.14,348
1753600127472,07:08:47.472,mexc,AAVE/USDT:USDT,296.12,28707,296.11,5930,296.13,7514,296.14,282
1753600128015,07:08:48.015,mexc,AAVE/USDT:USDT,296.12,28707,296.11,5930,296.13,7481,296.14,282
1753600128266,07:08:48.266,mexc,AAVE/USDT:USDT,296.12,28707,296.11,5930,296.13,7481,296.14,282
1753600128267,07:08:48.267,mexc,AAVE/USDT:USDT,296.12,28707,296.11,6632,296.13,7481,296.14,282
1753600128670,07:08:48.670,mexc,AAVE/USDT:USDT,296.12,28707,296.11,5930,296.13,7481,296.14,282
1753600128671,07:08:48.671,mexc,AAVE/USDT:USDT,296.12,28707,296.11,5930,296.13,7481,296.14,282
1753600129466,07:08:49.466,mexc,AAVE/USDT:USDT,296.12,28707,296.11,5930,296.13,7481,296.14,282
1753600129467,07:08:49.467,mexc,AAVE/USDT:USDT,296.12,28707,296.11,5930,296.13,7481,296.14,282
1753600129869,07:08:49.869,mexc,AAVE/USDT:USDT,296.12,28707,296.11,5930,296.13,7481,296.14,282
1753600129869,07:08:49.869,mexc,AAVE/USDT:USDT,296.12,28707,296.11,5930,296.13,7481,296.14,282
1753600130555,07:08:50.555,mexc,AAVE/USDT:USDT,296.12,28707,296.11,5930,296.13,7481,296.14,7651
1753600130668,07:08:50.668,mexc,AAVE/USDT:USDT,296.13,29480,296.12,25356,296.14,7369,296.15,432
1753600131071,07:08:51.071,mexc,AAVE/USDT:USDT,296.13,29480,296.12,25356,296.14,7369,296.15,432
1753600131071,07:08:51.071,mexc,AAVE/USDT:USDT,296.13,29480,296.12,25356,296.14,7369,296.15,432
1753600131444,07:08:51.444,mexc,AAVE/USDT:USDT,296.13,29480,296.12,25356,296.14,7369,296.15,432
1753600131868,07:08:51.868,mexc,AAVE/USDT:USDT,296.13,29480,296.12,37727,296.14,7369,296.15,432
1753600131868,07:08:51.868,mexc,AAVE/USDT:USDT,296.13,29480,296.12,37727,296.14,7369,296.15,590
1753600132275,07:08:52.275,mexc,AAVE/USDT:USDT,296.13,29480,296.12,25356,296.17,33195,296.18,7104
1753600132275,07:08:52.275,mexc,AAVE/USDT:USDT,296.13,29480,296.12,25356,296.17,33195,296.18,5081
1753600132939,07:08:52.939,mexc,AAVE/USDT:USDT,296.13,29480,296.12,25356,296.17,33195,296.18,5081
1753600133070,07:08:53.070,mexc,AAVE/USDT:USDT,296.13,29480,296.12,28582,296.17,48243,296.18,5081
1753600133472,07:08:53.472,mexc,AAVE/USDT:USDT,296.13,29480,296.12,28582,296.17,42668,296.18,5081
1753600133472,07:08:53.472,mexc,AAVE/USDT:USDT,296.13,29480,296.12,25356,296.17,33195,296.18,5081
1753600134268,07:08:54.268,mexc,AAVE/USDT:USDT,296.13,29480,296.12,25356,296.17,33195,296.18,5081
1753600134268,07:08:54.268,mexc,AAVE/USDT:USDT,296.13,29480,296.12,25356,296.15,164,296.16,1040
1753600134671,07:08:54.671,mexc,AAVE/USDT:USDT,296.13,29480,296.12,25356,296.15,164,296.16,1040
1753600134673,07:08:54.673,mexc,AAVE/USDT:USDT,296.13,29480,296.12,25356,296.17,33195,296.18,5081
1753600135470,07:08:55.470,mexc,AAVE/USDT:USDT,296.13,29480,296.12,25356,296.17,33195,296.18,5081
1753600135639,07:08:55.639,mexc,AAVE/USDT:USDT,296.13,29480,296.12,29816,296.17,30694,296.18,5081
1753600135871,07:08:55.871,mexc,AAVE/USDT:USDT,296.13,29480,296.12,29816,296.17,30694,296.18,5081
1753600135871,07:08:55.871,mexc,AAVE/USDT:USDT,296.13,29480,296.12,25356,296.17,30694,296.18,5081
1753600136362,07:08:56.362,mexc,AAVE/USDT:USDT,296.13,29480,296.12,25356,296.17,30694,296.18,5081
1753600136376,07:08:56.376,mexc,AAVE/USDT:USDT,296.19,26663,296.18,26532,296.2,43834,296.21,6032
1753600136669,07:08:56.669,mexc,AAVE/USDT:USDT,296.19,26663,296.18,37264,296.2,43834,296.21,6059
1753600137073,07:08:57.073,mexc,AAVE/USDT:USDT,296.19,26663,296.18,37264,296.2,43834,296.21,6059
1753600137236,07:08:57.236,mexc,AAVE/USDT:USDT,296.19,26478,296.18,26532,296.2,43834,296.21,6032
1753600137453,07:08:57.453,mexc,AAVE/USDT:USDT,296.19,26478,296.18,26532,296.2,43834,296.21,6032
1753600137869,07:08:57.869,mexc,AAVE/USDT:USDT,296.19,26478,296.18,33287,296.2,43834,296.21,6032
1753600137870,07:08:57.870,mexc,AAVE/USDT:USDT,296.19,26478,296.18,33287,296.2,43834,296.21,6101
1753600138272,07:08:58.272,mexc,AAVE/USDT:USDT,296.19,26478,296.18,26532,296.2,43834,296.21,6101
1753600138274,07:08:58.274,mexc,AAVE/USDT:USDT,296.19,26478,296.18,26532,296.2,43834,296.21,6032
1753600138942,07:08:58.942,mexc,AAVE/USDT:USDT,296.19,26478,296.18,26532,296.2,43834,296.21,6032
1753600139071,07:08:59.071,mexc,AAVE/USDT:USDT,296.19,26478,296.18,30628,296.2,43834,296.21,6105
1753600139477,07:08:59.477,mexc,AAVE/USDT:USDT,296.19,26478,296.18,30628,296.2,43834,296.21,6105
1753600139479,07:08:59.479,mexc,AAVE/USDT:USDT,296.19,26478,296.18,26532,296.2,43834,296.21,6032
1753600140271,07:09:00.271,mexc,AAVE/USDT:USDT,296.19,26478,296.18,26532,296.2,43834,296.21,6032
1753600140271,07:09:00.271,mexc,AAVE/USDT:USDT,296.19,26478,296.18,26532,296.2,43834,296.21,6116
1753600140672,07:09:00.672,mexc,AAVE/USDT:USDT,296.19,26478,296.18,26532,296.2,43834,296.21,6032
1753600140673,07:09:00.673,mexc,AAVE/USDT:USDT,296.19,26478,296.18,26532,296.2,43834,296.21,6032
1753600141470,07:09:01.470,mexc,AAVE/USDT:USDT,296.19,26478,296.18,26532,296.2,43834,296.21,6032
1753600141572,07:09:01.572,mexc,AAVE/USDT:USDT,296.21,14466,296.2,10417,296.22,8028,296.23,284
1753600142548,07:09:02.548,mexc,AAVE/USDT:USDT,296.21,14433,296.2,10417,296.22,8028,296.23,284
1753600142715,07:09:02.715,mexc,AAVE/USDT:USDT,296.21,14433,296.2,12335,296.22,8028,296.23,373
1753600143116,07:09:03.116,mexc,AAVE/USDT:USDT,296.21,14433,296.2,10417,296.22,8028,296.23,373
1753600143119,07:09:03.119,mexc,AAVE/USDT:USDT,296.21,14433,296.2,10417,296.22,8028,296.23,284
1753600143457,07:09:03.457,mexc,AAVE/USDT:USDT,296.21,14433,296.2,10417,296.22,8028,296.23,284
1753600143913,07:09:03.913,mexc,AAVE/USDT:USDT,296.21,14433,296.2,14145,296.22,8028,296.23,284
1753600144028,07:09:04.028,mexc,AAVE/USDT:USDT,296.21,14433,296.2,18627,296.22,8028,296.23,319
1753600144316,07:09:04.316,mexc,AAVE/USDT:USDT,296.21,14433,296.2,14899,296.22,8028,296.23,319
1753600144317,07:09:04.317,mexc,AAVE/USDT:USDT,296.21,14433,296.2,10417,296.22,8028,296.23,284
1753600145114,07:09:05.114,mexc,AAVE/USDT:USDT,296.21,14433,296.2,10417,296.22,8028,296.23,399
1753600145114,07:09:05.114,mexc,AAVE/USDT:USDT,296.21,14433,296.2,13306,296.22,8028,296.23,521
1753600145517,07:09:05.517,mexc,AAVE/USDT:USDT,296.21,14433,296.2,13306,296.22,8028,296.23,406
1753600145517,07:09:05.517,mexc,AAVE/USDT:USDT,296.21,14433,296.2,10417,296.22,8028,296.23,284
1753600146313,07:09:06.313,mexc,AAVE/USDT:USDT,296.21,14433,296.2,10417,296.22,8028,296.23,284
1753600146314,07:09:06.314,mexc,AAVE/USDT:USDT,296.21,14433,296.2,10417,296.22,8028,296.23,284
1753600146716,07:09:06.716,mexc,AAVE/USDT:USDT,296.21,14433,296.2,10417,296.22,8028,296.23,284
1753600146716,07:09:06.716,mexc,AAVE/USDT:USDT,296.21,14433,296.2,10417,296.22,8028,296.23,284
1753600146960,07:09:06.960,mexc,AAVE/USDT:USDT,296.21,13333,296.2,10417,296.22,8028,296.23,284
1753600147513,07:09:07.513,mexc,AAVE/USDT:USDT,296.21,13333,296.2,12404,296.22,8028,296.23,284
1753600147592,07:09:07.592,mexc,AAVE/USDT:USDT,296.24,17364,296.23,2374,296.25,7388,296.26,1115
1753600148713,07:09:08.713,mexc,AAVE/USDT:USDT,296.24,17364,296.23,2374,296.25,7388,296.26,1442
1753600148714,07:09:08.714,mexc,AAVE/USDT:USDT,296.24,17364,296.23,2374,296.25,7388,296.26,1977
1753600149116,07:09:09.116,mexc,AAVE/USDT:USDT,296.24,17364,296.23,2374,296.25,7388,296.26,1650
1753600149117,07:09:09.117,mexc,AAVE/USDT:USDT,296.24,17364,296.23,2374,296.25,7388,296.26,1115
1753600149506,07:09:09.506,mexc,AAVE/USDT:USDT,296.24,17364,296.23,2374,296.25,6463,296.26,1115
1753600149915,07:09:09.915,mexc,AAVE/USDT:USDT,296.24,17364,296.23,2374,296.25,6463,296.26,1115
1753600150033,07:09:10.033,mexc,AAVE/USDT:USDT,296.24,17364,296.23,3281,296.25,6463,296.26,1115
1753600150318,07:09:10.318,mexc,AAVE/USDT:USDT,296.24,17364,296.23,3281,296.25,6463,296.26,1115
1753600150318,07:09:10.318,mexc,AAVE/USDT:USDT,296.24,17364,296.23,2374,296.25,6463,296.26,1115
1753600150863,07:09:10.863,mexc,AAVE/USDT:USDT,296.24,16011,296.23,2374,296.25,6463,296.26,1115
1753600151115,07:09:11.115,mexc,AAVE/USDT:USDT,296.24,16011,296.23,2374,296.25,6463,296.26,1464
1753600151116,07:09:11.116,mexc,AAVE/USDT:USDT,296.24,16011,296.23,2374,296.25,6463,296.26,1464
1753600151517,07:09:11.517,mexc,AAVE/USDT:USDT,296.24,16011,296.23,2374,296.25,6463,296.26,1115
1753600152314,07:09:12.314,mexc,AAVE/USDT:USDT,296.24,16011,296.23,2374,296.25,6463,296.26,1115
1753600152314,07:09:12.314,mexc,AAVE/USDT:USDT,296.24,16011,296.23,2374,296.25,6463,296.26,1115
1753600152718,07:09:12.718,mexc,AAVE/USDT:USDT,296.24,16011,296.23,2374,296.25,6463,296.26,1115
1753600152718,07:09:12.718,mexc,AAVE/USDT:USDT,296.24,16011,296.23,2374,296.25,6463,296.26,1115
1753600153519,07:09:13.519,mexc,AAVE/USDT:USDT,296.24,16011,296.23,3313,296.25,6463,296.26,1115
1753600153579,07:09:13.579,mexc,AAVE/USDT:USDT,296.24,13781,296.23,9096,296.25,9927,296.26,14240
1753600154716,07:09:14.716,mexc,AAVE/USDT:USDT,296.24,13781,296.23,9096,296.25,9927,296.26,14240
1753600154717,07:09:14.717,mexc,AAVE/USDT:USDT,296.24,13781,296.23,12119,296.25,9927,296.26,14240
1753600155119,07:09:15.119,mexc,AAVE/USDT:USDT,296.24,13781,296.23,12119,296.25,9927,296.26,14240
1753600155121,07:09:15.121,mexc,AAVE/USDT:USDT,296.24,13781,296.23,9096,296.25,9927,296.26,14240
1753600155463,07:09:15.463,mexc,AAVE/USDT:USDT,296.24,13781,296.23,9096,296.25,9927,296.26,14240
1753600155918,07:09:15.918,mexc,AAVE/USDT:USDT,296.24,13781,296.23,12434,296.25,9927,296.26,14240
1753600156036,07:09:16.036,mexc,AAVE/USDT:USDT,296.24,13781,296.23,12434,296.25,9927,296.26,16332
1753600156319,07:09:16.319,mexc,AAVE/USDT:USDT,296.24,13781,296.23,12434,296.25,9927,296.26,14240
1753600156320,07:09:16.320,mexc,AAVE/USDT:USDT,296.24,13781,296.23,9096,296.25,9927,296.26,14240
1753600157131,07:09:17.131,mexc,AAVE/USDT:USDT,296.24,13781,296.23,12689,296.25,9927,296.26,14240
1753600157132,07:09:17.132,mexc,AAVE/USDT:USDT,296.24,13781,296.23,12689,296.25,9927,296.26,14240
1753600157523,07:09:17.523,mexc,AAVE/USDT:USDT,296.24,13781,296.23,9096,296.25,9927,296.26,14240
1753600158317,07:09:18.317,mexc,AAVE/USDT:USDT,296.24,13781,296.23,9096,296.25,9927,296.26,14240
1753600158317,07:09:18.317,mexc,AAVE/USDT:USDT,296.24,13781,296.23,12803,296.25,9927,296.26,14240
1753600158720,07:09:18.720,mexc,AAVE/USDT:USDT,296.24,13781,296.23,12803,296.25,9927,296.26,14240
1753600158721,07:09:18.721,mexc,AAVE/USDT:USDT,296.24,13781,296.23,9096,296.25,9927,296.26,14240
1753600159149,07:09:19.149,mexc,AAVE/USDT:USDT,296.24,13781,296.23,9096,296.25,9927,296.26,14240
1753600159162,07:09:19.162,mexc,AAVE/USDT:USDT,296.18,10529,296.17,24038,296.19,30066,296.2,22141
1753600159519,07:09:19.519,mexc,AAVE/USDT:USDT,296.18,10529,296.17,24070,296.19,30066,296.2,22141
1753600159921,07:09:19.921,mexc,AAVE/USDT:USDT,296.18,10529,296.17,24038,296.19,30066,296.2,22141
1753600160517,07:09:20.517,mexc,AAVE/USDT:USDT,296.18,10529,296.17,24038,296.19,30066,296.2,22141
1753600160718,07:09:20.718,mexc,AAVE/USDT:USDT,296.18,10529,296.17,24038,296.19,30066,296.2,22141
1753600160718,07:09:20.718,mexc,AAVE/USDT:USDT,296.18,10529,296.17,24038,296.19,30066,296.2,22141
1753600161121,07:09:21.121,mexc,AAVE/USDT:USDT,296.18,10529,296.17,24038,296.19,30066,296.2,22141
1753600161121,07:09:21.121,mexc,AAVE/USDT:USDT,296.18,10529,296.17,24038,296.19,30066,296.2,22141
1753600161919,07:09:21.919,mexc,AAVE/USDT:USDT,296.18,10529,296.17,24038,296.19,30066,296.2,22141
1753600162039,07:09:22.039,mexc,AAVE/USDT:USDT,296.18,10529,296.17,24038,296.19,30066,296.2,33183
1753600162322,07:09:22.322,mexc,AAVE/USDT:USDT,296.18,10529,296.17,24038,296.19,30066,296.2,28872
1753600162322,07:09:22.322,mexc,AAVE/USDT:USDT,296.18,10529,296.17,24038,296.19,30066,296.2,22141
1753600163120,07:09:23.120,mexc,AAVE/USDT:USDT,296.18,10529,296.17,24038,296.19,30066,296.2,22141
1753600163120,07:09:23.120,mexc,AAVE/USDT:USDT,296.18,10529,296.17,24038,296.19,30066,296.2,22141
1753600163522,07:09:23.522,mexc,AAVE/USDT:USDT,296.18,10529,296.17,24038,296.19,30066,296.2,22141
1753600164320,07:09:24.320,mexc,AAVE/USDT:USDT,296.18,10529,296.17,24038,296.19,30066,296.2,22141
1753600164321,07:09:24.321,mexc,AAVE/USDT:USDT,296.18,10529,296.17,24038,296.19,30066,296.2,33990
1753600164578,07:09:24.578,mexc,AAVE/USDT:USDT,296.18,13087,296.17,92,296.19,19042,296.2,18559
1753600165519,07:09:25.519,mexc,AAVE/USDT:USDT,296.18,13087,296.17,92,296.19,19042,296.2,18559
1753600165519,07:09:25.519,mexc,AAVE/USDT:USDT,296.18,13087,296.17,92,296.19,19042,296.2,25980
1753600165921,07:09:25.921,mexc,AAVE/USDT:USDT,296.18,13087,296.17,92,296.19,19042,296.2,25980
1753600165922,07:09:25.922,mexc,AAVE/USDT:USDT,296.18,13087,296.17,92,296.19,19042,296.2,18559
1753600166520,07:09:26.520,mexc,AAVE/USDT:USDT,296.18,13087,296.17,92,296.19,19042,296.2,18559
1753600166719,07:09:26.719,mexc,AAVE/USDT:USDT,296.18,13087,296.17,92,296.19,19042,296.2,18559
1753600166720,07:09:26.720,mexc,AAVE/USDT:USDT,296.18,13087,296.17,92,296.19,19042,296.2,18559
1753600167124,07:09:27.124,mexc,AAVE/USDT:USDT,296.18,13087,296.17,92,296.19,19042,296.2,18559
1753600167124,07:09:27.124,mexc,AAVE/USDT:USDT,296.18,13087,296.17,92,296.19,19042,296.2,18559
1753600167919,07:09:27.919,mexc,AAVE/USDT:USDT,296.18,13087,296.17,92,296.19,19042,296.2,18559
1753600168116,07:09:28.116,mexc,AAVE/USDT:USDT,296.18,13087,296.17,128,296.19,19042,296.2,18559
1753600168323,07:09:28.323,mexc,AAVE/USDT:USDT,296.18,13087,296.17,128,296.19,19042,296.2,18559
1753600168323,07:09:28.323,mexc,AAVE/USDT:USDT,296.18,13087,296.17,92,296.19,19042,296.2,18559
1753600169120,07:09:29.120,mexc,AAVE/USDT:USDT,296.18,13087,296.17,92,296.19,19042,296.2,22409
1753600169120,07:09:29.120,mexc,AAVE/USDT:USDT,296.18,13087,296.17,92,296.19,19042,296.2,22409
1753600169524,07:09:29.524,mexc,AAVE/USDT:USDT,296.18,13087,296.17,92,296.19,19042,296.2,22409
1753600169524,07:09:29.524,mexc,AAVE/USDT:USDT,296.18,13087,296.17,92,296.19,19042,296.2,18559
1753600170319,07:09:30.319,mexc,AAVE/USDT:USDT,296.18,13087,296.17,92,296.19,19042,296.2,18559
1753600170320,07:09:30.320,mexc,AAVE/USDT:USDT,296.18,13087,296.17,92,296.19,19042,296.2,18559
1753600170632,07:09:30.632,mexc,AAVE/USDT:USDT,296.18,18592,296.17,15698,296.19,3803,296.2,215
1753600171076,07:09:31.076,mexc,AAVE/USDT:USDT,296.18,18592,296.17,15698,296.19,3803,296.2,215
1753600171087,07:09:31.087,mexc,AAVE/USDT:USDT,296.25,23085,296.24,11857,296.26,17595,296.27,33878
1753600171524,07:09:31.524,mexc,AAVE/USDT:USDT,296.25,23085,296.24,11857,296.26,17595,296.27,33878
1753600171525,07:09:31.525,mexc,AAVE/USDT:USDT,296.25,23085,296.24,11857,296.26,17595,296.27,33962
1753600171922,07:09:31.922,mexc,AAVE/USDT:USDT,296.25,23085,296.24,11857,296.26,17595,296.27,33878
1753600172524,07:09:32.524,mexc,AAVE/USDT:USDT,296.25,23085,296.24,11857,296.26,17595,296.27,33878
1753600172721,07:09:32.721,mexc,AAVE/USDT:USDT,296.25,23085,296.24,11857,296.26,17595,296.27,34066
1753600173124,07:09:33.124,mexc,AAVE/USDT:USDT,296.25,23085,296.24,11857,296.26,17595,296.27,33982
1753600173126,07:09:33.126,mexc,AAVE/USDT:USDT,296.25,23085,296.24,11857,296.26,17595,296.27,33878
1753600173922,07:09:33.922,mexc,AAVE/USDT:USDT,296.25,23085,296.24,11857,296.26,17595,296.27,33878
1753600174115,07:09:34.115,mexc,AAVE/USDT:USDT,296.25,23085,296.24,11857,296.26,17595,296.27,33966
1753600174325,07:09:34.325,mexc,AAVE/USDT:USDT,296.25,23085,296.24,11857,296.26,17595,296.27,33966
1753600174325,07:09:34.325,mexc,AAVE/USDT:USDT,296.25,23085,296.24,11857,296.26,17595,296.27,33878
1753600175122,07:09:35.122,mexc,AAVE/USDT:USDT,296.25,23085,296.24,11857,296.26,17595,296.27,33878
1753600175122,07:09:35.122,mexc,AAVE/USDT:USDT,296.25,23085,296.24,17674,296.26,17595,296.27,33964
1753600175525,07:09:35.525,mexc,AAVE/USDT:USDT,296.25,23085,296.24,11857,296.26,17595,296.27,33878
1753600176321,07:09:36.321,mexc,AAVE/USDT:USDT,296.25,23085,296.24,11857,296.26,17595,296.27,33909
1753600176321,07:09:36.321,mexc,AAVE/USDT:USDT,296.25,23085,296.24,11857,296.26,17595,296.27,33996
1753600176632,07:09:36.632,mexc,AAVE/USDT:USDT,296.22,27372,296.21,25719,296.23,2670,296.24,292
1753600177523,07:09:37.523,mexc,AAVE/USDT:USDT,296.22,27372,296.21,25719,296.23,2670,296.24,292
1753600177523,07:09:37.523,mexc,AAVE/USDT:USDT,296.22,27372,296.21,25719,296.23,2670,296.24,292
1753600177925,07:09:37.925,mexc,AAVE/USDT:USDT,296.22,27372,296.21,25719,296.23,2670,296.24,292
1753600177925,07:09:37.925,mexc,AAVE/USDT:USDT,296.22,27372,296.21,25719,296.23,2670,296.24,292
1753600178526,07:09:38.526,mexc,AAVE/USDT:USDT,296.22,27372,296.21,25719,296.23,2670,296.24,292
1753600178722,07:09:38.722,mexc,AAVE/USDT:USDT,296.22,27372,296.21,25719,296.23,2670,296.24,292
1753600179125,07:09:39.125,mexc,AAVE/USDT:USDT,296.22,27372,296.21,25719,296.23,2670,296.24,292
1753600179125,07:09:39.125,mexc,AAVE/USDT:USDT,296.22,27372,296.21,25719,296.23,2670,296.24,292
1753600179553,07:09:39.553,mexc,AAVE/USDT:USDT,296.22,27372,296.21,25719,296.23,2370,296.24,292
1753600179925,07:09:39.925,mexc,AAVE/USDT:USDT,296.22,27372,296.21,25719,296.23,2370,296.24,292
1753600180117,07:09:40.117,mexc,AAVE/USDT:USDT,296.22,27372,296.21,32991,296.23,2370,296.24,292
1753600180326,07:09:40.326,mexc,AAVE/USDT:USDT,296.22,27372,296.21,25719,296.23,2370,296.24,292
1753600181122,07:09:41.122,mexc,AAVE/USDT:USDT,296.22,27372,296.21,25719,296.23,2370,296.24,292
1753600181123,07:09:41.123,mexc,AAVE/USDT:USDT,296.22,27372,296.21,36218,296.23,2370,296.24,365
1753600181526,07:09:41.526,mexc,AAVE/USDT:USDT,296.22,27372,296.21,36218,296.23,2370,296.24,365
1753600181526,07:09:41.526,mexc,AAVE/USDT:USDT,296.22,27372,296.21,25719,296.23,2370,296.24,292
1753600182322,07:09:42.322,mexc,AAVE/USDT:USDT,296.22,27372,296.21,25719,296.23,2370,296.24,292
1753600182384,07:09:42.384,mexc,AAVE/USDT:USDT,296.22,27372,296.21,25719,296.23,2370,296.24,334
1753600182636,07:09:42.636,mexc,AAVE/USDT:USDT,296.2,63516,296.19,47741,296.21,2888,296.22,101
1753600183525,07:09:43.525,mexc,AAVE/USDT:USDT,296.2,63516,296.19,47741,296.21,2888,296.22,101
1753600183527,07:09:43.527,mexc,AAVE/USDT:USDT,296.2,63516,296.19,47741,296.21,2888,296.22,101
1753600183926,07:09:43.926,mexc,AAVE/USDT:USDT,296.2,63516,296.19,47741,296.21,2888,296.22,101
1753600183928,07:09:43.928,mexc,AAVE/USDT:USDT,296.2,63516,296.19,47741,296.21,2888,296.22,101
1753600184526,07:09:44.526,mexc,AAVE/USDT:USDT,296.2,63516,296.19,47741,296.21,2888,296.22,101
1753600184724,07:09:44.724,mexc,AAVE/USDT:USDT,296.2,63516,296.19,47741,296.21,2888,296.22,133
1753600185130,07:09:45.130,mexc,AAVE/USDT:USDT,296.2,63516,296.19,47741,296.21,2888,296.22,133
1753600185130,07:09:45.130,mexc,AAVE/USDT:USDT,296.2,63516,296.19,47741,296.21,2888,296.22,101
1753600185925,07:09:45.925,mexc,AAVE/USDT:USDT,296.2,63516,296.19,47741,296.21,2888,296.22,101
1753600186125,07:09:46.125,mexc,AAVE/USDT:USDT,296.2,63516,296.19,47741,296.21,2888,296.22,101
1753600186329,07:09:46.329,mexc,AAVE/USDT:USDT,296.2,63516,296.19,47741,296.21,2888,296.22,101
1753600186330,07:09:46.330,mexc,AAVE/USDT:USDT,296.2,63516,296.19,47741,296.21,2888,296.22,101
1753600187127,07:09:47.127,mexc,AAVE/USDT:USDT,296.2,63516,296.19,66994,296.21,2888,296.22,101
1753600187127,07:09:47.127,mexc,AAVE/USDT:USDT,296.2,63516,296.19,89542,296.21,2888,296.22,101
1753600187528,07:09:47.528,mexc,AAVE/USDT:USDT,296.2,63516,296.19,70289,296.21,2888,296.22,101
1753600187529,07:09:47.529,mexc,AAVE/USDT:USDT,296.2,63516,296.19,47741,296.21,2888,296.22,101
1753600188325,07:09:48.325,mexc,AAVE/USDT:USDT,296.2,63516,296.19,47741,296.21,2888,296.22,101
1753600188325,07:09:48.325,mexc,AAVE/USDT:USDT,296.2,63516,296.19,47741,296.21,2888,296.22,101
1753600188634,07:09:48.634,mexc,AAVE/USDT:USDT,296.2,10975,296.19,691,296.21,4523,296.22,5822
1753600189527,07:09:49.527,mexc,AAVE/USDT:USDT,296.2,10975,296.19,691,296.21,4523,296.22,5822
1753600189528,07:09:49.528,mexc,AAVE/USDT:USDT,296.2,10975,296.19,691,296.21,4523,296.22,5822
1753600189930,07:09:49.930,mexc,AAVE/USDT:USDT,296.2,10975,296.19,691,296.21,4523,296.22,5822
1753600189931,07:09:49.931,mexc,AAVE/USDT:USDT,296.2,10975,296.19,691,296.21,4523,296.22,5822
1753600190533,07:09:50.533,mexc,AAVE/USDT:USDT,296.2,10975,296.19,691,296.21,4523,296.22,5822
1753600190725,07:09:50.725,mexc,AAVE/USDT:USDT,296.2,10975,296.19,691,296.21,4523,296.22,5822
1753600191129,07:09:51.129,mexc,AAVE/USDT:USDT,296.2,10975,296.19,691,296.21,4523,296.22,5822
1753600191129,07:09:51.129,mexc,AAVE/USDT:USDT,296.2,10975,296.19,691,296.21,4523,296.22,5822
1753600191926,07:09:51.926,mexc,AAVE/USDT:USDT,296.2,10975,296.19,691,296.21,4523,296.22,5822
1753600191926,07:09:51.926,mexc,AAVE/USDT:USDT,296.2,10975,296.19,691,296.21,4523,296.22,8520
1753600192154,07:09:52.154,mexc,AAVE/USDT:USDT,296.2,10975,296.19,691,296.21,4523,296.22,8520
1753600192330,07:09:52.330,mexc,AAVE/USDT:USDT,296.2,10975,296.19,691,296.21,4523,296.22,5822
1753600193128,07:09:53.128,mexc,AAVE/USDT:USDT,296.2,10975,296.19,691,296.21,4523,296.22,5822
1753600193129,07:09:53.129,mexc,AAVE/USDT:USDT,296.2,10975,296.19,691,296.21,4523,296.22,11119
1753600193530,07:09:53.530,mexc,AAVE/USDT:USDT,296.2,10975,296.19,691,296.21,4523,296.22,11119
1753600193530,07:09:53.530,mexc,AAVE/USDT:USDT,296.2,10975,296.19,691,296.21,4523,296.22,5822
1753600194327,07:09:54.327,mexc,AAVE/USDT:USDT,296.2,10975,296.19,691,296.21,4523,296.22,5822
1753600194328,07:09:54.328,mexc,AAVE/USDT:USDT,296.2,10975,296.19,691,296.21,4523,296.22,8058
1753600194638,07:09:54.638,mexc,AAVE/USDT:USDT,296.2,19486,296.19,10798,296.21,4925,296.22,97
1753600195529,07:09:55.529,mexc,AAVE/USDT:USDT,296.2,19486,296.19,10798,296.21,4925,296.22,97
1753600195529,07:09:55.529,mexc,AAVE/USDT:USDT,296.2,19486,296.19,10798,296.21,4925,296.22,97
1753600195931,07:09:55.931,mexc,AAVE/USDT:USDT,296.2,19486,296.19,10798,296.21,4925,296.22,97
1753600195932,07:09:55.932,mexc,AAVE/USDT:USDT,296.2,19486,296.19,10798,296.21,4925,296.22,97
1753600196536,07:09:56.536,mexc,AAVE/USDT:USDT,296.2,19486,296.19,10798,296.21,4925,296.22,97
1753600196727,07:09:56.727,mexc,AAVE/USDT:USDT,296.2,19486,296.19,10798,296.21,4925,296.22,109
1753600197130,07:09:57.130,mexc,AAVE/USDT:USDT,296.2,19486,296.19,10798,296.21,4925,296.22,109
1753600197131,07:09:57.131,mexc,AAVE/USDT:USDT,296.2,19486,296.19,10798,296.21,4925,296.22,97
1753600197591,07:09:57.591,mexc,AAVE/USDT:USDT,296.2,19486,296.19,10798,296.21,3745,296.22,97
1753600197927,07:09:57.927,mexc,AAVE/USDT:USDT,296.2,19486,296.19,10798,296.21,3745,296.22,97
1753600197927,07:09:57.927,mexc,AAVE/USDT:USDT,296.2,19486,296.19,10798,296.21,3745,296.22,97
1753600198313,07:09:58.313,mexc,AAVE/USDT:USDT,296.2,19486,296.19,10798,296.21,3745,296.22,97
1753600198331,07:09:58.331,mexc,AAVE/USDT:USDT,296.2,19486,296.19,10798,296.21,3745,296.22,97
1753600199130,07:09:59.130,mexc,AAVE/USDT:USDT,296.2,19486,296.19,10798,296.21,3745,296.22,97
1753600199130,07:09:59.130,mexc,AAVE/USDT:USDT,296.2,19486,296.19,12707,296.21,3745,296.22,110
1753600199533,07:09:59.533,mexc,AAVE/USDT:USDT,296.2,19486,296.19,12707,296.21,3745,296.22,110
1753600199533,07:09:59.533,mexc,AAVE/USDT:USDT,296.2,19486,296.19,10798,296.21,3745,296.22,97
1753600200329,07:10:00.329,mexc,AAVE/USDT:USDT,296.2,19486,296.19,14794,296.21,3745,296.22,97
1753600200329,07:10:00.329,mexc,AAVE/USDT:USDT,296.2,19486,296.19,18974,296.21,3745,296.22,97
1753600200806,07:10:00.806,mexc,AAVE/USDT:USDT,296.21,37397,296.2,31759,296.22,3381,296.23,167
1753600201528,07:10:01.528,mexc,AAVE/USDT:USDT,296.21,37397,296.2,31759,296.22,3381,296.23,167
1753600201529,07:10:01.529,mexc,AAVE/USDT:USDT,296.21,37397,296.2,31759,296.22,3381,296.23,167
1753600201934,07:10:01.934,mexc,AAVE/USDT:USDT,296.21,37397,296.2,31759,296.22,3381,296.23,167
1753600201934,07:10:01.934,mexc,AAVE/USDT:USDT,296.21,37397,296.2,31759,296.22,3381,296.23,167
1753600202541,07:10:02.541,mexc,AAVE/USDT:USDT,296.21,37397,296.2,31759,296.22,3381,296.23,167
1753600202730,07:10:02.730,mexc,AAVE/USDT:USDT,296.21,37397,296.2,31759,296.22,3381,296.23,167
1753600203133,07:10:03.133,mexc,AAVE/USDT:USDT,296.21,37397,296.2,31759,296.22,3381,296.23,167
1753600203133,07:10:03.133,mexc,AAVE/USDT:USDT,296.21,37397,296.2,31759,296.22,3381,296.23,167
1753600203929,07:10:03.929,mexc,AAVE/USDT:USDT,296.21,37397,296.2,31759,296.22,3381,296.23,167
1753600203929,07:10:03.929,mexc,AAVE/USDT:USDT,296.21,37397,296.2,44497,296.22,3381,296.23,241
1753600204331,07:10:04.331,mexc,AAVE/USDT:USDT,296.21,37397,296.2,44497,296.22,3381,296.23,241
1753600204332,07:10:04.332,mexc,AAVE/USDT:USDT,296.21,37397,296.2,31759,296.22,3381,296.23,167
1753600205129,07:10:05.129,mexc,AAVE/USDT:USDT,296.21,37397,296.2,36780,296.22,3381,296.23,167
1753600205129,07:10:05.129,mexc,AAVE/USDT:USDT,296.21,37397,296.2,36780,296.22,3381,296.23,167
1753600205534,07:10:05.534,mexc,AAVE/USDT:USDT,296.21,37397,296.2,36780,296.22,3381,296.23,167
1753600205534,07:10:05.534,mexc,AAVE/USDT:USDT,296.21,37397,296.2,31759,296.22,3381,296.23,167
1753600206328,07:10:06.328,mexc,AAVE/USDT:USDT,296.21,37397,296.2,43282,296.22,3381,296.23,167
1753600206328,07:10:06.328,mexc,AAVE/USDT:USDT,296.21,37397,296.2,43282,296.22,3381,296.23,167
1753600206716,07:10:06.716,mexc,AAVE/USDT:USDT,296.21,18504,296.2,15786,296.22,8867,296.23,194
1753600207530,07:10:07.530,mexc,AAVE/USDT:USDT,296.21,18504,296.2,18150,296.22,8867,296.23,194
1753600207530,07:10:07.530,mexc,AAVE/USDT:USDT,296.21,18504,296.2,18150,296.22,8867,296.23,194
1753600207932,07:10:07.932,mexc,AAVE/USDT:USDT,296.21,18504,296.2,15786,296.22,8867,296.23,194
1753600207932,07:10:07.932,mexc,AAVE/USDT:USDT,296.21,18504,296.2,15786,296.22,8867,296.23,194
1753600208541,07:10:08.541,mexc,AAVE/USDT:USDT,296.21,18504,296.2,15786,296.22,8867,296.23,194
1753600208730,07:10:08.730,mexc,AAVE/USDT:USDT,296.21,18504,296.2,20433,296.22,8867,296.23,194
1753600209132,07:10:09.132,mexc,AAVE/USDT:USDT,296.21,18504,296.2,20433,296.22,8867,296.23,194
1753600209132,07:10:09.132,mexc,AAVE/USDT:USDT,296.21,18504,296.2,15786,296.22,8867,296.23,194
1753600209930,07:10:09.930,mexc,AAVE/USDT:USDT,296.21,18504,296.2,15786,296.22,8867,296.23,194
1753600210128,07:10:10.128,mexc,AAVE/USDT:USDT,296.21,18504,296.2,20905,296.22,8867,296.23,194
1753600210139,07:10:10.139,mexc,AAVE/USDT:USDT,296.21,18504,296.2,20905,296.22,8867,296.23,194
1753600210333,07:10:10.333,mexc,AAVE/USDT:USDT,296.21,18504,296.2,15786,296.22,8867,296.23,194
1753600211129,07:10:11.129,mexc,AAVE/USDT:USDT,296.21,18504,296.2,15786,296.22,8867,296.23,194
1753600211129,07:10:11.129,mexc,AAVE/USDT:USDT,296.21,18504,296.2,15786,296.22,8867,296.23,194
1753600211534,07:10:11.534,mexc,AAVE/USDT:USDT,296.21,18504,296.2,15786,296.22,8867,296.23,194
1753600211534,07:10:11.534,mexc,AAVE/USDT:USDT,296.21,18504,296.2,15786,296.22,8867,296.23,194
1753600212330,07:10:12.330,mexc,AAVE/USDT:USDT,296.21,18504,296.2,15786,296.22,8867,296.23,194
1753600212330,07:10:12.330,mexc,AAVE/USDT:USDT,296.21,18504,296.2,19477,296.22,8867,296.23,244
1753600212650,07:10:12.650,mexc,AAVE/USDT:USDT,296.21,18273,296.2,5380,296.22,6060,296.23,113
1753600213531,07:10:13.531,mexc,AAVE/USDT:USDT,296.21,18273,296.2,5380,296.22,6060,296.23,129
1753600213531,07:10:13.531,mexc,AAVE/USDT:USDT,296.21,18273,296.2,6264,296.22,6060,296.23,129
1753600213936,07:10:13.936,mexc,AAVE/USDT:USDT,296.21,18273,296.2,6264,296.22,6060,296.23,113
1753600213937,07:10:13.937,mexc,AAVE/USDT:USDT,296.21,18273,296.2,5380,296.22,6060,296.23,113
1753600214546,07:10:14.546,mexc,AAVE/USDT:USDT,296.21,18273,296.2,5380,296.22,6060,296.23,113
1753600214731,07:10:14.731,mexc,AAVE/USDT:USDT,296.21,18273,296.2,5380,296.22,6060,296.23,157
1753600214821,07:10:14.821,mexc,AAVE/USDT:USDT,296.21,18273,296.2,5380,296.22,6040,296.23,157
1753600215134,07:10:15.134,mexc,AAVE/USDT:USDT,296.21,18273,296.2,5380,296.22,6040,296.23,113
1753600215932,07:10:15.932,mexc,AAVE/USDT:USDT,296.21,18273,296.2,7794,296.22,6040,296.23,113
1753600216131,07:10:16.131,mexc,AAVE/USDT:USDT,296.21,18273,296.2,7794,296.22,6040,296.23,113
1753600216335,07:10:16.335,mexc,AAVE/USDT:USDT,296.21,18273,296.2,5380,296.22,6040,296.23,113
1753600216939,07:10:16.939,mexc,AAVE/USDT:USDT,296.21,18273,296.2,5380,296.22,5749,296.23,113
1753600217131,07:10:17.131,mexc,AAVE/USDT:USDT,296.21,18273,296.2,5380,296.22,5749,296.23,113
1753600217537,07:10:17.537,mexc,AAVE/USDT:USDT,296.21,18273,296.2,5380,296.22,5749,296.23,113
1753600217538,07:10:17.538,mexc,AAVE/USDT:USDT,296.21,18273,296.2,5380,296.22,5749,296.23,113
1753600218332,07:10:18.332,mexc,AAVE/USDT:USDT,296.21,18273,296.2,5380,296.22,5749,296.23,113
1753600218332,07:10:18.332,mexc,AAVE/USDT:USDT,296.21,18273,296.2,5380,296.22,5749,296.23,113
1753600218646,07:10:18.646,mexc,AAVE/USDT:USDT,296.21,13078,296.2,5407,296.22,8836,296.23,85
1753600219532,07:10:19.532,mexc,AAVE/USDT:USDT,296.21,13078,296.2,5407,296.22,8836,296.23,106
1753600219533,07:10:19.533,mexc,AAVE/USDT:USDT,296.21,13078,296.2,7421,296.22,8836,296.23,106
1753600219945,07:10:19.945,mexc,AAVE/USDT:USDT,296.21,13078,296.2,5407,296.22,8836,296.23,106
1753600219945,07:10:19.945,mexc,AAVE/USDT:USDT,296.21,13078,296.2,5407,296.22,8836,296.23,85
1753600220552,07:10:20.552,mexc,AAVE/USDT:USDT,296.21,13078,296.2,5407,296.22,8836,296.23,85
1753600220732,07:10:20.732,mexc,AAVE/USDT:USDT,296.21,13078,296.2,5407,296.22,8836,296.23,85
1753600221135,07:10:21.135,mexc,AAVE/USDT:USDT,296.21,13078,296.2,5407,296.22,8836,296.23,85
1753600221135,07:10:21.135,mexc,AAVE/USDT:USDT,296.21,13078,296.2,5407,296.22,8836,296.23,85
1753600221932,07:10:21.932,mexc,AAVE/USDT:USDT,296.21,13078,296.2,5407,296.22,8836,296.23,85
1753600221933,07:10:21.933,mexc,AAVE/USDT:USDT,296.21,13078,296.2,5407,296.22,8836,296.23,85
1753600222336,07:10:22.336,mexc,AAVE/USDT:USDT,296.21,13078,296.2,5407,296.22,8836,296.23,85
1753600222337,07:10:22.337,mexc,AAVE/USDT:USDT,296.21,13078,296.2,5407,296.22,8836,296.23,85
1753600223134,07:10:23.134,mexc,AAVE/USDT:USDT,296.21,13078,296.2,7559,296.22,8836,296.23,85
1753600223136,07:10:23.136,mexc,AAVE/USDT:USDT,296.21,13078,296.2,7559,296.22,8836,296.23,121
1753600223538,07:10:23.538,mexc,AAVE/USDT:USDT,296.21,13078,296.2,5407,296.22,8836,296.23,121
1753600223540,07:10:23.540,mexc,AAVE/USDT:USDT,296.21,13078,296.2,5407,296.22,8836,296.23,85
1753600224333,07:10:24.333,mexc,AAVE/USDT:USDT,296.21,13078,296.2,5407,296.22,8836,296.23,85
1753600224333,07:10:24.333,mexc,AAVE/USDT:USDT,296.21,13078,296.2,5407,296.22,8836,296.23,85
1753600224651,07:10:24.651,mexc,AAVE/USDT:USDT,296.25,25659,296.24,27006,296.26,98,296.27,3210
1753600225533,07:10:25.533,mexc,AAVE/USDT:USDT,296.25,25659,296.24,27006,296.26,98,296.27,3210
1753600225533,07:10:25.533,mexc,AAVE/USDT:USDT,296.25,25659,296.24,27006,296.26,98,296.27,3210
1753600225935,07:10:25.935,mexc,AAVE/USDT:USDT,296.25,25659,296.24,27006,296.26,98,296.27,3210
1753600225936,07:10:25.936,mexc,AAVE/USDT:USDT,296.25,25659,296.24,27006,296.26,98,296.27,3210
1753600226555,07:10:26.555,mexc,AAVE/USDT:USDT,296.25,25659,296.24,27006,296.26,98,296.27,3210
1753600226734,07:10:26.734,mexc,AAVE/USDT:USDT,296.25,25659,296.24,27006,296.26,98,296.27,4391
1753600227137,07:10:27.137,mexc,AAVE/USDT:USDT,296.25,25659,296.24,27006,296.26,98,296.27,4391
1753600227231,07:10:27.231,mexc,AAVE/USDT:USDT,296.19,7252,296.18,18254,296.2,12846,296.21,23928
1753600227934,07:10:27.934,mexc,AAVE/USDT:USDT,296.19,7252,296.18,18254,296.2,12846,296.21,23928
1753600227934,07:10:27.934,mexc,AAVE/USDT:USDT,296.19,7252,296.18,18254,296.2,12846,296.21,26493
1753600228337,07:10:28.337,mexc,AAVE/USDT:USDT,296.19,7252,296.18,18254,296.2,12846,296.21,26493
1753600228338,07:10:28.338,mexc,AAVE/USDT:USDT,296.19,7252,296.18,18254,296.2,12846,296.21,23928
1753600229133,07:10:29.133,mexc,AAVE/USDT:USDT,296.19,7252,296.18,18254,296.2,12846,296.21,23928
1753600229136,07:10:29.136,mexc,AAVE/USDT:USDT,296.19,7252,296.18,18254,296.2,12846,296.21,23928
1753600229537,07:10:29.537,mexc,AAVE/USDT:USDT,296.19,7252,296.18,18254,296.2,12846,296.21,23928
1753600229538,07:10:29.538,mexc,AAVE/USDT:USDT,296.19,7252,296.18,18254,296.2,12846,296.21,23928
1753600230334,07:10:30.334,mexc,AAVE/USDT:USDT,296.19,7252,296.18,18254,296.2,12846,296.21,34013
1753600230431,07:10:30.431,mexc,AAVE/USDT:USDT,296.19,7252,296.18,18254,296.2,11159,296.21,34013
1753600230729,07:10:30.729,mexc,AAVE/USDT:USDT,296.25,13093,296.24,96151,296.26,98,296.27,3210
1753600231055,07:10:31.055,mexc,AAVE/USDT:USDT,296.31,1763,296.3,61861,296.32,10469,296.33,19396
1753600231534,07:10:31.534,mexc,AAVE/USDT:USDT,296.31,1763,296.3,61861,296.32,10469,296.33,19396
1753600231534,07:10:31.534,mexc,AAVE/USDT:USDT,296.31,1763,296.3,61861,296.32,10469,296.33,20234
1753600231938,07:10:31.938,mexc,AAVE/USDT:USDT,296.31,1763,296.3,61861,296.32,10469,296.33,20234
1753600231938,07:10:31.938,mexc,AAVE/USDT:USDT,296.31,1763,296.3,61861,296.32,10469,296.33,19396
1753600232555,07:10:32.555,mexc,AAVE/USDT:USDT,296.31,1763,296.3,61861,296.32,10469,296.33,19396
1753600232734,07:10:32.734,mexc,AAVE/USDT:USDT,296.31,1763,296.3,105466,296.32,10469,296.33,20023
1753600233138,07:10:33.138,mexc,AAVE/USDT:USDT,296.31,1763,296.3,89806,296.32,10469,296.33,20023
1753600233228,07:10:33.228,mexc,AAVE/USDT:USDT,296.31,1763,296.3,61861,296.32,10469,296.33,19396
1753600233935,07:10:33.935,mexc,AAVE/USDT:USDT,296.31,1763,296.3,61861,296.32,10469,296.33,19396
1753600234008,07:10:34.008,mexc,AAVE/USDT:USDT,296.31,1649,296.3,61861,296.32,10469,296.33,20201
1753600234339,07:10:34.339,mexc,AAVE/USDT:USDT,296.31,1649,296.3,61861,296.32,10469,296.33,20201
1753600234340,07:10:34.340,mexc,AAVE/USDT:USDT,296.31,1649,296.3,61861,296.32,10469,296.33,19396
1753600235134,07:10:35.134,mexc,AAVE/USDT:USDT,296.31,1649,296.3,61861,296.32,10469,296.33,19396
1753600235135,07:10:35.135,mexc,AAVE/USDT:USDT,296.31,1649,296.3,73973,296.32,10469,296.33,19396
1753600235537,07:10:35.537,mexc,AAVE/USDT:USDT,296.31,1349,296.3,73973,296.32,10469,296.33,19396
1753600235537,07:10:35.537,mexc,AAVE/USDT:USDT,296.31,1349,296.3,61861,296.32,10469,296.33,19396
1753600236334,07:10:36.334,mexc,AAVE/USDT:USDT,296.31,1349,296.3,61861,296.32,10469,296.33,19396
1753600236335,07:10:36.335,mexc,AAVE/USDT:USDT,296.31,1349,296.3,88095,296.32,10469,296.33,19396
1753600236653,07:10:36.653,mexc,AAVE/USDT:USDT,296.31,438,296.3,3626,296.32,17796,296.33,3719
1753600237534,07:10:37.534,mexc,AAVE/USDT:USDT,296.31,438,296.3,3626,296.32,17796,296.33,5314
1753600237535,07:10:37.535,mexc,AAVE/USDT:USDT,296.31,438,296.3,3626,296.32,17796,296.33,5314
1753600237938,07:10:37.938,mexc,AAVE/USDT:USDT,296.31,438,296.3,3626,296.32,17796,296.33,3719
1753600237939,07:10:37.939,mexc,AAVE/USDT:USDT,296.31,438,296.3,3626,296.32,17796,296.33,3719
1753600238325,07:10:38.325,mexc,AAVE/USDT:USDT,296.31,438,296.3,3626,296.32,17796,296.33,3719
1753600238734,07:10:38.734,mexc,AAVE/USDT:USDT,296.31,438,296.3,3626,296.32,17796,296.33,3719
1753600238735,07:10:38.735,mexc,AAVE/USDT:USDT,296.31,438,296.3,3626,296.32,17796,296.33,3719
1753600239138,07:10:39.138,mexc,AAVE/USDT:USDT,296.31,438,296.3,3626,296.32,17796,296.33,3719
1753600239138,07:10:39.138,mexc,AAVE/USDT:USDT,296.31,438,296.3,3626,296.32,17796,296.33,3719
1753600239935,07:10:39.935,mexc,AAVE/USDT:USDT,296.31,438,296.3,3626,296.32,17796,296.33,3719
1753600239936,07:10:39.936,mexc,AAVE/USDT:USDT,296.31,438,296.3,4660,296.32,17796,296.33,3719
1753600240341,07:10:40.341,mexc,AAVE/USDT:USDT,296.31,438,296.3,4660,296.32,17796,296.33,3719
1753600240342,07:10:40.342,mexc,AAVE/USDT:USDT,296.31,438,296.3,3626,296.32,17796,296.33,3719
1753600241134,07:10:41.134,mexc,AAVE/USDT:USDT,296.31,438,296.3,3626,296.32,17796,296.33,3719
1753600241136,07:10:41.136,mexc,AAVE/USDT:USDT,296.31,438,296.3,3626,296.32,17796,296.33,3719
1753600241539,07:10:41.539,mexc,AAVE/USDT:USDT,296.31,438,296.3,3626,296.32,17796,296.33,3719
1753600241539,07:10:41.539,mexc,AAVE/USDT:USDT,296.31,438,296.3,3626,296.32,17796,296.33,3719
1753600242335,07:10:42.335,mexc,AAVE/USDT:USDT,296.31,438,296.3,3626,296.32,17796,296.33,3719
1753600242335,07:10:42.335,mexc,AAVE/USDT:USDT,296.31,438,296.3,4585,296.32,17796,296.33,3719
1753600242658,07:10:42.658,mexc,AAVE/USDT:USDT,296.28,32034,296.27,30370,296.29,11825,296.3,6796
1753600243537,07:10:43.537,mexc,AAVE/USDT:USDT,296.28,32034,296.27,30370,296.29,11825,296.3,6796
1753600243537,07:10:43.537,mexc,AAVE/USDT:USDT,296.28,32034,296.27,30370,296.29,11825,296.3,6796
1753600243939,07:10:43.939,mexc,AAVE/USDT:USDT,296.28,32034,296.27,30370,296.29,11825,296.3,6796
1753600243939,07:10:43.939,mexc,AAVE/USDT:USDT,296.28,32034,296.27,30370,296.29,11825,296.3,6796
1753600244331,07:10:44.331,mexc,AAVE/USDT:USDT,296.28,32034,296.27,30370,296.29,11825,296.3,6796
1753600244735,07:10:44.735,mexc,AAVE/USDT:USDT,296.28,32034,296.27,40520,296.29,11825,296.3,6796
1753600244736,07:10:44.736,mexc,AAVE/USDT:USDT,296.28,32034,296.27,53538,296.29,11825,296.3,9570
1753600245144,07:10:45.144,mexc,AAVE/USDT:USDT,296.28,32034,296.27,53538,296.29,11825,296.3,9570
1753600245147,07:10:45.147,mexc,AAVE/USDT:USDT,296.28,32034,296.27,30370,296.29,11825,296.3,6796
1753600245936,07:10:45.936,mexc,AAVE/USDT:USDT,296.28,32034,296.27,30370,296.29,11825,296.3,6796
1753600245936,07:10:45.936,mexc,AAVE/USDT:USDT,296.28,32034,296.27,30370,296.29,11825,296.3,7739
1753600246341,07:10:46.341,mexc,AAVE/USDT:USDT,296.28,32034,296.27,30370,296.29,11825,296.3,7739
1753600246341,07:10:46.341,mexc,AAVE/USDT:USDT,296.28,32034,296.27,30370,296.29,11825,296.3,6796
1753600247135,07:10:47.135,mexc,AAVE/USDT:USDT,296.28,32034,296.27,30370,296.29,11825,296.3,6796
1753600247137,07:10:47.137,mexc,AAVE/USDT:USDT,296.28,32034,296.27,30370,296.29,11825,296.3,9757
1753600247540,07:10:47.540,mexc,AAVE/USDT:USDT,296.28,32034,296.27,30370,296.29,11825,296.3,9757
1753600247540,07:10:47.540,mexc,AAVE/USDT:USDT,296.28,32034,296.27,30370,296.29,11825,296.3,6796
1753600248336,07:10:48.336,mexc,AAVE/USDT:USDT,296.28,32034,296.27,30370,296.29,11825,296.3,6796
1753600248336,07:10:48.336,mexc,AAVE/USDT:USDT,296.28,32034,296.27,30370,296.29,11825,296.3,7682
1753600248658,07:10:48.658,mexc,AAVE/USDT:USDT,296.29,195,296.28,255,296.3,19353,296.31,22607
1753600249536,07:10:49.536,mexc,AAVE/USDT:USDT,296.29,195,296.28,255,296.3,19353,296.31,33359
1753600249537,07:10:49.537,mexc,AAVE/USDT:USDT,296.29,195,296.28,467,296.3,19353,296.31,42494
1753600249939,07:10:49.939,mexc,AAVE/USDT:USDT,296.29,195,296.28,467,296.3,19353,296.31,31742
1753600249939,07:10:49.939,mexc,AAVE/USDT:USDT,296.29,195,296.28,255,296.3,19353,296.31,22607
1753600250413,07:10:50.413,mexc,AAVE/USDT:USDT,296.29,195,296.28,255,296.3,19353,296.31,22607
1753600250582,07:10:50.582,mexc,AAVE/USDT:USDT,296.29,195,296.28,255,296.3,19353,296.31,22607
1753600250737,07:10:50.737,mexc,AAVE/USDT:USDT,296.29,195,296.28,255,296.3,19353,296.31,28366
1753600251141,07:10:51.141,mexc,AAVE/USDT:USDT,296.29,195,296.28,255,296.3,19353,296.31,22607
1753600251141,07:10:51.141,mexc,AAVE/USDT:USDT,296.29,195,296.28,255,296.3,19353,296.31,22607
1753600251938,07:10:51.938,mexc,AAVE/USDT:USDT,296.29,195,296.28,255,296.3,19353,296.31,26693
1753600251938,07:10:51.938,mexc,AAVE/USDT:USDT,296.29,195,296.28,359,296.3,19353,296.31,26693
1753600252340,07:10:52.340,mexc,AAVE/USDT:USDT,296.29,195,296.28,359,296.3,19353,296.31,26693
1753600252341,07:10:52.341,mexc,AAVE/USDT:USDT,296.29,195,296.28,255,296.3,19353,296.31,22607
1753600253138,07:10:53.138,mexc,AAVE/USDT:USDT,296.29,195,296.28,255,296.3,19353,296.31,22607
1753600253138,07:10:53.138,mexc,AAVE/USDT:USDT,296.29,195,296.28,373,296.3,19353,296.31,29563
1753600253541,07:10:53.541,mexc,AAVE/USDT:USDT,296.29,195,296.28,373,296.3,19353,296.31,29563
1753600253541,07:10:53.541,mexc,AAVE/USDT:USDT,296.29,195,296.28,255,296.3,19353,296.31,22607
1753600253896,07:10:53.896,mexc,AAVE/USDT:USDT,296.35,68664,296.34,26903,296.36,44730,296.37,25999
1753600254338,07:10:54.338,mexc,AAVE/USDT:USDT,296.35,68664,296.34,31182,296.36,44730,296.37,25999
1753600254338,07:10:54.338,mexc,AAVE/USDT:USDT,296.35,68664,296.34,31182,296.36,44730,296.37,25999
1753600254741,07:10:54.741,mexc,AAVE/USDT:USDT,296.35,68664,296.34,31182,296.36,44730,296.37,25999
1753600254742,07:10:54.742,mexc,AAVE/USDT:USDT,296.35,68664,296.34,26903,296.36,44730,296.37,25999
1753600255538,07:10:55.538,mexc,AAVE/USDT:USDT,296.35,68664,296.34,26903,296.36,44730,296.37,25999
1753600255539,07:10:55.539,mexc,AAVE/USDT:USDT,296.35,68664,296.34,34703,296.36,44730,296.37,25999
1753600255942,07:10:55.942,mexc,AAVE/USDT:USDT,296.35,68664,296.34,34703,296.36,44730,296.37,25999
1753600255944,07:10:55.944,mexc,AAVE/USDT:USDT,296.35,68664,296.34,26903,296.36,44730,296.37,25999
1753600256416,07:10:56.416,mexc,AAVE/USDT:USDT,296.35,68664,296.34,26903,296.36,44730,296.37,25999
1753600256586,07:10:56.586,mexc,AAVE/USDT:USDT,296.35,68664,296.34,26903,296.36,44730,296.37,25999
1753600256739,07:10:56.739,mexc,AAVE/USDT:USDT,296.35,68664,296.34,26903,296.36,44730,296.37,27148
1753600257142,07:10:57.142,mexc,AAVE/USDT:USDT,296.35,68664,296.34,26903,296.36,44730,296.37,27148
1753600257142,07:10:57.142,mexc,AAVE/USDT:USDT,296.35,68664,296.34,26903,296.36,44730,296.37,25999
1753600257493,07:10:57.493,mexc,AAVE/USDT:USDT,296.41,42990,296.4,42625,296.42,11510,296.43,40085
1753600257939,07:10:57.939,mexc,AAVE/USDT:USDT,296.41,42990,296.4,42625,296.42,11510,296.43,40085
1753600257939,07:10:57.939,mexc,AAVE/USDT:USDT,296.41,42990,296.4,42625,296.42,11510,296.43,40103
1753600258342,07:10:58.342,mexc,AAVE/USDT:USDT,296.41,42990,296.4,42625,296.42,11510,296.43,40103
1753600258342,07:10:58.342,mexc,AAVE/USDT:USDT,296.41,42990,296.4,42625,296.42,11510,296.43,40085
1753600259139,07:10:59.139,mexc,AAVE/USDT:USDT,296.41,42990,296.4,42625,296.42,11510,296.43,40085
1753600259221,07:10:59.221,mexc,AAVE/USDT:USDT,296.41,42990,296.4,42625,296.42,10836,296.43,40085
1753600259543,07:10:59.543,mexc,AAVE/USDT:USDT,296.41,42990,296.4,42625,296.42,10836,296.43,40085
1753600259543,07:10:59.543,mexc,AAVE/USDT:USDT,296.41,42990,296.4,42625,296.42,10836,296.43,40085
1753600260338,07:11:00.338,mexc,AAVE/USDT:USDT,296.41,42990,296.4,42625,296.42,10836,296.43,40140
1753600260339,07:11:00.339,mexc,AAVE/USDT:USDT,296.41,42990,296.4,57810,296.42,10836,296.43,40140
1753600260742,07:11:00.742,mexc,AAVE/USDT:USDT,296.41,42990,296.4,57810,296.42,10836,296.43,40085
1753600260742,07:11:00.742,mexc,AAVE/USDT:USDT,296.41,42990,296.4,42625,296.42,10836,296.43,40085
1753600261539,07:11:01.539,mexc,AAVE/USDT:USDT,296.41,42990,296.4,42625,296.42,10836,296.43,40085
1753600261627,07:11:01.627,mexc,AAVE/USDT:USDT,296.41,42990,296.4,47537,296.42,10836,296.43,40131
1753600261942,07:11:01.942,mexc,AAVE/USDT:USDT,296.41,42990,296.4,47537,296.42,10836,296.43,40131
1753600261942,07:11:01.942,mexc,AAVE/USDT:USDT,296.41,42990,296.4,42625,296.42,10836,296.43,40085
1753600262420,07:11:02.420,mexc,AAVE/USDT:USDT,296.41,42990,296.4,42625,296.42,10836,296.43,40085
1753600262430,07:11:02.430,mexc,AAVE/USDT:USDT,296.41,42990,296.4,42625,296.42,10836,296.43,40085
1753600262742,07:11:02.742,mexc,AAVE/USDT:USDT,296.43,15177,296.42,41697,296.44,643,296.45,9774
1753600263143,07:11:03.143,mexc,AAVE/USDT:USDT,296.43,15177,296.42,41697,296.44,643,296.45,7034
1753600263144,07:11:03.144,mexc,AAVE/USDT:USDT,296.43,15177,296.42,41697,296.44,643,296.45,7034
1753600263939,07:11:03.939,mexc,AAVE/USDT:USDT,296.43,15177,296.42,41697,296.44,643,296.45,7034
1753600263940,07:11:03.940,mexc,AAVE/USDT:USDT,296.43,15177,296.42,41697,296.44,643,296.45,7034
1753600264342,07:11:04.342,mexc,AAVE/USDT:USDT,296.43,15177,296.42,41697,296.44,643,296.45,7034
1753600264343,07:11:04.343,mexc,AAVE/USDT:USDT,296.43,15177,296.42,41697,296.44,643,296.45,7034
1753600265141,07:11:05.141,mexc,AAVE/USDT:USDT,296.43,15177,296.42,41697,296.44,643,296.45,10229
1753600265141,07:11:05.141,mexc,AAVE/USDT:USDT,296.43,15177,296.42,49205,296.44,643,296.45,10229
1753600265544,07:11:05.544,mexc,AAVE/USDT:USDT,296.43,14252,296.42,49205,296.44,643,296.45,7034
1753600265545,07:11:05.545,mexc,AAVE/USDT:USDT,296.43,14252,296.42,41697,296.44,643,296.45,7034
1753600266340,07:11:06.340,mexc,AAVE/USDT:USDT,296.43,14252,296.42,41697,296.44,643,296.45,7034
1753600266340,07:11:06.340,mexc,AAVE/USDT:USDT,296.43,14252,296.42,41697,296.44,643,296.45,10171
1753600266742,07:11:06.742,mexc,AAVE/USDT:USDT,296.43,14252,296.42,41697,296.44,643,296.45,10171
1753600266744,07:11:06.744,mexc,AAVE/USDT:USDT,296.43,14252,296.42,41697,296.44,643,296.45,7034
1753600267539,07:11:07.539,mexc,AAVE/USDT:USDT,296.43,14252,296.42,41697,296.44,643,296.45,9933
1753600267630,07:11:07.630,mexc,AAVE/USDT:USDT,296.43,14252,296.42,55294,296.44,643,296.45,11938
1753600267943,07:11:07.943,mexc,AAVE/USDT:USDT,296.43,14252,296.42,55294,296.44,643,296.45,9039
1753600267944,07:11:07.944,mexc,AAVE/USDT:USDT,296.43,14252,296.42,41697,296.44,643,296.45,7034
1753600268419,07:11:08.419,mexc,AAVE/USDT:USDT,296.43,14252,296.42,41697,296.44,643,296.45,7034
1753600268432,07:11:08.432,mexc,AAVE/USDT:USDT,296.43,14252,296.42,41697,296.44,643,296.45,7034
1753600268744,07:11:08.744,mexc,AAVE/USDT:USDT,296.48,47397,296.47,25409,296.49,3902,296.5,4623
1753600269144,07:11:09.144,mexc,AAVE/USDT:USDT,296.48,47397,296.47,25409,296.49,3902,296.5,4623
1753600269144,07:11:09.144,mexc,AAVE/USDT:USDT,296.48,47397,296.47,25409,296.49,3902,296.5,4623
1753600269941,07:11:09.941,mexc,AAVE/USDT:USDT,296.48,47397,296.47,25409,296.49,3902,296.5,4623
1753600269941,07:11:09.941,mexc,AAVE/USDT:USDT,296.48,47397,296.47,25409,296.49,3902,296.5,4623
1753600270345,07:11:10.345,mexc,AAVE/USDT:USDT,296.48,47397,296.47,25409,296.49,3902,296.5,4623
1753600270381,07:11:10.381,mexc,AAVE/USDT:USDT,296.48,47397,296.47,25409,296.49,3851,296.5,4623
1753600271141,07:11:11.141,mexc,AAVE/USDT:USDT,296.48,47397,296.47,25409,296.49,3851,296.5,4623
1753600271141,07:11:11.141,mexc,AAVE/USDT:USDT,296.48,47397,296.47,33876,296.49,3851,296.5,4623
1753600271545,07:11:11.545,mexc,AAVE/USDT:USDT,296.48,47397,296.47,25409,296.49,3851,296.5,4623
1753600272342,07:11:12.342,mexc,AAVE/USDT:USDT,296.48,47397,296.47,25409,296.49,3851,296.5,4623
1753600272342,07:11:12.342,mexc,AAVE/USDT:USDT,296.48,47397,296.47,25409,296.49,3851,296.5,4623
1753600272746,07:11:12.746,mexc,AAVE/USDT:USDT,296.48,47397,296.47,25409,296.49,3851,296.5,4623
1753600272746,07:11:12.746,mexc,AAVE/USDT:USDT,296.48,47397,296.47,25409,296.49,3851,296.5,4623
1753600273546,07:11:13.546,mexc,AAVE/USDT:USDT,296.48,47397,296.47,25409,296.49,3851,296.5,4623
1753600273633,07:11:13.633,mexc,AAVE/USDT:USDT,296.48,47397,296.47,35270,296.49,3851,296.5,6394
1753600273948,07:11:13.948,mexc,AAVE/USDT:USDT,296.48,47397,296.47,35270,296.49,3851,296.5,6394
1753600273949,07:11:13.949,mexc,AAVE/USDT:USDT,296.48,47397,296.47,25409,296.49,3851,296.5,4623
1753600274425,07:11:14.425,mexc,AAVE/USDT:USDT,296.48,47397,296.47,25409,296.49,3851,296.5,4623
1753600274437,07:11:14.437,mexc,AAVE/USDT:USDT,296.48,47397,296.47,25409,296.49,3851,296.5,4623
1753600274743,07:11:14.743,mexc,AAVE/USDT:USDT,296.52,26376,296.51,32628,296.53,3003,296.54,5383
1753600275146,07:11:15.146,mexc,AAVE/USDT:USDT,296.52,26376,296.51,32628,296.53,3003,296.54,5383
1753600275146,07:11:15.146,mexc,AAVE/USDT:USDT,296.52,26376,296.51,22361,296.53,3003,296.54,5383
1753600275942,07:11:15.942,mexc,AAVE/USDT:USDT,296.52,26376,296.51,22361,296.53,3003,296.54,5383
1753600275942,07:11:15.942,mexc,AAVE/USDT:USDT,296.52,26376,296.51,29061,296.53,3003,296.54,5383
1753600276345,07:11:16.345,mexc,AAVE/USDT:USDT,296.52,26376,296.51,29061,296.53,3003,296.54,5383
1753600276345,07:11:16.345,mexc,AAVE/USDT:USDT,296.52,26376,296.51,22361,296.53,3003,296.54,5383
1753600277144,07:11:17.144,mexc,AAVE/USDT:USDT,296.52,26376,296.51,22361,296.53,3003,296.54,5383
1753600277144,07:11:17.144,mexc,AAVE/USDT:USDT,296.52,26376,296.51,30856,296.53,3003,296.54,5383
1753600277546,07:11:17.546,mexc,AAVE/USDT:USDT,296.52,26376,296.51,22361,296.53,3003,296.54,5383
1753600278343,07:11:18.343,mexc,AAVE/USDT:USDT,296.52,26376,296.51,22361,296.53,3003,296.54,5383
1753600278343,07:11:18.343,mexc,AAVE/USDT:USDT,296.52,26376,296.51,22361,296.53,3003,296.54,5383
1753600278746,07:11:18.746,mexc,AAVE/USDT:USDT,296.52,26376,296.51,22361,296.53,3003,296.54,5383
1753600278746,07:11:18.746,mexc,AAVE/USDT:USDT,296.52,26376,296.51,22361,296.53,3003,296.54,5383
1753600279542,07:11:19.542,mexc,AAVE/USDT:USDT,296.52,26376,296.51,22361,296.53,3003,296.54,5383
1753600279639,07:11:19.639,mexc,AAVE/USDT:USDT,296.52,26376,296.51,25019,296.53,3003,296.54,7811
1753600279946,07:11:19.946,mexc,AAVE/USDT:USDT,296.52,26376,296.51,25019,296.53,3003,296.54,5383
1753600279948,07:11:19.948,mexc,AAVE/USDT:USDT,296.52,26376,296.51,22361,296.53,3003,296.54,5383
1753600280432,07:11:20.432,mexc,AAVE/USDT:USDT,296.52,26376,296.51,22361,296.53,3003,296.54,5383
1753600280512,07:11:20.512,mexc,AAVE/USDT:USDT,296.52,26376,296.51,22361,296.53,3003,296.54,5383
1753600280744,07:11:20.744,mexc,AAVE/USDT:USDT,296.53,55568,296.52,40378,296.54,107,296.55,373
1753600281145,07:11:21.145,mexc,AAVE/USDT:USDT,296.53,55568,296.52,30677,296.54,107,296.55,373
1753600281145,07:11:21.145,mexc,AAVE/USDT:USDT,296.53,55568,296.52,30677,296.54,107,296.55,373
1753600281945,07:11:21.945,mexc,AAVE/USDT:USDT,296.53,55568,296.52,30677,296.54,107,296.55,373
1753600281945,07:11:21.945,mexc,AAVE/USDT:USDT,296.53,55568,296.52,30677,296.54,107,296.55,373
1753600282347,07:11:22.347,mexc,AAVE/USDT:USDT,296.53,55568,296.52,30677,296.54,107,296.55,373
1753600282347,07:11:22.347,mexc,AAVE/USDT:USDT,296.53,55568,296.52,30677,296.54,107,296.55,373
1753600283144,07:11:23.144,mexc,AAVE/USDT:USDT,296.53,55568,296.52,30677,296.54,107,296.55,373
1753600283144,07:11:23.144,mexc,AAVE/USDT:USDT,296.53,55568,296.52,30677,296.54,107,296.55,373
1753600283549,07:11:23.549,mexc,AAVE/USDT:USDT,296.53,55568,296.52,30677,296.54,107,296.55,373
1753600283549,07:11:23.549,mexc,AAVE/USDT:USDT,296.53,55568,296.52,30677,296.54,107,296.55,373
1753600284344,07:11:24.344,mexc,AAVE/USDT:USDT,296.53,55568,296.52,30677,296.54,107,296.55,373
1753600284345,07:11:24.345,mexc,AAVE/USDT:USDT,296.53,55568,296.52,30677,296.54,107,296.55,373
1753600284748,07:11:24.748,mexc,AAVE/USDT:USDT,296.53,55568,296.52,30677,296.54,107,296.55,373
1753600284748,07:11:24.748,mexc,AAVE/USDT:USDT,296.53,55568,296.52,30677,296.54,107,296.55,373
1753600285545,07:11:25.545,mexc,AAVE/USDT:USDT,296.53,55568,296.52,30677,296.54,107,296.55,373
1753600285545,07:11:25.545,mexc,AAVE/USDT:USDT,296.53,55568,296.52,30677,296.54,107,296.55,599
1753600285947,07:11:25.947,mexc,AAVE/USDT:USDT,296.53,55568,296.52,30677,296.54,107,296.55,502
1753600285949,07:11:25.949,mexc,AAVE/USDT:USDT,296.53,55568,296.52,30677,296.54,107,296.55,373
1753600286433,07:11:26.433,mexc,AAVE/USDT:USDT,296.53,55568,296.52,30677,296.54,107,296.55,373
1753600286448,07:11:26.448,mexc,AAVE/USDT:USDT,296.53,55568,296.52,30677,296.54,107,296.55,373
1753600286746,07:11:26.746,mexc,AAVE/USDT:USDT,296.54,19765,296.53,9539,296.55,18065,296.56,16020
1753600287147,07:11:27.147,mexc,AAVE/USDT:USDT,296.54,19765,296.53,9539,296.55,18065,296.56,16020
1753600287148,07:11:27.148,mexc,AAVE/USDT:USDT,296.54,19765,296.53,6974,296.55,18065,296.56,16020
1753600287946,07:11:27.946,mexc,AAVE/USDT:USDT,296.54,19765,296.53,6974,296.55,18065,296.56,16020
1753600288074,07:11:28.074,mexc,AAVE/USDT:USDT,296.54,19613,296.53,6974,296.55,18065,296.56,21128
1753600288350,07:11:28.350,mexc,AAVE/USDT:USDT,296.54,19613,296.53,6974,296.55,18065,296.56,21128
1753600288350,07:11:28.350,mexc,AAVE/USDT:USDT,296.54,19613,296.53,6974,296.55,18065,296.56,16020
1753600289145,07:11:29.145,mexc,AAVE/USDT:USDT,296.54,19613,296.53,6974,296.55,18065,296.56,16020
1753600289145,07:11:29.145,mexc,AAVE/USDT:USDT,296.54,19613,296.53,8447,296.55,18065,296.56,16020
1753600289549,07:11:29.549,mexc,AAVE/USDT:USDT,296.54,19613,296.53,8447,296.55,18065,296.56,16020
1753600289549,07:11:29.549,mexc,AAVE/USDT:USDT,296.54,19613,296.53,6974,296.55,18065,296.56,16020
1753600290346,07:11:30.346,mexc,AAVE/USDT:USDT,296.54,19613,296.53,6974,296.55,18065,296.56,16020
1753600290346,07:11:30.346,mexc,AAVE/USDT:USDT,296.54,19613,296.53,6974,296.55,18065,296.56,22881
1753600290748,07:11:30.748,mexc,AAVE/USDT:USDT,296.54,19613,296.53,6974,296.55,18065,296.56,16020
1753600290819,07:11:30.819,mexc,AAVE/USDT:USDT,296.54,19613,296.53,6974,296.55,18065,296.56,16020
1753600291519,07:11:31.519,mexc,AAVE/USDT:USDT,296.54,19613,296.53,6974,296.55,18065,296.56,16020
1753600291545,07:11:31.545,mexc,AAVE/USDT:USDT,296.54,19613,296.53,6974,296.55,18065,296.56,21507
1753600291948,07:11:31.948,mexc,AAVE/USDT:USDT,296.54,19613,296.53,6974,296.55,18065,296.56,18947
1753600291952,07:11:31.952,mexc,AAVE/USDT:USDT,296.54,19613,296.53,6974,296.55,18065,296.56,16020
1753600292650,07:11:32.650,mexc,AAVE/USDT:USDT,296.54,19613,296.53,6974,296.55,18065,296.56,16020
1753600292749,07:11:32.749,mexc,AAVE/USDT:USDT,296.51,21286,296.5,65658,296.52,1899,296.53,151
1753600293155,07:11:33.155,mexc,AAVE/USDT:USDT,296.51,21286,296.5,65658,296.52,1899,296.53,151
1753600293156,07:11:33.156,mexc,AAVE/USDT:USDT,296.51,21286,296.5,46960,296.52,1899,296.53,119
1753600293946,07:11:33.946,mexc,AAVE/USDT:USDT,296.51,21286,296.5,46960,296.52,1899,296.53,119
1753600293947,07:11:33.947,mexc,AAVE/USDT:USDT,296.51,21286,296.5,46960,296.52,1899,296.53,119
1753600294348,07:11:34.348,mexc,AAVE/USDT:USDT,296.51,21286,296.5,46960,296.52,1899,296.53,119
1753600294348,07:11:34.348,mexc,AAVE/USDT:USDT,296.51,21286,296.5,46960,296.52,1899,296.53,119
1753600295145,07:11:35.145,mexc,AAVE/USDT:USDT,296.51,21286,296.5,68871,296.52,1899,296.53,119
1753600295145,07:11:35.145,mexc,AAVE/USDT:USDT,296.51,21286,296.5,68871,296.52,1899,296.53,119
1753600295548,07:11:35.548,mexc,AAVE/USDT:USDT,296.51,21286,296.5,68871,296.52,1899,296.53,119
1753600295548,07:11:35.548,mexc,AAVE/USDT:USDT,296.51,21286,296.5,46960,296.52,1899,296.53,119
1753600296345,07:11:36.345,mexc,AAVE/USDT:USDT,296.51,21286,296.5,46960,296.52,1899,296.53,139
1753600296345,07:11:36.345,mexc,AAVE/USDT:USDT,296.51,21286,296.5,56414,296.52,1899,296.53,139
1753600296749,07:11:36.749,mexc,AAVE/USDT:USDT,296.51,21286,296.5,56414,296.52,1899,296.53,119
1753600296750,07:11:36.750,mexc,AAVE/USDT:USDT,296.51,21286,296.5,46960,296.52,1899,296.53,119
1753600297070,07:11:37.070,mexc,AAVE/USDT:USDT,296.51,21286,296.5,46960,296.52,1845,296.53,119
1753600297517,07:11:37.517,mexc,AAVE/USDT:USDT,296.51,21286,296.5,46960,296.52,1845,296.53,119
1753600297548,07:11:37.548,mexc,AAVE/USDT:USDT,296.51,21286,296.5,72025,296.52,1845,296.53,119
1753600297948,07:11:37.948,mexc,AAVE/USDT:USDT,296.51,21286,296.5,72025,296.52,1845,296.53,119
1753600297949,07:11:37.949,mexc,AAVE/USDT:USDT,296.51,21286,296.5,46960,296.52,1845,296.53,119
1753600298652,07:11:38.652,mexc,AAVE/USDT:USDT,296.51,21286,296.5,46960,296.52,1845,296.53,119
1753600298747,07:11:38.747,mexc,AAVE/USDT:USDT,296.49,261,296.48,1273,296.5,15633,296.51,26680
1753600299152,07:11:39.152,mexc,AAVE/USDT:USDT,296.49,261,296.48,1273,296.5,15633,296.51,26680
1753600299153,07:11:39.153,mexc,AAVE/USDT:USDT,296.49,261,296.48,1273,296.5,15633,296.51,22654
1753600299947,07:11:39.947,mexc,AAVE/USDT:USDT,296.49,261,296.48,1273,296.5,15633,296.51,22654
1753600299947,07:11:39.947,mexc,AAVE/USDT:USDT,296.49,261,296.48,1273,296.5,15633,296.51,29301
1753600300350,07:11:40.350,mexc,AAVE/USDT:USDT,296.49,261,296.48,1273,296.5,15633,296.51,29301
1753600300350,07:11:40.350,mexc,AAVE/USDT:USDT,296.49,261,296.48,1273,296.5,15633,296.51,22654
