timestamp,time,exchange,symbol,bid1_price,bid1_volume,bid2_price,bid2_volume,ask1_price,ask1_volume,ask2_price,ask2_volume
1753599988000,07:06:28.000,gateio,AAVE/USDT:USDT,295.99,188.0,295.96,185.0,296.02,4.0,296.03,848.0
1753599988981,07:06:28.981,gateio,AAVE/USDT:USDT,295.99,276.0,295.98,98.0,296.02,4.0,296.03,848.0
1753599989104,07:06:29.104,gateio,AAVE/USDT:USDT,295.99,276.0,295.98,98.0,296.02,4.0,296.03,848.0
1753599989221,07:06:29.221,gateio,AAVE/USDT:USDT,295.99,276.0,295.98,192.0,296.02,4.0,296.03,848.0
1753599989325,07:06:29.325,gateio,AAVE/USDT:USDT,295.99,276.0,295.98,192.0,296.02,4.0,296.03,848.0
1753599989833,07:06:29.833,gateio,AAVE/USDT:USDT,295.99,368.0,295.98,192.0,296.02,4.0,296.03,848.0
1753599990175,07:06:30.175,gateio,AAVE/USDT:USDT,295.99,368.0,295.98,192.0,296.02,4.0,296.03,848.0
1753599991082,07:06:31.082,gateio,AAVE/USDT:USDT,295.99,188.0,295.98,94.0,296.01,797.0,296.05,93.0
1753599991679,07:06:31.679,gateio,AAVE/USDT:USDT,295.99,188.0,295.98,94.0,296.01,797.0,296.05,93.0
1753599991727,07:06:31.727,gateio,AAVE/USDT:USDT,295.99,188.0,295.98,94.0,296.01,797.0,296.05,93.0
1753599992096,07:06:32.096,gateio,AAVE/USDT:USDT,296.0,92.0,295.99,213.0,296.06,100.0,296.07,113.0
1753599992191,07:06:32.191,gateio,AAVE/USDT:USDT,295.99,25.0,295.98,279.0,296.06,192.0,296.07,117.0
1753599992284,07:06:32.284,gateio,AAVE/USDT:USDT,295.99,92.0,295.98,212.0,296.05,774.0,296.06,100.0
1753599992382,07:06:32.382,gateio,AAVE/USDT:USDT,296.0,280.0,295.99,185.0,296.04,4.0,296.05,774.0
1753599992481,07:06:32.481,gateio,AAVE/USDT:USDT,295.99,210.0,295.98,372.0,296.04,4.0,296.05,774.0
1753599992509,07:06:32.509,gateio,AAVE/USDT:USDT,296.01,188.0,295.99,210.0,296.04,4.0,296.05,774.0
1753599992890,07:06:32.890,gateio,AAVE/USDT:USDT,296.01,188.0,295.99,210.0,296.04,4.0,296.05,774.0
1753599993188,07:06:33.188,gateio,AAVE/USDT:USDT,296.01,188.0,295.99,210.0,296.04,4.0,296.05,774.0
1753599993288,07:06:33.288,gateio,AAVE/USDT:USDT,296.01,188.0,295.99,210.0,296.04,4.0,296.05,774.0
1753599993589,07:06:33.589,gateio,AAVE/USDT:USDT,296.01,188.0,295.99,117.0,296.03,743.0,296.04,4.0
1753599993634,07:06:33.634,gateio,AAVE/USDT:USDT,296.01,188.0,295.99,92.0,296.03,743.0,296.06,184.0
1753599993893,07:06:33.893,gateio,AAVE/USDT:USDT,296.01,188.0,295.99,92.0,296.06,184.0,296.07,279.0
1753599993921,07:06:33.921,gateio,AAVE/USDT:USDT,296.01,188.0,295.98,186.0,296.06,188.0,296.07,279.0
1753599994084,07:06:34.084,gateio,AAVE/USDT:USDT,295.98,92.0,295.97,83.0,296.03,745.0,296.06,188.0
1753599994111,07:06:34.111,gateio,AAVE/USDT:USDT,295.98,92.0,295.97,83.0,296.02,4.0,296.03,745.0
1753599994217,07:06:34.217,gateio,AAVE/USDT:USDT,295.98,92.0,295.97,83.0,296.02,4.0,296.03,745.0
1753599994530,07:06:34.530,gateio,AAVE/USDT:USDT,295.98,92.0,295.97,83.0,296.02,4.0,296.03,745.0
1753599994696,07:06:34.696,gateio,AAVE/USDT:USDT,295.98,92.0,295.97,83.0,296.02,4.0,296.03,745.0
1753599994775,07:06:34.775,gateio,AAVE/USDT:USDT,295.97,117.0,295.96,257.0,296.02,4.0,296.03,745.0
1753599994847,07:06:34.847,gateio,AAVE/USDT:USDT,295.97,117.0,295.96,257.0,296.02,4.0,296.03,745.0
1753599994957,07:06:34.957,gateio,AAVE/USDT:USDT,295.97,117.0,295.96,257.0,296.02,4.0,296.03,745.0
1753599995035,07:06:35.035,gateio,AAVE/USDT:USDT,295.98,92.0,295.97,117.0,296.02,4.0,296.03,745.0
1753599995189,07:06:35.189,gateio,AAVE/USDT:USDT,295.98,92.0,295.97,25.0,296.02,4.0,296.03,745.0
1753599995793,07:06:35.793,gateio,AAVE/USDT:USDT,295.96,71.0,295.95,209.0,296.01,794.0,296.02,4.0
1753599995882,07:06:35.882,gateio,AAVE/USDT:USDT,295.96,71.0,295.95,209.0,295.99,860.0,296.0,4.0
1753599995922,07:06:35.922,gateio,AAVE/USDT:USDT,295.96,71.0,295.95,209.0,295.99,860.0,296.03,92.0
1753599996023,07:06:36.023,gateio,AAVE/USDT:USDT,295.95,209.0,295.93,288.0,295.99,860.0,296.03,92.0
1753599996194,07:06:36.194,gateio,AAVE/USDT:USDT,295.95,209.0,295.93,314.0,295.98,2.0,295.99,860.0
1753599996206,07:06:36.206,gateio,AAVE/USDT:USDT,295.95,209.0,295.93,288.0,295.98,4.0,295.99,860.0
1753599996604,07:06:36.604,gateio,AAVE/USDT:USDT,295.95,209.0,295.93,288.0,295.98,4.0,295.99,860.0
1753599996781,07:06:36.781,gateio,AAVE/USDT:USDT,295.95,391.0,295.94,96.0,295.98,4.0,295.99,860.0
1753599996843,07:06:36.843,gateio,AAVE/USDT:USDT,295.97,305.0,295.96,182.0,295.98,4.0,296.05,92.0
1753599996994,07:06:36.994,gateio,AAVE/USDT:USDT,295.97,117.0,295.96,90.0,296.03,246.0,296.04,821.0
1753599997050,07:06:37.050,gateio,AAVE/USDT:USDT,295.96,115.0,295.95,481.0,296.02,817.0,296.03,4.0
1753599997173,07:06:37.173,gateio,AAVE/USDT:USDT,295.98,280.0,295.96,115.0,296.01,4.0,296.02,817.0
1753599997202,07:06:37.202,gateio,AAVE/USDT:USDT,295.98,280.0,295.96,115.0,296.01,4.0,296.02,817.0
1753599997387,07:06:37.387,gateio,AAVE/USDT:USDT,295.98,280.0,295.96,115.0,296.01,4.0,296.02,817.0
1753599997491,07:06:37.491,gateio,AAVE/USDT:USDT,295.99,92.0,295.98,92.0,296.01,4.0,296.02,817.0
1753599997506,07:06:37.506,gateio,AAVE/USDT:USDT,295.99,92.0,295.98,92.0,296.01,2.0,296.02,817.0
1753599997694,07:06:37.694,gateio,AAVE/USDT:USDT,295.99,92.0,295.96,115.0,296.01,2.0,296.02,817.0
1753599997698,07:06:37.698,gateio,AAVE/USDT:USDT,295.99,92.0,295.96,115.0,296.01,2.0,296.02,817.0
1753599997857,07:06:37.857,gateio,AAVE/USDT:USDT,295.99,92.0,295.96,115.0,296.01,2.0,296.02,817.0
1753599998042,07:06:38.042,gateio,AAVE/USDT:USDT,295.99,92.0,295.96,115.0,296.01,2.0,296.02,817.0
1753599998276,07:06:38.276,gateio,AAVE/USDT:USDT,295.99,92.0,295.96,115.0,296.01,2.0,296.02,817.0
1753599998597,07:06:38.597,gateio,AAVE/USDT:USDT,295.96,115.0,295.95,481.0,296.01,2.0,296.02,817.0
1753599998642,07:06:38.642,gateio,AAVE/USDT:USDT,295.98,92.0,295.96,115.0,296.01,4.0,296.02,817.0
1753599998741,07:06:38.741,gateio,AAVE/USDT:USDT,295.98,129.0,295.96,115.0,296.01,4.0,296.02,817.0
1753599998801,07:06:38.801,gateio,AAVE/USDT:USDT,295.98,129.0,295.96,115.0,296.01,4.0,296.02,817.0
1753599998993,07:06:38.993,gateio,AAVE/USDT:USDT,295.98,129.0,295.96,115.0,296.01,4.0,296.02,817.0
1753599999021,07:06:39.021,gateio,AAVE/USDT:USDT,295.98,129.0,295.96,115.0,296.01,4.0,296.02,817.0
1753599999199,07:06:39.199,gateio,AAVE/USDT:USDT,295.98,129.0,295.96,115.0,296.01,4.0,296.02,817.0
1753599999204,07:06:39.204,gateio,AAVE/USDT:USDT,295.98,129.0,295.96,115.0,296.01,4.0,296.02,817.0
1753599999833,07:06:39.833,gateio,AAVE/USDT:USDT,295.98,129.0,295.96,115.0,296.01,4.0,296.02,817.0
1753599999981,07:06:39.981,gateio,AAVE/USDT:USDT,295.98,129.0,295.96,115.0,296.01,4.0,296.02,817.0
1753600000266,07:06:40.266,gateio,AAVE/USDT:USDT,295.99,129.0,295.96,115.0,296.01,4.0,296.02,817.0
1753600000397,07:06:40.397,gateio,AAVE/USDT:USDT,296.07,129.0,296.04,374.0,296.08,53.0,296.09,10.0
1753600000487,07:06:40.487,gateio,AAVE/USDT:USDT,296.07,298.0,296.05,202.0,296.08,53.0,296.09,10.0
1753600000582,07:06:40.582,gateio,AAVE/USDT:USDT,296.07,298.0,296.05,202.0,296.08,53.0,296.09,10.0
1753600000697,07:06:40.697,gateio,AAVE/USDT:USDT,296.07,298.0,296.05,202.0,296.08,53.0,296.09,10.0
1753600000796,07:06:40.796,gateio,AAVE/USDT:USDT,296.07,323.0,296.05,202.0,296.08,53.0,296.09,10.0
1753600000889,07:06:40.889,gateio,AAVE/USDT:USDT,296.07,390.0,296.05,202.0,296.08,53.0,296.09,10.0
1753600000983,07:06:40.983,gateio,AAVE/USDT:USDT,296.07,390.0,296.05,202.0,296.08,53.0,296.09,10.0
1753600001080,07:06:41.080,gateio,AAVE/USDT:USDT,296.07,298.0,296.05,110.0,296.08,53.0,296.09,777.0
1753600001152,07:06:41.152,gateio,AAVE/USDT:USDT,296.07,261.0,296.05,2.0,296.08,53.0,296.09,777.0
1753600001261,07:06:41.261,gateio,AAVE/USDT:USDT,296.07,261.0,296.05,2.0,296.08,53.0,296.09,777.0
1753600001362,07:06:41.362,gateio,AAVE/USDT:USDT,296.07,261.0,296.05,2.0,296.08,53.0,296.09,777.0
1753600001400,07:06:41.400,gateio,AAVE/USDT:USDT,296.07,261.0,296.05,2.0,296.08,53.0,296.09,777.0
1753600001540,07:06:41.540,gateio,AAVE/USDT:USDT,296.07,261.0,296.05,2.0,296.08,53.0,296.09,777.0
1753600001687,07:06:41.687,gateio,AAVE/USDT:USDT,296.07,261.0,296.05,2.0,296.08,53.0,296.09,777.0
1753600001796,07:06:41.796,gateio,AAVE/USDT:USDT,296.05,2.0,296.01,129.0,296.07,852.0,296.08,378.0
1753600001882,07:06:41.882,gateio,AAVE/USDT:USDT,296.01,223.0,296.0,337.0,296.05,724.0,296.08,145.0
1753600001960,07:06:41.960,gateio,AAVE/USDT:USDT,296.01,223.0,296.0,337.0,296.05,724.0,296.08,53.0
1753600002077,07:06:42.077,gateio,AAVE/USDT:USDT,296.01,223.0,296.0,337.0,296.05,724.0,296.08,146.0
1753600002199,07:06:42.199,gateio,AAVE/USDT:USDT,296.01,223.0,296.0,337.0,296.05,724.0,296.08,146.0
1753600002287,07:06:42.287,gateio,AAVE/USDT:USDT,296.02,117.0,296.01,221.0,296.08,53.0,296.09,10.0
1753600002382,07:06:42.382,gateio,AAVE/USDT:USDT,296.02,292.0,296.01,411.0,296.08,53.0,296.09,726.0
1753600002422,07:06:42.422,gateio,AAVE/USDT:USDT,296.03,94.0,296.02,292.0,296.08,55.0,296.09,726.0
1753600002574,07:06:42.574,gateio,AAVE/USDT:USDT,296.03,94.0,296.02,200.0,296.08,55.0,296.09,726.0
1753600002972,07:06:42.972,gateio,AAVE/USDT:USDT,296.03,94.0,296.02,200.0,296.08,55.0,296.09,726.0
1753600003021,07:06:43.021,gateio,AAVE/USDT:USDT,296.03,94.0,296.02,200.0,296.08,55.0,296.09,726.0
1753600003168,07:06:43.168,gateio,AAVE/USDT:USDT,296.03,94.0,296.02,200.0,296.08,55.0,296.09,726.0
1753600003605,07:06:43.605,gateio,AAVE/USDT:USDT,296.03,94.0,296.02,200.0,296.08,55.0,296.09,726.0
1753600003748,07:06:43.748,gateio,AAVE/USDT:USDT,296.03,94.0,296.02,200.0,296.07,793.0,296.08,55.0
1753600003805,07:06:43.805,gateio,AAVE/USDT:USDT,296.03,94.0,296.02,200.0,296.07,793.0,296.08,53.0
1753600003982,07:06:43.982,gateio,AAVE/USDT:USDT,296.03,94.0,296.02,110.0,296.07,793.0,296.08,53.0
1753600004065,07:06:44.065,gateio,AAVE/USDT:USDT,296.03,94.0,296.02,25.0,296.07,793.0,296.08,53.0
1753600004164,07:06:44.164,gateio,AAVE/USDT:USDT,296.03,92.0,296.02,27.0,296.07,793.0,296.08,53.0
1753600004381,07:06:44.381,gateio,AAVE/USDT:USDT,296.05,819.0,296.04,736.0,296.08,53.0,296.09,10.0
1753600004462,07:06:44.462,gateio,AAVE/USDT:USDT,296.06,187.0,296.05,771.0,296.08,53.0,296.09,10.0
1753600004591,07:06:44.591,gateio,AAVE/USDT:USDT,296.06,187.0,296.05,397.0,296.08,53.0,296.09,10.0
1753600004631,07:06:44.631,gateio,AAVE/USDT:USDT,296.06,79.0,296.05,300.0,296.08,53.0,296.09,10.0
1753600004875,07:06:44.875,gateio,AAVE/USDT:USDT,296.05,178.0,296.04,387.0,296.08,53.0,296.09,10.0
1753600004947,07:06:44.947,gateio,AAVE/USDT:USDT,296.05,178.0,296.04,387.0,296.08,53.0,296.09,804.0
1753600005080,07:06:45.080,gateio,AAVE/USDT:USDT,296.05,88.0,296.04,291.0,296.08,55.0,296.09,804.0
1753600005188,07:06:45.188,gateio,AAVE/USDT:USDT,296.05,39.0,296.04,183.0,296.08,55.0,296.09,804.0
1753600005281,07:06:45.281,gateio,AAVE/USDT:USDT,296.05,39.0,296.04,183.0,296.08,55.0,296.09,804.0
1753600005498,07:06:45.498,gateio,AAVE/USDT:USDT,296.05,39.0,296.04,183.0,296.07,712.0,296.08,55.0
1753600005582,07:06:45.582,gateio,AAVE/USDT:USDT,296.05,2.0,295.99,97.0,296.06,97.0,296.07,712.0
1753600005699,07:06:45.699,gateio,AAVE/USDT:USDT,295.99,99.0,295.98,166.0,296.05,746.0,296.07,262.0
1753600005777,07:06:45.777,gateio,AAVE/USDT:USDT,296.01,80.0,296.0,266.0,296.04,2.0,296.05,746.0
1753600005849,07:06:45.849,gateio,AAVE/USDT:USDT,296.01,82.0,296.0,266.0,296.04,2.0,296.05,746.0
1753600005942,07:06:45.942,gateio,AAVE/USDT:USDT,296.01,119.0,296.0,266.0,296.04,2.0,296.05,746.0
1753600006021,07:06:46.021,gateio,AAVE/USDT:USDT,296.01,119.0,296.0,266.0,296.04,2.0,296.05,746.0
1753600006104,07:06:46.104,gateio,AAVE/USDT:USDT,296.01,119.0,296.0,266.0,296.04,2.0,296.05,746.0
1753600006241,07:06:46.241,gateio,AAVE/USDT:USDT,296.01,119.0,296.0,266.0,296.04,2.0,296.05,746.0
1753600006321,07:06:46.321,gateio,AAVE/USDT:USDT,296.01,39.0,296.0,169.0,296.04,2.0,296.05,746.0
1753600006799,07:06:46.799,gateio,AAVE/USDT:USDT,296.01,39.0,296.0,169.0,296.03,774.0,296.04,2.0
1753600006893,07:06:46.893,gateio,AAVE/USDT:USDT,295.95,68.0,295.94,94.0,296.01,760.0,296.02,97.0
1753600006998,07:06:46.998,gateio,AAVE/USDT:USDT,295.95,93.0,295.94,122.0,295.99,759.0,296.0,4.0
1753600007099,07:06:47.099,gateio,AAVE/USDT:USDT,295.94,326.0,295.93,505.0,295.98,2.0,295.99,759.0
1753600007185,07:06:47.185,gateio,AAVE/USDT:USDT,295.94,204.0,295.93,505.0,295.97,771.0,295.98,4.0
1753600007287,07:06:47.287,gateio,AAVE/USDT:USDT,295.93,505.0,295.92,1654.0,295.95,823.0,295.99,97.0
1753600007395,07:06:47.395,gateio,AAVE/USDT:USDT,295.93,505.0,295.92,1654.0,295.99,97.0,296.0,93.0
1753600007468,07:06:47.468,gateio,AAVE/USDT:USDT,295.93,505.0,295.92,1654.0,295.99,101.0,296.0,93.0
1753600007598,07:06:47.598,gateio,AAVE/USDT:USDT,295.93,505.0,295.92,1654.0,295.98,746.0,295.99,4.0
1753600007696,07:06:47.696,gateio,AAVE/USDT:USDT,295.96,72.0,295.94,260.0,296.01,93.0,296.02,190.0
1753600007796,07:06:47.796,gateio,AAVE/USDT:USDT,295.99,25.0,295.96,169.0,296.01,4.0,296.03,778.0
1753600007893,07:06:47.893,gateio,AAVE/USDT:USDT,295.98,97.0,295.97,209.0,296.03,778.0,296.07,122.0
1753600007981,07:06:47.981,gateio,AAVE/USDT:USDT,295.98,188.0,295.97,289.0,296.03,778.0,296.07,122.0
1753600008092,07:06:48.092,gateio,AAVE/USDT:USDT,295.99,4.0,295.96,194.0,296.03,778.0,296.06,93.0
1753600008181,07:06:48.181,gateio,AAVE/USDT:USDT,295.97,101.0,295.96,72.0,296.01,869.0,296.04,97.0
1753600008208,07:06:48.208,gateio,AAVE/USDT:USDT,295.97,101.0,295.96,72.0,296.01,869.0,296.04,97.0
1753600008388,07:06:48.388,gateio,AAVE/USDT:USDT,295.97,101.0,295.96,72.0,296.01,869.0,296.04,97.0
1753600008461,07:06:48.461,gateio,AAVE/USDT:USDT,295.97,101.0,295.95,94.0,296.01,869.0,296.04,97.0
1753600008677,07:06:48.677,gateio,AAVE/USDT:USDT,295.97,97.0,295.96,4.0,296.01,869.0,296.04,97.0
1753600008782,07:06:48.782,gateio,AAVE/USDT:USDT,295.97,97.0,295.96,4.0,296.01,869.0,296.04,97.0
1753600008896,07:06:48.896,gateio,AAVE/USDT:USDT,295.96,4.0,295.95,191.0,296.01,869.0,296.04,97.0
1753600008944,07:06:48.944,gateio,AAVE/USDT:USDT,295.96,101.0,295.95,94.0,296.01,869.0,296.04,97.0
1753600009021,07:06:49.021,gateio,AAVE/USDT:USDT,295.96,101.0,295.95,94.0,296.01,869.0,296.04,97.0
1753600009135,07:06:49.135,gateio,AAVE/USDT:USDT,295.96,101.0,295.95,94.0,296.01,869.0,296.04,97.0
1753600009282,07:06:49.282,gateio,AAVE/USDT:USDT,295.97,122.0,295.96,293.0,296.07,97.0,296.08,53.0
1753600009382,07:06:49.382,gateio,AAVE/USDT:USDT,295.99,230.0,295.98,374.0,296.06,238.0,296.07,794.0
1753600009482,07:06:49.482,gateio,AAVE/USDT:USDT,296.0,101.0,295.99,133.0,296.05,766.0,296.08,150.0
1753600009512,07:06:49.512,gateio,AAVE/USDT:USDT,296.0,101.0,295.99,133.0,296.05,766.0,296.08,150.0
1753600009625,07:06:49.625,gateio,AAVE/USDT:USDT,296.0,101.0,295.99,133.0,296.05,766.0,296.08,150.0
1753600009789,07:06:49.789,gateio,AAVE/USDT:USDT,296.0,101.0,295.99,108.0,296.05,766.0,296.08,150.0
1753600009870,07:06:49.870,gateio,AAVE/USDT:USDT,296.0,101.0,295.99,108.0,296.05,766.0,296.08,150.0
1753600010021,07:06:50.021,gateio,AAVE/USDT:USDT,296.0,101.0,295.99,108.0,296.05,766.0,296.08,150.0
1753600010344,07:06:50.344,gateio,AAVE/USDT:USDT,296.0,4.0,295.97,25.0,296.04,230.0,296.05,766.0
1753600010496,07:06:50.496,gateio,AAVE/USDT:USDT,295.97,126.0,295.96,93.0,296.03,799.0,296.08,150.0
1753600010581,07:06:50.581,gateio,AAVE/USDT:USDT,295.99,187.0,295.98,299.0,296.03,799.0,296.06,93.0
1753600010605,07:06:50.605,gateio,AAVE/USDT:USDT,296.0,2.0,295.99,187.0,296.03,799.0,296.06,93.0
1753600010782,07:06:50.782,gateio,AAVE/USDT:USDT,296.0,126.0,295.99,90.0,296.07,73.0,296.08,150.0
1753600010885,07:06:50.885,gateio,AAVE/USDT:USDT,296.0,126.0,295.99,90.0,296.06,239.0,296.07,796.0
1753600010961,07:06:50.961,gateio,AAVE/USDT:USDT,296.0,101.0,295.99,90.0,296.05,838.0,296.08,150.0
1753600011091,07:06:51.091,gateio,AAVE/USDT:USDT,296.0,4.0,295.99,90.0,296.03,840.0,296.04,251.0
1753600011106,07:06:51.106,gateio,AAVE/USDT:USDT,295.99,94.0,295.98,299.0,296.03,840.0,296.08,150.0
1753600011256,07:06:51.256,gateio,AAVE/USDT:USDT,295.99,94.0,295.98,299.0,296.03,840.0,296.08,150.0
1753600011340,07:06:51.340,gateio,AAVE/USDT:USDT,295.99,94.0,295.98,299.0,296.03,840.0,296.08,150.0
1753600011401,07:06:51.401,gateio,AAVE/USDT:USDT,295.99,94.0,295.98,299.0,296.03,840.0,296.08,150.0
1753600011546,07:06:51.546,gateio,AAVE/USDT:USDT,295.99,94.0,295.98,299.0,296.03,840.0,296.08,150.0
1753600012021,07:06:52.021,gateio,AAVE/USDT:USDT,295.99,94.0,295.98,299.0,296.03,840.0,296.08,150.0
1753600012127,07:06:52.127,gateio,AAVE/USDT:USDT,295.99,94.0,295.98,299.0,296.03,840.0,296.08,150.0
1753600012265,07:06:52.265,gateio,AAVE/USDT:USDT,296.0,122.0,295.99,94.0,296.07,97.0,296.08,150.0
1753600012382,07:06:52.382,gateio,AAVE/USDT:USDT,296.0,97.0,295.99,119.0,296.05,254.0,296.06,845.0
1753600012496,07:06:52.496,gateio,AAVE/USDT:USDT,296.01,25.0,296.0,277.0,296.08,53.0,296.09,10.0
1753600012597,07:06:52.597,gateio,AAVE/USDT:USDT,296.01,126.0,296.0,254.0,296.08,53.0,296.09,10.0
1753600012638,07:06:52.638,gateio,AAVE/USDT:USDT,296.01,101.0,296.0,279.0,296.07,782.0,296.08,53.0
1753600012765,07:06:52.765,gateio,AAVE/USDT:USDT,296.01,126.0,296.0,254.0,296.07,782.0,296.08,53.0
1753600012894,07:06:52.894,gateio,AAVE/USDT:USDT,296.01,126.0,296.0,254.0,296.07,782.0,296.08,53.0
1753600012921,07:06:52.921,gateio,AAVE/USDT:USDT,296.01,126.0,296.0,254.0,296.07,782.0,296.08,53.0
1753600013041,07:06:53.041,gateio,AAVE/USDT:USDT,296.01,126.0,296.0,254.0,296.07,782.0,296.08,53.0
1753600013196,07:06:53.196,gateio,AAVE/USDT:USDT,296.1,204.0,296.08,193.0,296.14,373.0,296.15,5.0
1753600013292,07:06:53.292,gateio,AAVE/USDT:USDT,296.07,188.0,296.06,4.0,296.09,843.0,296.1,10.0
1753600013393,07:06:53.393,gateio,AAVE/USDT:USDT,296.07,188.0,296.04,159.0,296.08,10.0,296.09,843.0
1753600013481,07:06:53.481,gateio,AAVE/USDT:USDT,296.04,159.0,296.03,705.0,296.08,10.0,296.09,843.0
1753600013593,07:06:53.593,gateio,AAVE/USDT:USDT,296.05,125.0,296.04,159.0,296.07,874.0,296.12,194.0
1753600013683,07:06:53.683,gateio,AAVE/USDT:USDT,296.05,125.0,296.04,159.0,296.07,874.0,296.12,194.0
1753600013783,07:06:53.783,gateio,AAVE/USDT:USDT,296.05,125.0,296.04,159.0,296.07,874.0,296.12,194.0
1753600013826,07:06:53.826,gateio,AAVE/USDT:USDT,296.05,125.0,296.04,159.0,296.07,874.0,296.12,194.0
1753600013902,07:06:53.902,gateio,AAVE/USDT:USDT,296.05,125.0,296.04,159.0,296.07,874.0,296.12,194.0
1753600014188,07:06:54.188,gateio,AAVE/USDT:USDT,296.05,246.0,296.04,159.0,296.12,97.0,296.14,97.0
1753600014292,07:06:54.292,gateio,AAVE/USDT:USDT,296.09,245.0,296.08,731.0,296.12,739.0,296.14,97.0
1753600014332,07:06:54.332,gateio,AAVE/USDT:USDT,296.09,247.0,296.08,731.0,296.12,739.0,296.15,5.0
1753600014441,07:06:54.441,gateio,AAVE/USDT:USDT,296.09,139.0,296.08,731.0,296.12,739.0,296.15,5.0
1753600014581,07:06:54.581,gateio,AAVE/USDT:USDT,296.1,811.0,296.09,100.0,296.15,5.0,296.16,97.0
1753600014642,07:06:54.642,gateio,AAVE/USDT:USDT,296.11,4.0,296.1,811.0,296.14,10.0,296.15,5.0
1753600014794,07:06:54.794,gateio,AAVE/USDT:USDT,296.11,4.0,296.1,786.0,296.13,783.0,296.14,230.0
1753600014809,07:06:54.809,gateio,AAVE/USDT:USDT,296.11,2.0,296.1,786.0,296.13,783.0,296.15,5.0
1753600015030,07:06:55.030,gateio,AAVE/USDT:USDT,296.11,2.0,296.1,786.0,296.13,783.0,296.15,5.0
1753600015299,07:06:55.299,gateio,AAVE/USDT:USDT,296.11,2.0,296.05,125.0,296.13,783.0,296.15,5.0
1753600015398,07:06:55.398,gateio,AAVE/USDT:USDT,296.06,1.0,296.04,788.0,296.08,875.0,296.09,106.0
1753600015496,07:06:55.496,gateio,AAVE/USDT:USDT,296.04,4.0,296.03,442.0,296.06,10.0,296.08,875.0
1753600015568,07:06:55.568,gateio,AAVE/USDT:USDT,296.03,1186.0,296.02,1654.0,296.05,10.0,296.06,814.0
1753600015681,07:06:55.681,gateio,AAVE/USDT:USDT,296.03,1182.0,296.02,1654.0,296.05,10.0,296.06,814.0
1753600015778,07:06:55.778,gateio,AAVE/USDT:USDT,296.04,222.0,296.03,1182.0,296.06,814.0,296.09,96.0
1753600015803,07:06:55.803,gateio,AAVE/USDT:USDT,296.04,222.0,296.03,1182.0,296.06,814.0,296.09,96.0
1753600015996,07:06:55.996,gateio,AAVE/USDT:USDT,296.04,222.0,296.03,1182.0,296.06,814.0,296.09,96.0
1753600016000,07:06:56.000,gateio,AAVE/USDT:USDT,296.04,222.0,296.03,1182.0,296.06,814.0,296.09,96.0
1753600016399,07:06:56.399,gateio,AAVE/USDT:USDT,296.07,2304.0,296.04,222.0,296.11,96.0,296.12,93.0
1753600016462,07:06:56.462,gateio,AAVE/USDT:USDT,296.08,2.0,296.07,2304.0,296.09,10.0,296.11,96.0
1753600016581,07:06:56.581,gateio,AAVE/USDT:USDT,296.07,2304.0,296.04,222.0,296.08,10.0,296.09,715.0
1753600016662,07:06:56.662,gateio,AAVE/USDT:USDT,296.07,2304.0,296.05,775.0,296.08,10.0,296.09,715.0
1753600016853,07:06:56.853,gateio,AAVE/USDT:USDT,296.07,2304.0,296.05,775.0,296.08,10.0,296.09,715.0
1753600017084,07:06:57.084,gateio,AAVE/USDT:USDT,296.07,2304.0,296.05,775.0,296.08,10.0,296.09,715.0
1753600017299,07:06:57.299,gateio,AAVE/USDT:USDT,296.07,2304.0,296.05,775.0,296.08,10.0,296.09,715.0
1753600017361,07:06:57.361,gateio,AAVE/USDT:USDT,296.07,2304.0,296.05,775.0,296.09,715.0,296.11,96.0
1753600017461,07:06:57.461,gateio,AAVE/USDT:USDT,296.07,2304.0,296.05,775.0,296.09,715.0,296.11,96.0
1753600017502,07:06:57.502,gateio,AAVE/USDT:USDT,296.07,2304.0,296.05,775.0,296.09,715.0,296.11,96.0
1753600017680,07:06:57.680,gateio,AAVE/USDT:USDT,296.07,3152.0,296.03,540.0,296.09,715.0,296.11,96.0
1753600017782,07:06:57.782,gateio,AAVE/USDT:USDT,296.07,2304.0,296.02,1748.0,296.09,715.0,296.11,96.0
1753600017866,07:06:57.866,gateio,AAVE/USDT:USDT,296.07,2304.0,296.05,876.0,296.09,715.0,296.11,96.0
1753600018337,07:06:58.337,gateio,AAVE/USDT:USDT,296.07,2304.0,296.05,876.0,296.08,96.0,296.09,715.0
1753600018497,07:06:58.497,gateio,AAVE/USDT:USDT,296.07,2304.0,296.05,876.0,296.08,96.0,296.09,715.0
1753600018567,07:06:58.567,gateio,AAVE/USDT:USDT,296.07,2304.0,296.05,876.0,296.09,715.0,296.11,96.0
1753600018624,07:06:58.624,gateio,AAVE/USDT:USDT,296.07,2304.0,296.05,876.0,296.09,715.0,296.11,96.0
1753600018733,07:06:58.733,gateio,AAVE/USDT:USDT,296.07,2304.0,296.05,876.0,296.09,715.0,296.11,96.0
1753600018912,07:06:58.912,gateio,AAVE/USDT:USDT,296.07,2304.0,296.05,876.0,296.09,715.0,296.11,96.0
1753600019061,07:06:59.061,gateio,AAVE/USDT:USDT,296.07,2304.0,296.05,876.0,296.09,715.0,296.11,96.0
1753600019135,07:06:59.135,gateio,AAVE/USDT:USDT,296.07,3043.0,296.03,648.0,296.09,715.0,296.11,96.0
1753600019201,07:06:59.201,gateio,AAVE/USDT:USDT,296.07,3043.0,296.03,648.0,296.09,715.0,296.11,96.0
1753600019577,07:06:59.577,gateio,AAVE/USDT:USDT,296.07,3043.0,296.05,96.0,296.12,96.0,296.13,93.0
1753600019681,07:06:59.681,gateio,AAVE/USDT:USDT,296.09,730.0,296.08,4.0,296.12,102.0,296.13,341.0
1753600019780,07:06:59.780,gateio,AAVE/USDT:USDT,296.09,730.0,296.08,4.0,296.12,102.0,296.13,341.0
1753600019881,07:06:59.881,gateio,AAVE/USDT:USDT,296.09,730.0,296.08,4.0,296.11,10.0,296.12,170.0
1753600019941,07:06:59.941,gateio,AAVE/USDT:USDT,296.09,730.0,296.08,4.0,296.11,268.0,296.12,861.0
1753600020065,07:07:00.065,gateio,AAVE/USDT:USDT,296.09,730.0,296.08,4.0,296.11,268.0,296.12,861.0
1753600020171,07:07:00.171,gateio,AAVE/USDT:USDT,296.09,730.0,296.08,4.0,296.11,268.0,296.12,861.0
1753600020286,07:07:00.286,gateio,AAVE/USDT:USDT,296.09,730.0,296.08,4.0,296.11,258.0,296.12,765.0
1753600020388,07:07:00.388,gateio,AAVE/USDT:USDT,296.09,730.0,296.08,4.0,296.11,258.0,296.12,765.0
1753600020409,07:07:00.409,gateio,AAVE/USDT:USDT,296.09,730.0,296.08,4.0,296.12,765.0,296.15,105.0
1753600020599,07:07:00.599,gateio,AAVE/USDT:USDT,296.09,730.0,296.08,4.0,296.11,230.0,296.12,765.0
1753600020639,07:07:00.639,gateio,AAVE/USDT:USDT,296.09,730.0,296.08,4.0,296.11,230.0,296.12,765.0
1753600020773,07:07:00.773,gateio,AAVE/USDT:USDT,296.08,4.0,296.07,2304.0,296.11,230.0,296.12,765.0
1753600020821,07:07:00.821,gateio,AAVE/USDT:USDT,296.08,4.0,296.07,2304.0,296.09,10.0,296.1,740.0
1753600020974,07:07:00.974,gateio,AAVE/USDT:USDT,296.08,4.0,296.07,2304.0,296.09,10.0,296.1,740.0
1753600021023,07:07:01.023,gateio,AAVE/USDT:USDT,296.08,4.0,296.07,2304.0,296.09,10.0,296.1,740.0
1753600021166,07:07:01.166,gateio,AAVE/USDT:USDT,296.08,4.0,296.07,2304.0,296.09,10.0,296.1,740.0
1753600021281,07:07:01.281,gateio,AAVE/USDT:USDT,296.07,2304.0,296.06,730.0,296.09,232.0,296.1,740.0
1753600021362,07:07:01.362,gateio,AAVE/USDT:USDT,296.07,2304.0,296.06,730.0,296.1,740.0,296.13,189.0
1753600021448,07:07:01.448,gateio,AAVE/USDT:USDT,296.07,2304.0,296.06,730.0,296.1,740.0,296.13,189.0
1753600021685,07:07:01.685,gateio,AAVE/USDT:USDT,296.07,2304.0,296.06,730.0,296.09,222.0,296.1,740.0
1753600021735,07:07:01.735,gateio,AAVE/USDT:USDT,296.07,2304.0,296.06,730.0,296.09,222.0,296.1,740.0
1753600021881,07:07:01.881,gateio,AAVE/USDT:USDT,296.07,2304.0,296.03,633.0,296.08,790.0,296.11,96.0
1753600021967,07:07:01.967,gateio,AAVE/USDT:USDT,296.07,2304.0,296.03,448.0,296.08,790.0,296.11,96.0
1753600022062,07:07:02.062,gateio,AAVE/USDT:USDT,296.07,2329.0,296.05,96.0,296.12,116.0,296.13,93.0
1753600022194,07:07:02.194,gateio,AAVE/USDT:USDT,296.08,4.0,296.07,2304.0,296.09,740.0,296.1,258.0
1753600022282,07:07:02.282,gateio,AAVE/USDT:USDT,296.07,2304.0,296.06,786.0,296.09,740.0,296.12,20.0
1753600022398,07:07:02.398,gateio,AAVE/USDT:USDT,296.07,2304.0,296.06,786.0,296.08,10.0,296.09,740.0
1753600022494,07:07:02.494,gateio,AAVE/USDT:USDT,296.07,2304.0,296.04,4.0,296.08,10.0,296.09,740.0
1753600022541,07:07:02.541,gateio,AAVE/USDT:USDT,296.07,2304.0,296.03,934.0,296.08,10.0,296.09,740.0
1753600022679,07:07:02.679,gateio,AAVE/USDT:USDT,296.07,2304.0,296.03,838.0,296.08,10.0,296.09,740.0
1753600022774,07:07:02.774,gateio,AAVE/USDT:USDT,296.07,2304.0,296.05,834.0,296.08,10.0,296.09,740.0
1753600022881,07:07:02.881,gateio,AAVE/USDT:USDT,296.07,2304.0,296.03,4.0,296.08,106.0,296.09,740.0
1753600022990,07:07:02.990,gateio,AAVE/USDT:USDT,296.07,2304.0,296.03,790.0,296.08,10.0,296.09,740.0
1753600023095,07:07:03.095,gateio,AAVE/USDT:USDT,296.07,2304.0,296.03,790.0,296.08,10.0,296.09,740.0
1753600023197,07:07:03.197,gateio,AAVE/USDT:USDT,296.07,2304.0,296.05,972.0,296.08,10.0,296.09,740.0
1753600023238,07:07:03.238,gateio,AAVE/USDT:USDT,296.07,2304.0,296.05,972.0,296.08,10.0,296.09,740.0
1753600023309,07:07:03.309,gateio,AAVE/USDT:USDT,296.07,2304.0,296.05,876.0,296.08,10.0,296.09,740.0
1753600023419,07:07:03.419,gateio,AAVE/USDT:USDT,296.07,2304.0,296.05,876.0,296.09,740.0,296.12,96.0
1753600023507,07:07:03.507,gateio,AAVE/USDT:USDT,296.07,2304.0,296.05,876.0,296.09,740.0,296.12,96.0
1753600023683,07:07:03.683,gateio,AAVE/USDT:USDT,296.07,2304.0,296.05,876.0,296.09,740.0,296.12,181.0
1753600023702,07:07:03.702,gateio,AAVE/USDT:USDT,296.07,2304.0,296.05,876.0,296.09,740.0,296.12,181.0
1753600023891,07:07:03.891,gateio,AAVE/USDT:USDT,296.05,876.0,296.03,96.0,296.07,10.0,296.09,740.0
1753600023961,07:07:03.961,gateio,AAVE/USDT:USDT,296.05,876.0,296.03,100.0,296.07,10.0,296.08,222.0
1753600024096,07:07:04.096,gateio,AAVE/USDT:USDT,296.03,218.0,296.02,1747.0,296.07,10.0,296.12,193.0
1753600024189,07:07:04.189,gateio,AAVE/USDT:USDT,296.03,218.0,296.02,1747.0,296.11,96.0,296.14,96.0
1753600024286,07:07:04.286,gateio,AAVE/USDT:USDT,296.04,753.0,296.03,125.0,296.08,827.0,296.11,96.0
1753600024368,07:07:04.368,gateio,AAVE/USDT:USDT,296.04,753.0,296.03,125.0,296.08,827.0,296.11,96.0
1753600024751,07:07:04.751,gateio,AAVE/USDT:USDT,296.04,753.0,296.03,125.0,296.08,827.0,296.11,96.0
1753600024814,07:07:04.814,gateio,AAVE/USDT:USDT,296.04,753.0,296.03,125.0,296.08,827.0,296.11,96.0
1753600025003,07:07:05.003,gateio,AAVE/USDT:USDT,296.04,753.0,296.03,125.0,296.08,827.0,296.11,96.0
1753600025166,07:07:05.166,gateio,AAVE/USDT:USDT,296.06,2443.0,296.03,125.0,296.08,827.0,296.11,96.0
1753600025252,07:07:05.252,gateio,AAVE/USDT:USDT,296.06,2443.0,296.03,121.0,296.08,827.0,296.11,96.0
1753600025307,07:07:05.307,gateio,AAVE/USDT:USDT,296.06,1660.0,296.03,121.0,296.08,827.0,296.11,96.0
1753600025413,07:07:05.413,gateio,AAVE/USDT:USDT,296.06,1660.0,296.05,839.0,296.08,827.0,296.11,96.0
1753600025562,07:07:05.562,gateio,AAVE/USDT:USDT,296.07,25.0,296.06,1660.0,296.11,10.0,296.14,182.0
1753600025677,07:07:05.677,gateio,AAVE/USDT:USDT,296.08,742.0,296.07,29.0,296.1,10.0,296.11,224.0
1753600025798,07:07:05.798,gateio,AAVE/USDT:USDT,296.07,4.0,296.06,1660.0,296.08,10.0,296.1,10.0
1753600025882,07:07:05.882,gateio,AAVE/USDT:USDT,296.06,1660.0,296.03,96.0,296.07,10.0,296.11,413.0
1753600025984,07:07:05.984,gateio,AAVE/USDT:USDT,296.06,1660.0,296.04,801.0,296.07,10.0,296.08,858.0
1753600026085,07:07:06.085,gateio,AAVE/USDT:USDT,296.06,1660.0,296.04,801.0,296.07,10.0,296.08,858.0
1753600026260,07:07:06.260,gateio,AAVE/USDT:USDT,296.06,1660.0,296.04,801.0,296.08,858.0,296.11,274.0
1753600026381,07:07:06.381,gateio,AAVE/USDT:USDT,296.06,2442.0,296.03,96.0,296.11,274.0,296.12,186.0
1753600026474,07:07:06.474,gateio,AAVE/USDT:USDT,296.07,4.0,296.06,2442.0,296.1,96.0,296.11,93.0
1753600026504,07:07:06.504,gateio,AAVE/USDT:USDT,296.07,4.0,296.06,2442.0,296.1,96.0,296.11,93.0
1753600026682,07:07:06.682,gateio,AAVE/USDT:USDT,296.07,4.0,296.06,2442.0,296.08,10.0,296.09,890.0
1753600026768,07:07:06.768,gateio,AAVE/USDT:USDT,296.06,2442.0,296.02,1654.0,296.08,277.0,296.09,890.0
1753600026841,07:07:06.841,gateio,AAVE/USDT:USDT,296.06,2442.0,296.02,1654.0,296.08,277.0,296.09,749.0
1753600026946,07:07:06.946,gateio,AAVE/USDT:USDT,296.06,2442.0,296.02,1654.0,296.08,277.0,296.09,749.0
1753600027393,07:07:07.393,gateio,AAVE/USDT:USDT,296.06,2442.0,296.04,96.0,296.09,749.0,296.1,96.0
1753600027491,07:07:07.491,gateio,AAVE/USDT:USDT,296.07,121.0,296.06,2442.0,296.15,198.0,296.16,97.0
1753600027566,07:07:07.566,gateio,AAVE/USDT:USDT,296.08,743.0,296.07,125.0,296.13,276.0,296.14,919.0
1753600027669,07:07:07.669,gateio,AAVE/USDT:USDT,296.08,743.0,296.07,125.0,296.13,276.0,296.14,919.0
1753600027751,07:07:07.751,gateio,AAVE/USDT:USDT,296.08,743.0,296.07,29.0,296.12,765.0,296.15,101.0
1753600027897,07:07:07.897,gateio,AAVE/USDT:USDT,296.07,4.0,296.06,1660.0,296.11,326.0,296.12,765.0
1753600027993,07:07:07.993,gateio,AAVE/USDT:USDT,296.07,4.0,296.06,2528.0,296.1,841.0,296.11,230.0
1753600028098,07:07:08.098,gateio,AAVE/USDT:USDT,296.08,828.0,296.07,100.0,296.1,772.0,296.14,183.0
1753600028151,07:07:08.151,gateio,AAVE/USDT:USDT,296.08,828.0,296.07,4.0,296.1,772.0,296.14,97.0
1753600028285,07:07:08.285,gateio,AAVE/USDT:USDT,296.08,853.0,296.07,4.0,296.12,10.0,296.14,96.0
1753600028338,07:07:08.338,gateio,AAVE/USDT:USDT,296.08,853.0,296.07,4.0,296.12,10.0,296.14,96.0
1753600028485,07:07:08.485,gateio,AAVE/USDT:USDT,296.08,828.0,296.07,4.0,296.11,10.0,296.12,266.0
1753600028668,07:07:08.668,gateio,AAVE/USDT:USDT,296.08,828.0,296.07,4.0,296.11,814.0,296.14,96.0
1753600028984,07:07:08.984,gateio,AAVE/USDT:USDT,296.07,4.0,296.06,1660.0,296.1,10.0,296.11,814.0
1753600029083,07:07:09.083,gateio,AAVE/USDT:USDT,296.07,857.0,296.06,1660.0,296.11,804.0,296.14,96.0
1753600029193,07:07:09.193,gateio,AAVE/USDT:USDT,296.07,41.0,296.06,1660.0,296.09,842.0,296.1,241.0
1753600029297,07:07:09.297,gateio,AAVE/USDT:USDT,296.07,39.0,296.06,1660.0,296.09,842.0,296.11,96.0
1753600029376,07:07:09.376,gateio,AAVE/USDT:USDT,296.07,39.0,296.06,1660.0,296.09,842.0,296.11,96.0
1753600029489,07:07:09.489,gateio,AAVE/USDT:USDT,296.07,2.0,296.06,1660.0,296.09,842.0,296.11,96.0
1753600029576,07:07:09.576,gateio,AAVE/USDT:USDT,296.07,2.0,296.06,1660.0,296.09,842.0,296.11,96.0
1753600029791,07:07:09.791,gateio,AAVE/USDT:USDT,296.07,2.0,296.06,1660.0,296.09,842.0,296.11,96.0
1753600029919,07:07:09.919,gateio,AAVE/USDT:USDT,296.07,721.0,296.06,1660.0,296.09,842.0,296.11,96.0
1753600030005,07:07:10.005,gateio,AAVE/USDT:USDT,296.07,719.0,296.06,1660.0,296.09,842.0,296.11,96.0
1753600030349,07:07:10.349,gateio,AAVE/USDT:USDT,296.07,719.0,296.06,1660.0,296.09,842.0,296.11,96.0
1753600030402,07:07:10.402,gateio,AAVE/USDT:USDT,296.07,719.0,296.06,1660.0,296.09,842.0,296.11,96.0
1753600030691,07:07:10.691,gateio,AAVE/USDT:USDT,296.06,1660.0,296.04,94.0,296.09,842.0,296.11,96.0
1753600030796,07:07:10.796,gateio,AAVE/USDT:USDT,296.06,1660.0,296.04,816.0,296.07,10.0,296.08,469.0
1753600030861,07:07:10.861,gateio,AAVE/USDT:USDT,296.06,1660.0,296.04,722.0,296.07,10.0,296.08,96.0
1753600030982,07:07:10.982,gateio,AAVE/USDT:USDT,296.06,2441.0,296.03,4.0,296.09,842.0,296.11,96.0
1753600031049,07:07:11.049,gateio,AAVE/USDT:USDT,296.06,2441.0,296.04,96.0,296.09,842.0,296.11,96.0
1753600031248,07:07:11.248,gateio,AAVE/USDT:USDT,296.07,25.0,296.06,2441.0,296.12,96.0,296.14,96.0
1753600031396,07:07:11.396,gateio,AAVE/USDT:USDT,296.07,29.0,296.06,2441.0,296.13,116.0,296.14,96.0
1753600031419,07:07:11.419,gateio,AAVE/USDT:USDT,296.08,715.0,296.07,4.0,296.1,10.0,296.11,279.0
1753600031588,07:07:11.588,gateio,AAVE/USDT:USDT,296.08,715.0,296.07,4.0,296.1,10.0,296.11,279.0
1753600031686,07:07:11.686,gateio,AAVE/USDT:USDT,296.07,4.0,296.06,1660.0,296.08,10.0,296.1,741.0
1753600031762,07:07:11.762,gateio,AAVE/USDT:USDT,296.06,2520.0,296.03,96.0,296.1,741.0,296.12,96.0
1753600031862,07:07:11.862,gateio,AAVE/USDT:USDT,296.07,2.0,296.06,2520.0,296.09,222.0,296.1,741.0
1753600032082,07:07:12.082,gateio,AAVE/USDT:USDT,296.07,2.0,296.06,2520.0,296.09,222.0,296.1,741.0
1753600032184,07:07:12.184,gateio,AAVE/USDT:USDT,296.07,2.0,296.06,2520.0,296.1,741.0,296.12,96.0
1753600032281,07:07:12.281,gateio,AAVE/USDT:USDT,296.08,778.0,296.07,4.0,296.1,741.0,296.14,96.0
1753600032322,07:07:12.322,gateio,AAVE/USDT:USDT,296.08,778.0,296.07,4.0,296.1,741.0,296.14,96.0
1753600032683,07:07:12.683,gateio,AAVE/USDT:USDT,296.07,4.0,296.06,1685.0,296.1,741.0,296.12,189.0
1753600032799,07:07:12.799,gateio,AAVE/USDT:USDT,296.07,4.0,296.06,2440.0,296.1,741.0,296.12,189.0
1753600033096,07:07:13.096,gateio,AAVE/USDT:USDT,296.07,4.0,296.06,2440.0,296.1,741.0,296.12,96.0
1753600033122,07:07:13.122,gateio,AAVE/USDT:USDT,296.07,4.0,296.06,2440.0,296.1,741.0,296.12,96.0
1753600033358,07:07:13.358,gateio,AAVE/USDT:USDT,296.08,969.0,296.07,4.0,296.13,93.0,296.14,96.0
1753600033484,07:07:13.484,gateio,AAVE/USDT:USDT,296.08,944.0,296.07,4.0,296.12,823.0,296.13,93.0
1753600033582,07:07:13.582,gateio,AAVE/USDT:USDT,296.07,4.0,296.06,1660.0,296.09,271.0,296.1,870.0
1753600033697,07:07:13.697,gateio,AAVE/USDT:USDT,295.99,25.0,295.98,94.0,296.05,93.0,296.06,331.0
1753600033782,07:07:13.782,gateio,AAVE/USDT:USDT,295.97,118.0,295.96,93.0,295.99,10.0,296.05,93.0
1753600033889,07:07:13.889,gateio,AAVE/USDT:USDT,295.98,2398.0,295.97,118.0,296.02,703.0,296.06,295.0
1753600033999,07:07:13.999,gateio,AAVE/USDT:USDT,296.0,188.0,295.99,218.0,296.06,204.0,296.11,190.0
1753600034098,07:07:14.098,gateio,AAVE/USDT:USDT,296.02,862.0,296.01,118.0,296.07,844.0,296.11,190.0
1753600034181,07:07:14.181,gateio,AAVE/USDT:USDT,296.03,118.0,296.02,955.0,296.09,15.0,296.1,95.0
1753600034286,07:07:14.286,gateio,AAVE/USDT:USDT,296.04,753.0,296.03,2.0,296.07,662.0,296.08,273.0
1753600034384,07:07:14.384,gateio,AAVE/USDT:USDT,296.02,2.0,295.99,100.0,296.03,10.0,296.06,199.0
1753600034482,07:07:14.482,gateio,AAVE/USDT:USDT,296.01,807.0,295.99,127.0,296.03,10.0,296.05,776.0
1753600034591,07:07:14.591,gateio,AAVE/USDT:USDT,296.01,807.0,295.99,220.0,296.03,10.0,296.05,776.0
1753600034602,07:07:14.602,gateio,AAVE/USDT:USDT,296.01,807.0,295.99,220.0,296.03,10.0,296.05,776.0
1753600034758,07:07:14.758,gateio,AAVE/USDT:USDT,296.01,807.0,295.99,220.0,296.05,776.0,296.07,93.0
1753600034837,07:07:14.837,gateio,AAVE/USDT:USDT,296.01,807.0,295.99,220.0,296.05,776.0,296.07,93.0
1753600034998,07:07:14.998,gateio,AAVE/USDT:USDT,296.01,807.0,295.99,127.0,296.05,776.0,296.07,93.0
1753600035099,07:07:15.099,gateio,AAVE/USDT:USDT,295.99,232.0,295.98,1654.0,296.03,720.0,296.06,93.0
1753600035162,07:07:15.162,gateio,AAVE/USDT:USDT,296.0,817.0,295.99,220.0,296.03,720.0,296.07,192.0
1753600035267,07:07:15.267,gateio,AAVE/USDT:USDT,296.0,817.0,295.99,218.0,296.03,720.0,296.07,190.0
1753600035465,07:07:15.465,gateio,AAVE/USDT:USDT,296.0,817.0,295.99,125.0,296.03,720.0,296.07,190.0
1753600035590,07:07:15.590,gateio,AAVE/USDT:USDT,296.0,817.0,295.99,127.0,296.03,720.0,296.07,190.0
1753600035685,07:07:15.685,gateio,AAVE/USDT:USDT,296.01,25.0,296.0,817.0,296.04,10.0,296.06,93.0
1753600035781,07:07:15.781,gateio,AAVE/USDT:USDT,296.02,769.0,295.99,195.0,296.03,10.0,296.04,10.0
1753600035881,07:07:15.881,gateio,AAVE/USDT:USDT,296.02,769.0,295.99,195.0,296.03,10.0,296.05,285.0
1753600036081,07:07:16.081,gateio,AAVE/USDT:USDT,296.02,769.0,295.99,195.0,296.03,10.0,296.05,285.0
1753600036195,07:07:16.195,gateio,AAVE/USDT:USDT,296.02,769.0,295.99,195.0,296.05,259.0,296.06,850.0
1753600036225,07:07:16.225,gateio,AAVE/USDT:USDT,296.02,769.0,295.99,195.0,296.05,2.0,296.06,850.0
1753600036384,07:07:16.384,gateio,AAVE/USDT:USDT,296.02,769.0,295.99,102.0,296.03,10.0,296.04,602.0
1753600036401,07:07:16.401,gateio,AAVE/USDT:USDT,296.02,769.0,295.99,102.0,296.03,10.0,296.04,602.0
1753600036586,07:07:16.586,gateio,AAVE/USDT:USDT,295.99,127.0,295.98,1654.0,296.03,10.0,296.04,602.0
1753600036691,07:07:16.691,gateio,AAVE/USDT:USDT,296.0,745.0,295.99,127.0,296.03,10.0,296.04,602.0
1753600036765,07:07:16.765,gateio,AAVE/USDT:USDT,296.0,745.0,295.99,127.0,296.03,10.0,296.04,602.0
1753600036898,07:07:16.898,gateio,AAVE/USDT:USDT,296.0,745.0,295.99,127.0,296.03,10.0,296.04,602.0
1753600037021,07:07:17.021,gateio,AAVE/USDT:USDT,296.0,745.0,295.99,127.0,296.03,10.0,296.04,602.0
1753600037102,07:07:17.102,gateio,AAVE/USDT:USDT,296.0,745.0,295.99,127.0,296.03,10.0,296.04,602.0
1753600037699,07:07:17.699,gateio,AAVE/USDT:USDT,296.0,863.0,295.99,195.0,296.07,93.0,296.08,95.0
1753600037798,07:07:17.798,gateio,AAVE/USDT:USDT,296.01,25.0,296.0,838.0,296.04,10.0,296.05,837.0
1753600037888,07:07:17.888,gateio,AAVE/USDT:USDT,296.0,863.0,295.99,195.0,296.03,10.0,296.05,837.0
1753600037971,07:07:17.971,gateio,AAVE/USDT:USDT,296.0,863.0,295.99,193.0,296.03,10.0,296.05,837.0
1753600038041,07:07:18.041,gateio,AAVE/USDT:USDT,296.0,863.0,295.99,193.0,296.03,10.0,296.05,837.0
1753600038182,07:07:18.182,gateio,AAVE/USDT:USDT,296.0,770.0,295.99,100.0,296.03,10.0,296.04,251.0
1753600038293,07:07:18.293,gateio,AAVE/USDT:USDT,296.0,745.0,295.99,102.0,296.03,10.0,296.04,253.0
1753600038914,07:07:18.914,gateio,AAVE/USDT:USDT,296.0,745.0,295.99,102.0,296.04,253.0,296.05,837.0
1753600039049,07:07:19.049,gateio,AAVE/USDT:USDT,296.0,745.0,295.99,102.0,296.04,253.0,296.05,837.0
1753600039149,07:07:19.149,gateio,AAVE/USDT:USDT,296.0,838.0,295.99,195.0,296.04,253.0,296.05,837.0
1753600039252,07:07:19.252,gateio,AAVE/USDT:USDT,296.0,838.0,295.99,195.0,296.04,2.0,296.05,837.0
1753600039375,07:07:19.375,gateio,AAVE/USDT:USDT,296.0,838.0,295.99,195.0,296.05,837.0,296.07,95.0
1753600039422,07:07:19.422,gateio,AAVE/USDT:USDT,296.0,745.0,295.99,102.0,296.05,837.0,296.07,95.0
1753600039546,07:07:19.546,gateio,AAVE/USDT:USDT,296.0,745.0,295.99,102.0,296.05,837.0,296.07,95.0
1753600039793,07:07:19.793,gateio,AAVE/USDT:USDT,296.0,745.0,295.99,102.0,296.05,837.0,296.07,95.0
1753600040062,07:07:20.062,gateio,AAVE/USDT:USDT,296.0,745.0,295.99,102.0,296.05,837.0,296.07,95.0
1753600040848,07:07:20.848,gateio,AAVE/USDT:USDT,296.0,745.0,295.99,102.0,296.05,837.0,296.07,95.0
1753600040961,07:07:20.961,gateio,AAVE/USDT:USDT,296.0,745.0,295.99,102.0,296.05,837.0,296.07,95.0
1753600041014,07:07:21.014,gateio,AAVE/USDT:USDT,296.0,745.0,295.99,102.0,296.05,837.0,296.07,95.0
1753600041298,07:07:21.298,gateio,AAVE/USDT:USDT,296.0,745.0,295.99,102.0,296.05,837.0,296.07,95.0
1753600041378,07:07:21.378,gateio,AAVE/USDT:USDT,296.0,745.0,295.99,102.0,296.05,837.0,296.07,95.0
1753600041435,07:07:21.435,gateio,AAVE/USDT:USDT,296.0,745.0,295.99,102.0,296.05,837.0,296.07,95.0
1753600042410,07:07:22.410,gateio,AAVE/USDT:USDT,296.0,745.0,295.99,102.0,296.04,93.0,296.05,837.0
1753600042502,07:07:22.502,gateio,AAVE/USDT:USDT,296.0,745.0,295.99,102.0,296.04,344.0,296.05,837.0
1753600042683,07:07:22.683,gateio,AAVE/USDT:USDT,296.0,745.0,295.99,102.0,296.04,253.0,296.05,837.0
1753600042797,07:07:22.797,gateio,AAVE/USDT:USDT,296.0,745.0,295.99,102.0,296.04,253.0,296.05,837.0
1753600042895,07:07:22.895,gateio,AAVE/USDT:USDT,296.0,745.0,295.99,102.0,296.03,624.0,296.04,95.0
1753600042944,07:07:22.944,gateio,AAVE/USDT:USDT,295.99,102.0,295.98,1654.0,296.01,10.0,296.03,624.0
1753600043072,07:07:23.072,gateio,AAVE/USDT:USDT,295.99,914.0,295.98,1747.0,296.01,10.0,296.03,624.0
1753600043123,07:07:23.123,gateio,AAVE/USDT:USDT,295.99,939.0,295.98,1747.0,296.01,10.0,296.03,624.0
1753600043201,07:07:23.201,gateio,AAVE/USDT:USDT,295.99,939.0,295.98,1747.0,296.01,10.0,296.03,624.0
1753600043307,07:07:23.307,gateio,AAVE/USDT:USDT,295.99,939.0,295.98,1747.0,296.01,10.0,296.03,624.0
1753600043422,07:07:23.422,gateio,AAVE/USDT:USDT,295.99,914.0,295.98,1747.0,296.01,10.0,296.03,624.0
1753600043582,07:07:23.582,gateio,AAVE/USDT:USDT,295.95,100.0,295.94,100.0,295.96,10.0,295.99,105.0
1753600043694,07:07:23.694,gateio,AAVE/USDT:USDT,295.95,888.0,295.94,100.0,295.96,10.0,295.99,712.0
1753600043795,07:07:23.795,gateio,AAVE/USDT:USDT,295.95,2542.0,295.94,100.0,295.99,712.0,296.01,95.0
1753600043894,07:07:23.894,gateio,AAVE/USDT:USDT,295.95,2635.0,295.94,193.0,295.99,712.0,296.01,95.0
1753600043924,07:07:23.924,gateio,AAVE/USDT:USDT,295.95,2635.0,295.94,193.0,295.99,712.0,296.01,95.0
1753600044298,07:07:24.298,gateio,AAVE/USDT:USDT,295.95,2635.0,295.94,193.0,295.99,712.0,296.01,95.0
1753600044321,07:07:24.321,gateio,AAVE/USDT:USDT,295.95,2635.0,295.94,193.0,295.99,712.0,296.01,95.0
1753600044490,07:07:24.490,gateio,AAVE/USDT:USDT,295.95,2635.0,295.94,193.0,295.99,712.0,296.01,95.0
1753600044682,07:07:24.682,gateio,AAVE/USDT:USDT,295.95,2635.0,295.94,193.0,295.99,712.0,296.01,95.0
1753600044788,07:07:24.788,gateio,AAVE/USDT:USDT,295.95,2770.0,295.94,193.0,295.99,712.0,296.01,95.0
1753600045085,07:07:25.085,gateio,AAVE/USDT:USDT,295.95,2770.0,295.94,193.0,295.99,712.0,296.01,95.0
1753600045105,07:07:25.105,gateio,AAVE/USDT:USDT,295.95,2770.0,295.94,193.0,295.99,712.0,296.01,95.0
1753600045283,07:07:25.283,gateio,AAVE/USDT:USDT,295.95,2677.0,295.94,100.0,295.99,712.0,296.01,95.0
1753600045383,07:07:25.383,gateio,AAVE/USDT:USDT,295.95,2677.0,295.94,100.0,295.99,712.0,296.01,180.0
1753600045482,07:07:25.482,gateio,AAVE/USDT:USDT,295.95,2577.0,295.94,100.0,295.99,712.0,296.01,182.0
1753600045817,07:07:25.817,gateio,AAVE/USDT:USDT,295.95,2577.0,295.94,100.0,295.99,712.0,296.01,182.0
1753600046065,07:07:26.065,gateio,AAVE/USDT:USDT,295.95,2577.0,295.94,100.0,295.99,712.0,296.01,2.0
1753600046182,07:07:26.182,gateio,AAVE/USDT:USDT,295.95,2577.0,295.94,100.0,295.99,712.0,296.02,190.0
1753600046202,07:07:26.202,gateio,AAVE/USDT:USDT,295.95,2577.0,295.94,100.0,295.99,712.0,296.02,190.0
1753600046385,07:07:26.385,gateio,AAVE/USDT:USDT,295.95,2577.0,295.94,100.0,295.99,712.0,296.01,95.0
1753600046468,07:07:26.468,gateio,AAVE/USDT:USDT,295.95,2577.0,295.94,100.0,295.99,712.0,296.01,95.0
1753600047396,07:07:27.396,gateio,AAVE/USDT:USDT,295.95,1654.0,295.94,100.0,295.96,10.0,295.98,337.0
1753600047495,07:07:27.495,gateio,AAVE/USDT:USDT,295.91,895.0,295.9,193.0,295.92,10.0,295.95,780.0
1753600047599,07:07:27.599,gateio,AAVE/USDT:USDT,295.91,895.0,295.9,193.0,295.92,10.0,295.95,780.0
1753600047678,07:07:27.678,gateio,AAVE/USDT:USDT,295.91,2655.0,295.9,193.0,295.95,780.0,295.98,95.0
1753600047705,07:07:27.705,gateio,AAVE/USDT:USDT,295.91,2655.0,295.9,193.0,295.95,780.0,295.98,95.0
1753600047988,07:07:27.988,gateio,AAVE/USDT:USDT,295.91,2655.0,295.9,193.0,295.93,10.0,295.95,780.0
1753600048063,07:07:28.063,gateio,AAVE/USDT:USDT,295.91,2655.0,295.9,193.0,295.93,10.0,295.95,780.0
1753600048155,07:07:28.155,gateio,AAVE/USDT:USDT,295.91,2655.0,295.9,193.0,295.93,10.0,295.95,780.0
1753600048446,07:07:28.446,gateio,AAVE/USDT:USDT,295.91,2655.0,295.9,193.0,295.93,10.0,295.95,780.0
1753600048557,07:07:28.557,gateio,AAVE/USDT:USDT,295.91,2655.0,295.9,193.0,295.93,10.0,295.95,780.0
1753600048782,07:07:28.782,gateio,AAVE/USDT:USDT,295.91,2748.0,295.9,286.0,295.98,95.0,296.0,2.0
1753600048890,07:07:28.890,gateio,AAVE/USDT:USDT,295.93,887.0,295.92,2.0,295.96,10.0,295.99,433.0
1753600048984,07:07:28.984,gateio,AAVE/USDT:USDT,295.93,862.0,295.92,27.0,295.95,10.0,295.97,673.0
1753600049061,07:07:29.061,gateio,AAVE/USDT:USDT,295.93,862.0,295.92,27.0,295.95,10.0,295.97,673.0
1753600049292,07:07:29.292,gateio,AAVE/USDT:USDT,295.93,862.0,295.92,2.0,295.94,10.0,295.95,832.0
1753600049382,07:07:29.382,gateio,AAVE/USDT:USDT,295.92,2.0,295.91,1760.0,295.93,10.0,295.95,832.0
1753600049487,07:07:29.487,gateio,AAVE/USDT:USDT,295.91,2520.0,295.9,193.0,295.93,10.0,295.95,832.0
1753600049598,07:07:29.598,gateio,AAVE/USDT:USDT,295.91,2613.0,295.9,286.0,295.95,832.0,295.97,95.0
1753600049687,07:07:29.687,gateio,AAVE/USDT:USDT,295.92,25.0,295.91,2588.0,295.96,10.0,295.98,95.0
1753600049796,07:07:29.796,gateio,AAVE/USDT:USDT,295.93,806.0,295.92,27.0,295.95,10.0,295.97,229.0
1753600049898,07:07:29.898,gateio,AAVE/USDT:USDT,295.93,544.0,295.92,27.0,295.94,10.0,295.95,10.0
1753600049950,07:07:29.950,gateio,AAVE/USDT:USDT,295.93,544.0,295.92,25.0,295.94,10.0,295.96,808.0
1753600050005,07:07:30.005,gateio,AAVE/USDT:USDT,295.93,544.0,295.92,25.0,295.94,10.0,295.96,808.0
1753600050141,07:07:30.141,gateio,AAVE/USDT:USDT,295.93,544.0,295.92,25.0,295.94,10.0,295.96,808.0
1753600050298,07:07:30.298,gateio,AAVE/USDT:USDT,295.95,306.0,295.94,381.0,296.01,95.0,296.02,5.0
1753600050342,07:07:30.342,gateio,AAVE/USDT:USDT,295.96,833.0,295.95,118.0,296.0,825.0,296.01,95.0
1753600050422,07:07:30.422,gateio,AAVE/USDT:USDT,295.96,833.0,295.95,118.0,296.0,825.0,296.01,95.0
1753600050562,07:07:30.562,gateio,AAVE/USDT:USDT,295.96,833.0,295.95,118.0,296.0,825.0,296.01,95.0
1753600050682,07:07:30.682,gateio,AAVE/USDT:USDT,295.94,100.0,295.93,100.0,295.98,796.0,295.99,95.0
1753600050710,07:07:30.710,gateio,AAVE/USDT:USDT,295.94,100.0,295.93,100.0,295.98,796.0,295.99,95.0
1753600050882,07:07:30.882,gateio,AAVE/USDT:USDT,295.94,885.0,295.93,100.0,295.98,796.0,295.99,95.0
1753600050991,07:07:30.991,gateio,AAVE/USDT:USDT,295.94,885.0,295.93,100.0,295.96,728.0,295.99,95.0
1753600051090,07:07:31.090,gateio,AAVE/USDT:USDT,295.94,885.0,295.93,100.0,295.99,95.0,296.0,270.0
1753600051119,07:07:31.119,gateio,AAVE/USDT:USDT,295.94,885.0,295.93,100.0,295.99,95.0,296.0,270.0
1753600051245,07:07:31.245,gateio,AAVE/USDT:USDT,295.94,885.0,295.93,100.0,295.98,866.0,295.99,95.0
1753600051310,07:07:31.310,gateio,AAVE/USDT:USDT,295.94,885.0,295.93,100.0,295.98,866.0,295.99,95.0
1753600051409,07:07:31.409,gateio,AAVE/USDT:USDT,295.94,785.0,295.93,100.0,295.98,866.0,295.99,95.0
1753600051502,07:07:31.502,gateio,AAVE/USDT:USDT,295.94,785.0,295.93,100.0,295.98,866.0,295.99,95.0
1753600051697,07:07:31.697,gateio,AAVE/USDT:USDT,295.94,785.0,295.93,100.0,295.98,866.0,296.0,177.0
1753600051791,07:07:31.791,gateio,AAVE/USDT:USDT,295.94,785.0,295.93,100.0,295.98,871.0,296.01,95.0
1753600051850,07:07:31.850,gateio,AAVE/USDT:USDT,295.94,785.0,295.93,100.0,295.98,871.0,296.01,95.0
1753600051906,07:07:31.906,gateio,AAVE/USDT:USDT,295.94,785.0,295.93,100.0,295.98,871.0,296.01,95.0
1753600052022,07:07:32.022,gateio,AAVE/USDT:USDT,295.94,785.0,295.93,100.0,295.98,871.0,296.01,95.0
1753600052157,07:07:32.157,gateio,AAVE/USDT:USDT,295.95,62.0,295.94,878.0,295.98,5.0,296.01,95.0
1753600052262,07:07:32.262,gateio,AAVE/USDT:USDT,295.96,784.0,295.94,118.0,295.98,5.0,295.99,257.0
1753600052306,07:07:32.306,gateio,AAVE/USDT:USDT,295.96,784.0,295.94,118.0,295.98,5.0,295.99,257.0
1753600052698,07:07:32.698,gateio,AAVE/USDT:USDT,295.96,784.0,295.94,118.0,295.98,5.0,295.99,257.0
1753600053165,07:07:33.165,gateio,AAVE/USDT:USDT,295.96,784.0,295.94,118.0,295.98,5.0,295.99,257.0
1753600053390,07:07:33.390,gateio,AAVE/USDT:USDT,295.96,809.0,295.94,93.0,295.98,5.0,296.02,93.0
1753600053482,07:07:33.482,gateio,AAVE/USDT:USDT,295.96,809.0,295.94,93.0,295.98,5.0,296.02,347.0
1753600053507,07:07:33.507,gateio,AAVE/USDT:USDT,295.96,809.0,295.94,93.0,295.98,5.0,296.02,347.0
1753600053682,07:07:33.682,gateio,AAVE/USDT:USDT,295.96,784.0,295.94,93.0,295.98,5.0,296.0,241.0
1753600053749,07:07:33.749,gateio,AAVE/USDT:USDT,295.96,784.0,295.94,93.0,295.98,5.0,296.0,241.0
1753600053882,07:07:33.882,gateio,AAVE/USDT:USDT,295.96,784.0,295.94,93.0,295.98,5.0,296.0,241.0
1753600053989,07:07:33.989,gateio,AAVE/USDT:USDT,295.96,784.0,295.94,93.0,295.98,5.0,296.0,241.0
1753600054021,07:07:34.021,gateio,AAVE/USDT:USDT,295.96,784.0,295.94,93.0,295.98,5.0,296.0,241.0
1753600054368,07:07:34.368,gateio,AAVE/USDT:USDT,295.96,784.0,295.94,93.0,295.98,5.0,296.0,241.0
1753600054465,07:07:34.465,gateio,AAVE/USDT:USDT,295.96,784.0,295.93,288.0,295.98,5.0,296.0,241.0
1753600054584,07:07:34.584,gateio,AAVE/USDT:USDT,295.96,784.0,295.93,195.0,295.98,5.0,295.99,736.0
1753600054621,07:07:34.621,gateio,AAVE/USDT:USDT,295.96,784.0,295.93,100.0,295.98,5.0,295.99,736.0
1753600054763,07:07:34.763,gateio,AAVE/USDT:USDT,295.96,784.0,295.93,100.0,295.98,98.0,295.99,736.0
1753600054832,07:07:34.832,gateio,AAVE/USDT:USDT,295.96,784.0,295.93,100.0,295.98,98.0,295.99,736.0
1753600055041,07:07:35.041,gateio,AAVE/USDT:USDT,295.96,784.0,295.93,100.0,295.98,5.0,295.99,736.0
1753600055160,07:07:35.160,gateio,AAVE/USDT:USDT,295.96,784.0,295.93,286.0,295.98,5.0,295.99,736.0
1753600055207,07:07:35.207,gateio,AAVE/USDT:USDT,295.96,784.0,295.93,286.0,295.98,5.0,295.99,736.0
1753600055378,07:07:35.378,gateio,AAVE/USDT:USDT,295.96,784.0,295.93,286.0,295.98,5.0,296.02,186.0
1753600055488,07:07:35.488,gateio,AAVE/USDT:USDT,295.96,784.0,295.93,286.0,295.98,5.0,296.0,831.0
1753600055506,07:07:35.506,gateio,AAVE/USDT:USDT,295.96,784.0,295.93,286.0,295.98,5.0,295.99,249.0
1753600055648,07:07:35.648,gateio,AAVE/USDT:USDT,295.96,784.0,295.94,93.0,295.98,5.0,295.99,249.0
1753600055747,07:07:35.747,gateio,AAVE/USDT:USDT,295.96,784.0,295.93,286.0,295.98,5.0,295.99,249.0
1753600056013,07:07:36.013,gateio,AAVE/USDT:USDT,295.96,784.0,295.93,286.0,295.98,5.0,295.99,249.0
1753600056257,07:07:36.257,gateio,AAVE/USDT:USDT,295.96,784.0,295.93,193.0,295.98,5.0,295.99,249.0
1753600056362,07:07:36.362,gateio,AAVE/USDT:USDT,295.96,784.0,295.93,193.0,295.98,5.0,295.99,249.0
1753600056401,07:07:36.401,gateio,AAVE/USDT:USDT,295.96,784.0,295.93,193.0,295.98,5.0,295.99,249.0
1753600056861,07:07:36.861,gateio,AAVE/USDT:USDT,295.96,784.0,295.93,286.0,295.98,5.0,295.99,249.0
1753600056904,07:07:36.904,gateio,AAVE/USDT:USDT,295.96,784.0,295.93,286.0,295.98,5.0,296.0,831.0
1753600057002,07:07:37.002,gateio,AAVE/USDT:USDT,295.96,784.0,295.93,286.0,295.98,5.0,295.99,249.0
1753600057169,07:07:37.169,gateio,AAVE/USDT:USDT,295.96,784.0,295.94,93.0,295.98,5.0,295.99,249.0
1753600057297,07:07:37.297,gateio,AAVE/USDT:USDT,295.97,118.0,295.96,877.0,296.04,193.0,296.05,100.0
1753600057385,07:07:37.385,gateio,AAVE/USDT:USDT,295.98,730.0,295.97,218.0,296.02,227.0,296.03,757.0
1753600057485,07:07:37.485,gateio,AAVE/USDT:USDT,295.98,730.0,295.97,218.0,296.02,227.0,296.03,757.0
1753600057589,07:07:37.589,gateio,AAVE/USDT:USDT,295.98,730.0,295.97,218.0,296.02,227.0,296.03,757.0
1753600057687,07:07:37.687,gateio,AAVE/USDT:USDT,295.98,730.0,295.97,218.0,296.02,227.0,296.03,757.0
1753600057701,07:07:37.701,gateio,AAVE/USDT:USDT,295.98,730.0,295.97,218.0,296.02,227.0,296.03,757.0
1753600057846,07:07:37.846,gateio,AAVE/USDT:USDT,295.98,730.0,295.97,218.0,296.02,227.0,296.03,757.0
1753600058021,07:07:38.021,gateio,AAVE/USDT:USDT,295.98,730.0,295.97,218.0,296.02,227.0,296.03,757.0
1753600058392,07:07:38.392,gateio,AAVE/USDT:USDT,295.98,730.0,295.96,93.0,296.01,718.0,296.04,93.0
1753600058405,07:07:38.405,gateio,AAVE/USDT:USDT,295.98,730.0,295.96,93.0,296.01,718.0,296.04,179.0
1753600058504,07:07:38.504,gateio,AAVE/USDT:USDT,295.98,730.0,295.96,93.0,296.01,718.0,296.04,179.0
1753600059370,07:07:39.370,gateio,AAVE/USDT:USDT,295.98,730.0,295.96,93.0,296.01,718.0,296.04,179.0
1753600059487,07:07:39.487,gateio,AAVE/USDT:USDT,295.98,730.0,295.96,93.0,296.01,718.0,296.04,179.0
1753600059561,07:07:39.561,gateio,AAVE/USDT:USDT,295.98,730.0,295.96,93.0,296.01,718.0,296.04,179.0
1753600059841,07:07:39.841,gateio,AAVE/USDT:USDT,295.98,730.0,295.96,93.0,296.01,718.0,296.04,179.0
1753600060166,07:07:40.166,gateio,AAVE/USDT:USDT,295.98,730.0,295.96,93.0,296.01,718.0,296.04,179.0
1753600060342,07:07:40.342,gateio,AAVE/USDT:USDT,295.98,730.0,295.96,93.0,296.01,718.0,296.04,93.0
1753600060547,07:07:40.547,gateio,AAVE/USDT:USDT,295.98,730.0,295.96,93.0,296.01,718.0,296.04,93.0
1753600060601,07:07:40.601,gateio,AAVE/USDT:USDT,295.98,730.0,295.96,93.0,296.01,718.0,296.04,93.0
1753600060760,07:07:40.760,gateio,AAVE/USDT:USDT,295.98,730.0,295.96,93.0,296.01,718.0,296.04,93.0
1753600060875,07:07:40.875,gateio,AAVE/USDT:USDT,295.98,730.0,295.96,93.0,296.01,718.0,296.04,93.0
1753600061021,07:07:41.021,gateio,AAVE/USDT:USDT,295.98,730.0,295.96,93.0,296.01,718.0,296.04,93.0
1753600061342,07:07:41.342,gateio,AAVE/USDT:USDT,295.99,25.0,295.98,730.0,296.05,186.0,296.06,100.0
1753600061481,07:07:41.481,gateio,AAVE/USDT:USDT,295.98,730.0,295.96,93.0,296.03,257.0,296.04,858.0
1753600061524,07:07:41.524,gateio,AAVE/USDT:USDT,295.98,755.0,295.96,93.0,296.03,257.0,296.04,858.0
1753600061789,07:07:41.789,gateio,AAVE/USDT:USDT,295.98,755.0,295.96,93.0,296.03,257.0,296.04,858.0
1753600061802,07:07:41.802,gateio,AAVE/USDT:USDT,295.98,755.0,295.96,93.0,296.03,257.0,296.04,942.0
1753600061982,07:07:41.982,gateio,AAVE/USDT:USDT,295.98,730.0,295.96,93.0,296.02,785.0,296.05,186.0
1753600062021,07:07:42.021,gateio,AAVE/USDT:USDT,295.98,730.0,295.96,93.0,296.02,785.0,296.04,84.0
1753600062177,07:07:42.177,gateio,AAVE/USDT:USDT,295.98,730.0,295.96,93.0,296.02,785.0,296.04,84.0
1753600062290,07:07:42.290,gateio,AAVE/USDT:USDT,295.98,730.0,295.96,93.0,296.02,785.0,296.04,84.0
1753600062378,07:07:42.378,gateio,AAVE/USDT:USDT,295.98,730.0,295.96,93.0,296.02,785.0,296.04,84.0
1753600062981,07:07:42.981,gateio,AAVE/USDT:USDT,295.98,730.0,295.96,93.0,296.02,785.0,296.04,84.0
1753600063268,07:07:43.268,gateio,AAVE/USDT:USDT,295.98,730.0,295.96,93.0,296.02,785.0,296.04,84.0
1753600063879,07:07:43.879,gateio,AAVE/USDT:USDT,295.98,730.0,295.96,93.0,296.02,785.0,296.04,84.0
1753600064127,07:07:44.127,gateio,AAVE/USDT:USDT,295.98,730.0,295.94,93.0,296.02,785.0,296.04,84.0
1753600065386,07:07:45.386,gateio,AAVE/USDT:USDT,295.98,730.0,295.94,93.0,296.02,785.0,296.04,84.0
1753600065403,07:07:45.403,gateio,AAVE/USDT:USDT,295.98,730.0,295.94,93.0,296.02,785.0,296.04,84.0
1753600065580,07:07:45.580,gateio,AAVE/USDT:USDT,295.98,730.0,295.94,93.0,296.02,878.0,296.03,93.0
1753600065606,07:07:45.606,gateio,AAVE/USDT:USDT,295.98,730.0,295.94,93.0,296.02,878.0,296.03,93.0
1753600066241,07:07:46.241,gateio,AAVE/USDT:USDT,295.98,730.0,295.94,93.0,296.02,878.0,296.03,93.0
1753600066302,07:07:46.302,gateio,AAVE/USDT:USDT,295.98,730.0,295.94,93.0,296.02,878.0,296.03,93.0
1753600066683,07:07:46.683,gateio,AAVE/USDT:USDT,295.98,730.0,295.95,93.0,296.02,785.0,296.05,186.0
1753600066706,07:07:46.706,gateio,AAVE/USDT:USDT,295.98,730.0,295.95,93.0,296.02,785.0,296.05,186.0
1753600066892,07:07:46.892,gateio,AAVE/USDT:USDT,295.98,730.0,295.96,93.0,296.02,785.0,296.05,93.0
1753600066988,07:07:46.988,gateio,AAVE/USDT:USDT,295.98,730.0,295.95,93.0,296.02,785.0,296.04,93.0
1753600067040,07:07:47.040,gateio,AAVE/USDT:USDT,295.98,730.0,295.95,93.0,296.01,92.0,296.02,785.0
1753600067172,07:07:47.172,gateio,AAVE/USDT:USDT,295.98,730.0,295.96,92.0,296.02,785.0,296.04,93.0
1753600067234,07:07:47.234,gateio,AAVE/USDT:USDT,295.98,730.0,295.96,92.0,296.02,785.0,296.04,93.0
1753600067885,07:07:47.885,gateio,AAVE/USDT:USDT,295.95,25.0,295.93,100.0,296.01,92.0,296.02,785.0
1753600067996,07:07:47.996,gateio,AAVE/USDT:USDT,295.96,829.0,295.95,92.0,296.0,760.0,296.03,92.0
1753600068083,07:07:48.083,gateio,AAVE/USDT:USDT,295.96,829.0,295.95,92.0,296.0,760.0,296.03,92.0
1753600068162,07:07:48.162,gateio,AAVE/USDT:USDT,295.96,829.0,295.95,92.0,296.0,760.0,296.03,92.0
1753600068232,07:07:48.232,gateio,AAVE/USDT:USDT,295.96,829.0,295.95,92.0,296.0,760.0,296.03,92.0
1753600068393,07:07:48.393,gateio,AAVE/USDT:USDT,295.96,829.0,295.95,92.0,296.0,760.0,296.03,92.0
1753600069361,07:07:49.361,gateio,AAVE/USDT:USDT,295.96,829.0,295.95,92.0,296.0,760.0,296.03,92.0
1753600069460,07:07:49.460,gateio,AAVE/USDT:USDT,295.96,829.0,295.95,92.0,296.0,760.0,296.03,92.0
1753600069679,07:07:49.679,gateio,AAVE/USDT:USDT,295.96,804.0,295.94,100.0,295.99,92.0,296.0,760.0
1753600069755,07:07:49.755,gateio,AAVE/USDT:USDT,295.96,804.0,295.94,100.0,295.98,747.0,295.99,92.0
1753600069890,07:07:49.890,gateio,AAVE/USDT:USDT,295.96,804.0,295.94,100.0,295.98,747.0,295.99,92.0
1753600069969,07:07:49.969,gateio,AAVE/USDT:USDT,295.96,804.0,295.94,100.0,295.98,747.0,296.03,92.0
1753600070150,07:07:50.150,gateio,AAVE/USDT:USDT,295.96,804.0,295.94,100.0,295.98,747.0,296.03,92.0
1753600070201,07:07:50.201,gateio,AAVE/USDT:USDT,295.96,804.0,295.94,100.0,295.98,747.0,296.03,92.0
1753600070302,07:07:50.302,gateio,AAVE/USDT:USDT,295.96,804.0,295.94,100.0,295.98,747.0,296.03,92.0
1753600071022,07:07:51.022,gateio,AAVE/USDT:USDT,295.96,804.0,295.94,100.0,295.98,747.0,296.03,92.0
1753600071195,07:07:51.195,gateio,AAVE/USDT:USDT,295.96,804.0,295.94,100.0,295.98,747.0,296.03,92.0
1753600071257,07:07:51.257,gateio,AAVE/USDT:USDT,295.97,25.0,295.96,804.0,296.03,92.0,296.04,93.0
1753600071396,07:07:51.396,gateio,AAVE/USDT:USDT,295.96,804.0,295.94,100.0,296.0,186.0,296.01,312.0
1753600071478,07:07:51.478,gateio,AAVE/USDT:USDT,295.96,804.0,295.94,100.0,296.0,1020.0,296.01,92.0
1753600071535,07:07:51.535,gateio,AAVE/USDT:USDT,295.96,804.0,295.94,100.0,296.0,1020.0,296.02,25.0
1753600071868,07:07:51.868,gateio,AAVE/USDT:USDT,295.96,804.0,295.94,100.0,296.0,1020.0,296.02,118.0
1753600072178,07:07:52.178,gateio,AAVE/USDT:USDT,295.96,804.0,295.94,100.0,296.0,1020.0,296.02,118.0
1753600072269,07:07:52.269,gateio,AAVE/USDT:USDT,295.96,897.0,295.95,93.0,296.0,834.0,296.03,92.0
1753600072315,07:07:52.315,gateio,AAVE/USDT:USDT,295.96,1015.0,295.95,186.0,296.0,834.0,296.03,92.0
1753600072409,07:07:52.409,gateio,AAVE/USDT:USDT,295.96,1015.0,295.95,186.0,296.0,834.0,296.03,92.0
1753600072894,07:07:52.894,gateio,AAVE/USDT:USDT,295.96,1015.0,295.95,186.0,296.0,834.0,296.05,93.0
1753600072906,07:07:52.906,gateio,AAVE/USDT:USDT,295.96,1015.0,295.95,186.0,296.0,834.0,296.05,93.0
1753600073093,07:07:53.093,gateio,AAVE/USDT:USDT,295.97,217.0,295.96,804.0,296.04,92.0,296.05,177.0
1753600073188,07:07:53.188,gateio,AAVE/USDT:USDT,295.98,846.0,295.95,92.0,296.02,260.0,296.03,866.0
1753600073287,07:07:53.287,gateio,AAVE/USDT:USDT,295.98,846.0,295.95,185.0,296.01,853.0,296.04,92.0
1753600073310,07:07:53.310,gateio,AAVE/USDT:USDT,295.98,846.0,295.95,185.0,296.01,853.0,296.04,92.0
1753600073435,07:07:53.435,gateio,AAVE/USDT:USDT,295.98,846.0,295.95,278.0,296.01,853.0,296.04,92.0
1753600073557,07:07:53.557,gateio,AAVE/USDT:USDT,295.98,846.0,295.95,278.0,296.01,853.0,296.04,92.0
1753600074422,07:07:54.422,gateio,AAVE/USDT:USDT,295.98,846.0,295.95,278.0,296.01,853.0,296.04,92.0
1753600074501,07:07:54.501,gateio,AAVE/USDT:USDT,295.98,846.0,295.95,278.0,296.01,853.0,296.04,92.0
1753600074605,07:07:54.605,gateio,AAVE/USDT:USDT,295.98,846.0,295.95,278.0,296.01,853.0,296.04,92.0
1753600074947,07:07:54.947,gateio,AAVE/USDT:USDT,295.98,846.0,295.95,278.0,296.01,853.0,296.04,92.0
1753600075145,07:07:55.145,gateio,AAVE/USDT:USDT,295.98,846.0,295.95,278.0,296.01,853.0,296.04,92.0
1753600075241,07:07:55.241,gateio,AAVE/USDT:USDT,295.98,846.0,295.95,278.0,296.01,853.0,296.03,93.0
1753600075922,07:07:55.922,gateio,AAVE/USDT:USDT,295.98,846.0,295.95,278.0,296.01,853.0,296.04,92.0
1753600076006,07:07:56.006,gateio,AAVE/USDT:USDT,295.98,846.0,295.95,278.0,296.01,853.0,296.04,92.0
1753600076411,07:07:56.411,gateio,AAVE/USDT:USDT,295.98,846.0,295.95,278.0,296.01,853.0,296.04,185.0
1753600076596,07:07:56.596,gateio,AAVE/USDT:USDT,295.95,211.0,295.94,100.0,296.0,350.0,296.01,853.0
1753600076697,07:07:56.697,gateio,AAVE/USDT:USDT,295.95,760.0,295.94,125.0,295.99,752.0,296.0,350.0
1753600076793,07:07:56.793,gateio,AAVE/USDT:USDT,295.95,785.0,295.94,100.0,295.99,752.0,296.0,94.0
1753600076837,07:07:56.837,gateio,AAVE/USDT:USDT,295.95,785.0,295.94,100.0,295.99,752.0,296.01,94.0
1753600077075,07:07:57.075,gateio,AAVE/USDT:USDT,295.95,785.0,295.94,100.0,295.99,752.0,296.01,94.0
1753600077123,07:07:57.123,gateio,AAVE/USDT:USDT,295.95,785.0,295.94,100.0,295.99,752.0,296.01,94.0
1753600077205,07:07:57.205,gateio,AAVE/USDT:USDT,295.95,785.0,295.94,100.0,295.99,752.0,296.01,94.0
1753600077422,07:07:57.422,gateio,AAVE/USDT:USDT,295.95,785.0,295.94,100.0,295.99,752.0,296.01,94.0
1753600078101,07:07:58.101,gateio,AAVE/USDT:USDT,295.95,785.0,295.94,100.0,295.99,752.0,296.01,94.0
1753600078267,07:07:58.267,gateio,AAVE/USDT:USDT,295.95,760.0,295.94,100.0,295.99,752.0,296.01,94.0
1753600078306,07:07:58.306,gateio,AAVE/USDT:USDT,295.95,760.0,295.94,100.0,295.99,752.0,296.01,94.0
1753600078430,07:07:58.430,gateio,AAVE/USDT:USDT,295.95,785.0,295.94,100.0,295.99,752.0,296.01,94.0
1753600078781,07:07:58.781,gateio,AAVE/USDT:USDT,295.96,25.0,295.95,853.0,296.04,92.0,296.06,186.0
1753600078856,07:07:58.856,gateio,AAVE/USDT:USDT,295.96,119.0,295.95,760.0,296.04,92.0,296.05,93.0
1753600078936,07:07:58.936,gateio,AAVE/USDT:USDT,295.96,119.0,295.95,760.0,296.04,92.0,296.05,93.0
1753600079035,07:07:59.035,gateio,AAVE/USDT:USDT,295.97,801.0,295.96,119.0,296.02,246.0,296.03,821.0
1753600079133,07:07:59.133,gateio,AAVE/USDT:USDT,295.97,801.0,295.96,119.0,296.02,246.0,296.03,821.0
1753600079246,07:07:59.246,gateio,AAVE/USDT:USDT,295.97,801.0,295.96,212.0,296.02,246.0,296.03,821.0
1753600079499,07:07:59.499,gateio,AAVE/USDT:USDT,295.97,801.0,295.96,119.0,296.01,766.0,296.02,246.0
1753600079521,07:07:59.521,gateio,AAVE/USDT:USDT,295.97,801.0,295.96,25.0,296.01,766.0,296.02,2.0
1753600079657,07:07:59.657,gateio,AAVE/USDT:USDT,295.97,801.0,295.96,25.0,296.01,766.0,296.04,92.0
1753600079798,07:07:59.798,gateio,AAVE/USDT:USDT,295.97,801.0,295.96,25.0,296.01,766.0,296.02,187.0
1753600079806,07:07:59.806,gateio,AAVE/USDT:USDT,295.97,801.0,295.96,25.0,296.01,766.0,296.02,187.0
1753600080079,07:08:00.079,gateio,AAVE/USDT:USDT,295.97,801.0,295.96,25.0,296.01,766.0,296.02,94.0
1753600080106,07:08:00.106,gateio,AAVE/USDT:USDT,295.97,801.0,295.96,25.0,296.01,766.0,296.02,94.0
1753600080339,07:08:00.339,gateio,AAVE/USDT:USDT,295.97,801.0,295.96,25.0,296.01,766.0,296.02,94.0
1753600080432,07:08:00.432,gateio,AAVE/USDT:USDT,295.97,801.0,295.96,25.0,296.01,766.0,296.02,94.0
1753600080584,07:08:00.584,gateio,AAVE/USDT:USDT,295.97,801.0,295.96,25.0,296.01,766.0,296.02,94.0
1753600081078,07:08:01.078,gateio,AAVE/USDT:USDT,295.97,801.0,295.96,25.0,296.01,766.0,296.02,94.0
1753600081106,07:08:01.106,gateio,AAVE/USDT:USDT,295.97,801.0,295.96,25.0,296.01,766.0,296.02,94.0
1753600081221,07:08:01.221,gateio,AAVE/USDT:USDT,295.97,801.0,295.96,25.0,296.01,766.0,296.04,92.0
1753600081306,07:08:01.306,gateio,AAVE/USDT:USDT,295.97,801.0,295.96,25.0,296.01,766.0,296.04,92.0
1753600081718,07:08:01.718,gateio,AAVE/USDT:USDT,295.97,801.0,295.96,25.0,296.01,766.0,296.04,92.0
1753600081877,07:08:01.877,gateio,AAVE/USDT:USDT,295.97,801.0,295.96,25.0,296.0,94.0,296.01,766.0
1753600081944,07:08:01.944,gateio,AAVE/USDT:USDT,295.94,125.0,295.93,194.0,295.99,771.0,296.0,94.0
1753600082087,07:08:02.087,gateio,AAVE/USDT:USDT,295.95,736.0,295.94,100.0,295.99,771.0,296.04,92.0
1753600082598,07:08:02.598,gateio,AAVE/USDT:USDT,295.93,100.0,295.92,102.0,295.98,325.0,295.99,771.0
1753600082687,07:08:02.687,gateio,AAVE/USDT:USDT,295.97,188.0,295.96,25.0,296.02,467.0,296.03,20.0
1753600082780,07:08:02.780,gateio,AAVE/USDT:USDT,295.96,870.0,295.95,128.0,296.0,780.0,296.02,94.0
1753600082893,07:08:02.893,gateio,AAVE/USDT:USDT,295.97,25.0,295.96,870.0,296.03,114.0,296.06,100.0
1753600082980,07:08:02.980,gateio,AAVE/USDT:USDT,295.98,728.0,295.97,119.0,296.02,236.0,296.03,786.0
1753600083098,07:08:03.098,gateio,AAVE/USDT:USDT,295.98,728.0,295.97,25.0,296.01,804.0,296.02,236.0
1753600083195,07:08:03.195,gateio,AAVE/USDT:USDT,295.95,128.0,295.93,194.0,296.01,804.0,296.02,2.0
1753600083225,07:08:03.225,gateio,AAVE/USDT:USDT,295.95,128.0,295.93,194.0,296.0,241.0,296.01,804.0
1753600083385,07:08:03.385,gateio,AAVE/USDT:USDT,295.96,713.0,295.95,128.0,296.0,241.0,296.01,804.0
1753600083442,07:08:03.442,gateio,AAVE/USDT:USDT,295.96,713.0,295.95,128.0,296.0,241.0,296.01,804.0
1753600083594,07:08:03.594,gateio,AAVE/USDT:USDT,295.96,713.0,295.95,128.0,295.99,709.0,296.0,241.0
1753600083604,07:08:03.604,gateio,AAVE/USDT:USDT,295.96,713.0,295.95,128.0,295.99,709.0,296.01,188.0
1753600083890,07:08:03.890,gateio,AAVE/USDT:USDT,295.96,738.0,295.95,128.0,296.03,114.0,296.04,93.0
1753600083957,07:08:03.957,gateio,AAVE/USDT:USDT,295.97,25.0,295.96,713.0,296.03,20.0,296.04,93.0
1753600084088,07:08:04.088,gateio,AAVE/USDT:USDT,295.98,816.0,295.97,25.0,296.02,248.0,296.03,828.0
1753600084182,07:08:04.182,gateio,AAVE/USDT:USDT,295.98,816.0,295.95,128.0,296.01,837.0,296.02,248.0
1753600084222,07:08:04.222,gateio,AAVE/USDT:USDT,295.98,816.0,295.96,95.0,296.01,837.0,296.03,115.0
1753600084305,07:08:04.305,gateio,AAVE/USDT:USDT,295.98,816.0,295.96,95.0,296.01,837.0,296.03,115.0
1753600084478,07:08:04.478,gateio,AAVE/USDT:USDT,295.95,153.0,295.93,194.0,296.01,837.0,296.03,115.0
1753600084589,07:08:04.589,gateio,AAVE/USDT:USDT,295.96,871.0,295.95,153.0,295.99,840.0,296.0,251.0
1753600084638,07:08:04.638,gateio,AAVE/USDT:USDT,295.96,871.0,295.95,153.0,295.99,840.0,296.01,95.0
1753600084733,07:08:04.733,gateio,AAVE/USDT:USDT,295.96,871.0,295.95,153.0,295.99,840.0,296.01,95.0
1753600084816,07:08:04.816,gateio,AAVE/USDT:USDT,295.96,871.0,295.95,153.0,295.99,840.0,296.01,95.0
1753600084962,07:08:04.962,gateio,AAVE/USDT:USDT,295.96,871.0,295.95,153.0,295.99,840.0,296.01,95.0
1753600085054,07:08:05.054,gateio,AAVE/USDT:USDT,295.96,871.0,295.95,153.0,295.99,840.0,296.01,95.0
1753600085231,07:08:05.231,gateio,AAVE/USDT:USDT,295.96,871.0,295.95,153.0,295.99,840.0,296.01,95.0
1753600085393,07:08:05.393,gateio,AAVE/USDT:USDT,295.96,896.0,295.95,128.0,296.03,115.0,296.04,93.0
1753600085496,07:08:05.496,gateio,AAVE/USDT:USDT,295.96,871.0,295.95,128.0,296.0,247.0,296.01,824.0
1753600085545,07:08:05.545,gateio,AAVE/USDT:USDT,295.96,871.0,295.95,128.0,296.0,247.0,296.01,824.0
1753600085624,07:08:05.624,gateio,AAVE/USDT:USDT,295.96,871.0,295.95,128.0,296.01,824.0,296.03,115.0
1753600085706,07:08:05.706,gateio,AAVE/USDT:USDT,295.96,871.0,295.95,128.0,296.01,824.0,296.03,115.0
1753600085888,07:08:05.888,gateio,AAVE/USDT:USDT,295.96,871.0,295.95,128.0,296.01,824.0,296.03,115.0
1753600086022,07:08:06.022,gateio,AAVE/USDT:USDT,295.96,871.0,295.95,128.0,296.01,824.0,296.03,115.0
1753600086386,07:08:06.386,gateio,AAVE/USDT:USDT,295.96,871.0,295.95,128.0,296.01,824.0,296.03,115.0
1753600086454,07:08:06.454,gateio,AAVE/USDT:USDT,295.96,871.0,295.95,128.0,296.01,824.0,296.03,115.0
1753600086545,07:08:06.545,gateio,AAVE/USDT:USDT,295.96,896.0,295.95,128.0,296.01,824.0,296.03,115.0
1753600086706,07:08:06.706,gateio,AAVE/USDT:USDT,295.96,896.0,295.95,128.0,296.01,824.0,296.03,115.0
1753600086837,07:08:06.837,gateio,AAVE/USDT:USDT,295.98,837.0,295.97,95.0,296.01,824.0,296.03,20.0
1753600086908,07:08:06.908,gateio,AAVE/USDT:USDT,295.98,837.0,295.97,95.0,296.01,824.0,296.03,115.0
1753600087011,07:08:07.011,gateio,AAVE/USDT:USDT,295.98,837.0,295.97,95.0,296.01,824.0,296.03,115.0
1753600087103,07:08:07.103,gateio,AAVE/USDT:USDT,295.98,837.0,295.97,95.0,296.01,824.0,296.03,20.0
1753600087261,07:08:07.261,gateio,AAVE/USDT:USDT,295.98,837.0,295.97,95.0,296.01,824.0,296.03,115.0
1753600087798,07:08:07.798,gateio,AAVE/USDT:USDT,295.98,837.0,295.97,95.0,296.01,824.0,296.03,95.0
1753600087898,07:08:07.898,gateio,AAVE/USDT:USDT,296.0,188.0,295.99,25.0,296.06,195.0,296.07,102.0
1753600087999,07:08:07.999,gateio,AAVE/USDT:USDT,296.01,872.0,295.99,120.0,296.04,242.0,296.05,807.0
1753600088011,07:08:08.011,gateio,AAVE/USDT:USDT,296.01,872.0,295.99,120.0,296.04,242.0,296.05,807.0
1753600088355,07:08:08.355,gateio,AAVE/USDT:USDT,296.01,872.0,295.99,120.0,296.04,242.0,296.05,807.0
1753600088462,07:08:08.462,gateio,AAVE/USDT:USDT,296.02,120.0,296.01,872.0,296.07,100.0,296.09,95.0
1753600088573,07:08:08.573,gateio,AAVE/USDT:USDT,296.03,851.0,296.02,120.0,296.08,263.0,296.09,878.0
1753600088622,07:08:08.622,gateio,AAVE/USDT:USDT,296.03,851.0,296.02,120.0,296.08,263.0,296.09,878.0
1753600088799,07:08:08.799,gateio,AAVE/USDT:USDT,296.03,851.0,296.02,120.0,296.08,263.0,296.09,783.0
1753600088870,07:08:08.870,gateio,AAVE/USDT:USDT,296.05,708.0,296.04,188.0,296.08,263.0,296.09,783.0
1753600088994,07:08:08.994,gateio,AAVE/USDT:USDT,296.05,708.0,296.04,188.0,296.08,263.0,296.09,783.0
1753600089098,07:08:09.098,gateio,AAVE/USDT:USDT,296.06,95.0,296.05,708.0,296.09,783.0,296.1,100.0
1753600089197,07:08:09.197,gateio,AAVE/USDT:USDT,296.07,850.0,296.06,95.0,296.1,100.0,296.13,93.0
1753600089263,07:08:09.263,gateio,AAVE/USDT:USDT,296.07,850.0,296.04,95.0,296.1,325.0,296.11,749.0
1753600089348,07:08:09.348,gateio,AAVE/USDT:USDT,296.07,850.0,296.04,95.0,296.1,325.0,296.11,749.0
1753600089494,07:08:09.494,gateio,AAVE/USDT:USDT,296.07,850.0,296.04,95.0,296.1,225.0,296.11,749.0
1753600089594,07:08:09.594,gateio,AAVE/USDT:USDT,296.07,850.0,296.04,188.0,296.1,225.0,296.11,749.0
1753600089602,07:08:09.602,gateio,AAVE/USDT:USDT,296.07,850.0,296.04,188.0,296.1,225.0,296.11,749.0
1753600089713,07:08:09.713,gateio,AAVE/USDT:USDT,296.07,850.0,296.04,188.0,296.1,225.0,296.11,749.0
1753600089882,07:08:09.882,gateio,AAVE/USDT:USDT,296.07,850.0,296.04,188.0,296.1,225.0,296.11,749.0
1753600089978,07:08:09.978,gateio,AAVE/USDT:USDT,296.07,850.0,296.04,188.0,296.1,225.0,296.11,749.0
1753600090078,07:08:10.078,gateio,AAVE/USDT:USDT,296.07,850.0,296.05,95.0,296.1,225.0,296.11,749.0
1753600090181,07:08:10.181,gateio,AAVE/USDT:USDT,296.07,850.0,296.05,95.0,296.1,225.0,296.11,749.0
1753600090981,07:08:10.981,gateio,AAVE/USDT:USDT,296.07,850.0,296.05,95.0,296.1,225.0,296.11,749.0
1753600091001,07:08:11.001,gateio,AAVE/USDT:USDT,296.07,850.0,296.05,95.0,296.1,225.0,296.11,749.0
1753600091264,07:08:11.264,gateio,AAVE/USDT:USDT,296.07,850.0,296.03,118.0,296.09,857.0,296.11,188.0
1753600091416,07:08:11.416,gateio,AAVE/USDT:USDT,296.07,850.0,296.03,211.0,296.09,857.0,296.11,188.0
1753600091557,07:08:11.557,gateio,AAVE/USDT:USDT,296.03,120.0,296.01,93.0,296.09,857.0,296.1,93.0
1753600091680,07:08:11.680,gateio,AAVE/USDT:USDT,296.04,768.0,296.03,120.0,296.09,857.0,296.1,93.0
1753600091944,07:08:11.944,gateio,AAVE/USDT:USDT,296.04,768.0,296.03,120.0,296.09,857.0,296.11,95.0
1753600092005,07:08:12.005,gateio,AAVE/USDT:USDT,296.04,768.0,296.03,120.0,296.09,857.0,296.11,95.0
1753600092181,07:08:12.181,gateio,AAVE/USDT:USDT,296.04,768.0,296.0,2.0,296.07,797.0,296.08,95.0
1753600092245,07:08:12.245,gateio,AAVE/USDT:USDT,296.04,768.0,296.0,2.0,296.07,797.0,296.08,95.0
1753600092383,07:08:12.383,gateio,AAVE/USDT:USDT,296.01,25.0,296.0,2.0,296.06,95.0,296.07,797.0
1753600092492,07:08:12.492,gateio,AAVE/USDT:USDT,296.01,722.0,296.0,27.0,296.06,95.0,296.07,797.0
1753600092585,07:08:12.585,gateio,AAVE/USDT:USDT,296.0,2.0,295.99,1653.0,296.04,95.0,296.05,749.0
1753600092698,07:08:12.698,gateio,AAVE/USDT:USDT,295.99,1655.0,295.98,815.0,296.02,764.0,296.03,95.0
1753600092752,07:08:12.752,gateio,AAVE/USDT:USDT,295.99,1653.0,295.98,815.0,296.02,764.0,296.03,95.0
1753600092863,07:08:12.863,gateio,AAVE/USDT:USDT,295.98,815.0,295.96,95.0,296.02,764.0,296.03,95.0
1753600092962,07:08:12.962,gateio,AAVE/USDT:USDT,295.98,815.0,295.96,191.0,296.02,764.0,296.03,95.0
1753600093056,07:08:13.056,gateio,AAVE/USDT:USDT,295.98,815.0,295.96,191.0,296.02,764.0,296.03,95.0
1753600093297,07:08:13.297,gateio,AAVE/USDT:USDT,296.0,25.0,295.99,93.0,296.08,95.0,296.1,102.0
1753600093383,07:08:13.383,gateio,AAVE/USDT:USDT,296.01,725.0,295.98,95.0,296.05,945.0,296.06,312.0
1753600093479,07:08:13.479,gateio,AAVE/USDT:USDT,296.01,725.0,295.98,95.0,296.05,945.0,296.06,93.0
1753600093596,07:08:13.596,gateio,AAVE/USDT:USDT,295.98,120.0,295.97,100.0,296.03,719.0,296.05,93.0
1753600093698,07:08:13.698,gateio,AAVE/USDT:USDT,295.99,958.0,295.98,25.0,296.06,93.0,296.07,93.0
1753600093779,07:08:13.779,gateio,AAVE/USDT:USDT,296.0,118.0,295.99,958.0,296.06,93.0,296.07,93.0
1753600093887,07:08:13.887,gateio,AAVE/USDT:USDT,296.03,820.0,296.02,186.0,296.07,852.0,296.09,93.0
1753600093982,07:08:13.982,gateio,AAVE/USDT:USDT,296.03,820.0,296.02,186.0,296.07,852.0,296.09,93.0
1753600094065,07:08:14.065,gateio,AAVE/USDT:USDT,296.03,727.0,296.02,93.0,296.07,852.0,296.09,93.0
1753600094181,07:08:14.181,gateio,AAVE/USDT:USDT,296.03,727.0,296.0,118.0,296.07,852.0,296.09,93.0
1753600094282,07:08:14.282,gateio,AAVE/USDT:USDT,296.0,118.0,295.99,193.0,296.05,778.0,296.09,93.0
1753600094336,07:08:14.336,gateio,AAVE/USDT:USDT,295.99,311.0,295.98,100.0,296.05,778.0,296.09,93.0
1753600094428,07:08:14.428,gateio,AAVE/USDT:USDT,296.0,781.0,295.99,311.0,296.05,778.0,296.09,93.0
1753600094545,07:08:14.545,gateio,AAVE/USDT:USDT,296.0,806.0,295.99,286.0,296.05,778.0,296.09,93.0
1753600094674,07:08:14.674,gateio,AAVE/USDT:USDT,296.0,781.0,295.99,193.0,296.05,778.0,296.09,93.0
1753600094967,07:08:14.967,gateio,AAVE/USDT:USDT,296.0,806.0,295.99,193.0,296.05,778.0,296.09,93.0
1753600095050,07:08:15.050,gateio,AAVE/USDT:USDT,296.0,806.0,295.99,193.0,296.05,778.0,296.09,93.0
1753600095473,07:08:15.473,gateio,AAVE/USDT:USDT,296.0,806.0,295.99,193.0,296.05,778.0,296.09,93.0
1753600095911,07:08:15.911,gateio,AAVE/USDT:USDT,296.0,806.0,295.99,193.0,296.05,778.0,296.09,93.0
1753600096191,07:08:16.191,gateio,AAVE/USDT:USDT,296.0,806.0,295.99,193.0,296.05,778.0,296.09,93.0
1753600096256,07:08:16.256,gateio,AAVE/USDT:USDT,296.0,806.0,295.99,193.0,296.05,778.0,296.09,93.0
1753600096649,07:08:16.649,gateio,AAVE/USDT:USDT,296.0,781.0,295.99,193.0,296.05,778.0,296.09,93.0
1753600096989,07:08:16.989,gateio,AAVE/USDT:USDT,296.0,781.0,295.99,193.0,296.05,778.0,296.09,93.0
1753600097196,07:08:17.196,gateio,AAVE/USDT:USDT,296.0,781.0,295.99,193.0,296.03,788.0,296.04,93.0
1753600097279,07:08:17.279,gateio,AAVE/USDT:USDT,296.0,781.0,295.99,193.0,296.03,788.0,296.09,93.0
1753600097379,07:08:17.379,gateio,AAVE/USDT:USDT,296.0,910.0,295.99,193.0,296.03,788.0,296.09,93.0
1753600097633,07:08:17.633,gateio,AAVE/USDT:USDT,296.01,25.0,296.0,910.0,296.09,93.0,296.1,184.0
1753600097793,07:08:17.793,gateio,AAVE/USDT:USDT,296.02,744.0,296.01,25.0,296.07,351.0,296.08,860.0
1753600097888,07:08:17.888,gateio,AAVE/USDT:USDT,296.02,744.0,296.0,222.0,296.06,744.0,296.07,93.0
1753600097910,07:08:17.910,gateio,AAVE/USDT:USDT,296.02,744.0,296.0,222.0,296.06,744.0,296.07,93.0
1753600098170,07:08:18.170,gateio,AAVE/USDT:USDT,296.02,744.0,296.0,222.0,296.06,744.0,296.09,93.0
1753600098490,07:08:18.490,gateio,AAVE/USDT:USDT,296.02,744.0,296.0,222.0,296.06,744.0,296.09,93.0
1753600098751,07:08:18.751,gateio,AAVE/USDT:USDT,296.02,744.0,296.0,222.0,296.06,744.0,296.09,93.0
1753600098879,07:08:18.879,gateio,AAVE/USDT:USDT,296.02,744.0,296.0,222.0,296.06,744.0,296.09,93.0
1753600098949,07:08:18.949,gateio,AAVE/USDT:USDT,296.02,744.0,296.01,93.0,296.06,744.0,296.09,93.0
1753600099017,07:08:19.017,gateio,AAVE/USDT:USDT,296.02,744.0,296.01,93.0,296.06,744.0,296.09,93.0
1753600099408,07:08:19.408,gateio,AAVE/USDT:USDT,296.02,744.0,296.01,93.0,296.06,744.0,296.09,93.0
1753600099856,07:08:19.856,gateio,AAVE/USDT:USDT,296.02,744.0,296.01,93.0,296.06,744.0,296.09,93.0
1753600099994,07:08:19.994,gateio,AAVE/USDT:USDT,296.02,744.0,296.01,93.0,296.06,744.0,296.09,93.0
1753600100081,07:08:20.081,gateio,AAVE/USDT:USDT,296.02,744.0,296.0,222.0,296.06,744.0,296.08,93.0
1753600100106,07:08:20.106,gateio,AAVE/USDT:USDT,296.02,744.0,296.0,222.0,296.06,744.0,296.08,93.0
1753600100221,07:08:20.221,gateio,AAVE/USDT:USDT,296.02,744.0,296.0,222.0,296.06,744.0,296.08,270.0
1753600100782,07:08:20.782,gateio,AAVE/USDT:USDT,296.02,744.0,296.01,93.0,296.06,744.0,296.08,93.0
1753600100855,07:08:20.855,gateio,AAVE/USDT:USDT,296.02,744.0,296.01,93.0,296.06,744.0,296.08,93.0
1753600100944,07:08:20.944,gateio,AAVE/USDT:USDT,296.02,837.0,296.01,186.0,296.06,744.0,296.09,93.0
1753600101040,07:08:21.040,gateio,AAVE/USDT:USDT,296.02,837.0,296.01,186.0,296.06,744.0,296.09,186.0
1753600101379,07:08:21.379,gateio,AAVE/USDT:USDT,296.02,744.0,296.01,93.0,296.06,744.0,296.09,279.0
1753600101495,07:08:21.495,gateio,AAVE/USDT:USDT,296.02,744.0,296.01,93.0,296.06,744.0,296.08,84.0
1753600101504,07:08:21.504,gateio,AAVE/USDT:USDT,296.02,744.0,296.01,93.0,296.06,744.0,296.08,84.0
1753600101835,07:08:21.835,gateio,AAVE/USDT:USDT,296.02,744.0,296.01,93.0,296.06,744.0,296.08,84.0
1753600102236,07:08:22.236,gateio,AAVE/USDT:USDT,296.02,744.0,296.01,93.0,296.06,744.0,296.08,84.0
1753600102471,07:08:22.471,gateio,AAVE/USDT:USDT,296.02,744.0,296.0,129.0,296.04,745.0,296.05,93.0
1753600102515,07:08:22.515,gateio,AAVE/USDT:USDT,296.02,744.0,296.0,129.0,296.04,745.0,296.05,93.0
1753600102696,07:08:22.696,gateio,AAVE/USDT:USDT,295.99,100.0,295.97,102.0,296.02,466.0,296.03,466.0
1753600102780,07:08:22.780,gateio,AAVE/USDT:USDT,295.99,100.0,295.97,933.0,296.02,751.0,296.03,95.0
1753600102871,07:08:22.871,gateio,AAVE/USDT:USDT,295.99,100.0,295.97,933.0,296.01,93.0,296.02,751.0
1753600102902,07:08:22.902,gateio,AAVE/USDT:USDT,295.99,100.0,295.97,933.0,296.01,93.0,296.02,751.0
1753600103057,07:08:23.057,gateio,AAVE/USDT:USDT,295.99,100.0,295.97,933.0,296.01,93.0,296.02,751.0
1753600103197,07:08:23.197,gateio,AAVE/USDT:USDT,295.99,818.0,295.97,100.0,296.02,751.0,296.03,186.0
1753600103254,07:08:23.254,gateio,AAVE/USDT:USDT,295.99,818.0,295.97,100.0,296.01,93.0,296.02,751.0
1753600103308,07:08:23.308,gateio,AAVE/USDT:USDT,295.99,818.0,295.97,100.0,296.01,93.0,296.02,751.0
1753600103481,07:08:23.481,gateio,AAVE/USDT:USDT,295.97,100.0,295.96,102.0,296.01,93.0,296.02,835.0
1753600103576,07:08:23.576,gateio,AAVE/USDT:USDT,295.97,100.0,295.96,102.0,296.01,93.0,296.02,835.0
1753600103603,07:08:23.603,gateio,AAVE/USDT:USDT,295.97,100.0,295.96,102.0,296.01,318.0,296.02,835.0
1753600103753,07:08:23.753,gateio,AAVE/USDT:USDT,295.97,925.0,295.96,102.0,296.01,225.0,296.02,751.0
1753600103891,07:08:23.891,gateio,AAVE/USDT:USDT,295.97,925.0,295.96,102.0,296.01,225.0,296.02,751.0
1753600103906,07:08:23.906,gateio,AAVE/USDT:USDT,295.97,925.0,295.96,102.0,296.01,225.0,296.02,751.0
1753600104062,07:08:24.062,gateio,AAVE/USDT:USDT,295.97,900.0,295.96,102.0,296.0,870.0,296.03,186.0
1753600104197,07:08:24.197,gateio,AAVE/USDT:USDT,295.97,900.0,295.96,102.0,296.0,870.0,296.03,186.0
1753600104268,07:08:24.268,gateio,AAVE/USDT:USDT,295.97,900.0,295.96,102.0,296.0,870.0,296.03,93.0
1753600104307,07:08:24.307,gateio,AAVE/USDT:USDT,295.97,900.0,295.96,102.0,296.0,870.0,296.03,93.0
1753600104523,07:08:24.523,gateio,AAVE/USDT:USDT,295.97,900.0,295.96,102.0,296.0,870.0,296.03,93.0
1753600104693,07:08:24.693,gateio,AAVE/USDT:USDT,295.98,25.0,295.97,900.0,296.05,93.0,296.09,127.0
1753600104783,07:08:24.783,gateio,AAVE/USDT:USDT,295.98,118.0,295.97,900.0,296.05,93.0,296.09,127.0
1753600104833,07:08:24.833,gateio,AAVE/USDT:USDT,295.99,774.0,295.98,25.0,296.04,833.0,296.05,93.0
1753600104908,07:08:24.908,gateio,AAVE/USDT:USDT,295.99,774.0,295.98,25.0,296.04,833.0,296.05,93.0
1753600105009,07:08:25.009,gateio,AAVE/USDT:USDT,295.99,774.0,295.98,25.0,296.03,250.0,296.04,833.0
1753600105135,07:08:25.135,gateio,AAVE/USDT:USDT,295.99,774.0,295.98,25.0,296.03,250.0,296.04,833.0
1753600105236,07:08:25.236,gateio,AAVE/USDT:USDT,295.99,774.0,295.98,25.0,296.03,343.0,296.04,833.0
1753600105394,07:08:25.394,gateio,AAVE/USDT:USDT,295.99,774.0,295.98,25.0,296.03,250.0,296.04,833.0
1753600105457,07:08:25.457,gateio,AAVE/USDT:USDT,295.99,774.0,295.98,25.0,296.04,833.0,296.05,93.0
1753600105552,07:08:25.552,gateio,AAVE/USDT:USDT,295.99,774.0,295.98,25.0,296.04,833.0,296.05,93.0
1753600105897,07:08:25.897,gateio,AAVE/USDT:USDT,296.01,25.0,296.0,93.0,296.08,193.0,296.09,93.0
1753600105990,07:08:25.990,gateio,AAVE/USDT:USDT,296.02,1137.0,295.99,186.0,296.07,289.0,296.08,963.0
1753600106093,07:08:26.093,gateio,AAVE/USDT:USDT,296.04,736.0,296.03,93.0,296.07,289.0,296.08,963.0
1753600106193,07:08:26.193,gateio,AAVE/USDT:USDT,296.04,736.0,296.03,93.0,296.07,289.0,296.08,963.0
1753600106294,07:08:26.294,gateio,AAVE/USDT:USDT,296.04,736.0,296.03,93.0,296.07,289.0,296.08,963.0
1753600106395,07:08:26.395,gateio,AAVE/USDT:USDT,296.04,736.0,296.03,93.0,296.07,289.0,296.08,963.0
1753600106497,07:08:26.497,gateio,AAVE/USDT:USDT,296.06,118.0,296.05,377.0,296.11,10.0,296.12,100.0
1753600106598,07:08:26.598,gateio,AAVE/USDT:USDT,296.08,711.0,296.07,495.0,296.11,257.0,296.12,822.0
1753600106689,07:08:26.689,gateio,AAVE/USDT:USDT,296.09,92.0,296.08,711.0,296.11,257.0,296.12,822.0
1753600106789,07:08:26.789,gateio,AAVE/USDT:USDT,296.09,92.0,296.08,711.0,296.1,707.0,296.11,10.0
1753600106822,07:08:26.822,gateio,AAVE/USDT:USDT,296.09,92.0,296.08,711.0,296.1,707.0,296.11,10.0
1753600106993,07:08:26.993,gateio,AAVE/USDT:USDT,296.09,92.0,296.08,711.0,296.11,10.0,296.15,200.0
1753600107041,07:08:27.041,gateio,AAVE/USDT:USDT,296.09,92.0,296.08,711.0,296.11,10.0,296.15,200.0
1753600107182,07:08:27.182,gateio,AAVE/USDT:USDT,296.09,92.0,296.08,711.0,296.11,10.0,296.12,224.0
1753600107241,07:08:27.241,gateio,AAVE/USDT:USDT,296.09,92.0,296.08,711.0,296.11,10.0,296.12,224.0
1753600107398,07:08:27.398,gateio,AAVE/USDT:USDT,296.09,92.0,296.04,186.0,296.11,383.0,296.12,224.0
1753600107498,07:08:27.498,gateio,AAVE/USDT:USDT,296.02,100.0,296.01,100.0,296.07,140.0,296.08,466.0
1753600107596,07:08:27.596,gateio,AAVE/USDT:USDT,296.02,193.0,296.01,959.0,296.06,853.0,296.07,140.0
1753600107644,07:08:27.644,gateio,AAVE/USDT:USDT,296.03,788.0,296.02,193.0,296.06,851.0,296.09,70.0
1753600107781,07:08:27.781,gateio,AAVE/USDT:USDT,296.04,25.0,296.03,788.0,296.1,93.0,296.12,93.0
1753600107882,07:08:27.882,gateio,AAVE/USDT:USDT,296.05,814.0,296.04,120.0,296.09,241.0,296.1,798.0
1753600107991,07:08:27.991,gateio,AAVE/USDT:USDT,296.05,814.0,296.04,25.0,296.09,239.0,296.1,798.0
1753600108076,07:08:28.076,gateio,AAVE/USDT:USDT,296.05,814.0,296.02,379.0,296.08,818.0,296.12,93.0
1753600108115,07:08:28.115,gateio,AAVE/USDT:USDT,296.05,814.0,296.02,379.0,296.08,818.0,296.12,93.0
1753600108221,07:08:28.221,gateio,AAVE/USDT:USDT,296.05,814.0,296.02,379.0,296.08,818.0,296.12,93.0
1753600108495,07:08:28.495,gateio,AAVE/USDT:USDT,296.05,814.0,296.02,379.0,296.08,818.0,296.12,93.0
1753600108548,07:08:28.548,gateio,AAVE/USDT:USDT,296.05,814.0,296.02,379.0,296.08,818.0,296.12,93.0
1753600108602,07:08:28.602,gateio,AAVE/USDT:USDT,296.05,814.0,296.02,379.0,296.08,818.0,296.12,93.0
1753600108782,07:08:28.782,gateio,AAVE/USDT:USDT,296.05,814.0,296.02,379.0,296.08,818.0,296.12,272.0
1753600108803,07:08:28.803,gateio,AAVE/USDT:USDT,296.05,814.0,296.02,379.0,296.08,818.0,296.1,93.0
1753600108920,07:08:28.920,gateio,AAVE/USDT:USDT,296.05,814.0,296.02,379.0,296.08,818.0,296.1,93.0
1753600109041,07:08:29.041,gateio,AAVE/USDT:USDT,296.05,814.0,296.02,379.0,296.08,818.0,296.1,93.0
1753600109198,07:08:29.198,gateio,AAVE/USDT:USDT,296.02,379.0,296.01,286.0,296.08,818.0,296.1,93.0
1753600109262,07:08:29.262,gateio,AAVE/USDT:USDT,296.03,2.0,296.02,100.0,296.07,340.0,296.08,818.0
1753600109366,07:08:29.366,gateio,AAVE/USDT:USDT,296.03,2.0,296.02,921.0,296.06,712.0,296.07,93.0
1753600109417,07:08:29.417,gateio,AAVE/USDT:USDT,296.02,946.0,296.01,193.0,296.06,712.0,296.08,93.0
1753600109512,07:08:29.512,gateio,AAVE/USDT:USDT,296.02,946.0,296.01,193.0,296.06,712.0,296.08,93.0
1753600109745,07:08:29.745,gateio,AAVE/USDT:USDT,296.02,946.0,296.01,193.0,296.06,712.0,296.08,93.0
1753600109854,07:08:29.854,gateio,AAVE/USDT:USDT,296.02,946.0,296.01,193.0,296.06,712.0,296.08,93.0
1753600110116,07:08:30.116,gateio,AAVE/USDT:USDT,296.02,921.0,296.01,193.0,296.06,712.0,296.08,93.0
1753600110333,07:08:30.333,gateio,AAVE/USDT:USDT,296.02,921.0,296.01,193.0,296.06,712.0,296.08,93.0
1753600110473,07:08:30.473,gateio,AAVE/USDT:USDT,296.02,921.0,296.01,100.0,296.06,712.0,296.08,93.0
1753600110536,07:08:30.536,gateio,AAVE/USDT:USDT,296.02,921.0,296.01,100.0,296.06,712.0,296.08,93.0
1753600110699,07:08:30.699,gateio,AAVE/USDT:USDT,296.06,25.0,296.05,377.0,296.12,93.0,296.14,100.0
1753600110787,07:08:30.787,gateio,AAVE/USDT:USDT,296.08,823.0,296.06,306.0,296.11,2.0,296.12,284.0
1753600110882,07:08:30.882,gateio,AAVE/USDT:USDT,296.08,823.0,296.06,304.0,296.11,2.0,296.12,284.0
1753600110988,07:08:30.988,gateio,AAVE/USDT:USDT,296.08,848.0,296.06,279.0,296.11,2.0,296.12,284.0
1753600111046,07:08:31.046,gateio,AAVE/USDT:USDT,296.08,848.0,296.06,279.0,296.11,2.0,296.12,284.0
1753600111179,07:08:31.179,gateio,AAVE/USDT:USDT,296.08,848.0,296.06,279.0,296.11,2.0,296.12,284.0
1753600111389,07:08:31.389,gateio,AAVE/USDT:USDT,296.09,25.0,296.08,823.0,296.11,2.0,296.13,854.0
1753600111441,07:08:31.441,gateio,AAVE/USDT:USDT,296.08,848.0,296.06,279.0,296.12,2.0,296.13,854.0
1753600111576,07:08:31.576,gateio,AAVE/USDT:USDT,296.08,848.0,296.06,279.0,296.12,2.0,296.13,854.0
1753600111841,07:08:31.841,gateio,AAVE/USDT:USDT,296.08,848.0,296.06,279.0,296.12,2.0,296.13,854.0
1753600112038,07:08:32.038,gateio,AAVE/USDT:USDT,296.08,848.0,296.06,279.0,296.12,2.0,296.13,854.0
1753600112122,07:08:32.122,gateio,AAVE/USDT:USDT,296.08,848.0,296.06,279.0,296.12,2.0,296.13,854.0
1753600112377,07:08:32.377,gateio,AAVE/USDT:USDT,296.08,848.0,296.06,279.0,296.12,2.0,296.13,854.0
1753600112402,07:08:32.402,gateio,AAVE/USDT:USDT,296.08,848.0,296.06,279.0,296.12,2.0,296.13,854.0
1753600112501,07:08:32.501,gateio,AAVE/USDT:USDT,296.08,848.0,296.06,279.0,296.12,2.0,296.13,854.0
1753600112995,07:08:32.995,gateio,AAVE/USDT:USDT,296.1,761.0,296.09,93.0,296.12,2.0,296.13,854.0
1753600113010,07:08:33.010,gateio,AAVE/USDT:USDT,296.1,761.0,296.09,93.0,296.12,2.0,296.13,854.0
1753600113225,07:08:33.225,gateio,AAVE/USDT:USDT,296.1,761.0,296.09,93.0,296.12,2.0,296.13,854.0
1753600113348,07:08:33.348,gateio,AAVE/USDT:USDT,296.1,761.0,296.09,93.0,296.12,2.0,296.13,854.0
1753600113541,07:08:33.541,gateio,AAVE/USDT:USDT,296.1,761.0,296.09,93.0,296.12,2.0,296.13,854.0
1753600114058,07:08:34.058,gateio,AAVE/USDT:USDT,296.1,761.0,296.06,279.0,296.12,2.0,296.13,854.0
1753600114106,07:08:34.106,gateio,AAVE/USDT:USDT,296.1,761.0,296.08,96.0,296.12,2.0,296.13,854.0
1753600114228,07:08:34.228,gateio,AAVE/USDT:USDT,296.1,761.0,296.08,96.0,296.12,2.0,296.13,854.0
1753600114387,07:08:34.387,gateio,AAVE/USDT:USDT,296.1,761.0,296.08,96.0,296.12,2.0,296.13,854.0
1753600114403,07:08:34.403,gateio,AAVE/USDT:USDT,296.1,761.0,296.08,96.0,296.12,2.0,296.13,854.0
1753600114499,07:08:34.499,gateio,AAVE/USDT:USDT,296.1,761.0,296.08,96.0,296.12,2.0,296.13,854.0
1753600114602,07:08:34.602,gateio,AAVE/USDT:USDT,296.1,761.0,296.08,96.0,296.12,2.0,296.13,854.0
1753600114883,07:08:34.883,gateio,AAVE/USDT:USDT,296.05,121.0,296.04,93.0,296.12,382.0,296.13,1155.0
1753600114989,07:08:34.989,gateio,AAVE/USDT:USDT,296.07,721.0,296.06,2.0,296.11,768.0,296.12,2.0
1753600115049,07:08:35.049,gateio,AAVE/USDT:USDT,296.07,721.0,296.05,25.0,296.1,2.0,296.11,768.0
1753600115278,07:08:35.278,gateio,AAVE/USDT:USDT,296.07,721.0,296.05,25.0,296.1,2.0,296.11,768.0
1753600115666,07:08:35.666,gateio,AAVE/USDT:USDT,296.07,721.0,296.05,25.0,296.1,2.0,296.11,768.0
1753600115701,07:08:35.701,gateio,AAVE/USDT:USDT,296.07,721.0,296.05,25.0,296.1,2.0,296.11,768.0
1753600115988,07:08:35.988,gateio,AAVE/USDT:USDT,296.07,721.0,296.05,25.0,296.1,2.0,296.11,768.0
1753600116196,07:08:36.196,gateio,AAVE/USDT:USDT,296.09,849.0,296.08,96.0,296.1,2.0,296.14,100.0
1753600116297,07:08:36.297,gateio,AAVE/USDT:USDT,296.09,874.0,296.08,96.0,296.13,2.0,296.14,100.0
1753600116333,07:08:36.333,gateio,AAVE/USDT:USDT,296.09,849.0,296.07,189.0,296.13,826.0,296.14,100.0
1753600116483,07:08:36.483,gateio,AAVE/USDT:USDT,296.09,849.0,296.07,189.0,296.13,826.0,296.14,100.0
1753600116579,07:08:36.579,gateio,AAVE/USDT:USDT,296.09,849.0,296.07,189.0,296.13,826.0,296.14,100.0
1753600116883,07:08:36.883,gateio,AAVE/USDT:USDT,296.09,874.0,296.07,189.0,296.13,826.0,296.14,100.0
1753600116988,07:08:36.988,gateio,AAVE/USDT:USDT,296.09,849.0,296.07,189.0,296.13,826.0,296.14,100.0
1753600117025,07:08:37.025,gateio,AAVE/USDT:USDT,296.09,849.0,296.07,189.0,296.13,826.0,296.14,100.0
1753600117161,07:08:37.161,gateio,AAVE/USDT:USDT,296.09,874.0,296.07,189.0,296.13,826.0,296.14,100.0
1753600117293,07:08:37.293,gateio,AAVE/USDT:USDT,296.11,25.0,296.1,1192.0,296.13,2.0,296.15,5.0
1753600117384,07:08:37.384,gateio,AAVE/USDT:USDT,296.12,775.0,296.11,158.0,296.15,7.0,296.16,870.0
1753600117438,07:08:37.438,gateio,AAVE/USDT:USDT,296.12,775.0,296.11,121.0,296.15,7.0,296.16,870.0
1753600117555,07:08:37.555,gateio,AAVE/USDT:USDT,296.12,775.0,296.11,121.0,296.15,7.0,296.16,870.0
1753600117665,07:08:37.665,gateio,AAVE/USDT:USDT,296.12,775.0,296.11,121.0,296.15,7.0,296.16,870.0
1753600117780,07:08:37.780,gateio,AAVE/USDT:USDT,296.12,775.0,296.11,121.0,296.15,7.0,296.16,870.0
1753600117837,07:08:37.837,gateio,AAVE/USDT:USDT,296.12,775.0,296.11,121.0,296.15,7.0,296.16,870.0
1753600117902,07:08:37.902,gateio,AAVE/USDT:USDT,296.12,775.0,296.11,121.0,296.15,7.0,296.16,870.0
1753600118053,07:08:38.053,gateio,AAVE/USDT:USDT,296.12,775.0,296.11,121.0,296.15,7.0,296.16,870.0
1753600118149,07:08:38.149,gateio,AAVE/USDT:USDT,296.12,775.0,296.11,121.0,296.15,7.0,296.16,870.0
1753600118278,07:08:38.278,gateio,AAVE/USDT:USDT,296.12,775.0,296.11,121.0,296.15,7.0,296.16,870.0
1753600118332,07:08:38.332,gateio,AAVE/USDT:USDT,296.12,775.0,296.11,121.0,296.15,7.0,296.16,870.0
1753600118413,07:08:38.413,gateio,AAVE/USDT:USDT,296.12,775.0,296.11,121.0,296.15,7.0,296.16,870.0
1753600118685,07:08:38.685,gateio,AAVE/USDT:USDT,296.12,775.0,296.11,25.0,296.15,7.0,296.16,770.0
1753600118721,07:08:38.721,gateio,AAVE/USDT:USDT,296.12,775.0,296.11,25.0,296.15,7.0,296.16,770.0
1753600119182,07:08:39.182,gateio,AAVE/USDT:USDT,296.12,775.0,296.11,25.0,296.15,7.0,296.16,770.0
1753600119280,07:08:39.280,gateio,AAVE/USDT:USDT,296.12,775.0,296.11,25.0,296.15,7.0,296.16,770.0
1753600119302,07:08:39.302,gateio,AAVE/USDT:USDT,296.12,775.0,296.11,25.0,296.15,7.0,296.16,770.0
1753600119491,07:08:39.491,gateio,AAVE/USDT:USDT,296.12,775.0,296.11,25.0,296.15,7.0,296.16,770.0
1753600119550,07:08:39.550,gateio,AAVE/USDT:USDT,296.12,775.0,296.11,25.0,296.15,7.0,296.16,770.0
1753600119948,07:08:39.948,gateio,AAVE/USDT:USDT,296.12,775.0,296.11,118.0,296.15,7.0,296.16,770.0
1753600120174,07:08:40.174,gateio,AAVE/USDT:USDT,296.12,775.0,296.11,118.0,296.15,7.0,296.16,770.0
1753600120282,07:08:40.282,gateio,AAVE/USDT:USDT,296.12,775.0,296.11,118.0,296.15,7.0,296.16,770.0
1753600120302,07:08:40.302,gateio,AAVE/USDT:USDT,296.12,775.0,296.11,118.0,296.15,7.0,296.16,770.0
1753600120641,07:08:40.641,gateio,AAVE/USDT:USDT,296.12,775.0,296.11,118.0,296.15,7.0,296.16,770.0
1753600120788,07:08:40.788,gateio,AAVE/USDT:USDT,296.14,214.0,296.13,93.0,296.15,7.0,296.19,100.0
1753600120871,07:08:40.871,gateio,AAVE/USDT:USDT,296.14,985.0,296.13,93.0,296.15,5.0,296.18,279.0
1753600120967,07:08:40.967,gateio,AAVE/USDT:USDT,296.14,889.0,296.13,93.0,296.15,5.0,296.18,279.0
1753600121058,07:08:41.058,gateio,AAVE/USDT:USDT,296.14,889.0,296.13,93.0,296.15,5.0,296.18,279.0
1753600121281,07:08:41.281,gateio,AAVE/USDT:USDT,296.14,889.0,296.13,93.0,296.15,5.0,296.18,279.0
1753600121349,07:08:41.349,gateio,AAVE/USDT:USDT,296.14,889.0,296.13,93.0,296.15,5.0,296.18,2.0
1753600121450,07:08:41.450,gateio,AAVE/USDT:USDT,296.14,889.0,296.13,93.0,296.15,5.0,296.18,2.0
1753600121501,07:08:41.501,gateio,AAVE/USDT:USDT,296.14,889.0,296.13,93.0,296.15,5.0,296.18,279.0
1753600121610,07:08:41.610,gateio,AAVE/USDT:USDT,296.14,889.0,296.13,93.0,296.15,5.0,296.18,279.0
1753600122091,07:08:42.091,gateio,AAVE/USDT:USDT,296.14,889.0,296.13,93.0,296.15,5.0,296.18,279.0
1753600122142,07:08:42.142,gateio,AAVE/USDT:USDT,296.14,889.0,296.13,93.0,296.15,5.0,296.18,279.0
1753600122266,07:08:42.266,gateio,AAVE/USDT:USDT,296.14,889.0,296.13,93.0,296.15,5.0,296.18,279.0
1753600122302,07:08:42.302,gateio,AAVE/USDT:USDT,296.14,889.0,296.13,93.0,296.15,5.0,296.18,279.0
1753600122401,07:08:42.401,gateio,AAVE/USDT:USDT,296.14,889.0,296.13,93.0,296.15,5.0,296.18,279.0
1753600122599,07:08:42.599,gateio,AAVE/USDT:USDT,296.14,889.0,296.13,93.0,296.15,5.0,296.18,279.0
1753600122621,07:08:42.621,gateio,AAVE/USDT:USDT,296.14,889.0,296.13,93.0,296.15,5.0,296.18,279.0
1753600122949,07:08:42.949,gateio,AAVE/USDT:USDT,296.14,889.0,296.13,93.0,296.15,5.0,296.18,279.0
1753600123208,07:08:43.208,gateio,AAVE/USDT:USDT,296.14,889.0,296.13,93.0,296.15,5.0,296.18,279.0
1753600123440,07:08:43.440,gateio,AAVE/USDT:USDT,296.14,889.0,296.13,186.0,296.15,5.0,296.18,2.0
1753600123502,07:08:43.502,gateio,AAVE/USDT:USDT,296.14,889.0,296.13,186.0,296.15,5.0,296.18,249.0
1753600124067,07:08:44.067,gateio,AAVE/USDT:USDT,296.14,889.0,296.13,186.0,296.15,5.0,296.18,249.0
1753600124101,07:08:44.101,gateio,AAVE/USDT:USDT,296.14,889.0,296.13,186.0,296.15,5.0,296.18,249.0
1753600124582,07:08:44.582,gateio,AAVE/USDT:USDT,296.14,771.0,296.11,193.0,296.15,5.0,296.17,861.0
1753600124697,07:08:44.697,gateio,AAVE/USDT:USDT,296.14,771.0,296.12,97.0,296.15,5.0,296.16,2.0
1753600124709,07:08:44.709,gateio,AAVE/USDT:USDT,296.14,771.0,296.12,97.0,296.15,5.0,296.16,2.0
1753600124815,07:08:44.815,gateio,AAVE/USDT:USDT,296.14,771.0,296.12,97.0,296.15,5.0,296.16,2.0
1753600124903,07:08:44.903,gateio,AAVE/USDT:USDT,296.14,771.0,296.12,97.0,296.15,5.0,296.16,2.0
1753600125222,07:08:45.222,gateio,AAVE/USDT:USDT,296.14,771.0,296.12,97.0,296.15,5.0,296.16,2.0
1753600125302,07:08:45.302,gateio,AAVE/USDT:USDT,296.14,771.0,296.12,97.0,296.15,5.0,296.16,2.0
1753600125581,07:08:45.581,gateio,AAVE/USDT:USDT,296.14,771.0,296.12,97.0,296.15,5.0,296.16,2.0
1753600125642,07:08:45.642,gateio,AAVE/USDT:USDT,296.14,771.0,296.12,97.0,296.15,5.0,296.16,2.0
1753600125783,07:08:45.783,gateio,AAVE/USDT:USDT,296.14,796.0,296.12,97.0,296.15,5.0,296.16,2.0
1753600125885,07:08:45.885,gateio,AAVE/USDT:USDT,296.14,796.0,296.12,97.0,296.15,5.0,296.18,2.0
1753600125925,07:08:45.925,gateio,AAVE/USDT:USDT,296.14,796.0,296.12,97.0,296.15,5.0,296.18,2.0
1753600126023,07:08:46.023,gateio,AAVE/USDT:USDT,296.14,796.0,296.12,97.0,296.15,5.0,296.18,2.0
1753600126185,07:08:46.185,gateio,AAVE/USDT:USDT,296.14,796.0,296.12,97.0,296.15,5.0,296.18,2.0
1753600126201,07:08:46.201,gateio,AAVE/USDT:USDT,296.14,796.0,296.12,97.0,296.15,5.0,296.18,2.0
1753600127074,07:08:47.074,gateio,AAVE/USDT:USDT,296.14,889.0,296.13,186.0,296.15,5.0,296.18,2.0
1753600127112,07:08:47.112,gateio,AAVE/USDT:USDT,296.14,889.0,296.13,186.0,296.15,5.0,296.18,2.0
1753600127396,07:08:47.396,gateio,AAVE/USDT:USDT,296.16,815.0,296.15,95.0,296.18,2.0,296.19,225.0
1753600127456,07:08:47.456,gateio,AAVE/USDT:USDT,296.16,815.0,296.15,95.0,296.18,2.0,296.19,225.0
1753600127543,07:08:47.543,gateio,AAVE/USDT:USDT,296.16,815.0,296.15,95.0,296.18,2.0,296.19,225.0
1753600127681,07:08:47.681,gateio,AAVE/USDT:USDT,296.16,815.0,296.15,95.0,296.18,2.0,296.19,225.0
1753600127718,07:08:47.718,gateio,AAVE/USDT:USDT,296.16,815.0,296.15,95.0,296.18,2.0,296.2,750.0
1753600127892,07:08:47.892,gateio,AAVE/USDT:USDT,296.16,815.0,296.15,95.0,296.19,2.0,296.2,750.0
1753600127959,07:08:47.959,gateio,AAVE/USDT:USDT,296.16,815.0,296.15,95.0,296.19,2.0,296.2,750.0
1753600128057,07:08:48.057,gateio,AAVE/USDT:USDT,296.16,815.0,296.15,95.0,296.19,227.0,296.2,750.0
1753600128174,07:08:48.174,gateio,AAVE/USDT:USDT,296.16,815.0,296.15,95.0,296.19,225.0,296.2,750.0
1753600128390,07:08:48.390,gateio,AAVE/USDT:USDT,296.16,815.0,296.14,213.0,296.2,750.0,296.21,86.0
1753600128446,07:08:48.446,gateio,AAVE/USDT:USDT,296.16,815.0,296.14,120.0,296.19,227.0,296.2,750.0
1753600128576,07:08:48.576,gateio,AAVE/USDT:USDT,296.16,815.0,296.14,120.0,296.19,225.0,296.2,750.0
1753600128916,07:08:48.916,gateio,AAVE/USDT:USDT,296.16,815.0,296.14,120.0,296.19,225.0,296.2,750.0
1753600129662,07:08:49.662,gateio,AAVE/USDT:USDT,296.16,815.0,296.14,120.0,296.19,225.0,296.2,750.0
1753600129816,07:08:49.816,gateio,AAVE/USDT:USDT,296.16,815.0,296.14,25.0,296.19,320.0,296.2,750.0
1753600130088,07:08:50.088,gateio,AAVE/USDT:USDT,296.16,815.0,296.14,25.0,296.19,320.0,296.2,750.0
1753600130242,07:08:50.242,gateio,AAVE/USDT:USDT,296.16,815.0,296.12,95.0,296.19,320.0,296.2,750.0
1753600130354,07:08:50.354,gateio,AAVE/USDT:USDT,296.16,815.0,296.12,95.0,296.19,320.0,296.2,750.0
1753600130475,07:08:50.475,gateio,AAVE/USDT:USDT,296.16,815.0,296.13,93.0,296.19,225.0,296.2,750.0
1753600130521,07:08:50.521,gateio,AAVE/USDT:USDT,296.16,815.0,296.13,93.0,296.19,225.0,296.2,750.0
1753600131022,07:08:51.022,gateio,AAVE/USDT:USDT,296.16,815.0,296.13,93.0,296.19,225.0,296.2,750.0
1753600131296,07:08:51.296,gateio,AAVE/USDT:USDT,296.16,815.0,296.14,95.0,296.19,225.0,296.2,750.0
1753600131342,07:08:51.342,gateio,AAVE/USDT:USDT,296.16,815.0,296.13,186.0,296.19,225.0,296.2,750.0
1753600131402,07:08:51.402,gateio,AAVE/USDT:USDT,296.16,815.0,296.13,186.0,296.19,225.0,296.2,750.0
1753600131586,07:08:51.586,gateio,AAVE/USDT:USDT,296.16,815.0,296.13,186.0,296.19,225.0,296.2,750.0
1753600131606,07:08:51.606,gateio,AAVE/USDT:USDT,296.16,815.0,296.14,95.0,296.19,225.0,296.2,750.0
1753600131981,07:08:51.981,gateio,AAVE/USDT:USDT,296.16,815.0,296.14,95.0,296.2,750.0,296.22,195.0
1753600132050,07:08:52.050,gateio,AAVE/USDT:USDT,296.16,815.0,296.14,95.0,296.19,2.0,296.2,750.0
1753600132102,07:08:52.102,gateio,AAVE/USDT:USDT,296.16,815.0,296.14,95.0,296.19,227.0,296.2,750.0
1753600132261,07:08:52.261,gateio,AAVE/USDT:USDT,296.16,815.0,296.14,95.0,296.19,225.0,296.2,750.0
1753600132433,07:08:52.433,gateio,AAVE/USDT:USDT,296.16,815.0,296.13,186.0,296.19,225.0,296.2,750.0
1753600132746,07:08:52.746,gateio,AAVE/USDT:USDT,296.16,815.0,296.14,95.0,296.19,225.0,296.2,750.0
1753600132882,07:08:52.882,gateio,AAVE/USDT:USDT,296.16,815.0,296.14,95.0,296.2,750.0,296.22,288.0
1753600132961,07:08:52.961,gateio,AAVE/USDT:USDT,296.16,815.0,296.14,95.0,296.19,2.0,296.2,750.0
1753600133095,07:08:53.095,gateio,AAVE/USDT:USDT,296.17,95.0,296.16,1001.0,296.19,2.0,296.22,100.0
1753600133198,07:08:53.198,gateio,AAVE/USDT:USDT,296.16,1026.0,296.15,186.0,296.21,717.0,296.22,100.0
1753600133262,07:08:53.262,gateio,AAVE/USDT:USDT,296.18,876.0,296.17,2.0,296.21,717.0,296.22,100.0
1753600133330,07:08:53.330,gateio,AAVE/USDT:USDT,296.18,876.0,296.16,213.0,296.2,215.0,296.21,715.0
1753600133484,07:08:53.484,gateio,AAVE/USDT:USDT,296.18,876.0,296.16,118.0,296.2,215.0,296.21,715.0
1753600133568,07:08:53.568,gateio,AAVE/USDT:USDT,296.18,876.0,296.16,118.0,296.2,215.0,296.21,715.0
1753600133687,07:08:53.687,gateio,AAVE/USDT:USDT,296.18,876.0,296.16,118.0,296.2,215.0,296.21,715.0
1753600133816,07:08:53.816,gateio,AAVE/USDT:USDT,296.18,876.0,296.16,118.0,296.2,215.0,296.21,715.0
1753600133915,07:08:53.915,gateio,AAVE/USDT:USDT,296.18,876.0,296.16,211.0,296.2,215.0,296.21,715.0
1753600134386,07:08:54.386,gateio,AAVE/USDT:USDT,296.18,876.0,296.16,211.0,296.21,715.0,296.22,100.0
1753600134496,07:08:54.496,gateio,AAVE/USDT:USDT,296.18,876.0,296.16,211.0,296.21,715.0,296.22,100.0
1753600134597,07:08:54.597,gateio,AAVE/USDT:USDT,296.18,876.0,296.16,118.0,296.2,215.0,296.21,715.0
1753600134602,07:08:54.602,gateio,AAVE/USDT:USDT,296.18,876.0,296.16,118.0,296.2,215.0,296.21,715.0
1753600134701,07:08:54.701,gateio,AAVE/USDT:USDT,296.18,876.0,296.16,211.0,296.2,215.0,296.21,715.0
1753600134863,07:08:54.863,gateio,AAVE/USDT:USDT,296.18,876.0,296.16,118.0,296.2,215.0,296.21,715.0
