timestamp,time,exchange,symbol,bid1_price,bid1_volume,bid2_price,bid2_volume,ask1_price,ask1_volume,ask2_price,ask2_volume
1753599991000,07:06:31.000,gateio,1INCH/USDT:USDT,0.2889,913.0,0.2888,8980.0,0.2891,221.0,0.2893,912.0
1753599995726,07:06:35.726,gateio,1INCH/USDT:USDT,0.2889,913.0,0.2888,8980.0,0.2891,221.0,0.2893,912.0
1753599995833,07:06:35.833,gateio,1INCH/USDT:USDT,0.2889,913.0,0.2888,8980.0,0.2891,221.0,0.2893,912.0
1753599997111,07:06:37.111,gateio,1INCH/USDT:USDT,0.2889,913.0,0.2888,8980.0,0.2891,221.0,0.2893,912.0
1753600000354,07:06:40.354,gateio,1INCH/USDT:USDT,0.289,218.0,0.2889,913.0,0.2891,1.0,0.2893,912.0
1753600000395,07:06:40.395,gateio,1INCH/USDT:USDT,0.289,218.0,0.2889,913.0,0.2891,1.0,0.2893,912.0
1753600000518,07:06:40.518,gateio,1INCH/USDT:USDT,0.289,218.0,0.2889,913.0,0.2891,1.0,0.2893,912.0
1753600000637,07:06:40.637,gateio,1INCH/USDT:USDT,0.289,218.0,0.2889,913.0,0.2891,1.0,0.2893,912.0
1753600001086,07:06:41.086,gateio,1INCH/USDT:USDT,0.2889,913.0,0.2888,8980.0,0.2891,1.0,0.2893,912.0
1753600001342,07:06:41.342,gateio,1INCH/USDT:USDT,0.2889,913.0,0.2888,8980.0,0.2891,1.0,0.2893,912.0
1753600001533,07:06:41.533,gateio,1INCH/USDT:USDT,0.2889,913.0,0.2888,8980.0,0.2891,1.0,0.2893,912.0
1753600001769,07:06:41.769,gateio,1INCH/USDT:USDT,0.2889,913.0,0.2888,8980.0,0.2891,1.0,0.2893,912.0
1753600002291,07:06:42.291,gateio,1INCH/USDT:USDT,0.289,220.0,0.2889,913.0,0.2891,1.0,0.2893,912.0
1753600003201,07:06:43.201,gateio,1INCH/USDT:USDT,0.289,220.0,0.2889,913.0,0.2891,1.0,0.2893,912.0
1753600003367,07:06:43.367,gateio,1INCH/USDT:USDT,0.289,220.0,0.2889,913.0,0.2891,1.0,0.2893,912.0
1753600003400,07:06:43.400,gateio,1INCH/USDT:USDT,0.289,220.0,0.2889,913.0,0.2891,1.0,0.2893,912.0
1753600005433,07:06:45.433,gateio,1INCH/USDT:USDT,0.289,220.0,0.2889,913.0,0.2891,1.0,0.2893,912.0
1753600005652,07:06:45.652,gateio,1INCH/USDT:USDT,0.2889,913.0,0.2888,8980.0,0.2891,1.0,0.2893,912.0
1753600005833,07:06:45.833,gateio,1INCH/USDT:USDT,0.2889,913.0,0.2888,8980.0,0.2891,1.0,0.2893,912.0
1753600006826,07:06:46.826,gateio,1INCH/USDT:USDT,0.2889,913.0,0.2888,8980.0,0.2891,221.0,0.2893,912.0
1753600007060,07:06:47.060,gateio,1INCH/USDT:USDT,0.2889,913.0,0.2888,8980.0,0.2891,221.0,0.2893,912.0
1753600007160,07:06:47.160,gateio,1INCH/USDT:USDT,0.2889,913.0,0.2888,8980.0,0.2891,221.0,0.2893,912.0
1753600007263,07:06:47.263,gateio,1INCH/USDT:USDT,0.2888,8980.0,0.2887,913.0,0.289,220.0,0.2891,221.0
1753600007363,07:06:47.363,gateio,1INCH/USDT:USDT,0.2888,8980.0,0.2887,913.0,0.289,220.0,0.2891,221.0
1753600007450,07:06:47.450,gateio,1INCH/USDT:USDT,0.2888,8980.0,0.2887,913.0,0.289,220.0,0.2891,221.0
1753600007479,07:06:47.479,gateio,1INCH/USDT:USDT,0.2888,8980.0,0.2887,913.0,0.289,220.0,0.2891,221.0
1753600007709,07:06:47.709,gateio,1INCH/USDT:USDT,0.2889,220.0,0.2888,8980.0,0.2891,221.0,0.2893,912.0
1753600007946,07:06:47.946,gateio,1INCH/USDT:USDT,0.2888,8980.0,0.2887,913.0,0.2891,221.0,0.2893,912.0
1753600008505,07:06:48.505,gateio,1INCH/USDT:USDT,0.2888,8980.0,0.2887,913.0,0.289,220.0,0.2891,221.0
1753600008718,07:06:48.718,gateio,1INCH/USDT:USDT,0.2888,8980.0,0.2887,913.0,0.289,220.0,0.2891,221.0
1753600010106,07:06:50.106,gateio,1INCH/USDT:USDT,0.2888,8980.0,0.2887,913.0,0.289,220.0,0.2891,221.0
1753600010233,07:06:50.233,gateio,1INCH/USDT:USDT,0.2888,8980.0,0.2887,913.0,0.289,220.0,0.2891,221.0
1753600010337,07:06:50.337,gateio,1INCH/USDT:USDT,0.2888,8980.0,0.2887,913.0,0.289,220.0,0.2891,221.0
1753600011111,07:06:51.111,gateio,1INCH/USDT:USDT,0.2888,8980.0,0.2887,913.0,0.289,220.0,0.2891,221.0
1753600012459,07:06:52.459,gateio,1INCH/USDT:USDT,0.2889,211.0,0.2888,8980.0,0.2891,221.0,0.2893,912.0
1753600015033,07:06:55.033,gateio,1INCH/USDT:USDT,0.2889,211.0,0.2888,8980.0,0.2891,221.0,0.2893,912.0
1753600015355,07:06:55.355,gateio,1INCH/USDT:USDT,0.2888,8980.0,0.2887,913.0,0.289,211.0,0.2891,221.0
1753600015455,07:06:55.455,gateio,1INCH/USDT:USDT,0.2888,8980.0,0.2887,913.0,0.289,211.0,0.2891,221.0
1753600015613,07:06:55.613,gateio,1INCH/USDT:USDT,0.2888,8980.0,0.2887,913.0,0.289,211.0,0.2891,221.0
1753600015953,07:06:55.953,gateio,1INCH/USDT:USDT,0.2889,211.0,0.2888,8980.0,0.2891,221.0,0.2893,912.0
1753600016074,07:06:56.074,gateio,1INCH/USDT:USDT,0.289,211.0,0.2889,211.0,0.2891,1.0,0.2893,912.0
1753600016150,07:06:56.150,gateio,1INCH/USDT:USDT,0.2889,903.0,0.2888,8980.0,0.2891,1.0,0.2893,220.0
1753600016190,07:06:56.190,gateio,1INCH/USDT:USDT,0.2889,211.0,0.2888,8980.0,0.2891,1.0,0.2893,912.0
1753600016345,07:06:56.345,gateio,1INCH/USDT:USDT,0.2889,211.0,0.2888,8980.0,0.2891,212.0,0.2893,912.0
1753600016454,07:06:56.454,gateio,1INCH/USDT:USDT,0.2889,211.0,0.2888,8980.0,0.2891,212.0,0.2893,912.0
1753600017065,07:06:57.065,gateio,1INCH/USDT:USDT,0.2889,211.0,0.2888,8980.0,0.2891,212.0,0.2893,912.0
1753600017315,07:06:57.315,gateio,1INCH/USDT:USDT,0.2889,211.0,0.2888,8980.0,0.2891,212.0,0.2893,912.0
1753600017473,07:06:57.473,gateio,1INCH/USDT:USDT,0.2887,913.0,0.2886,35264.0,0.289,211.0,0.2891,212.0
1753600017550,07:06:57.550,gateio,1INCH/USDT:USDT,0.2887,913.0,0.2886,35264.0,0.289,211.0,0.2891,212.0
1753600017659,07:06:57.659,gateio,1INCH/USDT:USDT,0.2887,9721.0,0.2886,35264.0,0.289,211.0,0.2891,904.0
1753600017739,07:06:57.739,gateio,1INCH/USDT:USDT,0.2887,9029.0,0.2886,2036.0,0.289,211.0,0.2891,904.0
1753600017814,07:06:57.814,gateio,1INCH/USDT:USDT,0.2887,9029.0,0.2886,2036.0,0.289,211.0,0.2891,904.0
1753600018029,07:06:58.029,gateio,1INCH/USDT:USDT,0.2887,9029.0,0.2886,2036.0,0.289,211.0,0.2891,904.0
1753600018135,07:06:58.135,gateio,1INCH/USDT:USDT,0.2887,9029.0,0.2886,2036.0,0.289,211.0,0.2891,904.0
1753600018377,07:06:58.377,gateio,1INCH/USDT:USDT,0.2887,9029.0,0.2886,2036.0,0.289,211.0,0.2891,904.0
1753600018550,07:06:58.550,gateio,1INCH/USDT:USDT,0.2887,9029.0,0.2886,2036.0,0.289,211.0,0.2891,904.0
1753600019174,07:06:59.174,gateio,1INCH/USDT:USDT,0.2887,9029.0,0.2886,2036.0,0.289,211.0,0.2891,904.0
1753600019178,07:06:59.178,gateio,1INCH/USDT:USDT,0.2887,9029.0,0.2886,2036.0,0.289,211.0,0.2891,904.0
1753600019551,07:06:59.551,gateio,1INCH/USDT:USDT,0.2888,211.0,0.2887,9029.0,0.289,211.0,0.2891,904.0
1753600019754,07:06:59.754,gateio,1INCH/USDT:USDT,0.2888,211.0,0.2887,9029.0,0.289,211.0,0.2891,904.0
1753600020852,07:07:00.852,gateio,1INCH/USDT:USDT,0.2887,9029.0,0.2886,2728.0,0.289,211.0,0.2891,904.0
1753600022453,07:07:02.453,gateio,1INCH/USDT:USDT,0.2887,9029.0,0.2886,2728.0,0.289,211.0,0.2891,904.0
1753600024170,07:07:04.170,gateio,1INCH/USDT:USDT,0.2885,221.0,0.2884,2723.0,0.2888,214.0,0.2889,692.0
1753600024268,07:07:04.268,gateio,1INCH/USDT:USDT,0.2885,221.0,0.2884,2723.0,0.2888,214.0,0.2889,692.0
1753600024375,07:07:04.375,gateio,1INCH/USDT:USDT,0.2885,221.0,0.2884,2723.0,0.2888,214.0,0.2889,692.0
1753600024463,07:07:04.463,gateio,1INCH/USDT:USDT,0.2885,221.0,0.2884,2723.0,0.2888,214.0,0.2889,692.0
1753600024554,07:07:04.554,gateio,1INCH/USDT:USDT,0.2885,221.0,0.2884,2723.0,0.2888,214.0,0.2889,692.0
1753600024578,07:07:04.578,gateio,1INCH/USDT:USDT,0.2885,221.0,0.2884,2723.0,0.2888,214.0,0.2889,692.0
1753600025249,07:07:05.249,gateio,1INCH/USDT:USDT,0.2885,221.0,0.2884,2723.0,0.2888,214.0,0.2889,692.0
1753600025467,07:07:05.467,gateio,1INCH/USDT:USDT,0.2885,221.0,0.2884,2723.0,0.2888,214.0,0.2889,692.0
1753600025550,07:07:05.550,gateio,1INCH/USDT:USDT,0.2885,221.0,0.2884,2723.0,0.2888,214.0,0.2889,692.0
1753600026271,07:07:06.271,gateio,1INCH/USDT:USDT,0.2884,908.0,0.2883,9014.0,0.2887,214.0,0.2888,214.0
1753600026370,07:07:06.370,gateio,1INCH/USDT:USDT,0.2885,214.0,0.2884,216.0,0.2887,214.0,0.2888,214.0
1753600026449,07:07:06.449,gateio,1INCH/USDT:USDT,0.2885,214.0,0.2884,908.0,0.2888,214.0,0.2889,692.0
1753600026572,07:07:06.572,gateio,1INCH/USDT:USDT,0.2884,216.0,0.2883,9014.0,0.2888,4259.0,0.2889,692.0
1753600026631,07:07:06.631,gateio,1INCH/USDT:USDT,0.2884,216.0,0.2883,9014.0,0.2887,214.0,0.2888,214.0
1753600026729,07:07:06.729,gateio,1INCH/USDT:USDT,0.2884,216.0,0.2883,9014.0,0.2888,214.0,0.2889,692.0
1753600026784,07:07:06.784,gateio,1INCH/USDT:USDT,0.2884,216.0,0.2883,9014.0,0.2887,214.0,0.2888,4282.0
1753600027129,07:07:07.129,gateio,1INCH/USDT:USDT,0.2884,216.0,0.2883,9014.0,0.2886,214.0,0.2887,214.0
1753600027271,07:07:07.271,gateio,1INCH/USDT:USDT,0.2884,216.0,0.2883,9014.0,0.2888,214.0,0.2889,692.0
1753600027350,07:07:07.350,gateio,1INCH/USDT:USDT,0.2884,216.0,0.2883,9014.0,0.2887,692.0,0.2888,214.0
1753600027452,07:07:07.452,gateio,1INCH/USDT:USDT,0.2884,216.0,0.2883,9014.0,0.2887,692.0,0.2888,214.0
1753600027499,07:07:07.499,gateio,1INCH/USDT:USDT,0.2884,216.0,0.2883,9014.0,0.2886,214.0,0.2887,692.0
1753600027761,07:07:07.761,gateio,1INCH/USDT:USDT,0.2884,216.0,0.2883,9014.0,0.2886,214.0,0.2887,1098.0
1753600027872,07:07:07.872,gateio,1INCH/USDT:USDT,0.2884,216.0,0.2883,9014.0,0.2886,214.0,0.2887,1098.0
1753600027920,07:07:07.920,gateio,1INCH/USDT:USDT,0.2884,216.0,0.2883,9014.0,0.2886,214.0,0.2887,2608.0
1753600028164,07:07:08.164,gateio,1INCH/USDT:USDT,0.2884,216.0,0.2883,9014.0,0.2886,214.0,0.2887,692.0
1753600028268,07:07:08.268,gateio,1INCH/USDT:USDT,0.2884,214.0,0.2883,9014.0,0.2886,214.0,0.2887,692.0
1753600028472,07:07:08.472,gateio,1INCH/USDT:USDT,0.2884,214.0,0.2883,216.0,0.2886,214.0,0.2887,692.0
1753600028627,07:07:08.627,gateio,1INCH/USDT:USDT,0.2883,216.0,0.2882,2727.0,0.2886,214.0,0.2887,692.0
1753600028692,07:07:08.692,gateio,1INCH/USDT:USDT,0.2883,216.0,0.2882,2727.0,0.2886,214.0,0.2887,692.0
1753600029005,07:07:09.005,gateio,1INCH/USDT:USDT,0.2883,216.0,0.2882,2727.0,0.2886,214.0,0.2887,692.0
1753600029133,07:07:09.133,gateio,1INCH/USDT:USDT,0.2883,216.0,0.2882,912.0,0.2886,214.0,0.2887,692.0
1753600029247,07:07:09.247,gateio,1INCH/USDT:USDT,0.2883,216.0,0.2882,2727.0,0.2886,214.0,0.2887,692.0
1753600029350,07:07:09.350,gateio,1INCH/USDT:USDT,0.2883,216.0,0.2882,2727.0,0.2886,214.0,0.2887,692.0
1753600029468,07:07:09.468,gateio,1INCH/USDT:USDT,0.2883,216.0,0.2882,2727.0,0.2887,906.0,0.2888,3607.0
1753600029533,07:07:09.533,gateio,1INCH/USDT:USDT,0.2883,216.0,0.2882,2727.0,0.2887,214.0,0.2888,214.0
1753600029611,07:07:09.611,gateio,1INCH/USDT:USDT,0.2883,216.0,0.2882,2727.0,0.2888,214.0,0.2889,692.0
1753600029754,07:07:09.754,gateio,1INCH/USDT:USDT,0.2883,216.0,0.2882,2727.0,0.2887,692.0,0.2888,214.0
1753600030259,07:07:10.259,gateio,1INCH/USDT:USDT,0.2883,216.0,0.2882,912.0,0.2886,214.0,0.2887,692.0
1753600030350,07:07:10.350,gateio,1INCH/USDT:USDT,0.2883,216.0,0.2882,912.0,0.2886,214.0,0.2887,692.0
1753600030465,07:07:10.465,gateio,1INCH/USDT:USDT,0.2883,216.0,0.2882,912.0,0.2886,214.0,0.2887,692.0
1753600030535,07:07:10.535,gateio,1INCH/USDT:USDT,0.2883,216.0,0.2882,2727.0,0.2886,214.0,0.2887,692.0
1753600031300,07:07:11.300,gateio,1INCH/USDT:USDT,0.2883,216.0,0.2882,912.0,0.2886,214.0,0.2887,692.0
1753600031540,07:07:11.540,gateio,1INCH/USDT:USDT,0.2883,216.0,0.2882,912.0,0.2886,214.0,0.2887,692.0
1753600031861,07:07:11.861,gateio,1INCH/USDT:USDT,0.2883,216.0,0.2882,912.0,0.2886,214.0,0.2887,692.0
1753600031962,07:07:11.962,gateio,1INCH/USDT:USDT,0.2883,216.0,0.2882,912.0,0.2886,214.0,0.2887,692.0
1753600032153,07:07:12.153,gateio,1INCH/USDT:USDT,0.2883,216.0,0.2882,2727.0,0.2887,213.0,0.2888,1944.0
1753600032259,07:07:12.259,gateio,1INCH/USDT:USDT,0.2883,216.0,0.2882,2727.0,0.2887,213.0,0.2888,214.0
1753600032353,07:07:12.353,gateio,1INCH/USDT:USDT,0.2883,216.0,0.2882,2727.0,0.2887,905.0,0.2888,214.0
1753600032453,07:07:12.453,gateio,1INCH/USDT:USDT,0.2883,216.0,0.2882,2727.0,0.2887,905.0,0.2888,214.0
1753600033149,07:07:13.149,gateio,1INCH/USDT:USDT,0.2885,213.0,0.2884,692.0,0.2888,214.0,0.2889,692.0
1753600033250,07:07:13.250,gateio,1INCH/USDT:USDT,0.2885,213.0,0.2884,692.0,0.2888,214.0,0.2889,692.0
1753600033657,07:07:13.657,gateio,1INCH/USDT:USDT,0.2884,692.0,0.2883,216.0,0.2888,214.0,0.2889,692.0
1753600033738,07:07:13.738,gateio,1INCH/USDT:USDT,0.2883,216.0,0.2882,2727.0,0.2888,214.0,0.2889,692.0
1753600033796,07:07:13.796,gateio,1INCH/USDT:USDT,0.2884,692.0,0.2883,216.0,0.2888,214.0,0.2889,692.0
1753600033956,07:07:13.956,gateio,1INCH/USDT:USDT,0.2884,692.0,0.2883,216.0,0.2888,214.0,0.2889,692.0
1753600033994,07:07:13.994,gateio,1INCH/USDT:USDT,0.2885,213.0,0.2884,692.0,0.2888,214.0,0.2889,692.0
1753600036122,07:07:16.122,gateio,1INCH/USDT:USDT,0.2885,213.0,0.2884,692.0,0.2888,214.0,0.2889,692.0
1753600036427,07:07:16.427,gateio,1INCH/USDT:USDT,0.2885,213.0,0.2884,692.0,0.2888,214.0,0.2889,692.0
1753600036662,07:07:16.662,gateio,1INCH/USDT:USDT,0.2885,213.0,0.2884,692.0,0.2888,214.0,0.2889,692.0
1753600036762,07:07:16.762,gateio,1INCH/USDT:USDT,0.2883,216.0,0.2882,2727.0,0.2888,214.0,0.2889,692.0
1753600036847,07:07:16.847,gateio,1INCH/USDT:USDT,0.2884,213.0,0.2883,221.0,0.2888,214.0,0.2889,692.0
1753600036936,07:07:16.936,gateio,1INCH/USDT:USDT,0.2884,213.0,0.2883,216.0,0.2888,214.0,0.2889,692.0
1753600036991,07:07:16.991,gateio,1INCH/USDT:USDT,0.2883,216.0,0.2882,2727.0,0.2888,214.0,0.2889,692.0
1753600037141,07:07:17.141,gateio,1INCH/USDT:USDT,0.2884,213.0,0.2883,221.0,0.2888,214.0,0.2889,692.0
1753600037262,07:07:17.262,gateio,1INCH/USDT:USDT,0.2884,213.0,0.2883,216.0,0.2888,214.0,0.2889,692.0
1753600037290,07:07:17.290,gateio,1INCH/USDT:USDT,0.2883,216.0,0.2882,2727.0,0.2888,214.0,0.2889,692.0
1753600037438,07:07:17.438,gateio,1INCH/USDT:USDT,0.2884,213.0,0.2883,221.0,0.2888,214.0,0.2889,692.0
1753600037534,07:07:17.534,gateio,1INCH/USDT:USDT,0.2884,213.0,0.2883,216.0,0.2888,214.0,0.2889,692.0
1753600037589,07:07:17.589,gateio,1INCH/USDT:USDT,0.2883,216.0,0.2882,2727.0,0.2888,214.0,0.2889,692.0
1753600037737,07:07:17.737,gateio,1INCH/USDT:USDT,0.2884,213.0,0.2883,221.0,0.2888,214.0,0.2889,692.0
1753600037834,07:07:17.834,gateio,1INCH/USDT:USDT,0.2884,213.0,0.2883,216.0,0.2888,214.0,0.2889,692.0
1753600037970,07:07:17.970,gateio,1INCH/USDT:USDT,0.2883,216.0,0.2882,2727.0,0.2887,905.0,0.2888,3635.0
1753600037994,07:07:17.994,gateio,1INCH/USDT:USDT,0.2883,216.0,0.2882,2727.0,0.2887,905.0,0.2888,214.0
1753600038153,07:07:18.153,gateio,1INCH/USDT:USDT,0.2884,213.0,0.2883,221.0,0.2886,213.0,0.2887,905.0
1753600038235,07:07:18.235,gateio,1INCH/USDT:USDT,0.2884,213.0,0.2883,216.0,0.2886,213.0,0.2887,213.0
1753600038370,07:07:18.370,gateio,1INCH/USDT:USDT,0.2883,216.0,0.2882,2727.0,0.2887,213.0,0.2888,346.0
1753600038437,07:07:18.437,gateio,1INCH/USDT:USDT,0.2884,213.0,0.2883,221.0,0.2887,213.0,0.2888,346.0
1753600038535,07:07:18.535,gateio,1INCH/USDT:USDT,0.2884,213.0,0.2883,216.0,0.2888,214.0,0.2889,692.0
1753600038595,07:07:18.595,gateio,1INCH/USDT:USDT,0.2883,216.0,0.2882,2727.0,0.2888,214.0,0.2889,692.0
1753600038738,07:07:18.738,gateio,1INCH/USDT:USDT,0.2884,213.0,0.2883,221.0,0.2888,214.0,0.2889,692.0
1753600038834,07:07:18.834,gateio,1INCH/USDT:USDT,0.2884,213.0,0.2883,216.0,0.2888,214.0,0.2889,692.0
1753600038891,07:07:18.891,gateio,1INCH/USDT:USDT,0.2883,216.0,0.2882,2727.0,0.2888,214.0,0.2889,692.0
1753600039040,07:07:19.040,gateio,1INCH/USDT:USDT,0.2884,213.0,0.2883,221.0,0.2888,214.0,0.2889,692.0
1753600039135,07:07:19.135,gateio,1INCH/USDT:USDT,0.2884,213.0,0.2883,216.0,0.2888,214.0,0.2889,692.0
1753600039193,07:07:19.193,gateio,1INCH/USDT:USDT,0.2883,216.0,0.2882,2727.0,0.2888,214.0,0.2889,692.0
1753600039338,07:07:19.338,gateio,1INCH/USDT:USDT,0.2884,213.0,0.2883,221.0,0.2888,214.0,0.2889,692.0
1753600039435,07:07:19.435,gateio,1INCH/USDT:USDT,0.2884,213.0,0.2883,216.0,0.2888,214.0,0.2889,692.0
1753600039490,07:07:19.490,gateio,1INCH/USDT:USDT,0.2883,216.0,0.2882,2727.0,0.2888,214.0,0.2889,692.0
1753600039638,07:07:19.638,gateio,1INCH/USDT:USDT,0.2884,213.0,0.2883,221.0,0.2888,214.0,0.2889,692.0
1753600039749,07:07:19.749,gateio,1INCH/USDT:USDT,0.2884,213.0,0.2883,216.0,0.2888,214.0,0.2889,692.0
1753600039789,07:07:19.789,gateio,1INCH/USDT:USDT,0.2883,216.0,0.2882,2727.0,0.2888,214.0,0.2889,692.0
1753600039937,07:07:19.937,gateio,1INCH/USDT:USDT,0.2884,213.0,0.2883,221.0,0.2888,214.0,0.2889,692.0
1753600040036,07:07:20.036,gateio,1INCH/USDT:USDT,0.2884,213.0,0.2883,216.0,0.2888,214.0,0.2889,692.0
1753600040091,07:07:20.091,gateio,1INCH/USDT:USDT,0.2883,216.0,0.2882,2727.0,0.2888,214.0,0.2889,692.0
1753600040251,07:07:20.251,gateio,1INCH/USDT:USDT,0.2884,213.0,0.2883,221.0,0.2888,214.0,0.2889,692.0
1753600040336,07:07:20.336,gateio,1INCH/USDT:USDT,0.2884,213.0,0.2883,216.0,0.2888,214.0,0.2889,692.0
1753600040403,07:07:20.403,gateio,1INCH/USDT:USDT,0.2883,216.0,0.2882,2727.0,0.2888,214.0,0.2889,692.0
1753600040569,07:07:20.569,gateio,1INCH/USDT:USDT,0.2884,213.0,0.2883,221.0,0.2888,214.0,0.2889,692.0
1753600040637,07:07:20.637,gateio,1INCH/USDT:USDT,0.2884,213.0,0.2883,216.0,0.2888,214.0,0.2889,692.0
1753600040697,07:07:20.697,gateio,1INCH/USDT:USDT,0.2883,216.0,0.2882,2727.0,0.2888,214.0,0.2889,692.0
1753600040941,07:07:20.941,gateio,1INCH/USDT:USDT,0.2884,213.0,0.2883,221.0,0.2888,214.0,0.2889,692.0
1753600041035,07:07:21.035,gateio,1INCH/USDT:USDT,0.2884,213.0,0.2883,216.0,0.2888,214.0,0.2889,692.0
1753600041091,07:07:21.091,gateio,1INCH/USDT:USDT,0.2883,216.0,0.2882,2727.0,0.2888,214.0,0.2889,692.0
1753600041238,07:07:21.238,gateio,1INCH/USDT:USDT,0.2884,213.0,0.2883,221.0,0.2888,214.0,0.2889,692.0
1753600041335,07:07:21.335,gateio,1INCH/USDT:USDT,0.2884,213.0,0.2883,216.0,0.2888,214.0,0.2889,692.0
1753600041462,07:07:21.462,gateio,1INCH/USDT:USDT,0.2883,216.0,0.2882,2727.0,0.2888,214.0,0.2889,692.0
1753600041540,07:07:21.540,gateio,1INCH/USDT:USDT,0.2884,213.0,0.2883,221.0,0.2888,214.0,0.2889,692.0
1753600041639,07:07:21.639,gateio,1INCH/USDT:USDT,0.2884,213.0,0.2883,216.0,0.2888,214.0,0.2889,692.0
1753600041692,07:07:21.692,gateio,1INCH/USDT:USDT,0.2883,216.0,0.2882,2727.0,0.2888,214.0,0.2889,692.0
1753600041939,07:07:21.939,gateio,1INCH/USDT:USDT,0.2884,213.0,0.2883,221.0,0.2888,214.0,0.2889,692.0
1753600042036,07:07:22.036,gateio,1INCH/USDT:USDT,0.2884,213.0,0.2883,216.0,0.2888,214.0,0.2889,692.0
1753600042092,07:07:22.092,gateio,1INCH/USDT:USDT,0.2883,216.0,0.2882,2727.0,0.2888,214.0,0.2889,692.0
1753600042238,07:07:22.238,gateio,1INCH/USDT:USDT,0.2884,213.0,0.2883,221.0,0.2888,214.0,0.2889,692.0
1753600042336,07:07:22.336,gateio,1INCH/USDT:USDT,0.2884,213.0,0.2883,216.0,0.2888,214.0,0.2889,692.0
1753600042391,07:07:22.391,gateio,1INCH/USDT:USDT,0.2883,216.0,0.2882,2727.0,0.2888,214.0,0.2889,692.0
1753600042573,07:07:22.573,gateio,1INCH/USDT:USDT,0.2883,216.0,0.2882,2727.0,0.2888,214.0,0.2889,692.0
1753600042616,07:07:22.616,gateio,1INCH/USDT:USDT,0.2883,216.0,0.2882,2727.0,0.2887,213.0,0.2888,2933.0
1753600043028,07:07:23.028,gateio,1INCH/USDT:USDT,0.2883,216.0,0.2882,2727.0,0.2887,213.0,0.2888,2933.0
1753600043159,07:07:23.159,gateio,1INCH/USDT:USDT,0.2883,216.0,0.2882,2727.0,0.2887,213.0,0.2888,214.0
1753600043186,07:07:23.186,gateio,1INCH/USDT:USDT,0.2883,216.0,0.2882,2727.0,0.2887,2102.0,0.2888,2029.0
1753600043337,07:07:23.337,gateio,1INCH/USDT:USDT,0.2883,216.0,0.2882,2727.0,0.2886,213.0,0.2887,692.0
1753600043447,07:07:23.447,gateio,1INCH/USDT:USDT,0.2883,216.0,0.2882,912.0,0.2886,213.0,0.2887,692.0
1753600043742,07:07:23.742,gateio,1INCH/USDT:USDT,0.2883,216.0,0.2882,912.0,0.2885,213.0,0.2886,629.0
1753600043867,07:07:23.867,gateio,1INCH/USDT:USDT,0.2883,216.0,0.2882,912.0,0.2885,213.0,0.2886,629.0
1753600043970,07:07:23.970,gateio,1INCH/USDT:USDT,0.2883,216.0,0.2882,912.0,0.2885,213.0,0.2886,213.0
1753600043978,07:07:23.978,gateio,1INCH/USDT:USDT,0.2883,216.0,0.2882,912.0,0.2886,213.0,0.2887,692.0
1753600044285,07:07:24.285,gateio,1INCH/USDT:USDT,0.2883,216.0,0.2882,912.0,0.2886,213.0,0.2887,692.0
1753600046262,07:07:26.262,gateio,1INCH/USDT:USDT,0.2883,216.0,0.2882,912.0,0.2886,213.0,0.2887,692.0
1753600046308,07:07:26.308,gateio,1INCH/USDT:USDT,0.2883,216.0,0.2882,912.0,0.2886,213.0,0.2887,692.0
1753600046469,07:07:26.469,gateio,1INCH/USDT:USDT,0.2883,216.0,0.2882,220.0,0.2886,1270.0,0.2887,692.0
1753600046534,07:07:26.534,gateio,1INCH/USDT:USDT,0.2883,213.0,0.2882,912.0,0.2885,213.0,0.2886,213.0
1753600046654,07:07:26.654,gateio,1INCH/USDT:USDT,0.2883,213.0,0.2882,912.0,0.2886,213.0,0.2887,692.0
1753600046858,07:07:26.858,gateio,1INCH/USDT:USDT,0.2882,220.0,0.288,35925.0,0.2886,213.0,0.2887,692.0
1753600046951,07:07:26.951,gateio,1INCH/USDT:USDT,0.2882,220.0,0.288,44734.0,0.2886,213.0,0.2887,692.0
1753600047050,07:07:27.050,gateio,1INCH/USDT:USDT,0.2882,220.0,0.288,44734.0,0.2886,213.0,0.2887,692.0
1753600047126,07:07:27.126,gateio,1INCH/USDT:USDT,0.2882,220.0,0.288,44734.0,0.2886,213.0,0.2887,692.0
1753600047708,07:07:27.708,gateio,1INCH/USDT:USDT,0.2882,220.0,0.288,44734.0,0.2885,692.0,0.2886,213.0
1753600047951,07:07:27.951,gateio,1INCH/USDT:USDT,0.2882,220.0,0.288,11533.0,0.2884,213.0,0.2886,213.0
1753600048050,07:07:28.050,gateio,1INCH/USDT:USDT,0.2882,220.0,0.288,11533.0,0.2884,213.0,0.2886,213.0
1753600048141,07:07:28.141,gateio,1INCH/USDT:USDT,0.2882,220.0,0.288,11533.0,0.2885,905.0,0.2886,2028.0
1753600048262,07:07:28.262,gateio,1INCH/USDT:USDT,0.2882,220.0,0.288,11533.0,0.2884,213.0,0.2885,905.0
1753600048340,07:07:28.340,gateio,1INCH/USDT:USDT,0.2882,220.0,0.288,11533.0,0.2884,213.0,0.2885,905.0
1753600048571,07:07:28.571,gateio,1INCH/USDT:USDT,0.2882,220.0,0.288,11533.0,0.2884,213.0,0.2885,905.0
1753600048662,07:07:28.662,gateio,1INCH/USDT:USDT,0.2882,220.0,0.288,9718.0,0.2884,213.0,0.2885,905.0
1753600048835,07:07:28.835,gateio,1INCH/USDT:USDT,0.2881,213.0,0.288,9718.0,0.2884,213.0,0.2885,905.0
1753600048951,07:07:28.951,gateio,1INCH/USDT:USDT,0.2881,213.0,0.288,909.0,0.2884,213.0,0.2885,905.0
1753600049072,07:07:29.072,gateio,1INCH/USDT:USDT,0.2881,213.0,0.288,909.0,0.2884,213.0,0.2885,905.0
1753600049149,07:07:29.149,gateio,1INCH/USDT:USDT,0.2881,213.0,0.288,909.0,0.2884,213.0,0.2885,905.0
1753600049276,07:07:29.276,gateio,1INCH/USDT:USDT,0.2881,213.0,0.288,909.0,0.2884,213.0,0.2885,905.0
1753600049366,07:07:29.366,gateio,1INCH/USDT:USDT,0.2881,213.0,0.288,217.0,0.2884,213.0,0.2885,905.0
1753600049384,07:07:29.384,gateio,1INCH/USDT:USDT,0.288,217.0,0.2878,2717.0,0.2884,213.0,0.2885,905.0
1753600049563,07:07:29.563,gateio,1INCH/USDT:USDT,0.288,217.0,0.2878,2717.0,0.2884,213.0,0.2885,905.0
1753600049598,07:07:29.598,gateio,1INCH/USDT:USDT,0.288,217.0,0.2878,11543.0,0.2884,213.0,0.2885,905.0
1753600049758,07:07:29.758,gateio,1INCH/USDT:USDT,0.2881,213.0,0.288,222.0,0.2884,213.0,0.2885,905.0
1753600049839,07:07:29.839,gateio,1INCH/USDT:USDT,0.2881,213.0,0.288,217.0,0.2884,213.0,0.2885,905.0
1753600049893,07:07:29.893,gateio,1INCH/USDT:USDT,0.288,217.0,0.2879,200.0,0.2884,213.0,0.2885,905.0
1753600050044,07:07:30.044,gateio,1INCH/USDT:USDT,0.288,217.0,0.2879,200.0,0.2884,213.0,0.2885,905.0
1753600050330,07:07:30.330,gateio,1INCH/USDT:USDT,0.2882,213.0,0.2881,905.0,0.2884,213.0,0.2885,905.0
1753600050402,07:07:30.402,gateio,1INCH/USDT:USDT,0.2882,213.0,0.2881,213.0,0.2884,213.0,0.2885,905.0
1753600050520,07:07:30.520,gateio,1INCH/USDT:USDT,0.2881,213.0,0.288,1258.0,0.2884,213.0,0.2885,905.0
1753600050819,07:07:30.819,gateio,1INCH/USDT:USDT,0.2881,213.0,0.288,1258.0,0.2884,213.0,0.2885,905.0
1753600052062,07:07:32.062,gateio,1INCH/USDT:USDT,0.2881,213.0,0.288,1258.0,0.2884,213.0,0.2885,905.0
1753600052140,07:07:32.140,gateio,1INCH/USDT:USDT,0.2882,213.0,0.2881,905.0,0.2884,213.0,0.2885,905.0
1753600052437,07:07:32.437,gateio,1INCH/USDT:USDT,0.2882,213.0,0.2881,905.0,0.2884,213.0,0.2885,905.0
1753600053696,07:07:33.696,gateio,1INCH/USDT:USDT,0.2882,213.0,0.2881,905.0,0.2885,905.0,0.2886,2228.0
1753600054065,07:07:34.065,gateio,1INCH/USDT:USDT,0.2882,213.0,0.2881,905.0,0.2885,905.0,0.2886,2228.0
1753600055774,07:07:35.774,gateio,1INCH/USDT:USDT,0.2882,213.0,0.2881,2720.0,0.2885,905.0,0.2886,413.0
1753600055800,07:07:35.800,gateio,1INCH/USDT:USDT,0.2882,213.0,0.2881,2720.0,0.2885,213.0,0.2886,413.0
1753600056095,07:07:36.095,gateio,1INCH/USDT:USDT,0.2882,213.0,0.2881,2720.0,0.2885,213.0,0.2886,413.0
1753600056862,07:07:36.862,gateio,1INCH/USDT:USDT,0.2882,213.0,0.2881,2720.0,0.2885,213.0,0.2886,413.0
1753600058681,07:07:38.681,gateio,1INCH/USDT:USDT,0.2882,213.0,0.2881,2720.0,0.2885,213.0,0.2886,413.0
1753600061663,07:07:41.663,gateio,1INCH/USDT:USDT,0.2882,213.0,0.2881,2720.0,0.2885,213.0,0.2886,413.0
1753600062146,07:07:42.146,gateio,1INCH/USDT:USDT,0.2882,213.0,0.2881,2720.0,0.2885,213.0,0.2886,413.0
1753600063065,07:07:43.065,gateio,1INCH/USDT:USDT,0.2882,213.0,0.2881,905.0,0.2885,213.0,0.2886,2228.0
1753600063117,07:07:43.117,gateio,1INCH/USDT:USDT,0.2882,213.0,0.2881,905.0,0.2885,213.0,0.2886,2228.0
1753600063200,07:07:43.200,gateio,1INCH/USDT:USDT,0.2882,213.0,0.2881,905.0,0.2885,213.0,0.2886,413.0
1753600063354,07:07:43.354,gateio,1INCH/USDT:USDT,0.2882,213.0,0.2881,905.0,0.2885,213.0,0.2886,413.0
1753600064338,07:07:44.338,gateio,1INCH/USDT:USDT,0.2882,213.0,0.2881,2720.0,0.2885,213.0,0.2886,413.0
1753600064389,07:07:44.389,gateio,1INCH/USDT:USDT,0.2882,213.0,0.2881,2720.0,0.2885,213.0,0.2886,413.0
1753600064574,07:07:44.574,gateio,1INCH/USDT:USDT,0.2882,213.0,0.2881,2720.0,0.2885,213.0,0.2886,413.0
1753600064574,07:07:44.574,gateio,1INCH/USDT:USDT,0.2882,213.0,0.2881,2720.0,0.2885,213.0,0.2886,413.0
1753600065460,07:07:45.460,gateio,1INCH/USDT:USDT,0.2882,213.0,0.2881,905.0,0.2885,213.0,0.2886,2228.0
1753600065642,07:07:45.642,gateio,1INCH/USDT:USDT,0.2882,213.0,0.2881,905.0,0.2885,213.0,0.2886,413.0
1753600065799,07:07:45.799,gateio,1INCH/USDT:USDT,0.2882,213.0,0.2881,905.0,0.2885,213.0,0.2886,413.0
1753600066470,07:07:46.470,gateio,1INCH/USDT:USDT,0.2882,213.0,0.2881,905.0,0.2885,213.0,0.2886,413.0
1753600066572,07:07:46.572,gateio,1INCH/USDT:USDT,0.2883,2507.0,0.2882,213.0,0.2887,200.0,0.2888,214.0
1753600066672,07:07:46.672,gateio,1INCH/USDT:USDT,0.2884,220.0,0.2883,2507.0,0.2887,200.0,0.2888,214.0
1753600066749,07:07:46.749,gateio,1INCH/USDT:USDT,0.2884,220.0,0.2883,2507.0,0.2887,200.0,0.2888,214.0
1753600066868,07:07:46.868,gateio,1INCH/USDT:USDT,0.2884,220.0,0.2883,2507.0,0.2887,200.0,0.2888,214.0
1753600066960,07:07:46.960,gateio,1INCH/USDT:USDT,0.2884,220.0,0.2883,2507.0,0.2886,220.0,0.2887,200.0
1753600067044,07:07:47.044,gateio,1INCH/USDT:USDT,0.2884,220.0,0.2883,2507.0,0.2886,220.0,0.2887,200.0
1753600068238,07:07:48.238,gateio,1INCH/USDT:USDT,0.2884,220.0,0.2883,2507.0,0.2886,220.0,0.2887,200.0
1753600068669,07:07:48.669,gateio,1INCH/USDT:USDT,0.2884,220.0,0.2883,2507.0,0.2886,220.0,0.2887,200.0
1753600069156,07:07:49.156,gateio,1INCH/USDT:USDT,0.2882,213.0,0.2881,2720.0,0.2886,220.0,0.2887,200.0
1753600069247,07:07:49.247,gateio,1INCH/USDT:USDT,0.2883,220.0,0.2882,218.0,0.2886,220.0,0.2887,200.0
1753600069341,07:07:49.341,gateio,1INCH/USDT:USDT,0.2883,220.0,0.2882,213.0,0.2886,220.0,0.2887,200.0
1753600069458,07:07:49.458,gateio,1INCH/USDT:USDT,0.2882,213.0,0.2881,2720.0,0.2886,220.0,0.2887,200.0
1753600069563,07:07:49.563,gateio,1INCH/USDT:USDT,0.2883,220.0,0.2882,218.0,0.2886,220.0,0.2887,200.0
1753600069635,07:07:49.635,gateio,1INCH/USDT:USDT,0.2883,220.0,0.2882,213.0,0.2886,220.0,0.2887,200.0
1753600069726,07:07:49.726,gateio,1INCH/USDT:USDT,0.2882,213.0,0.2881,2720.0,0.2886,220.0,0.2887,200.0
1753600069860,07:07:49.860,gateio,1INCH/USDT:USDT,0.2883,220.0,0.2882,218.0,0.2886,220.0,0.2887,200.0
1753600069934,07:07:49.934,gateio,1INCH/USDT:USDT,0.2883,220.0,0.2882,213.0,0.2886,220.0,0.2887,200.0
1753600069997,07:07:49.997,gateio,1INCH/USDT:USDT,0.2882,213.0,0.2881,2720.0,0.2886,220.0,0.2887,200.0
1753600070138,07:07:50.138,gateio,1INCH/USDT:USDT,0.2883,220.0,0.2882,218.0,0.2886,220.0,0.2887,200.0
1753600070248,07:07:50.248,gateio,1INCH/USDT:USDT,0.2883,220.0,0.2882,213.0,0.2886,220.0,0.2887,200.0
1753600070341,07:07:50.341,gateio,1INCH/USDT:USDT,0.2882,213.0,0.2881,2720.0,0.2886,220.0,0.2887,200.0
1753600071268,07:07:51.268,gateio,1INCH/USDT:USDT,0.2882,213.0,0.2881,2720.0,0.2886,220.0,0.2887,892.0
1753600071371,07:07:51.371,gateio,1INCH/USDT:USDT,0.2883,218.0,0.2882,218.0,0.2886,220.0,0.2887,892.0
1753600071435,07:07:51.435,gateio,1INCH/USDT:USDT,0.2883,218.0,0.2882,213.0,0.2886,220.0,0.2887,892.0
1753600071570,07:07:51.570,gateio,1INCH/USDT:USDT,0.2882,213.0,0.2881,2720.0,0.2886,220.0,0.2887,892.0
1753600071658,07:07:51.658,gateio,1INCH/USDT:USDT,0.2883,218.0,0.2882,218.0,0.2886,220.0,0.2887,892.0
1753600071761,07:07:51.761,gateio,1INCH/USDT:USDT,0.2883,218.0,0.2882,213.0,0.2886,220.0,0.2887,892.0
1753600071833,07:07:51.833,gateio,1INCH/USDT:USDT,0.2882,213.0,0.2881,2720.0,0.2886,220.0,0.2887,892.0
1753600071969,07:07:51.969,gateio,1INCH/USDT:USDT,0.2882,213.0,0.2881,2720.0,0.2886,220.0,0.2887,892.0
1753600072046,07:07:52.046,gateio,1INCH/USDT:USDT,0.2883,218.0,0.2882,218.0,0.2886,220.0,0.2887,892.0
1753600072173,07:07:52.173,gateio,1INCH/USDT:USDT,0.2883,218.0,0.2882,213.0,0.2886,220.0,0.2887,892.0
1753600072193,07:07:52.193,gateio,1INCH/USDT:USDT,0.2882,213.0,0.2881,2720.0,0.2886,220.0,0.2887,892.0
1753600072341,07:07:52.341,gateio,1INCH/USDT:USDT,0.2883,218.0,0.2882,218.0,0.2886,220.0,0.2887,892.0
1753600072435,07:07:52.435,gateio,1INCH/USDT:USDT,0.2883,218.0,0.2882,213.0,0.2886,220.0,0.2887,892.0
1753600072493,07:07:52.493,gateio,1INCH/USDT:USDT,0.2882,213.0,0.2881,2720.0,0.2886,220.0,0.2887,892.0
1753600072640,07:07:52.640,gateio,1INCH/USDT:USDT,0.2883,218.0,0.2882,218.0,0.2886,220.0,0.2887,892.0
1753600072733,07:07:52.733,gateio,1INCH/USDT:USDT,0.2883,218.0,0.2882,213.0,0.2886,220.0,0.2887,892.0
1753600072810,07:07:52.810,gateio,1INCH/USDT:USDT,0.2882,213.0,0.2881,2720.0,0.2886,220.0,0.2887,892.0
1753600072937,07:07:52.937,gateio,1INCH/USDT:USDT,0.2883,218.0,0.2882,218.0,0.2886,220.0,0.2887,892.0
1753600073037,07:07:53.037,gateio,1INCH/USDT:USDT,0.2883,218.0,0.2882,213.0,0.2886,220.0,0.2887,892.0
1753600073089,07:07:53.089,gateio,1INCH/USDT:USDT,0.2882,213.0,0.2881,2720.0,0.2886,220.0,0.2887,892.0
1753600073238,07:07:53.238,gateio,1INCH/USDT:USDT,0.2883,218.0,0.2882,218.0,0.2886,220.0,0.2887,892.0
1753600073336,07:07:53.336,gateio,1INCH/USDT:USDT,0.2883,218.0,0.2882,213.0,0.2886,220.0,0.2887,892.0
1753600073392,07:07:53.392,gateio,1INCH/USDT:USDT,0.2882,213.0,0.2881,2720.0,0.2886,220.0,0.2887,892.0
1753600073539,07:07:53.539,gateio,1INCH/USDT:USDT,0.2883,218.0,0.2882,218.0,0.2886,220.0,0.2887,892.0
1753600073636,07:07:53.636,gateio,1INCH/USDT:USDT,0.2883,218.0,0.2882,213.0,0.2886,220.0,0.2887,892.0
1753600073691,07:07:53.691,gateio,1INCH/USDT:USDT,0.2882,213.0,0.2881,2720.0,0.2886,220.0,0.2887,892.0
1753600073838,07:07:53.838,gateio,1INCH/USDT:USDT,0.2883,218.0,0.2882,218.0,0.2886,220.0,0.2887,892.0
1753600073934,07:07:53.934,gateio,1INCH/USDT:USDT,0.2883,218.0,0.2882,213.0,0.2886,220.0,0.2887,892.0
1753600074049,07:07:54.049,gateio,1INCH/USDT:USDT,0.2882,213.0,0.2881,2720.0,0.2886,220.0,0.2887,892.0
1753600074137,07:07:54.137,gateio,1INCH/USDT:USDT,0.2883,218.0,0.2882,218.0,0.2886,220.0,0.2887,892.0
1753600074234,07:07:54.234,gateio,1INCH/USDT:USDT,0.2883,218.0,0.2882,213.0,0.2886,220.0,0.2887,892.0
1753600074291,07:07:54.291,gateio,1INCH/USDT:USDT,0.2883,1815.0,0.2882,213.0,0.2886,220.0,0.2887,892.0
1753600074471,07:07:54.471,gateio,1INCH/USDT:USDT,0.2883,1815.0,0.2882,213.0,0.2886,220.0,0.2887,892.0
1753600074718,07:07:54.718,gateio,1INCH/USDT:USDT,0.2882,213.0,0.2881,2720.0,0.2885,218.0,0.2886,324.0
1753600074866,07:07:54.866,gateio,1INCH/USDT:USDT,0.2882,213.0,0.2881,2720.0,0.2886,220.0,0.2887,892.0
1753600074950,07:07:54.950,gateio,1INCH/USDT:USDT,0.2882,218.0,0.2881,2720.0,0.2886,220.0,0.2887,892.0
1753600075294,07:07:55.294,gateio,1INCH/USDT:USDT,0.2882,218.0,0.2881,2720.0,0.2886,220.0,0.2887,892.0
1753600075616,07:07:55.616,gateio,1INCH/USDT:USDT,0.2882,218.0,0.2881,2720.0,0.2884,218.0,0.2885,910.0
1753600075753,07:07:55.753,gateio,1INCH/USDT:USDT,0.2882,213.0,0.2881,2720.0,0.2886,220.0,0.2887,892.0
1753600076063,07:07:56.063,gateio,1INCH/USDT:USDT,0.2882,218.0,0.2881,2720.0,0.2886,220.0,0.2887,892.0
1753600076130,07:07:56.130,gateio,1INCH/USDT:USDT,0.2882,218.0,0.2881,2720.0,0.2886,220.0,0.2887,892.0
1753600076198,07:07:56.198,gateio,1INCH/USDT:USDT,0.2882,218.0,0.2881,2720.0,0.2886,220.0,0.2887,892.0
1753600076369,07:07:56.369,gateio,1INCH/USDT:USDT,0.2882,218.0,0.2881,2720.0,0.2884,218.0,0.2886,220.0
1753600076457,07:07:56.457,gateio,1INCH/USDT:USDT,0.2882,213.0,0.2881,2720.0,0.2886,220.0,0.2887,9703.0
1753600076534,07:07:56.534,gateio,1INCH/USDT:USDT,0.2882,218.0,0.2881,2720.0,0.2886,220.0,0.2887,9703.0
1753600076635,07:07:56.635,gateio,1INCH/USDT:USDT,0.2882,213.0,0.2881,2720.0,0.2884,218.0,0.2885,692.0
1753600076687,07:07:56.687,gateio,1INCH/USDT:USDT,0.2882,213.0,0.2881,2720.0,0.2884,218.0,0.2885,692.0
1753600076786,07:07:56.786,gateio,1INCH/USDT:USDT,0.2882,213.0,0.2881,2720.0,0.2884,218.0,0.2885,692.0
1753600076948,07:07:56.948,gateio,1INCH/USDT:USDT,0.2882,213.0,0.2881,2720.0,0.2884,218.0,0.2885,692.0
1753600080265,07:08:00.265,gateio,1INCH/USDT:USDT,0.2882,213.0,0.2881,2720.0,0.2884,218.0,0.2886,220.0
1753600080279,07:08:00.279,gateio,1INCH/USDT:USDT,0.2882,213.0,0.2881,2720.0,0.2886,220.0,0.2887,9703.0
1753600080521,07:08:00.521,gateio,1INCH/USDT:USDT,0.2882,213.0,0.2881,2720.0,0.2885,910.0,0.2886,3585.0
1753600080585,07:08:00.585,gateio,1INCH/USDT:USDT,0.2882,213.0,0.2881,2720.0,0.2885,910.0,0.2886,3585.0
1753600080864,07:08:00.864,gateio,1INCH/USDT:USDT,0.2882,213.0,0.2881,2720.0,0.2885,910.0,0.2886,3585.0
1753600081006,07:08:01.006,gateio,1INCH/USDT:USDT,0.2882,213.0,0.2881,2720.0,0.2885,910.0,0.2886,3585.0
1753600081518,07:08:01.518,gateio,1INCH/USDT:USDT,0.2882,213.0,0.2881,2720.0,0.2886,220.0,0.2887,9703.0
1753600081582,07:08:01.582,gateio,1INCH/USDT:USDT,0.2882,213.0,0.2881,2720.0,0.2886,220.0,0.2887,9703.0
1753600081826,07:08:01.826,gateio,1INCH/USDT:USDT,0.2882,213.0,0.2881,2720.0,0.2886,220.0,0.2887,9703.0
1753600081906,07:08:01.906,gateio,1INCH/USDT:USDT,0.2882,213.0,0.2881,2720.0,0.2884,219.0,0.2885,692.0
1753600082059,07:08:02.059,gateio,1INCH/USDT:USDT,0.2882,213.0,0.2881,2720.0,0.2886,220.0,0.2887,9703.0
1753600082560,07:08:02.560,gateio,1INCH/USDT:USDT,0.2882,213.0,0.2881,2720.0,0.2885,692.0,0.2886,220.0
1753600082670,07:08:02.670,gateio,1INCH/USDT:USDT,0.2882,213.0,0.2881,2028.0,0.2884,219.0,0.2885,692.0
1753600085668,07:08:05.668,gateio,1INCH/USDT:USDT,0.2882,213.0,0.2881,2028.0,0.2884,219.0,0.2885,692.0
1753600085696,07:08:05.696,gateio,1INCH/USDT:USDT,0.2882,213.0,0.2881,2028.0,0.2884,219.0,0.2885,692.0
1753600085850,07:08:05.850,gateio,1INCH/USDT:USDT,0.2882,213.0,0.2881,2028.0,0.2884,219.0,0.2885,692.0
1753600085878,07:08:05.878,gateio,1INCH/USDT:USDT,0.2882,213.0,0.2881,2028.0,0.2884,219.0,0.2885,692.0
1753600087924,07:08:07.924,gateio,1INCH/USDT:USDT,0.2882,213.0,0.2881,2028.0,0.2886,220.0,0.2887,9703.0
1753600088058,07:08:08.058,gateio,1INCH/USDT:USDT,0.2882,213.0,0.2881,2028.0,0.2885,911.0,0.2886,3189.0
1753600088267,07:08:08.267,gateio,1INCH/USDT:USDT,0.2882,213.0,0.2881,2028.0,0.2885,219.0,0.2886,220.0
1753600088301,07:08:08.301,gateio,1INCH/USDT:USDT,0.2882,213.0,0.2881,2028.0,0.2886,220.0,0.2887,9703.0
1753600089744,07:08:09.744,gateio,1INCH/USDT:USDT,0.2882,213.0,0.2881,2028.0,0.2885,219.0,0.2886,764.0
1753600089955,07:08:09.955,gateio,1INCH/USDT:USDT,0.2882,213.0,0.2881,2028.0,0.2885,219.0,0.2886,220.0
1753600089978,07:08:09.978,gateio,1INCH/USDT:USDT,0.2882,213.0,0.2881,2028.0,0.2886,220.0,0.2887,9703.0
1753600090465,07:08:10.465,gateio,1INCH/USDT:USDT,0.2882,213.0,0.2881,2028.0,0.2886,220.0,0.2887,9703.0
1753600090480,07:08:10.480,gateio,1INCH/USDT:USDT,0.2882,213.0,0.2881,2028.0,0.2885,219.0,0.2886,764.0
1753600092541,07:08:12.541,gateio,1INCH/USDT:USDT,0.2882,213.0,0.2881,2028.0,0.2884,213.0,0.2885,911.0
1753600093227,07:08:13.227,gateio,1INCH/USDT:USDT,0.2882,213.0,0.2881,2028.0,0.2884,213.0,0.2885,911.0
1753600095263,07:08:15.263,gateio,1INCH/USDT:USDT,0.2882,213.0,0.2881,2028.0,0.2884,213.0,0.2885,911.0
1753600095965,07:08:15.965,gateio,1INCH/USDT:USDT,0.2882,213.0,0.2881,2028.0,0.2886,220.0,0.2887,9703.0
1753600099057,07:08:19.057,gateio,1INCH/USDT:USDT,0.2882,213.0,0.2881,2028.0,0.2885,905.0,0.2886,2806.0
1753600099174,07:08:19.174,gateio,1INCH/USDT:USDT,0.2882,213.0,0.2881,2028.0,0.2885,905.0,0.2886,220.0
1753600099206,07:08:19.206,gateio,1INCH/USDT:USDT,0.2882,213.0,0.2881,2028.0,0.2886,220.0,0.2887,9703.0
1753600099552,07:08:19.552,gateio,1INCH/USDT:USDT,0.2882,213.0,0.2881,2028.0,0.2885,905.0,0.2886,2806.0
1753600099858,07:08:19.858,gateio,1INCH/USDT:USDT,0.2882,213.0,0.2881,2028.0,0.2886,220.0,0.2887,9703.0
1753600100063,07:08:20.063,gateio,1INCH/USDT:USDT,0.2882,213.0,0.2881,2028.0,0.2886,220.0,0.2887,9703.0
1753600102543,07:08:22.543,gateio,1INCH/USDT:USDT,0.2882,213.0,0.2881,2028.0,0.2885,692.0,0.2886,220.0
1753600102849,07:08:22.849,gateio,1INCH/USDT:USDT,0.2882,213.0,0.2881,2028.0,0.2885,692.0,0.2886,220.0
1753600102957,07:08:22.957,gateio,1INCH/USDT:USDT,0.2883,1815.0,0.2882,213.0,0.2886,220.0,0.2887,9703.0
1753600103040,07:08:23.040,gateio,1INCH/USDT:USDT,0.2882,213.0,0.2881,2028.0,0.2885,692.0,0.2886,2798.0
1753600103363,07:08:23.363,gateio,1INCH/USDT:USDT,0.2882,213.0,0.2881,2028.0,0.2886,220.0,0.2887,9703.0
1753600103574,07:08:23.574,gateio,1INCH/USDT:USDT,0.2882,213.0,0.2881,2028.0,0.2885,905.0,0.2886,2807.0
1753600103665,07:08:23.665,gateio,1INCH/USDT:USDT,0.2882,213.0,0.2881,2028.0,0.2885,905.0,0.2886,2807.0
1753600104864,07:08:24.864,gateio,1INCH/USDT:USDT,0.2882,213.0,0.2881,2028.0,0.2885,905.0,0.2886,2807.0
1753600105038,07:08:25.038,gateio,1INCH/USDT:USDT,0.2882,213.0,0.2881,2028.0,0.2886,220.0,0.2887,9703.0
1753600105172,07:08:25.172,gateio,1INCH/USDT:USDT,0.2882,213.0,0.2881,2028.0,0.2885,905.0,0.2886,220.0
1753600106547,07:08:26.547,gateio,1INCH/USDT:USDT,0.2882,213.0,0.2881,2028.0,0.2886,220.0,0.2887,9703.0
1753600106650,07:08:26.650,gateio,1INCH/USDT:USDT,0.2882,213.0,0.2881,2028.0,0.2886,220.0,0.2887,9703.0
1753600106742,07:08:26.742,gateio,1INCH/USDT:USDT,0.2882,213.0,0.2881,2028.0,0.2885,213.0,0.2886,630.0
1753600107564,07:08:27.564,gateio,1INCH/USDT:USDT,0.2882,213.0,0.2881,2028.0,0.2885,213.0,0.2886,4092.0
1753600107740,07:08:27.740,gateio,1INCH/USDT:USDT,0.2882,213.0,0.2881,2028.0,0.2886,220.0,0.2887,9703.0
1753600107852,07:08:27.852,gateio,1INCH/USDT:USDT,0.2882,213.0,0.2881,2028.0,0.2885,905.0,0.2886,4121.0
1753600109665,07:08:29.665,gateio,1INCH/USDT:USDT,0.2882,213.0,0.2881,2028.0,0.2885,905.0,0.2886,4121.0
1753600109799,07:08:29.799,gateio,1INCH/USDT:USDT,0.2882,213.0,0.2881,2028.0,0.2886,220.0,0.2887,9703.0
1753600110108,07:08:30.108,gateio,1INCH/USDT:USDT,0.2882,213.0,0.2881,2028.0,0.2886,220.0,0.2887,9703.0
1753600110633,07:08:30.633,gateio,1INCH/USDT:USDT,0.2882,213.0,0.2881,2028.0,0.2885,692.0,0.2886,220.0
1753600110922,07:08:30.922,gateio,1INCH/USDT:USDT,0.2882,213.0,0.2881,2028.0,0.2884,213.0,0.2885,692.0
1753600111337,07:08:31.337,gateio,1INCH/USDT:USDT,0.2882,213.0,0.2881,2028.0,0.2884,213.0,0.2885,692.0
1753600114177,07:08:34.177,gateio,1INCH/USDT:USDT,0.2882,213.0,0.2881,2028.0,0.2884,213.0,0.2885,692.0
1753600114464,07:08:34.464,gateio,1INCH/USDT:USDT,0.2882,213.0,0.2881,2028.0,0.2884,213.0,0.2885,692.0
1753600114566,07:08:34.566,gateio,1INCH/USDT:USDT,0.2882,213.0,0.2881,2028.0,0.2884,213.0,0.2885,692.0
1753600114863,07:08:34.863,gateio,1INCH/USDT:USDT,0.2881,2028.0,0.288,1950.0,0.2884,213.0,0.2885,692.0
1753600114966,07:08:34.966,gateio,1INCH/USDT:USDT,0.2881,213.0,0.288,1950.0,0.2884,213.0,0.2885,692.0
1753600115002,07:08:35.002,gateio,1INCH/USDT:USDT,0.2881,2028.0,0.288,1950.0,0.2884,213.0,0.2885,692.0
1753600115157,07:08:35.157,gateio,1INCH/USDT:USDT,0.2882,219.0,0.2881,2028.0,0.2886,220.0,0.2887,9703.0
1753600115386,07:08:35.386,gateio,1INCH/USDT:USDT,0.2882,219.0,0.2881,2028.0,0.2886,220.0,0.2887,9703.0
1753600115494,07:08:35.494,gateio,1INCH/USDT:USDT,0.2882,219.0,0.2881,2028.0,0.2885,911.0,0.2886,3131.0
1753600115865,07:08:35.865,gateio,1INCH/USDT:USDT,0.2882,219.0,0.2881,2028.0,0.2885,911.0,0.2886,220.0
1753600115883,07:08:35.883,gateio,1INCH/USDT:USDT,0.2882,219.0,0.2881,2028.0,0.2886,220.0,0.2887,9703.0
1753600116219,07:08:36.219,gateio,1INCH/USDT:USDT,0.2882,219.0,0.2881,2028.0,0.2886,220.0,0.2887,9703.0
1753600117121,07:08:37.121,gateio,1INCH/USDT:USDT,0.2882,219.0,0.2881,2028.0,0.2885,911.0,0.2886,3124.0
1753600117246,07:08:37.246,gateio,1INCH/USDT:USDT,0.2882,219.0,0.2881,2028.0,0.2886,220.0,0.2887,9703.0
1753600117442,07:08:37.442,gateio,1INCH/USDT:USDT,0.2882,219.0,0.2881,2028.0,0.2886,220.0,0.2887,9703.0
1753600118350,07:08:38.350,gateio,1INCH/USDT:USDT,0.2882,219.0,0.2881,2028.0,0.2886,220.0,0.2887,9703.0
1753600118661,07:08:38.661,gateio,1INCH/USDT:USDT,0.2882,219.0,0.2881,2028.0,0.2886,220.0,0.2887,9703.0
1753600118767,07:08:38.767,gateio,1INCH/USDT:USDT,0.2882,219.0,0.2881,2028.0,0.2885,911.0,0.2886,3124.0
1753600119070,07:08:39.070,gateio,1INCH/USDT:USDT,0.2882,219.0,0.2881,2028.0,0.2885,219.0,0.2886,3124.0
1753600119075,07:08:39.075,gateio,1INCH/USDT:USDT,0.2882,219.0,0.2881,2028.0,0.2885,219.0,0.2886,3124.0
1753600119264,07:08:39.264,gateio,1INCH/USDT:USDT,0.2882,219.0,0.2881,2028.0,0.2885,219.0,0.2886,3124.0
1753600119562,07:08:39.562,gateio,1INCH/USDT:USDT,0.2882,219.0,0.2881,2028.0,0.2885,219.0,0.2886,3124.0
1753600119589,07:08:39.589,gateio,1INCH/USDT:USDT,0.2882,219.0,0.2881,2028.0,0.2885,219.0,0.2886,3124.0
1753600119934,07:08:39.934,gateio,1INCH/USDT:USDT,0.2882,219.0,0.2881,2028.0,0.2885,219.0,0.2886,3124.0
1753600119987,07:08:39.987,gateio,1INCH/USDT:USDT,0.2882,219.0,0.2881,2028.0,0.2885,219.0,0.2886,3124.0
1753600120218,07:08:40.218,gateio,1INCH/USDT:USDT,0.2882,219.0,0.2881,2028.0,0.2886,220.0,0.2887,9703.0
1753600120324,07:08:40.324,gateio,1INCH/USDT:USDT,0.2882,219.0,0.2881,2028.0,0.2886,220.0,0.2887,9703.0
1753600120992,07:08:40.992,gateio,1INCH/USDT:USDT,0.2883,219.0,0.2882,911.0,0.2886,220.0,0.2887,9703.0
1753600121147,07:08:41.147,gateio,1INCH/USDT:USDT,0.2883,219.0,0.2882,911.0,0.2886,220.0,0.2887,9703.0
1753600123353,07:08:43.353,gateio,1INCH/USDT:USDT,0.2883,219.0,0.2882,911.0,0.2886,220.0,0.2887,892.0
1753600124064,07:08:44.064,gateio,1INCH/USDT:USDT,0.2883,219.0,0.2882,911.0,0.2886,220.0,0.2887,892.0
1753600127268,07:08:47.268,gateio,1INCH/USDT:USDT,0.2884,218.0,0.2883,2034.0,0.2887,418.0,0.2888,414.0
1753600127351,07:08:47.351,gateio,1INCH/USDT:USDT,0.2884,218.0,0.2883,2034.0,0.2887,418.0,0.2888,414.0
1753600128865,07:08:48.865,gateio,1INCH/USDT:USDT,0.2884,218.0,0.2883,2034.0,0.2887,418.0,0.2888,414.0
1753600133571,07:08:53.571,gateio,1INCH/USDT:USDT,0.2884,218.0,0.2883,2034.0,0.2887,418.0,0.2888,414.0
1753600133664,07:08:53.664,gateio,1INCH/USDT:USDT,0.2884,218.0,0.2883,2034.0,0.2887,418.0,0.2888,414.0
1753600134040,07:08:54.040,gateio,1INCH/USDT:USDT,0.2885,217.0,0.2884,218.0,0.2887,418.0,0.2888,414.0
1753600134166,07:08:54.166,gateio,1INCH/USDT:USDT,0.2884,218.0,0.2883,2034.0,0.2887,418.0,0.2888,414.0
1753600134183,07:08:54.183,gateio,1INCH/USDT:USDT,0.2884,218.0,0.2883,2034.0,0.2887,418.0,0.2888,414.0
1753600134437,07:08:54.437,gateio,1INCH/USDT:USDT,0.2884,218.0,0.2883,2034.0,0.2887,418.0,0.2888,414.0
1753600134508,07:08:54.508,gateio,1INCH/USDT:USDT,0.2884,218.0,0.2883,2034.0,0.2887,418.0,0.2888,414.0
1753600135744,07:08:55.744,gateio,1INCH/USDT:USDT,0.2883,219.0,0.2882,911.0,0.2886,217.0,0.2887,1110.0
1753600136447,07:08:56.447,gateio,1INCH/USDT:USDT,0.2884,217.0,0.2883,220.0,0.2886,217.0,0.2887,418.0
1753600136542,07:08:56.542,gateio,1INCH/USDT:USDT,0.2884,217.0,0.2883,219.0,0.2886,217.0,0.2887,418.0
1753600136601,07:08:56.601,gateio,1INCH/USDT:USDT,0.2883,219.0,0.2882,911.0,0.2886,217.0,0.2887,418.0
1753600136869,07:08:56.869,gateio,1INCH/USDT:USDT,0.2883,219.0,0.2882,911.0,0.2886,217.0,0.2887,418.0
1753600136923,07:08:56.923,gateio,1INCH/USDT:USDT,0.2883,219.0,0.2882,911.0,0.2886,217.0,0.2887,418.0
1753600137070,07:08:57.070,gateio,1INCH/USDT:USDT,0.2884,217.0,0.2883,220.0,0.2886,217.0,0.2887,418.0
1753600137135,07:08:57.135,gateio,1INCH/USDT:USDT,0.2884,217.0,0.2883,219.0,0.2886,217.0,0.2887,418.0
1753600137192,07:08:57.192,gateio,1INCH/USDT:USDT,0.2883,219.0,0.2882,911.0,0.2886,217.0,0.2887,418.0
1753600137346,07:08:57.346,gateio,1INCH/USDT:USDT,0.2884,217.0,0.2883,220.0,0.2886,217.0,0.2887,418.0
1753600137461,07:08:57.461,gateio,1INCH/USDT:USDT,0.2884,217.0,0.2883,219.0,0.2886,217.0,0.2887,418.0
1753600137508,07:08:57.508,gateio,1INCH/USDT:USDT,0.2883,219.0,0.2882,911.0,0.2886,217.0,0.2887,418.0
1753600137737,07:08:57.737,gateio,1INCH/USDT:USDT,0.2883,219.0,0.2882,911.0,0.2886,217.0,0.2887,418.0
1753600137777,07:08:57.777,gateio,1INCH/USDT:USDT,0.2883,219.0,0.2882,911.0,0.2886,217.0,0.2887,418.0
1753600138147,07:08:58.147,gateio,1INCH/USDT:USDT,0.2883,219.0,0.2882,911.0,0.2887,418.0,0.2888,2229.0
1753600138246,07:08:58.246,gateio,1INCH/USDT:USDT,0.2883,219.0,0.2882,911.0,0.2886,217.0,0.2887,418.0
1753600138470,07:08:58.470,gateio,1INCH/USDT:USDT,0.2884,217.0,0.2883,220.0,0.2886,217.0,0.2887,418.0
1753600138565,07:08:58.565,gateio,1INCH/USDT:USDT,0.2884,217.0,0.2883,219.0,0.2886,217.0,0.2887,418.0
1753600138595,07:08:58.595,gateio,1INCH/USDT:USDT,0.2883,219.0,0.2882,911.0,0.2886,217.0,0.2887,418.0
1753600141040,07:09:01.040,gateio,1INCH/USDT:USDT,0.2883,219.0,0.2882,911.0,0.2886,217.0,0.2887,418.0
1753600141121,07:09:01.121,gateio,1INCH/USDT:USDT,0.2883,219.0,0.2882,911.0,0.2886,217.0,0.2887,418.0
1753600141340,07:09:01.340,gateio,1INCH/USDT:USDT,0.2883,219.0,0.2882,911.0,0.2886,217.0,0.2887,418.0
1753600141423,07:09:01.423,gateio,1INCH/USDT:USDT,0.2883,219.0,0.2882,911.0,0.2886,217.0,0.2887,418.0
1753600143265,07:09:03.265,gateio,1INCH/USDT:USDT,0.2883,219.0,0.2882,911.0,0.2886,217.0,0.2887,418.0
1753600143368,07:09:03.368,gateio,1INCH/USDT:USDT,0.2883,219.0,0.2882,911.0,0.2886,217.0,0.2887,418.0
1753600143418,07:09:03.418,gateio,1INCH/USDT:USDT,0.2883,219.0,0.2882,911.0,0.2886,217.0,0.2887,418.0
1753600143673,07:09:03.673,gateio,1INCH/USDT:USDT,0.2883,219.0,0.2882,911.0,0.2886,217.0,0.2887,418.0
1753600143705,07:09:03.705,gateio,1INCH/USDT:USDT,0.2883,219.0,0.2882,911.0,0.2886,217.0,0.2887,418.0
1753600144165,07:09:04.165,gateio,1INCH/USDT:USDT,0.2885,218.0,0.2884,692.0,0.2887,418.0,0.2888,2229.0
1753600144249,07:09:04.249,gateio,1INCH/USDT:USDT,0.2885,218.0,0.2883,219.0,0.2887,418.0,0.2888,2229.0
1753600144361,07:09:04.361,gateio,1INCH/USDT:USDT,0.2885,218.0,0.2884,692.0,0.2887,418.0,0.2888,2229.0
1753600144398,07:09:04.398,gateio,1INCH/USDT:USDT,0.2885,218.0,0.2884,692.0,0.2887,418.0,0.2888,2229.0
1753600146632,07:09:06.632,gateio,1INCH/USDT:USDT,0.2885,218.0,0.2884,692.0,0.2887,418.0,0.2888,2229.0
1753600147027,07:09:07.027,gateio,1INCH/USDT:USDT,0.2885,218.0,0.2884,692.0,0.2887,418.0,0.2888,2229.0
1753600149464,07:09:09.464,gateio,1INCH/USDT:USDT,0.2885,218.0,0.2884,692.0,0.2887,418.0,0.2888,2229.0
1753600151143,07:09:11.143,gateio,1INCH/USDT:USDT,0.2885,218.0,0.2884,692.0,0.2888,414.0,0.2889,9454.0
1753600151237,07:09:11.237,gateio,1INCH/USDT:USDT,0.2885,218.0,0.2884,692.0,0.2888,414.0,0.2889,9454.0
1753600151663,07:09:11.663,gateio,1INCH/USDT:USDT,0.2885,218.0,0.2884,692.0,0.2887,215.0,0.2888,414.0
1753600153012,07:09:13.012,gateio,1INCH/USDT:USDT,0.2885,218.0,0.2884,692.0,0.2887,215.0,0.2888,2229.0
1753600154271,07:09:14.271,gateio,1INCH/USDT:USDT,0.2884,692.0,0.2883,219.0,0.2887,215.0,0.2888,2229.0
1753600154354,07:09:14.354,gateio,1INCH/USDT:USDT,0.2884,692.0,0.2883,219.0,0.2887,215.0,0.2888,2229.0
1753600154398,07:09:14.398,gateio,1INCH/USDT:USDT,0.2884,692.0,0.2883,219.0,0.2887,215.0,0.2888,2229.0
1753600154757,07:09:14.757,gateio,1INCH/USDT:USDT,0.2884,692.0,0.2883,219.0,0.2887,215.0,0.2888,2229.0
1753600155148,07:09:15.148,gateio,1INCH/USDT:USDT,0.2884,692.0,0.2883,219.0,0.2887,215.0,0.2888,2229.0
1753600155176,07:09:15.176,gateio,1INCH/USDT:USDT,0.2884,692.0,0.2883,219.0,0.2887,215.0,0.2888,2229.0
1753600155535,07:09:15.535,gateio,1INCH/USDT:USDT,0.2884,692.0,0.2883,219.0,0.2887,215.0,0.2888,2229.0
1753600155599,07:09:15.599,gateio,1INCH/USDT:USDT,0.2885,215.0,0.2884,692.0,0.2887,215.0,0.2888,2229.0
1753600155962,07:09:15.962,gateio,1INCH/USDT:USDT,0.2885,215.0,0.2884,692.0,0.2887,215.0,0.2888,2229.0
1753600159065,07:09:19.065,gateio,1INCH/USDT:USDT,0.2885,215.0,0.2884,692.0,0.2887,215.0,0.2888,2229.0
1753600159199,07:09:19.199,gateio,1INCH/USDT:USDT,0.2885,215.0,0.2884,692.0,0.2887,215.0,0.2888,2229.0
1753600159439,07:09:19.439,gateio,1INCH/USDT:USDT,0.2885,215.0,0.2884,692.0,0.2887,215.0,0.2888,414.0
1753600159565,07:09:19.565,gateio,1INCH/USDT:USDT,0.2885,215.0,0.2884,692.0,0.2887,215.0,0.2888,414.0
1753600159650,07:09:19.650,gateio,1INCH/USDT:USDT,0.2885,215.0,0.2884,692.0,0.2887,215.0,0.2888,414.0
1753600161436,07:09:21.436,gateio,1INCH/USDT:USDT,0.2885,215.0,0.2884,692.0,0.2887,215.0,0.2888,2229.0
1753600162428,07:09:22.428,gateio,1INCH/USDT:USDT,0.2885,215.0,0.2884,692.0,0.2887,215.0,0.2888,2229.0
1753600163185,07:09:23.185,gateio,1INCH/USDT:USDT,0.2885,215.0,0.2884,692.0,0.2887,215.0,0.2888,2229.0
1753600163865,07:09:23.865,gateio,1INCH/USDT:USDT,0.2885,215.0,0.2884,692.0,0.2887,215.0,0.2888,2229.0
1753600163982,07:09:23.982,gateio,1INCH/USDT:USDT,0.2885,215.0,0.2884,692.0,0.2887,215.0,0.2888,2229.0
1753600164170,07:09:24.170,gateio,1INCH/USDT:USDT,0.2885,215.0,0.2884,692.0,0.2888,414.0,0.289,2026.0
1753600164269,07:09:24.269,gateio,1INCH/USDT:USDT,0.2885,215.0,0.2884,692.0,0.2887,216.0,0.2888,414.0
1753600164972,07:09:24.972,gateio,1INCH/USDT:USDT,0.2885,215.0,0.2884,692.0,0.2887,216.0,0.2888,414.0
1753600166178,07:09:26.178,gateio,1INCH/USDT:USDT,0.2885,215.0,0.2884,692.0,0.2887,216.0,0.2888,414.0
1753600168665,07:09:28.665,gateio,1INCH/USDT:USDT,0.2885,215.0,0.2884,692.0,0.2887,216.0,0.2888,414.0
1753600169586,07:09:29.586,gateio,1INCH/USDT:USDT,0.2885,215.0,0.2884,692.0,0.2887,216.0,0.2888,414.0
1753600173465,07:09:33.465,gateio,1INCH/USDT:USDT,0.2885,215.0,0.2884,692.0,0.2887,216.0,0.2888,414.0
1753600178266,07:09:38.266,gateio,1INCH/USDT:USDT,0.2885,215.0,0.2884,692.0,0.2887,216.0,0.2888,414.0
1753600183065,07:09:43.065,gateio,1INCH/USDT:USDT,0.2885,215.0,0.2884,692.0,0.2887,216.0,0.2888,414.0
1753600183649,07:09:43.649,gateio,1INCH/USDT:USDT,0.2885,215.0,0.2884,692.0,0.2887,212.0,0.2888,414.0
1753600183750,07:09:43.750,gateio,1INCH/USDT:USDT,0.2885,215.0,0.2884,692.0,0.2887,212.0,0.2888,414.0
1753600187866,07:09:47.866,gateio,1INCH/USDT:USDT,0.2885,215.0,0.2884,692.0,0.2887,212.0,0.2888,414.0
1753600190061,07:09:50.061,gateio,1INCH/USDT:USDT,0.2885,215.0,0.2884,692.0,0.2888,414.0,0.2889,200.0
1753600190129,07:09:50.129,gateio,1INCH/USDT:USDT,0.2885,215.0,0.2884,692.0,0.2888,414.0,0.2889,892.0
1753600191346,07:09:51.346,gateio,1INCH/USDT:USDT,0.2885,215.0,0.2884,692.0,0.2888,414.0,0.2889,892.0
1753600192239,07:09:52.239,gateio,1INCH/USDT:USDT,0.2885,215.0,0.2884,692.0,0.2888,414.0,0.2889,892.0
1753600192301,07:09:52.301,gateio,1INCH/USDT:USDT,0.2885,215.0,0.2884,692.0,0.2888,414.0,0.2889,200.0
1753600192500,07:09:52.500,gateio,1INCH/USDT:USDT,0.2885,215.0,0.2884,692.0,0.2888,414.0,0.2889,892.0
1753600192666,07:09:52.666,gateio,1INCH/USDT:USDT,0.2885,215.0,0.2884,692.0,0.2888,414.0,0.2889,892.0
1753600192680,07:09:52.680,gateio,1INCH/USDT:USDT,0.2885,215.0,0.2884,692.0,0.2888,414.0,0.2889,200.0
1753600192909,07:09:52.909,gateio,1INCH/USDT:USDT,0.2885,215.0,0.2884,692.0,0.2888,414.0,0.2889,892.0
1753600196446,07:09:56.446,gateio,1INCH/USDT:USDT,0.2885,215.0,0.2884,692.0,0.2887,212.0,0.2888,414.0
1753600197466,07:09:57.466,gateio,1INCH/USDT:USDT,0.2885,215.0,0.2884,692.0,0.2887,212.0,0.2888,414.0
1753600199170,07:09:59.170,gateio,1INCH/USDT:USDT,0.2885,215.0,0.2884,692.0,0.2888,414.0,0.2889,892.0
1753600202266,07:10:02.266,gateio,1INCH/USDT:USDT,0.2885,215.0,0.2884,692.0,0.2888,414.0,0.2889,892.0
1753600206532,07:10:06.532,gateio,1INCH/USDT:USDT,0.2885,215.0,0.2884,692.0,0.2887,211.0,0.2888,414.0
1753600207066,07:10:07.066,gateio,1INCH/USDT:USDT,0.2885,215.0,0.2884,692.0,0.2887,211.0,0.2888,414.0
1753600207349,07:10:07.349,gateio,1INCH/USDT:USDT,0.2883,219.0,0.2882,911.0,0.2887,211.0,0.2888,2229.0
1753600207477,07:10:07.477,gateio,1INCH/USDT:USDT,0.2883,219.0,0.2882,911.0,0.2887,211.0,0.2888,2229.0
1753600207511,07:10:07.511,gateio,1INCH/USDT:USDT,0.2883,219.0,0.2882,911.0,0.2887,211.0,0.2888,2229.0
1753600207908,07:10:07.908,gateio,1INCH/USDT:USDT,0.2883,219.0,0.2882,911.0,0.2887,211.0,0.2888,2229.0
1753600208345,07:10:08.345,gateio,1INCH/USDT:USDT,0.2883,219.0,0.2882,911.0,0.2887,211.0,0.2888,2229.0
1753600208737,07:10:08.737,gateio,1INCH/USDT:USDT,0.2883,219.0,0.2882,911.0,0.2887,211.0,0.2888,2229.0
1753600208802,07:10:08.802,gateio,1INCH/USDT:USDT,0.2883,219.0,0.2882,911.0,0.2887,211.0,0.2888,2229.0
1753600208992,07:10:08.992,gateio,1INCH/USDT:USDT,0.2883,219.0,0.2882,911.0,0.2887,211.0,0.2888,2229.0
1753600209157,07:10:09.157,gateio,1INCH/USDT:USDT,0.2883,219.0,0.2882,911.0,0.2887,211.0,0.2888,2229.0
1753600209191,07:10:09.191,gateio,1INCH/USDT:USDT,0.2883,219.0,0.2882,911.0,0.2887,211.0,0.2888,2229.0
1753600209572,07:10:09.572,gateio,1INCH/USDT:USDT,0.2883,219.0,0.2882,911.0,0.2887,211.0,0.2888,2229.0
1753600209663,07:10:09.663,gateio,1INCH/USDT:USDT,0.2883,219.0,0.2882,911.0,0.2887,211.0,0.2888,2229.0
1753600209993,07:10:09.993,gateio,1INCH/USDT:USDT,0.2883,219.0,0.2882,911.0,0.2887,211.0,0.2888,2229.0
1753600210093,07:10:10.093,gateio,1INCH/USDT:USDT,0.2883,219.0,0.2882,911.0,0.2887,211.0,0.2888,2229.0
1753600210430,07:10:10.430,gateio,1INCH/USDT:USDT,0.2883,219.0,0.2882,911.0,0.2887,211.0,0.2888,2229.0
1753600211866,07:10:11.866,gateio,1INCH/USDT:USDT,0.2883,219.0,0.2882,911.0,0.2887,211.0,0.2888,2229.0
1753600211965,07:10:11.965,gateio,1INCH/USDT:USDT,0.2883,219.0,0.2882,911.0,0.2887,211.0,0.2888,2229.0
1753600212073,07:10:12.073,gateio,1INCH/USDT:USDT,0.2883,219.0,0.2882,911.0,0.2887,211.0,0.2888,2229.0
1753600212081,07:10:12.081,gateio,1INCH/USDT:USDT,0.2883,219.0,0.2882,911.0,0.2887,211.0,0.2888,2229.0
1753600212474,07:10:12.474,gateio,1INCH/USDT:USDT,0.2883,219.0,0.2882,911.0,0.2887,211.0,0.2888,2229.0
1753600212546,07:10:12.546,gateio,1INCH/USDT:USDT,0.2883,219.0,0.2882,911.0,0.2887,211.0,0.2888,2229.0
1753600212864,07:10:12.864,gateio,1INCH/USDT:USDT,0.2883,219.0,0.2882,911.0,0.2887,211.0,0.2888,2229.0
1753600212906,07:10:12.906,gateio,1INCH/USDT:USDT,0.2883,219.0,0.2882,911.0,0.2887,211.0,0.2888,2229.0
1753600213285,07:10:13.285,gateio,1INCH/USDT:USDT,0.2883,219.0,0.2882,911.0,0.2887,211.0,0.2888,2229.0
1753600213395,07:10:13.395,gateio,1INCH/USDT:USDT,0.2883,219.0,0.2882,911.0,0.2887,211.0,0.2888,2229.0
1753600213738,07:10:13.738,gateio,1INCH/USDT:USDT,0.2883,219.0,0.2882,911.0,0.2887,211.0,0.2888,2229.0
1753600213917,07:10:13.917,gateio,1INCH/USDT:USDT,0.2883,219.0,0.2882,911.0,0.2887,211.0,0.2888,2229.0
1753600214173,07:10:14.173,gateio,1INCH/USDT:USDT,0.2883,219.0,0.2882,911.0,0.2887,211.0,0.2888,2229.0
1753600214554,07:10:14.554,gateio,1INCH/USDT:USDT,0.2883,219.0,0.2882,911.0,0.2887,211.0,0.2888,2229.0
1753600214606,07:10:14.606,gateio,1INCH/USDT:USDT,0.2883,219.0,0.2882,911.0,0.2887,211.0,0.2888,2229.0
1753600214952,07:10:14.952,gateio,1INCH/USDT:USDT,0.2883,219.0,0.2882,911.0,0.2886,215.0,0.2887,903.0
1753600215085,07:10:15.085,gateio,1INCH/USDT:USDT,0.2883,219.0,0.2882,911.0,0.2886,215.0,0.2887,903.0
1753600215359,07:10:15.359,gateio,1INCH/USDT:USDT,0.2883,219.0,0.2882,911.0,0.2886,215.0,0.2887,903.0
1753600215774,07:10:15.774,gateio,1INCH/USDT:USDT,0.2883,219.0,0.2882,911.0,0.2886,215.0,0.2887,903.0
1753600215784,07:10:15.784,gateio,1INCH/USDT:USDT,0.2883,219.0,0.2882,911.0,0.2886,215.0,0.2887,903.0
1753600215876,07:10:15.876,gateio,1INCH/USDT:USDT,0.2883,219.0,0.2882,911.0,0.2886,215.0,0.2887,903.0
1753600216048,07:10:16.048,gateio,1INCH/USDT:USDT,0.2883,219.0,0.2882,911.0,0.2886,215.0,0.2887,903.0
1753600216150,07:10:16.150,gateio,1INCH/USDT:USDT,0.2883,219.0,0.2882,911.0,0.2885,215.0,0.2886,2030.0
1753600216193,07:10:16.193,gateio,1INCH/USDT:USDT,0.2883,219.0,0.2882,911.0,0.2885,215.0,0.2886,2030.0
1753600216560,07:10:16.560,gateio,1INCH/USDT:USDT,0.2883,219.0,0.2882,911.0,0.2885,215.0,0.2886,215.0
1753600216666,07:10:16.666,gateio,1INCH/USDT:USDT,0.2883,219.0,0.2882,911.0,0.2886,215.0,0.2887,903.0
1753600218261,07:10:18.261,gateio,1INCH/USDT:USDT,0.2883,219.0,0.2882,911.0,0.2886,215.0,0.2887,903.0
1753600218633,07:10:18.633,gateio,1INCH/USDT:USDT,0.2883,219.0,0.2882,911.0,0.2886,215.0,0.2887,903.0
1753600219151,07:10:19.151,gateio,1INCH/USDT:USDT,0.2883,219.0,0.2882,911.0,0.2886,215.0,0.2887,903.0
1753600221466,07:10:21.466,gateio,1INCH/USDT:USDT,0.2883,219.0,0.2882,911.0,0.2886,215.0,0.2887,903.0
1753600222038,07:10:22.038,gateio,1INCH/USDT:USDT,0.2883,219.0,0.2882,911.0,0.2887,211.0,0.2888,2229.0
1753600222116,07:10:22.116,gateio,1INCH/USDT:USDT,0.2883,219.0,0.2882,911.0,0.2887,903.0,0.2888,2229.0
1753600222282,07:10:22.282,gateio,1INCH/USDT:USDT,0.2883,219.0,0.2882,911.0,0.2887,903.0,0.2888,2229.0
1753600223634,07:10:23.634,gateio,1INCH/USDT:USDT,0.2883,219.0,0.2882,911.0,0.2886,216.0,0.2887,903.0
1753600223875,07:10:23.875,gateio,1INCH/USDT:USDT,0.2883,219.0,0.2882,911.0,0.2886,216.0,0.2887,903.0
1753600223875,07:10:23.875,gateio,1INCH/USDT:USDT,0.2883,219.0,0.2882,911.0,0.2886,216.0,0.2887,903.0
1753600224038,07:10:24.038,gateio,1INCH/USDT:USDT,0.2883,219.0,0.2882,911.0,0.2886,216.0,0.2887,903.0
1753600226267,07:10:26.267,gateio,1INCH/USDT:USDT,0.2883,219.0,0.2882,911.0,0.2886,216.0,0.2887,903.0
1753600229567,07:10:29.567,gateio,1INCH/USDT:USDT,0.2883,219.0,0.2882,911.0,0.2886,216.0,0.2887,903.0
1753600230145,07:10:30.145,gateio,1INCH/USDT:USDT,0.2883,219.0,0.2882,911.0,0.2886,216.0,0.2887,903.0
1753600230939,07:10:30.939,gateio,1INCH/USDT:USDT,0.2883,219.0,0.2882,911.0,0.2887,211.0,0.2888,2229.0
1753600231068,07:10:31.068,gateio,1INCH/USDT:USDT,0.2883,219.0,0.2882,911.0,0.2887,211.0,0.2888,2229.0
1753600231289,07:10:31.289,gateio,1INCH/USDT:USDT,0.2883,219.0,0.2882,911.0,0.2887,211.0,0.2888,2229.0
1753600235737,07:10:35.737,gateio,1INCH/USDT:USDT,0.2883,219.0,0.2882,911.0,0.2886,212.0,0.2887,212.0
1753600235867,07:10:35.867,gateio,1INCH/USDT:USDT,0.2883,219.0,0.2882,911.0,0.2886,212.0,0.2887,211.0
1753600235890,07:10:35.890,gateio,1INCH/USDT:USDT,0.2883,219.0,0.2882,911.0,0.2887,211.0,0.2888,2229.0
1753600236237,07:10:36.237,gateio,1INCH/USDT:USDT,0.2883,219.0,0.2882,911.0,0.2886,212.0,0.2887,212.0
1753600236335,07:10:36.335,gateio,1INCH/USDT:USDT,0.2883,219.0,0.2882,911.0,0.2886,212.0,0.2887,211.0
1753600236466,07:10:36.466,gateio,1INCH/USDT:USDT,0.2883,219.0,0.2882,911.0,0.2887,903.0,0.2888,2229.0
1753600236535,07:10:36.535,gateio,1INCH/USDT:USDT,0.2883,219.0,0.2882,911.0,0.2886,212.0,0.2887,904.0
1753600236635,07:10:36.635,gateio,1INCH/USDT:USDT,0.2883,219.0,0.2882,911.0,0.2886,212.0,0.2887,903.0
1753600240666,07:10:40.666,gateio,1INCH/USDT:USDT,0.2883,219.0,0.2882,911.0,0.2885,212.0,0.2886,212.0
1753600240774,07:10:40.774,gateio,1INCH/USDT:USDT,0.2883,219.0,0.2882,911.0,0.2885,212.0,0.2886,212.0
1753600240779,07:10:40.779,gateio,1INCH/USDT:USDT,0.2883,219.0,0.2882,911.0,0.2886,212.0,0.2887,903.0
1753600241191,07:10:41.191,gateio,1INCH/USDT:USDT,0.2883,219.0,0.2882,911.0,0.2886,212.0,0.2887,903.0
1753600244300,07:10:44.300,gateio,1INCH/USDT:USDT,0.2883,219.0,0.2882,911.0,0.2886,212.0,0.2887,903.0
1753600244417,07:10:44.417,gateio,1INCH/USDT:USDT,0.2883,219.0,0.2882,911.0,0.2886,212.0,0.2887,903.0
1753600245467,07:10:45.467,gateio,1INCH/USDT:USDT,0.2883,219.0,0.2882,911.0,0.2886,212.0,0.2887,903.0
1753600250267,07:10:50.267,gateio,1INCH/USDT:USDT,0.2883,219.0,0.2882,911.0,0.2886,212.0,0.2887,903.0
1753600255067,07:10:55.067,gateio,1INCH/USDT:USDT,0.2883,219.0,0.2882,911.0,0.2886,212.0,0.2887,903.0
1753600255089,07:10:55.089,gateio,1INCH/USDT:USDT,0.2883,219.0,0.2882,911.0,0.2886,212.0,0.2887,903.0
1753600257051,07:10:57.051,gateio,1INCH/USDT:USDT,0.2883,219.0,0.2882,911.0,0.2886,212.0,0.2887,903.0
1753600259867,07:10:59.867,gateio,1INCH/USDT:USDT,0.2883,219.0,0.2882,911.0,0.2886,212.0,0.2887,903.0
1753600261405,07:11:01.405,gateio,1INCH/USDT:USDT,0.2883,219.0,0.2882,911.0,0.2886,212.0,0.2887,903.0
1753600261771,07:11:01.771,gateio,1INCH/USDT:USDT,0.2883,219.0,0.2882,911.0,0.2886,212.0,0.2887,903.0
1753600261804,07:11:01.804,gateio,1INCH/USDT:USDT,0.2883,219.0,0.2882,911.0,0.2886,212.0,0.2887,903.0
1753600262149,07:11:02.149,gateio,1INCH/USDT:USDT,0.2883,219.0,0.2882,911.0,0.2886,212.0,0.2887,903.0
1753600262215,07:11:02.215,gateio,1INCH/USDT:USDT,0.2883,219.0,0.2882,911.0,0.2886,212.0,0.2887,903.0
1753600262573,07:11:02.573,gateio,1INCH/USDT:USDT,0.2883,219.0,0.2882,911.0,0.2886,212.0,0.2887,903.0
1753600262602,07:11:02.602,gateio,1INCH/USDT:USDT,0.2883,219.0,0.2882,911.0,0.2886,212.0,0.2887,903.0
1753600263031,07:11:03.031,gateio,1INCH/USDT:USDT,0.2883,219.0,0.2882,911.0,0.2886,212.0,0.2887,903.0
1753600263131,07:11:03.131,gateio,1INCH/USDT:USDT,0.2883,219.0,0.2882,911.0,0.2886,212.0,0.2887,903.0
1753600264667,07:11:04.667,gateio,1INCH/USDT:USDT,0.2883,219.0,0.2882,911.0,0.2886,212.0,0.2887,903.0
1753600264807,07:11:04.807,gateio,1INCH/USDT:USDT,0.2883,219.0,0.2882,911.0,0.2886,212.0,0.2887,903.0
1753600265036,07:11:05.036,gateio,1INCH/USDT:USDT,0.2883,219.0,0.2882,911.0,0.2886,212.0,0.2887,903.0
1753600265113,07:11:05.113,gateio,1INCH/USDT:USDT,0.2883,219.0,0.2882,911.0,0.2886,212.0,0.2887,903.0
1753600266684,07:11:06.684,gateio,1INCH/USDT:USDT,0.2883,219.0,0.2882,911.0,0.2886,212.0,0.2887,903.0
1753600267061,07:11:07.061,gateio,1INCH/USDT:USDT,0.2883,219.0,0.2882,911.0,0.2886,212.0,0.2887,903.0
1753600267470,07:11:07.470,gateio,1INCH/USDT:USDT,0.2883,219.0,0.2882,911.0,0.2886,212.0,0.2887,903.0
1753600267526,07:11:07.526,gateio,1INCH/USDT:USDT,0.2883,219.0,0.2882,911.0,0.2886,212.0,0.2887,903.0
1753600267601,07:11:07.601,gateio,1INCH/USDT:USDT,0.2883,219.0,0.2882,911.0,0.2886,212.0,0.2887,903.0
1753600268273,07:11:08.273,gateio,1INCH/USDT:USDT,0.2883,219.0,0.2882,911.0,0.2886,212.0,0.2887,903.0
1753600268366,07:11:08.366,gateio,1INCH/USDT:USDT,0.2883,219.0,0.2882,911.0,0.2886,212.0,0.2887,903.0
1753600268405,07:11:08.405,gateio,1INCH/USDT:USDT,0.2883,219.0,0.2882,911.0,0.2886,212.0,0.2887,903.0
1753600268760,07:11:08.760,gateio,1INCH/USDT:USDT,0.2883,219.0,0.2882,911.0,0.2886,212.0,0.2887,903.0
1753600268824,07:11:08.824,gateio,1INCH/USDT:USDT,0.2883,219.0,0.2882,911.0,0.2886,212.0,0.2887,903.0
1753600269467,07:11:09.467,gateio,1INCH/USDT:USDT,0.2883,219.0,0.2882,911.0,0.2886,212.0,0.2887,903.0
1753600269559,07:11:09.559,gateio,1INCH/USDT:USDT,0.2883,219.0,0.2882,911.0,0.2886,212.0,0.2887,903.0
1753600269956,07:11:09.956,gateio,1INCH/USDT:USDT,0.2883,219.0,0.2882,911.0,0.2886,212.0,0.2887,903.0
1753600270017,07:11:10.017,gateio,1INCH/USDT:USDT,0.2883,219.0,0.2882,911.0,0.2886,212.0,0.2887,903.0
1753600270458,07:11:10.458,gateio,1INCH/USDT:USDT,0.2883,219.0,0.2882,911.0,0.2886,212.0,0.2887,903.0
1753600270569,07:11:10.569,gateio,1INCH/USDT:USDT,0.2883,219.0,0.2882,911.0,0.2886,212.0,0.2887,903.0
1753600274267,07:11:14.267,gateio,1INCH/USDT:USDT,0.2883,219.0,0.2882,911.0,0.2886,212.0,0.2887,903.0
1753600274295,07:11:14.295,gateio,1INCH/USDT:USDT,0.2883,219.0,0.2882,911.0,0.2886,212.0,0.2887,903.0
1753600278365,07:11:18.365,gateio,1INCH/USDT:USDT,0.2883,219.0,0.2882,911.0,0.2886,212.0,0.2887,903.0
1753600278426,07:11:18.426,gateio,1INCH/USDT:USDT,0.2883,219.0,0.2882,911.0,0.2886,212.0,0.2887,903.0
1753600278650,07:11:18.650,gateio,1INCH/USDT:USDT,0.2883,219.0,0.2882,911.0,0.2886,212.0,0.2887,903.0
1753600278684,07:11:18.684,gateio,1INCH/USDT:USDT,0.2883,219.0,0.2882,911.0,0.2886,212.0,0.2887,903.0
1753600278811,07:11:18.811,gateio,1INCH/USDT:USDT,0.2883,219.0,0.2882,911.0,0.2886,212.0,0.2887,903.0
1753600278922,07:11:18.922,gateio,1INCH/USDT:USDT,0.2883,219.0,0.2882,911.0,0.2886,212.0,0.2887,903.0
1753600279067,07:11:19.067,gateio,1INCH/USDT:USDT,0.2883,219.0,0.2882,911.0,0.2886,212.0,0.2887,903.0
1753600279105,07:11:19.105,gateio,1INCH/USDT:USDT,0.2883,219.0,0.2882,911.0,0.2886,212.0,0.2887,903.0
1753600279233,07:11:19.233,gateio,1INCH/USDT:USDT,0.2883,219.0,0.2882,911.0,0.2886,212.0,0.2887,903.0
1753600279644,07:11:19.644,gateio,1INCH/USDT:USDT,0.2883,219.0,0.2882,911.0,0.2886,212.0,0.2887,903.0
1753600279699,07:11:19.699,gateio,1INCH/USDT:USDT,0.2883,219.0,0.2882,911.0,0.2886,212.0,0.2887,903.0
1753600280061,07:11:20.061,gateio,1INCH/USDT:USDT,0.2883,219.0,0.2882,911.0,0.2886,212.0,0.2887,903.0
1753600280164,07:11:20.164,gateio,1INCH/USDT:USDT,0.2883,219.0,0.2882,911.0,0.2886,212.0,0.2887,903.0
1753600283868,07:11:23.868,gateio,1INCH/USDT:USDT,0.2883,219.0,0.2882,911.0,0.2886,212.0,0.2887,903.0
1753600283944,07:11:23.944,gateio,1INCH/USDT:USDT,0.2883,219.0,0.2882,911.0,0.2886,212.0,0.2887,903.0
1753600284008,07:11:24.008,gateio,1INCH/USDT:USDT,0.2883,219.0,0.2882,911.0,0.2886,212.0,0.2887,903.0
1753600284102,07:11:24.102,gateio,1INCH/USDT:USDT,0.2883,219.0,0.2882,911.0,0.2886,212.0,0.2887,903.0
1753600284511,07:11:24.511,gateio,1INCH/USDT:USDT,0.2883,219.0,0.2882,911.0,0.2886,212.0,0.2887,903.0
1753600284620,07:11:24.620,gateio,1INCH/USDT:USDT,0.2883,219.0,0.2882,911.0,0.2886,212.0,0.2887,903.0
1753600284972,07:11:24.972,gateio,1INCH/USDT:USDT,0.2883,219.0,0.2882,911.0,0.2886,212.0,0.2887,903.0
1753600285064,07:11:25.064,gateio,1INCH/USDT:USDT,0.2883,219.0,0.2882,911.0,0.2886,212.0,0.2887,903.0
1753600285351,07:11:25.351,gateio,1INCH/USDT:USDT,0.2883,219.0,0.2882,911.0,0.2886,212.0,0.2887,903.0
1753600285439,07:11:25.439,gateio,1INCH/USDT:USDT,0.2883,219.0,0.2882,911.0,0.2886,212.0,0.2887,903.0
1753600288667,07:11:28.667,gateio,1INCH/USDT:USDT,0.2883,219.0,0.2882,911.0,0.2886,212.0,0.2887,903.0
1753600288737,07:11:28.737,gateio,1INCH/USDT:USDT,0.2883,219.0,0.2882,911.0,0.2886,212.0,0.2887,903.0
1753600289043,07:11:29.043,gateio,1INCH/USDT:USDT,0.2883,219.0,0.2882,911.0,0.2886,212.0,0.2887,903.0
1753600289092,07:11:29.092,gateio,1INCH/USDT:USDT,0.2883,219.0,0.2882,911.0,0.2886,212.0,0.2887,903.0
1753600289962,07:11:29.962,gateio,1INCH/USDT:USDT,0.2883,219.0,0.2882,911.0,0.2886,212.0,0.2887,903.0
1753600293468,07:11:33.468,gateio,1INCH/USDT:USDT,0.2883,219.0,0.2882,911.0,0.2886,212.0,0.2887,903.0
1753600293565,07:11:33.565,gateio,1INCH/USDT:USDT,0.2883,219.0,0.2882,911.0,0.2886,212.0,0.2887,903.0
1753600298268,07:11:38.268,gateio,1INCH/USDT:USDT,0.2883,219.0,0.2882,911.0,0.2886,212.0,0.2887,903.0
1753600298337,07:11:38.337,gateio,1INCH/USDT:USDT,0.2883,219.0,0.2882,911.0,0.2886,212.0,0.2887,903.0
1753600298433,07:11:38.433,gateio,1INCH/USDT:USDT,0.2883,219.0,0.2882,911.0,0.2886,212.0,0.2887,903.0
1753600298570,07:11:38.570,gateio,1INCH/USDT:USDT,0.2883,219.0,0.2882,911.0,0.2886,212.0,0.2887,903.0
1753600298674,07:11:38.674,gateio,1INCH/USDT:USDT,0.2883,219.0,0.2882,911.0,0.2886,212.0,0.2887,903.0
1753600298763,07:11:38.763,gateio,1INCH/USDT:USDT,0.2883,219.0,0.2882,911.0,0.2885,215.0,0.2886,2027.0
1753600298850,07:11:38.850,gateio,1INCH/USDT:USDT,0.2883,219.0,0.2882,911.0,0.2885,215.0,0.2886,2027.0
1753600299058,07:11:39.058,gateio,1INCH/USDT:USDT,0.2883,219.0,0.2882,911.0,0.2885,215.0,0.2886,2027.0
1753600299618,07:11:39.618,gateio,1INCH/USDT:USDT,0.2883,219.0,0.2882,911.0,0.2886,212.0,0.2887,903.0
1753600299878,07:11:39.878,gateio,1INCH/USDT:USDT,0.2883,219.0,0.2882,911.0,0.2886,212.0,0.2887,903.0
1753600303069,07:11:43.069,gateio,1INCH/USDT:USDT,0.2883,219.0,0.2882,911.0,0.2886,212.0,0.2887,903.0
1753600307868,07:11:47.868,gateio,1INCH/USDT:USDT,0.2883,219.0,0.2882,911.0,0.2886,212.0,0.2887,903.0
1753600309325,07:11:49.325,gateio,1INCH/USDT:USDT,0.2883,219.0,0.2882,911.0,0.2886,212.0,0.2887,903.0
1753600309403,07:11:49.403,gateio,1INCH/USDT:USDT,0.2883,219.0,0.2882,911.0,0.2886,212.0,0.2887,903.0
1753600309550,07:11:49.550,gateio,1INCH/USDT:USDT,0.2883,219.0,0.2882,911.0,0.2886,212.0,0.2887,903.0
1753600312669,07:11:52.669,gateio,1INCH/USDT:USDT,0.2883,219.0,0.2882,911.0,0.2886,212.0,0.2887,903.0
1753600317468,07:11:57.468,gateio,1INCH/USDT:USDT,0.2883,219.0,0.2882,911.0,0.2886,212.0,0.2887,903.0
1753600322268,07:12:02.268,gateio,1INCH/USDT:USDT,0.2883,219.0,0.2882,911.0,0.2886,212.0,0.2887,903.0
1753600327068,07:12:07.068,gateio,1INCH/USDT:USDT,0.2883,219.0,0.2882,911.0,0.2886,212.0,0.2887,903.0
1753600330262,07:12:10.262,gateio,1INCH/USDT:USDT,0.2883,219.0,0.2882,911.0,0.2886,212.0,0.2887,903.0
1753600330450,07:12:10.450,gateio,1INCH/USDT:USDT,0.2883,219.0,0.2882,911.0,0.2886,212.0,0.2887,903.0
1753600331869,07:12:11.869,gateio,1INCH/USDT:USDT,0.2883,219.0,0.2882,911.0,0.2886,212.0,0.2887,903.0
1753600332448,07:12:12.448,gateio,1INCH/USDT:USDT,0.2883,219.0,0.2882,911.0,0.2885,213.0,0.2886,2027.0
1753600332858,07:12:12.858,gateio,1INCH/USDT:USDT,0.2883,219.0,0.2882,911.0,0.2886,212.0,0.2887,903.0
1753600336669,07:12:16.669,gateio,1INCH/USDT:USDT,0.2883,219.0,0.2882,911.0,0.2886,212.0,0.2887,903.0
1753600341271,07:12:21.271,gateio,1INCH/USDT:USDT,0.2881,213.0,0.288,1950.0,0.2884,219.0,0.2885,692.0
1753600341350,07:12:21.350,gateio,1INCH/USDT:USDT,0.2881,213.0,0.288,1950.0,0.2884,219.0,0.2886,2027.0
1753600341469,07:12:21.469,gateio,1INCH/USDT:USDT,0.2881,213.0,0.288,1950.0,0.2884,219.0,0.2886,2027.0
1753600342923,07:12:22.923,gateio,1INCH/USDT:USDT,0.2881,213.0,0.288,1950.0,0.2884,219.0,0.2885,692.0
1753600343147,07:12:23.147,gateio,1INCH/USDT:USDT,0.2881,213.0,0.288,1950.0,0.2884,219.0,0.2886,2027.0
1753600343567,07:12:23.567,gateio,1INCH/USDT:USDT,0.2883,219.0,0.2881,213.0,0.2886,2027.0,0.2887,903.0
1753600343585,07:12:23.585,gateio,1INCH/USDT:USDT,0.2883,219.0,0.2881,213.0,0.2885,219.0,0.2886,2027.0
1753600343729,07:12:23.729,gateio,1INCH/USDT:USDT,0.2881,213.0,0.288,1950.0,0.2885,219.0,0.2886,2027.0
1753600343822,07:12:23.822,gateio,1INCH/USDT:USDT,0.2883,219.0,0.2882,692.0,0.2885,219.0,0.2886,2027.0
1753600344153,07:12:24.153,gateio,1INCH/USDT:USDT,0.2883,219.0,0.2882,692.0,0.2885,219.0,0.2886,2027.0
1753600344196,07:12:24.196,gateio,1INCH/USDT:USDT,0.2883,219.0,0.2882,692.0,0.2885,219.0,0.2886,2027.0
1753600344569,07:12:24.569,gateio,1INCH/USDT:USDT,0.2883,219.0,0.2882,692.0,0.2885,219.0,0.2886,2027.0
1753600344647,07:12:24.647,gateio,1INCH/USDT:USDT,0.2883,219.0,0.2882,692.0,0.2885,219.0,0.2886,2027.0
1753600346269,07:12:26.269,gateio,1INCH/USDT:USDT,0.2883,219.0,0.2882,692.0,0.2885,219.0,0.2886,2027.0
1753600346319,07:12:26.319,gateio,1INCH/USDT:USDT,0.2883,219.0,0.2882,692.0,0.2885,219.0,0.2886,2027.0
1753600348368,07:12:28.368,gateio,1INCH/USDT:USDT,0.2883,219.0,0.2882,692.0,0.2885,219.0,0.2886,2027.0
1753600349153,07:12:29.153,gateio,1INCH/USDT:USDT,0.2883,219.0,0.2882,692.0,0.2886,212.0,0.2887,903.0
1753600349183,07:12:29.183,gateio,1INCH/USDT:USDT,0.2883,219.0,0.2882,692.0,0.2886,212.0,0.2887,903.0
1753600351069,07:12:31.069,gateio,1INCH/USDT:USDT,0.2883,219.0,0.2882,692.0,0.2886,212.0,0.2887,903.0
1753600351144,07:12:31.144,gateio,1INCH/USDT:USDT,0.2883,219.0,0.2882,692.0,0.2886,212.0,0.2887,903.0
1753600352074,07:12:32.074,gateio,1INCH/USDT:USDT,0.2883,219.0,0.2882,692.0,0.2887,211.0,0.2888,2229.0
1753600352164,07:12:32.164,gateio,1INCH/USDT:USDT,0.2883,219.0,0.2882,692.0,0.2886,214.0,0.2887,903.0
1753600352238,07:12:32.238,gateio,1INCH/USDT:USDT,0.2883,219.0,0.2882,692.0,0.2886,214.0,0.2887,903.0
1753600352738,07:12:32.738,gateio,1INCH/USDT:USDT,0.2883,219.0,0.2882,692.0,0.2886,214.0,0.2887,903.0
1753600352783,07:12:32.783,gateio,1INCH/USDT:USDT,0.2883,219.0,0.2882,692.0,0.2886,214.0,0.2887,903.0
1753600352906,07:12:32.906,gateio,1INCH/USDT:USDT,0.2883,219.0,0.2882,692.0,0.2887,211.0,0.2888,2229.0
1753600353066,07:12:33.066,gateio,1INCH/USDT:USDT,0.2883,219.0,0.2882,692.0,0.2886,214.0,0.2887,211.0
1753600353170,07:12:33.170,gateio,1INCH/USDT:USDT,0.2883,219.0,0.2882,692.0,0.2887,211.0,0.2888,2229.0
1753600353209,07:12:33.209,gateio,1INCH/USDT:USDT,0.2883,219.0,0.2882,692.0,0.2886,214.0,0.2887,903.0
1753600353323,07:12:33.323,gateio,1INCH/USDT:USDT,0.2883,219.0,0.2882,692.0,0.2886,214.0,0.2887,903.0
1753600355869,07:12:35.869,gateio,1INCH/USDT:USDT,0.2883,219.0,0.2882,692.0,0.2886,214.0,0.2887,903.0
1753600355940,07:12:35.940,gateio,1INCH/USDT:USDT,0.2883,219.0,0.2882,692.0,0.2886,214.0,0.2887,903.0
1753600355985,07:12:35.985,gateio,1INCH/USDT:USDT,0.2883,219.0,0.2882,692.0,0.2886,214.0,0.2887,903.0
1753600356374,07:12:36.374,gateio,1INCH/USDT:USDT,0.2883,219.0,0.2882,692.0,0.2886,214.0,0.2887,903.0
1753600356437,07:12:36.437,gateio,1INCH/USDT:USDT,0.2883,219.0,0.2882,692.0,0.2886,214.0,0.2887,903.0
1753600356768,07:12:36.768,gateio,1INCH/USDT:USDT,0.2883,219.0,0.2882,692.0,0.2886,214.0,0.2887,903.0
1753600356790,07:12:36.790,gateio,1INCH/USDT:USDT,0.2883,219.0,0.2882,692.0,0.2886,214.0,0.2887,903.0
1753600357183,07:12:37.183,gateio,1INCH/USDT:USDT,0.2883,219.0,0.2882,692.0,0.2886,214.0,0.2887,903.0
1753600357338,07:12:37.338,gateio,1INCH/USDT:USDT,0.2883,219.0,0.2882,692.0,0.2886,214.0,0.2887,903.0
1753600357651,07:12:37.651,gateio,1INCH/USDT:USDT,0.2883,219.0,0.2882,692.0,0.2886,214.0,0.2887,903.0
1753600359395,07:12:39.395,gateio,1INCH/USDT:USDT,0.2883,219.0,0.2882,692.0,0.2886,214.0,0.2887,903.0
1753600359655,07:12:39.655,gateio,1INCH/USDT:USDT,0.2883,219.0,0.2882,692.0,0.2886,214.0,0.2887,903.0
1753600360042,07:12:40.042,gateio,1INCH/USDT:USDT,0.2883,219.0,0.2882,692.0,0.2886,214.0,0.2887,903.0
1753600360102,07:12:40.102,gateio,1INCH/USDT:USDT,0.2883,219.0,0.2882,692.0,0.2886,214.0,0.2887,903.0
1753600360460,07:12:40.460,gateio,1INCH/USDT:USDT,0.2883,219.0,0.2882,692.0,0.2886,214.0,0.2887,903.0
1753600360543,07:12:40.543,gateio,1INCH/USDT:USDT,0.2883,219.0,0.2882,692.0,0.2886,214.0,0.2887,903.0
1753600360670,07:12:40.670,gateio,1INCH/USDT:USDT,0.2883,219.0,0.2882,692.0,0.2886,214.0,0.2887,903.0
1753600360724,07:12:40.724,gateio,1INCH/USDT:USDT,0.2883,219.0,0.2882,692.0,0.2886,214.0,0.2887,903.0
1753600360921,07:12:40.921,gateio,1INCH/USDT:USDT,0.2883,219.0,0.2882,692.0,0.2886,214.0,0.2887,903.0
1753600361356,07:12:41.356,gateio,1INCH/USDT:USDT,0.2883,219.0,0.2882,692.0,0.2886,214.0,0.2887,903.0
1753600365470,07:12:45.470,gateio,1INCH/USDT:USDT,0.2883,219.0,0.2882,692.0,0.2886,214.0,0.2887,903.0
1753600365509,07:12:45.509,gateio,1INCH/USDT:USDT,0.2883,219.0,0.2882,692.0,0.2887,211.0,0.2888,2229.0
1753600365858,07:12:45.858,gateio,1INCH/USDT:USDT,0.2883,219.0,0.2882,692.0,0.2886,214.0,0.2887,903.0
1753600370274,07:12:50.274,gateio,1INCH/USDT:USDT,0.2883,219.0,0.2882,692.0,0.2886,214.0,0.2887,903.0
1753600370306,07:12:50.306,gateio,1INCH/USDT:USDT,0.2883,219.0,0.2882,692.0,0.2886,214.0,0.2887,903.0
1753600370571,07:12:50.571,gateio,1INCH/USDT:USDT,0.2883,219.0,0.2882,692.0,0.2886,214.0,0.2887,903.0
1753600370577,07:12:50.577,gateio,1INCH/USDT:USDT,0.2883,219.0,0.2882,692.0,0.2886,214.0,0.2887,903.0
1753600375070,07:12:55.070,gateio,1INCH/USDT:USDT,0.2883,219.0,0.2882,692.0,0.2886,214.0,0.2887,903.0
1753600375094,07:12:55.094,gateio,1INCH/USDT:USDT,0.2883,219.0,0.2882,692.0,0.2886,214.0,0.2887,903.0
1753600379869,07:12:59.869,gateio,1INCH/USDT:USDT,0.2883,219.0,0.2882,692.0,0.2886,214.0,0.2887,903.0
1753600379911,07:12:59.911,gateio,1INCH/USDT:USDT,0.2883,219.0,0.2882,692.0,0.2886,214.0,0.2887,903.0
1753600379980,07:12:59.980,gateio,1INCH/USDT:USDT,0.2883,219.0,0.2882,692.0,0.2886,214.0,0.2887,903.0
1753600380263,07:13:00.263,gateio,1INCH/USDT:USDT,0.2883,219.0,0.2882,692.0,0.2886,214.0,0.2887,903.0
1753600380350,07:13:00.350,gateio,1INCH/USDT:USDT,0.2883,219.0,0.2882,692.0,0.2886,214.0,0.2887,903.0
1753600380426,07:13:00.426,gateio,1INCH/USDT:USDT,0.2883,219.0,0.2882,692.0,0.2886,214.0,0.2887,903.0
1753600380664,07:13:00.664,gateio,1INCH/USDT:USDT,0.2883,219.0,0.2882,692.0,0.2886,214.0,0.2887,903.0
1753600380697,07:13:00.697,gateio,1INCH/USDT:USDT,0.2883,219.0,0.2882,692.0,0.2886,214.0,0.2887,903.0
1753600381052,07:13:01.052,gateio,1INCH/USDT:USDT,0.2883,219.0,0.2882,692.0,0.2886,214.0,0.2887,903.0
1753600381155,07:13:01.155,gateio,1INCH/USDT:USDT,0.2883,219.0,0.2882,692.0,0.2886,214.0,0.2887,903.0
1753600381468,07:13:01.468,gateio,1INCH/USDT:USDT,0.2883,219.0,0.2882,692.0,0.2886,214.0,0.2887,903.0
1753600381507,07:13:01.507,gateio,1INCH/USDT:USDT,0.2883,219.0,0.2882,692.0,0.2886,214.0,0.2887,903.0
1753600381888,07:13:01.888,gateio,1INCH/USDT:USDT,0.2883,219.0,0.2882,692.0,0.2886,214.0,0.2887,903.0
1753600382026,07:13:02.026,gateio,1INCH/USDT:USDT,0.2883,219.0,0.2882,692.0,0.2886,214.0,0.2887,903.0
1753600382356,07:13:02.356,gateio,1INCH/USDT:USDT,0.2883,219.0,0.2882,692.0,0.2886,214.0,0.2887,903.0
1753600382551,07:13:02.551,gateio,1INCH/USDT:USDT,0.2883,219.0,0.2882,692.0,0.2886,214.0,0.2887,903.0
1753600386675,07:13:06.675,gateio,1INCH/USDT:USDT,0.2883,219.0,0.2882,692.0,0.2886,214.0,0.2887,903.0
1753600386769,07:13:06.769,gateio,1INCH/USDT:USDT,0.2883,219.0,0.2882,692.0,0.2886,214.0,0.2887,903.0
1753600386779,07:13:06.779,gateio,1INCH/USDT:USDT,0.2883,219.0,0.2882,692.0,0.2886,214.0,0.2887,903.0
1753600387370,07:13:07.370,gateio,1INCH/USDT:USDT,0.2883,219.0,0.2882,692.0,0.2885,210.0,0.2886,2029.0
1753600387423,07:13:07.423,gateio,1INCH/USDT:USDT,0.2883,219.0,0.2882,692.0,0.2885,210.0,0.2886,2029.0
1753600387516,07:13:07.516,gateio,1INCH/USDT:USDT,0.2883,219.0,0.2882,692.0,0.2885,210.0,0.2886,2029.0
1753600387599,07:13:07.599,gateio,1INCH/USDT:USDT,0.2883,219.0,0.2882,692.0,0.2885,210.0,0.2886,2029.0
1753600387964,07:13:07.964,gateio,1INCH/USDT:USDT,0.2883,219.0,0.2882,692.0,0.2885,210.0,0.2886,2029.0
1753600390372,07:13:10.372,gateio,1INCH/USDT:USDT,0.2881,213.0,0.288,1950.0,0.2885,210.0,0.2886,2029.0
1753600390450,07:13:10.450,gateio,1INCH/USDT:USDT,0.2881,213.0,0.288,1950.0,0.2885,210.0,0.2886,2029.0
1753600390572,07:13:10.572,gateio,1INCH/USDT:USDT,0.2881,213.0,0.288,1950.0,0.2885,210.0,0.2886,2029.0
1753600390648,07:13:10.648,gateio,1INCH/USDT:USDT,0.2881,213.0,0.288,1950.0,0.2885,210.0,0.2886,2029.0
1753600390760,07:13:10.760,gateio,1INCH/USDT:USDT,0.2883,210.0,0.2882,692.0,0.2886,214.0,0.2887,903.0
1753600390852,07:13:10.852,gateio,1INCH/USDT:USDT,0.2883,210.0,0.2882,692.0,0.2886,214.0,0.2887,903.0
1753600391208,07:13:11.208,gateio,1INCH/USDT:USDT,0.2883,210.0,0.2882,692.0,0.2886,214.0,0.2887,903.0
1753600391670,07:13:11.670,gateio,1INCH/USDT:USDT,0.2883,210.0,0.2882,692.0,0.2886,214.0,0.2887,903.0
1753600391720,07:13:11.720,gateio,1INCH/USDT:USDT,0.2883,210.0,0.2882,692.0,0.2886,214.0,0.2887,903.0
1753600391783,07:13:11.783,gateio,1INCH/USDT:USDT,0.2883,210.0,0.2882,692.0,0.2886,214.0,0.2887,903.0
1753600397171,07:13:17.171,gateio,1INCH/USDT:USDT,0.2883,210.0,0.2882,692.0,0.2886,214.0,0.2887,903.0
1753600397265,07:13:17.265,gateio,1INCH/USDT:USDT,0.2883,210.0,0.2882,692.0,0.2886,214.0,0.2887,903.0
1753600397293,07:13:17.293,gateio,1INCH/USDT:USDT,0.2883,210.0,0.2882,692.0,0.2886,214.0,0.2887,903.0
1753600397642,07:13:17.642,gateio,1INCH/USDT:USDT,0.2883,210.0,0.2882,692.0,0.2886,214.0,0.2887,903.0
1753600401670,07:13:21.670,gateio,1INCH/USDT:USDT,0.2883,210.0,0.2882,692.0,0.2886,214.0,0.2887,903.0
1753600401710,07:13:21.710,gateio,1INCH/USDT:USDT,0.2883,210.0,0.2882,692.0,0.2886,214.0,0.2887,903.0
1753600406235,07:13:26.235,gateio,1INCH/USDT:USDT,0.2883,210.0,0.2882,692.0,0.2886,214.0,0.2887,903.0
1753600406470,07:13:26.470,gateio,1INCH/USDT:USDT,0.2883,210.0,0.2882,692.0,0.2886,214.0,0.2887,903.0
1753600406547,07:13:26.547,gateio,1INCH/USDT:USDT,0.2883,210.0,0.2882,692.0,0.2886,214.0,0.2887,903.0
1753600406585,07:13:26.585,gateio,1INCH/USDT:USDT,0.2883,210.0,0.2882,692.0,0.2886,214.0,0.2887,903.0
1753600406874,07:13:26.874,gateio,1INCH/USDT:USDT,0.2885,212.0,0.2884,692.0,0.2888,414.0,0.2889,892.0
1753600406950,07:13:26.950,gateio,1INCH/USDT:USDT,0.2885,212.0,0.2884,692.0,0.2887,212.0,0.2888,414.0
1753600407050,07:13:27.050,gateio,1INCH/USDT:USDT,0.2885,212.0,0.2883,1250.0,0.2887,212.0,0.2888,414.0
1753600407101,07:13:27.101,gateio,1INCH/USDT:USDT,0.2885,212.0,0.2884,692.0,0.2887,212.0,0.2888,414.0
1753600407261,07:13:27.261,gateio,1INCH/USDT:USDT,0.2885,212.0,0.2884,692.0,0.2887,212.0,0.2888,414.0
1753600407315,07:13:27.315,gateio,1INCH/USDT:USDT,0.2885,212.0,0.2884,692.0,0.2887,212.0,0.2888,414.0
1753600412070,07:13:32.070,gateio,1INCH/USDT:USDT,0.2885,212.0,0.2884,692.0,0.2887,212.0,0.2888,414.0
1753600413385,07:13:33.385,gateio,1INCH/USDT:USDT,0.2885,212.0,0.2884,692.0,0.2887,212.0,0.2888,414.0
1753600413681,07:13:33.681,gateio,1INCH/USDT:USDT,0.2885,212.0,0.2884,692.0,0.2887,212.0,0.2888,414.0
1753600416871,07:13:36.871,gateio,1INCH/USDT:USDT,0.2885,212.0,0.2884,692.0,0.2887,212.0,0.2888,414.0
1753600416888,07:13:36.888,gateio,1INCH/USDT:USDT,0.2885,212.0,0.2884,692.0,0.2887,212.0,0.2888,414.0
1753600419938,07:13:39.938,gateio,1INCH/USDT:USDT,0.2885,212.0,0.2884,692.0,0.2888,414.0,0.2889,892.0
1753600420065,07:13:40.065,gateio,1INCH/USDT:USDT,0.2885,212.0,0.2884,692.0,0.2888,414.0,0.2889,892.0
1753600420197,07:13:40.197,gateio,1INCH/USDT:USDT,0.2885,212.0,0.2884,692.0,0.2888,414.0,0.2889,892.0
1753600420494,07:13:40.494,gateio,1INCH/USDT:USDT,0.2885,212.0,0.2884,692.0,0.2887,216.0,0.2888,414.0
1753600420614,07:13:40.614,gateio,1INCH/USDT:USDT,0.2885,212.0,0.2884,692.0,0.2887,216.0,0.2888,414.0
1753600421671,07:13:41.671,gateio,1INCH/USDT:USDT,0.2885,212.0,0.2884,692.0,0.2887,216.0,0.2888,414.0
1753600421832,07:13:41.832,gateio,1INCH/USDT:USDT,0.2885,212.0,0.2884,692.0,0.2887,216.0,0.2888,414.0
1753600422901,07:13:42.901,gateio,1INCH/USDT:USDT,0.2885,212.0,0.2884,692.0,0.2888,414.0,0.2889,892.0
1753600423473,07:13:43.473,gateio,1INCH/USDT:USDT,0.2885,212.0,0.2884,692.0,0.2887,215.0,0.2888,414.0
1753600423857,07:13:43.857,gateio,1INCH/USDT:USDT,0.2885,212.0,0.2884,692.0,0.2887,215.0,0.2888,414.0
1753600425129,07:13:45.129,gateio,1INCH/USDT:USDT,0.2885,212.0,0.2884,692.0,0.2887,215.0,0.2888,414.0
1753600425475,07:13:45.475,gateio,1INCH/USDT:USDT,0.2885,212.0,0.2884,692.0,0.2887,215.0,0.2888,414.0
1753600425674,07:13:45.674,gateio,1INCH/USDT:USDT,0.2885,212.0,0.2884,692.0,0.2887,215.0,0.2888,414.0
1753600426471,07:13:46.471,gateio,1INCH/USDT:USDT,0.2885,212.0,0.2884,692.0,0.2887,215.0,0.2888,414.0
1753600431270,07:13:51.270,gateio,1INCH/USDT:USDT,0.2885,212.0,0.2884,692.0,0.2887,215.0,0.2888,414.0
1753600436071,07:13:56.071,gateio,1INCH/USDT:USDT,0.2885,212.0,0.2884,692.0,0.2887,215.0,0.2888,414.0
1753600440873,07:14:00.873,gateio,1INCH/USDT:USDT,0.2885,212.0,0.2884,692.0,0.2887,215.0,0.2888,414.0
1753600442514,07:14:02.514,gateio,1INCH/USDT:USDT,0.2885,212.0,0.2884,692.0,0.2887,215.0,0.2888,2229.0
1753600442793,07:14:02.793,gateio,1INCH/USDT:USDT,0.2885,212.0,0.2884,692.0,0.2887,215.0,0.2888,2229.0
1753600445000,07:14:05.000,gateio,1INCH/USDT:USDT,0.2885,212.0,0.2884,2507.0,0.2889,220.0,0.289,220.0
1753600445143,07:14:05.143,gateio,1INCH/USDT:USDT,0.2885,212.0,0.2884,2507.0,0.2889,692.0,0.289,220.0
1753600445230,07:14:05.230,gateio,1INCH/USDT:USDT,0.2885,212.0,0.2884,2507.0,0.2889,692.0,0.289,220.0
1753600445671,07:14:05.671,gateio,1INCH/USDT:USDT,0.2885,212.0,0.2884,2507.0,0.2889,692.0,0.289,220.0
1753600445680,07:14:05.680,gateio,1INCH/USDT:USDT,0.2885,212.0,0.2884,2507.0,0.2889,692.0,0.289,220.0
1753600446530,07:14:06.530,gateio,1INCH/USDT:USDT,0.2885,212.0,0.2884,2507.0,0.2889,692.0,0.289,220.0
1753600446593,07:14:06.593,gateio,1INCH/USDT:USDT,0.2885,212.0,0.2884,2507.0,0.2889,692.0,0.289,220.0
1753600446855,07:14:06.855,gateio,1INCH/USDT:USDT,0.2885,212.0,0.2884,2507.0,0.2889,692.0,0.289,220.0
1753600447052,07:14:07.052,gateio,1INCH/USDT:USDT,0.2885,212.0,0.2884,2507.0,0.2889,692.0,0.289,220.0
1753600447248,07:14:07.248,gateio,1INCH/USDT:USDT,0.2885,212.0,0.2884,2507.0,0.2889,692.0,0.289,220.0
1753600447288,07:14:07.288,gateio,1INCH/USDT:USDT,0.2885,212.0,0.2884,2507.0,0.2889,692.0,0.289,220.0
1753600447406,07:14:07.406,gateio,1INCH/USDT:USDT,0.2885,212.0,0.2884,2507.0,0.2889,2803.0,0.289,220.0
1753600450471,07:14:10.471,gateio,1INCH/USDT:USDT,0.2885,212.0,0.2884,2507.0,0.2889,2803.0,0.289,220.0
1753600450488,07:14:10.488,gateio,1INCH/USDT:USDT,0.2885,212.0,0.2884,2507.0,0.2889,2803.0,0.289,220.0
1753600450663,07:14:10.663,gateio,1INCH/USDT:USDT,0.2884,912.0,0.2883,1250.0,0.2889,2803.0,0.289,220.0
1753600450770,07:14:10.770,gateio,1INCH/USDT:USDT,0.2885,220.0,0.2884,912.0,0.2889,3003.0,0.289,220.0
1753600450792,07:14:10.792,gateio,1INCH/USDT:USDT,0.2885,220.0,0.2884,912.0,0.2889,3003.0,0.289,220.0
1753600451200,07:14:11.200,gateio,1INCH/USDT:USDT,0.2885,220.0,0.2884,2727.0,0.2889,3003.0,0.289,220.0
1753600451394,07:14:11.394,gateio,1INCH/USDT:USDT,0.2885,220.0,0.2884,2727.0,0.2889,3003.0,0.289,220.0
1753600452468,07:14:12.468,gateio,1INCH/USDT:USDT,0.2885,220.0,0.2884,2727.0,0.2889,3003.0,0.289,220.0
1753600452565,07:14:12.565,gateio,1INCH/USDT:USDT,0.2885,220.0,0.2884,2727.0,0.2888,906.0,0.2889,200.0
1753600452651,07:14:12.651,gateio,1INCH/USDT:USDT,0.2885,220.0,0.2884,2727.0,0.2889,1110.0,0.289,420.0
1753600452842,07:14:12.842,gateio,1INCH/USDT:USDT,0.2885,220.0,0.2884,2727.0,0.2888,1817.0,0.2889,1110.0
1753600452959,07:14:12.959,gateio,1INCH/USDT:USDT,0.2885,220.0,0.2884,2727.0,0.2888,1817.0,0.2889,1110.0
1753600453046,07:14:13.046,gateio,1INCH/USDT:USDT,0.2885,220.0,0.2884,2727.0,0.2888,1817.0,0.2889,1110.0
1753600453360,07:14:13.360,gateio,1INCH/USDT:USDT,0.2885,220.0,0.2884,2727.0,0.2888,1817.0,0.2889,1110.0
1753600453445,07:14:13.445,gateio,1INCH/USDT:USDT,0.2885,220.0,0.2884,2727.0,0.2888,1817.0,0.2889,1110.0
1753600453766,07:14:13.766,gateio,1INCH/USDT:USDT,0.2885,220.0,0.2884,2727.0,0.2888,1817.0,0.2889,1110.0
1753600453825,07:14:13.825,gateio,1INCH/USDT:USDT,0.2885,220.0,0.2884,2727.0,0.2888,1817.0,0.2889,1110.0
1753600454207,07:14:14.207,gateio,1INCH/USDT:USDT,0.2885,220.0,0.2884,2727.0,0.2888,1817.0,0.2889,1110.0
1753600454278,07:14:14.278,gateio,1INCH/USDT:USDT,0.2885,220.0,0.2884,2727.0,0.2888,1817.0,0.2889,1110.0
1753600455068,07:14:15.068,gateio,1INCH/USDT:USDT,0.2885,220.0,0.2884,2727.0,0.2888,1817.0,0.2889,1110.0
1753600455139,07:14:15.139,gateio,1INCH/USDT:USDT,0.2885,220.0,0.2884,2727.0,0.2888,1817.0,0.2889,1110.0
1753600455271,07:14:15.271,gateio,1INCH/USDT:USDT,0.2885,220.0,0.2884,2727.0,0.2888,1817.0,0.2889,1110.0
1753600455332,07:14:15.332,gateio,1INCH/USDT:USDT,0.2885,220.0,0.2884,2727.0,0.2888,1817.0,0.2889,1110.0
1753600459738,07:14:19.738,gateio,1INCH/USDT:USDT,0.2884,2727.0,0.2883,1250.0,0.2888,1817.0,0.2889,1110.0
1753600459830,07:14:19.830,gateio,1INCH/USDT:USDT,0.2884,2727.0,0.2883,1250.0,0.2888,1817.0,0.2889,1110.0
1753600460071,07:14:20.071,gateio,1INCH/USDT:USDT,0.2884,2727.0,0.2883,1250.0,0.2888,1817.0,0.2889,1110.0
1753600460140,07:14:20.140,gateio,1INCH/USDT:USDT,0.2884,2727.0,0.2883,1250.0,0.2888,1817.0,0.2889,1110.0
1753600460268,07:14:20.268,gateio,1INCH/USDT:USDT,0.2884,2727.0,0.2883,1250.0,0.2888,1817.0,0.2889,1110.0
1753600460304,07:14:20.304,gateio,1INCH/USDT:USDT,0.2885,218.0,0.2884,2727.0,0.2888,1817.0,0.2889,1110.0
1753600460461,07:14:20.461,gateio,1INCH/USDT:USDT,0.2885,218.0,0.2884,2727.0,0.2888,1817.0,0.2889,1110.0
1753600460666,07:14:20.666,gateio,1INCH/USDT:USDT,0.2885,218.0,0.2884,2727.0,0.2888,1817.0,0.2889,1110.0
1753600460775,07:14:20.775,gateio,1INCH/USDT:USDT,0.2885,218.0,0.2884,2727.0,0.2888,1817.0,0.2889,1110.0
1753600460775,07:14:20.775,gateio,1INCH/USDT:USDT,0.2885,218.0,0.2884,2727.0,0.2888,1817.0,0.2889,1110.0
1753600461158,07:14:21.158,gateio,1INCH/USDT:USDT,0.2885,218.0,0.2884,2727.0,0.2888,1817.0,0.2889,1110.0
1753600461570,07:14:21.570,gateio,1INCH/USDT:USDT,0.2885,218.0,0.2884,2727.0,0.2888,1817.0,0.2889,1110.0
1753600461930,07:14:21.930,gateio,1INCH/USDT:USDT,0.2885,218.0,0.2884,2727.0,0.2888,1817.0,0.2889,1110.0
1753600462353,07:14:22.353,gateio,1INCH/USDT:USDT,0.2885,218.0,0.2884,2727.0,0.2888,1817.0,0.2889,1110.0
1753600462436,07:14:22.436,gateio,1INCH/USDT:USDT,0.2885,218.0,0.2884,2727.0,0.2889,1110.0,0.289,2226.0
1753600462560,07:14:22.560,gateio,1INCH/USDT:USDT,0.2885,218.0,0.2884,2727.0,0.2889,1110.0,0.289,2226.0
1753600462766,07:14:22.766,gateio,1INCH/USDT:USDT,0.2885,218.0,0.2884,2727.0,0.2889,5693.0,0.289,2226.0
1753600464872,07:14:24.872,gateio,1INCH/USDT:USDT,0.2885,218.0,0.2884,2727.0,0.2889,5693.0,0.289,2226.0
1753600464915,07:14:24.915,gateio,1INCH/USDT:USDT,0.2885,218.0,0.2884,2727.0,0.2889,5693.0,0.289,2226.0
1753600465165,07:14:25.165,gateio,1INCH/USDT:USDT,0.2885,218.0,0.2884,2727.0,0.2889,5693.0,0.289,2226.0
1753600465270,07:14:25.270,gateio,1INCH/USDT:USDT,0.2885,218.0,0.2884,2727.0,0.2889,5693.0,0.289,2226.0
1753600465344,07:14:25.344,gateio,1INCH/USDT:USDT,0.2885,218.0,0.2884,2727.0,0.2889,5693.0,0.289,2226.0
1753600465646,07:14:25.646,gateio,1INCH/USDT:USDT,0.2885,218.0,0.2884,2727.0,0.2889,5693.0,0.289,2226.0
1753600465771,07:14:25.771,gateio,1INCH/USDT:USDT,0.2885,218.0,0.2884,2727.0,0.2889,5693.0,0.289,2226.0
1753600466042,07:14:26.042,gateio,1INCH/USDT:USDT,0.2884,2727.0,0.2883,1250.0,0.2889,5693.0,0.289,2226.0
1753600466243,07:14:26.243,gateio,1INCH/USDT:USDT,0.2884,2727.0,0.2883,1250.0,0.2889,5700.0,0.289,2226.0
1753600466371,07:14:26.371,gateio,1INCH/USDT:USDT,0.2884,2727.0,0.2883,1250.0,0.2889,7161.0,0.289,2226.0
1753600466441,07:14:26.441,gateio,1INCH/USDT:USDT,0.2884,2727.0,0.2883,1250.0,0.2889,7154.0,0.289,2226.0
1753600466496,07:14:26.496,gateio,1INCH/USDT:USDT,0.2884,2727.0,0.2883,1250.0,0.2889,7154.0,0.289,2226.0
1753600466865,07:14:26.865,gateio,1INCH/USDT:USDT,0.2884,2727.0,0.2883,1250.0,0.2889,7154.0,0.289,2226.0
1753600466966,07:14:26.966,gateio,1INCH/USDT:USDT,0.2884,2727.0,0.2883,1250.0,0.2889,7161.0,0.289,2226.0
1753600467040,07:14:27.040,gateio,1INCH/USDT:USDT,0.2884,2727.0,0.2883,1250.0,0.2889,7161.0,0.289,2226.0
1753600467269,07:14:27.269,gateio,1INCH/USDT:USDT,0.2884,2727.0,0.2883,1250.0,0.2889,7161.0,0.289,2226.0
1753600467366,07:14:27.366,gateio,1INCH/USDT:USDT,0.2884,2727.0,0.2883,1250.0,0.2889,5700.0,0.289,4041.0
1753600467471,07:14:27.471,gateio,1INCH/USDT:USDT,0.2884,2727.0,0.2883,1250.0,0.2889,5754.0,0.289,4041.0
1753600467660,07:14:27.660,gateio,1INCH/USDT:USDT,0.2884,2727.0,0.2883,1250.0,0.2889,5754.0,0.289,4041.0
1753600467766,07:14:27.766,gateio,1INCH/USDT:USDT,0.2881,213.0,0.288,2724.0,0.2887,1931.0,0.2888,8895.0
1753600467862,07:14:27.862,gateio,1INCH/USDT:USDT,0.2881,213.0,0.288,2724.0,0.2887,2326.0,0.2888,8895.0
1753600467969,07:14:27.969,gateio,1INCH/USDT:USDT,0.2881,213.0,0.288,2724.0,0.2886,7330.0,0.2887,2146.0
1753600468049,07:14:28.049,gateio,1INCH/USDT:USDT,0.2881,213.0,0.288,2724.0,0.2886,7330.0,0.2887,2146.0
1753600468077,07:14:28.077,gateio,1INCH/USDT:USDT,0.2881,213.0,0.288,2724.0,0.2886,7330.0,0.2887,2146.0
1753600468569,07:14:28.569,gateio,1INCH/USDT:USDT,0.2883,215.0,0.2881,213.0,0.2886,7330.0,0.2887,2146.0
1753600468582,07:14:28.582,gateio,1INCH/USDT:USDT,0.2883,215.0,0.2881,213.0,0.2886,7330.0,0.2887,2146.0
1753600468709,07:14:28.709,gateio,1INCH/USDT:USDT,0.2881,213.0,0.288,2724.0,0.2886,7330.0,0.2887,2146.0
1753600468904,07:14:28.904,gateio,1INCH/USDT:USDT,0.2881,213.0,0.288,2724.0,0.2886,7330.0,0.2887,2146.0
1753600471674,07:14:31.674,gateio,1INCH/USDT:USDT,0.2881,213.0,0.288,2724.0,0.2886,7644.0,0.2887,2146.0
1753600471757,07:14:31.757,gateio,1INCH/USDT:USDT,0.2881,213.0,0.288,2724.0,0.2886,7330.0,0.2887,2146.0
1753600471887,07:14:31.887,gateio,1INCH/USDT:USDT,0.2881,213.0,0.288,2724.0,0.2886,7330.0,0.2887,2146.0
1753600472020,07:14:32.020,gateio,1INCH/USDT:USDT,0.2881,213.0,0.288,2724.0,0.2886,7486.0,0.2887,2146.0
1753600472136,07:14:32.136,gateio,1INCH/USDT:USDT,0.2881,213.0,0.288,2724.0,0.2886,7330.0,0.2887,2146.0
1753600472526,07:14:32.526,gateio,1INCH/USDT:USDT,0.2881,213.0,0.288,2724.0,0.2886,7530.0,0.2887,2146.0
1753600473063,07:14:33.063,gateio,1INCH/USDT:USDT,0.2881,213.0,0.288,2724.0,0.2886,7530.0,0.2887,2146.0
1753600473941,07:14:33.941,gateio,1INCH/USDT:USDT,0.2881,213.0,0.288,2724.0,0.2886,7530.0,0.2887,2146.0
1753600474532,07:14:34.532,gateio,1INCH/USDT:USDT,0.2881,213.0,0.288,2724.0,0.2886,7530.0,0.2887,2146.0
1753600475801,07:14:35.801,gateio,1INCH/USDT:USDT,0.2881,213.0,0.288,2724.0,0.2886,7530.0,0.2887,2146.0
1753600476024,07:14:36.024,gateio,1INCH/USDT:USDT,0.2881,213.0,0.288,2724.0,0.2886,7654.0,0.2887,2146.0
1753600476688,07:14:36.688,gateio,1INCH/USDT:USDT,0.2881,213.0,0.288,2724.0,0.2886,7654.0,0.2887,2146.0
1753600478419,07:14:38.419,gateio,1INCH/USDT:USDT,0.2881,213.0,0.288,2724.0,0.2886,7654.0,0.2887,2146.0
1753600478571,07:14:38.571,gateio,1INCH/USDT:USDT,0.2881,213.0,0.288,2724.0,0.2886,7654.0,0.2887,2146.0
1753600479158,07:14:39.158,gateio,1INCH/USDT:USDT,0.2881,213.0,0.288,2724.0,0.2886,7654.0,0.2887,2146.0
1753600479949,07:14:39.949,gateio,1INCH/USDT:USDT,0.2881,213.0,0.288,2724.0,0.2886,7654.0,0.2887,2146.0
1753600480123,07:14:40.123,gateio,1INCH/USDT:USDT,0.2881,213.0,0.288,2724.0,0.2886,9200.0,0.2887,2146.0
1753600481487,07:14:41.487,gateio,1INCH/USDT:USDT,0.2881,213.0,0.288,2724.0,0.2886,9200.0,0.2887,2146.0
1753600481970,07:14:41.970,gateio,1INCH/USDT:USDT,0.2881,213.0,0.288,2724.0,0.2886,10884.0,0.2887,2146.0
1753600481977,07:14:41.977,gateio,1INCH/USDT:USDT,0.2881,213.0,0.288,2724.0,0.2886,9200.0,0.2887,2146.0
1753600483368,07:14:43.368,gateio,1INCH/USDT:USDT,0.2881,213.0,0.288,2724.0,0.2886,9200.0,0.2887,3961.0
1753600483473,07:14:43.473,gateio,1INCH/USDT:USDT,0.2881,213.0,0.288,2724.0,0.2885,892.0,0.2886,415.0
1753600483533,07:14:43.533,gateio,1INCH/USDT:USDT,0.2881,213.0,0.288,2724.0,0.2885,892.0,0.2886,415.0
1753600483669,07:14:43.669,gateio,1INCH/USDT:USDT,0.2881,213.0,0.288,2724.0,0.2885,9003.0,0.2886,415.0
1753600483675,07:14:43.675,gateio,1INCH/USDT:USDT,0.2881,213.0,0.288,2724.0,0.2885,8888.0,0.2886,415.0
1753600484942,07:14:44.942,gateio,1INCH/USDT:USDT,0.2881,213.0,0.288,2724.0,0.2885,8888.0,0.2886,415.0
1753600486288,07:14:46.288,gateio,1INCH/USDT:USDT,0.2881,213.0,0.288,2724.0,0.2885,8888.0,0.2886,415.0
1753600486556,07:14:46.556,gateio,1INCH/USDT:USDT,0.2881,213.0,0.288,2724.0,0.2885,8888.0,0.2886,415.0
1753600487073,07:14:47.073,gateio,1INCH/USDT:USDT,0.2881,213.0,0.288,2724.0,0.2885,8888.0,0.2886,415.0
1753600488398,07:14:48.398,gateio,1INCH/USDT:USDT,0.2881,213.0,0.288,2724.0,0.2885,8888.0,0.2886,415.0
1753600489703,07:14:49.703,gateio,1INCH/USDT:USDT,0.2881,213.0,0.288,2724.0,0.2884,2487.0,0.2885,8888.0
1753600489957,07:14:49.957,gateio,1INCH/USDT:USDT,0.2881,213.0,0.288,2724.0,0.2884,2487.0,0.2885,8888.0
1753600491171,07:14:51.171,gateio,1INCH/USDT:USDT,0.288,217.0,0.2878,2717.0,0.2884,3179.0,0.2885,8888.0
1753600491250,07:14:51.250,gateio,1INCH/USDT:USDT,0.288,217.0,0.2878,2717.0,0.2884,3179.0,0.2885,8888.0
1753600491362,07:14:51.362,gateio,1INCH/USDT:USDT,0.288,217.0,0.2878,2717.0,0.2884,3379.0,0.2885,8888.0
1753600491463,07:14:51.463,gateio,1INCH/USDT:USDT,0.288,217.0,0.2878,2717.0,0.2884,3379.0,0.2885,8888.0
1753600491598,07:14:51.598,gateio,1INCH/USDT:USDT,0.288,217.0,0.2878,2717.0,0.2884,3379.0,0.2885,8888.0
1753600495245,07:14:55.245,gateio,1INCH/USDT:USDT,0.2878,2717.0,0.2876,11407.0,0.2884,3379.0,0.2885,8888.0
1753600495316,07:14:55.316,gateio,1INCH/USDT:USDT,0.2879,216.0,0.2878,2717.0,0.2884,3864.0,0.2885,8888.0
1753600495443,07:14:55.443,gateio,1INCH/USDT:USDT,0.2879,216.0,0.2878,2717.0,0.2884,3591.0,0.2885,8888.0
1753600495658,07:14:55.658,gateio,1INCH/USDT:USDT,0.2879,216.0,0.2878,2717.0,0.2884,3591.0,0.2885,8888.0
1753600496315,07:14:56.315,gateio,1INCH/USDT:USDT,0.2879,216.0,0.2878,2717.0,0.2884,3591.0,0.2885,8888.0
1753600496478,07:14:56.478,gateio,1INCH/USDT:USDT,0.2879,216.0,0.2878,2717.0,0.2884,3591.0,0.2885,8888.0
1753600497352,07:14:57.352,gateio,1INCH/USDT:USDT,0.2879,216.0,0.2878,2717.0,0.2884,4460.0,0.2885,10703.0
1753600497451,07:14:57.451,gateio,1INCH/USDT:USDT,0.2879,216.0,0.2878,2717.0,0.2884,4460.0,0.2885,10703.0
1753600497660,07:14:57.660,gateio,1INCH/USDT:USDT,0.2879,216.0,0.2878,2717.0,0.2884,4460.0,0.2885,10703.0
1753600497681,07:14:57.681,gateio,1INCH/USDT:USDT,0.2879,216.0,0.2878,2717.0,0.2884,4420.0,0.2885,10703.0
1753600498227,07:14:58.227,gateio,1INCH/USDT:USDT,0.2879,216.0,0.2878,2717.0,0.2884,4420.0,0.2885,8888.0
1753600498436,07:14:58.436,gateio,1INCH/USDT:USDT,0.2879,216.0,0.2878,2717.0,0.2884,4689.0,0.2885,8888.0
1753600501836,07:15:01.836,gateio,1INCH/USDT:USDT,0.2879,216.0,0.2878,2717.0,0.2884,4689.0,0.2885,8888.0
1753600502089,07:15:02.089,gateio,1INCH/USDT:USDT,0.2879,216.0,0.2878,2717.0,0.2884,4689.0,0.2885,8888.0
1753600502282,07:15:02.282,gateio,1INCH/USDT:USDT,0.2879,216.0,0.2878,2717.0,0.2884,4689.0,0.2885,10703.0
1753600502923,07:15:02.923,gateio,1INCH/USDT:USDT,0.2879,216.0,0.2878,2717.0,0.2884,4689.0,0.2885,10703.0
1753600503111,07:15:03.111,gateio,1INCH/USDT:USDT,0.2879,216.0,0.2878,2717.0,0.2884,6320.0,0.2885,10703.0
1753600503250,07:15:03.250,gateio,1INCH/USDT:USDT,0.2879,216.0,0.2878,2717.0,0.2882,8697.0,0.2883,420.0
1753600503351,07:15:03.351,gateio,1INCH/USDT:USDT,0.2879,216.0,0.2878,2717.0,0.2882,8697.0,0.2883,420.0
1753600504439,07:15:04.439,gateio,1INCH/USDT:USDT,0.2879,216.0,0.2878,2717.0,0.2882,8697.0,0.2883,420.0
1753600504543,07:15:04.543,gateio,1INCH/USDT:USDT,0.2879,216.0,0.2878,2717.0,0.2882,8697.0,0.2883,420.0
1753600504826,07:15:04.826,gateio,1INCH/USDT:USDT,0.2879,216.0,0.2878,2717.0,0.2882,8697.0,0.2883,420.0
1753600505008,07:15:05.008,gateio,1INCH/USDT:USDT,0.2879,216.0,0.2878,2717.0,0.2882,8697.0,0.2883,420.0
1753600506888,07:15:06.888,gateio,1INCH/USDT:USDT,0.2879,216.0,0.2878,2717.0,0.2882,8697.0,0.2883,420.0
1753600507166,07:15:07.166,gateio,1INCH/USDT:USDT,0.2879,216.0,0.2878,2717.0,0.2883,420.0,0.2884,9739.0
1753600507250,07:15:07.250,gateio,1INCH/USDT:USDT,0.2881,220.0,0.288,692.0,0.2883,420.0,0.2884,9739.0
1753600507409,07:15:07.409,gateio,1INCH/USDT:USDT,0.2881,220.0,0.288,692.0,0.2883,420.0,0.2884,9739.0
1753600507560,07:15:07.560,gateio,1INCH/USDT:USDT,0.2881,220.0,0.288,692.0,0.2883,200.0,0.2884,8699.0
1753600507649,07:15:07.649,gateio,1INCH/USDT:USDT,0.2881,220.0,0.288,692.0,0.2883,200.0,0.2884,8699.0
1753600507750,07:15:07.750,gateio,1INCH/USDT:USDT,0.2881,220.0,0.288,692.0,0.2883,200.0,0.2884,8699.0
1753600507806,07:15:07.806,gateio,1INCH/USDT:USDT,0.2881,220.0,0.288,692.0,0.2883,200.0,0.2884,8699.0
1753600509044,07:15:09.044,gateio,1INCH/USDT:USDT,0.2881,220.0,0.288,692.0,0.2883,420.0,0.2884,8699.0
1753600509437,07:15:09.437,gateio,1INCH/USDT:USDT,0.2881,220.0,0.288,692.0,0.2883,420.0,0.2884,8699.0
1753600509870,07:15:09.870,gateio,1INCH/USDT:USDT,0.288,692.0,0.2879,216.0,0.2882,220.0,0.2883,420.0
1753600510278,07:15:10.278,gateio,1INCH/USDT:USDT,0.288,692.0,0.2879,216.0,0.2882,220.0,0.2883,420.0
1753600510698,07:15:10.698,gateio,1INCH/USDT:USDT,0.288,692.0,0.2879,216.0,0.2882,220.0,0.2883,420.0
1753600511336,07:15:11.336,gateio,1INCH/USDT:USDT,0.2879,216.0,0.2878,2717.0,0.2882,220.0,0.2883,420.0
1753600511381,07:15:11.381,gateio,1INCH/USDT:USDT,0.2879,216.0,0.2878,2717.0,0.2882,220.0,0.2883,420.0
1753600511519,07:15:11.519,gateio,1INCH/USDT:USDT,0.2879,216.0,0.2878,2717.0,0.2882,220.0,0.2883,420.0
1753600511700,07:15:11.700,gateio,1INCH/USDT:USDT,0.2879,216.0,0.2878,2717.0,0.2882,220.0,0.2883,420.0
1753600512962,07:15:12.962,gateio,1INCH/USDT:USDT,0.2879,216.0,0.2878,2717.0,0.2882,220.0,0.2883,420.0
1753600513048,07:15:13.048,gateio,1INCH/USDT:USDT,0.2879,216.0,0.2878,2717.0,0.2882,220.0,0.2883,420.0
1753600513154,07:15:13.154,gateio,1INCH/USDT:USDT,0.2879,216.0,0.2878,2717.0,0.2882,220.0,0.2883,420.0
1753600513341,07:15:13.341,gateio,1INCH/USDT:USDT,0.2879,216.0,0.2878,2717.0,0.2882,220.0,0.2883,420.0
1753600515072,07:15:15.072,gateio,1INCH/USDT:USDT,0.2879,216.0,0.2878,2717.0,0.2882,220.0,0.2883,420.0
1753600515174,07:15:15.174,gateio,1INCH/USDT:USDT,0.2879,216.0,0.2878,2717.0,0.2882,220.0,0.2883,420.0
1753600515218,07:15:15.218,gateio,1INCH/USDT:USDT,0.2879,216.0,0.2878,2717.0,0.2882,220.0,0.2883,420.0
