timestamp,time,exchange,symbol,bid1_price,bid1_volume,bid2_price,bid2_volume,ask1_price,ask1_volume,ask2_price,ask2_volume
1753599989000,07:06:29.000,gateio,AERO/USDT:USDT,0.899,1793.0,0.8987,460.0,0.8997,50.0,0.8998,2.0
1753599992090,07:06:32.090,gateio,AERO/USDT:USDT,0.899,1793.0,0.8987,460.0,0.8997,50.0,0.8998,2.0
1753599992522,07:06:32.522,gateio,AERO/USDT:USDT,0.899,1793.0,0.8987,460.0,0.8997,50.0,0.8998,2.0
1753599993034,07:06:33.034,gateio,AERO/USDT:USDT,0.8991,538.0,0.899,1793.0,0.8997,50.0,0.8998,2.0
1753599993046,07:06:33.046,gateio,AERO/USDT:USDT,0.8991,538.0,0.899,1793.0,0.8997,50.0,0.8998,2.0
1753599993739,07:06:33.739,gateio,AERO/USDT:USDT,0.8991,538.0,0.899,1793.0,0.8997,50.0,0.8998,2.0
1753599993843,07:06:33.843,gateio,AERO/USDT:USDT,0.8991,538.0,0.899,1793.0,0.8997,50.0,0.8998,2.0
1753599998640,07:06:38.640,gateio,AERO/USDT:USDT,0.8991,538.0,0.899,1793.0,0.8997,50.0,0.8998,2.0
1753599998643,07:06:38.643,gateio,AERO/USDT:USDT,0.8991,538.0,0.899,1793.0,0.8997,50.0,0.8998,2.0
1753599999558,07:06:39.558,gateio,AERO/USDT:USDT,0.899,1793.0,0.8987,460.0,0.8997,50.0,0.8998,2.0
1753599999794,07:06:39.794,gateio,AERO/USDT:USDT,0.899,1793.0,0.8987,460.0,0.8997,50.0,0.8998,2.0
1753600000438,07:06:40.438,gateio,AERO/USDT:USDT,0.8991,538.0,0.899,1793.0,0.8998,2.0,0.9002,219.0
1753600000627,07:06:40.627,gateio,AERO/USDT:USDT,0.8991,538.0,0.899,1793.0,0.8998,2.0,0.9002,219.0
1753600000722,07:06:40.722,gateio,AERO/USDT:USDT,0.8991,538.0,0.899,1793.0,0.8998,2.0,0.9002,219.0
1753600003080,07:06:43.080,gateio,AERO/USDT:USDT,0.8991,538.0,0.899,1793.0,0.8998,2.0,0.9002,219.0
1753600003442,07:06:43.442,gateio,AERO/USDT:USDT,0.8991,538.0,0.899,1793.0,0.8998,2.0,0.9002,219.0
1753600003542,07:06:43.542,gateio,AERO/USDT:USDT,0.8991,538.0,0.899,1793.0,0.8998,2.0,0.9002,219.0
1753600003575,07:06:43.575,gateio,AERO/USDT:USDT,0.8991,538.0,0.899,1793.0,0.8998,2.0,0.9002,219.0
1753600003665,07:06:43.665,gateio,AERO/USDT:USDT,0.8991,538.0,0.899,1793.0,0.8998,2.0,0.9002,219.0
1753600003835,07:06:43.835,gateio,AERO/USDT:USDT,0.8991,538.0,0.899,1793.0,0.8998,2.0,0.9002,219.0
1753600004888,07:06:44.888,gateio,AERO/USDT:USDT,0.8991,538.0,0.899,1793.0,0.8998,2.0,0.9002,219.0
1753600005027,07:06:45.027,gateio,AERO/USDT:USDT,0.8991,538.0,0.899,1793.0,0.8998,2.0,0.9006,219.0
1753600005375,07:06:45.375,gateio,AERO/USDT:USDT,0.8991,538.0,0.899,1793.0,0.8998,2.0,0.9006,219.0
1753600005552,07:06:45.552,gateio,AERO/USDT:USDT,0.8991,538.0,0.899,1793.0,0.8998,2.0,0.9006,219.0
1753600005896,07:06:45.896,gateio,AERO/USDT:USDT,0.8991,538.0,0.899,1793.0,0.8998,2.0,0.9006,219.0
1753600006741,07:06:46.741,gateio,AERO/USDT:USDT,0.8991,538.0,0.899,1793.0,0.8998,2.0,0.9006,219.0
1753600006925,07:06:46.925,gateio,AERO/USDT:USDT,0.8991,538.0,0.899,1793.0,0.8998,2.0,0.9006,219.0
1753600007136,07:06:47.136,gateio,AERO/USDT:USDT,0.899,1793.0,0.8987,460.0,0.8998,2.0,0.9006,219.0
1753600007153,07:06:47.153,gateio,AERO/USDT:USDT,0.899,1793.0,0.8987,460.0,0.8998,2.0,0.9006,219.0
1753600007430,07:06:47.430,gateio,AERO/USDT:USDT,0.899,1793.0,0.8987,460.0,0.8998,2.0,0.9006,219.0
1753600007631,07:06:47.631,gateio,AERO/USDT:USDT,0.899,1793.0,0.8987,460.0,0.8998,2.0,0.9005,50.0
1753600008008,07:06:48.008,gateio,AERO/USDT:USDT,0.8991,538.0,0.899,1793.0,0.8998,2.0,0.9005,50.0
1753600008242,07:06:48.242,gateio,AERO/USDT:USDT,0.8991,538.0,0.899,1793.0,0.8998,2.0,0.9005,50.0
1753600008251,07:06:48.251,gateio,AERO/USDT:USDT,0.8991,538.0,0.899,1793.0,0.8998,2.0,0.9005,50.0
1753600008740,07:06:48.740,gateio,AERO/USDT:USDT,0.8991,538.0,0.899,1793.0,0.8998,2.0,0.9005,50.0
1753600008770,07:06:48.770,gateio,AERO/USDT:USDT,0.8991,538.0,0.899,1793.0,0.8998,2.0,0.9005,50.0
1753600009585,07:06:49.585,gateio,AERO/USDT:USDT,0.8991,538.0,0.899,1793.0,0.8998,2.0,0.9005,50.0
1753600011488,07:06:51.488,gateio,AERO/USDT:USDT,0.8991,538.0,0.899,1793.0,0.8998,2.0,0.9005,50.0
1753600011570,07:06:51.570,gateio,AERO/USDT:USDT,0.8991,538.0,0.899,1793.0,0.8998,2.0,0.9005,50.0
1753600012399,07:06:52.399,gateio,AERO/USDT:USDT,0.8991,538.0,0.899,1793.0,0.8998,2.0,0.9002,219.0
1753600012502,07:06:52.502,gateio,AERO/USDT:USDT,0.8991,538.0,0.899,1793.0,0.8998,2.0,0.9002,219.0
1753600012661,07:06:52.661,gateio,AERO/USDT:USDT,0.8991,538.0,0.899,1793.0,0.8998,2.0,0.9002,219.0
1753600012810,07:06:52.810,gateio,AERO/USDT:USDT,0.8991,538.0,0.899,1793.0,0.8998,2.0,0.9002,219.0
1753600012946,07:06:52.946,gateio,AERO/USDT:USDT,0.8991,538.0,0.899,1793.0,0.8998,2.0,0.9005,50.0
1753600013042,07:06:53.042,gateio,AERO/USDT:USDT,0.8991,757.0,0.899,1793.0,0.8998,2.0,0.9005,50.0
1753600013093,07:06:53.093,gateio,AERO/USDT:USDT,0.8991,538.0,0.899,1793.0,0.8998,2.0,0.9005,50.0
1753600013254,07:06:53.254,gateio,AERO/USDT:USDT,0.8991,538.0,0.899,1793.0,0.8998,2.0,0.9005,50.0
1753600014006,07:06:54.006,gateio,AERO/USDT:USDT,0.8991,538.0,0.899,1793.0,0.8998,2.0,0.9005,50.0
1753600015023,07:06:55.023,gateio,AERO/USDT:USDT,0.8991,538.0,0.899,1793.0,0.8998,2.0,0.9005,50.0
1753600015332,07:06:55.332,gateio,AERO/USDT:USDT,0.8991,538.0,0.899,1793.0,0.8998,2.0,0.9005,50.0
1753600015427,07:06:55.427,gateio,AERO/USDT:USDT,0.899,1793.0,0.8987,460.0,0.8998,2.0,0.9005,50.0
1753600015527,07:06:55.527,gateio,AERO/USDT:USDT,0.8991,538.0,0.899,1793.0,0.8998,2.0,0.9005,50.0
1753600015549,07:06:55.549,gateio,AERO/USDT:USDT,0.899,1793.0,0.8986,219.0,0.8998,2.0,0.9005,50.0
1753600016749,07:06:56.749,gateio,AERO/USDT:USDT,0.899,1793.0,0.8986,219.0,0.8998,2.0,0.9005,50.0
1753600017844,07:06:57.844,gateio,AERO/USDT:USDT,0.899,1793.0,0.8986,219.0,0.8998,2.0,0.9005,50.0
1753600020035,07:07:00.035,gateio,AERO/USDT:USDT,0.8991,538.0,0.899,1793.0,0.8998,2.0,0.9005,50.0
1753600020404,07:07:00.404,gateio,AERO/USDT:USDT,0.8991,538.0,0.899,1793.0,0.8998,2.0,0.9005,50.0
1753600020456,07:07:00.456,gateio,AERO/USDT:USDT,0.8991,538.0,0.899,2253.0,0.8998,2.0,0.9005,50.0
1753600022643,07:07:02.643,gateio,AERO/USDT:USDT,0.8991,538.0,0.899,2253.0,0.8998,2.0,0.9005,50.0
1753600027444,07:07:07.444,gateio,AERO/USDT:USDT,0.8991,538.0,0.899,2253.0,0.8998,2.0,0.9005,50.0
1753600027615,07:07:07.615,gateio,AERO/USDT:USDT,0.8991,538.0,0.899,2253.0,0.8998,2.0,0.9005,50.0
1753600028003,07:07:08.003,gateio,AERO/USDT:USDT,0.8991,538.0,0.899,2253.0,0.8998,2.0,0.9005,50.0
1753600028279,07:07:08.279,gateio,AERO/USDT:USDT,0.8991,538.0,0.899,2253.0,0.8998,2.0,0.9005,50.0
1753600029738,07:07:09.738,gateio,AERO/USDT:USDT,0.899,2253.0,0.8986,219.0,0.8998,2.0,0.9005,50.0
1753600029778,07:07:09.778,gateio,AERO/USDT:USDT,0.899,2253.0,0.8986,219.0,0.8998,2.0,0.9005,50.0
1753600032244,07:07:12.244,gateio,AERO/USDT:USDT,0.899,2253.0,0.8986,219.0,0.8998,2.0,0.9005,50.0
1753600033515,07:07:13.515,gateio,AERO/USDT:USDT,0.899,2253.0,0.8987,326.0,0.8998,2.0,0.9005,50.0
1753600033694,07:07:13.694,gateio,AERO/USDT:USDT,0.899,1793.0,0.8987,460.0,0.8998,2.0,0.9002,219.0
1753600033772,07:07:13.772,gateio,AERO/USDT:USDT,0.899,1793.0,0.8987,460.0,0.8998,2.0,0.9002,219.0
1753600033932,07:07:13.932,gateio,AERO/USDT:USDT,0.899,1793.0,0.8987,460.0,0.8998,2.0,0.9002,219.0
1753600034008,07:07:14.008,gateio,AERO/USDT:USDT,0.899,1793.0,0.8987,460.0,0.8998,2.0,0.9002,219.0
1753600034096,07:07:14.096,gateio,AERO/USDT:USDT,0.899,1793.0,0.8987,460.0,0.8998,2.0,0.9002,219.0
1753600037042,07:07:17.042,gateio,AERO/USDT:USDT,0.8987,1062.0,0.8986,2007.0,0.8998,2.0,0.9002,219.0
1753600037560,07:07:17.560,gateio,AERO/USDT:USDT,0.8987,1062.0,0.8986,1788.0,0.8998,2.0,0.9002,219.0
1753600037924,07:07:17.924,gateio,AERO/USDT:USDT,0.8987,1281.0,0.8986,1788.0,0.8998,2.0,0.9002,219.0
1753600039058,07:07:19.058,gateio,AERO/USDT:USDT,0.8987,1281.0,0.8986,1788.0,0.8998,2.0,0.9002,219.0
1753600039612,07:07:19.612,gateio,AERO/USDT:USDT,0.8987,1281.0,0.8986,1788.0,0.8998,2.0,0.9002,219.0
1753600041408,07:07:21.408,gateio,AERO/USDT:USDT,0.8987,1281.0,0.8986,1788.0,0.8998,2.0,0.9002,219.0
1753600041843,07:07:21.843,gateio,AERO/USDT:USDT,0.8987,1281.0,0.8986,1788.0,0.8998,2.0,0.9002,219.0
1753600041950,07:07:21.950,gateio,AERO/USDT:USDT,0.8987,1062.0,0.8986,1788.0,0.8997,219.0,0.8998,2.0
1753600042104,07:07:22.104,gateio,AERO/USDT:USDT,0.8987,1062.0,0.8986,1788.0,0.8998,2.0,0.9002,219.0
1753600042192,07:07:22.192,gateio,AERO/USDT:USDT,0.8987,1062.0,0.8986,1788.0,0.8997,219.0,0.8998,2.0
1753600042597,07:07:22.597,gateio,AERO/USDT:USDT,0.8987,1062.0,0.8986,1788.0,0.8997,219.0,0.8998,2.0
1753600043004,07:07:23.004,gateio,AERO/USDT:USDT,0.8987,1062.0,0.8986,1788.0,0.8997,219.0,0.8998,2.0
1753600043558,07:07:23.558,gateio,AERO/USDT:USDT,0.8987,1062.0,0.8986,1788.0,0.8997,219.0,0.8998,2.0
1753600043680,07:07:23.680,gateio,AERO/USDT:USDT,0.8987,1062.0,0.8986,1788.0,0.8997,219.0,0.8998,2.0
1753600043770,07:07:23.770,gateio,AERO/USDT:USDT,0.8987,460.0,0.8986,1788.0,0.8997,219.0,0.8998,2.0
1753600044092,07:07:24.092,gateio,AERO/USDT:USDT,0.8987,460.0,0.8986,1788.0,0.8997,219.0,0.8998,2.0
1753600046098,07:07:26.098,gateio,AERO/USDT:USDT,0.8987,460.0,0.8986,1788.0,0.8997,219.0,0.8998,2.0
1753600046643,07:07:26.643,gateio,AERO/USDT:USDT,0.8987,460.0,0.8986,1788.0,0.8997,219.0,0.8998,2.0
1753600046665,07:07:26.665,gateio,AERO/USDT:USDT,0.8987,460.0,0.8986,1788.0,0.8997,219.0,0.8998,2.0
1753600051443,07:07:31.443,gateio,AERO/USDT:USDT,0.8987,460.0,0.8986,1788.0,0.8997,219.0,0.8998,2.0
1753600051850,07:07:31.850,gateio,AERO/USDT:USDT,0.8987,460.0,0.8986,1788.0,0.8997,219.0,0.8998,2.0
1753600052624,07:07:32.624,gateio,AERO/USDT:USDT,0.8987,460.0,0.8986,1788.0,0.8997,219.0,0.8998,2.0
1753600055388,07:07:35.388,gateio,AERO/USDT:USDT,0.8987,996.0,0.8986,1788.0,0.8997,219.0,0.8998,2.0
1753600055878,07:07:35.878,gateio,AERO/USDT:USDT,0.8987,996.0,0.8986,1788.0,0.8997,219.0,0.8998,2.0
1753600056244,07:07:36.244,gateio,AERO/USDT:USDT,0.8987,996.0,0.8986,1788.0,0.8997,219.0,0.8998,2.0
1753600056248,07:07:36.248,gateio,AERO/USDT:USDT,0.8987,996.0,0.8986,1788.0,0.8997,219.0,0.8998,2.0
1753600057195,07:07:37.195,gateio,AERO/USDT:USDT,0.8987,996.0,0.8986,1788.0,0.8997,219.0,0.8998,2.0
1753600057504,07:07:37.504,gateio,AERO/USDT:USDT,0.8987,996.0,0.8986,1788.0,0.8997,219.0,0.8998,2.0
1753600057918,07:07:37.918,gateio,AERO/USDT:USDT,0.8987,996.0,0.8986,1788.0,0.8997,219.0,0.8998,2.0
1753600059428,07:07:39.428,gateio,AERO/USDT:USDT,0.8987,996.0,0.8986,1788.0,0.8997,219.0,0.8998,2.0
1753600059536,07:07:39.536,gateio,AERO/USDT:USDT,0.8987,996.0,0.8986,1788.0,0.8997,219.0,0.8998,2.0
1753600059819,07:07:39.819,gateio,AERO/USDT:USDT,0.8987,996.0,0.8986,1788.0,0.8998,2.0,0.9002,219.0
1753600059955,07:07:39.955,gateio,AERO/USDT:USDT,0.8987,996.0,0.8986,1788.0,0.8998,2.0,0.9002,219.0
1753600060070,07:07:40.070,gateio,AERO/USDT:USDT,0.8987,996.0,0.8986,1788.0,0.8997,219.0,0.8998,2.0
1753600060429,07:07:40.429,gateio,AERO/USDT:USDT,0.8987,996.0,0.8986,1788.0,0.8997,219.0,0.8998,2.0
1753600060772,07:07:40.772,gateio,AERO/USDT:USDT,0.8987,996.0,0.8986,1788.0,0.8997,219.0,0.8998,2.0
1753600061043,07:07:41.043,gateio,AERO/USDT:USDT,0.8987,996.0,0.8986,1788.0,0.8997,219.0,0.8998,2.0
1753600061684,07:07:41.684,gateio,AERO/USDT:USDT,0.8987,996.0,0.8986,1788.0,0.8997,219.0,0.8998,2.0
1753600062600,07:07:42.600,gateio,AERO/USDT:USDT,0.8987,996.0,0.8986,1788.0,0.8997,219.0,0.8998,2.0
1753600063637,07:07:43.637,gateio,AERO/USDT:USDT,0.8987,996.0,0.8986,1788.0,0.8997,219.0,0.8998,2.0
1753600063671,07:07:43.671,gateio,AERO/USDT:USDT,0.8987,996.0,0.8986,1788.0,0.8997,219.0,0.8998,2.0
1753600064571,07:07:44.571,gateio,AERO/USDT:USDT,0.8987,996.0,0.8986,1788.0,0.8997,219.0,0.8998,2.0
1753600064962,07:07:44.962,gateio,AERO/USDT:USDT,0.8987,996.0,0.8986,1788.0,0.8997,219.0,0.8998,2.0
1753600065634,07:07:45.634,gateio,AERO/USDT:USDT,0.8987,996.0,0.8986,1788.0,0.8997,219.0,0.8998,2.0
1753600065659,07:07:45.659,gateio,AERO/USDT:USDT,0.8987,996.0,0.8986,1788.0,0.8997,219.0,0.8998,2.0
1753600065843,07:07:45.843,gateio,AERO/USDT:USDT,0.8987,996.0,0.8986,1788.0,0.8997,219.0,0.8998,2.0
1753600065848,07:07:45.848,gateio,AERO/USDT:USDT,0.8987,996.0,0.8986,1788.0,0.8997,219.0,0.8998,2.0
1753600066003,07:07:46.003,gateio,AERO/USDT:USDT,0.8987,996.0,0.8986,1788.0,0.8997,219.0,0.8998,2.0
1753600069011,07:07:49.011,gateio,AERO/USDT:USDT,0.8987,996.0,0.8986,1788.0,0.8997,219.0,0.8998,2.0
1753600069051,07:07:49.051,gateio,AERO/USDT:USDT,0.8987,996.0,0.8986,1788.0,0.8997,219.0,0.8998,2.0
1753600069707,07:07:49.707,gateio,AERO/USDT:USDT,0.8987,996.0,0.8986,1788.0,0.8997,219.0,0.8998,2.0
1753600069943,07:07:49.943,gateio,AERO/USDT:USDT,0.8987,536.0,0.8986,1788.0,0.8997,219.0,0.8998,2.0
1753600069948,07:07:49.948,gateio,AERO/USDT:USDT,0.8987,536.0,0.8986,1788.0,0.8997,219.0,0.8998,2.0
1753600070644,07:07:50.644,gateio,AERO/USDT:USDT,0.8987,536.0,0.8986,1788.0,0.8997,219.0,0.8998,2.0
1753600071833,07:07:51.833,gateio,AERO/USDT:USDT,0.8987,536.0,0.8986,1788.0,0.8997,219.0,0.8998,2.0
1753600073053,07:07:53.053,gateio,AERO/USDT:USDT,0.8987,536.0,0.8986,1788.0,0.8997,219.0,0.8998,2.0
1753600075443,07:07:55.443,gateio,AERO/USDT:USDT,0.8987,536.0,0.8986,1788.0,0.8997,219.0,0.8998,2.0
1753600075446,07:07:55.446,gateio,AERO/USDT:USDT,0.8987,536.0,0.8986,1788.0,0.8997,219.0,0.8998,2.0
1753600077903,07:07:57.903,gateio,AERO/USDT:USDT,0.8987,536.0,0.8986,1788.0,0.8997,219.0,0.8998,2.0
1753600077960,07:07:57.960,gateio,AERO/USDT:USDT,0.8987,536.0,0.8986,1788.0,0.8997,219.0,0.8998,2.0
1753600078100,07:07:58.100,gateio,AERO/USDT:USDT,0.8987,536.0,0.8986,1788.0,0.8997,219.0,0.8998,2.0
1753600078212,07:07:58.212,gateio,AERO/USDT:USDT,0.8986,1788.0,0.8984,460.0,0.8997,219.0,0.8998,2.0
1753600078716,07:07:58.716,gateio,AERO/USDT:USDT,0.8986,1788.0,0.8984,460.0,0.8997,219.0,0.8998,2.0
1753600080244,07:08:00.244,gateio,AERO/USDT:USDT,0.8986,1788.0,0.8984,460.0,0.8997,219.0,0.8998,2.0
1753600081584,07:08:01.584,gateio,AERO/USDT:USDT,0.8986,1788.0,0.8984,460.0,0.8997,219.0,0.8998,2.0
1753600082638,07:08:02.638,gateio,AERO/USDT:USDT,0.8986,1788.0,0.8984,460.0,0.8997,219.0,0.8998,2.0
1753600082742,07:08:02.742,gateio,AERO/USDT:USDT,0.8984,460.0,0.8983,1789.0,0.8993,219.0,0.8997,219.0
1753600082840,07:08:02.840,gateio,AERO/USDT:USDT,0.8985,20.0,0.8984,460.0,0.8992,3.0,0.8997,219.0
1753600082939,07:08:02.939,gateio,AERO/USDT:USDT,0.8985,20.0,0.8984,537.0,0.8996,3.0,0.8997,219.0
1753600083030,07:08:03.030,gateio,AERO/USDT:USDT,0.8985,20.0,0.8984,537.0,0.8996,3.0,0.8997,219.0
1753600083048,07:08:03.048,gateio,AERO/USDT:USDT,0.8985,20.0,0.8984,537.0,0.8996,3.0,0.8997,219.0
1753600083239,07:08:03.239,gateio,AERO/USDT:USDT,0.8985,239.0,0.8984,537.0,0.8996,3.0,0.8998,2.0
1753600083281,07:08:03.281,gateio,AERO/USDT:USDT,0.8985,239.0,0.8984,537.0,0.8998,2.0,0.9001,3.0
1753600083388,07:08:03.388,gateio,AERO/USDT:USDT,0.8985,20.0,0.8984,756.0,0.8997,219.0,0.8998,2.0
1753600083541,07:08:03.541,gateio,AERO/USDT:USDT,0.8985,20.0,0.8984,756.0,0.8996,3.0,0.8997,219.0
1753600083660,07:08:03.660,gateio,AERO/USDT:USDT,0.8985,20.0,0.8984,756.0,0.8996,3.0,0.8997,219.0
1753600084008,07:08:04.008,gateio,AERO/USDT:USDT,0.8985,20.0,0.8984,756.0,0.8996,3.0,0.8997,219.0
1753600084063,07:08:04.063,gateio,AERO/USDT:USDT,0.8985,20.0,0.8984,756.0,0.8996,3.0,0.8997,219.0
1753600084328,07:08:04.328,gateio,AERO/USDT:USDT,0.8985,20.0,0.8984,537.0,0.8996,3.0,0.8997,219.0
1753600084701,07:08:04.701,gateio,AERO/USDT:USDT,0.8985,20.0,0.8984,756.0,0.8996,3.0,0.8997,219.0
1753600084748,07:08:04.748,gateio,AERO/USDT:USDT,0.8985,20.0,0.8984,756.0,0.8996,3.0,0.8997,219.0
1753600085044,07:08:05.044,gateio,AERO/USDT:USDT,0.8985,20.0,0.8984,756.0,0.8996,3.0,0.8997,219.0
1753600085425,07:08:05.425,gateio,AERO/USDT:USDT,0.8985,63.0,0.8984,756.0,0.8996,3.0,0.8997,219.0
1753600086126,07:08:06.126,gateio,AERO/USDT:USDT,0.8985,63.0,0.8984,756.0,0.8996,3.0,0.8997,219.0
1753600086709,07:08:06.709,gateio,AERO/USDT:USDT,0.8985,63.0,0.8984,756.0,0.8996,3.0,0.8997,219.0
1753600086947,07:08:06.947,gateio,AERO/USDT:USDT,0.8985,63.0,0.8984,756.0,0.8996,3.0,0.8997,219.0
1753600087626,07:08:07.626,gateio,AERO/USDT:USDT,0.8985,63.0,0.8984,537.0,0.8996,3.0,0.8997,219.0
1753600087901,07:08:07.901,gateio,AERO/USDT:USDT,0.8985,63.0,0.8984,756.0,0.8996,3.0,0.8997,219.0
1753600088249,07:08:08.249,gateio,AERO/USDT:USDT,0.8985,63.0,0.8984,756.0,0.8996,3.0,0.8997,219.0
1753600088356,07:08:08.356,gateio,AERO/USDT:USDT,0.8985,63.0,0.8984,1216.0,0.8996,3.0,0.8997,219.0
1753600088636,07:08:08.636,gateio,AERO/USDT:USDT,0.8985,523.0,0.8984,756.0,0.8996,3.0,0.8998,2.0
1753600088728,07:08:08.728,gateio,AERO/USDT:USDT,0.8985,523.0,0.8984,756.0,0.8998,2.0,0.9001,3.0
1753600088785,07:08:08.785,gateio,AERO/USDT:USDT,0.8986,460.0,0.8985,63.0,0.8998,2.0,0.9001,3.0
1753600088922,07:08:08.922,gateio,AERO/USDT:USDT,0.8988,219.0,0.8987,20.0,0.8998,2.0,0.9001,3.0
1753600089015,07:08:09.015,gateio,AERO/USDT:USDT,0.8989,20.0,0.8988,219.0,0.8998,2.0,0.9001,3.0
1753600089324,07:08:09.324,gateio,AERO/USDT:USDT,0.8989,20.0,0.8988,219.0,0.8998,2.0,0.9001,3.0
1753600089433,07:08:09.433,gateio,AERO/USDT:USDT,0.8989,20.0,0.8988,219.0,0.8998,2.0,0.9001,3.0
1753600089449,07:08:09.449,gateio,AERO/USDT:USDT,0.8989,20.0,0.8988,219.0,0.8998,2.0,0.9001,3.0
1753600089845,07:08:09.845,gateio,AERO/USDT:USDT,0.8989,20.0,0.8988,219.0,0.8998,2.0,0.9001,3.0
1753600089867,07:08:09.867,gateio,AERO/USDT:USDT,0.8989,20.0,0.8988,219.0,0.8998,2.0,0.9001,3.0
1753600090026,07:08:10.026,gateio,AERO/USDT:USDT,0.8989,20.0,0.8988,219.0,0.8998,2.0,0.9001,3.0
1753600090425,07:08:10.425,gateio,AERO/USDT:USDT,0.8989,20.0,0.8988,219.0,0.8998,2.0,0.9001,3.0
1753600090449,07:08:10.449,gateio,AERO/USDT:USDT,0.8989,20.0,0.8988,219.0,0.8998,2.0,0.9001,3.0
1753600090633,07:08:10.633,gateio,AERO/USDT:USDT,0.8989,20.0,0.8988,219.0,0.8998,2.0,0.9001,3.0
1753600091658,07:08:11.658,gateio,AERO/USDT:USDT,0.8989,20.0,0.8988,219.0,0.8998,2.0,0.9001,3.0
1753600091917,07:08:11.917,gateio,AERO/USDT:USDT,0.8989,20.0,0.8988,219.0,0.8998,2.0,0.9001,3.0
1753600094644,07:08:14.644,gateio,AERO/USDT:USDT,0.8989,20.0,0.8988,219.0,0.8998,2.0,0.9001,3.0
1753600094648,07:08:14.648,gateio,AERO/USDT:USDT,0.8989,20.0,0.8988,219.0,0.8998,2.0,0.9001,3.0
1753600095145,07:08:15.145,gateio,AERO/USDT:USDT,0.8989,20.0,0.8988,219.0,0.8998,2.0,0.9001,3.0
1753600095421,07:08:15.421,gateio,AERO/USDT:USDT,0.8989,63.0,0.8988,219.0,0.8998,2.0,0.9001,3.0
1753600096080,07:08:16.080,gateio,AERO/USDT:USDT,0.8989,63.0,0.8988,219.0,0.8998,2.0,0.9001,3.0
1753600096401,07:08:16.401,gateio,AERO/USDT:USDT,0.8989,63.0,0.8988,219.0,0.8998,2.0,0.9001,3.0
1753600099445,07:08:19.445,gateio,AERO/USDT:USDT,0.8989,63.0,0.8988,219.0,0.8998,2.0,0.9001,3.0
1753600100145,07:08:20.145,gateio,AERO/USDT:USDT,0.8989,63.0,0.8988,219.0,0.8998,2.0,0.9001,3.0
1753600100645,07:08:20.645,gateio,AERO/USDT:USDT,0.8989,63.0,0.8988,219.0,0.8998,2.0,0.9001,3.0
1753600100648,07:08:20.648,gateio,AERO/USDT:USDT,0.8989,63.0,0.8988,219.0,0.8998,2.0,0.9001,3.0
1753600101039,07:08:21.039,gateio,AERO/USDT:USDT,0.8989,63.0,0.8987,239.0,0.8998,2.0,0.9001,3.0
1753600101087,07:08:21.087,gateio,AERO/USDT:USDT,0.8989,43.0,0.8988,239.0,0.8998,2.0,0.9001,3.0
1753600102035,07:08:22.035,gateio,AERO/USDT:USDT,0.8989,43.0,0.8988,239.0,0.8998,2.0,0.9001,3.0
1753600102443,07:08:22.443,gateio,AERO/USDT:USDT,0.8989,43.0,0.8988,239.0,0.8998,2.0,0.9001,3.0
1753600102535,07:08:22.535,gateio,AERO/USDT:USDT,0.8989,43.0,0.8988,20.0,0.8998,2.0,0.9001,3.0
1753600102548,07:08:22.548,gateio,AERO/USDT:USDT,0.8989,43.0,0.8988,20.0,0.8998,2.0,0.9001,3.0
1753600102652,07:08:22.652,gateio,AERO/USDT:USDT,0.8989,43.0,0.8987,20.0,0.8998,2.0,0.9001,3.0
1753600104245,07:08:24.245,gateio,AERO/USDT:USDT,0.8989,43.0,0.8987,20.0,0.8998,2.0,0.9001,3.0
1753600105036,07:08:25.036,gateio,AERO/USDT:USDT,0.8989,43.0,0.8987,20.0,0.8998,2.0,0.9001,3.0
1753600109045,07:08:29.045,gateio,AERO/USDT:USDT,0.8989,43.0,0.8987,20.0,0.8998,2.0,0.9001,3.0
1753600110937,07:08:30.937,gateio,AERO/USDT:USDT,0.8989,43.0,0.8987,20.0,0.8998,2.0,0.9001,3.0
1753600113845,07:08:33.845,gateio,AERO/USDT:USDT,0.8989,43.0,0.8987,20.0,0.8998,2.0,0.9001,3.0
1753600114124,07:08:34.124,gateio,AERO/USDT:USDT,0.899,219.0,0.8989,43.0,0.8998,2.0,0.9001,3.0
1753600114152,07:08:34.152,gateio,AERO/USDT:USDT,0.8991,20.0,0.899,219.0,0.8998,2.0,0.9001,3.0
1753600114832,07:08:34.832,gateio,AERO/USDT:USDT,0.8991,20.0,0.8989,43.0,0.8998,2.0,0.9001,3.0
1753600114854,07:08:34.854,gateio,AERO/USDT:USDT,0.8989,43.0,0.8987,20.0,0.8998,2.0,0.9001,3.0
1753600118645,07:08:38.645,gateio,AERO/USDT:USDT,0.8989,43.0,0.8987,20.0,0.8998,2.0,0.9001,3.0
1753600118651,07:08:38.651,gateio,AERO/USDT:USDT,0.8989,43.0,0.8987,20.0,0.8998,2.0,0.9001,3.0
1753600120871,07:08:40.871,gateio,AERO/USDT:USDT,0.899,219.0,0.8989,43.0,0.8998,2.0,0.9001,3.0
1753600121017,07:08:41.017,gateio,AERO/USDT:USDT,0.8991,20.0,0.899,219.0,0.8998,2.0,0.9001,3.0
1753600121145,07:08:41.145,gateio,AERO/USDT:USDT,0.8991,20.0,0.899,219.0,0.8998,2.0,0.9001,3.0
1753600121224,07:08:41.224,gateio,AERO/USDT:USDT,0.8991,20.0,0.899,219.0,0.8998,2.0,0.9001,3.0
1753600122003,07:08:42.003,gateio,AERO/USDT:USDT,0.8991,20.0,0.899,219.0,0.8998,2.0,0.9001,3.0
1753600122254,07:08:42.254,gateio,AERO/USDT:USDT,0.8991,20.0,0.899,219.0,0.8998,2.0,0.9001,3.0
1753600123033,07:08:43.033,gateio,AERO/USDT:USDT,0.8991,20.0,0.899,219.0,0.8998,2.0,0.9001,3.0
1753600123217,07:08:43.217,gateio,AERO/USDT:USDT,0.8991,20.0,0.8989,43.0,0.8998,2.0,0.9001,3.0
1753600123257,07:08:43.257,gateio,AERO/USDT:USDT,0.8989,43.0,0.8987,20.0,0.8998,2.0,0.9001,3.0
1753600123444,07:08:43.444,gateio,AERO/USDT:USDT,0.8989,43.0,0.8987,20.0,0.8998,2.0,0.9001,3.0
1753600123514,07:08:43.514,gateio,AERO/USDT:USDT,0.899,219.0,0.8989,43.0,0.8998,2.0,0.9001,3.0
1753600123559,07:08:43.559,gateio,AERO/USDT:USDT,0.8991,20.0,0.899,219.0,0.8998,2.0,0.9001,3.0
1753600123733,07:08:43.733,gateio,AERO/USDT:USDT,0.8991,20.0,0.899,219.0,0.8998,2.0,0.9001,3.0
1753600123750,07:08:43.750,gateio,AERO/USDT:USDT,0.8991,20.0,0.899,219.0,0.8998,2.0,0.9001,3.0
1753600123929,07:08:43.929,gateio,AERO/USDT:USDT,0.8991,20.0,0.899,219.0,0.8998,2.0,0.9001,3.0
1753600124823,07:08:44.823,gateio,AERO/USDT:USDT,0.8991,16.0,0.8989,43.0,0.8998,2.0,0.9001,3.0
1753600124852,07:08:44.852,gateio,AERO/USDT:USDT,0.8989,43.0,0.8987,16.0,0.8998,2.0,0.9001,7.0
1753600125147,07:08:45.147,gateio,AERO/USDT:USDT,0.8989,43.0,0.8987,16.0,0.8998,2.0,0.9001,7.0
1753600126006,07:08:46.006,gateio,AERO/USDT:USDT,0.8989,43.0,0.8987,16.0,0.8998,2.0,0.9001,7.0
1753600127028,07:08:47.028,gateio,AERO/USDT:USDT,0.8989,43.0,0.8987,16.0,0.8998,2.0,0.9001,7.0
1753600128244,07:08:48.244,gateio,AERO/USDT:USDT,0.8989,43.0,0.8987,16.0,0.8998,2.0,0.9001,7.0
1753600128261,07:08:48.261,gateio,AERO/USDT:USDT,0.8989,43.0,0.8987,16.0,0.8998,2.0,0.9001,7.0
1753600130379,07:08:50.379,gateio,AERO/USDT:USDT,0.8989,43.0,0.8987,16.0,0.8998,2.0,0.9001,7.0
1753600130469,07:08:50.469,gateio,AERO/USDT:USDT,0.8989,43.0,0.8987,16.0,0.8998,2.0,0.9001,7.0
1753600130814,07:08:50.814,gateio,AERO/USDT:USDT,0.8989,43.0,0.8987,16.0,0.8998,2.0,0.9001,7.0
1753600131824,07:08:51.824,gateio,AERO/USDT:USDT,0.8989,43.0,0.8987,16.0,0.8998,2.0,0.9001,7.0
1753600132925,07:08:52.925,gateio,AERO/USDT:USDT,0.899,219.0,0.8989,43.0,0.8998,2.0,0.9001,7.0
1753600133044,07:08:53.044,gateio,AERO/USDT:USDT,0.8991,16.0,0.899,219.0,0.8998,2.0,0.9001,7.0
1753600133046,07:08:53.046,gateio,AERO/USDT:USDT,0.8991,16.0,0.899,219.0,0.8998,2.0,0.9001,7.0
1753600134073,07:08:54.073,gateio,AERO/USDT:USDT,0.8991,16.0,0.899,219.0,0.8998,2.0,0.9001,7.0
1753600134178,07:08:54.178,gateio,AERO/USDT:USDT,0.8991,16.0,0.899,219.0,0.8998,2.0,0.9001,7.0
1753600135425,07:08:55.425,gateio,AERO/USDT:USDT,0.8991,16.0,0.899,219.0,0.8998,2.0,0.9001,7.0
1753600136434,07:08:56.434,gateio,AERO/USDT:USDT,0.8991,16.0,0.899,219.0,0.8998,2.0,0.9001,7.0
1753600136528,07:08:56.528,gateio,AERO/USDT:USDT,0.8991,16.0,0.899,219.0,0.8998,2.0,0.9004,1.0
1753600137294,07:08:57.294,gateio,AERO/USDT:USDT,0.8991,16.0,0.899,219.0,0.8998,2.0,0.9004,1.0
1753600137846,07:08:57.846,gateio,AERO/USDT:USDT,0.8991,16.0,0.899,219.0,0.8998,2.0,0.9004,1.0
1753600137907,07:08:57.907,gateio,AERO/USDT:USDT,0.8991,16.0,0.899,219.0,0.8998,2.0,0.9004,1.0
1753600138224,07:08:58.224,gateio,AERO/USDT:USDT,0.8991,16.0,0.899,219.0,0.8998,2.0,0.9004,1.0
1753600138323,07:08:58.323,gateio,AERO/USDT:USDT,0.8991,16.0,0.899,219.0,0.8998,2.0,0.9004,1.0
1753600138492,07:08:58.492,gateio,AERO/USDT:USDT,0.8991,16.0,0.899,219.0,0.8998,2.0,0.9004,1.0
1753600139133,07:08:59.133,gateio,AERO/USDT:USDT,0.8991,16.0,0.899,219.0,0.8998,2.0,0.9004,1.0
1753600139835,07:08:59.835,gateio,AERO/USDT:USDT,0.8991,16.0,0.899,219.0,0.8998,2.0,0.9004,1.0
1753600140004,07:09:00.004,gateio,AERO/USDT:USDT,0.8991,16.0,0.899,219.0,0.8998,2.0,0.9004,1.0
1753600140132,07:09:00.132,gateio,AERO/USDT:USDT,0.8991,16.0,0.899,219.0,0.8998,2.0,0.9004,1.0
1753600140438,07:09:00.438,gateio,AERO/USDT:USDT,0.8991,59.0,0.899,219.0,0.8998,2.0,0.9004,1.0
1753600141348,07:09:01.348,gateio,AERO/USDT:USDT,0.8991,59.0,0.899,219.0,0.8998,2.0,0.9004,1.0
1753600142645,07:09:02.645,gateio,AERO/USDT:USDT,0.8991,59.0,0.899,219.0,0.8998,2.0,0.9004,1.0
1753600142646,07:09:02.646,gateio,AERO/USDT:USDT,0.8991,59.0,0.899,219.0,0.8998,2.0,0.9004,1.0
1753600143374,07:09:03.374,gateio,AERO/USDT:USDT,0.8991,59.0,0.899,219.0,0.8998,2.0,0.9004,1.0
1753600143681,07:09:03.681,gateio,AERO/USDT:USDT,0.8991,59.0,0.899,219.0,0.8998,2.0,0.9004,1.0
1753600147040,07:09:07.040,gateio,AERO/USDT:USDT,0.8991,59.0,0.899,219.0,0.8998,2.0,0.9004,1.0
1753600147125,07:09:07.125,gateio,AERO/USDT:USDT,0.8991,519.0,0.899,219.0,0.8998,2.0,0.9004,1.0
1753600147178,07:09:07.178,gateio,AERO/USDT:USDT,0.8991,519.0,0.899,219.0,0.8998,2.0,0.9004,1.0
1753600147445,07:09:07.445,gateio,AERO/USDT:USDT,0.8991,519.0,0.899,219.0,0.8998,2.0,0.9004,1.0
1753600147468,07:09:07.468,gateio,AERO/USDT:USDT,0.8991,519.0,0.899,219.0,0.8998,2.0,0.9004,1.0
1753600148003,07:09:08.003,gateio,AERO/USDT:USDT,0.8991,519.0,0.899,219.0,0.8998,2.0,0.9004,1.0
1753600148458,07:09:08.458,gateio,AERO/USDT:USDT,0.8991,519.0,0.899,219.0,0.8998,2.0,0.9004,1.0
1753600148668,07:09:08.668,gateio,AERO/USDT:USDT,0.8994,219.0,0.8991,519.0,0.8998,2.0,0.9004,1.0
1753600148768,07:09:08.768,gateio,AERO/USDT:USDT,0.8995,16.0,0.8994,219.0,0.8998,2.0,0.9004,1.0
1753600148894,07:09:08.894,gateio,AERO/USDT:USDT,0.8995,16.0,0.8994,219.0,0.8998,2.0,0.9004,1.0
1753600149038,07:09:09.038,gateio,AERO/USDT:USDT,0.8995,16.0,0.8994,219.0,0.8998,2.0,0.9004,1.0
1753600149075,07:09:09.075,gateio,AERO/USDT:USDT,0.8995,16.0,0.8994,219.0,0.8998,2.0,0.9004,1.0
1753600149628,07:09:09.628,gateio,AERO/USDT:USDT,0.8995,16.0,0.8994,219.0,0.8998,2.0,0.9004,1.0
1753600149719,07:09:09.719,gateio,AERO/USDT:USDT,0.8995,16.0,0.8992,687.0,0.8998,2.0,0.9004,1.0
1753600149752,07:09:09.752,gateio,AERO/USDT:USDT,0.8993,16.0,0.8992,687.0,0.8998,2.0,0.9004,1.0
1753600150249,07:09:10.249,gateio,AERO/USDT:USDT,0.8993,16.0,0.8992,687.0,0.8998,2.0,0.9004,1.0
1753600150421,07:09:10.421,gateio,AERO/USDT:USDT,0.8993,16.0,0.8992,687.0,0.8998,2.0,0.9004,1.0
1753600150755,07:09:10.755,gateio,AERO/USDT:USDT,0.8994,219.0,0.8993,16.0,0.8998,2.0,0.9004,1.0
1753600150864,07:09:10.864,gateio,AERO/USDT:USDT,0.8995,16.0,0.8994,219.0,0.8998,2.0,0.9004,1.0
1753600151030,07:09:11.030,gateio,AERO/USDT:USDT,0.8995,16.0,0.8992,687.0,0.8998,2.0,0.9004,1.0
1753600151132,07:09:11.132,gateio,AERO/USDT:USDT,0.8993,16.0,0.8992,687.0,0.8998,2.0,0.9004,1.0
1753600151148,07:09:11.148,gateio,AERO/USDT:USDT,0.8993,16.0,0.8992,687.0,0.8998,2.0,0.9004,1.0
1753600151319,07:09:11.319,gateio,AERO/USDT:USDT,0.8993,235.0,0.8992,687.0,0.8998,2.0,0.9004,1.0
1753600151405,07:09:11.405,gateio,AERO/USDT:USDT,0.8993,235.0,0.8992,687.0,0.8998,2.0,0.9004,1.0
1753600151545,07:09:11.545,gateio,AERO/USDT:USDT,0.8997,219.0,0.8993,235.0,0.8998,2.0,0.9004,1.0
1753600151597,07:09:11.597,gateio,AERO/USDT:USDT,0.8993,235.0,0.8992,687.0,0.8998,2.0,0.9004,1.0
1753600151688,07:09:11.688,gateio,AERO/USDT:USDT,0.8993,235.0,0.8992,687.0,0.8998,2.0,0.9004,1.0
1753600151808,07:09:11.808,gateio,AERO/USDT:USDT,0.8993,235.0,0.8992,687.0,0.8998,2.0,0.9004,1.0
1753600152337,07:09:12.337,gateio,AERO/USDT:USDT,0.8993,16.0,0.8992,687.0,0.8998,2.0,0.9004,1.0
1753600152368,07:09:12.368,gateio,AERO/USDT:USDT,0.8993,235.0,0.8992,687.0,0.8998,2.0,0.9004,1.0
1753600152508,07:09:12.508,gateio,AERO/USDT:USDT,0.8993,16.0,0.8992,687.0,0.8998,2.0,0.9004,1.0
1753600152568,07:09:12.568,gateio,AERO/USDT:USDT,0.8993,16.0,0.8992,687.0,0.8998,2.0,0.9004,1.0
1753600152837,07:09:12.837,gateio,AERO/USDT:USDT,0.8993,16.0,0.8992,687.0,0.8998,2.0,0.9004,1.0
1753600152920,07:09:12.920,gateio,AERO/USDT:USDT,0.8993,16.0,0.8992,687.0,0.8998,2.0,0.9004,1.0
1753600153012,07:09:13.012,gateio,AERO/USDT:USDT,0.8993,16.0,0.8992,687.0,0.8998,2.0,0.9004,1.0
1753600153081,07:09:13.081,gateio,AERO/USDT:USDT,0.8993,16.0,0.8992,687.0,0.8998,2.0,0.9004,1.0
1753600154004,07:09:14.004,gateio,AERO/USDT:USDT,0.8993,16.0,0.8992,687.0,0.8998,2.0,0.9004,1.0
1753600155428,07:09:15.428,gateio,AERO/USDT:USDT,0.8993,59.0,0.8992,687.0,0.8998,2.0,0.9004,1.0
1753600156691,07:09:16.691,gateio,AERO/USDT:USDT,0.8993,59.0,0.8992,687.0,0.8998,2.0,0.9004,1.0
1753600157045,07:09:17.045,gateio,AERO/USDT:USDT,0.8993,59.0,0.8992,687.0,0.8998,2.0,0.9004,1.0
1753600157046,07:09:17.046,gateio,AERO/USDT:USDT,0.8993,59.0,0.8992,687.0,0.8998,2.0,0.9004,1.0
1753600160783,07:09:20.783,gateio,AERO/USDT:USDT,0.8993,59.0,0.8992,687.0,0.8998,2.0,0.9004,1.0
1753600161561,07:09:21.561,gateio,AERO/USDT:USDT,0.8993,59.0,0.8992,687.0,0.8998,2.0,0.9004,1.0
1753600161846,07:09:21.846,gateio,AERO/USDT:USDT,0.8993,59.0,0.8992,687.0,0.8998,2.0,0.9004,1.0
1753600164724,07:09:24.724,gateio,AERO/USDT:USDT,0.8993,59.0,0.8992,687.0,0.8998,2.0,0.9004,1.0
1753600164828,07:09:24.828,gateio,AERO/USDT:USDT,0.8993,59.0,0.8992,687.0,0.8998,2.0,0.9004,1.0
1753600164928,07:09:24.928,gateio,AERO/USDT:USDT,0.8993,59.0,0.8992,687.0,0.8998,2.0,0.9004,1.0
1753600166645,07:09:26.645,gateio,AERO/USDT:USDT,0.8993,59.0,0.8992,687.0,0.8998,2.0,0.9004,1.0
1753600166646,07:09:26.646,gateio,AERO/USDT:USDT,0.8993,59.0,0.8992,687.0,0.8998,2.0,0.9004,1.0
1753600169235,07:09:29.235,gateio,AERO/USDT:USDT,0.8993,59.0,0.8992,687.0,0.8998,2.0,0.9004,1.0
1753600169330,07:09:29.330,gateio,AERO/USDT:USDT,0.8993,59.0,0.8992,687.0,0.8998,2.0,0.9004,1.0
1753600171445,07:09:31.445,gateio,AERO/USDT:USDT,0.8993,59.0,0.8992,687.0,0.8998,2.0,0.9004,1.0
1753600171468,07:09:31.468,gateio,AERO/USDT:USDT,0.8993,59.0,0.8992,687.0,0.8998,2.0,0.9004,1.0
1753600172918,07:09:32.918,gateio,AERO/USDT:USDT,0.8993,59.0,0.8992,687.0,0.8998,2.0,0.9004,1.0
1753600173034,07:09:33.034,gateio,AERO/USDT:USDT,0.8993,59.0,0.8992,687.0,0.8998,2.0,0.9004,1.0
1753600173088,07:09:33.088,gateio,AERO/USDT:USDT,0.8993,59.0,0.8992,687.0,0.8998,2.0,0.9004,1.0
1753600173931,07:09:33.931,gateio,AERO/USDT:USDT,0.8993,59.0,0.8992,687.0,0.8998,2.0,0.9004,1.0
1753600174584,07:09:34.584,gateio,AERO/USDT:USDT,0.8993,59.0,0.8992,687.0,0.8998,2.0,0.9004,1.0
1753600175026,07:09:35.026,gateio,AERO/USDT:USDT,0.8993,59.0,0.8992,687.0,0.8998,2.0,0.9004,1.0
1753600176247,07:09:36.247,gateio,AERO/USDT:USDT,0.8993,59.0,0.8992,687.0,0.8998,2.0,0.9004,1.0
1753600176668,07:09:36.668,gateio,AERO/USDT:USDT,0.8993,59.0,0.8992,687.0,0.8998,2.0,0.9004,1.0
1753600176788,07:09:36.788,gateio,AERO/USDT:USDT,0.8993,59.0,0.8992,687.0,0.8998,2.0,0.9004,1.0
1753600177007,07:09:37.007,gateio,AERO/USDT:USDT,0.8993,59.0,0.8992,687.0,0.8998,2.0,0.9004,1.0
1753600177391,07:09:37.391,gateio,AERO/USDT:USDT,0.8993,59.0,0.8992,687.0,0.8998,2.0,0.9004,1.0
1753600178982,07:09:38.982,gateio,AERO/USDT:USDT,0.8993,59.0,0.8992,687.0,0.8998,2.0,0.9004,1.0
1753600181047,07:09:41.047,gateio,AERO/USDT:USDT,0.8993,59.0,0.8992,687.0,0.8998,2.0,0.9004,1.0
1753600183452,07:09:43.452,gateio,AERO/USDT:USDT,0.8993,59.0,0.8992,687.0,0.8998,2.0,0.9004,1.0
1753600183731,07:09:43.731,gateio,AERO/USDT:USDT,0.8993,59.0,0.8992,687.0,0.8998,2.0,0.9004,1.0
1753600183844,07:09:43.844,gateio,AERO/USDT:USDT,0.8993,59.0,0.8992,687.0,0.8998,2.0,0.9004,1.0
1753600185787,07:09:45.787,gateio,AERO/USDT:USDT,0.8993,59.0,0.8992,687.0,0.8998,2.0,0.9004,1.0
1753600185847,07:09:45.847,gateio,AERO/USDT:USDT,0.8993,59.0,0.8992,687.0,0.8998,2.0,0.9004,1.0
1753600187004,07:09:47.004,gateio,AERO/USDT:USDT,0.8993,59.0,0.8992,687.0,0.8998,2.0,0.9004,1.0
1753600189008,07:09:49.008,gateio,AERO/USDT:USDT,0.8993,59.0,0.8992,687.0,0.8998,2.0,0.9004,1.0
1753600189501,07:09:49.501,gateio,AERO/USDT:USDT,0.8993,59.0,0.8992,687.0,0.8998,2.0,0.9004,1.0
1753600190668,07:09:50.668,gateio,AERO/USDT:USDT,0.8993,59.0,0.8992,687.0,0.8998,2.0,0.9004,1.0
1753600190945,07:09:50.945,gateio,AERO/USDT:USDT,0.8993,59.0,0.8992,687.0,0.8998,2.0,0.9004,1.0
1753600191005,07:09:51.005,gateio,AERO/USDT:USDT,0.8993,59.0,0.8992,687.0,0.8998,2.0,0.9004,1.0
1753600195448,07:09:55.448,gateio,AERO/USDT:USDT,0.8993,59.0,0.8992,687.0,0.8998,2.0,0.9004,1.0
1753600200268,07:10:00.268,gateio,AERO/USDT:USDT,0.8993,59.0,0.8992,687.0,0.8998,2.0,0.9004,1.0
1753600204094,07:10:04.094,gateio,AERO/USDT:USDT,0.8993,59.0,0.8992,687.0,0.8998,2.0,0.9004,1.0
1753600205047,07:10:05.047,gateio,AERO/USDT:USDT,0.8993,59.0,0.8992,687.0,0.8998,2.0,0.9004,1.0
1753600205813,07:10:05.813,gateio,AERO/USDT:USDT,0.8993,59.0,0.8992,687.0,0.8998,2.0,0.9004,1.0
1753600205900,07:10:05.900,gateio,AERO/USDT:USDT,0.8993,59.0,0.8992,687.0,0.8998,2.0,0.9004,1.0
1753600206306,07:10:06.306,gateio,AERO/USDT:USDT,0.8993,59.0,0.8992,687.0,0.8998,2.0,0.9004,1.0
1753600209848,07:10:09.848,gateio,AERO/USDT:USDT,0.8993,59.0,0.8992,687.0,0.8998,2.0,0.9004,1.0
1753600209966,07:10:09.966,gateio,AERO/USDT:USDT,0.8993,59.0,0.8992,687.0,0.8998,2.0,0.9004,1.0
1753600214650,07:10:14.650,gateio,AERO/USDT:USDT,0.8993,59.0,0.8992,687.0,0.8998,2.0,0.9004,1.0
1753600214760,07:10:14.760,gateio,AERO/USDT:USDT,0.8993,59.0,0.8992,687.0,0.8998,2.0,0.9004,1.0
1753600215432,07:10:15.432,gateio,AERO/USDT:USDT,0.8993,59.0,0.8992,687.0,0.8998,2.0,0.9004,1.0
1753600215471,07:10:15.471,gateio,AERO/USDT:USDT,0.8993,59.0,0.8991,460.0,0.8998,2.0,0.9004,1.0
1753600215628,07:10:15.628,gateio,AERO/USDT:USDT,0.8993,43.0,0.8992,16.0,0.8998,2.0,0.9004,1.0
1753600215652,07:10:15.652,gateio,AERO/USDT:USDT,0.8993,43.0,0.8992,8.0,0.8998,2.0,0.9004,1.0
1753600215752,07:10:15.752,gateio,AERO/USDT:USDT,0.8993,43.0,0.8992,16.0,0.8998,2.0,0.9004,1.0
1753600216240,07:10:16.240,gateio,AERO/USDT:USDT,0.8993,43.0,0.8992,16.0,0.8998,2.0,0.9004,1.0
1753600218992,07:10:18.992,gateio,AERO/USDT:USDT,0.8993,43.0,0.8992,16.0,0.8998,2.0,0.9004,1.0
1753600219909,07:10:19.909,gateio,AERO/USDT:USDT,0.8993,43.0,0.8992,16.0,0.8998,2.0,0.9004,1.0
1753600220581,07:10:20.581,gateio,AERO/USDT:USDT,0.8993,43.0,0.8992,16.0,0.8998,2.0,0.9004,1.0
1753600220821,07:10:20.821,gateio,AERO/USDT:USDT,0.8993,43.0,0.8992,16.0,0.8998,2.0,0.9004,1.0
1753600222039,07:10:22.039,gateio,AERO/USDT:USDT,0.8993,43.0,0.8992,16.0,0.8998,2.0,0.9004,1.0
1753600223654,07:10:23.654,gateio,AERO/USDT:USDT,0.8993,43.0,0.8992,16.0,0.8998,2.0,0.9004,1.0
1753600223882,07:10:23.882,gateio,AERO/USDT:USDT,0.8993,43.0,0.8992,16.0,0.8998,2.0,0.9004,1.0
1753600225377,07:10:25.377,gateio,AERO/USDT:USDT,0.8993,43.0,0.8992,16.0,0.8998,2.0,0.9004,1.0
1753600227292,07:10:27.292,gateio,AERO/USDT:USDT,0.8993,43.0,0.8992,16.0,0.8998,2.0,0.9004,1.0
1753600227433,07:10:27.433,gateio,AERO/USDT:USDT,0.8993,43.0,0.8992,16.0,0.8998,2.0,0.9004,1.0
1753600228469,07:10:28.469,gateio,AERO/USDT:USDT,0.8993,43.0,0.8992,16.0,0.8998,2.0,0.9004,1.0
1753600228580,07:10:28.580,gateio,AERO/USDT:USDT,0.8993,43.0,0.8992,16.0,0.8998,2.0,0.9004,1.0
1753600228751,07:10:28.751,gateio,AERO/USDT:USDT,0.8993,43.0,0.8992,16.0,0.8998,2.0,0.9004,1.0
1753600229619,07:10:29.619,gateio,AERO/USDT:USDT,0.8993,43.0,0.8992,16.0,0.8998,2.0,0.9004,1.0
1753600229709,07:10:29.709,gateio,AERO/USDT:USDT,0.8993,43.0,0.8992,16.0,0.8998,2.0,0.9004,1.0
1753600229972,07:10:29.972,gateio,AERO/USDT:USDT,0.8993,43.0,0.8992,16.0,0.8998,2.0,0.9004,1.0
1753600230539,07:10:30.539,gateio,AERO/USDT:USDT,0.8993,43.0,0.8992,16.0,0.8998,2.0,0.9004,1.0
1753600230619,07:10:30.619,gateio,AERO/USDT:USDT,0.8993,43.0,0.8992,16.0,0.8998,2.0,0.9004,1.0
1753600230742,07:10:30.742,gateio,AERO/USDT:USDT,0.8993,43.0,0.8992,16.0,0.8998,2.0,0.9004,1.0
1753600230838,07:10:30.838,gateio,AERO/USDT:USDT,0.8993,503.0,0.8992,16.0,0.8998,2.0,0.9004,1.0
1753600230929,07:10:30.929,gateio,AERO/USDT:USDT,0.8994,16.0,0.8993,503.0,0.8998,2.0,0.9004,1.0
1753600231015,07:10:31.015,gateio,AERO/USDT:USDT,0.8994,476.0,0.8993,43.0,0.8998,2.0,0.9004,1.0
1753600231163,07:10:31.163,gateio,AERO/USDT:USDT,0.8994,476.0,0.8993,43.0,0.8998,2.0,0.9004,1.0
1753600231347,07:10:31.347,gateio,AERO/USDT:USDT,0.8994,476.0,0.8993,43.0,0.8998,2.0,0.9004,1.0
1753600231567,07:10:31.567,gateio,AERO/USDT:USDT,0.8994,476.0,0.8993,43.0,0.8998,2.0,0.9004,1.0
1753600231970,07:10:31.970,gateio,AERO/USDT:USDT,0.8994,476.0,0.8993,43.0,0.8998,2.0,0.9004,1.0
1753600233267,07:10:33.267,gateio,AERO/USDT:USDT,0.8994,476.0,0.8993,43.0,0.8998,2.0,0.9004,1.0
1753600234368,07:10:34.368,gateio,AERO/USDT:USDT,0.8994,476.0,0.8993,43.0,0.8998,2.0,0.9004,1.0
1753600234726,07:10:34.726,gateio,AERO/USDT:USDT,0.8994,476.0,0.8993,43.0,0.8998,2.0,0.9004,1.0
1753600235424,07:10:35.424,gateio,AERO/USDT:USDT,0.8994,476.0,0.8991,755.0,0.8998,2.0,0.9004,1.0
1753600236541,07:10:36.541,gateio,AERO/USDT:USDT,0.8994,476.0,0.8991,755.0,0.8998,2.0,0.9004,1.0
1753600236548,07:10:36.548,gateio,AERO/USDT:USDT,0.8994,476.0,0.8991,985.0,0.8998,2.0,0.9004,1.0
1753600237877,07:10:37.877,gateio,AERO/USDT:USDT,0.8994,16.0,0.8991,766.0,0.8998,2.0,0.9004,1.0
1753600238035,07:10:38.035,gateio,AERO/USDT:USDT,0.8993,219.0,0.8992,16.0,0.8998,2.0,0.9004,1.0
1753600238069,07:10:38.069,gateio,AERO/USDT:USDT,0.8994,16.0,0.8991,985.0,0.8998,2.0,0.9004,1.0
1753600238240,07:10:38.240,gateio,AERO/USDT:USDT,0.8992,16.0,0.8991,985.0,0.8998,2.0,0.9004,1.0
1753600238326,07:10:38.326,gateio,AERO/USDT:USDT,0.8992,16.0,0.8991,985.0,0.8998,2.0,0.9004,1.0
1753600238502,07:10:38.502,gateio,AERO/USDT:USDT,0.8992,16.0,0.8991,985.0,0.8998,2.0,0.9004,1.0
1753600238711,07:10:38.711,gateio,AERO/USDT:USDT,0.8992,16.0,0.8991,985.0,0.8998,2.0,0.9004,1.0
1753600238754,07:10:38.754,gateio,AERO/USDT:USDT,0.8992,16.0,0.8991,985.0,0.8998,2.0,0.9004,1.0
1753600239040,07:10:39.040,gateio,AERO/USDT:USDT,0.8992,16.0,0.8991,766.0,0.8998,2.0,0.9004,1.0
1753600239119,07:10:39.119,gateio,AERO/USDT:USDT,0.8992,16.0,0.8991,536.0,0.8998,2.0,0.9004,1.0
1753600239220,07:10:39.220,gateio,AERO/USDT:USDT,0.8992,16.0,0.8991,536.0,0.8998,2.0,0.9004,1.0
1753600239296,07:10:39.296,gateio,AERO/USDT:USDT,0.8992,16.0,0.8991,536.0,0.8998,2.0,0.9004,1.0
1753600239433,07:10:39.433,gateio,AERO/USDT:USDT,0.8992,16.0,0.8991,536.0,0.8998,2.0,0.9004,1.0
1753600240426,07:10:40.426,gateio,AERO/USDT:USDT,0.8992,59.0,0.8991,536.0,0.8998,2.0,0.9004,1.0
1753600242039,07:10:42.039,gateio,AERO/USDT:USDT,0.8992,59.0,0.8991,536.0,0.8998,2.0,0.9004,1.0
1753600242048,07:10:42.048,gateio,AERO/USDT:USDT,0.8992,59.0,0.8991,536.0,0.8998,2.0,0.9004,1.0
1753600242236,07:10:42.236,gateio,AERO/USDT:USDT,0.8992,278.0,0.8991,536.0,0.8998,2.0,0.9004,1.0
1753600242254,07:10:42.254,gateio,AERO/USDT:USDT,0.8992,278.0,0.8991,536.0,0.8998,2.0,0.9004,1.0
1753600242392,07:10:42.392,gateio,AERO/USDT:USDT,0.8992,59.0,0.8991,755.0,0.8998,2.0,0.9004,1.0
1753600242596,07:10:42.596,gateio,AERO/USDT:USDT,0.8992,59.0,0.8991,755.0,0.8998,2.0,0.9004,1.0
1753600242745,07:10:42.745,gateio,AERO/USDT:USDT,0.8992,59.0,0.8991,536.0,0.8998,2.0,0.9004,1.0
1753600242746,07:10:42.746,gateio,AERO/USDT:USDT,0.8992,59.0,0.8991,536.0,0.8998,2.0,0.9004,1.0
1753600242857,07:10:42.857,gateio,AERO/USDT:USDT,0.8992,59.0,0.8991,536.0,0.8998,2.0,0.9004,1.0
1753600243140,07:10:43.140,gateio,AERO/USDT:USDT,0.8992,59.0,0.8991,536.0,0.8998,2.0,0.9004,1.0
1753600243242,07:10:43.242,gateio,AERO/USDT:USDT,0.8992,59.0,0.8991,536.0,0.8998,2.0,0.9004,1.0
1753600243410,07:10:43.410,gateio,AERO/USDT:USDT,0.8992,59.0,0.8991,536.0,0.8998,2.0,0.9004,1.0
1753600243828,07:10:43.828,gateio,AERO/USDT:USDT,0.8992,59.0,0.8991,536.0,0.8998,2.0,0.9004,1.0
1753600243912,07:10:43.912,gateio,AERO/USDT:USDT,0.8992,59.0,0.8991,536.0,0.8998,2.0,0.9004,1.0
1753600243946,07:10:43.946,gateio,AERO/USDT:USDT,0.8992,59.0,0.8991,536.0,0.8998,2.0,0.9004,1.0
1753600245068,07:10:45.068,gateio,AERO/USDT:USDT,0.8992,59.0,0.8991,536.0,0.8998,2.0,0.9004,1.0
1753600245144,07:10:45.144,gateio,AERO/USDT:USDT,0.8992,59.0,0.8991,536.0,0.8998,2.0,0.9004,1.0
1753600245259,07:10:45.259,gateio,AERO/USDT:USDT,0.8992,59.0,0.8991,536.0,0.8998,2.0,0.9004,1.0
1753600245694,07:10:45.694,gateio,AERO/USDT:USDT,0.8992,59.0,0.8991,536.0,0.8998,2.0,0.9004,1.0
1753600246195,07:10:46.195,gateio,AERO/USDT:USDT,0.8992,59.0,0.8991,536.0,0.8998,2.0,0.9004,1.0
1753600247736,07:10:47.736,gateio,AERO/USDT:USDT,0.8992,59.0,0.8991,536.0,0.8998,2.0,0.9004,1.0
1753600248008,07:10:48.008,gateio,AERO/USDT:USDT,0.8992,59.0,0.8991,536.0,0.8998,2.0,0.9004,1.0
1753600250275,07:10:50.275,gateio,AERO/USDT:USDT,0.8992,59.0,0.8991,536.0,0.8998,2.0,0.9004,1.0
1753600251433,07:10:51.433,gateio,AERO/USDT:USDT,0.8992,59.0,0.8991,536.0,0.8998,2.0,0.9004,1.0
1753600251506,07:10:51.506,gateio,AERO/USDT:USDT,0.8992,59.0,0.8991,536.0,0.8998,2.0,0.9004,1.0
1753600251758,07:10:51.758,gateio,AERO/USDT:USDT,0.8992,59.0,0.8991,536.0,0.8998,2.0,0.9004,1.0
1753600252456,07:10:52.456,gateio,AERO/USDT:USDT,0.8992,59.0,0.8991,536.0,0.8998,2.0,0.9004,1.0
1753600252741,07:10:52.741,gateio,AERO/USDT:USDT,0.8992,59.0,0.8991,536.0,0.8998,2.0,0.9004,1.0
1753600252911,07:10:52.911,gateio,AERO/USDT:USDT,0.8992,59.0,0.8991,536.0,0.8998,2.0,0.9004,1.0
1753600253081,07:10:53.081,gateio,AERO/USDT:USDT,0.8992,59.0,0.8991,536.0,0.8998,2.0,0.9004,1.0
1753600253592,07:10:53.592,gateio,AERO/USDT:USDT,0.8992,59.0,0.8991,536.0,0.8998,2.0,0.9004,1.0
1753600253694,07:10:53.694,gateio,AERO/USDT:USDT,0.8992,59.0,0.8991,536.0,0.8998,2.0,0.9004,1.0
1753600253783,07:10:53.783,gateio,AERO/USDT:USDT,0.8992,59.0,0.8991,536.0,0.8998,2.0,0.9004,1.0
1753600254003,07:10:54.003,gateio,AERO/USDT:USDT,0.8992,59.0,0.8991,536.0,0.8998,2.0,0.9004,1.0
1753600254057,07:10:54.057,gateio,AERO/USDT:USDT,0.8992,59.0,0.8991,536.0,0.8998,2.0,0.9004,1.0
1753600257145,07:10:57.145,gateio,AERO/USDT:USDT,0.8992,59.0,0.8991,536.0,0.8998,2.0,0.9004,1.0
1753600257179,07:10:57.179,gateio,AERO/USDT:USDT,0.8992,510.0,0.8991,536.0,0.8998,2.0,0.9004,1.0
1753600257256,07:10:57.256,gateio,AERO/USDT:USDT,0.8992,510.0,0.8991,536.0,0.8998,2.0,0.9004,1.0
1753600257442,07:10:57.442,gateio,AERO/USDT:USDT,0.8993,451.0,0.8992,59.0,0.8998,2.0,0.9004,1.0
1753600257542,07:10:57.542,gateio,AERO/USDT:USDT,0.8995,1785.0,0.8994,16.0,0.8998,2.0,0.9004,1.0
1753600257598,07:10:57.598,gateio,AERO/USDT:USDT,0.8996,552.0,0.8995,1785.0,0.8998,2.0,0.9004,1.0
1753600257728,07:10:57.728,gateio,AERO/USDT:USDT,0.8996,536.0,0.8995,1785.0,0.8998,2.0,0.9004,1.0
1753600257753,07:10:57.753,gateio,AERO/USDT:USDT,0.8996,536.0,0.8995,1785.0,0.8998,2.0,0.9004,1.0
1753600258011,07:10:58.011,gateio,AERO/USDT:USDT,0.8996,536.0,0.8995,1785.0,0.8998,2.0,0.9004,1.0
1753600259254,07:10:59.254,gateio,AERO/USDT:USDT,0.8996,536.0,0.8995,1785.0,0.8998,2.0,0.9004,1.0
1753600259538,07:10:59.538,gateio,AERO/USDT:USDT,0.8996,536.0,0.8995,1785.0,0.8998,2.0,0.9004,1.0
1753600260008,07:11:00.008,gateio,AERO/USDT:USDT,0.8996,536.0,0.8995,1785.0,0.8998,2.0,0.9004,1.0
1753600260483,07:11:00.483,gateio,AERO/USDT:USDT,0.8996,579.0,0.8995,1785.0,0.8998,2.0,0.9004,1.0
1753600260746,07:11:00.746,gateio,AERO/USDT:USDT,0.8996,579.0,0.8995,1785.0,0.8998,2.0,0.9004,1.0
1753600260746,07:11:00.746,gateio,AERO/USDT:USDT,0.8996,579.0,0.8995,1785.0,0.8998,2.0,0.9004,1.0
1753600261003,07:11:01.003,gateio,AERO/USDT:USDT,0.8996,579.0,0.8995,1785.0,0.8998,2.0,0.9004,1.0
1753600262057,07:11:02.057,gateio,AERO/USDT:USDT,0.8996,579.0,0.8995,1785.0,0.8998,2.0,0.9004,1.0
1753600262475,07:11:02.475,gateio,AERO/USDT:USDT,0.8996,579.0,0.8995,1785.0,0.8998,2.0,0.9004,1.0
1753600263747,07:11:03.747,gateio,AERO/USDT:USDT,0.8996,579.0,0.8995,1785.0,0.8998,2.0,0.9004,1.0
1753600264448,07:11:04.448,gateio,AERO/USDT:USDT,0.8996,579.0,0.8995,1785.0,0.8998,2.0,0.9004,1.0
1753600266868,07:11:06.868,gateio,AERO/USDT:USDT,0.8996,579.0,0.8995,1785.0,0.8998,2.0,0.9004,1.0
1753600267003,07:11:07.003,gateio,AERO/USDT:USDT,0.8996,579.0,0.8995,1785.0,0.8998,2.0,0.9004,1.0
1753600268979,07:11:08.979,gateio,AERO/USDT:USDT,0.8996,579.0,0.8995,1785.0,0.8998,2.0,0.9004,1.0
1753600269488,07:11:09.488,gateio,AERO/USDT:USDT,0.8996,579.0,0.8995,1785.0,0.8998,2.0,0.9004,1.0
1753600270280,07:11:10.280,gateio,AERO/USDT:USDT,0.8996,579.0,0.8995,1785.0,0.8998,2.0,0.9004,1.0
1753600270401,07:11:10.401,gateio,AERO/USDT:USDT,0.8996,579.0,0.8995,1785.0,0.8998,2.0,0.9004,1.0
1753600271004,07:11:11.004,gateio,AERO/USDT:USDT,0.8996,579.0,0.8995,1785.0,0.8998,2.0,0.9004,1.0
1753600271656,07:11:11.656,gateio,AERO/USDT:USDT,0.8996,579.0,0.8995,1785.0,0.8998,2.0,0.9004,1.0
1753600271920,07:11:11.920,gateio,AERO/USDT:USDT,0.8996,579.0,0.8995,1785.0,0.8998,2.0,0.9004,1.0
1753600272029,07:11:12.029,gateio,AERO/USDT:USDT,0.8996,579.0,0.8995,1785.0,0.8998,2.0,0.9004,1.0
1753600272102,07:11:12.102,gateio,AERO/USDT:USDT,0.8996,579.0,0.8995,1785.0,0.8998,2.0,0.9004,1.0
1753600274446,07:11:14.446,gateio,AERO/USDT:USDT,0.8996,579.0,0.8995,1785.0,0.8998,2.0,0.9004,1.0
1753600276508,07:11:16.508,gateio,AERO/USDT:USDT,0.8996,579.0,0.8995,1785.0,0.8998,2.0,0.9004,1.0
1753600278638,07:11:18.638,gateio,AERO/USDT:USDT,0.8996,579.0,0.8995,1785.0,0.8998,2.0,0.9004,1.0
1753600278745,07:11:18.745,gateio,AERO/USDT:USDT,0.8996,579.0,0.8995,1785.0,0.8998,2.0,0.9004,1.0
1753600278753,07:11:18.753,gateio,AERO/USDT:USDT,0.8996,579.0,0.8995,1785.0,0.8998,2.0,0.9004,1.0
1753600279612,07:11:19.612,gateio,AERO/USDT:USDT,0.8996,579.0,0.8995,1785.0,0.8998,2.0,0.9004,1.0
1753600280510,07:11:20.510,gateio,AERO/USDT:USDT,0.8996,579.0,0.8995,1785.0,0.8998,2.0,0.9004,1.0
1753600280884,07:11:20.884,gateio,AERO/USDT:USDT,0.8997,1784.0,0.8996,43.0,0.8998,2.0,0.9004,1.0
1753600281003,07:11:21.003,gateio,AERO/USDT:USDT,0.8997,1784.0,0.8996,43.0,0.8998,2.0,0.9004,1.0
1753600281256,07:11:21.256,gateio,AERO/USDT:USDT,0.8997,1784.0,0.8996,43.0,0.8998,2.0,0.9004,1.0
1753600282989,07:11:22.989,gateio,AERO/USDT:USDT,0.8997,1784.0,0.8996,43.0,0.8998,2.0,0.9004,1.0
1753600283435,07:11:23.435,gateio,AERO/USDT:USDT,0.8997,1784.0,0.8996,43.0,0.8998,2.0,0.9004,1.0
1753600283521,07:11:23.521,gateio,AERO/USDT:USDT,0.8997,1784.0,0.8996,43.0,0.8998,2.0,0.9004,1.0
1753600283888,07:11:23.888,gateio,AERO/USDT:USDT,0.8997,1784.0,0.8996,43.0,0.8998,2.0,0.9004,1.0
1753600283959,07:11:23.959,gateio,AERO/USDT:USDT,0.8997,1784.0,0.8996,43.0,0.8998,2.0,0.9004,1.0
1753600284115,07:11:24.115,gateio,AERO/USDT:USDT,0.8997,1784.0,0.8996,43.0,0.8998,2.0,0.9004,1.0
1753600284286,07:11:24.286,gateio,AERO/USDT:USDT,0.8997,1784.0,0.8996,43.0,0.8998,2.0,0.9004,1.0
1753600284357,07:11:24.357,gateio,AERO/USDT:USDT,0.8997,1784.0,0.8996,43.0,0.8998,2.0,0.9004,1.0
1753600284536,07:11:24.536,gateio,AERO/USDT:USDT,0.8997,1784.0,0.8996,43.0,0.8998,2.0,0.9004,1.0
1753600285430,07:11:25.430,gateio,AERO/USDT:USDT,0.8997,1784.0,0.8995,16.0,0.8998,2.0,0.9004,1.0
1753600285752,07:11:25.752,gateio,AERO/USDT:USDT,0.8997,1784.0,0.8995,16.0,0.8998,2.0,0.9004,1.0
1753600286006,07:11:26.006,gateio,AERO/USDT:USDT,0.8997,1784.0,0.8995,16.0,0.8998,2.0,0.9004,1.0
1753600286069,07:11:26.069,gateio,AERO/USDT:USDT,0.8997,1784.0,0.8995,16.0,0.8998,2.0,0.9004,1.0
1753600287667,07:11:27.667,gateio,AERO/USDT:USDT,0.8997,1784.0,0.8995,16.0,0.8998,2.0,0.9004,1.0
1753600287759,07:11:27.759,gateio,AERO/USDT:USDT,0.8997,1784.0,0.8994,16.0,0.8998,2.0,0.9004,1.0
1753600287917,07:11:27.917,gateio,AERO/USDT:USDT,0.8995,1783.0,0.8994,16.0,0.8998,2.0,0.9004,1.0
1753600288009,07:11:28.009,gateio,AERO/USDT:USDT,0.8995,1783.0,0.8994,16.0,0.8998,2.0,0.9004,1.0
1753600288094,07:11:28.094,gateio,AERO/USDT:USDT,0.8996,16.0,0.8995,1783.0,0.8998,2.0,0.9004,1.0
1753600288330,07:11:28.330,gateio,AERO/USDT:USDT,0.8996,16.0,0.8995,1783.0,0.8998,2.0,0.9004,1.0
1753600288418,07:11:28.418,gateio,AERO/USDT:USDT,0.8996,551.0,0.8995,1783.0,0.8998,2.0,0.9004,1.0
1753600288488,07:11:28.488,gateio,AERO/USDT:USDT,0.8996,535.0,0.8995,1783.0,0.8998,2.0,0.9004,1.0
1753600288606,07:11:28.606,gateio,AERO/USDT:USDT,0.8996,535.0,0.8995,1783.0,0.8998,2.0,0.9004,1.0
1753600290037,07:11:30.037,gateio,AERO/USDT:USDT,0.8996,535.0,0.8995,1783.0,0.8998,2.0,0.9004,1.0
1753600290209,07:11:30.209,gateio,AERO/USDT:USDT,0.8996,535.0,0.8995,1783.0,0.8998,2.0,0.9004,1.0
1753600290311,07:11:30.311,gateio,AERO/USDT:USDT,0.8996,535.0,0.8995,1783.0,0.8998,2.0,0.9004,1.0
1753600290435,07:11:30.435,gateio,AERO/USDT:USDT,0.8996,578.0,0.8995,1783.0,0.8998,2.0,0.9004,1.0
1753600290882,07:11:30.882,gateio,AERO/USDT:USDT,0.8996,578.0,0.8995,1783.0,0.8998,2.0,0.9004,1.0
1753600290969,07:11:30.969,gateio,AERO/USDT:USDT,0.8996,578.0,0.8995,1783.0,0.8998,2.0,0.9004,1.0
1753600292192,07:11:32.192,gateio,AERO/USDT:USDT,0.8996,578.0,0.8995,1783.0,0.8998,2.0,0.9004,1.0
1753600292629,07:11:32.629,gateio,AERO/USDT:USDT,0.8996,578.0,0.8995,1783.0,0.8998,2.0,0.9004,1.0
1753600295668,07:11:35.668,gateio,AERO/USDT:USDT,0.8996,578.0,0.8995,1783.0,0.8998,2.0,0.9004,1.0
1753600296220,07:11:36.220,gateio,AERO/USDT:USDT,0.8996,43.0,0.8995,1783.0,0.8998,2.0,0.9004,1.0
1753600296279,07:11:36.279,gateio,AERO/USDT:USDT,0.8996,59.0,0.8995,1783.0,0.8998,2.0,0.9004,1.0
1753600296663,07:11:36.663,gateio,AERO/USDT:USDT,0.8996,59.0,0.8995,1783.0,0.8998,2.0,0.9004,1.0
1753600299531,07:11:39.531,gateio,AERO/USDT:USDT,0.8996,59.0,0.8995,1783.0,0.8998,2.0,0.9004,1.0
1753600299944,07:11:39.944,gateio,AERO/USDT:USDT,0.8996,59.0,0.8995,1783.0,0.8998,2.0,0.9004,1.0
1753600300312,07:11:40.312,gateio,AERO/USDT:USDT,0.8996,59.0,0.8995,1783.0,0.8998,2.0,0.9004,1.0
1753600300457,07:11:40.457,gateio,AERO/USDT:USDT,0.8996,59.0,0.8995,1783.0,0.8998,2.0,0.9004,1.0
1753600300828,07:11:40.828,gateio,AERO/USDT:USDT,0.8996,59.0,0.8995,1783.0,0.8998,2.0,0.9004,1.0
1753600301162,07:11:41.162,gateio,AERO/USDT:USDT,0.8996,59.0,0.8995,1783.0,0.8998,2.0,0.9004,1.0
1753600303619,07:11:43.619,gateio,AERO/USDT:USDT,0.8996,59.0,0.8995,1783.0,0.8998,2.0,0.9004,1.0
1753600303928,07:11:43.928,gateio,AERO/USDT:USDT,0.8996,59.0,0.8995,1783.0,0.8998,2.0,0.9004,1.0
1753600304020,07:11:44.020,gateio,AERO/USDT:USDT,0.8996,59.0,0.8995,1783.0,0.8998,2.0,0.9004,1.0
1753600304445,07:11:44.445,gateio,AERO/USDT:USDT,0.8996,59.0,0.8995,1783.0,0.8998,2.0,0.9004,1.0
1753600305268,07:11:45.268,gateio,AERO/USDT:USDT,0.8996,594.0,0.8995,1783.0,0.8998,2.0,0.9004,1.0
1753600305351,07:11:45.351,gateio,AERO/USDT:USDT,0.8996,578.0,0.8995,1783.0,0.8998,2.0,0.9004,1.0
1753600305685,07:11:45.685,gateio,AERO/USDT:USDT,0.8996,578.0,0.8995,1783.0,0.8998,2.0,0.9004,1.0
1753600305945,07:11:45.945,gateio,AERO/USDT:USDT,0.8996,578.0,0.8995,1783.0,0.8998,2.0,0.9004,1.0
1753600306012,07:11:46.012,gateio,AERO/USDT:USDT,0.8996,43.0,0.8995,1783.0,0.8998,2.0,0.9004,1.0
1753600306085,07:11:46.085,gateio,AERO/USDT:USDT,0.8996,59.0,0.8995,1783.0,0.8998,2.0,0.9004,1.0
1753600306639,07:11:46.639,gateio,AERO/USDT:USDT,0.8996,59.0,0.8994,670.0,0.8998,2.0,0.9004,1.0
1753600306652,07:11:46.652,gateio,AERO/USDT:USDT,0.8996,43.0,0.8995,16.0,0.8998,2.0,0.9004,1.0
1753600306764,07:11:46.764,gateio,AERO/USDT:USDT,0.8996,43.0,0.8995,16.0,0.8998,2.0,0.9004,1.0
1753600307296,07:11:47.296,gateio,AERO/USDT:USDT,0.8996,43.0,0.8995,16.0,0.8998,2.0,0.9004,1.0
1753600308534,07:11:48.534,gateio,AERO/USDT:USDT,0.8996,43.0,0.8995,16.0,0.8998,2.0,0.9004,1.0
1753600309214,07:11:49.214,gateio,AERO/USDT:USDT,0.8996,43.0,0.8995,16.0,0.8998,2.0,0.9004,1.0
1753600309523,07:11:49.523,gateio,AERO/USDT:USDT,0.8996,43.0,0.8995,16.0,0.8998,2.0,0.9004,1.0
1753600310057,07:11:50.057,gateio,AERO/USDT:USDT,0.8996,43.0,0.8995,16.0,0.8998,2.0,0.9004,1.0
1753600312771,07:11:52.771,gateio,AERO/USDT:USDT,0.8996,43.0,0.8995,16.0,0.8998,2.0,0.9004,1.0
1753600314857,07:11:54.857,gateio,AERO/USDT:USDT,0.8996,43.0,0.8995,16.0,0.8998,2.0,0.9004,1.0
1753600319659,07:11:59.659,gateio,AERO/USDT:USDT,0.8996,43.0,0.8995,16.0,0.8998,2.0,0.9004,1.0
1753600322514,07:12:02.514,gateio,AERO/USDT:USDT,0.8996,43.0,0.8995,16.0,0.8998,2.0,0.9004,1.0
1753600324231,07:12:04.231,gateio,AERO/USDT:USDT,0.8996,43.0,0.8995,16.0,0.8998,2.0,0.9004,1.0
1753600324320,07:12:04.320,gateio,AERO/USDT:USDT,0.8996,43.0,0.8995,16.0,0.8998,2.0,0.9004,1.0
1753600324457,07:12:04.457,gateio,AERO/USDT:USDT,0.8996,43.0,0.8995,16.0,0.8998,2.0,0.9004,1.0
1753600327417,07:12:07.417,gateio,AERO/USDT:USDT,0.8996,43.0,0.8995,16.0,0.8998,2.0,0.9004,1.0
1753600328011,07:12:08.011,gateio,AERO/USDT:USDT,0.8996,43.0,0.8995,16.0,0.8998,2.0,0.9004,1.0
1753600329268,07:12:09.268,gateio,AERO/USDT:USDT,0.8996,43.0,0.8995,16.0,0.8998,2.0,0.9004,1.0
1753600334072,07:12:14.072,gateio,AERO/USDT:USDT,0.8996,43.0,0.8995,16.0,0.8998,2.0,0.9004,1.0
1753600337551,07:12:17.551,gateio,AERO/USDT:USDT,0.8996,43.0,0.8995,16.0,0.8998,2.0,0.9004,1.0
1753600337661,07:12:17.661,gateio,AERO/USDT:USDT,0.8996,43.0,0.8995,16.0,0.8998,2.0,0.9004,1.0
1753600338858,07:12:18.858,gateio,AERO/USDT:USDT,0.8996,43.0,0.8995,16.0,0.8998,2.0,0.9004,1.0
1753600343668,07:12:23.668,gateio,AERO/USDT:USDT,0.8996,43.0,0.8995,16.0,0.8998,2.0,0.9004,1.0
1753600345591,07:12:25.591,gateio,AERO/USDT:USDT,0.8996,43.0,0.8995,16.0,0.8998,2.0,0.9004,1.0
1753600347373,07:12:27.373,gateio,AERO/USDT:USDT,0.8996,43.0,0.8995,16.0,0.8998,2.0,0.9004,1.0
1753600348458,07:12:28.458,gateio,AERO/USDT:USDT,0.8996,43.0,0.8995,16.0,0.8998,2.0,0.9004,1.0
1753600351835,07:12:31.835,gateio,AERO/USDT:USDT,0.8996,43.0,0.8995,16.0,0.8998,2.0,0.9004,1.0
1753600352841,07:12:32.841,gateio,AERO/USDT:USDT,0.8996,43.0,0.8995,16.0,0.8998,2.0,0.9004,1.0
1753600352943,07:12:32.943,gateio,AERO/USDT:USDT,0.8996,43.0,0.8995,16.0,0.8998,2.0,0.9004,1.0
1753600353007,07:12:33.007,gateio,AERO/USDT:USDT,0.8996,43.0,0.8995,16.0,0.8998,2.0,0.9004,1.0
1753600353258,07:12:33.258,gateio,AERO/USDT:USDT,0.8996,43.0,0.8995,16.0,0.8998,2.0,0.9004,1.0
1753600356003,07:12:36.003,gateio,AERO/USDT:USDT,0.8996,43.0,0.8995,16.0,0.8998,2.0,0.9004,1.0
1753600357058,07:12:37.058,gateio,AERO/USDT:USDT,0.8996,43.0,0.8995,16.0,0.8998,2.0,0.9004,1.0
1753600357682,07:12:37.682,gateio,AERO/USDT:USDT,0.8996,43.0,0.8995,16.0,0.8998,2.0,0.9004,1.0
1753600358060,07:12:38.060,gateio,AERO/USDT:USDT,0.8996,43.0,0.8995,16.0,0.8998,2.0,0.9004,1.0
1753600361239,07:12:41.239,gateio,AERO/USDT:USDT,0.8996,43.0,0.8995,16.0,0.8998,2.0,0.9004,1.0
1753600361307,07:12:41.307,gateio,AERO/USDT:USDT,0.8996,43.0,0.8995,16.0,0.8998,2.0,0.9004,1.0
1753600361351,07:12:41.351,gateio,AERO/USDT:USDT,0.8996,43.0,0.8994,670.0,0.8998,2.0,0.9004,1.0
1753600361453,07:12:41.453,gateio,AERO/USDT:USDT,0.8996,43.0,0.8995,16.0,0.8998,2.0,0.9004,1.0
1753600362889,07:12:42.889,gateio,AERO/USDT:USDT,0.8996,43.0,0.8995,16.0,0.8998,2.0,0.9004,1.0
1753600363734,07:12:43.734,gateio,AERO/USDT:USDT,0.8996,43.0,0.8995,16.0,0.8998,2.0,0.9004,1.0
1753600364036,07:12:44.036,gateio,AERO/USDT:USDT,0.8996,43.0,0.8995,16.0,0.8998,2.0,0.9004,1.0
1753600364085,07:12:44.085,gateio,AERO/USDT:USDT,0.8996,43.0,0.8995,16.0,0.8998,2.0,0.9004,1.0
1753600366769,07:12:46.769,gateio,AERO/USDT:USDT,0.8996,43.0,0.8995,16.0,0.8998,2.0,0.9004,1.0
1753600366871,07:12:46.871,gateio,AERO/USDT:USDT,0.8996,43.0,0.8994,16.0,0.8998,2.0,0.9004,1.0
1753600367603,07:12:47.603,gateio,AERO/USDT:USDT,0.8996,43.0,0.8994,16.0,0.8998,2.0,0.9004,1.0
1753600369756,07:12:49.756,gateio,AERO/USDT:USDT,0.8996,43.0,0.8994,16.0,0.8998,2.0,0.9004,1.0
1753600371035,07:12:51.035,gateio,AERO/USDT:USDT,0.8996,43.0,0.8994,16.0,0.8998,2.0,0.9004,1.0
1753600371048,07:12:51.048,gateio,AERO/USDT:USDT,0.8996,43.0,0.8994,16.0,0.8998,2.0,0.9004,1.0
1753600371785,07:12:51.785,gateio,AERO/USDT:USDT,0.8996,43.0,0.8994,16.0,0.8998,2.0,0.9004,1.0
1753600371918,07:12:51.918,gateio,AERO/USDT:USDT,0.8996,43.0,0.8994,16.0,0.8998,2.0,0.9004,1.0
1753600372220,07:12:52.220,gateio,AERO/USDT:USDT,0.8996,43.0,0.8994,16.0,0.8998,2.0,0.9004,1.0
1753600372740,07:12:52.740,gateio,AERO/USDT:USDT,0.8996,43.0,0.8994,16.0,0.8998,2.0,0.9004,1.0
1753600372814,07:12:52.814,gateio,AERO/USDT:USDT,0.8996,43.0,0.8994,16.0,0.8998,2.0,0.9004,1.0
1753600372912,07:12:52.912,gateio,AERO/USDT:USDT,0.8996,43.0,0.8994,16.0,0.8998,2.0,0.9004,1.0
1753600373007,07:12:53.007,gateio,AERO/USDT:USDT,0.8996,43.0,0.8994,16.0,0.8998,2.0,0.9004,1.0
1753600373144,07:12:53.144,gateio,AERO/USDT:USDT,0.8996,796.0,0.8995,1780.0,0.9004,1.0,0.9007,7.0
1753600373228,07:12:53.228,gateio,AERO/USDT:USDT,0.8996,577.0,0.8995,1780.0,0.9004,1.0,0.9007,7.0
1753600373344,07:12:53.344,gateio,AERO/USDT:USDT,0.8997,16.0,0.8996,577.0,0.9003,7.0,0.9004,1.0
1753600373408,07:12:53.408,gateio,AERO/USDT:USDT,0.8997,255.0,0.8996,796.0,0.9003,7.0,0.9004,1.0
1753600373499,07:12:53.499,gateio,AERO/USDT:USDT,0.8997,255.0,0.8996,796.0,0.9003,7.0,0.9004,1.0
1753600373642,07:12:53.642,gateio,AERO/USDT:USDT,0.8997,16.0,0.8996,796.0,0.9003,7.0,0.9004,1.0
1753600373648,07:12:53.648,gateio,AERO/USDT:USDT,0.8997,255.0,0.8996,796.0,0.9003,7.0,0.9004,1.0
1753600373787,07:12:53.787,gateio,AERO/USDT:USDT,0.8997,16.0,0.8996,577.0,0.9003,7.0,0.9004,1.0
1753600373889,07:12:53.889,gateio,AERO/USDT:USDT,0.8997,255.0,0.8996,796.0,0.9003,7.0,0.9004,1.0
1753600374004,07:12:54.004,gateio,AERO/USDT:USDT,0.8997,255.0,0.8996,796.0,0.9003,7.0,0.9004,1.0
1753600375012,07:12:55.012,gateio,AERO/USDT:USDT,0.8997,16.0,0.8996,577.0,0.9003,7.0,0.9004,1.0
1753600375079,07:12:55.079,gateio,AERO/USDT:USDT,0.8997,16.0,0.8996,43.0,0.9003,7.0,0.9004,1.0
1753600375229,07:12:55.229,gateio,AERO/USDT:USDT,0.8997,563.0,0.8996,1822.0,0.9003,7.0,0.9004,1.0
1753600375248,07:12:55.248,gateio,AERO/USDT:USDT,0.8997,563.0,0.8996,1822.0,0.9003,7.0,0.9004,1.0
1753600375426,07:12:55.426,gateio,AERO/USDT:USDT,0.8997,563.0,0.8996,1779.0,0.9003,7.0,0.9004,1.0
1753600376008,07:12:56.008,gateio,AERO/USDT:USDT,0.8997,563.0,0.8996,1779.0,0.9003,7.0,0.9004,1.0
1753600377234,07:12:57.234,gateio,AERO/USDT:USDT,0.8997,563.0,0.8996,1779.0,0.9003,7.0,0.9004,1.0
1753600377294,07:12:57.294,gateio,AERO/USDT:USDT,0.8997,563.0,0.8996,1779.0,0.9003,7.0,0.9004,1.0
1753600377444,07:12:57.444,gateio,AERO/USDT:USDT,0.8997,563.0,0.8996,1779.0,0.9003,7.0,0.9004,1.0
1753600377849,07:12:57.849,gateio,AERO/USDT:USDT,0.8997,563.0,0.8996,1779.0,0.9003,7.0,0.9004,1.0
1753600378763,07:12:58.763,gateio,AERO/USDT:USDT,0.8997,563.0,0.8996,1779.0,0.9003,7.0,0.9004,1.0
1753600379061,07:12:59.061,gateio,AERO/USDT:USDT,0.8997,563.0,0.8996,1779.0,0.9003,7.0,0.9004,1.0
1753600380442,07:13:00.442,gateio,AERO/USDT:USDT,0.8997,606.0,0.8996,1779.0,0.9003,7.0,0.9004,1.0
1753600380448,07:13:00.448,gateio,AERO/USDT:USDT,0.8997,606.0,0.8996,1779.0,0.9003,7.0,0.9004,1.0
1753600380880,07:13:00.880,gateio,AERO/USDT:USDT,0.8997,606.0,0.8996,1779.0,0.9003,7.0,0.9004,1.0
1753600381001,07:13:01.001,gateio,AERO/USDT:USDT,0.8997,606.0,0.8996,1779.0,0.9003,7.0,0.9004,1.0
1753600381167,07:13:01.167,gateio,AERO/USDT:USDT,0.8997,606.0,0.8996,1779.0,0.9003,7.0,0.9004,1.0
1753600382022,07:13:02.022,gateio,AERO/USDT:USDT,0.8997,606.0,0.8996,1779.0,0.9003,7.0,0.9004,1.0
1753600382440,07:13:02.440,gateio,AERO/USDT:USDT,0.8997,606.0,0.8996,1779.0,0.9003,7.0,0.9004,1.0
1753600382485,07:13:02.485,gateio,AERO/USDT:USDT,0.8997,606.0,0.8996,1779.0,0.9003,7.0,0.9004,1.0
1753600382640,07:13:02.640,gateio,AERO/USDT:USDT,0.8997,606.0,0.8996,1779.0,0.9003,7.0,0.9004,1.0
1753600382705,07:13:02.705,gateio,AERO/USDT:USDT,0.8997,606.0,0.8996,1779.0,0.9003,7.0,0.9004,1.0
1753600382839,07:13:02.839,gateio,AERO/USDT:USDT,0.8997,606.0,0.8996,1779.0,0.9003,7.0,0.9004,1.0
1753600382917,07:13:02.917,gateio,AERO/USDT:USDT,0.8997,606.0,0.8996,1779.0,0.9003,7.0,0.9004,1.0
1753600383795,07:13:03.795,gateio,AERO/USDT:USDT,0.8997,606.0,0.8996,1779.0,0.9003,7.0,0.9004,1.0
1753600383943,07:13:03.943,gateio,AERO/USDT:USDT,0.8997,606.0,0.8996,1779.0,0.9003,7.0,0.9004,1.0
1753600384036,07:13:04.036,gateio,AERO/USDT:USDT,0.8997,606.0,0.8996,1779.0,0.9003,7.0,0.9004,1.0
1753600384135,07:13:04.135,gateio,AERO/USDT:USDT,0.8997,606.0,0.8996,1779.0,0.9003,7.0,0.9004,1.0
1753600384350,07:13:04.350,gateio,AERO/USDT:USDT,0.8997,606.0,0.8996,1779.0,0.9003,7.0,0.9004,1.0
1753600386139,07:13:06.139,gateio,AERO/USDT:USDT,0.8997,606.0,0.8996,1779.0,0.9003,7.0,0.9004,1.0
1753600386216,07:13:06.216,gateio,AERO/USDT:USDT,0.8997,606.0,0.8996,1779.0,0.9003,7.0,0.9004,1.0
1753600386322,07:13:06.322,gateio,AERO/USDT:USDT,0.8997,606.0,0.8996,1779.0,0.9003,7.0,0.9004,1.0
1753600386828,07:13:06.828,gateio,AERO/USDT:USDT,0.8997,606.0,0.8996,1779.0,0.9003,7.0,0.9004,1.0
1753600387017,07:13:07.017,gateio,AERO/USDT:USDT,0.8997,606.0,0.8996,1779.0,0.9003,200.0,0.9004,1.0
1753600387108,07:13:07.108,gateio,AERO/USDT:USDT,0.8997,606.0,0.8996,1779.0,0.9003,200.0,0.9004,1.0
1753600387177,07:13:07.177,gateio,AERO/USDT:USDT,0.8997,606.0,0.8996,1779.0,0.9003,200.0,0.9004,1.0
1753600387396,07:13:07.396,gateio,AERO/USDT:USDT,0.8997,606.0,0.8996,1779.0,0.9003,7.0,0.9004,1.0
1753600387534,07:13:07.534,gateio,AERO/USDT:USDT,0.8997,606.0,0.8996,1779.0,0.9003,7.0,0.9004,1.0
1753600387580,07:13:07.580,gateio,AERO/USDT:USDT,0.8997,606.0,0.8996,1779.0,0.9003,7.0,0.9004,1.0
1753600389091,07:13:09.091,gateio,AERO/USDT:USDT,0.8997,606.0,0.8996,1779.0,0.9003,7.0,0.9004,1.0
1753600389195,07:13:09.195,gateio,AERO/USDT:USDT,0.8997,606.0,0.8996,1779.0,0.9003,7.0,0.9004,1.0
1753600389535,07:13:09.535,gateio,AERO/USDT:USDT,0.8997,606.0,0.8996,1779.0,0.9003,7.0,0.9004,1.0
1753600390764,07:13:10.764,gateio,AERO/USDT:USDT,0.8997,606.0,0.8996,1779.0,0.9003,7.0,0.9004,1.0
1753600390860,07:13:10.860,gateio,AERO/USDT:USDT,0.8997,606.0,0.8996,1779.0,0.9003,7.0,0.9004,1.0
1753600391218,07:13:11.218,gateio,AERO/USDT:USDT,0.8997,606.0,0.8996,1779.0,0.9003,7.0,0.9004,1.0
1753600391622,07:13:11.622,gateio,AERO/USDT:USDT,0.8997,606.0,0.8996,1779.0,0.9003,7.0,0.9004,1.0
1753600393005,07:13:13.005,gateio,AERO/USDT:USDT,0.8997,606.0,0.8996,1779.0,0.9003,7.0,0.9004,1.0
1753600393531,07:13:13.531,gateio,AERO/USDT:USDT,0.8997,606.0,0.8996,1779.0,0.9003,7.0,0.9004,1.0
1753600393847,07:13:13.847,gateio,AERO/USDT:USDT,0.8997,606.0,0.8996,1779.0,0.9003,7.0,0.9004,1.0
1753600394050,07:13:14.050,gateio,AERO/USDT:USDT,0.8997,606.0,0.8996,1779.0,0.9003,7.0,0.9004,1.0
1753600396423,07:13:16.423,gateio,AERO/USDT:USDT,0.8997,606.0,0.8996,1779.0,0.9003,7.0,0.9004,1.0
1753600401228,07:13:21.228,gateio,AERO/USDT:USDT,0.8997,606.0,0.8996,1779.0,0.9003,7.0,0.9004,1.0
1753600401596,07:13:21.596,gateio,AERO/USDT:USDT,0.8997,606.0,0.8996,1779.0,0.9003,7.0,0.9004,1.0
1753600402041,07:13:22.041,gateio,AERO/USDT:USDT,0.8997,606.0,0.8996,1779.0,0.9003,7.0,0.9004,1.0
1753600402656,07:13:22.656,gateio,AERO/USDT:USDT,0.8997,606.0,0.8996,1779.0,0.9003,7.0,0.9004,1.0
1753600404108,07:13:24.108,gateio,AERO/USDT:USDT,0.8997,606.0,0.8996,1779.0,0.9003,7.0,0.9004,1.0
1753600406025,07:13:26.025,gateio,AERO/USDT:USDT,0.8997,606.0,0.8996,1779.0,0.9003,7.0,0.9004,1.0
1753600406056,07:13:26.056,gateio,AERO/USDT:USDT,0.8997,606.0,0.8996,1779.0,0.9003,7.0,0.9004,1.0
1753600407829,07:13:27.829,gateio,AERO/USDT:USDT,0.8997,606.0,0.8996,1779.0,0.9003,7.0,0.9004,1.0
1753600410480,07:13:30.480,gateio,AERO/USDT:USDT,0.8997,1057.0,0.8996,1779.0,0.9003,7.0,0.9004,1.0
1753600410823,07:13:30.823,gateio,AERO/USDT:USDT,0.8997,1057.0,0.8996,1779.0,0.9003,7.0,0.9004,1.0
1753600412560,07:13:32.560,gateio,AERO/USDT:USDT,0.8997,1057.0,0.8996,1779.0,0.9003,7.0,0.9004,1.0
1753600415627,07:13:35.627,gateio,AERO/USDT:USDT,0.8997,1057.0,0.8996,1779.0,0.9003,7.0,0.9004,1.0
1753600418373,07:13:38.373,gateio,AERO/USDT:USDT,0.8997,1057.0,0.8996,1779.0,0.9003,7.0,0.9004,1.0
1753600418595,07:13:38.595,gateio,AERO/USDT:USDT,0.8997,1057.0,0.8996,1779.0,0.9003,7.0,0.9004,1.0
1753600420425,07:13:40.425,gateio,AERO/USDT:USDT,0.8997,1057.0,0.8996,1779.0,0.9003,7.0,0.9004,1.0
1753600424145,07:13:44.145,gateio,AERO/USDT:USDT,0.8997,1057.0,0.8996,1779.0,0.9003,7.0,0.9004,1.0
1753600424182,07:13:44.182,gateio,AERO/USDT:USDT,0.8997,1057.0,0.8996,1779.0,0.9003,7.0,0.9004,1.0
1753600425226,07:13:45.226,gateio,AERO/USDT:USDT,0.8997,1057.0,0.8996,1779.0,0.9003,7.0,0.9004,1.0
1753600425669,07:13:45.669,gateio,AERO/USDT:USDT,0.8997,1057.0,0.8996,1779.0,0.9003,7.0,0.9004,1.0
1753600425760,07:13:45.760,gateio,AERO/USDT:USDT,0.8997,1057.0,0.8996,1779.0,0.9003,7.0,0.9004,1.0
1753600426067,07:13:46.067,gateio,AERO/USDT:USDT,0.8997,1057.0,0.8996,1779.0,0.9003,7.0,0.9004,1.0
1753600428842,07:13:48.842,gateio,AERO/USDT:USDT,0.8997,1057.0,0.8996,1779.0,0.9003,7.0,0.9004,1.0
1753600430028,07:13:50.028,gateio,AERO/USDT:USDT,0.8997,1057.0,0.8996,1779.0,0.9003,7.0,0.9004,1.0
1753600434827,07:13:54.827,gateio,AERO/USDT:USDT,0.8997,1057.0,0.8996,1779.0,0.9003,7.0,0.9004,1.0
1753600439624,07:13:59.624,gateio,AERO/USDT:USDT,0.8997,1057.0,0.8996,1779.0,0.9003,7.0,0.9004,1.0
1753600444043,07:14:04.043,gateio,AERO/USDT:USDT,0.8997,1057.0,0.8996,1779.0,0.9003,7.0,0.9004,1.0
1753600444344,07:14:04.344,gateio,AERO/USDT:USDT,0.8997,1057.0,0.8996,1779.0,0.9003,7.0,0.9004,1.0
1753600444694,07:14:04.694,gateio,AERO/USDT:USDT,0.8997,1057.0,0.8996,1779.0,0.9003,7.0,0.9004,1.0
1753600449228,07:14:09.228,gateio,AERO/USDT:USDT,0.8997,1057.0,0.8996,1779.0,0.9003,7.0,0.9004,1.0
1753600454027,07:14:14.027,gateio,AERO/USDT:USDT,0.8997,1057.0,0.8996,1779.0,0.9003,7.0,0.9004,1.0
1753600454834,07:14:14.834,gateio,AERO/USDT:USDT,0.8997,1057.0,0.8996,1779.0,0.9003,7.0,0.9004,1.0
1753600455345,07:14:15.345,gateio,AERO/USDT:USDT,0.8997,1057.0,0.8996,1779.0,0.9003,7.0,0.9004,1.0
1753600458825,07:14:18.825,gateio,AERO/USDT:USDT,0.8997,1057.0,0.8996,1779.0,0.9003,7.0,0.9004,1.0
1753600459361,07:14:19.361,gateio,AERO/USDT:USDT,0.8997,1057.0,0.8996,1779.0,0.9003,7.0,0.9004,1.0
1753600459595,07:14:19.595,gateio,AERO/USDT:USDT,0.8997,1057.0,0.8996,1779.0,0.9003,7.0,0.9004,1.0
1753600459746,07:14:19.746,gateio,AERO/USDT:USDT,0.8997,1057.0,0.8996,1779.0,0.9003,7.0,0.9004,1.0
1753600459920,07:14:19.920,gateio,AERO/USDT:USDT,0.8997,1057.0,0.8996,1779.0,0.9003,7.0,0.9004,1.0
1753600460040,07:14:20.040,gateio,AERO/USDT:USDT,0.8997,1057.0,0.8996,1779.0,0.9003,7.0,0.9004,1.0
1753600460302,07:14:20.302,gateio,AERO/USDT:USDT,0.8997,1057.0,0.8996,1779.0,0.9003,7.0,0.9004,1.0
1753600460699,07:14:20.699,gateio,AERO/USDT:USDT,0.8997,1057.0,0.8996,1779.0,0.9003,7.0,0.9004,1.0
1753600463624,07:14:23.624,gateio,AERO/USDT:USDT,0.8997,1057.0,0.8996,1779.0,0.9003,7.0,0.9004,1.0
1753600468425,07:14:28.425,gateio,AERO/USDT:USDT,0.8997,1057.0,0.8996,1779.0,0.9003,7.0,0.9004,1.0
1753600470399,07:14:30.399,gateio,AERO/USDT:USDT,0.8997,606.0,0.8996,1779.0,0.9003,7.0,0.9004,1.0
1753600470565,07:14:30.565,gateio,AERO/USDT:USDT,0.8997,606.0,0.8996,1779.0,0.9003,7.0,0.9004,1.0
1753600470820,07:14:30.820,gateio,AERO/USDT:USDT,0.8997,606.0,0.8996,1779.0,0.9003,7.0,0.9004,1.0
1753600470908,07:14:30.908,gateio,AERO/USDT:USDT,0.8997,606.0,0.8996,1779.0,0.9003,7.0,0.9004,1.0
1753600472534,07:14:32.534,gateio,AERO/USDT:USDT,0.899,255.0,0.8989,1262.0,0.9003,278.0,0.9004,1.0
1753600472632,07:14:32.632,gateio,AERO/USDT:USDT,0.8991,1.0,0.8989,445.0,0.9002,233.0,0.9003,278.0
1753600472736,07:14:32.736,gateio,AERO/USDT:USDT,0.899,1.0,0.8989,445.0,0.9001,7.0,0.9002,233.0
1753600472835,07:14:32.835,gateio,AERO/USDT:USDT,0.8992,533.0,0.8991,1776.0,0.9001,7.0,0.9002,233.0
1753600472921,07:14:32.921,gateio,AERO/USDT:USDT,0.8993,1.0,0.8992,533.0,0.9001,7.0,0.9002,233.0
1753600473041,07:14:33.041,gateio,AERO/USDT:USDT,0.8993,1.0,0.8992,533.0,0.9001,21.0,0.9002,233.0
1753600473075,07:14:33.075,gateio,AERO/USDT:USDT,0.8993,1.0,0.8992,533.0,0.9001,21.0,0.9002,233.0
1753600473232,07:14:33.232,gateio,AERO/USDT:USDT,0.8993,1.0,0.8992,533.0,0.9001,21.0,0.9002,233.0
1753600473310,07:14:33.310,gateio,AERO/USDT:USDT,0.8993,1.0,0.8992,533.0,0.9001,21.0,0.9002,233.0
1753600473534,07:14:33.534,gateio,AERO/USDT:USDT,0.8993,1.0,0.8992,533.0,0.9001,21.0,0.9002,233.0
1753600473609,07:14:33.609,gateio,AERO/USDT:USDT,0.8993,1.0,0.8992,533.0,0.9001,21.0,0.9002,233.0
1753600473725,07:14:33.725,gateio,AERO/USDT:USDT,0.8993,1.0,0.8992,533.0,0.9001,21.0,0.9002,233.0
1753600473839,07:14:33.839,gateio,AERO/USDT:USDT,0.8993,1.0,0.8992,533.0,0.9001,21.0,0.9002,14.0
1753600473896,07:14:33.896,gateio,AERO/USDT:USDT,0.8993,1.0,0.8992,533.0,0.9001,14.0,0.9002,21.0
1753600474219,07:14:34.219,gateio,AERO/USDT:USDT,0.8993,1.0,0.8992,533.0,0.9001,14.0,0.9002,240.0
1753600474248,07:14:34.248,gateio,AERO/USDT:USDT,0.8993,1.0,0.8992,533.0,0.9001,14.0,0.9002,240.0
1753600474433,07:14:34.433,gateio,AERO/USDT:USDT,0.8993,1.0,0.8992,533.0,0.9001,14.0,0.9002,240.0
1753600476429,07:14:36.429,gateio,AERO/USDT:USDT,0.8993,1.0,0.8992,533.0,0.9001,14.0,0.9002,240.0
1753600476521,07:14:36.521,gateio,AERO/USDT:USDT,0.8993,1.0,0.8992,533.0,0.9001,14.0,0.9002,240.0
1753600476556,07:14:36.556,gateio,AERO/USDT:USDT,0.8993,1.0,0.8992,533.0,0.9001,14.0,0.9002,240.0
1753600477615,07:14:37.615,gateio,AERO/USDT:USDT,0.8993,1.0,0.8992,533.0,0.9001,14.0,0.9002,240.0
1753600478025,07:14:38.025,gateio,AERO/USDT:USDT,0.8993,1.0,0.8992,533.0,0.9001,14.0,0.9002,240.0
1753600481374,07:14:41.374,gateio,AERO/USDT:USDT,0.8993,1.0,0.8992,533.0,0.9001,14.0,0.9002,240.0
1753600481892,07:14:41.892,gateio,AERO/USDT:USDT,0.8993,1.0,0.8992,533.0,0.9001,14.0,0.9002,240.0
1753600482644,07:14:42.644,gateio,AERO/USDT:USDT,0.8992,435.0,0.8991,1776.0,0.9001,14.0,0.9002,240.0
1753600482676,07:14:42.676,gateio,AERO/USDT:USDT,0.8992,435.0,0.8991,1776.0,0.9001,14.0,0.9002,232.0
1753600482826,07:14:42.826,gateio,AERO/USDT:USDT,0.8992,435.0,0.8991,1776.0,0.9001,23.0,0.9002,232.0
1753600483002,07:14:43.002,gateio,AERO/USDT:USDT,0.8992,435.0,0.8991,1776.0,0.9001,23.0,0.9002,232.0
1753600483329,07:14:43.329,gateio,AERO/USDT:USDT,0.8991,1776.0,0.8989,245.0,0.9,272.0,0.9001,23.0
1753600483443,07:14:43.443,gateio,AERO/USDT:USDT,0.8986,254.0,0.8985,269.0,0.8999,22.0,0.9,272.0
1753600483544,07:14:43.544,gateio,AERO/USDT:USDT,0.8988,533.0,0.8987,1776.0,0.8998,219.0,0.8999,22.0
1753600483636,07:14:43.636,gateio,AERO/USDT:USDT,0.8988,533.0,0.8987,1776.0,0.8994,219.0,0.8997,22.0
1753600483743,07:14:43.743,gateio,AERO/USDT:USDT,0.8988,533.0,0.8987,1776.0,0.8997,22.0,0.8998,219.0
1753600483846,07:14:43.846,gateio,AERO/USDT:USDT,0.8985,297.0,0.8984,770.0,0.8997,22.0,0.8998,219.0
1753600483926,07:14:43.926,gateio,AERO/USDT:USDT,0.8985,727.0,0.8984,2221.0,0.8997,22.0,0.8998,219.0
1753600484008,07:14:44.008,gateio,AERO/USDT:USDT,0.8985,727.0,0.8984,2221.0,0.8997,22.0,0.8998,219.0
1753600484064,07:14:44.064,gateio,AERO/USDT:USDT,0.8985,727.0,0.8984,2221.0,0.8997,22.0,0.8998,219.0
1753600484178,07:14:44.178,gateio,AERO/USDT:USDT,0.8985,727.0,0.8984,2221.0,0.8993,9.0,0.8997,13.0
1753600484260,07:14:44.260,gateio,AERO/USDT:USDT,0.8985,727.0,0.8984,2221.0,0.8997,22.0,0.8998,219.0
1753600484439,07:14:44.439,gateio,AERO/USDT:USDT,0.8985,727.0,0.8984,2221.0,0.8997,22.0,0.8998,219.0
1753600484485,07:14:44.485,gateio,AERO/USDT:USDT,0.8985,727.0,0.8984,2221.0,0.8994,219.0,0.8997,22.0
1753600484552,07:14:44.552,gateio,AERO/USDT:USDT,0.8985,727.0,0.8984,2221.0,0.8993,22.0,0.8994,219.0
1753600484668,07:14:44.668,gateio,AERO/USDT:USDT,0.8985,727.0,0.8984,2221.0,0.8993,22.0,0.8994,219.0
1753600484779,07:14:44.779,gateio,AERO/USDT:USDT,0.8985,297.0,0.8984,1776.0,0.8993,22.0,0.8994,219.0
1753600484855,07:14:44.855,gateio,AERO/USDT:USDT,0.8985,297.0,0.8984,1776.0,0.8993,22.0,0.8994,219.0
1753600485005,07:14:45.005,gateio,AERO/USDT:USDT,0.8985,297.0,0.8984,1776.0,0.8993,22.0,0.8994,219.0
1753600485052,07:14:45.052,gateio,AERO/USDT:USDT,0.8985,297.0,0.8984,1776.0,0.8993,34.0,0.8994,219.0
1753600485200,07:14:45.200,gateio,AERO/USDT:USDT,0.8985,297.0,0.8984,1776.0,0.8993,34.0,0.8994,219.0
1753600485252,07:14:45.252,gateio,AERO/USDT:USDT,0.8985,297.0,0.8984,1776.0,0.8993,37.0,0.8994,219.0
1753600485375,07:14:45.375,gateio,AERO/USDT:USDT,0.8985,297.0,0.8984,1776.0,0.8993,37.0,0.8997,272.0
1753600485466,07:14:45.466,gateio,AERO/USDT:USDT,0.8985,297.0,0.8984,1776.0,0.8993,15.0,0.8996,241.0
1753600485800,07:14:45.800,gateio,AERO/USDT:USDT,0.8985,297.0,0.8984,1776.0,0.8993,15.0,0.8996,241.0
1753600486085,07:14:46.085,gateio,AERO/USDT:USDT,0.8985,297.0,0.8984,1776.0,0.8993,15.0,0.8996,241.0
1753600486156,07:14:46.156,gateio,AERO/USDT:USDT,0.8985,297.0,0.8984,1776.0,0.8993,15.0,0.8996,241.0
1753600488426,07:14:48.426,gateio,AERO/USDT:USDT,0.8985,297.0,0.8984,1776.0,0.8993,15.0,0.8996,241.0
1753600488511,07:14:48.511,gateio,AERO/USDT:USDT,0.8985,297.0,0.8984,1776.0,0.8993,15.0,0.8996,241.0
1753600488925,07:14:48.925,gateio,AERO/USDT:USDT,0.8985,297.0,0.8984,1776.0,0.8993,15.0,0.8996,241.0
1753600489743,07:14:49.743,gateio,AERO/USDT:USDT,0.8985,297.0,0.8984,1776.0,0.8992,219.0,0.8993,15.0
1753600489758,07:14:49.758,gateio,AERO/USDT:USDT,0.8985,297.0,0.8984,1776.0,0.8991,22.0,0.8992,219.0
1753600490004,07:14:50.004,gateio,AERO/USDT:USDT,0.8985,297.0,0.8984,1776.0,0.8991,22.0,0.8992,219.0
1753600490160,07:14:50.160,gateio,AERO/USDT:USDT,0.8985,297.0,0.8984,1776.0,0.8991,22.0,0.8992,219.0
1753600490988,07:14:50.988,gateio,AERO/USDT:USDT,0.8985,297.0,0.8984,1776.0,0.8991,22.0,0.8992,219.0
1753600491108,07:14:51.108,gateio,AERO/USDT:USDT,0.8981,445.0,0.898,256.0,0.8991,22.0,0.8992,219.0
1753600491200,07:14:51.200,gateio,AERO/USDT:USDT,0.8981,445.0,0.898,256.0,0.8991,22.0,0.8992,219.0
1753600491342,07:14:51.342,gateio,AERO/USDT:USDT,0.8982,667.0,0.8981,2222.0,0.8991,22.0,0.8992,219.0
1753600491370,07:14:51.370,gateio,AERO/USDT:USDT,0.8982,667.0,0.8981,2222.0,0.8991,22.0,0.8992,219.0
1753600491535,07:14:51.535,gateio,AERO/USDT:USDT,0.8982,667.0,0.8981,2222.0,0.8991,22.0,0.8992,219.0
1753600491644,07:14:51.644,gateio,AERO/USDT:USDT,0.8982,667.0,0.8981,2222.0,0.8991,22.0,0.8992,219.0
1753600491825,07:14:51.825,gateio,AERO/USDT:USDT,0.8982,667.0,0.8981,2222.0,0.8991,22.0,0.8992,219.0
1753600492745,07:14:52.745,gateio,AERO/USDT:USDT,0.8982,667.0,0.8981,2222.0,0.8991,22.0,0.8992,219.0
1753600492812,07:14:52.812,gateio,AERO/USDT:USDT,0.8982,667.0,0.8981,2222.0,0.8991,22.0,0.8992,219.0
1753600493040,07:14:53.040,gateio,AERO/USDT:USDT,0.8982,667.0,0.8981,2222.0,0.8991,22.0,0.8992,219.0
1753600493227,07:14:53.227,gateio,AERO/USDT:USDT,0.8982,667.0,0.8981,2222.0,0.8991,22.0,0.8992,219.0
1753600493912,07:14:53.912,gateio,AERO/USDT:USDT,0.8982,667.0,0.8981,2222.0,0.8991,22.0,0.8992,219.0
1753600494901,07:14:54.901,gateio,AERO/USDT:USDT,0.8982,667.0,0.8981,2222.0,0.8991,22.0,0.8992,219.0
1753600495238,07:14:55.238,gateio,AERO/USDT:USDT,0.8982,667.0,0.8981,2222.0,0.899,274.0,0.8991,22.0
1753600495325,07:14:55.325,gateio,AERO/USDT:USDT,0.8979,578.0,0.8978,445.0,0.8988,219.0,0.8989,22.0
1753600495443,07:14:55.443,gateio,AERO/USDT:USDT,0.8979,667.0,0.8978,2224.0,0.8987,22.0,0.8992,219.0
1753600495510,07:14:55.510,gateio,AERO/USDT:USDT,0.8979,667.0,0.8978,2224.0,0.8991,22.0,0.8992,219.0
1753600495587,07:14:55.587,gateio,AERO/USDT:USDT,0.8979,667.0,0.8978,2224.0,0.8991,22.0,0.8992,219.0
1753600495706,07:14:55.706,gateio,AERO/USDT:USDT,0.8979,667.0,0.8978,1779.0,0.8991,22.0,0.8992,219.0
1753600495807,07:14:55.807,gateio,AERO/USDT:USDT,0.8979,667.0,0.8978,1779.0,0.899,219.0,0.8991,22.0
1753600495944,07:14:55.944,gateio,AERO/USDT:USDT,0.8979,667.0,0.8978,1779.0,0.8989,22.0,0.899,219.0
1753600496029,07:14:56.029,gateio,AERO/USDT:USDT,0.8979,667.0,0.8978,1779.0,0.8989,22.0,0.899,219.0
1753600496132,07:14:56.132,gateio,AERO/USDT:USDT,0.8979,667.0,0.8978,1779.0,0.8989,22.0,0.899,219.0
1753600496181,07:14:56.181,gateio,AERO/USDT:USDT,0.8979,667.0,0.8978,1779.0,0.8989,22.0,0.899,219.0
1753600496832,07:14:56.832,gateio,AERO/USDT:USDT,0.8979,667.0,0.8978,1779.0,0.8989,22.0,0.899,219.0
1753600497260,07:14:57.260,gateio,AERO/USDT:USDT,0.8979,667.0,0.8978,1779.0,0.8989,22.0,0.899,219.0
1753600498026,07:14:58.026,gateio,AERO/USDT:USDT,0.8979,667.0,0.8978,1779.0,0.8989,22.0,0.899,219.0
1753600498098,07:14:58.098,gateio,AERO/USDT:USDT,0.8979,667.0,0.8978,1779.0,0.8989,22.0,0.899,219.0
1753600498237,07:14:58.237,gateio,AERO/USDT:USDT,0.8979,667.0,0.8978,1779.0,0.8989,22.0,0.899,219.0
1753600498288,07:14:58.288,gateio,AERO/USDT:USDT,0.8979,667.0,0.8978,1779.0,0.8989,22.0,0.899,219.0
1753600498929,07:14:58.929,gateio,AERO/USDT:USDT,0.8979,667.0,0.8978,1779.0,0.8989,22.0,0.899,219.0
1753600500305,07:15:00.305,gateio,AERO/USDT:USDT,0.8979,667.0,0.8978,1779.0,0.8989,22.0,0.899,219.0
1753600500518,07:15:00.518,gateio,AERO/USDT:USDT,0.898,274.0,0.8979,667.0,0.8989,22.0,0.8995,272.0
1753600500575,07:15:00.575,gateio,AERO/USDT:USDT,0.898,274.0,0.8979,667.0,0.8991,219.0,0.8994,22.0
1753600500701,07:15:00.701,gateio,AERO/USDT:USDT,0.898,274.0,0.8979,667.0,0.899,22.0,0.8991,219.0
1753600500920,07:15:00.920,gateio,AERO/USDT:USDT,0.898,274.0,0.8979,667.0,0.899,22.0,0.8991,219.0
1753600501007,07:15:01.007,gateio,AERO/USDT:USDT,0.898,274.0,0.8979,667.0,0.899,22.0,0.8991,219.0
1753600502003,07:15:02.003,gateio,AERO/USDT:USDT,0.898,274.0,0.8979,667.0,0.899,22.0,0.8991,219.0
1753600502336,07:15:02.336,gateio,AERO/USDT:USDT,0.8979,667.0,0.8978,2224.0,0.899,22.0,0.8991,219.0
1753600502445,07:15:02.445,gateio,AERO/USDT:USDT,0.8979,667.0,0.8978,1779.0,0.899,22.0,0.8991,219.0
1753600502466,07:15:02.466,gateio,AERO/USDT:USDT,0.8979,667.0,0.8978,1779.0,0.899,22.0,0.8991,219.0
1753600502600,07:15:02.600,gateio,AERO/USDT:USDT,0.8979,667.0,0.8978,1779.0,0.899,22.0,0.8991,219.0
1753600502826,07:15:02.826,gateio,AERO/USDT:USDT,0.8979,667.0,0.8978,1779.0,0.899,22.0,0.8991,219.0
1753600503030,07:15:03.030,gateio,AERO/USDT:USDT,0.8979,667.0,0.8978,1779.0,0.899,22.0,0.8995,272.0
1753600503088,07:15:03.088,gateio,AERO/USDT:USDT,0.8979,667.0,0.8978,1779.0,0.8989,219.0,0.8994,22.0
1753600503162,07:15:03.162,gateio,AERO/USDT:USDT,0.8979,667.0,0.8978,1779.0,0.8988,22.0,0.8989,219.0
1753600503368,07:15:03.368,gateio,AERO/USDT:USDT,0.8979,667.0,0.8978,1779.0,0.8988,22.0,0.8992,219.0
1753600503508,07:15:03.508,gateio,AERO/USDT:USDT,0.8979,667.0,0.8978,1779.0,0.8988,219.0,0.8991,22.0
1753600503552,07:15:03.552,gateio,AERO/USDT:USDT,0.8979,667.0,0.8978,1779.0,0.8987,22.0,0.8988,219.0
1753600503897,07:15:03.897,gateio,AERO/USDT:USDT,0.8979,667.0,0.8978,1779.0,0.8987,22.0,0.8995,272.0
1753600504036,07:15:04.036,gateio,AERO/USDT:USDT,0.8979,667.0,0.8978,1779.0,0.8992,219.0,0.8994,22.0
1753600504058,07:15:04.058,gateio,AERO/USDT:USDT,0.8979,667.0,0.8978,1779.0,0.8991,22.0,0.8992,219.0
1753600504156,07:15:04.156,gateio,AERO/USDT:USDT,0.8979,667.0,0.8978,1779.0,0.8991,32.0,0.8992,219.0
1753600504468,07:15:04.468,gateio,AERO/USDT:USDT,0.898,219.0,0.8979,667.0,0.8991,32.0,0.8995,272.0
1753600504560,07:15:04.560,gateio,AERO/USDT:USDT,0.8979,886.0,0.8978,1779.0,0.8991,10.0,0.8994,22.0
1753600504840,07:15:04.840,gateio,AERO/USDT:USDT,0.8979,886.0,0.8978,1779.0,0.899,219.0,0.8991,10.0
1753600504856,07:15:04.856,gateio,AERO/USDT:USDT,0.8979,886.0,0.8978,1779.0,0.8989,22.0,0.899,219.0
1753600505022,07:15:05.022,gateio,AERO/USDT:USDT,0.8979,667.0,0.8978,1779.0,0.8989,22.0,0.899,219.0
1753600505199,07:15:05.199,gateio,AERO/USDT:USDT,0.8979,667.0,0.8978,1779.0,0.8989,22.0,0.8995,272.0
1753600505283,07:15:05.283,gateio,AERO/USDT:USDT,0.8979,667.0,0.8978,1779.0,0.8991,219.0,0.8994,22.0
1753600505353,07:15:05.353,gateio,AERO/USDT:USDT,0.8979,667.0,0.8978,1779.0,0.899,22.0,0.8991,219.0
1753600506003,07:15:06.003,gateio,AERO/USDT:USDT,0.8979,667.0,0.8978,1779.0,0.899,22.0,0.8991,219.0
1753600507189,07:15:07.189,gateio,AERO/USDT:USDT,0.8979,886.0,0.8978,1779.0,0.899,22.0,0.8991,219.0
1753600507631,07:15:07.631,gateio,AERO/USDT:USDT,0.8979,886.0,0.8978,1779.0,0.899,22.0,0.8991,219.0
1753600507911,07:15:07.911,gateio,AERO/USDT:USDT,0.8979,886.0,0.8978,1779.0,0.899,22.0,0.8991,219.0
1753600508206,07:15:08.206,gateio,AERO/USDT:USDT,0.8979,667.0,0.8978,1779.0,0.899,22.0,0.8991,219.0
1753600508727,07:15:08.727,gateio,AERO/USDT:USDT,0.8979,886.0,0.8978,1779.0,0.899,22.0,0.8991,219.0
1753600508774,07:15:08.774,gateio,AERO/USDT:USDT,0.8979,886.0,0.8978,1779.0,0.899,22.0,0.8991,219.0
1753600509061,07:15:09.061,gateio,AERO/USDT:USDT,0.8979,667.0,0.8978,1779.0,0.899,22.0,0.8991,219.0
1753600509436,07:15:09.436,gateio,AERO/USDT:USDT,0.8979,667.0,0.8978,1779.0,0.8987,219.0,0.899,22.0
1753600509519,07:15:09.519,gateio,AERO/USDT:USDT,0.8979,667.0,0.8978,1779.0,0.8986,22.0,0.8991,219.0
1753600509571,07:15:09.571,gateio,AERO/USDT:USDT,0.8979,667.0,0.8978,1779.0,0.899,22.0,0.8991,219.0
1753600509922,07:15:09.922,gateio,AERO/USDT:USDT,0.8979,667.0,0.8978,1779.0,0.899,22.0,0.8991,219.0
1753600509945,07:15:09.945,gateio,AERO/USDT:USDT,0.8979,667.0,0.8978,1779.0,0.899,22.0,0.8991,219.0
1753600510803,07:15:10.803,gateio,AERO/USDT:USDT,0.8979,667.0,0.8978,1779.0,0.899,22.0,0.8991,219.0
1753600511005,07:15:11.005,gateio,AERO/USDT:USDT,0.8979,667.0,0.8978,1779.0,0.899,22.0,0.8991,219.0
1753600511068,07:15:11.068,gateio,AERO/USDT:USDT,0.8979,667.0,0.8978,1779.0,0.899,22.0,0.8995,272.0
1753600511171,07:15:11.171,gateio,AERO/USDT:USDT,0.8979,667.0,0.8978,1779.0,0.8992,219.0,0.8993,273.0
1753600511253,07:15:11.253,gateio,AERO/USDT:USDT,0.8979,667.0,0.8978,1779.0,0.8991,22.0,0.8992,219.0
1753600511530,07:15:11.530,gateio,AERO/USDT:USDT,0.8979,667.0,0.8978,1779.0,0.8991,22.0,0.8992,219.0
1753600511743,07:15:11.743,gateio,AERO/USDT:USDT,0.8979,667.0,0.8978,1779.0,0.8991,22.0,0.8992,219.0
1753600511756,07:15:11.756,gateio,AERO/USDT:USDT,0.8979,667.0,0.8978,1779.0,0.8991,22.0,0.8992,219.0
1753600511875,07:15:11.875,gateio,AERO/USDT:USDT,0.8979,667.0,0.8978,1779.0,0.8991,22.0,0.8992,219.0
1753600512426,07:15:12.426,gateio,AERO/USDT:USDT,0.8979,667.0,0.8978,1779.0,0.8991,22.0,0.8992,219.0
1753600515455,07:15:15.455,gateio,AERO/USDT:USDT,0.8979,667.0,0.8978,1779.0,0.8991,22.0,0.8992,219.0
1753600517231,07:15:17.231,gateio,AERO/USDT:USDT,0.8979,667.0,0.8978,1779.0,0.8991,22.0,0.8992,219.0
1753600517248,07:15:17.248,gateio,AERO/USDT:USDT,0.8979,667.0,0.8978,1779.0,0.8991,22.0,0.8992,219.0
1753600518629,07:15:18.629,gateio,AERO/USDT:USDT,0.8979,667.0,0.8978,1779.0,0.8991,22.0,0.8992,219.0
1753600518795,07:15:18.795,gateio,AERO/USDT:USDT,0.8979,667.0,0.8978,1779.0,0.8991,22.0,0.8992,219.0
1753600519208,07:15:19.208,gateio,AERO/USDT:USDT,0.8979,667.0,0.8978,1779.0,0.8991,22.0,0.8992,219.0
1753600519566,07:15:19.566,gateio,AERO/USDT:USDT,0.8979,667.0,0.8978,1779.0,0.8991,22.0,0.8992,219.0
1753600519843,07:15:19.843,gateio,AERO/USDT:USDT,0.8979,667.0,0.8978,1779.0,0.8991,22.0,0.8992,219.0
1753600520249,07:15:20.249,gateio,AERO/USDT:USDT,0.8979,667.0,0.8978,1779.0,0.8991,22.0,0.8992,219.0
1753600521005,07:15:21.005,gateio,AERO/USDT:USDT,0.8979,667.0,0.8978,1779.0,0.8991,22.0,0.8992,219.0
1753600521241,07:15:21.241,gateio,AERO/USDT:USDT,0.8979,667.0,0.8978,1779.0,0.8988,219.0,0.8991,22.0
1753600521254,07:15:21.254,gateio,AERO/USDT:USDT,0.8979,667.0,0.8978,1779.0,0.8987,22.0,0.8988,219.0
1753600521659,07:15:21.659,gateio,AERO/USDT:USDT,0.8979,667.0,0.8978,1779.0,0.8987,22.0,0.8988,219.0
1753600522036,07:15:22.036,gateio,AERO/USDT:USDT,0.8979,667.0,0.8978,1779.0,0.8987,22.0,0.8988,219.0
1753600522143,07:15:22.143,gateio,AERO/USDT:USDT,0.8979,667.0,0.8978,1779.0,0.8987,22.0,0.8988,219.0
1753600522392,07:15:22.392,gateio,AERO/USDT:USDT,0.8979,667.0,0.8978,1779.0,0.8987,22.0,0.8988,219.0
1753600522976,07:15:22.976,gateio,AERO/USDT:USDT,0.8979,667.0,0.8978,1779.0,0.8987,22.0,0.8992,219.0
1753600523053,07:15:23.053,gateio,AERO/USDT:USDT,0.8979,667.0,0.8978,1779.0,0.8991,22.0,0.8992,219.0
1753600523278,07:15:23.278,gateio,AERO/USDT:USDT,0.8979,667.0,0.8978,1779.0,0.8991,22.0,0.8992,219.0
1753600523856,07:15:23.856,gateio,AERO/USDT:USDT,0.8979,667.0,0.8978,1779.0,0.8991,22.0,0.8992,219.0
1753600524207,07:15:24.207,gateio,AERO/USDT:USDT,0.8979,667.0,0.8978,1779.0,0.8991,22.0,0.8992,219.0
1753600525379,07:15:25.379,gateio,AERO/USDT:USDT,0.8979,667.0,0.8978,1779.0,0.8991,22.0,0.8992,219.0
1753600525822,07:15:25.822,gateio,AERO/USDT:USDT,0.8979,667.0,0.8978,1779.0,0.8988,219.0,0.8991,22.0
1753600525910,07:15:25.910,gateio,AERO/USDT:USDT,0.8974,445.0,0.8973,330.0,0.8987,9.0,0.8988,219.0
1753600526005,07:15:26.005,gateio,AERO/USDT:USDT,0.8976,537.0,0.8975,1790.0,0.8987,22.0,0.8988,219.0
1753600526123,07:15:26.123,gateio,AERO/USDT:USDT,0.8976,537.0,0.8975,1790.0,0.8987,22.0,0.8988,219.0
1753600526828,07:15:26.828,gateio,AERO/USDT:USDT,0.8976,537.0,0.8975,1790.0,0.8987,22.0,0.8988,219.0
1753600526869,07:15:26.869,gateio,AERO/USDT:USDT,0.8976,537.0,0.8975,1790.0,0.8987,22.0,0.8988,219.0
1753600528258,07:15:28.258,gateio,AERO/USDT:USDT,0.8976,537.0,0.8975,1790.0,0.8987,22.0,0.8988,219.0
1753600531459,07:15:31.459,gateio,AERO/USDT:USDT,0.8976,756.0,0.8975,1790.0,0.8987,22.0,0.8988,219.0
1753600531635,07:15:31.635,gateio,AERO/USDT:USDT,0.8976,756.0,0.8975,1790.0,0.8987,22.0,0.8988,219.0
1753600531717,07:15:31.717,gateio,AERO/USDT:USDT,0.8976,756.0,0.8975,1790.0,0.8987,22.0,0.899,271.0
1753600531768,07:15:31.768,gateio,AERO/USDT:USDT,0.8976,756.0,0.8975,1790.0,0.8989,22.0,0.8992,219.0
1753600531888,07:15:31.888,gateio,AERO/USDT:USDT,0.8976,756.0,0.8975,1790.0,0.8991,22.0,0.8992,219.0
1753600532219,07:15:32.219,gateio,AERO/USDT:USDT,0.8976,756.0,0.8975,1790.0,0.8991,22.0,0.8992,219.0
1753600533540,07:15:33.540,gateio,AERO/USDT:USDT,0.8976,756.0,0.8975,1790.0,0.8991,22.0,0.8992,219.0
1753600533548,07:15:33.548,gateio,AERO/USDT:USDT,0.8976,756.0,0.8975,2221.0,0.8991,22.0,0.8992,219.0
1753600534060,07:15:34.060,gateio,AERO/USDT:USDT,0.8976,756.0,0.8975,2221.0,0.8991,22.0,0.8992,219.0
1753600534488,07:15:34.488,gateio,AERO/USDT:USDT,0.8976,756.0,0.8975,2221.0,0.8988,219.0,0.8991,22.0
1753600534554,07:15:34.554,gateio,AERO/USDT:USDT,0.8976,756.0,0.8975,2221.0,0.8987,22.0,0.8988,219.0
1753600535462,07:15:35.462,gateio,AERO/USDT:USDT,0.8976,756.0,0.8975,2221.0,0.8987,22.0,0.8988,219.0
1753600536114,07:15:36.114,gateio,AERO/USDT:USDT,0.8976,756.0,0.8975,2221.0,0.8987,22.0,0.8988,219.0
1753600536427,07:15:36.427,gateio,AERO/USDT:USDT,0.8976,756.0,0.8975,2221.0,0.8987,22.0,0.8988,219.0
1753600536448,07:15:36.448,gateio,AERO/USDT:USDT,0.8976,756.0,0.8975,2221.0,0.8987,22.0,0.8988,219.0
1753600537096,07:15:37.096,gateio,AERO/USDT:USDT,0.8976,756.0,0.8975,2221.0,0.8987,22.0,0.8988,219.0
1753600539916,07:15:39.916,gateio,AERO/USDT:USDT,0.8976,756.0,0.8975,2221.0,0.8987,22.0,0.8991,270.0
1753600539968,07:15:39.968,gateio,AERO/USDT:USDT,0.8976,756.0,0.8975,2221.0,0.8988,219.0,0.899,22.0
1753600540052,07:15:40.052,gateio,AERO/USDT:USDT,0.8976,756.0,0.8975,2221.0,0.8987,22.0,0.8988,219.0
1753600540856,07:15:40.856,gateio,AERO/USDT:USDT,0.8976,756.0,0.8975,2221.0,0.8987,22.0,0.8988,219.0
1753600541229,07:15:41.229,gateio,AERO/USDT:USDT,0.8976,756.0,0.8975,2221.0,0.8987,22.0,0.8988,219.0
1753600541888,07:15:41.888,gateio,AERO/USDT:USDT,0.8976,756.0,0.8975,2221.0,0.8987,22.0,0.8991,270.0
1753600541968,07:15:41.968,gateio,AERO/USDT:USDT,0.8976,756.0,0.8975,2221.0,0.8988,219.0,0.899,22.0
1753600542058,07:15:42.058,gateio,AERO/USDT:USDT,0.8976,756.0,0.8975,2221.0,0.8987,22.0,0.8988,219.0
1753600544003,07:15:44.003,gateio,AERO/USDT:USDT,0.8976,756.0,0.8975,2221.0,0.8987,22.0,0.8988,219.0
1753600545307,07:15:45.307,gateio,AERO/USDT:USDT,0.8976,756.0,0.8975,2221.0,0.8987,22.0,0.8991,270.0
1753600545390,07:15:45.390,gateio,AERO/USDT:USDT,0.8976,756.0,0.8975,2221.0,0.8988,219.0,0.899,22.0
1753600545452,07:15:45.452,gateio,AERO/USDT:USDT,0.8976,756.0,0.8975,2221.0,0.8987,22.0,0.8988,219.0
1753600545713,07:15:45.713,gateio,AERO/USDT:USDT,0.8976,756.0,0.8975,2221.0,0.8987,22.0,0.8988,219.0
1753600546027,07:15:46.027,gateio,AERO/USDT:USDT,0.8976,756.0,0.8975,2221.0,0.8987,22.0,0.8988,219.0
1753600546942,07:15:46.942,gateio,AERO/USDT:USDT,0.8976,537.0,0.8975,2221.0,0.8987,22.0,0.8988,219.0
1753600547082,07:15:47.082,gateio,AERO/USDT:USDT,0.8976,537.0,0.8975,2221.0,0.8987,22.0,0.8988,219.0
1753600548740,07:15:48.740,gateio,AERO/USDT:USDT,0.8976,756.0,0.8975,2221.0,0.8987,22.0,0.8988,219.0
1753600549079,07:15:49.079,gateio,AERO/USDT:USDT,0.8976,756.0,0.8975,2221.0,0.8987,22.0,0.8991,270.0
1753600549230,07:15:49.230,gateio,AERO/USDT:USDT,0.8976,537.0,0.8975,2221.0,0.8986,219.0,0.899,22.0
1753600549265,07:15:49.265,gateio,AERO/USDT:USDT,0.8976,537.0,0.8975,2221.0,0.8985,22.0,0.8991,270.0
1753600549378,07:15:49.378,gateio,AERO/USDT:USDT,0.8976,537.0,0.8975,2221.0,0.8988,219.0,0.899,22.0
1753600549452,07:15:49.452,gateio,AERO/USDT:USDT,0.8976,537.0,0.8975,2221.0,0.8987,22.0,0.8988,219.0
1753600549630,07:15:49.630,gateio,AERO/USDT:USDT,0.8976,537.0,0.8975,2221.0,0.8987,22.0,0.8991,270.0
1753600549694,07:15:49.694,gateio,AERO/USDT:USDT,0.8976,537.0,0.8975,2221.0,0.899,241.0,0.8991,270.0
1753600549831,07:15:49.831,gateio,AERO/USDT:USDT,0.8976,537.0,0.8975,2221.0,0.899,241.0,0.8991,270.0
1753600550195,07:15:50.195,gateio,AERO/USDT:USDT,0.8976,537.0,0.8975,2221.0,0.899,241.0,0.8991,270.0
1753600550827,07:15:50.827,gateio,AERO/USDT:USDT,0.8976,537.0,0.8975,2221.0,0.899,241.0,0.8991,270.0
1753600550848,07:15:50.848,gateio,AERO/USDT:USDT,0.8976,537.0,0.8975,2221.0,0.899,241.0,0.8991,270.0
1753600551184,07:15:51.184,gateio,AERO/USDT:USDT,0.8976,593.0,0.8975,2221.0,0.899,241.0,0.8991,270.0
1753600551687,07:15:51.687,gateio,AERO/USDT:USDT,0.8976,537.0,0.8975,2221.0,0.899,241.0,0.8991,270.0
1753600553004,07:15:53.004,gateio,AERO/USDT:USDT,0.8976,537.0,0.8975,2221.0,0.899,241.0,0.8991,270.0
1753600553920,07:15:53.920,gateio,AERO/USDT:USDT,0.8976,593.0,0.8975,2221.0,0.899,241.0,0.8991,270.0
1753600555520,07:15:55.520,gateio,AERO/USDT:USDT,0.8976,593.0,0.8975,2221.0,0.899,241.0,0.8991,270.0
1753600555628,07:15:55.628,gateio,AERO/USDT:USDT,0.8976,593.0,0.8975,2221.0,0.899,241.0,0.8991,270.0
1753600555915,07:15:55.915,gateio,AERO/USDT:USDT,0.8976,1038.0,0.8975,2221.0,0.899,241.0,0.8991,270.0
1753600556032,07:15:56.032,gateio,AERO/USDT:USDT,0.8976,1038.0,0.8975,1790.0,0.899,241.0,0.8995,272.0
1753600556048,07:15:56.048,gateio,AERO/USDT:USDT,0.8976,1094.0,0.8975,1790.0,0.899,241.0,0.8995,272.0
1753600557048,07:15:57.048,gateio,AERO/USDT:USDT,0.8977,445.0,0.8976,649.0,0.899,241.0,0.8995,272.0
1753600558157,07:15:58.157,gateio,AERO/USDT:USDT,0.8977,445.0,0.8976,537.0,0.899,241.0,0.8995,600.0
1753600558889,07:15:58.889,gateio,AERO/USDT:USDT,0.8977,445.0,0.8976,537.0,0.899,241.0,0.8995,600.0
1753600560107,07:16:00.107,gateio,AERO/USDT:USDT,0.8977,445.0,0.8976,537.0,0.899,241.0,0.8995,600.0
1753600560184,07:16:00.184,gateio,AERO/USDT:USDT,0.8977,579.0,0.8976,537.0,0.899,241.0,0.8995,600.0
1753600560276,07:16:00.276,gateio,AERO/USDT:USDT,0.8977,680.0,0.8976,537.0,0.899,241.0,0.8995,600.0
1753600560430,07:16:00.430,gateio,AERO/USDT:USDT,0.8977,680.0,0.8976,537.0,0.899,241.0,0.8995,600.0
1753600560448,07:16:00.448,gateio,AERO/USDT:USDT,0.8977,680.0,0.8976,537.0,0.899,241.0,0.8995,600.0
1753600561595,07:16:01.595,gateio,AERO/USDT:USDT,0.8977,680.0,0.8976,537.0,0.899,241.0,0.8995,600.0
1753600561692,07:16:01.692,gateio,AERO/USDT:USDT,0.8978,219.0,0.8977,680.0,0.899,241.0,0.8995,272.0
1753600561806,07:16:01.806,gateio,AERO/USDT:USDT,0.8978,219.0,0.8977,680.0,0.899,241.0,0.8995,272.0
1753600562129,07:16:02.129,gateio,AERO/USDT:USDT,0.8978,219.0,0.8977,680.0,0.899,241.0,0.8995,272.0
1753600562226,07:16:02.226,gateio,AERO/USDT:USDT,0.8978,664.0,0.8977,235.0,0.899,241.0,0.8995,272.0
1753600562485,07:16:02.485,gateio,AERO/USDT:USDT,0.8978,664.0,0.8977,235.0,0.899,241.0,0.8995,272.0
1753600562754,07:16:02.754,gateio,AERO/USDT:USDT,0.8978,664.0,0.8977,101.0,0.899,241.0,0.8995,272.0
1753600563804,07:16:03.804,gateio,AERO/USDT:USDT,0.8978,664.0,0.8976,537.0,0.899,22.0,0.8995,272.0
1753600563928,07:16:03.928,gateio,AERO/USDT:USDT,0.8979,233.0,0.8978,720.0,0.8994,22.0,0.8995,272.0
1753600564005,07:16:04.005,gateio,AERO/USDT:USDT,0.8979,233.0,0.8978,720.0,0.8992,219.0,0.8994,22.0
1753600564053,07:16:04.053,gateio,AERO/USDT:USDT,0.8979,233.0,0.8978,720.0,0.8991,22.0,0.8992,219.0
1753600564490,07:16:04.490,gateio,AERO/USDT:USDT,0.8979,233.0,0.8978,664.0,0.8991,22.0,0.8992,219.0
1753600565240,07:16:05.240,gateio,AERO/USDT:USDT,0.8979,233.0,0.8978,664.0,0.8991,22.0,0.8992,219.0
1753600565575,07:16:05.575,gateio,AERO/USDT:USDT,0.8979,445.0,0.8978,219.0,0.8991,22.0,0.8992,219.0
1753600565906,07:16:05.906,gateio,AERO/USDT:USDT,0.8979,445.0,0.8978,219.0,0.8991,22.0,0.8992,219.0
1753600566430,07:16:06.430,gateio,AERO/USDT:USDT,0.8979,445.0,0.8978,219.0,0.8991,22.0,0.8992,219.0
1753600566487,07:16:06.487,gateio,AERO/USDT:USDT,0.8979,445.0,0.8978,219.0,0.8991,22.0,0.8992,219.0
1753600567041,07:16:07.041,gateio,AERO/USDT:USDT,0.8979,501.0,0.8978,219.0,0.8991,22.0,0.8992,219.0
1753600567059,07:16:07.059,gateio,AERO/USDT:USDT,0.8979,501.0,0.8978,219.0,0.8991,22.0,0.8992,219.0
1753600567328,07:16:07.328,gateio,AERO/USDT:USDT,0.8979,501.0,0.8978,219.0,0.8991,22.0,0.8992,219.0
1753600567404,07:16:07.404,gateio,AERO/USDT:USDT,0.8979,501.0,0.8978,219.0,0.8991,22.0,0.8995,272.0
1753600567468,07:16:07.468,gateio,AERO/USDT:USDT,0.8979,501.0,0.8978,219.0,0.8994,22.0,0.8996,219.0
1753600567553,07:16:07.553,gateio,AERO/USDT:USDT,0.8979,501.0,0.8978,219.0,0.8995,22.0,0.8996,219.0
1753600567736,07:16:07.736,gateio,AERO/USDT:USDT,0.8979,501.0,0.8978,219.0,0.8995,22.0,0.8996,219.0
1753600567772,07:16:07.772,gateio,AERO/USDT:USDT,0.8979,501.0,0.8978,219.0,0.8995,22.0,0.8996,219.0
1753600567881,07:16:07.881,gateio,AERO/USDT:USDT,0.8979,501.0,0.8978,219.0,0.8995,22.0,0.8996,219.0
1753600567967,07:16:07.967,gateio,AERO/USDT:USDT,0.898,445.0,0.8979,56.0,0.8995,22.0,0.8996,219.0
1753600569003,07:16:09.003,gateio,AERO/USDT:USDT,0.898,445.0,0.8979,56.0,0.8995,22.0,0.8996,219.0
1753600569227,07:16:09.227,gateio,AERO/USDT:USDT,0.8982,275.0,0.898,445.0,0.8995,22.0,0.8996,219.0
1753600569278,07:16:09.278,gateio,AERO/USDT:USDT,0.8982,275.0,0.898,445.0,0.8995,22.0,0.8996,219.0
1753600569411,07:16:09.411,gateio,AERO/USDT:USDT,0.8982,56.0,0.898,445.0,0.8995,22.0,0.8996,219.0
1753600570028,07:16:10.028,gateio,AERO/USDT:USDT,0.8982,56.0,0.898,445.0,0.8995,22.0,0.8996,219.0
1753600570629,07:16:10.629,gateio,AERO/USDT:USDT,0.8982,56.0,0.898,445.0,0.8995,22.0,0.8996,219.0
1753600571250,07:16:11.250,gateio,AERO/USDT:USDT,0.8982,56.0,0.898,445.0,0.8995,22.0,0.8996,219.0
1753600571938,07:16:11.938,gateio,AERO/USDT:USDT,0.898,445.0,0.8978,219.0,0.8995,22.0,0.8996,219.0
1753600572242,07:16:12.242,gateio,AERO/USDT:USDT,0.898,501.0,0.8978,219.0,0.8995,22.0,0.8996,219.0
1753600572293,07:16:12.293,gateio,AERO/USDT:USDT,0.898,613.0,0.8978,219.0,0.8995,22.0,0.8996,219.0
1753600572977,07:16:12.977,gateio,AERO/USDT:USDT,0.8982,219.0,0.898,445.0,0.8995,22.0,0.8996,219.0
1753600573132,07:16:13.132,gateio,AERO/USDT:USDT,0.8982,219.0,0.898,445.0,0.8995,22.0,0.8996,219.0
1753600573462,07:16:13.462,gateio,AERO/USDT:USDT,0.8982,219.0,0.898,445.0,0.8995,22.0,0.8996,219.0
1753600573645,07:16:13.645,gateio,AERO/USDT:USDT,0.8982,288.0,0.898,445.0,0.8995,22.0,0.8996,219.0
1753600573737,07:16:13.737,gateio,AERO/USDT:USDT,0.8982,125.0,0.898,445.0,0.8995,22.0,0.8996,219.0
1753600573840,07:16:13.840,gateio,AERO/USDT:USDT,0.8983,219.0,0.8982,125.0,0.8995,22.0,0.8996,219.0
1753600573859,07:16:13.859,gateio,AERO/USDT:USDT,0.8983,219.0,0.8982,125.0,0.8995,22.0,0.8996,219.0
1753600574114,07:16:14.114,gateio,AERO/USDT:USDT,0.8983,219.0,0.8982,125.0,0.8995,22.0,0.8996,219.0
1753600574349,07:16:14.349,gateio,AERO/USDT:USDT,0.8983,219.0,0.8982,125.0,0.8995,22.0,0.8996,219.0
1753600574829,07:16:14.829,gateio,AERO/USDT:USDT,0.8983,219.0,0.8982,125.0,0.8995,22.0,0.8996,219.0
1753600574869,07:16:14.869,gateio,AERO/USDT:USDT,0.8983,219.0,0.8982,125.0,0.8995,22.0,0.8996,219.0
1753600575003,07:16:15.003,gateio,AERO/USDT:USDT,0.8983,219.0,0.8982,125.0,0.8995,22.0,0.8996,219.0
1753600575397,07:16:15.397,gateio,AERO/USDT:USDT,0.8983,219.0,0.8982,125.0,0.8995,22.0,0.8996,219.0
1753600575586,07:16:15.586,gateio,AERO/USDT:USDT,0.8983,276.0,0.8982,125.0,0.8995,22.0,0.8996,219.0
1753600576220,07:16:16.220,gateio,AERO/USDT:USDT,0.8983,276.0,0.8982,125.0,0.8995,22.0,0.8996,219.0
1753600576932,07:16:16.932,gateio,AERO/USDT:USDT,0.8983,333.0,0.898,445.0,0.8995,22.0,0.8996,219.0
1753600576979,07:16:16.979,gateio,AERO/USDT:USDT,0.8983,390.0,0.898,445.0,0.8995,22.0,0.8996,219.0
1753600577175,07:16:17.175,gateio,AERO/USDT:USDT,0.8984,251.0,0.8983,721.0,0.8995,22.0,0.8996,219.0
1753600579628,07:16:19.628,gateio,AERO/USDT:USDT,0.8984,251.0,0.8983,721.0,0.8995,22.0,0.8996,219.0
1753600579749,07:16:19.749,gateio,AERO/USDT:USDT,0.8984,251.0,0.8983,721.0,0.8995,22.0,0.8996,219.0
1753600580378,07:16:20.378,gateio,AERO/USDT:USDT,0.8984,251.0,0.8983,664.0,0.8995,22.0,0.8996,219.0
1753600582027,07:16:22.027,gateio,AERO/USDT:USDT,0.8983,445.0,0.8979,278.0,0.8995,22.0,0.8996,219.0
1753600582796,07:16:22.796,gateio,AERO/USDT:USDT,0.8983,445.0,0.8979,278.0,0.8995,22.0,0.8996,219.0
1753600583291,07:16:23.291,gateio,AERO/USDT:USDT,0.8983,445.0,0.8979,278.0,0.8995,22.0,0.8996,219.0
1753600584184,07:16:24.184,gateio,AERO/USDT:USDT,0.8983,588.0,0.8979,278.0,0.8995,22.0,0.8996,219.0
1753600584429,07:16:24.429,gateio,AERO/USDT:USDT,0.8983,660.0,0.8979,278.0,0.8995,22.0,0.8996,219.0
1753600584449,07:16:24.449,gateio,AERO/USDT:USDT,0.8983,660.0,0.8979,278.0,0.8995,22.0,0.8996,219.0
1753600585015,07:16:25.015,gateio,AERO/USDT:USDT,0.8983,660.0,0.8979,278.0,0.8995,22.0,0.8996,219.0
1753600585467,07:16:25.467,gateio,AERO/USDT:USDT,0.8983,660.0,0.8979,278.0,0.8995,22.0,0.8996,219.0
1753600586145,07:16:26.145,gateio,AERO/USDT:USDT,0.8983,660.0,0.8979,278.0,0.8995,22.0,0.8996,219.0
1753600586454,07:16:26.454,gateio,AERO/USDT:USDT,0.8983,660.0,0.8979,278.0,0.8995,22.0,0.8996,219.0
1753600587236,07:16:27.236,gateio,AERO/USDT:USDT,0.8983,660.0,0.8979,278.0,0.8995,22.0,0.8996,219.0
1753600587345,07:16:27.345,gateio,AERO/USDT:USDT,0.8984,219.0,0.8983,660.0,0.8995,22.0,0.9,272.0
1753600587365,07:16:27.365,gateio,AERO/USDT:USDT,0.8984,219.0,0.8983,445.0,0.8997,219.0,0.8999,22.0
1753600587452,07:16:27.452,gateio,AERO/USDT:USDT,0.8984,219.0,0.8983,445.0,0.8996,22.0,0.8997,219.0
1753600587658,07:16:27.658,gateio,AERO/USDT:USDT,0.8983,517.0,0.8979,278.0,0.8996,22.0,0.8997,219.0
1753600588080,07:16:28.080,gateio,AERO/USDT:USDT,0.8983,517.0,0.8979,278.0,0.8996,22.0,0.8997,219.0
1753600588263,07:16:28.263,gateio,AERO/USDT:USDT,0.8983,517.0,0.8979,278.0,0.8996,22.0,0.8997,219.0
1753600588541,07:16:28.541,gateio,AERO/USDT:USDT,0.8983,517.0,0.8979,278.0,0.8996,22.0,0.8997,219.0
1753600589230,07:16:29.230,gateio,AERO/USDT:USDT,0.8983,517.0,0.8979,278.0,0.8996,22.0,0.8997,219.0
1753600589626,07:16:29.626,gateio,AERO/USDT:USDT,0.8983,517.0,0.8979,278.0,0.8996,22.0,0.8997,219.0
1753600590126,07:16:30.126,gateio,AERO/USDT:USDT,0.8983,856.0,0.8979,278.0,0.8996,22.0,0.8997,219.0
1753600590155,07:16:30.155,gateio,AERO/USDT:USDT,0.8984,257.0,0.8983,784.0,0.8996,22.0,0.8997,219.0
1753600590383,07:16:30.383,gateio,AERO/USDT:USDT,0.8984,560.0,0.8983,784.0,0.8996,22.0,0.8997,219.0
1753600591003,07:16:31.003,gateio,AERO/USDT:USDT,0.8984,560.0,0.8983,784.0,0.8996,22.0,0.8997,219.0
1753600591496,07:16:31.496,gateio,AERO/USDT:USDT,0.8984,560.0,0.8983,784.0,0.8996,22.0,0.8997,219.0
1753600593390,07:16:33.390,gateio,AERO/USDT:USDT,0.8984,560.0,0.8983,784.0,0.8996,22.0,0.8997,219.0
1753600593907,07:16:33.907,gateio,AERO/USDT:USDT,0.8984,341.0,0.8983,784.0,0.8996,22.0,0.8997,219.0
1753600594038,07:16:34.038,gateio,AERO/USDT:USDT,0.8984,341.0,0.8983,784.0,0.8996,22.0,0.8997,219.0
1753600594068,07:16:34.068,gateio,AERO/USDT:USDT,0.8984,341.0,0.8983,784.0,0.8996,22.0,0.8997,219.0
