timestamp,time,exchange,symbol,bid1_price,bid1_volume,bid2_price,bid2_volume,ask1_price,ask1_volume,ask2_price,ask2_volume
1753599989605,07:06:29.605,huobi,ACT/USDT:USDT,0.04593,16.0,0.04582,993.0,0.0464,146.0,0.04641,1452.0
1753599989674,07:06:29.674,huobi,ACT/USDT:USDT,0.04593,16.0,0.04582,993.0,0.0464,146.0,0.04641,1452.0
1753599990754,07:06:30.754,huobi,ACT/USDT:USDT,0.04593,16.0,0.04582,993.0,0.0464,146.0,0.04641,1452.0
1753599990977,07:06:30.977,huobi,ACT/USDT:USDT,0.04593,41.0,0.04586,993.0,0.0464,146.0,0.04641,1452.0
1753599991136,07:06:31.136,huobi,ACT/USDT:USDT,0.04593,41.0,0.04586,993.0,0.0464,146.0,0.04641,1452.0
1753599991170,07:06:31.170,huobi,ACT/USDT:USDT,0.04593,41.0,0.04586,993.0,0.0464,146.0,0.04641,1452.0
1753599991206,07:06:31.206,huobi,ACT/USDT:USDT,0.04593,41.0,0.04586,993.0,0.0464,146.0,0.04641,1452.0
1753599991234,07:06:31.234,huobi,ACT/USDT:USDT,0.04593,41.0,0.04586,993.0,0.0464,146.0,0.04641,1452.0
1753599991264,07:06:31.264,huobi,ACT/USDT:USDT,0.04593,41.0,0.04586,993.0,0.0464,146.0,0.04641,1452.0
1753599991297,07:06:31.297,huobi,ACT/USDT:USDT,0.04593,41.0,0.04586,993.0,0.0464,146.0,0.04641,1452.0
1753599991374,07:06:31.374,huobi,ACT/USDT:USDT,0.04593,41.0,0.04586,993.0,0.0464,146.0,0.04641,1452.0
1753599991487,07:06:31.487,huobi,ACT/USDT:USDT,0.04593,41.0,0.04586,993.0,0.0464,146.0,0.04641,1452.0
1753599991753,07:06:31.753,huobi,ACT/USDT:USDT,0.04593,41.0,0.04586,993.0,0.0464,146.0,0.04641,1452.0
1753599992416,07:06:32.416,huobi,ACT/USDT:USDT,0.04593,41.0,0.04586,993.0,0.0464,146.0,0.04641,993.0
1753599992438,07:06:32.438,huobi,ACT/USDT:USDT,0.04593,41.0,0.04586,993.0,0.0464,146.0,0.04641,1678.0
1753599996043,07:06:36.043,huobi,ACT/USDT:USDT,0.04593,41.0,0.04586,2877.0,0.0464,146.0,0.04641,993.0
1753599996402,07:06:36.402,huobi,ACT/USDT:USDT,0.04593,41.0,0.04586,2877.0,0.0464,146.0,0.04641,1730.0
1753599996448,07:06:36.448,huobi,ACT/USDT:USDT,0.04593,41.0,0.04586,2877.0,0.0464,146.0,0.04641,1730.0
1753599996656,07:06:36.656,huobi,ACT/USDT:USDT,0.04593,41.0,0.04586,993.0,0.0464,146.0,0.04641,1730.0
1753599996960,07:06:36.960,huobi,ACT/USDT:USDT,0.04593,41.0,0.04592,1884.0,0.0464,146.0,0.04641,1730.0
1753599996975,07:06:36.975,huobi,ACT/USDT:USDT,0.04593,1034.0,0.04592,1884.0,0.0464,146.0,0.04641,1730.0
1753599997083,07:06:37.083,huobi,ACT/USDT:USDT,0.04593,1034.0,0.04592,1884.0,0.0464,146.0,0.04641,1730.0
1753599997186,07:06:37.186,huobi,ACT/USDT:USDT,0.04593,1034.0,0.04578,2216.0,0.0464,146.0,0.04641,1730.0
1753599997298,07:06:37.298,huobi,ACT/USDT:USDT,0.04593,1034.0,0.04578,2216.0,0.0464,146.0,0.04641,1730.0
1753599997331,07:06:37.331,huobi,ACT/USDT:USDT,0.04593,41.0,0.04577,912.0,0.0464,146.0,0.04641,1730.0
1753599997367,07:06:37.367,huobi,ACT/USDT:USDT,0.04593,41.0,0.04582,993.0,0.0464,146.0,0.04641,1730.0
1753599997588,07:06:37.588,huobi,ACT/USDT:USDT,0.04593,41.0,0.04582,993.0,0.0464,146.0,0.04641,1730.0
1753599998599,07:06:38.599,huobi,ACT/USDT:USDT,0.04593,41.0,0.04591,1884.0,0.0464,146.0,0.04641,1730.0
1753599998722,07:06:38.722,huobi,ACT/USDT:USDT,0.04593,41.0,0.04592,993.0,0.0464,146.0,0.04641,1730.0
1753600000518,07:06:40.518,huobi,ACT/USDT:USDT,0.04593,41.0,0.04592,1072.0,0.0464,146.0,0.04641,1730.0
1753600001449,07:06:41.449,huobi,ACT/USDT:USDT,0.04593,41.0,0.04592,993.0,0.0464,146.0,0.04641,1730.0
1753600001469,07:06:41.469,huobi,ACT/USDT:USDT,0.04593,41.0,0.04592,1106.0,0.0464,146.0,0.04641,1730.0
1753600002825,07:06:42.825,huobi,ACT/USDT:USDT,0.04593,41.0,0.04592,1106.0,0.0464,146.0,0.04641,1730.0
1753600005995,07:06:45.995,huobi,ACT/USDT:USDT,0.04593,41.0,0.04592,1106.0,0.0464,146.0,0.04641,993.0
1753600006057,07:06:46.057,huobi,ACT/USDT:USDT,0.04593,41.0,0.04592,993.0,0.0464,146.0,0.04641,1730.0
1753600007031,07:06:47.031,huobi,ACT/USDT:USDT,0.04593,41.0,0.04592,1106.0,0.0464,146.0,0.04641,1730.0
1753600007236,07:06:47.236,huobi,ACT/USDT:USDT,0.04593,26.0,0.04592,1106.0,0.0464,146.0,0.04641,1730.0
1753600007268,07:06:47.268,huobi,ACT/USDT:USDT,0.04592,993.0,0.04591,1884.0,0.0464,146.0,0.04641,1730.0
1753600007308,07:06:47.308,huobi,ACT/USDT:USDT,0.04593,15.0,0.04592,993.0,0.0464,146.0,0.04641,1730.0
1753600007326,07:06:47.326,huobi,ACT/USDT:USDT,0.04593,41.0,0.04592,993.0,0.0464,146.0,0.04641,1730.0
1753600007392,07:06:47.392,huobi,ACT/USDT:USDT,0.04593,41.0,0.04592,993.0,0.0464,146.0,0.04641,1730.0
1753600008052,07:06:48.052,huobi,ACT/USDT:USDT,0.04593,41.0,0.04592,1106.0,0.0464,146.0,0.04641,737.0
1753600008318,07:06:48.318,huobi,ACT/USDT:USDT,0.04593,41.0,0.04592,1106.0,0.0464,1139.0,0.04641,737.0
1753600008951,07:06:48.951,huobi,ACT/USDT:USDT,0.04593,15.0,0.04592,1106.0,0.0464,1139.0,0.04641,737.0
1753600008970,07:06:48.970,huobi,ACT/USDT:USDT,0.04592,1106.0,0.04591,1884.0,0.0464,1139.0,0.04641,737.0
1753600009020,07:06:49.020,huobi,ACT/USDT:USDT,0.04592,993.0,0.04591,1997.0,0.0464,1076.0,0.04641,737.0
1753600009038,07:06:49.038,huobi,ACT/USDT:USDT,0.04593,41.0,0.04592,993.0,0.0464,1076.0,0.04641,737.0
1753600009068,07:06:49.068,huobi,ACT/USDT:USDT,0.04593,41.0,0.04592,993.0,0.0464,1076.0,0.04641,737.0
1753600009087,07:06:49.087,huobi,ACT/USDT:USDT,0.04593,41.0,0.04592,993.0,0.04639,63.0,0.0464,1076.0
1753600009125,07:06:49.125,huobi,ACT/USDT:USDT,0.04593,41.0,0.04592,1106.0,0.04639,1056.0,0.0464,1076.0
1753600009210,07:06:49.210,huobi,ACT/USDT:USDT,0.04593,41.0,0.04592,1106.0,0.04639,1056.0,0.0464,820.0
1753600009307,07:06:49.307,huobi,ACT/USDT:USDT,0.04593,41.0,0.04592,1106.0,0.04639,993.0,0.0464,820.0
1753600009394,07:06:49.394,huobi,ACT/USDT:USDT,0.04593,41.0,0.04592,1106.0,0.04638,63.0,0.04639,993.0
1753600009420,07:06:49.420,huobi,ACT/USDT:USDT,0.04593,41.0,0.04592,1106.0,0.04638,63.0,0.0464,820.0
1753600010285,07:06:50.285,huobi,ACT/USDT:USDT,0.04593,41.0,0.04592,993.0,0.04638,63.0,0.04639,737.0
1753600010452,07:06:50.452,huobi,ACT/USDT:USDT,0.04593,15.0,0.04592,993.0,0.04638,63.0,0.04639,737.0
1753600010466,07:06:50.466,huobi,ACT/USDT:USDT,0.04592,993.0,0.04591,1884.0,0.04638,63.0,0.04639,737.0
1753600010522,07:06:50.522,huobi,ACT/USDT:USDT,0.04593,26.0,0.04592,993.0,0.04638,63.0,0.04639,737.0
1753600010636,07:06:50.636,huobi,ACT/USDT:USDT,0.04593,41.0,0.04592,993.0,0.04638,63.0,0.04639,737.0
1753600010662,07:06:50.662,huobi,ACT/USDT:USDT,0.04593,41.0,0.04592,993.0,0.04638,63.0,0.04639,737.0
1753600011156,07:06:51.156,huobi,ACT/USDT:USDT,0.04593,15.0,0.04592,993.0,0.04638,63.0,0.04639,737.0
1753600011224,07:06:51.224,huobi,ACT/USDT:USDT,0.04593,26.0,0.04592,993.0,0.04638,63.0,0.04639,737.0
1753600011270,07:06:51.270,huobi,ACT/USDT:USDT,0.04593,41.0,0.04592,993.0,0.04637,83.0,0.04638,63.0
1753600011274,07:06:51.274,huobi,ACT/USDT:USDT,0.04593,41.0,0.04592,993.0,0.04637,83.0,0.04638,800.0
1753600011396,07:06:51.396,huobi,ACT/USDT:USDT,0.04593,41.0,0.04592,993.0,0.04637,1076.0,0.04638,800.0
1753600011691,07:06:51.691,huobi,ACT/USDT:USDT,0.04593,26.0,0.04592,993.0,0.04637,1076.0,0.04638,800.0
1753600011705,07:06:51.705,huobi,ACT/USDT:USDT,0.04592,993.0,0.04591,1884.0,0.04637,1076.0,0.04638,800.0
1753600011802,07:06:51.802,huobi,ACT/USDT:USDT,0.04593,15.0,0.04592,993.0,0.04637,1076.0,0.04638,800.0
1753600011829,07:06:51.829,huobi,ACT/USDT:USDT,0.04593,41.0,0.04592,993.0,0.04637,1076.0,0.04638,800.0
1753600011881,07:06:51.881,huobi,ACT/USDT:USDT,0.04593,15.0,0.04592,993.0,0.04637,1076.0,0.04638,800.0
1753600011918,07:06:51.918,huobi,ACT/USDT:USDT,0.04592,993.0,0.04591,1997.0,0.04637,1076.0,0.04638,800.0
1753600011936,07:06:51.936,huobi,ACT/USDT:USDT,0.04592,993.0,0.04591,1884.0,0.04637,1076.0,0.04638,800.0
1753600011987,07:06:51.987,huobi,ACT/USDT:USDT,0.04593,41.0,0.04592,993.0,0.04637,1076.0,0.04638,800.0
1753600011995,07:06:51.995,huobi,ACT/USDT:USDT,0.04593,41.0,0.04592,993.0,0.04637,1076.0,0.04638,800.0
1753600015457,07:06:55.457,huobi,ACT/USDT:USDT,0.04593,41.0,0.04592,993.0,0.04637,1076.0,0.04638,63.0
1753600015484,07:06:55.484,huobi,ACT/USDT:USDT,0.04593,41.0,0.04592,993.0,0.04637,83.0,0.04638,63.0
1753600015605,07:06:55.605,huobi,ACT/USDT:USDT,0.04593,41.0,0.04592,993.0,0.04637,83.0,0.04638,800.0
1753600015646,07:06:55.646,huobi,ACT/USDT:USDT,0.04593,41.0,0.04592,993.0,0.04637,83.0,0.04638,800.0
1753600015674,07:06:55.674,huobi,ACT/USDT:USDT,0.04593,41.0,0.04592,993.0,0.04637,1076.0,0.04638,800.0
1753600015784,07:06:55.784,huobi,ACT/USDT:USDT,0.04593,41.0,0.04592,993.0,0.04637,1076.0,0.04638,800.0
1753600019075,07:06:59.075,huobi,ACT/USDT:USDT,0.04593,41.0,0.04592,993.0,0.04637,1076.0,0.04638,800.0
1753600020465,07:07:00.465,huobi,ACT/USDT:USDT,0.04593,41.0,0.04592,993.0,0.04637,1076.0,0.04638,63.0
1753600020502,07:07:00.502,huobi,ACT/USDT:USDT,0.04593,41.0,0.04592,993.0,0.04637,83.0,0.04638,63.0
1753600020519,07:07:00.519,huobi,ACT/USDT:USDT,0.04593,41.0,0.04592,993.0,0.04637,83.0,0.04638,643.0
1753600020576,07:07:00.576,huobi,ACT/USDT:USDT,0.04593,41.0,0.04592,993.0,0.04637,1076.0,0.04638,643.0
1753600020643,07:07:00.643,huobi,ACT/USDT:USDT,0.04593,41.0,0.04592,993.0,0.04637,1076.0,0.04638,643.0
1753600020737,07:07:00.737,huobi,ACT/USDT:USDT,0.04593,41.0,0.04592,993.0,0.04636,52.0,0.04637,1076.0
1753600020806,07:07:00.806,huobi,ACT/USDT:USDT,0.04593,41.0,0.04592,993.0,0.04636,52.0,0.04637,1076.0
1753600020856,07:07:00.856,huobi,ACT/USDT:USDT,0.04593,41.0,0.04592,993.0,0.04636,52.0,0.04637,663.0
1753600020874,07:07:00.874,huobi,ACT/USDT:USDT,0.04593,41.0,0.04592,993.0,0.04636,52.0,0.04637,663.0
1753600021231,07:07:01.231,huobi,ACT/USDT:USDT,0.04593,41.0,0.04592,993.0,0.04637,663.0,0.04641,993.0
1753600021297,07:07:01.297,huobi,ACT/USDT:USDT,0.04593,41.0,0.04592,993.0,0.04636,39.0,0.04637,663.0
1753600022446,07:07:02.446,huobi,ACT/USDT:USDT,0.04593,41.0,0.04592,993.0,0.04636,39.0,0.04637,83.0
1753600022501,07:07:02.501,huobi,ACT/USDT:USDT,0.04593,41.0,0.04592,993.0,0.04636,39.0,0.04637,556.0
1753600025560,07:07:05.560,huobi,ACT/USDT:USDT,0.04593,41.0,0.04592,993.0,0.04636,39.0,0.04637,83.0
1753600025749,07:07:05.749,huobi,ACT/USDT:USDT,0.04593,41.0,0.04592,993.0,0.04636,39.0,0.04637,456.0
1753600027496,07:07:07.496,huobi,ACT/USDT:USDT,0.04593,41.0,0.04592,993.0,0.04636,39.0,0.04637,83.0
1753600027589,07:07:07.589,huobi,ACT/USDT:USDT,0.04593,41.0,0.04592,993.0,0.04636,39.0,0.04637,388.0
1753600029524,07:07:09.524,huobi,ACT/USDT:USDT,0.04593,41.0,0.04592,993.0,0.04636,39.0,0.04637,83.0
1753600030171,07:07:10.171,huobi,ACT/USDT:USDT,0.04593,26.0,0.04592,993.0,0.04636,39.0,0.04637,311.0
1753600030178,07:07:10.178,huobi,ACT/USDT:USDT,0.04592,993.0,0.04591,1997.0,0.04636,39.0,0.04637,311.0
1753600030253,07:07:10.253,huobi,ACT/USDT:USDT,0.04593,5.0,0.04592,993.0,0.04636,39.0,0.04637,311.0
1753600030645,07:07:10.645,huobi,ACT/USDT:USDT,0.04593,10.0,0.04592,993.0,0.04636,39.0,0.04637,83.0
1753600030659,07:07:10.659,huobi,ACT/USDT:USDT,0.04593,10.0,0.04592,993.0,0.04636,39.0,0.04637,83.0
1753600033691,07:07:13.691,huobi,ACT/USDT:USDT,0.04593,10.0,0.04592,1114.0,0.04636,39.0,0.04637,230.0
1753600033722,07:07:13.722,huobi,ACT/USDT:USDT,0.04592,121.0,0.04591,1884.0,0.04636,1032.0,0.04641,993.0
1753600033752,07:07:13.752,huobi,ACT/USDT:USDT,0.04591,1884.0,0.04589,2216.0,0.04636,1032.0,0.04637,114.0
1753600033788,07:07:13.788,huobi,ACT/USDT:USDT,0.04592,15.0,0.04591,1884.0,0.04635,83.0,0.04636,39.0
1753600033815,07:07:13.815,huobi,ACT/USDT:USDT,0.04593,26.0,0.04592,15.0,0.04635,83.0,0.04636,39.0
1753600033850,07:07:13.850,huobi,ACT/USDT:USDT,0.04593,26.0,0.04592,15.0,0.04635,83.0,0.04636,39.0
1753600033888,07:07:13.888,huobi,ACT/USDT:USDT,0.04593,26.0,0.04592,136.0,0.04635,83.0,0.04636,39.0
1753600033902,07:07:13.902,huobi,ACT/USDT:USDT,0.04593,26.0,0.04592,136.0,0.04635,83.0,0.04636,1032.0
1753600033977,07:07:13.977,huobi,ACT/USDT:USDT,0.04593,26.0,0.04592,136.0,0.04635,83.0,0.04636,39.0
1753600033999,07:07:13.999,huobi,ACT/USDT:USDT,0.04593,26.0,0.04592,136.0,0.04635,83.0,0.04636,39.0
1753600034017,07:07:14.017,huobi,ACT/USDT:USDT,0.04593,26.0,0.04592,136.0,0.04635,83.0,0.04636,153.0
1753600034139,07:07:14.139,huobi,ACT/USDT:USDT,0.04593,26.0,0.04592,1129.0,0.04635,83.0,0.04636,153.0
1753600034540,07:07:14.540,huobi,ACT/USDT:USDT,0.04593,26.0,0.04592,1114.0,0.04635,83.0,0.04636,153.0
1753600034553,07:07:14.553,huobi,ACT/USDT:USDT,0.04592,993.0,0.04591,1884.0,0.04635,83.0,0.04636,153.0
1753600034608,07:07:14.608,huobi,ACT/USDT:USDT,0.04593,15.0,0.04592,993.0,0.04635,83.0,0.04636,153.0
1753600034617,07:07:14.617,huobi,ACT/USDT:USDT,0.04593,41.0,0.04592,993.0,0.04635,83.0,0.04636,153.0
1753600034667,07:07:14.667,huobi,ACT/USDT:USDT,0.04593,1034.0,0.04592,993.0,0.04635,83.0,0.04636,153.0
1753600034740,07:07:14.740,huobi,ACT/USDT:USDT,0.04593,1034.0,0.04592,127.0,0.04635,83.0,0.04636,153.0
1753600034887,07:07:14.887,huobi,ACT/USDT:USDT,0.04593,1034.0,0.04592,127.0,0.04635,83.0,0.04636,153.0
1753600034938,07:07:14.938,huobi,ACT/USDT:USDT,0.04593,1034.0,0.04592,127.0,0.04635,83.0,0.04636,153.0
1753600034950,07:07:14.950,huobi,ACT/USDT:USDT,0.04593,41.0,0.04592,127.0,0.04635,83.0,0.04636,153.0
1753600034981,07:07:14.981,huobi,ACT/USDT:USDT,0.04593,1034.0,0.04592,1120.0,0.04635,83.0,0.04636,153.0
1753600035060,07:07:15.060,huobi,ACT/USDT:USDT,0.04593,1034.0,0.04592,1120.0,0.04635,83.0,0.04636,153.0
1753600035067,07:07:15.067,huobi,ACT/USDT:USDT,0.04593,1034.0,0.04592,1120.0,0.04635,83.0,0.04636,153.0
1753600035298,07:07:15.298,huobi,ACT/USDT:USDT,0.04593,1034.0,0.04592,127.0,0.04635,83.0,0.04636,153.0
1753600035314,07:07:15.314,huobi,ACT/USDT:USDT,0.04594,993.0,0.04593,1034.0,0.04635,83.0,0.04636,153.0
1753600035423,07:07:15.423,huobi,ACT/USDT:USDT,0.04594,993.0,0.04593,41.0,0.04635,83.0,0.04636,153.0
1753600035502,07:07:15.502,huobi,ACT/USDT:USDT,0.04594,993.0,0.04593,41.0,0.04635,83.0,0.04636,153.0
1753600035659,07:07:15.659,huobi,ACT/USDT:USDT,0.04594,993.0,0.04593,41.0,0.04635,83.0,0.04636,153.0
1753600035673,07:07:15.673,huobi,ACT/USDT:USDT,0.04593,41.0,0.04592,127.0,0.04635,83.0,0.04636,153.0
1753600035732,07:07:15.732,huobi,ACT/USDT:USDT,0.04593,41.0,0.04592,127.0,0.04635,83.0,0.04636,153.0
1753600035851,07:07:15.851,huobi,ACT/USDT:USDT,0.04593,41.0,0.04592,127.0,0.04635,83.0,0.04636,153.0
1753600036836,07:07:16.836,huobi,ACT/USDT:USDT,0.04593,41.0,0.04592,127.0,0.04635,83.0,0.04636,153.0
1753600036939,07:07:16.939,huobi,ACT/USDT:USDT,0.04593,41.0,0.04592,127.0,0.04635,83.0,0.04636,153.0
1753600037050,07:07:17.050,huobi,ACT/USDT:USDT,0.04593,41.0,0.04592,127.0,0.04635,83.0,0.04636,153.0
1753600037161,07:07:17.161,huobi,ACT/USDT:USDT,0.04593,41.0,0.04592,127.0,0.04635,83.0,0.04636,153.0
1753600037176,07:07:17.176,huobi,ACT/USDT:USDT,0.04593,41.0,0.04592,127.0,0.04635,83.0,0.04636,153.0
1753600037284,07:07:17.284,huobi,ACT/USDT:USDT,0.04593,41.0,0.04592,127.0,0.04635,83.0,0.04636,153.0
1753600037300,07:07:17.300,huobi,ACT/USDT:USDT,0.04593,1034.0,0.04592,127.0,0.04635,83.0,0.04636,153.0
1753600037317,07:07:17.317,huobi,ACT/USDT:USDT,0.04593,1034.0,0.04592,127.0,0.04635,83.0,0.04636,153.0
1753600037408,07:07:17.408,huobi,ACT/USDT:USDT,0.04593,1034.0,0.04592,127.0,0.04635,83.0,0.04636,153.0
1753600037496,07:07:17.496,huobi,ACT/USDT:USDT,0.04593,1034.0,0.04592,127.0,0.04635,83.0,0.04636,153.0
1753600037501,07:07:17.501,huobi,ACT/USDT:USDT,0.04593,1034.0,0.04592,127.0,0.04635,83.0,0.04636,153.0
1753600037684,07:07:17.684,huobi,ACT/USDT:USDT,0.04593,1034.0,0.04592,127.0,0.04635,83.0,0.04636,153.0
1753600038163,07:07:18.163,huobi,ACT/USDT:USDT,0.04593,1034.0,0.04592,127.0,0.04635,83.0,0.04636,153.0
1753600041467,07:07:21.467,huobi,ACT/USDT:USDT,0.04593,1034.0,0.04589,1888.0,0.04635,83.0,0.04636,153.0
1753600041487,07:07:21.487,huobi,ACT/USDT:USDT,0.04593,41.0,0.0459,993.0,0.04635,83.0,0.04636,39.0
1753600041546,07:07:21.546,huobi,ACT/USDT:USDT,0.04593,41.0,0.0459,1120.0,0.04635,83.0,0.04636,141.0
1753600041588,07:07:21.588,huobi,ACT/USDT:USDT,0.04593,41.0,0.0459,1120.0,0.04635,83.0,0.04636,141.0
1753600041763,07:07:21.763,huobi,ACT/USDT:USDT,0.04593,41.0,0.0459,1120.0,0.04635,83.0,0.04636,141.0
1753600041937,07:07:21.937,huobi,ACT/USDT:USDT,0.04593,41.0,0.0459,1120.0,0.04635,83.0,0.04636,141.0
1753600042067,07:07:22.067,huobi,ACT/USDT:USDT,0.04593,41.0,0.0459,1120.0,0.04635,83.0,0.04636,141.0
1753600042346,07:07:22.346,huobi,ACT/USDT:USDT,0.04593,41.0,0.0459,127.0,0.04635,83.0,0.04636,141.0
1753600042361,07:07:22.361,huobi,ACT/USDT:USDT,0.04593,15.0,0.0459,127.0,0.04635,83.0,0.04636,141.0
1753600042410,07:07:22.410,huobi,ACT/USDT:USDT,0.0459,127.0,0.04589,1888.0,0.04635,83.0,0.04636,141.0
1753600042444,07:07:22.444,huobi,ACT/USDT:USDT,0.04593,15.0,0.04589,1888.0,0.04635,83.0,0.04636,141.0
1753600042455,07:07:22.455,huobi,ACT/USDT:USDT,0.04593,16.0,0.04589,1888.0,0.04635,83.0,0.04636,141.0
1753600042495,07:07:22.495,huobi,ACT/USDT:USDT,0.04593,16.0,0.04589,2015.0,0.04635,83.0,0.04636,141.0
1753600042509,07:07:22.509,huobi,ACT/USDT:USDT,0.04593,1.0,0.04589,1888.0,0.04635,83.0,0.04636,141.0
1753600042545,07:07:22.545,huobi,ACT/USDT:USDT,0.0459,127.0,0.04589,1888.0,0.04635,83.0,0.04636,141.0
1753600042597,07:07:22.597,huobi,ACT/USDT:USDT,0.04593,15.0,0.04589,1888.0,0.04635,83.0,0.04636,102.0
1753600042624,07:07:22.624,huobi,ACT/USDT:USDT,0.04593,41.0,0.04589,1888.0,0.04635,146.0,0.04636,102.0
1753600042656,07:07:22.656,huobi,ACT/USDT:USDT,0.04593,41.0,0.0459,993.0,0.04635,146.0,0.04636,102.0
1753600042917,07:07:22.917,huobi,ACT/USDT:USDT,0.04593,41.0,0.0459,1120.0,0.04635,83.0,0.04636,102.0
1753600042994,07:07:22.994,huobi,ACT/USDT:USDT,0.04593,41.0,0.0459,1120.0,0.04635,146.0,0.04636,102.0
1753600043208,07:07:23.208,huobi,ACT/USDT:USDT,0.04593,41.0,0.0459,1120.0,0.04635,146.0,0.04636,102.0
1753600043365,07:07:23.365,huobi,ACT/USDT:USDT,0.0461,75.0,0.04593,41.0,0.04635,146.0,0.04636,102.0
1753600043377,07:07:23.377,huobi,ACT/USDT:USDT,0.04593,41.0,0.0459,993.0,0.04635,146.0,0.04636,102.0
1753600043416,07:07:23.416,huobi,ACT/USDT:USDT,0.04594,127.0,0.04593,41.0,0.04635,146.0,0.04636,102.0
1753600043436,07:07:23.436,huobi,ACT/USDT:USDT,0.04591,127.0,0.0459,993.0,0.04635,146.0,0.04636,102.0
1753600043472,07:07:23.472,huobi,ACT/USDT:USDT,0.0459,993.0,0.04589,1888.0,0.04635,146.0,0.04636,102.0
1753600043494,07:07:23.494,huobi,ACT/USDT:USDT,0.0459,993.0,0.04589,1888.0,0.04635,146.0,0.04636,102.0
1753600043528,07:07:23.528,huobi,ACT/USDT:USDT,0.04594,15.0,0.04593,26.0,0.04635,146.0,0.04636,102.0
1753600043567,07:07:23.567,huobi,ACT/USDT:USDT,0.04594,15.0,0.04593,26.0,0.04635,146.0,0.04636,102.0
1753600043714,07:07:23.714,huobi,ACT/USDT:USDT,0.04594,15.0,0.04593,26.0,0.04635,146.0,0.04636,102.0
1753600043748,07:07:23.748,huobi,ACT/USDT:USDT,0.04594,15.0,0.04593,26.0,0.04635,146.0,0.04636,102.0
1753600043782,07:07:23.782,huobi,ACT/USDT:USDT,0.04594,15.0,0.04593,26.0,0.04635,146.0,0.04636,102.0
1753600043820,07:07:23.820,huobi,ACT/USDT:USDT,0.04594,15.0,0.04593,26.0,0.04635,146.0,0.04636,102.0
1753600043854,07:07:23.854,huobi,ACT/USDT:USDT,0.04594,15.0,0.04593,26.0,0.04635,1139.0,0.04636,102.0
1753600043893,07:07:23.893,huobi,ACT/USDT:USDT,0.04594,15.0,0.04593,26.0,0.04635,1139.0,0.04636,102.0
1753600043962,07:07:23.962,huobi,ACT/USDT:USDT,0.04594,15.0,0.04593,26.0,0.04635,1139.0,0.04636,102.0
1753600046429,07:07:26.429,huobi,ACT/USDT:USDT,0.04594,15.0,0.04593,26.0,0.04635,1139.0,0.04642,2830.0
1753600046441,07:07:26.441,huobi,ACT/USDT:USDT,0.04594,15.0,0.04593,26.0,0.04635,146.0,0.04636,128.0
1753600046467,07:07:26.467,huobi,ACT/USDT:USDT,0.04594,15.0,0.04593,26.0,0.04635,1139.0,0.04641,993.0
1753600046575,07:07:26.575,huobi,ACT/USDT:USDT,0.04594,15.0,0.04593,26.0,0.04635,1139.0,0.0464,128.0
1753600046592,07:07:26.592,huobi,ACT/USDT:USDT,0.04594,15.0,0.04593,26.0,0.04634,993.0,0.04635,1139.0
1753600046702,07:07:26.702,huobi,ACT/USDT:USDT,0.04594,15.0,0.04593,26.0,0.04634,993.0,0.04635,146.0
1753600046959,07:07:26.959,huobi,ACT/USDT:USDT,0.04594,15.0,0.04593,26.0,0.04634,993.0,0.04635,146.0
1753600046978,07:07:26.978,huobi,ACT/USDT:USDT,0.04594,15.0,0.04593,26.0,0.04635,146.0,0.04641,993.0
1753600047007,07:07:27.007,huobi,ACT/USDT:USDT,0.04594,15.0,0.04593,26.0,0.04635,146.0,0.0464,157.0
1753600047039,07:07:27.039,huobi,ACT/USDT:USDT,0.0459,993.0,0.04589,2015.0,0.04635,146.0,0.0464,157.0
1753600047092,07:07:27.092,huobi,ACT/USDT:USDT,0.04591,15.0,0.0459,993.0,0.04635,146.0,0.0464,157.0
1753600047124,07:07:27.124,huobi,ACT/USDT:USDT,0.04591,15.0,0.0459,993.0,0.04635,146.0,0.0464,157.0
1753600047180,07:07:27.180,huobi,ACT/USDT:USDT,0.04594,26.0,0.04591,1008.0,0.04635,146.0,0.0464,157.0
1753600047217,07:07:27.217,huobi,ACT/USDT:USDT,0.04594,26.0,0.04592,127.0,0.04635,146.0,0.0464,157.0
1753600047259,07:07:27.259,huobi,ACT/USDT:USDT,0.04594,26.0,0.04592,127.0,0.04635,146.0,0.0464,157.0
1753600047275,07:07:27.275,huobi,ACT/USDT:USDT,0.04594,26.0,0.04592,1120.0,0.04635,146.0,0.0464,157.0
1753600047366,07:07:27.366,huobi,ACT/USDT:USDT,0.04594,41.0,0.04592,1120.0,0.04635,146.0,0.0464,157.0
1753600047435,07:07:27.435,huobi,ACT/USDT:USDT,0.04594,41.0,0.04592,1120.0,0.04635,146.0,0.0464,157.0
1753600047541,07:07:27.541,huobi,ACT/USDT:USDT,0.04594,41.0,0.04593,993.0,0.04635,146.0,0.0464,157.0
1753600047559,07:07:27.559,huobi,ACT/USDT:USDT,0.04594,41.0,0.04593,993.0,0.04635,146.0,0.0464,157.0
1753600048178,07:07:28.178,huobi,ACT/USDT:USDT,0.04594,41.0,0.04592,127.0,0.04635,146.0,0.0464,157.0
1753600048216,07:07:28.216,huobi,ACT/USDT:USDT,0.04594,41.0,0.04592,127.0,0.04635,146.0,0.0464,157.0
1753600048239,07:07:28.239,huobi,ACT/USDT:USDT,0.04594,41.0,0.04592,127.0,0.04635,146.0,0.0464,157.0
1753600048338,07:07:28.338,huobi,ACT/USDT:USDT,0.04594,41.0,0.04592,127.0,0.04635,146.0,0.0464,157.0
1753600048414,07:07:28.414,huobi,ACT/USDT:USDT,0.04594,41.0,0.04592,127.0,0.04635,146.0,0.0464,157.0
1753600048484,07:07:28.484,huobi,ACT/USDT:USDT,0.04594,41.0,0.04592,127.0,0.04635,146.0,0.0464,157.0
1753600048571,07:07:28.571,huobi,ACT/USDT:USDT,0.04594,41.0,0.04592,127.0,0.04635,146.0,0.0464,157.0
1753600048602,07:07:28.602,huobi,ACT/USDT:USDT,0.04594,41.0,0.04593,993.0,0.04635,146.0,0.0464,157.0
1753600048671,07:07:28.671,huobi,ACT/USDT:USDT,0.04594,41.0,0.04593,993.0,0.04635,146.0,0.0464,157.0
1753600049331,07:07:29.331,huobi,ACT/USDT:USDT,0.04594,15.0,0.04593,993.0,0.04635,146.0,0.0464,157.0
1753600049345,07:07:29.345,huobi,ACT/USDT:USDT,0.04592,127.0,0.04586,1888.0,0.04635,146.0,0.0464,157.0
1753600049390,07:07:29.390,huobi,ACT/USDT:USDT,0.04587,993.0,0.04536,228.0,0.04635,146.0,0.0464,157.0
1753600049556,07:07:29.556,huobi,ACT/USDT:USDT,0.04594,41.0,0.04587,993.0,0.04635,146.0,0.0464,157.0
1753600049595,07:07:29.595,huobi,ACT/USDT:USDT,0.04594,41.0,0.04588,127.0,0.04635,83.0,0.0464,157.0
1753600049706,07:07:29.706,huobi,ACT/USDT:USDT,0.04594,41.0,0.04589,993.0,0.04635,146.0,0.0464,157.0
1753600050265,07:07:30.265,huobi,ACT/USDT:USDT,0.04594,41.0,0.04589,993.0,0.04635,146.0,0.0464,157.0
1753600050283,07:07:30.283,huobi,ACT/USDT:USDT,0.04594,41.0,0.0459,127.0,0.04635,146.0,0.0464,157.0
1753600050305,07:07:30.305,huobi,ACT/USDT:USDT,0.04594,41.0,0.04591,993.0,0.04635,146.0,0.0464,157.0
1753600050418,07:07:30.418,huobi,ACT/USDT:USDT,0.04594,41.0,0.04591,993.0,0.04635,146.0,0.0464,157.0
1753600050497,07:07:30.497,huobi,ACT/USDT:USDT,0.04594,41.0,0.04591,993.0,0.04635,146.0,0.0464,157.0
1753600050779,07:07:30.779,huobi,ACT/USDT:USDT,0.04594,41.0,0.04592,127.0,0.04635,146.0,0.0464,157.0
1753600050826,07:07:30.826,huobi,ACT/USDT:USDT,0.04594,41.0,0.04592,127.0,0.04635,146.0,0.0464,157.0
1753600050847,07:07:30.847,huobi,ACT/USDT:USDT,0.04594,41.0,0.04593,993.0,0.04635,146.0,0.0464,157.0
1753600050954,07:07:30.954,huobi,ACT/USDT:USDT,0.04594,41.0,0.04593,993.0,0.04635,146.0,0.0464,157.0
1753600051059,07:07:31.059,huobi,ACT/USDT:USDT,0.04594,41.0,0.04593,993.0,0.04635,146.0,0.0464,157.0
1753600051722,07:07:31.722,huobi,ACT/USDT:USDT,0.04594,41.0,0.04593,993.0,0.04635,83.0,0.0464,157.0
1753600051785,07:07:31.785,huobi,ACT/USDT:USDT,0.04594,41.0,0.04593,993.0,0.04635,83.0,0.0464,157.0
1753600052270,07:07:32.270,huobi,ACT/USDT:USDT,0.04594,15.0,0.04593,993.0,0.04635,146.0,0.0464,157.0
1753600052290,07:07:32.290,huobi,ACT/USDT:USDT,0.04592,127.0,0.04585,993.0,0.04635,146.0,0.0464,157.0
1753600052341,07:07:32.341,huobi,ACT/USDT:USDT,0.04594,1.0,0.04592,127.0,0.04635,146.0,0.0464,157.0
1753600052399,07:07:32.399,huobi,ACT/USDT:USDT,0.04594,1.0,0.04592,128.0,0.04635,146.0,0.0464,157.0
1753600052410,07:07:32.410,huobi,ACT/USDT:USDT,0.04592,128.0,0.04585,993.0,0.04635,146.0,0.0464,157.0
1753600052452,07:07:32.452,huobi,ACT/USDT:USDT,0.04592,128.0,0.04585,993.0,0.04635,146.0,0.0464,157.0
1753600052474,07:07:32.474,huobi,ACT/USDT:USDT,0.04592,127.0,0.04585,993.0,0.04635,146.0,0.0464,157.0
1753600052544,07:07:32.544,huobi,ACT/USDT:USDT,0.04592,129.0,0.04585,993.0,0.04635,146.0,0.0464,157.0
1753600052554,07:07:32.554,huobi,ACT/USDT:USDT,0.04592,2.0,0.04585,993.0,0.04635,146.0,0.0464,157.0
1753600052616,07:07:32.616,huobi,ACT/USDT:USDT,0.04592,1.0,0.04585,993.0,0.04635,146.0,0.0464,157.0
1753600052683,07:07:32.683,huobi,ACT/USDT:USDT,0.04592,1.0,0.04585,993.0,0.04635,146.0,0.0464,157.0
1753600052749,07:07:32.749,huobi,ACT/USDT:USDT,0.04586,1.0,0.04585,993.0,0.04635,146.0,0.0464,157.0
1753600052775,07:07:32.775,huobi,ACT/USDT:USDT,0.04585,993.0,0.04584,1888.0,0.04635,146.0,0.0464,157.0
1753600052818,07:07:32.818,huobi,ACT/USDT:USDT,0.04592,1.0,0.04585,993.0,0.04635,146.0,0.0464,157.0
1753600052847,07:07:32.847,huobi,ACT/USDT:USDT,0.04592,1.0,0.04586,1.0,0.04635,146.0,0.0464,157.0
1753600052886,07:07:32.886,huobi,ACT/USDT:USDT,0.04586,1.0,0.04585,993.0,0.04635,146.0,0.0464,157.0
1753600052951,07:07:32.951,huobi,ACT/USDT:USDT,0.04585,993.0,0.04584,1888.0,0.04635,146.0,0.0464,157.0
1753600053059,07:07:33.059,huobi,ACT/USDT:USDT,0.04592,1.0,0.04586,127.0,0.04635,146.0,0.0464,157.0
1753600053065,07:07:33.065,huobi,ACT/USDT:USDT,0.04592,1.0,0.04586,128.0,0.04635,146.0,0.04641,993.0
1753600053162,07:07:33.162,huobi,ACT/USDT:USDT,0.04592,16.0,0.04586,127.0,0.04635,146.0,0.0464,130.0
1753600053801,07:07:33.801,huobi,ACT/USDT:USDT,0.04592,16.0,0.04586,127.0,0.04635,83.0,0.0464,130.0
1753600053868,07:07:33.868,huobi,ACT/USDT:USDT,0.04592,16.0,0.04586,127.0,0.04635,146.0,0.0464,130.0
1753600055996,07:07:35.996,huobi,ACT/USDT:USDT,0.04592,16.0,0.04586,127.0,0.04635,146.0,0.04641,993.0
1753600056014,07:07:36.014,huobi,ACT/USDT:USDT,0.04592,16.0,0.04586,127.0,0.04635,146.0,0.04641,993.0
1753600056447,07:07:36.447,huobi,ACT/USDT:USDT,0.04592,16.0,0.04586,127.0,0.04635,146.0,0.0464,68.0
1753600056461,07:07:36.461,huobi,ACT/USDT:USDT,0.04592,16.0,0.04586,127.0,0.04635,146.0,0.04639,993.0
1753600056569,07:07:36.569,huobi,ACT/USDT:USDT,0.04592,16.0,0.04586,127.0,0.04635,146.0,0.04639,993.0
1753600057205,07:07:37.205,huobi,ACT/USDT:USDT,0.04592,16.0,0.04586,127.0,0.04635,146.0,0.04639,993.0
1753600057433,07:07:37.433,huobi,ACT/USDT:USDT,0.04592,16.0,0.04586,127.0,0.04635,146.0,0.04638,68.0
1753600057447,07:07:37.447,huobi,ACT/USDT:USDT,0.04592,16.0,0.04586,127.0,0.04635,146.0,0.04637,993.0
1753600057555,07:07:37.555,huobi,ACT/USDT:USDT,0.04592,16.0,0.04586,127.0,0.04635,146.0,0.04642,2830.0
1753600057637,07:07:37.637,huobi,ACT/USDT:USDT,0.04592,16.0,0.04586,127.0,0.04635,146.0,0.04641,993.0
1753600057760,07:07:37.760,huobi,ACT/USDT:USDT,0.04592,16.0,0.04586,127.0,0.04635,146.0,0.0464,39.0
1753600057774,07:07:37.774,huobi,ACT/USDT:USDT,0.04592,16.0,0.0458,993.0,0.04635,146.0,0.04639,993.0
1753600057887,07:07:37.887,huobi,ACT/USDT:USDT,0.04592,16.0,0.0458,993.0,0.04635,146.0,0.04639,993.0
1753600058271,07:07:38.271,huobi,ACT/USDT:USDT,0.04592,16.0,0.0458,993.0,0.04635,146.0,0.04639,993.0
1753600058299,07:07:38.299,huobi,ACT/USDT:USDT,0.04592,16.0,0.04581,69.0,0.04635,146.0,0.04638,65.0
1753600058422,07:07:38.422,huobi,ACT/USDT:USDT,0.04592,16.0,0.04581,69.0,0.04635,146.0,0.04637,993.0
1753600058530,07:07:38.530,huobi,ACT/USDT:USDT,0.04592,16.0,0.04589,1887.0,0.04635,146.0,0.04636,65.0
1753600058569,07:07:38.569,huobi,ACT/USDT:USDT,0.04592,16.0,0.0459,993.0,0.04635,1139.0,0.04636,65.0
1753600058604,07:07:38.604,huobi,ACT/USDT:USDT,0.04592,16.0,0.0459,993.0,0.04635,1139.0,0.04636,65.0
1753600058653,07:07:38.653,huobi,ACT/USDT:USDT,0.04592,16.0,0.04591,69.0,0.04635,1139.0,0.04636,65.0
1753600058677,07:07:38.677,huobi,ACT/USDT:USDT,0.04592,16.0,0.04591,69.0,0.04635,1139.0,0.04636,65.0
1753600058986,07:07:38.986,huobi,ACT/USDT:USDT,0.04592,16.0,0.04591,69.0,0.04635,1139.0,0.04642,2830.0
1753600059011,07:07:39.011,huobi,ACT/USDT:USDT,0.04592,16.0,0.04591,69.0,0.04635,146.0,0.04636,101.0
1753600060335,07:07:40.335,huobi,ACT/USDT:USDT,0.04592,16.0,0.04591,69.0,0.04635,146.0,0.04636,101.0
1753600060384,07:07:40.384,huobi,ACT/USDT:USDT,0.04592,16.0,0.04591,69.0,0.04635,146.0,0.04636,101.0
1753600060396,07:07:40.396,huobi,ACT/USDT:USDT,0.04592,16.0,0.04591,69.0,0.04635,146.0,0.04636,101.0
1753600060494,07:07:40.494,huobi,ACT/USDT:USDT,0.04592,16.0,0.04591,69.0,0.04635,146.0,0.04636,101.0
1753600060509,07:07:40.509,huobi,ACT/USDT:USDT,0.04592,16.0,0.04591,69.0,0.04635,146.0,0.04636,101.0
1753600060575,07:07:40.575,huobi,ACT/USDT:USDT,0.04592,16.0,0.0459,993.0,0.04635,146.0,0.04636,101.0
1753600060617,07:07:40.617,huobi,ACT/USDT:USDT,0.04592,16.0,0.04591,126.0,0.04635,146.0,0.04636,101.0
1753600064267,07:07:44.267,huobi,ACT/USDT:USDT,0.04592,16.0,0.0459,993.0,0.04635,146.0,0.04636,101.0
1753600064285,07:07:44.285,huobi,ACT/USDT:USDT,0.04592,16.0,0.0459,993.0,0.04635,146.0,0.04636,115.0
1753600067052,07:07:47.052,huobi,ACT/USDT:USDT,0.04592,1.0,0.04591,126.0,0.04635,146.0,0.04636,115.0
1753600067075,07:07:47.075,huobi,ACT/USDT:USDT,0.04592,4.0,0.04591,126.0,0.04635,146.0,0.04636,115.0
1753600067472,07:07:47.472,huobi,ACT/USDT:USDT,0.04592,1.0,0.04591,126.0,0.04635,146.0,0.04636,115.0
1753600067494,07:07:47.494,huobi,ACT/USDT:USDT,0.0459,993.0,0.04589,1887.0,0.04635,146.0,0.04636,115.0
1753600067540,07:07:47.540,huobi,ACT/USDT:USDT,0.04592,3.0,0.0459,993.0,0.04635,146.0,0.04636,115.0
1753600068062,07:07:48.062,huobi,ACT/USDT:USDT,0.04592,3.0,0.04591,3.0,0.04635,146.0,0.04636,115.0
1753600068069,07:07:48.069,huobi,ACT/USDT:USDT,0.04592,3.0,0.04591,129.0,0.04635,146.0,0.04636,115.0
1753600069566,07:07:49.566,huobi,ACT/USDT:USDT,0.04592,3.0,0.04591,129.0,0.04635,146.0,0.04641,993.0
1753600073401,07:07:53.401,huobi,ACT/USDT:USDT,0.04592,3.0,0.04591,129.0,0.04635,146.0,0.04641,993.0
1753600073411,07:07:53.411,huobi,ACT/USDT:USDT,0.04592,3.0,0.04591,3.0,0.04635,146.0,0.04641,993.0
1753600074418,07:07:54.418,huobi,ACT/USDT:USDT,0.04592,3.0,0.04591,3.0,0.04635,146.0,0.0464,70.0
1753600074432,07:07:54.432,huobi,ACT/USDT:USDT,0.04592,3.0,0.04591,3.0,0.04635,146.0,0.04639,993.0
1753600074540,07:07:54.540,huobi,ACT/USDT:USDT,0.04592,3.0,0.04591,129.0,0.04635,146.0,0.04639,993.0
1753600075376,07:07:55.376,huobi,ACT/USDT:USDT,0.04592,3.0,0.04591,129.0,0.04635,146.0,0.04639,993.0
1753600075388,07:07:55.388,huobi,ACT/USDT:USDT,0.04592,3.0,0.04591,129.0,0.04635,146.0,0.04642,2830.0
1753600077131,07:07:57.131,huobi,ACT/USDT:USDT,0.04591,129.0,0.0459,993.0,0.04635,146.0,0.04638,67.0
1753600077163,07:07:57.163,huobi,ACT/USDT:USDT,0.0459,1119.0,0.04589,1887.0,0.04635,146.0,0.04637,993.0
1753600077198,07:07:57.198,huobi,ACT/USDT:USDT,0.04592,26.0,0.0459,993.0,0.04635,146.0,0.04637,993.0
1753600077245,07:07:57.245,huobi,ACT/USDT:USDT,0.04592,26.0,0.04591,15.0,0.04635,146.0,0.04637,993.0
1753600077283,07:07:57.283,huobi,ACT/USDT:USDT,0.04592,26.0,0.04591,141.0,0.04635,146.0,0.04636,59.0
1753600077309,07:07:57.309,huobi,ACT/USDT:USDT,0.04592,1019.0,0.04591,141.0,0.04635,1139.0,0.04636,59.0
1753600077406,07:07:57.406,huobi,ACT/USDT:USDT,0.04592,1019.0,0.04591,141.0,0.04635,1139.0,0.04636,59.0
1753600077447,07:07:57.447,huobi,ACT/USDT:USDT,0.04592,1019.0,0.04591,141.0,0.04635,1139.0,0.04636,59.0
1753600077589,07:07:57.589,huobi,ACT/USDT:USDT,0.04592,1019.0,0.04591,141.0,0.04635,1139.0,0.04636,59.0
1753600078360,07:07:58.360,huobi,ACT/USDT:USDT,0.04592,1019.0,0.04591,141.0,0.04635,1139.0,0.04636,59.0
1753600078534,07:07:58.534,huobi,ACT/USDT:USDT,0.04592,1019.0,0.04591,141.0,0.04635,1139.0,0.04642,2830.0
1753600078569,07:07:58.569,huobi,ACT/USDT:USDT,0.04592,1019.0,0.04591,141.0,0.04635,146.0,0.04641,1107.0
1753600079734,07:07:59.734,huobi,ACT/USDT:USDT,0.04592,1019.0,0.04591,141.0,0.04635,146.0,0.04641,1107.0
1753600081992,07:08:01.992,huobi,ACT/USDT:USDT,0.04592,1019.0,0.04591,126.0,0.04635,146.0,0.04641,1107.0
1753600082016,07:08:02.016,huobi,ACT/USDT:USDT,0.04591,126.0,0.04589,1887.0,0.04635,146.0,0.04641,1107.0
1753600082064,07:08:02.064,huobi,ACT/USDT:USDT,0.04593,15.0,0.0459,993.0,0.04635,146.0,0.04641,1107.0
1753600082112,07:08:02.112,huobi,ACT/USDT:USDT,0.04593,41.0,0.0459,993.0,0.04635,146.0,0.04641,1107.0
1753600082171,07:08:02.171,huobi,ACT/USDT:USDT,0.04593,41.0,0.0459,1119.0,0.04635,146.0,0.04641,1107.0
1753600082569,07:08:02.569,huobi,ACT/USDT:USDT,0.04593,41.0,0.0459,993.0,0.04635,146.0,0.04641,1107.0
1753600082604,07:08:02.604,huobi,ACT/USDT:USDT,0.04593,41.0,0.04591,126.0,0.04635,146.0,0.04641,1107.0
1753600082659,07:08:02.659,huobi,ACT/USDT:USDT,0.04593,41.0,0.04592,993.0,0.04635,146.0,0.04641,1107.0
1753600082714,07:08:02.714,huobi,ACT/USDT:USDT,0.04593,41.0,0.04592,1119.0,0.04635,146.0,0.04641,1107.0
1753600082770,07:08:02.770,huobi,ACT/USDT:USDT,0.04593,41.0,0.04592,1119.0,0.04635,146.0,0.04641,1107.0
1753600082835,07:08:02.835,huobi,ACT/USDT:USDT,0.04593,26.0,0.04592,1119.0,0.04635,146.0,0.04641,1107.0
1753600082879,07:08:02.879,huobi,ACT/USDT:USDT,0.04592,1119.0,0.04588,1887.0,0.04635,146.0,0.04641,1107.0
1753600082896,07:08:02.896,huobi,ACT/USDT:USDT,0.04592,993.0,0.04588,1887.0,0.04635,146.0,0.04641,1107.0
1753600082917,07:08:02.917,huobi,ACT/USDT:USDT,0.04593,15.0,0.04588,1887.0,0.04635,146.0,0.04641,1107.0
1753600082948,07:08:02.948,huobi,ACT/USDT:USDT,0.04593,15.0,0.04588,1887.0,0.04635,146.0,0.04641,1107.0
1753600083002,07:08:03.002,huobi,ACT/USDT:USDT,0.04593,41.0,0.04588,1887.0,0.04635,146.0,0.04641,1107.0
1753600083030,07:08:03.030,huobi,ACT/USDT:USDT,0.04593,41.0,0.04589,993.0,0.04635,146.0,0.04641,1107.0
1753600083088,07:08:03.088,huobi,ACT/USDT:USDT,0.04593,41.0,0.04589,993.0,0.04635,146.0,0.04641,1107.0
1753600083154,07:08:03.154,huobi,ACT/USDT:USDT,0.04593,41.0,0.04589,1119.0,0.04635,146.0,0.04641,1107.0
1753600083269,07:08:03.269,huobi,ACT/USDT:USDT,0.04593,41.0,0.04589,1119.0,0.04635,146.0,0.04641,1107.0
1753600083392,07:08:03.392,huobi,ACT/USDT:USDT,0.04593,41.0,0.04589,1119.0,0.04635,146.0,0.04641,1107.0
1753600084148,07:08:04.148,huobi,ACT/USDT:USDT,0.04593,41.0,0.04589,1119.0,0.04635,83.0,0.04641,1107.0
1753600084186,07:08:04.186,huobi,ACT/USDT:USDT,0.04593,41.0,0.04589,1119.0,0.04641,993.0,0.04642,2830.0
1753600084217,07:08:04.217,huobi,ACT/USDT:USDT,0.04593,41.0,0.04589,1119.0,0.0464,83.0,0.04641,993.0
1753600084536,07:08:04.536,huobi,ACT/USDT:USDT,0.04593,41.0,0.04589,1119.0,0.04635,63.0,0.0464,83.0
1753600084582,07:08:04.582,huobi,ACT/USDT:USDT,0.04593,41.0,0.04589,1119.0,0.04634,83.0,0.04635,63.0
1753600084597,07:08:04.597,huobi,ACT/USDT:USDT,0.04593,41.0,0.04589,1119.0,0.04634,83.0,0.04635,63.0
1753600084704,07:08:04.704,huobi,ACT/USDT:USDT,0.04593,41.0,0.04589,1119.0,0.04634,83.0,0.04635,63.0
1753600085006,07:08:05.006,huobi,ACT/USDT:USDT,0.04593,41.0,0.04589,1119.0,0.04634,83.0,0.04635,63.0
1753600085614,07:08:05.614,huobi,ACT/USDT:USDT,0.04593,41.0,0.04589,1119.0,0.04634,83.0,0.04635,187.0
1753600085736,07:08:05.736,huobi,ACT/USDT:USDT,0.04593,41.0,0.04589,1119.0,0.04634,1076.0,0.04635,187.0
1753600085805,07:08:05.805,huobi,ACT/USDT:USDT,0.04593,41.0,0.04589,1119.0,0.04634,1076.0,0.04635,187.0
1753600085886,07:08:05.886,huobi,ACT/USDT:USDT,0.04593,41.0,0.04589,1119.0,0.04634,1076.0,0.04635,187.0
1753600087123,07:08:07.123,huobi,ACT/USDT:USDT,0.04593,41.0,0.04589,1119.0,0.04634,1076.0,0.04635,187.0
1753600087281,07:08:07.281,huobi,ACT/USDT:USDT,0.04593,41.0,0.04589,1119.0,0.04634,1076.0,0.04635,124.0
1753600087347,07:08:07.347,huobi,ACT/USDT:USDT,0.04593,41.0,0.04589,1119.0,0.04633,9.0,0.04634,1076.0
1753600087492,07:08:07.492,huobi,ACT/USDT:USDT,0.04593,41.0,0.04589,1119.0,0.04633,9.0,0.04634,1255.0
1753600087932,07:08:07.932,huobi,ACT/USDT:USDT,0.04593,41.0,0.04589,1119.0,0.04634,1255.0,0.04642,2830.0
1753600087996,07:08:07.996,huobi,ACT/USDT:USDT,0.04593,41.0,0.04589,1119.0,0.04634,1076.0,0.04642,2830.0
1753600088023,07:08:08.023,huobi,ACT/USDT:USDT,0.04593,41.0,0.04589,1119.0,0.04633,63.0,0.04634,83.0
1753600088055,07:08:08.055,huobi,ACT/USDT:USDT,0.04593,41.0,0.04589,1119.0,0.04633,63.0,0.04634,83.0
1753600091476,07:08:11.476,huobi,ACT/USDT:USDT,0.04593,41.0,0.04589,1119.0,0.04633,63.0,0.04634,83.0
1753600091500,07:08:11.500,huobi,ACT/USDT:USDT,0.04593,41.0,0.04589,993.0,0.04633,63.0,0.04634,83.0
1753600091524,07:08:11.524,huobi,ACT/USDT:USDT,0.04593,41.0,0.04587,993.0,0.04633,63.0,0.04634,83.0
1753600091778,07:08:11.778,huobi,ACT/USDT:USDT,0.04593,41.0,0.04587,993.0,0.04633,63.0,0.04634,219.0
1753600092548,07:08:12.548,huobi,ACT/USDT:USDT,0.04593,41.0,0.04588,126.0,0.04607,28.0,0.04633,63.0
1753600092614,07:08:12.614,huobi,ACT/USDT:USDT,0.04593,41.0,0.04589,993.0,0.04634,219.0,0.0464,993.0
1753600092651,07:08:12.651,huobi,ACT/USDT:USDT,0.04593,41.0,0.04589,993.0,0.04634,219.0,0.0464,993.0
1753600092675,07:08:12.675,huobi,ACT/USDT:USDT,0.04593,41.0,0.04589,993.0,0.04634,219.0,0.0464,993.0
1753600092695,07:08:12.695,huobi,ACT/USDT:USDT,0.04593,41.0,0.04589,993.0,0.04634,146.0,0.0464,993.0
1753600092774,07:08:12.774,huobi,ACT/USDT:USDT,0.04593,41.0,0.0459,128.0,0.04634,146.0,0.04639,140.0
1753600092789,07:08:12.789,huobi,ACT/USDT:USDT,0.04593,41.0,0.04591,993.0,0.04634,146.0,0.04639,140.0
1753600092822,07:08:12.822,huobi,ACT/USDT:USDT,0.04593,41.0,0.04592,128.0,0.04634,146.0,0.04639,140.0
1753600092898,07:08:12.898,huobi,ACT/USDT:USDT,0.04593,41.0,0.04592,128.0,0.04634,146.0,0.04639,140.0
1753600092913,07:08:12.913,huobi,ACT/USDT:USDT,0.04593,1034.0,0.04592,128.0,0.04634,146.0,0.04639,140.0
1753600092971,07:08:12.971,huobi,ACT/USDT:USDT,0.04593,1034.0,0.04592,128.0,0.04634,146.0,0.04639,140.0
1753600093005,07:08:13.005,huobi,ACT/USDT:USDT,0.04593,1034.0,0.04592,128.0,0.04634,146.0,0.04639,140.0
1753600093035,07:08:13.035,huobi,ACT/USDT:USDT,0.04593,1034.0,0.04592,128.0,0.04634,146.0,0.04639,140.0
1753600093078,07:08:13.078,huobi,ACT/USDT:USDT,0.04593,1034.0,0.04592,128.0,0.04634,146.0,0.04639,140.0
1753600093124,07:08:13.124,huobi,ACT/USDT:USDT,0.04593,1034.0,0.04592,128.0,0.04634,146.0,0.04639,140.0
1753600093160,07:08:13.160,huobi,ACT/USDT:USDT,0.04593,1034.0,0.04592,128.0,0.04634,146.0,0.04639,140.0
1753600096420,07:08:16.420,huobi,ACT/USDT:USDT,0.04593,1034.0,0.04592,128.0,0.04634,146.0,0.04638,993.0
1753600096465,07:08:16.465,huobi,ACT/USDT:USDT,0.04593,1034.0,0.04592,128.0,0.04634,146.0,0.04638,993.0
1753600096477,07:08:16.477,huobi,ACT/USDT:USDT,0.04593,1034.0,0.04592,128.0,0.04634,146.0,0.04637,116.0
1753600096527,07:08:16.527,huobi,ACT/USDT:USDT,0.04593,1034.0,0.04592,128.0,0.04634,146.0,0.04636,993.0
1753600096611,07:08:16.611,huobi,ACT/USDT:USDT,0.04593,1034.0,0.04592,128.0,0.04634,146.0,0.04636,993.0
1753600097137,07:08:17.137,huobi,ACT/USDT:USDT,0.04593,1034.0,0.04592,128.0,0.04634,146.0,0.04635,86.0
1753600097260,07:08:17.260,huobi,ACT/USDT:USDT,0.04593,1034.0,0.04592,128.0,0.04634,1139.0,0.04635,86.0
1753600099446,07:08:19.446,huobi,ACT/USDT:USDT,0.04593,1034.0,0.04592,128.0,0.04634,1139.0,0.04642,2830.0
1753600099578,07:08:19.578,huobi,ACT/USDT:USDT,0.04593,1034.0,0.04592,128.0,0.04634,1139.0,0.04635,111.0
1753600101475,07:08:21.475,huobi,ACT/USDT:USDT,0.04593,1034.0,0.04592,128.0,0.04634,1139.0,0.04642,2830.0
1753600102311,07:08:22.311,huobi,ACT/USDT:USDT,0.04593,1019.0,0.04592,128.0,0.04634,1139.0,0.04641,157.0
1753600102360,07:08:22.360,huobi,ACT/USDT:USDT,0.04593,993.0,0.04592,128.0,0.04634,1139.0,0.04641,157.0
1753600103616,07:08:23.616,huobi,ACT/USDT:USDT,0.04594,41.0,0.04593,993.0,0.04634,1139.0,0.04642,2830.0
1753600105907,07:08:25.907,huobi,ACT/USDT:USDT,0.04594,41.0,0.04593,993.0,0.04634,1139.0,0.04642,2830.0
1753600105942,07:08:25.942,huobi,ACT/USDT:USDT,0.04594,169.0,0.04593,993.0,0.04634,1139.0,0.04641,253.0
1753600105958,07:08:25.958,huobi,ACT/USDT:USDT,0.04595,993.0,0.04594,169.0,0.04634,1139.0,0.04641,253.0
1753600106073,07:08:26.073,huobi,ACT/USDT:USDT,0.04595,993.0,0.04594,169.0,0.04634,1139.0,0.04641,253.0
1753600106186,07:08:26.186,huobi,ACT/USDT:USDT,0.04595,993.0,0.04594,169.0,0.04634,1139.0,0.04641,253.0
1753600106287,07:08:26.287,huobi,ACT/USDT:USDT,0.04595,993.0,0.04594,169.0,0.04634,1139.0,0.04641,253.0
1753600106365,07:08:26.365,huobi,ACT/USDT:USDT,0.04595,993.0,0.04594,169.0,0.04634,1139.0,0.04641,253.0
1753600106443,07:08:26.443,huobi,ACT/USDT:USDT,0.04595,993.0,0.04594,169.0,0.04634,1139.0,0.04641,253.0
1753600106484,07:08:26.484,huobi,ACT/USDT:USDT,0.04595,993.0,0.04594,169.0,0.04634,1139.0,0.04641,253.0
1753600107836,07:08:27.836,huobi,ACT/USDT:USDT,0.04595,993.0,0.04594,169.0,0.04634,1139.0,0.04641,253.0
1753600111116,07:08:31.116,huobi,ACT/USDT:USDT,0.04595,993.0,0.04594,41.0,0.04634,1139.0,0.04641,253.0
1753600111154,07:08:31.154,huobi,ACT/USDT:USDT,0.04594,41.0,0.04586,993.0,0.04634,1139.0,0.04642,2830.0
1753600111333,07:08:31.333,huobi,ACT/USDT:USDT,0.04594,41.0,0.04586,993.0,0.04634,1139.0,0.04642,2830.0
1753600111381,07:08:31.381,huobi,ACT/USDT:USDT,0.04594,168.0,0.04586,993.0,0.04634,1139.0,0.04642,2830.0
1753600111388,07:08:31.388,huobi,ACT/USDT:USDT,0.04594,168.0,0.04586,993.0,0.04634,1139.0,0.04641,290.0
1753600111502,07:08:31.502,huobi,ACT/USDT:USDT,0.04595,993.0,0.04594,168.0,0.04634,1139.0,0.04641,290.0
1753600111592,07:08:31.592,huobi,ACT/USDT:USDT,0.04595,993.0,0.04594,168.0,0.04634,1139.0,0.04641,290.0
1753600111705,07:08:31.705,huobi,ACT/USDT:USDT,0.04595,993.0,0.04594,168.0,0.04634,1139.0,0.04641,290.0
1753600112359,07:08:32.359,huobi,ACT/USDT:USDT,0.04595,993.0,0.04594,168.0,0.04634,1139.0,0.04641,290.0
1753600114892,07:08:34.892,huobi,ACT/USDT:USDT,0.04595,993.0,0.04594,153.0,0.04634,1139.0,0.04641,290.0
1753600114896,07:08:34.896,huobi,ACT/USDT:USDT,0.04595,993.0,0.04594,127.0,0.04634,1139.0,0.04641,290.0
1753600114925,07:08:34.925,huobi,ACT/USDT:USDT,0.04594,127.0,0.04581,993.0,0.04634,1139.0,0.04641,290.0
1753600115034,07:08:35.034,huobi,ACT/USDT:USDT,0.04594,127.0,0.04581,993.0,0.04634,1139.0,0.04641,290.0
1753600116129,07:08:36.129,huobi,ACT/USDT:USDT,0.04594,127.0,0.04581,993.0,0.04634,1139.0,0.04641,290.0
1753600116176,07:08:36.176,huobi,ACT/USDT:USDT,0.04594,127.0,0.04581,1888.0,0.04634,1139.0,0.04641,290.0
1753600116190,07:08:36.190,huobi,ACT/USDT:USDT,0.04594,127.0,0.04582,993.0,0.04634,1139.0,0.04641,290.0
1753600116299,07:08:36.299,huobi,ACT/USDT:USDT,0.04594,127.0,0.04582,993.0,0.04634,1139.0,0.04641,290.0
1753600116350,07:08:36.350,huobi,ACT/USDT:USDT,0.04594,127.0,0.04582,993.0,0.04634,1139.0,0.04641,290.0
1753600117936,07:08:37.936,huobi,ACT/USDT:USDT,0.04594,127.0,0.04582,993.0,0.04634,1139.0,0.04642,2830.0
1753600120832,07:08:40.832,huobi,ACT/USDT:USDT,0.04594,127.0,0.04582,993.0,0.04634,1360.0,0.04642,2830.0
1753600120855,07:08:40.855,huobi,ACT/USDT:USDT,0.04594,142.0,0.04582,993.0,0.04634,1360.0,0.04642,2830.0
1753600120886,07:08:40.886,huobi,ACT/USDT:USDT,0.04595,993.0,0.04594,168.0,0.04634,1360.0,0.04642,2830.0
1753600120916,07:08:40.916,huobi,ACT/USDT:USDT,0.04595,993.0,0.04594,168.0,0.04633,63.0,0.04634,1360.0
1753600120930,07:08:40.930,huobi,ACT/USDT:USDT,0.04595,993.0,0.04594,168.0,0.04633,1056.0,0.04634,1360.0
1753600120976,07:08:40.976,huobi,ACT/USDT:USDT,0.04595,993.0,0.04594,168.0,0.04633,1056.0,0.04634,1076.0
1753600120992,07:08:40.992,huobi,ACT/USDT:USDT,0.04595,993.0,0.04594,168.0,0.04633,1348.0,0.04634,1076.0
1753600121038,07:08:41.038,huobi,ACT/USDT:USDT,0.04595,993.0,0.04594,168.0,0.04633,1348.0,0.04634,83.0
1753600124498,07:08:44.498,huobi,ACT/USDT:USDT,0.04595,993.0,0.04594,41.0,0.04633,1348.0,0.04634,83.0
1753600124656,07:08:44.656,huobi,ACT/USDT:USDT,0.04594,41.0,0.04582,993.0,0.04633,1370.0,0.04634,83.0
1753600124700,07:08:44.700,huobi,ACT/USDT:USDT,0.04595,993.0,0.04594,169.0,0.04633,1370.0,0.04634,83.0
1753600124807,07:08:44.807,huobi,ACT/USDT:USDT,0.04595,993.0,0.04594,169.0,0.04633,1370.0,0.04634,83.0
1753600127204,07:08:47.204,huobi,ACT/USDT:USDT,0.04595,993.0,0.04594,169.0,0.04633,1370.0,0.04642,2830.0
1753600127228,07:08:47.228,huobi,ACT/USDT:USDT,0.04595,993.0,0.04594,169.0,0.04633,993.0,0.04642,2830.0
1753600127300,07:08:47.300,huobi,ACT/USDT:USDT,0.04595,993.0,0.04594,169.0,0.04632,146.0,0.04639,993.0
1753600127314,07:08:47.314,huobi,ACT/USDT:USDT,0.04595,993.0,0.04594,169.0,0.04632,146.0,0.04639,993.0
1753600127415,07:08:47.415,huobi,ACT/USDT:USDT,0.04595,993.0,0.04594,169.0,0.04632,146.0,0.04638,329.0
1753600128298,07:08:48.298,huobi,ACT/USDT:USDT,0.04595,993.0,0.04594,169.0,0.04632,146.0,0.04637,993.0
1753600128309,07:08:48.309,huobi,ACT/USDT:USDT,0.04595,993.0,0.04594,169.0,0.04632,146.0,0.04636,329.0
1753600128431,07:08:48.431,huobi,ACT/USDT:USDT,0.04595,993.0,0.04594,169.0,0.04632,146.0,0.04635,993.0
1753600129045,07:08:49.045,huobi,ACT/USDT:USDT,0.04595,993.0,0.04594,169.0,0.04632,146.0,0.04635,993.0
1753600130674,07:08:50.674,huobi,ACT/USDT:USDT,0.04595,993.0,0.04594,169.0,0.04632,146.0,0.04634,300.0
1753600130795,07:08:50.795,huobi,ACT/USDT:USDT,0.04595,993.0,0.04594,169.0,0.04632,146.0,0.04633,993.0
1753600131255,07:08:51.255,huobi,ACT/USDT:USDT,0.04595,993.0,0.04594,169.0,0.04632,146.0,0.04633,993.0
1753600131279,07:08:51.279,huobi,ACT/USDT:USDT,0.04595,993.0,0.04594,169.0,0.04632,146.0,0.04633,278.0
1753600133475,07:08:53.475,huobi,ACT/USDT:USDT,0.04595,993.0,0.04594,169.0,0.04632,146.0,0.04639,993.0
1753600135616,07:08:55.616,huobi,ACT/USDT:USDT,0.04595,993.0,0.04594,169.0,0.04632,146.0,0.04639,993.0
1753600135640,07:08:55.640,huobi,ACT/USDT:USDT,0.04595,993.0,0.04594,169.0,0.04632,146.0,0.04639,993.0
1753600135696,07:08:55.696,huobi,ACT/USDT:USDT,0.04595,993.0,0.04594,169.0,0.04632,146.0,0.04638,157.0
1753600135818,07:08:55.818,huobi,ACT/USDT:USDT,0.04595,993.0,0.04594,169.0,0.04632,146.0,0.04637,993.0
1753600136051,07:08:56.051,huobi,ACT/USDT:USDT,0.04595,993.0,0.04594,169.0,0.04632,146.0,0.04636,157.0
1753600136174,07:08:56.174,huobi,ACT/USDT:USDT,0.04595,993.0,0.04594,169.0,0.04632,146.0,0.04635,993.0
1753600136199,07:08:56.199,huobi,ACT/USDT:USDT,0.04595,993.0,0.04594,169.0,0.04632,146.0,0.04635,993.0
1753600140158,07:09:00.158,huobi,ACT/USDT:USDT,0.04595,993.0,0.04594,41.0,0.04632,146.0,0.04634,157.0
1753600140191,07:09:00.191,huobi,ACT/USDT:USDT,0.04594,41.0,0.04587,993.0,0.04632,146.0,0.04633,993.0
1753600140220,07:09:00.220,huobi,ACT/USDT:USDT,0.04595,993.0,0.04594,169.0,0.04632,146.0,0.04633,195.0
1753600140293,07:09:00.293,huobi,ACT/USDT:USDT,0.04595,993.0,0.04594,169.0,0.04632,146.0,0.04633,195.0
1753600140328,07:09:00.328,huobi,ACT/USDT:USDT,0.04595,993.0,0.04594,169.0,0.04632,146.0,0.04633,195.0
1753600140494,07:09:00.494,huobi,ACT/USDT:USDT,0.04595,993.0,0.04594,169.0,0.04608,75.0,0.04632,146.0
1753600140529,07:09:00.529,huobi,ACT/USDT:USDT,0.04595,993.0,0.04594,169.0,0.04631,195.0,0.04632,146.0
1753600140556,07:09:00.556,huobi,ACT/USDT:USDT,0.04595,993.0,0.04594,169.0,0.04631,1188.0,0.04632,146.0
1753600140582,07:09:00.582,huobi,ACT/USDT:USDT,0.04595,993.0,0.04594,169.0,0.04631,993.0,0.04632,278.0
1753600140617,07:09:00.617,huobi,ACT/USDT:USDT,0.04595,993.0,0.04594,169.0,0.04631,993.0,0.04632,83.0
1753600140640,07:09:00.640,huobi,ACT/USDT:USDT,0.04595,993.0,0.04594,169.0,0.0463,63.0,0.04632,83.0
1753600140664,07:09:00.664,huobi,ACT/USDT:USDT,0.04595,993.0,0.04594,169.0,0.0463,63.0,0.04631,170.0
1753600140699,07:09:00.699,huobi,ACT/USDT:USDT,0.04595,993.0,0.04594,169.0,0.0463,63.0,0.04631,170.0
1753600140735,07:09:00.735,huobi,ACT/USDT:USDT,0.04595,993.0,0.04594,169.0,0.0463,63.0,0.04631,170.0
1753600140761,07:09:00.761,huobi,ACT/USDT:USDT,0.04595,993.0,0.04594,169.0,0.0463,63.0,0.04631,170.0
1753600140791,07:09:00.791,huobi,ACT/USDT:USDT,0.04595,993.0,0.04594,169.0,0.0463,63.0,0.04631,170.0
1753600140842,07:09:00.842,huobi,ACT/USDT:USDT,0.04595,993.0,0.04594,169.0,0.0463,63.0,0.04631,170.0
1753600140866,07:09:00.866,huobi,ACT/USDT:USDT,0.04595,993.0,0.04594,169.0,0.0463,63.0,0.04631,170.0
1753600140894,07:09:00.894,huobi,ACT/USDT:USDT,0.04595,993.0,0.04594,169.0,0.0463,63.0,0.04631,170.0
1753600140926,07:09:00.926,huobi,ACT/USDT:USDT,0.04595,993.0,0.04594,169.0,0.0463,63.0,0.04631,170.0
1753600140935,07:09:00.935,huobi,ACT/USDT:USDT,0.04595,993.0,0.04594,169.0,0.0463,63.0,0.04631,170.0
1753600141015,07:09:01.015,huobi,ACT/USDT:USDT,0.04595,993.0,0.04594,169.0,0.0463,63.0,0.04631,170.0
1753600141017,07:09:01.017,huobi,ACT/USDT:USDT,0.04595,993.0,0.04594,169.0,0.0463,63.0,0.04631,170.0
1753600141031,07:09:01.031,huobi,ACT/USDT:USDT,0.04595,993.0,0.04594,169.0,0.0463,63.0,0.04631,170.0
1753600141054,07:09:01.054,huobi,ACT/USDT:USDT,0.04595,993.0,0.04594,169.0,0.0463,63.0,0.04631,170.0
1753600141091,07:09:01.091,huobi,ACT/USDT:USDT,0.04595,993.0,0.04594,169.0,0.0463,63.0,0.04631,170.0
1753600141132,07:09:01.132,huobi,ACT/USDT:USDT,0.04595,993.0,0.04594,169.0,0.0463,63.0,0.04631,170.0
1753600141144,07:09:01.144,huobi,ACT/USDT:USDT,0.04595,993.0,0.04594,169.0,0.0463,63.0,0.04631,170.0
1753600141291,07:09:01.291,huobi,ACT/USDT:USDT,0.04595,993.0,0.04594,169.0,0.0463,63.0,0.04631,170.0
1753600141403,07:09:01.403,huobi,ACT/USDT:USDT,0.04595,993.0,0.04594,169.0,0.0463,63.0,0.04631,170.0
1753600141466,07:09:01.466,huobi,ACT/USDT:USDT,0.04595,993.0,0.04594,169.0,0.0463,63.0,0.04631,170.0
1753600141598,07:09:01.598,huobi,ACT/USDT:USDT,0.04595,993.0,0.04594,169.0,0.0463,63.0,0.04631,170.0
1753600142707,07:09:02.707,huobi,ACT/USDT:USDT,0.04595,993.0,0.04594,169.0,0.0463,63.0,0.04631,170.0
1753600144862,07:09:04.862,huobi,ACT/USDT:USDT,0.04595,993.0,0.04594,169.0,0.0463,63.0,0.04631,170.0
1753600144892,07:09:04.892,huobi,ACT/USDT:USDT,0.04595,993.0,0.04594,169.0,0.0463,63.0,0.04631,170.0
1753600145088,07:09:05.088,huobi,ACT/USDT:USDT,0.04595,993.0,0.04594,169.0,0.0463,63.0,0.04631,170.0
1753600145171,07:09:05.171,huobi,ACT/USDT:USDT,0.04595,993.0,0.04594,169.0,0.0463,63.0,0.04631,170.0
1753600146389,07:09:06.389,huobi,ACT/USDT:USDT,0.04595,993.0,0.04594,169.0,0.0463,63.0,0.04631,170.0
1753600146492,07:09:06.492,huobi,ACT/USDT:USDT,0.04595,993.0,0.04594,169.0,0.0463,63.0,0.04631,170.0
1753600146536,07:09:06.536,huobi,ACT/USDT:USDT,0.04595,993.0,0.04594,169.0,0.0463,63.0,0.04631,170.0
1753600146645,07:09:06.645,huobi,ACT/USDT:USDT,0.04595,993.0,0.04594,169.0,0.0463,63.0,0.04631,170.0
1753600146704,07:09:06.704,huobi,ACT/USDT:USDT,0.04595,993.0,0.04594,169.0,0.0463,63.0,0.04631,170.0
1753600146795,07:09:06.795,huobi,ACT/USDT:USDT,0.04595,993.0,0.04594,169.0,0.0463,63.0,0.04631,170.0
1753600146962,07:09:06.962,huobi,ACT/USDT:USDT,0.04595,993.0,0.04594,169.0,0.0463,63.0,0.04631,170.0
1753600147111,07:09:07.111,huobi,ACT/USDT:USDT,0.04595,993.0,0.04594,169.0,0.0463,63.0,0.04631,170.0
1753600147120,07:09:07.120,huobi,ACT/USDT:USDT,0.04595,993.0,0.04594,169.0,0.04631,170.0,0.04632,83.0
1753600147149,07:09:07.149,huobi,ACT/USDT:USDT,0.04595,993.0,0.04594,169.0,0.04632,243.0,0.0464,993.0
1753600147204,07:09:07.204,huobi,ACT/USDT:USDT,0.04595,993.0,0.04594,169.0,0.04631,993.0,0.04632,83.0
1753600147220,07:09:07.220,huobi,ACT/USDT:USDT,0.04595,993.0,0.04594,169.0,0.0463,63.0,0.04632,83.0
1753600147252,07:09:07.252,huobi,ACT/USDT:USDT,0.04595,993.0,0.04594,169.0,0.0463,63.0,0.04638,993.0
1753600147276,07:09:07.276,huobi,ACT/USDT:USDT,0.04595,993.0,0.04594,169.0,0.0463,146.0,0.0464,993.0
1753600147300,07:09:07.300,huobi,ACT/USDT:USDT,0.04595,993.0,0.04594,169.0,0.0463,146.0,0.04631,138.0
1753600147348,07:09:07.348,huobi,ACT/USDT:USDT,0.04595,993.0,0.04594,169.0,0.0463,146.0,0.04636,1131.0
1753600148654,07:09:08.654,huobi,ACT/USDT:USDT,0.04595,993.0,0.04594,169.0,0.0463,146.0,0.04636,993.0
1753600148778,07:09:08.778,huobi,ACT/USDT:USDT,0.04595,993.0,0.04594,169.0,0.0463,146.0,0.04635,86.0
1753600148904,07:09:08.904,huobi,ACT/USDT:USDT,0.04595,993.0,0.04594,169.0,0.0463,146.0,0.04634,993.0
1753600149017,07:09:09.017,huobi,ACT/USDT:USDT,0.04595,993.0,0.04594,169.0,0.0463,146.0,0.04634,993.0
1753600150580,07:09:10.580,huobi,ACT/USDT:USDT,0.04595,993.0,0.04594,169.0,0.0463,146.0,0.04633,86.0
1753600150635,07:09:10.635,huobi,ACT/USDT:USDT,0.04595,993.0,0.04594,169.0,0.0463,146.0,0.04632,993.0
1753600150695,07:09:10.695,huobi,ACT/USDT:USDT,0.04595,993.0,0.04594,169.0,0.0463,146.0,0.04632,993.0
1753600150736,07:09:10.736,huobi,ACT/USDT:USDT,0.04595,993.0,0.04594,169.0,0.0463,146.0,0.04632,993.0
1753600150761,07:09:10.761,huobi,ACT/USDT:USDT,0.04595,993.0,0.04594,169.0,0.0463,146.0,0.04631,84.0
1753600150780,07:09:10.780,huobi,ACT/USDT:USDT,0.04595,993.0,0.04594,169.0,0.0463,1139.0,0.04631,84.0
1753600150810,07:09:10.810,huobi,ACT/USDT:USDT,0.04595,993.0,0.04594,169.0,0.0463,1139.0,0.04631,84.0
1753600150854,07:09:10.854,huobi,ACT/USDT:USDT,0.04595,993.0,0.04594,169.0,0.0463,1139.0,0.04631,84.0
1753600150886,07:09:10.886,huobi,ACT/USDT:USDT,0.04595,993.0,0.04594,169.0,0.0463,1139.0,0.04631,84.0
1753600151367,07:09:11.367,huobi,ACT/USDT:USDT,0.04595,993.0,0.04594,169.0,0.0463,1139.0,0.04631,84.0
1753600151470,07:09:11.470,huobi,ACT/USDT:USDT,0.04595,993.0,0.04594,267.0,0.0463,1139.0,0.04631,84.0
1753600152292,07:09:12.292,huobi,ACT/USDT:USDT,0.04595,993.0,0.04594,139.0,0.0463,1139.0,0.04631,84.0
1753600152319,07:09:12.319,huobi,ACT/USDT:USDT,0.04594,139.0,0.04586,993.0,0.0463,1139.0,0.04631,84.0
1753600152439,07:09:12.439,huobi,ACT/USDT:USDT,0.04594,139.0,0.04586,993.0,0.0463,1139.0,0.04642,2830.0
1753600152459,07:09:12.459,huobi,ACT/USDT:USDT,0.04594,139.0,0.04586,993.0,0.0463,146.0,0.04631,125.0
1753600152491,07:09:12.491,huobi,ACT/USDT:USDT,0.04594,139.0,0.04586,993.0,0.0463,146.0,0.04631,125.0
1753600152688,07:09:12.688,huobi,ACT/USDT:USDT,0.04594,139.0,0.04586,993.0,0.0463,146.0,0.04631,125.0
1753600152955,07:09:12.955,huobi,ACT/USDT:USDT,0.04594,139.0,0.04536,590.0,0.0463,146.0,0.04631,125.0
1753600153002,07:09:13.002,huobi,ACT/USDT:USDT,0.04594,139.0,0.04578,993.0,0.0463,146.0,0.04631,125.0
1753600153063,07:09:13.063,huobi,ACT/USDT:USDT,0.04594,98.0,0.04578,993.0,0.0463,146.0,0.04631,125.0
1753600153111,07:09:13.111,huobi,ACT/USDT:USDT,0.04594,102.0,0.04578,993.0,0.0463,146.0,0.04631,125.0
1753600155255,07:09:15.255,huobi,ACT/USDT:USDT,0.04594,102.0,0.04579,911.0,0.0463,146.0,0.04631,125.0
1753600155274,07:09:15.274,huobi,ACT/USDT:USDT,0.04594,102.0,0.0458,993.0,0.0463,146.0,0.04631,125.0
1753600155381,07:09:15.381,huobi,ACT/USDT:USDT,0.04594,102.0,0.0458,993.0,0.0463,146.0,0.04631,125.0
1753600155499,07:09:15.499,huobi,ACT/USDT:USDT,0.04594,102.0,0.0458,993.0,0.0463,146.0,0.04631,125.0
1753600155601,07:09:15.601,huobi,ACT/USDT:USDT,0.04594,102.0,0.04585,1887.0,0.0463,146.0,0.04631,125.0
1753600155616,07:09:15.616,huobi,ACT/USDT:USDT,0.04594,102.0,0.04586,993.0,0.0463,146.0,0.04631,125.0
1753600155687,07:09:15.687,huobi,ACT/USDT:USDT,0.04594,102.0,0.04586,993.0,0.0463,146.0,0.04631,125.0
1753600155724,07:09:15.724,huobi,ACT/USDT:USDT,0.04594,102.0,0.04586,993.0,0.0463,146.0,0.04631,125.0
1753600155849,07:09:15.849,huobi,ACT/USDT:USDT,0.04594,102.0,0.04586,993.0,0.0463,146.0,0.04631,125.0
1753600158501,07:09:18.501,huobi,ACT/USDT:USDT,0.04594,100.0,0.04586,993.0,0.0463,146.0,0.04631,125.0
1753600158570,07:09:18.570,huobi,ACT/USDT:USDT,0.04594,113.0,0.04586,993.0,0.0463,146.0,0.04631,125.0
1753600158577,07:09:18.577,huobi,ACT/USDT:USDT,0.04594,139.0,0.04586,993.0,0.0463,146.0,0.04631,125.0
1753600160457,07:09:20.457,huobi,ACT/USDT:USDT,0.04594,139.0,0.04586,993.0,0.0463,146.0,0.04631,125.0
1753600161072,07:09:21.072,huobi,ACT/USDT:USDT,0.04594,139.0,0.04586,993.0,0.0463,146.0,0.04631,125.0
1753600161128,07:09:21.128,huobi,ACT/USDT:USDT,0.04594,139.0,0.04586,993.0,0.0463,146.0,0.04631,125.0
1753600161501,07:09:21.501,huobi,ACT/USDT:USDT,0.04594,139.0,0.04586,993.0,0.0463,146.0,0.04641,993.0
1753600161516,07:09:21.516,huobi,ACT/USDT:USDT,0.04595,993.0,0.04594,210.0,0.0463,146.0,0.04641,993.0
1753600161549,07:09:21.549,huobi,ACT/USDT:USDT,0.04595,993.0,0.04594,112.0,0.0463,146.0,0.04631,100.0
1753600161587,07:09:21.587,huobi,ACT/USDT:USDT,0.04594,112.0,0.04586,993.0,0.0463,146.0,0.04631,100.0
1753600161623,07:09:21.623,huobi,ACT/USDT:USDT,0.04594,112.0,0.04585,2216.0,0.0463,146.0,0.04631,100.0
1753600161647,07:09:21.647,huobi,ACT/USDT:USDT,0.04594,112.0,0.04585,2216.0,0.0463,146.0,0.04631,100.0
1753600161674,07:09:21.674,huobi,ACT/USDT:USDT,0.04594,112.0,0.04586,993.0,0.0463,146.0,0.04631,100.0
1753600161701,07:09:21.701,huobi,ACT/USDT:USDT,0.04594,112.0,0.04586,993.0,0.0463,146.0,0.04631,100.0
1753600161739,07:09:21.739,huobi,ACT/USDT:USDT,0.04594,112.0,0.04586,993.0,0.0463,146.0,0.04631,100.0
1753600161924,07:09:21.924,huobi,ACT/USDT:USDT,0.04594,112.0,0.04586,993.0,0.0463,146.0,0.04631,100.0
1753600162001,07:09:22.001,huobi,ACT/USDT:USDT,0.04594,112.0,0.04586,993.0,0.0463,146.0,0.04631,100.0
1753600162029,07:09:22.029,huobi,ACT/USDT:USDT,0.04594,112.0,0.04578,993.0,0.0463,146.0,0.04631,100.0
1753600162149,07:09:22.149,huobi,ACT/USDT:USDT,0.04594,112.0,0.04578,993.0,0.0463,146.0,0.04631,100.0
1753600162363,07:09:22.363,huobi,ACT/USDT:USDT,0.04594,112.0,0.04586,1887.0,0.0463,146.0,0.04631,100.0
1753600162487,07:09:22.487,huobi,ACT/USDT:USDT,0.04594,112.0,0.04587,993.0,0.0463,146.0,0.04631,100.0
1753600162595,07:09:22.595,huobi,ACT/USDT:USDT,0.04594,112.0,0.04587,993.0,0.0463,146.0,0.0464,993.0
1753600162640,07:09:22.640,huobi,ACT/USDT:USDT,0.04594,79.0,0.04587,993.0,0.0463,146.0,0.04631,80.0
1753600162679,07:09:22.679,huobi,ACT/USDT:USDT,0.04594,79.0,0.04587,993.0,0.0463,146.0,0.04631,58.0
1753600162691,07:09:22.691,huobi,ACT/USDT:USDT,0.04594,79.0,0.04536,590.0,0.0463,146.0,0.04631,58.0
1753600162801,07:09:22.801,huobi,ACT/USDT:USDT,0.04594,79.0,0.04583,1887.0,0.0463,146.0,0.04631,58.0
1753600162815,07:09:22.815,huobi,ACT/USDT:USDT,0.04594,79.0,0.04584,993.0,0.0463,146.0,0.04631,58.0
1753600162927,07:09:22.927,huobi,ACT/USDT:USDT,0.04594,79.0,0.04584,993.0,0.0463,146.0,0.04631,58.0
1753600162987,07:09:22.987,huobi,ACT/USDT:USDT,0.04594,79.0,0.04584,993.0,0.0463,146.0,0.04631,58.0
1753600165261,07:09:25.261,huobi,ACT/USDT:USDT,0.04594,79.0,0.04585,1887.0,0.0463,146.0,0.04631,58.0
1753600165275,07:09:25.275,huobi,ACT/USDT:USDT,0.04594,79.0,0.04586,993.0,0.0463,146.0,0.04631,58.0
1753600165384,07:09:25.384,huobi,ACT/USDT:USDT,0.04594,79.0,0.04586,993.0,0.0463,146.0,0.04631,58.0
1753600167915,07:09:27.915,huobi,ACT/USDT:USDT,0.04594,79.0,0.04586,993.0,0.0463,146.0,0.04631,58.0
1753600167951,07:09:27.951,huobi,ACT/USDT:USDT,0.04594,53.0,0.04586,993.0,0.0463,146.0,0.04631,58.0
1753600167963,07:09:27.963,huobi,ACT/USDT:USDT,0.04594,38.0,0.04586,993.0,0.0463,146.0,0.04631,58.0
1753600168004,07:09:28.004,huobi,ACT/USDT:USDT,0.04594,38.0,0.04586,993.0,0.0463,146.0,0.04631,58.0
1753600168033,07:09:28.033,huobi,ACT/USDT:USDT,0.04594,53.0,0.04586,993.0,0.0463,146.0,0.04631,58.0
1753600169388,07:09:29.388,huobi,ACT/USDT:USDT,0.04594,79.0,0.04586,993.0,0.0463,146.0,0.04631,58.0
1753600170594,07:09:30.594,huobi,ACT/USDT:USDT,0.04594,41.0,0.04586,993.0,0.0463,146.0,0.04631,58.0
1753600170631,07:09:30.631,huobi,ACT/USDT:USDT,0.04594,72.0,0.04586,993.0,0.0463,146.0,0.04631,47.0
1753600172676,07:09:32.676,huobi,ACT/USDT:USDT,0.04594,72.0,0.04586,993.0,0.0463,146.0,0.04631,1934.0
1753600172806,07:09:32.806,huobi,ACT/USDT:USDT,0.04594,72.0,0.04586,993.0,0.0463,1139.0,0.04631,1934.0
1753600173033,07:09:33.033,huobi,ACT/USDT:USDT,0.04594,46.0,0.04586,993.0,0.0463,1139.0,0.04631,1934.0
1753600173103,07:09:33.103,huobi,ACT/USDT:USDT,0.04594,60.0,0.04586,993.0,0.0463,1139.0,0.04631,1934.0
1753600173453,07:09:33.453,huobi,ACT/USDT:USDT,0.04594,29.0,0.04586,993.0,0.0463,1139.0,0.04631,1934.0
1753600173463,07:09:33.463,huobi,ACT/USDT:USDT,0.04594,54.0,0.04586,993.0,0.0463,1139.0,0.04631,1934.0
1753600174680,07:09:34.680,huobi,ACT/USDT:USDT,0.04594,54.0,0.04586,993.0,0.0463,1139.0,0.04631,1887.0
1753600174696,07:09:34.696,huobi,ACT/USDT:USDT,0.04594,54.0,0.04586,993.0,0.0463,1139.0,0.04631,1992.0
1753600174714,07:09:34.714,huobi,ACT/USDT:USDT,0.04594,54.0,0.04586,993.0,0.0463,1139.0,0.04631,1887.0
1753600174814,07:09:34.814,huobi,ACT/USDT:USDT,0.04594,54.0,0.04586,993.0,0.04629,63.0,0.0463,1076.0
1753600174837,07:09:34.837,huobi,ACT/USDT:USDT,0.04594,54.0,0.04586,993.0,0.04629,1056.0,0.0463,1076.0
1753600174865,07:09:34.865,huobi,ACT/USDT:USDT,0.04594,54.0,0.04586,993.0,0.04629,1056.0,0.0463,1076.0
1753600174945,07:09:34.945,huobi,ACT/USDT:USDT,0.04594,54.0,0.04586,993.0,0.04629,1056.0,0.0463,250.0
1753600175047,07:09:35.047,huobi,ACT/USDT:USDT,0.04594,54.0,0.04586,993.0,0.04629,1056.0,0.0463,250.0
1753600176606,07:09:36.606,huobi,ACT/USDT:USDT,0.04594,54.0,0.04586,993.0,0.04629,1056.0,0.0463,83.0
1753600176640,07:09:36.640,huobi,ACT/USDT:USDT,0.04594,29.0,0.04586,993.0,0.04629,63.0,0.0463,1307.0
1753600176900,07:09:36.900,huobi,ACT/USDT:USDT,0.04594,29.0,0.04586,993.0,0.04629,63.0,0.0463,1307.0
1753600176945,07:09:36.945,huobi,ACT/USDT:USDT,0.04594,29.0,0.04586,993.0,0.04629,63.0,0.0463,1076.0
1753600177940,07:09:37.940,huobi,ACT/USDT:USDT,0.04594,29.0,0.04586,993.0,0.04629,63.0,0.0463,1371.0
1753600179537,07:09:39.537,huobi,ACT/USDT:USDT,0.04594,29.0,0.04586,993.0,0.04629,63.0,0.0463,1076.0
1753600179950,07:09:39.950,huobi,ACT/USDT:USDT,0.04594,29.0,0.04586,3209.0,0.04629,63.0,0.0463,1506.0
1753600180065,07:09:40.065,huobi,ACT/USDT:USDT,0.04594,29.0,0.04586,3209.0,0.04629,63.0,0.0463,1506.0
1753600180148,07:09:40.148,huobi,ACT/USDT:USDT,0.04594,29.0,0.04586,993.0,0.04629,63.0,0.0463,1506.0
1753600180181,07:09:40.181,huobi,ACT/USDT:USDT,0.04594,29.0,0.04586,993.0,0.04629,63.0,0.0463,1506.0
1753600181065,07:09:41.065,huobi,ACT/USDT:USDT,0.04594,29.0,0.04586,2881.0,0.04629,63.0,0.0463,1506.0
1753600181546,07:09:41.546,huobi,ACT/USDT:USDT,0.04594,29.0,0.04586,2881.0,0.04629,63.0,0.0463,1076.0
1753600182159,07:09:42.159,huobi,ACT/USDT:USDT,0.04594,29.0,0.04586,2881.0,0.04629,63.0,0.0463,1644.0
1753600182184,07:09:42.184,huobi,ACT/USDT:USDT,0.04594,29.0,0.04586,993.0,0.04629,63.0,0.0463,1644.0
1753600182251,07:09:42.251,huobi,ACT/USDT:USDT,0.04594,29.0,0.04581,993.0,0.04629,63.0,0.0463,1644.0
1753600182276,07:09:42.276,huobi,ACT/USDT:USDT,0.04594,29.0,0.04581,993.0,0.04629,63.0,0.0463,1644.0
1753600182347,07:09:42.347,huobi,ACT/USDT:USDT,0.04594,29.0,0.04581,993.0,0.04629,63.0,0.0463,1644.0
1753600182482,07:09:42.482,huobi,ACT/USDT:USDT,0.04594,29.0,0.04584,1888.0,0.04629,63.0,0.0463,1644.0
1753600182497,07:09:42.497,huobi,ACT/USDT:USDT,0.04594,29.0,0.04585,993.0,0.04629,63.0,0.0463,1644.0
1753600182583,07:09:42.583,huobi,ACT/USDT:USDT,0.04594,29.0,0.04585,993.0,0.04629,63.0,0.0463,1644.0
1753600182604,07:09:42.604,huobi,ACT/USDT:USDT,0.04594,29.0,0.04536,590.0,0.04629,63.0,0.0463,1644.0
1753600182716,07:09:42.716,huobi,ACT/USDT:USDT,0.04594,29.0,0.04578,993.0,0.04629,63.0,0.0463,1644.0
1753600183782,07:09:43.782,huobi,ACT/USDT:USDT,0.04594,29.0,0.04578,993.0,0.04629,63.0,0.0463,1644.0
1753600184452,07:09:44.452,huobi,ACT/USDT:USDT,0.04594,29.0,0.04578,993.0,0.04629,63.0,0.0463,1076.0
1753600184578,07:09:44.578,huobi,ACT/USDT:USDT,0.04594,29.0,0.0458,1888.0,0.04629,63.0,0.0463,1800.0
1753600184592,07:09:44.592,huobi,ACT/USDT:USDT,0.04594,29.0,0.04581,993.0,0.04629,63.0,0.0463,1800.0
1753600184683,07:09:44.683,huobi,ACT/USDT:USDT,0.04594,29.0,0.04581,993.0,0.04629,63.0,0.0463,1800.0
1753600186493,07:09:46.493,huobi,ACT/USDT:USDT,0.04594,29.0,0.04581,993.0,0.04629,63.0,0.0463,1800.0
1753600186560,07:09:46.560,huobi,ACT/USDT:USDT,0.04594,29.0,0.04581,993.0,0.04629,63.0,0.0463,1800.0
1753600187698,07:09:47.698,huobi,ACT/USDT:USDT,0.04594,29.0,0.04581,993.0,0.04629,63.0,0.0463,1800.0
1753600187769,07:09:47.769,huobi,ACT/USDT:USDT,0.04594,29.0,0.04586,1888.0,0.04629,63.0,0.0463,1800.0
1753600187896,07:09:47.896,huobi,ACT/USDT:USDT,0.04594,29.0,0.04587,993.0,0.04629,63.0,0.0463,1800.0
1753600187950,07:09:47.950,huobi,ACT/USDT:USDT,0.04594,29.0,0.04587,993.0,0.04628,83.0,0.04629,63.0
1753600188078,07:09:48.078,huobi,ACT/USDT:USDT,0.04594,29.0,0.04587,993.0,0.04628,83.0,0.04629,1056.0
1753600188194,07:09:48.194,huobi,ACT/USDT:USDT,0.04594,29.0,0.04587,993.0,0.04628,83.0,0.04629,1056.0
1753600188234,07:09:48.234,huobi,ACT/USDT:USDT,0.04594,29.0,0.04587,993.0,0.04628,83.0,0.04629,1735.0
1753600188365,07:09:48.365,huobi,ACT/USDT:USDT,0.04594,29.0,0.04587,993.0,0.04628,83.0,0.04629,1735.0
1753600189467,07:09:49.467,huobi,ACT/USDT:USDT,0.04608,75.0,0.04594,29.0,0.04628,83.0,0.04629,1735.0
1753600189474,07:09:49.474,huobi,ACT/USDT:USDT,0.04594,29.0,0.04587,993.0,0.04628,83.0,0.04629,1735.0
1753600189533,07:09:49.533,huobi,ACT/USDT:USDT,0.04594,14.0,0.04587,993.0,0.04628,83.0,0.04629,1735.0
1753600189533,07:09:49.533,huobi,ACT/USDT:USDT,0.04587,993.0,0.04586,1888.0,0.04628,83.0,0.04629,1735.0
1753600189575,07:09:49.575,huobi,ACT/USDT:USDT,0.04587,993.0,0.04586,1888.0,0.04628,83.0,0.04629,1735.0
1753600189601,07:09:49.601,huobi,ACT/USDT:USDT,0.04594,26.0,0.04587,993.0,0.04628,83.0,0.04629,1735.0
1753600189627,07:09:49.627,huobi,ACT/USDT:USDT,0.04594,26.0,0.04587,993.0,0.04628,83.0,0.04629,1735.0
1753600189677,07:09:49.677,huobi,ACT/USDT:USDT,0.04594,26.0,0.04588,15.0,0.04628,83.0,0.04629,1735.0
1753600189694,07:09:49.694,huobi,ACT/USDT:USDT,0.04594,26.0,0.04588,15.0,0.04628,83.0,0.04629,1735.0
1753600189728,07:09:49.728,huobi,ACT/USDT:USDT,0.04594,26.0,0.04588,15.0,0.04628,83.0,0.04629,1056.0
1753600189762,07:09:49.762,huobi,ACT/USDT:USDT,0.04594,26.0,0.04587,993.0,0.04628,698.0,0.04629,1056.0
1753600189845,07:09:49.845,huobi,ACT/USDT:USDT,0.04594,41.0,0.04587,993.0,0.04627,993.0,0.04628,698.0
1753600189870,07:09:49.870,huobi,ACT/USDT:USDT,0.04594,41.0,0.04587,993.0,0.04627,993.0,0.04628,698.0
1753600189899,07:09:49.899,huobi,ACT/USDT:USDT,0.04594,41.0,0.04587,993.0,0.04627,993.0,0.04628,698.0
1753600189924,07:09:49.924,huobi,ACT/USDT:USDT,0.04594,41.0,0.04587,993.0,0.04627,993.0,0.04628,698.0
1753600189954,07:09:49.954,huobi,ACT/USDT:USDT,0.04594,41.0,0.04587,993.0,0.04627,993.0,0.04628,698.0
1753600190009,07:09:50.009,huobi,ACT/USDT:USDT,0.04594,41.0,0.04587,993.0,0.04626,63.0,0.04627,993.0
1753600190017,07:09:50.017,huobi,ACT/USDT:USDT,0.04594,41.0,0.04587,993.0,0.04626,63.0,0.04627,993.0
1753600190184,07:09:50.184,huobi,ACT/USDT:USDT,0.04594,41.0,0.04587,993.0,0.04626,63.0,0.04627,993.0
1753600190205,07:09:50.205,huobi,ACT/USDT:USDT,0.04594,41.0,0.04536,590.0,0.04626,63.0,0.04627,993.0
1753600190233,07:09:50.233,huobi,ACT/USDT:USDT,0.04594,41.0,0.04578,993.0,0.04626,63.0,0.04627,993.0
1753600190281,07:09:50.281,huobi,ACT/USDT:USDT,0.04594,41.0,0.04578,993.0,0.04626,645.0,0.04628,83.0
1753600190287,07:09:50.287,huobi,ACT/USDT:USDT,0.04594,41.0,0.04578,993.0,0.04626,645.0,0.04628,83.0
1753600190360,07:09:50.360,huobi,ACT/USDT:USDT,0.04594,41.0,0.04578,993.0,0.04625,993.0,0.04626,645.0
1753600190377,07:09:50.377,huobi,ACT/USDT:USDT,0.04594,41.0,0.04578,993.0,0.04625,993.0,0.04626,645.0
1753600190407,07:09:50.407,huobi,ACT/USDT:USDT,0.04594,41.0,0.04578,993.0,0.04624,83.0,0.04625,993.0
1753600190457,07:09:50.457,huobi,ACT/USDT:USDT,0.04594,41.0,0.04578,993.0,0.04624,83.0,0.04625,1575.0
1753600190477,07:09:50.477,huobi,ACT/USDT:USDT,0.04594,41.0,0.04578,993.0,0.04624,83.0,0.04625,1575.0
1753600190882,07:09:50.882,huobi,ACT/USDT:USDT,0.04594,41.0,0.04585,1888.0,0.04624,665.0,0.04625,1575.0
1753600190885,07:09:50.885,huobi,ACT/USDT:USDT,0.04594,41.0,0.04585,1888.0,0.04624,665.0,0.04625,993.0
1753600190917,07:09:50.917,huobi,ACT/USDT:USDT,0.04594,41.0,0.04586,993.0,0.04623,993.0,0.04624,665.0
1753600190996,07:09:50.996,huobi,ACT/USDT:USDT,0.04594,41.0,0.04584,1888.0,0.04623,993.0,0.04624,665.0
1753600191006,07:09:51.006,huobi,ACT/USDT:USDT,0.04594,41.0,0.04584,1888.0,0.04623,993.0,0.04624,665.0
1753600191045,07:09:51.045,huobi,ACT/USDT:USDT,0.04594,41.0,0.04584,1888.0,0.04623,993.0,0.04624,665.0
1753600191082,07:09:51.082,huobi,ACT/USDT:USDT,0.04594,41.0,0.04585,993.0,0.04623,993.0,0.04624,665.0
1753600191152,07:09:51.152,huobi,ACT/USDT:USDT,0.04594,41.0,0.04585,993.0,0.04623,993.0,0.04624,83.0
1753600191174,07:09:51.174,huobi,ACT/USDT:USDT,0.04594,41.0,0.04585,993.0,0.04623,1525.0,0.04624,83.0
1753600191192,07:09:51.192,huobi,ACT/USDT:USDT,0.04594,41.0,0.04585,993.0,0.04623,1525.0,0.04624,83.0
1753600191677,07:09:51.677,huobi,ACT/USDT:USDT,0.04594,41.0,0.04585,993.0,0.04623,1525.0,0.04624,83.0
1753600191699,07:09:51.699,huobi,ACT/USDT:USDT,0.04594,41.0,0.04578,993.0,0.04623,1525.0,0.04624,83.0
1753600192360,07:09:52.360,huobi,ACT/USDT:USDT,0.04594,41.0,0.04582,1887.0,0.04623,1525.0,0.04624,83.0
1753600192447,07:09:52.447,huobi,ACT/USDT:USDT,0.04594,41.0,0.04583,993.0,0.04623,1525.0,0.04624,83.0
1753600192482,07:09:52.482,huobi,ACT/USDT:USDT,0.04594,41.0,0.04583,993.0,0.04623,1525.0,0.04624,83.0
1753600192705,07:09:52.705,huobi,ACT/USDT:USDT,0.04594,41.0,0.04583,993.0,0.04623,1525.0,0.04624,83.0
1753600193428,07:09:53.428,huobi,ACT/USDT:USDT,0.04594,41.0,0.04583,993.0,0.04623,1525.0,0.04624,83.0
1753600193472,07:09:53.472,huobi,ACT/USDT:USDT,0.04594,26.0,0.04583,993.0,0.04623,1525.0,0.04624,83.0
1753600193497,07:09:53.497,huobi,ACT/USDT:USDT,0.04594,1.0,0.04581,1887.0,0.04623,1525.0,0.04624,83.0
1753600193557,07:09:53.557,huobi,ACT/USDT:USDT,0.04594,2.0,0.04582,993.0,0.04623,1525.0,0.04632,1888.0
1753600193610,07:09:53.610,huobi,ACT/USDT:USDT,0.04594,2.0,0.04582,993.0,0.04622,83.0,0.04623,1525.0
1753600193624,07:09:53.624,huobi,ACT/USDT:USDT,0.04594,1.0,0.04582,993.0,0.04622,83.0,0.04623,1525.0
1753600193693,07:09:53.693,huobi,ACT/USDT:USDT,0.04594,1.0,0.04582,993.0,0.04622,83.0,0.04623,1525.0
1753600193739,07:09:53.739,huobi,ACT/USDT:USDT,0.04594,2.0,0.04582,993.0,0.04622,83.0,0.04623,1525.0
1753600193770,07:09:53.770,huobi,ACT/USDT:USDT,0.04594,2.0,0.04582,993.0,0.04621,993.0,0.04622,533.0
1753600193844,07:09:53.844,huobi,ACT/USDT:USDT,0.04583,1.0,0.04582,993.0,0.04621,993.0,0.04622,533.0
1753600193860,07:09:53.860,huobi,ACT/USDT:USDT,0.04583,2.0,0.04582,993.0,0.04621,993.0,0.04622,533.0
1753600193903,07:09:53.903,huobi,ACT/USDT:USDT,0.04583,2.0,0.04582,993.0,0.04621,993.0,0.04622,533.0
1753600193916,07:09:53.916,huobi,ACT/USDT:USDT,0.04583,1.0,0.04582,993.0,0.04621,993.0,0.04622,533.0
1753600193967,07:09:53.967,huobi,ACT/USDT:USDT,0.04582,993.0,0.04536,590.0,0.04621,993.0,0.04622,533.0
1753600193978,07:09:53.978,huobi,ACT/USDT:USDT,0.04582,993.0,0.04536,590.0,0.04621,993.0,0.04622,533.0
1753600194005,07:09:54.005,huobi,ACT/USDT:USDT,0.04583,2.0,0.04582,993.0,0.04621,993.0,0.04622,533.0
1753600194047,07:09:54.047,huobi,ACT/USDT:USDT,0.04583,2.0,0.04582,993.0,0.04621,993.0,0.04622,533.0
1753600194076,07:09:54.076,huobi,ACT/USDT:USDT,0.04583,1.0,0.04582,993.0,0.04621,993.0,0.04622,533.0
1753600194110,07:09:54.110,huobi,ACT/USDT:USDT,0.04583,1.0,0.04582,993.0,0.04621,993.0,0.04622,533.0
1753600194130,07:09:54.130,huobi,ACT/USDT:USDT,0.04583,2.0,0.04582,993.0,0.04621,993.0,0.04622,533.0
1753600194167,07:09:54.167,huobi,ACT/USDT:USDT,0.04583,1.0,0.04582,993.0,0.04621,993.0,0.04622,533.0
1753600194221,07:09:54.221,huobi,ACT/USDT:USDT,0.04583,1.0,0.04582,993.0,0.04621,993.0,0.04622,533.0
1753600194264,07:09:54.264,huobi,ACT/USDT:USDT,0.04583,1.0,0.04582,993.0,0.04621,993.0,0.04622,533.0
1753600194297,07:09:54.297,huobi,ACT/USDT:USDT,0.04583,1.0,0.04582,993.0,0.04621,993.0,0.04622,533.0
1753600194306,07:09:54.306,huobi,ACT/USDT:USDT,0.04583,2.0,0.04582,993.0,0.04621,993.0,0.04622,533.0
1753600194355,07:09:54.355,huobi,ACT/USDT:USDT,0.04583,2.0,0.04582,993.0,0.04621,993.0,0.04622,83.0
1753600194367,07:09:54.367,huobi,ACT/USDT:USDT,0.04583,1.0,0.04582,993.0,0.04621,407.0,0.04622,83.0
1753600194397,07:09:54.397,huobi,ACT/USDT:USDT,0.04582,993.0,0.04546,3400.0,0.04621,407.0,0.04622,83.0
1753600194424,07:09:54.424,huobi,ACT/USDT:USDT,0.04582,993.0,0.04546,3400.0,0.04621,407.0,0.04622,83.0
1753600194479,07:09:54.479,huobi,ACT/USDT:USDT,0.04583,2.0,0.04582,993.0,0.04621,407.0,0.04622,83.0
1753600194493,07:09:54.493,huobi,ACT/USDT:USDT,0.04583,2.0,0.04582,993.0,0.04621,407.0,0.04622,83.0
1753600194549,07:09:54.549,huobi,ACT/USDT:USDT,0.04582,993.0,0.04575,1892.0,0.04621,407.0,0.04622,83.0
1753600194581,07:09:54.581,huobi,ACT/USDT:USDT,0.04583,1.0,0.04582,993.0,0.04621,407.0,0.04622,83.0
1753600194618,07:09:54.618,huobi,ACT/USDT:USDT,0.04583,2.0,0.04582,993.0,0.04621,407.0,0.04622,83.0
1753600194687,07:09:54.687,huobi,ACT/USDT:USDT,0.04583,1.0,0.04582,993.0,0.04621,407.0,0.04622,83.0
1753600194698,07:09:54.698,huobi,ACT/USDT:USDT,0.04583,1.0,0.04582,993.0,0.04621,407.0,0.04622,83.0
1753600194754,07:09:54.754,huobi,ACT/USDT:USDT,0.04582,993.0,0.04572,1892.0,0.04621,407.0,0.04622,83.0
1753600194754,07:09:54.754,huobi,ACT/USDT:USDT,0.04583,1.0,0.04582,993.0,0.04621,407.0,0.04622,83.0
1753600194819,07:09:54.819,huobi,ACT/USDT:USDT,0.04582,993.0,0.04572,1892.0,0.04621,407.0,0.04622,83.0
1753600194887,07:09:54.887,huobi,ACT/USDT:USDT,0.04583,2.0,0.04582,993.0,0.04621,407.0,0.04622,83.0
1753600194959,07:09:54.959,huobi,ACT/USDT:USDT,0.04583,2.0,0.04582,993.0,0.04621,407.0,0.04622,83.0
1753600195031,07:09:55.031,huobi,ACT/USDT:USDT,0.04583,2.0,0.04582,993.0,0.04621,407.0,0.04622,83.0
1753600195099,07:09:55.099,huobi,ACT/USDT:USDT,0.04583,1.0,0.04582,993.0,0.04621,407.0,0.04622,83.0
1753600195142,07:09:55.142,huobi,ACT/USDT:USDT,0.04582,993.0,0.04572,1892.0,0.04621,407.0,0.04622,83.0
1753600195167,07:09:55.167,huobi,ACT/USDT:USDT,0.04583,1.0,0.04582,993.0,0.04621,407.0,0.04622,83.0
1753600195208,07:09:55.208,huobi,ACT/USDT:USDT,0.04583,2.0,0.04582,993.0,0.04621,407.0,0.04622,83.0
1753600195240,07:09:55.240,huobi,ACT/USDT:USDT,0.04583,1.0,0.04582,993.0,0.04621,407.0,0.04622,83.0
1753600195308,07:09:55.308,huobi,ACT/USDT:USDT,0.04582,993.0,0.04572,1892.0,0.04621,407.0,0.04622,83.0
1753600195377,07:09:55.377,huobi,ACT/USDT:USDT,0.04583,2.0,0.04582,993.0,0.04621,407.0,0.04622,83.0
1753600195453,07:09:55.453,huobi,ACT/USDT:USDT,0.04583,1.0,0.04582,993.0,0.04621,407.0,0.04622,83.0
1753600195520,07:09:55.520,huobi,ACT/USDT:USDT,0.04583,2.0,0.04582,993.0,0.04621,407.0,0.04622,83.0
1753600195593,07:09:55.593,huobi,ACT/USDT:USDT,0.04583,2.0,0.04582,993.0,0.04621,407.0,0.04622,83.0
1753600195657,07:09:55.657,huobi,ACT/USDT:USDT,0.04583,1.0,0.04582,993.0,0.04621,407.0,0.04622,83.0
1753600195692,07:09:55.692,huobi,ACT/USDT:USDT,0.04582,993.0,0.04572,1892.0,0.04621,407.0,0.04622,83.0
1753600195732,07:09:55.732,huobi,ACT/USDT:USDT,0.04583,1.0,0.04582,993.0,0.04621,407.0,0.04622,83.0
1753600195767,07:09:55.767,huobi,ACT/USDT:USDT,0.04583,2.0,0.04582,993.0,0.04621,407.0,0.04622,83.0
1753600195799,07:09:55.799,huobi,ACT/USDT:USDT,0.04583,1.0,0.04582,993.0,0.04621,407.0,0.04622,83.0
1753600195865,07:09:55.865,huobi,ACT/USDT:USDT,0.04583,2.0,0.04582,993.0,0.04621,407.0,0.04622,83.0
1753600195932,07:09:55.932,huobi,ACT/USDT:USDT,0.04582,993.0,0.04572,1892.0,0.04621,407.0,0.04622,83.0
1753600195954,07:09:55.954,huobi,ACT/USDT:USDT,0.04583,1.0,0.04582,993.0,0.04621,339.0,0.04622,83.0
1753600196004,07:09:56.004,huobi,ACT/USDT:USDT,0.04583,2.0,0.04582,1035.0,0.04621,339.0,0.04622,83.0
1753600196076,07:09:56.076,huobi,ACT/USDT:USDT,0.04582,1035.0,0.04572,1892.0,0.04621,339.0,0.04622,83.0
1753600196144,07:09:56.144,huobi,ACT/USDT:USDT,0.04582,1035.0,0.04528,228.0,0.04621,339.0,0.04622,83.0
1753600196209,07:09:56.209,huobi,ACT/USDT:USDT,0.04583,1.0,0.04582,1035.0,0.04621,339.0,0.04622,83.0
1753600196279,07:09:56.279,huobi,ACT/USDT:USDT,0.04583,2.0,0.04582,1035.0,0.04621,339.0,0.04622,83.0
1753600196298,07:09:56.298,huobi,ACT/USDT:USDT,0.04583,1.0,0.04582,1109.0,0.04621,339.0,0.04622,83.0
1753600196348,07:09:56.348,huobi,ACT/USDT:USDT,0.04582,1067.0,0.04577,1892.0,0.04621,339.0,0.04622,83.0
1753600196396,07:09:56.396,huobi,ACT/USDT:USDT,0.04583,1.0,0.04582,1067.0,0.04621,339.0,0.04622,83.0
1753600196419,07:09:56.419,huobi,ACT/USDT:USDT,0.04583,2.0,0.04582,1067.0,0.04621,339.0,0.04622,83.0
1753600196447,07:09:56.447,huobi,ACT/USDT:USDT,0.04583,1.0,0.04582,1067.0,0.04621,339.0,0.04622,83.0
1753600196486,07:09:56.486,huobi,ACT/USDT:USDT,0.04583,1.0,0.04582,1067.0,0.04621,339.0,0.04622,83.0
1753600196498,07:09:56.498,huobi,ACT/USDT:USDT,0.04583,1.0,0.04582,1067.0,0.04621,339.0,0.04622,83.0
1753600196547,07:09:56.547,huobi,ACT/USDT:USDT,0.04583,1.0,0.04582,1067.0,0.04621,339.0,0.04622,83.0
1753600196580,07:09:56.580,huobi,ACT/USDT:USDT,0.04583,2.0,0.04582,1067.0,0.04621,339.0,0.04622,83.0
1753600196649,07:09:56.649,huobi,ACT/USDT:USDT,0.04582,1067.0,0.04554,909.0,0.04621,339.0,0.04622,83.0
1753600196715,07:09:56.715,huobi,ACT/USDT:USDT,0.04583,2.0,0.04582,1067.0,0.04621,339.0,0.04622,83.0
1753600196757,07:09:56.757,huobi,ACT/USDT:USDT,0.04583,1.0,0.04582,1067.0,0.04621,339.0,0.04622,83.0
1753600196783,07:09:56.783,huobi,ACT/USDT:USDT,0.04583,2.0,0.04582,1067.0,0.04621,339.0,0.04622,83.0
1753600196850,07:09:56.850,huobi,ACT/USDT:USDT,0.04582,1067.0,0.04554,909.0,0.04621,339.0,0.04622,83.0
1753600196859,07:09:56.859,huobi,ACT/USDT:USDT,0.04583,1.0,0.04582,1067.0,0.04621,339.0,0.04622,83.0
1753600196911,07:09:56.911,huobi,ACT/USDT:USDT,0.04583,1.0,0.04582,1067.0,0.04621,339.0,0.04622,83.0
1753600196921,07:09:56.921,huobi,ACT/USDT:USDT,0.04583,2.0,0.04582,1067.0,0.04621,339.0,0.04622,83.0
1753600196963,07:09:56.963,huobi,ACT/USDT:USDT,0.04583,1.0,0.04582,1067.0,0.04621,339.0,0.04622,83.0
1753600196999,07:09:56.999,huobi,ACT/USDT:USDT,0.04582,1067.0,0.04554,909.0,0.04621,339.0,0.04622,83.0
1753600197034,07:09:57.034,huobi,ACT/USDT:USDT,0.04583,1.0,0.04582,1067.0,0.04621,339.0,0.04622,83.0
1753600197076,07:09:57.076,huobi,ACT/USDT:USDT,0.04583,1.0,0.04582,1067.0,0.0462,993.0,0.04621,339.0
1753600197132,07:09:57.132,huobi,ACT/USDT:USDT,0.04583,2.0,0.04582,1067.0,0.0462,993.0,0.04621,339.0
1753600197158,07:09:57.158,huobi,ACT/USDT:USDT,0.04583,1.0,0.04582,1067.0,0.0462,993.0,0.04621,339.0
1753600197195,07:09:57.195,huobi,ACT/USDT:USDT,0.04583,1.0,0.04582,1067.0,0.0462,993.0,0.04621,339.0
1753600197247,07:09:57.247,huobi,ACT/USDT:USDT,0.04583,1.0,0.04582,1067.0,0.0462,993.0,0.04621,339.0
1753600197278,07:09:57.278,huobi,ACT/USDT:USDT,0.04583,2.0,0.04582,1067.0,0.0462,993.0,0.04621,339.0
1753600197314,07:09:57.314,huobi,ACT/USDT:USDT,0.04583,2.0,0.04582,1067.0,0.0462,993.0,0.04622,83.0
1753600197346,07:09:57.346,huobi,ACT/USDT:USDT,0.04583,1.0,0.04582,1067.0,0.0462,1303.0,0.04622,83.0
1753600197413,07:09:57.413,huobi,ACT/USDT:USDT,0.04583,1.0,0.04582,1067.0,0.0462,1303.0,0.04622,83.0
1753600197487,07:09:57.487,huobi,ACT/USDT:USDT,0.04583,1.0,0.04582,1067.0,0.0462,1303.0,0.04622,83.0
1753600197551,07:09:57.551,huobi,ACT/USDT:USDT,0.04582,1067.0,0.04559,5620.0,0.0462,1303.0,0.04622,83.0
1753600197620,07:09:57.620,huobi,ACT/USDT:USDT,0.04583,2.0,0.04582,1067.0,0.0462,1303.0,0.04622,83.0
1753600197665,07:09:57.665,huobi,ACT/USDT:USDT,0.04583,1.0,0.04582,993.0,0.0462,1303.0,0.04622,83.0
1753600197743,07:09:57.743,huobi,ACT/USDT:USDT,0.04583,1.0,0.04582,1090.0,0.0462,1303.0,0.04622,83.0
1753600197764,07:09:57.764,huobi,ACT/USDT:USDT,0.04583,2.0,0.04582,1090.0,0.0462,1303.0,0.04622,83.0
1753600197829,07:09:57.829,huobi,ACT/USDT:USDT,0.04583,1.0,0.04582,1090.0,0.0462,1303.0,0.04622,83.0
1753600197914,07:09:57.914,huobi,ACT/USDT:USDT,0.04583,1.0,0.04582,1090.0,0.0462,1303.0,0.04622,83.0
1753600197971,07:09:57.971,huobi,ACT/USDT:USDT,0.04583,1.0,0.04582,1090.0,0.0462,1303.0,0.04622,83.0
1753600198041,07:09:58.041,huobi,ACT/USDT:USDT,0.04583,1.0,0.04582,1090.0,0.0462,1303.0,0.04622,83.0
1753600198120,07:09:58.120,huobi,ACT/USDT:USDT,0.04583,1.0,0.04582,1090.0,0.0462,1303.0,0.04622,83.0
1753600198190,07:09:58.190,huobi,ACT/USDT:USDT,0.04583,1.0,0.04582,1090.0,0.0462,1303.0,0.04622,83.0
1753600198309,07:09:58.309,huobi,ACT/USDT:USDT,0.04583,1.0,0.04582,1090.0,0.0462,1303.0,0.04622,83.0
1753600198331,07:09:58.331,huobi,ACT/USDT:USDT,0.04582,1090.0,0.04571,1892.0,0.0462,1303.0,0.04622,83.0
1753600198395,07:09:58.395,huobi,ACT/USDT:USDT,0.04583,1.0,0.04582,1090.0,0.0462,1303.0,0.04622,83.0
1753600198468,07:09:58.468,huobi,ACT/USDT:USDT,0.04583,1.0,0.04582,1090.0,0.0462,1303.0,0.04622,83.0
1753600198543,07:09:58.543,huobi,ACT/USDT:USDT,0.04583,1.0,0.04582,1090.0,0.0462,1303.0,0.04622,83.0
1753600198571,07:09:58.571,huobi,ACT/USDT:USDT,0.04583,2.0,0.04582,1090.0,0.0462,1303.0,0.04622,83.0
1753600198615,07:09:58.615,huobi,ACT/USDT:USDT,0.04583,1.0,0.04582,1090.0,0.0462,1303.0,0.04622,83.0
1753600198638,07:09:58.638,huobi,ACT/USDT:USDT,0.04582,1090.0,0.04571,1892.0,0.0462,1303.0,0.04622,83.0
1753600198681,07:09:58.681,huobi,ACT/USDT:USDT,0.04583,1.0,0.04582,1090.0,0.0462,1303.0,0.04622,83.0
1753600198715,07:09:58.715,huobi,ACT/USDT:USDT,0.04583,2.0,0.04582,1090.0,0.0462,1303.0,0.04622,83.0
1753600198781,07:09:58.781,huobi,ACT/USDT:USDT,0.04583,1.0,0.04582,1090.0,0.0462,1303.0,0.04622,83.0
1753600198848,07:09:58.848,huobi,ACT/USDT:USDT,0.04583,1.0,0.04582,1090.0,0.0462,1303.0,0.04622,83.0
1753600198887,07:09:58.887,huobi,ACT/USDT:USDT,0.04583,2.0,0.04582,1090.0,0.0462,1303.0,0.04622,83.0
1753600198913,07:09:58.913,huobi,ACT/USDT:USDT,0.04583,1.0,0.04582,1090.0,0.0462,1303.0,0.04622,83.0
1753600198983,07:09:58.983,huobi,ACT/USDT:USDT,0.04582,1090.0,0.04571,1892.0,0.0462,1303.0,0.04622,83.0
1753600198986,07:09:58.986,huobi,ACT/USDT:USDT,0.04583,1.0,0.04582,1090.0,0.0462,1303.0,0.04622,83.0
1753600199061,07:09:59.061,huobi,ACT/USDT:USDT,0.04582,1090.0,0.04559,3404.0,0.0462,1303.0,0.04622,83.0
1753600199113,07:09:59.113,huobi,ACT/USDT:USDT,0.04583,1.0,0.04582,1090.0,0.0462,1303.0,0.04622,83.0
1753600199149,07:09:59.149,huobi,ACT/USDT:USDT,0.04583,2.0,0.04582,97.0,0.0462,1303.0,0.04622,83.0
1753600199195,07:09:59.195,huobi,ACT/USDT:USDT,0.04583,1.0,0.04582,97.0,0.0462,1303.0,0.04622,83.0
1753600199261,07:09:59.261,huobi,ACT/USDT:USDT,0.04583,1.0,0.04582,97.0,0.0462,1303.0,0.04622,83.0
1753600199338,07:09:59.338,huobi,ACT/USDT:USDT,0.04583,1.0,0.04582,98.0,0.0462,1303.0,0.04622,83.0
1753600199382,07:09:59.382,huobi,ACT/USDT:USDT,0.04583,1.0,0.04582,97.0,0.0462,1303.0,0.04622,83.0
1753600199453,07:09:59.453,huobi,ACT/USDT:USDT,0.04583,1.0,0.04582,97.0,0.0462,1303.0,0.04622,83.0
1753600200361,07:10:00.361,huobi,ACT/USDT:USDT,0.04583,1.0,0.04582,98.0,0.0462,1303.0,0.04622,83.0
1753600200384,07:10:00.384,huobi,ACT/USDT:USDT,0.04583,1.0,0.04582,98.0,0.0462,1303.0,0.04622,83.0
1753600200400,07:10:00.400,huobi,ACT/USDT:USDT,0.04583,1.0,0.04582,98.0,0.0462,1303.0,0.04622,83.0
1753600200452,07:10:00.452,huobi,ACT/USDT:USDT,0.04583,1.0,0.04582,98.0,0.0462,1303.0,0.04622,83.0
1753600200484,07:10:00.484,huobi,ACT/USDT:USDT,0.04583,1.0,0.04582,98.0,0.0462,1303.0,0.04622,83.0
1753600201345,07:10:01.345,huobi,ACT/USDT:USDT,0.04583,1.0,0.04582,98.0,0.0462,1303.0,0.04622,83.0
1753600201485,07:10:01.485,huobi,ACT/USDT:USDT,0.04583,1.0,0.04582,98.0,0.0462,1303.0,0.04622,83.0
1753600201589,07:10:01.589,huobi,ACT/USDT:USDT,0.04583,1.0,0.04582,98.0,0.0462,1303.0,0.04622,83.0
1753600201863,07:10:01.863,huobi,ACT/USDT:USDT,0.04583,1.0,0.04582,98.0,0.0462,1303.0,0.04622,83.0
1753600202966,07:10:02.966,huobi,ACT/USDT:USDT,0.04583,1.0,0.04582,98.0,0.0462,1303.0,0.04622,83.0
1753600202986,07:10:02.986,huobi,ACT/USDT:USDT,0.04583,1.0,0.04582,98.0,0.0462,1303.0,0.04622,83.0
1753600204164,07:10:04.164,huobi,ACT/USDT:USDT,0.04583,1.0,0.04582,98.0,0.0462,1303.0,0.04622,83.0
1753600204455,07:10:04.455,huobi,ACT/USDT:USDT,0.04583,1.0,0.04582,98.0,0.0462,993.0,0.04622,83.0
1753600204489,07:10:04.489,huobi,ACT/USDT:USDT,0.04583,1.0,0.04582,98.0,0.04622,83.0,0.04629,993.0
1753600204515,07:10:04.515,huobi,ACT/USDT:USDT,0.04583,1.0,0.04582,98.0,0.04629,993.0,0.04642,2830.0
1753600204540,07:10:04.540,huobi,ACT/USDT:USDT,0.04583,1.0,0.04582,98.0,0.04628,83.0,0.04629,993.0
1753600204838,07:10:04.838,huobi,ACT/USDT:USDT,0.04583,1.0,0.04582,98.0,0.04628,341.0,0.04629,993.0
1753600204892,07:10:04.892,huobi,ACT/USDT:USDT,0.04583,1.0,0.04582,98.0,0.04627,993.0,0.04628,341.0
1753600204917,07:10:04.917,huobi,ACT/USDT:USDT,0.04583,1.0,0.04582,98.0,0.04627,993.0,0.04628,83.0
1753600204928,07:10:04.928,huobi,ACT/USDT:USDT,0.04583,1.0,0.04582,98.0,0.04627,1271.0,0.04628,83.0
1753600205000,07:10:05.000,huobi,ACT/USDT:USDT,0.04583,1.0,0.04582,98.0,0.04627,278.0,0.04628,83.0
1753600205016,07:10:05.016,huobi,ACT/USDT:USDT,0.04583,1.0,0.04582,98.0,0.04627,278.0,0.04628,83.0
1753600205090,07:10:05.090,huobi,ACT/USDT:USDT,0.04583,1.0,0.04582,98.0,0.04627,278.0,0.04628,83.0
1753600205177,07:10:05.177,huobi,ACT/USDT:USDT,0.04583,1.0,0.04582,98.0,0.04627,278.0,0.04628,83.0
1753600205206,07:10:05.206,huobi,ACT/USDT:USDT,0.04583,1.0,0.04582,98.0,0.04627,278.0,0.04628,83.0
1753600205313,07:10:05.313,huobi,ACT/USDT:USDT,0.04583,1.0,0.04582,98.0,0.04627,278.0,0.04628,83.0
1753600205576,07:10:05.576,huobi,ACT/USDT:USDT,0.04584,1891.0,0.04583,1.0,0.04627,278.0,0.04628,83.0
1753600205591,07:10:05.591,huobi,ACT/USDT:USDT,0.04585,993.0,0.04584,1891.0,0.04627,278.0,0.04628,83.0
1753600205656,07:10:05.656,huobi,ACT/USDT:USDT,0.04585,1090.0,0.04584,1891.0,0.04627,278.0,0.04628,83.0
1753600205700,07:10:05.700,huobi,ACT/USDT:USDT,0.04585,1090.0,0.04584,1891.0,0.04627,278.0,0.04628,83.0
1753600205728,07:10:05.728,huobi,ACT/USDT:USDT,0.04586,26.0,0.04585,1090.0,0.04627,278.0,0.04628,83.0
1753600205735,07:10:05.735,huobi,ACT/USDT:USDT,0.04586,41.0,0.04585,1090.0,0.04627,278.0,0.04628,83.0
1753600205799,07:10:05.799,huobi,ACT/USDT:USDT,0.04586,41.0,0.04585,1090.0,0.04627,278.0,0.04628,83.0
1753600205831,07:10:05.831,huobi,ACT/USDT:USDT,0.04586,41.0,0.04585,1090.0,0.04627,278.0,0.04628,83.0
1753600205869,07:10:05.869,huobi,ACT/USDT:USDT,0.04586,41.0,0.04585,1090.0,0.04627,278.0,0.04628,83.0
1753600205899,07:10:05.899,huobi,ACT/USDT:USDT,0.04586,41.0,0.04585,1090.0,0.04627,278.0,0.04628,83.0
1753600205927,07:10:05.927,huobi,ACT/USDT:USDT,0.04586,41.0,0.04585,1090.0,0.04627,278.0,0.04628,83.0
1753600205960,07:10:05.960,huobi,ACT/USDT:USDT,0.04586,41.0,0.04585,1090.0,0.04627,278.0,0.04628,83.0
1753600205997,07:10:05.997,huobi,ACT/USDT:USDT,0.04586,41.0,0.04585,1090.0,0.04627,278.0,0.04628,83.0
1753600206079,07:10:06.079,huobi,ACT/USDT:USDT,0.04586,41.0,0.04585,1090.0,0.04627,278.0,0.04628,83.0
1753600206129,07:10:06.129,huobi,ACT/USDT:USDT,0.04586,41.0,0.04585,1090.0,0.04627,278.0,0.04628,83.0
1753600206156,07:10:06.156,huobi,ACT/USDT:USDT,0.04586,41.0,0.04585,1090.0,0.04627,278.0,0.04628,83.0
1753600206191,07:10:06.191,huobi,ACT/USDT:USDT,0.04586,41.0,0.04585,1090.0,0.04627,278.0,0.04628,83.0
1753600206234,07:10:06.234,huobi,ACT/USDT:USDT,0.04586,41.0,0.04585,1090.0,0.04627,278.0,0.04628,83.0
1753600206293,07:10:06.293,huobi,ACT/USDT:USDT,0.04586,41.0,0.04585,1090.0,0.04627,278.0,0.04628,83.0
1753600206322,07:10:06.322,huobi,ACT/USDT:USDT,0.04586,41.0,0.04585,1090.0,0.04627,278.0,0.04628,83.0
1753600206354,07:10:06.354,huobi,ACT/USDT:USDT,0.04586,41.0,0.04585,1090.0,0.04627,278.0,0.04628,83.0
1753600206373,07:10:06.373,huobi,ACT/USDT:USDT,0.04586,41.0,0.04585,1090.0,0.04627,278.0,0.04628,83.0
1753600206401,07:10:06.401,huobi,ACT/USDT:USDT,0.04586,41.0,0.04585,1090.0,0.04627,278.0,0.04628,83.0
1753600206622,07:10:06.622,huobi,ACT/USDT:USDT,0.04586,26.0,0.04585,1090.0,0.04627,278.0,0.04628,83.0
1753600206699,07:10:06.699,huobi,ACT/USDT:USDT,0.04586,1.0,0.04585,1090.0,0.04627,278.0,0.04628,83.0
1753600207342,07:10:07.342,huobi,ACT/USDT:USDT,0.04586,2.0,0.04585,1090.0,0.04627,278.0,0.04628,83.0
1753600207360,07:10:07.360,huobi,ACT/USDT:USDT,0.04586,1.0,0.04585,97.0,0.04627,278.0,0.04628,83.0
1753600207385,07:10:07.385,huobi,ACT/USDT:USDT,0.04584,1891.0,0.04579,2216.0,0.04627,278.0,0.04628,83.0
1753600207415,07:10:07.415,huobi,ACT/USDT:USDT,0.04579,2216.0,0.04545,97.0,0.04627,278.0,0.04628,83.0
1753600207448,07:10:07.448,huobi,ACT/USDT:USDT,0.04586,15.0,0.04585,26.0,0.04627,278.0,0.04628,83.0
1753600207507,07:10:07.507,huobi,ACT/USDT:USDT,0.04586,15.0,0.04585,26.0,0.04627,278.0,0.04628,83.0
1753600207653,07:10:07.653,huobi,ACT/USDT:USDT,0.04586,15.0,0.04585,123.0,0.04627,278.0,0.04628,83.0
1753600207699,07:10:07.699,huobi,ACT/USDT:USDT,0.04586,15.0,0.04585,123.0,0.04627,278.0,0.04628,83.0
1753600207722,07:10:07.722,huobi,ACT/USDT:USDT,0.04586,15.0,0.04585,123.0,0.04627,278.0,0.04628,83.0
1753600207856,07:10:07.856,huobi,ACT/USDT:USDT,0.04586,15.0,0.04585,123.0,0.04627,278.0,0.04628,83.0
1753600207886,07:10:07.886,huobi,ACT/USDT:USDT,0.04586,15.0,0.04585,123.0,0.04626,993.0,0.04627,278.0
1753600207913,07:10:07.913,huobi,ACT/USDT:USDT,0.04586,15.0,0.04585,123.0,0.04626,993.0,0.04627,278.0
1753600207993,07:10:07.993,huobi,ACT/USDT:USDT,0.04586,15.0,0.04585,123.0,0.04626,993.0,0.04627,278.0
1753600208035,07:10:08.035,huobi,ACT/USDT:USDT,0.04586,15.0,0.04585,123.0,0.04626,993.0,0.04628,83.0
1753600208071,07:10:08.071,huobi,ACT/USDT:USDT,0.04586,15.0,0.04585,123.0,0.04626,1267.0,0.04628,83.0
1753600209299,07:10:09.299,huobi,ACT/USDT:USDT,0.04586,15.0,0.04585,123.0,0.04626,1267.0,0.04628,83.0
1753600209373,07:10:09.373,huobi,ACT/USDT:USDT,0.04586,15.0,0.04585,123.0,0.04626,1267.0,0.04628,83.0
1753600209483,07:10:09.483,huobi,ACT/USDT:USDT,0.04586,15.0,0.04585,123.0,0.04626,1267.0,0.04628,83.0
1753600209486,07:10:09.486,huobi,ACT/USDT:USDT,0.04586,15.0,0.04585,123.0,0.04626,1267.0,0.04628,83.0
1753600209649,07:10:09.649,huobi,ACT/USDT:USDT,0.04586,15.0,0.04585,123.0,0.04626,1267.0,0.04628,83.0
1753600210070,07:10:10.070,huobi,ACT/USDT:USDT,0.04586,15.0,0.04585,123.0,0.04626,1267.0,0.04628,83.0
1753600210662,07:10:10.662,huobi,ACT/USDT:USDT,0.04586,15.0,0.04585,123.0,0.04626,1267.0,0.04628,83.0
1753600210777,07:10:10.777,huobi,ACT/USDT:USDT,0.04586,15.0,0.04585,123.0,0.04626,1267.0,0.04628,83.0
1753600210897,07:10:10.897,huobi,ACT/USDT:USDT,0.04586,15.0,0.04585,123.0,0.04626,1267.0,0.04628,83.0
1753600211812,07:10:11.812,huobi,ACT/USDT:USDT,0.04586,15.0,0.04585,123.0,0.04626,1267.0,0.04628,83.0
1753600212899,07:10:12.899,huobi,ACT/USDT:USDT,0.04586,15.0,0.04585,123.0,0.04626,1267.0,0.04628,83.0
1753600212966,07:10:12.966,huobi,ACT/USDT:USDT,0.04586,15.0,0.04585,123.0,0.04626,1267.0,0.04628,83.0
1753600213001,07:10:13.001,huobi,ACT/USDT:USDT,0.04586,15.0,0.04585,123.0,0.04626,1267.0,0.04628,83.0
1753600213052,07:10:13.052,huobi,ACT/USDT:USDT,0.04586,15.0,0.04585,123.0,0.04626,1267.0,0.04628,83.0
1753600213090,07:10:13.090,huobi,ACT/USDT:USDT,0.04586,15.0,0.04585,123.0,0.04626,1267.0,0.04628,83.0
1753600213181,07:10:13.181,huobi,ACT/USDT:USDT,0.04586,15.0,0.04585,123.0,0.04626,1267.0,0.04628,83.0
1753600213298,07:10:13.298,huobi,ACT/USDT:USDT,0.04586,15.0,0.04585,123.0,0.04626,1267.0,0.04628,83.0
1753600213531,07:10:13.531,huobi,ACT/USDT:USDT,0.04585,123.0,0.04579,993.0,0.04626,1267.0,0.04628,83.0
1753600213537,07:10:13.537,huobi,ACT/USDT:USDT,0.04585,97.0,0.04579,993.0,0.04626,1267.0,0.04628,83.0
1753600213574,07:10:13.574,huobi,ACT/USDT:USDT,0.04579,993.0,0.04537,912.0,0.04626,1267.0,0.04628,83.0
1753600213627,07:10:13.627,huobi,ACT/USDT:USDT,0.04586,41.0,0.04579,993.0,0.04626,1267.0,0.04628,83.0
1753600213662,07:10:13.662,huobi,ACT/USDT:USDT,0.04586,41.0,0.04579,993.0,0.04626,1267.0,0.04628,83.0
1753600213735,07:10:13.735,huobi,ACT/USDT:USDT,0.0458,97.0,0.04532,591.0,0.04626,1267.0,0.04628,83.0
1753600213753,07:10:13.753,huobi,ACT/USDT:USDT,0.04586,26.0,0.0458,97.0,0.04626,1267.0,0.04628,83.0
1753600213802,07:10:13.802,huobi,ACT/USDT:USDT,0.04586,41.0,0.04533,97.0,0.04626,1267.0,0.04628,83.0
1753600213970,07:10:13.970,huobi,ACT/USDT:USDT,0.04586,41.0,0.04573,993.0,0.04626,1267.0,0.04628,83.0
1753600214047,07:10:14.047,huobi,ACT/USDT:USDT,0.04586,41.0,0.04573,993.0,0.04626,1267.0,0.04628,83.0
1753600215050,07:10:15.050,huobi,ACT/USDT:USDT,0.04586,41.0,0.04574,97.0,0.04626,1267.0,0.04628,83.0
1753600215156,07:10:15.156,huobi,ACT/USDT:USDT,0.04586,41.0,0.04573,993.0,0.04626,1267.0,0.04628,83.0
1753600215261,07:10:15.261,huobi,ACT/USDT:USDT,0.04586,41.0,0.04574,2338.0,0.04626,1267.0,0.04628,83.0
1753600215278,07:10:15.278,huobi,ACT/USDT:USDT,0.04586,41.0,0.04575,993.0,0.04626,1267.0,0.04628,83.0
1753600215386,07:10:15.386,huobi,ACT/USDT:USDT,0.04586,41.0,0.04575,993.0,0.04626,1267.0,0.04628,83.0
1753600215640,07:10:15.640,huobi,ACT/USDT:USDT,0.04586,41.0,0.04575,993.0,0.04626,1267.0,0.04628,83.0
1753600215698,07:10:15.698,huobi,ACT/USDT:USDT,0.04586,41.0,0.04576,2010.0,0.04626,1267.0,0.04628,83.0
1753600215734,07:10:15.734,huobi,ACT/USDT:USDT,0.04586,41.0,0.04577,993.0,0.04625,63.0,0.04626,1267.0
1753600215765,07:10:15.765,huobi,ACT/USDT:USDT,0.04586,41.0,0.04578,122.0,0.04624,993.0,0.04625,324.0
1753600215824,07:10:15.824,huobi,ACT/USDT:USDT,0.04586,41.0,0.04578,122.0,0.04624,993.0,0.04625,324.0
1753600215873,07:10:15.873,huobi,ACT/USDT:USDT,0.04586,41.0,0.04578,122.0,0.04623,83.0,0.04624,1254.0
1753600215884,07:10:15.884,huobi,ACT/USDT:USDT,0.04586,41.0,0.04578,122.0,0.04623,83.0,0.04624,1254.0
1753600215945,07:10:15.945,huobi,ACT/USDT:USDT,0.04586,41.0,0.04578,122.0,0.04623,83.0,0.04624,1254.0
1753600215984,07:10:15.984,huobi,ACT/USDT:USDT,0.04586,41.0,0.04578,122.0,0.04623,146.0,0.04624,1254.0
1753600216471,07:10:16.471,huobi,ACT/USDT:USDT,0.04586,41.0,0.04578,122.0,0.04623,146.0,0.04624,993.0
1753600216490,07:10:16.490,huobi,ACT/USDT:USDT,0.04586,41.0,0.04578,122.0,0.04623,344.0,0.04642,2830.0
1753600216507,07:10:16.507,huobi,ACT/USDT:USDT,0.04586,41.0,0.04578,122.0,0.04622,993.0,0.04623,344.0
1753600216535,07:10:16.535,huobi,ACT/USDT:USDT,0.04586,41.0,0.04578,122.0,0.04622,993.0,0.04623,344.0
1753600216600,07:10:16.600,huobi,ACT/USDT:USDT,0.04586,41.0,0.04578,122.0,0.04622,993.0,0.04623,344.0
1753600216629,07:10:16.629,huobi,ACT/USDT:USDT,0.04586,41.0,0.04578,122.0,0.04622,1254.0,0.04623,83.0
1753600216860,07:10:16.860,huobi,ACT/USDT:USDT,0.04586,41.0,0.04578,122.0,0.04622,1254.0,0.04623,83.0
1753600216891,07:10:16.891,huobi,ACT/USDT:USDT,0.04586,41.0,0.04578,122.0,0.04622,1254.0,0.04623,83.0
1753600216901,07:10:16.901,huobi,ACT/USDT:USDT,0.04586,41.0,0.04578,122.0,0.04622,1254.0,0.04623,83.0
1753600217065,07:10:17.065,huobi,ACT/USDT:USDT,0.04586,41.0,0.04577,993.0,0.04622,1254.0,0.04623,83.0
1753600218284,07:10:18.284,huobi,ACT/USDT:USDT,0.04586,41.0,0.04578,101.0,0.04622,1254.0,0.04623,83.0
1753600219239,07:10:19.239,huobi,ACT/USDT:USDT,0.04586,41.0,0.04578,132.0,0.04622,1254.0,0.04623,83.0
1753600219286,07:10:19.286,huobi,ACT/USDT:USDT,0.04586,41.0,0.04579,993.0,0.04622,1254.0,0.04623,83.0
1753600219300,07:10:19.300,huobi,ACT/USDT:USDT,0.04586,41.0,0.04577,993.0,0.04622,1254.0,0.04623,83.0
1753600219332,07:10:19.332,huobi,ACT/USDT:USDT,0.04586,41.0,0.04577,993.0,0.04622,1254.0,0.04623,83.0
1753600219396,07:10:19.396,huobi,ACT/USDT:USDT,0.04586,41.0,0.04571,1891.0,0.04622,1254.0,0.04623,83.0
1753600221883,07:10:21.883,huobi,ACT/USDT:USDT,0.04586,41.0,0.04575,993.0,0.04622,1254.0,0.04623,83.0
1753600221986,07:10:21.986,huobi,ACT/USDT:USDT,0.04586,41.0,0.04575,993.0,0.04622,1254.0,0.04623,83.0
1753600222114,07:10:22.114,huobi,ACT/USDT:USDT,0.04586,41.0,0.04578,1891.0,0.04622,1254.0,0.04623,83.0
1753600222132,07:10:22.132,huobi,ACT/USDT:USDT,0.04586,41.0,0.04579,993.0,0.04622,1254.0,0.04623,83.0
1753600222165,07:10:22.165,huobi,ACT/USDT:USDT,0.04586,41.0,0.04579,993.0,0.04622,1254.0,0.04623,83.0
1753600222200,07:10:22.200,huobi,ACT/USDT:USDT,0.04586,41.0,0.04579,993.0,0.04622,1254.0,0.04623,83.0
1753600222240,07:10:22.240,huobi,ACT/USDT:USDT,0.04586,41.0,0.04579,993.0,0.04622,1254.0,0.04623,83.0
1753600222891,07:10:22.891,huobi,ACT/USDT:USDT,0.04586,41.0,0.04579,993.0,0.04622,1254.0,0.04623,83.0
1753600222903,07:10:22.903,huobi,ACT/USDT:USDT,0.04586,41.0,0.04577,2216.0,0.04622,1254.0,0.04623,83.0
1753600225955,07:10:25.955,huobi,ACT/USDT:USDT,0.04586,41.0,0.04578,993.0,0.04622,993.0,0.04623,83.0
1753600226023,07:10:26.023,huobi,ACT/USDT:USDT,0.04586,41.0,0.04578,993.0,0.04623,395.0,0.04636,993.0
1753600226023,07:10:26.023,huobi,ACT/USDT:USDT,0.04586,41.0,0.04578,993.0,0.04622,993.0,0.04623,395.0
1753600226055,07:10:26.055,huobi,ACT/USDT:USDT,0.04586,41.0,0.04578,993.0,0.04622,993.0,0.04623,83.0
1753600226097,07:10:26.097,huobi,ACT/USDT:USDT,0.04586,41.0,0.04582,1891.0,0.04622,315.0,0.04623,83.0
1753600226111,07:10:26.111,huobi,ACT/USDT:USDT,0.04586,41.0,0.04582,1891.0,0.04622,315.0,0.04623,83.0
1753600226140,07:10:26.140,huobi,ACT/USDT:USDT,0.04586,41.0,0.04583,993.0,0.04622,315.0,0.04623,83.0
1753600226165,07:10:26.165,huobi,ACT/USDT:USDT,0.04586,41.0,0.04583,993.0,0.04622,315.0,0.04623,83.0
1753600226194,07:10:26.194,huobi,ACT/USDT:USDT,0.04586,41.0,0.04583,993.0,0.04622,315.0,0.04623,83.0
1753600226247,07:10:26.247,huobi,ACT/USDT:USDT,0.04586,41.0,0.04583,993.0,0.04622,315.0,0.04623,83.0
1753600226334,07:10:26.334,huobi,ACT/USDT:USDT,0.04586,41.0,0.04583,993.0,0.04622,315.0,0.04623,83.0
1753600226383,07:10:26.383,huobi,ACT/USDT:USDT,0.04586,41.0,0.04583,993.0,0.04622,315.0,0.04623,83.0
1753600226469,07:10:26.469,huobi,ACT/USDT:USDT,0.04586,41.0,0.04583,993.0,0.04622,315.0,0.04623,83.0
1753600226496,07:10:26.496,huobi,ACT/USDT:USDT,0.04586,41.0,0.04575,993.0,0.04622,315.0,0.04623,83.0
1753600226562,07:10:26.562,huobi,ACT/USDT:USDT,0.04586,41.0,0.04575,993.0,0.04622,315.0,0.04623,83.0
1753600227361,07:10:27.361,huobi,ACT/USDT:USDT,0.04586,41.0,0.04575,993.0,0.04622,315.0,0.04623,83.0
1753600227444,07:10:27.444,huobi,ACT/USDT:USDT,0.04586,41.0,0.04575,993.0,0.04622,315.0,0.04623,83.0
1753600227469,07:10:27.469,huobi,ACT/USDT:USDT,0.04586,41.0,0.04576,44.0,0.04622,315.0,0.04623,83.0
1753600227566,07:10:27.566,huobi,ACT/USDT:USDT,0.04586,41.0,0.04576,44.0,0.04622,315.0,0.04623,83.0
1753600228961,07:10:28.961,huobi,ACT/USDT:USDT,0.04586,41.0,0.04576,44.0,0.04622,315.0,0.04623,83.0
1753600229072,07:10:29.072,huobi,ACT/USDT:USDT,0.04586,41.0,0.04576,44.0,0.04622,315.0,0.04623,83.0
1753600229275,07:10:29.275,huobi,ACT/USDT:USDT,0.04586,41.0,0.04576,44.0,0.04622,315.0,0.04623,83.0
1753600229289,07:10:29.289,huobi,ACT/USDT:USDT,0.04586,41.0,0.04576,44.0,0.04622,315.0,0.04623,83.0
1753600229399,07:10:29.399,huobi,ACT/USDT:USDT,0.04586,41.0,0.04576,44.0,0.04622,315.0,0.04623,83.0
1753600229436,07:10:29.436,huobi,ACT/USDT:USDT,0.04586,41.0,0.04576,44.0,0.04623,83.0,0.04628,993.0
1753600229472,07:10:29.472,huobi,ACT/USDT:USDT,0.04586,41.0,0.04576,44.0,0.04623,251.0,0.04628,993.0
1753600229519,07:10:29.519,huobi,ACT/USDT:USDT,0.04586,41.0,0.04576,44.0,0.04628,1244.0,0.04629,1891.0
1753600229540,07:10:29.540,huobi,ACT/USDT:USDT,0.04586,41.0,0.04576,44.0,0.04627,83.0,0.04628,1244.0
1753600229594,07:10:29.594,huobi,ACT/USDT:USDT,0.04586,41.0,0.04576,44.0,0.04627,83.0,0.04628,251.0
1753600229624,07:10:29.624,huobi,ACT/USDT:USDT,0.04586,41.0,0.04576,44.0,0.04622,251.0,0.04627,83.0
1753600229657,07:10:29.657,huobi,ACT/USDT:USDT,0.04586,41.0,0.04576,44.0,0.04627,1221.0,0.04628,1244.0
1753600229687,07:10:29.687,huobi,ACT/USDT:USDT,0.04586,41.0,0.04576,44.0,0.04621,83.0,0.04627,1221.0
1753600229726,07:10:29.726,huobi,ACT/USDT:USDT,0.04586,41.0,0.04576,44.0,0.04621,83.0,0.04627,993.0
1753600229746,07:10:29.746,huobi,ACT/USDT:USDT,0.04586,41.0,0.04576,44.0,0.04621,311.0,0.04627,993.0
1753600229809,07:10:29.809,huobi,ACT/USDT:USDT,0.04586,41.0,0.04576,44.0,0.0462,993.0,0.04621,83.0
1753600229829,07:10:29.829,huobi,ACT/USDT:USDT,0.04586,41.0,0.04576,44.0,0.0462,228.0,0.04627,993.0
1753600229867,07:10:29.867,huobi,ACT/USDT:USDT,0.04586,41.0,0.04576,44.0,0.0462,228.0,0.04629,1891.0
1753600229902,07:10:29.902,huobi,ACT/USDT:USDT,0.04586,41.0,0.04576,44.0,0.0462,228.0,0.04626,83.0
