timestamp,time,exchange,symbol,bid1_price,bid1_volume,bid2_price,bid2_volume,ask1_price,ask1_volume,ask2_price,ask2_volume
1753599983191,07:06:23.191,bitget,ADA/USDT:USDT,0.8273,69310.0,0.8272,75518.0,0.8274,39254.0,0.8275,83987.0
1753599983341,07:06:23.341,bitget,ADA/USDT:USDT,0.8273,57692.0,0.8272,72661.0,0.8274,38409.0,0.8275,83987.0
1753599983491,07:06:23.491,bitget,ADA/USDT:USDT,0.8273,57692.0,0.8272,72661.0,0.8274,38409.0,0.8275,83987.0
1753599983791,07:06:23.791,bitget,ADA/USDT:USDT,0.8273,76692.0,0.8272,73617.0,0.8274,32774.0,0.8275,73123.0
1753599983942,07:06:23.942,bitget,ADA/USDT:USDT,0.8273,57692.0,0.8272,73617.0,0.8274,32774.0,0.8275,90069.0
1753599984242,07:06:24.242,bitget,ADA/USDT:USDT,0.8273,57692.0,0.8272,73617.0,0.8274,15369.0,0.8275,62235.0
1753599984692,07:06:24.692,bitget,ADA/USDT:USDT,0.8273,57692.0,0.8272,72661.0,0.8274,45410.0,0.8275,91184.0
1753599984842,07:06:24.842,bitget,ADA/USDT:USDT,0.8273,57692.0,0.8272,72661.0,0.8274,61216.0,0.8275,91184.0
1753599984992,07:06:24.992,bitget,ADA/USDT:USDT,0.8273,57692.0,0.8272,72661.0,0.8274,62815.0,0.8275,91184.0
1753599985143,07:06:25.143,bitget,ADA/USDT:USDT,0.8273,57692.0,0.8272,72661.0,0.8274,62815.0,0.8275,91184.0
1753599985293,07:06:25.293,bitget,ADA/USDT:USDT,0.8273,57692.0,0.8272,72661.0,0.8274,62815.0,0.8275,91184.0
1753599985443,07:06:25.443,bitget,ADA/USDT:USDT,0.8273,57692.0,0.8272,72661.0,0.8274,62815.0,0.8275,91184.0
1753599985593,07:06:25.593,bitget,ADA/USDT:USDT,0.8273,57692.0,0.8272,72661.0,0.8274,62815.0,0.8275,91184.0
1753599986193,07:06:26.193,bitget,ADA/USDT:USDT,0.8273,57692.0,0.8272,72661.0,0.8274,62815.0,0.8275,91184.0
1753599986493,07:06:26.493,bitget,ADA/USDT:USDT,0.8273,57692.0,0.8272,73617.0,0.8274,62815.0,0.8275,74238.0
1753599986943,07:06:26.943,bitget,ADA/USDT:USDT,0.8273,67692.0,0.8272,73617.0,0.8274,61985.0,0.8275,74238.0
1753599987094,07:06:27.094,bitget,ADA/USDT:USDT,0.8273,67692.0,0.8272,73617.0,0.8274,61985.0,0.8275,74238.0
1753599987244,07:06:27.244,bitget,ADA/USDT:USDT,0.8273,57692.0,0.8272,73617.0,0.8274,15369.0,0.8275,39235.0
1753599987394,07:06:27.394,bitget,ADA/USDT:USDT,0.8273,57692.0,0.8272,73617.0,0.8274,15369.0,0.8275,32545.0
1753599988444,07:06:28.444,bitget,ADA/USDT:USDT,0.8273,80692.0,0.8272,77068.0,0.8274,15369.0,0.8275,55545.0
1753599988594,07:06:28.594,bitget,ADA/USDT:USDT,0.8273,80692.0,0.8272,73617.0,0.8274,15369.0,0.8275,55545.0
1753599988745,07:06:28.745,bitget,ADA/USDT:USDT,0.8273,80692.0,0.8272,73617.0,0.8274,15369.0,0.8275,55545.0
1753599989345,07:06:29.345,bitget,ADA/USDT:USDT,0.8273,80686.0,0.8272,73617.0,0.8274,15369.0,0.8275,66592.0
1753599989495,07:06:29.495,bitget,ADA/USDT:USDT,0.8273,57686.0,0.8272,94333.0,0.8274,15369.0,0.8275,67548.0
1753599989645,07:06:29.645,bitget,ADA/USDT:USDT,0.8273,57686.0,0.8272,93377.0,0.8274,39968.0,0.8275,84484.0
1753599990245,07:06:30.245,bitget,ADA/USDT:USDT,0.8273,57686.0,0.8272,93377.0,0.8274,31019.0,0.8275,84484.0
1753599990396,07:06:30.396,bitget,ADA/USDT:USDT,0.8273,57686.0,0.8272,94333.0,0.8274,29420.0,0.8275,56501.0
1753599991296,07:06:31.296,bitget,ADA/USDT:USDT,0.8273,57686.0,0.8272,93377.0,0.8274,54768.0,0.8275,84484.0
1753599991446,07:06:31.446,bitget,ADA/USDT:USDT,0.8273,57686.0,0.8272,93377.0,0.8274,54768.0,0.8275,84484.0
1753599992046,07:06:32.046,bitget,ADA/USDT:USDT,0.8273,57686.0,0.8272,94333.0,0.8274,54768.0,0.8275,55545.0
1753599992197,07:06:32.197,bitget,ADA/USDT:USDT,0.8273,61137.0,0.8272,97784.0,0.8274,54768.0,0.8275,55545.0
1753599992347,07:06:32.347,bitget,ADA/USDT:USDT,0.8273,57686.0,0.8272,97784.0,0.8274,54768.0,0.8275,55545.0
1753599992497,07:06:32.497,bitget,ADA/USDT:USDT,0.8273,57686.0,0.8272,97784.0,0.8274,29420.0,0.8275,55545.0
1753599992647,07:06:32.647,bitget,ADA/USDT:USDT,0.8273,57686.0,0.8272,97784.0,0.8274,22369.0,0.8275,55545.0
1753599992797,07:06:32.797,bitget,ADA/USDT:USDT,0.8273,76686.0,0.8272,97784.0,0.8274,22369.0,0.8275,55545.0
1753599992947,07:06:32.947,bitget,ADA/USDT:USDT,0.8273,76686.0,0.8272,97784.0,0.8274,15369.0,0.8275,55545.0
1753599993247,07:06:33.247,bitget,ADA/USDT:USDT,0.8273,76686.0,0.8272,94333.0,0.8274,15369.0,0.8275,55545.0
1753599993397,07:06:33.397,bitget,ADA/USDT:USDT,0.8273,76686.0,0.8272,94333.0,0.8274,15369.0,0.8275,66592.0
1753599993697,07:06:33.697,bitget,ADA/USDT:USDT,0.8273,76686.0,0.8272,94333.0,0.8274,29369.0,0.8275,83524.0
1753599993847,07:06:33.847,bitget,ADA/USDT:USDT,0.8273,57686.0,0.8272,94333.0,0.8274,30118.0,0.8275,84480.0
1753599993998,07:06:33.998,bitget,ADA/USDT:USDT,0.8273,57686.0,0.8272,94333.0,0.8274,31717.0,0.8275,84480.0
1753599994147,07:06:34.147,bitget,ADA/USDT:USDT,0.8273,57686.0,0.8272,94333.0,0.8274,31717.0,0.8275,84480.0
1753599994298,07:06:34.298,bitget,ADA/USDT:USDT,0.8273,57686.0,0.8272,94333.0,0.8274,31717.0,0.8275,84480.0
1753599994448,07:06:34.448,bitget,ADA/USDT:USDT,0.8273,57686.0,0.8272,94333.0,0.8274,31717.0,0.8275,56501.0
1753599994598,07:06:34.598,bitget,ADA/USDT:USDT,0.8273,57686.0,0.8272,94333.0,0.8274,31717.0,0.8275,56501.0
1753599994748,07:06:34.748,bitget,ADA/USDT:USDT,0.8273,57686.0,0.8272,93377.0,0.8274,46774.0,0.8275,56501.0
1753599994898,07:06:34.898,bitget,ADA/USDT:USDT,0.8273,57686.0,0.8272,93377.0,0.8274,46774.0,0.8275,56501.0
1753599995048,07:06:35.048,bitget,ADA/USDT:USDT,0.8273,57686.0,0.8272,93377.0,0.8274,46774.0,0.8275,56501.0
1753599995198,07:06:35.198,bitget,ADA/USDT:USDT,0.8273,57686.0,0.8272,93377.0,0.8274,46774.0,0.8275,84477.0
1753599995348,07:06:35.348,bitget,ADA/USDT:USDT,0.8273,57686.0,0.8272,93377.0,0.8274,46774.0,0.8275,84477.0
1753599995499,07:06:35.499,bitget,ADA/USDT:USDT,0.8273,57686.0,0.8272,94333.0,0.8274,46774.0,0.8275,56501.0
1753599995648,07:06:35.648,bitget,ADA/USDT:USDT,0.8273,57686.0,0.8272,94333.0,0.8274,46774.0,0.8275,66592.0
1753599995799,07:06:35.799,bitget,ADA/USDT:USDT,0.8273,57686.0,0.8272,94333.0,0.8274,46774.0,0.8275,67548.0
1753599995949,07:06:35.949,bitget,ADA/USDT:USDT,0.8273,57686.0,0.8272,94333.0,0.8274,46774.0,0.8275,67548.0
1753599996099,07:06:36.099,bitget,ADA/USDT:USDT,0.8273,57686.0,0.8272,93377.0,0.8274,46774.0,0.8275,67548.0
1753599996249,07:06:36.249,bitget,ADA/USDT:USDT,0.8273,57686.0,0.8272,93377.0,0.8274,46774.0,0.8275,84476.0
1753599996399,07:06:36.399,bitget,ADA/USDT:USDT,0.8273,57686.0,0.8272,94333.0,0.8274,15369.0,0.8275,55545.0
1753599996549,07:06:36.549,bitget,ADA/USDT:USDT,0.8273,57686.0,0.8272,94453.0,0.8275,55425.0,0.8276,54536.0
1753599996699,07:06:36.699,bitget,ADA/USDT:USDT,0.8274,28182.0,0.8273,62111.0,0.8275,46734.0,0.8276,83114.0
1753599996849,07:06:36.849,bitget,ADA/USDT:USDT,0.8274,30782.0,0.8273,95970.0,0.8275,46734.0,0.8276,61056.0
1753599996999,07:06:36.999,bitget,ADA/USDT:USDT,0.8274,30782.0,0.8273,116446.0,0.8275,59386.0,0.8276,67563.0
1753599997149,07:06:37.149,bitget,ADA/USDT:USDT,0.8274,28182.0,0.8273,78987.0,0.8275,59386.0,0.8276,67563.0
1753599997300,07:06:37.300,bitget,ADA/USDT:USDT,0.8274,31099.0,0.8273,78987.0,0.8275,59386.0,0.8276,68518.0
1753599997450,07:06:37.450,bitget,ADA/USDT:USDT,0.8274,31099.0,0.8273,82519.0,0.8275,59386.0,0.8276,68518.0
1753599997600,07:06:37.600,bitget,ADA/USDT:USDT,0.8274,28599.0,0.8273,82519.0,0.8275,59386.0,0.8276,68518.0
1753599997750,07:06:37.750,bitget,ADA/USDT:USDT,0.8274,30151.0,0.8273,82519.0,0.8275,59386.0,0.8276,68518.0
1753599997900,07:06:37.900,bitget,ADA/USDT:USDT,0.8274,30151.0,0.8273,93565.0,0.8275,59386.0,0.8276,68398.0
1753599998050,07:06:38.050,bitget,ADA/USDT:USDT,0.8274,30151.0,0.8273,93565.0,0.8275,59386.0,0.8276,68398.0
1753599998200,07:06:38.200,bitget,ADA/USDT:USDT,0.8274,30151.0,0.8273,93565.0,0.8275,59386.0,0.8276,68398.0
1753599998350,07:06:38.350,bitget,ADA/USDT:USDT,0.8274,30151.0,0.8273,93565.0,0.8275,59386.0,0.8276,68398.0
1753599998650,07:06:38.650,bitget,ADA/USDT:USDT,0.8274,30151.0,0.8273,93565.0,0.8275,59386.0,0.8276,68398.0
1753599998800,07:06:38.800,bitget,ADA/USDT:USDT,0.8274,30151.0,0.8273,93565.0,0.8275,59386.0,0.8276,68398.0
1753599998950,07:06:38.950,bitget,ADA/USDT:USDT,0.8274,29306.0,0.8273,93565.0,0.8275,59386.0,0.8276,68398.0
1753599999101,07:06:39.101,bitget,ADA/USDT:USDT,0.8274,29278.0,0.8273,93565.0,0.8275,59386.0,0.8276,68398.0
1753599999251,07:06:39.251,bitget,ADA/USDT:USDT,0.8274,49482.0,0.8273,71387.0,0.8275,59386.0,0.8276,68398.0
1753599999401,07:06:39.401,bitget,ADA/USDT:USDT,0.8274,49482.0,0.8273,71387.0,0.8275,59386.0,0.8276,68398.0
1753599999551,07:06:39.551,bitget,ADA/USDT:USDT,0.8274,49482.0,0.8273,71387.0,0.8275,59386.0,0.8276,68398.0
1753599999701,07:06:39.701,bitget,ADA/USDT:USDT,0.8274,49482.0,0.8273,71387.0,0.8275,59386.0,0.8276,68398.0
1753599999851,07:06:39.851,bitget,ADA/USDT:USDT,0.8274,49482.0,0.8273,71387.0,0.8275,59386.0,0.8276,68398.0
1753600000001,07:06:40.001,bitget,ADA/USDT:USDT,0.8274,49482.0,0.8273,71387.0,0.8275,59386.0,0.8276,68398.0
1753600000151,07:06:40.151,bitget,ADA/USDT:USDT,0.8274,49482.0,0.8273,71387.0,0.8275,59386.0,0.8276,68398.0
1753600000301,07:06:40.301,bitget,ADA/USDT:USDT,0.8274,49482.0,0.8273,71387.0,0.8275,59386.0,0.8276,68398.0
1753600000451,07:06:40.451,bitget,ADA/USDT:USDT,0.8274,64821.0,0.8273,72342.0,0.8275,6796.0,0.8276,29536.0
1753600000601,07:06:40.601,bitget,ADA/USDT:USDT,0.8275,46711.0,0.8274,106720.0,0.8276,18682.0,0.8277,49159.0
1753600000752,07:06:40.752,bitget,ADA/USDT:USDT,0.8275,56963.0,0.8274,129920.0,0.8276,40734.0,0.8277,59371.0
1753600000902,07:06:40.902,bitget,ADA/USDT:USDT,0.8275,53262.0,0.8274,104063.0,0.8276,38881.0,0.8277,59371.0
1753600001052,07:06:41.052,bitget,ADA/USDT:USDT,0.8275,53262.0,0.8274,95928.0,0.8276,37282.0,0.8277,59371.0
1753600001202,07:06:41.202,bitget,ADA/USDT:USDT,0.8275,53262.0,0.8274,94973.0,0.8276,38881.0,0.8277,60326.0
1753600001352,07:06:41.352,bitget,ADA/USDT:USDT,0.8275,1640.0,0.8274,83927.0,0.8276,48820.0,0.8277,63776.0
1753600001502,07:06:41.502,bitget,ADA/USDT:USDT,0.8275,3239.0,0.8274,83927.0,0.8276,72423.0,0.8277,63776.0
1753600001652,07:06:41.652,bitget,ADA/USDT:USDT,0.8275,3239.0,0.8274,83927.0,0.8276,72303.0,0.8277,63776.0
1753600001802,07:06:41.802,bitget,ADA/USDT:USDT,0.8275,3239.0,0.8274,83927.0,0.8276,68129.0,0.8277,63776.0
1753600001952,07:06:41.952,bitget,ADA/USDT:USDT,0.8275,3239.0,0.8274,94972.0,0.8276,68853.0,0.8277,63776.0
1753600002102,07:06:42.102,bitget,ADA/USDT:USDT,0.8275,3239.0,0.8274,94972.0,0.8276,68853.0,0.8277,63776.0
1753600002252,07:06:42.252,bitget,ADA/USDT:USDT,0.8275,3239.0,0.8274,94972.0,0.8276,68853.0,0.8277,63776.0
1753600002402,07:06:42.402,bitget,ADA/USDT:USDT,0.8275,3239.0,0.8274,94972.0,0.8276,68853.0,0.8277,63776.0
1753600002553,07:06:42.553,bitget,ADA/USDT:USDT,0.8275,3239.0,0.8274,94972.0,0.8276,68853.0,0.8277,63776.0
1753600002703,07:06:42.703,bitget,ADA/USDT:USDT,0.8275,3988.0,0.8274,94972.0,0.8276,68853.0,0.8277,63776.0
1753600002853,07:06:42.853,bitget,ADA/USDT:USDT,0.8275,4833.0,0.8274,94972.0,0.8276,68250.0,0.8277,62821.0
1753600003003,07:06:43.003,bitget,ADA/USDT:USDT,0.8275,4833.0,0.8274,94972.0,0.8276,68250.0,0.8277,63424.0
1753600003153,07:06:43.153,bitget,ADA/USDT:USDT,0.8275,3988.0,0.8274,94972.0,0.8276,68250.0,0.8277,63424.0
1753600003303,07:06:43.303,bitget,ADA/USDT:USDT,0.8275,4833.0,0.8274,94972.0,0.8276,68250.0,0.8277,63424.0
1753600003453,07:06:43.453,bitget,ADA/USDT:USDT,0.8275,35741.0,0.8274,96047.0,0.8276,24647.0,0.8277,42963.0
1753600003603,07:06:43.603,bitget,ADA/USDT:USDT,0.8275,48241.0,0.8274,96047.0,0.8276,41250.0,0.8277,66011.0
1753600003753,07:06:43.753,bitget,ADA/USDT:USDT,0.8275,35741.0,0.8274,96047.0,0.8276,41250.0,0.8277,66011.0
1753600003903,07:06:43.903,bitget,ADA/USDT:USDT,0.8275,35741.0,0.8274,96047.0,0.8276,41250.0,0.8277,66966.0
1753600004053,07:06:44.053,bitget,ADA/USDT:USDT,0.8275,19557.0,0.8274,96047.0,0.8276,56589.0,0.8277,66966.0
1753600004204,07:06:44.204,bitget,ADA/USDT:USDT,0.8275,19557.0,0.8274,96047.0,0.8276,56589.0,0.8277,67569.0
1753600004504,07:06:44.504,bitget,ADA/USDT:USDT,0.8275,42557.0,0.8274,96047.0,0.8276,56589.0,0.8277,67569.0
1753600004654,07:06:44.654,bitget,ADA/USDT:USDT,0.8275,19557.0,0.8274,96047.0,0.8276,56589.0,0.8277,67569.0
1753600004804,07:06:44.804,bitget,ADA/USDT:USDT,0.8275,19557.0,0.8274,96047.0,0.8276,56589.0,0.8277,66614.0
1753600004954,07:06:44.954,bitget,ADA/USDT:USDT,0.8275,19557.0,0.8274,96047.0,0.8276,56589.0,0.8277,67569.0
1753600005104,07:06:45.104,bitget,ADA/USDT:USDT,0.8275,19557.0,0.8274,96047.0,0.8276,56589.0,0.8277,67569.0
1753600005254,07:06:45.254,bitget,ADA/USDT:USDT,0.8275,19557.0,0.8274,96047.0,0.8276,56589.0,0.8277,67569.0
1753600005404,07:06:45.404,bitget,ADA/USDT:USDT,0.8275,19557.0,0.8274,96047.0,0.8276,56589.0,0.8277,67569.0
1753600005554,07:06:45.554,bitget,ADA/USDT:USDT,0.8274,12576.0,0.8273,28432.0,0.8275,1210.0,0.8276,64873.0
1753600005704,07:06:45.704,bitget,ADA/USDT:USDT,0.8274,24893.0,0.8273,73300.0,0.8275,55905.0,0.8276,67808.0
1753600005855,07:06:45.855,bitget,ADA/USDT:USDT,0.8274,27282.0,0.8273,73300.0,0.8275,57504.0,0.8276,67687.0
1753600006004,07:06:46.004,bitget,ADA/USDT:USDT,0.8274,27282.0,0.8273,73300.0,0.8275,57504.0,0.8276,77233.0
1753600006155,07:06:46.155,bitget,ADA/USDT:USDT,0.8274,27282.0,0.8273,73300.0,0.8275,57504.0,0.8276,99403.0
1753600006305,07:06:46.305,bitget,ADA/USDT:USDT,0.8274,48356.0,0.8273,73300.0,0.8275,57504.0,0.8276,99403.0
1753600006455,07:06:46.455,bitget,ADA/USDT:USDT,0.8274,48356.0,0.8273,73300.0,0.8275,57504.0,0.8276,99403.0
1753600006605,07:06:46.605,bitget,ADA/USDT:USDT,0.8274,42339.0,0.8273,73300.0,0.8275,57504.0,0.8276,112866.0
1753600006755,07:06:46.755,bitget,ADA/USDT:USDT,0.8274,42339.0,0.8273,73300.0,0.8275,57504.0,0.8276,112866.0
1753600006905,07:06:46.905,bitget,ADA/USDT:USDT,0.8274,42339.0,0.8273,73300.0,0.8275,57504.0,0.8276,105771.0
1753600007055,07:06:47.055,bitget,ADA/USDT:USDT,0.8273,22537.0,0.8272,63854.0,0.8274,76104.0,0.8275,61708.0
1753600007205,07:06:47.205,bitget,ADA/USDT:USDT,0.8273,5624.0,0.8272,113980.0,0.8274,82275.0,0.8275,94881.0
1753600007355,07:06:47.355,bitget,ADA/USDT:USDT,0.8271,8726.0,0.827,64811.0,0.8272,17743.0,0.8273,69346.0
1753600007506,07:06:47.506,bitget,ADA/USDT:USDT,0.8271,22169.0,0.827,81722.0,0.8272,57273.0,0.8273,101345.0
1753600007656,07:06:47.656,bitget,ADA/USDT:USDT,0.8271,2385.0,0.827,91410.0,0.8272,91757.0,0.8273,101345.0
1753600007806,07:06:47.806,bitget,ADA/USDT:USDT,0.8271,49157.0,0.827,83919.0,0.8272,1599.0,0.8273,39741.0
1753600007955,07:06:47.955,bitget,ADA/USDT:USDT,0.8272,17883.0,0.8271,67792.0,0.8273,18492.0,0.8274,75258.0
1753600008106,07:06:48.106,bitget,ADA/USDT:USDT,0.8272,4025.0,0.8271,71833.0,0.8273,33549.0,0.8274,83664.0
1753600008256,07:06:48.256,bitget,ADA/USDT:USDT,0.8272,1124.0,0.8271,71833.0,0.8273,34877.0,0.8274,76214.0
1753600008406,07:06:48.406,bitget,ADA/USDT:USDT,0.8272,1124.0,0.8271,60436.0,0.8273,57877.0,0.8274,87263.0
1753600008556,07:06:48.556,bitget,ADA/USDT:USDT,0.8272,1124.0,0.8271,71485.0,0.8273,57877.0,0.8274,93545.0
1753600008706,07:06:48.706,bitget,ADA/USDT:USDT,0.8272,1124.0,0.8271,71485.0,0.8273,57877.0,0.8274,87263.0
1753600008856,07:06:48.856,bitget,ADA/USDT:USDT,0.8272,7780.0,0.8271,77102.0,0.8273,57153.0,0.8274,87263.0
1753600009006,07:06:49.006,bitget,ADA/USDT:USDT,0.8272,7752.0,0.8271,77102.0,0.8273,57153.0,0.8274,87263.0
1753600009156,07:06:49.156,bitget,ADA/USDT:USDT,0.8272,8501.0,0.8271,77102.0,0.8273,57877.0,0.8274,87098.0
1753600009307,07:06:49.307,bitget,ADA/USDT:USDT,0.8272,5112.0,0.8271,77102.0,0.8273,57877.0,0.8274,87098.0
1753600009457,07:06:49.457,bitget,ADA/USDT:USDT,0.8272,36669.0,0.8271,78058.0,0.8273,57877.0,0.8274,87098.0
1753600009607,07:06:49.607,bitget,ADA/USDT:USDT,0.8272,36669.0,0.8271,78058.0,0.8273,34273.0,0.8274,86746.0
1753600009757,07:06:49.757,bitget,ADA/USDT:USDT,0.8272,36669.0,0.8271,78058.0,0.8273,34273.0,0.8274,86142.0
1753600009907,07:06:49.907,bitget,ADA/USDT:USDT,0.8272,36669.0,0.8271,78058.0,0.8273,34273.0,0.8274,86142.0
1753600010057,07:06:50.057,bitget,ADA/USDT:USDT,0.8272,36669.0,0.8271,78058.0,0.8273,33549.0,0.8274,86142.0
1753600010207,07:06:50.207,bitget,ADA/USDT:USDT,0.8272,20169.0,0.8271,78058.0,0.8273,33549.0,0.8274,86142.0
1753600010357,07:06:50.357,bitget,ADA/USDT:USDT,0.8272,20347.0,0.8271,78058.0,0.8273,33549.0,0.8274,86746.0
1753600010507,07:06:50.507,bitget,ADA/USDT:USDT,0.8272,20169.0,0.8271,78058.0,0.8273,56549.0,0.8274,86746.0
1753600010657,07:06:50.657,bitget,ADA/USDT:USDT,0.8272,18570.0,0.8271,49137.0,0.8273,56549.0,0.8274,87702.0
1753600010807,07:06:50.807,bitget,ADA/USDT:USDT,0.8272,20169.0,0.8271,49137.0,0.8273,57273.0,0.8274,87702.0
1753600010957,07:06:50.957,bitget,ADA/USDT:USDT,0.8272,20169.0,0.8271,67002.0,0.8273,57273.0,0.8274,87702.0
1753600011108,07:06:51.108,bitget,ADA/USDT:USDT,0.8272,20169.0,0.8271,67002.0,0.8273,57273.0,0.8274,87702.0
1753600011258,07:06:51.258,bitget,ADA/USDT:USDT,0.8272,18570.0,0.8271,66046.0,0.8273,57273.0,0.8274,87702.0
1753600011408,07:06:51.408,bitget,ADA/USDT:USDT,0.8272,18570.0,0.8271,66046.0,0.8273,57273.0,0.8274,87702.0
1753600011558,07:06:51.558,bitget,ADA/USDT:USDT,0.8272,18570.0,0.8271,66046.0,0.8273,57273.0,0.8274,87702.0
1753600011708,07:06:51.708,bitget,ADA/USDT:USDT,0.8272,18570.0,0.8271,66046.0,0.8273,57273.0,0.8274,87702.0
1753600011858,07:06:51.858,bitget,ADA/USDT:USDT,0.8272,18570.0,0.8271,66046.0,0.8273,57273.0,0.8274,87702.0
1753600012008,07:06:52.008,bitget,ADA/USDT:USDT,0.8272,18570.0,0.8271,66046.0,0.8273,57273.0,0.8274,87702.0
1753600012158,07:06:52.158,bitget,ADA/USDT:USDT,0.8272,18570.0,0.8271,66046.0,0.8273,57273.0,0.8274,87702.0
1753600012458,07:06:52.458,bitget,ADA/USDT:USDT,0.8272,29169.0,0.8271,67002.0,0.8273,57273.0,0.8274,91166.0
1753600012608,07:06:52.608,bitget,ADA/USDT:USDT,0.8272,21873.0,0.8271,67002.0,0.8273,34273.0,0.8274,90210.0
1753600012758,07:06:52.758,bitget,ADA/USDT:USDT,0.8272,21873.0,0.8271,67002.0,0.8273,34273.0,0.8274,90210.0
1753600012909,07:06:52.909,bitget,ADA/USDT:USDT,0.8272,21873.0,0.8271,67002.0,0.8273,19216.0,0.8274,62243.0
1753600013059,07:06:53.059,bitget,ADA/USDT:USDT,0.8272,20169.0,0.8271,67002.0,0.8273,16938.0,0.8274,79266.0
1753600013208,07:06:53.208,bitget,ADA/USDT:USDT,0.8272,35508.0,0.8271,71806.0,0.8274,58135.0,0.8275,64860.0
1753600013359,07:06:53.359,bitget,ADA/USDT:USDT,0.8273,55925.0,0.8272,54632.0,0.8274,52250.0,0.8275,59609.0
1753600013509,07:06:53.509,bitget,ADA/USDT:USDT,0.8273,55925.0,0.8272,88436.0,0.8274,29758.0,0.8275,81296.0
1753600013659,07:06:53.659,bitget,ADA/USDT:USDT,0.8273,55925.0,0.8272,88436.0,0.8274,24186.0,0.8275,81296.0
1753600013809,07:06:53.809,bitget,ADA/USDT:USDT,0.8273,28293.0,0.8272,99484.0,0.8274,39243.0,0.8275,98199.0
1753600013959,07:06:53.959,bitget,ADA/USDT:USDT,0.8273,28293.0,0.8272,99484.0,0.8274,39243.0,0.8275,77947.0
1753600014109,07:06:54.109,bitget,ADA/USDT:USDT,0.8273,28293.0,0.8272,99484.0,0.8274,38438.0,0.8275,77947.0
1753600014259,07:06:54.259,bitget,ADA/USDT:USDT,0.8273,28293.0,0.8272,99484.0,0.8274,38438.0,0.8275,77947.0
1753600014409,07:06:54.409,bitget,ADA/USDT:USDT,0.8273,72141.0,0.8272,102341.0,0.8274,2348.0,0.8275,27797.0
1753600014559,07:06:54.559,bitget,ADA/USDT:USDT,0.8274,18615.0,0.8273,88901.0,0.8275,51592.0,0.8276,63108.0
1753600014710,07:06:54.710,bitget,ADA/USDT:USDT,0.8274,57520.0,0.8273,99384.0,0.8275,24509.0,0.8276,85882.0
1753600014860,07:06:54.860,bitget,ADA/USDT:USDT,0.8274,57520.0,0.8273,90765.0,0.8275,24509.0,0.8276,85279.0
1753600015010,07:06:55.010,bitget,ADA/USDT:USDT,0.8274,19082.0,0.8273,89809.0,0.8275,29112.0,0.8276,86234.0
1753600015160,07:06:55.160,bitget,ADA/USDT:USDT,0.8274,20681.0,0.8273,89809.0,0.8275,44169.0,0.8276,86234.0
1753600015310,07:06:55.310,bitget,ADA/USDT:USDT,0.8274,20681.0,0.8273,89809.0,0.8275,64669.0,0.8276,86837.0
1753600015460,07:06:55.460,bitget,ADA/USDT:USDT,0.8273,749.0,0.8272,55506.0,0.8275,78390.0,0.8276,86927.0
1753600015610,07:06:55.610,bitget,ADA/USDT:USDT,0.8271,52048.0,0.827,45365.0,0.8272,3986.0,0.8273,54821.0
1753600015760,07:06:55.760,bitget,ADA/USDT:USDT,0.8271,41216.0,0.827,62257.0,0.8273,46718.0,0.8274,97944.0
1753600015910,07:06:55.910,bitget,ADA/USDT:USDT,0.8272,24989.0,0.8271,34823.0,0.8273,46718.0,0.8274,99780.0
1753600016060,07:06:56.060,bitget,ADA/USDT:USDT,0.8272,38837.0,0.8271,68085.0,0.8273,31192.0,0.8274,99810.0
1753600016210,07:06:56.210,bitget,ADA/USDT:USDT,0.8272,38837.0,0.8271,68085.0,0.8273,24656.0,0.8274,99810.0
1753600016361,07:06:56.361,bitget,ADA/USDT:USDT,0.8272,27337.0,0.8271,74863.0,0.8273,47656.0,0.8274,111812.0
1753600016511,07:06:56.511,bitget,ADA/USDT:USDT,0.8272,27337.0,0.8271,74863.0,0.8273,53488.0,0.8274,108348.0
1753600016661,07:06:56.661,bitget,ADA/USDT:USDT,0.8272,27337.0,0.8271,78328.0,0.8273,53488.0,0.8274,108952.0
1753600016811,07:06:56.811,bitget,ADA/USDT:USDT,0.8272,27337.0,0.8271,78328.0,0.8273,53488.0,0.8274,108952.0
1753600016961,07:06:56.961,bitget,ADA/USDT:USDT,0.8272,27337.0,0.8271,78328.0,0.8273,53368.0,0.8274,108952.0
1753600017111,07:06:57.111,bitget,ADA/USDT:USDT,0.8272,27337.0,0.8271,78328.0,0.8273,53368.0,0.8274,108952.0
1753600017261,07:06:57.261,bitget,ADA/USDT:USDT,0.8272,34837.0,0.8271,77720.0,0.8273,53368.0,0.8274,108228.0
1753600017411,07:06:57.411,bitget,ADA/USDT:USDT,0.8272,27505.0,0.8271,77720.0,0.8273,53368.0,0.8274,108228.0
1753600017561,07:06:57.561,bitget,ADA/USDT:USDT,0.8272,27337.0,0.8271,74863.0,0.8273,53368.0,0.8274,108228.0
1753600017711,07:06:57.711,bitget,ADA/USDT:USDT,0.8272,27910.0,0.8271,74863.0,0.8273,53368.0,0.8274,108228.0
1753600017861,07:06:57.861,bitget,ADA/USDT:USDT,0.8272,27309.0,0.8271,73907.0,0.8273,53368.0,0.8274,111692.0
1753600018011,07:06:58.011,bitget,ADA/USDT:USDT,0.8272,20681.0,0.8271,62863.0,0.8273,54092.0,0.8274,111692.0
1753600018162,07:06:58.162,bitget,ADA/USDT:USDT,0.8272,16181.0,0.8271,45969.0,0.8273,54092.0,0.8274,111692.0
1753600018312,07:06:58.312,bitget,ADA/USDT:USDT,0.8272,16181.0,0.8271,23798.0,0.8273,54092.0,0.8274,111692.0
1753600018462,07:06:58.462,bitget,ADA/USDT:USDT,0.8272,16181.0,0.8271,50857.0,0.8273,53368.0,0.8274,111692.0
1753600018612,07:06:58.612,bitget,ADA/USDT:USDT,0.8272,16181.0,0.8271,50857.0,0.8273,54092.0,0.8274,111692.0
1753600018762,07:06:58.762,bitget,ADA/USDT:USDT,0.8272,16181.0,0.8271,40692.0,0.8273,54092.0,0.8274,111692.0
1753600018912,07:06:58.912,bitget,ADA/USDT:USDT,0.8272,16181.0,0.8271,45789.0,0.8273,54092.0,0.8274,111692.0
1753600019062,07:06:59.062,bitget,ADA/USDT:USDT,0.8272,16181.0,0.8271,45789.0,0.8273,54092.0,0.8274,111692.0
1753600019212,07:06:59.212,bitget,ADA/USDT:USDT,0.8272,1124.0,0.8271,45789.0,0.8273,76263.0,0.8274,89521.0
1753600019362,07:06:59.362,bitget,ADA/USDT:USDT,0.8272,1124.0,0.8271,45789.0,0.8273,76867.0,0.8274,88917.0
1753600019512,07:06:59.512,bitget,ADA/USDT:USDT,0.8272,1124.0,0.8271,45789.0,0.8273,76867.0,0.8274,88917.0
1753600019662,07:06:59.662,bitget,ADA/USDT:USDT,0.8272,2723.0,0.8271,45789.0,0.8273,76867.0,0.8274,88917.0
1753600019812,07:06:59.812,bitget,ADA/USDT:USDT,0.8272,20169.0,0.8271,46745.0,0.8273,31092.0,0.8274,76690.0
1753600019963,07:06:59.963,bitget,ADA/USDT:USDT,0.8272,20169.0,0.8271,46745.0,0.8273,30368.0,0.8274,76690.0
1753600020113,07:07:00.113,bitget,ADA/USDT:USDT,0.8272,20169.0,0.8271,46745.0,0.8273,30368.0,0.8274,76690.0
1753600020263,07:07:00.263,bitget,ADA/USDT:USDT,0.8272,43169.0,0.8271,73133.0,0.8273,52868.0,0.8274,87739.0
1753600020413,07:07:00.413,bitget,ADA/USDT:USDT,0.8272,43169.0,0.8271,73133.0,0.8273,23519.0,0.8274,87739.0
1753600020713,07:07:00.713,bitget,ADA/USDT:USDT,0.8272,20169.0,0.8271,73133.0,0.8273,20907.0,0.8274,87135.0
1753600020863,07:07:00.863,bitget,ADA/USDT:USDT,0.8272,20169.0,0.8271,73133.0,0.8273,36713.0,0.8274,88091.0
1753600021013,07:07:01.013,bitget,ADA/USDT:USDT,0.8272,16181.0,0.8271,44234.0,0.8273,37437.0,0.8274,88091.0
1753600021163,07:07:01.163,bitget,ADA/USDT:USDT,0.8272,16181.0,0.8271,61126.0,0.8273,37437.0,0.8274,88091.0
1753600021313,07:07:01.313,bitget,ADA/USDT:USDT,0.8272,16181.0,0.8271,61126.0,0.8273,60437.0,0.8274,88091.0
1753600021464,07:07:01.464,bitget,ADA/USDT:USDT,0.8272,16181.0,0.8271,61126.0,0.8273,60437.0,0.8274,88695.0
1753600021614,07:07:01.614,bitget,ADA/USDT:USDT,0.8272,16181.0,0.8271,61126.0,0.8273,60437.0,0.8274,88695.0
1753600021764,07:07:01.764,bitget,ADA/USDT:USDT,0.8272,16181.0,0.8271,61126.0,0.8273,60437.0,0.8274,88695.0
1753600021914,07:07:01.914,bitget,ADA/USDT:USDT,0.8272,16181.0,0.8271,61126.0,0.8273,60437.0,0.8274,88695.0
1753600022064,07:07:02.064,bitget,ADA/USDT:USDT,0.8272,16181.0,0.8271,61126.0,0.8273,60437.0,0.8274,88695.0
1753600022214,07:07:02.214,bitget,ADA/USDT:USDT,0.8272,16181.0,0.8271,61126.0,0.8273,60437.0,0.8274,88695.0
1753600022364,07:07:02.364,bitget,ADA/USDT:USDT,0.8272,16181.0,0.8271,61126.0,0.8273,60437.0,0.8274,88695.0
1753600022514,07:07:02.514,bitget,ADA/USDT:USDT,0.8272,16181.0,0.8271,61126.0,0.8273,60437.0,0.8274,88695.0
1753600022664,07:07:02.664,bitget,ADA/USDT:USDT,0.8272,16930.0,0.8271,72175.0,0.8273,60437.0,0.8274,88695.0
1753600022814,07:07:02.814,bitget,ADA/USDT:USDT,0.8272,16930.0,0.8271,72175.0,0.8273,60437.0,0.8274,88695.0
1753600023115,07:07:03.115,bitget,ADA/USDT:USDT,0.8272,16930.0,0.8271,72175.0,0.8273,60437.0,0.8274,88695.0
1753600023265,07:07:03.265,bitget,ADA/USDT:USDT,0.8272,18529.0,0.8271,72175.0,0.8273,60437.0,0.8274,88695.0
1753600023415,07:07:03.415,bitget,ADA/USDT:USDT,0.8272,18529.0,0.8271,72175.0,0.8273,60437.0,0.8274,88695.0
1753600023565,07:07:03.565,bitget,ADA/USDT:USDT,0.8272,18529.0,0.8271,72175.0,0.8273,60437.0,0.8274,88695.0
1753600023715,07:07:03.715,bitget,ADA/USDT:USDT,0.8272,1124.0,0.8271,28775.0,0.8273,60467.0,0.8274,88785.0
1753600023865,07:07:03.865,bitget,ADA/USDT:USDT,0.8272,1124.0,0.8271,28775.0,0.8273,63811.0,0.8274,88181.0
1753600024015,07:07:04.015,bitget,ADA/USDT:USDT,0.8272,1124.0,0.8271,749.0,0.8273,64535.0,0.8274,94341.0
1753600024165,07:07:04.165,bitget,ADA/USDT:USDT,0.8271,749.0,0.827,67367.0,0.8273,64535.0,0.8274,94341.0
1753600024315,07:07:04.315,bitget,ADA/USDT:USDT,0.8271,24488.0,0.827,95306.0,0.8272,60937.0,0.8273,66400.0
1753600024465,07:07:04.465,bitget,ADA/USDT:USDT,0.8271,39545.0,0.827,96262.0,0.8272,63285.0,0.8273,66255.0
1753600024615,07:07:04.615,bitget,ADA/USDT:USDT,0.8271,39545.0,0.827,96262.0,0.8272,58578.0,0.8273,65531.0
1753600024765,07:07:04.765,bitget,ADA/USDT:USDT,0.8271,39545.0,0.827,96262.0,0.8272,58578.0,0.8273,65531.0
1753600024916,07:07:04.916,bitget,ADA/USDT:USDT,0.8271,39938.0,0.827,96262.0,0.8272,58578.0,0.8273,65531.0
1753600025066,07:07:05.066,bitget,ADA/USDT:USDT,0.8271,39938.0,0.827,96262.0,0.8272,58578.0,0.8273,65531.0
1753600025216,07:07:05.216,bitget,ADA/USDT:USDT,0.8271,39938.0,0.827,96262.0,0.8272,58578.0,0.8273,66487.0
1753600025366,07:07:05.366,bitget,ADA/USDT:USDT,0.8271,39938.0,0.827,96262.0,0.8272,58578.0,0.8273,66487.0
1753600025516,07:07:05.516,bitget,ADA/USDT:USDT,0.8271,39938.0,0.827,96262.0,0.8272,58578.0,0.8273,66487.0
1753600025666,07:07:05.666,bitget,ADA/USDT:USDT,0.8271,39938.0,0.827,96262.0,0.8272,58578.0,0.8273,66487.0
1753600025816,07:07:05.816,bitget,ADA/USDT:USDT,0.8271,39938.0,0.827,96262.0,0.8272,58578.0,0.8273,66487.0
1753600025966,07:07:05.966,bitget,ADA/USDT:USDT,0.8271,39938.0,0.827,96262.0,0.8272,58578.0,0.8273,66487.0
1753600026116,07:07:06.116,bitget,ADA/USDT:USDT,0.8271,39938.0,0.827,96262.0,0.8272,58578.0,0.8273,66487.0
1753600026266,07:07:06.266,bitget,ADA/USDT:USDT,0.8271,39938.0,0.827,96262.0,0.8272,58578.0,0.8273,66487.0
1753600026416,07:07:06.416,bitget,ADA/USDT:USDT,0.8271,39938.0,0.827,96262.0,0.8272,80750.0,0.8273,76042.0
1753600026566,07:07:06.566,bitget,ADA/USDT:USDT,0.8271,39938.0,0.827,96262.0,0.8272,80750.0,0.8273,76042.0
1753600026717,07:07:06.717,bitget,ADA/USDT:USDT,0.8271,39938.0,0.827,96262.0,0.8272,80750.0,0.8273,65276.0
1753600026867,07:07:06.867,bitget,ADA/USDT:USDT,0.8271,19045.0,0.827,96262.0,0.8272,80750.0,0.8273,69163.0
1753600027017,07:07:07.017,bitget,ADA/USDT:USDT,0.8271,25081.0,0.827,96262.0,0.8272,95807.0,0.8273,80213.0
1753600027167,07:07:07.167,bitget,ADA/USDT:USDT,0.8271,30545.0,0.827,96262.0,0.8272,95807.0,0.8273,80213.0
1753600027317,07:07:07.317,bitget,ADA/USDT:USDT,0.8271,30545.0,0.827,96262.0,0.8272,95807.0,0.8273,84074.0
1753600027467,07:07:07.467,bitget,ADA/USDT:USDT,0.8271,30545.0,0.827,96262.0,0.8272,95807.0,0.8273,83118.0
1753600027617,07:07:07.617,bitget,ADA/USDT:USDT,0.8271,30545.0,0.827,96262.0,0.8272,67663.0,0.8273,60118.0
1753600027767,07:07:07.767,bitget,ADA/USDT:USDT,0.8271,35605.0,0.827,96262.0,0.8272,44663.0,0.8273,60108.0
1753600027917,07:07:07.917,bitget,ADA/USDT:USDT,0.8271,30545.0,0.827,96262.0,0.8272,44663.0,0.8273,60108.0
1753600028067,07:07:08.067,bitget,ADA/USDT:USDT,0.8271,34384.0,0.827,96262.0,0.8272,43064.0,0.8273,60108.0
1753600028217,07:07:08.217,bitget,ADA/USDT:USDT,0.8271,57384.0,0.827,96262.0,0.8272,22491.0,0.8273,82280.0
1753600028368,07:07:08.368,bitget,ADA/USDT:USDT,0.8271,57384.0,0.827,96262.0,0.8272,22491.0,0.8273,81676.0
1753600028518,07:07:08.518,bitget,ADA/USDT:USDT,0.8271,57384.0,0.827,96262.0,0.8272,22491.0,0.8273,81676.0
1753600028968,07:07:08.968,bitget,ADA/USDT:USDT,0.8271,57384.0,0.827,96262.0,0.8272,22491.0,0.8273,81676.0
1753600029118,07:07:09.118,bitget,ADA/USDT:USDT,0.8271,34384.0,0.827,96262.0,0.8272,20143.0,0.8273,67892.0
1753600029268,07:07:09.268,bitget,ADA/USDT:USDT,0.8271,57384.0,0.827,88797.0,0.8272,59048.0,0.8273,84054.0
1753600029418,07:07:09.418,bitget,ADA/USDT:USDT,0.8271,57384.0,0.827,90344.0,0.8272,59048.0,0.8273,84054.0
1753600029568,07:07:09.568,bitget,ADA/USDT:USDT,0.8271,51384.0,0.827,90344.0,0.8272,59048.0,0.8273,84054.0
1753600029718,07:07:09.718,bitget,ADA/USDT:USDT,0.8271,44027.0,0.827,93809.0,0.8272,59048.0,0.8273,84054.0
1753600029868,07:07:09.868,bitget,ADA/USDT:USDT,0.8271,44027.0,0.827,93809.0,0.8272,59048.0,0.8273,84658.0
1753600030018,07:07:10.018,bitget,ADA/USDT:USDT,0.8271,44027.0,0.827,93809.0,0.8272,37548.0,0.8273,84658.0
1753600030169,07:07:10.169,bitget,ADA/USDT:USDT,0.8271,57527.0,0.827,92854.0,0.8272,37548.0,0.8273,84054.0
1753600030319,07:07:10.319,bitget,ADA/USDT:USDT,0.8271,57527.0,0.827,89389.0,0.8272,37548.0,0.8273,84054.0
1753600030469,07:07:10.469,bitget,ADA/USDT:USDT,0.8271,57527.0,0.827,95744.0,0.8272,37548.0,0.8273,84054.0
1753600030619,07:07:10.619,bitget,ADA/USDT:USDT,0.8271,57527.0,0.827,96700.0,0.8272,37548.0,0.8273,83098.0
1753600030769,07:07:10.769,bitget,ADA/USDT:USDT,0.8271,57527.0,0.827,96700.0,0.8272,37548.0,0.8273,83098.0
1753600030919,07:07:10.919,bitget,ADA/USDT:USDT,0.8271,57527.0,0.827,96700.0,0.8272,37548.0,0.8273,83098.0
1753600031069,07:07:11.069,bitget,ADA/USDT:USDT,0.8271,57527.0,0.827,96700.0,0.8272,37548.0,0.8273,83098.0
1753600031219,07:07:11.219,bitget,ADA/USDT:USDT,0.8272,9021.0,0.8271,57527.0,0.8273,15339.0,0.8274,61575.0
1753600031369,07:07:11.369,bitget,ADA/USDT:USDT,0.8272,77034.0,0.8271,79978.0,0.8273,39110.0,0.8274,78462.0
1753600031519,07:07:11.519,bitget,ADA/USDT:USDT,0.8272,77034.0,0.8271,100371.0,0.8273,17687.0,0.8274,100030.0
1753600031669,07:07:11.669,bitget,ADA/USDT:USDT,0.8272,77034.0,0.8271,90237.0,0.8273,17687.0,0.8274,81068.0
1753600031820,07:07:11.820,bitget,ADA/USDT:USDT,0.8272,77034.0,0.8271,90237.0,0.8273,17687.0,0.8274,81068.0
1753600031970,07:07:11.970,bitget,ADA/USDT:USDT,0.8272,77034.0,0.8271,90237.0,0.8273,17687.0,0.8274,81068.0
1753600032120,07:07:12.120,bitget,ADA/USDT:USDT,0.8272,77034.0,0.8271,90237.0,0.8273,17687.0,0.8274,81068.0
1753600032270,07:07:12.270,bitget,ADA/USDT:USDT,0.8272,77034.0,0.8271,90237.0,0.8273,39088.0,0.8274,81068.0
1753600032420,07:07:12.420,bitget,ADA/USDT:USDT,0.8272,77034.0,0.8271,90237.0,0.8273,21839.0,0.8274,64181.0
1753600032570,07:07:12.570,bitget,ADA/USDT:USDT,0.8272,77034.0,0.8271,90237.0,0.8273,21839.0,0.8274,81066.0
1753600032720,07:07:12.720,bitget,ADA/USDT:USDT,0.8272,76078.0,0.8271,89281.0,0.8273,23438.0,0.8274,81066.0
1753600032870,07:07:12.870,bitget,ADA/USDT:USDT,0.8272,76078.0,0.8271,90237.0,0.8273,23438.0,0.8274,81066.0
1753600033020,07:07:13.020,bitget,ADA/USDT:USDT,0.8272,76078.0,0.8271,90237.0,0.8273,23438.0,0.8274,81066.0
1753600033170,07:07:13.170,bitget,ADA/USDT:USDT,0.8272,76078.0,0.8271,90237.0,0.8273,33438.0,0.8274,81066.0
1753600033320,07:07:13.320,bitget,ADA/USDT:USDT,0.8272,76078.0,0.8271,90237.0,0.8273,34187.0,0.8274,81066.0
1753600033471,07:07:13.471,bitget,ADA/USDT:USDT,0.8272,76078.0,0.8271,90237.0,0.8273,34187.0,0.8274,81066.0
1753600033621,07:07:13.621,bitget,ADA/USDT:USDT,0.8272,76078.0,0.8271,90237.0,0.8273,34187.0,0.8274,81066.0
1753600033771,07:07:13.771,bitget,ADA/USDT:USDT,0.827,17289.0,0.8269,22938.0,0.8272,25318.0,0.8273,61957.0
1753600033921,07:07:13.921,bitget,ADA/USDT:USDT,0.827,24458.0,0.8269,89928.0,0.8271,3159.0,0.8272,88216.0
1753600034071,07:07:14.071,bitget,ADA/USDT:USDT,0.827,35103.0,0.8269,90884.0,0.8272,69955.0,0.8273,53624.0
1753600034221,07:07:14.221,bitget,ADA/USDT:USDT,0.8271,64927.0,0.827,65783.0,0.8272,43913.0,0.8273,34383.0
1753600034371,07:07:14.371,bitget,ADA/USDT:USDT,0.8271,41049.0,0.827,59668.0,0.8272,46886.0,0.8273,73432.0
1753600034521,07:07:14.521,bitget,ADA/USDT:USDT,0.827,59668.0,0.8269,70103.0,0.8272,47610.0,0.8273,77127.0
1753600034671,07:07:14.671,bitget,ADA/USDT:USDT,0.827,20616.0,0.8269,86989.0,0.8271,56565.0,0.8272,45390.0
1753600034821,07:07:14.821,bitget,ADA/USDT:USDT,0.827,40651.0,0.8269,86989.0,0.8271,56565.0,0.8272,62279.0
1753600034971,07:07:14.971,bitget,ADA/USDT:USDT,0.827,40651.0,0.8269,100897.0,0.8271,56565.0,0.8272,60377.0
1753600035121,07:07:15.121,bitget,ADA/USDT:USDT,0.827,40651.0,0.8269,100897.0,0.8271,56565.0,0.8272,60377.0
1753600035271,07:07:15.271,bitget,ADA/USDT:USDT,0.827,1124.0,0.8269,82624.0,0.8271,57551.0,0.8272,68645.0
1753600035422,07:07:15.422,bitget,ADA/USDT:USDT,0.827,1124.0,0.8269,87374.0,0.8271,58155.0,0.8272,67317.0
1753600035572,07:07:15.572,bitget,ADA/USDT:USDT,0.827,1124.0,0.8269,65738.0,0.8271,58879.0,0.8272,67317.0
1753600035722,07:07:15.722,bitget,ADA/USDT:USDT,0.827,1124.0,0.8269,48318.0,0.8271,81049.0,0.8272,76193.0
1753600035872,07:07:15.872,bitget,ADA/USDT:USDT,0.827,1124.0,0.8269,54375.0,0.8271,81049.0,0.8272,76193.0
1753600036022,07:07:16.022,bitget,ADA/USDT:USDT,0.827,1124.0,0.8269,54375.0,0.8271,81049.0,0.8272,76193.0
1753600036172,07:07:16.172,bitget,ADA/USDT:USDT,0.827,1124.0,0.8269,54375.0,0.8271,81049.0,0.8272,76193.0
1753600036322,07:07:16.322,bitget,ADA/USDT:USDT,0.827,1124.0,0.8269,54375.0,0.8271,81049.0,0.8272,76193.0
1753600036472,07:07:16.472,bitget,ADA/USDT:USDT,0.827,1124.0,0.8269,38191.0,0.8271,81049.0,0.8272,82235.0
1753600036622,07:07:16.622,bitget,ADA/USDT:USDT,0.827,1124.0,0.8269,19275.0,0.8271,81049.0,0.8272,69600.0
1753600036772,07:07:16.772,bitget,ADA/USDT:USDT,0.8269,19275.0,0.8268,87740.0,0.827,16190.0,0.8271,95673.0
1753600036922,07:07:16.922,bitget,ADA/USDT:USDT,0.8269,2389.0,0.8268,104628.0,0.827,56595.0,0.8271,96152.0
1753600037073,07:07:17.073,bitget,ADA/USDT:USDT,0.8269,2389.0,0.8268,115679.0,0.827,56595.0,0.8271,101599.0
1753600037222,07:07:17.222,bitget,ADA/USDT:USDT,0.8269,2389.0,0.8268,104628.0,0.827,62003.0,0.8271,101599.0
1753600037373,07:07:17.373,bitget,ADA/USDT:USDT,0.8269,2389.0,0.8268,61180.0,0.827,62003.0,0.8271,101599.0
1753600037523,07:07:17.523,bitget,ADA/USDT:USDT,0.8269,1640.0,0.8268,78484.0,0.827,62003.0,0.8271,101599.0
1753600037673,07:07:17.673,bitget,ADA/USDT:USDT,0.8269,2389.0,0.8268,78484.0,0.827,62003.0,0.8271,101599.0
1753600037823,07:07:17.823,bitget,ADA/USDT:USDT,0.8269,2389.0,0.8268,78484.0,0.827,62003.0,0.8271,101599.0
1753600037973,07:07:17.973,bitget,ADA/USDT:USDT,0.8269,2389.0,0.8268,78484.0,0.827,62003.0,0.8271,101599.0
1753600038123,07:07:18.123,bitget,ADA/USDT:USDT,0.8269,2389.0,0.8268,78484.0,0.827,61033.0,0.8271,101599.0
1753600038273,07:07:18.273,bitget,ADA/USDT:USDT,0.8269,2389.0,0.8268,78484.0,0.827,61033.0,0.8271,101599.0
1753600038423,07:07:18.423,bitget,ADA/USDT:USDT,0.8269,2389.0,0.8268,78484.0,0.827,61033.0,0.8271,101599.0
1753600038573,07:07:18.573,bitget,ADA/USDT:USDT,0.8269,2389.0,0.8268,78484.0,0.827,61033.0,0.8271,101599.0
1753600038724,07:07:18.724,bitget,ADA/USDT:USDT,0.8269,2389.0,0.8268,78484.0,0.827,61033.0,0.8271,101599.0
1753600038874,07:07:18.874,bitget,ADA/USDT:USDT,0.8269,2389.0,0.8268,78484.0,0.827,61033.0,0.8271,101599.0
1753600039024,07:07:19.024,bitget,ADA/USDT:USDT,0.8269,2389.0,0.8268,78484.0,0.827,61033.0,0.8271,101599.0
1753600039174,07:07:19.174,bitget,ADA/USDT:USDT,0.8269,2389.0,0.8268,78484.0,0.827,83205.0,0.8271,79429.0
1753600039324,07:07:19.324,bitget,ADA/USDT:USDT,0.8269,2389.0,0.8268,78484.0,0.827,83205.0,0.8271,79429.0
1753600039474,07:07:19.474,bitget,ADA/USDT:USDT,0.8269,2389.0,0.8268,78484.0,0.827,83205.0,0.8271,79429.0
1753600039624,07:07:19.624,bitget,ADA/USDT:USDT,0.8269,2389.0,0.8268,78484.0,0.827,83205.0,0.8271,79429.0
1753600039774,07:07:19.774,bitget,ADA/USDT:USDT,0.8269,2389.0,0.8268,78484.0,0.827,83205.0,0.8271,79429.0
1753600039924,07:07:19.924,bitget,ADA/USDT:USDT,0.8269,2389.0,0.8268,78484.0,0.827,83205.0,0.8271,79429.0
1753600040074,07:07:20.074,bitget,ADA/USDT:USDT,0.8269,2389.0,0.8268,78484.0,0.827,83205.0,0.8271,79429.0
1753600040224,07:07:20.224,bitget,ADA/USDT:USDT,0.8269,2389.0,0.8268,78484.0,0.827,83205.0,0.8271,79429.0
1753600040374,07:07:20.374,bitget,ADA/USDT:USDT,0.8269,2389.0,0.8268,78484.0,0.827,83205.0,0.8271,79429.0
1753600040525,07:07:20.525,bitget,ADA/USDT:USDT,0.8269,2389.0,0.8268,78319.0,0.827,83205.0,0.8271,79429.0
1753600040675,07:07:20.675,bitget,ADA/USDT:USDT,0.8269,2389.0,0.8268,78319.0,0.827,83205.0,0.8271,79429.0
1753600040825,07:07:20.825,bitget,ADA/USDT:USDT,0.8269,9017.0,0.8268,78319.0,0.827,83205.0,0.8271,78705.0
1753600040975,07:07:20.975,bitget,ADA/USDT:USDT,0.8269,9017.0,0.8268,78319.0,0.827,83205.0,0.8271,78705.0
1753600041125,07:07:21.125,bitget,ADA/USDT:USDT,0.8269,9017.0,0.8268,78319.0,0.827,82645.0,0.8271,82137.0
1753600041275,07:07:21.275,bitget,ADA/USDT:USDT,0.8269,9017.0,0.8268,78319.0,0.827,82041.0,0.8271,82137.0
1753600041425,07:07:21.425,bitget,ADA/USDT:USDT,0.8269,9017.0,0.8268,79275.0,0.827,82041.0,0.8271,82741.0
1753600041575,07:07:21.575,bitget,ADA/USDT:USDT,0.8269,9017.0,0.8268,79275.0,0.827,82041.0,0.8271,82741.0
1753600041725,07:07:21.725,bitget,ADA/USDT:USDT,0.8269,9017.0,0.8268,79275.0,0.827,82041.0,0.8271,82741.0
1753600041875,07:07:21.875,bitget,ADA/USDT:USDT,0.8269,9017.0,0.8268,79275.0,0.827,82041.0,0.8271,82741.0
1753600042025,07:07:22.025,bitget,ADA/USDT:USDT,0.8269,9017.0,0.8268,79275.0,0.827,82041.0,0.8271,82741.0
1753600042176,07:07:22.176,bitget,ADA/USDT:USDT,0.8269,9017.0,0.8268,79275.0,0.827,82041.0,0.8271,82741.0
1753600042326,07:07:22.326,bitget,ADA/USDT:USDT,0.8269,9017.0,0.8268,79275.0,0.827,82041.0,0.8271,82741.0
1753600042475,07:07:22.475,bitget,ADA/USDT:USDT,0.8269,9017.0,0.8268,79275.0,0.827,82041.0,0.8271,82741.0
1753600042626,07:07:22.626,bitget,ADA/USDT:USDT,0.8269,9017.0,0.8268,79275.0,0.827,82041.0,0.8271,82741.0
1753600042776,07:07:22.776,bitget,ADA/USDT:USDT,0.8269,9017.0,0.8268,79275.0,0.827,82041.0,0.8271,82741.0
1753600042926,07:07:22.926,bitget,ADA/USDT:USDT,0.8269,9017.0,0.8268,79275.0,0.827,82041.0,0.8271,82741.0
1753600043076,07:07:23.076,bitget,ADA/USDT:USDT,0.8268,51924.0,0.8267,88022.0,0.827,82645.0,0.8271,82137.0
1753600043226,07:07:23.226,bitget,ADA/USDT:USDT,0.8268,35036.0,0.8267,104907.0,0.8269,30396.0,0.827,66984.0
1753600043376,07:07:23.376,bitget,ADA/USDT:USDT,0.8268,28783.0,0.8267,105863.0,0.8269,33565.0,0.827,61152.0
1753600043526,07:07:23.526,bitget,ADA/USDT:USDT,0.8268,22738.0,0.8267,93854.0,0.8269,48565.0,0.827,83929.0
1753600043676,07:07:23.676,bitget,ADA/USDT:USDT,0.8267,13086.0,0.8266,49585.0,0.8269,50275.0,0.827,88439.0
1753600043826,07:07:23.826,bitget,ADA/USDT:USDT,0.8266,51131.0,0.8265,58446.0,0.8268,52580.0,0.8269,63735.0
1753600043977,07:07:23.977,bitget,ADA/USDT:USDT,0.8266,19354.0,0.8265,97504.0,0.8267,49409.0,0.8268,85116.0
1753600044127,07:07:24.127,bitget,ADA/USDT:USDT,0.8266,55815.0,0.8265,97504.0,0.8267,49409.0,0.8268,97725.0
1753600044277,07:07:24.277,bitget,ADA/USDT:USDT,0.8266,55560.0,0.8265,97504.0,0.8267,49409.0,0.8268,74151.0
1753600044427,07:07:24.427,bitget,ADA/USDT:USDT,0.8266,49415.0,0.8265,97504.0,0.8267,49409.0,0.8268,74151.0
1753600044577,07:07:24.577,bitget,ADA/USDT:USDT,0.8266,52399.0,0.8265,97504.0,0.8267,49409.0,0.8268,91046.0
1753600044727,07:07:24.727,bitget,ADA/USDT:USDT,0.8266,52399.0,0.8265,97504.0,0.8267,49409.0,0.8268,82506.0
1753600044877,07:07:24.877,bitget,ADA/USDT:USDT,0.8266,52399.0,0.8265,97384.0,0.8267,38780.0,0.8268,71856.0
1753600045027,07:07:25.027,bitget,ADA/USDT:USDT,0.8266,26466.0,0.8265,97103.0,0.8267,62766.0,0.8268,76741.0
1753600045177,07:07:25.177,bitget,ADA/USDT:USDT,0.8266,30165.0,0.8265,92224.0,0.8267,62766.0,0.8268,77345.0
1753600045327,07:07:25.327,bitget,ADA/USDT:USDT,0.8266,30165.0,0.8265,92224.0,0.8267,62766.0,0.8268,77345.0
1753600045477,07:07:25.477,bitget,ADA/USDT:USDT,0.8266,26466.0,0.8265,92224.0,0.8267,39766.0,0.8268,77345.0
1753600045627,07:07:25.627,bitget,ADA/USDT:USDT,0.8266,26466.0,0.8265,92224.0,0.8267,39766.0,0.8268,77345.0
1753600045778,07:07:25.778,bitget,ADA/USDT:USDT,0.8266,26466.0,0.8265,92224.0,0.8267,39766.0,0.8268,77345.0
1753600045928,07:07:25.928,bitget,ADA/USDT:USDT,0.8266,27311.0,0.8265,92224.0,0.8267,39766.0,0.8268,77345.0
1753600046078,07:07:26.078,bitget,ADA/USDT:USDT,0.8266,65650.0,0.8265,93180.0,0.8267,32774.0,0.8268,76389.0
1753600046228,07:07:26.228,bitget,ADA/USDT:USDT,0.8266,65650.0,0.8265,93180.0,0.8267,32774.0,0.8268,72320.0
1753600046378,07:07:26.378,bitget,ADA/USDT:USDT,0.8266,65650.0,0.8265,93180.0,0.8267,32774.0,0.8268,72320.0
1753600046528,07:07:26.528,bitget,ADA/USDT:USDT,0.8266,65650.0,0.8265,93180.0,0.8267,32774.0,0.8268,72320.0
1753600046678,07:07:26.678,bitget,ADA/USDT:USDT,0.8266,65650.0,0.8265,93180.0,0.8267,32774.0,0.8268,72320.0
1753600046828,07:07:26.828,bitget,ADA/USDT:USDT,0.8266,65650.0,0.8265,93180.0,0.8267,32774.0,0.8268,72320.0
1753600046978,07:07:26.978,bitget,ADA/USDT:USDT,0.8266,65650.0,0.8265,93180.0,0.8267,48274.0,0.8268,72320.0
1753600047128,07:07:27.128,bitget,ADA/USDT:USDT,0.8266,65650.0,0.8265,93180.0,0.8267,48274.0,0.8268,73276.0
1753600047278,07:07:27.278,bitget,ADA/USDT:USDT,0.8266,65650.0,0.8265,92224.0,0.8267,32774.0,0.8268,73276.0
1753600047428,07:07:27.428,bitget,ADA/USDT:USDT,0.8266,25108.0,0.8265,64285.0,0.8267,33619.0,0.8268,73276.0
1753600047578,07:07:27.578,bitget,ADA/USDT:USDT,0.8265,69028.0,0.8264,78192.0,0.8267,33619.0,0.8268,73276.0
1753600047729,07:07:27.729,bitget,ADA/USDT:USDT,0.8266,1873.0,0.8265,53783.0,0.8267,24598.0,0.8268,76738.0
1753600047879,07:07:27.879,bitget,ADA/USDT:USDT,0.8266,1873.0,0.8265,48504.0,0.8267,33619.0,0.8268,81152.0
1753600048029,07:07:28.029,bitget,ADA/USDT:USDT,0.8266,1873.0,0.8265,58557.0,0.8267,57947.0,0.8268,81152.0
1753600048179,07:07:28.179,bitget,ADA/USDT:USDT,0.8266,1873.0,0.8265,41663.0,0.8267,57947.0,0.8268,81152.0
1753600048329,07:07:28.329,bitget,ADA/USDT:USDT,0.8266,1873.0,0.8265,48504.0,0.8267,57947.0,0.8268,81152.0
1753600048479,07:07:28.479,bitget,ADA/USDT:USDT,0.8266,1873.0,0.8265,48504.0,0.8267,57223.0,0.8268,81152.0
1753600048629,07:07:28.629,bitget,ADA/USDT:USDT,0.8266,1873.0,0.8265,48504.0,0.8267,57947.0,0.8268,81152.0
1753600048779,07:07:28.779,bitget,ADA/USDT:USDT,0.8266,1873.0,0.8265,48504.0,0.8267,57947.0,0.8268,81152.0
1753600048929,07:07:28.929,bitget,ADA/USDT:USDT,0.8266,4870.0,0.8265,75769.0,0.8267,34343.0,0.8268,80800.0
1753600049079,07:07:29.079,bitget,ADA/USDT:USDT,0.8266,27870.0,0.8265,75769.0,0.8267,45843.0,0.8268,80800.0
1753600049230,07:07:29.230,bitget,ADA/USDT:USDT,0.8266,27870.0,0.8265,97944.0,0.8267,56518.0,0.8268,58627.0
1753600049380,07:07:29.380,bitget,ADA/USDT:USDT,0.8266,27870.0,0.8265,93201.0,0.8267,56518.0,0.8268,59583.0
1753600049530,07:07:29.530,bitget,ADA/USDT:USDT,0.8266,29078.0,0.8265,93201.0,0.8267,56518.0,0.8268,59583.0
1753600049680,07:07:29.680,bitget,ADA/USDT:USDT,0.8266,44730.0,0.8265,93201.0,0.8267,56518.0,0.8268,58627.0
1753600049830,07:07:29.830,bitget,ADA/USDT:USDT,0.8266,44730.0,0.8265,93201.0,0.8267,34343.0,0.8268,58627.0
1753600049980,07:07:29.980,bitget,ADA/USDT:USDT,0.8266,44730.0,0.8265,93201.0,0.8267,33594.0,0.8268,80198.0
1753600050130,07:07:30.130,bitget,ADA/USDT:USDT,0.8266,44730.0,0.8265,93201.0,0.8267,33594.0,0.8268,81154.0
1753600050280,07:07:30.280,bitget,ADA/USDT:USDT,0.8266,44730.0,0.8265,93201.0,0.8267,17813.0,0.8268,81154.0
1753600050430,07:07:30.430,bitget,ADA/USDT:USDT,0.8267,44090.0,0.8266,82085.0,0.8268,44770.0,0.8269,52709.0
1753600050580,07:07:30.580,bitget,ADA/USDT:USDT,0.8267,44090.0,0.8266,115869.0,0.8268,38399.0,0.8269,52105.0
1753600050730,07:07:30.730,bitget,ADA/USDT:USDT,0.8267,59147.0,0.8266,91792.0,0.8268,38399.0,0.8269,74282.0
1753600050880,07:07:30.880,bitget,ADA/USDT:USDT,0.8267,25160.0,0.8266,91792.0,0.8268,63202.0,0.8269,92130.0
1753600051031,07:07:31.031,bitget,ADA/USDT:USDT,0.8267,25160.0,0.8266,91792.0,0.8268,63202.0,0.8269,92734.0
1753600051180,07:07:31.180,bitget,ADA/USDT:USDT,0.8267,25160.0,0.8266,91792.0,0.8268,63202.0,0.8269,92734.0
1753600051331,07:07:31.331,bitget,ADA/USDT:USDT,0.8267,25160.0,0.8266,91792.0,0.8268,46702.0,0.8269,92734.0
1753600051481,07:07:31.481,bitget,ADA/USDT:USDT,0.8267,29072.0,0.8266,91792.0,0.8268,46702.0,0.8269,92734.0
1753600051631,07:07:31.631,bitget,ADA/USDT:USDT,0.8267,29072.0,0.8266,91792.0,0.8268,46702.0,0.8269,91778.0
1753600051781,07:07:31.781,bitget,ADA/USDT:USDT,0.8267,29072.0,0.8266,91792.0,0.8268,40202.0,0.8269,91778.0
1753600051931,07:07:31.931,bitget,ADA/USDT:USDT,0.8267,52072.0,0.8266,91792.0,0.8268,40202.0,0.8269,91778.0
1753600052081,07:07:32.081,bitget,ADA/USDT:USDT,0.8267,52072.0,0.8266,91792.0,0.8268,38399.0,0.8269,91174.0
1753600052231,07:07:32.231,bitget,ADA/USDT:USDT,0.8267,52072.0,0.8266,91792.0,0.8268,38399.0,0.8269,94645.0
1753600052381,07:07:32.381,bitget,ADA/USDT:USDT,0.8267,52072.0,0.8266,91792.0,0.8268,38399.0,0.8269,94645.0
1753600052531,07:07:32.531,bitget,ADA/USDT:USDT,0.8267,29072.0,0.8266,91792.0,0.8268,38399.0,0.8269,95601.0
1753600052682,07:07:32.682,bitget,ADA/USDT:USDT,0.8267,29072.0,0.8266,91792.0,0.8268,38399.0,0.8269,96205.0
1753600052832,07:07:32.832,bitget,ADA/USDT:USDT,0.8267,29072.0,0.8266,91792.0,0.8268,38399.0,0.8269,96205.0
1753600052982,07:07:32.982,bitget,ADA/USDT:USDT,0.8267,44572.0,0.8266,91792.0,0.8268,38399.0,0.8269,96205.0
1753600053132,07:07:33.132,bitget,ADA/USDT:USDT,0.8267,44572.0,0.8266,91792.0,0.8268,38399.0,0.8269,95601.0
1753600053282,07:07:33.282,bitget,ADA/USDT:USDT,0.8267,44572.0,0.8266,90836.0,0.8268,38399.0,0.8269,95601.0
1753600053432,07:07:33.432,bitget,ADA/USDT:USDT,0.8267,59911.0,0.8266,91912.0,0.8269,74162.0,0.827,110648.0
1753600053582,07:07:33.582,bitget,ADA/USDT:USDT,0.8268,23821.0,0.8267,44059.0,0.8269,72290.0,0.827,114775.0
1753600053732,07:07:33.732,bitget,ADA/USDT:USDT,0.8269,4121.0,0.8268,72603.0,0.827,53131.0,0.8271,46090.0
1753600053882,07:07:33.882,bitget,ADA/USDT:USDT,0.8269,50730.0,0.8268,102272.0,0.827,53131.0,0.8271,46090.0
1753600054032,07:07:34.032,bitget,ADA/USDT:USDT,0.8269,50730.0,0.8268,92138.0,0.827,55042.0,0.8271,98555.0
1753600054182,07:07:34.182,bitget,ADA/USDT:USDT,0.8269,50730.0,0.8268,92138.0,0.827,55042.0,0.8271,98555.0
1753600054333,07:07:34.333,bitget,ADA/USDT:USDT,0.8269,50730.0,0.8268,92138.0,0.827,55042.0,0.8271,98555.0
1753600054483,07:07:34.483,bitget,ADA/USDT:USDT,0.8269,49885.0,0.8268,103192.0,0.827,55042.0,0.8271,98555.0
1753600054633,07:07:34.633,bitget,ADA/USDT:USDT,0.8269,49885.0,0.8268,103192.0,0.827,41238.0,0.8271,98555.0
1753600054783,07:07:34.783,bitget,ADA/USDT:USDT,0.8269,49885.0,0.8268,103192.0,0.827,35202.0,0.8271,98545.0
1753600054933,07:07:34.933,bitget,ADA/USDT:USDT,0.8269,49831.0,0.8268,103192.0,0.827,56518.0,0.8271,98657.0
1753600055083,07:07:35.083,bitget,ADA/USDT:USDT,0.8269,49831.0,0.8268,103192.0,0.827,56518.0,0.8271,97701.0
1753600055233,07:07:35.233,bitget,ADA/USDT:USDT,0.8269,49831.0,0.8268,103192.0,0.827,42518.0,0.8271,97701.0
1753600055383,07:07:35.383,bitget,ADA/USDT:USDT,0.8269,49831.0,0.8268,103192.0,0.827,42518.0,0.8271,98492.0
1753600055533,07:07:35.533,bitget,ADA/USDT:USDT,0.8269,49831.0,0.8268,103192.0,0.827,36018.0,0.8271,98492.0
1753600055683,07:07:35.683,bitget,ADA/USDT:USDT,0.8269,49831.0,0.8268,103192.0,0.827,32881.0,0.8271,98492.0
1753600055833,07:07:35.833,bitget,ADA/USDT:USDT,0.8269,49831.0,0.8268,103192.0,0.827,17008.0,0.8271,97536.0
1753600055983,07:07:35.983,bitget,ADA/USDT:USDT,0.8269,49831.0,0.8268,103192.0,0.827,24759.0,0.8271,97536.0
1753600056134,07:07:36.134,bitget,ADA/USDT:USDT,0.8269,49831.0,0.8268,103192.0,0.827,24759.0,0.8271,97536.0
1753600056284,07:07:36.284,bitget,ADA/USDT:USDT,0.8269,49831.0,0.8268,103192.0,0.827,16259.0,0.8271,97536.0
1753600056434,07:07:36.434,bitget,ADA/USDT:USDT,0.8269,49831.0,0.8268,103192.0,0.827,16259.0,0.8271,97536.0
1753600056584,07:07:36.584,bitget,ADA/USDT:USDT,0.8269,49831.0,0.8268,103192.0,0.827,17247.0,0.8271,97536.0
1753600056734,07:07:36.734,bitget,ADA/USDT:USDT,0.8269,49831.0,0.8268,103192.0,0.827,17247.0,0.8271,97536.0
1753600056884,07:07:36.884,bitget,ADA/USDT:USDT,0.8269,49831.0,0.8268,103192.0,0.827,17075.0,0.8271,97536.0
1753600057034,07:07:37.034,bitget,ADA/USDT:USDT,0.8269,49831.0,0.8268,103192.0,0.827,17075.0,0.8271,97536.0
1753600057184,07:07:37.184,bitget,ADA/USDT:USDT,0.8269,65170.0,0.8268,103312.0,0.8271,67672.0,0.8272,41331.0
1753600057334,07:07:37.334,bitget,ADA/USDT:USDT,0.827,39131.0,0.8269,48767.0,0.8271,28125.0,0.8272,30885.0
1753600057484,07:07:37.484,bitget,ADA/USDT:USDT,0.827,63836.0,0.8269,121842.0,0.8271,40713.0,0.8272,51935.0
1753600057634,07:07:37.634,bitget,ADA/USDT:USDT,0.827,63836.0,0.8269,132895.0,0.8271,18538.0,0.8272,69338.0
1753600057785,07:07:37.785,bitget,ADA/USDT:USDT,0.827,63836.0,0.8269,121387.0,0.8271,18538.0,0.8272,80391.0
1753600057935,07:07:37.935,bitget,ADA/USDT:USDT,0.827,63836.0,0.8269,121387.0,0.8271,26038.0,0.8272,80391.0
1753600058085,07:07:38.085,bitget,ADA/USDT:USDT,0.827,63020.0,0.8269,112891.0,0.8271,26038.0,0.8272,80391.0
1753600058235,07:07:38.235,bitget,ADA/USDT:USDT,0.827,37437.0,0.8269,111935.0,0.8271,26038.0,0.8272,89722.0
1753600058385,07:07:38.385,bitget,ADA/USDT:USDT,0.827,37437.0,0.8269,112891.0,0.8271,26038.0,0.8272,89722.0
1753600058535,07:07:38.535,bitget,ADA/USDT:USDT,0.827,37437.0,0.8269,112891.0,0.8271,26038.0,0.8272,89722.0
1753600058685,07:07:38.685,bitget,ADA/USDT:USDT,0.827,37437.0,0.8269,111935.0,0.8271,26038.0,0.8272,89722.0
1753600058835,07:07:38.835,bitget,ADA/USDT:USDT,0.827,37437.0,0.8269,111935.0,0.8271,26038.0,0.8272,81347.0
1753600058985,07:07:38.985,bitget,ADA/USDT:USDT,0.827,37437.0,0.8269,115167.0,0.8271,41538.0,0.8272,81347.0
1753600059135,07:07:39.135,bitget,ADA/USDT:USDT,0.827,22098.0,0.8269,116123.0,0.8271,41538.0,0.8272,81347.0
1753600059285,07:07:39.285,bitget,ADA/USDT:USDT,0.827,22098.0,0.8269,116123.0,0.8271,50423.0,0.8272,81951.0
1753600059435,07:07:39.435,bitget,ADA/USDT:USDT,0.827,22098.0,0.8269,116123.0,0.8271,50423.0,0.8272,81951.0
1753600059586,07:07:39.586,bitget,ADA/USDT:USDT,0.827,22098.0,0.8269,116123.0,0.8271,50423.0,0.8272,81951.0
1753600059736,07:07:39.736,bitget,ADA/USDT:USDT,0.827,22098.0,0.8269,116123.0,0.8271,50423.0,0.8272,81951.0
1753600059886,07:07:39.886,bitget,ADA/USDT:USDT,0.827,19082.0,0.8269,115167.0,0.8271,50423.0,0.8272,81951.0
1753600060036,07:07:40.036,bitget,ADA/USDT:USDT,0.827,1636.0,0.8269,104109.0,0.8271,50423.0,0.8272,85413.0
1753600060186,07:07:40.186,bitget,ADA/USDT:USDT,0.827,1636.0,0.8269,81934.0,0.8271,51027.0,0.8272,84809.0
1753600060336,07:07:40.336,bitget,ADA/USDT:USDT,0.827,1636.0,0.8269,65056.0,0.8271,51751.0,0.8272,84809.0
1753600060486,07:07:40.486,bitget,ADA/USDT:USDT,0.827,1636.0,0.8269,81934.0,0.8271,51751.0,0.8272,84809.0
1753600060636,07:07:40.636,bitget,ADA/USDT:USDT,0.827,1636.0,0.8269,81934.0,0.8271,51751.0,0.8272,84809.0
1753600060786,07:07:40.786,bitget,ADA/USDT:USDT,0.827,1636.0,0.8269,81934.0,0.8271,51751.0,0.8272,84809.0
1753600060936,07:07:40.936,bitget,ADA/USDT:USDT,0.827,1636.0,0.8269,81934.0,0.8271,51751.0,0.8272,84809.0
1753600061086,07:07:41.086,bitget,ADA/USDT:USDT,0.827,1636.0,0.8269,81934.0,0.8271,51751.0,0.8272,84809.0
1753600061237,07:07:41.237,bitget,ADA/USDT:USDT,0.827,1636.0,0.8269,81934.0,0.8271,51751.0,0.8272,84809.0
1753600061387,07:07:41.387,bitget,ADA/USDT:USDT,0.827,1636.0,0.8269,81934.0,0.8271,51751.0,0.8272,84809.0
1753600061537,07:07:41.537,bitget,ADA/USDT:USDT,0.827,1636.0,0.8269,81934.0,0.8271,51751.0,0.8272,84809.0
1753600061687,07:07:41.687,bitget,ADA/USDT:USDT,0.827,1636.0,0.8269,81934.0,0.8271,51147.0,0.8272,84809.0
1753600061837,07:07:41.837,bitget,ADA/USDT:USDT,0.827,24636.0,0.8269,81934.0,0.8271,51751.0,0.8272,84809.0
1753600061987,07:07:41.987,bitget,ADA/USDT:USDT,0.827,25385.0,0.8269,82890.0,0.8271,35647.0,0.8272,85413.0
1753600062137,07:07:42.137,bitget,ADA/USDT:USDT,0.827,27025.0,0.8269,82890.0,0.8271,57820.0,0.8272,62282.0
1753600062287,07:07:42.287,bitget,ADA/USDT:USDT,0.827,42082.0,0.8269,82890.0,0.8271,57096.0,0.8272,62282.0
1753600062437,07:07:42.437,bitget,ADA/USDT:USDT,0.827,42082.0,0.8269,88954.0,0.8271,57096.0,0.8272,63238.0
1753600062587,07:07:42.587,bitget,ADA/USDT:USDT,0.827,42082.0,0.8269,88954.0,0.8271,57096.0,0.8272,63238.0
1753600062737,07:07:42.737,bitget,ADA/USDT:USDT,0.827,42082.0,0.8269,88954.0,0.8271,57096.0,0.8272,63238.0
1753600062887,07:07:42.887,bitget,ADA/USDT:USDT,0.827,42082.0,0.8269,88954.0,0.8271,57096.0,0.8272,63238.0
1753600063038,07:07:43.038,bitget,ADA/USDT:USDT,0.827,19082.0,0.8269,87998.0,0.8271,57096.0,0.8272,63238.0
1753600063188,07:07:43.188,bitget,ADA/USDT:USDT,0.827,19082.0,0.8269,87998.0,0.8271,57096.0,0.8272,63238.0
1753600063338,07:07:43.338,bitget,ADA/USDT:USDT,0.827,19082.0,0.8269,88954.0,0.8271,57096.0,0.8272,63238.0
1753600063488,07:07:43.488,bitget,ADA/USDT:USDT,0.827,19082.0,0.8269,100005.0,0.8271,57096.0,0.8272,63238.0
1753600063638,07:07:43.638,bitget,ADA/USDT:USDT,0.827,19082.0,0.8269,100005.0,0.8271,57096.0,0.8272,63238.0
1753600063788,07:07:43.788,bitget,ADA/USDT:USDT,0.827,32082.0,0.8269,100005.0,0.8271,57096.0,0.8272,63238.0
1753600063938,07:07:43.938,bitget,ADA/USDT:USDT,0.827,32082.0,0.8269,100005.0,0.8271,57096.0,0.8272,63238.0
1753600064088,07:07:44.088,bitget,ADA/USDT:USDT,0.827,32082.0,0.8269,100005.0,0.8271,57096.0,0.8272,63238.0
1753600064238,07:07:44.238,bitget,ADA/USDT:USDT,0.827,32082.0,0.8269,100005.0,0.8271,57096.0,0.8272,63238.0
1753600064388,07:07:44.388,bitget,ADA/USDT:USDT,0.827,32082.0,0.8269,100005.0,0.8271,57096.0,0.8272,63238.0
1753600064538,07:07:44.538,bitget,ADA/USDT:USDT,0.827,32082.0,0.8269,100005.0,0.8271,57096.0,0.8272,63238.0
1753600064689,07:07:44.689,bitget,ADA/USDT:USDT,0.827,32082.0,0.8269,100005.0,0.8271,57096.0,0.8272,63238.0
1753600064839,07:07:44.839,bitget,ADA/USDT:USDT,0.827,40582.0,0.8269,100005.0,0.8271,57096.0,0.8272,63238.0
1753600064989,07:07:44.989,bitget,ADA/USDT:USDT,0.827,32082.0,0.8269,100005.0,0.8271,57096.0,0.8272,63238.0
1753600065139,07:07:45.139,bitget,ADA/USDT:USDT,0.827,32082.0,0.8269,100005.0,0.8271,57096.0,0.8272,63238.0
1753600065289,07:07:45.289,bitget,ADA/USDT:USDT,0.827,32082.0,0.8269,100005.0,0.8271,57096.0,0.8272,63238.0
1753600065439,07:07:45.439,bitget,ADA/USDT:USDT,0.827,32082.0,0.8269,100005.0,0.8271,57096.0,0.8272,63238.0
1753600065589,07:07:45.589,bitget,ADA/USDT:USDT,0.827,32082.0,0.8269,100005.0,0.8271,57096.0,0.8272,63238.0
1753600065739,07:07:45.739,bitget,ADA/USDT:USDT,0.827,32082.0,0.8269,100005.0,0.8271,57096.0,0.8272,63238.0
1753600065889,07:07:45.889,bitget,ADA/USDT:USDT,0.827,32082.0,0.8269,100005.0,0.8271,65096.0,0.8272,63238.0
1753600066039,07:07:46.039,bitget,ADA/USDT:USDT,0.827,32082.0,0.8269,100005.0,0.8271,57096.0,0.8272,63238.0
1753600066189,07:07:46.189,bitget,ADA/USDT:USDT,0.827,32082.0,0.8269,100005.0,0.8271,57096.0,0.8272,63238.0
1753600066340,07:07:46.340,bitget,ADA/USDT:USDT,0.827,32082.0,0.8269,100005.0,0.8271,57096.0,0.8272,63238.0
1753600066490,07:07:46.490,bitget,ADA/USDT:USDT,0.827,32082.0,0.8269,100005.0,0.8271,57096.0,0.8272,63238.0
1753600066640,07:07:46.640,bitget,ADA/USDT:USDT,0.827,19082.0,0.8269,100005.0,0.8271,57096.0,0.8272,63238.0
1753600066790,07:07:46.790,bitget,ADA/USDT:USDT,0.827,19082.0,0.8269,100005.0,0.8271,57096.0,0.8272,63238.0
1753600066940,07:07:46.940,bitget,ADA/USDT:USDT,0.827,19082.0,0.8269,100005.0,0.8271,57096.0,0.8272,58820.0
1753600067090,07:07:47.090,bitget,ADA/USDT:USDT,0.827,19082.0,0.8269,100005.0,0.8271,57096.0,0.8272,59776.0
1753600067240,07:07:47.240,bitget,ADA/USDT:USDT,0.827,19082.0,0.8269,100005.0,0.8271,57096.0,0.8272,59776.0
1753600067390,07:07:47.390,bitget,ADA/USDT:USDT,0.827,19082.0,0.8269,100005.0,0.8271,57096.0,0.8272,59776.0
1753600067540,07:07:47.540,bitget,ADA/USDT:USDT,0.827,19082.0,0.8269,100005.0,0.8271,57096.0,0.8272,59776.0
1753600067690,07:07:47.690,bitget,ADA/USDT:USDT,0.827,19082.0,0.8269,100005.0,0.8271,57096.0,0.8272,59776.0
1753600067840,07:07:47.840,bitget,ADA/USDT:USDT,0.827,17821.0,0.8269,99049.0,0.8271,72596.0,0.8272,59776.0
1753600067991,07:07:47.991,bitget,ADA/USDT:USDT,0.827,2764.0,0.8269,99049.0,0.8271,72596.0,0.8272,59776.0
1753600068141,07:07:48.141,bitget,ADA/USDT:USDT,0.827,2764.0,0.8269,98233.0,0.8271,73200.0,0.8272,59172.0
1753600068291,07:07:48.291,bitget,ADA/USDT:USDT,0.827,2751.0,0.8269,98233.0,0.8271,72596.0,0.8272,59776.0
1753600068441,07:07:48.441,bitget,ADA/USDT:USDT,0.827,4140.0,0.8269,98233.0,0.8271,72596.0,0.8272,59776.0
1753600068591,07:07:48.591,bitget,ADA/USDT:USDT,0.827,4140.0,0.8269,98233.0,0.8271,72596.0,0.8272,59776.0
1753600068741,07:07:48.741,bitget,ADA/USDT:USDT,0.827,15264.0,0.8269,99189.0,0.8271,72596.0,0.8272,59776.0
1753600068891,07:07:48.891,bitget,ADA/USDT:USDT,0.827,31070.0,0.8269,99189.0,0.8271,72596.0,0.8272,58820.0
1753600069041,07:07:49.041,bitget,ADA/USDT:USDT,0.827,31070.0,0.8269,99189.0,0.8271,72596.0,0.8272,58820.0
1753600069191,07:07:49.191,bitget,ADA/USDT:USDT,0.827,31070.0,0.8269,99189.0,0.8271,72591.0,0.8272,58820.0
1753600069341,07:07:49.341,bitget,ADA/USDT:USDT,0.827,31070.0,0.8269,99189.0,0.8271,72591.0,0.8272,58820.0
1753600069491,07:07:49.491,bitget,ADA/USDT:USDT,0.827,31070.0,0.8269,99189.0,0.8271,72591.0,0.8272,58820.0
1753600069641,07:07:49.641,bitget,ADA/USDT:USDT,0.827,31070.0,0.8269,99189.0,0.8271,72591.0,0.8272,59776.0
1753600069791,07:07:49.791,bitget,ADA/USDT:USDT,0.827,31070.0,0.8269,98233.0,0.8271,72591.0,0.8272,59776.0
1753600069941,07:07:49.941,bitget,ADA/USDT:USDT,0.827,3513.0,0.8269,98233.0,0.8271,73315.0,0.8272,59776.0
1753600070092,07:07:50.092,bitget,ADA/USDT:USDT,0.827,2764.0,0.8269,98233.0,0.8271,73919.0,0.8272,59172.0
1753600070242,07:07:50.242,bitget,ADA/USDT:USDT,0.827,2764.0,0.8269,98233.0,0.8271,73919.0,0.8272,59172.0
1753600070392,07:07:50.392,bitget,ADA/USDT:USDT,0.827,5780.0,0.8269,98233.0,0.8271,73919.0,0.8272,59172.0
1753600070542,07:07:50.542,bitget,ADA/USDT:USDT,0.827,5780.0,0.8269,98233.0,0.8271,72591.0,0.8272,59776.0
1753600070692,07:07:50.692,bitget,ADA/USDT:USDT,0.827,23213.0,0.8269,99189.0,0.8271,57091.0,0.8272,59776.0
1753600070842,07:07:50.842,bitget,ADA/USDT:USDT,0.827,56552.0,0.8269,99189.0,0.8271,34923.0,0.8272,81943.0
1753600070992,07:07:50.992,bitget,ADA/USDT:USDT,0.827,56552.0,0.8269,99189.0,0.8271,34923.0,0.8272,81339.0
1753600071142,07:07:51.142,bitget,ADA/USDT:USDT,0.827,56552.0,0.8269,99189.0,0.8271,34923.0,0.8272,81339.0
1753600071292,07:07:51.292,bitget,ADA/USDT:USDT,0.827,56552.0,0.8269,99189.0,0.8271,34923.0,0.8272,81339.0
1753600071442,07:07:51.442,bitget,ADA/USDT:USDT,0.827,56552.0,0.8269,99189.0,0.8271,34923.0,0.8272,81339.0
1753600071593,07:07:51.593,bitget,ADA/USDT:USDT,0.827,56552.0,0.8269,99189.0,0.8271,34923.0,0.8272,81339.0
1753600071743,07:07:51.743,bitget,ADA/USDT:USDT,0.827,56552.0,0.8269,99189.0,0.8271,34923.0,0.8272,81339.0
1753600071893,07:07:51.893,bitget,ADA/USDT:USDT,0.827,56552.0,0.8269,99189.0,0.8271,34923.0,0.8272,81339.0
1753600072043,07:07:52.043,bitget,ADA/USDT:USDT,0.827,56552.0,0.8269,99189.0,0.8271,34923.0,0.8272,81339.0
1753600072193,07:07:52.193,bitget,ADA/USDT:USDT,0.827,56552.0,0.8269,99189.0,0.8271,34923.0,0.8272,81339.0
1753600072343,07:07:52.343,bitget,ADA/USDT:USDT,0.827,56552.0,0.8269,99189.0,0.8271,34923.0,0.8272,80383.0
1753600072493,07:07:52.493,bitget,ADA/USDT:USDT,0.827,56552.0,0.8269,99189.0,0.8271,16968.0,0.8272,80372.0
1753600072643,07:07:52.643,bitget,ADA/USDT:USDT,0.827,56552.0,0.8269,99189.0,0.8271,16968.0,0.8272,80372.0
1753600072793,07:07:52.793,bitget,ADA/USDT:USDT,0.827,61552.0,0.8269,99189.0,0.8271,24786.0,0.8272,80372.0
1753600072943,07:07:52.943,bitget,ADA/USDT:USDT,0.827,61552.0,0.8269,99189.0,0.8271,16936.0,0.8272,80372.0
1753600073093,07:07:53.093,bitget,ADA/USDT:USDT,0.827,61552.0,0.8269,99189.0,0.8271,16936.0,0.8272,80372.0
1753600073243,07:07:53.243,bitget,ADA/USDT:USDT,0.8271,2764.0,0.827,58788.0,0.8272,79588.0,0.8273,79117.0
1753600073394,07:07:53.394,bitget,ADA/USDT:USDT,0.8271,5780.0,0.827,87893.0,0.8272,67325.0,0.8273,80073.0
1753600073544,07:07:53.544,bitget,ADA/USDT:USDT,0.8271,6529.0,0.827,104344.0,0.8272,67325.0,0.8273,80073.0
1753600073694,07:07:53.694,bitget,ADA/USDT:USDT,0.8271,6529.0,0.827,104344.0,0.8272,89825.0,0.8273,80073.0
1753600073844,07:07:53.844,bitget,ADA/USDT:USDT,0.8271,6529.0,0.827,104344.0,0.8272,89825.0,0.8273,80073.0
1753600073994,07:07:53.994,bitget,ADA/USDT:USDT,0.8271,6529.0,0.827,104344.0,0.8272,89825.0,0.8273,86114.0
1753600074144,07:07:54.144,bitget,ADA/USDT:USDT,0.8271,6529.0,0.827,104344.0,0.8272,89825.0,0.8273,80073.0
1753600074294,07:07:54.294,bitget,ADA/USDT:USDT,0.8271,6529.0,0.827,104344.0,0.8272,89705.0,0.8273,80073.0
1753600074444,07:07:54.444,bitget,ADA/USDT:USDT,0.8271,6529.0,0.827,115394.0,0.8272,89705.0,0.8273,80073.0
1753600074594,07:07:54.594,bitget,ADA/USDT:USDT,0.8271,8156.0,0.827,137559.0,0.8272,89705.0,0.8273,80073.0
1753600074744,07:07:54.744,bitget,ADA/USDT:USDT,0.8271,18656.0,0.827,137559.0,0.8272,67205.0,0.8273,79117.0
1753600074894,07:07:54.894,bitget,ADA/USDT:USDT,0.8271,18656.0,0.827,137559.0,0.8272,66601.0,0.8273,79721.0
1753600075045,07:07:55.045,bitget,ADA/USDT:USDT,0.8271,23213.0,0.827,122502.0,0.8272,66601.0,0.8273,79721.0
1753600075195,07:07:55.195,bitget,ADA/USDT:USDT,0.8271,23213.0,0.827,122502.0,0.8272,66601.0,0.8273,79721.0
1753600075345,07:07:55.345,bitget,ADA/USDT:USDT,0.8271,23213.0,0.827,122502.0,0.8272,66601.0,0.8273,79721.0
1753600075495,07:07:55.495,bitget,ADA/USDT:USDT,0.8271,23213.0,0.827,122502.0,0.8272,66601.0,0.8273,79721.0
1753600075645,07:07:55.645,bitget,ADA/USDT:USDT,0.8271,50552.0,0.827,122502.0,0.8272,60198.0,0.8273,80677.0
1753600075795,07:07:55.795,bitget,ADA/USDT:USDT,0.8271,38552.0,0.827,122502.0,0.8272,61797.0,0.8273,80677.0
1753600075945,07:07:55.945,bitget,ADA/USDT:USDT,0.8271,38552.0,0.827,122502.0,0.8272,61797.0,0.8273,80677.0
1753600076095,07:07:56.095,bitget,ADA/USDT:USDT,0.8271,38552.0,0.827,122502.0,0.8272,61797.0,0.8273,80677.0
1753600076245,07:07:56.245,bitget,ADA/USDT:USDT,0.8271,38552.0,0.827,122502.0,0.8272,61797.0,0.8273,80677.0
1753600076395,07:07:56.395,bitget,ADA/USDT:USDT,0.8271,38552.0,0.827,122502.0,0.8272,61797.0,0.8273,80677.0
1753600076545,07:07:56.545,bitget,ADA/USDT:USDT,0.8271,38552.0,0.827,122502.0,0.8272,61797.0,0.8273,80677.0
1753600076696,07:07:56.696,bitget,ADA/USDT:USDT,0.827,749.0,0.8269,26174.0,0.8272,87601.0,0.8273,80677.0
1753600076846,07:07:56.846,bitget,ADA/USDT:USDT,0.827,749.0,0.8269,81271.0,0.8271,46739.0,0.8272,76819.0
1753600076996,07:07:56.996,bitget,ADA/USDT:USDT,0.827,5405.0,0.8269,81271.0,0.8271,65855.0,0.8272,94504.0
1753600077146,07:07:57.146,bitget,ADA/USDT:USDT,0.827,34305.0,0.8269,81271.0,0.8271,65855.0,0.8272,94504.0
1753600077296,07:07:57.296,bitget,ADA/USDT:USDT,0.827,34305.0,0.8269,81271.0,0.8271,65855.0,0.8272,110363.0
1753600077446,07:07:57.446,bitget,ADA/USDT:USDT,0.827,34305.0,0.8269,81271.0,0.8271,65855.0,0.8272,110363.0
1753600077596,07:07:57.596,bitget,ADA/USDT:USDT,0.827,34305.0,0.8269,81271.0,0.8271,65855.0,0.8272,110363.0
1753600077746,07:07:57.746,bitget,ADA/USDT:USDT,0.827,34305.0,0.8269,92322.0,0.8271,65855.0,0.8272,110363.0
1753600077896,07:07:57.896,bitget,ADA/USDT:USDT,0.827,34305.0,0.8269,93278.0,0.8271,64899.0,0.8272,105222.0
1753600078046,07:07:58.046,bitget,ADA/USDT:USDT,0.827,26498.0,0.8269,93278.0,0.8271,49899.0,0.8272,105222.0
1753600078196,07:07:58.196,bitget,ADA/USDT:USDT,0.827,26498.0,0.8269,93278.0,0.8271,39622.0,0.8272,105222.0
1753600078346,07:07:58.346,bitget,ADA/USDT:USDT,0.827,26498.0,0.8269,93278.0,0.8271,39622.0,0.8272,105222.0
1753600078496,07:07:58.496,bitget,ADA/USDT:USDT,0.827,26498.0,0.8269,93278.0,0.8271,39622.0,0.8272,105222.0
1753600078647,07:07:58.647,bitget,ADA/USDT:USDT,0.827,26498.0,0.8269,93278.0,0.8271,55122.0,0.8272,106178.0
1753600078797,07:07:58.797,bitget,ADA/USDT:USDT,0.827,30555.0,0.8269,93278.0,0.8271,55122.0,0.8272,106178.0
1753600078947,07:07:58.947,bitget,ADA/USDT:USDT,0.827,30555.0,0.8269,93278.0,0.8271,55122.0,0.8272,106178.0
1753600079097,07:07:59.097,bitget,ADA/USDT:USDT,0.827,30555.0,0.8269,93276.0,0.8271,55122.0,0.8272,106174.0
1753600079247,07:07:59.247,bitget,ADA/USDT:USDT,0.827,30555.0,0.8269,93276.0,0.8271,55122.0,0.8272,106174.0
1753600079397,07:07:59.397,bitget,ADA/USDT:USDT,0.827,45894.0,0.8269,93276.0,0.8271,39622.0,0.8272,84218.0
1753600079547,07:07:59.547,bitget,ADA/USDT:USDT,0.827,45894.0,0.8269,93276.0,0.8271,39622.0,0.8272,83614.0
1753600079697,07:07:59.697,bitget,ADA/USDT:USDT,0.827,68894.0,0.8269,93276.0,0.8271,33586.0,0.8272,83614.0
1753600079847,07:07:59.847,bitget,ADA/USDT:USDT,0.827,52894.0,0.8269,93276.0,0.8271,33586.0,0.8272,83614.0
1753600079997,07:07:59.997,bitget,ADA/USDT:USDT,0.827,52894.0,0.8269,93276.0,0.8271,33586.0,0.8272,83614.0
1753600080147,07:08:00.147,bitget,ADA/USDT:USDT,0.827,52894.0,0.8269,93276.0,0.8271,33586.0,0.8272,83614.0
1753600080298,07:08:00.298,bitget,ADA/USDT:USDT,0.827,52894.0,0.8269,93276.0,0.8271,33586.0,0.8272,83614.0
1753600080448,07:08:00.448,bitget,ADA/USDT:USDT,0.827,52894.0,0.8269,93276.0,0.8271,33586.0,0.8272,83614.0
1753600080598,07:08:00.598,bitget,ADA/USDT:USDT,0.827,52894.0,0.8269,93276.0,0.8271,44586.0,0.8272,83614.0
1753600080748,07:08:00.748,bitget,ADA/USDT:USDT,0.827,52894.0,0.8269,93276.0,0.8271,44586.0,0.8272,83614.0
1753600080898,07:08:00.898,bitget,ADA/USDT:USDT,0.827,52894.0,0.8269,93276.0,0.8271,44586.0,0.8272,83614.0
1753600081048,07:08:01.048,bitget,ADA/USDT:USDT,0.827,52894.0,0.8269,93276.0,0.8271,33586.0,0.8272,83614.0
1753600081198,07:08:01.198,bitget,ADA/USDT:USDT,0.827,52894.0,0.8269,93276.0,0.8271,33586.0,0.8272,83614.0
1753600081348,07:08:01.348,bitget,ADA/USDT:USDT,0.827,52894.0,0.8269,93276.0,0.8271,33586.0,0.8272,83614.0
1753600081498,07:08:01.498,bitget,ADA/USDT:USDT,0.827,52894.0,0.8269,93276.0,0.8271,33586.0,0.8272,83614.0
1753600081648,07:08:01.648,bitget,ADA/USDT:USDT,0.827,45894.0,0.8269,93276.0,0.8271,55586.0,0.8272,84570.0
1753600081798,07:08:01.798,bitget,ADA/USDT:USDT,0.827,45894.0,0.8269,92320.0,0.8271,55586.0,0.8272,85174.0
1753600081949,07:08:01.949,bitget,ADA/USDT:USDT,0.827,33412.0,0.8269,64393.0,0.8271,55586.0,0.8272,85174.0
1753600082099,07:08:02.099,bitget,ADA/USDT:USDT,0.8268,51344.0,0.8267,70154.0,0.827,32127.0,0.8271,59946.0
1753600082249,07:08:02.249,bitget,ADA/USDT:USDT,0.8268,53733.0,0.8267,87036.0,0.8269,35687.0,0.827,85862.0
1753600082398,07:08:02.398,bitget,ADA/USDT:USDT,0.8268,25594.0,0.8267,109197.0,0.8269,41499.0,0.827,113795.0
1753600082549,07:08:02.549,bitget,ADA/USDT:USDT,0.8268,749.0,0.8267,63400.0,0.8269,56556.0,0.827,114519.0
1753600082699,07:08:02.699,bitget,ADA/USDT:USDT,0.8267,50668.0,0.8266,48231.0,0.8269,57190.0,0.827,117347.0
1753600082849,07:08:02.849,bitget,ADA/USDT:USDT,0.8267,749.0,0.8266,73208.0,0.8268,79178.0,0.8269,80158.0
1753600082999,07:08:02.999,bitget,ADA/USDT:USDT,0.8267,749.0,0.8266,73208.0,0.8268,79782.0,0.8269,107496.0
1753600083149,07:08:03.149,bitget,ADA/USDT:USDT,0.8267,749.0,0.8266,73208.0,0.8268,101973.0,0.8269,97241.0
1753600083299,07:08:03.299,bitget,ADA/USDT:USDT,0.8267,749.0,0.8266,73208.0,0.8268,101973.0,0.8269,84184.0
1753600083449,07:08:03.449,bitget,ADA/USDT:USDT,0.8267,749.0,0.8266,73208.0,0.8268,101973.0,0.8269,84184.0
1753600083599,07:08:03.599,bitget,ADA/USDT:USDT,0.8267,749.0,0.8266,73208.0,0.8268,101973.0,0.8269,89577.0
1753600083750,07:08:03.750,bitget,ADA/USDT:USDT,0.8267,3765.0,0.8266,101152.0,0.8268,101249.0,0.8269,89577.0
1753600083900,07:08:03.900,bitget,ADA/USDT:USDT,0.8267,3765.0,0.8266,95477.0,0.8268,101973.0,0.8269,89577.0
1753600084050,07:08:04.050,bitget,ADA/USDT:USDT,0.8267,21275.0,0.8266,96433.0,0.8268,77413.0,0.8269,80763.0
1753600084200,07:08:04.200,bitget,ADA/USDT:USDT,0.8267,46489.0,0.8266,96433.0,0.8268,42334.0,0.8269,62885.0
1753600084350,07:08:04.350,bitget,ADA/USDT:USDT,0.8267,46489.0,0.8266,96433.0,0.8268,21772.0,0.8269,85046.0
1753600084500,07:08:04.500,bitget,ADA/USDT:USDT,0.8267,69489.0,0.8266,96433.0,0.8268,21772.0,0.8269,80609.0
1753600084650,07:08:04.650,bitget,ADA/USDT:USDT,0.8267,69489.0,0.8266,96433.0,0.8268,27808.0,0.8269,80609.0
1753600084800,07:08:04.800,bitget,ADA/USDT:USDT,0.8267,69489.0,0.8266,96433.0,0.8268,28621.0,0.8269,80609.0
1753600084950,07:08:04.950,bitget,ADA/USDT:USDT,0.8267,69489.0,0.8266,96433.0,0.8268,28621.0,0.8269,80609.0
1753600085100,07:08:05.100,bitget,ADA/USDT:USDT,0.8267,69489.0,0.8266,96433.0,0.8268,28621.0,0.8269,80609.0
1753600085250,07:08:05.250,bitget,ADA/USDT:USDT,0.8267,69489.0,0.8266,96433.0,0.8268,28621.0,0.8269,80609.0
1753600085401,07:08:05.401,bitget,ADA/USDT:USDT,0.8267,46489.0,0.8266,95477.0,0.8268,28621.0,0.8269,80609.0
1753600085551,07:08:05.551,bitget,ADA/USDT:USDT,0.8267,51150.0,0.8266,95477.0,0.8268,49870.0,0.8269,80609.0
1753600085701,07:08:05.701,bitget,ADA/USDT:USDT,0.8267,51150.0,0.8266,95477.0,0.8268,23334.0,0.8269,80609.0
1753600086001,07:08:06.001,bitget,ADA/USDT:USDT,0.8267,51150.0,0.8266,96553.0,0.8269,28734.0,0.827,83480.0
1753600086151,07:08:06.151,bitget,ADA/USDT:USDT,0.8268,4140.0,0.8267,51150.0,0.8269,51644.0,0.827,83480.0
1753600086301,07:08:06.301,bitget,ADA/USDT:USDT,0.8268,1873.0,0.8267,70034.0,0.8269,62387.0,0.827,83832.0
1753600086451,07:08:06.451,bitget,ADA/USDT:USDT,0.8268,1873.0,0.8267,70034.0,0.8269,62387.0,0.827,83832.0
1753600086601,07:08:06.601,bitget,ADA/USDT:USDT,0.8268,1873.0,0.8267,54695.0,0.8269,86111.0,0.827,93337.0
1753600086751,07:08:06.751,bitget,ADA/USDT:USDT,0.8268,1124.0,0.8267,25311.0,0.8269,86111.0,0.827,87294.0
1753600086901,07:08:06.901,bitget,ADA/USDT:USDT,0.8268,1124.0,0.8267,62801.0,0.8269,86111.0,0.827,87294.0
1753600087051,07:08:07.051,bitget,ADA/USDT:USDT,0.8268,1124.0,0.8267,63614.0,0.8269,86111.0,0.827,87294.0
1753600087202,07:08:07.202,bitget,ADA/USDT:USDT,0.8268,38552.0,0.8267,62930.0,0.8269,37993.0,0.827,86852.0
1753600087352,07:08:07.352,bitget,ADA/USDT:USDT,0.8268,39365.0,0.8267,62930.0,0.8269,55718.0,0.827,82786.0
1753600087502,07:08:07.502,bitget,ADA/USDT:USDT,0.8268,61865.0,0.8267,63050.0,0.8269,55718.0,0.827,83393.0
1753600087652,07:08:07.652,bitget,ADA/USDT:USDT,0.8268,61865.0,0.8267,63050.0,0.8269,18499.0,0.827,104941.0
1753600087802,07:08:07.802,bitget,ADA/USDT:USDT,0.8268,61865.0,0.8267,63050.0,0.8269,17750.0,0.827,104941.0
1753600087952,07:08:07.952,bitget,ADA/USDT:USDT,0.8268,61865.0,0.8267,63050.0,0.8269,16151.0,0.827,104941.0
1753600088102,07:08:08.102,bitget,ADA/USDT:USDT,0.8268,61865.0,0.8267,67641.0,0.8269,15339.0,0.827,104941.0
1753600088252,07:08:08.252,bitget,ADA/USDT:USDT,0.8268,61865.0,0.8267,67641.0,0.827,75137.0,0.8271,111498.0
1753600088402,07:08:08.402,bitget,ADA/USDT:USDT,0.827,1627.0,0.8269,70314.0,0.8271,28440.0,0.8272,34417.0
1753600088552,07:08:08.552,bitget,ADA/USDT:USDT,0.827,59577.0,0.8269,105371.0,0.8271,27151.0,0.8272,34417.0
1753600088702,07:08:08.702,bitget,ADA/USDT:USDT,0.827,58764.0,0.8269,105371.0,0.8271,57173.0,0.8272,85744.0
1753600088853,07:08:08.853,bitget,ADA/USDT:USDT,0.827,58764.0,0.8269,105491.0,0.8271,24011.0,0.8272,107936.0
1753600089003,07:08:09.003,bitget,ADA/USDT:USDT,0.827,58764.0,0.8269,105491.0,0.8271,24011.0,0.8272,107936.0
1753600089153,07:08:09.153,bitget,ADA/USDT:USDT,0.827,58764.0,0.8269,116853.0,0.8271,23262.0,0.8272,107936.0
1753600089303,07:08:09.303,bitget,ADA/USDT:USDT,0.827,58764.0,0.8269,116853.0,0.8271,23262.0,0.8272,107771.0
1753600089453,07:08:09.453,bitget,ADA/USDT:USDT,0.827,74103.0,0.8269,121657.0,0.8271,25884.0,0.8272,66891.0
1753600089603,07:08:09.603,bitget,ADA/USDT:USDT,0.827,74103.0,0.8269,121657.0,0.8271,25884.0,0.8272,83763.0
1753600089753,07:08:09.753,bitget,ADA/USDT:USDT,0.827,74103.0,0.8269,110295.0,0.8271,25884.0,0.8272,83763.0
1753600089903,07:08:09.903,bitget,ADA/USDT:USDT,0.827,74103.0,0.8269,110295.0,0.8271,25884.0,0.8272,84719.0
1753600090053,07:08:10.053,bitget,ADA/USDT:USDT,0.827,74103.0,0.8269,110295.0,0.8271,25884.0,0.8272,84719.0
1753600090203,07:08:10.203,bitget,ADA/USDT:USDT,0.827,74103.0,0.8269,110295.0,0.8271,25884.0,0.8272,84719.0
1753600090354,07:08:10.354,bitget,ADA/USDT:USDT,0.827,74103.0,0.8269,110295.0,0.8271,22068.0,0.8272,84719.0
1753600090503,07:08:10.503,bitget,ADA/USDT:USDT,0.827,74103.0,0.8269,110295.0,0.8271,16088.0,0.8272,66881.0
1753600090654,07:08:10.654,bitget,ADA/USDT:USDT,0.827,96264.0,0.8269,110295.0,0.8271,17687.0,0.8272,83762.0
1753600090803,07:08:10.803,bitget,ADA/USDT:USDT,0.827,96264.0,0.8269,102135.0,0.8271,15339.0,0.8272,83762.0
1753600090954,07:08:10.954,bitget,ADA/USDT:USDT,0.827,96264.0,0.8269,102135.0,0.8271,1599.0,0.8272,49166.0
1753600091104,07:08:11.104,bitget,ADA/USDT:USDT,0.827,96264.0,0.8269,102135.0,0.8272,44358.0,0.8273,57460.0
1753600091254,07:08:11.254,bitget,ADA/USDT:USDT,0.8271,55600.0,0.827,91086.0,0.8272,40669.0,0.8273,55798.0
1753600091404,07:08:11.404,bitget,ADA/USDT:USDT,0.8271,45100.0,0.827,129635.0,0.8272,40669.0,0.8273,60631.0
1753600091554,07:08:11.554,bitget,ADA/USDT:USDT,0.8271,21586.0,0.827,118116.0,0.8272,56595.0,0.8273,82762.0
1753600091704,07:08:11.704,bitget,ADA/USDT:USDT,0.8271,21586.0,0.827,118116.0,0.8272,56595.0,0.8273,83366.0
1753600091854,07:08:11.854,bitget,ADA/USDT:USDT,0.8271,20837.0,0.827,107065.0,0.8272,56595.0,0.8273,83366.0
1753600092004,07:08:12.004,bitget,ADA/USDT:USDT,0.8271,20837.0,0.827,118116.0,0.8272,56595.0,0.8273,83366.0
1753600092155,07:08:12.155,bitget,ADA/USDT:USDT,0.8271,20837.0,0.827,118116.0,0.8272,56595.0,0.8273,83366.0
1753600092305,07:08:12.305,bitget,ADA/USDT:USDT,0.827,749.0,0.8269,85173.0,0.8271,15339.0,0.8272,65584.0
1753600092455,07:08:12.455,bitget,ADA/USDT:USDT,0.8269,50598.0,0.8268,68042.0,0.8271,58117.0,0.8272,88272.0
1753600092605,07:08:12.605,bitget,ADA/USDT:USDT,0.8269,47754.0,0.8268,82063.0,0.827,59262.0,0.8271,61412.0
1753600092755,07:08:12.755,bitget,ADA/USDT:USDT,0.8269,41718.0,0.8268,82063.0,0.827,59262.0,0.8271,92166.0
1753600092905,07:08:12.905,bitget,ADA/USDT:USDT,0.8269,41718.0,0.8268,82063.0,0.827,59262.0,0.8271,92166.0
1753600093055,07:08:13.055,bitget,ADA/USDT:USDT,0.8269,19558.0,0.8268,104223.0,0.827,59262.0,0.8271,92166.0
1753600093205,07:08:13.205,bitget,ADA/USDT:USDT,0.8269,19558.0,0.8268,104223.0,0.827,59262.0,0.8271,109048.0
1753600093355,07:08:13.355,bitget,ADA/USDT:USDT,0.8269,19558.0,0.8268,104223.0,0.827,59262.0,0.8271,109652.0
1753600093505,07:08:13.505,bitget,ADA/USDT:USDT,0.8269,19558.0,0.8268,104223.0,0.827,59262.0,0.8271,101782.0
1753600093655,07:08:13.655,bitget,ADA/USDT:USDT,0.8269,23897.0,0.8268,104223.0,0.827,59262.0,0.8271,88143.0
1753600093805,07:08:13.805,bitget,ADA/USDT:USDT,0.8269,38954.0,0.8268,105179.0,0.827,59262.0,0.8271,91122.0
1753600093956,07:08:13.956,bitget,ADA/USDT:USDT,0.8269,39767.0,0.8268,105179.0,0.827,59262.0,0.8271,90166.0
1753600094105,07:08:14.105,bitget,ADA/USDT:USDT,0.8269,39767.0,0.8268,105179.0,0.827,59262.0,0.8271,90166.0
1753600094256,07:08:14.256,bitget,ADA/USDT:USDT,0.8269,39767.0,0.8268,105179.0,0.827,59262.0,0.8271,90166.0
1753600094406,07:08:14.406,bitget,ADA/USDT:USDT,0.8269,39767.0,0.8268,105179.0,0.827,59262.0,0.8271,90166.0
1753600094556,07:08:14.556,bitget,ADA/USDT:USDT,0.8269,39767.0,0.8268,105179.0,0.827,59262.0,0.8271,90166.0
1753600094706,07:08:14.706,bitget,ADA/USDT:USDT,0.8269,39767.0,0.8268,105179.0,0.827,59262.0,0.8271,90166.0
1753600094856,07:08:14.856,bitget,ADA/USDT:USDT,0.8269,39767.0,0.8268,104223.0,0.827,59262.0,0.8271,90166.0
1753600095006,07:08:15.006,bitget,ADA/USDT:USDT,0.8269,38954.0,0.8268,104223.0,0.827,59262.0,0.8271,94584.0
1753600095156,07:08:15.156,bitget,ADA/USDT:USDT,0.8269,38954.0,0.8268,104223.0,0.827,59262.0,0.8271,94584.0
1753600095306,07:08:15.306,bitget,ADA/USDT:USDT,0.8269,38954.0,0.8268,104223.0,0.827,59262.0,0.8271,94584.0
1753600095456,07:08:15.456,bitget,ADA/USDT:USDT,0.8269,38954.0,0.8268,104223.0,0.827,59262.0,0.8271,94584.0
1753600095606,07:08:15.606,bitget,ADA/USDT:USDT,0.8269,38954.0,0.8268,105179.0,0.827,59262.0,0.8271,94584.0
1753600095757,07:08:15.757,bitget,ADA/USDT:USDT,0.8269,38954.0,0.8268,105179.0,0.827,59262.0,0.8271,94584.0
1753600095907,07:08:15.907,bitget,ADA/USDT:USDT,0.8269,38954.0,0.8268,105179.0,0.827,59262.0,0.8271,94584.0
1753600096057,07:08:16.057,bitget,ADA/USDT:USDT,0.8269,38954.0,0.8268,105179.0,0.827,59262.0,0.8271,94584.0
1753600096207,07:08:16.207,bitget,ADA/USDT:USDT,0.8269,38954.0,0.8268,105179.0,0.827,59262.0,0.8271,94584.0
1753600096357,07:08:16.357,bitget,ADA/USDT:USDT,0.8269,34615.0,0.8268,105179.0,0.827,59262.0,0.8271,94584.0
1753600096507,07:08:16.507,bitget,ADA/USDT:USDT,0.8269,34615.0,0.8268,105179.0,0.827,59262.0,0.8271,94584.0
1753600096657,07:08:16.657,bitget,ADA/USDT:USDT,0.8269,34615.0,0.8268,105179.0,0.827,59262.0,0.8271,94584.0
1753600096807,07:08:16.807,bitget,ADA/USDT:USDT,0.8269,34615.0,0.8268,105179.0,0.827,59262.0,0.8271,94584.0
1753600096957,07:08:16.957,bitget,ADA/USDT:USDT,0.8269,34615.0,0.8268,105179.0,0.827,59262.0,0.8271,94584.0
1753600097107,07:08:17.107,bitget,ADA/USDT:USDT,0.8269,34615.0,0.8268,85114.0,0.827,59262.0,0.8271,94584.0
1753600097257,07:08:17.257,bitget,ADA/USDT:USDT,0.8269,19276.0,0.8268,85114.0,0.827,59262.0,0.8271,94584.0
1753600097408,07:08:17.408,bitget,ADA/USDT:USDT,0.8268,16884.0,0.8267,46167.0,0.8269,27792.0,0.827,87182.0
1753600097558,07:08:17.558,bitget,ADA/USDT:USDT,0.8268,2389.0,0.8267,85208.0,0.8269,91391.0,0.827,90566.0
1753600097708,07:08:17.708,bitget,ADA/USDT:USDT,0.8268,17446.0,0.8267,85208.0,0.8269,69140.0,0.827,79502.0
1753600097858,07:08:17.858,bitget,ADA/USDT:USDT,0.8268,31227.0,0.8267,85208.0,0.8269,69170.0,0.827,79472.0
1753600098008,07:08:18.008,bitget,ADA/USDT:USDT,0.8268,31227.0,0.8267,85208.0,0.8269,69170.0,0.827,78748.0
1753600098158,07:08:18.158,bitget,ADA/USDT:USDT,0.8268,31227.0,0.8267,85208.0,0.8269,69170.0,0.827,78748.0
1753600098308,07:08:18.308,bitget,ADA/USDT:USDT,0.8268,31227.0,0.8267,85208.0,0.8269,69170.0,0.827,78748.0
1753600098458,07:08:18.458,bitget,ADA/USDT:USDT,0.8268,46312.0,0.8267,85208.0,0.8269,69170.0,0.827,78748.0
1753600098608,07:08:18.608,bitget,ADA/USDT:USDT,0.8268,46312.0,0.8267,85208.0,0.8269,69170.0,0.827,78628.0
1753600098758,07:08:18.758,bitget,ADA/USDT:USDT,0.8269,4106.0,0.8268,75328.0,0.827,36884.0,0.8271,66085.0
1753600098908,07:08:18.908,bitget,ADA/USDT:USDT,0.827,4477.0,0.8269,73911.0,0.8271,66085.0,0.8272,129118.0
1753600099059,07:08:19.059,bitget,ADA/USDT:USDT,0.827,6076.0,0.8269,93786.0,0.8271,41246.0,0.8272,128394.0
1753600099209,07:08:19.209,bitget,ADA/USDT:USDT,0.827,6825.0,0.8269,109047.0,0.8271,42451.0,0.8272,59965.0
1753600099359,07:08:19.359,bitget,ADA/USDT:USDT,0.827,6825.0,0.8269,109047.0,0.8271,43072.0,0.8272,59965.0
1753600099509,07:08:19.509,bitget,ADA/USDT:USDT,0.827,6825.0,0.8269,93990.0,0.8271,81129.0,0.8272,71761.0
1753600099659,07:08:19.659,bitget,ADA/USDT:USDT,0.827,6825.0,0.8269,93990.0,0.8271,81129.0,0.8272,71761.0
1753600099809,07:08:19.809,bitget,ADA/USDT:USDT,0.827,6825.0,0.8269,93990.0,0.8271,81129.0,0.8272,71761.0
1753600099959,07:08:19.959,bitget,ADA/USDT:USDT,0.827,6825.0,0.8269,93990.0,0.8271,81129.0,0.8272,71761.0
1753600100109,07:08:20.109,bitget,ADA/USDT:USDT,0.827,3809.0,0.8269,93990.0,0.8271,81129.0,0.8272,71641.0
1753600100259,07:08:20.259,bitget,ADA/USDT:USDT,0.827,3809.0,0.8269,93990.0,0.8271,81129.0,0.8272,71641.0
1753600100409,07:08:20.409,bitget,ADA/USDT:USDT,0.827,3809.0,0.8269,77102.0,0.8271,81129.0,0.8272,71641.0
1753600100559,07:08:20.559,bitget,ADA/USDT:USDT,0.827,3809.0,0.8269,77102.0,0.8271,81129.0,0.8272,97554.0
1753600100709,07:08:20.709,bitget,ADA/USDT:USDT,0.827,3809.0,0.8269,77102.0,0.8271,81129.0,0.8272,97554.0
1753600100860,07:08:20.860,bitget,ADA/USDT:USDT,0.827,3809.0,0.8269,77102.0,0.8271,81129.0,0.8272,97554.0
1753600101010,07:08:21.010,bitget,ADA/USDT:USDT,0.827,3809.0,0.8269,77102.0,0.8271,78129.0,0.8272,91512.0
1753600101160,07:08:21.160,bitget,ADA/USDT:USDT,0.827,3809.0,0.8269,77102.0,0.8271,78129.0,0.8272,91512.0
1753600101310,07:08:21.310,bitget,ADA/USDT:USDT,0.827,3809.0,0.8269,77102.0,0.8271,78129.0,0.8272,91512.0
1753600101460,07:08:21.460,bitget,ADA/USDT:USDT,0.827,3809.0,0.8269,85519.0,0.8271,78129.0,0.8272,91512.0
1753600101610,07:08:21.610,bitget,ADA/USDT:USDT,0.827,3809.0,0.8269,85519.0,0.8271,78129.0,0.8272,91512.0
1753600101760,07:08:21.760,bitget,ADA/USDT:USDT,0.827,3809.0,0.8269,85519.0,0.8271,78129.0,0.8272,91512.0
1753600101910,07:08:21.910,bitget,ADA/USDT:USDT,0.827,3809.0,0.8269,85519.0,0.8271,78129.0,0.8272,91512.0
1753600102060,07:08:22.060,bitget,ADA/USDT:USDT,0.827,3809.0,0.8269,85519.0,0.8271,78129.0,0.8272,97554.0
1753600102210,07:08:22.210,bitget,ADA/USDT:USDT,0.827,3809.0,0.8269,85519.0,0.8271,78129.0,0.8272,97554.0
1753600102360,07:08:22.360,bitget,ADA/USDT:USDT,0.827,1461.0,0.8269,42682.0,0.8271,78129.0,0.8272,97554.0
1753600102511,07:08:22.511,bitget,ADA/USDT:USDT,0.827,1461.0,0.8269,18852.0,0.8271,78129.0,0.8272,97389.0
1753600102661,07:08:22.661,bitget,ADA/USDT:USDT,0.8268,52844.0,0.8267,49139.0,0.827,1461.0,0.8271,78213.0
1753600102811,07:08:22.811,bitget,ADA/USDT:USDT,0.8268,26145.0,0.8267,63165.0,0.8269,34461.0,0.827,44814.0
1753600102961,07:08:22.961,bitget,ADA/USDT:USDT,0.8268,29545.0,0.8267,85322.0,0.8269,74117.0,0.827,68460.0
1753600103111,07:08:23.111,bitget,ADA/USDT:USDT,0.8268,29545.0,0.8267,85322.0,0.8269,74117.0,0.827,68460.0
1753600103261,07:08:23.261,bitget,ADA/USDT:USDT,0.8268,29545.0,0.8267,85322.0,0.8269,74117.0,0.827,68460.0
1753600103411,07:08:23.411,bitget,ADA/USDT:USDT,0.8268,39045.0,0.8267,85322.0,0.8269,74117.0,0.827,68460.0
1753600103561,07:08:23.561,bitget,ADA/USDT:USDT,0.8268,29545.0,0.8267,85322.0,0.8269,74117.0,0.827,68460.0
1753600103711,07:08:23.711,bitget,ADA/USDT:USDT,0.8268,29545.0,0.8267,85322.0,0.8269,74117.0,0.827,68460.0
1753600103861,07:08:23.861,bitget,ADA/USDT:USDT,0.8268,29545.0,0.8267,85322.0,0.8269,56617.0,0.827,68460.0
1753600104011,07:08:24.011,bitget,ADA/USDT:USDT,0.8268,29545.0,0.8267,85322.0,0.8269,56617.0,0.827,58881.0
1753600104161,07:08:24.161,bitget,ADA/USDT:USDT,0.8268,29545.0,0.8267,85322.0,0.8269,56617.0,0.827,58881.0
1753600104312,07:08:24.312,bitget,ADA/USDT:USDT,0.8268,29545.0,0.8267,85322.0,0.8269,75117.0,0.827,58881.0
1753600104462,07:08:24.462,bitget,ADA/USDT:USDT,0.8268,19045.0,0.8267,68438.0,0.8269,75117.0,0.827,58881.0
1753600104612,07:08:24.612,bitget,ADA/USDT:USDT,0.8268,19045.0,0.8267,85327.0,0.8269,75117.0,0.827,58881.0
1753600104762,07:08:24.762,bitget,ADA/USDT:USDT,0.8268,19045.0,0.8267,86283.0,0.8269,56617.0,0.827,58881.0
1753600104912,07:08:24.912,bitget,ADA/USDT:USDT,0.8268,19045.0,0.8267,86283.0,0.8269,56617.0,0.827,57925.0
1753600105062,07:08:25.062,bitget,ADA/USDT:USDT,0.8268,19045.0,0.8267,86283.0,0.8269,56617.0,0.827,58881.0
1753600105212,07:08:25.212,bitget,ADA/USDT:USDT,0.8268,19045.0,0.8267,86283.0,0.8269,56617.0,0.827,86818.0
1753600105362,07:08:25.362,bitget,ADA/USDT:USDT,0.8268,28545.0,0.8267,85327.0,0.8269,69117.0,0.827,86818.0
1753600105512,07:08:25.512,bitget,ADA/USDT:USDT,0.8268,28545.0,0.8267,85327.0,0.8269,56617.0,0.827,79391.0
1753600105662,07:08:25.662,bitget,ADA/USDT:USDT,0.8268,28545.0,0.8267,86283.0,0.8269,56617.0,0.827,79391.0
1753600105812,07:08:25.812,bitget,ADA/USDT:USDT,0.8268,28545.0,0.8267,86283.0,0.8269,56617.0,0.827,79391.0
1753600105962,07:08:25.962,bitget,ADA/USDT:USDT,0.8268,44727.0,0.8267,86283.0,0.8269,37495.0,0.827,55474.0
1753600106113,07:08:26.113,bitget,ADA/USDT:USDT,0.8268,44727.0,0.8267,86283.0,0.8269,37495.0,0.827,37987.0
1753600106262,07:08:26.262,bitget,ADA/USDT:USDT,0.8269,11709.0,0.8268,65703.0,0.827,45131.0,0.8271,38930.0
1753600106413,07:08:26.413,bitget,ADA/USDT:USDT,0.8269,53070.0,0.8268,108330.0,0.827,45131.0,0.8271,38930.0
1753600106563,07:08:26.563,bitget,ADA/USDT:USDT,0.8269,53070.0,0.8268,108330.0,0.827,45974.0,0.8271,38326.0
1753600106713,07:08:26.713,bitget,ADA/USDT:USDT,0.8269,53070.0,0.8268,108330.0,0.827,45974.0,0.8271,38326.0
1753600106863,07:08:26.863,bitget,ADA/USDT:USDT,0.8269,53070.0,0.8268,108330.0,0.827,56167.0,0.8271,38326.0
1753600107013,07:08:27.013,bitget,ADA/USDT:USDT,0.8269,53070.0,0.8268,108330.0,0.827,54568.0,0.8271,38326.0
1753600107163,07:08:27.163,bitget,ADA/USDT:USDT,0.8269,53070.0,0.8268,108330.0,0.827,39095.0,0.8271,38326.0
1753600107313,07:08:27.313,bitget,ADA/USDT:USDT,0.8269,53070.0,0.8268,108330.0,0.827,39095.0,0.8271,38326.0
1753600107463,07:08:27.463,bitget,ADA/USDT:USDT,0.8269,53070.0,0.8268,108330.0,0.827,39095.0,0.8271,38326.0
1753600107613,07:08:27.613,bitget,ADA/USDT:USDT,0.8269,53070.0,0.8268,108330.0,0.827,39095.0,0.8271,38326.0
1753600107763,07:08:27.763,bitget,ADA/USDT:USDT,0.8269,53070.0,0.8268,108330.0,0.827,39095.0,0.8271,38326.0
1753600107913,07:08:27.913,bitget,ADA/USDT:USDT,0.827,38372.0,0.8269,94692.0,0.8271,14958.0,0.8272,92731.0
1753600108064,07:08:28.064,bitget,ADA/USDT:USDT,0.827,55028.0,0.8269,138545.0,0.8271,18943.0,0.8272,92127.0
1753600108214,07:08:28.214,bitget,ADA/USDT:USDT,0.827,70367.0,0.8269,138545.0,0.8271,18943.0,0.8272,92237.0
1753600108364,07:08:28.364,bitget,ADA/USDT:USDT,0.827,69524.0,0.8269,138545.0,0.8271,31042.0,0.8272,92237.0
1753600108514,07:08:28.514,bitget,ADA/USDT:USDT,0.827,69524.0,0.8269,122858.0,0.8271,31042.0,0.8272,92237.0
1753600108664,07:08:28.664,bitget,ADA/USDT:USDT,0.827,69524.0,0.8269,122858.0,0.8271,31287.0,0.8272,92237.0
1753600108814,07:08:28.814,bitget,ADA/USDT:USDT,0.827,69524.0,0.8269,122858.0,0.8271,31287.0,0.8272,92237.0
1753600108964,07:08:28.964,bitget,ADA/USDT:USDT,0.827,69524.0,0.8269,122858.0,0.8271,31287.0,0.8272,92237.0
1753600109114,07:08:29.114,bitget,ADA/USDT:USDT,0.827,69524.0,0.8269,122858.0,0.8271,31287.0,0.8272,92117.0
1753600109264,07:08:29.264,bitget,ADA/USDT:USDT,0.827,69524.0,0.8269,122858.0,0.8271,43787.0,0.8272,92117.0
1753600109414,07:08:29.414,bitget,ADA/USDT:USDT,0.827,69524.0,0.8269,122858.0,0.8271,58844.0,0.8272,93073.0
1753600109565,07:08:29.565,bitget,ADA/USDT:USDT,0.827,46524.0,0.8269,122858.0,0.8271,58844.0,0.8272,93073.0
1753600109865,07:08:29.865,bitget,ADA/USDT:USDT,0.827,17446.0,0.8269,110844.0,0.8271,58844.0,0.8272,110556.0
1753600110015,07:08:30.015,bitget,ADA/USDT:USDT,0.827,19045.0,0.8269,110844.0,0.8271,58844.0,0.8272,110556.0
1753600110165,07:08:30.165,bitget,ADA/USDT:USDT,0.827,19045.0,0.8269,110843.0,0.8271,80999.0,0.8272,88400.0
1753600110315,07:08:30.315,bitget,ADA/USDT:USDT,0.827,19045.0,0.8269,110843.0,0.8271,80999.0,0.8272,61348.0
1753600110465,07:08:30.465,bitget,ADA/USDT:USDT,0.827,19045.0,0.8269,110843.0,0.8271,80999.0,0.8272,61348.0
1753600110615,07:08:30.615,bitget,ADA/USDT:USDT,0.827,19045.0,0.8269,110843.0,0.8271,80999.0,0.8272,61348.0
1753600110765,07:08:30.765,bitget,ADA/USDT:USDT,0.827,15057.0,0.8269,48432.0,0.8271,81723.0,0.8272,61348.0
1753600110915,07:08:30.915,bitget,ADA/USDT:USDT,0.8269,74660.0,0.8268,78064.0,0.8271,82327.0,0.8272,60744.0
1753600111065,07:08:31.065,bitget,ADA/USDT:USDT,0.8269,38868.0,0.8268,100219.0,0.827,37275.0,0.8271,66666.0
1753600111215,07:08:31.215,bitget,ADA/USDT:USDT,0.8269,29396.0,0.8268,97361.0,0.827,60374.0,0.8271,66696.0
1753600111366,07:08:31.366,bitget,ADA/USDT:USDT,0.8269,5112.0,0.8268,97361.0,0.827,60374.0,0.8271,103528.0
1753600111516,07:08:31.516,bitget,ADA/USDT:USDT,0.8268,34420.0,0.8267,65750.0,0.827,67462.0,0.8271,107237.0
1753600111666,07:08:31.666,bitget,ADA/USDT:USDT,0.8268,3988.0,0.8267,101924.0,0.8269,60904.0,0.827,75491.0
1753600111816,07:08:31.816,bitget,ADA/USDT:USDT,0.8268,25149.0,0.8267,101924.0,0.8269,38904.0,0.827,104023.0
1753600111966,07:08:31.966,bitget,ADA/USDT:USDT,0.8268,37302.0,0.8267,101924.0,0.8269,38904.0,0.827,104143.0
1753600112116,07:08:32.116,bitget,ADA/USDT:USDT,0.8268,19045.0,0.8267,101924.0,0.8269,38904.0,0.827,107016.0
1753600112266,07:08:32.266,bitget,ADA/USDT:USDT,0.8268,19045.0,0.8267,101924.0,0.8269,61904.0,0.827,107620.0
1753600112416,07:08:32.416,bitget,ADA/USDT:USDT,0.8268,19045.0,0.8267,101924.0,0.8269,61904.0,0.827,107620.0
1753600112566,07:08:32.566,bitget,ADA/USDT:USDT,0.8268,19045.0,0.8267,101924.0,0.8269,61904.0,0.827,107620.0
1753600112716,07:08:32.716,bitget,ADA/USDT:USDT,0.8268,19045.0,0.8267,101924.0,0.8269,61904.0,0.827,107620.0
1753600113016,07:08:33.016,bitget,ADA/USDT:USDT,0.8268,19045.0,0.8267,101924.0,0.8269,61904.0,0.827,107500.0
1753600113167,07:08:33.167,bitget,ADA/USDT:USDT,0.8268,19045.0,0.8267,101924.0,0.8269,61904.0,0.827,107500.0
1753600113317,07:08:33.317,bitget,ADA/USDT:USDT,0.8268,25545.0,0.8267,101924.0,0.8269,38904.0,0.827,103299.0
1753600113467,07:08:33.467,bitget,ADA/USDT:USDT,0.8268,19045.0,0.8267,101924.0,0.8269,38904.0,0.827,79729.0
1753600113617,07:08:33.617,bitget,ADA/USDT:USDT,0.8268,19045.0,0.8267,101924.0,0.8269,38904.0,0.827,90218.0
1753600113767,07:08:33.767,bitget,ADA/USDT:USDT,0.8268,19045.0,0.8267,101924.0,0.8269,38904.0,0.827,90218.0
1753600113917,07:08:33.917,bitget,ADA/USDT:USDT,0.8268,19045.0,0.8267,101924.0,0.8269,38904.0,0.827,90218.0
1753600114067,07:08:34.067,bitget,ADA/USDT:USDT,0.8268,19045.0,0.8267,101924.0,0.8269,38904.0,0.827,90218.0
1753600114217,07:08:34.217,bitget,ADA/USDT:USDT,0.8268,28545.0,0.8267,102880.0,0.8269,71058.0,0.827,90218.0
1753600114367,07:08:34.367,bitget,ADA/USDT:USDT,0.8268,28545.0,0.8267,84315.0,0.8269,71058.0,0.827,79729.0
1753600114517,07:08:34.517,bitget,ADA/USDT:USDT,0.8268,29936.0,0.8267,84315.0,0.8269,61058.0,0.827,83571.0
1753600114668,07:08:34.668,bitget,ADA/USDT:USDT,0.8268,19045.0,0.8267,84315.0,0.8269,61058.0,0.827,83571.0
1753600114818,07:08:34.818,bitget,ADA/USDT:USDT,0.8268,19045.0,0.8267,83359.0,0.8269,61058.0,0.827,83571.0
1753600114968,07:08:34.968,bitget,ADA/USDT:USDT,0.8267,19229.0,0.8266,78194.0,0.8268,50546.0,0.8269,80658.0
1753600115118,07:08:35.118,bitget,ADA/USDT:USDT,0.8267,3988.0,0.8266,95075.0,0.8268,65603.0,0.8269,84041.0
1753600115268,07:08:35.268,bitget,ADA/USDT:USDT,0.8267,19488.0,0.8266,95075.0,0.8268,65603.0,0.8269,84041.0
1753600115418,07:08:35.418,bitget,ADA/USDT:USDT,0.8267,19488.0,0.8266,95075.0,0.8268,65603.0,0.8269,84041.0
1753600115568,07:08:35.568,bitget,ADA/USDT:USDT,0.8267,19488.0,0.8266,95075.0,0.8268,65603.0,0.8269,84041.0
1753600115718,07:08:35.718,bitget,ADA/USDT:USDT,0.8267,3988.0,0.8266,95075.0,0.8268,65603.0,0.8269,95096.0
1753600115868,07:08:35.868,bitget,ADA/USDT:USDT,0.8267,3988.0,0.8266,95075.0,0.8268,66207.0,0.8269,94492.0
1753600116018,07:08:36.018,bitget,ADA/USDT:USDT,0.8267,3988.0,0.8266,95075.0,0.8268,66207.0,0.8269,94492.0
1753600116168,07:08:36.168,bitget,ADA/USDT:USDT,0.8267,26988.0,0.8266,95075.0,0.8268,66207.0,0.8269,94492.0
1753600116318,07:08:36.318,bitget,ADA/USDT:USDT,0.8267,42885.0,0.8266,96031.0,0.8268,41004.0,0.8269,81545.0
1753600116469,07:08:36.469,bitget,ADA/USDT:USDT,0.8267,42885.0,0.8266,96031.0,0.8268,26706.0,0.8269,63337.0
1753600116619,07:08:36.619,bitget,ADA/USDT:USDT,0.8267,42885.0,0.8266,96031.0,0.8268,16968.0,0.8269,80218.0
1753600116769,07:08:36.769,bitget,ADA/USDT:USDT,0.8267,42885.0,0.8266,96031.0,0.8268,17808.0,0.8269,80218.0
1753600116919,07:08:36.919,bitget,ADA/USDT:USDT,0.8267,42045.0,0.8266,96031.0,0.8268,17808.0,0.8269,80218.0
1753600117069,07:08:37.069,bitget,ADA/USDT:USDT,0.8267,42045.0,0.8266,96031.0,0.8268,17808.0,0.8269,80218.0
1753600117219,07:08:37.219,bitget,ADA/USDT:USDT,0.8267,42045.0,0.8266,96031.0,0.8268,16209.0,0.8269,81174.0
1753600117369,07:08:37.369,bitget,ADA/USDT:USDT,0.8267,42045.0,0.8266,96031.0,0.8268,16209.0,0.8269,81174.0
1753600117519,07:08:37.519,bitget,ADA/USDT:USDT,0.8267,42045.0,0.8266,96031.0,0.8268,17808.0,0.8269,81174.0
1753600117669,07:08:37.669,bitget,ADA/USDT:USDT,0.8267,57384.0,0.8266,96031.0,0.8268,16209.0,0.8269,80218.0
1753600117819,07:08:37.819,bitget,ADA/USDT:USDT,0.8267,57384.0,0.8266,96031.0,0.8268,16209.0,0.8269,80218.0
1753600117969,07:08:37.969,bitget,ADA/USDT:USDT,0.8267,57384.0,0.8266,96031.0,0.8268,16209.0,0.8269,80218.0
1753600118119,07:08:38.119,bitget,ADA/USDT:USDT,0.8267,57384.0,0.8266,96031.0,0.8268,17808.0,0.8269,80218.0
1753600118270,07:08:38.270,bitget,ADA/USDT:USDT,0.8267,57384.0,0.8266,96031.0,0.8268,38308.0,0.8269,80218.0
1753600118420,07:08:38.420,bitget,ADA/USDT:USDT,0.8267,57384.0,0.8266,96031.0,0.8268,24308.0,0.8269,80218.0
1753600118570,07:08:38.570,bitget,ADA/USDT:USDT,0.8267,57384.0,0.8266,95866.0,0.8268,17808.0,0.8269,80218.0
1753600118720,07:08:38.720,bitget,ADA/USDT:USDT,0.8267,57384.0,0.8266,95866.0,0.8268,17808.0,0.8269,81174.0
1753600118870,07:08:38.870,bitget,ADA/USDT:USDT,0.8267,57384.0,0.8266,95866.0,0.8268,17808.0,0.8269,81174.0
1753600119020,07:08:39.020,bitget,ADA/USDT:USDT,0.8267,57384.0,0.8266,95866.0,0.8268,17808.0,0.8269,81174.0
1753600119170,07:08:39.170,bitget,ADA/USDT:USDT,0.8267,57384.0,0.8266,73712.0,0.8268,17808.0,0.8269,59020.0
1753600119320,07:08:39.320,bitget,ADA/USDT:USDT,0.8267,57384.0,0.8266,95866.0,0.8268,26808.0,0.8269,81174.0
1753600119470,07:08:39.470,bitget,ADA/USDT:USDT,0.8267,57384.0,0.8266,95866.0,0.8268,26808.0,0.8269,81174.0
1753600119620,07:08:39.620,bitget,ADA/USDT:USDT,0.8267,57384.0,0.8266,95866.0,0.8268,16855.0,0.8269,81174.0
1753600119770,07:08:39.770,bitget,ADA/USDT:USDT,0.8267,57384.0,0.8266,95866.0,0.8268,19940.0,0.8269,81174.0
1753600119921,07:08:39.921,bitget,ADA/USDT:USDT,0.8267,57384.0,0.8266,95866.0,0.8268,19940.0,0.8269,81174.0
1753600120071,07:08:40.071,bitget,ADA/USDT:USDT,0.8267,57384.0,0.8266,94910.0,0.8268,19940.0,0.8269,81174.0
1753600120221,07:08:40.221,bitget,ADA/USDT:USDT,0.8267,57384.0,0.8266,94910.0,0.8268,41940.0,0.8269,81174.0
1753600120371,07:08:40.371,bitget,ADA/USDT:USDT,0.8267,57384.0,0.8266,94910.0,0.8268,41940.0,0.8269,81174.0
1753600120521,07:08:40.521,bitget,ADA/USDT:USDT,0.8267,57384.0,0.8266,94910.0,0.8268,41940.0,0.8269,81174.0
1753600120671,07:08:40.671,bitget,ADA/USDT:USDT,0.8267,57384.0,0.8266,94910.0,0.8268,26940.0,0.8269,81174.0
1753600120821,07:08:40.821,bitget,ADA/USDT:USDT,0.8268,37976.0,0.8267,66781.0,0.8269,37523.0,0.827,33187.0
1753600120971,07:08:40.971,bitget,ADA/USDT:USDT,0.8268,68372.0,0.8267,107660.0,0.8269,30.0,0.827,54737.0
1753600121271,07:08:41.271,bitget,ADA/USDT:USDT,0.8269,31769.0,0.8268,74513.0,0.827,58267.0,0.8271,56404.0
1753600121421,07:08:41.421,bitget,ADA/USDT:USDT,0.8269,37430.0,0.8268,125763.0,0.827,52371.0,0.8271,57360.0
1753600121571,07:08:41.571,bitget,ADA/USDT:USDT,0.8269,29430.0,0.8268,125763.0,0.827,53285.0,0.8271,57360.0
1753600121722,07:08:41.722,bitget,ADA/USDT:USDT,0.8269,29430.0,0.8268,105112.0,0.827,68342.0,0.8271,57360.0
1753600121871,07:08:41.871,bitget,ADA/USDT:USDT,0.8269,29430.0,0.8268,115752.0,0.827,68372.0,0.8271,57964.0
1753600122022,07:08:42.022,bitget,ADA/USDT:USDT,0.8269,32669.0,0.8268,101873.0,0.827,68372.0,0.8271,57008.0
1753600122172,07:08:42.172,bitget,ADA/USDT:USDT,0.8269,43169.0,0.8268,114055.0,0.827,68372.0,0.8271,57008.0
1753600122322,07:08:42.322,bitget,ADA/USDT:USDT,0.8269,59464.0,0.8268,115131.0,0.827,61215.0,0.8271,56888.0
1753600122472,07:08:42.472,bitget,ADA/USDT:USDT,0.8269,59464.0,0.8268,115131.0,0.827,62814.0,0.8271,56314.0
1753600122622,07:08:42.622,bitget,ADA/USDT:USDT,0.8269,59464.0,0.8268,115131.0,0.827,62814.0,0.8271,56314.0
1753600122772,07:08:42.772,bitget,ADA/USDT:USDT,0.8269,59464.0,0.8268,115131.0,0.827,62814.0,0.8271,56314.0
1753600122922,07:08:42.922,bitget,ADA/USDT:USDT,0.8269,59464.0,0.8268,126184.0,0.827,62814.0,0.8271,56314.0
1753600123072,07:08:43.072,bitget,ADA/USDT:USDT,0.8269,59464.0,0.8268,126184.0,0.827,40660.0,0.8271,78468.0
1753600123372,07:08:43.372,bitget,ADA/USDT:USDT,0.8269,59464.0,0.8268,118124.0,0.827,20847.0,0.8271,78468.0
1753600123523,07:08:43.523,bitget,ADA/USDT:USDT,0.8269,59464.0,0.8268,118124.0,0.8271,67240.0,0.8272,132633.0
1753600123672,07:08:43.672,bitget,ADA/USDT:USDT,0.827,49026.0,0.8269,71735.0,0.8271,42941.0,0.8272,41803.0
1753600123823,07:08:43.823,bitget,ADA/USDT:USDT,0.827,50625.0,0.8269,114938.0,0.8271,42941.0,0.8272,30026.0
1753600123973,07:08:43.973,bitget,ADA/USDT:USDT,0.827,65964.0,0.8269,119742.0,0.8271,21760.0,0.8272,52299.0
1753600124123,07:08:44.123,bitget,ADA/USDT:USDT,0.827,65964.0,0.8269,111305.0,0.8271,28760.0,0.8272,69171.0
1753600124273,07:08:44.273,bitget,ADA/USDT:USDT,0.827,65124.0,0.8269,104405.0,0.8271,28760.0,0.8272,77653.0
1753600124423,07:08:44.423,bitget,ADA/USDT:USDT,0.827,65124.0,0.8269,104405.0,0.8271,30359.0,0.8272,78609.0
1753600124573,07:08:44.573,bitget,ADA/USDT:USDT,0.827,36020.0,0.8269,103449.0,0.8271,30359.0,0.8272,78609.0
1753600124723,07:08:44.723,bitget,ADA/USDT:USDT,0.827,20169.0,0.8269,75520.0,0.8271,45416.0,0.8272,78609.0
1753600124873,07:08:44.873,bitget,ADA/USDT:USDT,0.827,17821.0,0.8269,98511.0,0.8271,45416.0,0.8272,70611.0
1753600125023,07:08:45.023,bitget,ADA/USDT:USDT,0.827,17821.0,0.8269,98511.0,0.8271,45416.0,0.8272,74071.0
1753600125174,07:08:45.174,bitget,ADA/USDT:USDT,0.827,19420.0,0.8269,109562.0,0.8271,61416.0,0.8272,85122.0
1753600125324,07:08:45.324,bitget,ADA/USDT:USDT,0.827,20169.0,0.8269,109562.0,0.8271,61416.0,0.8272,85122.0
1753600125473,07:08:45.473,bitget,ADA/USDT:USDT,0.827,17821.0,0.8269,109562.0,0.8271,61416.0,0.8272,85122.0
1753600125624,07:08:45.624,bitget,ADA/USDT:USDT,0.827,17821.0,0.8269,109562.0,0.8271,61416.0,0.8272,85122.0
1753600125774,07:08:45.774,bitget,ADA/USDT:USDT,0.827,17821.0,0.8269,109562.0,0.8271,61416.0,0.8272,85122.0
1753600125924,07:08:45.924,bitget,ADA/USDT:USDT,0.827,19420.0,0.8269,110518.0,0.8271,45416.0,0.8272,80706.0
1753600126074,07:08:46.074,bitget,ADA/USDT:USDT,0.827,36669.0,0.8269,110518.0,0.8271,52916.0,0.8272,80706.0
1753600126224,07:08:46.224,bitget,ADA/USDT:USDT,0.827,36669.0,0.8269,110518.0,0.8271,52916.0,0.8272,80706.0
1753600126374,07:08:46.374,bitget,ADA/USDT:USDT,0.827,36669.0,0.8269,110518.0,0.8271,52916.0,0.8272,80706.0
1753600126524,07:08:46.524,bitget,ADA/USDT:USDT,0.827,20169.0,0.8269,110518.0,0.8271,52916.0,0.8272,81662.0
1753600126824,07:08:46.824,bitget,ADA/USDT:USDT,0.827,20169.0,0.8269,110518.0,0.8271,45416.0,0.8272,52783.0
1753600126975,07:08:46.975,bitget,ADA/USDT:USDT,0.827,21012.0,0.8269,110518.0,0.8271,45416.0,0.8272,52783.0
1753600127125,07:08:47.125,bitget,ADA/USDT:USDT,0.827,44012.0,0.8269,110518.0,0.8271,45416.0,0.8272,80702.0
1753600127275,07:08:47.275,bitget,ADA/USDT:USDT,0.827,44012.0,0.8269,110518.0,0.8271,38416.0,0.8272,52179.0
1753600127425,07:08:47.425,bitget,ADA/USDT:USDT,0.827,59351.0,0.8269,110518.0,0.8271,12339.0,0.8272,52179.0
1753600127575,07:08:47.575,bitget,ADA/USDT:USDT,0.8271,31328.0,0.827,83517.0,0.8272,48974.0,0.8273,59092.0
1753600127725,07:08:47.725,bitget,ADA/USDT:USDT,0.8271,70134.0,0.827,102205.0,0.8272,45978.0,0.8273,59696.0
1753600127875,07:08:47.875,bitget,ADA/USDT:USDT,0.8271,71733.0,0.827,122756.0,0.8272,23825.0,0.8273,81362.0
