timestamp,time,exchange,symbol,bid1_price,bid1_volume,bid2_price,bid2_volume,ask1_price,ask1_volume,ask2_price,ask2_volume
1753599984994,07:06:24.994,bybit,A/USDT:USDT,0.5832,1307.0,0.5831,1329.0,0.5833,173.0,0.5834,406.0
1753599985294,07:06:25.294,bybit,A/USDT:USDT,0.5832,1307.0,0.5831,1329.0,0.5833,173.0,0.5834,406.0
1753599985394,07:06:25.394,bybit,A/USDT:USDT,0.5832,1307.0,0.5831,1329.0,0.5833,173.0,0.5834,406.0
1753599985496,07:06:25.496,bybit,A/USDT:USDT,0.5832,35.0,0.5831,10.0,0.5833,815.0,0.5834,560.0
1753599985594,07:06:25.594,bybit,A/USDT:USDT,0.5832,35.0,0.5831,128.0,0.5833,951.0,0.5834,1123.0
1753599985694,07:06:25.694,bybit,A/USDT:USDT,0.5831,128.0,0.583,678.0,0.5832,184.0,0.5833,1491.0
1753599986199,07:06:26.199,bybit,A/USDT:USDT,0.5831,128.0,0.583,983.0,0.5832,203.0,0.5833,1575.0
1753599986294,07:06:26.294,bybit,A/USDT:USDT,0.5831,128.0,0.583,983.0,0.5832,203.0,0.5833,1575.0
1753599986394,07:06:26.394,bybit,A/USDT:USDT,0.5831,128.0,0.583,983.0,0.5832,203.0,0.5833,1575.0
1753599986594,07:06:26.594,bybit,A/USDT:USDT,0.5831,10.0,0.583,983.0,0.5832,203.0,0.5833,1575.0
1753599986994,07:06:26.994,bybit,A/USDT:USDT,0.5831,10.0,0.583,983.0,0.5832,203.0,0.5833,1575.0
1753599987294,07:06:27.294,bybit,A/USDT:USDT,0.5831,10.0,0.583,68.0,0.5832,184.0,0.5833,1575.0
1753599987395,07:06:27.395,bybit,A/USDT:USDT,0.5831,10.0,0.583,68.0,0.5832,355.0,0.5833,1575.0
1753599987494,07:06:27.494,bybit,A/USDT:USDT,0.5831,10.0,0.583,68.0,0.5832,355.0,0.5833,1575.0
1753599988794,07:06:28.794,bybit,A/USDT:USDT,0.583,68.0,0.5829,23.0,0.5831,722.0,0.5832,1116.0
1753599988894,07:06:28.894,bybit,A/USDT:USDT,0.583,68.0,0.5829,23.0,0.5831,722.0,0.5832,1116.0
1753599988994,07:06:28.994,bybit,A/USDT:USDT,0.583,68.0,0.5829,23.0,0.5831,680.0,0.5832,1116.0
1753599990294,07:06:30.294,bybit,A/USDT:USDT,0.583,68.0,0.5829,23.0,0.5831,680.0,0.5832,1116.0
1753599990394,07:06:30.394,bybit,A/USDT:USDT,0.583,68.0,0.5829,23.0,0.5831,869.0,0.5832,1116.0
1753599991195,07:06:31.195,bybit,A/USDT:USDT,0.583,68.0,0.5829,23.0,0.5831,869.0,0.5832,1116.0
1753599991394,07:06:31.394,bybit,A/USDT:USDT,0.583,68.0,0.5829,23.0,0.5831,869.0,0.5832,1116.0
1753599991494,07:06:31.494,bybit,A/USDT:USDT,0.5829,23.0,0.5828,1133.0,0.583,182.0,0.5831,1789.0
1753599992094,07:06:32.094,bybit,A/USDT:USDT,0.5829,81.0,0.5828,1133.0,0.583,139.0,0.5831,1774.0
1753599992494,07:06:32.494,bybit,A/USDT:USDT,0.5829,68.0,0.5828,1133.0,0.583,139.0,0.5831,1774.0
1753599993094,07:06:33.094,bybit,A/USDT:USDT,0.5829,68.0,0.5828,1133.0,0.583,139.0,0.5831,1774.0
1753599993694,07:06:33.694,bybit,A/USDT:USDT,0.5829,68.0,0.5828,1133.0,0.583,139.0,0.5831,1774.0
1753599993894,07:06:33.894,bybit,A/USDT:USDT,0.5829,68.0,0.5828,1133.0,0.583,196.0,0.5831,1774.0
1753599994094,07:06:34.094,bybit,A/USDT:USDT,0.5829,68.0,0.5828,1133.0,0.583,215.0,0.5831,1774.0
1753599994196,07:06:34.196,bybit,A/USDT:USDT,0.5829,68.0,0.5828,1133.0,0.583,215.0,0.5831,1774.0
1753599994294,07:06:34.294,bybit,A/USDT:USDT,0.5829,68.0,0.5828,1133.0,0.583,215.0,0.5831,1774.0
1753599994594,07:06:34.594,bybit,A/USDT:USDT,0.5829,68.0,0.5828,1133.0,0.583,215.0,0.5831,1774.0
1753599994695,07:06:34.695,bybit,A/USDT:USDT,0.5829,68.0,0.5828,1133.0,0.583,215.0,0.5831,1774.0
1753599994795,07:06:34.795,bybit,A/USDT:USDT,0.5829,68.0,0.5828,1133.0,0.583,215.0,0.5831,1774.0
1753599994903,07:06:34.903,bybit,A/USDT:USDT,0.5829,68.0,0.5828,1133.0,0.583,215.0,0.5831,1774.0
1753599994996,07:06:34.996,bybit,A/USDT:USDT,0.5829,68.0,0.5828,1133.0,0.583,215.0,0.5831,1774.0
1753599995194,07:06:35.194,bybit,A/USDT:USDT,0.5829,68.0,0.5828,1133.0,0.583,196.0,0.5831,1774.0
1753599995294,07:06:35.294,bybit,A/USDT:USDT,0.5829,68.0,0.5828,1133.0,0.583,196.0,0.5831,1774.0
1753599995894,07:06:35.894,bybit,A/USDT:USDT,0.5829,68.0,0.5828,1133.0,0.583,196.0,0.5831,1774.0
1753599995994,07:06:35.994,bybit,A/USDT:USDT,0.5829,68.0,0.5828,1133.0,0.583,139.0,0.5831,1731.0
1753599996197,07:06:36.197,bybit,A/USDT:USDT,0.5829,68.0,0.5828,1133.0,0.583,139.0,0.5831,1731.0
1753599996295,07:06:36.295,bybit,A/USDT:USDT,0.5829,68.0,0.5828,1133.0,0.583,139.0,0.5831,1731.0
1753599996494,07:06:36.494,bybit,A/USDT:USDT,0.5829,68.0,0.5828,1133.0,0.583,139.0,0.5831,1731.0
1753599996594,07:06:36.594,bybit,A/USDT:USDT,0.5829,68.0,0.5828,1133.0,0.583,139.0,0.5831,1731.0
1753599996894,07:06:36.894,bybit,A/USDT:USDT,0.5829,68.0,0.5828,1133.0,0.583,139.0,0.5831,1731.0
1753599997094,07:06:37.094,bybit,A/USDT:USDT,0.5829,68.0,0.5828,1133.0,0.583,139.0,0.5831,1731.0
1753599997294,07:06:37.294,bybit,A/USDT:USDT,0.5829,82.0,0.5828,1165.0,0.583,139.0,0.5831,1731.0
1753599997496,07:06:37.496,bybit,A/USDT:USDT,0.5829,82.0,0.5828,1165.0,0.583,139.0,0.5831,1731.0
1753599998095,07:06:38.095,bybit,A/USDT:USDT,0.5829,82.0,0.5828,1165.0,0.583,139.0,0.5831,1731.0
1753599998195,07:06:38.195,bybit,A/USDT:USDT,0.5829,82.0,0.5828,1165.0,0.583,139.0,0.5831,1731.0
1753599998294,07:06:38.294,bybit,A/USDT:USDT,0.5829,286.0,0.5828,1211.0,0.583,139.0,0.5831,1731.0
1753599998395,07:06:38.395,bybit,A/USDT:USDT,0.5829,286.0,0.5828,1211.0,0.583,139.0,0.5831,1731.0
1753599998494,07:06:38.494,bybit,A/USDT:USDT,0.5829,286.0,0.5828,1211.0,0.583,139.0,0.5831,1731.0
1753599998695,07:06:38.695,bybit,A/USDT:USDT,0.5829,286.0,0.5828,1211.0,0.583,139.0,0.5831,1731.0
1753599998795,07:06:38.795,bybit,A/USDT:USDT,0.5829,286.0,0.5828,1211.0,0.583,139.0,0.5831,1731.0
1753599999194,07:06:39.194,bybit,A/USDT:USDT,0.5829,286.0,0.5828,1243.0,0.583,139.0,0.5831,1654.0
1753599999294,07:06:39.294,bybit,A/USDT:USDT,0.5829,286.0,0.5828,1243.0,0.583,139.0,0.5831,1654.0
1753599999494,07:06:39.494,bybit,A/USDT:USDT,0.5829,286.0,0.5828,1243.0,0.583,139.0,0.5831,1654.0
1753599999594,07:06:39.594,bybit,A/USDT:USDT,0.5829,286.0,0.5828,1243.0,0.583,139.0,0.5831,1654.0
1753599999794,07:06:39.794,bybit,A/USDT:USDT,0.5829,286.0,0.5828,1243.0,0.583,139.0,0.5831,1654.0
1753599999895,07:06:39.895,bybit,A/USDT:USDT,0.5829,286.0,0.5828,1243.0,0.583,139.0,0.5831,1699.0
1753599999994,07:06:39.994,bybit,A/USDT:USDT,0.5829,286.0,0.5828,1243.0,0.583,139.0,0.5831,1699.0
1753600000094,07:06:40.094,bybit,A/USDT:USDT,0.5829,286.0,0.5828,1243.0,0.583,139.0,0.5831,1699.0
1753600000197,07:06:40.197,bybit,A/USDT:USDT,0.5829,286.0,0.5828,1243.0,0.583,139.0,0.5831,1699.0
1753600000294,07:06:40.294,bybit,A/USDT:USDT,0.5829,286.0,0.5828,1243.0,0.583,139.0,0.5831,1654.0
1753600000396,07:06:40.396,bybit,A/USDT:USDT,0.5829,286.0,0.5828,1288.0,0.5831,1515.0,0.5832,1004.0
1753600000694,07:06:40.694,bybit,A/USDT:USDT,0.5828,10.0,0.5827,2174.0,0.5829,128.0,0.583,645.0
1753600000794,07:06:40.794,bybit,A/USDT:USDT,0.5828,10.0,0.5827,931.0,0.5829,435.0,0.583,1473.0
1753600000894,07:06:40.894,bybit,A/USDT:USDT,0.5828,10.0,0.5827,931.0,0.5829,435.0,0.583,1473.0
1753600000994,07:06:40.994,bybit,A/USDT:USDT,0.5828,10.0,0.5827,931.0,0.5829,435.0,0.583,1473.0
1753600001194,07:06:41.194,bybit,A/USDT:USDT,0.5828,10.0,0.5827,931.0,0.5829,435.0,0.583,1302.0
1753600001294,07:06:41.294,bybit,A/USDT:USDT,0.5828,10.0,0.5827,931.0,0.5829,435.0,0.583,1302.0
1753600001394,07:06:41.394,bybit,A/USDT:USDT,0.5828,10.0,0.5827,931.0,0.5829,435.0,0.583,1302.0
1753600001494,07:06:41.494,bybit,A/USDT:USDT,0.5828,10.0,0.5827,931.0,0.5829,480.0,0.583,1302.0
1753600001594,07:06:41.594,bybit,A/USDT:USDT,0.5828,10.0,0.5827,931.0,0.5829,652.0,0.583,1302.0
1753600001796,07:06:41.796,bybit,A/USDT:USDT,0.5828,10.0,0.5827,931.0,0.5829,652.0,0.583,1302.0
1753600001994,07:06:41.994,bybit,A/USDT:USDT,0.5828,10.0,0.5827,10.0,0.5829,652.0,0.583,1302.0
1753600002094,07:06:42.094,bybit,A/USDT:USDT,0.5828,10.0,0.5827,10.0,0.5829,652.0,0.583,1302.0
1753600002495,07:06:42.495,bybit,A/USDT:USDT,0.5828,10.0,0.5827,10.0,0.5829,641.0,0.583,1218.0
1753600002794,07:06:42.794,bybit,A/USDT:USDT,0.5828,10.0,0.5827,10.0,0.5829,641.0,0.583,1218.0
1753600002896,07:06:42.896,bybit,A/USDT:USDT,0.5828,10.0,0.5827,10.0,0.5829,641.0,0.583,1218.0
1753600002995,07:06:42.995,bybit,A/USDT:USDT,0.5828,10.0,0.5827,10.0,0.5829,641.0,0.583,1218.0
1753600003095,07:06:43.095,bybit,A/USDT:USDT,0.5828,10.0,0.5827,10.0,0.5829,660.0,0.583,1218.0
1753600003194,07:06:43.194,bybit,A/USDT:USDT,0.5828,10.0,0.5827,10.0,0.5829,660.0,0.583,1218.0
1753600003294,07:06:43.294,bybit,A/USDT:USDT,0.5828,10.0,0.5827,10.0,0.5829,660.0,0.583,1218.0
1753600003396,07:06:43.396,bybit,A/USDT:USDT,0.5828,10.0,0.5827,10.0,0.5829,660.0,0.583,1218.0
1753600003493,07:06:43.493,bybit,A/USDT:USDT,0.5828,10.0,0.5827,10.0,0.5829,660.0,0.583,1218.0
1753600003595,07:06:43.595,bybit,A/USDT:USDT,0.5828,10.0,0.5827,10.0,0.5829,660.0,0.583,1218.0
1753600003694,07:06:43.694,bybit,A/USDT:USDT,0.5828,10.0,0.5827,10.0,0.5829,660.0,0.583,1218.0
1753600003794,07:06:43.794,bybit,A/USDT:USDT,0.5828,10.0,0.5827,10.0,0.5829,660.0,0.583,1218.0
1753600004094,07:06:44.094,bybit,A/USDT:USDT,0.5828,10.0,0.5827,10.0,0.5829,660.0,0.583,1218.0
1753600004197,07:06:44.197,bybit,A/USDT:USDT,0.5827,10.0,0.5826,2074.0,0.5828,323.0,0.5829,2054.0
1753600004294,07:06:44.294,bybit,A/USDT:USDT,0.5827,10.0,0.5826,2074.0,0.5828,394.0,0.5829,1914.0
1753600004394,07:06:44.394,bybit,A/USDT:USDT,0.5827,10.0,0.5826,2074.0,0.5828,394.0,0.5829,1869.0
1753600004495,07:06:44.495,bybit,A/USDT:USDT,0.5827,10.0,0.5826,2074.0,0.5828,394.0,0.5829,1869.0
1753600004594,07:06:44.594,bybit,A/USDT:USDT,0.5827,10.0,0.5826,2074.0,0.5828,394.0,0.5829,1869.0
1753600004694,07:06:44.694,bybit,A/USDT:USDT,0.5827,10.0,0.5826,2074.0,0.5828,323.0,0.5829,1914.0
1753600004794,07:06:44.794,bybit,A/USDT:USDT,0.5827,10.0,0.5826,2074.0,0.5828,323.0,0.5829,1914.0
1753600004896,07:06:44.896,bybit,A/USDT:USDT,0.5827,273.0,0.5826,2274.0,0.5828,323.0,0.5829,1725.0
1753600004995,07:06:44.995,bybit,A/USDT:USDT,0.5827,273.0,0.5826,2274.0,0.5828,323.0,0.5829,1725.0
1753600005095,07:06:45.095,bybit,A/USDT:USDT,0.5827,273.0,0.5826,2274.0,0.5828,323.0,0.5829,1706.0
1753600005195,07:06:45.195,bybit,A/USDT:USDT,0.5827,273.0,0.5826,2274.0,0.5828,323.0,0.5829,1706.0
1753600005293,07:06:45.293,bybit,A/USDT:USDT,0.5827,273.0,0.5826,2274.0,0.5828,323.0,0.5829,1706.0
1753600005394,07:06:45.394,bybit,A/USDT:USDT,0.5827,273.0,0.5826,2274.0,0.5828,323.0,0.5829,1706.0
1753600005695,07:06:45.695,bybit,A/USDT:USDT,0.5827,273.0,0.5826,2197.0,0.5828,334.0,0.5829,1706.0
1753600005794,07:06:45.794,bybit,A/USDT:USDT,0.5827,195.0,0.5826,2074.0,0.5828,334.0,0.5829,1802.0
1753600005894,07:06:45.894,bybit,A/USDT:USDT,0.5827,68.0,0.5826,2074.0,0.5828,334.0,0.5829,1802.0
1753600006200,07:06:46.200,bybit,A/USDT:USDT,0.5827,68.0,0.5826,2074.0,0.5828,334.0,0.5829,1802.0
1753600006395,07:06:46.395,bybit,A/USDT:USDT,0.5825,10.0,0.5824,19.0,0.5826,436.0,0.5827,1983.0
1753600006495,07:06:46.495,bybit,A/USDT:USDT,0.5824,10.0,0.5823,947.0,0.5825,438.0,0.5826,1366.0
1753600006595,07:06:46.595,bybit,A/USDT:USDT,0.5824,10.0,0.5823,934.0,0.5825,379.0,0.5826,1207.0
1753600006694,07:06:46.694,bybit,A/USDT:USDT,0.5824,10.0,0.5823,934.0,0.5825,433.0,0.5826,1207.0
1753600006794,07:06:46.794,bybit,A/USDT:USDT,0.5824,10.0,0.5823,934.0,0.5825,433.0,0.5826,1207.0
1753600006896,07:06:46.896,bybit,A/USDT:USDT,0.5824,10.0,0.5823,934.0,0.5825,433.0,0.5826,1207.0
1753600006994,07:06:46.994,bybit,A/USDT:USDT,0.5824,10.0,0.5823,934.0,0.5825,433.0,0.5826,1207.0
1753600007094,07:06:47.094,bybit,A/USDT:USDT,0.5824,10.0,0.5823,934.0,0.5825,433.0,0.5826,1207.0
1753600007296,07:06:47.296,bybit,A/USDT:USDT,0.5824,10.0,0.5823,934.0,0.5825,630.0,0.5826,1207.0
1753600007394,07:06:47.394,bybit,A/USDT:USDT,0.5824,10.0,0.5823,934.0,0.5825,630.0,0.5826,1207.0
1753600007495,07:06:47.495,bybit,A/USDT:USDT,0.5824,10.0,0.5823,934.0,0.5825,630.0,0.5826,1207.0
1753600007595,07:06:47.595,bybit,A/USDT:USDT,0.5824,10.0,0.5823,934.0,0.5825,585.0,0.5826,1207.0
1753600007797,07:06:47.797,bybit,A/USDT:USDT,0.5824,10.0,0.5823,934.0,0.5825,531.0,0.5826,1371.0
1753600007995,07:06:47.995,bybit,A/USDT:USDT,0.5824,10.0,0.5823,934.0,0.5825,570.0,0.5826,1416.0
1753600008200,07:06:48.200,bybit,A/USDT:USDT,0.5824,10.0,0.5823,934.0,0.5825,787.0,0.5826,1448.0
1753600008494,07:06:48.494,bybit,A/USDT:USDT,0.5824,10.0,0.5823,934.0,0.5825,787.0,0.5826,1448.0
1753600008594,07:06:48.594,bybit,A/USDT:USDT,0.5824,10.0,0.5823,934.0,0.5825,787.0,0.5826,1448.0
1753600008695,07:06:48.695,bybit,A/USDT:USDT,0.5824,10.0,0.5823,934.0,0.5825,787.0,0.5826,1448.0
1753600008795,07:06:48.795,bybit,A/USDT:USDT,0.5824,10.0,0.5823,934.0,0.5825,826.0,0.5826,1448.0
1753600008894,07:06:48.894,bybit,A/USDT:USDT,0.5824,10.0,0.5823,934.0,0.5825,826.0,0.5826,1448.0
1753600009094,07:06:49.094,bybit,A/USDT:USDT,0.5824,10.0,0.5823,934.0,0.5825,826.0,0.5826,1448.0
1753600009296,07:06:49.296,bybit,A/USDT:USDT,0.5824,10.0,0.5823,934.0,0.5825,609.0,0.5826,1448.0
1753600009393,07:06:49.393,bybit,A/USDT:USDT,0.5824,10.0,0.5823,934.0,0.5825,609.0,0.5826,1448.0
1753600009494,07:06:49.494,bybit,A/USDT:USDT,0.5824,10.0,0.5823,934.0,0.5825,570.0,0.5826,1403.0
1753600009594,07:06:49.594,bybit,A/USDT:USDT,0.5824,10.0,0.5823,934.0,0.5825,570.0,0.5826,1403.0
1753600009694,07:06:49.694,bybit,A/USDT:USDT,0.5824,10.0,0.5823,934.0,0.5825,570.0,0.5826,1403.0
1753600009796,07:06:49.796,bybit,A/USDT:USDT,0.5824,10.0,0.5823,934.0,0.5825,609.0,0.5826,1403.0
1753600009894,07:06:49.894,bybit,A/USDT:USDT,0.5824,10.0,0.5823,934.0,0.5825,609.0,0.5826,1403.0
1753600009994,07:06:49.994,bybit,A/USDT:USDT,0.5824,10.0,0.5823,934.0,0.5825,781.0,0.5826,1403.0
1753600010198,07:06:50.198,bybit,A/USDT:USDT,0.5824,10.0,0.5823,934.0,0.5825,781.0,0.5826,1448.0
1753600010294,07:06:50.294,bybit,A/USDT:USDT,0.5824,10.0,0.5823,934.0,0.5825,826.0,0.5826,1448.0
1753600010794,07:06:50.794,bybit,A/USDT:USDT,0.5824,10.0,0.5823,934.0,0.5825,826.0,0.5826,1448.0
1753600010896,07:06:50.896,bybit,A/USDT:USDT,0.5824,10.0,0.5823,934.0,0.5825,826.0,0.5826,1448.0
1753600011094,07:06:51.094,bybit,A/USDT:USDT,0.5824,10.0,0.5823,934.0,0.5825,826.0,0.5826,1448.0
1753600011394,07:06:51.394,bybit,A/USDT:USDT,0.5824,10.0,0.5823,934.0,0.5825,787.0,0.5826,1461.0
1753600011794,07:06:51.794,bybit,A/USDT:USDT,0.5824,10.0,0.5823,934.0,0.5825,787.0,0.5826,1461.0
1753600011894,07:06:51.894,bybit,A/USDT:USDT,0.5824,10.0,0.5823,934.0,0.5825,787.0,0.5826,1461.0
1753600011995,07:06:51.995,bybit,A/USDT:USDT,0.5824,10.0,0.5823,934.0,0.5825,787.0,0.5826,1461.0
1753600012293,07:06:52.293,bybit,A/USDT:USDT,0.5824,10.0,0.5823,934.0,0.5825,570.0,0.5826,1461.0
1753600012395,07:06:52.395,bybit,A/USDT:USDT,0.5824,10.0,0.5823,934.0,0.5825,570.0,0.5826,1461.0
1753600012494,07:06:52.494,bybit,A/USDT:USDT,0.5824,10.0,0.5823,934.0,0.5825,531.0,0.5826,1416.0
1753600012594,07:06:52.594,bybit,A/USDT:USDT,0.5824,10.0,0.5823,934.0,0.5825,531.0,0.5826,1384.0
1753600012794,07:06:52.794,bybit,A/USDT:USDT,0.5824,10.0,0.5823,934.0,0.5825,531.0,0.5826,1384.0
1753600012894,07:06:52.894,bybit,A/USDT:USDT,0.5824,10.0,0.5823,934.0,0.5825,531.0,0.5826,1384.0
1753600012997,07:06:52.997,bybit,A/USDT:USDT,0.5819,41.0,0.5818,9259.0,0.5821,139.0,0.5822,948.0
1753600013094,07:06:53.094,bybit,A/USDT:USDT,0.5819,41.0,0.5818,9406.0,0.582,172.0,0.5821,1277.0
1753600013195,07:06:53.195,bybit,A/USDT:USDT,0.5819,119.0,0.5818,9406.0,0.5821,974.0,0.5822,1600.0
1753600013294,07:06:53.294,bybit,A/USDT:USDT,0.5819,119.0,0.5818,9406.0,0.5821,974.0,0.5822,1600.0
1753600013396,07:06:53.396,bybit,A/USDT:USDT,0.5819,119.0,0.5818,9406.0,0.5821,494.0,0.5822,1600.0
1753600013494,07:06:53.494,bybit,A/USDT:USDT,0.5819,119.0,0.5818,9406.0,0.5821,494.0,0.5822,1600.0
1753600013696,07:06:53.696,bybit,A/USDT:USDT,0.5819,119.0,0.5818,9406.0,0.5821,494.0,0.5822,1600.0
1753600013794,07:06:53.794,bybit,A/USDT:USDT,0.5819,119.0,0.5818,9406.0,0.5821,494.0,0.5822,1600.0
1753600014194,07:06:54.194,bybit,A/USDT:USDT,0.5819,119.0,0.5818,9406.0,0.5821,494.0,0.5822,1368.0
1753600014294,07:06:54.294,bybit,A/USDT:USDT,0.5819,119.0,0.5818,9406.0,0.5821,494.0,0.5822,1368.0
1753600014595,07:06:54.595,bybit,A/USDT:USDT,0.5819,119.0,0.5818,9406.0,0.5821,494.0,0.5822,1368.0
1753600014895,07:06:54.895,bybit,A/USDT:USDT,0.5819,119.0,0.5818,9406.0,0.5821,494.0,0.5822,1368.0
1753600014995,07:06:54.995,bybit,A/USDT:USDT,0.5819,41.0,0.5818,9406.0,0.5821,355.0,0.5822,1229.0
1753600015494,07:06:55.494,bybit,A/USDT:USDT,0.5819,41.0,0.5818,9374.0,0.5821,355.0,0.5822,1261.0
1753600015594,07:06:55.594,bybit,A/USDT:USDT,0.5819,41.0,0.5818,9406.0,0.5821,355.0,0.5822,1229.0
1753600015994,07:06:55.994,bybit,A/USDT:USDT,0.5819,41.0,0.5818,9406.0,0.5821,355.0,0.5822,1229.0
1753600016295,07:06:56.295,bybit,A/USDT:USDT,0.5819,41.0,0.5818,9406.0,0.5821,433.0,0.5822,1229.0
1753600016394,07:06:56.394,bybit,A/USDT:USDT,0.5819,28.0,0.5818,9406.0,0.5821,433.0,0.5822,1319.0
1753600016494,07:06:56.494,bybit,A/USDT:USDT,0.5819,28.0,0.5818,9406.0,0.582,172.0,0.5821,750.0
1753600016595,07:06:56.595,bybit,A/USDT:USDT,0.5819,28.0,0.5818,9374.0,0.5821,433.0,0.5822,1306.0
1753600016695,07:06:56.695,bybit,A/USDT:USDT,0.5819,28.0,0.5818,9374.0,0.5821,478.0,0.5822,1351.0
1753600016894,07:06:56.894,bybit,A/USDT:USDT,0.5819,28.0,0.5818,9374.0,0.5821,433.0,0.5822,1351.0
1753600016995,07:06:56.995,bybit,A/USDT:USDT,0.5819,28.0,0.5818,9406.0,0.5821,433.0,0.5822,1351.0
1753600017094,07:06:57.094,bybit,A/USDT:USDT,0.5819,28.0,0.5818,9406.0,0.5821,433.0,0.5822,1351.0
1753600017194,07:06:57.194,bybit,A/USDT:USDT,0.5819,28.0,0.5818,9406.0,0.5821,433.0,0.5822,1274.0
1753600017295,07:06:57.295,bybit,A/USDT:USDT,0.5819,28.0,0.5818,9406.0,0.5821,433.0,0.5822,1274.0
1753600017394,07:06:57.394,bybit,A/USDT:USDT,0.5819,28.0,0.5818,9406.0,0.582,15.0,0.5821,750.0
1753600017494,07:06:57.494,bybit,A/USDT:USDT,0.5819,28.0,0.5818,9406.0,0.582,15.0,0.5821,750.0
1753600017595,07:06:57.595,bybit,A/USDT:USDT,0.5819,28.0,0.5818,9406.0,0.582,15.0,0.5821,750.0
1753600017794,07:06:57.794,bybit,A/USDT:USDT,0.5819,98.0,0.5818,9406.0,0.582,80.0,0.5821,750.0
1753600017894,07:06:57.894,bybit,A/USDT:USDT,0.5819,86.0,0.5818,9406.0,0.582,80.0,0.5821,750.0
1753600018094,07:06:58.094,bybit,A/USDT:USDT,0.5819,86.0,0.5818,9406.0,0.582,15.0,0.5821,750.0
1753600018199,07:06:58.199,bybit,A/USDT:USDT,0.5819,86.0,0.5818,9406.0,0.582,15.0,0.5821,750.0
1753600018295,07:06:58.295,bybit,A/USDT:USDT,0.5819,86.0,0.5818,9406.0,0.582,15.0,0.5821,750.0
1753600018395,07:06:58.395,bybit,A/USDT:USDT,0.5819,86.0,0.5818,9406.0,0.582,15.0,0.5821,750.0
1753600018494,07:06:58.494,bybit,A/USDT:USDT,0.5819,86.0,0.5818,9406.0,0.582,15.0,0.5821,750.0
1753600018594,07:06:58.594,bybit,A/USDT:USDT,0.5819,86.0,0.5818,9451.0,0.582,15.0,0.5821,672.0
1753600018694,07:06:58.694,bybit,A/USDT:USDT,0.5819,86.0,0.5818,9451.0,0.582,15.0,0.5821,672.0
1753600018894,07:06:58.894,bybit,A/USDT:USDT,0.5819,86.0,0.5818,9451.0,0.582,15.0,0.5821,672.0
1753600018994,07:06:58.994,bybit,A/USDT:USDT,0.5819,86.0,0.5818,9451.0,0.582,15.0,0.5821,672.0
1753600019094,07:06:59.094,bybit,A/USDT:USDT,0.5819,86.0,0.5818,9451.0,0.582,15.0,0.5821,672.0
1753600019197,07:06:59.197,bybit,A/USDT:USDT,0.5819,86.0,0.5818,9451.0,0.582,15.0,0.5821,672.0
1753600019594,07:06:59.594,bybit,A/USDT:USDT,0.5819,86.0,0.5818,9451.0,0.582,15.0,0.5821,672.0
1753600019694,07:06:59.694,bybit,A/USDT:USDT,0.5819,345.0,0.5818,9496.0,0.582,15.0,0.5821,672.0
1753600019994,07:06:59.994,bybit,A/USDT:USDT,0.5819,345.0,0.5818,9496.0,0.582,15.0,0.5821,672.0
1753600020197,07:07:00.197,bybit,A/USDT:USDT,0.5819,327.0,0.5818,9496.0,0.582,15.0,0.5821,672.0
1753600020294,07:07:00.294,bybit,A/USDT:USDT,0.5819,327.0,0.5818,9496.0,0.582,15.0,0.5821,672.0
1753600020595,07:07:00.595,bybit,A/USDT:USDT,0.5819,301.0,0.5818,9496.0,0.582,15.0,0.5821,672.0
1753600020794,07:07:00.794,bybit,A/USDT:USDT,0.5819,301.0,0.5818,9496.0,0.582,15.0,0.5821,672.0
1753600020994,07:07:00.994,bybit,A/USDT:USDT,0.5819,301.0,0.5818,9496.0,0.582,15.0,0.5821,672.0
1753600021294,07:07:01.294,bybit,A/USDT:USDT,0.5819,301.0,0.5818,9496.0,0.582,15.0,0.5821,672.0
1753600021395,07:07:01.395,bybit,A/USDT:USDT,0.5819,273.0,0.5818,9496.0,0.582,15.0,0.5821,672.0
1753600021494,07:07:01.494,bybit,A/USDT:USDT,0.5819,273.0,0.5818,9451.0,0.582,15.0,0.5821,672.0
1753600021594,07:07:01.594,bybit,A/USDT:USDT,0.5819,273.0,0.5818,9451.0,0.582,15.0,0.5821,672.0
1753600021800,07:07:01.800,bybit,A/USDT:USDT,0.5819,273.0,0.5818,9496.0,0.582,15.0,0.5821,672.0
1753600021994,07:07:01.994,bybit,A/USDT:USDT,0.5819,273.0,0.5818,9496.0,0.582,15.0,0.5821,672.0
1753600022196,07:07:02.196,bybit,A/USDT:USDT,0.5819,273.0,0.5818,9451.0,0.582,15.0,0.5821,672.0
1753600022294,07:07:02.294,bybit,A/USDT:USDT,0.5819,273.0,0.5818,9406.0,0.582,15.0,0.5821,672.0
1753600022394,07:07:02.394,bybit,A/USDT:USDT,0.5819,273.0,0.5818,9406.0,0.582,15.0,0.5821,672.0
1753600022494,07:07:02.494,bybit,A/USDT:USDT,0.5819,273.0,0.5818,9406.0,0.582,15.0,0.5821,672.0
1753600022594,07:07:02.594,bybit,A/USDT:USDT,0.5819,273.0,0.5818,9406.0,0.582,15.0,0.5821,672.0
1753600022895,07:07:02.895,bybit,A/USDT:USDT,0.5819,273.0,0.5818,9406.0,0.582,15.0,0.5821,672.0
1753600022994,07:07:02.994,bybit,A/USDT:USDT,0.5819,273.0,0.5818,9406.0,0.582,15.0,0.5821,672.0
1753600023094,07:07:03.094,bybit,A/USDT:USDT,0.5819,273.0,0.5818,9406.0,0.582,15.0,0.5821,672.0
1753600023194,07:07:03.194,bybit,A/USDT:USDT,0.5819,273.0,0.5818,9406.0,0.582,15.0,0.5821,672.0
1753600023294,07:07:03.294,bybit,A/USDT:USDT,0.5819,273.0,0.5818,9451.0,0.582,15.0,0.5821,672.0
1753600023494,07:07:03.494,bybit,A/USDT:USDT,0.5819,273.0,0.5818,9451.0,0.582,15.0,0.5821,672.0
1753600023694,07:07:03.694,bybit,A/USDT:USDT,0.5819,273.0,0.5818,9451.0,0.582,15.0,0.5821,672.0
1753600023794,07:07:03.794,bybit,A/USDT:USDT,0.5819,273.0,0.5818,9451.0,0.582,15.0,0.5821,672.0
1753600023894,07:07:03.894,bybit,A/USDT:USDT,0.5819,273.0,0.5818,9451.0,0.582,15.0,0.5821,672.0
1753600023994,07:07:03.994,bybit,A/USDT:USDT,0.5819,273.0,0.5818,9406.0,0.582,15.0,0.5821,672.0
1753600024094,07:07:04.094,bybit,A/USDT:USDT,0.5819,273.0,0.5818,9406.0,0.582,15.0,0.5821,867.0
1753600024196,07:07:04.196,bybit,A/USDT:USDT,0.5819,273.0,0.5818,9451.0,0.582,15.0,0.5821,867.0
1753600024294,07:07:04.294,bybit,A/USDT:USDT,0.5819,273.0,0.5818,9451.0,0.582,15.0,0.5821,867.0
1753600024396,07:07:04.396,bybit,A/USDT:USDT,0.5819,273.0,0.5818,9451.0,0.582,15.0,0.5821,867.0
1753600024596,07:07:04.596,bybit,A/USDT:USDT,0.5819,273.0,0.5818,9451.0,0.582,15.0,0.5821,867.0
1753600024795,07:07:04.795,bybit,A/USDT:USDT,0.5819,273.0,0.5818,9451.0,0.582,15.0,0.5821,867.0
1753600024895,07:07:04.895,bybit,A/USDT:USDT,0.5819,273.0,0.5818,9406.0,0.582,15.0,0.5821,867.0
1753600024995,07:07:04.995,bybit,A/USDT:USDT,0.5819,273.0,0.5818,9451.0,0.582,15.0,0.5821,867.0
1753600025094,07:07:05.094,bybit,A/USDT:USDT,0.5819,273.0,0.5818,9451.0,0.582,15.0,0.5821,867.0
1753600025195,07:07:05.195,bybit,A/USDT:USDT,0.5819,273.0,0.5818,9451.0,0.582,15.0,0.5821,867.0
1753600025294,07:07:05.294,bybit,A/USDT:USDT,0.5819,273.0,0.5818,9451.0,0.582,15.0,0.5821,867.0
1753600025394,07:07:05.394,bybit,A/USDT:USDT,0.5819,273.0,0.5818,2932.0,0.582,15.0,0.5821,867.0
1753600025494,07:07:05.494,bybit,A/USDT:USDT,0.5819,273.0,0.5818,2977.0,0.582,15.0,0.5821,867.0
1753600025694,07:07:05.694,bybit,A/USDT:USDT,0.5819,273.0,0.5818,2977.0,0.582,15.0,0.5821,867.0
1753600025795,07:07:05.795,bybit,A/USDT:USDT,0.5819,273.0,0.5818,2977.0,0.582,15.0,0.5821,867.0
1753600025896,07:07:05.896,bybit,A/USDT:USDT,0.5819,273.0,0.5818,2977.0,0.582,15.0,0.5821,867.0
1753600025994,07:07:05.994,bybit,A/USDT:USDT,0.5819,273.0,0.5818,2932.0,0.582,15.0,0.5821,867.0
1753600026094,07:07:06.094,bybit,A/USDT:USDT,0.5819,273.0,0.5818,2932.0,0.582,15.0,0.5821,867.0
1753600026197,07:07:06.197,bybit,A/USDT:USDT,0.5819,273.0,0.5818,2932.0,0.582,15.0,0.5821,867.0
1753600026294,07:07:06.294,bybit,A/USDT:USDT,0.5819,273.0,0.5818,2977.0,0.582,15.0,0.5821,867.0
1753600026394,07:07:06.394,bybit,A/USDT:USDT,0.5819,273.0,0.5818,2977.0,0.582,15.0,0.5821,867.0
1753600026494,07:07:06.494,bybit,A/USDT:USDT,0.5819,273.0,0.5818,2932.0,0.582,15.0,0.5821,867.0
1753600026594,07:07:06.594,bybit,A/USDT:USDT,0.5819,273.0,0.5818,2932.0,0.582,15.0,0.5821,867.0
1753600026694,07:07:06.694,bybit,A/USDT:USDT,0.5819,273.0,0.5818,2932.0,0.582,15.0,0.5821,867.0
1753600026794,07:07:06.794,bybit,A/USDT:USDT,0.5819,273.0,0.5818,2977.0,0.582,15.0,0.5821,867.0
1753600026996,07:07:06.996,bybit,A/USDT:USDT,0.5819,273.0,0.5818,2932.0,0.582,15.0,0.5821,867.0
1753600027194,07:07:07.194,bybit,A/USDT:USDT,0.5819,273.0,0.5818,2932.0,0.582,15.0,0.5821,867.0
1753600027294,07:07:07.294,bybit,A/USDT:USDT,0.5819,273.0,0.5818,2932.0,0.582,15.0,0.5821,867.0
1753600027394,07:07:07.394,bybit,A/USDT:USDT,0.5819,273.0,0.5818,2977.0,0.582,15.0,0.5821,867.0
1753600027496,07:07:07.496,bybit,A/USDT:USDT,0.5819,273.0,0.5818,2977.0,0.582,15.0,0.5821,867.0
1753600027694,07:07:07.694,bybit,A/USDT:USDT,0.5819,273.0,0.5818,2977.0,0.582,15.0,0.5821,867.0
1753600027894,07:07:07.894,bybit,A/USDT:USDT,0.5819,273.0,0.5818,2932.0,0.582,15.0,0.5821,867.0
1753600027995,07:07:07.995,bybit,A/USDT:USDT,0.5819,273.0,0.5818,2932.0,0.582,15.0,0.5821,867.0
1753600028094,07:07:08.094,bybit,A/USDT:USDT,0.5819,273.0,0.5818,2932.0,0.582,226.0,0.5821,921.0
1753600028196,07:07:08.196,bybit,A/USDT:USDT,0.5819,273.0,0.5818,2932.0,0.582,226.0,0.5821,921.0
1753600028294,07:07:08.294,bybit,A/USDT:USDT,0.5819,273.0,0.5818,2932.0,0.582,226.0,0.5821,921.0
1753600028495,07:07:08.495,bybit,A/USDT:USDT,0.5819,273.0,0.5818,2932.0,0.582,226.0,0.5821,1368.0
1753600028994,07:07:08.994,bybit,A/USDT:USDT,0.5819,273.0,0.5818,2932.0,0.582,226.0,0.5821,1368.0
1753600029096,07:07:09.096,bybit,A/USDT:USDT,0.5819,273.0,0.5818,2932.0,0.582,226.0,0.5821,1368.0
1753600029194,07:07:09.194,bybit,A/USDT:USDT,0.5819,273.0,0.5818,2932.0,0.582,226.0,0.5821,1458.0
1753600029294,07:07:09.294,bybit,A/USDT:USDT,0.5819,273.0,0.5818,2932.0,0.582,226.0,0.5821,1413.0
1753600029495,07:07:09.495,bybit,A/USDT:USDT,0.5819,273.0,0.5818,2932.0,0.582,226.0,0.5821,1413.0
1753600029594,07:07:09.594,bybit,A/USDT:USDT,0.5819,273.0,0.5818,2900.0,0.582,226.0,0.5821,1458.0
1753600029695,07:07:09.695,bybit,A/USDT:USDT,0.5819,273.0,0.5818,2900.0,0.582,226.0,0.5821,1458.0
1753600029894,07:07:09.894,bybit,A/USDT:USDT,0.5819,273.0,0.5818,2932.0,0.582,226.0,0.5821,1413.0
1753600029994,07:07:09.994,bybit,A/USDT:USDT,0.5819,273.0,0.5818,2932.0,0.582,226.0,0.5821,1368.0
1753600030197,07:07:10.197,bybit,A/USDT:USDT,0.5819,273.0,0.5818,2932.0,0.582,226.0,0.5821,1413.0
1753600030594,07:07:10.594,bybit,A/USDT:USDT,0.5819,273.0,0.5818,2932.0,0.582,226.0,0.5821,1413.0
1753600030694,07:07:10.694,bybit,A/USDT:USDT,0.5819,273.0,0.5818,2932.0,0.582,226.0,0.5821,1413.0
1753600030794,07:07:10.794,bybit,A/USDT:USDT,0.5819,273.0,0.5818,2932.0,0.582,226.0,0.5821,1458.0
1753600031096,07:07:11.096,bybit,A/USDT:USDT,0.5819,273.0,0.5818,2932.0,0.582,226.0,0.5821,1458.0
1753600031195,07:07:11.195,bybit,A/USDT:USDT,0.5819,273.0,0.5818,2977.0,0.582,226.0,0.5821,1292.0
1753600031295,07:07:11.295,bybit,A/USDT:USDT,0.5819,288.0,0.5818,2977.0,0.582,226.0,0.5821,1292.0
1753600031494,07:07:11.494,bybit,A/USDT:USDT,0.5819,288.0,0.5818,2977.0,0.582,226.0,0.5821,1292.0
1753600032294,07:07:12.294,bybit,A/USDT:USDT,0.5819,288.0,0.5818,2977.0,0.582,226.0,0.5821,1292.0
1753600032496,07:07:12.496,bybit,A/USDT:USDT,0.5819,288.0,0.5818,2977.0,0.582,226.0,0.5821,1292.0
1753600032697,07:07:12.697,bybit,A/USDT:USDT,0.5819,288.0,0.5818,2977.0,0.582,226.0,0.5821,1292.0
1753600032794,07:07:12.794,bybit,A/USDT:USDT,0.5819,288.0,0.5818,2977.0,0.582,226.0,0.5821,1292.0
1753600032894,07:07:12.894,bybit,A/USDT:USDT,0.5819,288.0,0.5818,2977.0,0.582,226.0,0.5821,1292.0
1753600032995,07:07:12.995,bybit,A/USDT:USDT,0.5819,393.0,0.5818,2977.0,0.582,226.0,0.5821,1292.0
1753600033494,07:07:13.494,bybit,A/USDT:USDT,0.5819,393.0,0.5818,2977.0,0.582,226.0,0.5821,1292.0
1753600033594,07:07:13.594,bybit,A/USDT:USDT,0.5819,393.0,0.5818,2900.0,0.582,226.0,0.5821,1382.0
1753600033695,07:07:13.695,bybit,A/USDT:USDT,0.5819,315.0,0.5818,1688.0,0.582,365.0,0.5821,1460.0
1753600033895,07:07:13.895,bybit,A/USDT:USDT,0.5819,25.0,0.5818,1124.0,0.582,533.0,0.5821,1460.0
1753600033994,07:07:13.994,bybit,A/USDT:USDT,0.5819,25.0,0.5818,1124.0,0.582,533.0,0.5821,1460.0
1753600034196,07:07:14.196,bybit,A/USDT:USDT,0.5819,25.0,0.5818,1156.0,0.582,488.0,0.5821,1460.0
1753600034295,07:07:14.295,bybit,A/USDT:USDT,0.5819,25.0,0.5818,1156.0,0.582,488.0,0.5821,1460.0
1753600034396,07:07:14.396,bybit,A/USDT:USDT,0.5817,10.0,0.5816,944.0,0.5818,456.0,0.5819,1017.0
1753600034494,07:07:14.494,bybit,A/USDT:USDT,0.5817,195.0,0.5816,1022.0,0.5818,378.0,0.5819,1191.0
1753600034694,07:07:14.694,bybit,A/USDT:USDT,0.5817,195.0,0.5816,1022.0,0.5818,797.0,0.5819,1191.0
1753600034794,07:07:14.794,bybit,A/USDT:USDT,0.5817,195.0,0.5816,1022.0,0.5818,797.0,0.5819,1191.0
1753600034895,07:07:14.895,bybit,A/USDT:USDT,0.5817,195.0,0.5816,944.0,0.5818,797.0,0.5819,1191.0
1753600034994,07:07:14.994,bybit,A/USDT:USDT,0.5817,195.0,0.5816,944.0,0.5818,797.0,0.5819,1191.0
1753600035094,07:07:15.094,bybit,A/USDT:USDT,0.5817,195.0,0.5816,944.0,0.5818,797.0,0.5819,1191.0
1753600035294,07:07:15.294,bybit,A/USDT:USDT,0.5817,195.0,0.5816,944.0,0.5818,797.0,0.5819,1191.0
1753600035794,07:07:15.794,bybit,A/USDT:USDT,0.5817,195.0,0.5816,944.0,0.5818,797.0,0.5819,1191.0
1753600036194,07:07:16.194,bybit,A/USDT:USDT,0.5817,195.0,0.5816,944.0,0.5818,797.0,0.5819,1191.0
1753600036294,07:07:16.294,bybit,A/USDT:USDT,0.5817,195.0,0.5816,944.0,0.5818,797.0,0.5819,1191.0
1753600036395,07:07:16.395,bybit,A/USDT:USDT,0.5817,195.0,0.5816,944.0,0.5818,797.0,0.5819,1191.0
1753600036495,07:07:16.495,bybit,A/USDT:USDT,0.5817,195.0,0.5816,944.0,0.5818,797.0,0.5819,1191.0
1753600036595,07:07:16.595,bybit,A/USDT:USDT,0.5817,195.0,0.5816,944.0,0.5818,797.0,0.5819,1191.0
1753600036695,07:07:16.695,bybit,A/USDT:USDT,0.5817,195.0,0.5816,944.0,0.5818,797.0,0.5819,1191.0
1753600036794,07:07:16.794,bybit,A/USDT:USDT,0.5817,195.0,0.5816,944.0,0.5818,797.0,0.5819,1191.0
1753600036994,07:07:16.994,bybit,A/USDT:USDT,0.5817,195.0,0.5816,944.0,0.5818,797.0,0.5819,1191.0
1753600037094,07:07:17.094,bybit,A/USDT:USDT,0.5817,195.0,0.5816,944.0,0.5818,797.0,0.5819,1191.0
1753600037195,07:07:17.195,bybit,A/USDT:USDT,0.5817,195.0,0.5816,944.0,0.5818,797.0,0.5819,1191.0
1753600037695,07:07:17.695,bybit,A/USDT:USDT,0.5817,195.0,0.5816,944.0,0.5818,797.0,0.5819,1191.0
1753600037794,07:07:17.794,bybit,A/USDT:USDT,0.5817,195.0,0.5816,944.0,0.5818,797.0,0.5819,1191.0
1753600037995,07:07:17.995,bybit,A/USDT:USDT,0.5817,195.0,0.5816,944.0,0.5818,797.0,0.5819,1191.0
1753600038494,07:07:18.494,bybit,A/USDT:USDT,0.5817,195.0,0.5816,944.0,0.5818,797.0,0.5819,1191.0
1753600038695,07:07:18.695,bybit,A/USDT:USDT,0.5817,195.0,0.5816,944.0,0.5818,797.0,0.5819,1191.0
1753600038796,07:07:18.796,bybit,A/USDT:USDT,0.5817,195.0,0.5816,944.0,0.5818,797.0,0.5819,1191.0
1753600039394,07:07:19.394,bybit,A/USDT:USDT,0.5817,195.0,0.5816,944.0,0.5818,797.0,0.5819,1191.0
1753600039494,07:07:19.494,bybit,A/USDT:USDT,0.5817,195.0,0.5816,944.0,0.5818,797.0,0.5819,1191.0
1753600039594,07:07:19.594,bybit,A/USDT:USDT,0.5817,195.0,0.5816,944.0,0.5818,797.0,0.5819,1191.0
1753600039795,07:07:19.795,bybit,A/USDT:USDT,0.5817,195.0,0.5816,944.0,0.5818,797.0,0.5819,1191.0
1753600039895,07:07:19.895,bybit,A/USDT:USDT,0.5817,195.0,0.5816,944.0,0.5818,797.0,0.5819,1191.0
1753600040094,07:07:20.094,bybit,A/USDT:USDT,0.5817,137.0,0.5816,944.0,0.5818,797.0,0.5819,1191.0
1753600040197,07:07:20.197,bybit,A/USDT:USDT,0.5817,10.0,0.5816,944.0,0.5818,842.0,0.5819,1191.0
1753600040394,07:07:20.394,bybit,A/USDT:USDT,0.5817,10.0,0.5816,931.0,0.5818,887.0,0.5819,1191.0
1753600040494,07:07:20.494,bybit,A/USDT:USDT,0.5817,10.0,0.5816,931.0,0.5818,887.0,0.5819,1191.0
1753600040594,07:07:20.594,bybit,A/USDT:USDT,0.5817,10.0,0.5816,931.0,0.5818,797.0,0.5819,1191.0
1753600040794,07:07:20.794,bybit,A/USDT:USDT,0.5817,10.0,0.5816,931.0,0.5818,887.0,0.5819,1191.0
1753600040894,07:07:20.894,bybit,A/USDT:USDT,0.5817,10.0,0.5816,931.0,0.5818,797.0,0.5819,1191.0
1753600040994,07:07:20.994,bybit,A/USDT:USDT,0.5817,10.0,0.5816,931.0,0.5818,797.0,0.5819,1191.0
1753600041094,07:07:21.094,bybit,A/USDT:USDT,0.5817,10.0,0.5816,931.0,0.5818,797.0,0.5819,1191.0
1753600041194,07:07:21.194,bybit,A/USDT:USDT,0.5817,10.0,0.5816,931.0,0.5818,797.0,0.5819,1191.0
1753600041294,07:07:21.294,bybit,A/USDT:USDT,0.5817,10.0,0.5816,931.0,0.5818,797.0,0.5819,1191.0
1753600041394,07:07:21.394,bybit,A/USDT:USDT,0.5817,10.0,0.5816,931.0,0.5818,797.0,0.5819,1191.0
1753600041493,07:07:21.493,bybit,A/USDT:USDT,0.5817,10.0,0.5816,931.0,0.5818,797.0,0.5819,1191.0
1753600041594,07:07:21.594,bybit,A/USDT:USDT,0.5817,10.0,0.5816,931.0,0.5818,797.0,0.5819,1191.0
1753600041794,07:07:21.794,bybit,A/USDT:USDT,0.5817,10.0,0.5816,931.0,0.5818,797.0,0.5819,1191.0
1753600042094,07:07:22.094,bybit,A/USDT:USDT,0.5817,10.0,0.5816,931.0,0.5818,797.0,0.5819,1191.0
1753600042194,07:07:22.194,bybit,A/USDT:USDT,0.5817,10.0,0.5816,931.0,0.5818,797.0,0.5819,1191.0
1753600042294,07:07:22.294,bybit,A/USDT:USDT,0.5817,10.0,0.5816,931.0,0.5818,797.0,0.5819,1191.0
1753600042794,07:07:22.794,bybit,A/USDT:USDT,0.5817,10.0,0.5816,931.0,0.5818,797.0,0.5819,1191.0
1753600042894,07:07:22.894,bybit,A/USDT:USDT,0.5817,10.0,0.5816,931.0,0.5818,797.0,0.5819,1191.0
1753600043096,07:07:23.096,bybit,A/USDT:USDT,0.5817,10.0,0.5816,931.0,0.5818,797.0,0.5819,1191.0
1753600043295,07:07:23.295,bybit,A/USDT:USDT,0.5817,10.0,0.5816,931.0,0.5818,797.0,0.5819,1191.0
1753600043394,07:07:23.394,bybit,A/USDT:USDT,0.5817,10.0,0.5816,931.0,0.5818,797.0,0.5819,1191.0
1753600043494,07:07:23.494,bybit,A/USDT:USDT,0.5817,10.0,0.5816,931.0,0.5818,797.0,0.5819,1191.0
1753600043694,07:07:23.694,bybit,A/USDT:USDT,0.5817,10.0,0.5816,931.0,0.5818,887.0,0.5819,1191.0
1753600043894,07:07:23.894,bybit,A/USDT:USDT,0.5817,10.0,0.5816,931.0,0.5818,887.0,0.5819,1191.0
1753600044294,07:07:24.294,bybit,A/USDT:USDT,0.5817,10.0,0.5816,931.0,0.5818,887.0,0.5819,1191.0
1753600044394,07:07:24.394,bybit,A/USDT:USDT,0.5817,10.0,0.5816,617.0,0.5818,887.0,0.5819,888.0
1753600044494,07:07:24.494,bybit,A/USDT:USDT,0.5817,10.0,0.5816,617.0,0.5818,887.0,0.5819,888.0
1753600044894,07:07:24.894,bybit,A/USDT:USDT,0.5817,10.0,0.5816,617.0,0.5818,887.0,0.5819,888.0
1753600044994,07:07:24.994,bybit,A/USDT:USDT,0.5817,10.0,0.5816,617.0,0.5818,797.0,0.5819,888.0
1753600045195,07:07:25.195,bybit,A/USDT:USDT,0.5817,10.0,0.5816,617.0,0.5818,797.0,0.5819,888.0
1753600045295,07:07:25.295,bybit,A/USDT:USDT,0.5817,10.0,0.5816,617.0,0.5818,797.0,0.5819,888.0
1753600045394,07:07:25.394,bybit,A/USDT:USDT,0.5817,10.0,0.5816,617.0,0.5818,797.0,0.5819,888.0
1753600045495,07:07:25.495,bybit,A/USDT:USDT,0.5817,10.0,0.5816,10.0,0.5818,797.0,0.5819,888.0
1753600045994,07:07:25.994,bybit,A/USDT:USDT,0.5817,10.0,0.5816,10.0,0.5818,797.0,0.5819,888.0
1753600046094,07:07:26.094,bybit,A/USDT:USDT,0.5817,10.0,0.5816,10.0,0.5818,797.0,0.5819,888.0
1753600046197,07:07:26.197,bybit,A/USDT:USDT,0.5817,10.0,0.5816,42.0,0.5818,797.0,0.5819,766.0
1753600046294,07:07:26.294,bybit,A/USDT:USDT,0.5817,10.0,0.5816,42.0,0.5818,797.0,0.5819,811.0
1753600046395,07:07:26.395,bybit,A/USDT:USDT,0.5817,10.0,0.5816,42.0,0.5818,797.0,0.5819,811.0
1753600046594,07:07:26.594,bybit,A/USDT:USDT,0.5817,10.0,0.5816,10.0,0.5818,797.0,0.5819,888.0
1753600047794,07:07:27.794,bybit,A/USDT:USDT,0.5817,10.0,0.5816,10.0,0.5818,797.0,0.5819,888.0
1753600048200,07:07:28.200,bybit,A/USDT:USDT,0.5817,10.0,0.5816,10.0,0.5818,797.0,0.5819,888.0
1753600048294,07:07:28.294,bybit,A/USDT:USDT,0.5817,10.0,0.5816,10.0,0.5818,797.0,0.5819,888.0
1753600048594,07:07:28.594,bybit,A/USDT:USDT,0.5817,10.0,0.5816,10.0,0.5818,797.0,0.5819,888.0
1753600048694,07:07:28.694,bybit,A/USDT:USDT,0.5817,10.0,0.5816,10.0,0.5818,797.0,0.5819,888.0
1753600048794,07:07:28.794,bybit,A/USDT:USDT,0.5817,10.0,0.5816,10.0,0.5818,797.0,0.5819,843.0
1753600049294,07:07:29.294,bybit,A/USDT:USDT,0.5817,10.0,0.5816,10.0,0.5818,797.0,0.5819,843.0
1753600049695,07:07:29.695,bybit,A/USDT:USDT,0.5817,10.0,0.5816,10.0,0.5818,797.0,0.5819,843.0
1753600049794,07:07:29.794,bybit,A/USDT:USDT,0.5817,10.0,0.5816,10.0,0.5818,797.0,0.5819,843.0
1753600049895,07:07:29.895,bybit,A/USDT:USDT,0.5817,10.0,0.5816,10.0,0.5818,797.0,0.5819,843.0
1753600049999,07:07:29.999,bybit,A/USDT:USDT,0.5817,10.0,0.5816,10.0,0.5818,797.0,0.5819,843.0
1753600050094,07:07:30.094,bybit,A/USDT:USDT,0.5817,10.0,0.5816,10.0,0.5818,784.0,0.5819,843.0
1753600050197,07:07:30.197,bybit,A/USDT:USDT,0.5817,10.0,0.5816,88.0,0.5818,782.0,0.5819,888.0
1753600050295,07:07:30.295,bybit,A/USDT:USDT,0.5817,68.0,0.5816,120.0,0.5818,791.0,0.5819,811.0
1753600050395,07:07:30.395,bybit,A/USDT:USDT,0.5817,68.0,0.5816,88.0,0.5818,791.0,0.5819,856.0
1753600050494,07:07:30.494,bybit,A/USDT:USDT,0.5817,68.0,0.5816,88.0,0.5818,791.0,0.5819,888.0
1753600050595,07:07:30.595,bybit,A/USDT:USDT,0.5817,68.0,0.5816,88.0,0.5818,791.0,0.5819,888.0
1753600050694,07:07:30.694,bybit,A/USDT:USDT,0.5817,68.0,0.5816,88.0,0.5818,791.0,0.5819,888.0
1753600050794,07:07:30.794,bybit,A/USDT:USDT,0.5817,68.0,0.5816,88.0,0.5818,791.0,0.5819,888.0
1753600050894,07:07:30.894,bybit,A/USDT:USDT,0.5817,68.0,0.5816,88.0,0.5818,791.0,0.5819,888.0
1753600050995,07:07:30.995,bybit,A/USDT:USDT,0.5817,68.0,0.5816,88.0,0.5818,791.0,0.5819,888.0
1753600051094,07:07:31.094,bybit,A/USDT:USDT,0.5817,68.0,0.5816,88.0,0.5818,791.0,0.5819,888.0
1753600051194,07:07:31.194,bybit,A/USDT:USDT,0.5817,68.0,0.5816,88.0,0.5818,791.0,0.5819,888.0
1753600051296,07:07:31.296,bybit,A/USDT:USDT,0.5817,68.0,0.5816,10.0,0.5818,791.0,0.5819,888.0
1753600051394,07:07:31.394,bybit,A/USDT:USDT,0.5817,68.0,0.5816,10.0,0.5818,791.0,0.5819,888.0
1753600051894,07:07:31.894,bybit,A/USDT:USDT,0.5817,68.0,0.5816,10.0,0.5818,791.0,0.5819,888.0
1753600052095,07:07:32.095,bybit,A/USDT:USDT,0.5817,68.0,0.5816,10.0,0.5818,791.0,0.5819,888.0
1753600052197,07:07:32.197,bybit,A/USDT:USDT,0.5817,68.0,0.5816,10.0,0.5818,791.0,0.5819,888.0
1753600052794,07:07:32.794,bybit,A/USDT:USDT,0.5817,68.0,0.5816,10.0,0.5818,791.0,0.5819,843.0
1753600052894,07:07:32.894,bybit,A/USDT:USDT,0.5817,68.0,0.5816,42.0,0.5818,791.0,0.5819,843.0
1753600052994,07:07:32.994,bybit,A/USDT:USDT,0.5817,68.0,0.5816,42.0,0.5818,791.0,0.5819,843.0
1753600053095,07:07:33.095,bybit,A/USDT:USDT,0.5817,68.0,0.5816,42.0,0.5818,791.0,0.5819,843.0
1753600053494,07:07:33.494,bybit,A/USDT:USDT,0.5817,68.0,0.5816,42.0,0.5818,791.0,0.5819,766.0
1753600053595,07:07:33.595,bybit,A/USDT:USDT,0.5817,195.0,0.5816,120.0,0.5818,837.0,0.5819,754.0
1753600053694,07:07:33.694,bybit,A/USDT:USDT,0.5817,195.0,0.5816,120.0,0.5818,837.0,0.5819,754.0
1753600053994,07:07:33.994,bybit,A/USDT:USDT,0.5817,195.0,0.5816,120.0,0.5818,895.0,0.5819,799.0
1753600054094,07:07:34.094,bybit,A/USDT:USDT,0.5817,195.0,0.5816,120.0,0.5818,895.0,0.5819,799.0
1753600054194,07:07:34.194,bybit,A/USDT:USDT,0.5817,195.0,0.5816,120.0,0.5818,895.0,0.5819,844.0
1753600054495,07:07:34.495,bybit,A/USDT:USDT,0.5817,195.0,0.5816,120.0,0.5818,895.0,0.5819,799.0
1753600054594,07:07:34.594,bybit,A/USDT:USDT,0.5817,195.0,0.5816,120.0,0.5818,895.0,0.5819,799.0
1753600054795,07:07:34.795,bybit,A/USDT:USDT,0.5817,10.0,0.5816,10.0,0.5818,895.0,0.5819,876.0
1753600054894,07:07:34.894,bybit,A/USDT:USDT,0.5817,10.0,0.5816,10.0,0.5818,895.0,0.5819,876.0
1753600054994,07:07:34.994,bybit,A/USDT:USDT,0.5817,10.0,0.5816,10.0,0.5818,895.0,0.5819,876.0
1753600055094,07:07:35.094,bybit,A/USDT:USDT,0.5817,10.0,0.5816,10.0,0.5818,895.0,0.5819,876.0
1753600055195,07:07:35.195,bybit,A/USDT:USDT,0.5817,10.0,0.5816,10.0,0.5818,895.0,0.5819,876.0
1753600055295,07:07:35.295,bybit,A/USDT:USDT,0.5817,10.0,0.5816,10.0,0.5818,895.0,0.5819,831.0
1753600055395,07:07:35.395,bybit,A/USDT:USDT,0.5817,10.0,0.5816,42.0,0.5818,895.0,0.5819,831.0
1753600055594,07:07:35.594,bybit,A/USDT:USDT,0.5817,10.0,0.5816,42.0,0.5818,895.0,0.5819,799.0
1753600055694,07:07:35.694,bybit,A/USDT:USDT,0.5817,10.0,0.5816,42.0,0.5818,895.0,0.5819,754.0
1753600055796,07:07:35.796,bybit,A/USDT:USDT,0.5817,10.0,0.5816,42.0,0.5818,895.0,0.5819,799.0
1753600055895,07:07:35.895,bybit,A/USDT:USDT,0.5817,10.0,0.5816,42.0,0.5818,895.0,0.5819,799.0
1753600056197,07:07:36.197,bybit,A/USDT:USDT,0.5817,10.0,0.5816,10.0,0.5818,895.0,0.5819,831.0
1753600056294,07:07:36.294,bybit,A/USDT:USDT,0.5817,10.0,0.5816,10.0,0.5818,895.0,0.5819,831.0
1753600056394,07:07:36.394,bybit,A/USDT:USDT,0.5817,10.0,0.5816,10.0,0.5818,895.0,0.5819,831.0
1753600056495,07:07:36.495,bybit,A/USDT:USDT,0.5817,10.0,0.5816,42.0,0.5818,895.0,0.5819,799.0
1753600056894,07:07:36.894,bybit,A/USDT:USDT,0.5817,10.0,0.5816,42.0,0.5818,895.0,0.5819,799.0
1753600057195,07:07:37.195,bybit,A/USDT:USDT,0.5817,137.0,0.5816,120.0,0.5818,837.0,0.5819,754.0
1753600057296,07:07:37.296,bybit,A/USDT:USDT,0.5817,137.0,0.5816,120.0,0.5818,837.0,0.5819,754.0
1753600057394,07:07:37.394,bybit,A/USDT:USDT,0.5817,10.0,0.5816,10.0,0.5818,890.0,0.5819,876.0
1753600057495,07:07:37.495,bybit,A/USDT:USDT,0.5817,10.0,0.5816,10.0,0.5818,890.0,0.5819,876.0
1753600057895,07:07:37.895,bybit,A/USDT:USDT,0.5815,291.0,0.5814,3524.0,0.5816,647.0,0.5817,771.0
1753600057994,07:07:37.994,bybit,A/USDT:USDT,0.5815,291.0,0.5814,3647.0,0.5816,647.0,0.5817,771.0
1753600058094,07:07:38.094,bybit,A/USDT:USDT,0.5815,291.0,0.5814,3679.0,0.5816,647.0,0.5817,771.0
1753600058204,07:07:38.204,bybit,A/USDT:USDT,0.5815,291.0,0.5814,3679.0,0.5816,647.0,0.5817,771.0
1753600058395,07:07:38.395,bybit,A/USDT:USDT,0.5815,291.0,0.5814,3647.0,0.5816,1356.0,0.5817,771.0
1753600058494,07:07:38.494,bybit,A/USDT:USDT,0.5815,291.0,0.5814,3647.0,0.5816,1356.0,0.5817,771.0
1753600058694,07:07:38.694,bybit,A/USDT:USDT,0.5815,291.0,0.5814,3647.0,0.5816,1356.0,0.5817,771.0
1753600058796,07:07:38.796,bybit,A/USDT:USDT,0.5815,291.0,0.5814,3602.0,0.5816,1356.0,0.5817,771.0
1753600058894,07:07:38.894,bybit,A/USDT:USDT,0.5815,291.0,0.5814,3602.0,0.5816,1356.0,0.5817,771.0
1753600059095,07:07:39.095,bybit,A/USDT:USDT,0.5815,291.0,0.5814,3602.0,0.5816,1356.0,0.5817,771.0
1753600059194,07:07:39.194,bybit,A/USDT:USDT,0.5815,291.0,0.5814,3647.0,0.5816,1356.0,0.5817,771.0
1753600059294,07:07:39.294,bybit,A/USDT:USDT,0.5815,291.0,0.5814,3647.0,0.5816,1356.0,0.5817,771.0
1753600059396,07:07:39.396,bybit,A/USDT:USDT,0.5815,291.0,0.5814,3679.0,0.5816,1356.0,0.5817,771.0
1753600059494,07:07:39.494,bybit,A/USDT:USDT,0.5815,291.0,0.5814,3634.0,0.5816,1356.0,0.5817,771.0
1753600059794,07:07:39.794,bybit,A/USDT:USDT,0.5815,291.0,0.5814,3634.0,0.5816,1356.0,0.5817,849.0
1753600059894,07:07:39.894,bybit,A/USDT:USDT,0.5815,164.0,0.5814,3524.0,0.5816,1356.0,0.5817,849.0
1753600059994,07:07:39.994,bybit,A/USDT:USDT,0.5815,164.0,0.5814,3524.0,0.5816,1356.0,0.5817,849.0
1753600060094,07:07:40.094,bybit,A/USDT:USDT,0.5815,164.0,0.5814,3524.0,0.5816,1356.0,0.5817,849.0
1753600060295,07:07:40.295,bybit,A/USDT:USDT,0.5815,164.0,0.5814,3556.0,0.5816,1356.0,0.5817,849.0
1753600060494,07:07:40.494,bybit,A/USDT:USDT,0.5815,164.0,0.5814,3556.0,0.5816,1356.0,0.5817,849.0
1753600060594,07:07:40.594,bybit,A/USDT:USDT,0.5815,164.0,0.5814,3556.0,0.5816,1356.0,0.5817,849.0
1753600060895,07:07:40.895,bybit,A/USDT:USDT,0.5815,164.0,0.5814,3556.0,0.5816,1356.0,0.5817,849.0
1753600060995,07:07:40.995,bybit,A/USDT:USDT,0.5815,164.0,0.5814,3556.0,0.5816,1356.0,0.5817,849.0
1753600061094,07:07:41.094,bybit,A/USDT:USDT,0.5815,164.0,0.5814,3601.0,0.5816,1356.0,0.5817,849.0
1753600061494,07:07:41.494,bybit,A/USDT:USDT,0.5815,164.0,0.5814,3569.0,0.5816,1356.0,0.5817,849.0
1753600061595,07:07:41.595,bybit,A/USDT:USDT,0.5815,164.0,0.5814,3601.0,0.5816,1356.0,0.5817,849.0
1753600061695,07:07:41.695,bybit,A/USDT:USDT,0.5815,164.0,0.5814,3601.0,0.5816,1356.0,0.5817,849.0
1753600061995,07:07:41.995,bybit,A/USDT:USDT,0.5815,164.0,0.5814,3646.0,0.5816,1356.0,0.5817,849.0
1753600062094,07:07:42.094,bybit,A/USDT:USDT,0.5815,164.0,0.5814,3646.0,0.5816,1356.0,0.5817,849.0
1753600062196,07:07:42.196,bybit,A/USDT:USDT,0.5815,164.0,0.5814,3646.0,0.5816,1356.0,0.5817,849.0
1753600062594,07:07:42.594,bybit,A/USDT:USDT,0.5815,164.0,0.5814,3646.0,0.5816,1356.0,0.5817,771.0
1753600062695,07:07:42.695,bybit,A/USDT:USDT,0.5815,164.0,0.5814,3646.0,0.5816,1356.0,0.5817,771.0
1753600062894,07:07:42.894,bybit,A/USDT:USDT,0.5815,164.0,0.5814,3646.0,0.5816,1356.0,0.5817,771.0
1753600063095,07:07:43.095,bybit,A/USDT:USDT,0.5815,164.0,0.5814,3646.0,0.5816,1356.0,0.5817,771.0
1753600063195,07:07:43.195,bybit,A/USDT:USDT,0.5815,164.0,0.5814,3646.0,0.5816,1356.0,0.5817,771.0
1753600063695,07:07:43.695,bybit,A/USDT:USDT,0.5815,164.0,0.5814,3646.0,0.5816,1356.0,0.5817,771.0
1753600063796,07:07:43.796,bybit,A/USDT:USDT,0.5815,164.0,0.5814,3646.0,0.5816,1356.0,0.5817,771.0
1753600063894,07:07:43.894,bybit,A/USDT:USDT,0.5815,164.0,0.5814,3556.0,0.5816,1356.0,0.5817,771.0
1753600063994,07:07:43.994,bybit,A/USDT:USDT,0.5815,164.0,0.5814,3601.0,0.5816,1356.0,0.5817,771.0
1753600064295,07:07:44.295,bybit,A/USDT:USDT,0.5815,164.0,0.5814,3679.0,0.5816,1356.0,0.5817,771.0
1753600064394,07:07:44.394,bybit,A/USDT:USDT,0.5815,164.0,0.5814,3634.0,0.5816,1356.0,0.5817,844.0
1753600064615,07:07:44.615,bybit,A/USDT:USDT,0.5815,164.0,0.5814,3634.0,0.5816,1356.0,0.5817,844.0
1753600064795,07:07:44.795,bybit,A/USDT:USDT,0.5815,164.0,0.5814,3634.0,0.5816,1356.0,0.5817,844.0
1753600064894,07:07:44.894,bybit,A/USDT:USDT,0.5815,164.0,0.5814,3679.0,0.5816,1356.0,0.5817,844.0
1753600064994,07:07:44.994,bybit,A/USDT:USDT,0.5815,164.0,0.5814,3679.0,0.5816,1356.0,0.5817,844.0
1753600065395,07:07:45.395,bybit,A/USDT:USDT,0.5815,164.0,0.5814,3679.0,0.5816,1356.0,0.5817,771.0
1753600065496,07:07:45.496,bybit,A/USDT:USDT,0.5815,164.0,0.5814,3679.0,0.5816,1356.0,0.5817,771.0
1753600065594,07:07:45.594,bybit,A/USDT:USDT,0.5815,164.0,0.5814,3679.0,0.5816,1356.0,0.5817,771.0
1753600065694,07:07:45.694,bybit,A/USDT:USDT,0.5815,164.0,0.5814,3634.0,0.5816,1356.0,0.5817,842.0
1753600065794,07:07:45.794,bybit,A/USDT:USDT,0.5815,164.0,0.5814,3634.0,0.5816,1356.0,0.5817,842.0
1753600065895,07:07:45.895,bybit,A/USDT:USDT,0.5815,164.0,0.5814,3679.0,0.5816,1356.0,0.5817,842.0
1753600065995,07:07:45.995,bybit,A/USDT:USDT,0.5815,164.0,0.5814,3679.0,0.5816,1356.0,0.5817,842.0
1753600066094,07:07:46.094,bybit,A/USDT:USDT,0.5815,164.0,0.5814,3679.0,0.5816,1356.0,0.5817,842.0
1753600066196,07:07:46.196,bybit,A/USDT:USDT,0.5815,164.0,0.5814,3634.0,0.5816,1356.0,0.5817,842.0
1753600066294,07:07:46.294,bybit,A/USDT:USDT,0.5815,164.0,0.5814,3634.0,0.5816,1356.0,0.5817,842.0
1753600066495,07:07:46.495,bybit,A/USDT:USDT,0.5815,164.0,0.5814,3679.0,0.5816,1356.0,0.5817,842.0
1753600066595,07:07:46.595,bybit,A/USDT:USDT,0.5815,164.0,0.5814,3679.0,0.5816,1356.0,0.5817,771.0
1753600066894,07:07:46.894,bybit,A/USDT:USDT,0.5815,164.0,0.5814,3679.0,0.5816,1356.0,0.5817,771.0
1753600066995,07:07:46.995,bybit,A/USDT:USDT,0.5815,164.0,0.5814,3634.0,0.5816,1356.0,0.5817,771.0
1753600067095,07:07:47.095,bybit,A/USDT:USDT,0.5815,164.0,0.5814,3634.0,0.5816,1356.0,0.5817,771.0
1753600067194,07:07:47.194,bybit,A/USDT:USDT,0.5815,164.0,0.5814,3634.0,0.5816,1356.0,0.5817,771.0
1753600067294,07:07:47.294,bybit,A/USDT:USDT,0.5815,164.0,0.5814,3634.0,0.5816,1356.0,0.5817,771.0
1753600067394,07:07:47.394,bybit,A/USDT:USDT,0.5815,164.0,0.5814,3634.0,0.5816,1356.0,0.5817,771.0
1753600067496,07:07:47.496,bybit,A/USDT:USDT,0.5815,164.0,0.5814,3634.0,0.5816,1356.0,0.5817,771.0
1753600067595,07:07:47.595,bybit,A/USDT:USDT,0.5815,164.0,0.5814,3634.0,0.5816,1356.0,0.5817,771.0
1753600067694,07:07:47.694,bybit,A/USDT:USDT,0.5815,164.0,0.5814,3634.0,0.5816,1356.0,0.5817,771.0
1753600067896,07:07:47.896,bybit,A/USDT:USDT,0.5815,164.0,0.5814,3602.0,0.5816,1356.0,0.5817,771.0
1753600067994,07:07:47.994,bybit,A/USDT:USDT,0.5815,164.0,0.5814,3647.0,0.5816,1356.0,0.5817,771.0
1753600068094,07:07:48.094,bybit,A/USDT:USDT,0.5815,164.0,0.5814,3647.0,0.5816,1356.0,0.5817,849.0
1753600068198,07:07:48.198,bybit,A/USDT:USDT,0.5815,164.0,0.5814,3602.0,0.5816,1356.0,0.5817,849.0
1753600068293,07:07:48.293,bybit,A/USDT:USDT,0.5815,164.0,0.5814,3647.0,0.5816,1356.0,0.5817,849.0
1753600068394,07:07:48.394,bybit,A/USDT:USDT,0.5815,164.0,0.5814,3647.0,0.5816,1356.0,0.5817,849.0
1753600068494,07:07:48.494,bybit,A/USDT:USDT,0.5815,164.0,0.5814,3647.0,0.5816,1356.0,0.5817,849.0
1753600068694,07:07:48.694,bybit,A/USDT:USDT,0.5815,164.0,0.5814,3647.0,0.5816,1356.0,0.5817,849.0
1753600069094,07:07:49.094,bybit,A/USDT:USDT,0.5815,164.0,0.5814,3679.0,0.5816,1356.0,0.5817,849.0
1753600069195,07:07:49.195,bybit,A/USDT:USDT,0.5815,164.0,0.5814,3679.0,0.5816,1356.0,0.5817,849.0
1753600069394,07:07:49.394,bybit,A/USDT:USDT,0.5815,164.0,0.5814,3679.0,0.5816,1356.0,0.5817,849.0
1753600069494,07:07:49.494,bybit,A/USDT:USDT,0.5815,164.0,0.5814,3679.0,0.5816,1356.0,0.5817,849.0
1753600069595,07:07:49.595,bybit,A/USDT:USDT,0.5815,164.0,0.5814,3724.0,0.5816,1356.0,0.5817,771.0
1753600069695,07:07:49.695,bybit,A/USDT:USDT,0.5815,164.0,0.5814,3724.0,0.5816,1356.0,0.5817,771.0
1753600069794,07:07:49.794,bybit,A/USDT:USDT,0.5815,164.0,0.5814,3724.0,0.5816,1356.0,0.5817,771.0
1753600069996,07:07:49.996,bybit,A/USDT:USDT,0.5815,164.0,0.5814,3724.0,0.5816,1356.0,0.5817,771.0
1753600070294,07:07:50.294,bybit,A/USDT:USDT,0.5815,164.0,0.5814,3724.0,0.5816,1356.0,0.5817,771.0
1753600070394,07:07:50.394,bybit,A/USDT:USDT,0.5815,164.0,0.5814,3724.0,0.5816,1356.0,0.5817,771.0
1753600070494,07:07:50.494,bybit,A/USDT:USDT,0.5815,164.0,0.5814,3724.0,0.5816,1356.0,0.5817,816.0
1753600070594,07:07:50.594,bybit,A/USDT:USDT,0.5815,164.0,0.5814,3724.0,0.5816,1356.0,0.5817,816.0
1753600071394,07:07:51.394,bybit,A/USDT:USDT,0.5815,164.0,0.5814,3724.0,0.5816,1356.0,0.5817,816.0
1753600071494,07:07:51.494,bybit,A/USDT:USDT,0.5815,164.0,0.5814,3724.0,0.5816,1356.0,0.5817,816.0
1753600071794,07:07:51.794,bybit,A/USDT:USDT,0.5815,164.0,0.5814,3724.0,0.5816,1356.0,0.5817,816.0
1753600071894,07:07:51.894,bybit,A/USDT:USDT,0.5815,164.0,0.5814,3724.0,0.5816,1356.0,0.5817,816.0
1753600071994,07:07:51.994,bybit,A/USDT:USDT,0.5815,164.0,0.5814,3724.0,0.5816,1356.0,0.5817,816.0
1753600072094,07:07:52.094,bybit,A/USDT:USDT,0.5815,164.0,0.5814,3724.0,0.5816,1356.0,0.5817,816.0
1753600072199,07:07:52.199,bybit,A/USDT:USDT,0.5815,164.0,0.5814,3724.0,0.5816,1356.0,0.5817,816.0
1753600072294,07:07:52.294,bybit,A/USDT:USDT,0.5815,164.0,0.5814,3724.0,0.5816,1356.0,0.5817,771.0
1753600072394,07:07:52.394,bybit,A/USDT:USDT,0.5815,164.0,0.5814,3724.0,0.5816,1356.0,0.5817,771.0
1753600072496,07:07:52.496,bybit,A/USDT:USDT,0.5815,164.0,0.5814,3724.0,0.5816,1356.0,0.5817,771.0
1753600072596,07:07:52.596,bybit,A/USDT:USDT,0.5815,164.0,0.5814,3724.0,0.5816,1356.0,0.5817,816.0
1753600072994,07:07:52.994,bybit,A/USDT:USDT,0.5815,164.0,0.5814,3724.0,0.5816,1356.0,0.5817,816.0
1753600073094,07:07:53.094,bybit,A/USDT:USDT,0.5815,304.0,0.5814,3724.0,0.5816,1356.0,0.5817,771.0
1753600073196,07:07:53.196,bybit,A/USDT:USDT,0.5815,304.0,0.5814,3724.0,0.5816,1356.0,0.5817,771.0
1753600073394,07:07:53.394,bybit,A/USDT:USDT,0.5815,304.0,0.5814,3724.0,0.5816,1356.0,0.5817,771.0
1753600073495,07:07:53.495,bybit,A/USDT:USDT,0.5815,304.0,0.5814,3724.0,0.5816,2270.0,0.5817,816.0
1753600073595,07:07:53.595,bybit,A/USDT:USDT,0.5815,304.0,0.5814,3647.0,0.5816,2270.0,0.5817,861.0
1753600073694,07:07:53.694,bybit,A/USDT:USDT,0.5815,304.0,0.5814,3724.0,0.5816,2270.0,0.5817,816.0
1753600073896,07:07:53.896,bybit,A/USDT:USDT,0.5815,242.0,0.5814,3724.0,0.5816,2270.0,0.5817,816.0
1753600073994,07:07:53.994,bybit,A/USDT:USDT,0.5815,242.0,0.5814,3724.0,0.5816,2270.0,0.5817,816.0
1753600074094,07:07:54.094,bybit,A/USDT:USDT,0.5815,242.0,0.5814,3724.0,0.5816,2270.0,0.5817,816.0
1753600074194,07:07:54.194,bybit,A/USDT:USDT,0.5815,242.0,0.5814,3724.0,0.5816,2270.0,0.5817,816.0
1753600074295,07:07:54.295,bybit,A/USDT:USDT,0.5815,242.0,0.5814,3724.0,0.5816,2270.0,0.5817,816.0
1753600074494,07:07:54.494,bybit,A/USDT:USDT,0.5815,242.0,0.5814,3724.0,0.5816,2270.0,0.5817,816.0
1753600074794,07:07:54.794,bybit,A/USDT:USDT,0.5815,242.0,0.5814,3724.0,0.5816,2270.0,0.5817,816.0
1753600075295,07:07:55.295,bybit,A/USDT:USDT,0.5815,242.0,0.5814,3724.0,0.5816,2270.0,0.5817,816.0
1753600075394,07:07:55.394,bybit,A/USDT:USDT,0.5815,242.0,0.5814,3724.0,0.5816,2270.0,0.5817,816.0
1753600075796,07:07:55.796,bybit,A/USDT:USDT,0.5815,242.0,0.5814,3724.0,0.5816,2270.0,0.5817,816.0
1753600075895,07:07:55.895,bybit,A/USDT:USDT,0.5815,242.0,0.5814,3724.0,0.5816,2270.0,0.5817,816.0
1753600076197,07:07:56.197,bybit,A/USDT:USDT,0.5815,242.0,0.5814,3724.0,0.5816,2270.0,0.5817,816.0
1753600076295,07:07:56.295,bybit,A/USDT:USDT,0.5817,308.0,0.5816,340.0,0.5818,467.0,0.5819,599.0
1753600076394,07:07:56.394,bybit,A/USDT:USDT,0.5817,119.0,0.5816,263.0,0.5818,494.0,0.5819,689.0
1753600076495,07:07:56.495,bybit,A/USDT:USDT,0.5816,263.0,0.5815,649.0,0.5818,129.0,0.5819,689.0
1753600076594,07:07:56.594,bybit,A/USDT:USDT,0.5816,263.0,0.5815,649.0,0.5818,129.0,0.5819,721.0
1753600076694,07:07:56.694,bybit,A/USDT:USDT,0.5816,263.0,0.5815,617.0,0.5818,665.0,0.5819,721.0
1753600076794,07:07:56.794,bybit,A/USDT:USDT,0.5816,263.0,0.5815,197.0,0.5818,665.0,0.5819,1071.0
1753600076894,07:07:56.894,bybit,A/USDT:USDT,0.5816,263.0,0.5815,197.0,0.5818,665.0,0.5819,1071.0
1753600077194,07:07:57.194,bybit,A/USDT:USDT,0.5816,185.0,0.5815,197.0,0.5818,665.0,0.5819,1071.0
1753600077395,07:07:57.395,bybit,A/USDT:USDT,0.5816,185.0,0.5815,197.0,0.5817,836.0,0.5818,1450.0
1753600077595,07:07:57.595,bybit,A/USDT:USDT,0.5816,185.0,0.5815,197.0,0.5817,958.0,0.5818,1450.0
1753600077694,07:07:57.694,bybit,A/USDT:USDT,0.5816,185.0,0.5815,197.0,0.5817,958.0,0.5818,1450.0
1753600077994,07:07:57.994,bybit,A/USDT:USDT,0.5816,9.0,0.5815,197.0,0.5817,913.0,0.5818,1450.0
1753600078197,07:07:58.197,bybit,A/USDT:USDT,0.5816,9.0,0.5815,197.0,0.5817,913.0,0.5818,1450.0
1753600078294,07:07:58.294,bybit,A/USDT:USDT,0.5816,9.0,0.5815,197.0,0.5817,913.0,0.5818,1405.0
1753600078494,07:07:58.494,bybit,A/USDT:USDT,0.5816,9.0,0.5815,197.0,0.5817,913.0,0.5818,1405.0
1753600078594,07:07:58.594,bybit,A/USDT:USDT,0.5816,9.0,0.5815,197.0,0.5817,913.0,0.5818,1405.0
1753600078695,07:07:58.695,bybit,A/USDT:USDT,0.5816,9.0,0.5815,197.0,0.5817,913.0,0.5818,1405.0
1753600078893,07:07:58.893,bybit,A/USDT:USDT,0.5816,9.0,0.5815,197.0,0.5817,913.0,0.5818,1405.0
1753600078994,07:07:58.994,bybit,A/USDT:USDT,0.5816,9.0,0.5815,197.0,0.5817,913.0,0.5818,1405.0
1753600079094,07:07:59.094,bybit,A/USDT:USDT,0.5816,9.0,0.5815,197.0,0.5817,913.0,0.5818,1405.0
1753600079294,07:07:59.294,bybit,A/USDT:USDT,0.5816,9.0,0.5815,119.0,0.5817,913.0,0.5818,1405.0
1753600079393,07:07:59.393,bybit,A/USDT:USDT,0.5816,194.0,0.5815,119.0,0.5817,77.0,0.5818,1450.0
1753600079594,07:07:59.594,bybit,A/USDT:USDT,0.5816,194.0,0.5815,119.0,0.5817,77.0,0.5818,1450.0
1753600079694,07:07:59.694,bybit,A/USDT:USDT,0.5816,194.0,0.5815,119.0,0.5817,77.0,0.5818,1450.0
1753600080094,07:08:00.094,bybit,A/USDT:USDT,0.5816,194.0,0.5815,119.0,0.5817,77.0,0.5818,1450.0
1753600080294,07:08:00.294,bybit,A/USDT:USDT,0.5816,194.0,0.5815,119.0,0.5817,77.0,0.5818,1450.0
1753600080494,07:08:00.494,bybit,A/USDT:USDT,0.5816,194.0,0.5815,119.0,0.5817,77.0,0.5818,1477.0
1753600080594,07:08:00.594,bybit,A/USDT:USDT,0.5816,194.0,0.5815,119.0,0.5817,77.0,0.5818,1477.0
1753600080796,07:08:00.796,bybit,A/USDT:USDT,0.5816,194.0,0.5815,197.0,0.5817,24.0,0.5818,1477.0
1753600080894,07:08:00.894,bybit,A/USDT:USDT,0.5816,194.0,0.5815,197.0,0.5817,24.0,0.5818,1477.0
1753600080994,07:08:00.994,bybit,A/USDT:USDT,0.5816,194.0,0.5815,197.0,0.5817,24.0,0.5818,1477.0
1753600081696,07:08:01.696,bybit,A/USDT:USDT,0.5816,194.0,0.5815,197.0,0.5817,24.0,0.5818,1477.0
1753600081894,07:08:01.894,bybit,A/USDT:USDT,0.5816,67.0,0.5815,119.0,0.5817,268.0,0.5818,1509.0
1753600082195,07:08:02.195,bybit,A/USDT:USDT,0.5816,67.0,0.5815,119.0,0.5817,268.0,0.5818,1509.0
1753600082396,07:08:02.396,bybit,A/USDT:USDT,0.5816,67.0,0.5815,119.0,0.5817,268.0,0.5818,1509.0
1753600082494,07:08:02.494,bybit,A/USDT:USDT,0.5816,67.0,0.5815,119.0,0.5817,268.0,0.5818,1509.0
1753600082594,07:08:02.594,bybit,A/USDT:USDT,0.5816,67.0,0.5815,119.0,0.5817,268.0,0.5818,1509.0
1753600082695,07:08:02.695,bybit,A/USDT:USDT,0.5815,106.0,0.5814,3357.0,0.5816,1241.0,0.5817,1059.0
1753600082894,07:08:02.894,bybit,A/USDT:USDT,0.5815,20.0,0.5814,3331.0,0.5816,1286.0,0.5817,529.0
1753600083094,07:08:03.094,bybit,A/USDT:USDT,0.5814,3331.0,0.5813,2345.0,0.5815,990.0,0.5816,1400.0
1753600083194,07:08:03.194,bybit,A/USDT:USDT,0.5814,3331.0,0.5813,2345.0,0.5815,990.0,0.5816,1400.0
1753600083294,07:08:03.294,bybit,A/USDT:USDT,0.5814,3331.0,0.5813,2345.0,0.5815,990.0,0.5816,1400.0
1753600083594,07:08:03.594,bybit,A/USDT:USDT,0.5814,3331.0,0.5813,2345.0,0.5815,990.0,0.5816,1400.0
1753600083696,07:08:03.696,bybit,A/USDT:USDT,0.5814,3331.0,0.5813,2345.0,0.5815,990.0,0.5816,1400.0
1753600083896,07:08:03.896,bybit,A/USDT:USDT,0.5814,3331.0,0.5813,2345.0,0.5815,990.0,0.5816,1355.0
1753600084195,07:08:04.195,bybit,A/USDT:USDT,0.5814,3331.0,0.5813,2345.0,0.5815,990.0,0.5816,1278.0
1753600084295,07:08:04.295,bybit,A/USDT:USDT,0.5814,3331.0,0.5813,2377.0,0.5815,990.0,0.5816,1323.0
1753600084394,07:08:04.394,bybit,A/USDT:USDT,0.5814,3331.0,0.5813,2345.0,0.5815,990.0,0.5816,773.0
1753600084495,07:08:04.495,bybit,A/USDT:USDT,0.5814,3331.0,0.5813,2345.0,0.5815,990.0,0.5816,773.0
1753600084593,07:08:04.593,bybit,A/USDT:USDT,0.5814,3331.0,0.5813,2345.0,0.5815,990.0,0.5816,773.0
1753600084695,07:08:04.695,bybit,A/USDT:USDT,0.5814,3331.0,0.5813,2345.0,0.5815,990.0,0.5816,773.0
1753600084894,07:08:04.894,bybit,A/USDT:USDT,0.5814,3331.0,0.5813,2377.0,0.5815,990.0,0.5816,773.0
1753600084995,07:08:04.995,bybit,A/USDT:USDT,0.5814,3331.0,0.5813,2377.0,0.5815,990.0,0.5816,773.0
1753600085094,07:08:05.094,bybit,A/USDT:USDT,0.5814,3331.0,0.5813,2377.0,0.5815,990.0,0.5816,773.0
1753600085194,07:08:05.194,bybit,A/USDT:USDT,0.5814,3331.0,0.5813,2377.0,0.5815,990.0,0.5816,773.0
1753600085294,07:08:05.294,bybit,A/USDT:USDT,0.5814,3331.0,0.5813,2377.0,0.5815,990.0,0.5816,773.0
1753600085594,07:08:05.594,bybit,A/USDT:USDT,0.5814,3331.0,0.5813,2377.0,0.5815,184.0,0.5816,773.0
1753600085695,07:08:05.695,bybit,A/USDT:USDT,0.5814,3331.0,0.5813,2377.0,0.5815,616.0,0.5816,773.0
1753600085796,07:08:05.796,bybit,A/USDT:USDT,0.5814,3331.0,0.5813,2377.0,0.5815,617.0,0.5816,773.0
1753600085894,07:08:05.894,bybit,A/USDT:USDT,0.5814,3331.0,0.5813,2377.0,0.5815,617.0,0.5816,728.0
1753600085994,07:08:05.994,bybit,A/USDT:USDT,0.5814,3331.0,0.5813,2377.0,0.5815,617.0,0.5816,773.0
1753600086395,07:08:06.395,bybit,A/USDT:USDT,0.5814,3331.0,0.5813,2377.0,0.5815,617.0,0.5816,773.0
1753600086494,07:08:06.494,bybit,A/USDT:USDT,0.5814,3331.0,0.5813,2377.0,0.5815,617.0,0.5816,773.0
1753600086994,07:08:06.994,bybit,A/USDT:USDT,0.5814,3331.0,0.5813,2377.0,0.5815,617.0,0.5816,773.0
1753600087394,07:08:07.394,bybit,A/USDT:USDT,0.5814,3331.0,0.5813,2377.0,0.5815,617.0,0.5816,773.0
1753600087494,07:08:07.494,bybit,A/USDT:USDT,0.5814,3331.0,0.5813,2377.0,0.5815,617.0,0.5816,728.0
1753600087594,07:08:07.594,bybit,A/USDT:USDT,0.5814,3331.0,0.5813,2377.0,0.5815,617.0,0.5816,728.0
1753600087695,07:08:07.695,bybit,A/USDT:USDT,0.5814,3331.0,0.5813,2377.0,0.5815,617.0,0.5816,728.0
1753600087794,07:08:07.794,bybit,A/USDT:USDT,0.5814,3331.0,0.5813,2377.0,0.5815,617.0,0.5816,728.0
1753600087894,07:08:07.894,bybit,A/USDT:USDT,0.5814,3331.0,0.5813,2422.0,0.5815,617.0,0.5816,683.0
1753600087994,07:08:07.994,bybit,A/USDT:USDT,0.5814,3331.0,0.5813,2422.0,0.5815,617.0,0.5816,683.0
1753600088094,07:08:08.094,bybit,A/USDT:USDT,0.5814,3331.0,0.5813,2422.0,0.5815,617.0,0.5816,728.0
1753600088396,07:08:08.396,bybit,A/USDT:USDT,0.5814,3331.0,0.5813,2422.0,0.5815,617.0,0.5816,683.0
1753600088496,07:08:08.496,bybit,A/USDT:USDT,0.5813,13.0,0.5812,19.0,0.5814,545.0,0.5815,584.0
1753600088696,07:08:08.696,bybit,A/USDT:USDT,0.581,2150.0,0.5809,2593.0,0.5811,139.0,0.5812,1948.0
1753600088794,07:08:08.794,bybit,A/USDT:USDT,0.581,2150.0,0.5809,2593.0,0.5811,743.0,0.5812,1903.0
1753600088895,07:08:08.895,bybit,A/USDT:USDT,0.581,2150.0,0.5809,23.0,0.5811,566.0,0.5812,1948.0
1753600089094,07:08:09.094,bybit,A/USDT:USDT,0.581,2160.0,0.5809,23.0,0.5811,617.0,0.5812,1948.0
1753600089294,07:08:09.294,bybit,A/USDT:USDT,0.581,2160.0,0.5809,23.0,0.5811,617.0,0.5812,1948.0
1753600089395,07:08:09.395,bybit,A/USDT:USDT,0.581,2160.0,0.5809,23.0,0.5811,617.0,0.5812,1948.0
1753600089494,07:08:09.494,bybit,A/USDT:USDT,0.581,2160.0,0.5809,23.0,0.5811,617.0,0.5812,1948.0
1753600089595,07:08:09.595,bybit,A/USDT:USDT,0.581,2160.0,0.5809,103.0,0.5811,566.0,0.5812,1870.0
1753600089695,07:08:09.695,bybit,A/USDT:USDT,0.581,2160.0,0.5809,103.0,0.5811,566.0,0.5812,1918.0
1753600089994,07:08:09.994,bybit,A/USDT:USDT,0.581,2160.0,0.5809,103.0,0.5811,566.0,0.5812,1918.0
1753600090094,07:08:10.094,bybit,A/USDT:USDT,0.581,2160.0,0.5809,103.0,0.5811,566.0,0.5812,1918.0
1753600090201,07:08:10.201,bybit,A/USDT:USDT,0.581,2160.0,0.5809,103.0,0.5811,566.0,0.5812,1918.0
1753600090294,07:08:10.294,bybit,A/USDT:USDT,0.581,2160.0,0.5809,103.0,0.5811,566.0,0.5812,1918.0
1753600090393,07:08:10.393,bybit,A/USDT:USDT,0.581,2160.0,0.5809,103.0,0.5811,566.0,0.5812,1918.0
1753600090494,07:08:10.494,bybit,A/USDT:USDT,0.581,2160.0,0.5809,103.0,0.5811,566.0,0.5812,1918.0
1753600090695,07:08:10.695,bybit,A/USDT:USDT,0.581,2160.0,0.5809,23.0,0.5811,646.0,0.5812,1918.0
1753600090794,07:08:10.794,bybit,A/USDT:USDT,0.581,2160.0,0.5809,23.0,0.5811,646.0,0.5812,1918.0
1753600090894,07:08:10.894,bybit,A/USDT:USDT,0.581,2160.0,0.5809,23.0,0.5811,877.0,0.5812,1918.0
1753600091194,07:08:11.194,bybit,A/USDT:USDT,0.581,2160.0,0.5809,23.0,0.5811,1002.0,0.5812,1918.0
1753600091294,07:08:11.294,bybit,A/USDT:USDT,0.581,2160.0,0.5809,23.0,0.5811,922.0,0.5812,1950.0
1753600091395,07:08:11.395,bybit,A/USDT:USDT,0.581,2160.0,0.5809,10.0,0.5811,1373.0,0.5812,1950.0
1753600091495,07:08:11.495,bybit,A/USDT:USDT,0.581,2160.0,0.5809,10.0,0.5811,1373.0,0.5812,1950.0
1753600091694,07:08:11.694,bybit,A/USDT:USDT,0.581,2160.0,0.5809,10.0,0.5811,1550.0,0.5812,1950.0
1753600091795,07:08:11.795,bybit,A/USDT:USDT,0.5808,10.0,0.5807,6523.0,0.5809,1171.0,0.581,1193.0
1753600091894,07:08:11.894,bybit,A/USDT:USDT,0.5808,10.0,0.5807,6523.0,0.5809,1343.0,0.581,1193.0
1753600091994,07:08:11.994,bybit,A/USDT:USDT,0.5808,10.0,0.5807,1131.0,0.5809,1216.0,0.581,1193.0
1753600092094,07:08:12.094,bybit,A/USDT:USDT,0.5808,10.0,0.5807,10.0,0.5809,1216.0,0.581,1633.0
1753600092199,07:08:12.199,bybit,A/USDT:USDT,0.5807,10.0,0.5806,266.0,0.5808,1032.0,0.5809,2448.0
1753600092394,07:08:12.394,bybit,A/USDT:USDT,0.5807,10.0,0.5806,253.0,0.5808,1593.0,0.5809,2663.0
1753600092594,07:08:12.594,bybit,A/USDT:USDT,0.5807,10.0,0.5806,253.0,0.5808,1593.0,0.5809,2663.0
1753600092695,07:08:12.695,bybit,A/USDT:USDT,0.5807,10.0,0.5806,253.0,0.5808,1593.0,0.5809,2663.0
1753600092794,07:08:12.794,bybit,A/USDT:USDT,0.5807,10.0,0.5806,19.0,0.5808,1904.0,0.5809,2663.0
1753600092894,07:08:12.894,bybit,A/USDT:USDT,0.5807,10.0,0.5806,19.0,0.5808,1904.0,0.5809,2663.0
1753600092994,07:08:12.994,bybit,A/USDT:USDT,0.5807,10.0,0.5806,19.0,0.5808,1904.0,0.5809,2663.0
1753600093294,07:08:13.294,bybit,A/USDT:USDT,0.5807,10.0,0.5806,19.0,0.5808,1904.0,0.5809,2663.0
1753600093394,07:08:13.394,bybit,A/USDT:USDT,0.5807,10.0,0.5806,19.0,0.5808,1904.0,0.5809,2663.0
1753600093594,07:08:13.594,bybit,A/USDT:USDT,0.5807,10.0,0.5806,19.0,0.5808,1904.0,0.5809,2663.0
1753600093795,07:08:13.795,bybit,A/USDT:USDT,0.5807,10.0,0.5806,19.0,0.5808,1904.0,0.5809,2663.0
1753600093894,07:08:13.894,bybit,A/USDT:USDT,0.5807,10.0,0.5806,19.0,0.5808,1904.0,0.5809,2055.0
1753600093994,07:08:13.994,bybit,A/USDT:USDT,0.5807,10.0,0.5806,19.0,0.5808,1732.0,0.5809,2055.0
1753600094094,07:08:14.094,bybit,A/USDT:USDT,0.5807,10.0,0.5806,19.0,0.5808,1251.0,0.5809,2055.0
1753600094197,07:08:14.197,bybit,A/USDT:USDT,0.5807,10.0,0.5806,19.0,0.5808,1251.0,0.5809,2055.0
1753600094294,07:08:14.294,bybit,A/USDT:USDT,0.5807,10.0,0.5806,19.0,0.5808,1251.0,0.5809,2055.0
1753600094496,07:08:14.496,bybit,A/USDT:USDT,0.5807,10.0,0.5806,19.0,0.5808,1251.0,0.5809,2055.0
1753600094595,07:08:14.595,bybit,A/USDT:USDT,0.5807,10.0,0.5806,19.0,0.5808,1251.0,0.5809,2055.0
1753600094695,07:08:14.695,bybit,A/USDT:USDT,0.5807,10.0,0.5806,19.0,0.5808,1251.0,0.5809,2055.0
1753600094794,07:08:14.794,bybit,A/USDT:USDT,0.5807,10.0,0.5806,19.0,0.5808,1251.0,0.5809,2055.0
1753600094894,07:08:14.894,bybit,A/USDT:USDT,0.5807,10.0,0.5806,19.0,0.5808,1251.0,0.5809,2055.0
1753600094994,07:08:14.994,bybit,A/USDT:USDT,0.5807,10.0,0.5806,19.0,0.5808,1251.0,0.5809,2055.0
1753600095194,07:08:15.194,bybit,A/USDT:USDT,0.5807,10.0,0.5806,19.0,0.5808,1595.0,0.5809,2399.0
1753600095296,07:08:15.296,bybit,A/USDT:USDT,0.5805,2163.0,0.5804,19.0,0.5806,1094.0,0.5807,1444.0
1753600095395,07:08:15.395,bybit,A/USDT:USDT,0.5805,2163.0,0.5804,19.0,0.5806,1226.0,0.5807,1625.0
1753600095494,07:08:15.494,bybit,A/USDT:USDT,0.5805,2163.0,0.5804,19.0,0.5806,1226.0,0.5807,1625.0
1753600095595,07:08:15.595,bybit,A/USDT:USDT,0.5805,2163.0,0.5804,19.0,0.5806,1226.0,0.5807,1625.0
1753600095695,07:08:15.695,bybit,A/USDT:USDT,0.5805,2163.0,0.5804,19.0,0.5806,1226.0,0.5807,1625.0
1753600095794,07:08:15.794,bybit,A/USDT:USDT,0.5805,2163.0,0.5804,19.0,0.5806,1226.0,0.5807,1625.0
1753600095894,07:08:15.894,bybit,A/USDT:USDT,0.5805,2163.0,0.5804,19.0,0.5806,1226.0,0.5807,1625.0
1753600095994,07:08:15.994,bybit,A/USDT:USDT,0.5805,2163.0,0.5804,19.0,0.5806,1226.0,0.5807,1625.0
1753600096094,07:08:16.094,bybit,A/USDT:USDT,0.5805,2163.0,0.5804,19.0,0.5806,1226.0,0.5807,1625.0
1753600096294,07:08:16.294,bybit,A/USDT:USDT,0.5805,2163.0,0.5804,19.0,0.5806,1537.0,0.5807,1625.0
1753600096796,07:08:16.796,bybit,A/USDT:USDT,0.5805,2163.0,0.5804,19.0,0.5806,1537.0,0.5807,1625.0
1753600096994,07:08:16.994,bybit,A/USDT:USDT,0.5805,2163.0,0.5804,19.0,0.5806,1537.0,0.5807,1625.0
1753600097094,07:08:17.094,bybit,A/USDT:USDT,0.5805,2163.0,0.5804,19.0,0.5806,1537.0,0.5807,910.0
1753600097294,07:08:17.294,bybit,A/USDT:USDT,0.5805,2163.0,0.5804,19.0,0.5806,1582.0,0.5807,910.0
1753600097394,07:08:17.394,bybit,A/USDT:USDT,0.5805,2163.0,0.5804,19.0,0.5806,1582.0,0.5807,910.0
1753600097496,07:08:17.496,bybit,A/USDT:USDT,0.5805,2163.0,0.5804,19.0,0.5806,1582.0,0.5807,910.0
1753600097595,07:08:17.595,bybit,A/USDT:USDT,0.5805,2163.0,0.5804,19.0,0.5806,1582.0,0.5807,910.0
1753600097794,07:08:17.794,bybit,A/USDT:USDT,0.5805,2163.0,0.5804,19.0,0.5806,1537.0,0.5807,878.0
1753600098096,07:08:18.096,bybit,A/USDT:USDT,0.5805,2163.0,0.5804,51.0,0.5806,1537.0,0.5807,878.0
1753600098296,07:08:18.296,bybit,A/USDT:USDT,0.5805,2163.0,0.5804,19.0,0.5806,1617.0,0.5807,878.0
1753600098494,07:08:18.494,bybit,A/USDT:USDT,0.5805,2163.0,0.5804,19.0,0.5806,1662.0,0.5807,910.0
1753600098594,07:08:18.594,bybit,A/USDT:USDT,0.5805,2163.0,0.5804,19.0,0.5806,1662.0,0.5807,910.0
1753600099094,07:08:19.094,bybit,A/USDT:USDT,0.5805,2163.0,0.5804,19.0,0.5806,1617.0,0.5807,910.0
1753600099594,07:08:19.594,bybit,A/USDT:USDT,0.5805,2163.0,0.5804,51.0,0.5806,1617.0,0.5807,878.0
1753600099694,07:08:19.694,bybit,A/USDT:USDT,0.5805,2163.0,0.5804,51.0,0.5806,1617.0,0.5807,878.0
1753600099794,07:08:19.794,bybit,A/USDT:USDT,0.5805,2163.0,0.5804,51.0,0.5806,1617.0,0.5807,878.0
1753600099994,07:08:19.994,bybit,A/USDT:USDT,0.5805,2163.0,0.5804,51.0,0.5806,1617.0,0.5807,878.0
1753600100294,07:08:20.294,bybit,A/USDT:USDT,0.5805,2163.0,0.5804,19.0,0.5806,1662.0,0.5807,910.0
1753600100394,07:08:20.394,bybit,A/USDT:USDT,0.5804,19.0,0.5803,13.0,0.5805,500.0,0.5806,2333.0
1753600100594,07:08:20.594,bybit,A/USDT:USDT,0.5804,10.0,0.5803,13.0,0.5805,2574.0,0.5806,2641.0
1753600100794,07:08:20.794,bybit,A/USDT:USDT,0.5804,10.0,0.5803,13.0,0.5805,2574.0,0.5806,2641.0
1753600100995,07:08:20.995,bybit,A/USDT:USDT,0.5804,10.0,0.5803,13.0,0.5805,2074.0,0.5806,2641.0
1753600101094,07:08:21.094,bybit,A/USDT:USDT,0.5804,10.0,0.5803,13.0,0.5805,2074.0,0.5806,2641.0
1753600101197,07:08:21.197,bybit,A/USDT:USDT,0.5802,10.0,0.5801,10.0,0.5803,180.0,0.5804,1840.0
1753600101296,07:08:21.296,bybit,A/USDT:USDT,0.5802,10.0,0.5801,10.0,0.5803,307.0,0.5804,1885.0
1753600101394,07:08:21.394,bybit,A/USDT:USDT,0.5802,10.0,0.5801,10.0,0.5803,135.0,0.5804,1885.0
1753600101494,07:08:21.494,bybit,A/USDT:USDT,0.5802,275.0,0.5801,90.0,0.5803,366.0,0.5804,1079.0
1753600101694,07:08:21.694,bybit,A/USDT:USDT,0.5802,195.0,0.5801,90.0,0.5803,366.0,0.5804,1150.0
1753600101794,07:08:21.794,bybit,A/USDT:USDT,0.5802,195.0,0.5801,90.0,0.5803,366.0,0.5804,1150.0
1753600101895,07:08:21.895,bybit,A/USDT:USDT,0.5802,195.0,0.5801,90.0,0.5803,366.0,0.5804,1195.0
1753600102094,07:08:22.094,bybit,A/USDT:USDT,0.5802,195.0,0.5801,90.0,0.5803,366.0,0.5804,1150.0
1753600102296,07:08:22.296,bybit,A/USDT:USDT,0.5802,195.0,0.5801,90.0,0.5803,366.0,0.5804,1240.0
1753600102394,07:08:22.394,bybit,A/USDT:USDT,0.5802,10.0,0.5801,10.0,0.5803,611.0,0.5804,1498.0
1753600102494,07:08:22.494,bybit,A/USDT:USDT,0.5802,10.0,0.5801,10.0,0.5803,701.0,0.5804,1240.0
1753600102594,07:08:22.594,bybit,A/USDT:USDT,0.5802,10.0,0.5801,10.0,0.5803,701.0,0.5804,1240.0
1753600102694,07:08:22.694,bybit,A/USDT:USDT,0.5802,10.0,0.5801,10.0,0.5803,675.0,0.5804,894.0
1753600102794,07:08:22.794,bybit,A/USDT:USDT,0.5802,10.0,0.5801,10.0,0.5803,675.0,0.5804,894.0
1753600102896,07:08:22.896,bybit,A/USDT:USDT,0.5802,10.0,0.5801,10.0,0.5803,675.0,0.5804,894.0
1753600102995,07:08:22.995,bybit,A/USDT:USDT,0.5802,10.0,0.5801,10.0,0.5803,675.0,0.5804,894.0
1753600103094,07:08:23.094,bybit,A/USDT:USDT,0.5802,10.0,0.5801,10.0,0.5803,675.0,0.5804,894.0
1753600103195,07:08:23.195,bybit,A/USDT:USDT,0.5802,10.0,0.5801,10.0,0.5803,675.0,0.5804,894.0
1753600103294,07:08:23.294,bybit,A/USDT:USDT,0.5802,10.0,0.5801,10.0,0.5803,720.0,0.5804,894.0
1753600103394,07:08:23.394,bybit,A/USDT:USDT,0.5802,10.0,0.5801,10.0,0.5803,978.0,0.5804,894.0
1753600103495,07:08:23.495,bybit,A/USDT:USDT,0.5802,10.0,0.5801,10.0,0.5803,933.0,0.5804,894.0
1753600103594,07:08:23.594,bybit,A/USDT:USDT,0.5802,10.0,0.5801,10.0,0.5803,933.0,0.5804,894.0
1753600103694,07:08:23.694,bybit,A/USDT:USDT,0.5802,10.0,0.5801,10.0,0.5803,933.0,0.5804,894.0
1753600103794,07:08:23.794,bybit,A/USDT:USDT,0.5802,10.0,0.5801,10.0,0.5803,933.0,0.5804,894.0
1753600103994,07:08:23.994,bybit,A/USDT:USDT,0.5802,10.0,0.5801,10.0,0.5803,888.0,0.5804,894.0
1753600104094,07:08:24.094,bybit,A/USDT:USDT,0.5802,10.0,0.5801,10.0,0.5803,933.0,0.5804,894.0
1753600104197,07:08:24.197,bybit,A/USDT:USDT,0.5802,10.0,0.5801,10.0,0.5803,933.0,0.5804,894.0
1753600104294,07:08:24.294,bybit,A/USDT:USDT,0.5802,10.0,0.5801,10.0,0.5803,933.0,0.5804,894.0
1753600104394,07:08:24.394,bybit,A/USDT:USDT,0.5802,10.0,0.5801,10.0,0.5803,933.0,0.5804,894.0
1753600104594,07:08:24.594,bybit,A/USDT:USDT,0.5802,10.0,0.5801,10.0,0.5803,1677.0,0.5804,894.0
1753600104795,07:08:24.795,bybit,A/USDT:USDT,0.5802,10.0,0.5801,10.0,0.5803,1632.0,0.5804,894.0
1753600104894,07:08:24.894,bybit,A/USDT:USDT,0.5802,10.0,0.5801,10.0,0.5803,1632.0,0.5804,894.0
1753600105195,07:08:25.195,bybit,A/USDT:USDT,0.5802,10.0,0.5801,10.0,0.5803,1632.0,0.5804,894.0
1753600105294,07:08:25.294,bybit,A/USDT:USDT,0.5802,20.0,0.5801,10.0,0.5803,1632.0,0.5804,894.0
1753600105394,07:08:25.394,bybit,A/USDT:USDT,0.5802,20.0,0.5801,10.0,0.5803,1632.0,0.5804,894.0
1753600105494,07:08:25.494,bybit,A/USDT:USDT,0.5802,20.0,0.5801,10.0,0.5803,1232.0,0.5804,849.0
1753600105595,07:08:25.595,bybit,A/USDT:USDT,0.5802,20.0,0.5801,10.0,0.5803,1232.0,0.5804,894.0
1753600105794,07:08:25.794,bybit,A/USDT:USDT,0.5802,20.0,0.5801,10.0,0.5803,1232.0,0.5804,894.0
1753600105895,07:08:25.895,bybit,A/USDT:USDT,0.5802,20.0,0.5801,10.0,0.5803,1232.0,0.5804,804.0
1753600105996,07:08:25.996,bybit,A/USDT:USDT,0.5802,158.0,0.5801,90.0,0.5803,729.0,0.5804,701.0
1753600106095,07:08:26.095,bybit,A/USDT:USDT,0.5802,158.0,0.5801,122.0,0.5803,729.0,0.5804,759.0
1753600106197,07:08:26.197,bybit,A/USDT:USDT,0.5802,78.0,0.5801,10.0,0.5803,809.0,0.5804,849.0
1753600106296,07:08:26.296,bybit,A/USDT:USDT,0.5802,78.0,0.5801,10.0,0.5803,1153.0,0.5804,1107.0
1753600106394,07:08:26.394,bybit,A/USDT:USDT,0.5802,78.0,0.5801,10.0,0.5803,1153.0,0.5804,1107.0
1753600106696,07:08:26.696,bybit,A/USDT:USDT,0.5802,78.0,0.5801,10.0,0.5803,1153.0,0.5804,1107.0
1753600106805,07:08:26.805,bybit,A/USDT:USDT,0.5802,78.0,0.5801,10.0,0.5803,1153.0,0.5804,1107.0
1753600106894,07:08:26.894,bybit,A/USDT:USDT,0.5802,78.0,0.5801,10.0,0.5803,1153.0,0.5804,1139.0
1753600106995,07:08:26.995,bybit,A/USDT:USDT,0.5802,20.0,0.5801,10.0,0.5803,1153.0,0.5804,1139.0
1753600107094,07:08:27.094,bybit,A/USDT:USDT,0.5802,20.0,0.5801,10.0,0.5803,1411.0,0.5804,881.0
1753600107395,07:08:27.395,bybit,A/USDT:USDT,0.5802,20.0,0.5801,28.0,0.5803,1411.0,0.5804,881.0
1753600107494,07:08:27.494,bybit,A/USDT:USDT,0.5802,20.0,0.5801,28.0,0.5803,1411.0,0.5804,881.0
1753600107894,07:08:27.894,bybit,A/USDT:USDT,0.5802,20.0,0.5801,28.0,0.5803,1411.0,0.5804,881.0
1753600107995,07:08:27.995,bybit,A/USDT:USDT,0.5802,20.0,0.5801,28.0,0.5803,1411.0,0.5804,881.0
1753600108094,07:08:28.094,bybit,A/USDT:USDT,0.5802,20.0,0.5801,28.0,0.5803,6756.0,0.5804,881.0
1753600108194,07:08:28.194,bybit,A/USDT:USDT,0.5802,20.0,0.5801,28.0,0.5803,6928.0,0.5804,881.0
1753600108294,07:08:28.294,bybit,A/USDT:USDT,0.5802,20.0,0.5801,28.0,0.5803,8731.0,0.5804,881.0
1753600108494,07:08:28.494,bybit,A/USDT:USDT,0.5802,20.0,0.5801,28.0,0.5803,8731.0,0.5804,881.0
1753600108594,07:08:28.594,bybit,A/USDT:USDT,0.5802,20.0,0.5801,28.0,0.5803,1803.0,0.5804,881.0
1753600108695,07:08:28.695,bybit,A/USDT:USDT,0.5802,20.0,0.5801,28.0,0.5803,1631.0,0.5804,881.0
1753600108794,07:08:28.794,bybit,A/USDT:USDT,0.5802,20.0,0.5801,28.0,0.5803,1631.0,0.5804,881.0
1753600108894,07:08:28.894,bybit,A/USDT:USDT,0.5802,20.0,0.5801,28.0,0.5803,1631.0,0.5804,881.0
1753600108996,07:08:28.996,bybit,A/USDT:USDT,0.5802,20.0,0.5801,28.0,0.5803,1631.0,0.5804,881.0
1753600109094,07:08:29.094,bybit,A/USDT:USDT,0.5802,20.0,0.5801,28.0,0.5803,1631.0,0.5804,881.0
1753600109495,07:08:29.495,bybit,A/USDT:USDT,0.5802,20.0,0.5801,28.0,0.5803,1631.0,0.5804,881.0
1753600109694,07:08:29.694,bybit,A/USDT:USDT,0.5802,20.0,0.5801,28.0,0.5803,1631.0,0.5804,881.0
1753600109796,07:08:29.796,bybit,A/USDT:USDT,0.5802,20.0,0.5801,28.0,0.5803,1631.0,0.5804,881.0
1753600109894,07:08:29.894,bybit,A/USDT:USDT,0.5802,20.0,0.5801,28.0,0.5803,6801.0,0.5804,881.0
1753600109994,07:08:29.994,bybit,A/USDT:USDT,0.5802,20.0,0.5801,28.0,0.5803,1631.0,0.5804,881.0
1753600110198,07:08:30.198,bybit,A/USDT:USDT,0.5802,20.0,0.5801,28.0,0.5803,1586.0,0.5804,881.0
1753600110294,07:08:30.294,bybit,A/USDT:USDT,0.5802,20.0,0.5801,28.0,0.5803,1586.0,0.5804,881.0
1753600110595,07:08:30.595,bybit,A/USDT:USDT,0.5802,20.0,0.5801,28.0,0.5803,6801.0,0.5804,881.0
1753600110994,07:08:30.994,bybit,A/USDT:USDT,0.5802,20.0,0.5801,28.0,0.5803,1631.0,0.5804,881.0
1753600111094,07:08:31.094,bybit,A/USDT:USDT,0.5802,20.0,0.5801,28.0,0.5803,1631.0,0.5804,881.0
1753600111194,07:08:31.194,bybit,A/USDT:USDT,0.5802,20.0,0.5801,28.0,0.5803,1586.0,0.5804,881.0
1753600111694,07:08:31.694,bybit,A/USDT:USDT,0.5802,20.0,0.5801,28.0,0.5803,6801.0,0.5804,881.0
1753600111795,07:08:31.795,bybit,A/USDT:USDT,0.5802,20.0,0.5801,28.0,0.5803,1586.0,0.5804,881.0
1753600111895,07:08:31.895,bybit,A/USDT:USDT,0.5802,20.0,0.5801,28.0,0.5803,1586.0,0.5804,881.0
1753600112094,07:08:32.094,bybit,A/USDT:USDT,0.5802,20.0,0.5801,28.0,0.5803,1586.0,0.5804,881.0
1753600112194,07:08:32.194,bybit,A/USDT:USDT,0.5802,20.0,0.5801,28.0,0.5803,1586.0,0.5804,881.0
1753600112394,07:08:32.394,bybit,A/USDT:USDT,0.5802,20.0,0.5801,28.0,0.5803,1162.0,0.5804,881.0
1753600112495,07:08:32.495,bybit,A/USDT:USDT,0.5802,20.0,0.5801,28.0,0.5803,1232.0,0.5804,881.0
1753600112794,07:08:32.794,bybit,A/USDT:USDT,0.5802,20.0,0.5801,28.0,0.5803,1232.0,0.5804,881.0
1753600112894,07:08:32.894,bybit,A/USDT:USDT,0.5802,20.0,0.5801,28.0,0.5803,1232.0,0.5804,881.0
1753600112995,07:08:32.995,bybit,A/USDT:USDT,0.5802,20.0,0.5801,28.0,0.5803,1232.0,0.5804,881.0
1753600113295,07:08:33.295,bybit,A/USDT:USDT,0.5802,20.0,0.5801,28.0,0.5803,1232.0,0.5804,881.0
1753600113894,07:08:33.894,bybit,A/USDT:USDT,0.5802,20.0,0.5801,28.0,0.5803,1232.0,0.5804,881.0
1753600113994,07:08:33.994,bybit,A/USDT:USDT,0.5802,20.0,0.5801,28.0,0.5803,1576.0,0.5804,881.0
1753600114094,07:08:34.094,bybit,A/USDT:USDT,0.5802,20.0,0.5801,28.0,0.5803,1576.0,0.5804,881.0
1753600114394,07:08:34.394,bybit,A/USDT:USDT,0.5802,20.0,0.5801,28.0,0.5803,2406.0,0.5804,881.0
1753600114494,07:08:34.494,bybit,A/USDT:USDT,0.5802,20.0,0.5801,28.0,0.5803,2406.0,0.5804,1788.0
1753600114594,07:08:34.594,bybit,A/USDT:USDT,0.5802,20.0,0.5801,28.0,0.5803,2578.0,0.5804,1788.0
1753600114696,07:08:34.696,bybit,A/USDT:USDT,0.5802,20.0,0.5801,28.0,0.5803,2578.0,0.5804,1788.0
1753600114794,07:08:34.794,bybit,A/USDT:USDT,0.5802,20.0,0.5801,28.0,0.5803,2406.0,0.5804,1788.0
1753600114894,07:08:34.894,bybit,A/USDT:USDT,0.5802,20.0,0.5801,28.0,0.5803,2451.0,0.5804,1788.0
1753600114994,07:08:34.994,bybit,A/USDT:USDT,0.5802,20.0,0.5801,28.0,0.5803,2578.0,0.5804,1788.0
1753600115095,07:08:35.095,bybit,A/USDT:USDT,0.5802,20.0,0.5801,28.0,0.5803,2148.0,0.5804,2218.0
1753600115194,07:08:35.194,bybit,A/USDT:USDT,0.5802,20.0,0.5801,28.0,0.5803,1976.0,0.5804,2218.0
1753600115794,07:08:35.794,bybit,A/USDT:USDT,0.5802,20.0,0.5801,28.0,0.5803,2148.0,0.5804,2218.0
1753600115894,07:08:35.894,bybit,A/USDT:USDT,0.5802,20.0,0.5801,28.0,0.5803,2297.0,0.5804,2218.0
1753600115994,07:08:35.994,bybit,A/USDT:USDT,0.5802,20.0,0.5801,28.0,0.5803,2469.0,0.5804,2218.0
1753600116095,07:08:36.095,bybit,A/USDT:USDT,0.5802,20.0,0.5801,28.0,0.5803,2297.0,0.5804,2218.0
1753600116395,07:08:36.395,bybit,A/USDT:USDT,0.5802,20.0,0.5801,28.0,0.5803,2297.0,0.5804,2218.0
1753600116494,07:08:36.494,bybit,A/USDT:USDT,0.5802,20.0,0.5801,28.0,0.5803,2469.0,0.5804,2218.0
1753600116595,07:08:36.595,bybit,A/USDT:USDT,0.5802,20.0,0.5801,28.0,0.5803,2469.0,0.5804,2218.0
1753600116696,07:08:36.696,bybit,A/USDT:USDT,0.5802,20.0,0.5801,28.0,0.5803,2790.0,0.5804,2218.0
1753600116894,07:08:36.894,bybit,A/USDT:USDT,0.5802,20.0,0.5801,28.0,0.5803,2573.0,0.5804,2218.0
1753600116995,07:08:36.995,bybit,A/USDT:USDT,0.5802,20.0,0.5801,140.0,0.5803,1763.0,0.5804,1756.0
1753600117094,07:08:37.094,bybit,A/USDT:USDT,0.5802,20.0,0.5801,140.0,0.5803,1763.0,0.5804,1756.0
1753600117194,07:08:37.194,bybit,A/USDT:USDT,0.5802,20.0,0.5801,60.0,0.5803,1927.0,0.5804,849.0
1753600117294,07:08:37.294,bybit,A/USDT:USDT,0.5802,20.0,0.5801,28.0,0.5803,1972.0,0.5804,2051.0
1753600117395,07:08:37.395,bybit,A/USDT:USDT,0.5802,20.0,0.5801,28.0,0.5803,1972.0,0.5804,2051.0
1753600117594,07:08:37.594,bybit,A/USDT:USDT,0.5802,20.0,0.5801,28.0,0.5803,1972.0,0.5804,2083.0
1753600117794,07:08:37.794,bybit,A/USDT:USDT,0.5802,20.0,0.5801,28.0,0.5803,1972.0,0.5804,2083.0
1753600117894,07:08:37.894,bybit,A/USDT:USDT,0.5802,20.0,0.5801,28.0,0.5803,1972.0,0.5804,2083.0
1753600118094,07:08:38.094,bybit,A/USDT:USDT,0.5802,44.0,0.5801,28.0,0.5803,1972.0,0.5804,2083.0
1753600118295,07:08:38.295,bybit,A/USDT:USDT,0.5802,44.0,0.5801,28.0,0.5803,1972.0,0.5804,2083.0
1753600118394,07:08:38.394,bybit,A/USDT:USDT,0.5802,44.0,0.5801,28.0,0.5803,1617.0,0.5804,2083.0
1753600118494,07:08:38.494,bybit,A/USDT:USDT,0.5802,44.0,0.5801,28.0,0.5803,14711.0,0.5804,2083.0
1753600118895,07:08:38.895,bybit,A/USDT:USDT,0.5793,794.0,0.5792,3346.0,0.5794,469.0,0.5795,235.0
1753600118996,07:08:38.996,bybit,A/USDT:USDT,0.5795,80.0,0.5794,315.0,0.5797,1795.0,0.5798,1361.0
1753600119095,07:08:39.095,bybit,A/USDT:USDT,0.5795,207.0,0.5794,373.0,0.5796,235.0,0.5797,1176.0
1753600119296,07:08:39.296,bybit,A/USDT:USDT,0.5795,199.0,0.5794,328.0,0.5796,235.0,0.5797,638.0
1753600119394,07:08:39.394,bybit,A/USDT:USDT,0.5795,199.0,0.5794,328.0,0.5796,235.0,0.5797,358.0
1753600119495,07:08:39.495,bybit,A/USDT:USDT,0.5795,199.0,0.5794,328.0,0.5796,235.0,0.5797,358.0
1753600119696,07:08:39.696,bybit,A/USDT:USDT,0.5795,199.0,0.5794,328.0,0.5796,235.0,0.5797,358.0
1753600119794,07:08:39.794,bybit,A/USDT:USDT,0.5795,199.0,0.5794,328.0,0.5796,235.0,0.5797,358.0
1753600119894,07:08:39.894,bybit,A/USDT:USDT,0.5795,199.0,0.5794,328.0,0.5796,235.0,0.5797,358.0
1753600119995,07:08:39.995,bybit,A/USDT:USDT,0.5795,199.0,0.5794,93.0,0.5796,235.0,0.5797,669.0
1753600120095,07:08:40.095,bybit,A/USDT:USDT,0.5793,999.0,0.5792,9604.0,0.5796,235.0,0.5797,749.0
1753600120196,07:08:40.196,bybit,A/USDT:USDT,0.5793,1044.0,0.5792,9255.0,0.5796,235.0,0.5797,1181.0
1753600120294,07:08:40.294,bybit,A/USDT:USDT,0.5793,1044.0,0.5792,9255.0,0.5796,590.0,0.5797,1181.0
1753600120394,07:08:40.394,bybit,A/USDT:USDT,0.5793,1044.0,0.5792,9255.0,0.5796,590.0,0.5797,1181.0
1753600120595,07:08:40.595,bybit,A/USDT:USDT,0.5793,1044.0,0.5792,9300.0,0.5796,590.0,0.5797,1181.0
1753600120697,07:08:40.697,bybit,A/USDT:USDT,0.5793,1044.0,0.5792,9255.0,0.5796,670.0,0.5797,1181.0
1753600120795,07:08:40.795,bybit,A/USDT:USDT,0.5793,1044.0,0.5792,9255.0,0.5796,670.0,0.5797,1181.0
1753600120894,07:08:40.894,bybit,A/USDT:USDT,0.5793,1044.0,0.5792,9255.0,0.5796,670.0,0.5797,1181.0
1753600120994,07:08:40.994,bybit,A/USDT:USDT,0.5793,919.0,0.5792,9300.0,0.5796,670.0,0.5797,1181.0
1753600121294,07:08:41.294,bybit,A/USDT:USDT,0.5793,964.0,0.5792,9255.0,0.5796,981.0,0.5797,870.0
1753600121395,07:08:41.395,bybit,A/USDT:USDT,0.5793,964.0,0.5792,9255.0,0.5796,981.0,0.5797,1128.0
1753600121594,07:08:41.594,bybit,A/USDT:USDT,0.5793,964.0,0.5792,9255.0,0.5796,981.0,0.5797,1128.0
1753600121694,07:08:41.694,bybit,A/USDT:USDT,0.5793,919.0,0.5792,9255.0,0.5796,981.0,0.5797,1128.0
1753600121994,07:08:41.994,bybit,A/USDT:USDT,0.5793,964.0,0.5792,9255.0,0.5796,981.0,0.5797,1128.0
1753600122095,07:08:42.095,bybit,A/USDT:USDT,0.5793,919.0,0.5792,9255.0,0.5796,981.0,0.5797,1128.0
1753600122295,07:08:42.295,bybit,A/USDT:USDT,0.5793,919.0,0.5792,9255.0,0.5795,311.0,0.5796,448.0
1753600122394,07:08:42.394,bybit,A/USDT:USDT,0.5793,1044.0,0.5792,9300.0,0.5795,311.0,0.5796,912.0
1753600122495,07:08:42.495,bybit,A/USDT:USDT,0.5793,1044.0,0.5792,9300.0,0.5795,311.0,0.5796,912.0
1753600122594,07:08:42.594,bybit,A/USDT:USDT,0.5793,1044.0,0.5792,9300.0,0.5795,311.0,0.5796,912.0
1753600122794,07:08:42.794,bybit,A/USDT:USDT,0.5793,1044.0,0.5792,9300.0,0.5795,311.0,0.5796,912.0
1753600122895,07:08:42.895,bybit,A/USDT:USDT,0.5793,1044.0,0.5792,9300.0,0.5795,311.0,0.5796,912.0
1753600123195,07:08:43.195,bybit,A/USDT:USDT,0.5793,1044.0,0.5792,9300.0,0.5795,311.0,0.5796,912.0
1753600123494,07:08:43.494,bybit,A/USDT:USDT,0.5793,1044.0,0.5792,9300.0,0.5795,311.0,0.5796,912.0
1753600123697,07:08:43.697,bybit,A/USDT:USDT,0.5793,1044.0,0.5792,9300.0,0.5795,311.0,0.5796,912.0
1753600123896,07:08:43.896,bybit,A/USDT:USDT,0.5793,1044.0,0.5792,9300.0,0.5795,311.0,0.5796,912.0
1753600124196,07:08:44.196,bybit,A/USDT:USDT,0.5793,1044.0,0.5792,9300.0,0.5795,311.0,0.5796,557.0
1753600124295,07:08:44.295,bybit,A/USDT:USDT,0.5793,919.0,0.5792,9175.0,0.5795,391.0,0.5796,557.0
1753600124396,07:08:44.396,bybit,A/USDT:USDT,0.5793,887.0,0.5792,9098.0,0.5794,235.0,0.5795,391.0
1753600124494,07:08:44.494,bybit,A/USDT:USDT,0.5793,887.0,0.5792,9098.0,0.5794,235.0,0.5795,1196.0
1753600124594,07:08:44.594,bybit,A/USDT:USDT,0.5793,887.0,0.5792,9098.0,0.5794,235.0,0.5795,1196.0
1753600124693,07:08:44.693,bybit,A/USDT:USDT,0.5793,887.0,0.5792,8702.0,0.5794,235.0,0.5795,1196.0
1753600124795,07:08:44.795,bybit,A/USDT:USDT,0.5793,887.0,0.5792,8702.0,0.5794,235.0,0.5795,1209.0
1753600124894,07:08:44.894,bybit,A/USDT:USDT,0.5793,887.0,0.5792,8702.0,0.5794,235.0,0.5795,1209.0
1753600124995,07:08:44.995,bybit,A/USDT:USDT,0.5793,887.0,0.5792,8702.0,0.5794,235.0,0.5795,1209.0
1753600125094,07:08:45.094,bybit,A/USDT:USDT,0.5793,887.0,0.5792,8734.0,0.5794,235.0,0.5795,1209.0
1753600125194,07:08:45.194,bybit,A/USDT:USDT,0.5793,887.0,0.5792,8734.0,0.5794,235.0,0.5795,1209.0
1753600125594,07:08:45.594,bybit,A/USDT:USDT,0.5793,887.0,0.5792,8779.0,0.5794,546.0,0.5795,898.0
1753600125694,07:08:45.694,bybit,A/USDT:USDT,0.5793,887.0,0.5792,8734.0,0.5794,567.0,0.5795,898.0
1753600125895,07:08:45.895,bybit,A/USDT:USDT,0.5793,887.0,0.5792,8779.0,0.5794,567.0,0.5795,898.0
1753600125996,07:08:45.996,bybit,A/USDT:USDT,0.5793,887.0,0.5792,8779.0,0.5794,567.0,0.5795,898.0
1753600126394,07:08:46.394,bybit,A/USDT:USDT,0.5793,887.0,0.5792,8734.0,0.5794,567.0,0.5795,898.0
1753600126895,07:08:46.895,bybit,A/USDT:USDT,0.5793,887.0,0.5792,8734.0,0.5794,567.0,0.5795,898.0
1753600126995,07:08:46.995,bybit,A/USDT:USDT,0.5793,887.0,0.5792,8734.0,0.5794,567.0,0.5795,898.0
1753600127594,07:08:47.594,bybit,A/USDT:USDT,0.5793,887.0,0.5792,8779.0,0.5794,567.0,0.5795,898.0
1753600127794,07:08:47.794,bybit,A/USDT:USDT,0.5793,946.0,0.5792,8779.0,0.5794,567.0,0.5795,898.0
1753600127894,07:08:47.894,bybit,A/USDT:USDT,0.5793,946.0,0.5792,8779.0,0.5794,567.0,0.5795,898.0
1753600127994,07:08:47.994,bybit,A/USDT:USDT,0.5793,946.0,0.5792,8779.0,0.5794,567.0,0.5795,898.0
1753600128094,07:08:48.094,bybit,A/USDT:USDT,0.5793,946.0,0.5792,8779.0,0.5794,567.0,0.5795,898.0
1753600128494,07:08:48.494,bybit,A/USDT:USDT,0.5793,933.0,0.5792,8734.0,0.5794,3583.0,0.5795,898.0
1753600128594,07:08:48.594,bybit,A/USDT:USDT,0.5793,933.0,0.5792,8734.0,0.5794,3583.0,0.5795,898.0
1753600128994,07:08:48.994,bybit,A/USDT:USDT,0.5793,933.0,0.5792,8734.0,0.5794,3583.0,0.5795,898.0
1753600129194,07:08:49.194,bybit,A/USDT:USDT,0.5793,933.0,0.5792,8734.0,0.5794,3583.0,0.5795,898.0
1753600129594,07:08:49.594,bybit,A/USDT:USDT,0.5793,933.0,0.5792,8734.0,0.5794,3583.0,0.5795,898.0
1753600129696,07:08:49.696,bybit,A/USDT:USDT,0.5793,933.0,0.5792,8734.0,0.5794,3583.0,0.5795,898.0
1753600129894,07:08:49.894,bybit,A/USDT:USDT,0.5793,933.0,0.5792,8734.0,0.5794,3583.0,0.5795,898.0
1753600129994,07:08:49.994,bybit,A/USDT:USDT,0.5793,933.0,0.5792,8734.0,0.5794,3583.0,0.5795,898.0
1753600130094,07:08:50.094,bybit,A/USDT:USDT,0.5793,933.0,0.5792,8734.0,0.5794,3583.0,0.5795,898.0
1753600130294,07:08:50.294,bybit,A/USDT:USDT,0.5793,933.0,0.5792,8734.0,0.5794,3583.0,0.5795,898.0
1753600130394,07:08:50.394,bybit,A/USDT:USDT,0.5793,933.0,0.5792,8734.0,0.5794,3583.0,0.5795,898.0
1753600130594,07:08:50.594,bybit,A/USDT:USDT,0.5793,933.0,0.5792,8779.0,0.5794,3583.0,0.5795,898.0
1753600130895,07:08:50.895,bybit,A/USDT:USDT,0.5793,933.0,0.5792,8779.0,0.5794,3583.0,0.5795,898.0
1753600130995,07:08:50.995,bybit,A/USDT:USDT,0.5793,933.0,0.5792,8734.0,0.5794,3583.0,0.5795,898.0
1753600131294,07:08:51.294,bybit,A/USDT:USDT,0.5793,933.0,0.5792,8734.0,0.5794,3583.0,0.5795,898.0
1753600131394,07:08:51.394,bybit,A/USDT:USDT,0.5793,933.0,0.5792,8734.0,0.5794,3583.0,0.5795,898.0
1753600131694,07:08:51.694,bybit,A/USDT:USDT,0.5793,933.0,0.5792,8734.0,0.5794,3583.0,0.5795,898.0
1753600131794,07:08:51.794,bybit,A/USDT:USDT,0.5793,933.0,0.5792,8734.0,0.5794,3583.0,0.5795,898.0
1753600131894,07:08:51.894,bybit,A/USDT:USDT,0.5793,933.0,0.5792,8779.0,0.5794,3583.0,0.5795,898.0
1753600131994,07:08:51.994,bybit,A/USDT:USDT,0.5793,933.0,0.5792,8779.0,0.5794,3583.0,0.5795,898.0
1753600132094,07:08:52.094,bybit,A/USDT:USDT,0.5793,933.0,0.5792,8779.0,0.5794,3583.0,0.5795,898.0
1753600132396,07:08:52.396,bybit,A/USDT:USDT,0.5793,933.0,0.5792,8779.0,0.5794,3583.0,0.5795,898.0
1753600132594,07:08:52.594,bybit,A/USDT:USDT,0.5793,933.0,0.5792,8779.0,0.5794,3583.0,0.5795,898.0
1753600132695,07:08:52.695,bybit,A/USDT:USDT,0.5794,374.0,0.5793,1242.0,0.5795,55.0,0.5796,613.0
1753600132795,07:08:52.795,bybit,A/USDT:USDT,0.5798,355.0,0.5797,398.0,0.58,91.0,0.5801,23.0
1753600132895,07:08:52.895,bybit,A/USDT:USDT,0.5797,215.0,0.5796,915.0,0.5799,736.0,0.58,184.0
1753600132994,07:08:52.994,bybit,A/USDT:USDT,0.5797,295.0,0.5796,915.0,0.5799,736.0,0.58,184.0
1753600133094,07:08:53.094,bybit,A/USDT:USDT,0.5797,263.0,0.5796,793.0,0.5799,736.0,0.58,184.0
1753600133194,07:08:53.194,bybit,A/USDT:USDT,0.5797,263.0,0.5796,838.0,0.5799,736.0,0.58,184.0
1753600133295,07:08:53.295,bybit,A/USDT:USDT,0.5797,263.0,0.5796,838.0,0.5799,736.0,0.58,184.0
1753600133494,07:08:53.494,bybit,A/USDT:USDT,0.5797,263.0,0.5796,838.0,0.5799,736.0,0.58,184.0
1753600133594,07:08:53.594,bybit,A/USDT:USDT,0.5797,263.0,0.5796,883.0,0.5799,736.0,0.58,184.0
1753600133794,07:08:53.794,bybit,A/USDT:USDT,0.5797,263.0,0.5796,883.0,0.5799,736.0,0.58,184.0
1753600133894,07:08:53.894,bybit,A/USDT:USDT,0.5797,263.0,0.5796,883.0,0.5799,80.0,0.58,184.0
1753600133994,07:08:53.994,bybit,A/USDT:USDT,0.5797,263.0,0.5796,883.0,0.5799,80.0,0.58,184.0
1753600134094,07:08:54.094,bybit,A/USDT:USDT,0.5797,263.0,0.5796,838.0,0.5799,80.0,0.58,184.0
1753600134202,07:08:54.202,bybit,A/USDT:USDT,0.5797,263.0,0.5796,838.0,0.5799,80.0,0.58,184.0
1753600134494,07:08:54.494,bybit,A/USDT:USDT,0.5797,263.0,0.5796,838.0,0.5799,80.0,0.58,184.0
1753600134594,07:08:54.594,bybit,A/USDT:USDT,0.5797,263.0,0.5796,838.0,0.5799,80.0,0.58,184.0
1753600134695,07:08:54.695,bybit,A/USDT:USDT,0.5797,263.0,0.5796,838.0,0.5799,80.0,0.58,184.0
1753600134794,07:08:54.794,bybit,A/USDT:USDT,0.5797,263.0,0.5796,838.0,0.5799,80.0,0.58,184.0
1753600134896,07:08:54.896,bybit,A/USDT:USDT,0.5797,263.0,0.5796,825.0,0.5799,80.0,0.58,184.0
1753600134995,07:08:54.995,bybit,A/USDT:USDT,0.5797,263.0,0.5796,825.0,0.5799,80.0,0.58,184.0
1753600135095,07:08:55.095,bybit,A/USDT:USDT,0.5797,263.0,0.5796,825.0,0.5799,184.0,0.58,184.0
1753600135195,07:08:55.195,bybit,A/USDT:USDT,0.5797,263.0,0.5796,825.0,0.5799,184.0,0.58,184.0
1753600135594,07:08:55.594,bybit,A/USDT:USDT,0.5797,263.0,0.5796,825.0,0.5799,184.0,0.58,184.0
1753600135696,07:08:55.696,bybit,A/USDT:USDT,0.5797,263.0,0.5796,870.0,0.5799,184.0,0.58,184.0
1753600135795,07:08:55.795,bybit,A/USDT:USDT,0.5797,263.0,0.5796,825.0,0.5799,184.0,0.58,184.0
1753600135894,07:08:55.894,bybit,A/USDT:USDT,0.5797,263.0,0.5796,825.0,0.5799,184.0,0.58,184.0
1753600135995,07:08:55.995,bybit,A/USDT:USDT,0.5797,263.0,0.5796,915.0,0.5799,184.0,0.58,184.0
1753600136199,07:08:56.199,bybit,A/USDT:USDT,0.5797,183.0,0.5796,915.0,0.5799,184.0,0.58,184.0
1753600136396,07:08:56.396,bybit,A/USDT:USDT,0.5797,228.0,0.5796,915.0,0.5799,184.0,0.58,184.0
1753600136594,07:08:56.594,bybit,A/USDT:USDT,0.5797,228.0,0.5796,915.0,0.5799,184.0,0.58,184.0
1753600136794,07:08:56.794,bybit,A/USDT:USDT,0.5797,228.0,0.5796,915.0,0.5799,184.0,0.58,184.0
1753600136894,07:08:56.894,bybit,A/USDT:USDT,0.5797,228.0,0.5796,915.0,0.5799,184.0,0.58,184.0
1753600137094,07:08:57.094,bybit,A/USDT:USDT,0.5797,228.0,0.5796,915.0,0.5799,184.0,0.58,184.0
1753600137194,07:08:57.194,bybit,A/USDT:USDT,0.5797,228.0,0.5796,915.0,0.5799,184.0,0.58,184.0
1753600137394,07:08:57.394,bybit,A/USDT:USDT,0.5797,183.0,0.5796,870.0,0.5799,184.0,0.58,184.0
1753600137495,07:08:57.495,bybit,A/USDT:USDT,0.5797,183.0,0.5796,825.0,0.5799,184.0,0.58,184.0
1753600137594,07:08:57.594,bybit,A/USDT:USDT,0.5797,183.0,0.5796,870.0,0.5799,80.0,0.58,184.0
1753600138094,07:08:58.094,bybit,A/USDT:USDT,0.5797,183.0,0.5796,870.0,0.5799,80.0,0.58,184.0
1753600138196,07:08:58.196,bybit,A/USDT:USDT,0.5797,308.0,0.5796,870.0,0.5799,80.0,0.58,184.0
1753600138296,07:08:58.296,bybit,A/USDT:USDT,0.5797,263.0,0.5796,870.0,0.5799,80.0,0.58,184.0
1753600138494,07:08:58.494,bybit,A/USDT:USDT,0.5797,263.0,0.5796,825.0,0.5799,80.0,0.58,274.0
1753600138794,07:08:58.794,bybit,A/USDT:USDT,0.5797,263.0,0.5796,825.0,0.5799,80.0,0.58,229.0
1753600139194,07:08:59.194,bybit,A/USDT:USDT,0.5797,263.0,0.5796,915.0,0.5799,80.0,0.58,184.0
1753600139293,07:08:59.293,bybit,A/USDT:USDT,0.5797,263.0,0.5796,915.0,0.5799,80.0,0.58,184.0
1753600139594,07:08:59.594,bybit,A/USDT:USDT,0.5797,263.0,0.5796,915.0,0.5799,80.0,0.58,184.0
1753600139694,07:08:59.694,bybit,A/USDT:USDT,0.5797,263.0,0.5796,915.0,0.5799,80.0,0.58,184.0
1753600139794,07:08:59.794,bybit,A/USDT:USDT,0.5797,263.0,0.5796,915.0,0.5799,80.0,0.58,184.0
1753600139994,07:08:59.994,bybit,A/USDT:USDT,0.5797,263.0,0.5796,915.0,0.5799,80.0,0.58,184.0
1753600140094,07:09:00.094,bybit,A/USDT:USDT,0.5797,282.0,0.5796,915.0,0.5799,80.0,0.58,184.0
1753600140296,07:09:00.296,bybit,A/USDT:USDT,0.5797,282.0,0.5796,915.0,0.5799,80.0,0.58,184.0
1753600140394,07:09:00.394,bybit,A/USDT:USDT,0.5797,421.0,0.5796,870.0,0.58,171.0,0.5801,1011.0
1753600140494,07:09:00.494,bybit,A/USDT:USDT,0.5797,282.0,0.5796,915.0,0.5799,645.0,0.58,184.0
1753600140594,07:09:00.594,bybit,A/USDT:USDT,0.5797,282.0,0.5796,915.0,0.5799,645.0,0.58,184.0
1753600140695,07:09:00.695,bybit,A/USDT:USDT,0.5797,282.0,0.5796,915.0,0.5799,645.0,0.58,184.0
1753600140795,07:09:00.795,bybit,A/USDT:USDT,0.5797,282.0,0.5796,915.0,0.5799,645.0,0.58,184.0
1753600140896,07:09:00.896,bybit,A/USDT:USDT,0.5797,327.0,0.5796,915.0,0.5799,645.0,0.58,184.0
1753600141094,07:09:01.094,bybit,A/USDT:USDT,0.5797,308.0,0.5796,915.0,0.5799,645.0,0.58,184.0
1753600141896,07:09:01.896,bybit,A/USDT:USDT,0.5797,308.0,0.5796,915.0,0.5799,725.0,0.58,184.0
1753600141995,07:09:01.995,bybit,A/USDT:USDT,0.5797,308.0,0.5796,915.0,0.5799,80.0,0.58,184.0
1753600142194,07:09:02.194,bybit,A/USDT:USDT,0.5797,263.0,0.5796,915.0,0.5798,606.0,0.5799,80.0
1753600142294,07:09:02.294,bybit,A/USDT:USDT,0.5797,263.0,0.5796,915.0,0.5798,606.0,0.5799,80.0
1753600142394,07:09:02.394,bybit,A/USDT:USDT,0.5797,263.0,0.5796,915.0,0.5798,606.0,0.5799,93.0
1753600142495,07:09:02.495,bybit,A/USDT:USDT,0.5797,263.0,0.5796,915.0,0.5798,606.0,0.5799,93.0
1753600142594,07:09:02.594,bybit,A/USDT:USDT,0.5797,263.0,0.5796,915.0,0.5798,606.0,0.5799,93.0
1753600142694,07:09:02.694,bybit,A/USDT:USDT,0.5797,263.0,0.5796,883.0,0.5798,606.0,0.5799,475.0
1753600142795,07:09:02.795,bybit,A/USDT:USDT,0.5797,263.0,0.5796,192.0,0.5798,606.0,0.5799,475.0
1753600142895,07:09:02.895,bybit,A/USDT:USDT,0.5797,263.0,0.5796,192.0,0.5798,606.0,0.5799,475.0
1753600142994,07:09:02.994,bybit,A/USDT:USDT,0.5797,263.0,0.5796,192.0,0.5798,606.0,0.5799,475.0
1753600143197,07:09:03.197,bybit,A/USDT:USDT,0.5797,263.0,0.5796,102.0,0.5798,606.0,0.5799,395.0
1753600143294,07:09:03.294,bybit,A/USDT:USDT,0.5797,263.0,0.5796,192.0,0.5798,606.0,0.5799,395.0
1753600143394,07:09:03.394,bybit,A/USDT:USDT,0.5797,263.0,0.5796,192.0,0.5798,606.0,0.5799,395.0
1753600143496,07:09:03.496,bybit,A/USDT:USDT,0.5797,263.0,0.5796,192.0,0.5798,606.0,0.5799,395.0
1753600143594,07:09:03.594,bybit,A/USDT:USDT,0.5797,263.0,0.5796,192.0,0.5798,606.0,0.5799,395.0
1753600143695,07:09:03.695,bybit,A/USDT:USDT,0.5797,263.0,0.5796,192.0,0.5798,606.0,0.5799,395.0
1753600143794,07:09:03.794,bybit,A/USDT:USDT,0.5797,263.0,0.5796,192.0,0.5798,606.0,0.5799,395.0
1753600143895,07:09:03.895,bybit,A/USDT:USDT,0.5797,263.0,0.5796,192.0,0.5798,606.0,0.5799,395.0
1753600143994,07:09:03.994,bybit,A/USDT:USDT,0.5797,263.0,0.5796,192.0,0.5798,606.0,0.5799,395.0
1753600144094,07:09:04.094,bybit,A/USDT:USDT,0.5797,263.0,0.5796,192.0,0.5798,606.0,0.5799,395.0
1753600144201,07:09:04.201,bybit,A/USDT:USDT,0.5797,263.0,0.5796,192.0,0.5798,25.0,0.5799,395.0
1753600144394,07:09:04.394,bybit,A/USDT:USDT,0.5797,263.0,0.5796,192.0,0.5798,48.0,0.5799,395.0
1753600144594,07:09:04.594,bybit,A/USDT:USDT,0.5797,263.0,0.5796,192.0,0.5798,48.0,0.5799,395.0
1753600144694,07:09:04.694,bybit,A/USDT:USDT,0.5797,263.0,0.5796,192.0,0.5798,48.0,0.5799,395.0
1753600144994,07:09:04.994,bybit,A/USDT:USDT,0.5797,263.0,0.5796,192.0,0.5798,48.0,0.5799,395.0
1753600145395,07:09:05.395,bybit,A/USDT:USDT,0.5797,263.0,0.5796,192.0,0.5798,48.0,0.5799,395.0
1753600145494,07:09:05.494,bybit,A/USDT:USDT,0.5797,308.0,0.5796,224.0,0.5798,48.0,0.5799,395.0
1753600145594,07:09:05.594,bybit,A/USDT:USDT,0.5797,308.0,0.5796,224.0,0.5798,48.0,0.5799,395.0
1753600145694,07:09:05.694,bybit,A/USDT:USDT,0.5797,308.0,0.5796,224.0,0.5798,48.0,0.5799,395.0
1753600145794,07:09:05.794,bybit,A/USDT:USDT,0.5797,308.0,0.5796,224.0,0.5798,48.0,0.5799,395.0
1753600145895,07:09:05.895,bybit,A/USDT:USDT,0.5797,308.0,0.5796,224.0,0.5798,48.0,0.5799,395.0
1753600145994,07:09:05.994,bybit,A/USDT:USDT,0.5797,308.0,0.5796,224.0,0.5798,48.0,0.5799,395.0
1753600146494,07:09:06.494,bybit,A/USDT:USDT,0.5797,183.0,0.5796,22.0,0.5798,128.0,0.5799,565.0
1753600146595,07:09:06.595,bybit,A/USDT:USDT,0.5797,183.0,0.5796,22.0,0.5798,128.0,0.5799,565.0
1753600146694,07:09:06.694,bybit,A/USDT:USDT,0.5797,183.0,0.5796,22.0,0.5798,128.0,0.5799,565.0
1753600146894,07:09:06.894,bybit,A/USDT:USDT,0.5797,183.0,0.5796,22.0,0.5798,128.0,0.5799,565.0
1753600147094,07:09:07.094,bybit,A/USDT:USDT,0.5797,183.0,0.5796,22.0,0.5798,128.0,0.5799,565.0
1753600147296,07:09:07.296,bybit,A/USDT:USDT,0.5797,183.0,0.5796,22.0,0.5798,128.0,0.5799,565.0
1753600147595,07:09:07.595,bybit,A/USDT:USDT,0.5797,183.0,0.5796,22.0,0.5798,128.0,0.5799,520.0
1753600147894,07:09:07.894,bybit,A/USDT:USDT,0.5797,183.0,0.5796,22.0,0.5798,2666.0,0.5799,565.0
1753600148000,07:09:08.000,bybit,A/USDT:USDT,0.5797,183.0,0.5796,22.0,0.5798,2666.0,0.5799,565.0
1753600148096,07:09:08.096,bybit,A/USDT:USDT,0.5797,183.0,0.5796,22.0,0.5798,2666.0,0.5799,565.0
1753600148994,07:09:08.994,bybit,A/USDT:USDT,0.5797,183.0,0.5796,147.0,0.5798,3901.0,0.5799,552.0
1753600149094,07:09:09.094,bybit,A/USDT:USDT,0.5797,183.0,0.5796,67.0,0.5798,3901.0,0.5799,552.0
1753600149394,07:09:09.394,bybit,A/USDT:USDT,0.5797,183.0,0.5796,22.0,0.5798,3901.0,0.5799,552.0
1753600149494,07:09:09.494,bybit,A/USDT:USDT,0.5797,183.0,0.5796,22.0,0.5798,3901.0,0.5799,552.0
1753600149594,07:09:09.594,bybit,A/USDT:USDT,0.5797,183.0,0.5796,22.0,0.5798,3901.0,0.5799,552.0
1753600149994,07:09:09.994,bybit,A/USDT:USDT,0.5797,183.0,0.5796,22.0,0.5798,3901.0,0.5799,552.0
1753600150095,07:09:10.095,bybit,A/USDT:USDT,0.5797,183.0,0.5796,22.0,0.5798,3901.0,0.5799,552.0
1753600150197,07:09:10.197,bybit,A/USDT:USDT,0.5797,183.0,0.5796,22.0,0.5798,3901.0,0.5799,552.0
1753600150294,07:09:10.294,bybit,A/USDT:USDT,0.5797,183.0,0.5796,22.0,0.5798,3901.0,0.5799,552.0
1753600150394,07:09:10.394,bybit,A/USDT:USDT,0.5797,183.0,0.5796,22.0,0.5798,3891.0,0.5799,552.0
1753600150595,07:09:10.595,bybit,A/USDT:USDT,0.5797,183.0,0.5796,22.0,0.5798,3971.0,0.5799,552.0
1753600150695,07:09:10.695,bybit,A/USDT:USDT,0.5797,183.0,0.5796,22.0,0.5798,3971.0,0.5799,552.0
1753600151195,07:09:11.195,bybit,A/USDT:USDT,0.5797,183.0,0.5796,22.0,0.5798,3969.0,0.5799,520.0
1753600151594,07:09:11.594,bybit,A/USDT:USDT,0.5797,183.0,0.5796,22.0,0.5798,3969.0,0.5799,520.0
1753600152194,07:09:12.194,bybit,A/USDT:USDT,0.5797,183.0,0.5796,22.0,0.5798,3969.0,0.5799,520.0
1753600152294,07:09:12.294,bybit,A/USDT:USDT,0.5797,183.0,0.5796,22.0,0.5798,3969.0,0.5799,520.0
1753600152494,07:09:12.494,bybit,A/USDT:USDT,0.5797,183.0,0.5796,22.0,0.5798,3969.0,0.5799,552.0
1753600152795,07:09:12.795,bybit,A/USDT:USDT,0.5797,183.0,0.5796,22.0,0.5798,3969.0,0.5799,552.0
1753600153094,07:09:13.094,bybit,A/USDT:USDT,0.5797,183.0,0.5796,9.0,0.5798,4014.0,0.5799,597.0
1753600153194,07:09:13.194,bybit,A/USDT:USDT,0.5797,183.0,0.5796,9.0,0.5798,4014.0,0.5799,597.0
1753600153295,07:09:13.295,bybit,A/USDT:USDT,0.5797,183.0,0.5796,9.0,0.5798,3969.0,0.5799,552.0
1753600153594,07:09:13.594,bybit,A/USDT:USDT,0.5797,183.0,0.5796,9.0,0.5798,3969.0,0.5799,552.0
1753600153894,07:09:13.894,bybit,A/USDT:USDT,0.5797,183.0,0.5796,9.0,0.5798,3969.0,0.5799,552.0
1753600153994,07:09:13.994,bybit,A/USDT:USDT,0.5797,183.0,0.5796,9.0,0.5798,3969.0,0.5799,552.0
1753600154196,07:09:14.196,bybit,A/USDT:USDT,0.5797,183.0,0.5796,9.0,0.5798,4363.0,0.5799,552.0
1753600154394,07:09:14.394,bybit,A/USDT:USDT,0.5796,9.0,0.5795,453.0,0.5797,80.0,0.5798,4395.0
