timestamp,time,exchange,symbol,bid1_price,bid1_volume,bid2_price,bid2_volume,ask1_price,ask1_volume,ask2_price,ask2_volume
1753599984149,07:06:24.149,binance,ACT/USDT:USDT,0.04611,11848.0,0.0461,22998.0,0.04613,12828.0,0.04614,19708.0
1753599984702,07:06:24.702,binance,ACT/USDT:USDT,0.04611,11848.0,0.0461,22998.0,0.04613,24442.0,0.04614,20095.0
1753599985402,07:06:25.402,binance,ACT/USDT:USDT,0.04611,11848.0,0.0461,22998.0,0.04613,24442.0,0.04614,25856.0
1753599986342,07:06:26.342,binance,ACT/USDT:USDT,0.04611,11848.0,0.0461,22998.0,0.04613,24442.0,0.04614,25856.0
1753599986508,07:06:26.508,binance,ACT/USDT:USDT,0.04611,11848.0,0.0461,22998.0,0.04613,24442.0,0.04614,25856.0
1753599987007,07:06:27.007,binance,ACT/USDT:USDT,0.04611,11848.0,0.0461,22998.0,0.04613,24442.0,0.04614,25856.0
1753599987336,07:06:27.336,binance,ACT/USDT:USDT,0.04611,11848.0,0.0461,22998.0,0.04613,24442.0,0.04614,25856.0
1753599987482,07:06:27.482,binance,ACT/USDT:USDT,0.04611,11848.0,0.0461,22998.0,0.04613,24442.0,0.04614,25856.0
1753599988590,07:06:28.590,binance,ACT/USDT:USDT,0.04611,11848.0,0.0461,22998.0,0.04613,24442.0,0.04614,25856.0
1753599989526,07:06:29.526,binance,ACT/USDT:USDT,0.04611,11848.0,0.0461,22998.0,0.04613,24442.0,0.04614,25856.0
1753599990035,07:06:30.035,binance,ACT/USDT:USDT,0.04611,11848.0,0.0461,22998.0,0.04613,24442.0,0.04614,25856.0
1753599990372,07:06:30.372,binance,ACT/USDT:USDT,0.04611,11848.0,0.0461,22998.0,0.04613,24442.0,0.04614,25856.0
1753599991402,07:06:31.402,binance,ACT/USDT:USDT,0.04611,12158.0,0.0461,22998.0,0.04613,24603.0,0.04614,25856.0
1753599991933,07:06:31.933,binance,ACT/USDT:USDT,0.04611,12158.0,0.0461,22998.0,0.04613,24603.0,0.04614,25856.0
1753599992037,07:06:32.037,binance,ACT/USDT:USDT,0.04611,12158.0,0.0461,22998.0,0.04613,24603.0,0.04614,25856.0
1753599992482,07:06:32.482,binance,ACT/USDT:USDT,0.04611,12158.0,0.0461,22998.0,0.04613,24603.0,0.04614,25856.0
1753599992813,07:06:32.813,binance,ACT/USDT:USDT,0.04611,12158.0,0.0461,22998.0,0.04613,24603.0,0.04614,25856.0
1753599993002,07:06:33.002,binance,ACT/USDT:USDT,0.04611,12158.0,0.0461,22998.0,0.04613,24603.0,0.04614,25856.0
1753599993400,07:06:33.400,binance,ACT/USDT:USDT,0.04611,12158.0,0.0461,22998.0,0.04613,24603.0,0.04614,25856.0
1753599993545,07:06:33.545,binance,ACT/USDT:USDT,0.04611,12158.0,0.0461,22998.0,0.04613,24603.0,0.04614,25856.0
1753599993702,07:06:33.702,binance,ACT/USDT:USDT,0.04611,12158.0,0.0461,22998.0,0.04613,24603.0,0.04614,25856.0
1753599993827,07:06:33.827,binance,ACT/USDT:USDT,0.04611,12158.0,0.0461,22998.0,0.04613,24603.0,0.04614,20095.0
1753599994102,07:06:34.102,binance,ACT/USDT:USDT,0.04611,12158.0,0.0461,22998.0,0.04613,24603.0,0.04614,20095.0
1753599994309,07:06:34.309,binance,ACT/USDT:USDT,0.04611,12158.0,0.0461,22998.0,0.04613,24603.0,0.04614,20095.0
1753599994562,07:06:34.562,binance,ACT/USDT:USDT,0.04611,12158.0,0.0461,22998.0,0.04613,24603.0,0.04614,20095.0
1753599994810,07:06:34.810,binance,ACT/USDT:USDT,0.04611,12158.0,0.0461,22998.0,0.04613,24603.0,0.04614,20095.0
1753599995153,07:06:35.153,binance,ACT/USDT:USDT,0.04611,12158.0,0.0461,22998.0,0.04613,24603.0,0.04614,20095.0
1753599995655,07:06:35.655,binance,ACT/USDT:USDT,0.04611,12022.0,0.0461,22998.0,0.04613,24603.0,0.04614,20095.0
1753599995979,07:06:35.979,binance,ACT/USDT:USDT,0.04611,12022.0,0.0461,22998.0,0.04613,24603.0,0.04614,20095.0
1753599996202,07:06:36.202,binance,ACT/USDT:USDT,0.04611,12022.0,0.0461,22998.0,0.04613,24603.0,0.04614,20095.0
1753599996519,07:06:36.519,binance,ACT/USDT:USDT,0.04611,12022.0,0.0461,22998.0,0.04613,24603.0,0.04614,20095.0
1753599996652,07:06:36.652,binance,ACT/USDT:USDT,0.04611,12022.0,0.0461,22998.0,0.04613,24603.0,0.04614,20095.0
1753599996802,07:06:36.802,binance,ACT/USDT:USDT,0.04611,12022.0,0.0461,22998.0,0.04613,24603.0,0.04614,20095.0
1753599996905,07:06:36.905,binance,ACT/USDT:USDT,0.04611,12022.0,0.0461,22998.0,0.04613,24603.0,0.04614,20095.0
1753599997037,07:06:37.037,binance,ACT/USDT:USDT,0.04611,12022.0,0.0461,22998.0,0.04613,24603.0,0.04614,20095.0
1753599997370,07:06:37.370,binance,ACT/USDT:USDT,0.04611,12022.0,0.0461,22998.0,0.04613,24603.0,0.04614,20095.0
1753599997902,07:06:37.902,binance,ACT/USDT:USDT,0.04611,12022.0,0.0461,22998.0,0.04613,24603.0,0.04614,20095.0
1753599998502,07:06:38.502,binance,ACT/USDT:USDT,0.04611,12022.0,0.0461,22998.0,0.04613,24603.0,0.04614,20095.0
1753599998780,07:06:38.780,binance,ACT/USDT:USDT,0.04611,12022.0,0.0461,22998.0,0.04613,24603.0,0.04614,20095.0
1753599999102,07:06:39.102,binance,ACT/USDT:USDT,0.04611,12022.0,0.0461,22998.0,0.04613,24603.0,0.04614,25856.0
1753599999508,07:06:39.508,binance,ACT/USDT:USDT,0.04611,12022.0,0.0461,22998.0,0.04613,24603.0,0.04614,25856.0
1753599999702,07:06:39.702,binance,ACT/USDT:USDT,0.04611,12022.0,0.0461,22998.0,0.04613,24603.0,0.04614,25856.0
1753600000124,07:06:40.124,binance,ACT/USDT:USDT,0.04611,12022.0,0.0461,22998.0,0.04613,24603.0,0.04614,25856.0
1753600000302,07:06:40.302,binance,ACT/USDT:USDT,0.04611,12022.0,0.0461,22998.0,0.04613,24603.0,0.04614,25856.0
1753600000484,07:06:40.484,binance,ACT/USDT:USDT,0.04612,8079.0,0.04611,12287.0,0.04613,20559.0,0.04614,20095.0
1753600000588,07:06:40.588,binance,ACT/USDT:USDT,0.04612,8079.0,0.04611,17886.0,0.04613,15864.0,0.04614,20095.0
1753600000691,07:06:40.691,binance,ACT/USDT:USDT,0.04612,8389.0,0.04611,12287.0,0.04613,15864.0,0.04614,23924.0
1753600000794,07:06:40.794,binance,ACT/USDT:USDT,0.04612,310.0,0.04611,21162.0,0.04613,15864.0,0.04614,29136.0
1753600000913,07:06:40.913,binance,ACT/USDT:USDT,0.04612,310.0,0.04611,21162.0,0.04613,15864.0,0.04614,29136.0
1753600001048,07:06:41.048,binance,ACT/USDT:USDT,0.04612,310.0,0.04611,21162.0,0.04613,15864.0,0.04614,29136.0
1753600001176,07:06:41.176,binance,ACT/USDT:USDT,0.04612,1396.0,0.04611,11201.0,0.04613,20472.0,0.04614,29136.0
1753600001281,07:06:41.281,binance,ACT/USDT:USDT,0.04612,1396.0,0.04611,11201.0,0.04613,20472.0,0.04614,29136.0
1753600001393,07:06:41.393,binance,ACT/USDT:USDT,0.04612,1396.0,0.04611,11201.0,0.04613,20472.0,0.04614,29136.0
1753600001542,07:06:41.542,binance,ACT/USDT:USDT,0.04612,1396.0,0.04611,11330.0,0.04613,20472.0,0.04614,29136.0
1753600001648,07:06:41.648,binance,ACT/USDT:USDT,0.04612,1396.0,0.04611,11330.0,0.04613,20472.0,0.04614,29136.0
1753600001872,07:06:41.872,binance,ACT/USDT:USDT,0.04612,1396.0,0.04611,11330.0,0.04613,38560.0,0.04614,29527.0
1753600001975,07:06:41.975,binance,ACT/USDT:USDT,0.04612,1396.0,0.04611,11330.0,0.04613,38560.0,0.04614,29527.0
1753600002108,07:06:42.108,binance,ACT/USDT:USDT,0.04612,1396.0,0.04611,11330.0,0.04613,38560.0,0.04614,29527.0
1753600002214,07:06:42.214,binance,ACT/USDT:USDT,0.04612,1396.0,0.04611,11330.0,0.04613,38560.0,0.04614,29527.0
1753600002502,07:06:42.502,binance,ACT/USDT:USDT,0.04612,1396.0,0.04611,11330.0,0.04613,38560.0,0.04614,29527.0
1753600002645,07:06:42.645,binance,ACT/USDT:USDT,0.04612,1396.0,0.04611,11330.0,0.04613,38560.0,0.04614,29527.0
1753600003107,07:06:43.107,binance,ACT/USDT:USDT,0.04612,1396.0,0.04611,11330.0,0.04613,38560.0,0.04614,29527.0
1753600003314,07:06:43.314,binance,ACT/USDT:USDT,0.04612,1396.0,0.04611,11330.0,0.04613,38560.0,0.04614,29527.0
1753600003581,07:06:43.581,binance,ACT/USDT:USDT,0.04612,1396.0,0.04611,11330.0,0.04613,38560.0,0.04614,29527.0
1753600003684,07:06:43.684,binance,ACT/USDT:USDT,0.04612,1396.0,0.04611,11330.0,0.04613,38560.0,0.04614,29527.0
1753600004015,07:06:44.015,binance,ACT/USDT:USDT,0.04612,1396.0,0.04611,11330.0,0.04613,38560.0,0.04614,29527.0
1753600004553,07:06:44.553,binance,ACT/USDT:USDT,0.04612,1396.0,0.04611,11330.0,0.04613,38560.0,0.04614,29527.0
1753600004803,07:06:44.803,binance,ACT/USDT:USDT,0.04612,1396.0,0.04611,11330.0,0.04613,38560.0,0.04614,29527.0
1753600005333,07:06:45.333,binance,ACT/USDT:USDT,0.04612,1396.0,0.04611,11330.0,0.04613,38560.0,0.04614,29527.0
1753600005462,07:06:45.462,binance,ACT/USDT:USDT,0.04612,1396.0,0.04611,11330.0,0.04613,38560.0,0.04614,29527.0
1753600005610,07:06:45.610,binance,ACT/USDT:USDT,0.04612,1396.0,0.04611,11330.0,0.04613,38560.0,0.04614,29527.0
1753600005818,07:06:45.818,binance,ACT/USDT:USDT,0.04612,1396.0,0.04611,11330.0,0.04613,35312.0,0.04614,29527.0
1753600005925,07:06:45.925,binance,ACT/USDT:USDT,0.04612,1614.0,0.04611,11330.0,0.04613,33169.0,0.04614,29527.0
1753600006443,07:06:46.443,binance,ACT/USDT:USDT,0.04612,1396.0,0.04611,11330.0,0.04613,33169.0,0.04614,29527.0
1753600006558,07:06:46.558,binance,ACT/USDT:USDT,0.04612,1396.0,0.04611,11330.0,0.04613,33169.0,0.04614,29527.0
1753600006934,07:06:46.934,binance,ACT/USDT:USDT,0.04611,10755.0,0.0461,26292.0,0.04613,36102.0,0.04614,32460.0
1753600007043,07:06:47.043,binance,ACT/USDT:USDT,0.04611,10755.0,0.0461,26292.0,0.04613,40733.0,0.04614,52051.0
1753600007159,07:06:47.159,binance,ACT/USDT:USDT,0.04611,10755.0,0.0461,26292.0,0.04613,37800.0,0.04614,52051.0
1753600007307,07:06:47.307,binance,ACT/USDT:USDT,0.04611,10755.0,0.0461,36667.0,0.04612,21681.0,0.04613,61484.0
1753600007411,07:06:47.411,binance,ACT/USDT:USDT,0.04611,10755.0,0.0461,36667.0,0.04612,21681.0,0.04613,50643.0
1753600007512,07:06:47.512,binance,ACT/USDT:USDT,0.04611,10908.0,0.0461,36667.0,0.04612,21681.0,0.04613,45223.0
1753600007621,07:06:47.621,binance,ACT/USDT:USDT,0.04611,10908.0,0.0461,36667.0,0.04612,17289.0,0.04613,40592.0
1753600007727,07:06:47.727,binance,ACT/USDT:USDT,0.04611,10908.0,0.0461,36667.0,0.04612,12953.0,0.04613,39642.0
1753600007838,07:06:47.838,binance,ACT/USDT:USDT,0.04611,10908.0,0.0461,36667.0,0.04612,7302.0,0.04613,33878.0
1753600007939,07:06:47.939,binance,ACT/USDT:USDT,0.04611,10908.0,0.0461,42431.0,0.04612,116.0,0.04613,37788.0
1753600008045,07:06:48.045,binance,ACT/USDT:USDT,0.04611,10908.0,0.0461,45359.0,0.04613,32668.0,0.04614,28005.0
1753600008158,07:06:48.158,binance,ACT/USDT:USDT,0.04611,10908.0,0.0461,45359.0,0.04613,37004.0,0.04614,28005.0
1753600008369,07:06:48.369,binance,ACT/USDT:USDT,0.04611,10908.0,0.0461,32816.0,0.04613,37004.0,0.04614,28005.0
1753600008472,07:06:48.472,binance,ACT/USDT:USDT,0.04611,10908.0,0.0461,32816.0,0.04613,37004.0,0.04614,28005.0
1753600008575,07:06:48.575,binance,ACT/USDT:USDT,0.04611,10908.0,0.0461,32816.0,0.04613,37004.0,0.04614,28005.0
1753600008725,07:06:48.725,binance,ACT/USDT:USDT,0.04611,10908.0,0.0461,32816.0,0.04613,37004.0,0.04614,28005.0
1753600008961,07:06:48.961,binance,ACT/USDT:USDT,0.04611,10908.0,0.0461,32816.0,0.04613,32668.0,0.04614,33779.0
1753600009068,07:06:49.068,binance,ACT/USDT:USDT,0.04611,10908.0,0.0461,32816.0,0.04613,41397.0,0.04614,33779.0
1753600009460,07:06:49.460,binance,ACT/USDT:USDT,0.04611,10908.0,0.0461,32816.0,0.04613,41397.0,0.04614,33779.0
1753600009570,07:06:49.570,binance,ACT/USDT:USDT,0.04611,10908.0,0.0461,32816.0,0.04613,41397.0,0.04614,33779.0
1753600010553,07:06:50.553,binance,ACT/USDT:USDT,0.04612,300.0,0.04611,23409.0,0.04613,37004.0,0.04614,33779.0
1753600010659,07:06:50.659,binance,ACT/USDT:USDT,0.04612,300.0,0.04611,23626.0,0.04613,37004.0,0.04614,33779.0
1753600011189,07:06:51.189,binance,ACT/USDT:USDT,0.04612,300.0,0.04611,23626.0,0.04613,37004.0,0.04614,33779.0
1753600011300,07:06:51.300,binance,ACT/USDT:USDT,0.04612,300.0,0.04611,23626.0,0.04613,37004.0,0.04614,33779.0
1753600011595,07:06:51.595,binance,ACT/USDT:USDT,0.04612,300.0,0.04611,11125.0,0.04613,37004.0,0.04614,33779.0
1753600011864,07:06:51.864,binance,ACT/USDT:USDT,0.04612,300.0,0.04611,11125.0,0.04613,37004.0,0.04614,33779.0
1753600012104,07:06:52.104,binance,ACT/USDT:USDT,0.04612,300.0,0.04611,11125.0,0.04613,37004.0,0.04614,33779.0
1753600012213,07:06:52.213,binance,ACT/USDT:USDT,0.04612,300.0,0.04611,11125.0,0.04613,37004.0,0.04614,33779.0
1753600012540,07:06:52.540,binance,ACT/USDT:USDT,0.04612,9805.0,0.04611,11125.0,0.04613,37004.0,0.04614,28779.0
1753600012651,07:06:52.651,binance,ACT/USDT:USDT,0.04612,9805.0,0.04611,11125.0,0.04613,32668.0,0.04614,28779.0
1753600012802,07:06:52.802,binance,ACT/USDT:USDT,0.04612,9805.0,0.04611,11125.0,0.04613,28701.0,0.04614,28779.0
1753600012935,07:06:52.935,binance,ACT/USDT:USDT,0.04612,9805.0,0.04611,15498.0,0.04613,28701.0,0.04614,28779.0
1753600013061,07:06:53.061,binance,ACT/USDT:USDT,0.04612,9805.0,0.04611,15498.0,0.04613,28701.0,0.04614,33004.0
1753600013164,07:06:53.164,binance,ACT/USDT:USDT,0.04612,9805.0,0.04611,15498.0,0.04613,28429.0,0.04614,33004.0
1753600013359,07:06:53.359,binance,ACT/USDT:USDT,0.04612,9805.0,0.04611,20498.0,0.04613,28429.0,0.04614,33004.0
1753600013535,07:06:53.535,binance,ACT/USDT:USDT,0.04612,9805.0,0.04611,20498.0,0.04613,28429.0,0.04614,33004.0
1753600014002,07:06:54.002,binance,ACT/USDT:USDT,0.04612,9805.0,0.04611,20498.0,0.04613,28429.0,0.04614,24718.0
1753600014186,07:06:54.186,binance,ACT/USDT:USDT,0.04612,9805.0,0.04611,20498.0,0.04613,27290.0,0.04614,24718.0
1753600014289,07:06:54.289,binance,ACT/USDT:USDT,0.04612,9805.0,0.04611,20498.0,0.04613,27290.0,0.04614,18944.0
1753600014394,07:06:54.394,binance,ACT/USDT:USDT,0.04612,9805.0,0.04611,20498.0,0.04613,27290.0,0.04614,18944.0
1753600014547,07:06:54.547,binance,ACT/USDT:USDT,0.04612,9805.0,0.04611,20498.0,0.04613,27290.0,0.04614,18944.0
1753600014662,07:06:54.662,binance,ACT/USDT:USDT,0.04612,9805.0,0.04611,20498.0,0.04613,27822.0,0.04614,18944.0
1753600015007,07:06:55.007,binance,ACT/USDT:USDT,0.04612,9805.0,0.04611,20498.0,0.04613,27822.0,0.04614,18944.0
1753600015122,07:06:55.122,binance,ACT/USDT:USDT,0.04612,9805.0,0.04611,20498.0,0.04613,27822.0,0.04614,18944.0
1753600015230,07:06:55.230,binance,ACT/USDT:USDT,0.04612,9805.0,0.04611,20498.0,0.04613,27932.0,0.04614,18944.0
1753600015489,07:06:55.489,binance,ACT/USDT:USDT,0.04612,1386.0,0.04611,11125.0,0.04613,28204.0,0.04614,24670.0
1753600015598,07:06:55.598,binance,ACT/USDT:USDT,0.04612,1386.0,0.04611,15714.0,0.04613,28204.0,0.04614,24670.0
1753600015716,07:06:55.716,binance,ACT/USDT:USDT,0.04612,1386.0,0.04611,15714.0,0.04613,28204.0,0.04614,24670.0
1753600016202,07:06:56.202,binance,ACT/USDT:USDT,0.04612,1386.0,0.04611,15714.0,0.04613,28204.0,0.04614,24670.0
1753600016502,07:06:56.502,binance,ACT/USDT:USDT,0.04612,1386.0,0.04611,15714.0,0.04613,28204.0,0.04614,24670.0
1753600016782,07:06:56.782,binance,ACT/USDT:USDT,0.04612,1386.0,0.04611,15714.0,0.04613,28204.0,0.04614,24670.0
1753600016892,07:06:56.892,binance,ACT/USDT:USDT,0.04612,1386.0,0.04611,15714.0,0.04613,28204.0,0.04614,24670.0
1753600017897,07:06:57.897,binance,ACT/USDT:USDT,0.04612,1386.0,0.04611,15714.0,0.04613,28204.0,0.04614,24670.0
1753600018002,07:06:58.002,binance,ACT/USDT:USDT,0.04612,1386.0,0.04611,15714.0,0.04613,28204.0,0.04614,24670.0
1753600018602,07:06:58.602,binance,ACT/USDT:USDT,0.04612,1386.0,0.04611,15714.0,0.04613,28204.0,0.04614,24670.0
1753600019002,07:06:59.002,binance,ACT/USDT:USDT,0.04612,1386.0,0.04611,15714.0,0.04613,28204.0,0.04614,24670.0
1753600019552,07:06:59.552,binance,ACT/USDT:USDT,0.04612,9766.0,0.04611,15714.0,0.04613,27932.0,0.04614,24670.0
1753600019702,07:06:59.702,binance,ACT/USDT:USDT,0.04612,9766.0,0.04611,15714.0,0.04613,27932.0,0.04614,24670.0
1753600020083,07:07:00.083,binance,ACT/USDT:USDT,0.04612,9766.0,0.04611,15714.0,0.04613,27932.0,0.04614,24670.0
1753600020392,07:07:00.392,binance,ACT/USDT:USDT,0.04612,9766.0,0.04611,15866.0,0.04613,27932.0,0.04614,24670.0
1753600020558,07:07:00.558,binance,ACT/USDT:USDT,0.04612,9766.0,0.04611,15866.0,0.04613,27932.0,0.04614,24670.0
1753600020734,07:07:00.734,binance,ACT/USDT:USDT,0.04613,8598.0,0.04612,22065.0,0.04614,359.0,0.04615,15202.0
1753600020942,07:07:00.942,binance,ACT/USDT:USDT,0.04613,8598.0,0.04612,27897.0,0.04614,4609.0,0.04615,18854.0
1753600021044,07:07:01.044,binance,ACT/USDT:USDT,0.04613,8598.0,0.04612,27897.0,0.04614,4609.0,0.04615,16340.0
1753600021272,07:07:01.272,binance,ACT/USDT:USDT,0.04613,8598.0,0.04612,27897.0,0.04614,4913.0,0.04615,19180.0
1753600021386,07:07:01.386,binance,ACT/USDT:USDT,0.04613,8598.0,0.04612,27897.0,0.04614,5178.0,0.04615,19180.0
1753600021625,07:07:01.625,binance,ACT/USDT:USDT,0.04613,8598.0,0.04612,27897.0,0.04614,5178.0,0.04615,19180.0
1753600021741,07:07:01.741,binance,ACT/USDT:USDT,0.04613,8598.0,0.04612,28028.0,0.04614,5178.0,0.04615,19180.0
1753600021852,07:07:01.852,binance,ACT/USDT:USDT,0.04613,8598.0,0.04612,28028.0,0.04614,5178.0,0.04615,19180.0
1753600022227,07:07:02.227,binance,ACT/USDT:USDT,0.04613,8598.0,0.04612,28028.0,0.04614,5178.0,0.04615,19180.0
1753600022343,07:07:02.343,binance,ACT/USDT:USDT,0.04613,8598.0,0.04612,28028.0,0.04614,5178.0,0.04615,19180.0
1753600022462,07:07:02.462,binance,ACT/USDT:USDT,0.04613,8598.0,0.04612,28028.0,0.04614,5178.0,0.04615,19180.0
1753600022569,07:07:02.569,binance,ACT/USDT:USDT,0.04613,8598.0,0.04612,28028.0,0.04614,5178.0,0.04615,19180.0
1753600022683,07:07:02.683,binance,ACT/USDT:USDT,0.04613,8598.0,0.04612,28028.0,0.04614,5178.0,0.04615,19180.0
1753600022836,07:07:02.836,binance,ACT/USDT:USDT,0.04613,8598.0,0.04612,28028.0,0.04614,5178.0,0.04615,19180.0
1753600022962,07:07:02.962,binance,ACT/USDT:USDT,0.04613,8598.0,0.04612,28028.0,0.04614,5178.0,0.04615,16340.0
1753600023108,07:07:03.108,binance,ACT/USDT:USDT,0.04613,8598.0,0.04612,28028.0,0.04614,5178.0,0.04615,19220.0
1753600023391,07:07:03.391,binance,ACT/USDT:USDT,0.04613,8598.0,0.04612,26942.0,0.04614,7404.0,0.04615,19220.0
1753600023559,07:07:03.559,binance,ACT/USDT:USDT,0.04613,8598.0,0.04612,26942.0,0.04614,7404.0,0.04615,19220.0
1753600023702,07:07:03.702,binance,ACT/USDT:USDT,0.04613,8598.0,0.04612,26942.0,0.04614,7404.0,0.04615,19220.0
1753600023862,07:07:03.862,binance,ACT/USDT:USDT,0.04613,8598.0,0.04612,26942.0,0.04614,7404.0,0.04615,16340.0
1753600023965,07:07:03.965,binance,ACT/USDT:USDT,0.04613,8598.0,0.04612,26942.0,0.04614,7404.0,0.04615,19376.0
1753600024502,07:07:04.502,binance,ACT/USDT:USDT,0.04613,8598.0,0.04612,26942.0,0.04614,7404.0,0.04615,19376.0
1753600025092,07:07:05.092,binance,ACT/USDT:USDT,0.04613,9684.0,0.04612,26942.0,0.04614,7516.0,0.04615,19376.0
1753600025207,07:07:05.207,binance,ACT/USDT:USDT,0.04613,9684.0,0.04612,26942.0,0.04614,7516.0,0.04615,19376.0
1753600025311,07:07:05.311,binance,ACT/USDT:USDT,0.04613,9684.0,0.04612,26942.0,0.04614,7516.0,0.04615,19376.0
1753600025604,07:07:05.604,binance,ACT/USDT:USDT,0.04613,9684.0,0.04612,26942.0,0.04614,7516.0,0.04615,19376.0
1753600026136,07:07:06.136,binance,ACT/USDT:USDT,0.04613,9684.0,0.04612,26942.0,0.04614,7516.0,0.04615,19376.0
1753600026774,07:07:06.774,binance,ACT/USDT:USDT,0.04613,9684.0,0.04612,26942.0,0.04614,7516.0,0.04615,26601.0
1753600026924,07:07:06.924,binance,ACT/USDT:USDT,0.04613,9684.0,0.04612,26942.0,0.04614,7516.0,0.04615,26601.0
1753600027202,07:07:07.202,binance,ACT/USDT:USDT,0.04613,9684.0,0.04612,26942.0,0.04614,7516.0,0.04615,26601.0
1753600027527,07:07:07.527,binance,ACT/USDT:USDT,0.04613,9684.0,0.04612,26942.0,0.04614,7516.0,0.04615,26601.0
1753600027802,07:07:07.802,binance,ACT/USDT:USDT,0.04613,9684.0,0.04612,26942.0,0.04614,7516.0,0.04615,23565.0
1753600027959,07:07:07.959,binance,ACT/USDT:USDT,0.04613,9684.0,0.04612,26942.0,0.04614,7516.0,0.04615,23565.0
1753600028402,07:07:08.402,binance,ACT/USDT:USDT,0.04613,9684.0,0.04612,26942.0,0.04614,7516.0,0.04615,23565.0
1753600029002,07:07:09.002,binance,ACT/USDT:USDT,0.04613,1086.0,0.04612,21458.0,0.04614,7516.0,0.04615,29049.0
1753600029138,07:07:09.138,binance,ACT/USDT:USDT,0.04613,1086.0,0.04612,21458.0,0.04614,7516.0,0.04615,29049.0
1753600029607,07:07:09.607,binance,ACT/USDT:USDT,0.04612,6263.0,0.04611,28857.0,0.04613,1902.0,0.04614,16131.0
1753600029709,07:07:09.709,binance,ACT/USDT:USDT,0.04612,6263.0,0.04611,34399.0,0.04613,1902.0,0.04614,16131.0
1753600030054,07:07:10.054,binance,ACT/USDT:USDT,0.04612,7920.0,0.04611,34399.0,0.04613,1902.0,0.04614,16019.0
1753600030157,07:07:10.157,binance,ACT/USDT:USDT,0.04612,7920.0,0.04611,34399.0,0.04613,1902.0,0.04614,16019.0
1753600030273,07:07:10.273,binance,ACT/USDT:USDT,0.04612,7920.0,0.04611,34399.0,0.04613,1902.0,0.04614,16019.0
1753600030434,07:07:10.434,binance,ACT/USDT:USDT,0.04612,7920.0,0.04611,34399.0,0.04613,1902.0,0.04614,16019.0
1753600030565,07:07:10.565,binance,ACT/USDT:USDT,0.04612,7920.0,0.04611,34399.0,0.04613,1902.0,0.04614,16019.0
1753600030681,07:07:10.681,binance,ACT/USDT:USDT,0.04612,7920.0,0.04611,31085.0,0.04613,1902.0,0.04614,16019.0
1753600030993,07:07:10.993,binance,ACT/USDT:USDT,0.04612,7920.0,0.04611,31085.0,0.04613,1902.0,0.04614,16019.0
1753600031171,07:07:11.171,binance,ACT/USDT:USDT,0.04612,7920.0,0.04611,31085.0,0.04613,1902.0,0.04614,16019.0
1753600031277,07:07:11.277,binance,ACT/USDT:USDT,0.04612,7920.0,0.04611,31085.0,0.04613,1902.0,0.04614,16019.0
1753600031439,07:07:11.439,binance,ACT/USDT:USDT,0.04612,7920.0,0.04611,31085.0,0.04613,1902.0,0.04614,16019.0
1753600032402,07:07:12.402,binance,ACT/USDT:USDT,0.04612,7920.0,0.04611,31085.0,0.04613,2156.0,0.04614,13557.0
1753600033002,07:07:13.002,binance,ACT/USDT:USDT,0.04612,7920.0,0.04611,27482.0,0.04613,2156.0,0.04614,13557.0
1753600033767,07:07:13.767,binance,ACT/USDT:USDT,0.04611,3871.0,0.0461,4572.0,0.04612,12468.0,0.04613,14236.0
1753600033868,07:07:13.868,binance,ACT/USDT:USDT,0.0461,3467.0,0.04609,27623.0,0.04611,1893.0,0.04612,16804.0
1753600033970,07:07:13.970,binance,ACT/USDT:USDT,0.0461,3467.0,0.04609,25051.0,0.04611,1417.0,0.04612,26492.0
1753600034072,07:07:14.072,binance,ACT/USDT:USDT,0.0461,3467.0,0.04609,18825.0,0.04611,1417.0,0.04612,26492.0
1753600034173,07:07:14.173,binance,ACT/USDT:USDT,0.0461,11629.0,0.04609,22870.0,0.04611,2557.0,0.04612,15962.0
1753600034282,07:07:14.282,binance,ACT/USDT:USDT,0.0461,11629.0,0.04609,18825.0,0.04611,2557.0,0.04612,15962.0
1753600034415,07:07:14.415,binance,ACT/USDT:USDT,0.0461,11629.0,0.04609,18825.0,0.04611,2557.0,0.04612,15962.0
1753600034557,07:07:14.557,binance,ACT/USDT:USDT,0.0461,3467.0,0.04609,18825.0,0.04611,10991.0,0.04612,23864.0
1753600034664,07:07:14.664,binance,ACT/USDT:USDT,0.0461,3467.0,0.04609,18825.0,0.04611,10991.0,0.04612,29376.0
1753600034825,07:07:14.825,binance,ACT/USDT:USDT,0.0461,152.0,0.04609,16504.0,0.04611,10991.0,0.04612,29376.0
1753600034931,07:07:14.931,binance,ACT/USDT:USDT,0.0461,152.0,0.04609,16504.0,0.04611,10991.0,0.04612,29376.0
1753600035148,07:07:15.148,binance,ACT/USDT:USDT,0.0461,402.0,0.04609,16504.0,0.04611,15328.0,0.04612,29376.0
1753600035282,07:07:15.282,binance,ACT/USDT:USDT,0.0461,402.0,0.04609,16504.0,0.04611,15328.0,0.04612,29376.0
1753600035417,07:07:15.417,binance,ACT/USDT:USDT,0.0461,402.0,0.04609,16504.0,0.04611,15328.0,0.04612,29376.0
1753600035533,07:07:15.533,binance,ACT/USDT:USDT,0.0461,1242.0,0.04609,16504.0,0.04611,15328.0,0.04612,29376.0
1753600035772,07:07:15.772,binance,ACT/USDT:USDT,0.0461,1242.0,0.04609,16504.0,0.04611,15328.0,0.04612,29376.0
1753600035899,07:07:15.899,binance,ACT/USDT:USDT,0.0461,1242.0,0.04609,16504.0,0.04611,15328.0,0.04612,29376.0
1753600036113,07:07:16.113,binance,ACT/USDT:USDT,0.0461,1242.0,0.04609,16504.0,0.04611,15328.0,0.04612,29376.0
1753600036382,07:07:16.382,binance,ACT/USDT:USDT,0.0461,1242.0,0.04609,16504.0,0.04611,15328.0,0.04612,29376.0
1753600036902,07:07:16.902,binance,ACT/USDT:USDT,0.0461,1242.0,0.04609,16504.0,0.04611,15328.0,0.04612,29376.0
1753600037202,07:07:17.202,binance,ACT/USDT:USDT,0.0461,1242.0,0.04609,10039.0,0.04611,15328.0,0.04612,29376.0
1753600037462,07:07:17.462,binance,ACT/USDT:USDT,0.0461,1242.0,0.04609,10039.0,0.04611,10991.0,0.04612,29376.0
1753600037761,07:07:17.761,binance,ACT/USDT:USDT,0.0461,102.0,0.04609,10039.0,0.04611,9851.0,0.04612,30776.0
1753600037952,07:07:17.952,binance,ACT/USDT:USDT,0.0461,102.0,0.04609,12684.0,0.04611,9851.0,0.04612,30776.0
1753600038062,07:07:18.062,binance,ACT/USDT:USDT,0.0461,102.0,0.04609,12684.0,0.04611,9851.0,0.04612,27857.0
1753600038502,07:07:18.502,binance,ACT/USDT:USDT,0.0461,102.0,0.04609,12684.0,0.04611,9851.0,0.04612,27857.0
1753600039102,07:07:19.102,binance,ACT/USDT:USDT,0.0461,102.0,0.04609,12684.0,0.04611,9851.0,0.04612,27857.0
1753600039282,07:07:19.282,binance,ACT/USDT:USDT,0.0461,102.0,0.04609,12684.0,0.04611,9851.0,0.04612,27857.0
1753600039422,07:07:19.422,binance,ACT/USDT:USDT,0.0461,102.0,0.04609,10039.0,0.04611,9851.0,0.04612,27857.0
1753600039699,07:07:19.699,binance,ACT/USDT:USDT,0.0461,102.0,0.04609,10039.0,0.04611,9851.0,0.04612,27857.0
1753600040138,07:07:20.138,binance,ACT/USDT:USDT,0.0461,102.0,0.04609,10039.0,0.04611,9851.0,0.04612,27857.0
1753600040288,07:07:20.288,binance,ACT/USDT:USDT,0.0461,102.0,0.04609,10039.0,0.04611,14188.0,0.04612,27857.0
1753600040462,07:07:20.462,binance,ACT/USDT:USDT,0.0461,102.0,0.04609,10039.0,0.04611,14188.0,0.04612,27857.0
1753600040579,07:07:20.579,binance,ACT/USDT:USDT,0.0461,102.0,0.04609,10039.0,0.04611,14188.0,0.04612,27857.0
1753600040830,07:07:20.830,binance,ACT/USDT:USDT,0.0461,102.0,0.04609,10039.0,0.04611,14188.0,0.04612,27857.0
1753600040992,07:07:20.992,binance,ACT/USDT:USDT,0.0461,102.0,0.04609,10039.0,0.04611,14188.0,0.04612,27857.0
1753600041502,07:07:21.502,binance,ACT/USDT:USDT,0.0461,102.0,0.04609,10039.0,0.04611,14188.0,0.04612,27857.0
1753600041636,07:07:21.636,binance,ACT/USDT:USDT,0.0461,102.0,0.04609,10039.0,0.04611,14188.0,0.04612,27857.0
1753600041749,07:07:21.749,binance,ACT/USDT:USDT,0.0461,102.0,0.04609,11359.0,0.04611,14188.0,0.04612,27857.0
1753600041978,07:07:21.978,binance,ACT/USDT:USDT,0.0461,102.0,0.04609,11359.0,0.04611,14188.0,0.04612,27857.0
1753600042083,07:07:22.083,binance,ACT/USDT:USDT,0.0461,102.0,0.04609,11359.0,0.04611,14188.0,0.04612,27857.0
1753600042228,07:07:22.228,binance,ACT/USDT:USDT,0.0461,102.0,0.04609,11359.0,0.04611,14188.0,0.04612,27857.0
1753600042500,07:07:22.500,binance,ACT/USDT:USDT,0.04609,1710.0,0.04608,18089.0,0.0461,5467.0,0.04611,50164.0
1753600042604,07:07:22.604,binance,ACT/USDT:USDT,0.04609,1710.0,0.04608,18089.0,0.0461,5467.0,0.04611,42373.0
1753600042710,07:07:22.710,binance,ACT/USDT:USDT,0.04609,1710.0,0.04608,18089.0,0.0461,5467.0,0.04611,42373.0
1753600042818,07:07:22.818,binance,ACT/USDT:USDT,0.04609,1710.0,0.04608,17731.0,0.0461,5467.0,0.04611,42373.0
1753600042924,07:07:22.924,binance,ACT/USDT:USDT,0.04609,1710.0,0.04608,17731.0,0.0461,5467.0,0.04611,47886.0
1753600043029,07:07:23.029,binance,ACT/USDT:USDT,0.04609,1710.0,0.04608,17731.0,0.0461,5467.0,0.04611,44483.0
1753600043190,07:07:23.190,binance,ACT/USDT:USDT,0.04609,1710.0,0.04608,17731.0,0.0461,5467.0,0.04611,44483.0
1753600043468,07:07:23.468,binance,ACT/USDT:USDT,0.04609,1710.0,0.04608,17731.0,0.0461,5467.0,0.04611,44483.0
1753600043571,07:07:23.571,binance,ACT/USDT:USDT,0.04608,8809.0,0.04607,18742.0,0.04609,8607.0,0.0461,25439.0
1753600043693,07:07:23.693,binance,ACT/USDT:USDT,0.04608,8809.0,0.04607,18894.0,0.04609,9747.0,0.0461,25950.0
1753600043796,07:07:23.796,binance,ACT/USDT:USDT,0.04608,8809.0,0.04607,18894.0,0.04609,9747.0,0.0461,25950.0
1753600043909,07:07:23.909,binance,ACT/USDT:USDT,0.04608,8809.0,0.04607,18894.0,0.04609,9747.0,0.0461,25950.0
1753600044053,07:07:24.053,binance,ACT/USDT:USDT,0.04608,8809.0,0.04607,18894.0,0.04609,9747.0,0.0461,25950.0
1753600044243,07:07:24.243,binance,ACT/USDT:USDT,0.04608,8809.0,0.04607,18894.0,0.04609,9747.0,0.0461,25950.0
1753600044568,07:07:24.568,binance,ACT/USDT:USDT,0.04608,8809.0,0.04607,18894.0,0.04609,9747.0,0.0461,25950.0
1753600044707,07:07:24.707,binance,ACT/USDT:USDT,0.04608,8809.0,0.04607,18894.0,0.04609,9747.0,0.0461,25950.0
1753600045188,07:07:25.188,binance,ACT/USDT:USDT,0.04608,8809.0,0.04607,18621.0,0.04609,9747.0,0.0461,25950.0
1753600045293,07:07:25.293,binance,ACT/USDT:USDT,0.04608,8809.0,0.04607,18621.0,0.04609,9747.0,0.0461,25950.0
1753600045609,07:07:25.609,binance,ACT/USDT:USDT,0.04608,6838.0,0.04607,15124.0,0.04609,9747.0,0.0461,25950.0
1753600045802,07:07:25.802,binance,ACT/USDT:USDT,0.04608,6838.0,0.04607,15124.0,0.04609,9747.0,0.0461,25950.0
1753600046128,07:07:26.128,binance,ACT/USDT:USDT,0.04608,6838.0,0.04607,15124.0,0.04609,9747.0,0.0461,25950.0
1753600046322,07:07:26.322,binance,ACT/USDT:USDT,0.04608,6838.0,0.04607,15124.0,0.04609,9747.0,0.0461,25950.0
1753600046424,07:07:26.424,binance,ACT/USDT:USDT,0.04608,3859.0,0.04607,12108.0,0.04609,9747.0,0.0461,25950.0
1753600046545,07:07:26.545,binance,ACT/USDT:USDT,0.04608,3859.0,0.04607,12108.0,0.04609,9747.0,0.0461,25950.0
1753600046695,07:07:26.695,binance,ACT/USDT:USDT,0.04608,3859.0,0.04607,12108.0,0.04609,9747.0,0.0461,25950.0
1753600046902,07:07:26.902,binance,ACT/USDT:USDT,0.04608,3859.0,0.04607,12108.0,0.04609,9747.0,0.0461,25950.0
1753600047045,07:07:27.045,binance,ACT/USDT:USDT,0.04607,358.0,0.04606,38105.0,0.04608,3626.0,0.04609,26289.0
1753600047149,07:07:27.149,binance,ACT/USDT:USDT,0.04606,30633.0,0.04605,42623.0,0.04608,3626.0,0.04609,26800.0
1753600047257,07:07:27.257,binance,ACT/USDT:USDT,0.04606,26276.0,0.04605,41117.0,0.04607,934.0,0.04608,5826.0
1753600047375,07:07:27.375,binance,ACT/USDT:USDT,0.04606,26276.0,0.04605,41117.0,0.04607,934.0,0.04608,5826.0
1753600047486,07:07:27.486,binance,ACT/USDT:USDT,0.04606,26276.0,0.04605,41117.0,0.04607,934.0,0.04608,218.0
1753600047609,07:07:27.609,binance,ACT/USDT:USDT,0.04606,26276.0,0.04605,41117.0,0.04607,934.0,0.04608,218.0
1753600047738,07:07:27.738,binance,ACT/USDT:USDT,0.04606,26276.0,0.04605,41117.0,0.04607,934.0,0.04608,218.0
1753600047842,07:07:27.842,binance,ACT/USDT:USDT,0.04606,26276.0,0.04605,41117.0,0.04607,934.0,0.04608,5408.0
1753600048037,07:07:28.037,binance,ACT/USDT:USDT,0.04606,26276.0,0.04605,41117.0,0.04607,934.0,0.04608,5408.0
1753600048266,07:07:28.266,binance,ACT/USDT:USDT,0.04607,8294.0,0.04606,32646.0,0.04608,7836.0,0.04609,8552.0
1753600048367,07:07:28.367,binance,ACT/USDT:USDT,0.04607,8294.0,0.04606,40999.0,0.04608,7836.0,0.04609,8552.0
1753600048472,07:07:28.472,binance,ACT/USDT:USDT,0.04607,8294.0,0.04606,40999.0,0.04608,12291.0,0.04609,11230.0
1753600048583,07:07:28.583,binance,ACT/USDT:USDT,0.04607,8294.0,0.04606,40999.0,0.04608,12291.0,0.04609,8552.0
1753600048934,07:07:28.934,binance,ACT/USDT:USDT,0.04607,8294.0,0.04606,40999.0,0.04608,12291.0,0.04609,8552.0
1753600049242,07:07:29.242,binance,ACT/USDT:USDT,0.04607,8294.0,0.04606,40999.0,0.04608,12291.0,0.04609,8552.0
1753600049403,07:07:29.403,binance,ACT/USDT:USDT,0.04607,8294.0,0.04606,35570.0,0.04608,12291.0,0.04609,8552.0
1753600049510,07:07:29.510,binance,ACT/USDT:USDT,0.04607,8294.0,0.04606,35570.0,0.04608,12291.0,0.04609,11610.0
1753600049662,07:07:29.662,binance,ACT/USDT:USDT,0.04607,8294.0,0.04606,35570.0,0.04608,12291.0,0.04609,8552.0
1753600049882,07:07:29.882,binance,ACT/USDT:USDT,0.04607,8294.0,0.04606,35570.0,0.04608,12291.0,0.04609,8552.0
1753600050118,07:07:30.118,binance,ACT/USDT:USDT,0.04607,8294.0,0.04606,35570.0,0.04608,12291.0,0.04609,8552.0
1753600050316,07:07:30.316,binance,ACT/USDT:USDT,0.04607,8294.0,0.04606,35570.0,0.04608,7836.0,0.04609,8552.0
1753600050572,07:07:30.572,binance,ACT/USDT:USDT,0.04607,8294.0,0.04606,35570.0,0.04608,7836.0,0.04609,12302.0
1753600050802,07:07:30.802,binance,ACT/USDT:USDT,0.04608,2839.0,0.04607,11552.0,0.04609,5466.0,0.0461,21999.0
1753600050906,07:07:30.906,binance,ACT/USDT:USDT,0.04608,2839.0,0.04607,18251.0,0.04609,5466.0,0.0461,22217.0
1753600051007,07:07:31.007,binance,ACT/USDT:USDT,0.04608,2839.0,0.04607,18251.0,0.04609,5466.0,0.0461,22217.0
1753600051393,07:07:31.393,binance,ACT/USDT:USDT,0.04608,2839.0,0.04607,18251.0,0.04609,5466.0,0.0461,22217.0
1753600051560,07:07:31.560,binance,ACT/USDT:USDT,0.04608,2839.0,0.04607,18251.0,0.04609,5466.0,0.0461,22217.0
1753600051687,07:07:31.687,binance,ACT/USDT:USDT,0.04608,2839.0,0.04607,18251.0,0.04609,5466.0,0.0461,22217.0
1753600051813,07:07:31.813,binance,ACT/USDT:USDT,0.04608,2839.0,0.04607,18251.0,0.04609,5466.0,0.0461,22217.0
1753600051952,07:07:31.952,binance,ACT/USDT:USDT,0.04608,2839.0,0.04607,18251.0,0.04609,5466.0,0.0461,22217.0
1753600052212,07:07:32.212,binance,ACT/USDT:USDT,0.04608,2839.0,0.04607,18251.0,0.04609,5466.0,0.0461,22217.0
1753600052402,07:07:32.402,binance,ACT/USDT:USDT,0.04608,2839.0,0.04607,18251.0,0.04609,5466.0,0.0461,22217.0
1753600052722,07:07:32.722,binance,ACT/USDT:USDT,0.04608,2839.0,0.04607,18251.0,0.04609,5466.0,0.0461,22217.0
1753600052938,07:07:32.938,binance,ACT/USDT:USDT,0.04608,2839.0,0.04607,18251.0,0.04609,5466.0,0.0461,17636.0
1753600053041,07:07:33.041,binance,ACT/USDT:USDT,0.04608,11133.0,0.04607,20420.0,0.04609,1716.0,0.0461,17636.0
1753600053209,07:07:33.209,binance,ACT/USDT:USDT,0.04608,11133.0,0.04607,20420.0,0.04609,1716.0,0.0461,17636.0
1753600053356,07:07:33.356,binance,ACT/USDT:USDT,0.04608,11133.0,0.04607,20420.0,0.04609,1444.0,0.0461,17636.0
1753600053708,07:07:33.708,binance,ACT/USDT:USDT,0.04608,11133.0,0.04607,20420.0,0.04609,1444.0,0.0461,19847.0
1753600053820,07:07:33.820,binance,ACT/USDT:USDT,0.04609,8294.0,0.04608,8512.0,0.0461,4383.0,0.04611,16573.0
1753600053925,07:07:33.925,binance,ACT/USDT:USDT,0.04609,8294.0,0.04608,8664.0,0.0461,4383.0,0.04611,16573.0
1753600054051,07:07:34.051,binance,ACT/USDT:USDT,0.04609,8294.0,0.04608,8664.0,0.0461,4383.0,0.04611,16573.0
1753600054312,07:07:34.312,binance,ACT/USDT:USDT,0.04609,8294.0,0.04608,8664.0,0.0461,4383.0,0.04611,16573.0
1753600054502,07:07:34.502,binance,ACT/USDT:USDT,0.04609,8294.0,0.04608,8664.0,0.0461,4383.0,0.04611,16573.0
1753600054607,07:07:34.607,binance,ACT/USDT:USDT,0.04608,8446.0,0.04607,34174.0,0.0461,4383.0,0.04611,32649.0
1753600054759,07:07:34.759,binance,ACT/USDT:USDT,0.04608,8446.0,0.04607,33770.0,0.0461,4383.0,0.04611,32649.0
1753600054865,07:07:34.865,binance,ACT/USDT:USDT,0.04608,8446.0,0.04607,33770.0,0.0461,4383.0,0.04611,32649.0
1753600055046,07:07:35.046,binance,ACT/USDT:USDT,0.04608,8446.0,0.04607,33770.0,0.0461,4383.0,0.04611,32649.0
1753600055202,07:07:35.202,binance,ACT/USDT:USDT,0.04608,8446.0,0.04607,33770.0,0.0461,4383.0,0.04611,32649.0
1753600055305,07:07:35.305,binance,ACT/USDT:USDT,0.04608,8446.0,0.04607,27285.0,0.0461,4383.0,0.04611,32649.0
1753600055753,07:07:35.753,binance,ACT/USDT:USDT,0.04608,8446.0,0.04607,27285.0,0.0461,4383.0,0.04611,32649.0
1753600055878,07:07:35.878,binance,ACT/USDT:USDT,0.04608,8446.0,0.04607,27285.0,0.0461,8722.0,0.04611,32649.0
1753600056103,07:07:36.103,binance,ACT/USDT:USDT,0.04608,8446.0,0.04607,27285.0,0.0461,8722.0,0.04611,32649.0
1753600056214,07:07:36.214,binance,ACT/USDT:USDT,0.04608,8446.0,0.04607,27285.0,0.0461,8722.0,0.04611,32649.0
1753600056392,07:07:36.392,binance,ACT/USDT:USDT,0.04608,8446.0,0.04607,27285.0,0.0461,8722.0,0.04611,32649.0
1753600056902,07:07:36.902,binance,ACT/USDT:USDT,0.04608,8446.0,0.04607,27285.0,0.0461,8722.0,0.04611,32649.0
1753600057312,07:07:37.312,binance,ACT/USDT:USDT,0.04609,8361.0,0.04608,8664.0,0.0461,8563.0,0.04611,30480.0
1753600057443,07:07:37.443,binance,ACT/USDT:USDT,0.04609,8361.0,0.04608,8664.0,0.0461,8563.0,0.04611,30480.0
1753600057548,07:07:37.548,binance,ACT/USDT:USDT,0.04609,8361.0,0.04608,8664.0,0.0461,4225.0,0.04611,30480.0
1753600057675,07:07:37.675,binance,ACT/USDT:USDT,0.04609,8361.0,0.04608,8664.0,0.0461,4225.0,0.04611,30480.0
1753600058102,07:07:38.102,binance,ACT/USDT:USDT,0.04609,8361.0,0.04608,8664.0,0.0461,4225.0,0.04611,30480.0
1753600058358,07:07:38.358,binance,ACT/USDT:USDT,0.04609,8361.0,0.04608,9022.0,0.0461,2865.0,0.04611,30480.0
1753600058463,07:07:38.463,binance,ACT/USDT:USDT,0.04609,8361.0,0.04608,9022.0,0.0461,2865.0,0.04611,30480.0
1753600058692,07:07:38.692,binance,ACT/USDT:USDT,0.04609,8361.0,0.04608,9022.0,0.0461,2865.0,0.04611,30480.0
1753600058795,07:07:38.795,binance,ACT/USDT:USDT,0.04609,8361.0,0.04608,12029.0,0.0461,2865.0,0.04611,30480.0
1753600059072,07:07:39.072,binance,ACT/USDT:USDT,0.04608,11453.0,0.04607,27643.0,0.0461,11226.0,0.04611,32800.0
1753600059302,07:07:39.302,binance,ACT/USDT:USDT,0.04608,8446.0,0.04607,27643.0,0.0461,15565.0,0.04611,32800.0
1753600059902,07:07:39.902,binance,ACT/USDT:USDT,0.04608,8446.0,0.04607,27643.0,0.0461,15565.0,0.04611,32800.0
1753600060353,07:07:40.353,binance,ACT/USDT:USDT,0.04608,8446.0,0.04607,27643.0,0.0461,15565.0,0.04611,32800.0
1753600060482,07:07:40.482,binance,ACT/USDT:USDT,0.04608,8446.0,0.04607,27643.0,0.0461,15565.0,0.04611,32800.0
1753600060950,07:07:40.950,binance,ACT/USDT:USDT,0.04608,8446.0,0.04607,27643.0,0.0461,15565.0,0.04611,32800.0
1753600061233,07:07:41.233,binance,ACT/USDT:USDT,0.04608,8446.0,0.04607,27643.0,0.0461,15565.0,0.04611,32800.0
1753600061434,07:07:41.434,binance,ACT/USDT:USDT,0.04608,8446.0,0.04607,27643.0,0.0461,15565.0,0.04611,32800.0
1753600061609,07:07:41.609,binance,ACT/USDT:USDT,0.04608,8446.0,0.04607,27643.0,0.0461,15565.0,0.04611,32800.0
1753600061874,07:07:41.874,binance,ACT/USDT:USDT,0.04608,8446.0,0.04607,27643.0,0.0461,15565.0,0.04611,32800.0
1753600061977,07:07:41.977,binance,ACT/USDT:USDT,0.04608,8446.0,0.04607,27643.0,0.0461,15565.0,0.04611,32800.0
1753600062502,07:07:42.502,binance,ACT/USDT:USDT,0.04608,8446.0,0.04607,27643.0,0.0461,15565.0,0.04611,32800.0
1753600063622,07:07:43.622,binance,ACT/USDT:USDT,0.04608,8446.0,0.04607,27643.0,0.0461,15565.0,0.04611,32800.0
1753600064202,07:07:44.202,binance,ACT/USDT:USDT,0.04608,8446.0,0.04607,27643.0,0.0461,15565.0,0.04611,32800.0
1753600064404,07:07:44.404,binance,ACT/USDT:USDT,0.04608,8446.0,0.04607,27643.0,0.0461,15565.0,0.04611,32800.0
1753600064608,07:07:44.608,binance,ACT/USDT:USDT,0.04608,8446.0,0.04607,27643.0,0.0461,15565.0,0.04611,32800.0
1753600064714,07:07:44.714,binance,ACT/USDT:USDT,0.04608,8446.0,0.04607,25474.0,0.0461,15565.0,0.04611,32800.0
1753600064867,07:07:44.867,binance,ACT/USDT:USDT,0.04608,8446.0,0.04607,25474.0,0.0461,15837.0,0.04611,32800.0
1753600065020,07:07:45.020,binance,ACT/USDT:USDT,0.04608,8446.0,0.04607,25474.0,0.0461,15837.0,0.04611,32800.0
1753600065272,07:07:45.272,binance,ACT/USDT:USDT,0.04608,8446.0,0.04607,25474.0,0.0461,15837.0,0.04611,32800.0
1753600065392,07:07:45.392,binance,ACT/USDT:USDT,0.04608,8446.0,0.04607,25474.0,0.0461,15837.0,0.04611,32800.0
1753600065862,07:07:45.862,binance,ACT/USDT:USDT,0.04608,8446.0,0.04607,25474.0,0.0461,15837.0,0.04611,32800.0
1753600066392,07:07:46.392,binance,ACT/USDT:USDT,0.04608,8446.0,0.04607,25474.0,0.0461,15837.0,0.04611,32800.0
1753600066565,07:07:46.565,binance,ACT/USDT:USDT,0.04608,8446.0,0.04607,25474.0,0.0461,15837.0,0.04611,32800.0
1753600066862,07:07:46.862,binance,ACT/USDT:USDT,0.04608,8446.0,0.04607,25474.0,0.0461,15837.0,0.04611,32800.0
1753600067022,07:07:47.022,binance,ACT/USDT:USDT,0.04608,8446.0,0.04607,25474.0,0.0461,15837.0,0.04611,32800.0
1753600067370,07:07:47.370,binance,ACT/USDT:USDT,0.04609,600.0,0.04608,8664.0,0.0461,16534.0,0.04611,30480.0
1753600067476,07:07:47.476,binance,ACT/USDT:USDT,0.04609,600.0,0.04608,8664.0,0.0461,16534.0,0.04611,34938.0
1753600067582,07:07:47.582,binance,ACT/USDT:USDT,0.04608,8446.0,0.04607,29422.0,0.0461,16534.0,0.04611,34938.0
1753600067708,07:07:47.708,binance,ACT/USDT:USDT,0.04608,8446.0,0.04607,29422.0,0.0461,16534.0,0.04611,34938.0
1753600068102,07:07:48.102,binance,ACT/USDT:USDT,0.04609,627.0,0.04608,8446.0,0.0461,16534.0,0.04611,39645.0
1753600068208,07:07:48.208,binance,ACT/USDT:USDT,0.04609,627.0,0.04608,8664.0,0.0461,16534.0,0.04611,39645.0
1753600068431,07:07:48.431,binance,ACT/USDT:USDT,0.04609,627.0,0.04608,8664.0,0.0461,16534.0,0.04611,39645.0
1753600068702,07:07:48.702,binance,ACT/USDT:USDT,0.04609,627.0,0.04608,8664.0,0.0461,16534.0,0.04611,39645.0
1753600068883,07:07:48.883,binance,ACT/USDT:USDT,0.04609,627.0,0.04608,8664.0,0.0461,16534.0,0.04611,39645.0
1753600069302,07:07:49.302,binance,ACT/USDT:USDT,0.04609,741.0,0.04608,8664.0,0.0461,16534.0,0.04611,39645.0
1753600069432,07:07:49.432,binance,ACT/USDT:USDT,0.04609,741.0,0.04608,11235.0,0.0461,16534.0,0.04611,39645.0
1753600069602,07:07:49.602,binance,ACT/USDT:USDT,0.04609,741.0,0.04608,8664.0,0.0461,16534.0,0.04611,39645.0
1753600069989,07:07:49.989,binance,ACT/USDT:USDT,0.04609,741.0,0.04608,8664.0,0.0461,16534.0,0.04611,39645.0
1753600070102,07:07:50.102,binance,ACT/USDT:USDT,0.04609,741.0,0.04608,8664.0,0.0461,16534.0,0.04611,39645.0
1753600070442,07:07:50.442,binance,ACT/USDT:USDT,0.04609,114.0,0.04608,8664.0,0.0461,16534.0,0.04611,39645.0
1753600070562,07:07:50.562,binance,ACT/USDT:USDT,0.04609,114.0,0.04608,9223.0,0.0461,16534.0,0.04611,39645.0
1753600071002,07:07:51.002,binance,ACT/USDT:USDT,0.04609,114.0,0.04608,9223.0,0.0461,16534.0,0.04611,39645.0
1753600071261,07:07:51.261,binance,ACT/USDT:USDT,0.04609,114.0,0.04608,9223.0,0.0461,16534.0,0.04611,39645.0
1753600071436,07:07:51.436,binance,ACT/USDT:USDT,0.04609,114.0,0.04608,9223.0,0.0461,16808.0,0.04611,39645.0
1753600071602,07:07:51.602,binance,ACT/USDT:USDT,0.04609,114.0,0.04608,9223.0,0.0461,16808.0,0.04611,39645.0
1753600071774,07:07:51.774,binance,ACT/USDT:USDT,0.04609,114.0,0.04608,9223.0,0.0461,16808.0,0.04611,39645.0
1753600071931,07:07:51.931,binance,ACT/USDT:USDT,0.04609,114.0,0.04608,9223.0,0.0461,16808.0,0.04611,39645.0
1753600072087,07:07:52.087,binance,ACT/USDT:USDT,0.04609,114.0,0.04608,9223.0,0.0461,16808.0,0.04611,39645.0
1753600072252,07:07:52.252,binance,ACT/USDT:USDT,0.04609,114.0,0.04608,9223.0,0.0461,16808.0,0.04611,39645.0
1753600072393,07:07:52.393,binance,ACT/USDT:USDT,0.04609,114.0,0.04608,9223.0,0.0461,23387.0,0.04611,39645.0
1753600072702,07:07:52.702,binance,ACT/USDT:USDT,0.04609,114.0,0.04608,9223.0,0.0461,23387.0,0.04611,39645.0
1753600073303,07:07:53.303,binance,ACT/USDT:USDT,0.04609,114.0,0.04608,9223.0,0.0461,23387.0,0.04611,39645.0
1753600073808,07:07:53.808,binance,ACT/USDT:USDT,0.04609,114.0,0.04608,9223.0,0.0461,23387.0,0.04611,39645.0
1753600074385,07:07:54.385,binance,ACT/USDT:USDT,0.04609,114.0,0.04608,9223.0,0.0461,23387.0,0.04611,39645.0
1753600074648,07:07:54.648,binance,ACT/USDT:USDT,0.04609,114.0,0.04608,9223.0,0.0461,23387.0,0.04611,39645.0
1753600074878,07:07:54.878,binance,ACT/USDT:USDT,0.04609,114.0,0.04608,9223.0,0.0461,23387.0,0.04611,39645.0
1753600075002,07:07:55.002,binance,ACT/USDT:USDT,0.04609,114.0,0.04608,9223.0,0.0461,23387.0,0.04611,39645.0
1753600075232,07:07:55.232,binance,ACT/USDT:USDT,0.04609,114.0,0.04608,9223.0,0.0461,23387.0,0.04611,39645.0
1753600075943,07:07:55.943,binance,ACT/USDT:USDT,0.04609,114.0,0.04608,9223.0,0.0461,23387.0,0.04611,39645.0
1753600076202,07:07:56.202,binance,ACT/USDT:USDT,0.04609,114.0,0.04608,9223.0,0.0461,23387.0,0.04611,39645.0
1753600076412,07:07:56.412,binance,ACT/USDT:USDT,0.04609,114.0,0.04608,9223.0,0.0461,34234.0,0.04611,39645.0
1753600076550,07:07:56.550,binance,ACT/USDT:USDT,0.04609,114.0,0.04608,9223.0,0.0461,34234.0,0.04611,39645.0
1753600076753,07:07:56.753,binance,ACT/USDT:USDT,0.04609,114.0,0.04608,9223.0,0.0461,34234.0,0.04611,39645.0
1753600077031,07:07:57.031,binance,ACT/USDT:USDT,0.04609,114.0,0.04608,9223.0,0.0461,34234.0,0.04611,39645.0
1753600077209,07:07:57.209,binance,ACT/USDT:USDT,0.04609,114.0,0.04608,929.0,0.0461,37066.0,0.04611,42477.0
1753600077310,07:07:57.310,binance,ACT/USDT:USDT,0.04609,114.0,0.04608,929.0,0.0461,26219.0,0.04611,42477.0
1753600077425,07:07:57.425,binance,ACT/USDT:USDT,0.04609,114.0,0.04608,929.0,0.0461,26219.0,0.04611,42477.0
1753600077558,07:07:57.558,binance,ACT/USDT:USDT,0.04609,114.0,0.04608,929.0,0.0461,26219.0,0.04611,43812.0
1753600077688,07:07:57.688,binance,ACT/USDT:USDT,0.04609,114.0,0.04608,929.0,0.0461,26219.0,0.04611,43812.0
1753600077802,07:07:57.802,binance,ACT/USDT:USDT,0.04609,114.0,0.04608,929.0,0.0461,26219.0,0.04611,43812.0
1753600078212,07:07:58.212,binance,ACT/USDT:USDT,0.04608,711.0,0.04607,23601.0,0.0461,41552.0,0.04611,42477.0
1753600078313,07:07:58.313,binance,ACT/USDT:USDT,0.04608,559.0,0.04607,23601.0,0.04609,5424.0,0.0461,53170.0
1753600078418,07:07:58.418,binance,ACT/USDT:USDT,0.04608,559.0,0.04607,23601.0,0.04609,5424.0,0.0461,53170.0
1753600078572,07:07:58.572,binance,ACT/USDT:USDT,0.04608,559.0,0.04607,23601.0,0.04609,5696.0,0.0461,53170.0
1753600079057,07:07:59.057,binance,ACT/USDT:USDT,0.04608,559.0,0.04607,23601.0,0.04609,5696.0,0.0461,53170.0
1753600079208,07:07:59.208,binance,ACT/USDT:USDT,0.04608,559.0,0.04607,23601.0,0.04609,5696.0,0.0461,53170.0
1753600079502,07:07:59.502,binance,ACT/USDT:USDT,0.04608,559.0,0.04607,23601.0,0.04609,5696.0,0.0461,53170.0
1753600079691,07:07:59.691,binance,ACT/USDT:USDT,0.04608,559.0,0.04607,23601.0,0.04609,5696.0,0.0461,53170.0
1753600080102,07:08:00.102,binance,ACT/USDT:USDT,0.04608,559.0,0.04607,23601.0,0.04609,5696.0,0.0461,53170.0
1753600080328,07:08:00.328,binance,ACT/USDT:USDT,0.04608,559.0,0.04607,23601.0,0.04609,5290.0,0.0461,53170.0
1753600080437,07:08:00.437,binance,ACT/USDT:USDT,0.04608,559.0,0.04607,23601.0,0.04609,3815.0,0.0461,47607.0
1753600080539,07:08:00.539,binance,ACT/USDT:USDT,0.04608,559.0,0.04607,22630.0,0.04609,3815.0,0.0461,42495.0
1753600081089,07:08:01.089,binance,ACT/USDT:USDT,0.04608,559.0,0.04607,22630.0,0.04609,3815.0,0.0461,49937.0
1753600081194,07:08:01.194,binance,ACT/USDT:USDT,0.04608,559.0,0.04607,22630.0,0.04609,3815.0,0.0461,49937.0
1753600081301,07:08:01.301,binance,ACT/USDT:USDT,0.04608,559.0,0.04607,22630.0,0.04609,3815.0,0.0461,49937.0
1753600081553,07:08:01.553,binance,ACT/USDT:USDT,0.04608,559.0,0.04607,22630.0,0.04609,8177.0,0.0461,49663.0
1753600081742,07:08:01.742,binance,ACT/USDT:USDT,0.04608,559.0,0.04607,22630.0,0.04609,8177.0,0.0461,49663.0
1753600081924,07:08:01.924,binance,ACT/USDT:USDT,0.04608,559.0,0.04607,22630.0,0.04609,8177.0,0.0461,49663.0
1753600082062,07:08:02.062,binance,ACT/USDT:USDT,0.04607,9315.0,0.04606,34204.0,0.04608,4340.0,0.04609,15683.0
1753600082168,07:08:02.168,binance,ACT/USDT:USDT,0.04607,8957.0,0.04606,34204.0,0.04608,4340.0,0.04609,15683.0
1753600082369,07:08:02.369,binance,ACT/USDT:USDT,0.04607,8957.0,0.04606,34204.0,0.04608,4340.0,0.04609,15683.0
1753600082513,07:08:02.513,binance,ACT/USDT:USDT,0.04607,8957.0,0.04606,34204.0,0.04608,4340.0,0.04609,20178.0
1753600082615,07:08:02.615,binance,ACT/USDT:USDT,0.04607,663.0,0.04606,19654.0,0.04608,4612.0,0.04609,24817.0
1753600082752,07:08:02.752,binance,ACT/USDT:USDT,0.04607,663.0,0.04606,8319.0,0.04608,12841.0,0.04609,30368.0
1753600082853,07:08:02.853,binance,ACT/USDT:USDT,0.04606,7449.0,0.04605,43527.0,0.04608,12842.0,0.04609,33317.0
1753600082960,07:08:02.960,binance,ACT/USDT:USDT,0.04606,2595.0,0.04605,40206.0,0.04607,3878.0,0.04608,18256.0
1753600083062,07:08:03.062,binance,ACT/USDT:USDT,0.04606,2595.0,0.04605,38036.0,0.04607,3878.0,0.04608,18256.0
1753600083175,07:08:03.175,binance,ACT/USDT:USDT,0.04606,2595.0,0.04605,38036.0,0.04607,3878.0,0.04608,18256.0
1753600083306,07:08:03.306,binance,ACT/USDT:USDT,0.04606,2595.0,0.04605,38036.0,0.04607,3878.0,0.04608,18256.0
1753600083522,07:08:03.522,binance,ACT/USDT:USDT,0.04606,2595.0,0.04605,38036.0,0.04607,3878.0,0.04608,18256.0
1753600083632,07:08:03.632,binance,ACT/USDT:USDT,0.04606,2595.0,0.04605,38036.0,0.04607,3878.0,0.04608,18256.0
1753600083846,07:08:03.846,binance,ACT/USDT:USDT,0.04606,2595.0,0.04605,38036.0,0.04607,3878.0,0.04608,18256.0
1753600084013,07:08:04.013,binance,ACT/USDT:USDT,0.04606,2595.0,0.04605,38036.0,0.04607,3878.0,0.04608,18256.0
1753600084202,07:08:04.202,binance,ACT/USDT:USDT,0.04606,2595.0,0.04605,38036.0,0.04607,3878.0,0.04608,18256.0
1753600084558,07:08:04.558,binance,ACT/USDT:USDT,0.04606,2595.0,0.04605,38036.0,0.04607,3878.0,0.04608,18256.0
1753600084682,07:08:04.682,binance,ACT/USDT:USDT,0.04606,2595.0,0.04605,38036.0,0.04607,3878.0,0.04608,18256.0
1753600085092,07:08:05.092,binance,ACT/USDT:USDT,0.04606,2595.0,0.04605,38036.0,0.04607,3878.0,0.04608,18256.0
1753600085194,07:08:05.194,binance,ACT/USDT:USDT,0.04606,2595.0,0.04605,37640.0,0.04607,3878.0,0.04608,18256.0
1753600085511,07:08:05.511,binance,ACT/USDT:USDT,0.04606,646.0,0.04605,37640.0,0.04607,3878.0,0.04608,18256.0
1753600085659,07:08:05.659,binance,ACT/USDT:USDT,0.04606,646.0,0.04605,35714.0,0.04607,3878.0,0.04608,18256.0
1753600085774,07:08:05.774,binance,ACT/USDT:USDT,0.04606,646.0,0.04605,35714.0,0.04607,3878.0,0.04608,18256.0
1753600086202,07:08:06.202,binance,ACT/USDT:USDT,0.04606,646.0,0.04605,35714.0,0.04607,3878.0,0.04608,18256.0
1753600086802,07:08:06.802,binance,ACT/USDT:USDT,0.04606,646.0,0.04605,35714.0,0.04607,3878.0,0.04608,18256.0
1753600087041,07:08:07.041,binance,ACT/USDT:USDT,0.04607,2839.0,0.04606,12407.0,0.04608,13201.0,0.04609,28239.0
1753600087146,07:08:07.146,binance,ACT/USDT:USDT,0.04607,2839.0,0.04606,18011.0,0.04608,17451.0,0.04609,33807.0
1753600087451,07:08:07.451,binance,ACT/USDT:USDT,0.04607,2839.0,0.04606,14702.0,0.04608,17451.0,0.04609,30264.0
1753600087555,07:08:07.555,binance,ACT/USDT:USDT,0.04607,2839.0,0.04606,9098.0,0.04608,17451.0,0.04609,30264.0
1753600087964,07:08:07.964,binance,ACT/USDT:USDT,0.04607,2839.0,0.04606,12253.0,0.04608,17832.0,0.04609,30264.0
1753600088070,07:08:08.070,binance,ACT/USDT:USDT,0.04607,2839.0,0.04606,9098.0,0.04608,17832.0,0.04609,30264.0
1753600088349,07:08:08.349,binance,ACT/USDT:USDT,0.04607,2839.0,0.04606,9098.0,0.04608,9603.0,0.04609,24696.0
1753600088553,07:08:08.553,binance,ACT/USDT:USDT,0.04607,2839.0,0.04606,9098.0,0.04608,9603.0,0.04609,24696.0
1753600088661,07:08:08.661,binance,ACT/USDT:USDT,0.04607,2839.0,0.04606,9098.0,0.04608,9603.0,0.04609,24696.0
1753600088811,07:08:08.811,binance,ACT/USDT:USDT,0.04607,2839.0,0.04606,9098.0,0.04608,9331.0,0.04609,24696.0
1753600089005,07:08:09.005,binance,ACT/USDT:USDT,0.04607,2839.0,0.04606,9098.0,0.04608,9445.0,0.04609,24696.0
1753600089172,07:08:09.172,binance,ACT/USDT:USDT,0.04607,2839.0,0.04606,9098.0,0.04608,9445.0,0.04609,24696.0
1753600089330,07:08:09.330,binance,ACT/USDT:USDT,0.04607,2839.0,0.04606,9098.0,0.04608,9445.0,0.04609,24696.0
1753600089557,07:08:09.557,binance,ACT/USDT:USDT,0.04607,2839.0,0.04606,13750.0,0.04608,9445.0,0.04609,24696.0
1753600090202,07:08:10.202,binance,ACT/USDT:USDT,0.04607,2839.0,0.04606,13750.0,0.04608,9445.0,0.04609,24696.0
1753600090305,07:08:10.305,binance,ACT/USDT:USDT,0.04607,2839.0,0.04606,13750.0,0.04608,9445.0,0.04609,24696.0
1753600090413,07:08:10.413,binance,ACT/USDT:USDT,0.04606,13532.0,0.04605,35462.0,0.04608,9445.0,0.04609,24696.0
1753600090525,07:08:10.525,binance,ACT/USDT:USDT,0.04606,13532.0,0.04605,35053.0,0.04608,9445.0,0.04609,24696.0
1753600090802,07:08:10.802,binance,ACT/USDT:USDT,0.04606,13532.0,0.04605,35053.0,0.04608,9445.0,0.04609,24696.0
1753600091132,07:08:11.132,binance,ACT/USDT:USDT,0.04606,13532.0,0.04605,35053.0,0.04608,9445.0,0.04609,24696.0
1753600091402,07:08:11.402,binance,ACT/USDT:USDT,0.04606,13532.0,0.04605,35053.0,0.04608,17088.0,0.04609,24696.0
1753600091503,07:08:11.503,binance,ACT/USDT:USDT,0.04606,14115.0,0.04605,35053.0,0.04608,17246.0,0.04609,30243.0
1753600091720,07:08:11.720,binance,ACT/USDT:USDT,0.04606,14115.0,0.04605,35053.0,0.04608,17246.0,0.04609,30243.0
1753600091843,07:08:11.843,binance,ACT/USDT:USDT,0.04606,14115.0,0.04605,34097.0,0.04608,17246.0,0.04609,30243.0
1753600091982,07:08:11.982,binance,ACT/USDT:USDT,0.04606,14115.0,0.04605,34097.0,0.04608,17246.0,0.04609,30243.0
1753600092144,07:08:12.144,binance,ACT/USDT:USDT,0.04606,14115.0,0.04605,34097.0,0.04608,17246.0,0.04609,30243.0
1753600092290,07:08:12.290,binance,ACT/USDT:USDT,0.04606,14115.0,0.04605,34097.0,0.04608,17246.0,0.04609,30243.0
1753600092408,07:08:12.408,binance,ACT/USDT:USDT,0.04606,14115.0,0.04605,34097.0,0.04608,18581.0,0.04609,30243.0
1753600092510,07:08:12.510,binance,ACT/USDT:USDT,0.04606,14115.0,0.04605,31927.0,0.04608,17246.0,0.04609,30243.0
1753600092615,07:08:12.615,binance,ACT/USDT:USDT,0.04606,1229.0,0.04605,26359.0,0.04608,17246.0,0.04609,30243.0
1753600092717,07:08:12.717,binance,ACT/USDT:USDT,0.04606,1229.0,0.04605,26359.0,0.04608,22672.0,0.04609,30243.0
1753600092832,07:08:12.832,binance,ACT/USDT:USDT,0.04606,1229.0,0.04605,26359.0,0.04608,22672.0,0.04609,30243.0
1753600093123,07:08:13.123,binance,ACT/USDT:USDT,0.04606,1229.0,0.04605,26359.0,0.04608,18581.0,0.04609,30243.0
1753600093229,07:08:13.229,binance,ACT/USDT:USDT,0.04606,1229.0,0.04605,26359.0,0.04608,17246.0,0.04609,30243.0
1753600093332,07:08:13.332,binance,ACT/USDT:USDT,0.04606,1229.0,0.04605,26359.0,0.04608,17246.0,0.04609,30243.0
1753600093443,07:08:13.443,binance,ACT/USDT:USDT,0.04606,1229.0,0.04605,26359.0,0.04608,17246.0,0.04609,30243.0
1753600093551,07:08:13.551,binance,ACT/USDT:USDT,0.04606,1229.0,0.04605,26359.0,0.04608,18581.0,0.04609,30243.0
1753600093654,07:08:13.654,binance,ACT/USDT:USDT,0.04606,1229.0,0.04605,26359.0,0.04608,18581.0,0.04609,30243.0
1753600093762,07:08:13.762,binance,ACT/USDT:USDT,0.04606,1229.0,0.04605,26359.0,0.04608,17246.0,0.04609,30243.0
1753600093867,07:08:13.867,binance,ACT/USDT:USDT,0.04606,1229.0,0.04605,26359.0,0.04608,17246.0,0.04609,30243.0
1753600094145,07:08:14.145,binance,ACT/USDT:USDT,0.04606,1229.0,0.04605,26359.0,0.04608,17246.0,0.04609,30243.0
1753600094299,07:08:14.299,binance,ACT/USDT:USDT,0.04606,1229.0,0.04605,26359.0,0.04608,17246.0,0.04609,30243.0
1753600094443,07:08:14.443,binance,ACT/USDT:USDT,0.04606,1229.0,0.04605,26359.0,0.04608,17246.0,0.04609,30243.0
1753600094600,07:08:14.600,binance,ACT/USDT:USDT,0.04606,1229.0,0.04605,26359.0,0.04608,17246.0,0.04609,30243.0
1753600094862,07:08:14.862,binance,ACT/USDT:USDT,0.04606,1229.0,0.04605,26359.0,0.04608,17246.0,0.04609,30243.0
1753600095018,07:08:15.018,binance,ACT/USDT:USDT,0.04606,1229.0,0.04605,26359.0,0.04608,17246.0,0.04609,30243.0
1753600095143,07:08:15.143,binance,ACT/USDT:USDT,0.04606,1229.0,0.04605,26359.0,0.04608,17246.0,0.04609,30243.0
1753600095301,07:08:15.301,binance,ACT/USDT:USDT,0.04606,1229.0,0.04605,26359.0,0.04608,17246.0,0.04609,30243.0
1753600095457,07:08:15.457,binance,ACT/USDT:USDT,0.04606,1229.0,0.04605,26359.0,0.04608,17246.0,0.04609,30243.0
1753600095599,07:08:15.599,binance,ACT/USDT:USDT,0.04606,1229.0,0.04605,26359.0,0.04608,17246.0,0.04609,30243.0
1753600095895,07:08:15.895,binance,ACT/USDT:USDT,0.04606,1229.0,0.04605,26359.0,0.04608,17246.0,0.04609,30243.0
1753600096049,07:08:16.049,binance,ACT/USDT:USDT,0.04606,1229.0,0.04605,26359.0,0.04608,17246.0,0.04609,30243.0
1753600096207,07:08:16.207,binance,ACT/USDT:USDT,0.04606,1229.0,0.04605,26359.0,0.04608,17246.0,0.04609,30243.0
1753600096362,07:08:16.362,binance,ACT/USDT:USDT,0.04606,1229.0,0.04605,26359.0,0.04608,17246.0,0.04609,30243.0
1753600096502,07:08:16.502,binance,ACT/USDT:USDT,0.04606,1229.0,0.04605,26359.0,0.04607,5698.0,0.04608,23270.0
1753600096774,07:08:16.774,binance,ACT/USDT:USDT,0.04606,1229.0,0.04605,26359.0,0.04607,13294.0,0.04608,28657.0
1753600097102,07:08:17.102,binance,ACT/USDT:USDT,0.04606,1229.0,0.04605,26359.0,0.04607,13294.0,0.04608,28657.0
1753600097253,07:08:17.253,binance,ACT/USDT:USDT,0.04606,1229.0,0.04605,26359.0,0.04607,13294.0,0.04608,28657.0
1753600097672,07:08:17.672,binance,ACT/USDT:USDT,0.04606,1229.0,0.04605,26359.0,0.04607,13294.0,0.04608,28657.0
1753600098283,07:08:18.283,binance,ACT/USDT:USDT,0.04606,1229.0,0.04605,26359.0,0.04607,13294.0,0.04608,28657.0
1753600098802,07:08:18.802,binance,ACT/USDT:USDT,0.04606,1229.0,0.04605,26359.0,0.04607,13294.0,0.04608,28657.0
1753600099352,07:08:19.352,binance,ACT/USDT:USDT,0.04606,1229.0,0.04605,26359.0,0.04607,13294.0,0.04608,28657.0
1753600099650,07:08:19.650,binance,ACT/USDT:USDT,0.04606,583.0,0.04605,26359.0,0.04607,13294.0,0.04608,28657.0
1753600099882,07:08:19.882,binance,ACT/USDT:USDT,0.04606,583.0,0.04605,26359.0,0.04607,13294.0,0.04608,28657.0
1753600100290,07:08:20.290,binance,ACT/USDT:USDT,0.04606,583.0,0.04605,26359.0,0.04607,13294.0,0.04608,28657.0
1753600100393,07:08:20.393,binance,ACT/USDT:USDT,0.04606,583.0,0.04605,26977.0,0.04607,13295.0,0.04608,28657.0
1753600101162,07:08:21.162,binance,ACT/USDT:USDT,0.04606,583.0,0.04605,26977.0,0.04607,13295.0,0.04608,28657.0
1753600101562,07:08:21.562,binance,ACT/USDT:USDT,0.04606,583.0,0.04605,26977.0,0.04607,13295.0,0.04608,28657.0
1753600101682,07:08:21.682,binance,ACT/USDT:USDT,0.04606,583.0,0.04605,26977.0,0.04607,13295.0,0.04608,28657.0
1753600101784,07:08:21.784,binance,ACT/USDT:USDT,0.04606,583.0,0.04605,26977.0,0.04607,13295.0,0.04608,36119.0
1753600101899,07:08:21.899,binance,ACT/USDT:USDT,0.04606,583.0,0.04605,26977.0,0.04607,13295.0,0.04608,36119.0
1753600102018,07:08:22.018,binance,ACT/USDT:USDT,0.04606,583.0,0.04605,26977.0,0.04607,13295.0,0.04608,36119.0
1753600102182,07:08:22.182,binance,ACT/USDT:USDT,0.04606,583.0,0.04605,26977.0,0.04607,13295.0,0.04608,36119.0
1753600102330,07:08:22.330,binance,ACT/USDT:USDT,0.04605,1641.0,0.04604,27151.0,0.04606,8462.0,0.04607,37108.0
1753600102436,07:08:22.436,binance,ACT/USDT:USDT,0.04605,1641.0,0.04604,26765.0,0.04606,13890.0,0.04607,38361.0
1753600102542,07:08:22.542,binance,ACT/USDT:USDT,0.04605,1282.0,0.04604,26765.0,0.04606,13890.0,0.04607,38720.0
1753600102845,07:08:22.845,binance,ACT/USDT:USDT,0.04605,1282.0,0.04604,26765.0,0.04606,13890.0,0.04607,38720.0
1753600103002,07:08:23.002,binance,ACT/USDT:USDT,0.04605,1282.0,0.04604,26765.0,0.04606,13890.0,0.04607,38720.0
1753600103110,07:08:23.110,binance,ACT/USDT:USDT,0.04605,1282.0,0.04604,26765.0,0.04606,13890.0,0.04607,38720.0
1753600103318,07:08:23.318,binance,ACT/USDT:USDT,0.04605,1282.0,0.04604,26765.0,0.04606,13890.0,0.04607,38720.0
1753600103438,07:08:23.438,binance,ACT/USDT:USDT,0.04605,1282.0,0.04604,26765.0,0.04606,13890.0,0.04607,29229.0
1753600103602,07:08:23.602,binance,ACT/USDT:USDT,0.04605,1282.0,0.04604,26765.0,0.04606,13890.0,0.04607,29229.0
1753600104202,07:08:24.202,binance,ACT/USDT:USDT,0.04605,1282.0,0.04604,26765.0,0.04606,13890.0,0.04607,29229.0
1753600104327,07:08:24.327,binance,ACT/USDT:USDT,0.04605,1282.0,0.04604,21765.0,0.04606,13890.0,0.04607,29229.0
1753600104743,07:08:24.743,binance,ACT/USDT:USDT,0.04605,1282.0,0.04604,21765.0,0.04606,13890.0,0.04607,29229.0
1753600105262,07:08:25.262,binance,ACT/USDT:USDT,0.04605,1282.0,0.04604,21765.0,0.04606,13890.0,0.04607,29229.0
1753600105557,07:08:25.557,binance,ACT/USDT:USDT,0.04605,1282.0,0.04604,21765.0,0.04606,13890.0,0.04607,29229.0
1753600105662,07:08:25.662,binance,ACT/USDT:USDT,0.04605,1282.0,0.04604,21765.0,0.04606,13890.0,0.04607,29229.0
1753600105802,07:08:25.802,binance,ACT/USDT:USDT,0.04605,1282.0,0.04604,21765.0,0.04606,13890.0,0.04607,29229.0
1753600106001,07:08:26.001,binance,ACT/USDT:USDT,0.04605,1282.0,0.04604,21765.0,0.04606,13890.0,0.04607,29229.0
1753600106131,07:08:26.131,binance,ACT/USDT:USDT,0.04605,9414.0,0.04604,27092.0,0.04606,13890.0,0.04607,20934.0
1753600106402,07:08:26.402,binance,ACT/USDT:USDT,0.04605,9414.0,0.04604,27092.0,0.04606,13890.0,0.04607,20934.0
1753600106550,07:08:26.550,binance,ACT/USDT:USDT,0.04605,9414.0,0.04604,21765.0,0.04606,13890.0,0.04607,20934.0
1753600106656,07:08:26.656,binance,ACT/USDT:USDT,0.04605,9414.0,0.04604,21765.0,0.04606,13890.0,0.04607,20934.0
1753600106933,07:08:26.933,binance,ACT/USDT:USDT,0.04605,9414.0,0.04604,21765.0,0.04606,13890.0,0.04607,20934.0
1753600107193,07:08:27.193,binance,ACT/USDT:USDT,0.04605,9414.0,0.04604,21765.0,0.04606,13890.0,0.04607,20934.0
1753600107349,07:08:27.349,binance,ACT/USDT:USDT,0.04605,9414.0,0.04604,21765.0,0.04606,13890.0,0.04607,20934.0
1753600107452,07:08:27.452,binance,ACT/USDT:USDT,0.04605,9414.0,0.04604,21765.0,0.04606,13890.0,0.04607,20934.0
1753600107582,07:08:27.582,binance,ACT/USDT:USDT,0.04605,9414.0,0.04604,21765.0,0.04606,13890.0,0.04607,20934.0
1753600108002,07:08:28.002,binance,ACT/USDT:USDT,0.04605,9414.0,0.04604,21765.0,0.04606,13890.0,0.04607,20934.0
1753600108493,07:08:28.493,binance,ACT/USDT:USDT,0.04605,9414.0,0.04604,21765.0,0.04606,35602.0,0.04607,37117.0
1753600108601,07:08:28.601,binance,ACT/USDT:USDT,0.04605,9414.0,0.04604,21765.0,0.04606,35602.0,0.04607,37117.0
1753600109102,07:08:29.102,binance,ACT/USDT:USDT,0.04605,9414.0,0.04604,21765.0,0.04606,35602.0,0.04607,37117.0
1753600109570,07:08:29.570,binance,ACT/USDT:USDT,0.04605,1282.0,0.04604,21765.0,0.04606,35602.0,0.04607,37117.0
1753600109673,07:08:29.673,binance,ACT/USDT:USDT,0.04605,1282.0,0.04604,21765.0,0.04606,35602.0,0.04607,37117.0
1753600109787,07:08:29.787,binance,ACT/USDT:USDT,0.04605,1282.0,0.04604,21765.0,0.04606,35602.0,0.04607,37117.0
1753600110202,07:08:30.202,binance,ACT/USDT:USDT,0.04605,1282.0,0.04604,21765.0,0.04606,35602.0,0.04607,37117.0
1753600110489,07:08:30.489,binance,ACT/USDT:USDT,0.04605,1282.0,0.04604,21765.0,0.04606,35602.0,0.04607,37117.0
1753600110753,07:08:30.753,binance,ACT/USDT:USDT,0.04605,1282.0,0.04604,21765.0,0.04606,35602.0,0.04607,37117.0
1753600110916,07:08:30.916,binance,ACT/USDT:USDT,0.04605,1282.0,0.04604,21765.0,0.04606,35602.0,0.04607,37117.0
1753600111036,07:08:31.036,binance,ACT/USDT:USDT,0.04605,1282.0,0.04604,21765.0,0.04606,35602.0,0.04607,37117.0
1753600111158,07:08:31.158,binance,ACT/USDT:USDT,0.04605,1282.0,0.04604,21765.0,0.04606,35602.0,0.04607,37117.0
1753600111448,07:08:31.448,binance,ACT/USDT:USDT,0.04605,1282.0,0.04604,21765.0,0.04606,35602.0,0.04607,37117.0
1753600111552,07:08:31.552,binance,ACT/USDT:USDT,0.04605,1282.0,0.04604,21765.0,0.04606,35602.0,0.04607,37117.0
1753600111657,07:08:31.657,binance,ACT/USDT:USDT,0.04605,1282.0,0.04604,21765.0,0.04606,35602.0,0.04607,37117.0
1753600111782,07:08:31.782,binance,ACT/USDT:USDT,0.04605,1282.0,0.04604,21765.0,0.04606,35602.0,0.04607,37117.0
1753600111902,07:08:31.902,binance,ACT/USDT:USDT,0.04605,1282.0,0.04604,21765.0,0.04606,35602.0,0.04607,37117.0
1753600112067,07:08:32.067,binance,ACT/USDT:USDT,0.04605,1282.0,0.04604,21765.0,0.04606,35602.0,0.04607,37117.0
1753600112382,07:08:32.382,binance,ACT/USDT:USDT,0.04605,1282.0,0.04604,21765.0,0.04606,35602.0,0.04607,37117.0
1753600112561,07:08:32.561,binance,ACT/USDT:USDT,0.04605,1282.0,0.04604,21765.0,0.04606,35602.0,0.04607,37117.0
1753600113502,07:08:33.502,binance,ACT/USDT:USDT,0.04605,1282.0,0.04604,21765.0,0.04606,35602.0,0.04607,37117.0
1753600114062,07:08:34.062,binance,ACT/USDT:USDT,0.04605,1282.0,0.04604,21765.0,0.04606,35602.0,0.04607,37117.0
1753600114202,07:08:34.202,binance,ACT/USDT:USDT,0.04605,1282.0,0.04604,21765.0,0.04606,35602.0,0.04607,37117.0
1753600114422,07:08:34.422,binance,ACT/USDT:USDT,0.04605,1282.0,0.04604,21765.0,0.04606,35602.0,0.04607,37117.0
1753600114564,07:08:34.564,binance,ACT/USDT:USDT,0.04604,14292.0,0.04603,39119.0,0.04606,40190.0,0.04607,40085.0
1753600114670,07:08:34.670,binance,ACT/USDT:USDT,0.04604,14292.0,0.04603,39119.0,0.04606,40190.0,0.04607,40085.0
1753600114795,07:08:34.795,binance,ACT/USDT:USDT,0.04605,649.0,0.04604,14510.0,0.04606,41147.0,0.04607,34276.0
1753600114908,07:08:34.908,binance,ACT/USDT:USDT,0.04604,556.0,0.04603,39260.0,0.04605,10542.0,0.04606,50076.0
1753600115010,07:08:35.010,binance,ACT/USDT:USDT,0.04604,8626.0,0.04603,39260.0,0.04605,272.0,0.04606,41876.0
1753600115149,07:08:35.149,binance,ACT/USDT:USDT,0.04604,8626.0,0.04603,39260.0,0.04605,272.0,0.04606,41876.0
1753600115253,07:08:35.253,binance,ACT/USDT:USDT,0.04604,8626.0,0.04603,39260.0,0.04605,272.0,0.04606,41876.0
1753600115437,07:08:35.437,binance,ACT/USDT:USDT,0.04604,8626.0,0.04603,39260.0,0.04605,272.0,0.04606,41876.0
1753600115554,07:08:35.554,binance,ACT/USDT:USDT,0.04604,8626.0,0.04603,39260.0,0.04605,272.0,0.04606,41876.0
1753600115665,07:08:35.665,binance,ACT/USDT:USDT,0.04604,8626.0,0.04603,39260.0,0.04605,272.0,0.04606,41876.0
1753600116097,07:08:36.097,binance,ACT/USDT:USDT,0.04604,8626.0,0.04603,35665.0,0.04605,272.0,0.04606,41876.0
1753600116483,07:08:36.483,binance,ACT/USDT:USDT,0.04604,8626.0,0.04603,35665.0,0.04605,272.0,0.04606,41876.0
1753600116702,07:08:36.702,binance,ACT/USDT:USDT,0.04604,8626.0,0.04603,35665.0,0.04605,272.0,0.04606,41876.0
1753600116808,07:08:36.808,binance,ACT/USDT:USDT,0.04604,8626.0,0.04603,35665.0,0.04605,272.0,0.04606,41876.0
1753600117302,07:08:37.302,binance,ACT/USDT:USDT,0.04604,8626.0,0.04603,35665.0,0.04605,272.0,0.04606,41876.0
1753600117407,07:08:37.407,binance,ACT/USDT:USDT,0.04604,8626.0,0.04603,35665.0,0.04605,272.0,0.04606,41876.0
1753600117568,07:08:37.568,binance,ACT/USDT:USDT,0.04604,8626.0,0.04603,35665.0,0.04605,272.0,0.04606,41876.0
1753600117670,07:08:37.670,binance,ACT/USDT:USDT,0.04604,8626.0,0.04603,35665.0,0.04605,272.0,0.04606,41876.0
1753600117806,07:08:37.806,binance,ACT/USDT:USDT,0.04604,8626.0,0.04603,35665.0,0.04605,272.0,0.04606,41876.0
1753600117908,07:08:37.908,binance,ACT/USDT:USDT,0.04604,8626.0,0.04603,35665.0,0.04605,272.0,0.04606,41876.0
1753600118402,07:08:38.402,binance,ACT/USDT:USDT,0.04604,8626.0,0.04603,35665.0,0.04605,272.0,0.04606,41876.0
1753600118843,07:08:38.843,binance,ACT/USDT:USDT,0.04604,8626.0,0.04603,35665.0,0.04605,272.0,0.04606,41876.0
1753600119602,07:08:39.602,binance,ACT/USDT:USDT,0.04604,8626.0,0.04603,35665.0,0.04605,272.0,0.04606,41876.0
1753600120038,07:08:40.038,binance,ACT/USDT:USDT,0.04604,8626.0,0.04603,35665.0,0.04605,4615.0,0.04606,21252.0
1753600120192,07:08:40.192,binance,ACT/USDT:USDT,0.04604,8626.0,0.04603,35665.0,0.04605,4615.0,0.04606,21252.0
1753600120325,07:08:40.325,binance,ACT/USDT:USDT,0.04604,8626.0,0.04603,35665.0,0.04605,4615.0,0.04606,21252.0
1753600120579,07:08:40.579,binance,ACT/USDT:USDT,0.04604,8626.0,0.04603,35665.0,0.04605,4343.0,0.04606,21252.0
1753600120692,07:08:40.692,binance,ACT/USDT:USDT,0.04604,8626.0,0.04603,35665.0,0.04605,4343.0,0.04606,21252.0
1753600120923,07:08:40.923,binance,ACT/USDT:USDT,0.04604,8626.0,0.04603,41264.0,0.04605,4343.0,0.04606,21252.0
1753600121550,07:08:41.550,binance,ACT/USDT:USDT,0.04604,8626.0,0.04603,41264.0,0.04605,4343.0,0.04606,21252.0
1753600121683,07:08:41.683,binance,ACT/USDT:USDT,0.04604,8626.0,0.04603,41264.0,0.04605,4343.0,0.04606,21252.0
1753600121911,07:08:41.911,binance,ACT/USDT:USDT,0.04605,8231.0,0.04604,19350.0,0.04606,30687.0,0.04607,33694.0
1753600122016,07:08:42.016,binance,ACT/USDT:USDT,0.04605,8231.0,0.04604,19350.0,0.04606,30535.0,0.04607,33694.0
1753600122394,07:08:42.394,binance,ACT/USDT:USDT,0.04605,8231.0,0.04604,19350.0,0.04606,30535.0,0.04607,33694.0
1753600122537,07:08:42.537,binance,ACT/USDT:USDT,0.04605,8231.0,0.04604,19350.0,0.04606,30535.0,0.04607,33694.0
1753600122802,07:08:42.802,binance,ACT/USDT:USDT,0.04605,8231.0,0.04604,19350.0,0.04606,30535.0,0.04607,33694.0
1753600122908,07:08:42.908,binance,ACT/USDT:USDT,0.04605,8231.0,0.04604,19350.0,0.04606,30535.0,0.04607,33694.0
1753600123383,07:08:43.383,binance,ACT/USDT:USDT,0.04605,8231.0,0.04604,19350.0,0.04606,30535.0,0.04607,33694.0
1753600123484,07:08:43.484,binance,ACT/USDT:USDT,0.04605,8231.0,0.04604,19350.0,0.04606,4701.0,0.04607,30726.0
1753600123802,07:08:43.802,binance,ACT/USDT:USDT,0.04605,8231.0,0.04604,19350.0,0.04606,4701.0,0.04607,34997.0
1753600124002,07:08:44.002,binance,ACT/USDT:USDT,0.04605,8231.0,0.04604,19350.0,0.04606,4701.0,0.04607,34997.0
1753600124149,07:08:44.149,binance,ACT/USDT:USDT,0.04605,8231.0,0.04604,19350.0,0.04606,4701.0,0.04607,34997.0
1753600124265,07:08:44.265,binance,ACT/USDT:USDT,0.04605,8231.0,0.04604,19350.0,0.04606,4701.0,0.04607,34997.0
1753600124533,07:08:44.533,binance,ACT/USDT:USDT,0.04605,8231.0,0.04604,19350.0,0.04606,4701.0,0.04607,34997.0
1753600124708,07:08:44.708,binance,ACT/USDT:USDT,0.04605,8231.0,0.04604,19350.0,0.04606,4701.0,0.04607,34997.0
1753600124918,07:08:44.918,binance,ACT/USDT:USDT,0.04605,8231.0,0.04604,19350.0,0.04606,4701.0,0.04607,34997.0
1753600125048,07:08:45.048,binance,ACT/USDT:USDT,0.04605,8231.0,0.04604,19350.0,0.04606,4701.0,0.04607,34997.0
1753600125150,07:08:45.150,binance,ACT/USDT:USDT,0.04605,8231.0,0.04604,19350.0,0.04606,4701.0,0.04607,34997.0
1753600125461,07:08:45.461,binance,ACT/USDT:USDT,0.04605,8231.0,0.04604,19709.0,0.04606,4342.0,0.04607,34997.0
1753600125574,07:08:45.574,binance,ACT/USDT:USDT,0.04605,8231.0,0.04604,19709.0,0.04606,4342.0,0.04607,34997.0
1753600125877,07:08:45.877,binance,ACT/USDT:USDT,0.04605,8231.0,0.04604,19709.0,0.04606,4342.0,0.04607,34997.0
1753600126078,07:08:46.078,binance,ACT/USDT:USDT,0.04605,8231.0,0.04604,19709.0,0.04606,4342.0,0.04607,34997.0
1753600126181,07:08:46.181,binance,ACT/USDT:USDT,0.04605,8231.0,0.04604,19709.0,0.04606,4342.0,0.04607,34997.0
1753600126432,07:08:46.432,binance,ACT/USDT:USDT,0.04605,8231.0,0.04604,19709.0,0.04606,4342.0,0.04607,34997.0
1753600126562,07:08:46.562,binance,ACT/USDT:USDT,0.04605,8231.0,0.04604,19709.0,0.04606,4342.0,0.04607,34997.0
1753600126712,07:08:46.712,binance,ACT/USDT:USDT,0.04605,8231.0,0.04604,19709.0,0.04606,4342.0,0.04607,34997.0
1753600126831,07:08:46.831,binance,ACT/USDT:USDT,0.04605,8231.0,0.04604,19709.0,0.04606,4342.0,0.04607,34997.0
1753600127202,07:08:47.202,binance,ACT/USDT:USDT,0.04605,8231.0,0.04604,41241.0,0.04607,19239.0,0.04608,23481.0
1753600127304,07:08:47.304,binance,ACT/USDT:USDT,0.04606,8147.0,0.04605,19355.0,0.04607,7955.0,0.04608,15447.0
1753600127408,07:08:47.408,binance,ACT/USDT:USDT,0.04606,8800.0,0.04605,19714.0,0.04607,7596.0,0.04608,19166.0
1753600127509,07:08:47.509,binance,ACT/USDT:USDT,0.04606,8800.0,0.04605,19714.0,0.04607,7596.0,0.04608,19166.0
1753600127625,07:08:47.625,binance,ACT/USDT:USDT,0.04606,8800.0,0.04605,20615.0,0.04607,7712.0,0.04608,19166.0
1753600127802,07:08:47.802,binance,ACT/USDT:USDT,0.04606,8800.0,0.04605,20615.0,0.04607,7712.0,0.04608,19166.0
1753600127908,07:08:47.908,binance,ACT/USDT:USDT,0.04606,8800.0,0.04605,20615.0,0.04607,7712.0,0.04608,19166.0
1753600128108,07:08:48.108,binance,ACT/USDT:USDT,0.04606,8800.0,0.04605,20615.0,0.04607,7712.0,0.04608,19166.0
1753600128292,07:08:48.292,binance,ACT/USDT:USDT,0.04606,8800.0,0.04605,20615.0,0.04607,7712.0,0.04608,19166.0
1753600129308,07:08:49.308,binance,ACT/USDT:USDT,0.04606,8800.0,0.04605,20615.0,0.04607,7712.0,0.04608,19166.0
1753600129852,07:08:49.852,binance,ACT/USDT:USDT,0.04606,8800.0,0.04605,20615.0,0.04607,7712.0,0.04608,19166.0
1753600130008,07:08:50.008,binance,ACT/USDT:USDT,0.04606,8800.0,0.04605,20615.0,0.04607,7712.0,0.04608,19166.0
1753600130393,07:08:50.393,binance,ACT/USDT:USDT,0.04606,8800.0,0.04605,20615.0,0.04607,7826.0,0.04608,19166.0
1753600130756,07:08:50.756,binance,ACT/USDT:USDT,0.04606,8800.0,0.04605,20615.0,0.04607,7826.0,0.04608,19166.0
1753600131002,07:08:51.002,binance,ACT/USDT:USDT,0.04606,8800.0,0.04605,20615.0,0.04607,7826.0,0.04608,19166.0
1753600131117,07:08:51.117,binance,ACT/USDT:USDT,0.04606,8800.0,0.04605,20615.0,0.04607,7826.0,0.04608,19166.0
1753600131307,07:08:51.307,binance,ACT/USDT:USDT,0.04606,8800.0,0.04605,20615.0,0.04607,7826.0,0.04608,19166.0
1753600131534,07:08:51.534,binance,ACT/USDT:USDT,0.04606,8800.0,0.04605,20615.0,0.04607,7828.0,0.04608,19166.0
1753600131701,07:08:51.701,binance,ACT/USDT:USDT,0.04606,8800.0,0.04605,20615.0,0.04607,7828.0,0.04608,19166.0
1753600131976,07:08:51.976,binance,ACT/USDT:USDT,0.04606,8800.0,0.04605,19714.0,0.04607,7828.0,0.04608,19166.0
1753600132123,07:08:52.123,binance,ACT/USDT:USDT,0.04606,8800.0,0.04605,19714.0,0.04607,7828.0,0.04608,19166.0
1753600132571,07:08:52.571,binance,ACT/USDT:USDT,0.04606,8800.0,0.04605,19714.0,0.04607,7828.0,0.04608,19166.0
1753600132702,07:08:52.702,binance,ACT/USDT:USDT,0.04606,8800.0,0.04605,19714.0,0.04607,7828.0,0.04608,19166.0
1753600133159,07:08:53.159,binance,ACT/USDT:USDT,0.04606,8800.0,0.04605,19714.0,0.04607,7828.0,0.04608,19166.0
1753600133261,07:08:53.261,binance,ACT/USDT:USDT,0.04606,8800.0,0.04605,19714.0,0.04607,7828.0,0.04608,19166.0
1753600133475,07:08:53.475,binance,ACT/USDT:USDT,0.04606,8800.0,0.04605,19714.0,0.04607,7828.0,0.04608,19166.0
1753600133802,07:08:53.802,binance,ACT/USDT:USDT,0.04606,8800.0,0.04605,19714.0,0.04607,7828.0,0.04608,19166.0
1753600134402,07:08:54.402,binance,ACT/USDT:USDT,0.04606,8800.0,0.04605,19714.0,0.04607,7828.0,0.04608,19166.0
1753600135002,07:08:55.002,binance,ACT/USDT:USDT,0.04606,8800.0,0.04605,19714.0,0.04607,7828.0,0.04608,19166.0
1753600135107,07:08:55.107,binance,ACT/USDT:USDT,0.04606,8800.0,0.04605,19714.0,0.04607,7828.0,0.04608,19166.0
1753600135602,07:08:55.602,binance,ACT/USDT:USDT,0.04606,8800.0,0.04605,19714.0,0.04607,7828.0,0.04608,30020.0
1753600135721,07:08:55.721,binance,ACT/USDT:USDT,0.04606,8800.0,0.04605,19714.0,0.04607,7828.0,0.04608,30020.0
1753600136202,07:08:56.202,binance,ACT/USDT:USDT,0.04606,8800.0,0.04605,19714.0,0.04607,7828.0,0.04608,30020.0
1753600136393,07:08:56.393,binance,ACT/USDT:USDT,0.04607,9792.0,0.04606,14593.0,0.04608,38419.0,0.04609,23656.0
1753600136500,07:08:56.500,binance,ACT/USDT:USDT,0.04607,9792.0,0.04606,14593.0,0.04608,38419.0,0.04609,23656.0
1753600136606,07:08:56.606,binance,ACT/USDT:USDT,0.04607,9792.0,0.04606,14593.0,0.04608,38419.0,0.04609,23656.0
1753600136862,07:08:56.862,binance,ACT/USDT:USDT,0.04607,12588.0,0.04606,14593.0,0.04608,38419.0,0.04609,23656.0
1753600137102,07:08:57.102,binance,ACT/USDT:USDT,0.04607,12588.0,0.04606,14593.0,0.04608,38419.0,0.04609,23656.0
1753600137227,07:08:57.227,binance,ACT/USDT:USDT,0.04607,12588.0,0.04606,19593.0,0.04608,38419.0,0.04609,23656.0
1753600137424,07:08:57.424,binance,ACT/USDT:USDT,0.04607,12588.0,0.04606,19593.0,0.04608,38419.0,0.04609,23656.0
1753600137550,07:08:57.550,binance,ACT/USDT:USDT,0.04607,12588.0,0.04606,19593.0,0.04608,38419.0,0.04609,23656.0
1753600137652,07:08:57.652,binance,ACT/USDT:USDT,0.04607,11047.0,0.04606,19593.0,0.04608,38419.0,0.04609,23656.0
1753600138172,07:08:58.172,binance,ACT/USDT:USDT,0.04607,11047.0,0.04606,19593.0,0.04608,38147.0,0.04609,23656.0
1753600138312,07:08:58.312,binance,ACT/USDT:USDT,0.04607,11047.0,0.04606,19593.0,0.04608,38419.0,0.04609,23656.0
1753600138417,07:08:58.417,binance,ACT/USDT:USDT,0.04607,11047.0,0.04606,19593.0,0.04608,38419.0,0.04609,23656.0
1753600138702,07:08:58.702,binance,ACT/USDT:USDT,0.04607,11047.0,0.04606,19593.0,0.04608,38419.0,0.04609,23656.0
1753600139043,07:08:59.043,binance,ACT/USDT:USDT,0.04607,11047.0,0.04606,19593.0,0.04608,38419.0,0.04609,23656.0
1753600139802,07:08:59.802,binance,ACT/USDT:USDT,0.04607,11047.0,0.04606,19593.0,0.04608,38419.0,0.04609,23656.0
1753600140193,07:09:00.193,binance,ACT/USDT:USDT,0.04607,11047.0,0.04606,19593.0,0.04608,38419.0,0.04609,23656.0
1753600140352,07:09:00.352,binance,ACT/USDT:USDT,0.04607,11047.0,0.04606,19593.0,0.04608,38419.0,0.04609,23656.0
1753600140513,07:09:00.513,binance,ACT/USDT:USDT,0.04607,11047.0,0.04606,19593.0,0.04608,38419.0,0.04609,23656.0
1753600140614,07:09:00.614,binance,ACT/USDT:USDT,0.04607,11047.0,0.04606,19593.0,0.04608,38419.0,0.04609,23656.0
1753600140752,07:09:00.752,binance,ACT/USDT:USDT,0.04607,11047.0,0.04606,19593.0,0.04608,34700.0,0.04609,23656.0
1753600140877,07:09:00.877,binance,ACT/USDT:USDT,0.04607,11047.0,0.04606,19593.0,0.04608,34700.0,0.04609,23656.0
1753600141043,07:09:01.043,binance,ACT/USDT:USDT,0.04607,11047.0,0.04606,19593.0,0.04608,34700.0,0.04609,27765.0
1753600141295,07:09:01.295,binance,ACT/USDT:USDT,0.04607,11047.0,0.04606,19593.0,0.04608,34700.0,0.04609,27765.0
1753600141402,07:09:01.402,binance,ACT/USDT:USDT,0.04607,11047.0,0.04606,19593.0,0.04608,34700.0,0.04609,27765.0
1753600141604,07:09:01.604,binance,ACT/USDT:USDT,0.04607,11047.0,0.04606,19593.0,0.04608,34700.0,0.04609,27765.0
1753600142090,07:09:02.090,binance,ACT/USDT:USDT,0.04607,11047.0,0.04606,19593.0,0.04608,34700.0,0.04609,27765.0
1753600142213,07:09:02.213,binance,ACT/USDT:USDT,0.04607,11047.0,0.04606,19593.0,0.04608,34700.0,0.04609,27765.0
1753600142337,07:09:02.337,binance,ACT/USDT:USDT,0.04607,11047.0,0.04606,19593.0,0.04608,34700.0,0.04609,27765.0
1753600142552,07:09:02.552,binance,ACT/USDT:USDT,0.04607,11047.0,0.04606,19593.0,0.04608,34700.0,0.04609,27765.0
1753600142793,07:09:02.793,binance,ACT/USDT:USDT,0.04607,11047.0,0.04606,19593.0,0.04608,34700.0,0.04609,27765.0
1753600142944,07:09:02.944,binance,ACT/USDT:USDT,0.04607,11047.0,0.04606,19593.0,0.04608,34700.0,0.04609,33336.0
1753600143102,07:09:03.102,binance,ACT/USDT:USDT,0.04607,11047.0,0.04606,19593.0,0.04608,34700.0,0.04609,33336.0
1753600143345,07:09:03.345,binance,ACT/USDT:USDT,0.04607,11047.0,0.04606,19593.0,0.04608,37430.0,0.04609,33336.0
1753600143484,07:09:03.484,binance,ACT/USDT:USDT,0.04607,11047.0,0.04606,19745.0,0.04608,37159.0,0.04609,33336.0
1753600143773,07:09:03.773,binance,ACT/USDT:USDT,0.04607,11047.0,0.04606,19745.0,0.04608,37159.0,0.04609,33336.0
1753600144062,07:09:04.062,binance,ACT/USDT:USDT,0.04607,11047.0,0.04606,19745.0,0.04608,37159.0,0.04609,33336.0
1753600144165,07:09:04.165,binance,ACT/USDT:USDT,0.04607,11047.0,0.04606,19745.0,0.04608,37431.0,0.04609,33336.0
1753600144602,07:09:04.602,binance,ACT/USDT:USDT,0.04607,11047.0,0.04606,19745.0,0.04608,37431.0,0.04609,33336.0
1753600145122,07:09:05.122,binance,ACT/USDT:USDT,0.04607,11047.0,0.04606,19745.0,0.04608,37431.0,0.04609,33336.0
1753600145360,07:09:05.360,binance,ACT/USDT:USDT,0.04607,11047.0,0.04606,19745.0,0.04608,37159.0,0.04609,33336.0
1753600145467,07:09:05.467,binance,ACT/USDT:USDT,0.04607,11047.0,0.04606,19745.0,0.04608,37159.0,0.04609,33336.0
1753600145678,07:09:05.678,binance,ACT/USDT:USDT,0.04607,11047.0,0.04606,19745.0,0.04608,37159.0,0.04609,33336.0
1753600145780,07:09:05.780,binance,ACT/USDT:USDT,0.04607,11047.0,0.04606,19745.0,0.04608,37159.0,0.04609,33336.0
1753600146302,07:09:06.302,binance,ACT/USDT:USDT,0.04607,11047.0,0.04606,19745.0,0.04608,37159.0,0.04609,33336.0
1753600146774,07:09:06.774,binance,ACT/USDT:USDT,0.04607,11047.0,0.04606,19745.0,0.04608,37159.0,0.04609,33336.0
1753600146902,07:09:06.902,binance,ACT/USDT:USDT,0.04607,11047.0,0.04606,19745.0,0.04608,37159.0,0.04609,33336.0
1753600147130,07:09:07.130,binance,ACT/USDT:USDT,0.04608,8239.0,0.04607,11047.0,0.04609,766.0,0.0461,20844.0
1753600147234,07:09:07.234,binance,ACT/USDT:USDT,0.04608,8239.0,0.04607,19582.0,0.04609,631.0,0.0461,24163.0
1753600147353,07:09:07.353,binance,ACT/USDT:USDT,0.04608,8850.0,0.04607,19582.0,0.04609,631.0,0.0461,23783.0
1753600147473,07:09:07.473,binance,ACT/USDT:USDT,0.04608,8850.0,0.04607,19582.0,0.04609,631.0,0.0461,23783.0
1753600147779,07:09:07.779,binance,ACT/USDT:USDT,0.04608,8850.0,0.04607,16861.0,0.04609,631.0,0.0461,28708.0
1753600147884,07:09:07.884,binance,ACT/USDT:USDT,0.04608,8850.0,0.04607,16861.0,0.04609,631.0,0.0461,28708.0
1753600147990,07:09:07.990,binance,ACT/USDT:USDT,0.04608,8850.0,0.04607,16861.0,0.04609,631.0,0.0461,28708.0
1753600148107,07:09:08.107,binance,ACT/USDT:USDT,0.04608,8850.0,0.04607,16861.0,0.04609,631.0,0.0461,23783.0
1753600148213,07:09:08.213,binance,ACT/USDT:USDT,0.04608,8850.0,0.04607,16861.0,0.04609,631.0,0.0461,23783.0
1753600148724,07:09:08.724,binance,ACT/USDT:USDT,0.04608,8850.0,0.04607,16861.0,0.04609,631.0,0.0461,23783.0
1753600148862,07:09:08.862,binance,ACT/USDT:USDT,0.04608,8850.0,0.04607,16861.0,0.04609,631.0,0.0461,28736.0
1753600149103,07:09:09.103,binance,ACT/USDT:USDT,0.04608,8850.0,0.04607,16861.0,0.04609,359.0,0.0461,28736.0
1753600149208,07:09:09.208,binance,ACT/USDT:USDT,0.04608,8850.0,0.04607,16861.0,0.04609,359.0,0.0461,23783.0
1753600149350,07:09:09.350,binance,ACT/USDT:USDT,0.04608,8850.0,0.04607,16861.0,0.04609,359.0,0.0461,23783.0
1753600149502,07:09:09.502,binance,ACT/USDT:USDT,0.04608,8850.0,0.04607,16861.0,0.04609,359.0,0.0461,23783.0
1753600149702,07:09:09.702,binance,ACT/USDT:USDT,0.04608,8850.0,0.04607,21791.0,0.04609,359.0,0.0461,23783.0
1753600150109,07:09:10.109,binance,ACT/USDT:USDT,0.04608,8850.0,0.04607,16861.0,0.04609,506.0,0.0461,23783.0
1753600150212,07:09:10.212,binance,ACT/USDT:USDT,0.04608,8850.0,0.04607,16861.0,0.04609,778.0,0.0461,28718.0
1753600150331,07:09:10.331,binance,ACT/USDT:USDT,0.04608,8850.0,0.04607,16861.0,0.04609,778.0,0.0461,28718.0
1753600150476,07:09:10.476,binance,ACT/USDT:USDT,0.04608,8850.0,0.04607,16861.0,0.04609,778.0,0.0461,28718.0
1753600150802,07:09:10.802,binance,ACT/USDT:USDT,0.04608,8850.0,0.04607,16861.0,0.04609,506.0,0.0461,28718.0
1753600150934,07:09:10.934,binance,ACT/USDT:USDT,0.04608,8850.0,0.04607,21819.0,0.04609,506.0,0.0461,23783.0
1753600151240,07:09:11.240,binance,ACT/USDT:USDT,0.04608,8850.0,0.04607,21819.0,0.04609,506.0,0.0461,23783.0
1753600151502,07:09:11.502,binance,ACT/USDT:USDT,0.04608,8850.0,0.04607,21819.0,0.04609,506.0,0.0461,23783.0
1753600151890,07:09:11.890,binance,ACT/USDT:USDT,0.04608,8850.0,0.04607,16861.0,0.04609,506.0,0.0461,23783.0
1753600152003,07:09:12.003,binance,ACT/USDT:USDT,0.04608,8850.0,0.04607,16861.0,0.04609,506.0,0.0461,28690.0
1753600152407,07:09:12.407,binance,ACT/USDT:USDT,0.04608,8850.0,0.04607,16861.0,0.04609,506.0,0.0461,23783.0
1753600152513,07:09:12.513,binance,ACT/USDT:USDT,0.04608,8850.0,0.04607,16861.0,0.04609,778.0,0.0461,23783.0
1753600152626,07:09:12.626,binance,ACT/USDT:USDT,0.04608,8850.0,0.04607,16861.0,0.04609,778.0,0.0461,23783.0
1753600153037,07:09:13.037,binance,ACT/USDT:USDT,0.04608,611.0,0.04607,17819.0,0.04609,9017.0,0.0461,30104.0
1753600153138,07:09:13.138,binance,ACT/USDT:USDT,0.04608,611.0,0.04607,17819.0,0.04609,9017.0,0.0461,23783.0
1753600153444,07:09:13.444,binance,ACT/USDT:USDT,0.04608,611.0,0.04607,17819.0,0.04609,9017.0,0.0461,23783.0
1753600153548,07:09:13.548,binance,ACT/USDT:USDT,0.04608,611.0,0.04607,17819.0,0.04609,9017.0,0.0461,30104.0
1753600153653,07:09:13.653,binance,ACT/USDT:USDT,0.04608,611.0,0.04607,17819.0,0.04609,9017.0,0.0461,30104.0
1753600153762,07:09:13.762,binance,ACT/USDT:USDT,0.04608,611.0,0.04607,17819.0,0.04609,9017.0,0.0461,30104.0
1753600154072,07:09:14.072,binance,ACT/USDT:USDT,0.04608,611.0,0.04607,17819.0,0.04609,9017.0,0.0461,30104.0
1753600154202,07:09:14.202,binance,ACT/USDT:USDT,0.04608,611.0,0.04607,17819.0,0.04609,9017.0,0.0461,30104.0
1753600154366,07:09:14.366,binance,ACT/USDT:USDT,0.04608,611.0,0.04607,9568.0,0.04609,9017.0,0.0461,30104.0
1753600154702,07:09:14.702,binance,ACT/USDT:USDT,0.04608,611.0,0.04607,9568.0,0.04609,9017.0,0.0461,30104.0
1753600155105,07:09:15.105,binance,ACT/USDT:USDT,0.04608,611.0,0.04607,9568.0,0.04609,8870.0,0.0461,30104.0
1753600155574,07:09:15.574,binance,ACT/USDT:USDT,0.04608,611.0,0.04607,9568.0,0.04609,8870.0,0.0461,30104.0
1753600155702,07:09:15.702,binance,ACT/USDT:USDT,0.04608,611.0,0.04607,9568.0,0.04609,8870.0,0.0461,30104.0
1753600156242,07:09:16.242,binance,ACT/USDT:USDT,0.04608,611.0,0.04607,9568.0,0.04609,8870.0,0.0461,30104.0
1753600156576,07:09:16.576,binance,ACT/USDT:USDT,0.04607,9350.0,0.04606,37958.0,0.04609,8870.0,0.0461,30104.0
1753600156681,07:09:16.681,binance,ACT/USDT:USDT,0.04607,9350.0,0.04606,37958.0,0.04609,8870.0,0.0461,30104.0
1753600156784,07:09:16.784,binance,ACT/USDT:USDT,0.04607,9350.0,0.04606,37958.0,0.04609,8870.0,0.0461,30104.0
1753600156887,07:09:16.887,binance,ACT/USDT:USDT,0.04608,610.0,0.04607,9568.0,0.04609,8870.0,0.0461,30104.0
1753600156992,07:09:16.992,binance,ACT/USDT:USDT,0.04608,610.0,0.04607,9568.0,0.04609,8870.0,0.0461,30104.0
1753600157422,07:09:17.422,binance,ACT/USDT:USDT,0.04607,2948.0,0.04606,28493.0,0.04608,8067.0,0.04609,21712.0
1753600157571,07:09:17.571,binance,ACT/USDT:USDT,0.04607,2948.0,0.04606,28493.0,0.04608,8067.0,0.04609,21712.0
1753600157672,07:09:17.672,binance,ACT/USDT:USDT,0.04607,3544.0,0.04606,28493.0,0.04608,11758.0,0.04609,21712.0
1753600157862,07:09:17.862,binance,ACT/USDT:USDT,0.04607,3544.0,0.04606,28493.0,0.04608,11758.0,0.04609,21712.0
1753600158382,07:09:18.382,binance,ACT/USDT:USDT,0.04607,3544.0,0.04606,28493.0,0.04608,11758.0,0.04609,21712.0
1753600158486,07:09:18.486,binance,ACT/USDT:USDT,0.04607,3544.0,0.04606,28493.0,0.04608,12030.0,0.04609,21712.0
1753600158588,07:09:18.588,binance,ACT/USDT:USDT,0.04607,3544.0,0.04606,23493.0,0.04608,12030.0,0.04609,21712.0
1753600158953,07:09:18.953,binance,ACT/USDT:USDT,0.04607,3544.0,0.04606,23493.0,0.04608,12030.0,0.04609,21712.0
1753600159330,07:09:19.330,binance,ACT/USDT:USDT,0.04607,3544.0,0.04606,23493.0,0.04608,13765.0,0.04609,21712.0
1753600159502,07:09:19.502,binance,ACT/USDT:USDT,0.04607,3544.0,0.04606,23493.0,0.04608,13765.0,0.04609,21712.0
1753600160102,07:09:20.102,binance,ACT/USDT:USDT,0.04607,3544.0,0.04606,23493.0,0.04608,13765.0,0.04609,21712.0
1753600160418,07:09:20.418,binance,ACT/USDT:USDT,0.04607,3544.0,0.04606,23493.0,0.04608,13765.0,0.04609,21712.0
1753600160542,07:09:20.542,binance,ACT/USDT:USDT,0.04607,3544.0,0.04606,23493.0,0.04608,13765.0,0.04609,21712.0
1753600160952,07:09:20.952,binance,ACT/USDT:USDT,0.04607,3544.0,0.04606,21835.0,0.04608,13765.0,0.04609,21712.0
1753600161202,07:09:21.202,binance,ACT/USDT:USDT,0.04607,3544.0,0.04606,21835.0,0.04608,13765.0,0.04609,21712.0
1753600161639,07:09:21.639,binance,ACT/USDT:USDT,0.04607,3544.0,0.04606,21835.0,0.04608,13765.0,0.04609,27685.0
1753600161745,07:09:21.745,binance,ACT/USDT:USDT,0.04607,3544.0,0.04606,13688.0,0.04608,13765.0,0.04609,27685.0
1753600161862,07:09:21.862,binance,ACT/USDT:USDT,0.04607,2948.0,0.04606,13688.0,0.04608,13765.0,0.04609,27685.0
1753600162113,07:09:22.113,binance,ACT/USDT:USDT,0.04607,2948.0,0.04606,14232.0,0.04608,13765.0,0.04609,27685.0
1753600162233,07:09:22.233,binance,ACT/USDT:USDT,0.04607,2948.0,0.04606,14232.0,0.04608,13765.0,0.04609,27685.0
1753600162469,07:09:22.469,binance,ACT/USDT:USDT,0.04607,2948.0,0.04606,14232.0,0.04608,13765.0,0.04609,27685.0
1753600162579,07:09:22.579,binance,ACT/USDT:USDT,0.04607,2948.0,0.04606,14232.0,0.04608,13765.0,0.04609,27685.0
1753600162793,07:09:22.793,binance,ACT/USDT:USDT,0.04607,2948.0,0.04606,14232.0,0.04608,13765.0,0.04609,27685.0
1753600162901,07:09:22.901,binance,ACT/USDT:USDT,0.04607,2948.0,0.04606,14232.0,0.04608,13765.0,0.04609,27685.0
1753600163078,07:09:23.078,binance,ACT/USDT:USDT,0.04607,2948.0,0.04606,14232.0,0.04608,13765.0,0.04609,27685.0
1753600163302,07:09:23.302,binance,ACT/USDT:USDT,0.04607,2948.0,0.04606,13577.0,0.04608,13755.0,0.04609,27685.0
1753600163439,07:09:23.439,binance,ACT/USDT:USDT,0.04607,2948.0,0.04606,13577.0,0.04608,13755.0,0.04609,27685.0
1753600163579,07:09:23.579,binance,ACT/USDT:USDT,0.04607,2948.0,0.04606,13577.0,0.04608,13755.0,0.04609,27685.0
1753600163684,07:09:23.684,binance,ACT/USDT:USDT,0.04607,2948.0,0.04606,13577.0,0.04608,13755.0,0.04609,27685.0
1753600163791,07:09:23.791,binance,ACT/USDT:USDT,0.04607,2948.0,0.04606,13577.0,0.04608,13755.0,0.04609,27685.0
1753600163936,07:09:23.936,binance,ACT/USDT:USDT,0.04607,2948.0,0.04606,13577.0,0.04608,13755.0,0.04609,27685.0
1753600164392,07:09:24.392,binance,ACT/USDT:USDT,0.04607,2948.0,0.04606,13577.0,0.04608,13755.0,0.04609,27685.0
1753600164501,07:09:24.501,binance,ACT/USDT:USDT,0.04607,2948.0,0.04606,13577.0,0.04608,13755.0,0.04609,27685.0
1753600164603,07:09:24.603,binance,ACT/USDT:USDT,0.04607,2948.0,0.04606,13577.0,0.04608,13755.0,0.04609,27685.0
1753600164807,07:09:24.807,binance,ACT/USDT:USDT,0.04607,2948.0,0.04606,13577.0,0.04608,13755.0,0.04609,27685.0
1753600165002,07:09:25.002,binance,ACT/USDT:USDT,0.04607,2948.0,0.04606,13577.0,0.04608,13755.0,0.04609,27685.0
1753600165552,07:09:25.552,binance,ACT/USDT:USDT,0.04607,2948.0,0.04606,13577.0,0.04608,13755.0,0.04609,27685.0
1753600166102,07:09:26.102,binance,ACT/USDT:USDT,0.04607,2948.0,0.04606,13577.0,0.04608,13755.0,0.04609,27685.0
1753600166573,07:09:26.573,binance,ACT/USDT:USDT,0.04607,2948.0,0.04606,13577.0,0.04608,13755.0,0.04609,27685.0
1753600166742,07:09:26.742,binance,ACT/USDT:USDT,0.04607,2948.0,0.04606,13577.0,0.04608,13755.0,0.04609,27685.0
1753600167192,07:09:27.192,binance,ACT/USDT:USDT,0.04607,2948.0,0.04606,13577.0,0.04608,13755.0,0.04609,27685.0
1753600167352,07:09:27.352,binance,ACT/USDT:USDT,0.04607,2948.0,0.04606,13577.0,0.04608,13755.0,0.04609,27685.0
1753600167539,07:09:27.539,binance,ACT/USDT:USDT,0.04607,2948.0,0.04606,13577.0,0.04608,13755.0,0.04609,27685.0
1753600167702,07:09:27.702,binance,ACT/USDT:USDT,0.04607,2948.0,0.04606,13577.0,0.04608,13755.0,0.04609,27685.0
1753600167986,07:09:27.986,binance,ACT/USDT:USDT,0.04606,544.0,0.04605,27141.0,0.04607,8398.0,0.04608,41683.0
1753600168090,07:09:28.090,binance,ACT/USDT:USDT,0.04606,544.0,0.04605,27141.0,0.04607,8398.0,0.04608,41683.0
1753600168218,07:09:28.218,binance,ACT/USDT:USDT,0.04606,544.0,0.04605,27141.0,0.04607,8398.0,0.04608,41683.0
1753600168563,07:09:28.563,binance,ACT/USDT:USDT,0.04606,544.0,0.04605,27141.0,0.04607,8398.0,0.04608,41683.0
1753600168666,07:09:28.666,binance,ACT/USDT:USDT,0.04606,544.0,0.04605,27141.0,0.04607,8398.0,0.04608,41683.0
1753600169073,07:09:29.073,binance,ACT/USDT:USDT,0.04606,544.0,0.04605,27141.0,0.04607,8398.0,0.04608,41683.0
1753600169202,07:09:29.202,binance,ACT/USDT:USDT,0.04606,544.0,0.04605,27141.0,0.04607,8398.0,0.04608,41683.0
1753600169379,07:09:29.379,binance,ACT/USDT:USDT,0.04606,544.0,0.04605,27141.0,0.04607,8398.0,0.04608,41683.0
1753600169642,07:09:29.642,binance,ACT/USDT:USDT,0.04606,544.0,0.04605,27141.0,0.04607,8398.0,0.04608,41683.0
1753600169846,07:09:29.846,binance,ACT/USDT:USDT,0.04606,544.0,0.04605,27141.0,0.04607,8398.0,0.04608,41683.0
1753600170208,07:09:30.208,binance,ACT/USDT:USDT,0.04606,544.0,0.04605,27141.0,0.04607,8398.0,0.04608,41683.0
1753600170311,07:09:30.311,binance,ACT/USDT:USDT,0.04606,544.0,0.04605,27141.0,0.04607,8398.0,0.04608,41683.0
1753600170623,07:09:30.623,binance,ACT/USDT:USDT,0.04606,544.0,0.04605,27141.0,0.04607,8398.0,0.04608,41683.0
1753600170802,07:09:30.802,binance,ACT/USDT:USDT,0.04606,544.0,0.04605,27141.0,0.04607,8398.0,0.04608,41683.0
1753600171402,07:09:31.402,binance,ACT/USDT:USDT,0.04606,544.0,0.04605,26486.0,0.04607,8398.0,0.04608,41683.0
1753600171564,07:09:31.564,binance,ACT/USDT:USDT,0.04606,544.0,0.04605,27018.0,0.04607,8398.0,0.04608,41683.0
1753600172505,07:09:32.505,binance,ACT/USDT:USDT,0.04606,544.0,0.04605,22018.0,0.04607,8398.0,0.04608,41683.0
1753600172613,07:09:32.613,binance,ACT/USDT:USDT,0.04606,544.0,0.04605,22018.0,0.04607,8398.0,0.04608,41683.0
1753600172822,07:09:32.822,binance,ACT/USDT:USDT,0.04606,544.0,0.04605,22018.0,0.04607,14057.0,0.04608,35620.0
1753600173000,07:09:33.000,binance,ACT/USDT:USDT,0.04606,544.0,0.04605,22018.0,0.04607,14057.0,0.04608,35620.0
1753600173107,07:09:33.107,binance,ACT/USDT:USDT,0.04605,14700.0,0.04604,32435.0,0.04607,14057.0,0.04608,35620.0
1753600173212,07:09:33.212,binance,ACT/USDT:USDT,0.04605,14700.0,0.04604,32435.0,0.04607,14057.0,0.04608,35620.0
1753600173538,07:09:33.538,binance,ACT/USDT:USDT,0.04606,43548.0,0.04605,14386.0,0.04607,8398.0,0.04608,31810.0
1753600173659,07:09:33.659,binance,ACT/USDT:USDT,0.04606,43548.0,0.04605,15144.0,0.04607,8398.0,0.04608,28759.0
1753600173790,07:09:33.790,binance,ACT/USDT:USDT,0.04606,43548.0,0.04605,15144.0,0.04607,8398.0,0.04608,28759.0
1753600173929,07:09:33.929,binance,ACT/USDT:USDT,0.04606,43548.0,0.04605,15144.0,0.04607,8398.0,0.04608,28759.0
1753600174171,07:09:34.171,binance,ACT/USDT:USDT,0.04606,43548.0,0.04605,21083.0,0.04607,272.0,0.04608,28759.0
1753600174272,07:09:34.272,binance,ACT/USDT:USDT,0.04606,43548.0,0.04605,21083.0,0.04607,272.0,0.04608,28759.0
1753600174454,07:09:34.454,binance,ACT/USDT:USDT,0.04606,43548.0,0.04605,21083.0,0.04607,272.0,0.04608,28759.0
1753600174555,07:09:34.555,binance,ACT/USDT:USDT,0.04606,43548.0,0.04605,21083.0,0.04607,272.0,0.04608,28759.0
1753600174860,07:09:34.860,binance,ACT/USDT:USDT,0.04607,42996.0,0.04606,9313.0,0.04608,14114.0,0.04609,21992.0
1753600175038,07:09:35.038,binance,ACT/USDT:USDT,0.04607,42996.0,0.04606,9313.0,0.04608,14114.0,0.04609,21992.0
1753600175149,07:09:35.149,binance,ACT/USDT:USDT,0.04607,42996.0,0.04606,9313.0,0.04608,14114.0,0.04609,21992.0
1753600175373,07:09:35.373,binance,ACT/USDT:USDT,0.04607,42996.0,0.04606,9313.0,0.04608,2470.0,0.04609,21992.0
1753600175485,07:09:35.485,binance,ACT/USDT:USDT,0.04607,42996.0,0.04606,9313.0,0.04608,2470.0,0.04609,21992.0
1753600175876,07:09:35.876,binance,ACT/USDT:USDT,0.04607,42996.0,0.04606,9313.0,0.04608,2470.0,0.04609,21992.0
1753600175978,07:09:35.978,binance,ACT/USDT:USDT,0.04607,42996.0,0.04606,9313.0,0.04608,2470.0,0.04609,26127.0
1753600176437,07:09:36.437,binance,ACT/USDT:USDT,0.04607,42996.0,0.04606,9313.0,0.04608,2470.0,0.04609,26127.0
1753600176542,07:09:36.542,binance,ACT/USDT:USDT,0.04607,42996.0,0.04606,9313.0,0.04608,2470.0,0.04609,26127.0
1753600176780,07:09:36.780,binance,ACT/USDT:USDT,0.04607,42996.0,0.04606,9313.0,0.04608,2470.0,0.04609,26127.0
1753600177002,07:09:37.002,binance,ACT/USDT:USDT,0.04607,42996.0,0.04606,9313.0,0.04608,2470.0,0.04609,26127.0
1753600177602,07:09:37.602,binance,ACT/USDT:USDT,0.04607,42996.0,0.04606,9313.0,0.04608,2470.0,0.04609,26127.0
1753600177747,07:09:37.747,binance,ACT/USDT:USDT,0.04607,42996.0,0.04606,9313.0,0.04608,2470.0,0.04609,26127.0
1753600178183,07:09:38.183,binance,ACT/USDT:USDT,0.04607,42996.0,0.04606,9313.0,0.04608,2470.0,0.04609,26127.0
1753600178302,07:09:38.302,binance,ACT/USDT:USDT,0.04607,42996.0,0.04606,9313.0,0.04608,2470.0,0.04609,26127.0
1753600178702,07:09:38.702,binance,ACT/USDT:USDT,0.04607,42996.0,0.04606,9313.0,0.04608,2470.0,0.04609,26127.0
1753600178894,07:09:38.894,binance,ACT/USDT:USDT,0.04607,42996.0,0.04606,9313.0,0.04608,2470.0,0.04609,26127.0
1753600179076,07:09:39.076,binance,ACT/USDT:USDT,0.04607,42996.0,0.04606,9313.0,0.04608,2470.0,0.04609,26127.0
1753600179196,07:09:39.196,binance,ACT/USDT:USDT,0.04607,42996.0,0.04606,9313.0,0.04608,2470.0,0.04609,26127.0
1753600179302,07:09:39.302,binance,ACT/USDT:USDT,0.04607,42996.0,0.04606,9313.0,0.04608,2470.0,0.04609,31293.0
1753600179453,07:09:39.453,binance,ACT/USDT:USDT,0.04607,42996.0,0.04606,9313.0,0.04608,2470.0,0.04609,26127.0
1753600179559,07:09:39.559,binance,ACT/USDT:USDT,0.04607,42996.0,0.04606,9313.0,0.04608,2470.0,0.04609,26127.0
1753600179902,07:09:39.902,binance,ACT/USDT:USDT,0.04607,42996.0,0.04606,9445.0,0.04608,2470.0,0.04609,26127.0
1753600180005,07:09:40.005,binance,ACT/USDT:USDT,0.04607,42996.0,0.04606,9445.0,0.04608,2470.0,0.04609,26127.0
1753600180143,07:09:40.143,binance,ACT/USDT:USDT,0.04607,42996.0,0.04606,9445.0,0.04608,2470.0,0.04609,26127.0
1753600180323,07:09:40.323,binance,ACT/USDT:USDT,0.04607,42996.0,0.04606,9445.0,0.04608,2470.0,0.04609,26127.0
1753600180459,07:09:40.459,binance,ACT/USDT:USDT,0.04607,42996.0,0.04606,9445.0,0.04608,2470.0,0.04609,26127.0
1753600180567,07:09:40.567,binance,ACT/USDT:USDT,0.04607,42996.0,0.04606,9445.0,0.04608,2470.0,0.04609,26127.0
1753600180689,07:09:40.689,binance,ACT/USDT:USDT,0.04607,42996.0,0.04606,9445.0,0.04608,2470.0,0.04609,26127.0
1753600180930,07:09:40.930,binance,ACT/USDT:USDT,0.04607,42996.0,0.04606,9445.0,0.04608,2470.0,0.04609,26127.0
1753600181092,07:09:41.092,binance,ACT/USDT:USDT,0.04607,42996.0,0.04606,9445.0,0.04608,2470.0,0.04609,26127.0
1753600181502,07:09:41.502,binance,ACT/USDT:USDT,0.04607,42996.0,0.04606,9445.0,0.04608,2470.0,0.04609,26127.0
1753600181689,07:09:41.689,binance,ACT/USDT:USDT,0.04607,42996.0,0.04606,9445.0,0.04608,2470.0,0.04609,26127.0
1753600182032,07:09:42.032,binance,ACT/USDT:USDT,0.04607,42996.0,0.04606,9445.0,0.04608,2470.0,0.04609,26127.0
1753600182541,07:09:42.541,binance,ACT/USDT:USDT,0.04607,42996.0,0.04606,9445.0,0.04608,2470.0,0.04609,26127.0
1753600182675,07:09:42.675,binance,ACT/USDT:USDT,0.04607,42996.0,0.04606,9445.0,0.04608,2470.0,0.04609,26127.0
1753600183102,07:09:43.102,binance,ACT/USDT:USDT,0.04607,42996.0,0.04606,9445.0,0.04608,2470.0,0.04609,26127.0
1753600183328,07:09:43.328,binance,ACT/USDT:USDT,0.04607,42996.0,0.04606,9445.0,0.04608,2470.0,0.04609,26127.0
1753600183438,07:09:43.438,binance,ACT/USDT:USDT,0.04607,42996.0,0.04606,9445.0,0.04608,2470.0,0.04609,26127.0
1753600183646,07:09:43.646,binance,ACT/USDT:USDT,0.04607,42996.0,0.04606,9445.0,0.04608,2470.0,0.04609,26127.0
1753600183801,07:09:43.801,binance,ACT/USDT:USDT,0.04607,42996.0,0.04606,9445.0,0.04608,2470.0,0.04609,26127.0
1753600184192,07:09:44.192,binance,ACT/USDT:USDT,0.04607,42996.0,0.04606,9445.0,0.04608,2470.0,0.04609,26127.0
1753600184301,07:09:44.301,binance,ACT/USDT:USDT,0.04607,42996.0,0.04606,9445.0,0.04608,2470.0,0.04609,26127.0
1753600184702,07:09:44.702,binance,ACT/USDT:USDT,0.04607,42996.0,0.04606,9445.0,0.04608,2470.0,0.04609,26127.0
1753600185302,07:09:45.302,binance,ACT/USDT:USDT,0.04607,42996.0,0.04606,9445.0,0.04608,2470.0,0.04609,26127.0
1753600185553,07:09:45.553,binance,ACT/USDT:USDT,0.04607,42996.0,0.04606,9445.0,0.04608,2470.0,0.04609,26127.0
1753600185655,07:09:45.655,binance,ACT/USDT:USDT,0.04607,42996.0,0.04606,9445.0,0.04608,2470.0,0.04609,26127.0
1753600185774,07:09:45.774,binance,ACT/USDT:USDT,0.04607,42996.0,0.04606,9445.0,0.04608,2470.0,0.04609,26127.0
1753600185902,07:09:45.902,binance,ACT/USDT:USDT,0.04607,42996.0,0.04606,9445.0,0.04608,10582.0,0.04609,26127.0
1753600186452,07:09:46.452,binance,ACT/USDT:USDT,0.04607,42996.0,0.04606,9445.0,0.04608,10582.0,0.04609,26127.0
1753600186567,07:09:46.567,binance,ACT/USDT:USDT,0.04607,42996.0,0.04606,9445.0,0.04608,10582.0,0.04609,26127.0
1753600187002,07:09:47.002,binance,ACT/USDT:USDT,0.04607,42996.0,0.04606,9445.0,0.04608,10582.0,0.04609,26127.0
1753600187560,07:09:47.560,binance,ACT/USDT:USDT,0.04607,42996.0,0.04606,9445.0,0.04608,10582.0,0.04609,26127.0
1753600187702,07:09:47.702,binance,ACT/USDT:USDT,0.04607,42996.0,0.04606,9445.0,0.04608,10582.0,0.04609,26127.0
1753600188053,07:09:48.053,binance,ACT/USDT:USDT,0.04607,42996.0,0.04606,9445.0,0.04608,10582.0,0.04609,26127.0
1753600188158,07:09:48.158,binance,ACT/USDT:USDT,0.04607,42996.0,0.04606,9445.0,0.04608,10582.0,0.04609,26127.0
1753600188702,07:09:48.702,binance,ACT/USDT:USDT,0.04607,42996.0,0.04606,9445.0,0.04608,10582.0,0.04609,26127.0
1753600189208,07:09:49.208,binance,ACT/USDT:USDT,0.04607,42996.0,0.04606,9445.0,0.04608,10582.0,0.04609,26127.0
1753600189311,07:09:49.311,binance,ACT/USDT:USDT,0.04607,42996.0,0.04606,9445.0,0.04608,10582.0,0.04609,26127.0
1753600189542,07:09:49.542,binance,ACT/USDT:USDT,0.04607,42996.0,0.04606,9445.0,0.04608,10582.0,0.04609,26127.0
1753600189763,07:09:49.763,binance,ACT/USDT:USDT,0.04607,42996.0,0.04606,9445.0,0.04608,10582.0,0.04609,26127.0
1753600190111,07:09:50.111,binance,ACT/USDT:USDT,0.04607,42996.0,0.04606,9445.0,0.04608,10582.0,0.04609,26127.0
1753600190302,07:09:50.302,binance,ACT/USDT:USDT,0.04607,42996.0,0.04606,9445.0,0.04608,10582.0,0.04609,26127.0
1753600190490,07:09:50.490,binance,ACT/USDT:USDT,0.04607,42996.0,0.04606,9445.0,0.04608,10696.0,0.04609,26127.0
1753600190613,07:09:50.613,binance,ACT/USDT:USDT,0.04607,42996.0,0.04606,9445.0,0.04608,10696.0,0.04609,26127.0
1753600190902,07:09:50.902,binance,ACT/USDT:USDT,0.04607,42996.0,0.04606,9445.0,0.04608,10696.0,0.04609,26127.0
1753600191016,07:09:51.016,binance,ACT/USDT:USDT,0.04607,42996.0,0.04606,9445.0,0.04608,10696.0,0.04609,26127.0
1753600191502,07:09:51.502,binance,ACT/USDT:USDT,0.04607,42996.0,0.04606,9445.0,0.04608,10696.0,0.04609,26127.0
1753600192092,07:09:52.092,binance,ACT/USDT:USDT,0.04607,42996.0,0.04606,9445.0,0.04608,10696.0,0.04609,26127.0
1753600192203,07:09:52.203,binance,ACT/USDT:USDT,0.04607,42996.0,0.04606,9445.0,0.04608,10696.0,0.04609,26127.0
1753600192602,07:09:52.602,binance,ACT/USDT:USDT,0.04607,42996.0,0.04606,9445.0,0.04608,10696.0,0.04609,26127.0
1753600192943,07:09:52.943,binance,ACT/USDT:USDT,0.04607,42996.0,0.04606,9445.0,0.04608,10696.0,0.04609,26127.0
1753600193152,07:09:53.152,binance,ACT/USDT:USDT,0.04607,42996.0,0.04606,9445.0,0.04608,10696.0,0.04609,26127.0
1753600193303,07:09:53.303,binance,ACT/USDT:USDT,0.04607,42996.0,0.04606,9445.0,0.04608,10696.0,0.04609,31887.0
1753600193412,07:09:53.412,binance,ACT/USDT:USDT,0.04607,42996.0,0.04606,9445.0,0.04608,10696.0,0.04609,30065.0
1753600193516,07:09:53.516,binance,ACT/USDT:USDT,0.04607,42996.0,0.04606,9445.0,0.04608,10696.0,0.04609,23264.0
1753600193625,07:09:53.625,binance,ACT/USDT:USDT,0.04607,42996.0,0.04606,9445.0,0.04608,10696.0,0.04609,23264.0
