timestamp,time,exchange,symbol,bid1_price,bid1_volume,bid2_price,bid2_volume,ask1_price,ask1_volume,ask2_price,ask2_volume
1753599985375,07:06:25.375,bybit,ACH/USDT:USDT,0.023182,12660.0,0.023175,1070.0,0.023183,1840.0,0.023185,60370.0
1753599987274,07:06:27.274,bybit,ACH/USDT:USDT,0.023182,15850.0,0.023175,1070.0,0.023183,4000.0,0.023184,270.0
1753599988374,07:06:28.374,bybit,ACH/USDT:USDT,0.023182,15850.0,0.023175,1070.0,0.023183,4000.0,0.023185,60370.0
1753599988875,07:06:28.875,bybit,ACH/USDT:USDT,0.023182,15850.0,0.023175,1070.0,0.023183,4000.0,0.023185,60370.0
1753599989575,07:06:29.575,bybit,ACH/USDT:USDT,0.023182,15850.0,0.023175,1070.0,0.023183,64370.0,0.023187,220.0
1753599989681,07:06:29.681,bybit,ACH/USDT:USDT,0.023182,15850.0,0.023175,1070.0,0.023183,64650.0,0.023187,220.0
1753599992676,07:06:32.676,bybit,ACH/USDT:USDT,0.023182,15850.0,0.023175,1070.0,0.023183,4000.0,0.023186,270.0
1753599992774,07:06:32.774,bybit,ACH/USDT:USDT,0.023182,15850.0,0.023175,1530.0,0.023183,590.0,0.023186,270.0
1753599992874,07:06:32.874,bybit,ACH/USDT:USDT,0.023182,15850.0,0.023175,1530.0,0.023183,590.0,0.023186,270.0
1753599992975,07:06:32.975,bybit,ACH/USDT:USDT,0.023182,15850.0,0.023175,1530.0,0.023183,590.0,0.023186,270.0
1753599993074,07:06:33.074,bybit,ACH/USDT:USDT,0.023182,15850.0,0.023175,1530.0,0.023183,590.0,0.023186,270.0
1753599993974,07:06:33.974,bybit,ACH/USDT:USDT,0.023182,15850.0,0.023175,1530.0,0.023183,590.0,0.023186,270.0
1753599994175,07:06:34.175,bybit,ACH/USDT:USDT,0.023182,15850.0,0.023175,1530.0,0.023183,590.0,0.023186,270.0
1753599994481,07:06:34.481,bybit,ACH/USDT:USDT,0.023182,15850.0,0.023175,1530.0,0.023183,590.0,0.023186,270.0
1753599994675,07:06:34.675,bybit,ACH/USDT:USDT,0.023182,15850.0,0.023175,1530.0,0.023183,590.0,0.023186,270.0
1753599995374,07:06:35.374,bybit,ACH/USDT:USDT,0.023182,15850.0,0.023175,1530.0,0.023183,590.0,0.023186,270.0
1753599995473,07:06:35.473,bybit,ACH/USDT:USDT,0.023182,15850.0,0.023175,1530.0,0.023183,590.0,0.023186,270.0
1753599995775,07:06:35.775,bybit,ACH/USDT:USDT,0.023182,15850.0,0.023175,1530.0,0.023183,840.0,0.023186,270.0
1753599995875,07:06:35.875,bybit,ACH/USDT:USDT,0.023182,15850.0,0.023175,1530.0,0.023183,840.0,0.023186,270.0
1753599996174,07:06:36.174,bybit,ACH/USDT:USDT,0.023182,15850.0,0.023175,1530.0,0.023183,840.0,0.023187,220.0
1753599996374,07:06:36.374,bybit,ACH/USDT:USDT,0.023182,15850.0,0.023175,1530.0,0.023183,840.0,0.023187,220.0
1753599996676,07:06:36.676,bybit,ACH/USDT:USDT,0.023182,15850.0,0.023175,1530.0,0.023183,840.0,0.023187,220.0
1753599996775,07:06:36.775,bybit,ACH/USDT:USDT,0.023182,15850.0,0.023175,1530.0,0.023183,840.0,0.023187,220.0
1753599996974,07:06:36.974,bybit,ACH/USDT:USDT,0.023182,15850.0,0.023175,1530.0,0.023183,5330.0,0.023187,220.0
1753599997175,07:06:37.175,bybit,ACH/USDT:USDT,0.023182,15850.0,0.023175,1530.0,0.023183,5330.0,0.023187,220.0
1753599997276,07:06:37.276,bybit,ACH/USDT:USDT,0.023182,15850.0,0.023175,1070.0,0.023183,5330.0,0.023187,220.0
1753599997679,07:06:37.679,bybit,ACH/USDT:USDT,0.023182,15850.0,0.023175,1070.0,0.023183,5330.0,0.023187,220.0
1753599997874,07:06:37.874,bybit,ACH/USDT:USDT,0.023182,15850.0,0.023175,1070.0,0.023183,5330.0,0.023187,220.0
1753599998075,07:06:38.075,bybit,ACH/USDT:USDT,0.023182,15850.0,0.023175,1070.0,0.023183,5330.0,0.023187,220.0
1753599998275,07:06:38.275,bybit,ACH/USDT:USDT,0.023182,15850.0,0.023175,1070.0,0.023183,5330.0,0.023187,220.0
1753599998475,07:06:38.475,bybit,ACH/USDT:USDT,0.023182,15850.0,0.023175,1070.0,0.023183,5330.0,0.023187,220.0
1753599999073,07:06:39.073,bybit,ACH/USDT:USDT,0.023182,15850.0,0.023175,1070.0,0.023183,10740.0,0.023187,220.0
1753599999473,07:06:39.473,bybit,ACH/USDT:USDT,0.023182,15850.0,0.023175,1070.0,0.023183,10740.0,0.023187,220.0
1753599999679,07:06:39.679,bybit,ACH/USDT:USDT,0.023182,15850.0,0.023175,1070.0,0.023183,10740.0,0.023187,220.0
1753599999874,07:06:39.874,bybit,ACH/USDT:USDT,0.023182,15850.0,0.023175,1070.0,0.023183,840.0,0.023187,220.0
1753600000276,07:06:40.276,bybit,ACH/USDT:USDT,0.023182,15850.0,0.023175,1070.0,0.023183,840.0,0.023187,220.0
1753600000376,07:06:40.376,bybit,ACH/USDT:USDT,0.023182,15850.0,0.023175,1070.0,0.023183,840.0,0.023187,220.0
1753600000474,07:06:40.474,bybit,ACH/USDT:USDT,0.023186,1190.0,0.023184,340.0,0.023187,220.0,0.02319,240.0
1753600000574,07:06:40.574,bybit,ACH/USDT:USDT,0.023186,1190.0,0.023184,340.0,0.023187,220.0,0.02319,240.0
1753600000774,07:06:40.774,bybit,ACH/USDT:USDT,0.023186,1190.0,0.023184,340.0,0.023187,220.0,0.02319,240.0
1753600000973,07:06:40.973,bybit,ACH/USDT:USDT,0.023186,1190.0,0.023184,340.0,0.023187,220.0,0.02319,240.0
1753600001075,07:06:41.075,bybit,ACH/USDT:USDT,0.023186,1190.0,0.023184,340.0,0.023187,2990.0,0.02319,240.0
1753600001177,07:06:41.177,bybit,ACH/USDT:USDT,0.023185,12660.0,0.023182,3190.0,0.023186,1180.0,0.023187,2990.0
1753600001273,07:06:41.273,bybit,ACH/USDT:USDT,0.023185,12660.0,0.023182,3190.0,0.023186,1180.0,0.023187,2990.0
1753600001374,07:06:41.374,bybit,ACH/USDT:USDT,0.023185,12660.0,0.023182,3190.0,0.023186,1180.0,0.023187,2990.0
1753600001474,07:06:41.474,bybit,ACH/USDT:USDT,0.023185,12660.0,0.023182,3190.0,0.023186,1180.0,0.023187,2990.0
1753600001575,07:06:41.575,bybit,ACH/USDT:USDT,0.023185,12660.0,0.023182,3190.0,0.023186,3590.0,0.023187,2990.0
1753600002174,07:06:42.174,bybit,ACH/USDT:USDT,0.023185,12660.0,0.023182,3190.0,0.023186,3590.0,0.023187,2990.0
1753600002376,07:06:42.376,bybit,ACH/USDT:USDT,0.023185,12660.0,0.023182,3190.0,0.023186,9750.0,0.023187,2990.0
1753600002675,07:06:42.675,bybit,ACH/USDT:USDT,0.023185,12660.0,0.023182,3190.0,0.023186,9750.0,0.023187,2990.0
1753600002774,07:06:42.774,bybit,ACH/USDT:USDT,0.023185,12660.0,0.023182,3190.0,0.023186,9750.0,0.023187,2990.0
1753600003274,07:06:43.274,bybit,ACH/USDT:USDT,0.023185,12660.0,0.023182,3190.0,0.023186,9750.0,0.023187,2990.0
1753600003874,07:06:43.874,bybit,ACH/USDT:USDT,0.023185,12660.0,0.023182,3190.0,0.023186,12830.0,0.023187,2990.0
1753600003975,07:06:43.975,bybit,ACH/USDT:USDT,0.023185,12660.0,0.023182,3190.0,0.023186,12830.0,0.023187,2990.0
1753600004574,07:06:44.574,bybit,ACH/USDT:USDT,0.023185,12660.0,0.023182,3190.0,0.023186,15910.0,0.023187,2990.0
1753600004675,07:06:44.675,bybit,ACH/USDT:USDT,0.023185,12660.0,0.023182,3190.0,0.023186,15910.0,0.023187,2990.0
1753600004975,07:06:44.975,bybit,ACH/USDT:USDT,0.023185,12660.0,0.023182,3190.0,0.023186,15910.0,0.023187,2990.0
1753600005576,07:06:45.576,bybit,ACH/USDT:USDT,0.023185,12660.0,0.023182,3190.0,0.023186,15910.0,0.023187,2990.0
1753600005674,07:06:45.674,bybit,ACH/USDT:USDT,0.023185,12660.0,0.023182,3190.0,0.023186,15910.0,0.023187,2990.0
1753600005874,07:06:45.874,bybit,ACH/USDT:USDT,0.023185,12660.0,0.023182,3190.0,0.023186,15910.0,0.023187,2990.0
1753600006075,07:06:46.075,bybit,ACH/USDT:USDT,0.023185,12660.0,0.023182,3190.0,0.023186,15910.0,0.023187,2990.0
1753600007276,07:06:47.276,bybit,ACH/USDT:USDT,0.023185,12660.0,0.023182,3190.0,0.023186,15910.0,0.023187,2990.0
1753600007376,07:06:47.376,bybit,ACH/USDT:USDT,0.023174,1190.0,0.023173,2260.0,0.023182,2240.0,0.023183,730.0
1753600007474,07:06:47.474,bybit,ACH/USDT:USDT,0.023174,1190.0,0.023173,2260.0,0.023182,5420.0,0.023183,270.0
1753600007574,07:06:47.574,bybit,ACH/USDT:USDT,0.023174,1190.0,0.023173,2260.0,0.023182,9740.0,0.023183,270.0
1753600007673,07:06:47.673,bybit,ACH/USDT:USDT,0.023174,1190.0,0.023173,2260.0,0.023182,9740.0,0.023183,270.0
1753600007774,07:06:47.774,bybit,ACH/USDT:USDT,0.023175,2390.0,0.023173,2610.0,0.023182,9740.0,0.023183,270.0
1753600007976,07:06:47.976,bybit,ACH/USDT:USDT,0.023177,1190.0,0.023176,1190.0,0.023181,1180.0,0.023183,270.0
1753600008074,07:06:48.074,bybit,ACH/USDT:USDT,0.023177,1190.0,0.023175,350.0,0.023183,270.0,0.023184,440.0
1753600008174,07:06:48.174,bybit,ACH/USDT:USDT,0.023177,1190.0,0.023175,350.0,0.023183,4350.0,0.023184,440.0
1753600008275,07:06:48.275,bybit,ACH/USDT:USDT,0.023177,1190.0,0.023175,350.0,0.023183,4350.0,0.023184,440.0
1753600008474,07:06:48.474,bybit,ACH/USDT:USDT,0.023177,1190.0,0.023175,350.0,0.023183,4350.0,0.023184,440.0
1753600008575,07:06:48.575,bybit,ACH/USDT:USDT,0.023177,1190.0,0.023175,350.0,0.023183,4350.0,0.023184,440.0
1753600008675,07:06:48.675,bybit,ACH/USDT:USDT,0.023177,1190.0,0.023175,350.0,0.023183,4350.0,0.023184,440.0
1753600008774,07:06:48.774,bybit,ACH/USDT:USDT,0.023177,1190.0,0.023175,350.0,0.023183,5710.0,0.023184,440.0
1753600009175,07:06:49.175,bybit,ACH/USDT:USDT,0.023177,1190.0,0.023175,350.0,0.023183,7070.0,0.023184,440.0
1753600009374,07:06:49.374,bybit,ACH/USDT:USDT,0.023178,1190.0,0.023175,350.0,0.023183,730.0,0.023184,440.0
1753600009475,07:06:49.475,bybit,ACH/USDT:USDT,0.023179,1190.0,0.023175,350.0,0.023183,460.0,0.023184,440.0
1753600009575,07:06:49.575,bybit,ACH/USDT:USDT,0.023179,1190.0,0.023175,350.0,0.023183,460.0,0.023184,440.0
1753600009673,07:06:49.673,bybit,ACH/USDT:USDT,0.02318,1190.0,0.023179,1190.0,0.023183,4560.0,0.023184,440.0
1753600009776,07:06:49.776,bybit,ACH/USDT:USDT,0.02318,1190.0,0.023175,350.0,0.023183,460.0,0.023184,440.0
1753600010973,07:06:50.973,bybit,ACH/USDT:USDT,0.02318,1190.0,0.023175,350.0,0.023183,460.0,0.023184,440.0
1753600011176,07:06:51.176,bybit,ACH/USDT:USDT,0.02318,1190.0,0.023175,350.0,0.023183,460.0,0.023184,440.0
1753600011375,07:06:51.375,bybit,ACH/USDT:USDT,0.02318,1190.0,0.023175,350.0,0.023183,460.0,0.023184,440.0
1753600011476,07:06:51.476,bybit,ACH/USDT:USDT,0.023181,1190.0,0.023175,350.0,0.023183,950.0,0.023184,440.0
1753600011680,07:06:51.680,bybit,ACH/USDT:USDT,0.023181,1190.0,0.023175,350.0,0.023183,950.0,0.023184,440.0
1753600011875,07:06:51.875,bybit,ACH/USDT:USDT,0.023181,1190.0,0.023175,350.0,0.023183,950.0,0.023184,440.0
1753600011975,07:06:51.975,bybit,ACH/USDT:USDT,0.023181,1190.0,0.023175,350.0,0.023183,950.0,0.023184,440.0
1753600012274,07:06:52.274,bybit,ACH/USDT:USDT,0.023181,1190.0,0.023175,350.0,0.023183,950.0,0.023184,440.0
1753600012475,07:06:52.475,bybit,ACH/USDT:USDT,0.023182,1190.0,0.023175,350.0,0.023183,460.0,0.023184,440.0
1753600012574,07:06:52.574,bybit,ACH/USDT:USDT,0.023182,1190.0,0.023175,350.0,0.023183,460.0,0.023184,440.0
1753600012674,07:06:52.674,bybit,ACH/USDT:USDT,0.023182,1190.0,0.023175,350.0,0.023183,3230.0,0.023184,440.0
1753600013276,07:06:53.276,bybit,ACH/USDT:USDT,0.023182,1190.0,0.023175,350.0,0.023183,9560.0,0.023184,440.0
1753600013678,07:06:53.678,bybit,ACH/USDT:USDT,0.023182,1190.0,0.023175,350.0,0.023183,11720.0,0.023184,440.0
1753600014373,07:06:54.373,bybit,ACH/USDT:USDT,0.023182,1190.0,0.023175,1420.0,0.023183,11720.0,0.023184,440.0
1753600014976,07:06:54.976,bybit,ACH/USDT:USDT,0.023182,1190.0,0.023175,1420.0,0.023183,11720.0,0.023184,440.0
1753600015374,07:06:55.374,bybit,ACH/USDT:USDT,0.023182,1190.0,0.023175,1420.0,0.023183,11720.0,0.023184,440.0
1753600015475,07:06:55.475,bybit,ACH/USDT:USDT,0.023182,1190.0,0.023175,1420.0,0.023183,11720.0,0.023184,440.0
1753600015677,07:06:55.677,bybit,ACH/USDT:USDT,0.023182,1190.0,0.023175,1420.0,0.023183,11720.0,0.023184,440.0
1753600015775,07:06:55.775,bybit,ACH/USDT:USDT,0.023182,1190.0,0.023175,1420.0,0.023183,11720.0,0.023184,440.0
1753600015974,07:06:55.974,bybit,ACH/USDT:USDT,0.023182,1190.0,0.023175,1420.0,0.023183,11720.0,0.023184,440.0
1753600016074,07:06:56.074,bybit,ACH/USDT:USDT,0.023182,1190.0,0.023175,1420.0,0.023183,11720.0,0.023184,440.0
1753600016574,07:06:56.574,bybit,ACH/USDT:USDT,0.023182,1190.0,0.023175,1420.0,0.023183,11720.0,0.023184,440.0
1753600016676,07:06:56.676,bybit,ACH/USDT:USDT,0.023182,1190.0,0.023175,1420.0,0.023183,11720.0,0.023184,440.0
1753600017074,07:06:57.074,bybit,ACH/USDT:USDT,0.023182,1190.0,0.023175,1420.0,0.023183,11720.0,0.023184,440.0
1753600017976,07:06:57.976,bybit,ACH/USDT:USDT,0.023182,1190.0,0.023175,1420.0,0.023183,11720.0,0.023184,440.0
1753600018574,07:06:58.574,bybit,ACH/USDT:USDT,0.023182,1190.0,0.023175,1420.0,0.023183,11720.0,0.023184,440.0
1753600019074,07:06:59.074,bybit,ACH/USDT:USDT,0.023182,1190.0,0.023175,1420.0,0.023183,14050.0,0.023184,440.0
1753600019375,07:06:59.375,bybit,ACH/USDT:USDT,0.023182,1190.0,0.023175,1420.0,0.023183,16910.0,0.023184,440.0
1753600019677,07:06:59.677,bybit,ACH/USDT:USDT,0.023182,1190.0,0.023175,1420.0,0.023183,16910.0,0.023184,440.0
1753600020079,07:07:00.079,bybit,ACH/USDT:USDT,0.023182,1190.0,0.023175,1420.0,0.023183,16910.0,0.023184,440.0
1753600020173,07:07:00.173,bybit,ACH/USDT:USDT,0.023182,1190.0,0.023175,1420.0,0.023183,16910.0,0.023184,440.0
1753600020275,07:07:00.275,bybit,ACH/USDT:USDT,0.023182,1190.0,0.023175,1420.0,0.023183,16910.0,0.023184,440.0
1753600020376,07:07:00.376,bybit,ACH/USDT:USDT,0.023182,1190.0,0.023175,1420.0,0.023183,16910.0,0.023184,440.0
1753600020476,07:07:00.476,bybit,ACH/USDT:USDT,0.023182,1190.0,0.023175,1420.0,0.023183,16910.0,0.023184,440.0
1753600020974,07:07:00.974,bybit,ACH/USDT:USDT,0.023182,1190.0,0.023175,1420.0,0.023183,16910.0,0.023184,440.0
1753600021074,07:07:01.074,bybit,ACH/USDT:USDT,0.023182,1190.0,0.023175,1420.0,0.023183,16910.0,0.023184,440.0
1753600021176,07:07:01.176,bybit,ACH/USDT:USDT,0.023182,1190.0,0.023175,1420.0,0.023183,16910.0,0.023184,440.0
1753600021474,07:07:01.474,bybit,ACH/USDT:USDT,0.023182,1190.0,0.023175,1420.0,0.023183,16910.0,0.023184,440.0
1753600021575,07:07:01.575,bybit,ACH/USDT:USDT,0.023182,4350.0,0.023175,1420.0,0.023183,77280.0,0.023184,440.0
1753600021682,07:07:01.682,bybit,ACH/USDT:USDT,0.023182,4350.0,0.023175,1420.0,0.023183,77280.0,0.023184,440.0
1753600021807,07:07:01.807,bybit,ACH/USDT:USDT,0.023182,4350.0,0.023175,350.0,0.023183,77890.0,0.023184,440.0
1753600021875,07:07:01.875,bybit,ACH/USDT:USDT,0.023182,4350.0,0.023175,350.0,0.023183,77890.0,0.023184,440.0
1753600022173,07:07:02.173,bybit,ACH/USDT:USDT,0.023182,4350.0,0.023175,350.0,0.023183,77890.0,0.023184,440.0
1753600022375,07:07:02.375,bybit,ACH/USDT:USDT,0.023182,4350.0,0.023175,350.0,0.023183,77890.0,0.023184,440.0
1753600022875,07:07:02.875,bybit,ACH/USDT:USDT,0.023182,4350.0,0.023175,350.0,0.023183,77890.0,0.023184,440.0
1753600022974,07:07:02.974,bybit,ACH/USDT:USDT,0.023172,240.0,0.02317,350.0,0.023176,1180.0,0.023177,2220.0
1753600023075,07:07:03.075,bybit,ACH/USDT:USDT,0.023172,240.0,0.02317,350.0,0.023176,1180.0,0.023177,2220.0
1753600023176,07:07:03.176,bybit,ACH/USDT:USDT,0.023172,240.0,0.02317,350.0,0.023176,1180.0,0.023177,2220.0
1753600023375,07:07:03.375,bybit,ACH/USDT:USDT,0.023172,240.0,0.02317,350.0,0.023176,1180.0,0.023177,2220.0
1753600023576,07:07:03.576,bybit,ACH/USDT:USDT,0.023173,1190.0,0.023172,240.0,0.023176,1180.0,0.023177,2220.0
1753600023677,07:07:03.677,bybit,ACH/USDT:USDT,0.023173,1190.0,0.023172,240.0,0.023177,2220.0,0.02318,280.0
1753600023774,07:07:03.774,bybit,ACH/USDT:USDT,0.023173,1190.0,0.023172,240.0,0.023177,2220.0,0.02318,280.0
1753600023876,07:07:03.876,bybit,ACH/USDT:USDT,0.023173,1190.0,0.023172,240.0,0.023177,2220.0,0.02318,280.0
1753600024974,07:07:04.974,bybit,ACH/USDT:USDT,0.023174,1190.0,0.023172,240.0,0.023177,2220.0,0.02318,280.0
1753600025776,07:07:05.776,bybit,ACH/USDT:USDT,0.023174,1190.0,0.023172,240.0,0.023177,2220.0,0.02318,280.0
1753600026074,07:07:06.074,bybit,ACH/USDT:USDT,0.023174,1190.0,0.023172,240.0,0.023176,270.0,0.023177,2220.0
1753600026574,07:07:06.574,bybit,ACH/USDT:USDT,0.023175,1190.0,0.023174,1190.0,0.023177,2220.0,0.023179,220.0
1753600026676,07:07:06.676,bybit,ACH/USDT:USDT,0.023175,1190.0,0.023172,240.0,0.023177,2220.0,0.023179,220.0
1753600026775,07:07:06.775,bybit,ACH/USDT:USDT,0.023176,1190.0,0.023172,240.0,0.023177,2220.0,0.023179,220.0
1753600026874,07:07:06.874,bybit,ACH/USDT:USDT,0.023176,1190.0,0.023172,240.0,0.023177,2220.0,0.023179,220.0
1753600026974,07:07:06.974,bybit,ACH/USDT:USDT,0.023176,1190.0,0.023172,240.0,0.023177,2220.0,0.023179,220.0
1753600027475,07:07:07.475,bybit,ACH/USDT:USDT,0.023176,1190.0,0.023172,240.0,0.023177,2220.0,0.023179,220.0
1753600027575,07:07:07.575,bybit,ACH/USDT:USDT,0.023176,1190.0,0.023172,240.0,0.023177,2220.0,0.023179,220.0
1753600027680,07:07:07.680,bybit,ACH/USDT:USDT,0.023176,1190.0,0.023172,240.0,0.023177,2220.0,0.023179,220.0
1753600027774,07:07:07.774,bybit,ACH/USDT:USDT,0.023176,1190.0,0.023172,240.0,0.023177,2220.0,0.023179,220.0
1753600027874,07:07:07.874,bybit,ACH/USDT:USDT,0.023176,1190.0,0.023172,240.0,0.023177,2220.0,0.023179,220.0
1753600027975,07:07:07.975,bybit,ACH/USDT:USDT,0.023176,1190.0,0.023172,240.0,0.023177,2220.0,0.023179,220.0
1753600028174,07:07:08.174,bybit,ACH/USDT:USDT,0.023176,1190.0,0.023172,580.0,0.023177,2220.0,0.023179,220.0
1753600029674,07:07:09.674,bybit,ACH/USDT:USDT,0.023176,1190.0,0.023172,580.0,0.023177,2220.0,0.023179,220.0
1753600029975,07:07:09.975,bybit,ACH/USDT:USDT,0.023176,1190.0,0.023172,580.0,0.023177,2220.0,0.023179,220.0
1753600030074,07:07:10.074,bybit,ACH/USDT:USDT,0.023176,1190.0,0.023172,580.0,0.023177,2220.0,0.023179,220.0
1753600030176,07:07:10.176,bybit,ACH/USDT:USDT,0.023176,1190.0,0.023172,580.0,0.023177,2490.0,0.023179,220.0
1753600030375,07:07:10.375,bybit,ACH/USDT:USDT,0.023176,1190.0,0.023172,580.0,0.023177,2490.0,0.023179,220.0
1753600030673,07:07:10.673,bybit,ACH/USDT:USDT,0.023176,1190.0,0.023172,580.0,0.023177,2220.0,0.023179,220.0
1753600031475,07:07:11.475,bybit,ACH/USDT:USDT,0.023176,1190.0,0.023172,580.0,0.023177,2220.0,0.023179,220.0
1753600031676,07:07:11.676,bybit,ACH/USDT:USDT,0.023176,1190.0,0.023172,580.0,0.023177,2220.0,0.023179,220.0
1753600032275,07:07:12.275,bybit,ACH/USDT:USDT,0.023176,1190.0,0.023172,580.0,0.023177,2220.0,0.023179,220.0
1753600032373,07:07:12.373,bybit,ACH/USDT:USDT,0.023176,1190.0,0.023172,580.0,0.023177,2220.0,0.023179,220.0
1753600032674,07:07:12.674,bybit,ACH/USDT:USDT,0.023176,1190.0,0.023172,580.0,0.023177,2220.0,0.023179,220.0
1753600033176,07:07:13.176,bybit,ACH/USDT:USDT,0.023176,1190.0,0.023172,580.0,0.023177,2220.0,0.023179,220.0
1753600033275,07:07:13.275,bybit,ACH/USDT:USDT,0.023176,1190.0,0.023172,580.0,0.023177,2220.0,0.023179,220.0
1753600033374,07:07:13.374,bybit,ACH/USDT:USDT,0.023176,1190.0,0.023172,580.0,0.023177,2220.0,0.023179,220.0
1753600033574,07:07:13.574,bybit,ACH/USDT:USDT,0.023176,1190.0,0.023172,580.0,0.023177,2220.0,0.023179,220.0
1753600033677,07:07:13.677,bybit,ACH/USDT:USDT,0.023176,1190.0,0.023172,580.0,0.023177,2220.0,0.023179,220.0
1753600033775,07:07:13.775,bybit,ACH/USDT:USDT,0.023172,240.0,0.023168,570.0,0.023175,1210.0,0.023176,1180.0
1753600033874,07:07:13.874,bybit,ACH/USDT:USDT,0.023173,1190.0,0.023172,240.0,0.023177,2220.0,0.023179,220.0
1753600033974,07:07:13.974,bybit,ACH/USDT:USDT,0.023173,1190.0,0.023172,240.0,0.023177,2220.0,0.023179,220.0
1753600034074,07:07:14.074,bybit,ACH/USDT:USDT,0.023173,1190.0,0.023172,240.0,0.023177,2220.0,0.023179,220.0
1753600034176,07:07:14.176,bybit,ACH/USDT:USDT,0.023174,1190.0,0.023172,240.0,0.023177,2220.0,0.023179,220.0
1753600034276,07:07:14.276,bybit,ACH/USDT:USDT,0.023174,1190.0,0.023172,240.0,0.023177,2220.0,0.023179,220.0
1753600034373,07:07:14.373,bybit,ACH/USDT:USDT,0.023175,1190.0,0.023172,240.0,0.023177,2220.0,0.023179,220.0
1753600034873,07:07:14.873,bybit,ACH/USDT:USDT,0.023175,1190.0,0.023172,240.0,0.023177,2220.0,0.023179,220.0
1753600035273,07:07:15.273,bybit,ACH/USDT:USDT,0.023175,1190.0,0.023172,240.0,0.023177,2220.0,0.023179,220.0
1753600035676,07:07:15.676,bybit,ACH/USDT:USDT,0.023175,1190.0,0.023172,240.0,0.023177,2220.0,0.023179,220.0
1753600035873,07:07:15.873,bybit,ACH/USDT:USDT,0.023176,1190.0,0.023172,240.0,0.023177,2220.0,0.023179,220.0
1753600036275,07:07:16.275,bybit,ACH/USDT:USDT,0.023176,1190.0,0.023172,240.0,0.023177,2220.0,0.023179,220.0
1753600036474,07:07:16.474,bybit,ACH/USDT:USDT,0.023176,1190.0,0.023172,240.0,0.023177,2220.0,0.023179,220.0
1753600036573,07:07:16.573,bybit,ACH/USDT:USDT,0.023172,240.0,0.023168,570.0,0.023174,1210.0,0.023175,1210.0
1753600036675,07:07:16.675,bybit,ACH/USDT:USDT,0.023172,240.0,0.023168,570.0,0.023173,1180.0,0.023174,1210.0
1753600036874,07:07:16.874,bybit,ACH/USDT:USDT,0.023172,240.0,0.023168,570.0,0.023173,1180.0,0.023174,1210.0
1753600037075,07:07:17.075,bybit,ACH/USDT:USDT,0.023172,240.0,0.023168,570.0,0.023173,1180.0,0.023176,270.0
1753600037176,07:07:17.176,bybit,ACH/USDT:USDT,0.023172,240.0,0.023168,570.0,0.023173,1180.0,0.023176,270.0
1753600037274,07:07:17.274,bybit,ACH/USDT:USDT,0.023172,240.0,0.023168,570.0,0.023173,1180.0,0.023176,270.0
1753600037679,07:07:17.679,bybit,ACH/USDT:USDT,0.023172,240.0,0.023168,570.0,0.023173,1180.0,0.023176,270.0
1753600037775,07:07:17.775,bybit,ACH/USDT:USDT,0.023172,240.0,0.023168,570.0,0.023173,1180.0,0.023176,270.0
1753600038074,07:07:18.074,bybit,ACH/USDT:USDT,0.023172,240.0,0.023168,570.0,0.023173,1460.0,0.023176,270.0
1753600038375,07:07:18.375,bybit,ACH/USDT:USDT,0.023172,240.0,0.023168,570.0,0.023173,1460.0,0.023176,270.0
1753600039075,07:07:19.075,bybit,ACH/USDT:USDT,0.023172,240.0,0.023168,570.0,0.023173,1180.0,0.023176,270.0
1753600039975,07:07:19.975,bybit,ACH/USDT:USDT,0.023172,240.0,0.023168,570.0,0.023173,1180.0,0.023176,270.0
1753600040676,07:07:20.676,bybit,ACH/USDT:USDT,0.023172,240.0,0.023168,570.0,0.023173,1180.0,0.023176,270.0
1753600041074,07:07:21.074,bybit,ACH/USDT:USDT,0.023172,240.0,0.023168,570.0,0.023173,1180.0,0.023176,270.0
1753600041681,07:07:21.681,bybit,ACH/USDT:USDT,0.023172,240.0,0.023168,570.0,0.023173,1180.0,0.023176,270.0
1753600042374,07:07:22.374,bybit,ACH/USDT:USDT,0.023172,240.0,0.023168,570.0,0.023173,1180.0,0.023176,270.0
1753600042474,07:07:22.474,bybit,ACH/USDT:USDT,0.023172,240.0,0.023168,570.0,0.023173,1180.0,0.023176,270.0
1753600042775,07:07:22.775,bybit,ACH/USDT:USDT,0.023172,240.0,0.023168,570.0,0.023173,1180.0,0.023176,270.0
1753600042875,07:07:22.875,bybit,ACH/USDT:USDT,0.023172,240.0,0.023168,570.0,0.023173,1180.0,0.023176,270.0
1753600042974,07:07:22.974,bybit,ACH/USDT:USDT,0.023172,240.0,0.023168,570.0,0.023173,1180.0,0.023176,270.0
1753600043073,07:07:23.073,bybit,ACH/USDT:USDT,0.023172,240.0,0.023168,570.0,0.023173,1180.0,0.023176,270.0
1753600043176,07:07:23.176,bybit,ACH/USDT:USDT,0.023172,240.0,0.023168,570.0,0.023173,1180.0,0.023176,270.0
1753600043677,07:07:23.677,bybit,ACH/USDT:USDT,0.023172,240.0,0.023168,220.0,0.023173,1180.0,0.023176,500.0
1753600043774,07:07:23.774,bybit,ACH/USDT:USDT,0.023172,240.0,0.023168,220.0,0.023173,1180.0,0.023176,270.0
1753600043976,07:07:23.976,bybit,ACH/USDT:USDT,0.023172,240.0,0.023168,220.0,0.023173,1180.0,0.023176,270.0
1753600044175,07:07:24.175,bybit,ACH/USDT:USDT,0.023172,240.0,0.023168,220.0,0.023173,1180.0,0.023176,270.0
1753600044476,07:07:24.476,bybit,ACH/USDT:USDT,0.023172,240.0,0.023168,220.0,0.023173,1180.0,0.023176,270.0
1753600044776,07:07:24.776,bybit,ACH/USDT:USDT,0.023172,240.0,0.023168,220.0,0.023173,1180.0,0.023176,270.0
1753600045283,07:07:25.283,bybit,ACH/USDT:USDT,0.023172,240.0,0.023168,220.0,0.023173,1180.0,0.023176,270.0
1753600045375,07:07:25.375,bybit,ACH/USDT:USDT,0.023172,240.0,0.023168,220.0,0.023173,1180.0,0.023176,520.0
1753600045475,07:07:25.475,bybit,ACH/USDT:USDT,0.023172,240.0,0.023168,220.0,0.023173,1180.0,0.023176,520.0
1753600045573,07:07:25.573,bybit,ACH/USDT:USDT,0.023172,240.0,0.023168,220.0,0.023173,1180.0,0.023176,520.0
1753600045876,07:07:25.876,bybit,ACH/USDT:USDT,0.023172,240.0,0.023168,220.0,0.023173,1180.0,0.023176,520.0
1753600045976,07:07:25.976,bybit,ACH/USDT:USDT,0.023172,240.0,0.023168,220.0,0.023173,1180.0,0.023176,270.0
1753600046074,07:07:26.074,bybit,ACH/USDT:USDT,0.023172,240.0,0.023168,220.0,0.023173,1180.0,0.023176,270.0
1753600046376,07:07:26.376,bybit,ACH/USDT:USDT,0.023172,240.0,0.023168,220.0,0.023173,1180.0,0.023176,270.0
1753600046776,07:07:26.776,bybit,ACH/USDT:USDT,0.023172,240.0,0.023168,220.0,0.023173,1180.0,0.023176,270.0
1753600047273,07:07:27.273,bybit,ACH/USDT:USDT,0.023172,240.0,0.023168,220.0,0.023173,1180.0,0.023176,270.0
1753600048375,07:07:28.375,bybit,ACH/USDT:USDT,0.023172,240.0,0.023168,220.0,0.023173,1180.0,0.023176,270.0
1753600048475,07:07:28.475,bybit,ACH/USDT:USDT,0.023172,240.0,0.023168,220.0,0.023173,1180.0,0.023176,270.0
1753600048773,07:07:28.773,bybit,ACH/USDT:USDT,0.023172,240.0,0.023168,220.0,0.023173,1180.0,0.023176,270.0
1753600049774,07:07:29.774,bybit,ACH/USDT:USDT,0.023172,240.0,0.023168,220.0,0.023173,1180.0,0.023176,270.0
1753600050275,07:07:30.275,bybit,ACH/USDT:USDT,0.023173,1190.0,0.023172,240.0,0.023177,2220.0,0.023179,39050.0
1753600050373,07:07:30.373,bybit,ACH/USDT:USDT,0.023173,1190.0,0.023172,240.0,0.023177,2220.0,0.023179,39050.0
1753600050475,07:07:30.475,bybit,ACH/USDT:USDT,0.023173,1190.0,0.023172,240.0,0.023175,1180.0,0.023176,1210.0
1753600050674,07:07:30.674,bybit,ACH/USDT:USDT,0.023173,1190.0,0.023172,240.0,0.023175,1180.0,0.023176,1210.0
1753600050775,07:07:30.775,bybit,ACH/USDT:USDT,0.023173,1190.0,0.023172,240.0,0.023175,1180.0,0.023176,1210.0
1753600050874,07:07:30.874,bybit,ACH/USDT:USDT,0.023173,1190.0,0.023172,240.0,0.023176,1210.0,0.023177,2220.0
1753600051275,07:07:31.275,bybit,ACH/USDT:USDT,0.023173,1190.0,0.023172,240.0,0.023174,2390.0,0.023176,1210.0
1753600051374,07:07:31.374,bybit,ACH/USDT:USDT,0.023173,1190.0,0.023172,240.0,0.023174,2390.0,0.023176,1210.0
1753600051575,07:07:31.575,bybit,ACH/USDT:USDT,0.023173,1190.0,0.023172,240.0,0.023174,2670.0,0.023176,1210.0
1753600051975,07:07:31.975,bybit,ACH/USDT:USDT,0.023173,1190.0,0.023172,240.0,0.023174,1180.0,0.023176,1210.0
1753600052075,07:07:32.075,bybit,ACH/USDT:USDT,0.023173,1190.0,0.023172,240.0,0.023174,1180.0,0.023176,1210.0
1753600052176,07:07:32.176,bybit,ACH/USDT:USDT,0.023173,1190.0,0.023172,240.0,0.023174,1180.0,0.023177,2220.0
1753600052675,07:07:32.675,bybit,ACH/USDT:USDT,0.023173,1190.0,0.023172,240.0,0.023174,1180.0,0.023177,2220.0
1753600053576,07:07:33.576,bybit,ACH/USDT:USDT,0.023174,1190.0,0.023173,1190.0,0.023177,2220.0,0.023178,17260.0
1753600053677,07:07:33.677,bybit,ACH/USDT:USDT,0.023174,1190.0,0.023172,240.0,0.023177,2220.0,0.023178,17260.0
1753600053774,07:07:33.774,bybit,ACH/USDT:USDT,0.023174,1190.0,0.023172,240.0,0.023177,2220.0,0.023178,17260.0
1753600053875,07:07:33.875,bybit,ACH/USDT:USDT,0.023174,1190.0,0.023172,240.0,0.023176,1210.0,0.023177,2220.0
1753600053976,07:07:33.976,bybit,ACH/USDT:USDT,0.023174,1190.0,0.023172,240.0,0.023176,1210.0,0.023177,2220.0
1753600054075,07:07:34.075,bybit,ACH/USDT:USDT,0.023174,1190.0,0.023172,240.0,0.023176,1210.0,0.023177,2220.0
1753600054775,07:07:34.775,bybit,ACH/USDT:USDT,0.023174,1190.0,0.023172,240.0,0.023177,2220.0,0.023178,17260.0
1753600055275,07:07:35.275,bybit,ACH/USDT:USDT,0.023174,1190.0,0.023172,240.0,0.023177,7820.0,0.023178,17260.0
1753600055476,07:07:35.476,bybit,ACH/USDT:USDT,0.023174,1190.0,0.023172,240.0,0.023175,1180.0,0.023176,6950.0
1753600055574,07:07:35.574,bybit,ACH/USDT:USDT,0.023174,1190.0,0.023172,240.0,0.023175,6780.0,0.023176,280.0
1753600055774,07:07:35.774,bybit,ACH/USDT:USDT,0.023172,240.0,0.02317,460.0,0.023174,6780.0,0.023176,280.0
1753600055874,07:07:35.874,bybit,ACH/USDT:USDT,0.023172,240.0,0.02317,460.0,0.023174,6780.0,0.023176,280.0
1753600055975,07:07:35.975,bybit,ACH/USDT:USDT,0.023172,240.0,0.02317,460.0,0.023173,1180.0,0.023176,280.0
1753600056575,07:07:36.575,bybit,ACH/USDT:USDT,0.023172,240.0,0.02317,460.0,0.023173,1180.0,0.023176,280.0
1753600056677,07:07:36.677,bybit,ACH/USDT:USDT,0.023172,240.0,0.02317,460.0,0.023173,1180.0,0.023176,280.0
1753600057275,07:07:37.275,bybit,ACH/USDT:USDT,0.023172,1310.0,0.02317,460.0,0.023176,280.0,0.023177,2220.0
1753600057374,07:07:37.374,bybit,ACH/USDT:USDT,0.023173,1530.0,0.023172,700.0,0.023177,2220.0,0.023179,220.0
1753600057475,07:07:37.475,bybit,ACH/USDT:USDT,0.023174,1530.0,0.023173,1210.0,0.023177,2220.0,0.023179,220.0
1753600057574,07:07:37.574,bybit,ACH/USDT:USDT,0.023175,1190.0,0.023174,340.0,0.023177,2220.0,0.023179,220.0
1753600058075,07:07:38.075,bybit,ACH/USDT:USDT,0.023175,1190.0,0.023174,340.0,0.023177,2220.0,0.023179,220.0
1753600058375,07:07:38.375,bybit,ACH/USDT:USDT,0.023175,1190.0,0.023174,340.0,0.023177,2220.0,0.023179,220.0
1753600058475,07:07:38.475,bybit,ACH/USDT:USDT,0.023176,1190.0,0.023174,340.0,0.023177,2220.0,0.023179,220.0
1753600058575,07:07:38.575,bybit,ACH/USDT:USDT,0.023176,1190.0,0.023174,340.0,0.023177,2220.0,0.023179,220.0
1753600058676,07:07:38.676,bybit,ACH/USDT:USDT,0.023176,1190.0,0.023174,340.0,0.023177,2220.0,0.023179,220.0
1753600058774,07:07:38.774,bybit,ACH/USDT:USDT,0.023176,1190.0,0.023174,340.0,0.023177,2220.0,0.023178,30.0
1753600058875,07:07:38.875,bybit,ACH/USDT:USDT,0.023176,1190.0,0.023174,340.0,0.023177,2220.0,0.023178,30.0
1753600059275,07:07:39.275,bybit,ACH/USDT:USDT,0.023176,1190.0,0.023174,340.0,0.023177,2220.0,0.023178,30.0
1753600059375,07:07:39.375,bybit,ACH/USDT:USDT,0.023176,1190.0,0.023174,340.0,0.023177,2220.0,0.023178,30.0
1753600059475,07:07:39.475,bybit,ACH/USDT:USDT,0.023176,1190.0,0.023174,340.0,0.023177,2220.0,0.023178,30.0
1753600059975,07:07:39.975,bybit,ACH/USDT:USDT,0.023176,1190.0,0.023174,340.0,0.023177,2220.0,0.023178,30.0
1753600060274,07:07:40.274,bybit,ACH/USDT:USDT,0.023176,1190.0,0.023174,340.0,0.023177,2220.0,0.023178,30.0
1753600061680,07:07:41.680,bybit,ACH/USDT:USDT,0.023176,1190.0,0.023174,340.0,0.023177,2220.0,0.023178,30.0
1753600061975,07:07:41.975,bybit,ACH/USDT:USDT,0.023176,1190.0,0.023174,340.0,0.023177,2220.0,0.023178,30.0
1753600062175,07:07:42.175,bybit,ACH/USDT:USDT,0.023176,1520.0,0.023174,340.0,0.023177,2220.0,0.023178,30.0
1753600062774,07:07:42.774,bybit,ACH/USDT:USDT,0.023176,1520.0,0.023174,340.0,0.023177,2220.0,0.023178,30.0
1753600062975,07:07:42.975,bybit,ACH/USDT:USDT,0.023176,1520.0,0.023174,340.0,0.023177,2220.0,0.023178,30.0
1753600063176,07:07:43.176,bybit,ACH/USDT:USDT,0.023176,1520.0,0.023174,340.0,0.023177,2220.0,0.023178,30.0
1753600063275,07:07:43.275,bybit,ACH/USDT:USDT,0.023176,1520.0,0.023174,340.0,0.023177,2220.0,0.023178,30.0
1753600063676,07:07:43.676,bybit,ACH/USDT:USDT,0.023176,1520.0,0.023174,340.0,0.023177,2220.0,0.023178,30.0
1753600063775,07:07:43.775,bybit,ACH/USDT:USDT,0.023176,1520.0,0.023174,340.0,0.023177,2220.0,0.023178,30.0
1753600064675,07:07:44.675,bybit,ACH/USDT:USDT,0.023176,1520.0,0.023174,340.0,0.023177,2220.0,0.023178,30.0
1753600064875,07:07:44.875,bybit,ACH/USDT:USDT,0.023176,1520.0,0.023174,340.0,0.023177,2220.0,0.023178,30.0
1753600065075,07:07:45.075,bybit,ACH/USDT:USDT,0.023176,1520.0,0.023174,340.0,0.023177,2220.0,0.023178,30.0
1753600065174,07:07:45.174,bybit,ACH/USDT:USDT,0.023176,1190.0,0.023174,340.0,0.023177,2220.0,0.023178,30.0
1753600065275,07:07:45.275,bybit,ACH/USDT:USDT,0.023176,1190.0,0.023174,340.0,0.023177,2220.0,0.023178,30.0
1753600065374,07:07:45.374,bybit,ACH/USDT:USDT,0.023176,1190.0,0.023174,340.0,0.023177,2220.0,0.023178,30.0
1753600066375,07:07:46.375,bybit,ACH/USDT:USDT,0.023176,1190.0,0.023174,340.0,0.023177,2220.0,0.023178,30.0
1753600066574,07:07:46.574,bybit,ACH/USDT:USDT,0.023176,1190.0,0.023174,340.0,0.023177,2220.0,0.023178,30.0
1753600067574,07:07:47.574,bybit,ACH/USDT:USDT,0.023176,1190.0,0.023174,340.0,0.023177,2220.0,0.023178,30.0
1753600067680,07:07:47.680,bybit,ACH/USDT:USDT,0.023173,6560.0,0.023172,240.0,0.023176,1180.0,0.023177,2220.0
1753600067775,07:07:47.775,bybit,ACH/USDT:USDT,0.023173,6560.0,0.023172,240.0,0.023176,1460.0,0.023177,2220.0
1753600067876,07:07:47.876,bybit,ACH/USDT:USDT,0.023173,6560.0,0.023172,240.0,0.023176,1460.0,0.023177,2220.0
1753600067975,07:07:47.975,bybit,ACH/USDT:USDT,0.023173,6560.0,0.023172,240.0,0.023176,1460.0,0.023177,2220.0
1753600068174,07:07:48.174,bybit,ACH/USDT:USDT,0.023173,6560.0,0.023172,240.0,0.023176,1460.0,0.023177,2220.0
1753600068774,07:07:48.774,bybit,ACH/USDT:USDT,0.023173,6560.0,0.023172,240.0,0.023176,1180.0,0.023177,2220.0
1753600069376,07:07:49.376,bybit,ACH/USDT:USDT,0.023173,6560.0,0.023172,240.0,0.023175,1180.0,0.023177,2220.0
1753600069875,07:07:49.875,bybit,ACH/USDT:USDT,0.023173,6560.0,0.023172,240.0,0.023175,1180.0,0.023177,2220.0
1753600070375,07:07:50.375,bybit,ACH/USDT:USDT,0.023173,6560.0,0.023172,240.0,0.023175,1180.0,0.023177,2220.0
1753600070675,07:07:50.675,bybit,ACH/USDT:USDT,0.023173,6560.0,0.023172,240.0,0.023175,1180.0,0.023177,2220.0
1753600071375,07:07:51.375,bybit,ACH/USDT:USDT,0.023173,6560.0,0.023172,240.0,0.023175,1180.0,0.023177,2220.0
1753600072375,07:07:52.375,bybit,ACH/USDT:USDT,0.023173,6560.0,0.023172,240.0,0.023175,1180.0,0.023177,2220.0
1753600072476,07:07:52.476,bybit,ACH/USDT:USDT,0.023173,6560.0,0.023172,240.0,0.023175,1180.0,0.023177,2220.0
1753600072874,07:07:52.874,bybit,ACH/USDT:USDT,0.023173,6560.0,0.023172,240.0,0.023175,1180.0,0.023177,2220.0
1753600074674,07:07:54.674,bybit,ACH/USDT:USDT,0.023173,6560.0,0.023172,240.0,0.023175,1180.0,0.023177,2220.0
1753600075374,07:07:55.374,bybit,ACH/USDT:USDT,0.023173,6560.0,0.023172,240.0,0.023175,1180.0,0.023177,2220.0
1753600076075,07:07:56.075,bybit,ACH/USDT:USDT,0.023173,6560.0,0.023172,240.0,0.023175,1180.0,0.023177,2220.0
1753600076675,07:07:56.675,bybit,ACH/USDT:USDT,0.023173,6560.0,0.023172,240.0,0.023174,1210.0,0.023175,1180.0
1753600076776,07:07:56.776,bybit,ACH/USDT:USDT,0.023173,6560.0,0.023172,240.0,0.023174,1210.0,0.023177,2220.0
1753600076875,07:07:56.875,bybit,ACH/USDT:USDT,0.023173,6560.0,0.023172,240.0,0.023175,6810.0,0.023177,2220.0
1753600076975,07:07:56.975,bybit,ACH/USDT:USDT,0.023172,240.0,0.023168,220.0,0.023173,6780.0,0.023174,19540.0
1753600077075,07:07:57.075,bybit,ACH/USDT:USDT,0.023172,240.0,0.023168,220.0,0.023173,11100.0,0.023174,3490.0
1753600077176,07:07:57.176,bybit,ACH/USDT:USDT,0.023172,240.0,0.023168,220.0,0.023173,8360.0,0.023174,3490.0
1753600077274,07:07:57.274,bybit,ACH/USDT:USDT,0.023172,240.0,0.023168,220.0,0.023173,8360.0,0.023174,3490.0
1753600077375,07:07:57.375,bybit,ACH/USDT:USDT,0.023172,240.0,0.023168,220.0,0.023173,8360.0,0.023174,3490.0
1753600077574,07:07:57.574,bybit,ACH/USDT:USDT,0.023172,240.0,0.023168,220.0,0.023173,8360.0,0.023174,3490.0
1753600077678,07:07:57.678,bybit,ACH/USDT:USDT,0.023172,240.0,0.023168,220.0,0.023173,8360.0,0.023174,3490.0
1753600077774,07:07:57.774,bybit,ACH/USDT:USDT,0.023172,240.0,0.023168,220.0,0.023173,8360.0,0.023174,3210.0
1753600077874,07:07:57.874,bybit,ACH/USDT:USDT,0.023172,240.0,0.023168,220.0,0.023173,8360.0,0.023174,3210.0
1753600078076,07:07:58.076,bybit,ACH/USDT:USDT,0.023172,240.0,0.023168,220.0,0.023173,8360.0,0.023174,3210.0
1753600078474,07:07:58.474,bybit,ACH/USDT:USDT,0.023172,240.0,0.023168,220.0,0.023173,8360.0,0.023174,3210.0
1753600078574,07:07:58.574,bybit,ACH/USDT:USDT,0.023172,240.0,0.023168,220.0,0.023173,8360.0,0.023174,3210.0
1753600078675,07:07:58.675,bybit,ACH/USDT:USDT,0.023172,240.0,0.023168,220.0,0.023173,8360.0,0.023174,3210.0
1753600078773,07:07:58.773,bybit,ACH/USDT:USDT,0.023172,240.0,0.023168,220.0,0.023173,8360.0,0.023174,3210.0
1753600078874,07:07:58.874,bybit,ACH/USDT:USDT,0.023172,240.0,0.023168,220.0,0.023173,8360.0,0.023174,3210.0
1753600078974,07:07:58.974,bybit,ACH/USDT:USDT,0.023172,240.0,0.023168,220.0,0.023173,8360.0,0.023174,3210.0
1753600079475,07:07:59.475,bybit,ACH/USDT:USDT,0.023172,240.0,0.023168,220.0,0.023173,8360.0,0.023174,3210.0
1753600079673,07:07:59.673,bybit,ACH/USDT:USDT,0.023172,240.0,0.023168,220.0,0.023173,8360.0,0.023174,3210.0
1753600079975,07:07:59.975,bybit,ACH/USDT:USDT,0.023172,240.0,0.023168,220.0,0.023173,8360.0,0.023174,3210.0
1753600080075,07:08:00.075,bybit,ACH/USDT:USDT,0.023172,240.0,0.023168,220.0,0.023173,8630.0,0.023174,3210.0
1753600080574,07:08:00.574,bybit,ACH/USDT:USDT,0.023172,240.0,0.023168,220.0,0.023173,12680.0,0.023174,3210.0
1753600080875,07:08:00.875,bybit,ACH/USDT:USDT,0.023172,240.0,0.023168,220.0,0.023173,12680.0,0.023174,3210.0
1753600081375,07:08:01.375,bybit,ACH/USDT:USDT,0.023172,240.0,0.023168,220.0,0.023173,12680.0,0.023174,3210.0
1753600081474,07:08:01.474,bybit,ACH/USDT:USDT,0.023172,240.0,0.023168,220.0,0.023173,8360.0,0.023174,3210.0
1753600081677,07:08:01.677,bybit,ACH/USDT:USDT,0.023172,240.0,0.023168,220.0,0.023173,8630.0,0.023174,3210.0
1753600081976,07:08:01.976,bybit,ACH/USDT:USDT,0.023156,3210.0,0.023154,240.0,0.023165,1180.0,0.023166,1210.0
1753600082074,07:08:02.074,bybit,ACH/USDT:USDT,0.023156,3210.0,0.023154,240.0,0.023162,1180.0,0.023163,4320.0
1753600082176,07:08:02.176,bybit,ACH/USDT:USDT,0.023156,3210.0,0.023154,580.0,0.023162,2240.0,0.023164,270.0
1753600082274,07:08:02.274,bybit,ACH/USDT:USDT,0.023156,3210.0,0.023154,580.0,0.023162,2240.0,0.023164,270.0
1753600082376,07:08:02.376,bybit,ACH/USDT:USDT,0.023156,3210.0,0.023154,580.0,0.023161,3300.0,0.023162,1060.0
1753600082474,07:08:02.474,bybit,ACH/USDT:USDT,0.023156,3210.0,0.023154,580.0,0.02316,1180.0,0.023161,3850.0
1753600082573,07:08:02.573,bybit,ACH/USDT:USDT,0.023156,3210.0,0.023154,580.0,0.02316,1180.0,0.023161,3850.0
1753600082674,07:08:02.674,bybit,ACH/USDT:USDT,0.023156,3510.0,0.023154,580.0,0.023159,1180.0,0.02316,1180.0
1753600082775,07:08:02.775,bybit,ACH/USDT:USDT,0.023156,3510.0,0.023154,580.0,0.023159,1180.0,0.02316,2350.0
1753600082874,07:08:02.874,bybit,ACH/USDT:USDT,0.023156,3510.0,0.023154,580.0,0.023159,1180.0,0.023161,1340.0
1753600082975,07:08:02.975,bybit,ACH/USDT:USDT,0.023156,3510.0,0.023154,580.0,0.023159,1180.0,0.023161,1340.0
1753600083074,07:08:03.074,bybit,ACH/USDT:USDT,0.023156,3510.0,0.023154,580.0,0.023159,1180.0,0.023161,1340.0
1753600083376,07:08:03.376,bybit,ACH/USDT:USDT,0.023156,3510.0,0.023154,580.0,0.023158,1180.0,0.023159,24770.0
1753600083474,07:08:03.474,bybit,ACH/USDT:USDT,0.023156,3510.0,0.023154,580.0,0.023158,3850.0,0.023159,14000.0
1753600083677,07:08:03.677,bybit,ACH/USDT:USDT,0.023156,3510.0,0.023154,580.0,0.023158,3850.0,0.023159,14000.0
1753600083775,07:08:03.775,bybit,ACH/USDT:USDT,0.023156,3510.0,0.023154,580.0,0.023158,3850.0,0.023159,14000.0
1753600083976,07:08:03.976,bybit,ACH/USDT:USDT,0.023156,3510.0,0.023154,580.0,0.023158,3850.0,0.023159,14000.0
1753600084175,07:08:04.175,bybit,ACH/USDT:USDT,0.023156,3510.0,0.023154,580.0,0.023158,3850.0,0.023159,14000.0
1753600084284,07:08:04.284,bybit,ACH/USDT:USDT,0.023156,3510.0,0.023154,580.0,0.023158,3850.0,0.023159,14000.0
1753600084375,07:08:04.375,bybit,ACH/USDT:USDT,0.023156,3510.0,0.023154,240.0,0.023158,46090.0,0.023161,280.0
1753600084675,07:08:04.675,bybit,ACH/USDT:USDT,0.023156,3510.0,0.023154,240.0,0.023158,46090.0,0.023161,280.0
1753600084975,07:08:04.975,bybit,ACH/USDT:USDT,0.023156,3510.0,0.023154,240.0,0.023158,46090.0,0.023161,280.0
1753600085075,07:08:05.075,bybit,ACH/USDT:USDT,0.023156,3510.0,0.023154,240.0,0.023158,46090.0,0.023161,280.0
1753600085175,07:08:05.175,bybit,ACH/USDT:USDT,0.023156,3510.0,0.023154,240.0,0.023158,46090.0,0.023161,280.0
1753600085475,07:08:05.475,bybit,ACH/USDT:USDT,0.023156,3510.0,0.023154,240.0,0.023158,46090.0,0.023161,280.0
1753600085677,07:08:05.677,bybit,ACH/USDT:USDT,0.023156,3510.0,0.023154,240.0,0.023158,46090.0,0.023161,280.0
1753600085774,07:08:05.774,bybit,ACH/USDT:USDT,0.023156,3510.0,0.023154,240.0,0.023158,46090.0,0.023161,280.0
1753600085974,07:08:05.974,bybit,ACH/USDT:USDT,0.023156,3510.0,0.023154,240.0,0.023158,46090.0,0.023161,280.0
1753600086575,07:08:06.575,bybit,ACH/USDT:USDT,0.023156,3510.0,0.023154,240.0,0.023158,46090.0,0.023161,280.0
1753600087175,07:08:07.175,bybit,ACH/USDT:USDT,0.023156,3510.0,0.023154,240.0,0.023158,56880.0,0.023161,280.0
1753600087475,07:08:07.475,bybit,ACH/USDT:USDT,0.023156,3510.0,0.023154,240.0,0.023158,56880.0,0.023161,280.0
1753600087681,07:08:07.681,bybit,ACH/USDT:USDT,0.023156,3510.0,0.023154,240.0,0.023158,56880.0,0.023161,280.0
1753600087876,07:08:07.876,bybit,ACH/USDT:USDT,0.023156,3510.0,0.023154,240.0,0.023158,56880.0,0.023161,280.0
1753600088376,07:08:08.376,bybit,ACH/USDT:USDT,0.023157,1190.0,0.023156,3510.0,0.023158,500.0,0.023161,280.0
1753600088474,07:08:08.474,bybit,ACH/USDT:USDT,0.023158,1190.0,0.023156,3510.0,0.023161,1000.0,0.023164,270.0
1753600088575,07:08:08.575,bybit,ACH/USDT:USDT,0.023158,1190.0,0.023156,3510.0,0.023161,500.0,0.023164,270.0
1753600088675,07:08:08.675,bybit,ACH/USDT:USDT,0.023158,1190.0,0.023156,3510.0,0.023161,500.0,0.023164,270.0
1753600088776,07:08:08.776,bybit,ACH/USDT:USDT,0.023158,1190.0,0.023156,3510.0,0.023161,500.0,0.023164,270.0
1753600088873,07:08:08.873,bybit,ACH/USDT:USDT,0.023158,1190.0,0.023156,3510.0,0.023161,500.0,0.023164,270.0
1753600088974,07:08:08.974,bybit,ACH/USDT:USDT,0.023159,1190.0,0.023156,3510.0,0.023161,500.0,0.023164,270.0
1753600089075,07:08:09.075,bybit,ACH/USDT:USDT,0.023159,1190.0,0.023156,3510.0,0.023161,500.0,0.023164,270.0
1753600089275,07:08:09.275,bybit,ACH/USDT:USDT,0.023159,1190.0,0.023156,3510.0,0.023161,500.0,0.023164,270.0
1753600089476,07:08:09.476,bybit,ACH/USDT:USDT,0.023159,1190.0,0.023156,3510.0,0.023161,500.0,0.023164,270.0
1753600089575,07:08:09.575,bybit,ACH/USDT:USDT,0.023159,1190.0,0.023156,3510.0,0.023161,500.0,0.023164,270.0
1753600089681,07:08:09.681,bybit,ACH/USDT:USDT,0.023159,1190.0,0.023156,3510.0,0.023161,500.0,0.023164,270.0
1753600090073,07:08:10.073,bybit,ACH/USDT:USDT,0.023159,1190.0,0.023156,3510.0,0.023161,3160.0,0.023164,270.0
1753600090175,07:08:10.175,bybit,ACH/USDT:USDT,0.023159,1190.0,0.023156,3510.0,0.023161,1000.0,0.023164,270.0
1753600090275,07:08:10.275,bybit,ACH/USDT:USDT,0.023159,1190.0,0.023156,3510.0,0.023161,1290.0,0.023164,270.0
1753600090376,07:08:10.376,bybit,ACH/USDT:USDT,0.023159,1190.0,0.023156,3510.0,0.023161,1000.0,0.023164,270.0
1753600090475,07:08:10.475,bybit,ACH/USDT:USDT,0.023159,1190.0,0.023156,3510.0,0.023161,1000.0,0.023164,270.0
1753600090774,07:08:10.774,bybit,ACH/USDT:USDT,0.023159,1190.0,0.023156,3510.0,0.023161,4560.0,0.023164,270.0
1753600091075,07:08:11.075,bybit,ACH/USDT:USDT,0.023159,1190.0,0.023156,3510.0,0.023161,4560.0,0.023164,270.0
1753600091175,07:08:11.175,bybit,ACH/USDT:USDT,0.023159,1190.0,0.023156,3510.0,0.023161,4560.0,0.023164,270.0
1753600091274,07:08:11.274,bybit,ACH/USDT:USDT,0.023159,1190.0,0.023156,3510.0,0.023161,4560.0,0.023164,270.0
1753600091375,07:08:11.375,bybit,ACH/USDT:USDT,0.023159,1190.0,0.023156,3510.0,0.023161,4560.0,0.023164,270.0
1753600091475,07:08:11.475,bybit,ACH/USDT:USDT,0.023159,1190.0,0.023156,3510.0,0.023161,4560.0,0.023164,270.0
1753600091574,07:08:11.574,bybit,ACH/USDT:USDT,0.023159,1190.0,0.023156,3510.0,0.023161,4560.0,0.023164,270.0
1753600092274,07:08:12.274,bybit,ACH/USDT:USDT,0.023156,3510.0,0.023154,240.0,0.02316,1180.0,0.023161,4560.0
1753600092374,07:08:12.374,bybit,ACH/USDT:USDT,0.023156,3510.0,0.023154,240.0,0.02316,1180.0,0.023161,4560.0
1753600092475,07:08:12.475,bybit,ACH/USDT:USDT,0.023156,3510.0,0.023154,240.0,0.02316,1180.0,0.023161,4560.0
1753600092574,07:08:12.574,bybit,ACH/USDT:USDT,0.023156,3510.0,0.023154,240.0,0.023157,1210.0,0.023158,1210.0
1753600092676,07:08:12.676,bybit,ACH/USDT:USDT,0.023156,3510.0,0.023154,240.0,0.023157,1210.0,0.023158,1210.0
1753600092782,07:08:12.782,bybit,ACH/USDT:USDT,0.023156,3510.0,0.023154,240.0,0.023157,4390.0,0.023158,1210.0
1753600092874,07:08:12.874,bybit,ACH/USDT:USDT,0.023156,3510.0,0.023154,240.0,0.023157,4390.0,0.023158,1210.0
1753600092973,07:08:12.973,bybit,ACH/USDT:USDT,0.023156,3510.0,0.023154,240.0,0.023157,4390.0,0.023158,1210.0
1753600093075,07:08:13.075,bybit,ACH/USDT:USDT,0.023156,3510.0,0.023154,240.0,0.023157,2270.0,0.023158,1210.0
1753600093275,07:08:13.275,bybit,ACH/USDT:USDT,0.023156,3510.0,0.023154,240.0,0.023157,2270.0,0.023158,1210.0
1753600093375,07:08:13.375,bybit,ACH/USDT:USDT,0.023156,3510.0,0.023154,240.0,0.023157,32700.0,0.023158,1210.0
1753600093475,07:08:13.475,bybit,ACH/USDT:USDT,0.023156,3510.0,0.023154,240.0,0.023157,32700.0,0.023159,2120.0
1753600093673,07:08:13.673,bybit,ACH/USDT:USDT,0.023156,3510.0,0.023154,240.0,0.023157,32700.0,0.023159,2120.0
1753600093773,07:08:13.773,bybit,ACH/USDT:USDT,0.023156,3510.0,0.023154,240.0,0.023157,32700.0,0.023159,2120.0
1753600093874,07:08:13.874,bybit,ACH/USDT:USDT,0.023156,3510.0,0.023154,240.0,0.023157,32700.0,0.023159,2120.0
1753600094175,07:08:14.175,bybit,ACH/USDT:USDT,0.023156,7680.0,0.023154,240.0,0.023157,13470.0,0.023161,270.0
1753600094275,07:08:14.275,bybit,ACH/USDT:USDT,0.023156,7680.0,0.023154,240.0,0.023157,720.0,0.023161,270.0
1753600094374,07:08:14.374,bybit,ACH/USDT:USDT,0.023157,1650.0,0.023156,7680.0,0.023162,2390.0,0.023163,360.0
1753600094574,07:08:14.574,bybit,ACH/USDT:USDT,0.023157,1650.0,0.023156,7680.0,0.023162,1180.0,0.023163,360.0
1753600094675,07:08:14.675,bybit,ACH/USDT:USDT,0.023157,1650.0,0.023156,7680.0,0.023162,1180.0,0.023163,360.0
1753600094873,07:08:14.873,bybit,ACH/USDT:USDT,0.023157,1650.0,0.023156,7680.0,0.023162,1180.0,0.023163,360.0
1753600095075,07:08:15.075,bybit,ACH/USDT:USDT,0.023157,1650.0,0.023156,7680.0,0.023161,1180.0,0.023163,360.0
1753600095175,07:08:15.175,bybit,ACH/USDT:USDT,0.023157,1650.0,0.023156,7680.0,0.023161,1180.0,0.023163,360.0
1753600095274,07:08:15.274,bybit,ACH/USDT:USDT,0.023157,1650.0,0.023156,7680.0,0.023161,1180.0,0.023163,360.0
1753600095774,07:08:15.774,bybit,ACH/USDT:USDT,0.023157,1650.0,0.023156,7680.0,0.023161,1180.0,0.023163,360.0
1753600096677,07:08:16.677,bybit,ACH/USDT:USDT,0.023157,1650.0,0.023156,7680.0,0.023161,1180.0,0.023163,360.0
1753600096774,07:08:16.774,bybit,ACH/USDT:USDT,0.023157,1650.0,0.023156,7680.0,0.023161,1180.0,0.023163,360.0
1753600097380,07:08:17.380,bybit,ACH/USDT:USDT,0.023157,1650.0,0.023156,7680.0,0.02316,2180.0,0.023164,270.0
1753600097474,07:08:17.474,bybit,ACH/USDT:USDT,0.023157,1650.0,0.023156,7680.0,0.02316,2430.0,0.023164,270.0
1753600097874,07:08:17.874,bybit,ACH/USDT:USDT,0.023157,1650.0,0.023156,7680.0,0.02316,2430.0,0.023164,270.0
1753600098375,07:08:18.375,bybit,ACH/USDT:USDT,0.023157,1650.0,0.023156,7680.0,0.023159,1180.0,0.02316,3410.0
1753600098475,07:08:18.475,bybit,ACH/USDT:USDT,0.023157,1650.0,0.023156,7680.0,0.023159,1180.0,0.02316,3410.0
1753600098675,07:08:18.675,bybit,ACH/USDT:USDT,0.023157,1650.0,0.023156,7680.0,0.023159,1180.0,0.02316,3410.0
1753600099376,07:08:19.376,bybit,ACH/USDT:USDT,0.023157,1650.0,0.023156,7680.0,0.023159,1180.0,0.02316,3410.0
1753600099475,07:08:19.475,bybit,ACH/USDT:USDT,0.023157,1650.0,0.023156,7680.0,0.023159,1180.0,0.02316,3410.0
1753600099575,07:08:19.575,bybit,ACH/USDT:USDT,0.023157,1650.0,0.023156,7680.0,0.023159,1180.0,0.02316,3410.0
1753600099975,07:08:19.975,bybit,ACH/USDT:USDT,0.023157,1650.0,0.023156,7680.0,0.023159,1180.0,0.02316,3410.0
1753600100273,07:08:20.273,bybit,ACH/USDT:USDT,0.023157,1650.0,0.023156,7680.0,0.023159,1180.0,0.02316,3410.0
1753600100473,07:08:20.473,bybit,ACH/USDT:USDT,0.023157,1650.0,0.023156,7680.0,0.023159,1180.0,0.02316,3410.0
1753600100775,07:08:20.775,bybit,ACH/USDT:USDT,0.023157,1650.0,0.023156,7680.0,0.023159,1180.0,0.02316,3410.0
1753600101275,07:08:21.275,bybit,ACH/USDT:USDT,0.023157,1650.0,0.023156,7680.0,0.023159,1180.0,0.02316,3410.0
1753600101682,07:08:21.682,bybit,ACH/USDT:USDT,0.023157,1650.0,0.023156,7680.0,0.023159,1180.0,0.02316,3410.0
1753600102375,07:08:22.375,bybit,ACH/USDT:USDT,0.023157,1650.0,0.023156,3510.0,0.023158,1180.0,0.02316,500.0
1753600102476,07:08:22.476,bybit,ACH/USDT:USDT,0.023157,5360.0,0.023156,3510.0,0.023158,71360.0,0.023164,270.0
1753600102575,07:08:22.575,bybit,ACH/USDT:USDT,0.023157,5360.0,0.023156,3510.0,0.023158,71360.0,0.023163,17270.0
1753600102675,07:08:22.675,bybit,ACH/USDT:USDT,0.023157,2010.0,0.023156,3510.0,0.023158,50440.0,0.023163,17270.0
1753600102775,07:08:22.775,bybit,ACH/USDT:USDT,0.023157,2010.0,0.023156,3510.0,0.023158,53660.0,0.023163,17270.0
1753600102874,07:08:22.874,bybit,ACH/USDT:USDT,0.023157,2010.0,0.023156,3510.0,0.023158,53660.0,0.023163,17270.0
1753600102974,07:08:22.974,bybit,ACH/USDT:USDT,0.023157,2010.0,0.023156,3510.0,0.023158,53660.0,0.023163,17270.0
1753600103276,07:08:23.276,bybit,ACH/USDT:USDT,0.023157,2010.0,0.023156,3510.0,0.023158,53380.0,0.023163,17270.0
1753600103474,07:08:23.474,bybit,ACH/USDT:USDT,0.023157,2010.0,0.023156,3510.0,0.023158,53380.0,0.023163,17270.0
1753600103679,07:08:23.679,bybit,ACH/USDT:USDT,0.023157,2010.0,0.023156,3510.0,0.023158,53380.0,0.023163,17270.0
1753600104774,07:08:24.774,bybit,ACH/USDT:USDT,0.023157,2010.0,0.023156,3510.0,0.023158,53380.0,0.023163,17270.0
1753600105575,07:08:25.575,bybit,ACH/USDT:USDT,0.023157,2010.0,0.023156,3510.0,0.023158,53480.0,0.023163,17270.0
1753600105874,07:08:25.874,bybit,ACH/USDT:USDT,0.023157,2010.0,0.023156,3510.0,0.023158,53480.0,0.023163,17270.0
1753600105976,07:08:25.976,bybit,ACH/USDT:USDT,0.023157,2010.0,0.023156,3510.0,0.023158,3440.0,0.023164,270.0
1753600106076,07:08:26.076,bybit,ACH/USDT:USDT,0.023157,2010.0,0.023156,3510.0,0.023158,2360.0,0.023164,270.0
1753600106176,07:08:26.176,bybit,ACH/USDT:USDT,0.023157,2010.0,0.023156,3510.0,0.023158,2720.0,0.023164,270.0
1753600106273,07:08:26.273,bybit,ACH/USDT:USDT,0.023157,2010.0,0.023156,3510.0,0.023158,2360.0,0.023164,270.0
1753600106476,07:08:26.476,bybit,ACH/USDT:USDT,0.023157,2010.0,0.023156,3510.0,0.023158,4880.0,0.023164,270.0
1753600106575,07:08:26.575,bybit,ACH/USDT:USDT,0.023157,2010.0,0.023156,3510.0,0.023158,4880.0,0.023164,270.0
1753600106674,07:08:26.674,bybit,ACH/USDT:USDT,0.023157,2010.0,0.023156,3510.0,0.023158,4880.0,0.023164,270.0
1753600107075,07:08:27.075,bybit,ACH/USDT:USDT,0.023157,2010.0,0.023156,3510.0,0.023158,4880.0,0.023164,270.0
1753600107175,07:08:27.175,bybit,ACH/USDT:USDT,0.023157,2010.0,0.023156,3510.0,0.023158,2720.0,0.023164,270.0
1753600107474,07:08:27.474,bybit,ACH/USDT:USDT,0.023157,2010.0,0.023156,3510.0,0.023158,2720.0,0.023164,270.0
1753600108274,07:08:28.274,bybit,ACH/USDT:USDT,0.023157,2010.0,0.023156,3510.0,0.023158,2720.0,0.023164,270.0
1753600108475,07:08:28.475,bybit,ACH/USDT:USDT,0.023157,2010.0,0.023156,3510.0,0.023158,2360.0,0.023164,270.0
1753600108674,07:08:28.674,bybit,ACH/USDT:USDT,0.023157,2300.0,0.023156,3210.0,0.023158,2360.0,0.023164,270.0
1753600109175,07:08:29.175,bybit,ACH/USDT:USDT,0.023157,2300.0,0.023156,3210.0,0.023158,2360.0,0.023164,270.0
1753600109680,07:08:29.680,bybit,ACH/USDT:USDT,0.023157,2300.0,0.023156,3210.0,0.023158,2360.0,0.023164,270.0
1753600109774,07:08:29.774,bybit,ACH/USDT:USDT,0.023157,2300.0,0.023156,3210.0,0.023158,3110.0,0.023164,270.0
1753600110575,07:08:30.575,bybit,ACH/USDT:USDT,0.023157,2300.0,0.023156,3210.0,0.023158,3110.0,0.023164,270.0
1753600110674,07:08:30.674,bybit,ACH/USDT:USDT,0.023157,2300.0,0.023156,3210.0,0.023158,2360.0,0.023164,270.0
1753600110775,07:08:30.775,bybit,ACH/USDT:USDT,0.023157,2300.0,0.023156,3210.0,0.023158,3280.0,0.023164,270.0
1753600110974,07:08:30.974,bybit,ACH/USDT:USDT,0.023157,2300.0,0.023156,3210.0,0.023158,3280.0,0.023164,270.0
1753600111175,07:08:31.175,bybit,ACH/USDT:USDT,0.023157,2300.0,0.023156,3210.0,0.023158,2360.0,0.023164,270.0
1753600111274,07:08:31.274,bybit,ACH/USDT:USDT,0.023157,2300.0,0.023156,3210.0,0.023158,2360.0,0.023164,270.0
1753600111373,07:08:31.373,bybit,ACH/USDT:USDT,0.023157,2300.0,0.023156,3210.0,0.023158,2360.0,0.023164,270.0
1753600111475,07:08:31.475,bybit,ACH/USDT:USDT,0.023157,2300.0,0.023156,3210.0,0.023158,2360.0,0.023164,270.0
1753600111677,07:08:31.677,bybit,ACH/USDT:USDT,0.023157,2300.0,0.023156,3210.0,0.023158,2360.0,0.023164,270.0
1753600112375,07:08:32.375,bybit,ACH/USDT:USDT,0.023157,2300.0,0.023156,3210.0,0.023158,4200.0,0.023164,270.0
1753600112476,07:08:32.476,bybit,ACH/USDT:USDT,0.023157,2300.0,0.023156,3210.0,0.023158,4200.0,0.023164,270.0
1753600112574,07:08:32.574,bybit,ACH/USDT:USDT,0.023157,2300.0,0.023156,3210.0,0.023158,4200.0,0.023164,270.0
1753600112676,07:08:32.676,bybit,ACH/USDT:USDT,0.023157,2300.0,0.023156,3210.0,0.023158,4200.0,0.023164,270.0
1753600113073,07:08:33.073,bybit,ACH/USDT:USDT,0.023157,2300.0,0.023156,3210.0,0.023158,4200.0,0.023164,270.0
1753600113373,07:08:33.373,bybit,ACH/USDT:USDT,0.023157,2300.0,0.023156,3210.0,0.023158,2860.0,0.023164,270.0
1753600113475,07:08:33.475,bybit,ACH/USDT:USDT,0.023157,2300.0,0.023156,3210.0,0.023158,2360.0,0.023164,270.0
1753600114175,07:08:34.175,bybit,ACH/USDT:USDT,0.023157,2300.0,0.023156,3210.0,0.023158,2360.0,0.023164,270.0
1753600114574,07:08:34.574,bybit,ACH/USDT:USDT,0.023157,2300.0,0.023156,3210.0,0.023158,2360.0,0.023164,270.0
1753600114873,07:08:34.873,bybit,ACH/USDT:USDT,0.023157,8590.0,0.023156,3210.0,0.023158,2360.0,0.023164,270.0
1753600114974,07:08:34.974,bybit,ACH/USDT:USDT,0.023157,8590.0,0.023156,3210.0,0.023158,2360.0,0.023164,270.0
1753600115074,07:08:35.074,bybit,ACH/USDT:USDT,0.023157,8590.0,0.023156,3210.0,0.023158,2360.0,0.023164,270.0
1753600115175,07:08:35.175,bybit,ACH/USDT:USDT,0.023157,8590.0,0.023156,3210.0,0.023158,2360.0,0.023164,270.0
1753600115975,07:08:35.975,bybit,ACH/USDT:USDT,0.023157,8590.0,0.023156,3210.0,0.023158,2360.0,0.023164,270.0
1753600116075,07:08:36.075,bybit,ACH/USDT:USDT,0.023157,8590.0,0.023156,3210.0,0.023158,2610.0,0.023164,270.0
1753600116175,07:08:36.175,bybit,ACH/USDT:USDT,0.023157,8590.0,0.023156,3210.0,0.023158,2860.0,0.023164,270.0
1753600116273,07:08:36.273,bybit,ACH/USDT:USDT,0.023157,8590.0,0.023156,3210.0,0.023158,2360.0,0.023164,270.0
1753600116475,07:08:36.475,bybit,ACH/USDT:USDT,0.023157,8590.0,0.023156,3210.0,0.023158,2360.0,0.023164,270.0
1753600116675,07:08:36.675,bybit,ACH/USDT:USDT,0.023157,8590.0,0.023156,3210.0,0.023158,2360.0,0.023164,270.0
1753600117475,07:08:37.475,bybit,ACH/USDT:USDT,0.023157,8590.0,0.023156,3210.0,0.023158,2360.0,0.023164,270.0
1753600117574,07:08:37.574,bybit,ACH/USDT:USDT,0.023157,8590.0,0.023156,3210.0,0.023158,2360.0,0.023164,270.0
1753600117774,07:08:37.774,bybit,ACH/USDT:USDT,0.023157,8590.0,0.023156,3210.0,0.023158,2860.0,0.023164,270.0
1753600117873,07:08:37.873,bybit,ACH/USDT:USDT,0.023157,8590.0,0.023156,3210.0,0.023158,2360.0,0.023164,270.0
1753600117975,07:08:37.975,bybit,ACH/USDT:USDT,0.023157,8590.0,0.023156,3210.0,0.023158,2360.0,0.023164,270.0
1753600118075,07:08:38.075,bybit,ACH/USDT:USDT,0.023157,8590.0,0.023156,3210.0,0.023158,2360.0,0.023164,270.0
1753600118373,07:08:38.373,bybit,ACH/USDT:USDT,0.023157,8590.0,0.023156,3210.0,0.023158,2360.0,0.023164,270.0
1753600118475,07:08:38.475,bybit,ACH/USDT:USDT,0.023157,8590.0,0.023156,3210.0,0.023158,2360.0,0.023164,270.0
1753600118676,07:08:38.676,bybit,ACH/USDT:USDT,0.023157,8590.0,0.023156,3210.0,0.023158,2360.0,0.023164,270.0
1753600119275,07:08:39.275,bybit,ACH/USDT:USDT,0.023157,8590.0,0.023156,3210.0,0.023158,2360.0,0.023164,270.0
1753600119375,07:08:39.375,bybit,ACH/USDT:USDT,0.023157,8590.0,0.023156,3210.0,0.023158,2360.0,0.023164,270.0
1753600119975,07:08:39.975,bybit,ACH/USDT:USDT,0.023157,8590.0,0.023156,3210.0,0.023158,2360.0,0.023164,270.0
1753600120376,07:08:40.376,bybit,ACH/USDT:USDT,0.023157,8590.0,0.023156,3210.0,0.023158,2700.0,0.023164,270.0
1753600120474,07:08:40.474,bybit,ACH/USDT:USDT,0.023157,8590.0,0.023156,3210.0,0.023158,3040.0,0.023164,270.0
1753600120573,07:08:40.573,bybit,ACH/USDT:USDT,0.023157,8590.0,0.023156,3210.0,0.023158,3040.0,0.023164,270.0
1753600120774,07:08:40.774,bybit,ACH/USDT:USDT,0.023157,8590.0,0.023156,3210.0,0.023158,2700.0,0.023164,270.0
1753600120877,07:08:40.877,bybit,ACH/USDT:USDT,0.023165,2070.0,0.023164,1530.0,0.023167,500.0,0.023172,240.0
1753600120976,07:08:40.976,bybit,ACH/USDT:USDT,0.023168,2390.0,0.023167,340.0,0.023172,1240.0,0.023175,220.0
1753600121476,07:08:41.476,bybit,ACH/USDT:USDT,0.023168,2390.0,0.023167,340.0,0.023172,3650.0,0.023175,220.0
1753600121876,07:08:41.876,bybit,ACH/USDT:USDT,0.023169,1190.0,0.023167,340.0,0.023172,3650.0,0.023175,220.0
1753600121974,07:08:41.974,bybit,ACH/USDT:USDT,0.023169,1190.0,0.023167,340.0,0.023172,3650.0,0.023175,220.0
1753600122073,07:08:42.073,bybit,ACH/USDT:USDT,0.02317,1190.0,0.023167,340.0,0.023172,3650.0,0.023175,220.0
1753600122275,07:08:42.275,bybit,ACH/USDT:USDT,0.02317,1190.0,0.023167,340.0,0.023172,3650.0,0.023175,220.0
1753600122373,07:08:42.373,bybit,ACH/USDT:USDT,0.02317,1190.0,0.023167,340.0,0.023172,3650.0,0.023175,220.0
1753600122473,07:08:42.473,bybit,ACH/USDT:USDT,0.02317,1190.0,0.023167,340.0,0.023172,3650.0,0.023175,220.0
1753600122573,07:08:42.573,bybit,ACH/USDT:USDT,0.02317,1190.0,0.023167,340.0,0.023172,3650.0,0.023175,220.0
1753600122675,07:08:42.675,bybit,ACH/USDT:USDT,0.02317,1190.0,0.023167,340.0,0.023172,3650.0,0.023175,220.0
1753600123175,07:08:43.175,bybit,ACH/USDT:USDT,0.02317,1190.0,0.023167,340.0,0.023172,3650.0,0.023175,220.0
1753600123274,07:08:43.274,bybit,ACH/USDT:USDT,0.02317,1190.0,0.023167,340.0,0.023172,3650.0,0.023175,220.0
1753600123476,07:08:43.476,bybit,ACH/USDT:USDT,0.023171,1190.0,0.023167,1210.0,0.023172,3650.0,0.023175,220.0
1753600123574,07:08:43.574,bybit,ACH/USDT:USDT,0.023171,1190.0,0.023167,1210.0,0.023172,3650.0,0.023175,220.0
1753600123676,07:08:43.676,bybit,ACH/USDT:USDT,0.023171,1190.0,0.023167,1210.0,0.023172,3650.0,0.023175,220.0
1753600123974,07:08:43.974,bybit,ACH/USDT:USDT,0.023171,1190.0,0.023167,1210.0,0.023172,3650.0,0.023175,220.0
1753600124074,07:08:44.074,bybit,ACH/USDT:USDT,0.023171,1190.0,0.023167,1210.0,0.023172,3650.0,0.023175,220.0
1753600124475,07:08:44.475,bybit,ACH/USDT:USDT,0.023171,1190.0,0.023167,1210.0,0.023172,3650.0,0.023175,220.0
1753600124575,07:08:44.575,bybit,ACH/USDT:USDT,0.023171,1190.0,0.023167,340.0,0.023172,6350.0,0.023175,220.0
1753600124674,07:08:44.674,bybit,ACH/USDT:USDT,0.023171,1190.0,0.023167,340.0,0.023172,6350.0,0.023175,220.0
1753600124774,07:08:44.774,bybit,ACH/USDT:USDT,0.023171,1190.0,0.023167,340.0,0.023172,6350.0,0.023175,220.0
1753600125175,07:08:45.175,bybit,ACH/USDT:USDT,0.023171,1190.0,0.023167,340.0,0.023172,3400.0,0.023175,220.0
1753600125374,07:08:45.374,bybit,ACH/USDT:USDT,0.023171,1190.0,0.023167,340.0,0.023172,6350.0,0.023175,220.0
1753600125475,07:08:45.475,bybit,ACH/USDT:USDT,0.023171,1190.0,0.023167,340.0,0.023172,6350.0,0.023175,220.0
1753600125674,07:08:45.674,bybit,ACH/USDT:USDT,0.023171,1190.0,0.023167,340.0,0.023172,6350.0,0.023175,220.0
1753600125773,07:08:45.773,bybit,ACH/USDT:USDT,0.023171,1190.0,0.023167,340.0,0.023172,6350.0,0.023175,220.0
1753600126575,07:08:46.575,bybit,ACH/USDT:USDT,0.023171,1190.0,0.023167,340.0,0.023172,6350.0,0.023175,220.0
1753600127175,07:08:47.175,bybit,ACH/USDT:USDT,0.023171,1190.0,0.023167,340.0,0.023172,6350.0,0.023175,220.0
1753600127473,07:08:47.473,bybit,ACH/USDT:USDT,0.023171,1190.0,0.023167,340.0,0.023172,6350.0,0.023175,220.0
1753600127575,07:08:47.575,bybit,ACH/USDT:USDT,0.023171,1190.0,0.023167,340.0,0.023172,6350.0,0.023175,220.0
1753600127974,07:08:47.974,bybit,ACH/USDT:USDT,0.023171,1190.0,0.023167,340.0,0.023172,6350.0,0.023175,220.0
1753600128074,07:08:48.074,bybit,ACH/USDT:USDT,0.023171,1190.0,0.023167,340.0,0.023172,6350.0,0.023175,220.0
1753600128373,07:08:48.373,bybit,ACH/USDT:USDT,0.023171,1190.0,0.023167,340.0,0.023172,6350.0,0.023175,220.0
1753600128474,07:08:48.474,bybit,ACH/USDT:USDT,0.023171,1190.0,0.023167,340.0,0.023172,6350.0,0.023175,220.0
1753600128575,07:08:48.575,bybit,ACH/USDT:USDT,0.023171,1190.0,0.023167,340.0,0.023172,6350.0,0.023175,220.0
1753600128973,07:08:48.973,bybit,ACH/USDT:USDT,0.023171,1190.0,0.023167,340.0,0.023172,6350.0,0.023175,220.0
1753600129276,07:08:49.276,bybit,ACH/USDT:USDT,0.023169,6140.0,0.023164,340.0,0.02317,9160.0,0.023171,280.0
1753600129373,07:08:49.373,bybit,ACH/USDT:USDT,0.023169,6140.0,0.023164,340.0,0.02317,9160.0,0.023171,280.0
1753600129680,07:08:49.680,bybit,ACH/USDT:USDT,0.023169,6140.0,0.023164,340.0,0.02317,9160.0,0.023171,280.0
1753600129774,07:08:49.774,bybit,ACH/USDT:USDT,0.023169,6140.0,0.023164,340.0,0.02317,9160.0,0.023171,280.0
1753600130275,07:08:50.275,bybit,ACH/USDT:USDT,0.023169,6140.0,0.023164,340.0,0.02317,9160.0,0.023171,280.0
1753600130375,07:08:50.375,bybit,ACH/USDT:USDT,0.023169,6140.0,0.023164,340.0,0.02317,9160.0,0.023171,280.0
1753600130675,07:08:50.675,bybit,ACH/USDT:USDT,0.023169,6140.0,0.023164,340.0,0.02317,9160.0,0.023172,240.0
1753600130875,07:08:50.875,bybit,ACH/USDT:USDT,0.023169,6140.0,0.023164,340.0,0.02317,9160.0,0.023172,240.0
1753600130975,07:08:50.975,bybit,ACH/USDT:USDT,0.023169,6140.0,0.023164,340.0,0.02317,9160.0,0.023172,240.0
1753600131075,07:08:51.075,bybit,ACH/USDT:USDT,0.023169,6140.0,0.023164,340.0,0.02317,9160.0,0.023172,240.0
1753600131275,07:08:51.275,bybit,ACH/USDT:USDT,0.023169,6140.0,0.023164,340.0,0.02317,9160.0,0.023172,240.0
1753600131875,07:08:51.875,bybit,ACH/USDT:USDT,0.023169,6140.0,0.023164,340.0,0.02317,9160.0,0.023172,240.0
1753600132275,07:08:52.275,bybit,ACH/USDT:USDT,0.023169,6140.0,0.023164,340.0,0.02317,9160.0,0.023172,240.0
1753600132476,07:08:52.476,bybit,ACH/USDT:USDT,0.023169,6140.0,0.023164,340.0,0.02317,9160.0,0.023172,240.0
1753600132975,07:08:52.975,bybit,ACH/USDT:USDT,0.023169,6140.0,0.023164,340.0,0.02317,9160.0,0.023172,240.0
1753600133074,07:08:53.074,bybit,ACH/USDT:USDT,0.023169,6140.0,0.023164,340.0,0.02317,9160.0,0.023172,240.0
1753600133175,07:08:53.175,bybit,ACH/USDT:USDT,0.023169,6140.0,0.023164,340.0,0.02317,9160.0,0.023172,240.0
1753600133375,07:08:53.375,bybit,ACH/USDT:USDT,0.023169,6140.0,0.023164,340.0,0.02317,9160.0,0.023172,240.0
1753600133681,07:08:53.681,bybit,ACH/USDT:USDT,0.023169,6140.0,0.023164,340.0,0.02317,9160.0,0.023172,240.0
1753600134473,07:08:54.473,bybit,ACH/USDT:USDT,0.023169,6140.0,0.023164,340.0,0.02317,9160.0,0.023172,240.0
1753600135474,07:08:55.474,bybit,ACH/USDT:USDT,0.023169,6140.0,0.023164,340.0,0.02317,9160.0,0.023172,240.0
1753600135682,07:08:55.682,bybit,ACH/USDT:USDT,0.023171,6140.0,0.023164,340.0,0.023172,12670.0,0.023175,490.0
1753600135774,07:08:55.774,bybit,ACH/USDT:USDT,0.023171,6140.0,0.023164,340.0,0.023172,12390.0,0.023175,490.0
1753600135875,07:08:55.875,bybit,ACH/USDT:USDT,0.023171,6140.0,0.023164,340.0,0.023172,12390.0,0.023175,490.0
1753600136176,07:08:56.176,bybit,ACH/USDT:USDT,0.023171,6140.0,0.023164,340.0,0.023172,17680.0,0.023175,490.0
1753600136573,07:08:56.573,bybit,ACH/USDT:USDT,0.023171,6140.0,0.023164,340.0,0.023172,17680.0,0.023175,490.0
1753600136673,07:08:56.673,bybit,ACH/USDT:USDT,0.023171,6140.0,0.023164,340.0,0.023172,17680.0,0.023175,490.0
1753600136773,07:08:56.773,bybit,ACH/USDT:USDT,0.023171,6140.0,0.023164,340.0,0.023172,17680.0,0.023175,490.0
1753600136876,07:08:56.876,bybit,ACH/USDT:USDT,0.023171,6140.0,0.023164,340.0,0.023172,17680.0,0.023175,490.0
1753600137073,07:08:57.073,bybit,ACH/USDT:USDT,0.023171,6140.0,0.023164,340.0,0.023172,17680.0,0.023175,490.0
1753600137176,07:08:57.176,bybit,ACH/USDT:USDT,0.023171,6140.0,0.023164,340.0,0.023172,17680.0,0.023175,490.0
1753600137475,07:08:57.475,bybit,ACH/USDT:USDT,0.023171,6140.0,0.023164,340.0,0.023172,17680.0,0.023175,490.0
1753600137775,07:08:57.775,bybit,ACH/USDT:USDT,0.023171,6140.0,0.023164,340.0,0.023172,17680.0,0.023175,490.0
1753600137874,07:08:57.874,bybit,ACH/USDT:USDT,0.023171,6140.0,0.023164,340.0,0.023172,17680.0,0.023175,490.0
1753600138076,07:08:58.076,bybit,ACH/USDT:USDT,0.023171,6140.0,0.023164,340.0,0.023172,17680.0,0.023175,490.0
1753600138176,07:08:58.176,bybit,ACH/USDT:USDT,0.023171,6140.0,0.023164,1410.0,0.023172,17680.0,0.023175,490.0
1753600138274,07:08:58.274,bybit,ACH/USDT:USDT,0.023171,6140.0,0.023164,2280.0,0.023172,990.0,0.023175,490.0
1753600138375,07:08:58.375,bybit,ACH/USDT:USDT,0.023171,6140.0,0.023164,2280.0,0.023172,1240.0,0.023175,490.0
1753600138674,07:08:58.674,bybit,ACH/USDT:USDT,0.023171,6140.0,0.023164,2280.0,0.023172,1240.0,0.023175,490.0
1753600138776,07:08:58.776,bybit,ACH/USDT:USDT,0.023171,6140.0,0.023164,2280.0,0.023172,1490.0,0.023175,490.0
1753600138874,07:08:58.874,bybit,ACH/USDT:USDT,0.023171,6140.0,0.023164,2280.0,0.023172,1490.0,0.023175,490.0
1753600138975,07:08:58.975,bybit,ACH/USDT:USDT,0.023171,6140.0,0.023164,2280.0,0.023172,1490.0,0.023175,490.0
1753600140074,07:09:00.074,bybit,ACH/USDT:USDT,0.023171,6140.0,0.023164,2280.0,0.023172,1490.0,0.023175,490.0
1753600140275,07:09:00.275,bybit,ACH/USDT:USDT,0.023171,6140.0,0.023164,1410.0,0.023172,3650.0,0.023175,490.0
1753600140376,07:09:00.376,bybit,ACH/USDT:USDT,0.023171,6140.0,0.023164,1410.0,0.023172,3650.0,0.023175,490.0
1753600140474,07:09:00.474,bybit,ACH/USDT:USDT,0.023171,6140.0,0.023164,1410.0,0.023172,3650.0,0.023175,490.0
1753600140573,07:09:00.573,bybit,ACH/USDT:USDT,0.023171,6140.0,0.023164,1410.0,0.023172,3650.0,0.023175,490.0
1753600140674,07:09:00.674,bybit,ACH/USDT:USDT,0.023171,6140.0,0.023164,1410.0,0.023172,3650.0,0.023175,490.0
1753600140774,07:09:00.774,bybit,ACH/USDT:USDT,0.023171,6140.0,0.023164,1410.0,0.023172,3650.0,0.023175,490.0
1753600141075,07:09:01.075,bybit,ACH/USDT:USDT,0.023171,6140.0,0.023164,1410.0,0.023172,3650.0,0.023175,490.0
1753600141174,07:09:01.174,bybit,ACH/USDT:USDT,0.023171,6140.0,0.023164,1410.0,0.023172,3650.0,0.023175,490.0
1753600141374,07:09:01.374,bybit,ACH/USDT:USDT,0.023171,6140.0,0.023164,1410.0,0.023172,3650.0,0.023175,490.0
1753600141473,07:09:01.473,bybit,ACH/USDT:USDT,0.023171,6140.0,0.023164,1410.0,0.023172,3650.0,0.023175,490.0
1753600141678,07:09:01.678,bybit,ACH/USDT:USDT,0.023171,6140.0,0.023164,1410.0,0.023172,3650.0,0.023175,490.0
1753600141875,07:09:01.875,bybit,ACH/USDT:USDT,0.023171,6140.0,0.023164,1410.0,0.023172,3650.0,0.023175,490.0
1753600142475,07:09:02.475,bybit,ACH/USDT:USDT,0.023171,6140.0,0.023164,1410.0,0.023172,3650.0,0.023175,490.0
1753600142675,07:09:02.675,bybit,ACH/USDT:USDT,0.023171,6140.0,0.023164,1410.0,0.023172,3650.0,0.023175,490.0
1753600143177,07:09:03.177,bybit,ACH/USDT:USDT,0.023171,6140.0,0.023164,1410.0,0.023172,3650.0,0.023175,490.0
1753600143274,07:09:03.274,bybit,ACH/USDT:USDT,0.023171,6140.0,0.023164,1410.0,0.023172,3650.0,0.023175,490.0
1753600143574,07:09:03.574,bybit,ACH/USDT:USDT,0.023171,6140.0,0.023164,1410.0,0.023172,3650.0,0.023175,490.0
1753600143681,07:09:03.681,bybit,ACH/USDT:USDT,0.023171,6140.0,0.023164,1410.0,0.023172,3650.0,0.023175,490.0
1753600143775,07:09:03.775,bybit,ACH/USDT:USDT,0.023171,6140.0,0.023164,1410.0,0.023172,3650.0,0.023175,490.0
1753600143974,07:09:03.974,bybit,ACH/USDT:USDT,0.023171,6140.0,0.023164,1410.0,0.023172,3650.0,0.023175,490.0
1753600144275,07:09:04.275,bybit,ACH/USDT:USDT,0.023171,6140.0,0.023164,1410.0,0.023172,3650.0,0.023175,490.0
1753600144376,07:09:04.376,bybit,ACH/USDT:USDT,0.023171,6140.0,0.023164,1410.0,0.023172,3650.0,0.023175,490.0
1753600144475,07:09:04.475,bybit,ACH/USDT:USDT,0.023171,6140.0,0.023164,1410.0,0.023172,3650.0,0.023175,490.0
1753600144575,07:09:04.575,bybit,ACH/USDT:USDT,0.023171,6140.0,0.023164,1410.0,0.023172,3650.0,0.023175,490.0
1753600144775,07:09:04.775,bybit,ACH/USDT:USDT,0.023171,6140.0,0.023164,1410.0,0.023172,3650.0,0.023175,490.0
1753600144976,07:09:04.976,bybit,ACH/USDT:USDT,0.023171,6140.0,0.023164,1410.0,0.023172,3650.0,0.023175,490.0
1753600145375,07:09:05.375,bybit,ACH/USDT:USDT,0.023171,6140.0,0.023167,340.0,0.023172,240.0,0.023175,490.0
1753600145473,07:09:05.473,bybit,ACH/USDT:USDT,0.023171,6140.0,0.023169,340.0,0.023172,3880.0,0.023175,490.0
1753600145576,07:09:05.576,bybit,ACH/USDT:USDT,0.023171,6600.0,0.023169,1210.0,0.023172,240.0,0.023175,490.0
1753600145682,07:09:05.682,bybit,ACH/USDT:USDT,0.023171,6600.0,0.023169,1210.0,0.023172,240.0,0.023175,220.0
1753600145873,07:09:05.873,bybit,ACH/USDT:USDT,0.023171,6600.0,0.023169,1210.0,0.023172,240.0,0.023175,220.0
1753600145975,07:09:05.975,bybit,ACH/USDT:USDT,0.023171,6600.0,0.023169,1210.0,0.023172,240.0,0.023175,220.0
1753600146075,07:09:06.075,bybit,ACH/USDT:USDT,0.023171,6600.0,0.023169,1210.0,0.023172,240.0,0.023175,220.0
1753600146175,07:09:06.175,bybit,ACH/USDT:USDT,0.023171,6600.0,0.023169,1210.0,0.023172,240.0,0.023175,220.0
1753600146675,07:09:06.675,bybit,ACH/USDT:USDT,0.023171,6600.0,0.023169,1210.0,0.023172,240.0,0.023175,220.0
1753600147174,07:09:07.174,bybit,ACH/USDT:USDT,0.023174,8200.0,0.023172,870.0,0.023175,220.0,0.023176,220.0
1753600147273,07:09:07.273,bybit,ACH/USDT:USDT,0.023174,8200.0,0.023172,870.0,0.023175,220.0,0.023176,220.0
1753600147374,07:09:07.374,bybit,ACH/USDT:USDT,0.023174,8200.0,0.023172,870.0,0.023175,220.0,0.023176,220.0
1753600147474,07:09:07.474,bybit,ACH/USDT:USDT,0.023174,8200.0,0.023172,870.0,0.023175,220.0,0.023176,220.0
1753600147680,07:09:07.680,bybit,ACH/USDT:USDT,0.023174,8200.0,0.023172,870.0,0.023175,220.0,0.023176,220.0
1753600148273,07:09:08.273,bybit,ACH/USDT:USDT,0.023174,8200.0,0.023172,870.0,0.023175,220.0,0.023176,220.0
1753600148375,07:09:08.375,bybit,ACH/USDT:USDT,0.023174,8200.0,0.023172,870.0,0.023175,220.0,0.023176,220.0
1753600148773,07:09:08.773,bybit,ACH/USDT:USDT,0.023174,8200.0,0.023172,870.0,0.023175,220.0,0.023176,220.0
1753600149074,07:09:09.074,bybit,ACH/USDT:USDT,0.023174,8200.0,0.023172,870.0,0.023175,220.0,0.023176,220.0
1753600149274,07:09:09.274,bybit,ACH/USDT:USDT,0.023174,8200.0,0.023172,870.0,0.023175,220.0,0.023176,220.0
1753600149775,07:09:09.775,bybit,ACH/USDT:USDT,0.023174,8200.0,0.023172,870.0,0.023175,220.0,0.023176,220.0
1753600150075,07:09:10.075,bybit,ACH/USDT:USDT,0.023174,7330.0,0.023171,460.0,0.023175,220.0,0.023176,220.0
1753600150173,07:09:10.173,bybit,ACH/USDT:USDT,0.023174,7330.0,0.023171,460.0,0.023175,220.0,0.023176,220.0
1753600150475,07:09:10.475,bybit,ACH/USDT:USDT,0.023174,7330.0,0.023172,870.0,0.023175,220.0,0.023176,220.0
1753600150574,07:09:10.574,bybit,ACH/USDT:USDT,0.023174,7330.0,0.023172,870.0,0.023175,220.0,0.023176,220.0
1753600150675,07:09:10.675,bybit,ACH/USDT:USDT,0.023174,7330.0,0.023172,870.0,0.023175,220.0,0.023176,220.0
1753600151274,07:09:11.274,bybit,ACH/USDT:USDT,0.023174,7330.0,0.023172,870.0,0.023175,220.0,0.023176,220.0
1753600151475,07:09:11.475,bybit,ACH/USDT:USDT,0.023174,7330.0,0.023172,870.0,0.023175,220.0,0.023176,220.0
1753600151574,07:09:11.574,bybit,ACH/USDT:USDT,0.023174,7330.0,0.023172,870.0,0.023175,220.0,0.023176,220.0
1753600151874,07:09:11.874,bybit,ACH/USDT:USDT,0.023176,1190.0,0.023174,6140.0,0.023177,2220.0,0.023178,270.0
1753600151973,07:09:11.973,bybit,ACH/USDT:USDT,0.023176,1190.0,0.023174,6140.0,0.023177,2220.0,0.023178,270.0
1753600152074,07:09:12.074,bybit,ACH/USDT:USDT,0.023176,1190.0,0.023174,6140.0,0.023177,2220.0,0.023178,270.0
1753600152274,07:09:12.274,bybit,ACH/USDT:USDT,0.023176,1190.0,0.023174,6140.0,0.023177,2220.0,0.023178,270.0
1753600152475,07:09:12.475,bybit,ACH/USDT:USDT,0.023176,1190.0,0.023172,1210.0,0.023177,2220.0,0.023178,270.0
1753600152574,07:09:12.574,bybit,ACH/USDT:USDT,0.023176,7330.0,0.023172,340.0,0.023177,2220.0,0.023178,270.0
1753600152774,07:09:12.774,bybit,ACH/USDT:USDT,0.023176,7330.0,0.023172,340.0,0.023177,2220.0,0.023178,270.0
1753600153073,07:09:13.073,bybit,ACH/USDT:USDT,0.023176,7330.0,0.023172,340.0,0.023177,2220.0,0.023178,270.0
1753600153176,07:09:13.176,bybit,ACH/USDT:USDT,0.023176,7330.0,0.023172,340.0,0.023177,2220.0,0.023178,270.0
1753600153275,07:09:13.275,bybit,ACH/USDT:USDT,0.023176,7330.0,0.023172,340.0,0.023177,2220.0,0.023178,270.0
1753600153476,07:09:13.476,bybit,ACH/USDT:USDT,0.023176,7330.0,0.023172,340.0,0.023177,2220.0,0.023178,270.0
1753600154473,07:09:14.473,bybit,ACH/USDT:USDT,0.023176,7330.0,0.023172,340.0,0.023177,2220.0,0.023178,270.0
1753600154574,07:09:14.574,bybit,ACH/USDT:USDT,0.023176,7330.0,0.023172,1210.0,0.023177,2220.0,0.023178,270.0
1753600154674,07:09:14.674,bybit,ACH/USDT:USDT,0.023176,7330.0,0.023172,1210.0,0.023177,2220.0,0.023178,270.0
1753600155575,07:09:15.575,bybit,ACH/USDT:USDT,0.023176,7330.0,0.023172,1210.0,0.023177,2220.0,0.023178,270.0
1753600155680,07:09:15.680,bybit,ACH/USDT:USDT,0.023176,7330.0,0.023172,1210.0,0.023177,2220.0,0.023178,270.0
1753600155776,07:09:15.776,bybit,ACH/USDT:USDT,0.023176,7330.0,0.023172,1210.0,0.023177,2220.0,0.023178,270.0
1753600156275,07:09:16.275,bybit,ACH/USDT:USDT,0.023176,7330.0,0.023172,1210.0,0.023177,2220.0,0.023178,270.0
1753600156773,07:09:16.773,bybit,ACH/USDT:USDT,0.023176,7330.0,0.023172,1210.0,0.023177,2220.0,0.023178,270.0
1753600157075,07:09:17.075,bybit,ACH/USDT:USDT,0.023176,7330.0,0.023172,1210.0,0.023177,2220.0,0.023178,270.0
1753600157375,07:09:17.375,bybit,ACH/USDT:USDT,0.023176,7330.0,0.023172,1210.0,0.023177,2220.0,0.023178,270.0
1753600157475,07:09:17.475,bybit,ACH/USDT:USDT,0.023176,7330.0,0.023172,340.0,0.023177,2220.0,0.023178,270.0
1753600157680,07:09:17.680,bybit,ACH/USDT:USDT,0.023176,7330.0,0.023172,340.0,0.023177,2220.0,0.023178,270.0
1753600158276,07:09:18.276,bybit,ACH/USDT:USDT,0.023176,7330.0,0.023174,340.0,0.023177,2220.0,0.023178,270.0
1753600158375,07:09:18.375,bybit,ACH/USDT:USDT,0.023176,7330.0,0.023174,340.0,0.023177,2220.0,0.023178,270.0
1753600158475,07:09:18.475,bybit,ACH/USDT:USDT,0.023176,7330.0,0.023174,340.0,0.023177,2220.0,0.023178,270.0
1753600159075,07:09:19.075,bybit,ACH/USDT:USDT,0.023176,7330.0,0.023174,340.0,0.023177,2220.0,0.023178,270.0
1753600159475,07:09:19.475,bybit,ACH/USDT:USDT,0.023176,7330.0,0.023174,340.0,0.023177,2220.0,0.023178,270.0
1753600159673,07:09:19.673,bybit,ACH/USDT:USDT,0.023176,7330.0,0.023174,340.0,0.023177,2220.0,0.023178,270.0
1753600159775,07:09:19.775,bybit,ACH/USDT:USDT,0.023176,7330.0,0.023174,340.0,0.023177,2220.0,0.023178,270.0
1753600160074,07:09:20.074,bybit,ACH/USDT:USDT,0.023176,7330.0,0.023174,340.0,0.023177,2220.0,0.023178,270.0
1753600160374,07:09:20.374,bybit,ACH/USDT:USDT,0.023176,7330.0,0.023174,340.0,0.023177,2220.0,0.023178,270.0
1753600160775,07:09:20.775,bybit,ACH/USDT:USDT,0.023176,7330.0,0.023174,340.0,0.023177,2220.0,0.023178,270.0
1753600161073,07:09:21.073,bybit,ACH/USDT:USDT,0.023176,7330.0,0.023174,340.0,0.023177,2220.0,0.023178,270.0
1753600161976,07:09:21.976,bybit,ACH/USDT:USDT,0.023176,7330.0,0.023174,340.0,0.023177,2220.0,0.023178,270.0
1753600162475,07:09:22.475,bybit,ACH/USDT:USDT,0.023176,7330.0,0.023174,340.0,0.023177,2220.0,0.023178,270.0
1753600162974,07:09:22.974,bybit,ACH/USDT:USDT,0.023176,7330.0,0.023174,340.0,0.023177,2220.0,0.023178,270.0
1753600163176,07:09:23.176,bybit,ACH/USDT:USDT,0.023176,7330.0,0.023174,340.0,0.023177,2220.0,0.023178,270.0
1753600163276,07:09:23.276,bybit,ACH/USDT:USDT,0.023176,7330.0,0.023174,340.0,0.023177,2220.0,0.023178,270.0
1753600163475,07:09:23.475,bybit,ACH/USDT:USDT,0.023176,7330.0,0.023174,340.0,0.023177,2220.0,0.023178,270.0
1753600163875,07:09:23.875,bybit,ACH/USDT:USDT,0.023176,7330.0,0.023174,340.0,0.023177,2220.0,0.023178,270.0
1753600164674,07:09:24.674,bybit,ACH/USDT:USDT,0.023176,7330.0,0.023174,340.0,0.023177,2220.0,0.023178,270.0
1753600164875,07:09:24.875,bybit,ACH/USDT:USDT,0.023176,7330.0,0.023174,340.0,0.023177,2220.0,0.023178,270.0
1753600165678,07:09:25.678,bybit,ACH/USDT:USDT,0.023176,7430.0,0.023174,340.0,0.023177,2220.0,0.023178,270.0
1753600165874,07:09:25.874,bybit,ACH/USDT:USDT,0.023176,7430.0,0.023174,340.0,0.023177,2220.0,0.023178,270.0
1753600167874,07:09:27.874,bybit,ACH/USDT:USDT,0.023176,7430.0,0.023174,340.0,0.023177,2220.0,0.023178,270.0
1753600168376,07:09:28.376,bybit,ACH/USDT:USDT,0.023176,7430.0,0.023174,340.0,0.023177,2220.0,0.023178,270.0
1753600170675,07:09:30.675,bybit,ACH/USDT:USDT,0.023176,7430.0,0.023174,340.0,0.023177,2220.0,0.023178,270.0
1753600171676,07:09:31.676,bybit,ACH/USDT:USDT,0.023176,7430.0,0.023174,340.0,0.023177,2220.0,0.023178,270.0
1753600171774,07:09:31.774,bybit,ACH/USDT:USDT,0.023176,7430.0,0.023174,340.0,0.023177,2220.0,0.023178,270.0
1753600171973,07:09:31.973,bybit,ACH/USDT:USDT,0.023176,7430.0,0.023174,340.0,0.023177,2220.0,0.023178,270.0
1753600172476,07:09:32.476,bybit,ACH/USDT:USDT,0.023176,7430.0,0.023174,340.0,0.023177,2220.0,0.023178,270.0
1753600172575,07:09:32.575,bybit,ACH/USDT:USDT,0.023176,7430.0,0.023174,340.0,0.023177,2220.0,0.023178,270.0
1753600172975,07:09:32.975,bybit,ACH/USDT:USDT,0.023176,7430.0,0.023174,340.0,0.023177,2220.0,0.023178,270.0
1753600173174,07:09:33.174,bybit,ACH/USDT:USDT,0.023176,7430.0,0.023174,340.0,0.023177,2220.0,0.023178,270.0
1753600173574,07:09:33.574,bybit,ACH/USDT:USDT,0.023176,7430.0,0.023174,340.0,0.023177,2220.0,0.023178,270.0
1753600173680,07:09:33.680,bybit,ACH/USDT:USDT,0.023176,7430.0,0.023174,340.0,0.023177,2220.0,0.023178,270.0
1753600174574,07:09:34.574,bybit,ACH/USDT:USDT,0.023176,7430.0,0.023174,340.0,0.023177,2220.0,0.023178,270.0
1753600174874,07:09:34.874,bybit,ACH/USDT:USDT,0.023176,7530.0,0.023174,340.0,0.023177,2220.0,0.023178,270.0
1753600174974,07:09:34.974,bybit,ACH/USDT:USDT,0.023176,7530.0,0.023174,340.0,0.023177,2220.0,0.023178,270.0
1753600175475,07:09:35.475,bybit,ACH/USDT:USDT,0.023176,7530.0,0.023174,340.0,0.023177,2220.0,0.023178,270.0
1753600175683,07:09:35.683,bybit,ACH/USDT:USDT,0.023176,7430.0,0.023174,340.0,0.023177,2570.0,0.023178,270.0
1753600177575,07:09:37.575,bybit,ACH/USDT:USDT,0.023176,7430.0,0.023174,340.0,0.023177,2570.0,0.023178,270.0
1753600177775,07:09:37.775,bybit,ACH/USDT:USDT,0.023176,7430.0,0.023174,340.0,0.023177,2570.0,0.023178,270.0
1753600178375,07:09:38.375,bybit,ACH/USDT:USDT,0.023176,7430.0,0.023174,340.0,0.023177,2570.0,0.023178,270.0
1753600178675,07:09:38.675,bybit,ACH/USDT:USDT,0.023176,7430.0,0.023174,340.0,0.023177,2570.0,0.023178,270.0
1753600178775,07:09:38.775,bybit,ACH/USDT:USDT,0.023176,7430.0,0.023174,340.0,0.023177,2570.0,0.023178,270.0
1753600178874,07:09:38.874,bybit,ACH/USDT:USDT,0.023176,7430.0,0.023174,340.0,0.023177,2570.0,0.023178,270.0
1753600178974,07:09:38.974,bybit,ACH/USDT:USDT,0.023176,7430.0,0.023171,460.0,0.023177,2570.0,0.023178,270.0
1753600179075,07:09:39.075,bybit,ACH/USDT:USDT,0.023176,7430.0,0.023171,460.0,0.023177,2570.0,0.023178,270.0
1753600179275,07:09:39.275,bybit,ACH/USDT:USDT,0.023176,7430.0,0.023171,460.0,0.023177,2570.0,0.023178,270.0
1753600179376,07:09:39.376,bybit,ACH/USDT:USDT,0.023176,7430.0,0.023171,460.0,0.023177,2570.0,0.023178,270.0
1753600179476,07:09:39.476,bybit,ACH/USDT:USDT,0.023176,7430.0,0.023171,460.0,0.023177,2570.0,0.023178,270.0
1753600179574,07:09:39.574,bybit,ACH/USDT:USDT,0.023176,7430.0,0.023171,460.0,0.023177,2570.0,0.023178,270.0
1753600179775,07:09:39.775,bybit,ACH/USDT:USDT,0.023176,7430.0,0.023171,460.0,0.023177,2570.0,0.023178,270.0
1753600180274,07:09:40.274,bybit,ACH/USDT:USDT,0.023176,7430.0,0.023171,460.0,0.023177,2570.0,0.023178,270.0
1753600180376,07:09:40.376,bybit,ACH/USDT:USDT,0.023176,7430.0,0.023171,460.0,0.023177,2570.0,0.023178,270.0
1753600180474,07:09:40.474,bybit,ACH/USDT:USDT,0.023176,7430.0,0.023171,460.0,0.023177,2570.0,0.023178,270.0
1753600180574,07:09:40.574,bybit,ACH/USDT:USDT,0.023176,7430.0,0.023171,460.0,0.023177,2570.0,0.023178,270.0
1753600180675,07:09:40.675,bybit,ACH/USDT:USDT,0.023176,7430.0,0.023171,460.0,0.023177,2570.0,0.023178,270.0
1753600181275,07:09:41.275,bybit,ACH/USDT:USDT,0.023176,7430.0,0.023171,460.0,0.023177,2570.0,0.023178,270.0
1753600181475,07:09:41.475,bybit,ACH/USDT:USDT,0.023176,7430.0,0.023171,460.0,0.023177,2570.0,0.023178,270.0
1753600181775,07:09:41.775,bybit,ACH/USDT:USDT,0.023176,7430.0,0.023171,460.0,0.023177,2570.0,0.023178,270.0
1753600181875,07:09:41.875,bybit,ACH/USDT:USDT,0.023176,7430.0,0.023171,460.0,0.023177,2570.0,0.023178,270.0
1753600182275,07:09:42.275,bybit,ACH/USDT:USDT,0.023176,7430.0,0.023171,460.0,0.023177,2570.0,0.023178,270.0
1753600183274,07:09:43.274,bybit,ACH/USDT:USDT,0.023176,7430.0,0.023171,460.0,0.023177,2570.0,0.023178,270.0
1753600183373,07:09:43.373,bybit,ACH/USDT:USDT,0.023176,7430.0,0.023171,460.0,0.023177,2570.0,0.023178,270.0
1753600183573,07:09:43.573,bybit,ACH/USDT:USDT,0.023176,7430.0,0.023171,460.0,0.023177,4180.0,0.023178,270.0
1753600183875,07:09:43.875,bybit,ACH/USDT:USDT,0.023176,7430.0,0.023171,460.0,0.023177,4180.0,0.023178,270.0
1753600184074,07:09:44.074,bybit,ACH/USDT:USDT,0.023176,7430.0,0.023171,460.0,0.023177,4180.0,0.023178,270.0
1753600184374,07:09:44.374,bybit,ACH/USDT:USDT,0.023176,7430.0,0.023171,460.0,0.023177,4180.0,0.023178,270.0
1753600184874,07:09:44.874,bybit,ACH/USDT:USDT,0.023176,7430.0,0.023171,460.0,0.023177,4180.0,0.023178,270.0
1753600184973,07:09:44.973,bybit,ACH/USDT:USDT,0.023176,7430.0,0.023171,460.0,0.023177,4180.0,0.023178,270.0
1753600185074,07:09:45.074,bybit,ACH/USDT:USDT,0.023176,7430.0,0.023171,460.0,0.023177,4180.0,0.023178,270.0
1753600185174,07:09:45.174,bybit,ACH/USDT:USDT,0.023176,7430.0,0.023171,460.0,0.023177,4180.0,0.023178,270.0
1753600185676,07:09:45.676,bybit,ACH/USDT:USDT,0.023176,7430.0,0.023171,460.0,0.023177,4180.0,0.023178,270.0
1753600185874,07:09:45.874,bybit,ACH/USDT:USDT,0.023176,7430.0,0.023169,1410.0,0.023177,4180.0,0.023178,270.0
1753600185975,07:09:45.975,bybit,ACH/USDT:USDT,0.023176,7430.0,0.023169,1410.0,0.023177,4180.0,0.023178,270.0
1753600186074,07:09:46.074,bybit,ACH/USDT:USDT,0.023176,7430.0,0.023169,1410.0,0.023177,4180.0,0.023178,270.0
1753600186175,07:09:46.175,bybit,ACH/USDT:USDT,0.023176,7430.0,0.023169,1410.0,0.023177,10090.0,0.023178,270.0
1753600186674,07:09:46.674,bybit,ACH/USDT:USDT,0.023176,7430.0,0.023169,1410.0,0.023177,12820.0,0.023178,270.0
1753600186975,07:09:46.975,bybit,ACH/USDT:USDT,0.023176,7430.0,0.023169,1410.0,0.023177,12820.0,0.023178,270.0
1753600187574,07:09:47.574,bybit,ACH/USDT:USDT,0.023176,7430.0,0.023169,1410.0,0.023177,18450.0,0.023178,270.0
1753600187677,07:09:47.677,bybit,ACH/USDT:USDT,0.023176,7430.0,0.023169,1410.0,0.023177,18450.0,0.023178,270.0
1753600188676,07:09:48.676,bybit,ACH/USDT:USDT,0.023176,7430.0,0.023169,1410.0,0.023177,18450.0,0.023178,270.0
1753600189575,07:09:49.575,bybit,ACH/USDT:USDT,0.023176,7430.0,0.023169,1410.0,0.023177,18450.0,0.023178,270.0
1753600189874,07:09:49.874,bybit,ACH/USDT:USDT,0.023176,7430.0,0.023169,1410.0,0.023177,18450.0,0.023178,270.0
1753600189975,07:09:49.975,bybit,ACH/USDT:USDT,0.023176,7430.0,0.023169,1410.0,0.023177,18450.0,0.023178,270.0
1753600190176,07:09:50.176,bybit,ACH/USDT:USDT,0.023176,7430.0,0.023169,1410.0,0.023177,18450.0,0.023178,270.0
1753600190475,07:09:50.475,bybit,ACH/USDT:USDT,0.023176,7430.0,0.023169,1410.0,0.023177,18450.0,0.023178,270.0
1753600191475,07:09:51.475,bybit,ACH/USDT:USDT,0.023176,7430.0,0.023169,1410.0,0.023177,18450.0,0.023178,270.0
1753600192676,07:09:52.676,bybit,ACH/USDT:USDT,0.023176,7430.0,0.023169,1410.0,0.023177,19540.0,0.023178,270.0
1753600192774,07:09:52.774,bybit,ACH/USDT:USDT,0.023176,7430.0,0.023169,1410.0,0.023177,22740.0,0.023178,270.0
1753600193176,07:09:53.176,bybit,ACH/USDT:USDT,0.023176,7430.0,0.023169,1410.0,0.023177,7840.0,0.023178,270.0
1753600193274,07:09:53.274,bybit,ACH/USDT:USDT,0.023176,7430.0,0.023169,1410.0,0.023177,12160.0,0.023178,270.0
1753600193374,07:09:53.374,bybit,ACH/USDT:USDT,0.023176,7430.0,0.023169,1410.0,0.023177,12160.0,0.023178,270.0
1753600193475,07:09:53.475,bybit,ACH/USDT:USDT,0.023176,7430.0,0.023169,1410.0,0.023177,12160.0,0.023178,270.0
1753600193575,07:09:53.575,bybit,ACH/USDT:USDT,0.023176,7430.0,0.023169,1410.0,0.023177,12160.0,0.023178,270.0
1753600194575,07:09:54.575,bybit,ACH/USDT:USDT,0.023176,7430.0,0.023169,1410.0,0.023177,12160.0,0.023178,270.0
1753600194673,07:09:54.673,bybit,ACH/USDT:USDT,0.023176,7430.0,0.023169,1410.0,0.023177,12160.0,0.023178,270.0
1753600195873,07:09:55.873,bybit,ACH/USDT:USDT,0.023176,7430.0,0.023169,1410.0,0.023177,12160.0,0.023178,270.0
1753600196074,07:09:56.074,bybit,ACH/USDT:USDT,0.023176,7430.0,0.023169,1410.0,0.023177,12160.0,0.023178,270.0
1753600196573,07:09:56.573,bybit,ACH/USDT:USDT,0.023176,7430.0,0.023169,1410.0,0.023177,12160.0,0.023178,270.0
1753600196676,07:09:56.676,bybit,ACH/USDT:USDT,0.023176,7430.0,0.023169,1410.0,0.023177,12160.0,0.023178,270.0
1753600197574,07:09:57.574,bybit,ACH/USDT:USDT,0.023176,7430.0,0.023169,1410.0,0.023177,12160.0,0.023178,270.0
1753600198575,07:09:58.575,bybit,ACH/USDT:USDT,0.023176,7430.0,0.023169,1410.0,0.023177,16970.0,0.023178,270.0
1753600198676,07:09:58.676,bybit,ACH/USDT:USDT,0.023176,7430.0,0.023169,1410.0,0.023177,16970.0,0.023178,270.0
1753600198874,07:09:58.874,bybit,ACH/USDT:USDT,0.023176,7430.0,0.023169,1410.0,0.023177,19620.0,0.023178,270.0
1753600198975,07:09:58.975,bybit,ACH/USDT:USDT,0.023176,7430.0,0.023169,1410.0,0.023177,19620.0,0.023178,270.0
1753600199474,07:09:59.474,bybit,ACH/USDT:USDT,0.023176,7430.0,0.023169,1410.0,0.023177,19620.0,0.023178,270.0
1753600199681,07:09:59.681,bybit,ACH/USDT:USDT,0.023176,7430.0,0.023169,1410.0,0.023177,19620.0,0.023178,270.0
1753600199975,07:09:59.975,bybit,ACH/USDT:USDT,0.023176,7430.0,0.023169,1410.0,0.023177,19620.0,0.023178,270.0
1753600200374,07:10:00.374,bybit,ACH/USDT:USDT,0.023176,7430.0,0.023169,1410.0,0.023177,19620.0,0.023178,270.0
1753600200473,07:10:00.473,bybit,ACH/USDT:USDT,0.023176,7430.0,0.023169,1410.0,0.023177,19620.0,0.023178,280.0
1753600200673,07:10:00.673,bybit,ACH/USDT:USDT,0.023176,7430.0,0.023169,1410.0,0.023177,19620.0,0.023178,280.0
1753600200775,07:10:00.775,bybit,ACH/USDT:USDT,0.023176,7430.0,0.023169,1410.0,0.023177,19620.0,0.023178,280.0
1753600200876,07:10:00.876,bybit,ACH/USDT:USDT,0.023176,7430.0,0.023169,1410.0,0.023177,19620.0,0.023178,280.0
1753600200976,07:10:00.976,bybit,ACH/USDT:USDT,0.023176,7430.0,0.023169,1410.0,0.023177,19620.0,0.023178,280.0
1753600202074,07:10:02.074,bybit,ACH/USDT:USDT,0.023176,7430.0,0.023169,1410.0,0.023177,19620.0,0.023178,280.0
1753600202475,07:10:02.475,bybit,ACH/USDT:USDT,0.023176,7430.0,0.023169,1410.0,0.023177,19620.0,0.023178,280.0
1753600202775,07:10:02.775,bybit,ACH/USDT:USDT,0.023176,7430.0,0.023169,1410.0,0.023177,19620.0,0.023178,280.0
1753600204075,07:10:04.075,bybit,ACH/USDT:USDT,0.023176,7430.0,0.023169,1410.0,0.023177,5520.0,0.023178,280.0
1753600204175,07:10:04.175,bybit,ACH/USDT:USDT,0.023176,7430.0,0.023169,1410.0,0.023177,20440.0,0.023178,280.0
1753600204275,07:10:04.275,bybit,ACH/USDT:USDT,0.023176,7430.0,0.023169,1410.0,0.023177,20440.0,0.023178,280.0
1753600204375,07:10:04.375,bybit,ACH/USDT:USDT,0.023176,7430.0,0.023169,1410.0,0.023177,20440.0,0.023178,280.0
1753600205375,07:10:05.375,bybit,ACH/USDT:USDT,0.023176,7430.0,0.023169,1410.0,0.023177,20440.0,0.023178,280.0
1753600205676,07:10:05.676,bybit,ACH/USDT:USDT,0.023176,7430.0,0.023169,1410.0,0.023177,20440.0,0.023178,280.0
1753600206475,07:10:06.475,bybit,ACH/USDT:USDT,0.023176,7430.0,0.023169,1410.0,0.023177,20440.0,0.023178,280.0
1753600207075,07:10:07.075,bybit,ACH/USDT:USDT,0.023176,7430.0,0.023169,1410.0,0.023177,20440.0,0.023178,280.0
1753600207275,07:10:07.275,bybit,ACH/USDT:USDT,0.023176,7430.0,0.023169,1410.0,0.023177,20440.0,0.023178,280.0
1753600209075,07:10:09.075,bybit,ACH/USDT:USDT,0.023176,7430.0,0.023169,1410.0,0.023177,20440.0,0.023178,280.0
1753600209475,07:10:09.475,bybit,ACH/USDT:USDT,0.023176,7430.0,0.023169,1410.0,0.023177,5570.0,0.023178,280.0
1753600209575,07:10:09.575,bybit,ACH/USDT:USDT,0.023176,7430.0,0.023169,1410.0,0.023177,20840.0,0.023178,280.0
1753600209680,07:10:09.680,bybit,ACH/USDT:USDT,0.023176,7430.0,0.023169,1410.0,0.023177,20840.0,0.023178,280.0
1753600210275,07:10:10.275,bybit,ACH/USDT:USDT,0.023176,7430.0,0.023169,1410.0,0.023177,20840.0,0.023178,280.0
1753600210773,07:10:10.773,bybit,ACH/USDT:USDT,0.023176,7430.0,0.023169,1410.0,0.023177,20840.0,0.023178,280.0
1753600211174,07:10:11.174,bybit,ACH/USDT:USDT,0.023176,7430.0,0.023169,1410.0,0.023177,20840.0,0.023178,280.0
1753600211276,07:10:11.276,bybit,ACH/USDT:USDT,0.023176,7430.0,0.023169,1410.0,0.023177,20840.0,0.023178,280.0
1753600211475,07:10:11.475,bybit,ACH/USDT:USDT,0.023176,7430.0,0.023169,1410.0,0.023177,20840.0,0.023178,280.0
1753600211576,07:10:11.576,bybit,ACH/USDT:USDT,0.023176,7430.0,0.023169,1410.0,0.023177,20840.0,0.023178,280.0
1753600211674,07:10:11.674,bybit,ACH/USDT:USDT,0.023176,7430.0,0.023169,1410.0,0.023177,20840.0,0.023178,280.0
1753600211774,07:10:11.774,bybit,ACH/USDT:USDT,0.023176,7430.0,0.023169,1410.0,0.023177,20840.0,0.023178,280.0
1753600211974,07:10:11.974,bybit,ACH/USDT:USDT,0.023176,7430.0,0.023169,1410.0,0.023177,20840.0,0.023178,280.0
1753600212575,07:10:12.575,bybit,ACH/USDT:USDT,0.023176,7430.0,0.023169,1410.0,0.023177,20840.0,0.023178,280.0
1753600212988,07:10:12.988,bybit,ACH/USDT:USDT,0.023176,7430.0,0.023169,1410.0,0.023177,20840.0,0.023178,280.0
1753600213475,07:10:13.475,bybit,ACH/USDT:USDT,0.023176,7430.0,0.023169,1410.0,0.023177,20840.0,0.023178,280.0
1753600213875,07:10:13.875,bybit,ACH/USDT:USDT,0.023176,7430.0,0.023169,1410.0,0.023177,20840.0,0.023178,280.0
1753600214174,07:10:14.174,bybit,ACH/USDT:USDT,0.023176,7430.0,0.023169,1410.0,0.023177,20840.0,0.023178,280.0
1753600214274,07:10:14.274,bybit,ACH/USDT:USDT,0.023176,7430.0,0.023169,1410.0,0.023177,20840.0,0.023178,280.0
1753600214375,07:10:14.375,bybit,ACH/USDT:USDT,0.023176,7430.0,0.023169,1410.0,0.023177,20840.0,0.023178,280.0
1753600214574,07:10:14.574,bybit,ACH/USDT:USDT,0.023176,7430.0,0.023169,1410.0,0.023177,20840.0,0.023178,280.0
1753600214974,07:10:14.974,bybit,ACH/USDT:USDT,0.023176,7430.0,0.023169,1410.0,0.023177,5580.0,0.023178,280.0
1753600215074,07:10:15.074,bybit,ACH/USDT:USDT,0.023176,7430.0,0.023169,1410.0,0.023177,20790.0,0.023178,280.0
1753600215174,07:10:15.174,bybit,ACH/USDT:USDT,0.023176,7430.0,0.023169,1410.0,0.023177,20790.0,0.023178,280.0
1753600215876,07:10:15.876,bybit,ACH/USDT:USDT,0.023176,7430.0,0.023169,1410.0,0.023177,20790.0,0.023178,280.0
1753600216075,07:10:16.075,bybit,ACH/USDT:USDT,0.023176,7430.0,0.023169,1410.0,0.023177,20790.0,0.023178,280.0
1753600216475,07:10:16.475,bybit,ACH/USDT:USDT,0.023176,7430.0,0.023169,1410.0,0.023177,20790.0,0.023178,280.0
1753600216573,07:10:16.573,bybit,ACH/USDT:USDT,0.023176,7430.0,0.023169,1410.0,0.023177,20790.0,0.023178,280.0
1753600216675,07:10:16.675,bybit,ACH/USDT:USDT,0.023176,7430.0,0.023169,1410.0,0.023177,20790.0,0.023178,280.0
1753600216773,07:10:16.773,bybit,ACH/USDT:USDT,0.023176,7430.0,0.023169,1410.0,0.023177,20790.0,0.023178,280.0
1753600217575,07:10:17.575,bybit,ACH/USDT:USDT,0.023176,7430.0,0.023169,1410.0,0.023177,20790.0,0.023178,280.0
1753600217875,07:10:17.875,bybit,ACH/USDT:USDT,0.023176,7430.0,0.023169,1410.0,0.023177,20790.0,0.023178,280.0
1753600217974,07:10:17.974,bybit,ACH/USDT:USDT,0.023176,7430.0,0.023169,1410.0,0.023177,20790.0,0.023178,280.0
1753600218076,07:10:18.076,bybit,ACH/USDT:USDT,0.023157,2510.0,0.023155,1070.0,0.02317,1180.0,0.023176,2390.0
1753600218177,07:10:18.177,bybit,ACH/USDT:USDT,0.023158,1190.0,0.023157,2510.0,0.023168,8280.0,0.023169,1600.0
1753600218275,07:10:18.275,bybit,ACH/USDT:USDT,0.023158,1190.0,0.023157,2510.0,0.023168,9600.0,0.023169,1600.0
1753600218474,07:10:18.474,bybit,ACH/USDT:USDT,0.023158,1650.0,0.023157,2510.0,0.023166,270.0,0.023169,280.0
1753600218574,07:10:18.574,bybit,ACH/USDT:USDT,0.023158,1650.0,0.023157,2510.0,0.023166,270.0,0.023169,280.0
1753600218675,07:10:18.675,bybit,ACH/USDT:USDT,0.023158,1650.0,0.023157,2510.0,0.023166,270.0,0.023169,280.0
1753600218976,07:10:18.976,bybit,ACH/USDT:USDT,0.023162,1650.0,0.023161,340.0,0.023166,270.0,0.023169,280.0
1753600219076,07:10:19.076,bybit,ACH/USDT:USDT,0.023162,1650.0,0.023161,340.0,0.023169,5580.0,0.023174,2600.0
1753600219276,07:10:19.276,bybit,ACH/USDT:USDT,0.023163,1190.0,0.023162,460.0,0.023169,5580.0,0.023174,2600.0
1753600219376,07:10:19.376,bybit,ACH/USDT:USDT,0.023163,1190.0,0.023162,460.0,0.023169,280.0,0.023174,2140.0
1753600219576,07:10:19.576,bybit,ACH/USDT:USDT,0.023164,1530.0,0.023163,460.0,0.023169,530.0,0.023174,2140.0
1753600219674,07:10:19.674,bybit,ACH/USDT:USDT,0.023165,1190.0,0.023164,340.0,0.023169,1030.0,0.023174,2140.0
1753600219774,07:10:19.774,bybit,ACH/USDT:USDT,0.023165,1190.0,0.023164,340.0,0.023169,280.0,0.023174,2140.0
1753600219975,07:10:19.975,bybit,ACH/USDT:USDT,0.023165,1190.0,0.023164,340.0,0.023169,280.0,0.023174,2140.0
1753600220073,07:10:20.073,bybit,ACH/USDT:USDT,0.023165,1190.0,0.023164,340.0,0.023169,280.0,0.023174,2140.0
1753600220375,07:10:20.375,bybit,ACH/USDT:USDT,0.023166,1190.0,0.023164,340.0,0.023169,1030.0,0.023174,2140.0
1753600220475,07:10:20.475,bybit,ACH/USDT:USDT,0.023166,1190.0,0.023164,340.0,0.023169,280.0,0.023174,2140.0
1753600220775,07:10:20.775,bybit,ACH/USDT:USDT,0.023166,1190.0,0.023164,340.0,0.023169,280.0,0.023174,2140.0
1753600220875,07:10:20.875,bybit,ACH/USDT:USDT,0.023166,1190.0,0.023164,340.0,0.023169,500.0,0.023174,2140.0
1753600220976,07:10:20.976,bybit,ACH/USDT:USDT,0.023167,1190.0,0.023164,340.0,0.023172,1430.0,0.023173,270.0
1753600221074,07:10:21.074,bybit,ACH/USDT:USDT,0.023168,1190.0,0.023164,340.0,0.023172,250.0,0.023173,270.0
1753600221176,07:10:21.176,bybit,ACH/USDT:USDT,0.023169,1190.0,0.023166,340.0,0.023173,5810.0,0.023174,280.0
1753600221275,07:10:21.275,bybit,ACH/USDT:USDT,0.023169,1190.0,0.023166,340.0,0.023173,5810.0,0.023174,280.0
1753600221375,07:10:21.375,bybit,ACH/USDT:USDT,0.02317,1190.0,0.023166,340.0,0.023173,8580.0,0.023174,280.0
1753600221682,07:10:21.682,bybit,ACH/USDT:USDT,0.023171,1190.0,0.023166,340.0,0.023173,8580.0,0.023174,280.0
1753600221775,07:10:21.775,bybit,ACH/USDT:USDT,0.023171,1190.0,0.023166,340.0,0.023173,8580.0,0.023174,280.0
1753600221875,07:10:21.875,bybit,ACH/USDT:USDT,0.023171,1190.0,0.023166,340.0,0.023173,8580.0,0.023174,280.0
1753600221975,07:10:21.975,bybit,ACH/USDT:USDT,0.023171,1190.0,0.023166,340.0,0.023173,8310.0,0.023174,280.0
1753600222074,07:10:22.074,bybit,ACH/USDT:USDT,0.023172,1190.0,0.023171,1190.0,0.023173,8310.0,0.023174,280.0
1753600222174,07:10:22.174,bybit,ACH/USDT:USDT,0.023172,1190.0,0.023166,340.0,0.023173,8310.0,0.023174,280.0
1753600222274,07:10:22.274,bybit,ACH/USDT:USDT,0.023172,1190.0,0.023166,340.0,0.023173,8310.0,0.023174,280.0
1753600222574,07:10:22.574,bybit,ACH/USDT:USDT,0.023172,1190.0,0.023168,340.0,0.023173,250.0,0.023174,280.0
1753600222675,07:10:22.675,bybit,ACH/USDT:USDT,0.023172,1190.0,0.023168,340.0,0.023173,750.0,0.023177,2570.0
1753600223175,07:10:23.175,bybit,ACH/USDT:USDT,0.023172,1190.0,0.023168,340.0,0.023173,750.0,0.023177,2570.0
1753600223275,07:10:23.275,bybit,ACH/USDT:USDT,0.023172,1190.0,0.023168,340.0,0.023173,750.0,0.023177,2570.0
1753600223374,07:10:23.374,bybit,ACH/USDT:USDT,0.023172,1190.0,0.023168,340.0,0.023173,1410.0,0.023177,2570.0
1753600223474,07:10:23.474,bybit,ACH/USDT:USDT,0.023172,1190.0,0.023168,340.0,0.023173,750.0,0.023177,2570.0
1753600223574,07:10:23.574,bybit,ACH/USDT:USDT,0.023172,1190.0,0.023168,340.0,0.023173,750.0,0.023177,2570.0
1753600223874,07:10:23.874,bybit,ACH/USDT:USDT,0.023172,1190.0,0.023168,340.0,0.023173,1080.0,0.023177,2570.0
1753600224075,07:10:24.075,bybit,ACH/USDT:USDT,0.023172,1190.0,0.023168,340.0,0.023173,750.0,0.023177,2570.0
1753600224176,07:10:24.176,bybit,ACH/USDT:USDT,0.023172,1190.0,0.023168,340.0,0.023173,750.0,0.023177,2570.0
1753600224274,07:10:24.274,bybit,ACH/USDT:USDT,0.023172,1190.0,0.023168,340.0,0.023173,500.0,0.023177,2570.0
1753600224575,07:10:24.575,bybit,ACH/USDT:USDT,0.023172,1190.0,0.023168,340.0,0.023173,500.0,0.023177,2570.0
1753600224875,07:10:24.875,bybit,ACH/USDT:USDT,0.023172,1190.0,0.023168,340.0,0.023173,500.0,0.023177,2570.0
1753600225074,07:10:25.074,bybit,ACH/USDT:USDT,0.023172,1190.0,0.023168,340.0,0.023173,830.0,0.023177,2570.0
1753600225275,07:10:25.275,bybit,ACH/USDT:USDT,0.023172,1190.0,0.023168,340.0,0.023173,830.0,0.023177,2570.0
1753600225375,07:10:25.375,bybit,ACH/USDT:USDT,0.023172,1190.0,0.023168,340.0,0.023173,830.0,0.023177,2570.0
1753600225575,07:10:25.575,bybit,ACH/USDT:USDT,0.023172,1190.0,0.023168,340.0,0.023173,830.0,0.023177,2570.0
1753600225676,07:10:25.676,bybit,ACH/USDT:USDT,0.023172,1190.0,0.023168,340.0,0.023173,830.0,0.023177,2570.0
1753600225875,07:10:25.875,bybit,ACH/USDT:USDT,0.023172,1190.0,0.023168,340.0,0.023173,830.0,0.023177,2570.0
1753600225974,07:10:25.974,bybit,ACH/USDT:USDT,0.023172,1190.0,0.023168,340.0,0.023173,830.0,0.023177,2570.0
1753600226275,07:10:26.275,bybit,ACH/USDT:USDT,0.023172,1190.0,0.023168,340.0,0.023173,830.0,0.023177,2570.0
1753600226375,07:10:26.375,bybit,ACH/USDT:USDT,0.023172,1190.0,0.023168,340.0,0.023173,830.0,0.023177,2570.0
1753600226575,07:10:26.575,bybit,ACH/USDT:USDT,0.023172,1190.0,0.023168,340.0,0.023173,830.0,0.023177,2570.0
1753600226675,07:10:26.675,bybit,ACH/USDT:USDT,0.023172,1190.0,0.023168,340.0,0.023173,2270.0,0.023177,2570.0
1753600226775,07:10:26.775,bybit,ACH/USDT:USDT,0.023172,1190.0,0.023168,340.0,0.023173,3710.0,0.023177,2570.0
1753600226873,07:10:26.873,bybit,ACH/USDT:USDT,0.023172,1190.0,0.023168,340.0,0.023173,3710.0,0.023177,2800.0
1753600227177,07:10:27.177,bybit,ACH/USDT:USDT,0.023172,1190.0,0.023168,340.0,0.023173,6150.0,0.023177,2800.0
1753600227275,07:10:27.275,bybit,ACH/USDT:USDT,0.023166,340.0,0.023164,340.0,0.023172,1180.0,0.023173,6150.0
1753600227375,07:10:27.375,bybit,ACH/USDT:USDT,0.023164,340.0,0.023162,340.0,0.02317,1180.0,0.023171,1210.0
1753600227474,07:10:27.474,bybit,ACH/USDT:USDT,0.023164,340.0,0.023162,340.0,0.023169,270.0,0.023173,280.0
1753600227574,07:10:27.574,bybit,ACH/USDT:USDT,0.023164,340.0,0.023162,340.0,0.023169,270.0,0.023173,280.0
1753600227677,07:10:27.677,bybit,ACH/USDT:USDT,0.023164,340.0,0.023162,340.0,0.023168,1180.0,0.023169,270.0
1753600227774,07:10:27.774,bybit,ACH/USDT:USDT,0.023162,340.0,0.023161,340.0,0.023167,1180.0,0.023169,270.0
1753600227875,07:10:27.875,bybit,ACH/USDT:USDT,0.023162,340.0,0.023161,340.0,0.023167,1180.0,0.023169,270.0
1753600228075,07:10:28.075,bybit,ACH/USDT:USDT,0.023162,340.0,0.023161,340.0,0.023166,1180.0,0.023169,270.0
1753600228176,07:10:28.176,bybit,ACH/USDT:USDT,0.023162,340.0,0.023161,340.0,0.023166,1180.0,0.023169,270.0
1753600228274,07:10:28.274,bybit,ACH/USDT:USDT,0.023162,340.0,0.023161,340.0,0.023166,1180.0,0.023169,270.0
1753600228374,07:10:28.374,bybit,ACH/USDT:USDT,0.023162,340.0,0.023161,340.0,0.023166,1180.0,0.023169,270.0
1753600228575,07:10:28.575,bybit,ACH/USDT:USDT,0.023162,340.0,0.023161,340.0,0.023166,1180.0,0.023169,270.0
1753600228974,07:10:28.974,bybit,ACH/USDT:USDT,0.023162,340.0,0.023161,340.0,0.023166,1180.0,0.023169,270.0
1753600229475,07:10:29.475,bybit,ACH/USDT:USDT,0.023163,1190.0,0.023162,340.0,0.023169,270.0,0.023173,280.0
1753600229573,07:10:29.573,bybit,ACH/USDT:USDT,0.023163,1190.0,0.023162,340.0,0.023169,270.0,0.023173,280.0
1753600229679,07:10:29.679,bybit,ACH/USDT:USDT,0.023163,1190.0,0.023162,340.0,0.023169,270.0,0.023173,280.0
1753600229774,07:10:29.774,bybit,ACH/USDT:USDT,0.023163,1190.0,0.023162,340.0,0.023169,270.0,0.023173,280.0
1753600229975,07:10:29.975,bybit,ACH/USDT:USDT,0.023163,1190.0,0.023162,340.0,0.023169,270.0,0.023173,280.0
1753600230275,07:10:30.275,bybit,ACH/USDT:USDT,0.023163,1190.0,0.023162,340.0,0.023169,270.0,0.023173,280.0
1753600230474,07:10:30.474,bybit,ACH/USDT:USDT,0.023164,1190.0,0.023162,340.0,0.023169,270.0,0.023173,280.0
1753600230575,07:10:30.575,bybit,ACH/USDT:USDT,0.023165,1190.0,0.023164,1540.0,0.023169,270.0,0.023173,280.0
1753600230674,07:10:30.674,bybit,ACH/USDT:USDT,0.023167,1190.0,0.023166,1550.0,0.023173,280.0,0.023177,2570.0
1753600230774,07:10:30.774,bybit,ACH/USDT:USDT,0.023168,1200.0,0.023166,1220.0,0.023173,280.0,0.023177,2570.0
1753600230876,07:10:30.876,bybit,ACH/USDT:USDT,0.02317,1200.0,0.023169,1650.0,0.023173,280.0,0.023177,2570.0
1753600230975,07:10:30.975,bybit,ACH/USDT:USDT,0.023171,1190.0,0.023169,460.0,0.023176,270.0,0.023177,2850.0
1753600231074,07:10:31.074,bybit,ACH/USDT:USDT,0.023172,1190.0,0.023169,460.0,0.023176,270.0,0.023177,2850.0
1753600231173,07:10:31.173,bybit,ACH/USDT:USDT,0.023172,1190.0,0.023169,460.0,0.023176,270.0,0.023177,2850.0
1753600231374,07:10:31.374,bybit,ACH/USDT:USDT,0.023172,1190.0,0.023169,460.0,0.023176,270.0,0.023177,2850.0
1753600231475,07:10:31.475,bybit,ACH/USDT:USDT,0.023173,1190.0,0.023169,460.0,0.023177,2850.0,0.023178,280.0
