timestamp,time,exchange,symbol,bid1_price,bid1_volume,bid2_price,bid2_volume,ask1_price,ask1_volume,ask2_price,ask2_volume
1753599983357,07:06:23.357,blofin,1INCH/USDT:USDT,0.2891,3.0,0.289,410.0,0.2892,7861.0,0.2893,1.0
1753599983859,07:06:23.859,blofin,1INCH/USDT:USDT,0.2891,3.0,0.289,410.0,0.2892,7864.0,0.2893,1.0
1753599984360,07:06:24.360,blofin,1INCH/USDT:USDT,0.2891,3.0,0.289,1979.0,0.2892,895.0,0.2893,1.0
1753599985190,07:06:25.190,blofin,1INCH/USDT:USDT,0.2891,2.0,0.289,1982.0,0.2892,895.0,0.2893,1.0
1753599985862,07:06:25.862,blofin,1INCH/USDT:USDT,0.2891,2.0,0.289,1010.0,0.2892,6535.0,0.2893,1.0
1753599986864,07:06:26.864,blofin,1INCH/USDT:USDT,0.2891,2.0,0.289,831.0,0.2892,6535.0,0.2893,1.0
1753599987365,07:06:27.365,blofin,1INCH/USDT:USDT,0.2891,2.0,0.289,831.0,0.2892,6535.0,0.2893,1.0
1753599988188,07:06:28.188,blofin,1INCH/USDT:USDT,0.2891,2.0,0.289,1012.0,0.2892,8179.0,0.2893,1.0
1753599988868,07:06:28.868,blofin,1INCH/USDT:USDT,0.2891,2.0,0.289,1008.0,0.2892,8179.0,0.2893,6759.0
1753599989870,07:06:29.870,blofin,1INCH/USDT:USDT,0.2891,2.0,0.289,830.0,0.2892,8175.0,0.2893,6759.0
1753599991373,07:06:31.373,blofin,1INCH/USDT:USDT,0.2889,574.0,0.2885,84579.0,0.2891,1716.0,0.2892,70361.0
1753599991876,07:06:31.876,blofin,1INCH/USDT:USDT,0.2889,574.0,0.2885,84579.0,0.2891,1716.0,0.2892,70361.0
1753599993877,07:06:33.877,blofin,1INCH/USDT:USDT,0.2889,557.0,0.2885,108276.0,0.2891,3349.0,0.2893,1.0
1753599994377,07:06:34.377,blofin,1INCH/USDT:USDT,0.2889,558.0,0.2886,19489.0,0.2891,3289.0,0.2893,1.0
1753599995192,07:06:35.192,blofin,1INCH/USDT:USDT,0.2889,559.0,0.2886,19489.0,0.2891,3290.0,0.2893,1.0
1753599995879,07:06:35.879,blofin,1INCH/USDT:USDT,0.2889,557.0,0.2886,89343.0,0.2891,3289.0,0.2893,1.0
1753599996381,07:06:36.381,blofin,1INCH/USDT:USDT,0.2889,557.0,0.2884,126620.0,0.2891,1114.0,0.2893,76436.0
1753599996886,07:06:36.886,blofin,1INCH/USDT:USDT,0.2889,556.0,0.2884,126620.0,0.2891,1114.0,0.2893,76436.0
1753599997383,07:06:37.383,blofin,1INCH/USDT:USDT,0.2889,471.0,0.2884,29649.0,0.2891,3745.0,0.2893,1.0
1753599998194,07:06:38.194,blofin,1INCH/USDT:USDT,0.2889,715.0,0.2885,6974.0,0.2891,1588.0,0.2892,101074.0
1753599998883,07:06:38.883,blofin,1INCH/USDT:USDT,0.2889,715.0,0.2885,6974.0,0.2891,1588.0,0.2892,101074.0
1753599999385,07:06:39.385,blofin,1INCH/USDT:USDT,0.2889,705.0,0.2888,29967.0,0.2891,1588.0,0.2893,1.0
1753600000197,07:06:40.197,blofin,1INCH/USDT:USDT,0.2889,705.0,0.2888,29967.0,0.2891,1588.0,0.2893,1.0
1753600001399,07:06:41.399,blofin,1INCH/USDT:USDT,0.2889,1895.0,0.2885,45238.0,0.2891,3909.0,0.2893,1.0
1753600001885,07:06:41.885,blofin,1INCH/USDT:USDT,0.2889,1897.0,0.2885,45238.0,0.2891,3909.0,0.2893,1.0
1753600002387,07:06:42.387,blofin,1INCH/USDT:USDT,0.2889,1866.0,0.2888,89310.0,0.2891,4973.0,0.2892,118845.0
1753600003200,07:06:43.200,blofin,1INCH/USDT:USDT,0.2889,1866.0,0.2887,29978.0,0.2891,10105.0,0.2893,1.0
1753600004388,07:06:44.388,blofin,1INCH/USDT:USDT,0.2889,2154.0,0.2884,154827.0,0.2891,10573.0,0.2893,1.0
1753600005217,07:06:45.217,blofin,1INCH/USDT:USDT,0.2889,2158.0,0.2884,134929.0,0.2891,10579.0,0.2894,83719.0
1753600005891,07:06:45.891,blofin,1INCH/USDT:USDT,0.2889,1870.0,0.2888,107156.0,0.2891,10578.0,0.2892,96702.0
1753600006395,07:06:46.395,blofin,1INCH/USDT:USDT,0.2889,1602.0,0.2886,12888.0,0.2891,10579.0,0.2894,114774.0
1753600006891,07:06:46.891,blofin,1INCH/USDT:USDT,0.2889,1602.0,0.2886,12888.0,0.2891,10577.0,0.2894,114774.0
1753600007642,07:06:47.642,blofin,1INCH/USDT:USDT,0.2889,8.0,0.2888,81917.0,0.289,3157.0,0.2891,5.0
1753600008204,07:06:48.204,blofin,1INCH/USDT:USDT,0.2889,8.0,0.2888,1149.0,0.289,1903.0,0.2891,5.0
1753600008894,07:06:48.894,blofin,1INCH/USDT:USDT,0.2889,4.0,0.2888,1154.0,0.289,1903.0,0.2891,5.0
1753600009394,07:06:49.394,blofin,1INCH/USDT:USDT,0.2889,4.0,0.2888,738.0,0.289,6491.0,0.2891,5.0
1753600009894,07:06:49.894,blofin,1INCH/USDT:USDT,0.2889,4.0,0.2888,738.0,0.289,6491.0,0.2891,5.0
1753600010395,07:06:50.395,blofin,1INCH/USDT:USDT,0.2889,4.0,0.2888,736.0,0.289,6491.0,0.2891,54766.0
1753600011207,07:06:51.207,blofin,1INCH/USDT:USDT,0.2889,4.0,0.2888,183.0,0.289,6957.0,0.2891,5.0
1753600011900,07:06:51.900,blofin,1INCH/USDT:USDT,0.2889,4.0,0.2888,183.0,0.289,6958.0,0.2891,5.0
1753600012399,07:06:52.399,blofin,1INCH/USDT:USDT,0.2889,4.0,0.2888,858.0,0.289,6491.0,0.2891,81833.0
1753600013208,07:06:53.208,blofin,1INCH/USDT:USDT,0.2889,4.0,0.2888,590.0,0.289,6490.0,0.2891,5.0
1753600013401,07:06:53.401,blofin,1INCH/USDT:USDT,0.2889,4.0,0.2888,590.0,0.289,6490.0,0.2891,5.0
1753600014402,07:06:54.402,blofin,1INCH/USDT:USDT,0.2889,4.0,0.2888,186.0,0.289,11881.0,0.2891,5.0
1753600014904,07:06:54.904,blofin,1INCH/USDT:USDT,0.2889,4.0,0.2888,186.0,0.289,11881.0,0.2891,5.0
1753600015403,07:06:55.403,blofin,1INCH/USDT:USDT,0.2889,4.0,0.2888,606.0,0.289,11891.0,0.2891,100307.0
1753600016029,07:06:56.029,blofin,1INCH/USDT:USDT,0.2889,7.0,0.2888,96018.0,0.289,5.0,0.2891,12473.0
1753600016907,07:06:56.907,blofin,1INCH/USDT:USDT,0.2889,20640.0,0.2884,15909.0,0.289,5.0,0.2891,1150.0
1753600017480,07:06:57.480,blofin,1INCH/USDT:USDT,0.2889,4.0,0.2888,995.0,0.289,1645.0,0.2891,5.0
1753600017907,07:06:57.907,blofin,1INCH/USDT:USDT,0.2889,4.0,0.2888,995.0,0.289,1645.0,0.2891,5.0
1753600018409,07:06:58.409,blofin,1INCH/USDT:USDT,0.2889,4.0,0.2888,4.0,0.289,1350.0,0.2891,5.0
1753600019215,07:06:59.215,blofin,1INCH/USDT:USDT,0.2889,4.0,0.2888,8.0,0.289,2319.0,0.2891,5.0
1753600020410,07:07:00.410,blofin,1INCH/USDT:USDT,0.2889,4.0,0.2888,8.0,0.289,1819.0,0.2891,74864.0
1753600021223,07:07:01.223,blofin,1INCH/USDT:USDT,0.2888,76136.0,0.2883,36991.0,0.289,2501.0,0.2891,61692.0
1753600021912,07:07:01.912,blofin,1INCH/USDT:USDT,0.2888,4.0,0.2883,61628.0,0.289,2500.0,0.2891,132096.0
1753600022412,07:07:02.412,blofin,1INCH/USDT:USDT,0.2888,47.0,0.2887,40042.0,0.289,2331.0,0.2891,5.0
1753600022913,07:07:02.913,blofin,1INCH/USDT:USDT,0.2888,47.0,0.2887,40042.0,0.289,2331.0,0.2891,5.0
1753600023413,07:07:03.413,blofin,1INCH/USDT:USDT,0.2888,47.0,0.2887,75539.0,0.289,3077.0,0.2891,5.0
1753600024415,07:07:04.415,blofin,1INCH/USDT:USDT,0.2885,2.0,0.2884,3938.0,0.2888,674.0,0.2889,77798.0
1753600024979,07:07:04.979,blofin,1INCH/USDT:USDT,0.2885,978.0,0.2884,59746.0,0.2888,275.0,0.289,1.0
1753600025625,07:07:05.625,blofin,1INCH/USDT:USDT,0.2885,980.0,0.2883,28759.0,0.2888,3926.0,0.2891,5.0
1753600026090,07:07:06.090,blofin,1INCH/USDT:USDT,0.2885,977.0,0.2882,27562.0,0.2887,4695.0,0.2888,4.0
1753600026882,07:07:06.882,blofin,1INCH/USDT:USDT,0.2885,1.0,0.2884,977.0,0.2886,8272.0,0.2888,4.0
1753600027419,07:07:07.419,blofin,1INCH/USDT:USDT,0.2884,982.0,0.2883,51229.0,0.2886,8272.0,0.2887,43995.0
1753600027921,07:07:07.921,blofin,1INCH/USDT:USDT,0.2884,982.0,0.2883,51229.0,0.2886,8273.0,0.2887,43995.0
1753600028422,07:07:08.422,blofin,1INCH/USDT:USDT,0.2882,3009.0,0.288,13035.0,0.2884,6527.0,0.2885,54552.0
1753600029221,07:07:09.221,blofin,1INCH/USDT:USDT,0.2882,6572.0,0.2881,2264.0,0.2884,6.0,0.2886,1.0
1753600029501,07:07:09.501,blofin,1INCH/USDT:USDT,0.2884,2699.0,0.2882,2998.0,0.2886,7.0,0.289,1524.0
1753600030422,07:07:10.422,blofin,1INCH/USDT:USDT,0.2882,4531.0,0.288,13035.0,0.2884,2773.0,0.2886,92364.0
1753600030924,07:07:10.924,blofin,1INCH/USDT:USDT,0.2882,4532.0,0.288,13035.0,0.2884,2773.0,0.2886,92364.0
1753600031424,07:07:11.424,blofin,1INCH/USDT:USDT,0.2882,2997.0,0.2881,1338.0,0.2884,88.0,0.2886,63658.0
1753600032139,07:07:12.139,blofin,1INCH/USDT:USDT,0.2882,6504.0,0.288,13035.0,0.2884,1262.0,0.2885,29761.0
1753600032431,07:07:12.431,blofin,1INCH/USDT:USDT,0.2884,3507.0,0.2882,2997.0,0.2886,1259.0,0.2887,2991.0
1753600033301,07:07:13.301,blofin,1INCH/USDT:USDT,0.2884,886.0,0.2882,2997.0,0.2886,1.0,0.2887,2300.0
1753600033428,07:07:13.428,blofin,1INCH/USDT:USDT,0.2884,886.0,0.2882,2997.0,0.2887,2302.0,0.289,3905.0
1753600034929,07:07:14.929,blofin,1INCH/USDT:USDT,0.2884,1424.0,0.2882,2996.0,0.2887,4409.0,0.2889,93339.0
1753600035399,07:07:15.399,blofin,1INCH/USDT:USDT,0.2884,972.0,0.2881,61589.0,0.2886,3895.0,0.2887,6.0
1753600036225,07:07:16.225,blofin,1INCH/USDT:USDT,0.2884,936.0,0.2881,10326.0,0.2886,452.0,0.2887,2.0
1753600036933,07:07:16.933,blofin,1INCH/USDT:USDT,0.2884,2.0,0.2883,596.0,0.2886,1297.0,0.2887,2.0
1753600037435,07:07:17.435,blofin,1INCH/USDT:USDT,0.2884,2.0,0.2883,599.0,0.2886,2159.0,0.2887,2.0
1753600038436,07:07:18.436,blofin,1INCH/USDT:USDT,0.2884,2.0,0.2883,867.0,0.2886,2076.0,0.2887,2.0
1753600039226,07:07:19.226,blofin,1INCH/USDT:USDT,0.2884,2.0,0.2883,1147.0,0.2886,1615.0,0.2887,2.0
1753600039438,07:07:19.438,blofin,1INCH/USDT:USDT,0.2884,2.0,0.2883,1147.0,0.2886,1616.0,0.2887,2.0
1753600040440,07:07:20.440,blofin,1INCH/USDT:USDT,0.2884,2.0,0.2883,1149.0,0.2886,1306.0,0.2887,2.0
1753600040940,07:07:20.940,blofin,1INCH/USDT:USDT,0.2884,2.0,0.2883,1149.0,0.2886,1305.0,0.2887,2.0
1753600041393,07:07:21.393,blofin,1INCH/USDT:USDT,0.2884,2.0,0.2883,1149.0,0.2885,1093.0,0.2886,2.0
1753600041942,07:07:21.942,blofin,1INCH/USDT:USDT,0.2884,2.0,0.2883,1149.0,0.2885,1096.0,0.2887,85983.0
1753600042443,07:07:22.443,blofin,1INCH/USDT:USDT,0.2884,2.0,0.2883,609.0,0.2885,210.0,0.2887,2.0
1753600043231,07:07:23.231,blofin,1INCH/USDT:USDT,0.2884,2.0,0.2883,609.0,0.2885,125.0,0.2886,76003.0
1753600043944,07:07:23.944,blofin,1INCH/USDT:USDT,0.2884,2.0,0.2883,608.0,0.2885,125.0,0.2886,76003.0
1753600044445,07:07:24.445,blofin,1INCH/USDT:USDT,0.2884,2.0,0.2883,13.0,0.2885,3024.0,0.2887,2.0
1753600044947,07:07:24.947,blofin,1INCH/USDT:USDT,0.2884,2.0,0.2883,13.0,0.2885,3024.0,0.2887,2.0
1753600045451,07:07:25.451,blofin,1INCH/USDT:USDT,0.2884,2.0,0.2883,18.0,0.2885,2400.0,0.2886,51041.0
1753600046234,07:07:26.234,blofin,1INCH/USDT:USDT,0.2884,2.0,0.2883,18.0,0.2885,3340.0,0.2887,2.0
1753600046431,07:07:26.431,blofin,1INCH/USDT:USDT,0.2884,2.0,0.2883,5.0,0.2885,1705.0,0.2887,135601.0
1753600047451,07:07:27.451,blofin,1INCH/USDT:USDT,0.2882,869.0,0.2879,3902.0,0.2884,340.0,0.2885,2.0
1753600047951,07:07:27.951,blofin,1INCH/USDT:USDT,0.2882,872.0,0.2879,3902.0,0.2884,340.0,0.2885,2.0
1753600048551,07:07:28.551,blofin,1INCH/USDT:USDT,0.2882,5.0,0.288,5673.0,0.2884,3897.0,0.2885,2.0
1753600049029,07:07:29.029,blofin,1INCH/USDT:USDT,0.2881,5733.0,0.288,1.0,0.2883,2844.0,0.2885,2.0
1753600049452,07:07:29.452,blofin,1INCH/USDT:USDT,0.2881,553.0,0.288,54168.0,0.2883,326.0,0.2885,2.0
1753600050237,07:07:30.237,blofin,1INCH/USDT:USDT,0.2881,557.0,0.288,54167.0,0.2883,328.0,0.2887,2.0
1753600050955,07:07:30.955,blofin,1INCH/USDT:USDT,0.2881,285.0,0.2879,72858.0,0.2883,314.0,0.2886,29719.0
1753600051457,07:07:31.457,blofin,1INCH/USDT:USDT,0.2881,532.0,0.2879,3902.0,0.2883,314.0,0.2887,2.0
1753600051956,07:07:31.956,blofin,1INCH/USDT:USDT,0.2881,533.0,0.2879,3902.0,0.2883,314.0,0.2887,2.0
1753600052456,07:07:32.456,blofin,1INCH/USDT:USDT,0.2881,971.0,0.2879,3902.0,0.2883,1461.0,0.2887,2.0
1753600053240,07:07:33.240,blofin,1INCH/USDT:USDT,0.2881,717.0,0.2879,3902.0,0.2883,395.0,0.2887,53939.0
1753600053961,07:07:33.961,blofin,1INCH/USDT:USDT,0.2881,719.0,0.2879,3902.0,0.2883,395.0,0.2887,53939.0
1753600054461,07:07:34.461,blofin,1INCH/USDT:USDT,0.2881,2456.0,0.2879,3902.0,0.2883,464.0,0.2887,13375.0
1753600055769,07:07:35.769,blofin,1INCH/USDT:USDT,0.2881,2452.0,0.2879,3902.0,0.2883,5.0,0.2884,411.0
1753600056243,07:07:36.243,blofin,1INCH/USDT:USDT,0.2882,1189.0,0.2879,3902.0,0.2883,5.0,0.2884,1647.0
1753600056463,07:07:36.463,blofin,1INCH/USDT:USDT,0.2882,1191.0,0.2879,3902.0,0.2883,5.0,0.2884,1647.0
1753600057242,07:07:37.242,blofin,1INCH/USDT:USDT,0.2882,1190.0,0.2879,3902.0,0.2883,5.0,0.2884,1603.0
1753600057966,07:07:37.966,blofin,1INCH/USDT:USDT,0.2882,1190.0,0.2879,3902.0,0.2884,1606.0,0.2887,114785.0
1753600058424,07:07:38.424,blofin,1INCH/USDT:USDT,0.2882,3344.0,0.2879,54349.0,0.2884,3.0,0.2885,8.0
1753600059243,07:07:39.243,blofin,1INCH/USDT:USDT,0.2883,1235.0,0.2879,42223.0,0.2884,3.0,0.2885,2875.0
1753600059471,07:07:39.471,blofin,1INCH/USDT:USDT,0.2883,1235.0,0.2879,42223.0,0.2884,3.0,0.2885,2875.0
1753600060246,07:07:40.246,blofin,1INCH/USDT:USDT,0.2883,1235.0,0.2879,42223.0,0.2885,2879.0,0.2887,2.0
1753600060472,07:07:40.472,blofin,1INCH/USDT:USDT,0.2883,829.0,0.2879,98852.0,0.2885,3632.0,0.2887,101805.0
1753600061474,07:07:41.474,blofin,1INCH/USDT:USDT,0.2883,831.0,0.2882,74225.0,0.2885,3584.0,0.2887,28281.0
1753600061972,07:07:41.972,blofin,1INCH/USDT:USDT,0.2883,830.0,0.2882,74225.0,0.2885,3584.0,0.2887,28281.0
1753600062475,07:07:42.475,blofin,1INCH/USDT:USDT,0.2883,2141.0,0.2879,14668.0,0.2885,3558.0,0.2887,2.0
1753600062975,07:07:42.975,blofin,1INCH/USDT:USDT,0.2883,2142.0,0.2879,14668.0,0.2885,3558.0,0.2887,2.0
1753600063476,07:07:43.476,blofin,1INCH/USDT:USDT,0.2883,1076.0,0.288,24160.0,0.2885,3636.0,0.2887,2.0
1753600064249,07:07:44.249,blofin,1INCH/USDT:USDT,0.2883,1078.0,0.288,44102.0,0.2885,8568.0,0.2886,30988.0
1753600064976,07:07:44.976,blofin,1INCH/USDT:USDT,0.2883,1078.0,0.288,44102.0,0.2885,8566.0,0.2886,30988.0
1753600065519,07:07:45.519,blofin,1INCH/USDT:USDT,0.2883,5.0,0.2882,1076.0,0.2885,8466.0,0.2888,44170.0
1753600066609,07:07:46.609,blofin,1INCH/USDT:USDT,0.2884,826.0,0.2883,5.0,0.2885,10.0,0.2887,8238.0
1753600067250,07:07:47.250,blofin,1INCH/USDT:USDT,0.2884,1417.0,0.2883,5.0,0.2885,5.0,0.2887,4859.0
1753600067481,07:07:47.481,blofin,1INCH/USDT:USDT,0.2884,1417.0,0.2883,5.0,0.2885,5.0,0.2887,4860.0
1753600068254,07:07:48.254,blofin,1INCH/USDT:USDT,0.2884,1247.0,0.2883,27884.0,0.2885,5.0,0.2887,5021.0
1753600069485,07:07:49.485,blofin,1INCH/USDT:USDT,0.2884,839.0,0.2883,5.0,0.2885,5.0,0.2886,1064.0
1753600069985,07:07:49.985,blofin,1INCH/USDT:USDT,0.2884,839.0,0.2883,5.0,0.2885,5.0,0.2886,1067.0
1753600070486,07:07:50.486,blofin,1INCH/USDT:USDT,0.2884,842.0,0.2883,60631.0,0.2885,5.0,0.2886,2971.0
1753600071256,07:07:51.256,blofin,1INCH/USDT:USDT,0.2884,16.0,0.2883,5.0,0.2885,5.0,0.2886,4083.0
1753600071488,07:07:51.488,blofin,1INCH/USDT:USDT,0.2884,16.0,0.2883,5.0,0.2885,5.0,0.2886,4083.0
1753600072494,07:07:52.494,blofin,1INCH/USDT:USDT,0.2884,16.0,0.2883,5.0,0.2885,5.0,0.2886,4085.0
1753600072993,07:07:52.993,blofin,1INCH/USDT:USDT,0.2884,12.0,0.2883,5.0,0.2885,5.0,0.2886,4085.0
1753600073489,07:07:53.489,blofin,1INCH/USDT:USDT,0.2884,12.0,0.2883,5.0,0.2885,5.0,0.2886,4500.0
1753600074255,07:07:54.255,blofin,1INCH/USDT:USDT,0.2884,15.0,0.2883,5.0,0.2885,5.0,0.2886,6053.0
1753600074855,07:07:54.855,blofin,1INCH/USDT:USDT,0.2883,5.0,0.2881,994.0,0.2884,2.0,0.2885,5.0
1753600075492,07:07:55.492,blofin,1INCH/USDT:USDT,0.2883,5.0,0.2881,6675.0,0.2884,3462.0,0.2885,5.0
1753600076493,07:07:56.493,blofin,1INCH/USDT:USDT,0.2881,6260.0,0.2879,90621.0,0.2883,3462.0,0.2885,5.0
1753600077257,07:07:57.257,blofin,1INCH/USDT:USDT,0.2881,1645.0,0.2876,4294.0,0.2883,663.0,0.2885,5.0
1753600077997,07:07:57.997,blofin,1INCH/USDT:USDT,0.2881,1646.0,0.2876,4294.0,0.2883,665.0,0.2885,5.0
1753600078496,07:07:58.496,blofin,1INCH/USDT:USDT,0.2881,1646.0,0.2877,47414.0,0.2883,665.0,0.2885,5.0
1753600079261,07:07:59.261,blofin,1INCH/USDT:USDT,0.2881,1234.0,0.2876,29992.0,0.2883,665.0,0.2885,5.0
1753600079999,07:07:59.999,blofin,1INCH/USDT:USDT,0.2881,1234.0,0.2876,29992.0,0.2883,665.0,0.2885,5.0
1753600080501,07:08:00.501,blofin,1INCH/USDT:USDT,0.2882,1584.0,0.2881,109073.0,0.2884,664.0,0.2885,5.0
1753600081260,07:08:01.260,blofin,1INCH/USDT:USDT,0.2882,869.0,0.2881,3.0,0.2884,1813.0,0.2885,5.0
1753600082505,07:08:02.505,blofin,1INCH/USDT:USDT,0.2882,55.0,0.2881,3.0,0.2884,2464.0,0.2885,5.0
1753600083004,07:08:03.004,blofin,1INCH/USDT:USDT,0.2882,58.0,0.2878,8514.0,0.2884,2464.0,0.2885,5.0
1753600083506,07:08:03.506,blofin,1INCH/USDT:USDT,0.2882,58.0,0.2881,66340.0,0.2884,8144.0,0.2885,5.0
1753600084507,07:08:04.507,blofin,1INCH/USDT:USDT,0.2882,58.0,0.2881,39036.0,0.2884,7603.0,0.2885,5.0
1753600085012,07:08:05.012,blofin,1INCH/USDT:USDT,0.2882,57.0,0.2881,39036.0,0.2884,7603.0,0.2885,5.0
1753600085508,07:08:05.508,blofin,1INCH/USDT:USDT,0.2882,56.0,0.288,87011.0,0.2884,7845.0,0.2885,5.0
1753600086267,07:08:06.267,blofin,1INCH/USDT:USDT,0.2882,56.0,0.288,92883.0,0.2884,7962.0,0.2885,5.0
1753600087514,07:08:07.514,blofin,1INCH/USDT:USDT,0.2882,56.0,0.2877,27363.0,0.2884,2698.0,0.2885,75972.0
1753600088016,07:08:08.016,blofin,1INCH/USDT:USDT,0.2882,56.0,0.2877,27363.0,0.2884,2700.0,0.2885,75972.0
1753600088512,07:08:08.512,blofin,1INCH/USDT:USDT,0.2882,985.0,0.2877,84816.0,0.2884,436.0,0.2885,5.0
1753600089270,07:08:09.270,blofin,1INCH/USDT:USDT,0.2882,890.0,0.2877,88567.0,0.2884,484.0,0.2885,5.0
1753600090016,07:08:10.016,blofin,1INCH/USDT:USDT,0.2882,890.0,0.2877,88567.0,0.2884,486.0,0.2885,5.0
1753600090517,07:08:10.517,blofin,1INCH/USDT:USDT,0.2882,889.0,0.2877,111619.0,0.2884,485.0,0.2885,5.0
1753600091274,07:08:11.274,blofin,1INCH/USDT:USDT,0.2882,1162.0,0.2879,26118.0,0.2884,660.0,0.2885,5.0
1753600091519,07:08:11.519,blofin,1INCH/USDT:USDT,0.2882,1162.0,0.2879,26118.0,0.2884,661.0,0.2885,5.0
1753600092521,07:08:12.521,blofin,1INCH/USDT:USDT,0.2882,1856.0,0.2878,74601.0,0.2884,661.0,0.2885,5.0
1753600093020,07:08:13.020,blofin,1INCH/USDT:USDT,0.2882,1856.0,0.2878,74601.0,0.2884,660.0,0.2885,5.0
1753600094276,07:08:14.276,blofin,1INCH/USDT:USDT,0.2882,1856.0,0.2877,36518.0,0.2884,682.0,0.2885,5.0
1753600095021,07:08:15.021,blofin,1INCH/USDT:USDT,0.2882,1856.0,0.2877,36518.0,0.2884,681.0,0.2885,5.0
1753600095523,07:08:15.523,blofin,1INCH/USDT:USDT,0.2882,1861.0,0.2881,104127.0,0.2884,1202.0,0.2887,84106.0
1753600096024,07:08:16.024,blofin,1INCH/USDT:USDT,0.2882,1861.0,0.2881,104127.0,0.2884,1204.0,0.2887,84106.0
1753600096525,07:08:16.525,blofin,1INCH/USDT:USDT,0.2882,1857.0,0.2878,14532.0,0.2884,965.0,0.2887,102934.0
1753600097279,07:08:17.279,blofin,1INCH/USDT:USDT,0.2882,1857.0,0.288,46578.0,0.2884,1219.0,0.2887,23412.0
1753600097525,07:08:17.525,blofin,1INCH/USDT:USDT,0.2882,1857.0,0.288,46578.0,0.2884,1221.0,0.2887,23412.0
1753600098529,07:08:18.529,blofin,1INCH/USDT:USDT,0.2882,3331.0,0.2877,13911.0,0.2884,973.0,0.2887,23412.0
1753600099035,07:08:19.035,blofin,1INCH/USDT:USDT,0.2882,3331.0,0.2877,13911.0,0.2884,973.0,0.2887,23412.0
1753600099531,07:08:19.531,blofin,1INCH/USDT:USDT,0.2882,3346.0,0.2878,69384.0,0.2884,974.0,0.2887,155860.0
1753600100529,07:08:20.529,blofin,1INCH/USDT:USDT,0.2882,3343.0,0.2877,39821.0,0.2884,977.0,0.2886,73405.0
1753600101031,07:08:21.031,blofin,1INCH/USDT:USDT,0.2882,3343.0,0.2877,39821.0,0.2884,976.0,0.2886,73405.0
1753600101531,07:08:21.531,blofin,1INCH/USDT:USDT,0.2882,3343.0,0.288,48996.0,0.2884,1015.0,0.2886,105020.0
1753600102532,07:08:22.532,blofin,1INCH/USDT:USDT,0.2882,3346.0,0.2878,44604.0,0.2884,1015.0,0.2885,30491.0
1753600103284,07:08:23.284,blofin,1INCH/USDT:USDT,0.2882,1461.0,0.288,104310.0,0.2884,1259.0,0.2887,108836.0
1753600103533,07:08:23.533,blofin,1INCH/USDT:USDT,0.2882,1461.0,0.288,104310.0,0.2884,1262.0,0.2887,108836.0
1753600104536,07:08:24.536,blofin,1INCH/USDT:USDT,0.2882,2935.0,0.2879,50011.0,0.2884,1260.0,0.2885,76771.0
1753600105035,07:08:25.035,blofin,1INCH/USDT:USDT,0.2882,2935.0,0.2879,50011.0,0.2884,1260.0,0.2885,76771.0
1753600105536,07:08:25.536,blofin,1INCH/USDT:USDT,0.2882,2937.0,0.288,56931.0,0.2884,1629.0,0.2887,30887.0
1753600106036,07:08:26.036,blofin,1INCH/USDT:USDT,0.2882,2937.0,0.288,56931.0,0.2884,1628.0,0.2887,30887.0
1753600106537,07:08:26.537,blofin,1INCH/USDT:USDT,0.2882,3207.0,0.2877,8026.0,0.2884,1385.0,0.2887,125451.0
1753600108039,07:08:28.039,blofin,1INCH/USDT:USDT,0.2882,3208.0,0.2878,111099.0,0.2884,1384.0,0.2887,30887.0
1753600108540,07:08:28.540,blofin,1INCH/USDT:USDT,0.2882,2938.0,0.2879,125338.0,0.2884,1384.0,0.2887,30887.0
1753600109041,07:08:29.041,blofin,1INCH/USDT:USDT,0.2882,2938.0,0.2879,125338.0,0.2884,1382.0,0.2887,30887.0
1753600109541,07:08:29.541,blofin,1INCH/USDT:USDT,0.2882,2938.0,0.288,60906.0,0.2884,1382.0,0.2887,33399.0
1753600110290,07:08:30.290,blofin,1INCH/USDT:USDT,0.2882,2938.0,0.288,60906.0,0.2884,1383.0,0.2885,6930.0
1753600110546,07:08:30.546,blofin,1INCH/USDT:USDT,0.2882,2897.0,0.288,95005.0,0.2884,1385.0,0.2885,6930.0
1753600111289,07:08:31.289,blofin,1INCH/USDT:USDT,0.2882,2897.0,0.2879,85193.0,0.2884,1386.0,0.2885,6930.0
1753600112049,07:08:32.049,blofin,1INCH/USDT:USDT,0.2882,2894.0,0.2879,85193.0,0.2884,1386.0,0.2885,6930.0
1753600112546,07:08:32.546,blofin,1INCH/USDT:USDT,0.2882,2896.0,0.2878,22861.0,0.2884,1386.0,0.2885,6930.0
1753600113049,07:08:33.049,blofin,1INCH/USDT:USDT,0.2882,2896.0,0.2878,22861.0,0.2884,1382.0,0.2885,6930.0
1753600113548,07:08:33.548,blofin,1INCH/USDT:USDT,0.2882,2897.0,0.288,16299.0,0.2884,1382.0,0.2885,6930.0
1753600114293,07:08:34.293,blofin,1INCH/USDT:USDT,0.2882,2894.0,0.288,15816.0,0.2884,1801.0,0.2885,6930.0
1753600114904,07:08:34.904,blofin,1INCH/USDT:USDT,0.2882,8.0,0.2881,2886.0,0.2883,2168.0,0.2884,3.0
1753600115292,07:08:35.292,blofin,1INCH/USDT:USDT,0.2882,5.0,0.2881,2890.0,0.2883,2169.0,0.2884,2.0
1753600116051,07:08:36.051,blofin,1INCH/USDT:USDT,0.2882,5.0,0.2881,1847.0,0.2883,106.0,0.2884,2.0
1753600116553,07:08:36.553,blofin,1INCH/USDT:USDT,0.2882,5.0,0.2881,1849.0,0.2883,108.0,0.2884,2.0
1753600117053,07:08:37.053,blofin,1INCH/USDT:USDT,0.2882,5.0,0.2881,1849.0,0.2883,109.0,0.2884,2.0
1753600117554,07:08:37.554,blofin,1INCH/USDT:USDT,0.2882,5.0,0.2881,2849.0,0.2883,653.0,0.2884,2.0
1753600118055,07:08:38.055,blofin,1INCH/USDT:USDT,0.2882,5.0,0.2881,2849.0,0.2883,653.0,0.2884,2.0
1753600118556,07:08:38.556,blofin,1INCH/USDT:USDT,0.2882,5.0,0.2881,2848.0,0.2883,2558.0,0.2884,2.0
1753600119293,07:08:39.293,blofin,1INCH/USDT:USDT,0.2882,5.0,0.2881,3115.0,0.2883,2748.0,0.2884,2.0
1753600120057,07:08:40.057,blofin,1INCH/USDT:USDT,0.2882,5.0,0.2881,3115.0,0.2883,2750.0,0.2884,2.0
1753600120557,07:08:40.557,blofin,1INCH/USDT:USDT,0.2882,5.0,0.2881,4385.0,0.2883,2746.0,0.2884,2.0
1753600121051,07:08:41.051,blofin,1INCH/USDT:USDT,0.2883,1077.0,0.2882,85744.0,0.2884,2.0,0.2885,7220.0
1753600121561,07:08:41.561,blofin,1INCH/USDT:USDT,0.2883,1843.0,0.2882,5.0,0.2884,2.0,0.2885,4.0
1753600122296,07:08:42.296,blofin,1INCH/USDT:USDT,0.2883,1427.0,0.2882,5.0,0.2884,2.0,0.2885,4.0
1753600122562,07:08:42.562,blofin,1INCH/USDT:USDT,0.2883,1427.0,0.2882,5.0,0.2884,2.0,0.2885,4.0
1753600124064,07:08:44.064,blofin,1INCH/USDT:USDT,0.2883,1602.0,0.2882,5.0,0.2884,2.0,0.2885,1153.0
1753600124566,07:08:44.566,blofin,1INCH/USDT:USDT,0.2883,1602.0,0.2882,60644.0,0.2884,2.0,0.2885,1162.0
1753600125311,07:08:45.311,blofin,1INCH/USDT:USDT,0.2883,1605.0,0.2882,60639.0,0.2885,1164.0,0.2888,7020.0
1753600125567,07:08:45.567,blofin,1INCH/USDT:USDT,0.2883,1607.0,0.2881,41150.0,0.2885,1162.0,0.2886,76589.0
1753600126298,07:08:46.298,blofin,1INCH/USDT:USDT,0.2883,1607.0,0.2879,2374.0,0.2885,1163.0,0.2887,49440.0
1753600126569,07:08:46.569,blofin,1INCH/USDT:USDT,0.2883,1609.0,0.2879,2374.0,0.2885,1163.0,0.2887,49440.0
1753600127570,07:08:47.570,blofin,1INCH/USDT:USDT,0.2884,2013.0,0.2883,41482.0,0.2885,2.0,0.2886,1160.0
1753600128070,07:08:48.070,blofin,1INCH/USDT:USDT,0.2884,2013.0,0.2883,41482.0,0.2885,2.0,0.2886,1160.0
1753600128572,07:08:48.572,blofin,1INCH/USDT:USDT,0.2884,1426.0,0.2883,8.0,0.2885,2.0,0.2886,454.0
1753600129301,07:08:49.301,blofin,1INCH/USDT:USDT,0.2884,1426.0,0.2883,8.0,0.2885,2.0,0.2886,472.0
1753600131073,07:08:51.073,blofin,1INCH/USDT:USDT,0.2884,832.0,0.2883,3.0,0.2885,2.0,0.2886,656.0
1753600131573,07:08:51.573,blofin,1INCH/USDT:USDT,0.2884,1460.0,0.2883,3.0,0.2885,2.0,0.2886,656.0
1753600132576,07:08:52.576,blofin,1INCH/USDT:USDT,0.2884,1867.0,0.2883,4683.0,0.2885,2.0,0.2886,475.0
1753600133305,07:08:53.305,blofin,1INCH/USDT:USDT,0.2884,1637.0,0.2883,3.0,0.2885,2.0,0.2886,652.0
1753600133578,07:08:53.578,blofin,1INCH/USDT:USDT,0.2884,1637.0,0.2883,3.0,0.2885,2.0,0.2886,653.0
1753600134307,07:08:54.307,blofin,1INCH/USDT:USDT,0.2884,1637.0,0.2883,3.0,0.2885,2.0,0.2886,653.0
1753600135580,07:08:55.580,blofin,1INCH/USDT:USDT,0.2884,1638.0,0.2883,75604.0,0.2885,2.0,0.2886,651.0
1753600136081,07:08:56.081,blofin,1INCH/USDT:USDT,0.2884,1638.0,0.2883,75604.0,0.2885,2.0,0.2886,651.0
1753600136582,07:08:56.582,blofin,1INCH/USDT:USDT,0.2884,37.0,0.2883,3.0,0.2885,2.0,0.2886,1043.0
1753600137307,07:08:57.307,blofin,1INCH/USDT:USDT,0.2884,1558.0,0.2883,45454.0,0.2885,2.0,0.2886,650.0
1753600137584,07:08:57.584,blofin,1INCH/USDT:USDT,0.2884,1558.0,0.2883,45454.0,0.2885,2.0,0.2886,650.0
1753600138310,07:08:58.310,blofin,1INCH/USDT:USDT,0.2884,1734.0,0.2883,3.0,0.2885,2.0,0.2886,650.0
1753600139086,07:08:59.086,blofin,1INCH/USDT:USDT,0.2884,1733.0,0.2883,3.0,0.2885,2.0,0.2886,650.0
1753600139585,07:08:59.585,blofin,1INCH/USDT:USDT,0.2884,1591.0,0.2883,3.0,0.2885,2.0,0.2886,650.0
1753600140312,07:09:00.312,blofin,1INCH/USDT:USDT,0.2884,1590.0,0.2883,3.0,0.2885,2.0,0.2886,652.0
1753600141312,07:09:01.312,blofin,1INCH/USDT:USDT,0.2884,586.0,0.2883,3.0,0.2885,2.0,0.2886,1819.0
1753600142089,07:09:02.089,blofin,1INCH/USDT:USDT,0.2884,586.0,0.2883,3.0,0.2885,2.0,0.2886,1822.0
1753600142586,07:09:02.586,blofin,1INCH/USDT:USDT,0.2884,581.0,0.2883,3.0,0.2885,2.0,0.2886,6576.0
1753600143088,07:09:03.088,blofin,1INCH/USDT:USDT,0.2884,581.0,0.2883,3.0,0.2885,2.0,0.2886,6573.0
1753600143593,07:09:03.593,blofin,1INCH/USDT:USDT,0.2884,317.0,0.2883,3.0,0.2885,2.0,0.2886,6841.0
1753600144319,07:09:04.319,blofin,1INCH/USDT:USDT,0.2884,3932.0,0.2883,3.0,0.2885,2.0,0.2886,5370.0
1753600145316,07:09:05.316,blofin,1INCH/USDT:USDT,0.2884,3931.0,0.2883,3.0,0.2885,2.0,0.2886,5370.0
1753600146094,07:09:06.094,blofin,1INCH/USDT:USDT,0.2884,3608.0,0.2883,3.0,0.2885,2.0,0.2886,5418.0
1753600146591,07:09:06.591,blofin,1INCH/USDT:USDT,0.2884,3608.0,0.2883,3.0,0.2885,2.0,0.2886,5660.0
1753600147093,07:09:07.093,blofin,1INCH/USDT:USDT,0.2884,3608.0,0.2883,3.0,0.2885,2.0,0.2886,5659.0
1753600147593,07:09:07.593,blofin,1INCH/USDT:USDT,0.2884,3607.0,0.2883,3.0,0.2885,2.0,0.2886,5659.0
1753600148315,07:09:08.315,blofin,1INCH/USDT:USDT,0.2884,3607.0,0.2883,61000.0,0.2885,2.0,0.2886,5659.0
1753600149094,07:09:09.094,blofin,1INCH/USDT:USDT,0.2884,3607.0,0.2883,61000.0,0.2885,2.0,0.2886,5660.0
1753600149597,07:09:09.597,blofin,1INCH/USDT:USDT,0.2884,3607.0,0.2883,3.0,0.2885,2.0,0.2886,5661.0
1753600150094,07:09:10.094,blofin,1INCH/USDT:USDT,0.2884,3607.0,0.2883,3.0,0.2885,2.0,0.2886,5661.0
1753600150594,07:09:10.594,blofin,1INCH/USDT:USDT,0.2884,3604.0,0.2883,3.0,0.2885,2.0,0.2886,5658.0
1753600151179,07:09:11.179,blofin,1INCH/USDT:USDT,0.2884,3604.0,0.2883,3.0,0.2885,2.0,0.2886,1.0
1753600151598,07:09:11.598,blofin,1INCH/USDT:USDT,0.2885,1574.0,0.2884,1.0,0.2887,876.0,0.2888,3389.0
1753600152318,07:09:12.318,blofin,1INCH/USDT:USDT,0.2885,267.0,0.2884,1.0,0.2887,1061.0,0.2892,121632.0
1753600153084,07:09:13.084,blofin,1INCH/USDT:USDT,0.2885,2.0,0.2884,267.0,0.2887,1338.0,0.2891,35967.0
1753600153319,07:09:13.319,blofin,1INCH/USDT:USDT,0.2885,2.0,0.2884,267.0,0.2886,1333.0,0.2887,5.0
1753600153820,07:09:13.820,blofin,1INCH/USDT:USDT,0.2884,1836.0,0.2883,3.0,0.2887,6.0,0.2892,19322.0
1753600154371,07:09:14.371,blofin,1INCH/USDT:USDT,0.2884,1834.0,0.2883,3.0,0.2886,1.0,0.2887,5.0
1753600154600,07:09:14.600,blofin,1INCH/USDT:USDT,0.2884,1834.0,0.2883,3.0,0.2886,4.0,0.2889,7694.0
1753600155604,07:09:15.604,blofin,1INCH/USDT:USDT,0.2884,1430.0,0.288,37673.0,0.2886,214.0,0.2887,2789.0
1753600156105,07:09:16.105,blofin,1INCH/USDT:USDT,0.2884,1430.0,0.288,37673.0,0.2886,214.0,0.2887,2789.0
1753600156606,07:09:16.606,blofin,1INCH/USDT:USDT,0.2884,1838.0,0.2883,75778.0,0.2886,35.0,0.2887,2789.0
1753600157322,07:09:17.322,blofin,1INCH/USDT:USDT,0.2884,1430.0,0.2883,31776.0,0.2886,36.0,0.2887,128446.0
1753600157608,07:09:17.608,blofin,1INCH/USDT:USDT,0.2884,1430.0,0.2883,31776.0,0.2886,35.0,0.2887,128446.0
1753600158323,07:09:18.323,blofin,1INCH/USDT:USDT,0.2884,2451.0,0.2883,98915.0,0.2886,35.0,0.2887,2789.0
1753600158608,07:09:18.608,blofin,1INCH/USDT:USDT,0.2884,2451.0,0.2883,98915.0,0.2886,33.0,0.2887,2789.0
1753600159609,07:09:19.609,blofin,1INCH/USDT:USDT,0.2884,1699.0,0.2883,68939.0,0.2886,33.0,0.2887,98080.0
1753600160110,07:09:20.110,blofin,1INCH/USDT:USDT,0.2884,1701.0,0.2883,68939.0,0.2886,33.0,0.2887,98080.0
1753600160610,07:09:20.610,blofin,1INCH/USDT:USDT,0.2884,2046.0,0.2883,62821.0,0.2886,33.0,0.2887,136311.0
1753600161324,07:09:21.324,blofin,1INCH/USDT:USDT,0.2884,2121.0,0.2883,89623.0,0.2886,20.0,0.2887,2789.0
1753600161611,07:09:21.611,blofin,1INCH/USDT:USDT,0.2884,2118.0,0.2883,89623.0,0.2886,20.0,0.2887,2789.0
1753600162325,07:09:22.325,blofin,1INCH/USDT:USDT,0.2884,1506.0,0.288,5270.0,0.2886,199.0,0.2887,2789.0
1753600163113,07:09:23.113,blofin,1INCH/USDT:USDT,0.2884,1508.0,0.2879,82918.0,0.2886,199.0,0.2887,2789.0
1753600163614,07:09:23.614,blofin,1INCH/USDT:USDT,0.2884,1508.0,0.2883,83276.0,0.2886,199.0,0.2887,2789.0
1753600164232,07:09:24.232,blofin,1INCH/USDT:USDT,0.2884,1508.0,0.2879,51764.0,0.2886,5.0,0.2887,3013.0
1753600164616,07:09:24.616,blofin,1INCH/USDT:USDT,0.2885,2122.0,0.2884,121225.0,0.2886,5.0,0.2887,2795.0
1753600165330,07:09:25.330,blofin,1INCH/USDT:USDT,0.2885,2125.0,0.2884,121225.0,0.2886,2.0,0.2887,2796.0
1753600166330,07:09:26.330,blofin,1INCH/USDT:USDT,0.2885,873.0,0.2884,49895.0,0.2886,2.0,0.2887,2981.0
1753600167118,07:09:27.118,blofin,1INCH/USDT:USDT,0.2885,873.0,0.2884,49895.0,0.2886,2.0,0.2887,2980.0
1753600167619,07:09:27.619,blofin,1INCH/USDT:USDT,0.2885,873.0,0.2884,4.0,0.2886,2.0,0.2887,2979.0
1753600168120,07:09:28.120,blofin,1INCH/USDT:USDT,0.2885,873.0,0.2884,4.0,0.2886,2.0,0.2887,2979.0
1753600168621,07:09:28.621,blofin,1INCH/USDT:USDT,0.2885,873.0,0.2884,10973.0,0.2886,2.0,0.2887,2980.0
1753600169335,07:09:29.335,blofin,1INCH/USDT:USDT,0.2885,1431.0,0.2884,4.0,0.2886,2.0,0.2887,2980.0
1753600169622,07:09:29.622,blofin,1INCH/USDT:USDT,0.2885,1431.0,0.2884,4.0,0.2886,2.0,0.2887,2980.0
1753600170634,07:09:30.634,blofin,1INCH/USDT:USDT,0.2885,1084.0,0.2884,4.0,0.2886,2.0,0.2887,2980.0
1753600171126,07:09:31.126,blofin,1INCH/USDT:USDT,0.2885,1084.0,0.2884,4.0,0.2886,2.0,0.2887,2982.0
1753600171627,07:09:31.627,blofin,1INCH/USDT:USDT,0.2885,1088.0,0.2884,4.0,0.2886,2.0,0.2887,2982.0
1753600172335,07:09:32.335,blofin,1INCH/USDT:USDT,0.2885,1095.0,0.2884,4.0,0.2886,2.0,0.2887,2982.0
1753600172627,07:09:32.627,blofin,1INCH/USDT:USDT,0.2885,1095.0,0.2884,4.0,0.2886,2.0,0.2887,2982.0
1753600173336,07:09:33.336,blofin,1INCH/USDT:USDT,0.2885,1098.0,0.2884,4.0,0.2886,2.0,0.2887,2982.0
1753600174132,07:09:34.132,blofin,1INCH/USDT:USDT,0.2885,1098.0,0.2884,4.0,0.2886,2.0,0.2887,2982.0
1753600174633,07:09:34.633,blofin,1INCH/USDT:USDT,0.2885,1096.0,0.2884,4.0,0.2886,2.0,0.2887,3003.0
1753600175337,07:09:35.337,blofin,1INCH/USDT:USDT,0.2885,1095.0,0.2884,4.0,0.2886,2.0,0.2887,3003.0
1753600175637,07:09:35.637,blofin,1INCH/USDT:USDT,0.2885,2105.0,0.2884,4.0,0.2886,2.0,0.2887,3004.0
1753600176134,07:09:36.134,blofin,1INCH/USDT:USDT,0.2885,2107.0,0.2884,4.0,0.2886,2.0,0.2887,3004.0
1753600177337,07:09:37.337,blofin,1INCH/USDT:USDT,0.2885,1193.0,0.2884,4.0,0.2886,2.0,0.2887,3288.0
1753600178638,07:09:38.638,blofin,1INCH/USDT:USDT,0.2885,1335.0,0.2884,4.0,0.2886,2.0,0.2887,3288.0
1753600179339,07:09:39.339,blofin,1INCH/USDT:USDT,0.2885,925.0,0.2884,4.0,0.2886,2.0,0.2887,3556.0
1753600180142,07:09:40.142,blofin,1INCH/USDT:USDT,0.2885,925.0,0.2884,4.0,0.2886,2.0,0.2887,3559.0
1753600180641,07:09:40.641,blofin,1INCH/USDT:USDT,0.2885,945.0,0.2884,4.0,0.2886,2.0,0.2887,3265.0
1753600181642,07:09:41.642,blofin,1INCH/USDT:USDT,0.2885,906.0,0.2884,4.0,0.2886,2.0,0.2887,3696.0
1753600182341,07:09:42.341,blofin,1INCH/USDT:USDT,0.2885,904.0,0.2884,4.0,0.2886,2.0,0.2887,3696.0
1753600182643,07:09:42.643,blofin,1INCH/USDT:USDT,0.2885,904.0,0.2884,4.0,0.2886,2.0,0.2887,3696.0
1753600183342,07:09:43.342,blofin,1INCH/USDT:USDT,0.2885,885.0,0.2884,4.0,0.2886,2.0,0.2887,4251.0
1753600184646,07:09:44.646,blofin,1INCH/USDT:USDT,0.2885,888.0,0.2884,4.0,0.2886,2.0,0.2887,4248.0
1753600185149,07:09:45.149,blofin,1INCH/USDT:USDT,0.2885,888.0,0.2884,4.0,0.2886,2.0,0.2887,4252.0
1753600185649,07:09:45.649,blofin,1INCH/USDT:USDT,0.2885,887.0,0.2882,43223.0,0.2887,1980.0,0.2888,61456.0
1753600186344,07:09:46.344,blofin,1INCH/USDT:USDT,0.2885,887.0,0.2882,5969.0,0.2887,1980.0,0.2892,3128.0
1753600186649,07:09:46.649,blofin,1INCH/USDT:USDT,0.2885,889.0,0.2882,5969.0,0.2887,1980.0,0.2892,3128.0
1753600187651,07:09:47.651,blofin,1INCH/USDT:USDT,0.2885,887.0,0.2881,88889.0,0.2887,1980.0,0.2891,4568.0
1753600188152,07:09:48.152,blofin,1INCH/USDT:USDT,0.2885,889.0,0.2881,88889.0,0.2887,1980.0,0.2891,4568.0
1753600188657,07:09:48.657,blofin,1INCH/USDT:USDT,0.2885,442.0,0.2883,93969.0,0.2887,1486.0,0.2889,76746.0
1753600189350,07:09:49.350,blofin,1INCH/USDT:USDT,0.2885,1052.0,0.2881,77966.0,0.2887,1468.0,0.289,113426.0
1753600189655,07:09:49.655,blofin,1INCH/USDT:USDT,0.2885,1052.0,0.2881,77966.0,0.2887,1467.0,0.289,113426.0
1753600190349,07:09:50.349,blofin,1INCH/USDT:USDT,0.2885,1049.0,0.2881,77966.0,0.2887,1470.0,0.289,113426.0
1753600190656,07:09:50.656,blofin,1INCH/USDT:USDT,0.2885,707.0,0.2881,95382.0,0.2887,1469.0,0.2892,34414.0
1753600191660,07:09:51.660,blofin,1INCH/USDT:USDT,0.2885,1325.0,0.2881,100646.0,0.2887,1602.0,0.2891,14456.0
1753600192667,07:09:52.667,blofin,1INCH/USDT:USDT,0.2885,1326.0,0.2882,81236.0,0.2887,1602.0,0.289,8738.0
1753600193166,07:09:53.166,blofin,1INCH/USDT:USDT,0.2885,1326.0,0.2882,81236.0,0.2887,1602.0,0.289,8738.0
1753600193665,07:09:53.665,blofin,1INCH/USDT:USDT,0.2885,1326.0,0.288,92008.0,0.2887,1635.0,0.2888,48372.0
1753600194165,07:09:54.165,blofin,1INCH/USDT:USDT,0.2885,1326.0,0.288,92008.0,0.2887,1636.0,0.2888,48372.0
1753600194351,07:09:54.351,blofin,1INCH/USDT:USDT,0.2885,1936.0,0.2882,27782.0,0.2887,1636.0,0.2891,105895.0
1753600195668,07:09:55.668,blofin,1INCH/USDT:USDT,0.2885,442.0,0.2881,93831.0,0.2887,1638.0,0.2888,82725.0
1753600196171,07:09:56.171,blofin,1INCH/USDT:USDT,0.2885,442.0,0.2881,93831.0,0.2887,1639.0,0.2888,82725.0
1753600196667,07:09:56.667,blofin,1INCH/USDT:USDT,0.2885,442.0,0.2881,42668.0,0.2887,1639.0,0.2888,12528.0
1753600197352,07:09:57.352,blofin,1INCH/USDT:USDT,0.2885,437.0,0.2882,5487.0,0.2887,1822.0,0.289,25841.0
1753600197670,07:09:57.670,blofin,1INCH/USDT:USDT,0.2885,437.0,0.2882,5487.0,0.2887,1818.0,0.289,25841.0
1753600198352,07:09:58.352,blofin,1INCH/USDT:USDT,0.2885,63.0,0.2882,30787.0,0.2887,2707.0,0.289,7338.0
1753600199171,07:09:59.171,blofin,1INCH/USDT:USDT,0.2885,63.0,0.2882,30787.0,0.2887,2706.0,0.289,7338.0
1753600199673,07:09:59.673,blofin,1INCH/USDT:USDT,0.2885,701.0,0.2881,50589.0,0.2887,2706.0,0.2889,29850.0
1753600200172,07:10:00.172,blofin,1INCH/USDT:USDT,0.2885,701.0,0.2881,50589.0,0.2887,2706.0,0.2889,29850.0
1753600200673,07:10:00.673,blofin,1INCH/USDT:USDT,0.2885,1045.0,0.2883,84987.0,0.2887,3354.0,0.2889,120071.0
1753600201176,07:10:01.176,blofin,1INCH/USDT:USDT,0.2885,1045.0,0.2883,84987.0,0.2887,3354.0,0.2889,120071.0
1753600201358,07:10:01.358,blofin,1INCH/USDT:USDT,0.2885,779.0,0.2883,53214.0,0.2887,3357.0,0.2888,73823.0
1753600201676,07:10:01.676,blofin,1INCH/USDT:USDT,0.2885,781.0,0.2883,53214.0,0.2887,3357.0,0.2888,73823.0
1753600202678,07:10:02.678,blofin,1INCH/USDT:USDT,0.2885,784.0,0.2881,16449.0,0.2887,4050.0,0.2889,53249.0
1753600203177,07:10:03.177,blofin,1INCH/USDT:USDT,0.2885,784.0,0.2881,16449.0,0.2887,4050.0,0.2888,5116.0
1753600203678,07:10:03.678,blofin,1INCH/USDT:USDT,0.2885,787.0,0.2881,35969.0,0.2887,4050.0,0.2888,5116.0
1753600204362,07:10:04.362,blofin,1INCH/USDT:USDT,0.2885,1116.0,0.2882,84772.0,0.2887,4050.0,0.2888,134696.0
1753600205356,07:10:05.356,blofin,1INCH/USDT:USDT,0.2885,1115.0,0.2882,84772.0,0.2887,4051.0,0.2888,129580.0
1753600205685,07:10:05.685,blofin,1INCH/USDT:USDT,0.2885,390.0,0.2883,33031.0,0.2887,4340.0,0.2892,1392.0
1753600206681,07:10:06.681,blofin,1INCH/USDT:USDT,0.2885,781.0,0.2881,2640.0,0.2887,4340.0,0.289,36910.0
1753600207824,07:10:07.824,blofin,1INCH/USDT:USDT,0.2883,437.0,0.2881,2640.0,0.2885,4333.0,0.2887,4.0
1753600208392,07:10:08.392,blofin,1INCH/USDT:USDT,0.2883,976.0,0.2881,2640.0,0.2886,5644.0,0.2887,4.0
1753600208965,07:10:08.965,blofin,1INCH/USDT:USDT,0.2883,977.0,0.2881,35473.0,0.2885,5640.0,0.2886,4.0
1753600209602,07:10:09.602,blofin,1INCH/USDT:USDT,0.2883,979.0,0.2881,2640.0,0.2885,7362.0,0.2886,4.0
1753600210185,07:10:10.185,blofin,1INCH/USDT:USDT,0.2883,980.0,0.2882,35547.0,0.2885,8132.0,0.2886,4.0
1753600210772,07:10:10.772,blofin,1INCH/USDT:USDT,0.2883,977.0,0.2881,46819.0,0.2886,8522.0,0.2887,3144.0
1753600211278,07:10:11.278,blofin,1INCH/USDT:USDT,0.2883,977.0,0.288,4604.0,0.2885,8517.0,0.2886,5.0
1753600211689,07:10:11.689,blofin,1INCH/USDT:USDT,0.2883,569.0,0.2879,17145.0,0.2885,1825.0,0.2886,35070.0
1753600212361,07:10:12.361,blofin,1INCH/USDT:USDT,0.2883,569.0,0.288,85890.0,0.2885,2522.0,0.2887,4.0
1753600212692,07:10:12.692,blofin,1INCH/USDT:USDT,0.2883,569.0,0.288,85890.0,0.2885,2522.0,0.2887,4.0
1753600213361,07:10:13.361,blofin,1INCH/USDT:USDT,0.2883,975.0,0.2881,24659.0,0.2885,2522.0,0.2886,66322.0
1753600213690,07:10:13.690,blofin,1INCH/USDT:USDT,0.2883,975.0,0.2881,24659.0,0.2885,2522.0,0.2886,66322.0
1753600214692,07:10:14.692,blofin,1INCH/USDT:USDT,0.2883,980.0,0.288,31618.0,0.2885,2017.0,0.2887,4.0
1753600215193,07:10:15.193,blofin,1INCH/USDT:USDT,0.2883,980.0,0.288,31618.0,0.2885,2018.0,0.2887,4.0
1753600215695,07:10:15.695,blofin,1INCH/USDT:USDT,0.2883,980.0,0.288,4152.0,0.2885,2495.0,0.2886,39861.0
1753600216363,07:10:16.363,blofin,1INCH/USDT:USDT,0.2883,395.0,0.2879,94928.0,0.2885,3939.0,0.289,62640.0
1753600216695,07:10:16.695,blofin,1INCH/USDT:USDT,0.2883,395.0,0.2879,94928.0,0.2885,3942.0,0.289,62640.0
1753600217696,07:10:17.696,blofin,1INCH/USDT:USDT,0.2883,391.0,0.2879,92532.0,0.2885,3172.0,0.289,81527.0
1753600218697,07:10:18.697,blofin,1INCH/USDT:USDT,0.2883,391.0,0.2882,62714.0,0.2885,4226.0,0.2888,55781.0
1753600219368,07:10:19.368,blofin,1INCH/USDT:USDT,0.2883,1.0,0.2882,3219.0,0.2884,308.0,0.2885,56279.0
1753600219699,07:10:19.699,blofin,1INCH/USDT:USDT,0.2883,1.0,0.2882,3219.0,0.2884,311.0,0.2885,56275.0
1753600220700,07:10:20.700,blofin,1INCH/USDT:USDT,0.2883,1.0,0.2882,2475.0,0.2884,345.0,0.2885,20453.0
1753600221742,07:10:21.742,blofin,1INCH/USDT:USDT,0.2883,1.0,0.2882,2144.0,0.2884,345.0,0.2885,4.0
1753600222370,07:10:22.370,blofin,1INCH/USDT:USDT,0.2883,1271.0,0.2882,103788.0,0.2884,1.0,0.2885,2709.0
1753600222704,07:10:22.704,blofin,1INCH/USDT:USDT,0.2883,1271.0,0.2882,103788.0,0.2884,1.0,0.2885,2709.0
1753600223371,07:10:23.371,blofin,1INCH/USDT:USDT,0.2883,1271.0,0.2882,103774.0,0.2885,2790.0,0.2886,107729.0
1753600224207,07:10:24.207,blofin,1INCH/USDT:USDT,0.2883,1274.0,0.2882,103772.0,0.2885,2793.0,0.2886,107729.0
1753600224707,07:10:24.707,blofin,1INCH/USDT:USDT,0.2883,184.0,0.2879,34445.0,0.2885,2792.0,0.2889,4354.0
1753600225709,07:10:25.709,blofin,1INCH/USDT:USDT,0.2883,184.0,0.2879,1279.0,0.2885,2922.0,0.2886,52142.0
1753600226710,07:10:26.710,blofin,1INCH/USDT:USDT,0.2883,186.0,0.2879,84744.0,0.2885,2922.0,0.2889,54317.0
1753600227215,07:10:27.215,blofin,1INCH/USDT:USDT,0.2883,186.0,0.2879,84744.0,0.2885,2926.0,0.2889,54317.0
1753600227710,07:10:27.710,blofin,1INCH/USDT:USDT,0.2883,7.0,0.2881,41568.0,0.2885,4077.0,0.2887,10151.0
1753600228373,07:10:28.373,blofin,1INCH/USDT:USDT,0.2883,7.0,0.288,106187.0,0.2885,4425.0,0.2888,55885.0
1753600229215,07:10:29.215,blofin,1INCH/USDT:USDT,0.2883,5.0,0.288,106187.0,0.2885,4425.0,0.2888,55885.0
1753600229714,07:10:29.714,blofin,1INCH/USDT:USDT,0.2883,378.0,0.288,56222.0,0.2885,3270.0,0.2888,72228.0
1753600230377,07:10:30.377,blofin,1INCH/USDT:USDT,0.2883,378.0,0.288,56222.0,0.2885,3271.0,0.2888,72228.0
1753600230715,07:10:30.715,blofin,1INCH/USDT:USDT,0.2883,183.0,0.288,108698.0,0.2885,2923.0,0.2886,49391.0
1753600231717,07:10:31.717,blofin,1INCH/USDT:USDT,0.2883,1747.0,0.2879,52573.0,0.2885,2921.0,0.2886,60649.0
1753600232377,07:10:32.377,blofin,1INCH/USDT:USDT,0.2883,1745.0,0.2881,78446.0,0.2885,2926.0,0.2886,5765.0
1753600233720,07:10:33.720,blofin,1INCH/USDT:USDT,0.2883,2353.0,0.2878,69444.0,0.2885,2958.0,0.2886,89093.0
1753600234220,07:10:34.220,blofin,1INCH/USDT:USDT,0.2883,2353.0,0.2878,69444.0,0.2885,2962.0,0.2886,89093.0
1753600234721,07:10:34.721,blofin,1INCH/USDT:USDT,0.2883,2353.0,0.2879,105027.0,0.2885,2963.0,0.2887,14932.0
1753600235381,07:10:35.381,blofin,1INCH/USDT:USDT,0.2883,2352.0,0.2879,105027.0,0.2885,2959.0,0.2887,14932.0
1753600235721,07:10:35.721,blofin,1INCH/USDT:USDT,0.2883,1747.0,0.288,56407.0,0.2885,2963.0,0.289,95911.0
1753600236830,07:10:36.830,blofin,1INCH/USDT:USDT,0.2883,4.0,0.2882,1.0,0.2885,4134.0,0.2887,79296.0
1753600237518,07:10:37.518,blofin,1INCH/USDT:USDT,0.2883,5.0,0.2882,94564.0,0.2885,3020.0,0.2887,16554.0
1753600238227,07:10:38.227,blofin,1INCH/USDT:USDT,0.2883,3.0,0.2882,77379.0,0.2885,3018.0,0.2889,11720.0
1753600238728,07:10:38.728,blofin,1INCH/USDT:USDT,0.2883,3.0,0.2881,95170.0,0.2885,3018.0,0.2889,3829.0
1753600239386,07:10:39.386,blofin,1INCH/USDT:USDT,0.2883,3.0,0.288,55167.0,0.2885,4349.0,0.2888,101103.0
1753600239733,07:10:39.733,blofin,1INCH/USDT:USDT,0.2883,3.0,0.288,55167.0,0.2885,4349.0,0.2888,101103.0
1753600240385,07:10:40.385,blofin,1INCH/USDT:USDT,0.2883,6.0,0.288,55167.0,0.2885,4349.0,0.2888,101103.0
1753600240732,07:10:40.732,blofin,1INCH/USDT:USDT,0.2883,6.0,0.2878,7359.0,0.2885,4045.0,0.2889,4402.0
1753600241386,07:10:41.386,blofin,1INCH/USDT:USDT,0.2883,6.0,0.2882,78025.0,0.2885,3265.0,0.2889,1294.0
1753600241738,07:10:41.738,blofin,1INCH/USDT:USDT,0.2883,6.0,0.2882,78025.0,0.2885,3263.0,0.2889,1294.0
1753600242385,07:10:42.385,blofin,1INCH/USDT:USDT,0.2883,6.0,0.2881,56005.0,0.2885,3262.0,0.2889,9210.0
1753600243237,07:10:43.237,blofin,1INCH/USDT:USDT,0.2883,7.0,0.2881,56005.0,0.2885,3262.0,0.2889,9210.0
1753600244238,07:10:44.238,blofin,1INCH/USDT:USDT,0.2883,7.0,0.2881,67575.0,0.2885,3848.0,0.2886,1227.0
1753600244738,07:10:44.738,blofin,1INCH/USDT:USDT,0.2883,7.0,0.2878,52912.0,0.2885,3848.0,0.2886,1227.0
1753600245402,07:10:45.402,blofin,1INCH/USDT:USDT,0.2883,4.0,0.2878,52912.0,0.2885,3847.0,0.2886,1227.0
1753600246241,07:10:46.241,blofin,1INCH/USDT:USDT,0.2883,3.0,0.2881,24341.0,0.2885,5011.0,0.2887,111454.0
1753600246742,07:10:46.742,blofin,1INCH/USDT:USDT,0.2883,3.0,0.288,78791.0,0.2885,5918.0,0.2889,102029.0
1753600247243,07:10:47.243,blofin,1INCH/USDT:USDT,0.2883,5.0,0.288,78791.0,0.2885,5918.0,0.2889,102029.0
1753600247743,07:10:47.743,blofin,1INCH/USDT:USDT,0.2883,5.0,0.288,72741.0,0.2885,5947.0,0.2888,45968.0
1753600248245,07:10:48.245,blofin,1INCH/USDT:USDT,0.2883,6.0,0.288,72741.0,0.2885,5947.0,0.2888,45968.0
1753600248745,07:10:48.745,blofin,1INCH/USDT:USDT,0.2883,6.0,0.2878,36304.0,0.2885,5947.0,0.2886,90420.0
1753600249391,07:10:49.391,blofin,1INCH/USDT:USDT,0.2883,6.0,0.288,13179.0,0.2885,5167.0,0.2887,77848.0
1753600249745,07:10:49.745,blofin,1INCH/USDT:USDT,0.2883,6.0,0.288,13179.0,0.2885,5167.0,0.2887,77848.0
1753600250391,07:10:50.391,blofin,1INCH/USDT:USDT,0.2883,4.0,0.288,13179.0,0.2885,5166.0,0.2887,77848.0
1753600251249,07:10:51.249,blofin,1INCH/USDT:USDT,0.2883,4.0,0.2879,68290.0,0.2885,5992.0,0.2888,7245.0
1753600251749,07:10:51.749,blofin,1INCH/USDT:USDT,0.2883,4.0,0.2881,103170.0,0.2885,5992.0,0.2889,44302.0
1753600252393,07:10:52.393,blofin,1INCH/USDT:USDT,0.2883,6.0,0.288,72886.0,0.2885,5992.0,0.2887,91509.0
1753600252751,07:10:52.751,blofin,1INCH/USDT:USDT,0.2883,6.0,0.288,72886.0,0.2885,5992.0,0.2887,91509.0
1753600253392,07:10:53.392,blofin,1INCH/USDT:USDT,0.2883,6.0,0.2881,10641.0,0.2885,5171.0,0.2889,5712.0
1753600254755,07:10:54.755,blofin,1INCH/USDT:USDT,0.2883,381.0,0.2879,114226.0,0.2885,5548.0,0.2889,5712.0
1753600255256,07:10:55.256,blofin,1INCH/USDT:USDT,0.2883,381.0,0.2879,114226.0,0.2885,5548.0,0.2888,2732.0
1753600255756,07:10:55.756,blofin,1INCH/USDT:USDT,0.2883,379.0,0.288,16022.0,0.2885,5547.0,0.2887,95288.0
1753600256394,07:10:56.394,blofin,1INCH/USDT:USDT,0.2883,379.0,0.2881,1213.0,0.2885,5546.0,0.2889,129870.0
1753600257395,07:10:57.395,blofin,1INCH/USDT:USDT,0.2883,4.0,0.2881,60299.0,0.2885,5548.0,0.289,147036.0
1753600257759,07:10:57.759,blofin,1INCH/USDT:USDT,0.2883,4.0,0.2881,60299.0,0.2885,5548.0,0.2887,1664.0
1753600258762,07:10:58.762,blofin,1INCH/USDT:USDT,0.2883,377.0,0.2881,7111.0,0.2885,5083.0,0.2887,1664.0
1753600259397,07:10:59.397,blofin,1INCH/USDT:USDT,0.2883,7.0,0.2881,79315.0,0.2885,5083.0,0.2886,62718.0
1753600259763,07:10:59.763,blofin,1INCH/USDT:USDT,0.2883,7.0,0.2881,79315.0,0.2885,5084.0,0.2886,62718.0
1753600260763,07:11:00.763,blofin,1INCH/USDT:USDT,0.2883,6.0,0.2882,6474.0,0.2885,5080.0,0.2886,27381.0
1753600261263,07:11:01.263,blofin,1INCH/USDT:USDT,0.2883,6.0,0.2882,6474.0,0.2885,5082.0,0.2886,27381.0
1753600262399,07:11:02.399,blofin,1INCH/USDT:USDT,0.2883,655.0,0.2879,14848.0,0.2885,5086.0,0.2889,61378.0
1753600262766,07:11:02.766,blofin,1INCH/USDT:USDT,0.2883,655.0,0.2879,11641.0,0.2885,5086.0,0.2889,61378.0
1753600263400,07:11:03.400,blofin,1INCH/USDT:USDT,0.2883,11.0,0.2881,122361.0,0.2885,5491.0,0.2887,30181.0
1753600264269,07:11:04.269,blofin,1INCH/USDT:USDT,0.2883,10.0,0.2881,122361.0,0.2885,5491.0,0.2887,30181.0
1753600264778,07:11:04.778,blofin,1INCH/USDT:USDT,0.2883,10.0,0.2879,40467.0,0.2885,6346.0,0.289,20131.0
1753600265404,07:11:05.404,blofin,1INCH/USDT:USDT,0.2883,12.0,0.2879,40467.0,0.2885,6343.0,0.289,20131.0
1753600265771,07:11:05.771,blofin,1INCH/USDT:USDT,0.2883,394.0,0.2882,10596.0,0.2885,5103.0,0.2887,91330.0
1753600266402,07:11:06.402,blofin,1INCH/USDT:USDT,0.2883,666.0,0.2879,48695.0,0.2885,5103.0,0.2887,23273.0
1753600266773,07:11:06.773,blofin,1INCH/USDT:USDT,0.2883,667.0,0.2879,48695.0,0.2885,5103.0,0.2887,23273.0
1753600267775,07:11:07.775,blofin,1INCH/USDT:USDT,0.2883,394.0,0.2882,30827.0,0.2885,4343.0,0.2886,131005.0
1753600268404,07:11:08.404,blofin,1INCH/USDT:USDT,0.2883,1133.0,0.288,101293.0,0.2885,12498.0,0.2886,97160.0
1753600268777,07:11:08.777,blofin,1INCH/USDT:USDT,0.2883,1133.0,0.288,101293.0,0.2885,12496.0,0.2886,97160.0
1753600269406,07:11:09.406,blofin,1INCH/USDT:USDT,0.2883,1133.0,0.2879,27652.0,0.2885,12496.0,0.2887,17927.0
1753600270780,07:11:10.780,blofin,1INCH/USDT:USDT,0.2883,1135.0,0.288,42244.0,0.2885,12509.0,0.2886,12102.0
1753600271407,07:11:11.407,blofin,1INCH/USDT:USDT,0.2883,1135.0,0.2882,76424.0,0.2885,12554.0,0.2889,86795.0
1753600271781,07:11:11.781,blofin,1INCH/USDT:USDT,0.2883,1135.0,0.2882,76424.0,0.2885,12554.0,0.2889,86795.0
1753600272408,07:11:12.408,blofin,1INCH/USDT:USDT,0.2883,1135.0,0.2882,17646.0,0.2885,12555.0,0.289,98190.0
1753600272783,07:11:12.783,blofin,1INCH/USDT:USDT,0.2883,1135.0,0.2882,17646.0,0.2885,12555.0,0.2888,6244.0
1753600273408,07:11:13.408,blofin,1INCH/USDT:USDT,0.2883,1133.0,0.2882,114224.0,0.2885,12556.0,0.2886,27207.0
1753600274285,07:11:14.285,blofin,1INCH/USDT:USDT,0.2883,1133.0,0.2882,114224.0,0.2885,12556.0,0.2886,27207.0
1753600274788,07:11:14.788,blofin,1INCH/USDT:USDT,0.2883,735.0,0.2879,49107.0,0.2885,13101.0,0.2888,71510.0
1753600275419,07:11:15.419,blofin,1INCH/USDT:USDT,0.2883,1149.0,0.2879,41438.0,0.2885,13081.0,0.2889,6755.0
1753600275792,07:11:15.792,blofin,1INCH/USDT:USDT,0.2883,1153.0,0.2879,41438.0,0.2885,13077.0,0.2887,19749.0
1753600276787,07:11:16.787,blofin,1INCH/USDT:USDT,0.2883,1153.0,0.288,34040.0,0.2885,13088.0,0.2887,19749.0
1753600277410,07:11:17.410,blofin,1INCH/USDT:USDT,0.2883,1150.0,0.2878,81004.0,0.2885,13088.0,0.2887,113464.0
1753600277790,07:11:17.790,blofin,1INCH/USDT:USDT,0.2883,1150.0,0.2878,81004.0,0.2885,13088.0,0.2887,113464.0
1753600278413,07:11:18.413,blofin,1INCH/USDT:USDT,0.2883,1152.0,0.2878,104498.0,0.2885,13088.0,0.2886,85302.0
1753600279291,07:11:19.291,blofin,1INCH/USDT:USDT,0.2883,1152.0,0.2878,104498.0,0.2885,13088.0,0.2886,85302.0
1753600279792,07:11:19.792,blofin,1INCH/USDT:USDT,0.2883,1125.0,0.2878,51230.0,0.2885,13088.0,0.2887,19749.0
1753600280413,07:11:20.413,blofin,1INCH/USDT:USDT,0.2883,1127.0,0.2878,51230.0,0.2885,13089.0,0.2887,18668.0
1753600280797,07:11:20.797,blofin,1INCH/USDT:USDT,0.2883,714.0,0.288,10057.0,0.2885,13089.0,0.2887,18668.0
1753600281411,07:11:21.411,blofin,1INCH/USDT:USDT,0.2883,1123.0,0.2878,40927.0,0.2885,13090.0,0.2887,18668.0
1753600282412,07:11:22.412,blofin,1INCH/USDT:USDT,0.2883,1123.0,0.2879,99911.0,0.2885,13039.0,0.2887,18668.0
1753600282797,07:11:22.797,blofin,1INCH/USDT:USDT,0.2883,1123.0,0.2879,99911.0,0.2885,13038.0,0.2887,18668.0
1753600283417,07:11:23.417,blofin,1INCH/USDT:USDT,0.2883,1125.0,0.288,30621.0,0.2885,13038.0,0.2887,18668.0
1753600284304,07:11:24.304,blofin,1INCH/USDT:USDT,0.2883,1127.0,0.288,30621.0,0.2885,13038.0,0.2887,18668.0
1753600284805,07:11:24.805,blofin,1INCH/USDT:USDT,0.2883,3957.0,0.2878,116909.0,0.2885,13192.0,0.2887,91783.0
1753600285414,07:11:25.414,blofin,1INCH/USDT:USDT,0.2883,3953.0,0.2878,116909.0,0.2885,13193.0,0.2887,91783.0
1753600285803,07:11:25.803,blofin,1INCH/USDT:USDT,0.2883,3957.0,0.2881,64495.0,0.2885,13194.0,0.2887,18668.0
1753600286805,07:11:26.805,blofin,1INCH/USDT:USDT,0.2883,3951.0,0.2879,118207.0,0.2885,13142.0,0.2887,18668.0
1753600287416,07:11:27.416,blofin,1INCH/USDT:USDT,0.2883,473.0,0.2878,34892.0,0.2885,13144.0,0.2886,40977.0
1753600287808,07:11:27.808,blofin,1INCH/USDT:USDT,0.2883,473.0,0.2878,34892.0,0.2885,13142.0,0.2886,40977.0
1753600288417,07:11:28.417,blofin,1INCH/USDT:USDT,0.2883,7.0,0.288,48546.0,0.2885,13135.0,0.2887,18668.0
1753600289420,07:11:29.420,blofin,1INCH/USDT:USDT,0.2883,3917.0,0.2882,52976.0,0.2885,13136.0,0.2887,69472.0
1753600289811,07:11:29.811,blofin,1INCH/USDT:USDT,0.2883,3917.0,0.2882,52976.0,0.2885,13137.0,0.2887,69472.0
1753600290419,07:11:30.419,blofin,1INCH/USDT:USDT,0.2883,3918.0,0.2882,52976.0,0.2885,13136.0,0.2887,69472.0
1753600290813,07:11:30.813,blofin,1INCH/USDT:USDT,0.2883,3918.0,0.2879,59379.0,0.2885,13062.0,0.2887,18668.0
1753600291814,07:11:31.814,blofin,1INCH/USDT:USDT,0.2883,3915.0,0.2882,25244.0,0.2885,13064.0,0.2887,18668.0
1753600292419,07:11:32.419,blofin,1INCH/USDT:USDT,0.2883,3915.0,0.2878,94812.0,0.2885,13064.0,0.2886,6268.0
1753600292814,07:11:32.814,blofin,1INCH/USDT:USDT,0.2883,3915.0,0.2878,94812.0,0.2885,13064.0,0.2886,6268.0
1753600293418,07:11:33.418,blofin,1INCH/USDT:USDT,0.2883,3915.0,0.2878,10044.0,0.2885,13085.0,0.2887,122475.0
1753600294317,07:11:34.317,blofin,1INCH/USDT:USDT,0.2883,3915.0,0.2878,10044.0,0.2885,13085.0,0.2887,122475.0
1753600294421,07:11:34.421,blofin,1INCH/USDT:USDT,0.2883,3718.0,0.2878,83701.0,0.2885,13085.0,0.2887,50495.0
1753600294817,07:11:34.817,blofin,1INCH/USDT:USDT,0.2883,3718.0,0.2878,83701.0,0.2885,13085.0,0.2887,50495.0
1753600295421,07:11:35.421,blofin,1INCH/USDT:USDT,0.2883,3719.0,0.2878,83701.0,0.2885,13086.0,0.2887,50495.0
1753600295822,07:11:35.822,blofin,1INCH/USDT:USDT,0.2883,3754.0,0.2882,62311.0,0.2885,13086.0,0.2887,18668.0
1753600296821,07:11:36.821,blofin,1INCH/USDT:USDT,0.2883,45.0,0.288,26978.0,0.2885,13085.0,0.2887,18668.0
1753600297421,07:11:37.421,blofin,1INCH/USDT:USDT,0.2883,3613.0,0.288,93148.0,0.2885,13084.0,0.2887,18668.0
1753600298824,07:11:38.824,blofin,1INCH/USDT:USDT,0.2883,405.0,0.2879,8111.0,0.2885,13083.0,0.2887,18668.0
1753600299421,07:11:39.421,blofin,1INCH/USDT:USDT,0.2883,43.0,0.2882,27360.0,0.2885,14223.0,0.2887,53029.0
1753600299826,07:11:39.826,blofin,1INCH/USDT:USDT,0.2883,44.0,0.2882,27360.0,0.2885,14223.0,0.2887,53029.0
1753600300826,07:11:40.826,blofin,1INCH/USDT:USDT,0.2883,47.0,0.2882,54793.0,0.2885,14222.0,0.2887,18668.0
1753600301423,07:11:41.423,blofin,1INCH/USDT:USDT,0.2883,425.0,0.2881,57770.0,0.2885,13089.0,0.2887,18668.0
1753600301828,07:11:41.828,blofin,1INCH/USDT:USDT,0.2883,424.0,0.2881,57770.0,0.2885,13089.0,0.2887,18668.0
1753600302425,07:11:42.425,blofin,1INCH/USDT:USDT,0.2883,423.0,0.288,6737.0,0.2885,13089.0,0.2887,18668.0
1753600303425,07:11:43.425,blofin,1INCH/USDT:USDT,0.2883,45.0,0.2882,100290.0,0.2885,13884.0,0.2887,18668.0
1753600303971,07:11:43.971,blofin,1INCH/USDT:USDT,0.2883,7.0,0.2882,422.0,0.2884,13093.0,0.2885,4.0
1753600304619,07:11:44.619,blofin,1INCH/USDT:USDT,0.2883,7.0,0.2882,1316.0,0.2885,5.0,0.2886,123280.0
1753600305239,07:11:45.239,blofin,1INCH/USDT:USDT,0.2883,7.0,0.2882,951.0,0.2884,17108.0,0.2885,4.0
1753600305828,07:11:45.828,blofin,1INCH/USDT:USDT,0.2882,1320.0,0.2879,27341.0,0.2884,1.0,0.2885,4.0
1753600306450,07:11:46.450,blofin,1INCH/USDT:USDT,0.2882,1322.0,0.2881,13360.0,0.2884,6.0,0.2885,70340.0
1753600307091,07:11:47.091,blofin,1INCH/USDT:USDT,0.2882,960.0,0.2881,94661.0,0.2884,6.0,0.2885,88888.0
1753600307551,07:11:47.551,blofin,1INCH/USDT:USDT,0.2882,1324.0,0.2879,110730.0,0.2884,5.0,0.2885,3.0
1753600308309,07:11:48.309,blofin,1INCH/USDT:USDT,0.2882,959.0,0.288,70412.0,0.2884,4.0,0.2885,4.0
1753600308481,07:11:48.481,blofin,1INCH/USDT:USDT,0.2882,961.0,0.2877,59918.0,0.2884,15984.0,0.2885,3.0
1753600309428,07:11:49.428,blofin,1INCH/USDT:USDT,0.2882,598.0,0.2881,27620.0,0.2884,2100.0,0.2885,3.0
1753600310429,07:11:50.429,blofin,1INCH/USDT:USDT,0.2882,599.0,0.2881,27620.0,0.2884,2101.0,0.2885,3.0
1753600310841,07:11:50.841,blofin,1INCH/USDT:USDT,0.2882,863.0,0.2877,57394.0,0.2884,2101.0,0.2885,44242.0
1753600311428,07:11:51.428,blofin,1INCH/USDT:USDT,0.2882,685.0,0.2879,50847.0,0.2884,2101.0,0.2885,3.0
1753600312429,07:11:52.429,blofin,1INCH/USDT:USDT,0.2882,685.0,0.2879,30437.0,0.2884,2100.0,0.2885,3.0
1753600312843,07:11:52.843,blofin,1INCH/USDT:USDT,0.2882,685.0,0.2879,30437.0,0.2884,2098.0,0.2885,3.0
1753600313844,07:11:53.844,blofin,1INCH/USDT:USDT,0.2882,298.0,0.288,66628.0,0.2884,2333.0,0.2885,3.0
1753600314431,07:11:54.431,blofin,1INCH/USDT:USDT,0.2882,841.0,0.2879,92938.0,0.2884,12244.0,0.2885,3.0
1753600314852,07:11:54.852,blofin,1INCH/USDT:USDT,0.2882,841.0,0.2879,92938.0,0.2884,12244.0,0.2885,3.0
1753600315432,07:11:55.432,blofin,1INCH/USDT:USDT,0.2882,839.0,0.2879,92938.0,0.2884,12246.0,0.2885,3.0
1753600315848,07:11:55.848,blofin,1INCH/USDT:USDT,0.2882,1251.0,0.2881,46848.0,0.2884,12257.0,0.2885,3.0
1753600316853,07:11:56.853,blofin,1INCH/USDT:USDT,0.2882,839.0,0.2879,86391.0,0.2884,12333.0,0.2885,119803.0
1753600317433,07:11:57.433,blofin,1INCH/USDT:USDT,0.2882,839.0,0.2878,87839.0,0.2884,12334.0,0.2885,3.0
1753600317852,07:11:57.852,blofin,1INCH/USDT:USDT,0.2882,838.0,0.2878,87839.0,0.2884,12334.0,0.2885,3.0
1753600318432,07:11:58.432,blofin,1INCH/USDT:USDT,0.2882,1613.0,0.2879,56149.0,0.2884,12334.0,0.2885,37007.0
1753600319352,07:11:59.352,blofin,1INCH/USDT:USDT,0.2882,1615.0,0.2879,56149.0,0.2884,12334.0,0.2885,37007.0
1753600319853,07:11:59.853,blofin,1INCH/USDT:USDT,0.2882,841.0,0.288,82897.0,0.2884,12334.0,0.2885,3.0
1753600320434,07:12:00.434,blofin,1INCH/USDT:USDT,0.2882,840.0,0.288,82897.0,0.2884,12335.0,0.2885,3.0
1753600320856,07:12:00.856,blofin,1INCH/USDT:USDT,0.2882,1200.0,0.288,80464.0,0.2884,12527.0,0.2885,3.0
1753600321435,07:12:01.435,blofin,1INCH/USDT:USDT,0.2882,475.0,0.288,66475.0,0.2884,12563.0,0.2885,3.0
1753600322873,07:12:02.873,blofin,1INCH/USDT:USDT,0.2882,477.0,0.2879,5345.0,0.2884,12635.0,0.2885,63091.0
1753600323435,07:12:03.435,blofin,1INCH/USDT:USDT,0.2882,874.0,0.2877,34928.0,0.2884,12635.0,0.2885,3.0
1753600323862,07:12:03.862,blofin,1INCH/USDT:USDT,0.2882,874.0,0.2877,34928.0,0.2884,12634.0,0.2885,3.0
1753600324864,07:12:04.864,blofin,1INCH/USDT:USDT,0.2882,476.0,0.2878,27097.0,0.2884,20113.0,0.2885,3.0
1753600325437,07:12:05.437,blofin,1INCH/USDT:USDT,0.2882,478.0,0.2878,27097.0,0.2884,20113.0,0.2885,3.0
1753600325867,07:12:05.867,blofin,1INCH/USDT:USDT,0.2882,297.0,0.2879,107557.0,0.2884,26912.0,0.2885,3.0
1753600326440,07:12:06.440,blofin,1INCH/USDT:USDT,0.2882,297.0,0.2878,84539.0,0.2884,26912.0,0.2885,3.0
1753600326867,07:12:06.867,blofin,1INCH/USDT:USDT,0.2882,297.0,0.2878,84539.0,0.2884,26909.0,0.2885,3.0
1753600327439,07:12:07.439,blofin,1INCH/USDT:USDT,0.2882,2086.0,0.2877,88989.0,0.2884,26909.0,0.2885,3.0
1753600328869,07:12:08.869,blofin,1INCH/USDT:USDT,0.2882,1724.0,0.2878,110107.0,0.2884,26909.0,0.2885,3.0
1753600329438,07:12:09.438,blofin,1INCH/USDT:USDT,0.2882,2086.0,0.288,73274.0,0.2884,26909.0,0.2885,3.0
1753600329871,07:12:09.871,blofin,1INCH/USDT:USDT,0.2882,2084.0,0.288,73274.0,0.2884,26909.0,0.2885,3.0
1753600330442,07:12:10.442,blofin,1INCH/USDT:USDT,0.2882,2083.0,0.288,73274.0,0.2884,26909.0,0.2885,3.0
1753600330872,07:12:10.872,blofin,1INCH/USDT:USDT,0.2882,1721.0,0.2881,83187.0,0.2884,26921.0,0.2885,3.0
1753600331873,07:12:11.873,blofin,1INCH/USDT:USDT,0.2882,1725.0,0.2879,4275.0,0.2884,26952.0,0.2885,3.0
1753600332442,07:12:12.442,blofin,1INCH/USDT:USDT,0.2882,1725.0,0.2879,4275.0,0.2884,26952.0,0.2885,3.0
1753600332876,07:12:12.876,blofin,1INCH/USDT:USDT,0.2882,1725.0,0.2878,56643.0,0.2884,26952.0,0.2885,3.0
1753600333443,07:12:13.443,blofin,1INCH/USDT:USDT,0.2882,1687.0,0.288,112691.0,0.2884,27299.0,0.2885,3.0
1753600333878,07:12:13.878,blofin,1INCH/USDT:USDT,0.2882,1687.0,0.288,112691.0,0.2884,27299.0,0.2885,3.0
1753600334443,07:12:14.443,blofin,1INCH/USDT:USDT,0.2882,1687.0,0.2877,78544.0,0.2884,27295.0,0.2885,3.0
1753600334879,07:12:14.879,blofin,1INCH/USDT:USDT,0.2882,1686.0,0.2877,78544.0,0.2884,27295.0,0.2885,3.0
1753600335880,07:12:15.880,blofin,1INCH/USDT:USDT,0.2882,897.0,0.2878,3779.0,0.2884,27303.0,0.2885,224.0
1753600336444,07:12:16.444,blofin,1INCH/USDT:USDT,0.2882,897.0,0.2879,77368.0,0.2884,27312.0,0.2885,224.0
1753600337444,07:12:17.444,blofin,1INCH/USDT:USDT,0.2882,899.0,0.2878,106549.0,0.2884,27310.0,0.2885,224.0
1753600338446,07:12:18.446,blofin,1INCH/USDT:USDT,0.2882,898.0,0.2877,21400.0,0.2884,27699.0,0.2885,224.0
1753600338885,07:12:18.885,blofin,1INCH/USDT:USDT,0.2882,898.0,0.2877,21400.0,0.2884,27699.0,0.2885,224.0
1753600339446,07:12:19.446,blofin,1INCH/USDT:USDT,0.2882,838.0,0.2877,34928.0,0.2884,26966.0,0.2885,224.0
1753600340386,07:12:20.386,blofin,1INCH/USDT:USDT,0.2882,838.0,0.2877,34928.0,0.2884,26968.0,0.2885,224.0
1753600340887,07:12:20.887,blofin,1INCH/USDT:USDT,0.2882,409.0,0.2877,60636.0,0.2884,26966.0,0.2885,224.0
1753600341447,07:12:21.447,blofin,1INCH/USDT:USDT,0.2882,10.0,0.2881,997.0,0.2883,390.0,0.2884,52111.0
1753600341982,07:12:21.982,blofin,1INCH/USDT:USDT,0.2882,1007.0,0.2879,65479.0,0.2883,2.0,0.2884,5.0
1753600342448,07:12:22.448,blofin,1INCH/USDT:USDT,0.2882,12.0,0.2877,74945.0,0.2884,28425.0,0.2885,224.0
1753600343448,07:12:23.448,blofin,1INCH/USDT:USDT,0.2882,12.0,0.2878,24224.0,0.2884,27541.0,0.2885,126830.0
1753600343887,07:12:23.887,blofin,1INCH/USDT:USDT,0.2882,11.0,0.2878,24224.0,0.2884,27541.0,0.2885,126830.0
1753600344451,07:12:24.451,blofin,1INCH/USDT:USDT,0.2882,11.0,0.2878,19858.0,0.2884,27210.0,0.2885,78765.0
1753600344889,07:12:24.889,blofin,1INCH/USDT:USDT,0.2882,11.0,0.2878,19858.0,0.2884,27210.0,0.2885,78765.0
1753600345889,07:12:25.889,blofin,1INCH/USDT:USDT,0.2882,12.0,0.2877,37484.0,0.2884,27261.0,0.2885,99319.0
1753600346889,07:12:26.889,blofin,1INCH/USDT:USDT,0.2882,11.0,0.2881,53504.0,0.2884,27261.0,0.2885,224.0
1753600347450,07:12:27.450,blofin,1INCH/USDT:USDT,0.2882,11.0,0.2879,6075.0,0.2884,27261.0,0.2885,224.0
1753600347891,07:12:27.891,blofin,1INCH/USDT:USDT,0.2882,12.0,0.2879,6075.0,0.2884,27261.0,0.2885,224.0
1753600348451,07:12:28.451,blofin,1INCH/USDT:USDT,0.2882,9.0,0.2881,61759.0,0.2884,27261.0,0.2885,224.0
1753600348892,07:12:28.892,blofin,1INCH/USDT:USDT,0.2882,11.0,0.2881,61759.0,0.2884,27261.0,0.2885,224.0
1753600349452,07:12:29.452,blofin,1INCH/USDT:USDT,0.2882,937.0,0.2877,101175.0,0.2884,27261.0,0.2885,224.0
1753600349891,07:12:29.891,blofin,1INCH/USDT:USDT,0.2882,938.0,0.2877,101175.0,0.2884,27261.0,0.2885,224.0
1753600350453,07:12:30.453,blofin,1INCH/USDT:USDT,0.2882,938.0,0.2877,101175.0,0.2884,27257.0,0.2885,224.0
1753600350893,07:12:30.893,blofin,1INCH/USDT:USDT,0.2882,1300.0,0.288,62947.0,0.2884,27273.0,0.2885,224.0
1753600351894,07:12:31.894,blofin,1INCH/USDT:USDT,0.2882,1302.0,0.2878,42880.0,0.2884,27273.0,0.2885,224.0
1753600352043,07:12:32.043,blofin,1INCH/USDT:USDT,0.2883,4698.0,0.2882,10.0,0.2884,5.0,0.2885,1650.0
1753600352897,07:12:32.897,blofin,1INCH/USDT:USDT,0.2883,2500.0,0.2882,5.0,0.2884,4.0,0.2885,1221.0
1753600353899,07:12:33.899,blofin,1INCH/USDT:USDT,0.2883,1905.0,0.2882,105322.0,0.2884,4.0,0.2885,1247.0
1753600354469,07:12:34.469,blofin,1INCH/USDT:USDT,0.2883,1362.0,0.2882,5.0,0.2884,4.0,0.2885,1249.0
1753600354901,07:12:34.901,blofin,1INCH/USDT:USDT,0.2883,1362.0,0.2882,5.0,0.2884,4.0,0.2885,1246.0
1753600355459,07:12:35.459,blofin,1INCH/USDT:USDT,0.2883,1361.0,0.2882,5.0,0.2884,4.0,0.2885,1247.0
1753600356465,07:12:36.465,blofin,1INCH/USDT:USDT,0.2883,1361.0,0.2882,5.0,0.2884,4.0,0.2885,1248.0
1753600356904,07:12:36.904,blofin,1INCH/USDT:USDT,0.2883,1361.0,0.2882,5.0,0.2884,4.0,0.2885,1248.0
1753600357461,07:12:37.461,blofin,1INCH/USDT:USDT,0.2883,1361.0,0.2882,5.0,0.2884,4.0,0.2885,1992.0
1753600357908,07:12:37.908,blofin,1INCH/USDT:USDT,0.2883,1361.0,0.2882,5.0,0.2884,4.0,0.2885,1992.0
1753600358907,07:12:38.907,blofin,1INCH/USDT:USDT,0.2883,1361.0,0.2882,5.0,0.2884,4.0,0.2885,1990.0
1753600359461,07:12:39.461,blofin,1INCH/USDT:USDT,0.2883,1360.0,0.2882,5.0,0.2884,4.0,0.2885,2044.0
1753600359909,07:12:39.909,blofin,1INCH/USDT:USDT,0.2883,1360.0,0.2882,5.0,0.2884,4.0,0.2885,2047.0
1753600360468,07:12:40.468,blofin,1INCH/USDT:USDT,0.2883,1361.0,0.2882,5.0,0.2884,4.0,0.2885,2047.0
1753600360909,07:12:40.909,blofin,1INCH/USDT:USDT,0.2883,1362.0,0.2882,5.0,0.2884,4.0,0.2885,2046.0
1753600361911,07:12:41.911,blofin,1INCH/USDT:USDT,0.2883,2091.0,0.2882,107639.0,0.2884,4.0,0.2885,2046.0
1753600362413,07:12:42.413,blofin,1INCH/USDT:USDT,0.2883,2090.0,0.2882,107639.0,0.2884,4.0,0.2885,2046.0
1753600362917,07:12:42.917,blofin,1INCH/USDT:USDT,0.2883,2089.0,0.2882,5.0,0.2884,4.0,0.2885,2046.0
1753600363417,07:12:43.417,blofin,1INCH/USDT:USDT,0.2883,2088.0,0.2882,5.0,0.2884,4.0,0.2885,2046.0
1753600364429,07:12:44.429,blofin,1INCH/USDT:USDT,0.2883,2088.0,0.2882,5.0,0.2884,4.0,0.2885,2108.0
1753600364918,07:12:44.918,blofin,1INCH/USDT:USDT,0.2883,2088.0,0.2882,5.0,0.2884,4.0,0.2885,2108.0
1753600365479,07:12:45.479,blofin,1INCH/USDT:USDT,0.2883,2092.0,0.288,70626.0,0.2885,1886.0,0.2886,102815.0
1753600365920,07:12:45.920,blofin,1INCH/USDT:USDT,0.2883,2092.0,0.2881,116612.0,0.2885,1884.0,0.2886,107456.0
1753600366421,07:12:46.421,blofin,1INCH/USDT:USDT,0.2883,2092.0,0.2881,116612.0,0.2885,1884.0,0.2886,107456.0
1753600367422,07:12:47.422,blofin,1INCH/USDT:USDT,0.2883,1363.0,0.2882,31688.0,0.2885,1886.0,0.2888,98809.0
1753600367922,07:12:47.922,blofin,1INCH/USDT:USDT,0.2883,1363.0,0.2882,1235.0,0.2885,1888.0,0.2887,50970.0
1753600368922,07:12:48.922,blofin,1INCH/USDT:USDT,0.2883,2092.0,0.288,42729.0,0.2885,1886.0,0.2889,76380.0
1753600369424,07:12:49.424,blofin,1INCH/USDT:USDT,0.2883,2095.0,0.288,42729.0,0.2885,1886.0,0.2889,76380.0
1753600369924,07:12:49.924,blofin,1INCH/USDT:USDT,0.2883,2095.0,0.2882,9220.0,0.2885,1886.0,0.2886,90259.0
1753600370476,07:12:50.476,blofin,1INCH/USDT:USDT,0.2883,2092.0,0.288,39996.0,0.2885,11794.0,0.2889,22190.0
1753600370925,07:12:50.925,blofin,1INCH/USDT:USDT,0.2883,2095.0,0.288,39996.0,0.2885,11794.0,0.2889,22190.0
1753600372428,07:12:52.428,blofin,1INCH/USDT:USDT,0.2883,1731.0,0.2879,49667.0,0.2885,11809.0,0.2886,10651.0
1753600372928,07:12:52.928,blofin,1INCH/USDT:USDT,0.2883,1727.0,0.2879,984.0,0.2885,11809.0,0.2887,43798.0
1753600373428,07:12:53.428,blofin,1INCH/USDT:USDT,0.2883,1727.0,0.2878,126765.0,0.2885,11809.0,0.2887,43798.0
1753600373929,07:12:53.929,blofin,1INCH/USDT:USDT,0.2883,2093.0,0.2881,21044.0,0.2885,11838.0,0.2887,66149.0
1753600374930,07:12:54.930,blofin,1INCH/USDT:USDT,0.2883,1730.0,0.2878,99853.0,0.2885,11838.0,0.289,2594.0
1753600375484,07:12:55.484,blofin,1INCH/USDT:USDT,0.2883,1362.0,0.2878,113626.0,0.2885,11837.0,0.2888,108721.0
1753600375932,07:12:55.932,blofin,1INCH/USDT:USDT,0.2883,1362.0,0.2878,113626.0,0.2885,11840.0,0.2888,108721.0
1753600376435,07:12:56.435,blofin,1INCH/USDT:USDT,0.2883,1363.0,0.2878,113626.0,0.2885,11840.0,0.2888,108721.0
1753600377238,07:12:57.238,blofin,1INCH/USDT:USDT,0.2883,580.0,0.288,102819.0,0.2885,10099.0,0.289,121730.0
1753600377947,07:12:57.947,blofin,1INCH/USDT:USDT,0.2883,580.0,0.2879,60771.0,0.2885,11888.0,0.289,11719.0
1753600378438,07:12:58.438,blofin,1INCH/USDT:USDT,0.2883,580.0,0.2879,60771.0,0.2885,11890.0,0.289,11719.0
1753600378941,07:12:58.941,blofin,1INCH/USDT:USDT,0.2883,580.0,0.2881,10221.0,0.2885,11915.0,0.289,102072.0
1753600379437,07:12:59.437,blofin,1INCH/USDT:USDT,0.2883,580.0,0.2881,10221.0,0.2885,11915.0,0.289,102072.0
1753600379937,07:12:59.937,blofin,1INCH/USDT:USDT,0.2883,945.0,0.2881,135440.0,0.2885,11915.0,0.2887,80532.0
1753600380941,07:13:00.941,blofin,1INCH/USDT:USDT,0.2883,948.0,0.2879,3682.0,0.2885,12539.0,0.2886,95272.0
1753600381941,07:13:01.941,blofin,1INCH/USDT:USDT,0.2883,809.0,0.288,76385.0,0.2885,12613.0,0.2889,52952.0
1753600382442,07:13:02.442,blofin,1INCH/USDT:USDT,0.2883,809.0,0.288,76385.0,0.2885,12614.0,0.2889,52952.0
1753600382942,07:13:02.942,blofin,1INCH/USDT:USDT,0.2883,808.0,0.288,109756.0,0.2885,12614.0,0.2887,33655.0
1753600383946,07:13:03.946,blofin,1INCH/USDT:USDT,0.2883,581.0,0.288,76182.0,0.2885,12614.0,0.2888,27839.0
1753600384443,07:13:04.443,blofin,1INCH/USDT:USDT,0.2883,582.0,0.288,76182.0,0.2885,12614.0,0.2888,27839.0
1753600384946,07:13:04.946,blofin,1INCH/USDT:USDT,0.2883,581.0,0.2878,40167.0,0.2885,12614.0,0.2889,5595.0
1753600385443,07:13:05.443,blofin,1INCH/USDT:USDT,0.2883,581.0,0.2878,40167.0,0.2885,12614.0,0.2889,5595.0
1753600386446,07:13:06.446,blofin,1INCH/USDT:USDT,0.2883,809.0,0.2881,101798.0,0.2885,12813.0,0.2886,8294.0
1753600386945,07:13:06.945,blofin,1INCH/USDT:USDT,0.2883,805.0,0.2879,88281.0,0.2885,12813.0,0.2886,8294.0
1753600387448,07:13:07.448,blofin,1INCH/USDT:USDT,0.2883,4.0,0.2882,575.0,0.2884,13196.0,0.2885,2.0
1753600387946,07:13:07.946,blofin,1INCH/USDT:USDT,0.2883,4.0,0.2882,506.0,0.2884,625.0,0.2886,8294.0
1753600389449,07:13:09.449,blofin,1INCH/USDT:USDT,0.2883,4.0,0.2882,114.0,0.2884,897.0,0.2886,8294.0
1753600389951,07:13:09.951,blofin,1INCH/USDT:USDT,0.2883,4.0,0.2882,734.0,0.2884,487.0,0.2886,8294.0
1753600390952,07:13:10.952,blofin,1INCH/USDT:USDT,0.2883,3.0,0.2882,528.0,0.2884,236.0,0.2889,23470.0
1753600391453,07:13:11.453,blofin,1INCH/USDT:USDT,0.2883,3.0,0.2882,528.0,0.2884,236.0,0.2889,23470.0
1753600391960,07:13:11.960,blofin,1INCH/USDT:USDT,0.2883,3.0,0.2882,2587.0,0.2884,58.0,0.2886,100337.0
1753600392456,07:13:12.456,blofin,1INCH/USDT:USDT,0.2883,3.0,0.2882,2588.0,0.2884,58.0,0.2886,100337.0
1753600393458,07:13:13.458,blofin,1INCH/USDT:USDT,0.2883,3.0,0.2882,2772.0,0.2884,214.0,0.2888,113639.0
1753600393958,07:13:13.958,blofin,1INCH/USDT:USDT,0.2883,3.0,0.2882,2369.0,0.2884,10923.0,0.2886,96868.0
1753600394459,07:13:14.459,blofin,1INCH/USDT:USDT,0.2883,3.0,0.2882,2368.0,0.2884,10923.0,0.2886,96868.0
1753600394960,07:13:14.960,blofin,1INCH/USDT:USDT,0.2883,3.0,0.2882,2368.0,0.2884,10932.0,0.2887,7493.0
1753600395962,07:13:15.962,blofin,1INCH/USDT:USDT,0.2882,2376.0,0.2879,64842.0,0.2884,11024.0,0.2885,4416.0
1753600396965,07:13:16.965,blofin,1INCH/USDT:USDT,0.2882,2376.0,0.2881,67144.0,0.2884,11024.0,0.2885,4416.0
1753600397964,07:13:17.964,blofin,1INCH/USDT:USDT,0.2882,2376.0,0.2881,75184.0,0.2884,11055.0,0.2887,34210.0
1753600398466,07:13:18.466,blofin,1INCH/USDT:USDT,0.2882,2376.0,0.2881,75184.0,0.2884,11056.0,0.2887,34210.0
1753600398968,07:13:18.968,blofin,1INCH/USDT:USDT,0.2882,2376.0,0.2879,72471.0,0.2884,11055.0,0.2887,51749.0
1753600399467,07:13:19.467,blofin,1INCH/USDT:USDT,0.2882,2376.0,0.2879,72471.0,0.2884,11055.0,0.2887,53562.0
1753600400468,07:13:20.468,blofin,1INCH/USDT:USDT,0.2882,2376.0,0.2881,95392.0,0.2884,11058.0,0.2887,17562.0
1753600401478,07:13:21.478,blofin,1INCH/USDT:USDT,0.2882,2373.0,0.2879,4358.0,0.2884,11828.0,0.2887,15749.0
1753600401971,07:13:21.971,blofin,1INCH/USDT:USDT,0.2882,2373.0,0.2881,33120.0,0.2884,11790.0,0.2886,94185.0
1753600402971,07:13:22.971,blofin,1INCH/USDT:USDT,0.2882,2190.0,0.288,115095.0,0.2884,11788.0,0.2887,15749.0
1753600403474,07:13:23.474,blofin,1INCH/USDT:USDT,0.2882,2190.0,0.288,115095.0,0.2884,11787.0,0.2887,15749.0
1753600403973,07:13:23.973,blofin,1INCH/USDT:USDT,0.2882,2373.0,0.2881,70682.0,0.2884,11944.0,0.2886,142949.0
1753600404977,07:13:24.977,blofin,1INCH/USDT:USDT,0.2882,2375.0,0.2881,61034.0,0.2884,11945.0,0.2887,15749.0
1753600405475,07:13:25.475,blofin,1INCH/USDT:USDT,0.2882,2375.0,0.2881,61034.0,0.2884,11945.0,0.2887,15749.0
1753600405976,07:13:25.976,blofin,1INCH/USDT:USDT,0.2882,2374.0,0.2879,39868.0,0.2884,11938.0,0.2886,97485.0
1753600406977,07:13:26.977,blofin,1INCH/USDT:USDT,0.2884,2014.0,0.2882,5.0,0.2886,7653.0,0.2887,15749.0
1753600407477,07:13:27.477,blofin,1INCH/USDT:USDT,0.2884,2014.0,0.2882,5.0,0.2886,7656.0,0.2887,15749.0
1753600407977,07:13:27.977,blofin,1INCH/USDT:USDT,0.2884,1137.0,0.2882,79011.0,0.2886,458.0,0.2887,15749.0
1753600408478,07:13:28.478,blofin,1INCH/USDT:USDT,0.2884,1137.0,0.2882,79011.0,0.2886,458.0,0.2887,15749.0
1753600408979,07:13:28.979,blofin,1INCH/USDT:USDT,0.2884,1137.0,0.2882,5.0,0.2886,460.0,0.2887,15749.0
1753600409984,07:13:29.984,blofin,1INCH/USDT:USDT,0.2884,2367.0,0.2882,14558.0,0.2886,188.0,0.2887,15749.0
1753600410483,07:13:30.483,blofin,1INCH/USDT:USDT,0.2884,2364.0,0.2882,14558.0,0.2886,188.0,0.2887,15749.0
1753600410983,07:13:30.983,blofin,1INCH/USDT:USDT,0.2884,1651.0,0.2882,5.0,0.2886,402.0,0.2887,24905.0
1753600411484,07:13:31.484,blofin,1INCH/USDT:USDT,0.2884,1653.0,0.2882,5.0,0.2886,402.0,0.2887,24905.0
1753600411984,07:13:31.984,blofin,1INCH/USDT:USDT,0.2884,2024.0,0.2883,3054.0,0.2886,407.0,0.2887,15749.0
1753600412484,07:13:32.484,blofin,1INCH/USDT:USDT,0.2884,2022.0,0.2883,3054.0,0.2886,407.0,0.2887,15749.0
1753600412985,07:13:32.985,blofin,1INCH/USDT:USDT,0.2884,2392.0,0.2882,5.0,0.2886,188.0,0.2887,15749.0
1753600413487,07:13:33.487,blofin,1INCH/USDT:USDT,0.2884,2392.0,0.2882,5.0,0.2886,186.0,0.2887,15749.0
1753600413986,07:13:33.986,blofin,1INCH/USDT:USDT,0.2884,2368.0,0.2882,5.0,0.2886,186.0,0.2887,15749.0
1753600414486,07:13:34.486,blofin,1INCH/USDT:USDT,0.2884,2368.0,0.2882,5.0,0.2886,189.0,0.2887,15749.0
1753600415381,07:13:35.381,blofin,1INCH/USDT:USDT,0.2884,2366.0,0.2882,5.0,0.2886,4.0,0.2887,15934.0
1753600415989,07:13:35.989,blofin,1INCH/USDT:USDT,0.2885,3.0,0.2884,74390.0,0.2887,17227.0,0.2889,20113.0
1753600416489,07:13:36.489,blofin,1INCH/USDT:USDT,0.2885,2.0,0.2884,74390.0,0.2887,17227.0,0.2889,20113.0
1753600416990,07:13:36.990,blofin,1INCH/USDT:USDT,0.2885,1061.0,0.2883,95510.0,0.2887,16081.0,0.2889,20113.0
1753600417991,07:13:37.991,blofin,1INCH/USDT:USDT,0.2885,645.0,0.2883,1003.0,0.2887,16291.0,0.2889,20113.0
1753600418491,07:13:38.491,blofin,1INCH/USDT:USDT,0.2885,645.0,0.2883,1003.0,0.2887,16293.0,0.2889,20113.0
1753600418991,07:13:38.991,blofin,1INCH/USDT:USDT,0.2885,1066.0,0.2882,102019.0,0.2887,16082.0,0.2889,47517.0
1753600419492,07:13:39.492,blofin,1INCH/USDT:USDT,0.2885,1066.0,0.2882,102019.0,0.2887,16085.0,0.2889,47517.0
1753600419992,07:13:39.992,blofin,1INCH/USDT:USDT,0.2885,1170.0,0.2882,5.0,0.2887,16086.0,0.2889,20113.0
1753600420995,07:13:40.995,blofin,1INCH/USDT:USDT,0.2885,1751.0,0.2882,5.0,0.2887,15943.0,0.2889,20113.0
1753600421495,07:13:41.495,blofin,1INCH/USDT:USDT,0.2885,1753.0,0.2882,5.0,0.2887,15943.0,0.2889,20113.0
1753600421996,07:13:41.996,blofin,1INCH/USDT:USDT,0.2885,2123.0,0.2884,25092.0,0.2887,15943.0,0.2889,20113.0
1753600422498,07:13:42.498,blofin,1INCH/USDT:USDT,0.2885,2121.0,0.2884,25092.0,0.2887,15943.0,0.2889,20113.0
1753600422998,07:13:42.998,blofin,1INCH/USDT:USDT,0.2885,1707.0,0.2882,3903.0,0.2887,16158.0,0.2889,20113.0
1753600423999,07:13:43.999,blofin,1INCH/USDT:USDT,0.2885,2348.0,0.2882,5.0,0.2887,15941.0,0.2889,20113.0
1753600424500,07:13:44.500,blofin,1INCH/USDT:USDT,0.2885,2346.0,0.2882,5.0,0.2887,15941.0,0.2889,20113.0
1753600425001,07:13:45.001,blofin,1INCH/USDT:USDT,0.2885,1606.0,0.2883,105206.0,0.2887,16156.0,0.2889,20113.0
1753600425503,07:13:45.503,blofin,1INCH/USDT:USDT,0.2885,1604.0,0.2883,105206.0,0.2887,16156.0,0.2889,20113.0
1753600426003,07:13:46.003,blofin,1INCH/USDT:USDT,0.2885,2350.0,0.2881,18251.0,0.2887,198.0,0.2888,113161.0
1753600426503,07:13:46.503,blofin,1INCH/USDT:USDT,0.2885,2350.0,0.2881,18251.0,0.2887,199.0,0.2888,113161.0
1753600427005,07:13:47.005,blofin,1INCH/USDT:USDT,0.2885,2350.0,0.2883,68977.0,0.2887,199.0,0.2888,62783.0
1753600428006,07:13:48.006,blofin,1INCH/USDT:USDT,0.2885,1600.0,0.288,82076.0,0.2887,415.0,0.2889,132261.0
1753600428508,07:13:48.508,blofin,1INCH/USDT:USDT,0.2885,1600.0,0.288,76041.0,0.2887,415.0,0.2889,132261.0
1753600429008,07:13:49.008,blofin,1INCH/USDT:USDT,0.2885,1598.0,0.2882,16641.0,0.2887,202.0,0.2892,66043.0
1753600429507,07:13:49.507,blofin,1INCH/USDT:USDT,0.2885,1598.0,0.2882,16641.0,0.2887,199.0,0.2892,66043.0
1753600430012,07:13:50.012,blofin,1INCH/USDT:USDT,0.2885,2338.0,0.2881,28641.0,0.2887,200.0,0.2891,104154.0
1753600430511,07:13:50.511,blofin,1INCH/USDT:USDT,0.2885,2338.0,0.2881,28641.0,0.2887,200.0,0.2891,104154.0
1753600431010,07:13:51.010,blofin,1INCH/USDT:USDT,0.2885,2339.0,0.2882,10917.0,0.2887,433.0,0.2892,44972.0
1753600432013,07:13:52.013,blofin,1INCH/USDT:USDT,0.2885,2339.0,0.288,45573.0,0.2887,435.0,0.2891,19301.0
1753600432513,07:13:52.513,blofin,1INCH/USDT:USDT,0.2885,2339.0,0.288,47383.0,0.2887,435.0,0.2891,19301.0
1753600433514,07:13:53.514,blofin,1INCH/USDT:USDT,0.2885,2343.0,0.2884,49387.0,0.2887,212.0,0.289,114690.0
1753600434016,07:13:54.016,blofin,1INCH/USDT:USDT,0.2885,2341.0,0.2884,49387.0,0.2887,212.0,0.289,114690.0
1753600434515,07:13:54.515,blofin,1INCH/USDT:USDT,0.2885,2341.0,0.2883,12858.0,0.2887,566.0,0.2888,83049.0
1753600435017,07:13:55.017,blofin,1INCH/USDT:USDT,0.2885,2341.0,0.2883,12858.0,0.2887,565.0,0.2888,83049.0
1753600435516,07:13:55.516,blofin,1INCH/USDT:USDT,0.2885,2344.0,0.2883,12858.0,0.2887,564.0,0.2888,83049.0
1753600436515,07:13:56.515,blofin,1INCH/USDT:USDT,0.2885,2344.0,0.2882,87761.0,0.2887,352.0,0.289,66389.0
1753600437021,07:13:57.021,blofin,1INCH/USDT:USDT,0.2885,2340.0,0.2882,87761.0,0.2887,352.0,0.289,66389.0
1753600437516,07:13:57.516,blofin,1INCH/USDT:USDT,0.2885,2340.0,0.2884,56190.0,0.2887,352.0,0.2889,123764.0
1753600438023,07:13:58.023,blofin,1INCH/USDT:USDT,0.2885,2340.0,0.2884,56190.0,0.2887,351.0,0.2889,123764.0
1753600439024,07:13:59.024,blofin,1INCH/USDT:USDT,0.2885,1972.0,0.2884,66780.0,0.2887,352.0,0.2891,86126.0
1753600439523,07:13:59.523,blofin,1INCH/USDT:USDT,0.2885,1602.0,0.2884,8457.0,0.2887,572.0,0.289,63079.0
1753600440026,07:14:00.026,blofin,1INCH/USDT:USDT,0.2885,1603.0,0.2884,8457.0,0.2887,572.0,0.289,63079.0
1753600441029,07:14:01.029,blofin,1INCH/USDT:USDT,0.2885,1600.0,0.2884,118008.0,0.2887,572.0,0.2892,23624.0
1753600442031,07:14:02.031,blofin,1INCH/USDT:USDT,0.2885,1405.0,0.2881,70124.0,0.2887,623.0,0.2892,18195.0
1753600442520,07:14:02.520,blofin,1INCH/USDT:USDT,0.2885,1405.0,0.2881,7926.0,0.2887,628.0,0.289,129901.0
1753600443030,07:14:03.030,blofin,1INCH/USDT:USDT,0.2885,3.0,0.2884,1404.0,0.2886,625.0,0.2887,3.0
1753600443522,07:14:03.522,blofin,1INCH/USDT:USDT,0.2885,3.0,0.2884,972.0,0.2886,185.0,0.2887,36110.0
1753600444032,07:14:04.032,blofin,1INCH/USDT:USDT,0.2885,3.0,0.2884,972.0,0.2886,185.0,0.2887,36110.0
1753600444521,07:14:04.521,blofin,1INCH/USDT:USDT,0.2885,3.0,0.2884,972.0,0.2886,185.0,0.2887,3.0
1753600445521,07:14:05.521,blofin,1INCH/USDT:USDT,0.2885,3.0,0.2884,970.0,0.2886,190.0,0.2887,7427.0
1753600446034,07:14:06.034,blofin,1INCH/USDT:USDT,0.2885,3.0,0.2884,2105.0,0.2886,10.0,0.2887,68252.0
1753600446521,07:14:06.521,blofin,1INCH/USDT:USDT,0.2885,3.0,0.2884,2114.0,0.2886,10.0,0.2887,118537.0
1753600447035,07:14:07.035,blofin,1INCH/USDT:USDT,0.2885,3.0,0.2884,2117.0,0.2886,6.0,0.2887,118537.0
1753600447524,07:14:07.524,blofin,1INCH/USDT:USDT,0.2885,3.0,0.2884,1146.0,0.2886,310.0,0.2887,7427.0
1753600448037,07:14:08.037,blofin,1INCH/USDT:USDT,0.2885,3.0,0.2884,1146.0,0.2886,311.0,0.2887,7427.0
1753600449037,07:14:09.037,blofin,1INCH/USDT:USDT,0.2885,3.0,0.2884,1143.0,0.2886,490.0,0.2887,7427.0
1753600449523,07:14:09.523,blofin,1INCH/USDT:USDT,0.2885,3.0,0.2884,1143.0,0.2886,490.0,0.2887,7427.0
1753600450038,07:14:10.038,blofin,1INCH/USDT:USDT,0.2885,3.0,0.2884,1146.0,0.2886,491.0,0.2887,7427.0
1753600450732,07:14:10.732,blofin,1INCH/USDT:USDT,0.2884,2.0,0.2883,1141.0,0.2885,488.0,0.2886,85706.0
1753600451040,07:14:11.040,blofin,1INCH/USDT:USDT,0.2884,2.0,0.2883,1141.0,0.2885,488.0,0.2886,85706.0
1753600452041,07:14:12.041,blofin,1INCH/USDT:USDT,0.2883,953.0,0.2879,15138.0,0.2885,330.0,0.2887,1.0
1753600452526,07:14:12.526,blofin,1INCH/USDT:USDT,0.2883,953.0,0.2882,12284.0,0.2885,359.0,0.2887,1.0
1753600453042,07:14:13.042,blofin,1INCH/USDT:USDT,0.2883,953.0,0.2882,12284.0,0.2885,358.0,0.2887,1.0
1753600453526,07:14:13.526,blofin,1INCH/USDT:USDT,0.2883,580.0,0.2879,15138.0,0.2885,521.0,0.2887,1.0
1753600454044,07:14:14.044,blofin,1INCH/USDT:USDT,0.2883,580.0,0.2879,15138.0,0.2885,524.0,0.2887,1.0
1753600454527,07:14:14.527,blofin,1INCH/USDT:USDT,0.2883,580.0,0.288,97248.0,0.2885,1578.0,0.2887,1.0
1753600455051,07:14:15.051,blofin,1INCH/USDT:USDT,0.2883,579.0,0.288,97248.0,0.2885,1576.0,0.2887,1.0
1753600456047,07:14:16.047,blofin,1INCH/USDT:USDT,0.2883,6.0,0.288,101498.0,0.2885,2318.0,0.2888,119404.0
1753600456528,07:14:16.528,blofin,1INCH/USDT:USDT,0.2883,1518.0,0.288,40470.0,0.2885,506.0,0.2888,65704.0
1753600457049,07:14:17.049,blofin,1INCH/USDT:USDT,0.2883,1520.0,0.288,40470.0,0.2885,505.0,0.2888,65704.0
1753600457527,07:14:17.527,blofin,1INCH/USDT:USDT,0.2883,391.0,0.2879,80734.0,0.2885,540.0,0.2886,10862.0
1753600458050,07:14:18.050,blofin,1INCH/USDT:USDT,0.2883,391.0,0.2879,80734.0,0.2885,540.0,0.2886,10862.0
1753600459050,07:14:19.050,blofin,1INCH/USDT:USDT,0.2883,391.0,0.2878,17027.0,0.2885,541.0,0.2887,116841.0
1753600459532,07:14:19.532,blofin,1INCH/USDT:USDT,0.2883,8.0,0.2882,79263.0,0.2885,493.0,0.2888,107820.0
1753600460052,07:14:20.052,blofin,1INCH/USDT:USDT,0.2883,8.0,0.2882,79263.0,0.2885,493.0,0.2888,107820.0
1753600460530,07:14:20.530,blofin,1INCH/USDT:USDT,0.2883,7.0,0.2882,79263.0,0.2885,494.0,0.2888,107820.0
1753600461053,07:14:21.053,blofin,1INCH/USDT:USDT,0.2883,1513.0,0.2882,56740.0,0.2885,351.0,0.2888,39295.0
1753600461531,07:14:21.531,blofin,1INCH/USDT:USDT,0.2883,1516.0,0.2878,47866.0,0.2885,164.0,0.2887,11072.0
1753600462531,07:14:22.531,blofin,1INCH/USDT:USDT,0.2883,1516.0,0.2882,35635.0,0.2885,444.0,0.2886,85838.0
1753600463055,07:14:23.055,blofin,1INCH/USDT:USDT,0.2883,1514.0,0.2882,35635.0,0.2885,444.0,0.2886,85838.0
1753600463534,07:14:23.534,blofin,1INCH/USDT:USDT,0.2883,8.0,0.2881,58268.0,0.2885,10510.0,0.289,110639.0
1753600464056,07:14:24.056,blofin,1INCH/USDT:USDT,0.2883,8.0,0.2881,58268.0,0.2885,10506.0,0.289,107994.0
1753600464532,07:14:24.532,blofin,1INCH/USDT:USDT,0.2883,8.0,0.2879,33725.0,0.2885,10506.0,0.2886,83417.0
1753600465062,07:14:25.062,blofin,1INCH/USDT:USDT,0.2883,11.0,0.2879,33725.0,0.2885,10509.0,0.2886,83417.0
1753600466062,07:14:26.062,blofin,1INCH/USDT:USDT,0.2883,8.0,0.288,42018.0,0.2885,10509.0,0.2887,2528.0
1753600466536,07:14:26.536,blofin,1INCH/USDT:USDT,0.2883,8.0,0.288,101827.0,0.2885,11807.0,0.289,91281.0
1753600467062,07:14:27.062,blofin,1INCH/USDT:USDT,0.2883,7.0,0.288,101827.0,0.2885,11805.0,0.289,91281.0
1753600467847,07:14:27.847,blofin,1INCH/USDT:USDT,0.2881,385.0,0.2879,73526.0,0.2883,496.0,0.2885,5.0
1753600468063,07:14:28.063,blofin,1INCH/USDT:USDT,0.2881,1738.0,0.2879,55950.0,0.2883,974.0,0.2885,5.0
1753600469064,07:14:29.064,blofin,1INCH/USDT:USDT,0.288,3.0,0.2876,20161.0,0.2883,1645.0,0.2885,5.0
1753600469536,07:14:29.536,blofin,1INCH/USDT:USDT,0.288,2298.0,0.2877,90492.0,0.2883,3614.0,0.2885,5.0
1753600470068,07:14:30.068,blofin,1INCH/USDT:USDT,0.288,2298.0,0.2877,90492.0,0.2883,3616.0,0.2885,3.0
1753600470592,07:14:30.592,blofin,1INCH/USDT:USDT,0.288,4156.0,0.2879,98372.0,0.2882,5053.0,0.2883,3.0
1753600471069,07:14:31.069,blofin,1INCH/USDT:USDT,0.288,4157.0,0.2879,98372.0,0.2882,5053.0,0.2883,3.0
1753600471540,07:14:31.540,blofin,1INCH/USDT:USDT,0.288,742.0,0.2876,20161.0,0.2882,180.0,0.2883,10852.0
1753600472068,07:14:32.068,blofin,1INCH/USDT:USDT,0.288,740.0,0.2876,20161.0,0.2882,183.0,0.2883,10849.0
1753600472538,07:14:32.538,blofin,1INCH/USDT:USDT,0.288,736.0,0.2878,128923.0,0.2882,235.0,0.2884,13073.0
1753600473073,07:14:33.073,blofin,1INCH/USDT:USDT,0.288,736.0,0.2878,128923.0,0.2882,234.0,0.2884,16153.0
1753600473543,07:14:33.543,blofin,1INCH/USDT:USDT,0.288,733.0,0.2877,61280.0,0.2882,556.0,0.2884,95752.0
1753600474074,07:14:34.074,blofin,1INCH/USDT:USDT,0.288,737.0,0.2877,61280.0,0.2882,556.0,0.2884,95752.0
1753600475076,07:14:35.076,blofin,1INCH/USDT:USDT,0.288,916.0,0.2877,88260.0,0.2882,363.0,0.2884,3080.0
1753600475543,07:14:35.543,blofin,1INCH/USDT:USDT,0.288,913.0,0.2877,88260.0,0.2882,362.0,0.2885,3.0
1753600476079,07:14:36.079,blofin,1INCH/USDT:USDT,0.288,914.0,0.2879,32261.0,0.2882,416.0,0.2884,42020.0
1753600476544,07:14:36.544,blofin,1INCH/USDT:USDT,0.288,914.0,0.2878,33556.0,0.2882,415.0,0.2884,66833.0
1753600477079,07:14:37.079,blofin,1INCH/USDT:USDT,0.288,913.0,0.2878,33556.0,0.2882,418.0,0.2884,66833.0
1753600478080,07:14:38.080,blofin,1INCH/USDT:USDT,0.288,331.0,0.2876,20161.0,0.2882,10623.0,0.2885,3.0
1753600478543,07:14:38.543,blofin,1INCH/USDT:USDT,0.288,327.0,0.2876,20161.0,0.2882,10623.0,0.2885,3.0
1753600479081,07:14:39.081,blofin,1INCH/USDT:USDT,0.288,327.0,0.2876,20161.0,0.2882,10623.0,0.2885,3.0
1753600479544,07:14:39.544,blofin,1INCH/USDT:USDT,0.288,737.0,0.2879,72640.0,0.2882,10727.0,0.2885,42196.0
1753600480083,07:14:40.083,blofin,1INCH/USDT:USDT,0.288,737.0,0.2879,72640.0,0.2882,10727.0,0.2885,42196.0
1753600480544,07:14:40.544,blofin,1INCH/USDT:USDT,0.288,736.0,0.2879,72640.0,0.2882,10729.0,0.2885,42196.0
1753600481545,07:14:41.545,blofin,1INCH/USDT:USDT,0.288,799.0,0.2876,144443.0,0.2882,10729.0,0.2884,101856.0
1753600482085,07:14:42.085,blofin,1INCH/USDT:USDT,0.288,799.0,0.2876,144443.0,0.2882,10730.0,0.2884,101856.0
1753600482545,07:14:42.545,blofin,1INCH/USDT:USDT,0.288,799.0,0.2878,2659.0,0.2882,10730.0,0.2885,3.0
1753600483457,07:14:43.457,blofin,1INCH/USDT:USDT,0.288,3.0,0.2879,618.0,0.2882,11557.0,0.2884,45434.0
1753600484090,07:14:44.090,blofin,1INCH/USDT:USDT,0.2879,955.0,0.2876,20161.0,0.2882,386.0,0.2885,3.0
1753600484611,07:14:44.611,blofin,1INCH/USDT:USDT,0.2879,955.0,0.2876,20161.0,0.2881,15333.0,0.2882,19190.0
1753600485092,07:14:45.092,blofin,1INCH/USDT:USDT,0.2879,957.0,0.2876,20161.0,0.2882,15334.0,0.2884,62288.0
1753600485564,07:14:45.564,blofin,1INCH/USDT:USDT,0.2879,959.0,0.2874,23633.0,0.2882,15339.0,0.2884,72298.0
1753600486548,07:14:46.548,blofin,1INCH/USDT:USDT,0.2879,958.0,0.2874,67958.0,0.2882,15412.0,0.2883,10862.0
1753600487548,07:14:47.548,blofin,1INCH/USDT:USDT,0.2879,931.0,0.2877,96403.0,0.2882,16156.0,0.2884,10010.0
1753600488094,07:14:48.094,blofin,1INCH/USDT:USDT,0.2879,931.0,0.2877,96403.0,0.2882,16155.0,0.2884,10010.0
1753600488554,07:14:48.554,blofin,1INCH/USDT:USDT,0.2879,931.0,0.2875,5982.0,0.2882,16155.0,0.2884,10010.0
1753600489097,07:14:49.097,blofin,1INCH/USDT:USDT,0.2879,929.0,0.2875,5982.0,0.2882,16155.0,0.2884,10010.0
1753600489553,07:14:49.553,blofin,1INCH/USDT:USDT,0.2879,929.0,0.2877,44620.0,0.2882,16155.0,0.2884,10010.0
1753600490322,07:14:50.322,blofin,1INCH/USDT:USDT,0.2879,932.0,0.2877,17263.0,0.2881,16149.0,0.2882,10.0
1753600490554,07:14:50.554,blofin,1INCH/USDT:USDT,0.2879,931.0,0.2877,17263.0,0.2881,16154.0,0.2882,5.0
1753600491158,07:14:51.158,blofin,1INCH/USDT:USDT,0.2879,6.0,0.2878,2.0,0.2881,3230.0,0.2882,5.0
1753600491563,07:14:51.563,blofin,1INCH/USDT:USDT,0.2879,6.0,0.2878,888.0,0.2881,8310.0,0.2882,5.0
1753600492098,07:14:52.098,blofin,1INCH/USDT:USDT,0.2879,2.0,0.2878,892.0,0.2881,8308.0,0.2882,5.0
1753600492555,07:14:52.555,blofin,1INCH/USDT:USDT,0.2879,2.0,0.2878,892.0,0.2881,7905.0,0.2882,10345.0
1753600493100,07:14:53.100,blofin,1INCH/USDT:USDT,0.2879,2.0,0.2878,893.0,0.2881,7905.0,0.2882,10345.0
1753600493556,07:14:53.556,blofin,1INCH/USDT:USDT,0.2879,2.0,0.2878,893.0,0.2881,8153.0,0.2882,5.0
1753600494558,07:14:54.558,blofin,1INCH/USDT:USDT,0.2879,2.0,0.2878,891.0,0.2881,8153.0,0.2882,5.0
1753600495099,07:14:55.099,blofin,1INCH/USDT:USDT,0.2879,2.0,0.2878,892.0,0.2881,8153.0,0.2882,5.0
1753600495557,07:14:55.557,blofin,1INCH/USDT:USDT,0.2879,2.0,0.2878,892.0,0.288,8155.0,0.2881,1438.0
1753600496102,07:14:56.102,blofin,1INCH/USDT:USDT,0.2879,2.0,0.2878,302.0,0.288,2151.0,0.2881,1438.0
1753600496558,07:14:56.558,blofin,1INCH/USDT:USDT,0.2879,2.0,0.2878,302.0,0.288,2157.0,0.2881,1438.0
1753600497558,07:14:57.558,blofin,1INCH/USDT:USDT,0.2878,2.0,0.2877,760.0,0.2879,182.0,0.288,81633.0
1753600498105,07:14:58.105,blofin,1INCH/USDT:USDT,0.2878,2.0,0.2877,760.0,0.288,186.0,0.2881,68405.0
1753600498560,07:14:58.560,blofin,1INCH/USDT:USDT,0.2878,979.0,0.2875,126881.0,0.288,544.0,0.2882,59580.0
1753600499107,07:14:59.107,blofin,1INCH/USDT:USDT,0.2878,981.0,0.2875,126881.0,0.288,544.0,0.2882,59580.0
1753600499562,07:14:59.562,blofin,1INCH/USDT:USDT,0.2878,981.0,0.2875,31621.0,0.288,10941.0,0.2882,70210.0
1753600501113,07:15:01.113,blofin,1INCH/USDT:USDT,0.2878,1536.0,0.2874,54520.0,0.288,10952.0,0.2882,54603.0
1753600501616,07:15:01.616,blofin,1INCH/USDT:USDT,0.2878,1159.0,0.2874,91431.0,0.288,11078.0,0.2882,3582.0
1753600502338,07:15:02.338,blofin,1INCH/USDT:USDT,0.2878,1.0,0.2877,992.0,0.2879,12470.0,0.288,4.0
1753600502564,07:15:02.564,blofin,1INCH/USDT:USDT,0.2878,1.0,0.2876,8520.0,0.2879,5792.0,0.288,48397.0
1753600503617,07:15:03.617,blofin,1INCH/USDT:USDT,0.2876,5718.0,0.2874,6261.0,0.2879,5445.0,0.288,4.0
1753600504117,07:15:04.117,blofin,1INCH/USDT:USDT,0.2876,5718.0,0.2874,6261.0,0.2879,5445.0,0.288,4.0
1753600504618,07:15:04.618,blofin,1INCH/USDT:USDT,0.2876,5718.0,0.2873,305.0,0.2879,3990.0,0.288,45932.0
1753600505118,07:15:05.118,blofin,1INCH/USDT:USDT,0.2877,5717.0,0.2875,86753.0,0.2879,3990.0,0.2881,81226.0
1753600505568,07:15:05.568,blofin,1INCH/USDT:USDT,0.2877,5718.0,0.2875,86753.0,0.2879,3994.0,0.2881,81226.0
1753600506618,07:15:06.618,blofin,1INCH/USDT:USDT,0.2877,2891.0,0.2873,6385.0,0.2879,36.0,0.288,24310.0
1753600507568,07:15:07.568,blofin,1INCH/USDT:USDT,0.2879,743.0,0.2877,2.0,0.2881,484.0,0.2882,5.0
1753600508121,07:15:08.121,blofin,1INCH/USDT:USDT,0.2879,743.0,0.2878,47563.0,0.2882,493.0,0.2884,14372.0
1753600508569,07:15:08.569,blofin,1INCH/USDT:USDT,0.2879,4861.0,0.2877,2.0,0.2882,2389.0,0.2884,10010.0
1753600509120,07:15:09.120,blofin,1INCH/USDT:USDT,0.2879,4861.0,0.2877,2.0,0.2882,2390.0,0.2884,10010.0
1753600509845,07:15:09.845,blofin,1INCH/USDT:USDT,0.2879,2461.0,0.2877,77018.0,0.2881,4115.0,0.2882,10.0
1753600510623,07:15:10.623,blofin,1INCH/USDT:USDT,0.2878,5779.0,0.2876,11894.0,0.2881,4313.0,0.2882,5.0
1753600511124,07:15:11.124,blofin,1INCH/USDT:USDT,0.2878,5779.0,0.2876,11894.0,0.2881,4314.0,0.2882,5.0
1753600511625,07:15:11.625,blofin,1INCH/USDT:USDT,0.2878,189.0,0.2873,91905.0,0.288,1768.0,0.2881,5.0
1753600513127,07:15:13.127,blofin,1INCH/USDT:USDT,0.2878,1318.0,0.2873,38980.0,0.288,1140.0,0.2881,5.0
1753600513630,07:15:13.630,blofin,1INCH/USDT:USDT,0.2878,761.0,0.2874,101228.0,0.288,1140.0,0.2881,5.0
1753600514130,07:15:14.130,blofin,1INCH/USDT:USDT,0.2878,761.0,0.2874,101228.0,0.288,1144.0,0.2882,53784.0
1753600514629,07:15:14.629,blofin,1INCH/USDT:USDT,0.2878,761.0,0.2876,25716.0,0.288,339.0,0.2882,5.0
1753600515131,07:15:15.131,blofin,1INCH/USDT:USDT,0.2878,761.0,0.2876,25716.0,0.288,339.0,0.2882,5.0
1753600516132,07:15:16.132,blofin,1INCH/USDT:USDT,0.2878,765.0,0.2874,53359.0,0.288,2441.0,0.2883,12843.0
1753600516650,07:15:16.650,blofin,1INCH/USDT:USDT,0.2878,765.0,0.2874,87093.0,0.288,2441.0,0.2883,23237.0
1753600517134,07:15:17.134,blofin,1INCH/USDT:USDT,0.2878,763.0,0.2874,87093.0,0.288,2441.0,0.2883,23237.0
1753600517844,07:15:17.844,blofin,1INCH/USDT:USDT,0.2879,1231.0,0.2878,5.0,0.288,3.0,0.2881,1396.0
1753600518575,07:15:18.575,blofin,1INCH/USDT:USDT,0.2879,1725.0,0.2878,4.0,0.288,3.0,0.2881,244.0
1753600519636,07:15:19.636,blofin,1INCH/USDT:USDT,0.2879,1724.0,0.2878,4.0,0.288,3.0,0.2881,244.0
1753600520146,07:15:20.146,blofin,1INCH/USDT:USDT,0.2879,1722.0,0.2878,4.0,0.288,3.0,0.2881,244.0
1753600520638,07:15:20.638,blofin,1INCH/USDT:USDT,0.2879,1315.0,0.2878,4.0,0.288,1.0,0.2881,252.0
1753600521641,07:15:21.641,blofin,1INCH/USDT:USDT,0.2879,1330.0,0.2878,4.0,0.288,1.0,0.2881,254.0
1753600522641,07:15:22.641,blofin,1INCH/USDT:USDT,0.2879,1330.0,0.2878,4.0,0.288,1.0,0.2881,255.0
1753600523140,07:15:23.140,blofin,1INCH/USDT:USDT,0.2879,1330.0,0.2878,4.0,0.288,1.0,0.2881,252.0
1753600523640,07:15:23.640,blofin,1INCH/USDT:USDT,0.2879,1330.0,0.2878,4.0,0.288,1.0,0.2881,408.0
1753600524143,07:15:24.143,blofin,1INCH/USDT:USDT,0.2879,1330.0,0.2878,4.0,0.288,1.0,0.2881,411.0
1753600525145,07:15:25.145,blofin,1INCH/USDT:USDT,0.2879,1330.0,0.2878,4.0,0.288,1.0,0.2881,412.0
1753600525644,07:15:25.644,blofin,1INCH/USDT:USDT,0.2879,1312.0,0.2878,4.0,0.288,1.0,0.2881,735.0
1753600526144,07:15:26.144,blofin,1INCH/USDT:USDT,0.2879,1312.0,0.2878,4.0,0.288,1.0,0.2881,735.0
1753600526824,07:15:26.824,blofin,1INCH/USDT:USDT,0.2879,2.0,0.2878,4.0,0.288,2307.0,0.2881,3.0
1753600527267,07:15:27.267,blofin,1INCH/USDT:USDT,0.2878,4.0,0.2877,3784.0,0.2879,4927.0,0.288,1.0
1753600527647,07:15:27.647,blofin,1INCH/USDT:USDT,0.2878,4.0,0.2877,293.0,0.2879,1469.0,0.288,1.0
1753600528649,07:15:28.649,blofin,1INCH/USDT:USDT,0.2878,4.0,0.2877,1812.0,0.2879,1179.0,0.288,1.0
1753600529150,07:15:29.150,blofin,1INCH/USDT:USDT,0.2878,4.0,0.2877,1812.0,0.2879,1179.0,0.288,1.0
1753600529650,07:15:29.650,blofin,1INCH/USDT:USDT,0.2878,4.0,0.2877,1812.0,0.2879,454.0,0.288,1.0
1753600530152,07:15:30.152,blofin,1INCH/USDT:USDT,0.2878,4.0,0.2877,1813.0,0.2879,454.0,0.288,1.0
1753600530652,07:15:30.652,blofin,1INCH/USDT:USDT,0.2878,4.0,0.2877,298.0,0.2879,476.0,0.288,2880.0
1753600531654,07:15:31.654,blofin,1INCH/USDT:USDT,0.2878,4.0,0.2877,1473.0,0.2879,219.0,0.288,99433.0
1753600532154,07:15:32.154,blofin,1INCH/USDT:USDT,0.2878,4.0,0.2877,1473.0,0.2879,217.0,0.288,99433.0
1753600532655,07:15:32.655,blofin,1INCH/USDT:USDT,0.2878,4.0,0.2877,1472.0,0.2879,217.0,0.288,4026.0
1753600533657,07:15:33.657,blofin,1INCH/USDT:USDT,0.2878,4.0,0.2877,294.0,0.2879,5402.0,0.288,4026.0
1753600534589,07:15:34.589,blofin,1INCH/USDT:USDT,0.2878,4.0,0.2877,294.0,0.2879,5406.0,0.288,91488.0
1753600535165,07:15:35.165,blofin,1INCH/USDT:USDT,0.2878,4.0,0.2877,295.0,0.2879,5404.0,0.288,91488.0
1753600535661,07:15:35.661,blofin,1INCH/USDT:USDT,0.2878,4.0,0.2877,114.0,0.2879,6802.0,0.288,76258.0
1753600536164,07:15:36.164,blofin,1INCH/USDT:USDT,0.2878,4.0,0.2877,114.0,0.2879,6799.0,0.288,76258.0
1753600536663,07:15:36.663,blofin,1INCH/USDT:USDT,0.2878,4.0,0.2877,112.0,0.2879,8001.0,0.288,1.0
1753600537591,07:15:37.591,blofin,1INCH/USDT:USDT,0.2878,4.0,0.2877,112.0,0.2879,8001.0,0.288,83364.0
1753600538166,07:15:38.166,blofin,1INCH/USDT:USDT,0.2878,4.0,0.2877,112.0,0.2879,8002.0,0.288,83364.0
1753600538667,07:15:38.667,blofin,1INCH/USDT:USDT,0.2878,4.0,0.2877,112.0,0.2879,8000.0,0.288,28849.0
1753600539167,07:15:39.167,blofin,1INCH/USDT:USDT,0.2878,4.0,0.2877,112.0,0.2879,8001.0,0.288,28849.0
1753600539668,07:15:39.668,blofin,1INCH/USDT:USDT,0.2878,4.0,0.2877,112.0,0.2879,8287.0,0.288,1.0
1753600540669,07:15:40.669,blofin,1INCH/USDT:USDT,0.2876,186.0,0.2874,73797.0,0.2878,2893.0,0.2879,43170.0
1753600541170,07:15:41.170,blofin,1INCH/USDT:USDT,0.2876,184.0,0.2874,73797.0,0.2878,2893.0,0.2879,43170.0
1753600541670,07:15:41.670,blofin,1INCH/USDT:USDT,0.2876,186.0,0.2871,62267.0,0.2878,2895.0,0.2879,5704.0
1753600542594,07:15:42.594,blofin,1INCH/USDT:USDT,0.2876,1129.0,0.2872,22239.0,0.2878,187.0,0.2879,5704.0
1753600543173,07:15:43.173,blofin,1INCH/USDT:USDT,0.2876,1133.0,0.2872,22239.0,0.2878,186.0,0.2879,5704.0
1753600543674,07:15:43.674,blofin,1INCH/USDT:USDT,0.2876,186.0,0.2873,38017.0,0.2878,7733.0,0.2879,5704.0
1753600544675,07:15:44.675,blofin,1INCH/USDT:USDT,0.2876,1682.0,0.2875,124744.0,0.2878,7553.0,0.2879,84901.0
1753600545176,07:15:45.176,blofin,1INCH/USDT:USDT,0.2876,1679.0,0.2875,124744.0,0.2878,7553.0,0.2879,84901.0
1753600546179,07:15:46.179,blofin,1INCH/USDT:USDT,0.2876,1687.0,0.2871,86605.0,0.2878,7558.0,0.2879,59086.0
1753600546598,07:15:46.598,blofin,1INCH/USDT:USDT,0.2876,1306.0,0.2872,105612.0,0.2878,7639.0,0.2881,84540.0
1753600547180,07:15:47.180,blofin,1INCH/USDT:USDT,0.2876,1306.0,0.2872,105612.0,0.2878,7636.0,0.2881,84540.0
1753600547680,07:15:47.680,blofin,1INCH/USDT:USDT,0.2876,1558.0,0.2873,97261.0,0.2878,7638.0,0.288,75887.0
1753600548180,07:15:48.180,blofin,1INCH/USDT:USDT,0.2876,1558.0,0.2873,97261.0,0.2878,7638.0,0.288,75887.0
1753600548682,07:15:48.682,blofin,1INCH/USDT:USDT,0.2876,929.0,0.2871,26936.0,0.2878,7639.0,0.2879,99420.0
1753600549688,07:15:49.688,blofin,1INCH/USDT:USDT,0.2876,1304.0,0.2875,109406.0,0.2878,7639.0,0.288,105252.0
1753600550185,07:15:50.185,blofin,1INCH/USDT:USDT,0.2876,1304.0,0.2875,109406.0,0.2878,7639.0,0.288,105252.0
1753600551687,07:15:51.687,blofin,1INCH/USDT:USDT,0.2876,2126.0,0.2871,12897.0,0.2878,7697.0,0.288,1682.0
1753600552187,07:15:52.187,blofin,1INCH/USDT:USDT,0.2876,2126.0,0.2871,12897.0,0.2878,7696.0,0.288,1682.0
1753600552688,07:15:52.688,blofin,1INCH/USDT:USDT,0.2876,3470.0,0.2875,65202.0,0.2878,7696.0,0.288,25090.0
1753600553500,07:15:53.500,blofin,1INCH/USDT:USDT,0.2877,3462.0,0.2876,8.0,0.2878,10.0,0.2879,7962.0
1753600553690,07:15:53.690,blofin,1INCH/USDT:USDT,0.2877,2640.0,0.2876,8.0,0.2878,5.0,0.2879,1486.0
1753600554691,07:15:54.691,blofin,1INCH/USDT:USDT,0.2877,2641.0,0.2876,5.0,0.2878,5.0,0.2879,1487.0
1753600555192,07:15:55.192,blofin,1INCH/USDT:USDT,0.2877,2641.0,0.2876,5.0,0.2878,5.0,0.2879,1486.0
1753600555692,07:15:55.692,blofin,1INCH/USDT:USDT,0.2877,2162.0,0.2876,5.0,0.2878,5.0,0.2879,1484.0
1753600556193,07:15:56.193,blofin,1INCH/USDT:USDT,0.2877,2162.0,0.2876,5.0,0.2878,5.0,0.2879,1484.0
1753600556694,07:15:56.694,blofin,1INCH/USDT:USDT,0.2877,2160.0,0.2876,5.0,0.2878,5.0,0.2879,1484.0
1753600557694,07:15:57.694,blofin,1INCH/USDT:USDT,0.2877,4293.0,0.2876,5.0,0.2878,5.0,0.2879,1495.0
1753600558197,07:15:58.197,blofin,1INCH/USDT:USDT,0.2877,4293.0,0.2876,5.0,0.2878,5.0,0.2879,1495.0
1753600558697,07:15:58.697,blofin,1INCH/USDT:USDT,0.2877,2159.0,0.2876,5.0,0.2878,5.0,0.2879,1491.0
1753600559611,07:15:59.611,blofin,1INCH/USDT:USDT,0.2877,2206.0,0.2876,5.0,0.2878,5.0,0.2879,1321.0
1753600560198,07:16:00.198,blofin,1INCH/USDT:USDT,0.2877,2204.0,0.2876,5.0,0.2878,5.0,0.2879,1321.0
1753600561198,07:16:01.198,blofin,1INCH/USDT:USDT,0.2877,2205.0,0.2876,5.0,0.2878,5.0,0.2879,1322.0
1753600561701,07:16:01.701,blofin,1INCH/USDT:USDT,0.2877,2958.0,0.2876,5.0,0.2878,5.0,0.2879,1089.0
1753600562704,07:16:02.704,blofin,1INCH/USDT:USDT,0.2877,2554.0,0.2876,79048.0,0.2878,5.0,0.2879,1093.0
1753600563701,07:16:03.701,blofin,1INCH/USDT:USDT,0.2877,2231.0,0.2876,5.0,0.2878,5.0,0.2879,1093.0
1753600564202,07:16:04.202,blofin,1INCH/USDT:USDT,0.2877,2231.0,0.2876,5.0,0.2878,5.0,0.2879,1089.0
1753600564702,07:16:04.702,blofin,1INCH/USDT:USDT,0.2877,2231.0,0.2876,5.0,0.2878,5.0,0.2879,1089.0
1753600565703,07:16:05.703,blofin,1INCH/USDT:USDT,0.2877,2231.0,0.2876,5.0,0.2878,5.0,0.2879,1089.0
1753600566204,07:16:06.204,blofin,1INCH/USDT:USDT,0.2877,2231.0,0.2876,5.0,0.2878,5.0,0.2879,1091.0
1753600566706,07:16:06.706,blofin,1INCH/USDT:USDT,0.2877,1419.0,0.2876,23884.0,0.2878,5.0,0.2879,1107.0
1753600567209,07:16:07.209,blofin,1INCH/USDT:USDT,0.2877,1419.0,0.2876,23884.0,0.2878,5.0,0.2879,1107.0
1753600567712,07:16:07.712,blofin,1INCH/USDT:USDT,0.2877,1419.0,0.2876,5.0,0.2878,5.0,0.2879,1108.0
1753600568615,07:16:08.615,blofin,1INCH/USDT:USDT,0.2877,2231.0,0.2876,5.0,0.2878,5.0,0.2879,1110.0
1753600569212,07:16:09.212,blofin,1INCH/USDT:USDT,0.2877,2231.0,0.2876,5.0,0.2878,5.0,0.2879,1110.0
1753600569711,07:16:09.711,blofin,1INCH/USDT:USDT,0.2877,2231.0,0.2876,5.0,0.2878,5.0,0.2879,1107.0
1753600570214,07:16:10.214,blofin,1INCH/USDT:USDT,0.2877,2231.0,0.2876,5.0,0.2878,5.0,0.2879,1111.0
1753600570712,07:16:10.712,blofin,1INCH/USDT:USDT,0.2877,2228.0,0.2876,81565.0,0.2878,5.0,0.2879,1108.0
1753600571213,07:16:11.213,blofin,1INCH/USDT:USDT,0.2877,2230.0,0.2876,81565.0,0.2878,5.0,0.2879,1108.0
1753600571714,07:16:11.714,blofin,1INCH/USDT:USDT,0.2877,1418.0,0.2876,5.0,0.2878,5.0,0.2879,1175.0
1753600572619,07:16:12.619,blofin,1INCH/USDT:USDT,0.2877,1419.0,0.2876,5.0,0.2878,5.0,0.2879,1176.0
1753600573215,07:16:13.215,blofin,1INCH/USDT:USDT,0.2877,1417.0,0.2876,5.0,0.2878,5.0,0.2879,1177.0
1753600573849,07:16:13.849,blofin,1INCH/USDT:USDT,0.2878,2226.0,0.2877,4.0,0.2879,3.0,0.288,1453.0
1753600574217,07:16:14.217,blofin,1INCH/USDT:USDT,0.2878,2226.0,0.2877,4.0,0.288,1455.0,0.2881,72749.0
1753600574718,07:16:14.718,blofin,1INCH/USDT:USDT,0.2878,2759.0,0.2876,116117.0,0.288,16.0,0.2882,20265.0
1753600575718,07:16:15.718,blofin,1INCH/USDT:USDT,0.2878,1949.0,0.2874,75267.0,0.288,248.0,0.2881,83056.0
1753600576219,07:16:16.219,blofin,1INCH/USDT:USDT,0.2878,1948.0,0.2874,75267.0,0.288,248.0,0.2881,83056.0
1753600576722,07:16:16.722,blofin,1INCH/USDT:USDT,0.2878,1948.0,0.2876,47310.0,0.288,23.0,0.2883,107750.0
1753600577723,07:16:17.723,blofin,1INCH/USDT:USDT,0.2878,2323.0,0.2876,96937.0,0.288,58.0,0.2883,29710.0
1753600578224,07:16:18.224,blofin,1INCH/USDT:USDT,0.2878,2323.0,0.2876,96937.0,0.288,60.0,0.2883,29710.0
1753600578725,07:16:18.725,blofin,1INCH/USDT:USDT,0.2878,2323.0,0.2874,10674.0,0.288,60.0,0.2884,86402.0
1753600579625,07:16:19.625,blofin,1INCH/USDT:USDT,0.2878,2761.0,0.2875,37353.0,0.288,60.0,0.2881,62108.0
1753600580227,07:16:20.227,blofin,1INCH/USDT:USDT,0.2878,2759.0,0.2875,37353.0,0.288,58.0,0.2881,62108.0
1753600580734,07:16:20.734,blofin,1INCH/USDT:USDT,0.2878,2322.0,0.2877,44306.0,0.288,58.0,0.2881,31310.0
1753600581229,07:16:21.229,blofin,1INCH/USDT:USDT,0.2878,2322.0,0.2877,44306.0,0.288,58.0,0.2881,31310.0
1753600582228,07:16:22.228,blofin,1INCH/USDT:USDT,0.2878,2758.0,0.2877,75227.0,0.288,432.0,0.2882,2974.0
1753600582730,07:16:22.730,blofin,1INCH/USDT:USDT,0.2878,2321.0,0.2875,67158.0,0.288,432.0,0.2881,20177.0
1753600583733,07:16:23.733,blofin,1INCH/USDT:USDT,0.2878,2761.0,0.2876,31678.0,0.288,397.0,0.2882,2974.0
1753600584233,07:16:24.233,blofin,1INCH/USDT:USDT,0.2878,2760.0,0.2876,31678.0,0.288,397.0,0.2882,2974.0
1753600584745,07:16:24.745,blofin,1INCH/USDT:USDT,0.2878,2322.0,0.2874,136899.0,0.288,485.0,0.2881,135118.0
1753600585630,07:16:25.630,blofin,1INCH/USDT:USDT,0.2878,2320.0,0.2874,135249.0,0.288,483.0,0.2881,135118.0
1753600586240,07:16:26.240,blofin,1INCH/USDT:USDT,0.2878,2320.0,0.2874,10674.0,0.288,536.0,0.2881,38961.0
1753600586986,07:16:26.986,blofin,1INCH/USDT:USDT,0.2878,8.0,0.2877,1.0,0.288,918.0,0.2882,127516.0
1753600587412,07:16:27.412,blofin,1INCH/USDT:USDT,0.2878,4.0,0.2877,12364.0,0.288,918.0,0.2882,7291.0
1753600587739,07:16:27.739,blofin,1INCH/USDT:USDT,0.2878,1510.0,0.2877,132251.0,0.288,733.0,0.2882,7291.0
1753600588633,07:16:28.633,blofin,1INCH/USDT:USDT,0.2878,2125.0,0.2874,110662.0,0.288,526.0,0.2882,7291.0
1753600589243,07:16:29.243,blofin,1INCH/USDT:USDT,0.2878,2125.0,0.2874,110662.0,0.288,528.0,0.2882,7291.0
1753600589745,07:16:29.745,blofin,1INCH/USDT:USDT,0.2878,1313.0,0.2875,30816.0,0.288,742.0,0.2881,4822.0
