timestamp,time,exchange,symbol,bid1_price,bid1_volume,bid2_price,bid2_volume,ask1_price,ask1_volume,ask2_price,ask2_volume
1753599984922,07:06:24.922,bybit,ADA/USDT:USDT,0.8273,3661.0,0.8272,111820.0,0.8274,14149.0,0.8275,74885.0
1753599985022,07:06:25.022,bybit,ADA/USDT:USDT,0.8273,3661.0,0.8272,102402.0,0.8274,14154.0,0.8275,74910.0
1753599985322,07:06:25.322,bybit,ADA/USDT:USDT,0.8273,3661.0,0.8272,102402.0,0.8274,14154.0,0.8275,74910.0
1753599985422,07:06:25.422,bybit,ADA/USDT:USDT,0.8273,3661.0,0.8272,102402.0,0.8274,14274.0,0.8275,78910.0
1753599985522,07:06:25.522,bybit,ADA/USDT:USDT,0.8273,3661.0,0.8272,102402.0,0.8274,14275.0,0.8275,78910.0
1753599985622,07:06:25.622,bybit,ADA/USDT:USDT,0.8273,3661.0,0.8272,102402.0,0.8274,14275.0,0.8275,78910.0
1753599985723,07:06:25.723,bybit,ADA/USDT:USDT,0.8273,3070.0,0.8272,102402.0,0.8274,16615.0,0.8275,79937.0
1753599986122,07:06:26.122,bybit,ADA/USDT:USDT,0.8273,3070.0,0.8272,102402.0,0.8274,16765.0,0.8275,75025.0
1753599986222,07:06:26.222,bybit,ADA/USDT:USDT,0.8273,3680.0,0.8272,102389.0,0.8274,15990.0,0.8275,71694.0
1753599986322,07:06:26.322,bybit,ADA/USDT:USDT,0.8273,3680.0,0.8272,104040.0,0.8274,15990.0,0.8275,71694.0
1753599986622,07:06:26.622,bybit,ADA/USDT:USDT,0.8273,4474.0,0.8272,111772.0,0.8274,16149.0,0.8275,71694.0
1753599986822,07:06:26.822,bybit,ADA/USDT:USDT,0.8273,7782.0,0.8272,113423.0,0.8274,16149.0,0.8275,69211.0
1753599986922,07:06:26.922,bybit,ADA/USDT:USDT,0.8273,7782.0,0.8272,113423.0,0.8274,16149.0,0.8275,69211.0
1753599987022,07:06:27.022,bybit,ADA/USDT:USDT,0.8273,5182.0,0.8272,111772.0,0.8274,16149.0,0.8275,71694.0
1753599987122,07:06:27.122,bybit,ADA/USDT:USDT,0.8273,5182.0,0.8272,111772.0,0.8274,16149.0,0.8275,71694.0
1753599987422,07:06:27.422,bybit,ADA/USDT:USDT,0.8273,20281.0,0.8272,113423.0,0.8274,864.0,0.8275,35266.0
1753599987522,07:06:27.522,bybit,ADA/USDT:USDT,0.8273,18630.0,0.8272,113423.0,0.8274,864.0,0.8275,18842.0
1753599988423,07:06:28.423,bybit,ADA/USDT:USDT,0.8273,18631.0,0.8272,114570.0,0.8274,858.0,0.8275,15687.0
1753599988522,07:06:28.522,bybit,ADA/USDT:USDT,0.8273,16997.0,0.8272,114570.0,0.8274,2350.0,0.8275,29202.0
1753599988623,07:06:28.623,bybit,ADA/USDT:USDT,0.8273,18646.0,0.8272,114570.0,0.8274,838.0,0.8275,29202.0
1753599988723,07:06:28.723,bybit,ADA/USDT:USDT,0.8273,18646.0,0.8272,114570.0,0.8274,7338.0,0.8275,29202.0
1753599988822,07:06:28.822,bybit,ADA/USDT:USDT,0.8273,16995.0,0.8272,114570.0,0.8274,8850.0,0.8275,40774.0
1753599989423,07:06:29.423,bybit,ADA/USDT:USDT,0.8273,14387.0,0.8272,110368.0,0.8274,13496.0,0.8275,46676.0
1753599989522,07:06:29.522,bybit,ADA/USDT:USDT,0.8273,13473.0,0.8272,110368.0,0.8274,16096.0,0.8275,48076.0
1753599989622,07:06:29.622,bybit,ADA/USDT:USDT,0.8273,13473.0,0.8272,110368.0,0.8274,16096.0,0.8275,48076.0
1753599990222,07:06:30.222,bybit,ADA/USDT:USDT,0.8273,5190.0,0.8272,111148.0,0.8274,13496.0,0.8275,48076.0
1753599990322,07:06:30.322,bybit,ADA/USDT:USDT,0.8273,7447.0,0.8272,114450.0,0.8274,13496.0,0.8275,44774.0
1753599990422,07:06:30.422,bybit,ADA/USDT:USDT,0.8273,3576.0,0.8272,44114.0,0.8274,17158.0,0.8275,48101.0
1753599991122,07:06:31.122,bybit,ADA/USDT:USDT,0.8273,3615.0,0.8272,88381.0,0.8274,17151.0,0.8275,55664.0
1753599991222,07:06:31.222,bybit,ADA/USDT:USDT,0.8273,3005.0,0.8272,88381.0,0.8274,19515.0,0.8275,55664.0
1753599991322,07:06:31.322,bybit,ADA/USDT:USDT,0.8273,3005.0,0.8272,88381.0,0.8274,19515.0,0.8275,55664.0
1753599991422,07:06:31.422,bybit,ADA/USDT:USDT,0.8273,3005.0,0.8272,88381.0,0.8274,17893.0,0.8275,55664.0
1753599991924,07:06:31.924,bybit,ADA/USDT:USDT,0.8273,5073.0,0.8272,118410.0,0.8274,17778.0,0.8275,55993.0
1753599992023,07:06:32.023,bybit,ADA/USDT:USDT,0.8273,3601.0,0.8272,106278.0,0.8274,17778.0,0.8275,55993.0
1753599992122,07:06:32.122,bybit,ADA/USDT:USDT,0.8273,3601.0,0.8272,107873.0,0.8274,17778.0,0.8275,55993.0
1753599992222,07:06:32.222,bybit,ADA/USDT:USDT,0.8273,5113.0,0.8272,106278.0,0.8274,17835.0,0.8275,57588.0
1753599992322,07:06:32.322,bybit,ADA/USDT:USDT,0.8273,5113.0,0.8272,106278.0,0.8274,17835.0,0.8275,59183.0
1753599992422,07:06:32.422,bybit,ADA/USDT:USDT,0.8273,11038.0,0.8272,110473.0,0.8274,7063.0,0.8275,51083.0
1753599992522,07:06:32.522,bybit,ADA/USDT:USDT,0.8273,11038.0,0.8272,110473.0,0.8274,7673.0,0.8275,53566.0
1753599992622,07:06:32.622,bybit,ADA/USDT:USDT,0.8273,11038.0,0.8272,110473.0,0.8274,7673.0,0.8275,53566.0
1753599992723,07:06:32.723,bybit,ADA/USDT:USDT,0.8273,11190.0,0.8272,111500.0,0.8274,14173.0,0.8275,53566.0
1753599992822,07:06:32.822,bybit,ADA/USDT:USDT,0.8273,15244.0,0.8272,112280.0,0.8274,2420.0,0.8275,31119.0
1753599993023,07:06:33.023,bybit,ADA/USDT:USDT,0.8273,15244.0,0.8272,112280.0,0.8274,2420.0,0.8275,23396.0
1753599993122,07:06:33.122,bybit,ADA/USDT:USDT,0.8273,15244.0,0.8272,112280.0,0.8274,2420.0,0.8275,20796.0
1753599993322,07:06:33.322,bybit,ADA/USDT:USDT,0.8273,12291.0,0.8272,110685.0,0.8274,2421.0,0.8275,47442.0
1753599993423,07:06:33.423,bybit,ADA/USDT:USDT,0.8273,13867.0,0.8272,112261.0,0.8274,2421.0,0.8275,45866.0
1753599993622,07:06:33.622,bybit,ADA/USDT:USDT,0.8273,12291.0,0.8272,112261.0,0.8274,7067.0,0.8275,48466.0
1753599993722,07:06:33.722,bybit,ADA/USDT:USDT,0.8273,10235.0,0.8272,110685.0,0.8274,13567.0,0.8275,53925.0
1753599993823,07:06:33.823,bybit,ADA/USDT:USDT,0.8273,6853.0,0.8272,108310.0,0.8274,13567.0,0.8275,55526.0
1753599993922,07:06:33.922,bybit,ADA/USDT:USDT,0.8273,6853.0,0.8272,108310.0,0.8274,13567.0,0.8275,55501.0
1753599994022,07:06:34.022,bybit,ADA/USDT:USDT,0.8273,6372.0,0.8272,109886.0,0.8274,13567.0,0.8275,55501.0
1753599994122,07:06:34.122,bybit,ADA/USDT:USDT,0.8273,8972.0,0.8272,109886.0,0.8274,13567.0,0.8275,53925.0
1753599994222,07:06:34.222,bybit,ADA/USDT:USDT,0.8273,8972.0,0.8272,111462.0,0.8274,13567.0,0.8275,52349.0
1753599994322,07:06:34.322,bybit,ADA/USDT:USDT,0.8273,8972.0,0.8272,111462.0,0.8274,13567.0,0.8275,52349.0
1753599994422,07:06:34.422,bybit,ADA/USDT:USDT,0.8273,8972.0,0.8272,109886.0,0.8274,13567.0,0.8275,53925.0
1753599994522,07:06:34.522,bybit,ADA/USDT:USDT,0.8273,8972.0,0.8272,109886.0,0.8274,13567.0,0.8275,55501.0
1753599994622,07:06:34.622,bybit,ADA/USDT:USDT,0.8273,5117.0,0.8272,61335.0,0.8274,13567.0,0.8275,55526.0
1753599994722,07:06:34.722,bybit,ADA/USDT:USDT,0.8273,5117.0,0.8272,87144.0,0.8274,15143.0,0.8275,55526.0
1753599994822,07:06:34.822,bybit,ADA/USDT:USDT,0.8273,5117.0,0.8272,116081.0,0.8274,13567.0,0.8275,55526.0
1753599994922,07:06:34.922,bybit,ADA/USDT:USDT,0.8273,5069.0,0.8272,105700.0,0.8274,13567.0,0.8275,55526.0
1753599995022,07:06:35.022,bybit,ADA/USDT:USDT,0.8273,5069.0,0.8272,105700.0,0.8274,13567.0,0.8275,55526.0
1753599995122,07:06:35.122,bybit,ADA/USDT:USDT,0.8273,5076.0,0.8272,106480.0,0.8274,13567.0,0.8275,55501.0
1753599995222,07:06:35.222,bybit,ADA/USDT:USDT,0.8273,5076.0,0.8272,106480.0,0.8274,13567.0,0.8275,55501.0
1753599995322,07:06:35.322,bybit,ADA/USDT:USDT,0.8273,3564.0,0.8272,105453.0,0.8274,15131.0,0.8275,58126.0
1753599995422,07:06:35.422,bybit,ADA/USDT:USDT,0.8273,5076.0,0.8272,107029.0,0.8274,13555.0,0.8275,56525.0
1753599995522,07:06:35.522,bybit,ADA/USDT:USDT,0.8273,5076.0,0.8272,106249.0,0.8274,13555.0,0.8275,56525.0
1753599995622,07:06:35.622,bybit,ADA/USDT:USDT,0.8273,5076.0,0.8272,106249.0,0.8274,13555.0,0.8275,54949.0
1753599995722,07:06:35.722,bybit,ADA/USDT:USDT,0.8273,5079.0,0.8272,104673.0,0.8274,13555.0,0.8275,59128.0
1753599995822,07:06:35.822,bybit,ADA/USDT:USDT,0.8273,5079.0,0.8272,104673.0,0.8274,13555.0,0.8275,57577.0
1753599995922,07:06:35.922,bybit,ADA/USDT:USDT,0.8273,5114.0,0.8272,48741.0,0.8274,13555.0,0.8275,59153.0
1753599996022,07:06:36.022,bybit,ADA/USDT:USDT,0.8273,5114.0,0.8272,58887.0,0.8274,13555.0,0.8275,59153.0
1753599996122,07:06:36.122,bybit,ADA/USDT:USDT,0.8273,5114.0,0.8272,64674.0,0.8274,13555.0,0.8275,59153.0
1753599996222,07:06:36.222,bybit,ADA/USDT:USDT,0.8273,5114.0,0.8272,116386.0,0.8274,13555.0,0.8275,57552.0
1753599996322,07:06:36.322,bybit,ADA/USDT:USDT,0.8273,9190.0,0.8272,113796.0,0.8274,2410.0,0.8275,51066.0
1753599996423,07:06:36.423,bybit,ADA/USDT:USDT,0.8273,11928.0,0.8272,113796.0,0.8274,2410.0,0.8275,40874.0
1753599996522,07:06:36.522,bybit,ADA/USDT:USDT,0.8273,16496.0,0.8272,119846.0,0.8274,973.0,0.8275,13865.0
1753599996622,07:06:36.622,bybit,ADA/USDT:USDT,0.8273,16494.0,0.8272,119846.0,0.8274,973.0,0.8275,13865.0
1753599996722,07:06:36.722,bybit,ADA/USDT:USDT,0.8273,16494.0,0.8272,120873.0,0.8274,973.0,0.8275,13865.0
1753599996822,07:06:36.822,bybit,ADA/USDT:USDT,0.8273,14918.0,0.8272,120873.0,0.8274,973.0,0.8275,13865.0
1753599996922,07:06:36.922,bybit,ADA/USDT:USDT,0.8273,14918.0,0.8272,120873.0,0.8274,973.0,0.8275,13865.0
1753599997022,07:06:37.022,bybit,ADA/USDT:USDT,0.8273,13884.0,0.8272,120873.0,0.8274,1093.0,0.8275,13865.0
1753599997122,07:06:37.122,bybit,ADA/USDT:USDT,0.8273,12311.0,0.8272,120873.0,0.8274,2605.0,0.8275,13865.0
1753599997222,07:06:37.222,bybit,ADA/USDT:USDT,0.8273,12311.0,0.8272,120873.0,0.8274,2605.0,0.8275,21581.0
1753599997323,07:06:37.323,bybit,ADA/USDT:USDT,0.8273,10735.0,0.8272,120873.0,0.8274,1142.0,0.8275,24181.0
1753599997422,07:06:37.422,bybit,ADA/USDT:USDT,0.8273,12311.0,0.8272,120873.0,0.8274,1142.0,0.8275,39046.0
1753599997522,07:06:37.522,bybit,ADA/USDT:USDT,0.8273,12311.0,0.8272,120873.0,0.8274,1142.0,0.8275,39046.0
1753599997623,07:06:37.623,bybit,ADA/USDT:USDT,0.8273,12311.0,0.8272,120873.0,0.8274,1142.0,0.8275,41529.0
1753599997722,07:06:37.722,bybit,ADA/USDT:USDT,0.8273,10735.0,0.8272,120873.0,0.8274,2654.0,0.8275,41529.0
1753599997822,07:06:37.822,bybit,ADA/USDT:USDT,0.8273,14633.0,0.8272,120873.0,0.8274,1232.0,0.8275,21698.0
1753599997922,07:06:37.922,bybit,ADA/USDT:USDT,0.8273,14633.0,0.8272,120873.0,0.8274,1232.0,0.8275,21698.0
1753599998022,07:06:38.022,bybit,ADA/USDT:USDT,0.8273,14633.0,0.8272,120873.0,0.8274,1232.0,0.8275,21698.0
1753599998222,07:06:38.222,bybit,ADA/USDT:USDT,0.8273,14613.0,0.8272,120873.0,0.8274,1232.0,0.8275,24181.0
1753599998322,07:06:38.322,bybit,ADA/USDT:USDT,0.8273,16189.0,0.8272,120873.0,0.8274,1232.0,0.8275,21698.0
1753599998422,07:06:38.422,bybit,ADA/USDT:USDT,0.8273,16189.0,0.8272,120873.0,0.8274,1232.0,0.8275,24181.0
1753599998522,07:06:38.522,bybit,ADA/USDT:USDT,0.8273,16189.0,0.8272,120873.0,0.8274,1232.0,0.8275,24181.0
1753599998622,07:06:38.622,bybit,ADA/USDT:USDT,0.8273,16189.0,0.8272,120873.0,0.8274,1232.0,0.8275,16465.0
1753599998722,07:06:38.722,bybit,ADA/USDT:USDT,0.8273,13037.0,0.8272,120873.0,0.8274,1232.0,0.8275,22251.0
1753599998822,07:06:38.822,bybit,ADA/USDT:USDT,0.8273,13037.0,0.8272,119297.0,0.8274,1232.0,0.8275,22251.0
1753599998922,07:06:38.922,bybit,ADA/USDT:USDT,0.8273,13037.0,0.8272,117721.0,0.8274,6780.0,0.8275,47104.0
1753599999023,07:06:39.023,bybit,ADA/USDT:USDT,0.8273,9834.0,0.8272,114716.0,0.8274,6780.0,0.8275,47104.0
1753599999122,07:06:39.122,bybit,ADA/USDT:USDT,0.8273,9834.0,0.8272,114716.0,0.8274,6780.0,0.8275,47129.0
1753599999222,07:06:39.222,bybit,ADA/USDT:USDT,0.8273,9834.0,0.8272,114716.0,0.8274,5268.0,0.8275,45553.0
1753599999323,07:06:39.323,bybit,ADA/USDT:USDT,0.8273,9834.0,0.8272,116292.0,0.8274,6771.0,0.8275,45528.0
1753599999423,07:06:39.423,bybit,ADA/USDT:USDT,0.8273,9834.0,0.8272,116292.0,0.8274,6771.0,0.8275,47104.0
1753599999522,07:06:39.522,bybit,ADA/USDT:USDT,0.8273,9834.0,0.8272,117868.0,0.8274,6771.0,0.8275,45528.0
1753599999722,07:06:39.722,bybit,ADA/USDT:USDT,0.8273,9840.0,0.8272,117868.0,0.8274,7850.0,0.8275,45528.0
1753599999822,07:06:39.822,bybit,ADA/USDT:USDT,0.8273,9840.0,0.8272,117088.0,0.8274,7850.0,0.8275,45528.0
1753599999922,07:06:39.922,bybit,ADA/USDT:USDT,0.8273,8926.0,0.8272,117088.0,0.8274,7850.0,0.8275,45528.0
1753600000122,07:06:40.122,bybit,ADA/USDT:USDT,0.8273,8921.0,0.8272,117088.0,0.8274,7850.0,0.8275,45528.0
1753600000222,07:06:40.222,bybit,ADA/USDT:USDT,0.8273,10497.0,0.8272,117088.0,0.8274,7850.0,0.8275,45528.0
1753600000322,07:06:40.322,bybit,ADA/USDT:USDT,0.8273,10497.0,0.8272,117088.0,0.8274,6836.0,0.8275,45528.0
1753600000423,07:06:40.423,bybit,ADA/USDT:USDT,0.8274,29278.0,0.8273,136213.0,0.8275,13991.0,0.8276,28113.0
1753600000523,07:06:40.523,bybit,ADA/USDT:USDT,0.8274,27685.0,0.8273,163715.0,0.8275,610.0,0.8276,23812.0
1753600000623,07:06:40.623,bybit,ADA/USDT:USDT,0.8275,4762.0,0.8274,109625.0,0.8276,13694.0,0.8277,78547.0
1753600000722,07:06:40.722,bybit,ADA/USDT:USDT,0.8275,2640.0,0.8274,91542.0,0.8276,13694.0,0.8277,76999.0
1753600000822,07:06:40.822,bybit,ADA/USDT:USDT,0.8274,24037.0,0.8273,152150.0,0.8275,2122.0,0.8276,68114.0
1753600000922,07:06:40.922,bybit,ADA/USDT:USDT,0.8275,2122.0,0.8274,114072.0,0.8276,36538.0,0.8277,74516.0
1753600001022,07:06:41.022,bybit,ADA/USDT:USDT,0.8275,2122.0,0.8274,103658.0,0.8276,34697.0,0.8277,76999.0
1753600001122,07:06:41.122,bybit,ADA/USDT:USDT,0.8274,24604.0,0.8273,150906.0,0.8275,11417.0,0.8276,66266.0
1753600001222,07:06:41.222,bybit,ADA/USDT:USDT,0.8274,2129.0,0.8273,40926.0,0.8275,23182.0,0.8276,74885.0
1753600001323,07:06:41.323,bybit,ADA/USDT:USDT,0.8274,2129.0,0.8273,99760.0,0.8275,19034.0,0.8276,73312.0
1753600001422,07:06:41.422,bybit,ADA/USDT:USDT,0.8274,4629.0,0.8273,132225.0,0.8275,15399.0,0.8276,68766.0
1753600001522,07:06:41.522,bybit,ADA/USDT:USDT,0.8274,1753.0,0.8273,121201.0,0.8275,15399.0,0.8276,70265.0
1753600001622,07:06:41.622,bybit,ADA/USDT:USDT,0.8274,2301.0,0.8273,120643.0,0.8275,15399.0,0.8276,70265.0
1753600001722,07:06:41.722,bybit,ADA/USDT:USDT,0.8274,3687.0,0.8273,119260.0,0.8275,15399.0,0.8276,69793.0
1753600001822,07:06:41.822,bybit,ADA/USDT:USDT,0.8274,3453.0,0.8273,117712.0,0.8275,15399.0,0.8276,72791.0
1753600001925,07:06:41.925,bybit,ADA/USDT:USDT,0.8274,2018.0,0.8273,117627.0,0.8275,15399.0,0.8276,72791.0
1753600002028,07:06:42.028,bybit,ADA/USDT:USDT,0.8274,3757.0,0.8273,117627.0,0.8275,15399.0,0.8276,72791.0
1753600002123,07:06:42.123,bybit,ADA/USDT:USDT,0.8274,3757.0,0.8273,117627.0,0.8275,15399.0,0.8276,71292.0
1753600002222,07:06:42.222,bybit,ADA/USDT:USDT,0.8274,3757.0,0.8273,117627.0,0.8275,15399.0,0.8276,71292.0
1753600002322,07:06:42.322,bybit,ADA/USDT:USDT,0.8274,3757.0,0.8273,117627.0,0.8275,15399.0,0.8276,72791.0
1753600002423,07:06:42.423,bybit,ADA/USDT:USDT,0.8274,3756.0,0.8273,117627.0,0.8275,15399.0,0.8276,71292.0
1753600002522,07:06:42.522,bybit,ADA/USDT:USDT,0.8274,3756.0,0.8273,119126.0,0.8275,15399.0,0.8276,69793.0
1753600002622,07:06:42.622,bybit,ADA/USDT:USDT,0.8274,3756.0,0.8273,117627.0,0.8275,15399.0,0.8276,63293.0
1753600002722,07:06:42.722,bybit,ADA/USDT:USDT,0.8274,4673.0,0.8273,120625.0,0.8275,8848.0,0.8276,63293.0
1753600002822,07:06:42.822,bybit,ADA/USDT:USDT,0.8274,6172.0,0.8273,120650.0,0.8275,6158.0,0.8276,60810.0
1753600002922,07:06:42.922,bybit,ADA/USDT:USDT,0.8274,4673.0,0.8273,119873.0,0.8275,6158.0,0.8276,63293.0
1753600003022,07:06:43.022,bybit,ADA/USDT:USDT,0.8274,6172.0,0.8273,119873.0,0.8275,6158.0,0.8276,63293.0
1753600003122,07:06:43.122,bybit,ADA/USDT:USDT,0.8274,6172.0,0.8273,120653.0,0.8275,8758.0,0.8276,63293.0
1753600003222,07:06:43.222,bybit,ADA/USDT:USDT,0.8274,8772.0,0.8273,120653.0,0.8275,4646.0,0.8276,59783.0
1753600003322,07:06:43.322,bybit,ADA/USDT:USDT,0.8275,2122.0,0.8274,129477.0,0.8276,30707.0,0.8277,121148.0
1753600003422,07:06:43.422,bybit,ADA/USDT:USDT,0.8275,2122.0,0.8274,120754.0,0.8276,30707.0,0.8277,129725.0
1753600003523,07:06:43.523,bybit,ADA/USDT:USDT,0.8275,2122.0,0.8274,122253.0,0.8276,30707.0,0.8277,121148.0
1753600003623,07:06:43.623,bybit,ADA/USDT:USDT,0.8275,2122.0,0.8274,122253.0,0.8276,30707.0,0.8277,121148.0
1753600003722,07:06:43.722,bybit,ADA/USDT:USDT,0.8275,2122.0,0.8274,114168.0,0.8276,30707.0,0.8277,136233.0
1753600003822,07:06:43.822,bybit,ADA/USDT:USDT,0.8274,22009.0,0.8273,120628.0,0.8275,7748.0,0.8276,45924.0
1753600003925,07:06:43.925,bybit,ADA/USDT:USDT,0.8274,17712.0,0.8273,120628.0,0.8275,11784.0,0.8276,63387.0
1753600004022,07:06:44.022,bybit,ADA/USDT:USDT,0.8274,12123.0,0.8273,119848.0,0.8275,11784.0,0.8276,63387.0
1753600004122,07:06:44.122,bybit,ADA/USDT:USDT,0.8274,12123.0,0.8273,119848.0,0.8275,11784.0,0.8276,63387.0
1753600004223,07:06:44.223,bybit,ADA/USDT:USDT,0.8274,12939.0,0.8273,112623.0,0.8275,11784.0,0.8276,63387.0
1753600004322,07:06:44.322,bybit,ADA/USDT:USDT,0.8274,14438.0,0.8273,122473.0,0.8275,11784.0,0.8276,63387.0
1753600004423,07:06:44.423,bybit,ADA/USDT:USDT,0.8274,14438.0,0.8273,122473.0,0.8275,1512.0,0.8276,50119.0
1753600004522,07:06:44.522,bybit,ADA/USDT:USDT,0.8274,14451.0,0.8273,122461.0,0.8275,1512.0,0.8276,38561.0
1753600004622,07:06:44.622,bybit,ADA/USDT:USDT,0.8274,14451.0,0.8273,122461.0,0.8275,1888.0,0.8276,33330.0
1753600004722,07:06:44.722,bybit,ADA/USDT:USDT,0.8274,14451.0,0.8273,123488.0,0.8275,1888.0,0.8276,33330.0
1753600004823,07:06:44.823,bybit,ADA/USDT:USDT,0.8274,14451.0,0.8273,123488.0,0.8275,1888.0,0.8276,33330.0
1753600005022,07:06:45.022,bybit,ADA/USDT:USDT,0.8274,12327.0,0.8273,123488.0,0.8275,1888.0,0.8276,33330.0
1753600005222,07:06:45.222,bybit,ADA/USDT:USDT,0.8274,12327.0,0.8273,123488.0,0.8275,1888.0,0.8276,33330.0
1753600005322,07:06:45.322,bybit,ADA/USDT:USDT,0.8274,8152.0,0.8273,120465.0,0.8275,10198.0,0.8276,44614.0
1753600005422,07:06:45.422,bybit,ADA/USDT:USDT,0.8274,8152.0,0.8273,121964.0,0.8275,10636.0,0.8276,63886.0
1753600005522,07:06:45.522,bybit,ADA/USDT:USDT,0.8274,1618.0,0.8273,31019.0,0.8275,34663.0,0.8276,71435.0
1753600005622,07:06:45.622,bybit,ADA/USDT:USDT,0.8273,15905.0,0.8272,132379.0,0.8274,20589.0,0.8275,80965.0
1753600005722,07:06:45.722,bybit,ADA/USDT:USDT,0.8273,15905.0,0.8272,133285.0,0.8274,16669.0,0.8275,80965.0
1753600005822,07:06:45.822,bybit,ADA/USDT:USDT,0.8273,15830.0,0.8272,132854.0,0.8274,18191.0,0.8275,80965.0
1753600005925,07:06:45.925,bybit,ADA/USDT:USDT,0.8273,15830.0,0.8272,132854.0,0.8274,17388.0,0.8275,80965.0
1753600006022,07:06:46.022,bybit,ADA/USDT:USDT,0.8273,15830.0,0.8272,132854.0,0.8274,15876.0,0.8275,80975.0
1753600006122,07:06:46.122,bybit,ADA/USDT:USDT,0.8273,19942.0,0.8272,135788.0,0.8274,5548.0,0.8275,52035.0
1753600006222,07:06:46.222,bybit,ADA/USDT:USDT,0.8273,19942.0,0.8272,135788.0,0.8274,1512.0,0.8275,52035.0
1753600006322,07:06:46.322,bybit,ADA/USDT:USDT,0.8273,19942.0,0.8272,133921.0,0.8274,1512.0,0.8275,52035.0
1753600006422,07:06:46.422,bybit,ADA/USDT:USDT,0.8273,15773.0,0.8272,133234.0,0.8274,6606.0,0.8275,71864.0
1753600006522,07:06:46.522,bybit,ADA/USDT:USDT,0.8273,15532.0,0.8272,132454.0,0.8274,13984.0,0.8275,80998.0
1753600006622,07:06:46.622,bybit,ADA/USDT:USDT,0.8273,15532.0,0.8272,133059.0,0.8274,13984.0,0.8275,81005.0
1753600006722,07:06:46.722,bybit,ADA/USDT:USDT,0.8273,15532.0,0.8272,133059.0,0.8274,13984.0,0.8275,81005.0
1753600006822,07:06:46.822,bybit,ADA/USDT:USDT,0.8273,15532.0,0.8272,133459.0,0.8274,14760.0,0.8275,81005.0
1753600006922,07:06:46.922,bybit,ADA/USDT:USDT,0.8272,9978.0,0.8271,40274.0,0.8273,21628.0,0.8274,68300.0
1753600007022,07:06:47.022,bybit,ADA/USDT:USDT,0.8272,9971.0,0.8271,118229.0,0.8273,21663.0,0.8274,66759.0
1753600007122,07:06:47.122,bybit,ADA/USDT:USDT,0.8272,11364.0,0.8271,118229.0,0.8273,21663.0,0.8274,68397.0
1753600007223,07:06:47.223,bybit,ADA/USDT:USDT,0.8271,9027.0,0.827,43906.0,0.8272,16857.0,0.8273,46886.0
1753600007323,07:06:47.323,bybit,ADA/USDT:USDT,0.827,8535.0,0.8269,102725.0,0.8271,12696.0,0.8272,27140.0
1753600007423,07:06:47.423,bybit,ADA/USDT:USDT,0.827,4715.0,0.8269,104062.0,0.8271,11146.0,0.8272,46429.0
1753600007522,07:06:47.522,bybit,ADA/USDT:USDT,0.827,4715.0,0.8269,103631.0,0.8271,11146.0,0.8272,43339.0
1753600007623,07:06:47.623,bybit,ADA/USDT:USDT,0.827,3099.0,0.8269,68132.0,0.8271,11146.0,0.8272,43339.0
1753600007722,07:06:47.722,bybit,ADA/USDT:USDT,0.827,2382.0,0.8269,111743.0,0.8271,12207.0,0.8272,44366.0
1753600007823,07:06:47.823,bybit,ADA/USDT:USDT,0.8271,19032.0,0.827,119389.0,0.8272,35.0,0.8273,15531.0
1753600008022,07:06:48.022,bybit,ADA/USDT:USDT,0.8271,685.0,0.827,48813.0,0.8272,8786.0,0.8273,44579.0
1753600008123,07:06:48.123,bybit,ADA/USDT:USDT,0.8271,4401.0,0.827,88879.0,0.8272,8786.0,0.8273,46091.0
1753600008222,07:06:48.222,bybit,ADA/USDT:USDT,0.8271,4401.0,0.827,94663.0,0.8272,11291.0,0.8273,45088.0
1753600008322,07:06:48.322,bybit,ADA/USDT:USDT,0.8271,1553.0,0.827,44854.0,0.8272,9789.0,0.8273,45088.0
1753600008422,07:06:48.422,bybit,ADA/USDT:USDT,0.8271,1553.0,0.827,44854.0,0.8272,10039.0,0.8273,45088.0
1753600008522,07:06:48.522,bybit,ADA/USDT:USDT,0.8271,1696.0,0.827,52244.0,0.8272,16539.0,0.8273,51553.0
1753600008622,07:06:48.622,bybit,ADA/USDT:USDT,0.8271,1086.0,0.827,52010.0,0.8272,16539.0,0.8273,51553.0
1753600008722,07:06:48.722,bybit,ADA/USDT:USDT,0.8271,1086.0,0.827,52010.0,0.8272,16539.0,0.8273,52580.0
1753600008822,07:06:48.822,bybit,ADA/USDT:USDT,0.8271,1086.0,0.827,52010.0,0.8272,16539.0,0.8273,52580.0
1753600008923,07:06:48.923,bybit,ADA/USDT:USDT,0.8271,1086.0,0.827,107916.0,0.8272,16994.0,0.8273,55187.0
1753600009022,07:06:49.022,bybit,ADA/USDT:USDT,0.8271,1086.0,0.827,100205.0,0.8272,16994.0,0.8273,55187.0
1753600009122,07:06:49.122,bybit,ADA/USDT:USDT,0.8271,1086.0,0.827,100205.0,0.8272,16994.0,0.8273,55187.0
1753600009222,07:06:49.222,bybit,ADA/USDT:USDT,0.8271,943.0,0.827,100205.0,0.8272,16994.0,0.8273,53685.0
1753600009323,07:06:49.323,bybit,ADA/USDT:USDT,0.8271,6345.0,0.827,109418.0,0.8272,7497.0,0.8273,45800.0
1753600009522,07:06:49.522,bybit,ADA/USDT:USDT,0.8271,16947.0,0.827,110920.0,0.8272,2840.0,0.8273,15781.0
1753600009622,07:06:49.622,bybit,ADA/USDT:USDT,0.8271,10447.0,0.827,110920.0,0.8272,2840.0,0.8273,33122.0
1753600009723,07:06:49.723,bybit,ADA/USDT:USDT,0.8271,8945.0,0.827,110920.0,0.8272,3450.0,0.8273,35605.0
1753600009822,07:06:49.822,bybit,ADA/USDT:USDT,0.8271,8945.0,0.827,110920.0,0.8272,3450.0,0.8273,35605.0
1753600009925,07:06:49.925,bybit,ADA/USDT:USDT,0.8271,8945.0,0.827,112131.0,0.8272,7486.0,0.8273,35605.0
1753600010022,07:06:50.022,bybit,ADA/USDT:USDT,0.8271,8945.0,0.827,112131.0,0.8272,7486.0,0.8273,35605.0
1753600010122,07:06:50.122,bybit,ADA/USDT:USDT,0.8271,8685.0,0.827,117717.0,0.8272,21383.0,0.8273,43316.0
1753600010222,07:06:50.222,bybit,ADA/USDT:USDT,0.8271,8685.0,0.827,117717.0,0.8272,21383.0,0.8273,43316.0
1753600010322,07:06:50.322,bybit,ADA/USDT:USDT,0.8271,9848.0,0.827,117717.0,0.8272,18783.0,0.8273,43316.0
1753600010423,07:06:50.423,bybit,ADA/USDT:USDT,0.8271,9848.0,0.827,117717.0,0.8272,18783.0,0.8273,43316.0
1753600010522,07:06:50.522,bybit,ADA/USDT:USDT,0.8271,3744.0,0.827,114645.0,0.8272,18783.0,0.8273,45916.0
1753600010622,07:06:50.622,bybit,ADA/USDT:USDT,0.827,30577.0,0.8269,113624.0,0.8271,5548.0,0.8272,22846.0
1753600010722,07:06:50.722,bybit,ADA/USDT:USDT,0.827,18422.0,0.8269,115165.0,0.8271,6170.0,0.8272,55425.0
1753600010822,07:06:50.822,bybit,ADA/USDT:USDT,0.827,17403.0,0.8269,116706.0,0.8271,12.0,0.8272,18362.0
1753600010922,07:06:50.922,bybit,ADA/USDT:USDT,0.827,18467.0,0.8269,116706.0,0.8271,12.0,0.8272,15762.0
1753600011022,07:06:51.022,bybit,ADA/USDT:USDT,0.8271,685.0,0.827,130492.0,0.8272,15742.0,0.8273,53265.0
1753600011122,07:06:51.122,bybit,ADA/USDT:USDT,0.8271,75.0,0.827,39382.0,0.8272,25765.0,0.8273,58784.0
1753600011222,07:06:51.222,bybit,ADA/USDT:USDT,0.827,80759.0,0.8269,113014.0,0.8271,2122.0,0.8272,19265.0
1753600011322,07:06:51.322,bybit,ADA/USDT:USDT,0.8271,75.0,0.827,48515.0,0.8272,18679.0,0.8273,55748.0
1753600011422,07:06:51.422,bybit,ADA/USDT:USDT,0.8271,75.0,0.827,100545.0,0.8272,18814.0,0.8273,57266.0
1753600011522,07:06:51.522,bybit,ADA/USDT:USDT,0.8271,117.0,0.827,88408.0,0.8272,18814.0,0.8273,55748.0
1753600011622,07:06:51.622,bybit,ADA/USDT:USDT,0.8271,3356.0,0.827,89926.0,0.8272,18814.0,0.8273,55748.0
1753600011722,07:06:51.722,bybit,ADA/USDT:USDT,0.8271,3356.0,0.827,107688.0,0.8272,18814.0,0.8273,55748.0
1753600011822,07:06:51.822,bybit,ADA/USDT:USDT,0.8271,3356.0,0.827,101906.0,0.8272,18814.0,0.8273,55748.0
1753600011925,07:06:51.925,bybit,ADA/USDT:USDT,0.8271,3356.0,0.827,101906.0,0.8272,18814.0,0.8273,58784.0
1753600012022,07:06:52.022,bybit,ADA/USDT:USDT,0.8271,3356.0,0.827,101906.0,0.8272,18807.0,0.8273,58784.0
1753600012122,07:06:52.122,bybit,ADA/USDT:USDT,0.8271,3356.0,0.827,101906.0,0.8272,18807.0,0.8273,60184.0
1753600012222,07:06:52.222,bybit,ADA/USDT:USDT,0.8271,3356.0,0.827,101906.0,0.8272,18807.0,0.8273,60184.0
1753600012322,07:06:52.322,bybit,ADA/USDT:USDT,0.8271,2861.0,0.827,104942.0,0.8272,7354.0,0.8273,53265.0
1753600012422,07:06:52.422,bybit,ADA/USDT:USDT,0.8271,8655.0,0.827,104912.0,0.8272,7579.0,0.8273,53265.0
1753600012522,07:06:52.522,bybit,ADA/USDT:USDT,0.8271,11270.0,0.827,104912.0,0.8272,2933.0,0.8273,40840.0
1753600012622,07:06:52.622,bybit,ADA/USDT:USDT,0.8271,11270.0,0.827,104912.0,0.8272,2933.0,0.8273,40840.0
1753600012722,07:06:52.722,bybit,ADA/USDT:USDT,0.8271,11270.0,0.827,104912.0,0.8272,2933.0,0.8273,40840.0
1753600012822,07:06:52.822,bybit,ADA/USDT:USDT,0.8271,11270.0,0.827,106099.0,0.8272,2933.0,0.8273,7760.0
1753600012922,07:06:52.922,bybit,ADA/USDT:USDT,0.8271,14751.0,0.827,109144.0,0.8272,1421.0,0.8273,5160.0
1753600013022,07:06:53.022,bybit,ADA/USDT:USDT,0.8271,14751.0,0.827,109144.0,0.8272,1421.0,0.8273,5160.0
1753600013122,07:06:53.122,bybit,ADA/USDT:USDT,0.8271,16614.0,0.827,109924.0,0.8272,1428.0,0.8273,5160.0
1753600013222,07:06:53.222,bybit,ADA/USDT:USDT,0.8271,37632.0,0.827,125786.0,0.8272,821.0,0.8273,504.0
1753600013322,07:06:53.322,bybit,ADA/USDT:USDT,0.8271,36104.0,0.827,126027.0,0.8272,821.0,0.8273,504.0
1753600013423,07:06:53.423,bybit,ADA/USDT:USDT,0.8271,36114.0,0.827,126266.0,0.8272,821.0,0.8273,504.0
1753600013522,07:06:53.522,bybit,ADA/USDT:USDT,0.8271,36114.0,0.827,126697.0,0.8272,821.0,0.8273,504.0
1753600013623,07:06:53.623,bybit,ADA/USDT:USDT,0.8271,36114.0,0.827,126697.0,0.8272,821.0,0.8273,504.0
1753600013722,07:06:53.722,bybit,ADA/USDT:USDT,0.8271,36114.0,0.827,127724.0,0.8272,821.0,0.8273,4540.0
1753600013822,07:06:53.822,bybit,ADA/USDT:USDT,0.8271,36114.0,0.827,127724.0,0.8272,821.0,0.8273,4540.0
1753600014022,07:06:54.022,bybit,ADA/USDT:USDT,0.8271,36114.0,0.827,127724.0,0.8272,821.0,0.8273,4540.0
1753600014122,07:06:54.122,bybit,ADA/USDT:USDT,0.8271,36114.0,0.827,127724.0,0.8272,821.0,0.8273,4540.0
1753600014222,07:06:54.222,bybit,ADA/USDT:USDT,0.8271,36114.0,0.827,127724.0,0.8272,821.0,0.8273,4540.0
1753600014323,07:06:54.323,bybit,ADA/USDT:USDT,0.8273,19725.0,0.8272,83513.0,0.8274,20324.0,0.8275,54563.0
1753600014422,07:06:54.422,bybit,ADA/USDT:USDT,0.8273,20184.0,0.8272,110047.0,0.8274,12073.0,0.8275,41068.0
1753600014522,07:06:54.522,bybit,ADA/USDT:USDT,0.8273,22285.0,0.8272,118928.0,0.8274,5466.0,0.8275,21901.0
1753600014622,07:06:54.622,bybit,ADA/USDT:USDT,0.8273,22285.0,0.8272,104345.0,0.8274,11661.0,0.8275,21470.0
1753600014722,07:06:54.722,bybit,ADA/USDT:USDT,0.8273,17610.0,0.8272,105371.0,0.8274,11661.0,0.8275,21470.0
1753600014822,07:06:54.822,bybit,ADA/USDT:USDT,0.8273,17610.0,0.8272,103909.0,0.8274,11661.0,0.8275,38796.0
1753600014922,07:06:54.922,bybit,ADA/USDT:USDT,0.8273,17610.0,0.8272,103909.0,0.8274,14650.0,0.8275,40258.0
1753600015022,07:06:55.022,bybit,ADA/USDT:USDT,0.8273,17610.0,0.8272,99429.0,0.8274,17250.0,0.8275,40258.0
1753600015123,07:06:55.123,bybit,ADA/USDT:USDT,0.8273,9782.0,0.8272,98162.0,0.8274,12382.0,0.8275,46502.0
1753600015222,07:06:55.222,bybit,ADA/USDT:USDT,0.8273,9782.0,0.8272,96700.0,0.8274,13647.0,0.8275,46502.0
1753600015322,07:06:55.322,bybit,ADA/USDT:USDT,0.8273,9782.0,0.8272,88745.0,0.8274,15556.0,0.8275,43120.0
1753600015422,07:06:55.422,bybit,ADA/USDT:USDT,0.8272,7.0,0.8271,47327.0,0.8273,41532.0,0.8274,72074.0
1753600015522,07:06:55.522,bybit,ADA/USDT:USDT,0.8272,7.0,0.8271,45830.0,0.8273,41557.0,0.8274,124904.0
1753600015622,07:06:55.622,bybit,ADA/USDT:USDT,0.827,7156.0,0.8269,115652.0,0.8271,6158.0,0.8272,72718.0
1753600015722,07:06:55.722,bybit,ADA/USDT:USDT,0.8271,10202.0,0.827,113713.0,0.8272,8758.0,0.8273,74428.0
1753600015822,07:06:55.822,bybit,ADA/USDT:USDT,0.8271,10202.0,0.827,119577.0,0.8272,6292.0,0.8273,74428.0
1753600015924,07:06:55.924,bybit,ADA/USDT:USDT,0.8271,10202.0,0.827,111011.0,0.8272,6292.0,0.8273,76911.0
1753600016022,07:06:56.022,bybit,ADA/USDT:USDT,0.8271,10202.0,0.827,113811.0,0.8272,6292.0,0.8273,74428.0
1753600016122,07:06:56.122,bybit,ADA/USDT:USDT,0.8271,10202.0,0.827,112411.0,0.8272,6285.0,0.8273,67086.0
1753600016223,07:06:56.223,bybit,ADA/USDT:USDT,0.8271,10202.0,0.827,111011.0,0.8272,6285.0,0.8273,67086.0
1753600016323,07:06:56.323,bybit,ADA/USDT:USDT,0.8271,9743.0,0.827,111011.0,0.8272,8897.0,0.8273,74791.0
1753600016423,07:06:56.423,bybit,ADA/USDT:USDT,0.8271,9743.0,0.827,111018.0,0.8272,8897.0,0.8273,74791.0
1753600016522,07:06:56.522,bybit,ADA/USDT:USDT,0.8271,9743.0,0.827,111018.0,0.8272,8897.0,0.8273,76191.0
1753600016622,07:06:56.622,bybit,ADA/USDT:USDT,0.8271,9743.0,0.827,111018.0,0.8272,8899.0,0.8273,77591.0
1753600016722,07:06:56.722,bybit,ADA/USDT:USDT,0.8271,9743.0,0.827,111018.0,0.8272,8899.0,0.8273,75818.0
1753600016822,07:06:56.822,bybit,ADA/USDT:USDT,0.8271,10202.0,0.827,107118.0,0.8272,6415.0,0.8273,73335.0
1753600016923,07:06:56.923,bybit,ADA/USDT:USDT,0.8271,10202.0,0.827,107118.0,0.8272,6415.0,0.8273,75818.0
1753600017022,07:06:57.022,bybit,ADA/USDT:USDT,0.8271,10202.0,0.827,107118.0,0.8272,6415.0,0.8273,75818.0
1753600017122,07:06:57.122,bybit,ADA/USDT:USDT,0.8271,10202.0,0.827,107118.0,0.8272,6415.0,0.8273,73335.0
1753600017223,07:06:57.223,bybit,ADA/USDT:USDT,0.8271,10180.0,0.827,107118.0,0.8272,5722.0,0.8273,65630.0
1753600017323,07:06:57.323,bybit,ADA/USDT:USDT,0.8271,10196.0,0.827,109792.0,0.8272,5722.0,0.8273,68113.0
1753600017422,07:06:57.422,bybit,ADA/USDT:USDT,0.8271,13632.0,0.827,109792.0,0.8272,5112.0,0.8273,64610.0
1753600017523,07:06:57.523,bybit,ADA/USDT:USDT,0.8271,13632.0,0.827,109792.0,0.8272,5112.0,0.8273,64610.0
1753600017622,07:06:57.622,bybit,ADA/USDT:USDT,0.8271,13632.0,0.827,108455.0,0.8272,5752.0,0.8273,67093.0
1753600017723,07:06:57.723,bybit,ADA/USDT:USDT,0.8271,10196.0,0.827,108145.0,0.8272,5752.0,0.8273,78498.0
1753600017822,07:06:57.822,bybit,ADA/USDT:USDT,0.8271,9216.0,0.827,108145.0,0.8272,6784.0,0.8273,78498.0
1753600017922,07:06:57.922,bybit,ADA/USDT:USDT,0.8271,8757.0,0.827,107089.0,0.8272,15803.0,0.8273,78523.0
1753600018022,07:06:58.022,bybit,ADA/USDT:USDT,0.8271,8757.0,0.827,96787.0,0.8272,16010.0,0.8273,78523.0
1753600018122,07:06:58.122,bybit,ADA/USDT:USDT,0.8271,8757.0,0.827,104489.0,0.8272,14727.0,0.8273,78523.0
1753600018222,07:06:58.222,bybit,ADA/USDT:USDT,0.8271,8757.0,0.827,104061.0,0.8272,18738.0,0.8273,78523.0
1753600018323,07:06:58.323,bybit,ADA/USDT:USDT,0.8271,8757.0,0.827,104061.0,0.8272,18738.0,0.8273,78523.0
1753600018422,07:06:58.422,bybit,ADA/USDT:USDT,0.8271,8757.0,0.827,102874.0,0.8272,16064.0,0.8273,78498.0
1753600018523,07:06:58.523,bybit,ADA/USDT:USDT,0.8271,8757.0,0.827,102874.0,0.8272,14738.0,0.8273,77161.0
1753600018623,07:06:58.623,bybit,ADA/USDT:USDT,0.8271,8757.0,0.827,102874.0,0.8272,14738.0,0.8273,78498.0
1753600018722,07:06:58.722,bybit,ADA/USDT:USDT,0.8271,8757.0,0.827,102874.0,0.8272,14702.0,0.8273,78523.0
1753600018823,07:06:58.823,bybit,ADA/USDT:USDT,0.8271,8757.0,0.827,102874.0,0.8272,17541.0,0.8273,78498.0
1753600018922,07:06:58.922,bybit,ADA/USDT:USDT,0.8271,8757.0,0.827,102874.0,0.8272,17541.0,0.8273,78498.0
1753600019022,07:06:59.022,bybit,ADA/USDT:USDT,0.8271,8757.0,0.827,102874.0,0.8272,17541.0,0.8273,78498.0
1753600019122,07:06:59.122,bybit,ADA/USDT:USDT,0.8271,8757.0,0.827,102874.0,0.8272,17541.0,0.8273,78523.0
1753600019223,07:06:59.223,bybit,ADA/USDT:USDT,0.8271,8757.0,0.827,102874.0,0.8272,16749.0,0.8273,78498.0
1753600019323,07:06:59.323,bybit,ADA/USDT:USDT,0.8271,8757.0,0.827,102874.0,0.8272,16749.0,0.8273,78498.0
1753600019422,07:06:59.422,bybit,ADA/USDT:USDT,0.8271,8757.0,0.827,102874.0,0.8272,16031.0,0.8273,77161.0
1753600019523,07:06:59.523,bybit,ADA/USDT:USDT,0.8271,8757.0,0.827,102874.0,0.8272,14598.0,0.8273,75824.0
1753600019622,07:06:59.622,bybit,ADA/USDT:USDT,0.8271,10412.0,0.827,108148.0,0.8272,5685.0,0.8273,46916.0
1753600019722,07:06:59.722,bybit,ADA/USDT:USDT,0.8271,13050.0,0.827,108148.0,0.8272,1039.0,0.8273,45889.0
1753600019822,07:06:59.822,bybit,ADA/USDT:USDT,0.8271,13050.0,0.827,108148.0,0.8272,1039.0,0.8273,41740.0
1753600019923,07:06:59.923,bybit,ADA/USDT:USDT,0.8271,13076.0,0.827,108148.0,0.8272,1009.0,0.8273,39140.0
1753600020022,07:07:00.022,bybit,ADA/USDT:USDT,0.8271,13076.0,0.827,108148.0,0.8272,1009.0,0.8273,32159.0
1753600020123,07:07:00.123,bybit,ADA/USDT:USDT,0.8271,16737.0,0.827,108928.0,0.8272,69.0,0.8273,29559.0
1753600020223,07:07:00.223,bybit,ADA/USDT:USDT,0.8271,16737.0,0.827,108148.0,0.8272,69.0,0.8273,21570.0
1753600020322,07:07:00.322,bybit,ADA/USDT:USDT,0.8271,16737.0,0.827,114198.0,0.8272,1581.0,0.8273,23442.0
1753600020422,07:07:00.422,bybit,ADA/USDT:USDT,0.8271,23237.0,0.827,114318.0,0.8272,69.0,0.8273,13182.0
1753600020523,07:07:00.523,bybit,ADA/USDT:USDT,0.8271,23639.0,0.827,114318.0,0.8272,69.0,0.8273,13182.0
1753600020623,07:07:00.623,bybit,ADA/USDT:USDT,0.8271,15802.0,0.827,112981.0,0.8272,1581.0,0.8273,15665.0
1753600020722,07:07:00.722,bybit,ADA/USDT:USDT,0.8271,14223.0,0.827,112671.0,0.8272,6228.0,0.8273,42257.0
1753600020822,07:07:00.822,bybit,ADA/USDT:USDT,0.8271,10473.0,0.827,53965.0,0.8272,20560.0,0.8273,42257.0
1753600020923,07:07:00.923,bybit,ADA/USDT:USDT,0.8271,10473.0,0.827,60161.0,0.8272,20560.0,0.8273,57576.0
1753600021022,07:07:01.022,bybit,ADA/USDT:USDT,0.8271,10473.0,0.827,58998.0,0.8272,20560.0,0.8273,57576.0
1753600021122,07:07:01.122,bybit,ADA/USDT:USDT,0.8271,10473.0,0.827,109046.0,0.8272,20560.0,0.8273,57576.0
1753600021222,07:07:01.222,bybit,ADA/USDT:USDT,0.8271,10473.0,0.827,109046.0,0.8272,19223.0,0.8273,57576.0
1753600021322,07:07:01.322,bybit,ADA/USDT:USDT,0.8271,10473.0,0.827,109046.0,0.8272,20560.0,0.8273,57576.0
1753600021423,07:07:01.423,bybit,ADA/USDT:USDT,0.8271,10473.0,0.827,108926.0,0.8272,25723.0,0.8273,58778.0
1753600021522,07:07:01.522,bybit,ADA/USDT:USDT,0.8271,10473.0,0.827,108926.0,0.8272,25723.0,0.8273,57551.0
1753600021622,07:07:01.622,bybit,ADA/USDT:USDT,0.8271,10473.0,0.827,108926.0,0.8272,25723.0,0.8273,57576.0
1753600021722,07:07:01.722,bybit,ADA/USDT:USDT,0.8271,10473.0,0.827,109953.0,0.8272,25723.0,0.8273,57576.0
1753600021822,07:07:01.822,bybit,ADA/USDT:USDT,0.8271,10473.0,0.827,109953.0,0.8272,25723.0,0.8273,57576.0
1753600021924,07:07:01.924,bybit,ADA/USDT:USDT,0.8271,10473.0,0.827,109953.0,0.8272,25920.0,0.8273,57576.0
1753600022023,07:07:02.023,bybit,ADA/USDT:USDT,0.8271,10473.0,0.827,108926.0,0.8272,25920.0,0.8273,57551.0
1753600022122,07:07:02.122,bybit,ADA/USDT:USDT,0.8271,10473.0,0.827,108926.0,0.8272,25920.0,0.8273,57576.0
1753600022222,07:07:02.222,bybit,ADA/USDT:USDT,0.8271,10473.0,0.827,108926.0,0.8272,27183.0,0.8273,57576.0
1753600022322,07:07:02.322,bybit,ADA/USDT:USDT,0.8271,10473.0,0.827,105170.0,0.8272,27183.0,0.8273,57584.0
1753600022423,07:07:02.423,bybit,ADA/USDT:USDT,0.8271,10473.0,0.827,105170.0,0.8272,27181.0,0.8273,57584.0
1753600022522,07:07:02.522,bybit,ADA/USDT:USDT,0.8271,10473.0,0.827,105170.0,0.8272,25862.0,0.8273,57559.0
1753600022622,07:07:02.622,bybit,ADA/USDT:USDT,0.8271,10473.0,0.827,105170.0,0.8272,25862.0,0.8273,57559.0
1753600022723,07:07:02.723,bybit,ADA/USDT:USDT,0.8271,10473.0,0.827,105170.0,0.8272,27181.0,0.8273,58586.0
1753600022822,07:07:02.822,bybit,ADA/USDT:USDT,0.8271,10473.0,0.827,105170.0,0.8272,27181.0,0.8273,58611.0
1753600022922,07:07:02.922,bybit,ADA/USDT:USDT,0.8271,10947.0,0.827,105170.0,0.8272,25760.0,0.8273,56068.0
1753600023022,07:07:03.022,bybit,ADA/USDT:USDT,0.8271,10947.0,0.827,105170.0,0.8272,27062.0,0.8273,58576.0
1753600023122,07:07:03.122,bybit,ADA/USDT:USDT,0.8271,10947.0,0.827,105170.0,0.8272,27062.0,0.8273,58576.0
1753600023222,07:07:03.222,bybit,ADA/USDT:USDT,0.8271,10947.0,0.827,105170.0,0.8272,16660.0,0.8273,58551.0
1753600023322,07:07:03.322,bybit,ADA/USDT:USDT,0.8271,10947.0,0.827,105140.0,0.8272,23160.0,0.8273,58551.0
1753600023423,07:07:03.423,bybit,ADA/USDT:USDT,0.8271,10947.0,0.827,105140.0,0.8272,28491.0,0.8273,58551.0
1753600023522,07:07:03.522,bybit,ADA/USDT:USDT,0.8271,10947.0,0.827,105140.0,0.8272,29793.0,0.8273,58551.0
1753600023622,07:07:03.622,bybit,ADA/USDT:USDT,0.8271,10947.0,0.827,105140.0,0.8272,29793.0,0.8273,58551.0
1753600023723,07:07:03.723,bybit,ADA/USDT:USDT,0.8271,2206.0,0.827,21844.0,0.8272,31095.0,0.8273,58551.0
1753600023822,07:07:03.822,bybit,ADA/USDT:USDT,0.8271,2206.0,0.827,21844.0,0.8272,28611.0,0.8273,57214.0
1753600023925,07:07:03.925,bybit,ADA/USDT:USDT,0.8271,2206.0,0.827,37246.0,0.8272,29913.0,0.8273,58516.0
1753600024022,07:07:04.022,bybit,ADA/USDT:USDT,0.8271,2206.0,0.827,21844.0,0.8272,31215.0,0.8273,95905.0
1753600024122,07:07:04.122,bybit,ADA/USDT:USDT,0.827,5137.0,0.8269,50561.0,0.8271,40217.0,0.8272,84876.0
1753600024222,07:07:04.222,bybit,ADA/USDT:USDT,0.827,7108.0,0.8269,113753.0,0.8271,16350.0,0.8272,82624.0
1753600024322,07:07:04.322,bybit,ADA/USDT:USDT,0.827,7812.0,0.8269,106161.0,0.8271,13750.0,0.8272,82613.0
1753600024422,07:07:04.422,bybit,ADA/USDT:USDT,0.827,8352.0,0.8269,107395.0,0.8271,6158.0,0.8272,68992.0
1753600024522,07:07:04.522,bybit,ADA/USDT:USDT,0.827,12342.0,0.8269,109776.0,0.8271,2122.0,0.8272,37493.0
1753600024623,07:07:04.623,bybit,ADA/USDT:USDT,0.827,12342.0,0.8269,109776.0,0.8271,2122.0,0.8272,39976.0
1753600024723,07:07:04.723,bybit,ADA/USDT:USDT,0.827,11108.0,0.8269,109322.0,0.8271,2122.0,0.8272,57293.0
1753600024822,07:07:04.822,bybit,ADA/USDT:USDT,0.827,11108.0,0.8269,109322.0,0.8271,2122.0,0.8272,57293.0
1753600024922,07:07:04.922,bybit,ADA/USDT:USDT,0.827,11108.0,0.8269,108088.0,0.8271,2122.0,0.8272,58527.0
1753600025023,07:07:05.023,bybit,ADA/USDT:USDT,0.827,10867.0,0.8269,108088.0,0.8271,6158.0,0.8272,57293.0
1753600025122,07:07:05.122,bybit,ADA/USDT:USDT,0.827,10867.0,0.8269,108088.0,0.8271,6158.0,0.8272,57293.0
1753600025223,07:07:05.223,bybit,ADA/USDT:USDT,0.827,12594.0,0.8269,111016.0,0.8271,6158.0,0.8272,59893.0
1753600025322,07:07:05.322,bybit,ADA/USDT:USDT,0.827,12594.0,0.8269,109541.0,0.8271,6168.0,0.8272,59893.0
1753600025422,07:07:05.422,bybit,ADA/USDT:USDT,0.827,12835.0,0.8269,111922.0,0.8271,6168.0,0.8272,59893.0
1753600025522,07:07:05.522,bybit,ADA/USDT:USDT,0.827,12835.0,0.8269,111922.0,0.8271,6168.0,0.8272,59893.0
1753600025623,07:07:05.623,bybit,ADA/USDT:USDT,0.827,12835.0,0.8269,111922.0,0.8271,6168.0,0.8272,59893.0
1753600025722,07:07:05.722,bybit,ADA/USDT:USDT,0.827,12594.0,0.8269,111922.0,0.8271,6168.0,0.8272,60920.0
1753600025822,07:07:05.822,bybit,ADA/USDT:USDT,0.827,12594.0,0.8269,110688.0,0.8271,6168.0,0.8272,60920.0
1753600025922,07:07:05.922,bybit,ADA/USDT:USDT,0.827,12135.0,0.8269,110688.0,0.8271,6384.0,0.8272,60721.0
1753600026022,07:07:06.022,bybit,ADA/USDT:USDT,0.827,7079.0,0.8269,110688.0,0.8271,6384.0,0.8272,68422.0
1753600026123,07:07:06.123,bybit,ADA/USDT:USDT,0.827,7072.0,0.8269,100863.0,0.8271,6384.0,0.8272,68422.0
1753600026223,07:07:06.223,bybit,ADA/USDT:USDT,0.827,7072.0,0.8269,110688.0,0.8271,6384.0,0.8272,68422.0
1753600026322,07:07:06.322,bybit,ADA/USDT:USDT,0.827,7072.0,0.8269,110688.0,0.8271,6384.0,0.8272,68422.0
1753600026422,07:07:06.422,bybit,ADA/USDT:USDT,0.827,7531.0,0.8269,110688.0,0.8271,6384.0,0.8272,68422.0
1753600026722,07:07:06.722,bybit,ADA/USDT:USDT,0.827,4768.0,0.8269,111851.0,0.8271,6384.0,0.8272,69822.0
1753600026822,07:07:06.822,bybit,ADA/USDT:USDT,0.827,5545.0,0.8269,109251.0,0.8271,6384.0,0.8272,69822.0
1753600026922,07:07:06.922,bybit,ADA/USDT:USDT,0.827,5545.0,0.8269,109251.0,0.8271,11715.0,0.8272,64491.0
1753600027022,07:07:07.022,bybit,ADA/USDT:USDT,0.827,5545.0,0.8269,109251.0,0.8271,11715.0,0.8272,65713.0
1753600027122,07:07:07.122,bybit,ADA/USDT:USDT,0.827,5545.0,0.8269,109251.0,0.8271,11715.0,0.8272,64491.0
1753600027222,07:07:07.222,bybit,ADA/USDT:USDT,0.827,5545.0,0.8269,109251.0,0.8271,11715.0,0.8272,64491.0
1753600027322,07:07:07.322,bybit,ADA/USDT:USDT,0.827,13889.0,0.8269,110473.0,0.8271,11715.0,0.8272,62008.0
1753600027423,07:07:07.423,bybit,ADA/USDT:USDT,0.827,14130.0,0.8269,110473.0,0.8271,11715.0,0.8272,63091.0
1753600027522,07:07:07.522,bybit,ADA/USDT:USDT,0.827,15537.0,0.8269,111551.0,0.8271,5557.0,0.8272,19505.0
1753600027622,07:07:07.622,bybit,ADA/USDT:USDT,0.827,15537.0,0.8269,111551.0,0.8271,5557.0,0.8272,19505.0
1753600027723,07:07:07.723,bybit,ADA/USDT:USDT,0.827,15537.0,0.8269,111526.0,0.8271,5557.0,0.8272,19505.0
1753600027822,07:07:07.822,bybit,ADA/USDT:USDT,0.827,16110.0,0.8269,114126.0,0.8271,5557.0,0.8272,39419.0
1753600027923,07:07:07.923,bybit,ADA/USDT:USDT,0.8271,3948.0,0.827,84796.0,0.8272,19595.0,0.8273,120534.0
1753600028022,07:07:08.022,bybit,ADA/USDT:USDT,0.8271,4659.0,0.827,110116.0,0.8272,16395.0,0.8273,84769.0
1753600028123,07:07:08.123,bybit,ADA/USDT:USDT,0.8271,4285.0,0.827,104340.0,0.8272,16388.0,0.8273,86065.0
1753600028222,07:07:08.222,bybit,ADA/USDT:USDT,0.8271,5355.0,0.827,103047.0,0.8272,16388.0,0.8273,86065.0
1753600028322,07:07:08.322,bybit,ADA/USDT:USDT,0.8271,5355.0,0.827,103047.0,0.8272,22888.0,0.8273,86065.0
1753600028422,07:07:08.422,bybit,ADA/USDT:USDT,0.8271,5355.0,0.827,103047.0,0.8272,22888.0,0.8273,86065.0
1753600028522,07:07:08.522,bybit,ADA/USDT:USDT,0.8271,5355.0,0.827,103047.0,0.8272,22888.0,0.8273,86065.0
1753600028922,07:07:08.922,bybit,ADA/USDT:USDT,0.8271,5355.0,0.827,111647.0,0.8272,22888.0,0.8273,86065.0
1753600029022,07:07:09.022,bybit,ADA/USDT:USDT,0.8271,1070.0,0.827,111647.0,0.8272,24184.0,0.8273,87361.0
1753600029122,07:07:09.122,bybit,ADA/USDT:USDT,0.8271,2003.0,0.827,94710.0,0.8272,16378.0,0.8273,85618.0
1753600029222,07:07:09.222,bybit,ADA/USDT:USDT,0.8271,2003.0,0.827,94710.0,0.8272,16378.0,0.8273,85643.0
1753600029322,07:07:09.322,bybit,ADA/USDT:USDT,0.8271,2003.0,0.827,54630.0,0.8272,25470.0,0.8273,85653.0
1753600029422,07:07:09.422,bybit,ADA/USDT:USDT,0.8271,2003.0,0.827,54630.0,0.8272,24174.0,0.8273,85653.0
1753600029522,07:07:09.522,bybit,ADA/USDT:USDT,0.8271,2003.0,0.827,47878.0,0.8272,22878.0,0.8273,85653.0
1753600029622,07:07:09.622,bybit,ADA/USDT:USDT,0.8271,2003.0,0.827,66340.0,0.8272,24175.0,0.8273,122266.0
1753600029722,07:07:09.722,bybit,ADA/USDT:USDT,0.8271,2003.0,0.827,91349.0,0.8272,22879.0,0.8273,123293.0
1753600030022,07:07:10.022,bybit,ADA/USDT:USDT,0.8271,2340.0,0.827,104422.0,0.8272,17795.0,0.8273,114716.0
1753600030122,07:07:10.122,bybit,ADA/USDT:USDT,0.8271,2003.0,0.827,85179.0,0.8272,19091.0,0.8273,117199.0
1753600030223,07:07:10.223,bybit,ADA/USDT:USDT,0.8271,2003.0,0.827,85179.0,0.8272,19091.0,0.8273,117199.0
1753600030322,07:07:10.322,bybit,ADA/USDT:USDT,0.8271,2003.0,0.827,81763.0,0.8272,25591.0,0.8273,123293.0
1753600030423,07:07:10.423,bybit,ADA/USDT:USDT,0.8271,2003.0,0.827,85613.0,0.8272,23819.0,0.8273,123293.0
1753600030622,07:07:10.622,bybit,ADA/USDT:USDT,0.8271,2003.0,0.827,104420.0,0.8272,22520.0,0.8273,113398.0
1753600030722,07:07:10.722,bybit,ADA/USDT:USDT,0.8271,3274.0,0.827,103231.0,0.8272,22520.0,0.8273,120676.0
1753600030823,07:07:10.823,bybit,ADA/USDT:USDT,0.8271,3274.0,0.827,103231.0,0.8272,22520.0,0.8273,113398.0
1753600030922,07:07:10.922,bybit,ADA/USDT:USDT,0.8271,3274.0,0.827,103231.0,0.8272,22520.0,0.8273,114722.0
1753600031022,07:07:11.022,bybit,ADA/USDT:USDT,0.8271,3274.0,0.827,103231.0,0.8272,22520.0,0.8273,114722.0
1753600031122,07:07:11.122,bybit,ADA/USDT:USDT,0.8271,5160.0,0.827,105693.0,0.8272,16020.0,0.8273,112099.0
1753600031222,07:07:11.222,bybit,ADA/USDT:USDT,0.8272,30385.0,0.8271,125625.0,0.8273,10175.0,0.8274,76259.0
1753600031322,07:07:11.322,bybit,ADA/USDT:USDT,0.8272,27761.0,0.8271,110788.0,0.8273,18775.0,0.8274,93567.0
1753600031423,07:07:11.423,bybit,ADA/USDT:USDT,0.8272,27761.0,0.8271,110788.0,0.8273,18765.0,0.8274,58798.0
1753600031522,07:07:11.522,bybit,ADA/USDT:USDT,0.8272,27761.0,0.8271,109499.0,0.8273,18765.0,0.8274,58367.0
1753600031623,07:07:11.623,bybit,ADA/USDT:USDT,0.8272,27761.0,0.8271,109499.0,0.8273,10165.0,0.8274,58367.0
1753600031722,07:07:11.722,bybit,ADA/USDT:USDT,0.8272,27761.0,0.8271,109499.0,0.8273,10165.0,0.8274,60945.0
1753600031822,07:07:11.822,bybit,ADA/USDT:USDT,0.8272,27761.0,0.8271,109499.0,0.8273,10165.0,0.8274,60945.0
1753600031922,07:07:11.922,bybit,ADA/USDT:USDT,0.8272,27761.0,0.8271,109499.0,0.8273,10175.0,0.8274,60945.0
1753600032122,07:07:12.122,bybit,ADA/USDT:USDT,0.8272,27761.0,0.8271,109499.0,0.8273,10175.0,0.8274,60945.0
1753600032223,07:07:12.223,bybit,ADA/USDT:USDT,0.8272,23813.0,0.8271,109506.0,0.8273,10175.0,0.8274,62139.0
1753600032322,07:07:12.322,bybit,ADA/USDT:USDT,0.8272,23813.0,0.8271,110795.0,0.8273,10175.0,0.8274,60850.0
1753600032423,07:07:12.423,bybit,ADA/USDT:USDT,0.8272,24344.0,0.8271,110795.0,0.8273,9942.0,0.8274,31461.0
1753600032522,07:07:12.522,bybit,ADA/USDT:USDT,0.8272,24344.0,0.8271,110795.0,0.8273,9942.0,0.8274,33944.0
1753600032622,07:07:12.622,bybit,ADA/USDT:USDT,0.8272,24344.0,0.8271,109506.0,0.8273,9942.0,0.8274,53828.0
1753600032722,07:07:12.722,bybit,ADA/USDT:USDT,0.8272,21640.0,0.8271,109463.0,0.8273,14893.0,0.8274,61524.0
1753600032922,07:07:12.922,bybit,ADA/USDT:USDT,0.8272,21640.0,0.8271,109463.0,0.8273,14893.0,0.8274,61524.0
1753600033122,07:07:13.122,bybit,ADA/USDT:USDT,0.8272,21640.0,0.8271,109463.0,0.8273,14893.0,0.8274,58946.0
1753600033222,07:07:13.222,bybit,ADA/USDT:USDT,0.8272,21640.0,0.8271,109463.0,0.8273,19393.0,0.8274,60235.0
1753600033323,07:07:13.323,bybit,ADA/USDT:USDT,0.8272,17680.0,0.8271,109463.0,0.8273,20682.0,0.8274,61524.0
1753600033422,07:07:13.422,bybit,ADA/USDT:USDT,0.8272,13241.0,0.8271,108436.0,0.8273,19393.0,0.8274,61549.0
1753600033522,07:07:13.522,bybit,ADA/USDT:USDT,0.8272,11471.0,0.8271,108436.0,0.8273,12542.0,0.8274,60235.0
1753600033622,07:07:13.622,bybit,ADA/USDT:USDT,0.8272,1850.0,0.8271,89801.0,0.8273,25265.0,0.8274,93123.0
1753600033823,07:07:13.823,bybit,ADA/USDT:USDT,0.827,8607.0,0.8269,117935.0,0.8271,18950.0,0.8272,76597.0
1753600033922,07:07:13.922,bybit,ADA/USDT:USDT,0.827,8607.0,0.8269,110728.0,0.8271,18950.0,0.8272,76529.0
1753600034022,07:07:14.022,bybit,ADA/USDT:USDT,0.827,13159.0,0.8269,111995.0,0.8271,2122.0,0.8272,65054.0
1753600034122,07:07:14.122,bybit,ADA/USDT:USDT,0.8271,6009.0,0.827,116208.0,0.8272,26160.0,0.8273,75761.0
1753600034222,07:07:14.222,bybit,ADA/USDT:USDT,0.8271,15043.0,0.827,112965.0,0.8272,25560.0,0.8273,75761.0
1753600034322,07:07:14.322,bybit,ADA/USDT:USDT,0.827,42278.0,0.8269,92920.0,0.8271,6158.0,0.8272,29672.0
1753600034422,07:07:14.422,bybit,ADA/USDT:USDT,0.827,8607.0,0.8269,57247.0,0.8271,19831.0,0.8272,64285.0
1753600034523,07:07:14.523,bybit,ADA/USDT:USDT,0.827,8607.0,0.8269,111762.0,0.8271,16350.0,0.8272,64285.0
1753600034622,07:07:14.622,bybit,ADA/USDT:USDT,0.827,10073.0,0.8269,110495.0,0.8271,17035.0,0.8272,66819.0
1753600034822,07:07:14.822,bybit,ADA/USDT:USDT,0.827,10073.0,0.8269,110495.0,0.8271,17035.0,0.8272,66579.0
1753600034923,07:07:14.923,bybit,ADA/USDT:USDT,0.827,10073.0,0.8269,110495.0,0.8271,18243.0,0.8272,68155.0
1753600035022,07:07:15.022,bybit,ADA/USDT:USDT,0.827,10073.0,0.8269,110495.0,0.8271,18243.0,0.8272,68155.0
1753600035122,07:07:15.122,bybit,ADA/USDT:USDT,0.827,1466.0,0.8269,10880.0,0.8271,20777.0,0.8272,103402.0
1753600035222,07:07:15.222,bybit,ADA/USDT:USDT,0.827,1466.0,0.8269,26221.0,0.8271,27277.0,0.8272,103402.0
1753600035322,07:07:15.322,bybit,ADA/USDT:USDT,0.8269,26221.0,0.8268,113460.0,0.8271,25325.0,0.8272,103833.0
1753600035423,07:07:15.423,bybit,ADA/USDT:USDT,0.8269,160.0,0.8268,49564.0,0.827,16036.0,0.8271,56832.0
1753600035522,07:07:15.522,bybit,ADA/USDT:USDT,0.8269,160.0,0.8268,56434.0,0.827,17032.0,0.8271,58099.0
1753600035622,07:07:15.622,bybit,ADA/USDT:USDT,0.8269,160.0,0.8268,63803.0,0.827,17032.0,0.8271,58099.0
1753600035722,07:07:15.722,bybit,ADA/USDT:USDT,0.8269,186.0,0.8268,63803.0,0.827,17032.0,0.8271,56592.0
1753600035822,07:07:15.822,bybit,ADA/USDT:USDT,0.8269,1698.0,0.8268,119586.0,0.827,16036.0,0.8271,56592.0
1753600035922,07:07:15.922,bybit,ADA/USDT:USDT,0.8269,1698.0,0.8268,107956.0,0.827,16036.0,0.8271,56592.0
1753600036022,07:07:16.022,bybit,ADA/USDT:USDT,0.8269,1698.0,0.8268,107956.0,0.827,16036.0,0.8271,56592.0
1753600036122,07:07:16.122,bybit,ADA/USDT:USDT,0.8269,3429.0,0.8268,107956.0,0.827,16036.0,0.8271,56592.0
1753600036223,07:07:16.223,bybit,ADA/USDT:USDT,0.8269,1917.0,0.8268,63706.0,0.827,22536.0,0.8271,56592.0
1753600036322,07:07:16.322,bybit,ADA/USDT:USDT,0.8269,1917.0,0.8268,76210.0,0.827,22536.0,0.8271,57859.0
1753600036422,07:07:16.422,bybit,ADA/USDT:USDT,0.8269,1917.0,0.8268,76210.0,0.827,23744.0,0.8271,57918.0
1753600036523,07:07:16.523,bybit,ADA/USDT:USDT,0.8269,1919.0,0.8268,50552.0,0.827,25011.0,0.8271,99509.0
1753600036622,07:07:16.622,bybit,ADA/USDT:USDT,0.8269,1919.0,0.8268,50552.0,0.827,23744.0,0.8271,99509.0
1753600036722,07:07:16.722,bybit,ADA/USDT:USDT,0.8269,1919.0,0.8268,50552.0,0.827,23744.0,0.8271,99516.0
1753600036822,07:07:16.822,bybit,ADA/USDT:USDT,0.8269,1919.0,0.8268,50552.0,0.827,23744.0,0.8271,99516.0
1753600036922,07:07:16.922,bybit,ADA/USDT:USDT,0.8269,1919.0,0.8268,50552.0,0.827,23744.0,0.8271,99516.0
1753600037122,07:07:17.122,bybit,ADA/USDT:USDT,0.8268,35798.0,0.8267,100363.0,0.8269,33860.0,0.827,30278.0
1753600037222,07:07:17.222,bybit,ADA/USDT:USDT,0.8268,11945.0,0.8267,98235.0,0.8269,29159.0,0.827,55572.0
1753600037322,07:07:17.322,bybit,ADA/USDT:USDT,0.8268,11878.0,0.8267,98235.0,0.8269,29159.0,0.827,55572.0
1753600037423,07:07:17.423,bybit,ADA/USDT:USDT,0.8268,11878.0,0.8267,98235.0,0.8269,29159.0,0.827,56779.0
1753600037522,07:07:17.522,bybit,ADA/USDT:USDT,0.8268,11878.0,0.8267,99439.0,0.8269,29159.0,0.827,56779.0
1753600037622,07:07:17.622,bybit,ADA/USDT:USDT,0.8268,11878.0,0.8267,99439.0,0.8269,29159.0,0.827,55572.0
1753600037722,07:07:17.722,bybit,ADA/USDT:USDT,0.8268,13469.0,0.8267,100632.0,0.8269,12740.0,0.827,53096.0
1753600037822,07:07:17.822,bybit,ADA/USDT:USDT,0.8268,13469.0,0.8267,99439.0,0.8269,12740.0,0.827,53096.0
1753600037922,07:07:17.922,bybit,ADA/USDT:USDT,0.8268,13469.0,0.8267,101800.0,0.8269,4646.0,0.827,53096.0
1753600038023,07:07:18.023,bybit,ADA/USDT:USDT,0.8268,13469.0,0.8267,99439.0,0.8269,4646.0,0.827,53096.0
1753600038123,07:07:18.123,bybit,ADA/USDT:USDT,0.8268,13095.0,0.8267,99439.0,0.8269,10950.0,0.827,55579.0
1753600038223,07:07:18.223,bybit,ADA/USDT:USDT,0.8268,11932.0,0.8267,99439.0,0.8269,15023.0,0.827,55539.0
1753600038323,07:07:18.323,bybit,ADA/USDT:USDT,0.8268,11932.0,0.8267,99439.0,0.8269,15023.0,0.827,55539.0
1753600038422,07:07:18.422,bybit,ADA/USDT:USDT,0.8268,11932.0,0.8267,99439.0,0.8269,15458.0,0.827,55539.0
1753600038522,07:07:18.522,bybit,ADA/USDT:USDT,0.8268,11932.0,0.8267,99439.0,0.8269,15480.0,0.827,55539.0
1753600038622,07:07:18.622,bybit,ADA/USDT:USDT,0.8268,11932.0,0.8267,99439.0,0.8269,15480.0,0.827,55539.0
1753600038722,07:07:18.722,bybit,ADA/USDT:USDT,0.8268,11932.0,0.8267,99439.0,0.8269,15480.0,0.827,55539.0
1753600038822,07:07:18.822,bybit,ADA/USDT:USDT,0.8268,11944.0,0.8267,100602.0,0.8269,15480.0,0.827,54371.0
1753600038922,07:07:18.922,bybit,ADA/USDT:USDT,0.8268,13107.0,0.8267,100602.0,0.8269,15480.0,0.827,54371.0
1753600039022,07:07:19.022,bybit,ADA/USDT:USDT,0.8268,14619.0,0.8267,101770.0,0.8269,15480.0,0.827,54371.0
1753600039122,07:07:19.122,bybit,ADA/USDT:USDT,0.8268,13456.0,0.8267,101795.0,0.8269,15480.0,0.827,54371.0
1753600039222,07:07:19.222,bybit,ADA/USDT:USDT,0.8268,13456.0,0.8267,102963.0,0.8269,15480.0,0.827,54371.0
1753600039322,07:07:19.322,bybit,ADA/USDT:USDT,0.8268,13456.0,0.8267,100602.0,0.8269,15480.0,0.827,54371.0
1753600039423,07:07:19.423,bybit,ADA/USDT:USDT,0.8268,14619.0,0.8267,102938.0,0.8269,15480.0,0.827,54371.0
1753600039622,07:07:19.622,bybit,ADA/USDT:USDT,0.8268,15787.0,0.8267,102938.0,0.8269,15480.0,0.827,54371.0
1753600039723,07:07:19.723,bybit,ADA/USDT:USDT,0.8268,14624.0,0.8267,102938.0,0.8269,15480.0,0.827,55398.0
1753600039822,07:07:19.822,bybit,ADA/USDT:USDT,0.8268,14624.0,0.8267,102938.0,0.8269,15480.0,0.827,55398.0
1753600039922,07:07:19.922,bybit,ADA/USDT:USDT,0.8268,14624.0,0.8267,102938.0,0.8269,15480.0,0.827,55398.0
1753600040023,07:07:20.023,bybit,ADA/USDT:USDT,0.8268,10974.0,0.8267,100577.0,0.8269,15480.0,0.827,56566.0
1753600040122,07:07:20.122,bybit,ADA/USDT:USDT,0.8268,10974.0,0.8267,100577.0,0.8269,15480.0,0.827,56566.0
1753600040222,07:07:20.222,bybit,ADA/USDT:USDT,0.8268,10974.0,0.8267,100577.0,0.8269,21980.0,0.827,56539.0
1753600040323,07:07:20.323,bybit,ADA/USDT:USDT,0.8268,10974.0,0.8267,100577.0,0.8269,21980.0,0.827,56539.0
1753600040423,07:07:20.423,bybit,ADA/USDT:USDT,0.8268,10974.0,0.8267,100577.0,0.8269,15480.0,0.827,56539.0
1753600040522,07:07:20.522,bybit,ADA/USDT:USDT,0.8268,10974.0,0.8267,101718.0,0.8269,15600.0,0.827,56539.0
1753600040623,07:07:20.623,bybit,ADA/USDT:USDT,0.8268,10920.0,0.8267,102884.0,0.8269,15600.0,0.827,55398.0
1753600040722,07:07:20.722,bybit,ADA/USDT:USDT,0.8268,10969.0,0.8267,101743.0,0.8269,15612.0,0.827,55398.0
1753600040822,07:07:20.822,bybit,ADA/USDT:USDT,0.8268,12110.0,0.8267,102884.0,0.8269,15612.0,0.827,30397.0
1753600040922,07:07:20.922,bybit,ADA/USDT:USDT,0.8268,12110.0,0.8267,102859.0,0.8269,15612.0,0.827,71821.0
1753600041022,07:07:21.022,bybit,ADA/USDT:USDT,0.8268,12110.0,0.8267,102884.0,0.8269,15612.0,0.827,71821.0
1753600041122,07:07:21.122,bybit,ADA/USDT:USDT,0.8268,12110.0,0.8267,102884.0,0.8269,15612.0,0.827,69338.0
1753600041223,07:07:21.223,bybit,ADA/USDT:USDT,0.8268,12110.0,0.8267,102884.0,0.8269,15612.0,0.827,69338.0
1753600041322,07:07:21.322,bybit,ADA/USDT:USDT,0.8268,15395.0,0.8267,105484.0,0.8269,15612.0,0.827,69338.0
1753600041422,07:07:21.422,bybit,ADA/USDT:USDT,0.8268,15395.0,0.8267,105484.0,0.8269,15612.0,0.827,69338.0
1753600041523,07:07:21.523,bybit,ADA/USDT:USDT,0.8268,14232.0,0.8267,105484.0,0.8269,15612.0,0.827,69338.0
1753600041622,07:07:21.622,bybit,ADA/USDT:USDT,0.8268,10969.0,0.8267,105484.0,0.8269,15612.0,0.827,69338.0
1753600041723,07:07:21.723,bybit,ADA/USDT:USDT,0.8268,13996.0,0.8267,106511.0,0.8269,15612.0,0.827,69338.0
1753600041822,07:07:21.822,bybit,ADA/USDT:USDT,0.8268,13996.0,0.8267,106511.0,0.8269,15612.0,0.827,69338.0
1753600042022,07:07:22.022,bybit,ADA/USDT:USDT,0.8268,12855.0,0.8267,103911.0,0.8269,15612.0,0.827,69338.0
1753600042122,07:07:22.122,bybit,ADA/USDT:USDT,0.8268,10969.0,0.8267,103886.0,0.8269,15612.0,0.827,73338.0
1753600042223,07:07:22.223,bybit,ADA/USDT:USDT,0.8268,10969.0,0.8267,103886.0,0.8269,15612.0,0.827,73338.0
1753600042322,07:07:22.322,bybit,ADA/USDT:USDT,0.8268,10969.0,0.8267,103886.0,0.8269,15602.0,0.827,73350.0
1753600042423,07:07:22.423,bybit,ADA/USDT:USDT,0.8268,10969.0,0.8267,100555.0,0.8269,16863.0,0.827,74491.0
1753600042522,07:07:22.522,bybit,ADA/USDT:USDT,0.8268,10969.0,0.8267,101696.0,0.8269,16863.0,0.827,73350.0
1753600042622,07:07:22.622,bybit,ADA/USDT:USDT,0.8268,10969.0,0.8267,101721.0,0.8269,16863.0,0.827,73350.0
1753600042722,07:07:22.722,bybit,ADA/USDT:USDT,0.8268,12110.0,0.8267,101721.0,0.8269,16863.0,0.827,73350.0
1753600042922,07:07:22.922,bybit,ADA/USDT:USDT,0.8268,13202.0,0.8267,101721.0,0.8269,16890.0,0.827,73350.0
1753600043022,07:07:23.022,bybit,ADA/USDT:USDT,0.8268,8718.0,0.8267,45882.0,0.8269,16900.0,0.827,78103.0
1753600043123,07:07:23.123,bybit,ADA/USDT:USDT,0.8268,8718.0,0.8267,47023.0,0.8269,20900.0,0.827,76962.0
1753600043222,07:07:23.222,bybit,ADA/USDT:USDT,0.8268,8718.0,0.8267,47023.0,0.8269,16900.0,0.827,76962.0
1753600043322,07:07:23.322,bybit,ADA/USDT:USDT,0.8268,8718.0,0.8267,47023.0,0.8269,16900.0,0.827,76962.0
1753600043422,07:07:23.422,bybit,ADA/USDT:USDT,0.8268,8718.0,0.8267,45882.0,0.8269,16900.0,0.827,78103.0
1753600043522,07:07:23.522,bybit,ADA/USDT:USDT,0.8267,5788.0,0.8266,127846.0,0.8268,24649.0,0.8269,73030.0
1753600043623,07:07:23.623,bybit,ADA/USDT:USDT,0.8266,4931.0,0.8265,99136.0,0.8267,27263.0,0.8268,59131.0
1753600043722,07:07:23.722,bybit,ADA/USDT:USDT,0.8266,5810.0,0.8265,91362.0,0.8267,28241.0,0.8268,61406.0
1753600043822,07:07:23.822,bybit,ADA/USDT:USDT,0.8266,1594.0,0.8265,68291.0,0.8267,28241.0,0.8268,66244.0
1753600043924,07:07:23.924,bybit,ADA/USDT:USDT,0.8266,1594.0,0.8265,50978.0,0.8267,27019.0,0.8268,63199.0
1753600044022,07:07:24.022,bybit,ADA/USDT:USDT,0.8266,1594.0,0.8265,50978.0,0.8267,27019.0,0.8268,60194.0
1753600044122,07:07:24.122,bybit,ADA/USDT:USDT,0.8266,82.0,0.8265,50978.0,0.8267,29463.0,0.8268,61416.0
1753600044222,07:07:24.222,bybit,ADA/USDT:USDT,0.8266,1594.0,0.8265,50978.0,0.8267,27019.0,0.8268,60194.0
1753600044323,07:07:24.323,bybit,ADA/USDT:USDT,0.8266,1594.0,0.8265,50978.0,0.8267,27095.0,0.8268,60169.0
1753600044422,07:07:24.422,bybit,ADA/USDT:USDT,0.8266,1594.0,0.8265,50978.0,0.8267,27152.0,0.8268,61416.0
1753600044522,07:07:24.522,bybit,ADA/USDT:USDT,0.8266,82.0,0.8265,50978.0,0.8267,27152.0,0.8268,61391.0
1753600044622,07:07:24.622,bybit,ADA/USDT:USDT,0.8266,1878.0,0.8265,50978.0,0.8267,30804.0,0.8268,61416.0
1753600044723,07:07:24.723,bybit,ADA/USDT:USDT,0.8266,3390.0,0.8265,50978.0,0.8267,28360.0,0.8268,61416.0
1753600044822,07:07:24.822,bybit,ADA/USDT:USDT,0.8266,3390.0,0.8265,43611.0,0.8267,28360.0,0.8268,66219.0
1753600044922,07:07:24.922,bybit,ADA/USDT:USDT,0.8266,3390.0,0.8265,43611.0,0.8267,28360.0,0.8268,68118.0
1753600045022,07:07:25.022,bybit,ADA/USDT:USDT,0.8266,1878.0,0.8265,43611.0,0.8267,29582.0,0.8268,68118.0
1753600045122,07:07:25.122,bybit,ADA/USDT:USDT,0.8266,1871.0,0.8265,43611.0,0.8267,36082.0,0.8268,76695.0
1753600045222,07:07:25.222,bybit,ADA/USDT:USDT,0.8266,1871.0,0.8265,43611.0,0.8267,36135.0,0.8268,76695.0
1753600045323,07:07:25.323,bybit,ADA/USDT:USDT,0.8266,1871.0,0.8265,43611.0,0.8267,37357.0,0.8268,76695.0
1753600045422,07:07:25.422,bybit,ADA/USDT:USDT,0.8266,2104.0,0.8265,43611.0,0.8267,29635.0,0.8268,68118.0
1753600045522,07:07:25.522,bybit,ADA/USDT:USDT,0.8266,2104.0,0.8265,43611.0,0.8267,28413.0,0.8268,66903.0
1753600045622,07:07:25.622,bybit,ADA/USDT:USDT,0.8266,2104.0,0.8265,62514.0,0.8267,28413.0,0.8268,67309.0
1753600045722,07:07:25.722,bybit,ADA/USDT:USDT,0.8266,2104.0,0.8265,68287.0,0.8267,28397.0,0.8268,68100.0
1753600045822,07:07:25.822,bybit,ADA/USDT:USDT,0.8266,2104.0,0.8265,68287.0,0.8267,28397.0,0.8268,66878.0
1753600045923,07:07:25.923,bybit,ADA/USDT:USDT,0.8266,2104.0,0.8265,56753.0,0.8267,28397.0,0.8268,66857.0
1753600046022,07:07:26.022,bybit,ADA/USDT:USDT,0.8266,2104.0,0.8265,56753.0,0.8267,28397.0,0.8268,64374.0
1753600046122,07:07:26.122,bybit,ADA/USDT:USDT,0.8266,4785.0,0.8265,110334.0,0.8267,17505.0,0.8268,57123.0
1753600046222,07:07:26.222,bybit,ADA/USDT:USDT,0.8266,3631.0,0.8265,110334.0,0.8267,14905.0,0.8268,59606.0
1753600046322,07:07:26.322,bybit,ADA/USDT:USDT,0.8266,2104.0,0.8265,47168.0,0.8267,14905.0,0.8268,60807.0
1753600046422,07:07:26.422,bybit,ADA/USDT:USDT,0.8266,2104.0,0.8265,45967.0,0.8267,14905.0,0.8268,60807.0
1753600046522,07:07:26.522,bybit,ADA/USDT:USDT,0.8266,2104.0,0.8265,45967.0,0.8267,14905.0,0.8268,62033.0
1753600046622,07:07:26.622,bybit,ADA/USDT:USDT,0.8266,2104.0,0.8265,45967.0,0.8267,14905.0,0.8268,62033.0
1753600046722,07:07:26.722,bybit,ADA/USDT:USDT,0.8266,2104.0,0.8265,52173.0,0.8267,14905.0,0.8268,62033.0
1753600046822,07:07:26.822,bybit,ADA/USDT:USDT,0.8266,2104.0,0.8265,52173.0,0.8267,14905.0,0.8268,63264.0
1753600046923,07:07:26.923,bybit,ADA/USDT:USDT,0.8266,2104.0,0.8265,52173.0,0.8267,16393.0,0.8268,63264.0
1753600047022,07:07:27.022,bybit,ADA/USDT:USDT,0.8266,2104.0,0.8265,52173.0,0.8267,15192.0,0.8268,63264.0
1753600047122,07:07:27.122,bybit,ADA/USDT:USDT,0.8266,1871.0,0.8265,52173.0,0.8267,28094.0,0.8268,63264.0
1753600047222,07:07:27.222,bybit,ADA/USDT:USDT,0.8266,1871.0,0.8265,52173.0,0.8267,28094.0,0.8268,64283.0
1753600047322,07:07:27.322,bybit,ADA/USDT:USDT,0.8266,1871.0,0.8265,52173.0,0.8267,28037.0,0.8268,64283.0
1753600047423,07:07:27.423,bybit,ADA/USDT:USDT,0.8265,7469.0,0.8264,68558.0,0.8266,26256.0,0.8267,59831.0
1753600047522,07:07:27.522,bybit,ADA/USDT:USDT,0.8265,7469.0,0.8264,69741.0,0.8266,26256.0,0.8267,59841.0
1753600047622,07:07:27.622,bybit,ADA/USDT:USDT,0.8265,7469.0,0.8264,117836.0,0.8266,26256.0,0.8267,59841.0
1753600047722,07:07:27.722,bybit,ADA/USDT:USDT,0.8265,7469.0,0.8264,116653.0,0.8266,26256.0,0.8267,62052.0
1753600047822,07:07:27.822,bybit,ADA/USDT:USDT,0.8265,2846.0,0.8264,74331.0,0.8266,26256.0,0.8267,63235.0
1753600047925,07:07:27.925,bybit,ADA/USDT:USDT,0.8265,2484.0,0.8264,37941.0,0.8266,27535.0,0.8267,63235.0
1753600048022,07:07:28.022,bybit,ADA/USDT:USDT,0.8265,2484.0,0.8264,37941.0,0.8266,27535.0,0.8267,63235.0
1753600048122,07:07:28.122,bybit,ADA/USDT:USDT,0.8265,2484.0,0.8264,37941.0,0.8266,27535.0,0.8267,63235.0
1753600048222,07:07:28.222,bybit,ADA/USDT:USDT,0.8265,2484.0,0.8264,37941.0,0.8266,27535.0,0.8267,63235.0
1753600048322,07:07:28.322,bybit,ADA/USDT:USDT,0.8265,972.0,0.8264,37941.0,0.8266,27535.0,0.8267,63235.0
1753600048422,07:07:28.422,bybit,ADA/USDT:USDT,0.8265,972.0,0.8264,37941.0,0.8266,28743.0,0.8267,62027.0
1753600048523,07:07:28.523,bybit,ADA/USDT:USDT,0.8265,1205.0,0.8264,60707.0,0.8266,28743.0,0.8267,62027.0
1753600048723,07:07:28.723,bybit,ADA/USDT:USDT,0.8265,1205.0,0.8264,60707.0,0.8266,28743.0,0.8267,60844.0
1753600048822,07:07:28.822,bybit,ADA/USDT:USDT,0.8265,8197.0,0.8264,118871.0,0.8266,14725.0,0.8267,53136.0
1753600048923,07:07:28.923,bybit,ADA/USDT:USDT,0.8265,8197.0,0.8264,118871.0,0.8266,7133.0,0.8267,45439.0
1753600049023,07:07:29.023,bybit,ADA/USDT:USDT,0.8265,8197.0,0.8264,118871.0,0.8266,7195.0,0.8267,45375.0
1753600049122,07:07:29.122,bybit,ADA/USDT:USDT,0.8265,14697.0,0.8264,118871.0,0.8266,7730.0,0.8267,45375.0
1753600049222,07:07:29.222,bybit,ADA/USDT:USDT,0.8265,14697.0,0.8264,118871.0,0.8266,10796.0,0.8267,53073.0
1753600049323,07:07:29.323,bybit,ADA/USDT:USDT,0.8265,13737.0,0.8264,109046.0,0.8266,10796.0,0.8267,53073.0
1753600049423,07:07:29.423,bybit,ADA/USDT:USDT,0.8265,13737.0,0.8264,109046.0,0.8266,10796.0,0.8267,53073.0
1753600049522,07:07:29.522,bybit,ADA/USDT:USDT,0.8265,14881.0,0.8264,111646.0,0.8266,7555.0,0.8267,53073.0
1753600049622,07:07:29.622,bybit,ADA/USDT:USDT,0.8265,15321.0,0.8264,111646.0,0.8266,2292.0,0.8267,51992.0
1753600049722,07:07:29.722,bybit,ADA/USDT:USDT,0.8265,17314.0,0.8264,112371.0,0.8266,1682.0,0.8267,15395.0
1753600049823,07:07:29.823,bybit,ADA/USDT:USDT,0.8265,16131.0,0.8264,112371.0,0.8266,1682.0,0.8267,32705.0
1753600049925,07:07:29.925,bybit,ADA/USDT:USDT,0.8265,16131.0,0.8264,112371.0,0.8266,2257.0,0.8267,32705.0
1753600050023,07:07:30.023,bybit,ADA/USDT:USDT,0.8265,16131.0,0.8264,115416.0,0.8266,2257.0,0.8267,32705.0
1753600050122,07:07:30.122,bybit,ADA/USDT:USDT,0.8265,14948.0,0.8264,113050.0,0.8266,2257.0,0.8267,40403.0
1753600050222,07:07:30.222,bybit,ADA/USDT:USDT,0.8265,14948.0,0.8264,114802.0,0.8266,2257.0,0.8267,32705.0
1753600050323,07:07:30.323,bybit,ADA/USDT:USDT,0.8266,53466.0,0.8265,158130.0,0.8267,7294.0,0.8268,46147.0
1753600050422,07:07:30.422,bybit,ADA/USDT:USDT,0.8266,53466.0,0.8265,146296.0,0.8267,7294.0,0.8268,44747.0
1753600050522,07:07:30.522,bybit,ADA/USDT:USDT,0.8266,53441.0,0.8265,146296.0,0.8267,7294.0,0.8268,44747.0
1753600050622,07:07:30.622,bybit,ADA/USDT:USDT,0.8266,53441.0,0.8265,147076.0,0.8267,5782.0,0.8268,44747.0
1753600050722,07:07:30.722,bybit,ADA/USDT:USDT,0.8266,28557.0,0.8265,140396.0,0.8267,11474.0,0.8268,47230.0
1753600050822,07:07:30.822,bybit,ADA/USDT:USDT,0.8266,30939.0,0.8265,141612.0,0.8267,11440.0,0.8268,44747.0
1753600050922,07:07:30.922,bybit,ADA/USDT:USDT,0.8266,29748.0,0.8265,141612.0,0.8267,11440.0,0.8268,44747.0
1753600051026,07:07:31.026,bybit,ADA/USDT:USDT,0.8266,30939.0,0.8265,141612.0,0.8267,11440.0,0.8268,44747.0
1753600051122,07:07:31.122,bybit,ADA/USDT:USDT,0.8266,30939.0,0.8265,141612.0,0.8267,7397.0,0.8268,44747.0
1753600051222,07:07:31.222,bybit,ADA/USDT:USDT,0.8266,26219.0,0.8265,141612.0,0.8267,11433.0,0.8268,47230.0
1753600051322,07:07:31.322,bybit,ADA/USDT:USDT,0.8266,26221.0,0.8265,141612.0,0.8267,11433.0,0.8268,47230.0
1753600051422,07:07:31.422,bybit,ADA/USDT:USDT,0.8266,27414.0,0.8265,141612.0,0.8267,7397.0,0.8268,44747.0
1753600051522,07:07:31.522,bybit,ADA/USDT:USDT,0.8266,26221.0,0.8265,141612.0,0.8267,7397.0,0.8268,48747.0
1753600051623,07:07:31.623,bybit,ADA/USDT:USDT,0.8266,27650.0,0.8265,141389.0,0.8267,7397.0,0.8268,48747.0
1753600051722,07:07:31.722,bybit,ADA/USDT:USDT,0.8266,26457.0,0.8265,141389.0,0.8267,7397.0,0.8268,34009.0
1753600051822,07:07:31.822,bybit,ADA/USDT:USDT,0.8266,28691.0,0.8265,141772.0,0.8267,5275.0,0.8268,32609.0
1753600051922,07:07:31.922,bybit,ADA/USDT:USDT,0.8266,28691.0,0.8265,141772.0,0.8267,5275.0,0.8268,32609.0
1753600052023,07:07:32.023,bybit,ADA/USDT:USDT,0.8266,35191.0,0.8265,131947.0,0.8267,5885.0,0.8268,25267.0
1753600052122,07:07:32.122,bybit,ADA/USDT:USDT,0.8266,19186.0,0.8265,141772.0,0.8267,5302.0,0.8268,17685.0
1753600052322,07:07:32.322,bybit,ADA/USDT:USDT,0.8266,20379.0,0.8265,141772.0,0.8267,5302.0,0.8268,17685.0
1753600052423,07:07:32.423,bybit,ADA/USDT:USDT,0.8266,12686.0,0.8265,141772.0,0.8267,5302.0,0.8268,17685.0
1753600052523,07:07:32.523,bybit,ADA/USDT:USDT,0.8266,13202.0,0.8265,141772.0,0.8267,5302.0,0.8268,17685.0
1753600052622,07:07:32.622,bybit,ADA/USDT:USDT,0.8266,13120.0,0.8265,141772.0,0.8267,5302.0,0.8268,24185.0
1753600052723,07:07:32.723,bybit,ADA/USDT:USDT,0.8266,13120.0,0.8265,141772.0,0.8267,5302.0,0.8268,24185.0
1753600052822,07:07:32.822,bybit,ADA/USDT:USDT,0.8266,14274.0,0.8265,141772.0,0.8267,5302.0,0.8268,17685.0
1753600052922,07:07:32.922,bybit,ADA/USDT:USDT,0.8266,13120.0,0.8265,141772.0,0.8267,5302.0,0.8268,17685.0
1753600053022,07:07:33.022,bybit,ADA/USDT:USDT,0.8266,19620.0,0.8265,141772.0,0.8267,5302.0,0.8268,15202.0
1753600053122,07:07:33.122,bybit,ADA/USDT:USDT,0.8266,19620.0,0.8265,141772.0,0.8267,5302.0,0.8268,15202.0
1753600053222,07:07:33.222,bybit,ADA/USDT:USDT,0.8266,19620.0,0.8265,141772.0,0.8267,5302.0,0.8268,15202.0
1753600053322,07:07:33.322,bybit,ADA/USDT:USDT,0.8266,19620.0,0.8265,141735.0,0.8267,5302.0,0.8268,15202.0
1753600053422,07:07:33.422,bybit,ADA/USDT:USDT,0.8267,61775.0,0.8266,89591.0,0.8268,2518.0,0.8269,34758.0
1753600053523,07:07:33.523,bybit,ADA/USDT:USDT,0.8267,63732.0,0.8266,152639.0,0.8268,2518.0,0.8269,7216.0
1753600053622,07:07:33.622,bybit,ADA/USDT:USDT,0.8267,64638.0,0.8266,153868.0,0.8268,2518.0,0.8269,2739.0
1753600053722,07:07:33.722,bybit,ADA/USDT:USDT,0.8267,64638.0,0.8266,154895.0,0.8268,2518.0,0.8269,2739.0
1753600053822,07:07:33.822,bybit,ADA/USDT:USDT,0.8267,64648.0,0.8266,155665.0,0.8268,2518.0,0.8269,2739.0
1753600053925,07:07:33.925,bybit,ADA/USDT:USDT,0.8267,64648.0,0.8266,155665.0,0.8268,2518.0,0.8269,2739.0
1753600054022,07:07:34.022,bybit,ADA/USDT:USDT,0.8267,64648.0,0.8266,155673.0,0.8268,2518.0,0.8269,2739.0
1753600054123,07:07:34.123,bybit,ADA/USDT:USDT,0.8267,64648.0,0.8266,155792.0,0.8268,2518.0,0.8269,2739.0
1753600054222,07:07:34.222,bybit,ADA/USDT:USDT,0.8267,64648.0,0.8266,155792.0,0.8268,2511.0,0.8269,2739.0
1753600054322,07:07:34.322,bybit,ADA/USDT:USDT,0.8267,64648.0,0.8266,155792.0,0.8268,2521.0,0.8269,2739.0
1753600054422,07:07:34.422,bybit,ADA/USDT:USDT,0.8267,64648.0,0.8266,155792.0,0.8268,2521.0,0.8269,2739.0
1753600054522,07:07:34.522,bybit,ADA/USDT:USDT,0.8267,71791.0,0.8266,155792.0,0.8268,2521.0,0.8269,2739.0
1753600054622,07:07:34.622,bybit,ADA/USDT:USDT,0.8268,57462.0,0.8267,94951.0,0.8269,2242.0,0.827,17598.0
1753600054723,07:07:34.723,bybit,ADA/USDT:USDT,0.8268,57701.0,0.8267,80546.0,0.8269,2242.0,0.827,20081.0
1753600054822,07:07:34.822,bybit,ADA/USDT:USDT,0.8268,44146.0,0.8267,77880.0,0.8269,8673.0,0.827,37385.0
1753600054922,07:07:34.922,bybit,ADA/USDT:USDT,0.8268,44146.0,0.8267,77866.0,0.8269,11961.0,0.827,45081.0
1753600055022,07:07:35.022,bybit,ADA/USDT:USDT,0.8268,45311.0,0.8267,79056.0,0.8269,3295.0,0.827,17598.0
1753600055122,07:07:35.122,bybit,ADA/USDT:USDT,0.8268,45311.0,0.8267,79056.0,0.8269,2242.0,0.827,17598.0
1753600055322,07:07:35.322,bybit,ADA/USDT:USDT,0.8268,44146.0,0.8267,79056.0,0.8269,2242.0,0.827,17598.0
1753600055422,07:07:35.422,bybit,ADA/USDT:USDT,0.8268,45325.0,0.8267,79056.0,0.8269,2242.0,0.827,17598.0
1753600055522,07:07:35.522,bybit,ADA/USDT:USDT,0.8268,45325.0,0.8267,79056.0,0.8269,730.0,0.827,17598.0
1753600055622,07:07:35.622,bybit,ADA/USDT:USDT,0.8268,34434.0,0.8267,79056.0,0.8269,2242.0,0.827,20081.0
1753600055723,07:07:35.723,bybit,ADA/USDT:USDT,0.8268,34434.0,0.8267,79056.0,0.8269,120.0,0.827,17598.0
1753600055822,07:07:35.822,bybit,ADA/USDT:USDT,0.8268,33269.0,0.8267,79056.0,0.8269,2242.0,0.827,19767.0
1753600055925,07:07:35.925,bybit,ADA/USDT:USDT,0.8268,34434.0,0.8267,79056.0,0.8269,2415.0,0.827,14684.0
1753600056022,07:07:36.022,bybit,ADA/USDT:USDT,0.8268,34434.0,0.8267,79056.0,0.8269,2415.0,0.827,20684.0
1753600056122,07:07:36.122,bybit,ADA/USDT:USDT,0.8268,34434.0,0.8267,79056.0,0.8269,2415.0,0.827,17167.0
1753600056322,07:07:36.322,bybit,ADA/USDT:USDT,0.8268,34434.0,0.8267,79056.0,0.8269,2415.0,0.827,17167.0
1753600056422,07:07:36.422,bybit,ADA/USDT:USDT,0.8268,34434.0,0.8267,79056.0,0.8269,2415.0,0.827,17167.0
1753600056522,07:07:36.522,bybit,ADA/USDT:USDT,0.8268,34434.0,0.8267,79056.0,0.8269,2415.0,0.827,17167.0
1753600056622,07:07:36.622,bybit,ADA/USDT:USDT,0.8268,34434.0,0.8267,79064.0,0.8269,300.0,0.827,14684.0
1753600056722,07:07:36.722,bybit,ADA/USDT:USDT,0.8268,34434.0,0.8267,79064.0,0.8269,300.0,0.827,14684.0
1753600056822,07:07:36.822,bybit,ADA/USDT:USDT,0.8268,35599.0,0.8267,79064.0,0.8269,910.0,0.827,14684.0
1753600056922,07:07:36.922,bybit,ADA/USDT:USDT,0.8268,34420.0,0.8267,79064.0,0.8269,300.0,0.827,14684.0
1753600057022,07:07:37.022,bybit,ADA/USDT:USDT,0.8268,34442.0,0.8267,79064.0,0.8269,300.0,0.827,21184.0
1753600057122,07:07:37.122,bybit,ADA/USDT:USDT,0.8268,34442.0,0.8267,79183.0,0.8269,300.0,0.827,23667.0
1753600057223,07:07:37.223,bybit,ADA/USDT:USDT,0.8269,46983.0,0.8268,121910.0,0.827,2143.0,0.8271,41137.0
1753600057323,07:07:37.323,bybit,ADA/USDT:USDT,0.8269,46983.0,0.8268,124905.0,0.827,2143.0,0.8271,42220.0
1753600057422,07:07:37.422,bybit,ADA/USDT:USDT,0.8269,46983.0,0.8268,124905.0,0.827,2143.0,0.8271,39737.0
1753600057522,07:07:37.522,bybit,ADA/USDT:USDT,0.8269,46983.0,0.8268,124905.0,0.827,2143.0,0.8271,31964.0
1753600057623,07:07:37.623,bybit,ADA/USDT:USDT,0.8269,46983.0,0.8268,124905.0,0.827,2143.0,0.8271,31964.0
1753600057723,07:07:37.723,bybit,ADA/USDT:USDT,0.8269,46983.0,0.8268,125932.0,0.827,2143.0,0.8271,31964.0
1753600057823,07:07:37.823,bybit,ADA/USDT:USDT,0.8269,47212.0,0.8268,125693.0,0.827,2143.0,0.8271,31964.0
1753600057922,07:07:37.922,bybit,ADA/USDT:USDT,0.8269,48168.0,0.8268,124653.0,0.827,2143.0,0.8271,31964.0
1753600058022,07:07:38.022,bybit,ADA/USDT:USDT,0.8269,47050.0,0.8268,125433.0,0.827,2143.0,0.8271,31964.0
1753600058122,07:07:38.122,bybit,ADA/USDT:USDT,0.8269,45910.0,0.8268,125433.0,0.827,2143.0,0.8271,31964.0
1753600058222,07:07:38.222,bybit,ADA/USDT:USDT,0.8269,26300.0,0.8268,123488.0,0.827,9952.0,0.8271,49263.0
1753600058322,07:07:38.322,bybit,ADA/USDT:USDT,0.8269,26300.0,0.8268,124628.0,0.827,9952.0,0.8271,43493.0
1753600058422,07:07:38.422,bybit,ADA/USDT:USDT,0.8269,26300.0,0.8268,124628.0,0.827,9952.0,0.8271,43493.0
1753600058622,07:07:38.622,bybit,ADA/USDT:USDT,0.8269,26071.0,0.8268,121296.0,0.827,14772.0,0.8271,51803.0
1753600058723,07:07:38.723,bybit,ADA/USDT:USDT,0.8269,24559.0,0.8268,121063.0,0.827,14938.0,0.8271,51803.0
1753600058822,07:07:38.822,bybit,ADA/USDT:USDT,0.8269,24559.0,0.8268,122203.0,0.827,14938.0,0.8271,51803.0
1753600058922,07:07:38.922,bybit,ADA/USDT:USDT,0.8269,24559.0,0.8268,122203.0,0.827,14938.0,0.8271,50663.0
1753600059022,07:07:39.022,bybit,ADA/USDT:USDT,0.8269,25699.0,0.8268,116843.0,0.827,14772.0,0.8271,50663.0
1753600059123,07:07:39.123,bybit,ADA/USDT:USDT,0.8269,25699.0,0.8268,113838.0,0.827,6956.0,0.8271,50663.0
1753600059223,07:07:39.223,bybit,ADA/USDT:USDT,0.8269,26839.0,0.8268,113838.0,0.827,6956.0,0.8271,44893.0
1753600059322,07:07:39.322,bybit,ADA/USDT:USDT,0.8269,25699.0,0.8268,113838.0,0.827,6956.0,0.8271,44893.0
1753600059423,07:07:39.423,bybit,ADA/USDT:USDT,0.8269,24559.0,0.8268,113838.0,0.827,7076.0,0.8271,50663.0
1753600059522,07:07:39.522,bybit,ADA/USDT:USDT,0.8269,26839.0,0.8268,113838.0,0.827,7229.0,0.8271,50663.0
1753600059622,07:07:39.622,bybit,ADA/USDT:USDT,0.8269,26839.0,0.8268,113838.0,0.827,7229.0,0.8271,50663.0
1753600059722,07:07:39.722,bybit,ADA/USDT:USDT,0.8269,8249.0,0.8268,113838.0,0.827,20043.0,0.8271,54290.0
1753600059822,07:07:39.822,bybit,ADA/USDT:USDT,0.8269,5189.0,0.8268,108513.0,0.827,20043.0,0.8271,55486.0
1753600059922,07:07:39.922,bybit,ADA/USDT:USDT,0.8269,3695.0,0.8268,58774.0,0.827,20043.0,0.8271,55486.0
1753600060022,07:07:40.022,bybit,ADA/USDT:USDT,0.8269,3695.0,0.8268,58774.0,0.827,20043.0,0.8271,55486.0
1753600060122,07:07:40.122,bybit,ADA/USDT:USDT,0.8269,4099.0,0.8268,91138.0,0.827,20043.0,0.8271,55486.0
1753600060222,07:07:40.222,bybit,ADA/USDT:USDT,0.8269,956.0,0.8268,119301.0,0.827,20043.0,0.8271,54290.0
1753600060322,07:07:40.322,bybit,ADA/USDT:USDT,0.8269,956.0,0.8268,65307.0,0.827,20044.0,0.8271,55486.0
1753600060423,07:07:40.423,bybit,ADA/USDT:USDT,0.8269,956.0,0.8268,109530.0,0.827,20044.0,0.8271,54290.0
1753600060522,07:07:40.522,bybit,ADA/USDT:USDT,0.8269,5314.0,0.8268,111872.0,0.827,20044.0,0.8271,54290.0
1753600060623,07:07:40.623,bybit,ADA/USDT:USDT,0.8269,3820.0,0.8268,111850.0,0.827,20044.0,0.8271,54290.0
1753600060722,07:07:40.722,bybit,ADA/USDT:USDT,0.8269,3820.0,0.8268,110679.0,0.827,20044.0,0.8271,54290.0
1753600060822,07:07:40.822,bybit,ADA/USDT:USDT,0.8269,3820.0,0.8268,110679.0,0.827,20044.0,0.8271,54290.0
1753600060922,07:07:40.922,bybit,ADA/USDT:USDT,0.8269,3819.0,0.8268,112108.0,0.827,20045.0,0.8271,55486.0
1753600061021,07:07:41.021,bybit,ADA/USDT:USDT,0.8269,3819.0,0.8268,112108.0,0.827,20045.0,0.8271,55486.0
1753600061122,07:07:41.122,bybit,ADA/USDT:USDT,0.8269,3819.0,0.8268,112108.0,0.827,20045.0,0.8271,55486.0
1753600061223,07:07:41.223,bybit,ADA/USDT:USDT,0.8269,3819.0,0.8268,112108.0,0.827,20045.0,0.8271,55461.0
1753600061323,07:07:41.323,bybit,ADA/USDT:USDT,0.8269,3819.0,0.8268,112108.0,0.827,20045.0,0.8271,54290.0
1753600061422,07:07:41.422,bybit,ADA/USDT:USDT,0.8269,3819.0,0.8268,112108.0,0.827,20045.0,0.8271,55486.0
1753600061522,07:07:41.522,bybit,ADA/USDT:USDT,0.8269,3819.0,0.8268,112108.0,0.827,20045.0,0.8271,54290.0
1753600061623,07:07:41.623,bybit,ADA/USDT:USDT,0.8269,3845.0,0.8268,114450.0,0.827,14464.0,0.8271,54290.0
1753600061722,07:07:41.722,bybit,ADA/USDT:USDT,0.8269,3845.0,0.8268,113279.0,0.827,15076.0,0.8271,54290.0
1753600061823,07:07:41.823,bybit,ADA/USDT:USDT,0.8269,3845.0,0.8268,113279.0,0.827,15271.0,0.8271,54290.0
1753600062023,07:07:42.023,bybit,ADA/USDT:USDT,0.8269,12126.0,0.8268,114450.0,0.827,8039.0,0.8271,51807.0
1753600062122,07:07:42.122,bybit,ADA/USDT:USDT,0.8269,13297.0,0.8268,114450.0,0.827,8039.0,0.8271,51807.0
1753600062222,07:07:42.222,bybit,ADA/USDT:USDT,0.8269,10955.0,0.8268,114450.0,0.827,8039.0,0.8271,54290.0
1753600062323,07:07:42.323,bybit,ADA/USDT:USDT,0.8269,10955.0,0.8268,113279.0,0.827,8039.0,0.8271,54290.0
1753600062422,07:07:42.422,bybit,ADA/USDT:USDT,0.8269,10955.0,0.8268,113279.0,0.827,8039.0,0.8271,54290.0
1753600062523,07:07:42.523,bybit,ADA/USDT:USDT,0.8269,10955.0,0.8268,114450.0,0.827,8039.0,0.8271,54290.0
1753600062622,07:07:42.622,bybit,ADA/USDT:USDT,0.8269,12126.0,0.8268,114450.0,0.827,8039.0,0.8271,54290.0
1753600062723,07:07:42.723,bybit,ADA/USDT:USDT,0.8269,13297.0,0.8268,114450.0,0.827,8039.0,0.8271,54290.0
1753600062823,07:07:42.823,bybit,ADA/USDT:USDT,0.8269,13298.0,0.8268,114450.0,0.827,8039.0,0.8271,54290.0
1753600062922,07:07:42.922,bybit,ADA/USDT:USDT,0.8269,3846.0,0.8268,112108.0,0.827,13788.0,0.8271,54290.0
1753600063023,07:07:43.023,bybit,ADA/USDT:USDT,0.8269,3846.0,0.8268,112108.0,0.827,13788.0,0.8271,55486.0
1753600063122,07:07:43.122,bybit,ADA/USDT:USDT,0.8269,3979.0,0.8268,113279.0,0.827,10639.0,0.8271,54290.0
1753600063223,07:07:43.223,bybit,ADA/USDT:USDT,0.8269,4695.0,0.8268,114450.0,0.827,8021.0,0.8271,54290.0
1753600063322,07:07:43.322,bybit,ADA/USDT:USDT,0.8269,3524.0,0.8268,114450.0,0.827,7944.0,0.8271,54290.0
1753600063423,07:07:43.423,bybit,ADA/USDT:USDT,0.8269,3524.0,0.8268,114450.0,0.827,7944.0,0.8271,54315.0
1753600063522,07:07:43.522,bybit,ADA/USDT:USDT,0.8269,3524.0,0.8268,113279.0,0.827,7944.0,0.8271,54290.0
1753600063623,07:07:43.623,bybit,ADA/USDT:USDT,0.8269,3391.0,0.8268,113279.0,0.827,7944.0,0.8271,54315.0
1753600063722,07:07:43.722,bybit,ADA/USDT:USDT,0.8269,5733.0,0.8268,114450.0,0.827,7944.0,0.8271,54290.0
1753600063822,07:07:43.822,bybit,ADA/USDT:USDT,0.8269,3391.0,0.8268,113279.0,0.827,7944.0,0.8271,54290.0
1753600063924,07:07:43.924,bybit,ADA/USDT:USDT,0.8269,9891.0,0.8268,114450.0,0.827,8064.0,0.8271,54290.0
1753600064023,07:07:44.023,bybit,ADA/USDT:USDT,0.8269,9891.0,0.8268,114450.0,0.827,8064.0,0.8271,54290.0
1753600064122,07:07:44.122,bybit,ADA/USDT:USDT,0.8269,9891.0,0.8268,115055.0,0.827,8064.0,0.8271,54290.0
1753600064222,07:07:44.222,bybit,ADA/USDT:USDT,0.8269,9891.0,0.8268,115055.0,0.827,8064.0,0.8271,54290.0
1753600064323,07:07:44.323,bybit,ADA/USDT:USDT,0.8269,9891.0,0.8268,115055.0,0.827,8064.0,0.8271,54290.0
1753600064422,07:07:44.422,bybit,ADA/USDT:USDT,0.8269,11195.0,0.8268,115055.0,0.827,8064.0,0.8271,54290.0
1753600064522,07:07:44.522,bybit,ADA/USDT:USDT,0.8269,10024.0,0.8268,113884.0,0.827,8064.0,0.8271,54290.0
1753600064722,07:07:44.722,bybit,ADA/USDT:USDT,0.8269,10024.0,0.8268,115055.0,0.827,8346.0,0.8271,54290.0
1753600064822,07:07:44.822,bybit,ADA/USDT:USDT,0.8269,11195.0,0.8268,115055.0,0.827,8346.0,0.8271,54290.0
1753600064922,07:07:44.922,bybit,ADA/USDT:USDT,0.8269,10024.0,0.8268,115055.0,0.827,8346.0,0.8271,54290.0
1753600065023,07:07:45.023,bybit,ADA/USDT:USDT,0.8269,11195.0,0.8268,115055.0,0.827,8346.0,0.8271,51690.0
1753600065122,07:07:45.122,bybit,ADA/USDT:USDT,0.8269,12366.0,0.8268,115055.0,0.827,8346.0,0.8271,51690.0
1753600065222,07:07:45.222,bybit,ADA/USDT:USDT,0.8269,10024.0,0.8268,115055.0,0.827,10946.0,0.8271,51690.0
1753600065322,07:07:45.322,bybit,ADA/USDT:USDT,0.8269,11195.0,0.8268,115055.0,0.827,8346.0,0.8271,51690.0
1753600065422,07:07:45.422,bybit,ADA/USDT:USDT,0.8269,10024.0,0.8268,113884.0,0.827,8333.0,0.8271,51690.0
1753600065522,07:07:45.522,bybit,ADA/USDT:USDT,0.8269,11195.0,0.8268,115055.0,0.827,8333.0,0.8271,51690.0
1753600065622,07:07:45.622,bybit,ADA/USDT:USDT,0.8269,10024.0,0.8268,115055.0,0.827,8333.0,0.8271,51690.0
1753600065722,07:07:45.722,bybit,ADA/USDT:USDT,0.8269,10024.0,0.8268,114911.0,0.827,10933.0,0.8271,52861.0
1753600065822,07:07:45.822,bybit,ADA/USDT:USDT,0.8269,10024.0,0.8268,114911.0,0.827,10933.0,0.8271,51690.0
1753600065922,07:07:45.922,bybit,ADA/USDT:USDT,0.8269,11568.0,0.8268,116082.0,0.827,8333.0,0.8271,54290.0
1753600066022,07:07:46.022,bybit,ADA/USDT:USDT,0.8269,11568.0,0.8268,116082.0,0.827,8333.0,0.8271,54290.0
1753600066123,07:07:46.123,bybit,ADA/USDT:USDT,0.8269,10397.0,0.8268,116082.0,0.827,8332.0,0.8271,54290.0
1753600066222,07:07:46.222,bybit,ADA/USDT:USDT,0.8269,10397.0,0.8268,114911.0,0.827,10932.0,0.8271,54315.0
1753600066322,07:07:46.322,bybit,ADA/USDT:USDT,0.8269,10397.0,0.8268,116082.0,0.827,8331.0,0.8271,54290.0
1753600066423,07:07:46.423,bybit,ADA/USDT:USDT,0.8269,10397.0,0.8268,114911.0,0.827,8331.0,0.8271,54290.0
1753600066522,07:07:46.522,bybit,ADA/USDT:USDT,0.8269,11754.0,0.8268,116082.0,0.827,8331.0,0.8271,54290.0
1753600066622,07:07:46.622,bybit,ADA/USDT:USDT,0.8269,11754.0,0.8268,116082.0,0.827,11143.0,0.8271,54290.0
1753600066723,07:07:46.723,bybit,ADA/USDT:USDT,0.8269,10583.0,0.8268,116082.0,0.827,11143.0,0.8271,54290.0
1753600066822,07:07:46.822,bybit,ADA/USDT:USDT,0.8269,15525.0,0.8268,116082.0,0.827,8331.0,0.8271,29296.0
1753600066922,07:07:46.922,bybit,ADA/USDT:USDT,0.8269,15525.0,0.8268,116082.0,0.827,8331.0,0.8271,29296.0
1753600067022,07:07:47.022,bybit,ADA/USDT:USDT,0.8269,10024.0,0.8268,114911.0,0.827,8331.0,0.8271,55487.0
1753600067122,07:07:47.122,bybit,ADA/USDT:USDT,0.8269,4747.0,0.8268,112713.0,0.827,10931.0,0.8271,55487.0
1753600067223,07:07:47.223,bybit,ADA/USDT:USDT,0.8269,6410.0,0.8268,115055.0,0.827,8331.0,0.8271,54291.0
1753600067322,07:07:47.322,bybit,ADA/USDT:USDT,0.8269,4629.0,0.8268,113884.0,0.827,8331.0,0.8271,55462.0
1753600067422,07:07:47.422,bybit,ADA/USDT:USDT,0.8269,3391.0,0.8268,113884.0,0.827,8331.0,0.8271,55462.0
1753600067522,07:07:47.522,bybit,ADA/USDT:USDT,0.8269,3391.0,0.8268,116893.0,0.827,8331.0,0.8271,55462.0
1753600067622,07:07:47.622,bybit,ADA/USDT:USDT,0.8269,3391.0,0.8268,115722.0,0.827,11815.0,0.8271,55487.0
1753600067723,07:07:47.723,bybit,ADA/USDT:USDT,0.8269,3391.0,0.8268,115722.0,0.827,12986.0,0.8271,55487.0
1753600067822,07:07:47.822,bybit,ADA/USDT:USDT,0.8269,3391.0,0.8268,115722.0,0.827,12986.0,0.8271,56658.0
1753600067924,07:07:47.924,bybit,ADA/USDT:USDT,0.8269,3842.0,0.8268,113122.0,0.827,21599.0,0.8271,56658.0
1753600068023,07:07:48.023,bybit,ADA/USDT:USDT,0.8269,2112.0,0.8268,105432.0,0.827,21624.0,0.8271,56658.0
1753600068122,07:07:48.122,bybit,ADA/USDT:USDT,0.8269,2112.0,0.8268,113123.0,0.827,20428.0,0.8271,56658.0
1753600068223,07:07:48.223,bybit,ADA/USDT:USDT,0.8269,5548.0,0.8268,113123.0,0.827,20428.0,0.8271,56658.0
1753600068323,07:07:48.323,bybit,ADA/USDT:USDT,0.8269,5051.0,0.8268,115439.0,0.827,16340.0,0.8271,54291.0
1753600068423,07:07:48.423,bybit,ADA/USDT:USDT,0.8269,5046.0,0.8268,114281.0,0.827,16602.0,0.8271,54316.0
1753600068522,07:07:48.522,bybit,ADA/USDT:USDT,0.8269,5046.0,0.8268,113123.0,0.827,16602.0,0.8271,55474.0
1753600068623,07:07:48.623,bybit,ADA/USDT:USDT,0.8269,3534.0,0.8268,113123.0,0.827,16601.0,0.8271,56632.0
1753600068722,07:07:48.722,bybit,ADA/USDT:USDT,0.8269,6204.0,0.8268,118039.0,0.827,10943.0,0.8271,51808.0
1753600068822,07:07:48.822,bybit,ADA/USDT:USDT,0.8269,7362.0,0.8268,118039.0,0.827,17443.0,0.8271,60791.0
1753600068922,07:07:48.922,bybit,ADA/USDT:USDT,0.8269,6267.0,0.8268,118039.0,0.827,17443.0,0.8271,60791.0
1753600069022,07:07:49.022,bybit,ADA/USDT:USDT,0.8269,6267.0,0.8268,116881.0,0.827,17443.0,0.8271,60816.0
1753600069123,07:07:49.123,bybit,ADA/USDT:USDT,0.8269,6267.0,0.8268,118039.0,0.827,17443.0,0.8271,60791.0
1753600069222,07:07:49.222,bybit,ADA/USDT:USDT,0.8269,6182.0,0.8268,118039.0,0.827,17597.0,0.8271,60816.0
1753600069322,07:07:49.322,bybit,ADA/USDT:USDT,0.8269,6183.0,0.8268,116881.0,0.827,17597.0,0.8271,60816.0
1753600069422,07:07:49.422,bybit,ADA/USDT:USDT,0.8269,6183.0,0.8268,116881.0,0.827,17597.0,0.8271,61974.0
1753600069522,07:07:49.522,bybit,ADA/USDT:USDT,0.8269,6183.0,0.8268,116881.0,0.827,17597.0,0.8271,61974.0
1753600069622,07:07:49.622,bybit,ADA/USDT:USDT,0.8269,6183.0,0.8268,116881.0,0.827,17597.0,0.8271,60816.0
1753600069722,07:07:49.722,bybit,ADA/USDT:USDT,0.8269,4671.0,0.8268,113123.0,0.827,17597.0,0.8271,63132.0
1753600069823,07:07:49.823,bybit,ADA/USDT:USDT,0.8269,4671.0,0.8268,113123.0,0.827,18755.0,0.8271,63132.0
1753600069924,07:07:49.924,bybit,ADA/USDT:USDT,0.8269,4671.0,0.8268,113123.0,0.827,18755.0,0.8271,63132.0
1753600070023,07:07:50.023,bybit,ADA/USDT:USDT,0.8269,4671.0,0.8268,113123.0,0.827,18755.0,0.8271,63132.0
1753600070122,07:07:50.122,bybit,ADA/USDT:USDT,0.8269,2616.0,0.8268,113123.0,0.827,17597.0,0.8271,63132.0
1753600070223,07:07:50.223,bybit,ADA/USDT:USDT,0.8269,2616.0,0.8268,113123.0,0.827,18755.0,0.8271,63132.0
1753600070322,07:07:50.322,bybit,ADA/USDT:USDT,0.8269,3302.0,0.8268,112518.0,0.827,16047.0,0.8271,61974.0
1753600070422,07:07:50.422,bybit,ADA/USDT:USDT,0.8269,3302.0,0.8268,112518.0,0.827,16047.0,0.8271,60816.0
1753600070522,07:07:50.522,bybit,ADA/USDT:USDT,0.8269,3302.0,0.8268,112518.0,0.827,16047.0,0.8271,62000.0
1753600070623,07:07:50.623,bybit,ADA/USDT:USDT,0.827,22084.0,0.8269,114520.0,0.8271,20004.0,0.8272,121956.0
1753600070722,07:07:50.722,bybit,ADA/USDT:USDT,0.827,23835.0,0.8269,103970.0,0.8271,20004.0,0.8272,128754.0
1753600070822,07:07:50.822,bybit,ADA/USDT:USDT,0.827,23851.0,0.8269,102594.0,0.8271,26504.0,0.8272,147737.0
1753600070922,07:07:50.922,bybit,ADA/USDT:USDT,0.827,23851.0,0.8269,102594.0,0.8271,26974.0,0.8272,147737.0
1753600071022,07:07:51.022,bybit,ADA/USDT:USDT,0.827,23851.0,0.8269,102594.0,0.8271,28330.0,0.8272,147762.0
1753600071123,07:07:51.123,bybit,ADA/USDT:USDT,0.827,23851.0,0.8269,102594.0,0.8271,28330.0,0.8272,147737.0
1753600071222,07:07:51.222,bybit,ADA/USDT:USDT,0.827,23851.0,0.8269,102594.0,0.8271,26974.0,0.8272,147737.0
1753600071323,07:07:51.323,bybit,ADA/USDT:USDT,0.827,23994.0,0.8269,102594.0,0.8271,20474.0,0.8272,137804.0
1753600071422,07:07:51.422,bybit,ADA/USDT:USDT,0.827,23994.0,0.8269,102594.0,0.8271,20474.0,0.8272,137804.0
1753600071522,07:07:51.522,bybit,ADA/USDT:USDT,0.827,23994.0,0.8269,102594.0,0.8271,20749.0,0.8272,139160.0
1753600071622,07:07:51.622,bybit,ADA/USDT:USDT,0.827,24018.0,0.8269,102594.0,0.8271,20749.0,0.8272,137804.0
1753600071722,07:07:51.722,bybit,ADA/USDT:USDT,0.827,24018.0,0.8269,102594.0,0.8271,20784.0,0.8272,137804.0
1753600071822,07:07:51.822,bybit,ADA/USDT:USDT,0.827,23885.0,0.8269,102594.0,0.8271,26784.0,0.8272,146381.0
1753600071924,07:07:51.924,bybit,ADA/USDT:USDT,0.827,23885.0,0.8269,102594.0,0.8271,26784.0,0.8272,146381.0
1753600072022,07:07:52.022,bybit,ADA/USDT:USDT,0.827,24495.0,0.8269,102594.0,0.8271,20784.0,0.8272,137804.0
1753600072122,07:07:52.122,bybit,ADA/USDT:USDT,0.827,24495.0,0.8269,103950.0,0.8271,18184.0,0.8272,136448.0
1753600072222,07:07:52.222,bybit,ADA/USDT:USDT,0.827,24495.0,0.8269,102594.0,0.8271,15584.0,0.8272,136448.0
1753600072323,07:07:52.323,bybit,ADA/USDT:USDT,0.827,28526.0,0.8269,103960.0,0.8271,6945.0,0.8272,102262.0
1753600072423,07:07:52.423,bybit,ADA/USDT:USDT,0.827,28526.0,0.8269,102604.0,0.8271,2909.0,0.8272,89901.0
1753600072522,07:07:52.522,bybit,ADA/USDT:USDT,0.827,28526.0,0.8269,102604.0,0.8271,3042.0,0.8272,95671.0
1753600072622,07:07:52.622,bybit,ADA/USDT:USDT,0.827,28526.0,0.8269,105204.0,0.8271,8195.0,0.8272,95671.0
1753600072723,07:07:52.723,bybit,ADA/USDT:USDT,0.827,28526.0,0.8269,106231.0,0.8271,8195.0,0.8272,95671.0
1753600072822,07:07:52.822,bybit,ADA/USDT:USDT,0.827,28526.0,0.8269,106231.0,0.8271,8195.0,0.8272,95671.0
1753600072922,07:07:52.922,bybit,ADA/USDT:USDT,0.827,27632.0,0.8269,107587.0,0.8271,8205.0,0.8272,94315.0
1753600073022,07:07:53.022,bybit,ADA/USDT:USDT,0.827,28417.0,0.8269,107587.0,0.8271,8205.0,0.8272,94315.0
1753600073123,07:07:53.123,bybit,ADA/USDT:USDT,0.827,29773.0,0.8269,108968.0,0.8271,7219.0,0.8272,33676.0
1753600073223,07:07:53.223,bybit,ADA/USDT:USDT,0.827,28417.0,0.8269,103631.0,0.8271,17464.0,0.8272,65485.0
1753600073322,07:07:53.322,bybit,ADA/USDT:USDT,0.827,28417.0,0.8269,104987.0,0.8271,13206.0,0.8272,68772.0
1753600073422,07:07:53.422,bybit,ADA/USDT:USDT,0.827,28417.0,0.8269,105012.0,0.8271,9047.0,0.8272,63002.0
1753600073523,07:07:53.523,bybit,ADA/USDT:USDT,0.827,28417.0,0.8269,103631.0,0.8271,11883.0,0.8272,70100.0
1753600073623,07:07:53.623,bybit,ADA/USDT:USDT,0.827,28417.0,0.8269,103631.0,0.8271,10555.0,0.8272,70100.0
1753600073722,07:07:53.722,bybit,ADA/USDT:USDT,0.827,28359.0,0.8269,103631.0,0.8271,10555.0,0.8272,70100.0
1753600073822,07:07:53.822,bybit,ADA/USDT:USDT,0.827,28359.0,0.8269,103631.0,0.8271,17055.0,0.8272,70100.0
1753600073922,07:07:53.922,bybit,ADA/USDT:USDT,0.827,28359.0,0.8269,104984.0,0.8271,9043.0,0.8272,68772.0
1753600074023,07:07:54.023,bybit,ADA/USDT:USDT,0.827,24323.0,0.8269,103631.0,0.8271,14591.0,0.8272,70100.0
1753600074122,07:07:54.122,bybit,ADA/USDT:USDT,0.827,24323.0,0.8269,104959.0,0.8271,14591.0,0.8272,68772.0
1753600074222,07:07:54.222,bybit,ADA/USDT:USDT,0.827,24323.0,0.8269,104959.0,0.8271,14591.0,0.8272,68772.0
1753600074322,07:07:54.322,bybit,ADA/USDT:USDT,0.827,24323.0,0.8269,104959.0,0.8271,14591.0,0.8272,68772.0
1753600074422,07:07:54.422,bybit,ADA/USDT:USDT,0.827,24323.0,0.8269,107584.0,0.8271,8856.0,0.8272,72568.0
1753600074522,07:07:54.522,bybit,ADA/USDT:USDT,0.827,57893.0,0.8269,108912.0,0.8271,923.0,0.8272,46378.0
1753600074623,07:07:54.623,bybit,ADA/USDT:USDT,0.827,57893.0,0.8269,108912.0,0.8271,923.0,0.8272,44978.0
1753600074722,07:07:54.722,bybit,ADA/USDT:USDT,0.827,57885.0,0.8269,108912.0,0.8271,477.0,0.8272,34875.0
1753600074822,07:07:54.822,bybit,ADA/USDT:USDT,0.827,57885.0,0.8269,108912.0,0.8271,477.0,0.8272,41375.0
1753600075022,07:07:55.022,bybit,ADA/USDT:USDT,0.827,57885.0,0.8269,108912.0,0.8271,477.0,0.8272,41375.0
1753600075122,07:07:55.122,bybit,ADA/USDT:USDT,0.827,29650.0,0.8269,107584.0,0.8271,2137.0,0.8272,41375.0
1753600075222,07:07:55.222,bybit,ADA/USDT:USDT,0.827,31051.0,0.8269,108985.0,0.8271,2137.0,0.8272,41375.0
1753600075322,07:07:55.322,bybit,ADA/USDT:USDT,0.827,29650.0,0.8269,108985.0,0.8271,2137.0,0.8272,41375.0
1753600075423,07:07:55.423,bybit,ADA/USDT:USDT,0.827,29650.0,0.8269,106231.0,0.8271,3230.0,0.8272,44176.0
1753600075522,07:07:55.522,bybit,ADA/USDT:USDT,0.827,34192.0,0.8269,109058.0,0.8271,625.0,0.8272,36175.0
1753600075622,07:07:55.622,bybit,ADA/USDT:USDT,0.827,34192.0,0.8269,109058.0,0.8271,625.0,0.8272,34979.0
1753600075722,07:07:55.722,bybit,ADA/USDT:USDT,0.827,34192.0,0.8269,109058.0,0.8271,625.0,0.8272,34979.0
1753600075823,07:07:55.823,bybit,ADA/USDT:USDT,0.827,34192.0,0.8269,109059.0,0.8271,625.0,0.8272,34979.0
1753600075922,07:07:55.922,bybit,ADA/USDT:USDT,0.827,34192.0,0.8269,109059.0,0.8271,625.0,0.8272,34979.0
1753600076122,07:07:56.122,bybit,ADA/USDT:USDT,0.827,31388.0,0.8269,109034.0,0.8271,2137.0,0.8272,40179.0
1753600076222,07:07:56.222,bybit,ADA/USDT:USDT,0.827,31388.0,0.8269,107633.0,0.8271,13066.0,0.8272,44063.0
1753600076322,07:07:56.322,bybit,ADA/USDT:USDT,0.827,32789.0,0.8269,109034.0,0.8271,7761.0,0.8272,40179.0
1753600076422,07:07:56.422,bybit,ADA/USDT:USDT,0.827,32789.0,0.8269,109034.0,0.8271,2137.0,0.8272,40179.0
1753600076522,07:07:56.522,bybit,ADA/USDT:USDT,0.827,34190.0,0.8269,109059.0,0.8271,2137.0,0.8272,40179.0
1753600076622,07:07:56.622,bybit,ADA/USDT:USDT,0.827,31388.0,0.8269,107633.0,0.8271,22054.0,0.8272,42980.0
1753600076722,07:07:56.722,bybit,ADA/USDT:USDT,0.827,19755.0,0.8269,19325.0,0.8271,31380.0,0.8272,112500.0
1753600076822,07:07:56.822,bybit,ADA/USDT:USDT,0.827,19755.0,0.8269,35122.0,0.8271,31380.0,0.8272,109495.0
1753600076923,07:07:56.923,bybit,ADA/USDT:USDT,0.827,19755.0,0.8269,50508.0,0.8271,30074.0,0.8272,108094.0
1753600077022,07:07:57.022,bybit,ADA/USDT:USDT,0.827,19755.0,0.8269,50508.0,0.8271,30074.0,0.8272,108094.0
1753600077122,07:07:57.122,bybit,ADA/USDT:USDT,0.827,19755.0,0.8269,50508.0,0.8271,31475.0,0.8272,109495.0
1753600077222,07:07:57.222,bybit,ADA/USDT:USDT,0.827,19755.0,0.8269,50508.0,0.8271,31475.0,0.8272,109495.0
1753600077322,07:07:57.322,bybit,ADA/USDT:USDT,0.827,19755.0,0.8269,50508.0,0.8271,31475.0,0.8272,113122.0
1753600077422,07:07:57.422,bybit,ADA/USDT:USDT,0.827,19755.0,0.8269,50508.0,0.8271,31475.0,0.8272,111721.0
1753600077522,07:07:57.522,bybit,ADA/USDT:USDT,0.827,19759.0,0.8269,113633.0,0.8271,31475.0,0.8272,111721.0
1753600077622,07:07:57.622,bybit,ADA/USDT:USDT,0.827,19756.0,0.8269,103365.0,0.8271,31475.0,0.8272,113122.0
1753600077722,07:07:57.722,bybit,ADA/USDT:USDT,0.827,19756.0,0.8269,103365.0,0.8271,31475.0,0.8272,113122.0
1753600077822,07:07:57.822,bybit,ADA/USDT:USDT,0.827,19756.0,0.8269,104766.0,0.8271,28674.0,0.8272,109178.0
1753600077924,07:07:57.924,bybit,ADA/USDT:USDT,0.827,19756.0,0.8269,104766.0,0.8271,28674.0,0.8272,109178.0
1753600078022,07:07:58.022,bybit,ADA/USDT:USDT,0.827,19756.0,0.8269,104766.0,0.8271,28674.0,0.8272,109178.0
1753600078122,07:07:58.122,bybit,ADA/USDT:USDT,0.827,19756.0,0.8269,104766.0,0.8271,28674.0,0.8272,109178.0
1753600078223,07:07:58.223,bybit,ADA/USDT:USDT,0.827,19025.0,0.8269,103365.0,0.8271,28674.0,0.8272,110604.0
1753600078323,07:07:58.323,bybit,ADA/USDT:USDT,0.827,19768.0,0.8269,103365.0,0.8271,28674.0,0.8272,119181.0
1753600078422,07:07:58.422,bybit,ADA/USDT:USDT,0.827,19768.0,0.8269,103365.0,0.8271,28674.0,0.8272,119181.0
1753600078522,07:07:58.522,bybit,ADA/USDT:USDT,0.827,19768.0,0.8269,103365.0,0.8271,28674.0,0.8272,119181.0
1753600078622,07:07:58.622,bybit,ADA/USDT:USDT,0.827,19768.0,0.8269,103365.0,0.8271,28684.0,0.8272,119181.0
1753600078722,07:07:58.722,bybit,ADA/USDT:USDT,0.827,19768.0,0.8269,103365.0,0.8271,30085.0,0.8272,121609.0
1753600078822,07:07:58.822,bybit,ADA/USDT:USDT,0.827,19768.0,0.8269,103365.0,0.8271,28684.0,0.8272,120208.0
1753600079022,07:07:59.022,bybit,ADA/USDT:USDT,0.827,19768.0,0.8269,103365.0,0.8271,28684.0,0.8272,111631.0
1753600079123,07:07:59.123,bybit,ADA/USDT:USDT,0.827,19768.0,0.8269,103365.0,0.8271,28684.0,0.8272,120208.0
1753600079223,07:07:59.223,bybit,ADA/USDT:USDT,0.827,20378.0,0.8269,104750.0,0.8271,21585.0,0.8272,111434.0
1753600079322,07:07:59.322,bybit,ADA/USDT:USDT,0.827,20749.0,0.8269,106135.0,0.8271,21585.0,0.8272,105664.0
1753600079422,07:07:59.422,bybit,ADA/USDT:USDT,0.827,20749.0,0.8269,106135.0,0.8271,13878.0,0.8272,112820.0
1753600079522,07:07:59.522,bybit,ADA/USDT:USDT,0.827,20749.0,0.8269,106135.0,0.8271,13878.0,0.8272,111435.0
1753600079622,07:07:59.622,bybit,ADA/USDT:USDT,0.827,20749.0,0.8269,106135.0,0.8271,13878.0,0.8272,111435.0
1753600079722,07:07:59.722,bybit,ADA/USDT:USDT,0.827,20749.0,0.8269,106135.0,0.8271,13878.0,0.8272,112820.0
1753600079822,07:07:59.822,bybit,ADA/USDT:USDT,0.827,20359.0,0.8269,106135.0,0.8271,13878.0,0.8272,112820.0
1753600079924,07:07:59.924,bybit,ADA/USDT:USDT,0.827,20359.0,0.8269,103365.0,0.8271,13878.0,0.8272,112845.0
1753600080023,07:08:00.023,bybit,ADA/USDT:USDT,0.827,26151.0,0.8269,108735.0,0.8271,13878.0,0.8272,111435.0
1753600080122,07:08:00.122,bybit,ADA/USDT:USDT,0.827,26151.0,0.8269,108735.0,0.8271,13878.0,0.8272,111435.0
1753600080222,07:08:00.222,bybit,ADA/USDT:USDT,0.827,26151.0,0.8269,108735.0,0.8271,13478.0,0.8272,111435.0
1753600080322,07:08:00.322,bybit,ADA/USDT:USDT,0.827,24766.0,0.8269,107350.0,0.8271,13478.0,0.8272,113033.0
1753600080422,07:08:00.422,bybit,ADA/USDT:USDT,0.827,24766.0,0.8269,107350.0,0.8271,13625.0,0.8272,111648.0
1753600080522,07:08:00.522,bybit,ADA/USDT:USDT,0.827,20342.0,0.8269,103365.0,0.8271,16225.0,0.8272,113058.0
1753600080622,07:08:00.622,bybit,ADA/USDT:USDT,0.827,20342.0,0.8269,103365.0,0.8271,16225.0,0.8272,113058.0
1753600080722,07:08:00.722,bybit,ADA/USDT:USDT,0.827,19732.0,0.8269,104392.0,0.8271,21225.0,0.8272,113058.0
1753600080822,07:08:00.822,bybit,ADA/USDT:USDT,0.827,21854.0,0.8269,107162.0,0.8271,16225.0,0.8272,111648.0
1753600080923,07:08:00.923,bybit,ADA/USDT:USDT,0.827,21854.0,0.8269,107162.0,0.8271,13478.0,0.8272,111648.0
1753600081022,07:08:01.022,bybit,ADA/USDT:USDT,0.827,23239.0,0.8269,107162.0,0.8271,13478.0,0.8272,111648.0
1753600081123,07:08:01.123,bybit,ADA/USDT:USDT,0.827,21854.0,0.8269,105777.0,0.8271,13478.0,0.8272,111648.0
1753600081222,07:08:01.222,bybit,ADA/USDT:USDT,0.827,21854.0,0.8269,107162.0,0.8271,13478.0,0.8272,111648.0
1753600081322,07:08:01.322,bybit,ADA/USDT:USDT,0.827,23239.0,0.8269,107162.0,0.8271,13478.0,0.8272,111648.0
1753600081422,07:08:01.422,bybit,ADA/USDT:USDT,0.827,20342.0,0.8269,107162.0,0.8271,13478.0,0.8272,111673.0
1753600081522,07:08:01.522,bybit,ADA/USDT:USDT,0.827,19732.0,0.8269,104392.0,0.8271,20605.0,0.8272,114443.0
1753600081622,07:08:01.622,bybit,ADA/USDT:USDT,0.827,19732.0,0.8269,104392.0,0.8271,20605.0,0.8272,114443.0
1753600081723,07:08:01.723,bybit,ADA/USDT:USDT,0.827,19732.0,0.8269,103365.0,0.8271,27105.0,0.8272,114443.0
1753600081823,07:08:01.823,bybit,ADA/USDT:USDT,0.827,19732.0,0.8269,103365.0,0.8271,27105.0,0.8272,114443.0
1753600081925,07:08:01.925,bybit,ADA/USDT:USDT,0.8269,4234.0,0.8268,80417.0,0.827,43488.0,0.8271,63835.0
1753600082022,07:08:02.022,bybit,ADA/USDT:USDT,0.8269,1.0,0.8268,21383.0,0.827,45096.0,0.8271,144689.0
1753600082123,07:08:02.123,bybit,ADA/USDT:USDT,0.8269,1.0,0.8268,7689.0,0.827,55282.0,0.8271,144991.0
1753600082222,07:08:02.222,bybit,ADA/USDT:USDT,0.8269,1.0,0.8268,3043.0,0.827,55934.0,0.8271,144991.0
1753600082322,07:08:02.322,bybit,ADA/USDT:USDT,0.8268,3016.0,0.8267,54884.0,0.8269,41911.0,0.827,104584.0
1753600082422,07:08:02.422,bybit,ADA/USDT:USDT,0.8268,3016.0,0.8267,49175.0,0.8269,43445.0,0.827,107629.0
1753600082622,07:08:02.622,bybit,ADA/USDT:USDT,0.8267,13.0,0.8266,51745.0,0.8268,54443.0,0.8269,50825.0
1753600082722,07:08:02.722,bybit,ADA/USDT:USDT,0.8266,10614.0,0.8265,108634.0,0.8267,17609.0,0.8268,50553.0
1753600082822,07:08:02.822,bybit,ADA/USDT:USDT,0.8266,6381.0,0.8265,108634.0,0.8267,17609.0,0.8268,50563.0
1753600082923,07:08:02.923,bybit,ADA/USDT:USDT,0.8266,6381.0,0.8265,124750.0,0.8267,17609.0,0.8268,50563.0
1753600083023,07:08:03.023,bybit,ADA/USDT:USDT,0.8266,6381.0,0.8265,151345.0,0.8267,17609.0,0.8268,50563.0
1753600083122,07:08:03.122,bybit,ADA/USDT:USDT,0.8266,6381.0,0.8265,151345.0,0.8267,17609.0,0.8268,50563.0
1753600083223,07:08:03.223,bybit,ADA/USDT:USDT,0.8266,2338.0,0.8265,151345.0,0.8267,17609.0,0.8268,54292.0
1753600083322,07:08:03.322,bybit,ADA/USDT:USDT,0.8266,2338.0,0.8265,151338.0,0.8267,17609.0,0.8268,55815.0
1753600083423,07:08:03.423,bybit,ADA/USDT:USDT,0.8266,2338.0,0.8265,151338.0,0.8267,17609.0,0.8268,55815.0
1753600083522,07:08:03.522,bybit,ADA/USDT:USDT,0.8266,2338.0,0.8265,151338.0,0.8267,17609.0,0.8268,54292.0
1753600083622,07:08:03.622,bybit,ADA/USDT:USDT,0.8266,2338.0,0.8265,132563.0,0.8267,17609.0,0.8268,54292.0
1753600083722,07:08:03.722,bybit,ADA/USDT:USDT,0.8266,2338.0,0.8265,134086.0,0.8267,17609.0,0.8268,54292.0
1753600083822,07:08:03.822,bybit,ADA/USDT:USDT,0.8266,3065.0,0.8265,134086.0,0.8267,17609.0,0.8268,54292.0
1753600083922,07:08:03.922,bybit,ADA/USDT:USDT,0.8266,7853.0,0.8265,135609.0,0.8267,17609.0,0.8268,54292.0
1753600084023,07:08:04.023,bybit,ADA/USDT:USDT,0.8267,2173.0,0.8266,113337.0,0.8268,35285.0,0.8269,136902.0
1753600084122,07:08:04.122,bybit,ADA/USDT:USDT,0.8267,18018.0,0.8266,136039.0,0.8268,6191.0,0.8269,99764.0
1753600084222,07:08:04.222,bybit,ADA/USDT:USDT,0.8267,8390.0,0.8266,124850.0,0.8268,13050.0,0.8269,107463.0
1753600084322,07:08:04.322,bybit,ADA/USDT:USDT,0.8267,6209.0,0.8266,121804.0,0.8268,13050.0,0.8269,108986.0
1753600084422,07:08:04.422,bybit,ADA/USDT:USDT,0.8267,2173.0,0.8266,121804.0,0.8268,13050.0,0.8269,110534.0
1753600084522,07:08:04.522,bybit,ADA/USDT:USDT,0.8267,2173.0,0.8266,121804.0,0.8268,13050.0,0.8269,110534.0
1753600084623,07:08:04.623,bybit,ADA/USDT:USDT,0.8267,2779.0,0.8266,121804.0,0.8268,13050.0,0.8269,110509.0
1753600084722,07:08:04.722,bybit,ADA/USDT:USDT,0.8267,6624.0,0.8266,123327.0,0.8268,13050.0,0.8269,107463.0
1753600084822,07:08:04.822,bybit,ADA/USDT:USDT,0.8267,6627.0,0.8266,123327.0,0.8268,7580.0,0.8269,107463.0
1753600084922,07:08:04.922,bybit,ADA/USDT:USDT,0.8267,6663.0,0.8266,121804.0,0.8268,7772.0,0.8269,110516.0
1753600085022,07:08:05.022,bybit,ADA/USDT:USDT,0.8267,2818.0,0.8266,121804.0,0.8268,7772.0,0.8269,110541.0
1753600085122,07:08:05.122,bybit,ADA/USDT:USDT,0.8267,3129.0,0.8266,121804.0,0.8268,7772.0,0.8269,110516.0
1753600085222,07:08:05.222,bybit,ADA/USDT:USDT,0.8267,3129.0,0.8266,121804.0,0.8268,7772.0,0.8269,110541.0
1753600085322,07:08:05.322,bybit,ADA/USDT:USDT,0.8267,3129.0,0.8266,121804.0,0.8268,9295.0,0.8269,110541.0
1753600085522,07:08:05.522,bybit,ADA/USDT:USDT,0.8267,3129.0,0.8266,121804.0,0.8268,9295.0,0.8269,110541.0
1753600085622,07:08:05.622,bybit,ADA/USDT:USDT,0.8267,3129.0,0.8266,121804.0,0.8268,9176.0,0.8269,110541.0
