timestamp,time,exchange,symbol,bid1_price,bid1_volume,bid2_price,bid2_volume,ask1_price,ask1_volume,ask2_price,ask2_volume
1753599983972,07:06:23.972,binance,AERGO/USDT:USDT,0.13343,2803.0,0.13342,192.0,0.13345,124.0,0.13346,447.0
1753599984209,07:06:24.209,binance,AERGO/USDT:USDT,0.13343,2803.0,0.13342,316.0,0.13346,199.0,0.13347,698.0
1753599984902,07:06:24.902,binance,AERGO/USDT:USDT,0.13343,2803.0,0.13342,316.0,0.13346,199.0,0.13347,698.0
1753599985502,07:06:25.502,binance,AERGO/USDT:USDT,0.13343,2803.0,0.13342,316.0,0.13346,199.0,0.13347,698.0
1753599986121,07:06:26.121,binance,AERGO/USDT:USDT,0.13343,2803.0,0.13342,316.0,0.13346,199.0,0.13347,698.0
1753599986502,07:06:26.502,binance,AERGO/USDT:USDT,0.13343,2803.0,0.13342,316.0,0.13346,199.0,0.13347,698.0
1753599986629,07:06:26.629,binance,AERGO/USDT:USDT,0.13343,2803.0,0.13342,316.0,0.13346,260.0,0.13347,698.0
1753599987102,07:06:27.102,binance,AERGO/USDT:USDT,0.13343,2803.0,0.13342,316.0,0.13346,260.0,0.13347,698.0
1753599988802,07:06:28.802,binance,AERGO/USDT:USDT,0.13343,2803.0,0.13342,316.0,0.13346,260.0,0.13347,698.0
1753599988961,07:06:28.961,binance,AERGO/USDT:USDT,0.13343,2803.0,0.13342,316.0,0.13346,260.0,0.13347,698.0
1753599991293,07:06:31.293,binance,AERGO/USDT:USDT,0.13344,1375.0,0.13343,2901.0,0.13346,260.0,0.13347,698.0
1753599992430,07:06:32.430,binance,AERGO/USDT:USDT,0.13344,1375.0,0.13343,2901.0,0.13346,260.0,0.13347,698.0
1753599992602,07:06:32.602,binance,AERGO/USDT:USDT,0.13344,1375.0,0.13343,2901.0,0.13346,260.0,0.13347,698.0
1753599994802,07:06:34.802,binance,AERGO/USDT:USDT,0.13344,1375.0,0.13343,2901.0,0.13346,260.0,0.13347,698.0
1753599995298,07:06:35.298,binance,AERGO/USDT:USDT,0.13344,1375.0,0.13343,2901.0,0.13346,260.0,0.13347,698.0
1753599995502,07:06:35.502,binance,AERGO/USDT:USDT,0.13344,1375.0,0.13343,2901.0,0.13346,260.0,0.13347,698.0
1753599996137,07:06:36.137,binance,AERGO/USDT:USDT,0.13344,1375.0,0.13343,2901.0,0.13346,260.0,0.13347,698.0
1753599996502,07:06:36.502,binance,AERGO/USDT:USDT,0.13344,1375.0,0.13343,2901.0,0.13346,260.0,0.13347,698.0
1753599997103,07:06:37.103,binance,AERGO/USDT:USDT,0.13344,1375.0,0.13343,2901.0,0.13346,260.0,0.13347,698.0
1753599997449,07:06:37.449,binance,AERGO/USDT:USDT,0.13344,1567.0,0.13343,2901.0,0.13346,260.0,0.13347,698.0
1753599997638,07:06:37.638,binance,AERGO/USDT:USDT,0.13344,1567.0,0.13343,2901.0,0.13346,260.0,0.13347,698.0
1753599997741,07:06:37.741,binance,AERGO/USDT:USDT,0.13344,1567.0,0.13343,2901.0,0.13346,260.0,0.13347,698.0
1753599998087,07:06:38.087,binance,AERGO/USDT:USDT,0.13344,1567.0,0.13343,2901.0,0.13346,260.0,0.13347,698.0
1753599998202,07:06:38.202,binance,AERGO/USDT:USDT,0.13344,1567.0,0.13343,2901.0,0.13346,260.0,0.13347,698.0
1753599998472,07:06:38.472,binance,AERGO/USDT:USDT,0.13345,5342.0,0.13344,192.0,0.13346,104.0,0.13347,698.0
1753599998580,07:06:38.580,binance,AERGO/USDT:USDT,0.13345,5342.0,0.13344,192.0,0.13346,104.0,0.13347,698.0
1753599998701,07:06:38.701,binance,AERGO/USDT:USDT,0.13341,2463.0,0.1334,948.0,0.13345,329.0,0.13346,4785.0
1753599998835,07:06:38.835,binance,AERGO/USDT:USDT,0.13341,2463.0,0.1334,948.0,0.13345,329.0,0.13346,4785.0
1753599998940,07:06:38.940,binance,AERGO/USDT:USDT,0.13341,2463.0,0.1334,948.0,0.13345,3090.0,0.13346,2024.0
1753599999043,07:06:39.043,binance,AERGO/USDT:USDT,0.13341,2463.0,0.1334,948.0,0.13345,3090.0,0.13346,2024.0
1753599999258,07:06:39.258,binance,AERGO/USDT:USDT,0.13341,2463.0,0.1334,948.0,0.13345,3090.0,0.13346,2024.0
1753599999593,07:06:39.593,binance,AERGO/USDT:USDT,0.13341,2463.0,0.1334,948.0,0.13345,3090.0,0.13346,2024.0
1753599999818,07:06:39.818,binance,AERGO/USDT:USDT,0.13341,2463.0,0.1334,948.0,0.13345,3090.0,0.13346,2024.0
1753600000102,07:06:40.102,binance,AERGO/USDT:USDT,0.13341,2463.0,0.1334,948.0,0.13345,3090.0,0.13346,2024.0
1753600000206,07:06:40.206,binance,AERGO/USDT:USDT,0.13341,2463.0,0.1334,948.0,0.13345,3090.0,0.13346,2024.0
1753600000449,07:06:40.449,binance,AERGO/USDT:USDT,0.13341,2463.0,0.1334,948.0,0.13345,2966.0,0.13346,862.0
1753600000570,07:06:40.570,binance,AERGO/USDT:USDT,0.13341,2463.0,0.1334,948.0,0.13345,205.0,0.13346,862.0
1753600000710,07:06:40.710,binance,AERGO/USDT:USDT,0.13341,2463.0,0.1334,948.0,0.13345,205.0,0.13346,986.0
1753600000826,07:06:40.826,binance,AERGO/USDT:USDT,0.13341,2463.0,0.1334,948.0,0.13345,205.0,0.13346,986.0
1753600001402,07:06:41.402,binance,AERGO/USDT:USDT,0.13341,2463.0,0.1334,948.0,0.13345,205.0,0.13346,986.0
1753600001820,07:06:41.820,binance,AERGO/USDT:USDT,0.13341,2463.0,0.1334,948.0,0.13345,2966.0,0.13346,986.0
1753600002113,07:06:42.113,binance,AERGO/USDT:USDT,0.13341,2463.0,0.1334,948.0,0.13345,2966.0,0.13346,986.0
1753600003135,07:06:43.135,binance,AERGO/USDT:USDT,0.13341,2463.0,0.1334,948.0,0.13345,2966.0,0.13346,986.0
1753600003249,07:06:43.249,binance,AERGO/USDT:USDT,0.13341,2463.0,0.1334,948.0,0.13345,2966.0,0.13346,986.0
1753600003362,07:06:43.362,binance,AERGO/USDT:USDT,0.13341,2463.0,0.1334,948.0,0.13345,2966.0,0.13346,986.0
1753600003596,07:06:43.596,binance,AERGO/USDT:USDT,0.13341,3556.0,0.1334,948.0,0.13345,2966.0,0.13346,986.0
1753600003702,07:06:43.702,binance,AERGO/USDT:USDT,0.13341,3556.0,0.1334,948.0,0.13345,2966.0,0.13346,986.0
1753600003817,07:06:43.817,binance,AERGO/USDT:USDT,0.13341,3556.0,0.1334,948.0,0.13345,2966.0,0.13346,986.0
1753600004085,07:06:44.085,binance,AERGO/USDT:USDT,0.13341,3556.0,0.1334,948.0,0.13345,2966.0,0.13346,986.0
1753600004302,07:06:44.302,binance,AERGO/USDT:USDT,0.13341,3556.0,0.1334,948.0,0.13345,2966.0,0.13346,986.0
1753600004902,07:06:44.902,binance,AERGO/USDT:USDT,0.13341,3556.0,0.1334,948.0,0.13345,2966.0,0.13346,986.0
1753600005502,07:06:45.502,binance,AERGO/USDT:USDT,0.13341,3556.0,0.1334,948.0,0.13345,2966.0,0.13346,986.0
1753600006094,07:06:46.094,binance,AERGO/USDT:USDT,0.13341,3556.0,0.1334,948.0,0.13345,2966.0,0.13346,986.0
1753600006197,07:06:46.197,binance,AERGO/USDT:USDT,0.13341,3556.0,0.1334,948.0,0.13345,2966.0,0.13346,986.0
1753600006702,07:06:46.702,binance,AERGO/USDT:USDT,0.13341,3556.0,0.1334,948.0,0.13345,2966.0,0.13346,986.0
1753600007054,07:06:47.054,binance,AERGO/USDT:USDT,0.13341,3556.0,0.1334,948.0,0.13344,2761.0,0.13345,329.0
1753600007201,07:06:47.201,binance,AERGO/USDT:USDT,0.13341,3556.0,0.1334,948.0,0.13344,2761.0,0.13345,329.0
1753600007431,07:06:47.431,binance,AERGO/USDT:USDT,0.13341,3556.0,0.1334,948.0,0.13344,2761.0,0.13345,329.0
1753600007702,07:06:47.702,binance,AERGO/USDT:USDT,0.13341,3556.0,0.1334,948.0,0.13344,2761.0,0.13345,205.0
1753600007810,07:06:47.810,binance,AERGO/USDT:USDT,0.13341,3556.0,0.1334,948.0,0.13344,2761.0,0.13345,205.0
1753600007942,07:06:47.942,binance,AERGO/USDT:USDT,0.13341,3556.0,0.1334,948.0,0.13344,2761.0,0.13345,205.0
1753600008805,07:06:48.805,binance,AERGO/USDT:USDT,0.13341,3556.0,0.1334,948.0,0.13344,2761.0,0.13345,205.0
1753600009001,07:06:49.001,binance,AERGO/USDT:USDT,0.13341,3556.0,0.1334,948.0,0.13344,2761.0,0.13345,205.0
1753600009402,07:06:49.402,binance,AERGO/USDT:USDT,0.13341,3556.0,0.1334,948.0,0.13344,2761.0,0.13345,205.0
1753600009973,07:06:49.973,binance,AERGO/USDT:USDT,0.13341,3556.0,0.1334,948.0,0.13344,2761.0,0.13345,205.0
1753600010101,07:06:50.101,binance,AERGO/USDT:USDT,0.13341,3556.0,0.1334,948.0,0.13344,2761.0,0.13345,205.0
1753600010502,07:06:50.502,binance,AERGO/USDT:USDT,0.13341,3556.0,0.1334,948.0,0.13344,2761.0,0.13345,205.0
1753600010702,07:06:50.702,binance,AERGO/USDT:USDT,0.13341,3556.0,0.1334,948.0,0.13344,2761.0,0.13345,205.0
1753600010902,07:06:50.902,binance,AERGO/USDT:USDT,0.13341,3556.0,0.1334,948.0,0.13344,2761.0,0.13345,205.0
1753600011102,07:06:51.102,binance,AERGO/USDT:USDT,0.13341,3556.0,0.1334,948.0,0.13344,2761.0,0.13345,205.0
1753600012224,07:06:52.224,binance,AERGO/USDT:USDT,0.13341,3556.0,0.1334,948.0,0.13344,2761.0,0.13345,205.0
1753600012328,07:06:52.328,binance,AERGO/USDT:USDT,0.13341,3556.0,0.1334,948.0,0.13344,2761.0,0.13345,205.0
1753600012491,07:06:52.491,binance,AERGO/USDT:USDT,0.13341,3556.0,0.1334,948.0,0.13344,2761.0,0.13345,205.0
1753600012713,07:06:52.713,binance,AERGO/USDT:USDT,0.13341,3556.0,0.1334,948.0,0.13344,2761.0,0.13345,205.0
1753600012893,07:06:52.893,binance,AERGO/USDT:USDT,0.13341,2745.0,0.1334,948.0,0.13344,2761.0,0.13345,205.0
1753600013137,07:06:53.137,binance,AERGO/USDT:USDT,0.13341,2745.0,0.1334,948.0,0.13344,2761.0,0.13345,205.0
1753600013245,07:06:53.245,binance,AERGO/USDT:USDT,0.13341,2745.0,0.1334,948.0,0.13344,2761.0,0.13345,205.0
1753600013351,07:06:53.351,binance,AERGO/USDT:USDT,0.13341,2840.0,0.1334,948.0,0.13344,2761.0,0.13345,205.0
1753600013502,07:06:53.502,binance,AERGO/USDT:USDT,0.13341,2840.0,0.1334,948.0,0.13344,2761.0,0.13345,205.0
1753600014252,07:06:54.252,binance,AERGO/USDT:USDT,0.13341,211.0,0.1334,824.0,0.13344,2761.0,0.13345,329.0
1753600014362,07:06:54.362,binance,AERGO/USDT:USDT,0.13341,211.0,0.1334,948.0,0.13344,2761.0,0.13345,329.0
1753600014602,07:06:54.602,binance,AERGO/USDT:USDT,0.13341,211.0,0.1334,948.0,0.13344,2761.0,0.13345,329.0
1753600015202,07:06:55.202,binance,AERGO/USDT:USDT,0.13341,211.0,0.1334,948.0,0.13344,2761.0,0.13345,329.0
1753600015493,07:06:55.493,binance,AERGO/USDT:USDT,0.13337,1973.0,0.13336,376.0,0.13343,3678.0,0.13344,1497.0
1753600015756,07:06:55.756,binance,AERGO/USDT:USDT,0.13337,1973.0,0.13336,376.0,0.13343,3678.0,0.13344,1497.0
1753600015935,07:06:55.935,binance,AERGO/USDT:USDT,0.13337,1973.0,0.13336,376.0,0.13343,3678.0,0.13344,1497.0
1753600016093,07:06:56.093,binance,AERGO/USDT:USDT,0.13337,1973.0,0.13336,376.0,0.13343,3678.0,0.13344,1497.0
1753600016602,07:06:56.602,binance,AERGO/USDT:USDT,0.13337,1973.0,0.13336,376.0,0.13343,3678.0,0.13344,1497.0
1753600017202,07:06:57.202,binance,AERGO/USDT:USDT,0.13337,1973.0,0.13336,376.0,0.13343,3678.0,0.13344,330.0
1753600017802,07:06:57.802,binance,AERGO/USDT:USDT,0.13337,1973.0,0.13336,376.0,0.13343,3678.0,0.13344,330.0
1753600017993,07:06:57.993,binance,AERGO/USDT:USDT,0.13337,1973.0,0.13336,1648.0,0.13343,3678.0,0.13344,330.0
1753600018102,07:06:58.102,binance,AERGO/USDT:USDT,0.13337,1973.0,0.13336,1648.0,0.13343,3324.0,0.13344,330.0
1753600019093,07:06:59.093,binance,AERGO/USDT:USDT,0.13337,1973.0,0.13336,1648.0,0.13343,3324.0,0.13344,330.0
1753600019283,07:06:59.283,binance,AERGO/USDT:USDT,0.13337,1973.0,0.13336,376.0,0.13343,3324.0,0.13344,330.0
1753600019602,07:06:59.602,binance,AERGO/USDT:USDT,0.13337,1973.0,0.13336,376.0,0.13343,3324.0,0.13344,330.0
1753600020012,07:07:00.012,binance,AERGO/USDT:USDT,0.13337,1973.0,0.13336,376.0,0.13343,3324.0,0.13344,330.0
1753600020128,07:07:00.128,binance,AERGO/USDT:USDT,0.13337,1973.0,0.13336,376.0,0.13343,3324.0,0.13344,330.0
1753600020301,07:07:00.301,binance,AERGO/USDT:USDT,0.1334,91.0,0.13339,124.0,0.13343,3324.0,0.13344,330.0
1753600020403,07:07:00.403,binance,AERGO/USDT:USDT,0.1334,91.0,0.13339,124.0,0.13343,3324.0,0.13344,330.0
1753600020602,07:07:00.602,binance,AERGO/USDT:USDT,0.13341,356.0,0.1334,91.0,0.13343,504.0,0.13344,330.0
1753600020703,07:07:00.703,binance,AERGO/USDT:USDT,0.13341,356.0,0.1334,91.0,0.13343,504.0,0.13344,330.0
1753600021202,07:07:01.202,binance,AERGO/USDT:USDT,0.13341,477.0,0.1334,91.0,0.13343,504.0,0.13344,330.0
1753600021308,07:07:01.308,binance,AERGO/USDT:USDT,0.13341,598.0,0.1334,215.0,0.13343,504.0,0.13344,330.0
1753600021463,07:07:01.463,binance,AERGO/USDT:USDT,0.13341,598.0,0.1334,215.0,0.13343,504.0,0.13344,330.0
1753600021607,07:07:01.607,binance,AERGO/USDT:USDT,0.13341,1045.0,0.1334,215.0,0.13343,504.0,0.13344,330.0
1753600021764,07:07:01.764,binance,AERGO/USDT:USDT,0.13341,1045.0,0.1334,215.0,0.13343,504.0,0.13344,330.0
1753600022102,07:07:02.102,binance,AERGO/USDT:USDT,0.13341,1045.0,0.1334,215.0,0.13343,504.0,0.13344,330.0
1753600022356,07:07:02.356,binance,AERGO/USDT:USDT,0.13341,1045.0,0.1334,215.0,0.13343,504.0,0.13344,330.0
1753600022504,07:07:02.504,binance,AERGO/USDT:USDT,0.13341,1045.0,0.1334,215.0,0.13343,504.0,0.13344,330.0
1753600022958,07:07:02.958,binance,AERGO/USDT:USDT,0.13341,1045.0,0.1334,215.0,0.13343,504.0,0.13344,330.0
1753600023263,07:07:03.263,binance,AERGO/USDT:USDT,0.1334,91.0,0.13339,124.0,0.13343,504.0,0.13344,330.0
1753600023365,07:07:03.365,binance,AERGO/USDT:USDT,0.1334,91.0,0.13339,124.0,0.13343,504.0,0.13344,330.0
1753600023534,07:07:03.534,binance,AERGO/USDT:USDT,0.1334,91.0,0.13339,124.0,0.13343,504.0,0.13344,330.0
1753600023678,07:07:03.678,binance,AERGO/USDT:USDT,0.1334,91.0,0.13339,2705.0,0.13343,504.0,0.13344,330.0
1753600024102,07:07:04.102,binance,AERGO/USDT:USDT,0.1334,91.0,0.13339,2705.0,0.13343,504.0,0.13344,330.0
1753600024702,07:07:04.702,binance,AERGO/USDT:USDT,0.1334,91.0,0.13339,2705.0,0.13343,504.0,0.13344,330.0
1753600025302,07:07:05.302,binance,AERGO/USDT:USDT,0.1334,91.0,0.13339,2705.0,0.13343,504.0,0.13344,330.0
1753600025459,07:07:05.459,binance,AERGO/USDT:USDT,0.1334,91.0,0.13339,2705.0,0.13343,504.0,0.13344,330.0
1753600025569,07:07:05.569,binance,AERGO/USDT:USDT,0.1334,91.0,0.13339,2705.0,0.13343,504.0,0.13344,330.0
1753600026738,07:07:06.738,binance,AERGO/USDT:USDT,0.1334,91.0,0.13339,2705.0,0.13343,558.0,0.13344,330.0
1753600027364,07:07:07.364,binance,AERGO/USDT:USDT,0.1334,91.0,0.13339,2705.0,0.13343,558.0,0.13344,330.0
1753600027635,07:07:07.635,binance,AERGO/USDT:USDT,0.1334,91.0,0.13339,2705.0,0.13343,558.0,0.13344,330.0
1753600027801,07:07:07.801,binance,AERGO/USDT:USDT,0.1334,91.0,0.13339,2705.0,0.13343,558.0,0.13344,330.0
1753600027905,07:07:07.905,binance,AERGO/USDT:USDT,0.1334,91.0,0.13339,2705.0,0.13343,558.0,0.13344,330.0
1753600028032,07:07:08.032,binance,AERGO/USDT:USDT,0.1334,91.0,0.13339,2705.0,0.13343,558.0,0.13344,330.0
1753600028177,07:07:08.177,binance,AERGO/USDT:USDT,0.1334,91.0,0.13339,2705.0,0.13343,558.0,0.13344,330.0
1753600028298,07:07:08.298,binance,AERGO/USDT:USDT,0.1334,91.0,0.13339,2705.0,0.13343,558.0,0.13344,330.0
1753600028404,07:07:08.404,binance,AERGO/USDT:USDT,0.1334,91.0,0.13339,2705.0,0.13343,558.0,0.13344,330.0
1753600029135,07:07:09.135,binance,AERGO/USDT:USDT,0.1334,91.0,0.13339,2705.0,0.13343,558.0,0.13344,206.0
1753600029402,07:07:09.402,binance,AERGO/USDT:USDT,0.1334,91.0,0.13339,2705.0,0.13343,558.0,0.13344,206.0
1753600029951,07:07:09.951,binance,AERGO/USDT:USDT,0.1334,91.0,0.13339,2705.0,0.13343,558.0,0.13344,206.0
1753600030101,07:07:10.101,binance,AERGO/USDT:USDT,0.1334,91.0,0.13339,2705.0,0.13343,558.0,0.13344,206.0
1753600030602,07:07:10.602,binance,AERGO/USDT:USDT,0.1334,91.0,0.13339,2705.0,0.13343,558.0,0.13344,206.0
1753600030859,07:07:10.859,binance,AERGO/USDT:USDT,0.1334,91.0,0.13339,2705.0,0.13343,558.0,0.13344,206.0
1753600031651,07:07:11.651,binance,AERGO/USDT:USDT,0.1334,91.0,0.13339,2705.0,0.13343,558.0,0.13344,206.0
1753600032305,07:07:12.305,binance,AERGO/USDT:USDT,0.1334,91.0,0.13339,2705.0,0.13343,558.0,0.13344,206.0
1753600032501,07:07:12.501,binance,AERGO/USDT:USDT,0.1334,91.0,0.13339,2705.0,0.13343,558.0,0.13344,206.0
1753600032902,07:07:12.902,binance,AERGO/USDT:USDT,0.1334,91.0,0.13339,2705.0,0.13343,558.0,0.13344,206.0
1753600033102,07:07:13.102,binance,AERGO/USDT:USDT,0.1334,91.0,0.13339,2705.0,0.13343,558.0,0.13344,206.0
1753600033342,07:07:13.342,binance,AERGO/USDT:USDT,0.1334,91.0,0.13339,2705.0,0.13343,558.0,0.13344,939.0
1753600033500,07:07:13.500,binance,AERGO/USDT:USDT,0.1334,91.0,0.13339,2705.0,0.13343,558.0,0.13344,939.0
1753600033606,07:07:13.606,binance,AERGO/USDT:USDT,0.13339,2581.0,0.13338,124.0,0.13342,2823.0,0.13343,682.0
1753600033823,07:07:13.823,binance,AERGO/USDT:USDT,0.13339,2581.0,0.13337,2178.0,0.13342,2823.0,0.13343,682.0
1753600033964,07:07:13.964,binance,AERGO/USDT:USDT,0.13339,2581.0,0.13337,2178.0,0.13342,2823.0,0.13343,682.0
1753600034302,07:07:14.302,binance,AERGO/USDT:USDT,0.13339,2581.0,0.13337,2178.0,0.13342,2823.0,0.13343,558.0
1753600034800,07:07:14.800,binance,AERGO/USDT:USDT,0.13339,2581.0,0.13337,2178.0,0.13342,2823.0,0.13343,558.0
1753600034957,07:07:14.957,binance,AERGO/USDT:USDT,0.13339,2581.0,0.13337,2178.0,0.13342,2823.0,0.13343,558.0
1753600035148,07:07:15.148,binance,AERGO/USDT:USDT,0.13339,2581.0,0.13337,2178.0,0.13342,2823.0,0.13343,558.0
1753600035302,07:07:15.302,binance,AERGO/USDT:USDT,0.13339,2581.0,0.13337,2178.0,0.13342,2823.0,0.13343,558.0
1753600035433,07:07:15.433,binance,AERGO/USDT:USDT,0.13339,2581.0,0.13337,2178.0,0.13342,2823.0,0.13343,558.0
1753600035677,07:07:15.677,binance,AERGO/USDT:USDT,0.13339,2581.0,0.13337,2178.0,0.13342,2823.0,0.13343,558.0
1753600036026,07:07:16.026,binance,AERGO/USDT:USDT,0.13339,2581.0,0.13337,2178.0,0.13342,2823.0,0.13343,558.0
1753600036502,07:07:16.502,binance,AERGO/USDT:USDT,0.13339,2581.0,0.13337,2178.0,0.13342,2823.0,0.13343,558.0
1753600036969,07:07:16.969,binance,AERGO/USDT:USDT,0.13339,2581.0,0.13337,2178.0,0.13342,2823.0,0.13343,558.0
1753600037589,07:07:17.589,binance,AERGO/USDT:USDT,0.13339,2581.0,0.13337,2178.0,0.13342,2823.0,0.13343,558.0
1753600037702,07:07:17.702,binance,AERGO/USDT:USDT,0.13339,2581.0,0.13337,2178.0,0.13342,2823.0,0.13343,558.0
1753600037837,07:07:17.837,binance,AERGO/USDT:USDT,0.13339,2581.0,0.13337,2178.0,0.13342,2823.0,0.13343,558.0
1753600038162,07:07:18.162,binance,AERGO/USDT:USDT,0.13339,2581.0,0.13337,2178.0,0.13342,2823.0,0.13343,558.0
1753600038302,07:07:18.302,binance,AERGO/USDT:USDT,0.13339,2581.0,0.13337,2178.0,0.13342,2823.0,0.13343,558.0
1753600038413,07:07:18.413,binance,AERGO/USDT:USDT,0.13339,2581.0,0.13337,2178.0,0.13342,2823.0,0.13343,558.0
1753600038902,07:07:18.902,binance,AERGO/USDT:USDT,0.13339,2581.0,0.13337,2178.0,0.13342,2823.0,0.13343,558.0
1753600039478,07:07:19.478,binance,AERGO/USDT:USDT,0.13339,2581.0,0.13337,2178.0,0.13342,2823.0,0.13343,558.0
1753600039583,07:07:19.583,binance,AERGO/USDT:USDT,0.13339,2581.0,0.13337,2178.0,0.13342,2823.0,0.13343,558.0
1753600039737,07:07:19.737,binance,AERGO/USDT:USDT,0.13339,2581.0,0.13337,2178.0,0.13342,2823.0,0.13343,558.0
1753600040647,07:07:20.647,binance,AERGO/USDT:USDT,0.13339,2581.0,0.13337,2178.0,0.13342,2823.0,0.13343,558.0
1753600041202,07:07:21.202,binance,AERGO/USDT:USDT,0.13339,2581.0,0.13337,2178.0,0.13342,2823.0,0.13343,558.0
1753600041802,07:07:21.802,binance,AERGO/USDT:USDT,0.13339,2581.0,0.13337,2178.0,0.13342,2823.0,0.13343,558.0
1753600041928,07:07:21.928,binance,AERGO/USDT:USDT,0.13339,2581.0,0.13337,2178.0,0.13342,2823.0,0.13343,558.0
1753600043602,07:07:23.602,binance,AERGO/USDT:USDT,0.13339,2581.0,0.13337,2178.0,0.13342,2823.0,0.13343,558.0
1753600044202,07:07:24.202,binance,AERGO/USDT:USDT,0.13339,2581.0,0.13337,2302.0,0.13342,2823.0,0.13343,682.0
1753600044537,07:07:24.537,binance,AERGO/USDT:USDT,0.13339,2581.0,0.13337,2302.0,0.13342,2823.0,0.13343,682.0
1753600044638,07:07:24.638,binance,AERGO/USDT:USDT,0.13339,2581.0,0.13337,2302.0,0.13342,2823.0,0.13343,682.0
1753600044743,07:07:24.743,binance,AERGO/USDT:USDT,0.13339,2581.0,0.13337,2302.0,0.13342,2823.0,0.13343,682.0
1753600044848,07:07:24.848,binance,AERGO/USDT:USDT,0.13339,2581.0,0.13337,2302.0,0.13342,2823.0,0.13343,682.0
1753600045058,07:07:25.058,binance,AERGO/USDT:USDT,0.13339,2581.0,0.13337,2302.0,0.13342,2823.0,0.13343,682.0
1753600046120,07:07:26.120,binance,AERGO/USDT:USDT,0.13339,2581.0,0.13337,2302.0,0.13342,2823.0,0.13343,682.0
1753600046502,07:07:26.502,binance,AERGO/USDT:USDT,0.13339,2581.0,0.13337,2302.0,0.13342,2823.0,0.13343,682.0
1753600047638,07:07:27.638,binance,AERGO/USDT:USDT,0.13339,2581.0,0.13337,2302.0,0.13342,2823.0,0.13343,682.0
1753600047801,07:07:27.801,binance,AERGO/USDT:USDT,0.13339,2581.0,0.13337,2302.0,0.13342,2823.0,0.13343,682.0
1753600048202,07:07:28.202,binance,AERGO/USDT:USDT,0.13339,2581.0,0.13337,2302.0,0.13342,2823.0,0.13343,682.0
1753600048652,07:07:28.652,binance,AERGO/USDT:USDT,0.1334,100.0,0.13339,2581.0,0.13342,2823.0,0.13343,682.0
1753600048756,07:07:28.756,binance,AERGO/USDT:USDT,0.1334,287.0,0.13339,2581.0,0.13342,2823.0,0.13343,682.0
1753600048937,07:07:28.937,binance,AERGO/USDT:USDT,0.1334,287.0,0.13339,2581.0,0.13342,2823.0,0.13343,682.0
1753600049043,07:07:29.043,binance,AERGO/USDT:USDT,0.1334,287.0,0.13339,2581.0,0.13342,2823.0,0.13343,682.0
1753600049150,07:07:29.150,binance,AERGO/USDT:USDT,0.1334,287.0,0.13339,2581.0,0.13342,2823.0,0.13343,682.0
1753600049291,07:07:29.291,binance,AERGO/USDT:USDT,0.1334,287.0,0.13339,2581.0,0.13342,2823.0,0.13343,682.0
1753600049702,07:07:29.702,binance,AERGO/USDT:USDT,0.1334,287.0,0.13339,2581.0,0.13342,2823.0,0.13343,682.0
1753600050302,07:07:30.302,binance,AERGO/USDT:USDT,0.1334,287.0,0.13339,2581.0,0.13342,2823.0,0.13343,682.0
1753600050478,07:07:30.478,binance,AERGO/USDT:USDT,0.1334,287.0,0.13339,2581.0,0.13342,2869.0,0.13343,682.0
1753600050902,07:07:30.902,binance,AERGO/USDT:USDT,0.1334,287.0,0.13339,2581.0,0.13342,2869.0,0.13343,682.0
1753600051502,07:07:31.502,binance,AERGO/USDT:USDT,0.1334,287.0,0.13339,2581.0,0.13342,2869.0,0.13343,682.0
1753600051768,07:07:31.768,binance,AERGO/USDT:USDT,0.13336,53.0,0.13335,2927.0,0.13337,610.0,0.1334,654.0
1753600051871,07:07:31.871,binance,AERGO/USDT:USDT,0.13336,2762.0,0.13335,331.0,0.1334,207.0,0.13341,3040.0
1753600052028,07:07:32.028,binance,AERGO/USDT:USDT,0.13336,2762.0,0.13335,331.0,0.1334,207.0,0.13341,3040.0
1753600052237,07:07:32.237,binance,AERGO/USDT:USDT,0.13336,2762.0,0.13335,331.0,0.1334,207.0,0.13341,3040.0
1753600052551,07:07:32.551,binance,AERGO/USDT:USDT,0.13334,2785.0,0.13333,323.0,0.1334,2916.0,0.13341,331.0
1753600052658,07:07:32.658,binance,AERGO/USDT:USDT,0.13334,2785.0,0.13333,323.0,0.1334,2916.0,0.13341,331.0
1753600052837,07:07:32.837,binance,AERGO/USDT:USDT,0.13334,2785.0,0.13333,2375.0,0.1334,2916.0,0.13341,331.0
1753600053602,07:07:33.602,binance,AERGO/USDT:USDT,0.13334,2785.0,0.13333,2375.0,0.1334,2916.0,0.13341,331.0
1753600053706,07:07:33.706,binance,AERGO/USDT:USDT,0.13334,2785.0,0.13333,2375.0,0.1334,2916.0,0.13341,331.0
1753600054302,07:07:34.302,binance,AERGO/USDT:USDT,0.13334,2833.0,0.13333,2375.0,0.1334,2916.0,0.13341,331.0
1753600055453,07:07:35.453,binance,AERGO/USDT:USDT,0.13334,2833.0,0.13333,2375.0,0.1334,2916.0,0.13341,331.0
1753600056002,07:07:36.002,binance,AERGO/USDT:USDT,0.13334,2833.0,0.13333,2375.0,0.1334,2916.0,0.13341,331.0
1753600057205,07:07:37.205,binance,AERGO/USDT:USDT,0.13334,2833.0,0.13333,2375.0,0.1334,2916.0,0.13341,331.0
1753600057802,07:07:37.802,binance,AERGO/USDT:USDT,0.13334,2833.0,0.13333,2375.0,0.1334,2916.0,0.13341,331.0
1753600058299,07:07:38.299,binance,AERGO/USDT:USDT,0.13334,2833.0,0.13333,2375.0,0.1334,2916.0,0.13341,331.0
1753600058402,07:07:38.402,binance,AERGO/USDT:USDT,0.13334,2833.0,0.13333,2375.0,0.1334,2916.0,0.13341,331.0
1753600058507,07:07:38.507,binance,AERGO/USDT:USDT,0.13334,2833.0,0.13333,2375.0,0.1334,2916.0,0.13341,331.0
1753600059237,07:07:39.237,binance,AERGO/USDT:USDT,0.13334,2833.0,0.13333,2375.0,0.1334,2916.0,0.13341,331.0
1753600059602,07:07:39.602,binance,AERGO/USDT:USDT,0.13334,2833.0,0.13333,2375.0,0.1334,2916.0,0.13341,331.0
1753600061299,07:07:41.299,binance,AERGO/USDT:USDT,0.13334,2833.0,0.13333,2375.0,0.1334,2916.0,0.13341,331.0
1753600061501,07:07:41.501,binance,AERGO/USDT:USDT,0.13334,2833.0,0.13333,2375.0,0.1334,2916.0,0.13341,331.0
1753600062502,07:07:42.502,binance,AERGO/USDT:USDT,0.13334,2833.0,0.13333,2375.0,0.1334,2916.0,0.13341,331.0
1753600063702,07:07:43.702,binance,AERGO/USDT:USDT,0.13334,2833.0,0.13333,2375.0,0.1334,2916.0,0.13341,331.0
1753600064299,07:07:44.299,binance,AERGO/USDT:USDT,0.13334,2833.0,0.13333,2375.0,0.1334,2916.0,0.13341,331.0
1753600064405,07:07:44.405,binance,AERGO/USDT:USDT,0.13334,2833.0,0.13333,2375.0,0.1334,2916.0,0.13341,331.0
1753600064902,07:07:44.902,binance,AERGO/USDT:USDT,0.13334,2833.0,0.13333,2375.0,0.1334,2916.0,0.13341,331.0
1753600066102,07:07:46.102,binance,AERGO/USDT:USDT,0.13334,2833.0,0.13333,2375.0,0.1334,2916.0,0.13341,331.0
1753600066856,07:07:46.856,binance,AERGO/USDT:USDT,0.13334,2833.0,0.13333,2375.0,0.1334,2978.0,0.13341,331.0
1753600066975,07:07:46.975,binance,AERGO/USDT:USDT,0.13334,2833.0,0.13333,2375.0,0.1334,2978.0,0.13341,331.0
1753600067137,07:07:47.137,binance,AERGO/USDT:USDT,0.13334,2833.0,0.13333,2375.0,0.1334,2978.0,0.13341,331.0
1753600067244,07:07:47.244,binance,AERGO/USDT:USDT,0.13334,2833.0,0.13333,2375.0,0.1334,2978.0,0.13341,331.0
1753600067802,07:07:47.802,binance,AERGO/USDT:USDT,0.13334,2833.0,0.13333,2375.0,0.1334,2978.0,0.13341,331.0
1753600068402,07:07:48.402,binance,AERGO/USDT:USDT,0.13334,2833.0,0.13333,2375.0,0.1334,2978.0,0.13341,331.0
1753600069002,07:07:49.002,binance,AERGO/USDT:USDT,0.13334,2833.0,0.13333,2375.0,0.1334,2978.0,0.13341,331.0
1753600069947,07:07:49.947,binance,AERGO/USDT:USDT,0.13334,2833.0,0.13333,2375.0,0.1334,2978.0,0.13341,331.0
1753600070202,07:07:50.202,binance,AERGO/USDT:USDT,0.13334,2833.0,0.13333,2375.0,0.1334,2978.0,0.13341,331.0
1753600070473,07:07:50.473,binance,AERGO/USDT:USDT,0.13334,2833.0,0.13333,2375.0,0.1334,2978.0,0.13341,331.0
1753600070733,07:07:50.733,binance,AERGO/USDT:USDT,0.13334,2833.0,0.13333,2375.0,0.1334,2978.0,0.13341,331.0
1753600070902,07:07:50.902,binance,AERGO/USDT:USDT,0.13334,2833.0,0.13333,2375.0,0.1334,2978.0,0.13341,331.0
1753600071203,07:07:51.203,binance,AERGO/USDT:USDT,0.13334,2833.0,0.13333,2375.0,0.1334,2978.0,0.13341,331.0
1753600071502,07:07:51.502,binance,AERGO/USDT:USDT,0.13334,2833.0,0.13333,2375.0,0.1334,2978.0,0.13341,331.0
1753600072812,07:07:52.812,binance,AERGO/USDT:USDT,0.13334,2833.0,0.13333,2375.0,0.1334,2978.0,0.13341,331.0
1753600073302,07:07:53.302,binance,AERGO/USDT:USDT,0.13334,2833.0,0.13333,2375.0,0.1334,2978.0,0.13341,331.0
1753600074237,07:07:54.237,binance,AERGO/USDT:USDT,0.13334,2833.0,0.13333,2375.0,0.1334,2978.0,0.13341,331.0
1753600074637,07:07:54.637,binance,AERGO/USDT:USDT,0.13334,2833.0,0.13333,2375.0,0.1334,2978.0,0.13341,331.0
1753600074747,07:07:54.747,binance,AERGO/USDT:USDT,0.13334,2833.0,0.13333,2375.0,0.1334,2978.0,0.13341,331.0
1753600076237,07:07:56.237,binance,AERGO/USDT:USDT,0.13334,2833.0,0.13333,2375.0,0.1334,2978.0,0.13341,331.0
1753600076339,07:07:56.339,binance,AERGO/USDT:USDT,0.13334,2833.0,0.13333,2375.0,0.1334,2978.0,0.13341,331.0
1753600077002,07:07:57.002,binance,AERGO/USDT:USDT,0.13334,2833.0,0.13333,2375.0,0.1334,2978.0,0.13341,331.0
1753600077502,07:07:57.502,binance,AERGO/USDT:USDT,0.13334,2928.0,0.13333,2375.0,0.1334,2978.0,0.13341,331.0
1753600077702,07:07:57.702,binance,AERGO/USDT:USDT,0.13334,2928.0,0.13333,2375.0,0.1334,2978.0,0.13341,331.0
1753600078105,07:07:58.105,binance,AERGO/USDT:USDT,0.13334,2928.0,0.13333,2375.0,0.1334,2978.0,0.13341,331.0
1753600078234,07:07:58.234,binance,AERGO/USDT:USDT,0.13334,2928.0,0.13333,2375.0,0.1334,2978.0,0.13341,331.0
1753600078736,07:07:58.736,binance,AERGO/USDT:USDT,0.13334,2928.0,0.13333,2375.0,0.1334,2978.0,0.13341,331.0
1753600078839,07:07:58.839,binance,AERGO/USDT:USDT,0.13334,2928.0,0.13333,2375.0,0.1334,2978.0,0.13341,331.0
1753600079302,07:07:59.302,binance,AERGO/USDT:USDT,0.13334,2928.0,0.13333,2375.0,0.1334,2978.0,0.13341,331.0
1753600079902,07:07:59.902,binance,AERGO/USDT:USDT,0.13334,2928.0,0.13333,2375.0,0.1334,2978.0,0.13341,331.0
1753600080125,07:08:00.125,binance,AERGO/USDT:USDT,0.13334,2852.0,0.13333,2375.0,0.1334,2978.0,0.13341,331.0
1753600082205,07:08:02.205,binance,AERGO/USDT:USDT,0.13334,2852.0,0.13333,323.0,0.1334,2978.0,0.13341,331.0
1753600082402,07:08:02.402,binance,AERGO/USDT:USDT,0.13337,515.0,0.13336,124.0,0.1334,2978.0,0.13341,331.0
1753600082547,07:08:02.547,binance,AERGO/USDT:USDT,0.13337,515.0,0.13336,124.0,0.1334,2978.0,0.13341,331.0
1753600082961,07:08:02.961,binance,AERGO/USDT:USDT,0.13337,515.0,0.13336,124.0,0.1334,2978.0,0.13341,331.0
1753600083302,07:08:03.302,binance,AERGO/USDT:USDT,0.13337,515.0,0.13336,1867.0,0.1334,2978.0,0.13341,331.0
1753600083802,07:08:03.802,binance,AERGO/USDT:USDT,0.13337,515.0,0.13336,1867.0,0.1334,2978.0,0.13341,331.0
1753600084108,07:08:04.108,binance,AERGO/USDT:USDT,0.13337,515.0,0.13336,1867.0,0.1334,2978.0,0.13341,331.0
1753600084402,07:08:04.402,binance,AERGO/USDT:USDT,0.13337,515.0,0.13336,1867.0,0.1334,2978.0,0.13341,331.0
1753600085002,07:08:05.002,binance,AERGO/USDT:USDT,0.13337,515.0,0.13336,1867.0,0.1334,2978.0,0.13341,331.0
1753600085534,07:08:05.534,binance,AERGO/USDT:USDT,0.13337,515.0,0.13336,1867.0,0.1334,2978.0,0.13341,331.0
1753600085638,07:08:05.638,binance,AERGO/USDT:USDT,0.13337,515.0,0.13336,1867.0,0.1334,2978.0,0.13341,331.0
1753600085873,07:08:05.873,binance,AERGO/USDT:USDT,0.13337,515.0,0.13336,1867.0,0.1334,2978.0,0.13341,331.0
1753600087302,07:08:07.302,binance,AERGO/USDT:USDT,0.13337,515.0,0.13336,1867.0,0.1334,2978.0,0.13341,331.0
1753600087435,07:08:07.435,binance,AERGO/USDT:USDT,0.13337,515.0,0.13336,1867.0,0.1334,2978.0,0.13341,331.0
1753600087902,07:08:07.902,binance,AERGO/USDT:USDT,0.13337,515.0,0.13336,1867.0,0.1334,2978.0,0.13341,331.0
1753600088502,07:08:08.502,binance,AERGO/USDT:USDT,0.13337,515.0,0.13336,1867.0,0.1334,2978.0,0.13341,331.0
1753600089102,07:08:09.102,binance,AERGO/USDT:USDT,0.13337,515.0,0.13336,1867.0,0.1334,2978.0,0.13341,331.0
1753600089238,07:08:09.238,binance,AERGO/USDT:USDT,0.13337,515.0,0.13336,1867.0,0.1334,269.0,0.13341,331.0
1753600089385,07:08:09.385,binance,AERGO/USDT:USDT,0.13337,515.0,0.13336,1867.0,0.1334,269.0,0.13341,331.0
1753600090237,07:08:10.237,binance,AERGO/USDT:USDT,0.13337,515.0,0.13336,1867.0,0.1334,269.0,0.13341,331.0
1753600090402,07:08:10.402,binance,AERGO/USDT:USDT,0.13337,515.0,0.13336,1867.0,0.1334,269.0,0.13341,331.0
1753600090537,07:08:10.537,binance,AERGO/USDT:USDT,0.13337,515.0,0.13336,1867.0,0.1334,269.0,0.13341,331.0
1753600091831,07:08:11.831,binance,AERGO/USDT:USDT,0.13338,605.0,0.13337,3429.0,0.13343,682.0,0.13344,330.0
1753600091936,07:08:11.936,binance,AERGO/USDT:USDT,0.13338,2914.0,0.13337,845.0,0.13343,682.0,0.13344,330.0
1753600092037,07:08:12.037,binance,AERGO/USDT:USDT,0.13338,2914.0,0.13337,845.0,0.13343,682.0,0.13344,330.0
1753600092248,07:08:12.248,binance,AERGO/USDT:USDT,0.13338,2914.0,0.13337,845.0,0.13343,682.0,0.13344,330.0
1753600092402,07:08:12.402,binance,AERGO/USDT:USDT,0.13338,2914.0,0.13337,845.0,0.13343,682.0,0.13344,1488.0
1753600092675,07:08:12.675,binance,AERGO/USDT:USDT,0.13338,2914.0,0.13337,845.0,0.13343,682.0,0.13344,1488.0
1753600092934,07:08:12.934,binance,AERGO/USDT:USDT,0.13338,2914.0,0.13337,845.0,0.13343,682.0,0.13344,1488.0
1753600093101,07:08:13.101,binance,AERGO/USDT:USDT,0.13338,2914.0,0.13337,845.0,0.13343,682.0,0.13344,1488.0
1753600093691,07:08:13.691,binance,AERGO/USDT:USDT,0.13338,2914.0,0.13337,845.0,0.13343,682.0,0.13344,1488.0
1753600093847,07:08:13.847,binance,AERGO/USDT:USDT,0.13338,2914.0,0.13337,845.0,0.13343,682.0,0.13344,1488.0
1753600094102,07:08:14.102,binance,AERGO/USDT:USDT,0.13338,2914.0,0.13337,845.0,0.13343,682.0,0.13344,330.0
1753600094302,07:08:14.302,binance,AERGO/USDT:USDT,0.13338,2914.0,0.13337,845.0,0.13343,682.0,0.13344,1488.0
1753600094604,07:08:14.604,binance,AERGO/USDT:USDT,0.13338,2914.0,0.13337,845.0,0.13343,682.0,0.13344,1488.0
1753600094714,07:08:14.714,binance,AERGO/USDT:USDT,0.13338,206.0,0.13337,845.0,0.13342,2708.0,0.13343,682.0
1753600094815,07:08:14.815,binance,AERGO/USDT:USDT,0.13338,206.0,0.13337,845.0,0.13342,2708.0,0.13343,682.0
1753600095001,07:08:15.001,binance,AERGO/USDT:USDT,0.13338,206.0,0.13337,845.0,0.13342,2708.0,0.13343,682.0
1753600095298,07:08:15.298,binance,AERGO/USDT:USDT,0.1334,346.0,0.13338,330.0,0.13342,2708.0,0.13343,682.0
1753600095416,07:08:15.416,binance,AERGO/USDT:USDT,0.1334,346.0,0.13339,1743.0,0.13342,2708.0,0.13343,682.0
1753600095607,07:08:15.607,binance,AERGO/USDT:USDT,0.1334,346.0,0.13339,1743.0,0.13342,2708.0,0.13343,682.0
1753600095748,07:08:15.748,binance,AERGO/USDT:USDT,0.1334,346.0,0.13339,1743.0,0.13342,2708.0,0.13343,682.0
1753600095851,07:08:15.851,binance,AERGO/USDT:USDT,0.1334,346.0,0.13339,1743.0,0.13342,2708.0,0.13343,682.0
1753600096619,07:08:16.619,binance,AERGO/USDT:USDT,0.1334,346.0,0.13339,1743.0,0.13342,2633.0,0.13343,682.0
1753600097144,07:08:17.144,binance,AERGO/USDT:USDT,0.1334,346.0,0.13339,1743.0,0.13342,2633.0,0.13343,682.0
1753600097602,07:08:17.602,binance,AERGO/USDT:USDT,0.1334,346.0,0.13339,1743.0,0.13342,2633.0,0.13343,682.0
1753600098202,07:08:18.202,binance,AERGO/USDT:USDT,0.1334,346.0,0.13339,1743.0,0.13342,2633.0,0.13343,682.0
1753600099163,07:08:19.163,binance,AERGO/USDT:USDT,0.1334,346.0,0.13339,1743.0,0.13342,2633.0,0.13343,682.0
1753600099333,07:08:19.333,binance,AERGO/USDT:USDT,0.1334,346.0,0.13339,1743.0,0.13342,2633.0,0.13343,682.0
1753600099538,07:08:19.538,binance,AERGO/USDT:USDT,0.1334,346.0,0.13339,1743.0,0.13342,2633.0,0.13343,682.0
1753600099757,07:08:19.757,binance,AERGO/USDT:USDT,0.1334,346.0,0.13339,1743.0,0.13342,2633.0,0.13343,682.0
1753600100037,07:08:20.037,binance,AERGO/USDT:USDT,0.1334,346.0,0.13339,1743.0,0.13342,2633.0,0.13343,682.0
1753600100444,07:08:20.444,binance,AERGO/USDT:USDT,0.1334,346.0,0.13339,1743.0,0.13342,2633.0,0.13343,682.0
1753600101002,07:08:21.002,binance,AERGO/USDT:USDT,0.1334,346.0,0.13339,1743.0,0.13342,2633.0,0.13343,682.0
1753600101553,07:08:21.553,binance,AERGO/USDT:USDT,0.1334,346.0,0.13339,1743.0,0.13342,2633.0,0.13343,682.0
1753600101701,07:08:21.701,binance,AERGO/USDT:USDT,0.1334,346.0,0.13339,1743.0,0.13342,2633.0,0.13343,682.0
1753600102132,07:08:22.132,binance,AERGO/USDT:USDT,0.1334,346.0,0.13339,1743.0,0.13342,2633.0,0.13343,682.0
1753600102301,07:08:22.301,binance,AERGO/USDT:USDT,0.1334,346.0,0.13339,1743.0,0.13342,2633.0,0.13343,682.0
1753600102402,07:08:22.402,binance,AERGO/USDT:USDT,0.1334,346.0,0.13339,1743.0,0.13342,2682.0,0.13343,682.0
1753600102627,07:08:22.627,binance,AERGO/USDT:USDT,0.1334,346.0,0.13339,1743.0,0.13342,2682.0,0.13343,682.0
1753600102802,07:08:22.802,binance,AERGO/USDT:USDT,0.1334,346.0,0.13339,1743.0,0.13342,2682.0,0.13343,682.0
1753600103402,07:08:23.402,binance,AERGO/USDT:USDT,0.1334,346.0,0.13339,1743.0,0.13342,2682.0,0.13343,682.0
1753600103535,07:08:23.535,binance,AERGO/USDT:USDT,0.1334,346.0,0.13339,1743.0,0.13342,2682.0,0.13343,682.0
1753600103837,07:08:23.837,binance,AERGO/USDT:USDT,0.1334,346.0,0.13339,1743.0,0.13342,2682.0,0.13343,682.0
1753600104053,07:08:24.053,binance,AERGO/USDT:USDT,0.1334,346.0,0.13339,1743.0,0.13342,2682.0,0.13343,682.0
1753600105102,07:08:25.102,binance,AERGO/USDT:USDT,0.1334,346.0,0.13339,1743.0,0.13342,2682.0,0.13343,682.0
1753600105702,07:08:25.702,binance,AERGO/USDT:USDT,0.1334,346.0,0.13339,1743.0,0.13342,2682.0,0.13343,682.0
1753600106302,07:08:26.302,binance,AERGO/USDT:USDT,0.1334,346.0,0.13339,1743.0,0.13342,2682.0,0.13343,682.0
1753600106642,07:08:26.642,binance,AERGO/USDT:USDT,0.13339,1101.0,0.13338,330.0,0.13342,2682.0,0.13343,682.0
1753600106745,07:08:26.745,binance,AERGO/USDT:USDT,0.13339,1101.0,0.13338,330.0,0.13342,2682.0,0.13343,682.0
1753600107302,07:08:27.302,binance,AERGO/USDT:USDT,0.13339,1101.0,0.13338,330.0,0.13342,2682.0,0.13343,682.0
1753600107414,07:08:27.414,binance,AERGO/USDT:USDT,0.13339,1101.0,0.13338,330.0,0.13342,2736.0,0.13343,682.0
1753600107738,07:08:27.738,binance,AERGO/USDT:USDT,0.13339,1101.0,0.13338,330.0,0.13342,2736.0,0.13343,682.0
1753600107844,07:08:27.844,binance,AERGO/USDT:USDT,0.13339,1101.0,0.13338,330.0,0.13342,2736.0,0.13343,682.0
1753600107957,07:08:27.957,binance,AERGO/USDT:USDT,0.13339,1101.0,0.13338,330.0,0.13342,2736.0,0.13343,682.0
1753600108135,07:08:28.135,binance,AERGO/USDT:USDT,0.13337,515.0,0.13336,330.0,0.1334,2768.0,0.13341,49.0
1753600108238,07:08:28.238,binance,AERGO/USDT:USDT,0.13337,515.0,0.13336,330.0,0.1334,2817.0,0.13342,3018.0
1753600108341,07:08:28.341,binance,AERGO/USDT:USDT,0.13337,515.0,0.13336,330.0,0.1334,2817.0,0.13342,3018.0
1753600108448,07:08:28.448,binance,AERGO/USDT:USDT,0.13337,515.0,0.13336,330.0,0.1334,2817.0,0.13342,3018.0
1753600108732,07:08:28.732,binance,AERGO/USDT:USDT,0.13337,515.0,0.13336,330.0,0.1334,2817.0,0.13342,3018.0
1753600109035,07:08:29.035,binance,AERGO/USDT:USDT,0.13337,515.0,0.13336,2546.0,0.1334,2817.0,0.13342,3018.0
1753600109205,07:08:29.205,binance,AERGO/USDT:USDT,0.13337,515.0,0.13336,2546.0,0.1334,2817.0,0.13342,3018.0
1753600109401,07:08:29.401,binance,AERGO/USDT:USDT,0.13339,95.0,0.13337,639.0,0.1334,2817.0,0.13342,3018.0
1753600109602,07:08:29.602,binance,AERGO/USDT:USDT,0.13339,95.0,0.13337,639.0,0.1334,2817.0,0.13342,3018.0
1753600109802,07:08:29.802,binance,AERGO/USDT:USDT,0.13339,95.0,0.13337,639.0,0.1334,2817.0,0.13342,3018.0
1753600110019,07:08:30.019,binance,AERGO/USDT:USDT,0.13339,95.0,0.13338,2216.0,0.1334,2817.0,0.13342,3018.0
1753600110802,07:08:30.802,binance,AERGO/USDT:USDT,0.13339,95.0,0.13338,2216.0,0.1334,2817.0,0.13342,3018.0
1753600111402,07:08:31.402,binance,AERGO/USDT:USDT,0.13339,95.0,0.13338,2216.0,0.1334,2817.0,0.13342,3018.0
1753600111744,07:08:31.744,binance,AERGO/USDT:USDT,0.13339,95.0,0.13338,2216.0,0.1334,2817.0,0.13342,3018.0
1753600112003,07:08:32.003,binance,AERGO/USDT:USDT,0.13339,95.0,0.13338,2216.0,0.1334,2817.0,0.13342,3018.0
1753600112137,07:08:32.137,binance,AERGO/USDT:USDT,0.13339,95.0,0.13338,2216.0,0.1334,2817.0,0.13342,3018.0
1753600112437,07:08:32.437,binance,AERGO/USDT:USDT,0.13339,95.0,0.13338,2216.0,0.1334,2817.0,0.13342,3018.0
1753600112830,07:08:32.830,binance,AERGO/USDT:USDT,0.13339,285.0,0.13338,2216.0,0.1334,2817.0,0.13342,3018.0
1753600113202,07:08:33.202,binance,AERGO/USDT:USDT,0.13339,803.0,0.13338,2216.0,0.1334,49.0,0.13342,3018.0
1753600113802,07:08:33.802,binance,AERGO/USDT:USDT,0.13339,803.0,0.13338,2216.0,0.1334,49.0,0.13342,3018.0
1753600114134,07:08:34.134,binance,AERGO/USDT:USDT,0.13342,207.0,0.13341,331.0,0.13347,3459.0,0.13348,3500.0
1753600114237,07:08:34.237,binance,AERGO/USDT:USDT,0.13342,207.0,0.13341,3226.0,0.13347,3459.0,0.13348,323.0
1753600114343,07:08:34.343,binance,AERGO/USDT:USDT,0.13344,529.0,0.13342,274.0,0.13347,3459.0,0.13348,323.0
1753600114446,07:08:34.446,binance,AERGO/USDT:USDT,0.13344,529.0,0.13342,274.0,0.13347,3459.0,0.13348,323.0
1753600114548,07:08:34.548,binance,AERGO/USDT:USDT,0.13344,529.0,0.13342,398.0,0.13347,3459.0,0.13348,323.0
1753600114674,07:08:34.674,binance,AERGO/USDT:USDT,0.13344,529.0,0.13342,398.0,0.13347,3459.0,0.13348,323.0
1753600114802,07:08:34.802,binance,AERGO/USDT:USDT,0.13344,529.0,0.13342,398.0,0.13347,3459.0,0.13348,323.0
1753600114919,07:08:34.919,binance,AERGO/USDT:USDT,0.13344,529.0,0.13342,398.0,0.13347,3459.0,0.13348,323.0
1753600115349,07:08:35.349,binance,AERGO/USDT:USDT,0.13344,529.0,0.13343,2216.0,0.13347,3459.0,0.13348,323.0
1753600115501,07:08:35.501,binance,AERGO/USDT:USDT,0.13344,529.0,0.13343,2216.0,0.13347,3459.0,0.13348,323.0
1753600115923,07:08:35.923,binance,AERGO/USDT:USDT,0.13344,529.0,0.13343,2216.0,0.13347,3459.0,0.13348,323.0
1753600116067,07:08:36.067,binance,AERGO/USDT:USDT,0.13344,529.0,0.13343,2216.0,0.13347,3459.0,0.13348,323.0
1753600116302,07:08:36.302,binance,AERGO/USDT:USDT,0.13344,529.0,0.13343,2216.0,0.13347,3459.0,0.13348,323.0
1753600116902,07:08:36.902,binance,AERGO/USDT:USDT,0.13344,529.0,0.13343,2216.0,0.13347,3459.0,0.13348,323.0
1753600117502,07:08:37.502,binance,AERGO/USDT:USDT,0.13345,3308.0,0.13344,736.0,0.13349,375.0,0.1335,376.0
1753600117608,07:08:37.608,binance,AERGO/USDT:USDT,0.13345,3308.0,0.13344,736.0,0.13349,375.0,0.1335,376.0
1753600117848,07:08:37.848,binance,AERGO/USDT:USDT,0.13345,3308.0,0.13344,736.0,0.13349,375.0,0.1335,376.0
1753600118053,07:08:38.053,binance,AERGO/USDT:USDT,0.13345,3308.0,0.13344,736.0,0.13349,375.0,0.1335,376.0
1753600118202,07:08:38.202,binance,AERGO/USDT:USDT,0.13345,3308.0,0.13344,736.0,0.13349,375.0,0.1335,376.0
1753600118602,07:08:38.602,binance,AERGO/USDT:USDT,0.13345,3308.0,0.13344,736.0,0.13349,375.0,0.1335,376.0
1753600119659,07:08:39.659,binance,AERGO/USDT:USDT,0.13345,3308.0,0.13344,736.0,0.13349,375.0,0.1335,376.0
1753600119776,07:08:39.776,binance,AERGO/USDT:USDT,0.13345,3308.0,0.13344,736.0,0.13349,375.0,0.1335,376.0
1753600119901,07:08:39.901,binance,AERGO/USDT:USDT,0.13345,3308.0,0.13344,736.0,0.13349,375.0,0.1335,376.0
1753600120614,07:08:40.614,binance,AERGO/USDT:USDT,0.13345,3308.0,0.13344,736.0,0.13349,375.0,0.1335,376.0
1753600120720,07:08:40.720,binance,AERGO/USDT:USDT,0.13345,3308.0,0.13344,736.0,0.13349,375.0,0.1335,376.0
1753600121002,07:08:41.002,binance,AERGO/USDT:USDT,0.13345,3308.0,0.13344,736.0,0.13349,375.0,0.1335,376.0
1753600121299,07:08:41.299,binance,AERGO/USDT:USDT,0.13345,3308.0,0.13344,736.0,0.13349,375.0,0.1335,2294.0
1753600121705,07:08:41.705,binance,AERGO/USDT:USDT,0.13345,3308.0,0.13344,736.0,0.13349,375.0,0.1335,2294.0
1753600122902,07:08:42.902,binance,AERGO/USDT:USDT,0.13345,3308.0,0.13344,736.0,0.13349,375.0,0.1335,2294.0
1753600123012,07:08:43.012,binance,AERGO/USDT:USDT,0.13345,3308.0,0.13344,736.0,0.13349,375.0,0.1335,2294.0
1753600123119,07:08:43.119,binance,AERGO/USDT:USDT,0.13347,64.0,0.13345,3308.0,0.13349,375.0,0.1335,2294.0
1753600123339,07:08:43.339,binance,AERGO/USDT:USDT,0.13347,64.0,0.13345,3308.0,0.13349,375.0,0.1335,2294.0
1753600123506,07:08:43.506,binance,AERGO/USDT:USDT,0.13347,64.0,0.13345,3308.0,0.13349,375.0,0.1335,2294.0
1753600124102,07:08:44.102,binance,AERGO/USDT:USDT,0.13347,64.0,0.13345,3308.0,0.13349,375.0,0.1335,2294.0
1753600124702,07:08:44.702,binance,AERGO/USDT:USDT,0.13347,64.0,0.13345,3308.0,0.13349,375.0,0.1335,2294.0
1753600125233,07:08:45.233,binance,AERGO/USDT:USDT,0.13347,64.0,0.13345,3308.0,0.13349,375.0,0.1335,2294.0
1753600125505,07:08:45.505,binance,AERGO/USDT:USDT,0.13347,64.0,0.13345,3308.0,0.13349,375.0,0.1335,2294.0
1753600125608,07:08:45.608,binance,AERGO/USDT:USDT,0.13347,64.0,0.13345,3308.0,0.13349,375.0,0.1335,2294.0
1753600127402,07:08:47.402,binance,AERGO/USDT:USDT,0.13347,64.0,0.13345,3308.0,0.13349,375.0,0.1335,2294.0
1753600127924,07:08:47.924,binance,AERGO/USDT:USDT,0.13347,64.0,0.13345,3308.0,0.13349,375.0,0.1335,2294.0
1753600128463,07:08:48.463,binance,AERGO/USDT:USDT,0.13347,64.0,0.13345,3308.0,0.13349,375.0,0.1335,2294.0
1753600128973,07:08:48.973,binance,AERGO/USDT:USDT,0.13347,64.0,0.13345,3308.0,0.13349,375.0,0.1335,2294.0
1753600129534,07:08:49.534,binance,AERGO/USDT:USDT,0.13347,64.0,0.13345,3308.0,0.13349,375.0,0.1335,2294.0
1753600130083,07:08:50.083,binance,AERGO/USDT:USDT,0.13347,64.0,0.13345,3308.0,0.13349,375.0,0.1335,2294.0
1753600130499,07:08:50.499,binance,AERGO/USDT:USDT,0.13347,64.0,0.13345,3308.0,0.13349,375.0,0.1335,2294.0
1753600130633,07:08:50.633,binance,AERGO/USDT:USDT,0.13347,64.0,0.13345,3308.0,0.13349,375.0,0.1335,2294.0
1753600131172,07:08:51.172,binance,AERGO/USDT:USDT,0.13347,64.0,0.13345,3308.0,0.13349,375.0,0.1335,2294.0
1753600131446,07:08:51.446,binance,AERGO/USDT:USDT,0.13347,64.0,0.13345,3308.0,0.13349,375.0,0.1335,2294.0
1753600131693,07:08:51.693,binance,AERGO/USDT:USDT,0.13347,64.0,0.13345,3308.0,0.13349,375.0,0.1335,2294.0
1753600132203,07:08:52.203,binance,AERGO/USDT:USDT,0.13347,64.0,0.13345,3308.0,0.13349,375.0,0.1335,2294.0
1753600132401,07:08:52.401,binance,AERGO/USDT:USDT,0.13347,64.0,0.13345,3308.0,0.13349,375.0,0.1335,2294.0
1753600132909,07:08:52.909,binance,AERGO/USDT:USDT,0.13347,64.0,0.13345,3308.0,0.13349,375.0,0.1335,2294.0
1753600133302,07:08:53.302,binance,AERGO/USDT:USDT,0.13347,64.0,0.13345,3308.0,0.13349,375.0,0.1335,2294.0
1753600133415,07:08:53.415,binance,AERGO/USDT:USDT,0.13347,159.0,0.13345,3308.0,0.13349,375.0,0.1335,2294.0
1753600133787,07:08:53.787,binance,AERGO/USDT:USDT,0.13347,159.0,0.13346,2216.0,0.13349,375.0,0.1335,2095.0
1753600133923,07:08:53.923,binance,AERGO/USDT:USDT,0.13347,159.0,0.13346,2216.0,0.13349,375.0,0.1335,177.0
1753600134302,07:08:54.302,binance,AERGO/USDT:USDT,0.13347,159.0,0.13346,2216.0,0.13349,375.0,0.1335,177.0
1753600134902,07:08:54.902,binance,AERGO/USDT:USDT,0.13347,159.0,0.13346,2216.0,0.13349,375.0,0.1335,177.0
1753600135005,07:08:55.005,binance,AERGO/USDT:USDT,0.13347,159.0,0.13346,2216.0,0.13349,375.0,0.1335,177.0
1753600136102,07:08:56.102,binance,AERGO/USDT:USDT,0.13347,159.0,0.13346,2216.0,0.13349,375.0,0.1335,177.0
1753600136702,07:08:56.702,binance,AERGO/USDT:USDT,0.13347,159.0,0.13346,2216.0,0.13349,375.0,0.1335,177.0
1753600137302,07:08:57.302,binance,AERGO/USDT:USDT,0.13347,159.0,0.13346,2216.0,0.13349,375.0,0.1335,177.0
1753600139402,07:08:59.402,binance,AERGO/USDT:USDT,0.13348,977.0,0.13347,159.0,0.13349,251.0,0.1335,177.0
1753600139505,07:08:59.505,binance,AERGO/USDT:USDT,0.13347,159.0,0.13346,2216.0,0.13349,251.0,0.1335,177.0
1753600139724,07:08:59.724,binance,AERGO/USDT:USDT,0.13347,159.0,0.13346,2216.0,0.13349,251.0,0.1335,177.0
1753600139829,07:08:59.829,binance,AERGO/USDT:USDT,0.13347,159.0,0.13346,2216.0,0.13349,251.0,0.1335,177.0
1753600140033,07:09:00.033,binance,AERGO/USDT:USDT,0.13347,159.0,0.13346,2216.0,0.13349,251.0,0.1335,177.0
1753600140137,07:09:00.137,binance,AERGO/USDT:USDT,0.13347,159.0,0.13346,2216.0,0.13349,251.0,0.1335,177.0
1753600140571,07:09:00.571,binance,AERGO/USDT:USDT,0.13347,159.0,0.13346,2216.0,0.13349,251.0,0.1335,177.0
1753600140673,07:09:00.673,binance,AERGO/USDT:USDT,0.13347,159.0,0.13346,2216.0,0.13349,251.0,0.1335,177.0
1753600141202,07:09:01.202,binance,AERGO/USDT:USDT,0.13347,159.0,0.13346,2216.0,0.13349,251.0,0.1335,177.0
1753600141435,07:09:01.435,binance,AERGO/USDT:USDT,0.13348,95.0,0.13347,159.0,0.13349,251.0,0.1335,177.0
1753600141802,07:09:01.802,binance,AERGO/USDT:USDT,0.13348,95.0,0.13347,159.0,0.13349,251.0,0.1335,177.0
1753600142002,07:09:02.002,binance,AERGO/USDT:USDT,0.1335,2750.0,0.13349,209.0,0.13353,248.0,0.13354,124.0
1753600142105,07:09:02.105,binance,AERGO/USDT:USDT,0.1335,2750.0,0.13349,2425.0,0.13353,248.0,0.13354,124.0
1753600142208,07:09:02.208,binance,AERGO/USDT:USDT,0.1335,2750.0,0.13349,209.0,0.13353,248.0,0.13354,124.0
1753600142349,07:09:02.349,binance,AERGO/USDT:USDT,0.1335,2750.0,0.13349,209.0,0.13353,248.0,0.13354,124.0
1753600142640,07:09:02.640,binance,AERGO/USDT:USDT,0.1335,2750.0,0.13349,209.0,0.13353,248.0,0.13354,124.0
1753600142786,07:09:02.786,binance,AERGO/USDT:USDT,0.1335,2750.0,0.13349,209.0,0.13353,248.0,0.13354,124.0
1753600142946,07:09:02.946,binance,AERGO/USDT:USDT,0.1335,2750.0,0.13349,209.0,0.13353,248.0,0.13354,124.0
1753600143148,07:09:03.148,binance,AERGO/USDT:USDT,0.1335,2750.0,0.13349,209.0,0.13353,248.0,0.13354,124.0
1753600143497,07:09:03.497,binance,AERGO/USDT:USDT,0.1335,2750.0,0.13349,209.0,0.13353,248.0,0.13354,124.0
1753600143752,07:09:03.752,binance,AERGO/USDT:USDT,0.1335,2750.0,0.13349,209.0,0.13353,248.0,0.13354,124.0
1753600144102,07:09:04.102,binance,AERGO/USDT:USDT,0.1335,2750.0,0.13349,209.0,0.13353,248.0,0.13354,124.0
1753600144414,07:09:04.414,binance,AERGO/USDT:USDT,0.1335,2827.0,0.13349,209.0,0.13353,248.0,0.13354,124.0
1753600144686,07:09:04.686,binance,AERGO/USDT:USDT,0.1335,2827.0,0.13349,209.0,0.13353,248.0,0.13354,124.0
1753600144801,07:09:04.801,binance,AERGO/USDT:USDT,0.1335,2827.0,0.13349,209.0,0.13353,248.0,0.13354,124.0
1753600145063,07:09:05.063,binance,AERGO/USDT:USDT,0.1335,2827.0,0.13349,209.0,0.13353,248.0,0.13354,124.0
1753600145202,07:09:05.202,binance,AERGO/USDT:USDT,0.1335,2827.0,0.13349,209.0,0.13353,248.0,0.13354,124.0
1753600145468,07:09:05.468,binance,AERGO/USDT:USDT,0.1335,2827.0,0.13349,209.0,0.13353,248.0,0.13354,124.0
1753600145607,07:09:05.607,binance,AERGO/USDT:USDT,0.1335,2827.0,0.13349,209.0,0.13353,248.0,0.13354,124.0
1753600145708,07:09:05.708,binance,AERGO/USDT:USDT,0.1335,2827.0,0.13349,209.0,0.13353,248.0,0.13354,124.0
1753600146218,07:09:06.218,binance,AERGO/USDT:USDT,0.1335,2827.0,0.13349,209.0,0.13353,248.0,0.13354,124.0
1753600146402,07:09:06.402,binance,AERGO/USDT:USDT,0.1335,2827.0,0.13349,209.0,0.13353,248.0,0.13354,124.0
1753600147207,07:09:07.207,binance,AERGO/USDT:USDT,0.13353,2750.0,0.13352,208.0,0.13357,124.0,0.13358,333.0
1753600147309,07:09:07.309,binance,AERGO/USDT:USDT,0.13353,2750.0,0.13352,261.0,0.13357,124.0,0.13358,333.0
1753600147412,07:09:07.412,binance,AERGO/USDT:USDT,0.13353,2750.0,0.13352,261.0,0.13357,124.0,0.13358,333.0
1753600147593,07:09:07.593,binance,AERGO/USDT:USDT,0.13353,2750.0,0.13352,261.0,0.13357,124.0,0.13358,333.0
1753600147769,07:09:07.769,binance,AERGO/USDT:USDT,0.13353,2750.0,0.13352,261.0,0.13357,124.0,0.13358,333.0
1753600147902,07:09:07.902,binance,AERGO/USDT:USDT,0.13353,2750.0,0.13352,261.0,0.13357,124.0,0.13358,333.0
1753600148349,07:09:08.349,binance,AERGO/USDT:USDT,0.13353,2750.0,0.13352,261.0,0.13357,124.0,0.13358,333.0
1753600148874,07:09:08.874,binance,AERGO/USDT:USDT,0.13353,2750.0,0.13352,261.0,0.13357,124.0,0.13358,333.0
1753600149002,07:09:09.002,binance,AERGO/USDT:USDT,0.13353,2750.0,0.13352,261.0,0.13357,124.0,0.13358,333.0
1753600149132,07:09:09.132,binance,AERGO/USDT:USDT,0.13353,2750.0,0.13352,261.0,0.13357,124.0,0.13358,333.0
1753600149439,07:09:09.439,binance,AERGO/USDT:USDT,0.13353,2750.0,0.13352,261.0,0.13357,124.0,0.13358,333.0
1753600149703,07:09:09.703,binance,AERGO/USDT:USDT,0.13353,2750.0,0.13352,261.0,0.13357,124.0,0.13358,333.0
1753600149903,07:09:09.903,binance,AERGO/USDT:USDT,0.13353,2750.0,0.13352,261.0,0.13357,124.0,0.13358,333.0
1753600150713,07:09:10.713,binance,AERGO/USDT:USDT,0.13353,2750.0,0.13352,261.0,0.13357,124.0,0.13358,333.0
1753600150815,07:09:10.815,binance,AERGO/USDT:USDT,0.13353,2750.0,0.13352,261.0,0.13357,124.0,0.13358,333.0
1753600151052,07:09:11.052,binance,AERGO/USDT:USDT,0.13353,2750.0,0.13352,261.0,0.13357,124.0,0.13358,333.0
1753600151402,07:09:11.402,binance,AERGO/USDT:USDT,0.13353,2750.0,0.13352,261.0,0.13357,124.0,0.13358,333.0
1753600151612,07:09:11.612,binance,AERGO/USDT:USDT,0.13354,2760.0,0.13353,277.0,0.13357,124.0,0.13358,333.0
1753600151856,07:09:11.856,binance,AERGO/USDT:USDT,0.13354,2760.0,0.13353,277.0,0.13357,124.0,0.13358,333.0
1753600152077,07:09:12.077,binance,AERGO/USDT:USDT,0.13354,2760.0,0.13353,277.0,0.13357,124.0,0.13358,333.0
1753600152183,07:09:12.183,binance,AERGO/USDT:USDT,0.13354,2760.0,0.13353,277.0,0.13357,124.0,0.13358,333.0
1753600152298,07:09:12.298,binance,AERGO/USDT:USDT,0.13354,2760.0,0.13353,277.0,0.13357,124.0,0.13358,333.0
1753600152702,07:09:12.702,binance,AERGO/USDT:USDT,0.13354,2760.0,0.13353,277.0,0.13357,124.0,0.13358,333.0
1753600152808,07:09:12.808,binance,AERGO/USDT:USDT,0.13354,2760.0,0.13353,277.0,0.13357,124.0,0.13358,333.0
1753600153034,07:09:13.034,binance,AERGO/USDT:USDT,0.13354,2760.0,0.13353,277.0,0.13357,124.0,0.13358,333.0
1753600153303,07:09:13.303,binance,AERGO/USDT:USDT,0.13354,2760.0,0.13353,277.0,0.13357,124.0,0.13358,333.0
1753600153757,07:09:13.757,binance,AERGO/USDT:USDT,0.13354,2760.0,0.13353,277.0,0.13357,124.0,0.13358,333.0
1753600153866,07:09:13.866,binance,AERGO/USDT:USDT,0.13354,2760.0,0.13353,277.0,0.13357,124.0,0.13358,333.0
1753600154329,07:09:14.329,binance,AERGO/USDT:USDT,0.13354,2760.0,0.13353,277.0,0.13357,172.0,0.13358,333.0
1753600154893,07:09:14.893,binance,AERGO/USDT:USDT,0.13354,2760.0,0.13353,277.0,0.13357,172.0,0.13358,333.0
1753600155001,07:09:15.001,binance,AERGO/USDT:USDT,0.13354,2760.0,0.13353,277.0,0.13357,172.0,0.13358,333.0
1753600155402,07:09:15.402,binance,AERGO/USDT:USDT,0.13354,2760.0,0.13353,277.0,0.13357,172.0,0.13358,333.0
1753600155632,07:09:15.632,binance,AERGO/USDT:USDT,0.13354,2760.0,0.13353,277.0,0.13357,172.0,0.13358,333.0
1753600155751,07:09:15.751,binance,AERGO/USDT:USDT,0.13354,2760.0,0.13353,277.0,0.13357,172.0,0.13358,333.0
1753600156260,07:09:16.260,binance,AERGO/USDT:USDT,0.13354,2760.0,0.13353,277.0,0.13357,172.0,0.13358,333.0
1753600156568,07:09:16.568,binance,AERGO/USDT:USDT,0.13354,2760.0,0.13353,277.0,0.13357,172.0,0.13358,333.0
1753600156673,07:09:16.673,binance,AERGO/USDT:USDT,0.13354,2760.0,0.13353,277.0,0.13357,172.0,0.13358,333.0
1753600156778,07:09:16.778,binance,AERGO/USDT:USDT,0.13354,2760.0,0.13353,277.0,0.13357,172.0,0.13358,333.0
1753600157195,07:09:17.195,binance,AERGO/USDT:USDT,0.13354,2760.0,0.13353,277.0,0.13357,172.0,0.13358,333.0
1753600157301,07:09:17.301,binance,AERGO/USDT:USDT,0.13354,2760.0,0.13353,277.0,0.13357,172.0,0.13358,333.0
1753600157408,07:09:17.408,binance,AERGO/USDT:USDT,0.13354,2760.0,0.13353,277.0,0.13357,172.0,0.13358,333.0
1753600157517,07:09:17.517,binance,AERGO/USDT:USDT,0.13354,2760.0,0.13353,277.0,0.13357,172.0,0.13358,333.0
1753600157702,07:09:17.702,binance,AERGO/USDT:USDT,0.13354,2760.0,0.13353,277.0,0.13357,172.0,0.13358,333.0
1753600157897,07:09:17.897,binance,AERGO/USDT:USDT,0.13354,2760.0,0.13353,277.0,0.13357,221.0,0.13358,333.0
1753600158401,07:09:18.401,binance,AERGO/USDT:USDT,0.13354,2760.0,0.13353,277.0,0.13357,221.0,0.13358,333.0
1753600158515,07:09:18.515,binance,AERGO/USDT:USDT,0.13354,2760.0,0.13353,485.0,0.13358,333.0,0.13359,633.0
1753600158653,07:09:18.653,binance,AERGO/USDT:USDT,0.13354,2760.0,0.13353,609.0,0.13358,333.0,0.13359,633.0
1753600158765,07:09:18.765,binance,AERGO/USDT:USDT,0.13354,2760.0,0.13353,609.0,0.13358,333.0,0.13359,633.0
1753600159003,07:09:19.003,binance,AERGO/USDT:USDT,0.13354,2760.0,0.13353,609.0,0.13358,333.0,0.13359,633.0
1753600159187,07:09:19.187,binance,AERGO/USDT:USDT,0.13354,2760.0,0.13353,609.0,0.13358,333.0,0.13359,633.0
1753600159401,07:09:19.401,binance,AERGO/USDT:USDT,0.13354,2760.0,0.13353,609.0,0.13358,333.0,0.13359,633.0
1753600159802,07:09:19.802,binance,AERGO/USDT:USDT,0.13354,2760.0,0.13353,609.0,0.13358,333.0,0.13359,633.0
1753600160383,07:09:20.383,binance,AERGO/USDT:USDT,0.13355,2716.0,0.13354,299.0,0.13358,333.0,0.13359,633.0
1753600160485,07:09:20.485,binance,AERGO/USDT:USDT,0.13355,2716.0,0.13354,299.0,0.13358,333.0,0.13359,633.0
1753600160664,07:09:20.664,binance,AERGO/USDT:USDT,0.13355,2716.0,0.13354,299.0,0.13358,333.0,0.13359,633.0
1753600160924,07:09:20.924,binance,AERGO/USDT:USDT,0.13355,2716.0,0.13354,299.0,0.13358,333.0,0.13359,633.0
1753600161102,07:09:21.102,binance,AERGO/USDT:USDT,0.13355,2716.0,0.13354,299.0,0.13358,333.0,0.13359,633.0
1753600161502,07:09:21.502,binance,AERGO/USDT:USDT,0.13355,2716.0,0.13354,299.0,0.13358,333.0,0.13359,633.0
1753600161654,07:09:21.654,binance,AERGO/USDT:USDT,0.13355,2716.0,0.13354,299.0,0.13358,333.0,0.13359,633.0
1753600161927,07:09:21.927,binance,AERGO/USDT:USDT,0.13355,2716.0,0.13354,299.0,0.13358,333.0,0.13359,633.0
1753600162102,07:09:22.102,binance,AERGO/USDT:USDT,0.13355,2716.0,0.13354,299.0,0.13358,333.0,0.13359,633.0
1753600162205,07:09:22.205,binance,AERGO/USDT:USDT,0.13355,2716.0,0.13354,299.0,0.13358,333.0,0.13359,633.0
1753600162415,07:09:22.415,binance,AERGO/USDT:USDT,0.13355,2716.0,0.13354,299.0,0.13358,333.0,0.13359,633.0
1753600162644,07:09:22.644,binance,AERGO/USDT:USDT,0.13355,2716.0,0.13354,299.0,0.13358,333.0,0.13359,633.0
1753600162754,07:09:22.754,binance,AERGO/USDT:USDT,0.13355,2716.0,0.13354,299.0,0.13358,333.0,0.13359,633.0
1753600162914,07:09:22.914,binance,AERGO/USDT:USDT,0.13355,2716.0,0.13354,299.0,0.13358,333.0,0.13359,633.0
1753600163075,07:09:23.075,binance,AERGO/USDT:USDT,0.13355,2716.0,0.13354,299.0,0.13358,333.0,0.13359,633.0
1753600163701,07:09:23.701,binance,AERGO/USDT:USDT,0.13355,2716.0,0.13354,299.0,0.13358,333.0,0.13359,633.0
1753600164227,07:09:24.227,binance,AERGO/USDT:USDT,0.13355,2716.0,0.13354,299.0,0.13358,333.0,0.13359,633.0
1753600164445,07:09:24.445,binance,AERGO/USDT:USDT,0.13355,2716.0,0.13354,299.0,0.13358,333.0,0.13359,633.0
1753600164555,07:09:24.555,binance,AERGO/USDT:USDT,0.13355,2716.0,0.13354,299.0,0.13358,333.0,0.13359,633.0
1753600164703,07:09:24.703,binance,AERGO/USDT:USDT,0.13355,2716.0,0.13354,299.0,0.13358,333.0,0.13359,633.0
1753600164825,07:09:24.825,binance,AERGO/USDT:USDT,0.13355,2716.0,0.13354,299.0,0.13358,333.0,0.13359,633.0
1753600165302,07:09:25.302,binance,AERGO/USDT:USDT,0.13355,2716.0,0.13354,299.0,0.13358,333.0,0.13359,633.0
1753600165472,07:09:25.472,binance,AERGO/USDT:USDT,0.13355,2716.0,0.13354,489.0,0.13358,333.0,0.13359,633.0
1753600165902,07:09:25.902,binance,AERGO/USDT:USDT,0.13355,2716.0,0.13354,489.0,0.13358,333.0,0.13359,633.0
1753600166027,07:09:26.027,binance,AERGO/USDT:USDT,0.13355,2716.0,0.13354,489.0,0.13358,333.0,0.13359,633.0
1753600166286,07:09:26.286,binance,AERGO/USDT:USDT,0.13355,2716.0,0.13354,489.0,0.13358,333.0,0.13359,633.0
1753600166635,07:09:26.635,binance,AERGO/USDT:USDT,0.13355,2716.0,0.13354,489.0,0.13358,333.0,0.13359,633.0
1753600167202,07:09:27.202,binance,AERGO/USDT:USDT,0.13355,2716.0,0.13354,489.0,0.13358,333.0,0.13359,633.0
1753600169002,07:09:29.002,binance,AERGO/USDT:USDT,0.13355,2716.0,0.13354,489.0,0.13358,333.0,0.13359,633.0
1753600169284,07:09:29.284,binance,AERGO/USDT:USDT,0.13355,2716.0,0.13354,489.0,0.13358,333.0,0.13359,633.0
1753600169390,07:09:29.390,binance,AERGO/USDT:USDT,0.13355,2716.0,0.13354,489.0,0.13358,333.0,0.13359,633.0
1753600170205,07:09:30.205,binance,AERGO/USDT:USDT,0.13355,2716.0,0.13354,489.0,0.13358,333.0,0.13359,633.0
1753600170765,07:09:30.765,binance,AERGO/USDT:USDT,0.13356,281.0,0.13355,2716.0,0.13358,124.0,0.13359,633.0
1753600170890,07:09:30.890,binance,AERGO/USDT:USDT,0.13356,281.0,0.13355,2716.0,0.13358,124.0,0.13359,633.0
1753600171083,07:09:31.083,binance,AERGO/USDT:USDT,0.13356,281.0,0.13355,2716.0,0.13358,124.0,0.13359,633.0
1753600172102,07:09:32.102,binance,AERGO/USDT:USDT,0.13357,577.0,0.13356,281.0,0.13358,124.0,0.13359,633.0
1753600172402,07:09:32.402,binance,AERGO/USDT:USDT,0.13357,577.0,0.13356,281.0,0.13358,124.0,0.13359,633.0
1753600172702,07:09:32.702,binance,AERGO/USDT:USDT,0.13357,577.0,0.13356,281.0,0.13358,124.0,0.13359,633.0
1753600172934,07:09:32.934,binance,AERGO/USDT:USDT,0.13357,577.0,0.13356,281.0,0.13358,124.0,0.13359,633.0
1753600173202,07:09:33.202,binance,AERGO/USDT:USDT,0.13357,577.0,0.13356,281.0,0.13358,124.0,0.13359,633.0
1753600173402,07:09:33.402,binance,AERGO/USDT:USDT,0.13357,577.0,0.13356,281.0,0.13358,124.0,0.13359,633.0
1753600174003,07:09:34.003,binance,AERGO/USDT:USDT,0.13357,577.0,0.13356,281.0,0.13358,124.0,0.13359,633.0
1753600174439,07:09:34.439,binance,AERGO/USDT:USDT,0.13357,663.0,0.13356,281.0,0.13358,124.0,0.13359,633.0
1753600174602,07:09:34.602,binance,AERGO/USDT:USDT,0.13357,663.0,0.13356,281.0,0.13358,124.0,0.13359,633.0
1753600175062,07:09:35.062,binance,AERGO/USDT:USDT,0.13357,663.0,0.13356,281.0,0.13358,124.0,0.13359,633.0
1753600175302,07:09:35.302,binance,AERGO/USDT:USDT,0.13357,663.0,0.13356,281.0,0.13358,124.0,0.13359,633.0
1753600176302,07:09:36.302,binance,AERGO/USDT:USDT,0.13357,663.0,0.13356,281.0,0.13358,124.0,0.13359,633.0
1753600176563,07:09:36.563,binance,AERGO/USDT:USDT,0.13357,663.0,0.13356,281.0,0.13358,124.0,0.13359,633.0
1753600176679,07:09:36.679,binance,AERGO/USDT:USDT,0.13357,663.0,0.13356,281.0,0.13358,124.0,0.13359,633.0
1753600176843,07:09:36.843,binance,AERGO/USDT:USDT,0.13357,663.0,0.13356,281.0,0.13358,124.0,0.13359,633.0
1753600177402,07:09:37.402,binance,AERGO/USDT:USDT,0.13357,663.0,0.13356,281.0,0.13358,124.0,0.13359,633.0
1753600178002,07:09:38.002,binance,AERGO/USDT:USDT,0.13357,663.0,0.13356,281.0,0.13358,124.0,0.13359,633.0
1753600178250,07:09:38.250,binance,AERGO/USDT:USDT,0.13357,3163.0,0.13356,281.0,0.13358,124.0,0.13359,333.0
1753600178641,07:09:38.641,binance,AERGO/USDT:USDT,0.13357,3163.0,0.13356,281.0,0.13358,124.0,0.13359,333.0
1753600179111,07:09:39.111,binance,AERGO/USDT:USDT,0.13357,3163.0,0.13356,281.0,0.13358,124.0,0.13359,333.0
1753600179702,07:09:39.702,binance,AERGO/USDT:USDT,0.13357,3163.0,0.13356,281.0,0.13358,124.0,0.13359,333.0
1753600180302,07:09:40.302,binance,AERGO/USDT:USDT,0.13357,3163.0,0.13356,281.0,0.13358,124.0,0.13359,333.0
1753600181232,07:09:41.232,binance,AERGO/USDT:USDT,0.13357,3433.0,0.13356,281.0,0.13358,124.0,0.13359,333.0
1753600181494,07:09:41.494,binance,AERGO/USDT:USDT,0.13357,3433.0,0.13356,281.0,0.13358,124.0,0.13359,333.0
1753600181601,07:09:41.601,binance,AERGO/USDT:USDT,0.13357,3433.0,0.13356,281.0,0.13358,124.0,0.13359,333.0
1753600182102,07:09:42.102,binance,AERGO/USDT:USDT,0.13357,3433.0,0.13356,281.0,0.13358,124.0,0.13359,333.0
1753600182702,07:09:42.702,binance,AERGO/USDT:USDT,0.13357,3433.0,0.13356,281.0,0.13358,124.0,0.13359,333.0
1753600183302,07:09:43.302,binance,AERGO/USDT:USDT,0.13357,3433.0,0.13356,281.0,0.13358,124.0,0.13359,333.0
1753600183902,07:09:43.902,binance,AERGO/USDT:USDT,0.13357,3433.0,0.13356,281.0,0.13358,124.0,0.13359,333.0
1753600184185,07:09:44.185,binance,AERGO/USDT:USDT,0.13357,3433.0,0.13356,281.0,0.13358,124.0,0.13359,333.0
1753600184352,07:09:44.352,binance,AERGO/USDT:USDT,0.13357,3433.0,0.13356,281.0,0.13358,124.0,0.13359,333.0
1753600184502,07:09:44.502,binance,AERGO/USDT:USDT,0.13357,3433.0,0.13356,281.0,0.13358,124.0,0.13359,333.0
1753600184651,07:09:44.651,binance,AERGO/USDT:USDT,0.13357,3433.0,0.13356,281.0,0.13358,178.0,0.13359,333.0
1753600184867,07:09:44.867,binance,AERGO/USDT:USDT,0.13357,3433.0,0.13356,281.0,0.13358,178.0,0.13359,333.0
1753600185102,07:09:45.102,binance,AERGO/USDT:USDT,0.13357,3433.0,0.13356,281.0,0.13358,178.0,0.13359,333.0
1753600185437,07:09:45.437,binance,AERGO/USDT:USDT,0.13357,3433.0,0.13356,281.0,0.13358,178.0,0.13359,333.0
1753600185702,07:09:45.702,binance,AERGO/USDT:USDT,0.13357,3433.0,0.13356,281.0,0.13358,178.0,0.13359,333.0
1753600185894,07:09:45.894,binance,AERGO/USDT:USDT,0.13357,3433.0,0.13356,281.0,0.13358,178.0,0.13359,333.0
1753600186302,07:09:46.302,binance,AERGO/USDT:USDT,0.13357,3433.0,0.13356,281.0,0.13358,178.0,0.13359,333.0
1753600186774,07:09:46.774,binance,AERGO/USDT:USDT,0.13357,3433.0,0.13356,281.0,0.13358,178.0,0.13359,333.0
1753600187502,07:09:47.502,binance,AERGO/USDT:USDT,0.13357,3433.0,0.13356,281.0,0.13358,178.0,0.13359,333.0
1753600187873,07:09:47.873,binance,AERGO/USDT:USDT,0.13357,3433.0,0.13356,281.0,0.13358,178.0,0.13359,333.0
1753600188102,07:09:48.102,binance,AERGO/USDT:USDT,0.13357,3433.0,0.13356,281.0,0.13358,178.0,0.13359,333.0
1753600188235,07:09:48.235,binance,AERGO/USDT:USDT,0.13357,3435.0,0.13356,281.0,0.13358,178.0,0.13359,333.0
1753600188436,07:09:48.436,binance,AERGO/USDT:USDT,0.13357,3435.0,0.13356,281.0,0.13359,124.0,0.1336,510.0
1753600188537,07:09:48.537,binance,AERGO/USDT:USDT,0.13357,3435.0,0.13356,281.0,0.13358,55.0,0.13359,124.0
1753600188644,07:09:48.644,binance,AERGO/USDT:USDT,0.13357,3435.0,0.13356,281.0,0.13358,55.0,0.13359,124.0
1753600188885,07:09:48.885,binance,AERGO/USDT:USDT,0.13357,3435.0,0.13356,281.0,0.13358,55.0,0.13359,124.0
1753600189196,07:09:49.196,binance,AERGO/USDT:USDT,0.13357,3435.0,0.13356,281.0,0.13358,55.0,0.13359,124.0
1753600189301,07:09:49.301,binance,AERGO/USDT:USDT,0.13357,3435.0,0.13356,281.0,0.13358,55.0,0.13359,124.0
1753600189461,07:09:49.461,binance,AERGO/USDT:USDT,0.13357,3443.0,0.13356,281.0,0.13358,55.0,0.13359,124.0
1753600189620,07:09:49.620,binance,AERGO/USDT:USDT,0.13357,3443.0,0.13356,281.0,0.13358,55.0,0.13359,124.0
1753600189802,07:09:49.802,binance,AERGO/USDT:USDT,0.13357,3443.0,0.13356,281.0,0.13358,55.0,0.13359,124.0
1753600190402,07:09:50.402,binance,AERGO/USDT:USDT,0.13357,3443.0,0.13356,281.0,0.13358,55.0,0.13359,124.0
1753600191002,07:09:51.002,binance,AERGO/USDT:USDT,0.13357,3443.0,0.13356,281.0,0.13358,55.0,0.13359,124.0
1753600191337,07:09:51.337,binance,AERGO/USDT:USDT,0.13357,3443.0,0.13356,281.0,0.13358,55.0,0.13359,124.0
1753600191442,07:09:51.442,binance,AERGO/USDT:USDT,0.13357,3443.0,0.13356,281.0,0.13358,55.0,0.13359,124.0
1753600191602,07:09:51.602,binance,AERGO/USDT:USDT,0.13357,3443.0,0.13356,281.0,0.13358,55.0,0.13359,124.0
1753600192155,07:09:52.155,binance,AERGO/USDT:USDT,0.13357,3443.0,0.13356,281.0,0.13358,55.0,0.13359,124.0
1753600192301,07:09:52.301,binance,AERGO/USDT:USDT,0.13357,3443.0,0.13356,281.0,0.13358,55.0,0.13359,124.0
1753600192463,07:09:52.463,binance,AERGO/USDT:USDT,0.13357,3443.0,0.13356,281.0,0.13358,55.0,0.13359,124.0
1753600193172,07:09:53.172,binance,AERGO/USDT:USDT,0.13357,3443.0,0.13356,281.0,0.13358,55.0,0.13359,124.0
1753600193278,07:09:53.278,binance,AERGO/USDT:USDT,0.13357,3443.0,0.13356,281.0,0.13358,55.0,0.13359,124.0
1753600193501,07:09:53.501,binance,AERGO/USDT:USDT,0.13357,3443.0,0.13356,281.0,0.13358,55.0,0.13359,124.0
1753600193902,07:09:53.902,binance,AERGO/USDT:USDT,0.13357,3443.0,0.13356,281.0,0.13358,55.0,0.13359,124.0
1753600194502,07:09:54.502,binance,AERGO/USDT:USDT,0.13357,3443.0,0.13356,281.0,0.13358,55.0,0.13359,124.0
1753600195063,07:09:55.063,binance,AERGO/USDT:USDT,0.13357,3443.0,0.13356,281.0,0.13358,55.0,0.13359,124.0
1753600195602,07:09:55.602,binance,AERGO/USDT:USDT,0.13357,3443.0,0.13356,281.0,0.13358,55.0,0.13359,124.0
1753600196163,07:09:56.163,binance,AERGO/USDT:USDT,0.13357,3443.0,0.13356,281.0,0.13358,55.0,0.13359,124.0
1753600196301,07:09:56.301,binance,AERGO/USDT:USDT,0.13357,3443.0,0.13356,281.0,0.13358,55.0,0.13359,124.0
1753600196702,07:09:56.702,binance,AERGO/USDT:USDT,0.13357,3443.0,0.13356,281.0,0.13358,55.0,0.13359,124.0
1753600197302,07:09:57.302,binance,AERGO/USDT:USDT,0.13357,3443.0,0.13356,281.0,0.13358,55.0,0.13359,124.0
1753600197745,07:09:57.745,binance,AERGO/USDT:USDT,0.13354,489.0,0.13353,332.0,0.13356,610.0,0.13358,3179.0
1753600197846,07:09:57.846,binance,AERGO/USDT:USDT,0.13354,489.0,0.13353,332.0,0.13356,610.0,0.13358,3179.0
1753600197973,07:09:57.973,binance,AERGO/USDT:USDT,0.13354,489.0,0.13353,332.0,0.13356,610.0,0.13358,3179.0
1753600198101,07:09:58.101,binance,AERGO/USDT:USDT,0.13354,489.0,0.13353,332.0,0.13356,610.0,0.13358,3179.0
1753600198213,07:09:58.213,binance,AERGO/USDT:USDT,0.13354,489.0,0.13353,332.0,0.13358,3179.0,0.13359,334.0
1753600198316,07:09:58.316,binance,AERGO/USDT:USDT,0.13354,489.0,0.13353,332.0,0.13358,3179.0,0.13359,334.0
1753600198446,07:09:58.446,binance,AERGO/USDT:USDT,0.13356,48.0,0.13354,489.0,0.13358,3179.0,0.13359,334.0
1753600198797,07:09:58.797,binance,AERGO/USDT:USDT,0.13356,48.0,0.13354,489.0,0.13358,3179.0,0.13359,334.0
1753600199002,07:09:59.002,binance,AERGO/USDT:USDT,0.13356,48.0,0.13354,489.0,0.13358,2969.0,0.13359,334.0
1753600199106,07:09:59.106,binance,AERGO/USDT:USDT,0.13356,48.0,0.13354,489.0,0.13358,2969.0,0.13359,334.0
1753600199663,07:09:59.663,binance,AERGO/USDT:USDT,0.13356,48.0,0.13354,489.0,0.13358,2969.0,0.13359,334.0
1753600200123,07:10:00.123,binance,AERGO/USDT:USDT,0.13356,48.0,0.13354,489.0,0.13358,2969.0,0.13359,334.0
1753600200496,07:10:00.496,binance,AERGO/USDT:USDT,0.13356,48.0,0.13354,701.0,0.13358,124.0,0.13359,334.0
1753600200644,07:10:00.644,binance,AERGO/USDT:USDT,0.13356,48.0,0.13354,701.0,0.13358,124.0,0.13359,334.0
1753600200755,07:10:00.755,binance,AERGO/USDT:USDT,0.13356,48.0,0.13354,701.0,0.13358,124.0,0.13359,334.0
1753600201302,07:10:01.302,binance,AERGO/USDT:USDT,0.13356,48.0,0.13354,701.0,0.13358,124.0,0.13359,334.0
1753600201820,07:10:01.820,binance,AERGO/USDT:USDT,0.13356,48.0,0.13354,701.0,0.13358,124.0,0.13359,334.0
1753600202001,07:10:02.001,binance,AERGO/USDT:USDT,0.13356,48.0,0.13354,701.0,0.13358,124.0,0.13359,334.0
1753600202344,07:10:02.344,binance,AERGO/USDT:USDT,0.13356,48.0,0.13354,701.0,0.13358,124.0,0.13359,334.0
1753600202616,07:10:02.616,binance,AERGO/USDT:USDT,0.13356,48.0,0.13354,701.0,0.13358,124.0,0.13359,334.0
1753600202902,07:10:02.902,binance,AERGO/USDT:USDT,0.13356,48.0,0.13354,701.0,0.13358,124.0,0.13359,334.0
1753600203085,07:10:03.085,binance,AERGO/USDT:USDT,0.13356,48.0,0.13354,701.0,0.13358,124.0,0.13359,334.0
1753600203613,07:10:03.613,binance,AERGO/USDT:USDT,0.13356,48.0,0.13354,701.0,0.13358,124.0,0.13359,334.0
1753600203729,07:10:03.729,binance,AERGO/USDT:USDT,0.13356,48.0,0.13354,701.0,0.13358,124.0,0.13359,334.0
1753600203873,07:10:03.873,binance,AERGO/USDT:USDT,0.13356,48.0,0.13354,701.0,0.13358,124.0,0.13359,334.0
1753600204549,07:10:04.549,binance,AERGO/USDT:USDT,0.13356,48.0,0.13354,701.0,0.13358,124.0,0.13359,334.0
1753600204662,07:10:04.662,binance,AERGO/USDT:USDT,0.13356,48.0,0.13354,701.0,0.13358,124.0,0.13359,334.0
1753600205302,07:10:05.302,binance,AERGO/USDT:USDT,0.13356,48.0,0.13354,701.0,0.13358,124.0,0.13359,334.0
1753600205659,07:10:05.659,binance,AERGO/USDT:USDT,0.13356,93.0,0.13354,803.0,0.13358,124.0,0.13359,334.0
1753600206802,07:10:06.802,binance,AERGO/USDT:USDT,0.13356,93.0,0.13354,803.0,0.13358,186.0,0.13359,334.0
1753600207036,07:10:07.036,binance,AERGO/USDT:USDT,0.13356,93.0,0.13354,803.0,0.13358,186.0,0.13359,334.0
1753600207779,07:10:07.779,binance,AERGO/USDT:USDT,0.13356,93.0,0.13354,701.0,0.13358,186.0,0.13359,334.0
1753600207882,07:10:07.882,binance,AERGO/USDT:USDT,0.13356,93.0,0.13354,701.0,0.13358,186.0,0.13359,334.0
1753600208402,07:10:08.402,binance,AERGO/USDT:USDT,0.13356,93.0,0.13354,701.0,0.13358,186.0,0.13359,334.0
1753600209602,07:10:09.602,binance,AERGO/USDT:USDT,0.13356,93.0,0.13354,701.0,0.13358,186.0,0.13359,334.0
1753600210043,07:10:10.043,binance,AERGO/USDT:USDT,0.13356,93.0,0.13354,701.0,0.13358,186.0,0.13359,334.0
1753600210380,07:10:10.380,binance,AERGO/USDT:USDT,0.13356,93.0,0.13354,701.0,0.13358,62.0,0.13359,210.0
1753600210802,07:10:10.802,binance,AERGO/USDT:USDT,0.13356,93.0,0.13354,701.0,0.13358,62.0,0.13359,210.0
1753600211402,07:10:11.402,binance,AERGO/USDT:USDT,0.13356,93.0,0.13354,701.0,0.13358,62.0,0.13359,210.0
1753600211627,07:10:11.627,binance,AERGO/USDT:USDT,0.13356,93.0,0.13354,701.0,0.13358,62.0,0.13359,210.0
1753600211934,07:10:11.934,binance,AERGO/USDT:USDT,0.13356,93.0,0.13354,701.0,0.13358,62.0,0.13359,334.0
1753600212036,07:10:12.036,binance,AERGO/USDT:USDT,0.13356,93.0,0.13354,701.0,0.13358,387.0,0.13359,334.0
1753600212229,07:10:12.229,binance,AERGO/USDT:USDT,0.13356,93.0,0.13354,701.0,0.13358,387.0,0.13359,334.0
1753600213702,07:10:13.702,binance,AERGO/USDT:USDT,0.13356,93.0,0.13354,701.0,0.13358,387.0,0.13359,334.0
1753600213931,07:10:13.931,binance,AERGO/USDT:USDT,0.13356,93.0,0.13354,701.0,0.13358,387.0,0.13359,334.0
1753600214184,07:10:14.184,binance,AERGO/USDT:USDT,0.13356,93.0,0.13354,701.0,0.13358,387.0,0.13359,334.0
1753600214301,07:10:14.301,binance,AERGO/USDT:USDT,0.13356,93.0,0.13354,701.0,0.13358,387.0,0.13359,334.0
1753600214407,07:10:14.407,binance,AERGO/USDT:USDT,0.13356,93.0,0.13354,701.0,0.13358,387.0,0.13359,334.0
1753600214589,07:10:14.589,binance,AERGO/USDT:USDT,0.13356,93.0,0.13354,701.0,0.13358,3904.0,0.13359,334.0
1753600214902,07:10:14.902,binance,AERGO/USDT:USDT,0.13356,93.0,0.13354,701.0,0.13358,3904.0,0.13359,334.0
1753600215163,07:10:15.163,binance,AERGO/USDT:USDT,0.13356,93.0,0.13354,701.0,0.13358,3904.0,0.13359,334.0
1753600215502,07:10:15.502,binance,AERGO/USDT:USDT,0.13356,93.0,0.13354,701.0,0.13358,3904.0,0.13359,334.0
1753600215933,07:10:15.933,binance,AERGO/USDT:USDT,0.13356,93.0,0.13354,701.0,0.13358,3904.0,0.13359,334.0
1753600216102,07:10:16.102,binance,AERGO/USDT:USDT,0.13356,93.0,0.13354,701.0,0.13358,3904.0,0.13359,334.0
1753600216702,07:10:16.702,binance,AERGO/USDT:USDT,0.13356,93.0,0.13354,701.0,0.13358,3904.0,0.13359,334.0
1753600217416,07:10:17.416,binance,AERGO/USDT:USDT,0.13356,93.0,0.13354,701.0,0.13358,3904.0,0.13359,334.0
1753600217829,07:10:17.829,binance,AERGO/USDT:USDT,0.13356,93.0,0.13354,701.0,0.13358,3904.0,0.13359,334.0
1753600218002,07:10:18.002,binance,AERGO/USDT:USDT,0.13356,93.0,0.13354,701.0,0.13358,3904.0,0.13359,334.0
1753600218402,07:10:18.402,binance,AERGO/USDT:USDT,0.13356,93.0,0.13354,701.0,0.13358,3904.0,0.13359,334.0
1753600218617,07:10:18.617,binance,AERGO/USDT:USDT,0.13356,93.0,0.13354,701.0,0.13358,3904.0,0.13359,334.0
1753600219002,07:10:19.002,binance,AERGO/USDT:USDT,0.13356,93.0,0.13354,701.0,0.13358,3904.0,0.13359,334.0
1753600219544,07:10:19.544,binance,AERGO/USDT:USDT,0.13354,701.0,0.13353,332.0,0.13358,3904.0,0.13359,334.0
1753600222125,07:10:22.125,binance,AERGO/USDT:USDT,0.13354,701.0,0.13353,370.0,0.13358,3904.0,0.13359,334.0
1753600222502,07:10:22.502,binance,AERGO/USDT:USDT,0.13354,701.0,0.13353,370.0,0.13358,3944.0,0.13359,334.0
1753600223201,07:10:23.201,binance,AERGO/USDT:USDT,0.13354,701.0,0.13353,370.0,0.13358,3944.0,0.13359,334.0
1753600223602,07:10:23.602,binance,AERGO/USDT:USDT,0.13354,701.0,0.13353,370.0,0.13358,3944.0,0.13359,334.0
1753600224349,07:10:24.349,binance,AERGO/USDT:USDT,0.13354,701.0,0.13353,370.0,0.13356,102.0,0.13358,4006.0
1753600225060,07:10:25.060,binance,AERGO/USDT:USDT,0.13354,701.0,0.13353,370.0,0.13356,427.0,0.13358,3681.0
1753600225166,07:10:25.166,binance,AERGO/USDT:USDT,0.13354,701.0,0.13353,370.0,0.13356,427.0,0.13358,3681.0
1753600225402,07:10:25.402,binance,AERGO/USDT:USDT,0.13354,701.0,0.13353,370.0,0.13356,427.0,0.13358,3681.0
1753600226002,07:10:26.002,binance,AERGO/USDT:USDT,0.13354,701.0,0.13353,370.0,0.13356,427.0,0.13358,3681.0
1753600226123,07:10:26.123,binance,AERGO/USDT:USDT,0.13354,701.0,0.13353,370.0,0.13356,427.0,0.13358,3681.0
1753600226597,07:10:26.597,binance,AERGO/USDT:USDT,0.13354,701.0,0.13353,370.0,0.13356,427.0,0.13358,3681.0
1753600227103,07:10:27.103,binance,AERGO/USDT:USDT,0.13354,701.0,0.13353,370.0,0.13356,427.0,0.13358,3681.0
1753600227803,07:10:27.803,binance,AERGO/USDT:USDT,0.13354,701.0,0.13353,370.0,0.13356,427.0,0.13358,3681.0
1753600228302,07:10:28.302,binance,AERGO/USDT:USDT,0.13354,701.0,0.13353,370.0,0.13356,427.0,0.13358,3681.0
1753600229502,07:10:29.502,binance,AERGO/USDT:USDT,0.13354,701.0,0.13353,370.0,0.13356,473.0,0.13358,3681.0
1753600230043,07:10:30.043,binance,AERGO/USDT:USDT,0.13354,701.0,0.13353,370.0,0.13356,473.0,0.13358,3681.0
1753600230734,07:10:30.734,binance,AERGO/USDT:USDT,0.13354,701.0,0.13353,370.0,0.13356,473.0,0.13358,3681.0
1753600231555,07:10:31.555,binance,AERGO/USDT:USDT,0.13354,701.0,0.13353,370.0,0.13356,473.0,0.13358,3681.0
1753600232402,07:10:32.402,binance,AERGO/USDT:USDT,0.13354,701.0,0.13353,370.0,0.13356,473.0,0.13358,3681.0
1753600233002,07:10:33.002,binance,AERGO/USDT:USDT,0.13354,701.0,0.13353,370.0,0.13356,473.0,0.13358,3681.0
1753600233553,07:10:33.553,binance,AERGO/USDT:USDT,0.13354,701.0,0.13353,370.0,0.13356,473.0,0.13358,3681.0
1753600233720,07:10:33.720,binance,AERGO/USDT:USDT,0.13354,701.0,0.13353,370.0,0.13356,473.0,0.13358,3681.0
1753600234102,07:10:34.102,binance,AERGO/USDT:USDT,0.13354,701.0,0.13353,370.0,0.13356,473.0,0.13358,3681.0
1753600234557,07:10:34.557,binance,AERGO/USDT:USDT,0.13354,701.0,0.13353,370.0,0.13356,473.0,0.13357,124.0
1753600234660,07:10:34.660,binance,AERGO/USDT:USDT,0.13354,701.0,0.13353,370.0,0.13356,473.0,0.13357,124.0
1753600234801,07:10:34.801,binance,AERGO/USDT:USDT,0.13354,701.0,0.13353,370.0,0.13356,473.0,0.13357,124.0
1753600235203,07:10:35.203,binance,AERGO/USDT:USDT,0.13354,701.0,0.13353,370.0,0.13356,473.0,0.13357,124.0
1753600235408,07:10:35.408,binance,AERGO/USDT:USDT,0.13354,701.0,0.13353,370.0,0.13356,473.0,0.13357,124.0
1753600235627,07:10:35.627,binance,AERGO/USDT:USDT,0.13354,714.0,0.13353,370.0,0.13356,473.0,0.13357,124.0
1753600235788,07:10:35.788,binance,AERGO/USDT:USDT,0.13354,714.0,0.13353,370.0,0.13356,473.0,0.13357,124.0
1753600235902,07:10:35.902,binance,AERGO/USDT:USDT,0.13354,714.0,0.13353,370.0,0.13356,473.0,0.13357,124.0
1753600236245,07:10:36.245,binance,AERGO/USDT:USDT,0.13354,714.0,0.13353,370.0,0.13356,473.0,0.13357,124.0
1753600236348,07:10:36.348,binance,AERGO/USDT:USDT,0.13354,714.0,0.13353,370.0,0.13356,473.0,0.13357,124.0
1753600236902,07:10:36.902,binance,AERGO/USDT:USDT,0.13354,714.0,0.13353,370.0,0.13356,473.0,0.13357,124.0
1753600237078,07:10:37.078,binance,AERGO/USDT:USDT,0.13354,714.0,0.13353,370.0,0.13356,473.0,0.13357,124.0
1753600237454,07:10:37.454,binance,AERGO/USDT:USDT,0.13354,714.0,0.13353,370.0,0.13356,473.0,0.13357,124.0
1753600237602,07:10:37.602,binance,AERGO/USDT:USDT,0.13354,714.0,0.13353,370.0,0.13356,473.0,0.13357,124.0
1753600238002,07:10:38.002,binance,AERGO/USDT:USDT,0.13354,714.0,0.13353,370.0,0.13356,473.0,0.13357,124.0
1753600238602,07:10:38.602,binance,AERGO/USDT:USDT,0.13354,714.0,0.13353,370.0,0.13356,473.0,0.13357,124.0
1753600239202,07:10:39.202,binance,AERGO/USDT:USDT,0.13354,714.0,0.13353,370.0,0.13356,473.0,0.13357,124.0
1753600239500,07:10:39.500,binance,AERGO/USDT:USDT,0.13354,714.0,0.13353,370.0,0.13356,6033.0,0.13357,124.0
1753600240402,07:10:40.402,binance,AERGO/USDT:USDT,0.13354,714.0,0.13353,370.0,0.13356,6033.0,0.13357,124.0
1753600240549,07:10:40.549,binance,AERGO/USDT:USDT,0.13354,714.0,0.13353,370.0,0.13356,6033.0,0.13357,124.0
1753600241113,07:10:41.113,binance,AERGO/USDT:USDT,0.13354,714.0,0.13353,370.0,0.13356,6033.0,0.13357,124.0
1753600242202,07:10:42.202,binance,AERGO/USDT:USDT,0.13354,714.0,0.13353,370.0,0.13356,6033.0,0.13357,124.0
1753600242541,07:10:42.541,binance,AERGO/USDT:USDT,0.13354,714.0,0.13353,370.0,0.13356,6033.0,0.13357,124.0
1753600243402,07:10:43.402,binance,AERGO/USDT:USDT,0.13354,714.0,0.13353,370.0,0.13356,6033.0,0.13357,124.0
1753600244002,07:10:44.002,binance,AERGO/USDT:USDT,0.13354,714.0,0.13353,370.0,0.13356,6033.0,0.13357,124.0
1753600244602,07:10:44.602,binance,AERGO/USDT:USDT,0.13354,714.0,0.13353,370.0,0.13356,6033.0,0.13357,124.0
1753600245156,07:10:45.156,binance,AERGO/USDT:USDT,0.13354,714.0,0.13353,370.0,0.13356,6033.0,0.13357,124.0
1753600245259,07:10:45.259,binance,AERGO/USDT:USDT,0.13354,714.0,0.13353,370.0,0.13356,6033.0,0.13357,124.0
1753600245381,07:10:45.381,binance,AERGO/USDT:USDT,0.13355,152.0,0.13354,714.0,0.13356,6033.0,0.13357,124.0
1753600245692,07:10:45.692,binance,AERGO/USDT:USDT,0.13348,3012.0,0.13347,209.0,0.13351,610.0,0.13352,124.0
1753600245793,07:10:45.793,binance,AERGO/USDT:USDT,0.13348,3012.0,0.13347,209.0,0.13351,672.0,0.13352,124.0
1753600245938,07:10:45.938,binance,AERGO/USDT:USDT,0.13348,3012.0,0.13347,209.0,0.13351,672.0,0.13352,124.0
1753600246123,07:10:46.123,binance,AERGO/USDT:USDT,0.13348,3012.0,0.13347,209.0,0.13351,997.0,0.13352,124.0
1753600246238,07:10:46.238,binance,AERGO/USDT:USDT,0.13348,3012.0,0.13347,209.0,0.13351,997.0,0.13352,124.0
1753600246741,07:10:46.741,binance,AERGO/USDT:USDT,0.13348,3012.0,0.13347,209.0,0.13351,387.0,0.13352,124.0
1753600247334,07:10:47.334,binance,AERGO/USDT:USDT,0.13348,3012.0,0.13347,209.0,0.13351,387.0,0.13352,124.0
1753600247902,07:10:47.902,binance,AERGO/USDT:USDT,0.13348,3012.0,0.13347,209.0,0.13351,387.0,0.13352,124.0
1753600248423,07:10:48.423,binance,AERGO/USDT:USDT,0.13345,2978.0,0.13344,384.0,0.13348,62.0,0.1335,452.0
1753600248526,07:10:48.526,binance,AERGO/USDT:USDT,0.13345,2978.0,0.13344,384.0,0.13348,62.0,0.1335,576.0
1753600248747,07:10:48.747,binance,AERGO/USDT:USDT,0.13345,2978.0,0.13344,384.0,0.13348,62.0,0.1335,576.0
1753600249006,07:10:49.006,binance,AERGO/USDT:USDT,0.13345,2978.0,0.13344,384.0,0.13348,62.0,0.1335,576.0
1753600249125,07:10:49.125,binance,AERGO/USDT:USDT,0.13345,2978.0,0.13344,384.0,0.13348,387.0,0.1335,576.0
1753600249444,07:10:49.444,binance,AERGO/USDT:USDT,0.13345,2978.0,0.13344,384.0,0.13348,387.0,0.1335,576.0
1753600249547,07:10:49.547,binance,AERGO/USDT:USDT,0.13345,2978.0,0.13344,384.0,0.13348,387.0,0.1335,576.0
1753600250633,07:10:50.633,binance,AERGO/USDT:USDT,0.13345,2978.0,0.13344,384.0,0.13348,387.0,0.1335,576.0
1753600250865,07:10:50.865,binance,AERGO/USDT:USDT,0.13345,2978.0,0.13344,384.0,0.13348,387.0,0.1335,576.0
1753600251143,07:10:51.143,binance,AERGO/USDT:USDT,0.13345,2978.0,0.13344,384.0,0.13348,387.0,0.1335,576.0
1753600251291,07:10:51.291,binance,AERGO/USDT:USDT,0.13345,2978.0,0.13344,384.0,0.13348,387.0,0.1335,576.0
1753600251663,07:10:51.663,binance,AERGO/USDT:USDT,0.13345,2978.0,0.13344,384.0,0.13348,387.0,0.1335,576.0
1753600252203,07:10:52.203,binance,AERGO/USDT:USDT,0.13345,2978.0,0.13344,384.0,0.13348,387.0,0.1335,576.0
1753600252337,07:10:52.337,binance,AERGO/USDT:USDT,0.13345,2978.0,0.13344,384.0,0.13348,387.0,0.1335,576.0
1753600253283,07:10:53.283,binance,AERGO/USDT:USDT,0.13345,2978.0,0.13344,384.0,0.13348,387.0,0.1335,576.0
1753600253388,07:10:53.388,binance,AERGO/USDT:USDT,0.13345,2978.0,0.13344,384.0,0.13348,387.0,0.1335,576.0
1753600253761,07:10:53.761,binance,AERGO/USDT:USDT,0.13345,2978.0,0.13344,384.0,0.13348,387.0,0.1335,576.0
1753600253883,07:10:53.883,binance,AERGO/USDT:USDT,0.13345,3117.0,0.13344,384.0,0.13348,387.0,0.1335,576.0
1753600254402,07:10:54.402,binance,AERGO/USDT:USDT,0.13345,3117.0,0.13344,384.0,0.13348,387.0,0.1335,576.0
1753600254507,07:10:54.507,binance,AERGO/USDT:USDT,0.13345,3117.0,0.13344,384.0,0.13348,387.0,0.1335,576.0
1753600254698,07:10:54.698,binance,AERGO/USDT:USDT,0.13345,3117.0,0.13344,384.0,0.13348,387.0,0.1335,576.0
1753600255208,07:10:55.208,binance,AERGO/USDT:USDT,0.13345,3117.0,0.13344,384.0,0.13348,387.0,0.1335,576.0
1753600255828,07:10:55.828,binance,AERGO/USDT:USDT,0.13345,3117.0,0.13344,384.0,0.13348,387.0,0.1335,576.0
1753600256134,07:10:56.134,binance,AERGO/USDT:USDT,0.13345,3117.0,0.13344,384.0,0.13348,387.0,0.1335,576.0
1753600256347,07:10:56.347,binance,AERGO/USDT:USDT,0.13345,3117.0,0.13344,384.0,0.13348,387.0,0.1335,576.0
1753600256548,07:10:56.548,binance,AERGO/USDT:USDT,0.13345,3117.0,0.13344,384.0,0.13348,387.0,0.1335,576.0
1753600256663,07:10:56.663,binance,AERGO/USDT:USDT,0.13345,3117.0,0.13344,384.0,0.13348,387.0,0.1335,576.0
1753600256929,07:10:56.929,binance,AERGO/USDT:USDT,0.13345,3117.0,0.13344,384.0,0.13348,387.0,0.1335,576.0
1753600257344,07:10:57.344,binance,AERGO/USDT:USDT,0.13345,3117.0,0.13344,384.0,0.13348,387.0,0.1335,576.0
1753600257802,07:10:57.802,binance,AERGO/USDT:USDT,0.13345,3117.0,0.13344,384.0,0.13348,387.0,0.1335,332.0
1753600257905,07:10:57.905,binance,AERGO/USDT:USDT,0.13345,3117.0,0.13344,384.0,0.13348,387.0,0.1335,332.0
1753600258103,07:10:58.103,binance,AERGO/USDT:USDT,0.13345,3117.0,0.13344,384.0,0.13348,387.0,0.1335,332.0
1753600258237,07:10:58.237,binance,AERGO/USDT:USDT,0.13345,3117.0,0.13344,384.0,0.13348,387.0,0.1335,332.0
1753600258549,07:10:58.549,binance,AERGO/USDT:USDT,0.13345,2845.0,0.13344,384.0,0.13348,325.0,0.1335,332.0
1753600258738,07:10:58.738,binance,AERGO/USDT:USDT,0.13345,2845.0,0.13344,384.0,0.13348,325.0,0.1335,332.0
1753600259102,07:10:59.102,binance,AERGO/USDT:USDT,0.13345,2845.0,0.13344,384.0,0.13348,325.0,0.1335,332.0
1753600259702,07:10:59.702,binance,AERGO/USDT:USDT,0.13345,2845.0,0.13344,384.0,0.13348,325.0,0.1335,332.0
1753600260131,07:11:00.131,binance,AERGO/USDT:USDT,0.13345,2845.0,0.13344,384.0,0.13348,325.0,0.1335,332.0
1753600260702,07:11:00.702,binance,AERGO/USDT:USDT,0.13345,2845.0,0.13344,384.0,0.13348,325.0,0.1335,332.0
1753600261305,07:11:01.305,binance,AERGO/USDT:USDT,0.13345,2845.0,0.13344,384.0,0.13348,325.0,0.1335,332.0
1753600261780,07:11:01.780,binance,AERGO/USDT:USDT,0.13345,2949.0,0.13344,384.0,0.13348,325.0,0.1335,332.0
1753600261902,07:11:01.902,binance,AERGO/USDT:USDT,0.13345,2949.0,0.13344,384.0,0.13348,325.0,0.1335,332.0
1753600262113,07:11:02.113,binance,AERGO/USDT:USDT,0.13345,2949.0,0.13344,384.0,0.13348,325.0,0.1335,332.0
1753600262238,07:11:02.238,binance,AERGO/USDT:USDT,0.13346,2947.0,0.13345,367.0,0.13348,325.0,0.1335,332.0
1753600262398,07:11:02.398,binance,AERGO/USDT:USDT,0.13346,2947.0,0.13345,367.0,0.13348,325.0,0.1335,332.0
1753600262638,07:11:02.638,binance,AERGO/USDT:USDT,0.13346,2947.0,0.13345,367.0,0.13348,325.0,0.1335,332.0
1753600262802,07:11:02.802,binance,AERGO/USDT:USDT,0.13346,2947.0,0.13345,367.0,0.13348,325.0,0.1335,332.0
1753600263030,07:11:03.030,binance,AERGO/USDT:USDT,0.13346,2947.0,0.13345,367.0,0.13348,325.0,0.1335,332.0
1753600263150,07:11:03.150,binance,AERGO/USDT:USDT,0.13346,2947.0,0.13345,367.0,0.13348,325.0,0.1335,332.0
1753600264002,07:11:04.002,binance,AERGO/USDT:USDT,0.13346,2949.0,0.13345,1163.0,0.13348,325.0,0.1335,332.0
1753600264235,07:11:04.235,binance,AERGO/USDT:USDT,0.13346,2952.0,0.13345,1163.0,0.13348,325.0,0.1335,332.0
1753600264602,07:11:04.602,binance,AERGO/USDT:USDT,0.13346,2952.0,0.13345,1163.0,0.13348,325.0,0.1335,332.0
1753600265141,07:11:05.141,binance,AERGO/USDT:USDT,0.13346,2952.0,0.13345,1163.0,0.13348,325.0,0.1335,332.0
1753600265301,07:11:05.301,binance,AERGO/USDT:USDT,0.13346,2952.0,0.13345,1163.0,0.13348,325.0,0.1335,332.0
1753600265569,07:11:05.569,binance,AERGO/USDT:USDT,0.13346,2952.0,0.13345,1163.0,0.13348,325.0,0.1335,332.0
1753600265906,07:11:05.906,binance,AERGO/USDT:USDT,0.13346,2997.0,0.13345,1163.0,0.13348,325.0,0.1335,332.0
1753600266502,07:11:06.502,binance,AERGO/USDT:USDT,0.13346,3160.0,0.13345,1024.0,0.13348,325.0,0.1335,332.0
1753600266702,07:11:06.702,binance,AERGO/USDT:USDT,0.13346,3160.0,0.13345,1024.0,0.13348,325.0,0.1335,332.0
1753600266908,07:11:06.908,binance,AERGO/USDT:USDT,0.13346,3160.0,0.13345,1024.0,0.13348,325.0,0.1335,332.0
1753600267702,07:11:07.702,binance,AERGO/USDT:USDT,0.13346,3160.0,0.13345,1024.0,0.13348,325.0,0.1335,332.0
1753600268302,07:11:08.302,binance,AERGO/USDT:USDT,0.13346,3160.0,0.13345,1024.0,0.13348,325.0,0.1335,332.0
1753600269453,07:11:09.453,binance,AERGO/USDT:USDT,0.13346,3160.0,0.13345,1024.0,0.13348,325.0,0.1335,332.0
1753600269837,07:11:09.837,binance,AERGO/USDT:USDT,0.13346,3160.0,0.13345,1024.0,0.13348,325.0,0.1335,332.0
1753600270402,07:11:10.402,binance,AERGO/USDT:USDT,0.13346,3160.0,0.13345,1024.0,0.13348,325.0,0.1335,332.0
1753600270893,07:11:10.893,binance,AERGO/USDT:USDT,0.13346,3160.0,0.13345,1024.0,0.13348,373.0,0.1335,332.0
1753600271002,07:11:11.002,binance,AERGO/USDT:USDT,0.13346,3160.0,0.13345,1024.0,0.13348,373.0,0.1335,332.0
1753600271301,07:11:11.301,binance,AERGO/USDT:USDT,0.13346,3160.0,0.13345,1024.0,0.13348,373.0,0.1335,332.0
1753600271407,07:11:11.407,binance,AERGO/USDT:USDT,0.13346,3160.0,0.13345,1024.0,0.13348,373.0,0.1335,332.0
1753600271510,07:11:11.510,binance,AERGO/USDT:USDT,0.13346,3160.0,0.13345,1024.0,0.13348,373.0,0.1335,332.0
1753600271702,07:11:11.702,binance,AERGO/USDT:USDT,0.13346,3160.0,0.13345,1024.0,0.13348,373.0,0.1335,332.0
1753600271857,07:11:11.857,binance,AERGO/USDT:USDT,0.13346,3160.0,0.13345,1024.0,0.13348,373.0,0.1335,332.0
1753600272202,07:11:12.202,binance,AERGO/USDT:USDT,0.13346,22981.0,0.13345,1024.0,0.1335,124.0,0.13351,332.0
1753600272307,07:11:12.307,binance,AERGO/USDT:USDT,0.13346,22981.0,0.13345,1024.0,0.1335,124.0,0.13351,332.0
1753600273044,07:11:13.044,binance,AERGO/USDT:USDT,0.13346,22981.0,0.13345,1024.0,0.1335,124.0,0.13351,332.0
1753600273353,07:11:13.353,binance,AERGO/USDT:USDT,0.13346,22981.0,0.13345,1024.0,0.1335,124.0,0.13351,332.0
1753600273496,07:11:13.496,binance,AERGO/USDT:USDT,0.13348,2870.0,0.13347,3447.0,0.1335,124.0,0.13351,332.0
1753600273603,07:11:13.603,binance,AERGO/USDT:USDT,0.13348,2870.0,0.13347,4243.0,0.1335,124.0,0.13351,332.0
1753600273729,07:11:13.729,binance,AERGO/USDT:USDT,0.13348,2870.0,0.13347,4243.0,0.1335,124.0,0.13351,332.0
1753600273902,07:11:13.902,binance,AERGO/USDT:USDT,0.13348,2870.0,0.13347,4243.0,0.1335,124.0,0.13351,332.0
1753600274502,07:11:14.502,binance,AERGO/USDT:USDT,0.13348,2870.0,0.13347,4243.0,0.1335,124.0,0.13351,332.0
1753600274837,07:11:14.837,binance,AERGO/USDT:USDT,0.13348,2870.0,0.13347,4243.0,0.1335,124.0,0.13351,332.0
1753600275102,07:11:15.102,binance,AERGO/USDT:USDT,0.13348,2870.0,0.13347,4243.0,0.1335,124.0,0.13351,332.0
1753600276168,07:11:16.168,binance,AERGO/USDT:USDT,0.13348,2870.0,0.13347,4367.0,0.13351,332.0,0.13352,332.0
1753600276301,07:11:16.301,binance,AERGO/USDT:USDT,0.13348,2870.0,0.13347,4367.0,0.13351,332.0,0.13352,332.0
1753600277402,07:11:17.402,binance,AERGO/USDT:USDT,0.13348,2870.0,0.13347,4367.0,0.13351,332.0,0.13352,332.0
1753600278002,07:11:18.002,binance,AERGO/USDT:USDT,0.13348,2870.0,0.13347,4367.0,0.13351,332.0,0.13352,332.0
1753600279193,07:11:19.193,binance,AERGO/USDT:USDT,0.13348,2870.0,0.13347,4367.0,0.13351,332.0,0.13352,332.0
1753600280302,07:11:20.302,binance,AERGO/USDT:USDT,0.13348,2870.0,0.13347,4367.0,0.13351,332.0,0.13352,332.0
1753600280902,07:11:20.902,binance,AERGO/USDT:USDT,0.13348,2870.0,0.13347,4367.0,0.13351,332.0,0.13352,332.0
1753600281205,07:11:21.205,binance,AERGO/USDT:USDT,0.13348,2870.0,0.13347,4367.0,0.13351,332.0,0.13352,332.0
1753600281502,07:11:21.502,binance,AERGO/USDT:USDT,0.13348,2870.0,0.13347,4367.0,0.13351,332.0,0.13352,332.0
1753600282601,07:11:22.601,binance,AERGO/USDT:USDT,0.13348,2870.0,0.13347,4367.0,0.13351,332.0,0.13352,332.0
1753600282702,07:11:22.702,binance,AERGO/USDT:USDT,0.13348,2870.0,0.13347,4367.0,0.13351,332.0,0.13352,332.0
1753600283302,07:11:23.302,binance,AERGO/USDT:USDT,0.13348,2870.0,0.13347,4367.0,0.13351,332.0,0.13352,332.0
1753600283795,07:11:23.795,binance,AERGO/USDT:USDT,0.13348,2870.0,0.13347,4367.0,0.13351,332.0,0.13352,332.0
1753600283902,07:11:23.902,binance,AERGO/USDT:USDT,0.13348,2870.0,0.13347,4367.0,0.13351,332.0,0.13352,332.0
1753600284074,07:11:24.074,binance,AERGO/USDT:USDT,0.13348,2870.0,0.13347,4367.0,0.13351,332.0,0.13352,332.0
1753600284502,07:11:24.502,binance,AERGO/USDT:USDT,0.13348,2870.0,0.13347,4367.0,0.13351,332.0,0.13352,332.0
1753600284992,07:11:24.992,binance,AERGO/USDT:USDT,0.13348,2870.0,0.13347,4367.0,0.13351,332.0,0.13352,332.0
1753600285102,07:11:25.102,binance,AERGO/USDT:USDT,0.13348,2870.0,0.13347,4367.0,0.13351,332.0,0.13352,332.0
1753600285702,07:11:25.702,binance,AERGO/USDT:USDT,0.13348,2870.0,0.13347,4367.0,0.13351,332.0,0.13352,332.0
1753600286123,07:11:26.123,binance,AERGO/USDT:USDT,0.13348,2870.0,0.13347,4367.0,0.13349,38.0,0.13351,332.0
1753600286502,07:11:26.502,binance,AERGO/USDT:USDT,0.13348,2870.0,0.13347,4367.0,0.13349,38.0,0.13351,332.0
1753600286702,07:11:26.702,binance,AERGO/USDT:USDT,0.13348,2870.0,0.13347,4367.0,0.13349,38.0,0.13351,332.0
1753600286925,07:11:26.925,binance,AERGO/USDT:USDT,0.13348,2870.0,0.13347,4367.0,0.13349,38.0,0.13351,332.0
1753600287203,07:11:27.203,binance,AERGO/USDT:USDT,0.13348,2870.0,0.13347,4367.0,0.13349,38.0,0.13351,332.0
1753600287402,07:11:27.402,binance,AERGO/USDT:USDT,0.13348,2870.0,0.13347,4367.0,0.13349,38.0,0.13351,332.0
1753600287802,07:11:27.802,binance,AERGO/USDT:USDT,0.13348,2870.0,0.13347,4367.0,0.13349,38.0,0.13351,332.0
1753600288102,07:11:28.102,binance,AERGO/USDT:USDT,0.13348,2870.0,0.13347,4367.0,0.13349,38.0,0.13351,332.0
1753600288402,07:11:28.402,binance,AERGO/USDT:USDT,0.13348,2870.0,0.13347,4367.0,0.13351,332.0,0.13352,332.0
1753600289002,07:11:29.002,binance,AERGO/USDT:USDT,0.13348,2870.0,0.13347,4367.0,0.13351,332.0,0.13352,332.0
1753600289411,07:11:29.411,binance,AERGO/USDT:USDT,0.13349,20007.0,0.13348,2870.0,0.13351,124.0,0.13352,332.0
1753600289513,07:11:29.513,binance,AERGO/USDT:USDT,0.13349,20007.0,0.13348,2870.0,0.13351,124.0,0.13352,332.0
1753600289632,07:11:29.632,binance,AERGO/USDT:USDT,0.13349,20007.0,0.13348,2870.0,0.13351,124.0,0.13352,332.0
1753600289907,07:11:29.907,binance,AERGO/USDT:USDT,0.13349,20007.0,0.13348,2870.0,0.13351,124.0,0.13352,332.0
1753600290102,07:11:30.102,binance,AERGO/USDT:USDT,0.13349,20007.0,0.13348,2870.0,0.13351,124.0,0.13352,332.0
1753600290378,07:11:30.378,binance,AERGO/USDT:USDT,0.13349,20007.0,0.13348,2870.0,0.13351,124.0,0.13352,332.0
1753600290488,07:11:30.488,binance,AERGO/USDT:USDT,0.13349,20007.0,0.13348,2870.0,0.13351,124.0,0.13352,332.0
1753600290673,07:11:30.673,binance,AERGO/USDT:USDT,0.13349,20007.0,0.13348,2870.0,0.13351,124.0,0.13352,332.0
1753600291203,07:11:31.203,binance,AERGO/USDT:USDT,0.13349,20007.0,0.13348,2870.0,0.13351,124.0,0.13352,332.0
1753600292402,07:11:32.402,binance,AERGO/USDT:USDT,0.13349,20007.0,0.13348,2870.0,0.13351,124.0,0.13352,332.0
1753600292689,07:11:32.689,binance,AERGO/USDT:USDT,0.13349,20007.0,0.13348,2870.0,0.13351,124.0,0.13352,332.0
1753600293602,07:11:33.602,binance,AERGO/USDT:USDT,0.13349,20007.0,0.13348,2870.0,0.13351,124.0,0.13352,332.0
1753600293950,07:11:33.950,binance,AERGO/USDT:USDT,0.13349,20007.0,0.13348,2870.0,0.13351,124.0,0.13352,332.0
1753600294153,07:11:34.153,binance,AERGO/USDT:USDT,0.13349,20007.0,0.13348,2870.0,0.13351,124.0,0.13352,332.0
1753600294377,07:11:34.377,binance,AERGO/USDT:USDT,0.13349,20007.0,0.13348,2870.0,0.13351,124.0,0.13352,332.0
1753600294702,07:11:34.702,binance,AERGO/USDT:USDT,0.13349,20007.0,0.13348,2870.0,0.13351,124.0,0.13352,332.0
1753600295154,07:11:35.154,binance,AERGO/USDT:USDT,0.13349,20007.0,0.13348,2870.0,0.13351,124.0,0.13352,332.0
1753600295302,07:11:35.302,binance,AERGO/USDT:USDT,0.13349,20007.0,0.13348,2870.0,0.13351,124.0,0.13352,332.0
1753600295574,07:11:35.574,binance,AERGO/USDT:USDT,0.13349,20007.0,0.13348,2870.0,0.13351,124.0,0.13352,332.0
1753600296502,07:11:36.502,binance,AERGO/USDT:USDT,0.13349,20007.0,0.13348,2870.0,0.13351,124.0,0.13352,332.0
1753600296719,07:11:36.719,binance,AERGO/USDT:USDT,0.13349,20007.0,0.13348,2870.0,0.13351,124.0,0.13352,332.0
1753600297702,07:11:37.702,binance,AERGO/USDT:USDT,0.13349,20007.0,0.13348,2870.0,0.13351,124.0,0.13352,332.0
1753600298302,07:11:38.302,binance,AERGO/USDT:USDT,0.13349,20007.0,0.13348,2870.0,0.13351,124.0,0.13352,332.0
1753600298902,07:11:38.902,binance,AERGO/USDT:USDT,0.13349,20007.0,0.13348,2870.0,0.13351,124.0,0.13352,332.0
1753600301302,07:11:41.302,binance,AERGO/USDT:USDT,0.13349,20007.0,0.13348,2870.0,0.13351,124.0,0.13352,332.0
1753600302147,07:11:42.147,binance,AERGO/USDT:USDT,0.13349,15375.0,0.13348,40.0,0.13351,2958.0,0.13352,332.0
1753600302331,07:11:42.331,binance,AERGO/USDT:USDT,0.13349,15375.0,0.13348,40.0,0.13351,2958.0,0.13352,332.0
1753600302502,07:11:42.502,binance,AERGO/USDT:USDT,0.13349,15375.0,0.13348,40.0,0.13351,2958.0,0.13352,332.0
1753600303650,07:11:43.650,binance,AERGO/USDT:USDT,0.13349,15375.0,0.13348,40.0,0.13351,2958.0,0.13352,332.0
1753600303802,07:11:43.802,binance,AERGO/USDT:USDT,0.13349,15375.0,0.13348,40.0,0.13351,2958.0,0.13352,332.0
1753600303933,07:11:43.933,binance,AERGO/USDT:USDT,0.13349,15375.0,0.13348,40.0,0.13351,2958.0,0.13352,332.0
1753600304902,07:11:44.902,binance,AERGO/USDT:USDT,0.13349,15375.0,0.13348,40.0,0.13351,2958.0,0.13352,332.0
1753600305502,07:11:45.502,binance,AERGO/USDT:USDT,0.13349,15375.0,0.13348,40.0,0.13351,2958.0,0.13352,332.0
1753600305781,07:11:45.781,binance,AERGO/USDT:USDT,0.1335,928.0,0.13349,15375.0,0.13351,124.0,0.13352,332.0
1753600305887,07:11:45.887,binance,AERGO/USDT:USDT,0.13349,16171.0,0.13348,40.0,0.13351,124.0,0.13352,332.0
1753600306006,07:11:46.006,binance,AERGO/USDT:USDT,0.13349,16171.0,0.13348,40.0,0.13351,124.0,0.13352,332.0
1753600306602,07:11:46.602,binance,AERGO/USDT:USDT,0.13349,16171.0,0.13348,40.0,0.13351,124.0,0.13352,332.0
1753600307202,07:11:47.202,binance,AERGO/USDT:USDT,0.13349,16171.0,0.13348,40.0,0.13351,124.0,0.13352,332.0
1753600308402,07:11:48.402,binance,AERGO/USDT:USDT,0.13349,16171.0,0.13348,40.0,0.13351,124.0,0.13352,332.0
1753600309002,07:11:49.002,binance,AERGO/USDT:USDT,0.13349,16171.0,0.13348,40.0,0.13351,124.0,0.13352,332.0
1753600309602,07:11:49.602,binance,AERGO/USDT:USDT,0.13349,16171.0,0.13348,40.0,0.13351,124.0,0.13352,332.0
1753600309838,07:11:49.838,binance,AERGO/USDT:USDT,0.13349,16274.0,0.13348,40.0,0.13351,124.0,0.13352,332.0
1753600310202,07:11:50.202,binance,AERGO/USDT:USDT,0.13349,16274.0,0.13348,40.0,0.13351,124.0,0.13352,332.0
1753600310559,07:11:50.559,binance,AERGO/USDT:USDT,0.13349,16443.0,0.13348,40.0,0.13351,124.0,0.13352,332.0
1753600310802,07:11:50.802,binance,AERGO/USDT:USDT,0.13349,16443.0,0.13348,40.0,0.13351,124.0,0.13352,332.0
1753600311347,07:11:51.347,binance,AERGO/USDT:USDT,0.13349,16443.0,0.13348,40.0,0.13351,173.0,0.13352,332.0
1753600311458,07:11:51.458,binance,AERGO/USDT:USDT,0.13349,16443.0,0.13348,40.0,0.13351,173.0,0.13352,332.0
1753600311574,07:11:51.574,binance,AERGO/USDT:USDT,0.13349,16777.0,0.13348,40.0,0.13351,173.0,0.13352,332.0
1753600311902,07:11:51.902,binance,AERGO/USDT:USDT,0.13349,16777.0,0.13348,40.0,0.13351,173.0,0.13352,332.0
1753600313702,07:11:53.702,binance,AERGO/USDT:USDT,0.13349,16777.0,0.13348,40.0,0.13351,173.0,0.13352,332.0
1753600313990,07:11:53.990,binance,AERGO/USDT:USDT,0.13349,16777.0,0.13348,40.0,0.13351,49.0,0.13352,332.0
1753600314099,07:11:54.099,binance,AERGO/USDT:USDT,0.13349,16777.0,0.13348,40.0,0.13351,49.0,0.13352,332.0
1753600314211,07:11:54.211,binance,AERGO/USDT:USDT,0.13349,16777.0,0.13348,40.0,0.13351,49.0,0.13352,332.0
1753600314364,07:11:54.364,binance,AERGO/USDT:USDT,0.13349,16777.0,0.13348,40.0,0.13351,49.0,0.13352,332.0
1753600315402,07:11:55.402,binance,AERGO/USDT:USDT,0.13349,16777.0,0.13348,40.0,0.13351,49.0,0.13352,332.0
1753600316602,07:11:56.602,binance,AERGO/USDT:USDT,0.13349,16777.0,0.13348,40.0,0.13351,49.0,0.13352,332.0
1753600317202,07:11:57.202,binance,AERGO/USDT:USDT,0.13349,16777.0,0.13348,40.0,0.13351,49.0,0.13352,332.0
1753600317692,07:11:57.692,binance,AERGO/USDT:USDT,0.13349,16777.0,0.13348,40.0,0.13351,49.0,0.13352,332.0
1753600317802,07:11:57.802,binance,AERGO/USDT:USDT,0.13349,16777.0,0.13348,40.0,0.13351,49.0,0.13352,332.0
1753600318402,07:11:58.402,binance,AERGO/USDT:USDT,0.13349,16777.0,0.13348,40.0,0.13351,49.0,0.13352,332.0
1753600319002,07:11:59.002,binance,AERGO/USDT:USDT,0.13349,16777.0,0.13348,40.0,0.13351,49.0,0.13352,332.0
1753600319391,07:11:59.391,binance,AERGO/USDT:USDT,0.1335,15698.0,0.13349,1402.0,0.13351,49.0,0.13352,332.0
1753600319541,07:11:59.541,binance,AERGO/USDT:USDT,0.13348,40.0,0.13347,124.0,0.13351,49.0,0.13352,1816.0
1753600319848,07:11:59.848,binance,AERGO/USDT:USDT,0.13348,40.0,0.13347,124.0,0.13351,49.0,0.13352,1816.0
1753600319964,07:11:59.964,binance,AERGO/USDT:USDT,0.13348,40.0,0.13347,124.0,0.13351,49.0,0.13352,1816.0
1753600320451,07:12:00.451,binance,AERGO/USDT:USDT,0.13348,101.0,0.13346,2770.0,0.13351,118.0,0.13352,1816.0
1753600320552,07:12:00.552,binance,AERGO/USDT:USDT,0.13348,101.0,0.13347,379.0,0.13351,118.0,0.13352,1500.0
1753600320697,07:12:00.697,binance,AERGO/USDT:USDT,0.13348,101.0,0.13347,379.0,0.13351,118.0,0.13352,1500.0
1753600321102,07:12:01.102,binance,AERGO/USDT:USDT,0.13348,101.0,0.13347,379.0,0.13351,118.0,0.13352,1500.0
1753600321702,07:12:01.702,binance,AERGO/USDT:USDT,0.13348,101.0,0.13347,379.0,0.13351,118.0,0.13352,1500.0
1753600322147,07:12:02.147,binance,AERGO/USDT:USDT,0.13348,101.0,0.13347,379.0,0.13351,118.0,0.13352,1500.0
1753600322302,07:12:02.302,binance,AERGO/USDT:USDT,0.13348,101.0,0.13347,379.0,0.13351,118.0,0.13352,1500.0
1753600322453,07:12:02.453,binance,AERGO/USDT:USDT,0.13348,101.0,0.13346,2894.0,0.13351,2825.0,0.13352,1500.0
1753600322560,07:12:02.560,binance,AERGO/USDT:USDT,0.13348,101.0,0.13347,887.0,0.13351,2825.0,0.13352,1500.0
1753600323002,07:12:03.002,binance,AERGO/USDT:USDT,0.13348,101.0,0.13347,887.0,0.13351,2825.0,0.13352,1500.0
1753600324205,07:12:04.205,binance,AERGO/USDT:USDT,0.13348,101.0,0.13347,887.0,0.13351,2825.0,0.13352,1500.0
1753600324402,07:12:04.402,binance,AERGO/USDT:USDT,0.13348,149.0,0.13347,887.0,0.13351,2825.0,0.13352,1500.0
1753600324635,07:12:04.635,binance,AERGO/USDT:USDT,0.13348,149.0,0.13347,887.0,0.13351,2825.0,0.13352,1500.0
1753600324760,07:12:04.760,binance,AERGO/USDT:USDT,0.13348,149.0,0.13347,887.0,0.13351,2825.0,0.13352,1500.0
1753600324931,07:12:04.931,binance,AERGO/USDT:USDT,0.13348,149.0,0.13347,887.0,0.13351,2825.0,0.13352,1500.0
1753600325502,07:12:05.502,binance,AERGO/USDT:USDT,0.13348,149.0,0.13347,887.0,0.13351,2825.0,0.13352,1500.0
1753600325933,07:12:05.933,binance,AERGO/USDT:USDT,0.13348,194.0,0.13347,887.0,0.13351,2825.0,0.13352,1500.0
1753600326102,07:12:06.102,binance,AERGO/USDT:USDT,0.13348,194.0,0.13347,887.0,0.13351,2825.0,0.13352,1500.0
1753600326412,07:12:06.412,binance,AERGO/USDT:USDT,0.13348,194.0,0.13347,887.0,0.13351,2825.0,0.13352,1500.0
1753600326524,07:12:06.524,binance,AERGO/USDT:USDT,0.13348,194.0,0.13347,887.0,0.13351,2825.0,0.13352,1500.0
1753600327417,07:12:07.417,binance,AERGO/USDT:USDT,0.13348,194.0,0.13347,887.0,0.13351,2825.0,0.13352,1500.0
1753600327520,07:12:07.520,binance,AERGO/USDT:USDT,0.13348,194.0,0.13347,887.0,0.13351,2825.0,0.13352,332.0
