timestamp,time,exchange,symbol,bid1_price,bid1_volume,bid2_price,bid2_volume,ask1_price,ask1_volume,ask2_price,ask2_volume
1753599983801,07:06:23.801,binance,AAVE/USDT:USDT,295.95,23.6,295.93,10.1,295.96,12.2,295.97,7.6
1753599983913,07:06:23.913,binance,AAVE/USDT:USDT,295.95,30.1,295.94,3.6,295.96,7.7,295.97,7.6
1753599984021,07:06:24.021,binance,AAVE/USDT:USDT,295.97,36.5,295.96,36.3,295.98,0.1,295.99,0.1
1753599984226,07:06:24.226,binance,AAVE/USDT:USDT,295.97,24.2,295.96,32.7,295.98,7.4,296.0,1.3
1753599984328,07:06:24.328,binance,AAVE/USDT:USDT,295.97,6.4,295.96,26.0,295.98,7.5,296.0,1.1
1753599984739,07:06:24.739,binance,AAVE/USDT:USDT,295.97,7.8,295.96,28.2,295.98,7.5,296.0,1.1
1753599984842,07:06:24.842,binance,AAVE/USDT:USDT,295.97,12.1,295.96,28.2,295.98,6.3,296.0,1.1
1753599985021,07:06:25.021,binance,AAVE/USDT:USDT,295.97,12.1,295.96,31.8,295.98,0.1,296.0,1.1
1753599985126,07:06:25.126,binance,AAVE/USDT:USDT,295.97,12.1,295.96,31.9,295.98,0.1,296.0,1.4
1753599985229,07:06:25.229,binance,AAVE/USDT:USDT,295.97,11.4,295.96,31.9,295.98,6.2,296.0,1.0
1753599985339,07:06:25.339,binance,AAVE/USDT:USDT,295.97,6.4,295.96,28.2,295.98,6.3,296.0,1.1
1753599985442,07:06:25.442,binance,AAVE/USDT:USDT,295.97,6.4,295.96,28.2,295.98,6.3,296.0,1.1
1753599985548,07:06:25.548,binance,AAVE/USDT:USDT,295.97,7.6,295.96,28.2,295.98,7.5,296.0,1.1
1753599985651,07:06:25.651,binance,AAVE/USDT:USDT,295.97,11.0,295.96,31.8,295.98,6.3,296.0,1.1
1753599986145,07:06:26.145,binance,AAVE/USDT:USDT,295.97,8.8,295.96,8.3,295.98,10.1,296.0,14.7
1753599986249,07:06:26.249,binance,AAVE/USDT:USDT,295.97,2.8,295.96,4.2,295.98,13.0,295.99,2.2
1753599986534,07:06:26.534,binance,AAVE/USDT:USDT,295.97,2.8,295.96,7.8,295.98,11.4,295.99,2.2
1753599986740,07:06:26.740,binance,AAVE/USDT:USDT,295.97,8.9,295.96,13.2,295.98,10.2,296.0,12.4
1753599986851,07:06:26.851,binance,AAVE/USDT:USDT,295.97,8.9,295.96,13.2,295.98,10.2,296.0,12.4
1753599986953,07:06:26.953,binance,AAVE/USDT:USDT,295.97,8.9,295.96,13.2,295.98,10.2,296.0,12.4
1753599987057,07:06:27.057,binance,AAVE/USDT:USDT,295.97,14.9,295.96,16.8,295.98,6.4,296.0,1.1
1753599987160,07:06:27.160,binance,AAVE/USDT:USDT,295.97,16.4,295.96,16.8,295.98,0.4,296.0,1.2
1753599987262,07:06:27.262,binance,AAVE/USDT:USDT,295.97,16.4,295.96,18.1,295.98,0.4,296.0,1.2
1753599987371,07:06:27.371,binance,AAVE/USDT:USDT,295.97,16.4,295.96,18.1,295.98,0.4,296.0,1.2
1753599987491,07:06:27.491,binance,AAVE/USDT:USDT,295.97,16.4,295.96,18.1,295.98,0.4,296.0,1.2
1753599988393,07:06:28.393,binance,AAVE/USDT:USDT,295.97,22.5,295.96,20.2,295.98,0.4,296.0,1.2
1753599988550,07:06:28.550,binance,AAVE/USDT:USDT,295.97,22.5,295.96,20.2,295.98,0.4,296.0,1.2
1753599988821,07:06:28.821,binance,AAVE/USDT:USDT,295.97,22.5,295.96,20.2,295.98,0.4,296.0,1.2
1753599988927,07:06:28.927,binance,AAVE/USDT:USDT,295.97,22.5,295.96,20.2,295.98,0.4,296.0,1.2
1753599989389,07:06:29.389,binance,AAVE/USDT:USDT,295.99,23.6,295.98,35.2,296.0,0.9,296.01,6.3
1753599989491,07:06:29.491,binance,AAVE/USDT:USDT,295.99,23.6,295.98,31.6,296.0,0.8,296.01,6.3
1753599989596,07:06:29.596,binance,AAVE/USDT:USDT,295.99,25.0,295.98,35.2,296.0,0.9,296.01,6.3
1753599990315,07:06:30.315,binance,AAVE/USDT:USDT,295.99,26.4,295.98,35.2,296.0,0.8,296.01,0.2
1753599990420,07:06:30.420,binance,AAVE/USDT:USDT,295.99,26.4,295.98,31.6,296.0,0.8,296.01,0.2
1753599991257,07:06:31.257,binance,AAVE/USDT:USDT,295.99,4.5,295.98,18.0,296.0,8.7,296.01,4.3
1753599991419,07:06:31.419,binance,AAVE/USDT:USDT,295.99,4.5,295.98,18.0,296.0,8.8,296.01,4.3
1753599991525,07:06:31.525,binance,AAVE/USDT:USDT,295.99,4.5,295.98,11.9,296.0,11.7,296.01,4.3
1753599992001,07:06:32.001,binance,AAVE/USDT:USDT,295.99,6.1,295.98,11.9,296.0,8.8,296.01,4.2
1753599992213,07:06:32.213,binance,AAVE/USDT:USDT,295.99,12.3,295.98,16.5,296.0,7.0,296.01,0.2
1753599992321,07:06:32.321,binance,AAVE/USDT:USDT,295.99,15.0,295.98,16.5,296.0,0.9,296.01,0.2
1753599992423,07:06:32.423,binance,AAVE/USDT:USDT,295.99,17.8,295.98,21.0,296.0,0.9,296.01,0.2
1753599992548,07:06:32.548,binance,AAVE/USDT:USDT,295.99,17.8,295.98,21.0,296.0,0.9,296.01,0.2
1753599992652,07:06:32.652,binance,AAVE/USDT:USDT,295.99,17.8,295.98,21.0,296.0,0.9,296.01,0.2
1753599992759,07:06:32.759,binance,AAVE/USDT:USDT,295.99,17.8,295.98,21.0,296.0,0.9,296.01,0.2
1753599992895,07:06:32.895,binance,AAVE/USDT:USDT,295.99,17.8,295.98,21.0,296.0,0.9,296.01,0.2
1753599992998,07:06:32.998,binance,AAVE/USDT:USDT,295.99,17.8,295.98,21.0,296.0,0.9,296.01,0.2
1753599993234,07:06:33.234,binance,AAVE/USDT:USDT,295.99,24.2,295.98,27.3,296.0,0.9,296.01,0.2
1753599993340,07:06:33.340,binance,AAVE/USDT:USDT,295.99,24.2,295.98,27.3,296.0,0.9,296.01,0.2
1753599993765,07:06:33.765,binance,AAVE/USDT:USDT,295.99,14.1,295.98,18.2,296.0,7.0,296.01,0.2
1753599993868,07:06:33.868,binance,AAVE/USDT:USDT,295.99,18.0,295.98,18.2,296.0,0.9,296.01,0.2
1753599993969,07:06:33.969,binance,AAVE/USDT:USDT,295.99,16.6,295.98,18.2,296.0,7.0,296.01,0.2
1753599994070,07:06:34.070,binance,AAVE/USDT:USDT,295.99,12.3,295.98,11.9,296.0,7.2,296.01,0.2
1753599994175,07:06:34.175,binance,AAVE/USDT:USDT,295.99,10.4,295.98,16.4,296.0,7.1,296.01,0.2
1753599994278,07:06:34.278,binance,AAVE/USDT:USDT,295.99,10.4,295.98,16.4,296.0,7.1,296.01,0.2
1753599994382,07:06:34.382,binance,AAVE/USDT:USDT,295.99,10.4,295.98,16.4,296.0,7.1,296.01,0.2
1753599994514,07:06:34.514,binance,AAVE/USDT:USDT,295.99,26.1,295.98,16.4,296.0,7.1,296.01,0.2
1753599994619,07:06:34.619,binance,AAVE/USDT:USDT,295.99,26.1,295.98,16.4,296.0,8.3,296.01,0.2
1753599994722,07:06:34.722,binance,AAVE/USDT:USDT,295.99,29.7,295.98,16.4,296.0,7.1,296.01,0.2
1753599994832,07:06:34.832,binance,AAVE/USDT:USDT,295.99,29.7,295.98,16.4,296.0,7.1,296.01,0.2
1753599994935,07:06:34.935,binance,AAVE/USDT:USDT,295.99,29.7,295.98,16.4,296.0,7.1,296.01,0.2
1753599995074,07:06:35.074,binance,AAVE/USDT:USDT,295.99,29.7,295.98,16.4,296.0,7.1,296.01,0.2
1753599995647,07:06:35.647,binance,AAVE/USDT:USDT,295.99,29.7,295.98,11.9,296.0,7.0,296.01,0.2
1753599995752,07:06:35.752,binance,AAVE/USDT:USDT,295.99,29.7,295.98,11.9,296.0,7.0,296.01,0.2
1753599995860,07:06:35.860,binance,AAVE/USDT:USDT,295.97,9.2,295.96,0.1,295.98,43.2,295.99,23.7
1753599995963,07:06:35.963,binance,AAVE/USDT:USDT,295.97,8.9,295.96,0.1,295.98,43.3,295.99,23.7
1753599996069,07:06:36.069,binance,AAVE/USDT:USDT,295.97,8.9,295.96,0.1,295.98,43.3,295.99,23.7
1753599996177,07:06:36.177,binance,AAVE/USDT:USDT,295.97,8.9,295.96,0.1,295.98,41.6,295.99,18.8
1753599996278,07:06:36.278,binance,AAVE/USDT:USDT,295.97,8.9,295.96,0.1,295.98,40.4,295.99,15.8
1753599996388,07:06:36.388,binance,AAVE/USDT:USDT,295.97,8.9,295.96,0.1,295.98,35.2,295.99,15.8
1753599996553,07:06:36.553,binance,AAVE/USDT:USDT,295.97,8.9,295.96,0.1,295.98,35.2,295.99,15.8
1753599996656,07:06:36.656,binance,AAVE/USDT:USDT,295.97,8.9,295.96,0.1,295.98,35.2,295.99,15.8
1753599996773,07:06:36.773,binance,AAVE/USDT:USDT,295.97,10.2,295.96,4.6,295.98,35.2,295.99,10.7
1753599996880,07:06:36.880,binance,AAVE/USDT:USDT,295.97,12.2,295.96,13.1,295.98,6.1,295.99,6.1
1753599996982,07:06:36.982,binance,AAVE/USDT:USDT,295.97,12.3,295.96,13.1,295.98,6.2,295.99,6.1
1753599997084,07:06:37.084,binance,AAVE/USDT:USDT,295.97,12.3,295.96,13.1,295.98,6.2,295.99,6.1
1753599997209,07:06:37.209,binance,AAVE/USDT:USDT,295.97,15.7,295.96,13.1,295.98,6.2,295.99,6.1
1753599997315,07:06:37.315,binance,AAVE/USDT:USDT,295.97,15.7,295.96,13.1,295.98,6.2,295.99,6.1
1753599997433,07:06:37.433,binance,AAVE/USDT:USDT,295.97,15.7,295.96,13.1,295.98,6.2,295.99,6.1
1753599997648,07:06:37.648,binance,AAVE/USDT:USDT,295.98,36.7,295.97,17.5,295.99,6.2,296.0,14.1
1753599997751,07:06:37.751,binance,AAVE/USDT:USDT,295.98,36.7,295.97,17.5,295.99,6.2,296.0,14.1
1753599997867,07:06:37.867,binance,AAVE/USDT:USDT,295.98,36.9,295.97,17.5,295.99,6.2,296.0,14.1
1753599998018,07:06:38.018,binance,AAVE/USDT:USDT,295.98,35.4,295.97,17.5,295.99,6.2,296.0,14.1
1753599998121,07:06:38.121,binance,AAVE/USDT:USDT,295.98,35.4,295.97,17.5,295.99,6.2,296.0,14.1
1753599998227,07:06:38.227,binance,AAVE/USDT:USDT,295.98,35.4,295.97,17.5,295.99,6.2,296.0,14.1
1753599998329,07:06:38.329,binance,AAVE/USDT:USDT,295.98,35.4,295.97,17.5,295.99,6.2,296.0,14.1
1753599998532,07:06:38.532,binance,AAVE/USDT:USDT,295.98,35.4,295.97,17.5,295.99,6.2,296.0,14.1
1753599998635,07:06:38.635,binance,AAVE/USDT:USDT,295.98,19.4,295.97,12.9,295.99,11.3,296.0,14.1
1753599998745,07:06:38.745,binance,AAVE/USDT:USDT,295.98,19.7,295.97,12.9,295.99,11.3,296.0,14.1
1753599998911,07:06:38.911,binance,AAVE/USDT:USDT,295.98,22.5,295.97,17.4,295.99,10.1,296.0,14.1
1753599999021,07:06:39.021,binance,AAVE/USDT:USDT,295.98,22.5,295.97,17.4,295.99,10.1,296.0,14.1
1753599999124,07:06:39.124,binance,AAVE/USDT:USDT,295.98,14.6,295.97,17.4,295.99,10.1,296.0,14.1
1753599999321,07:06:39.321,binance,AAVE/USDT:USDT,295.98,14.6,295.97,17.4,295.99,11.3,296.0,14.1
1753599999436,07:06:39.436,binance,AAVE/USDT:USDT,295.98,14.6,295.97,17.4,295.99,11.3,296.0,14.1
1753599999537,07:06:39.537,binance,AAVE/USDT:USDT,295.98,14.6,295.97,17.4,295.99,11.3,296.0,14.1
1753599999657,07:06:39.657,binance,AAVE/USDT:USDT,295.98,14.8,295.97,17.4,295.99,11.3,296.0,14.1
1753599999814,07:06:39.814,binance,AAVE/USDT:USDT,295.98,14.8,295.97,17.4,295.99,11.3,296.0,14.1
1753599999917,07:06:39.917,binance,AAVE/USDT:USDT,295.98,15.1,295.97,17.4,295.99,11.3,296.0,14.1
1753600000140,07:06:40.140,binance,AAVE/USDT:USDT,295.98,15.3,295.97,17.4,295.99,10.1,296.0,14.1
1753600000243,07:06:40.243,binance,AAVE/USDT:USDT,295.98,15.3,295.97,17.4,295.99,6.2,296.0,14.1
1753600000347,07:06:40.347,binance,AAVE/USDT:USDT,295.99,30.1,295.98,12.3,296.0,6.9,296.01,0.2
1753600000448,07:06:40.448,binance,AAVE/USDT:USDT,296.06,1.2,296.05,10.9,296.07,1.1,296.08,0.2
1753600000549,07:06:40.549,binance,AAVE/USDT:USDT,296.06,26.5,296.05,23.2,296.07,12.0,296.08,4.3
1753600000650,07:06:40.650,binance,AAVE/USDT:USDT,296.06,33.0,296.05,30.7,296.07,0.4,296.08,4.3
1753600000751,07:06:40.751,binance,AAVE/USDT:USDT,296.06,33.0,296.05,14.6,296.07,8.0,296.08,4.3
1753600000852,07:06:40.852,binance,AAVE/USDT:USDT,296.06,18.7,296.05,16.8,296.07,8.0,296.08,4.3
1753600000962,07:06:40.962,binance,AAVE/USDT:USDT,296.06,18.7,296.05,21.3,296.07,8.0,296.08,4.3
1753600001064,07:06:41.064,binance,AAVE/USDT:USDT,296.06,18.7,296.05,16.8,296.07,8.0,296.08,4.3
1753600001167,07:06:41.167,binance,AAVE/USDT:USDT,296.06,0.7,296.05,0.1,296.07,12.9,296.08,4.3
1753600001270,07:06:41.270,binance,AAVE/USDT:USDT,296.06,0.7,296.05,0.1,296.07,13.0,296.08,4.3
1753600001373,07:06:41.373,binance,AAVE/USDT:USDT,296.06,0.8,296.05,0.1,296.07,13.0,296.08,4.3
1753600001476,07:06:41.476,binance,AAVE/USDT:USDT,296.06,1.3,296.05,0.1,296.07,13.0,296.08,4.3
1753600001591,07:06:41.591,binance,AAVE/USDT:USDT,296.06,1.3,296.05,0.1,296.07,13.0,296.08,4.3
1753600001704,07:06:41.704,binance,AAVE/USDT:USDT,296.06,1.3,296.05,0.1,296.07,13.0,296.08,4.3
1753600001813,07:06:41.813,binance,AAVE/USDT:USDT,296.03,0.1,296.02,0.2,296.04,36.2,296.05,9.9
1753600001914,07:06:41.914,binance,AAVE/USDT:USDT,296.03,0.1,296.02,0.2,296.04,36.3,296.05,9.9
1753600002017,07:06:42.017,binance,AAVE/USDT:USDT,296.03,0.1,296.02,0.2,296.04,36.3,296.05,9.9
1753600002118,07:06:42.118,binance,AAVE/USDT:USDT,296.01,6.7,296.0,9.1,296.02,10.3,296.03,6.4
1753600002220,07:06:42.220,binance,AAVE/USDT:USDT,296.01,12.1,296.0,13.6,296.03,6.4,296.04,13.6
1753600002321,07:06:42.321,binance,AAVE/USDT:USDT,296.02,32.4,296.01,14.5,296.03,6.2,296.04,13.5
1753600002527,07:06:42.527,binance,AAVE/USDT:USDT,296.03,33.3,296.02,28.3,296.04,0.1,296.05,4.8
1753600002629,07:06:42.629,binance,AAVE/USDT:USDT,296.03,33.3,296.02,28.3,296.04,0.1,296.06,5.3
1753600002732,07:06:42.732,binance,AAVE/USDT:USDT,296.03,33.3,296.02,32.8,296.04,0.1,296.06,5.3
1753600002835,07:06:42.835,binance,AAVE/USDT:USDT,296.03,33.3,296.02,32.8,296.04,0.4,296.06,5.3
1753600002939,07:06:42.939,binance,AAVE/USDT:USDT,296.03,33.3,296.02,32.8,296.04,0.5,296.06,5.3
1753600003056,07:06:43.056,binance,AAVE/USDT:USDT,296.03,33.3,296.02,32.8,296.04,0.5,296.06,5.3
1753600003161,07:06:43.161,binance,AAVE/USDT:USDT,296.03,33.3,296.02,32.8,296.04,0.5,296.06,5.3
1753600003262,07:06:43.262,binance,AAVE/USDT:USDT,296.03,33.3,296.02,32.8,296.04,0.4,296.06,5.3
1753600003371,07:06:43.371,binance,AAVE/USDT:USDT,296.03,33.3,296.02,32.8,296.04,0.4,296.06,5.3
1753600003474,07:06:43.474,binance,AAVE/USDT:USDT,296.03,33.3,296.02,32.8,296.04,0.4,296.06,5.3
1753600003585,07:06:43.585,binance,AAVE/USDT:USDT,296.03,29.6,296.02,28.3,296.04,0.4,296.06,5.3
1753600003688,07:06:43.688,binance,AAVE/USDT:USDT,296.03,29.6,296.02,28.3,296.04,0.4,296.06,5.3
1753600003791,07:06:43.791,binance,AAVE/USDT:USDT,296.03,29.6,296.02,28.3,296.04,0.4,296.06,5.3
1753600003911,07:06:43.911,binance,AAVE/USDT:USDT,296.03,27.7,296.02,28.3,296.04,0.4,296.06,5.3
1753600004119,07:06:44.119,binance,AAVE/USDT:USDT,296.03,27.4,296.02,21.3,296.04,6.5,296.06,5.3
1753600004242,07:06:44.242,binance,AAVE/USDT:USDT,296.03,27.4,296.02,21.3,296.04,6.5,296.06,5.3
1753600004348,07:06:44.348,binance,AAVE/USDT:USDT,296.06,23.8,296.05,9.0,296.07,7.8,296.08,4.3
1753600004450,07:06:44.450,binance,AAVE/USDT:USDT,296.06,74.1,296.05,9.0,296.07,6.2,296.08,4.3
1753600004578,07:06:44.578,binance,AAVE/USDT:USDT,296.06,74.2,296.05,9.0,296.07,6.3,296.08,4.3
1753600004692,07:06:44.692,binance,AAVE/USDT:USDT,296.06,74.2,296.05,4.5,296.07,6.3,296.08,4.3
1753600004793,07:06:44.793,binance,AAVE/USDT:USDT,296.06,74.2,296.05,4.5,296.07,6.3,296.08,4.3
1753600004912,07:06:44.912,binance,AAVE/USDT:USDT,296.06,74.2,296.05,4.5,296.07,7.8,296.08,4.3
1753600005017,07:06:45.017,binance,AAVE/USDT:USDT,296.06,74.2,296.05,4.5,296.07,7.8,296.08,4.3
1753600005130,07:06:45.130,binance,AAVE/USDT:USDT,296.06,74.2,296.05,4.5,296.07,9.3,296.08,4.3
1753600005232,07:06:45.232,binance,AAVE/USDT:USDT,296.06,74.2,296.05,4.5,296.07,9.3,296.08,4.3
1753600005336,07:06:45.336,binance,AAVE/USDT:USDT,296.06,72.8,296.05,4.5,296.07,9.3,296.08,4.3
1753600005498,07:06:45.498,binance,AAVE/USDT:USDT,296.06,61.0,296.05,3.3,296.07,11.0,296.08,4.3
1753600005599,07:06:45.599,binance,AAVE/USDT:USDT,296.02,5.1,296.01,8.8,296.03,23.2,296.04,23.1
1753600005702,07:06:45.702,binance,AAVE/USDT:USDT,296.02,5.2,296.01,5.6,296.03,22.9,296.04,23.1
1753600005809,07:06:45.809,binance,AAVE/USDT:USDT,296.02,5.2,296.01,5.6,296.03,22.9,296.04,20.0
1753600005927,07:06:45.927,binance,AAVE/USDT:USDT,296.02,6.4,296.01,5.6,296.03,22.9,296.04,20.0
1753600006029,07:06:46.029,binance,AAVE/USDT:USDT,296.02,1.3,296.01,5.6,296.03,22.9,296.04,20.0
1753600006136,07:06:46.136,binance,AAVE/USDT:USDT,296.02,1.0,296.01,5.6,296.03,22.9,296.04,20.0
1753600006237,07:06:46.237,binance,AAVE/USDT:USDT,296.02,1.0,296.01,5.6,296.03,22.9,296.04,20.0
1753600006339,07:06:46.339,binance,AAVE/USDT:USDT,296.02,1.0,296.01,5.6,296.03,21.4,296.04,20.0
1753600006491,07:06:46.491,binance,AAVE/USDT:USDT,296.02,1.0,296.01,5.6,296.03,23.7,296.04,20.0
1753600006609,07:06:46.609,binance,AAVE/USDT:USDT,296.02,1.0,296.01,5.6,296.03,23.7,296.04,20.0
1753600006738,07:06:46.738,binance,AAVE/USDT:USDT,296.02,1.0,296.01,5.6,296.03,23.7,296.04,20.0
1753600006841,07:06:46.841,binance,AAVE/USDT:USDT,295.97,12.8,295.96,16.0,295.98,1.8,295.99,44.9
1753600006942,07:06:46.942,binance,AAVE/USDT:USDT,295.97,12.6,295.96,0.2,295.98,28.5,295.99,16.8
1753600007148,07:06:47.148,binance,AAVE/USDT:USDT,295.97,7.5,295.96,0.2,295.98,24.5,295.99,12.1
1753600007253,07:06:47.253,binance,AAVE/USDT:USDT,295.96,0.2,295.95,1.5,295.97,38.9,295.98,21.6
1753600007354,07:06:47.354,binance,AAVE/USDT:USDT,295.94,0.1,295.93,0.4,295.95,83.6,295.96,26.5
1753600007456,07:06:47.456,binance,AAVE/USDT:USDT,295.94,0.1,295.93,0.4,295.95,32.8,295.96,20.8
1753600007557,07:06:47.557,binance,AAVE/USDT:USDT,295.94,0.1,295.93,0.4,295.95,35.4,295.96,20.7
1753600007680,07:06:47.680,binance,AAVE/USDT:USDT,295.94,0.1,295.93,0.4,295.95,35.4,295.96,20.7
1753600007791,07:06:47.791,binance,AAVE/USDT:USDT,295.97,20.4,295.96,28.6,296.0,0.3,296.01,0.3
1753600008205,07:06:48.205,binance,AAVE/USDT:USDT,295.98,4.6,295.97,16.4,295.99,21.3,296.0,14.0
1753600008314,07:06:48.314,binance,AAVE/USDT:USDT,295.98,4.8,295.97,16.4,295.99,21.3,296.0,14.0
1753600008415,07:06:48.415,binance,AAVE/USDT:USDT,295.98,4.8,295.97,16.4,295.99,21.3,296.0,14.0
1753600008526,07:06:48.526,binance,AAVE/USDT:USDT,295.98,4.8,295.97,16.4,295.99,21.3,296.0,14.0
1753600008631,07:06:48.631,binance,AAVE/USDT:USDT,295.98,4.8,295.97,16.4,295.99,21.3,296.0,14.0
1753600008762,07:06:48.762,binance,AAVE/USDT:USDT,295.98,6.5,295.97,16.4,295.99,21.3,296.0,14.0
1753600008864,07:06:48.864,binance,AAVE/USDT:USDT,295.98,10.1,295.97,16.4,295.99,16.4,296.0,14.0
1753600008970,07:06:48.970,binance,AAVE/USDT:USDT,295.98,4.9,295.97,8.6,295.99,20.4,296.0,14.0
1753600009074,07:06:49.074,binance,AAVE/USDT:USDT,295.98,4.9,295.97,6.1,295.99,16.4,296.0,14.0
1753600009176,07:06:49.176,binance,AAVE/USDT:USDT,295.98,4.9,295.97,8.3,295.99,14.9,296.0,14.0
1753600009283,07:06:49.283,binance,AAVE/USDT:USDT,295.98,15.3,295.97,19.1,295.99,0.1,296.0,0.2
1753600009386,07:06:49.386,binance,AAVE/USDT:USDT,295.98,18.3,295.97,19.2,295.99,0.1,296.0,0.2
1753600009493,07:06:49.493,binance,AAVE/USDT:USDT,295.98,18.3,295.97,19.2,295.99,0.1,296.0,0.2
1753600009598,07:06:49.598,binance,AAVE/USDT:USDT,295.98,18.3,295.97,19.2,295.99,0.1,296.0,0.2
1753600009704,07:06:49.704,binance,AAVE/USDT:USDT,295.98,18.3,295.97,19.2,295.99,0.1,296.0,0.2
1753600009818,07:06:49.818,binance,AAVE/USDT:USDT,295.98,18.2,295.97,19.2,295.99,0.1,296.0,0.2
1753600009920,07:06:49.920,binance,AAVE/USDT:USDT,295.98,22.2,295.97,25.5,295.99,0.1,296.0,0.2
1753600010021,07:06:50.021,binance,AAVE/USDT:USDT,295.98,22.2,295.97,25.5,295.99,0.1,296.0,0.2
1753600010159,07:06:50.159,binance,AAVE/USDT:USDT,295.98,22.2,295.97,25.5,295.99,0.1,296.0,0.2
1753600010264,07:06:50.264,binance,AAVE/USDT:USDT,295.98,21.9,295.97,25.5,295.99,0.1,296.0,0.2
1753600010402,07:06:50.402,binance,AAVE/USDT:USDT,295.98,21.9,295.97,25.5,295.99,0.1,296.0,0.2
1753600010548,07:06:50.548,binance,AAVE/USDT:USDT,295.98,22.0,295.97,14.7,295.99,6.2,296.0,0.2
1753600010654,07:06:50.654,binance,AAVE/USDT:USDT,295.98,18.3,295.97,12.4,295.99,6.3,296.0,0.2
1753600010760,07:06:50.760,binance,AAVE/USDT:USDT,295.98,19.8,295.97,12.4,295.99,6.3,296.0,0.2
1753600010863,07:06:50.863,binance,AAVE/USDT:USDT,295.99,29.1,295.98,30.8,296.0,0.1,296.01,0.1
1753600010966,07:06:50.966,binance,AAVE/USDT:USDT,295.99,29.1,295.98,30.8,296.0,0.1,296.01,0.1
1753600011069,07:06:51.069,binance,AAVE/USDT:USDT,295.99,9.8,295.98,22.3,296.0,7.5,296.02,6.5
1753600011170,07:06:51.170,binance,AAVE/USDT:USDT,295.99,6.8,295.98,19.7,296.0,7.5,296.02,6.5
1753600011272,07:06:51.272,binance,AAVE/USDT:USDT,295.99,9.6,295.98,19.7,296.0,6.3,296.02,6.5
1753600011375,07:06:51.375,binance,AAVE/USDT:USDT,295.99,10.8,295.98,19.7,296.0,6.3,296.02,6.5
1753600011489,07:06:51.489,binance,AAVE/USDT:USDT,295.99,11.5,295.98,19.7,296.0,6.3,296.02,6.5
1753600011608,07:06:51.608,binance,AAVE/USDT:USDT,295.99,11.5,295.98,19.7,296.0,6.3,296.02,6.5
1753600011712,07:06:51.712,binance,AAVE/USDT:USDT,295.99,10.8,295.98,19.7,296.0,6.3,296.02,6.5
1753600011815,07:06:51.815,binance,AAVE/USDT:USDT,295.99,10.8,295.98,19.7,296.0,6.3,296.02,6.5
1753600011917,07:06:51.917,binance,AAVE/USDT:USDT,295.99,9.7,295.98,19.7,296.0,6.3,296.01,4.0
1753600012020,07:06:52.020,binance,AAVE/USDT:USDT,295.99,11.6,295.98,19.7,296.0,6.3,296.01,4.0
1753600012123,07:06:52.123,binance,AAVE/USDT:USDT,295.99,11.6,295.98,19.7,296.0,6.3,296.01,4.0
1753600012226,07:06:52.226,binance,AAVE/USDT:USDT,295.99,11.6,295.98,19.7,296.0,6.3,296.01,4.0
1753600012433,07:06:52.433,binance,AAVE/USDT:USDT,295.99,12.8,295.98,19.7,296.0,0.1,296.01,0.1
1753600012545,07:06:52.545,binance,AAVE/USDT:USDT,296.01,23.4,296.0,29.9,296.02,9.1,296.03,0.2
1753600012649,07:06:52.649,binance,AAVE/USDT:USDT,296.01,18.4,296.0,29.9,296.02,0.1,296.03,0.2
1753600012757,07:06:52.757,binance,AAVE/USDT:USDT,296.01,18.4,296.0,29.9,296.02,0.1,296.03,0.1
1753600012862,07:06:52.862,binance,AAVE/USDT:USDT,296.01,18.4,296.0,30.0,296.02,0.1,296.03,0.1
1753600012967,07:06:52.967,binance,AAVE/USDT:USDT,296.01,18.4,296.0,30.0,296.02,0.1,296.03,0.1
1753600013073,07:06:53.073,binance,AAVE/USDT:USDT,296.01,18.4,296.0,30.0,296.02,0.1,296.03,0.1
1753600013176,07:06:53.176,binance,AAVE/USDT:USDT,296.12,0.1,296.11,0.2,296.13,16.4,296.14,18.3
1753600013277,07:06:53.277,binance,AAVE/USDT:USDT,296.06,8.7,296.04,4.5,296.07,21.6,296.09,12.5
1753600013380,07:06:53.380,binance,AAVE/USDT:USDT,296.06,2.2,296.04,5.8,296.07,20.2,296.08,4.2
1753600013481,07:06:53.481,binance,AAVE/USDT:USDT,296.04,4.4,296.03,7.3,296.05,10.5,296.06,2.9
1753600013583,07:06:53.583,binance,AAVE/USDT:USDT,296.04,4.4,296.03,7.3,296.05,10.6,296.06,2.9
1753600013688,07:06:53.688,binance,AAVE/USDT:USDT,296.04,9.7,296.03,11.8,296.05,7.7,296.06,2.9
1753600013792,07:06:53.792,binance,AAVE/USDT:USDT,296.04,10.9,296.03,11.8,296.05,6.2,296.06,2.9
1753600013894,07:06:53.894,binance,AAVE/USDT:USDT,296.04,10.9,296.03,11.8,296.05,6.2,296.07,11.5
1753600013996,07:06:53.996,binance,AAVE/USDT:USDT,296.04,9.7,296.03,11.8,296.05,6.2,296.07,11.5
1753600014108,07:06:54.108,binance,AAVE/USDT:USDT,296.04,10.9,296.03,11.8,296.05,6.2,296.07,11.5
1753600014234,07:06:54.234,binance,AAVE/USDT:USDT,296.06,4.2,296.05,15.5,296.07,4.8,296.08,4.3
1753600014335,07:06:54.335,binance,AAVE/USDT:USDT,296.07,15.5,296.06,10.6,296.08,0.1,296.1,4.5
1753600014438,07:06:54.438,binance,AAVE/USDT:USDT,296.07,17.5,296.06,10.6,296.08,0.1,296.1,4.5
1753600014541,07:06:54.541,binance,AAVE/USDT:USDT,296.07,17.5,296.06,21.8,296.08,0.1,296.1,0.3
1753600014756,07:06:54.756,binance,AAVE/USDT:USDT,296.07,17.5,296.06,21.8,296.08,0.1,296.1,0.3
1753600014966,07:06:54.966,binance,AAVE/USDT:USDT,296.07,21.5,296.06,25.8,296.08,0.1,296.1,0.3
1753600015069,07:06:55.069,binance,AAVE/USDT:USDT,296.07,21.5,296.06,25.8,296.08,0.1,296.1,0.3
1753600015205,07:06:55.205,binance,AAVE/USDT:USDT,296.07,21.5,296.06,25.8,296.08,0.1,296.1,0.3
1753600015307,07:06:55.307,binance,AAVE/USDT:USDT,296.07,15.4,296.06,11.0,296.08,0.1,296.1,4.5
1753600015413,07:06:55.413,binance,AAVE/USDT:USDT,296.06,0.4,296.04,4.2,296.07,30.5,296.08,14.5
1753600015516,07:06:55.516,binance,AAVE/USDT:USDT,296.04,0.1,296.03,0.1,296.05,38.5,296.06,17.1
1753600015617,07:06:55.617,binance,AAVE/USDT:USDT,296.03,6.2,296.02,0.2,296.04,23.8,296.05,24.6
1753600015718,07:06:55.718,binance,AAVE/USDT:USDT,296.03,7.6,296.02,2.3,296.04,15.4,296.05,22.0
1753600015822,07:06:55.822,binance,AAVE/USDT:USDT,296.04,7.2,296.03,7.5,296.05,15.7,296.06,9.9
1753600015953,07:06:55.953,binance,AAVE/USDT:USDT,296.04,8.5,296.03,7.5,296.05,15.8,296.06,9.9
1753600016058,07:06:56.058,binance,AAVE/USDT:USDT,296.04,7.4,296.03,7.5,296.05,15.8,296.06,9.9
1753600016189,07:06:56.189,binance,AAVE/USDT:USDT,296.04,7.4,296.03,7.5,296.05,15.8,296.06,9.9
1753600016292,07:06:56.292,binance,AAVE/USDT:USDT,296.04,7.4,296.03,7.5,296.05,15.8,296.06,9.9
1753600016412,07:06:56.412,binance,AAVE/USDT:USDT,296.04,6.2,296.03,7.5,296.05,16.0,296.06,9.9
1753600016516,07:06:56.516,binance,AAVE/USDT:USDT,296.03,6.3,296.02,0.1,296.04,11.9,296.05,15.9
1753600016620,07:06:56.620,binance,AAVE/USDT:USDT,296.03,6.4,296.02,0.1,296.04,10.5,296.05,15.9
1753600016726,07:06:56.726,binance,AAVE/USDT:USDT,296.03,6.4,296.02,0.1,296.04,10.5,296.05,15.9
1753600016828,07:06:56.828,binance,AAVE/USDT:USDT,296.03,6.4,296.02,0.1,296.04,10.5,296.05,15.9
1753600016929,07:06:56.929,binance,AAVE/USDT:USDT,296.03,6.5,296.02,0.1,296.04,10.5,296.05,15.9
1753600017115,07:06:57.115,binance,AAVE/USDT:USDT,296.03,11.8,296.02,0.1,296.04,6.2,296.05,15.9
1753600017219,07:06:57.219,binance,AAVE/USDT:USDT,296.03,11.8,296.02,0.1,296.04,6.2,296.05,15.9
1753600017389,07:06:57.389,binance,AAVE/USDT:USDT,296.03,12.0,296.02,12.8,296.04,6.3,296.05,15.9
1753600017491,07:06:57.491,binance,AAVE/USDT:USDT,296.03,12.1,296.02,12.8,296.04,6.3,296.05,15.9
1753600017599,07:06:57.599,binance,AAVE/USDT:USDT,296.03,12.1,296.02,12.8,296.04,0.2,296.05,15.9
1753600017701,07:06:57.701,binance,AAVE/USDT:USDT,296.03,10.7,296.02,12.8,296.04,7.7,296.05,15.9
1753600017808,07:06:57.808,binance,AAVE/USDT:USDT,296.02,12.8,296.01,8.1,296.03,6.1,296.04,9.4
1753600017911,07:06:57.911,binance,AAVE/USDT:USDT,296.02,12.9,296.01,8.1,296.03,6.2,296.04,9.4
1753600018013,07:06:58.013,binance,AAVE/USDT:USDT,296.02,12.9,296.01,8.1,296.03,6.2,296.04,9.4
1753600018126,07:06:58.126,binance,AAVE/USDT:USDT,296.02,12.9,296.01,8.1,296.03,6.2,296.04,9.4
1753600018228,07:06:58.228,binance,AAVE/USDT:USDT,296.02,12.9,296.01,8.1,296.03,6.2,296.04,9.4
1753600018357,07:06:58.357,binance,AAVE/USDT:USDT,296.02,12.9,296.01,8.1,296.03,6.2,296.04,9.4
1753600018466,07:06:58.466,binance,AAVE/USDT:USDT,296.02,15.3,296.01,10.9,296.03,6.2,296.04,9.4
1753600018568,07:06:58.568,binance,AAVE/USDT:USDT,296.03,16.6,296.02,15.2,296.04,6.2,296.05,15.7
1753600018723,07:06:58.723,binance,AAVE/USDT:USDT,296.03,16.7,296.02,15.2,296.04,6.3,296.05,15.7
1753600018832,07:06:58.832,binance,AAVE/USDT:USDT,296.03,19.5,296.02,15.2,296.04,6.3,296.05,15.7
1753600018937,07:06:58.937,binance,AAVE/USDT:USDT,296.03,18.7,296.02,15.2,296.04,6.3,296.05,15.7
1753600019227,07:06:59.227,binance,AAVE/USDT:USDT,296.03,18.8,296.02,22.0,296.04,0.2,296.05,15.7
1753600019502,07:06:59.502,binance,AAVE/USDT:USDT,296.03,18.8,296.02,22.0,296.04,0.2,296.05,15.7
1753600019609,07:06:59.609,binance,AAVE/USDT:USDT,296.03,20.2,296.02,22.0,296.04,0.2,296.05,9.6
1753600019714,07:06:59.714,binance,AAVE/USDT:USDT,296.03,20.2,296.02,22.0,296.04,0.2,296.05,9.6
1753600019820,07:06:59.820,binance,AAVE/USDT:USDT,296.03,24.2,296.02,26.0,296.04,0.2,296.05,9.6
1753600019925,07:06:59.925,binance,AAVE/USDT:USDT,296.03,24.2,296.02,26.0,296.04,0.2,296.05,9.6
1753600020030,07:07:00.030,binance,AAVE/USDT:USDT,296.03,24.2,296.02,26.0,296.04,0.2,296.05,9.6
1753600020134,07:07:00.134,binance,AAVE/USDT:USDT,296.03,24.2,296.02,26.0,296.04,0.2,296.05,9.6
1753600020242,07:07:00.242,binance,AAVE/USDT:USDT,296.05,27.2,296.04,30.7,296.06,0.1,296.07,1.0
1753600020346,07:07:00.346,binance,AAVE/USDT:USDT,296.05,27.3,296.04,34.3,296.06,0.1,296.07,1.0
1753600020449,07:07:00.449,binance,AAVE/USDT:USDT,296.05,29.6,296.04,34.3,296.06,0.1,296.07,1.0
1753600020550,07:07:00.550,binance,AAVE/USDT:USDT,296.05,29.6,296.04,30.8,296.06,0.4,296.07,1.0
1753600020653,07:07:00.653,binance,AAVE/USDT:USDT,296.05,29.6,296.04,30.8,296.06,0.5,296.07,1.0
1753600020754,07:07:00.754,binance,AAVE/USDT:USDT,296.05,29.6,296.04,26.6,296.06,8.4,296.07,0.9
1753600020858,07:07:00.858,binance,AAVE/USDT:USDT,296.05,2.6,296.04,22.6,296.06,11.9,296.07,0.9
1753600020970,07:07:00.970,binance,AAVE/USDT:USDT,296.05,8.7,296.04,22.6,296.06,10.2,296.07,0.9
1753600021073,07:07:01.073,binance,AAVE/USDT:USDT,296.05,8.7,296.04,22.6,296.06,11.9,296.07,0.9
1753600021201,07:07:01.201,binance,AAVE/USDT:USDT,296.05,8.7,296.04,22.6,296.06,11.9,296.07,0.9
1753600021304,07:07:01.304,binance,AAVE/USDT:USDT,296.05,8.7,296.04,22.6,296.06,12.2,296.07,0.9
1753600021407,07:07:01.407,binance,AAVE/USDT:USDT,296.05,8.7,296.04,22.6,296.06,12.2,296.07,0.9
1753600021509,07:07:01.509,binance,AAVE/USDT:USDT,296.05,8.7,296.04,22.6,296.06,8.7,296.07,0.9
1753600021618,07:07:01.618,binance,AAVE/USDT:USDT,296.05,2.6,296.04,22.6,296.06,8.7,296.07,0.9
1753600021720,07:07:01.720,binance,AAVE/USDT:USDT,296.05,2.6,296.04,22.6,296.06,12.2,296.07,0.9
1753600021823,07:07:01.823,binance,AAVE/USDT:USDT,296.05,2.6,296.04,9.1,296.06,12.5,296.07,0.9
1753600021924,07:07:01.924,binance,AAVE/USDT:USDT,296.05,2.6,296.04,9.1,296.06,12.5,296.07,0.9
1753600022026,07:07:02.026,binance,AAVE/USDT:USDT,296.05,8.5,296.04,4.9,296.06,9.3,296.07,0.9
1753600022128,07:07:02.128,binance,AAVE/USDT:USDT,296.05,8.6,296.04,12.7,296.06,9.4,296.07,1.0
1753600022231,07:07:02.231,binance,AAVE/USDT:USDT,296.05,8.5,296.04,7.6,296.06,11.2,296.07,1.0
1753600022333,07:07:02.333,binance,AAVE/USDT:USDT,296.05,2.1,296.04,4.9,296.06,12.9,296.07,1.0
1753600022435,07:07:02.435,binance,AAVE/USDT:USDT,296.04,0.2,296.03,3.9,296.05,17.8,296.06,13.3
1753600022538,07:07:02.538,binance,AAVE/USDT:USDT,296.03,4.0,296.02,12.8,296.04,18.3,296.05,8.5
1753600022640,07:07:02.640,binance,AAVE/USDT:USDT,296.03,4.0,296.02,12.8,296.04,18.3,296.05,10.8
1753600022761,07:07:02.761,binance,AAVE/USDT:USDT,296.03,6.6,296.02,12.8,296.04,9.0,296.05,10.2
1753600022862,07:07:02.862,binance,AAVE/USDT:USDT,296.03,6.6,296.02,12.8,296.04,10.8,296.05,7.9
1753600022965,07:07:02.965,binance,AAVE/USDT:USDT,296.03,9.5,296.02,4.3,296.04,11.1,296.05,7.9
1753600023071,07:07:03.071,binance,AAVE/USDT:USDT,296.03,9.6,296.02,4.3,296.04,12.8,296.05,7.9
1753600023184,07:07:03.184,binance,AAVE/USDT:USDT,296.03,9.8,296.02,4.3,296.04,0.4,296.05,7.9
1753600023285,07:07:03.285,binance,AAVE/USDT:USDT,296.03,11.2,296.02,6.6,296.04,7.9,296.05,7.9
1753600023389,07:07:03.389,binance,AAVE/USDT:USDT,296.03,11.2,296.02,6.6,296.04,8.0,296.05,7.9
1753600023515,07:07:03.515,binance,AAVE/USDT:USDT,296.03,11.2,296.02,6.6,296.04,8.0,296.05,7.9
1753600023618,07:07:03.618,binance,AAVE/USDT:USDT,296.03,11.2,296.02,6.6,296.04,1.9,296.05,7.9
1753600023840,07:07:03.840,binance,AAVE/USDT:USDT,296.03,11.1,296.02,4.3,296.04,8.0,296.05,7.9
1753600023943,07:07:03.943,binance,AAVE/USDT:USDT,296.03,11.1,296.02,6.6,296.04,8.0,296.05,7.9
1753600024055,07:07:04.055,binance,AAVE/USDT:USDT,296.03,11.1,296.02,6.6,296.04,8.3,296.05,7.9
1753600024160,07:07:04.160,binance,AAVE/USDT:USDT,296.03,11.1,296.02,5.6,296.04,0.7,296.05,7.9
1753600024263,07:07:04.263,binance,AAVE/USDT:USDT,296.03,11.1,296.02,6.7,296.04,10.1,296.05,7.9
1753600024364,07:07:04.364,binance,AAVE/USDT:USDT,296.03,9.7,296.02,5.6,296.04,0.7,296.05,7.9
1753600024475,07:07:04.475,binance,AAVE/USDT:USDT,296.03,9.7,296.02,5.6,296.04,0.7,296.05,7.9
1753600024596,07:07:04.596,binance,AAVE/USDT:USDT,296.03,9.7,296.02,4.3,296.04,11.8,296.05,7.9
1753600024809,07:07:04.809,binance,AAVE/USDT:USDT,296.03,9.7,296.02,4.3,296.04,11.8,296.05,7.9
1753600024910,07:07:04.910,binance,AAVE/USDT:USDT,296.03,11.0,296.02,4.3,296.04,11.8,296.05,7.9
1753600025011,07:07:05.011,binance,AAVE/USDT:USDT,296.03,11.0,296.02,11.8,296.04,0.7,296.05,7.9
1753600025114,07:07:05.114,binance,AAVE/USDT:USDT,296.03,12.4,296.02,11.8,296.04,0.7,296.05,7.9
1753600025237,07:07:05.237,binance,AAVE/USDT:USDT,296.03,12.4,296.02,23.9,296.04,0.8,296.05,6.4
1753600025358,07:07:05.358,binance,AAVE/USDT:USDT,296.03,11.0,296.02,4.3,296.04,6.9,296.05,6.4
1753600025460,07:07:05.460,binance,AAVE/USDT:USDT,296.03,14.7,296.02,4.4,296.04,1.1,296.05,6.4
1753600025566,07:07:05.566,binance,AAVE/USDT:USDT,296.03,16.1,296.02,15.4,296.04,1.1,296.05,0.3
1753600025682,07:07:05.682,binance,AAVE/USDT:USDT,296.03,16.1,296.02,15.4,296.04,1.1,296.05,0.3
1753600025800,07:07:05.800,binance,AAVE/USDT:USDT,296.03,14.7,296.02,8.9,296.04,10.8,296.05,0.3
1753600026005,07:07:06.005,binance,AAVE/USDT:USDT,296.03,14.7,296.02,4.3,296.04,10.8,296.05,0.3
1753600026114,07:07:06.114,binance,AAVE/USDT:USDT,296.03,14.7,296.02,4.3,296.04,10.8,296.05,0.3
1753600026357,07:07:06.357,binance,AAVE/USDT:USDT,296.03,14.7,296.02,4.3,296.04,4.2,296.05,0.3
1753600026461,07:07:06.461,binance,AAVE/USDT:USDT,296.03,14.7,296.02,4.3,296.04,10.7,296.05,0.3
1753600026562,07:07:06.562,binance,AAVE/USDT:USDT,296.03,14.7,296.02,4.3,296.04,10.7,296.05,0.3
1753600026671,07:07:06.671,binance,AAVE/USDT:USDT,296.03,11.6,296.02,4.3,296.04,12.9,296.05,0.3
1753600026779,07:07:06.779,binance,AAVE/USDT:USDT,296.03,11.6,296.02,4.3,296.04,11.4,296.05,0.3
1753600026893,07:07:06.893,binance,AAVE/USDT:USDT,296.03,11.6,296.02,4.3,296.04,11.7,296.05,0.3
1753600026995,07:07:06.995,binance,AAVE/USDT:USDT,296.03,11.6,296.02,4.3,296.04,11.7,296.05,0.3
1753600027227,07:07:07.227,binance,AAVE/USDT:USDT,296.03,11.6,296.02,4.3,296.04,11.7,296.05,0.3
1753600027448,07:07:07.448,binance,AAVE/USDT:USDT,296.03,19.3,296.02,30.0,296.04,3.8,296.05,0.3
1753600027656,07:07:07.656,binance,AAVE/USDT:USDT,296.05,46.3,296.04,40.3,296.06,2.5,296.07,3.0
1753600027757,07:07:07.757,binance,AAVE/USDT:USDT,296.05,46.4,296.04,40.4,296.06,2.6,296.07,3.0
1753600027863,07:07:07.863,binance,AAVE/USDT:USDT,296.05,18.2,296.04,22.6,296.06,13.7,296.07,3.0
1753600027968,07:07:07.968,binance,AAVE/USDT:USDT,296.05,18.2,296.04,20.3,296.06,12.1,296.07,3.0
1753600028071,07:07:08.071,binance,AAVE/USDT:USDT,296.05,18.2,296.04,20.3,296.06,13.8,296.07,3.0
1753600028173,07:07:08.173,binance,AAVE/USDT:USDT,296.05,18.2,296.04,23.3,296.06,10.3,296.07,3.0
1753600028275,07:07:08.275,binance,AAVE/USDT:USDT,296.05,18.2,296.04,23.3,296.06,10.3,296.07,3.0
1753600028485,07:07:08.485,binance,AAVE/USDT:USDT,296.05,20.3,296.04,23.3,296.06,8.8,296.07,3.0
1753600028835,07:07:08.835,binance,AAVE/USDT:USDT,296.05,23.3,296.04,22.5,296.06,9.0,296.07,3.0
1753600028938,07:07:08.938,binance,AAVE/USDT:USDT,296.05,23.5,296.04,22.5,296.06,9.4,296.07,3.0
1753600029041,07:07:09.041,binance,AAVE/USDT:USDT,296.05,18.6,296.04,25.4,296.06,9.3,296.07,3.0
1753600029144,07:07:09.144,binance,AAVE/USDT:USDT,296.05,18.6,296.04,20.3,296.06,10.9,296.07,3.2
1753600029248,07:07:09.248,binance,AAVE/USDT:USDT,296.05,11.7,296.04,14.2,296.06,12.7,296.07,3.2
1753600029470,07:07:09.470,binance,AAVE/USDT:USDT,296.05,11.7,296.04,14.2,296.06,12.8,296.07,3.3
1753600029572,07:07:09.572,binance,AAVE/USDT:USDT,296.05,10.2,296.04,0.1,296.06,14.5,296.07,3.3
1753600029675,07:07:09.675,binance,AAVE/USDT:USDT,296.05,10.2,296.03,6.8,296.06,18.5,296.07,7.3
1753600029800,07:07:09.800,binance,AAVE/USDT:USDT,296.05,10.2,296.03,6.8,296.06,18.6,296.07,7.3
1753600029913,07:07:09.913,binance,AAVE/USDT:USDT,296.05,10.2,296.03,6.8,296.06,16.9,296.07,7.3
1753600030026,07:07:10.026,binance,AAVE/USDT:USDT,296.05,10.2,296.03,6.8,296.06,17.0,296.07,7.3
1753600030130,07:07:10.130,binance,AAVE/USDT:USDT,296.05,10.2,296.03,6.8,296.06,17.0,296.07,7.3
1753600030233,07:07:10.233,binance,AAVE/USDT:USDT,296.05,10.2,296.03,6.8,296.06,17.0,296.07,7.3
1753600030336,07:07:10.336,binance,AAVE/USDT:USDT,296.05,10.2,296.03,6.8,296.06,17.0,296.07,7.3
1753600030475,07:07:10.475,binance,AAVE/USDT:USDT,296.05,10.2,296.03,6.8,296.06,17.0,296.07,7.2
1753600030586,07:07:10.586,binance,AAVE/USDT:USDT,296.05,10.2,296.03,6.8,296.06,17.0,296.07,7.2
1753600030689,07:07:10.689,binance,AAVE/USDT:USDT,296.05,10.2,296.03,6.8,296.06,17.0,296.07,6.6
1753600030792,07:07:10.792,binance,AAVE/USDT:USDT,296.03,1.4,296.02,6.6,296.04,11.8,296.05,12.6
1753600030894,07:07:10.894,binance,AAVE/USDT:USDT,296.03,1.4,296.02,4.4,296.04,11.9,296.05,12.6
1753600031004,07:07:11.004,binance,AAVE/USDT:USDT,296.03,14.4,296.02,9.5,296.04,6.2,296.05,12.6
1753600031108,07:07:11.108,binance,AAVE/USDT:USDT,296.03,14.5,296.02,12.3,296.04,6.2,296.05,12.6
1753600031210,07:07:11.210,binance,AAVE/USDT:USDT,296.03,14.5,296.02,12.3,296.04,0.1,296.05,12.6
1753600031312,07:07:11.312,binance,AAVE/USDT:USDT,296.04,35.8,296.03,13.0,296.05,6.2,296.06,11.0
1753600031421,07:07:11.421,binance,AAVE/USDT:USDT,296.04,35.9,296.03,13.0,296.05,6.3,296.06,11.2
1753600031524,07:07:11.524,binance,AAVE/USDT:USDT,296.04,35.9,296.03,13.0,296.05,9.4,296.06,11.2
1753600031625,07:07:11.625,binance,AAVE/USDT:USDT,296.04,11.7,296.03,13.0,296.05,11.1,296.06,11.2
1753600031727,07:07:11.727,binance,AAVE/USDT:USDT,296.04,11.7,296.03,13.0,296.05,9.4,296.06,11.2
1753600031830,07:07:11.830,binance,AAVE/USDT:USDT,296.04,11.7,296.03,13.0,296.05,9.4,296.06,11.2
1753600032042,07:07:12.042,binance,AAVE/USDT:USDT,296.04,11.7,296.03,13.0,296.05,9.4,296.06,11.2
1753600032150,07:07:12.150,binance,AAVE/USDT:USDT,296.04,11.7,296.03,13.0,296.05,9.3,296.06,11.2
1753600032252,07:07:12.252,binance,AAVE/USDT:USDT,296.04,11.7,296.03,13.0,296.05,1.7,296.06,11.2
1753600032357,07:07:12.357,binance,AAVE/USDT:USDT,296.04,11.7,296.03,16.3,296.05,7.8,296.06,11.2
1753600032460,07:07:12.460,binance,AAVE/USDT:USDT,296.04,11.7,296.03,16.3,296.05,7.8,296.06,11.2
1753600032565,07:07:12.565,binance,AAVE/USDT:USDT,296.04,11.7,296.03,16.3,296.05,8.2,296.06,11.2
1753600032672,07:07:12.672,binance,AAVE/USDT:USDT,296.04,11.7,296.03,13.0,296.05,8.2,296.06,10.4
1753600032775,07:07:12.775,binance,AAVE/USDT:USDT,296.04,11.7,296.03,13.0,296.05,11.7,296.06,10.4
1753600032989,07:07:12.989,binance,AAVE/USDT:USDT,296.04,11.7,296.03,13.0,296.05,10.0,296.06,10.4
1753600033092,07:07:13.092,binance,AAVE/USDT:USDT,296.04,16.6,296.03,13.0,296.05,8.2,296.06,10.3
1753600033213,07:07:13.213,binance,AAVE/USDT:USDT,296.04,16.6,296.03,15.9,296.05,8.2,296.06,10.3
1753600033327,07:07:13.327,binance,AAVE/USDT:USDT,296.04,16.6,296.03,13.0,296.05,8.2,296.06,10.3
1753600033429,07:07:13.429,binance,AAVE/USDT:USDT,296.04,19.7,296.03,20.7,296.05,2.1,296.06,8.8
1753600033536,07:07:13.536,binance,AAVE/USDT:USDT,296.04,4.9,296.03,6.5,296.05,41.8,296.06,2.7
1753600033646,07:07:13.646,binance,AAVE/USDT:USDT,296.03,6.5,296.02,0.2,296.04,1.6,296.05,41.8
1753600033747,07:07:13.747,binance,AAVE/USDT:USDT,295.99,2.6,295.98,16.0,296.0,1.5,296.01,6.4
1753600033848,07:07:13.848,binance,AAVE/USDT:USDT,295.99,2.6,295.98,5.9,296.0,14.1,296.01,6.7
1753600033949,07:07:13.949,binance,AAVE/USDT:USDT,295.99,5.4,295.98,5.9,296.0,12.7,296.01,6.7
1753600034054,07:07:14.054,binance,AAVE/USDT:USDT,296.01,24.4,296.0,28.0,296.02,6.2,296.03,7.0
1753600034158,07:07:14.158,binance,AAVE/USDT:USDT,296.01,24.5,296.0,31.5,296.02,0.1,296.04,6.3
1753600034265,07:07:14.265,binance,AAVE/USDT:USDT,296.01,22.9,296.0,31.5,296.02,9.7,296.04,0.1
1753600034366,07:07:14.366,binance,AAVE/USDT:USDT,296.01,22.9,296.0,23.9,296.02,9.8,296.04,0.2
1753600034473,07:07:14.473,binance,AAVE/USDT:USDT,296.0,4.3,295.99,9.9,296.01,15.5,296.02,6.3
1753600034575,07:07:14.575,binance,AAVE/USDT:USDT,296.0,4.3,295.99,9.9,296.01,15.5,296.02,6.3
1753600034676,07:07:14.676,binance,AAVE/USDT:USDT,296.0,4.3,295.99,9.9,296.01,10.1,296.02,6.3
1753600034779,07:07:14.779,binance,AAVE/USDT:USDT,296.0,4.3,295.99,9.9,296.01,10.1,296.02,6.3
1753600034888,07:07:14.888,binance,AAVE/USDT:USDT,296.0,4.3,295.99,9.9,296.01,10.1,296.02,6.3
1753600035027,07:07:15.027,binance,AAVE/USDT:USDT,295.99,5.4,295.98,10.3,296.0,15.0,296.01,11.8
1753600035128,07:07:15.128,binance,AAVE/USDT:USDT,295.99,11.2,295.98,10.1,296.0,7.7,296.01,8.2
1753600035240,07:07:15.240,binance,AAVE/USDT:USDT,295.99,9.9,295.98,10.1,296.0,7.7,296.01,8.2
1753600035350,07:07:15.350,binance,AAVE/USDT:USDT,295.99,9.9,295.98,10.1,296.0,8.0,296.01,8.2
1753600035467,07:07:15.467,binance,AAVE/USDT:USDT,295.99,9.9,295.98,10.1,296.0,8.1,296.01,8.2
1753600035569,07:07:15.569,binance,AAVE/USDT:USDT,295.99,9.9,295.98,10.1,296.0,8.1,296.01,8.2
1753600035676,07:07:15.676,binance,AAVE/USDT:USDT,295.99,9.9,295.98,10.1,296.0,10.2,296.01,8.1
1753600035778,07:07:15.778,binance,AAVE/USDT:USDT,295.99,9.9,295.98,10.1,296.0,10.2,296.01,8.1
1753600035892,07:07:15.892,binance,AAVE/USDT:USDT,295.99,9.9,295.98,10.1,296.0,10.2,296.01,8.1
1753600036021,07:07:16.021,binance,AAVE/USDT:USDT,295.99,9.9,295.98,10.1,296.0,10.2,296.01,8.1
1753600036137,07:07:16.137,binance,AAVE/USDT:USDT,295.99,9.9,295.98,10.1,296.0,11.9,296.01,8.1
1753600036239,07:07:16.239,binance,AAVE/USDT:USDT,295.99,10.1,295.98,10.2,296.0,10.5,296.01,8.1
1753600036347,07:07:16.347,binance,AAVE/USDT:USDT,295.99,10.1,295.98,10.2,296.0,10.5,296.01,8.1
1753600036449,07:07:16.449,binance,AAVE/USDT:USDT,295.99,10.1,295.98,10.2,296.0,10.6,296.01,8.1
1753600036552,07:07:16.552,binance,AAVE/USDT:USDT,295.99,10.1,295.98,10.2,296.0,10.6,296.01,8.1
1753600036663,07:07:16.663,binance,AAVE/USDT:USDT,295.99,10.1,295.98,10.2,296.0,10.6,296.01,8.1
1753600036779,07:07:16.779,binance,AAVE/USDT:USDT,295.99,9.9,295.98,10.2,296.0,48.1,296.01,8.1
1753600036886,07:07:16.886,binance,AAVE/USDT:USDT,295.99,9.9,295.98,10.2,296.0,48.1,296.01,8.1
1753600037102,07:07:17.102,binance,AAVE/USDT:USDT,295.99,5.5,295.98,10.2,296.0,48.1,296.01,8.1
1753600037210,07:07:17.210,binance,AAVE/USDT:USDT,295.99,5.6,295.98,10.1,296.0,48.1,296.01,8.1
1753600037513,07:07:17.513,binance,AAVE/USDT:USDT,295.99,5.6,295.98,10.1,296.0,48.1,296.01,8.1
1753600037627,07:07:17.627,binance,AAVE/USDT:USDT,295.99,6.1,295.98,10.1,296.0,44.6,296.01,8.1
1753600037733,07:07:17.733,binance,AAVE/USDT:USDT,295.99,10.1,295.98,10.2,296.0,44.6,296.01,8.1
1753600037842,07:07:17.842,binance,AAVE/USDT:USDT,295.99,10.1,295.98,10.2,296.0,44.6,296.01,8.1
1753600038048,07:07:18.048,binance,AAVE/USDT:USDT,295.99,10.1,295.98,10.2,296.0,44.6,296.01,8.1
1753600038150,07:07:18.150,binance,AAVE/USDT:USDT,295.99,10.1,295.98,10.2,296.0,44.6,296.01,8.1
1753600038253,07:07:18.253,binance,AAVE/USDT:USDT,295.99,10.1,295.98,10.2,296.0,46.4,296.01,6.1
1753600038369,07:07:18.369,binance,AAVE/USDT:USDT,295.99,12.5,295.98,10.2,296.0,46.4,296.01,6.1
1753600038487,07:07:18.487,binance,AAVE/USDT:USDT,295.99,12.5,295.98,10.2,296.0,46.4,296.01,6.1
1753600038665,07:07:18.665,binance,AAVE/USDT:USDT,295.99,12.5,295.98,10.2,296.0,46.4,296.01,6.1
1753600038785,07:07:18.785,binance,AAVE/USDT:USDT,295.99,12.5,295.98,10.2,296.0,46.4,296.01,6.1
1753600038910,07:07:18.910,binance,AAVE/USDT:USDT,295.99,12.5,295.98,10.2,296.0,46.4,296.01,6.1
1753600039050,07:07:19.050,binance,AAVE/USDT:USDT,295.99,12.5,295.98,10.2,296.0,46.4,296.01,6.1
1753600039158,07:07:19.158,binance,AAVE/USDT:USDT,295.99,12.6,295.98,10.2,296.0,36.1,296.01,6.1
1753600039266,07:07:19.266,binance,AAVE/USDT:USDT,295.99,12.6,295.98,10.2,296.0,36.1,296.01,6.1
1753600039371,07:07:19.371,binance,AAVE/USDT:USDT,295.99,12.6,295.98,10.2,296.0,36.1,296.01,6.1
1753600039489,07:07:19.489,binance,AAVE/USDT:USDT,295.99,12.5,295.98,10.2,296.0,37.3,296.01,6.1
1753600039594,07:07:19.594,binance,AAVE/USDT:USDT,295.99,12.5,295.98,10.2,296.0,37.3,296.01,6.1
1753600039810,07:07:19.810,binance,AAVE/USDT:USDT,295.99,12.5,295.98,10.2,296.0,37.3,296.01,6.1
1753600039937,07:07:19.937,binance,AAVE/USDT:USDT,295.99,12.5,295.98,10.2,296.0,37.3,296.01,6.1
1753600040076,07:07:20.076,binance,AAVE/USDT:USDT,295.99,12.5,295.98,10.2,296.0,37.3,296.01,6.1
1753600040179,07:07:20.179,binance,AAVE/USDT:USDT,295.99,12.5,295.98,10.2,296.0,37.3,296.01,6.1
1753600040341,07:07:20.341,binance,AAVE/USDT:USDT,295.99,12.5,295.98,10.2,296.0,37.3,296.01,6.1
1753600040488,07:07:20.488,binance,AAVE/USDT:USDT,295.99,12.5,295.98,10.2,296.0,37.3,296.01,6.1
1753600040594,07:07:20.594,binance,AAVE/USDT:USDT,295.99,12.5,295.98,10.2,296.0,37.3,296.01,6.1
1753600040697,07:07:20.697,binance,AAVE/USDT:USDT,295.99,12.6,295.98,10.2,296.0,39.6,296.01,6.1
1753600040830,07:07:20.830,binance,AAVE/USDT:USDT,295.99,12.6,295.98,10.2,296.0,39.6,296.01,6.1
1753600040939,07:07:20.939,binance,AAVE/USDT:USDT,295.99,12.6,295.98,10.2,296.0,39.6,296.01,6.1
1753600041167,07:07:21.167,binance,AAVE/USDT:USDT,295.99,12.6,295.98,10.2,296.0,39.6,296.01,6.1
1753600041270,07:07:21.270,binance,AAVE/USDT:USDT,295.99,12.7,295.98,10.2,296.0,39.6,296.01,6.1
1753600041380,07:07:21.380,binance,AAVE/USDT:USDT,295.99,12.7,295.98,10.2,296.0,39.6,296.01,6.1
1753600041484,07:07:21.484,binance,AAVE/USDT:USDT,295.99,12.7,295.98,10.2,296.0,39.5,296.01,6.1
1753600041587,07:07:21.587,binance,AAVE/USDT:USDT,295.99,12.7,295.98,10.2,296.0,39.5,296.01,6.1
1753600041697,07:07:21.697,binance,AAVE/USDT:USDT,295.99,12.7,295.98,10.2,296.0,39.5,296.01,6.1
1753600041814,07:07:21.814,binance,AAVE/USDT:USDT,295.99,12.9,295.98,10.2,296.0,39.5,296.01,6.1
1753600041916,07:07:21.916,binance,AAVE/USDT:USDT,295.99,12.9,295.98,10.2,296.0,39.3,296.01,6.1
1753600042024,07:07:22.024,binance,AAVE/USDT:USDT,295.99,12.9,295.98,10.2,296.0,39.6,296.01,6.1
1753600042127,07:07:22.127,binance,AAVE/USDT:USDT,295.99,12.9,295.98,10.2,296.0,39.6,296.01,6.1
1753600042298,07:07:22.298,binance,AAVE/USDT:USDT,295.99,13.0,295.98,10.2,296.0,39.6,296.01,6.1
1753600042404,07:07:22.404,binance,AAVE/USDT:USDT,295.99,13.0,295.98,10.2,296.0,39.6,296.01,6.1
1753600042530,07:07:22.530,binance,AAVE/USDT:USDT,295.99,13.0,295.98,10.2,296.0,39.6,296.01,6.1
1753600042633,07:07:22.633,binance,AAVE/USDT:USDT,295.99,13.0,295.98,10.2,296.0,39.6,296.01,6.1
1753600042815,07:07:22.815,binance,AAVE/USDT:USDT,295.99,13.0,295.98,10.2,296.0,39.6,296.01,6.1
1753600042919,07:07:22.919,binance,AAVE/USDT:USDT,295.99,5.3,295.98,5.9,296.0,39.6,296.01,6.1
1753600043022,07:07:23.022,binance,AAVE/USDT:USDT,295.99,5.3,295.98,5.9,296.0,39.6,296.01,6.1
1753600043124,07:07:23.124,binance,AAVE/USDT:USDT,295.99,9.0,295.98,5.9,296.0,39.6,296.01,6.1
1753600043234,07:07:23.234,binance,AAVE/USDT:USDT,295.99,9.0,295.98,5.9,296.0,39.6,296.01,6.1
1753600043337,07:07:23.337,binance,AAVE/USDT:USDT,295.99,8.5,295.98,5.9,296.0,39.6,296.01,6.1
1753600043443,07:07:23.443,binance,AAVE/USDT:USDT,295.99,8.5,295.98,5.9,296.0,39.6,296.01,6.1
1753600043545,07:07:23.545,binance,AAVE/USDT:USDT,295.99,8.5,295.98,5.9,296.0,39.6,296.01,6.1
1753600043646,07:07:23.646,binance,AAVE/USDT:USDT,295.95,6.6,295.94,0.2,295.96,25.7,295.97,7.6
1753600043747,07:07:23.747,binance,AAVE/USDT:USDT,295.95,3.8,295.94,0.2,295.96,26.6,295.97,7.6
1753600043850,07:07:23.850,binance,AAVE/USDT:USDT,295.95,8.1,295.94,0.2,295.96,25.1,295.97,7.6
1753600043972,07:07:23.972,binance,AAVE/USDT:USDT,295.95,8.1,295.94,0.2,295.96,25.1,295.97,7.6
1753600044078,07:07:24.078,binance,AAVE/USDT:USDT,295.95,8.1,295.94,0.2,295.96,25.1,295.97,7.6
1753600044181,07:07:24.181,binance,AAVE/USDT:USDT,295.95,8.1,295.94,0.2,295.96,25.1,295.97,7.6
1753600044284,07:07:24.284,binance,AAVE/USDT:USDT,295.95,8.1,295.94,0.2,295.96,29.7,295.97,7.6
1753600044387,07:07:24.387,binance,AAVE/USDT:USDT,295.95,8.1,295.94,0.2,295.96,29.7,295.97,7.6
1753600044492,07:07:24.492,binance,AAVE/USDT:USDT,295.95,8.1,295.94,0.2,295.96,29.7,295.97,7.6
1753600044595,07:07:24.595,binance,AAVE/USDT:USDT,295.95,8.1,295.94,0.2,295.96,29.7,295.97,7.6
1753600044698,07:07:24.698,binance,AAVE/USDT:USDT,295.95,8.2,295.94,0.2,295.96,29.7,295.97,7.6
1753600044801,07:07:24.801,binance,AAVE/USDT:USDT,295.95,9.6,295.94,0.2,295.96,29.7,295.97,7.6
1753600044912,07:07:24.912,binance,AAVE/USDT:USDT,295.95,9.6,295.94,0.2,295.96,29.7,295.97,7.6
1753600045113,07:07:25.113,binance,AAVE/USDT:USDT,295.95,9.6,295.94,0.2,295.96,29.7,295.97,7.6
1753600045216,07:07:25.216,binance,AAVE/USDT:USDT,295.95,9.6,295.94,0.2,295.96,29.7,295.97,7.6
1753600045319,07:07:25.319,binance,AAVE/USDT:USDT,295.95,9.6,295.94,0.2,295.96,62.3,295.97,7.6
1753600045426,07:07:25.426,binance,AAVE/USDT:USDT,295.95,5.9,295.94,0.2,295.96,62.3,295.97,7.6
1753600045656,07:07:25.656,binance,AAVE/USDT:USDT,295.95,5.9,295.94,0.2,295.96,62.3,295.97,7.6
1753600045763,07:07:25.763,binance,AAVE/USDT:USDT,295.95,5.9,295.94,0.2,295.96,62.3,295.97,7.6
1753600045955,07:07:25.955,binance,AAVE/USDT:USDT,295.95,5.9,295.94,0.2,295.96,62.3,295.97,7.6
1753600046105,07:07:26.105,binance,AAVE/USDT:USDT,295.95,8.6,295.94,0.2,295.96,62.3,295.97,7.6
1753600046219,07:07:26.219,binance,AAVE/USDT:USDT,295.95,8.7,295.94,0.2,295.96,62.3,295.97,7.6
1753600046389,07:07:26.389,binance,AAVE/USDT:USDT,295.95,8.6,295.94,0.2,295.96,62.3,295.97,7.6
1753600046510,07:07:26.510,binance,AAVE/USDT:USDT,295.95,8.6,295.94,0.2,295.96,62.3,295.97,7.6
1753600046628,07:07:26.628,binance,AAVE/USDT:USDT,295.95,8.6,295.94,0.2,295.96,62.3,295.97,7.6
1753600046732,07:07:26.732,binance,AAVE/USDT:USDT,295.95,8.6,295.94,0.2,295.96,62.3,295.97,7.6
1753600046906,07:07:26.906,binance,AAVE/USDT:USDT,295.95,8.6,295.94,0.2,295.96,63.3,295.97,7.6
1753600047111,07:07:27.111,binance,AAVE/USDT:USDT,295.95,5.8,295.94,0.2,295.96,63.3,295.97,7.6
1753600047215,07:07:27.215,binance,AAVE/USDT:USDT,295.95,5.8,295.94,0.2,295.96,63.3,295.97,7.6
1753600047317,07:07:27.317,binance,AAVE/USDT:USDT,295.95,5.8,295.94,0.2,295.96,63.3,295.97,7.6
1753600047442,07:07:27.442,binance,AAVE/USDT:USDT,295.92,3.2,295.91,2.3,295.93,23.7,295.94,19.4
1753600047544,07:07:27.544,binance,AAVE/USDT:USDT,295.92,0.8,295.91,0.1,295.93,20.2,295.94,15.4
1753600047645,07:07:27.645,binance,AAVE/USDT:USDT,295.92,0.8,295.91,0.1,295.93,20.2,295.94,15.4
1753600047768,07:07:27.768,binance,AAVE/USDT:USDT,295.92,0.8,295.91,0.1,295.93,20.2,295.94,15.4
1753600047873,07:07:27.873,binance,AAVE/USDT:USDT,295.92,0.7,295.91,0.1,295.93,20.2,295.94,15.4
1753600048022,07:07:28.022,binance,AAVE/USDT:USDT,295.92,2.0,295.91,0.1,295.93,20.2,295.94,15.4
1753600048125,07:07:28.125,binance,AAVE/USDT:USDT,295.92,2.0,295.91,0.1,295.93,20.2,295.94,15.4
1753600048226,07:07:28.226,binance,AAVE/USDT:USDT,295.92,2.0,295.91,0.1,295.93,20.2,295.94,15.4
1753600048335,07:07:28.335,binance,AAVE/USDT:USDT,295.92,2.0,295.91,0.1,295.93,53.1,295.94,15.4
1753600048440,07:07:28.440,binance,AAVE/USDT:USDT,295.92,2.0,295.91,0.1,295.93,53.1,295.94,15.4
1753600048545,07:07:28.545,binance,AAVE/USDT:USDT,295.92,2.0,295.91,0.1,295.93,53.1,295.94,15.4
1753600048656,07:07:28.656,binance,AAVE/USDT:USDT,295.92,2.0,295.91,0.1,295.93,52.9,295.94,15.4
1753600048759,07:07:28.759,binance,AAVE/USDT:USDT,295.92,9.6,295.91,5.2,295.93,47.4,295.94,15.4
1753600048862,07:07:28.862,binance,AAVE/USDT:USDT,295.92,12.9,295.91,5.2,295.93,40.5,295.94,10.3
1753600048965,07:07:28.965,binance,AAVE/USDT:USDT,295.92,11.4,295.91,0.1,295.93,43.2,295.94,10.3
1753600049110,07:07:29.110,binance,AAVE/USDT:USDT,295.92,11.4,295.91,0.1,295.93,43.2,295.94,10.3
1753600049215,07:07:29.215,binance,AAVE/USDT:USDT,295.92,11.4,295.91,0.1,295.93,43.2,295.94,10.3
1753600049321,07:07:29.321,binance,AAVE/USDT:USDT,295.92,4.8,295.91,0.1,295.93,43.2,295.94,10.3
1753600049438,07:07:29.438,binance,AAVE/USDT:USDT,295.92,4.8,295.91,0.1,295.93,43.2,295.94,10.3
1753600049544,07:07:29.544,binance,AAVE/USDT:USDT,295.92,4.8,295.91,0.1,295.93,43.2,295.94,10.3
1753600049647,07:07:29.647,binance,AAVE/USDT:USDT,295.92,11.4,295.91,0.1,295.93,37.1,295.94,10.3
1753600049752,07:07:29.752,binance,AAVE/USDT:USDT,295.92,11.5,295.91,0.1,295.93,37.1,295.94,10.3
1753600049858,07:07:29.858,binance,AAVE/USDT:USDT,295.92,11.5,295.91,0.1,295.93,37.1,295.94,10.3
1753600049960,07:07:29.960,binance,AAVE/USDT:USDT,295.92,11.5,295.91,0.1,295.93,37.1,295.94,10.3
1753600050111,07:07:30.111,binance,AAVE/USDT:USDT,295.92,11.3,295.91,0.1,295.93,37.1,295.94,10.3
1753600050273,07:07:30.273,binance,AAVE/USDT:USDT,295.94,48.6,295.93,37.4,295.95,6.2,295.96,6.6
1753600050376,07:07:30.376,binance,AAVE/USDT:USDT,295.94,28.6,295.93,32.6,295.95,6.3,295.96,6.6
1753600050479,07:07:30.479,binance,AAVE/USDT:USDT,295.94,28.7,295.93,32.6,295.95,6.3,295.96,6.6
1753600050607,07:07:30.607,binance,AAVE/USDT:USDT,295.94,28.7,295.93,32.6,295.95,6.3,295.96,6.6
1753600050718,07:07:30.718,binance,AAVE/USDT:USDT,295.94,5.2,295.93,2.3,295.95,11.0,295.96,6.6
1753600050820,07:07:30.820,binance,AAVE/USDT:USDT,295.94,5.2,295.93,2.3,295.95,11.0,295.96,6.6
1753600050923,07:07:30.923,binance,AAVE/USDT:USDT,295.92,14.1,295.91,1.5,295.93,24.7,295.94,13.0
1753600051024,07:07:31.024,binance,AAVE/USDT:USDT,295.92,14.1,295.91,1.5,295.93,24.8,295.94,13.0
1753600051126,07:07:31.126,binance,AAVE/USDT:USDT,295.92,17.0,295.91,1.5,295.93,24.8,295.94,10.4
1753600051230,07:07:31.230,binance,AAVE/USDT:USDT,295.92,17.0,295.91,1.5,295.93,24.8,295.94,10.4
1753600051334,07:07:31.334,binance,AAVE/USDT:USDT,295.92,17.0,295.91,1.5,295.93,23.0,295.94,10.4
1753600051447,07:07:31.447,binance,AAVE/USDT:USDT,295.92,17.0,295.91,1.5,295.93,23.0,295.94,10.4
1753600051618,07:07:31.618,binance,AAVE/USDT:USDT,295.92,17.0,295.91,1.5,295.93,23.0,295.94,10.4
1753600051724,07:07:31.724,binance,AAVE/USDT:USDT,295.93,17.5,295.92,16.9,295.94,6.1,295.95,7.4
1753600051827,07:07:31.827,binance,AAVE/USDT:USDT,295.93,16.1,295.92,16.9,295.94,6.1,295.95,7.4
1753600051928,07:07:31.928,binance,AAVE/USDT:USDT,295.93,13.8,295.92,16.9,295.94,6.2,295.95,7.4
1753600052037,07:07:32.037,binance,AAVE/USDT:USDT,295.93,13.8,295.92,16.9,295.94,6.2,295.95,7.4
1753600052140,07:07:32.140,binance,AAVE/USDT:USDT,295.93,13.8,295.92,16.9,295.94,6.2,295.95,7.4
1753600052243,07:07:32.243,binance,AAVE/USDT:USDT,295.94,8.9,295.93,16.2,295.95,10.9,295.96,6.7
1753600052347,07:07:32.347,binance,AAVE/USDT:USDT,295.94,10.1,295.93,16.7,295.95,13.4,295.96,2.1
1753600052448,07:07:32.448,binance,AAVE/USDT:USDT,295.94,10.1,295.93,16.7,295.95,13.4,295.96,2.1
1753600052554,07:07:32.554,binance,AAVE/USDT:USDT,295.94,10.1,295.93,16.7,295.95,13.4,295.96,2.1
1753600052656,07:07:32.656,binance,AAVE/USDT:USDT,295.94,10.1,295.93,16.7,295.95,13.4,295.96,2.1
1753600052760,07:07:32.760,binance,AAVE/USDT:USDT,295.94,10.1,295.93,16.7,295.95,13.4,295.96,2.1
1753600052899,07:07:32.899,binance,AAVE/USDT:USDT,295.94,10.1,295.93,16.7,295.95,13.4,295.96,2.1
1753600053002,07:07:33.002,binance,AAVE/USDT:USDT,295.94,10.1,295.93,16.7,295.95,13.7,295.96,2.1
1753600053122,07:07:33.122,binance,AAVE/USDT:USDT,295.94,10.1,295.93,16.7,295.95,13.7,295.96,2.1
1753600053243,07:07:33.243,binance,AAVE/USDT:USDT,295.94,11.3,295.93,16.7,295.95,11.9,295.96,2.1
1753600053346,07:07:33.346,binance,AAVE/USDT:USDT,295.94,11.3,295.93,21.5,295.95,5.8,295.96,2.1
1753600053448,07:07:33.448,binance,AAVE/USDT:USDT,295.94,11.3,295.93,21.5,295.95,5.8,295.96,2.1
1753600053555,07:07:33.555,binance,AAVE/USDT:USDT,295.94,11.3,295.93,21.5,295.95,5.8,295.96,2.1
1753600053681,07:07:33.681,binance,AAVE/USDT:USDT,295.94,11.3,295.93,21.5,295.95,9.0,295.96,2.1
1753600053784,07:07:33.784,binance,AAVE/USDT:USDT,295.94,11.3,295.93,21.5,295.95,9.0,295.96,2.1
1753600053887,07:07:33.887,binance,AAVE/USDT:USDT,295.94,11.3,295.93,21.5,295.95,9.0,295.96,2.1
1753600053990,07:07:33.990,binance,AAVE/USDT:USDT,295.94,11.3,295.93,21.5,295.95,9.0,295.96,2.1
1753600054110,07:07:34.110,binance,AAVE/USDT:USDT,295.94,11.3,295.93,21.5,295.95,9.0,295.96,2.1
1753600054214,07:07:34.214,binance,AAVE/USDT:USDT,295.94,11.3,295.93,21.5,295.95,9.0,295.96,2.1
1753600054334,07:07:34.334,binance,AAVE/USDT:USDT,295.94,11.3,295.93,21.5,295.95,9.3,295.96,2.1
1753600054546,07:07:34.546,binance,AAVE/USDT:USDT,295.94,11.3,295.93,16.7,295.95,11.3,295.96,2.1
1753600054649,07:07:34.649,binance,AAVE/USDT:USDT,295.94,11.3,295.93,16.7,295.95,13.0,295.96,2.1
1753600054761,07:07:34.761,binance,AAVE/USDT:USDT,295.94,11.3,295.93,16.7,295.95,13.0,295.96,2.1
1753600054868,07:07:34.868,binance,AAVE/USDT:USDT,295.94,11.5,295.93,16.4,295.95,13.0,295.96,2.1
1753600054971,07:07:34.971,binance,AAVE/USDT:USDT,295.94,11.5,295.93,16.4,295.95,13.0,295.96,2.1
1753600055076,07:07:35.076,binance,AAVE/USDT:USDT,295.94,11.5,295.93,16.4,295.95,13.0,295.96,2.1
1753600055427,07:07:35.427,binance,AAVE/USDT:USDT,295.94,12.6,295.93,16.4,295.95,11.3,295.96,2.1
1753600055532,07:07:35.532,binance,AAVE/USDT:USDT,295.94,12.6,295.93,16.4,295.95,11.3,295.96,2.1
1753600055638,07:07:35.638,binance,AAVE/USDT:USDT,295.94,12.6,295.93,16.4,295.95,9.5,295.96,2.1
1753600055740,07:07:35.740,binance,AAVE/USDT:USDT,295.94,12.6,295.93,13.9,295.95,11.3,295.96,2.1
1753600055843,07:07:35.843,binance,AAVE/USDT:USDT,295.94,12.6,295.93,16.5,295.95,11.3,295.96,2.1
1753600055955,07:07:35.955,binance,AAVE/USDT:USDT,295.94,12.6,295.93,16.5,295.95,9.5,295.96,2.1
1753600056058,07:07:36.058,binance,AAVE/USDT:USDT,295.94,12.5,295.93,13.9,295.95,9.5,295.96,2.1
1753600056160,07:07:36.160,binance,AAVE/USDT:USDT,295.94,12.5,295.93,13.9,295.95,9.5,295.96,2.1
1753600056263,07:07:36.263,binance,AAVE/USDT:USDT,295.94,12.5,295.93,13.9,295.95,10.2,295.96,2.1
1753600056376,07:07:36.376,binance,AAVE/USDT:USDT,295.94,12.5,295.93,13.9,295.95,10.2,295.96,2.1
1753600056491,07:07:36.491,binance,AAVE/USDT:USDT,295.94,12.5,295.93,13.9,295.95,10.2,295.96,2.1
1753600056596,07:07:36.596,binance,AAVE/USDT:USDT,295.94,12.5,295.93,13.9,295.95,10.2,295.96,2.1
1753600056735,07:07:36.735,binance,AAVE/USDT:USDT,295.94,12.5,295.93,13.9,295.95,10.2,295.96,2.1
1753600056841,07:07:36.841,binance,AAVE/USDT:USDT,295.94,12.5,295.93,13.9,295.95,10.2,295.96,2.1
1753600056955,07:07:36.955,binance,AAVE/USDT:USDT,295.94,13.7,295.93,13.9,295.95,10.5,295.96,2.1
1753600057061,07:07:37.061,binance,AAVE/USDT:USDT,295.94,18.0,295.93,13.9,295.95,10.5,295.96,2.1
1753600057169,07:07:37.169,binance,AAVE/USDT:USDT,295.94,18.0,295.93,18.2,295.95,10.5,295.96,2.1
1753600057398,07:07:37.398,binance,AAVE/USDT:USDT,295.95,51.7,295.94,30.9,295.96,2.2,295.97,0.2
1753600057618,07:07:37.618,binance,AAVE/USDT:USDT,295.95,54.6,295.94,26.1,295.96,2.2,295.97,0.1
1753600057739,07:07:37.739,binance,AAVE/USDT:USDT,295.95,54.6,295.94,26.1,295.96,2.2,295.97,0.1
1753600057849,07:07:37.849,binance,AAVE/USDT:USDT,295.95,54.6,295.94,21.4,295.96,2.2,295.97,0.1
1753600058011,07:07:38.011,binance,AAVE/USDT:USDT,295.95,54.6,295.94,21.4,295.96,2.2,295.97,0.1
1753600058217,07:07:38.217,binance,AAVE/USDT:USDT,295.95,59.1,295.94,21.4,295.96,2.2,295.97,0.1
1753600058326,07:07:38.326,binance,AAVE/USDT:USDT,295.95,59.1,295.94,21.4,295.96,2.2,295.97,0.1
1753600058563,07:07:38.563,binance,AAVE/USDT:USDT,295.95,53.8,295.94,17.4,295.96,2.4,295.97,0.1
1753600058673,07:07:38.673,binance,AAVE/USDT:USDT,295.95,53.8,295.94,17.4,295.96,2.4,295.97,0.1
1753600058777,07:07:38.777,binance,AAVE/USDT:USDT,295.95,53.8,295.94,17.4,295.96,2.4,295.97,0.1
1753600058880,07:07:38.880,binance,AAVE/USDT:USDT,295.95,56.6,295.94,17.4,295.96,2.4,295.97,0.1
1753600059029,07:07:39.029,binance,AAVE/USDT:USDT,295.95,56.6,295.94,17.4,295.96,2.4,295.97,0.1
1753600059133,07:07:39.133,binance,AAVE/USDT:USDT,295.95,56.6,295.94,17.4,295.96,2.4,295.97,0.1
1753600059246,07:07:39.246,binance,AAVE/USDT:USDT,295.95,56.5,295.94,17.4,295.96,2.4,295.97,0.1
1753600059422,07:07:39.422,binance,AAVE/USDT:USDT,295.95,56.5,295.94,17.4,295.96,2.4,295.97,0.1
1753600059526,07:07:39.526,binance,AAVE/USDT:USDT,295.95,56.5,295.94,17.4,295.96,3.3,295.97,0.1
1753600059640,07:07:39.640,binance,AAVE/USDT:USDT,295.95,54.9,295.94,17.4,295.96,3.3,295.97,0.1
1753600059778,07:07:39.778,binance,AAVE/USDT:USDT,295.95,54.9,295.94,17.4,295.96,3.3,295.97,0.1
1753600059881,07:07:39.881,binance,AAVE/USDT:USDT,295.95,53.4,295.94,17.4,295.96,3.3,295.97,0.1
1753600059983,07:07:39.983,binance,AAVE/USDT:USDT,295.95,53.4,295.94,17.4,295.96,3.3,295.97,0.1
1753600060095,07:07:40.095,binance,AAVE/USDT:USDT,295.95,53.5,295.94,17.4,295.96,9.4,295.97,0.1
1753600060200,07:07:40.200,binance,AAVE/USDT:USDT,295.95,53.5,295.94,17.4,295.96,9.4,295.97,0.1
1753600060305,07:07:40.305,binance,AAVE/USDT:USDT,295.95,53.5,295.94,22.2,295.96,3.3,295.97,0.1
1753600060407,07:07:40.407,binance,AAVE/USDT:USDT,295.95,53.5,295.94,22.2,295.96,3.3,295.97,0.1
1753600060514,07:07:40.514,binance,AAVE/USDT:USDT,295.95,53.8,295.94,22.2,295.96,3.3,295.97,0.1
1753600060617,07:07:40.617,binance,AAVE/USDT:USDT,295.95,53.8,295.94,22.2,295.96,3.3,295.97,0.1
1753600060742,07:07:40.742,binance,AAVE/USDT:USDT,295.95,53.8,295.94,22.2,295.96,3.3,295.97,0.1
1753600060845,07:07:40.845,binance,AAVE/USDT:USDT,295.95,53.8,295.94,22.2,295.96,3.2,295.97,0.1
1753600061002,07:07:41.002,binance,AAVE/USDT:USDT,295.95,53.8,295.94,22.2,295.96,3.2,295.97,0.1
1753600061179,07:07:41.179,binance,AAVE/USDT:USDT,295.95,53.8,295.94,17.4,295.96,3.2,295.97,0.1
1753600061282,07:07:41.282,binance,AAVE/USDT:USDT,295.95,53.8,295.94,17.4,295.96,3.2,295.97,0.1
1753600061425,07:07:41.425,binance,AAVE/USDT:USDT,295.95,56.5,295.94,17.4,295.96,3.2,295.97,0.1
1753600061539,07:07:41.539,binance,AAVE/USDT:USDT,295.95,56.5,295.94,17.4,295.96,3.2,295.97,0.1
1753600061681,07:07:41.681,binance,AAVE/USDT:USDT,295.95,56.5,295.94,17.4,295.96,3.2,295.97,0.1
1753600061784,07:07:41.784,binance,AAVE/USDT:USDT,295.95,56.5,295.94,17.4,295.96,3.2,295.97,0.1
1753600062049,07:07:42.049,binance,AAVE/USDT:USDT,295.95,55.1,295.94,17.4,295.96,0.7,295.97,0.1
1753600062151,07:07:42.151,binance,AAVE/USDT:USDT,295.95,55.1,295.94,17.4,295.96,0.7,295.97,0.1
1753600062252,07:07:42.252,binance,AAVE/USDT:USDT,295.95,55.1,295.94,17.4,295.96,0.7,295.97,0.1
1753600062367,07:07:42.367,binance,AAVE/USDT:USDT,295.95,57.8,295.94,17.4,295.96,0.7,295.97,0.1
1753600062490,07:07:42.490,binance,AAVE/USDT:USDT,295.95,57.8,295.94,17.4,295.96,0.7,295.97,0.1
1753600062595,07:07:42.595,binance,AAVE/USDT:USDT,295.95,57.8,295.94,17.4,295.96,0.7,295.97,0.1
1753600062702,07:07:42.702,binance,AAVE/USDT:USDT,295.95,57.8,295.94,17.4,295.96,0.7,295.97,0.1
1753600062806,07:07:42.806,binance,AAVE/USDT:USDT,295.95,57.8,295.94,17.4,295.96,0.7,295.97,0.1
1753600062935,07:07:42.935,binance,AAVE/USDT:USDT,295.95,57.8,295.94,17.4,295.96,0.7,295.97,0.1
1753600063040,07:07:43.040,binance,AAVE/USDT:USDT,295.95,57.2,295.94,17.4,295.96,0.9,295.97,0.1
1753600063146,07:07:43.146,binance,AAVE/USDT:USDT,295.95,57.2,295.94,17.4,295.96,0.9,295.97,0.1
1753600063249,07:07:43.249,binance,AAVE/USDT:USDT,295.95,57.2,295.94,17.4,295.96,0.9,295.97,0.1
1753600063352,07:07:43.352,binance,AAVE/USDT:USDT,295.95,57.2,295.94,17.4,295.96,1.3,295.97,0.1
1753600063457,07:07:43.457,binance,AAVE/USDT:USDT,295.95,57.2,295.94,17.4,295.96,1.3,295.97,0.1
1753600063565,07:07:43.565,binance,AAVE/USDT:USDT,295.95,57.2,295.94,17.4,295.96,1.3,295.97,0.1
1753600063738,07:07:43.738,binance,AAVE/USDT:USDT,295.95,57.2,295.94,17.4,295.96,1.3,295.97,0.1
1753600063841,07:07:43.841,binance,AAVE/USDT:USDT,295.95,57.2,295.94,17.4,295.96,1.3,295.97,0.1
1753600064111,07:07:44.111,binance,AAVE/USDT:USDT,295.95,57.2,295.94,17.4,295.96,1.3,295.97,0.1
1753600064214,07:07:44.214,binance,AAVE/USDT:USDT,295.95,57.2,295.94,17.4,295.96,1.5,295.97,0.1
1753600064328,07:07:44.328,binance,AAVE/USDT:USDT,295.95,57.2,295.94,17.4,295.96,1.4,295.97,0.1
1753600064439,07:07:44.439,binance,AAVE/USDT:USDT,295.95,59.9,295.94,17.4,295.96,1.4,295.97,0.1
1753600064560,07:07:44.560,binance,AAVE/USDT:USDT,295.95,60.0,295.94,17.4,295.96,1.4,295.97,0.1
1753600064677,07:07:44.677,binance,AAVE/USDT:USDT,295.95,60.9,295.94,17.4,295.96,1.4,295.97,0.1
1753600064782,07:07:44.782,binance,AAVE/USDT:USDT,295.95,60.9,295.94,17.4,295.96,2.0,295.97,0.1
1753600064885,07:07:44.885,binance,AAVE/USDT:USDT,295.95,60.9,295.94,17.4,295.96,2.0,295.97,0.1
1753600064987,07:07:44.987,binance,AAVE/USDT:USDT,295.95,60.9,295.94,17.4,295.96,2.0,295.97,0.1
1753600065176,07:07:45.176,binance,AAVE/USDT:USDT,295.95,60.9,295.94,17.4,295.96,2.2,295.97,0.1
1753600065291,07:07:45.291,binance,AAVE/USDT:USDT,295.95,60.9,295.94,17.4,295.96,2.2,295.97,0.1
1753600065394,07:07:45.394,binance,AAVE/USDT:USDT,295.95,60.9,295.94,17.4,295.96,2.2,295.97,0.1
1753600065605,07:07:45.605,binance,AAVE/USDT:USDT,295.95,45.4,295.94,17.4,295.96,10.1,295.97,0.1
1753600065729,07:07:45.729,binance,AAVE/USDT:USDT,295.95,45.4,295.94,17.4,295.96,10.1,295.97,0.1
1753600065830,07:07:45.830,binance,AAVE/USDT:USDT,295.95,45.4,295.94,17.4,295.96,8.3,295.97,0.1
1753600065945,07:07:45.945,binance,AAVE/USDT:USDT,295.95,45.4,295.94,17.4,295.96,2.2,295.97,0.1
1753600066049,07:07:46.049,binance,AAVE/USDT:USDT,295.95,45.4,295.94,17.4,295.96,2.2,295.97,0.1
1753600066152,07:07:46.152,binance,AAVE/USDT:USDT,295.95,45.3,295.94,17.4,295.96,8.3,295.97,0.1
1753600066290,07:07:46.290,binance,AAVE/USDT:USDT,295.95,45.3,295.94,17.4,295.96,8.3,295.97,0.1
1753600066499,07:07:46.499,binance,AAVE/USDT:USDT,295.95,45.3,295.94,17.4,295.96,8.6,295.97,0.1
1753600066602,07:07:46.602,binance,AAVE/USDT:USDT,295.95,45.3,295.94,17.4,295.96,12.3,295.97,0.1
1753600066774,07:07:46.774,binance,AAVE/USDT:USDT,295.95,45.4,295.94,17.4,295.96,0.2,295.97,0.1
1753600066877,07:07:46.877,binance,AAVE/USDT:USDT,295.95,48.1,295.94,17.4,295.96,0.2,295.97,0.1
1753600066980,07:07:46.980,binance,AAVE/USDT:USDT,295.95,48.1,295.94,17.4,295.96,8.2,295.97,0.1
1753600067186,07:07:47.186,binance,AAVE/USDT:USDT,295.95,48.1,295.94,17.4,295.96,6.4,295.97,0.1
1753600067290,07:07:47.290,binance,AAVE/USDT:USDT,295.95,48.1,295.94,17.4,295.96,6.4,295.97,0.1
1753600067394,07:07:47.394,binance,AAVE/USDT:USDT,295.95,48.1,295.94,17.4,295.96,6.4,295.97,0.1
1753600067497,07:07:47.497,binance,AAVE/USDT:USDT,295.95,48.1,295.94,17.4,295.96,8.2,295.97,0.1
1753600067711,07:07:47.711,binance,AAVE/USDT:USDT,295.95,48.1,295.94,17.4,295.96,8.2,295.97,0.1
1753600067969,07:07:47.969,binance,AAVE/USDT:USDT,295.95,37.4,295.94,17.4,295.96,8.9,295.97,0.1
1753600068070,07:07:48.070,binance,AAVE/USDT:USDT,295.95,37.4,295.94,17.4,295.96,9.0,295.97,0.1
1753600068176,07:07:48.176,binance,AAVE/USDT:USDT,295.95,37.4,295.94,17.4,295.96,9.0,295.97,0.1
1753600068306,07:07:48.306,binance,AAVE/USDT:USDT,295.95,37.4,295.94,17.4,295.96,9.0,295.97,0.1
1753600068416,07:07:48.416,binance,AAVE/USDT:USDT,295.95,37.4,295.94,17.4,295.96,9.1,295.97,0.1
1753600068549,07:07:48.549,binance,AAVE/USDT:USDT,295.95,37.4,295.94,17.4,295.96,9.1,295.97,0.1
1753600068686,07:07:48.686,binance,AAVE/USDT:USDT,295.95,37.4,295.94,17.4,295.96,8.4,295.97,0.1
1753600068789,07:07:48.789,binance,AAVE/USDT:USDT,295.95,37.4,295.94,17.4,295.96,8.3,295.97,0.1
1753600068997,07:07:48.997,binance,AAVE/USDT:USDT,295.95,37.4,295.94,17.4,295.96,8.3,295.97,0.1
1753600069111,07:07:49.111,binance,AAVE/USDT:USDT,295.95,37.4,295.94,17.4,295.96,8.3,295.97,0.1
1753600069318,07:07:49.318,binance,AAVE/USDT:USDT,295.95,37.7,295.94,17.4,295.96,8.5,295.97,0.1
1753600069421,07:07:49.421,binance,AAVE/USDT:USDT,295.95,37.7,295.94,17.4,295.96,8.5,295.97,0.1
1753600069539,07:07:49.539,binance,AAVE/USDT:USDT,295.95,37.8,295.94,17.4,295.96,23.1,295.97,0.1
1753600069642,07:07:49.642,binance,AAVE/USDT:USDT,295.95,22.7,295.94,17.4,295.96,23.1,295.97,1.4
1753600069760,07:07:49.760,binance,AAVE/USDT:USDT,295.95,23.4,295.94,17.4,295.96,30.3,295.97,0.1
1753600069864,07:07:49.864,binance,AAVE/USDT:USDT,295.95,23.1,295.94,13.2,295.96,30.3,295.97,4.1
1753600069969,07:07:49.969,binance,AAVE/USDT:USDT,295.95,23.1,295.94,10.5,295.96,30.3,295.97,4.1
1753600070209,07:07:50.209,binance,AAVE/USDT:USDT,295.95,23.1,295.94,13.1,295.96,30.3,295.97,4.1
1753600070363,07:07:50.363,binance,AAVE/USDT:USDT,295.95,23.1,295.94,13.1,295.96,30.3,295.97,4.1
1753600070497,07:07:50.497,binance,AAVE/USDT:USDT,295.95,23.1,295.94,13.1,295.96,30.3,295.97,4.1
1753600070598,07:07:50.598,binance,AAVE/USDT:USDT,295.95,23.1,295.94,13.1,295.96,30.3,295.97,4.1
1753600070701,07:07:50.701,binance,AAVE/USDT:USDT,295.95,23.1,295.94,13.1,295.96,30.3,295.97,4.1
1753600070807,07:07:50.807,binance,AAVE/USDT:USDT,295.95,30.3,295.94,13.1,295.96,30.3,295.97,4.1
1753600070976,07:07:50.976,binance,AAVE/USDT:USDT,295.95,30.3,295.94,13.1,295.96,30.3,295.97,4.1
1753600071096,07:07:51.096,binance,AAVE/USDT:USDT,295.95,30.3,295.94,13.1,295.96,30.3,295.97,4.1
1753600071199,07:07:51.199,binance,AAVE/USDT:USDT,295.95,30.3,295.94,13.1,295.96,30.3,295.97,4.1
1753600071308,07:07:51.308,binance,AAVE/USDT:USDT,295.95,30.3,295.94,13.1,295.96,30.3,295.97,0.1
1753600071414,07:07:51.414,binance,AAVE/USDT:USDT,295.95,30.5,295.94,13.1,295.96,30.3,295.97,0.1
1753600071541,07:07:51.541,binance,AAVE/USDT:USDT,295.95,30.5,295.94,13.1,295.96,30.3,295.97,0.1
1753600071699,07:07:51.699,binance,AAVE/USDT:USDT,295.95,30.5,295.94,13.1,295.96,30.3,295.97,0.1
1753600071802,07:07:51.802,binance,AAVE/USDT:USDT,295.95,30.5,295.94,13.1,295.96,30.3,295.97,0.1
1753600071938,07:07:51.938,binance,AAVE/USDT:USDT,295.95,30.5,295.94,13.1,295.96,30.4,295.97,0.1
1753600072113,07:07:52.113,binance,AAVE/USDT:USDT,295.95,30.5,295.94,13.1,295.96,30.4,295.97,0.1
1753600072259,07:07:52.259,binance,AAVE/USDT:USDT,295.95,30.5,295.94,17.9,295.96,24.3,295.97,0.1
1753600072362,07:07:52.362,binance,AAVE/USDT:USDT,295.95,30.4,295.94,20.2,295.96,22.5,295.97,0.1
1753600072469,07:07:52.469,binance,AAVE/USDT:USDT,295.95,30.4,295.94,20.2,295.96,22.5,295.97,0.1
1753600072576,07:07:52.576,binance,AAVE/USDT:USDT,295.95,30.4,295.94,20.2,295.96,22.5,295.97,0.1
1753600072691,07:07:52.691,binance,AAVE/USDT:USDT,295.95,30.4,295.94,15.4,295.96,22.5,295.97,0.1
1753600072796,07:07:52.796,binance,AAVE/USDT:USDT,295.95,30.4,295.94,13.1,295.96,22.5,295.97,0.1
1753600072898,07:07:52.898,binance,AAVE/USDT:USDT,295.95,30.4,295.94,13.1,295.96,22.5,295.97,0.1
1753600073119,07:07:53.119,binance,AAVE/USDT:USDT,295.95,30.4,295.94,22.6,295.96,22.5,295.97,0.1
1753600073220,07:07:53.220,binance,AAVE/USDT:USDT,295.95,30.4,295.94,22.6,295.96,22.5,295.97,0.1
1753600073326,07:07:53.326,binance,AAVE/USDT:USDT,295.95,30.4,295.94,17.8,295.96,22.5,295.97,0.1
1753600073449,07:07:53.449,binance,AAVE/USDT:USDT,295.95,30.4,295.94,13.1,295.96,22.5,295.97,0.1
1753600073552,07:07:53.552,binance,AAVE/USDT:USDT,295.95,30.4,295.94,13.1,295.96,22.5,295.97,0.1
1753600073655,07:07:53.655,binance,AAVE/USDT:USDT,295.95,30.4,295.94,13.1,295.96,21.7,295.97,0.1
1753600073758,07:07:53.758,binance,AAVE/USDT:USDT,295.95,30.4,295.94,13.1,295.96,21.7,295.97,0.1
1753600073872,07:07:53.872,binance,AAVE/USDT:USDT,295.95,30.4,295.94,13.1,295.96,22.5,295.97,0.1
1753600073980,07:07:53.980,binance,AAVE/USDT:USDT,295.95,30.4,295.94,13.1,295.96,22.5,295.97,0.1
1753600074200,07:07:54.200,binance,AAVE/USDT:USDT,295.95,30.4,295.94,13.1,295.96,22.5,295.97,0.1
1753600074303,07:07:54.303,binance,AAVE/USDT:USDT,295.95,30.4,295.94,13.1,295.96,22.6,295.97,0.1
1753600074439,07:07:54.439,binance,AAVE/USDT:USDT,295.95,29.3,295.94,17.9,295.96,15.4,295.97,0.1
1753600074542,07:07:54.542,binance,AAVE/USDT:USDT,295.95,29.3,295.94,13.1,295.96,15.4,295.97,0.1
1753600074645,07:07:54.645,binance,AAVE/USDT:USDT,295.95,29.3,295.94,13.1,295.96,15.4,295.97,0.1
1753600074851,07:07:54.851,binance,AAVE/USDT:USDT,295.95,29.3,295.94,13.1,295.96,15.4,295.97,0.1
1753600074953,07:07:54.953,binance,AAVE/USDT:USDT,295.95,29.3,295.94,13.1,295.96,15.4,295.97,0.1
1753600075060,07:07:55.060,binance,AAVE/USDT:USDT,295.95,29.3,295.94,13.1,295.96,15.4,295.97,0.1
1753600075162,07:07:55.162,binance,AAVE/USDT:USDT,295.95,29.3,295.94,13.1,295.96,15.4,295.97,0.1
1753600075270,07:07:55.270,binance,AAVE/USDT:USDT,295.95,29.4,295.94,13.1,295.96,15.4,295.97,0.1
1753600075375,07:07:55.375,binance,AAVE/USDT:USDT,295.95,31.7,295.94,13.1,295.96,14.6,295.97,0.1
1753600075639,07:07:55.639,binance,AAVE/USDT:USDT,295.95,31.7,295.94,13.1,295.96,14.6,295.97,0.1
1753600075741,07:07:55.741,binance,AAVE/USDT:USDT,295.95,31.7,295.94,13.1,295.96,14.6,295.97,0.1
1753600075851,07:07:55.851,binance,AAVE/USDT:USDT,295.95,31.7,295.94,13.1,295.96,14.6,295.97,0.1
1753600075954,07:07:55.954,binance,AAVE/USDT:USDT,295.95,31.7,295.94,13.1,295.96,14.6,295.97,0.1
1753600076056,07:07:56.056,binance,AAVE/USDT:USDT,295.95,31.7,295.94,13.1,295.96,14.6,295.97,0.1
1753600076200,07:07:56.200,binance,AAVE/USDT:USDT,295.95,31.7,295.94,13.1,295.96,14.6,295.97,0.1
1753600076303,07:07:56.303,binance,AAVE/USDT:USDT,295.95,31.7,295.94,13.1,295.96,14.6,295.97,0.1
1753600076406,07:07:56.406,binance,AAVE/USDT:USDT,295.95,31.7,295.94,13.1,295.96,14.6,295.97,0.1
1753600076510,07:07:56.510,binance,AAVE/USDT:USDT,295.95,31.6,295.94,13.1,295.96,16.4,295.97,0.1
1753600076667,07:07:56.667,binance,AAVE/USDT:USDT,295.95,31.6,295.94,9.8,295.96,16.4,295.97,0.1
1753600076770,07:07:56.770,binance,AAVE/USDT:USDT,295.95,31.6,295.94,9.8,295.96,16.4,295.97,0.1
1753600076910,07:07:56.910,binance,AAVE/USDT:USDT,295.95,31.6,295.94,9.8,295.96,16.4,295.97,0.1
1753600077118,07:07:57.118,binance,AAVE/USDT:USDT,295.95,31.6,295.94,9.8,295.96,16.4,295.97,4.1
1753600077225,07:07:57.225,binance,AAVE/USDT:USDT,295.95,31.6,295.94,9.8,295.96,16.4,295.97,4.1
1753600077328,07:07:57.328,binance,AAVE/USDT:USDT,295.95,31.7,295.94,9.8,295.96,16.5,295.97,4.1
1753600077448,07:07:57.448,binance,AAVE/USDT:USDT,295.95,34.2,295.94,9.8,295.96,16.6,295.97,4.1
1753600077559,07:07:57.559,binance,AAVE/USDT:USDT,295.95,34.2,295.94,9.8,295.96,16.7,295.97,4.1
1753600077695,07:07:57.695,binance,AAVE/USDT:USDT,295.95,34.2,295.94,9.8,295.96,16.7,295.97,4.1
1753600077969,07:07:57.969,binance,AAVE/USDT:USDT,295.95,34.2,295.94,9.8,295.96,16.8,295.97,4.1
1753600078139,07:07:58.139,binance,AAVE/USDT:USDT,295.95,34.2,295.94,9.8,295.96,16.8,295.97,4.1
1753600078257,07:07:58.257,binance,AAVE/USDT:USDT,295.95,34.2,295.94,7.2,295.96,16.8,295.97,4.1
1753600078366,07:07:58.366,binance,AAVE/USDT:USDT,295.95,35.9,295.94,7.2,295.96,16.8,295.97,4.1
1753600078502,07:07:58.502,binance,AAVE/USDT:USDT,295.95,35.8,295.94,7.2,295.96,16.8,295.97,4.1
1753600078618,07:07:58.618,binance,AAVE/USDT:USDT,295.95,35.8,295.94,7.2,295.96,16.8,295.97,4.1
1753600078748,07:07:58.748,binance,AAVE/USDT:USDT,295.95,35.8,295.94,7.2,295.96,16.8,295.97,4.1
1753600078882,07:07:58.882,binance,AAVE/USDT:USDT,295.95,36.2,295.94,7.2,295.96,16.8,295.97,0.1
1753600078986,07:07:58.986,binance,AAVE/USDT:USDT,295.95,36.2,295.94,10.2,295.96,16.8,295.97,0.1
1753600079100,07:07:59.100,binance,AAVE/USDT:USDT,295.95,36.2,295.94,7.2,295.96,16.8,295.97,0.1
1753600079201,07:07:59.201,binance,AAVE/USDT:USDT,295.95,36.2,295.94,7.2,295.96,15.0,295.97,0.1
1753600079550,07:07:59.550,binance,AAVE/USDT:USDT,295.95,36.3,295.94,7.2,295.96,15.2,295.97,0.1
1753600079652,07:07:59.652,binance,AAVE/USDT:USDT,295.95,26.2,295.94,6.7,295.96,21.4,295.97,0.1
1753600079755,07:07:59.755,binance,AAVE/USDT:USDT,295.95,26.2,295.94,6.7,295.96,21.4,295.97,0.1
1753600079856,07:07:59.856,binance,AAVE/USDT:USDT,295.95,26.2,295.94,6.7,295.96,21.4,295.97,0.1
1753600079971,07:07:59.971,binance,AAVE/USDT:USDT,295.95,26.2,295.94,6.7,295.96,17.0,295.97,0.1
1753600080099,07:08:00.099,binance,AAVE/USDT:USDT,295.95,26.2,295.94,6.7,295.96,17.0,295.97,0.1
1753600080200,07:08:00.200,binance,AAVE/USDT:USDT,295.95,26.2,295.94,6.7,295.96,17.0,295.97,0.1
1753600080405,07:08:00.405,binance,AAVE/USDT:USDT,295.95,28.6,295.94,6.7,295.96,15.2,295.97,0.1
1753600080511,07:08:00.511,binance,AAVE/USDT:USDT,295.95,28.6,295.94,6.7,295.96,17.7,295.97,0.1
1753600080614,07:08:00.614,binance,AAVE/USDT:USDT,295.95,28.6,295.94,6.7,295.96,17.0,295.97,0.1
1753600080721,07:08:00.721,binance,AAVE/USDT:USDT,295.95,30.2,295.94,6.7,295.96,17.0,295.97,0.1
1753600080827,07:08:00.827,binance,AAVE/USDT:USDT,295.95,30.2,295.94,6.7,295.96,17.0,295.97,0.1
1753600080930,07:08:00.930,binance,AAVE/USDT:USDT,295.95,30.2,295.94,6.7,295.96,17.0,295.97,0.1
1753600081102,07:08:01.102,binance,AAVE/USDT:USDT,295.95,30.2,295.94,6.7,295.96,17.0,295.97,0.1
1753600081205,07:08:01.205,binance,AAVE/USDT:USDT,295.95,30.2,295.94,6.7,295.96,17.0,295.97,0.1
1753600081311,07:08:01.311,binance,AAVE/USDT:USDT,295.95,32.9,295.94,6.7,295.96,17.0,295.97,0.1
1753600081414,07:08:01.414,binance,AAVE/USDT:USDT,295.95,33.2,295.94,6.7,295.96,17.0,295.97,0.1
1753600081520,07:08:01.520,binance,AAVE/USDT:USDT,295.95,33.2,295.94,6.7,295.96,17.0,295.97,0.1
1753600081775,07:08:01.775,binance,AAVE/USDT:USDT,295.95,34.7,295.94,9.7,295.96,17.0,295.97,0.1
1753600081877,07:08:01.877,binance,AAVE/USDT:USDT,295.95,36.4,295.94,9.7,295.96,17.0,295.97,0.1
1753600081979,07:08:01.979,binance,AAVE/USDT:USDT,295.95,36.4,295.94,6.7,295.96,21.4,295.97,0.1
1753600082082,07:08:02.082,binance,AAVE/USDT:USDT,295.95,36.4,295.94,6.7,295.96,25.4,295.97,9.0
1753600082193,07:08:02.193,binance,AAVE/USDT:USDT,295.95,36.4,295.94,6.7,295.96,25.4,295.97,9.0
1753600082295,07:08:02.295,binance,AAVE/USDT:USDT,295.95,36.4,295.94,6.7,295.96,25.4,295.97,9.0
1753600082416,07:08:02.416,binance,AAVE/USDT:USDT,295.95,36.6,295.94,6.7,295.96,25.4,295.97,4.1
1753600082522,07:08:02.522,binance,AAVE/USDT:USDT,295.95,40.5,295.94,6.7,295.96,21.4,295.97,4.1
1753600082657,07:08:02.657,binance,AAVE/USDT:USDT,295.94,14.3,295.93,6.7,295.95,39.9,295.96,19.5
1753600082758,07:08:02.758,binance,AAVE/USDT:USDT,295.94,9.0,295.93,3.6,295.95,10.4,295.96,19.5
1753600082861,07:08:02.861,binance,AAVE/USDT:USDT,295.95,26.9,295.94,18.2,295.96,13.3,295.97,0.1
1753600082964,07:08:02.964,binance,AAVE/USDT:USDT,295.95,27.0,295.94,18.2,295.96,13.4,295.97,0.1
1753600083168,07:08:03.168,binance,AAVE/USDT:USDT,295.94,12.0,295.93,3.6,295.95,16.6,295.96,13.4
1753600083269,07:08:03.269,binance,AAVE/USDT:USDT,295.94,12.0,295.93,3.6,295.95,10.0,295.96,13.4
1753600083483,07:08:03.483,binance,AAVE/USDT:USDT,295.94,12.0,295.93,3.6,295.95,8.8,295.96,13.3
1753600083585,07:08:03.585,binance,AAVE/USDT:USDT,295.94,12.0,295.93,3.6,295.95,14.7,295.96,13.3
1753600083686,07:08:03.686,binance,AAVE/USDT:USDT,295.94,12.0,295.93,3.6,295.95,14.0,295.96,13.3
1753600083833,07:08:03.833,binance,AAVE/USDT:USDT,295.94,14.8,295.93,3.6,295.95,10.6,295.96,13.3
1753600083934,07:08:03.934,binance,AAVE/USDT:USDT,295.94,14.8,295.93,6.3,295.95,2.8,295.96,13.3
1753600084035,07:08:04.035,binance,AAVE/USDT:USDT,295.94,17.0,295.93,12.9,295.95,0.7,295.96,13.3
1753600084151,07:08:04.151,binance,AAVE/USDT:USDT,295.94,14.8,295.93,23.7,295.95,0.7,295.96,13.3
1753600084259,07:08:04.259,binance,AAVE/USDT:USDT,295.94,14.8,295.93,23.7,295.95,0.7,295.96,13.3
1753600084361,07:08:04.361,binance,AAVE/USDT:USDT,295.94,14.8,295.93,21.3,295.95,0.7,295.96,13.3
1753600084464,07:08:04.464,binance,AAVE/USDT:USDT,295.94,14.8,295.93,3.6,295.95,8.6,295.96,13.3
1753600084566,07:08:04.566,binance,AAVE/USDT:USDT,295.94,14.8,295.93,3.6,295.95,9.3,295.96,13.3
1753600084668,07:08:04.668,binance,AAVE/USDT:USDT,295.94,9.0,295.93,3.6,295.95,9.3,295.96,13.3
1753600084776,07:08:04.776,binance,AAVE/USDT:USDT,295.94,8.9,295.93,3.6,295.95,8.6,295.96,13.3
1753600084878,07:08:04.878,binance,AAVE/USDT:USDT,295.94,8.9,295.93,3.6,295.95,8.6,295.96,13.3
1753600084984,07:08:04.984,binance,AAVE/USDT:USDT,295.94,8.9,295.93,3.6,295.95,8.6,295.96,13.3
1753600085201,07:08:05.201,binance,AAVE/USDT:USDT,295.94,8.9,295.93,3.6,295.95,9.8,295.96,13.3
1753600085304,07:08:05.304,binance,AAVE/USDT:USDT,295.94,11.1,295.93,3.6,295.95,3.0,295.96,13.3
1753600085415,07:08:05.415,binance,AAVE/USDT:USDT,295.94,11.1,295.93,4.9,295.95,3.0,295.96,13.3
1753600085520,07:08:05.520,binance,AAVE/USDT:USDT,295.94,11.1,295.93,3.6,295.95,7.3,295.96,13.3
1753600085623,07:08:05.623,binance,AAVE/USDT:USDT,295.94,13.3,295.93,3.6,295.95,1.2,295.96,13.3
1753600085726,07:08:05.726,binance,AAVE/USDT:USDT,295.94,13.3,295.93,6.3,295.95,1.2,295.96,13.3
1753600085853,07:08:05.853,binance,AAVE/USDT:USDT,295.94,17.7,295.93,11.3,295.95,1.2,295.96,13.3
1753600085958,07:08:05.958,binance,AAVE/USDT:USDT,295.94,17.7,295.93,6.3,295.95,1.2,295.96,13.3
1753600086062,07:08:06.062,binance,AAVE/USDT:USDT,295.94,21.7,295.93,21.1,295.95,1.2,295.96,13.3
1753600086165,07:08:06.165,binance,AAVE/USDT:USDT,295.94,21.7,295.93,26.2,295.95,1.2,295.96,13.3
1753600086273,07:08:06.273,binance,AAVE/USDT:USDT,295.94,21.7,295.93,26.2,295.95,1.2,295.96,13.3
1753600086408,07:08:06.408,binance,AAVE/USDT:USDT,295.94,21.7,295.93,21.2,295.95,1.4,295.96,13.2
1753600086511,07:08:06.511,binance,AAVE/USDT:USDT,295.94,21.7,295.93,21.2,295.95,2.4,295.96,13.2
1753600086614,07:08:06.614,binance,AAVE/USDT:USDT,295.94,21.7,295.93,26.2,295.95,2.4,295.96,13.2
1753600086864,07:08:06.864,binance,AAVE/USDT:USDT,295.94,21.7,295.93,26.2,295.95,2.4,295.96,13.2
1753600087069,07:08:07.069,binance,AAVE/USDT:USDT,295.94,21.7,295.93,26.2,295.95,2.4,295.96,13.2
1753600087202,07:08:07.202,binance,AAVE/USDT:USDT,295.94,21.8,295.93,26.2,295.95,2.2,295.96,13.2
1753600087325,07:08:07.325,binance,AAVE/USDT:USDT,295.94,21.8,295.93,26.2,295.95,2.1,295.96,13.2
1753600087428,07:08:07.428,binance,AAVE/USDT:USDT,295.94,21.8,295.93,26.2,295.95,2.1,295.96,13.2
1753600087736,07:08:07.736,binance,AAVE/USDT:USDT,295.94,21.8,295.93,26.2,295.95,2.1,295.96,13.2
1753600087871,07:08:07.871,binance,AAVE/USDT:USDT,295.97,51.8,295.96,32.2,295.98,0.2,295.99,0.4
1753600087974,07:08:07.974,binance,AAVE/USDT:USDT,295.97,40.6,295.96,36.3,295.98,2.0,295.99,0.4
1753600088077,07:08:08.077,binance,AAVE/USDT:USDT,295.97,40.7,295.96,36.3,295.98,2.1,295.99,0.3
1753600088182,07:08:08.182,binance,AAVE/USDT:USDT,295.97,40.7,295.96,36.3,295.98,2.1,295.99,0.3
1753600088302,07:08:08.302,binance,AAVE/USDT:USDT,295.97,40.7,295.96,36.3,295.98,0.2,295.99,0.3
1753600088405,07:08:08.405,binance,AAVE/USDT:USDT,295.99,9.6,295.98,24.8,296.0,0.4,296.01,0.3
1753600088506,07:08:08.506,binance,AAVE/USDT:USDT,295.99,46.0,295.98,46.2,296.0,0.3,296.01,0.3
1753600088608,07:08:08.608,binance,AAVE/USDT:USDT,295.99,46.1,295.98,46.2,296.0,0.3,296.01,0.3
1753600088727,07:08:08.727,binance,AAVE/USDT:USDT,295.99,46.1,295.98,46.2,296.0,0.3,296.01,0.3
1753600088828,07:08:08.828,binance,AAVE/USDT:USDT,296.02,44.1,296.01,19.8,296.03,0.1,296.04,0.6
1753600088930,07:08:08.930,binance,AAVE/USDT:USDT,296.02,43.2,296.01,25.8,296.03,0.1,296.04,0.6
1753600089033,07:08:09.033,binance,AAVE/USDT:USDT,296.02,47.2,296.01,29.8,296.03,0.1,296.04,0.6
1753600089151,07:08:09.151,binance,AAVE/USDT:USDT,296.02,47.3,296.01,29.8,296.03,0.1,296.04,0.6
1753600089268,07:08:09.268,binance,AAVE/USDT:USDT,296.02,47.3,296.01,29.8,296.03,0.1,296.04,0.9
1753600089371,07:08:09.371,binance,AAVE/USDT:USDT,296.02,47.6,296.01,28.0,296.03,0.1,296.04,1.0
1753600089474,07:08:09.474,binance,AAVE/USDT:USDT,296.02,47.9,296.01,28.0,296.03,0.1,296.04,1.0
1753600089601,07:08:09.601,binance,AAVE/USDT:USDT,296.03,50.5,296.02,29.9,296.04,0.5,296.05,0.3
1753600089702,07:08:09.702,binance,AAVE/USDT:USDT,296.03,50.0,296.02,24.1,296.04,0.5,296.05,3.7
1753600089806,07:08:09.806,binance,AAVE/USDT:USDT,296.03,46.1,296.02,19.1,296.04,0.8,296.05,3.7
1753600089911,07:08:09.911,binance,AAVE/USDT:USDT,296.03,44.8,296.02,19.1,296.04,0.1,296.05,3.7
1753600090014,07:08:10.014,binance,AAVE/USDT:USDT,296.03,37.0,296.02,19.1,296.04,6.2,296.05,3.7
1753600090118,07:08:10.118,binance,AAVE/USDT:USDT,296.03,37.0,296.02,19.1,296.04,0.1,296.05,3.7
1753600090221,07:08:10.221,binance,AAVE/USDT:USDT,296.04,31.0,296.03,26.5,296.05,3.8,296.06,0.9
1753600090323,07:08:10.323,binance,AAVE/USDT:USDT,296.04,31.3,296.03,26.5,296.05,4.1,296.06,0.9
1753600090425,07:08:10.425,binance,AAVE/USDT:USDT,296.04,31.3,296.03,26.5,296.05,4.1,296.06,0.9
1753600090528,07:08:10.528,binance,AAVE/USDT:USDT,296.04,31.3,296.03,26.5,296.05,4.7,296.06,0.9
1753600090648,07:08:10.648,binance,AAVE/USDT:USDT,296.04,31.3,296.03,26.5,296.05,4.7,296.06,0.9
1753600090751,07:08:10.751,binance,AAVE/USDT:USDT,296.04,31.3,296.03,23.4,296.05,4.4,296.06,0.9
1753600090977,07:08:10.977,binance,AAVE/USDT:USDT,296.04,35.3,296.03,23.4,296.05,4.7,296.06,0.9
1753600091107,07:08:11.107,binance,AAVE/USDT:USDT,296.04,35.3,296.03,23.4,296.05,4.7,296.06,0.9
1753600091216,07:08:11.216,binance,AAVE/USDT:USDT,296.04,27.7,296.03,23.4,296.05,12.6,296.06,0.9
1753600091318,07:08:11.318,binance,AAVE/USDT:USDT,296.04,25.6,296.03,15.8,296.05,13.0,296.06,0.9
1753600091419,07:08:11.419,binance,AAVE/USDT:USDT,296.04,25.6,296.03,15.8,296.05,12.3,296.06,0.9
1753600091529,07:08:11.529,binance,AAVE/USDT:USDT,296.04,16.7,296.03,15.8,296.05,13.0,296.06,0.9
1753600091631,07:08:11.631,binance,AAVE/USDT:USDT,296.04,16.7,296.03,13.5,296.05,10.5,296.06,0.9
1753600091734,07:08:11.734,binance,AAVE/USDT:USDT,296.04,16.7,296.03,13.5,296.05,12.3,296.06,0.9
1753600091835,07:08:11.835,binance,AAVE/USDT:USDT,296.04,16.7,296.03,13.5,296.05,12.3,296.06,0.9
1753600091951,07:08:11.951,binance,AAVE/USDT:USDT,296.04,16.7,296.03,13.5,296.05,10.9,296.06,0.9
1753600092052,07:08:12.052,binance,AAVE/USDT:USDT,296.04,16.7,296.03,13.5,296.05,10.5,296.06,0.9
1753600092177,07:08:12.177,binance,AAVE/USDT:USDT,296.04,1.5,296.03,5.9,296.05,13.1,296.06,10.1
1753600092280,07:08:12.280,binance,AAVE/USDT:USDT,296.04,1.5,296.02,6.7,296.05,13.1,296.06,15.8
1753600092383,07:08:12.383,binance,AAVE/USDT:USDT,296.02,0.9,296.01,0.1,296.03,18.9,296.04,21.8
1753600092485,07:08:12.485,binance,AAVE/USDT:USDT,296.02,1.6,296.01,0.1,296.03,19.1,296.04,21.8
1753600092589,07:08:12.589,binance,AAVE/USDT:USDT,295.98,8.6,295.97,16.9,295.99,23.3,296.0,6.1
1753600092796,07:08:12.796,binance,AAVE/USDT:USDT,295.98,0.1,295.97,6.1,295.99,23.3,296.0,6.1
1753600092898,07:08:12.898,binance,AAVE/USDT:USDT,295.98,0.1,295.97,6.1,295.99,23.3,296.0,6.1
1753600093111,07:08:13.111,binance,AAVE/USDT:USDT,295.98,0.1,295.97,6.1,295.99,23.9,296.0,6.1
1753600093261,07:08:13.261,binance,AAVE/USDT:USDT,295.99,27.6,295.98,18.0,296.0,6.4,296.01,0.1
1753600093364,07:08:13.364,binance,AAVE/USDT:USDT,295.99,13.6,295.98,18.0,296.0,6.2,296.01,0.1
1753600093467,07:08:13.467,binance,AAVE/USDT:USDT,295.99,12.5,295.98,18.0,296.0,6.2,296.01,0.1
1753600093573,07:08:13.573,binance,AAVE/USDT:USDT,295.99,6.6,295.98,16.5,296.0,6.9,296.01,0.1
1753600093677,07:08:13.677,binance,AAVE/USDT:USDT,295.99,6.0,295.98,16.5,296.0,5.3,296.01,7.2
1753600093780,07:08:13.780,binance,AAVE/USDT:USDT,296.0,9.4,295.99,8.5,296.01,6.3,296.02,19.6
1753600093883,07:08:13.883,binance,AAVE/USDT:USDT,296.02,38.6,296.01,25.4,296.03,2.3,296.04,16.1
1753600093986,07:08:13.986,binance,AAVE/USDT:USDT,296.02,34.5,296.01,22.8,296.03,9.9,296.04,16.1
1753600094091,07:08:14.091,binance,AAVE/USDT:USDT,296.02,34.6,296.01,22.8,296.03,10.0,296.04,16.1
1753600094213,07:08:14.213,binance,AAVE/USDT:USDT,296.02,11.9,296.01,13.5,296.03,10.7,296.04,16.1
1753600094319,07:08:14.319,binance,AAVE/USDT:USDT,296.01,14.5,296.0,11.7,296.02,19.3,296.03,10.0
1753600094425,07:08:14.425,binance,AAVE/USDT:USDT,296.01,7.0,296.0,11.7,296.02,20.2,296.03,10.0
1753600094526,07:08:14.526,binance,AAVE/USDT:USDT,296.01,7.0,296.0,11.7,296.02,20.2,296.03,10.0
1753600094629,07:08:14.629,binance,AAVE/USDT:USDT,296.01,7.0,296.0,11.7,296.02,20.2,296.03,10.0
1753600094732,07:08:14.732,binance,AAVE/USDT:USDT,296.01,8.5,296.0,11.7,296.02,20.2,296.03,10.0
1753600094834,07:08:14.834,binance,AAVE/USDT:USDT,296.01,8.5,296.0,11.7,296.02,20.2,296.03,10.0
1753600094957,07:08:14.957,binance,AAVE/USDT:USDT,296.01,8.5,296.0,11.7,296.02,20.2,296.03,10.0
1753600095090,07:08:15.090,binance,AAVE/USDT:USDT,296.01,8.5,296.0,11.7,296.02,19.5,296.03,10.0
1753600095200,07:08:15.200,binance,AAVE/USDT:USDT,296.01,8.5,296.0,11.7,296.02,19.5,296.03,10.0
1753600095314,07:08:15.314,binance,AAVE/USDT:USDT,296.01,8.5,296.0,11.7,296.02,17.0,296.03,10.0
1753600095453,07:08:15.453,binance,AAVE/USDT:USDT,296.01,8.5,296.0,11.7,296.02,17.0,296.03,10.0
1753600095561,07:08:15.561,binance,AAVE/USDT:USDT,296.01,12.9,296.0,11.7,296.02,17.0,296.03,9.9
1753600095687,07:08:15.687,binance,AAVE/USDT:USDT,296.01,12.9,296.0,11.7,296.02,17.0,296.03,9.9
1753600095790,07:08:15.790,binance,AAVE/USDT:USDT,296.01,14.1,296.0,11.7,296.02,17.0,296.03,9.9
1753600096015,07:08:16.015,binance,AAVE/USDT:USDT,296.01,14.1,296.0,11.7,296.02,17.0,296.03,9.9
1753600096214,07:08:16.214,binance,AAVE/USDT:USDT,296.01,14.1,296.0,11.7,296.02,17.0,296.03,9.9
1753600096402,07:08:16.402,binance,AAVE/USDT:USDT,296.01,17.2,296.0,5.6,296.02,16.2,296.03,9.9
1753600096538,07:08:16.538,binance,AAVE/USDT:USDT,296.01,11.6,296.0,5.6,296.02,16.2,296.03,9.9
1753600096690,07:08:16.690,binance,AAVE/USDT:USDT,296.01,11.6,296.0,5.6,296.02,16.2,296.03,9.9
1753600096919,07:08:16.919,binance,AAVE/USDT:USDT,296.01,11.6,296.0,5.6,296.02,16.2,296.03,9.9
1753600097024,07:08:17.024,binance,AAVE/USDT:USDT,296.01,11.6,296.0,5.6,296.02,16.2,296.03,9.9
1753600097127,07:08:17.127,binance,AAVE/USDT:USDT,296.01,11.6,296.0,5.6,296.02,16.2,296.03,9.9
1753600097272,07:08:17.272,binance,AAVE/USDT:USDT,296.01,11.6,296.0,2.8,296.02,16.2,296.03,14.7
1753600097375,07:08:17.375,binance,AAVE/USDT:USDT,296.01,10.7,296.0,2.8,296.02,16.4,296.03,14.7
1753600097489,07:08:17.489,binance,AAVE/USDT:USDT,296.01,10.7,296.0,2.8,296.02,16.4,296.03,14.7
1753600097618,07:08:17.618,binance,AAVE/USDT:USDT,296.01,10.9,296.0,2.8,296.02,16.4,296.03,9.9
1753600097721,07:08:17.721,binance,AAVE/USDT:USDT,296.01,10.9,296.0,2.8,296.02,16.4,296.03,9.9
1753600097848,07:08:17.848,binance,AAVE/USDT:USDT,296.01,10.9,296.0,2.8,296.02,16.4,296.03,9.9
1753600097949,07:08:17.949,binance,AAVE/USDT:USDT,296.01,10.9,296.0,2.8,296.02,16.7,296.03,9.9
1753600098110,07:08:18.110,binance,AAVE/USDT:USDT,296.01,10.9,296.0,2.8,296.02,16.7,296.03,9.9
1753600098213,07:08:18.213,binance,AAVE/USDT:USDT,296.01,10.9,296.0,2.8,296.02,16.4,296.03,9.9
1753600098320,07:08:18.320,binance,AAVE/USDT:USDT,296.01,10.9,296.0,2.8,296.02,16.4,296.03,9.9
1753600098461,07:08:18.461,binance,AAVE/USDT:USDT,296.01,10.9,296.0,2.8,296.02,16.2,296.03,9.9
1753600098573,07:08:18.573,binance,AAVE/USDT:USDT,296.01,10.9,296.0,2.8,296.02,16.4,296.03,9.9
1753600098892,07:08:18.892,binance,AAVE/USDT:USDT,296.01,10.9,295.99,12.3,296.02,16.4,296.03,9.9
1753600098994,07:08:18.994,binance,AAVE/USDT:USDT,296.01,10.9,295.99,12.3,296.02,16.4,296.03,9.9
1753600099097,07:08:19.097,binance,AAVE/USDT:USDT,296.01,10.9,295.99,12.3,296.02,16.4,296.03,9.9
1753600099272,07:08:19.272,binance,AAVE/USDT:USDT,296.01,10.9,295.99,12.3,296.02,16.4,296.03,9.9
1753600099432,07:08:19.432,binance,AAVE/USDT:USDT,296.01,10.9,295.99,12.3,296.02,16.5,296.03,9.9
1753600099544,07:08:19.544,binance,AAVE/USDT:USDT,296.01,10.9,295.99,12.3,296.02,16.5,296.03,9.9
1753600099963,07:08:19.963,binance,AAVE/USDT:USDT,296.01,10.9,295.99,12.3,296.02,16.5,296.03,9.9
1753600100202,07:08:20.202,binance,AAVE/USDT:USDT,296.01,10.9,295.99,12.3,296.02,16.5,296.03,9.9
1753600100303,07:08:20.303,binance,AAVE/USDT:USDT,296.01,10.9,295.99,12.3,296.02,16.5,296.03,9.9
1753600100413,07:08:20.413,binance,AAVE/USDT:USDT,296.01,10.9,295.99,12.3,296.02,16.5,296.03,9.9
1753600100619,07:08:20.619,binance,AAVE/USDT:USDT,296.01,10.9,295.99,12.3,296.02,16.5,296.03,9.9
1753600100764,07:08:20.764,binance,AAVE/USDT:USDT,296.01,10.9,295.99,17.3,296.02,15.8,296.03,9.9
1753600100867,07:08:20.867,binance,AAVE/USDT:USDT,296.01,10.9,296.0,2.2,296.02,15.8,296.03,9.9
1753600101021,07:08:21.021,binance,AAVE/USDT:USDT,296.01,10.9,296.0,2.2,296.02,15.8,296.03,9.9
1753600101127,07:08:21.127,binance,AAVE/USDT:USDT,296.01,10.9,295.99,14.6,296.02,15.8,296.03,9.9
1753600101230,07:08:21.230,binance,AAVE/USDT:USDT,296.01,10.9,295.99,14.6,296.02,15.8,296.03,9.9
1753600101355,07:08:21.355,binance,AAVE/USDT:USDT,296.01,10.9,295.99,14.6,296.02,15.8,296.03,9.9
1753600101619,07:08:21.619,binance,AAVE/USDT:USDT,296.01,10.5,295.99,14.6,296.02,15.8,296.03,9.9
1753600101749,07:08:21.749,binance,AAVE/USDT:USDT,296.01,10.5,295.99,14.6,296.02,15.8,296.03,9.9
1753600101852,07:08:21.852,binance,AAVE/USDT:USDT,296.01,10.5,295.99,14.6,296.02,15.8,296.03,9.9
1753600101964,07:08:21.964,binance,AAVE/USDT:USDT,296.01,10.5,295.99,14.6,296.02,15.8,296.03,9.9
1753600102084,07:08:22.084,binance,AAVE/USDT:USDT,296.01,10.4,295.99,14.6,296.02,15.8,296.03,9.9
1753600102191,07:08:22.191,binance,AAVE/USDT:USDT,296.01,11.8,295.99,14.6,296.02,15.8,296.03,9.9
1753600102316,07:08:22.316,binance,AAVE/USDT:USDT,296.01,11.8,295.99,12.4,296.02,15.8,296.03,9.9
1753600102419,07:08:22.419,binance,AAVE/USDT:USDT,296.01,10.4,295.99,12.3,296.02,15.8,296.03,9.9
1753600102551,07:08:22.551,binance,AAVE/USDT:USDT,296.01,10.4,295.99,12.3,296.02,15.8,296.03,9.9
1753600102653,07:08:22.653,binance,AAVE/USDT:USDT,295.99,2.8,295.98,10.6,296.0,13.7,296.01,16.6
1753600102758,07:08:22.758,binance,AAVE/USDT:USDT,295.97,2.8,295.96,6.2,295.98,15.9,295.99,16.6
1753600102862,07:08:22.862,binance,AAVE/USDT:USDT,295.96,6.2,295.95,6.6,295.97,13.6,295.98,12.9
1753600102964,07:08:22.964,binance,AAVE/USDT:USDT,295.96,6.3,295.95,6.6,295.97,13.0,295.98,12.9
1753600103067,07:08:23.067,binance,AAVE/USDT:USDT,295.96,6.3,295.95,6.6,295.97,13.0,295.98,12.9
1753600103172,07:08:23.172,binance,AAVE/USDT:USDT,295.96,6.3,295.95,6.6,295.97,13.0,295.98,12.9
1753600103286,07:08:23.286,binance,AAVE/USDT:USDT,295.96,8.0,295.95,6.6,295.97,13.0,295.98,12.9
1753600103387,07:08:23.387,binance,AAVE/USDT:USDT,295.96,8.0,295.95,6.6,295.97,13.0,295.98,12.9
1753600103490,07:08:23.490,binance,AAVE/USDT:USDT,295.96,8.0,295.95,6.6,295.97,13.0,295.98,12.9
1753600103608,07:08:23.608,binance,AAVE/USDT:USDT,295.96,6.3,295.95,6.6,295.97,13.0,295.98,12.9
1753600103714,07:08:23.714,binance,AAVE/USDT:USDT,295.96,6.3,295.95,6.6,295.97,13.0,295.98,12.9
1753600103827,07:08:23.827,binance,AAVE/USDT:USDT,295.96,9.2,295.95,6.6,295.97,13.0,295.98,12.9
1753600103930,07:08:23.930,binance,AAVE/USDT:USDT,295.96,9.2,295.95,6.6,295.97,13.7,295.98,12.9
1753600104033,07:08:24.033,binance,AAVE/USDT:USDT,295.96,9.2,295.95,6.6,295.97,13.7,295.98,12.9
1753600104141,07:08:24.141,binance,AAVE/USDT:USDT,295.96,9.1,295.95,6.6,295.97,13.7,295.98,12.9
1753600104245,07:08:24.245,binance,AAVE/USDT:USDT,295.96,10.5,295.95,11.6,295.97,12.4,295.98,12.2
1753600104349,07:08:24.349,binance,AAVE/USDT:USDT,295.96,9.1,295.95,13.8,295.97,12.4,295.98,12.2
1753600104452,07:08:24.452,binance,AAVE/USDT:USDT,295.96,9.1,295.95,13.8,295.97,12.4,295.98,12.2
1753600104556,07:08:24.556,binance,AAVE/USDT:USDT,295.96,9.1,295.95,8.8,295.97,12.5,295.98,12.2
1753600104664,07:08:24.664,binance,AAVE/USDT:USDT,295.96,9.1,295.95,6.6,295.97,12.5,295.98,12.2
1753600104769,07:08:24.769,binance,AAVE/USDT:USDT,295.96,23.0,295.95,19.9,295.97,0.1,295.99,6.3
1753600104872,07:08:24.872,binance,AAVE/USDT:USDT,295.96,23.0,295.95,19.9,295.97,0.1,295.99,6.3
1753600104998,07:08:24.998,binance,AAVE/USDT:USDT,295.96,23.0,295.95,30.8,295.97,0.1,295.99,6.3
1753600105104,07:08:25.104,binance,AAVE/USDT:USDT,295.96,23.0,295.95,30.8,295.97,0.1,295.99,6.3
1753600105207,07:08:25.207,binance,AAVE/USDT:USDT,295.96,19.8,295.95,19.7,295.97,0.1,295.99,6.3
1753600105310,07:08:25.310,binance,AAVE/USDT:USDT,295.96,19.9,295.95,19.7,295.97,0.1,295.99,6.3
1753600105414,07:08:25.414,binance,AAVE/USDT:USDT,295.96,19.9,295.95,19.7,295.97,0.1,295.99,6.3
1753600105527,07:08:25.527,binance,AAVE/USDT:USDT,295.96,20.1,295.95,19.7,295.97,0.1,295.99,6.3
1753600105641,07:08:25.641,binance,AAVE/USDT:USDT,295.96,20.1,295.95,19.7,295.97,0.1,295.99,6.3
1753600105743,07:08:25.743,binance,AAVE/USDT:USDT,295.96,22.5,295.95,19.7,295.97,0.1,295.99,6.3
1753600105847,07:08:25.847,binance,AAVE/USDT:USDT,295.97,21.0,295.96,25.7,295.99,0.2,296.0,0.2
1753600105949,07:08:25.949,binance,AAVE/USDT:USDT,295.98,59.2,295.97,42.5,295.99,0.1,296.0,0.1
1753600106052,07:08:26.052,binance,AAVE/USDT:USDT,296.0,71.9,295.99,31.7,296.01,0.2,296.02,0.3
1753600106156,07:08:26.156,binance,AAVE/USDT:USDT,296.0,75.2,295.99,36.7,296.01,0.2,296.02,0.3
1753600106304,07:08:26.304,binance,AAVE/USDT:USDT,296.0,78.4,295.99,41.6,296.01,0.2,296.02,0.3
1753600106408,07:08:26.408,binance,AAVE/USDT:USDT,296.0,78.5,295.99,39.2,296.01,0.2,296.02,0.3
1753600106545,07:08:26.545,binance,AAVE/USDT:USDT,296.05,12.0,296.04,11.3,296.06,0.4,296.07,4.7
1753600106649,07:08:26.649,binance,AAVE/USDT:USDT,296.05,12.0,296.04,11.3,296.06,0.4,296.07,0.7
1753600106750,07:08:26.750,binance,AAVE/USDT:USDT,296.05,11.1,296.04,11.3,296.06,7.2,296.07,0.7
1753600106855,07:08:26.855,binance,AAVE/USDT:USDT,296.05,11.1,296.04,11.3,296.06,7.2,296.07,0.7
1753600106965,07:08:26.965,binance,AAVE/USDT:USDT,296.05,11.1,296.04,11.3,296.06,7.2,296.07,0.7
1753600107071,07:08:27.071,binance,AAVE/USDT:USDT,296.05,15.5,296.04,13.6,296.06,0.1,296.07,0.7
1753600107175,07:08:27.175,binance,AAVE/USDT:USDT,296.05,15.5,296.04,13.6,296.06,0.1,296.07,0.7
1753600107283,07:08:27.283,binance,AAVE/USDT:USDT,296.05,15.4,296.04,13.6,296.06,0.1,296.07,0.7
1753600107389,07:08:27.389,binance,AAVE/USDT:USDT,296.05,15.4,296.04,24.4,296.06,0.5,296.07,0.7
1753600107495,07:08:27.495,binance,AAVE/USDT:USDT,296.01,8.0,296.0,15.9,296.02,12.5,296.03,10.6
1753600107598,07:08:27.598,binance,AAVE/USDT:USDT,296.01,7.5,296.0,15.3,296.02,12.6,296.03,10.6
1753600107701,07:08:27.701,binance,AAVE/USDT:USDT,296.01,7.5,296.0,15.3,296.02,11.7,296.03,10.6
1753600107804,07:08:27.804,binance,AAVE/USDT:USDT,296.03,7.0,296.02,16.3,296.04,11.7,296.05,14.9
1753600107906,07:08:27.906,binance,AAVE/USDT:USDT,296.03,7.1,296.02,16.3,296.04,11.1,296.05,12.2
1753600108012,07:08:28.012,binance,AAVE/USDT:USDT,296.03,7.1,296.02,16.3,296.04,11.1,296.05,12.2
1753600108117,07:08:28.117,binance,AAVE/USDT:USDT,296.03,7.1,296.02,16.3,296.04,11.1,296.05,12.2
1753600108224,07:08:28.224,binance,AAVE/USDT:USDT,296.03,10.8,296.02,16.3,296.04,7.3,296.05,12.2
1753600108329,07:08:28.329,binance,AAVE/USDT:USDT,296.03,10.8,296.02,16.3,296.04,7.3,296.05,12.2
1753600108477,07:08:28.477,binance,AAVE/USDT:USDT,296.03,10.8,296.02,16.3,296.04,7.3,296.05,12.2
1753600108581,07:08:28.581,binance,AAVE/USDT:USDT,296.03,10.8,296.02,16.3,296.04,7.3,296.05,12.2
1753600108688,07:08:28.688,binance,AAVE/USDT:USDT,296.03,10.8,296.02,16.3,296.04,7.3,296.05,12.2
1753600108813,07:08:28.813,binance,AAVE/USDT:USDT,296.03,10.8,296.02,16.3,296.04,8.0,296.05,12.2
1753600108916,07:08:28.916,binance,AAVE/USDT:USDT,296.03,10.8,296.02,16.3,296.04,8.0,296.05,12.2
1753600109026,07:08:29.026,binance,AAVE/USDT:USDT,296.03,7.1,296.02,16.3,296.04,8.0,296.05,12.2
1753600109139,07:08:29.139,binance,AAVE/USDT:USDT,296.03,7.1,296.02,13.8,296.04,8.0,296.05,12.2
1753600109344,07:08:29.344,binance,AAVE/USDT:USDT,296.02,6.3,296.01,7.4,296.03,21.6,296.04,10.2
1753600109447,07:08:29.447,binance,AAVE/USDT:USDT,296.02,6.3,296.01,7.4,296.03,21.6,296.04,10.2
1753600109549,07:08:29.549,binance,AAVE/USDT:USDT,296.02,6.3,296.01,7.4,296.03,21.6,296.04,10.2
1753600109677,07:08:29.677,binance,AAVE/USDT:USDT,296.02,6.3,296.01,7.4,296.03,21.6,296.04,10.2
1753600109784,07:08:29.784,binance,AAVE/USDT:USDT,296.02,6.3,296.01,7.4,296.03,22.1,296.04,10.2
1753600109927,07:08:29.927,binance,AAVE/USDT:USDT,296.02,6.3,296.01,7.4,296.03,22.1,296.04,10.2
1753600110032,07:08:30.032,binance,AAVE/USDT:USDT,296.02,6.3,296.01,7.4,296.03,22.1,296.04,10.2
1753600110135,07:08:30.135,binance,AAVE/USDT:USDT,296.02,1.9,296.01,7.4,296.03,22.1,296.04,10.2
1753600110367,07:08:30.367,binance,AAVE/USDT:USDT,296.02,1.9,296.01,7.4,296.03,22.1,296.04,10.2
1753600110472,07:08:30.472,binance,AAVE/USDT:USDT,296.02,1.9,296.01,7.4,296.03,22.1,296.04,10.2
1753600110573,07:08:30.573,binance,AAVE/USDT:USDT,296.02,1.9,296.01,5.9,296.03,22.1,296.04,10.2
1753600110675,07:08:30.675,binance,AAVE/USDT:USDT,296.03,58.2,296.02,678.9,296.04,0.4,296.05,0.1
1753600110777,07:08:30.777,binance,AAVE/USDT:USDT,296.05,69.3,296.04,71.1,296.06,0.5,296.07,0.8
1753600110880,07:08:30.880,binance,AAVE/USDT:USDT,296.05,66.4,296.04,66.4,296.06,0.6,296.07,0.8
1753600110981,07:08:30.981,binance,AAVE/USDT:USDT,296.05,72.7,296.04,66.4,296.06,0.6,296.07,0.8
1753600111084,07:08:31.084,binance,AAVE/USDT:USDT,296.05,54.1,296.04,53.5,296.06,0.6,296.07,0.8
1753600111187,07:08:31.187,binance,AAVE/USDT:USDT,296.05,50.6,296.04,53.5,296.06,0.5,296.07,0.8
1753600111326,07:08:31.326,binance,AAVE/USDT:USDT,296.05,50.6,296.04,53.4,296.06,0.5,296.07,0.8
1753600111429,07:08:31.429,binance,AAVE/USDT:USDT,296.06,64.2,296.05,43.9,296.07,0.8,296.08,4.3
1753600111530,07:08:31.530,binance,AAVE/USDT:USDT,296.06,52.9,296.05,43.9,296.07,0.8,296.08,0.7
1753600111661,07:08:31.661,binance,AAVE/USDT:USDT,296.06,52.9,296.05,43.9,296.07,0.8,296.08,0.7
1753600111764,07:08:31.764,binance,AAVE/USDT:USDT,296.06,52.9,296.05,43.9,296.07,0.8,296.08,0.7
1753600111891,07:08:31.891,binance,AAVE/USDT:USDT,296.06,52.9,296.05,43.9,296.07,0.8,296.08,0.7
1753600111994,07:08:31.994,binance,AAVE/USDT:USDT,296.06,52.9,296.05,43.9,296.07,0.8,296.08,0.7
1753600112097,07:08:32.097,binance,AAVE/USDT:USDT,296.06,52.9,296.05,43.9,296.07,7.6,296.08,0.6
1753600112287,07:08:32.287,binance,AAVE/USDT:USDT,296.06,52.9,296.05,43.9,296.07,7.6,296.08,0.6
1753600112455,07:08:32.455,binance,AAVE/USDT:USDT,296.06,36.1,296.05,43.9,296.07,7.6,296.08,0.6
1753600112664,07:08:32.664,binance,AAVE/USDT:USDT,296.06,36.3,296.05,43.9,296.07,7.7,296.08,0.6
1753600112767,07:08:32.767,binance,AAVE/USDT:USDT,296.06,36.3,296.05,43.9,296.07,7.7,296.08,0.6
1753600112973,07:08:32.973,binance,AAVE/USDT:USDT,296.06,36.3,296.05,43.9,296.07,7.7,296.08,0.6
1753600113076,07:08:33.076,binance,AAVE/USDT:USDT,296.06,56.4,296.05,48.6,296.07,7.7,296.08,0.6
1753600113177,07:08:33.177,binance,AAVE/USDT:USDT,296.06,56.4,296.05,48.6,296.07,7.7,296.08,0.6
1753600113285,07:08:33.285,binance,AAVE/USDT:USDT,296.06,59.8,296.05,48.6,296.07,7.7,296.08,0.6
1753600113427,07:08:33.427,binance,AAVE/USDT:USDT,296.06,59.8,296.05,48.6,296.07,7.7,296.08,0.6
