timestamp,time,exchange,symbol,bid1_price,bid1_volume,bid2_price,bid2_volume,ask1_price,ask1_volume,ask2_price,ask2_volume
1753599984582,07:06:24.582,blofin,ADA/USDT:USDT,0.8267,245.0,0.8263,2.0,0.8269,640.0,0.827,335.0
1753599985643,07:06:25.643,blofin,ADA/USDT:USDT,0.8267,74.0,0.8264,6500.0,0.8269,640.0,0.827,617.0
1753599986584,07:06:26.584,blofin,ADA/USDT:USDT,0.8268,245.0,0.8267,4918.0,0.8269,640.0,0.827,469.0
1753599990149,07:06:30.149,blofin,ADA/USDT:USDT,0.8267,351.0,0.8265,5584.0,0.8269,640.0,0.827,534.0
1753599990654,07:06:30.654,blofin,ADA/USDT:USDT,0.8267,86.0,0.8263,7971.0,0.8269,640.0,0.827,371.0
1753599991648,07:06:31.648,blofin,ADA/USDT:USDT,0.8267,36.0,0.8264,1722.0,0.8269,640.0,0.827,562.0
1753599992150,07:06:32.150,blofin,ADA/USDT:USDT,0.8267,36.0,0.8264,1722.0,0.8269,640.0,0.827,564.0
1753599992649,07:06:32.649,blofin,ADA/USDT:USDT,0.8268,415.0,0.8264,7256.0,0.8269,640.0,0.827,323.0
1753599993653,07:06:33.653,blofin,ADA/USDT:USDT,0.8268,415.0,0.8267,5232.0,0.8269,640.0,0.827,266.0
1753599994152,07:06:34.152,blofin,ADA/USDT:USDT,0.8268,413.0,0.8267,5232.0,0.8269,640.0,0.827,266.0
1753599995653,07:06:35.653,blofin,ADA/USDT:USDT,0.8267,266.0,0.8263,1100.0,0.827,425.0,0.8273,7812.0
1753599996156,07:06:36.156,blofin,ADA/USDT:USDT,0.8267,269.0,0.8263,1100.0,0.827,425.0,0.8273,7812.0
1753599996654,07:06:36.654,blofin,ADA/USDT:USDT,0.8267,507.0,0.8262,2637.0,0.827,99.0,0.8273,2880.0
1753599997155,07:06:37.155,blofin,ADA/USDT:USDT,0.8267,507.0,0.8262,2637.0,0.827,96.0,0.8273,2880.0
1753599997656,07:06:37.656,blofin,ADA/USDT:USDT,0.8268,513.0,0.8267,5.0,0.827,99.0,0.8273,2813.0
1753599998657,07:06:38.657,blofin,ADA/USDT:USDT,0.8267,707.0,0.8264,6733.0,0.827,98.0,0.8274,781.0
1753599999162,07:06:39.162,blofin,ADA/USDT:USDT,0.8267,707.0,0.8264,6733.0,0.827,98.0,0.8274,781.0
1753600000159,07:06:40.159,blofin,ADA/USDT:USDT,0.8268,524.0,0.8267,5194.0,0.827,278.0,0.8272,6024.0
1753600000660,07:06:40.660,blofin,ADA/USDT:USDT,0.8268,917.0,0.8267,1.0,0.827,4.0,0.8271,288.0
1753600001661,07:06:41.661,blofin,ADA/USDT:USDT,0.8269,240.0,0.8268,1112.0,0.827,4.0,0.8271,336.0
1753600002162,07:06:42.162,blofin,ADA/USDT:USDT,0.8268,37.0,0.8267,1.0,0.827,510.0,0.8271,1.0
1753600002719,07:06:42.719,blofin,ADA/USDT:USDT,0.8268,1056.0,0.8267,4052.0,0.827,4.0,0.8271,66.0
1753600003668,07:06:43.668,blofin,ADA/USDT:USDT,0.8268,979.0,0.8267,1.0,0.827,4.0,0.8271,199.0
1753600004171,07:06:44.171,blofin,ADA/USDT:USDT,0.8268,979.0,0.8267,1.0,0.827,4.0,0.8271,199.0
1753600004667,07:06:44.667,blofin,ADA/USDT:USDT,0.8268,815.0,0.8267,1.0,0.827,4.0,0.8271,113.0
1753600006895,07:06:46.895,blofin,ADA/USDT:USDT,0.8268,1.0,0.8267,259.0,0.827,740.0,0.8271,5.0
1753600007671,07:06:47.671,blofin,ADA/USDT:USDT,0.8267,1.0,0.8266,10.0,0.8268,1055.0,0.8269,5132.0
1753600008601,07:06:48.601,blofin,ADA/USDT:USDT,0.8267,1.0,0.8266,4.0,0.8268,373.0,0.827,4.0
1753600009173,07:06:49.173,blofin,ADA/USDT:USDT,0.8267,1.0,0.8266,4.0,0.8268,373.0,0.827,4.0
1753600009673,07:06:49.673,blofin,ADA/USDT:USDT,0.8267,1.0,0.8265,397.0,0.8268,79.0,0.827,4.0
1753600010676,07:06:50.676,blofin,ADA/USDT:USDT,0.8267,1.0,0.8266,237.0,0.8268,292.0,0.827,4.0
1753600011603,07:06:51.603,blofin,ADA/USDT:USDT,0.8267,1.0,0.8266,240.0,0.8268,423.0,0.827,4.0
1753600012179,07:06:52.179,blofin,ADA/USDT:USDT,0.8267,1.0,0.8266,243.0,0.8268,423.0,0.827,4.0
1753600012677,07:06:52.677,blofin,ADA/USDT:USDT,0.8267,1.0,0.8266,3.0,0.8268,89.0,0.8269,7184.0
1753600013679,07:06:53.679,blofin,ADA/USDT:USDT,0.8267,1.0,0.8266,1446.0,0.8268,3.0,0.8269,13.0
1753600014181,07:06:54.181,blofin,ADA/USDT:USDT,0.8267,1.0,0.8266,1446.0,0.8268,3.0,0.8269,13.0
1753600014682,07:06:54.682,blofin,ADA/USDT:USDT,0.8267,1346.0,0.8266,5.0,0.827,195.0,0.8275,6317.0
1753600015682,07:06:55.682,blofin,ADA/USDT:USDT,0.8267,1.0,0.8266,32.0,0.8268,875.0,0.8269,3479.0
1753600016183,07:06:56.183,blofin,ADA/USDT:USDT,0.8267,1.0,0.8266,32.0,0.8268,878.0,0.8269,3479.0
1753600017184,07:06:57.184,blofin,ADA/USDT:USDT,0.8267,1.0,0.8266,354.0,0.8268,4.0,0.8269,436.0
1753600017686,07:06:57.686,blofin,ADA/USDT:USDT,0.8267,1.0,0.8266,358.0,0.8268,312.0,0.827,1986.0
1753600018608,07:06:58.608,blofin,ADA/USDT:USDT,0.8267,1.0,0.8266,4.0,0.8268,376.0,0.827,4.0
1753600019187,07:06:59.187,blofin,ADA/USDT:USDT,0.8267,1.0,0.8265,203.0,0.8268,376.0,0.827,4.0
1753600019690,07:06:59.690,blofin,ADA/USDT:USDT,0.8267,1.0,0.8265,168.0,0.8268,377.0,0.827,4.0
1753600020687,07:07:00.687,blofin,ADA/USDT:USDT,0.8267,1.0,0.8266,535.0,0.8268,71.0,0.827,1208.0
1753600021188,07:07:01.188,blofin,ADA/USDT:USDT,0.8267,1.0,0.8266,535.0,0.8268,71.0,0.827,1208.0
1753600022190,07:07:02.190,blofin,ADA/USDT:USDT,0.8267,1.0,0.8266,23.0,0.8268,405.0,0.8269,3558.0
1753600022689,07:07:02.689,blofin,ADA/USDT:USDT,0.8267,1.0,0.8265,27.0,0.8268,528.0,0.827,4.0
1753600023610,07:07:03.610,blofin,ADA/USDT:USDT,0.8267,1.0,0.8265,157.0,0.8268,423.0,0.827,4.0
1753600024193,07:07:04.193,blofin,ADA/USDT:USDT,0.8267,1.0,0.8265,160.0,0.8268,423.0,0.827,4.0
1753600024693,07:07:04.693,blofin,ADA/USDT:USDT,0.8267,1.0,0.8265,156.0,0.8268,399.0,0.827,2624.0
1753600026195,07:07:06.195,blofin,ADA/USDT:USDT,0.8265,82.0,0.8263,1002.0,0.8268,462.0,0.8272,557.0
1753600027695,07:07:07.695,blofin,ADA/USDT:USDT,0.8266,279.0,0.8265,4120.0,0.8268,381.0,0.8272,3879.0
1753600028697,07:07:08.697,blofin,ADA/USDT:USDT,0.8265,220.0,0.8264,2380.0,0.8268,382.0,0.8269,1809.0
1753600029199,07:07:09.199,blofin,ADA/USDT:USDT,0.8265,220.0,0.8264,2380.0,0.8268,382.0,0.8269,1809.0
1753600029698,07:07:09.698,blofin,ADA/USDT:USDT,0.8265,59.0,0.8264,1574.0,0.8268,402.0,0.827,3292.0
1753600030623,07:07:10.623,blofin,ADA/USDT:USDT,0.8265,214.0,0.8264,5267.0,0.8268,412.0,0.8269,2662.0
1753600031207,07:07:11.207,blofin,ADA/USDT:USDT,0.8265,211.0,0.8264,5267.0,0.8268,413.0,0.8269,2662.0
1753600032204,07:07:12.204,blofin,ADA/USDT:USDT,0.8267,595.0,0.8266,1835.0,0.8268,7.0,0.8269,299.0
1753600032705,07:07:12.705,blofin,ADA/USDT:USDT,0.8267,604.0,0.8266,813.0,0.8268,7.0,0.8269,220.0
1753600033619,07:07:13.619,blofin,ADA/USDT:USDT,0.8267,2.0,0.8266,238.0,0.8268,7.0,0.8269,501.0
1753600034209,07:07:14.209,blofin,ADA/USDT:USDT,0.8265,7.0,0.8262,5808.0,0.8268,611.0,0.8272,1335.0
1753600035210,07:07:15.210,blofin,ADA/USDT:USDT,0.8265,11.0,0.826,2130.01,0.8267,805.0,0.8268,7.0
1753600035707,07:07:15.707,blofin,ADA/USDT:USDT,0.8265,2.0,0.8264,7.0,0.8267,963.0,0.8268,2.0
1753600036470,07:07:16.470,blofin,ADA/USDT:USDT,0.8265,2.0,0.8264,2.0,0.8266,959.0,0.8267,5.0
1753600036709,07:07:16.709,blofin,ADA/USDT:USDT,0.8265,2.0,0.8263,15.0,0.8266,997.0,0.8267,5.0
1753600037711,07:07:17.711,blofin,ADA/USDT:USDT,0.8265,2.0,0.8264,13.0,0.8266,1000.0,0.8268,2.0
1753600039218,07:07:19.218,blofin,ADA/USDT:USDT,0.8265,2.0,0.8264,13.0,0.8266,1002.0,0.8268,5242.0
1753600039716,07:07:19.716,blofin,ADA/USDT:USDT,0.8265,2.0,0.8263,15.0,0.8266,977.0,0.8268,319.0
1753600040217,07:07:20.217,blofin,ADA/USDT:USDT,0.8265,2.0,0.8263,15.0,0.8266,979.0,0.8268,319.0
1753600040717,07:07:20.717,blofin,ADA/USDT:USDT,0.8265,2.0,0.8263,11.0,0.8266,1000.0,0.8268,2.0
1753600041718,07:07:21.718,blofin,ADA/USDT:USDT,0.8263,11.0,0.826,148.01,0.8266,1006.0,0.8268,3354.0
1753600042219,07:07:22.219,blofin,ADA/USDT:USDT,0.8263,11.0,0.826,148.01,0.8266,1008.0,0.8268,3354.0
1753600042964,07:07:22.964,blofin,ADA/USDT:USDT,0.8264,11.0,0.8261,1176.0,0.8265,888.0,0.8266,5.0
1753600043624,07:07:23.624,blofin,ADA/USDT:USDT,0.8261,1.0,0.826,148.01,0.8264,583.0,0.8265,1.0
1753600044221,07:07:24.221,blofin,ADA/USDT:USDT,0.826,150.01,0.8259,223.0,0.8263,585.0,0.8268,3816.0
1753600044683,07:07:24.683,blofin,ADA/USDT:USDT,0.8261,3.0,0.826,336.01,0.8263,538.0,0.8264,7141.0
1753600045627,07:07:25.627,blofin,ADA/USDT:USDT,0.826,338.01,0.8259,223.0,0.8263,538.0,0.8264,7141.0
1753600046224,07:07:26.224,blofin,ADA/USDT:USDT,0.8261,2.0,0.826,377.01,0.8263,568.0,0.8264,1781.0
1753600046726,07:07:26.726,blofin,ADA/USDT:USDT,0.8261,205.0,0.826,148.01,0.8263,471.0,0.8264,7204.0
1753600047227,07:07:27.227,blofin,ADA/USDT:USDT,0.8261,205.0,0.826,148.01,0.8263,472.0,0.8264,7204.0
1753600047682,07:07:27.682,blofin,ADA/USDT:USDT,0.8261,205.0,0.826,148.01,0.8262,676.0,0.8263,2.0
1753600048628,07:07:28.628,blofin,ADA/USDT:USDT,0.826,148.01,0.8259,382.0,0.8262,659.0,0.8267,1297.0
1753600049229,07:07:29.229,blofin,ADA/USDT:USDT,0.826,148.01,0.8259,384.0,0.8262,655.0,0.8267,1297.0
1753600049730,07:07:29.730,blofin,ADA/USDT:USDT,0.826,148.01,0.8259,680.0,0.8262,192.0,0.8267,5304.0
1753600050286,07:07:30.286,blofin,ADA/USDT:USDT,0.8261,446.0,0.826,148.01,0.8262,1.0,0.8263,3.0
1753600050783,07:07:30.783,blofin,ADA/USDT:USDT,0.8261,1377.0,0.826,483.01,0.8263,3.0,0.8264,27.0
1753600051732,07:07:31.732,blofin,ADA/USDT:USDT,0.8261,1.0,0.826,1520.01,0.8263,95.0,0.8265,8120.0
1753600052234,07:07:32.234,blofin,ADA/USDT:USDT,0.8261,1.0,0.826,1520.01,0.8263,94.0,0.8265,8120.0
1753600052732,07:07:32.732,blofin,ADA/USDT:USDT,0.8261,1.0,0.826,1442.01,0.8263,36.0,0.8268,1873.0
1753600053733,07:07:33.733,blofin,ADA/USDT:USDT,0.8262,1023.0,0.8261,1.0,0.8265,112.0,0.8267,1530.0
1753600054233,07:07:34.233,blofin,ADA/USDT:USDT,0.8262,1023.0,0.8261,1.0,0.8265,113.0,0.8267,1530.0
1753600054734,07:07:34.734,blofin,ADA/USDT:USDT,0.8263,1055.0,0.8262,2411.0,0.8265,80.0,0.8266,961.0
1753600055649,07:07:35.649,blofin,ADA/USDT:USDT,0.8263,1063.0,0.8262,2411.0,0.8265,83.0,0.8266,961.0
1753600056239,07:07:36.239,blofin,ADA/USDT:USDT,0.8263,1062.0,0.826,0.01,0.8265,77.0,0.8268,474.0
1753600056735,07:07:36.735,blofin,ADA/USDT:USDT,0.8263,1064.0,0.8262,5783.0,0.8265,7.0,0.8266,15.0
1753600057236,07:07:37.236,blofin,ADA/USDT:USDT,0.8264,1066.0,0.8263,7.0,0.8265,7.0,0.8266,7.0
1753600057737,07:07:37.737,blofin,ADA/USDT:USDT,0.8263,1399.0,0.826,0.01,0.8265,3.0,0.8266,69.0
1753600058739,07:07:38.739,blofin,ADA/USDT:USDT,0.8263,1387.0,0.826,57.01,0.8265,3.0,0.8266,80.0
1753600059240,07:07:39.240,blofin,ADA/USDT:USDT,0.8263,1387.0,0.826,57.01,0.8265,3.0,0.8266,80.0
1753600059740,07:07:39.740,blofin,ADA/USDT:USDT,0.8263,1165.0,0.8262,4721.0,0.8265,3.0,0.8266,121.0
1753600060241,07:07:40.241,blofin,ADA/USDT:USDT,0.8263,1165.0,0.8262,4721.0,0.8265,3.0,0.8266,121.0
1753600060742,07:07:40.742,blofin,ADA/USDT:USDT,0.8264,430.0,0.8263,3676.0,0.8265,3.0,0.8266,4.0
1753600061743,07:07:41.743,blofin,ADA/USDT:USDT,0.8263,449.0,0.8261,3804.0,0.8265,3.0,0.8266,454.0
1753600062243,07:07:42.243,blofin,ADA/USDT:USDT,0.8263,449.0,0.8261,3804.0,0.8265,3.0,0.8266,452.0
1753600062883,07:07:42.883,blofin,ADA/USDT:USDT,0.8264,442.0,0.8263,6785.0,0.8265,3.0,0.8266,133.0
1753600063745,07:07:43.745,blofin,ADA/USDT:USDT,0.8264,5.0,0.8263,458.0,0.8265,3.0,0.8266,277.0
1753600064248,07:07:44.248,blofin,ADA/USDT:USDT,0.8264,5.0,0.8263,458.0,0.8265,3.0,0.8266,276.0
1753600064745,07:07:44.745,blofin,ADA/USDT:USDT,0.8264,437.0,0.8263,1215.0,0.8265,3.0,0.8266,175.0
1753600065747,07:07:45.747,blofin,ADA/USDT:USDT,0.8263,461.0,0.826,4624.01,0.8265,3.0,0.8266,127.0
1753600067247,07:07:47.247,blofin,ADA/USDT:USDT,0.8263,623.0,0.8262,4329.0,0.8265,3.0,0.8266,116.0
1753600067749,07:07:47.749,blofin,ADA/USDT:USDT,0.8263,606.0,0.8262,4136.0,0.8265,3.0,0.8266,251.0
1753600068752,07:07:48.752,blofin,ADA/USDT:USDT,0.8263,605.0,0.8261,4830.0,0.8265,3.0,0.8266,293.0
1753600069251,07:07:49.251,blofin,ADA/USDT:USDT,0.8263,603.0,0.8261,4830.0,0.8265,3.0,0.8266,293.0
1753600069751,07:07:49.751,blofin,ADA/USDT:USDT,0.8263,578.0,0.826,4429.01,0.8265,3.0,0.8266,268.0
1753600070753,07:07:50.753,blofin,ADA/USDT:USDT,0.8263,579.0,0.826,0.01,0.8265,3.0,0.8266,350.0
1753600071253,07:07:51.253,blofin,ADA/USDT:USDT,0.8263,576.0,0.826,0.01,0.8265,3.0,0.8266,350.0
1753600071753,07:07:51.753,blofin,ADA/USDT:USDT,0.8263,606.0,0.826,0.01,0.8265,3.0,0.8266,107.0
1753600072647,07:07:52.647,blofin,ADA/USDT:USDT,0.8264,609.0,0.8263,5965.0,0.8265,3.0,0.8266,18.0
1753600073255,07:07:53.255,blofin,ADA/USDT:USDT,0.8264,613.0,0.8263,5964.0,0.8265,3.0,0.8266,17.0
1753600073757,07:07:53.757,blofin,ADA/USDT:USDT,0.8264,645.0,0.8263,5.0,0.8265,3.0,0.8266,27.0
1753600074260,07:07:54.260,blofin,ADA/USDT:USDT,0.8264,645.0,0.8263,5.0,0.8265,3.0,0.8266,26.0
1753600074759,07:07:54.759,blofin,ADA/USDT:USDT,0.8264,2.0,0.8263,656.0,0.8265,3.0,0.8266,27.0
1753600075760,07:07:55.760,blofin,ADA/USDT:USDT,0.8264,1142.0,0.8263,5.0,0.8265,3.0,0.8267,100.0
1753600076263,07:07:56.263,blofin,ADA/USDT:USDT,0.8264,1142.0,0.8263,5.0,0.8265,3.0,0.8267,100.0
1753600076762,07:07:56.762,blofin,ADA/USDT:USDT,0.8264,1098.0,0.8263,5.0,0.8265,3.0,0.8267,347.0
1753600077651,07:07:57.651,blofin,ADA/USDT:USDT,0.8264,213.0,0.8263,5.0,0.8265,3.0,0.8267,676.0
1753600078267,07:07:58.267,blofin,ADA/USDT:USDT,0.8264,210.0,0.8263,5.0,0.8265,3.0,0.8267,677.0
1753600078770,07:07:58.770,blofin,ADA/USDT:USDT,0.8264,230.0,0.8263,5.0,0.8265,3.0,0.8267,587.0
1753600079268,07:07:59.268,blofin,ADA/USDT:USDT,0.8264,230.0,0.8263,5.0,0.8265,3.0,0.8267,588.0
1753600079770,07:07:59.770,blofin,ADA/USDT:USDT,0.8264,418.0,0.8263,5.0,0.8265,3.0,0.8267,388.0
1753600080770,07:08:00.770,blofin,ADA/USDT:USDT,0.8264,431.0,0.8263,5.0,0.8265,3.0,0.8267,406.0
1753600081270,07:08:01.270,blofin,ADA/USDT:USDT,0.8264,431.0,0.8263,5.0,0.8265,3.0,0.8267,409.0
1753600082273,07:08:02.273,blofin,ADA/USDT:USDT,0.8264,3.0,0.8263,5.0,0.8265,518.0,0.8266,1776.0
1753600082774,07:08:02.774,blofin,ADA/USDT:USDT,0.8263,5.0,0.8262,242.0,0.8265,1097.0,0.8268,3474.0
1753600083655,07:08:03.655,blofin,ADA/USDT:USDT,0.8263,5.0,0.8262,242.0,0.8264,1120.0,0.8265,4.0
1753600084274,07:08:04.274,blofin,ADA/USDT:USDT,0.8263,5.0,0.8262,240.0,0.8264,1120.0,0.8265,4.0
1753600084776,07:08:04.776,blofin,ADA/USDT:USDT,0.8263,5.0,0.8261,220.0,0.8264,486.0,0.8265,1328.0
1753600085776,07:08:05.776,blofin,ADA/USDT:USDT,0.8261,222.0,0.826,0.01,0.8264,493.0,0.8266,233.0
1753600086779,07:08:06.779,blofin,ADA/USDT:USDT,0.8261,92.0,0.826,0.01,0.8264,363.0,0.8266,7104.0
1753600087780,07:08:07.780,blofin,ADA/USDT:USDT,0.8261,450.0,0.826,0.01,0.8264,11.0,0.8265,1371.0
1753600088658,07:08:08.658,blofin,ADA/USDT:USDT,0.8264,1198.0,0.8263,2605.0,0.8265,5.0,0.8266,233.0
1753600089281,07:08:09.281,blofin,ADA/USDT:USDT,0.8264,1198.0,0.8263,2605.0,0.8266,233.0,0.8267,35.0
1753600089784,07:08:09.784,blofin,ADA/USDT:USDT,0.8263,1234.0,0.8261,2.0,0.8266,251.0,0.8267,5.0
1753600090657,07:08:10.657,blofin,ADA/USDT:USDT,0.8264,1244.0,0.8263,1095.0,0.8267,28.0,0.8268,2441.0
1753600091284,07:08:11.284,blofin,ADA/USDT:USDT,0.8264,977.0,0.8261,2.0,0.8267,484.0,0.827,2515.0
1753600091785,07:08:11.785,blofin,ADA/USDT:USDT,0.8264,350.0,0.8262,6493.0,0.8267,378.0,0.827,219.0
1753600092663,07:08:12.663,blofin,ADA/USDT:USDT,0.8264,3.0,0.8263,1.0,0.8266,941.0,0.8267,5.0
1753600092785,07:08:12.785,blofin,ADA/USDT:USDT,0.8263,5.0,0.8262,4049.0,0.8266,941.0,0.8267,5.0
1753600093788,07:08:13.788,blofin,ADA/USDT:USDT,0.8264,1.0,0.8263,1349.0,0.8266,945.0,0.827,1654.0
1753600094288,07:08:14.288,blofin,ADA/USDT:USDT,0.8264,1.0,0.8263,1349.0,0.8266,945.0,0.827,1654.0
1753600094792,07:08:14.792,blofin,ADA/USDT:USDT,0.8264,328.0,0.8263,588.0,0.8267,924.0,0.827,219.0
1753600095788,07:08:15.788,blofin,ADA/USDT:USDT,0.8264,3.0,0.8263,6.0,0.8266,920.0,0.8267,4917.0
1753600096290,07:08:16.290,blofin,ADA/USDT:USDT,0.8263,7.0,0.8261,2.0,0.8266,920.0,0.8267,4917.0
1753600096789,07:08:16.789,blofin,ADA/USDT:USDT,0.8263,25.0,0.8261,1013.0,0.8266,945.0,0.8267,154.0
1753600097663,07:08:17.663,blofin,ADA/USDT:USDT,0.8263,1.0,0.8261,338.0,0.8264,278.0,0.8265,5.0
1753600098292,07:08:18.292,blofin,ADA/USDT:USDT,0.8263,1.0,0.8261,338.0,0.8264,278.0,0.8265,5.0
1753600098796,07:08:18.796,blofin,ADA/USDT:USDT,0.8263,639.0,0.8262,1430.0,0.8265,5.0,0.8266,3.0
1753600099795,07:08:19.795,blofin,ADA/USDT:USDT,0.8262,894.0,0.8261,2.0,0.8265,74.0,0.8266,7022.0
1753600101667,07:08:21.667,blofin,ADA/USDT:USDT,0.8262,892.0,0.8261,2.0,0.8265,95.0,0.8268,4514.0
1753600102297,07:08:22.297,blofin,ADA/USDT:USDT,0.8262,891.0,0.8261,2.0,0.8265,93.0,0.8268,4514.0
1753600102797,07:08:22.797,blofin,ADA/USDT:USDT,0.8263,82.0,0.8262,3139.0,0.8265,643.0,0.8266,5940.0
1753600103298,07:08:23.298,blofin,ADA/USDT:USDT,0.8263,84.0,0.8262,3137.0,0.8265,643.0,0.8266,5940.0
1753600104300,07:08:24.300,blofin,ADA/USDT:USDT,0.8262,81.0,0.8261,2.0,0.8265,645.0,0.8269,6819.0
1753600104800,07:08:24.800,blofin,ADA/USDT:USDT,0.8262,81.0,0.8261,2.0,0.8265,649.0,0.8268,2581.0
1753600105301,07:08:25.301,blofin,ADA/USDT:USDT,0.8262,81.0,0.8261,2.0,0.8265,648.0,0.8268,2581.0
1753600105802,07:08:25.802,blofin,ADA/USDT:USDT,0.8262,82.0,0.8261,2118.0,0.8265,699.0,0.8267,5899.0
1753600106807,07:08:26.807,blofin,ADA/USDT:USDT,0.8262,351.0,0.8261,2.0,0.8265,143.0,0.8268,5869.0
1753600107307,07:08:27.307,blofin,ADA/USDT:USDT,0.8262,349.0,0.8261,2.0,0.8265,143.0,0.8268,5869.0
1753600107808,07:08:27.808,blofin,ADA/USDT:USDT,0.8263,504.0,0.8262,6696.0,0.8265,2.0,0.8266,105.0
1753600108673,07:08:28.673,blofin,ADA/USDT:USDT,0.8263,750.0,0.8261,2.0,0.8265,2.0,0.8266,140.0
1753600109310,07:08:29.310,blofin,ADA/USDT:USDT,0.8263,750.0,0.8261,2.0,0.8266,143.0,0.8269,3041.0
1753600109810,07:08:29.810,blofin,ADA/USDT:USDT,0.8263,566.0,0.8261,2.0,0.8266,176.0,0.8268,9149.0
1753600110675,07:08:30.675,blofin,ADA/USDT:USDT,0.8263,569.0,0.8261,2.0,0.8266,178.0,0.8268,9149.0
1753600110812,07:08:30.812,blofin,ADA/USDT:USDT,0.8263,262.0,0.8261,2.0,0.8266,468.0,0.8268,3029.0
1753600111815,07:08:31.815,blofin,ADA/USDT:USDT,0.8263,4.0,0.8262,308.0,0.8264,93.0,0.8266,5071.0
1753600112317,07:08:32.317,blofin,ADA/USDT:USDT,0.8262,311.0,0.8261,4445.0,0.8264,93.0,0.8266,5071.0
1753600112818,07:08:32.818,blofin,ADA/USDT:USDT,0.8261,308.0,0.826,0.01,0.8264,422.0,0.8268,3968.0
1753600113819,07:08:33.819,blofin,ADA/USDT:USDT,0.8261,243.0,0.826,0.01,0.8264,383.0,0.8265,3313.0
1753600114320,07:08:34.320,blofin,ADA/USDT:USDT,0.8261,243.0,0.826,0.01,0.8264,383.0,0.8265,3313.0
1753600114820,07:08:34.820,blofin,ADA/USDT:USDT,0.8262,276.0,0.8261,5.0,0.8264,287.0,0.8267,2329.0
1753600115689,07:08:35.689,blofin,ADA/USDT:USDT,0.8261,10.0,0.826,0.01,0.8264,777.0,0.8267,6102.0
1753600116321,07:08:36.321,blofin,ADA/USDT:USDT,0.8262,4.0,0.8261,5.0,0.8264,777.0,0.8266,16.0
1753600117324,07:08:37.324,blofin,ADA/USDT:USDT,0.8262,4.0,0.8261,400.0,0.8264,354.0,0.8265,5765.0
1753600117824,07:08:37.824,blofin,ADA/USDT:USDT,0.8262,370.0,0.826,0.01,0.8264,354.0,0.8266,16.0
1753600118825,07:08:38.825,blofin,ADA/USDT:USDT,0.8262,274.0,0.826,0.01,0.8264,355.0,0.8266,16.0
1753600119326,07:08:39.326,blofin,ADA/USDT:USDT,0.8262,273.0,0.826,0.01,0.8264,355.0,0.8266,16.0
1753600120328,07:08:40.328,blofin,ADA/USDT:USDT,0.8262,3.0,0.8261,274.0,0.8264,357.0,0.8265,333.0
1753600120829,07:08:40.829,blofin,ADA/USDT:USDT,0.8262,1.0,0.8261,275.0,0.8264,367.0,0.8267,4197.0
1753600121828,07:08:41.828,blofin,ADA/USDT:USDT,0.8263,490.0,0.8262,1.0,0.8264,1.0,0.8265,353.0
1753600122328,07:08:42.328,blofin,ADA/USDT:USDT,0.8263,490.0,0.8262,1.0,0.8264,1.0,0.8265,349.0
1753600122955,07:08:42.955,blofin,ADA/USDT:USDT,0.8263,2.0,0.8262,712.0,0.8265,63.41,0.8268,173.0
1753600123831,07:08:43.831,blofin,ADA/USDT:USDT,0.8263,767.0,0.8262,1.0,0.8265,4.0,0.8266,3.0
1753600124833,07:08:44.833,blofin,ADA/USDT:USDT,0.8264,234.0,0.8263,2.0,0.8266,487.0,0.8268,7799.0
1753600125686,07:08:45.686,blofin,ADA/USDT:USDT,0.8264,238.0,0.8262,1.0,0.8266,486.0,0.8268,7907.0
1753600126333,07:08:46.333,blofin,ADA/USDT:USDT,0.8264,4.0,0.8263,186.0,0.8266,520.0,0.8268,281.0
1753600126834,07:08:46.834,blofin,ADA/USDT:USDT,0.8264,4.0,0.8263,319.0,0.8266,338.0,0.8268,8615.0
1753600127437,07:08:47.437,blofin,ADA/USDT:USDT,0.8264,379.0,0.8263,5172.0,0.8266,1.0,0.8267,42.0
1753600127836,07:08:47.836,blofin,ADA/USDT:USDT,0.8265,1281.0,0.8264,1042.0,0.8267,5.0,0.8268,281.0
1753600128690,07:08:48.690,blofin,ADA/USDT:USDT,0.8264,1261.0,0.8263,3426.0,0.8267,71.0,0.8268,6448.0
1753600129338,07:08:49.338,blofin,ADA/USDT:USDT,0.8264,1265.0,0.8263,3422.0,0.8267,70.0,0.8268,6448.0
1753600129839,07:08:49.839,blofin,ADA/USDT:USDT,0.8264,1300.0,0.8262,1.0,0.8267,6.0,0.8268,281.0
1753600130339,07:08:50.339,blofin,ADA/USDT:USDT,0.8264,1300.0,0.8262,1.0,0.8267,5.0,0.8268,281.0
1753600130840,07:08:50.840,blofin,ADA/USDT:USDT,0.8264,1293.0,0.8263,3156.0,0.8267,66.0,0.8268,173.0
1753600131833,07:08:51.833,blofin,ADA/USDT:USDT,0.8265,1298.0,0.8264,1.0,0.8267,5.0,0.8268,179.0
1753600132344,07:08:52.344,blofin,ADA/USDT:USDT,0.8265,1298.0,0.8264,1.0,0.8268,184.0,0.8269,146.0
1753600132848,07:08:52.848,blofin,ADA/USDT:USDT,0.8265,1202.0,0.8264,1245.0,0.8268,295.0,0.8269,146.0
1753600133846,07:08:53.846,blofin,ADA/USDT:USDT,0.8266,1222.0,0.8265,4038.0,0.8268,200.0,0.8269,146.0
1753600134692,07:08:54.692,blofin,ADA/USDT:USDT,0.8266,3.0,0.8265,1212.0,0.8268,203.0,0.8269,2400.0
1753600135347,07:08:55.347,blofin,ADA/USDT:USDT,0.8266,3.0,0.8265,1212.0,0.8268,201.0,0.8269,2400.0
1753600135849,07:08:55.849,blofin,ADA/USDT:USDT,0.8265,1183.0,0.8264,2275.0,0.8268,240.0,0.8269,146.0
1753600136412,07:08:56.412,blofin,ADA/USDT:USDT,0.8266,1213.0,0.8265,6835.0,0.8268,174.0,0.8269,169.0
1753600136849,07:08:56.849,blofin,ADA/USDT:USDT,0.8266,850.0,0.8265,1.0,0.8268,174.0,0.8269,162.0
1753600137853,07:08:57.853,blofin,ADA/USDT:USDT,0.8266,781.0,0.8265,1.0,0.8268,174.0,0.8269,435.0
1753600138353,07:08:58.353,blofin,ADA/USDT:USDT,0.8268,815.0,0.8267,2632.0,0.8269,146.0,0.827,269.0
1753600139352,07:08:59.352,blofin,ADA/USDT:USDT,0.8267,940.0,0.8262,4538.0,0.8269,146.0,0.827,575.0
1753600139889,07:08:59.889,blofin,ADA/USDT:USDT,0.8267,60.0,0.8263,66.0,0.8269,146.0,0.827,702.0
1753600140353,07:09:00.353,blofin,ADA/USDT:USDT,0.8267,60.0,0.8263,66.0,0.8269,146.0,0.827,702.0
1753600140852,07:09:00.852,blofin,ADA/USDT:USDT,0.8267,111.0,0.8263,719.0,0.8269,146.0,0.827,688.0
1753600141855,07:09:01.855,blofin,ADA/USDT:USDT,0.8267,113.0,0.8263,4019.0,0.8269,146.0,0.827,697.0
1753600142361,07:09:02.361,blofin,ADA/USDT:USDT,0.8267,113.0,0.8263,4019.0,0.8269,146.0,0.827,697.0
1753600142855,07:09:02.855,blofin,ADA/USDT:USDT,0.8267,113.0,0.8264,1563.0,0.8268,1111.0,0.8269,146.0
1753600143699,07:09:03.699,blofin,ADA/USDT:USDT,0.8267,247.0,0.8266,3126.0,0.8269,769.0,0.827,5.0
1753600144361,07:09:04.361,blofin,ADA/USDT:USDT,0.8267,247.0,0.8266,3126.0,0.8269,770.0,0.8272,612.0
1753600144856,07:09:04.856,blofin,ADA/USDT:USDT,0.8267,508.0,0.8266,1487.0,0.8269,1.0,0.827,1.0
1753600145717,07:09:05.717,blofin,ADA/USDT:USDT,0.8267,510.0,0.8266,1487.0,0.8269,1.0,0.827,4.0
1753600146379,07:09:06.379,blofin,ADA/USDT:USDT,0.8268,1055.0,0.8267,4292.0,0.827,9.0,0.8273,5591.0
1753600146861,07:09:06.861,blofin,ADA/USDT:USDT,0.8268,3.0,0.8267,953.0,0.827,203.0,0.8274,7296.0
1753600147862,07:09:07.862,blofin,ADA/USDT:USDT,0.8268,3.0,0.8267,1118.0,0.827,8.0,0.8272,7836.0
1753600148703,07:09:08.703,blofin,ADA/USDT:USDT,0.8268,997.0,0.8267,2.0,0.827,13.0,0.8274,2333.0
1753600149365,07:09:09.365,blofin,ADA/USDT:USDT,0.8269,996.0,0.8268,5734.0,0.827,8.0,0.8271,5.0
1753600149865,07:09:09.865,blofin,ADA/USDT:USDT,0.8269,4.0,0.8268,1337.0,0.827,3.0,0.8271,16.0
1753600150705,07:09:10.705,blofin,ADA/USDT:USDT,0.8268,1338.0,0.8267,2.0,0.827,3.0,0.8271,17.0
1753600150868,07:09:10.868,blofin,ADA/USDT:USDT,0.8272,769.0,0.8269,4940.0,0.8274,295.0,0.8275,335.0
1753600151868,07:09:11.868,blofin,ADA/USDT:USDT,0.8272,3.0,0.8271,532.0,0.8274,134.0,0.8275,3267.0
1753600152706,07:09:12.706,blofin,ADA/USDT:USDT,0.8272,3.0,0.8271,2.0,0.8274,609.0,0.8275,335.0
1753600153362,07:09:13.362,blofin,ADA/USDT:USDT,0.8269,575.0,0.8267,229.0,0.8271,634.0,0.8274,2.0
1753600153872,07:09:13.872,blofin,ADA/USDT:USDT,0.8269,879.0,0.8267,229.0,0.8272,297.0,0.8274,5542.0
1753600154707,07:09:14.707,blofin,ADA/USDT:USDT,0.8269,4.0,0.8268,17.0,0.8271,1166.0,0.8274,163.0
1753600154872,07:09:14.872,blofin,ADA/USDT:USDT,0.8269,4.0,0.8268,17.0,0.8271,1166.0,0.8274,163.0
1753600155875,07:09:15.875,blofin,ADA/USDT:USDT,0.8268,28.0,0.8267,2.0,0.8271,639.0,0.8275,7567.0
1753600156379,07:09:16.379,blofin,ADA/USDT:USDT,0.8268,27.0,0.8267,2.0,0.8271,639.0,0.8275,7567.0
1753600156876,07:09:16.876,blofin,ADA/USDT:USDT,0.8268,32.0,0.8267,2.0,0.8271,642.0,0.8275,523.0
1753600157377,07:09:17.377,blofin,ADA/USDT:USDT,0.8268,32.0,0.8267,2.0,0.8271,642.0,0.8275,523.0
1753600158148,07:09:18.148,blofin,ADA/USDT:USDT,0.8268,22.0,0.8267,7570.0,0.8271,706.0,0.8275,523.0
1753600158884,07:09:18.884,blofin,ADA/USDT:USDT,0.8268,4.0,0.8267,26.0,0.827,1070.0,0.8271,3.0
1753600159384,07:09:19.384,blofin,ADA/USDT:USDT,0.8268,4.0,0.8267,26.0,0.827,1073.0,0.8273,6732.0
1753600159880,07:09:19.880,blofin,ADA/USDT:USDT,0.8268,4.0,0.8267,28.0,0.827,1050.0,0.8272,1353.0
1753600160882,07:09:20.882,blofin,ADA/USDT:USDT,0.8267,237.0,0.8266,4619.0,0.827,856.0,0.8273,7170.0
1753600161397,07:09:21.397,blofin,ADA/USDT:USDT,0.8267,237.0,0.8266,4619.0,0.827,854.0,0.8273,7170.0
1753600161886,07:09:21.886,blofin,ADA/USDT:USDT,0.8267,3.0,0.8266,16.0,0.8269,1171.0,0.8271,4279.0
1753600162886,07:09:22.886,blofin,ADA/USDT:USDT,0.8267,356.0,0.8266,5156.0,0.8269,4.0,0.827,396.0
1753600163387,07:09:23.387,blofin,ADA/USDT:USDT,0.8267,4.0,0.8266,10.0,0.8269,831.0,0.8274,192.0
1753600163718,07:09:23.718,blofin,ADA/USDT:USDT,0.8267,414.0,0.8266,1875.0,0.8269,462.0,0.8274,5425.0
1753600163888,07:09:23.888,blofin,ADA/USDT:USDT,0.8267,414.0,0.8266,1875.0,0.8269,460.0,0.8274,5425.0
1753600164890,07:09:24.890,blofin,ADA/USDT:USDT,0.8267,4.0,0.8266,322.0,0.8269,259.0,0.8272,5140.0
1753600165395,07:09:25.395,blofin,ADA/USDT:USDT,0.8267,2.0,0.8266,325.0,0.8269,259.0,0.8272,5140.0
1753600165890,07:09:25.890,blofin,ADA/USDT:USDT,0.8267,2.0,0.8266,322.0,0.8269,316.0,0.8272,4248.0
1753600166891,07:09:26.891,blofin,ADA/USDT:USDT,0.8267,339.0,0.8265,3237.0,0.8269,292.0,0.8272,1977.0
1753600167392,07:09:27.392,blofin,ADA/USDT:USDT,0.8267,339.0,0.8265,3237.0,0.8269,294.0,0.8272,1977.0
1753600167955,07:09:27.955,blofin,ADA/USDT:USDT,0.8267,295.0,0.8265,660.0,0.8268,536.0,0.8269,1.0
1753600168719,07:09:28.719,blofin,ADA/USDT:USDT,0.8267,4.0,0.8266,315.0,0.8268,508.0,0.8269,1.0
1753600169393,07:09:29.393,blofin,ADA/USDT:USDT,0.8267,2.0,0.8266,317.0,0.8268,511.0,0.827,6375.0
1753600169894,07:09:29.894,blofin,ADA/USDT:USDT,0.8267,2.0,0.8265,949.0,0.8268,365.0,0.8272,7035.0
1753600170721,07:09:30.721,blofin,ADA/USDT:USDT,0.8267,2.0,0.8266,536.0,0.8269,22.0,0.8271,5476.0
1753600171396,07:09:31.396,blofin,ADA/USDT:USDT,0.8267,2.0,0.8266,1335.0,0.8269,18.0,0.8272,4747.0
1753600171897,07:09:31.897,blofin,ADA/USDT:USDT,0.8267,2.0,0.8266,1167.0,0.8269,130.0,0.8274,3490.0
1753600172400,07:09:32.400,blofin,ADA/USDT:USDT,0.8267,2.0,0.8266,1167.0,0.8269,132.0,0.8274,3490.0
1753600172898,07:09:32.898,blofin,ADA/USDT:USDT,0.8267,2.0,0.8266,1167.0,0.8269,460.0,0.8273,3167.0
1753600173899,07:09:33.899,blofin,ADA/USDT:USDT,0.8267,8.0,0.8266,1.0,0.8269,667.0,0.8272,2616.0
1753600174900,07:09:34.900,blofin,ADA/USDT:USDT,0.8267,2.0,0.8266,339.0,0.8269,346.0,0.8271,6694.0
1753600175740,07:09:35.740,blofin,ADA/USDT:USDT,0.8266,341.0,0.8261,3702.0,0.8269,349.0,0.8271,6694.0
1753600176401,07:09:36.401,blofin,ADA/USDT:USDT,0.8266,450.0,0.8262,2463.0,0.8269,203.0,0.8274,4758.0
1753600176902,07:09:36.902,blofin,ADA/USDT:USDT,0.8266,438.0,0.8264,2491.0,0.8269,82.0,0.827,458.0
1753600177725,07:09:37.725,blofin,ADA/USDT:USDT,0.8266,227.0,0.8264,6120.0,0.8269,336.0,0.8271,5334.0
1753600177903,07:09:37.903,blofin,ADA/USDT:USDT,0.8266,223.0,0.8264,6120.0,0.8269,336.0,0.8271,5334.0
1753600178726,07:09:38.726,blofin,ADA/USDT:USDT,0.8266,227.0,0.8262,4261.0,0.8269,517.0,0.8271,2813.0
1753600179409,07:09:39.409,blofin,ADA/USDT:USDT,0.8266,7.0,0.8265,25.0,0.8268,513.0,0.8269,4503.0
1753600179908,07:09:39.908,blofin,ADA/USDT:USDT,0.8266,280.0,0.8265,3561.0,0.8268,909.0,0.8269,5.0
1753600180727,07:09:40.727,blofin,ADA/USDT:USDT,0.8266,280.0,0.8265,3561.0,0.8268,908.0,0.8269,5.0
1753600180909,07:09:40.909,blofin,ADA/USDT:USDT,0.8266,291.0,0.8261,4395.0,0.8268,908.0,0.8269,4168.0
1753600181910,07:09:41.910,blofin,ADA/USDT:USDT,0.8266,7.0,0.8265,375.0,0.8268,137.0,0.8269,5908.0
1753600182411,07:09:42.411,blofin,ADA/USDT:USDT,0.8266,2.0,0.8265,380.0,0.8268,137.0,0.8269,5908.0
1753600182912,07:09:42.912,blofin,ADA/USDT:USDT,0.8266,327.0,0.8265,1306.0,0.8268,320.0,0.8269,5.0
1753600183912,07:09:43.912,blofin,ADA/USDT:USDT,0.8266,2.0,0.8265,221.0,0.8268,530.0,0.8269,5.0
1753600184416,07:09:44.416,blofin,ADA/USDT:USDT,0.8266,2.0,0.8265,221.0,0.8268,532.0,0.8269,5.0
1753600184915,07:09:44.915,blofin,ADA/USDT:USDT,0.8266,311.0,0.8265,894.0,0.8268,276.0,0.8269,5.0
1753600185724,07:09:45.724,blofin,ADA/USDT:USDT,0.8266,311.0,0.8265,894.0,0.8268,277.0,0.8269,5.0
1753600186417,07:09:46.417,blofin,ADA/USDT:USDT,0.8266,2.0,0.8265,322.0,0.8268,349.0,0.8269,5.0
1753600186918,07:09:46.918,blofin,ADA/USDT:USDT,0.8266,155.0,0.8262,6251.0,0.8268,331.0,0.8269,5.0
1753600187418,07:09:47.418,blofin,ADA/USDT:USDT,0.8266,158.0,0.8262,6251.0,0.8268,331.0,0.8269,5.0
1753600187919,07:09:47.919,blofin,ADA/USDT:USDT,0.8266,2.0,0.8265,364.0,0.8268,114.0,0.8269,5.0
1753600188922,07:09:48.922,blofin,ADA/USDT:USDT,0.8266,2.0,0.8265,333.0,0.8268,354.0,0.8269,10597.0
1753600189922,07:09:49.922,blofin,ADA/USDT:USDT,0.8266,2.0,0.8265,333.0,0.8268,280.0,0.8269,5.0
1753600190924,07:09:50.924,blofin,ADA/USDT:USDT,0.8266,2.0,0.8265,495.0,0.8268,206.0,0.8269,5.0
1753600191429,07:09:51.429,blofin,ADA/USDT:USDT,0.8266,2.0,0.8265,495.0,0.8268,205.0,0.8269,5.0
1753600192426,07:09:52.426,blofin,ADA/USDT:USDT,0.8266,2.0,0.8265,461.0,0.8268,303.0,0.8269,5.0
1753600192929,07:09:52.929,blofin,ADA/USDT:USDT,0.8266,2.0,0.8265,308.0,0.8268,299.0,0.8269,4229.0
1753600193427,07:09:53.427,blofin,ADA/USDT:USDT,0.8267,524.0,0.8266,2.0,0.8269,28.0,0.827,7952.0
1753600193928,07:09:53.928,blofin,ADA/USDT:USDT,0.8266,1167.0,0.8265,2.0,0.8269,150.0,0.8272,3141.0
1753600194933,07:09:54.933,blofin,ADA/USDT:USDT,0.8266,768.0,0.8264,688.0,0.8269,385.0,0.8274,3270.0
1753600195430,07:09:55.430,blofin,ADA/USDT:USDT,0.8266,768.0,0.8264,688.0,0.8269,387.0,0.8274,3270.0
1753600195931,07:09:55.931,blofin,ADA/USDT:USDT,0.8266,227.0,0.8265,4753.0,0.8269,353.0,0.827,143.0
1753600196739,07:09:56.739,blofin,ADA/USDT:USDT,0.8266,409.0,0.8264,4172.0,0.8269,32.0,0.827,143.0
1753600197738,07:09:57.738,blofin,ADA/USDT:USDT,0.8266,433.0,0.8262,5109.0,0.8269,118.0,0.827,143.0
1753600198435,07:09:58.435,blofin,ADA/USDT:USDT,0.8266,434.0,0.8262,5109.0,0.8269,118.0,0.827,143.0
1753600198935,07:09:58.935,blofin,ADA/USDT:USDT,0.8266,249.0,0.8261,1992.0,0.8269,435.0,0.827,143.0
1753600199732,07:09:59.732,blofin,ADA/USDT:USDT,0.8268,357.0,0.8266,6395.0,0.8269,8.0,0.827,149.0
1753600199936,07:09:59.936,blofin,ADA/USDT:USDT,0.8267,357.0,0.8266,3457.0,0.8269,5.0,0.827,153.0
1753600200937,07:10:00.937,blofin,ADA/USDT:USDT,0.8267,453.0,0.8266,2.0,0.8269,5.0,0.827,416.0
1753600201939,07:10:01.939,blofin,ADA/USDT:USDT,0.8268,466.0,0.8267,810.0,0.8269,5.0,0.827,177.0
1753600202744,07:10:02.744,blofin,ADA/USDT:USDT,0.8268,4.0,0.8267,471.0,0.8269,5.0,0.827,9.0
1753600203443,07:10:03.443,blofin,ADA/USDT:USDT,0.8267,472.0,0.8266,2.0,0.8269,5.0,0.827,9.0
1753600204135,07:10:04.135,blofin,ADA/USDT:USDT,0.8268,467.0,0.8267,1.0,0.8269,5.0,0.8271,9.0
1753600204744,07:10:04.744,blofin,ADA/USDT:USDT,0.8269,927.0,0.8267,1.0,0.8271,186.0,0.8274,5810.0
1753600205444,07:10:05.444,blofin,ADA/USDT:USDT,0.8269,927.0,0.8267,1.0,0.8271,185.0,0.8272,74.0
1753600205959,07:10:05.959,blofin,ADA/USDT:USDT,0.8269,930.0,0.8267,1827.0,0.8271,684.0,0.8272,7672.0
1753600206746,07:10:06.746,blofin,ADA/USDT:USDT,0.8269,3.0,0.8267,73.0,0.827,675.0,0.8271,9.0
1753600207447,07:10:07.447,blofin,ADA/USDT:USDT,0.8269,3.0,0.8267,73.0,0.827,676.0,0.8271,4.0
1753600207947,07:10:07.947,blofin,ADA/USDT:USDT,0.8269,3.0,0.8267,19.0,0.827,1161.0,0.8271,4.0
1753600208448,07:10:08.448,blofin,ADA/USDT:USDT,0.8269,1.0,0.8267,22.0,0.827,1161.0,0.8271,4.0
1753600208948,07:10:08.948,blofin,ADA/USDT:USDT,0.8269,1.0,0.8267,418.0,0.827,955.0,0.8271,4.0
1753600209749,07:10:09.749,blofin,ADA/USDT:USDT,0.8269,1.0,0.8267,82.0,0.827,722.0,0.8271,4.0
1753600210448,07:10:10.448,blofin,ADA/USDT:USDT,0.8269,1.0,0.8267,84.0,0.827,722.0,0.8271,4.0
1753600210948,07:10:10.948,blofin,ADA/USDT:USDT,0.8269,1.0,0.8267,26.0,0.827,770.0,0.8271,4.0
1753600211951,07:10:11.951,blofin,ADA/USDT:USDT,0.8269,1.0,0.8267,201.0,0.827,645.0,0.8271,4.0
1753600212860,07:10:12.860,blofin,ADA/USDT:USDT,0.8269,1.0,0.8268,272.0,0.827,657.0,0.8271,4.0
1753600213451,07:10:13.451,blofin,ADA/USDT:USDT,0.8269,1.0,0.8268,275.0,0.827,658.0,0.8271,4.0
1753600213953,07:10:13.953,blofin,ADA/USDT:USDT,0.8269,1.0,0.8268,71.0,0.827,955.0,0.8271,4.0
1753600214750,07:10:14.750,blofin,ADA/USDT:USDT,0.8269,1.0,0.8268,3.0,0.827,361.0,0.8271,4.0
1753600214955,07:10:14.955,blofin,ADA/USDT:USDT,0.8269,1.0,0.8267,344.0,0.827,361.0,0.8271,4.0
1753600215955,07:10:15.955,blofin,ADA/USDT:USDT,0.8269,1.0,0.8268,153.0,0.827,519.0,0.8271,4.0
1753600216954,07:10:16.954,blofin,ADA/USDT:USDT,0.8269,1.0,0.8268,70.0,0.827,625.0,0.8271,4.0
1753600217753,07:10:17.753,blofin,ADA/USDT:USDT,0.8269,1.0,0.8268,3.0,0.827,589.0,0.8271,4.0
1753600218457,07:10:18.457,blofin,ADA/USDT:USDT,0.8269,1.0,0.8267,255.0,0.827,589.0,0.8271,4.0
1753600218959,07:10:18.959,blofin,ADA/USDT:USDT,0.8269,1.0,0.8267,258.0,0.827,381.0,0.8271,4.0
1753600219755,07:10:19.755,blofin,ADA/USDT:USDT,0.8269,1.0,0.8267,560.0,0.827,20.0,0.8271,4.0
1753600219959,07:10:19.959,blofin,ADA/USDT:USDT,0.8269,1.0,0.8267,562.0,0.827,20.0,0.8271,4.0
1753600220961,07:10:20.961,blofin,ADA/USDT:USDT,0.8269,1.0,0.8267,542.0,0.827,15.0,0.8271,4.0
1753600221462,07:10:21.462,blofin,ADA/USDT:USDT,0.8269,1.0,0.8267,542.0,0.827,15.0,0.8271,4.0
1753600222151,07:10:22.151,blofin,ADA/USDT:USDT,0.8269,1.0,0.8268,521.0,0.827,5.0,0.8271,23.0
1753600222755,07:10:22.755,blofin,ADA/USDT:USDT,0.8269,1.0,0.8268,1458.0,0.827,5.0,0.8271,12.0
1753600223465,07:10:23.465,blofin,ADA/USDT:USDT,0.8269,1.0,0.8268,1459.0,0.827,5.0,0.8271,12.0
1753600223966,07:10:23.966,blofin,ADA/USDT:USDT,0.8269,1523.0,0.8268,1.0,0.827,5.0,0.8271,12.0
1753600224757,07:10:24.757,blofin,ADA/USDT:USDT,0.8269,3.0,0.8268,1521.0,0.827,5.0,0.8271,14.0
1753600225105,07:10:25.105,blofin,ADA/USDT:USDT,0.827,1521.0,0.8269,1.0,0.8271,4.0,0.8272,10.0
1753600225969,07:10:25.969,blofin,ADA/USDT:USDT,0.8269,1399.0,0.8265,108.0,0.8271,4.0,0.8272,105.0
1753600226468,07:10:26.468,blofin,ADA/USDT:USDT,0.8269,1401.0,0.8265,108.0,0.8271,4.0,0.8272,105.0
1753600226970,07:10:26.970,blofin,ADA/USDT:USDT,0.8269,1237.0,0.8265,3661.0,0.8271,4.0,0.8272,181.0
1753600227762,07:10:27.762,blofin,ADA/USDT:USDT,0.8269,1237.0,0.8267,4203.0,0.8271,4.0,0.8272,763.0
1753600228974,07:10:28.974,blofin,ADA/USDT:USDT,0.8269,304.0,0.8265,108.0,0.8271,4.0,0.8272,338.0
1753600229973,07:10:29.973,blofin,ADA/USDT:USDT,0.827,1516.0,0.8269,5.0,0.8273,4.0,0.8274,303.0
1753600230616,07:10:30.616,blofin,ADA/USDT:USDT,0.8272,1433.0,0.8271,2412.0,0.8273,3.0,0.8274,303.0
1753600230976,07:10:30.976,blofin,ADA/USDT:USDT,0.8273,1058.0,0.8269,5214.0,0.8274,243.0,0.8275,3.0
1753600231766,07:10:31.766,blofin,ADA/USDT:USDT,0.8273,191.0,0.8272,4382.0,0.8274,243.0,0.8275,740.0
1753600231978,07:10:31.978,blofin,ADA/USDT:USDT,0.8273,191.0,0.8272,4382.0,0.8274,243.0,0.8275,739.0
1753600232943,07:10:32.943,blofin,ADA/USDT:USDT,0.8274,553.0,0.8273,5.0,0.8275,2.0,0.8276,218.0
1753600233763,07:10:33.763,blofin,ADA/USDT:USDT,0.8274,5.0,0.8273,1441.0,0.8276,393.0,0.8277,407.0
1753600234481,07:10:34.481,blofin,ADA/USDT:USDT,0.8275,1364.0,0.8274,5.0,0.8276,153.0,0.8277,468.0
1753600234982,07:10:34.982,blofin,ADA/USDT:USDT,0.8274,64.0,0.8269,3910.0,0.8276,153.0,0.8277,1126.0
1753600235783,07:10:35.783,blofin,ADA/USDT:USDT,0.8274,66.0,0.8269,3909.0,0.8276,1.0,0.8277,724.0
1753600236485,07:10:36.485,blofin,ADA/USDT:USDT,0.8274,64.0,0.8273,5560.0,0.8277,617.0,0.8279,1620.0
1753600236986,07:10:36.986,blofin,ADA/USDT:USDT,0.8274,7.0,0.8272,443.0,0.8275,827.0,0.8277,5.0
1753600237766,07:10:37.766,blofin,ADA/USDT:USDT,0.8274,7.0,0.8273,586.0,0.8275,190.0,0.8277,1055.0
1753600238991,07:10:38.991,blofin,ADA/USDT:USDT,0.8274,2.0,0.8273,311.0,0.8275,700.0,0.8277,258.0
1753600239509,07:10:39.509,blofin,ADA/USDT:USDT,0.8274,2.0,0.8273,310.0,0.8275,700.0,0.8277,258.0
1753600239990,07:10:39.990,blofin,ADA/USDT:USDT,0.8274,2.0,0.8273,215.0,0.8275,596.0,0.8276,7861.0
1753600240991,07:10:40.991,blofin,ADA/USDT:USDT,0.8274,2.0,0.8273,381.0,0.8275,299.0,0.8277,158.0
1753600241991,07:10:41.991,blofin,ADA/USDT:USDT,0.8274,2.0,0.8273,1.0,0.8275,203.0,0.8277,158.0
1753600242995,07:10:42.995,blofin,ADA/USDT:USDT,0.8274,2.0,0.8272,377.0,0.8275,266.0,0.8277,2634.0
1753600243772,07:10:43.772,blofin,ADA/USDT:USDT,0.8274,2.0,0.8272,377.0,0.8275,50.0,0.8277,5.0
1753600244496,07:10:44.496,blofin,ADA/USDT:USDT,0.8274,2.0,0.8272,381.0,0.8275,50.0,0.8277,5.0
1753600244997,07:10:44.997,blofin,ADA/USDT:USDT,0.8274,2.0,0.8272,381.0,0.8275,208.0,0.8277,5.0
1753600245776,07:10:45.776,blofin,ADA/USDT:USDT,0.8274,2.0,0.8272,377.0,0.8275,206.0,0.8277,5.0
1753600246502,07:10:46.502,blofin,ADA/USDT:USDT,0.8274,2.0,0.8273,194.0,0.8276,462.0,0.8277,5.0
1753600247003,07:10:47.003,blofin,ADA/USDT:USDT,0.8274,2.0,0.8273,5.0,0.8275,467.0,0.8277,5.0
1753600247774,07:10:47.774,blofin,ADA/USDT:USDT,0.8274,2.0,0.8272,191.0,0.8275,412.0,0.8277,9117.0
1753600249005,07:10:49.005,blofin,ADA/USDT:USDT,0.8274,2.0,0.8272,191.0,0.8275,420.0,0.8276,3129.0
1753600249777,07:10:49.777,blofin,ADA/USDT:USDT,0.8274,2.0,0.8273,414.0,0.8275,349.0,0.8277,5.0
1753600250506,07:10:50.506,blofin,ADA/USDT:USDT,0.8274,2.0,0.8273,416.0,0.8275,349.0,0.8277,5.0
1753600251007,07:10:51.007,blofin,ADA/USDT:USDT,0.8274,2.0,0.8272,415.0,0.8275,378.0,0.8277,5565.0
1753600252009,07:10:52.009,blofin,ADA/USDT:USDT,0.8274,2.0,0.8272,257.0,0.8275,388.0,0.8277,59.0
1753600252509,07:10:52.509,blofin,ADA/USDT:USDT,0.8274,2.0,0.8272,257.0,0.8275,387.0,0.8277,59.0
1753600253016,07:10:53.016,blofin,ADA/USDT:USDT,0.8274,2.0,0.8273,392.0,0.8275,315.0,0.8277,59.0
1753600253992,07:10:53.992,blofin,ADA/USDT:USDT,0.8274,483.0,0.8273,5322.0,0.8275,2.0,0.8277,73.0
1753600254782,07:10:54.782,blofin,ADA/USDT:USDT,0.8274,780.0,0.8269,5118.0,0.8275,2.0,0.8277,248.0
1753600255020,07:10:55.020,blofin,ADA/USDT:USDT,0.8274,780.0,0.8269,5118.0,0.8277,249.0,0.8279,8210.0
1753600255522,07:10:55.522,blofin,ADA/USDT:USDT,0.8274,780.0,0.8269,5118.0,0.8277,252.0,0.8279,8210.0
1753600256018,07:10:56.018,blofin,ADA/USDT:USDT,0.8275,830.0,0.8274,304.0,0.8277,79.0,0.8278,5003.0
1753600257017,07:10:57.017,blofin,ADA/USDT:USDT,0.8275,830.0,0.8274,2.0,0.8277,15.0,0.8279,7053.0
1753600257784,07:10:57.784,blofin,ADA/USDT:USDT,0.8277,732.0,0.8275,1976.0,0.8279,134.0,0.828,303.0
1753600258519,07:10:58.519,blofin,ADA/USDT:USDT,0.8277,732.0,0.8275,1976.0,0.8279,136.0,0.828,303.0
1753600259021,07:10:59.021,blofin,ADA/USDT:USDT,0.8277,732.0,0.8275,5787.0,0.8279,587.0,0.828,303.0
1753600260024,07:11:00.024,blofin,ADA/USDT:USDT,0.8276,216.0,0.8275,3.0,0.8279,421.0,0.828,303.0
1753600260786,07:11:00.786,blofin,ADA/USDT:USDT,0.8276,221.0,0.8274,2.0,0.8279,420.0,0.8283,6555.0
1753600261523,07:11:01.523,blofin,ADA/USDT:USDT,0.8276,389.0,0.8274,2.0,0.8279,489.0,0.8284,7351.0
1753600262023,07:11:02.023,blofin,ADA/USDT:USDT,0.8276,214.0,0.8274,2.0,0.8279,832.0,0.8284,910.0
1753600262789,07:11:02.789,blofin,ADA/USDT:USDT,0.8276,427.0,0.8274,2.0,0.8279,313.0,0.8284,3734.0
1753600264027,07:11:04.027,blofin,ADA/USDT:USDT,0.8276,217.0,0.8274,2.0,0.8279,583.0,0.8282,1928.0
1753600265029,07:11:05.029,blofin,ADA/USDT:USDT,0.8276,284.0,0.8274,2.0,0.8279,493.0,0.8284,4522.0
1753600265529,07:11:05.529,blofin,ADA/USDT:USDT,0.8276,284.0,0.8274,2.0,0.8279,492.0,0.8284,4522.0
1753600266029,07:11:06.029,blofin,ADA/USDT:USDT,0.8276,418.0,0.8272,1569.0,0.8279,326.0,0.8283,787.0
1753600267030,07:11:07.030,blofin,ADA/USDT:USDT,0.8276,2.0,0.8275,575.0,0.8278,342.0,0.8279,4.0
1753600267791,07:11:07.791,blofin,ADA/USDT:USDT,0.8276,532.0,0.8273,5265.0,0.8278,2.0,0.8279,353.0
1753600268035,07:11:08.035,blofin,ADA/USDT:USDT,0.8276,532.0,0.8273,5265.0,0.8278,2.0,0.8279,353.0
1753600269034,07:11:09.034,blofin,ADA/USDT:USDT,0.8276,538.0,0.8274,3924.0,0.8279,134.0,0.8284,2290.0
1753600269792,07:11:09.792,blofin,ADA/USDT:USDT,0.8277,523.0,0.8276,3.0,0.8279,325.0,0.8281,5861.0
1753600270037,07:11:10.037,blofin,ADA/USDT:USDT,0.8277,523.0,0.8276,3.0,0.8279,325.0,0.828,136.0
1753600271036,07:11:11.036,blofin,ADA/USDT:USDT,0.8277,526.0,0.8276,4787.0,0.8279,325.0,0.828,4068.0
1753600271537,07:11:11.537,blofin,ADA/USDT:USDT,0.8277,526.0,0.8276,4787.0,0.8279,325.0,0.828,4068.0
1753600272793,07:11:12.793,blofin,ADA/USDT:USDT,0.8277,3.0,0.8276,568.0,0.8279,328.0,0.8282,7277.0
1753600273540,07:11:13.540,blofin,ADA/USDT:USDT,0.8276,571.0,0.8274,3338.0,0.8279,328.0,0.8282,7277.0
1753600274039,07:11:14.039,blofin,ADA/USDT:USDT,0.8276,542.0,0.8274,6913.0,0.8279,319.0,0.8284,5822.0
1753600274797,07:11:14.797,blofin,ADA/USDT:USDT,0.8276,544.0,0.8274,5875.0,0.8279,353.0,0.828,6237.0
1753600275042,07:11:15.042,blofin,ADA/USDT:USDT,0.8276,544.0,0.8274,5875.0,0.8279,352.0,0.828,6237.0
1753600276043,07:11:16.043,blofin,ADA/USDT:USDT,0.8276,374.0,0.8273,3.0,0.8279,190.0,0.8282,8191.0
1753600276543,07:11:16.543,blofin,ADA/USDT:USDT,0.8276,374.0,0.8271,7139.0,0.8279,190.0,0.8282,8191.0
1753600277043,07:11:17.043,blofin,ADA/USDT:USDT,0.8276,597.0,0.8271,318.0,0.8279,133.0,0.8282,1525.0
1753600277801,07:11:17.801,blofin,ADA/USDT:USDT,0.8276,599.0,0.8274,1650.0,0.8279,136.0,0.8281,3516.0
1753600279046,07:11:19.046,blofin,ADA/USDT:USDT,0.8276,371.0,0.8272,1516.0,0.8279,329.0,0.8281,7308.0
1753600279549,07:11:19.549,blofin,ADA/USDT:USDT,0.8276,371.0,0.8272,1516.0,0.8279,325.0,0.8281,7308.0
1753600280047,07:11:20.047,blofin,ADA/USDT:USDT,0.8277,551.0,0.8276,2.0,0.8279,154.0,0.8284,4232.0
1753600280803,07:11:20.803,blofin,ADA/USDT:USDT,0.8277,555.0,0.8276,1.0,0.8279,155.0,0.8283,203.0
1753600281564,07:11:21.564,blofin,ADA/USDT:USDT,0.8277,510.0,0.8276,3171.0,0.8279,332.0,0.8282,3123.0
1753600282052,07:11:22.052,blofin,ADA/USDT:USDT,0.8277,4.0,0.8276,689.0,0.8279,337.0,0.8284,8657.0
1753600282805,07:11:22.805,blofin,ADA/USDT:USDT,0.8277,4.0,0.8276,580.0,0.8279,374.0,0.8282,502.0
1753600283052,07:11:23.052,blofin,ADA/USDT:USDT,0.8276,583.0,0.8275,677.0,0.8279,374.0,0.8282,502.0
1753600284054,07:11:24.054,blofin,ADA/USDT:USDT,0.8277,185.0,0.8276,3118.0,0.8279,771.0,0.828,777.0
1753600284553,07:11:24.553,blofin,ADA/USDT:USDT,0.8277,187.0,0.8276,3118.0,0.8279,771.0,0.828,777.0
1753600285054,07:11:25.054,blofin,ADA/USDT:USDT,0.8277,4.0,0.8276,239.0,0.8279,679.0,0.8281,6466.0
1753600285807,07:11:25.807,blofin,ADA/USDT:USDT,0.8276,244.0,0.8271,1821.0,0.8279,682.0,0.8281,6466.0
1753600286555,07:11:26.555,blofin,ADA/USDT:USDT,0.8277,462.0,0.8276,6.0,0.8279,682.0,0.8284,5232.0
1753600287055,07:11:27.055,blofin,ADA/USDT:USDT,0.8276,188.0,0.8274,3830.0,0.8279,769.0,0.8283,1687.0
1753600287555,07:11:27.555,blofin,ADA/USDT:USDT,0.8276,185.0,0.8274,3830.0,0.8279,769.0,0.8283,1687.0
1753600288057,07:11:28.057,blofin,ADA/USDT:USDT,0.8276,3.0,0.8274,315.0,0.8277,986.0,0.8279,4497.0
1753600288811,07:11:28.811,blofin,ADA/USDT:USDT,0.8276,3.0,0.8274,709.0,0.8277,21.0,0.8279,6.0
1753600289559,07:11:29.559,blofin,ADA/USDT:USDT,0.8277,1593.0,0.8276,3.0,0.8279,19.0,0.8284,2527.0
1753600290060,07:11:30.060,blofin,ADA/USDT:USDT,0.8276,1070.0,0.8274,652.0,0.8279,565.0,0.8284,6017.0
1753600290813,07:11:30.813,blofin,ADA/USDT:USDT,0.8276,1072.0,0.8274,652.0,0.8279,565.0,0.8284,6017.0
1753600291561,07:11:31.561,blofin,ADA/USDT:USDT,0.8276,1067.0,0.8272,644.0,0.8279,350.0,0.8282,602.0
1753600292063,07:11:32.063,blofin,ADA/USDT:USDT,0.8277,1068.0,0.8276,767.0,0.8279,192.0,0.8282,5044.0
1753600292816,07:11:32.816,blofin,ADA/USDT:USDT,0.8277,823.0,0.8276,2.0,0.8279,356.0,0.8283,7224.0
1753600293564,07:11:33.564,blofin,ADA/USDT:USDT,0.8277,825.0,0.8276,1.0,0.8279,354.0,0.8283,7224.0
1753600294064,07:11:34.064,blofin,ADA/USDT:USDT,0.8277,1043.0,0.8276,6418.0,0.8279,298.0,0.8284,9310.0
1753600294819,07:11:34.819,blofin,ADA/USDT:USDT,0.8277,1023.0,0.8276,1162.0,0.8279,5.0,0.828,259.0
1753600295567,07:11:35.567,blofin,ADA/USDT:USDT,0.8277,1019.0,0.8276,1162.0,0.8279,5.0,0.828,259.0
1753600296221,07:11:36.221,blofin,ADA/USDT:USDT,0.8277,5.0,0.8275,575.0,0.8278,431.0,0.8279,2.0
1753600296820,07:11:36.820,blofin,ADA/USDT:USDT,0.8274,504.0,0.8273,3038.0,0.8277,1112.0,0.828,2.0
1753600297342,07:11:37.342,blofin,ADA/USDT:USDT,0.8274,505.0,0.8273,192.0,0.8276,987.0,0.8277,488.0
1753600298072,07:11:38.072,blofin,ADA/USDT:USDT,0.8273,189.0,0.8272,444.0,0.8274,599.0,0.8276,2280.0
1753600298570,07:11:38.570,blofin,ADA/USDT:USDT,0.8272,444.0,0.8271,1332.0,0.8274,599.0,0.8276,2280.0
1753600299072,07:11:39.072,blofin,ADA/USDT:USDT,0.8272,2.0,0.8271,331.0,0.8274,457.0,0.8275,7354.0
1753600299821,07:11:39.821,blofin,ADA/USDT:USDT,0.8271,304.0,0.827,8002.01,0.8274,470.0,0.8278,6598.0
1753600300574,07:11:40.574,blofin,ADA/USDT:USDT,0.8271,21.0,0.827,3219.01,0.8273,611.0,0.8274,1.0
1753600301204,07:11:41.204,blofin,ADA/USDT:USDT,0.8272,536.0,0.8271,4668.0,0.8273,3.0,0.8274,65.0
1753600301825,07:11:41.825,blofin,ADA/USDT:USDT,0.8271,754.0,0.827,3694.01,0.8274,367.0,0.8276,103.0
1753600302078,07:11:42.078,blofin,ADA/USDT:USDT,0.8271,755.0,0.827,3691.01,0.8274,367.0,0.8276,103.0
1753600303078,07:11:43.078,blofin,ADA/USDT:USDT,0.8271,601.0,0.827,308.01,0.8274,366.0,0.8277,89.0
1753600303578,07:11:43.578,blofin,ADA/USDT:USDT,0.8271,601.0,0.827,308.01,0.8274,366.0,0.8277,89.0
1753600304829,07:11:44.829,blofin,ADA/USDT:USDT,0.8271,3.0,0.827,873.01,0.8273,673.0,0.8275,3061.0
1753600305580,07:11:45.580,blofin,ADA/USDT:USDT,0.8271,3.0,0.827,873.01,0.8273,671.0,0.8275,3061.0
1753600306081,07:11:46.081,blofin,ADA/USDT:USDT,0.827,874.01,0.8268,103.0,0.8273,677.0,0.8275,1612.0
1753600306829,07:11:46.829,blofin,ADA/USDT:USDT,0.8271,575.0,0.827,7111.01,0.8273,448.0,0.8277,3055.0
1753600307585,07:11:47.585,blofin,ADA/USDT:USDT,0.8271,572.0,0.827,7110.01,0.8273,446.0,0.8277,3055.0
1753600308084,07:11:48.084,blofin,ADA/USDT:USDT,0.8271,1.0,0.827,811.01,0.8273,485.0,0.8275,1083.0
1753600308833,07:11:48.833,blofin,ADA/USDT:USDT,0.827,634.01,0.8268,103.0,0.8273,453.0,0.8275,3526.0
1753600309586,07:11:49.586,blofin,ADA/USDT:USDT,0.8271,2.0,0.827,634.01,0.8273,456.0,0.8275,3526.0
1753600310086,07:11:50.086,blofin,ADA/USDT:USDT,0.827,601.01,0.8269,751.0,0.8273,512.0,0.8278,5309.0
1753600311096,07:11:51.096,blofin,ADA/USDT:USDT,0.8271,2.0,0.827,319.01,0.8273,732.0,0.8274,1887.0
1753600311835,07:11:51.835,blofin,ADA/USDT:USDT,0.8271,543.0,0.827,311.01,0.8273,351.0,0.8276,3293.0
1753600312088,07:11:52.088,blofin,ADA/USDT:USDT,0.8271,543.0,0.827,311.01,0.8273,351.0,0.8276,3293.0
1753600313087,07:11:53.087,blofin,ADA/USDT:USDT,0.827,935.01,0.8268,103.0,0.8273,348.0,0.8276,1471.0
1753600313588,07:11:53.588,blofin,ADA/USDT:USDT,0.8271,2.0,0.827,935.01,0.8273,344.0,0.8276,1471.0
1753600314090,07:11:54.090,blofin,ADA/USDT:USDT,0.827,935.01,0.8268,103.0,0.8273,171.0,0.8278,3378.0
1753600314837,07:11:54.837,blofin,ADA/USDT:USDT,0.8271,1.0,0.827,889.01,0.8273,174.0,0.8278,7525.0
1753600315084,07:11:55.084,blofin,ADA/USDT:USDT,0.8271,608.0,0.827,312.01,0.8273,4.0,0.8274,170.0
1753600315590,07:11:55.590,blofin,ADA/USDT:USDT,0.8271,608.0,0.827,312.01,0.8274,171.0,0.8277,5636.0
1753600316091,07:11:56.091,blofin,ADA/USDT:USDT,0.8272,1610.0,0.8271,5304.0,0.8274,107.0,0.8276,485.0
1753600316592,07:11:56.592,blofin,ADA/USDT:USDT,0.8272,1610.0,0.8271,5304.0,0.8274,107.0,0.8276,485.0
1753600317091,07:11:57.091,blofin,ADA/USDT:USDT,0.8272,1653.0,0.827,8193.01,0.8274,67.0,0.8276,1552.0
1753600317839,07:11:57.839,blofin,ADA/USDT:USDT,0.8272,4.0,0.8271,1698.0,0.8274,66.0,0.8279,4145.0
1753600318594,07:11:58.594,blofin,ADA/USDT:USDT,0.8272,4.0,0.8271,1698.0,0.8274,67.0,0.8279,4145.0
1753600319095,07:11:59.095,blofin,ADA/USDT:USDT,0.8272,4.0,0.8271,1666.0,0.8274,67.0,0.8277,1105.0
1753600319841,07:11:59.841,blofin,ADA/USDT:USDT,0.8272,1710.0,0.8271,2632.0,0.8274,13.0,0.8275,5533.0
1753600320098,07:12:00.098,blofin,ADA/USDT:USDT,0.8272,1713.0,0.8271,2629.0,0.8274,13.0,0.8275,5533.0
1753600320842,07:12:00.842,blofin,ADA/USDT:USDT,0.8272,1712.0,0.8271,2629.0,0.8274,13.0,0.8275,5533.0
1753600321360,07:12:01.360,blofin,ADA/USDT:USDT,0.8272,1707.0,0.827,308.01,0.8274,2.0,0.8275,13.0
1753600322100,07:12:02.100,blofin,ADA/USDT:USDT,0.8272,724.0,0.827,2124.01,0.8275,444.0,0.8279,6119.0
1753600322844,07:12:02.844,blofin,ADA/USDT:USDT,0.8273,260.0,0.8272,5.0,0.8275,639.0,0.8276,1308.0
1753600323102,07:12:03.102,blofin,ADA/USDT:USDT,0.8273,260.0,0.8272,5.0,0.8275,639.0,0.8276,1308.0
1753600323843,07:12:03.843,blofin,ADA/USDT:USDT,0.8273,2.0,0.8272,272.0,0.8275,711.0,0.8278,9053.0
1753600324844,07:12:04.844,blofin,ADA/USDT:USDT,0.8273,272.0,0.8272,2.0,0.8275,708.0,0.8279,6377.0
1753600325107,07:12:05.107,blofin,ADA/USDT:USDT,0.8273,274.0,0.827,308.01,0.8275,708.0,0.8279,6377.0
1753600326107,07:12:06.107,blofin,ADA/USDT:USDT,0.8273,272.0,0.8272,1689.0,0.8275,658.0,0.8277,3801.0
1753600326608,07:12:06.608,blofin,ADA/USDT:USDT,0.8273,272.0,0.8272,1689.0,0.8275,657.0,0.8277,3801.0
1753600327110,07:12:07.110,blofin,ADA/USDT:USDT,0.8273,532.0,0.8271,4146.0,0.8275,45.0,0.8277,1321.0
1753600327847,07:12:07.847,blofin,ADA/USDT:USDT,0.8273,1329.0,0.827,0.01,0.8275,5.0,0.8276,5.0
1753600328111,07:12:08.111,blofin,ADA/USDT:USDT,0.8274,1365.0,0.8273,4.0,0.8275,5.0,0.8277,52.0
1753600329111,07:12:09.111,blofin,ADA/USDT:USDT,0.8274,56.0,0.8273,6148.0,0.8275,2.0,0.8277,621.0
1753600329848,07:12:09.848,blofin,ADA/USDT:USDT,0.8274,566.0,0.8273,1.0,0.8275,2.0,0.8277,144.0
1753600330112,07:12:10.112,blofin,ADA/USDT:USDT,0.8274,566.0,0.8273,1.0,0.8275,2.0,0.8277,144.0
1753600331114,07:12:11.114,blofin,ADA/USDT:USDT,0.8274,319.0,0.8273,1.0,0.8275,2.0,0.8277,293.0
1753600331852,07:12:11.852,blofin,ADA/USDT:USDT,0.8275,240.0,0.8274,2.0,0.8277,293.0,0.8281,832.0
1753600332116,07:12:12.116,blofin,ADA/USDT:USDT,0.8275,240.0,0.8274,2.0,0.8277,297.0,0.8281,832.0
1753600332853,07:12:12.853,blofin,ADA/USDT:USDT,0.8275,462.0,0.8274,4011.0,0.8277,269.0,0.828,6364.0
1753600333617,07:12:13.617,blofin,ADA/USDT:USDT,0.8275,464.0,0.8274,4009.0,0.8277,269.0,0.828,6364.0
1753600334118,07:12:14.118,blofin,ADA/USDT:USDT,0.8274,241.0,0.8273,1.0,0.8277,403.0,0.8281,832.0
1753600334852,07:12:14.852,blofin,ADA/USDT:USDT,0.8275,102.0,0.8274,5959.0,0.8277,5.0,0.8278,553.0
1753600335118,07:12:15.118,blofin,ADA/USDT:USDT,0.8275,102.0,0.8274,5959.0,0.8278,556.0,0.8281,7773.0
1753600336119,07:12:16.119,blofin,ADA/USDT:USDT,0.8275,1.0,0.8274,27.0,0.8277,699.0,0.8278,312.0
1753600336854,07:12:16.854,blofin,ADA/USDT:USDT,0.8275,1.0,0.8274,27.0,0.8277,701.0,0.8281,832.0
1753600337623,07:12:17.623,blofin,ADA/USDT:USDT,0.8274,28.0,0.8273,1.0,0.8277,704.0,0.8281,832.0
1753600338247,07:12:18.247,blofin,ADA/USDT:USDT,0.8274,1.0,0.8273,1.0,0.8276,1244.0,0.8279,8350.0
1753600338855,07:12:18.855,blofin,ADA/USDT:USDT,0.8274,1.0,0.8273,344.0,0.8275,476.0,0.828,1861.0
1753600339627,07:12:19.627,blofin,ADA/USDT:USDT,0.8274,1.0,0.8273,344.0,0.8275,479.0,0.828,1861.0
1753600340129,07:12:20.129,blofin,ADA/USDT:USDT,0.8273,348.0,0.8272,991.0,0.8275,4.0,0.8276,652.0
1753600340860,07:12:20.860,blofin,ADA/USDT:USDT,0.8273,348.0,0.8272,991.0,0.8276,656.0,0.8279,3651.0
1753600341129,07:12:21.129,blofin,ADA/USDT:USDT,0.8273,6.0,0.8272,572.0,0.8275,805.0,0.8276,4.0
1753600342131,07:12:22.131,blofin,ADA/USDT:USDT,0.8273,3.0,0.827,0.01,0.8275,836.0,0.8279,1087.0
1753600342858,07:12:22.858,blofin,ADA/USDT:USDT,0.8273,2.0,0.8271,347.0,0.8274,1133.0,0.8276,4802.0
1753600343132,07:12:23.132,blofin,ADA/USDT:USDT,0.8273,2.0,0.8271,347.0,0.8274,1129.0,0.8276,4802.0
1753600344133,07:12:24.133,blofin,ADA/USDT:USDT,0.8273,1.0,0.8271,349.0,0.8274,1090.0,0.8277,73.0
1753600345133,07:12:25.133,blofin,ADA/USDT:USDT,0.8273,1.0,0.8271,350.0,0.8274,1055.0,0.8278,4496.0
1753600345858,07:12:25.858,blofin,ADA/USDT:USDT,0.8273,1.0,0.8271,350.0,0.8274,1053.0,0.8278,4496.0
1753600346135,07:12:26.135,blofin,ADA/USDT:USDT,0.8273,1.0,0.8271,560.0,0.8274,213.0,0.8278,7011.0
1753600347137,07:12:27.137,blofin,ADA/USDT:USDT,0.8273,1.0,0.8271,559.0,0.8274,212.0,0.8275,3194.0
1753600347858,07:12:27.858,blofin,ADA/USDT:USDT,0.8273,1.0,0.8271,473.0,0.8274,623.0,0.8276,7783.0
1753600348859,07:12:28.859,blofin,ADA/USDT:USDT,0.8273,1.0,0.8271,357.0,0.8274,403.0,0.8278,5639.0
1753600349140,07:12:29.140,blofin,ADA/USDT:USDT,0.8273,1.0,0.8271,357.0,0.8274,406.0,0.8278,5639.0
1753600350141,07:12:30.141,blofin,ADA/USDT:USDT,0.8273,1.0,0.8271,557.0,0.8274,402.0,0.8279,4303.0
1753600350862,07:12:30.862,blofin,ADA/USDT:USDT,0.8273,1.0,0.8271,557.0,0.8274,402.0,0.8279,4303.0
1753600351141,07:12:31.141,blofin,ADA/USDT:USDT,0.8273,1.0,0.8272,680.0,0.8274,336.0,0.8276,8385.0
1753600352142,07:12:32.142,blofin,ADA/USDT:USDT,0.8273,1.0,0.8272,1.0,0.8274,662.0,0.8278,6202.0
1753600352861,07:12:32.861,blofin,ADA/USDT:USDT,0.8273,1.0,0.8272,684.0,0.8274,34.0,0.8275,7137.0
1753600353145,07:12:33.145,blofin,ADA/USDT:USDT,0.8273,689.0,0.8272,4711.0,0.8274,4.0,0.8275,30.0
1753600353864,07:12:33.864,blofin,ADA/USDT:USDT,0.8273,1418.0,0.8272,76.0,0.8275,61.0,0.8279,1279.0
1753600354335,07:12:34.335,blofin,ADA/USDT:USDT,0.8273,5.0,0.8271,244.0,0.8274,566.0,0.8275,1.0
1753600355148,07:12:35.148,blofin,ADA/USDT:USDT,0.8273,1.0,0.8272,643.0,0.8274,494.0,0.8277,7868.0
1753600355878,07:12:35.878,blofin,ADA/USDT:USDT,0.8272,647.0,0.8271,1.0,0.8274,499.0,0.8277,8598.0
1753600356348,07:12:36.348,blofin,ADA/USDT:USDT,0.8272,707.0,0.827,0.01,0.8274,10.0,0.8275,290.0
1753600357148,07:12:37.148,blofin,ADA/USDT:USDT,0.8272,944.0,0.827,0.01,0.8274,5.0,0.8275,112.0
1753600357649,07:12:37.649,blofin,ADA/USDT:USDT,0.8272,6.0,0.8271,10.0,0.8274,860.0,0.8276,4195.0
1753600358149,07:12:38.149,blofin,ADA/USDT:USDT,0.8272,6.0,0.8271,654.0,0.8274,244.0,0.8275,2314.0
1753600358866,07:12:38.866,blofin,ADA/USDT:USDT,0.8272,6.0,0.8271,642.0,0.8274,233.0,0.8277,730.0
1753600359652,07:12:39.652,blofin,ADA/USDT:USDT,0.8272,4.0,0.8271,644.0,0.8274,233.0,0.8277,730.0
1753600360153,07:12:40.153,blofin,ADA/USDT:USDT,0.8272,4.0,0.8271,646.0,0.8274,286.0,0.8277,6678.0
1753600360868,07:12:40.868,blofin,ADA/USDT:USDT,0.8272,4.0,0.8271,647.0,0.8274,289.0,0.8277,6678.0
1753600361655,07:12:41.655,blofin,ADA/USDT:USDT,0.8272,4.0,0.8271,583.0,0.8274,447.0,0.8277,10249.0
1753600362156,07:12:42.156,blofin,ADA/USDT:USDT,0.8272,4.0,0.8271,472.0,0.8274,437.0,0.8277,730.0
1753600362870,07:12:42.870,blofin,ADA/USDT:USDT,0.8272,433.0,0.8271,6877.0,0.8274,440.0,0.8277,2676.0
1753600363157,07:12:43.157,blofin,ADA/USDT:USDT,0.8272,435.0,0.8271,6873.0,0.8274,440.0,0.8277,2676.0
1753600363658,07:12:43.658,blofin,ADA/USDT:USDT,0.8272,436.0,0.8271,6873.0,0.8274,440.0,0.8277,2676.0
1753600364159,07:12:44.159,blofin,ADA/USDT:USDT,0.8272,657.0,0.8271,3902.0,0.8274,334.0,0.8277,5266.0
1753600364871,07:12:44.871,blofin,ADA/USDT:USDT,0.8272,676.0,0.8271,4367.0,0.8274,10.0,0.8275,243.0
1753600365660,07:12:45.660,blofin,ADA/USDT:USDT,0.8272,673.0,0.8271,4367.0,0.8274,5.0,0.8275,244.0
1753600366161,07:12:46.161,blofin,ADA/USDT:USDT,0.8272,591.0,0.827,0.01,0.8274,585.0,0.8275,3.0
1753600366874,07:12:46.874,blofin,ADA/USDT:USDT,0.8272,468.0,0.8271,5553.0,0.8274,567.0,0.8275,3.0
1753600367666,07:12:47.666,blofin,ADA/USDT:USDT,0.8272,468.0,0.8271,5553.0,0.8274,567.0,0.8275,3.0
1753600368165,07:12:48.165,blofin,ADA/USDT:USDT,0.8272,7.0,0.8271,550.0,0.8274,254.0,0.8277,730.0
1753600368668,07:12:48.668,blofin,ADA/USDT:USDT,0.8272,7.0,0.8271,550.0,0.8274,252.0,0.8277,730.0
1753600369167,07:12:49.167,blofin,ADA/USDT:USDT,0.8272,7.0,0.8271,643.0,0.8274,100.0,0.8277,730.0
1753600369876,07:12:49.876,blofin,ADA/USDT:USDT,0.8272,646.0,0.8271,1.0,0.8274,100.0,0.8277,6812.0
1753600370668,07:12:50.668,blofin,ADA/USDT:USDT,0.8272,646.0,0.8271,1.0,0.8274,102.0,0.8277,6812.0
1753600371170,07:12:51.170,blofin,ADA/USDT:USDT,0.8272,6.0,0.8271,652.0,0.8274,99.0,0.8276,2167.0
1753600371877,07:12:51.877,blofin,ADA/USDT:USDT,0.8272,6.0,0.8271,640.0,0.8274,99.0,0.8275,3828.0
1753600372129,07:12:52.129,blofin,ADA/USDT:USDT,0.8272,6.0,0.8271,63.0,0.8273,459.0,0.8274,7.0
1753600373317,07:12:53.317,blofin,ADA/USDT:USDT,0.8272,4.0,0.8271,503.0,0.8274,20.0,0.8276,68.0
1753600373877,07:12:53.877,blofin,ADA/USDT:USDT,0.8272,1169.0,0.8271,8517.0,0.8274,7.0,0.8275,415.0
1753600374676,07:12:54.676,blofin,ADA/USDT:USDT,0.8272,1169.0,0.8271,8517.0,0.8274,7.0,0.8275,415.0
1753600375180,07:12:55.180,blofin,ADA/USDT:USDT,0.8272,4.0,0.8271,7.0,0.8273,761.0,0.8274,3982.0
1753600375881,07:12:55.881,blofin,ADA/USDT:USDT,0.8271,3.0,0.827,0.01,0.8272,1133.0,0.8273,5665.0
1753600377182,07:12:57.182,blofin,ADA/USDT:USDT,0.827,0.01,0.8269,235.0,0.8272,507.0,0.8274,173.0
1753600377885,07:12:57.885,blofin,ADA/USDT:USDT,0.827,0.01,0.8269,234.0,0.8272,414.0,0.8274,5.0
1753600378183,07:12:58.183,blofin,ADA/USDT:USDT,0.827,0.01,0.8269,238.0,0.8272,414.0,0.8274,5.0
1753600378881,07:12:58.881,blofin,ADA/USDT:USDT,0.827,526.01,0.8269,4943.0,0.8272,253.0,0.8273,3431.0
1753600379684,07:12:59.684,blofin,ADA/USDT:USDT,0.827,529.01,0.8269,4940.0,0.8272,253.0,0.8273,3431.0
1753600380186,07:13:00.186,blofin,ADA/USDT:USDT,0.827,0.01,0.8269,530.0,0.8272,165.0,0.8274,5.0
1753600380882,07:13:00.882,blofin,ADA/USDT:USDT,0.827,0.01,0.8269,529.0,0.8272,168.0,0.8274,5.0
1753600381187,07:13:01.187,blofin,ADA/USDT:USDT,0.827,0.01,0.8269,509.0,0.8272,48.0,0.8274,752.0
1753600381888,07:13:01.888,blofin,ADA/USDT:USDT,0.827,0.01,0.8269,494.0,0.8272,50.0,0.8274,5.0
1753600382688,07:13:02.688,blofin,ADA/USDT:USDT,0.827,0.01,0.8269,494.0,0.8272,50.0,0.8274,5.0
1753600383190,07:13:03.190,blofin,ADA/USDT:USDT,0.827,491.01,0.8269,5067.0,0.8272,102.0,0.8274,5.0
1753600384192,07:13:04.192,blofin,ADA/USDT:USDT,0.827,135.01,0.8269,7569.0,0.8272,668.0,0.8274,5.0
1753600384693,07:13:04.693,blofin,ADA/USDT:USDT,0.827,135.01,0.8269,7569.0,0.8272,669.0,0.8274,5.0
1753600385194,07:13:05.194,blofin,ADA/USDT:USDT,0.827,2.01,0.8269,605.0,0.8272,210.0,0.8273,4357.0
1753600386194,07:13:06.194,blofin,ADA/USDT:USDT,0.827,0.01,0.8269,548.0,0.8272,204.0,0.8274,567.0
1753600386695,07:13:06.695,blofin,ADA/USDT:USDT,0.827,0.01,0.8269,548.0,0.8272,205.0,0.8274,567.0
1753600387196,07:13:07.196,blofin,ADA/USDT:USDT,0.827,582.01,0.8269,4328.0,0.8272,205.0,0.8274,567.0
1753600387888,07:13:07.888,blofin,ADA/USDT:USDT,0.827,5.01,0.8269,22.0,0.8272,731.0,0.8274,567.0
1753600388197,07:13:08.197,blofin,ADA/USDT:USDT,0.827,5.01,0.8269,22.0,0.8272,731.0,0.8274,567.0
1753600389197,07:13:09.197,blofin,ADA/USDT:USDT,0.827,283.01,0.8269,3097.0,0.8272,626.0,0.8273,8901.0
1753600389889,07:13:09.889,blofin,ADA/USDT:USDT,0.827,5.01,0.8269,294.0,0.8272,623.0,0.8274,7450.0
1753600390200,07:13:10.200,blofin,ADA/USDT:USDT,0.827,0.01,0.8269,297.0,0.8272,623.0,0.8274,7450.0
1753600391201,07:13:11.201,blofin,ADA/USDT:USDT,0.827,0.01,0.8269,239.0,0.8272,496.0,0.8274,567.0
1753600391891,07:13:11.891,blofin,ADA/USDT:USDT,0.827,411.01,0.8269,9.0,0.8272,258.0,0.8274,567.0
1753600392308,07:13:12.308,blofin,ADA/USDT:USDT,0.8273,1032.0,0.8272,2523.0,0.8274,569.0,0.8276,961.0
1753600393206,07:13:13.206,blofin,ADA/USDT:USDT,0.8273,5.0,0.8272,229.0,0.8274,567.0,0.8275,652.0
1753600393705,07:13:13.705,blofin,ADA/USDT:USDT,0.8272,231.0,0.8271,3096.0,0.8274,567.0,0.8275,652.0
1753600394207,07:13:14.207,blofin,ADA/USDT:USDT,0.8273,162.0,0.8272,2402.0,0.8274,567.0,0.8275,440.0
1753600394892,07:13:14.892,blofin,ADA/USDT:USDT,0.8273,4.0,0.8272,29.0,0.8274,567.0,0.8275,561.0
1753600395709,07:13:15.709,blofin,ADA/USDT:USDT,0.8272,30.0,0.827,0.01,0.8274,567.0,0.8275,561.0
1753600396211,07:13:16.211,blofin,ADA/USDT:USDT,0.8273,28.0,0.8272,5602.0,0.8274,567.0,0.8275,564.0
1753600396893,07:13:16.893,blofin,ADA/USDT:USDT,0.8273,39.0,0.8272,2.0,0.8274,567.0,0.8275,459.0
1753600397715,07:13:17.715,blofin,ADA/USDT:USDT,0.8273,39.0,0.8272,2.0,0.8274,567.0,0.8275,459.0
1753600398216,07:13:18.216,blofin,ADA/USDT:USDT,0.8272,31.0,0.8271,833.0,0.8274,567.0,0.8275,558.0
1753600398895,07:13:18.895,blofin,ADA/USDT:USDT,0.8272,205.0,0.8271,5086.0,0.8274,567.0,0.8275,450.0
1753600399216,07:13:19.216,blofin,ADA/USDT:USDT,0.8272,205.0,0.8271,5086.0,0.8274,567.0,0.8275,452.0
1753600399899,07:13:19.899,blofin,ADA/USDT:USDT,0.8272,215.0,0.827,655.01,0.8274,567.0,0.8275,573.0
1753600400698,07:13:20.698,blofin,ADA/USDT:USDT,0.8272,4.0,0.8271,206.0,0.8274,1137.0,0.8275,4.0
1753600401456,07:13:21.456,blofin,ADA/USDT:USDT,0.8272,10.0,0.8271,1.0,0.8273,1099.0,0.8274,572.0
1753600402721,07:13:22.721,blofin,ADA/USDT:USDT,0.8271,1.0,0.827,439.01,0.8272,445.0,0.8273,815.0
1753600403197,07:13:23.197,blofin,ADA/USDT:USDT,0.8271,1.0,0.827,453.01,0.8272,2.0,0.8273,6.0
1753600404224,07:13:24.224,blofin,ADA/USDT:USDT,0.827,901.01,0.8269,4.0,0.8273,88.0,0.8274,776.0
1753600405724,07:13:25.724,blofin,ADA/USDT:USDT,0.827,983.01,0.8269,4.0,0.8273,86.0,0.8274,3557.0
1753600406225,07:13:26.225,blofin,ADA/USDT:USDT,0.8271,3.0,0.827,785.01,0.8273,108.0,0.8274,567.0
1753600407226,07:13:27.226,blofin,ADA/USDT:USDT,0.827,794.01,0.8269,4.0,0.8273,84.0,0.8274,567.0
1753600407901,07:13:27.901,blofin,ADA/USDT:USDT,0.8271,3.0,0.827,806.01,0.8273,17.0,0.8274,567.0
1753600408727,07:13:28.727,blofin,ADA/USDT:USDT,0.827,805.01,0.8269,4.0,0.8273,17.0,0.8274,567.0
1753600409229,07:13:29.229,blofin,ADA/USDT:USDT,0.8271,4.0,0.827,792.01,0.8273,216.0,0.8274,567.0
1753600410229,07:13:30.229,blofin,ADA/USDT:USDT,0.8271,789.0,0.827,2.01,0.8273,217.0,0.8274,567.0
1753600410903,07:13:30.903,blofin,ADA/USDT:USDT,0.8271,980.0,0.827,0.01,0.8274,601.0,0.8276,3764.0
1753600411467,07:13:31.467,blofin,ADA/USDT:USDT,0.8272,1040.0,0.8271,4.0,0.8274,572.0,0.8275,306.0
1753600412247,07:13:32.247,blofin,ADA/USDT:USDT,0.8272,706.0,0.827,3990.01,0.8274,572.0,0.8275,479.0
1753600412905,07:13:32.905,blofin,ADA/USDT:USDT,0.8273,333.0,0.8272,1.0,0.8274,572.0,0.8275,216.0
1753600413236,07:13:33.236,blofin,ADA/USDT:USDT,0.8273,333.0,0.8272,1.0,0.8274,567.0,0.8275,218.0
1753600414236,07:13:34.236,blofin,ADA/USDT:USDT,0.8273,347.0,0.8272,4274.0,0.8274,567.0,0.8275,274.0
1753600414909,07:13:34.909,blofin,ADA/USDT:USDT,0.8272,348.0,0.8271,1714.0,0.8274,567.0,0.8275,241.0
1753600416239,07:13:36.239,blofin,ADA/USDT:USDT,0.8272,368.0,0.827,0.01,0.8275,212.0,0.8276,369.0
1753600416910,07:13:36.910,blofin,ADA/USDT:USDT,0.8272,380.0,0.827,0.01,0.8275,213.0,0.8279,6570.0
1753600417243,07:13:37.243,blofin,ADA/USDT:USDT,0.8272,380.0,0.827,0.01,0.8275,217.0,0.8279,6570.0
1753600418244,07:13:38.244,blofin,ADA/USDT:USDT,0.8272,581.0,0.827,0.01,0.8275,162.0,0.8276,5643.0
1753600418939,07:13:38.939,blofin,ADA/USDT:USDT,0.8273,373.0,0.8272,520.0,0.8275,218.0,0.8279,2556.0
1753600419245,07:13:39.245,blofin,ADA/USDT:USDT,0.8273,373.0,0.8272,520.0,0.8275,216.0,0.8279,2556.0
1753600420246,07:13:40.246,blofin,ADA/USDT:USDT,0.8273,255.0,0.8272,5265.0,0.8275,313.0,0.828,2949.0
1753600420914,07:13:40.914,blofin,ADA/USDT:USDT,0.8273,259.0,0.8272,5263.0,0.8275,313.0,0.828,2949.0
1753600421749,07:13:41.749,blofin,ADA/USDT:USDT,0.8272,265.0,0.827,150.01,0.8275,282.0,0.8277,9020.0
1753600422251,07:13:42.251,blofin,ADA/USDT:USDT,0.8272,371.0,0.827,150.01,0.8275,217.0,0.8279,9963.0
1753600422914,07:13:42.914,blofin,ADA/USDT:USDT,0.8273,391.0,0.8272,1475.0,0.8275,44.0,0.828,6703.0
1753600423755,07:13:43.755,blofin,ADA/USDT:USDT,0.8273,394.0,0.8272,1470.0,0.8275,44.0,0.828,6703.0
1753600424251,07:13:44.251,blofin,ADA/USDT:USDT,0.8273,316.0,0.8272,2762.0,0.8275,256.0,0.828,8528.0
1753600425253,07:13:45.253,blofin,ADA/USDT:USDT,0.8273,3.0,0.8272,105.0,0.8275,686.0,0.8278,5973.0
1753600425927,07:13:45.927,blofin,ADA/USDT:USDT,0.8272,110.0,0.8271,4978.0,0.8275,685.0,0.8278,5973.0
1753600426254,07:13:46.254,blofin,ADA/USDT:USDT,0.8273,36.0,0.8272,7365.0,0.8275,720.0,0.8277,5195.0
1753600426919,07:13:46.919,blofin,ADA/USDT:USDT,0.8273,3.0,0.8272,38.0,0.8275,708.0,0.8278,1979.0
1753600427918,07:13:47.918,blofin,ADA/USDT:USDT,0.8273,33.0,0.8272,2669.0,0.8275,683.0,0.8276,3207.0
1753600428257,07:13:48.257,blofin,ADA/USDT:USDT,0.8273,33.0,0.8272,2669.0,0.8275,685.0,0.8276,3207.0
1753600429259,07:13:49.259,blofin,ADA/USDT:USDT,0.8273,33.0,0.8272,7.0,0.8275,719.0,0.8279,7618.0
1753600429920,07:13:49.920,blofin,ADA/USDT:USDT,0.8272,39.0,0.827,0.01,0.8275,706.0,0.8276,335.0
1753600430278,07:13:50.278,blofin,ADA/USDT:USDT,0.8272,39.0,0.827,0.01,0.8275,705.0,0.8276,335.0
1753600431262,07:13:51.262,blofin,ADA/USDT:USDT,0.8272,142.0,0.827,0.01,0.8275,591.0,0.828,5003.0
1753600431922,07:13:51.922,blofin,ADA/USDT:USDT,0.8272,218.0,0.827,0.01,0.8275,454.0,0.8276,8364.0
1753600432923,07:13:52.923,blofin,ADA/USDT:USDT,0.8272,248.0,0.827,5859.01,0.8275,454.0,0.8279,82.0
1753600433762,07:13:53.762,blofin,ADA/USDT:USDT,0.8272,248.0,0.827,5859.01,0.8275,455.0,0.8279,82.0
1753600434302,07:13:54.302,blofin,ADA/USDT:USDT,0.8273,484.0,0.8272,7.0,0.8275,218.0,0.8277,3465.0
1753600434926,07:13:54.926,blofin,ADA/USDT:USDT,0.8272,451.0,0.827,0.01,0.8275,221.0,0.8276,601.0
1753600435264,07:13:55.264,blofin,ADA/USDT:USDT,0.8272,451.0,0.827,0.01,0.8275,221.0,0.8276,601.0
1753600436268,07:13:56.268,blofin,ADA/USDT:USDT,0.8272,457.0,0.8271,2743.0,0.8275,220.0,0.828,4116.0
1753600436768,07:13:56.768,blofin,ADA/USDT:USDT,0.8272,457.0,0.8271,2743.0,0.8275,219.0,0.828,4116.0
1753600437272,07:13:57.272,blofin,ADA/USDT:USDT,0.8272,457.0,0.827,6581.01,0.8275,34.0,0.8277,6803.0
1753600437886,07:13:57.886,blofin,ADA/USDT:USDT,0.8274,1348.0,0.8273,6357.0,0.8275,5.0,0.8276,39.0
1753600438270,07:13:58.270,blofin,ADA/USDT:USDT,0.8274,908.0,0.8273,6404.0,0.8275,5.0,0.8277,271.0
1753600439271,07:13:59.271,blofin,ADA/USDT:USDT,0.8275,474.0,0.8274,4652.0,0.8278,521.0,0.8281,4756.0
1753600439928,07:13:59.928,blofin,ADA/USDT:USDT,0.8275,3.0,0.8274,459.0,0.8277,412.0,0.8278,5.0
1753600440773,07:14:00.773,blofin,ADA/USDT:USDT,0.8275,3.0,0.8274,459.0,0.8277,412.0,0.8278,5.0
1753600441273,07:14:01.273,blofin,ADA/USDT:USDT,0.8274,462.0,0.8272,5.0,0.8277,347.0,0.8281,185.0
1753600441929,07:14:01.929,blofin,ADA/USDT:USDT,0.8275,33.0,0.8274,4932.0,0.8277,521.0,0.8278,7156.0
1753600442930,07:14:02.930,blofin,ADA/USDT:USDT,0.8274,3.0,0.8272,274.0,0.8275,851.0,0.8276,3243.0
1753600443276,07:14:03.276,blofin,ADA/USDT:USDT,0.8274,3.0,0.8272,274.0,0.8275,855.0,0.8276,3243.0
1753600444934,07:14:04.934,blofin,ADA/USDT:USDT,0.8272,314.0,0.827,5961.0,0.8275,407.0,0.8277,5672.0
1753600445279,07:14:05.279,blofin,ADA/USDT:USDT,0.8272,314.0,0.827,5961.0,0.8275,406.0,0.8277,5672.0
1753600446280,07:14:06.280,blofin,ADA/USDT:USDT,0.8272,391.0,0.827,2294.0,0.8275,356.0,0.828,379.0
1753600446932,07:14:06.932,blofin,ADA/USDT:USDT,0.8272,325.0,0.8269,2358.0,0.8275,303.0,0.8279,4251.0
1753600447284,07:14:07.284,blofin,ADA/USDT:USDT,0.8272,325.0,0.8269,2358.0,0.8275,304.0,0.8279,4251.0
1753600447934,07:14:07.934,blofin,ADA/USDT:USDT,0.8272,345.0,0.8268,425.0,0.8275,350.0,0.828,7245.0
1753600448933,07:14:08.933,blofin,ADA/USDT:USDT,0.8273,103.0,0.8272,2567.0,0.8275,548.0,0.8277,6985.0
1753600449284,07:14:09.284,blofin,ADA/USDT:USDT,0.8273,107.0,0.8272,2566.0,0.8275,548.0,0.8277,6985.0
1753600450286,07:14:10.286,blofin,ADA/USDT:USDT,0.8273,4.0,0.8272,107.0,0.8275,624.0,0.8278,4986.0
1753600450786,07:14:10.786,blofin,ADA/USDT:USDT,0.8272,111.0,0.8268,3471.0,0.8275,624.0,0.8278,4986.0
1753600451288,07:14:11.288,blofin,ADA/USDT:USDT,0.8273,110.0,0.8272,3100.0,0.8275,714.0,0.8279,208.0
1753600451936,07:14:11.936,blofin,ADA/USDT:USDT,0.8273,115.0,0.8272,4.0,0.8275,615.0,0.8277,6794.0
1753600452289,07:14:12.289,blofin,ADA/USDT:USDT,0.8273,115.0,0.8272,4.0,0.8275,615.0,0.8277,6794.0
1753600453293,07:14:13.293,blofin,ADA/USDT:USDT,0.8273,1.0,0.8272,116.0,0.8275,600.0,0.8279,208.0
1753600453937,07:14:13.937,blofin,ADA/USDT:USDT,0.8272,119.0,0.8271,61.0,0.8275,705.0,0.8276,4037.0
1753600454292,07:14:14.292,blofin,ADA/USDT:USDT,0.8272,117.0,0.8271,61.0,0.8275,705.0,0.8276,4037.0
1753600455292,07:14:15.292,blofin,ADA/USDT:USDT,0.8272,117.0,0.8271,3057.0,0.8275,584.0,0.8278,4322.0
1753600455938,07:14:15.938,blofin,ADA/USDT:USDT,0.8272,118.0,0.8271,3057.0,0.8275,583.0,0.8278,4322.0
1753600456293,07:14:16.293,blofin,ADA/USDT:USDT,0.8272,118.0,0.8271,4692.0,0.8275,612.0,0.8276,4442.0
1753600457295,07:14:17.295,blofin,ADA/USDT:USDT,0.8273,498.0,0.8272,4391.0,0.8275,457.0,0.828,4258.0
1753600457942,07:14:17.942,blofin,ADA/USDT:USDT,0.8273,498.0,0.8272,4656.0,0.8275,463.0,0.8276,1536.0
1753600458297,07:14:18.297,blofin,ADA/USDT:USDT,0.8273,499.0,0.8272,4656.0,0.8275,463.0,0.8276,1536.0
1753600458941,07:14:18.941,blofin,ADA/USDT:USDT,0.8273,510.0,0.8272,6083.0,0.8275,6.0,0.8276,390.0
1753600459799,07:14:19.799,blofin,ADA/USDT:USDT,0.8273,510.0,0.8272,6083.0,0.8275,2.0,0.8276,395.0
1753600460302,07:14:20.302,blofin,ADA/USDT:USDT,0.8272,116.0,0.8269,67.0,0.8275,722.0,0.8276,5.0
1753600460943,07:14:20.943,blofin,ADA/USDT:USDT,0.8272,114.0,0.8269,67.0,0.8275,727.0,0.8277,530.0
1753600461303,07:14:21.303,blofin,ADA/USDT:USDT,0.8272,114.0,0.8268,6532.0,0.8275,726.0,0.8277,3472.0
1753600462302,07:14:22.302,blofin,ADA/USDT:USDT,0.8272,455.0,0.8271,343.0,0.8275,217.0,0.8279,1425.0
1753600462944,07:14:22.944,blofin,ADA/USDT:USDT,0.8272,402.0,0.8269,3790.0,0.8275,523.0,0.8278,8656.0
1753600463806,07:14:23.806,blofin,ADA/USDT:USDT,0.8272,402.0,0.8269,3790.0,0.8275,520.0,0.8278,8656.0
1753600464307,07:14:24.307,blofin,ADA/USDT:USDT,0.8273,395.0,0.8272,4912.0,0.8275,494.0,0.8276,2699.0
1753600464946,07:14:24.946,blofin,ADA/USDT:USDT,0.8272,467.0,0.8271,3672.0,0.8275,493.0,0.8276,9488.0
1753600465950,07:14:25.950,blofin,ADA/USDT:USDT,0.8272,471.0,0.8271,3672.0,0.8275,496.0,0.8276,9488.0
1753600466311,07:14:26.311,blofin,ADA/USDT:USDT,0.8272,243.0,0.8267,3182.0,0.8275,499.0,0.8278,1273.0
1753600467315,07:14:27.315,blofin,ADA/USDT:USDT,0.8272,49.0,0.8271,2437.0,0.8274,962.0,0.8275,6.0
1753600467947,07:14:27.947,blofin,ADA/USDT:USDT,0.8272,5.0,0.827,93.0,0.8273,1285.0,0.8275,6.0
1753600468817,07:14:28.817,blofin,ADA/USDT:USDT,0.8272,4.0,0.827,95.0,0.8273,1290.0,0.8275,2.0
1753600469317,07:14:29.317,blofin,ADA/USDT:USDT,0.8272,4.0,0.827,364.0,0.8273,834.0,0.8275,2.0
1753600469947,07:14:29.947,blofin,ADA/USDT:USDT,0.8272,4.0,0.827,434.0,0.8273,193.0,0.8275,2.0
1753600470948,07:14:30.948,blofin,ADA/USDT:USDT,0.8268,125.0,0.8267,473.0,0.8271,656.0,0.8273,8062.0
1753600471320,07:14:31.320,blofin,ADA/USDT:USDT,0.8269,354.0,0.8268,6954.0,0.8271,409.0,0.8275,138.0
1753600471949,07:14:31.949,blofin,ADA/USDT:USDT,0.8269,306.0,0.8267,473.0,0.8271,446.0,0.8275,138.0
1753600472822,07:14:32.822,blofin,ADA/USDT:USDT,0.8269,303.0,0.8267,473.0,0.8271,445.0,0.8275,138.0
1753600473323,07:14:33.323,blofin,ADA/USDT:USDT,0.8269,2.0,0.8268,308.0,0.8271,266.0,0.8274,6877.0
1753600473950,07:14:33.950,blofin,ADA/USDT:USDT,0.8269,2.0,0.8268,430.0,0.8271,134.0,0.8274,2895.0
1753600474325,07:14:34.325,blofin,ADA/USDT:USDT,0.8269,2.0,0.8268,430.0,0.8271,134.0,0.8274,2895.0
1753600474951,07:14:34.951,blofin,ADA/USDT:USDT,0.8269,2.0,0.8268,256.0,0.8271,244.0,0.8275,3075.0
1753600475828,07:14:35.828,blofin,ADA/USDT:USDT,0.8268,260.0,0.8267,473.0,0.8271,245.0,0.8275,3075.0
1753600476327,07:14:36.327,blofin,ADA/USDT:USDT,0.8268,459.0,0.8264,3929.0,0.8271,192.0,0.8273,2197.0
1753600476951,07:14:36.951,blofin,ADA/USDT:USDT,0.8268,467.0,0.8265,2120.0,0.8271,147.0,0.8274,4672.0
1753600477830,07:14:37.830,blofin,ADA/USDT:USDT,0.8268,467.0,0.8265,2120.0,0.8271,147.0,0.8274,4672.0
1753600478330,07:14:38.330,blofin,ADA/USDT:USDT,0.8268,505.0,0.8264,3243.0,0.8271,157.0,0.8276,1875.0
1753600478953,07:14:38.953,blofin,ADA/USDT:USDT,0.8269,495.0,0.8268,1153.0,0.8271,147.0,0.8272,7000.0
1753600479830,07:14:39.830,blofin,ADA/USDT:USDT,0.8269,500.0,0.8268,1152.0,0.8271,147.0,0.8272,7000.0
1753600480332,07:14:40.332,blofin,ADA/USDT:USDT,0.8269,522.0,0.8268,4.0,0.8271,5.0,0.8272,139.0
1753600480955,07:14:40.955,blofin,ADA/USDT:USDT,0.8269,519.0,0.8268,4.0,0.8271,2.0,0.8272,141.0
1753600481832,07:14:41.832,blofin,ADA/USDT:USDT,0.827,1112.0,0.8269,2.0,0.8271,2.0,0.8272,190.0
1753600482334,07:14:42.334,blofin,ADA/USDT:USDT,0.827,426.0,0.8269,3175.0,0.8271,2.0,0.8272,457.0
1753600482954,07:14:42.954,blofin,ADA/USDT:USDT,0.827,5.0,0.8269,579.0,0.8271,2.0,0.8272,427.0
1753600483495,07:14:43.495,blofin,ADA/USDT:USDT,0.8269,1.0,0.8268,4.0,0.827,642.0,0.8271,2.0
1753600484336,07:14:44.336,blofin,ADA/USDT:USDT,0.8268,4.0,0.8267,276.0,0.827,628.0,0.8271,2.0
1753600484955,07:14:44.955,blofin,ADA/USDT:USDT,0.8268,4.0,0.8267,24.0,0.8269,1203.0,0.827,4.0
1753600485338,07:14:45.338,blofin,ADA/USDT:USDT,0.8268,4.0,0.8267,22.0,0.8269,1203.0,0.827,4.0
1753600486340,07:14:46.340,blofin,ADA/USDT:USDT,0.8268,4.0,0.8267,23.0,0.8269,1336.0,0.8271,2.0
1753600487341,07:14:47.341,blofin,ADA/USDT:USDT,0.8266,364.0,0.8265,7474.0,0.8268,968.0,0.8269,6744.0
1753600488343,07:14:48.343,blofin,ADA/USDT:USDT,0.8266,405.0,0.8265,4190.0,0.8268,570.0,0.8271,6343.0
1753600488959,07:14:48.959,blofin,ADA/USDT:USDT,0.8266,380.0,0.8265,983.0,0.8268,140.0,0.8269,4591.0
1753600489343,07:14:49.343,blofin,ADA/USDT:USDT,0.8266,380.0,0.8265,983.0,0.8268,142.0,0.8269,4591.0
1753600489959,07:14:49.959,blofin,ADA/USDT:USDT,0.8266,295.0,0.8261,7933.0,0.8268,479.0,0.8271,2.0
1753600490847,07:14:50.847,blofin,ADA/USDT:USDT,0.8266,295.0,0.8261,7933.0,0.8268,477.0,0.8271,2.0
1753600491345,07:14:51.345,blofin,ADA/USDT:USDT,0.8266,4.0,0.8265,292.0,0.8268,503.0,0.8269,10.0
1753600491964,07:14:51.964,blofin,ADA/USDT:USDT,0.8266,319.0,0.8261,2769.0,0.8268,488.0,0.8269,10.0
1753600492849,07:14:52.849,blofin,ADA/USDT:USDT,0.8266,319.0,0.8261,2769.0,0.8268,487.0,0.8269,10.0
1753600493347,07:14:53.347,blofin,ADA/USDT:USDT,0.8266,4.0,0.8265,297.0,0.8268,480.0,0.8269,9064.0
1753600493967,07:14:53.967,blofin,ADA/USDT:USDT,0.8266,488.0,0.8265,2321.0,0.8268,65.0,0.8269,10.0
1753600494355,07:14:54.355,blofin,ADA/USDT:USDT,0.8266,491.0,0.8265,2317.0,0.8268,65.0,0.8269,10.0
1753600494968,07:14:54.968,blofin,ADA/USDT:USDT,0.8266,3.0,0.8265,508.0,0.8268,12.0,0.8269,10.0
1753600495853,07:14:55.853,blofin,ADA/USDT:USDT,0.8265,512.0,0.8264,2231.0,0.8267,15.0,0.8269,10.0
1753600496354,07:14:56.354,blofin,ADA/USDT:USDT,0.8263,14.0,0.8261,258.0,0.8266,504.0,0.8267,1.0
1753600496977,07:14:56.977,blofin,ADA/USDT:USDT,0.8263,474.0,0.8261,258.0,0.8266,1226.0,0.827,2215.89
1753600497856,07:14:57.856,blofin,ADA/USDT:USDT,0.8263,474.0,0.826,400.01,0.8266,1226.0,0.827,2215.89
1753600498346,07:14:58.346,blofin,ADA/USDT:USDT,0.8264,499.0,0.8263,1.0,0.8266,840.0,0.8269,11161.0
1753600498964,07:14:58.964,blofin,ADA/USDT:USDT,0.8264,273.0,0.8263,1.0,0.8267,514.0,0.827,32.89
1753600499859,07:14:59.859,blofin,ADA/USDT:USDT,0.8264,273.0,0.8263,1.0,0.8267,517.0,0.827,32.89
1753600500414,07:15:00.414,blofin,ADA/USDT:USDT,0.8266,542.0,0.8265,797.0,0.8267,1.0,0.8268,45.0
1753600500966,07:15:00.966,blofin,ADA/USDT:USDT,0.8266,547.0,0.8265,797.0,0.8268,48.0,0.827,32.89
1753600501965,07:15:01.965,blofin,ADA/USDT:USDT,0.8266,116.0,0.8265,2955.0,0.8268,713.0,0.827,32.89
1753600502445,07:15:02.445,blofin,ADA/USDT:USDT,0.8264,7.0,0.8263,4038.0,0.8266,714.0,0.8268,4.0
1753600502970,07:15:02.970,blofin,ADA/USDT:USDT,0.8264,3.0,0.8263,471.0,0.8266,1284.0,0.8268,4.0
1753600503864,07:15:03.864,blofin,ADA/USDT:USDT,0.8263,475.0,0.826,400.01,0.8266,1285.0,0.827,32.89
1753600504365,07:15:04.365,blofin,ADA/USDT:USDT,0.8265,762.0,0.8264,7992.0,0.8268,284.0,0.8269,3709.0
1753600504969,07:15:04.969,blofin,ADA/USDT:USDT,0.8267,736.0,0.8264,3664.0,0.8268,5.0,0.8269,152.0
1753600505868,07:15:05.868,blofin,ADA/USDT:USDT,0.8267,737.0,0.8264,3664.0,0.8269,157.0,0.827,32.89
1753600506367,07:15:06.367,blofin,ADA/USDT:USDT,0.8267,5.0,0.8266,422.0,0.8269,31.0,0.827,32.89
1753600506971,07:15:06.971,blofin,ADA/USDT:USDT,0.8267,5.0,0.8266,421.0,0.8269,31.0,0.827,8470.89
1753600507973,07:15:07.973,blofin,ADA/USDT:USDT,0.8267,5.0,0.8266,371.0,0.8269,248.0,0.827,32.89
1753600508372,07:15:08.372,blofin,ADA/USDT:USDT,0.8267,5.0,0.8266,371.0,0.8269,245.0,0.827,32.89
1753600508974,07:15:08.974,blofin,ADA/USDT:USDT,0.8267,5.0,0.8266,616.0,0.8269,69.0,0.827,5493.89
1753600509974,07:15:09.974,blofin,ADA/USDT:USDT,0.8267,5.0,0.8266,5.0,0.8268,1239.0,0.8269,10.0
1753600510376,07:15:10.376,blofin,ADA/USDT:USDT,0.8267,5.0,0.8265,11.0,0.8268,1239.0,0.8269,10.0
1753600510975,07:15:10.975,blofin,ADA/USDT:USDT,0.8267,5.0,0.8265,11.0,0.8268,1242.0,0.8269,5.0
1753600511879,07:15:11.879,blofin,ADA/USDT:USDT,0.8264,327.0,0.8261,699.0,0.8267,1417.0,0.8268,3.0
1753600512379,07:15:12.379,blofin,ADA/USDT:USDT,0.8264,801.0,0.826,0.01,0.8267,78.0,0.8268,5365.0
1753600512976,07:15:12.976,blofin,ADA/USDT:USDT,0.8265,220.0,0.8264,2417.0,0.8267,316.0,0.8269,5.0
1753600513883,07:15:13.883,blofin,ADA/USDT:USDT,0.8265,225.0,0.8264,2413.0,0.8267,317.0,0.8269,5.0
1753600514461,07:15:14.461,blofin,ADA/USDT:USDT,0.8265,5.0,0.8264,403.0,0.8267,243.0,0.8269,5.0
1753600514977,07:15:14.977,blofin,ADA/USDT:USDT,0.8265,55.0,0.8264,2891.0,0.8267,3.0,0.8268,642.0
1753600515386,07:15:15.386,blofin,ADA/USDT:USDT,0.8265,55.0,0.8264,2891.0,0.8268,644.0,0.8269,5.0
1753600516386,07:15:16.386,blofin,ADA/USDT:USDT,0.8265,5.0,0.8264,6.0,0.8267,847.0,0.8269,12041.0
1753600516979,07:15:16.979,blofin,ADA/USDT:USDT,0.8264,21.0,0.826,1565.01,0.8267,824.0,0.8269,5.0
1753600517449,07:15:17.449,blofin,ADA/USDT:USDT,0.8264,5.0,0.8263,16.0,0.8266,847.0,0.8267,1533.0
1753600517979,07:15:17.979,blofin,ADA/USDT:USDT,0.8264,636.0,0.8261,5765.0,0.8266,73.0,0.8269,8034.0
1753600518891,07:15:18.891,blofin,ADA/USDT:USDT,0.8264,634.0,0.8261,5765.0,0.8266,73.0,0.8269,8034.0
1753600519389,07:15:19.389,blofin,ADA/USDT:USDT,0.8264,3.0,0.8263,583.0,0.8266,192.0,0.8268,897.0
1753600519982,07:15:19.982,blofin,ADA/USDT:USDT,0.8264,580.0,0.8263,4005.0,0.8266,2.0,0.8267,384.0
1753600520894,07:15:20.894,blofin,ADA/USDT:USDT,0.8264,584.0,0.8263,4000.0,0.8266,2.0,0.8267,384.0
1753600521393,07:15:21.393,blofin,ADA/USDT:USDT,0.8264,409.0,0.8263,831.0,0.8267,737.0,0.8269,5.0
1753600521983,07:15:21.983,blofin,ADA/USDT:USDT,0.8262,428.0,0.826,143.01,0.8265,1071.0,0.8266,2899.0
1753600522396,07:15:22.396,blofin,ADA/USDT:USDT,0.8262,428.0,0.826,143.01,0.8265,1071.0,0.8266,2899.0
1753600523397,07:15:23.397,blofin,ADA/USDT:USDT,0.8263,148.0,0.826,143.01,0.8265,1058.0,0.8269,5.0
1753600523986,07:15:23.986,blofin,ADA/USDT:USDT,0.8263,2.0,0.8261,1366.0,0.8264,1127.0,0.8268,9012.0
1753600524398,07:15:24.398,blofin,ADA/USDT:USDT,0.8263,2.0,0.8261,1366.0,0.8264,1129.0,0.8268,9012.0
1753600524985,07:15:24.985,blofin,ADA/USDT:USDT,0.8263,2.0,0.8261,1366.0,0.8264,589.0,0.8265,5452.0
1753600525402,07:15:25.402,blofin,ADA/USDT:USDT,0.8263,2.0,0.8261,1366.0,0.8264,587.0,0.8265,5452.0
1753600526405,07:15:26.405,blofin,ADA/USDT:USDT,0.826,0.01,0.8259,1122.0,0.8262,583.0,0.8264,5867.0
1753600526989,07:15:26.989,blofin,ADA/USDT:USDT,0.826,0.01,0.8259,937.0,0.8262,737.0,0.8266,1059.0
1753600527407,07:15:27.407,blofin,ADA/USDT:USDT,0.826,0.01,0.8259,1128.0,0.8261,917.0,0.8262,4.0
1753600528410,07:15:28.410,blofin,ADA/USDT:USDT,0.826,0.01,0.8259,1128.0,0.8261,1190.0,0.8262,4.0
1753600528911,07:15:28.911,blofin,ADA/USDT:USDT,0.826,0.01,0.8259,1127.0,0.8261,1190.0,0.8262,4.0
1753600529386,07:15:29.386,blofin,ADA/USDT:USDT,0.826,0.01,0.8259,936.0,0.8262,4.0,0.8265,916.0
1753600529988,07:15:29.988,blofin,ADA/USDT:USDT,0.826,0.01,0.8259,934.0,0.8264,8348.0,0.8265,185.0
1753600530487,07:15:30.487,blofin,ADA/USDT:USDT,0.826,0.01,0.8259,936.0,0.8264,8348.0,0.8267,653.0
1753600531228,07:15:31.228,blofin,ADA/USDT:USDT,0.826,0.01,0.8259,936.0,0.8261,364.0,0.8264,2716.0
1753600531990,07:15:31.990,blofin,ADA/USDT:USDT,0.826,238.01,0.8259,7148.0,0.8261,1.0,0.8262,190.0
1753600532587,07:15:32.587,blofin,ADA/USDT:USDT,0.826,242.01,0.8259,7149.0,0.8261,1.0,0.8262,190.0
1753600532992,07:15:32.992,blofin,ADA/USDT:USDT,0.826,4.01,0.8259,1548.0,0.8261,1.0,0.8262,242.0
1753600533417,07:15:33.417,blofin,ADA/USDT:USDT,0.826,4.01,0.8259,1548.0,0.8262,246.0,0.8264,2027.0
1753600534420,07:15:34.420,blofin,ADA/USDT:USDT,0.826,320.01,0.8259,941.0,0.8262,424.0,0.8265,25.0
1753600535004,07:15:35.004,blofin,ADA/USDT:USDT,0.826,0.01,0.8259,939.0,0.8262,2032.0,0.8265,25.0
1753600535809,07:15:35.809,blofin,ADA/USDT:USDT,0.8257,1.0,0.8255,881.0,0.8258,268.0,0.826,1691.0
1753600536508,07:15:36.508,blofin,ADA/USDT:USDT,0.8257,512.0,0.8256,3.0,0.8259,4.0,0.826,57.0
1753600536992,07:15:36.992,blofin,ADA/USDT:USDT,0.8257,435.0,0.8256,3.0,0.8259,4.0,0.826,548.0
1753600537992,07:15:37.992,blofin,ADA/USDT:USDT,0.8258,325.0,0.8257,1654.0,0.8259,2.0,0.826,601.0
1753600538425,07:15:38.425,blofin,ADA/USDT:USDT,0.8258,325.0,0.8257,1654.0,0.8259,2.0,0.826,598.0
1753600539428,07:15:39.428,blofin,ADA/USDT:USDT,0.8257,419.0,0.8256,3.0,0.8259,2.0,0.826,132.0
1753600539994,07:15:39.994,blofin,ADA/USDT:USDT,0.8257,342.0,0.8256,3.0,0.8259,2.0,0.826,303.0
1753600540432,07:15:40.432,blofin,ADA/USDT:USDT,0.8257,342.0,0.8256,3.0,0.8259,2.0,0.826,306.0
1753600540998,07:15:40.998,blofin,ADA/USDT:USDT,0.8257,346.0,0.8254,5012.0,0.8259,2.0,0.826,304.0
1753600541996,07:15:41.996,blofin,ADA/USDT:USDT,0.8257,5.0,0.8255,1.0,0.8258,707.0,0.8259,2.0
1753600542437,07:15:42.437,blofin,ADA/USDT:USDT,0.8257,5.0,0.8255,3.0,0.8258,707.0,0.8259,2.0
1753600542997,07:15:42.997,blofin,ADA/USDT:USDT,0.8257,5.0,0.8255,188.0,0.8258,694.0,0.8259,8587.0
1753600543935,07:15:43.935,blofin,ADA/USDT:USDT,0.8257,5.0,0.8255,190.0,0.8258,698.0,0.8259,8587.0
1753600544436,07:15:44.436,blofin,ADA/USDT:USDT,0.8257,5.0,0.8256,179.0,0.8258,591.0,0.8259,2.0
1753600545000,07:15:45.000,blofin,ADA/USDT:USDT,0.8257,5.0,0.8256,2.0,0.8258,253.0,0.8259,2.0
1753600545437,07:15:45.437,blofin,ADA/USDT:USDT,0.8257,5.0,0.8255,378.0,0.8258,253.0,0.8259,2.0
1753600545999,07:15:45.999,blofin,ADA/USDT:USDT,0.8257,5.0,0.8255,378.0,0.8258,256.0,0.8259,367.0
1753600546438,07:15:46.438,blofin,ADA/USDT:USDT,0.8257,5.0,0.8255,214.0,0.8258,492.0,0.8259,367.0
1753600546997,07:15:46.997,blofin,ADA/USDT:USDT,0.8257,5.0,0.8255,565.0,0.8258,184.0,0.8259,367.0
1753600547438,07:15:47.438,blofin,ADA/USDT:USDT,0.8257,5.0,0.8255,565.0,0.8258,184.0,0.8259,367.0
1753600547999,07:15:47.999,blofin,ADA/USDT:USDT,0.8257,5.0,0.8256,175.0,0.8258,307.0,0.8259,367.0
1753600548942,07:15:48.942,blofin,ADA/USDT:USDT,0.8257,5.0,0.8256,175.0,0.8258,308.0,0.8259,367.0
1753600549441,07:15:49.441,blofin,ADA/USDT:USDT,0.8257,5.0,0.8255,724.0,0.8258,87.0,0.8259,367.0
1753600550001,07:15:50.001,blofin,ADA/USDT:USDT,0.8257,5.0,0.8256,390.0,0.8258,1.0,0.8259,622.0
1753600550443,07:15:50.443,blofin,ADA/USDT:USDT,0.8257,5.0,0.8256,390.0,0.8258,1.0,0.8259,622.0
1753600551443,07:15:51.443,blofin,ADA/USDT:USDT,0.8257,5.0,0.8255,706.0,0.8258,96.0,0.8259,5.0
1753600552003,07:15:52.003,blofin,ADA/USDT:USDT,0.8257,5.0,0.8255,694.0,0.8258,95.0,0.8259,5.0
1753600552445,07:15:52.445,blofin,ADA/USDT:USDT,0.8257,5.0,0.8255,693.0,0.8258,95.0,0.8259,5.0
1753600553008,07:15:53.008,blofin,ADA/USDT:USDT,0.8258,986.0,0.8257,9.0,0.8259,5.0,0.8261,3.0
1753600553445,07:15:53.445,blofin,ADA/USDT:USDT,0.8258,986.0,0.8257,9.0,0.8259,5.0,0.8261,3.0
1753600554445,07:15:54.445,blofin,ADA/USDT:USDT,0.8259,452.0,0.8258,2628.0,0.8261,4.0,0.8262,382.0
1753600555006,07:15:55.006,blofin,ADA/USDT:USDT,0.8259,5.0,0.8258,187.0,0.8261,532.0,0.8262,3.0
1753600556448,07:15:56.448,blofin,ADA/USDT:USDT,0.826,731.0,0.8259,6912.0,0.8263,158.0,0.8266,7217.0
1753600557007,07:15:57.007,blofin,ADA/USDT:USDT,0.826,765.0,0.8257,5.0,0.8262,78.0,0.8263,5.0
1753600557448,07:15:57.448,blofin,ADA/USDT:USDT,0.826,765.0,0.8257,5.0,0.8262,81.0,0.8267,4504.0
1753600558007,07:15:58.007,blofin,ADA/USDT:USDT,0.826,1018.0,0.8259,3608.0,0.8262,13.0,0.8264,2073.0
1753600559008,07:15:59.008,blofin,ADA/USDT:USDT,0.8261,1120.0,0.826,4241.0,0.8263,1.0,0.8264,348.0
1753600559450,07:15:59.450,blofin,ADA/USDT:USDT,0.8261,1159.0,0.8257,5462.0,0.8263,1.0,0.8264,54.0
1753600560010,07:16:00.010,blofin,ADA/USDT:USDT,0.8261,63.0,0.8258,6078.0,0.8264,722.0,0.8267,6482.0
1753600560452,07:16:00.452,blofin,ADA/USDT:USDT,0.8261,63.0,0.8258,6078.0,0.8264,722.0,0.8267,6482.0
1753600561454,07:16:01.454,blofin,ADA/USDT:USDT,0.8261,61.0,0.8257,5.0,0.8264,747.0,0.8266,4777.0
1753600562012,07:16:02.012,blofin,ADA/USDT:USDT,0.8261,224.0,0.8259,1698.0,0.8264,415.0,0.8267,185.0
1753600562456,07:16:02.456,blofin,ADA/USDT:USDT,0.8261,226.0,0.8259,1698.0,0.8264,415.0,0.8267,185.0
1753600563014,07:16:03.014,blofin,ADA/USDT:USDT,0.8261,70.0,0.8257,6274.0,0.8264,604.0,0.8265,1554.0
1753600564013,07:16:04.013,blofin,ADA/USDT:USDT,0.8261,5.0,0.826,65.0,0.8263,1433.0,0.8264,5.0
1753600564458,07:16:04.458,blofin,ADA/USDT:USDT,0.8261,5.0,0.826,65.0,0.8263,1435.0,0.8265,165.0
1753600565015,07:16:05.015,blofin,ADA/USDT:USDT,0.8261,5.0,0.826,186.0,0.8263,1446.0,0.8265,165.0
1753600565421,07:16:05.421,blofin,ADA/USDT:USDT,0.8261,5.0,0.8259,186.0,0.8262,1453.0,0.8263,2.0
1753600566463,07:16:06.463,blofin,ADA/USDT:USDT,0.8259,435.0,0.8258,2379.0,0.8262,341.0,0.8265,77.0
1753600567016,07:16:07.016,blofin,ADA/USDT:USDT,0.8259,435.0,0.8254,4686.0,0.8262,339.0,0.8265,5099.0
1753600567462,07:16:07.462,blofin,ADA/USDT:USDT,0.8259,435.0,0.8254,4686.0,0.8262,339.0,0.8265,5099.0
1753600568016,07:16:08.016,blofin,ADA/USDT:USDT,0.826,611.0,0.8259,1545.0,0.8262,5.0,0.8263,33.0
1753600568964,07:16:08.964,blofin,ADA/USDT:USDT,0.826,615.0,0.8259,1543.0,0.8262,5.0,0.8263,33.0
1753600569465,07:16:09.465,blofin,ADA/USDT:USDT,0.8259,721.0,0.8258,6686.0,0.8262,54.0,0.8264,4022.0
1753600570017,07:16:10.017,blofin,ADA/USDT:USDT,0.826,717.0,0.8259,5023.0,0.8262,59.0,0.8266,269.0
1753600570471,07:16:10.471,blofin,ADA/USDT:USDT,0.826,722.0,0.8259,5020.0,0.8262,59.0,0.8266,269.0
1753600571469,07:16:11.469,blofin,ADA/USDT:USDT,0.826,729.0,0.8259,5.0,0.8262,51.0,0.8266,7793.0
1753600572019,07:16:12.019,blofin,ADA/USDT:USDT,0.826,488.0,0.8259,5.0,0.8262,306.0,0.8267,3505.0
1753600572970,07:16:12.970,blofin,ADA/USDT:USDT,0.826,488.0,0.8259,5.0,0.8262,310.0,0.8267,3505.0
1753600573747,07:16:13.747,blofin,ADA/USDT:USDT,0.8262,768.0,0.826,2.0,0.8264,218.0,0.8268,189.0
1753600574471,07:16:14.471,blofin,ADA/USDT:USDT,0.8262,845.0,0.8261,4744.0,0.8265,3.0,0.8267,7113.0
1753600575025,07:16:15.025,blofin,ADA/USDT:USDT,0.8262,786.0,0.8259,5.0,0.8265,354.0,0.827,2108.89
1753600575472,07:16:15.472,blofin,ADA/USDT:USDT,0.8262,786.0,0.8259,5.0,0.8265,355.0,0.827,2108.89
1753600576472,07:16:16.472,blofin,ADA/USDT:USDT,0.8262,133.0,0.8261,1940.0,0.8265,748.0,0.827,8220.89
1753600577025,07:16:17.025,blofin,ADA/USDT:USDT,0.8262,2.0,0.8261,8135.0,0.8264,4.0,0.8265,1512.0
1753600577472,07:16:17.472,blofin,ADA/USDT:USDT,0.8262,2.0,0.8261,8135.0,0.8264,4.0,0.8265,1512.0
1753600578028,07:16:18.028,blofin,ADA/USDT:USDT,0.8262,181.0,0.8261,5377.0,0.8264,1390.0,0.8266,6945.0
1753600578489,07:16:18.489,blofin,ADA/USDT:USDT,0.8262,183.0,0.8261,5377.0,0.8264,1390.0,0.8266,6945.0
1753600579477,07:16:19.477,blofin,ADA/USDT:USDT,0.8262,63.0,0.8261,5156.0,0.8264,1352.0,0.8269,8468.0
1753600580037,07:16:20.037,blofin,ADA/USDT:USDT,0.8262,509.0,0.8261,3435.0,0.8264,199.0,0.8267,9132.0
1753600580487,07:16:20.487,blofin,ADA/USDT:USDT,0.8262,509.0,0.8261,3435.0,0.8264,199.0,0.8267,9132.0
1753600581037,07:16:21.037,blofin,ADA/USDT:USDT,0.8262,290.0,0.826,4258.0,0.8264,185.0,0.8269,955.0
1753600581479,07:16:21.479,blofin,ADA/USDT:USDT,0.8262,290.0,0.826,4258.0,0.8264,184.0,0.8269,955.0
1753600582481,07:16:22.481,blofin,ADA/USDT:USDT,0.8262,3.0,0.8261,524.0,0.8264,182.0,0.8265,5888.0
1753600582983,07:16:22.983,blofin,ADA/USDT:USDT,0.8261,529.0,0.8259,5.0,0.8264,182.0,0.8265,5888.0
1753600583482,07:16:23.482,blofin,ADA/USDT:USDT,0.8262,524.0,0.8261,5.0,0.8264,23.0,0.8269,2191.0
1753600583982,07:16:23.982,blofin,ADA/USDT:USDT,0.8262,524.0,0.8261,5.0,0.8264,25.0,0.8269,2191.0
1753600584985,07:16:24.985,blofin,ADA/USDT:USDT,0.8261,298.0,0.8259,5.0,0.8264,160.0,0.8265,1100.0
1753600585485,07:16:25.485,blofin,ADA/USDT:USDT,0.8261,505.0,0.8259,5.0,0.8264,153.0,0.8267,1819.0
1753600586044,07:16:26.044,blofin,ADA/USDT:USDT,0.8261,502.0,0.8259,5.0,0.8264,149.0,0.8267,1819.0
1753600586485,07:16:26.485,blofin,ADA/USDT:USDT,0.8262,506.0,0.8259,5.0,0.8264,199.0,0.8268,6695.0
1753600586987,07:16:26.987,blofin,ADA/USDT:USDT,0.8262,506.0,0.8259,5.0,0.8264,199.0,0.8268,6695.0
1753600587486,07:16:27.486,blofin,ADA/USDT:USDT,0.8262,4.0,0.8261,312.0,0.8264,168.0,0.8267,7252.0
1753600588487,07:16:28.487,blofin,ADA/USDT:USDT,0.8262,504.0,0.8261,8459.0,0.8264,1.0,0.8265,39.0
1753600588989,07:16:28.989,blofin,ADA/USDT:USDT,0.8262,504.0,0.8261,8459.0,0.8265,40.0,0.8269,5243.0
1753600589489,07:16:29.489,blofin,ADA/USDT:USDT,0.8262,504.0,0.8259,3762.0,0.8264,165.0,0.8267,1675.0
1753600591047,07:16:31.047,blofin,ADA/USDT:USDT,0.8262,1128.0,0.8261,636.0,0.8265,26.0,0.8269,1138.0
1753600591492,07:16:31.492,blofin,ADA/USDT:USDT,0.8262,1128.0,0.8261,636.0,0.8265,24.0,0.8269,1138.0
1753600592159,07:16:32.159,blofin,ADA/USDT:USDT,0.8263,1155.0,0.8262,3.0,0.8265,3.0,0.8266,21.0
1753600592496,07:16:32.496,blofin,ADA/USDT:USDT,0.8263,1155.0,0.8262,3.0,0.8266,24.0,0.8269,1482.0
1753600593497,07:16:33.497,blofin,ADA/USDT:USDT,0.8263,1062.0,0.8261,8622.0,0.8266,12.0,0.827,3833.89
1753600593997,07:16:33.997,blofin,ADA/USDT:USDT,0.8263,1062.0,0.8261,8622.0,0.8266,13.0,0.827,3833.89
1753600594498,07:16:34.498,blofin,ADA/USDT:USDT,0.8264,425.0,0.8263,3.0,0.8266,489.0,0.827,2656.89
1753600595501,07:16:35.501,blofin,ADA/USDT:USDT,0.8263,93.0,0.8259,4442.0,0.8266,655.0,0.827,978.89
1753600596158,07:16:36.158,blofin,ADA/USDT:USDT,0.8263,6.0,0.8262,32.0,0.8264,696.0,0.8266,5.0
1753600596459,07:16:36.459,blofin,ADA/USDT:USDT,0.8262,32.0,0.8259,7712.0,0.8263,859.0,0.8266,5.0
1753600598004,07:16:38.004,blofin,ADA/USDT:USDT,0.826,193.0,0.8259,1216.0,0.8263,1608.0,0.8265,2184.0
1753600598505,07:16:38.505,blofin,ADA/USDT:USDT,0.826,72.0,0.8255,6766.0,0.8263,856.0,0.8266,2.0
1753600599506,07:16:39.506,blofin,ADA/USDT:USDT,0.826,73.0,0.8255,1777.0,0.8263,475.0,0.8266,7034.0
1753600600507,07:16:40.507,blofin,ADA/USDT:USDT,0.826,76.0,0.8258,8745.0,0.8263,471.0,0.8266,2.0
1753600601007,07:16:41.007,blofin,ADA/USDT:USDT,0.826,75.0,0.8258,8745.0,0.8263,471.0,0.8266,2.0
1753600602011,07:16:42.011,blofin,ADA/USDT:USDT,0.8261,351.0,0.826,1309.0,0.8263,1.0,0.8264,289.0
1753600602511,07:16:42.511,blofin,ADA/USDT:USDT,0.826,372.0,0.8258,6870.0,0.8263,9.0,0.8264,5549.0
1753600604013,07:16:44.013,blofin,ADA/USDT:USDT,0.826,380.0,0.8258,4539.0,0.8263,6.7,0.8266,7113.0
1753600604515,07:16:44.515,blofin,ADA/USDT:USDT,0.826,386.0,0.8255,2937.0,0.8263,10.0,0.8264,6971.0
1753600605015,07:16:45.015,blofin,ADA/USDT:USDT,0.826,386.0,0.8255,2937.0,0.8263,14.0,0.8264,6971.0
1753600605516,07:16:45.516,blofin,ADA/USDT:USDT,0.826,413.0,0.8256,8417.0,0.8263,27.0,0.8265,1112.0
1753600606518,07:16:46.518,blofin,ADA/USDT:USDT,0.8261,378.0,0.826,2.0,0.8263,29.0,0.8265,7939.0
1753600607018,07:16:47.018,blofin,ADA/USDT:USDT,0.8261,379.0,0.8257,7795.0,0.8263,29.0,0.8265,7939.0
1753600607519,07:16:47.519,blofin,ADA/USDT:USDT,0.826,411.0,0.8257,504.0,0.8263,21.0,0.8265,5796.0
1753600608020,07:16:48.020,blofin,ADA/USDT:USDT,0.826,409.0,0.8257,504.0,0.8263,21.0,0.8265,5796.0
1753600609024,07:16:49.024,blofin,ADA/USDT:USDT,0.826,378.0,0.8259,85.0,0.8263,24.0,0.8266,7840.0
1753600609524,07:16:49.524,blofin,ADA/USDT:USDT,0.826,428.0,0.8255,2687.0,0.8263,24.0,0.8266,2.0
1753600611027,07:16:51.027,blofin,ADA/USDT:USDT,0.826,426.0,0.8256,5363.0,0.8263,23.0,0.8266,2.0
1753600611527,07:16:51.527,blofin,ADA/USDT:USDT,0.8261,417.0,0.826,5.0,0.8263,21.0,0.8265,4492.0
1753600612337,07:16:52.337,blofin,ADA/USDT:USDT,0.8261,461.0,0.8258,1303.0,0.8263,2.0,0.8264,19.0
1753600612530,07:16:52.530,blofin,ADA/USDT:USDT,0.8262,1031.0,0.8261,1.0,0.8264,19.0,0.8265,2.0
1753600613533,07:16:53.533,blofin,ADA/USDT:USDT,0.8262,195.0,0.826,8249.0,0.8265,977.0,0.8266,2.0
1753600614032,07:16:54.032,blofin,ADA/USDT:USDT,0.8262,195.0,0.826,8249.0,0.8265,977.0,0.8266,2.0
1753600615035,07:16:55.035,blofin,ADA/USDT:USDT,0.8262,102.0,0.8258,9766.0,0.8265,987.0,0.8266,2.0
1753600615535,07:16:55.535,blofin,ADA/USDT:USDT,0.8262,39.0,0.826,1871.0,0.8265,1177.0,0.8266,2.0
1753600616036,07:16:56.036,blofin,ADA/USDT:USDT,0.8262,38.0,0.826,1871.0,0.8265,1177.0,0.8266,2.0
1753600617038,07:16:57.038,blofin,ADA/USDT:USDT,0.8262,35.0,0.8257,5942.0,0.8265,990.0,0.8266,2.0
1753600617539,07:16:57.539,blofin,ADA/USDT:USDT,0.8262,35.0,0.8259,6787.0,0.8265,1145.0,0.8266,2.0
1753600618040,07:16:58.040,blofin,ADA/USDT:USDT,0.8262,37.0,0.8259,6787.0,0.8265,1145.0,0.8266,2.0
1753600618542,07:16:58.542,blofin,ADA/USDT:USDT,0.8262,37.0,0.8258,1531.0,0.8265,1147.0,0.8266,2.0
1753600619040,07:16:59.040,blofin,ADA/USDT:USDT,0.8262,38.0,0.8258,1531.0,0.8265,1147.0,0.8266,2.0
1753600619542,07:16:59.542,blofin,ADA/USDT:USDT,0.8262,92.0,0.826,6527.0,0.8265,985.0,0.8266,6621.0
1753600620543,07:17:00.543,blofin,ADA/USDT:USDT,0.8263,89.0,0.8262,4.0,0.8265,1013.0,0.8266,2.0
1753600621044,07:17:01.044,blofin,ADA/USDT:USDT,0.8262,4.0,0.8261,193.0,0.8264,149.0,0.8266,2.0
1753600621544,07:17:01.544,blofin,ADA/USDT:USDT,0.8261,159.0,0.826,4427.0,0.8264,1093.0,0.8266,1441.0
1753600622044,07:17:02.044,blofin,ADA/USDT:USDT,0.8261,159.0,0.826,4427.0,0.8264,1095.0,0.8266,1441.0
1753600623045,07:17:03.045,blofin,ADA/USDT:USDT,0.8261,5.0,0.826,243.0,0.8263,1326.0,0.8264,1.0
1753600623545,07:17:03.545,blofin,ADA/USDT:USDT,0.8261,5.0,0.826,332.0,0.8263,1259.0,0.8266,2.0
1753600624044,07:17:04.044,blofin,ADA/USDT:USDT,0.8261,5.0,0.826,332.0,0.8263,1259.0,0.8266,2.0
1753600624546,07:17:04.546,blofin,ADA/USDT:USDT,0.8261,214.0,0.8258,3483.0,0.8263,382.0,0.8265,4068.0
1753600625549,07:17:05.549,blofin,ADA/USDT:USDT,0.8261,361.0,0.8259,1312.0,0.8263,363.0,0.8264,6283.0
1753600626048,07:17:06.048,blofin,ADA/USDT:USDT,0.8261,357.0,0.8259,1312.0,0.8263,363.0,0.8264,6283.0
1753600626548,07:17:06.548,blofin,ADA/USDT:USDT,0.8261,8.0,0.826,372.0,0.8263,347.0,0.8265,1088.0
1753600627048,07:17:07.048,blofin,ADA/USDT:USDT,0.8261,8.0,0.826,372.0,0.8263,343.0,0.8265,1088.0
1753600628050,07:17:08.050,blofin,ADA/USDT:USDT,0.8261,22.0,0.826,3813.0,0.8263,2.0,0.8264,653.0
1753600628551,07:17:08.551,blofin,ADA/USDT:USDT,0.8261,5.0,0.826,20.0,0.8263,558.0,0.8265,3283.0
1753600629053,07:17:09.053,blofin,ADA/USDT:USDT,0.8261,5.0,0.826,20.0,0.8263,558.0,0.8265,3283.0
1753600629554,07:17:09.554,blofin,ADA/USDT:USDT,0.8261,5.0,0.826,10.0,0.8263,706.0,0.8265,1088.0
1753600630555,07:17:10.555,blofin,ADA/USDT:USDT,0.8261,5.0,0.826,254.0,0.8263,368.0,0.8265,1088.0
1753600631558,07:17:11.558,blofin,ADA/USDT:USDT,0.8261,5.0,0.826,10.0,0.8263,577.0,0.8265,1088.0
1753600632573,07:17:12.573,blofin,ADA/USDT:USDT,0.8261,5.0,0.826,7.0,0.8263,701.0,0.8265,1088.0
1753600633560,07:17:13.560,blofin,ADA/USDT:USDT,0.8261,5.0,0.826,215.0,0.8263,393.0,0.8265,1088.0
1753600634062,07:17:14.062,blofin,ADA/USDT:USDT,0.8261,8.0,0.826,214.0,0.8263,393.0,0.8265,1088.0
1753600635063,07:17:15.063,blofin,ADA/USDT:USDT,0.8261,191.0,0.8259,2060.0,0.8263,527.0,0.8265,9429.0
1753600635563,07:17:15.563,blofin,ADA/USDT:USDT,0.8261,162.0,0.8256,5864.0,0.8263,536.0,0.8265,1088.0
1753600636568,07:17:16.568,blofin,ADA/USDT:USDT,0.8261,8.0,0.826,383.0,0.8263,378.0,0.8265,1088.0
1753600637065,07:17:17.065,blofin,ADA/USDT:USDT,0.8261,166.0,0.8258,7091.0,0.8263,447.0,0.8265,1088.0
1753600637568,07:17:17.568,blofin,ADA/USDT:USDT,0.8261,166.0,0.8258,7091.0,0.8263,446.0,0.8265,1088.0
1753600638569,07:17:18.569,blofin,ADA/USDT:USDT,0.8261,8.0,0.826,169.0,0.8263,440.0,0.8265,1088.0
1753600639120,07:17:19.120,blofin,ADA/USDT:USDT,0.8261,522.0,0.826,3.0,0.8263,5.0,0.8264,11.0
1753600639571,07:17:19.571,blofin,ADA/USDT:USDT,0.8261,522.0,0.826,3.0,0.8263,5.0,0.8264,11.0
1753600640571,07:17:20.571,blofin,ADA/USDT:USDT,0.8261,1251.0,0.826,3.0,0.8263,1.0,0.8264,97.0
1753600641069,07:17:21.069,blofin,ADA/USDT:USDT,0.8261,1252.0,0.8256,3417.0,0.8263,1.0,0.8264,96.0
1753600641576,07:17:21.576,blofin,ADA/USDT:USDT,0.8262,1264.0,0.8261,89.0,0.8263,1.0,0.8264,59.0
1753600642255,07:17:22.255,blofin,ADA/USDT:USDT,0.8263,1239.0,0.8262,3.0,0.8264,2.0,0.8265,1120.0
1753600642575,07:17:22.575,blofin,ADA/USDT:USDT,0.8263,1239.0,0.8262,3.0,0.8264,2.0,0.8265,1120.0
1753600643576,07:17:23.576,blofin,ADA/USDT:USDT,0.8262,1149.0,0.8261,5166.0,0.8265,1095.0,0.8269,4553.0
1753600644070,07:17:24.070,blofin,ADA/USDT:USDT,0.8262,1255.0,0.8261,7047.0,0.8265,1098.0,0.8268,3709.0
1753600645073,07:17:25.073,blofin,ADA/USDT:USDT,0.8263,1252.0,0.8262,3.0,0.8265,1098.0,0.8268,8154.0
1753600646075,07:17:26.075,blofin,ADA/USDT:USDT,0.8263,1254.0,0.8261,5.0,0.8265,1100.0,0.8268,8154.0
1753600646581,07:17:26.581,blofin,ADA/USDT:USDT,0.8263,1225.0,0.8261,6238.0,0.8265,1365.0,0.8269,6790.0
1753600647071,07:17:27.071,blofin,ADA/USDT:USDT,0.8263,1.0,0.8262,583.0,0.8265,1410.0,0.827,4634.89
1753600648072,07:17:28.072,blofin,ADA/USDT:USDT,0.8263,245.0,0.8262,2.0,0.8265,1526.0,0.8269,600.0
1753600648583,07:17:28.583,blofin,ADA/USDT:USDT,0.8263,245.0,0.8262,2.0,0.8265,1526.0,0.8269,658.0
1753600650074,07:17:30.074,blofin,ADA/USDT:USDT,0.8262,443.0,0.8261,5.0,0.8265,1508.0,0.8269,5580.0
1753600650584,07:17:30.584,blofin,ADA/USDT:USDT,0.8262,442.0,0.8261,5.0,0.8265,1512.0,0.8269,5580.0
1753600651074,07:17:31.074,blofin,ADA/USDT:USDT,0.8262,445.0,0.8261,5.0,0.8265,1512.0,0.8269,5522.0
1753600652075,07:17:32.075,blofin,ADA/USDT:USDT,0.8262,113.0,0.8261,5.0,0.8265,1754.0,0.8266,273.0
1753600652589,07:17:32.589,blofin,ADA/USDT:USDT,0.8262,112.0,0.8261,5.0,0.8265,1755.0,0.8266,273.0
1753600653076,07:17:33.076,blofin,ADA/USDT:USDT,0.8262,308.0,0.8261,5.0,0.8265,1599.0,0.8268,134.0
1753600654078,07:17:34.078,blofin,ADA/USDT:USDT,0.8263,454.0,0.8262,4427.0,0.8265,1396.0,0.8267,5820.0
1753600654727,07:17:34.727,blofin,ADA/USDT:USDT,0.8263,488.0,0.8262,3.0,0.8265,1091.0,0.8266,83.0
1753600655490,07:17:35.490,blofin,ADA/USDT:USDT,0.8264,1297.0,0.8263,4407.0,0.8265,1091.0,0.8267,6.0
1753600656093,07:17:36.093,blofin,ADA/USDT:USDT,0.8264,1302.0,0.8263,4407.0,0.8265,3.0,0.8267,10.0
1753600656594,07:17:36.594,blofin,ADA/USDT:USDT,0.8265,937.0,0.8264,8958.0,0.8267,4.0,0.8268,45.0
1753600657079,07:17:37.079,blofin,ADA/USDT:USDT,0.8264,735.0,0.8262,3627.0,0.8267,283.0,0.8268,3.0
1753600658081,07:17:38.081,blofin,ADA/USDT:USDT,0.8265,166.0,0.8264,7.0,0.8267,428.0,0.827,32.89
1753600658557,07:17:38.557,blofin,ADA/USDT:USDT,0.8265,170.0,0.8264,5.0,0.8266,501.0,0.8267,9.0
1753600659081,07:17:39.081,blofin,ADA/USDT:USDT,0.8265,4.0,0.8264,374.0,0.8266,432.0,0.8267,4.0
1753600660081,07:17:40.081,blofin,ADA/USDT:USDT,0.8264,1168.0,0.8261,2574.0,0.8266,2.0,0.8267,48.0
1753600660603,07:17:40.603,blofin,ADA/USDT:USDT,0.8264,1169.0,0.8261,2574.0,0.8267,50.0,0.827,32.89
1753600661083,07:17:41.083,blofin,ADA/USDT:USDT,0.8265,1289.0,0.8264,5.0,0.8267,4.0,0.8268,11.0
1753600662084,07:17:42.084,blofin,ADA/USDT:USDT,0.8265,1182.0,0.8264,5.0,0.8267,4.0,0.8268,98.0
1753600662613,07:17:42.613,blofin,ADA/USDT:USDT,0.8265,1186.0,0.8264,5.0,0.8267,4.0,0.8268,98.0
1753600663086,07:17:43.086,blofin,ADA/USDT:USDT,0.8266,1166.0,0.8265,2209.0,0.8267,4.0,0.8268,88.0
1753600664087,07:17:44.087,blofin,ADA/USDT:USDT,0.8266,473.0,0.8265,2784.0,0.8267,4.0,0.8268,602.0
1753600664607,07:17:44.607,blofin,ADA/USDT:USDT,0.8266,474.0,0.8265,2784.0,0.8267,4.0,0.8268,602.0
1753600665521,07:17:45.521,blofin,ADA/USDT:USDT,0.8267,896.0,0.8265,2.0,0.8268,1.0,0.827,34.89
1753600666086,07:17:46.086,blofin,ADA/USDT:USDT,0.8267,899.0,0.8264,5.0,0.827,36.89,0.8274,5361.0
1753600666587,07:17:46.587,blofin,ADA/USDT:USDT,0.8268,819.0,0.8264,5.0,0.8269,2.0,0.827,467.89
