timestamp,time,exchange,symbol,bid1_price,bid1_volume,bid2_price,bid2_volume,ask1_price,ask1_volume,ask2_price,ask2_volume
1753599994726,07:06:34.726,bitmex,ACT/USDT:USDT,0.04565,500.0,0.04233,1510.0,0.04666,320.0,0.04704,50.0
1753599994775,07:06:34.775,bitmex,ACT/USDT:USDT,0.04565,500.0,0.04233,1510.0,0.04666,320.0,0.04704,50.0
1753599995811,07:06:35.811,bitmex,ACT/USDT:USDT,0.04565,500.0,0.04233,1510.0,0.04666,320.0,0.04704,50.0
1753599997148,07:06:37.148,bitmex,ACT/USDT:USDT,0.04565,500.0,0.04233,1510.0,0.04666,320.0,0.04704,50.0
1753599997198,07:06:37.198,bitmex,ACT/USDT:USDT,0.04565,500.0,0.04233,1510.0,0.04666,320.0,0.04704,50.0
1753599998420,07:06:38.420,bitmex,ACT/USDT:USDT,0.04565,500.0,0.04233,1510.0,0.04666,320.0,0.04704,50.0
1753599998470,07:06:38.470,bitmex,ACT/USDT:USDT,0.04565,500.0,0.04529,1170.0,0.04666,320.0,0.04704,50.0
1753599999736,07:06:39.736,bitmex,ACT/USDT:USDT,0.04565,500.0,0.04529,1170.0,0.04666,320.0,0.04704,50.0
1753599999786,07:06:39.786,bitmex,ACT/USDT:USDT,0.04565,500.0,0.04529,1170.0,0.04666,320.0,0.04704,50.0
1753600000945,07:06:40.945,bitmex,ACT/USDT:USDT,0.04566,490.0,0.04529,1170.0,0.04666,320.0,0.04704,50.0
1753600000995,07:06:40.995,bitmex,ACT/USDT:USDT,0.04566,490.0,0.04529,1170.0,0.04666,320.0,0.04704,50.0
1753600001044,07:06:41.044,bitmex,ACT/USDT:USDT,0.04566,490.0,0.04529,1170.0,0.04666,320.0,0.04704,50.0
1753600002359,07:06:42.359,bitmex,ACT/USDT:USDT,0.04566,490.0,0.04529,1170.0,0.04666,320.0,0.04704,50.0
1753600002415,07:06:42.415,bitmex,ACT/USDT:USDT,0.04566,490.0,0.04529,1170.0,0.04666,320.0,0.04704,50.0
1753600003615,07:06:43.615,bitmex,ACT/USDT:USDT,0.04566,490.0,0.04529,1170.0,0.04666,320.0,0.04704,50.0
1753600003664,07:06:43.664,bitmex,ACT/USDT:USDT,0.04566,490.0,0.04529,1170.0,0.04666,320.0,0.04704,50.0
1753600004746,07:06:44.746,bitmex,ACT/USDT:USDT,0.04566,490.0,0.04529,1170.0,0.04666,320.0,0.04704,50.0
1753600004796,07:06:44.796,bitmex,ACT/USDT:USDT,0.04566,490.0,0.04529,1170.0,0.04666,320.0,0.04704,50.0
1753600006172,07:06:46.172,bitmex,ACT/USDT:USDT,0.04566,490.0,0.04529,1170.0,0.04666,320.0,0.04704,50.0
1753600006221,07:06:46.221,bitmex,ACT/USDT:USDT,0.04566,490.0,0.04529,1170.0,0.04666,320.0,0.04704,50.0
1753600007525,07:06:47.525,bitmex,ACT/USDT:USDT,0.04565,480.0,0.04529,1170.0,0.04666,320.0,0.04704,50.0
1753600007609,07:06:47.609,bitmex,ACT/USDT:USDT,0.04565,480.0,0.04529,1170.0,0.04666,320.0,0.04704,50.0
1753600007658,07:06:47.658,bitmex,ACT/USDT:USDT,0.04565,480.0,0.04529,1170.0,0.04666,320.0,0.04704,50.0
1753600008832,07:06:48.832,bitmex,ACT/USDT:USDT,0.04565,480.0,0.04529,1170.0,0.04666,320.0,0.04704,50.0
1753600008882,07:06:48.882,bitmex,ACT/USDT:USDT,0.04565,480.0,0.04529,1170.0,0.04666,320.0,0.04704,50.0
1753600009758,07:06:49.758,bitmex,ACT/USDT:USDT,0.04565,480.0,0.04529,1170.0,0.04666,320.0,0.04704,50.0
1753600009818,07:06:49.818,bitmex,ACT/USDT:USDT,0.04565,480.0,0.04529,1170.0,0.04666,320.0,0.04704,50.0
1753600010991,07:06:50.991,bitmex,ACT/USDT:USDT,0.04566,510.0,0.04529,1170.0,0.04666,320.0,0.04704,50.0
1753600011040,07:06:51.040,bitmex,ACT/USDT:USDT,0.04566,510.0,0.04529,1170.0,0.04666,320.0,0.04704,50.0
1753600011089,07:06:51.089,bitmex,ACT/USDT:USDT,0.04566,510.0,0.04529,1170.0,0.04666,320.0,0.04704,50.0
1753600012310,07:06:52.310,bitmex,ACT/USDT:USDT,0.04566,510.0,0.04529,1170.0,0.04666,320.0,0.04704,50.0
1753600012360,07:06:52.360,bitmex,ACT/USDT:USDT,0.04566,510.0,0.04529,1170.0,0.04666,320.0,0.04704,50.0
1753600013627,07:06:53.627,bitmex,ACT/USDT:USDT,0.04566,510.0,0.04529,1170.0,0.04666,320.0,0.04704,50.0
1753600013676,07:06:53.676,bitmex,ACT/USDT:USDT,0.04566,510.0,0.04529,1170.0,0.04666,320.0,0.04704,50.0
1753600014850,07:06:54.850,bitmex,ACT/USDT:USDT,0.04566,510.0,0.04529,2340.0,0.04666,320.0,0.04704,50.0
1753600014937,07:06:54.937,bitmex,ACT/USDT:USDT,0.04566,510.0,0.04529,2340.0,0.04666,320.0,0.04704,50.0
1753600016132,07:06:56.132,bitmex,ACT/USDT:USDT,0.04566,510.0,0.04529,2340.0,0.04666,320.0,0.04704,50.0
1753600016182,07:06:56.182,bitmex,ACT/USDT:USDT,0.04566,510.0,0.04529,2340.0,0.04666,320.0,0.04704,50.0
1753600017579,07:06:57.579,bitmex,ACT/USDT:USDT,0.04566,510.0,0.04529,2340.0,0.04666,320.0,0.04704,50.0
1753600017628,07:06:57.628,bitmex,ACT/USDT:USDT,0.04566,510.0,0.04529,2340.0,0.04666,320.0,0.04704,50.0
1753600018640,07:06:58.640,bitmex,ACT/USDT:USDT,0.04566,510.0,0.04529,2340.0,0.04666,320.0,0.04704,50.0
1753600018718,07:06:58.718,bitmex,ACT/USDT:USDT,0.04566,510.0,0.04529,2340.0,0.04666,320.0,0.04704,50.0
1753600020044,07:07:00.044,bitmex,ACT/USDT:USDT,0.04566,510.0,0.04529,2340.0,0.04666,320.0,0.04704,50.0
1753600020093,07:07:00.093,bitmex,ACT/USDT:USDT,0.04566,510.0,0.04529,2340.0,0.04666,320.0,0.04704,50.0
1753600021288,07:07:01.288,bitmex,ACT/USDT:USDT,0.04566,510.0,0.04529,2340.0,0.04666,320.0,0.04704,50.0
1753600021337,07:07:01.337,bitmex,ACT/USDT:USDT,0.04567,510.0,0.04529,1170.0,0.04666,320.0,0.04704,50.0
1753600022467,07:07:02.467,bitmex,ACT/USDT:USDT,0.04567,510.0,0.04529,1170.0,0.04666,320.0,0.04704,50.0
1753600022517,07:07:02.517,bitmex,ACT/USDT:USDT,0.04567,510.0,0.04529,1170.0,0.04666,320.0,0.04704,50.0
1753600023957,07:07:03.957,bitmex,ACT/USDT:USDT,0.04567,510.0,0.04529,1170.0,0.04666,320.0,0.04704,50.0
1753600024006,07:07:04.006,bitmex,ACT/USDT:USDT,0.04567,510.0,0.04529,1170.0,0.04666,320.0,0.04704,50.0
1753600025068,07:07:05.068,bitmex,ACT/USDT:USDT,0.04567,510.0,0.04529,1170.0,0.04666,320.0,0.04704,50.0
1753600025118,07:07:05.118,bitmex,ACT/USDT:USDT,0.04567,510.0,0.04529,1170.0,0.04666,320.0,0.04704,50.0
1753600026413,07:07:06.413,bitmex,ACT/USDT:USDT,0.04567,510.0,0.04529,1170.0,0.04666,320.0,0.04704,50.0
1753600026598,07:07:06.598,bitmex,ACT/USDT:USDT,0.04567,510.0,0.04529,1170.0,0.04666,320.0,0.04704,50.0
1753600027662,07:07:07.662,bitmex,ACT/USDT:USDT,0.04567,510.0,0.04529,1170.0,0.04666,320.0,0.04704,50.0
1753600027717,07:07:07.717,bitmex,ACT/USDT:USDT,0.04567,510.0,0.04529,1170.0,0.04666,320.0,0.04704,50.0
1753600028988,07:07:08.988,bitmex,ACT/USDT:USDT,0.04567,510.0,0.04529,1170.0,0.04666,320.0,0.04704,50.0
1753600029037,07:07:09.037,bitmex,ACT/USDT:USDT,0.04567,510.0,0.04529,1170.0,0.04666,320.0,0.04704,50.0
1753600030249,07:07:10.249,bitmex,ACT/USDT:USDT,0.04566,500.0,0.04529,1170.0,0.04666,320.0,0.04704,50.0
1753600030307,07:07:10.307,bitmex,ACT/USDT:USDT,0.04566,500.0,0.04529,1170.0,0.04666,320.0,0.04704,50.0
1753600031591,07:07:11.591,bitmex,ACT/USDT:USDT,0.04566,500.0,0.04529,1130.0,0.04666,320.0,0.04704,50.0
1753600031717,07:07:11.717,bitmex,ACT/USDT:USDT,0.04566,500.0,0.04529,1130.0,0.04666,320.0,0.04704,50.0
1753600032595,07:07:12.595,bitmex,ACT/USDT:USDT,0.04566,500.0,0.04529,1130.0,0.04666,320.0,0.04704,50.0
1753600032644,07:07:12.644,bitmex,ACT/USDT:USDT,0.04566,500.0,0.04529,1130.0,0.04666,320.0,0.04704,50.0
1753600033991,07:07:13.991,bitmex,ACT/USDT:USDT,0.04566,500.0,0.04529,1130.0,0.04666,320.0,0.04704,50.0
1753600034040,07:07:14.040,bitmex,ACT/USDT:USDT,0.04566,500.0,0.04529,1130.0,0.04666,320.0,0.04704,50.0
1753600035131,07:07:15.131,bitmex,ACT/USDT:USDT,0.04564,480.0,0.04529,1130.0,0.04666,320.0,0.04704,50.0
1753600035180,07:07:15.180,bitmex,ACT/USDT:USDT,0.04564,480.0,0.04529,1130.0,0.04666,320.0,0.04703,510.0
1753600035229,07:07:15.229,bitmex,ACT/USDT:USDT,0.04564,480.0,0.04529,1130.0,0.04666,320.0,0.04703,510.0
1753600035278,07:07:15.278,bitmex,ACT/USDT:USDT,0.04564,480.0,0.04529,1130.0,0.04666,320.0,0.04702,50.0
1753600036438,07:07:16.438,bitmex,ACT/USDT:USDT,0.04564,480.0,0.04529,1130.0,0.04666,320.0,0.04702,50.0
1753600036497,07:07:16.497,bitmex,ACT/USDT:USDT,0.04564,480.0,0.04529,1130.0,0.04666,320.0,0.04702,50.0
1753600037780,07:07:17.780,bitmex,ACT/USDT:USDT,0.04564,480.0,0.04529,1130.0,0.04666,320.0,0.04702,50.0
1753600037829,07:07:17.829,bitmex,ACT/USDT:USDT,0.04564,480.0,0.04529,1130.0,0.04666,320.0,0.04702,50.0
1753600038867,07:07:18.867,bitmex,ACT/USDT:USDT,0.04564,480.0,0.04529,1130.0,0.04666,320.0,0.04702,50.0
1753600039137,07:07:19.137,bitmex,ACT/USDT:USDT,0.04564,480.0,0.04529,1130.0,0.04666,320.0,0.04702,50.0
1753600040145,07:07:20.145,bitmex,ACT/USDT:USDT,0.04564,480.0,0.04529,1130.0,0.04666,320.0,0.04702,50.0
1753600040196,07:07:20.196,bitmex,ACT/USDT:USDT,0.04564,480.0,0.04529,1130.0,0.04666,320.0,0.04702,50.0
1753600041457,07:07:21.457,bitmex,ACT/USDT:USDT,0.04564,480.0,0.04529,1130.0,0.04666,320.0,0.04702,50.0
1753600041506,07:07:21.506,bitmex,ACT/USDT:USDT,0.04564,480.0,0.04529,1130.0,0.04666,320.0,0.04702,50.0
1753600042793,07:07:22.793,bitmex,ACT/USDT:USDT,0.04564,480.0,0.04529,1130.0,0.04666,320.0,0.04702,570.0
1753600042842,07:07:22.842,bitmex,ACT/USDT:USDT,0.04563,500.0,0.04529,1130.0,0.04666,320.0,0.04702,570.0
1753600042891,07:07:22.891,bitmex,ACT/USDT:USDT,0.04563,500.0,0.04529,1130.0,0.04666,320.0,0.04702,570.0
1753600044051,07:07:24.051,bitmex,ACT/USDT:USDT,0.04563,500.0,0.04529,1130.0,0.04666,320.0,0.04701,500.0
1753600044149,07:07:24.149,bitmex,ACT/USDT:USDT,0.04562,510.0,0.04529,1130.0,0.04666,320.0,0.04701,500.0
1753600044198,07:07:24.198,bitmex,ACT/USDT:USDT,0.04562,510.0,0.04529,1130.0,0.04666,320.0,0.047,50.0
1753600045271,07:07:25.271,bitmex,ACT/USDT:USDT,0.04562,510.0,0.04529,1130.0,0.04666,320.0,0.047,50.0
1753600045321,07:07:25.321,bitmex,ACT/USDT:USDT,0.04562,510.0,0.04529,1130.0,0.04666,320.0,0.047,50.0
1753600046743,07:07:26.743,bitmex,ACT/USDT:USDT,0.04562,510.0,0.04529,1130.0,0.04666,320.0,0.047,50.0
1753600046792,07:07:26.792,bitmex,ACT/USDT:USDT,0.04562,510.0,0.04529,1130.0,0.04666,320.0,0.047,50.0
1753600047804,07:07:27.804,bitmex,ACT/USDT:USDT,0.04562,510.0,0.04529,1130.0,0.04666,320.0,0.04699,490.0
1753600047854,07:07:27.854,bitmex,ACT/USDT:USDT,0.0456,480.0,0.04523,1110.0,0.04666,320.0,0.04699,490.0
1753600047908,07:07:27.908,bitmex,ACT/USDT:USDT,0.0456,480.0,0.04523,1110.0,0.04666,320.0,0.04699,490.0
1753600047958,07:07:27.958,bitmex,ACT/USDT:USDT,0.0456,480.0,0.04523,1110.0,0.04666,320.0,0.04698,50.0
1753600048008,07:07:28.008,bitmex,ACT/USDT:USDT,0.0456,480.0,0.04523,1110.0,0.04666,320.0,0.04698,50.0
1753600048250,07:07:28.250,bitmex,ACT/USDT:USDT,0.0456,480.0,0.04523,1110.0,0.04666,320.0,0.04699,490.0
1753600048299,07:07:28.299,bitmex,ACT/USDT:USDT,0.0456,480.0,0.04523,1110.0,0.04666,320.0,0.04699,490.0
1753600048615,07:07:28.615,bitmex,ACT/USDT:USDT,0.0456,480.0,0.04523,1110.0,0.04666,320.0,0.04699,490.0
1753600048664,07:07:28.664,bitmex,ACT/USDT:USDT,0.0456,480.0,0.04523,1110.0,0.04666,320.0,0.04698,50.0
1753600049262,07:07:29.262,bitmex,ACT/USDT:USDT,0.04561,480.0,0.04523,1110.0,0.04666,320.0,0.04698,50.0
1753600049311,07:07:29.311,bitmex,ACT/USDT:USDT,0.04561,480.0,0.04523,1110.0,0.04666,320.0,0.04698,50.0
1753600049360,07:07:29.360,bitmex,ACT/USDT:USDT,0.04561,480.0,0.04523,1110.0,0.04666,320.0,0.04698,50.0
1753600049492,07:07:29.492,bitmex,ACT/USDT:USDT,0.04561,480.0,0.04523,1110.0,0.04666,320.0,0.04698,50.0
1753600050357,07:07:30.357,bitmex,ACT/USDT:USDT,0.04561,480.0,0.04523,1110.0,0.04666,320.0,0.04698,50.0
1753600050407,07:07:30.407,bitmex,ACT/USDT:USDT,0.04561,480.0,0.04523,1110.0,0.04666,320.0,0.04698,50.0
1753600050849,07:07:30.849,bitmex,ACT/USDT:USDT,0.04561,480.0,0.04523,1110.0,0.04666,320.0,0.047,520.0
1753600051809,07:07:31.809,bitmex,ACT/USDT:USDT,0.04561,480.0,0.04523,1110.0,0.04666,320.0,0.04699,50.0
1753600051859,07:07:31.859,bitmex,ACT/USDT:USDT,0.04561,480.0,0.04523,1110.0,0.04666,320.0,0.04699,50.0
1753600052025,07:07:32.025,bitmex,ACT/USDT:USDT,0.04562,520.0,0.04523,1110.0,0.04666,320.0,0.04699,50.0
1753600052082,07:07:32.082,bitmex,ACT/USDT:USDT,0.04562,520.0,0.04523,1110.0,0.04666,320.0,0.04699,50.0
1753600052131,07:07:32.131,bitmex,ACT/USDT:USDT,0.04562,520.0,0.04523,1110.0,0.04666,320.0,0.04699,50.0
1753600053092,07:07:33.092,bitmex,ACT/USDT:USDT,0.04562,520.0,0.04523,1110.0,0.04666,320.0,0.04699,50.0
1753600053152,07:07:33.152,bitmex,ACT/USDT:USDT,0.04562,520.0,0.04523,1110.0,0.04666,320.0,0.04699,50.0
1753600054522,07:07:34.522,bitmex,ACT/USDT:USDT,0.04563,510.0,0.04523,1110.0,0.04666,320.0,0.04699,50.0
1753600054571,07:07:34.571,bitmex,ACT/USDT:USDT,0.04563,510.0,0.04523,1110.0,0.04666,320.0,0.04699,50.0
1753600054620,07:07:34.620,bitmex,ACT/USDT:USDT,0.04563,510.0,0.04523,1110.0,0.04666,320.0,0.04699,50.0
1753600055419,07:07:35.419,bitmex,ACT/USDT:USDT,0.04562,500.0,0.04523,1110.0,0.04666,320.0,0.04699,50.0
1753600055468,07:07:35.468,bitmex,ACT/USDT:USDT,0.04562,500.0,0.04523,1110.0,0.04666,320.0,0.04699,50.0
1753600056672,07:07:36.672,bitmex,ACT/USDT:USDT,0.04562,500.0,0.04523,1110.0,0.04666,320.0,0.04699,50.0
1753600056757,07:07:36.757,bitmex,ACT/USDT:USDT,0.04562,500.0,0.04523,1110.0,0.04666,320.0,0.04699,50.0
1753600057930,07:07:37.930,bitmex,ACT/USDT:USDT,0.04563,490.0,0.04523,1110.0,0.04666,320.0,0.04699,50.0
1753600058189,07:07:38.189,bitmex,ACT/USDT:USDT,0.04563,490.0,0.04523,1110.0,0.04666,320.0,0.04699,50.0
1753600058238,07:07:38.238,bitmex,ACT/USDT:USDT,0.04563,490.0,0.04523,1110.0,0.04666,320.0,0.04699,50.0
1753600058287,07:07:38.287,bitmex,ACT/USDT:USDT,0.04563,490.0,0.04523,1110.0,0.04666,320.0,0.04699,50.0
1753600059289,07:07:39.289,bitmex,ACT/USDT:USDT,0.04563,490.0,0.04523,1110.0,0.04666,320.0,0.04699,50.0
1753600059338,07:07:39.338,bitmex,ACT/USDT:USDT,0.04563,490.0,0.04523,1110.0,0.04666,320.0,0.04699,50.0
1753600060598,07:07:40.598,bitmex,ACT/USDT:USDT,0.04562,490.0,0.04523,1110.0,0.04666,320.0,0.04699,50.0
1753600060647,07:07:40.647,bitmex,ACT/USDT:USDT,0.04562,490.0,0.04523,1110.0,0.04666,320.0,0.04699,50.0
1753600061827,07:07:41.827,bitmex,ACT/USDT:USDT,0.04562,490.0,0.04523,1110.0,0.04666,320.0,0.04699,50.0
1753600062976,07:07:42.976,bitmex,ACT/USDT:USDT,0.04562,490.0,0.04523,1110.0,0.04666,320.0,0.04699,50.0
1753600063026,07:07:43.026,bitmex,ACT/USDT:USDT,0.04562,490.0,0.04523,1110.0,0.04666,320.0,0.04699,50.0
1753600064319,07:07:44.319,bitmex,ACT/USDT:USDT,0.04562,490.0,0.04523,1110.0,0.04666,320.0,0.04699,50.0
1753600064376,07:07:44.376,bitmex,ACT/USDT:USDT,0.04562,490.0,0.04526,1160.0,0.04666,320.0,0.04699,50.0
1753600065568,07:07:45.568,bitmex,ACT/USDT:USDT,0.04562,490.0,0.04526,1160.0,0.04666,320.0,0.04699,50.0
1753600065648,07:07:45.648,bitmex,ACT/USDT:USDT,0.04562,490.0,0.04526,1160.0,0.04666,320.0,0.04699,50.0
1753600066857,07:07:46.857,bitmex,ACT/USDT:USDT,0.04562,490.0,0.04526,1160.0,0.04666,320.0,0.04699,50.0
1753600066917,07:07:46.917,bitmex,ACT/USDT:USDT,0.04562,490.0,0.04526,1160.0,0.04666,320.0,0.04699,50.0
1753600068097,07:07:48.097,bitmex,ACT/USDT:USDT,0.04562,490.0,0.04526,1160.0,0.04666,320.0,0.04699,50.0
1753600068147,07:07:48.147,bitmex,ACT/USDT:USDT,0.04562,490.0,0.04526,1160.0,0.04666,320.0,0.04699,50.0
1753600069373,07:07:49.373,bitmex,ACT/USDT:USDT,0.04562,490.0,0.04526,1160.0,0.04666,320.0,0.04699,50.0
1753600069423,07:07:49.423,bitmex,ACT/USDT:USDT,0.04563,510.0,0.04526,1160.0,0.04666,320.0,0.04699,50.0
1753600069615,07:07:49.615,bitmex,ACT/USDT:USDT,0.04563,510.0,0.04526,1160.0,0.04666,320.0,0.04699,50.0
1753600069679,07:07:49.679,bitmex,ACT/USDT:USDT,0.04563,510.0,0.04526,1160.0,0.04666,320.0,0.04699,50.0
1753600072082,07:07:52.082,bitmex,ACT/USDT:USDT,0.04563,510.0,0.04526,1160.0,0.04666,320.0,0.04699,50.0
1753600073416,07:07:53.416,bitmex,ACT/USDT:USDT,0.04563,510.0,0.04526,1160.0,0.04666,320.0,0.04699,50.0
1753600073466,07:07:53.466,bitmex,ACT/USDT:USDT,0.04563,510.0,0.04526,1160.0,0.04666,320.0,0.04699,50.0
1753600074587,07:07:54.587,bitmex,ACT/USDT:USDT,0.04563,510.0,0.04526,1160.0,0.04666,320.0,0.04699,50.0
1753600074655,07:07:54.655,bitmex,ACT/USDT:USDT,0.04563,510.0,0.04526,1160.0,0.04666,320.0,0.04699,50.0
1753600077267,07:07:57.267,bitmex,ACT/USDT:USDT,0.04563,510.0,0.04526,1160.0,0.04666,320.0,0.04699,50.0
1753600078271,07:07:58.271,bitmex,ACT/USDT:USDT,0.04563,510.0,0.04526,1160.0,0.04666,320.0,0.04699,50.0
1753600078321,07:07:58.321,bitmex,ACT/USDT:USDT,0.04563,510.0,0.04526,1160.0,0.04666,320.0,0.04699,50.0
1753600079517,07:07:59.517,bitmex,ACT/USDT:USDT,0.04562,510.0,0.04526,1160.0,0.04666,320.0,0.04699,50.0
1753600079567,07:07:59.567,bitmex,ACT/USDT:USDT,0.04562,510.0,0.04526,1160.0,0.04666,320.0,0.04699,50.0
1753600079616,07:07:59.616,bitmex,ACT/USDT:USDT,0.04562,510.0,0.04526,1160.0,0.04666,320.0,0.04699,50.0
1753600080786,07:08:00.786,bitmex,ACT/USDT:USDT,0.04562,510.0,0.04525,1120.0,0.04666,320.0,0.04699,50.0
1753600080835,07:08:00.835,bitmex,ACT/USDT:USDT,0.04562,510.0,0.04525,1120.0,0.04666,320.0,0.04699,50.0
1753600082067,07:08:02.067,bitmex,ACT/USDT:USDT,0.04562,510.0,0.04525,1120.0,0.04666,320.0,0.04699,50.0
1753600082232,07:08:02.232,bitmex,ACT/USDT:USDT,0.04562,510.0,0.04525,1120.0,0.04666,320.0,0.04699,50.0
1753600083383,07:08:03.383,bitmex,ACT/USDT:USDT,0.04562,510.0,0.04525,1120.0,0.04666,320.0,0.04699,540.0
1753600083432,07:08:03.432,bitmex,ACT/USDT:USDT,0.0456,480.0,0.04525,1120.0,0.04666,320.0,0.04699,540.0
1753600083481,07:08:03.481,bitmex,ACT/USDT:USDT,0.0456,480.0,0.04525,1120.0,0.04666,320.0,0.04699,540.0
1753600084642,07:08:04.642,bitmex,ACT/USDT:USDT,0.0456,480.0,0.04525,1120.0,0.04666,320.0,0.04699,540.0
1753600084697,07:08:04.697,bitmex,ACT/USDT:USDT,0.0456,480.0,0.04525,1120.0,0.04666,320.0,0.04699,540.0
1753600085853,07:08:05.853,bitmex,ACT/USDT:USDT,0.0456,480.0,0.04525,1120.0,0.04666,320.0,0.04699,540.0
1753600085903,07:08:05.903,bitmex,ACT/USDT:USDT,0.0456,480.0,0.04525,1120.0,0.04666,320.0,0.04699,540.0
1753600087024,07:08:07.024,bitmex,ACT/USDT:USDT,0.0456,480.0,0.04525,1120.0,0.04666,320.0,0.04699,490.0
1753600087073,07:08:07.073,bitmex,ACT/USDT:USDT,0.0456,480.0,0.04525,1120.0,0.04666,320.0,0.04699,490.0
1753600087196,07:08:07.196,bitmex,ACT/USDT:USDT,0.0456,480.0,0.04525,1120.0,0.04666,320.0,0.04699,490.0
1753600087262,07:08:07.262,bitmex,ACT/USDT:USDT,0.0456,480.0,0.04525,1120.0,0.04666,320.0,0.04699,490.0
1753600087412,07:08:07.412,bitmex,ACT/USDT:USDT,0.0456,480.0,0.04525,1120.0,0.04666,320.0,0.04698,50.0
1753600087462,07:08:07.462,bitmex,ACT/USDT:USDT,0.0456,480.0,0.04525,1120.0,0.04666,320.0,0.04698,50.0
1753600088568,07:08:08.568,bitmex,ACT/USDT:USDT,0.0456,480.0,0.04525,1120.0,0.04666,320.0,0.04698,50.0
1753600088617,07:08:08.617,bitmex,ACT/USDT:USDT,0.04561,500.0,0.04525,1120.0,0.04666,320.0,0.04698,50.0
1753600089878,07:08:09.878,bitmex,ACT/USDT:USDT,0.04561,500.0,0.04525,1120.0,0.04666,320.0,0.04698,50.0
1753600089928,07:08:09.928,bitmex,ACT/USDT:USDT,0.04561,500.0,0.04525,1120.0,0.04666,320.0,0.04698,50.0
1753600090939,07:08:10.939,bitmex,ACT/USDT:USDT,0.04561,500.0,0.04525,1120.0,0.04666,320.0,0.04698,50.0
1753600090988,07:08:10.988,bitmex,ACT/USDT:USDT,0.0456,490.0,0.04525,1120.0,0.04666,320.0,0.04698,50.0
1753600091037,07:08:11.037,bitmex,ACT/USDT:USDT,0.0456,490.0,0.04525,1120.0,0.04666,320.0,0.04698,50.0
1753600092279,07:08:12.279,bitmex,ACT/USDT:USDT,0.0456,490.0,0.04525,1120.0,0.04666,320.0,0.04698,50.0
1753600093472,07:08:13.472,bitmex,ACT/USDT:USDT,0.0456,490.0,0.04525,1120.0,0.04666,320.0,0.04698,50.0
1753600093522,07:08:13.522,bitmex,ACT/USDT:USDT,0.0456,490.0,0.04525,1120.0,0.04666,320.0,0.04698,50.0
1753600094942,07:08:14.942,bitmex,ACT/USDT:USDT,0.0456,490.0,0.04525,1120.0,0.04666,320.0,0.04698,50.0
1753600094991,07:08:14.991,bitmex,ACT/USDT:USDT,0.0456,490.0,0.04525,1120.0,0.04666,320.0,0.04698,50.0
1753600096149,07:08:16.149,bitmex,ACT/USDT:USDT,0.0456,490.0,0.04525,1120.0,0.04666,320.0,0.04698,50.0
1753600096199,07:08:16.199,bitmex,ACT/USDT:USDT,0.0456,490.0,0.04525,1120.0,0.04666,320.0,0.04698,50.0
1753600097370,07:08:17.370,bitmex,ACT/USDT:USDT,0.0456,510.0,0.04525,1120.0,0.04666,320.0,0.04698,50.0
1753600097419,07:08:17.419,bitmex,ACT/USDT:USDT,0.0456,510.0,0.04523,1190.0,0.04666,320.0,0.04698,50.0
1753600097468,07:08:17.468,bitmex,ACT/USDT:USDT,0.0456,510.0,0.04523,1190.0,0.04666,320.0,0.04698,50.0
1753600098686,07:08:18.686,bitmex,ACT/USDT:USDT,0.0456,510.0,0.04523,1190.0,0.04666,320.0,0.04698,50.0
1753600098735,07:08:18.735,bitmex,ACT/USDT:USDT,0.0456,510.0,0.04523,1190.0,0.04666,320.0,0.04698,50.0
1753600099739,07:08:19.739,bitmex,ACT/USDT:USDT,0.0456,510.0,0.04523,1190.0,0.04666,320.0,0.04698,50.0
1753600099788,07:08:19.788,bitmex,ACT/USDT:USDT,0.0456,510.0,0.04523,1190.0,0.04666,320.0,0.04698,50.0
1753600101070,07:08:21.070,bitmex,ACT/USDT:USDT,0.0456,510.0,0.04523,1190.0,0.04666,320.0,0.04698,50.0
1753600101120,07:08:21.120,bitmex,ACT/USDT:USDT,0.0456,510.0,0.04523,1190.0,0.04666,320.0,0.04698,50.0
1753600102209,07:08:22.209,bitmex,ACT/USDT:USDT,0.0456,510.0,0.04523,1190.0,0.04666,320.0,0.04698,50.0
1753600102267,07:08:22.267,bitmex,ACT/USDT:USDT,0.0456,510.0,0.04523,1190.0,0.04666,320.0,0.04698,50.0
1753600103477,07:08:23.477,bitmex,ACT/USDT:USDT,0.04559,480.0,0.04523,1190.0,0.04666,320.0,0.04698,50.0
1753600103537,07:08:23.537,bitmex,ACT/USDT:USDT,0.04559,480.0,0.04523,1190.0,0.04666,320.0,0.04698,550.0
1753600103588,07:08:23.588,bitmex,ACT/USDT:USDT,0.04559,480.0,0.04523,1190.0,0.04666,320.0,0.04698,550.0
1753600104739,07:08:24.739,bitmex,ACT/USDT:USDT,0.04559,480.0,0.04523,1190.0,0.04666,320.0,0.04698,550.0
1753600104788,07:08:24.788,bitmex,ACT/USDT:USDT,0.04559,480.0,0.04523,1190.0,0.04666,320.0,0.04698,550.0
1753600106028,07:08:26.028,bitmex,ACT/USDT:USDT,0.04559,480.0,0.04523,1190.0,0.04666,320.0,0.04698,550.0
1753600106077,07:08:26.077,bitmex,ACT/USDT:USDT,0.04559,480.0,0.04523,1190.0,0.04666,320.0,0.04698,550.0
1753600107288,07:08:27.288,bitmex,ACT/USDT:USDT,0.04559,480.0,0.04523,1190.0,0.04666,320.0,0.04698,550.0
1753600107347,07:08:27.347,bitmex,ACT/USDT:USDT,0.04559,480.0,0.04523,1190.0,0.04666,320.0,0.04698,550.0
1753600109658,07:08:29.658,bitmex,ACT/USDT:USDT,0.04559,480.0,0.04523,1190.0,0.04666,320.0,0.04698,550.0
1753600109707,07:08:29.707,bitmex,ACT/USDT:USDT,0.04559,480.0,0.04523,1190.0,0.04666,320.0,0.04698,550.0
1753600110926,07:08:30.926,bitmex,ACT/USDT:USDT,0.04559,480.0,0.04523,1190.0,0.04666,320.0,0.04698,550.0
1753600110976,07:08:30.976,bitmex,ACT/USDT:USDT,0.04559,480.0,0.04523,1190.0,0.04666,320.0,0.04698,550.0
1753600112291,07:08:32.291,bitmex,ACT/USDT:USDT,0.04559,480.0,0.04523,1190.0,0.04666,320.0,0.04698,550.0
1753600112340,07:08:32.340,bitmex,ACT/USDT:USDT,0.04559,480.0,0.04523,1190.0,0.04666,320.0,0.04698,550.0
1753600113467,07:08:33.467,bitmex,ACT/USDT:USDT,0.04559,480.0,0.04523,1190.0,0.04666,320.0,0.04698,550.0
1753600113516,07:08:33.516,bitmex,ACT/USDT:USDT,0.04559,480.0,0.04523,1190.0,0.04666,320.0,0.04698,550.0
1753600114746,07:08:34.746,bitmex,ACT/USDT:USDT,0.04558,480.0,0.04523,1190.0,0.04666,320.0,0.04698,550.0
1753600114796,07:08:34.796,bitmex,ACT/USDT:USDT,0.04558,480.0,0.04523,1190.0,0.04666,320.0,0.04698,550.0
1753600114845,07:08:34.845,bitmex,ACT/USDT:USDT,0.04558,480.0,0.04522,1160.0,0.04666,320.0,0.04698,530.0
1753600116029,07:08:36.029,bitmex,ACT/USDT:USDT,0.04558,480.0,0.04522,1160.0,0.04666,320.0,0.04698,530.0
1753600116078,07:08:36.078,bitmex,ACT/USDT:USDT,0.04558,490.0,0.04522,1160.0,0.04666,320.0,0.04697,490.0
1753600116284,07:08:36.284,bitmex,ACT/USDT:USDT,0.04558,490.0,0.04522,1160.0,0.04666,320.0,0.04697,490.0
1753600116334,07:08:36.334,bitmex,ACT/USDT:USDT,0.04558,490.0,0.04522,1160.0,0.04666,320.0,0.04696,50.0
1753600117308,07:08:37.308,bitmex,ACT/USDT:USDT,0.04558,490.0,0.04522,1160.0,0.04666,320.0,0.04696,50.0
1753600118638,07:08:38.638,bitmex,ACT/USDT:USDT,0.04558,490.0,0.04522,1160.0,0.04666,320.0,0.04696,50.0
1753600118688,07:08:38.688,bitmex,ACT/USDT:USDT,0.04558,490.0,0.04522,1160.0,0.04666,320.0,0.04696,50.0
1753600119856,07:08:39.856,bitmex,ACT/USDT:USDT,0.04558,490.0,0.04522,1160.0,0.04666,320.0,0.04696,50.0
1753600119906,07:08:39.906,bitmex,ACT/USDT:USDT,0.04558,490.0,0.04522,1160.0,0.04666,320.0,0.04696,50.0
1753600122332,07:08:42.332,bitmex,ACT/USDT:USDT,0.04559,480.0,0.04522,1160.0,0.04666,320.0,0.04696,50.0
1753600122381,07:08:42.381,bitmex,ACT/USDT:USDT,0.04559,480.0,0.04522,1160.0,0.04666,320.0,0.04696,50.0
1753600122430,07:08:42.430,bitmex,ACT/USDT:USDT,0.04559,480.0,0.04522,1160.0,0.04666,320.0,0.04696,50.0
1753600123616,07:08:43.616,bitmex,ACT/USDT:USDT,0.04559,480.0,0.04522,1160.0,0.04666,320.0,0.04696,50.0
1753600123666,07:08:43.666,bitmex,ACT/USDT:USDT,0.04559,480.0,0.04522,1160.0,0.04666,320.0,0.04696,50.0
1753600124939,07:08:44.939,bitmex,ACT/USDT:USDT,0.04559,480.0,0.04522,1160.0,0.04666,320.0,0.04696,50.0
1753600124989,07:08:44.989,bitmex,ACT/USDT:USDT,0.04559,480.0,0.04522,1160.0,0.04666,320.0,0.04696,50.0
1753600126139,07:08:46.139,bitmex,ACT/USDT:USDT,0.04559,480.0,0.04522,1160.0,0.04666,320.0,0.04696,50.0
1753600126189,07:08:46.189,bitmex,ACT/USDT:USDT,0.04559,480.0,0.04522,1160.0,0.04666,320.0,0.04696,50.0
1753600127257,07:08:47.257,bitmex,ACT/USDT:USDT,0.04559,480.0,0.04522,1160.0,0.04666,320.0,0.04696,50.0
1753600127306,07:08:47.306,bitmex,ACT/USDT:USDT,0.04559,480.0,0.04522,1160.0,0.04666,320.0,0.04698,510.0
1753600127429,07:08:47.429,bitmex,ACT/USDT:USDT,0.04559,480.0,0.04522,1160.0,0.04666,320.0,0.04699,510.0
1753600127478,07:08:47.478,bitmex,ACT/USDT:USDT,0.0456,480.0,0.04522,1160.0,0.04666,320.0,0.04699,510.0
1753600127527,07:08:47.527,bitmex,ACT/USDT:USDT,0.0456,480.0,0.04522,1160.0,0.04666,320.0,0.04699,560.0
1753600128658,07:08:48.658,bitmex,ACT/USDT:USDT,0.0456,480.0,0.04522,1160.0,0.04666,320.0,0.04699,560.0
1753600128727,07:08:48.727,bitmex,ACT/USDT:USDT,0.0456,480.0,0.04522,1160.0,0.04666,320.0,0.04699,560.0
1753600129921,07:08:49.921,bitmex,ACT/USDT:USDT,0.0456,480.0,0.04522,1160.0,0.04666,320.0,0.04699,560.0
1753600129970,07:08:49.970,bitmex,ACT/USDT:USDT,0.0456,480.0,0.04522,1160.0,0.04666,320.0,0.04699,560.0
1753600131224,07:08:51.224,bitmex,ACT/USDT:USDT,0.0456,480.0,0.04522,1160.0,0.04666,320.0,0.04699,560.0
1753600131273,07:08:51.273,bitmex,ACT/USDT:USDT,0.0456,480.0,0.04523,1080.0,0.04666,320.0,0.04699,560.0
1753600132451,07:08:52.451,bitmex,ACT/USDT:USDT,0.0456,480.0,0.04523,1080.0,0.04666,320.0,0.04699,560.0
1753600132501,07:08:52.501,bitmex,ACT/USDT:USDT,0.0456,480.0,0.04523,1080.0,0.04666,320.0,0.04699,560.0
1753600133722,07:08:53.722,bitmex,ACT/USDT:USDT,0.0456,480.0,0.04523,1080.0,0.04666,320.0,0.04699,560.0
1753600133771,07:08:53.771,bitmex,ACT/USDT:USDT,0.0456,480.0,0.04523,1080.0,0.04666,320.0,0.04699,560.0
1753600135597,07:08:55.597,bitmex,ACT/USDT:USDT,0.0456,480.0,0.04523,1080.0,0.04666,320.0,0.04699,560.0
1753600135646,07:08:55.646,bitmex,ACT/USDT:USDT,0.0456,480.0,0.04523,1080.0,0.04666,320.0,0.04699,560.0
1753600136572,07:08:56.572,bitmex,ACT/USDT:USDT,0.0456,480.0,0.04523,1080.0,0.04666,320.0,0.04699,560.0
1753600136622,07:08:56.622,bitmex,ACT/USDT:USDT,0.0456,480.0,0.04523,1080.0,0.04666,320.0,0.04699,560.0
1753600137740,07:08:57.740,bitmex,ACT/USDT:USDT,0.0456,480.0,0.04523,1080.0,0.04666,320.0,0.04699,560.0
1753600137790,07:08:57.790,bitmex,ACT/USDT:USDT,0.04561,500.0,0.04523,1080.0,0.04666,320.0,0.04699,50.0
1753600138998,07:08:58.998,bitmex,ACT/USDT:USDT,0.04561,500.0,0.04523,1080.0,0.04666,320.0,0.04699,50.0
1753600139048,07:08:59.048,bitmex,ACT/USDT:USDT,0.04561,500.0,0.04523,1080.0,0.04666,320.0,0.04699,50.0
1753600140278,07:09:00.278,bitmex,ACT/USDT:USDT,0.04561,500.0,0.04523,1080.0,0.04666,320.0,0.04699,50.0
1753600140327,07:09:00.327,bitmex,ACT/USDT:USDT,0.04561,500.0,0.04523,1080.0,0.04666,320.0,0.04699,50.0
1753600141540,07:09:01.540,bitmex,ACT/USDT:USDT,0.04561,500.0,0.04523,1080.0,0.04666,320.0,0.04699,50.0
1753600141618,07:09:01.618,bitmex,ACT/USDT:USDT,0.04561,500.0,0.04523,1080.0,0.04666,320.0,0.04699,50.0
1753600142907,07:09:02.907,bitmex,ACT/USDT:USDT,0.04561,500.0,0.04523,1080.0,0.04666,320.0,0.04699,50.0
1753600142956,07:09:02.956,bitmex,ACT/USDT:USDT,0.04561,500.0,0.04523,1080.0,0.04666,320.0,0.04699,50.0
1753600144016,07:09:04.016,bitmex,ACT/USDT:USDT,0.04561,500.0,0.04523,1080.0,0.04666,320.0,0.04699,50.0
1753600144076,07:09:04.076,bitmex,ACT/USDT:USDT,0.04561,500.0,0.04523,1080.0,0.04666,320.0,0.04699,50.0
1753600145386,07:09:05.386,bitmex,ACT/USDT:USDT,0.04561,500.0,0.04523,1080.0,0.04666,320.0,0.04699,50.0
1753600145435,07:09:05.435,bitmex,ACT/USDT:USDT,0.04561,500.0,0.04523,1080.0,0.04666,320.0,0.04699,50.0
1753600146574,07:09:06.574,bitmex,ACT/USDT:USDT,0.04561,500.0,0.04523,1080.0,0.04666,320.0,0.04699,50.0
1753600146624,07:09:06.624,bitmex,ACT/USDT:USDT,0.04561,500.0,0.04523,1080.0,0.04666,320.0,0.04699,50.0
1753600147968,07:09:07.968,bitmex,ACT/USDT:USDT,0.04561,500.0,0.04525,1080.0,0.04666,320.0,0.04699,50.0
1753600148018,07:09:08.018,bitmex,ACT/USDT:USDT,0.04562,520.0,0.04525,1080.0,0.04666,320.0,0.04699,50.0
1753600149135,07:09:09.135,bitmex,ACT/USDT:USDT,0.04562,520.0,0.04525,1080.0,0.04666,320.0,0.04699,50.0
1753600149185,07:09:09.185,bitmex,ACT/USDT:USDT,0.04562,520.0,0.04525,1080.0,0.04666,320.0,0.04699,50.0
1753600150461,07:09:10.461,bitmex,ACT/USDT:USDT,0.04562,520.0,0.04525,1080.0,0.04666,320.0,0.04699,50.0
1753600150511,07:09:10.511,bitmex,ACT/USDT:USDT,0.04562,520.0,0.04525,1080.0,0.04666,320.0,0.04699,50.0
1753600151767,07:09:11.767,bitmex,ACT/USDT:USDT,0.04562,520.0,0.04525,1080.0,0.04666,320.0,0.04699,50.0
1753600151817,07:09:11.817,bitmex,ACT/USDT:USDT,0.04562,520.0,0.04525,1080.0,0.04666,320.0,0.04699,50.0
1753600153091,07:09:13.091,bitmex,ACT/USDT:USDT,0.04562,520.0,0.04525,1080.0,0.04666,320.0,0.04699,50.0
1753600153144,07:09:13.144,bitmex,ACT/USDT:USDT,0.04562,520.0,0.04525,1080.0,0.04666,320.0,0.04699,50.0
1753600154279,07:09:14.279,bitmex,ACT/USDT:USDT,0.04562,520.0,0.04525,1080.0,0.04666,320.0,0.04699,50.0
1753600154328,07:09:14.328,bitmex,ACT/USDT:USDT,0.04562,520.0,0.04525,1080.0,0.04666,320.0,0.04699,50.0
1753600155619,07:09:15.619,bitmex,ACT/USDT:USDT,0.04562,520.0,0.04525,1080.0,0.04666,320.0,0.04699,50.0
1753600155668,07:09:15.668,bitmex,ACT/USDT:USDT,0.04562,520.0,0.04525,1080.0,0.04666,320.0,0.04699,50.0
1753600156822,07:09:16.822,bitmex,ACT/USDT:USDT,0.04562,520.0,0.04525,1080.0,0.04666,320.0,0.04699,50.0
1753600156872,07:09:16.872,bitmex,ACT/USDT:USDT,0.04562,520.0,0.04525,1080.0,0.04666,320.0,0.04699,50.0
1753600158127,07:09:18.127,bitmex,ACT/USDT:USDT,0.04561,500.0,0.04525,1080.0,0.04666,320.0,0.04699,50.0
1753600158198,07:09:18.198,bitmex,ACT/USDT:USDT,0.04561,500.0,0.04525,1080.0,0.04666,320.0,0.04699,50.0
1753600160535,07:09:20.535,bitmex,ACT/USDT:USDT,0.04561,500.0,0.04525,1080.0,0.04666,320.0,0.04699,50.0
1753600160585,07:09:20.585,bitmex,ACT/USDT:USDT,0.04561,500.0,0.04525,1080.0,0.04666,320.0,0.04699,50.0
1753600161747,07:09:21.747,bitmex,ACT/USDT:USDT,0.04561,500.0,0.04525,1080.0,0.04666,320.0,0.04699,50.0
1753600161796,07:09:21.796,bitmex,ACT/USDT:USDT,0.04561,500.0,0.04525,1080.0,0.04666,320.0,0.04699,50.0
1753600163019,07:09:23.019,bitmex,ACT/USDT:USDT,0.04561,500.0,0.04525,1080.0,0.04666,320.0,0.04699,50.0
1753600163079,07:09:23.079,bitmex,ACT/USDT:USDT,0.04561,500.0,0.04525,1080.0,0.04666,320.0,0.04699,50.0
1753600164299,07:09:24.299,bitmex,ACT/USDT:USDT,0.04561,500.0,0.04525,1080.0,0.04666,320.0,0.04699,50.0
1753600164349,07:09:24.349,bitmex,ACT/USDT:USDT,0.04561,500.0,0.04524,1100.0,0.04666,320.0,0.04699,50.0
1753600165687,07:09:25.687,bitmex,ACT/USDT:USDT,0.04561,500.0,0.04524,1100.0,0.04666,320.0,0.04699,50.0
1753600165737,07:09:25.737,bitmex,ACT/USDT:USDT,0.04561,500.0,0.04524,1100.0,0.04666,320.0,0.04699,50.0
1753600166803,07:09:26.803,bitmex,ACT/USDT:USDT,0.04561,500.0,0.04524,1100.0,0.04666,320.0,0.04699,50.0
1753600166853,07:09:26.853,bitmex,ACT/USDT:USDT,0.04561,500.0,0.04524,1100.0,0.04666,320.0,0.04699,50.0
1753600168150,07:09:28.150,bitmex,ACT/USDT:USDT,0.04561,500.0,0.04524,1100.0,0.04666,320.0,0.04699,50.0
1753600168200,07:09:28.200,bitmex,ACT/USDT:USDT,0.04561,500.0,0.04524,1100.0,0.04666,320.0,0.04699,50.0
1753600169329,07:09:29.329,bitmex,ACT/USDT:USDT,0.04561,500.0,0.04524,1100.0,0.04666,320.0,0.04699,50.0
1753600169379,07:09:29.379,bitmex,ACT/USDT:USDT,0.0456,490.0,0.04524,1100.0,0.04666,320.0,0.04699,570.0
1753600170742,07:09:30.742,bitmex,ACT/USDT:USDT,0.0456,490.0,0.04524,1100.0,0.04666,320.0,0.04699,570.0
1753600170792,07:09:30.792,bitmex,ACT/USDT:USDT,0.0456,490.0,0.04524,1100.0,0.04666,320.0,0.04699,570.0
1753600171989,07:09:31.989,bitmex,ACT/USDT:USDT,0.0456,490.0,0.04524,1100.0,0.04666,320.0,0.04699,570.0
1753600172039,07:09:32.039,bitmex,ACT/USDT:USDT,0.0456,490.0,0.04524,1100.0,0.04666,320.0,0.04699,570.0
1753600173319,07:09:33.319,bitmex,ACT/USDT:USDT,0.0456,490.0,0.04524,1100.0,0.04666,320.0,0.04699,570.0
1753600173319,07:09:33.319,bitmex,ACT/USDT:USDT,0.0456,490.0,0.04524,1100.0,0.04666,320.0,0.04699,570.0
1753600173369,07:09:33.369,bitmex,ACT/USDT:USDT,0.0456,490.0,0.04524,1100.0,0.04666,320.0,0.04699,570.0
1753600174412,07:09:34.412,bitmex,ACT/USDT:USDT,0.0456,490.0,0.04524,1100.0,0.04666,320.0,0.04699,570.0
1753600174461,07:09:34.461,bitmex,ACT/USDT:USDT,0.0456,490.0,0.04524,1100.0,0.04666,320.0,0.04699,570.0
1753600175866,07:09:35.866,bitmex,ACT/USDT:USDT,0.0456,490.0,0.04524,1100.0,0.04666,320.0,0.04699,50.0
1753600175915,07:09:35.915,bitmex,ACT/USDT:USDT,0.04561,510.0,0.04524,1100.0,0.04666,320.0,0.04699,50.0
1753600177102,07:09:37.102,bitmex,ACT/USDT:USDT,0.04561,510.0,0.04524,1100.0,0.04666,320.0,0.04699,50.0
1753600177151,07:09:37.151,bitmex,ACT/USDT:USDT,0.04561,510.0,0.04524,1100.0,0.04666,320.0,0.04699,50.0
1753600178450,07:09:38.450,bitmex,ACT/USDT:USDT,0.04561,510.0,0.04524,1100.0,0.04666,320.0,0.04699,50.0
1753600178499,07:09:38.499,bitmex,ACT/USDT:USDT,0.04561,510.0,0.04524,1100.0,0.04666,320.0,0.04699,50.0
1753600179815,07:09:39.815,bitmex,ACT/USDT:USDT,0.04561,510.0,0.04524,1100.0,0.04666,320.0,0.04699,50.0
1753600179864,07:09:39.864,bitmex,ACT/USDT:USDT,0.04561,510.0,0.04524,1100.0,0.04666,320.0,0.04699,50.0
1753600181010,07:09:41.010,bitmex,ACT/USDT:USDT,0.04561,510.0,0.04524,1100.0,0.04666,320.0,0.04699,50.0
1753600181060,07:09:41.060,bitmex,ACT/USDT:USDT,0.02056,62490.0,9e-05,70000.0,0.04666,320.0,0.04699,50.0
1753600187209,07:09:47.209,bitmex,ACT/USDT:USDT,0.04524,1190.0,0.02056,62490.0,0.04666,320.0,0.04699,50.0
1753600187258,07:09:47.258,bitmex,ACT/USDT:USDT,0.04561,500.0,0.04524,1190.0,0.04666,320.0,0.04699,50.0
1753600188362,07:09:48.362,bitmex,ACT/USDT:USDT,0.04561,500.0,0.04524,1190.0,0.04666,320.0,0.04699,50.0
1753600188412,07:09:48.412,bitmex,ACT/USDT:USDT,0.04561,500.0,0.04524,1190.0,0.04666,320.0,0.04699,50.0
1753600189630,07:09:49.630,bitmex,ACT/USDT:USDT,0.04561,500.0,0.04524,1190.0,0.04666,320.0,0.04699,50.0
1753600189679,07:09:49.679,bitmex,ACT/USDT:USDT,0.04561,500.0,0.04524,1190.0,0.04666,320.0,0.04699,50.0
1753600190947,07:09:50.947,bitmex,ACT/USDT:USDT,0.04561,500.0,0.04524,1190.0,0.04666,320.0,0.04699,50.0
1753600190997,07:09:50.997,bitmex,ACT/USDT:USDT,0.04561,500.0,0.04524,1190.0,0.04666,320.0,0.04699,50.0
1753600193218,07:09:53.218,bitmex,ACT/USDT:USDT,0.04561,500.0,0.04524,1190.0,0.04666,320.0,0.04699,50.0
1753600193267,07:09:53.267,bitmex,ACT/USDT:USDT,0.04561,500.0,0.04524,1190.0,0.04666,320.0,0.04699,50.0
1753600194181,07:09:54.181,bitmex,ACT/USDT:USDT,0.04561,500.0,0.04524,1190.0,0.04666,320.0,0.04699,50.0
1753600194248,07:09:54.248,bitmex,ACT/USDT:USDT,0.04561,500.0,0.04524,1190.0,0.04666,320.0,0.04699,50.0
1753600195452,07:09:55.452,bitmex,ACT/USDT:USDT,0.04561,500.0,0.04524,1190.0,0.04666,320.0,0.04699,50.0
1753600195501,07:09:55.501,bitmex,ACT/USDT:USDT,0.02056,62490.0,9e-05,70000.0,0.04666,320.0,0.04699,50.0
1753600201809,07:10:01.809,bitmex,ACT/USDT:USDT,0.02056,62490.0,9e-05,70000.0,0.04666,320.0,0.04699,50.0
1753600201859,07:10:01.859,bitmex,ACT/USDT:USDT,0.04561,490.0,0.02056,62490.0,0.04666,320.0,0.04699,50.0
1753600201909,07:10:01.909,bitmex,ACT/USDT:USDT,0.04561,490.0,0.04302,1490.0,0.04666,320.0,0.04699,50.0
1753600201958,07:10:01.958,bitmex,ACT/USDT:USDT,0.04561,490.0,0.04302,1490.0,0.04666,320.0,0.04699,50.0
1753600203057,07:10:03.057,bitmex,ACT/USDT:USDT,0.04561,490.0,0.04302,1490.0,0.04666,320.0,0.04699,50.0
1753600203107,07:10:03.107,bitmex,ACT/USDT:USDT,0.04561,490.0,0.04302,1490.0,0.04666,320.0,0.04699,50.0
1753600204330,07:10:04.330,bitmex,ACT/USDT:USDT,0.04561,490.0,0.04302,1490.0,0.04666,320.0,0.04699,50.0
1753600204380,07:10:04.380,bitmex,ACT/USDT:USDT,0.04561,490.0,0.04302,1490.0,0.04666,320.0,0.04699,50.0
1753600205589,07:10:05.589,bitmex,ACT/USDT:USDT,0.04561,490.0,0.04302,1490.0,0.04666,320.0,0.04699,50.0
1753600205639,07:10:05.639,bitmex,ACT/USDT:USDT,0.04561,490.0,0.04302,1490.0,0.04666,320.0,0.04699,50.0
1753600206860,07:10:06.860,bitmex,ACT/USDT:USDT,0.04561,490.0,0.04302,1490.0,0.04666,320.0,0.04699,50.0
1753600206909,07:10:06.909,bitmex,ACT/USDT:USDT,0.04561,490.0,0.04302,1490.0,0.04666,320.0,0.04699,50.0
1753600208130,07:10:08.130,bitmex,ACT/USDT:USDT,0.04559,480.0,0.04302,1490.0,0.04666,320.0,0.04699,50.0
1753600208180,07:10:08.180,bitmex,ACT/USDT:USDT,0.04559,480.0,0.04302,1490.0,0.04666,320.0,0.04698,510.0
1753600208237,07:10:08.237,bitmex,ACT/USDT:USDT,0.04559,480.0,0.04302,1490.0,0.04666,320.0,0.04698,510.0
1753600208287,07:10:08.287,bitmex,ACT/USDT:USDT,0.04559,480.0,0.04302,1490.0,0.04666,320.0,0.04697,50.0
1753600209468,07:10:09.468,bitmex,ACT/USDT:USDT,0.04559,480.0,0.04302,1490.0,0.04666,320.0,0.04697,50.0
1753600210703,07:10:10.703,bitmex,ACT/USDT:USDT,0.04559,480.0,0.04302,1490.0,0.04666,320.0,0.04697,50.0
1753600210753,07:10:10.753,bitmex,ACT/USDT:USDT,0.04559,480.0,0.04522,1190.0,0.04666,320.0,0.04697,50.0
1753600211943,07:10:11.943,bitmex,ACT/USDT:USDT,0.04559,480.0,0.04522,1190.0,0.04666,320.0,0.04697,570.0
1753600211992,07:10:11.992,bitmex,ACT/USDT:USDT,0.04558,480.0,0.04522,1190.0,0.04666,320.0,0.04697,570.0
1753600212041,07:10:12.041,bitmex,ACT/USDT:USDT,0.04558,480.0,0.04522,1190.0,0.04666,320.0,0.04697,570.0
1753600213304,07:10:13.304,bitmex,ACT/USDT:USDT,0.04558,480.0,0.04522,1190.0,0.04666,320.0,0.04697,570.0
1753600213353,07:10:13.353,bitmex,ACT/USDT:USDT,0.04558,480.0,0.04522,1190.0,0.04666,320.0,0.04697,570.0
1753600214638,07:10:14.638,bitmex,ACT/USDT:USDT,0.04556,490.0,0.04522,1190.0,0.04666,320.0,0.04697,570.0
1753600214716,07:10:14.716,bitmex,ACT/USDT:USDT,0.04556,490.0,0.04522,1190.0,0.04666,320.0,0.04697,570.0
1753600214766,07:10:14.766,bitmex,ACT/USDT:USDT,0.04556,490.0,0.04522,1190.0,0.04666,320.0,0.04696,500.0
1753600215768,07:10:15.768,bitmex,ACT/USDT:USDT,0.04556,490.0,0.04522,1190.0,0.04666,320.0,0.04695,50.0
1753600215817,07:10:15.817,bitmex,ACT/USDT:USDT,0.04556,490.0,0.04522,1190.0,0.04666,320.0,0.04695,50.0
1753600215930,07:10:15.930,bitmex,ACT/USDT:USDT,0.04556,490.0,0.04522,1190.0,0.04666,320.0,0.04695,50.0
1753600215979,07:10:15.979,bitmex,ACT/USDT:USDT,0.04556,490.0,0.04522,1190.0,0.04666,320.0,0.04695,50.0
1753600218449,07:10:18.449,bitmex,ACT/USDT:USDT,0.04558,500.0,0.04522,1190.0,0.04666,320.0,0.04695,50.0
1753600218520,07:10:18.520,bitmex,ACT/USDT:USDT,0.04558,500.0,0.04522,1190.0,0.04666,320.0,0.04695,50.0
1753600218569,07:10:18.569,bitmex,ACT/USDT:USDT,0.04558,500.0,0.04522,1190.0,0.04666,320.0,0.04695,50.0
1753600219347,07:10:19.347,bitmex,ACT/USDT:USDT,0.04558,500.0,0.04522,1190.0,0.04666,320.0,0.04695,50.0
1753600219396,07:10:19.396,bitmex,ACT/USDT:USDT,0.04558,500.0,0.04522,1190.0,0.04666,320.0,0.04695,50.0
1753600220613,07:10:20.613,bitmex,ACT/USDT:USDT,0.04558,500.0,0.04484,1160.0,0.04666,320.0,0.04695,50.0
1753600220662,07:10:20.662,bitmex,ACT/USDT:USDT,0.04558,500.0,0.04484,1160.0,0.04666,320.0,0.04695,50.0
1753600221900,07:10:21.900,bitmex,ACT/USDT:USDT,0.04558,500.0,0.04447,1270.0,0.04666,320.0,0.04695,50.0
1753600221950,07:10:21.950,bitmex,ACT/USDT:USDT,0.04558,500.0,0.04447,1270.0,0.04666,320.0,0.04695,50.0
1753600223156,07:10:23.156,bitmex,ACT/USDT:USDT,0.04558,500.0,0.04447,1270.0,0.04666,320.0,0.04695,50.0
1753600223206,07:10:23.206,bitmex,ACT/USDT:USDT,0.04558,500.0,0.04409,1320.0,0.04666,320.0,0.04695,50.0
1753600224447,07:10:24.447,bitmex,ACT/USDT:USDT,0.04558,500.0,0.04372,1430.0,0.04666,320.0,0.04695,50.0
1753600224508,07:10:24.508,bitmex,ACT/USDT:USDT,0.04558,500.0,0.04372,1430.0,0.04666,320.0,0.04695,50.0
1753600225710,07:10:25.710,bitmex,ACT/USDT:USDT,0.04558,500.0,0.04336,1450.0,0.04666,320.0,0.04695,50.0
1753600225759,07:10:25.759,bitmex,ACT/USDT:USDT,0.04558,500.0,0.04336,1450.0,0.04666,320.0,0.04695,50.0
1753600226966,07:10:26.966,bitmex,ACT/USDT:USDT,0.04558,500.0,0.04336,1450.0,0.04666,320.0,0.04695,50.0
1753600227016,07:10:27.016,bitmex,ACT/USDT:USDT,0.04558,500.0,0.04302,1490.0,0.04666,320.0,0.04695,50.0
1753600228289,07:10:28.289,bitmex,ACT/USDT:USDT,0.04558,500.0,0.04521,1190.0,0.04666,320.0,0.04695,50.0
1753600228339,07:10:28.339,bitmex,ACT/USDT:USDT,0.04558,500.0,0.04521,1190.0,0.04666,320.0,0.04695,50.0
1753600229609,07:10:29.609,bitmex,ACT/USDT:USDT,0.04558,500.0,0.04521,1190.0,0.04666,320.0,0.04695,50.0
1753600229658,07:10:29.658,bitmex,ACT/USDT:USDT,0.04558,500.0,0.04521,1190.0,0.04666,320.0,0.04695,50.0
1753600230782,07:10:30.782,bitmex,ACT/USDT:USDT,0.04558,500.0,0.04521,1190.0,0.04666,320.0,0.04695,50.0
1753600230839,07:10:30.839,bitmex,ACT/USDT:USDT,0.04558,500.0,0.04521,1190.0,0.04666,320.0,0.04697,490.0
1753600231152,07:10:31.152,bitmex,ACT/USDT:USDT,0.04558,500.0,0.04521,1190.0,0.04666,320.0,0.04697,490.0
1753600231201,07:10:31.201,bitmex,ACT/USDT:USDT,0.04558,500.0,0.04521,1190.0,0.04666,320.0,0.04696,50.0
1753600232137,07:10:32.137,bitmex,ACT/USDT:USDT,0.04558,500.0,0.04521,1190.0,0.04666,320.0,0.04696,50.0
1753600232187,07:10:32.187,bitmex,ACT/USDT:USDT,0.0456,500.0,0.04521,1190.0,0.04666,320.0,0.04696,50.0
1753600233627,07:10:33.627,bitmex,ACT/USDT:USDT,0.0456,500.0,0.04521,1190.0,0.04666,320.0,0.04696,50.0
1753600233677,07:10:33.677,bitmex,ACT/USDT:USDT,0.0456,500.0,0.04521,1190.0,0.04666,320.0,0.04696,50.0
1753600234774,07:10:34.774,bitmex,ACT/USDT:USDT,0.0456,500.0,0.04521,1190.0,0.04666,320.0,0.04696,50.0
1753600234826,07:10:34.826,bitmex,ACT/USDT:USDT,0.0456,500.0,0.04521,1190.0,0.04666,320.0,0.04696,50.0
1753600236096,07:10:36.096,bitmex,ACT/USDT:USDT,0.0456,500.0,0.04521,1190.0,0.04666,320.0,0.04696,50.0
1753600236146,07:10:36.146,bitmex,ACT/USDT:USDT,0.0456,500.0,0.04521,1190.0,0.04666,320.0,0.04696,50.0
1753600237418,07:10:37.418,bitmex,ACT/USDT:USDT,0.0456,500.0,0.04521,1190.0,0.04666,320.0,0.04696,50.0
1753600237467,07:10:37.467,bitmex,ACT/USDT:USDT,0.0456,500.0,0.04521,1190.0,0.04666,320.0,0.04696,50.0
1753600238451,07:10:38.451,bitmex,ACT/USDT:USDT,0.0456,500.0,0.04521,1190.0,0.04666,320.0,0.04696,50.0
1753600238500,07:10:38.500,bitmex,ACT/USDT:USDT,0.0456,500.0,0.04521,1190.0,0.04666,320.0,0.04696,50.0
1753600239698,07:10:39.698,bitmex,ACT/USDT:USDT,0.0456,500.0,0.04521,1190.0,0.04666,320.0,0.04696,50.0
1753600239747,07:10:39.747,bitmex,ACT/USDT:USDT,0.0456,500.0,0.04521,1190.0,0.04666,320.0,0.04696,50.0
1753600240920,07:10:40.920,bitmex,ACT/USDT:USDT,0.0456,500.0,0.04521,1190.0,0.04666,320.0,0.04696,50.0
1753600240970,07:10:40.970,bitmex,ACT/USDT:USDT,0.0456,500.0,0.04521,1190.0,0.04666,320.0,0.04696,50.0
1753600242177,07:10:42.177,bitmex,ACT/USDT:USDT,0.0456,500.0,0.04521,1190.0,0.04666,320.0,0.04696,50.0
1753600242227,07:10:42.227,bitmex,ACT/USDT:USDT,0.0456,500.0,0.04521,1190.0,0.04666,320.0,0.04696,50.0
1753600243448,07:10:43.448,bitmex,ACT/USDT:USDT,0.0456,500.0,0.04521,1190.0,0.04666,320.0,0.04696,50.0
1753600243498,07:10:43.498,bitmex,ACT/USDT:USDT,0.0456,500.0,0.04521,1190.0,0.04666,320.0,0.04696,50.0
1753600244709,07:10:44.709,bitmex,ACT/USDT:USDT,0.0456,500.0,0.04521,1190.0,0.04666,320.0,0.04696,50.0
1753600244758,07:10:44.758,bitmex,ACT/USDT:USDT,0.0456,500.0,0.04523,1170.0,0.04666,320.0,0.04696,50.0
1753600246000,07:10:46.000,bitmex,ACT/USDT:USDT,0.0456,500.0,0.04523,1170.0,0.04666,320.0,0.04696,50.0
1753600246069,07:10:46.069,bitmex,ACT/USDT:USDT,0.0456,500.0,0.04523,1170.0,0.04666,320.0,0.04696,50.0
1753600247312,07:10:47.312,bitmex,ACT/USDT:USDT,0.0456,500.0,0.04523,1170.0,0.04666,320.0,0.04696,50.0
1753600247361,07:10:47.361,bitmex,ACT/USDT:USDT,0.04557,510.0,0.04523,1170.0,0.04666,320.0,0.04696,550.0
1753600248911,07:10:48.911,bitmex,ACT/USDT:USDT,0.04557,480.0,0.04523,1170.0,0.04666,320.0,0.04696,550.0
1753600248961,07:10:48.961,bitmex,ACT/USDT:USDT,0.04557,480.0,0.04523,1170.0,0.04666,320.0,0.04696,550.0
1753600249010,07:10:49.010,bitmex,ACT/USDT:USDT,0.04557,480.0,0.04523,1170.0,0.04666,320.0,0.04696,50.0
1753600249849,07:10:49.849,bitmex,ACT/USDT:USDT,0.04557,480.0,0.04523,1170.0,0.04666,320.0,0.04696,50.0
1753600249898,07:10:49.898,bitmex,ACT/USDT:USDT,0.04557,480.0,0.04523,1170.0,0.04666,320.0,0.04696,50.0
1753600251113,07:10:51.113,bitmex,ACT/USDT:USDT,0.04557,480.0,0.04523,1170.0,0.04666,320.0,0.04696,50.0
1753600251162,07:10:51.162,bitmex,ACT/USDT:USDT,0.04557,490.0,0.04523,1170.0,0.04666,320.0,0.04696,530.0
1753600252750,07:10:52.750,bitmex,ACT/USDT:USDT,0.04557,490.0,0.04523,1170.0,0.04666,320.0,0.04696,530.0
1753600252800,07:10:52.800,bitmex,ACT/USDT:USDT,0.04557,490.0,0.04523,1170.0,0.04666,320.0,0.04696,530.0
1753600253853,07:10:53.853,bitmex,ACT/USDT:USDT,0.04557,490.0,0.04523,1170.0,0.04666,320.0,0.04696,530.0
1753600253902,07:10:53.902,bitmex,ACT/USDT:USDT,0.04557,490.0,0.04523,1170.0,0.04666,320.0,0.04696,530.0
1753600255239,07:10:55.239,bitmex,ACT/USDT:USDT,0.04557,490.0,0.04523,1170.0,0.04666,320.0,0.04696,530.0
1753600255318,07:10:55.318,bitmex,ACT/USDT:USDT,0.04557,490.0,0.04523,1170.0,0.04666,320.0,0.04696,530.0
1753600256627,07:10:56.627,bitmex,ACT/USDT:USDT,0.04557,490.0,0.04523,1170.0,0.04666,320.0,0.04696,530.0
1753600256676,07:10:56.676,bitmex,ACT/USDT:USDT,0.04557,490.0,0.04523,1170.0,0.04666,320.0,0.04696,530.0
1753600257891,07:10:57.891,bitmex,ACT/USDT:USDT,0.04557,490.0,0.04523,1170.0,0.04666,320.0,0.04696,50.0
1753600257941,07:10:57.941,bitmex,ACT/USDT:USDT,0.04558,510.0,0.04523,1170.0,0.04666,320.0,0.04696,50.0
1753600257990,07:10:57.990,bitmex,ACT/USDT:USDT,0.04558,510.0,0.04523,1170.0,0.04666,320.0,0.04696,50.0
1753600259177,07:10:59.177,bitmex,ACT/USDT:USDT,0.04558,510.0,0.04523,1170.0,0.04666,320.0,0.04696,50.0
1753600259226,07:10:59.226,bitmex,ACT/USDT:USDT,0.04558,510.0,0.04523,1170.0,0.04666,320.0,0.04696,50.0
1753600260542,07:11:00.542,bitmex,ACT/USDT:USDT,0.04558,510.0,0.04523,1170.0,0.04666,320.0,0.04696,50.0
1753600260592,07:11:00.592,bitmex,ACT/USDT:USDT,0.04558,510.0,0.04523,1170.0,0.04666,320.0,0.04696,50.0
1753600261821,07:11:01.821,bitmex,ACT/USDT:USDT,0.04558,510.0,0.04521,1170.0,0.04666,320.0,0.04696,50.0
1753600261870,07:11:01.870,bitmex,ACT/USDT:USDT,0.04558,510.0,0.04521,1170.0,0.04666,320.0,0.04696,50.0
1753600262778,07:11:02.778,bitmex,ACT/USDT:USDT,0.04559,500.0,0.04521,1170.0,0.04666,320.0,0.04696,50.0
1753600262828,07:11:02.828,bitmex,ACT/USDT:USDT,0.04559,500.0,0.04521,1170.0,0.04666,320.0,0.04696,50.0
1753600262877,07:11:02.877,bitmex,ACT/USDT:USDT,0.04559,500.0,0.04521,1170.0,0.04666,320.0,0.04696,50.0
1753600264008,07:11:04.008,bitmex,ACT/USDT:USDT,0.04559,500.0,0.04521,1170.0,0.04666,320.0,0.04696,50.0
1753600264057,07:11:04.057,bitmex,ACT/USDT:USDT,0.04559,500.0,0.04521,1170.0,0.04666,320.0,0.04696,50.0
1753600265384,07:11:05.384,bitmex,ACT/USDT:USDT,0.04559,500.0,0.04521,1170.0,0.04666,320.0,0.04696,50.0
1753600265446,07:11:05.446,bitmex,ACT/USDT:USDT,0.04559,500.0,0.04521,1170.0,0.04666,320.0,0.04696,50.0
1753600266546,07:11:06.546,bitmex,ACT/USDT:USDT,0.04559,500.0,0.04521,1170.0,0.04666,320.0,0.04696,50.0
1753600266596,07:11:06.596,bitmex,ACT/USDT:USDT,0.04559,500.0,0.04521,1170.0,0.04666,320.0,0.04696,50.0
1753600268050,07:11:08.050,bitmex,ACT/USDT:USDT,0.04559,500.0,0.04521,1170.0,0.04666,320.0,0.04696,50.0
1753600268099,07:11:08.099,bitmex,ACT/USDT:USDT,0.04559,500.0,0.04521,1170.0,0.04666,320.0,0.04696,50.0
1753600269509,07:11:09.509,bitmex,ACT/USDT:USDT,0.04559,500.0,0.04521,1170.0,0.04666,320.0,0.04696,50.0
1753600269559,07:11:09.559,bitmex,ACT/USDT:USDT,0.04559,500.0,0.04521,1170.0,0.04666,320.0,0.04696,50.0
1753600270356,07:11:10.356,bitmex,ACT/USDT:USDT,0.04559,500.0,0.04521,1170.0,0.04666,320.0,0.04696,50.0
1753600270406,07:11:10.406,bitmex,ACT/USDT:USDT,0.04559,500.0,0.04521,1170.0,0.04666,320.0,0.04696,50.0
1753600271614,07:11:11.614,bitmex,ACT/USDT:USDT,0.04559,500.0,0.04521,1170.0,0.04666,320.0,0.04696,50.0
1753600271663,07:11:11.663,bitmex,ACT/USDT:USDT,0.04559,500.0,0.04521,1170.0,0.04666,320.0,0.04696,50.0
1753600272967,07:11:12.967,bitmex,ACT/USDT:USDT,0.04559,500.0,0.04521,1170.0,0.04666,320.0,0.04696,50.0
1753600273016,07:11:13.016,bitmex,ACT/USDT:USDT,0.04559,500.0,0.04521,1170.0,0.04666,320.0,0.04696,50.0
1753600274133,07:11:14.133,bitmex,ACT/USDT:USDT,0.04559,500.0,0.04521,1170.0,0.04666,320.0,0.04696,50.0
1753600274182,07:11:14.182,bitmex,ACT/USDT:USDT,0.04559,500.0,0.04521,1170.0,0.04666,320.0,0.04696,50.0
1753600275422,07:11:15.422,bitmex,ACT/USDT:USDT,0.04559,500.0,0.04521,1170.0,0.04666,320.0,0.04696,50.0
1753600275471,07:11:15.471,bitmex,ACT/USDT:USDT,0.04559,500.0,0.04521,1170.0,0.04666,320.0,0.04696,50.0
1753600276628,07:11:16.628,bitmex,ACT/USDT:USDT,0.04559,500.0,0.04521,1170.0,0.04666,320.0,0.04696,50.0
1753600276678,07:11:16.678,bitmex,ACT/USDT:USDT,0.04559,500.0,0.04521,1170.0,0.04666,320.0,0.04696,50.0
1753600278094,07:11:18.094,bitmex,ACT/USDT:USDT,0.04559,500.0,0.04521,1170.0,0.04666,320.0,0.04696,50.0
1753600278144,07:11:18.144,bitmex,ACT/USDT:USDT,0.04559,500.0,0.04522,1170.0,0.04666,320.0,0.04696,50.0
1753600280479,07:11:20.479,bitmex,ACT/USDT:USDT,0.04559,500.0,0.04522,1170.0,0.04666,320.0,0.04696,50.0
1753600281707,07:11:21.707,bitmex,ACT/USDT:USDT,0.04559,500.0,0.04522,1170.0,0.04666,320.0,0.04696,50.0
1753600283020,07:11:23.020,bitmex,ACT/USDT:USDT,0.04559,500.0,0.04522,1170.0,0.04666,320.0,0.04696,50.0
1753600284295,07:11:24.295,bitmex,ACT/USDT:USDT,0.04559,500.0,0.04522,1170.0,0.04666,320.0,0.04696,50.0
1753600284344,07:11:24.344,bitmex,ACT/USDT:USDT,0.04558,480.0,0.04522,1170.0,0.04666,320.0,0.04696,50.0
1753600285839,07:11:25.839,bitmex,ACT/USDT:USDT,0.04558,480.0,0.04522,1170.0,0.04666,320.0,0.04696,50.0
1753600285888,07:11:25.888,bitmex,ACT/USDT:USDT,0.04558,480.0,0.04522,1170.0,0.04666,320.0,0.04696,50.0
1753600286851,07:11:26.851,bitmex,ACT/USDT:USDT,0.04557,490.0,0.04522,1170.0,0.04666,320.0,0.04696,50.0
1753600286901,07:11:26.901,bitmex,ACT/USDT:USDT,0.04557,490.0,0.04522,1170.0,0.04666,320.0,0.04696,540.0
1753600286950,07:11:26.950,bitmex,ACT/USDT:USDT,0.04557,490.0,0.04522,1170.0,0.04666,320.0,0.04696,540.0
1753600286999,07:11:26.999,bitmex,ACT/USDT:USDT,0.04557,490.0,0.04522,1170.0,0.04666,320.0,0.04696,540.0
1753600288191,07:11:28.191,bitmex,ACT/USDT:USDT,0.04557,490.0,0.04522,1170.0,0.04666,320.0,0.04696,540.0
1753600288241,07:11:28.241,bitmex,ACT/USDT:USDT,0.04557,490.0,0.04522,1170.0,0.04666,320.0,0.04696,540.0
1753600289837,07:11:29.837,bitmex,ACT/USDT:USDT,0.04557,490.0,0.04522,1170.0,0.04666,320.0,0.04696,540.0
1753600289886,07:11:29.886,bitmex,ACT/USDT:USDT,0.04557,490.0,0.04522,1170.0,0.04666,320.0,0.04696,540.0
1753600290880,07:11:30.880,bitmex,ACT/USDT:USDT,0.04557,490.0,0.04522,1170.0,0.04666,320.0,0.04696,540.0
1753600290930,07:11:30.930,bitmex,ACT/USDT:USDT,0.04557,490.0,0.04522,1170.0,0.04666,320.0,0.04696,540.0
1753600292022,07:11:32.022,bitmex,ACT/USDT:USDT,0.04557,490.0,0.04522,1170.0,0.04666,320.0,0.04696,540.0
1753600292108,07:11:32.108,bitmex,ACT/USDT:USDT,0.04557,490.0,0.04522,1170.0,0.04666,320.0,0.04696,540.0
1753600293218,07:11:33.218,bitmex,ACT/USDT:USDT,0.04557,490.0,0.04522,1170.0,0.04666,320.0,0.04696,540.0
1753600293268,07:11:33.268,bitmex,ACT/USDT:USDT,0.04557,490.0,0.04522,1170.0,0.04666,320.0,0.04696,540.0
1753600294448,07:11:34.448,bitmex,ACT/USDT:USDT,0.04557,490.0,0.04522,1170.0,0.04666,320.0,0.04696,540.0
1753600294498,07:11:34.498,bitmex,ACT/USDT:USDT,0.04557,490.0,0.04521,1080.0,0.04666,320.0,0.04696,540.0
1753600295654,07:11:35.654,bitmex,ACT/USDT:USDT,0.04557,490.0,0.04521,1080.0,0.04666,320.0,0.04696,540.0
1753600295704,07:11:35.704,bitmex,ACT/USDT:USDT,0.04557,490.0,0.04521,1080.0,0.04666,320.0,0.04696,540.0
1753600296977,07:11:36.977,bitmex,ACT/USDT:USDT,0.04557,490.0,0.04521,1080.0,0.04666,320.0,0.04696,540.0
1753600297026,07:11:37.026,bitmex,ACT/USDT:USDT,0.04557,490.0,0.04521,1080.0,0.04666,320.0,0.04696,540.0
1753600298288,07:11:38.288,bitmex,ACT/USDT:USDT,0.04556,520.0,0.04521,1080.0,0.04666,320.0,0.04696,540.0
1753600298349,07:11:38.349,bitmex,ACT/USDT:USDT,0.04556,520.0,0.04521,1080.0,0.04666,320.0,0.04696,540.0
1753600298399,07:11:38.399,bitmex,ACT/USDT:USDT,0.04556,520.0,0.04521,1080.0,0.04666,320.0,0.04695,500.0
1753600298448,07:11:38.448,bitmex,ACT/USDT:USDT,0.04556,520.0,0.04521,1080.0,0.04666,320.0,0.04695,500.0
1753600298678,07:11:38.678,bitmex,ACT/USDT:USDT,0.04556,520.0,0.04521,1080.0,0.04666,320.0,0.04695,500.0
1753600298727,07:11:38.727,bitmex,ACT/USDT:USDT,0.04556,520.0,0.04521,1080.0,0.04666,320.0,0.04694,50.0
1753600299578,07:11:39.578,bitmex,ACT/USDT:USDT,0.04556,520.0,0.04521,1080.0,0.04666,320.0,0.04694,50.0
1753600299628,07:11:39.628,bitmex,ACT/USDT:USDT,0.04556,520.0,0.04521,1080.0,0.04666,320.0,0.04694,50.0
1753600300759,07:11:40.759,bitmex,ACT/USDT:USDT,0.04556,520.0,0.04521,1080.0,0.04666,320.0,0.04694,50.0
1753600300903,07:11:40.903,bitmex,ACT/USDT:USDT,0.04556,520.0,0.04521,1080.0,0.04666,320.0,0.04694,50.0
1753600302050,07:11:42.050,bitmex,ACT/USDT:USDT,0.04556,520.0,0.04521,1080.0,0.04666,320.0,0.04694,50.0
1753600302099,07:11:42.099,bitmex,ACT/USDT:USDT,0.04556,520.0,0.04521,1080.0,0.04666,320.0,0.04694,50.0
1753600303308,07:11:43.308,bitmex,ACT/USDT:USDT,0.04556,520.0,0.04521,1080.0,0.04666,320.0,0.04694,50.0
1753600303358,07:11:43.358,bitmex,ACT/USDT:USDT,0.04556,520.0,0.04521,1080.0,0.04666,320.0,0.04694,50.0
1753600304749,07:11:44.749,bitmex,ACT/USDT:USDT,0.02056,62490.0,9e-05,70000.0,0.04666,320.0,0.04694,50.0
1753600304841,07:11:44.841,bitmex,ACT/USDT:USDT,0.02056,62490.0,9e-05,70000.0,0.04666,320.0,0.04694,50.0
1753600305866,07:11:45.866,bitmex,ACT/USDT:USDT,0.04556,470.0,0.02056,62490.0,0.04666,320.0,0.04694,50.0
1753600305916,07:11:45.916,bitmex,ACT/USDT:USDT,0.04556,470.0,0.02056,62490.0,0.04666,320.0,0.04694,50.0
1753600305967,07:11:45.967,bitmex,ACT/USDT:USDT,0.04556,470.0,0.04224,1540.0,0.04666,320.0,0.04694,50.0
1753600306017,07:11:46.017,bitmex,ACT/USDT:USDT,0.04556,470.0,0.04224,1540.0,0.04666,320.0,0.04694,50.0
1753600307168,07:11:47.168,bitmex,ACT/USDT:USDT,0.04556,470.0,0.04224,1540.0,0.04666,320.0,0.04694,50.0
1753600307218,07:11:47.218,bitmex,ACT/USDT:USDT,0.04556,470.0,0.04224,1540.0,0.04666,320.0,0.04694,50.0
1753600308457,07:11:48.457,bitmex,ACT/USDT:USDT,0.04556,470.0,0.04224,1540.0,0.04666,320.0,0.04694,50.0
1753600308506,07:11:48.506,bitmex,ACT/USDT:USDT,0.04556,470.0,0.04224,1540.0,0.04666,320.0,0.04694,50.0
1753600309734,07:11:49.734,bitmex,ACT/USDT:USDT,0.04556,470.0,0.04224,1540.0,0.04666,320.0,0.04694,50.0
1753600309784,07:11:49.784,bitmex,ACT/USDT:USDT,0.04556,470.0,0.04224,1540.0,0.04666,320.0,0.04694,50.0
1753600311701,07:11:51.701,bitmex,ACT/USDT:USDT,0.04556,470.0,0.04224,1540.0,0.04666,320.0,0.04694,50.0
1753600311750,07:11:51.750,bitmex,ACT/USDT:USDT,0.04556,470.0,0.04224,1540.0,0.04666,320.0,0.04694,50.0
1753600312819,07:11:52.819,bitmex,ACT/USDT:USDT,0.04556,470.0,0.0452,1080.0,0.04666,320.0,0.04694,50.0
1753600312869,07:11:52.869,bitmex,ACT/USDT:USDT,0.04556,470.0,0.0452,1080.0,0.04666,320.0,0.04694,50.0
1753600314041,07:11:54.041,bitmex,ACT/USDT:USDT,0.04556,470.0,0.0452,1080.0,0.04666,320.0,0.04694,50.0
1753600314108,07:11:54.108,bitmex,ACT/USDT:USDT,0.04556,470.0,0.0452,1080.0,0.04666,320.0,0.04694,50.0
1753600315438,07:11:55.438,bitmex,ACT/USDT:USDT,0.04556,470.0,0.0452,1080.0,0.04666,320.0,0.04694,50.0
1753600315488,07:11:55.488,bitmex,ACT/USDT:USDT,0.04556,470.0,0.0452,1080.0,0.04666,320.0,0.04694,50.0
1753600316589,07:11:56.589,bitmex,ACT/USDT:USDT,0.02056,62490.0,9e-05,70000.0,0.04666,320.0,0.04694,50.0
1753600316719,07:11:56.719,bitmex,ACT/USDT:USDT,0.02056,62490.0,9e-05,70000.0,0.04666,320.0,0.04694,50.0
1753600317516,07:11:57.516,bitmex,ACT/USDT:USDT,0.02056,62490.0,9e-05,70000.0,0.04666,320.0,0.04694,50.0
1753600317565,07:11:57.565,bitmex,ACT/USDT:USDT,0.02056,62490.0,9e-05,70000.0,0.04666,320.0,0.06999,50.0
1753600320480,07:12:00.480,bitmex,ACT/USDT:USDT,0.02056,62490.0,9e-05,70000.0,0.04666,320.0,0.04695,500.0
1753600320530,07:12:00.530,bitmex,ACT/USDT:USDT,0.04556,510.0,0.04409,1320.0,0.04666,320.0,0.04695,500.0
1753600320579,07:12:00.579,bitmex,ACT/USDT:USDT,0.04556,510.0,0.04409,1320.0,0.04666,320.0,0.04695,500.0
1753600320914,07:12:00.914,bitmex,ACT/USDT:USDT,0.04556,510.0,0.04409,1320.0,0.04666,320.0,0.04695,500.0
1753600320964,07:12:00.964,bitmex,ACT/USDT:USDT,0.04556,510.0,0.04409,1320.0,0.04666,320.0,0.04695,500.0
1753600321792,07:12:01.792,bitmex,ACT/USDT:USDT,0.04556,510.0,0.04409,1320.0,0.04666,320.0,0.04695,500.0
1753600321841,07:12:01.841,bitmex,ACT/USDT:USDT,0.04556,510.0,0.04409,1320.0,0.04666,320.0,0.04695,500.0
1753600323217,07:12:03.217,bitmex,ACT/USDT:USDT,0.04556,510.0,0.04409,1320.0,0.04666,320.0,0.04695,500.0
1753600323302,07:12:03.302,bitmex,ACT/USDT:USDT,0.04556,510.0,0.04409,1320.0,0.04666,320.0,0.04695,500.0
1753600324507,07:12:04.507,bitmex,ACT/USDT:USDT,0.04556,510.0,0.04409,1320.0,0.04666,320.0,0.04695,500.0
1753600324556,07:12:04.556,bitmex,ACT/USDT:USDT,0.04556,510.0,0.04409,1320.0,0.04666,320.0,0.04695,500.0
1753600325755,07:12:05.755,bitmex,ACT/USDT:USDT,0.04556,510.0,0.04409,1320.0,0.04666,320.0,0.04695,500.0
1753600325817,07:12:05.817,bitmex,ACT/USDT:USDT,0.04556,510.0,0.04409,1320.0,0.04666,320.0,0.04695,500.0
1753600326793,07:12:06.793,bitmex,ACT/USDT:USDT,0.04556,510.0,0.04409,1320.0,0.04666,320.0,0.04695,500.0
1753600328115,07:12:08.115,bitmex,ACT/USDT:USDT,0.04556,510.0,0.04409,1320.0,0.04666,320.0,0.04695,500.0
1753600329269,07:12:09.269,bitmex,ACT/USDT:USDT,0.04558,480.0,0.04409,1320.0,0.04666,320.0,0.04695,500.0
1753600329328,07:12:09.328,bitmex,ACT/USDT:USDT,0.04558,480.0,0.04409,1320.0,0.04666,320.0,0.04697,500.0
1753600329378,07:12:09.378,bitmex,ACT/USDT:USDT,0.04558,480.0,0.04409,1320.0,0.04666,320.0,0.04697,500.0
1753600329427,07:12:09.427,bitmex,ACT/USDT:USDT,0.04558,480.0,0.04409,1320.0,0.04666,320.0,0.04697,500.0
1753600330564,07:12:10.564,bitmex,ACT/USDT:USDT,0.04558,480.0,0.04409,1320.0,0.04666,320.0,0.04697,500.0
1753600330613,07:12:10.613,bitmex,ACT/USDT:USDT,0.04558,480.0,0.04409,1320.0,0.04666,320.0,0.04697,500.0
1753600331891,07:12:11.891,bitmex,ACT/USDT:USDT,0.04558,480.0,0.04409,1320.0,0.04666,320.0,0.04697,500.0
1753600331940,07:12:11.940,bitmex,ACT/USDT:USDT,0.04558,480.0,0.04409,1320.0,0.04666,320.0,0.04697,500.0
1753600333150,07:12:13.150,bitmex,ACT/USDT:USDT,0.04557,520.0,0.04409,1320.0,0.04666,320.0,0.04697,500.0
1753600333211,07:12:13.211,bitmex,ACT/USDT:USDT,0.04557,520.0,0.04521,1100.0,0.04666,320.0,0.04697,500.0
1753600333290,07:12:13.290,bitmex,ACT/USDT:USDT,0.04557,520.0,0.04521,1100.0,0.04666,320.0,0.04697,500.0
1753600334427,07:12:14.427,bitmex,ACT/USDT:USDT,0.04557,520.0,0.04521,1100.0,0.04666,320.0,0.04697,500.0
1753600334477,07:12:14.477,bitmex,ACT/USDT:USDT,0.04557,520.0,0.04521,1100.0,0.04666,320.0,0.04697,500.0
1753600335689,07:12:15.689,bitmex,ACT/USDT:USDT,0.04557,520.0,0.04521,1100.0,0.04666,320.0,0.04697,500.0
1753600335749,07:12:15.749,bitmex,ACT/USDT:USDT,0.04557,520.0,0.04521,1100.0,0.04666,320.0,0.04697,500.0
1753600336959,07:12:16.959,bitmex,ACT/USDT:USDT,0.04557,520.0,0.04521,1100.0,0.04666,320.0,0.04697,500.0
1753600337008,07:12:17.008,bitmex,ACT/USDT:USDT,0.04557,520.0,0.04521,1100.0,0.04666,320.0,0.04697,500.0
1753600338163,07:12:18.163,bitmex,ACT/USDT:USDT,0.04557,520.0,0.04521,1100.0,0.04666,320.0,0.04697,500.0
1753600338218,07:12:18.218,bitmex,ACT/USDT:USDT,0.04557,520.0,0.04521,1100.0,0.04666,320.0,0.04697,500.0
1753600339549,07:12:19.549,bitmex,ACT/USDT:USDT,0.04557,520.0,0.04521,1100.0,0.04666,320.0,0.04697,500.0
1753600339598,07:12:19.598,bitmex,ACT/USDT:USDT,0.04557,520.0,0.04521,1100.0,0.04666,320.0,0.04697,500.0
1753600340747,07:12:20.747,bitmex,ACT/USDT:USDT,0.04557,520.0,0.04521,1100.0,0.04666,320.0,0.04697,500.0
1753600340797,07:12:20.797,bitmex,ACT/USDT:USDT,0.04557,520.0,0.04521,1100.0,0.04666,320.0,0.04697,500.0
1753600342028,07:12:22.028,bitmex,ACT/USDT:USDT,0.04557,520.0,0.04521,1100.0,0.04666,320.0,0.04697,500.0
1753600342077,07:12:22.077,bitmex,ACT/USDT:USDT,0.04557,520.0,0.04521,1100.0,0.04666,320.0,0.04697,500.0
1753600343391,07:12:23.391,bitmex,ACT/USDT:USDT,0.04557,520.0,0.04521,1100.0,0.04666,320.0,0.04697,500.0
1753600343441,07:12:23.441,bitmex,ACT/USDT:USDT,0.04557,490.0,0.04521,1100.0,0.04666,320.0,0.04696,500.0
1753600344636,07:12:24.636,bitmex,ACT/USDT:USDT,0.04557,490.0,0.04521,1100.0,0.04666,320.0,0.04696,500.0
1753600344686,07:12:24.686,bitmex,ACT/USDT:USDT,0.04557,490.0,0.04521,1100.0,0.04666,320.0,0.04696,500.0
1753600346917,07:12:26.917,bitmex,ACT/USDT:USDT,0.04557,480.0,0.04521,1100.0,0.04666,320.0,0.04696,500.0
1753600346966,07:12:26.966,bitmex,ACT/USDT:USDT,0.04557,480.0,0.04484,1150.0,0.04666,320.0,0.04697,500.0
1753600347015,07:12:27.015,bitmex,ACT/USDT:USDT,0.04557,480.0,0.04484,1150.0,0.04666,320.0,0.04697,500.0
1753600347928,07:12:27.928,bitmex,ACT/USDT:USDT,0.04557,480.0,0.04484,1150.0,0.04666,320.0,0.04697,500.0
1753600347977,07:12:27.977,bitmex,ACT/USDT:USDT,0.04557,480.0,0.04447,1260.0,0.04666,320.0,0.04697,500.0
1753600349151,07:12:29.151,bitmex,ACT/USDT:USDT,0.04557,480.0,0.0441,1370.0,0.04666,320.0,0.04697,500.0
1753600349201,07:12:29.201,bitmex,ACT/USDT:USDT,0.04557,480.0,0.0441,1370.0,0.04666,320.0,0.04697,500.0
1753600350367,07:12:30.367,bitmex,ACT/USDT:USDT,0.04557,480.0,0.04521,1180.0,0.04666,320.0,0.04697,500.0
1753600350416,07:12:30.416,bitmex,ACT/USDT:USDT,0.04557,480.0,0.04521,1180.0,0.04666,320.0,0.04697,500.0
1753600351630,07:12:31.630,bitmex,ACT/USDT:USDT,0.04557,480.0,0.04521,1180.0,0.04666,320.0,0.04697,500.0
1753600351680,07:12:31.680,bitmex,ACT/USDT:USDT,0.04557,480.0,0.04521,1180.0,0.04666,320.0,0.04697,500.0
1753600352915,07:12:32.915,bitmex,ACT/USDT:USDT,0.04557,480.0,0.04521,1180.0,0.04666,320.0,0.04697,500.0
1753600352966,07:12:32.966,bitmex,ACT/USDT:USDT,0.04557,480.0,0.04521,1180.0,0.04666,320.0,0.04697,500.0
1753600354391,07:12:34.391,bitmex,ACT/USDT:USDT,0.04557,480.0,0.04521,1180.0,0.04666,320.0,0.04697,500.0
1753600355399,07:12:35.399,bitmex,ACT/USDT:USDT,0.04558,520.0,0.04521,1180.0,0.04666,320.0,0.04697,500.0
1753600355448,07:12:35.448,bitmex,ACT/USDT:USDT,0.04558,520.0,0.04521,1180.0,0.04666,320.0,0.04697,500.0
1753600356809,07:12:36.809,bitmex,ACT/USDT:USDT,0.04558,520.0,0.04521,1180.0,0.04666,320.0,0.04697,500.0
1753600356858,07:12:36.858,bitmex,ACT/USDT:USDT,0.04558,520.0,0.04521,1180.0,0.04666,320.0,0.04697,500.0
1753600357989,07:12:37.989,bitmex,ACT/USDT:USDT,0.04558,520.0,0.04521,1180.0,0.04666,320.0,0.04697,500.0
1753600358058,07:12:38.058,bitmex,ACT/USDT:USDT,0.04558,520.0,0.04521,1180.0,0.04666,320.0,0.04697,500.0
1753600359487,07:12:39.487,bitmex,ACT/USDT:USDT,0.04558,520.0,0.04521,1180.0,0.04666,320.0,0.04697,500.0
1753600359536,07:12:39.536,bitmex,ACT/USDT:USDT,0.04558,520.0,0.04521,1180.0,0.04666,320.0,0.04697,500.0
1753600360951,07:12:40.951,bitmex,ACT/USDT:USDT,0.04558,520.0,0.04521,1180.0,0.04666,320.0,0.04697,500.0
1753600361008,07:12:41.008,bitmex,ACT/USDT:USDT,0.04558,520.0,0.04521,1180.0,0.04666,320.0,0.04697,500.0
1753600361817,07:12:41.817,bitmex,ACT/USDT:USDT,0.04558,520.0,0.04521,1180.0,0.04666,320.0,0.04697,500.0
1753600361867,07:12:41.867,bitmex,ACT/USDT:USDT,0.04558,520.0,0.04521,1180.0,0.04666,320.0,0.04697,500.0
1753600363039,07:12:43.039,bitmex,ACT/USDT:USDT,0.04558,520.0,0.04521,1180.0,0.04666,320.0,0.04697,500.0
1753600363097,07:12:43.097,bitmex,ACT/USDT:USDT,0.04558,520.0,0.04521,1180.0,0.04666,320.0,0.04697,500.0
1753600364397,07:12:44.397,bitmex,ACT/USDT:USDT,0.04558,520.0,0.04521,1180.0,0.04666,320.0,0.04697,500.0
1753600364447,07:12:44.447,bitmex,ACT/USDT:USDT,0.04558,520.0,0.04521,1180.0,0.04666,320.0,0.04697,500.0
1753600365573,07:12:45.573,bitmex,ACT/USDT:USDT,0.04557,500.0,0.04521,1180.0,0.04666,320.0,0.04697,500.0
1753600365627,07:12:45.627,bitmex,ACT/USDT:USDT,0.04557,500.0,0.04521,1180.0,0.04666,320.0,0.04697,490.0
1753600365677,07:12:45.677,bitmex,ACT/USDT:USDT,0.04557,500.0,0.04521,1180.0,0.04666,320.0,0.04697,490.0
1753600366891,07:12:46.891,bitmex,ACT/USDT:USDT,0.04557,500.0,0.04521,1180.0,0.04666,320.0,0.04696,480.0
1753600366947,07:12:46.947,bitmex,ACT/USDT:USDT,0.04557,500.0,0.04521,1180.0,0.04666,320.0,0.04696,480.0
1753600366997,07:12:46.997,bitmex,ACT/USDT:USDT,0.04557,500.0,0.04521,1160.0,0.04666,320.0,0.04696,480.0
1753600369372,07:12:49.372,bitmex,ACT/USDT:USDT,0.04557,500.0,0.04521,1160.0,0.04666,320.0,0.04696,480.0
1753600369421,07:12:49.421,bitmex,ACT/USDT:USDT,0.04557,500.0,0.04521,1160.0,0.04666,320.0,0.04696,480.0
1753600370649,07:12:50.649,bitmex,ACT/USDT:USDT,0.04557,500.0,0.04521,1160.0,0.04666,320.0,0.04696,480.0
1753600370706,07:12:50.706,bitmex,ACT/USDT:USDT,0.04557,500.0,0.04521,1160.0,0.04666,320.0,0.04696,480.0
1753600371965,07:12:51.965,bitmex,ACT/USDT:USDT,0.04557,500.0,0.04521,1160.0,0.04666,320.0,0.04696,480.0
1753600372015,07:12:52.015,bitmex,ACT/USDT:USDT,0.04557,500.0,0.04521,1160.0,0.04666,320.0,0.04696,480.0
1753600373235,07:12:53.235,bitmex,ACT/USDT:USDT,0.04557,500.0,0.04521,1160.0,0.04666,320.0,0.04696,480.0
1753600373284,07:12:53.284,bitmex,ACT/USDT:USDT,0.04557,500.0,0.04521,1160.0,0.04666,320.0,0.04696,480.0
1753600374537,07:12:54.537,bitmex,ACT/USDT:USDT,0.04558,490.0,0.04521,1160.0,0.04666,320.0,0.04696,480.0
1753600374586,07:12:54.586,bitmex,ACT/USDT:USDT,0.04558,490.0,0.04521,1160.0,0.04666,320.0,0.04697,500.0
1753600374635,07:12:54.635,bitmex,ACT/USDT:USDT,0.04558,490.0,0.04521,1160.0,0.04666,320.0,0.04697,500.0
1753600375862,07:12:55.862,bitmex,ACT/USDT:USDT,0.04558,490.0,0.04521,1160.0,0.04666,320.0,0.04697,500.0
1753600375911,07:12:55.911,bitmex,ACT/USDT:USDT,0.04558,490.0,0.04521,1160.0,0.04666,320.0,0.04697,500.0
1753600378281,07:12:58.281,bitmex,ACT/USDT:USDT,0.04557,480.0,0.04521,1160.0,0.04666,320.0,0.04697,500.0
1753600378339,07:12:58.339,bitmex,ACT/USDT:USDT,0.04557,480.0,0.04521,1160.0,0.04666,320.0,0.04697,500.0
1753600379637,07:12:59.637,bitmex,ACT/USDT:USDT,0.04557,480.0,0.04521,1160.0,0.04666,320.0,0.04697,500.0
1753600380792,07:13:00.792,bitmex,ACT/USDT:USDT,0.04557,480.0,0.04521,1160.0,0.04666,320.0,0.04696,500.0
1753600380841,07:13:00.841,bitmex,ACT/USDT:USDT,0.04557,490.0,0.04521,1160.0,0.04666,320.0,0.04696,500.0
1753600380890,07:13:00.890,bitmex,ACT/USDT:USDT,0.04557,490.0,0.04521,1160.0,0.04666,320.0,0.04696,500.0
1753600382127,07:13:02.127,bitmex,ACT/USDT:USDT,0.04557,490.0,0.04521,1160.0,0.04666,320.0,0.04696,500.0
1753600385857,07:13:05.857,bitmex,ACT/USDT:USDT,0.04557,490.0,0.04521,1160.0,0.04666,320.0,0.04696,500.0
1753600385906,07:13:05.906,bitmex,ACT/USDT:USDT,0.04557,490.0,0.04521,1160.0,0.04666,320.0,0.04696,500.0
1753600387180,07:13:07.180,bitmex,ACT/USDT:USDT,0.04557,490.0,0.04521,1160.0,0.04666,320.0,0.04696,500.0
1753600387230,07:13:07.230,bitmex,ACT/USDT:USDT,0.04557,490.0,0.04521,1160.0,0.04666,320.0,0.04696,500.0
1753600388337,07:13:08.337,bitmex,ACT/USDT:USDT,0.04557,490.0,0.04521,1160.0,0.04666,320.0,0.04696,500.0
1753600388387,07:13:08.387,bitmex,ACT/USDT:USDT,0.04557,490.0,0.04521,1160.0,0.04666,320.0,0.04696,500.0
1753600389718,07:13:09.718,bitmex,ACT/USDT:USDT,0.04557,490.0,0.04521,1160.0,0.04666,320.0,0.04696,500.0
1753600389768,07:13:09.768,bitmex,ACT/USDT:USDT,0.04557,490.0,0.04521,1160.0,0.04666,320.0,0.04696,500.0
1753600390928,07:13:10.928,bitmex,ACT/USDT:USDT,0.04557,490.0,0.04521,1160.0,0.04666,320.0,0.04696,500.0
1753600390987,07:13:10.987,bitmex,ACT/USDT:USDT,0.04557,490.0,0.04521,1160.0,0.04666,320.0,0.04696,500.0
1753600392262,07:13:12.262,bitmex,ACT/USDT:USDT,0.04557,490.0,0.04521,1160.0,0.04666,320.0,0.04696,500.0
1753600392312,07:13:12.312,bitmex,ACT/USDT:USDT,0.04557,490.0,0.04521,1160.0,0.04666,320.0,0.04696,500.0
1753600393625,07:13:13.625,bitmex,ACT/USDT:USDT,0.04558,510.0,0.04521,1160.0,0.04666,320.0,0.04696,500.0
1753600393674,07:13:13.674,bitmex,ACT/USDT:USDT,0.04558,510.0,0.04521,1160.0,0.04666,320.0,0.04697,490.0
1753600393723,07:13:13.723,bitmex,ACT/USDT:USDT,0.04558,510.0,0.04521,1160.0,0.04666,320.0,0.04697,490.0
1753600393772,07:13:13.772,bitmex,ACT/USDT:USDT,0.04558,510.0,0.04521,1160.0,0.04666,320.0,0.04697,490.0
1753600394824,07:13:14.824,bitmex,ACT/USDT:USDT,0.04558,510.0,0.04521,1160.0,0.04666,320.0,0.04697,490.0
1753600394873,07:13:14.873,bitmex,ACT/USDT:USDT,0.04558,510.0,0.04521,1160.0,0.04666,320.0,0.04697,490.0
1753600396037,07:13:16.037,bitmex,ACT/USDT:USDT,0.04558,510.0,0.04521,1160.0,0.04666,320.0,0.04697,490.0
1753600396086,07:13:16.086,bitmex,ACT/USDT:USDT,0.04558,510.0,0.04521,1160.0,0.04666,320.0,0.04697,490.0
1753600397407,07:13:17.407,bitmex,ACT/USDT:USDT,0.04558,510.0,0.04521,1160.0,0.04666,320.0,0.04697,490.0
1753600397460,07:13:17.460,bitmex,ACT/USDT:USDT,0.04558,510.0,0.04521,1160.0,0.04666,320.0,0.04697,490.0
1753600398748,07:13:18.748,bitmex,ACT/USDT:USDT,0.04558,510.0,0.04521,1160.0,0.04666,320.0,0.04697,490.0
1753600398797,07:13:18.797,bitmex,ACT/USDT:USDT,0.04558,510.0,0.04521,1160.0,0.04666,320.0,0.04697,490.0
1753600400420,07:13:20.420,bitmex,ACT/USDT:USDT,0.04558,510.0,0.04521,1160.0,0.04666,320.0,0.04697,490.0
1753600400470,07:13:20.470,bitmex,ACT/USDT:USDT,0.04558,510.0,0.04521,1150.0,0.04666,320.0,0.04697,490.0
1753600401906,07:13:21.906,bitmex,ACT/USDT:USDT,0.04558,510.0,0.04521,1150.0,0.04666,320.0,0.04696,510.0
1753600401956,07:13:21.956,bitmex,ACT/USDT:USDT,0.04558,510.0,0.04521,1150.0,0.04666,320.0,0.04696,510.0
1753600402005,07:13:22.005,bitmex,ACT/USDT:USDT,0.04557,480.0,0.04521,1150.0,0.04666,320.0,0.04696,510.0
1753600402788,07:13:22.788,bitmex,ACT/USDT:USDT,0.04557,480.0,0.04521,1150.0,0.04666,320.0,0.04696,510.0
1753600402837,07:13:22.837,bitmex,ACT/USDT:USDT,0.04557,480.0,0.04521,1150.0,0.04666,320.0,0.04696,510.0
1753600403907,07:13:23.907,bitmex,ACT/USDT:USDT,0.04557,480.0,0.04521,1150.0,0.04666,320.0,0.04696,510.0
1753600403957,07:13:23.957,bitmex,ACT/USDT:USDT,0.04557,480.0,0.04521,1150.0,0.04666,320.0,0.04696,510.0
1753600405238,07:13:25.238,bitmex,ACT/USDT:USDT,0.04557,480.0,0.04521,1150.0,0.04666,320.0,0.04696,510.0
1753600405287,07:13:25.287,bitmex,ACT/USDT:USDT,0.04557,480.0,0.04521,1150.0,0.04666,320.0,0.04696,510.0
1753600406498,07:13:26.498,bitmex,ACT/USDT:USDT,0.04557,480.0,0.04521,1150.0,0.04666,320.0,0.04696,510.0
1753600406548,07:13:26.548,bitmex,ACT/USDT:USDT,0.04557,480.0,0.04521,1150.0,0.04666,320.0,0.04696,510.0
1753600407717,07:13:27.717,bitmex,ACT/USDT:USDT,0.04557,480.0,0.04521,1150.0,0.04666,320.0,0.04696,510.0
1753600407777,07:13:27.777,bitmex,ACT/USDT:USDT,0.04557,480.0,0.04521,1150.0,0.04666,320.0,0.04696,510.0
1753600410637,07:13:30.637,bitmex,ACT/USDT:USDT,0.04557,480.0,0.04521,1150.0,0.04666,320.0,0.04696,510.0
1753600410687,07:13:30.687,bitmex,ACT/USDT:USDT,0.04557,480.0,0.04521,1150.0,0.04666,320.0,0.04696,510.0
1753600411908,07:13:31.908,bitmex,ACT/USDT:USDT,0.04557,480.0,0.04521,1150.0,0.04666,320.0,0.04696,510.0
1753600411957,07:13:31.957,bitmex,ACT/USDT:USDT,0.04557,480.0,0.04521,1150.0,0.04666,320.0,0.04696,510.0
1753600413167,07:13:33.167,bitmex,ACT/USDT:USDT,0.04557,480.0,0.04521,1150.0,0.04666,320.0,0.04696,510.0
1753600413216,07:13:33.216,bitmex,ACT/USDT:USDT,0.04557,480.0,0.04521,1150.0,0.04666,320.0,0.04696,510.0
1753600414436,07:13:34.436,bitmex,ACT/USDT:USDT,0.04557,480.0,0.04521,1150.0,0.04666,320.0,0.04696,510.0
1753600414486,07:13:34.486,bitmex,ACT/USDT:USDT,0.04557,480.0,0.04521,1150.0,0.04666,320.0,0.04696,510.0
1753600415727,07:13:35.727,bitmex,ACT/USDT:USDT,0.04557,480.0,0.04521,1150.0,0.04666,320.0,0.04696,510.0
1753600415776,07:13:35.776,bitmex,ACT/USDT:USDT,0.04557,480.0,0.04521,1150.0,0.04666,320.0,0.04696,510.0
1753600416999,07:13:36.999,bitmex,ACT/USDT:USDT,0.04557,480.0,0.04521,1150.0,0.04666,320.0,0.04696,510.0
1753600417048,07:13:37.048,bitmex,ACT/USDT:USDT,0.04557,480.0,0.04521,1150.0,0.04666,320.0,0.04696,510.0
1753600418278,07:13:38.278,bitmex,ACT/USDT:USDT,0.04557,480.0,0.04521,1170.0,0.04666,320.0,0.04696,510.0
1753600418327,07:13:38.327,bitmex,ACT/USDT:USDT,0.04557,480.0,0.04521,1170.0,0.04666,320.0,0.04696,510.0
1753600419561,07:13:39.561,bitmex,ACT/USDT:USDT,0.04557,480.0,0.04521,1170.0,0.04666,320.0,0.04696,510.0
1753600420867,07:13:40.867,bitmex,ACT/USDT:USDT,0.04557,480.0,0.04521,1170.0,0.04666,320.0,0.04696,510.0
1753600420916,07:13:40.916,bitmex,ACT/USDT:USDT,0.04557,480.0,0.04521,1170.0,0.04666,320.0,0.04696,510.0
1753600422162,07:13:42.162,bitmex,ACT/USDT:USDT,0.04557,480.0,0.04521,1170.0,0.04666,320.0,0.04696,510.0
1753600423537,07:13:43.537,bitmex,ACT/USDT:USDT,0.04558,490.0,0.04521,1170.0,0.04666,320.0,0.04696,510.0
1753600423589,07:13:43.589,bitmex,ACT/USDT:USDT,0.04558,490.0,0.04521,1170.0,0.04666,320.0,0.04696,510.0
1753600423638,07:13:43.638,bitmex,ACT/USDT:USDT,0.04558,490.0,0.04521,1170.0,0.04666,320.0,0.04697,500.0
1753600424738,07:13:44.738,bitmex,ACT/USDT:USDT,0.04558,490.0,0.04521,1170.0,0.04666,320.0,0.04697,500.0
1753600424787,07:13:44.787,bitmex,ACT/USDT:USDT,0.04558,490.0,0.04521,1170.0,0.04666,320.0,0.04697,500.0
1753600425954,07:13:45.954,bitmex,ACT/USDT:USDT,0.04558,490.0,0.04521,1170.0,0.04666,320.0,0.04697,500.0
1753600426004,07:13:46.004,bitmex,ACT/USDT:USDT,0.04558,490.0,0.04521,1170.0,0.04666,320.0,0.04697,500.0
1753600427152,07:13:47.152,bitmex,ACT/USDT:USDT,0.04558,490.0,0.04521,1170.0,0.04666,320.0,0.04697,500.0
1753600427201,07:13:47.201,bitmex,ACT/USDT:USDT,0.04558,490.0,0.04521,1170.0,0.04666,320.0,0.04697,500.0
1753600428364,07:13:48.364,bitmex,ACT/USDT:USDT,0.04558,490.0,0.04521,1170.0,0.04666,320.0,0.04697,500.0
1753600428413,07:13:48.413,bitmex,ACT/USDT:USDT,0.04558,490.0,0.04521,1170.0,0.04666,320.0,0.04697,500.0
1753600429676,07:13:49.676,bitmex,ACT/USDT:USDT,0.04558,490.0,0.04521,1170.0,0.04666,320.0,0.04697,500.0
1753600429725,07:13:49.725,bitmex,ACT/USDT:USDT,0.04558,490.0,0.04521,1170.0,0.04666,320.0,0.04697,500.0
1753600430917,07:13:50.917,bitmex,ACT/USDT:USDT,0.04558,490.0,0.04521,1170.0,0.04666,320.0,0.04697,500.0
1753600430966,07:13:50.966,bitmex,ACT/USDT:USDT,0.04558,490.0,0.04521,1170.0,0.04666,320.0,0.04697,500.0
1753600432179,07:13:52.179,bitmex,ACT/USDT:USDT,0.04558,490.0,0.04521,1170.0,0.04666,320.0,0.04697,500.0
1753600432229,07:13:52.229,bitmex,ACT/USDT:USDT,0.04558,490.0,0.04521,1170.0,0.04666,320.0,0.04697,500.0
1753600433447,07:13:53.447,bitmex,ACT/USDT:USDT,0.04558,490.0,0.04521,1170.0,0.04666,320.0,0.04697,500.0
1753600433496,07:13:53.496,bitmex,ACT/USDT:USDT,0.04558,490.0,0.04521,1170.0,0.04666,320.0,0.04697,500.0
1753600434722,07:13:54.722,bitmex,ACT/USDT:USDT,0.04558,490.0,0.04521,1170.0,0.04666,320.0,0.04697,500.0
1753600436025,07:13:56.025,bitmex,ACT/USDT:USDT,0.04558,490.0,0.04521,1170.0,0.04666,320.0,0.04734,50.0
1753600436075,07:13:56.075,bitmex,ACT/USDT:USDT,0.02056,62490.0,9e-05,70000.0,0.04666,320.0,0.04734,50.0
1753600436314,07:13:56.314,bitmex,ACT/USDT:USDT,0.02056,62490.0,9e-05,70000.0,0.04666,320.0,0.04734,50.0
1753600436363,07:13:56.363,bitmex,ACT/USDT:USDT,0.02056,62490.0,9e-05,70000.0,0.04666,320.0,0.06999,50.0
1753600437338,07:13:57.338,bitmex,ACT/USDT:USDT,0.04558,470.0,0.02056,62490.0,0.04666,320.0,0.06999,50.0
1753600437387,07:13:57.387,bitmex,ACT/USDT:USDT,0.04558,470.0,0.04484,1210.0,0.04666,320.0,0.04697,510.0
1753600438548,07:13:58.548,bitmex,ACT/USDT:USDT,0.04558,470.0,0.04484,1210.0,0.04666,320.0,0.04697,510.0
1753600438597,07:13:58.597,bitmex,ACT/USDT:USDT,0.04558,470.0,0.04484,1210.0,0.04666,320.0,0.04697,510.0
1753600439819,07:13:59.819,bitmex,ACT/USDT:USDT,0.04558,470.0,0.04484,1210.0,0.04666,320.0,0.04697,510.0
1753600439869,07:13:59.869,bitmex,ACT/USDT:USDT,0.04558,470.0,0.04484,1210.0,0.04666,320.0,0.04697,510.0
1753600441096,07:14:01.096,bitmex,ACT/USDT:USDT,0.04558,470.0,0.04484,1210.0,0.04666,320.0,0.04697,510.0
1753600442662,07:14:02.662,bitmex,ACT/USDT:USDT,0.04558,470.0,0.04484,1210.0,0.04666,320.0,0.04697,510.0
1753600442767,07:14:02.767,bitmex,ACT/USDT:USDT,0.04558,470.0,0.04484,1210.0,0.04666,320.0,0.04697,510.0
1753600443997,07:14:03.997,bitmex,ACT/USDT:USDT,0.04558,470.0,0.04484,1210.0,0.04666,320.0,0.04697,510.0
1753600444046,07:14:04.046,bitmex,ACT/USDT:USDT,0.04558,470.0,0.04484,1210.0,0.04666,320.0,0.04697,510.0
1753600444920,07:14:04.920,bitmex,ACT/USDT:USDT,0.04558,470.0,0.04484,1210.0,0.04666,320.0,0.04697,510.0
1753600444969,07:14:04.969,bitmex,ACT/USDT:USDT,0.04558,470.0,0.04484,1210.0,0.04666,320.0,0.04697,510.0
1753600446214,07:14:06.214,bitmex,ACT/USDT:USDT,0.04558,470.0,0.04484,1210.0,0.04666,320.0,0.04697,510.0
1753600446263,07:14:06.263,bitmex,ACT/USDT:USDT,0.04558,470.0,0.04484,1210.0,0.04666,320.0,0.04697,510.0
1753600447608,07:14:07.608,bitmex,ACT/USDT:USDT,0.04558,470.0,0.04484,1210.0,0.04666,320.0,0.04697,510.0
1753600447658,07:14:07.658,bitmex,ACT/USDT:USDT,0.04558,470.0,0.04484,1210.0,0.04666,320.0,0.04697,510.0
1753600448926,07:14:08.926,bitmex,ACT/USDT:USDT,0.04557,490.0,0.04484,1210.0,0.04666,320.0,0.04697,510.0
1753600448976,07:14:08.976,bitmex,ACT/USDT:USDT,0.04557,490.0,0.04484,1210.0,0.04666,320.0,0.04696,510.0
1753600450150,07:14:10.150,bitmex,ACT/USDT:USDT,0.04557,490.0,0.04484,1210.0,0.04666,320.0,0.04696,510.0
1753600450199,07:14:10.199,bitmex,ACT/USDT:USDT,0.04557,490.0,0.04484,1210.0,0.04666,320.0,0.04696,510.0
1753600451237,07:14:11.237,bitmex,ACT/USDT:USDT,0.04557,490.0,0.04484,1210.0,0.04666,320.0,0.04696,510.0
1753600451287,07:14:11.287,bitmex,ACT/USDT:USDT,0.04557,490.0,0.04484,1210.0,0.04666,320.0,0.04696,510.0
1753600452467,07:14:12.467,bitmex,ACT/USDT:USDT,0.04557,490.0,0.04521,1180.0,0.04666,320.0,0.04696,510.0
1753600452517,07:14:12.517,bitmex,ACT/USDT:USDT,0.04557,490.0,0.04521,1180.0,0.04666,320.0,0.04696,510.0
1753600453758,07:14:13.758,bitmex,ACT/USDT:USDT,0.04556,470.0,0.04521,1180.0,0.04666,320.0,0.04696,510.0
1753600453807,07:14:13.807,bitmex,ACT/USDT:USDT,0.04556,470.0,0.04521,1180.0,0.04666,320.0,0.04695,520.0
1753600455079,07:14:15.079,bitmex,ACT/USDT:USDT,0.04556,470.0,0.04521,1180.0,0.04666,320.0,0.04695,520.0
1753600455186,07:14:15.186,bitmex,ACT/USDT:USDT,0.04556,470.0,0.04521,1180.0,0.04666,320.0,0.04695,520.0
1753600456328,07:14:16.328,bitmex,ACT/USDT:USDT,0.04556,470.0,0.04521,1180.0,0.04666,320.0,0.04695,520.0
1753600456382,07:14:16.382,bitmex,ACT/USDT:USDT,0.04556,470.0,0.04521,1180.0,0.04666,320.0,0.04696,500.0
1753600456431,07:14:16.431,bitmex,ACT/USDT:USDT,0.04557,480.0,0.04521,1180.0,0.04666,320.0,0.04696,500.0
1753600458221,07:14:18.221,bitmex,ACT/USDT:USDT,0.04557,480.0,0.04521,1180.0,0.04666,320.0,0.04696,500.0
1753600458287,07:14:18.287,bitmex,ACT/USDT:USDT,0.04557,480.0,0.04521,1180.0,0.04666,320.0,0.04696,500.0
1753600459384,07:14:19.384,bitmex,ACT/USDT:USDT,0.04557,480.0,0.04521,1180.0,0.04666,320.0,0.04696,500.0
1753600459447,07:14:19.447,bitmex,ACT/USDT:USDT,0.04557,480.0,0.04521,1180.0,0.04666,320.0,0.04696,500.0
1753600460590,07:14:20.590,bitmex,ACT/USDT:USDT,0.04557,480.0,0.04521,1180.0,0.04666,320.0,0.04696,500.0
1753600460646,07:14:20.646,bitmex,ACT/USDT:USDT,0.04557,480.0,0.04521,1180.0,0.04666,320.0,0.04696,500.0
1753600461857,07:14:21.857,bitmex,ACT/USDT:USDT,0.04557,480.0,0.04521,1180.0,0.04666,320.0,0.04696,500.0
1753600461906,07:14:21.906,bitmex,ACT/USDT:USDT,0.04558,470.0,0.04521,1180.0,0.04666,320.0,0.04697,490.0
1753600463167,07:14:23.167,bitmex,ACT/USDT:USDT,0.04558,470.0,0.04521,1180.0,0.04666,320.0,0.04697,490.0
1753600463218,07:14:23.218,bitmex,ACT/USDT:USDT,0.04558,470.0,0.04521,1180.0,0.04666,320.0,0.04697,490.0
1753600464398,07:14:24.398,bitmex,ACT/USDT:USDT,0.04558,470.0,0.04521,1180.0,0.04666,320.0,0.04697,490.0
1753600464447,07:14:24.447,bitmex,ACT/USDT:USDT,0.04558,470.0,0.04521,1180.0,0.04666,320.0,0.04697,490.0
1753600465709,07:14:25.709,bitmex,ACT/USDT:USDT,0.04558,470.0,0.04521,1180.0,0.04666,320.0,0.04697,490.0
1753600465758,07:14:25.758,bitmex,ACT/USDT:USDT,0.04558,470.0,0.04521,1180.0,0.04666,320.0,0.04697,490.0
1753600466994,07:14:26.994,bitmex,ACT/USDT:USDT,0.04558,470.0,0.04521,1180.0,0.04666,320.0,0.04697,490.0
1753600468328,07:14:28.328,bitmex,ACT/USDT:USDT,0.04558,470.0,0.04484,1210.0,0.04666,320.0,0.04697,490.0
1753600468377,07:14:28.377,bitmex,ACT/USDT:USDT,0.04558,470.0,0.04484,1210.0,0.04666,320.0,0.04697,490.0
1753600469517,07:14:29.517,bitmex,ACT/USDT:USDT,0.04558,470.0,0.04484,1210.0,0.04666,320.0,0.04697,490.0
1753600469567,07:14:29.567,bitmex,ACT/USDT:USDT,0.04558,470.0,0.04521,1130.0,0.04666,320.0,0.04697,490.0
1753600470770,07:14:30.770,bitmex,ACT/USDT:USDT,0.04557,480.0,0.04521,1130.0,0.04666,320.0,0.04697,490.0
1753600470820,07:14:30.820,bitmex,ACT/USDT:USDT,0.04557,480.0,0.04521,1130.0,0.04666,320.0,0.04696,470.0
1753600472288,07:14:32.288,bitmex,ACT/USDT:USDT,0.04557,480.0,0.04521,1130.0,0.04666,320.0,0.04696,470.0
1753600472337,07:14:32.337,bitmex,ACT/USDT:USDT,0.04557,480.0,0.04521,1130.0,0.04666,320.0,0.04696,470.0
1753600473243,07:14:33.243,bitmex,ACT/USDT:USDT,0.04557,480.0,0.04521,1130.0,0.04666,320.0,0.04696,470.0
1753600473298,07:14:33.298,bitmex,ACT/USDT:USDT,0.04557,480.0,0.04521,1130.0,0.04666,320.0,0.04696,470.0
1753600474578,07:14:34.578,bitmex,ACT/USDT:USDT,0.04557,480.0,0.04521,1130.0,0.04666,320.0,0.04696,470.0
1753600474627,07:14:34.627,bitmex,ACT/USDT:USDT,0.04557,480.0,0.04521,1130.0,0.04666,320.0,0.04696,470.0
1753600475823,07:14:35.823,bitmex,ACT/USDT:USDT,0.04557,480.0,0.04521,1130.0,0.04666,320.0,0.04696,470.0
1753600475873,07:14:35.873,bitmex,ACT/USDT:USDT,0.04557,480.0,0.04521,1130.0,0.04666,320.0,0.04696,470.0
1753600477236,07:14:37.236,bitmex,ACT/USDT:USDT,0.04557,480.0,0.04521,1130.0,0.04666,320.0,0.04696,470.0
1753600477286,07:14:37.286,bitmex,ACT/USDT:USDT,0.04557,480.0,0.04521,1130.0,0.04666,320.0,0.04696,470.0
1753600478442,07:14:38.442,bitmex,ACT/USDT:USDT,0.04557,480.0,0.04521,1130.0,0.04666,320.0,0.04696,470.0
1753600478492,07:14:38.492,bitmex,ACT/USDT:USDT,0.04557,480.0,0.04521,1130.0,0.04666,320.0,0.04696,470.0
1753600479652,07:14:39.652,bitmex,ACT/USDT:USDT,0.04557,480.0,0.04521,1130.0,0.04666,320.0,0.04696,470.0
1753600479702,07:14:39.702,bitmex,ACT/USDT:USDT,0.04557,480.0,0.04521,1130.0,0.04666,320.0,0.04696,470.0
1753600480849,07:14:40.849,bitmex,ACT/USDT:USDT,0.04557,480.0,0.04521,1130.0,0.04666,320.0,0.04696,470.0
1753600480899,07:14:40.899,bitmex,ACT/USDT:USDT,0.04557,480.0,0.04521,1130.0,0.04666,320.0,0.04696,470.0
1753600482144,07:14:42.144,bitmex,ACT/USDT:USDT,0.04557,480.0,0.04521,1130.0,0.04666,320.0,0.04696,470.0
1753600482193,07:14:42.193,bitmex,ACT/USDT:USDT,0.04557,480.0,0.04521,1130.0,0.04666,320.0,0.04696,470.0
1753600483498,07:14:43.498,bitmex,ACT/USDT:USDT,0.04557,480.0,0.04521,1130.0,0.04666,320.0,0.04696,470.0
1753600484772,07:14:44.772,bitmex,ACT/USDT:USDT,0.04555,480.0,0.04521,1130.0,0.04666,320.0,0.04696,470.0
1753600484821,07:14:44.821,bitmex,ACT/USDT:USDT,0.04555,480.0,0.04521,1130.0,0.04666,320.0,0.04694,480.0
1753600486601,07:14:46.601,bitmex,ACT/USDT:USDT,0.04555,480.0,0.04519,1140.0,0.04666,320.0,0.04694,480.0
1753600486689,07:14:46.689,bitmex,ACT/USDT:USDT,0.04555,480.0,0.04519,1140.0,0.04666,320.0,0.04694,480.0
1753600487422,07:14:47.422,bitmex,ACT/USDT:USDT,0.04555,480.0,0.04519,1140.0,0.04666,320.0,0.04694,480.0
1753600487472,07:14:47.472,bitmex,ACT/USDT:USDT,0.04555,480.0,0.04519,1140.0,0.04666,320.0,0.04694,480.0
1753600488576,07:14:48.576,bitmex,ACT/USDT:USDT,0.04555,480.0,0.04519,1140.0,0.04666,320.0,0.04694,480.0
1753600488626,07:14:48.626,bitmex,ACT/USDT:USDT,0.04555,480.0,0.04519,1140.0,0.04666,320.0,0.04694,480.0
1753600489847,07:14:49.847,bitmex,ACT/USDT:USDT,0.04555,480.0,0.04519,1140.0,0.04666,320.0,0.04694,480.0
1753600489896,07:14:49.896,bitmex,ACT/USDT:USDT,0.04555,480.0,0.04519,1140.0,0.04666,320.0,0.04694,480.0
1753600491121,07:14:51.121,bitmex,ACT/USDT:USDT,0.04555,480.0,0.04519,1140.0,0.04666,320.0,0.04694,480.0
1753600491171,07:14:51.171,bitmex,ACT/USDT:USDT,0.04555,480.0,0.04519,1140.0,0.04666,320.0,0.04694,480.0
1753600492368,07:14:52.368,bitmex,ACT/USDT:USDT,0.04555,480.0,0.04519,1140.0,0.04666,320.0,0.04694,480.0
1753600492417,07:14:52.417,bitmex,ACT/USDT:USDT,0.04555,480.0,0.04519,1140.0,0.04666,320.0,0.04694,480.0
1753600493647,07:14:53.647,bitmex,ACT/USDT:USDT,0.04555,480.0,0.04519,1140.0,0.04666,320.0,0.04694,480.0
1753600493697,07:14:53.697,bitmex,ACT/USDT:USDT,0.04555,480.0,0.04519,1140.0,0.04666,320.0,0.04694,480.0
1753600494849,07:14:54.849,bitmex,ACT/USDT:USDT,0.04555,480.0,0.04519,1140.0,0.04666,320.0,0.04694,480.0
1753600494898,07:14:54.898,bitmex,ACT/USDT:USDT,0.04555,480.0,0.04519,1140.0,0.04666,320.0,0.04694,480.0
1753600496280,07:14:56.280,bitmex,ACT/USDT:USDT,0.04555,480.0,0.04519,1140.0,0.04666,320.0,0.04694,480.0
1753600496329,07:14:56.329,bitmex,ACT/USDT:USDT,0.04554,500.0,0.04519,1140.0,0.04666,320.0,0.04693,480.0
1753600497620,07:14:57.620,bitmex,ACT/USDT:USDT,0.04552,480.0,0.04519,1140.0,0.04666,320.0,0.04693,480.0
1753600497669,07:14:57.669,bitmex,ACT/USDT:USDT,0.04552,480.0,0.04519,1140.0,0.04666,320.0,0.04693,480.0
1753600497718,07:14:57.718,bitmex,ACT/USDT:USDT,0.04552,480.0,0.04519,1140.0,0.04666,320.0,0.04691,510.0
1753600498771,07:14:58.771,bitmex,ACT/USDT:USDT,0.04552,480.0,0.04519,1140.0,0.04666,320.0,0.04691,510.0
1753600498820,07:14:58.820,bitmex,ACT/USDT:USDT,0.04552,480.0,0.04519,1140.0,0.04666,320.0,0.04691,510.0
1753600500033,07:15:00.033,bitmex,ACT/USDT:USDT,0.04552,480.0,0.04519,1140.0,0.04666,320.0,0.04691,510.0
1753600500082,07:15:00.082,bitmex,ACT/USDT:USDT,0.04552,480.0,0.04519,1140.0,0.04666,320.0,0.04691,510.0
1753600500559,07:15:00.559,bitmex,ACT/USDT:USDT,0.04552,480.0,0.04519,1140.0,0.04666,320.0,0.04691,510.0
1753600500609,07:15:00.609,bitmex,ACT/USDT:USDT,0.04552,480.0,0.04519,1140.0,0.04666,320.0,0.04691,510.0
1753600501349,07:15:01.349,bitmex,ACT/USDT:USDT,0.04552,480.0,0.04519,1140.0,0.04666,320.0,0.04691,510.0
1753600501398,07:15:01.398,bitmex,ACT/USDT:USDT,0.04552,480.0,0.04519,1140.0,0.04666,320.0,0.04691,510.0
1753600502697,07:15:02.697,bitmex,ACT/USDT:USDT,0.04552,480.0,0.04516,1150.0,0.04666,320.0,0.04691,510.0
1753600502746,07:15:02.746,bitmex,ACT/USDT:USDT,0.04552,480.0,0.04516,1150.0,0.04666,320.0,0.04691,510.0
1753600504000,07:15:04.000,bitmex,ACT/USDT:USDT,0.04552,480.0,0.04516,1150.0,0.04666,320.0,0.04689,480.0
1753600504050,07:15:04.050,bitmex,ACT/USDT:USDT,0.0455,490.0,0.04516,1150.0,0.04666,320.0,0.04689,480.0
1753600505329,07:15:05.329,bitmex,ACT/USDT:USDT,0.0455,490.0,0.04516,1150.0,0.04666,320.0,0.04689,480.0
1753600505378,07:15:05.378,bitmex,ACT/USDT:USDT,0.0455,490.0,0.04516,1150.0,0.04666,320.0,0.04689,480.0
1753600506569,07:15:06.569,bitmex,ACT/USDT:USDT,0.04552,510.0,0.04516,1150.0,0.04666,320.0,0.04689,480.0
1753600506619,07:15:06.619,bitmex,ACT/USDT:USDT,0.04552,510.0,0.04516,1150.0,0.04666,320.0,0.04691,480.0
1753600506668,07:15:06.668,bitmex,ACT/USDT:USDT,0.04552,510.0,0.04516,1150.0,0.04666,320.0,0.04691,480.0
1753600507792,07:15:07.792,bitmex,ACT/USDT:USDT,0.04552,510.0,0.04516,1150.0,0.04666,320.0,0.04691,480.0
1753600507841,07:15:07.841,bitmex,ACT/USDT:USDT,0.04552,510.0,0.04516,1150.0,0.04666,320.0,0.04691,480.0
1753600508882,07:15:08.882,bitmex,ACT/USDT:USDT,0.04552,510.0,0.04516,1150.0,0.04666,320.0,0.04691,480.0
1753600508931,07:15:08.931,bitmex,ACT/USDT:USDT,0.04552,510.0,0.04516,1150.0,0.04666,320.0,0.04691,480.0
1753600510170,07:15:10.170,bitmex,ACT/USDT:USDT,0.04552,510.0,0.04516,1150.0,0.04666,320.0,0.0469,510.0
1753600510219,07:15:10.219,bitmex,ACT/USDT:USDT,0.04551,520.0,0.04516,1150.0,0.04666,320.0,0.0469,510.0
1753600510268,07:15:10.268,bitmex,ACT/USDT:USDT,0.04551,520.0,0.04516,1150.0,0.04666,320.0,0.0469,510.0
1753600511425,07:15:11.425,bitmex,ACT/USDT:USDT,0.04551,520.0,0.04516,1150.0,0.04666,320.0,0.0469,510.0
1753600511475,07:15:11.475,bitmex,ACT/USDT:USDT,0.0455,480.0,0.04516,1150.0,0.04666,320.0,0.04689,480.0
1753600512682,07:15:12.682,bitmex,ACT/USDT:USDT,0.0455,480.0,0.04516,1150.0,0.04666,320.0,0.04689,480.0
1753600513905,07:15:13.905,bitmex,ACT/USDT:USDT,0.0455,480.0,0.04516,1150.0,0.04666,320.0,0.04689,480.0
1753600513955,07:15:13.955,bitmex,ACT/USDT:USDT,0.0455,480.0,0.04516,1150.0,0.04666,320.0,0.04689,480.0
1753600515350,07:15:15.350,bitmex,ACT/USDT:USDT,0.0455,480.0,0.04516,1150.0,0.04666,320.0,0.04689,480.0
1753600515399,07:15:15.399,bitmex,ACT/USDT:USDT,0.0455,480.0,0.04516,1150.0,0.04666,320.0,0.04689,480.0
1753600516442,07:15:16.442,bitmex,ACT/USDT:USDT,0.0455,480.0,0.04516,1150.0,0.04666,320.0,0.04689,480.0
1753600516492,07:15:16.492,bitmex,ACT/USDT:USDT,0.0455,480.0,0.04516,1150.0,0.04666,320.0,0.04689,480.0
1753600517767,07:15:17.767,bitmex,ACT/USDT:USDT,0.0455,480.0,0.04516,1150.0,0.04666,320.0,0.04689,480.0
1753600517817,07:15:17.817,bitmex,ACT/USDT:USDT,0.0455,480.0,0.04516,1150.0,0.04666,320.0,0.04689,480.0
1753600518959,07:15:18.959,bitmex,ACT/USDT:USDT,0.0455,480.0,0.04516,1150.0,0.04666,320.0,0.04689,480.0
1753600519008,07:15:19.008,bitmex,ACT/USDT:USDT,0.0455,480.0,0.04514,1130.0,0.04666,320.0,0.04689,480.0
1753600520289,07:15:20.289,bitmex,ACT/USDT:USDT,0.0455,480.0,0.04514,1130.0,0.04666,320.0,0.04689,480.0
1753600520339,07:15:20.339,bitmex,ACT/USDT:USDT,0.0455,480.0,0.04514,1130.0,0.04666,320.0,0.04689,480.0
1753600521527,07:15:21.527,bitmex,ACT/USDT:USDT,0.0455,480.0,0.04514,1130.0,0.04666,320.0,0.04689,480.0
1753600521577,07:15:21.577,bitmex,ACT/USDT:USDT,0.0455,480.0,0.04514,1130.0,0.04666,320.0,0.04689,480.0
1753600522878,07:15:22.878,bitmex,ACT/USDT:USDT,0.0455,480.0,0.04514,1130.0,0.04666,320.0,0.04689,480.0
1753600524043,07:15:24.043,bitmex,ACT/USDT:USDT,0.0455,480.0,0.04514,1130.0,0.04666,320.0,0.04689,480.0
1753600524092,07:15:24.092,bitmex,ACT/USDT:USDT,0.0455,480.0,0.04514,1130.0,0.04666,320.0,0.04689,480.0
1753600525519,07:15:25.519,bitmex,ACT/USDT:USDT,0.0455,480.0,0.04514,1130.0,0.04666,320.0,0.04689,480.0
1753600525568,07:15:25.568,bitmex,ACT/USDT:USDT,0.0455,480.0,0.04514,1130.0,0.04666,320.0,0.04689,480.0
1753600526919,07:15:26.919,bitmex,ACT/USDT:USDT,0.04548,500.0,0.04514,1130.0,0.04666,320.0,0.04689,480.0
1753600526969,07:15:26.969,bitmex,ACT/USDT:USDT,0.04548,500.0,0.04514,1130.0,0.04666,320.0,0.04687,500.0
1753600527018,07:15:27.018,bitmex,ACT/USDT:USDT,0.04548,500.0,0.04514,1130.0,0.04666,320.0,0.04687,500.0
1753600529152,07:15:29.152,bitmex,ACT/USDT:USDT,0.04547,510.0,0.04514,1130.0,0.04666,320.0,0.04687,500.0
1753600529224,07:15:29.224,bitmex,ACT/USDT:USDT,0.04547,510.0,0.04514,1130.0,0.04666,320.0,0.04687,500.0
1753600529273,07:15:29.273,bitmex,ACT/USDT:USDT,0.04547,510.0,0.04514,1130.0,0.04666,320.0,0.04686,500.0
1753600529899,07:15:29.899,bitmex,ACT/USDT:USDT,0.04547,510.0,0.04514,1130.0,0.04666,320.0,0.04686,480.0
1753600529948,07:15:29.948,bitmex,ACT/USDT:USDT,0.04548,520.0,0.04514,1130.0,0.04666,320.0,0.04686,480.0
1753600529997,07:15:29.997,bitmex,ACT/USDT:USDT,0.04548,520.0,0.04514,1130.0,0.04666,320.0,0.04686,480.0
1753600531121,07:15:31.121,bitmex,ACT/USDT:USDT,0.04548,520.0,0.04514,1130.0,0.04666,320.0,0.04686,480.0
1753600531170,07:15:31.170,bitmex,ACT/USDT:USDT,0.04548,520.0,0.04514,1130.0,0.04666,320.0,0.04686,480.0
1753600532331,07:15:32.331,bitmex,ACT/USDT:USDT,0.04548,520.0,0.04514,1130.0,0.04666,320.0,0.04686,480.0
1753600532381,07:15:32.381,bitmex,ACT/USDT:USDT,0.04548,520.0,0.04514,1130.0,0.04666,320.0,0.04686,480.0
1753600533638,07:15:33.638,bitmex,ACT/USDT:USDT,0.04548,520.0,0.04514,1130.0,0.04666,320.0,0.04686,480.0
1753600533701,07:15:33.701,bitmex,ACT/USDT:USDT,0.04548,520.0,0.04514,1130.0,0.04666,320.0,0.04686,480.0
1753600534414,07:15:34.414,bitmex,ACT/USDT:USDT,0.04548,520.0,0.04514,1130.0,0.04666,320.0,0.04686,480.0
1753600534463,07:15:34.463,bitmex,ACT/USDT:USDT,0.04548,520.0,0.04514,1130.0,0.04666,320.0,0.04686,480.0
1753600534945,07:15:34.945,bitmex,ACT/USDT:USDT,0.02056,62490.0,9e-05,70000.0,0.04666,320.0,0.04686,480.0
1753600535006,07:15:35.006,bitmex,ACT/USDT:USDT,0.02056,62490.0,9e-05,70000.0,0.04666,320.0,0.0476,50.0
1753600536287,07:15:36.287,bitmex,ACT/USDT:USDT,0.04067,1480.0,0.02056,62490.0,0.04666,320.0,0.0476,50.0
1753600536336,07:15:36.336,bitmex,ACT/USDT:USDT,0.04547,510.0,0.04067,1480.0,0.04666,320.0,0.0476,50.0
1753600536385,07:15:36.385,bitmex,ACT/USDT:USDT,0.04547,510.0,0.04067,1480.0,0.04666,320.0,0.04686,490.0
1753600537524,07:15:37.524,bitmex,ACT/USDT:USDT,0.04547,510.0,0.04067,1480.0,0.04666,320.0,0.04685,510.0
1753600537574,07:15:37.574,bitmex,ACT/USDT:USDT,0.04546,510.0,0.0451,1100.0,0.04666,320.0,0.04685,510.0
1753600537623,07:15:37.623,bitmex,ACT/USDT:USDT,0.04546,510.0,0.0451,1100.0,0.04666,320.0,0.04685,510.0
1753600538769,07:15:38.769,bitmex,ACT/USDT:USDT,0.04546,510.0,0.0451,1100.0,0.04666,320.0,0.04685,510.0
1753600538828,07:15:38.828,bitmex,ACT/USDT:USDT,0.04546,510.0,0.0451,1100.0,0.04666,320.0,0.04685,510.0
1753600539968,07:15:39.968,bitmex,ACT/USDT:USDT,0.04546,510.0,0.0451,1100.0,0.04666,320.0,0.04685,510.0
1753600540018,07:15:40.018,bitmex,ACT/USDT:USDT,0.04546,510.0,0.0451,1100.0,0.04666,320.0,0.04685,510.0
1753600541418,07:15:41.418,bitmex,ACT/USDT:USDT,0.04546,510.0,0.0451,1100.0,0.04666,320.0,0.04685,510.0
1753600541468,07:15:41.468,bitmex,ACT/USDT:USDT,0.04546,510.0,0.0451,1100.0,0.04666,320.0,0.04685,510.0
1753600542582,07:15:42.582,bitmex,ACT/USDT:USDT,0.04546,510.0,0.0451,1100.0,0.04666,320.0,0.04685,510.0
1753600542647,07:15:42.647,bitmex,ACT/USDT:USDT,0.04546,510.0,0.0451,1100.0,0.04666,320.0,0.04685,510.0
1753600543883,07:15:43.883,bitmex,ACT/USDT:USDT,0.04546,510.0,0.0451,1100.0,0.04666,320.0,0.04685,510.0
1753600543933,07:15:43.933,bitmex,ACT/USDT:USDT,0.04546,510.0,0.0451,1100.0,0.04666,320.0,0.04685,510.0
1753600545105,07:15:45.105,bitmex,ACT/USDT:USDT,0.04546,510.0,0.0451,1100.0,0.04666,320.0,0.04685,510.0
1753600545155,07:15:45.155,bitmex,ACT/USDT:USDT,0.04546,510.0,0.0451,1100.0,0.04666,320.0,0.04685,510.0
1753600546531,07:15:46.531,bitmex,ACT/USDT:USDT,0.04546,510.0,0.0451,1100.0,0.04666,320.0,0.04685,510.0
1753600546580,07:15:46.580,bitmex,ACT/USDT:USDT,0.04546,510.0,0.0451,1100.0,0.04666,320.0,0.04685,510.0
1753600547685,07:15:47.685,bitmex,ACT/USDT:USDT,0.04546,510.0,0.0451,1100.0,0.04666,320.0,0.04685,510.0
1753600547735,07:15:47.735,bitmex,ACT/USDT:USDT,0.04546,510.0,0.0451,1100.0,0.04666,320.0,0.04685,510.0
1753600549098,07:15:49.098,bitmex,ACT/USDT:USDT,0.04546,510.0,0.0451,1100.0,0.04666,320.0,0.04685,510.0
1753600549147,07:15:49.147,bitmex,ACT/USDT:USDT,0.04546,510.0,0.0451,1100.0,0.04666,320.0,0.04685,510.0
1753600550397,07:15:50.397,bitmex,ACT/USDT:USDT,0.04546,510.0,0.0451,1100.0,0.04666,320.0,0.04685,510.0
1753600550447,07:15:50.447,bitmex,ACT/USDT:USDT,0.04546,510.0,0.0451,1100.0,0.04666,320.0,0.04685,510.0
1753600550853,07:15:50.853,bitmex,ACT/USDT:USDT,0.04546,510.0,0.0451,1100.0,0.04666,320.0,0.04685,510.0
1753600550903,07:15:50.903,bitmex,ACT/USDT:USDT,0.04546,510.0,0.0451,1100.0,0.04666,320.0,0.04685,510.0
1753600551842,07:15:51.842,bitmex,ACT/USDT:USDT,0.04546,510.0,0.0451,1100.0,0.04666,320.0,0.04685,510.0
1753600551892,07:15:51.892,bitmex,ACT/USDT:USDT,0.04546,510.0,0.0451,1100.0,0.04666,320.0,0.04685,510.0
1753600552652,07:15:52.652,bitmex,ACT/USDT:USDT,0.04546,510.0,0.0451,1100.0,0.04666,320.0,0.04685,510.0
1753600552702,07:15:52.702,bitmex,ACT/USDT:USDT,0.04546,510.0,0.0451,1100.0,0.04666,320.0,0.04685,510.0
1753600554012,07:15:54.012,bitmex,ACT/USDT:USDT,0.04547,510.0,0.0451,1100.0,0.04666,320.0,0.04685,510.0
1753600554061,07:15:54.061,bitmex,ACT/USDT:USDT,0.04547,510.0,0.0451,1100.0,0.04666,320.0,0.04686,490.0
1753600554110,07:15:54.110,bitmex,ACT/USDT:USDT,0.04547,510.0,0.04511,1100.0,0.04666,320.0,0.04686,490.0
1753600555239,07:15:55.239,bitmex,ACT/USDT:USDT,0.04547,510.0,0.04511,1100.0,0.04666,320.0,0.04686,490.0
1753600555288,07:15:55.288,bitmex,ACT/USDT:USDT,0.04547,510.0,0.04511,1100.0,0.04666,320.0,0.04686,490.0
1753600556609,07:15:56.609,bitmex,ACT/USDT:USDT,0.04547,510.0,0.04511,1100.0,0.04666,320.0,0.04686,490.0
1753600556658,07:15:56.658,bitmex,ACT/USDT:USDT,0.04547,510.0,0.04511,1100.0,0.04666,320.0,0.04686,490.0
1753600557728,07:15:57.728,bitmex,ACT/USDT:USDT,0.04547,510.0,0.04511,1100.0,0.04666,320.0,0.04686,490.0
1753600557796,07:15:57.796,bitmex,ACT/USDT:USDT,0.04547,510.0,0.04511,1100.0,0.04666,320.0,0.04686,490.0
1753600558714,07:15:58.714,bitmex,ACT/USDT:USDT,0.04547,510.0,0.04511,1100.0,0.04666,320.0,0.04686,490.0
1753600558763,07:15:58.763,bitmex,ACT/USDT:USDT,0.04547,510.0,0.04511,1100.0,0.04666,320.0,0.04685,50.0
1753600559048,07:15:59.048,bitmex,ACT/USDT:USDT,0.04547,510.0,0.04511,1100.0,0.04666,320.0,0.04686,490.0
1753600559097,07:15:59.097,bitmex,ACT/USDT:USDT,0.04547,510.0,0.04511,1100.0,0.04666,320.0,0.04686,490.0
1753600559161,07:15:59.161,bitmex,ACT/USDT:USDT,0.04547,510.0,0.04511,1100.0,0.04666,320.0,0.04686,490.0
1753600559211,07:15:59.211,bitmex,ACT/USDT:USDT,0.04547,510.0,0.04511,1100.0,0.04666,320.0,0.04686,490.0
1753600559461,07:15:59.461,bitmex,ACT/USDT:USDT,0.04547,510.0,0.04511,1100.0,0.04666,320.0,0.04685,50.0
1753600559511,07:15:59.511,bitmex,ACT/USDT:USDT,0.04547,510.0,0.04511,1100.0,0.04666,320.0,0.04685,50.0
1753600560316,07:16:00.316,bitmex,ACT/USDT:USDT,0.04548,490.0,0.04511,1100.0,0.04666,320.0,0.04685,50.0
1753600560366,07:16:00.366,bitmex,ACT/USDT:USDT,0.04548,490.0,0.04511,1100.0,0.04666,320.0,0.04685,50.0
1753600562148,07:16:02.148,bitmex,ACT/USDT:USDT,0.04548,490.0,0.04511,1100.0,0.04666,320.0,0.04685,50.0
1753600562197,07:16:02.197,bitmex,ACT/USDT:USDT,0.04548,490.0,0.04511,1100.0,0.04666,320.0,0.04685,50.0
1753600563438,07:16:03.438,bitmex,ACT/USDT:USDT,0.04548,490.0,0.04511,1100.0,0.04666,320.0,0.04685,50.0
1753600563488,07:16:03.488,bitmex,ACT/USDT:USDT,0.04548,490.0,0.04511,1100.0,0.04666,320.0,0.04685,50.0
1753600564725,07:16:04.725,bitmex,ACT/USDT:USDT,0.04548,490.0,0.04511,1100.0,0.04666,320.0,0.04685,50.0
1753600564775,07:16:04.775,bitmex,ACT/USDT:USDT,0.04548,490.0,0.04511,1100.0,0.04666,320.0,0.04685,50.0
1753600565889,07:16:05.889,bitmex,ACT/USDT:USDT,0.04548,490.0,0.04511,1100.0,0.04666,320.0,0.04685,50.0
1753600565938,07:16:05.938,bitmex,ACT/USDT:USDT,0.04548,500.0,0.04511,1100.0,0.04666,320.0,0.04685,50.0
1753600565987,07:16:05.987,bitmex,ACT/USDT:USDT,0.04548,500.0,0.04511,1100.0,0.04666,320.0,0.04685,50.0
1753600567157,07:16:07.157,bitmex,ACT/USDT:USDT,0.04548,500.0,0.04511,1100.0,0.04666,320.0,0.04685,50.0
1753600567207,07:16:07.207,bitmex,ACT/USDT:USDT,0.04548,500.0,0.04511,1100.0,0.04666,320.0,0.04685,50.0
1753600568363,07:16:08.363,bitmex,ACT/USDT:USDT,0.04548,500.0,0.04511,1100.0,0.04666,320.0,0.04685,50.0
1753600568413,07:16:08.413,bitmex,ACT/USDT:USDT,0.04548,500.0,0.04511,1100.0,0.04666,320.0,0.04685,50.0
1753600569727,07:16:09.727,bitmex,ACT/USDT:USDT,0.04548,500.0,0.04511,1100.0,0.04666,320.0,0.04685,50.0
1753600569777,07:16:09.777,bitmex,ACT/USDT:USDT,0.04548,500.0,0.04511,1100.0,0.04666,320.0,0.04685,50.0
1753600570913,07:16:10.913,bitmex,ACT/USDT:USDT,0.04548,500.0,0.04511,1080.0,0.04666,320.0,0.04685,50.0
1753600570962,07:16:10.962,bitmex,ACT/USDT:USDT,0.04548,500.0,0.04511,1080.0,0.04666,320.0,0.04685,50.0
1753600572221,07:16:12.221,bitmex,ACT/USDT:USDT,0.04548,500.0,0.04511,1080.0,0.04666,320.0,0.04685,50.0
1753600572271,07:16:12.271,bitmex,ACT/USDT:USDT,0.04548,500.0,0.04511,1080.0,0.04666,320.0,0.04685,50.0
1753600573469,07:16:13.469,bitmex,ACT/USDT:USDT,0.04548,500.0,0.04511,1080.0,0.04666,320.0,0.04685,50.0
1753600573519,07:16:13.519,bitmex,ACT/USDT:USDT,0.04548,500.0,0.04511,1080.0,0.04666,320.0,0.04685,50.0
