timestamp,time,exchange,symbol,bid1_price,bid1_volume,bid2_price,bid2_volume,ask1_price,ask1_volume,ask2_price,ask2_volume
1753599983268,07:06:23.268,bitget,AERO/USDT:USDT,0.8996,1670.0,0.8995,5028.0,0.9001,101.0,0.9005,87.0
1753599983418,07:06:23.418,bitget,AERO/USDT:USDT,0.8996,1706.0,0.8995,5028.0,0.9001,101.0,0.9005,87.0
1753599983568,07:06:23.568,bitget,AERO/USDT:USDT,0.8996,1781.0,0.8995,4917.0,0.9001,101.0,0.9005,87.0
1753599984168,07:06:24.168,bitget,AERO/USDT:USDT,0.8997,84.0,0.8996,1781.0,0.9001,101.0,0.9005,87.0
1753599984319,07:06:24.319,bitget,AERO/USDT:USDT,0.8998,101.0,0.8997,84.0,0.9001,101.0,0.9005,87.0
1753599984619,07:06:24.619,bitget,AERO/USDT:USDT,0.8998,155.0,0.8997,608.0,0.9001,101.0,0.9005,87.0
1753599984769,07:06:24.769,bitget,AERO/USDT:USDT,0.8998,155.0,0.8997,608.0,0.9001,101.0,0.9005,87.0
1753599984919,07:06:24.919,bitget,AERO/USDT:USDT,0.8998,155.0,0.8997,608.0,0.9001,101.0,0.9005,87.0
1753599985219,07:06:25.219,bitget,AERO/USDT:USDT,0.8998,155.0,0.8997,608.0,0.9001,101.0,0.9005,87.0
1753599985369,07:06:25.369,bitget,AERO/USDT:USDT,0.8998,155.0,0.8997,608.0,0.9001,101.0,0.9005,87.0
1753599985519,07:06:25.519,bitget,AERO/USDT:USDT,0.8998,155.0,0.8997,608.0,0.9001,101.0,0.9005,87.0
1753599985669,07:06:25.669,bitget,AERO/USDT:USDT,0.8998,155.0,0.8997,608.0,0.9001,101.0,0.9005,87.0
1753599986270,07:06:26.270,bitget,AERO/USDT:USDT,0.8998,155.0,0.8997,5391.0,0.9001,101.0,0.9005,87.0
1753599986570,07:06:26.570,bitget,AERO/USDT:USDT,0.8998,155.0,0.8997,5391.0,0.9001,101.0,0.9005,87.0
1753599986870,07:06:26.870,bitget,AERO/USDT:USDT,0.8998,155.0,0.8997,5391.0,0.9001,101.0,0.9005,87.0
1753599987471,07:06:27.471,bitget,AERO/USDT:USDT,0.8999,470.0,0.8998,155.0,0.9004,101.0,0.9006,1185.0
1753599988371,07:06:28.371,bitget,AERO/USDT:USDT,0.9,101.0,0.8999,470.0,0.9004,101.0,0.9006,1185.0
1753599988521,07:06:28.521,bitget,AERO/USDT:USDT,0.9,101.0,0.8999,470.0,0.9004,101.0,0.9006,1185.0
1753599988821,07:06:28.821,bitget,AERO/USDT:USDT,0.9,101.0,0.8999,470.0,0.9004,101.0,0.9006,1185.0
1753599988972,07:06:28.972,bitget,AERO/USDT:USDT,0.9,101.0,0.8999,470.0,0.9004,101.0,0.9006,1185.0
1753599989572,07:06:29.572,bitget,AERO/USDT:USDT,0.9,101.0,0.8999,470.0,0.9004,101.0,0.9006,1185.0
1753599990322,07:06:30.322,bitget,AERO/USDT:USDT,0.9,101.0,0.8999,470.0,0.9004,101.0,0.9006,86.0
1753599990473,07:06:30.473,bitget,AERO/USDT:USDT,0.9,101.0,0.8999,470.0,0.9004,101.0,0.9006,86.0
1753599991223,07:06:31.223,bitget,AERO/USDT:USDT,0.9,101.0,0.8999,470.0,0.9004,101.0,0.9007,86.0
1753599991373,07:06:31.373,bitget,AERO/USDT:USDT,0.9,101.0,0.8999,470.0,0.9004,101.0,0.9007,86.0
1753599991974,07:06:31.974,bitget,AERO/USDT:USDT,0.9,101.0,0.8999,470.0,0.9004,101.0,0.9007,86.0
1753599992124,07:06:32.124,bitget,AERO/USDT:USDT,0.9,101.0,0.8999,470.0,0.9004,101.0,0.9007,86.0
1753599992274,07:06:32.274,bitget,AERO/USDT:USDT,0.9,101.0,0.8999,470.0,0.9004,101.0,0.9007,86.0
1753599992574,07:06:32.574,bitget,AERO/USDT:USDT,0.9,101.0,0.8999,470.0,0.9004,101.0,0.9007,86.0
1753599992724,07:06:32.724,bitget,AERO/USDT:USDT,0.9,101.0,0.8999,470.0,0.9004,101.0,0.9007,86.0
1753599993024,07:06:33.024,bitget,AERO/USDT:USDT,0.9,101.0,0.8999,470.0,0.9004,101.0,0.9007,86.0
1753599993174,07:06:33.174,bitget,AERO/USDT:USDT,0.9,101.0,0.8999,470.0,0.9004,101.0,0.9007,86.0
1753599993324,07:06:33.324,bitget,AERO/USDT:USDT,0.9,101.0,0.8999,470.0,0.9004,101.0,0.9007,86.0
1753599993625,07:06:33.625,bitget,AERO/USDT:USDT,0.9,101.0,0.8999,470.0,0.9004,101.0,0.9007,86.0
1753599993775,07:06:33.775,bitget,AERO/USDT:USDT,0.9,101.0,0.8999,470.0,0.9004,101.0,0.9007,86.0
1753599993925,07:06:33.925,bitget,AERO/USDT:USDT,0.9,101.0,0.8999,470.0,0.9004,101.0,0.9007,86.0
1753599994075,07:06:34.075,bitget,AERO/USDT:USDT,0.9,101.0,0.8999,470.0,0.9004,101.0,0.9007,86.0
1753599994225,07:06:34.225,bitget,AERO/USDT:USDT,0.9,101.0,0.8999,470.0,0.9004,101.0,0.9007,86.0
1753599994375,07:06:34.375,bitget,AERO/USDT:USDT,0.9,101.0,0.8999,470.0,0.9004,101.0,0.9007,86.0
1753599994675,07:06:34.675,bitget,AERO/USDT:USDT,0.9,101.0,0.8999,470.0,0.9004,101.0,0.9007,86.0
1753599994825,07:06:34.825,bitget,AERO/USDT:USDT,0.9,101.0,0.8999,470.0,0.9004,101.0,0.9007,86.0
1753599994975,07:06:34.975,bitget,AERO/USDT:USDT,0.9,101.0,0.8999,470.0,0.9004,101.0,0.9007,86.0
1753599995126,07:06:35.126,bitget,AERO/USDT:USDT,0.9,101.0,0.8999,470.0,0.9004,101.0,0.9007,86.0
1753599995276,07:06:35.276,bitget,AERO/USDT:USDT,0.9,101.0,0.8999,470.0,0.9004,101.0,0.9007,86.0
1753599995426,07:06:35.426,bitget,AERO/USDT:USDT,0.9,101.0,0.8999,470.0,0.9004,101.0,0.9007,86.0
1753599995576,07:06:35.576,bitget,AERO/USDT:USDT,0.9,101.0,0.8999,470.0,0.9004,101.0,0.9007,86.0
1753599995726,07:06:35.726,bitget,AERO/USDT:USDT,0.9,101.0,0.8999,470.0,0.9004,101.0,0.9007,86.0
1753599995876,07:06:35.876,bitget,AERO/USDT:USDT,0.9,101.0,0.8999,470.0,0.9004,101.0,0.9007,86.0
1753599996026,07:06:36.026,bitget,AERO/USDT:USDT,0.9,101.0,0.8999,470.0,0.9004,101.0,0.9007,86.0
1753599996326,07:06:36.326,bitget,AERO/USDT:USDT,0.9,101.0,0.8999,470.0,0.9004,101.0,0.9007,86.0
1753599996476,07:06:36.476,bitget,AERO/USDT:USDT,0.9,101.0,0.8999,470.0,0.9004,101.0,0.9007,86.0
1753599996777,07:06:36.777,bitget,AERO/USDT:USDT,0.9,101.0,0.8999,470.0,0.9004,101.0,0.9007,86.0
1753599996927,07:06:36.927,bitget,AERO/USDT:USDT,0.9,101.0,0.8999,470.0,0.9004,101.0,0.9007,86.0
1753599997077,07:06:37.077,bitget,AERO/USDT:USDT,0.9,101.0,0.8999,470.0,0.9004,101.0,0.9007,86.0
1753599997227,07:06:37.227,bitget,AERO/USDT:USDT,0.9,101.0,0.8999,470.0,0.9004,101.0,0.9007,86.0
1753599997377,07:06:37.377,bitget,AERO/USDT:USDT,0.9,101.0,0.8999,470.0,0.9004,101.0,0.9007,86.0
1753599997677,07:06:37.677,bitget,AERO/USDT:USDT,0.9,101.0,0.8999,470.0,0.9004,101.0,0.9007,86.0
1753599997827,07:06:37.827,bitget,AERO/USDT:USDT,0.9,101.0,0.8999,470.0,0.9004,101.0,0.9007,86.0
1753599997977,07:06:37.977,bitget,AERO/USDT:USDT,0.9,101.0,0.8999,470.0,0.9004,101.0,0.9007,86.0
1753599998128,07:06:38.128,bitget,AERO/USDT:USDT,0.9,101.0,0.8999,470.0,0.9004,101.0,0.9007,86.0
1753599998278,07:06:38.278,bitget,AERO/USDT:USDT,0.9,101.0,0.8999,470.0,0.9004,101.0,0.9007,86.0
1753599998428,07:06:38.428,bitget,AERO/USDT:USDT,0.9,101.0,0.8999,470.0,0.9004,101.0,0.9007,86.0
1753599998578,07:06:38.578,bitget,AERO/USDT:USDT,0.9,101.0,0.8999,470.0,0.9004,101.0,0.9007,86.0
1753599998728,07:06:38.728,bitget,AERO/USDT:USDT,0.9,101.0,0.8999,470.0,0.9004,101.0,0.9007,86.0
1753599998878,07:06:38.878,bitget,AERO/USDT:USDT,0.9,101.0,0.8999,470.0,0.9004,101.0,0.9007,86.0
1753599999178,07:06:39.178,bitget,AERO/USDT:USDT,0.9,101.0,0.8999,470.0,0.9004,101.0,0.9007,86.0
1753599999328,07:06:39.328,bitget,AERO/USDT:USDT,0.9,101.0,0.8999,470.0,0.9004,101.0,0.9007,86.0
1753599999478,07:06:39.478,bitget,AERO/USDT:USDT,0.9,101.0,0.8999,470.0,0.9004,101.0,0.9007,86.0
1753599999778,07:06:39.778,bitget,AERO/USDT:USDT,0.9,101.0,0.8999,470.0,0.9004,101.0,0.9007,86.0
1753600000079,07:06:40.079,bitget,AERO/USDT:USDT,0.9,101.0,0.8999,470.0,0.9004,101.0,0.9007,86.0
1753600000229,07:06:40.229,bitget,AERO/USDT:USDT,0.9,101.0,0.8999,470.0,0.9004,101.0,0.9007,86.0
1753600000379,07:06:40.379,bitget,AERO/USDT:USDT,0.9,101.0,0.8999,470.0,0.9004,101.0,0.9007,86.0
1753600000529,07:06:40.529,bitget,AERO/USDT:USDT,0.9,101.0,0.8999,470.0,0.9007,86.0,0.9008,84.0
1753600000679,07:06:40.679,bitget,AERO/USDT:USDT,0.9,101.0,0.8999,470.0,0.9006,101.0,0.9008,84.0
1753600000829,07:06:40.829,bitget,AERO/USDT:USDT,0.9,101.0,0.8999,470.0,0.9006,101.0,0.9007,212.0
1753600000979,07:06:40.979,bitget,AERO/USDT:USDT,0.9,101.0,0.8999,470.0,0.9006,101.0,0.9007,212.0
1753600001129,07:06:41.129,bitget,AERO/USDT:USDT,0.9,101.0,0.8999,470.0,0.9006,101.0,0.9007,212.0
1753600001279,07:06:41.279,bitget,AERO/USDT:USDT,0.9,101.0,0.8999,470.0,0.9006,101.0,0.9007,212.0
1753600001430,07:06:41.430,bitget,AERO/USDT:USDT,0.9,101.0,0.8999,470.0,0.9006,101.0,0.9007,212.0
1753600001580,07:06:41.580,bitget,AERO/USDT:USDT,0.9,101.0,0.8999,470.0,0.9006,101.0,0.9007,212.0
1753600001880,07:06:41.880,bitget,AERO/USDT:USDT,0.9,101.0,0.8999,470.0,0.9006,101.0,0.9007,212.0
1753600002030,07:06:42.030,bitget,AERO/USDT:USDT,0.9,101.0,0.8999,470.0,0.9006,101.0,0.9007,212.0
1753600002180,07:06:42.180,bitget,AERO/USDT:USDT,0.9,101.0,0.8999,470.0,0.9006,101.0,0.9007,212.0
1753600002480,07:06:42.480,bitget,AERO/USDT:USDT,0.9,101.0,0.8999,470.0,0.9006,101.0,0.9007,212.0
1753600002630,07:06:42.630,bitget,AERO/USDT:USDT,0.9,101.0,0.8999,470.0,0.9006,101.0,0.9007,212.0
1753600002780,07:06:42.780,bitget,AERO/USDT:USDT,0.9,101.0,0.8999,470.0,0.9006,101.0,0.9007,212.0
1753600002930,07:06:42.930,bitget,AERO/USDT:USDT,0.9,101.0,0.8999,470.0,0.9006,101.0,0.9007,212.0
1753600003081,07:06:43.081,bitget,AERO/USDT:USDT,0.9,101.0,0.8999,470.0,0.9006,101.0,0.9007,212.0
1753600003231,07:06:43.231,bitget,AERO/USDT:USDT,0.9,101.0,0.8999,470.0,0.9006,101.0,0.9007,212.0
1753600003381,07:06:43.381,bitget,AERO/USDT:USDT,0.9,101.0,0.8999,470.0,0.9006,101.0,0.9007,212.0
1753600003531,07:06:43.531,bitget,AERO/USDT:USDT,0.9,101.0,0.8999,470.0,0.9006,101.0,0.9007,212.0
1753600004131,07:06:44.131,bitget,AERO/USDT:USDT,0.9,101.0,0.8999,470.0,0.9006,101.0,0.9007,212.0
1753600004281,07:06:44.281,bitget,AERO/USDT:USDT,0.9,101.0,0.8999,470.0,0.9006,101.0,0.9007,212.0
1753600004431,07:06:44.431,bitget,AERO/USDT:USDT,0.9,101.0,0.8999,470.0,0.9006,101.0,0.9007,212.0
1753600004582,07:06:44.582,bitget,AERO/USDT:USDT,0.9,101.0,0.8999,470.0,0.9006,101.0,0.9007,212.0
1753600004732,07:06:44.732,bitget,AERO/USDT:USDT,0.9,101.0,0.8999,470.0,0.9006,101.0,0.9007,212.0
1753600004882,07:06:44.882,bitget,AERO/USDT:USDT,0.9,101.0,0.8999,470.0,0.9006,101.0,0.9007,212.0
1753600005032,07:06:45.032,bitget,AERO/USDT:USDT,0.9,101.0,0.8999,470.0,0.9006,101.0,0.9007,212.0
1753600005332,07:06:45.332,bitget,AERO/USDT:USDT,0.9,101.0,0.8999,470.0,0.9006,101.0,0.9007,212.0
1753600005482,07:06:45.482,bitget,AERO/USDT:USDT,0.9,101.0,0.8999,470.0,0.9006,101.0,0.9007,212.0
1753600005632,07:06:45.632,bitget,AERO/USDT:USDT,0.9,101.0,0.8999,470.0,0.9006,101.0,0.9007,212.0
1753600005782,07:06:45.782,bitget,AERO/USDT:USDT,0.9,101.0,0.8999,470.0,0.9006,101.0,0.9007,212.0
1753600005933,07:06:45.933,bitget,AERO/USDT:USDT,0.9,101.0,0.8999,470.0,0.9006,101.0,0.9007,212.0
1753600006233,07:06:46.233,bitget,AERO/USDT:USDT,0.9,101.0,0.8999,470.0,0.9006,101.0,0.9007,212.0
1753600006533,07:06:46.533,bitget,AERO/USDT:USDT,0.9,571.0,0.8998,4910.0,0.9006,101.0,0.9007,212.0
1753600006833,07:06:46.833,bitget,AERO/USDT:USDT,0.9,571.0,0.8998,4910.0,0.9006,101.0,0.9007,266.0
1753600007133,07:06:47.133,bitget,AERO/USDT:USDT,0.9,101.0,0.8998,5380.0,0.9006,701.0,0.9007,54.0
1753600007283,07:06:47.283,bitget,AERO/USDT:USDT,0.9,101.0,0.8998,5240.0,0.9004,101.0,0.9005,1185.0
1753600007433,07:06:47.433,bitget,AERO/USDT:USDT,0.9,101.0,0.8998,5240.0,0.9004,150.0,0.9005,1243.0
1753600007734,07:06:47.734,bitget,AERO/USDT:USDT,0.9,101.0,0.8998,5240.0,0.9004,150.0,0.9005,144.0
1753600008034,07:06:48.034,bitget,AERO/USDT:USDT,0.9,101.0,0.8999,54.0,0.9004,101.0,0.9006,86.0
1753600008184,07:06:48.184,bitget,AERO/USDT:USDT,0.9,101.0,0.8999,54.0,0.9004,101.0,0.9006,86.0
1753600008334,07:06:48.334,bitget,AERO/USDT:USDT,0.9,101.0,0.8999,54.0,0.9004,101.0,0.9006,86.0
1753600008484,07:06:48.484,bitget,AERO/USDT:USDT,0.9,101.0,0.8999,54.0,0.9004,101.0,0.9006,86.0
1753600008634,07:06:48.634,bitget,AERO/USDT:USDT,0.9,101.0,0.8999,54.0,0.9004,101.0,0.9006,86.0
1753600008784,07:06:48.784,bitget,AERO/USDT:USDT,0.9,101.0,0.8999,54.0,0.9004,101.0,0.9006,86.0
1753600008934,07:06:48.934,bitget,AERO/USDT:USDT,0.9,101.0,0.8999,54.0,0.9004,101.0,0.9006,86.0
1753600009085,07:06:49.085,bitget,AERO/USDT:USDT,0.9,101.0,0.8999,54.0,0.9004,101.0,0.9006,86.0
1753600009235,07:06:49.235,bitget,AERO/USDT:USDT,0.9,101.0,0.8999,54.0,0.9004,101.0,0.9006,86.0
1753600009385,07:06:49.385,bitget,AERO/USDT:USDT,0.9,101.0,0.8999,54.0,0.9004,101.0,0.9006,86.0
1753600009535,07:06:49.535,bitget,AERO/USDT:USDT,0.9,101.0,0.8999,54.0,0.9004,101.0,0.9006,86.0
1753600009685,07:06:49.685,bitget,AERO/USDT:USDT,0.9,101.0,0.8999,54.0,0.9004,101.0,0.9006,86.0
1753600009835,07:06:49.835,bitget,AERO/USDT:USDT,0.9,101.0,0.8999,54.0,0.9004,101.0,0.9006,86.0
1753600009985,07:06:49.985,bitget,AERO/USDT:USDT,0.9,101.0,0.8999,54.0,0.9004,101.0,0.9006,86.0
1753600010135,07:06:50.135,bitget,AERO/USDT:USDT,0.9,101.0,0.8999,54.0,0.9004,101.0,0.9006,86.0
1753600010285,07:06:50.285,bitget,AERO/USDT:USDT,0.9,101.0,0.8999,54.0,0.9004,101.0,0.9006,86.0
1753600010736,07:06:50.736,bitget,AERO/USDT:USDT,0.9,101.0,0.8999,54.0,0.9004,101.0,0.9006,86.0
1753600010886,07:06:50.886,bitget,AERO/USDT:USDT,0.9,101.0,0.8999,54.0,0.9004,101.0,0.9006,86.0
1753600011036,07:06:51.036,bitget,AERO/USDT:USDT,0.9,101.0,0.8999,54.0,0.9004,101.0,0.9006,86.0
1753600011186,07:06:51.186,bitget,AERO/USDT:USDT,0.9,101.0,0.8999,54.0,0.9004,101.0,0.9006,86.0
1753600011336,07:06:51.336,bitget,AERO/USDT:USDT,0.9,101.0,0.8999,54.0,0.9004,101.0,0.9006,86.0
1753600011486,07:06:51.486,bitget,AERO/USDT:USDT,0.9,101.0,0.8999,54.0,0.9004,101.0,0.9006,86.0
1753600011786,07:06:51.786,bitget,AERO/USDT:USDT,0.9,101.0,0.8999,54.0,0.9004,101.0,0.9006,86.0
1753600011936,07:06:51.936,bitget,AERO/USDT:USDT,0.9,101.0,0.8999,54.0,0.9004,101.0,0.9006,86.0
1753600012387,07:06:52.387,bitget,AERO/USDT:USDT,0.9,571.0,0.8999,54.0,0.9004,101.0,0.9006,86.0
1753600012537,07:06:52.537,bitget,AERO/USDT:USDT,0.9,571.0,0.8999,54.0,0.9004,101.0,0.9006,1185.0
1753600012687,07:06:52.687,bitget,AERO/USDT:USDT,0.9,571.0,0.8999,54.0,0.9004,101.0,0.9006,1185.0
1753600012837,07:06:52.837,bitget,AERO/USDT:USDT,0.9,571.0,0.8999,54.0,0.9004,101.0,0.9006,1185.0
1753600013137,07:06:53.137,bitget,AERO/USDT:USDT,0.9,571.0,0.8999,54.0,0.9004,101.0,0.9006,86.0
1753600013287,07:06:53.287,bitget,AERO/USDT:USDT,0.9,571.0,0.8999,54.0,0.9004,101.0,0.9006,86.0
1753600013587,07:06:53.587,bitget,AERO/USDT:USDT,0.9,571.0,0.8999,54.0,0.9004,101.0,0.9006,86.0
1753600013738,07:06:53.738,bitget,AERO/USDT:USDT,0.9,571.0,0.8999,54.0,0.9004,101.0,0.9006,86.0
1753600013888,07:06:53.888,bitget,AERO/USDT:USDT,0.9,571.0,0.8999,54.0,0.9004,101.0,0.9006,86.0
1753600014038,07:06:54.038,bitget,AERO/USDT:USDT,0.9,571.0,0.8999,54.0,0.9004,101.0,0.9006,86.0
1753600014188,07:06:54.188,bitget,AERO/USDT:USDT,0.9,571.0,0.8999,54.0,0.9004,101.0,0.9006,86.0
1753600014338,07:06:54.338,bitget,AERO/USDT:USDT,0.9,571.0,0.8999,54.0,0.9004,101.0,0.9006,86.0
1753600014488,07:06:54.488,bitget,AERO/USDT:USDT,0.9,571.0,0.8999,54.0,0.9004,101.0,0.9006,86.0
1753600014788,07:06:54.788,bitget,AERO/USDT:USDT,0.9,571.0,0.8999,54.0,0.9004,101.0,0.9006,86.0
1753600014938,07:06:54.938,bitget,AERO/USDT:USDT,0.9,571.0,0.8999,54.0,0.9004,101.0,0.9006,86.0
1753600015238,07:06:55.238,bitget,AERO/USDT:USDT,0.9,571.0,0.8999,54.0,0.9004,101.0,0.9006,1185.0
1753600015689,07:06:55.689,bitget,AERO/USDT:USDT,0.8999,470.0,0.8998,4770.0,0.9004,189.0,0.9005,54.0
1753600015839,07:06:55.839,bitget,AERO/USDT:USDT,0.8999,470.0,0.8998,4770.0,0.9004,189.0,0.9005,54.0
1753600015989,07:06:55.989,bitget,AERO/USDT:USDT,0.8999,470.0,0.8998,4770.0,0.9004,189.0,0.9005,54.0
1753600016139,07:06:56.139,bitget,AERO/USDT:USDT,0.8999,470.0,0.8998,4770.0,0.9004,189.0,0.9005,54.0
1753600016289,07:06:56.289,bitget,AERO/USDT:USDT,0.8999,470.0,0.8998,4770.0,0.9004,189.0,0.9005,54.0
1753600016439,07:06:56.439,bitget,AERO/USDT:USDT,0.8999,470.0,0.8998,4770.0,0.9004,189.0,0.9005,54.0
1753600016589,07:06:56.589,bitget,AERO/USDT:USDT,0.8999,470.0,0.8998,4770.0,0.9004,189.0,0.9005,54.0
1753600016739,07:06:56.739,bitget,AERO/USDT:USDT,0.8999,470.0,0.8998,4770.0,0.9004,189.0,0.9005,54.0
1753600016890,07:06:56.890,bitget,AERO/USDT:USDT,0.8999,470.0,0.8998,4770.0,0.9004,189.0,0.9005,54.0
1753600017040,07:06:57.040,bitget,AERO/USDT:USDT,0.8999,470.0,0.8998,4770.0,0.9004,189.0,0.9005,54.0
1753600017190,07:06:57.190,bitget,AERO/USDT:USDT,0.8999,470.0,0.8998,4770.0,0.9004,189.0,0.9005,54.0
1753600017340,07:06:57.340,bitget,AERO/USDT:USDT,0.8999,470.0,0.8998,4770.0,0.9004,189.0,0.9005,54.0
1753600017640,07:06:57.640,bitget,AERO/USDT:USDT,0.8999,470.0,0.8998,4770.0,0.9004,189.0,0.9005,54.0
1753600017790,07:06:57.790,bitget,AERO/USDT:USDT,0.8999,470.0,0.8998,4770.0,0.9004,189.0,0.9005,54.0
1753600017940,07:06:57.940,bitget,AERO/USDT:USDT,0.8999,470.0,0.8998,4770.0,0.9004,189.0,0.9005,54.0
1753600018090,07:06:58.090,bitget,AERO/USDT:USDT,0.8999,470.0,0.8998,4770.0,0.9004,189.0,0.9005,54.0
1753600018240,07:06:58.240,bitget,AERO/USDT:USDT,0.8998,470.0,0.8997,4771.0,0.9004,189.0,0.9005,54.0
1753600018541,07:06:58.541,bitget,AERO/USDT:USDT,0.8998,470.0,0.8997,4771.0,0.9004,189.0,0.9005,54.0
1753600018841,07:06:58.841,bitget,AERO/USDT:USDT,0.8998,470.0,0.8997,4771.0,0.9004,189.0,0.9005,54.0
1753600018991,07:06:58.991,bitget,AERO/USDT:USDT,0.8998,470.0,0.8997,4771.0,0.9004,189.0,0.9005,54.0
1753600019141,07:06:59.141,bitget,AERO/USDT:USDT,0.8998,470.0,0.8997,4771.0,0.9004,189.0,0.9005,54.0
1753600019291,07:06:59.291,bitget,AERO/USDT:USDT,0.8998,470.0,0.8997,4771.0,0.9004,189.0,0.9005,54.0
1753600019441,07:06:59.441,bitget,AERO/USDT:USDT,0.8998,470.0,0.8997,4771.0,0.9004,189.0,0.9005,54.0
1753600019591,07:06:59.591,bitget,AERO/USDT:USDT,0.8998,470.0,0.8997,4771.0,0.9004,189.0,0.9005,54.0
1753600019741,07:06:59.741,bitget,AERO/USDT:USDT,0.8999,101.0,0.8998,524.0,0.9004,101.0,0.9005,54.0
1753600019891,07:06:59.891,bitget,AERO/USDT:USDT,0.8999,101.0,0.8998,524.0,0.9004,101.0,0.9005,54.0
1753600020342,07:07:00.342,bitget,AERO/USDT:USDT,0.8999,101.0,0.8998,524.0,0.9004,101.0,0.9005,54.0
1753600020492,07:07:00.492,bitget,AERO/USDT:USDT,0.8999,101.0,0.8998,524.0,0.9004,101.0,0.9005,54.0
1753600020642,07:07:00.642,bitget,AERO/USDT:USDT,0.8999,101.0,0.8998,524.0,0.9004,101.0,0.9005,54.0
1753600020942,07:07:00.942,bitget,AERO/USDT:USDT,0.8999,101.0,0.8998,524.0,0.9004,101.0,0.9005,54.0
1753600021092,07:07:01.092,bitget,AERO/USDT:USDT,0.8999,101.0,0.8998,524.0,0.9004,101.0,0.9005,54.0
1753600021543,07:07:01.543,bitget,AERO/USDT:USDT,0.8999,101.0,0.8998,524.0,0.9004,101.0,0.9005,54.0
1753600021693,07:07:01.693,bitget,AERO/USDT:USDT,0.8999,101.0,0.8998,524.0,0.9004,101.0,0.9005,54.0
1753600021843,07:07:01.843,bitget,AERO/USDT:USDT,0.8999,101.0,0.8998,524.0,0.9004,101.0,0.9005,54.0
1753600021993,07:07:01.993,bitget,AERO/USDT:USDT,0.8999,101.0,0.8998,524.0,0.9004,101.0,0.9005,54.0
1753600022293,07:07:02.293,bitget,AERO/USDT:USDT,0.8999,101.0,0.8998,524.0,0.9004,101.0,0.9005,54.0
1753600022443,07:07:02.443,bitget,AERO/USDT:USDT,0.8999,101.0,0.8998,524.0,0.9004,101.0,0.9005,54.0
1753600022593,07:07:02.593,bitget,AERO/USDT:USDT,0.8999,101.0,0.8998,524.0,0.9004,101.0,0.9005,54.0
1753600022743,07:07:02.743,bitget,AERO/USDT:USDT,0.8999,101.0,0.8998,524.0,0.9004,101.0,0.9005,54.0
1753600022893,07:07:02.893,bitget,AERO/USDT:USDT,0.8999,101.0,0.8998,524.0,0.9004,101.0,0.9005,54.0
1753600023044,07:07:03.044,bitget,AERO/USDT:USDT,0.8999,101.0,0.8998,524.0,0.9004,101.0,0.9005,54.0
1753600023194,07:07:03.194,bitget,AERO/USDT:USDT,0.8999,101.0,0.8998,524.0,0.9004,101.0,0.9005,54.0
1753600023344,07:07:03.344,bitget,AERO/USDT:USDT,0.8999,101.0,0.8998,524.0,0.9004,101.0,0.9005,54.0
1753600023494,07:07:03.494,bitget,AERO/USDT:USDT,0.8999,101.0,0.8998,524.0,0.9004,101.0,0.9005,54.0
1753600023644,07:07:03.644,bitget,AERO/USDT:USDT,0.8999,101.0,0.8998,524.0,0.9004,101.0,0.9005,54.0
1753600023794,07:07:03.794,bitget,AERO/USDT:USDT,0.8999,101.0,0.8998,524.0,0.9004,101.0,0.9005,54.0
1753600024244,07:07:04.244,bitget,AERO/USDT:USDT,0.8999,101.0,0.8998,524.0,0.9004,101.0,0.9005,54.0
1753600024394,07:07:04.394,bitget,AERO/USDT:USDT,0.8999,101.0,0.8998,524.0,0.9004,101.0,0.9005,54.0
1753600024544,07:07:04.544,bitget,AERO/USDT:USDT,0.8999,101.0,0.8998,524.0,0.9004,101.0,0.9005,54.0
1753600024695,07:07:04.695,bitget,AERO/USDT:USDT,0.8999,101.0,0.8998,524.0,0.9004,101.0,0.9005,54.0
1753600024845,07:07:04.845,bitget,AERO/USDT:USDT,0.8999,101.0,0.8998,524.0,0.9004,101.0,0.9005,54.0
1753600024995,07:07:04.995,bitget,AERO/USDT:USDT,0.8999,101.0,0.8998,635.0,0.9004,101.0,0.9005,54.0
1753600025145,07:07:05.145,bitget,AERO/USDT:USDT,0.8999,101.0,0.8998,635.0,0.9004,101.0,0.9005,54.0
1753600025445,07:07:05.445,bitget,AERO/USDT:USDT,0.8999,101.0,0.8998,635.0,0.9004,101.0,0.9005,54.0
1753600025595,07:07:05.595,bitget,AERO/USDT:USDT,0.8999,101.0,0.8998,524.0,0.9004,101.0,0.9005,54.0
1753600025745,07:07:05.745,bitget,AERO/USDT:USDT,0.8999,101.0,0.8998,635.0,0.9004,101.0,0.9005,54.0
1753600025895,07:07:05.895,bitget,AERO/USDT:USDT,0.8999,101.0,0.8998,635.0,0.9004,101.0,0.9005,54.0
1753600026045,07:07:06.045,bitget,AERO/USDT:USDT,0.8999,101.0,0.8998,524.0,0.9004,101.0,0.9005,54.0
1753600026196,07:07:06.196,bitget,AERO/USDT:USDT,0.8999,101.0,0.8998,635.0,0.9004,101.0,0.9005,54.0
1753600026346,07:07:06.346,bitget,AERO/USDT:USDT,0.8999,101.0,0.8998,635.0,0.9004,101.0,0.9005,54.0
1753600026496,07:07:06.496,bitget,AERO/USDT:USDT,0.8999,101.0,0.8998,635.0,0.9004,101.0,0.9005,54.0
1753600026796,07:07:06.796,bitget,AERO/USDT:USDT,0.8999,101.0,0.8998,524.0,0.9004,101.0,0.9005,54.0
1753600026946,07:07:06.946,bitget,AERO/USDT:USDT,0.8999,101.0,0.8998,524.0,0.9004,101.0,0.9005,54.0
1753600027096,07:07:07.096,bitget,AERO/USDT:USDT,0.8999,101.0,0.8998,524.0,0.9004,101.0,0.9005,54.0
1753600027246,07:07:07.246,bitget,AERO/USDT:USDT,0.8999,101.0,0.8998,524.0,0.9004,101.0,0.9005,54.0
1753600027396,07:07:07.396,bitget,AERO/USDT:USDT,0.8999,101.0,0.8998,524.0,0.9004,101.0,0.9005,54.0
1753600027546,07:07:07.546,bitget,AERO/USDT:USDT,0.8999,101.0,0.8998,608.0,0.9004,101.0,0.9007,88.0
1753600027997,07:07:07.997,bitget,AERO/USDT:USDT,0.8999,101.0,0.8998,608.0,0.9004,101.0,0.9007,88.0
1753600028147,07:07:08.147,bitget,AERO/USDT:USDT,0.8999,101.0,0.8998,608.0,0.9004,101.0,0.9007,88.0
1753600028297,07:07:08.297,bitget,AERO/USDT:USDT,0.8999,101.0,0.8998,608.0,0.9004,101.0,0.9007,88.0
1753600028447,07:07:08.447,bitget,AERO/USDT:USDT,0.8999,101.0,0.8998,608.0,0.9004,101.0,0.9007,88.0
1753600028897,07:07:08.897,bitget,AERO/USDT:USDT,0.8999,101.0,0.8998,608.0,0.9004,101.0,0.9007,88.0
1753600029197,07:07:09.197,bitget,AERO/USDT:USDT,0.8999,101.0,0.8998,608.0,0.9004,101.0,0.9005,54.0
1753600029498,07:07:09.498,bitget,AERO/USDT:USDT,0.8999,571.0,0.8998,138.0,0.9004,101.0,0.9007,88.0
1753600030248,07:07:10.248,bitget,AERO/USDT:USDT,0.8999,101.0,0.8998,554.0,0.9004,101.0,0.9005,54.0
1753600030398,07:07:10.398,bitget,AERO/USDT:USDT,0.8999,101.0,0.8998,554.0,0.9004,101.0,0.9005,54.0
1753600030698,07:07:10.698,bitget,AERO/USDT:USDT,0.8999,101.0,0.8998,554.0,0.9004,101.0,0.9005,54.0
1753600030848,07:07:10.848,bitget,AERO/USDT:USDT,0.8999,101.0,0.8998,554.0,0.9004,101.0,0.9005,54.0
1753600030999,07:07:10.999,bitget,AERO/USDT:USDT,0.8999,101.0,0.8998,554.0,0.9004,101.0,0.9005,54.0
1753600031449,07:07:11.449,bitget,AERO/USDT:USDT,0.8999,101.0,0.8998,554.0,0.9004,101.0,0.9005,54.0
1753600031749,07:07:11.749,bitget,AERO/USDT:USDT,0.8999,101.0,0.8998,554.0,0.9004,101.0,0.9005,54.0
1753600031899,07:07:11.899,bitget,AERO/USDT:USDT,0.8999,101.0,0.8998,554.0,0.9004,101.0,0.9005,54.0
1753600032049,07:07:12.049,bitget,AERO/USDT:USDT,0.8999,101.0,0.8998,554.0,0.9004,101.0,0.9005,54.0
1753600032199,07:07:12.199,bitget,AERO/USDT:USDT,0.8999,101.0,0.8998,554.0,0.9004,101.0,0.9005,54.0
1753600032500,07:07:12.500,bitget,AERO/USDT:USDT,0.8999,101.0,0.8998,554.0,0.9004,101.0,0.9005,54.0
1753600032649,07:07:12.649,bitget,AERO/USDT:USDT,0.8999,101.0,0.8998,554.0,0.9004,101.0,0.9005,54.0
1753600032950,07:07:12.950,bitget,AERO/USDT:USDT,0.8999,101.0,0.8998,554.0,0.9004,101.0,0.9005,54.0
1753600033100,07:07:13.100,bitget,AERO/USDT:USDT,0.8999,101.0,0.8998,554.0,0.9004,101.0,0.9005,54.0
1753600033400,07:07:13.400,bitget,AERO/USDT:USDT,0.8999,101.0,0.8998,554.0,0.9004,101.0,0.9005,54.0
1753600033550,07:07:13.550,bitget,AERO/USDT:USDT,0.8999,101.0,0.8998,554.0,0.9004,101.0,0.9005,54.0
1753600033700,07:07:13.700,bitget,AERO/USDT:USDT,0.8999,101.0,0.8998,554.0,0.9004,101.0,0.9005,54.0
1753600033850,07:07:13.850,bitget,AERO/USDT:USDT,0.8997,4771.0,0.8996,111.0,0.9004,101.0,0.9005,54.0
1753600034000,07:07:14.000,bitget,AERO/USDT:USDT,0.8998,101.0,0.8997,4771.0,0.9004,185.0,0.9005,54.0
1753600034301,07:07:14.301,bitget,AERO/USDT:USDT,0.8998,101.0,0.8997,4771.0,0.9004,101.0,0.9005,54.0
1753600034451,07:07:14.451,bitget,AERO/USDT:USDT,0.8998,101.0,0.8997,4771.0,0.9004,101.0,0.9005,54.0
1753600034601,07:07:14.601,bitget,AERO/USDT:USDT,0.8998,101.0,0.8997,4771.0,0.9004,101.0,0.9005,54.0
1753600034751,07:07:14.751,bitget,AERO/USDT:USDT,0.8998,101.0,0.8997,4771.0,0.9004,101.0,0.9005,54.0
1753600034901,07:07:14.901,bitget,AERO/USDT:USDT,0.8998,101.0,0.8997,4771.0,0.9004,101.0,0.9005,54.0
1753600035051,07:07:15.051,bitget,AERO/USDT:USDT,0.8998,101.0,0.8997,4771.0,0.9004,101.0,0.9005,54.0
1753600035351,07:07:15.351,bitget,AERO/USDT:USDT,0.8998,101.0,0.8997,4771.0,0.9004,203.0,0.9005,141.0
1753600035651,07:07:15.651,bitget,AERO/USDT:USDT,0.8998,101.0,0.8997,4771.0,0.9004,203.0,0.9005,141.0
1753600035801,07:07:15.801,bitget,AERO/USDT:USDT,0.8998,101.0,0.8997,4771.0,0.9004,203.0,0.9005,141.0
1753600036252,07:07:16.252,bitget,AERO/USDT:USDT,0.8998,101.0,0.8997,4771.0,0.9004,203.0,0.9005,141.0
1753600036552,07:07:16.552,bitget,AERO/USDT:USDT,0.8998,101.0,0.8997,4771.0,0.9004,203.0,0.9005,141.0
1753600036702,07:07:16.702,bitget,AERO/USDT:USDT,0.8998,101.0,0.8997,4771.0,0.9004,203.0,0.9005,141.0
1753600037002,07:07:17.002,bitget,AERO/USDT:USDT,0.8998,101.0,0.8997,4771.0,0.9004,203.0,0.9005,141.0
1753600037453,07:07:17.453,bitget,AERO/USDT:USDT,0.8998,101.0,0.8997,4771.0,0.9004,203.0,0.9005,141.0
1753600037753,07:07:17.753,bitget,AERO/USDT:USDT,0.8998,101.0,0.8997,4771.0,0.9004,203.0,0.9005,141.0
1753600037903,07:07:17.903,bitget,AERO/USDT:USDT,0.8998,101.0,0.8997,4771.0,0.9004,203.0,0.9005,141.0
1753600038053,07:07:18.053,bitget,AERO/USDT:USDT,0.8998,101.0,0.8997,4771.0,0.9004,203.0,0.9005,141.0
1753600038353,07:07:18.353,bitget,AERO/USDT:USDT,0.8998,101.0,0.8997,4771.0,0.9004,203.0,0.9005,141.0
1753600038503,07:07:18.503,bitget,AERO/USDT:USDT,0.8998,101.0,0.8997,4771.0,0.9004,203.0,0.9005,141.0
1753600038803,07:07:18.803,bitget,AERO/USDT:USDT,0.8998,101.0,0.8995,198.0,0.9004,203.0,0.9005,141.0
1753600039254,07:07:19.254,bitget,AERO/USDT:USDT,0.8998,101.0,0.8996,470.0,0.9004,203.0,0.9005,141.0
1753600039554,07:07:19.554,bitget,AERO/USDT:USDT,0.8998,101.0,0.8996,470.0,0.9004,203.0,0.9005,141.0
1753600039704,07:07:19.704,bitget,AERO/USDT:USDT,0.8998,101.0,0.8996,470.0,0.9004,203.0,0.9005,141.0
1753600040154,07:07:20.154,bitget,AERO/USDT:USDT,0.8998,101.0,0.8996,470.0,0.9004,203.0,0.9005,141.0
1753600040454,07:07:20.454,bitget,AERO/USDT:USDT,0.8998,101.0,0.8996,470.0,0.9004,203.0,0.9005,141.0
1753600040755,07:07:20.755,bitget,AERO/USDT:USDT,0.8998,101.0,0.8996,470.0,0.9004,203.0,0.9005,141.0
1753600040905,07:07:20.905,bitget,AERO/USDT:USDT,0.8998,101.0,0.8996,470.0,0.9004,203.0,0.9005,141.0
1753600041055,07:07:21.055,bitget,AERO/USDT:USDT,0.8998,101.0,0.8996,470.0,0.9004,203.0,0.9005,141.0
1753600041355,07:07:21.355,bitget,AERO/USDT:USDT,0.8998,101.0,0.8996,470.0,0.9004,203.0,0.9005,141.0
1753600041505,07:07:21.505,bitget,AERO/USDT:USDT,0.8998,101.0,0.8996,470.0,0.9004,203.0,0.9005,141.0
1753600041655,07:07:21.655,bitget,AERO/USDT:USDT,0.8998,101.0,0.8996,470.0,0.9004,203.0,0.9005,141.0
1753600041805,07:07:21.805,bitget,AERO/USDT:USDT,0.8998,101.0,0.8996,470.0,0.9004,203.0,0.9005,141.0
1753600041955,07:07:21.955,bitget,AERO/USDT:USDT,0.8998,101.0,0.8996,470.0,0.9004,203.0,0.9005,141.0
1753600042256,07:07:22.256,bitget,AERO/USDT:USDT,0.8998,101.0,0.8996,470.0,0.9001,101.0,0.9002,47.0
1753600042556,07:07:22.556,bitget,AERO/USDT:USDT,0.8998,101.0,0.8996,470.0,0.9001,101.0,0.9002,47.0
1753600042706,07:07:22.706,bitget,AERO/USDT:USDT,0.8998,101.0,0.8996,470.0,0.9001,101.0,0.9002,47.0
1753600042856,07:07:22.856,bitget,AERO/USDT:USDT,0.8998,101.0,0.8996,470.0,0.9001,101.0,0.9002,47.0
1753600043006,07:07:23.006,bitget,AERO/USDT:USDT,0.8998,101.0,0.8996,470.0,0.9001,101.0,0.9002,47.0
1753600043306,07:07:23.306,bitget,AERO/USDT:USDT,0.8998,101.0,0.8996,470.0,0.9001,101.0,0.9002,47.0
1753600043456,07:07:23.456,bitget,AERO/USDT:USDT,0.8998,101.0,0.8996,470.0,0.9001,101.0,0.9002,47.0
1753600043607,07:07:23.607,bitget,AERO/USDT:USDT,0.8998,101.0,0.8996,470.0,0.9001,101.0,0.9002,47.0
1753600043757,07:07:23.757,bitget,AERO/USDT:USDT,0.8994,5351.0,0.8993,13430.0,0.9001,288.0,0.9002,47.0
1753600044057,07:07:24.057,bitget,AERO/USDT:USDT,0.8995,101.0,0.8994,5351.0,0.9001,101.0,0.9002,47.0
1753600044507,07:07:24.507,bitget,AERO/USDT:USDT,0.8995,101.0,0.8994,5351.0,0.9001,101.0,0.9002,47.0
1753600044657,07:07:24.657,bitget,AERO/USDT:USDT,0.8995,101.0,0.8994,5351.0,0.9001,101.0,0.9002,47.0
1753600044807,07:07:24.807,bitget,AERO/USDT:USDT,0.8995,101.0,0.8994,5351.0,0.9001,101.0,0.9002,47.0
1753600044957,07:07:24.957,bitget,AERO/USDT:USDT,0.8995,101.0,0.8994,5351.0,0.9001,101.0,0.9002,47.0
1753600045258,07:07:25.258,bitget,AERO/USDT:USDT,0.8995,101.0,0.8994,5351.0,0.9001,101.0,0.9002,47.0
1753600045708,07:07:25.708,bitget,AERO/USDT:USDT,0.8995,101.0,0.8994,5351.0,0.9001,323.0,0.9002,47.0
1753600045858,07:07:25.858,bitget,AERO/USDT:USDT,0.8995,101.0,0.8994,5351.0,0.9001,323.0,0.9002,47.0
1753600046008,07:07:26.008,bitget,AERO/USDT:USDT,0.8995,101.0,0.8994,5351.0,0.9001,323.0,0.9002,47.0
1753600046158,07:07:26.158,bitget,AERO/USDT:USDT,0.8995,101.0,0.8994,5351.0,0.9001,323.0,0.9002,47.0
1753600046458,07:07:26.458,bitget,AERO/USDT:USDT,0.8995,101.0,0.8994,5351.0,0.9001,323.0,0.9002,47.0
1753600046609,07:07:26.609,bitget,AERO/USDT:USDT,0.8995,101.0,0.8994,5351.0,0.9001,323.0,0.9002,47.0
1753600046759,07:07:26.759,bitget,AERO/USDT:USDT,0.8995,101.0,0.8994,5240.0,0.9001,323.0,0.9002,47.0
1753600046909,07:07:26.909,bitget,AERO/USDT:USDT,0.8995,101.0,0.8994,5240.0,0.9001,323.0,0.9002,47.0
1753600047209,07:07:27.209,bitget,AERO/USDT:USDT,0.8995,101.0,0.8994,5240.0,0.9001,323.0,0.9002,47.0
1753600047359,07:07:27.359,bitget,AERO/USDT:USDT,0.8995,101.0,0.8994,5240.0,0.9001,323.0,0.9002,47.0
1753600047509,07:07:27.509,bitget,AERO/USDT:USDT,0.8995,101.0,0.8994,5240.0,0.9001,323.0,0.9002,47.0
1753600047659,07:07:27.659,bitget,AERO/USDT:USDT,0.8995,101.0,0.8994,5240.0,0.9001,323.0,0.9002,47.0
1753600047809,07:07:27.809,bitget,AERO/USDT:USDT,0.8995,101.0,0.8994,5240.0,0.9001,323.0,0.9002,47.0
1753600047959,07:07:27.959,bitget,AERO/USDT:USDT,0.8995,101.0,0.8994,5240.0,0.9001,323.0,0.9002,47.0
1753600048260,07:07:28.260,bitget,AERO/USDT:USDT,0.8995,101.0,0.8994,5240.0,0.9001,323.0,0.9002,47.0
1753600048560,07:07:28.560,bitget,AERO/USDT:USDT,0.8995,101.0,0.8994,5240.0,0.9001,323.0,0.9002,47.0
1753600048860,07:07:28.860,bitget,AERO/USDT:USDT,0.8995,101.0,0.8994,5240.0,0.9001,323.0,0.9002,47.0
1753600049460,07:07:29.460,bitget,AERO/USDT:USDT,0.8995,101.0,0.8994,5240.0,0.9001,323.0,0.9002,47.0
1753600049610,07:07:29.610,bitget,AERO/USDT:USDT,0.8995,101.0,0.8994,5240.0,0.9001,323.0,0.9002,47.0
1753600049911,07:07:29.911,bitget,AERO/USDT:USDT,0.8995,101.0,0.8994,5240.0,0.9001,323.0,0.9002,47.0
1753600050511,07:07:30.511,bitget,AERO/USDT:USDT,0.8995,101.0,0.8994,524.0,0.9001,101.0,0.9002,47.0
1753600050811,07:07:30.811,bitget,AERO/USDT:USDT,0.8995,101.0,0.8994,524.0,0.9001,136.0,0.9002,47.0
1753600050961,07:07:30.961,bitget,AERO/USDT:USDT,0.8995,101.0,0.8994,524.0,0.9001,136.0,0.9002,47.0
1753600051261,07:07:31.261,bitget,AERO/USDT:USDT,0.8995,101.0,0.8994,524.0,0.9001,136.0,0.9002,47.0
1753600051412,07:07:31.412,bitget,AERO/USDT:USDT,0.8995,101.0,0.8994,524.0,0.9001,136.0,0.9002,47.0
1753600051862,07:07:31.862,bitget,AERO/USDT:USDT,0.8995,101.0,0.8994,524.0,0.9001,136.0,0.9002,47.0
1753600052012,07:07:32.012,bitget,AERO/USDT:USDT,0.8995,101.0,0.8994,524.0,0.9001,136.0,0.9002,47.0
1753600052162,07:07:32.162,bitget,AERO/USDT:USDT,0.8995,101.0,0.8994,524.0,0.9001,136.0,0.9002,47.0
1753600052612,07:07:32.612,bitget,AERO/USDT:USDT,0.8995,101.0,0.8994,524.0,0.9001,136.0,0.9002,47.0
1753600052762,07:07:32.762,bitget,AERO/USDT:USDT,0.8995,101.0,0.8994,524.0,0.9001,136.0,0.9002,47.0
1753600052913,07:07:32.913,bitget,AERO/USDT:USDT,0.8995,101.0,0.8994,524.0,0.9001,136.0,0.9002,47.0
1753600053063,07:07:33.063,bitget,AERO/USDT:USDT,0.8995,101.0,0.8994,524.0,0.9001,136.0,0.9002,47.0
1753600053213,07:07:33.213,bitget,AERO/USDT:USDT,0.8995,101.0,0.8994,524.0,0.9001,136.0,0.9002,47.0
1753600053363,07:07:33.363,bitget,AERO/USDT:USDT,0.8995,101.0,0.8994,524.0,0.9001,136.0,0.9002,47.0
1753600053513,07:07:33.513,bitget,AERO/USDT:USDT,0.8995,101.0,0.8994,524.0,0.9001,136.0,0.9002,47.0
1753600053663,07:07:33.663,bitget,AERO/USDT:USDT,0.8995,101.0,0.8994,524.0,0.9001,136.0,0.9002,47.0
1753600053813,07:07:33.813,bitget,AERO/USDT:USDT,0.8995,101.0,0.8994,524.0,0.9001,136.0,0.9002,47.0
1753600054113,07:07:34.113,bitget,AERO/USDT:USDT,0.8995,101.0,0.8994,524.0,0.9001,136.0,0.9002,47.0
1753600054263,07:07:34.263,bitget,AERO/USDT:USDT,0.8995,101.0,0.8994,524.0,0.9001,136.0,0.9002,47.0
1753600054564,07:07:34.564,bitget,AERO/USDT:USDT,0.8995,101.0,0.8994,524.0,0.9001,136.0,0.9002,47.0
1753600054864,07:07:34.864,bitget,AERO/USDT:USDT,0.8995,101.0,0.8994,524.0,0.9001,136.0,0.9002,47.0
1753600055014,07:07:35.014,bitget,AERO/USDT:USDT,0.8995,101.0,0.8994,524.0,0.9001,136.0,0.9002,47.0
1753600055314,07:07:35.314,bitget,AERO/USDT:USDT,0.8995,101.0,0.8994,524.0,0.9001,136.0,0.9002,47.0
1753600055764,07:07:35.764,bitget,AERO/USDT:USDT,0.8995,101.0,0.8994,524.0,0.9001,101.0,0.9002,47.0
1753600055914,07:07:35.914,bitget,AERO/USDT:USDT,0.8995,101.0,0.8994,524.0,0.9001,101.0,0.9002,47.0
1753600056064,07:07:36.064,bitget,AERO/USDT:USDT,0.8995,101.0,0.8994,524.0,0.9001,101.0,0.9002,47.0
1753600056365,07:07:36.365,bitget,AERO/USDT:USDT,0.8995,101.0,0.8994,524.0,0.9001,101.0,0.9002,47.0
1753600056515,07:07:36.515,bitget,AERO/USDT:USDT,0.8995,101.0,0.8994,524.0,0.9001,101.0,0.9002,47.0
1753600056815,07:07:36.815,bitget,AERO/USDT:USDT,0.8995,101.0,0.8994,524.0,0.9001,101.0,0.9002,47.0
1753600057115,07:07:37.115,bitget,AERO/USDT:USDT,0.8995,101.0,0.8994,524.0,0.9001,101.0,0.9002,47.0
1753600057565,07:07:37.565,bitget,AERO/USDT:USDT,0.8995,101.0,0.8994,524.0,0.9001,101.0,0.9002,47.0
1753600057866,07:07:37.866,bitget,AERO/USDT:USDT,0.8995,101.0,0.8994,524.0,0.9001,101.0,0.9002,47.0
1753600058016,07:07:38.016,bitget,AERO/USDT:USDT,0.8995,101.0,0.8994,524.0,0.9001,101.0,0.9002,47.0
1753600058166,07:07:38.166,bitget,AERO/USDT:USDT,0.8995,101.0,0.8994,524.0,0.9001,101.0,0.9002,47.0
1753600058316,07:07:38.316,bitget,AERO/USDT:USDT,0.8995,101.0,0.8994,524.0,0.9001,101.0,0.9002,47.0
1753600058616,07:07:38.616,bitget,AERO/USDT:USDT,0.8995,101.0,0.8994,524.0,0.9001,101.0,0.9002,47.0
1753600059366,07:07:39.366,bitget,AERO/USDT:USDT,0.8995,101.0,0.8994,524.0,0.9001,101.0,0.9002,47.0
1753600059667,07:07:39.667,bitget,AERO/USDT:USDT,0.8995,101.0,0.8994,524.0,0.9001,101.0,0.9002,47.0
1753600060417,07:07:40.417,bitget,AERO/USDT:USDT,0.8995,101.0,0.8994,635.0,0.9001,101.0,0.9002,47.0
1753600060717,07:07:40.717,bitget,AERO/USDT:USDT,0.8995,101.0,0.8994,524.0,0.9001,101.0,0.9002,47.0
1753600061017,07:07:41.017,bitget,AERO/USDT:USDT,0.8995,101.0,0.8994,635.0,0.9001,101.0,0.9002,47.0
1753600061618,07:07:41.618,bitget,AERO/USDT:USDT,0.8995,101.0,0.8994,635.0,0.9001,101.0,0.9002,47.0
1753600061768,07:07:41.768,bitget,AERO/USDT:USDT,0.8995,101.0,0.8994,635.0,0.9001,101.0,0.9002,47.0
1753600062068,07:07:42.068,bitget,AERO/USDT:USDT,0.8995,101.0,0.8994,635.0,0.9001,101.0,0.9002,47.0
1753600062368,07:07:42.368,bitget,AERO/USDT:USDT,0.8995,101.0,0.8994,524.0,0.9001,101.0,0.9002,47.0
1753600062518,07:07:42.518,bitget,AERO/USDT:USDT,0.8995,101.0,0.8994,524.0,0.9001,101.0,0.9002,47.0
1753600062669,07:07:42.669,bitget,AERO/USDT:USDT,0.8995,101.0,0.8994,524.0,0.9001,101.0,0.9002,47.0
1753600062819,07:07:42.819,bitget,AERO/USDT:USDT,0.8995,101.0,0.8994,524.0,0.9001,101.0,0.9002,47.0
1753600062969,07:07:42.969,bitget,AERO/USDT:USDT,0.8995,101.0,0.8994,524.0,0.9001,101.0,0.9002,47.0
1753600063269,07:07:43.269,bitget,AERO/USDT:USDT,0.8995,101.0,0.8994,524.0,0.9001,101.0,0.9002,47.0
1753600063419,07:07:43.419,bitget,AERO/USDT:USDT,0.8995,101.0,0.8994,524.0,0.9001,101.0,0.9002,47.0
1753600063569,07:07:43.569,bitget,AERO/USDT:USDT,0.8995,101.0,0.8994,524.0,0.9001,101.0,0.9002,47.0
1753600063719,07:07:43.719,bitget,AERO/USDT:USDT,0.8995,101.0,0.8994,524.0,0.9001,101.0,0.9002,47.0
1753600064320,07:07:44.320,bitget,AERO/USDT:USDT,0.8995,101.0,0.8994,524.0,0.9001,101.0,0.9002,47.0
1753600064620,07:07:44.620,bitget,AERO/USDT:USDT,0.8995,101.0,0.8994,524.0,0.9001,101.0,0.9002,47.0
1753600065070,07:07:45.070,bitget,AERO/USDT:USDT,0.8995,101.0,0.8994,524.0,0.9001,101.0,0.9002,47.0
1753600065220,07:07:45.220,bitget,AERO/USDT:USDT,0.8995,101.0,0.8994,524.0,0.9001,101.0,0.9002,47.0
1753600065670,07:07:45.670,bitget,AERO/USDT:USDT,0.8995,101.0,0.8994,524.0,0.9001,101.0,0.9002,47.0
1753600065821,07:07:45.821,bitget,AERO/USDT:USDT,0.8995,101.0,0.8994,635.0,0.9001,101.0,0.9002,47.0
1753600065971,07:07:45.971,bitget,AERO/USDT:USDT,0.8995,101.0,0.8994,635.0,0.9001,101.0,0.9002,47.0
1753600066121,07:07:46.121,bitget,AERO/USDT:USDT,0.8995,101.0,0.8994,635.0,0.9001,101.0,0.9002,47.0
1753600066421,07:07:46.421,bitget,AERO/USDT:USDT,0.8995,101.0,0.8994,635.0,0.9001,101.0,0.9002,47.0
1753600066721,07:07:46.721,bitget,AERO/USDT:USDT,0.8995,101.0,0.8994,524.0,0.9001,101.0,0.9002,47.0
1753600066871,07:07:46.871,bitget,AERO/USDT:USDT,0.8995,101.0,0.8994,524.0,0.9001,101.0,0.9002,47.0
1753600067021,07:07:47.021,bitget,AERO/USDT:USDT,0.8995,101.0,0.8994,524.0,0.9001,101.0,0.9002,47.0
1753600067322,07:07:47.322,bitget,AERO/USDT:USDT,0.8995,101.0,0.8994,524.0,0.9001,101.0,0.9002,47.0
1753600067472,07:07:47.472,bitget,AERO/USDT:USDT,0.8995,101.0,0.8994,524.0,0.9001,101.0,0.9002,47.0
1753600067622,07:07:47.622,bitget,AERO/USDT:USDT,0.8995,101.0,0.8994,524.0,0.9001,101.0,0.9002,47.0
1753600067772,07:07:47.772,bitget,AERO/USDT:USDT,0.8995,101.0,0.8994,524.0,0.9001,101.0,0.9002,47.0
1753600067922,07:07:47.922,bitget,AERO/USDT:USDT,0.8995,101.0,0.8994,524.0,0.9001,101.0,0.9002,47.0
1753600068072,07:07:48.072,bitget,AERO/USDT:USDT,0.8995,101.0,0.8994,524.0,0.9001,101.0,0.9002,47.0
1753600068222,07:07:48.222,bitget,AERO/USDT:USDT,0.8995,101.0,0.8994,524.0,0.9001,101.0,0.9002,47.0
1753600068372,07:07:48.372,bitget,AERO/USDT:USDT,0.8995,101.0,0.8994,524.0,0.9001,101.0,0.9002,47.0
1753600068522,07:07:48.522,bitget,AERO/USDT:USDT,0.8995,101.0,0.8994,524.0,0.9001,101.0,0.9002,47.0
1753600068672,07:07:48.672,bitget,AERO/USDT:USDT,0.8995,101.0,0.8994,524.0,0.9001,101.0,0.9002,47.0
1753600068822,07:07:48.822,bitget,AERO/USDT:USDT,0.8995,101.0,0.8994,524.0,0.9001,101.0,0.9002,47.0
1753600068973,07:07:48.973,bitget,AERO/USDT:USDT,0.8995,101.0,0.8994,524.0,0.9001,101.0,0.9002,47.0
1753600069273,07:07:49.273,bitget,AERO/USDT:USDT,0.8995,101.0,0.8994,54.0,0.9001,101.0,0.9002,47.0
1753600069573,07:07:49.573,bitget,AERO/USDT:USDT,0.8995,101.0,0.8994,1153.0,0.9001,101.0,0.9002,47.0
1753600069723,07:07:49.723,bitget,AERO/USDT:USDT,0.8995,101.0,0.8994,54.0,0.9001,101.0,0.9002,47.0
1753600070023,07:07:50.023,bitget,AERO/USDT:USDT,0.8995,101.0,0.8994,54.0,0.9001,101.0,0.9002,47.0
1753600070173,07:07:50.173,bitget,AERO/USDT:USDT,0.8995,101.0,0.8994,54.0,0.9001,101.0,0.9002,47.0
1753600070323,07:07:50.323,bitget,AERO/USDT:USDT,0.8995,101.0,0.8994,54.0,0.9001,101.0,0.9002,47.0
1753600070474,07:07:50.474,bitget,AERO/USDT:USDT,0.8995,101.0,0.8994,54.0,0.9001,101.0,0.9002,47.0
1753600070624,07:07:50.624,bitget,AERO/USDT:USDT,0.8995,101.0,0.8994,165.0,0.9001,101.0,0.9002,47.0
1753600070774,07:07:50.774,bitget,AERO/USDT:USDT,0.8995,101.0,0.8994,165.0,0.9001,101.0,0.9002,47.0
1753600070924,07:07:50.924,bitget,AERO/USDT:USDT,0.8995,101.0,0.8994,165.0,0.9001,101.0,0.9002,47.0
1753600071074,07:07:51.074,bitget,AERO/USDT:USDT,0.8995,101.0,0.8994,165.0,0.9001,101.0,0.9002,47.0
1753600071224,07:07:51.224,bitget,AERO/USDT:USDT,0.8995,101.0,0.8994,165.0,0.9001,101.0,0.9002,47.0
1753600071374,07:07:51.374,bitget,AERO/USDT:USDT,0.8995,101.0,0.8994,1153.0,0.9001,101.0,0.9002,47.0
1753600071524,07:07:51.524,bitget,AERO/USDT:USDT,0.8995,101.0,0.8994,1153.0,0.9001,101.0,0.9002,47.0
1753600071674,07:07:51.674,bitget,AERO/USDT:USDT,0.8995,101.0,0.8994,1264.0,0.9001,101.0,0.9002,47.0
1753600071825,07:07:51.825,bitget,AERO/USDT:USDT,0.8995,101.0,0.8994,1264.0,0.9001,101.0,0.9002,47.0
1753600071975,07:07:51.975,bitget,AERO/USDT:USDT,0.8995,101.0,0.8994,1153.0,0.9001,101.0,0.9002,47.0
1753600072125,07:07:52.125,bitget,AERO/USDT:USDT,0.8995,101.0,0.8994,1264.0,0.9001,101.0,0.9002,47.0
1753600072275,07:07:52.275,bitget,AERO/USDT:USDT,0.8995,101.0,0.8994,1264.0,0.9001,101.0,0.9002,47.0
1753600072575,07:07:52.575,bitget,AERO/USDT:USDT,0.8995,101.0,0.8994,1264.0,0.9001,101.0,0.9002,47.0
1753600072725,07:07:52.725,bitget,AERO/USDT:USDT,0.8995,101.0,0.8994,1264.0,0.9001,101.0,0.9002,47.0
1753600072875,07:07:52.875,bitget,AERO/USDT:USDT,0.8995,101.0,0.8994,1264.0,0.9001,101.0,0.9002,47.0
1753600073025,07:07:53.025,bitget,AERO/USDT:USDT,0.8995,101.0,0.8994,1264.0,0.9001,101.0,0.9002,47.0
1753600073175,07:07:53.175,bitget,AERO/USDT:USDT,0.8995,101.0,0.8994,1264.0,0.9001,101.0,0.9002,47.0
1753600073325,07:07:53.325,bitget,AERO/USDT:USDT,0.8995,101.0,0.8994,1264.0,0.9001,101.0,0.9002,47.0
1753600073476,07:07:53.476,bitget,AERO/USDT:USDT,0.8995,101.0,0.8994,1153.0,0.9001,101.0,0.9002,47.0
1753600073626,07:07:53.626,bitget,AERO/USDT:USDT,0.8995,101.0,0.8994,1153.0,0.9001,101.0,0.9002,47.0
1753600073776,07:07:53.776,bitget,AERO/USDT:USDT,0.8995,101.0,0.8994,1153.0,0.9001,101.0,0.9002,47.0
1753600074076,07:07:54.076,bitget,AERO/USDT:USDT,0.8995,101.0,0.8994,1153.0,0.9001,101.0,0.9002,47.0
1753600074226,07:07:54.226,bitget,AERO/USDT:USDT,0.8995,101.0,0.8994,1153.0,0.9001,101.0,0.9002,47.0
1753600074526,07:07:54.526,bitget,AERO/USDT:USDT,0.8995,101.0,0.8994,1264.0,0.9001,101.0,0.9002,47.0
1753600074826,07:07:54.826,bitget,AERO/USDT:USDT,0.8995,101.0,0.8994,1264.0,0.9001,101.0,0.9002,47.0
1753600074977,07:07:54.977,bitget,AERO/USDT:USDT,0.8995,101.0,0.8994,1153.0,0.9001,101.0,0.9002,47.0
1753600075127,07:07:55.127,bitget,AERO/USDT:USDT,0.8995,101.0,0.8994,1264.0,0.9001,101.0,0.9002,47.0
1753600075427,07:07:55.427,bitget,AERO/USDT:USDT,0.8995,101.0,0.8994,1264.0,0.9001,101.0,0.9002,47.0
1753600075577,07:07:55.577,bitget,AERO/USDT:USDT,0.8995,101.0,0.8994,1153.0,0.9001,101.0,0.9002,47.0
1753600075727,07:07:55.727,bitget,AERO/USDT:USDT,0.8995,101.0,0.8994,1153.0,0.9001,101.0,0.9002,47.0
1753600075877,07:07:55.877,bitget,AERO/USDT:USDT,0.8995,101.0,0.8994,1153.0,0.9001,101.0,0.9002,47.0
1753600076027,07:07:56.027,bitget,AERO/USDT:USDT,0.8995,101.0,0.8994,1153.0,0.9001,101.0,0.9002,47.0
1753600076177,07:07:56.177,bitget,AERO/USDT:USDT,0.8995,101.0,0.8994,1153.0,0.9001,101.0,0.9002,47.0
1753600076327,07:07:56.327,bitget,AERO/USDT:USDT,0.8995,101.0,0.8994,1264.0,0.9001,101.0,0.9002,47.0
1753600076478,07:07:56.478,bitget,AERO/USDT:USDT,0.8995,101.0,0.8994,1153.0,0.9001,101.0,0.9002,47.0
1753600076628,07:07:56.628,bitget,AERO/USDT:USDT,0.8995,101.0,0.8994,1153.0,0.9001,101.0,0.9002,47.0
1753600076778,07:07:56.778,bitget,AERO/USDT:USDT,0.8995,101.0,0.8994,1153.0,0.9001,101.0,0.9002,47.0
1753600076928,07:07:56.928,bitget,AERO/USDT:USDT,0.8995,101.0,0.8994,1153.0,0.9001,101.0,0.9002,47.0
1753600077228,07:07:57.228,bitget,AERO/USDT:USDT,0.8995,101.0,0.8994,1153.0,0.9001,101.0,0.9002,47.0
1753600077528,07:07:57.528,bitget,AERO/USDT:USDT,0.8995,101.0,0.8994,1153.0,0.9001,101.0,0.9002,47.0
1753600077678,07:07:57.678,bitget,AERO/USDT:USDT,0.8995,101.0,0.8994,1153.0,0.9001,101.0,0.9002,47.0
1753600077828,07:07:57.828,bitget,AERO/USDT:USDT,0.8995,101.0,0.8994,1264.0,0.9001,101.0,0.9002,47.0
1753600077978,07:07:57.978,bitget,AERO/USDT:USDT,0.8995,101.0,0.8994,1264.0,0.9001,101.0,0.9002,47.0
1753600078429,07:07:58.429,bitget,AERO/USDT:USDT,0.8995,101.0,0.8994,165.0,0.9001,101.0,0.9002,47.0
1753600078579,07:07:58.579,bitget,AERO/USDT:USDT,0.8995,101.0,0.8994,165.0,0.9001,101.0,0.9002,47.0
1753600078729,07:07:58.729,bitget,AERO/USDT:USDT,0.8995,101.0,0.8994,54.0,0.9001,101.0,0.9002,47.0
1753600078879,07:07:58.879,bitget,AERO/USDT:USDT,0.8995,101.0,0.8994,165.0,0.9001,101.0,0.9002,47.0
1753600079179,07:07:59.179,bitget,AERO/USDT:USDT,0.8995,101.0,0.8994,165.0,0.9001,101.0,0.9002,47.0
1753600079329,07:07:59.329,bitget,AERO/USDT:USDT,0.8995,101.0,0.8994,165.0,0.9001,101.0,0.9002,47.0
1753600079479,07:07:59.479,bitget,AERO/USDT:USDT,0.8995,101.0,0.8994,165.0,0.9001,101.0,0.9002,47.0
1753600079629,07:07:59.629,bitget,AERO/USDT:USDT,0.8995,101.0,0.8994,165.0,0.9001,101.0,0.9002,47.0
1753600079780,07:07:59.780,bitget,AERO/USDT:USDT,0.8995,101.0,0.8994,165.0,0.9001,101.0,0.9002,47.0
1753600079930,07:07:59.930,bitget,AERO/USDT:USDT,0.8995,101.0,0.8994,165.0,0.9001,101.0,0.9002,47.0
1753600080080,07:08:00.080,bitget,AERO/USDT:USDT,0.8995,101.0,0.8994,165.0,0.9001,101.0,0.9002,47.0
1753600080230,07:08:00.230,bitget,AERO/USDT:USDT,0.8995,101.0,0.8994,165.0,0.9001,101.0,0.9002,47.0
1753600080380,07:08:00.380,bitget,AERO/USDT:USDT,0.8995,101.0,0.8994,165.0,0.9001,101.0,0.9002,47.0
1753600080530,07:08:00.530,bitget,AERO/USDT:USDT,0.8995,101.0,0.8994,165.0,0.9001,101.0,0.9002,47.0
1753600080680,07:08:00.680,bitget,AERO/USDT:USDT,0.8995,101.0,0.8994,54.0,0.9001,101.0,0.9002,47.0
1753600080830,07:08:00.830,bitget,AERO/USDT:USDT,0.8995,101.0,0.8994,54.0,0.9001,101.0,0.9002,47.0
1753600080980,07:08:00.980,bitget,AERO/USDT:USDT,0.8995,101.0,0.8994,54.0,0.9001,101.0,0.9002,47.0
1753600081130,07:08:01.130,bitget,AERO/USDT:USDT,0.8995,101.0,0.8994,54.0,0.9001,101.0,0.9002,47.0
1753600081280,07:08:01.280,bitget,AERO/USDT:USDT,0.8995,101.0,0.8994,54.0,0.9001,101.0,0.9002,47.0
1753600081881,07:08:01.881,bitget,AERO/USDT:USDT,0.8995,101.0,0.8994,54.0,0.9001,101.0,0.9002,47.0
1753600082031,07:08:02.031,bitget,AERO/USDT:USDT,0.8995,101.0,0.8994,54.0,0.9001,101.0,0.9002,47.0
1753600082331,07:08:02.331,bitget,AERO/USDT:USDT,0.8995,101.0,0.8994,54.0,0.9001,101.0,0.9002,47.0
1753600082781,07:08:02.781,bitget,AERO/USDT:USDT,0.8995,101.0,0.8992,4772.0,0.8999,101.0,0.9,1184.0
1753600082932,07:08:02.932,bitget,AERO/USDT:USDT,0.8995,101.0,0.8991,555.0,0.8999,371.0,0.9,1471.0
1753600083082,07:08:03.082,bitget,AERO/USDT:USDT,0.8995,101.0,0.8991,5327.0,0.8999,673.0,0.9,140.0
1753600083232,07:08:03.232,bitget,AERO/USDT:USDT,0.8995,101.0,0.8991,5327.0,0.8999,557.0,0.9,140.0
1753600083382,07:08:03.382,bitget,AERO/USDT:USDT,0.8995,101.0,0.8991,5327.0,0.8999,557.0,0.9,85.0
1753600083532,07:08:03.532,bitget,AERO/USDT:USDT,0.8995,101.0,0.8991,5327.0,0.8999,507.0,0.9,138.0
1753600083682,07:08:03.682,bitget,AERO/USDT:USDT,0.8995,101.0,0.8993,53.0,0.8999,101.0,0.9,85.0
1753600083832,07:08:03.832,bitget,AERO/USDT:USDT,0.8995,101.0,0.8993,53.0,0.8999,101.0,0.9001,85.0
1753600083982,07:08:03.982,bitget,AERO/USDT:USDT,0.8995,101.0,0.8993,53.0,0.8999,101.0,0.9001,85.0
1753600084132,07:08:04.132,bitget,AERO/USDT:USDT,0.8995,101.0,0.8993,53.0,0.8999,101.0,0.9001,85.0
1753600084432,07:08:04.432,bitget,AERO/USDT:USDT,0.8995,101.0,0.8993,53.0,0.8999,101.0,0.9001,85.0
1753600084583,07:08:04.583,bitget,AERO/USDT:USDT,0.8995,101.0,0.8993,53.0,0.8999,101.0,0.9001,85.0
1753600084733,07:08:04.733,bitget,AERO/USDT:USDT,0.8995,101.0,0.8993,53.0,0.8999,101.0,0.9001,85.0
1753600084883,07:08:04.883,bitget,AERO/USDT:USDT,0.8995,101.0,0.8993,53.0,0.8999,101.0,0.9001,85.0
1753600085033,07:08:05.033,bitget,AERO/USDT:USDT,0.8995,101.0,0.8993,53.0,0.8999,101.0,0.9001,85.0
1753600085333,07:08:05.333,bitget,AERO/USDT:USDT,0.8995,101.0,0.8993,53.0,0.8999,101.0,0.9001,85.0
1753600085633,07:08:05.633,bitget,AERO/USDT:USDT,0.8995,101.0,0.8993,53.0,0.8999,101.0,0.9001,85.0
1753600085783,07:08:05.783,bitget,AERO/USDT:USDT,0.8995,101.0,0.8993,53.0,0.8999,101.0,0.9003,87.0
1753600085933,07:08:05.933,bitget,AERO/USDT:USDT,0.8995,101.0,0.8993,53.0,0.8999,101.0,0.9003,87.0
1753600086084,07:08:06.084,bitget,AERO/USDT:USDT,0.8995,101.0,0.8993,53.0,0.8999,101.0,0.9003,87.0
1753600086234,07:08:06.234,bitget,AERO/USDT:USDT,0.8995,101.0,0.8993,53.0,0.8999,101.0,0.9003,87.0
1753600086384,07:08:06.384,bitget,AERO/USDT:USDT,0.8995,101.0,0.8993,53.0,0.8999,101.0,0.9003,87.0
1753600086534,07:08:06.534,bitget,AERO/USDT:USDT,0.8995,101.0,0.8993,53.0,0.8999,101.0,0.9003,87.0
1753600086684,07:08:06.684,bitget,AERO/USDT:USDT,0.8995,101.0,0.8993,53.0,0.8999,101.0,0.9003,87.0
1753600086834,07:08:06.834,bitget,AERO/USDT:USDT,0.8995,101.0,0.8993,53.0,0.8999,101.0,0.9002,406.0
1753600086984,07:08:06.984,bitget,AERO/USDT:USDT,0.8995,101.0,0.8993,53.0,0.8999,101.0,0.9002,406.0
1753600087134,07:08:07.134,bitget,AERO/USDT:USDT,0.8995,101.0,0.8993,53.0,0.8999,101.0,0.9002,406.0
1753600087435,07:08:07.435,bitget,AERO/USDT:USDT,0.8995,101.0,0.8993,53.0,0.8999,101.0,0.9002,406.0
1753600087735,07:08:07.735,bitget,AERO/USDT:USDT,0.8995,101.0,0.8993,53.0,0.8999,101.0,0.9002,406.0
1753600088035,07:08:08.035,bitget,AERO/USDT:USDT,0.8995,101.0,0.8993,53.0,0.8999,101.0,0.9002,406.0
1753600088185,07:08:08.185,bitget,AERO/USDT:USDT,0.8995,101.0,0.8993,53.0,0.8999,101.0,0.9002,406.0
1753600088335,07:08:08.335,bitget,AERO/USDT:USDT,0.8995,101.0,0.8993,53.0,0.8999,101.0,0.9002,406.0
1753600088485,07:08:08.485,bitget,AERO/USDT:USDT,0.8995,101.0,0.8993,53.0,0.9003,87.0,0.9004,87.0
1753600088635,07:08:08.635,bitget,AERO/USDT:USDT,0.8996,84.0,0.8995,741.0,0.9002,101.0,0.9004,87.0
1753600088785,07:08:08.785,bitget,AERO/USDT:USDT,0.8997,101.0,0.8996,137.0,0.9002,101.0,0.9005,87.0
1753600088935,07:08:08.935,bitget,AERO/USDT:USDT,0.8997,185.0,0.8996,137.0,0.9002,101.0,0.9006,1099.0
1753600089085,07:08:09.085,bitget,AERO/USDT:USDT,0.8998,84.0,0.8997,185.0,0.9002,101.0,0.9006,1099.0
1753600089236,07:08:09.236,bitget,AERO/USDT:USDT,0.8999,154.0,0.8998,137.0,0.9002,101.0,0.9006,1099.0
1753600089386,07:08:09.386,bitget,AERO/USDT:USDT,0.8999,154.0,0.8998,137.0,0.9002,101.0,0.9006,1099.0
1753600089536,07:08:09.536,bitget,AERO/USDT:USDT,0.8999,154.0,0.8998,137.0,0.9002,101.0,0.9006,1099.0
1753600089836,07:08:09.836,bitget,AERO/USDT:USDT,0.8999,154.0,0.8998,137.0,0.9002,101.0,0.9007,88.0
1753600090586,07:08:10.586,bitget,AERO/USDT:USDT,0.8999,154.0,0.8998,137.0,0.9002,101.0,0.9007,88.0
1753600090736,07:08:10.736,bitget,AERO/USDT:USDT,0.8999,154.0,0.8998,137.0,0.9002,101.0,0.9007,88.0
1753600090887,07:08:10.887,bitget,AERO/USDT:USDT,0.8999,154.0,0.8998,137.0,0.9002,101.0,0.9007,88.0
1753600091037,07:08:11.037,bitget,AERO/USDT:USDT,0.8999,154.0,0.8998,137.0,0.9002,101.0,0.9007,88.0
1753600091187,07:08:11.187,bitget,AERO/USDT:USDT,0.8999,154.0,0.8998,137.0,0.9002,101.0,0.9008,88.0
1753600091337,07:08:11.337,bitget,AERO/USDT:USDT,0.8999,154.0,0.8998,137.0,0.9002,101.0,0.9008,88.0
1753600091637,07:08:11.637,bitget,AERO/USDT:USDT,0.8999,154.0,0.8998,137.0,0.9002,101.0,0.9008,88.0
1753600091937,07:08:11.937,bitget,AERO/USDT:USDT,0.8999,154.0,0.8998,137.0,0.9002,101.0,0.9008,88.0
1753600092087,07:08:12.087,bitget,AERO/USDT:USDT,0.8999,154.0,0.8998,137.0,0.9002,101.0,0.9008,88.0
1753600092388,07:08:12.388,bitget,AERO/USDT:USDT,0.8999,154.0,0.8998,137.0,0.9002,101.0,0.9007,100.0
1753600092538,07:08:12.538,bitget,AERO/USDT:USDT,0.8999,154.0,0.8998,137.0,0.9002,101.0,0.9007,100.0
1753600092688,07:08:12.688,bitget,AERO/USDT:USDT,0.8999,154.0,0.8998,137.0,0.9002,101.0,0.9007,100.0
1753600092838,07:08:12.838,bitget,AERO/USDT:USDT,0.8999,154.0,0.8998,137.0,0.9002,101.0,0.9007,100.0
1753600093138,07:08:13.138,bitget,AERO/USDT:USDT,0.8999,154.0,0.8998,137.0,0.9002,101.0,0.9007,100.0
1753600093588,07:08:13.588,bitget,AERO/USDT:USDT,0.8999,154.0,0.8998,137.0,0.9002,101.0,0.9007,100.0
1753600093738,07:08:13.738,bitget,AERO/USDT:USDT,0.8999,154.0,0.8998,137.0,0.9002,101.0,0.9007,100.0
1753600093889,07:08:13.889,bitget,AERO/USDT:USDT,0.8999,154.0,0.8998,137.0,0.9002,101.0,0.9007,100.0
1753600094039,07:08:14.039,bitget,AERO/USDT:USDT,0.8999,154.0,0.8998,137.0,0.9002,101.0,0.9007,100.0
1753600094189,07:08:14.189,bitget,AERO/USDT:USDT,0.8999,154.0,0.8998,137.0,0.9002,101.0,0.9007,100.0
1753600094339,07:08:14.339,bitget,AERO/USDT:USDT,0.8999,154.0,0.8998,137.0,0.9002,101.0,0.9007,100.0
1753600094489,07:08:14.489,bitget,AERO/USDT:USDT,0.8999,154.0,0.8998,137.0,0.9002,101.0,0.9007,100.0
1753600094639,07:08:14.639,bitget,AERO/USDT:USDT,0.8999,154.0,0.8998,137.0,0.9002,101.0,0.9007,100.0
1753600094789,07:08:14.789,bitget,AERO/USDT:USDT,0.8999,154.0,0.8998,137.0,0.9002,101.0,0.9007,100.0
1753600094939,07:08:14.939,bitget,AERO/USDT:USDT,0.8999,154.0,0.8998,137.0,0.9002,101.0,0.9007,100.0
1753600095089,07:08:15.089,bitget,AERO/USDT:USDT,0.8999,154.0,0.8998,137.0,0.9002,101.0,0.9007,100.0
1753600095389,07:08:15.389,bitget,AERO/USDT:USDT,0.8999,154.0,0.8998,137.0,0.9002,101.0,0.9007,100.0
1753600095540,07:08:15.540,bitget,AERO/USDT:USDT,0.8999,154.0,0.8998,137.0,0.9002,101.0,0.9007,100.0
1753600095690,07:08:15.690,bitget,AERO/USDT:USDT,0.8999,154.0,0.8998,137.0,0.9002,101.0,0.9007,100.0
1753600095840,07:08:15.840,bitget,AERO/USDT:USDT,0.8999,154.0,0.8998,137.0,0.9002,101.0,0.9007,100.0
1753600096140,07:08:16.140,bitget,AERO/USDT:USDT,0.8999,154.0,0.8998,137.0,0.9002,101.0,0.9007,100.0
1753600096290,07:08:16.290,bitget,AERO/USDT:USDT,0.8999,154.0,0.8998,137.0,0.9002,101.0,0.9007,100.0
1753600096440,07:08:16.440,bitget,AERO/USDT:USDT,0.8999,154.0,0.8998,137.0,0.9002,101.0,0.9007,100.0
1753600096740,07:08:16.740,bitget,AERO/USDT:USDT,0.8999,154.0,0.8998,137.0,0.9002,101.0,0.9007,100.0
1753600097040,07:08:17.040,bitget,AERO/USDT:USDT,0.8999,154.0,0.8998,137.0,0.9002,101.0,0.9007,100.0
1753600097191,07:08:17.191,bitget,AERO/USDT:USDT,0.8999,154.0,0.8998,137.0,0.9002,101.0,0.9007,100.0
1753600097341,07:08:17.341,bitget,AERO/USDT:USDT,0.8999,154.0,0.8998,137.0,0.9002,101.0,0.9007,100.0
1753600097491,07:08:17.491,bitget,AERO/USDT:USDT,0.8999,154.0,0.8998,137.0,0.9002,101.0,0.9007,100.0
1753600097641,07:08:17.641,bitget,AERO/USDT:USDT,0.8999,154.0,0.8998,137.0,0.9002,101.0,0.9007,100.0
1753600097791,07:08:17.791,bitget,AERO/USDT:USDT,0.8999,154.0,0.8998,137.0,0.9002,101.0,0.9007,100.0
1753600097941,07:08:17.941,bitget,AERO/USDT:USDT,0.8999,154.0,0.8998,137.0,0.9002,101.0,0.9007,100.0
1753600098241,07:08:18.241,bitget,AERO/USDT:USDT,0.8999,154.0,0.8998,137.0,0.9002,101.0,0.9007,100.0
1753600098391,07:08:18.391,bitget,AERO/USDT:USDT,0.8999,154.0,0.8998,137.0,0.9002,101.0,0.9007,100.0
1753600098541,07:08:18.541,bitget,AERO/USDT:USDT,0.8999,154.0,0.8998,137.0,0.9002,101.0,0.9007,100.0
1753600098842,07:08:18.842,bitget,AERO/USDT:USDT,0.8999,154.0,0.8998,137.0,0.9002,101.0,0.9007,100.0
1753600098992,07:08:18.992,bitget,AERO/USDT:USDT,0.8999,154.0,0.8998,137.0,0.9002,101.0,0.9007,100.0
1753600099142,07:08:19.142,bitget,AERO/USDT:USDT,0.8999,154.0,0.8998,137.0,0.9002,101.0,0.9007,100.0
1753600099292,07:08:19.292,bitget,AERO/USDT:USDT,0.8999,154.0,0.8998,137.0,0.9002,101.0,0.9007,100.0
1753600099442,07:08:19.442,bitget,AERO/USDT:USDT,0.8999,154.0,0.8998,137.0,0.9002,101.0,0.9007,100.0
1753600099592,07:08:19.592,bitget,AERO/USDT:USDT,0.8999,154.0,0.8998,137.0,0.9002,101.0,0.9007,100.0
1753600099742,07:08:19.742,bitget,AERO/USDT:USDT,0.8999,154.0,0.8998,137.0,0.9002,101.0,0.9007,100.0
1753600099892,07:08:19.892,bitget,AERO/USDT:USDT,0.8999,154.0,0.8998,137.0,0.9002,101.0,0.9007,100.0
1753600100193,07:08:20.193,bitget,AERO/USDT:USDT,0.8999,154.0,0.8998,137.0,0.9002,101.0,0.9007,100.0
1753600100343,07:08:20.343,bitget,AERO/USDT:USDT,0.8999,154.0,0.8998,137.0,0.9002,101.0,0.9007,100.0
1753600100943,07:08:20.943,bitget,AERO/USDT:USDT,0.8999,154.0,0.8998,137.0,0.9002,101.0,0.9007,100.0
1753600101093,07:08:21.093,bitget,AERO/USDT:USDT,0.8999,154.0,0.8998,137.0,0.9002,101.0,0.9007,100.0
1753600101243,07:08:21.243,bitget,AERO/USDT:USDT,0.8999,154.0,0.8998,137.0,0.9002,101.0,0.9007,100.0
1753600101393,07:08:21.393,bitget,AERO/USDT:USDT,0.8999,154.0,0.8998,137.0,0.9002,101.0,0.9007,100.0
1753600101543,07:08:21.543,bitget,AERO/USDT:USDT,0.8999,154.0,0.8998,137.0,0.9002,101.0,0.9007,100.0
1753600101693,07:08:21.693,bitget,AERO/USDT:USDT,0.8999,154.0,0.8998,137.0,0.9002,101.0,0.9007,100.0
1753600101844,07:08:21.844,bitget,AERO/USDT:USDT,0.8999,154.0,0.8998,137.0,0.9002,101.0,0.9007,100.0
1753600101994,07:08:21.994,bitget,AERO/USDT:USDT,0.8999,154.0,0.8998,137.0,0.9002,101.0,0.9007,100.0
1753600102144,07:08:22.144,bitget,AERO/USDT:USDT,0.8999,154.0,0.8998,137.0,0.9002,101.0,0.9007,100.0
1753600102294,07:08:22.294,bitget,AERO/USDT:USDT,0.8999,154.0,0.8998,137.0,0.9002,101.0,0.9007,1040.0
1753600102444,07:08:22.444,bitget,AERO/USDT:USDT,0.8999,154.0,0.8998,137.0,0.9002,101.0,0.9006,1099.0
1753600102744,07:08:22.744,bitget,AERO/USDT:USDT,0.8999,154.0,0.8998,53.0,0.9002,101.0,0.9006,1099.0
1753600102894,07:08:22.894,bitget,AERO/USDT:USDT,0.8999,154.0,0.8998,53.0,0.9002,101.0,0.9006,1099.0
1753600103044,07:08:23.044,bitget,AERO/USDT:USDT,0.8999,154.0,0.8998,53.0,0.9002,101.0,0.9006,1099.0
1753600103344,07:08:23.344,bitget,AERO/USDT:USDT,0.8999,154.0,0.8998,53.0,0.9002,101.0,0.9006,1099.0
1753600103495,07:08:23.495,bitget,AERO/USDT:USDT,0.8999,154.0,0.8998,53.0,0.9002,101.0,0.9006,1099.0
1753600103645,07:08:23.645,bitget,AERO/USDT:USDT,0.8999,154.0,0.8998,53.0,0.9002,101.0,0.9006,1099.0
1753600103795,07:08:23.795,bitget,AERO/USDT:USDT,0.8999,154.0,0.8998,53.0,0.9002,101.0,0.9006,1099.0
1753600103945,07:08:23.945,bitget,AERO/USDT:USDT,0.8999,154.0,0.8998,53.0,0.9002,101.0,0.9006,1099.0
1753600104245,07:08:24.245,bitget,AERO/USDT:USDT,0.8999,154.0,0.8998,53.0,0.9002,101.0,0.9006,1099.0
1753600104395,07:08:24.395,bitget,AERO/USDT:USDT,0.8999,154.0,0.8998,53.0,0.9002,101.0,0.9006,1099.0
1753600104545,07:08:24.545,bitget,AERO/USDT:USDT,0.8999,154.0,0.8998,53.0,0.9002,101.0,0.9006,1099.0
1753600104695,07:08:24.695,bitget,AERO/USDT:USDT,0.8999,154.0,0.8998,53.0,0.9002,101.0,0.9006,1099.0
1753600104996,07:08:24.996,bitget,AERO/USDT:USDT,0.8999,154.0,0.8998,53.0,0.9002,101.0,0.9006,1099.0
1753600105146,07:08:25.146,bitget,AERO/USDT:USDT,0.8999,154.0,0.8998,53.0,0.9002,101.0,0.9006,1099.0
1753600105296,07:08:25.296,bitget,AERO/USDT:USDT,0.8999,154.0,0.8998,53.0,0.9002,101.0,0.9006,1099.0
1753600105446,07:08:25.446,bitget,AERO/USDT:USDT,0.8999,154.0,0.8998,53.0,0.9002,101.0,0.9006,1099.0
1753600105596,07:08:25.596,bitget,AERO/USDT:USDT,0.8999,154.0,0.8998,53.0,0.9002,101.0,0.9006,1099.0
1753600105896,07:08:25.896,bitget,AERO/USDT:USDT,0.8999,154.0,0.8998,53.0,0.9002,101.0,0.9006,1099.0
1753600106046,07:08:26.046,bitget,AERO/USDT:USDT,0.8999,154.0,0.8998,53.0,0.9006,1099.0,0.9007,1126.0
1753600106196,07:08:26.196,bitget,AERO/USDT:USDT,0.8999,154.0,0.8998,53.0,0.9005,101.0,0.9006,1099.0
1753600106346,07:08:26.346,bitget,AERO/USDT:USDT,0.8999,154.0,0.8998,53.0,0.9005,101.0,0.9006,1099.0
1753600106497,07:08:26.497,bitget,AERO/USDT:USDT,0.8999,154.0,0.8998,53.0,0.9005,101.0,0.9006,1099.0
1753600106647,07:08:26.647,bitget,AERO/USDT:USDT,0.8999,154.0,0.8998,53.0,0.9005,101.0,0.9006,1099.0
1753600106797,07:08:26.797,bitget,AERO/USDT:USDT,0.8999,154.0,0.8998,53.0,0.9005,101.0,0.9006,1099.0
1753600106947,07:08:26.947,bitget,AERO/USDT:USDT,0.8999,154.0,0.8998,53.0,0.9005,101.0,0.9006,1099.0
1753600107097,07:08:27.097,bitget,AERO/USDT:USDT,0.8999,154.0,0.8998,53.0,0.9005,101.0,0.9006,1099.0
1753600107247,07:08:27.247,bitget,AERO/USDT:USDT,0.8999,154.0,0.8998,138.0,0.9005,101.0,0.9006,1099.0
1753600107397,07:08:27.397,bitget,AERO/USDT:USDT,0.8999,154.0,0.8998,138.0,0.9005,101.0,0.9006,1099.0
1753600107547,07:08:27.547,bitget,AERO/USDT:USDT,0.8999,154.0,0.8998,138.0,0.9005,101.0,0.9006,1099.0
1753600107697,07:08:27.697,bitget,AERO/USDT:USDT,0.8999,154.0,0.8998,138.0,0.9005,101.0,0.9006,1099.0
1753600107847,07:08:27.847,bitget,AERO/USDT:USDT,0.8999,154.0,0.8998,138.0,0.9005,101.0,0.9006,1099.0
1753600107997,07:08:27.997,bitget,AERO/USDT:USDT,0.8999,154.0,0.8998,138.0,0.9005,101.0,0.9006,1099.0
1753600108148,07:08:28.148,bitget,AERO/USDT:USDT,0.8999,154.0,0.8998,138.0,0.9005,101.0,0.9006,1099.0
1753600108448,07:08:28.448,bitget,AERO/USDT:USDT,0.8999,154.0,0.8998,138.0,0.9005,101.0,0.9006,1099.0
1753600108748,07:08:28.748,bitget,AERO/USDT:USDT,0.8999,154.0,0.8998,138.0,0.9005,101.0,0.9006,1099.0
1753600108898,07:08:28.898,bitget,AERO/USDT:USDT,0.8999,154.0,0.8998,138.0,0.9005,101.0,0.9006,1099.0
1753600109048,07:08:29.048,bitget,AERO/USDT:USDT,0.8999,154.0,0.8998,138.0,0.9005,101.0,0.9006,1099.0
1753600109198,07:08:29.198,bitget,AERO/USDT:USDT,0.8999,154.0,0.8998,138.0,0.9005,101.0,0.9006,1099.0
1753600109348,07:08:29.348,bitget,AERO/USDT:USDT,0.8999,154.0,0.8998,138.0,0.9005,101.0,0.9006,1099.0
1753600109498,07:08:29.498,bitget,AERO/USDT:USDT,0.8999,154.0,0.8998,138.0,0.9005,101.0,0.9006,1099.0
1753600109649,07:08:29.649,bitget,AERO/USDT:USDT,0.8999,154.0,0.8998,138.0,0.9005,101.0,0.9006,1099.0
1753600109799,07:08:29.799,bitget,AERO/USDT:USDT,0.8999,154.0,0.8998,138.0,0.9005,101.0,0.9006,1099.0
1753600109949,07:08:29.949,bitget,AERO/USDT:USDT,0.8999,154.0,0.8998,138.0,0.9005,1200.0,0.9007,186.0
1753600110099,07:08:30.099,bitget,AERO/USDT:USDT,0.8999,154.0,0.8998,138.0,0.9005,1200.0,0.9007,186.0
1753600110249,07:08:30.249,bitget,AERO/USDT:USDT,0.8999,154.0,0.8998,138.0,0.9005,1200.0,0.9007,186.0
1753600110399,07:08:30.399,bitget,AERO/USDT:USDT,0.8999,154.0,0.8998,138.0,0.9005,1200.0,0.9007,186.0
1753600110549,07:08:30.549,bitget,AERO/USDT:USDT,0.8999,154.0,0.8998,138.0,0.9005,1200.0,0.9007,186.0
1753600110699,07:08:30.699,bitget,AERO/USDT:USDT,0.8999,154.0,0.8998,138.0,0.9005,1200.0,0.9007,186.0
1753600110849,07:08:30.849,bitget,AERO/USDT:USDT,0.8999,154.0,0.8998,138.0,0.9005,1200.0,0.9007,186.0
1753600110999,07:08:30.999,bitget,AERO/USDT:USDT,0.8999,101.0,0.8998,138.0,0.9005,1302.0,0.9007,186.0
1753600111299,07:08:31.299,bitget,AERO/USDT:USDT,0.8999,154.0,0.8997,85.0,0.9005,101.0,0.9007,186.0
1753600111450,07:08:31.450,bitget,AERO/USDT:USDT,0.8999,154.0,0.8997,85.0,0.9005,101.0,0.9007,186.0
1753600111750,07:08:31.750,bitget,AERO/USDT:USDT,0.8999,154.0,0.8997,85.0,0.9005,101.0,0.9007,186.0
1753600112050,07:08:32.050,bitget,AERO/USDT:USDT,0.8999,154.0,0.8997,85.0,0.9005,101.0,0.9007,186.0
1753600112200,07:08:32.200,bitget,AERO/USDT:USDT,0.8999,154.0,0.8997,85.0,0.9005,101.0,0.9007,186.0
1753600112350,07:08:32.350,bitget,AERO/USDT:USDT,0.8999,154.0,0.8997,85.0,0.9005,101.0,0.9007,186.0
1753600112500,07:08:32.500,bitget,AERO/USDT:USDT,0.8999,154.0,0.8997,85.0,0.9005,101.0,0.9007,186.0
1753600112651,07:08:32.651,bitget,AERO/USDT:USDT,0.8999,154.0,0.8997,85.0,0.9005,101.0,0.9007,186.0
1753600112951,07:08:32.951,bitget,AERO/USDT:USDT,0.8999,154.0,0.8997,85.0,0.9005,101.0,0.9007,186.0
1753600113251,07:08:33.251,bitget,AERO/USDT:USDT,0.8999,154.0,0.8997,85.0,0.9005,101.0,0.9007,186.0
1753600113401,07:08:33.401,bitget,AERO/USDT:USDT,0.8999,154.0,0.8997,85.0,0.9005,101.0,0.9007,186.0
1753600113701,07:08:33.701,bitget,AERO/USDT:USDT,0.8999,154.0,0.8997,85.0,0.9005,101.0,0.9007,186.0
1753600114001,07:08:34.001,bitget,AERO/USDT:USDT,0.8999,154.0,0.8997,85.0,0.9005,101.0,0.9007,186.0
1753600114151,07:08:34.151,bitget,AERO/USDT:USDT,0.8999,154.0,0.8997,85.0,0.9005,101.0,0.9007,186.0
1753600114302,07:08:34.302,bitget,AERO/USDT:USDT,0.8999,154.0,0.8998,4770.0,0.9005,101.0,0.9007,186.0
1753600114752,07:08:34.752,bitget,AERO/USDT:USDT,0.8999,154.0,0.8998,4770.0,0.9005,101.0,0.9007,186.0
1753600114902,07:08:34.902,bitget,AERO/USDT:USDT,0.8999,154.0,0.8998,4770.0,0.9005,154.0,0.9007,186.0
1753600115502,07:08:35.502,bitget,AERO/USDT:USDT,0.8999,154.0,0.8998,4770.0,0.9005,189.0,0.9007,186.0
1753600115802,07:08:35.802,bitget,AERO/USDT:USDT,0.8999,154.0,0.8998,4770.0,0.9005,189.0,0.9007,186.0
1753600115952,07:08:35.952,bitget,AERO/USDT:USDT,0.8999,154.0,0.8998,4770.0,0.9005,189.0,0.9007,186.0
1753600116103,07:08:36.103,bitget,AERO/USDT:USDT,0.8999,154.0,0.8998,4770.0,0.9005,189.0,0.9007,186.0
1753600116253,07:08:36.253,bitget,AERO/USDT:USDT,0.8999,154.0,0.8998,4770.0,0.9005,189.0,0.9007,186.0
1753600116403,07:08:36.403,bitget,AERO/USDT:USDT,0.8999,154.0,0.8998,4770.0,0.9005,189.0,0.9007,186.0
1753600116553,07:08:36.553,bitget,AERO/USDT:USDT,0.8999,154.0,0.8998,4770.0,0.9005,189.0,0.9007,186.0
1753600116703,07:08:36.703,bitget,AERO/USDT:USDT,0.8999,154.0,0.8998,4770.0,0.9005,189.0,0.9007,186.0
1753600116853,07:08:36.853,bitget,AERO/USDT:USDT,0.8999,154.0,0.8998,4770.0,0.9005,189.0,0.9007,186.0
1753600117153,07:08:37.153,bitget,AERO/USDT:USDT,0.8999,154.0,0.8998,4770.0,0.9005,189.0,0.9007,186.0
1753600117303,07:08:37.303,bitget,AERO/USDT:USDT,0.8999,154.0,0.8998,4770.0,0.9005,189.0,0.9007,186.0
1753600117604,07:08:37.604,bitget,AERO/USDT:USDT,0.8999,154.0,0.8998,4770.0,0.9005,189.0,0.9007,186.0
1753600117754,07:08:37.754,bitget,AERO/USDT:USDT,0.8999,154.0,0.8998,4770.0,0.9005,189.0,0.9007,186.0
1753600118054,07:08:38.054,bitget,AERO/USDT:USDT,0.8999,154.0,0.8998,4770.0,0.9005,189.0,0.9007,186.0
1753600118204,07:08:38.204,bitget,AERO/USDT:USDT,0.8999,154.0,0.8998,4770.0,0.9005,189.0,0.9007,186.0
1753600118654,07:08:38.654,bitget,AERO/USDT:USDT,0.8999,154.0,0.8998,4770.0,0.9005,189.0,0.9007,186.0
1753600118804,07:08:38.804,bitget,AERO/USDT:USDT,0.8999,154.0,0.8998,4770.0,0.9005,189.0,0.9007,186.0
1753600118954,07:08:38.954,bitget,AERO/USDT:USDT,0.8999,154.0,0.8998,4770.0,0.9005,189.0,0.9007,186.0
1753600119105,07:08:39.105,bitget,AERO/USDT:USDT,0.8999,154.0,0.8998,4770.0,0.9005,189.0,0.9007,186.0
1753600119255,07:08:39.255,bitget,AERO/USDT:USDT,0.8999,154.0,0.8998,4770.0,0.9005,189.0,0.9007,186.0
1753600119555,07:08:39.555,bitget,AERO/USDT:USDT,0.8999,154.0,0.8998,4770.0,0.9005,189.0,0.9007,186.0
1753600119705,07:08:39.705,bitget,AERO/USDT:USDT,0.8999,154.0,0.8998,4770.0,0.9005,189.0,0.9007,186.0
1753600120005,07:08:40.005,bitget,AERO/USDT:USDT,0.8999,154.0,0.8998,4770.0,0.9005,189.0,0.9007,186.0
1753600120155,07:08:40.155,bitget,AERO/USDT:USDT,0.8999,154.0,0.8998,4770.0,0.9005,189.0,0.9007,186.0
1753600120756,07:08:40.756,bitget,AERO/USDT:USDT,0.8999,154.0,0.8998,4770.0,0.9005,189.0,0.9007,186.0
1753600120906,07:08:40.906,bitget,AERO/USDT:USDT,0.8999,154.0,0.8998,4770.0,0.9005,101.0,0.9007,186.0
1753600121056,07:08:41.056,bitget,AERO/USDT:USDT,0.8999,240.0,0.8998,4770.0,0.9005,101.0,0.9007,186.0
1753600121506,07:08:41.506,bitget,AERO/USDT:USDT,0.8999,351.0,0.8998,4770.0,0.9005,101.0,0.9007,186.0
1753600121656,07:08:41.656,bitget,AERO/USDT:USDT,0.8999,351.0,0.8998,4770.0,0.9005,101.0,0.9007,186.0
1753600121956,07:08:41.956,bitget,AERO/USDT:USDT,0.8999,351.0,0.8998,4770.0,0.9005,101.0,0.9007,186.0
1753600122257,07:08:42.257,bitget,AERO/USDT:USDT,0.8999,351.0,0.8998,4770.0,0.9005,101.0,0.9007,186.0
1753600122407,07:08:42.407,bitget,AERO/USDT:USDT,0.8999,351.0,0.8998,4770.0,0.9005,101.0,0.9007,186.0
1753600122557,07:08:42.557,bitget,AERO/USDT:USDT,0.8999,351.0,0.8998,4770.0,0.9005,101.0,0.9007,186.0
1753600122707,07:08:42.707,bitget,AERO/USDT:USDT,0.8999,351.0,0.8998,4770.0,0.9005,101.0,0.9007,186.0
1753600122857,07:08:42.857,bitget,AERO/USDT:USDT,0.8999,351.0,0.8998,4770.0,0.9005,101.0,0.9007,186.0
1753600123007,07:08:43.007,bitget,AERO/USDT:USDT,0.8999,351.0,0.8998,4770.0,0.9005,101.0,0.9007,186.0
1753600123157,07:08:43.157,bitget,AERO/USDT:USDT,0.8999,2023.0,0.8998,4770.0,0.9005,101.0,0.9007,186.0
1753600123307,07:08:43.307,bitget,AERO/USDT:USDT,0.8999,1809.0,0.8998,4881.0,0.9005,101.0,0.9007,186.0
1753600123608,07:08:43.608,bitget,AERO/USDT:USDT,0.8999,710.0,0.8998,4881.0,0.9005,101.0,0.9007,186.0
1753600123758,07:08:43.758,bitget,AERO/USDT:USDT,0.8999,710.0,0.8998,4881.0,0.9005,101.0,0.9007,186.0
1753600124358,07:08:44.358,bitget,AERO/USDT:USDT,0.8999,710.0,0.8998,4881.0,0.9005,101.0,0.9007,186.0
1753600124508,07:08:44.508,bitget,AERO/USDT:USDT,0.8999,710.0,0.8998,4881.0,0.9005,101.0,0.9007,186.0
1753600124658,07:08:44.658,bitget,AERO/USDT:USDT,0.8999,710.0,0.8998,4881.0,0.9005,101.0,0.9007,186.0
1753600124808,07:08:44.808,bitget,AERO/USDT:USDT,0.8999,710.0,0.8998,4881.0,0.9005,101.0,0.9007,186.0
1753600124958,07:08:44.958,bitget,AERO/USDT:USDT,0.8999,240.0,0.8998,4770.0,0.9005,101.0,0.9006,52.0
1753600125108,07:08:45.108,bitget,AERO/USDT:USDT,0.8999,240.0,0.8998,4770.0,0.9005,101.0,0.9006,52.0
1753600125259,07:08:45.259,bitget,AERO/USDT:USDT,0.8999,240.0,0.8998,4770.0,0.9005,101.0,0.9006,52.0
1753600125409,07:08:45.409,bitget,AERO/USDT:USDT,0.8999,240.0,0.8998,4770.0,0.9005,101.0,0.9006,52.0
1753600125559,07:08:45.559,bitget,AERO/USDT:USDT,0.8999,240.0,0.8998,4770.0,0.9005,101.0,0.9006,52.0
1753600125709,07:08:45.709,bitget,AERO/USDT:USDT,0.8999,240.0,0.8998,4770.0,0.9005,101.0,0.9006,52.0
1753600125859,07:08:45.859,bitget,AERO/USDT:USDT,0.8999,240.0,0.8998,4770.0,0.9005,101.0,0.9006,52.0
1753600126009,07:08:46.009,bitget,AERO/USDT:USDT,0.8999,240.0,0.8998,4770.0,0.9005,101.0,0.9006,52.0
1753600126159,07:08:46.159,bitget,AERO/USDT:USDT,0.8999,240.0,0.8998,4770.0,0.9005,101.0,0.9006,52.0
1753600126309,07:08:46.309,bitget,AERO/USDT:USDT,0.8999,240.0,0.8998,4770.0,0.9005,101.0,0.9006,52.0
1753600126759,07:08:46.759,bitget,AERO/USDT:USDT,0.8999,240.0,0.8998,4770.0,0.9005,101.0,0.9006,52.0
1753600127060,07:08:47.060,bitget,AERO/USDT:USDT,0.8999,240.0,0.8998,4770.0,0.9005,101.0,0.9006,52.0
1753600127210,07:08:47.210,bitget,AERO/USDT:USDT,0.8999,240.0,0.8998,4770.0,0.9005,101.0,0.9006,52.0
1753600127510,07:08:47.510,bitget,AERO/USDT:USDT,0.8999,240.0,0.8998,4770.0,0.9005,101.0,0.9006,52.0
1753600127660,07:08:47.660,bitget,AERO/USDT:USDT,0.8999,240.0,0.8998,4770.0,0.9005,101.0,0.9006,52.0
1753600127810,07:08:47.810,bitget,AERO/USDT:USDT,0.8999,240.0,0.8998,4770.0,0.9005,101.0,0.9006,52.0
1753600127960,07:08:47.960,bitget,AERO/USDT:USDT,0.8999,240.0,0.8998,4770.0,0.9005,101.0,0.9006,52.0
1753600128111,07:08:48.111,bitget,AERO/USDT:USDT,0.8999,240.0,0.8998,4770.0,0.9005,101.0,0.9006,52.0
1753600128260,07:08:48.260,bitget,AERO/USDT:USDT,0.8999,240.0,0.8998,4770.0,0.9005,101.0,0.9006,52.0
1753600128411,07:08:48.411,bitget,AERO/USDT:USDT,0.8999,240.0,0.8998,4770.0,0.9005,101.0,0.9006,52.0
1753600128561,07:08:48.561,bitget,AERO/USDT:USDT,0.8999,240.0,0.8998,4770.0,0.9005,101.0,0.9006,52.0
1753600129011,07:08:49.011,bitget,AERO/USDT:USDT,0.8999,240.0,0.8998,4770.0,0.9005,101.0,0.9006,52.0
1753600129161,07:08:49.161,bitget,AERO/USDT:USDT,0.8999,240.0,0.8998,4770.0,0.9005,101.0,0.9006,52.0
1753600129311,07:08:49.311,bitget,AERO/USDT:USDT,0.8999,240.0,0.8998,4770.0,0.9005,101.0,0.9006,52.0
1753600129611,07:08:49.611,bitget,AERO/USDT:USDT,0.8999,240.0,0.8998,4770.0,0.9005,101.0,0.9006,52.0
1753600129761,07:08:49.761,bitget,AERO/USDT:USDT,0.8999,240.0,0.8998,4770.0,0.9005,101.0,0.9006,52.0
1753600129912,07:08:49.912,bitget,AERO/USDT:USDT,0.8999,240.0,0.8998,4770.0,0.9005,101.0,0.9006,52.0
1753600130062,07:08:50.062,bitget,AERO/USDT:USDT,0.8999,240.0,0.8998,4770.0,0.9005,101.0,0.9006,52.0
1753600130212,07:08:50.212,bitget,AERO/USDT:USDT,0.8999,240.0,0.8998,4771.0,0.9005,101.0,0.9006,52.0
1753600130512,07:08:50.512,bitget,AERO/USDT:USDT,0.8999,240.0,0.8998,4771.0,0.9005,101.0,0.9006,52.0
1753600130662,07:08:50.662,bitget,AERO/USDT:USDT,0.8999,240.0,0.8998,4771.0,0.9005,101.0,0.9006,52.0
1753600130812,07:08:50.812,bitget,AERO/USDT:USDT,0.8999,240.0,0.8998,4771.0,0.9005,101.0,0.9006,52.0
1753600130962,07:08:50.962,bitget,AERO/USDT:USDT,0.8999,240.0,0.8998,4771.0,0.9005,101.0,0.9006,52.0
1753600131112,07:08:51.112,bitget,AERO/USDT:USDT,0.8999,240.0,0.8998,4771.0,0.9005,101.0,0.9006,52.0
1753600131262,07:08:51.262,bitget,AERO/USDT:USDT,0.8999,240.0,0.8998,4771.0,0.9005,101.0,0.9006,52.0
1753600131412,07:08:51.412,bitget,AERO/USDT:USDT,0.8999,240.0,0.8998,4771.0,0.9005,101.0,0.9006,52.0
1753600131563,07:08:51.563,bitget,AERO/USDT:USDT,0.8999,240.0,0.8998,4771.0,0.9005,101.0,0.9006,52.0
1753600131713,07:08:51.713,bitget,AERO/USDT:USDT,0.8999,240.0,0.8998,4771.0,0.9005,101.0,0.9006,52.0
1753600132013,07:08:52.013,bitget,AERO/USDT:USDT,0.8999,240.0,0.8998,4771.0,0.9005,101.0,0.9006,52.0
1753600132313,07:08:52.313,bitget,AERO/USDT:USDT,0.8999,240.0,0.8998,4771.0,0.9005,101.0,0.9006,52.0
1753600132613,07:08:52.613,bitget,AERO/USDT:USDT,0.8999,240.0,0.8998,4771.0,0.9005,101.0,0.9006,52.0
1753600132763,07:08:52.763,bitget,AERO/USDT:USDT,0.8999,240.0,0.8998,4771.0,0.9005,101.0,0.9006,52.0
1753600132913,07:08:52.913,bitget,AERO/USDT:USDT,0.8999,240.0,0.8998,4771.0,0.9005,101.0,0.9006,52.0
1753600133063,07:08:53.063,bitget,AERO/USDT:USDT,0.8999,240.0,0.8998,4771.0,0.9005,101.0,0.9006,52.0
1753600133514,07:08:53.514,bitget,AERO/USDT:USDT,0.9001,101.0,0.9,87.0,0.9005,101.0,0.9007,100.0
1753600133664,07:08:53.664,bitget,AERO/USDT:USDT,0.9001,101.0,0.9,87.0,0.9005,101.0,0.9007,100.0
1753600133814,07:08:53.814,bitget,AERO/USDT:USDT,0.9001,101.0,0.9,87.0,0.9005,101.0,0.9007,100.0
1753600133964,07:08:53.964,bitget,AERO/USDT:USDT,0.9001,101.0,0.9,87.0,0.9005,101.0,0.9007,100.0
1753600134264,07:08:54.264,bitget,AERO/USDT:USDT,0.9001,101.0,0.9,87.0,0.9005,101.0,0.9007,100.0
1753600134414,07:08:54.414,bitget,AERO/USDT:USDT,0.9001,101.0,0.9,87.0,0.9005,101.0,0.9007,100.0
1753600134565,07:08:54.565,bitget,AERO/USDT:USDT,0.9001,101.0,0.9,87.0,0.9005,101.0,0.9007,100.0
1753600134865,07:08:54.865,bitget,AERO/USDT:USDT,0.9001,101.0,0.9,87.0,0.9005,101.0,0.9007,100.0
1753600135015,07:08:55.015,bitget,AERO/USDT:USDT,0.9001,101.0,0.9,87.0,0.9005,101.0,0.9007,100.0
1753600135165,07:08:55.165,bitget,AERO/USDT:USDT,0.9001,101.0,0.9,87.0,0.9005,101.0,0.9007,100.0
1753600135315,07:08:55.315,bitget,AERO/USDT:USDT,0.9001,101.0,0.9,87.0,0.9005,101.0,0.9007,100.0
1753600135465,07:08:55.465,bitget,AERO/USDT:USDT,0.9001,101.0,0.9,87.0,0.9005,101.0,0.9007,100.0
1753600135615,07:08:55.615,bitget,AERO/USDT:USDT,0.9001,101.0,0.9,87.0,0.9005,101.0,0.9007,100.0
1753600135765,07:08:55.765,bitget,AERO/USDT:USDT,0.9001,101.0,0.9,87.0,0.9005,101.0,0.9007,100.0
1753600135915,07:08:55.915,bitget,AERO/USDT:USDT,0.9001,101.0,0.9,87.0,0.9005,101.0,0.9007,100.0
1753600136065,07:08:56.065,bitget,AERO/USDT:USDT,0.9001,101.0,0.9,87.0,0.9005,101.0,0.9007,100.0
1753600136666,07:08:56.666,bitget,AERO/USDT:USDT,0.9001,186.0,0.9,87.0,0.9005,101.0,0.9007,100.0
1753600136816,07:08:56.816,bitget,AERO/USDT:USDT,0.9001,186.0,0.9,87.0,0.9005,101.0,0.9007,100.0
1753600136966,07:08:56.966,bitget,AERO/USDT:USDT,0.9001,186.0,0.9,87.0,0.9005,101.0,0.9007,100.0
1753600137116,07:08:57.116,bitget,AERO/USDT:USDT,0.9001,186.0,0.9,87.0,0.9005,101.0,0.9007,100.0
1753600137266,07:08:57.266,bitget,AERO/USDT:USDT,0.9001,186.0,0.9,87.0,0.9005,101.0,0.9007,100.0
1753600137566,07:08:57.566,bitget,AERO/USDT:USDT,0.9001,186.0,0.9,87.0,0.9005,101.0,0.9007,100.0
1753600137867,07:08:57.867,bitget,AERO/USDT:USDT,0.9001,186.0,0.9,87.0,0.9005,101.0,0.9007,100.0
1753600138017,07:08:58.017,bitget,AERO/USDT:USDT,0.9001,186.0,0.9,87.0,0.9005,101.0,0.9007,100.0
1753600138167,07:08:58.167,bitget,AERO/USDT:USDT,0.9001,186.0,0.9,87.0,0.9005,101.0,0.9007,100.0
1753600138467,07:08:58.467,bitget,AERO/USDT:USDT,0.9003,101.0,0.9002,52.0,0.9007,100.0,0.9008,100.0
1753600138767,07:08:58.767,bitget,AERO/USDT:USDT,0.9003,101.0,0.9002,52.0,0.9007,101.0,0.9009,100.0
1753600138917,07:08:58.917,bitget,AERO/USDT:USDT,0.9003,101.0,0.9002,52.0,0.9007,101.0,0.9009,100.0
1753600139067,07:08:59.067,bitget,AERO/USDT:USDT,0.9003,101.0,0.9002,52.0,0.9007,101.0,0.9009,100.0
1753600139217,07:08:59.217,bitget,AERO/USDT:USDT,0.9003,101.0,0.9002,52.0,0.9007,101.0,0.9009,100.0
1753600139368,07:08:59.368,bitget,AERO/USDT:USDT,0.9003,101.0,0.9002,52.0,0.9007,101.0,0.9009,100.0
1753600139518,07:08:59.518,bitget,AERO/USDT:USDT,0.9003,101.0,0.9002,52.0,0.9007,101.0,0.9009,100.0
1753600139818,07:08:59.818,bitget,AERO/USDT:USDT,0.9003,101.0,0.9002,52.0,0.9007,101.0,0.9009,100.0
1753600140268,07:09:00.268,bitget,AERO/USDT:USDT,0.9003,101.0,0.9002,52.0,0.9007,101.0,0.9009,100.0
1753600140418,07:09:00.418,bitget,AERO/USDT:USDT,0.9003,101.0,0.9002,52.0,0.9007,101.0,0.9009,100.0
1753600140568,07:09:00.568,bitget,AERO/USDT:USDT,0.9003,101.0,0.9002,52.0,0.9007,101.0,0.9009,100.0
1753600140718,07:09:00.718,bitget,AERO/USDT:USDT,0.9003,101.0,0.9002,52.0,0.9007,101.0,0.9009,100.0
1753600140869,07:09:00.869,bitget,AERO/USDT:USDT,0.9003,101.0,0.9002,52.0,0.9007,101.0,0.9009,100.0
1753600141019,07:09:01.019,bitget,AERO/USDT:USDT,0.9003,101.0,0.9002,52.0,0.9007,101.0,0.9009,100.0
1753600141169,07:09:01.169,bitget,AERO/USDT:USDT,0.9003,101.0,0.9002,52.0,0.9007,101.0,0.9009,100.0
1753600141619,07:09:01.619,bitget,AERO/USDT:USDT,0.9003,101.0,0.9002,52.0,0.9007,101.0,0.9009,100.0
1753600141769,07:09:01.769,bitget,AERO/USDT:USDT,0.9003,101.0,0.9002,52.0,0.9007,101.0,0.9009,100.0
1753600141919,07:09:01.919,bitget,AERO/USDT:USDT,0.9003,101.0,0.9002,52.0,0.9007,101.0,0.9009,100.0
1753600142069,07:09:02.069,bitget,AERO/USDT:USDT,0.9003,101.0,0.9002,52.0,0.9007,101.0,0.9009,100.0
1753600142219,07:09:02.219,bitget,AERO/USDT:USDT,0.9003,101.0,0.9002,52.0,0.9007,101.0,0.9009,100.0
1753600142369,07:09:02.369,bitget,AERO/USDT:USDT,0.9003,101.0,0.9002,52.0,0.9007,101.0,0.9009,100.0
1753600142520,07:09:02.520,bitget,AERO/USDT:USDT,0.9003,101.0,0.9002,52.0,0.9007,101.0,0.9009,100.0
1753600142670,07:09:02.670,bitget,AERO/USDT:USDT,0.9003,101.0,0.9002,52.0,0.9007,101.0,0.9009,100.0
1753600142820,07:09:02.820,bitget,AERO/USDT:USDT,0.9003,101.0,0.9002,52.0,0.9007,101.0,0.9009,100.0
1753600142970,07:09:02.970,bitget,AERO/USDT:USDT,0.9003,101.0,0.9002,52.0,0.9007,101.0,0.9009,100.0
1753600143120,07:09:03.120,bitget,AERO/USDT:USDT,0.9003,101.0,0.9002,52.0,0.9007,101.0,0.9009,100.0
1753600143270,07:09:03.270,bitget,AERO/USDT:USDT,0.9003,101.0,0.9002,52.0,0.9007,101.0,0.9009,100.0
1753600143420,07:09:03.420,bitget,AERO/USDT:USDT,0.9003,101.0,0.9002,52.0,0.9007,101.0,0.9009,100.0
1753600143570,07:09:03.570,bitget,AERO/USDT:USDT,0.9003,101.0,0.9002,52.0,0.9007,101.0,0.9009,100.0
1753600143870,07:09:03.870,bitget,AERO/USDT:USDT,0.9003,101.0,0.9002,52.0,0.9007,101.0,0.9009,100.0
1753600144020,07:09:04.020,bitget,AERO/USDT:USDT,0.9003,101.0,0.9002,52.0,0.9007,101.0,0.9009,100.0
1753600144471,07:09:04.471,bitget,AERO/USDT:USDT,0.9003,101.0,0.9002,52.0,0.9007,101.0,0.9009,100.0
1753600144621,07:09:04.621,bitget,AERO/USDT:USDT,0.9003,101.0,0.9002,52.0,0.9007,101.0,0.9009,100.0
1753600144771,07:09:04.771,bitget,AERO/USDT:USDT,0.9003,101.0,0.9002,52.0,0.9007,101.0,0.9009,100.0
1753600145071,07:09:05.071,bitget,AERO/USDT:USDT,0.9003,101.0,0.9002,52.0,0.9007,101.0,0.9009,100.0
1753600145221,07:09:05.221,bitget,AERO/USDT:USDT,0.9003,101.0,0.9002,52.0,0.9007,101.0,0.9009,100.0
1753600145371,07:09:05.371,bitget,AERO/USDT:USDT,0.9003,101.0,0.9002,52.0,0.9007,101.0,0.9009,100.0
1753600145672,07:09:05.672,bitget,AERO/USDT:USDT,0.9003,101.0,0.9002,52.0,0.9007,101.0,0.9009,100.0
1753600145822,07:09:05.822,bitget,AERO/USDT:USDT,0.9003,101.0,0.9002,52.0,0.9007,101.0,0.9009,100.0
1753600145972,07:09:05.972,bitget,AERO/USDT:USDT,0.9003,101.0,0.9002,52.0,0.9007,101.0,0.9009,100.0
1753600146272,07:09:06.272,bitget,AERO/USDT:USDT,0.9003,101.0,0.9002,52.0,0.9007,101.0,0.9009,100.0
1753600146422,07:09:06.422,bitget,AERO/USDT:USDT,0.9003,101.0,0.9002,52.0,0.9007,101.0,0.9009,100.0
1753600146572,07:09:06.572,bitget,AERO/USDT:USDT,0.9003,101.0,0.9002,52.0,0.9007,101.0,0.9009,100.0
1753600146722,07:09:06.722,bitget,AERO/USDT:USDT,0.9003,101.0,0.9002,52.0,0.9007,101.0,0.9009,100.0
1753600146872,07:09:06.872,bitget,AERO/USDT:USDT,0.9003,101.0,0.9002,52.0,0.9007,101.0,0.9009,100.0
1753600147022,07:09:07.022,bitget,AERO/USDT:USDT,0.9003,101.0,0.9002,52.0,0.9007,101.0,0.9009,100.0
1753600147173,07:09:07.173,bitget,AERO/USDT:USDT,0.9003,188.0,0.9002,52.0,0.9009,100.0,0.901,1199.0
1753600147473,07:09:07.473,bitget,AERO/USDT:USDT,0.9003,188.0,0.9002,52.0,0.901,100.0,0.9011,184.0
1753600147773,07:09:07.773,bitget,AERO/USDT:USDT,0.9003,188.0,0.9002,52.0,0.9009,101.0,0.901,100.0
1753600147923,07:09:07.923,bitget,AERO/USDT:USDT,0.9003,188.0,0.9002,52.0,0.9009,101.0,0.901,100.0
1753600148073,07:09:08.073,bitget,AERO/USDT:USDT,0.9003,188.0,0.9002,52.0,0.9009,101.0,0.901,100.0
1753600148223,07:09:08.223,bitget,AERO/USDT:USDT,0.9003,188.0,0.9002,52.0,0.9009,101.0,0.901,100.0
1753600148373,07:09:08.373,bitget,AERO/USDT:USDT,0.9003,188.0,0.9002,52.0,0.9009,101.0,0.901,100.0
1753600148523,07:09:08.523,bitget,AERO/USDT:USDT,0.9003,188.0,0.9002,52.0,0.9009,101.0,0.901,100.0
1753600148674,07:09:08.674,bitget,AERO/USDT:USDT,0.9003,188.0,0.9002,52.0,0.9009,101.0,0.901,100.0
1753600148824,07:09:08.824,bitget,AERO/USDT:USDT,0.9003,188.0,0.9002,52.0,0.9009,101.0,0.901,100.0
1753600149124,07:09:09.124,bitget,AERO/USDT:USDT,0.9005,101.0,0.9004,87.0,0.9009,101.0,0.901,100.0
1753600149274,07:09:09.274,bitget,AERO/USDT:USDT,0.9005,101.0,0.9004,87.0,0.9009,101.0,0.901,100.0
1753600149424,07:09:09.424,bitget,AERO/USDT:USDT,0.9005,101.0,0.9003,87.0,0.9009,101.0,0.9011,100.0
1753600149574,07:09:09.574,bitget,AERO/USDT:USDT,0.9005,101.0,0.9003,87.0,0.9009,101.0,0.9011,100.0
1753600149724,07:09:09.724,bitget,AERO/USDT:USDT,0.9005,101.0,0.9003,87.0,0.9009,101.0,0.9011,100.0
1753600149874,07:09:09.874,bitget,AERO/USDT:USDT,0.9005,101.0,0.9003,87.0,0.9009,101.0,0.9011,100.0
1753600150024,07:09:10.024,bitget,AERO/USDT:USDT,0.9005,101.0,0.9003,87.0,0.9009,101.0,0.9011,100.0
1753600150175,07:09:10.175,bitget,AERO/USDT:USDT,0.9005,101.0,0.9003,87.0,0.9009,101.0,0.9011,100.0
1753600150325,07:09:10.325,bitget,AERO/USDT:USDT,0.9005,101.0,0.9003,87.0,0.9009,101.0,0.9011,100.0
1753600150625,07:09:10.625,bitget,AERO/USDT:USDT,0.9005,101.0,0.9003,87.0,0.9009,101.0,0.9011,100.0
1753600150775,07:09:10.775,bitget,AERO/USDT:USDT,0.9005,101.0,0.9003,87.0,0.9009,101.0,0.9011,100.0
1753600150925,07:09:10.925,bitget,AERO/USDT:USDT,0.9005,152.0,0.9004,51.0,0.9009,101.0,0.9011,100.0
1753600151075,07:09:11.075,bitget,AERO/USDT:USDT,0.9005,152.0,0.9004,51.0,0.901,1200.0,0.9011,146.0
1753600151225,07:09:11.225,bitget,AERO/USDT:USDT,0.9005,152.0,0.9004,51.0,0.901,1200.0,0.9011,100.0
1753600151375,07:09:11.375,bitget,AERO/USDT:USDT,0.9005,152.0,0.9004,51.0,0.901,101.0,0.9012,100.0
1753600151525,07:09:11.525,bitget,AERO/USDT:USDT,0.9005,152.0,0.9004,51.0,0.901,101.0,0.9012,100.0
1753600151675,07:09:11.675,bitget,AERO/USDT:USDT,0.9005,152.0,0.9004,51.0,0.901,101.0,0.9012,100.0
1753600151825,07:09:11.825,bitget,AERO/USDT:USDT,0.9005,152.0,0.9004,51.0,0.901,101.0,0.9012,100.0
1753600152126,07:09:12.126,bitget,AERO/USDT:USDT,0.9005,152.0,0.9004,51.0,0.901,101.0,0.9012,100.0
1753600152276,07:09:12.276,bitget,AERO/USDT:USDT,0.9005,152.0,0.9004,51.0,0.901,101.0,0.9012,100.0
1753600152426,07:09:12.426,bitget,AERO/USDT:USDT,0.9005,101.0,0.9003,87.0,0.901,152.0,0.9011,51.0
1753600152726,07:09:12.726,bitget,AERO/USDT:USDT,0.9005,101.0,0.9003,87.0,0.901,239.0,0.9011,51.0
1753600152876,07:09:12.876,bitget,AERO/USDT:USDT,0.9005,101.0,0.9003,87.0,0.901,239.0,0.9011,51.0
1753600153026,07:09:13.026,bitget,AERO/USDT:USDT,0.9005,101.0,0.9003,87.0,0.9009,1099.0,0.901,239.0
1753600153176,07:09:13.176,bitget,AERO/USDT:USDT,0.9002,101.0,0.9001,533.0,0.9008,101.0,0.9009,1099.0
1753600153326,07:09:13.326,bitget,AERO/USDT:USDT,0.9002,101.0,0.9001,533.0,0.9008,101.0,0.9009,1099.0
1753600153476,07:09:13.476,bitget,AERO/USDT:USDT,0.9002,101.0,0.9001,533.0,0.9008,101.0,0.9009,1099.0
1753600153627,07:09:13.627,bitget,AERO/USDT:USDT,0.9002,101.0,0.9001,533.0,0.9008,101.0,0.901,138.0
1753600153777,07:09:13.777,bitget,AERO/USDT:USDT,0.9002,101.0,0.9001,533.0,0.9008,101.0,0.901,138.0
1753600154077,07:09:14.077,bitget,AERO/USDT:USDT,0.9002,101.0,0.9001,533.0,0.9008,101.0,0.901,138.0
1753600154527,07:09:14.527,bitget,AERO/USDT:USDT,0.9002,101.0,0.9001,533.0,0.9008,101.0,0.901,138.0
1753600154677,07:09:14.677,bitget,AERO/USDT:USDT,0.9002,101.0,0.9001,533.0,0.9008,101.0,0.901,138.0
1753600154827,07:09:14.827,bitget,AERO/USDT:USDT,0.9002,101.0,0.9001,533.0,0.9008,101.0,0.901,138.0
1753600155278,07:09:15.278,bitget,AERO/USDT:USDT,0.9002,101.0,0.9001,533.0,0.9008,101.0,0.901,138.0
1753600155878,07:09:15.878,bitget,AERO/USDT:USDT,0.9002,101.0,0.9001,533.0,0.9008,101.0,0.901,138.0
1753600156028,07:09:16.028,bitget,AERO/USDT:USDT,0.9002,101.0,0.9001,533.0,0.9008,101.0,0.901,138.0
1753600156178,07:09:16.178,bitget,AERO/USDT:USDT,0.9002,101.0,0.9001,533.0,0.9008,101.0,0.901,138.0
1753600156479,07:09:16.479,bitget,AERO/USDT:USDT,0.9002,101.0,0.9001,533.0,0.9008,101.0,0.901,138.0
1753600156651,07:09:16.651,bitget,AERO/USDT:USDT,0.9002,101.0,0.9001,85.0,0.9008,101.0,0.901,138.0
1753600156899,07:09:16.899,bitget,AERO/USDT:USDT,0.9002,101.0,0.9001,85.0,0.9008,101.0,0.901,138.0
1753600157079,07:09:17.079,bitget,AERO/USDT:USDT,0.9002,101.0,0.9001,85.0,0.9008,101.0,0.901,138.0
1753600157229,07:09:17.229,bitget,AERO/USDT:USDT,0.9002,101.0,0.9001,85.0,0.9008,101.0,0.901,138.0
1753600157379,07:09:17.379,bitget,AERO/USDT:USDT,0.9002,101.0,0.9001,85.0,0.9008,101.0,0.901,138.0
1753600157829,07:09:17.829,bitget,AERO/USDT:USDT,0.9002,101.0,0.9001,85.0,0.9008,101.0,0.901,138.0
1753600157979,07:09:17.979,bitget,AERO/USDT:USDT,0.9002,101.0,0.9001,85.0,0.9008,101.0,0.901,138.0
1753600158280,07:09:18.280,bitget,AERO/USDT:USDT,0.9002,101.0,0.9001,85.0,0.9008,101.0,0.901,138.0
1753600158580,07:09:18.580,bitget,AERO/USDT:USDT,0.9002,101.0,0.9001,85.0,0.9008,101.0,0.901,138.0
1753600158730,07:09:18.730,bitget,AERO/USDT:USDT,0.9002,101.0,0.9001,85.0,0.9008,101.0,0.901,138.0
1753600158880,07:09:18.880,bitget,AERO/USDT:USDT,0.9002,101.0,0.9001,85.0,0.9008,101.0,0.901,138.0
1753600159180,07:09:19.180,bitget,AERO/USDT:USDT,0.9002,101.0,0.9001,85.0,0.9008,101.0,0.901,138.0
1753600159330,07:09:19.330,bitget,AERO/USDT:USDT,0.9002,101.0,0.9001,85.0,0.9008,101.0,0.901,138.0
1753600159480,07:09:19.480,bitget,AERO/USDT:USDT,0.9002,101.0,0.9001,136.0,0.9008,101.0,0.901,138.0
1753600159630,07:09:19.630,bitget,AERO/USDT:USDT,0.9002,101.0,0.9001,136.0,0.9008,101.0,0.901,138.0
1753600159931,07:09:19.931,bitget,AERO/USDT:USDT,0.9002,101.0,0.9001,136.0,0.9008,101.0,0.901,138.0
1753600160231,07:09:20.231,bitget,AERO/USDT:USDT,0.9002,101.0,0.9001,136.0,0.9008,101.0,0.901,138.0
1753600160381,07:09:20.381,bitget,AERO/USDT:USDT,0.9002,101.0,0.9001,136.0,0.9008,101.0,0.901,138.0
1753600160981,07:09:20.981,bitget,AERO/USDT:USDT,0.9002,101.0,0.9001,136.0,0.9008,101.0,0.901,138.0
1753600161131,07:09:21.131,bitget,AERO/USDT:USDT,0.9002,101.0,0.9001,136.0,0.9008,101.0,0.901,138.0
1753600161282,07:09:21.282,bitget,AERO/USDT:USDT,0.9002,101.0,0.9001,136.0,0.9008,101.0,0.901,138.0
1753600161732,07:09:21.732,bitget,AERO/USDT:USDT,0.9002,101.0,0.9001,136.0,0.9008,101.0,0.901,138.0
1753600162032,07:09:22.032,bitget,AERO/USDT:USDT,0.9002,101.0,0.9001,136.0,0.9008,101.0,0.901,138.0
1753600162182,07:09:22.182,bitget,AERO/USDT:USDT,0.9002,101.0,0.9001,136.0,0.9008,101.0,0.901,138.0
1753600162482,07:09:22.482,bitget,AERO/USDT:USDT,0.9002,101.0,0.9001,136.0,0.9008,101.0,0.901,138.0
1753600162632,07:09:22.632,bitget,AERO/USDT:USDT,0.9002,101.0,0.9001,136.0,0.9008,101.0,0.901,138.0
1753600162783,07:09:22.783,bitget,AERO/USDT:USDT,0.9002,101.0,0.9001,136.0,0.9008,101.0,0.901,138.0
1753600162933,07:09:22.933,bitget,AERO/USDT:USDT,0.9002,101.0,0.9001,136.0,0.9008,101.0,0.901,138.0
1753600163083,07:09:23.083,bitget,AERO/USDT:USDT,0.9002,101.0,0.9001,136.0,0.9008,101.0,0.901,138.0
1753600163233,07:09:23.233,bitget,AERO/USDT:USDT,0.9002,101.0,0.9001,136.0,0.9008,101.0,0.901,138.0
1753600163683,07:09:23.683,bitget,AERO/USDT:USDT,0.9002,101.0,0.9001,136.0,0.9008,101.0,0.901,138.0
1753600163983,07:09:23.983,bitget,AERO/USDT:USDT,0.9002,101.0,0.9001,136.0,0.9008,101.0,0.901,138.0
1753600164133,07:09:24.133,bitget,AERO/USDT:USDT,0.9002,101.0,0.9001,136.0,0.9008,101.0,0.901,138.0
1753600164284,07:09:24.284,bitget,AERO/USDT:USDT,0.9002,101.0,0.9001,136.0,0.9008,101.0,0.901,138.0
1753600164584,07:09:24.584,bitget,AERO/USDT:USDT,0.9002,101.0,0.9001,136.0,0.9008,101.0,0.901,138.0
1753600164884,07:09:24.884,bitget,AERO/USDT:USDT,0.9002,101.0,0.9001,136.0,0.9008,101.0,0.901,138.0
1753600165034,07:09:25.034,bitget,AERO/USDT:USDT,0.9002,101.0,0.9001,136.0,0.9008,101.0,0.901,138.0
1753600165184,07:09:25.184,bitget,AERO/USDT:USDT,0.9002,101.0,0.9001,136.0,0.9008,101.0,0.901,138.0
1753600165334,07:09:25.334,bitget,AERO/USDT:USDT,0.9002,101.0,0.9001,136.0,0.9008,101.0,0.901,138.0
1753600165634,07:09:25.634,bitget,AERO/USDT:USDT,0.9002,101.0,0.9001,136.0,0.9008,101.0,0.901,138.0
1753600165935,07:09:25.935,bitget,AERO/USDT:USDT,0.9002,101.0,0.9001,136.0,0.9008,101.0,0.901,138.0
1753600166085,07:09:26.085,bitget,AERO/USDT:USDT,0.9002,101.0,0.9001,136.0,0.9008,101.0,0.901,138.0
1753600166385,07:09:26.385,bitget,AERO/USDT:USDT,0.9002,101.0,0.9001,136.0,0.9008,101.0,0.901,138.0
1753600166535,07:09:26.535,bitget,AERO/USDT:USDT,0.9002,101.0,0.9001,136.0,0.9008,101.0,0.901,138.0
1753600166685,07:09:26.685,bitget,AERO/USDT:USDT,0.9002,101.0,0.9001,136.0,0.9008,101.0,0.901,138.0
1753600166835,07:09:26.835,bitget,AERO/USDT:USDT,0.9002,101.0,0.9001,136.0,0.9008,101.0,0.901,138.0
1753600167286,07:09:27.286,bitget,AERO/USDT:USDT,0.9002,101.0,0.9001,136.0,0.9008,101.0,0.901,138.0
1753600167436,07:09:27.436,bitget,AERO/USDT:USDT,0.9002,101.0,0.9001,136.0,0.9008,101.0,0.901,138.0
1753600167586,07:09:27.586,bitget,AERO/USDT:USDT,0.9002,101.0,0.9001,136.0,0.9008,101.0,0.901,138.0
1753600167886,07:09:27.886,bitget,AERO/USDT:USDT,0.9002,101.0,0.9001,136.0,0.9008,101.0,0.901,138.0
1753600168036,07:09:28.036,bitget,AERO/USDT:USDT,0.9002,101.0,0.9001,136.0,0.9008,101.0,0.901,138.0
1753600168186,07:09:28.186,bitget,AERO/USDT:USDT,0.9002,101.0,0.9001,136.0,0.9008,101.0,0.901,138.0
1753600168336,07:09:28.336,bitget,AERO/USDT:USDT,0.9002,101.0,0.9001,136.0,0.9008,101.0,0.901,138.0
1753600168486,07:09:28.486,bitget,AERO/USDT:USDT,0.9002,101.0,0.9001,136.0,0.9008,101.0,0.901,138.0
1753600168636,07:09:28.636,bitget,AERO/USDT:USDT,0.9002,101.0,0.9001,136.0,0.9008,101.0,0.901,138.0
1753600168786,07:09:28.786,bitget,AERO/USDT:USDT,0.9002,101.0,0.9001,136.0,0.9008,101.0,0.901,138.0
1753600169087,07:09:29.087,bitget,AERO/USDT:USDT,0.9002,101.0,0.9001,136.0,0.9008,101.0,0.901,138.0
1753600169237,07:09:29.237,bitget,AERO/USDT:USDT,0.9002,101.0,0.9001,136.0,0.9008,101.0,0.901,138.0
1753600169387,07:09:29.387,bitget,AERO/USDT:USDT,0.9002,101.0,0.9001,136.0,0.9008,101.0,0.901,138.0
1753600169537,07:09:29.537,bitget,AERO/USDT:USDT,0.9002,101.0,0.9001,136.0,0.9008,101.0,0.901,138.0
1753600169687,07:09:29.687,bitget,AERO/USDT:USDT,0.9002,101.0,0.9001,136.0,0.9008,101.0,0.901,138.0
1753600169987,07:09:29.987,bitget,AERO/USDT:USDT,0.9002,101.0,0.9001,136.0,0.9008,101.0,0.901,138.0
1753600170137,07:09:30.137,bitget,AERO/USDT:USDT,0.9002,101.0,0.9001,136.0,0.9008,101.0,0.901,138.0
1753600170287,07:09:30.287,bitget,AERO/USDT:USDT,0.9002,101.0,0.9001,136.0,0.9008,101.0,0.901,138.0
1753600170438,07:09:30.438,bitget,AERO/USDT:USDT,0.9002,101.0,0.9001,136.0,0.9008,101.0,0.901,138.0
1753600170888,07:09:30.888,bitget,AERO/USDT:USDT,0.9002,101.0,0.9001,136.0,0.9008,101.0,0.901,138.0
1753600171038,07:09:31.038,bitget,AERO/USDT:USDT,0.9002,101.0,0.9001,136.0,0.9008,101.0,0.901,138.0
1753600171188,07:09:31.188,bitget,AERO/USDT:USDT,0.9002,101.0,0.9001,136.0,0.9008,101.0,0.901,138.0
1753600171338,07:09:31.338,bitget,AERO/USDT:USDT,0.9002,101.0,0.9001,136.0,0.9008,101.0,0.901,138.0
1753600171488,07:09:31.488,bitget,AERO/USDT:USDT,0.9002,101.0,0.9001,136.0,0.9008,101.0,0.901,138.0
1753600171638,07:09:31.638,bitget,AERO/USDT:USDT,0.9002,101.0,0.9001,136.0,0.9008,101.0,0.901,138.0
1753600171788,07:09:31.788,bitget,AERO/USDT:USDT,0.9002,101.0,0.9001,136.0,0.9008,101.0,0.901,138.0
1753600171939,07:09:31.939,bitget,AERO/USDT:USDT,0.9002,101.0,0.9001,136.0,0.9008,101.0,0.901,138.0
1753600172089,07:09:32.089,bitget,AERO/USDT:USDT,0.9002,101.0,0.9001,136.0,0.9008,101.0,0.901,138.0
1753600172239,07:09:32.239,bitget,AERO/USDT:USDT,0.9002,101.0,0.9001,136.0,0.9008,101.0,0.901,138.0
1753600172389,07:09:32.389,bitget,AERO/USDT:USDT,0.9002,101.0,0.9001,136.0,0.9008,101.0,0.901,138.0
1753600172539,07:09:32.539,bitget,AERO/USDT:USDT,0.9002,101.0,0.9001,136.0,0.9007,1099.0,0.9008,204.0
1753600172689,07:09:32.689,bitget,AERO/USDT:USDT,0.9002,101.0,0.9001,51.0,0.9006,101.0,0.9007,1150.0
1753600172839,07:09:32.839,bitget,AERO/USDT:USDT,0.9002,101.0,0.9001,51.0,0.9006,101.0,0.9007,1150.0
1753600172989,07:09:32.989,bitget,AERO/USDT:USDT,0.9002,101.0,0.9001,51.0,0.9006,101.0,0.9007,1150.0
1753600173139,07:09:33.139,bitget,AERO/USDT:USDT,0.9002,101.0,0.9,87.0,0.9006,101.0,0.9007,1150.0
1753600173289,07:09:33.289,bitget,AERO/USDT:USDT,0.9002,101.0,0.9,87.0,0.9006,101.0,0.9007,1150.0
1753600173740,07:09:33.740,bitget,AERO/USDT:USDT,0.9002,101.0,0.8999,86.0,0.9006,101.0,0.9007,1150.0
1753600174040,07:09:34.040,bitget,AERO/USDT:USDT,0.9002,101.0,0.8999,197.0,0.9006,101.0,0.9007,51.0
1753600174190,07:09:34.190,bitget,AERO/USDT:USDT,0.9002,101.0,0.8999,197.0,0.9006,101.0,0.9007,51.0
1753600174340,07:09:34.340,bitget,AERO/USDT:USDT,0.9002,101.0,0.8999,197.0,0.9006,101.0,0.9007,51.0
1753600174640,07:09:34.640,bitget,AERO/USDT:USDT,0.9002,101.0,0.8999,197.0,0.9006,101.0,0.9007,51.0
1753600174790,07:09:34.790,bitget,AERO/USDT:USDT,0.9002,101.0,0.8999,197.0,0.9006,101.0,0.9007,51.0
1753600174940,07:09:34.940,bitget,AERO/USDT:USDT,0.9002,101.0,0.8999,1296.0,0.9006,101.0,0.9007,51.0
1753600175241,07:09:35.241,bitget,AERO/USDT:USDT,0.9002,101.0,0.8999,1296.0,0.9006,101.0,0.9007,51.0
1753600175391,07:09:35.391,bitget,AERO/USDT:USDT,0.9002,101.0,0.8999,1296.0,0.9006,101.0,0.9007,51.0
1753600175541,07:09:35.541,bitget,AERO/USDT:USDT,0.9002,101.0,0.8999,1296.0,0.9006,101.0,0.9007,51.0
1753600175691,07:09:35.691,bitget,AERO/USDT:USDT,0.9002,101.0,0.8999,1296.0,0.9006,101.0,0.9007,51.0
1753600175841,07:09:35.841,bitget,AERO/USDT:USDT,0.9002,101.0,0.8999,1296.0,0.9006,101.0,0.9007,51.0
1753600175991,07:09:35.991,bitget,AERO/USDT:USDT,0.9002,101.0,0.8999,197.0,0.9006,101.0,0.9007,51.0
1753600176141,07:09:36.141,bitget,AERO/USDT:USDT,0.9002,101.0,0.8999,197.0,0.9006,101.0,0.9007,51.0
1753600176291,07:09:36.291,bitget,AERO/USDT:USDT,0.9002,101.0,0.8999,197.0,0.9006,101.0,0.9007,51.0
1753600176441,07:09:36.441,bitget,AERO/USDT:USDT,0.9002,101.0,0.8999,197.0,0.9006,101.0,0.9007,51.0
1753600176592,07:09:36.592,bitget,AERO/USDT:USDT,0.9002,101.0,0.8999,197.0,0.9006,101.0,0.9007,51.0
1753600176892,07:09:36.892,bitget,AERO/USDT:USDT,0.9002,101.0,0.8999,1296.0,0.9006,101.0,0.9007,51.0
1753600177042,07:09:37.042,bitget,AERO/USDT:USDT,0.9002,101.0,0.8999,1296.0,0.9006,101.0,0.9007,51.0
1753600177192,07:09:37.192,bitget,AERO/USDT:USDT,0.9002,101.0,0.8999,1296.0,0.9006,101.0,0.9007,51.0
1753600177342,07:09:37.342,bitget,AERO/USDT:USDT,0.9002,101.0,0.8999,1296.0,0.9006,101.0,0.9007,51.0
1753600177492,07:09:37.492,bitget,AERO/USDT:USDT,0.9002,101.0,0.9001,51.0,0.9006,101.0,0.9009,86.0
1753600177942,07:09:37.942,bitget,AERO/USDT:USDT,0.9002,101.0,0.9001,51.0,0.9006,101.0,0.9009,86.0
1753600178092,07:09:38.092,bitget,AERO/USDT:USDT,0.9002,101.0,0.9001,51.0,0.9006,101.0,0.9009,86.0
1753600178393,07:09:38.393,bitget,AERO/USDT:USDT,0.9002,101.0,0.9001,51.0,0.9006,101.0,0.9007,51.0
1753600178693,07:09:38.693,bitget,AERO/USDT:USDT,0.9002,101.0,0.9001,51.0,0.9006,101.0,0.9007,51.0
1753600178843,07:09:38.843,bitget,AERO/USDT:USDT,0.9002,101.0,0.9001,51.0,0.9006,101.0,0.9007,51.0
1753600179143,07:09:39.143,bitget,AERO/USDT:USDT,0.9002,101.0,0.8999,86.0,0.9006,101.0,0.9007,51.0
1753600179293,07:09:39.293,bitget,AERO/USDT:USDT,0.9002,101.0,0.8999,86.0,0.9006,101.0,0.9007,51.0
1753600179443,07:09:39.443,bitget,AERO/USDT:USDT,0.9002,101.0,0.8999,86.0,0.9006,101.0,0.9007,51.0
1753600179594,07:09:39.594,bitget,AERO/USDT:USDT,0.9002,101.0,0.8999,86.0,0.9006,101.0,0.9007,51.0
1753600179894,07:09:39.894,bitget,AERO/USDT:USDT,0.9002,101.0,0.8999,86.0,0.9006,101.0,0.9007,51.0
1753600180044,07:09:40.044,bitget,AERO/USDT:USDT,0.9002,101.0,0.8999,197.0,0.9006,101.0,0.9007,51.0
1753600180194,07:09:40.194,bitget,AERO/USDT:USDT,0.9002,101.0,0.8999,86.0,0.9006,101.0,0.9007,51.0
1753600180344,07:09:40.344,bitget,AERO/USDT:USDT,0.9002,101.0,0.8999,86.0,0.9006,101.0,0.9007,51.0
1753600180794,07:09:40.794,bitget,AERO/USDT:USDT,0.9002,101.0,0.8999,86.0,0.9006,101.0,0.9007,51.0
1753600180944,07:09:40.944,bitget,AERO/USDT:USDT,0.9002,101.0,0.8999,86.0,0.9006,101.0,0.9007,51.0
1753600181094,07:09:41.094,bitget,AERO/USDT:USDT,0.9002,101.0,0.8999,86.0,0.9006,101.0,0.9007,51.0
1753600181695,07:09:41.695,bitget,AERO/USDT:USDT,0.9002,101.0,0.8999,197.0,0.9006,101.0,0.9007,51.0
1753600181845,07:09:41.845,bitget,AERO/USDT:USDT,0.9002,101.0,0.8999,197.0,0.9006,101.0,0.9007,51.0
1753600181995,07:09:41.995,bitget,AERO/USDT:USDT,0.9002,101.0,0.8999,197.0,0.9006,101.0,0.9007,51.0
1753600182145,07:09:42.145,bitget,AERO/USDT:USDT,0.9002,101.0,0.8999,197.0,0.9006,101.0,0.9007,51.0
1753600182295,07:09:42.295,bitget,AERO/USDT:USDT,0.9002,101.0,0.8999,197.0,0.9006,101.0,0.9007,51.0
1753600182445,07:09:42.445,bitget,AERO/USDT:USDT,0.9002,101.0,0.8999,197.0,0.9006,101.0,0.9007,51.0
1753600182595,07:09:42.595,bitget,AERO/USDT:USDT,0.9002,101.0,0.8999,197.0,0.9006,101.0,0.9007,51.0
1753600182745,07:09:42.745,bitget,AERO/USDT:USDT,0.9002,101.0,0.8999,197.0,0.9006,101.0,0.9007,51.0
1753600182896,07:09:42.896,bitget,AERO/USDT:USDT,0.9002,101.0,0.8999,197.0,0.9006,101.0,0.9007,51.0
1753600183046,07:09:43.046,bitget,AERO/USDT:USDT,0.9002,101.0,0.8999,197.0,0.9006,101.0,0.9007,51.0
1753600183196,07:09:43.196,bitget,AERO/USDT:USDT,0.9002,101.0,0.8999,197.0,0.9006,101.0,0.9007,51.0
1753600183346,07:09:43.346,bitget,AERO/USDT:USDT,0.9002,101.0,0.8999,197.0,0.9006,101.0,0.9007,51.0
1753600183496,07:09:43.496,bitget,AERO/USDT:USDT,0.9002,101.0,0.8999,86.0,0.9006,101.0,0.9007,51.0
1753600183646,07:09:43.646,bitget,AERO/USDT:USDT,0.9002,101.0,0.8999,86.0,0.9006,101.0,0.9007,51.0
1753600183796,07:09:43.796,bitget,AERO/USDT:USDT,0.9002,101.0,0.8999,86.0,0.9006,101.0,0.9007,51.0
1753600183946,07:09:43.946,bitget,AERO/USDT:USDT,0.9002,101.0,0.8999,197.0,0.9006,101.0,0.9007,51.0
1753600184096,07:09:44.096,bitget,AERO/USDT:USDT,0.9002,101.0,0.8999,197.0,0.9006,101.0,0.9007,51.0
1753600184246,07:09:44.246,bitget,AERO/USDT:USDT,0.9002,101.0,0.8999,86.0,0.9006,101.0,0.9007,51.0
1753600184547,07:09:44.547,bitget,AERO/USDT:USDT,0.9002,101.0,0.8999,86.0,0.9006,101.0,0.9007,51.0
1753600184697,07:09:44.697,bitget,AERO/USDT:USDT,0.9002,101.0,0.8999,86.0,0.9006,101.0,0.9007,51.0
1753600185147,07:09:45.147,bitget,AERO/USDT:USDT,0.9002,101.0,0.8999,86.0,0.9006,101.0,0.9007,51.0
1753600185447,07:09:45.447,bitget,AERO/USDT:USDT,0.9002,101.0,0.8999,197.0,0.9006,101.0,0.9007,51.0
1753600185597,07:09:45.597,bitget,AERO/USDT:USDT,0.9002,101.0,0.8999,86.0,0.9006,101.0,0.9007,51.0
1753600185747,07:09:45.747,bitget,AERO/USDT:USDT,0.9002,101.0,0.8999,197.0,0.9006,101.0,0.9007,51.0
1753600186048,07:09:46.048,bitget,AERO/USDT:USDT,0.8998,4771.0,0.8997,195.0,0.9004,101.0,0.9005,1099.0
1753600186198,07:09:46.198,bitget,AERO/USDT:USDT,0.8999,101.0,0.8998,4771.0,0.9004,101.0,0.9005,1099.0
1753600186498,07:09:46.498,bitget,AERO/USDT:USDT,0.8999,101.0,0.8998,4771.0,0.9004,101.0,0.9005,1099.0
1753600186648,07:09:46.648,bitget,AERO/USDT:USDT,0.8999,101.0,0.8998,4771.0,0.9004,101.0,0.9005,1099.0
1753600186798,07:09:46.798,bitget,AERO/USDT:USDT,0.8999,101.0,0.8998,4771.0,0.9004,101.0,0.9005,1099.0
1753600186948,07:09:46.948,bitget,AERO/USDT:USDT,0.8999,101.0,0.8998,4771.0,0.9004,101.0,0.9005,1099.0
