timestamp,time,exchange,symbol,bid1_price,bid1_volume,bid2_price,bid2_volume,ask1_price,ask1_volume,ask2_price,ask2_volume
1753599983338,07:06:23.338,blofin,AAVE/USDT:USDT,295.83,32.0,295.82,105.0,295.85,183.0,295.87,779.0
1753599983829,07:06:23.829,blofin,AAVE/USDT:USDT,295.83,32.0,295.81,116.0,295.85,183.0,295.87,779.0
1753599984332,07:06:24.332,blofin,AAVE/USDT:USDT,295.83,39.0,295.81,1247.0,295.85,29.0,295.87,1237.0
1753599985330,07:06:25.330,blofin,AAVE/USDT:USDT,295.83,3.0,295.82,54.0,295.85,5.0,295.87,459.0
1753599986074,07:06:26.074,blofin,AAVE/USDT:USDT,295.83,26.0,295.81,1270.0,295.85,31.0,295.87,661.0
1753599986831,07:06:26.831,blofin,AAVE/USDT:USDT,295.83,24.0,295.81,1270.0,295.85,31.0,295.87,661.0
1753599989335,07:06:29.335,blofin,AAVE/USDT:USDT,295.86,69.0,295.83,386.0,295.88,41.0,295.9,1502.0
1753599990090,07:06:30.090,blofin,AAVE/USDT:USDT,295.86,74.0,295.83,386.0,295.88,46.0,295.9,1502.0
1753599992076,07:06:32.076,blofin,AAVE/USDT:USDT,295.86,33.0,295.84,764.0,295.88,42.0,295.89,4.0
1753599992340,07:06:32.340,blofin,AAVE/USDT:USDT,295.86,30.0,295.84,764.0,295.88,42.0,295.89,4.0
1753599994080,07:06:34.080,blofin,AAVE/USDT:USDT,295.86,90.0,295.83,742.0,295.88,34.0,295.89,4.0
1753599994343,07:06:34.343,blofin,AAVE/USDT:USDT,295.86,90.0,295.83,742.0,295.88,37.0,295.9,467.0
1753599995343,07:06:35.343,blofin,AAVE/USDT:USDT,295.86,11.0,295.85,521.0,295.88,5.0,295.89,31.0
1753599996080,07:06:36.080,blofin,AAVE/USDT:USDT,295.83,3.0,295.81,1063.0,295.85,79.0,295.87,1016.0
1753599996846,07:06:36.846,blofin,AAVE/USDT:USDT,295.84,3.0,295.82,311.0,295.86,83.0,295.88,1168.0
1753599997598,07:06:37.598,blofin,AAVE/USDT:USDT,295.84,51.0,295.82,316.0,295.86,4.0,295.88,17.0
1753599998081,07:06:38.081,blofin,AAVE/USDT:USDT,295.86,33.0,295.85,225.0,295.88,18.0,295.89,1924.0
1753599998349,07:06:38.349,blofin,AAVE/USDT:USDT,295.86,33.0,295.85,225.0,295.88,19.0,295.89,1921.0
1753599999348,07:06:39.348,blofin,AAVE/USDT:USDT,295.86,6.0,295.85,750.0,295.88,6.0,295.89,41.0
1753599999848,07:06:39.848,blofin,AAVE/USDT:USDT,295.86,6.0,295.85,750.0,295.88,5.0,295.89,43.0
1753600000424,07:06:40.424,blofin,AAVE/USDT:USDT,295.9,7.0,295.88,582.0,295.92,297.0,295.93,31.0
1753600001082,07:06:41.082,blofin,AAVE/USDT:USDT,295.91,279.0,295.9,2.0,295.92,297.0,295.93,2.0
1753600001851,07:06:41.851,blofin,AAVE/USDT:USDT,295.9,2.0,295.89,16.0,295.91,21.0,295.92,443.0
1753600002352,07:06:42.352,blofin,AAVE/USDT:USDT,295.9,25.0,295.88,852.0,295.92,319.0,295.93,1288.0
1753600003353,07:06:43.353,blofin,AAVE/USDT:USDT,295.9,50.0,295.87,998.0,295.92,437.0,295.94,210.0
1753600004084,07:06:44.084,blofin,AAVE/USDT:USDT,295.9,1.0,295.89,32.0,295.92,437.0,295.94,441.0
1753600004856,07:06:44.856,blofin,AAVE/USDT:USDT,295.89,34.0,295.88,515.0,295.92,437.0,295.94,441.0
1753600005355,07:06:45.355,blofin,AAVE/USDT:USDT,295.9,113.0,295.88,91.0,295.92,440.0,295.94,95.0
1753600006085,07:06:46.085,blofin,AAVE/USDT:USDT,295.9,2.0,295.87,745.0,295.92,583.0,295.94,1377.0
1753600006915,07:06:46.915,blofin,AAVE/USDT:USDT,295.83,75.0,295.81,229.0,295.86,310.0,295.88,2463.0
1753600007359,07:06:47.359,blofin,AAVE/USDT:USDT,295.81,32.0,295.79,1815.0,295.83,205.0,295.85,984.0
1753600008088,07:06:48.088,blofin,AAVE/USDT:USDT,295.83,123.0,295.82,687.0,295.86,14.0,295.9,854.0
1753600008861,07:06:48.861,blofin,AAVE/USDT:USDT,295.83,123.0,295.82,687.0,295.86,18.0,295.9,854.0
1753600009362,07:06:49.362,blofin,AAVE/USDT:USDT,295.83,35.0,295.81,964.0,295.85,23.0,295.87,327.0
1753600010090,07:06:50.090,blofin,AAVE/USDT:USDT,295.83,36.0,295.81,964.0,295.85,24.0,295.87,327.0
1753600010864,07:06:50.864,blofin,AAVE/USDT:USDT,295.83,194.0,295.8,1007.0,295.85,17.0,295.88,106.0
1753600011364,07:06:51.364,blofin,AAVE/USDT:USDT,295.83,3.0,295.82,237.0,295.85,2.0,295.86,12.0
1753600012094,07:06:52.094,blofin,AAVE/USDT:USDT,295.83,238.0,295.82,1.0,295.85,14.0,295.88,209.0
1753600012865,07:06:52.865,blofin,AAVE/USDT:USDT,295.87,47.0,295.82,380.0,295.9,13.0,295.92,331.0
1753600013366,07:06:53.366,blofin,AAVE/USDT:USDT,295.9,53.0,295.88,1780.0,295.92,35.0,295.94,195.0
1753600013866,07:06:53.866,blofin,AAVE/USDT:USDT,295.9,52.0,295.88,1780.0,295.92,35.0,295.94,195.0
1753600014445,07:06:54.445,blofin,AAVE/USDT:USDT,295.93,85.0,295.92,123.0,295.95,11.0,295.96,441.0
1753600015420,07:06:55.420,blofin,AAVE/USDT:USDT,295.9,7.0,295.87,442.0,295.92,132.0,295.94,1535.0
1753600015869,07:06:55.869,blofin,AAVE/USDT:USDT,295.9,7.0,295.87,442.0,295.92,137.0,295.94,1535.0
1753600016370,07:06:56.370,blofin,AAVE/USDT:USDT,295.9,13.0,295.88,1370.0,295.92,51.0,295.94,2049.0
1753600017095,07:06:57.095,blofin,AAVE/USDT:USDT,295.9,19.0,295.87,1312.0,295.92,46.0,295.94,1330.0
1753600017874,07:06:57.874,blofin,AAVE/USDT:USDT,295.9,19.0,295.87,1312.0,295.92,42.0,295.94,1330.0
1753600018375,07:06:58.375,blofin,AAVE/USDT:USDT,295.9,17.0,295.89,1311.0,295.92,1.0,295.93,171.0
1753600019097,07:06:59.097,blofin,AAVE/USDT:USDT,295.9,5.0,295.89,13.0,295.92,45.0,295.97,1741.0
1753600019876,07:06:59.876,blofin,AAVE/USDT:USDT,295.9,5.0,295.89,13.0,295.92,45.0,295.97,1741.0
1753600020378,07:07:00.378,blofin,AAVE/USDT:USDT,295.9,43.0,295.89,7.0,295.92,14.0,295.95,1376.0
1753600021098,07:07:01.098,blofin,AAVE/USDT:USDT,295.9,23.0,295.89,4.0,295.92,34.0,295.94,1564.0
1753600022379,07:07:02.379,blofin,AAVE/USDT:USDT,295.9,1.0,295.89,4.0,295.91,170.0,295.93,2684.0
1753600023101,07:07:03.101,blofin,AAVE/USDT:USDT,295.89,4.0,295.87,22.0,295.9,39.0,295.94,626.0
1753600023733,07:07:03.733,blofin,AAVE/USDT:USDT,295.89,4.0,295.87,160.0,295.9,36.0,295.91,1.0
1753600024384,07:07:04.384,blofin,AAVE/USDT:USDT,295.89,34.0,295.87,101.0,295.91,21.0,295.92,1277.0
1753600025175,07:07:05.175,blofin,AAVE/USDT:USDT,295.89,7.0,295.88,165.0,295.91,1.0,295.93,19.0
1753600026695,07:07:06.695,blofin,AAVE/USDT:USDT,295.9,12.0,295.89,5.0,295.92,76.0,295.94,476.0
1753600027389,07:07:07.389,blofin,AAVE/USDT:USDT,295.89,17.0,295.88,4.0,295.91,11.0,295.93,2209.0
1753600027890,07:07:07.890,blofin,AAVE/USDT:USDT,295.91,7.0,295.89,1304.0,295.94,7.0,295.96,1602.0
1753600028389,07:07:08.389,blofin,AAVE/USDT:USDT,295.91,12.0,295.9,1046.0,295.94,12.0,295.99,1176.0
1753600029096,07:07:09.096,blofin,AAVE/USDT:USDT,295.91,41.0,295.89,403.0,295.94,6.0,295.96,1533.0
1753600029391,07:07:09.391,blofin,AAVE/USDT:USDT,295.91,38.0,295.89,1306.0,295.93,6.0,295.94,570.0
1753600030397,07:07:10.397,blofin,AAVE/USDT:USDT,295.91,10.0,295.9,507.0,295.93,4.0,295.94,45.0
1753600031105,07:07:11.105,blofin,AAVE/USDT:USDT,295.91,2.0,295.9,8.0,295.93,49.0,295.94,1569.0
1753600031395,07:07:11.395,blofin,AAVE/USDT:USDT,295.91,2.0,295.9,8.0,295.93,49.0,295.94,1569.0
1753600031894,07:07:11.894,blofin,AAVE/USDT:USDT,295.91,2.0,295.9,8.0,295.93,49.0,295.94,1569.0
1753600032395,07:07:12.395,blofin,AAVE/USDT:USDT,295.91,2.0,295.9,14.0,295.93,175.0,295.96,108.0
1753600033108,07:07:13.108,blofin,AAVE/USDT:USDT,295.91,20.0,295.9,1.0,295.93,36.0,295.95,1235.0
1753600033709,07:07:13.709,blofin,AAVE/USDT:USDT,295.9,1.0,295.89,4.0,295.91,167.0,295.93,2130.0
1753600034397,07:07:14.397,blofin,AAVE/USDT:USDT,295.88,7.0,295.86,426.0,295.9,47.0,295.91,1546.0
1753600035110,07:07:15.110,blofin,AAVE/USDT:USDT,295.88,7.0,295.86,391.0,295.9,51.0,295.91,1546.0
1753600035399,07:07:15.399,blofin,AAVE/USDT:USDT,295.88,38.0,295.87,603.0,295.91,170.0,295.96,958.0
1753600036900,07:07:16.900,blofin,AAVE/USDT:USDT,295.88,38.0,295.85,615.0,295.9,25.0,295.91,4.0
1753600037401,07:07:17.401,blofin,AAVE/USDT:USDT,295.88,33.0,295.85,223.0,295.9,179.0,295.93,197.0
1753600038111,07:07:18.111,blofin,AAVE/USDT:USDT,295.88,7.0,295.85,833.0,295.9,29.0,295.92,2270.0
1753600038403,07:07:18.403,blofin,AAVE/USDT:USDT,295.88,7.0,295.85,833.0,295.9,29.0,295.92,2270.0
1753600039404,07:07:19.404,blofin,AAVE/USDT:USDT,295.88,11.0,295.86,398.0,295.9,137.0,295.91,1331.0
1753600040113,07:07:20.113,blofin,AAVE/USDT:USDT,295.88,9.0,295.86,398.0,295.9,138.0,295.91,1331.0
1753600040405,07:07:20.405,blofin,AAVE/USDT:USDT,295.88,7.0,295.87,181.0,295.9,4.0,295.91,134.0
1753600041405,07:07:21.405,blofin,AAVE/USDT:USDT,295.88,11.0,295.86,562.0,295.9,138.0,295.91,2213.0
1753600042114,07:07:22.114,blofin,AAVE/USDT:USDT,295.88,14.0,295.85,162.0,295.9,157.0,295.93,897.0
1753600042907,07:07:22.907,blofin,AAVE/USDT:USDT,295.88,14.0,295.85,162.0,295.9,159.0,295.93,897.0
1753600043620,07:07:23.620,blofin,AAVE/USDT:USDT,295.85,2.0,295.83,98.0,295.87,152.0,295.88,1174.0
1753600044409,07:07:24.409,blofin,AAVE/USDT:USDT,295.83,47.0,295.81,825.0,295.85,97.0,295.86,992.0
1753600045118,07:07:25.118,blofin,AAVE/USDT:USDT,295.83,49.0,295.81,825.0,295.85,97.0,295.86,992.0
1753600045415,07:07:25.415,blofin,AAVE/USDT:USDT,295.83,49.0,295.82,292.0,295.85,1.0,295.86,223.0
1753600046414,07:07:26.414,blofin,AAVE/USDT:USDT,295.83,48.0,295.81,1282.0,295.85,233.0,295.86,2.0
1753600047118,07:07:27.118,blofin,AAVE/USDT:USDT,295.83,47.0,295.82,1.0,295.85,237.0,295.87,246.0
1753600047415,07:07:27.415,blofin,AAVE/USDT:USDT,295.83,45.0,295.82,2.0,295.85,237.0,295.87,246.0
1753600048418,07:07:28.418,blofin,AAVE/USDT:USDT,295.8,5.0,295.79,2.0,295.82,242.0,295.85,3.0
1753600049119,07:07:29.119,blofin,AAVE/USDT:USDT,295.8,5.0,295.78,233.0,295.81,26.0,295.85,3.0
1753600049921,07:07:29.921,blofin,AAVE/USDT:USDT,295.8,5.0,295.78,233.0,295.81,28.0,295.86,309.0
1753600050420,07:07:30.420,blofin,AAVE/USDT:USDT,295.78,26.0,295.74,172.0,295.81,39.0,295.85,1792.0
1753600051421,07:07:31.421,blofin,AAVE/USDT:USDT,295.79,21.0,295.78,7.0,295.81,142.0,295.82,854.0
1753600052122,07:07:32.122,blofin,AAVE/USDT:USDT,295.79,43.0,295.78,7.0,295.81,11.0,295.83,959.0
1753600052422,07:07:32.422,blofin,AAVE/USDT:USDT,295.79,43.0,295.78,7.0,295.81,11.0,295.83,959.0
1753600053426,07:07:33.426,blofin,AAVE/USDT:USDT,295.79,64.0,295.78,7.0,295.81,12.0,295.84,1005.0
1753600054123,07:07:34.123,blofin,AAVE/USDT:USDT,295.79,66.0,295.78,7.0,295.81,8.0,295.83,235.0
1753600054425,07:07:34.425,blofin,AAVE/USDT:USDT,295.79,71.0,295.78,4.0,295.81,8.0,295.83,235.0
1753600055427,07:07:35.427,blofin,AAVE/USDT:USDT,295.79,176.0,295.78,4.0,295.81,40.0,295.83,1034.0
1753600056124,07:07:36.124,blofin,AAVE/USDT:USDT,295.79,73.0,295.78,4.0,295.81,35.0,295.83,1476.0
1753600056928,07:07:36.928,blofin,AAVE/USDT:USDT,295.79,72.0,295.78,4.0,295.81,31.0,295.83,1476.0
1753600057430,07:07:37.430,blofin,AAVE/USDT:USDT,295.82,185.0,295.8,1699.0,295.84,27.0,295.86,866.0
1753600058125,07:07:38.125,blofin,AAVE/USDT:USDT,295.82,5.0,295.81,121.0,295.84,31.0,295.88,111.0
1753600058931,07:07:38.931,blofin,AAVE/USDT:USDT,295.82,5.0,295.81,121.0,295.84,32.0,295.88,111.0
1753600059432,07:07:39.432,blofin,AAVE/USDT:USDT,295.82,288.0,295.79,1630.0,295.84,32.0,295.86,512.0
1753600060432,07:07:40.432,blofin,AAVE/USDT:USDT,295.85,11.0,295.84,2.0,295.87,153.0,295.88,501.0
1753600060934,07:07:40.934,blofin,AAVE/USDT:USDT,295.85,11.0,295.84,2.0,295.87,157.0,295.88,499.0
1753600061435,07:07:41.435,blofin,AAVE/USDT:USDT,295.84,66.0,295.79,128.0,295.87,101.0,295.88,1197.0
1753600062438,07:07:42.438,blofin,AAVE/USDT:USDT,295.85,63.0,295.84,5.0,295.87,98.0,295.89,1457.0
1753600063128,07:07:43.128,blofin,AAVE/USDT:USDT,295.85,83.0,295.84,128.0,295.87,1.0,295.88,99.0
1753600063438,07:07:43.438,blofin,AAVE/USDT:USDT,295.85,83.0,295.84,128.0,295.87,1.0,295.88,99.0
1753600064439,07:07:44.439,blofin,AAVE/USDT:USDT,295.85,66.0,295.83,706.0,295.87,217.0,295.89,2287.0
1753600065129,07:07:45.129,blofin,AAVE/USDT:USDT,295.85,67.0,295.83,706.0,295.87,216.0,295.89,2287.0
1753600065439,07:07:45.439,blofin,AAVE/USDT:USDT,295.85,67.0,295.83,512.0,295.87,218.0,295.88,1611.0
1753600066442,07:07:46.442,blofin,AAVE/USDT:USDT,295.85,68.0,295.84,190.0,295.87,4.0,295.88,100.0
1753600067131,07:07:47.131,blofin,AAVE/USDT:USDT,295.85,68.0,295.83,354.0,295.87,232.0,295.88,723.0
1753600067443,07:07:47.443,blofin,AAVE/USDT:USDT,295.85,68.0,295.83,354.0,295.87,235.0,295.88,721.0
1753600068445,07:07:48.445,blofin,AAVE/USDT:USDT,295.85,68.0,295.84,203.0,295.88,279.0,295.9,1430.0
1753600069132,07:07:49.132,blofin,AAVE/USDT:USDT,295.85,69.0,295.84,172.0,295.88,286.0,295.9,1098.0
1753600069945,07:07:49.945,blofin,AAVE/USDT:USDT,295.81,64.0,295.78,538.0,295.83,174.0,295.85,695.0
1753600070447,07:07:50.447,blofin,AAVE/USDT:USDT,295.81,13.0,295.79,855.0,295.83,159.0,295.84,452.0
1753600071135,07:07:51.135,blofin,AAVE/USDT:USDT,295.81,21.0,295.8,1230.0,295.83,4.0,295.84,55.0
1753600072450,07:07:52.450,blofin,AAVE/USDT:USDT,295.81,20.0,295.79,59.0,295.83,164.0,295.85,1436.0
1753600073135,07:07:53.135,blofin,AAVE/USDT:USDT,295.81,47.0,295.79,801.0,295.83,19.0,295.85,998.0
1753600074135,07:07:54.135,blofin,AAVE/USDT:USDT,295.81,2.0,295.8,64.0,295.83,11.0,295.86,599.0
1753600074450,07:07:54.450,blofin,AAVE/USDT:USDT,295.81,2.0,295.8,64.0,295.83,11.0,295.86,599.0
1753600075453,07:07:55.453,blofin,AAVE/USDT:USDT,295.81,65.0,295.8,4.0,295.83,37.0,295.85,562.0
1753600076137,07:07:56.137,blofin,AAVE/USDT:USDT,295.81,82.0,295.8,4.0,295.83,83.0,295.85,837.0
1753600077137,07:07:57.137,blofin,AAVE/USDT:USDT,295.81,25.0,295.8,1049.0,295.83,61.0,295.84,326.0
1753600077958,07:07:57.958,blofin,AAVE/USDT:USDT,295.81,25.0,295.8,1049.0,295.83,61.0,295.84,326.0
1753600078459,07:07:58.459,blofin,AAVE/USDT:USDT,295.8,22.0,295.79,700.0,295.83,65.0,295.88,1186.0
1753600079140,07:07:59.140,blofin,AAVE/USDT:USDT,295.81,66.0,295.8,1531.0,295.83,2.0,295.84,59.0
1753600079460,07:07:59.460,blofin,AAVE/USDT:USDT,295.81,70.0,295.8,1528.0,295.83,2.0,295.84,59.0
1753600080461,07:08:00.461,blofin,AAVE/USDT:USDT,295.81,75.0,295.78,391.0,295.83,66.0,295.84,9.0
1753600081139,07:08:01.139,blofin,AAVE/USDT:USDT,295.81,119.0,295.8,491.0,295.83,66.0,295.84,543.0
1753600081459,07:08:01.459,blofin,AAVE/USDT:USDT,295.81,116.0,295.8,491.0,295.83,66.0,295.84,543.0
1753600081959,07:08:01.959,blofin,AAVE/USDT:USDT,295.81,116.0,295.8,491.0,295.83,71.0,295.84,539.0
1753600082704,07:08:02.704,blofin,AAVE/USDT:USDT,295.81,4.0,295.8,100.0,295.84,31.0,295.85,262.0
1753600083146,07:08:03.146,blofin,AAVE/USDT:USDT,295.81,139.0,295.8,1073.0,295.84,29.0,295.88,1253.0
1753600083965,07:08:03.965,blofin,AAVE/USDT:USDT,295.81,139.0,295.8,1073.0,295.84,31.0,295.88,1253.0
1753600084466,07:08:04.466,blofin,AAVE/USDT:USDT,295.81,129.0,295.79,877.0,295.83,32.0,295.84,2.0
1753600085142,07:08:05.142,blofin,AAVE/USDT:USDT,295.81,129.0,295.79,877.0,295.83,34.0,295.85,789.0
1753600085964,07:08:05.964,blofin,AAVE/USDT:USDT,295.81,82.0,295.79,248.0,295.83,162.0,295.85,161.0
1753600086465,07:08:06.465,blofin,AAVE/USDT:USDT,295.81,6.0,295.8,96.0,295.83,12.0,295.88,1775.0
1753600087469,07:08:07.469,blofin,AAVE/USDT:USDT,295.81,96.0,295.78,167.0,295.83,3.0,295.85,786.0
1753600088647,07:08:08.647,blofin,AAVE/USDT:USDT,295.87,288.0,295.86,953.0,295.89,192.0,295.9,27.0
1753600089468,07:08:09.468,blofin,AAVE/USDT:USDT,295.9,265.0,295.87,301.0,295.91,178.0,295.92,2.0
1753600090152,07:08:10.152,blofin,AAVE/USDT:USDT,295.9,268.0,295.87,301.0,295.91,129.0,295.92,4.0
1753600090472,07:08:10.472,blofin,AAVE/USDT:USDT,295.9,316.0,295.88,55.0,295.91,129.0,295.92,29.0
1753600091471,07:08:11.471,blofin,AAVE/USDT:USDT,295.9,368.0,295.87,990.0,295.91,129.0,295.92,27.0
1753600093293,07:08:13.293,blofin,AAVE/USDT:USDT,295.83,7.0,295.81,1210.0,295.85,4.0,295.87,37.0
1753600093937,07:08:13.937,blofin,AAVE/USDT:USDT,295.88,44.0,295.85,631.0,295.9,29.0,295.91,129.0
1753600094477,07:08:14.477,blofin,AAVE/USDT:USDT,295.88,33.0,295.85,1277.0,295.9,30.0,295.91,129.0
1753600095150,07:08:15.150,blofin,AAVE/USDT:USDT,295.88,35.0,295.85,1273.0,295.9,30.0,295.91,129.0
1753600095478,07:08:15.478,blofin,AAVE/USDT:USDT,295.88,2.0,295.87,1.0,295.9,30.0,295.91,1933.0
1753600096150,07:08:16.150,blofin,AAVE/USDT:USDT,295.87,10.0,295.82,93.0,295.9,139.0,295.91,1621.0
1753600096980,07:08:16.980,blofin,AAVE/USDT:USDT,295.87,10.0,295.82,93.0,295.9,139.0,295.91,1621.0
1753600097483,07:08:17.483,blofin,AAVE/USDT:USDT,295.88,2.0,295.87,4.0,295.9,161.0,295.91,747.0
1753600098150,07:08:18.150,blofin,AAVE/USDT:USDT,295.87,6.0,295.85,903.0,295.9,147.0,295.91,129.0
1753600098484,07:08:18.484,blofin,AAVE/USDT:USDT,295.87,6.0,295.85,903.0,295.9,147.0,295.91,129.0
1753600099152,07:08:19.152,blofin,AAVE/USDT:USDT,295.87,281.0,295.83,428.0,295.9,67.0,295.91,2524.0
1753600099985,07:08:19.985,blofin,AAVE/USDT:USDT,295.87,281.0,295.83,421.0,295.9,67.0,295.91,2524.0
1753600100487,07:08:20.487,blofin,AAVE/USDT:USDT,295.88,277.0,295.87,4.0,295.9,69.0,295.91,567.0
1753600101154,07:08:21.154,blofin,AAVE/USDT:USDT,295.87,282.0,295.84,904.0,295.9,72.0,295.91,129.0
1753600102697,07:08:22.697,blofin,AAVE/USDT:USDT,295.87,4.0,295.85,274.0,295.88,247.0,295.9,5.0
1753600103155,07:08:23.155,blofin,AAVE/USDT:USDT,295.84,7.0,295.81,397.0,295.86,250.0,295.87,4.0
1753600103493,07:08:23.493,blofin,AAVE/USDT:USDT,295.84,10.0,295.81,397.0,295.86,250.0,295.87,4.0
1753600104492,07:08:24.492,blofin,AAVE/USDT:USDT,295.84,9.0,295.82,201.0,295.86,254.0,295.87,871.0
1753600105159,07:08:25.159,blofin,AAVE/USDT:USDT,295.84,8.0,295.82,201.0,295.86,255.0,295.87,871.0
1753600105495,07:08:25.495,blofin,AAVE/USDT:USDT,295.84,134.0,295.81,730.0,295.86,47.0,295.88,805.0
1753600106157,07:08:26.157,blofin,AAVE/USDT:USDT,295.87,147.0,295.84,1.0,295.9,4.0,295.91,1596.0
1753600106997,07:08:26.997,blofin,AAVE/USDT:USDT,295.87,149.0,295.82,853.0,295.9,8.0,295.91,1596.0
1753600107499,07:08:27.499,blofin,AAVE/USDT:USDT,295.87,176.0,295.85,346.0,295.9,4.0,295.91,133.0
1753600108158,07:08:28.158,blofin,AAVE/USDT:USDT,295.88,155.0,295.87,2.0,295.9,36.0,295.91,1781.0
1753600108502,07:08:28.502,blofin,AAVE/USDT:USDT,295.88,156.0,295.86,1228.0,295.9,36.0,295.91,1781.0
1753600109003,07:08:29.003,blofin,AAVE/USDT:USDT,295.88,156.0,295.86,1228.0,295.9,35.0,295.91,1781.0
1753600109158,07:08:29.158,blofin,AAVE/USDT:USDT,295.88,55.0,295.86,1928.0,295.9,35.0,295.91,129.0
1753600109503,07:08:29.503,blofin,AAVE/USDT:USDT,295.88,55.0,295.86,1928.0,295.9,35.0,295.91,129.0
1753600110175,07:08:30.175,blofin,AAVE/USDT:USDT,295.88,58.0,295.86,1928.0,295.9,37.0,295.92,650.0
1753600110969,07:08:30.969,blofin,AAVE/USDT:USDT,295.91,129.0,295.89,901.0,295.94,21.0,295.95,1063.0
1753600111506,07:08:31.506,blofin,AAVE/USDT:USDT,295.93,141.0,295.91,757.0,295.95,105.0,295.97,619.0
1753600112160,07:08:32.160,blofin,AAVE/USDT:USDT,295.93,135.0,295.9,892.0,295.95,80.0,295.97,1156.0
1753600112737,07:08:32.737,blofin,AAVE/USDT:USDT,295.93,2.0,295.92,82.0,295.95,67.0,295.96,91.0
1753600113161,07:08:33.161,blofin,AAVE/USDT:USDT,295.94,200.0,295.91,1098.0,295.95,67.0,295.96,54.0
1753600114008,07:08:34.008,blofin,AAVE/USDT:USDT,295.94,200.0,295.91,1098.0,295.95,5.0,295.96,54.0
1753600114510,07:08:34.510,blofin,AAVE/USDT:USDT,295.94,201.0,295.92,276.0,295.96,53.0,295.97,1123.0
1753600115164,07:08:35.164,blofin,AAVE/USDT:USDT,295.91,5.0,295.89,984.0,295.93,196.0,295.94,2125.0
1753600115513,07:08:35.513,blofin,AAVE/USDT:USDT,295.91,15.0,295.89,574.0,295.93,16.0,295.94,1214.0
1753600117164,07:08:37.164,blofin,AAVE/USDT:USDT,295.94,35.0,295.92,338.0,295.95,109.0,295.96,10.0
1753600117519,07:08:37.519,blofin,AAVE/USDT:USDT,295.96,99.0,295.95,1091.0,295.98,167.0,295.99,10.0
1753600118515,07:08:38.515,blofin,AAVE/USDT:USDT,295.96,27.0,295.94,1376.0,295.98,198.0,295.99,1498.0
1753600119019,07:08:39.019,blofin,AAVE/USDT:USDT,295.96,27.0,295.94,1376.0,295.98,198.0,295.99,1498.0
1753600119519,07:08:39.519,blofin,AAVE/USDT:USDT,295.96,31.0,295.94,652.0,295.98,201.0,295.99,1933.0
1753600121020,07:08:41.020,blofin,AAVE/USDT:USDT,295.96,52.0,295.94,920.0,295.98,184.0,295.99,532.0
1753600121521,07:08:41.521,blofin,AAVE/USDT:USDT,295.98,186.0,295.96,654.0,296.0,6.0,296.02,1479.0
1753600122167,07:08:42.167,blofin,AAVE/USDT:USDT,295.97,40.0,295.96,1.0,296.0,83.0,296.02,17.0
1753600122523,07:08:42.523,blofin,AAVE/USDT:USDT,295.97,40.0,295.96,1.0,296.0,83.0,296.02,17.0
1753600123167,07:08:43.167,blofin,AAVE/USDT:USDT,295.98,44.0,295.97,2.0,296.0,83.0,296.02,2269.0
1753600124024,07:08:44.024,blofin,AAVE/USDT:USDT,295.98,47.0,295.96,653.0,296.0,83.0,296.02,2269.0
1753600124525,07:08:44.525,blofin,AAVE/USDT:USDT,295.98,99.0,295.96,351.0,296.0,83.0,296.01,2085.0
1753600125168,07:08:45.168,blofin,AAVE/USDT:USDT,295.98,101.0,295.96,351.0,296.0,83.0,296.01,2085.0
1753600126029,07:08:46.029,blofin,AAVE/USDT:USDT,295.98,61.0,295.97,363.0,296.01,87.0,296.03,204.0
1753600126529,07:08:46.529,blofin,AAVE/USDT:USDT,295.98,189.0,295.96,1181.0,296.0,86.0,296.02,990.0
1753600127169,07:08:47.169,blofin,AAVE/USDT:USDT,295.98,221.0,295.95,334.0,296.0,86.0,296.02,2027.0
1753600127530,07:08:47.530,blofin,AAVE/USDT:USDT,295.98,218.0,295.95,334.0,296.0,86.0,296.02,2027.0
1753600128032,07:08:48.032,blofin,AAVE/USDT:USDT,295.98,218.0,295.95,334.0,296.0,86.0,296.02,2027.0
1753600128534,07:08:48.534,blofin,AAVE/USDT:USDT,295.98,95.0,295.95,378.0,296.0,86.0,296.02,395.0
1753600129170,07:08:49.170,blofin,AAVE/USDT:USDT,295.98,109.0,295.97,468.0,296.0,4.0,296.01,70.0
1753600130538,07:08:50.538,blofin,AAVE/USDT:USDT,295.98,73.0,295.95,1199.0,296.0,73.0,296.03,257.0
1753600131170,07:08:51.170,blofin,AAVE/USDT:USDT,295.98,194.0,295.96,860.0,296.0,75.0,296.02,2306.0
1753600131538,07:08:51.538,blofin,AAVE/USDT:USDT,295.98,194.0,295.96,860.0,296.0,76.0,296.02,2306.0
1753600132172,07:08:52.172,blofin,AAVE/USDT:USDT,295.98,173.0,295.96,1146.0,296.0,61.0,296.02,860.0
1753600133543,07:08:53.543,blofin,AAVE/USDT:USDT,295.98,227.0,295.97,591.0,296.0,5.0,296.01,63.0
1753600134173,07:08:54.173,blofin,AAVE/USDT:USDT,295.98,5.0,295.97,227.0,296.0,55.0,296.01,668.0
1753600134542,07:08:54.542,blofin,AAVE/USDT:USDT,295.98,5.0,295.97,227.0,296.0,55.0,296.01,668.0
1753600135173,07:08:55.173,blofin,AAVE/USDT:USDT,295.97,228.0,295.94,208.0,296.0,55.0,296.01,668.0
1753600136044,07:08:56.044,blofin,AAVE/USDT:USDT,295.98,229.0,295.97,1.0,296.0,55.0,296.02,2012.0
1753600136546,07:08:56.546,blofin,AAVE/USDT:USDT,296.05,204.0,296.03,306.0,296.06,97.0,296.07,93.0
1753600137175,07:08:57.175,blofin,AAVE/USDT:USDT,296.08,96.0,296.06,1158.0,296.09,3.0,296.1,288.0
1753600137519,07:08:57.519,blofin,AAVE/USDT:USDT,296.08,4.0,296.06,91.0,296.09,3.0,296.1,288.0
1753600138548,07:08:58.548,blofin,AAVE/USDT:USDT,296.07,5.0,296.06,12.0,296.08,73.0,296.09,3.0
1753600139183,07:08:59.183,blofin,AAVE/USDT:USDT,296.07,5.0,296.06,51.0,296.08,47.0,296.1,88.0
1753600139548,07:08:59.548,blofin,AAVE/USDT:USDT,296.07,5.0,296.06,51.0,296.08,47.0,296.1,88.0
1753600140189,07:09:00.189,blofin,AAVE/USDT:USDT,296.05,25.0,296.04,1032.0,296.08,57.0,296.1,88.0
1753600141050,07:09:01.050,blofin,AAVE/USDT:USDT,296.05,29.0,296.04,1032.0,296.07,2.0,296.08,60.0
1753600141551,07:09:01.551,blofin,AAVE/USDT:USDT,296.05,30.0,296.02,536.0,296.07,13.0,296.09,272.0
1753600142181,07:09:02.181,blofin,AAVE/USDT:USDT,296.05,33.0,296.04,1027.0,296.07,3.0,296.08,8.0
1753600142552,07:09:02.552,blofin,AAVE/USDT:USDT,296.05,33.0,296.04,1027.0,296.07,3.0,296.08,8.0
1753600143554,07:09:03.554,blofin,AAVE/USDT:USDT,296.05,28.0,296.03,4.0,296.06,149.0,296.07,3.0
1753600144182,07:09:04.182,blofin,AAVE/USDT:USDT,296.05,92.0,296.03,328.0,296.07,7.0,296.08,1772.0
1753600145560,07:09:05.560,blofin,AAVE/USDT:USDT,296.05,1.0,296.04,97.0,296.07,7.0,296.09,441.0
1753600146059,07:09:06.059,blofin,AAVE/USDT:USDT,296.05,1.0,296.04,97.0,296.07,5.0,296.09,441.0
1753600146559,07:09:06.559,blofin,AAVE/USDT:USDT,296.05,40.0,296.04,1.0,296.07,8.0,296.08,797.0
1753600147183,07:09:07.183,blofin,AAVE/USDT:USDT,296.07,381.0,296.05,6.0,296.09,1.0,296.12,457.0
1753600147566,07:09:07.566,blofin,AAVE/USDT:USDT,296.07,383.0,296.05,1.0,296.09,1.0,296.12,457.0
1753600148561,07:09:08.561,blofin,AAVE/USDT:USDT,296.07,293.0,296.05,1779.0,296.09,6.0,296.11,231.0
1753600149185,07:09:09.185,blofin,AAVE/USDT:USDT,296.08,294.0,296.07,2.0,296.1,118.0,296.11,486.0
1753600149563,07:09:09.563,blofin,AAVE/USDT:USDT,296.08,294.0,296.07,2.0,296.1,119.0,296.11,486.0
1753600150185,07:09:10.185,blofin,AAVE/USDT:USDT,296.08,298.0,296.06,469.0,296.1,120.0,296.11,486.0
1753600151065,07:09:11.065,blofin,AAVE/USDT:USDT,296.08,109.0,296.06,837.0,296.1,120.0,296.12,481.0
1753600151565,07:09:11.565,blofin,AAVE/USDT:USDT,296.08,253.0,296.06,878.0,296.1,119.0,296.11,674.0
1753600152567,07:09:12.567,blofin,AAVE/USDT:USDT,296.08,282.0,296.06,786.0,296.1,108.0,296.11,814.0
1753600153188,07:09:13.188,blofin,AAVE/USDT:USDT,296.08,38.0,296.07,200.0,296.1,4.0,296.11,116.0
1753600153566,07:09:13.566,blofin,AAVE/USDT:USDT,296.08,38.0,296.07,200.0,296.1,4.0,296.11,116.0
1753600154568,07:09:14.568,blofin,AAVE/USDT:USDT,296.08,62.0,296.06,1058.0,296.1,119.0,296.11,111.0
1753600155190,07:09:15.190,blofin,AAVE/USDT:USDT,296.08,64.0,296.06,1058.0,296.1,120.0,296.11,111.0
1753600155570,07:09:15.570,blofin,AAVE/USDT:USDT,296.08,5.0,296.07,55.0,296.1,119.0,296.13,245.0
1753600157192,07:09:17.192,blofin,AAVE/USDT:USDT,296.08,36.0,296.07,633.0,296.1,257.0,296.11,328.0
1753600157545,07:09:17.545,blofin,AAVE/USDT:USDT,296.03,4.0,296.01,710.0,296.05,9.0,296.07,1074.0
1753600158190,07:09:18.190,blofin,AAVE/USDT:USDT,296.03,39.0,296.01,324.0,296.05,32.0,296.07,457.0
1753600158577,07:09:18.577,blofin,AAVE/USDT:USDT,296.03,39.0,296.01,324.0,296.05,35.0,296.07,457.0
1753600159577,07:09:19.577,blofin,AAVE/USDT:USDT,296.03,1.0,296.02,15.0,296.05,196.0,296.07,467.0
1753600160195,07:09:20.195,blofin,AAVE/USDT:USDT,296.02,20.0,296.0,288.0,296.05,198.0,296.07,467.0
1753600160581,07:09:20.581,blofin,AAVE/USDT:USDT,296.03,50.0,296.01,223.0,296.05,21.0,296.06,734.0
1753600161582,07:09:21.582,blofin,AAVE/USDT:USDT,296.03,9.0,296.01,1198.0,296.05,181.0,296.07,1210.0
1753600162194,07:09:22.194,blofin,AAVE/USDT:USDT,296.03,6.0,296.0,2097.0,296.05,147.0,296.08,1025.0
1753600163086,07:09:23.086,blofin,AAVE/USDT:USDT,296.03,9.0,296.0,2097.0,296.05,147.0,296.08,1025.0
1753600163586,07:09:23.586,blofin,AAVE/USDT:USDT,296.03,39.0,296.0,904.0,296.05,21.0,296.07,1329.0
1753600164194,07:09:24.194,blofin,AAVE/USDT:USDT,296.03,36.0,296.02,283.0,296.05,3.0,296.06,19.0
1753600165195,07:09:25.195,blofin,AAVE/USDT:USDT,296.03,40.0,296.02,283.0,296.06,24.0,296.08,781.0
1753600166091,07:09:26.091,blofin,AAVE/USDT:USDT,296.03,60.0,296.0,1022.0,296.05,12.0,296.07,359.0
1753600166592,07:09:26.592,blofin,AAVE/USDT:USDT,296.03,56.0,296.02,789.0,296.05,2.0,296.06,10.0
1753600167198,07:09:27.198,blofin,AAVE/USDT:USDT,296.03,56.0,296.01,701.0,296.05,10.0,296.06,5.0
1753600167593,07:09:27.593,blofin,AAVE/USDT:USDT,296.03,56.0,296.01,701.0,296.05,10.0,296.06,5.0
1753600168594,07:09:28.594,blofin,AAVE/USDT:USDT,296.03,56.0,296.01,1429.0,296.05,12.0,296.07,175.0
1753600169196,07:09:29.196,blofin,AAVE/USDT:USDT,296.03,184.0,296.0,338.0,296.05,5.0,296.07,542.0
1753600169596,07:09:29.596,blofin,AAVE/USDT:USDT,296.03,184.0,296.0,338.0,296.05,5.0,296.07,542.0
1753600170210,07:09:30.210,blofin,AAVE/USDT:USDT,296.03,189.0,296.0,50.0,296.05,9.0,296.07,542.0
1753600171158,07:09:31.158,blofin,AAVE/USDT:USDT,296.05,360.0,296.03,1170.0,296.08,3.0,296.09,76.0
1753600171603,07:09:31.603,blofin,AAVE/USDT:USDT,296.08,360.0,296.06,857.0,296.09,76.0,296.1,74.0
1753600172599,07:09:32.599,blofin,AAVE/USDT:USDT,296.07,76.0,296.04,301.0,296.09,76.0,296.1,74.0
1753600173203,07:09:33.203,blofin,AAVE/USDT:USDT,296.08,1.0,296.07,315.0,296.09,76.0,296.1,74.0
1753600174102,07:09:34.102,blofin,AAVE/USDT:USDT,296.08,3.0,296.07,310.0,296.09,76.0,296.1,74.0
1753600174608,07:09:34.608,blofin,AAVE/USDT:USDT,296.08,10.0,296.06,1386.0,296.09,76.0,296.1,177.0
1753600175205,07:09:35.205,blofin,AAVE/USDT:USDT,296.08,8.0,296.06,1386.0,296.09,76.0,296.1,181.0
1753600176105,07:09:36.105,blofin,AAVE/USDT:USDT,296.08,55.0,296.05,809.0,296.09,76.0,296.1,161.0
1753600176607,07:09:36.607,blofin,AAVE/USDT:USDT,296.08,1.0,296.07,42.0,296.09,76.0,296.1,159.0
1753600177207,07:09:37.207,blofin,AAVE/USDT:USDT,296.08,43.0,296.07,1.0,296.09,76.0,296.1,160.0
1753600177607,07:09:37.607,blofin,AAVE/USDT:USDT,296.08,43.0,296.07,1.0,296.09,76.0,296.1,160.0
1753600178608,07:09:38.608,blofin,AAVE/USDT:USDT,296.08,37.0,296.07,586.0,296.09,76.0,296.1,74.0
1753600179210,07:09:39.210,blofin,AAVE/USDT:USDT,296.04,9.0,296.03,5.0,296.06,231.0,296.07,1117.0
1753600179609,07:09:39.609,blofin,AAVE/USDT:USDT,296.04,9.0,296.03,5.0,296.06,233.0,296.07,1117.0
1753600180610,07:09:40.610,blofin,AAVE/USDT:USDT,296.03,24.0,295.99,879.0,296.06,159.0,296.08,781.0
1753600181210,07:09:41.210,blofin,AAVE/USDT:USDT,296.04,82.0,296.03,9.0,296.06,21.0,296.08,1075.0
1753600181612,07:09:41.612,blofin,AAVE/USDT:USDT,296.04,82.0,296.03,9.0,296.06,21.0,296.08,1075.0
1753600182210,07:09:42.210,blofin,AAVE/USDT:USDT,296.04,96.0,296.03,5.0,296.06,2.0,296.09,906.0
1753600183113,07:09:43.113,blofin,AAVE/USDT:USDT,296.04,96.0,296.03,5.0,296.06,5.0,296.09,906.0
1753600183614,07:09:43.614,blofin,AAVE/USDT:USDT,296.04,96.0,296.03,5.0,296.06,5.0,296.09,219.0
1753600184213,07:09:44.213,blofin,AAVE/USDT:USDT,296.04,95.0,296.03,5.0,296.06,11.0,296.09,1916.0
1753600184617,07:09:44.617,blofin,AAVE/USDT:USDT,296.04,96.0,296.03,5.0,296.06,11.0,296.09,1916.0
1753600185211,07:09:45.211,blofin,AAVE/USDT:USDT,296.04,93.0,296.03,5.0,296.06,8.0,296.09,1916.0
1753600186117,07:09:46.117,blofin,AAVE/USDT:USDT,296.04,212.0,296.03,5.0,296.06,6.0,296.08,52.0
1753600186617,07:09:46.617,blofin,AAVE/USDT:USDT,296.04,53.0,296.03,432.0,296.07,23.0,296.08,953.0
1753600187214,07:09:47.214,blofin,AAVE/USDT:USDT,296.04,18.0,296.03,5.0,296.06,20.0,296.07,976.0
1753600187618,07:09:47.618,blofin,AAVE/USDT:USDT,296.04,18.0,296.03,5.0,296.06,21.0,296.07,972.0
1753600188618,07:09:48.618,blofin,AAVE/USDT:USDT,296.04,65.0,296.03,5.0,296.06,12.0,296.08,2326.0
1753600189215,07:09:49.215,blofin,AAVE/USDT:USDT,296.04,4.0,296.03,216.0,296.06,6.0,296.08,556.0
1753600189620,07:09:49.620,blofin,AAVE/USDT:USDT,296.04,4.0,296.03,216.0,296.06,6.0,296.08,556.0
1753600190217,07:09:50.217,blofin,AAVE/USDT:USDT,296.03,218.0,296.0,1270.0,296.06,4.0,296.08,556.0
1753600191121,07:09:51.121,blofin,AAVE/USDT:USDT,296.04,102.0,296.03,7.0,296.06,8.0,296.09,1612.0
1753600191622,07:09:51.622,blofin,AAVE/USDT:USDT,296.04,106.0,296.03,7.0,296.06,8.0,296.08,490.0
1753600192219,07:09:52.219,blofin,AAVE/USDT:USDT,296.04,58.0,296.03,7.0,296.06,7.0,296.08,1294.0
1753600192625,07:09:52.625,blofin,AAVE/USDT:USDT,296.04,58.0,296.03,7.0,296.06,11.0,296.08,1294.0
1753600193631,07:09:53.631,blofin,AAVE/USDT:USDT,296.04,58.0,296.03,7.0,296.06,12.0,296.08,2019.0
1753600194222,07:09:54.222,blofin,AAVE/USDT:USDT,296.04,216.0,296.03,7.0,296.06,12.0,296.08,469.0
1753600194629,07:09:54.629,blofin,AAVE/USDT:USDT,296.04,216.0,296.03,7.0,296.06,9.0,296.08,469.0
1753600195222,07:09:55.222,blofin,AAVE/USDT:USDT,296.04,218.0,296.03,5.0,296.06,10.0,296.08,469.0
1753600195630,07:09:55.630,blofin,AAVE/USDT:USDT,296.04,56.0,296.03,5.0,296.06,112.0,296.09,2066.0
1753600196631,07:09:56.631,blofin,AAVE/USDT:USDT,296.04,90.0,296.03,5.0,296.06,117.0,296.08,2388.0
1753600197222,07:09:57.222,blofin,AAVE/USDT:USDT,296.04,106.0,296.03,22.0,296.06,3.0,296.07,119.0
1753600197631,07:09:57.631,blofin,AAVE/USDT:USDT,296.04,106.0,296.03,22.0,296.07,123.0,296.09,76.0
1753600198636,07:09:58.636,blofin,AAVE/USDT:USDT,296.03,79.0,296.0,1137.0,296.06,92.0,296.07,2.0
1753600199223,07:09:59.223,blofin,AAVE/USDT:USDT,296.04,89.0,296.03,696.0,296.07,94.0,296.09,76.0
1753600200137,07:10:00.137,blofin,AAVE/USDT:USDT,296.04,89.0,296.03,696.0,296.07,94.0,296.09,76.0
1753600200639,07:10:00.639,blofin,AAVE/USDT:USDT,296.04,108.0,296.02,1425.0,296.06,94.0,296.07,2.0
1753600201641,07:10:01.641,blofin,AAVE/USDT:USDT,296.04,216.0,296.03,1088.0,296.06,2.0,296.07,78.0
1753600202226,07:10:02.226,blofin,AAVE/USDT:USDT,296.04,217.0,296.02,773.0,296.06,76.0,296.07,7.0
1753600203141,07:10:03.141,blofin,AAVE/USDT:USDT,296.04,219.0,296.02,773.0,296.06,78.0,296.07,2.0
1753600203643,07:10:03.643,blofin,AAVE/USDT:USDT,296.04,5.0,296.03,214.0,296.06,2.0,296.07,78.0
1753600204642,07:10:04.642,blofin,AAVE/USDT:USDT,296.04,213.0,296.02,45.0,296.06,78.0,296.07,2.0
1753600205228,07:10:05.228,blofin,AAVE/USDT:USDT,296.04,215.0,296.01,1408.0,296.06,81.0,296.07,2.0
1753600206644,07:10:06.644,blofin,AAVE/USDT:USDT,296.04,63.0,296.02,464.0,296.06,65.0,296.07,2.0
1753600207239,07:10:07.239,blofin,AAVE/USDT:USDT,296.04,30.0,296.02,1244.0,296.06,92.0,296.07,2.0
1753600208229,07:10:08.229,blofin,AAVE/USDT:USDT,296.04,7.0,296.03,109.0,296.06,77.0,296.07,2.0
1753600208649,07:10:08.649,blofin,AAVE/USDT:USDT,296.04,7.0,296.03,109.0,296.06,77.0,296.07,2.0
1753600209231,07:10:09.231,blofin,AAVE/USDT:USDT,296.04,74.0,296.03,4.0,296.06,65.0,296.07,116.0
1753600210149,07:10:10.149,blofin,AAVE/USDT:USDT,296.04,77.0,296.02,1314.0,296.06,65.0,296.07,116.0
1753600210650,07:10:10.650,blofin,AAVE/USDT:USDT,296.04,54.0,296.01,858.0,296.06,71.0,296.07,2.0
1753600211233,07:10:11.233,blofin,AAVE/USDT:USDT,296.04,10.0,296.03,164.0,296.06,1.0,296.07,51.0
1753600211653,07:10:11.653,blofin,AAVE/USDT:USDT,296.04,10.0,296.03,164.0,296.06,1.0,296.07,51.0
1753600212235,07:10:12.235,blofin,AAVE/USDT:USDT,296.04,58.0,296.02,843.0,296.06,49.0,296.07,388.0
1753600212654,07:10:12.654,blofin,AAVE/USDT:USDT,296.04,57.0,296.02,843.0,296.06,49.0,296.07,388.0
1753600213655,07:10:13.655,blofin,AAVE/USDT:USDT,296.04,153.0,296.03,412.0,296.07,30.0,296.09,3.0
1753600214233,07:10:14.233,blofin,AAVE/USDT:USDT,296.04,68.0,296.02,572.0,296.06,27.0,296.07,277.0
1753600214657,07:10:14.657,blofin,AAVE/USDT:USDT,296.04,68.0,296.02,572.0,296.06,29.0,296.07,276.0
1753600215233,07:10:15.233,blofin,AAVE/USDT:USDT,296.04,66.0,296.02,572.0,296.06,32.0,296.07,276.0
1753600216234,07:10:16.234,blofin,AAVE/USDT:USDT,296.04,174.0,296.03,4.0,296.06,31.0,296.07,2.0
1753600216658,07:10:16.658,blofin,AAVE/USDT:USDT,296.04,174.0,296.03,4.0,296.06,31.0,296.07,2.0
1753600217658,07:10:17.658,blofin,AAVE/USDT:USDT,296.04,70.0,296.03,1747.0,296.06,4.0,296.07,28.0
1753600218236,07:10:18.236,blofin,AAVE/USDT:USDT,296.04,171.0,296.02,1390.0,296.06,26.0,296.07,5.0
1753600218659,07:10:18.659,blofin,AAVE/USDT:USDT,296.04,171.0,296.02,1390.0,296.06,30.0,296.07,2.0
1753600219238,07:10:19.238,blofin,AAVE/USDT:USDT,296.04,84.0,296.01,967.0,296.06,30.0,296.07,2.0
1753600220238,07:10:20.238,blofin,AAVE/USDT:USDT,296.06,298.0,296.05,42.0,296.07,2.0,296.09,4.0
1753600220663,07:10:20.663,blofin,AAVE/USDT:USDT,296.06,196.0,296.04,21.0,296.07,2.0,296.08,1.0
1753600221241,07:10:21.241,blofin,AAVE/USDT:USDT,296.06,223.0,296.04,21.0,296.07,2.0,296.08,1.0
1753600222239,07:10:22.239,blofin,AAVE/USDT:USDT,296.06,232.0,296.04,546.0,296.07,2.0,296.08,2.0
1753600222917,07:10:22.917,blofin,AAVE/USDT:USDT,296.07,281.0,296.06,5.0,296.09,5.0,296.1,59.0
1753600223241,07:10:23.241,blofin,AAVE/USDT:USDT,296.07,297.0,296.04,774.0,296.09,4.0,296.11,174.0
1753600223667,07:10:23.667,blofin,AAVE/USDT:USDT,296.07,300.0,296.04,774.0,296.09,4.0,296.11,174.0
1753600224665,07:10:24.665,blofin,AAVE/USDT:USDT,296.07,223.0,296.04,1463.0,296.09,3.0,296.11,17.0
1753600225242,07:10:25.242,blofin,AAVE/USDT:USDT,296.08,258.0,296.05,184.0,296.1,3.0,296.12,870.0
1753600225664,07:10:25.664,blofin,AAVE/USDT:USDT,296.08,233.0,296.06,386.0,296.1,83.0,296.12,357.0
1753600226766,07:10:26.766,blofin,AAVE/USDT:USDT,296.08,5.0,296.06,101.0,296.1,83.0,296.12,414.0
1753600227243,07:10:27.243,blofin,AAVE/USDT:USDT,296.06,2.0,296.04,612.0,296.08,178.0,296.1,688.0
1753600227795,07:10:27.795,blofin,AAVE/USDT:USDT,296.01,2.0,296.0,55.0,296.02,306.0,296.03,126.0
1753600228636,07:10:28.636,blofin,AAVE/USDT:USDT,295.98,242.0,295.97,67.0,296.0,16.0,296.02,1068.0
1753600229465,07:10:29.465,blofin,AAVE/USDT:USDT,296.02,37.0,295.98,740.0,296.03,1.0,296.05,13.0
1753600230169,07:10:30.169,blofin,AAVE/USDT:USDT,296.04,37.0,296.03,191.0,296.07,15.0,296.09,1868.0
1753600230735,07:10:30.735,blofin,AAVE/USDT:USDT,296.06,94.0,296.04,14.0,296.07,7.0,296.09,7.0
1753600231245,07:10:31.245,blofin,AAVE/USDT:USDT,296.16,122.0,296.15,1240.0,296.18,91.0,296.19,19.0
1753600231672,07:10:31.672,blofin,AAVE/USDT:USDT,296.16,122.0,296.15,1240.0,296.18,91.0,296.19,19.0
1753600232673,07:10:32.673,blofin,AAVE/USDT:USDT,296.16,32.0,296.14,1394.0,296.18,129.0,296.19,76.0
1753600233245,07:10:33.245,blofin,AAVE/USDT:USDT,296.16,164.0,296.15,1157.0,296.18,93.0,296.19,19.0
1753600233675,07:10:33.675,blofin,AAVE/USDT:USDT,296.16,164.0,296.15,1157.0,296.18,91.0,296.19,21.0
1753600235246,07:10:35.246,blofin,AAVE/USDT:USDT,296.16,73.0,296.15,74.0,296.18,31.0,296.19,20.0
1753600235677,07:10:35.677,blofin,AAVE/USDT:USDT,296.15,89.0,296.11,1227.0,296.18,47.0,296.19,1.0
1753600236678,07:10:36.678,blofin,AAVE/USDT:USDT,296.15,40.0,296.13,1337.0,296.18,61.0,296.19,380.0
1753600237246,07:10:37.246,blofin,AAVE/USDT:USDT,296.14,5.0,296.13,1.0,296.16,246.0,296.18,33.0
1753600237680,07:10:37.680,blofin,AAVE/USDT:USDT,296.13,4.0,296.11,307.0,296.16,246.0,296.18,33.0
1753600238683,07:10:38.683,blofin,AAVE/USDT:USDT,296.14,3.0,296.13,4.0,296.16,238.0,296.18,1564.0
1753600239250,07:10:39.250,blofin,AAVE/USDT:USDT,296.14,6.0,296.13,4.0,296.16,229.0,296.18,1054.0
1753600240186,07:10:40.186,blofin,AAVE/USDT:USDT,296.14,10.0,296.11,627.0,296.16,229.0,296.18,1054.0
1753600240686,07:10:40.686,blofin,AAVE/USDT:USDT,296.14,7.0,296.12,1355.0,296.16,229.0,296.18,1130.0
1753600241255,07:10:41.255,blofin,AAVE/USDT:USDT,296.15,74.0,296.14,4.0,296.16,3.0,296.18,59.0
1753600242188,07:10:42.188,blofin,AAVE/USDT:USDT,296.15,77.0,296.12,672.0,296.16,3.0,296.18,59.0
1753600242689,07:10:42.689,blofin,AAVE/USDT:USDT,296.16,29.0,296.15,1068.0,296.18,31.0,296.19,28.0
1753600243251,07:10:43.251,blofin,AAVE/USDT:USDT,296.16,182.0,296.15,222.0,296.18,31.0,296.19,17.0
1753600244190,07:10:44.190,blofin,AAVE/USDT:USDT,296.16,182.0,296.15,222.0,296.18,31.0,296.19,18.0
1753600244690,07:10:44.690,blofin,AAVE/USDT:USDT,296.16,187.0,296.14,582.0,296.18,47.0,296.19,349.0
1753600245254,07:10:45.254,blofin,AAVE/USDT:USDT,296.16,186.0,296.14,582.0,296.18,50.0,296.19,347.0
1753600246252,07:10:46.252,blofin,AAVE/USDT:USDT,296.14,1.0,296.13,2.0,296.16,194.0,296.17,468.0
1753600246695,07:10:46.695,blofin,AAVE/USDT:USDT,296.14,5.0,296.12,1171.0,296.16,194.0,296.17,468.0
1753600247254,07:10:47.254,blofin,AAVE/USDT:USDT,296.14,2.0,296.12,293.0,296.16,207.0,296.18,730.0
1753600248256,07:10:48.256,blofin,AAVE/USDT:USDT,296.14,2.0,296.13,512.0,296.16,1.0,296.17,207.0
1753600249257,07:10:49.257,blofin,AAVE/USDT:USDT,296.14,15.0,296.12,663.0,296.16,21.0,296.17,663.0
1753600249697,07:10:49.697,blofin,AAVE/USDT:USDT,296.14,15.0,296.12,663.0,296.16,21.0,296.17,663.0
1753600250702,07:10:50.702,blofin,AAVE/USDT:USDT,296.16,27.0,296.15,310.0,296.18,31.0,296.19,16.0
1753600251259,07:10:51.259,blofin,AAVE/USDT:USDT,296.16,28.0,296.14,5.0,296.18,65.0,296.19,2.0
1753600251702,07:10:51.702,blofin,AAVE/USDT:USDT,296.17,29.0,296.14,494.0,296.18,31.0,296.19,30.0
1753600253338,07:10:53.338,blofin,AAVE/USDT:USDT,296.18,35.0,296.17,549.0,296.19,3.0,296.21,235.0
1753600253893,07:10:53.893,blofin,AAVE/USDT:USDT,296.19,56.0,296.17,941.0,296.21,235.0,296.23,272.0
1753600254718,07:10:54.718,blofin,AAVE/USDT:USDT,296.22,358.0,296.19,778.0,296.24,5.0,296.25,212.0
1753600255263,07:10:55.263,blofin,AAVE/USDT:USDT,296.22,363.0,296.19,778.0,296.24,2.0,296.25,133.0
1753600255708,07:10:55.708,blofin,AAVE/USDT:USDT,296.22,147.0,296.19,161.0,296.24,1.0,296.25,133.0
1753600256559,07:10:56.559,blofin,AAVE/USDT:USDT,296.23,203.0,296.22,1.0,296.24,1.0,296.25,133.0
1753600256712,07:10:56.712,blofin,AAVE/USDT:USDT,296.23,206.0,296.2,110.0,296.24,1.0,296.25,133.0
1753600257712,07:10:57.712,blofin,AAVE/USDT:USDT,296.27,383.0,296.25,290.0,296.28,28.0,296.29,3.0
1753600258212,07:10:58.212,blofin,AAVE/USDT:USDT,296.31,282.0,296.3,1346.0,296.34,304.0,296.35,158.0
1753600258930,07:10:58.930,blofin,AAVE/USDT:USDT,296.27,4.0,296.26,38.0,296.3,7.0,296.33,182.0
1753600259715,07:10:59.715,blofin,AAVE/USDT:USDT,296.3,48.0,296.28,788.0,296.32,6.0,296.34,972.0
1753600260715,07:11:00.715,blofin,AAVE/USDT:USDT,296.3,4.0,296.29,34.0,296.32,15.0,296.36,1003.0
1753600261216,07:11:01.216,blofin,AAVE/USDT:USDT,296.3,4.0,296.29,34.0,296.32,11.0,296.36,1003.0
1753600262220,07:11:02.220,blofin,AAVE/USDT:USDT,296.3,21.0,296.29,1.0,296.32,22.0,296.34,24.0
1753600262718,07:11:02.718,blofin,AAVE/USDT:USDT,296.3,36.0,296.29,1.0,296.32,11.0,296.34,1338.0
1753600263218,07:11:03.218,blofin,AAVE/USDT:USDT,296.3,36.0,296.29,1.0,296.32,13.0,296.34,1338.0
1753600263720,07:11:03.720,blofin,AAVE/USDT:USDT,296.3,7.0,296.29,1.0,296.32,171.0,296.33,255.0
1753600264720,07:11:04.720,blofin,AAVE/USDT:USDT,296.3,10.0,296.28,336.0,296.32,177.0,296.34,972.0
1753600265273,07:11:05.273,blofin,AAVE/USDT:USDT,296.3,12.0,296.28,45.0,296.32,41.0,296.34,804.0
1753600265722,07:11:05.722,blofin,AAVE/USDT:USDT,296.3,12.0,296.28,45.0,296.32,41.0,296.34,804.0
1753600266723,07:11:06.723,blofin,AAVE/USDT:USDT,296.3,13.0,296.27,568.0,296.32,144.0,296.34,44.0
1753600267223,07:11:07.223,blofin,AAVE/USDT:USDT,296.3,11.0,296.27,568.0,296.32,144.0,296.34,44.0
1753600267969,07:11:07.969,blofin,AAVE/USDT:USDT,296.31,249.0,296.3,5.0,296.32,6.0,296.33,3.0
1753600268226,07:11:08.226,blofin,AAVE/USDT:USDT,296.31,249.0,296.3,5.0,296.32,1.0,296.33,5.0
1753600269227,07:11:09.227,blofin,AAVE/USDT:USDT,296.31,301.0,296.3,5.0,296.32,1.0,296.33,6.0
1753600269728,07:11:09.728,blofin,AAVE/USDT:USDT,296.3,303.0,296.28,713.0,296.32,1.0,296.33,6.0
1753600270280,07:11:10.280,blofin,AAVE/USDT:USDT,296.31,298.0,296.3,244.0,296.32,1.0,296.33,2.0
1753600270731,07:11:10.731,blofin,AAVE/USDT:USDT,296.31,298.0,296.3,244.0,296.32,1.0,296.34,73.0
1753600271731,07:11:11.731,blofin,AAVE/USDT:USDT,296.31,181.0,296.3,488.0,296.32,1.0,296.34,82.0
1753600272271,07:11:12.271,blofin,AAVE/USDT:USDT,296.35,347.0,296.34,862.0,296.37,138.0,296.38,5.0
1753600272733,07:11:12.733,blofin,AAVE/USDT:USDT,296.35,347.0,296.34,862.0,296.37,138.0,296.38,7.0
1753600273234,07:11:13.234,blofin,AAVE/USDT:USDT,296.35,347.0,296.34,862.0,296.37,138.0,296.38,9.0
1753600273734,07:11:13.734,blofin,AAVE/USDT:USDT,296.35,173.0,296.32,79.0,296.37,143.0,296.38,4.0
1753600274737,07:11:14.737,blofin,AAVE/USDT:USDT,296.35,183.0,296.34,233.0,296.37,144.0,296.38,275.0
1753600275236,07:11:15.236,blofin,AAVE/USDT:USDT,296.35,183.0,296.34,233.0,296.37,145.0,296.38,275.0
1753600275740,07:11:15.740,blofin,AAVE/USDT:USDT,296.35,79.0,296.32,1380.0,296.37,202.0,296.39,481.0
1753600277237,07:11:17.237,blofin,AAVE/USDT:USDT,296.35,196.0,296.32,1276.0,296.37,202.0,296.39,1325.0
1753600277738,07:11:17.738,blofin,AAVE/USDT:USDT,296.35,107.0,296.33,65.0,296.37,207.0,296.39,423.0
1753600278740,07:11:18.740,blofin,AAVE/USDT:USDT,296.35,103.0,296.32,703.0,296.37,209.0,296.39,597.0
1753600279569,07:11:19.569,blofin,AAVE/USDT:USDT,296.36,120.0,296.35,4.0,296.37,142.0,296.38,31.0
1753600280241,07:11:20.241,blofin,AAVE/USDT:USDT,296.37,309.0,296.34,744.0,296.39,124.0,296.41,1259.0
1753600280742,07:11:20.742,blofin,AAVE/USDT:USDT,296.37,367.0,296.35,749.0,296.39,119.0,296.4,7.0
1753600281243,07:11:21.243,blofin,AAVE/USDT:USDT,296.37,367.0,296.35,749.0,296.39,119.0,296.4,9.0
1753600281742,07:11:21.742,blofin,AAVE/USDT:USDT,296.37,347.0,296.34,796.0,296.39,124.0,296.4,4.0
1753600282746,07:11:22.746,blofin,AAVE/USDT:USDT,296.37,237.0,296.34,380.0,296.39,130.0,296.4,4.0
1753600283244,07:11:23.244,blofin,AAVE/USDT:USDT,296.37,237.0,296.34,380.0,296.39,130.0,296.4,4.0
1753600283744,07:11:23.744,blofin,AAVE/USDT:USDT,296.37,96.0,296.35,99.0,296.39,147.0,296.4,4.0
1753600284245,07:11:24.245,blofin,AAVE/USDT:USDT,296.37,94.0,296.35,99.0,296.39,147.0,296.4,4.0
1753600285246,07:11:25.246,blofin,AAVE/USDT:USDT,296.37,18.0,296.35,292.0,296.39,136.0,296.4,361.0
1753600285748,07:11:25.748,blofin,AAVE/USDT:USDT,296.37,51.0,296.35,258.0,296.39,139.0,296.4,571.0
1753600286247,07:11:26.247,blofin,AAVE/USDT:USDT,296.37,52.0,296.35,258.0,296.39,139.0,296.4,571.0
1753600286747,07:11:26.747,blofin,AAVE/USDT:USDT,296.37,6.0,296.36,987.0,296.39,119.0,296.4,155.0
1753600287249,07:11:27.249,blofin,AAVE/USDT:USDT,296.37,6.0,296.36,987.0,296.39,119.0,296.4,155.0
1753600288250,07:11:28.250,blofin,AAVE/USDT:USDT,296.35,29.0,296.32,790.0,296.36,30.0,296.37,637.0
1753600288751,07:11:28.751,blofin,AAVE/USDT:USDT,296.35,52.0,296.32,53.0,296.37,122.0,296.39,769.0
1753600289413,07:11:29.413,blofin,AAVE/USDT:USDT,296.35,30.0,296.34,39.0,296.37,5.0,296.38,7.0
1753600290304,07:11:30.304,blofin,AAVE/USDT:USDT,296.36,53.0,296.34,230.0,296.38,14.0,296.39,1324.0
1753600291756,07:11:31.756,blofin,AAVE/USDT:USDT,296.36,65.0,296.33,582.0,296.38,10.0,296.41,1324.0
1753600292256,07:11:32.256,blofin,AAVE/USDT:USDT,296.36,65.0,296.33,582.0,296.38,10.0,296.41,1324.0
1753600293259,07:11:33.259,blofin,AAVE/USDT:USDT,296.36,56.0,296.34,561.0,296.38,10.0,296.39,62.0
1753600293759,07:11:33.759,blofin,AAVE/USDT:USDT,296.36,38.0,296.35,465.0,296.38,3.0,296.39,6.0
1753600294265,07:11:34.265,blofin,AAVE/USDT:USDT,296.36,38.0,296.35,465.0,296.38,3.0,296.39,6.0
1753600294760,07:11:34.760,blofin,AAVE/USDT:USDT,296.36,38.0,296.34,250.0,296.38,5.0,296.39,382.0
1753600295293,07:11:35.293,blofin,AAVE/USDT:USDT,296.37,50.0,296.36,1.0,296.38,3.0,296.39,8.0
1753600296264,07:11:36.264,blofin,AAVE/USDT:USDT,296.37,174.0,296.36,1.0,296.38,3.0,296.39,4.0
1753600296764,07:11:36.764,blofin,AAVE/USDT:USDT,296.37,42.0,296.36,1.0,296.38,3.0,296.39,105.0
1753600297502,07:11:37.502,blofin,AAVE/USDT:USDT,296.34,29.0,296.32,207.0,296.36,148.0,296.38,3.0
1753600298268,07:11:38.268,blofin,AAVE/USDT:USDT,296.33,31.0,296.32,207.0,296.35,148.0,296.37,802.0
1753600298741,07:11:38.741,blofin,AAVE/USDT:USDT,296.33,2.0,296.32,207.0,296.34,73.0,296.35,621.0
1753600300270,07:11:40.270,blofin,AAVE/USDT:USDT,296.3,11.0,296.29,28.0,296.31,148.0,296.32,407.0
1753600300773,07:11:40.773,blofin,AAVE/USDT:USDT,296.27,134.0,296.25,362.0,296.29,173.0,296.31,624.0
1753600301272,07:11:41.272,blofin,AAVE/USDT:USDT,296.27,136.0,296.25,362.0,296.29,173.0,296.31,624.0
1753600301772,07:11:41.772,blofin,AAVE/USDT:USDT,296.27,186.0,296.25,162.0,296.29,6.0,296.31,199.0
1753600302775,07:11:42.775,blofin,AAVE/USDT:USDT,296.27,108.0,296.26,38.0,296.29,10.0,296.33,45.0
1753600303275,07:11:43.275,blofin,AAVE/USDT:USDT,296.27,108.0,296.26,38.0,296.29,12.0,296.33,45.0
1753600303776,07:11:43.776,blofin,AAVE/USDT:USDT,296.27,163.0,296.25,1041.0,296.29,12.0,296.3,521.0
1753600304277,07:11:44.277,blofin,AAVE/USDT:USDT,296.27,163.0,296.25,1041.0,296.29,13.0,296.3,521.0
1753600305280,07:11:45.280,blofin,AAVE/USDT:USDT,296.27,296.0,296.26,1560.0,296.3,11.0,296.33,1071.0
1753600305781,07:11:45.781,blofin,AAVE/USDT:USDT,296.27,296.0,296.25,1570.0,296.29,4.0,296.31,221.0
1753600306281,07:11:46.281,blofin,AAVE/USDT:USDT,296.27,296.0,296.25,1570.0,296.29,5.0,296.31,221.0
1753600306782,07:11:46.782,blofin,AAVE/USDT:USDT,296.27,290.0,296.25,162.0,296.29,7.0,296.31,450.0
1753600307783,07:11:47.783,blofin,AAVE/USDT:USDT,296.27,290.0,296.25,1864.0,296.29,11.0,296.31,276.0
1753600308285,07:11:48.285,blofin,AAVE/USDT:USDT,296.27,288.0,296.25,1864.0,296.29,11.0,296.31,276.0
1753600308784,07:11:48.784,blofin,AAVE/USDT:USDT,296.27,292.0,296.25,162.0,296.29,11.0,296.31,603.0
1753600309643,07:11:49.643,blofin,AAVE/USDT:USDT,296.3,179.0,296.28,1204.0,296.32,6.0,296.34,412.0
1753600310287,07:11:50.287,blofin,AAVE/USDT:USDT,296.3,180.0,296.28,1204.0,296.32,11.0,296.34,412.0
1753600310787,07:11:50.787,blofin,AAVE/USDT:USDT,296.3,3.0,296.28,26.0,296.31,149.0,296.32,3.0
1753600311290,07:11:51.290,blofin,AAVE/USDT:USDT,296.3,3.0,296.28,26.0,296.31,149.0,296.32,3.0
1753600312288,07:11:52.288,blofin,AAVE/USDT:USDT,296.3,3.0,296.29,26.0,296.31,192.0,296.32,86.0
1753600312789,07:11:52.789,blofin,AAVE/USDT:USDT,296.29,30.0,296.27,107.0,296.31,192.0,296.34,526.0
1753600313291,07:11:53.291,blofin,AAVE/USDT:USDT,296.29,30.0,296.27,107.0,296.31,192.0,296.34,526.0
1753600314292,07:11:54.292,blofin,AAVE/USDT:USDT,296.28,36.0,296.27,107.0,296.31,40.0,296.33,554.0
1753600314792,07:11:54.792,blofin,AAVE/USDT:USDT,296.28,51.0,296.27,107.0,296.31,40.0,296.33,868.0
1753600315795,07:11:55.795,blofin,AAVE/USDT:USDT,296.29,42.0,296.28,723.0,296.31,5.0,296.32,36.0
1753600316796,07:11:56.796,blofin,AAVE/USDT:USDT,296.29,44.0,296.28,51.0,296.31,5.0,296.32,146.0
1753600317297,07:11:57.297,blofin,AAVE/USDT:USDT,296.29,47.0,296.28,51.0,296.31,5.0,296.32,146.0
1753600317798,07:11:57.798,blofin,AAVE/USDT:USDT,296.29,63.0,296.27,964.0,296.31,36.0,296.33,120.0
1753600318298,07:11:58.298,blofin,AAVE/USDT:USDT,296.29,63.0,296.27,964.0,296.31,35.0,296.33,120.0
1753600318799,07:11:58.799,blofin,AAVE/USDT:USDT,296.29,62.0,296.27,614.0,296.31,28.0,296.32,1325.0
1753600319805,07:11:59.805,blofin,AAVE/USDT:USDT,296.29,44.0,296.27,107.0,296.31,28.0,296.34,1578.0
1753600320309,07:12:00.309,blofin,AAVE/USDT:USDT,296.29,44.0,296.27,107.0,296.31,27.0,296.34,1578.0
1753600320802,07:12:00.802,blofin,AAVE/USDT:USDT,296.29,61.0,296.28,1010.0,296.31,2.0,296.32,27.0
1753600321308,07:12:01.308,blofin,AAVE/USDT:USDT,296.29,60.0,296.28,1010.0,296.31,2.0,296.32,27.0
1753600322306,07:12:02.306,blofin,AAVE/USDT:USDT,296.29,51.0,296.28,231.0,296.31,2.0,296.32,30.0
1753600322807,07:12:02.807,blofin,AAVE/USDT:USDT,296.29,7.0,296.28,10.0,296.31,138.0,296.32,3.0
1753600323306,07:12:03.306,blofin,AAVE/USDT:USDT,296.29,5.0,296.28,12.0,296.31,138.0,296.32,3.0
1753600324307,07:12:04.307,blofin,AAVE/USDT:USDT,296.29,5.0,296.28,29.0,296.31,156.0,296.35,218.0
1753600324805,07:12:04.805,blofin,AAVE/USDT:USDT,296.29,31.0,296.28,3.0,296.31,168.0,296.33,319.0
1753600325311,07:12:05.311,blofin,AAVE/USDT:USDT,296.29,32.0,296.26,1372.0,296.31,166.0,296.33,319.0
1753600325812,07:12:05.812,blofin,AAVE/USDT:USDT,296.29,86.0,296.27,1503.0,296.31,158.0,296.32,427.0
1753600326812,07:12:06.812,blofin,AAVE/USDT:USDT,296.29,36.0,296.26,635.0,296.31,160.0,296.33,1650.0
1753600327308,07:12:07.308,blofin,AAVE/USDT:USDT,296.29,149.0,296.27,605.0,296.31,6.0,296.33,25.0
1753600328093,07:12:08.093,blofin,AAVE/USDT:USDT,296.34,247.0,296.31,581.0,296.37,151.0,296.38,673.0
1753600328310,07:12:08.310,blofin,AAVE/USDT:USDT,296.34,128.0,296.33,492.0,296.37,195.0,296.38,20.0
1753600329310,07:12:09.310,blofin,AAVE/USDT:USDT,296.34,1.0,296.33,66.0,296.36,44.0,296.37,154.0
1753600329818,07:12:09.818,blofin,AAVE/USDT:USDT,296.33,67.0,296.29,5.0,296.36,44.0,296.37,154.0
1753600330820,07:12:10.820,blofin,AAVE/USDT:USDT,296.34,57.0,296.31,1333.0,296.36,46.0,296.37,151.0
1753600331310,07:12:11.310,blofin,AAVE/USDT:USDT,296.34,58.0,296.32,1028.0,296.36,130.0,296.37,151.0
1753600331822,07:12:11.822,blofin,AAVE/USDT:USDT,296.34,58.0,296.32,1028.0,296.36,130.0,296.37,151.0
1753600332312,07:12:12.312,blofin,AAVE/USDT:USDT,296.34,5.0,296.33,66.0,296.36,10.0,296.37,151.0
1753600333315,07:12:13.315,blofin,AAVE/USDT:USDT,296.36,119.0,296.34,165.0,296.37,151.0,296.38,53.0
1753600333826,07:12:13.826,blofin,AAVE/USDT:USDT,296.34,123.0,296.33,533.0,296.37,204.0,296.39,408.0
1753600334317,07:12:14.317,blofin,AAVE/USDT:USDT,296.34,57.0,296.33,759.0,296.37,169.0,296.39,925.0
1753600334828,07:12:14.828,blofin,AAVE/USDT:USDT,296.34,58.0,296.33,759.0,296.37,171.0,296.39,925.0
1753600335830,07:12:15.830,blofin,AAVE/USDT:USDT,296.33,27.0,296.29,5.0,296.36,157.0,296.37,155.0
1753600336313,07:12:16.313,blofin,AAVE/USDT:USDT,296.29,32.0,296.27,912.0,296.31,112.0,296.32,746.0
1753600336831,07:12:16.831,blofin,AAVE/USDT:USDT,296.29,32.0,296.27,912.0,296.31,112.0,296.32,746.0
1753600337832,07:12:17.832,blofin,AAVE/USDT:USDT,296.29,44.0,296.27,1257.0,296.31,6.0,296.32,66.0
1753600338315,07:12:18.315,blofin,AAVE/USDT:USDT,296.29,7.0,296.26,1405.0,296.31,150.0,296.34,828.0
1753600339317,07:12:19.317,blofin,AAVE/USDT:USDT,296.29,9.0,296.27,179.0,296.31,114.0,296.32,466.0
1753600339835,07:12:19.835,blofin,AAVE/USDT:USDT,296.29,8.0,296.27,179.0,296.31,116.0,296.32,466.0
1753600340319,07:12:20.319,blofin,AAVE/USDT:USDT,296.29,7.0,296.27,179.0,296.31,113.0,296.32,466.0
1753600341320,07:12:21.320,blofin,AAVE/USDT:USDT,296.29,40.0,296.28,1511.0,296.31,5.0,296.32,102.0
1753600341838,07:12:21.838,blofin,AAVE/USDT:USDT,296.29,43.0,296.28,1511.0,296.32,103.0,296.34,1622.0
1753600342318,07:12:22.318,blofin,AAVE/USDT:USDT,296.29,10.0,296.26,126.0,296.31,148.0,296.32,1.0
1753600343320,07:12:23.320,blofin,AAVE/USDT:USDT,296.21,25.0,296.2,1232.0,296.24,163.0,296.25,640.0
1753600343838,07:12:23.838,blofin,AAVE/USDT:USDT,296.21,26.0,296.2,1232.0,296.24,165.0,296.25,640.0
1753600344321,07:12:24.321,blofin,AAVE/USDT:USDT,296.21,46.0,296.2,591.0,296.24,146.0,296.28,408.0
1753600345320,07:12:25.320,blofin,AAVE/USDT:USDT,296.21,48.0,296.2,591.0,296.24,148.0,296.28,408.0
1753600345841,07:12:25.841,blofin,AAVE/USDT:USDT,296.21,88.0,296.19,32.0,296.23,7.0,296.26,504.0
1753600346842,07:12:26.842,blofin,AAVE/USDT:USDT,296.26,20.0,296.24,553.0,296.28,6.0,296.29,968.0
1753600347321,07:12:27.321,blofin,AAVE/USDT:USDT,296.26,3.0,296.25,58.0,296.28,7.0,296.3,79.0
1753600347844,07:12:27.844,blofin,AAVE/USDT:USDT,296.25,40.0,296.24,716.0,296.28,16.0,296.3,79.0
1753600348846,07:12:28.846,blofin,AAVE/USDT:USDT,296.25,41.0,296.23,1038.0,296.27,34.0,296.28,840.0
1753600349322,07:12:29.322,blofin,AAVE/USDT:USDT,296.25,196.0,296.21,13.0,296.27,5.0,296.28,4.0
1753600350337,07:12:30.337,blofin,AAVE/USDT:USDT,296.25,195.0,296.2,824.0,296.28,13.0,296.3,79.0
1753600350851,07:12:30.851,blofin,AAVE/USDT:USDT,296.26,46.0,296.25,1.0,296.28,17.0,296.3,655.0
1753600351511,07:12:31.511,blofin,AAVE/USDT:USDT,296.28,77.0,296.26,590.0,296.3,5.0,296.32,151.0
1753600352325,07:12:32.325,blofin,AAVE/USDT:USDT,296.28,193.0,296.26,1001.0,296.3,23.0,296.32,1306.0
1753600352852,07:12:32.852,blofin,AAVE/USDT:USDT,296.3,21.0,296.28,1494.0,296.32,15.0,296.34,172.0
1753600353327,07:12:33.327,blofin,AAVE/USDT:USDT,296.3,107.0,296.29,1127.0,296.32,15.0,296.34,125.0
1753600354327,07:12:34.327,blofin,AAVE/USDT:USDT,296.3,85.0,296.28,752.0,296.32,26.0,296.33,1029.0
1753600354854,07:12:34.854,blofin,AAVE/USDT:USDT,296.3,84.0,296.28,752.0,296.32,26.0,296.33,1029.0
1753600355856,07:12:35.856,blofin,AAVE/USDT:USDT,296.3,200.0,296.28,751.0,296.32,19.0,296.33,1638.0
1753600356331,07:12:36.331,blofin,AAVE/USDT:USDT,296.3,200.0,296.29,1016.0,296.32,3.0,296.33,16.0
1753600356857,07:12:36.857,blofin,AAVE/USDT:USDT,296.3,200.0,296.29,1016.0,296.33,21.0,296.34,125.0
1753600357857,07:12:37.857,blofin,AAVE/USDT:USDT,296.29,204.0,296.27,1145.0,296.32,16.0,296.33,5.0
1753600358332,07:12:38.332,blofin,AAVE/USDT:USDT,296.29,204.0,296.28,665.0,296.32,16.0,296.33,5.0
1753600359331,07:12:39.331,blofin,AAVE/USDT:USDT,296.3,193.0,296.29,5.0,296.32,16.0,296.33,5.0
1753600359859,07:12:39.859,blofin,AAVE/USDT:USDT,296.3,193.0,296.29,5.0,296.32,18.0,296.34,1117.0
1753600360333,07:12:40.333,blofin,AAVE/USDT:USDT,296.3,194.0,296.27,1058.0,296.32,21.0,296.34,1117.0
1753600361333,07:12:41.333,blofin,AAVE/USDT:USDT,296.3,205.0,296.28,1188.0,296.32,17.0,296.34,270.0
1753600361872,07:12:41.872,blofin,AAVE/USDT:USDT,296.3,205.0,296.28,1188.0,296.32,17.0,296.34,270.0
1753600362340,07:12:42.340,blofin,AAVE/USDT:USDT,296.3,206.0,296.28,854.0,296.32,17.0,296.33,154.0
1753600363338,07:12:43.338,blofin,AAVE/USDT:USDT,296.3,1.0,296.29,209.0,296.32,17.0,296.34,125.0
1753600363864,07:12:43.864,blofin,AAVE/USDT:USDT,296.29,213.0,296.25,1392.0,296.32,20.0,296.34,125.0
1753600364340,07:12:44.340,blofin,AAVE/USDT:USDT,296.3,194.0,296.29,4.0,296.32,20.0,296.34,125.0
1753600365337,07:12:45.337,blofin,AAVE/USDT:USDT,296.3,199.0,296.27,69.0,296.32,17.0,296.34,125.0
1753600365866,07:12:45.866,blofin,AAVE/USDT:USDT,296.3,207.0,296.27,460.0,296.32,19.0,296.34,703.0
1753600366337,07:12:46.337,blofin,AAVE/USDT:USDT,296.3,69.0,296.27,1437.0,296.32,19.0,296.34,454.0
1753600366867,07:12:46.867,blofin,AAVE/USDT:USDT,296.3,70.0,296.27,1437.0,296.32,19.0,296.34,454.0
1753600367869,07:12:47.869,blofin,AAVE/USDT:USDT,296.3,179.0,296.28,1603.0,296.34,1902.6,296.35,755.0
1753600368339,07:12:48.339,blofin,AAVE/USDT:USDT,296.3,213.0,296.28,1077.0,296.32,15.0,296.34,82.0
1753600368873,07:12:48.873,blofin,AAVE/USDT:USDT,296.3,210.0,296.28,1077.0,296.32,15.0,296.34,82.0
1753600369338,07:12:49.338,blofin,AAVE/USDT:USDT,296.3,194.0,296.29,843.0,296.33,15.0,296.38,1445.0
1753600370340,07:12:50.340,blofin,AAVE/USDT:USDT,296.3,196.0,296.29,843.0,296.33,20.0,296.38,1445.0
1753600370876,07:12:50.876,blofin,AAVE/USDT:USDT,296.3,206.0,296.28,904.0,296.32,19.0,296.34,1636.0
1753600371344,07:12:51.344,blofin,AAVE/USDT:USDT,296.3,3.0,296.29,197.0,296.32,19.0,296.33,1264.0
1753600372342,07:12:52.342,blofin,AAVE/USDT:USDT,296.3,189.0,296.29,594.0,296.32,2.0,296.33,15.0
1753600372879,07:12:52.879,blofin,AAVE/USDT:USDT,296.3,190.0,296.29,594.0,296.32,2.0,296.33,15.0
1753600373334,07:12:53.334,blofin,AAVE/USDT:USDT,296.35,331.0,296.33,1415.0,296.37,1.0,296.38,852.0
1753600373883,07:12:53.883,blofin,AAVE/USDT:USDT,296.36,16.0,296.34,986.0,296.38,2.0,296.39,1424.0
1753600374341,07:12:54.341,blofin,AAVE/USDT:USDT,296.36,57.0,296.34,1025.0,296.38,1.0,296.39,34.0
1753600375341,07:12:55.341,blofin,AAVE/USDT:USDT,296.36,59.0,296.34,1025.0,296.39,37.0,296.44,2278.0
1753600375965,07:12:55.965,blofin,AAVE/USDT:USDT,296.28,37.0,296.27,953.0,296.36,204.0,296.37,1125.0
1753600376342,07:12:56.342,blofin,AAVE/USDT:USDT,296.33,33.0,296.31,216.0,296.35,43.0,296.37,766.0
1753600376886,07:12:56.886,blofin,AAVE/USDT:USDT,296.33,34.0,296.31,216.0,296.35,46.0,296.37,766.0
1753600377764,07:12:57.764,blofin,AAVE/USDT:USDT,296.34,27.0,296.33,178.0,296.35,3.0,296.37,63.0
1753600378344,07:12:58.344,blofin,AAVE/USDT:USDT,296.34,21.0,296.33,5.0,296.36,37.0,296.37,1102.0
1753600378892,07:12:58.892,blofin,AAVE/USDT:USDT,296.34,31.0,296.31,328.0,296.37,2.0,296.39,41.0
1753600379343,07:12:59.343,blofin,AAVE/USDT:USDT,296.35,39.0,296.34,5.0,296.37,13.0,296.39,902.0
1753600379891,07:12:59.891,blofin,AAVE/USDT:USDT,296.35,42.0,296.32,209.0,296.37,13.0,296.39,902.0
1753600380357,07:13:00.357,blofin,AAVE/USDT:USDT,296.35,37.0,296.33,973.0,296.37,20.0,296.38,1235.0
1753600381344,07:13:01.344,blofin,AAVE/USDT:USDT,296.35,41.0,296.33,445.0,296.37,25.0,296.38,297.0
1753600381893,07:13:01.893,blofin,AAVE/USDT:USDT,296.35,41.0,296.33,445.0,296.37,24.0,296.38,297.0
1753600382345,07:13:02.345,blofin,AAVE/USDT:USDT,296.35,7.0,296.33,822.0,296.37,5.0,296.38,164.0
1753600383345,07:13:03.345,blofin,AAVE/USDT:USDT,296.35,6.0,296.34,25.0,296.37,35.0,296.38,5.0
1753600383897,07:13:03.897,blofin,AAVE/USDT:USDT,296.35,6.0,296.34,25.0,296.37,36.0,296.4,72.0
1753600384398,07:13:04.398,blofin,AAVE/USDT:USDT,296.35,11.0,296.32,331.0,296.37,53.0,296.39,325.0
1753600384899,07:13:04.899,blofin,AAVE/USDT:USDT,296.35,11.0,296.32,331.0,296.37,53.0,296.39,325.0
1753600385349,07:13:05.349,blofin,AAVE/USDT:USDT,296.35,9.0,296.32,331.0,296.37,53.0,296.39,325.0
1753600386350,07:13:06.350,blofin,AAVE/USDT:USDT,296.35,42.0,296.32,67.0,296.37,29.0,296.39,680.0
1753600386901,07:13:06.901,blofin,AAVE/USDT:USDT,296.35,41.0,296.32,67.0,296.37,29.0,296.39,680.0
1753600387902,07:13:07.902,blofin,AAVE/USDT:USDT,296.35,53.0,296.32,771.0,296.37,36.0,296.39,1730.0
1753600388403,07:13:08.403,blofin,AAVE/USDT:USDT,296.35,31.0,296.34,736.0,296.37,5.0,296.38,181.0
1753600389405,07:13:09.405,blofin,AAVE/USDT:USDT,296.35,52.0,296.33,219.0,296.37,25.0,296.39,1287.0
1753600389906,07:13:09.906,blofin,AAVE/USDT:USDT,296.35,52.0,296.33,219.0,296.37,29.0,296.39,1287.0
1753600390689,07:13:10.689,blofin,AAVE/USDT:USDT,296.35,6.0,296.34,26.0,296.36,19.0,296.37,2660.0
1753600391353,07:13:11.353,blofin,AAVE/USDT:USDT,296.35,5.0,296.34,26.0,296.36,39.0,296.37,6.0
1753600391407,07:13:11.407,blofin,AAVE/USDT:USDT,296.35,5.0,296.34,29.0,296.36,39.0,296.37,6.0
1753600392409,07:13:12.409,blofin,AAVE/USDT:USDT,296.35,5.0,296.34,80.0,296.36,9.0,296.37,4.0
1753600392910,07:13:12.910,blofin,AAVE/USDT:USDT,296.35,5.0,296.34,77.0,296.36,9.0,296.37,4.0
1753600393410,07:13:13.410,blofin,AAVE/USDT:USDT,296.35,5.0,296.34,203.0,296.36,9.0,296.37,768.0
1753600394412,07:13:14.412,blofin,AAVE/USDT:USDT,296.35,5.0,296.34,203.0,296.36,9.0,296.37,965.0
1753600394914,07:13:14.914,blofin,AAVE/USDT:USDT,296.35,5.0,296.34,203.0,296.36,13.0,296.37,965.0
1753600395414,07:13:15.414,blofin,AAVE/USDT:USDT,296.35,5.0,296.34,209.0,296.36,12.0,296.37,4.0
1753600396360,07:13:16.360,blofin,AAVE/USDT:USDT,296.35,5.0,296.34,201.0,296.36,12.0,296.37,4.0
1753600396916,07:13:16.916,blofin,AAVE/USDT:USDT,296.35,5.0,296.34,201.0,296.36,12.0,296.37,4.0
1753600397417,07:13:17.417,blofin,AAVE/USDT:USDT,296.35,5.0,296.34,2.0,296.36,10.0,296.37,4.0
1753600398361,07:13:18.361,blofin,AAVE/USDT:USDT,296.35,5.0,296.34,239.0,296.36,11.0,296.37,150.0
1753600398420,07:13:18.420,blofin,AAVE/USDT:USDT,296.35,5.0,296.34,240.0,296.36,11.0,296.37,150.0
1753600399421,07:13:19.421,blofin,AAVE/USDT:USDT,296.35,119.0,296.32,1094.0,296.36,3.0,296.37,12.0
1753600399921,07:13:19.921,blofin,AAVE/USDT:USDT,296.35,119.0,296.32,1094.0,296.37,15.0,296.39,860.0
1753600400423,07:13:20.423,blofin,AAVE/USDT:USDT,296.35,56.0,296.33,1206.0,296.37,13.0,296.39,695.0
1753600401423,07:13:21.423,blofin,AAVE/USDT:USDT,296.35,55.0,296.33,548.0,296.37,16.0,296.39,827.0
1753600401925,07:13:21.925,blofin,AAVE/USDT:USDT,296.35,59.0,296.33,548.0,296.37,16.0,296.39,827.0
1753600402424,07:13:22.424,blofin,AAVE/USDT:USDT,296.35,19.0,296.32,392.0,296.37,190.0,296.39,113.0
1753600403365,07:13:23.365,blofin,AAVE/USDT:USDT,296.35,49.0,296.33,590.0,296.37,16.0,296.39,489.0
1753600403927,07:13:23.927,blofin,AAVE/USDT:USDT,296.35,49.0,296.33,590.0,296.37,15.0,296.39,489.0
1753600404429,07:13:24.429,blofin,AAVE/USDT:USDT,296.35,203.0,296.33,203.0,296.37,8.0,296.38,253.0
1753600404928,07:13:24.928,blofin,AAVE/USDT:USDT,296.35,203.0,296.33,203.0,296.37,8.0,296.38,253.0
1753600405429,07:13:25.429,blofin,AAVE/USDT:USDT,296.35,76.0,296.32,813.0,296.37,9.0,296.39,174.0
1753600406430,07:13:26.430,blofin,AAVE/USDT:USDT,296.35,201.0,296.32,11.0,296.37,9.0,296.39,979.0
1753600406931,07:13:26.931,blofin,AAVE/USDT:USDT,296.35,200.0,296.32,11.0,296.37,9.0,296.39,979.0
1753600407433,07:13:27.433,blofin,AAVE/USDT:USDT,296.35,202.0,296.33,209.0,296.37,13.0,296.38,978.0
1753600407932,07:13:27.932,blofin,AAVE/USDT:USDT,296.35,202.0,296.33,209.0,296.37,13.0,296.38,978.0
1753600408433,07:13:28.433,blofin,AAVE/USDT:USDT,296.35,202.0,296.33,550.0,296.37,13.0,296.38,700.0
1753600409435,07:13:29.435,blofin,AAVE/USDT:USDT,296.35,198.0,296.33,301.0,296.37,23.0,296.38,659.0
1753600409937,07:13:29.937,blofin,AAVE/USDT:USDT,296.35,202.0,296.33,301.0,296.37,23.0,296.38,659.0
1753600410438,07:13:30.438,blofin,AAVE/USDT:USDT,296.35,195.0,296.33,1007.0,296.37,27.0,296.38,951.0
1753600411437,07:13:31.437,blofin,AAVE/USDT:USDT,296.35,2.0,296.34,66.0,296.37,28.0,296.39,479.0
1753600411938,07:13:31.938,blofin,AAVE/USDT:USDT,296.35,1.0,296.34,71.0,296.37,28.0,296.39,479.0
1753600412437,07:13:32.437,blofin,AAVE/USDT:USDT,296.35,175.0,296.34,119.0,296.37,5.0,296.38,23.0
1753600412938,07:13:32.938,blofin,AAVE/USDT:USDT,296.35,175.0,296.34,119.0,296.37,5.0,296.38,23.0
1753600413440,07:13:33.440,blofin,AAVE/USDT:USDT,296.35,99.0,296.33,116.0,296.37,16.0,296.38,382.0
1753600413942,07:13:33.942,blofin,AAVE/USDT:USDT,296.35,99.0,296.33,116.0,296.37,16.0,296.38,382.0
1753600414440,07:13:34.440,blofin,AAVE/USDT:USDT,296.35,216.0,296.33,141.0,296.37,16.0,296.38,5.0
1753600415441,07:13:35.441,blofin,AAVE/USDT:USDT,296.35,1.0,296.34,217.0,296.37,17.0,296.4,25.0
1753600415944,07:13:35.944,blofin,AAVE/USDT:USDT,296.35,1.0,296.34,217.0,296.37,17.0,296.41,707.0
1753600416944,07:13:36.944,blofin,AAVE/USDT:USDT,296.35,215.0,296.32,420.0,296.37,16.0,296.39,809.0
1753600417445,07:13:37.445,blofin,AAVE/USDT:USDT,296.35,209.0,296.32,1073.0,296.37,18.0,296.39,1027.0
1753600418447,07:13:38.447,blofin,AAVE/USDT:USDT,296.35,236.0,296.32,1213.0,296.37,18.0,296.4,560.0
1753600419448,07:13:39.448,blofin,AAVE/USDT:USDT,296.35,1.0,296.34,222.0,296.37,15.0,296.39,314.0
1753600420455,07:13:40.455,blofin,AAVE/USDT:USDT,296.35,263.0,296.34,4.0,296.37,15.0,296.39,114.0
1753600420952,07:13:40.952,blofin,AAVE/USDT:USDT,296.35,263.0,296.34,4.0,296.37,15.0,296.39,114.0
1753600421454,07:13:41.454,blofin,AAVE/USDT:USDT,296.35,273.0,296.34,4.0,296.37,17.0,296.39,27.0
1753600422456,07:13:42.456,blofin,AAVE/USDT:USDT,296.37,276.0,296.35,579.0,296.39,4.0,296.41,14.0
1753600423380,07:13:43.380,blofin,AAVE/USDT:USDT,296.39,270.0,296.37,1676.0,296.41,1.0,296.43,1047.0
1753600423957,07:13:43.957,blofin,AAVE/USDT:USDT,296.39,272.0,296.37,1675.0,296.41,1.0,296.43,1047.0
1753600424457,07:13:44.457,blofin,AAVE/USDT:USDT,296.39,126.0,296.36,292.0,296.41,8.0,296.44,156.0
1753600425459,07:13:45.459,blofin,AAVE/USDT:USDT,296.39,279.0,296.36,259.0,296.41,5.0,296.43,994.0
1753600427461,07:13:47.461,blofin,AAVE/USDT:USDT,296.39,188.0,296.37,1491.0,296.41,5.0,296.42,749.0
1753600428389,07:13:48.389,blofin,AAVE/USDT:USDT,296.39,56.0,296.36,520.0,296.41,15.0,296.43,306.0
1753600428963,07:13:48.963,blofin,AAVE/USDT:USDT,296.39,56.0,296.36,520.0,296.41,15.0,296.43,306.0
1753600429462,07:13:49.462,blofin,AAVE/USDT:USDT,296.39,112.0,296.38,1637.0,296.41,3.0,296.42,35.0
1753600430463,07:13:50.463,blofin,AAVE/USDT:USDT,296.38,236.0,296.36,91.0,296.41,4.0,296.42,3.0
1753600430965,07:13:50.965,blofin,AAVE/USDT:USDT,296.38,234.0,296.36,91.0,296.41,4.0,296.42,3.0
1753600431466,07:13:51.466,blofin,AAVE/USDT:USDT,296.39,250.0,296.38,3.0,296.41,4.0,296.42,3.0
1753600432468,07:13:52.468,blofin,AAVE/USDT:USDT,296.39,127.0,296.36,681.0,296.41,16.0,296.43,617.0
1753600432969,07:13:52.969,blofin,AAVE/USDT:USDT,296.39,124.0,296.36,681.0,296.41,16.0,296.43,617.0
1753600433469,07:13:53.469,blofin,AAVE/USDT:USDT,296.39,2.0,296.38,248.0,296.41,7.0,296.43,184.0
1753600434472,07:13:54.472,blofin,AAVE/USDT:USDT,296.39,139.0,296.36,1099.0,296.41,6.0,296.43,62.0
1753600434972,07:13:54.972,blofin,AAVE/USDT:USDT,296.39,139.0,296.36,1099.0,296.41,6.0,296.43,62.0
1753600435472,07:13:55.472,blofin,AAVE/USDT:USDT,296.39,254.0,296.37,1491.0,296.41,8.0,296.42,131.0
1753600436479,07:13:56.479,blofin,AAVE/USDT:USDT,296.39,254.0,296.36,1680.0,296.41,5.0,296.44,781.0
1753600436974,07:13:56.974,blofin,AAVE/USDT:USDT,296.39,254.0,296.36,1680.0,296.41,8.0,296.44,781.0
1753600437476,07:13:57.476,blofin,AAVE/USDT:USDT,296.39,2.0,296.38,257.0,296.41,6.0,296.42,896.0
1753600438478,07:13:58.478,blofin,AAVE/USDT:USDT,296.39,259.0,296.36,822.0,296.41,6.0,296.43,948.0
1753600439978,07:13:59.978,blofin,AAVE/USDT:USDT,296.39,150.0,296.37,1221.0,296.41,6.0,296.43,1096.0
1753600440647,07:14:00.647,blofin,AAVE/USDT:USDT,296.4,230.0,296.39,4.0,296.41,7.0,296.42,4.0
1753600441390,07:14:01.390,blofin,AAVE/USDT:USDT,296.43,156.0,296.41,533.0,296.45,2.0,296.46,384.0
1753600441982,07:14:01.982,blofin,AAVE/USDT:USDT,296.43,156.0,296.41,533.0,296.45,4.0,296.46,384.0
1753600442484,07:14:02.484,blofin,AAVE/USDT:USDT,296.43,44.0,296.42,109.0,296.46,202.0,296.47,328.0
1753600443394,07:14:03.394,blofin,AAVE/USDT:USDT,296.43,49.0,296.41,1213.0,296.45,18.0,296.46,719.0
1753600443986,07:14:03.986,blofin,AAVE/USDT:USDT,296.43,51.0,296.41,1213.0,296.45,18.0,296.46,719.0
1753600444486,07:14:04.486,blofin,AAVE/USDT:USDT,296.43,51.0,296.42,239.0,296.46,214.0,296.47,1497.0
1753600445489,07:14:05.489,blofin,AAVE/USDT:USDT,296.43,51.0,296.4,353.0,296.45,20.0,296.46,191.0
1753600445988,07:14:05.988,blofin,AAVE/USDT:USDT,296.43,51.0,296.4,353.0,296.45,18.0,296.46,191.0
1753600446489,07:14:06.489,blofin,AAVE/USDT:USDT,296.43,117.0,296.4,1341.0,296.45,20.0,296.46,191.0
1753600447491,07:14:07.491,blofin,AAVE/USDT:USDT,296.43,119.0,296.42,358.0,296.45,47.0,296.46,1234.0
1753600448286,07:14:08.286,blofin,AAVE/USDT:USDT,296.43,5.0,296.41,120.0,296.45,41.0,296.46,191.0
1753600448991,07:14:08.991,blofin,AAVE/USDT:USDT,296.4,120.0,296.39,1.0,296.43,174.0,296.44,273.0
1753600449493,07:14:09.493,blofin,AAVE/USDT:USDT,296.4,22.0,296.39,1.0,296.42,23.0,296.43,3.0
1753600449991,07:14:09.991,blofin,AAVE/USDT:USDT,296.4,22.0,296.39,1.0,296.42,28.0,296.44,149.0
1753600450994,07:14:10.994,blofin,AAVE/USDT:USDT,296.4,25.0,296.39,376.0,296.43,15.0,296.45,38.0
1753600451501,07:14:11.501,blofin,AAVE/USDT:USDT,296.4,25.0,296.39,1.0,296.42,156.0,296.46,191.0
1753600451995,07:14:11.995,blofin,AAVE/USDT:USDT,296.4,25.0,296.39,1.0,296.42,156.0,296.46,191.0
1753600452999,07:14:12.999,blofin,AAVE/USDT:USDT,296.4,5.0,296.39,1.0,296.42,161.0,296.43,66.0
1753600453402,07:14:13.402,blofin,AAVE/USDT:USDT,296.4,5.0,296.39,1.0,296.42,161.0,296.44,974.0
1753600454000,07:14:14.000,blofin,AAVE/USDT:USDT,296.39,5.0,296.37,305.0,296.41,157.0,296.42,2088.0
1753600454511,07:14:14.511,blofin,AAVE/USDT:USDT,296.39,22.0,296.37,1030.0,296.41,172.0,296.42,4.0
1753600455503,07:14:15.503,blofin,AAVE/USDT:USDT,296.39,4.0,296.38,20.0,296.41,153.0,296.42,129.0
1753600456003,07:14:16.003,blofin,AAVE/USDT:USDT,296.42,20.0,296.4,471.0,296.45,152.0,296.46,191.0
1753600457004,07:14:17.004,blofin,AAVE/USDT:USDT,296.41,20.0,296.39,4.0,296.44,158.0,296.46,191.0
1753600457505,07:14:17.505,blofin,AAVE/USDT:USDT,296.41,20.0,296.4,987.0,296.44,20.0,296.46,191.0
1753600458005,07:14:18.005,blofin,AAVE/USDT:USDT,296.41,22.0,296.4,987.0,296.44,20.0,296.46,191.0
1753600458506,07:14:18.506,blofin,AAVE/USDT:USDT,296.42,23.0,296.41,2.0,296.44,19.0,296.45,637.0
1753600459507,07:14:19.507,blofin,AAVE/USDT:USDT,296.42,2.0,296.41,2.0,296.44,148.0,296.46,1478.0
1753600460508,07:14:20.508,blofin,AAVE/USDT:USDT,296.42,5.0,296.4,699.0,296.44,168.0,296.45,279.0
1753600461508,07:14:21.508,blofin,AAVE/USDT:USDT,296.42,6.0,296.41,137.0,296.45,147.0,296.46,191.0
1753600462009,07:14:22.009,blofin,AAVE/USDT:USDT,296.42,7.0,296.41,137.0,296.45,147.0,296.46,191.0
1753600462511,07:14:22.511,blofin,AAVE/USDT:USDT,296.43,69.0,296.4,620.0,296.45,147.0,296.46,191.0
1753600463408,07:14:23.408,blofin,AAVE/USDT:USDT,296.43,364.0,296.42,99.0,296.45,1.0,296.46,193.0
1753600464012,07:14:24.012,blofin,AAVE/USDT:USDT,296.43,364.0,296.42,99.0,296.46,197.0,296.47,271.0
1753600464517,07:14:24.517,blofin,AAVE/USDT:USDT,296.43,377.0,296.41,805.0,296.45,2.0,296.46,195.0
1753600465410,07:14:25.410,blofin,AAVE/USDT:USDT,296.43,378.0,296.41,805.0,296.45,6.0,296.46,191.0
1753600466016,07:14:26.016,blofin,AAVE/USDT:USDT,296.43,379.0,296.42,111.0,296.45,4.0,296.46,192.0
1753600466514,07:14:26.514,blofin,AAVE/USDT:USDT,296.43,139.0,296.42,592.0,296.46,228.0,296.47,271.0
1753600467017,07:14:27.017,blofin,AAVE/USDT:USDT,296.43,139.0,296.42,592.0,296.46,228.0,296.47,271.0
1753600467515,07:14:27.515,blofin,AAVE/USDT:USDT,296.43,6.0,296.41,301.0,296.45,8.0,296.46,196.0
1753600468016,07:14:28.016,blofin,AAVE/USDT:USDT,296.43,5.0,296.41,301.0,296.45,8.0,296.46,196.0
1753600468517,07:14:28.517,blofin,AAVE/USDT:USDT,296.42,5.0,296.39,11.0,296.45,167.0,296.46,196.0
1753600469518,07:14:29.518,blofin,AAVE/USDT:USDT,296.43,9.0,296.41,983.0,296.45,117.0,296.46,1486.0
1753600470652,07:14:30.652,blofin,AAVE/USDT:USDT,296.4,9.0,296.39,698.0,296.43,153.0,296.44,501.0
1753600471522,07:14:31.522,blofin,AAVE/USDT:USDT,296.4,12.0,296.38,323.0,296.42,163.0,296.44,1560.0
1753600472025,07:14:32.025,blofin,AAVE/USDT:USDT,296.4,11.0,296.38,323.0,296.42,163.0,296.44,1560.0
1753600472522,07:14:32.522,blofin,AAVE/USDT:USDT,296.4,10.0,296.38,1307.0,296.42,163.0,296.43,1000.0
1753600473526,07:14:33.526,blofin,AAVE/USDT:USDT,296.4,10.0,296.38,32.0,296.42,169.0,296.44,1017.0
1753600474025,07:14:34.025,blofin,AAVE/USDT:USDT,296.4,10.0,296.37,607.0,296.42,169.0,296.44,1017.0
1753600475026,07:14:35.026,blofin,AAVE/USDT:USDT,296.4,8.0,296.38,292.0,296.42,168.0,296.44,1670.0
1753600475527,07:14:35.527,blofin,AAVE/USDT:USDT,296.4,9.0,296.38,1297.0,296.42,165.0,296.43,1718.0
1753600476539,07:14:36.539,blofin,AAVE/USDT:USDT,296.4,11.0,296.39,831.0,296.42,2.0,296.43,163.0
1753600477028,07:14:37.028,blofin,AAVE/USDT:USDT,296.4,11.0,296.39,831.0,296.43,164.0,296.45,1.0
1753600477531,07:14:37.531,blofin,AAVE/USDT:USDT,296.4,3.0,296.38,175.0,296.42,171.0,296.43,1.0
1753600478531,07:14:38.531,blofin,AAVE/USDT:USDT,296.4,103.0,296.38,517.0,296.42,183.0,296.44,1693.0
1753600479034,07:14:39.034,blofin,AAVE/USDT:USDT,296.4,103.0,296.38,517.0,296.42,183.0,296.44,1693.0
1753600479534,07:14:39.534,blofin,AAVE/USDT:USDT,296.4,102.0,296.39,1157.0,296.42,180.0,296.45,1.0
1753600480515,07:14:40.515,blofin,AAVE/USDT:USDT,296.4,107.0,296.37,1543.0,296.42,125.0,296.44,2132.0
1753600481048,07:14:41.048,blofin,AAVE/USDT:USDT,296.4,105.0,296.37,1543.0,296.42,129.0,296.44,2132.0
1753600481537,07:14:41.537,blofin,AAVE/USDT:USDT,296.38,102.0,296.37,75.0,296.39,205.0,296.42,892.0
1753600482540,07:14:42.540,blofin,AAVE/USDT:USDT,296.38,102.0,296.37,75.0,296.39,250.0,296.43,59.0
1753600483357,07:14:43.357,blofin,AAVE/USDT:USDT,296.31,121.0,296.3,22.0,296.34,166.0,296.35,1079.0
1753600484545,07:14:44.545,blofin,AAVE/USDT:USDT,296.27,28.0,296.25,53.0,296.29,54.0,296.32,1081.0
1753600485545,07:14:45.545,blofin,AAVE/USDT:USDT,296.27,31.0,296.25,181.0,296.29,36.0,296.31,348.0
1753600486424,07:14:46.424,blofin,AAVE/USDT:USDT,296.27,31.0,296.24,178.0,296.29,217.0,296.3,130.0
1753600487049,07:14:47.049,blofin,AAVE/USDT:USDT,296.27,26.0,296.26,4.0,296.29,216.0,296.3,130.0
1753600487548,07:14:47.548,blofin,AAVE/USDT:USDT,296.27,26.0,296.26,4.0,296.29,182.0,296.3,413.0
1753600488549,07:14:48.549,blofin,AAVE/USDT:USDT,296.27,16.0,296.26,4.0,296.29,142.0,296.3,466.0
1753600489552,07:14:49.552,blofin,AAVE/USDT:USDT,296.27,16.0,296.26,618.0,296.29,154.0,296.33,2221.0
1753600490551,07:14:50.551,blofin,AAVE/USDT:USDT,296.27,20.0,296.25,499.0,296.29,154.0,296.3,1884.0
1753600491301,07:14:51.301,blofin,AAVE/USDT:USDT,296.27,18.0,296.26,2.0,296.28,296.0,296.29,5.0
1753600492054,07:14:52.054,blofin,AAVE/USDT:USDT,296.26,2.0,296.24,1377.0,296.27,182.0,296.29,5.0
1753600492555,07:14:52.555,blofin,AAVE/USDT:USDT,296.26,2.0,296.25,5.0,296.28,210.0,296.29,5.0
1753600493431,07:14:53.431,blofin,AAVE/USDT:USDT,296.25,5.0,296.24,225.0,296.27,17.0,296.28,2.0
1753600494058,07:14:54.058,blofin,AAVE/USDT:USDT,296.24,227.0,296.21,1131.0,296.27,20.0,296.29,1301.0
1753600494557,07:14:54.557,blofin,AAVE/USDT:USDT,296.24,244.0,296.23,199.0,296.27,19.0,296.3,280.0
1753600495432,07:14:55.432,blofin,AAVE/USDT:USDT,296.19,187.0,296.17,692.0,296.21,19.0,296.22,427.0
1753600496061,07:14:56.061,blofin,AAVE/USDT:USDT,296.19,152.0,296.17,369.0,296.21,76.0,296.22,585.0
1753600497063,07:14:57.063,blofin,AAVE/USDT:USDT,296.09,91.0,296.08,242.0,296.13,265.0,296.15,238.0
1753600497564,07:14:57.564,blofin,AAVE/USDT:USDT,296.11,28.0,296.08,1046.0,296.13,51.0,296.16,1165.0
1753600498565,07:14:58.565,blofin,AAVE/USDT:USDT,296.15,100.0,296.13,269.0,296.17,3.0,296.19,835.0
1753600499436,07:14:59.436,blofin,AAVE/USDT:USDT,296.14,31.0,296.13,2.0,296.16,7.0,296.19,1570.0
1753600500066,07:15:00.066,blofin,AAVE/USDT:USDT,296.18,51.0,296.16,391.0,296.2,8.0,296.21,373.0
1753600500568,07:15:00.568,blofin,AAVE/USDT:USDT,296.18,6.0,296.17,77.0,296.2,30.0,296.22,2601.0
1753600502571,07:15:02.571,blofin,AAVE/USDT:USDT,296.14,1.0,296.11,259.0,296.15,223.0,296.17,361.0
1753600503573,07:15:03.573,blofin,AAVE/USDT:USDT,296.09,253.0,296.08,378.0,296.11,33.0,296.14,984.0
1753600504573,07:15:04.573,blofin,AAVE/USDT:USDT,296.2,28.0,296.18,127.0,296.22,42.0,296.23,2451.0
1753600505441,07:15:05.441,blofin,AAVE/USDT:USDT,296.22,173.0,296.21,673.0,296.25,2.0,296.26,245.0
1753600506440,07:15:06.440,blofin,AAVE/USDT:USDT,296.22,129.0,296.19,288.0,296.24,29.0,296.25,2.0
1753600507079,07:15:07.079,blofin,AAVE/USDT:USDT,296.22,129.0,296.19,288.0,296.24,33.0,296.26,1413.0
1753600508081,07:15:08.081,blofin,AAVE/USDT:USDT,296.23,154.0,296.22,2.0,296.24,23.0,296.25,1.0
1753600508583,07:15:08.583,blofin,AAVE/USDT:USDT,296.22,3.0,296.19,649.0,296.24,62.0,296.26,2662.0
1753600509856,07:15:09.856,blofin,AAVE/USDT:USDT,296.2,1.0,296.18,438.0,296.22,149.0,296.23,1148.0
1753600510584,07:15:10.584,blofin,AAVE/USDT:USDT,296.15,1.0,296.12,115.0,296.17,201.0,296.18,5.0
1753600511351,07:15:11.351,blofin,AAVE/USDT:USDT,296.14,1.0,296.13,121.0,296.17,197.0,296.18,1120.0
1753600511982,07:15:11.982,blofin,AAVE/USDT:USDT,296.16,125.0,296.14,1377.0,296.2,18.0,296.21,304.0
1753600512588,07:15:12.588,blofin,AAVE/USDT:USDT,296.18,2.0,296.16,793.0,296.2,157.0,296.22,397.0
1753600513088,07:15:13.088,blofin,AAVE/USDT:USDT,296.18,6.0,296.16,793.0,296.2,157.0,296.22,397.0
1753600513589,07:15:13.589,blofin,AAVE/USDT:USDT,296.18,14.0,296.16,365.0,296.2,29.0,296.22,991.0
1753600515092,07:15:15.092,blofin,AAVE/USDT:USDT,296.18,12.0,296.16,535.0,296.2,28.0,296.21,2131.0
1753600515592,07:15:15.592,blofin,AAVE/USDT:USDT,296.18,7.0,296.15,735.0,296.2,111.0,296.22,1214.0
1753600516594,07:15:16.594,blofin,AAVE/USDT:USDT,296.18,7.0,296.17,52.0,296.2,5.0,296.21,1548.0
1753600517096,07:15:17.096,blofin,AAVE/USDT:USDT,296.18,7.0,296.17,52.0,296.2,5.0,296.21,1548.0
1753600517598,07:15:17.598,blofin,AAVE/USDT:USDT,296.18,6.0,296.17,687.0,296.2,5.0,296.21,1539.0
1753600518599,07:15:18.599,blofin,AAVE/USDT:USDT,296.18,5.0,296.16,1152.0,296.2,1517.0,296.21,705.0
1753600519099,07:15:19.099,blofin,AAVE/USDT:USDT,296.18,7.0,296.16,1152.0,296.2,1517.0,296.21,705.0
1753600519892,07:15:19.892,blofin,AAVE/USDT:USDT,296.13,35.0,296.11,969.0,296.16,29.0,296.17,302.0
1753600520599,07:15:20.599,blofin,AAVE/USDT:USDT,296.13,40.0,296.11,566.0,296.15,218.0,296.17,1283.0
1753600521101,07:15:21.101,blofin,AAVE/USDT:USDT,296.13,40.0,296.11,566.0,296.15,218.0,296.17,1283.0
1753600521691,07:15:21.691,blofin,AAVE/USDT:USDT,296.13,40.0,296.09,882.0,296.14,230.0,296.15,1.0
1753600522604,07:15:22.604,blofin,AAVE/USDT:USDT,296.11,302.0,296.1,568.0,296.13,4.0,296.14,260.0
1753600523448,07:15:23.448,blofin,AAVE/USDT:USDT,296.11,302.0,296.09,279.0,296.13,343.0,296.14,1.0
1753600524105,07:15:24.105,blofin,AAVE/USDT:USDT,296.11,305.0,296.09,279.0,296.13,343.0,296.14,1.0
1753600524606,07:15:24.606,blofin,AAVE/USDT:USDT,296.11,305.0,296.09,661.0,296.13,412.0,296.14,1599.0
1753600525607,07:15:25.607,blofin,AAVE/USDT:USDT,296.11,1.0,296.1,303.0,296.13,425.0,296.15,2461.0
1753600526451,07:15:26.451,blofin,AAVE/USDT:USDT,296.04,97.0,296.03,1123.0,296.07,235.0,296.09,2161.0
1753600527108,07:15:27.108,blofin,AAVE/USDT:USDT,296.02,134.0,296.01,134.0,296.03,169.0,296.05,2207.0
1753600527609,07:15:27.609,blofin,AAVE/USDT:USDT,296.02,134.0,296.01,131.0,296.03,200.0,296.07,2.0
1753600528455,07:15:28.455,blofin,AAVE/USDT:USDT,296.01,150.0,296.0,82.0,296.03,40.0,296.05,1038.0
1753600529123,07:15:29.123,blofin,AAVE/USDT:USDT,296.0,82.0,295.99,20.0,296.01,33.0,296.03,1931.0
1753600529611,07:15:29.611,blofin,AAVE/USDT:USDT,296.0,82.0,295.98,78.0,296.01,378.0,296.02,2115.0
1753600530468,07:15:30.468,blofin,AAVE/USDT:USDT,296.0,81.0,295.98,85.0,296.01,383.0,296.02,2115.0
1753600531115,07:15:31.115,blofin,AAVE/USDT:USDT,295.99,4.0,295.98,930.0,296.01,5.0,296.02,387.0
1753600532617,07:15:32.617,blofin,AAVE/USDT:USDT,295.99,69.0,295.98,8.0,296.01,307.0,296.03,1270.0
1753600533117,07:15:33.117,blofin,AAVE/USDT:USDT,295.99,71.0,295.98,5.0,296.01,307.0,296.03,1270.0
1753600533619,07:15:33.619,blofin,AAVE/USDT:USDT,295.99,6.0,295.98,5.0,296.01,499.0,296.04,1280.0
1753600534618,07:15:34.618,blofin,AAVE/USDT:USDT,295.99,6.0,295.98,5.0,296.01,502.0,296.03,742.0
1753600535458,07:15:35.458,blofin,AAVE/USDT:USDT,295.98,5.0,295.97,9.0,295.99,582.0,296.01,142.0
1753600536120,07:15:36.120,blofin,AAVE/USDT:USDT,295.94,1.0,295.93,116.0,295.95,356.0,295.97,102.0
1753600536620,07:15:36.620,blofin,AAVE/USDT:USDT,295.94,1.0,295.93,116.0,295.95,263.0,295.97,937.0
1753600537460,07:15:37.460,blofin,AAVE/USDT:USDT,295.89,2.0,295.88,78.0,295.93,282.0,295.95,1.0
1753600538123,07:15:38.123,blofin,AAVE/USDT:USDT,295.89,6.0,295.88,78.0,295.93,284.0,295.96,895.0
1753600538623,07:15:38.623,blofin,AAVE/USDT:USDT,295.9,2.0,295.89,4.0,295.92,444.0,295.93,173.0
1753600539462,07:15:39.462,blofin,AAVE/USDT:USDT,295.9,2.0,295.89,4.0,295.92,1064.0,295.95,670.0
1753600540126,07:15:40.126,blofin,AAVE/USDT:USDT,295.9,3.0,295.88,78.0,295.92,1064.0,295.95,670.0
1753600540710,07:15:40.710,blofin,AAVE/USDT:USDT,295.88,78.0,295.87,2.0,295.89,1087.0,295.91,992.0
1753600541641,07:15:41.641,blofin,AAVE/USDT:USDT,295.83,185.0,295.81,202.0,295.84,321.0,295.86,1388.0
1753600542129,07:15:42.129,blofin,AAVE/USDT:USDT,295.81,91.0,295.8,19.0,295.83,321.0,295.86,1716.0
1753600542628,07:15:42.628,blofin,AAVE/USDT:USDT,295.81,139.0,295.8,19.0,295.83,33.0,295.86,92.0
1753600543631,07:15:43.631,blofin,AAVE/USDT:USDT,295.81,133.0,295.8,19.0,295.83,35.0,295.85,393.0
1753600544466,07:15:44.466,blofin,AAVE/USDT:USDT,295.81,179.0,295.8,19.0,295.83,48.0,295.85,2130.0
1753600544997,07:15:44.997,blofin,AAVE/USDT:USDT,295.8,36.0,295.79,891.0,295.83,26.0,295.85,1494.0
1753600545631,07:15:45.631,blofin,AAVE/USDT:USDT,295.81,89.0,295.8,5.0,295.83,92.0,295.84,1174.0
1753600546135,07:15:46.135,blofin,AAVE/USDT:USDT,295.81,89.0,295.8,5.0,295.83,95.0,295.84,1174.0
1753600546633,07:15:46.633,blofin,AAVE/USDT:USDT,295.81,165.0,295.79,717.0,295.83,227.0,295.85,845.0
1753600547636,07:15:47.636,blofin,AAVE/USDT:USDT,295.81,142.0,295.79,635.0,295.83,309.0,295.84,1939.0
1753600548135,07:15:48.135,blofin,AAVE/USDT:USDT,295.81,142.0,295.79,635.0,295.83,310.0,295.84,1939.0
1753600548637,07:15:48.637,blofin,AAVE/USDT:USDT,295.81,1.0,295.8,110.0,295.83,368.0,295.85,1029.0
1753600549638,07:15:49.638,blofin,AAVE/USDT:USDT,295.81,139.0,295.79,1174.0,295.83,605.0,295.84,1162.0
1753600550140,07:15:50.140,blofin,AAVE/USDT:USDT,295.81,139.0,295.79,1174.0,295.83,601.0,295.84,1162.0
1753600550640,07:15:50.640,blofin,AAVE/USDT:USDT,295.81,133.0,295.78,262.0,295.83,759.0,295.85,1864.0
1753600551640,07:15:51.640,blofin,AAVE/USDT:USDT,295.81,171.0,295.79,981.0,295.83,1375.0,295.85,1309.0
1753600552473,07:15:52.473,blofin,AAVE/USDT:USDT,295.81,189.0,295.79,420.0,295.83,190.0,295.85,110.0
1753600553142,07:15:53.142,blofin,AAVE/USDT:USDT,295.86,318.0,295.83,1484.0,295.87,84.0,295.89,2.0
1753600553650,07:15:53.650,blofin,AAVE/USDT:USDT,295.86,146.0,295.82,1077.0,295.87,84.0,295.89,65.0
1753600554643,07:15:54.643,blofin,AAVE/USDT:USDT,295.87,142.0,295.86,2.0,295.89,71.0,295.9,1011.0
1753600555144,07:15:55.144,blofin,AAVE/USDT:USDT,295.87,143.0,295.85,704.0,295.89,71.0,295.9,1011.0
1753600555645,07:15:55.645,blofin,AAVE/USDT:USDT,295.87,122.0,295.84,1453.0,295.89,74.0,295.91,1766.0
1753600556649,07:15:56.649,blofin,AAVE/USDT:USDT,295.89,295.0,295.86,327.0,295.92,7.0,295.93,91.0
1753600557148,07:15:57.148,blofin,AAVE/USDT:USDT,295.89,295.0,295.86,327.0,295.92,11.0,295.93,91.0
1753600557648,07:15:57.648,blofin,AAVE/USDT:USDT,295.89,238.0,295.86,456.0,295.92,19.0,295.93,479.0
1753600558651,07:15:58.651,blofin,AAVE/USDT:USDT,295.9,103.0,295.89,3.0,295.92,13.0,295.93,91.0
1753600559152,07:15:59.152,blofin,AAVE/USDT:USDT,295.93,258.0,295.9,1360.0,295.95,58.0,295.96,87.0
1753600559651,07:15:59.651,blofin,AAVE/USDT:USDT,295.93,171.0,295.9,96.0,295.95,56.0,295.96,87.0
1753600560654,07:16:00.654,blofin,AAVE/USDT:USDT,295.93,71.0,295.91,729.0,295.95,19.0,295.97,32.0
1753600561660,07:16:01.660,blofin,AAVE/USDT:USDT,295.94,263.0,295.93,5.0,295.95,6.0,295.96,303.0
1753600562659,07:16:02.659,blofin,AAVE/USDT:USDT,295.99,291.0,295.96,633.0,296.0,570.0,296.01,3.0
1753600563480,07:16:03.480,blofin,AAVE/USDT:USDT,295.99,1.0,295.98,864.0,296.0,266.0,296.01,3.0
1753600564159,07:16:04.159,blofin,AAVE/USDT:USDT,295.99,4.0,295.98,864.0,296.0,266.0,296.02,284.0
1753600564670,07:16:04.670,blofin,AAVE/USDT:USDT,295.99,3.0,295.98,3.0,296.0,198.0,296.01,179.0
1753600565661,07:16:05.661,blofin,AAVE/USDT:USDT,295.98,4.0,295.96,992.0,296.0,441.0,296.02,1571.0
1753600566162,07:16:06.162,blofin,AAVE/USDT:USDT,295.98,4.0,295.96,992.0,296.0,441.0,296.02,1571.0
1753600566662,07:16:06.662,blofin,AAVE/USDT:USDT,295.98,4.0,295.97,668.0,296.0,200.0,296.01,261.0
1753600567665,07:16:07.665,blofin,AAVE/USDT:USDT,295.98,4.0,295.96,589.0,296.0,461.0,296.01,2565.0
1753600568484,07:16:08.484,blofin,AAVE/USDT:USDT,295.98,2.0,295.97,658.0,296.0,200.0,296.01,243.0
1753600568666,07:16:08.666,blofin,AAVE/USDT:USDT,295.98,2.0,295.97,658.0,296.0,198.0,296.01,246.0
1753600569667,07:16:09.667,blofin,AAVE/USDT:USDT,295.98,36.0,295.95,1097.0,296.0,225.0,296.01,1.0
1753600570487,07:16:10.487,blofin,AAVE/USDT:USDT,295.98,37.0,295.95,1097.0,296.0,226.0,296.02,303.0
1753600571170,07:16:11.170,blofin,AAVE/USDT:USDT,295.98,49.0,295.96,873.0,296.0,219.0,296.02,542.0
1753600571941,07:16:11.941,blofin,AAVE/USDT:USDT,295.98,16.0,295.95,57.0,295.99,97.0,296.0,198.0
1753600572487,07:16:12.487,blofin,AAVE/USDT:USDT,295.96,56.0,295.94,1287.0,295.98,18.0,296.0,1757.0
1753600573173,07:16:13.173,blofin,AAVE/USDT:USDT,295.96,57.0,295.94,1287.0,295.98,23.0,296.0,1757.0
1753600573890,07:16:13.890,blofin,AAVE/USDT:USDT,296.01,314.0,295.98,785.0,296.02,1.0,296.04,203.0
1753600574674,07:16:14.674,blofin,AAVE/USDT:USDT,296.02,5.0,296.01,50.0,296.04,228.0,296.06,1490.0
1753600575175,07:16:15.175,blofin,AAVE/USDT:USDT,296.02,5.0,296.01,50.0,296.04,228.0,296.06,1490.0
1753600575675,07:16:15.675,blofin,AAVE/USDT:USDT,296.02,34.0,296.0,754.0,296.04,230.0,296.06,2070.0
1753600576675,07:16:16.675,blofin,AAVE/USDT:USDT,296.02,34.0,296.0,775.0,296.04,288.0,296.05,2963.0
1753600577177,07:16:17.177,blofin,AAVE/USDT:USDT,296.02,34.0,296.0,775.0,296.04,288.0,296.05,2963.0
1753600577677,07:16:17.677,blofin,AAVE/USDT:USDT,296.02,34.0,295.99,709.0,296.04,341.0,296.06,163.0
1753600578684,07:16:18.684,blofin,AAVE/USDT:USDT,296.02,34.0,296.01,55.0,296.04,208.0,296.05,133.0
1753600579420,07:16:19.420,blofin,AAVE/USDT:USDT,296.03,32.0,296.02,3.0,296.04,208.0,296.05,24.0
1753600579683,07:16:19.683,blofin,AAVE/USDT:USDT,296.04,129.0,296.02,3.0,296.06,188.0,296.08,2080.0
1753600580682,07:16:20.682,blofin,AAVE/USDT:USDT,296.04,259.0,296.02,773.0,296.06,170.0,296.08,1388.0
1753600581181,07:16:21.181,blofin,AAVE/USDT:USDT,296.04,259.0,296.02,773.0,296.06,167.0,296.08,1388.0
1753600581683,07:16:21.683,blofin,AAVE/USDT:USDT,296.03,148.0,296.0,67.0,296.06,174.0,296.1,1512.0
1753600582496,07:16:22.496,blofin,AAVE/USDT:USDT,296.04,101.0,296.03,1.0,296.06,174.0,296.07,1286.0
1753600583184,07:16:23.184,blofin,AAVE/USDT:USDT,296.04,101.0,296.03,1.0,296.06,176.0,296.07,1286.0
1753600583686,07:16:23.686,blofin,AAVE/USDT:USDT,296.04,56.0,296.01,766.0,296.06,200.0,296.08,513.0
1753600584187,07:16:24.187,blofin,AAVE/USDT:USDT,296.04,56.0,296.01,766.0,296.06,199.0,296.08,513.0
1753600584688,07:16:24.688,blofin,AAVE/USDT:USDT,296.04,61.0,296.02,787.0,296.06,199.0,296.07,603.0
1753600585690,07:16:25.690,blofin,AAVE/USDT:USDT,296.03,59.0,295.98,1082.0,296.06,199.0,296.11,1228.0
1753600586190,07:16:26.190,blofin,AAVE/USDT:USDT,296.03,59.0,295.98,1005.0,296.06,199.0,296.11,1228.0
1753600586691,07:16:26.691,blofin,AAVE/USDT:USDT,296.04,58.0,296.03,1.0,296.06,191.0,296.08,555.0
1753600587497,07:16:27.497,blofin,AAVE/USDT:USDT,296.04,58.0,296.03,679.0,296.06,165.0,296.07,26.0
1753600588192,07:16:28.192,blofin,AAVE/USDT:USDT,296.04,61.0,296.03,678.0,296.06,163.0,296.07,29.0
1753600588692,07:16:28.692,blofin,AAVE/USDT:USDT,296.04,12.0,296.02,1117.0,296.06,194.0,296.07,323.0
1753600589193,07:16:29.193,blofin,AAVE/USDT:USDT,296.04,12.0,296.02,1117.0,296.06,195.0,296.07,323.0
1753600589693,07:16:29.693,blofin,AAVE/USDT:USDT,296.04,173.0,296.03,613.0,296.06,163.0,296.07,29.0
1753600590515,07:16:30.515,blofin,AAVE/USDT:USDT,296.04,178.0,296.03,613.0,296.07,30.0,296.1,1415.0
1753600591195,07:16:31.195,blofin,AAVE/USDT:USDT,296.04,197.0,296.02,173.0,296.06,11.0,296.07,1.0
1753600591699,07:16:31.699,blofin,AAVE/USDT:USDT,296.04,158.0,296.02,585.0,296.06,25.0,296.07,45.0
1753600592504,07:16:32.504,blofin,AAVE/USDT:USDT,296.04,195.0,296.03,469.0,296.06,2.0,296.07,3.0
1753600593200,07:16:33.200,blofin,AAVE/USDT:USDT,296.04,195.0,296.03,469.0,296.06,2.0,296.07,3.0
1753600593700,07:16:33.700,blofin,AAVE/USDT:USDT,296.04,221.0,296.02,61.0,296.06,4.0,296.07,1490.0
1753600594491,07:16:34.491,blofin,AAVE/USDT:USDT,296.04,8.0,296.02,13.0,296.05,90.0,296.06,1147.0
1753600595202,07:16:35.202,blofin,AAVE/USDT:USDT,295.99,13.0,295.97,2.0,296.01,92.0,296.03,1278.0
1753600595702,07:16:35.702,blofin,AAVE/USDT:USDT,295.99,14.0,295.97,2.0,296.01,195.0,296.03,439.0
1753600596203,07:16:36.203,blofin,AAVE/USDT:USDT,295.97,5.0,295.94,1081.0,295.98,184.0,296.0,416.0
1753600597206,07:16:37.206,blofin,AAVE/USDT:USDT,295.94,154.0,295.91,165.0,295.95,138.0,295.97,1409.0
1753600597706,07:16:37.706,blofin,AAVE/USDT:USDT,295.88,5.0,295.87,1457.0,295.91,23.0,295.93,225.0
1753600598505,07:16:38.505,blofin,AAVE/USDT:USDT,295.88,6.0,295.87,1782.0,295.91,73.0,295.92,617.0
1753600599019,07:16:39.019,blofin,AAVE/USDT:USDT,295.88,1.0,295.87,172.0,295.9,7.0,295.92,840.0
1753600599820,07:16:39.820,blofin,AAVE/USDT:USDT,295.88,2.0,295.87,242.0,295.91,20.0,295.96,871.0
1753600600711,07:16:40.711,blofin,AAVE/USDT:USDT,295.89,194.0,295.87,1108.0,295.91,5.0,295.92,675.0
1753600601508,07:16:41.508,blofin,AAVE/USDT:USDT,295.96,129.0,295.95,875.0,295.99,16.0,296.0,33.0
1753600602714,07:16:42.714,blofin,AAVE/USDT:USDT,295.95,257.0,295.93,1.0,295.98,23.0,295.99,5.0
1753600603508,07:16:43.508,blofin,AAVE/USDT:USDT,295.96,148.0,295.95,4.0,295.98,24.0,295.99,778.0
1753600604216,07:16:44.216,blofin,AAVE/USDT:USDT,295.96,148.0,295.95,4.0,295.98,28.0,295.99,773.0
1753600604716,07:16:44.716,blofin,AAVE/USDT:USDT,295.95,92.0,295.93,1.0,295.98,44.0,295.99,611.0
1753600605217,07:16:45.217,blofin,AAVE/USDT:USDT,295.95,92.0,295.92,876.0,295.98,44.0,295.99,611.0
1753600605719,07:16:45.719,blofin,AAVE/USDT:USDT,295.96,88.0,295.95,449.0,295.98,46.0,295.99,35.0
1753600606509,07:16:46.509,blofin,AAVE/USDT:USDT,295.96,107.0,295.94,1556.0,295.98,31.0,296.0,1633.0
1753600607220,07:16:47.220,blofin,AAVE/USDT:USDT,295.96,107.0,295.94,1556.0,295.98,30.0,296.0,1633.0
1753600608221,07:16:48.221,blofin,AAVE/USDT:USDT,295.95,84.0,295.9,888.0,295.98,30.0,295.99,2048.0
1753600608725,07:16:48.725,blofin,AAVE/USDT:USDT,295.95,241.0,295.92,1493.0,295.98,30.0,296.01,301.0
1753600609724,07:16:49.724,blofin,AAVE/USDT:USDT,295.96,104.0,295.95,3.0,295.98,32.0,295.99,930.0
1753600610515,07:16:50.515,blofin,AAVE/USDT:USDT,295.96,109.0,295.94,752.0,295.98,31.0,295.99,930.0
1753600610726,07:16:50.726,blofin,AAVE/USDT:USDT,295.96,132.0,295.95,900.0,295.98,31.0,295.99,1560.0
1753600611727,07:16:51.727,blofin,AAVE/USDT:USDT,295.96,145.0,295.94,1572.0,295.98,33.0,296.0,346.0
1753600612227,07:16:52.227,blofin,AAVE/USDT:USDT,295.96,146.0,295.94,1572.0,295.98,33.0,296.0,346.0
1753600612728,07:16:52.728,blofin,AAVE/USDT:USDT,295.96,240.0,295.94,1801.0,295.98,34.0,296.0,1981.0
1753600613514,07:16:53.514,blofin,AAVE/USDT:USDT,295.96,5.0,295.95,274.0,295.98,30.0,296.0,1584.0
1753600613729,07:16:53.729,blofin,AAVE/USDT:USDT,295.96,5.0,295.95,274.0,295.98,30.0,296.0,1584.0
1753600614732,07:16:54.732,blofin,AAVE/USDT:USDT,295.96,5.0,295.95,96.0,295.98,65.0,296.02,424.0
1753600615737,07:16:55.737,blofin,AAVE/USDT:USDT,295.96,96.0,295.95,2.0,295.98,48.0,296.0,74.0
1753600616517,07:16:56.517,blofin,AAVE/USDT:USDT,295.96,99.0,295.94,403.0,295.98,67.0,296.0,351.0
1753600617237,07:16:57.237,blofin,AAVE/USDT:USDT,295.96,99.0,295.94,403.0,295.98,67.0,296.0,351.0
1753600617737,07:16:57.737,blofin,AAVE/USDT:USDT,295.96,104.0,295.94,1386.0,295.98,33.0,295.99,901.0
1753600618236,07:16:58.236,blofin,AAVE/USDT:USDT,295.96,104.0,295.94,1386.0,295.98,34.0,295.99,901.0
1753600618737,07:16:58.737,blofin,AAVE/USDT:USDT,295.96,124.0,295.93,126.0,295.98,31.0,296.0,1409.0
1753600619519,07:16:59.519,blofin,AAVE/USDT:USDT,295.96,136.0,295.94,286.0,295.98,31.0,296.0,1135.0
1753600620239,07:17:00.239,blofin,AAVE/USDT:USDT,295.96,136.0,295.94,286.0,295.98,31.0,296.0,1135.0
1753600620533,07:17:00.533,blofin,AAVE/USDT:USDT,295.96,140.0,295.94,286.0,295.98,33.0,296.0,1135.0
1753600621240,07:17:01.240,blofin,AAVE/USDT:USDT,295.96,271.0,295.94,33.0,295.98,31.0,295.99,38.0
1753600621962,07:17:01.962,blofin,AAVE/USDT:USDT,295.9,8.0,295.89,329.0,295.93,22.0,295.97,1440.0
1753600622741,07:17:02.741,blofin,AAVE/USDT:USDT,295.88,36.0,295.87,1.0,295.89,224.0,295.91,948.0
1753600623245,07:17:03.245,blofin,AAVE/USDT:USDT,295.87,1.0,295.86,23.0,295.88,125.0,295.9,579.0
1753600623933,07:17:03.933,blofin,AAVE/USDT:USDT,295.87,1.0,295.86,4.0,295.88,86.0,295.89,858.0
1753600624524,07:17:04.524,blofin,AAVE/USDT:USDT,295.86,4.0,295.85,20.0,295.87,10.0,295.89,899.0
1753600625244,07:17:05.244,blofin,AAVE/USDT:USDT,295.85,25.0,295.84,264.0,295.87,15.0,295.89,899.0
1753600625748,07:17:05.748,blofin,AAVE/USDT:USDT,295.85,37.0,295.84,249.0,295.87,21.0,295.89,163.0
1753600626526,07:17:06.526,blofin,AAVE/USDT:USDT,295.89,15.0,295.87,227.0,295.91,7.0,295.92,1287.0
1753600626746,07:17:06.746,blofin,AAVE/USDT:USDT,295.89,19.0,295.87,227.0,295.91,7.0,295.92,1287.0
1753600627750,07:17:07.750,blofin,AAVE/USDT:USDT,295.89,61.0,295.88,283.0,295.92,7.0,295.93,4.0
1753600628251,07:17:08.251,blofin,AAVE/USDT:USDT,295.89,61.0,295.88,283.0,295.92,7.0,295.93,4.0
1753600628753,07:17:08.753,blofin,AAVE/USDT:USDT,295.89,45.0,295.86,32.0,295.91,57.0,295.93,4.0
1753600629527,07:17:09.527,blofin,AAVE/USDT:USDT,295.89,30.0,295.88,1275.0,295.92,183.0,295.93,4.0
1753600630257,07:17:10.257,blofin,AAVE/USDT:USDT,295.89,31.0,295.88,1275.0,295.92,187.0,295.94,551.0
1753600630756,07:17:10.756,blofin,AAVE/USDT:USDT,295.89,43.0,295.86,243.0,295.91,148.0,295.93,310.0
1753600631257,07:17:11.257,blofin,AAVE/USDT:USDT,295.89,43.0,295.86,243.0,295.91,148.0,295.93,310.0
1753600631756,07:17:11.756,blofin,AAVE/USDT:USDT,295.89,45.0,295.86,1133.0,295.91,40.0,295.94,29.0
1753600632529,07:17:12.529,blofin,AAVE/USDT:USDT,295.9,17.0,295.89,4.0,295.91,4.0,295.92,7.0
1753600633260,07:17:13.260,blofin,AAVE/USDT:USDT,295.9,17.0,295.89,4.0,295.92,9.0,295.95,1127.0
1753600633760,07:17:13.760,blofin,AAVE/USDT:USDT,295.9,1.0,295.89,31.0,295.92,2.0,295.93,182.0
1753600634264,07:17:14.264,blofin,AAVE/USDT:USDT,295.9,1.0,295.89,31.0,295.93,184.0,295.96,652.0
1753600634762,07:17:14.762,blofin,AAVE/USDT:USDT,295.9,29.0,295.87,353.0,295.92,163.0,295.93,2.0
1753600635536,07:17:15.536,blofin,AAVE/USDT:USDT,295.9,29.0,295.87,353.0,295.92,168.0,295.94,27.0
1753600636264,07:17:16.264,blofin,AAVE/USDT:USDT,295.9,46.0,295.88,645.0,295.92,12.0,295.93,27.0
1753600636766,07:17:16.766,blofin,AAVE/USDT:USDT,295.92,112.0,295.9,5.0,295.97,1249.0,295.98,2.0
1753600637542,07:17:17.542,blofin,AAVE/USDT:USDT,295.92,216.0,295.9,5.0,295.96,300.0,295.98,1165.0
1753600637766,07:17:17.766,blofin,AAVE/USDT:USDT,295.92,216.0,295.9,5.0,295.94,3.0,295.96,300.0
1753600638739,07:17:18.739,blofin,AAVE/USDT:USDT,295.94,245.0,295.92,797.0,295.97,3.0,295.98,2.0
1753600639270,07:17:19.270,blofin,AAVE/USDT:USDT,295.95,245.0,295.94,905.0,295.98,6.0,296.01,61.0
1753600639946,07:17:19.946,blofin,AAVE/USDT:USDT,295.98,44.0,295.94,1118.0,296.01,7.0,296.02,69.0
1753600640538,07:17:20.538,blofin,AAVE/USDT:USDT,296.0,96.0,295.97,869.0,296.02,130.0,296.04,428.0
1753600641270,07:17:21.270,blofin,AAVE/USDT:USDT,296.0,58.0,295.97,719.0,296.02,127.0,296.04,272.0
1753600641770,07:17:21.770,blofin,AAVE/USDT:USDT,296.0,11.0,295.98,172.0,296.02,18.0,296.04,953.0
1753600642540,07:17:22.540,blofin,AAVE/USDT:USDT,296.0,4.0,295.99,210.0,296.02,9.0,296.04,124.0
1753600642774,07:17:22.774,blofin,AAVE/USDT:USDT,295.99,214.0,295.94,1197.0,296.02,9.0,296.04,124.0
1753600643776,07:17:23.776,blofin,AAVE/USDT:USDT,296.0,52.0,295.97,102.0,296.02,23.0,296.04,124.0
1753600644278,07:17:24.278,blofin,AAVE/USDT:USDT,296.0,52.0,295.97,102.0,296.02,23.0,296.04,124.0
1753600644778,07:17:24.778,blofin,AAVE/USDT:USDT,296.0,207.0,295.97,91.0,296.02,9.0,296.04,894.0
1753600645541,07:17:25.541,blofin,AAVE/USDT:USDT,296.0,205.0,295.97,91.0,296.02,7.0,296.04,894.0
1753600645780,07:17:25.780,blofin,AAVE/USDT:USDT,295.99,71.0,295.98,1619.0,296.02,5.0,296.04,736.0
1753600646751,07:17:26.751,blofin,AAVE/USDT:USDT,295.99,71.0,295.95,871.0,296.02,0.4,296.04,387.0
1753600647282,07:17:27.282,blofin,AAVE/USDT:USDT,295.99,71.0,295.95,871.0,296.02,2.4,296.04,387.0
1753600647783,07:17:27.783,blofin,AAVE/USDT:USDT,296.0,86.0,295.99,1.0,296.02,3.4,296.04,512.0
1753600648542,07:17:28.542,blofin,AAVE/USDT:USDT,296.0,175.0,295.99,1.0,296.02,1.4,296.03,201.0
1753600649261,07:17:29.261,blofin,AAVE/USDT:USDT,296.0,84.0,295.99,1.0,296.02,1.4,296.04,1140.0
1753600649786,07:17:29.786,blofin,AAVE/USDT:USDT,296.0,182.0,295.99,1.0,296.02,1.0,296.03,1.0
1753600650555,07:17:30.555,blofin,AAVE/USDT:USDT,296.01,227.0,296.0,4.0,296.02,1.0,296.03,1.0
1753600650789,07:17:30.789,blofin,AAVE/USDT:USDT,296.01,227.0,296.0,7.0,296.03,9.0,296.05,299.0
1753600651789,07:17:31.789,blofin,AAVE/USDT:USDT,296.01,235.0,296.0,7.0,296.03,10.0,296.04,743.0
1753600652546,07:17:32.546,blofin,AAVE/USDT:USDT,296.01,3.0,296.0,49.0,296.03,44.0,296.07,17.0
1753600652802,07:17:32.802,blofin,AAVE/USDT:USDT,296.01,3.0,296.0,49.0,296.03,40.0,296.07,17.0
1753600653796,07:17:33.796,blofin,AAVE/USDT:USDT,296.01,199.0,296.0,8.0,296.03,40.0,296.05,858.0
1753600654298,07:17:34.298,blofin,AAVE/USDT:USDT,296.01,199.0,296.0,8.0,296.03,42.0,296.05,858.0
1753600654879,07:17:34.879,blofin,AAVE/USDT:USDT,296.04,232.0,296.0,8.0,296.06,9.0,296.09,1056.0
1753600655549,07:17:35.549,blofin,AAVE/USDT:USDT,296.06,236.0,296.04,944.0,296.08,2.0,296.09,169.0
1753600656301,07:17:36.301,blofin,AAVE/USDT:USDT,296.06,234.0,296.04,83.0,296.08,22.0,296.09,347.0
1753600656801,07:17:36.801,blofin,AAVE/USDT:USDT,296.06,101.0,296.05,642.0,296.08,2.0,296.09,197.0
1753600657549,07:17:37.549,blofin,AAVE/USDT:USDT,296.06,211.0,296.03,882.0,296.08,16.0,296.09,169.0
1753600657803,07:17:37.803,blofin,AAVE/USDT:USDT,296.06,211.0,296.03,882.0,296.08,16.0,296.09,169.0
1753600658550,07:17:38.550,blofin,AAVE/USDT:USDT,296.07,51.0,296.06,639.0,296.08,3.0,296.09,169.0
1753600659303,07:17:39.303,blofin,AAVE/USDT:USDT,296.07,1.0,296.06,4.0,296.09,19.0,296.1,198.0
1753600659889,07:17:39.889,blofin,AAVE/USDT:USDT,296.11,233.0,296.09,3.0,296.12,17.0,296.15,161.0
1753600660552,07:17:40.552,blofin,AAVE/USDT:USDT,296.11,234.0,296.08,864.0,296.12,17.0,296.13,3.0
1753600660807,07:17:40.807,blofin,AAVE/USDT:USDT,296.11,80.0,296.09,1450.0,296.13,13.0,296.15,1255.0
1753600661807,07:17:41.807,blofin,AAVE/USDT:USDT,296.11,222.0,296.09,1193.0,296.13,8.0,296.14,400.0
1753600662308,07:17:42.308,blofin,AAVE/USDT:USDT,296.11,222.0,296.09,1193.0,296.13,8.0,296.14,400.0
1753600662807,07:17:42.807,blofin,AAVE/USDT:USDT,296.11,234.0,296.09,1140.0,296.13,10.0,296.15,759.0
1753600663563,07:17:43.563,blofin,AAVE/USDT:USDT,296.11,227.0,296.09,919.0,296.13,8.0,296.14,1875.0
1753600664310,07:17:44.310,blofin,AAVE/USDT:USDT,296.11,230.0,296.09,919.0,296.13,9.0,296.14,1875.0
1753600664810,07:17:44.810,blofin,AAVE/USDT:USDT,296.11,244.0,296.09,685.0,296.13,9.0,296.15,1066.0
1753600665319,07:17:45.319,blofin,AAVE/USDT:USDT,296.11,244.0,296.09,685.0,296.13,9.0,296.15,1066.0
1753600666010,07:17:46.010,blofin,AAVE/USDT:USDT,296.13,227.0,296.11,2.0,296.15,165.0,296.17,828.0
1753600666811,07:17:46.811,blofin,AAVE/USDT:USDT,296.13,54.0,296.11,933.0,296.15,236.0,296.17,114.0
1753600667815,07:17:47.815,blofin,AAVE/USDT:USDT,296.13,169.0,296.1,1508.0,296.15,166.0,296.17,214.0
1753600668819,07:17:48.819,blofin,AAVE/USDT:USDT,296.13,76.0,296.1,58.0,296.15,255.0,296.17,534.0
1753600669558,07:17:49.558,blofin,AAVE/USDT:USDT,296.13,2.0,296.12,183.0,296.15,166.0,296.18,19.0
1753600669819,07:17:49.819,blofin,AAVE/USDT:USDT,296.13,2.0,296.12,183.0,296.15,166.0,296.18,19.0
1753600670562,07:17:50.562,blofin,AAVE/USDT:USDT,296.12,188.0,296.1,90.0,296.15,166.0,296.18,19.0
1753600671558,07:17:51.558,blofin,AAVE/USDT:USDT,296.13,123.0,296.1,253.0,296.15,172.0,296.17,558.0
