timestamp,time,exchange,symbol,bid1_price,bid1_volume,bid2_price,bid2_volume,ask1_price,ask1_volume,ask2_price,ask2_volume
1753599991500,07:06:31.500,okx,AERO/USDT:USDT,0.9002,45.0,0.9001,23.0,0.9004,1.0,0.9006,24.0
1753599991700,07:06:31.700,okx,AERO/USDT:USDT,0.9002,41.0,0.9001,23.0,0.9004,1.0,0.9006,24.0
1753599992200,07:06:32.200,okx,AERO/USDT:USDT,0.9002,49.0,0.9001,23.0,0.9004,1.0,0.9006,24.0
1753599992600,07:06:32.600,okx,AERO/USDT:USDT,0.9002,49.0,0.9001,23.0,0.9004,1.0,0.9006,24.0
1753599992800,07:06:32.800,okx,AERO/USDT:USDT,0.9002,49.0,0.9001,23.0,0.9004,1.0,0.9006,24.0
1753599993100,07:06:33.100,okx,AERO/USDT:USDT,0.9003,2.0,0.9002,49.0,0.9004,1.0,0.9006,24.0
1753599993400,07:06:33.400,okx,AERO/USDT:USDT,0.9003,10.0,0.9002,50.0,0.9004,1.0,0.9006,14.0
1753599993700,07:06:33.700,okx,AERO/USDT:USDT,0.9002,45.0,0.9001,23.0,0.9004,1.0,0.9006,14.0
1753599994900,07:06:34.900,okx,AERO/USDT:USDT,0.9002,49.0,0.9001,23.0,0.9004,1.0,0.9006,24.0
1753599995600,07:06:35.600,okx,AERO/USDT:USDT,0.9002,49.0,0.9001,23.0,0.9004,1.0,0.9006,24.0
1753599997100,07:06:37.100,okx,AERO/USDT:USDT,0.9002,49.0,0.9001,23.0,0.9004,1.0,0.9006,24.0
1753599997600,07:06:37.600,okx,AERO/USDT:USDT,0.9002,49.0,0.9001,23.0,0.9004,1.0,0.9006,24.0
1753599997700,07:06:37.700,okx,AERO/USDT:USDT,0.9002,49.0,0.9001,23.0,0.9004,1.0,0.9006,24.0
1753599998200,07:06:38.200,okx,AERO/USDT:USDT,0.9002,49.0,0.9001,23.0,0.9004,1.0,0.9006,24.0
1753599998700,07:06:38.700,okx,AERO/USDT:USDT,0.9002,41.0,0.9001,23.0,0.9004,1.0,0.9006,24.0
1753599998800,07:06:38.800,okx,AERO/USDT:USDT,0.9002,41.0,0.9001,23.0,0.9004,1.0,0.9006,24.0
1753599999400,07:06:39.400,okx,AERO/USDT:USDT,0.9002,41.0,0.9001,23.0,0.9004,1.0,0.9006,24.0
1753600000500,07:06:40.500,okx,AERO/USDT:USDT,0.9005,10.0,0.9004,9.0,0.9006,13.0,0.9007,60.0
1753600001500,07:06:41.500,okx,AERO/USDT:USDT,0.9004,6.0,0.9003,41.0,0.9006,13.0,0.9007,12.0
1753600002300,07:06:42.300,okx,AERO/USDT:USDT,0.9004,6.0,0.9003,39.0,0.9006,13.0,0.9007,12.0
1753600003100,07:06:43.100,okx,AERO/USDT:USDT,0.9004,10.0,0.9003,39.0,0.9006,13.0,0.9007,12.0
1753600003500,07:06:43.500,okx,AERO/USDT:USDT,0.9004,10.0,0.9003,39.0,0.9006,13.0,0.9007,12.0
1753600003800,07:06:43.800,okx,AERO/USDT:USDT,0.9003,39.0,0.9002,38.0,0.9006,13.0,0.9007,12.0
1753600003900,07:06:43.900,okx,AERO/USDT:USDT,0.9003,39.0,0.9002,38.0,0.9006,13.0,0.9007,12.0
1753600004100,07:06:44.100,okx,AERO/USDT:USDT,0.9003,39.0,0.9002,38.0,0.9006,13.0,0.9007,12.0
1753600005000,07:06:45.000,okx,AERO/USDT:USDT,0.9004,10.0,0.9003,39.0,0.9006,13.0,0.9007,12.0
1753600005100,07:06:45.100,okx,AERO/USDT:USDT,0.9004,10.0,0.9003,39.0,0.9006,13.0,0.9007,12.0
1753600005200,07:06:45.200,okx,AERO/USDT:USDT,0.9004,10.0,0.9003,39.0,0.9006,13.0,0.9007,12.0
1753600005500,07:06:45.500,okx,AERO/USDT:USDT,0.9004,2.0,0.9003,54.0,0.9006,13.0,0.9007,12.0
1753600006400,07:06:46.400,okx,AERO/USDT:USDT,0.9004,6.0,0.9003,55.0,0.9006,13.0,0.9007,12.0
1753600006700,07:06:46.700,okx,AERO/USDT:USDT,0.9004,2.0,0.9003,55.0,0.9006,13.0,0.9007,12.0
1753600007800,07:06:47.800,okx,AERO/USDT:USDT,0.9004,6.0,0.9003,7.0,0.9006,27.0,0.9007,52.0
1753600008000,07:06:48.000,okx,AERO/USDT:USDT,0.9003,1.0,0.9002,55.0,0.9006,27.0,0.9007,75.0
1753600008300,07:06:48.300,okx,AERO/USDT:USDT,0.9003,1.0,0.9002,55.0,0.9006,27.0,0.9007,75.0
1753600008400,07:06:48.400,okx,AERO/USDT:USDT,0.9003,1.0,0.9002,55.0,0.9006,27.0,0.9007,75.0
1753600008600,07:06:48.600,okx,AERO/USDT:USDT,0.9003,1.0,0.9002,55.0,0.9006,27.0,0.9007,75.0
1753600008900,07:06:48.900,okx,AERO/USDT:USDT,0.9003,4.0,0.9002,55.0,0.9006,27.0,0.9007,75.0
1753600009200,07:06:49.200,okx,AERO/USDT:USDT,0.9003,4.0,0.9002,72.0,0.9006,27.0,0.9007,58.0
1753600009600,07:06:49.600,okx,AERO/USDT:USDT,0.9004,2.0,0.9003,10.0,0.9006,27.0,0.9007,52.0
1753600010100,07:06:50.100,okx,AERO/USDT:USDT,0.9003,2.0,0.9002,72.0,0.9006,27.0,0.9007,58.0
1753600010600,07:06:50.600,okx,AERO/USDT:USDT,0.9003,2.0,0.9002,55.0,0.9006,27.0,0.9007,58.0
1753600011100,07:06:51.100,okx,AERO/USDT:USDT,0.9003,2.0,0.9002,72.0,0.9006,27.0,0.9007,58.0
1753600011400,07:06:51.400,okx,AERO/USDT:USDT,0.9004,2.0,0.9003,12.0,0.9006,27.0,0.9007,52.0
1753600011600,07:06:51.600,okx,AERO/USDT:USDT,0.9004,2.0,0.9003,12.0,0.9006,27.0,0.9007,52.0
1753600011700,07:06:51.700,okx,AERO/USDT:USDT,0.9004,2.0,0.9003,12.0,0.9006,27.0,0.9007,52.0
1753600011900,07:06:51.900,okx,AERO/USDT:USDT,0.9004,2.0,0.9003,12.0,0.9006,27.0,0.9007,52.0
1753600012200,07:06:52.200,okx,AERO/USDT:USDT,0.9003,25.0,0.9002,92.0,0.9006,27.0,0.9007,52.0
1753600012900,07:06:52.900,okx,AERO/USDT:USDT,0.9003,8.0,0.9002,72.0,0.9006,27.0,0.9007,52.0
1753600013100,07:06:53.100,okx,AERO/USDT:USDT,0.9003,12.0,0.9002,72.0,0.9006,27.0,0.9007,52.0
1753600013500,07:06:53.500,okx,AERO/USDT:USDT,0.9003,12.0,0.9002,72.0,0.9006,27.0,0.9007,52.0
1753600013600,07:06:53.600,okx,AERO/USDT:USDT,0.9003,12.0,0.9002,72.0,0.9006,27.0,0.9007,52.0
1753600014500,07:06:54.500,okx,AERO/USDT:USDT,0.9003,12.0,0.9002,72.0,0.9006,27.0,0.9007,52.0
1753600014800,07:06:54.800,okx,AERO/USDT:USDT,0.9003,12.0,0.9002,72.0,0.9006,27.0,0.9007,52.0
1753600015000,07:06:55.000,okx,AERO/USDT:USDT,0.9003,12.0,0.9002,72.0,0.9006,27.0,0.9007,52.0
1753600015100,07:06:55.100,okx,AERO/USDT:USDT,0.9003,12.0,0.9002,72.0,0.9006,27.0,0.9007,52.0
1753600016000,07:06:56.000,okx,AERO/USDT:USDT,0.9003,2.0,0.9002,15.0,0.9005,48.0,0.9006,37.0
1753600016400,07:06:56.400,okx,AERO/USDT:USDT,0.9003,2.0,0.9002,15.0,0.9005,42.0,0.9006,20.0
1753600016500,07:06:56.500,okx,AERO/USDT:USDT,0.9003,3.0,0.9002,15.0,0.9005,42.0,0.9006,20.0
1753600017100,07:06:57.100,okx,AERO/USDT:USDT,0.9003,3.0,0.9002,15.0,0.9005,42.0,0.9006,20.0
1753600017900,07:06:57.900,okx,AERO/USDT:USDT,0.9003,3.0,0.9002,15.0,0.9005,42.0,0.9006,37.0
1753600018000,07:06:58.000,okx,AERO/USDT:USDT,0.9003,3.0,0.9002,15.0,0.9005,42.0,0.9006,37.0
1753600018100,07:06:58.100,okx,AERO/USDT:USDT,0.9003,3.0,0.9002,15.0,0.9005,54.0,0.9006,37.0
1753600018200,07:06:58.200,okx,AERO/USDT:USDT,0.9003,3.0,0.9002,15.0,0.9005,60.0,0.9006,37.0
1753600018600,07:06:58.600,okx,AERO/USDT:USDT,0.9003,3.0,0.9002,15.0,0.9005,42.0,0.9006,20.0
1753600018800,07:06:58.800,okx,AERO/USDT:USDT,0.9003,3.0,0.9002,15.0,0.9005,42.0,0.9006,20.0
1753600019500,07:06:59.500,okx,AERO/USDT:USDT,0.9003,3.0,0.9002,15.0,0.9005,42.0,0.9006,37.0
1753600019900,07:06:59.900,okx,AERO/USDT:USDT,0.9003,3.0,0.9002,38.0,0.9006,43.0,0.9007,18.0
1753600022700,07:07:02.700,okx,AERO/USDT:USDT,0.9003,7.0,0.9002,86.0,0.9006,13.0,0.9007,48.0
1753600022800,07:07:02.800,okx,AERO/USDT:USDT,0.9003,3.0,0.9002,86.0,0.9006,13.0,0.9007,48.0
1753600023000,07:07:03.000,okx,AERO/USDT:USDT,0.9003,3.0,0.9002,63.0,0.9006,31.0,0.9007,65.0
1753600023200,07:07:03.200,okx,AERO/USDT:USDT,0.9003,3.0,0.9002,86.0,0.9006,13.0,0.9007,48.0
1753600024000,07:07:04.000,okx,AERO/USDT:USDT,0.9003,3.0,0.9002,86.0,0.9006,13.0,0.9007,48.0
1753600024300,07:07:04.300,okx,AERO/USDT:USDT,0.9003,7.0,0.9002,86.0,0.9006,13.0,0.9007,48.0
1753600024500,07:07:04.500,okx,AERO/USDT:USDT,0.9003,7.0,0.9002,86.0,0.9006,13.0,0.9007,48.0
1753600025400,07:07:05.400,okx,AERO/USDT:USDT,0.9003,7.0,0.9002,86.0,0.9006,13.0,0.9007,48.0
1753600025500,07:07:05.500,okx,AERO/USDT:USDT,0.9003,7.0,0.9002,86.0,0.9006,27.0,0.9007,48.0
1753600026000,07:07:06.000,okx,AERO/USDT:USDT,0.9003,3.0,0.9002,69.0,0.9006,27.0,0.9007,48.0
1753600026100,07:07:06.100,okx,AERO/USDT:USDT,0.9003,3.0,0.9002,86.0,0.9006,27.0,0.9007,48.0
1753600026900,07:07:06.900,okx,AERO/USDT:USDT,0.9003,7.0,0.9002,86.0,0.9006,27.0,0.9007,48.0
1753600027100,07:07:07.100,okx,AERO/USDT:USDT,0.9003,11.0,0.9002,86.0,0.9006,27.0,0.9007,48.0
1753600027300,07:07:07.300,okx,AERO/USDT:USDT,0.9004,2.0,0.9003,11.0,0.9006,27.0,0.9007,42.0
1753600027400,07:07:07.400,okx,AERO/USDT:USDT,0.9004,10.0,0.9003,11.0,0.9006,27.0,0.9007,42.0
1753600028000,07:07:08.000,okx,AERO/USDT:USDT,0.9003,11.0,0.9002,87.0,0.9006,15.0,0.9007,42.0
1753600028100,07:07:08.100,okx,AERO/USDT:USDT,0.9003,11.0,0.9002,87.0,0.9006,15.0,0.9007,42.0
1753600028700,07:07:08.700,okx,AERO/USDT:USDT,0.9003,11.0,0.9002,87.0,0.9006,15.0,0.9007,42.0
1753600029000,07:07:09.000,okx,AERO/USDT:USDT,0.9003,11.0,0.9002,87.0,0.9006,15.0,0.9007,42.0
1753600029100,07:07:09.100,okx,AERO/USDT:USDT,0.9003,11.0,0.9002,86.0,0.9006,15.0,0.9007,48.0
1753600029200,07:07:09.200,okx,AERO/USDT:USDT,0.9004,2.0,0.9003,3.0,0.9007,56.0,0.9008,20.0
1753600029300,07:07:09.300,okx,AERO/USDT:USDT,0.9004,2.0,0.9003,23.0,0.9007,56.0,0.9008,20.0
1753600029700,07:07:09.700,okx,AERO/USDT:USDT,0.9003,3.0,0.9002,63.0,0.9006,47.0,0.9007,30.0
1753600029900,07:07:09.900,okx,AERO/USDT:USDT,0.9003,3.0,0.9002,63.0,0.9006,35.0,0.9007,30.0
1753600030000,07:07:10.000,okx,AERO/USDT:USDT,0.9003,3.0,0.9002,63.0,0.9006,35.0,0.9007,30.0
1753600030200,07:07:10.200,okx,AERO/USDT:USDT,0.9003,3.0,0.9002,63.0,0.9006,47.0,0.9007,30.0
1753600030300,07:07:10.300,okx,AERO/USDT:USDT,0.9003,3.0,0.9002,63.0,0.9006,47.0,0.9007,30.0
1753600030600,07:07:10.600,okx,AERO/USDT:USDT,0.9003,3.0,0.9002,69.0,0.9006,29.0,0.9007,18.0
1753600030700,07:07:10.700,okx,AERO/USDT:USDT,0.9003,3.0,0.9002,69.0,0.9006,29.0,0.9007,18.0
1753600030800,07:07:10.800,okx,AERO/USDT:USDT,0.9003,3.0,0.9002,63.0,0.9006,47.0,0.9007,35.0
1753600031000,07:07:11.000,okx,AERO/USDT:USDT,0.9003,3.0,0.9002,63.0,0.9006,47.0,0.9007,35.0
1753600031200,07:07:11.200,okx,AERO/USDT:USDT,0.9003,3.0,0.9002,63.0,0.9006,35.0,0.9007,35.0
1753600031400,07:07:11.400,okx,AERO/USDT:USDT,0.9003,3.0,0.9002,69.0,0.9006,29.0,0.9007,18.0
1753600031800,07:07:11.800,okx,AERO/USDT:USDT,0.9003,3.0,0.9002,63.0,0.9006,35.0,0.9007,18.0
1753600032900,07:07:12.900,okx,AERO/USDT:USDT,0.9003,3.0,0.9002,63.0,0.9006,35.0,0.9007,35.0
1753600033200,07:07:13.200,okx,AERO/USDT:USDT,0.9003,3.0,0.9002,63.0,0.9006,35.0,0.9007,35.0
1753600033300,07:07:13.300,okx,AERO/USDT:USDT,0.9003,4.0,0.9002,63.0,0.9006,35.0,0.9007,35.0
1753600034100,07:07:14.100,okx,AERO/USDT:USDT,0.9002,6.0,0.9001,8.0,0.9004,59.0,0.9005,25.0
1753600035000,07:07:15.000,okx,AERO/USDT:USDT,0.9,31.0,0.8999,37.0,0.9005,45.0,0.9006,83.0
1753600035600,07:07:15.600,okx,AERO/USDT:USDT,0.9,27.0,0.8999,37.0,0.9005,90.0,0.9006,38.0
1753600035900,07:07:15.900,okx,AERO/USDT:USDT,0.9001,2.0,0.9,36.0,0.9005,84.0,0.9006,21.0
1753600036000,07:07:16.000,okx,AERO/USDT:USDT,0.9001,2.0,0.9,36.0,0.9005,84.0,0.9006,21.0
1753600036100,07:07:16.100,okx,AERO/USDT:USDT,0.9001,2.0,0.9,36.0,0.9005,84.0,0.9006,21.0
1753600036600,07:07:16.600,okx,AERO/USDT:USDT,0.9,31.0,0.8999,37.0,0.9005,90.0,0.9006,93.0
1753600037500,07:07:17.500,okx,AERO/USDT:USDT,0.8999,54.0,0.8998,19.0,0.9004,81.0,0.9005,43.0
1753600037600,07:07:17.600,okx,AERO/USDT:USDT,0.8999,54.0,0.8998,36.0,0.9004,69.0,0.9005,43.0
1753600037900,07:07:17.900,okx,AERO/USDT:USDT,0.8999,58.0,0.8998,30.0,0.9004,69.0,0.9005,48.0
1753600038200,07:07:18.200,okx,AERO/USDT:USDT,0.8999,62.0,0.8998,30.0,0.9004,69.0,0.9005,48.0
1753600038300,07:07:18.300,okx,AERO/USDT:USDT,0.8999,58.0,0.8998,30.0,0.9004,69.0,0.9005,48.0
1753600038700,07:07:18.700,okx,AERO/USDT:USDT,0.8999,22.0,0.8998,67.0,0.9004,69.0,0.9005,31.0
1753600038900,07:07:18.900,okx,AERO/USDT:USDT,0.8999,22.0,0.8998,67.0,0.9004,69.0,0.9005,31.0
1753600039000,07:07:19.000,okx,AERO/USDT:USDT,0.8999,22.0,0.8998,67.0,0.9004,69.0,0.9005,31.0
1753600039100,07:07:19.100,okx,AERO/USDT:USDT,0.8999,22.0,0.8998,67.0,0.9004,69.0,0.9005,48.0
1753600039200,07:07:19.200,okx,AERO/USDT:USDT,0.8999,22.0,0.8998,67.0,0.9004,69.0,0.9005,31.0
1753600039300,07:07:19.300,okx,AERO/USDT:USDT,0.8999,22.0,0.8998,67.0,0.9004,69.0,0.9005,31.0
1753600039500,07:07:19.500,okx,AERO/USDT:USDT,0.8998,72.0,0.8997,29.0,0.9003,40.0,0.9004,18.0
1753600039600,07:07:19.600,okx,AERO/USDT:USDT,0.8998,72.0,0.8997,29.0,0.9003,40.0,0.9004,18.0
1753600039800,07:07:19.800,okx,AERO/USDT:USDT,0.8998,55.0,0.8997,29.0,0.9003,46.0,0.9004,35.0
1753600040200,07:07:20.200,okx,AERO/USDT:USDT,0.8998,57.0,0.8997,35.0,0.9003,40.0,0.9004,18.0
1753600040800,07:07:20.800,okx,AERO/USDT:USDT,0.8998,53.0,0.8997,35.0,0.9003,46.0,0.9004,35.0
1753600041600,07:07:21.600,okx,AERO/USDT:USDT,0.8998,57.0,0.8997,29.0,0.9003,46.0,0.9004,18.0
1753600041800,07:07:21.800,okx,AERO/USDT:USDT,0.8998,53.0,0.8997,29.0,0.9003,46.0,0.9004,36.0
1753600042000,07:07:22.000,okx,AERO/USDT:USDT,0.8998,49.0,0.8997,35.0,0.9003,58.0,0.9004,36.0
1753600042100,07:07:22.100,okx,AERO/USDT:USDT,0.8998,49.0,0.8997,18.0,0.9003,78.0,0.9004,36.0
1753600042200,07:07:22.200,okx,AERO/USDT:USDT,0.8998,49.0,0.8997,35.0,0.9003,72.0,0.9004,36.0
1753600042300,07:07:22.300,okx,AERO/USDT:USDT,0.8998,49.0,0.8997,35.0,0.9003,72.0,0.9004,36.0
1753600042500,07:07:22.500,okx,AERO/USDT:USDT,0.8998,37.0,0.8997,12.0,0.9002,60.0,0.9003,24.0
1753600043300,07:07:23.300,okx,AERO/USDT:USDT,0.8997,46.0,0.8996,31.0,0.9002,60.0,0.9003,39.0
1753600044300,07:07:24.300,okx,AERO/USDT:USDT,0.8997,34.0,0.8996,14.0,0.9001,39.0,0.9002,19.0
1753600044600,07:07:24.600,okx,AERO/USDT:USDT,0.8997,34.0,0.8996,14.0,0.9001,51.0,0.9002,19.0
1753600044900,07:07:24.900,okx,AERO/USDT:USDT,0.8997,34.0,0.8996,14.0,0.9001,51.0,0.9002,19.0
1753600045200,07:07:25.200,okx,AERO/USDT:USDT,0.8997,34.0,0.8996,14.0,0.9001,51.0,0.9002,19.0
1753600045700,07:07:25.700,okx,AERO/USDT:USDT,0.8997,34.0,0.8996,14.0,0.9001,51.0,0.9002,19.0
1753600045800,07:07:25.800,okx,AERO/USDT:USDT,0.8997,34.0,0.8996,14.0,0.9001,51.0,0.9002,19.0
1753600046100,07:07:26.100,okx,AERO/USDT:USDT,0.8998,2.0,0.8997,34.0,0.9001,33.0,0.9002,7.0
1753600046400,07:07:26.400,okx,AERO/USDT:USDT,0.8997,34.0,0.8996,20.0,0.9001,39.0,0.9002,36.0
1753600046500,07:07:26.500,okx,AERO/USDT:USDT,0.8997,34.0,0.8996,20.0,0.9001,39.0,0.9002,36.0
1753600046600,07:07:26.600,okx,AERO/USDT:USDT,0.8997,34.0,0.8996,20.0,0.9001,39.0,0.9002,36.0
1753600046700,07:07:26.700,okx,AERO/USDT:USDT,0.8997,34.0,0.8996,20.0,0.9001,39.0,0.9002,36.0
1753600047700,07:07:27.700,okx,AERO/USDT:USDT,0.8997,34.0,0.8996,20.0,0.9001,51.0,0.9002,36.0
1753600047900,07:07:27.900,okx,AERO/USDT:USDT,0.8997,34.0,0.8996,14.0,0.9001,51.0,0.9002,36.0
1753600048500,07:07:28.500,okx,AERO/USDT:USDT,0.8998,2.0,0.8997,34.0,0.9001,39.0,0.9002,19.0
1753600048800,07:07:28.800,okx,AERO/USDT:USDT,0.8998,2.0,0.8997,57.0,0.9001,33.0,0.9002,19.0
1753600049400,07:07:29.400,okx,AERO/USDT:USDT,0.8997,34.0,0.8996,20.0,0.9001,39.0,0.9002,36.0
1753600049800,07:07:29.800,okx,AERO/USDT:USDT,0.8997,4.0,0.8996,67.0,0.9001,33.0,0.9002,19.0
1753600049900,07:07:29.900,okx,AERO/USDT:USDT,0.8997,8.0,0.8996,67.0,0.9001,33.0,0.9002,19.0
1753600050200,07:07:30.200,okx,AERO/USDT:USDT,0.8997,8.0,0.8996,67.0,0.9001,33.0,0.9002,19.0
1753600050600,07:07:30.600,okx,AERO/USDT:USDT,0.8998,4.0,0.8997,20.0,0.9001,33.0,0.9002,13.0
1753600050700,07:07:30.700,okx,AERO/USDT:USDT,0.8997,4.0,0.8996,44.0,0.9001,33.0,0.9002,36.0
1753600051000,07:07:31.000,okx,AERO/USDT:USDT,0.8997,4.0,0.8996,61.0,0.9001,33.0,0.9002,19.0
1753600051500,07:07:31.500,okx,AERO/USDT:USDT,0.8997,4.0,0.8996,61.0,0.9001,33.0,0.9002,19.0
1753600052100,07:07:32.100,okx,AERO/USDT:USDT,0.8997,8.0,0.8996,61.0,0.9001,33.0,0.9002,19.0
1753600052200,07:07:32.200,okx,AERO/USDT:USDT,0.8997,8.0,0.8996,61.0,0.9001,33.0,0.9002,19.0
1753600052700,07:07:32.700,okx,AERO/USDT:USDT,0.8997,8.0,0.8996,61.0,0.9001,33.0,0.9002,19.0
1753600053100,07:07:33.100,okx,AERO/USDT:USDT,0.8997,8.0,0.8996,61.0,0.9001,33.0,0.9002,19.0
1753600053200,07:07:33.200,okx,AERO/USDT:USDT,0.8997,8.0,0.8996,61.0,0.9001,33.0,0.9002,19.0
1753600053800,07:07:33.800,okx,AERO/USDT:USDT,0.8999,8.0,0.8998,10.0,0.9001,33.0,0.9002,13.0
1753600054000,07:07:34.000,okx,AERO/USDT:USDT,0.8999,8.0,0.8998,10.0,0.9001,33.0,0.9002,13.0
1753600054200,07:07:34.200,okx,AERO/USDT:USDT,0.8999,4.0,0.8998,10.0,0.9001,33.0,0.9002,13.0
1753600054800,07:07:34.800,okx,AERO/USDT:USDT,0.8998,4.0,0.8997,20.0,0.9001,33.0,0.9002,13.0
1753600055100,07:07:35.100,okx,AERO/USDT:USDT,0.8998,8.0,0.8997,20.0,0.9001,33.0,0.9002,13.0
1753600055200,07:07:35.200,okx,AERO/USDT:USDT,0.8998,8.0,0.8997,20.0,0.9001,33.0,0.9002,13.0
1753600055400,07:07:35.400,okx,AERO/USDT:USDT,0.8998,8.0,0.8997,20.0,0.9001,33.0,0.9002,13.0
1753600055500,07:07:35.500,okx,AERO/USDT:USDT,0.8998,8.0,0.8997,20.0,0.9001,33.0,0.9002,13.0
1753600055700,07:07:35.700,okx,AERO/USDT:USDT,0.8998,8.0,0.8997,20.0,0.9001,33.0,0.9002,13.0
1753600056200,07:07:36.200,okx,AERO/USDT:USDT,0.8998,8.0,0.8997,20.0,0.9001,33.0,0.9002,13.0
1753600056300,07:07:36.300,okx,AERO/USDT:USDT,0.8998,8.0,0.8997,20.0,0.9001,33.0,0.9002,13.0
1753600057600,07:07:37.600,okx,AERO/USDT:USDT,0.9,8.0,0.8999,8.0,0.9002,41.0,0.9003,12.0
1753600057700,07:07:37.700,okx,AERO/USDT:USDT,0.9,4.0,0.8999,8.0,0.9002,41.0,0.9003,12.0
1753600057900,07:07:37.900,okx,AERO/USDT:USDT,0.9,4.0,0.8999,8.0,0.9002,41.0,0.9003,12.0
1753600058500,07:07:38.500,okx,AERO/USDT:USDT,0.8999,8.0,0.8998,22.0,0.9002,41.0,0.9003,12.0
1753600058800,07:07:38.800,okx,AERO/USDT:USDT,0.8998,8.0,0.8997,50.0,0.9002,41.0,0.9003,18.0
1753600059100,07:07:39.100,okx,AERO/USDT:USDT,0.8998,8.0,0.8997,50.0,0.9002,41.0,0.9003,18.0
1753600059500,07:07:39.500,okx,AERO/USDT:USDT,0.9,10.0,0.8999,8.0,0.9002,41.0,0.9003,12.0
1753600059700,07:07:39.700,okx,AERO/USDT:USDT,0.8999,8.0,0.8998,22.0,0.9002,41.0,0.9003,12.0
1753600060100,07:07:40.100,okx,AERO/USDT:USDT,0.8999,8.0,0.8998,22.0,0.9002,41.0,0.9003,12.0
1753600061300,07:07:41.300,okx,AERO/USDT:USDT,0.8999,8.0,0.8998,22.0,0.9002,41.0,0.9003,12.0
1753600061500,07:07:41.500,okx,AERO/USDT:USDT,0.8999,8.0,0.8998,22.0,0.9002,41.0,0.9003,12.0
1753600061700,07:07:41.700,okx,AERO/USDT:USDT,0.8999,8.0,0.8998,22.0,0.9002,41.0,0.9003,12.0
1753600061800,07:07:41.800,okx,AERO/USDT:USDT,0.8999,8.0,0.8998,22.0,0.9002,41.0,0.9003,12.0
1753600062300,07:07:42.300,okx,AERO/USDT:USDT,0.8998,20.0,0.8997,50.0,0.9002,41.0,0.9003,12.0
1753600063700,07:07:43.700,okx,AERO/USDT:USDT,0.8998,20.0,0.8997,50.0,0.9002,41.0,0.9003,12.0
1753600063800,07:07:43.800,okx,AERO/USDT:USDT,0.8998,16.0,0.8997,50.0,0.9002,41.0,0.9003,12.0
1753600064900,07:07:44.900,okx,AERO/USDT:USDT,0.8998,20.0,0.8997,50.0,0.9002,41.0,0.9003,12.0
1753600065100,07:07:45.100,okx,AERO/USDT:USDT,0.8998,20.0,0.8997,50.0,0.9002,41.0,0.9003,12.0
1753600065300,07:07:45.300,okx,AERO/USDT:USDT,0.8998,16.0,0.8997,50.0,0.9002,41.0,0.9003,12.0
1753600065500,07:07:45.500,okx,AERO/USDT:USDT,0.8998,16.0,0.8997,50.0,0.9002,41.0,0.9003,12.0
1753600066000,07:07:46.000,okx,AERO/USDT:USDT,0.8999,2.0,0.8998,36.0,0.9002,41.0,0.9003,12.0
1753600066100,07:07:46.100,okx,AERO/USDT:USDT,0.8999,2.0,0.8998,36.0,0.9002,41.0,0.9003,12.0
1753600066300,07:07:46.300,okx,AERO/USDT:USDT,0.8999,10.0,0.8998,37.0,0.9002,41.0,0.9003,12.0
1753600066800,07:07:46.800,okx,AERO/USDT:USDT,0.8999,6.0,0.8998,37.0,0.9002,41.0,0.9003,12.0
1753600067000,07:07:47.000,okx,AERO/USDT:USDT,0.8998,12.0,0.8997,69.0,0.9002,41.0,0.9003,12.0
1753600067100,07:07:47.100,okx,AERO/USDT:USDT,0.8998,12.0,0.8997,69.0,0.9002,41.0,0.9003,12.0
1753600067400,07:07:47.400,okx,AERO/USDT:USDT,0.8998,12.0,0.8997,69.0,0.9002,41.0,0.9003,29.0
1753600068300,07:07:48.300,okx,AERO/USDT:USDT,0.8997,54.0,0.8996,31.0,0.9002,41.0,0.9003,35.0
1753600068700,07:07:48.700,okx,AERO/USDT:USDT,0.8997,55.0,0.8996,31.0,0.9002,41.0,0.9003,29.0
1753600069800,07:07:49.800,okx,AERO/USDT:USDT,0.8997,47.0,0.8996,14.0,0.9002,59.0,0.9003,29.0
1753600070200,07:07:50.200,okx,AERO/USDT:USDT,0.8997,47.0,0.8996,31.0,0.9002,59.0,0.9003,29.0
1753600070700,07:07:50.700,okx,AERO/USDT:USDT,0.8998,2.0,0.8997,68.0,0.9002,41.0,0.9003,35.0
1753600070800,07:07:50.800,okx,AERO/USDT:USDT,0.8997,51.0,0.8996,31.0,0.9002,59.0,0.9003,35.0
1753600070900,07:07:50.900,okx,AERO/USDT:USDT,0.8997,51.0,0.8996,31.0,0.9002,59.0,0.9003,35.0
1753600071500,07:07:51.500,okx,AERO/USDT:USDT,0.8997,51.0,0.8996,31.0,0.9002,59.0,0.9003,35.0
1753600071600,07:07:51.600,okx,AERO/USDT:USDT,0.8997,51.0,0.8996,31.0,0.9002,59.0,0.9003,35.0
1753600071900,07:07:51.900,okx,AERO/USDT:USDT,0.8997,51.0,0.8996,20.0,0.9002,59.0,0.9003,35.0
1753600072200,07:07:52.200,okx,AERO/USDT:USDT,0.8999,2.0,0.8998,6.0,0.9002,41.0,0.9003,18.0
1753600072500,07:07:52.500,okx,AERO/USDT:USDT,0.8997,47.0,0.8996,20.0,0.9002,59.0,0.9003,35.0
1753600074000,07:07:54.000,okx,AERO/USDT:USDT,0.8998,4.0,0.8997,68.0,0.9002,41.0,0.9003,35.0
1753600074400,07:07:54.400,okx,AERO/USDT:USDT,0.8999,2.0,0.8998,10.0,0.9002,41.0,0.9003,18.0
1753600074800,07:07:54.800,okx,AERO/USDT:USDT,0.8999,2.0,0.8998,10.0,0.9002,41.0,0.9003,18.0
1753600075200,07:07:55.200,okx,AERO/USDT:USDT,0.8998,4.0,0.8997,68.0,0.9002,47.0,0.9003,35.0
1753600075300,07:07:55.300,okx,AERO/USDT:USDT,0.8998,4.0,0.8997,68.0,0.9002,47.0,0.9003,35.0
1753600075500,07:07:55.500,okx,AERO/USDT:USDT,0.8999,2.0,0.8998,6.0,0.9002,41.0,0.9003,18.0
1753600075600,07:07:55.600,okx,AERO/USDT:USDT,0.8999,2.0,0.8998,6.0,0.9002,41.0,0.9003,18.0
1753600075700,07:07:55.700,okx,AERO/USDT:USDT,0.8999,2.0,0.8998,6.0,0.9002,41.0,0.9003,18.0
1753600076000,07:07:56.000,okx,AERO/USDT:USDT,0.8999,2.0,0.8998,23.0,0.9002,41.0,0.9003,18.0
1753600076100,07:07:56.100,okx,AERO/USDT:USDT,0.8999,2.0,0.8998,6.0,0.9002,41.0,0.9003,35.0
1753600076200,07:07:56.200,okx,AERO/USDT:USDT,0.8999,2.0,0.8998,6.0,0.9002,41.0,0.9003,35.0
1753600077100,07:07:57.100,okx,AERO/USDT:USDT,0.8997,47.0,0.8996,14.0,0.9001,67.0,0.9002,30.0
1753600077200,07:07:57.200,okx,AERO/USDT:USDT,0.8997,47.0,0.8996,14.0,0.9001,67.0,0.9002,30.0
1753600077500,07:07:57.500,okx,AERO/USDT:USDT,0.8997,47.0,0.8996,14.0,0.9001,67.0,0.9002,30.0
1753600077700,07:07:57.700,okx,AERO/USDT:USDT,0.8997,47.0,0.8996,20.0,0.9001,67.0,0.9002,30.0
1753600077800,07:07:57.800,okx,AERO/USDT:USDT,0.8997,47.0,0.8996,14.0,0.9001,67.0,0.9002,30.0
1753600078400,07:07:58.400,okx,AERO/USDT:USDT,0.8997,35.0,0.8996,20.0,0.9001,67.0,0.9002,30.0
1753600078900,07:07:58.900,okx,AERO/USDT:USDT,0.8997,1.0,0.8996,52.0,0.9001,55.0,0.9002,30.0
1753600079100,07:07:59.100,okx,AERO/USDT:USDT,0.8997,1.0,0.8996,52.0,0.9001,55.0,0.9002,30.0
1753600079200,07:07:59.200,okx,AERO/USDT:USDT,0.8997,1.0,0.8996,52.0,0.9001,55.0,0.9002,30.0
1753600079500,07:07:59.500,okx,AERO/USDT:USDT,0.8997,1.0,0.8996,52.0,0.9001,55.0,0.9002,30.0
1753600079700,07:07:59.700,okx,AERO/USDT:USDT,0.8997,1.0,0.8996,52.0,0.9001,55.0,0.9002,30.0
1753600079800,07:07:59.800,okx,AERO/USDT:USDT,0.8997,1.0,0.8996,52.0,0.9001,55.0,0.9002,30.0
1753600080500,07:08:00.500,okx,AERO/USDT:USDT,0.8997,1.0,0.8996,52.0,0.9001,55.0,0.9002,36.0
1753600080600,07:08:00.600,okx,AERO/USDT:USDT,0.8997,1.0,0.8996,52.0,0.9001,55.0,0.9002,36.0
1753600080800,07:08:00.800,okx,AERO/USDT:USDT,0.8997,1.0,0.8996,52.0,0.9001,55.0,0.9002,36.0
1753600081100,07:08:01.100,okx,AERO/USDT:USDT,0.8998,1.0,0.8997,1.0,0.9001,55.0,0.9002,36.0
1753600082900,07:08:02.900,okx,AERO/USDT:USDT,0.8998,1.0,0.8997,1.0,0.8999,43.0,0.9,18.0
1753600083200,07:08:03.200,okx,AERO/USDT:USDT,0.8998,1.0,0.8997,1.0,0.8999,37.0,0.9,18.0
1753600083600,07:08:03.600,okx,AERO/USDT:USDT,0.8998,1.0,0.8997,12.0,0.9,37.0,0.9001,34.0
1753600083700,07:08:03.700,okx,AERO/USDT:USDT,0.8998,1.0,0.8997,12.0,0.9,37.0,0.9001,17.0
1753600084100,07:08:04.100,okx,AERO/USDT:USDT,0.8998,1.0,0.8997,24.0,0.9,37.0,0.9001,11.0
1753600084200,07:08:04.200,okx,AERO/USDT:USDT,0.8998,1.0,0.8997,7.0,0.9,37.0,0.9001,11.0
1753600084700,07:08:04.700,okx,AERO/USDT:USDT,0.8998,1.0,0.8997,24.0,0.9,37.0,0.9001,17.0
1753600084900,07:08:04.900,okx,AERO/USDT:USDT,0.8998,1.0,0.8997,7.0,0.9,37.0,0.9001,17.0
1753600085100,07:08:05.100,okx,AERO/USDT:USDT,0.8998,1.0,0.8997,24.0,0.9,37.0,0.9001,11.0
1753600085300,07:08:05.300,okx,AERO/USDT:USDT,0.8998,1.0,0.8997,7.0,0.9,37.0,0.9001,17.0
1753600085400,07:08:05.400,okx,AERO/USDT:USDT,0.8998,1.0,0.8997,24.0,0.9,37.0,0.9001,17.0
1753600085600,07:08:05.600,okx,AERO/USDT:USDT,0.8998,1.0,0.8997,24.0,0.9,37.0,0.9001,17.0
1753600086000,07:08:06.000,okx,AERO/USDT:USDT,0.8998,1.0,0.8997,24.0,0.9,37.0,0.9001,17.0
1753600086100,07:08:06.100,okx,AERO/USDT:USDT,0.8998,1.0,0.8997,24.0,0.9,37.0,0.9001,17.0
1753600086300,07:08:06.300,okx,AERO/USDT:USDT,0.8998,1.0,0.8997,24.0,0.9,37.0,0.9001,17.0
1753600086600,07:08:06.600,okx,AERO/USDT:USDT,0.8998,1.0,0.8997,24.0,0.9,37.0,0.9001,17.0
1753600086700,07:08:06.700,okx,AERO/USDT:USDT,0.8998,1.0,0.8997,24.0,0.9,37.0,0.9001,17.0
1753600086800,07:08:06.800,okx,AERO/USDT:USDT,0.8998,1.0,0.8997,24.0,0.9,37.0,0.9001,17.0
1753600086900,07:08:06.900,okx,AERO/USDT:USDT,0.8998,1.0,0.8997,24.0,0.9,37.0,0.9001,17.0
1753600087100,07:08:07.100,okx,AERO/USDT:USDT,0.8998,1.0,0.8997,24.0,0.9,37.0,0.9001,17.0
1753600087200,07:08:07.200,okx,AERO/USDT:USDT,0.8998,1.0,0.8997,24.0,0.9,37.0,0.9001,17.0
1753600087300,07:08:07.300,okx,AERO/USDT:USDT,0.8998,1.0,0.8997,24.0,0.9,37.0,0.9001,17.0
1753600087600,07:08:07.600,okx,AERO/USDT:USDT,0.8998,4.0,0.8997,24.0,0.9,37.0,0.9001,11.0
1753600087800,07:08:07.800,okx,AERO/USDT:USDT,0.8998,1.0,0.8997,24.0,0.9,37.0,0.9001,17.0
1753600088200,07:08:08.200,okx,AERO/USDT:USDT,0.8998,7.0,0.8997,24.0,0.9,37.0,0.9001,11.0
1753600088700,07:08:08.700,okx,AERO/USDT:USDT,0.9002,8.0,0.9001,6.0,0.9004,83.0,0.9005,25.0
1753600089400,07:08:09.400,okx,AERO/USDT:USDT,0.9003,5.0,0.9002,7.0,0.9004,1.0,0.9005,68.0
1753600089500,07:08:09.500,okx,AERO/USDT:USDT,0.9003,5.0,0.9002,7.0,0.9004,1.0,0.9005,68.0
1753600089600,07:08:09.600,okx,AERO/USDT:USDT,0.9002,3.0,0.9001,6.0,0.9004,1.0,0.9005,68.0
1753600089700,07:08:09.700,okx,AERO/USDT:USDT,0.9002,3.0,0.9001,47.0,0.9004,1.0,0.9005,25.0
1753600089800,07:08:09.800,okx,AERO/USDT:USDT,0.9002,3.0,0.9001,47.0,0.9004,1.0,0.9005,25.0
1753600089900,07:08:09.900,okx,AERO/USDT:USDT,0.9002,3.0,0.9001,47.0,0.9004,1.0,0.9005,25.0
1753600090100,07:08:10.100,okx,AERO/USDT:USDT,0.9002,8.0,0.9001,61.0,0.9004,1.0,0.9005,25.0
1753600090200,07:08:10.200,okx,AERO/USDT:USDT,0.9002,8.0,0.9001,61.0,0.9004,1.0,0.9005,25.0
1753600090300,07:08:10.300,okx,AERO/USDT:USDT,0.9002,8.0,0.9001,61.0,0.9004,1.0,0.9005,25.0
1753600090600,07:08:10.600,okx,AERO/USDT:USDT,0.9002,8.0,0.9001,61.0,0.9004,1.0,0.9005,25.0
1753600090800,07:08:10.800,okx,AERO/USDT:USDT,0.9002,8.0,0.9001,61.0,0.9004,1.0,0.9005,25.0
1753600090900,07:08:10.900,okx,AERO/USDT:USDT,0.9002,8.0,0.9001,61.0,0.9004,1.0,0.9005,25.0
1753600091100,07:08:11.100,okx,AERO/USDT:USDT,0.9002,8.0,0.9001,61.0,0.9004,1.0,0.9005,25.0
1753600091200,07:08:11.200,okx,AERO/USDT:USDT,0.9002,5.0,0.9001,61.0,0.9004,1.0,0.9005,25.0
1753600092100,07:08:12.100,okx,AERO/USDT:USDT,0.9002,5.0,0.9001,61.0,0.9004,1.0,0.9005,25.0
1753600093000,07:08:13.000,okx,AERO/USDT:USDT,0.9002,2.0,0.9001,47.0,0.9004,1.0,0.9005,25.0
1753600093100,07:08:13.100,okx,AERO/USDT:USDT,0.9002,2.0,0.9001,64.0,0.9004,1.0,0.9005,25.0
1753600093200,07:08:13.200,okx,AERO/USDT:USDT,0.9001,47.0,0.9,56.0,0.9004,1.0,0.9005,25.0
1753600093600,07:08:13.600,okx,AERO/USDT:USDT,0.9001,41.0,0.9,36.0,0.9004,1.0,0.9005,25.0
1753600093700,07:08:13.700,okx,AERO/USDT:USDT,0.9002,8.0,0.9001,64.0,0.9004,1.0,0.9005,25.0
1753600093800,07:08:13.800,okx,AERO/USDT:USDT,0.9002,8.0,0.9001,64.0,0.9004,1.0,0.9005,25.0
1753600094700,07:08:14.700,okx,AERO/USDT:USDT,0.9001,41.0,0.9,36.0,0.9004,1.0,0.9005,63.0
1753600095000,07:08:15.000,okx,AERO/USDT:USDT,0.9001,41.0,0.9,36.0,0.9004,1.0,0.9005,63.0
1753600095300,07:08:15.300,okx,AERO/USDT:USDT,0.9001,44.0,0.9,36.0,0.9004,1.0,0.9005,63.0
1753600095800,07:08:15.800,okx,AERO/USDT:USDT,0.9002,5.0,0.9001,47.0,0.9004,1.0,0.9005,63.0
1753600096100,07:08:16.100,okx,AERO/USDT:USDT,0.9001,44.0,0.9,36.0,0.9004,1.0,0.9005,63.0
1753600096400,07:08:16.400,okx,AERO/USDT:USDT,0.9002,2.0,0.9001,44.0,0.9004,1.0,0.9005,63.0
1753600096700,07:08:16.700,okx,AERO/USDT:USDT,0.9002,2.0,0.9001,44.0,0.9004,1.0,0.9005,63.0
1753600096800,07:08:16.800,okx,AERO/USDT:USDT,0.9002,2.0,0.9001,44.0,0.9004,1.0,0.9005,63.0
1753600097300,07:08:17.300,okx,AERO/USDT:USDT,0.9001,41.0,0.9,36.0,0.9004,1.0,0.9005,63.0
1753600097500,07:08:17.500,okx,AERO/USDT:USDT,0.9001,41.0,0.9,36.0,0.9004,1.0,0.9005,63.0
1753600097700,07:08:17.700,okx,AERO/USDT:USDT,0.9002,2.0,0.9001,64.0,0.9004,1.0,0.9005,63.0
1753600098000,07:08:18.000,okx,AERO/USDT:USDT,0.9002,2.0,0.9001,64.0,0.9004,1.0,0.9005,63.0
1753600098200,07:08:18.200,okx,AERO/USDT:USDT,0.9001,41.0,0.9,19.0,0.9004,1.0,0.9005,63.0
1753600098400,07:08:18.400,okx,AERO/USDT:USDT,0.9002,2.0,0.9001,47.0,0.9004,1.0,0.9005,63.0
1753600098500,07:08:18.500,okx,AERO/USDT:USDT,0.9002,2.0,0.9001,47.0,0.9004,1.0,0.9005,63.0
1753600098700,07:08:18.700,okx,AERO/USDT:USDT,0.9002,8.0,0.9001,47.0,0.9004,1.0,0.9005,63.0
1753600099100,07:08:19.100,okx,AERO/USDT:USDT,0.9002,2.0,0.9001,44.0,0.9004,1.0,0.9005,63.0
1753600099200,07:08:19.200,okx,AERO/USDT:USDT,0.9002,5.0,0.9001,61.0,0.9004,1.0,0.9005,63.0
1753600099400,07:08:19.400,okx,AERO/USDT:USDT,0.9002,8.0,0.9001,61.0,0.9004,1.0,0.9005,63.0
1753600099700,07:08:19.700,okx,AERO/USDT:USDT,0.9002,2.0,0.9001,61.0,0.9004,1.0,0.9005,63.0
1753600099900,07:08:19.900,okx,AERO/USDT:USDT,0.9001,44.0,0.9,36.0,0.9004,1.0,0.9005,63.0
1753600100400,07:08:20.400,okx,AERO/USDT:USDT,0.9001,44.0,0.9,36.0,0.9004,1.0,0.9005,63.0
1753600101100,07:08:21.100,okx,AERO/USDT:USDT,0.9001,45.0,0.9,36.0,0.9004,3.0,0.9005,63.0
1753600101300,07:08:21.300,okx,AERO/USDT:USDT,0.9001,45.0,0.9,36.0,0.9004,3.0,0.9005,63.0
1753600101600,07:08:21.600,okx,AERO/USDT:USDT,0.9001,45.0,0.9,36.0,0.9004,3.0,0.9005,63.0
1753600102200,07:08:22.200,okx,AERO/USDT:USDT,0.9001,45.0,0.9,36.0,0.9004,3.0,0.9005,63.0
1753600102500,07:08:22.500,okx,AERO/USDT:USDT,0.9001,42.0,0.9,19.0,0.9004,3.0,0.9005,63.0
1753600102800,07:08:22.800,okx,AERO/USDT:USDT,0.9001,1.0,0.9,36.0,0.9004,21.0,0.9005,86.0
1753600103200,07:08:23.200,okx,AERO/USDT:USDT,0.9001,1.0,0.9,42.0,0.9004,15.0,0.9005,86.0
1753600104300,07:08:24.300,okx,AERO/USDT:USDT,0.9001,1.0,0.9,42.0,0.9004,15.0,0.9005,86.0
1753600104700,07:08:24.700,okx,AERO/USDT:USDT,0.9001,1.0,0.9,42.0,0.9004,21.0,0.9005,86.0
1753600104900,07:08:24.900,okx,AERO/USDT:USDT,0.9001,1.0,0.9,42.0,0.9004,21.0,0.9005,86.0
1753600105300,07:08:25.300,okx,AERO/USDT:USDT,0.9001,1.0,0.9,42.0,0.9004,21.0,0.9005,86.0
1753600105700,07:08:25.700,okx,AERO/USDT:USDT,0.9001,1.0,0.9,36.0,0.9004,33.0,0.9005,86.0
1753600105800,07:08:25.800,okx,AERO/USDT:USDT,0.9001,1.0,0.9,36.0,0.9004,33.0,0.9005,86.0
1753600105900,07:08:25.900,okx,AERO/USDT:USDT,0.9002,8.0,0.9001,7.0,0.9004,15.0,0.9005,63.0
1753600106100,07:08:26.100,okx,AERO/USDT:USDT,0.9002,5.0,0.9001,48.0,0.9004,15.0,0.9005,63.0
1753600106600,07:08:26.600,okx,AERO/USDT:USDT,0.9002,5.0,0.9001,62.0,0.9004,15.0,0.9005,63.0
1753600106800,07:08:26.800,okx,AERO/USDT:USDT,0.9002,5.0,0.9001,45.0,0.9004,15.0,0.9005,63.0
1753600107900,07:08:27.900,okx,AERO/USDT:USDT,0.9002,3.0,0.9001,45.0,0.9004,15.0,0.9005,63.0
1753600108000,07:08:28.000,okx,AERO/USDT:USDT,0.9002,3.0,0.9001,45.0,0.9004,15.0,0.9005,63.0
1753600108400,07:08:28.400,okx,AERO/USDT:USDT,0.9001,45.0,0.9,24.0,0.9004,15.0,0.9005,63.0
1753600108500,07:08:28.500,okx,AERO/USDT:USDT,0.9001,45.0,0.9,24.0,0.9004,15.0,0.9005,63.0
1753600108600,07:08:28.600,okx,AERO/USDT:USDT,0.9001,45.0,0.9,24.0,0.9004,15.0,0.9005,63.0
1753600108700,07:08:28.700,okx,AERO/USDT:USDT,0.9001,45.0,0.9,24.0,0.9004,15.0,0.9005,63.0
1753600109000,07:08:29.000,okx,AERO/USDT:USDT,0.9001,45.0,0.9,24.0,0.9004,15.0,0.9005,63.0
1753600109100,07:08:29.100,okx,AERO/USDT:USDT,0.9001,45.0,0.9,24.0,0.9004,15.0,0.9005,63.0
1753600109500,07:08:29.500,okx,AERO/USDT:USDT,0.9001,42.0,0.9,24.0,0.9004,15.0,0.9005,63.0
1753600109900,07:08:29.900,okx,AERO/USDT:USDT,0.9001,45.0,0.9,24.0,0.9004,15.0,0.9005,63.0
1753600110200,07:08:30.200,okx,AERO/USDT:USDT,0.9001,48.0,0.9,24.0,0.9004,15.0,0.9005,63.0
1753600110400,07:08:30.400,okx,AERO/USDT:USDT,0.9002,2.0,0.9001,45.0,0.9004,15.0,0.9005,63.0
1753600110500,07:08:30.500,okx,AERO/USDT:USDT,0.9001,45.0,0.9,24.0,0.9004,15.0,0.9005,63.0
1753600111100,07:08:31.100,okx,AERO/USDT:USDT,0.9001,42.0,0.9,7.0,0.9004,33.0,0.9005,86.0
1753600111300,07:08:31.300,okx,AERO/USDT:USDT,0.9003,2.0,0.9002,44.0,0.9005,11.0,0.9006,57.0
1753600111400,07:08:31.400,okx,AERO/USDT:USDT,0.9002,43.0,0.9001,13.0,0.9005,23.0,0.9006,80.0
1753600112000,07:08:32.000,okx,AERO/USDT:USDT,0.9003,2.0,0.9002,44.0,0.9005,11.0,0.9006,80.0
1753600112300,07:08:32.300,okx,AERO/USDT:USDT,0.9003,2.0,0.9002,44.0,0.9005,11.0,0.9006,80.0
1753600112600,07:08:32.600,okx,AERO/USDT:USDT,0.9002,43.0,0.9001,7.0,0.9005,17.0,0.9006,80.0
1753600113300,07:08:33.300,okx,AERO/USDT:USDT,0.9002,43.0,0.9001,7.0,0.9005,17.0,0.9006,80.0
1753600113400,07:08:33.400,okx,AERO/USDT:USDT,0.9003,2.0,0.9002,50.0,0.9005,11.0,0.9006,63.0
1753600113500,07:08:33.500,okx,AERO/USDT:USDT,0.9003,2.0,0.9002,50.0,0.9005,11.0,0.9006,63.0
1753600113900,07:08:33.900,okx,AERO/USDT:USDT,0.9002,43.0,0.9001,7.0,0.9005,17.0,0.9006,80.0
1753600114300,07:08:34.300,okx,AERO/USDT:USDT,0.9002,43.0,0.9001,7.0,0.9005,17.0,0.9006,80.0
1753600114600,07:08:34.600,okx,AERO/USDT:USDT,0.9002,43.0,0.9001,7.0,0.9005,17.0,0.9006,80.0
1753600114700,07:08:34.700,okx,AERO/USDT:USDT,0.9002,43.0,0.9001,7.0,0.9005,17.0,0.9006,80.0
1753600115200,07:08:35.200,okx,AERO/USDT:USDT,0.9001,33.0,0.9,19.0,0.9005,29.0,0.9006,80.0
1753600115300,07:08:35.300,okx,AERO/USDT:USDT,0.9001,33.0,0.9,19.0,0.9005,29.0,0.9006,80.0
1753600116200,07:08:36.200,okx,AERO/USDT:USDT,0.9001,33.0,0.9,36.0,0.9005,46.0,0.9006,20.0
1753600118000,07:08:38.000,okx,AERO/USDT:USDT,0.9001,37.0,0.9,30.0,0.9005,46.0,0.9006,37.0
1753600118700,07:08:38.700,okx,AERO/USDT:USDT,0.9001,37.0,0.9,13.0,0.9005,46.0,0.9006,37.0
1753600119000,07:08:39.000,okx,AERO/USDT:USDT,0.9001,37.0,0.9,13.0,0.9005,46.0,0.9006,37.0
1753600119100,07:08:39.100,okx,AERO/USDT:USDT,0.9001,37.0,0.9,13.0,0.9005,46.0,0.9006,37.0
1753600119700,07:08:39.700,okx,AERO/USDT:USDT,0.9002,2.0,0.9001,41.0,0.9005,40.0,0.9006,20.0
1753600121200,07:08:41.200,okx,AERO/USDT:USDT,0.9003,40.0,0.9002,9.0,0.9005,11.0,0.9006,14.0
1753600122300,07:08:42.300,okx,AERO/USDT:USDT,0.9003,40.0,0.9002,9.0,0.9005,11.0,0.9006,14.0
1753600122700,07:08:42.700,okx,AERO/USDT:USDT,0.9003,40.0,0.9002,9.0,0.9005,11.0,0.9006,14.0
1753600123100,07:08:43.100,okx,AERO/USDT:USDT,0.9004,8.0,0.9003,40.0,0.9006,13.0,0.9007,43.0
1753600123200,07:08:43.200,okx,AERO/USDT:USDT,0.9003,32.0,0.9002,5.0,0.9006,13.0,0.9007,49.0
1753600123500,07:08:43.500,okx,AERO/USDT:USDT,0.9003,10.0,0.9002,43.0,0.9006,13.0,0.9007,43.0
1753600124000,07:08:44.000,okx,AERO/USDT:USDT,0.9002,38.0,0.9001,41.0,0.9006,13.0,0.9007,49.0
1753600124100,07:08:44.100,okx,AERO/USDT:USDT,0.9002,38.0,0.9001,30.0,0.9006,13.0,0.9007,49.0
1753600125000,07:08:45.000,okx,AERO/USDT:USDT,0.9002,34.0,0.9001,13.0,0.9006,72.0,0.9007,35.0
1753600125200,07:08:45.200,okx,AERO/USDT:USDT,0.9002,34.0,0.9001,13.0,0.9006,72.0,0.9007,35.0
1753600125600,07:08:45.600,okx,AERO/USDT:USDT,0.9002,34.0,0.9001,19.0,0.9006,72.0,0.9007,35.0
1753600126000,07:08:46.000,okx,AERO/USDT:USDT,0.9002,34.0,0.9001,19.0,0.9006,60.0,0.9007,35.0
1753600126200,07:08:46.200,okx,AERO/USDT:USDT,0.9002,34.0,0.9001,19.0,0.9006,60.0,0.9007,35.0
1753600126400,07:08:46.400,okx,AERO/USDT:USDT,0.9002,34.0,0.9001,13.0,0.9006,72.0,0.9007,35.0
1753600126500,07:08:46.500,okx,AERO/USDT:USDT,0.9002,34.0,0.9001,13.0,0.9006,72.0,0.9007,35.0
1753600126600,07:08:46.600,okx,AERO/USDT:USDT,0.9002,34.0,0.9001,13.0,0.9006,72.0,0.9007,35.0
1753600126800,07:08:46.800,okx,AERO/USDT:USDT,0.9003,2.0,0.9002,56.0,0.9006,54.0,0.9007,18.0
1753600126900,07:08:46.900,okx,AERO/USDT:USDT,0.9003,2.0,0.9002,56.0,0.9006,54.0,0.9007,18.0
1753600127100,07:08:47.100,okx,AERO/USDT:USDT,0.9003,2.0,0.9002,56.0,0.9006,54.0,0.9007,18.0
1753600127300,07:08:47.300,okx,AERO/USDT:USDT,0.9004,2.0,0.9003,10.0,0.9006,54.0,0.9007,12.0
1753600127800,07:08:47.800,okx,AERO/USDT:USDT,0.9002,56.0,0.9001,30.0,0.9006,54.0,0.9007,18.0
1753600128100,07:08:48.100,okx,AERO/USDT:USDT,0.9002,38.0,0.9001,30.0,0.9006,60.0,0.9007,35.0
1753600128200,07:08:48.200,okx,AERO/USDT:USDT,0.9002,38.0,0.9001,30.0,0.9006,60.0,0.9007,35.0
1753600128300,07:08:48.300,okx,AERO/USDT:USDT,0.9002,38.0,0.9001,30.0,0.9006,60.0,0.9007,35.0
1753600128800,07:08:48.800,okx,AERO/USDT:USDT,0.9002,38.0,0.9001,30.0,0.9006,60.0,0.9007,18.0
1753600129000,07:08:49.000,okx,AERO/USDT:USDT,0.9002,38.0,0.9001,30.0,0.9006,54.0,0.9007,18.0
1753600129300,07:08:49.300,okx,AERO/USDT:USDT,0.9004,2.0,0.9003,10.0,0.9006,54.0,0.9007,12.0
1753600129400,07:08:49.400,okx,AERO/USDT:USDT,0.9004,2.0,0.9003,10.0,0.9006,54.0,0.9007,12.0
1753600129900,07:08:49.900,okx,AERO/USDT:USDT,0.9002,38.0,0.9001,13.0,0.9006,60.0,0.9007,35.0
1753600130000,07:08:50.000,okx,AERO/USDT:USDT,0.9002,34.0,0.9001,19.0,0.9006,72.0,0.9007,35.0
1753600130200,07:08:50.200,okx,AERO/USDT:USDT,0.9003,2.0,0.9002,39.0,0.9006,54.0,0.9007,18.0
1753600130300,07:08:50.300,okx,AERO/USDT:USDT,0.9003,2.0,0.9002,39.0,0.9006,54.0,0.9007,18.0
1753600130400,07:08:50.400,okx,AERO/USDT:USDT,0.9003,2.0,0.9002,39.0,0.9006,54.0,0.9007,18.0
1753600130600,07:08:50.600,okx,AERO/USDT:USDT,0.9003,2.0,0.9002,39.0,0.9006,54.0,0.9007,18.0
1753600130700,07:08:50.700,okx,AERO/USDT:USDT,0.9003,2.0,0.9002,56.0,0.9006,54.0,0.9007,18.0
1753600130800,07:08:50.800,okx,AERO/USDT:USDT,0.9003,2.0,0.9002,56.0,0.9006,54.0,0.9007,18.0
1753600131500,07:08:51.500,okx,AERO/USDT:USDT,0.9003,2.0,0.9002,56.0,0.9006,54.0,0.9007,18.0
1753600131800,07:08:51.800,okx,AERO/USDT:USDT,0.9003,2.0,0.9002,56.0,0.9006,54.0,0.9007,18.0
1753600131900,07:08:51.900,okx,AERO/USDT:USDT,0.9003,2.0,0.9002,56.0,0.9006,54.0,0.9007,18.0
1753600132100,07:08:52.100,okx,AERO/USDT:USDT,0.9003,2.0,0.9002,56.0,0.9006,54.0,0.9007,18.0
1753600132500,07:08:52.500,okx,AERO/USDT:USDT,0.9003,2.0,0.9002,39.0,0.9006,54.0,0.9007,18.0
1753600133100,07:08:53.100,okx,AERO/USDT:USDT,0.9005,10.0,0.9004,9.0,0.9006,1.0,0.9007,55.0
1753600133700,07:08:53.700,okx,AERO/USDT:USDT,0.9004,8.0,0.9003,49.0,0.9006,1.0,0.9007,55.0
1753600133900,07:08:53.900,okx,AERO/USDT:USDT,0.9004,8.0,0.9003,49.0,0.9006,1.0,0.9007,55.0
1753600134100,07:08:54.100,okx,AERO/USDT:USDT,0.9004,8.0,0.9003,49.0,0.9006,1.0,0.9007,55.0
1753600134300,07:08:54.300,okx,AERO/USDT:USDT,0.9004,8.0,0.9003,49.0,0.9006,1.0,0.9007,55.0
1753600134700,07:08:54.700,okx,AERO/USDT:USDT,0.9004,8.0,0.9003,49.0,0.9006,1.0,0.9007,55.0
1753600135200,07:08:55.200,okx,AERO/USDT:USDT,0.9004,4.0,0.9003,49.0,0.9006,1.0,0.9007,12.0
1753600136600,07:08:56.600,okx,AERO/USDT:USDT,0.9005,10.0,0.9004,41.0,0.9006,1.0,0.9007,12.0
1753600136800,07:08:56.800,okx,AERO/USDT:USDT,0.9005,10.0,0.9004,41.0,0.9006,1.0,0.9007,12.0
1753600137000,07:08:57.000,okx,AERO/USDT:USDT,0.9005,10.0,0.9004,41.0,0.9006,1.0,0.9007,12.0
1753600137500,07:08:57.500,okx,AERO/USDT:USDT,0.9005,6.0,0.9004,41.0,0.9006,1.0,0.9007,12.0
1753600137600,07:08:57.600,okx,AERO/USDT:USDT,0.9004,41.0,0.9003,22.0,0.9006,1.0,0.9007,12.0
1753600137700,07:08:57.700,okx,AERO/USDT:USDT,0.9004,40.0,0.9003,22.0,0.9006,1.0,0.9007,12.0
1753600137900,07:08:57.900,okx,AERO/USDT:USDT,0.9004,40.0,0.9003,22.0,0.9006,1.0,0.9007,12.0
1753600138000,07:08:58.000,okx,AERO/USDT:USDT,0.9004,40.0,0.9003,22.0,0.9006,1.0,0.9007,12.0
1753600138100,07:08:58.100,okx,AERO/USDT:USDT,0.9004,40.0,0.9003,22.0,0.9006,1.0,0.9007,12.0
1753600138700,07:08:58.700,okx,AERO/USDT:USDT,0.9007,7.0,0.9006,7.0,0.9008,13.0,0.9009,47.0
1753600138800,07:08:58.800,okx,AERO/USDT:USDT,0.9007,7.0,0.9006,7.0,0.9008,13.0,0.9009,47.0
1753600139100,07:08:59.100,okx,AERO/USDT:USDT,0.9007,7.0,0.9006,7.0,0.9008,13.0,0.9009,47.0
1753600139700,07:08:59.700,okx,AERO/USDT:USDT,0.9007,7.0,0.9006,7.0,0.9008,13.0,0.9009,47.0
1753600140400,07:09:00.400,okx,AERO/USDT:USDT,0.9007,7.0,0.9006,7.0,0.9008,13.0,0.9009,47.0
1753600141000,07:09:01.000,okx,AERO/USDT:USDT,0.9007,7.0,0.9006,7.0,0.9008,14.0,0.9009,47.0
1753600141200,07:09:01.200,okx,AERO/USDT:USDT,0.9007,7.0,0.9006,7.0,0.9008,14.0,0.9009,47.0
1753600142000,07:09:02.000,okx,AERO/USDT:USDT,0.9007,7.0,0.9006,7.0,0.9008,14.0,0.9009,47.0
1753600142300,07:09:02.300,okx,AERO/USDT:USDT,0.9007,7.0,0.9006,24.0,0.9008,14.0,0.9009,47.0
1753600143000,07:09:03.000,okx,AERO/USDT:USDT,0.9007,7.0,0.9006,7.0,0.9008,14.0,0.9009,47.0
1753600143100,07:09:03.100,okx,AERO/USDT:USDT,0.9007,7.0,0.9006,7.0,0.9008,14.0,0.9009,12.0
1753600143500,07:09:03.500,okx,AERO/USDT:USDT,0.9007,7.0,0.9006,24.0,0.9008,14.0,0.9009,12.0
1753600143900,07:09:03.900,okx,AERO/USDT:USDT,0.9007,7.0,0.9006,24.0,0.9008,14.0,0.9009,12.0
1753600144000,07:09:04.000,okx,AERO/USDT:USDT,0.9007,7.0,0.9006,24.0,0.9008,14.0,0.9009,12.0
1753600144200,07:09:04.200,okx,AERO/USDT:USDT,0.9007,7.0,0.9006,24.0,0.9008,14.0,0.9009,12.0
1753600144300,07:09:04.300,okx,AERO/USDT:USDT,0.9007,7.0,0.9006,24.0,0.9008,14.0,0.9009,12.0
1753600144500,07:09:04.500,okx,AERO/USDT:USDT,0.9007,7.0,0.9006,24.0,0.9008,14.0,0.9009,12.0
1753600144900,07:09:04.900,okx,AERO/USDT:USDT,0.9007,7.0,0.9006,24.0,0.9008,14.0,0.9009,12.0
1753600145000,07:09:05.000,okx,AERO/USDT:USDT,0.9007,7.0,0.9006,24.0,0.9008,14.0,0.9009,12.0
1753600145100,07:09:05.100,okx,AERO/USDT:USDT,0.9007,7.0,0.9006,24.0,0.9008,14.0,0.9009,54.0
1753600145200,07:09:05.200,okx,AERO/USDT:USDT,0.9007,7.0,0.9006,24.0,0.9008,14.0,0.9009,54.0
1753600145700,07:09:05.700,okx,AERO/USDT:USDT,0.9007,7.0,0.9006,24.0,0.9008,14.0,0.9009,54.0
1753600147300,07:09:07.300,okx,AERO/USDT:USDT,0.9008,6.0,0.9007,4.0,0.901,55.0,0.9011,12.0
1753600147600,07:09:07.600,okx,AERO/USDT:USDT,0.9008,10.0,0.9007,21.0,0.901,55.0,0.9011,12.0
1753600147800,07:09:07.800,okx,AERO/USDT:USDT,0.9008,10.0,0.9007,21.0,0.901,55.0,0.9011,12.0
1753600147900,07:09:07.900,okx,AERO/USDT:USDT,0.9008,10.0,0.9007,21.0,0.901,55.0,0.9011,12.0
1753600148200,07:09:08.200,okx,AERO/USDT:USDT,0.9008,10.0,0.9007,21.0,0.901,55.0,0.9011,12.0
1753600148600,07:09:08.600,okx,AERO/USDT:USDT,0.9008,10.0,0.9007,21.0,0.901,55.0,0.9011,12.0
1753600148700,07:09:08.700,okx,AERO/USDT:USDT,0.9008,4.0,0.9007,4.0,0.901,13.0,0.9011,50.0
1753600148900,07:09:08.900,okx,AERO/USDT:USDT,0.9008,8.0,0.9007,21.0,0.901,13.0,0.9011,50.0
1753600149500,07:09:09.500,okx,AERO/USDT:USDT,0.9008,4.0,0.9007,21.0,0.901,13.0,0.9011,50.0
1753600149700,07:09:09.700,okx,AERO/USDT:USDT,0.9007,21.0,0.9006,74.0,0.901,13.0,0.9011,50.0
1753600149800,07:09:09.800,okx,AERO/USDT:USDT,0.9007,21.0,0.9006,74.0,0.901,13.0,0.9011,50.0
1753600150100,07:09:10.100,okx,AERO/USDT:USDT,0.9007,4.0,0.9006,74.0,0.901,13.0,0.9011,50.0
1753600150200,07:09:10.200,okx,AERO/USDT:USDT,0.9007,2.0,0.9006,60.0,0.901,13.0,0.9011,50.0
1753600150400,07:09:10.400,okx,AERO/USDT:USDT,0.9008,2.0,0.9007,21.0,0.901,13.0,0.9011,50.0
1753600151000,07:09:11.000,okx,AERO/USDT:USDT,0.9009,11.0,0.9008,9.0,0.901,1.0,0.9011,12.0
1753600151100,07:09:11.100,okx,AERO/USDT:USDT,0.9009,11.0,0.9008,9.0,0.901,1.0,0.9011,12.0
1753600151500,07:09:11.500,okx,AERO/USDT:USDT,0.9009,15.0,0.9008,9.0,0.901,1.0,0.9011,12.0
1753600151700,07:09:11.700,okx,AERO/USDT:USDT,0.901,6.0,0.9009,8.0,0.9012,57.0,0.9013,12.0
1753600151800,07:09:11.800,okx,AERO/USDT:USDT,0.9009,2.0,0.9008,49.0,0.9012,13.0,0.9013,48.0
1753600152100,07:09:12.100,okx,AERO/USDT:USDT,0.9008,16.0,0.9007,74.0,0.9012,13.0,0.9013,48.0
1753600152300,07:09:12.300,okx,AERO/USDT:USDT,0.9009,2.0,0.9008,17.0,0.9012,13.0,0.9013,42.0
1753600152400,07:09:12.400,okx,AERO/USDT:USDT,0.9006,45.0,0.9005,12.0,0.9008,2.0,0.9009,6.0
1753600152700,07:09:12.700,okx,AERO/USDT:USDT,0.9005,53.0,0.9004,37.0,0.901,56.0,0.9011,23.0
1753600153500,07:09:13.500,okx,AERO/USDT:USDT,0.9005,57.0,0.9004,20.0,0.9009,2.0,0.901,65.0
1753600153800,07:09:13.800,okx,AERO/USDT:USDT,0.9005,57.0,0.9004,20.0,0.9009,2.0,0.901,65.0
1753600153900,07:09:13.900,okx,AERO/USDT:USDT,0.9005,57.0,0.9004,20.0,0.9009,2.0,0.901,65.0
1753600154100,07:09:14.100,okx,AERO/USDT:USDT,0.9005,57.0,0.9004,20.0,0.9009,2.0,0.901,65.0
1753600154300,07:09:14.300,okx,AERO/USDT:USDT,0.9005,45.0,0.9004,14.0,0.9007,2.0,0.9008,17.0
1753600154700,07:09:14.700,okx,AERO/USDT:USDT,0.9005,61.0,0.9004,37.0,0.901,56.0,0.9011,23.0
1753600155000,07:09:15.000,okx,AERO/USDT:USDT,0.9005,61.0,0.9004,20.0,0.901,67.0,0.9011,46.0
1753600155100,07:09:15.100,okx,AERO/USDT:USDT,0.9005,45.0,0.9004,14.0,0.9008,2.0,0.901,69.0
1753600155200,07:09:15.200,okx,AERO/USDT:USDT,0.9005,45.0,0.9004,20.0,0.9008,2.0,0.901,69.0
1753600155400,07:09:15.400,okx,AERO/USDT:USDT,0.9005,45.0,0.9004,20.0,0.9008,2.0,0.901,69.0
1753600155500,07:09:15.500,okx,AERO/USDT:USDT,0.9005,45.0,0.9004,20.0,0.9008,2.0,0.901,69.0
1753600156900,07:09:16.900,okx,AERO/USDT:USDT,0.9005,45.0,0.9004,20.0,0.9008,2.0,0.9009,6.0
1753600157100,07:09:17.100,okx,AERO/USDT:USDT,0.9005,45.0,0.9004,20.0,0.9008,2.0,0.9009,6.0
1753600157800,07:09:17.800,okx,AERO/USDT:USDT,0.9005,45.0,0.9004,14.0,0.9007,2.0,0.9008,6.0
1753600158800,07:09:18.800,okx,AERO/USDT:USDT,0.9004,38.0,0.9003,8.0,0.9007,2.0,0.9008,6.0
1753600159200,07:09:19.200,okx,AERO/USDT:USDT,0.9004,38.0,0.9003,8.0,0.9007,2.0,0.9008,6.0
1753600159700,07:09:19.700,okx,AERO/USDT:USDT,0.9004,38.0,0.9003,8.0,0.9007,2.0,0.9008,6.0
1753600160200,07:09:20.200,okx,AERO/USDT:USDT,0.9004,46.0,0.9003,37.0,0.9009,53.0,0.901,18.0
1753600160500,07:09:20.500,okx,AERO/USDT:USDT,0.9004,38.0,0.9003,37.0,0.9008,2.0,0.9009,59.0
1753600160800,07:09:20.800,okx,AERO/USDT:USDT,0.9004,38.0,0.9003,37.0,0.9008,2.0,0.9009,59.0
1753600160900,07:09:20.900,okx,AERO/USDT:USDT,0.9004,38.0,0.9003,14.0,0.9006,2.0,0.9007,6.0
1753600161400,07:09:21.400,okx,AERO/USDT:USDT,0.9004,38.0,0.9003,14.0,0.9006,2.0,0.9007,6.0
1753600161600,07:09:21.600,okx,AERO/USDT:USDT,0.9004,38.0,0.9003,14.0,0.9007,2.0,0.9008,39.0
1753600161900,07:09:21.900,okx,AERO/USDT:USDT,0.9004,38.0,0.9003,14.0,0.9007,2.0,0.9008,29.0
1753600162100,07:09:22.100,okx,AERO/USDT:USDT,0.9004,38.0,0.9003,14.0,0.9007,2.0,0.9008,35.0
1753600162200,07:09:22.200,okx,AERO/USDT:USDT,0.9004,38.0,0.9003,14.0,0.9007,2.0,0.9008,35.0
1753600162300,07:09:22.300,okx,AERO/USDT:USDT,0.9004,38.0,0.9003,14.0,0.9007,2.0,0.9008,35.0
1753600162400,07:09:22.400,okx,AERO/USDT:USDT,0.9004,38.0,0.9003,14.0,0.9007,2.0,0.9008,18.0
1753600162800,07:09:22.800,okx,AERO/USDT:USDT,0.9004,38.0,0.9003,20.0,0.9007,2.0,0.9008,12.0
1753600163200,07:09:23.200,okx,AERO/USDT:USDT,0.9004,38.0,0.9003,20.0,0.9007,2.0,0.9008,18.0
1753600163300,07:09:23.300,okx,AERO/USDT:USDT,0.9004,38.0,0.9003,20.0,0.9007,2.0,0.9008,18.0
1753600163400,07:09:23.400,okx,AERO/USDT:USDT,0.9004,38.0,0.9003,14.0,0.9007,2.0,0.9008,18.0
1753600163700,07:09:23.700,okx,AERO/USDT:USDT,0.9004,38.0,0.9003,20.0,0.9007,2.0,0.9008,18.0
1753600163900,07:09:23.900,okx,AERO/USDT:USDT,0.9004,38.0,0.9003,20.0,0.9007,2.0,0.9008,18.0
1753600164300,07:09:24.300,okx,AERO/USDT:USDT,0.9004,42.0,0.9003,37.0,0.9008,12.0,0.9009,59.0
1753600164500,07:09:24.500,okx,AERO/USDT:USDT,0.9004,38.0,0.9003,20.0,0.9007,2.0,0.9008,18.0
1753600164700,07:09:24.700,okx,AERO/USDT:USDT,0.9004,38.0,0.9003,20.0,0.9007,2.0,0.9008,18.0
1753600164800,07:09:24.800,okx,AERO/USDT:USDT,0.9004,38.0,0.9003,20.0,0.9007,2.0,0.9008,18.0
1753600165000,07:09:25.000,okx,AERO/USDT:USDT,0.9004,38.0,0.9003,20.0,0.9007,2.0,0.9008,18.0
1753600165800,07:09:25.800,okx,AERO/USDT:USDT,0.9005,43.0,0.9004,2.0,0.9007,2.0,0.9008,35.0
1753600165900,07:09:25.900,okx,AERO/USDT:USDT,0.9005,43.0,0.9004,2.0,0.9007,2.0,0.9008,35.0
1753600166100,07:09:26.100,okx,AERO/USDT:USDT,0.9005,43.0,0.9004,2.0,0.9007,2.0,0.9008,35.0
1753600166200,07:09:26.200,okx,AERO/USDT:USDT,0.9005,43.0,0.9004,2.0,0.9007,2.0,0.9008,35.0
1753600166300,07:09:26.300,okx,AERO/USDT:USDT,0.9005,43.0,0.9004,2.0,0.9007,2.0,0.9008,18.0
1753600166400,07:09:26.400,okx,AERO/USDT:USDT,0.9005,43.0,0.9004,2.0,0.9007,8.0,0.9008,29.0
1753600166500,07:09:26.500,okx,AERO/USDT:USDT,0.9005,43.0,0.9004,2.0,0.9007,8.0,0.9008,29.0
1753600166600,07:09:26.600,okx,AERO/USDT:USDT,0.9005,43.0,0.9004,2.0,0.9007,8.0,0.9008,29.0
1753600166700,07:09:26.700,okx,AERO/USDT:USDT,0.9005,43.0,0.9004,2.0,0.9008,18.0,0.9009,60.0
1753600167000,07:09:27.000,okx,AERO/USDT:USDT,0.9005,43.0,0.9004,2.0,0.9007,8.0,0.9008,29.0
1753600167100,07:09:27.100,okx,AERO/USDT:USDT,0.9005,43.0,0.9004,2.0,0.9007,8.0,0.9008,29.0
1753600167200,07:09:27.200,okx,AERO/USDT:USDT,0.9005,43.0,0.9004,2.0,0.9007,8.0,0.9008,29.0
1753600167600,07:09:27.600,okx,AERO/USDT:USDT,0.9005,43.0,0.9004,2.0,0.9007,8.0,0.9008,29.0
1753600167800,07:09:27.800,okx,AERO/USDT:USDT,0.9005,43.0,0.9004,2.0,0.9007,8.0,0.9008,29.0
1753600168200,07:09:28.200,okx,AERO/USDT:USDT,0.9005,43.0,0.9004,25.0,0.9008,12.0,0.9009,60.0
1753600168300,07:09:28.300,okx,AERO/USDT:USDT,0.9005,43.0,0.9004,8.0,0.9008,18.0,0.9009,77.0
1753600168400,07:09:28.400,okx,AERO/USDT:USDT,0.9005,43.0,0.9004,2.0,0.9007,2.0,0.9008,18.0
1753600168900,07:09:28.900,okx,AERO/USDT:USDT,0.9005,43.0,0.9004,2.0,0.9007,2.0,0.9008,18.0
1753600169000,07:09:29.000,okx,AERO/USDT:USDT,0.9005,43.0,0.9004,2.0,0.9007,2.0,0.9008,18.0
1753600169200,07:09:29.200,okx,AERO/USDT:USDT,0.9005,43.0,0.9004,8.0,0.9007,2.0,0.9008,18.0
1753600169300,07:09:29.300,okx,AERO/USDT:USDT,0.9005,43.0,0.9004,8.0,0.9007,2.0,0.9008,18.0
1753600169400,07:09:29.400,okx,AERO/USDT:USDT,0.9005,43.0,0.9004,2.0,0.9007,8.0,0.9008,35.0
1753600170100,07:09:30.100,okx,AERO/USDT:USDT,0.9005,43.0,0.9004,8.0,0.9008,18.0,0.9009,60.0
1753600170500,07:09:30.500,okx,AERO/USDT:USDT,0.9005,43.0,0.9004,2.0,0.9008,18.0,0.9009,60.0
1753600170600,07:09:30.600,okx,AERO/USDT:USDT,0.9005,43.0,0.9004,2.0,0.9008,18.0,0.9009,60.0
1753600170700,07:09:30.700,okx,AERO/USDT:USDT,0.9005,43.0,0.9004,2.0,0.9008,18.0,0.9009,60.0
1753600171000,07:09:31.000,okx,AERO/USDT:USDT,0.9005,43.0,0.9004,2.0,0.9008,18.0,0.9009,60.0
1753600171200,07:09:31.200,okx,AERO/USDT:USDT,0.9005,43.0,0.9004,2.0,0.9007,2.0,0.9008,35.0
1753600171300,07:09:31.300,okx,AERO/USDT:USDT,0.9005,43.0,0.9004,2.0,0.9008,18.0,0.9009,77.0
1753600171400,07:09:31.400,okx,AERO/USDT:USDT,0.9005,43.0,0.9004,2.0,0.9008,18.0,0.9009,77.0
1753600171500,07:09:31.500,okx,AERO/USDT:USDT,0.9005,43.0,0.9004,2.0,0.9008,18.0,0.9009,60.0
1753600171900,07:09:31.900,okx,AERO/USDT:USDT,0.9005,43.0,0.9004,25.0,0.9008,12.0,0.9009,60.0
1753600172100,07:09:32.100,okx,AERO/USDT:USDT,0.9005,43.0,0.9004,2.0,0.9008,18.0,0.9009,77.0
1753600172200,07:09:32.200,okx,AERO/USDT:USDT,0.9005,43.0,0.9004,2.0,0.9007,2.0,0.9008,18.0
1753600172300,07:09:32.300,okx,AERO/USDT:USDT,0.9005,43.0,0.9004,2.0,0.9007,2.0,0.9008,18.0
1753600172800,07:09:32.800,okx,AERO/USDT:USDT,0.9004,35.0,0.9003,2.0,0.9006,2.0,0.9007,58.0
1753600172900,07:09:32.900,okx,AERO/USDT:USDT,0.9004,35.0,0.9003,2.0,0.9006,2.0,0.9007,58.0
1753600173100,07:09:33.100,okx,AERO/USDT:USDT,0.9004,35.0,0.9003,2.0,0.9005,2.0,0.9006,51.0
1753600173700,07:09:33.700,okx,AERO/USDT:USDT,0.9004,35.0,0.9003,2.0,0.9007,41.0,0.9008,59.0
1753600173800,07:09:33.800,okx,AERO/USDT:USDT,0.9004,35.0,0.9003,2.0,0.9007,41.0,0.9008,59.0
1753600173900,07:09:33.900,okx,AERO/USDT:USDT,0.9004,35.0,0.9003,2.0,0.9007,41.0,0.9008,59.0
1753600174000,07:09:34.000,okx,AERO/USDT:USDT,0.9004,35.0,0.9003,2.0,0.9007,41.0,0.9008,59.0
1753600174100,07:09:34.100,okx,AERO/USDT:USDT,0.9004,35.0,0.9003,2.0,0.9007,41.0,0.9008,59.0
1753600174300,07:09:34.300,okx,AERO/USDT:USDT,0.9004,35.0,0.9003,2.0,0.9007,41.0,0.9008,59.0
1753600174600,07:09:34.600,okx,AERO/USDT:USDT,0.9004,35.0,0.9003,14.0,0.9007,41.0,0.9008,59.0
1753600174800,07:09:34.800,okx,AERO/USDT:USDT,0.9004,35.0,0.9003,14.0,0.9006,2.0,0.9007,41.0
1753600174900,07:09:34.900,okx,AERO/USDT:USDT,0.9004,35.0,0.9003,2.0,0.9006,2.0,0.9007,58.0
1753600175500,07:09:35.500,okx,AERO/USDT:USDT,0.9004,35.0,0.9003,14.0,0.9008,83.0,0.9009,29.0
1753600175900,07:09:35.900,okx,AERO/USDT:USDT,0.9004,35.0,0.9003,14.0,0.9008,83.0,0.9009,84.0
1753600176000,07:09:36.000,okx,AERO/USDT:USDT,0.9004,35.0,0.9003,2.0,0.9006,2.0,0.9007,41.0
1753600176200,07:09:36.200,okx,AERO/USDT:USDT,0.9004,1.0,0.9003,53.0,0.9007,29.0,0.9008,70.0
1753600176500,07:09:36.500,okx,AERO/USDT:USDT,0.9004,1.0,0.9003,41.0,0.9006,2.0,0.9007,29.0
1753600176600,07:09:36.600,okx,AERO/USDT:USDT,0.9004,1.0,0.9003,41.0,0.9006,2.0,0.9007,70.0
1753600176700,07:09:36.700,okx,AERO/USDT:USDT,0.9004,40.0,0.9003,14.0,0.9008,82.0,0.9009,29.0
1753600176800,07:09:36.800,okx,AERO/USDT:USDT,0.9004,40.0,0.9003,14.0,0.9008,82.0,0.9009,29.0
1753600176900,07:09:36.900,okx,AERO/USDT:USDT,0.9004,40.0,0.9003,14.0,0.9008,82.0,0.9009,29.0
1753600177200,07:09:37.200,okx,AERO/USDT:USDT,0.9004,40.0,0.9003,14.0,0.9007,2.0,0.9008,82.0
1753600177500,07:09:37.500,okx,AERO/USDT:USDT,0.9004,40.0,0.9003,14.0,0.9008,41.0,0.9009,108.0
1753600177600,07:09:37.600,okx,AERO/USDT:USDT,0.9004,40.0,0.9003,14.0,0.9006,2.0,0.9007,58.0
1753600178000,07:09:38.000,okx,AERO/USDT:USDT,0.9004,40.0,0.9003,14.0,0.9007,41.0,0.9008,58.0
1753600178700,07:09:38.700,okx,AERO/USDT:USDT,0.9004,40.0,0.9003,2.0,0.9006,2.0,0.9007,41.0
1753600178900,07:09:38.900,okx,AERO/USDT:USDT,0.9004,1.0,0.9003,49.0,0.9006,2.0,0.9007,51.0
1753600179300,07:09:39.300,okx,AERO/USDT:USDT,0.9004,1.0,0.9003,37.0,0.9006,41.0,0.9007,60.0
1753600179600,07:09:39.600,okx,AERO/USDT:USDT,0.9004,1.0,0.9003,37.0,0.9006,41.0,0.9007,60.0
1753600180100,07:09:40.100,okx,AERO/USDT:USDT,0.9004,1.0,0.9003,37.0,0.9006,41.0,0.9007,60.0
1753600180200,07:09:40.200,okx,AERO/USDT:USDT,0.9004,1.0,0.9003,37.0,0.9006,41.0,0.9007,60.0
1753600180300,07:09:40.300,okx,AERO/USDT:USDT,0.9004,1.0,0.9003,37.0,0.9006,41.0,0.9007,60.0
1753600180600,07:09:40.600,okx,AERO/USDT:USDT,0.9004,1.0,0.9003,37.0,0.9005,2.0,0.9006,41.0
1753600180800,07:09:40.800,okx,AERO/USDT:USDT,0.9004,1.0,0.9003,37.0,0.9005,2.0,0.9006,41.0
1753600181500,07:09:41.500,okx,AERO/USDT:USDT,0.9004,1.0,0.9003,37.0,0.9005,2.0,0.9006,41.0
1753600181600,07:09:41.600,okx,AERO/USDT:USDT,0.9004,1.0,0.9003,37.0,0.9005,2.0,0.9006,41.0
1753600181700,07:09:41.700,okx,AERO/USDT:USDT,0.9004,1.0,0.9003,37.0,0.9005,2.0,0.9006,41.0
1753600182000,07:09:42.000,okx,AERO/USDT:USDT,0.9004,1.0,0.9003,37.0,0.9005,2.0,0.9006,41.0
1753600182100,07:09:42.100,okx,AERO/USDT:USDT,0.9004,1.0,0.9003,37.0,0.9005,2.0,0.9006,41.0
1753600182300,07:09:42.300,okx,AERO/USDT:USDT,0.9004,1.0,0.9003,37.0,0.9005,2.0,0.9006,41.0
1753600182500,07:09:42.500,okx,AERO/USDT:USDT,0.9004,1.0,0.9003,37.0,0.9005,2.0,0.9006,41.0
1753600182700,07:09:42.700,okx,AERO/USDT:USDT,0.9004,1.0,0.9003,37.0,0.9005,2.0,0.9006,41.0
1753600183000,07:09:43.000,okx,AERO/USDT:USDT,0.9004,1.0,0.9003,37.0,0.9006,41.0,0.9007,43.0
1753600183100,07:09:43.100,okx,AERO/USDT:USDT,0.9004,1.0,0.9003,37.0,0.9006,41.0,0.9007,43.0
1753600183200,07:09:43.200,okx,AERO/USDT:USDT,0.9004,1.0,0.9003,37.0,0.9006,51.0,0.9007,60.0
1753600183400,07:09:43.400,okx,AERO/USDT:USDT,0.9004,1.0,0.9003,37.0,0.9006,41.0,0.9007,60.0
1753600183500,07:09:43.500,okx,AERO/USDT:USDT,0.9004,1.0,0.9003,37.0,0.9006,41.0,0.9007,60.0
1753600183800,07:09:43.800,okx,AERO/USDT:USDT,0.9004,1.0,0.9003,37.0,0.9006,41.0,0.9007,60.0
1753600184000,07:09:44.000,okx,AERO/USDT:USDT,0.9004,1.0,0.9003,37.0,0.9005,2.0,0.9006,51.0
1753600184300,07:09:44.300,okx,AERO/USDT:USDT,0.9004,1.0,0.9003,37.0,0.9006,2.0,0.9007,84.0
1753600184500,07:09:44.500,okx,AERO/USDT:USDT,0.9004,1.0,0.9003,37.0,0.9006,41.0,0.9007,60.0
1753600184800,07:09:44.800,okx,AERO/USDT:USDT,0.9004,1.0,0.9003,37.0,0.9006,41.0,0.9007,60.0
1753600185000,07:09:45.000,okx,AERO/USDT:USDT,0.9004,1.0,0.9003,37.0,0.9006,41.0,0.9007,60.0
1753600185200,07:09:45.200,okx,AERO/USDT:USDT,0.9004,1.0,0.9003,37.0,0.9006,41.0,0.9007,60.0
1753600185300,07:09:45.300,okx,AERO/USDT:USDT,0.9004,1.0,0.9003,37.0,0.9006,41.0,0.9007,60.0
1753600185400,07:09:45.400,okx,AERO/USDT:USDT,0.9004,1.0,0.9003,37.0,0.9006,41.0,0.9007,60.0
1753600185500,07:09:45.500,okx,AERO/USDT:USDT,0.9004,1.0,0.9003,37.0,0.9006,41.0,0.9007,60.0
1753600185700,07:09:45.700,okx,AERO/USDT:USDT,0.9004,1.0,0.9003,37.0,0.9005,2.0,0.9006,51.0
1753600186100,07:09:46.100,okx,AERO/USDT:USDT,0.9004,1.0,0.9003,2.0,0.9005,43.0,0.9006,42.0
1753600186900,07:09:46.900,okx,AERO/USDT:USDT,0.9004,1.0,0.9003,2.0,0.9006,73.0,0.9007,17.0
1753600187000,07:09:47.000,okx,AERO/USDT:USDT,0.9004,1.0,0.9003,2.0,0.9006,73.0,0.9007,17.0
1753600187500,07:09:47.500,okx,AERO/USDT:USDT,0.9004,1.0,0.9003,2.0,0.9006,73.0,0.9007,17.0
1753600188100,07:09:48.100,okx,AERO/USDT:USDT,0.9004,1.0,0.9003,2.0,0.9006,73.0,0.9007,17.0
1753600188200,07:09:48.200,okx,AERO/USDT:USDT,0.9004,1.0,0.9003,2.0,0.9006,83.0,0.9007,17.0
1753600188800,07:09:48.800,okx,AERO/USDT:USDT,0.9004,1.0,0.9003,2.0,0.9006,83.0,0.9007,17.0
1753600189200,07:09:49.200,okx,AERO/USDT:USDT,0.9004,1.0,0.9003,2.0,0.9006,83.0,0.9007,17.0
1753600189400,07:09:49.400,okx,AERO/USDT:USDT,0.9004,1.0,0.9003,2.0,0.9006,32.0,0.9007,58.0
1753600189800,07:09:49.800,okx,AERO/USDT:USDT,0.9004,1.0,0.9003,2.0,0.9006,83.0,0.9007,17.0
1753600189900,07:09:49.900,okx,AERO/USDT:USDT,0.9004,1.0,0.9003,2.0,0.9006,83.0,0.9007,17.0
1753600190400,07:09:50.400,okx,AERO/USDT:USDT,0.9004,1.0,0.9003,2.0,0.9006,83.0,0.9007,17.0
1753600190500,07:09:50.500,okx,AERO/USDT:USDT,0.9004,1.0,0.9003,2.0,0.9006,83.0,0.9007,17.0
1753600190800,07:09:50.800,okx,AERO/USDT:USDT,0.9004,1.0,0.9003,2.0,0.9006,73.0,0.9007,17.0
1753600190900,07:09:50.900,okx,AERO/USDT:USDT,0.9004,1.0,0.9003,2.0,0.9006,73.0,0.9007,17.0
1753600191000,07:09:51.000,okx,AERO/USDT:USDT,0.9004,1.0,0.9003,2.0,0.9006,83.0,0.9007,17.0
1753600191400,07:09:51.400,okx,AERO/USDT:USDT,0.9004,1.0,0.9003,2.0,0.9006,83.0,0.9007,17.0
1753600191500,07:09:51.500,okx,AERO/USDT:USDT,0.9004,1.0,0.9003,2.0,0.9006,83.0,0.9007,17.0
1753600191600,07:09:51.600,okx,AERO/USDT:USDT,0.9004,1.0,0.9003,2.0,0.9006,83.0,0.9007,17.0
1753600191800,07:09:51.800,okx,AERO/USDT:USDT,0.9004,1.0,0.9003,2.0,0.9006,83.0,0.9007,17.0
1753600192100,07:09:52.100,okx,AERO/USDT:USDT,0.9004,1.0,0.9003,2.0,0.9006,83.0,0.9007,17.0
1753600192200,07:09:52.200,okx,AERO/USDT:USDT,0.9004,1.0,0.9003,2.0,0.9006,83.0,0.9007,17.0
1753600192800,07:09:52.800,okx,AERO/USDT:USDT,0.9004,1.0,0.9003,2.0,0.9006,83.0,0.9007,17.0
1753600193100,07:09:53.100,okx,AERO/USDT:USDT,0.9004,1.0,0.9003,2.0,0.9006,32.0,0.9007,41.0
1753600193300,07:09:53.300,okx,AERO/USDT:USDT,0.9004,1.0,0.9003,2.0,0.9006,32.0,0.9007,41.0
1753600193400,07:09:53.400,okx,AERO/USDT:USDT,0.9004,1.0,0.9003,2.0,0.9006,32.0,0.9008,120.0
1753600193800,07:09:53.800,okx,AERO/USDT:USDT,0.9004,1.0,0.9003,2.0,0.9006,32.0,0.9007,41.0
1753600194000,07:09:54.000,okx,AERO/USDT:USDT,0.9004,1.0,0.9003,2.0,0.9006,32.0,0.9007,41.0
1753600194200,07:09:54.200,okx,AERO/USDT:USDT,0.9004,1.0,0.9003,2.0,0.9006,32.0,0.9007,41.0
1753600194400,07:09:54.400,okx,AERO/USDT:USDT,0.9004,1.0,0.9003,2.0,0.9006,32.0,0.9007,41.0
1753600194500,07:09:54.500,okx,AERO/USDT:USDT,0.9004,1.0,0.9003,2.0,0.9006,32.0,0.9007,41.0
1753600195000,07:09:55.000,okx,AERO/USDT:USDT,0.9004,1.0,0.9003,2.0,0.9006,32.0,0.9007,41.0
1753600195200,07:09:55.200,okx,AERO/USDT:USDT,0.9004,1.0,0.9003,2.0,0.9006,32.0,0.9007,41.0
1753600195600,07:09:55.600,okx,AERO/USDT:USDT,0.9004,1.0,0.9003,19.0,0.9006,32.0,0.9007,41.0
1753600195700,07:09:55.700,okx,AERO/USDT:USDT,0.9004,1.0,0.9003,19.0,0.9006,32.0,0.9007,41.0
1753600195800,07:09:55.800,okx,AERO/USDT:USDT,0.9004,1.0,0.9003,2.0,0.9006,32.0,0.9007,41.0
1753600196000,07:09:56.000,okx,AERO/USDT:USDT,0.9004,1.0,0.9003,19.0,0.9006,32.0,0.9008,106.0
1753600196100,07:09:56.100,okx,AERO/USDT:USDT,0.9004,1.0,0.9003,2.0,0.9006,32.0,0.9007,41.0
1753600196200,07:09:56.200,okx,AERO/USDT:USDT,0.9004,1.0,0.9003,2.0,0.9006,32.0,0.9007,41.0
1753600196400,07:09:56.400,okx,AERO/USDT:USDT,0.9004,1.0,0.9003,2.0,0.9006,32.0,0.9008,106.0
1753600196500,07:09:56.500,okx,AERO/USDT:USDT,0.9004,1.0,0.9003,2.0,0.9006,32.0,0.9008,106.0
1753600196600,07:09:56.600,okx,AERO/USDT:USDT,0.9004,1.0,0.9003,2.0,0.9006,32.0,0.9008,106.0
1753600196900,07:09:56.900,okx,AERO/USDT:USDT,0.9004,1.0,0.9003,2.0,0.9005,2.0,0.9006,32.0
1753600197300,07:09:57.300,okx,AERO/USDT:USDT,0.9004,1.0,0.9003,2.0,0.9006,32.0,0.9008,161.0
1753600197800,07:09:57.800,okx,AERO/USDT:USDT,0.9004,1.0,0.9003,2.0,0.9006,32.0,0.9008,161.0
1753600197900,07:09:57.900,okx,AERO/USDT:USDT,0.9004,1.0,0.9003,2.0,0.9006,32.0,0.9008,161.0
1753600198000,07:09:58.000,okx,AERO/USDT:USDT,0.9004,1.0,0.9003,2.0,0.9006,32.0,0.9008,161.0
1753600198300,07:09:58.300,okx,AERO/USDT:USDT,0.9004,1.0,0.9003,2.0,0.9006,32.0,0.9008,178.0
1753600198400,07:09:58.400,okx,AERO/USDT:USDT,0.9004,1.0,0.9003,2.0,0.9006,32.0,0.9008,178.0
1753600199100,07:09:59.100,okx,AERO/USDT:USDT,0.9004,1.0,0.9003,19.0,0.9006,32.0,0.9008,161.0
1753600199200,07:09:59.200,okx,AERO/USDT:USDT,0.9004,1.0,0.9003,19.0,0.9006,32.0,0.9008,161.0
1753600199300,07:09:59.300,okx,AERO/USDT:USDT,0.9004,1.0,0.9003,19.0,0.9006,32.0,0.9008,161.0
1753600199500,07:09:59.500,okx,AERO/USDT:USDT,0.9004,1.0,0.9003,19.0,0.9006,32.0,0.9008,161.0
1753600199900,07:09:59.900,okx,AERO/USDT:USDT,0.9004,6.0,0.9003,19.0,0.9006,32.0,0.9008,161.0
1753600200100,07:10:00.100,okx,AERO/USDT:USDT,0.9004,1.0,0.9003,19.0,0.9006,32.0,0.9008,161.0
1753600200200,07:10:00.200,okx,AERO/USDT:USDT,0.9004,6.0,0.9003,19.0,0.9006,32.0,0.9008,161.0
1753600200300,07:10:00.300,okx,AERO/USDT:USDT,0.9004,1.0,0.9003,19.0,0.9006,32.0,0.9008,161.0
1753600200400,07:10:00.400,okx,AERO/USDT:USDT,0.9004,6.0,0.9003,19.0,0.9006,32.0,0.9008,161.0
1753600200500,07:10:00.500,okx,AERO/USDT:USDT,0.9004,1.0,0.9003,19.0,0.9006,32.0,0.9008,161.0
1753600201000,07:10:01.000,okx,AERO/USDT:USDT,0.9004,1.0,0.9003,17.0,0.9006,32.0,0.9008,161.0
1753600201100,07:10:01.100,okx,AERO/USDT:USDT,0.9004,1.0,0.9003,17.0,0.9006,32.0,0.9008,161.0
1753600201300,07:10:01.300,okx,AERO/USDT:USDT,0.9004,1.0,0.9003,17.0,0.9006,32.0,0.9008,161.0
1753600201600,07:10:01.600,okx,AERO/USDT:USDT,0.9004,1.0,0.9003,17.0,0.9006,32.0,0.9008,120.0
1753600202200,07:10:02.200,okx,AERO/USDT:USDT,0.9004,6.0,0.9003,17.0,0.9006,32.0,0.9008,120.0
1753600202300,07:10:02.300,okx,AERO/USDT:USDT,0.9004,6.0,0.9003,17.0,0.9006,32.0,0.9008,120.0
1753600202500,07:10:02.500,okx,AERO/USDT:USDT,0.9004,6.0,0.9003,17.0,0.9006,32.0,0.9008,120.0
1753600202600,07:10:02.600,okx,AERO/USDT:USDT,0.9004,6.0,0.9003,17.0,0.9006,32.0,0.9008,120.0
1753600202900,07:10:02.900,okx,AERO/USDT:USDT,0.9004,6.0,0.9003,17.0,0.9006,32.0,0.9008,120.0
1753600203000,07:10:03.000,okx,AERO/USDT:USDT,0.9004,6.0,0.9003,17.0,0.9006,32.0,0.9008,120.0
1753600203100,07:10:03.100,okx,AERO/USDT:USDT,0.9004,6.0,0.9003,17.0,0.9006,32.0,0.9008,120.0
1753600203400,07:10:03.400,okx,AERO/USDT:USDT,0.9004,6.0,0.9003,17.0,0.9006,32.0,0.9008,120.0
1753600203600,07:10:03.600,okx,AERO/USDT:USDT,0.9004,1.0,0.9003,17.0,0.9006,32.0,0.9008,120.0
1753600204100,07:10:04.100,okx,AERO/USDT:USDT,0.9004,6.0,0.9003,17.0,0.9006,32.0,0.9008,120.0
1753600204600,07:10:04.600,okx,AERO/USDT:USDT,0.9004,6.0,0.9003,17.0,0.9006,2.0,0.9007,39.0
1753600204800,07:10:04.800,okx,AERO/USDT:USDT,0.9004,6.0,0.9003,17.0,0.9006,2.0,0.9007,39.0
1753600204900,07:10:04.900,okx,AERO/USDT:USDT,0.9004,6.0,0.9003,17.0,0.9006,2.0,0.9007,39.0
1753600205000,07:10:05.000,okx,AERO/USDT:USDT,0.9004,1.0,0.9003,17.0,0.9006,2.0,0.9007,39.0
1753600205300,07:10:05.300,okx,AERO/USDT:USDT,0.9004,1.0,0.9003,17.0,0.9006,2.0,0.9007,39.0
1753600205700,07:10:05.700,okx,AERO/USDT:USDT,0.9004,1.0,0.9003,2.0,0.9006,2.0,0.9007,39.0
1753600205800,07:10:05.800,okx,AERO/USDT:USDT,0.9002,28.0,0.9001,16.0,0.9005,2.0,0.9006,12.0
1753600205900,07:10:05.900,okx,AERO/USDT:USDT,0.9002,33.0,0.9001,16.0,0.9005,2.0,0.9006,12.0
1753600206000,07:10:06.000,okx,AERO/USDT:USDT,0.9002,33.0,0.9001,16.0,0.9005,2.0,0.9006,12.0
1753600206100,07:10:06.100,okx,AERO/USDT:USDT,0.9002,38.0,0.9001,23.0,0.9005,2.0,0.9006,12.0
1753600206200,07:10:06.200,okx,AERO/USDT:USDT,0.9002,38.0,0.9001,23.0,0.9005,2.0,0.9006,12.0
1753600206700,07:10:06.700,okx,AERO/USDT:USDT,0.9002,28.0,0.9001,16.0,0.9005,2.0,0.9006,12.0
1753600206800,07:10:06.800,okx,AERO/USDT:USDT,0.9002,28.0,0.9001,22.0,0.9005,2.0,0.9006,12.0
1753600206900,07:10:06.900,okx,AERO/USDT:USDT,0.9002,28.0,0.9001,22.0,0.9005,2.0,0.9006,52.0
1753600207300,07:10:07.300,okx,AERO/USDT:USDT,0.9002,38.0,0.9001,22.0,0.9005,2.0,0.9006,52.0
1753600207700,07:10:07.700,okx,AERO/USDT:USDT,0.9002,38.0,0.9001,22.0,0.9005,2.0,0.9006,52.0
1753600207800,07:10:07.800,okx,AERO/USDT:USDT,0.9002,38.0,0.9001,22.0,0.9005,2.0,0.9006,52.0
1753600208000,07:10:08.000,okx,AERO/USDT:USDT,0.9002,38.0,0.9001,22.0,0.9005,2.0,0.9006,52.0
1753600208200,07:10:08.200,okx,AERO/USDT:USDT,0.9002,38.0,0.9001,22.0,0.9005,2.0,0.9006,52.0
1753600208400,07:10:08.400,okx,AERO/USDT:USDT,0.9002,38.0,0.9001,22.0,0.9005,2.0,0.9006,52.0
1753600208600,07:10:08.600,okx,AERO/USDT:USDT,0.9002,38.0,0.9001,22.0,0.9005,2.0,0.9006,52.0
1753600209000,07:10:09.000,okx,AERO/USDT:USDT,0.9002,38.0,0.9001,22.0,0.9005,2.0,0.9006,52.0
1753600209100,07:10:09.100,okx,AERO/USDT:USDT,0.9002,38.0,0.9001,22.0,0.9005,2.0,0.9006,52.0
1753600209600,07:10:09.600,okx,AERO/USDT:USDT,0.9002,38.0,0.9001,22.0,0.9005,2.0,0.9006,52.0
1753600209700,07:10:09.700,okx,AERO/USDT:USDT,0.9002,38.0,0.9001,22.0,0.9005,2.0,0.9006,52.0
1753600210200,07:10:10.200,okx,AERO/USDT:USDT,0.9002,33.0,0.9001,22.0,0.9005,2.0,0.9006,52.0
1753600210300,07:10:10.300,okx,AERO/USDT:USDT,0.9002,33.0,0.9001,22.0,0.9005,2.0,0.9006,52.0
1753600210700,07:10:10.700,okx,AERO/USDT:USDT,0.9002,33.0,0.9001,22.0,0.9005,2.0,0.9006,52.0
1753600211400,07:10:11.400,okx,AERO/USDT:USDT,0.9002,33.0,0.9001,22.0,0.9005,2.0,0.9006,52.0
1753600211600,07:10:11.600,okx,AERO/USDT:USDT,0.9002,38.0,0.9001,22.0,0.9005,2.0,0.9006,52.0
1753600211900,07:10:11.900,okx,AERO/USDT:USDT,0.9002,38.0,0.9001,22.0,0.9005,2.0,0.9006,52.0
1753600212400,07:10:12.400,okx,AERO/USDT:USDT,0.9002,38.0,0.9001,22.0,0.9005,2.0,0.9006,52.0
1753600212500,07:10:12.500,okx,AERO/USDT:USDT,0.9002,38.0,0.9001,22.0,0.9005,2.0,0.9006,52.0
1753600213900,07:10:13.900,okx,AERO/USDT:USDT,0.9002,28.0,0.9001,22.0,0.9005,2.0,0.9006,52.0
1753600214000,07:10:14.000,okx,AERO/USDT:USDT,0.9002,28.0,0.9001,22.0,0.9005,2.0,0.9006,52.0
1753600214100,07:10:14.100,okx,AERO/USDT:USDT,0.9002,28.0,0.9001,22.0,0.9005,2.0,0.9006,52.0
1753600214200,07:10:14.200,okx,AERO/USDT:USDT,0.9002,28.0,0.9001,22.0,0.9005,2.0,0.9006,52.0
1753600214700,07:10:14.700,okx,AERO/USDT:USDT,0.9002,38.0,0.9001,34.0,0.9006,52.0,0.9007,12.0
1753600215200,07:10:15.200,okx,AERO/USDT:USDT,0.9002,38.0,0.9001,34.0,0.9006,52.0,0.9007,12.0
1753600215300,07:10:15.300,okx,AERO/USDT:USDT,0.9002,38.0,0.9001,34.0,0.9006,52.0,0.9007,12.0
1753600215900,07:10:15.900,okx,AERO/USDT:USDT,0.9002,38.0,0.9001,34.0,0.9006,52.0,0.9007,12.0
1753600216300,07:10:16.300,okx,AERO/USDT:USDT,0.9002,33.0,0.9001,34.0,0.9005,2.0,0.9006,52.0
1753600216500,07:10:16.500,okx,AERO/USDT:USDT,0.9002,38.0,0.9001,34.0,0.9005,2.0,0.9006,52.0
1753600216600,07:10:16.600,okx,AERO/USDT:USDT,0.9002,38.0,0.9001,34.0,0.9005,2.0,0.9006,52.0
1753600216900,07:10:16.900,okx,AERO/USDT:USDT,0.9002,38.0,0.9001,34.0,0.9005,2.0,0.9006,52.0
1753600217000,07:10:17.000,okx,AERO/USDT:USDT,0.9002,38.0,0.9001,34.0,0.9005,2.0,0.9006,52.0
1753600217200,07:10:17.200,okx,AERO/USDT:USDT,0.9002,38.0,0.9001,34.0,0.9005,2.0,0.9006,52.0
1753600217300,07:10:17.300,okx,AERO/USDT:USDT,0.9002,38.0,0.9001,34.0,0.9005,2.0,0.9006,52.0
1753600217500,07:10:17.500,okx,AERO/USDT:USDT,0.9002,38.0,0.9001,34.0,0.9005,2.0,0.9006,52.0
1753600217700,07:10:17.700,okx,AERO/USDT:USDT,0.9002,38.0,0.9001,34.0,0.9005,2.0,0.9006,52.0
1753600218000,07:10:18.000,okx,AERO/USDT:USDT,0.9002,38.0,0.9001,34.0,0.9005,2.0,0.9006,52.0
1753600218100,07:10:18.100,okx,AERO/USDT:USDT,0.9002,38.0,0.9001,34.0,0.9005,2.0,0.9006,52.0
1753600218200,07:10:18.200,okx,AERO/USDT:USDT,0.9002,38.0,0.9001,34.0,0.9005,2.0,0.9006,52.0
1753600218700,07:10:18.700,okx,AERO/USDT:USDT,0.9002,38.0,0.9001,34.0,0.9005,2.0,0.9006,52.0
1753600218800,07:10:18.800,okx,AERO/USDT:USDT,0.9002,38.0,0.9001,34.0,0.9005,2.0,0.9006,52.0
1753600219300,07:10:19.300,okx,AERO/USDT:USDT,0.9002,38.0,0.9001,34.0,0.9005,2.0,0.9006,52.0
1753600219900,07:10:19.900,okx,AERO/USDT:USDT,0.9002,38.0,0.9001,34.0,0.9005,2.0,0.9006,52.0
1753600220000,07:10:20.000,okx,AERO/USDT:USDT,0.9002,38.0,0.9001,34.0,0.9005,2.0,0.9006,52.0
1753600220500,07:10:20.500,okx,AERO/USDT:USDT,0.9002,38.0,0.9001,34.0,0.9005,2.0,0.9006,52.0
1753600220600,07:10:20.600,okx,AERO/USDT:USDT,0.9002,39.0,0.9001,34.0,0.9006,52.0,0.9007,12.0
1753600221200,07:10:21.200,okx,AERO/USDT:USDT,0.9002,39.0,0.9001,34.0,0.9005,2.0,0.9006,52.0
1753600222900,07:10:22.900,okx,AERO/USDT:USDT,0.9004,12.0,0.9003,49.0,0.9006,12.0,0.9007,47.0
1753600223000,07:10:23.000,okx,AERO/USDT:USDT,0.9004,12.0,0.9003,49.0,0.9006,12.0,0.9007,47.0
1753600223100,07:10:23.100,okx,AERO/USDT:USDT,0.9004,12.0,0.9003,49.0,0.9006,12.0,0.9007,47.0
1753600223200,07:10:23.200,okx,AERO/USDT:USDT,0.9004,2.0,0.9003,49.0,0.9006,12.0,0.9007,47.0
1753600223300,07:10:23.300,okx,AERO/USDT:USDT,0.9003,49.0,0.9002,24.0,0.9006,12.0,0.9007,47.0
1753600223800,07:10:23.800,okx,AERO/USDT:USDT,0.9003,49.0,0.9002,24.0,0.9006,12.0,0.9007,47.0
1753600224100,07:10:24.100,okx,AERO/USDT:USDT,0.9003,10.0,0.9002,60.0,0.9006,12.0,0.9007,47.0
1753600224200,07:10:24.200,okx,AERO/USDT:USDT,0.9003,10.0,0.9002,60.0,0.9006,12.0,0.9007,47.0
1753600224300,07:10:24.300,okx,AERO/USDT:USDT,0.9003,10.0,0.9002,60.0,0.9006,12.0,0.9007,47.0
1753600224400,07:10:24.400,okx,AERO/USDT:USDT,0.9003,10.0,0.9002,60.0,0.9006,12.0,0.9007,47.0
1753600224500,07:10:24.500,okx,AERO/USDT:USDT,0.9003,10.0,0.9002,60.0,0.9006,12.0,0.9007,47.0
1753600224600,07:10:24.600,okx,AERO/USDT:USDT,0.9003,10.0,0.9002,60.0,0.9006,12.0,0.9007,47.0
1753600225200,07:10:25.200,okx,AERO/USDT:USDT,0.9003,10.0,0.9002,60.0,0.9006,51.0,0.9007,12.0
1753600225300,07:10:25.300,okx,AERO/USDT:USDT,0.9003,5.0,0.9002,60.0,0.9006,51.0,0.9007,18.0
1753600225400,07:10:25.400,okx,AERO/USDT:USDT,0.9003,5.0,0.9002,60.0,0.9006,51.0,0.9007,18.0
1753600225500,07:10:25.500,okx,AERO/USDT:USDT,0.9003,5.0,0.9002,60.0,0.9006,51.0,0.9007,18.0
1753600226300,07:10:26.300,okx,AERO/USDT:USDT,0.9004,7.0,0.9003,10.0,0.9006,12.0,0.9007,51.0
1753600226400,07:10:26.400,okx,AERO/USDT:USDT,0.9004,9.0,0.9003,10.0,0.9006,12.0,0.9007,51.0
1753600226600,07:10:26.600,okx,AERO/USDT:USDT,0.9004,14.0,0.9003,10.0,0.9006,12.0,0.9007,51.0
1753600226700,07:10:26.700,okx,AERO/USDT:USDT,0.9004,7.0,0.9003,10.0,0.9006,12.0,0.9007,51.0
1753600227000,07:10:27.000,okx,AERO/USDT:USDT,0.9004,2.0,0.9003,5.0,0.9006,12.0,0.9007,51.0
1753600227100,07:10:27.100,okx,AERO/USDT:USDT,0.9004,7.0,0.9003,20.0,0.9006,12.0,0.9007,51.0
1753600228800,07:10:28.800,okx,AERO/USDT:USDT,0.9004,2.0,0.9003,21.0,0.9006,12.0,0.9007,51.0
1753600229300,07:10:29.300,okx,AERO/USDT:USDT,0.9004,2.0,0.9003,21.0,0.9006,12.0,0.9007,57.0
1753600229800,07:10:29.800,okx,AERO/USDT:USDT,0.9003,38.0,0.9002,23.0,0.9006,12.0,0.9007,51.0
1753600229900,07:10:29.900,okx,AERO/USDT:USDT,0.9003,38.0,0.9002,23.0,0.9006,12.0,0.9007,51.0
1753600230000,07:10:30.000,okx,AERO/USDT:USDT,0.9003,38.0,0.9002,23.0,0.9006,12.0,0.9007,57.0
1753600230100,07:10:30.100,okx,AERO/USDT:USDT,0.9003,38.0,0.9002,23.0,0.9006,12.0,0.9007,57.0
1753600230200,07:10:30.200,okx,AERO/USDT:USDT,0.9003,38.0,0.9002,23.0,0.9006,12.0,0.9007,57.0
1753600230600,07:10:30.600,okx,AERO/USDT:USDT,0.9004,12.0,0.9003,43.0,0.9006,12.0,0.9007,51.0
1753600230700,07:10:30.700,okx,AERO/USDT:USDT,0.9007,2.0,0.9006,10.0,0.9009,12.0,0.901,56.0
1753600230800,07:10:30.800,okx,AERO/USDT:USDT,0.9008,7.0,0.9007,10.0,0.9009,26.0,0.901,56.0
1753600230900,07:10:30.900,okx,AERO/USDT:USDT,0.9008,12.0,0.9007,10.0,0.901,56.0,0.9011,12.0
1753600231200,07:10:31.200,okx,AERO/USDT:USDT,0.9009,5.0,0.9008,5.0,0.901,13.0,0.9011,40.0
1753600231300,07:10:31.300,okx,AERO/USDT:USDT,0.9009,5.0,0.9007,53.0,0.901,13.0,0.9011,40.0
1753600231500,07:10:31.500,okx,AERO/USDT:USDT,0.9009,5.0,0.9007,68.0,0.901,13.0,0.9011,40.0
1753600231800,07:10:31.800,okx,AERO/USDT:USDT,0.9009,5.0,0.9007,68.0,0.901,13.0,0.9011,40.0
1753600232000,07:10:32.000,okx,AERO/USDT:USDT,0.9009,5.0,0.9008,15.0,0.901,13.0,0.9011,40.0
1753600232200,07:10:32.200,okx,AERO/USDT:USDT,0.9009,5.0,0.9007,53.0,0.901,13.0,0.9011,40.0
1753600232600,07:10:32.600,okx,AERO/USDT:USDT,0.9009,5.0,0.9007,68.0,0.901,13.0,0.9011,40.0
1753600232700,07:10:32.700,okx,AERO/USDT:USDT,0.9009,5.0,0.9007,68.0,0.901,13.0,0.9011,40.0
1753600233300,07:10:33.300,okx,AERO/USDT:USDT,0.9009,5.0,0.9007,68.0,0.901,13.0,0.9011,40.0
1753600233400,07:10:33.400,okx,AERO/USDT:USDT,0.9009,5.0,0.9008,15.0,0.901,13.0,0.9011,40.0
1753600233600,07:10:33.600,okx,AERO/USDT:USDT,0.9009,5.0,0.9007,68.0,0.901,13.0,0.9011,40.0
1753600233700,07:10:33.700,okx,AERO/USDT:USDT,0.9009,5.0,0.9007,68.0,0.901,13.0,0.9011,40.0
1753600233800,07:10:33.800,okx,AERO/USDT:USDT,0.9009,5.0,0.9007,68.0,0.901,13.0,0.9011,40.0
1753600233900,07:10:33.900,okx,AERO/USDT:USDT,0.9009,5.0,0.9007,68.0,0.901,13.0,0.9011,40.0
1753600234000,07:10:34.000,okx,AERO/USDT:USDT,0.9009,5.0,0.9007,68.0,0.901,13.0,0.9011,40.0
1753600234100,07:10:34.100,okx,AERO/USDT:USDT,0.9009,5.0,0.9007,68.0,0.901,13.0,0.9011,40.0
1753600234200,07:10:34.200,okx,AERO/USDT:USDT,0.9009,5.0,0.9007,68.0,0.901,13.0,0.9011,40.0
1753600234700,07:10:34.700,okx,AERO/USDT:USDT,0.9009,5.0,0.9007,53.0,0.901,13.0,0.9011,40.0
1753600234900,07:10:34.900,okx,AERO/USDT:USDT,0.9009,5.0,0.9007,53.0,0.901,13.0,0.9011,40.0
1753600235000,07:10:35.000,okx,AERO/USDT:USDT,0.9009,5.0,0.9007,53.0,0.901,13.0,0.9011,40.0
1753600235200,07:10:35.200,okx,AERO/USDT:USDT,0.9009,5.0,0.9007,53.0,0.901,13.0,0.9011,40.0
1753600235300,07:10:35.300,okx,AERO/USDT:USDT,0.9009,5.0,0.9007,68.0,0.901,13.0,0.9011,40.0
1753600235600,07:10:35.600,okx,AERO/USDT:USDT,0.9009,5.0,0.9007,68.0,0.901,13.0,0.9011,40.0
1753600235800,07:10:35.800,okx,AERO/USDT:USDT,0.9009,5.0,0.9007,68.0,0.901,13.0,0.9011,40.0
1753600236200,07:10:36.200,okx,AERO/USDT:USDT,0.9009,5.0,0.9007,53.0,0.901,13.0,0.9011,61.0
1753600236400,07:10:36.400,okx,AERO/USDT:USDT,0.9009,5.0,0.9007,53.0,0.901,13.0,0.9011,61.0
1753600236500,07:10:36.500,okx,AERO/USDT:USDT,0.9009,5.0,0.9007,53.0,0.901,13.0,0.9011,61.0
1753600236700,07:10:36.700,okx,AERO/USDT:USDT,0.9007,38.0,0.9006,19.0,0.901,29.0,0.9011,61.0
1753600236800,07:10:36.800,okx,AERO/USDT:USDT,0.9007,38.0,0.9006,19.0,0.901,19.0,0.9011,61.0
1753600237600,07:10:37.600,okx,AERO/USDT:USDT,0.9007,38.0,0.9006,19.0,0.901,19.0,0.9011,61.0
1753600238000,07:10:38.000,okx,AERO/USDT:USDT,0.9007,28.0,0.9006,19.0,0.901,68.0,0.9011,61.0
1753600238700,07:10:38.700,okx,AERO/USDT:USDT,0.9005,40.0,0.9004,14.0,0.9009,75.0,0.901,29.0
1753600238800,07:10:38.800,okx,AERO/USDT:USDT,0.9005,40.0,0.9004,14.0,0.9009,75.0,0.901,29.0
1753600239300,07:10:39.300,okx,AERO/USDT:USDT,0.9004,29.0,0.9003,13.0,0.9008,61.0,0.9009,16.0
1753600239500,07:10:39.500,okx,AERO/USDT:USDT,0.9004,29.0,0.9003,13.0,0.9008,61.0,0.9009,16.0
1753600240000,07:10:40.000,okx,AERO/USDT:USDT,0.9004,29.0,0.9003,19.0,0.9008,61.0,0.9009,21.0
1753600240100,07:10:40.100,okx,AERO/USDT:USDT,0.9004,29.0,0.9003,13.0,0.9008,61.0,0.9009,21.0
1753600240400,07:10:40.400,okx,AERO/USDT:USDT,0.9005,7.0,0.9004,50.0,0.9008,45.0,0.9009,6.0
1753600240500,07:10:40.500,okx,AERO/USDT:USDT,0.9005,7.0,0.9004,35.0,0.9008,45.0,0.9009,6.0
1753600240700,07:10:40.700,okx,AERO/USDT:USDT,0.9005,5.0,0.9004,50.0,0.9008,45.0,0.9009,6.0
1753600240800,07:10:40.800,okx,AERO/USDT:USDT,0.9005,5.0,0.9004,50.0,0.9008,45.0,0.9009,6.0
1753600241300,07:10:41.300,okx,AERO/USDT:USDT,0.9005,5.0,0.9004,47.0,0.9008,45.0,0.9009,21.0
1753600241600,07:10:41.600,okx,AERO/USDT:USDT,0.9005,5.0,0.9004,62.0,0.9008,45.0,0.9009,6.0
1753600242100,07:10:42.100,okx,AERO/USDT:USDT,0.9005,5.0,0.9004,62.0,0.9008,45.0,0.9009,6.0
1753600242800,07:10:42.800,okx,AERO/USDT:USDT,0.9006,10.0,0.9005,62.0,0.9009,14.0,0.901,56.0
1753600243400,07:10:43.400,okx,AERO/USDT:USDT,0.9007,12.0,0.9006,11.0,0.9009,14.0,0.901,56.0
1753600243700,07:10:43.700,okx,AERO/USDT:USDT,0.9007,12.0,0.9006,11.0,0.9009,14.0,0.901,56.0
1753600243900,07:10:43.900,okx,AERO/USDT:USDT,0.9007,7.0,0.9006,11.0,0.9009,14.0,0.901,56.0
1753600244400,07:10:44.400,okx,AERO/USDT:USDT,0.9007,10.0,0.9006,11.0,0.9009,14.0,0.901,56.0
1753600245000,07:10:45.000,okx,AERO/USDT:USDT,0.9007,5.0,0.9006,11.0,0.9009,14.0,0.901,56.0
1753600245200,07:10:45.200,okx,AERO/USDT:USDT,0.9005,42.0,0.9004,20.0,0.9009,42.0,0.901,77.0
1753600245500,07:10:45.500,okx,AERO/USDT:USDT,0.9005,42.0,0.9004,20.0,0.9009,89.0,0.901,34.0
1753600245800,07:10:45.800,okx,AERO/USDT:USDT,0.9004,51.0,0.9003,13.0,0.9009,89.0,0.901,89.0
1753600247300,07:10:47.300,okx,AERO/USDT:USDT,0.9004,51.0,0.9003,34.0,0.9008,37.0,0.9009,28.0
1753600247500,07:10:47.500,okx,AERO/USDT:USDT,0.9004,51.0,0.9003,34.0,0.9008,47.0,0.9009,28.0
1753600248300,07:10:48.300,okx,AERO/USDT:USDT,0.9005,2.0,0.9004,57.0,0.9008,31.0,0.9009,33.0
1753600248500,07:10:48.500,okx,AERO/USDT:USDT,0.9004,56.0,0.9003,34.0,0.9008,37.0,0.9009,33.0
1753600249000,07:10:49.000,okx,AERO/USDT:USDT,0.9004,56.0,0.9003,34.0,0.9008,37.0,0.9009,33.0
1753600249300,07:10:49.300,okx,AERO/USDT:USDT,0.9005,12.0,0.9004,62.0,0.9008,31.0,0.9009,18.0
1753600249400,07:10:49.400,okx,AERO/USDT:USDT,0.9005,12.0,0.9004,62.0,0.9008,31.0,0.9009,18.0
1753600249600,07:10:49.600,okx,AERO/USDT:USDT,0.9005,12.0,0.9004,62.0,0.9008,31.0,0.9009,18.0
1753600249900,07:10:49.900,okx,AERO/USDT:USDT,0.9004,56.0,0.9003,28.0,0.9008,37.0,0.9009,33.0
1753600250900,07:10:50.900,okx,AERO/USDT:USDT,0.9004,56.0,0.9003,28.0,0.9008,37.0,0.9009,33.0
1753600251000,07:10:51.000,okx,AERO/USDT:USDT,0.9004,56.0,0.9003,28.0,0.9008,37.0,0.9009,33.0
1753600251300,07:10:51.300,okx,AERO/USDT:USDT,0.9004,56.0,0.9003,28.0,0.9008,37.0,0.9009,33.0
1753600251400,07:10:51.400,okx,AERO/USDT:USDT,0.9004,56.0,0.9003,28.0,0.9008,37.0,0.9009,33.0
1753600251500,07:10:51.500,okx,AERO/USDT:USDT,0.9004,56.0,0.9003,28.0,0.9008,37.0,0.9009,33.0
1753600251700,07:10:51.700,okx,AERO/USDT:USDT,0.9004,1.0,0.9003,62.0,0.9008,59.0,0.9009,33.0
1753600251800,07:10:51.800,okx,AERO/USDT:USDT,0.9004,1.0,0.9003,62.0,0.9008,59.0,0.9009,33.0
1753600252300,07:10:52.300,okx,AERO/USDT:USDT,0.9004,1.0,0.9003,83.0,0.9008,49.0,0.9009,33.0
1753600252400,07:10:52.400,okx,AERO/USDT:USDT,0.9004,1.0,0.9003,83.0,0.9008,49.0,0.9009,33.0
1753600252500,07:10:52.500,okx,AERO/USDT:USDT,0.9004,1.0,0.9003,83.0,0.9008,49.0,0.9009,33.0
1753600252600,07:10:52.600,okx,AERO/USDT:USDT,0.9004,1.0,0.9003,83.0,0.9008,49.0,0.9009,33.0
1753600252700,07:10:52.700,okx,AERO/USDT:USDT,0.9004,1.0,0.9003,68.0,0.9008,59.0,0.9009,33.0
1753600252900,07:10:52.900,okx,AERO/USDT:USDT,0.9004,1.0,0.9003,83.0,0.9008,49.0,0.9009,33.0
1753600253200,07:10:53.200,okx,AERO/USDT:USDT,0.9005,2.0,0.9004,12.0,0.9008,43.0,0.9009,18.0
1753600253700,07:10:53.700,okx,AERO/USDT:USDT,0.9005,15.0,0.9004,25.0,0.9008,43.0,0.9009,18.0
1753600253800,07:10:53.800,okx,AERO/USDT:USDT,0.9005,10.0,0.9004,65.0,0.9007,2.0,0.9008,43.0
1753600254200,07:10:54.200,okx,AERO/USDT:USDT,0.9005,20.0,0.9004,65.0,0.9008,12.0,0.9009,48.0
1753600254400,07:10:54.400,okx,AERO/USDT:USDT,0.9005,20.0,0.9004,65.0,0.9008,12.0,0.9009,48.0
1753600254800,07:10:54.800,okx,AERO/USDT:USDT,0.9005,50.0,0.9004,25.0,0.9008,12.0,0.9009,48.0
1753600255900,07:10:55.900,okx,AERO/USDT:USDT,0.9005,50.0,0.9004,25.0,0.9008,12.0,0.9009,48.0
1753600256700,07:10:56.700,okx,AERO/USDT:USDT,0.9005,50.0,0.9004,25.0,0.9008,12.0,0.9009,48.0
1753600256800,07:10:56.800,okx,AERO/USDT:USDT,0.9005,50.0,0.9004,25.0,0.9008,12.0,0.9009,48.0
1753600257600,07:10:57.600,okx,AERO/USDT:USDT,0.9007,57.0,0.9006,23.0,0.901,13.0,0.9011,12.0
1753600257800,07:10:57.800,okx,AERO/USDT:USDT,0.9007,57.0,0.9006,23.0,0.901,13.0,0.9011,12.0
1753600258000,07:10:58.000,okx,AERO/USDT:USDT,0.9007,57.0,0.9006,23.0,0.901,13.0,0.9011,12.0
1753600258400,07:10:58.400,okx,AERO/USDT:USDT,0.9008,58.0,0.9007,10.0,0.901,13.0,0.9011,12.0
1753600258500,07:10:58.500,okx,AERO/USDT:USDT,0.9008,48.0,0.9007,10.0,0.901,13.0,0.9011,12.0
1753600258800,07:10:58.800,okx,AERO/USDT:USDT,0.9008,58.0,0.9007,10.0,0.901,13.0,0.9011,12.0
1753600259000,07:10:59.000,okx,AERO/USDT:USDT,0.9008,58.0,0.9007,10.0,0.901,13.0,0.9011,12.0
1753600259100,07:10:59.100,okx,AERO/USDT:USDT,0.9008,58.0,0.9007,10.0,0.901,13.0,0.9011,12.0
1753600259200,07:10:59.200,okx,AERO/USDT:USDT,0.9008,58.0,0.9007,10.0,0.901,13.0,0.9011,12.0
1753600259300,07:10:59.300,okx,AERO/USDT:USDT,0.9008,58.0,0.9007,10.0,0.901,13.0,0.9011,12.0
1753600259500,07:10:59.500,okx,AERO/USDT:USDT,0.9008,58.0,0.9007,10.0,0.901,13.0,0.9011,12.0
1753600259700,07:10:59.700,okx,AERO/USDT:USDT,0.9008,58.0,0.9007,10.0,0.901,13.0,0.9011,12.0
1753600259800,07:10:59.800,okx,AERO/USDT:USDT,0.9008,58.0,0.9007,10.0,0.901,13.0,0.9011,12.0
1753600259900,07:10:59.900,okx,AERO/USDT:USDT,0.9008,58.0,0.9007,10.0,0.901,13.0,0.9011,12.0
1753600260100,07:11:00.100,okx,AERO/USDT:USDT,0.9008,58.0,0.9007,10.0,0.9011,12.0,0.9012,45.0
1753600260400,07:11:00.400,okx,AERO/USDT:USDT,0.9008,58.0,0.9007,10.0,0.9011,12.0,0.9012,45.0
1753600260500,07:11:00.500,okx,AERO/USDT:USDT,0.9008,58.0,0.9007,10.0,0.9011,12.0,0.9012,13.0
1753600260600,07:11:00.600,okx,AERO/USDT:USDT,0.9008,58.0,0.9007,10.0,0.9011,12.0,0.9012,13.0
1753600260700,07:11:00.700,okx,AERO/USDT:USDT,0.9008,58.0,0.9007,10.0,0.9011,12.0,0.9012,13.0
1753600260800,07:11:00.800,okx,AERO/USDT:USDT,0.9008,58.0,0.9007,10.0,0.9011,12.0,0.9012,13.0
1753600261000,07:11:01.000,okx,AERO/USDT:USDT,0.9008,60.0,0.9007,10.0,0.901,1.0,0.9011,12.0
1753600261300,07:11:01.300,okx,AERO/USDT:USDT,0.9008,60.0,0.9007,10.0,0.901,1.0,0.9011,12.0
1753600261500,07:11:01.500,okx,AERO/USDT:USDT,0.9008,60.0,0.9007,10.0,0.901,1.0,0.9011,12.0
1753600261800,07:11:01.800,okx,AERO/USDT:USDT,0.9008,60.0,0.9007,10.0,0.901,1.0,0.9011,12.0
1753600262100,07:11:02.100,okx,AERO/USDT:USDT,0.9008,60.0,0.9007,10.0,0.901,1.0,0.9011,12.0
1753600262400,07:11:02.400,okx,AERO/USDT:USDT,0.9008,60.0,0.9007,10.0,0.901,1.0,0.9011,12.0
1753600262500,07:11:02.500,okx,AERO/USDT:USDT,0.9008,54.0,0.9007,10.0,0.901,1.0,0.9011,12.0
1753600263000,07:11:03.000,okx,AERO/USDT:USDT,0.9008,48.0,0.9007,10.0,0.901,1.0,0.9011,12.0
1753600263200,07:11:03.200,okx,AERO/USDT:USDT,0.9008,48.0,0.9007,21.0,0.901,1.0,0.9011,12.0
1753600263700,07:11:03.700,okx,AERO/USDT:USDT,0.9008,54.0,0.9007,21.0,0.901,1.0,0.9011,12.0
1753600263800,07:11:03.800,okx,AERO/USDT:USDT,0.9008,54.0,0.9007,21.0,0.901,1.0,0.9011,12.0
1753600263900,07:11:03.900,okx,AERO/USDT:USDT,0.9008,60.0,0.9007,21.0,0.901,1.0,0.9011,12.0
1753600264000,07:11:04.000,okx,AERO/USDT:USDT,0.9008,60.0,0.9007,21.0,0.901,1.0,0.9011,12.0
1753600264200,07:11:04.200,okx,AERO/USDT:USDT,0.9008,60.0,0.9007,21.0,0.901,1.0,0.9011,12.0
1753600265400,07:11:05.400,okx,AERO/USDT:USDT,0.9008,60.0,0.9007,21.0,0.901,1.0,0.9011,12.0
1753600265800,07:11:05.800,okx,AERO/USDT:USDT,0.9008,60.0,0.9007,21.0,0.901,1.0,0.9011,12.0
1753600266000,07:11:06.000,okx,AERO/USDT:USDT,0.9008,60.0,0.9007,21.0,0.901,1.0,0.9011,12.0
1753600266100,07:11:06.100,okx,AERO/USDT:USDT,0.9008,60.0,0.9007,21.0,0.901,1.0,0.9011,12.0
1753600266900,07:11:06.900,okx,AERO/USDT:USDT,0.9008,48.0,0.9007,6.0,0.901,1.0,0.9011,12.0
1753600267200,07:11:07.200,okx,AERO/USDT:USDT,0.9008,48.0,0.9007,6.0,0.901,1.0,0.9011,12.0
1753600267300,07:11:07.300,okx,AERO/USDT:USDT,0.9008,60.0,0.9007,21.0,0.901,1.0,0.9011,12.0
1753600267800,07:11:07.800,okx,AERO/USDT:USDT,0.9008,54.0,0.9007,6.0,0.901,1.0,0.9011,12.0
1753600268200,07:11:08.200,okx,AERO/USDT:USDT,0.9008,60.0,0.9007,21.0,0.901,1.0,0.9011,12.0
1753600268600,07:11:08.600,okx,AERO/USDT:USDT,0.9008,60.0,0.9007,21.0,0.901,1.0,0.9011,12.0
1753600269500,07:11:09.500,okx,AERO/USDT:USDT,0.9008,60.0,0.9007,21.0,0.901,1.0,0.9011,12.0
1753600269900,07:11:09.900,okx,AERO/USDT:USDT,0.9008,60.0,0.9007,21.0,0.901,1.0,0.9011,12.0
1753600270100,07:11:10.100,okx,AERO/USDT:USDT,0.9008,60.0,0.9007,21.0,0.901,1.0,0.9011,12.0
1753600270700,07:11:10.700,okx,AERO/USDT:USDT,0.9008,54.0,0.9007,21.0,0.901,1.0,0.9011,12.0
1753600270800,07:11:10.800,okx,AERO/USDT:USDT,0.9008,54.0,0.9007,21.0,0.901,1.0,0.9011,12.0
1753600271300,07:11:11.300,okx,AERO/USDT:USDT,0.9008,60.0,0.9007,21.0,0.901,1.0,0.9011,12.0
1753600271400,07:11:11.400,okx,AERO/USDT:USDT,0.9008,60.0,0.9007,21.0,0.901,1.0,0.9011,12.0
1753600272100,07:11:12.100,okx,AERO/USDT:USDT,0.9008,60.0,0.9007,21.0,0.901,1.0,0.9011,12.0
1753600272200,07:11:12.200,okx,AERO/USDT:USDT,0.9008,54.0,0.9007,21.0,0.901,1.0,0.9011,12.0
1753600272400,07:11:12.400,okx,AERO/USDT:USDT,0.9008,60.0,0.9007,21.0,0.901,1.0,0.9011,12.0
1753600272500,07:11:12.500,okx,AERO/USDT:USDT,0.9008,60.0,0.9007,21.0,0.901,1.0,0.9011,12.0
1753600273500,07:11:13.500,okx,AERO/USDT:USDT,0.9008,60.0,0.9007,21.0,0.901,1.0,0.9011,12.0
1753600274700,07:11:14.700,okx,AERO/USDT:USDT,0.9008,60.0,0.9007,21.0,0.901,1.0,0.9011,12.0
1753600275200,07:11:15.200,okx,AERO/USDT:USDT,0.9008,60.0,0.9007,21.0,0.901,1.0,0.9011,12.0
1753600276300,07:11:16.300,okx,AERO/USDT:USDT,0.9008,60.0,0.9007,21.0,0.901,1.0,0.9011,12.0
1753600276400,07:11:16.400,okx,AERO/USDT:USDT,0.9008,60.0,0.9007,21.0,0.901,1.0,0.9011,12.0
1753600277400,07:11:17.400,okx,AERO/USDT:USDT,0.9008,60.0,0.9007,21.0,0.901,1.0,0.9011,12.0
1753600277600,07:11:17.600,okx,AERO/USDT:USDT,0.9008,60.0,0.9007,21.0,0.901,1.0,0.9011,12.0
1753600278000,07:11:18.000,okx,AERO/USDT:USDT,0.9008,60.0,0.9007,21.0,0.901,1.0,0.9011,12.0
1753600278100,07:11:18.100,okx,AERO/USDT:USDT,0.9008,60.0,0.9007,21.0,0.901,1.0,0.9011,12.0
1753600278700,07:11:18.700,okx,AERO/USDT:USDT,0.901,19.0,0.9009,84.0,0.9012,1.0,0.9013,41.0
1753600278800,07:11:18.800,okx,AERO/USDT:USDT,0.901,68.0,0.9009,35.0,0.9012,1.0,0.9013,41.0
1753600278900,07:11:18.900,okx,AERO/USDT:USDT,0.901,68.0,0.9009,35.0,0.9012,1.0,0.9013,41.0
1753600279000,07:11:19.000,okx,AERO/USDT:USDT,0.901,68.0,0.9009,35.0,0.9012,1.0,0.9013,41.0
1753600279100,07:11:19.100,okx,AERO/USDT:USDT,0.901,68.0,0.9009,35.0,0.9012,1.0,0.9013,41.0
1753600279200,07:11:19.200,okx,AERO/USDT:USDT,0.901,68.0,0.9009,35.0,0.9012,1.0,0.9013,41.0
1753600279400,07:11:19.400,okx,AERO/USDT:USDT,0.901,68.0,0.9009,35.0,0.9012,1.0,0.9013,41.0
1753600279700,07:11:19.700,okx,AERO/USDT:USDT,0.901,13.0,0.9009,84.0,0.9012,1.0,0.9013,41.0
1753600280200,07:11:20.200,okx,AERO/USDT:USDT,0.901,7.0,0.9009,82.0,0.9012,1.0,0.9013,47.0
1753600280400,07:11:20.400,okx,AERO/USDT:USDT,0.901,7.0,0.9009,67.0,0.9012,1.0,0.9013,47.0
1753600280900,07:11:20.900,okx,AERO/USDT:USDT,0.901,7.0,0.9009,82.0,0.9012,1.0,0.9013,47.0
1753600281100,07:11:21.100,okx,AERO/USDT:USDT,0.901,7.0,0.9009,67.0,0.9012,1.0,0.9013,47.0
1753600281300,07:11:21.300,okx,AERO/USDT:USDT,0.901,7.0,0.9009,67.0,0.9012,1.0,0.9013,47.0
1753600282400,07:11:22.400,okx,AERO/USDT:USDT,0.901,7.0,0.9009,82.0,0.9012,1.0,0.9013,47.0
1753600282800,07:11:22.800,okx,AERO/USDT:USDT,0.901,7.0,0.9009,67.0,0.9012,1.0,0.9013,47.0
1753600284600,07:11:24.600,okx,AERO/USDT:USDT,0.9008,33.0,0.9007,18.0,0.9011,2.0,0.9012,43.0
1753600284700,07:11:24.700,okx,AERO/USDT:USDT,0.9008,33.0,0.9007,18.0,0.9011,2.0,0.9012,43.0
1753600284800,07:11:24.800,okx,AERO/USDT:USDT,0.9008,33.0,0.9007,18.0,0.9011,2.0,0.9012,43.0
1753600285200,07:11:25.200,okx,AERO/USDT:USDT,0.9008,33.0,0.9007,18.0,0.9011,2.0,0.9012,43.0
1753600285400,07:11:25.400,okx,AERO/USDT:USDT,0.9008,33.0,0.9007,18.0,0.9011,2.0,0.9012,43.0
1753600285500,07:11:25.500,okx,AERO/USDT:USDT,0.9008,33.0,0.9007,33.0,0.9011,2.0,0.9012,43.0
1753600285800,07:11:25.800,okx,AERO/USDT:USDT,0.9008,33.0,0.9007,18.0,0.9011,2.0,0.9012,43.0
1753600286300,07:11:26.300,okx,AERO/USDT:USDT,0.9008,33.0,0.9007,18.0,0.901,2.0,0.9011,9.0
1753600286600,07:11:26.600,okx,AERO/USDT:USDT,0.9008,33.0,0.9007,18.0,0.901,2.0,0.9011,15.0
1753600286700,07:11:26.700,okx,AERO/USDT:USDT,0.9008,33.0,0.9007,12.0,0.901,2.0,0.9011,15.0
1753600286800,07:11:26.800,okx,AERO/USDT:USDT,0.9008,33.0,0.9007,12.0,0.901,2.0,0.9011,15.0
1753600286900,07:11:26.900,okx,AERO/USDT:USDT,0.9008,33.0,0.9007,12.0,0.901,2.0,0.9011,15.0
1753600287200,07:11:27.200,okx,AERO/USDT:USDT,0.9006,46.0,0.9005,12.0,0.9008,2.0,0.9009,15.0
1753600287300,07:11:27.300,okx,AERO/USDT:USDT,0.9006,46.0,0.9005,12.0,0.9008,2.0,0.9009,21.0
1753600287700,07:11:27.700,okx,AERO/USDT:USDT,0.9006,1.0,0.9005,55.0,0.9007,2.0,0.9008,15.0
1753600287800,07:11:27.800,okx,AERO/USDT:USDT,0.9006,1.0,0.9005,43.0,0.9007,11.0,0.9008,15.0
1753600287900,07:11:27.900,okx,AERO/USDT:USDT,0.9006,1.0,0.9005,43.0,0.9007,17.0,0.9008,15.0
1753600288100,07:11:28.100,okx,AERO/USDT:USDT,0.9006,1.0,0.9005,43.0,0.9007,8.0,0.9008,15.0
1753600288200,07:11:28.200,okx,AERO/USDT:USDT,0.9006,1.0,0.9005,43.0,0.9007,8.0,0.9008,15.0
1753600288300,07:11:28.300,okx,AERO/USDT:USDT,0.9006,1.0,0.9005,43.0,0.9009,71.0,0.901,21.0
1753600288400,07:11:28.400,okx,AERO/USDT:USDT,0.9006,1.0,0.9005,43.0,0.9008,21.0,0.9009,81.0
1753600289300,07:11:29.300,okx,AERO/USDT:USDT,0.9006,1.0,0.9005,12.0,0.9009,71.0,0.901,76.0
1753600289400,07:11:29.400,okx,AERO/USDT:USDT,0.9006,1.0,0.9005,12.0,0.9009,62.0,0.901,76.0
1753600289500,07:11:29.500,okx,AERO/USDT:USDT,0.9006,1.0,0.9005,12.0,0.9009,62.0,0.901,76.0
1753600289600,07:11:29.600,okx,AERO/USDT:USDT,0.9006,1.0,0.9005,12.0,0.9007,2.0,0.9008,6.0
1753600289800,07:11:29.800,okx,AERO/USDT:USDT,0.9006,1.0,0.9005,12.0,0.9009,62.0,0.901,21.0
1753600289900,07:11:29.900,okx,AERO/USDT:USDT,0.9006,1.0,0.9005,12.0,0.9009,62.0,0.901,21.0
1753600290100,07:11:30.100,okx,AERO/USDT:USDT,0.9006,1.0,0.9005,27.0,0.9009,56.0,0.901,18.0
1753600290300,07:11:30.300,okx,AERO/USDT:USDT,0.9006,1.0,0.9005,12.0,0.9009,56.0,0.901,33.0
1753600290400,07:11:30.400,okx,AERO/USDT:USDT,0.9006,1.0,0.9005,12.0,0.9008,2.0,0.9009,62.0
1753600290500,07:11:30.500,okx,AERO/USDT:USDT,0.9006,1.0,0.9005,12.0,0.9008,2.0,0.9009,62.0
1753600290700,07:11:30.700,okx,AERO/USDT:USDT,0.9006,1.0,0.9005,12.0,0.9008,2.0,0.9009,77.0
1753600290900,07:11:30.900,okx,AERO/USDT:USDT,0.9006,1.0,0.9005,12.0,0.9008,2.0,0.9009,62.0
1753600291300,07:11:31.300,okx,AERO/USDT:USDT,0.9006,1.0,0.9005,27.0,0.9009,56.0,0.901,73.0
1753600291700,07:11:31.700,okx,AERO/USDT:USDT,0.9006,1.0,0.9005,12.0,0.9007,2.0,0.9008,6.0
1753600292200,07:11:32.200,okx,AERO/USDT:USDT,0.9006,1.0,0.9005,12.0,0.9009,62.0,0.901,73.0
1753600292300,07:11:32.300,okx,AERO/USDT:USDT,0.9006,1.0,0.9005,12.0,0.9008,2.0,0.9009,62.0
1753600292400,07:11:32.400,okx,AERO/USDT:USDT,0.9006,1.0,0.9005,27.0,0.9008,2.0,0.9009,62.0
1753600292500,07:11:32.500,okx,AERO/USDT:USDT,0.9006,1.0,0.9005,27.0,0.9008,2.0,0.9009,62.0
1753600293200,07:11:33.200,okx,AERO/USDT:USDT,0.9006,7.0,0.9005,33.0,0.9009,56.0,0.901,73.0
1753600293700,07:11:33.700,okx,AERO/USDT:USDT,0.9006,1.0,0.9005,27.0,0.9008,2.0,0.9009,62.0
1753600294500,07:11:34.500,okx,AERO/USDT:USDT,0.9006,7.0,0.9005,33.0,0.9008,2.0,0.9009,56.0
1753600294600,07:11:34.600,okx,AERO/USDT:USDT,0.9006,7.0,0.9005,33.0,0.9008,2.0,0.9009,56.0
1753600294900,07:11:34.900,okx,AERO/USDT:USDT,0.9006,7.0,0.9005,33.0,0.9008,2.0,0.9009,56.0
1753600295200,07:11:35.200,okx,AERO/USDT:USDT,0.9006,7.0,0.9005,33.0,0.9009,56.0,0.901,73.0
1753600295500,07:11:35.500,okx,AERO/USDT:USDT,0.9006,1.0,0.9005,12.0,0.9008,2.0,0.9009,62.0
1753600295700,07:11:35.700,okx,AERO/USDT:USDT,0.9006,1.0,0.9005,33.0,0.9008,2.0,0.9009,62.0
1753600295900,07:11:35.900,okx,AERO/USDT:USDT,0.9006,1.0,0.9005,33.0,0.9008,2.0,0.9009,62.0
1753600296600,07:11:36.600,okx,AERO/USDT:USDT,0.9006,1.0,0.9004,77.0,0.9007,2.0,0.9008,16.0
1753600297500,07:11:37.500,okx,AERO/USDT:USDT,0.9006,1.0,0.9005,14.0,0.9008,2.0,0.9009,86.0
1753600297600,07:11:37.600,okx,AERO/USDT:USDT,0.9006,1.0,0.9005,14.0,0.9008,8.0,0.9009,72.0
1753600297700,07:11:37.700,okx,AERO/USDT:USDT,0.9006,1.0,0.9005,14.0,0.9008,2.0,0.9009,72.0
1753600298400,07:11:38.400,okx,AERO/USDT:USDT,0.9006,1.0,0.9005,14.0,0.9008,2.0,0.9009,62.0
1753600298500,07:11:38.500,okx,AERO/USDT:USDT,0.9006,1.0,0.9005,14.0,0.9008,2.0,0.9009,62.0
1753600299200,07:11:39.200,okx,AERO/USDT:USDT,0.9006,1.0,0.9005,14.0,0.9008,2.0,0.9009,62.0
1753600299400,07:11:39.400,okx,AERO/USDT:USDT,0.9006,1.0,0.9005,29.0,0.9008,2.0,0.9009,70.0
1753600299500,07:11:39.500,okx,AERO/USDT:USDT,0.9006,1.0,0.9005,14.0,0.9008,2.0,0.9009,62.0
1753600299600,07:11:39.600,okx,AERO/USDT:USDT,0.9006,1.0,0.9005,29.0,0.9008,2.0,0.9009,62.0
1753600299800,07:11:39.800,okx,AERO/USDT:USDT,0.9006,1.0,0.9005,29.0,0.9008,2.0,0.9009,62.0
1753600300000,07:11:40.000,okx,AERO/USDT:USDT,0.9006,1.0,0.9005,29.0,0.9008,2.0,0.9009,62.0
1753600300200,07:11:40.200,okx,AERO/USDT:USDT,0.9006,1.0,0.9005,29.0,0.9008,2.0,0.9009,62.0
1753600300300,07:11:40.300,okx,AERO/USDT:USDT,0.9006,1.0,0.9005,29.0,0.9008,2.0,0.9009,62.0
1753600300400,07:11:40.400,okx,AERO/USDT:USDT,0.9006,1.0,0.9005,29.0,0.9008,2.0,0.9009,62.0
1753600300800,07:11:40.800,okx,AERO/USDT:USDT,0.9006,1.0,0.9005,29.0,0.9008,2.0,0.9009,62.0
1753600301000,07:11:41.000,okx,AERO/USDT:USDT,0.9006,1.0,0.9005,29.0,0.9008,2.0,0.9009,56.0
1753600301788,07:11:41.788,okx,AERO/USDT:USDT,0.9006,1.0,0.9005,29.0,0.9008,2.0,0.9009,56.0
1753600302508,07:11:42.508,okx,AERO/USDT:USDT,0.9006,7.0,0.9005,35.0,0.9008,2.0,0.9009,62.0
1753600303008,07:11:43.008,okx,AERO/USDT:USDT,0.9006,7.0,0.9005,35.0,0.9009,70.0,0.901,73.0
1753600303108,07:11:43.108,okx,AERO/USDT:USDT,0.9006,7.0,0.9005,35.0,0.9008,2.0,0.9009,62.0
1753600303808,07:11:43.808,okx,AERO/USDT:USDT,0.9006,1.0,0.9005,35.0,0.9008,2.0,0.9009,62.0
1753600304308,07:11:44.308,okx,AERO/USDT:USDT,0.9006,7.0,0.9005,35.0,0.9009,70.0,0.901,73.0
1753600304408,07:11:44.408,okx,AERO/USDT:USDT,0.9006,1.0,0.9005,14.0,0.9008,2.0,0.9009,62.0
1753600304808,07:11:44.808,okx,AERO/USDT:USDT,0.9006,1.0,0.9005,14.0,0.9008,2.0,0.9009,62.0
1753600304908,07:11:44.908,okx,AERO/USDT:USDT,0.9006,1.0,0.9005,35.0,0.9009,56.0,0.901,73.0
1753600306008,07:11:46.008,okx,AERO/USDT:USDT,0.9006,7.0,0.9005,35.0,0.9009,56.0,0.901,73.0
1753600306108,07:11:46.108,okx,AERO/USDT:USDT,0.9006,1.0,0.9005,14.0,0.9007,2.0,0.9008,6.0
1753600306508,07:11:46.508,okx,AERO/USDT:USDT,0.9006,1.0,0.9005,14.0,0.9008,6.0,0.9009,88.0
1753600307208,07:11:47.208,okx,AERO/USDT:USDT,0.9006,1.0,0.9005,29.0,0.9009,62.0,0.901,82.0
1753600308908,07:11:48.908,okx,AERO/USDT:USDT,0.9006,1.0,0.9005,29.0,0.9008,2.0,0.9009,62.0
1753600309408,07:11:49.408,okx,AERO/USDT:USDT,0.9006,7.0,0.9005,35.0,0.9009,56.0,0.901,18.0
1753600310308,07:11:50.308,okx,AERO/USDT:USDT,0.9006,7.0,0.9005,35.0,0.9008,2.0,0.9009,62.0
1753600310608,07:11:50.608,okx,AERO/USDT:USDT,0.9006,1.0,0.9005,35.0,0.9008,2.0,0.9009,62.0
1753600311008,07:11:51.008,okx,AERO/USDT:USDT,0.9006,1.0,0.9005,35.0,0.9008,2.0,0.9009,62.0
1753600311708,07:11:51.708,okx,AERO/USDT:USDT,0.9006,7.0,0.9005,35.0,0.9009,56.0,0.901,73.0
1753600312608,07:11:52.608,okx,AERO/USDT:USDT,0.9006,7.0,0.9005,35.0,0.9009,56.0,0.901,73.0
1753600312708,07:11:52.708,okx,AERO/USDT:USDT,0.9006,7.0,0.9005,35.0,0.9009,56.0,0.901,73.0
1753600312808,07:11:52.808,okx,AERO/USDT:USDT,0.9006,7.0,0.9005,35.0,0.9009,56.0,0.901,73.0
1753600313308,07:11:53.308,okx,AERO/USDT:USDT,0.9006,7.0,0.9005,35.0,0.9009,56.0,0.901,73.0
1753600314008,07:11:54.008,okx,AERO/USDT:USDT,0.9006,7.0,0.9005,35.0,0.9009,56.0,0.901,73.0
1753600314408,07:11:54.408,okx,AERO/USDT:USDT,0.9006,7.0,0.9005,35.0,0.9009,56.0,0.901,73.0
1753600314908,07:11:54.908,okx,AERO/USDT:USDT,0.9006,13.0,0.9005,35.0,0.9009,56.0,0.901,73.0
1753600315108,07:11:55.108,okx,AERO/USDT:USDT,0.9006,13.0,0.9005,35.0,0.9009,56.0,0.901,73.0
1753600316008,07:11:56.008,okx,AERO/USDT:USDT,0.9006,13.0,0.9005,35.0,0.9009,56.0,0.901,73.0
1753600316708,07:11:56.708,okx,AERO/USDT:USDT,0.9006,13.0,0.9005,35.0,0.9009,56.0,0.901,73.0
1753600317108,07:11:57.108,okx,AERO/USDT:USDT,0.9006,13.0,0.9005,35.0,0.9009,56.0,0.901,73.0
1753600317308,07:11:57.308,okx,AERO/USDT:USDT,0.9006,13.0,0.9005,35.0,0.9009,56.0,0.901,73.0
1753600317408,07:11:57.408,okx,AERO/USDT:USDT,0.9006,13.0,0.9005,35.0,0.9009,56.0,0.901,73.0
1753600317608,07:11:57.608,okx,AERO/USDT:USDT,0.9006,13.0,0.9005,35.0,0.9009,56.0,0.901,73.0
1753600319208,07:11:59.208,okx,AERO/USDT:USDT,0.9006,13.0,0.9005,35.0,0.9009,56.0,0.901,67.0
1753600319908,07:11:59.908,okx,AERO/USDT:USDT,0.9006,13.0,0.9005,35.0,0.9009,56.0,0.901,12.0
1753600320308,07:12:00.308,okx,AERO/USDT:USDT,0.9006,12.0,0.9005,35.0,0.9008,2.0,0.9009,56.0
1753600320608,07:12:00.608,okx,AERO/USDT:USDT,0.9006,12.0,0.9005,35.0,0.9008,2.0,0.9009,56.0
1753600321208,07:12:01.208,okx,AERO/USDT:USDT,0.9006,12.0,0.9005,35.0,0.9008,2.0,0.9009,56.0
1753600321508,07:12:01.508,okx,AERO/USDT:USDT,0.9006,11.0,0.9005,35.0,0.9009,56.0,0.901,67.0
1753600322308,07:12:02.308,okx,AERO/USDT:USDT,0.9006,1.0,0.9005,35.0,0.9008,2.0,0.9009,56.0
1753600322408,07:12:02.408,okx,AERO/USDT:USDT,0.9006,1.0,0.9005,20.0,0.9008,2.0,0.9009,62.0
1753600322808,07:12:02.808,okx,AERO/USDT:USDT,0.9006,1.0,0.9005,35.0,0.9008,2.0,0.9009,62.0
1753600322908,07:12:02.908,okx,AERO/USDT:USDT,0.9006,1.0,0.9005,35.0,0.9008,2.0,0.9009,62.0
1753600323108,07:12:03.108,okx,AERO/USDT:USDT,0.9006,1.0,0.9005,35.0,0.9008,2.0,0.9009,62.0
1753600323308,07:12:03.308,okx,AERO/USDT:USDT,0.9006,1.0,0.9005,35.0,0.9008,2.0,0.9009,62.0
1753600323408,07:12:03.408,okx,AERO/USDT:USDT,0.9006,1.0,0.9005,35.0,0.9008,2.0,0.9009,62.0
1753600323708,07:12:03.708,okx,AERO/USDT:USDT,0.9006,1.0,0.9005,35.0,0.9008,2.0,0.9009,62.0
1753600323808,07:12:03.808,okx,AERO/USDT:USDT,0.9006,1.0,0.9005,35.0,0.9008,2.0,0.9009,62.0
1753600323908,07:12:03.908,okx,AERO/USDT:USDT,0.9006,1.0,0.9005,35.0,0.9008,2.0,0.9009,62.0
1753600324308,07:12:04.308,okx,AERO/USDT:USDT,0.9006,1.0,0.9005,35.0,0.9008,2.0,0.9009,62.0
1753600324408,07:12:04.408,okx,AERO/USDT:USDT,0.9006,1.0,0.9005,35.0,0.9008,2.0,0.9009,62.0
1753600324508,07:12:04.508,okx,AERO/USDT:USDT,0.9006,11.0,0.9005,35.0,0.9009,70.0,0.901,73.0
1753600325208,07:12:05.208,okx,AERO/USDT:USDT,0.9006,1.0,0.9005,20.0,0.9008,2.0,0.9009,62.0
1753600325408,07:12:05.408,okx,AERO/USDT:USDT,0.9006,1.0,0.9005,20.0,0.9008,2.0,0.9009,56.0
1753600326008,07:12:06.008,okx,AERO/USDT:USDT,0.9006,11.0,0.9005,35.0,0.9009,56.0,0.901,73.0
1753600326108,07:12:06.108,okx,AERO/USDT:USDT,0.9006,11.0,0.9005,35.0,0.9009,56.0,0.901,73.0
1753600327108,07:12:07.108,okx,AERO/USDT:USDT,0.9006,11.0,0.9005,35.0,0.9009,56.0,0.901,73.0
1753600327308,07:12:07.308,okx,AERO/USDT:USDT,0.9006,11.0,0.9005,35.0,0.9009,56.0,0.901,73.0
1753600327508,07:12:07.508,okx,AERO/USDT:USDT,0.9006,11.0,0.9005,35.0,0.9009,56.0,0.901,18.0
1753600327708,07:12:07.708,okx,AERO/USDT:USDT,0.9006,11.0,0.9005,35.0,0.9009,56.0,0.901,18.0
1753600329408,07:12:09.408,okx,AERO/USDT:USDT,0.9006,11.0,0.9005,35.0,0.9009,56.0,0.901,67.0
1753600329508,07:12:09.508,okx,AERO/USDT:USDT,0.9006,11.0,0.9005,35.0,0.9009,56.0,0.901,67.0
1753600329808,07:12:09.808,okx,AERO/USDT:USDT,0.9006,11.0,0.9005,35.0,0.9009,56.0,0.901,12.0
1753600330308,07:12:10.308,okx,AERO/USDT:USDT,0.9006,11.0,0.9005,35.0,0.9009,56.0,0.901,18.0
1753600330408,07:12:10.408,okx,AERO/USDT:USDT,0.9006,1.0,0.9005,35.0,0.9008,2.0,0.9009,56.0
1753600330608,07:12:10.608,okx,AERO/USDT:USDT,0.9006,11.0,0.9005,35.0,0.9009,56.0,0.901,12.0
1753600330708,07:12:10.708,okx,AERO/USDT:USDT,0.9006,11.0,0.9005,35.0,0.9009,56.0,0.901,12.0
1753600331008,07:12:11.008,okx,AERO/USDT:USDT,0.9006,11.0,0.9005,35.0,0.9009,56.0,0.901,12.0
1753600331108,07:12:11.108,okx,AERO/USDT:USDT,0.9006,11.0,0.9005,35.0,0.9009,56.0,0.901,12.0
1753600331608,07:12:11.608,okx,AERO/USDT:USDT,0.9006,11.0,0.9005,35.0,0.9009,56.0,0.901,12.0
1753600331908,07:12:11.908,okx,AERO/USDT:USDT,0.9006,11.0,0.9005,35.0,0.9009,56.0,0.901,12.0
1753600332008,07:12:12.008,okx,AERO/USDT:USDT,0.9006,11.0,0.9005,35.0,0.9009,56.0,0.901,12.0
1753600332108,07:12:12.108,okx,AERO/USDT:USDT,0.9006,11.0,0.9005,35.0,0.9009,56.0,0.901,12.0
1753600332908,07:12:12.908,okx,AERO/USDT:USDT,0.9006,11.0,0.9005,35.0,0.9009,56.0,0.901,12.0
1753600333208,07:12:13.208,okx,AERO/USDT:USDT,0.9006,11.0,0.9005,82.0,0.9009,56.0,0.901,12.0
1753600333308,07:12:13.308,okx,AERO/USDT:USDT,0.9006,11.0,0.9005,82.0,0.9009,56.0,0.901,12.0
1753600333408,07:12:13.408,okx,AERO/USDT:USDT,0.9006,1.0,0.9005,82.0,0.9008,2.0,0.9009,60.0
