timestamp,time,exchange,symbol,bid1_price,bid1_volume,bid2_price,bid2_volume,ask1_price,ask1_volume,ask2_price,ask2_volume
1753599983121,07:06:23.121,bitget,A/USDT:USDT,0.58317,230.0,0.58311,120.0,0.58357,111.0,0.58363,111.0
1753599983271,07:06:23.271,bitget,A/USDT:USDT,0.58317,230.0,0.58311,120.0,0.58355,111.0,0.58356,9028.0
1753599983421,07:06:23.421,bitget,A/USDT:USDT,0.58317,230.0,0.58311,120.0,0.58355,111.0,0.58356,9028.0
1753599983571,07:06:23.571,bitget,A/USDT:USDT,0.58317,230.0,0.58311,120.0,0.58355,111.0,0.58356,9028.0
1753599983871,07:06:23.871,bitget,A/USDT:USDT,0.58317,230.0,0.58311,120.0,0.58355,111.0,0.58356,9028.0
1753599984021,07:06:24.021,bitget,A/USDT:USDT,0.58317,230.0,0.58311,120.0,0.58355,111.0,0.58356,9028.0
1753599984171,07:06:24.171,bitget,A/USDT:USDT,0.58317,230.0,0.58311,120.0,0.58355,111.0,0.58356,9028.0
1753599984772,07:06:24.772,bitget,A/USDT:USDT,0.58317,230.0,0.58311,120.0,0.58355,111.0,0.58356,9028.0
1753599984922,07:06:24.922,bitget,A/USDT:USDT,0.58317,230.0,0.58311,120.0,0.58355,111.0,0.58356,9028.0
1753599985072,07:06:25.072,bitget,A/USDT:USDT,0.58317,230.0,0.58311,120.0,0.58355,111.0,0.58356,9028.0
1753599985222,07:06:25.222,bitget,A/USDT:USDT,0.58317,230.0,0.58311,120.0,0.58355,111.0,0.58356,9028.0
1753599985372,07:06:25.372,bitget,A/USDT:USDT,0.58317,230.0,0.58311,120.0,0.58355,111.0,0.58356,9028.0
1753599985522,07:06:25.522,bitget,A/USDT:USDT,0.58305,111.0,0.5828,3817.0,0.58347,1776.0,0.58355,231.0
1753599985672,07:06:25.672,bitget,A/USDT:USDT,0.58305,111.0,0.58277,111.0,0.58342,111.0,0.58347,1776.0
1753599986123,07:06:26.123,bitget,A/USDT:USDT,0.58265,1776.0,0.58264,106.0,0.58331,111.0,0.58336,9034.0
1753599986423,07:06:26.423,bitget,A/USDT:USDT,0.58265,1776.0,0.58264,106.0,0.58331,111.0,0.58336,9034.0
1753599986573,07:06:26.573,bitget,A/USDT:USDT,0.58265,1776.0,0.58264,106.0,0.58331,111.0,0.58336,9034.0
1753599986873,07:06:26.873,bitget,A/USDT:USDT,0.58265,4936.0,0.58264,106.0,0.58331,111.0,0.58336,9034.0
1753599987023,07:06:27.023,bitget,A/USDT:USDT,0.58265,1776.0,0.58264,106.0,0.58331,111.0,0.58336,9034.0
1753599987323,07:06:27.323,bitget,A/USDT:USDT,0.58265,1884.0,0.58264,106.0,0.58331,111.0,0.58336,9034.0
1753599987474,07:06:27.474,bitget,A/USDT:USDT,0.58265,1992.0,0.58264,106.0,0.58331,111.0,0.58336,9034.0
1753599988224,07:06:28.224,bitget,A/USDT:USDT,0.58246,106.0,0.58245,30849.0,0.58326,107.0,0.58331,985.0
1753599988374,07:06:28.374,bitget,A/USDT:USDT,0.58246,106.0,0.58245,30849.0,0.58326,107.0,0.58331,985.0
1753599988524,07:06:28.524,bitget,A/USDT:USDT,0.58246,106.0,0.58245,30849.0,0.58326,107.0,0.58331,985.0
1753599988824,07:06:28.824,bitget,A/USDT:USDT,0.58246,106.0,0.58245,30849.0,0.58326,107.0,0.58331,985.0
1753599989530,07:06:29.530,bitget,A/USDT:USDT,0.58246,736.0,0.58245,30849.0,0.58321,107.0,0.58326,556.0
1753599990175,07:06:30.175,bitget,A/USDT:USDT,0.58246,759.0,0.58245,30849.0,0.58321,107.0,0.58326,556.0
1753599990325,07:06:30.325,bitget,A/USDT:USDT,0.58246,759.0,0.58245,30849.0,0.58321,107.0,0.58326,556.0
1753599991226,07:06:31.226,bitget,A/USDT:USDT,0.58246,845.0,0.58245,30849.0,0.58321,107.0,0.58326,556.0
1753599991976,07:06:31.976,bitget,A/USDT:USDT,0.58246,1061.0,0.58245,30849.0,0.58316,107.0,0.58321,484.0
1753599992126,07:06:32.126,bitget,A/USDT:USDT,0.58246,1061.0,0.58245,30849.0,0.58316,107.0,0.58321,484.0
1753599992276,07:06:32.276,bitget,A/USDT:USDT,0.58246,1061.0,0.58245,30849.0,0.58316,107.0,0.58321,484.0
1753599992427,07:06:32.427,bitget,A/USDT:USDT,0.58246,1061.0,0.58245,30849.0,0.58316,107.0,0.58321,484.0
1753599992577,07:06:32.577,bitget,A/USDT:USDT,0.58246,1061.0,0.58245,30849.0,0.58316,107.0,0.58321,484.0
1753599992727,07:06:32.727,bitget,A/USDT:USDT,0.58246,1061.0,0.58245,30849.0,0.58316,107.0,0.58321,484.0
1753599993027,07:06:33.027,bitget,A/USDT:USDT,0.58246,1061.0,0.58245,30849.0,0.58316,107.0,0.58321,484.0
1753599993327,07:06:33.327,bitget,A/USDT:USDT,0.58246,1061.0,0.58245,30849.0,0.58316,107.0,0.58321,484.0
1753599993777,07:06:33.777,bitget,A/USDT:USDT,0.58246,1061.0,0.58245,30849.0,0.58316,107.0,0.58321,484.0
1753599993928,07:06:33.928,bitget,A/USDT:USDT,0.58246,1061.0,0.58245,30849.0,0.58316,107.0,0.58321,484.0
1753599994078,07:06:34.078,bitget,A/USDT:USDT,0.58246,1061.0,0.58245,30849.0,0.58316,107.0,0.58321,484.0
1753599994228,07:06:34.228,bitget,A/USDT:USDT,0.58246,1061.0,0.58245,30849.0,0.58316,107.0,0.58321,484.0
1753599994378,07:06:34.378,bitget,A/USDT:USDT,0.58246,1061.0,0.58245,30849.0,0.58316,107.0,0.58321,484.0
1753599994678,07:06:34.678,bitget,A/USDT:USDT,0.58246,1061.0,0.58245,30849.0,0.58316,107.0,0.58321,484.0
1753599994828,07:06:34.828,bitget,A/USDT:USDT,0.58246,1299.0,0.58245,30849.0,0.58316,107.0,0.58321,484.0
1753599994978,07:06:34.978,bitget,A/USDT:USDT,0.58246,1299.0,0.58245,30849.0,0.58316,107.0,0.58321,484.0
1753599995128,07:06:35.128,bitget,A/USDT:USDT,0.58246,1299.0,0.58245,30849.0,0.58316,107.0,0.58321,484.0
1753599995278,07:06:35.278,bitget,A/USDT:USDT,0.58246,1299.0,0.58245,30849.0,0.58316,107.0,0.58321,484.0
1753599995428,07:06:35.428,bitget,A/USDT:USDT,0.58246,1299.0,0.58245,30849.0,0.58316,107.0,0.58321,484.0
1753599995579,07:06:35.579,bitget,A/USDT:USDT,0.58246,1385.0,0.58245,30849.0,0.58316,107.0,0.58321,484.0
1753599995729,07:06:35.729,bitget,A/USDT:USDT,0.58246,1471.0,0.58245,30849.0,0.58316,107.0,0.58321,484.0
1753599995879,07:06:35.879,bitget,A/USDT:USDT,0.58246,1471.0,0.58245,30849.0,0.58316,107.0,0.58321,484.0
1753599996329,07:06:36.329,bitget,A/USDT:USDT,0.58246,1471.0,0.58245,30849.0,0.58316,107.0,0.58321,484.0
1753599996479,07:06:36.479,bitget,A/USDT:USDT,0.58246,1471.0,0.58245,30849.0,0.58316,107.0,0.58321,484.0
1753599996779,07:06:36.779,bitget,A/USDT:USDT,0.58246,1471.0,0.58245,30849.0,0.58316,107.0,0.58321,484.0
1753599996929,07:06:36.929,bitget,A/USDT:USDT,0.58246,1471.0,0.58245,30849.0,0.58316,107.0,0.58321,484.0
1753599997079,07:06:37.079,bitget,A/USDT:USDT,0.58246,1471.0,0.58245,30849.0,0.58316,107.0,0.58321,484.0
1753599997230,07:06:37.230,bitget,A/USDT:USDT,0.58246,1471.0,0.58245,30849.0,0.58316,107.0,0.58321,484.0
1753599997380,07:06:37.380,bitget,A/USDT:USDT,0.58246,1471.0,0.58245,30849.0,0.58316,107.0,0.58321,484.0
1753599997830,07:06:37.830,bitget,A/USDT:USDT,0.58246,1504.0,0.58245,30849.0,0.58316,107.0,0.58321,484.0
1753599997980,07:06:37.980,bitget,A/USDT:USDT,0.58246,1623.0,0.58245,30849.0,0.58316,107.0,0.58321,484.0
1753599998130,07:06:38.130,bitget,A/USDT:USDT,0.58246,1623.0,0.58245,30849.0,0.58316,107.0,0.58321,484.0
1753599998280,07:06:38.280,bitget,A/USDT:USDT,0.58246,1623.0,0.58245,30849.0,0.58316,107.0,0.58321,484.0
1753599998430,07:06:38.430,bitget,A/USDT:USDT,0.58246,1623.0,0.58245,30849.0,0.58316,107.0,0.58321,484.0
1753599998580,07:06:38.580,bitget,A/USDT:USDT,0.58246,1623.0,0.58245,30849.0,0.58316,107.0,0.58321,484.0
1753599998730,07:06:38.730,bitget,A/USDT:USDT,0.58246,1623.0,0.58245,30849.0,0.58316,107.0,0.58321,484.0
1753599998881,07:06:38.881,bitget,A/USDT:USDT,0.58246,1504.0,0.58245,30849.0,0.58316,107.0,0.58321,484.0
1753599999181,07:06:39.181,bitget,A/USDT:USDT,0.58246,1590.0,0.58245,30849.0,0.58316,107.0,0.58321,484.0
1753599999481,07:06:39.481,bitget,A/USDT:USDT,0.58246,1590.0,0.58245,30849.0,0.58316,107.0,0.58321,484.0
1753599999781,07:06:39.781,bitget,A/USDT:USDT,0.58246,1590.0,0.58245,30849.0,0.58316,107.0,0.58321,484.0
1753600000081,07:06:40.081,bitget,A/USDT:USDT,0.58246,1709.0,0.58245,30849.0,0.58316,107.0,0.58321,484.0
1753600000231,07:06:40.231,bitget,A/USDT:USDT,0.58246,1709.0,0.58245,30849.0,0.58316,107.0,0.58321,484.0
1753600000382,07:06:40.382,bitget,A/USDT:USDT,0.58246,1709.0,0.58245,30849.0,0.58316,107.0,0.58321,242.0
1753600000532,07:06:40.532,bitget,A/USDT:USDT,0.58246,2999.0,0.58245,30849.0,0.58327,107.0,0.58333,30859.0
1753600000682,07:06:40.682,bitget,A/USDT:USDT,0.58246,1037.0,0.58245,30849.0,0.58305,1776.0,0.58316,278.0
1753600000832,07:06:40.832,bitget,A/USDT:USDT,0.58246,871.0,0.5824,4207.0,0.583,110.0,0.58305,1776.0
1753600000982,07:06:40.982,bitget,A/USDT:USDT,0.58246,1855.0,0.5824,9175.0,0.583,110.0,0.58305,1776.0
1753600001132,07:06:41.132,bitget,A/USDT:USDT,0.58246,1855.0,0.5824,9175.0,0.583,110.0,0.58305,1776.0
1753600001582,07:06:41.582,bitget,A/USDT:USDT,0.58246,106.0,0.5824,9175.0,0.583,392.0,0.58305,1776.0
1753600001882,07:06:41.882,bitget,A/USDT:USDT,0.58246,106.0,0.5824,9175.0,0.58295,110.0,0.583,66.0
1753600002033,07:06:42.033,bitget,A/USDT:USDT,0.58246,106.0,0.5824,9175.0,0.58295,110.0,0.583,66.0
1753600002183,07:06:42.183,bitget,A/USDT:USDT,0.58246,106.0,0.5824,9175.0,0.58295,110.0,0.583,66.0
1753600002483,07:06:42.483,bitget,A/USDT:USDT,0.58246,106.0,0.5824,9175.0,0.58295,110.0,0.58305,1776.0
1753600002633,07:06:42.633,bitget,A/USDT:USDT,0.58246,106.0,0.5824,9175.0,0.58295,110.0,0.58305,1776.0
1753600002783,07:06:42.783,bitget,A/USDT:USDT,0.58246,106.0,0.5824,9175.0,0.58295,110.0,0.58305,1776.0
1753600002933,07:06:42.933,bitget,A/USDT:USDT,0.58246,106.0,0.5824,9175.0,0.58295,110.0,0.58305,1776.0
1753600003383,07:06:43.383,bitget,A/USDT:USDT,0.5824,109.0,0.58235,9072.0,0.58295,110.0,0.58305,1776.0
1753600003533,07:06:43.533,bitget,A/USDT:USDT,0.5824,195.0,0.58235,9072.0,0.58295,110.0,0.58305,1776.0
1753600003834,07:06:43.834,bitget,A/USDT:USDT,0.5824,195.0,0.58235,9072.0,0.58295,110.0,0.58305,1776.0
1753600004134,07:06:44.134,bitget,A/USDT:USDT,0.5824,195.0,0.58235,9072.0,0.58295,110.0,0.58305,1776.0
1753600004434,07:06:44.434,bitget,A/USDT:USDT,0.5824,195.0,0.58235,9072.0,0.5829,110.0,0.58305,1776.0
1753600004734,07:06:44.734,bitget,A/USDT:USDT,0.5824,195.0,0.58235,9072.0,0.5829,110.0,0.58305,1776.0
1753600004884,07:06:44.884,bitget,A/USDT:USDT,0.5824,3627.0,0.58235,9072.0,0.5829,110.0,0.58305,1776.0
1753600005335,07:06:45.335,bitget,A/USDT:USDT,0.5824,539.0,0.58235,9072.0,0.5829,110.0,0.58305,1776.0
1753600005485,07:06:45.485,bitget,A/USDT:USDT,0.5824,539.0,0.58235,9072.0,0.5829,110.0,0.58305,1776.0
1753600005635,07:06:45.635,bitget,A/USDT:USDT,0.5824,539.0,0.58235,9072.0,0.5829,110.0,0.58305,1776.0
1753600005785,07:06:45.785,bitget,A/USDT:USDT,0.5824,539.0,0.58235,9072.0,0.5829,110.0,0.58305,1776.0
1753600005935,07:06:45.935,bitget,A/USDT:USDT,0.5824,1911.0,0.58235,9072.0,0.5829,110.0,0.58305,1776.0
1753600006235,07:06:46.235,bitget,A/USDT:USDT,0.5824,4485.0,0.58235,9072.0,0.5829,110.0,0.58305,1776.0
1753600006385,07:06:46.385,bitget,A/USDT:USDT,0.5824,4485.0,0.58235,9072.0,0.5829,110.0,0.58305,1776.0
1753600006535,07:06:46.535,bitget,A/USDT:USDT,0.5822,111.0,0.58208,107.0,0.58272,2066.0,0.5828,435.0
1753600007136,07:06:47.136,bitget,A/USDT:USDT,0.58198,9072.0,0.58196,107.0,0.58267,110.0,0.58272,2030.0
1753600007436,07:06:47.436,bitget,A/USDT:USDT,0.58198,9244.0,0.5819,107.0,0.58267,110.0,0.58272,2030.0
1753600007586,07:06:47.586,bitget,A/USDT:USDT,0.58198,9330.0,0.5819,107.0,0.58267,110.0,0.58272,2030.0
1753600008036,07:06:48.036,bitget,A/USDT:USDT,0.58198,9460.0,0.5819,107.0,0.58262,109.0,0.58267,254.0
1753600008187,07:06:48.187,bitget,A/USDT:USDT,0.58198,9460.0,0.5819,107.0,0.58262,230.0,0.58267,254.0
1753600008487,07:06:48.487,bitget,A/USDT:USDT,0.58198,9460.0,0.5819,107.0,0.58257,109.0,0.58262,121.0
1753600008637,07:06:48.637,bitget,A/USDT:USDT,0.58198,9460.0,0.5819,107.0,0.58257,109.0,0.58262,121.0
1753600008787,07:06:48.787,bitget,A/USDT:USDT,0.58198,9546.0,0.5819,107.0,0.58257,109.0,0.58262,121.0
1753600009087,07:06:49.087,bitget,A/USDT:USDT,0.58198,9546.0,0.5819,107.0,0.58257,109.0,0.58262,121.0
1753600009387,07:06:49.387,bitget,A/USDT:USDT,0.58198,9546.0,0.5819,107.0,0.58257,109.0,0.58262,121.0
1753600009537,07:06:49.537,bitget,A/USDT:USDT,0.58198,9890.0,0.5819,107.0,0.58257,109.0,0.58262,121.0
1753600009688,07:06:49.688,bitget,A/USDT:USDT,0.58198,11352.0,0.5819,107.0,0.58252,109.0,0.58257,254.0
1753600009837,07:06:49.837,bitget,A/USDT:USDT,0.58198,11352.0,0.5819,107.0,0.58252,109.0,0.58257,254.0
1753600010588,07:06:50.588,bitget,A/USDT:USDT,0.58198,11438.0,0.5819,107.0,0.58252,109.0,0.58257,254.0
1753600011038,07:06:51.038,bitget,A/USDT:USDT,0.58198,11438.0,0.5819,107.0,0.58252,109.0,0.58257,254.0
1753600011188,07:06:51.188,bitget,A/USDT:USDT,0.58198,11438.0,0.5819,107.0,0.58252,109.0,0.58257,254.0
1753600011489,07:06:51.489,bitget,A/USDT:USDT,0.58198,11438.0,0.5819,107.0,0.58252,109.0,0.58257,254.0
1753600011639,07:06:51.639,bitget,A/USDT:USDT,0.58198,11438.0,0.5819,107.0,0.58252,109.0,0.58257,254.0
1753600011939,07:06:51.939,bitget,A/USDT:USDT,0.58198,11438.0,0.5819,107.0,0.58252,109.0,0.58257,254.0
1753600012539,07:06:52.539,bitget,A/USDT:USDT,0.58198,11438.0,0.5819,107.0,0.58252,109.0,0.58257,254.0
1753600012689,07:06:52.689,bitget,A/USDT:USDT,0.58198,11438.0,0.5819,107.0,0.58252,109.0,0.58257,254.0
1753600012989,07:06:52.989,bitget,A/USDT:USDT,0.58198,602.0,0.5819,107.0,0.58252,109.0,0.58262,121.0
1753600013140,07:06:53.140,bitget,A/USDT:USDT,0.58182,107.0,0.58176,110.0,0.58252,109.0,0.5826,491.0
1753600013290,07:06:53.290,bitget,A/USDT:USDT,0.58176,110.0,0.5817,110.0,0.58239,1776.0,0.5825,277.0
1753600013590,07:06:53.590,bitget,A/USDT:USDT,0.5817,110.0,0.58158,9196.0,0.58234,230.0,0.58238,9086.0
1753600013890,07:06:53.890,bitget,A/USDT:USDT,0.5817,110.0,0.58158,9196.0,0.58229,109.0,0.58234,121.0
1753600014190,07:06:54.190,bitget,A/USDT:USDT,0.5817,110.0,0.58158,9196.0,0.58229,109.0,0.58234,121.0
1753600014490,07:06:54.490,bitget,A/USDT:USDT,0.5817,110.0,0.58158,9196.0,0.58229,109.0,0.58234,121.0
1753600014640,07:06:54.640,bitget,A/USDT:USDT,0.5817,110.0,0.58158,9196.0,0.58229,109.0,0.58234,121.0
1753600014791,07:06:54.791,bitget,A/USDT:USDT,0.5817,110.0,0.58158,9196.0,0.58229,109.0,0.58234,121.0
1753600015091,07:06:55.091,bitget,A/USDT:USDT,0.5817,110.0,0.58158,9196.0,0.58229,109.0,0.58234,121.0
1753600015241,07:06:55.241,bitget,A/USDT:USDT,0.5817,110.0,0.58158,110.0,0.58229,109.0,0.58234,121.0
1753600015391,07:06:55.391,bitget,A/USDT:USDT,0.58158,110.0,0.58151,9084.0,0.58229,109.0,0.58234,121.0
1753600015691,07:06:55.691,bitget,A/USDT:USDT,0.58158,196.0,0.58151,9084.0,0.58229,109.0,0.58234,121.0
1753600015841,07:06:55.841,bitget,A/USDT:USDT,0.58158,454.0,0.58151,9084.0,0.58229,109.0,0.58234,121.0
1753600016141,07:06:56.141,bitget,A/USDT:USDT,0.58158,454.0,0.58151,9084.0,0.58229,109.0,0.58234,121.0
1753600016442,07:06:56.442,bitget,A/USDT:USDT,0.58158,454.0,0.58151,9084.0,0.58229,109.0,0.58234,121.0
1753600016592,07:06:56.592,bitget,A/USDT:USDT,0.58158,540.0,0.58151,9084.0,0.58229,109.0,0.58234,121.0
1753600017042,07:06:57.042,bitget,A/USDT:USDT,0.58158,540.0,0.58151,9084.0,0.58229,109.0,0.58234,121.0
1753600017192,07:06:57.192,bitget,A/USDT:USDT,0.58158,540.0,0.58151,9084.0,0.58229,109.0,0.58234,121.0
1753600017342,07:06:57.342,bitget,A/USDT:USDT,0.58158,540.0,0.58151,9084.0,0.58229,109.0,0.58234,121.0
1753600017642,07:06:57.642,bitget,A/USDT:USDT,0.58158,780.0,0.58151,9084.0,0.58229,265.0,0.58234,121.0
1753600017943,07:06:57.943,bitget,A/USDT:USDT,0.58158,780.0,0.58151,9084.0,0.58224,109.0,0.58229,156.0
1753600018243,07:06:58.243,bitget,A/USDT:USDT,0.58158,780.0,0.58151,9084.0,0.58224,109.0,0.58229,156.0
1753600018543,07:06:58.543,bitget,A/USDT:USDT,0.58158,780.0,0.58151,9084.0,0.58224,109.0,0.58229,156.0
1753600018693,07:06:58.693,bitget,A/USDT:USDT,0.58158,866.0,0.58154,121.0,0.58224,109.0,0.58229,156.0
1753600018843,07:06:58.843,bitget,A/USDT:USDT,0.58158,952.0,0.58154,121.0,0.58224,109.0,0.58229,156.0
1753600018993,07:06:58.993,bitget,A/USDT:USDT,0.58158,952.0,0.58154,121.0,0.58224,109.0,0.58229,156.0
1753600019143,07:06:59.143,bitget,A/USDT:USDT,0.58158,780.0,0.58154,121.0,0.58224,109.0,0.58229,156.0
1753600019444,07:06:59.444,bitget,A/USDT:USDT,0.58158,780.0,0.58154,121.0,0.58224,109.0,0.58229,156.0
1753600019594,07:06:59.594,bitget,A/USDT:USDT,0.58158,780.0,0.58154,121.0,0.58224,109.0,0.58229,156.0
1753600019744,07:06:59.744,bitget,A/USDT:USDT,0.58158,780.0,0.58154,121.0,0.58224,109.0,0.58229,156.0
1753600019894,07:06:59.894,bitget,A/USDT:USDT,0.58158,866.0,0.58154,121.0,0.58224,109.0,0.58229,156.0
1753600020344,07:07:00.344,bitget,A/USDT:USDT,0.58158,866.0,0.58154,121.0,0.58224,109.0,0.58229,156.0
1753600020494,07:07:00.494,bitget,A/USDT:USDT,0.58158,866.0,0.58154,121.0,0.58224,109.0,0.58229,156.0
1753600020644,07:07:00.644,bitget,A/USDT:USDT,0.58158,608.0,0.58154,121.0,0.58224,109.0,0.58229,156.0
1753600020944,07:07:00.944,bitget,A/USDT:USDT,0.58158,694.0,0.58154,121.0,0.58224,109.0,0.58229,156.0
1753600021094,07:07:01.094,bitget,A/USDT:USDT,0.58158,608.0,0.58154,121.0,0.58224,109.0,0.58229,156.0
1753600021695,07:07:01.695,bitget,A/USDT:USDT,0.58158,608.0,0.58154,121.0,0.58224,109.0,0.58229,156.0
1753600021845,07:07:01.845,bitget,A/USDT:USDT,0.58158,608.0,0.58154,121.0,0.58224,109.0,0.58229,156.0
1753600021995,07:07:01.995,bitget,A/USDT:USDT,0.58158,608.0,0.58154,121.0,0.58224,109.0,0.58229,156.0
1753600022295,07:07:02.295,bitget,A/USDT:USDT,0.58158,708.0,0.58154,121.0,0.58224,109.0,0.58229,156.0
1753600022746,07:07:02.746,bitget,A/USDT:USDT,0.58158,536.0,0.58154,121.0,0.58224,109.0,0.58229,156.0
1753600022896,07:07:02.896,bitget,A/USDT:USDT,0.58158,936.0,0.58154,121.0,0.58224,109.0,0.58229,156.0
1753600023046,07:07:03.046,bitget,A/USDT:USDT,0.58158,836.0,0.58154,121.0,0.58224,109.0,0.58229,156.0
1753600023196,07:07:03.196,bitget,A/USDT:USDT,0.58158,836.0,0.58154,121.0,0.58224,109.0,0.58229,156.0
1753600023346,07:07:03.346,bitget,A/USDT:USDT,0.58158,836.0,0.58154,121.0,0.58224,109.0,0.58229,156.0
1753600023496,07:07:03.496,bitget,A/USDT:USDT,0.58158,836.0,0.58154,121.0,0.58224,109.0,0.58229,156.0
1753600023646,07:07:03.646,bitget,A/USDT:USDT,0.58158,936.0,0.58154,121.0,0.58224,109.0,0.58229,156.0
1753600023796,07:07:03.796,bitget,A/USDT:USDT,0.58158,936.0,0.58154,121.0,0.58224,109.0,0.58229,156.0
1753600024246,07:07:04.246,bitget,A/USDT:USDT,0.58158,1036.0,0.58154,121.0,0.58224,109.0,0.58229,156.0
1753600024397,07:07:04.397,bitget,A/USDT:USDT,0.58158,1036.0,0.58154,121.0,0.58224,109.0,0.58229,156.0
1753600024546,07:07:04.546,bitget,A/USDT:USDT,0.58158,1036.0,0.58154,121.0,0.58224,109.0,0.58229,156.0
1753600024697,07:07:04.697,bitget,A/USDT:USDT,0.58158,836.0,0.58154,121.0,0.58224,109.0,0.58229,156.0
1753600024847,07:07:04.847,bitget,A/USDT:USDT,0.58158,836.0,0.58154,121.0,0.58224,109.0,0.58229,156.0
1753600025447,07:07:05.447,bitget,A/USDT:USDT,0.58158,636.0,0.58154,121.0,0.58224,109.0,0.58229,156.0
1753600025597,07:07:05.597,bitget,A/USDT:USDT,0.58158,636.0,0.58154,121.0,0.58224,109.0,0.58229,156.0
1753600025747,07:07:05.747,bitget,A/USDT:USDT,0.58158,736.0,0.58154,121.0,0.58224,109.0,0.58229,156.0
1753600025897,07:07:05.897,bitget,A/USDT:USDT,0.58158,636.0,0.58154,121.0,0.58224,109.0,0.58229,156.0
1753600026048,07:07:06.048,bitget,A/USDT:USDT,0.58158,436.0,0.58154,121.0,0.58224,109.0,0.58229,156.0
1753600026198,07:07:06.198,bitget,A/USDT:USDT,0.58158,436.0,0.58154,121.0,0.58224,109.0,0.58229,156.0
1753600026348,07:07:06.348,bitget,A/USDT:USDT,0.58158,436.0,0.58154,121.0,0.58224,109.0,0.58229,156.0
1753600026498,07:07:06.498,bitget,A/USDT:USDT,0.58158,436.0,0.58154,121.0,0.58224,109.0,0.58229,156.0
1753600026798,07:07:06.798,bitget,A/USDT:USDT,0.58158,436.0,0.58154,121.0,0.58224,109.0,0.58229,156.0
1753600027098,07:07:07.098,bitget,A/USDT:USDT,0.58158,436.0,0.58154,121.0,0.58224,109.0,0.58229,156.0
1753600027248,07:07:07.248,bitget,A/USDT:USDT,0.58158,436.0,0.58154,121.0,0.58224,109.0,0.58229,156.0
1753600027549,07:07:07.549,bitget,A/USDT:USDT,0.58158,436.0,0.58154,121.0,0.58224,109.0,0.58229,156.0
1753600027699,07:07:07.699,bitget,A/USDT:USDT,0.58158,436.0,0.58154,121.0,0.58224,109.0,0.58229,156.0
1753600027849,07:07:07.849,bitget,A/USDT:USDT,0.58158,436.0,0.58154,121.0,0.58224,109.0,0.58229,156.0
1753600027999,07:07:07.999,bitget,A/USDT:USDT,0.58158,436.0,0.58154,121.0,0.58224,109.0,0.58229,156.0
1753600028449,07:07:08.449,bitget,A/USDT:USDT,0.58158,539.0,0.58154,121.0,0.58224,109.0,0.58229,156.0
1753600029049,07:07:09.049,bitget,A/USDT:USDT,0.58158,848.0,0.58154,121.0,0.58224,109.0,0.58229,156.0
1753600029500,07:07:09.500,bitget,A/USDT:USDT,0.58158,848.0,0.58154,121.0,0.58224,109.0,0.58229,156.0
1753600029650,07:07:09.650,bitget,A/USDT:USDT,0.58158,848.0,0.58154,121.0,0.58224,109.0,0.58229,156.0
1753600029950,07:07:09.950,bitget,A/USDT:USDT,0.58158,952.0,0.58154,121.0,0.58224,109.0,0.58229,156.0
1753600030250,07:07:10.250,bitget,A/USDT:USDT,0.58158,1056.0,0.58154,121.0,0.58224,109.0,0.58229,156.0
1753600030400,07:07:10.400,bitget,A/USDT:USDT,0.58163,106.0,0.58158,842.0,0.58224,109.0,0.58229,156.0
1753600030550,07:07:10.550,bitget,A/USDT:USDT,0.58163,106.0,0.58158,842.0,0.58224,109.0,0.58229,156.0
1753600030700,07:07:10.700,bitget,A/USDT:USDT,0.58163,210.0,0.58158,446.0,0.58224,109.0,0.58229,156.0
1753600030851,07:07:10.851,bitget,A/USDT:USDT,0.58168,106.0,0.58163,104.0,0.58224,109.0,0.58229,156.0
1753600031001,07:07:11.001,bitget,A/USDT:USDT,0.58168,106.0,0.58163,104.0,0.58224,109.0,0.58229,156.0
1753600031151,07:07:11.151,bitget,A/USDT:USDT,0.58168,1666.0,0.58163,104.0,0.58224,109.0,0.58229,156.0
1753600031301,07:07:11.301,bitget,A/USDT:USDT,0.58173,106.0,0.58168,1560.0,0.58224,109.0,0.58229,156.0
1753600031451,07:07:11.451,bitget,A/USDT:USDT,0.58173,106.0,0.58168,1560.0,0.58224,109.0,0.58229,156.0
1753600031601,07:07:11.601,bitget,A/USDT:USDT,0.58173,106.0,0.58168,1560.0,0.58224,109.0,0.58229,156.0
1753600031751,07:07:11.751,bitget,A/USDT:USDT,0.58173,106.0,0.58168,1560.0,0.58224,109.0,0.58229,156.0
1753600031901,07:07:11.901,bitget,A/USDT:USDT,0.58173,106.0,0.58168,1560.0,0.58224,109.0,0.58229,156.0
1753600032051,07:07:12.051,bitget,A/USDT:USDT,0.58173,106.0,0.58168,1560.0,0.58224,109.0,0.58229,156.0
1753600032201,07:07:12.201,bitget,A/USDT:USDT,0.58173,106.0,0.58168,1560.0,0.58224,109.0,0.58229,156.0
1753600032352,07:07:12.352,bitget,A/USDT:USDT,0.58173,106.0,0.58168,1560.0,0.58224,109.0,0.58229,156.0
1753600032502,07:07:12.502,bitget,A/USDT:USDT,0.58173,106.0,0.58168,1560.0,0.58224,109.0,0.58229,156.0
1753600032802,07:07:12.802,bitget,A/USDT:USDT,0.58173,106.0,0.58168,1560.0,0.58224,109.0,0.58229,156.0
1753600032952,07:07:12.952,bitget,A/USDT:USDT,0.58173,106.0,0.58168,1560.0,0.58224,109.0,0.58229,156.0
1753600033102,07:07:13.102,bitget,A/USDT:USDT,0.58173,106.0,0.58168,1560.0,0.58223,9052.0,0.58224,109.0
1753600033252,07:07:13.252,bitget,A/USDT:USDT,0.58173,106.0,0.58168,1560.0,0.58218,106.0,0.58223,9052.0
1753600033552,07:07:13.552,bitget,A/USDT:USDT,0.58173,106.0,0.58168,1560.0,0.58218,106.0,0.58223,9052.0
1753600033702,07:07:13.702,bitget,A/USDT:USDT,0.58173,965.0,0.58168,1560.0,0.58218,106.0,0.58223,9052.0
1753600034003,07:07:14.003,bitget,A/USDT:USDT,0.58159,106.0,0.58146,110.0,0.58213,106.0,0.58218,156.0
1753600034153,07:07:14.153,bitget,A/USDT:USDT,0.58146,110.0,0.58141,1776.0,0.58213,106.0,0.58218,156.0
1753600034453,07:07:14.453,bitget,A/USDT:USDT,0.58147,106.0,0.58146,86.0,0.58201,106.0,0.58206,1979.0
1753600034603,07:07:14.603,bitget,A/USDT:USDT,0.58147,106.0,0.58146,86.0,0.582,9048.0,0.58201,106.0
1753600034753,07:07:14.753,bitget,A/USDT:USDT,0.58147,106.0,0.58146,86.0,0.58195,106.0,0.582,9048.0
1753600034903,07:07:14.903,bitget,A/USDT:USDT,0.58147,106.0,0.58146,86.0,0.58195,106.0,0.582,9048.0
1753600035203,07:07:15.203,bitget,A/USDT:USDT,0.58147,106.0,0.58146,86.0,0.58195,106.0,0.582,9048.0
1753600035504,07:07:15.504,bitget,A/USDT:USDT,0.58147,106.0,0.58137,107.0,0.58195,106.0,0.582,9048.0
1753600035654,07:07:15.654,bitget,A/USDT:USDT,0.58131,106.0,0.58125,110.0,0.58195,106.0,0.582,9048.0
1753600035804,07:07:15.804,bitget,A/USDT:USDT,0.58125,110.0,0.58121,1245.0,0.58195,106.0,0.582,9048.0
1753600035954,07:07:15.954,bitget,A/USDT:USDT,0.58136,106.0,0.58125,368.0,0.58195,106.0,0.582,9048.0
1753600036404,07:07:16.404,bitget,A/USDT:USDT,0.58125,110.0,0.58121,1245.0,0.58195,106.0,0.582,9048.0
1753600036554,07:07:16.554,bitget,A/USDT:USDT,0.58125,110.0,0.58121,1245.0,0.58195,106.0,0.582,9048.0
1753600036704,07:07:16.704,bitget,A/USDT:USDT,0.58125,110.0,0.58121,1245.0,0.58195,106.0,0.582,9048.0
1753600036855,07:07:16.855,bitget,A/USDT:USDT,0.58125,368.0,0.58121,1245.0,0.58195,396.0,0.582,9048.0
1753600037005,07:07:17.005,bitget,A/USDT:USDT,0.5813,106.0,0.58125,516.0,0.5819,106.0,0.582,9048.0
1753600037155,07:07:17.155,bitget,A/USDT:USDT,0.5813,192.0,0.58125,516.0,0.5819,106.0,0.582,9048.0
1753600037305,07:07:17.305,bitget,A/USDT:USDT,0.58135,106.0,0.5813,86.0,0.5819,106.0,0.582,9048.0
1753600037455,07:07:17.455,bitget,A/USDT:USDT,0.58135,106.0,0.58121,1245.0,0.58185,106.0,0.5819,82.0
1753600037605,07:07:17.605,bitget,A/USDT:USDT,0.58135,192.0,0.58121,1245.0,0.58185,106.0,0.5819,82.0
1753600037755,07:07:17.755,bitget,A/USDT:USDT,0.5814,110.0,0.58135,86.0,0.58185,106.0,0.5819,82.0
1753600037905,07:07:17.905,bitget,A/USDT:USDT,0.5814,196.0,0.58121,1245.0,0.58185,106.0,0.5819,82.0
1753600038205,07:07:18.205,bitget,A/USDT:USDT,0.58145,110.0,0.58121,1245.0,0.58185,106.0,0.582,9048.0
1753600038355,07:07:18.355,bitget,A/USDT:USDT,0.58145,110.0,0.58121,1245.0,0.58185,106.0,0.582,9048.0
1753600038505,07:07:18.505,bitget,A/USDT:USDT,0.58145,110.0,0.58121,1245.0,0.58185,106.0,0.582,9048.0
1753600038656,07:07:18.656,bitget,A/USDT:USDT,0.58145,110.0,0.58121,1245.0,0.58185,106.0,0.582,9048.0
1753600038806,07:07:18.806,bitget,A/USDT:USDT,0.58145,110.0,0.58121,1245.0,0.58185,106.0,0.582,9048.0
1753600039106,07:07:19.106,bitget,A/USDT:USDT,0.58145,110.0,0.58121,1245.0,0.58185,106.0,0.582,9048.0
1753600039256,07:07:19.256,bitget,A/USDT:USDT,0.58145,110.0,0.58121,1245.0,0.58185,106.0,0.582,9048.0
1753600039556,07:07:19.556,bitget,A/USDT:USDT,0.58145,110.0,0.58121,1245.0,0.58185,106.0,0.582,9048.0
1753600039706,07:07:19.706,bitget,A/USDT:USDT,0.58145,110.0,0.58121,1245.0,0.58185,106.0,0.582,9048.0
1753600040007,07:07:20.007,bitget,A/USDT:USDT,0.58145,110.0,0.58121,1245.0,0.58185,106.0,0.582,9048.0
1753600040157,07:07:20.157,bitget,A/USDT:USDT,0.58145,110.0,0.58121,1245.0,0.58185,106.0,0.582,9048.0
1753600040307,07:07:20.307,bitget,A/USDT:USDT,0.58145,110.0,0.58119,110.0,0.58185,106.0,0.582,9048.0
1753600040457,07:07:20.457,bitget,A/USDT:USDT,0.58119,110.0,0.5811,1709.0,0.58185,106.0,0.582,9048.0
1753600040607,07:07:20.607,bitget,A/USDT:USDT,0.58119,196.0,0.5811,1633.0,0.58185,106.0,0.582,9048.0
1753600040757,07:07:20.757,bitget,A/USDT:USDT,0.58124,110.0,0.58119,258.0,0.58185,106.0,0.582,9048.0
1753600040907,07:07:20.907,bitget,A/USDT:USDT,0.58124,2433.0,0.58119,258.0,0.58185,106.0,0.582,9048.0
1753600041057,07:07:21.057,bitget,A/USDT:USDT,0.58129,110.0,0.58124,2495.0,0.58185,106.0,0.582,9048.0
1753600041207,07:07:21.207,bitget,A/USDT:USDT,0.58129,110.0,0.58124,2495.0,0.58185,106.0,0.582,9048.0
1753600041358,07:07:21.358,bitget,A/USDT:USDT,0.58129,368.0,0.58124,2495.0,0.58185,106.0,0.582,9048.0
1753600041508,07:07:21.508,bitget,A/USDT:USDT,0.58134,110.0,0.58129,258.0,0.58185,106.0,0.582,9048.0
1753600041658,07:07:21.658,bitget,A/USDT:USDT,0.58134,110.0,0.58129,86.0,0.58185,106.0,0.582,9048.0
1753600041808,07:07:21.808,bitget,A/USDT:USDT,0.58134,110.0,0.58129,86.0,0.58185,106.0,0.582,9048.0
1753600041958,07:07:21.958,bitget,A/USDT:USDT,0.58134,196.0,0.58129,86.0,0.58185,106.0,0.582,9048.0
1753600042408,07:07:22.408,bitget,A/USDT:USDT,0.58139,196.0,0.58124,65.0,0.58185,106.0,0.582,9048.0
1753600042708,07:07:22.708,bitget,A/USDT:USDT,0.58144,110.0,0.58124,65.0,0.58185,106.0,0.582,9048.0
1753600042858,07:07:22.858,bitget,A/USDT:USDT,0.58144,110.0,0.58124,65.0,0.58185,106.0,0.582,9048.0
1753600043008,07:07:23.008,bitget,A/USDT:USDT,0.58144,110.0,0.58124,65.0,0.58185,106.0,0.582,9048.0
1753600043159,07:07:23.159,bitget,A/USDT:USDT,0.58144,110.0,0.58124,65.0,0.58185,106.0,0.582,9048.0
1753600043459,07:07:23.459,bitget,A/USDT:USDT,0.58144,110.0,0.58124,65.0,0.58185,106.0,0.582,9048.0
1753600043609,07:07:23.609,bitget,A/USDT:USDT,0.58144,110.0,0.58124,65.0,0.58185,106.0,0.582,9048.0
1753600043759,07:07:23.759,bitget,A/USDT:USDT,0.58144,110.0,0.58124,65.0,0.58185,106.0,0.582,9048.0
1753600043909,07:07:23.909,bitget,A/USDT:USDT,0.58144,110.0,0.58124,65.0,0.58185,106.0,0.582,9048.0
1753600044059,07:07:24.059,bitget,A/USDT:USDT,0.58144,110.0,0.58124,65.0,0.58185,106.0,0.582,9048.0
1753600044209,07:07:24.209,bitget,A/USDT:USDT,0.58144,110.0,0.58124,65.0,0.58185,106.0,0.582,9048.0
1753600044509,07:07:24.509,bitget,A/USDT:USDT,0.58144,110.0,0.58124,65.0,0.58185,106.0,0.582,9048.0
1753600044660,07:07:24.660,bitget,A/USDT:USDT,0.58144,110.0,0.58124,65.0,0.58185,106.0,0.582,9048.0
1753600044810,07:07:24.810,bitget,A/USDT:USDT,0.58144,110.0,0.58124,65.0,0.58185,106.0,0.582,9048.0
1753600044960,07:07:24.960,bitget,A/USDT:USDT,0.58144,110.0,0.58124,65.0,0.58185,106.0,0.582,9048.0
1753600045110,07:07:25.110,bitget,A/USDT:USDT,0.58144,110.0,0.58124,65.0,0.58185,106.0,0.582,9048.0
1753600045260,07:07:25.260,bitget,A/USDT:USDT,0.58144,110.0,0.58124,65.0,0.58185,106.0,0.582,9048.0
1753600045410,07:07:25.410,bitget,A/USDT:USDT,0.58144,110.0,0.58124,65.0,0.58185,106.0,0.582,9048.0
1753600045560,07:07:25.560,bitget,A/USDT:USDT,0.58144,110.0,0.58124,65.0,0.58185,106.0,0.582,9048.0
1753600045860,07:07:25.860,bitget,A/USDT:USDT,0.58144,110.0,0.58124,65.0,0.58185,106.0,0.582,9048.0
1753600046010,07:07:26.010,bitget,A/USDT:USDT,0.58144,110.0,0.58124,65.0,0.58185,106.0,0.582,9048.0
1753600046160,07:07:26.160,bitget,A/USDT:USDT,0.58144,110.0,0.58124,65.0,0.58185,106.0,0.582,9048.0
1753600046461,07:07:26.461,bitget,A/USDT:USDT,0.58144,110.0,0.58124,65.0,0.5818,110.0,0.58185,82.0
1753600046611,07:07:26.611,bitget,A/USDT:USDT,0.58144,110.0,0.58124,65.0,0.5818,110.0,0.58185,82.0
1753600046761,07:07:26.761,bitget,A/USDT:USDT,0.58144,110.0,0.58124,65.0,0.5818,110.0,0.58185,82.0
1753600046911,07:07:26.911,bitget,A/USDT:USDT,0.58144,110.0,0.58124,65.0,0.5818,110.0,0.58185,82.0
1753600047061,07:07:27.061,bitget,A/USDT:USDT,0.58144,110.0,0.58124,65.0,0.5818,110.0,0.58185,82.0
1753600047211,07:07:27.211,bitget,A/USDT:USDT,0.58144,110.0,0.58124,65.0,0.5818,110.0,0.58185,82.0
1753600047361,07:07:27.361,bitget,A/USDT:USDT,0.58144,110.0,0.58124,65.0,0.5818,110.0,0.58185,82.0
1753600047661,07:07:27.661,bitget,A/USDT:USDT,0.58144,110.0,0.58124,65.0,0.5818,110.0,0.58185,82.0
1753600047812,07:07:27.812,bitget,A/USDT:USDT,0.58144,110.0,0.58124,65.0,0.5818,110.0,0.58185,82.0
1753600047962,07:07:27.962,bitget,A/USDT:USDT,0.58144,110.0,0.58124,65.0,0.5818,110.0,0.58185,82.0
1753600048112,07:07:28.112,bitget,A/USDT:USDT,0.58144,110.0,0.58124,65.0,0.5818,110.0,0.58185,82.0
1753600048262,07:07:28.262,bitget,A/USDT:USDT,0.58144,110.0,0.58124,65.0,0.5818,110.0,0.58185,82.0
1753600048412,07:07:28.412,bitget,A/USDT:USDT,0.58144,110.0,0.58124,65.0,0.5818,110.0,0.58185,82.0
1753600048712,07:07:28.712,bitget,A/USDT:USDT,0.58144,110.0,0.58124,65.0,0.5818,110.0,0.58185,82.0
1753600048862,07:07:28.862,bitget,A/USDT:USDT,0.58144,110.0,0.58124,65.0,0.5818,110.0,0.58185,82.0
1753600049012,07:07:29.012,bitget,A/USDT:USDT,0.58144,110.0,0.58124,65.0,0.5818,110.0,0.58185,82.0
1753600049312,07:07:29.312,bitget,A/USDT:USDT,0.58144,110.0,0.58124,65.0,0.5818,110.0,0.58185,82.0
1753600049463,07:07:29.463,bitget,A/USDT:USDT,0.58144,110.0,0.58124,65.0,0.5818,110.0,0.58185,82.0
1753600049613,07:07:29.613,bitget,A/USDT:USDT,0.58144,110.0,0.58124,65.0,0.5818,110.0,0.58185,82.0
1753600049913,07:07:29.913,bitget,A/USDT:USDT,0.58144,110.0,0.58124,65.0,0.5818,110.0,0.58185,82.0
1753600050213,07:07:30.213,bitget,A/USDT:USDT,0.58144,196.0,0.58124,65.0,0.5818,110.0,0.58194,9040.0
1753600050513,07:07:30.513,bitget,A/USDT:USDT,0.58149,106.0,0.58124,65.0,0.5818,110.0,0.58194,9040.0
1753600050663,07:07:30.663,bitget,A/USDT:USDT,0.58149,106.0,0.58124,65.0,0.5818,110.0,0.58194,9040.0
1753600050813,07:07:30.813,bitget,A/USDT:USDT,0.58149,106.0,0.58124,65.0,0.5818,110.0,0.58194,9040.0
1753600050963,07:07:30.963,bitget,A/USDT:USDT,0.58149,106.0,0.58124,65.0,0.5818,110.0,0.58194,9040.0
1753600051114,07:07:31.114,bitget,A/USDT:USDT,0.58149,106.0,0.58124,65.0,0.5818,110.0,0.58194,9040.0
1753600051414,07:07:31.414,bitget,A/USDT:USDT,0.58149,106.0,0.58124,65.0,0.5818,110.0,0.58194,9040.0
1753600051714,07:07:31.714,bitget,A/USDT:USDT,0.58149,106.0,0.58124,65.0,0.5818,110.0,0.58194,9040.0
1753600051864,07:07:31.864,bitget,A/USDT:USDT,0.58149,106.0,0.58124,65.0,0.5818,110.0,0.58194,9040.0
1753600052314,07:07:32.314,bitget,A/USDT:USDT,0.58149,106.0,0.58124,65.0,0.5818,110.0,0.58194,9040.0
1753600052464,07:07:32.464,bitget,A/USDT:USDT,0.58124,65.0,0.5811,2004.0,0.5818,110.0,0.58194,9040.0
1753600052615,07:07:32.615,bitget,A/USDT:USDT,0.58129,106.0,0.58124,1221.0,0.5818,110.0,0.58194,9040.0
1753600052915,07:07:32.915,bitget,A/USDT:USDT,0.58129,278.0,0.58124,1221.0,0.5818,110.0,0.58194,9040.0
1753600053065,07:07:33.065,bitget,A/USDT:USDT,0.58134,106.0,0.58129,172.0,0.5818,110.0,0.58194,9040.0
1753600053215,07:07:33.215,bitget,A/USDT:USDT,0.58134,106.0,0.58129,172.0,0.5818,110.0,0.58194,9040.0
1753600053365,07:07:33.365,bitget,A/USDT:USDT,0.58134,106.0,0.58129,172.0,0.5818,110.0,0.58194,9040.0
1753600053515,07:07:33.515,bitget,A/USDT:USDT,0.58134,906.0,0.58129,172.0,0.5818,110.0,0.58194,9040.0
1753600053665,07:07:33.665,bitget,A/USDT:USDT,0.58139,106.0,0.58134,2466.0,0.5818,110.0,0.58194,9040.0
1753600053965,07:07:33.965,bitget,A/USDT:USDT,0.58144,106.0,0.58139,602.0,0.5818,110.0,0.58194,9040.0
1753600054265,07:07:34.265,bitget,A/USDT:USDT,0.58149,106.0,0.58144,86.0,0.5818,110.0,0.58194,9040.0
1753600054416,07:07:34.416,bitget,A/USDT:USDT,0.58149,106.0,0.58144,86.0,0.5818,110.0,0.58194,9040.0
1753600054566,07:07:34.566,bitget,A/USDT:USDT,0.58149,106.0,0.58144,86.0,0.5818,110.0,0.58194,9040.0
1753600054716,07:07:34.716,bitget,A/USDT:USDT,0.58149,106.0,0.58144,86.0,0.5818,110.0,0.58194,9040.0
1753600054866,07:07:34.866,bitget,A/USDT:USDT,0.58149,106.0,0.58144,86.0,0.5818,110.0,0.58194,9040.0
1753600055016,07:07:35.016,bitget,A/USDT:USDT,0.58149,106.0,0.58124,65.0,0.5818,110.0,0.58194,9040.0
1753600055316,07:07:35.316,bitget,A/USDT:USDT,0.58149,106.0,0.58124,65.0,0.5818,110.0,0.58194,9040.0
1753600055466,07:07:35.466,bitget,A/USDT:USDT,0.58149,106.0,0.58124,65.0,0.5818,110.0,0.58194,9040.0
1753600055616,07:07:35.616,bitget,A/USDT:USDT,0.58149,106.0,0.58124,65.0,0.5818,110.0,0.58194,9040.0
1753600055766,07:07:35.766,bitget,A/USDT:USDT,0.58149,192.0,0.58124,65.0,0.5818,110.0,0.58194,9040.0
1753600055916,07:07:35.916,bitget,A/USDT:USDT,0.58154,106.0,0.58124,65.0,0.5818,110.0,0.58194,9040.0
1753600056067,07:07:36.067,bitget,A/USDT:USDT,0.58154,106.0,0.58124,65.0,0.5818,110.0,0.58194,9040.0
1753600056217,07:07:36.217,bitget,A/USDT:USDT,0.58154,106.0,0.58124,65.0,0.5818,110.0,0.58194,9040.0
1753600056367,07:07:36.367,bitget,A/USDT:USDT,0.58154,106.0,0.58146,121.0,0.5818,110.0,0.58194,9040.0
1753600056517,07:07:36.517,bitget,A/USDT:USDT,0.58154,106.0,0.58146,121.0,0.5818,110.0,0.58194,9040.0
1753600056667,07:07:36.667,bitget,A/USDT:USDT,0.58154,106.0,0.58146,121.0,0.5818,110.0,0.58194,9040.0
1753600056817,07:07:36.817,bitget,A/USDT:USDT,0.58154,106.0,0.58146,121.0,0.5818,110.0,0.58194,9040.0
1753600057117,07:07:37.117,bitget,A/USDT:USDT,0.58154,106.0,0.58146,121.0,0.5818,110.0,0.58194,9040.0
1753600057267,07:07:37.267,bitget,A/USDT:USDT,0.58154,106.0,0.58146,121.0,0.5818,110.0,0.58194,9040.0
1753600057417,07:07:37.417,bitget,A/USDT:USDT,0.58154,106.0,0.58146,121.0,0.5818,110.0,0.58194,9040.0
1753600057568,07:07:37.568,bitget,A/USDT:USDT,0.58154,106.0,0.5814,121.0,0.5818,110.0,0.58184,121.0
1753600057718,07:07:37.718,bitget,A/USDT:USDT,0.58154,106.0,0.58111,100.0,0.5818,110.0,0.58184,121.0
1753600058168,07:07:38.168,bitget,A/USDT:USDT,0.58116,109.0,0.58111,186.0,0.5818,110.0,0.58184,121.0
1753600058468,07:07:38.468,bitget,A/USDT:USDT,0.58116,805.0,0.58111,186.0,0.5818,110.0,0.58184,121.0
1753600058618,07:07:38.618,bitget,A/USDT:USDT,0.58121,109.0,0.58116,1160.0,0.5818,110.0,0.58184,121.0
1753600058768,07:07:38.768,bitget,A/USDT:USDT,0.58126,109.0,0.58121,62.0,0.5818,110.0,0.58184,121.0
1753600059069,07:07:39.069,bitget,A/USDT:USDT,0.58126,109.0,0.58121,148.0,0.5818,110.0,0.58184,121.0
1753600059219,07:07:39.219,bitget,A/USDT:USDT,0.58126,109.0,0.58121,148.0,0.5818,110.0,0.58184,121.0
1753600059369,07:07:39.369,bitget,A/USDT:USDT,0.58126,109.0,0.58121,148.0,0.5818,110.0,0.58184,121.0
1753600059519,07:07:39.519,bitget,A/USDT:USDT,0.58126,109.0,0.58121,148.0,0.5818,110.0,0.58184,121.0
1753600059669,07:07:39.669,bitget,A/USDT:USDT,0.58126,109.0,0.58121,148.0,0.5818,110.0,0.58184,121.0
1753600059969,07:07:39.969,bitget,A/USDT:USDT,0.58126,573.0,0.58121,148.0,0.5818,110.0,0.58184,121.0
1753600060119,07:07:40.119,bitget,A/USDT:USDT,0.58131,109.0,0.58126,928.0,0.5818,110.0,0.58184,121.0
1753600060269,07:07:40.269,bitget,A/USDT:USDT,0.58131,109.0,0.58126,928.0,0.5818,110.0,0.58184,121.0
1753600060419,07:07:40.419,bitget,A/USDT:USDT,0.58131,109.0,0.58126,928.0,0.5818,110.0,0.58184,121.0
1753600060569,07:07:40.569,bitget,A/USDT:USDT,0.58131,341.0,0.58126,928.0,0.5818,538.0,0.58184,121.0
1753600060720,07:07:40.720,bitget,A/USDT:USDT,0.58136,109.0,0.58131,232.0,0.58175,109.0,0.5818,428.0
1753600060870,07:07:40.870,bitget,A/USDT:USDT,0.58136,341.0,0.58131,318.0,0.58175,109.0,0.5818,428.0
1753600061320,07:07:41.320,bitget,A/USDT:USDT,0.58138,109.0,0.58136,232.0,0.58175,109.0,0.5818,428.0
1753600061470,07:07:41.470,bitget,A/USDT:USDT,0.58138,109.0,0.58136,232.0,0.58175,109.0,0.5818,428.0
1753600061620,07:07:41.620,bitget,A/USDT:USDT,0.58138,109.0,0.58136,232.0,0.58175,109.0,0.5818,428.0
1753600061770,07:07:41.770,bitget,A/USDT:USDT,0.58138,109.0,0.58136,232.0,0.58175,109.0,0.5818,428.0
1753600062070,07:07:42.070,bitget,A/USDT:USDT,0.58143,109.0,0.58136,232.0,0.58175,109.0,0.5818,428.0
1753600062220,07:07:42.220,bitget,A/USDT:USDT,0.58143,109.0,0.58136,232.0,0.58175,109.0,0.5818,428.0
1753600062521,07:07:42.521,bitget,A/USDT:USDT,0.58143,109.0,0.58136,232.0,0.58175,109.0,0.5818,428.0
1753600062671,07:07:42.671,bitget,A/USDT:USDT,0.58143,109.0,0.58136,232.0,0.58175,109.0,0.5818,428.0
1753600062821,07:07:42.821,bitget,A/USDT:USDT,0.58143,109.0,0.58136,232.0,0.58175,109.0,0.5818,428.0
1753600062971,07:07:42.971,bitget,A/USDT:USDT,0.58143,109.0,0.58136,232.0,0.58175,109.0,0.5818,428.0
1753600063121,07:07:43.121,bitget,A/USDT:USDT,0.58143,109.0,0.58136,232.0,0.58175,109.0,0.5818,428.0
1753600063271,07:07:43.271,bitget,A/USDT:USDT,0.58143,109.0,0.58121,62.0,0.58175,109.0,0.58176,9040.0
1753600063421,07:07:43.421,bitget,A/USDT:USDT,0.58143,109.0,0.58121,62.0,0.58175,109.0,0.58176,9040.0
1753600063571,07:07:43.571,bitget,A/USDT:USDT,0.58143,109.0,0.58121,62.0,0.58175,109.0,0.58176,9040.0
1753600063721,07:07:43.721,bitget,A/USDT:USDT,0.58143,109.0,0.58121,62.0,0.58175,109.0,0.58176,9040.0
1753600063872,07:07:43.872,bitget,A/USDT:USDT,0.58143,109.0,0.58121,62.0,0.58175,109.0,0.58176,9040.0
1753600064022,07:07:44.022,bitget,A/USDT:USDT,0.58143,109.0,0.58121,62.0,0.58175,109.0,0.58176,9040.0
1753600064172,07:07:44.172,bitget,A/USDT:USDT,0.58143,109.0,0.58121,62.0,0.58175,109.0,0.58176,9040.0
1753600064322,07:07:44.322,bitget,A/USDT:USDT,0.58143,109.0,0.58121,62.0,0.58175,109.0,0.58176,9040.0
1753600064472,07:07:44.472,bitget,A/USDT:USDT,0.58143,109.0,0.58121,62.0,0.58175,109.0,0.58176,9040.0
1753600064622,07:07:44.622,bitget,A/USDT:USDT,0.58121,62.0,0.58111,100.0,0.58175,109.0,0.58176,9040.0
1753600064772,07:07:44.772,bitget,A/USDT:USDT,0.58126,109.0,0.58121,62.0,0.58175,109.0,0.58176,9040.0
1753600064922,07:07:44.922,bitget,A/USDT:USDT,0.58126,109.0,0.58121,62.0,0.58175,109.0,0.58176,9040.0
1753600065072,07:07:45.072,bitget,A/USDT:USDT,0.58126,109.0,0.58121,62.0,0.58175,109.0,0.58176,9040.0
1753600065222,07:07:45.222,bitget,A/USDT:USDT,0.58126,341.0,0.58121,62.0,0.58175,109.0,0.58176,9040.0
1753600065373,07:07:45.373,bitget,A/USDT:USDT,0.58131,109.0,0.58126,1160.0,0.58175,109.0,0.58176,9040.0
1753600065523,07:07:45.523,bitget,A/USDT:USDT,0.58131,109.0,0.58126,1246.0,0.58175,109.0,0.58176,9040.0
1753600065673,07:07:45.673,bitget,A/USDT:USDT,0.58131,109.0,0.58126,1246.0,0.58175,109.0,0.58176,9040.0
1753600065823,07:07:45.823,bitget,A/USDT:USDT,0.58131,109.0,0.58126,1246.0,0.58175,109.0,0.58176,9040.0
1753600066123,07:07:46.123,bitget,A/USDT:USDT,0.58131,109.0,0.58126,1246.0,0.58175,109.0,0.58176,9040.0
1753600066273,07:07:46.273,bitget,A/USDT:USDT,0.58131,109.0,0.58126,1246.0,0.58175,109.0,0.58176,9040.0
1753600066423,07:07:46.423,bitget,A/USDT:USDT,0.58131,109.0,0.58126,1246.0,0.58175,109.0,0.58176,9040.0
1753600066573,07:07:46.573,bitget,A/USDT:USDT,0.58131,109.0,0.58126,1246.0,0.58175,109.0,0.58176,9040.0
1753600066723,07:07:46.723,bitget,A/USDT:USDT,0.58131,109.0,0.58126,1246.0,0.58175,109.0,0.58176,9040.0
1753600066874,07:07:46.874,bitget,A/USDT:USDT,0.58131,109.0,0.58126,1246.0,0.58175,109.0,0.58176,9040.0
1753600067024,07:07:47.024,bitget,A/USDT:USDT,0.58131,109.0,0.58126,1246.0,0.58175,109.0,0.58176,9040.0
1753600067324,07:07:47.324,bitget,A/USDT:USDT,0.58131,109.0,0.58126,1246.0,0.58175,109.0,0.58176,9040.0
1753600067474,07:07:47.474,bitget,A/USDT:USDT,0.58131,109.0,0.58126,1246.0,0.58175,109.0,0.58176,9040.0
1753600067624,07:07:47.624,bitget,A/USDT:USDT,0.58131,109.0,0.58126,1246.0,0.58175,109.0,0.58176,9040.0
1753600067774,07:07:47.774,bitget,A/USDT:USDT,0.58131,109.0,0.58126,1246.0,0.58175,109.0,0.58176,9040.0
1753600067924,07:07:47.924,bitget,A/USDT:USDT,0.58131,109.0,0.58126,1246.0,0.58175,109.0,0.58176,9040.0
1753600068074,07:07:48.074,bitget,A/USDT:USDT,0.58131,109.0,0.58126,1246.0,0.58175,109.0,0.58176,9040.0
1753600068224,07:07:48.224,bitget,A/USDT:USDT,0.58131,109.0,0.58126,1246.0,0.58175,109.0,0.58176,9040.0
1753600068374,07:07:48.374,bitget,A/USDT:USDT,0.58131,109.0,0.58126,1246.0,0.58175,109.0,0.58176,9040.0
1753600068525,07:07:48.525,bitget,A/USDT:USDT,0.58131,109.0,0.58126,1160.0,0.58175,109.0,0.58176,9040.0
1753600068675,07:07:48.675,bitget,A/USDT:USDT,0.58131,109.0,0.58126,1160.0,0.58175,109.0,0.58176,9040.0
1753600068825,07:07:48.825,bitget,A/USDT:USDT,0.58131,195.0,0.58126,1160.0,0.58175,109.0,0.58176,9040.0
1753600068975,07:07:48.975,bitget,A/USDT:USDT,0.58136,107.0,0.58131,86.0,0.58175,109.0,0.58176,9040.0
1753600069125,07:07:49.125,bitget,A/USDT:USDT,0.58136,107.0,0.58131,86.0,0.58175,109.0,0.58176,9040.0
1753600069275,07:07:49.275,bitget,A/USDT:USDT,0.58136,107.0,0.58131,86.0,0.58175,109.0,0.58176,9040.0
1753600069875,07:07:49.875,bitget,A/USDT:USDT,0.58139,107.0,0.58136,1276.0,0.58175,109.0,0.58176,9040.0
1753600070025,07:07:50.025,bitget,A/USDT:USDT,0.58139,107.0,0.58136,1276.0,0.58175,109.0,0.58176,9040.0
1753600070176,07:07:50.176,bitget,A/USDT:USDT,0.58139,107.0,0.58136,1276.0,0.58175,109.0,0.58176,9040.0
1753600070326,07:07:50.326,bitget,A/USDT:USDT,0.58139,193.0,0.58136,1276.0,0.58175,109.0,0.58176,9040.0
1753600070476,07:07:50.476,bitget,A/USDT:USDT,0.58141,107.0,0.58139,86.0,0.58175,109.0,0.58176,9040.0
1753600070626,07:07:50.626,bitget,A/USDT:USDT,0.58141,107.0,0.58139,86.0,0.58175,109.0,0.58176,9040.0
1753600070776,07:07:50.776,bitget,A/USDT:USDT,0.58141,107.0,0.58139,86.0,0.58175,109.0,0.58176,9040.0
1753600071226,07:07:51.226,bitget,A/USDT:USDT,0.58141,107.0,0.58139,86.0,0.58175,109.0,0.58176,9040.0
1753600071376,07:07:51.376,bitget,A/USDT:USDT,0.58141,107.0,0.58139,86.0,0.58175,109.0,0.58176,9040.0
1753600071526,07:07:51.526,bitget,A/USDT:USDT,0.58141,107.0,0.58139,86.0,0.58175,109.0,0.58176,9040.0
1753600071676,07:07:51.676,bitget,A/USDT:USDT,0.58141,107.0,0.58139,86.0,0.58175,109.0,0.58176,9040.0
1753600071827,07:07:51.827,bitget,A/USDT:USDT,0.58141,107.0,0.58139,86.0,0.58175,109.0,0.58176,9040.0
1753600071977,07:07:51.977,bitget,A/USDT:USDT,0.58141,107.0,0.58139,86.0,0.58175,109.0,0.58176,9040.0
1753600072127,07:07:52.127,bitget,A/USDT:USDT,0.58141,107.0,0.58139,86.0,0.58175,109.0,0.58176,9040.0
1753600072277,07:07:52.277,bitget,A/USDT:USDT,0.58141,107.0,0.58139,86.0,0.58175,109.0,0.58176,9040.0
1753600072577,07:07:52.577,bitget,A/USDT:USDT,0.58141,107.0,0.58139,86.0,0.58175,109.0,0.58176,9040.0
1753600073027,07:07:53.027,bitget,A/USDT:USDT,0.58141,107.0,0.58139,86.0,0.58175,109.0,0.58176,9040.0
1753600073327,07:07:53.327,bitget,A/USDT:USDT,0.58141,107.0,0.58139,86.0,0.58175,109.0,0.58176,9040.0
1753600073478,07:07:53.478,bitget,A/USDT:USDT,0.58141,107.0,0.58139,86.0,0.58175,109.0,0.58176,9040.0
1753600073628,07:07:53.628,bitget,A/USDT:USDT,0.58141,107.0,0.58139,86.0,0.58175,109.0,0.58176,9040.0
1753600073778,07:07:53.778,bitget,A/USDT:USDT,0.58141,107.0,0.58139,86.0,0.58175,109.0,0.58176,9040.0
1753600073928,07:07:53.928,bitget,A/USDT:USDT,0.58141,107.0,0.58139,86.0,0.58175,109.0,0.58176,9040.0
1753600074078,07:07:54.078,bitget,A/USDT:USDT,0.58141,107.0,0.58139,86.0,0.58175,109.0,0.58176,9040.0
1753600074228,07:07:54.228,bitget,A/USDT:USDT,0.58141,107.0,0.58139,86.0,0.58175,109.0,0.58176,9040.0
1753600074678,07:07:54.678,bitget,A/USDT:USDT,0.58141,107.0,0.58139,86.0,0.58175,109.0,0.58176,9040.0
1753600074828,07:07:54.828,bitget,A/USDT:USDT,0.58141,107.0,0.58139,86.0,0.58175,109.0,0.58176,9040.0
1753600074979,07:07:54.979,bitget,A/USDT:USDT,0.58141,107.0,0.58139,86.0,0.58175,109.0,0.58176,9040.0
1753600075129,07:07:55.129,bitget,A/USDT:USDT,0.58141,107.0,0.58139,86.0,0.58175,109.0,0.58176,9040.0
1753600075279,07:07:55.279,bitget,A/USDT:USDT,0.58141,107.0,0.58139,86.0,0.58175,109.0,0.58176,9040.0
1753600075579,07:07:55.579,bitget,A/USDT:USDT,0.58141,107.0,0.58139,86.0,0.58175,109.0,0.58176,9040.0
1753600075729,07:07:55.729,bitget,A/USDT:USDT,0.58141,107.0,0.58139,86.0,0.58175,109.0,0.58176,9040.0
1753600075879,07:07:55.879,bitget,A/USDT:USDT,0.58141,107.0,0.58139,86.0,0.58175,109.0,0.58176,9040.0
1753600076029,07:07:56.029,bitget,A/USDT:USDT,0.58141,107.0,0.58139,86.0,0.58175,109.0,0.58176,9040.0
1753600076179,07:07:56.179,bitget,A/USDT:USDT,0.58141,107.0,0.58139,86.0,0.58175,109.0,0.58176,9040.0
1753600076329,07:07:56.329,bitget,A/USDT:USDT,0.58141,281.0,0.58139,121.0,0.58173,107.0,0.58187,109.0
1753600076480,07:07:56.480,bitget,A/USDT:USDT,0.58141,278.0,0.58139,121.0,0.58187,109.0,0.582,9039.0
1753600076630,07:07:56.630,bitget,A/USDT:USDT,0.58143,107.0,0.58141,86.0,0.58195,107.0,0.58199,1776.0
1753600076780,07:07:56.780,bitget,A/USDT:USDT,0.58143,107.0,0.58141,86.0,0.58195,107.0,0.58199,1776.0
1753600076930,07:07:56.930,bitget,A/USDT:USDT,0.58143,107.0,0.58141,86.0,0.58195,107.0,0.58199,1776.0
1753600077080,07:07:57.080,bitget,A/USDT:USDT,0.58143,107.0,0.58141,86.0,0.58195,107.0,0.58199,1776.0
1753600077530,07:07:57.530,bitget,A/USDT:USDT,0.58143,107.0,0.58139,121.0,0.58195,663.0,0.58196,121.0
1753600077680,07:07:57.680,bitget,A/USDT:USDT,0.58139,121.0,0.58134,121.0,0.5819,107.0,0.58195,556.0
1753600077830,07:07:57.830,bitget,A/USDT:USDT,0.58139,247.0,0.58134,121.0,0.5819,107.0,0.58195,556.0
1753600077980,07:07:57.980,bitget,A/USDT:USDT,0.58139,333.0,0.58134,121.0,0.5819,107.0,0.58195,556.0
1753600078130,07:07:58.130,bitget,A/USDT:USDT,0.58139,333.0,0.58134,121.0,0.5819,107.0,0.58195,556.0
1753600078280,07:07:58.280,bitget,A/USDT:USDT,0.58139,333.0,0.58134,121.0,0.5819,107.0,0.58195,556.0
1753600078581,07:07:58.581,bitget,A/USDT:USDT,0.5814,110.0,0.58139,247.0,0.5819,107.0,0.58195,556.0
1753600078731,07:07:58.731,bitget,A/USDT:USDT,0.5814,110.0,0.58139,247.0,0.5819,107.0,0.58195,556.0
1753600079031,07:07:59.031,bitget,A/USDT:USDT,0.5814,110.0,0.58139,121.0,0.5819,107.0,0.58195,556.0
1753600079181,07:07:59.181,bitget,A/USDT:USDT,0.5814,110.0,0.58139,121.0,0.5819,107.0,0.58195,556.0
1753600079331,07:07:59.331,bitget,A/USDT:USDT,0.5814,110.0,0.58139,121.0,0.5819,107.0,0.58195,556.0
1753600079631,07:07:59.631,bitget,A/USDT:USDT,0.5814,110.0,0.58139,121.0,0.5819,107.0,0.58195,556.0
1753600079781,07:07:59.781,bitget,A/USDT:USDT,0.5814,110.0,0.58139,121.0,0.5819,107.0,0.58195,556.0
1753600079932,07:07:59.932,bitget,A/USDT:USDT,0.5814,110.0,0.58139,121.0,0.5819,107.0,0.58195,556.0
1753600080082,07:08:00.082,bitget,A/USDT:USDT,0.5814,110.0,0.58139,121.0,0.5819,107.0,0.58195,556.0
1753600080232,07:08:00.232,bitget,A/USDT:USDT,0.5814,110.0,0.58139,121.0,0.5819,107.0,0.58195,556.0
1753600080382,07:08:00.382,bitget,A/USDT:USDT,0.5814,110.0,0.58139,121.0,0.5819,107.0,0.58195,278.0
1753600080532,07:08:00.532,bitget,A/USDT:USDT,0.5814,110.0,0.58139,121.0,0.5819,621.0,0.58196,231.0
1753600080832,07:08:00.832,bitget,A/USDT:USDT,0.58139,247.0,0.58134,121.0,0.58185,110.0,0.58196,231.0
1753600081132,07:08:01.132,bitget,A/USDT:USDT,0.58139,443.0,0.58134,121.0,0.58185,110.0,0.58196,231.0
1753600081433,07:08:01.433,bitget,A/USDT:USDT,0.5814,110.0,0.58139,459.0,0.58185,110.0,0.58196,231.0
1753600081583,07:08:01.583,bitget,A/USDT:USDT,0.5814,110.0,0.58139,373.0,0.58185,110.0,0.58196,231.0
1753600082183,07:08:02.183,bitget,A/USDT:USDT,0.58139,373.0,0.58134,121.0,0.5818,110.0,0.58185,86.0
1753600082333,07:08:02.333,bitget,A/USDT:USDT,0.58139,373.0,0.58134,121.0,0.5818,110.0,0.58185,86.0
1753600082483,07:08:02.483,bitget,A/USDT:USDT,0.58139,373.0,0.58134,121.0,0.5818,110.0,0.58185,86.0
1753600082633,07:08:02.633,bitget,A/USDT:USDT,0.58139,373.0,0.58134,121.0,0.5818,110.0,0.58185,86.0
1753600082783,07:08:02.783,bitget,A/USDT:USDT,0.58111,100.0,0.5811,3325.0,0.58166,1776.0,0.5818,110.0
1753600083084,07:08:03.084,bitget,A/USDT:USDT,0.58111,210.0,0.58103,108.0,0.58156,110.0,0.58161,121.0
1753600083234,07:08:03.234,bitget,A/USDT:USDT,0.58111,296.0,0.58103,108.0,0.58156,110.0,0.58161,121.0
1753600083534,07:08:03.534,bitget,A/USDT:USDT,0.58111,632.0,0.58103,108.0,0.58156,110.0,0.58161,121.0
1753600083984,07:08:03.984,bitget,A/USDT:USDT,0.58112,110.0,0.58111,1866.0,0.58156,110.0,0.58161,121.0
1753600084134,07:08:04.134,bitget,A/USDT:USDT,0.58112,110.0,0.58111,1866.0,0.58156,110.0,0.58161,121.0
1753600084284,07:08:04.284,bitget,A/USDT:USDT,0.58112,110.0,0.58111,1866.0,0.58156,110.0,0.58161,121.0
1753600084434,07:08:04.434,bitget,A/USDT:USDT,0.58112,110.0,0.58111,1866.0,0.58156,110.0,0.58161,121.0
1753600084735,07:08:04.735,bitget,A/USDT:USDT,0.58112,110.0,0.58111,1766.0,0.58156,110.0,0.58161,121.0
1753600084885,07:08:04.885,bitget,A/USDT:USDT,0.58112,110.0,0.58111,1766.0,0.58156,110.0,0.58161,121.0
1753600085035,07:08:05.035,bitget,A/USDT:USDT,0.58112,110.0,0.58111,1766.0,0.58156,110.0,0.58161,121.0
1753600085185,07:08:05.185,bitget,A/USDT:USDT,0.58112,110.0,0.58111,1766.0,0.58156,110.0,0.58161,121.0
1753600085335,07:08:05.335,bitget,A/USDT:USDT,0.58112,110.0,0.58111,1766.0,0.58156,110.0,0.58161,121.0
1753600085485,07:08:05.485,bitget,A/USDT:USDT,0.58112,110.0,0.58111,1766.0,0.58156,110.0,0.58161,121.0
1753600086536,07:08:06.536,bitget,A/USDT:USDT,0.58112,110.0,0.58111,1766.0,0.58156,110.0,0.58161,121.0
1753600086836,07:08:06.836,bitget,A/USDT:USDT,0.58112,110.0,0.58111,1766.0,0.58156,110.0,0.58161,121.0
1753600086986,07:08:06.986,bitget,A/USDT:USDT,0.58112,110.0,0.58111,1766.0,0.58156,110.0,0.58161,121.0
1753600087286,07:08:07.286,bitget,A/USDT:USDT,0.58112,110.0,0.58111,1766.0,0.58156,110.0,0.58161,121.0
1753600087587,07:08:07.587,bitget,A/USDT:USDT,0.58112,110.0,0.58111,1766.0,0.58156,110.0,0.58161,121.0
1753600087737,07:08:07.737,bitget,A/USDT:USDT,0.58112,110.0,0.58111,1766.0,0.58156,110.0,0.58161,121.0
1753600087887,07:08:07.887,bitget,A/USDT:USDT,0.58112,110.0,0.58111,1766.0,0.58156,110.0,0.58161,121.0
1753600088337,07:08:08.337,bitget,A/USDT:USDT,0.58112,110.0,0.58111,1766.0,0.58156,110.0,0.58161,121.0
1753600088487,07:08:08.487,bitget,A/USDT:USDT,0.58112,110.0,0.58111,1766.0,0.58156,110.0,0.58161,121.0
1753600088637,07:08:08.637,bitget,A/USDT:USDT,0.58079,109.0,0.58067,109.0,0.58132,1776.0,0.58156,110.0
1753600088787,07:08:08.787,bitget,A/USDT:USDT,0.58067,109.0,0.58058,111.0,0.58127,111.0,0.58131,9038.0
1753600088938,07:08:08.938,bitget,A/USDT:USDT,0.58058,111.0,0.5805,10416.0,0.58127,111.0,0.58131,9038.0
1753600089088,07:08:09.088,bitget,A/USDT:USDT,0.58058,111.0,0.5805,10457.0,0.58127,111.0,0.58131,9038.0
1753600089238,07:08:09.238,bitget,A/USDT:USDT,0.58058,111.0,0.5805,10457.0,0.58122,111.0,0.58127,516.0
1753600089388,07:08:09.388,bitget,A/USDT:USDT,0.58058,111.0,0.5805,10457.0,0.58122,111.0,0.58127,516.0
1753600089538,07:08:09.538,bitget,A/USDT:USDT,0.58058,111.0,0.5805,10457.0,0.58122,111.0,0.58127,516.0
1753600089688,07:08:09.688,bitget,A/USDT:USDT,0.58058,111.0,0.5805,10457.0,0.58122,111.0,0.58127,516.0
1753600089838,07:08:09.838,bitget,A/USDT:USDT,0.58058,111.0,0.5805,10457.0,0.58122,111.0,0.58127,516.0
1753600089988,07:08:09.988,bitget,A/USDT:USDT,0.58058,111.0,0.5805,10457.0,0.58122,111.0,0.58127,516.0
1753600090138,07:08:10.138,bitget,A/USDT:USDT,0.58058,111.0,0.5805,10457.0,0.58122,111.0,0.58127,516.0
1753600090289,07:08:10.289,bitget,A/USDT:USDT,0.58058,111.0,0.5805,10457.0,0.58122,111.0,0.58127,516.0
1753600090439,07:08:10.439,bitget,A/USDT:USDT,0.58058,111.0,0.5805,10457.0,0.58122,111.0,0.58127,516.0
1753600091039,07:08:11.039,bitget,A/USDT:USDT,0.58058,111.0,0.5805,10457.0,0.58122,111.0,0.58127,516.0
1753600091189,07:08:11.189,bitget,A/USDT:USDT,0.58058,111.0,0.5805,10457.0,0.58122,111.0,0.58131,9038.0
1753600091339,07:08:11.339,bitget,A/USDT:USDT,0.58058,111.0,0.5805,10416.0,0.58122,111.0,0.58131,9038.0
1753600091489,07:08:11.489,bitget,A/USDT:USDT,0.58058,111.0,0.5805,10416.0,0.58122,539.0,0.58131,9038.0
1753600091639,07:08:11.639,bitget,A/USDT:USDT,0.58058,111.0,0.5805,10457.0,0.58117,111.0,0.58122,428.0
1753600091940,07:08:11.940,bitget,A/USDT:USDT,0.58058,52.0,0.58046,106.0,0.58123,111.0,0.5813,698.0
1753600092090,07:08:12.090,bitget,A/USDT:USDT,0.58058,52.0,0.58046,106.0,0.58097,1776.0,0.58123,111.0
1753600092240,07:08:12.240,bitget,A/USDT:USDT,0.58046,106.0,0.5804,106.0,0.58092,111.0,0.58097,1897.0
1753600092540,07:08:12.540,bitget,A/USDT:USDT,0.5804,106.0,0.58034,106.0,0.58087,111.0,0.58092,686.0
1753600092690,07:08:12.690,bitget,A/USDT:USDT,0.58034,556.0,0.58028,111.0,0.58087,111.0,0.58097,10935.0
1753600093441,07:08:13.441,bitget,A/USDT:USDT,0.58037,111.0,0.58034,1668.0,0.58087,111.0,0.58097,10935.0
1753600093591,07:08:13.591,bitget,A/USDT:USDT,0.58037,111.0,0.58034,1668.0,0.58087,111.0,0.58097,10935.0
1753600093741,07:08:13.741,bitget,A/USDT:USDT,0.58037,111.0,0.58034,1668.0,0.58087,111.0,0.58097,10935.0
1753600093891,07:08:13.891,bitget,A/USDT:USDT,0.58037,111.0,0.58034,1668.0,0.58087,111.0,0.58097,10935.0
1753600094041,07:08:14.041,bitget,A/USDT:USDT,0.58037,111.0,0.58034,1668.0,0.58087,111.0,0.58097,10935.0
1753600094191,07:08:14.191,bitget,A/USDT:USDT,0.58037,111.0,0.58034,1668.0,0.58087,111.0,0.58097,10935.0
1753600094341,07:08:14.341,bitget,A/USDT:USDT,0.58037,111.0,0.58034,1668.0,0.58087,111.0,0.58097,10935.0
1753600094491,07:08:14.491,bitget,A/USDT:USDT,0.58037,111.0,0.58034,1668.0,0.58087,111.0,0.58097,10935.0
1753600094791,07:08:14.791,bitget,A/USDT:USDT,0.58037,111.0,0.58034,1668.0,0.58087,111.0,0.58097,10935.0
1753600094941,07:08:14.941,bitget,A/USDT:USDT,0.58037,111.0,0.58034,1668.0,0.58087,111.0,0.58097,10935.0
1753600095091,07:08:15.091,bitget,A/USDT:USDT,0.58037,111.0,0.58034,1668.0,0.58087,9151.0,0.58097,1897.0
1753600095242,07:08:15.242,bitget,A/USDT:USDT,0.58037,111.0,0.58034,1668.0,0.58082,111.0,0.58087,9040.0
1753600095392,07:08:15.392,bitget,A/USDT:USDT,0.58022,111.0,0.58016,110.0,0.58082,111.0,0.58087,9040.0
1753600095692,07:08:15.692,bitget,A/USDT:USDT,0.5801,111.0,0.58004,31064.0,0.58082,111.0,0.58087,9040.0
1753600095842,07:08:15.842,bitget,A/USDT:USDT,0.5801,111.0,0.58004,31064.0,0.58082,111.0,0.58087,9040.0
1753600095992,07:08:15.992,bitget,A/USDT:USDT,0.5801,111.0,0.58004,31064.0,0.58082,111.0,0.58087,9040.0
1753600096142,07:08:16.142,bitget,A/USDT:USDT,0.5801,111.0,0.58004,31064.0,0.58082,111.0,0.58087,9040.0
1753600096292,07:08:16.292,bitget,A/USDT:USDT,0.5801,111.0,0.58004,31064.0,0.58082,111.0,0.58087,9040.0
1753600096442,07:08:16.442,bitget,A/USDT:USDT,0.5801,939.0,0.58004,31064.0,0.58082,111.0,0.58087,9040.0
1753600096592,07:08:16.592,bitget,A/USDT:USDT,0.58015,111.0,0.58004,31064.0,0.58082,111.0,0.58087,9040.0
1753600096743,07:08:16.743,bitget,A/USDT:USDT,0.58015,111.0,0.58004,31064.0,0.58082,111.0,0.58087,9040.0
1753600097043,07:08:17.043,bitget,A/USDT:USDT,0.58015,111.0,0.58004,31064.0,0.58082,111.0,0.58087,9040.0
1753600097193,07:08:17.193,bitget,A/USDT:USDT,0.58015,111.0,0.58004,31064.0,0.58082,327.0,0.58087,9040.0
1753600097343,07:08:17.343,bitget,A/USDT:USDT,0.58015,285.0,0.58004,31064.0,0.58077,111.0,0.58087,9040.0
1753600097493,07:08:17.493,bitget,A/USDT:USDT,0.5802,111.0,0.58015,174.0,0.58077,111.0,0.58087,9040.0
1753600097643,07:08:17.643,bitget,A/USDT:USDT,0.5802,111.0,0.58015,174.0,0.58077,111.0,0.58087,9040.0
1753600097793,07:08:17.793,bitget,A/USDT:USDT,0.5802,111.0,0.58015,174.0,0.58077,111.0,0.58087,9040.0
1753600097943,07:08:17.943,bitget,A/USDT:USDT,0.5802,459.0,0.58012,121.0,0.58077,111.0,0.58087,9040.0
1753600098243,07:08:18.243,bitget,A/USDT:USDT,0.58025,107.0,0.5802,348.0,0.58077,111.0,0.58087,9040.0
1753600098394,07:08:18.394,bitget,A/USDT:USDT,0.58025,107.0,0.58012,121.0,0.58077,967.0,0.58087,9040.0
1753600098544,07:08:18.544,bitget,A/USDT:USDT,0.58025,107.0,0.58012,121.0,0.58072,107.0,0.58077,856.0
1753600098694,07:08:18.694,bitget,A/USDT:USDT,0.58025,107.0,0.58012,121.0,0.58072,107.0,0.58077,856.0
1753600098844,07:08:18.844,bitget,A/USDT:USDT,0.58025,107.0,0.58012,121.0,0.58072,107.0,0.58077,856.0
1753600098994,07:08:18.994,bitget,A/USDT:USDT,0.58025,107.0,0.58012,121.0,0.58072,107.0,0.58077,856.0
1753600099144,07:08:19.144,bitget,A/USDT:USDT,0.58025,107.0,0.58012,121.0,0.58072,107.0,0.58077,856.0
1753600099294,07:08:19.294,bitget,A/USDT:USDT,0.58025,107.0,0.58012,121.0,0.58072,107.0,0.58077,856.0
1753600099444,07:08:19.444,bitget,A/USDT:USDT,0.58025,107.0,0.58012,121.0,0.58072,107.0,0.58077,856.0
1753600099594,07:08:19.594,bitget,A/USDT:USDT,0.58025,107.0,0.58012,121.0,0.58072,107.0,0.58077,856.0
1753600099744,07:08:19.744,bitget,A/USDT:USDT,0.58025,107.0,0.58012,121.0,0.58072,107.0,0.58077,856.0
1753600100045,07:08:20.045,bitget,A/USDT:USDT,0.58025,107.0,0.58012,121.0,0.58072,107.0,0.58077,856.0
1753600100195,07:08:20.195,bitget,A/USDT:USDT,0.58025,107.0,0.58012,121.0,0.58072,107.0,0.58077,856.0
1753600100345,07:08:20.345,bitget,A/USDT:USDT,0.58025,107.0,0.58012,121.0,0.58072,107.0,0.58077,856.0
1753600100795,07:08:20.795,bitget,A/USDT:USDT,0.58015,107.0,0.5801,19.0,0.58059,107.0,0.58064,1897.0
1753600100945,07:08:20.945,bitget,A/USDT:USDT,0.58015,107.0,0.58009,107.0,0.58059,107.0,0.58064,1897.0
1753600101095,07:08:21.095,bitget,A/USDT:USDT,0.58017,107.0,0.58016,12.0,0.58059,107.0,0.58064,1897.0
1753600101245,07:08:21.245,bitget,A/USDT:USDT,0.57996,111.0,0.5799,111.0,0.58017,107.0,0.58059,623.0
1753600101395,07:08:21.395,bitget,A/USDT:USDT,0.57984,111.0,0.57978,107.0,0.58016,107.0,0.58017,72.0
1753600101545,07:08:21.545,bitget,A/USDT:USDT,0.57978,107.0,0.57973,1245.0,0.5805,9046.0,0.58059,107.0
1753600101696,07:08:21.696,bitget,A/USDT:USDT,0.57973,1245.0,0.57972,107.0,0.58045,107.0,0.5805,9167.0
1753600101846,07:08:21.846,bitget,A/USDT:USDT,0.57978,107.0,0.57973,1245.0,0.58045,107.0,0.5805,9167.0
1753600101996,07:08:21.996,bitget,A/USDT:USDT,0.57978,107.0,0.57973,1245.0,0.58045,107.0,0.5805,9167.0
1753600102296,07:08:22.296,bitget,A/USDT:USDT,0.57984,107.0,0.57979,10.0,0.58045,107.0,0.5805,9167.0
1753600102446,07:08:22.446,bitget,A/USDT:USDT,0.57984,107.0,0.57979,10.0,0.58021,1776.0,0.58045,795.0
1753600102596,07:08:22.596,bitget,A/USDT:USDT,0.57984,107.0,0.57979,10.0,0.58016,107.0,0.58045,1483.0
1753600102746,07:08:22.746,bitget,A/USDT:USDT,0.57984,107.0,0.57979,10.0,0.58028,107.0,0.58045,1483.0
1753600102896,07:08:22.896,bitget,A/USDT:USDT,0.57984,107.0,0.57979,10.0,0.58028,107.0,0.58045,1483.0
1753600103046,07:08:23.046,bitget,A/USDT:USDT,0.57984,107.0,0.57979,10.0,0.58028,107.0,0.58045,1483.0
1753600103347,07:08:23.347,bitget,A/USDT:USDT,0.57984,107.0,0.57979,10.0,0.58028,107.0,0.58045,107.0
1753600103497,07:08:23.497,bitget,A/USDT:USDT,0.57984,107.0,0.57979,10.0,0.58045,107.0,0.5805,9167.0
1753600103647,07:08:23.647,bitget,A/USDT:USDT,0.57984,107.0,0.57979,10.0,0.58045,107.0,0.5805,9167.0
1753600103797,07:08:23.797,bitget,A/USDT:USDT,0.57984,107.0,0.57979,10.0,0.58045,1831.0,0.5805,9167.0
1753600103947,07:08:23.947,bitget,A/USDT:USDT,0.57984,107.0,0.57979,10.0,0.5804,107.0,0.58045,1724.0
1753600104097,07:08:24.097,bitget,A/USDT:USDT,0.57984,107.0,0.57979,10.0,0.5804,107.0,0.58045,1724.0
1753600104247,07:08:24.247,bitget,A/USDT:USDT,0.57984,107.0,0.57979,10.0,0.5804,107.0,0.58045,1724.0
1753600104397,07:08:24.397,bitget,A/USDT:USDT,0.57984,107.0,0.57979,10.0,0.5804,107.0,0.58045,1724.0
1753600104547,07:08:24.547,bitget,A/USDT:USDT,0.57984,107.0,0.57979,10.0,0.58032,1776.0,0.5804,107.0
1753600104697,07:08:24.697,bitget,A/USDT:USDT,0.57984,107.0,0.57979,10.0,0.58027,107.0,0.58032,1776.0
1753600104847,07:08:24.847,bitget,A/USDT:USDT,0.57984,107.0,0.57979,10.0,0.58027,107.0,0.58032,1776.0
1753600105148,07:08:25.148,bitget,A/USDT:USDT,0.57984,107.0,0.57979,10.0,0.58027,107.0,0.58032,1776.0
1753600105298,07:08:25.298,bitget,A/USDT:USDT,0.57984,107.0,0.57979,10.0,0.58027,107.0,0.58032,1776.0
1753600105448,07:08:25.448,bitget,A/USDT:USDT,0.57984,107.0,0.57979,10.0,0.58027,107.0,0.58032,1776.0
1753600105598,07:08:25.598,bitget,A/USDT:USDT,0.57984,281.0,0.57979,10.0,0.58027,107.0,0.58032,1776.0
1753600105748,07:08:25.748,bitget,A/USDT:USDT,0.57989,107.0,0.57984,522.0,0.58027,107.0,0.58032,1776.0
1753600106348,07:08:26.348,bitget,A/USDT:USDT,0.57994,107.0,0.57972,228.0,0.58028,107.0,0.58032,1776.0
1753600106499,07:08:26.499,bitget,A/USDT:USDT,0.57994,107.0,0.57972,228.0,0.58028,107.0,0.58032,1776.0
1753600106649,07:08:26.649,bitget,A/USDT:USDT,0.57994,107.0,0.57972,228.0,0.58028,107.0,0.58032,1776.0
1753600106949,07:08:26.949,bitget,A/USDT:USDT,0.57994,107.0,0.57972,228.0,0.58028,107.0,0.58032,1776.0
1753600107099,07:08:27.099,bitget,A/USDT:USDT,0.57994,107.0,0.57972,228.0,0.58028,107.0,0.58032,1776.0
1753600107249,07:08:27.249,bitget,A/USDT:USDT,0.57994,107.0,0.57972,228.0,0.58028,107.0,0.58032,1776.0
1753600107399,07:08:27.399,bitget,A/USDT:USDT,0.57994,107.0,0.57972,228.0,0.58028,107.0,0.58032,1776.0
1753600107549,07:08:27.549,bitget,A/USDT:USDT,0.57994,107.0,0.57972,228.0,0.58028,107.0,0.58032,1776.0
1753600107699,07:08:27.699,bitget,A/USDT:USDT,0.57994,107.0,0.57972,228.0,0.58028,107.0,0.58032,1776.0
1753600107849,07:08:27.849,bitget,A/USDT:USDT,0.57994,107.0,0.57972,228.0,0.58028,107.0,0.58032,1776.0
1753600107999,07:08:27.999,bitget,A/USDT:USDT,0.57994,107.0,0.57972,228.0,0.58028,107.0,0.58032,1776.0
1753600108300,07:08:28.300,bitget,A/USDT:USDT,0.57994,107.0,0.57972,228.0,0.58028,107.0,0.58032,1776.0
1753600108450,07:08:28.450,bitget,A/USDT:USDT,0.57994,107.0,0.57972,228.0,0.58028,107.0,0.58032,1776.0
1753600108600,07:08:28.600,bitget,A/USDT:USDT,0.57994,107.0,0.57972,228.0,0.58028,107.0,0.58032,1776.0
1753600108750,07:08:28.750,bitget,A/USDT:USDT,0.57994,107.0,0.57972,228.0,0.58028,107.0,0.58032,1776.0
1753600108900,07:08:28.900,bitget,A/USDT:USDT,0.57994,107.0,0.57972,228.0,0.58028,107.0,0.58032,1776.0
1753600109050,07:08:29.050,bitget,A/USDT:USDT,0.57994,107.0,0.57972,228.0,0.58028,107.0,0.58032,1776.0
1753600109200,07:08:29.200,bitget,A/USDT:USDT,0.57994,107.0,0.57972,228.0,0.58028,107.0,0.58032,1776.0
1753600109350,07:08:29.350,bitget,A/USDT:USDT,0.57994,107.0,0.57972,228.0,0.58028,107.0,0.58032,1776.0
1753600109500,07:08:29.500,bitget,A/USDT:USDT,0.57994,107.0,0.57972,228.0,0.58028,107.0,0.58032,1776.0
1753600109650,07:08:29.650,bitget,A/USDT:USDT,0.57994,107.0,0.57972,228.0,0.58028,107.0,0.58032,1776.0
1753600109801,07:08:29.801,bitget,A/USDT:USDT,0.57994,107.0,0.57972,228.0,0.58028,385.0,0.58032,1776.0
1753600109951,07:08:29.951,bitget,A/USDT:USDT,0.57994,107.0,0.57972,228.0,0.58023,110.0,0.58028,278.0
1753600110101,07:08:30.101,bitget,A/USDT:USDT,0.57994,107.0,0.57972,228.0,0.58023,110.0,0.58028,278.0
1753600110401,07:08:30.401,bitget,A/USDT:USDT,0.57994,107.0,0.57972,228.0,0.58023,110.0,0.58028,278.0
1753600110701,07:08:30.701,bitget,A/USDT:USDT,0.57994,107.0,0.57972,228.0,0.58023,110.0,0.58028,278.0
1753600110851,07:08:30.851,bitget,A/USDT:USDT,0.57994,107.0,0.57972,228.0,0.58023,110.0,0.58028,278.0
1753600111001,07:08:31.001,bitget,A/USDT:USDT,0.57994,107.0,0.57972,228.0,0.58023,110.0,0.58028,399.0
1753600111151,07:08:31.151,bitget,A/USDT:USDT,0.57994,107.0,0.57972,228.0,0.58023,110.0,0.58028,399.0
1753600111602,07:08:31.602,bitget,A/USDT:USDT,0.57994,107.0,0.57972,228.0,0.58023,110.0,0.58028,399.0
1753600111752,07:08:31.752,bitget,A/USDT:USDT,0.57994,107.0,0.57972,228.0,0.58023,110.0,0.58028,399.0
1753600111902,07:08:31.902,bitget,A/USDT:USDT,0.57994,107.0,0.57972,228.0,0.58023,110.0,0.58028,399.0
1753600112052,07:08:32.052,bitget,A/USDT:USDT,0.57994,107.0,0.57972,228.0,0.58023,110.0,0.58028,399.0
1753600112202,07:08:32.202,bitget,A/USDT:USDT,0.57994,107.0,0.57972,228.0,0.58023,110.0,0.58028,399.0
1753600112352,07:08:32.352,bitget,A/USDT:USDT,0.57994,107.0,0.57972,228.0,0.58023,110.0,0.58028,399.0
1753600112652,07:08:32.652,bitget,A/USDT:USDT,0.57977,110.0,0.57972,121.0,0.58023,110.0,0.58028,399.0
1753600112802,07:08:32.802,bitget,A/USDT:USDT,0.57977,110.0,0.57972,121.0,0.58023,110.0,0.58028,399.0
1753600112953,07:08:32.953,bitget,A/USDT:USDT,0.57977,110.0,0.57972,121.0,0.58023,110.0,0.58028,399.0
1753600113103,07:08:33.103,bitget,A/USDT:USDT,0.57978,35.0,0.57977,110.0,0.58023,110.0,0.58028,399.0
1753600113253,07:08:33.253,bitget,A/USDT:USDT,0.57983,110.0,0.57978,35.0,0.58023,110.0,0.58028,399.0
1753600113403,07:08:33.403,bitget,A/USDT:USDT,0.57983,110.0,0.57978,35.0,0.58023,110.0,0.58028,399.0
1753600113553,07:08:33.553,bitget,A/USDT:USDT,0.57983,110.0,0.57978,35.0,0.58023,110.0,0.58028,399.0
1753600113703,07:08:33.703,bitget,A/USDT:USDT,0.57983,110.0,0.57978,35.0,0.58023,110.0,0.58028,399.0
1753600113853,07:08:33.853,bitget,A/USDT:USDT,0.57983,110.0,0.57978,35.0,0.58023,110.0,0.58028,399.0
1753600114003,07:08:34.003,bitget,A/USDT:USDT,0.57983,110.0,0.57978,35.0,0.58023,110.0,0.58028,399.0
1753600114153,07:08:34.153,bitget,A/USDT:USDT,0.57983,110.0,0.57978,35.0,0.58023,110.0,0.58028,399.0
1753600114303,07:08:34.303,bitget,A/USDT:USDT,0.57983,110.0,0.57978,35.0,0.58023,110.0,0.58028,399.0
1753600114453,07:08:34.453,bitget,A/USDT:USDT,0.57983,110.0,0.57978,35.0,0.58022,1776.0,0.58023,110.0
1753600114604,07:08:34.604,bitget,A/USDT:USDT,0.57983,110.0,0.57978,35.0,0.58017,110.0,0.58022,1776.0
1753600114754,07:08:34.754,bitget,A/USDT:USDT,0.57983,110.0,0.57978,35.0,0.58017,110.0,0.58022,1776.0
1753600115054,07:08:35.054,bitget,A/USDT:USDT,0.57983,110.0,0.57978,35.0,0.58017,110.0,0.58022,1776.0
1753600115204,07:08:35.204,bitget,A/USDT:USDT,0.57983,110.0,0.57978,35.0,0.58017,110.0,0.58022,1776.0
1753600115354,07:08:35.354,bitget,A/USDT:USDT,0.57983,110.0,0.57978,35.0,0.58017,110.0,0.58022,1776.0
1753600115504,07:08:35.504,bitget,A/USDT:USDT,0.57983,110.0,0.57978,35.0,0.58017,110.0,0.58022,1776.0
1753600115654,07:08:35.654,bitget,A/USDT:USDT,0.57983,110.0,0.57977,110.0,0.58017,110.0,0.58022,1776.0
1753600115804,07:08:35.804,bitget,A/USDT:USDT,0.57977,110.0,0.57972,121.0,0.58017,110.0,0.58022,1776.0
1753600115954,07:08:35.954,bitget,A/USDT:USDT,0.57977,110.0,0.57972,121.0,0.58017,110.0,0.58022,1776.0
1753600116105,07:08:36.105,bitget,A/USDT:USDT,0.57977,110.0,0.57972,121.0,0.58017,110.0,0.58022,1776.0
1753600116405,07:08:36.405,bitget,A/USDT:USDT,0.57977,110.0,0.5796,110.0,0.58017,110.0,0.58022,1776.0
1753600116555,07:08:36.555,bitget,A/USDT:USDT,0.5797,121.0,0.5796,110.0,0.58017,110.0,0.58022,1776.0
1753600116705,07:08:36.705,bitget,A/USDT:USDT,0.57975,110.0,0.5797,121.0,0.58017,110.0,0.58022,1776.0
1753600116855,07:08:36.855,bitget,A/USDT:USDT,0.57975,374.0,0.5797,121.0,0.58017,110.0,0.58022,1776.0
1753600117005,07:08:37.005,bitget,A/USDT:USDT,0.5798,110.0,0.57975,438.0,0.58017,110.0,0.58022,1776.0
1753600117155,07:08:37.155,bitget,A/USDT:USDT,0.5798,110.0,0.57975,438.0,0.58017,110.0,0.58022,1776.0
1753600117305,07:08:37.305,bitget,A/USDT:USDT,0.57985,110.0,0.5798,29.0,0.58017,110.0,0.58021,1776.0
1753600117456,07:08:37.456,bitget,A/USDT:USDT,0.57985,110.0,0.5798,29.0,0.58017,110.0,0.58021,1776.0
1753600117756,07:08:37.756,bitget,A/USDT:USDT,0.57985,110.0,0.5798,29.0,0.58017,110.0,0.58021,1776.0
1753600117906,07:08:37.906,bitget,A/USDT:USDT,0.57985,110.0,0.5798,29.0,0.58017,110.0,0.58021,1776.0
1753600118056,07:08:38.056,bitget,A/USDT:USDT,0.57985,110.0,0.5798,29.0,0.58017,110.0,0.58021,1776.0
1753600118356,07:08:38.356,bitget,A/USDT:USDT,0.57985,110.0,0.5798,29.0,0.58017,110.0,0.58021,1776.0
1753600118806,07:08:38.806,bitget,A/USDT:USDT,0.57988,109.0,0.5797,121.0,0.58023,110.0,0.58028,121.0
1753600118956,07:08:38.956,bitget,A/USDT:USDT,0.57944,109.0,0.57934,106.0,0.57955,8053.0,0.5797,121.0
1753600119106,07:08:39.106,bitget,A/USDT:USDT,0.57928,109.0,0.57917,106.0,0.57941,1500.0,0.57953,109.0
1753600119257,07:08:39.257,bitget,A/USDT:USDT,0.57917,522.0,0.57908,106.0,0.5794,109.0,0.57953,109.0
1753600119407,07:08:39.407,bitget,A/USDT:USDT,0.57917,522.0,0.57908,106.0,0.57953,109.0,0.57965,109.0
1753600119557,07:08:39.557,bitget,A/USDT:USDT,0.57917,979.0,0.57908,106.0,0.57965,109.0,0.57982,9054.0
1753600119857,07:08:39.857,bitget,A/USDT:USDT,0.57917,979.0,0.57908,106.0,0.57965,109.0,0.57982,9054.0
1753600120007,07:08:40.007,bitget,A/USDT:USDT,0.57917,979.0,0.57908,106.0,0.57965,109.0,0.57982,9054.0
1753600120157,07:08:40.157,bitget,A/USDT:USDT,0.57917,203.0,0.57908,106.0,0.57965,109.0,0.57966,121.0
1753600120307,07:08:40.307,bitget,A/USDT:USDT,0.57917,109.0,0.57908,106.0,0.57965,109.0,0.57966,121.0
1753600120608,07:08:40.608,bitget,A/USDT:USDT,0.57892,106.0,0.57891,1245.0,0.57965,109.0,0.57966,121.0
1753600120758,07:08:40.758,bitget,A/USDT:USDT,0.57892,106.0,0.57891,1245.0,0.57965,109.0,0.57966,121.0
1753600120908,07:08:40.908,bitget,A/USDT:USDT,0.57892,106.0,0.57891,1245.0,0.57965,109.0,0.57966,121.0
1753600121208,07:08:41.208,bitget,A/USDT:USDT,0.57892,106.0,0.57891,1245.0,0.57965,109.0,0.57966,121.0
1753600121508,07:08:41.508,bitget,A/USDT:USDT,0.57892,106.0,0.57891,1245.0,0.57965,109.0,0.57966,121.0
1753600121658,07:08:41.658,bitget,A/USDT:USDT,0.57892,106.0,0.57891,1245.0,0.57965,109.0,0.57966,121.0
1753600121808,07:08:41.808,bitget,A/USDT:USDT,0.57892,106.0,0.57891,1245.0,0.57965,109.0,0.57966,121.0
1753600121959,07:08:41.959,bitget,A/USDT:USDT,0.57892,106.0,0.57891,1245.0,0.57965,109.0,0.57966,121.0
1753600122109,07:08:42.109,bitget,A/USDT:USDT,0.57892,106.0,0.57891,1245.0,0.57965,109.0,0.57966,121.0
1753600122259,07:08:42.259,bitget,A/USDT:USDT,0.57892,106.0,0.57891,1245.0,0.57965,109.0,0.57966,121.0
1753600122409,07:08:42.409,bitget,A/USDT:USDT,0.57892,260.0,0.57891,1245.0,0.57965,109.0,0.57982,9054.0
1753600122559,07:08:42.559,bitget,A/USDT:USDT,0.57892,876.0,0.57891,1245.0,0.57965,109.0,0.57982,9054.0
1753600122709,07:08:42.709,bitget,A/USDT:USDT,0.57892,876.0,0.57891,1245.0,0.57965,109.0,0.57982,9054.0
1753600122859,07:08:42.859,bitget,A/USDT:USDT,0.57892,876.0,0.57891,1245.0,0.57965,109.0,0.57982,9054.0
1753600123009,07:08:43.009,bitget,A/USDT:USDT,0.57892,876.0,0.57891,1245.0,0.57965,109.0,0.57982,9054.0
1753600123159,07:08:43.159,bitget,A/USDT:USDT,0.57892,876.0,0.57891,1245.0,0.57965,109.0,0.57982,9054.0
1753600123309,07:08:43.309,bitget,A/USDT:USDT,0.57892,876.0,0.57891,1245.0,0.57965,109.0,0.57982,9054.0
1753600123459,07:08:43.459,bitget,A/USDT:USDT,0.57892,876.0,0.57891,1245.0,0.57965,109.0,0.57982,9054.0
1753600123609,07:08:43.609,bitget,A/USDT:USDT,0.57892,876.0,0.57891,1245.0,0.57965,109.0,0.57982,9054.0
1753600123760,07:08:43.760,bitget,A/USDT:USDT,0.57892,876.0,0.57891,1245.0,0.57963,1776.0,0.57965,109.0
1753600123910,07:08:43.910,bitget,A/USDT:USDT,0.57892,876.0,0.57891,1245.0,0.57958,109.0,0.57963,1776.0
1753600124210,07:08:44.210,bitget,A/USDT:USDT,0.57892,876.0,0.57891,1245.0,0.57958,109.0,0.57963,1776.0
1753600124360,07:08:44.360,bitget,A/USDT:USDT,0.57892,260.0,0.57891,1245.0,0.57958,109.0,0.57963,1776.0
1753600124510,07:08:44.510,bitget,A/USDT:USDT,0.57892,722.0,0.57891,1245.0,0.57958,109.0,0.57962,1776.0
1753600124660,07:08:44.660,bitget,A/USDT:USDT,0.57892,876.0,0.57891,1245.0,0.57958,109.0,0.57962,1776.0
1753600124810,07:08:44.810,bitget,A/USDT:USDT,0.57892,876.0,0.57891,1245.0,0.57958,211.0,0.57962,1776.0
1753600124960,07:08:44.960,bitget,A/USDT:USDT,0.57892,876.0,0.57891,1245.0,0.57953,109.0,0.57958,102.0
1753600125111,07:08:45.111,bitget,A/USDT:USDT,0.57892,876.0,0.57891,1245.0,0.57953,109.0,0.57958,102.0
1753600125261,07:08:45.261,bitget,A/USDT:USDT,0.57892,876.0,0.57891,1245.0,0.57953,109.0,0.57958,102.0
1753600125561,07:08:45.561,bitget,A/USDT:USDT,0.57892,106.0,0.57891,1245.0,0.57953,109.0,0.57958,102.0
1753600125711,07:08:45.711,bitget,A/USDT:USDT,0.57892,106.0,0.57891,1245.0,0.57953,109.0,0.57958,102.0
1753600125861,07:08:45.861,bitget,A/USDT:USDT,0.57892,192.0,0.57891,1245.0,0.57953,109.0,0.57958,102.0
1753600126011,07:08:46.011,bitget,A/USDT:USDT,0.57892,192.0,0.57891,1245.0,0.57953,109.0,0.57958,102.0
1753600126161,07:08:46.161,bitget,A/USDT:USDT,0.57892,192.0,0.57891,1245.0,0.57953,109.0,0.57958,102.0
1753600126311,07:08:46.311,bitget,A/USDT:USDT,0.57892,192.0,0.57891,1245.0,0.57953,109.0,0.57958,102.0
1753600126611,07:08:46.611,bitget,A/USDT:USDT,0.57892,192.0,0.57891,1245.0,0.57953,109.0,0.57958,102.0
1753600126912,07:08:46.912,bitget,A/USDT:USDT,0.57892,192.0,0.57891,1245.0,0.57953,109.0,0.57958,102.0
1753600127062,07:08:47.062,bitget,A/USDT:USDT,0.57892,192.0,0.57891,1245.0,0.57953,109.0,0.57958,102.0
1753600127212,07:08:47.212,bitget,A/USDT:USDT,0.57892,192.0,0.57891,1245.0,0.57953,109.0,0.57958,102.0
1753600127362,07:08:47.362,bitget,A/USDT:USDT,0.57892,192.0,0.57891,1245.0,0.57953,109.0,0.57958,102.0
1753600127512,07:08:47.512,bitget,A/USDT:USDT,0.57892,192.0,0.57891,1245.0,0.57953,109.0,0.57958,102.0
1753600127662,07:08:47.662,bitget,A/USDT:USDT,0.57892,192.0,0.57891,1245.0,0.57953,109.0,0.57958,102.0
1753600127812,07:08:47.812,bitget,A/USDT:USDT,0.57892,192.0,0.57891,1245.0,0.57953,109.0,0.57958,102.0
1753600127962,07:08:47.962,bitget,A/USDT:USDT,0.57892,192.0,0.57891,1245.0,0.57953,109.0,0.57958,102.0
1753600128112,07:08:48.112,bitget,A/USDT:USDT,0.57892,192.0,0.57891,1245.0,0.57953,109.0,0.57958,102.0
1753600128262,07:08:48.262,bitget,A/USDT:USDT,0.57892,192.0,0.57891,1245.0,0.57953,109.0,0.57958,102.0
1753600128412,07:08:48.412,bitget,A/USDT:USDT,0.57892,192.0,0.57891,1245.0,0.57953,109.0,0.57958,102.0
1753600128713,07:08:48.713,bitget,A/USDT:USDT,0.57892,192.0,0.57886,109.0,0.57953,109.0,0.57958,102.0
1753600128863,07:08:48.863,bitget,A/USDT:USDT,0.57892,192.0,0.57886,109.0,0.57953,109.0,0.57958,102.0
1753600129013,07:08:49.013,bitget,A/USDT:USDT,0.57892,192.0,0.57886,109.0,0.57953,109.0,0.57958,102.0
1753600129163,07:08:49.163,bitget,A/USDT:USDT,0.57892,192.0,0.57886,109.0,0.57953,109.0,0.57958,102.0
1753600129313,07:08:49.313,bitget,A/USDT:USDT,0.57892,192.0,0.57886,109.0,0.57953,109.0,0.57958,102.0
1753600129613,07:08:49.613,bitget,A/USDT:USDT,0.57892,192.0,0.57886,109.0,0.57953,109.0,0.57958,102.0
1753600129763,07:08:49.763,bitget,A/USDT:USDT,0.57892,192.0,0.57886,109.0,0.57953,109.0,0.57958,102.0
1753600129913,07:08:49.913,bitget,A/USDT:USDT,0.57892,192.0,0.57886,109.0,0.57953,109.0,0.57958,102.0
1753600130214,07:08:50.214,bitget,A/USDT:USDT,0.57892,192.0,0.57886,109.0,0.57953,109.0,0.57958,102.0
1753600130814,07:08:50.814,bitget,A/USDT:USDT,0.57892,192.0,0.57886,109.0,0.57953,109.0,0.57958,102.0
1753600130964,07:08:50.964,bitget,A/USDT:USDT,0.57892,192.0,0.57886,109.0,0.57953,109.0,0.57958,102.0
1753600131264,07:08:51.264,bitget,A/USDT:USDT,0.57892,192.0,0.57886,109.0,0.57953,109.0,0.57958,102.0
1753600131414,07:08:51.414,bitget,A/USDT:USDT,0.57892,192.0,0.57886,109.0,0.57953,109.0,0.57958,102.0
1753600131564,07:08:51.564,bitget,A/USDT:USDT,0.57892,192.0,0.57886,109.0,0.57953,109.0,0.57958,102.0
1753600131865,07:08:51.865,bitget,A/USDT:USDT,0.57892,192.0,0.57886,109.0,0.57953,109.0,0.57958,102.0
1753600132015,07:08:52.015,bitget,A/USDT:USDT,0.57892,192.0,0.57886,109.0,0.57953,109.0,0.57958,102.0
1753600132315,07:08:52.315,bitget,A/USDT:USDT,0.57886,109.0,0.57881,1245.0,0.57953,109.0,0.57958,102.0
1753600132465,07:08:52.465,bitget,A/USDT:USDT,0.57886,453.0,0.57881,1245.0,0.57953,109.0,0.57958,102.0
1753600132765,07:08:52.765,bitget,A/USDT:USDT,0.57971,15721.0,0.57958,102.0,0.58013,109.0,0.58023,971.0
1753600132915,07:08:52.915,bitget,A/USDT:USDT,0.57971,6721.0,0.57958,102.0,0.58013,230.0,0.5802,121.0
1753600133065,07:08:53.065,bitget,A/USDT:USDT,0.57972,109.0,0.57971,6721.0,0.58008,109.0,0.58013,779.0
1753600133215,07:08:53.215,bitget,A/USDT:USDT,0.57972,109.0,0.57959,109.0,0.58008,109.0,0.58013,779.0
1753600133366,07:08:53.366,bitget,A/USDT:USDT,0.57972,109.0,0.57959,109.0,0.58008,109.0,0.58013,779.0
1753600133516,07:08:53.516,bitget,A/USDT:USDT,0.57959,109.0,0.5793,13231.0,0.58008,109.0,0.58013,779.0
1753600133816,07:08:53.816,bitget,A/USDT:USDT,0.57959,109.0,0.5793,13231.0,0.58008,109.0,0.58013,121.0
1753600133966,07:08:53.966,bitget,A/USDT:USDT,0.57959,109.0,0.5793,13231.0,0.58008,109.0,0.58013,121.0
1753600134266,07:08:54.266,bitget,A/USDT:USDT,0.57959,109.0,0.57929,109.0,0.58003,109.0,0.58008,1724.0
1753600134416,07:08:54.416,bitget,A/USDT:USDT,0.57929,109.0,0.5792,3873.0,0.58003,109.0,0.58008,1724.0
1753600134566,07:08:54.566,bitget,A/USDT:USDT,0.57941,1776.0,0.57929,109.0,0.58003,109.0,0.58008,1724.0
1753600134716,07:08:54.716,bitget,A/USDT:USDT,0.57946,109.0,0.57941,1776.0,0.58003,109.0,0.58008,1724.0
1753600134867,07:08:54.867,bitget,A/USDT:USDT,0.57946,109.0,0.57941,1776.0,0.58003,109.0,0.58008,1724.0
1753600135017,07:08:55.017,bitget,A/USDT:USDT,0.57946,109.0,0.57941,1776.0,0.58003,109.0,0.58008,1724.0
1753600135167,07:08:55.167,bitget,A/USDT:USDT,0.57946,109.0,0.57941,1776.0,0.58003,109.0,0.58008,1724.0
1753600135317,07:08:55.317,bitget,A/USDT:USDT,0.57946,109.0,0.57941,1776.0,0.58003,109.0,0.58008,1724.0
1753600135467,07:08:55.467,bitget,A/USDT:USDT,0.57946,109.0,0.57941,1776.0,0.58003,109.0,0.58008,1724.0
1753600135617,07:08:55.617,bitget,A/USDT:USDT,0.57946,109.0,0.57941,1776.0,0.58003,109.0,0.58008,1724.0
1753600135767,07:08:55.767,bitget,A/USDT:USDT,0.57946,109.0,0.57941,1776.0,0.58003,109.0,0.58008,1724.0
1753600135917,07:08:55.917,bitget,A/USDT:USDT,0.57946,109.0,0.57941,1776.0,0.58003,109.0,0.58008,1724.0
1753600136067,07:08:56.067,bitget,A/USDT:USDT,0.57946,163.0,0.57941,1776.0,0.58003,109.0,0.58008,1724.0
1753600136217,07:08:56.217,bitget,A/USDT:USDT,0.57951,109.0,0.57946,54.0,0.58003,109.0,0.58008,1724.0
1753600136518,07:08:56.518,bitget,A/USDT:USDT,0.57951,109.0,0.57946,54.0,0.58003,109.0,0.58008,1724.0
1753600136668,07:08:56.668,bitget,A/USDT:USDT,0.57951,109.0,0.57946,54.0,0.58003,109.0,0.58008,1724.0
1753600136818,07:08:56.818,bitget,A/USDT:USDT,0.57951,109.0,0.57946,54.0,0.58003,109.0,0.58008,1724.0
1753600136968,07:08:56.968,bitget,A/USDT:USDT,0.57951,109.0,0.57946,54.0,0.58003,109.0,0.58008,1724.0
1753600137118,07:08:57.118,bitget,A/USDT:USDT,0.57951,109.0,0.57946,54.0,0.58003,109.0,0.58008,1724.0
1753600137268,07:08:57.268,bitget,A/USDT:USDT,0.57951,109.0,0.57946,54.0,0.58003,109.0,0.58008,1724.0
1753600137568,07:08:57.568,bitget,A/USDT:USDT,0.57951,109.0,0.57946,54.0,0.58003,109.0,0.58008,1724.0
1753600137718,07:08:57.718,bitget,A/USDT:USDT,0.57951,109.0,0.57946,54.0,0.58003,109.0,0.58008,1724.0
1753600137868,07:08:57.868,bitget,A/USDT:USDT,0.57951,109.0,0.57946,54.0,0.58003,109.0,0.58008,1724.0
1753600138019,07:08:58.019,bitget,A/USDT:USDT,0.57951,109.0,0.57946,54.0,0.58003,109.0,0.58008,1724.0
1753600138169,07:08:58.169,bitget,A/USDT:USDT,0.57951,109.0,0.57946,54.0,0.58003,109.0,0.58008,1724.0
1753600138319,07:08:58.319,bitget,A/USDT:USDT,0.57951,109.0,0.57946,54.0,0.58003,109.0,0.58008,1724.0
1753600138469,07:08:58.469,bitget,A/USDT:USDT,0.57951,109.0,0.57946,54.0,0.58003,109.0,0.58008,1724.0
1753600138619,07:08:58.619,bitget,A/USDT:USDT,0.57951,109.0,0.57946,54.0,0.58003,109.0,0.58008,1724.0
1753600138769,07:08:58.769,bitget,A/USDT:USDT,0.57951,109.0,0.57946,54.0,0.58003,109.0,0.58009,109.0
1753600138919,07:08:58.919,bitget,A/USDT:USDT,0.57951,109.0,0.57946,54.0,0.58009,109.0,0.58013,121.0
1753600139520,07:08:59.520,bitget,A/USDT:USDT,0.57951,109.0,0.57946,54.0,0.58004,108.0,0.58009,1724.0
1753600139670,07:08:59.670,bitget,A/USDT:USDT,0.57951,109.0,0.57946,54.0,0.58004,108.0,0.58009,1724.0
1753600139820,07:08:59.820,bitget,A/USDT:USDT,0.57951,109.0,0.57946,54.0,0.58004,108.0,0.58009,1724.0
1753600139970,07:08:59.970,bitget,A/USDT:USDT,0.57951,109.0,0.57946,54.0,0.58004,108.0,0.58009,1724.0
1753600140120,07:09:00.120,bitget,A/USDT:USDT,0.57951,109.0,0.57946,54.0,0.58004,108.0,0.58009,1724.0
1753600140270,07:09:00.270,bitget,A/USDT:USDT,0.57951,109.0,0.57946,54.0,0.58004,108.0,0.58009,1724.0
1753600140420,07:09:00.420,bitget,A/USDT:USDT,0.57951,109.0,0.57946,54.0,0.58004,108.0,0.58009,1724.0
1753600140570,07:09:00.570,bitget,A/USDT:USDT,0.57951,109.0,0.57946,54.0,0.58004,108.0,0.58009,1724.0
1753600140720,07:09:00.720,bitget,A/USDT:USDT,0.57951,109.0,0.57946,54.0,0.58004,108.0,0.58009,1724.0
1753600140870,07:09:00.870,bitget,A/USDT:USDT,0.57951,109.0,0.57946,54.0,0.58004,108.0,0.58009,1724.0
1753600141021,07:09:01.021,bitget,A/USDT:USDT,0.57951,109.0,0.57946,54.0,0.58004,108.0,0.58009,1724.0
1753600141171,07:09:01.171,bitget,A/USDT:USDT,0.57951,109.0,0.57946,54.0,0.58004,108.0,0.58009,1724.0
1753600141321,07:09:01.321,bitget,A/USDT:USDT,0.57951,109.0,0.57946,54.0,0.58004,108.0,0.58009,1724.0
1753600141471,07:09:01.471,bitget,A/USDT:USDT,0.57951,109.0,0.57946,54.0,0.58004,108.0,0.58009,1724.0
1753600141621,07:09:01.621,bitget,A/USDT:USDT,0.57951,109.0,0.57946,54.0,0.58004,108.0,0.58009,1724.0
1753600141771,07:09:01.771,bitget,A/USDT:USDT,0.57951,109.0,0.57946,54.0,0.58004,108.0,0.58009,1724.0
1753600142221,07:09:02.221,bitget,A/USDT:USDT,0.57951,109.0,0.57946,54.0,0.58004,108.0,0.58009,1724.0
1753600142371,07:09:02.371,bitget,A/USDT:USDT,0.57951,109.0,0.57946,54.0,0.58004,108.0,0.58009,1724.0
1753600142521,07:09:02.521,bitget,A/USDT:USDT,0.57951,109.0,0.57946,54.0,0.58004,108.0,0.58009,1724.0
1753600142672,07:09:02.672,bitget,A/USDT:USDT,0.57951,109.0,0.57946,54.0,0.58004,108.0,0.58009,1724.0
1753600142822,07:09:02.822,bitget,A/USDT:USDT,0.57951,109.0,0.57946,54.0,0.58004,108.0,0.58009,1724.0
1753600142972,07:09:02.972,bitget,A/USDT:USDT,0.57951,109.0,0.57946,54.0,0.58004,108.0,0.58009,1724.0
1753600143272,07:09:03.272,bitget,A/USDT:USDT,0.57951,109.0,0.57946,54.0,0.58004,108.0,0.58009,1724.0
1753600143422,07:09:03.422,bitget,A/USDT:USDT,0.57951,109.0,0.57946,54.0,0.58004,108.0,0.58009,1724.0
1753600143572,07:09:03.572,bitget,A/USDT:USDT,0.57951,109.0,0.57946,54.0,0.58004,108.0,0.58009,1724.0
1753600143722,07:09:03.722,bitget,A/USDT:USDT,0.57951,109.0,0.57946,54.0,0.58004,108.0,0.58009,1724.0
1753600143872,07:09:03.872,bitget,A/USDT:USDT,0.57951,109.0,0.57946,54.0,0.58004,108.0,0.58009,1724.0
1753600144022,07:09:04.022,bitget,A/USDT:USDT,0.57951,109.0,0.57946,54.0,0.58004,108.0,0.58009,1724.0
1753600144173,07:09:04.173,bitget,A/USDT:USDT,0.57951,109.0,0.57946,54.0,0.58004,108.0,0.58009,1724.0
1753600144323,07:09:04.323,bitget,A/USDT:USDT,0.57951,109.0,0.57946,54.0,0.58004,108.0,0.58009,1724.0
1753600144473,07:09:04.473,bitget,A/USDT:USDT,0.57951,109.0,0.57946,54.0,0.58004,108.0,0.58009,1724.0
1753600144623,07:09:04.623,bitget,A/USDT:USDT,0.57951,109.0,0.57946,54.0,0.58004,108.0,0.58009,1724.0
1753600144773,07:09:04.773,bitget,A/USDT:USDT,0.57951,109.0,0.57946,54.0,0.58004,108.0,0.58009,1724.0
1753600144923,07:09:04.923,bitget,A/USDT:USDT,0.57951,109.0,0.57946,54.0,0.58004,108.0,0.58009,1724.0
1753600145073,07:09:05.073,bitget,A/USDT:USDT,0.57951,109.0,0.57946,54.0,0.58004,108.0,0.58009,1724.0
1753600145373,07:09:05.373,bitget,A/USDT:USDT,0.57951,109.0,0.57946,54.0,0.58004,108.0,0.58009,1724.0
1753600145523,07:09:05.523,bitget,A/USDT:USDT,0.57951,109.0,0.57946,54.0,0.58004,108.0,0.58009,1724.0
1753600145673,07:09:05.673,bitget,A/USDT:USDT,0.57951,109.0,0.57946,54.0,0.58004,108.0,0.58009,1724.0
1753600145824,07:09:05.824,bitget,A/USDT:USDT,0.57951,109.0,0.57946,54.0,0.58004,108.0,0.58009,1724.0
1753600145974,07:09:05.974,bitget,A/USDT:USDT,0.57951,109.0,0.57946,54.0,0.58004,108.0,0.58009,1724.0
1753600146274,07:09:06.274,bitget,A/USDT:USDT,0.57951,109.0,0.57946,54.0,0.58004,108.0,0.58009,1724.0
1753600146424,07:09:06.424,bitget,A/USDT:USDT,0.57951,109.0,0.57946,54.0,0.58004,108.0,0.58009,1724.0
1753600146574,07:09:06.574,bitget,A/USDT:USDT,0.57951,109.0,0.57941,1776.0,0.58004,108.0,0.5801,31151.0
1753600146724,07:09:06.724,bitget,A/USDT:USDT,0.57951,109.0,0.57941,1776.0,0.58004,108.0,0.5801,31151.0
1753600146874,07:09:06.874,bitget,A/USDT:USDT,0.57951,109.0,0.57941,1776.0,0.58004,108.0,0.5801,31151.0
1753600147024,07:09:07.024,bitget,A/USDT:USDT,0.57951,109.0,0.57941,1776.0,0.58004,108.0,0.5801,31151.0
1753600147174,07:09:07.174,bitget,A/USDT:USDT,0.57951,109.0,0.57941,1776.0,0.58004,108.0,0.5801,31151.0
1753600147324,07:09:07.324,bitget,A/USDT:USDT,0.57951,109.0,0.57941,1776.0,0.58004,108.0,0.5801,31151.0
1753600147475,07:09:07.475,bitget,A/USDT:USDT,0.57951,109.0,0.57941,1776.0,0.58004,108.0,0.5801,31151.0
1753600147625,07:09:07.625,bitget,A/USDT:USDT,0.57951,109.0,0.57941,1776.0,0.58004,108.0,0.5801,31151.0
1753600147775,07:09:07.775,bitget,A/USDT:USDT,0.57951,109.0,0.57941,1776.0,0.58004,108.0,0.5801,31151.0
1753600147925,07:09:07.925,bitget,A/USDT:USDT,0.57951,109.0,0.57941,1776.0,0.58004,108.0,0.5801,31151.0
1753600148225,07:09:08.225,bitget,A/USDT:USDT,0.57951,109.0,0.57941,1776.0,0.58004,108.0,0.5801,31151.0
1753600148375,07:09:08.375,bitget,A/USDT:USDT,0.57951,109.0,0.57941,1776.0,0.58004,108.0,0.5801,31151.0
1753600148525,07:09:08.525,bitget,A/USDT:USDT,0.57951,109.0,0.57941,1776.0,0.58004,108.0,0.5801,31151.0
1753600148675,07:09:08.675,bitget,A/USDT:USDT,0.57951,109.0,0.57941,1776.0,0.58004,108.0,0.5801,31151.0
1753600148825,07:09:08.825,bitget,A/USDT:USDT,0.57951,109.0,0.57941,1776.0,0.58004,108.0,0.5801,31151.0
1753600149126,07:09:09.126,bitget,A/USDT:USDT,0.57951,109.0,0.57941,1776.0,0.58004,108.0,0.5801,31151.0
1753600149276,07:09:09.276,bitget,A/USDT:USDT,0.57951,109.0,0.57941,1776.0,0.58004,108.0,0.5801,31151.0
1753600149426,07:09:09.426,bitget,A/USDT:USDT,0.57951,109.0,0.57944,121.0,0.58004,1832.0,0.5801,31151.0
1753600149576,07:09:09.576,bitget,A/USDT:USDT,0.57951,109.0,0.57944,121.0,0.57999,111.0,0.58004,1724.0
1753600149726,07:09:09.726,bitget,A/USDT:USDT,0.57951,109.0,0.57944,121.0,0.57999,111.0,0.58004,1724.0
1753600149876,07:09:09.876,bitget,A/USDT:USDT,0.57951,109.0,0.57944,121.0,0.57999,111.0,0.58004,1724.0
1753600150026,07:09:10.026,bitget,A/USDT:USDT,0.57951,109.0,0.57944,121.0,0.57999,111.0,0.58004,1724.0
1753600150176,07:09:10.176,bitget,A/USDT:USDT,0.57951,109.0,0.57944,121.0,0.57999,111.0,0.58004,1724.0
1753600150326,07:09:10.326,bitget,A/USDT:USDT,0.57951,109.0,0.57944,121.0,0.57999,111.0,0.58004,1724.0
1753600150476,07:09:10.476,bitget,A/USDT:USDT,0.57951,109.0,0.57944,121.0,0.57999,111.0,0.58004,1724.0
1753600150627,07:09:10.627,bitget,A/USDT:USDT,0.57951,109.0,0.57944,121.0,0.57999,111.0,0.5801,31151.0
1753600150777,07:09:10.777,bitget,A/USDT:USDT,0.57951,109.0,0.57944,121.0,0.57999,111.0,0.5801,31151.0
1753600150927,07:09:10.927,bitget,A/USDT:USDT,0.57951,109.0,0.57944,121.0,0.57999,667.0,0.5801,31151.0
1753600151077,07:09:11.077,bitget,A/USDT:USDT,0.57951,109.0,0.57944,121.0,0.57994,111.0,0.57999,556.0
1753600151227,07:09:11.227,bitget,A/USDT:USDT,0.57951,109.0,0.57944,121.0,0.57994,111.0,0.57999,556.0
1753600151377,07:09:11.377,bitget,A/USDT:USDT,0.57951,109.0,0.57944,121.0,0.57994,111.0,0.57999,556.0
1753600151527,07:09:11.527,bitget,A/USDT:USDT,0.57951,109.0,0.57944,121.0,0.57994,111.0,0.57999,556.0
1753600151677,07:09:11.677,bitget,A/USDT:USDT,0.57951,109.0,0.57944,121.0,0.57994,111.0,0.57999,556.0
1753600151827,07:09:11.827,bitget,A/USDT:USDT,0.57951,109.0,0.57944,121.0,0.57994,111.0,0.57999,556.0
1753600151977,07:09:11.977,bitget,A/USDT:USDT,0.57951,109.0,0.57944,121.0,0.57994,111.0,0.57999,556.0
1753600152302,07:09:12.302,bitget,A/USDT:USDT,0.57951,109.0,0.57944,121.0,0.57994,111.0,0.57999,556.0
1753600152470,07:09:12.470,bitget,A/USDT:USDT,0.57951,109.0,0.57944,121.0,0.57994,111.0,0.57999,556.0
1753600152687,07:09:12.687,bitget,A/USDT:USDT,0.57951,109.0,0.57944,121.0,0.57994,111.0,0.57999,556.0
1753600153028,07:09:13.028,bitget,A/USDT:USDT,0.57951,109.0,0.57944,121.0,0.57994,111.0,0.57999,556.0
1753600153178,07:09:13.178,bitget,A/USDT:USDT,0.57951,109.0,0.57944,121.0,0.57994,111.0,0.57999,556.0
1753600153328,07:09:13.328,bitget,A/USDT:USDT,0.57951,109.0,0.57944,121.0,0.57994,111.0,0.57999,556.0
1753600153478,07:09:13.478,bitget,A/USDT:USDT,0.57951,109.0,0.57944,121.0,0.57994,111.0,0.57999,556.0
1753600153628,07:09:13.628,bitget,A/USDT:USDT,0.57951,109.0,0.57944,121.0,0.57994,111.0,0.57999,556.0
1753600153929,07:09:13.929,bitget,A/USDT:USDT,0.57951,109.0,0.57944,121.0,0.57994,111.0,0.57999,556.0
1753600154079,07:09:14.079,bitget,A/USDT:USDT,0.57951,109.0,0.57944,121.0,0.57994,111.0,0.57999,556.0
1753600154229,07:09:14.229,bitget,A/USDT:USDT,0.57951,109.0,0.57944,121.0,0.57994,111.0,0.57999,556.0
1753600154379,07:09:14.379,bitget,A/USDT:USDT,0.57944,121.0,0.57917,109.0,0.57994,197.0,0.58,111.0
1753600154679,07:09:14.679,bitget,A/USDT:USDT,0.57945,111.0,0.57944,121.0,0.57989,111.0,0.58,111.0
1753600154829,07:09:14.829,bitget,A/USDT:USDT,0.57945,111.0,0.57944,121.0,0.57989,708.0,0.58,111.0
1753600154979,07:09:14.979,bitget,A/USDT:USDT,0.57945,111.0,0.57944,121.0,0.57984,111.0,0.58,111.0
1753600155129,07:09:15.129,bitget,A/USDT:USDT,0.57945,111.0,0.5794,32.0,0.57983,9061.0,0.57984,121.0
1753600155279,07:09:15.279,bitget,A/USDT:USDT,0.5794,32.0,0.57917,109.0,0.57978,111.0,0.57983,9061.0
1753600155430,07:09:15.430,bitget,A/USDT:USDT,0.5794,32.0,0.57917,109.0,0.57978,389.0,0.57983,9061.0
1753600155580,07:09:15.580,bitget,A/USDT:USDT,0.5794,32.0,0.57917,109.0,0.57973,111.0,0.57978,278.0
1753600155730,07:09:15.730,bitget,A/USDT:USDT,0.5794,32.0,0.57917,109.0,0.57973,111.0,0.57978,278.0
1753600156330,07:09:16.330,bitget,A/USDT:USDT,0.5794,32.0,0.57917,109.0,0.57973,111.0,0.57978,278.0
1753600156480,07:09:16.480,bitget,A/USDT:USDT,0.5794,32.0,0.57917,109.0,0.57973,111.0,0.57978,278.0
1753600156780,07:09:16.780,bitget,A/USDT:USDT,0.5794,32.0,0.57917,109.0,0.57973,111.0,0.57978,278.0
1753600156930,07:09:16.930,bitget,A/USDT:USDT,0.5794,32.0,0.57911,109.0,0.57973,111.0,0.57978,278.0
1753600157231,07:09:17.231,bitget,A/USDT:USDT,0.5794,32.0,0.57911,109.0,0.57973,111.0,0.57978,278.0
1753600157381,07:09:17.381,bitget,A/USDT:USDT,0.5794,32.0,0.57911,109.0,0.57968,111.0,0.57973,278.0
1753600157531,07:09:17.531,bitget,A/USDT:USDT,0.5794,32.0,0.57911,109.0,0.57968,111.0,0.57973,278.0
1753600157681,07:09:17.681,bitget,A/USDT:USDT,0.5794,32.0,0.57911,109.0,0.57968,651.0,0.57973,278.0
1753600158131,07:09:18.131,bitget,A/USDT:USDT,0.5794,32.0,0.57911,109.0,0.57963,109.0,0.57968,540.0
1753600158431,07:09:18.431,bitget,A/USDT:USDT,0.5794,32.0,0.57911,109.0,0.57963,109.0,0.57968,540.0
1753600158581,07:09:18.581,bitget,A/USDT:USDT,0.5794,32.0,0.57911,109.0,0.57963,109.0,0.57968,540.0
1753600158731,07:09:18.731,bitget,A/USDT:USDT,0.5794,32.0,0.57918,121.0,0.57963,109.0,0.5798,111.0
1753600158882,07:09:18.882,bitget,A/USDT:USDT,0.5794,32.0,0.57918,121.0,0.5798,111.0,0.57982,1776.0
1753600159032,07:09:19.032,bitget,A/USDT:USDT,0.5794,32.0,0.57918,121.0,0.5798,111.0,0.57982,1776.0
1753600159482,07:09:19.482,bitget,A/USDT:USDT,0.57912,32.0,0.57905,109.0,0.5798,667.0,0.57982,1776.0
1753600159632,07:09:19.632,bitget,A/USDT:USDT,0.57917,109.0,0.57912,32.0,0.57975,109.0,0.5798,556.0
1753600159782,07:09:19.782,bitget,A/USDT:USDT,0.57918,32.0,0.57917,737.0,0.57975,109.0,0.5798,556.0
1753600159932,07:09:19.932,bitget,A/USDT:USDT,0.57923,109.0,0.57918,32.0,0.57975,109.0,0.5798,556.0
1753600160232,07:09:20.232,bitget,A/USDT:USDT,0.57928,32.0,0.57927,109.0,0.57975,109.0,0.5798,556.0
1753600160383,07:09:20.383,bitget,A/USDT:USDT,0.57929,109.0,0.57928,32.0,0.57975,109.0,0.5798,556.0
1753600160533,07:09:20.533,bitget,A/USDT:USDT,0.5793,32.0,0.57929,109.0,0.57975,109.0,0.5798,556.0
1753600160683,07:09:20.683,bitget,A/USDT:USDT,0.57931,109.0,0.5793,32.0,0.57975,109.0,0.5798,556.0
1753600160983,07:09:20.983,bitget,A/USDT:USDT,0.57933,109.0,0.57917,109.0,0.57975,109.0,0.5798,556.0
1753600161133,07:09:21.133,bitget,A/USDT:USDT,0.57934,32.0,0.57917,109.0,0.57975,109.0,0.5798,556.0
1753600161433,07:09:21.433,bitget,A/USDT:USDT,0.57934,32.0,0.57917,109.0,0.57975,109.0,0.5798,556.0
1753600161583,07:09:21.583,bitget,A/USDT:USDT,0.57917,109.0,0.57916,121.0,0.57975,109.0,0.5798,556.0
1753600161883,07:09:21.883,bitget,A/USDT:USDT,0.57917,109.0,0.57916,121.0,0.57975,109.0,0.5798,556.0
1753600162034,07:09:22.034,bitget,A/USDT:USDT,0.57917,109.0,0.57916,121.0,0.57975,109.0,0.5798,556.0
1753600162184,07:09:22.184,bitget,A/USDT:USDT,0.57917,109.0,0.57916,121.0,0.57975,109.0,0.5798,556.0
1753600162334,07:09:22.334,bitget,A/USDT:USDT,0.57917,109.0,0.57916,121.0,0.57975,109.0,0.5798,556.0
1753600162634,07:09:22.634,bitget,A/USDT:USDT,0.57905,109.0,0.57904,1776.0,0.57975,109.0,0.5798,556.0
1753600162784,07:09:22.784,bitget,A/USDT:USDT,0.57905,109.0,0.57904,1776.0,0.57975,109.0,0.5798,556.0
1753600163234,07:09:23.234,bitget,A/USDT:USDT,0.57905,109.0,0.57904,1776.0,0.57974,9063.0,0.57975,109.0
1753600163384,07:09:23.384,bitget,A/USDT:USDT,0.57905,109.0,0.57904,1776.0,0.57969,109.0,0.57974,9063.0
1753600163535,07:09:23.535,bitget,A/USDT:USDT,0.57905,109.0,0.57904,1776.0,0.57969,109.0,0.57974,9063.0
1753600163685,07:09:23.685,bitget,A/USDT:USDT,0.57905,109.0,0.57904,1776.0,0.57969,109.0,0.57974,9063.0
1753600163985,07:09:23.985,bitget,A/USDT:USDT,0.57905,109.0,0.57904,1776.0,0.57969,109.0,0.57974,9063.0
1753600164285,07:09:24.285,bitget,A/USDT:USDT,0.57905,109.0,0.57904,1776.0,0.57969,109.0,0.57974,9063.0
1753600164435,07:09:24.435,bitget,A/USDT:USDT,0.57905,109.0,0.57904,1776.0,0.57969,109.0,0.57974,9063.0
1753600164585,07:09:24.585,bitget,A/USDT:USDT,0.57905,109.0,0.57904,1776.0,0.57969,109.0,0.57974,9063.0
1753600164736,07:09:24.736,bitget,A/USDT:USDT,0.57905,109.0,0.57904,1776.0,0.57969,109.0,0.57974,9063.0
1753600164886,07:09:24.886,bitget,A/USDT:USDT,0.57905,109.0,0.57904,1776.0,0.57969,109.0,0.57974,9063.0
1753600165036,07:09:25.036,bitget,A/USDT:USDT,0.57905,109.0,0.57904,1776.0,0.57969,219.0,0.57974,9063.0
1753600165186,07:09:25.186,bitget,A/USDT:USDT,0.57905,109.0,0.57904,1776.0,0.57943,12.0,0.57964,109.0
1753600165336,07:09:25.336,bitget,A/USDT:USDT,0.57905,109.0,0.57904,1776.0,0.57943,12.0,0.57964,109.0
1753600165486,07:09:25.486,bitget,A/USDT:USDT,0.57905,109.0,0.57904,1776.0,0.57941,109.0,0.57943,12.0
1753600165636,07:09:25.636,bitget,A/USDT:USDT,0.57905,109.0,0.57904,1776.0,0.57941,109.0,0.57943,12.0
1753600166087,07:09:26.087,bitget,A/USDT:USDT,0.57905,109.0,0.57904,1776.0,0.57941,109.0,0.57943,12.0
1753600166237,07:09:26.237,bitget,A/USDT:USDT,0.57905,109.0,0.57904,1776.0,0.57941,109.0,0.57943,12.0
1753600166387,07:09:26.387,bitget,A/USDT:USDT,0.57905,109.0,0.57904,1776.0,0.57941,109.0,0.57943,12.0
1753600166537,07:09:26.537,bitget,A/USDT:USDT,0.57905,365.0,0.57904,1776.0,0.57941,109.0,0.57943,12.0
1753600166687,07:09:26.687,bitget,A/USDT:USDT,0.5791,109.0,0.57905,1024.0,0.57941,109.0,0.57943,12.0
1753600166987,07:09:26.987,bitget,A/USDT:USDT,0.5791,109.0,0.57905,1024.0,0.57941,109.0,0.57943,12.0
1753600167437,07:09:27.437,bitget,A/USDT:USDT,0.5791,109.0,0.57905,1024.0,0.57941,109.0,0.57943,12.0
1753600167587,07:09:27.587,bitget,A/USDT:USDT,0.5791,109.0,0.57905,1024.0,0.57941,109.0,0.57943,12.0
1753600167738,07:09:27.738,bitget,A/USDT:USDT,0.5791,109.0,0.57905,1024.0,0.57941,109.0,0.57943,12.0
1753600168038,07:09:28.038,bitget,A/USDT:USDT,0.5791,109.0,0.57905,1024.0,0.57941,109.0,0.57943,12.0
1753600168338,07:09:28.338,bitget,A/USDT:USDT,0.5791,109.0,0.57905,1024.0,0.57941,109.0,0.57943,12.0
1753600168488,07:09:28.488,bitget,A/USDT:USDT,0.5791,109.0,0.57905,1024.0,0.57941,109.0,0.57943,12.0
1753600168638,07:09:28.638,bitget,A/USDT:USDT,0.5791,109.0,0.57905,1024.0,0.57941,109.0,0.57943,12.0
1753600168788,07:09:28.788,bitget,A/USDT:USDT,0.5791,109.0,0.57905,1024.0,0.57941,109.0,0.57943,12.0
1753600168938,07:09:28.938,bitget,A/USDT:USDT,0.5791,109.0,0.57905,1024.0,0.57941,109.0,0.57943,12.0
1753600169088,07:09:29.088,bitget,A/USDT:USDT,0.5791,109.0,0.57905,1024.0,0.57941,109.0,0.57943,12.0
1753600169389,07:09:29.389,bitget,A/USDT:USDT,0.5791,109.0,0.57905,1024.0,0.57941,109.0,0.57943,12.0
1753600169539,07:09:29.539,bitget,A/USDT:USDT,0.5791,109.0,0.57905,1024.0,0.57941,109.0,0.57943,12.0
1753600169839,07:09:29.839,bitget,A/USDT:USDT,0.5791,109.0,0.57905,1024.0,0.57941,109.0,0.57943,12.0
1753600169989,07:09:29.989,bitget,A/USDT:USDT,0.5791,109.0,0.57905,1024.0,0.57943,12.0,0.57964,109.0
1753600170139,07:09:30.139,bitget,A/USDT:USDT,0.5791,109.0,0.57905,1024.0,0.57943,12.0,0.57964,109.0
1753600170439,07:09:30.439,bitget,A/USDT:USDT,0.5791,109.0,0.57905,1024.0,0.57943,12.0,0.57964,109.0
1753600170589,07:09:30.589,bitget,A/USDT:USDT,0.5791,109.0,0.57905,1024.0,0.57943,12.0,0.57964,109.0
1753600171040,07:09:31.040,bitget,A/USDT:USDT,0.5791,109.0,0.57905,768.0,0.57943,12.0,0.57964,109.0
1753600171340,07:09:31.340,bitget,A/USDT:USDT,0.5791,283.0,0.57904,1776.0,0.57943,12.0,0.57964,109.0
1753600171940,07:09:31.940,bitget,A/USDT:USDT,0.57915,110.0,0.5791,696.0,0.57943,12.0,0.57964,109.0
1753600172090,07:09:32.090,bitget,A/USDT:USDT,0.57915,110.0,0.5791,696.0,0.57943,12.0,0.57964,109.0
1753600172540,07:09:32.540,bitget,A/USDT:USDT,0.57915,110.0,0.5791,348.0,0.57943,12.0,0.57964,109.0
1753600172691,07:09:32.691,bitget,A/USDT:USDT,0.57915,110.0,0.5791,348.0,0.57943,12.0,0.57964,109.0
1753600172841,07:09:32.841,bitget,A/USDT:USDT,0.57915,110.0,0.5791,348.0,0.57943,12.0,0.57964,109.0
1753600173141,07:09:33.141,bitget,A/USDT:USDT,0.57915,110.0,0.5791,348.0,0.57943,12.0,0.57964,109.0
1753600173591,07:09:33.591,bitget,A/USDT:USDT,0.57915,110.0,0.5791,348.0,0.57943,12.0,0.57964,109.0
1753600173741,07:09:33.741,bitget,A/USDT:USDT,0.57915,110.0,0.5791,348.0,0.57943,12.0,0.57964,109.0
1753600173891,07:09:33.891,bitget,A/USDT:USDT,0.57915,110.0,0.5791,348.0,0.57943,12.0,0.57964,109.0
1753600174041,07:09:34.041,bitget,A/USDT:USDT,0.57915,110.0,0.5791,348.0,0.57943,12.0,0.57964,109.0
1753600174191,07:09:34.191,bitget,A/USDT:USDT,0.57915,110.0,0.5791,348.0,0.57943,12.0,0.57964,109.0
1753600174342,07:09:34.342,bitget,A/USDT:USDT,0.57915,110.0,0.5791,348.0,0.57943,12.0,0.57964,109.0
1753600174492,07:09:34.492,bitget,A/USDT:USDT,0.57915,110.0,0.5791,348.0,0.57943,12.0,0.57964,109.0
1753600174792,07:09:34.792,bitget,A/USDT:USDT,0.57915,110.0,0.5791,348.0,0.57943,12.0,0.57964,109.0
1753600175092,07:09:35.092,bitget,A/USDT:USDT,0.57915,110.0,0.5791,348.0,0.57943,12.0,0.57964,109.0
1753600175242,07:09:35.242,bitget,A/USDT:USDT,0.57915,110.0,0.57909,110.0,0.57943,12.0,0.57975,109.0
1753600175392,07:09:35.392,bitget,A/USDT:USDT,0.57915,348.0,0.57909,110.0,0.57943,12.0,0.57975,109.0
1753600175692,07:09:35.692,bitget,A/USDT:USDT,0.5792,110.0,0.57915,348.0,0.57943,12.0,0.57975,109.0
1753600175842,07:09:35.842,bitget,A/USDT:USDT,0.5792,110.0,0.57915,348.0,0.57943,12.0,0.57975,109.0
