timestamp,time,exchange,symbol,bid1_price,bid1_volume,bid2_price,bid2_volume,ask1_price,ask1_volume,ask2_price,ask2_volume
1753599985020,07:06:25.020,bybit,AERO/USDT:USDT,0.8996,327.0,0.8995,1336.0,0.8997,29.0,0.8998,550.0
1753599985118,07:06:25.118,bybit,AERO/USDT:USDT,0.8996,327.0,0.8995,1599.0,0.8997,29.0,0.8998,550.0
1753599985218,07:06:25.218,bybit,AERO/USDT:USDT,0.8996,327.0,0.8995,1599.0,0.8997,29.0,0.8998,550.0
1753599985419,07:06:25.419,bybit,AERO/USDT:USDT,0.8996,327.0,0.8995,1599.0,0.8997,29.0,0.8998,550.0
1753599985618,07:06:25.618,bybit,AERO/USDT:USDT,0.8996,327.0,0.8995,1599.0,0.8997,29.0,0.8998,550.0
1753599985719,07:06:25.719,bybit,AERO/USDT:USDT,0.8996,327.0,0.8995,1599.0,0.8997,29.0,0.8998,550.0
1753599986218,07:06:26.218,bybit,AERO/USDT:USDT,0.8996,327.0,0.8995,1599.0,0.8997,29.0,0.8998,550.0
1753599986520,07:06:26.520,bybit,AERO/USDT:USDT,0.8996,327.0,0.8995,1599.0,0.8997,29.0,0.8998,550.0
1753599986619,07:06:26.619,bybit,AERO/USDT:USDT,0.8996,327.0,0.8995,1599.0,0.8997,29.0,0.8998,550.0
1753599987319,07:06:27.319,bybit,AERO/USDT:USDT,0.8997,627.0,0.8996,1215.0,0.8998,7.0,0.8999,575.0
1753599987419,07:06:27.419,bybit,AERO/USDT:USDT,0.8997,627.0,0.8996,1215.0,0.8998,7.0,0.8999,575.0
1753599987517,07:06:27.517,bybit,AERO/USDT:USDT,0.8997,698.0,0.8996,1215.0,0.8998,7.0,0.8999,575.0
1753599988317,07:06:28.317,bybit,AERO/USDT:USDT,0.8997,698.0,0.8996,1215.0,0.8998,7.0,0.8999,575.0
1753599988419,07:06:28.419,bybit,AERO/USDT:USDT,0.8997,698.0,0.8996,1215.0,0.8998,7.0,0.8999,32.0
1753599988517,07:06:28.517,bybit,AERO/USDT:USDT,0.8997,698.0,0.8996,1215.0,0.8998,7.0,0.8999,32.0
1753599989417,07:06:29.417,bybit,AERO/USDT:USDT,0.8997,698.0,0.8996,1215.0,0.8998,7.0,0.8999,32.0
1753599990317,07:06:30.317,bybit,AERO/USDT:USDT,0.8997,698.0,0.8996,1215.0,0.8998,7.0,0.8999,32.0
1753599990417,07:06:30.417,bybit,AERO/USDT:USDT,0.8997,762.0,0.8996,1215.0,0.8998,7.0,0.8999,32.0
1753599991417,07:06:31.417,bybit,AERO/USDT:USDT,0.8997,762.0,0.8996,1215.0,0.8998,7.0,0.8999,32.0
1753599991518,07:06:31.518,bybit,AERO/USDT:USDT,0.8997,691.0,0.8996,1215.0,0.8998,7.0,0.8999,32.0
1753599992017,07:06:32.017,bybit,AERO/USDT:USDT,0.8997,620.0,0.8996,1519.0,0.8998,7.0,0.8999,32.0
1753599992117,07:06:32.117,bybit,AERO/USDT:USDT,0.8997,762.0,0.8996,1519.0,0.8998,7.0,0.8999,32.0
1753599992417,07:06:32.417,bybit,AERO/USDT:USDT,0.8997,959.0,0.8996,1568.0,0.8998,7.0,0.8999,32.0
1753599992523,07:06:32.523,bybit,AERO/USDT:USDT,0.8997,959.0,0.8996,1568.0,0.8998,7.0,0.8999,32.0
1753599992618,07:06:32.618,bybit,AERO/USDT:USDT,0.8997,959.0,0.8996,1568.0,0.8998,7.0,0.8999,32.0
1753599993017,07:06:33.017,bybit,AERO/USDT:USDT,0.8997,959.0,0.8996,1568.0,0.8998,7.0,0.8999,32.0
1753599993119,07:06:33.119,bybit,AERO/USDT:USDT,0.8997,959.0,0.8996,1568.0,0.8998,7.0,0.8999,32.0
1753599993718,07:06:33.718,bybit,AERO/USDT:USDT,0.8997,959.0,0.8996,1568.0,0.8998,7.0,0.8999,32.0
1753599994018,07:06:34.018,bybit,AERO/USDT:USDT,0.8997,959.0,0.8996,1568.0,0.8998,7.0,0.8999,32.0
1753599994119,07:06:34.119,bybit,AERO/USDT:USDT,0.8997,959.0,0.8996,1568.0,0.8998,7.0,0.8999,32.0
1753599994319,07:06:34.319,bybit,AERO/USDT:USDT,0.8997,959.0,0.8996,1568.0,0.8998,7.0,0.8999,32.0
1753599994919,07:06:34.919,bybit,AERO/USDT:USDT,0.8997,959.0,0.8996,1568.0,0.8998,7.0,0.8999,32.0
1753599995517,07:06:35.517,bybit,AERO/USDT:USDT,0.8997,959.0,0.8996,1568.0,0.8998,7.0,0.8999,32.0
1753599995718,07:06:35.718,bybit,AERO/USDT:USDT,0.8997,959.0,0.8996,1568.0,0.8998,7.0,0.8999,32.0
1753599996919,07:06:36.919,bybit,AERO/USDT:USDT,0.8997,959.0,0.8996,1568.0,0.8998,7.0,0.8999,32.0
1753599997217,07:06:37.217,bybit,AERO/USDT:USDT,0.8997,959.0,0.8996,1568.0,0.8998,7.0,0.8999,32.0
1753599997317,07:06:37.317,bybit,AERO/USDT:USDT,0.8997,959.0,0.8996,1568.0,0.8998,7.0,0.8999,32.0
1753599997417,07:06:37.417,bybit,AERO/USDT:USDT,0.8997,959.0,0.8996,1568.0,0.8998,7.0,0.8999,32.0
1753599997818,07:06:37.818,bybit,AERO/USDT:USDT,0.8997,959.0,0.8996,1568.0,0.8998,7.0,0.8999,32.0
1753599997918,07:06:37.918,bybit,AERO/USDT:USDT,0.8997,959.0,0.8996,1568.0,0.8998,7.0,0.8999,32.0
1753599998718,07:06:38.718,bybit,AERO/USDT:USDT,0.8997,888.0,0.8996,1568.0,0.8998,7.0,0.8999,32.0
1753599998918,07:06:38.918,bybit,AERO/USDT:USDT,0.8997,959.0,0.8996,1568.0,0.8998,74.0,0.8999,32.0
1753599999419,07:06:39.419,bybit,AERO/USDT:USDT,0.8997,959.0,0.8996,1568.0,0.8998,74.0,0.8999,32.0
1753599999519,07:06:39.519,bybit,AERO/USDT:USDT,0.8997,959.0,0.8996,1568.0,0.8998,74.0,0.8999,32.0
1753599999619,07:06:39.619,bybit,AERO/USDT:USDT,0.8997,959.0,0.8996,1568.0,0.8998,74.0,0.8999,32.0
1753600000019,07:06:40.019,bybit,AERO/USDT:USDT,0.8997,959.0,0.8996,1568.0,0.8998,74.0,0.8999,32.0
1753600000219,07:06:40.219,bybit,AERO/USDT:USDT,0.8997,959.0,0.8996,1611.0,0.8998,74.0,0.8999,32.0
1753600000418,07:06:40.418,bybit,AERO/USDT:USDT,0.8998,953.0,0.8997,1312.0,0.8999,23.0,0.9,232.0
1753600000524,07:06:40.524,bybit,AERO/USDT:USDT,0.8998,953.0,0.8997,1312.0,0.8999,23.0,0.9,16.0
1753600000617,07:06:40.617,bybit,AERO/USDT:USDT,0.8998,953.0,0.8997,1312.0,0.8999,23.0,0.9,16.0
1753600000718,07:06:40.718,bybit,AERO/USDT:USDT,0.8998,882.0,0.8997,1312.0,0.8999,23.0,0.9,1127.0
1753600000819,07:06:40.819,bybit,AERO/USDT:USDT,0.8998,882.0,0.8997,1312.0,0.8999,23.0,0.9,1127.0
1753600000918,07:06:40.918,bybit,AERO/USDT:USDT,0.8998,953.0,0.8997,1312.0,0.8999,23.0,0.9,1127.0
1753600001017,07:06:41.017,bybit,AERO/USDT:USDT,0.8998,953.0,0.8997,1312.0,0.8999,23.0,0.9,1127.0
1753600001119,07:06:41.119,bybit,AERO/USDT:USDT,0.8998,833.0,0.8997,1263.0,0.8999,23.0,0.9,1127.0
1753600001218,07:06:41.218,bybit,AERO/USDT:USDT,0.8998,762.0,0.8997,1263.0,0.8999,23.0,0.9,1127.0
1753600001417,07:06:41.417,bybit,AERO/USDT:USDT,0.8998,833.0,0.8997,1263.0,0.8999,23.0,0.9,1127.0
1753600001620,07:06:41.620,bybit,AERO/USDT:USDT,0.8998,904.0,0.8997,1263.0,0.8999,23.0,0.9,1127.0
1753600001718,07:06:41.718,bybit,AERO/USDT:USDT,0.8998,904.0,0.8997,1263.0,0.8999,23.0,0.9,1127.0
1753600002019,07:06:42.019,bybit,AERO/USDT:USDT,0.8998,904.0,0.8997,1263.0,0.8999,23.0,0.9,1127.0
1753600002117,07:06:42.117,bybit,AERO/USDT:USDT,0.8998,904.0,0.8997,1263.0,0.8999,23.0,0.9,1127.0
1753600002217,07:06:42.217,bybit,AERO/USDT:USDT,0.8998,904.0,0.8997,1263.0,0.8999,23.0,0.9,1127.0
1753600002417,07:06:42.417,bybit,AERO/USDT:USDT,0.8998,833.0,0.8997,1263.0,0.8999,23.0,0.9,1127.0
1753600002619,07:06:42.619,bybit,AERO/USDT:USDT,0.8998,904.0,0.8997,1263.0,0.8999,23.0,0.9,1127.0
1753600003117,07:06:43.117,bybit,AERO/USDT:USDT,0.8998,904.0,0.8997,1263.0,0.8999,23.0,0.9,1127.0
1753600003818,07:06:43.818,bybit,AERO/USDT:USDT,0.8998,762.0,0.8997,1263.0,0.8999,23.0,0.9,1127.0
1753600004217,07:06:44.217,bybit,AERO/USDT:USDT,0.8998,762.0,0.8997,1263.0,0.8999,23.0,0.9,1127.0
1753600004719,07:06:44.719,bybit,AERO/USDT:USDT,0.8998,762.0,0.8997,1263.0,0.8999,23.0,0.9,1127.0
1753600004919,07:06:44.919,bybit,AERO/USDT:USDT,0.8998,904.0,0.8997,1263.0,0.8999,23.0,0.9,1127.0
1753600005119,07:06:45.119,bybit,AERO/USDT:USDT,0.8998,904.0,0.8997,1263.0,0.8999,23.0,0.9,1127.0
1753600005219,07:06:45.219,bybit,AERO/USDT:USDT,0.8998,904.0,0.8997,1263.0,0.8999,23.0,0.9,1127.0
1753600005318,07:06:45.318,bybit,AERO/USDT:USDT,0.8998,904.0,0.8997,1263.0,0.8999,23.0,0.9,1127.0
1753600005517,07:06:45.517,bybit,AERO/USDT:USDT,0.8998,762.0,0.8997,1263.0,0.8999,23.0,0.9,1127.0
1753600005618,07:06:45.618,bybit,AERO/USDT:USDT,0.8998,762.0,0.8997,1263.0,0.8999,23.0,0.9,1127.0
1753600005719,07:06:45.719,bybit,AERO/USDT:USDT,0.8998,762.0,0.8997,1263.0,0.8999,23.0,0.9,1127.0
1753600005917,07:06:45.917,bybit,AERO/USDT:USDT,0.8998,762.0,0.8997,1263.0,0.8999,23.0,0.9,1127.0
1753600006417,07:06:46.417,bybit,AERO/USDT:USDT,0.8998,762.0,0.8997,1263.0,0.8999,23.0,0.9,1127.0
1753600006718,07:06:46.718,bybit,AERO/USDT:USDT,0.8998,833.0,0.8997,1263.0,0.8999,23.0,0.9,1127.0
1753600006818,07:06:46.818,bybit,AERO/USDT:USDT,0.8998,762.0,0.8997,1263.0,0.8999,23.0,0.9,1127.0
1753600006918,07:06:46.918,bybit,AERO/USDT:USDT,0.8998,220.0,0.8997,924.0,0.8999,600.0,0.9,1221.0
1753600007019,07:06:47.019,bybit,AERO/USDT:USDT,0.8998,220.0,0.8997,924.0,0.8999,600.0,0.9,1221.0
1753600007119,07:06:47.119,bybit,AERO/USDT:USDT,0.8998,220.0,0.8997,368.0,0.8999,600.0,0.9,1292.0
1753600007217,07:06:47.217,bybit,AERO/USDT:USDT,0.8998,220.0,0.8997,368.0,0.8999,671.0,0.9,1470.0
1753600007319,07:06:47.319,bybit,AERO/USDT:USDT,0.8998,220.0,0.8997,368.0,0.8999,671.0,0.9,1470.0
1753600007417,07:06:47.417,bybit,AERO/USDT:USDT,0.8998,220.0,0.8997,368.0,0.8999,671.0,0.9,1470.0
1753600007517,07:06:47.517,bybit,AERO/USDT:USDT,0.8998,220.0,0.8997,462.0,0.8999,724.0,0.9,1470.0
1753600007718,07:06:47.718,bybit,AERO/USDT:USDT,0.8998,220.0,0.8997,462.0,0.8999,653.0,0.9,1470.0
1753600007918,07:06:47.918,bybit,AERO/USDT:USDT,0.8998,220.0,0.8997,1087.0,0.8999,76.0,0.9,1118.0
1753600008017,07:06:48.017,bybit,AERO/USDT:USDT,0.8998,220.0,0.8997,1016.0,0.8999,76.0,0.9,1212.0
1753600008119,07:06:48.119,bybit,AERO/USDT:USDT,0.8998,220.0,0.8997,1016.0,0.8999,99.0,0.9,1212.0
1753600008317,07:06:48.317,bybit,AERO/USDT:USDT,0.8998,220.0,0.8997,1016.0,0.8999,76.0,0.9,1221.0
1753600008719,07:06:48.719,bybit,AERO/USDT:USDT,0.8998,220.0,0.8997,1016.0,0.8999,76.0,0.9,1221.0
1753600008819,07:06:48.819,bybit,AERO/USDT:USDT,0.8998,220.0,0.8997,1016.0,0.8999,76.0,0.9,1221.0
1753600008917,07:06:48.917,bybit,AERO/USDT:USDT,0.8998,220.0,0.8997,1016.0,0.8999,76.0,0.9,1221.0
1753600009317,07:06:49.317,bybit,AERO/USDT:USDT,0.8998,220.0,0.8997,1016.0,0.8999,76.0,0.9,1221.0
1753600009419,07:06:49.419,bybit,AERO/USDT:USDT,0.8998,774.0,0.8997,1359.0,0.8999,76.0,0.9,1127.0
1753600009520,07:06:49.520,bybit,AERO/USDT:USDT,0.8998,774.0,0.8997,1359.0,0.8999,76.0,0.9,1127.0
1753600009617,07:06:49.617,bybit,AERO/USDT:USDT,0.8998,774.0,0.8997,1359.0,0.8999,76.0,0.9,1127.0
1753600009718,07:06:49.718,bybit,AERO/USDT:USDT,0.8998,774.0,0.8997,1359.0,0.8999,76.0,0.9,1127.0
1753600009818,07:06:49.818,bybit,AERO/USDT:USDT,0.8998,774.0,0.8997,1359.0,0.8999,76.0,0.9,1127.0
1753600009918,07:06:49.918,bybit,AERO/USDT:USDT,0.8998,774.0,0.8997,1359.0,0.8999,76.0,0.9,1127.0
1753600010019,07:06:50.019,bybit,AERO/USDT:USDT,0.8998,774.0,0.8997,1359.0,0.8999,76.0,0.9,1127.0
1753600010118,07:06:50.118,bybit,AERO/USDT:USDT,0.8998,774.0,0.8997,1217.0,0.8999,76.0,0.9,1127.0
1753600010619,07:06:50.619,bybit,AERO/USDT:USDT,0.8998,774.0,0.8997,1217.0,0.8999,76.0,0.9,1127.0
1753600010718,07:06:50.718,bybit,AERO/USDT:USDT,0.8998,774.0,0.8997,1217.0,0.8999,76.0,0.9,1127.0
1753600010818,07:06:50.818,bybit,AERO/USDT:USDT,0.8998,774.0,0.8997,1217.0,0.8999,76.0,0.9,1127.0
1753600010917,07:06:50.917,bybit,AERO/USDT:USDT,0.8998,774.0,0.8997,1359.0,0.8999,76.0,0.9,1127.0
1753600011019,07:06:51.019,bybit,AERO/USDT:USDT,0.8998,774.0,0.8997,1359.0,0.8999,76.0,0.9,1127.0
1753600011118,07:06:51.118,bybit,AERO/USDT:USDT,0.8998,774.0,0.8997,1217.0,0.8999,76.0,0.9,1127.0
1753600011218,07:06:51.218,bybit,AERO/USDT:USDT,0.8998,774.0,0.8997,1217.0,0.8999,76.0,0.9,1127.0
1753600011417,07:06:51.417,bybit,AERO/USDT:USDT,0.8998,774.0,0.8997,1359.0,0.8999,76.0,0.9,1127.0
1753600011517,07:06:51.517,bybit,AERO/USDT:USDT,0.8998,774.0,0.8997,1359.0,0.8999,76.0,0.9,1127.0
1753600011618,07:06:51.618,bybit,AERO/USDT:USDT,0.8998,774.0,0.8997,1359.0,0.8999,76.0,0.9,1127.0
1753600011717,07:06:51.717,bybit,AERO/USDT:USDT,0.8998,774.0,0.8997,1359.0,0.8999,76.0,0.9,1127.0
1753600012218,07:06:52.218,bybit,AERO/USDT:USDT,0.8998,774.0,0.8997,1265.0,0.8999,76.0,0.9,1127.0
1753600012534,07:06:52.534,bybit,AERO/USDT:USDT,0.8998,220.0,0.8997,1265.0,0.8999,76.0,0.9,1127.0
1753600012617,07:06:52.617,bybit,AERO/USDT:USDT,0.8998,362.0,0.8997,1265.0,0.8999,76.0,0.9,1127.0
1753600012817,07:06:52.817,bybit,AERO/USDT:USDT,0.8998,362.0,0.8997,1265.0,0.8999,76.0,0.9,1127.0
1753600012918,07:06:52.918,bybit,AERO/USDT:USDT,0.8998,220.0,0.8997,1194.0,0.8999,76.0,0.9,1127.0
1753600013017,07:06:53.017,bybit,AERO/USDT:USDT,0.8998,220.0,0.8997,1265.0,0.8999,76.0,0.9,1127.0
1753600013220,07:06:53.220,bybit,AERO/USDT:USDT,0.8998,291.0,0.8997,1265.0,0.8999,76.0,0.9,1127.0
1753600013317,07:06:53.317,bybit,AERO/USDT:USDT,0.8998,220.0,0.8997,1265.0,0.8999,76.0,0.9,1127.0
1753600013417,07:06:53.417,bybit,AERO/USDT:USDT,0.8998,220.0,0.8997,1265.0,0.8999,76.0,0.9,1127.0
1753600014020,07:06:54.020,bybit,AERO/USDT:USDT,0.8998,766.0,0.8997,1265.0,0.8999,76.0,0.9,1127.0
1753600014119,07:06:54.119,bybit,AERO/USDT:USDT,0.8998,766.0,0.8997,1265.0,0.8999,76.0,0.9,1127.0
1753600014317,07:06:54.317,bybit,AERO/USDT:USDT,0.8998,766.0,0.8997,1265.0,0.8999,76.0,0.9,1118.0
1753600015117,07:06:55.117,bybit,AERO/USDT:USDT,0.8998,766.0,0.8997,1265.0,0.8999,76.0,0.9,1118.0
1753600015219,07:06:55.219,bybit,AERO/USDT:USDT,0.8998,766.0,0.8997,1265.0,0.8999,76.0,0.9,1118.0
1753600015420,07:06:55.420,bybit,AERO/USDT:USDT,0.8997,359.0,0.8996,2444.0,0.8999,693.0,0.9,1221.0
1753600015518,07:06:55.518,bybit,AERO/USDT:USDT,0.8997,64.0,0.8996,1888.0,0.8998,546.0,0.8999,716.0
1753600015617,07:06:55.617,bybit,AERO/USDT:USDT,0.8997,64.0,0.8996,1888.0,0.8998,574.0,0.8999,663.0
1753600015718,07:06:55.718,bybit,AERO/USDT:USDT,0.8997,64.0,0.8996,1888.0,0.8998,574.0,0.8999,663.0
1753600015818,07:06:55.818,bybit,AERO/USDT:USDT,0.8997,64.0,0.8996,1888.0,0.8998,574.0,0.8999,663.0
1753600016018,07:06:56.018,bybit,AERO/USDT:USDT,0.8997,64.0,0.8996,1888.0,0.8998,574.0,0.8999,663.0
1753600016219,07:06:56.219,bybit,AERO/USDT:USDT,0.8997,64.0,0.8996,1102.0,0.8998,574.0,0.8999,663.0
1753600016319,07:06:56.319,bybit,AERO/USDT:USDT,0.8997,64.0,0.8996,1102.0,0.8998,574.0,0.8999,663.0
1753600017020,07:06:57.020,bybit,AERO/USDT:USDT,0.8997,64.0,0.8996,1102.0,0.8998,574.0,0.8999,663.0
1753600017117,07:06:57.117,bybit,AERO/USDT:USDT,0.8997,64.0,0.8996,821.0,0.8998,574.0,0.8999,640.0
1753600017517,07:06:57.517,bybit,AERO/USDT:USDT,0.8997,64.0,0.8996,821.0,0.8998,574.0,0.8999,640.0
1753600017619,07:06:57.619,bybit,AERO/USDT:USDT,0.8997,64.0,0.8996,821.0,0.8998,574.0,0.8999,640.0
1753600018817,07:06:58.817,bybit,AERO/USDT:USDT,0.8997,64.0,0.8996,821.0,0.8998,574.0,0.8999,640.0
1753600018919,07:06:58.919,bybit,AERO/USDT:USDT,0.8997,64.0,0.8996,821.0,0.8998,574.0,0.8999,640.0
1753600019419,07:06:59.419,bybit,AERO/USDT:USDT,0.8997,64.0,0.8996,821.0,0.8998,574.0,0.8999,640.0
1753600019619,07:06:59.619,bybit,AERO/USDT:USDT,0.8997,757.0,0.8996,1553.0,0.8998,28.0,0.8999,569.0
1753600019718,07:06:59.718,bybit,AERO/USDT:USDT,0.8997,757.0,0.8996,1695.0,0.8998,28.0,0.8999,32.0
1753600020317,07:07:00.317,bybit,AERO/USDT:USDT,0.8997,757.0,0.8996,1695.0,0.8998,28.0,0.8999,32.0
1753600020417,07:07:00.417,bybit,AERO/USDT:USDT,0.8997,899.0,0.8996,1695.0,0.8998,28.0,0.8999,32.0
1753600020718,07:07:00.718,bybit,AERO/USDT:USDT,0.8997,899.0,0.8996,1695.0,0.8998,28.0,0.8999,32.0
1753600020919,07:07:00.919,bybit,AERO/USDT:USDT,0.8997,866.0,0.8996,1664.0,0.8998,28.0,0.8999,32.0
1753600021119,07:07:01.119,bybit,AERO/USDT:USDT,0.8997,866.0,0.8996,1664.0,0.8998,28.0,0.8999,32.0
1753600021217,07:07:01.217,bybit,AERO/USDT:USDT,0.8997,937.0,0.8996,1664.0,0.8998,28.0,0.8999,32.0
1753600021617,07:07:01.617,bybit,AERO/USDT:USDT,0.8997,937.0,0.8996,1664.0,0.8998,28.0,0.8999,32.0
1753600021718,07:07:01.718,bybit,AERO/USDT:USDT,0.8997,937.0,0.8996,1664.0,0.8998,28.0,0.8999,32.0
1753600021817,07:07:01.817,bybit,AERO/USDT:USDT,0.8997,866.0,0.8996,1664.0,0.8998,28.0,0.8999,32.0
1753600021919,07:07:01.919,bybit,AERO/USDT:USDT,0.8997,866.0,0.8996,1664.0,0.8998,28.0,0.8999,32.0
1753600022018,07:07:02.018,bybit,AERO/USDT:USDT,0.8997,866.0,0.8996,1664.0,0.8998,28.0,0.8999,32.0
1753600022118,07:07:02.118,bybit,AERO/USDT:USDT,0.8997,989.0,0.8996,1664.0,0.8998,28.0,0.8999,32.0
1753600022218,07:07:02.218,bybit,AERO/USDT:USDT,0.8998,843.0,0.8997,1162.0,0.9,1250.0,0.9001,551.0
1753600022317,07:07:02.317,bybit,AERO/USDT:USDT,0.8998,843.0,0.8997,1162.0,0.9,1278.0,0.9001,551.0
1753600022419,07:07:02.419,bybit,AERO/USDT:USDT,0.8998,843.0,0.8997,1091.0,0.9,1278.0,0.9001,551.0
1753600022517,07:07:02.517,bybit,AERO/USDT:USDT,0.8998,843.0,0.8997,1091.0,0.9,1278.0,0.9001,622.0
1753600022619,07:07:02.619,bybit,AERO/USDT:USDT,0.8998,843.0,0.8997,1091.0,0.9,1278.0,0.9001,622.0
1753600022719,07:07:02.719,bybit,AERO/USDT:USDT,0.8998,546.0,0.8997,1162.0,0.8999,11.0,0.9,1278.0
1753600022819,07:07:02.819,bybit,AERO/USDT:USDT,0.8998,546.0,0.8997,1091.0,0.8999,11.0,0.9,1278.0
1753600022918,07:07:02.918,bybit,AERO/USDT:USDT,0.8998,546.0,0.8997,1162.0,0.8999,11.0,0.9,1278.0
1753600023019,07:07:03.019,bybit,AERO/USDT:USDT,0.8998,546.0,0.8997,1091.0,0.8999,11.0,0.9,1349.0
1753600023120,07:07:03.120,bybit,AERO/USDT:USDT,0.8998,546.0,0.8997,1091.0,0.8999,11.0,0.9,1349.0
1753600023217,07:07:03.217,bybit,AERO/USDT:USDT,0.8998,546.0,0.8997,1091.0,0.8999,11.0,0.9,1278.0
1753600023319,07:07:03.319,bybit,AERO/USDT:USDT,0.8998,546.0,0.8997,1233.0,0.8999,11.0,0.9,1278.0
1753600023418,07:07:03.418,bybit,AERO/USDT:USDT,0.8998,546.0,0.8997,1233.0,0.8999,11.0,0.9,1278.0
1753600023519,07:07:03.519,bybit,AERO/USDT:USDT,0.8998,546.0,0.8997,1233.0,0.8999,11.0,0.9,1278.0
1753600024017,07:07:04.017,bybit,AERO/USDT:USDT,0.8998,546.0,0.8997,1091.0,0.8999,11.0,0.9,1284.0
1753600024120,07:07:04.120,bybit,AERO/USDT:USDT,0.8997,1082.0,0.8996,1919.0,0.8999,11.0,0.9,1355.0
1753600025419,07:07:05.419,bybit,AERO/USDT:USDT,0.8997,1224.0,0.8996,2061.0,0.8999,39.0,0.9,1256.0
1753600025517,07:07:05.517,bybit,AERO/USDT:USDT,0.8997,1082.0,0.8996,2061.0,0.8999,39.0,0.9,1256.0
1753600026018,07:07:06.018,bybit,AERO/USDT:USDT,0.8997,1082.0,0.8996,1990.0,0.8999,39.0,0.9,1256.0
1753600026120,07:07:06.120,bybit,AERO/USDT:USDT,0.8997,1082.0,0.8996,2061.0,0.8999,39.0,0.9,1256.0
1753600026317,07:07:06.317,bybit,AERO/USDT:USDT,0.8997,1082.0,0.8996,2061.0,0.8999,39.0,0.9,1256.0
1753600026420,07:07:06.420,bybit,AERO/USDT:USDT,0.8997,1224.0,0.8996,2061.0,0.8999,39.0,0.9,1256.0
1753600026517,07:07:06.517,bybit,AERO/USDT:USDT,0.8997,1153.0,0.8996,2061.0,0.8999,39.0,0.9,1256.0
1753600026617,07:07:06.617,bybit,AERO/USDT:USDT,0.8997,1153.0,0.8996,2061.0,0.8999,39.0,0.9,1256.0
1753600026718,07:07:06.718,bybit,AERO/USDT:USDT,0.8997,1153.0,0.8996,2061.0,0.8999,39.0,0.9,1256.0
1753600026827,07:07:06.827,bybit,AERO/USDT:USDT,0.8997,1153.0,0.8996,2061.0,0.8999,39.0,0.9,1256.0
1753600027120,07:07:07.120,bybit,AERO/USDT:USDT,0.8997,1153.0,0.8996,2061.0,0.8999,39.0,0.9,1256.0
1753600027219,07:07:07.219,bybit,AERO/USDT:USDT,0.8997,1153.0,0.8996,2061.0,0.8999,39.0,0.9,1256.0
1753600027318,07:07:07.318,bybit,AERO/USDT:USDT,0.8998,539.0,0.8997,1224.0,0.8999,39.0,0.9,1256.0
1753600027419,07:07:07.419,bybit,AERO/USDT:USDT,0.8998,681.0,0.8997,1233.0,0.8999,39.0,0.9,1256.0
1753600027519,07:07:07.519,bybit,AERO/USDT:USDT,0.8998,610.0,0.8997,1233.0,0.8999,39.0,0.9,1069.0
1753600027617,07:07:07.617,bybit,AERO/USDT:USDT,0.8998,681.0,0.8997,1233.0,0.8999,39.0,0.9,1069.0
1753600027719,07:07:07.719,bybit,AERO/USDT:USDT,0.8998,610.0,0.8997,1233.0,0.8999,39.0,0.9,1069.0
1753600027920,07:07:07.920,bybit,AERO/USDT:USDT,0.8998,539.0,0.8997,1233.0,0.8999,39.0,0.9,1069.0
1753600028017,07:07:08.017,bybit,AERO/USDT:USDT,0.8998,539.0,0.8997,1233.0,0.8999,39.0,0.9,1069.0
1753600028525,07:07:08.525,bybit,AERO/USDT:USDT,0.8998,539.0,0.8997,1233.0,0.8999,39.0,0.9,1069.0
1753600028618,07:07:08.618,bybit,AERO/USDT:USDT,0.8998,539.0,0.8997,1233.0,0.8999,39.0,0.9,1069.0
1753600029017,07:07:09.017,bybit,AERO/USDT:USDT,0.8998,539.0,0.8997,1233.0,0.8999,39.0,0.9,1069.0
1753600029117,07:07:09.117,bybit,AERO/USDT:USDT,0.8997,1224.0,0.8996,2012.0,0.8999,39.0,0.9,1243.0
1753600029319,07:07:09.319,bybit,AERO/USDT:USDT,0.8999,220.0,0.8998,770.0,0.9,1123.0,0.9001,551.0
1753600029417,07:07:09.417,bybit,AERO/USDT:USDT,0.8999,220.0,0.8998,770.0,0.9,1123.0,0.9001,622.0
1753600029517,07:07:09.517,bybit,AERO/USDT:USDT,0.8999,220.0,0.8998,770.0,0.9,1123.0,0.9001,551.0
1753600029619,07:07:09.619,bybit,AERO/USDT:USDT,0.8998,231.0,0.8997,1091.0,0.9,1288.0,0.9001,716.0
1753600029718,07:07:09.718,bybit,AERO/USDT:USDT,0.8997,1082.0,0.8996,1870.0,0.9,1314.0,0.9001,765.0
1753600029917,07:07:09.917,bybit,AERO/USDT:USDT,0.8997,1082.0,0.8996,1870.0,0.9,1314.0,0.9001,765.0
1753600030019,07:07:10.019,bybit,AERO/USDT:USDT,0.8997,1082.0,0.8996,1870.0,0.9,1314.0,0.9001,765.0
1753600030117,07:07:10.117,bybit,AERO/USDT:USDT,0.8997,1082.0,0.8996,1870.0,0.9,1314.0,0.9001,765.0
1753600030218,07:07:10.218,bybit,AERO/USDT:USDT,0.8997,1082.0,0.8996,1870.0,0.9,1314.0,0.9001,765.0
1753600030317,07:07:10.317,bybit,AERO/USDT:USDT,0.8997,1082.0,0.8996,1870.0,0.9,1314.0,0.9001,765.0
1753600030617,07:07:10.617,bybit,AERO/USDT:USDT,0.8997,1082.0,0.8996,1870.0,0.9,1243.0,0.9001,765.0
1753600030718,07:07:10.718,bybit,AERO/USDT:USDT,0.8997,1082.0,0.8996,1870.0,0.9,1314.0,0.9001,765.0
1753600030818,07:07:10.818,bybit,AERO/USDT:USDT,0.8998,67.0,0.8997,1018.0,0.9,1243.0,0.9001,765.0
1753600030919,07:07:10.919,bybit,AERO/USDT:USDT,0.8998,67.0,0.8997,1018.0,0.9,1243.0,0.9001,765.0
1753600031019,07:07:11.019,bybit,AERO/USDT:USDT,0.8998,67.0,0.8997,1018.0,0.9,1243.0,0.9001,765.0
1753600031117,07:07:11.117,bybit,AERO/USDT:USDT,0.8998,67.0,0.8997,1018.0,0.9,1243.0,0.9001,765.0
1753600031317,07:07:11.317,bybit,AERO/USDT:USDT,0.8998,67.0,0.8997,1018.0,0.9,1243.0,0.9001,875.0
1753600031419,07:07:11.419,bybit,AERO/USDT:USDT,0.8998,67.0,0.8997,1018.0,0.9,1243.0,0.9001,875.0
1753600031717,07:07:11.717,bybit,AERO/USDT:USDT,0.8998,67.0,0.8997,1018.0,0.9,1243.0,0.9001,875.0
1753600031817,07:07:11.817,bybit,AERO/USDT:USDT,0.8998,67.0,0.8997,1018.0,0.9,1243.0,0.9001,875.0
1753600031917,07:07:11.917,bybit,AERO/USDT:USDT,0.8998,67.0,0.8997,1018.0,0.9,1243.0,0.9001,875.0
1753600032017,07:07:12.017,bybit,AERO/USDT:USDT,0.8998,67.0,0.8997,1018.0,0.9,1243.0,0.9001,875.0
1753600032217,07:07:12.217,bybit,AERO/USDT:USDT,0.8998,67.0,0.8997,1018.0,0.9,1243.0,0.9001,875.0
1753600032319,07:07:12.319,bybit,AERO/USDT:USDT,0.8998,67.0,0.8997,1018.0,0.9,1243.0,0.9001,875.0
1753600032417,07:07:12.417,bybit,AERO/USDT:USDT,0.8998,67.0,0.8997,1018.0,0.9,1243.0,0.9001,875.0
1753600032524,07:07:12.524,bybit,AERO/USDT:USDT,0.8998,67.0,0.8997,1018.0,0.9,1243.0,0.9001,875.0
1753600032618,07:07:12.618,bybit,AERO/USDT:USDT,0.8998,67.0,0.8997,1018.0,0.9,1243.0,0.9001,875.0
1753600033117,07:07:13.117,bybit,AERO/USDT:USDT,0.8998,67.0,0.8997,1018.0,0.9,1243.0,0.9001,875.0
1753600033619,07:07:13.619,bybit,AERO/USDT:USDT,0.8998,67.0,0.8997,472.0,0.8999,805.0,0.9,1288.0
1753600033718,07:07:13.718,bybit,AERO/USDT:USDT,0.8996,209.0,0.8995,1677.0,0.8997,708.0,0.8998,788.0
1753600033917,07:07:13.917,bybit,AERO/USDT:USDT,0.8996,209.0,0.8995,2417.0,0.8997,585.0,0.8998,1029.0
1753600034018,07:07:14.018,bybit,AERO/USDT:USDT,0.8996,209.0,0.8995,1780.0,0.8997,31.0,0.8998,887.0
1753600034117,07:07:14.117,bybit,AERO/USDT:USDT,0.8996,1120.0,0.8995,1922.0,0.8998,163.0,0.8999,853.0
1753600034217,07:07:14.217,bybit,AERO/USDT:USDT,0.8997,554.0,0.8996,1120.0,0.8998,163.0,0.8999,743.0
1753600034319,07:07:14.319,bybit,AERO/USDT:USDT,0.8996,1191.0,0.8995,2116.0,0.8998,163.0,0.8999,743.0
1753600034417,07:07:14.417,bybit,AERO/USDT:USDT,0.8996,1120.0,0.8995,1974.0,0.8998,163.0,0.8999,885.0
1753600034523,07:07:14.523,bybit,AERO/USDT:USDT,0.8996,566.0,0.8995,1974.0,0.8998,717.0,0.8999,1059.0
1753600034617,07:07:14.617,bybit,AERO/USDT:USDT,0.8996,566.0,0.8995,1974.0,0.8998,788.0,0.8999,1059.0
1753600034719,07:07:14.719,bybit,AERO/USDT:USDT,0.8996,566.0,0.8995,1974.0,0.8998,717.0,0.8999,1059.0
1753600034817,07:07:14.817,bybit,AERO/USDT:USDT,0.8996,566.0,0.8995,1974.0,0.8998,717.0,0.8999,1059.0
1753600035119,07:07:15.119,bybit,AERO/USDT:USDT,0.8996,566.0,0.8995,1974.0,0.8998,811.0,0.8999,1082.0
1753600035817,07:07:15.817,bybit,AERO/USDT:USDT,0.8996,566.0,0.8995,1974.0,0.8998,740.0,0.8999,1082.0
1753600035919,07:07:15.919,bybit,AERO/USDT:USDT,0.8996,566.0,0.8995,1672.0,0.8998,740.0,0.8999,1082.0
1753600036017,07:07:16.017,bybit,AERO/USDT:USDT,0.8996,566.0,0.8995,1672.0,0.8998,740.0,0.8999,1082.0
1753600036117,07:07:16.117,bybit,AERO/USDT:USDT,0.8996,566.0,0.8995,1672.0,0.8998,717.0,0.8999,1082.0
1753600036319,07:07:16.319,bybit,AERO/USDT:USDT,0.8996,566.0,0.8995,1672.0,0.8998,811.0,0.8999,1082.0
1753600036417,07:07:16.417,bybit,AERO/USDT:USDT,0.8996,209.0,0.8995,1205.0,0.8998,811.0,0.8999,1082.0
1753600036522,07:07:16.522,bybit,AERO/USDT:USDT,0.8996,209.0,0.8995,1205.0,0.8998,811.0,0.8999,1082.0
1753600036917,07:07:16.917,bybit,AERO/USDT:USDT,0.8996,209.0,0.8995,1205.0,0.8998,910.0,0.8999,1056.0
1753600037218,07:07:17.218,bybit,AERO/USDT:USDT,0.8996,209.0,0.8995,715.0,0.8998,910.0,0.8999,1056.0
1753600037518,07:07:17.518,bybit,AERO/USDT:USDT,0.8995,527.0,0.8994,1599.0,0.8997,554.0,0.8998,910.0
1753600037618,07:07:17.618,bybit,AERO/USDT:USDT,0.8995,333.0,0.8994,1599.0,0.8997,554.0,0.8998,910.0
1753600037717,07:07:17.717,bybit,AERO/USDT:USDT,0.8995,333.0,0.8994,1670.0,0.8997,554.0,0.8998,745.0
1753600037817,07:07:17.817,bybit,AERO/USDT:USDT,0.8995,333.0,0.8994,1599.0,0.8997,554.0,0.8998,768.0
1753600037918,07:07:17.918,bybit,AERO/USDT:USDT,0.8995,333.0,0.8994,1599.0,0.8997,554.0,0.8998,910.0
1753600038218,07:07:18.218,bybit,AERO/USDT:USDT,0.8995,333.0,0.8994,1599.0,0.8997,554.0,0.8998,768.0
1753600038320,07:07:18.320,bybit,AERO/USDT:USDT,0.8995,333.0,0.8994,1599.0,0.8997,554.0,0.8998,910.0
1753600038417,07:07:18.417,bybit,AERO/USDT:USDT,0.8995,333.0,0.8994,1599.0,0.8997,554.0,0.8998,910.0
1753600038717,07:07:18.717,bybit,AERO/USDT:USDT,0.8995,333.0,0.8994,1599.0,0.8997,554.0,0.8998,882.0
1753600038819,07:07:18.819,bybit,AERO/USDT:USDT,0.8995,333.0,0.8994,1599.0,0.8997,582.0,0.8998,882.0
1753600039517,07:07:19.517,bybit,AERO/USDT:USDT,0.8995,333.0,0.8994,1599.0,0.8997,582.0,0.8998,882.0
1753600039817,07:07:19.817,bybit,AERO/USDT:USDT,0.8995,333.0,0.8994,1599.0,0.8997,582.0,0.8998,882.0
1753600040217,07:07:20.217,bybit,AERO/USDT:USDT,0.8995,333.0,0.8994,1599.0,0.8997,582.0,0.8998,882.0
1753600040418,07:07:20.418,bybit,AERO/USDT:USDT,0.8995,333.0,0.8994,1599.0,0.8997,582.0,0.8998,882.0
1753600040618,07:07:20.618,bybit,AERO/USDT:USDT,0.8995,333.0,0.8994,1599.0,0.8997,582.0,0.8998,882.0
1753600040818,07:07:20.818,bybit,AERO/USDT:USDT,0.8995,333.0,0.8994,1599.0,0.8997,582.0,0.8998,882.0
1753600041018,07:07:21.018,bybit,AERO/USDT:USDT,0.8995,333.0,0.8994,1599.0,0.8997,582.0,0.8998,882.0
1753600041317,07:07:21.317,bybit,AERO/USDT:USDT,0.8995,333.0,0.8994,1599.0,0.8997,582.0,0.8998,882.0
1753600041619,07:07:21.619,bybit,AERO/USDT:USDT,0.8995,333.0,0.8994,1599.0,0.8997,582.0,0.8998,882.0
1753600041719,07:07:21.719,bybit,AERO/USDT:USDT,0.8995,333.0,0.8994,1599.0,0.8997,582.0,0.8998,882.0
1753600041917,07:07:21.917,bybit,AERO/USDT:USDT,0.8994,944.0,0.8993,1762.0,0.8997,768.0,0.8998,882.0
1753600042019,07:07:22.019,bybit,AERO/USDT:USDT,0.8994,944.0,0.8993,1762.0,0.8997,910.0,0.8998,931.0
1753600042119,07:07:22.119,bybit,AERO/USDT:USDT,0.8994,384.0,0.8993,1762.0,0.8996,580.0,0.8997,820.0
1753600042217,07:07:22.217,bybit,AERO/USDT:USDT,0.8994,230.0,0.8993,1762.0,0.8996,580.0,0.8997,820.0
1753600042417,07:07:22.417,bybit,AERO/USDT:USDT,0.8994,230.0,0.8993,1127.0,0.8996,745.0,0.8997,914.0
1753600042524,07:07:22.524,bybit,AERO/USDT:USDT,0.8994,230.0,0.8993,1127.0,0.8996,745.0,0.8997,914.0
1753600042619,07:07:22.619,bybit,AERO/USDT:USDT,0.8994,230.0,0.8993,1127.0,0.8996,745.0,0.8997,914.0
1753600042718,07:07:22.718,bybit,AERO/USDT:USDT,0.8994,230.0,0.8993,1127.0,0.8996,722.0,0.8997,914.0
1753600042817,07:07:22.817,bybit,AERO/USDT:USDT,0.8994,230.0,0.8993,1127.0,0.8996,722.0,0.8997,914.0
1753600042918,07:07:22.918,bybit,AERO/USDT:USDT,0.8994,230.0,0.8993,1127.0,0.8996,722.0,0.8997,914.0
1753600043020,07:07:23.020,bybit,AERO/USDT:USDT,0.8994,230.0,0.8993,961.0,0.8996,745.0,0.8997,914.0
1753600043119,07:07:23.119,bybit,AERO/USDT:USDT,0.8994,230.0,0.8993,961.0,0.8996,745.0,0.8997,914.0
1753600043317,07:07:23.317,bybit,AERO/USDT:USDT,0.8994,230.0,0.8993,961.0,0.8996,722.0,0.8997,1024.0
1753600043517,07:07:23.517,bybit,AERO/USDT:USDT,0.8994,230.0,0.8993,961.0,0.8996,745.0,0.8997,1073.0
1753600043718,07:07:23.718,bybit,AERO/USDT:USDT,0.8994,7.0,0.8993,418.0,0.8995,862.0,0.8996,754.0
1753600043819,07:07:23.819,bybit,AERO/USDT:USDT,0.8994,7.0,0.8993,418.0,0.8995,862.0,0.8996,754.0
1753600044418,07:07:24.418,bybit,AERO/USDT:USDT,0.8994,7.0,0.8993,418.0,0.8995,862.0,0.8996,754.0
1753600044517,07:07:24.517,bybit,AERO/USDT:USDT,0.8994,7.0,0.8993,418.0,0.8995,791.0,0.8996,754.0
1753600044717,07:07:24.717,bybit,AERO/USDT:USDT,0.8994,7.0,0.8993,418.0,0.8995,862.0,0.8996,754.0
1753600044817,07:07:24.817,bybit,AERO/USDT:USDT,0.8994,7.0,0.8993,418.0,0.8995,791.0,0.8996,754.0
1753600044918,07:07:24.918,bybit,AERO/USDT:USDT,0.8994,7.0,0.8993,418.0,0.8995,791.0,0.8996,754.0
1753600045417,07:07:25.417,bybit,AERO/USDT:USDT,0.8994,7.0,0.8993,418.0,0.8995,791.0,0.8996,754.0
1753600045518,07:07:25.518,bybit,AERO/USDT:USDT,0.8994,7.0,0.8993,358.0,0.8995,720.0,0.8996,754.0
1753600045617,07:07:25.617,bybit,AERO/USDT:USDT,0.8994,7.0,0.8993,358.0,0.8995,834.0,0.8996,728.0
1753600045717,07:07:25.717,bybit,AERO/USDT:USDT,0.8994,7.0,0.8993,358.0,0.8995,905.0,0.8996,728.0
1753600045918,07:07:25.918,bybit,AERO/USDT:USDT,0.8994,7.0,0.8993,358.0,0.8995,740.0,0.8996,705.0
1753600046417,07:07:26.417,bybit,AERO/USDT:USDT,0.8994,7.0,0.8993,358.0,0.8995,740.0,0.8996,705.0
1753600046917,07:07:26.917,bybit,AERO/USDT:USDT,0.8994,7.0,0.8993,358.0,0.8995,740.0,0.8996,705.0
1753600047017,07:07:27.017,bybit,AERO/USDT:USDT,0.8994,7.0,0.8993,358.0,0.8995,834.0,0.8996,728.0
1753600047517,07:07:27.517,bybit,AERO/USDT:USDT,0.8994,7.0,0.8993,358.0,0.8995,905.0,0.8996,728.0
1753600047718,07:07:27.718,bybit,AERO/USDT:USDT,0.8994,7.0,0.8993,358.0,0.8995,834.0,0.8996,728.0
1753600047819,07:07:27.819,bybit,AERO/USDT:USDT,0.8994,7.0,0.8993,358.0,0.8995,905.0,0.8996,728.0
1753600047917,07:07:27.917,bybit,AERO/USDT:USDT,0.8994,7.0,0.8993,358.0,0.8995,834.0,0.8996,728.0
1753600048020,07:07:28.020,bybit,AERO/USDT:USDT,0.8994,7.0,0.8993,358.0,0.8995,905.0,0.8996,728.0
1753600048119,07:07:28.119,bybit,AERO/USDT:USDT,0.8994,7.0,0.8993,358.0,0.8995,905.0,0.8996,728.0
1753600048524,07:07:28.524,bybit,AERO/USDT:USDT,0.8994,7.0,0.8993,358.0,0.8995,834.0,0.8996,728.0
1753600049220,07:07:29.220,bybit,AERO/USDT:USDT,0.8994,7.0,0.8993,358.0,0.8995,763.0,0.8996,728.0
1753600049819,07:07:29.819,bybit,AERO/USDT:USDT,0.8994,17.0,0.8993,358.0,0.8995,740.0,0.8996,705.0
1753600049920,07:07:29.920,bybit,AERO/USDT:USDT,0.8994,17.0,0.8993,358.0,0.8995,740.0,0.8996,705.0
1753600050117,07:07:30.117,bybit,AERO/USDT:USDT,0.8994,17.0,0.8993,358.0,0.8995,740.0,0.8996,705.0
1753600050419,07:07:30.419,bybit,AERO/USDT:USDT,0.8994,17.0,0.8993,901.0,0.8995,197.0,0.8996,563.0
1753600050618,07:07:30.618,bybit,AERO/USDT:USDT,0.8994,17.0,0.8993,901.0,0.8995,197.0,0.8996,563.0
1753600050818,07:07:30.818,bybit,AERO/USDT:USDT,0.8994,17.0,0.8993,901.0,0.8995,197.0,0.8996,728.0
1753600051017,07:07:31.017,bybit,AERO/USDT:USDT,0.8994,17.0,0.8993,901.0,0.8995,197.0,0.8996,728.0
1753600051118,07:07:31.118,bybit,AERO/USDT:USDT,0.8994,17.0,0.8993,901.0,0.8995,197.0,0.8996,728.0
1753600051317,07:07:31.317,bybit,AERO/USDT:USDT,0.8994,17.0,0.8993,901.0,0.8995,197.0,0.8996,728.0
1753600051418,07:07:31.418,bybit,AERO/USDT:USDT,0.8994,17.0,0.8993,901.0,0.8995,197.0,0.8996,728.0
1753600051619,07:07:31.619,bybit,AERO/USDT:USDT,0.8994,17.0,0.8993,901.0,0.8995,197.0,0.8996,705.0
1753600051817,07:07:31.817,bybit,AERO/USDT:USDT,0.8994,17.0,0.8993,901.0,0.8995,197.0,0.8996,705.0
1753600052217,07:07:32.217,bybit,AERO/USDT:USDT,0.8994,17.0,0.8993,901.0,0.8995,197.0,0.8996,705.0
1753600052317,07:07:32.317,bybit,AERO/USDT:USDT,0.8994,17.0,0.8993,901.0,0.8995,197.0,0.8996,705.0
1753600052417,07:07:32.417,bybit,AERO/USDT:USDT,0.8994,17.0,0.8993,603.0,0.8995,197.0,0.8996,728.0
1753600052517,07:07:32.517,bybit,AERO/USDT:USDT,0.8994,17.0,0.8993,603.0,0.8995,197.0,0.8996,705.0
1753600052617,07:07:32.617,bybit,AERO/USDT:USDT,0.8994,17.0,0.8993,603.0,0.8995,197.0,0.8996,705.0
1753600053020,07:07:33.020,bybit,AERO/USDT:USDT,0.8994,17.0,0.8993,603.0,0.8995,197.0,0.8996,705.0
1753600053517,07:07:33.517,bybit,AERO/USDT:USDT,0.8994,17.0,0.8993,910.0,0.8995,197.0,0.8996,563.0
1753600053618,07:07:33.618,bybit,AERO/USDT:USDT,0.8994,17.0,0.8993,981.0,0.8995,197.0,0.8996,563.0
1753600054218,07:07:34.218,bybit,AERO/USDT:USDT,0.8994,17.0,0.8993,910.0,0.8995,197.0,0.8996,563.0
1753600054719,07:07:34.719,bybit,AERO/USDT:USDT,0.8994,17.0,0.8993,839.0,0.8995,197.0,0.8996,563.0
1753600054818,07:07:34.818,bybit,AERO/USDT:USDT,0.8994,17.0,0.8993,839.0,0.8995,197.0,0.8996,563.0
1753600054919,07:07:34.919,bybit,AERO/USDT:USDT,0.8994,17.0,0.8993,839.0,0.8995,197.0,0.8996,563.0
1753600055117,07:07:35.117,bybit,AERO/USDT:USDT,0.8994,17.0,0.8993,910.0,0.8995,197.0,0.8996,563.0
1753600055418,07:07:35.418,bybit,AERO/USDT:USDT,0.8994,17.0,0.8993,910.0,0.8995,197.0,0.8996,563.0
1753600055520,07:07:35.520,bybit,AERO/USDT:USDT,0.8994,17.0,0.8993,839.0,0.8995,181.0,0.8996,563.0
1753600055619,07:07:35.619,bybit,AERO/USDT:USDT,0.8994,17.0,0.8993,839.0,0.8995,181.0,0.8996,563.0
1753600055819,07:07:35.819,bybit,AERO/USDT:USDT,0.8994,17.0,0.8993,839.0,0.8995,181.0,0.8996,563.0
1753600055918,07:07:35.918,bybit,AERO/USDT:USDT,0.8994,17.0,0.8993,839.0,0.8995,181.0,0.8996,563.0
1753600057017,07:07:37.017,bybit,AERO/USDT:USDT,0.8994,17.0,0.8993,839.0,0.8995,181.0,0.8996,563.0
1753600057417,07:07:37.417,bybit,AERO/USDT:USDT,0.8994,757.0,0.8993,1162.0,0.8995,27.0,0.8996,9.0
1753600057517,07:07:37.517,bybit,AERO/USDT:USDT,0.8994,757.0,0.8993,1162.0,0.8995,27.0,0.8996,9.0
1753600058118,07:07:38.118,bybit,AERO/USDT:USDT,0.8994,828.0,0.8993,1162.0,0.8995,27.0,0.8996,9.0
1753600058520,07:07:38.520,bybit,AERO/USDT:USDT,0.8994,757.0,0.8993,1162.0,0.8995,27.0,0.8996,9.0
1753600058717,07:07:38.717,bybit,AERO/USDT:USDT,0.8994,686.0,0.8993,1091.0,0.8995,27.0,0.8996,9.0
1753600059518,07:07:39.518,bybit,AERO/USDT:USDT,0.8994,757.0,0.8993,1211.0,0.8995,27.0,0.8996,9.0
1753600059618,07:07:39.618,bybit,AERO/USDT:USDT,0.8994,757.0,0.8993,1211.0,0.8995,27.0,0.8996,9.0
1753600059718,07:07:39.718,bybit,AERO/USDT:USDT,0.8994,686.0,0.8993,1211.0,0.8995,27.0,0.8996,9.0
1753600060119,07:07:40.119,bybit,AERO/USDT:USDT,0.8994,686.0,0.8993,1211.0,0.8995,27.0,0.8996,9.0
1753600060217,07:07:40.217,bybit,AERO/USDT:USDT,0.8994,686.0,0.8993,1211.0,0.8995,27.0,0.8996,9.0
1753600060418,07:07:40.418,bybit,AERO/USDT:USDT,0.8994,686.0,0.8993,1211.0,0.8995,27.0,0.8996,9.0
1753600060517,07:07:40.517,bybit,AERO/USDT:USDT,0.8994,686.0,0.8993,1211.0,0.8995,27.0,0.8996,9.0
1753600061618,07:07:41.618,bybit,AERO/USDT:USDT,0.8994,757.0,0.8993,1211.0,0.8995,27.0,0.8996,9.0
1753600061718,07:07:41.718,bybit,AERO/USDT:USDT,0.8994,757.0,0.8993,1211.0,0.8995,27.0,0.8996,9.0
1753600061917,07:07:41.917,bybit,AERO/USDT:USDT,0.8994,686.0,0.8993,1211.0,0.8995,27.0,0.8996,9.0
1753600062317,07:07:42.317,bybit,AERO/USDT:USDT,0.8994,686.0,0.8993,1140.0,0.8995,27.0,0.8996,9.0
1753600062418,07:07:42.418,bybit,AERO/USDT:USDT,0.8994,686.0,0.8993,1211.0,0.8995,27.0,0.8996,9.0
1753600062520,07:07:42.520,bybit,AERO/USDT:USDT,0.8994,686.0,0.8993,1211.0,0.8995,27.0,0.8996,9.0
1753600063018,07:07:43.018,bybit,AERO/USDT:USDT,0.8994,686.0,0.8993,1140.0,0.8995,27.0,0.8996,9.0
1753600063118,07:07:43.118,bybit,AERO/USDT:USDT,0.8994,686.0,0.8993,1445.0,0.8995,27.0,0.8996,9.0
1753600063817,07:07:43.817,bybit,AERO/USDT:USDT,0.8994,686.0,0.8993,1374.0,0.8995,27.0,0.8996,9.0
1753600063919,07:07:43.919,bybit,AERO/USDT:USDT,0.8994,686.0,0.8993,1374.0,0.8995,27.0,0.8996,9.0
1753600064418,07:07:44.418,bybit,AERO/USDT:USDT,0.8994,686.0,0.8993,1374.0,0.8995,27.0,0.8996,9.0
1753600064517,07:07:44.517,bybit,AERO/USDT:USDT,0.8994,686.0,0.8993,1374.0,0.8995,27.0,0.8996,9.0
1753600065019,07:07:45.019,bybit,AERO/USDT:USDT,0.8994,686.0,0.8993,1374.0,0.8995,27.0,0.8996,9.0
1753600065619,07:07:45.619,bybit,AERO/USDT:USDT,0.8994,686.0,0.8993,1303.0,0.8995,27.0,0.8996,9.0
1753600066218,07:07:46.218,bybit,AERO/USDT:USDT,0.8994,686.0,0.8993,1303.0,0.8995,27.0,0.8996,9.0
1753600066317,07:07:46.317,bybit,AERO/USDT:USDT,0.8994,686.0,0.8993,1374.0,0.8995,27.0,0.8996,9.0
1753600066719,07:07:46.719,bybit,AERO/USDT:USDT,0.8994,686.0,0.8993,1303.0,0.8995,27.0,0.8996,9.0
1753600066817,07:07:46.817,bybit,AERO/USDT:USDT,0.8994,686.0,0.8993,1374.0,0.8995,27.0,0.8996,9.0
1753600066920,07:07:46.920,bybit,AERO/USDT:USDT,0.8994,686.0,0.8993,1303.0,0.8995,27.0,0.8996,9.0
1753600067320,07:07:47.320,bybit,AERO/USDT:USDT,0.8994,686.0,0.8993,1303.0,0.8995,27.0,0.8996,9.0
1753600067419,07:07:47.419,bybit,AERO/USDT:USDT,0.8994,686.0,0.8993,1303.0,0.8995,27.0,0.8996,9.0
1753600067519,07:07:47.519,bybit,AERO/USDT:USDT,0.8994,686.0,0.8993,1374.0,0.8995,27.0,0.8996,9.0
1753600067619,07:07:47.619,bybit,AERO/USDT:USDT,0.8994,686.0,0.8993,1303.0,0.8995,27.0,0.8996,9.0
1753600067717,07:07:47.717,bybit,AERO/USDT:USDT,0.8994,686.0,0.8993,1303.0,0.8995,27.0,0.8996,9.0
1753600067917,07:07:47.917,bybit,AERO/USDT:USDT,0.8994,686.0,0.8993,1303.0,0.8995,27.0,0.8996,9.0
1753600068017,07:07:48.017,bybit,AERO/USDT:USDT,0.8994,686.0,0.8993,1303.0,0.8995,27.0,0.8996,9.0
1753600068117,07:07:48.117,bybit,AERO/USDT:USDT,0.8994,151.0,0.8993,1303.0,0.8995,27.0,0.8996,9.0
1753600068318,07:07:48.318,bybit,AERO/USDT:USDT,0.8994,386.0,0.8993,1020.0,0.8996,596.0,0.8997,843.0
1753600068417,07:07:48.417,bybit,AERO/USDT:USDT,0.8994,386.0,0.8993,1020.0,0.8996,596.0,0.8997,843.0
1753600069020,07:07:49.020,bybit,AERO/USDT:USDT,0.8994,386.0,0.8993,1020.0,0.8996,596.0,0.8997,843.0
1753600069119,07:07:49.119,bybit,AERO/USDT:USDT,0.8994,952.0,0.8993,1091.0,0.8996,27.0,0.8997,749.0
1753600069717,07:07:49.717,bybit,AERO/USDT:USDT,0.8994,392.0,0.8993,1020.0,0.8996,658.0,0.8997,843.0
1753600069817,07:07:49.817,bybit,AERO/USDT:USDT,0.8994,392.0,0.8993,1020.0,0.8996,658.0,0.8997,914.0
1753600070318,07:07:50.318,bybit,AERO/USDT:USDT,0.8994,392.0,0.8993,1020.0,0.8996,681.0,0.8997,914.0
1753600071119,07:07:51.119,bybit,AERO/USDT:USDT,0.8994,392.0,0.8993,1020.0,0.8996,681.0,0.8997,914.0
1753600071318,07:07:51.318,bybit,AERO/USDT:USDT,0.8994,392.0,0.8993,1020.0,0.8996,658.0,0.8997,914.0
1753600071419,07:07:51.419,bybit,AERO/USDT:USDT,0.8994,392.0,0.8993,1020.0,0.8996,587.0,0.8997,914.0
1753600071519,07:07:51.519,bybit,AERO/USDT:USDT,0.8994,392.0,0.8993,1020.0,0.8996,658.0,0.8997,914.0
1753600072118,07:07:52.118,bybit,AERO/USDT:USDT,0.8994,392.0,0.8993,1020.0,0.8996,658.0,0.8997,914.0
1753600072319,07:07:52.319,bybit,AERO/USDT:USDT,0.8994,392.0,0.8993,1020.0,0.8996,587.0,0.8997,820.0
1753600072418,07:07:52.418,bybit,AERO/USDT:USDT,0.8994,392.0,0.8993,1020.0,0.8996,587.0,0.8997,749.0
1753600072524,07:07:52.524,bybit,AERO/USDT:USDT,0.8994,392.0,0.8993,1020.0,0.8996,587.0,0.8997,891.0
1753600072619,07:07:52.619,bybit,AERO/USDT:USDT,0.8994,392.0,0.8993,1020.0,0.8996,658.0,0.8997,914.0
1753600072719,07:07:52.719,bybit,AERO/USDT:USDT,0.8994,392.0,0.8993,1020.0,0.8996,658.0,0.8997,914.0
1753600073117,07:07:53.117,bybit,AERO/USDT:USDT,0.8994,952.0,0.8993,1091.0,0.8996,27.0,0.8997,749.0
1753600073219,07:07:53.219,bybit,AERO/USDT:USDT,0.8994,952.0,0.8993,1091.0,0.8996,27.0,0.8997,749.0
1753600073318,07:07:53.318,bybit,AERO/USDT:USDT,0.8994,952.0,0.8993,1020.0,0.8996,27.0,0.8997,820.0
1753600073419,07:07:53.419,bybit,AERO/USDT:USDT,0.8994,952.0,0.8993,1020.0,0.8996,27.0,0.8997,820.0
1753600073518,07:07:53.518,bybit,AERO/USDT:USDT,0.8994,952.0,0.8993,1020.0,0.8996,27.0,0.8997,891.0
1753600074020,07:07:54.020,bybit,AERO/USDT:USDT,0.8994,952.0,0.8993,1020.0,0.8996,27.0,0.8997,891.0
1753600074618,07:07:54.618,bybit,AERO/USDT:USDT,0.8994,952.0,0.8993,1020.0,0.8996,27.0,0.8997,891.0
1753600074720,07:07:54.720,bybit,AERO/USDT:USDT,0.8994,952.0,0.8993,1020.0,0.8996,27.0,0.8997,891.0
1753600075118,07:07:55.118,bybit,AERO/USDT:USDT,0.8994,952.0,0.8993,1020.0,0.8996,27.0,0.8997,891.0
1753600075418,07:07:55.418,bybit,AERO/USDT:USDT,0.8994,952.0,0.8993,1020.0,0.8996,27.0,0.8997,891.0
1753600075717,07:07:55.717,bybit,AERO/USDT:USDT,0.8994,952.0,0.8993,1020.0,0.8996,27.0,0.8997,891.0
1753600076617,07:07:56.617,bybit,AERO/USDT:USDT,0.8994,952.0,0.8993,1020.0,0.8996,98.0,0.8997,891.0
1753600076720,07:07:56.720,bybit,AERO/USDT:USDT,0.8994,392.0,0.8993,1020.0,0.8996,747.0,0.8997,914.0
1753600076819,07:07:56.819,bybit,AERO/USDT:USDT,0.8994,258.0,0.8993,1020.0,0.8996,747.0,0.8997,914.0
1753600076919,07:07:56.919,bybit,AERO/USDT:USDT,0.8994,258.0,0.8993,1020.0,0.8996,747.0,0.8997,914.0
1753600077017,07:07:57.017,bybit,AERO/USDT:USDT,0.8994,258.0,0.8993,1020.0,0.8996,747.0,0.8997,914.0
1753600077217,07:07:57.217,bybit,AERO/USDT:USDT,0.8994,23.0,0.8993,1020.0,0.8996,747.0,0.8997,914.0
1753600077318,07:07:57.318,bybit,AERO/USDT:USDT,0.8994,23.0,0.8993,1020.0,0.8996,747.0,0.8997,914.0
1753600077418,07:07:57.418,bybit,AERO/USDT:USDT,0.8994,23.0,0.8993,1020.0,0.8996,747.0,0.8997,914.0
1753600077717,07:07:57.717,bybit,AERO/USDT:USDT,0.8994,23.0,0.8993,1020.0,0.8996,747.0,0.8997,914.0
1753600078119,07:07:58.119,bybit,AERO/USDT:USDT,0.8994,23.0,0.8993,1020.0,0.8996,747.0,0.8997,914.0
1753600078317,07:07:58.317,bybit,AERO/USDT:USDT,0.8994,23.0,0.8993,477.0,0.8996,747.0,0.8997,1024.0
1753600078619,07:07:58.619,bybit,AERO/USDT:USDT,0.8994,23.0,0.8993,477.0,0.8996,747.0,0.8997,1024.0
1753600078918,07:07:58.918,bybit,AERO/USDT:USDT,0.8994,23.0,0.8993,477.0,0.8996,747.0,0.8997,1024.0
1753600079617,07:07:59.617,bybit,AERO/USDT:USDT,0.8995,10.0,0.8994,23.0,0.8996,747.0,0.8997,1024.0
1753600079717,07:07:59.717,bybit,AERO/USDT:USDT,0.8995,10.0,0.8994,23.0,0.8996,747.0,0.8997,1024.0
1753600080017,07:08:00.017,bybit,AERO/USDT:USDT,0.8995,10.0,0.8994,23.0,0.8996,747.0,0.8997,1024.0
1753600080118,07:08:00.118,bybit,AERO/USDT:USDT,0.8995,16.0,0.8994,17.0,0.8996,605.0,0.8997,1024.0
1753600080218,07:08:00.218,bybit,AERO/USDT:USDT,0.8995,16.0,0.8994,17.0,0.8996,676.0,0.8997,1024.0
1753600080418,07:08:00.418,bybit,AERO/USDT:USDT,0.8995,16.0,0.8994,17.0,0.8996,747.0,0.8997,1024.0
1753600080523,07:08:00.523,bybit,AERO/USDT:USDT,0.8995,16.0,0.8994,17.0,0.8996,747.0,0.8997,1024.0
1753600081018,07:08:01.018,bybit,AERO/USDT:USDT,0.8995,16.0,0.8994,17.0,0.8996,676.0,0.8997,1024.0
1753600081119,07:08:01.119,bybit,AERO/USDT:USDT,0.8995,16.0,0.8994,17.0,0.8996,676.0,0.8997,1024.0
1753600081417,07:08:01.417,bybit,AERO/USDT:USDT,0.8995,16.0,0.8994,17.0,0.8996,676.0,0.8997,1024.0
1753600082017,07:08:02.017,bybit,AERO/USDT:USDT,0.8995,16.0,0.8994,17.0,0.8996,857.0,0.8997,1024.0
1753600082318,07:08:02.318,bybit,AERO/USDT:USDT,0.8995,16.0,0.8994,17.0,0.8996,857.0,0.8997,1024.0
1753600082419,07:08:02.419,bybit,AERO/USDT:USDT,0.8995,16.0,0.8994,17.0,0.8996,1077.0,0.8997,1024.0
1753600082520,07:08:02.520,bybit,AERO/USDT:USDT,0.8995,16.0,0.8994,17.0,0.8996,1077.0,0.8997,1579.0
1753600082617,07:08:02.617,bybit,AERO/USDT:USDT,0.8994,17.0,0.8993,548.0,0.8996,1231.0,0.8997,1579.0
1753600082717,07:08:02.717,bybit,AERO/USDT:USDT,0.8994,17.0,0.8993,296.0,0.8995,1268.0,0.8996,985.0
1753600083020,07:08:03.020,bybit,AERO/USDT:USDT,0.8994,17.0,0.8993,51.0,0.8995,2172.0,0.8996,883.0
1753600083117,07:08:03.117,bybit,AERO/USDT:USDT,0.8994,17.0,0.8993,51.0,0.8995,2172.0,0.8996,883.0
1753600083220,07:08:03.220,bybit,AERO/USDT:USDT,0.8994,17.0,0.8993,51.0,0.8995,2172.0,0.8996,883.0
1753600083317,07:08:03.317,bybit,AERO/USDT:USDT,0.8994,17.0,0.8993,51.0,0.8995,1520.0,0.8996,883.0
1753600083417,07:08:03.417,bybit,AERO/USDT:USDT,0.8994,17.0,0.8993,51.0,0.8995,1591.0,0.8996,883.0
1753600083520,07:08:03.520,bybit,AERO/USDT:USDT,0.8994,17.0,0.8993,51.0,0.8995,1591.0,0.8996,883.0
1753600083617,07:08:03.617,bybit,AERO/USDT:USDT,0.8994,17.0,0.8993,51.0,0.8995,910.0,0.8996,860.0
1753600083717,07:08:03.717,bybit,AERO/USDT:USDT,0.8994,17.0,0.8993,51.0,0.8995,910.0,0.8996,860.0
1753600083817,07:08:03.817,bybit,AERO/USDT:USDT,0.8994,17.0,0.8993,51.0,0.8995,910.0,0.8996,860.0
1753600084117,07:08:04.117,bybit,AERO/USDT:USDT,0.8994,17.0,0.8993,51.0,0.8995,910.0,0.8996,718.0
1753600084420,07:08:04.420,bybit,AERO/USDT:USDT,0.8994,17.0,0.8993,51.0,0.8995,910.0,0.8996,718.0
1753600084520,07:08:04.520,bybit,AERO/USDT:USDT,0.8994,17.0,0.8993,51.0,0.8995,910.0,0.8996,789.0
1753600084717,07:08:04.717,bybit,AERO/USDT:USDT,0.8994,17.0,0.8993,51.0,0.8995,910.0,0.8996,789.0
1753600084819,07:08:04.819,bybit,AERO/USDT:USDT,0.8994,17.0,0.8993,51.0,0.8995,910.0,0.8996,789.0
1753600085017,07:08:05.017,bybit,AERO/USDT:USDT,0.8994,17.0,0.8993,51.0,0.8995,910.0,0.8996,789.0
1753600085119,07:08:05.119,bybit,AERO/USDT:USDT,0.8994,17.0,0.8993,51.0,0.8995,910.0,0.8996,789.0
1753600085217,07:08:05.217,bybit,AERO/USDT:USDT,0.8994,17.0,0.8993,51.0,0.8995,910.0,0.8996,789.0
1753600085718,07:08:05.718,bybit,AERO/USDT:USDT,0.8994,17.0,0.8993,51.0,0.8995,910.0,0.8996,718.0
1753600085819,07:08:05.819,bybit,AERO/USDT:USDT,0.8994,17.0,0.8993,51.0,0.8995,910.0,0.8996,718.0
1753600086219,07:08:06.219,bybit,AERO/USDT:USDT,0.8994,17.0,0.8993,51.0,0.8995,910.0,0.8996,718.0
1753600086318,07:08:06.318,bybit,AERO/USDT:USDT,0.8994,17.0,0.8993,51.0,0.8995,910.0,0.8996,718.0
1753600086619,07:08:06.619,bybit,AERO/USDT:USDT,0.8994,17.0,0.8993,51.0,0.8995,910.0,0.8996,718.0
1753600086718,07:08:06.718,bybit,AERO/USDT:USDT,0.8994,17.0,0.8993,51.0,0.8995,910.0,0.8996,718.0
1753600086817,07:08:06.817,bybit,AERO/USDT:USDT,0.8994,17.0,0.8993,51.0,0.8995,910.0,0.8996,718.0
1753600086917,07:08:06.917,bybit,AERO/USDT:USDT,0.8994,17.0,0.8993,51.0,0.8995,910.0,0.8996,718.0
1753600087017,07:08:07.017,bybit,AERO/USDT:USDT,0.8994,17.0,0.8993,51.0,0.8995,910.0,0.8996,718.0
1753600087118,07:08:07.118,bybit,AERO/USDT:USDT,0.8994,17.0,0.8993,51.0,0.8995,910.0,0.8996,718.0
1753600087219,07:08:07.219,bybit,AERO/USDT:USDT,0.8994,17.0,0.8993,51.0,0.8995,910.0,0.8996,718.0
1753600087719,07:08:07.719,bybit,AERO/USDT:USDT,0.8994,17.0,0.8993,51.0,0.8995,736.0,0.8996,718.0
1753600087918,07:08:07.918,bybit,AERO/USDT:USDT,0.8994,17.0,0.8993,122.0,0.8995,736.0,0.8996,718.0
1753600088019,07:08:08.019,bybit,AERO/USDT:USDT,0.8994,17.0,0.8993,597.0,0.8995,1142.0,0.8996,718.0
1753600088117,07:08:08.117,bybit,AERO/USDT:USDT,0.8994,17.0,0.8993,597.0,0.8995,1142.0,0.8996,718.0
1753600088319,07:08:08.319,bybit,AERO/USDT:USDT,0.8994,768.0,0.8993,1030.0,0.8995,27.0,0.8996,163.0
1753600088417,07:08:08.417,bybit,AERO/USDT:USDT,0.8994,839.0,0.8993,1030.0,0.8995,27.0,0.8996,9.0
1753600088522,07:08:08.522,bybit,AERO/USDT:USDT,0.8994,839.0,0.8993,1039.0,0.8995,27.0,0.8996,9.0
1753600088621,07:08:08.621,bybit,AERO/USDT:USDT,0.8995,901.0,0.8994,1192.0,0.8996,47.0,0.8997,119.0
1753600088718,07:08:08.718,bybit,AERO/USDT:USDT,0.8995,1043.0,0.8994,1406.0,0.8996,47.0,0.8997,119.0
1753600088819,07:08:08.819,bybit,AERO/USDT:USDT,0.8996,1314.0,0.8995,1468.0,0.8997,9.0,0.8998,125.0
1753600088920,07:08:08.920,bybit,AERO/USDT:USDT,0.8997,842.0,0.8996,1312.0,0.8998,125.0,0.8999,9.0
1753600089020,07:08:09.020,bybit,AERO/USDT:USDT,0.8997,842.0,0.8996,1312.0,0.8998,15.0,0.8999,9.0
1753600089118,07:08:09.118,bybit,AERO/USDT:USDT,0.8997,842.0,0.8996,1312.0,0.8998,6.0,0.8999,9.0
1753600089318,07:08:09.318,bybit,AERO/USDT:USDT,0.8997,842.0,0.8996,1312.0,0.8998,6.0,0.8999,9.0
1753600089518,07:08:09.518,bybit,AERO/USDT:USDT,0.8997,842.0,0.8996,1312.0,0.8998,6.0,0.8999,9.0
1753600089617,07:08:09.617,bybit,AERO/USDT:USDT,0.8997,842.0,0.8996,1312.0,0.8998,6.0,0.8999,9.0
1753600089918,07:08:09.918,bybit,AERO/USDT:USDT,0.8997,842.0,0.8996,1312.0,0.8998,6.0,0.8999,9.0
1753600090018,07:08:10.018,bybit,AERO/USDT:USDT,0.8997,842.0,0.8996,1312.0,0.8998,6.0,0.8999,9.0
1753600090217,07:08:10.217,bybit,AERO/USDT:USDT,0.8997,842.0,0.8996,1312.0,0.8998,6.0,0.8999,9.0
1753600090917,07:08:10.917,bybit,AERO/USDT:USDT,0.8997,842.0,0.8996,1312.0,0.8998,6.0,0.8999,9.0
1753600091019,07:08:11.019,bybit,AERO/USDT:USDT,0.8997,842.0,0.8996,1312.0,0.8998,6.0,0.8999,9.0
1753600091219,07:08:11.219,bybit,AERO/USDT:USDT,0.8997,842.0,0.8996,1312.0,0.8998,6.0,0.8999,9.0
1753600091318,07:08:11.318,bybit,AERO/USDT:USDT,0.8997,842.0,0.8996,1312.0,0.8998,6.0,0.8999,9.0
1753600091519,07:08:11.519,bybit,AERO/USDT:USDT,0.8997,842.0,0.8996,1312.0,0.8998,6.0,0.8999,9.0
1753600092219,07:08:12.219,bybit,AERO/USDT:USDT,0.8997,700.0,0.8996,1312.0,0.8998,6.0,0.8999,9.0
1753600092417,07:08:12.417,bybit,AERO/USDT:USDT,0.8997,700.0,0.8996,1312.0,0.8998,6.0,0.8999,9.0
1753600092619,07:08:12.619,bybit,AERO/USDT:USDT,0.8997,700.0,0.8996,1241.0,0.8998,6.0,0.8999,9.0
1753600092719,07:08:12.719,bybit,AERO/USDT:USDT,0.8997,154.0,0.8996,1241.0,0.8998,6.0,0.8999,9.0
1753600092818,07:08:12.818,bybit,AERO/USDT:USDT,0.8997,154.0,0.8996,1475.0,0.8998,6.0,0.8999,9.0
1753600093117,07:08:13.117,bybit,AERO/USDT:USDT,0.8997,154.0,0.8996,1475.0,0.8998,6.0,0.8999,9.0
1753600093319,07:08:13.319,bybit,AERO/USDT:USDT,0.8997,154.0,0.8996,1546.0,0.8998,6.0,0.8999,9.0
1753600093718,07:08:13.718,bybit,AERO/USDT:USDT,0.8997,761.0,0.8996,1546.0,0.8998,6.0,0.8999,9.0
1753600093817,07:08:13.817,bybit,AERO/USDT:USDT,0.8997,761.0,0.8996,1546.0,0.8998,6.0,0.8999,9.0
1753600094819,07:08:14.819,bybit,AERO/USDT:USDT,0.8997,761.0,0.8996,1546.0,0.8998,6.0,0.8999,9.0
1753600094920,07:08:14.920,bybit,AERO/USDT:USDT,0.8997,761.0,0.8996,1546.0,0.8998,6.0,0.8999,9.0
1753600096018,07:08:16.018,bybit,AERO/USDT:USDT,0.8997,690.0,0.8996,1546.0,0.8998,6.0,0.8999,9.0
1753600096517,07:08:16.517,bybit,AERO/USDT:USDT,0.8997,690.0,0.8996,1546.0,0.8998,6.0,0.8999,9.0
1753600096619,07:08:16.619,bybit,AERO/USDT:USDT,0.8997,690.0,0.8996,1546.0,0.8998,6.0,0.8999,9.0
1753600096917,07:08:16.917,bybit,AERO/USDT:USDT,0.8997,690.0,0.8996,1546.0,0.8998,6.0,0.8999,9.0
1753600097218,07:08:17.218,bybit,AERO/USDT:USDT,0.8997,154.0,0.8996,1546.0,0.8998,6.0,0.8999,9.0
1753600097717,07:08:17.717,bybit,AERO/USDT:USDT,0.8997,225.0,0.8996,1546.0,0.8998,6.0,0.8999,9.0
1753600098217,07:08:18.217,bybit,AERO/USDT:USDT,0.8997,154.0,0.8996,1546.0,0.8998,6.0,0.8999,9.0
1753600098317,07:08:18.317,bybit,AERO/USDT:USDT,0.8997,154.0,0.8996,1546.0,0.8998,6.0,0.8999,9.0
1753600098619,07:08:18.619,bybit,AERO/USDT:USDT,0.8997,154.0,0.8996,1546.0,0.8998,6.0,0.8999,9.0
1753600098718,07:08:18.718,bybit,AERO/USDT:USDT,0.8997,154.0,0.8996,1546.0,0.8998,6.0,0.8999,9.0
1753600098817,07:08:18.817,bybit,AERO/USDT:USDT,0.8997,225.0,0.8996,1546.0,0.8998,6.0,0.8999,9.0
1753600098918,07:08:18.918,bybit,AERO/USDT:USDT,0.8997,154.0,0.8996,1546.0,0.8998,6.0,0.8999,9.0
1753600099118,07:08:19.118,bybit,AERO/USDT:USDT,0.8997,154.0,0.8996,1546.0,0.8998,6.0,0.8999,9.0
1753600099217,07:08:19.217,bybit,AERO/USDT:USDT,0.8997,154.0,0.8996,1546.0,0.8998,6.0,0.8999,9.0
1753600099917,07:08:19.917,bybit,AERO/USDT:USDT,0.8997,154.0,0.8996,1546.0,0.8998,6.0,0.8999,9.0
1753600100219,07:08:20.219,bybit,AERO/USDT:USDT,0.8997,154.0,0.8996,1546.0,0.8998,6.0,0.8999,9.0
1753600100317,07:08:20.317,bybit,AERO/USDT:USDT,0.8997,154.0,0.8996,1546.0,0.8998,6.0,0.8999,9.0
1753600100718,07:08:20.718,bybit,AERO/USDT:USDT,0.8997,154.0,0.8996,1546.0,0.8998,6.0,0.8999,9.0
1753600100817,07:08:20.817,bybit,AERO/USDT:USDT,0.8997,154.0,0.8996,1546.0,0.8998,6.0,0.8999,9.0
1753600101119,07:08:21.119,bybit,AERO/USDT:USDT,0.8997,154.0,0.8996,1546.0,0.8998,6.0,0.8999,9.0
1753600102417,07:08:22.417,bybit,AERO/USDT:USDT,0.8997,154.0,0.8996,1404.0,0.8998,6.0,0.8999,9.0
1753600102523,07:08:22.523,bybit,AERO/USDT:USDT,0.8996,615.0,0.8995,1183.0,0.8998,613.0,0.8999,9.0
1753600102618,07:08:22.618,bybit,AERO/USDT:USDT,0.8996,615.0,0.8995,1134.0,0.8998,568.0,0.8999,9.0
1753600102718,07:08:22.718,bybit,AERO/USDT:USDT,0.8996,615.0,0.8995,1134.0,0.8998,591.0,0.8999,174.0
1753600102918,07:08:22.918,bybit,AERO/USDT:USDT,0.8996,615.0,0.8995,1134.0,0.8998,591.0,0.8999,174.0
1753600103117,07:08:23.117,bybit,AERO/USDT:USDT,0.8996,615.0,0.8995,1134.0,0.8998,591.0,0.8999,174.0
1753600103417,07:08:23.417,bybit,AERO/USDT:USDT,0.8996,615.0,0.8995,1134.0,0.8998,591.0,0.8999,284.0
1753600103518,07:08:23.518,bybit,AERO/USDT:USDT,0.8996,615.0,0.8995,1134.0,0.8998,591.0,0.8999,284.0
1753600103619,07:08:23.619,bybit,AERO/USDT:USDT,0.8996,615.0,0.8995,1134.0,0.8998,591.0,0.8999,284.0
1753600103917,07:08:23.917,bybit,AERO/USDT:USDT,0.8996,615.0,0.8995,1134.0,0.8998,591.0,0.8999,284.0
1753600104119,07:08:24.119,bybit,AERO/USDT:USDT,0.8996,615.0,0.8995,1134.0,0.8998,591.0,0.8999,284.0
1753600104319,07:08:24.319,bybit,AERO/USDT:USDT,0.8996,421.0,0.8995,1134.0,0.8998,591.0,0.8999,284.0
1753600104417,07:08:24.417,bybit,AERO/USDT:USDT,0.8996,421.0,0.8995,1134.0,0.8998,591.0,0.8999,284.0
1753600104520,07:08:24.520,bybit,AERO/USDT:USDT,0.8996,421.0,0.8995,1134.0,0.8998,591.0,0.8999,284.0
1753600104819,07:08:24.819,bybit,AERO/USDT:USDT,0.8996,421.0,0.8995,1134.0,0.8998,591.0,0.8999,284.0
1753600105119,07:08:25.119,bybit,AERO/USDT:USDT,0.8996,421.0,0.8995,1134.0,0.8998,568.0,0.8999,119.0
1753600105318,07:08:25.318,bybit,AERO/USDT:USDT,0.8996,421.0,0.8995,1134.0,0.8998,568.0,0.8999,261.0
1753600105617,07:08:25.617,bybit,AERO/USDT:USDT,0.8996,421.0,0.8995,1134.0,0.8998,568.0,0.8999,261.0
1753600105717,07:08:25.717,bybit,AERO/USDT:USDT,0.8996,741.0,0.8995,1134.0,0.8998,568.0,0.8999,261.0
1753600105819,07:08:25.819,bybit,AERO/USDT:USDT,0.8996,741.0,0.8995,1134.0,0.8998,568.0,0.8999,261.0
1753600105918,07:08:25.918,bybit,AERO/USDT:USDT,0.8997,550.0,0.8996,1073.0,0.8998,32.0,0.8999,119.0
1753600106018,07:08:26.018,bybit,AERO/USDT:USDT,0.8997,550.0,0.8996,1073.0,0.8998,32.0,0.8999,119.0
1753600106120,07:08:26.120,bybit,AERO/USDT:USDT,0.8997,550.0,0.8996,1002.0,0.8998,32.0,0.8999,119.0
1753600106317,07:08:26.317,bybit,AERO/USDT:USDT,0.8997,550.0,0.8996,1002.0,0.8998,32.0,0.8999,9.0
1753600108218,07:08:28.218,bybit,AERO/USDT:USDT,0.8997,550.0,0.8996,1002.0,0.8998,32.0,0.8999,9.0
1753600108317,07:08:28.317,bybit,AERO/USDT:USDT,0.8997,550.0,0.8996,1073.0,0.8998,32.0,0.8999,9.0
1753600108617,07:08:28.617,bybit,AERO/USDT:USDT,0.8997,550.0,0.8996,1002.0,0.8998,32.0,0.8999,9.0
1753600108917,07:08:28.917,bybit,AERO/USDT:USDT,0.8997,550.0,0.8996,1002.0,0.8998,32.0,0.8999,9.0
1753600109018,07:08:29.018,bybit,AERO/USDT:USDT,0.8997,550.0,0.8996,1073.0,0.8998,32.0,0.8999,9.0
1753600109719,07:08:29.719,bybit,AERO/USDT:USDT,0.8997,550.0,0.8996,1073.0,0.8998,32.0,0.8999,9.0
1753600109818,07:08:29.818,bybit,AERO/USDT:USDT,0.8997,550.0,0.8996,1002.0,0.8998,32.0,0.8999,9.0
1753600109918,07:08:29.918,bybit,AERO/USDT:USDT,0.8997,550.0,0.8996,931.0,0.8998,32.0,0.8999,9.0
1753600110020,07:08:30.020,bybit,AERO/USDT:USDT,0.8997,550.0,0.8996,1073.0,0.8998,32.0,0.8999,9.0
1753600110317,07:08:30.317,bybit,AERO/USDT:USDT,0.8997,560.0,0.8996,1073.0,0.8998,32.0,0.8999,9.0
1753600110417,07:08:30.417,bybit,AERO/USDT:USDT,0.8997,560.0,0.8996,931.0,0.8998,32.0,0.8999,9.0
1753600110524,07:08:30.524,bybit,AERO/USDT:USDT,0.8997,560.0,0.8996,1073.0,0.8998,32.0,0.8999,9.0
1753600110617,07:08:30.617,bybit,AERO/USDT:USDT,0.8997,560.0,0.8996,1073.0,0.8998,32.0,0.8999,9.0
1753600110818,07:08:30.818,bybit,AERO/USDT:USDT,0.8997,560.0,0.8996,1002.0,0.8998,32.0,0.8999,9.0
1753600110919,07:08:30.919,bybit,AERO/USDT:USDT,0.8997,10.0,0.8996,931.0,0.8998,582.0,0.8999,1114.0
1753600111019,07:08:31.019,bybit,AERO/USDT:USDT,0.8997,10.0,0.8996,931.0,0.8998,582.0,0.8999,1208.0
1753600111119,07:08:31.119,bybit,AERO/USDT:USDT,0.8997,10.0,0.8996,931.0,0.8998,605.0,0.8999,1208.0
1753600111320,07:08:31.320,bybit,AERO/USDT:USDT,0.8999,201.0,0.8998,704.0,0.9001,596.0,0.9002,1422.0
1753600111417,07:08:31.417,bybit,AERO/USDT:USDT,0.8999,201.0,0.8998,958.0,0.9001,596.0,0.9002,1186.0
1753600111520,07:08:31.520,bybit,AERO/USDT:USDT,0.8999,201.0,0.8998,958.0,0.9001,596.0,0.9002,1186.0
1753600111717,07:08:31.717,bybit,AERO/USDT:USDT,0.8999,201.0,0.8998,958.0,0.9001,596.0,0.9002,1186.0
1753600111818,07:08:31.818,bybit,AERO/USDT:USDT,0.8999,201.0,0.8998,958.0,0.9001,667.0,0.9002,1209.0
1753600112118,07:08:32.118,bybit,AERO/USDT:USDT,0.8999,201.0,0.8998,958.0,0.9001,667.0,0.9002,1209.0
1753600112219,07:08:32.219,bybit,AERO/USDT:USDT,0.8999,201.0,0.8998,958.0,0.9001,596.0,0.9002,1209.0
1753600112318,07:08:32.318,bybit,AERO/USDT:USDT,0.8999,201.0,0.8998,958.0,0.9001,596.0,0.9002,1209.0
1753600112417,07:08:32.417,bybit,AERO/USDT:USDT,0.8999,201.0,0.8998,958.0,0.9001,596.0,0.9002,1209.0
1753600112523,07:08:32.523,bybit,AERO/USDT:USDT,0.8999,201.0,0.8998,704.0,0.9001,691.0,0.9002,1209.0
1753600113020,07:08:33.020,bybit,AERO/USDT:USDT,0.8999,201.0,0.8998,704.0,0.9001,691.0,0.9002,1209.0
1753600113118,07:08:33.118,bybit,AERO/USDT:USDT,0.8999,201.0,0.8998,704.0,0.9001,620.0,0.9002,1209.0
1753600113618,07:08:33.618,bybit,AERO/USDT:USDT,0.8999,201.0,0.8998,704.0,0.9001,691.0,0.9002,1209.0
1753600114219,07:08:34.219,bybit,AERO/USDT:USDT,0.8999,201.0,0.8998,704.0,0.9001,691.0,0.9002,1209.0
1753600114818,07:08:34.818,bybit,AERO/USDT:USDT,0.8999,201.0,0.8998,704.0,0.9001,691.0,0.9002,1209.0
1753600114918,07:08:34.918,bybit,AERO/USDT:USDT,0.8997,958.0,0.8996,931.0,0.9,844.0,0.9001,1317.0
1753600115018,07:08:35.018,bybit,AERO/USDT:USDT,0.8997,560.0,0.8996,931.0,0.9,867.0,0.9001,1365.0
1753600115117,07:08:35.117,bybit,AERO/USDT:USDT,0.8997,560.0,0.8996,931.0,0.9,867.0,0.9001,1365.0
1753600115919,07:08:35.919,bybit,AERO/USDT:USDT,0.8997,560.0,0.8996,931.0,0.9,867.0,0.9001,1365.0
1753600116525,07:08:36.525,bybit,AERO/USDT:USDT,0.8997,560.0,0.8996,931.0,0.9,844.0,0.9001,1342.0
1753600117217,07:08:37.217,bybit,AERO/USDT:USDT,0.8997,560.0,0.8996,931.0,0.9,702.0,0.9001,1342.0
1753600117318,07:08:37.318,bybit,AERO/USDT:USDT,0.8997,560.0,0.8996,931.0,0.9,702.0,0.9001,1342.0
1753600117417,07:08:37.417,bybit,AERO/USDT:USDT,0.8997,560.0,0.8996,931.0,0.9,702.0,0.9001,1342.0
1753600117818,07:08:37.818,bybit,AERO/USDT:USDT,0.8997,560.0,0.8996,931.0,0.9,702.0,0.9001,1342.0
1753600117918,07:08:37.918,bybit,AERO/USDT:USDT,0.8997,560.0,0.8996,931.0,0.9,844.0,0.9001,1342.0
1753600118318,07:08:38.318,bybit,AERO/USDT:USDT,0.8997,560.0,0.8996,931.0,0.9,773.0,0.9001,1342.0
1753600118417,07:08:38.417,bybit,AERO/USDT:USDT,0.8997,560.0,0.8996,931.0,0.9,773.0,0.9001,1342.0
1753600118719,07:08:38.719,bybit,AERO/USDT:USDT,0.8997,560.0,0.8996,931.0,0.9,844.0,0.9001,1342.0
1753600118818,07:08:38.818,bybit,AERO/USDT:USDT,0.8997,560.0,0.8996,931.0,0.9,844.0,0.9001,1342.0
1753600119619,07:08:39.619,bybit,AERO/USDT:USDT,0.8997,560.0,0.8996,931.0,0.9,844.0,0.9001,1342.0
1753600119919,07:08:39.919,bybit,AERO/USDT:USDT,0.8997,560.0,0.8996,931.0,0.9,844.0,0.9001,1342.0
1753600120020,07:08:40.020,bybit,AERO/USDT:USDT,0.8997,560.0,0.8996,980.0,0.9,702.0,0.9001,1271.0
1753600120117,07:08:40.117,bybit,AERO/USDT:USDT,0.8997,560.0,0.8996,980.0,0.9,702.0,0.9001,1342.0
1753600120520,07:08:40.520,bybit,AERO/USDT:USDT,0.8997,560.0,0.8996,1122.0,0.9,702.0,0.9001,1271.0
1753600120617,07:08:40.617,bybit,AERO/USDT:USDT,0.8998,548.0,0.8997,817.0,0.9,154.0,0.9001,596.0
1753600120719,07:08:40.719,bybit,AERO/USDT:USDT,0.8998,548.0,0.8997,817.0,0.9,154.0,0.9001,596.0
1753600120817,07:08:40.817,bybit,AERO/USDT:USDT,0.8998,722.0,0.8997,897.0,0.9001,596.0,0.9002,1044.0
1753600121018,07:08:41.018,bybit,AERO/USDT:USDT,0.8999,548.0,0.8998,1583.0,0.9001,46.0,0.9002,1044.0
1753600121319,07:08:41.319,bybit,AERO/USDT:USDT,0.8999,974.0,0.8998,1654.0,0.9001,46.0,0.9002,571.0
1753600121417,07:08:41.417,bybit,AERO/USDT:USDT,0.8999,974.0,0.8998,1654.0,0.9001,46.0,0.9002,571.0
1753600121919,07:08:41.919,bybit,AERO/USDT:USDT,0.8999,974.0,0.8998,1654.0,0.9001,46.0,0.9002,571.0
1753600122320,07:08:42.320,bybit,AERO/USDT:USDT,0.8999,974.0,0.8998,1654.0,0.9001,46.0,0.9002,571.0
1753600122420,07:08:42.420,bybit,AERO/USDT:USDT,0.8999,974.0,0.8998,1654.0,0.9001,46.0,0.9002,571.0
1753600122619,07:08:42.619,bybit,AERO/USDT:USDT,0.8999,974.0,0.8998,1654.0,0.9001,46.0,0.9002,571.0
1753600123019,07:08:43.019,bybit,AERO/USDT:USDT,0.9,288.0,0.8999,974.0,0.9001,9.0,0.9002,571.0
1753600123119,07:08:43.119,bybit,AERO/USDT:USDT,0.9,288.0,0.8999,974.0,0.9001,9.0,0.9002,571.0
1753600123217,07:08:43.217,bybit,AERO/USDT:USDT,0.8998,957.0,0.8997,1570.0,0.9001,628.0,0.9002,642.0
1753600123317,07:08:43.317,bybit,AERO/USDT:USDT,0.8998,722.0,0.8997,849.0,0.9001,628.0,0.9002,652.0
1753600123417,07:08:43.417,bybit,AERO/USDT:USDT,0.8998,722.0,0.8997,849.0,0.9001,557.0,0.9002,691.0
1753600123517,07:08:43.517,bybit,AERO/USDT:USDT,0.8998,722.0,0.8997,849.0,0.9001,628.0,0.9002,691.0
1753600124017,07:08:44.017,bybit,AERO/USDT:USDT,0.8998,722.0,0.8997,569.0,0.9001,557.0,0.9002,691.0
1753600124119,07:08:44.119,bybit,AERO/USDT:USDT,0.8998,722.0,0.8997,569.0,0.9001,628.0,0.9002,691.0
1753600124418,07:08:44.418,bybit,AERO/USDT:USDT,0.8998,722.0,0.8997,569.0,0.9001,628.0,0.9002,762.0
1753600124520,07:08:44.520,bybit,AERO/USDT:USDT,0.8998,722.0,0.8997,569.0,0.9001,628.0,0.9002,691.0
1753600124718,07:08:44.718,bybit,AERO/USDT:USDT,0.8998,722.0,0.8997,569.0,0.9001,699.0,0.9002,762.0
1753600124817,07:08:44.817,bybit,AERO/USDT:USDT,0.8998,722.0,0.8997,569.0,0.9001,699.0,0.9002,762.0
1753600124918,07:08:44.918,bybit,AERO/USDT:USDT,0.8998,174.0,0.8997,569.0,0.9001,722.0,0.9002,785.0
1753600125417,07:08:45.417,bybit,AERO/USDT:USDT,0.8998,174.0,0.8997,569.0,0.9001,722.0,0.9002,785.0
1753600125519,07:08:45.519,bybit,AERO/USDT:USDT,0.8998,174.0,0.8997,569.0,0.9001,722.0,0.9002,895.0
1753600125719,07:08:45.719,bybit,AERO/USDT:USDT,0.8998,174.0,0.8997,569.0,0.9001,722.0,0.9002,895.0
1753600125918,07:08:45.918,bybit,AERO/USDT:USDT,0.8998,174.0,0.8997,569.0,0.9001,722.0,0.9002,895.0
1753600126118,07:08:46.118,bybit,AERO/USDT:USDT,0.8998,174.0,0.8997,569.0,0.9001,722.0,0.9002,895.0
1753600126817,07:08:46.817,bybit,AERO/USDT:USDT,0.8998,174.0,0.8997,569.0,0.9001,674.0,0.9002,895.0
1753600126917,07:08:46.917,bybit,AERO/USDT:USDT,0.8998,174.0,0.8997,569.0,0.9001,674.0,0.9002,895.0
1753600127020,07:08:47.020,bybit,AERO/USDT:USDT,0.8998,174.0,0.8997,569.0,0.9001,674.0,0.9002,895.0
1753600127117,07:08:47.117,bybit,AERO/USDT:USDT,0.8998,174.0,0.8997,569.0,0.9001,674.0,0.9002,895.0
1753600127417,07:08:47.417,bybit,AERO/USDT:USDT,0.8998,722.0,0.8997,569.0,0.9001,580.0,0.9002,730.0
1753600127619,07:08:47.619,bybit,AERO/USDT:USDT,0.8998,722.0,0.8997,569.0,0.9001,580.0,0.9002,730.0
1753600127717,07:08:47.717,bybit,AERO/USDT:USDT,0.8998,722.0,0.8997,569.0,0.9001,580.0,0.9002,872.0
1753600127820,07:08:47.820,bybit,AERO/USDT:USDT,0.8998,722.0,0.8997,569.0,0.9001,580.0,0.9002,872.0
1753600128119,07:08:48.119,bybit,AERO/USDT:USDT,0.8998,722.0,0.8997,569.0,0.9001,651.0,0.9002,872.0
1753600128318,07:08:48.318,bybit,AERO/USDT:USDT,0.8998,722.0,0.8997,569.0,0.9001,651.0,0.9002,872.0
1753600128418,07:08:48.418,bybit,AERO/USDT:USDT,0.8998,722.0,0.8997,569.0,0.9001,651.0,0.9002,762.0
1753600128919,07:08:48.919,bybit,AERO/USDT:USDT,0.8998,722.0,0.8997,569.0,0.9001,651.0,0.9002,762.0
1753600129618,07:08:49.618,bybit,AERO/USDT:USDT,0.8998,722.0,0.8997,569.0,0.9001,580.0,0.9002,762.0
1753600129717,07:08:49.717,bybit,AERO/USDT:USDT,0.8998,722.0,0.8997,569.0,0.9001,651.0,0.9002,762.0
1753600129917,07:08:49.917,bybit,AERO/USDT:USDT,0.8998,722.0,0.8997,569.0,0.9001,651.0,0.9002,762.0
1753600130218,07:08:50.218,bybit,AERO/USDT:USDT,0.8998,722.0,0.8997,569.0,0.9001,651.0,0.9002,762.0
1753600130417,07:08:50.417,bybit,AERO/USDT:USDT,0.8998,722.0,0.8997,569.0,0.9001,651.0,0.9002,762.0
1753600130918,07:08:50.918,bybit,AERO/USDT:USDT,0.8998,722.0,0.8997,569.0,0.9001,651.0,0.9002,762.0
1753600131518,07:08:51.518,bybit,AERO/USDT:USDT,0.8998,722.0,0.8997,569.0,0.9001,651.0,0.9002,762.0
1753600132217,07:08:52.217,bybit,AERO/USDT:USDT,0.8998,722.0,0.8997,569.0,0.9001,651.0,0.9002,762.0
1753600132317,07:08:52.317,bybit,AERO/USDT:USDT,0.8998,722.0,0.8997,569.0,0.9001,580.0,0.9002,691.0
1753600132418,07:08:52.418,bybit,AERO/USDT:USDT,0.8998,722.0,0.8997,569.0,0.9001,580.0,0.9002,642.0
1753600132521,07:08:52.521,bybit,AERO/USDT:USDT,0.8998,722.0,0.8997,569.0,0.9001,651.0,0.9002,762.0
1753600132619,07:08:52.619,bybit,AERO/USDT:USDT,0.8998,722.0,0.8997,569.0,0.9001,651.0,0.9002,762.0
1753600133017,07:08:53.017,bybit,AERO/USDT:USDT,0.8999,548.0,0.8998,1522.0,0.9001,32.0,0.9002,571.0
1753600133118,07:08:53.118,bybit,AERO/USDT:USDT,0.9,571.0,0.8999,1170.0,0.9001,9.0,0.9002,135.0
1753600133318,07:08:53.318,bybit,AERO/USDT:USDT,0.9,571.0,0.8999,1170.0,0.9001,9.0,0.9002,25.0
1753600133518,07:08:53.518,bybit,AERO/USDT:USDT,0.9,571.0,0.8999,1179.0,0.9001,9.0,0.9002,25.0
1753600134320,07:08:54.320,bybit,AERO/USDT:USDT,0.9,571.0,0.8999,1179.0,0.9001,9.0,0.9002,25.0
1753600134418,07:08:54.418,bybit,AERO/USDT:USDT,0.9,571.0,0.8999,1179.0,0.9001,9.0,0.9002,25.0
1753600134521,07:08:54.521,bybit,AERO/USDT:USDT,0.9,571.0,0.8999,1179.0,0.9001,9.0,0.9002,25.0
1753600135118,07:08:55.118,bybit,AERO/USDT:USDT,0.9,571.0,0.8999,1179.0,0.9001,9.0,0.9002,25.0
1753600135217,07:08:55.217,bybit,AERO/USDT:USDT,0.9,571.0,0.8999,1006.0,0.9001,9.0,0.9002,25.0
1753600135718,07:08:55.718,bybit,AERO/USDT:USDT,0.9,571.0,0.8999,1006.0,0.9001,9.0,0.9002,25.0
1753600136019,07:08:56.019,bybit,AERO/USDT:USDT,0.9,571.0,0.8999,1006.0,0.9001,9.0,0.9002,25.0
1753600136217,07:08:56.217,bybit,AERO/USDT:USDT,0.9,571.0,0.8999,1006.0,0.9001,9.0,0.9002,25.0
1753600136318,07:08:56.318,bybit,AERO/USDT:USDT,0.9,571.0,0.8999,1006.0,0.9001,9.0,0.9002,25.0
1753600136417,07:08:56.417,bybit,AERO/USDT:USDT,0.9,713.0,0.8999,1055.0,0.9001,9.0,0.9002,25.0
1753600136520,07:08:56.520,bybit,AERO/USDT:USDT,0.9,881.0,0.8999,1055.0,0.9001,9.0,0.9002,25.0
1753600136617,07:08:56.617,bybit,AERO/USDT:USDT,0.9001,558.0,0.9,1112.0,0.9002,25.0,0.9003,9.0
1753600136719,07:08:56.719,bybit,AERO/USDT:USDT,0.9001,558.0,0.9,1112.0,0.9002,431.0,0.9003,9.0
1753600137018,07:08:57.018,bybit,AERO/USDT:USDT,0.9001,558.0,0.9,1112.0,0.9002,431.0,0.9003,9.0
1753600137219,07:08:57.219,bybit,AERO/USDT:USDT,0.9001,558.0,0.9,1112.0,0.9002,431.0,0.9003,9.0
1753600137419,07:08:57.419,bybit,AERO/USDT:USDT,0.9001,558.0,0.9,1112.0,0.9002,431.0,0.9003,9.0
1753600137618,07:08:57.618,bybit,AERO/USDT:USDT,0.9001,558.0,0.9,1041.0,0.9002,431.0,0.9003,9.0
1753600137719,07:08:57.719,bybit,AERO/USDT:USDT,0.9001,558.0,0.9,1112.0,0.9002,431.0,0.9003,9.0
1753600137918,07:08:57.918,bybit,AERO/USDT:USDT,0.9001,558.0,0.9,1112.0,0.9002,431.0,0.9003,9.0
1753600138017,07:08:58.017,bybit,AERO/USDT:USDT,0.9001,558.0,0.9,1089.0,0.9002,431.0,0.9003,9.0
1753600138218,07:08:58.218,bybit,AERO/USDT:USDT,0.9001,629.0,0.9,1112.0,0.9002,7.0,0.9003,9.0
1753600138318,07:08:58.318,bybit,AERO/USDT:USDT,0.9001,629.0,0.9,1112.0,0.9002,7.0,0.9003,9.0
1753600138520,07:08:58.520,bybit,AERO/USDT:USDT,0.9001,629.0,0.9,1112.0,0.9002,7.0,0.9003,9.0
1753600138618,07:08:58.618,bybit,AERO/USDT:USDT,0.9001,700.0,0.9,1112.0,0.9002,7.0,0.9003,9.0
1753600138718,07:08:58.718,bybit,AERO/USDT:USDT,0.9001,629.0,0.9,1112.0,0.9002,7.0,0.9003,9.0
1753600138817,07:08:58.817,bybit,AERO/USDT:USDT,0.9001,700.0,0.9,1112.0,0.9002,7.0,0.9003,9.0
1753600138919,07:08:58.919,bybit,AERO/USDT:USDT,0.9001,700.0,0.9,1112.0,0.9002,7.0,0.9003,9.0
1753600139020,07:08:59.020,bybit,AERO/USDT:USDT,0.9001,700.0,0.9,1112.0,0.9002,7.0,0.9003,9.0
1753600139919,07:08:59.919,bybit,AERO/USDT:USDT,0.9001,700.0,0.9,1112.0,0.9002,7.0,0.9003,9.0
1753600140217,07:09:00.217,bybit,AERO/USDT:USDT,0.9001,700.0,0.9,1112.0,0.9002,7.0,0.9003,9.0
1753600140317,07:09:00.317,bybit,AERO/USDT:USDT,0.9001,700.0,0.9,1112.0,0.9002,7.0,0.9003,9.0
1753600140418,07:09:00.418,bybit,AERO/USDT:USDT,0.9001,860.0,0.9,1112.0,0.9002,7.0,0.9003,9.0
1753600140521,07:09:00.521,bybit,AERO/USDT:USDT,0.9001,860.0,0.9,1112.0,0.9002,7.0,0.9003,9.0
1753600141019,07:09:01.019,bybit,AERO/USDT:USDT,0.9001,789.0,0.9,1112.0,0.9002,7.0,0.9003,9.0
1753600141318,07:09:01.318,bybit,AERO/USDT:USDT,0.9001,860.0,0.9,1112.0,0.9002,7.0,0.9003,9.0
1753600141818,07:09:01.818,bybit,AERO/USDT:USDT,0.9001,860.0,0.9,1112.0,0.9002,7.0,0.9003,9.0
1753600142118,07:09:02.118,bybit,AERO/USDT:USDT,0.9001,718.0,0.9,1112.0,0.9002,7.0,0.9003,9.0
1753600142219,07:09:02.219,bybit,AERO/USDT:USDT,0.9001,860.0,0.9,1112.0,0.9002,7.0,0.9003,9.0
1753600142318,07:09:02.318,bybit,AERO/USDT:USDT,0.9001,789.0,0.9,1112.0,0.9002,7.0,0.9003,9.0
1753600142517,07:09:02.517,bybit,AERO/USDT:USDT,0.9001,789.0,0.9,1112.0,0.9002,7.0,0.9003,9.0
1753600143020,07:09:03.020,bybit,AERO/USDT:USDT,0.9001,718.0,0.9,1089.0,0.9002,7.0,0.9003,9.0
1753600143117,07:09:03.117,bybit,AERO/USDT:USDT,0.9001,718.0,0.9,1089.0,0.9002,7.0,0.9003,9.0
1753600143220,07:09:03.220,bybit,AERO/USDT:USDT,0.9001,718.0,0.9,947.0,0.9002,7.0,0.9003,9.0
1753600143317,07:09:03.317,bybit,AERO/USDT:USDT,0.9001,718.0,0.9,1089.0,0.9002,7.0,0.9003,9.0
1753600143417,07:09:03.417,bybit,AERO/USDT:USDT,0.9001,860.0,0.9,1089.0,0.9002,7.0,0.9003,9.0
1753600144117,07:09:04.117,bybit,AERO/USDT:USDT,0.9001,860.0,0.9,1089.0,0.9002,7.0,0.9003,9.0
1753600145818,07:09:05.818,bybit,AERO/USDT:USDT,0.9001,860.0,0.9,1121.0,0.9002,7.0,0.9003,9.0
1753600146417,07:09:06.417,bybit,AERO/USDT:USDT,0.9001,860.0,0.9,1121.0,0.9002,7.0,0.9003,9.0
1753600146520,07:09:06.520,bybit,AERO/USDT:USDT,0.9001,860.0,0.9,1121.0,0.9002,7.0,0.9003,9.0
1753600146619,07:09:06.619,bybit,AERO/USDT:USDT,0.9001,860.0,0.9,1121.0,0.9002,7.0,0.9003,9.0
1753600146719,07:09:06.719,bybit,AERO/USDT:USDT,0.9001,860.0,0.9,1121.0,0.9002,7.0,0.9003,9.0
1753600147118,07:09:07.118,bybit,AERO/USDT:USDT,0.9001,860.0,0.9,1170.0,0.9002,7.0,0.9004,240.0
1753600147217,07:09:07.217,bybit,AERO/USDT:USDT,0.9001,860.0,0.9,1170.0,0.9002,7.0,0.9004,240.0
1753600147520,07:09:07.520,bybit,AERO/USDT:USDT,0.9001,860.0,0.9,1170.0,0.9002,7.0,0.9004,240.0
1753600147718,07:09:07.718,bybit,AERO/USDT:USDT,0.9001,860.0,0.9,1170.0,0.9002,7.0,0.9004,240.0
1753600147817,07:09:07.817,bybit,AERO/USDT:USDT,0.9001,860.0,0.9,1170.0,0.9002,7.0,0.9004,240.0
1753600148319,07:09:08.319,bybit,AERO/USDT:USDT,0.9001,860.0,0.9,1170.0,0.9002,7.0,0.9004,240.0
1753600148419,07:09:08.419,bybit,AERO/USDT:USDT,0.9001,860.0,0.9,1170.0,0.9002,7.0,0.9004,240.0
1753600148719,07:09:08.719,bybit,AERO/USDT:USDT,0.9001,860.0,0.9,1170.0,0.9002,7.0,0.9004,240.0
1753600148818,07:09:08.818,bybit,AERO/USDT:USDT,0.9001,860.0,0.9,1170.0,0.9002,7.0,0.9004,240.0
1753600148919,07:09:08.919,bybit,AERO/USDT:USDT,0.9001,860.0,0.9,1170.0,0.9002,7.0,0.9004,240.0
1753600149019,07:09:09.019,bybit,AERO/USDT:USDT,0.9001,860.0,0.9,1170.0,0.9002,7.0,0.9004,240.0
1753600149219,07:09:09.219,bybit,AERO/USDT:USDT,0.9001,860.0,0.9,1170.0,0.9002,7.0,0.9004,240.0
1753600149317,07:09:09.317,bybit,AERO/USDT:USDT,0.9001,860.0,0.9,1281.0,0.9002,7.0,0.9004,240.0
1753600149618,07:09:09.618,bybit,AERO/USDT:USDT,0.9001,860.0,0.9,1281.0,0.9002,7.0,0.9004,240.0
1753600149719,07:09:09.719,bybit,AERO/USDT:USDT,0.9001,970.0,0.9,1281.0,0.9002,7.0,0.9004,240.0
1753600149819,07:09:09.819,bybit,AERO/USDT:USDT,0.9001,970.0,0.9,1281.0,0.9002,7.0,0.9004,240.0
1753600149918,07:09:09.918,bybit,AERO/USDT:USDT,0.9001,970.0,0.9,1170.0,0.9002,7.0,0.9004,240.0
1753600150017,07:09:10.017,bybit,AERO/USDT:USDT,0.9001,970.0,0.9,1170.0,0.9002,7.0,0.9004,240.0
1753600150117,07:09:10.117,bybit,AERO/USDT:USDT,0.9001,970.0,0.9,1281.0,0.9002,7.0,0.9004,240.0
1753600150218,07:09:10.218,bybit,AERO/USDT:USDT,0.9001,970.0,0.9,1281.0,0.9002,7.0,0.9004,240.0
1753600150317,07:09:10.317,bybit,AERO/USDT:USDT,0.9001,1080.0,0.9,1281.0,0.9002,7.0,0.9004,240.0
1753600150618,07:09:10.618,bybit,AERO/USDT:USDT,0.9001,1119.0,0.9,1281.0,0.9002,7.0,0.9004,240.0
1753600150718,07:09:10.718,bybit,AERO/USDT:USDT,0.9001,1119.0,0.9,1281.0,0.9002,7.0,0.9004,240.0
1753600150820,07:09:10.820,bybit,AERO/USDT:USDT,0.9003,1245.0,0.9002,1877.0,0.9004,240.0,0.9005,46.0
1753600150918,07:09:10.918,bybit,AERO/USDT:USDT,0.9003,1245.0,0.9002,2143.0,0.9004,30.0,0.9005,46.0
1753600151019,07:09:11.019,bybit,AERO/USDT:USDT,0.9003,1316.0,0.9002,2143.0,0.9004,7.0,0.9005,46.0
1753600151119,07:09:11.119,bybit,AERO/USDT:USDT,0.9003,1316.0,0.9002,2143.0,0.9004,7.0,0.9005,46.0
1753600151219,07:09:11.219,bybit,AERO/USDT:USDT,0.9003,1316.0,0.9002,2143.0,0.9004,7.0,0.9005,46.0
1753600151317,07:09:11.317,bybit,AERO/USDT:USDT,0.9003,1316.0,0.9002,2120.0,0.9004,7.0,0.9005,46.0
1753600151419,07:09:11.419,bybit,AERO/USDT:USDT,0.9003,1206.0,0.9002,2120.0,0.9004,7.0,0.9005,46.0
1753600151518,07:09:11.518,bybit,AERO/USDT:USDT,0.9003,1206.0,0.9002,2120.0,0.9004,7.0,0.9005,46.0
1753600151619,07:09:11.619,bybit,AERO/USDT:USDT,0.9003,1206.0,0.9002,2143.0,0.9004,7.0,0.9006,245.0
1753600151817,07:09:11.817,bybit,AERO/USDT:USDT,0.9003,1206.0,0.9002,2143.0,0.9004,7.0,0.9006,245.0
1753600151919,07:09:11.919,bybit,AERO/USDT:USDT,0.9003,1135.0,0.9002,2143.0,0.9004,7.0,0.9006,245.0
1753600152018,07:09:12.018,bybit,AERO/USDT:USDT,0.9003,1135.0,0.9002,2143.0,0.9004,7.0,0.9006,245.0
1753600152117,07:09:12.117,bybit,AERO/USDT:USDT,0.9003,1135.0,0.9002,2143.0,0.9004,7.0,0.9006,245.0
1753600152217,07:09:12.217,bybit,AERO/USDT:USDT,0.9003,1135.0,0.9002,2143.0,0.9004,7.0,0.9006,245.0
1753600152517,07:09:12.517,bybit,AERO/USDT:USDT,0.9002,549.0,0.9001,1735.0,0.9003,532.0,0.9004,484.0
1753600152618,07:09:12.618,bybit,AERO/USDT:USDT,0.9002,549.0,0.9001,1100.0,0.9003,532.0,0.9004,7.0
1753600152717,07:09:12.717,bybit,AERO/USDT:USDT,0.9002,549.0,0.9001,1100.0,0.9003,532.0,0.9004,78.0
1753600153018,07:09:13.018,bybit,AERO/USDT:USDT,0.9001,1091.0,0.9,2499.0,0.9003,674.0,0.9004,919.0
1753600153117,07:09:13.117,bybit,AERO/USDT:USDT,0.9001,1091.0,0.9,2499.0,0.9003,603.0,0.9004,919.0
1753600153219,07:09:13.219,bybit,AERO/USDT:USDT,0.9001,1091.0,0.9,2499.0,0.9003,532.0,0.9004,848.0
1753600153318,07:09:13.318,bybit,AERO/USDT:USDT,0.9001,1091.0,0.9,2499.0,0.9003,532.0,0.9004,848.0
1753600153419,07:09:13.419,bybit,AERO/USDT:USDT,0.9001,1091.0,0.9,2499.0,0.9003,532.0,0.9004,848.0
1753600153517,07:09:13.517,bybit,AERO/USDT:USDT,0.9001,1091.0,0.9,2570.0,0.9003,532.0,0.9004,777.0
1753600153619,07:09:13.619,bybit,AERO/USDT:USDT,0.9001,1091.0,0.9,2570.0,0.9003,532.0,0.9004,777.0
1753600153918,07:09:13.918,bybit,AERO/USDT:USDT,0.9001,1091.0,0.9,2570.0,0.9003,532.0,0.9004,848.0
1753600154017,07:09:14.017,bybit,AERO/USDT:USDT,0.9001,1091.0,0.9,2570.0,0.9003,532.0,0.9004,848.0
1753600154219,07:09:14.219,bybit,AERO/USDT:USDT,0.9001,1091.0,0.9,2570.0,0.9003,532.0,0.9004,848.0
1753600154317,07:09:14.317,bybit,AERO/USDT:USDT,0.9001,1091.0,0.9,2499.0,0.9003,603.0,0.9004,919.0
1753600154419,07:09:14.419,bybit,AERO/USDT:USDT,0.9001,1091.0,0.9,2499.0,0.9003,603.0,0.9004,919.0
1753600154718,07:09:14.718,bybit,AERO/USDT:USDT,0.9001,1091.0,0.9,2570.0,0.9003,532.0,0.9004,754.0
1753600154818,07:09:14.818,bybit,AERO/USDT:USDT,0.9002,543.0,0.9001,1091.0,0.9003,532.0,0.9004,825.0
1753600154920,07:09:14.920,bybit,AERO/USDT:USDT,0.9002,543.0,0.9001,1100.0,0.9003,532.0,0.9004,205.0
1753600155119,07:09:15.119,bybit,AERO/USDT:USDT,0.9002,543.0,0.9001,1100.0,0.9003,532.0,0.9004,276.0
1753600155218,07:09:15.218,bybit,AERO/USDT:USDT,0.9002,543.0,0.9001,949.0,0.9003,532.0,0.9004,276.0
1753600155419,07:09:15.419,bybit,AERO/USDT:USDT,0.9002,543.0,0.9001,949.0,0.9003,532.0,0.9004,276.0
1753600155520,07:09:15.520,bybit,AERO/USDT:USDT,0.9002,543.0,0.9001,949.0,0.9003,532.0,0.9004,276.0
1753600155620,07:09:15.620,bybit,AERO/USDT:USDT,0.9002,543.0,0.9001,949.0,0.9003,532.0,0.9004,276.0
1753600155717,07:09:15.717,bybit,AERO/USDT:USDT,0.9002,543.0,0.9001,949.0,0.9003,557.0,0.9004,276.0
1753600155819,07:09:15.819,bybit,AERO/USDT:USDT,0.9002,543.0,0.9001,949.0,0.9003,557.0,0.9004,299.0
1753600156017,07:09:16.017,bybit,AERO/USDT:USDT,0.9002,543.0,0.9001,949.0,0.9003,557.0,0.9004,276.0
1753600156118,07:09:16.118,bybit,AERO/USDT:USDT,0.9002,543.0,0.9001,949.0,0.9003,557.0,0.9004,276.0
1753600156219,07:09:16.219,bybit,AERO/USDT:USDT,0.9002,543.0,0.9001,949.0,0.9003,557.0,0.9004,276.0
1753600156320,07:09:16.320,bybit,AERO/USDT:USDT,0.9002,543.0,0.9001,606.0,0.9003,557.0,0.9004,299.0
1753600156417,07:09:16.417,bybit,AERO/USDT:USDT,0.9002,543.0,0.9001,880.0,0.9003,557.0,0.9004,276.0
1753600156521,07:09:16.521,bybit,AERO/USDT:USDT,0.9002,543.0,0.9001,880.0,0.9003,557.0,0.9004,276.0
1753600156719,07:09:16.719,bybit,AERO/USDT:USDT,0.9002,543.0,0.9001,880.0,0.9003,557.0,0.9004,276.0
1753600156817,07:09:16.817,bybit,AERO/USDT:USDT,0.9002,543.0,0.9001,880.0,0.9003,557.0,0.9004,276.0
1753600157117,07:09:17.117,bybit,AERO/USDT:USDT,0.9002,543.0,0.9001,880.0,0.9003,557.0,0.9004,276.0
1753600157217,07:09:17.217,bybit,AERO/USDT:USDT,0.9002,543.0,0.9001,880.0,0.9003,557.0,0.9004,276.0
1753600157518,07:09:17.518,bybit,AERO/USDT:USDT,0.9001,871.0,0.9,1814.0,0.9003,557.0,0.9004,842.0
1753600157718,07:09:17.718,bybit,AERO/USDT:USDT,0.9001,871.0,0.9,1814.0,0.9003,651.0,0.9004,913.0
1753600157819,07:09:17.819,bybit,AERO/USDT:USDT,0.9001,871.0,0.9,1814.0,0.9003,628.0,0.9004,913.0
1753600158019,07:09:18.019,bybit,AERO/USDT:USDT,0.9001,871.0,0.9,1814.0,0.9003,628.0,0.9004,913.0
1753600158218,07:09:18.218,bybit,AERO/USDT:USDT,0.9001,871.0,0.9,1814.0,0.9003,628.0,0.9004,913.0
1753600158619,07:09:18.619,bybit,AERO/USDT:USDT,0.9001,871.0,0.9,1814.0,0.9003,628.0,0.9004,913.0
1753600158918,07:09:18.918,bybit,AERO/USDT:USDT,0.9001,871.0,0.9,1814.0,0.9003,628.0,0.9004,913.0
1753600159317,07:09:19.317,bybit,AERO/USDT:USDT,0.9001,871.0,0.9,1814.0,0.9003,628.0,0.9004,913.0
1753600159919,07:09:19.919,bybit,AERO/USDT:USDT,0.9001,871.0,0.9,1814.0,0.9003,628.0,0.9004,913.0
1753600160523,07:09:20.523,bybit,AERO/USDT:USDT,0.9001,871.0,0.9,1328.0,0.9003,557.0,0.9004,842.0
1753600160817,07:09:20.817,bybit,AERO/USDT:USDT,0.9001,871.0,0.9,1328.0,0.9003,557.0,0.9004,842.0
1753600160917,07:09:20.917,bybit,AERO/USDT:USDT,0.9001,871.0,0.9,1328.0,0.9003,699.0,0.9004,913.0
1753600161019,07:09:21.019,bybit,AERO/USDT:USDT,0.9001,871.0,0.9,1328.0,0.9003,699.0,0.9004,913.0
1753600161217,07:09:21.217,bybit,AERO/USDT:USDT,0.9001,597.0,0.9,1043.0,0.9003,699.0,0.9004,913.0
1753600161317,07:09:21.317,bybit,AERO/USDT:USDT,0.9001,597.0,0.9,1043.0,0.9003,722.0,0.9004,913.0
1753600161419,07:09:21.419,bybit,AERO/USDT:USDT,0.9001,597.0,0.9,1043.0,0.9003,722.0,0.9004,1023.0
1753600161517,07:09:21.517,bybit,AERO/USDT:USDT,0.9001,597.0,0.9,1043.0,0.9003,699.0,0.9004,1023.0
1753600161619,07:09:21.619,bybit,AERO/USDT:USDT,0.9001,597.0,0.9,1043.0,0.9003,722.0,0.9004,1023.0
1753600161718,07:09:21.718,bybit,AERO/USDT:USDT,0.9001,597.0,0.9,1043.0,0.9003,722.0,0.9004,1023.0
1753600161819,07:09:21.819,bybit,AERO/USDT:USDT,0.9002,10.0,0.9001,597.0,0.9003,628.0,0.9004,1023.0
1753600161919,07:09:21.919,bybit,AERO/USDT:USDT,0.9002,10.0,0.9001,597.0,0.9003,628.0,0.9004,1023.0
1753600162020,07:09:22.020,bybit,AERO/USDT:USDT,0.9002,10.0,0.9001,597.0,0.9003,628.0,0.9004,1023.0
1753600162119,07:09:22.119,bybit,AERO/USDT:USDT,0.9002,10.0,0.9001,848.0,0.9003,628.0,0.9004,1023.0
1753600162319,07:09:22.319,bybit,AERO/USDT:USDT,0.9002,10.0,0.9001,848.0,0.9003,628.0,0.9004,1023.0
1753600162517,07:09:22.517,bybit,AERO/USDT:USDT,0.9002,10.0,0.9001,830.0,0.9003,96.0,0.9004,1023.0
1753600162618,07:09:22.618,bybit,AERO/USDT:USDT,0.9002,10.0,0.9001,830.0,0.9003,96.0,0.9004,1023.0
1753600162717,07:09:22.717,bybit,AERO/USDT:USDT,0.9002,10.0,0.9001,830.0,0.9003,25.0,0.9004,1023.0
1753600162819,07:09:22.819,bybit,AERO/USDT:USDT,0.9002,144.0,0.9001,830.0,0.9003,25.0,0.9004,1023.0
1753600163017,07:09:23.017,bybit,AERO/USDT:USDT,0.9002,10.0,0.9001,830.0,0.9003,96.0,0.9004,1023.0
1753600163118,07:09:23.118,bybit,AERO/USDT:USDT,0.9002,10.0,0.9001,830.0,0.9003,96.0,0.9004,1000.0
1753600163218,07:09:23.218,bybit,AERO/USDT:USDT,0.9002,10.0,0.9001,597.0,0.9003,96.0,0.9004,1023.0
1753600163317,07:09:23.317,bybit,AERO/USDT:USDT,0.9002,10.0,0.9001,597.0,0.9003,96.0,0.9004,1000.0
1753600163618,07:09:23.618,bybit,AERO/USDT:USDT,0.9002,10.0,0.9001,597.0,0.9003,96.0,0.9004,1000.0
1753600163718,07:09:23.718,bybit,AERO/USDT:USDT,0.9002,10.0,0.9001,597.0,0.9003,96.0,0.9004,1000.0
1753600163819,07:09:23.819,bybit,AERO/USDT:USDT,0.9002,10.0,0.9001,597.0,0.9003,96.0,0.9004,1000.0
1753600163919,07:09:23.919,bybit,AERO/USDT:USDT,0.9002,10.0,0.9001,597.0,0.9003,96.0,0.9004,1000.0
1753600164217,07:09:24.217,bybit,AERO/USDT:USDT,0.9002,10.0,0.9001,597.0,0.9003,628.0,0.9004,1023.0
1753600164919,07:09:24.919,bybit,AERO/USDT:USDT,0.9002,10.0,0.9001,597.0,0.9003,668.0,0.9004,1023.0
1753600165520,07:09:25.520,bybit,AERO/USDT:USDT,0.9002,10.0,0.9001,597.0,0.9003,668.0,0.9004,1023.0
1753600165618,07:09:25.618,bybit,AERO/USDT:USDT,0.9002,10.0,0.9001,597.0,0.9003,668.0,0.9004,1023.0
1753600165919,07:09:25.919,bybit,AERO/USDT:USDT,0.9002,10.0,0.9001,597.0,0.9003,668.0,0.9004,1023.0
1753600166119,07:09:26.119,bybit,AERO/USDT:USDT,0.9002,10.0,0.9001,597.0,0.9003,668.0,0.9004,1023.0
1753600166517,07:09:26.517,bybit,AERO/USDT:USDT,0.9002,10.0,0.9001,597.0,0.9003,668.0,0.9004,1023.0
1753600166718,07:09:26.718,bybit,AERO/USDT:USDT,0.9002,10.0,0.9001,597.0,0.9003,668.0,0.9004,1023.0
1753600166817,07:09:26.817,bybit,AERO/USDT:USDT,0.9002,10.0,0.9001,597.0,0.9003,668.0,0.9004,1000.0
1753600167020,07:09:27.020,bybit,AERO/USDT:USDT,0.9002,10.0,0.9001,597.0,0.9003,668.0,0.9004,1000.0
1753600168219,07:09:28.219,bybit,AERO/USDT:USDT,0.9002,10.0,0.9001,597.0,0.9003,597.0,0.9004,1000.0
1753600168417,07:09:28.417,bybit,AERO/USDT:USDT,0.9002,10.0,0.9001,597.0,0.9003,778.0,0.9004,1023.0
1753600169217,07:09:29.217,bybit,AERO/USDT:USDT,0.9002,10.0,0.9001,597.0,0.9003,707.0,0.9004,1000.0
1753600169417,07:09:29.417,bybit,AERO/USDT:USDT,0.9002,10.0,0.9001,39.0,0.9003,872.0,0.9004,1072.0
1753600169517,07:09:29.517,bybit,AERO/USDT:USDT,0.9002,10.0,0.9001,39.0,0.9003,778.0,0.9004,1072.0
1753600169717,07:09:29.717,bybit,AERO/USDT:USDT,0.9002,10.0,0.9001,39.0,0.9003,707.0,0.9004,1072.0
1753600169918,07:09:29.918,bybit,AERO/USDT:USDT,0.9002,10.0,0.9001,39.0,0.9003,707.0,0.9004,1001.0
1753600170119,07:09:30.119,bybit,AERO/USDT:USDT,0.9002,10.0,0.9001,39.0,0.9003,707.0,0.9004,1049.0
1753600170219,07:09:30.219,bybit,AERO/USDT:USDT,0.9002,10.0,0.9001,39.0,0.9003,707.0,0.9004,1072.0
1753600170417,07:09:30.417,bybit,AERO/USDT:USDT,0.9002,10.0,0.9001,39.0,0.9003,778.0,0.9004,1627.0
1753600170523,07:09:30.523,bybit,AERO/USDT:USDT,0.9002,10.0,0.9001,39.0,0.9003,707.0,0.9004,1533.0
1753600170619,07:09:30.619,bybit,AERO/USDT:USDT,0.9002,10.0,0.9001,39.0,0.9003,597.0,0.9004,1533.0
1753600170719,07:09:30.719,bybit,AERO/USDT:USDT,0.9002,10.0,0.9001,39.0,0.9003,597.0,0.9004,1604.0
1753600170818,07:09:30.818,bybit,AERO/USDT:USDT,0.9002,10.0,0.9001,39.0,0.9003,597.0,0.9004,1604.0
1753600170918,07:09:30.918,bybit,AERO/USDT:USDT,0.9002,10.0,0.9001,39.0,0.9003,597.0,0.9004,1604.0
1753600171019,07:09:31.019,bybit,AERO/USDT:USDT,0.9002,10.0,0.9001,39.0,0.9003,597.0,0.9004,1604.0
1753600171119,07:09:31.119,bybit,AERO/USDT:USDT,0.9002,10.0,0.9001,39.0,0.9003,597.0,0.9004,1627.0
1753600171218,07:09:31.218,bybit,AERO/USDT:USDT,0.9002,10.0,0.9001,39.0,0.9003,597.0,0.9004,1627.0
1753600171319,07:09:31.319,bybit,AERO/USDT:USDT,0.9002,10.0,0.9001,39.0,0.9003,597.0,0.9004,1627.0
1753600171520,07:09:31.520,bybit,AERO/USDT:USDT,0.9002,10.0,0.9001,39.0,0.9003,597.0,0.9004,1627.0
1753600171719,07:09:31.719,bybit,AERO/USDT:USDT,0.9002,10.0,0.9001,39.0,0.9003,597.0,0.9004,1604.0
1753600171819,07:09:31.819,bybit,AERO/USDT:USDT,0.9002,10.0,0.9001,39.0,0.9003,597.0,0.9004,1604.0
1753600172020,07:09:32.020,bybit,AERO/USDT:USDT,0.9002,10.0,0.9001,39.0,0.9003,668.0,0.9004,1627.0
1753600172119,07:09:32.119,bybit,AERO/USDT:USDT,0.9002,10.0,0.9001,39.0,0.9003,597.0,0.9004,1627.0
1753600172219,07:09:32.219,bybit,AERO/USDT:USDT,0.9002,10.0,0.9001,39.0,0.9003,597.0,0.9004,1627.0
1753600172320,07:09:32.320,bybit,AERO/USDT:USDT,0.9002,10.0,0.9001,39.0,0.9003,597.0,0.9004,1627.0
1753600172520,07:09:32.520,bybit,AERO/USDT:USDT,0.9002,10.0,0.9001,39.0,0.9003,1235.0,0.9004,1627.0
1753600172719,07:09:32.719,bybit,AERO/USDT:USDT,0.9002,10.0,0.9001,39.0,0.9003,1306.0,0.9004,1627.0
1753600172837,07:09:32.837,bybit,AERO/USDT:USDT,0.9002,10.0,0.9001,39.0,0.9003,1416.0,0.9004,1627.0
1753600173018,07:09:33.018,bybit,AERO/USDT:USDT,0.9002,10.0,0.9001,39.0,0.9003,1416.0,0.9004,1627.0
1753600173118,07:09:33.118,bybit,AERO/USDT:USDT,0.9002,10.0,0.9001,39.0,0.9003,1416.0,0.9004,1627.0
1753600173217,07:09:33.217,bybit,AERO/USDT:USDT,0.9002,10.0,0.9001,39.0,0.9003,1416.0,0.9004,1627.0
1753600173318,07:09:33.318,bybit,AERO/USDT:USDT,0.9002,10.0,0.9001,39.0,0.9003,1416.0,0.9004,1627.0
1753600173419,07:09:33.419,bybit,AERO/USDT:USDT,0.9002,10.0,0.9001,39.0,0.9003,1746.0,0.9004,1627.0
1753600173520,07:09:33.520,bybit,AERO/USDT:USDT,0.9002,10.0,0.9001,39.0,0.9003,1746.0,0.9004,1627.0
1753600173619,07:09:33.619,bybit,AERO/USDT:USDT,0.9002,10.0,0.9001,39.0,0.9003,1565.0,0.9004,1627.0
1753600173718,07:09:33.718,bybit,AERO/USDT:USDT,0.9002,10.0,0.9001,39.0,0.9003,1636.0,0.9004,1627.0
1753600174218,07:09:34.218,bybit,AERO/USDT:USDT,0.9002,10.0,0.9001,39.0,0.9003,1010.0,0.9004,1627.0
1753600174320,07:09:34.320,bybit,AERO/USDT:USDT,0.9002,10.0,0.9001,39.0,0.9003,1033.0,0.9004,1627.0
1753600174518,07:09:34.518,bybit,AERO/USDT:USDT,0.9002,10.0,0.9001,39.0,0.9003,1033.0,0.9004,1627.0
1753600174618,07:09:34.618,bybit,AERO/USDT:USDT,0.9002,10.0,0.9001,39.0,0.9003,1033.0,0.9004,1627.0
1753600174719,07:09:34.719,bybit,AERO/USDT:USDT,0.9002,10.0,0.9001,39.0,0.9003,1010.0,0.9004,1627.0
1753600175119,07:09:35.119,bybit,AERO/USDT:USDT,0.9002,10.0,0.9001,39.0,0.9003,1010.0,0.9004,1604.0
1753600175419,07:09:35.419,bybit,AERO/USDT:USDT,0.9002,10.0,0.9001,39.0,0.9003,1010.0,0.9004,1627.0
1753600175518,07:09:35.518,bybit,AERO/USDT:USDT,0.9002,10.0,0.9001,39.0,0.9003,1010.0,0.9004,1627.0
1753600176019,07:09:36.019,bybit,AERO/USDT:USDT,0.9,426.0,0.8999,1999.0,0.9002,587.0,0.9003,1898.0
1753600176117,07:09:36.117,bybit,AERO/USDT:USDT,0.9,426.0,0.8999,1999.0,0.9002,587.0,0.9003,1788.0
1753600176219,07:09:36.219,bybit,AERO/USDT:USDT,0.9,426.0,0.8999,1999.0,0.9002,587.0,0.9003,1233.0
1753600176317,07:09:36.317,bybit,AERO/USDT:USDT,0.9,426.0,0.8999,1999.0,0.9002,587.0,0.9003,1123.0
1753600176717,07:09:36.717,bybit,AERO/USDT:USDT,0.9,426.0,0.8999,1704.0,0.9002,587.0,0.9003,1013.0
1753600176819,07:09:36.819,bybit,AERO/USDT:USDT,0.9,306.0,0.8999,1306.0,0.9002,587.0,0.9003,1013.0
1753600177020,07:09:37.020,bybit,AERO/USDT:USDT,0.9,306.0,0.8999,1306.0,0.9002,587.0,0.9003,871.0
1753600177118,07:09:37.118,bybit,AERO/USDT:USDT,0.9,306.0,0.8999,1377.0,0.9002,587.0,0.9003,871.0
1753600177318,07:09:37.318,bybit,AERO/USDT:USDT,0.9,306.0,0.8999,1377.0,0.9002,587.0,0.9003,871.0
1753600177518,07:09:37.518,bybit,AERO/USDT:USDT,0.9,849.0,0.8999,1520.0,0.9002,44.0,0.9003,593.0
1753600178119,07:09:38.119,bybit,AERO/USDT:USDT,0.9,849.0,0.8999,1449.0,0.9002,44.0,0.9003,593.0
1753600178318,07:09:38.318,bybit,AERO/USDT:USDT,0.9,849.0,0.8999,1355.0,0.9002,44.0,0.9003,593.0
1753600178418,07:09:38.418,bybit,AERO/USDT:USDT,0.9,849.0,0.8999,1306.0,0.9002,587.0,0.9003,784.0
1753600178918,07:09:38.918,bybit,AERO/USDT:USDT,0.8999,1134.0,0.8998,1564.0,0.9001,768.0,0.9002,729.0
1753600179020,07:09:39.020,bybit,AERO/USDT:USDT,0.8999,1134.0,0.8998,1564.0,0.9001,793.0,0.9002,884.0
1753600179217,07:09:39.217,bybit,AERO/USDT:USDT,0.8999,1134.0,0.8998,1564.0,0.9001,864.0,0.9002,884.0
1753600179418,07:09:39.418,bybit,AERO/USDT:USDT,0.8999,1134.0,0.8998,1564.0,0.9001,793.0,0.9002,884.0
1753600179619,07:09:39.619,bybit,AERO/USDT:USDT,0.8999,1134.0,0.8998,1564.0,0.9001,793.0,0.9002,884.0
1753600180020,07:09:40.020,bybit,AERO/USDT:USDT,0.8999,1134.0,0.8998,1312.0,0.9001,722.0,0.9002,884.0
1753600180219,07:09:40.219,bybit,AERO/USDT:USDT,0.8999,1134.0,0.8998,1312.0,0.9001,722.0,0.9002,884.0
1753600180517,07:09:40.517,bybit,AERO/USDT:USDT,0.8999,1134.0,0.8998,1312.0,0.9001,722.0,0.9002,884.0
1753600180617,07:09:40.617,bybit,AERO/USDT:USDT,0.8999,1134.0,0.8998,1312.0,0.9001,793.0,0.9002,884.0
1753600180719,07:09:40.719,bybit,AERO/USDT:USDT,0.8999,1134.0,0.8998,1312.0,0.9001,722.0,0.9002,884.0
1753600180818,07:09:40.818,bybit,AERO/USDT:USDT,0.8999,1134.0,0.8998,1068.0,0.9001,793.0,0.9002,884.0
1753600181017,07:09:41.017,bybit,AERO/USDT:USDT,0.8999,1134.0,0.8998,1068.0,0.9001,722.0,0.9002,884.0
1753600181118,07:09:41.118,bybit,AERO/USDT:USDT,0.8999,1134.0,0.8998,1068.0,0.9001,722.0,0.9002,884.0
1753600181218,07:09:41.218,bybit,AERO/USDT:USDT,0.8999,1134.0,0.8998,1068.0,0.9001,722.0,0.9002,884.0
1753600181519,07:09:41.519,bybit,AERO/USDT:USDT,0.8999,1134.0,0.8998,1068.0,0.9001,722.0,0.9002,994.0
1753600181719,07:09:41.719,bybit,AERO/USDT:USDT,0.8999,1134.0,0.8998,1068.0,0.9001,722.0,0.9002,994.0
1753600181918,07:09:41.918,bybit,AERO/USDT:USDT,0.8999,1134.0,0.8998,1068.0,0.9001,722.0,0.9002,994.0
1753600182020,07:09:42.020,bybit,AERO/USDT:USDT,0.8999,596.0,0.8998,557.0,0.9001,722.0,0.9002,994.0
1753600182119,07:09:42.119,bybit,AERO/USDT:USDT,0.8999,596.0,0.8998,557.0,0.9001,722.0,0.9002,994.0
1753600182219,07:09:42.219,bybit,AERO/USDT:USDT,0.8999,596.0,0.8998,557.0,0.9001,722.0,0.9002,994.0
1753600182417,07:09:42.417,bybit,AERO/USDT:USDT,0.8999,596.0,0.8998,557.0,0.9001,722.0,0.9002,994.0
1753600182819,07:09:42.819,bybit,AERO/USDT:USDT,0.8999,596.0,0.8998,557.0,0.9001,722.0,0.9002,994.0
1753600182917,07:09:42.917,bybit,AERO/USDT:USDT,0.8999,596.0,0.8998,557.0,0.9001,722.0,0.9002,994.0
1753600183019,07:09:43.019,bybit,AERO/USDT:USDT,0.8999,596.0,0.8998,557.0,0.9001,722.0,0.9002,994.0
1753600183117,07:09:43.117,bybit,AERO/USDT:USDT,0.8999,596.0,0.8998,557.0,0.9001,722.0,0.9002,994.0
1753600183317,07:09:43.317,bybit,AERO/USDT:USDT,0.8999,596.0,0.8998,557.0,0.9001,793.0,0.9002,1017.0
1753600183519,07:09:43.519,bybit,AERO/USDT:USDT,0.8999,596.0,0.8998,557.0,0.9001,793.0,0.9002,994.0
1753600183619,07:09:43.619,bybit,AERO/USDT:USDT,0.8999,596.0,0.8998,557.0,0.9001,793.0,0.9002,994.0
1753600183719,07:09:43.719,bybit,AERO/USDT:USDT,0.8999,596.0,0.8998,557.0,0.9001,793.0,0.9002,994.0
1753600183818,07:09:43.818,bybit,AERO/USDT:USDT,0.8999,596.0,0.8998,557.0,0.9001,793.0,0.9002,994.0
1753600183919,07:09:43.919,bybit,AERO/USDT:USDT,0.8999,596.0,0.8998,557.0,0.9001,793.0,0.9002,994.0
1753600184017,07:09:44.017,bybit,AERO/USDT:USDT,0.8999,596.0,0.8998,557.0,0.9001,793.0,0.9002,1017.0
1753600184217,07:09:44.217,bybit,AERO/USDT:USDT,0.8999,596.0,0.8998,557.0,0.9001,722.0,0.9002,994.0
1753600184917,07:09:44.917,bybit,AERO/USDT:USDT,0.8999,596.0,0.8998,557.0,0.9001,179.0,0.9002,994.0
1753600185019,07:09:45.019,bybit,AERO/USDT:USDT,0.8999,596.0,0.8998,557.0,0.9001,179.0,0.9002,994.0
1753600185917,07:09:45.917,bybit,AERO/USDT:USDT,0.8999,48.0,0.8998,557.0,0.9,575.0,0.9001,896.0
1753600186020,07:09:46.020,bybit,AERO/USDT:USDT,0.8999,48.0,0.8998,557.0,0.9,586.0,0.9001,905.0
1753600186117,07:09:46.117,bybit,AERO/USDT:USDT,0.8999,48.0,0.8998,557.0,0.9,563.0,0.9001,905.0
1753600186217,07:09:46.217,bybit,AERO/USDT:USDT,0.8999,48.0,0.8998,557.0,0.9,563.0,0.9001,905.0
1753600186317,07:09:46.317,bybit,AERO/USDT:USDT,0.8999,48.0,0.8998,557.0,0.9,563.0,0.9001,905.0
1753600186418,07:09:46.418,bybit,AERO/USDT:USDT,0.8999,48.0,0.8998,557.0,0.9,563.0,0.9001,905.0
1753600186526,07:09:46.526,bybit,AERO/USDT:USDT,0.8999,48.0,0.8998,557.0,0.9,563.0,0.9001,905.0
1753600186818,07:09:46.818,bybit,AERO/USDT:USDT,0.8999,48.0,0.8998,557.0,0.9,563.0,0.9001,905.0
1753600187017,07:09:47.017,bybit,AERO/USDT:USDT,0.8999,48.0,0.8998,557.0,0.9,563.0,0.9001,905.0
1753600187219,07:09:47.219,bybit,AERO/USDT:USDT,0.8999,48.0,0.8998,557.0,0.9,563.0,0.9001,905.0
1753600187518,07:09:47.518,bybit,AERO/USDT:USDT,0.8999,48.0,0.8998,557.0,0.9,588.0,0.9001,880.0
1753600187619,07:09:47.619,bybit,AERO/USDT:USDT,0.8999,182.0,0.8998,557.0,0.9,36.0,0.9001,857.0
1753600187719,07:09:47.719,bybit,AERO/USDT:USDT,0.8999,182.0,0.8998,557.0,0.9,36.0,0.9001,857.0
1753600187818,07:09:47.818,bybit,AERO/USDT:USDT,0.8999,182.0,0.8998,799.0,0.9,36.0,0.9001,715.0
1753600188217,07:09:48.217,bybit,AERO/USDT:USDT,0.8999,182.0,0.8998,799.0,0.9,36.0,0.9001,857.0
1753600188319,07:09:48.319,bybit,AERO/USDT:USDT,0.8999,182.0,0.8998,799.0,0.9,36.0,0.9001,857.0
1753600188419,07:09:48.419,bybit,AERO/USDT:USDT,0.8999,182.0,0.8998,799.0,0.9,36.0,0.9001,857.0
1753600188919,07:09:48.919,bybit,AERO/USDT:USDT,0.8999,182.0,0.8998,799.0,0.9,36.0,0.9001,857.0
1753600189019,07:09:49.019,bybit,AERO/USDT:USDT,0.8999,182.0,0.8998,799.0,0.9,36.0,0.9001,857.0
1753600189817,07:09:49.817,bybit,AERO/USDT:USDT,0.8999,182.0,0.8998,799.0,0.9,36.0,0.9001,857.0
1753600189917,07:09:49.917,bybit,AERO/USDT:USDT,0.8999,182.0,0.8998,799.0,0.9,36.0,0.9001,857.0
1753600190918,07:09:50.918,bybit,AERO/USDT:USDT,0.8999,182.0,0.8998,799.0,0.9,36.0,0.9001,857.0
1753600191017,07:09:51.017,bybit,AERO/USDT:USDT,0.8999,182.0,0.8998,799.0,0.9,36.0,0.9001,857.0
1753600191517,07:09:51.517,bybit,AERO/USDT:USDT,0.8999,182.0,0.8998,799.0,0.9,36.0,0.9001,857.0
1753600191817,07:09:51.817,bybit,AERO/USDT:USDT,0.8999,182.0,0.8998,557.0,0.9,36.0,0.9001,857.0
1753600191918,07:09:51.918,bybit,AERO/USDT:USDT,0.8999,182.0,0.8998,801.0,0.9,36.0,0.9001,857.0
1753600192417,07:09:52.417,bybit,AERO/USDT:USDT,0.8999,182.0,0.8998,824.0,0.9,36.0,0.9001,715.0
1753600192517,07:09:52.517,bybit,AERO/USDT:USDT,0.8999,182.0,0.8998,801.0,0.9,36.0,0.9001,857.0
1753600192718,07:09:52.718,bybit,AERO/USDT:USDT,0.8999,182.0,0.8998,801.0,0.9,36.0,0.9001,857.0
1753600192918,07:09:52.918,bybit,AERO/USDT:USDT,0.8999,182.0,0.8998,801.0,0.9,36.0,0.9001,857.0
1753600193118,07:09:53.118,bybit,AERO/USDT:USDT,0.8999,182.0,0.8998,801.0,0.9,11.0,0.9001,715.0
1753600193217,07:09:53.217,bybit,AERO/USDT:USDT,0.8999,182.0,0.8998,966.0,0.9,36.0,0.9001,715.0
1753600193518,07:09:53.518,bybit,AERO/USDT:USDT,0.8999,182.0,0.8998,966.0,0.9,36.0,0.9001,715.0
1753600193918,07:09:53.918,bybit,AERO/USDT:USDT,0.8999,182.0,0.8998,943.0,0.9,36.0,0.9001,715.0
1753600194617,07:09:54.617,bybit,AERO/USDT:USDT,0.8999,182.0,0.8998,943.0,0.9,36.0,0.9001,715.0
1753600194719,07:09:54.719,bybit,AERO/USDT:USDT,0.8999,182.0,0.8998,966.0,0.9,36.0,0.9001,715.0
1753600195018,07:09:55.018,bybit,AERO/USDT:USDT,0.8999,182.0,0.8998,872.0,0.9,36.0,0.9001,715.0
1753600195117,07:09:55.117,bybit,AERO/USDT:USDT,0.8999,182.0,0.8998,872.0,0.9,36.0,0.9001,715.0
1753600196017,07:09:56.017,bybit,AERO/USDT:USDT,0.8999,740.0,0.8998,966.0,0.9,36.0,0.9001,715.0
1753600196119,07:09:56.119,bybit,AERO/USDT:USDT,0.8999,740.0,0.8998,966.0,0.9,36.0,0.9001,715.0
1753600196417,07:09:56.417,bybit,AERO/USDT:USDT,0.8999,740.0,0.8998,966.0,0.9,36.0,0.9001,715.0
1753600197119,07:09:57.119,bybit,AERO/USDT:USDT,0.8999,740.0,0.8998,943.0,0.9,36.0,0.9001,715.0
1753600197218,07:09:57.218,bybit,AERO/USDT:USDT,0.8999,740.0,0.8998,966.0,0.9,36.0,0.9001,715.0
1753600198017,07:09:58.017,bybit,AERO/USDT:USDT,0.8999,740.0,0.8998,966.0,0.9,36.0,0.9001,715.0
1753600198119,07:09:58.119,bybit,AERO/USDT:USDT,0.8999,740.0,0.8998,943.0,0.9,36.0,0.9001,715.0
1753600198217,07:09:58.217,bybit,AERO/USDT:USDT,0.8999,740.0,0.8998,966.0,0.9,36.0,0.9001,715.0
1753600198318,07:09:58.318,bybit,AERO/USDT:USDT,0.8999,740.0,0.8998,943.0,0.9,36.0,0.9001,715.0
1753600199120,07:09:59.120,bybit,AERO/USDT:USDT,0.8999,834.0,0.8998,1152.0,0.9,36.0,0.9001,163.0
1753600199219,07:09:59.219,bybit,AERO/USDT:USDT,0.8999,834.0,0.8998,1152.0,0.9,36.0,0.9001,163.0
1753600199418,07:09:59.418,bybit,AERO/USDT:USDT,0.8999,740.0,0.8998,1152.0,0.9,36.0,0.9001,163.0
1753600199521,07:09:59.521,bybit,AERO/USDT:USDT,0.8999,811.0,0.8998,1152.0,0.9,36.0,0.9001,163.0
1753600200117,07:10:00.117,bybit,AERO/USDT:USDT,0.8999,834.0,0.8998,1152.0,0.9,36.0,0.9001,9.0
1753600200219,07:10:00.219,bybit,AERO/USDT:USDT,0.8999,811.0,0.8998,1152.0,0.9,36.0,0.9001,9.0
1753600200317,07:10:00.317,bybit,AERO/USDT:USDT,0.8999,834.0,0.8998,1152.0,0.9,36.0,0.9001,9.0
1753600201517,07:10:01.517,bybit,AERO/USDT:USDT,0.8999,834.0,0.8998,1152.0,0.9,36.0,0.9001,9.0
1753600201818,07:10:01.818,bybit,AERO/USDT:USDT,0.8999,811.0,0.8998,1152.0,0.9,36.0,0.9001,9.0
1753600201918,07:10:01.918,bybit,AERO/USDT:USDT,0.8999,811.0,0.8998,1152.0,0.9,36.0,0.9001,9.0
1753600202018,07:10:02.018,bybit,AERO/USDT:USDT,0.8999,811.0,0.8998,1152.0,0.9,36.0,0.9001,9.0
1753600202119,07:10:02.119,bybit,AERO/USDT:USDT,0.8999,811.0,0.8998,1152.0,0.9,36.0,0.9001,9.0
1753600202417,07:10:02.417,bybit,AERO/USDT:USDT,0.8999,811.0,0.8998,1152.0,0.9,36.0,0.9001,9.0
1753600202521,07:10:02.521,bybit,AERO/USDT:USDT,0.8999,811.0,0.8998,1152.0,0.9,36.0,0.9001,9.0
1753600202717,07:10:02.717,bybit,AERO/USDT:USDT,0.8999,811.0,0.8998,1152.0,0.9,36.0,0.9001,9.0
1753600202819,07:10:02.819,bybit,AERO/USDT:USDT,0.8999,811.0,0.8998,1152.0,0.9,36.0,0.9001,9.0
1753600202918,07:10:02.918,bybit,AERO/USDT:USDT,0.8999,811.0,0.8998,1152.0,0.9,36.0,0.9001,9.0
1753600203018,07:10:03.018,bybit,AERO/USDT:USDT,0.8999,811.0,0.8998,1152.0,0.9,36.0,0.9001,9.0
1753600203518,07:10:03.518,bybit,AERO/USDT:USDT,0.8999,811.0,0.8998,1152.0,0.9,36.0,0.9001,9.0
1753600203717,07:10:03.717,bybit,AERO/USDT:USDT,0.8999,811.0,0.8998,1152.0,0.9,36.0,0.9001,9.0
1753600203920,07:10:03.920,bybit,AERO/USDT:USDT,0.8999,811.0,0.8998,1152.0,0.9,36.0,0.9001,9.0
1753600204020,07:10:04.020,bybit,AERO/USDT:USDT,0.8999,811.0,0.8998,1152.0,0.9,36.0,0.9001,9.0
1753600204117,07:10:04.117,bybit,AERO/USDT:USDT,0.8999,808.0,0.8998,1152.0,0.9,36.0,0.9001,9.0
1753600204619,07:10:04.619,bybit,AERO/USDT:USDT,0.8999,808.0,0.8998,1152.0,0.9,36.0,0.9002,552.0
1753600205017,07:10:05.017,bybit,AERO/USDT:USDT,0.8999,808.0,0.8998,1152.0,0.9,36.0,0.9002,558.0
1753600205720,07:10:05.720,bybit,AERO/USDT:USDT,0.8999,740.0,0.8998,1081.0,0.9,36.0,0.9002,558.0
1753600205817,07:10:05.817,bybit,AERO/USDT:USDT,0.8999,606.0,0.8998,1149.0,0.9,36.0,0.9002,558.0
1753600206718,07:10:06.718,bybit,AERO/USDT:USDT,0.8999,606.0,0.8998,987.0,0.9,36.0,0.9002,758.0
1753600206819,07:10:06.819,bybit,AERO/USDT:USDT,0.8999,606.0,0.8998,1055.0,0.9,36.0,0.9002,758.0
1753600207219,07:10:07.219,bybit,AERO/USDT:USDT,0.8999,606.0,0.8998,1123.0,0.9,36.0,0.9002,758.0
1753600207319,07:10:07.319,bybit,AERO/USDT:USDT,0.8999,606.0,0.8998,1123.0,0.9,36.0,0.9002,758.0
1753600207518,07:10:07.518,bybit,AERO/USDT:USDT,0.8999,606.0,0.8998,1123.0,0.9,36.0,0.9002,758.0
1753600207717,07:10:07.717,bybit,AERO/USDT:USDT,0.8999,619.0,0.8998,1146.0,0.9,36.0,0.9002,758.0
1753600208019,07:10:08.019,bybit,AERO/USDT:USDT,0.8999,619.0,0.8998,1146.0,0.9,77.0,0.9002,758.0
1753600209019,07:10:09.019,bybit,AERO/USDT:USDT,0.8999,619.0,0.8998,1146.0,0.9,77.0,0.9002,758.0
1753600209117,07:10:09.117,bybit,AERO/USDT:USDT,0.8999,619.0,0.8998,1146.0,0.9,77.0,0.9002,758.0
1753600209218,07:10:09.218,bybit,AERO/USDT:USDT,0.8999,619.0,0.8998,1146.0,0.9,77.0,0.9002,758.0
1753600209318,07:10:09.318,bybit,AERO/USDT:USDT,0.8999,619.0,0.8998,1146.0,0.9,77.0,0.9002,758.0
1753600209419,07:10:09.419,bybit,AERO/USDT:USDT,0.8999,619.0,0.8998,1146.0,0.9,77.0,0.9002,758.0
1753600209519,07:10:09.519,bybit,AERO/USDT:USDT,0.8999,619.0,0.8998,1146.0,0.9,77.0,0.9002,758.0
1753600210017,07:10:10.017,bybit,AERO/USDT:USDT,0.8999,619.0,0.8998,1146.0,0.9,77.0,0.9002,758.0
1753600210118,07:10:10.118,bybit,AERO/USDT:USDT,0.8999,619.0,0.8998,1123.0,0.9,77.0,0.9002,758.0
1753600210317,07:10:10.317,bybit,AERO/USDT:USDT,0.8999,619.0,0.8998,1146.0,0.9,77.0,0.9002,558.0
1753600210420,07:10:10.420,bybit,AERO/USDT:USDT,0.8999,687.0,0.8998,1146.0,0.9,77.0,0.9002,558.0
1753600210719,07:10:10.719,bybit,AERO/USDT:USDT,0.8999,619.0,0.8998,1146.0,0.9,77.0,0.9002,558.0
1753600210817,07:10:10.817,bybit,AERO/USDT:USDT,0.8999,619.0,0.8998,1146.0,0.9,77.0,0.9002,558.0
1753600211017,07:10:11.017,bybit,AERO/USDT:USDT,0.8999,619.0,0.8998,1146.0,0.9,77.0,0.9002,558.0
1753600211117,07:10:11.117,bybit,AERO/USDT:USDT,0.8999,619.0,0.8998,1146.0,0.9,77.0,0.9002,558.0
1753600211217,07:10:11.217,bybit,AERO/USDT:USDT,0.8999,619.0,0.8998,1146.0,0.9,77.0,0.9002,558.0
1753600211319,07:10:11.319,bybit,AERO/USDT:USDT,0.8999,619.0,0.8998,1146.0,0.9,77.0,0.9002,558.0
