timestamp,time,exchange,symbol,bid1_price,bid1_volume,bid2_price,bid2_volume,ask1_price,ask1_volume,ask2_price,ask2_volume
1753599984990,07:06:24.990,bybit,AAVE/USDT:USDT,295.98,4.2,295.97,5.15,295.99,0.39,296.0,0.06
1753599985091,07:06:25.091,bybit,AAVE/USDT:USDT,295.98,4.2,295.97,5.15,295.99,0.39,296.0,0.06
1753599985191,07:06:25.191,bybit,AAVE/USDT:USDT,295.98,4.53,295.97,5.15,295.99,0.39,296.0,0.06
1753599985291,07:06:25.291,bybit,AAVE/USDT:USDT,295.98,4.53,295.97,5.15,295.99,0.39,296.0,0.06
1753599985391,07:06:25.391,bybit,AAVE/USDT:USDT,295.98,4.53,295.97,0.7,295.99,0.39,296.0,0.06
1753599985491,07:06:25.491,bybit,AAVE/USDT:USDT,295.98,4.53,295.97,0.7,295.99,0.33,296.0,0.77
1753599985591,07:06:25.591,bybit,AAVE/USDT:USDT,295.98,4.53,295.97,0.7,295.99,0.33,296.0,0.77
1753599985691,07:06:25.691,bybit,AAVE/USDT:USDT,295.98,4.53,295.97,0.7,295.99,0.33,296.0,0.77
1753599986192,07:06:26.192,bybit,AAVE/USDT:USDT,295.98,4.53,295.97,0.03,295.99,1.97,296.0,0.77
1753599986292,07:06:26.292,bybit,AAVE/USDT:USDT,295.98,4.53,295.97,0.03,295.99,1.33,296.0,0.77
1753599986491,07:06:26.491,bybit,AAVE/USDT:USDT,295.98,4.53,295.97,0.03,295.99,0.12,296.0,0.77
1753599986591,07:06:26.591,bybit,AAVE/USDT:USDT,295.98,5.41,295.97,2.8,295.99,0.12,296.0,0.77
1753599986891,07:06:26.891,bybit,AAVE/USDT:USDT,295.98,4.33,295.97,5.34,295.99,0.02,296.0,0.77
1753599986992,07:06:26.992,bybit,AAVE/USDT:USDT,295.98,4.33,295.97,5.34,295.99,0.02,296.0,0.77
1753599987091,07:06:27.091,bybit,AAVE/USDT:USDT,295.99,6.8,295.98,4.33,296.0,0.06,296.02,2.22
1753599987291,07:06:27.291,bybit,AAVE/USDT:USDT,295.99,6.8,295.98,4.33,296.0,0.04,296.02,0.02
1753599987391,07:06:27.391,bybit,AAVE/USDT:USDT,295.99,6.8,295.98,4.33,296.0,0.04,296.02,0.02
1753599987491,07:06:27.491,bybit,AAVE/USDT:USDT,295.99,6.8,295.98,4.33,296.0,0.04,296.02,0.02
1753599988491,07:06:28.491,bybit,AAVE/USDT:USDT,295.99,6.13,295.98,5.0,296.0,0.02,296.02,0.02
1753599988591,07:06:28.591,bybit,AAVE/USDT:USDT,295.99,6.13,295.98,4.12,296.0,0.02,296.02,0.02
1753599988691,07:06:28.691,bybit,AAVE/USDT:USDT,295.99,6.13,295.98,4.12,296.0,0.02,296.02,0.02
1753599988791,07:06:28.791,bybit,AAVE/USDT:USDT,295.99,6.13,295.98,6.11,296.0,0.02,296.02,0.02
1753599988890,07:06:28.890,bybit,AAVE/USDT:USDT,295.99,6.13,295.98,6.11,296.0,0.02,296.02,0.02
1753599989391,07:06:29.391,bybit,AAVE/USDT:USDT,296.01,2.09,296.0,4.57,296.02,0.22,296.03,0.59
1753599989491,07:06:29.491,bybit,AAVE/USDT:USDT,296.01,2.09,296.0,4.57,296.02,0.22,296.03,0.59
1753599989591,07:06:29.591,bybit,AAVE/USDT:USDT,296.01,2.09,296.0,4.57,296.02,0.22,296.03,0.59
1753599989691,07:06:29.691,bybit,AAVE/USDT:USDT,296.01,2.09,296.0,4.57,296.02,0.22,296.03,0.59
1753599990291,07:06:30.291,bybit,AAVE/USDT:USDT,296.01,2.09,296.0,4.57,296.03,0.59,296.04,0.06
1753599990390,07:06:30.390,bybit,AAVE/USDT:USDT,296.01,2.77,296.0,4.57,296.03,0.59,296.04,0.06
1753599991391,07:06:31.391,bybit,AAVE/USDT:USDT,296.01,0.68,296.0,0.04,296.02,1.64,296.03,2.16
1753599991491,07:06:31.491,bybit,AAVE/USDT:USDT,296.01,0.68,296.0,0.04,296.02,1.64,296.03,2.16
1753599991991,07:06:31.991,bybit,AAVE/USDT:USDT,296.01,0.68,296.0,0.04,296.02,1.64,296.03,2.16
1753599992091,07:06:32.091,bybit,AAVE/USDT:USDT,296.01,0.68,296.0,2.02,296.03,0.03,296.04,1.48
1753599992191,07:06:32.191,bybit,AAVE/USDT:USDT,296.01,0.68,296.0,2.02,296.03,0.03,296.04,1.48
1753599992291,07:06:32.291,bybit,AAVE/USDT:USDT,296.02,0.71,296.01,0.68,296.03,0.03,296.04,0.02
1753599992391,07:06:32.391,bybit,AAVE/USDT:USDT,296.02,0.71,296.01,0.68,296.04,0.02,296.05,0.06
1753599992491,07:06:32.491,bybit,AAVE/USDT:USDT,296.02,0.71,296.01,0.68,296.04,0.73,296.05,0.06
1753599992592,07:06:32.592,bybit,AAVE/USDT:USDT,296.02,0.71,296.01,0.68,296.04,0.73,296.05,0.04
1753599992691,07:06:32.691,bybit,AAVE/USDT:USDT,296.02,0.71,296.01,0.68,296.04,0.73,296.05,0.04
1753599992792,07:06:32.792,bybit,AAVE/USDT:USDT,296.02,0.71,296.01,0.68,296.04,0.73,296.05,0.04
1753599992891,07:06:32.891,bybit,AAVE/USDT:USDT,296.02,0.71,296.01,0.68,296.04,0.73,296.05,0.04
1753599992991,07:06:32.991,bybit,AAVE/USDT:USDT,296.02,0.71,296.01,0.68,296.04,0.73,296.05,0.04
1753599993090,07:06:33.090,bybit,AAVE/USDT:USDT,296.02,0.71,296.01,0.68,296.04,0.73,296.05,0.04
1753599993191,07:06:33.191,bybit,AAVE/USDT:USDT,296.02,0.71,296.01,0.68,296.04,0.73,296.05,0.04
1753599993291,07:06:33.291,bybit,AAVE/USDT:USDT,296.02,0.71,296.01,0.68,296.04,0.02,296.05,0.04
1753599993391,07:06:33.391,bybit,AAVE/USDT:USDT,296.02,0.71,296.01,0.68,296.04,0.73,296.05,0.04
1753599993790,07:06:33.790,bybit,AAVE/USDT:USDT,296.01,0.68,296.0,0.08,296.03,0.71,296.04,2.26
1753599993891,07:06:33.891,bybit,AAVE/USDT:USDT,296.02,0.71,296.01,0.68,296.03,0.71,296.04,2.26
1753599993991,07:06:33.991,bybit,AAVE/USDT:USDT,296.02,0.71,296.01,0.68,296.03,0.71,296.04,2.26
1753599994091,07:06:34.091,bybit,AAVE/USDT:USDT,296.01,1.36,296.0,0.04,296.02,4.91,296.03,3.23
1753599994191,07:06:34.191,bybit,AAVE/USDT:USDT,296.01,1.36,296.0,0.04,296.02,2.23,296.03,2.08
1753599994392,07:06:34.392,bybit,AAVE/USDT:USDT,296.01,1.36,296.0,0.04,296.02,0.73,296.03,1.9
1753599994491,07:06:34.491,bybit,AAVE/USDT:USDT,296.01,1.36,296.0,0.04,296.02,0.73,296.03,1.9
1753599994591,07:06:34.591,bybit,AAVE/USDT:USDT,296.01,1.36,296.0,2.03,296.02,0.73,296.03,1.9
1753599994691,07:06:34.691,bybit,AAVE/USDT:USDT,296.01,1.36,296.0,0.04,296.02,0.71,296.03,3.4
1753599994890,07:06:34.890,bybit,AAVE/USDT:USDT,296.01,1.36,296.0,0.04,296.02,0.71,296.03,3.4
1753599994991,07:06:34.991,bybit,AAVE/USDT:USDT,296.01,1.36,296.0,0.04,296.02,0.71,296.03,3.4
1753599995092,07:06:35.092,bybit,AAVE/USDT:USDT,296.01,1.36,296.0,0.04,296.02,0.71,296.03,3.4
1753599995190,07:06:35.190,bybit,AAVE/USDT:USDT,296.01,1.36,296.0,2.03,296.02,0.71,296.03,3.4
1753599995291,07:06:35.291,bybit,AAVE/USDT:USDT,296.01,1.74,296.0,0.04,296.03,3.4,296.04,2.26
1753599995391,07:06:35.391,bybit,AAVE/USDT:USDT,296.01,1.74,296.0,0.04,296.03,3.4,296.04,2.26
1753599995491,07:06:35.491,bybit,AAVE/USDT:USDT,296.01,1.74,296.0,0.04,296.03,3.4,296.04,2.26
1753599995794,07:06:35.794,bybit,AAVE/USDT:USDT,296.01,1.74,296.0,0.04,296.03,3.4,296.04,2.26
1753599995891,07:06:35.891,bybit,AAVE/USDT:USDT,295.98,3.14,295.97,0.05,295.99,8.66,296.0,4.91
1753599995992,07:06:35.992,bybit,AAVE/USDT:USDT,295.98,3.14,295.97,0.03,295.99,7.51,296.0,4.91
1753599996091,07:06:36.091,bybit,AAVE/USDT:USDT,295.98,3.14,295.97,0.03,295.99,7.51,296.0,4.91
1753599996191,07:06:36.191,bybit,AAVE/USDT:USDT,295.98,3.14,295.97,0.03,295.99,7.51,296.0,4.91
1753599996291,07:06:36.291,bybit,AAVE/USDT:USDT,295.98,3.14,295.97,0.03,295.99,7.51,296.0,4.91
1753599996390,07:06:36.390,bybit,AAVE/USDT:USDT,295.98,3.14,295.97,0.03,295.99,7.51,296.0,4.91
1753599996492,07:06:36.492,bybit,AAVE/USDT:USDT,295.98,3.14,295.97,0.03,295.99,7.51,296.0,4.91
1753599996591,07:06:36.591,bybit,AAVE/USDT:USDT,295.98,3.14,295.97,0.03,295.99,7.51,296.0,4.91
1753599996691,07:06:36.691,bybit,AAVE/USDT:USDT,295.98,3.14,295.97,0.03,295.99,3.03,296.0,0.06
1753599996792,07:06:36.792,bybit,AAVE/USDT:USDT,295.99,0.71,295.98,3.14,296.0,0.06,296.01,7.17
1753599996891,07:06:36.891,bybit,AAVE/USDT:USDT,295.99,0.71,295.98,3.14,296.0,0.06,296.01,2.25
1753599996991,07:06:36.991,bybit,AAVE/USDT:USDT,295.99,0.71,295.98,3.14,296.0,0.06,296.01,2.25
1753599997092,07:06:37.092,bybit,AAVE/USDT:USDT,295.99,0.71,295.98,3.14,296.0,0.04,296.01,0.75
1753599997191,07:06:37.191,bybit,AAVE/USDT:USDT,295.99,0.71,295.98,3.14,296.0,0.02,296.01,0.75
1753599997292,07:06:37.292,bybit,AAVE/USDT:USDT,295.99,0.71,295.98,3.14,296.0,0.02,296.01,0.04
1753599997391,07:06:37.391,bybit,AAVE/USDT:USDT,295.99,0.71,295.98,3.14,296.0,0.02,296.01,0.04
1753599997492,07:06:37.492,bybit,AAVE/USDT:USDT,296.0,0.72,295.99,0.71,296.02,1.23,296.03,3.4
1753599997591,07:06:37.591,bybit,AAVE/USDT:USDT,296.01,0.44,296.0,0.76,296.02,0.04,296.03,3.4
1753599997691,07:06:37.691,bybit,AAVE/USDT:USDT,296.0,0.99,295.99,1.38,296.02,0.82,296.03,3.4
1753599997793,07:06:37.793,bybit,AAVE/USDT:USDT,296.0,0.99,295.99,1.38,296.02,0.82,296.03,3.4
1753599997891,07:06:37.891,bybit,AAVE/USDT:USDT,296.0,0.99,295.99,1.38,296.02,0.82,296.03,3.4
1753599997991,07:06:37.991,bybit,AAVE/USDT:USDT,296.0,0.99,295.99,3.19,296.02,0.82,296.03,3.4
1753599998091,07:06:38.091,bybit,AAVE/USDT:USDT,296.0,0.97,295.99,1.38,296.02,0.82,296.03,3.4
1753599998191,07:06:38.191,bybit,AAVE/USDT:USDT,296.0,0.95,295.99,1.38,296.02,0.82,296.03,3.4
1753599998291,07:06:38.291,bybit,AAVE/USDT:USDT,296.0,0.95,295.99,1.38,296.02,0.82,296.03,3.4
1753599998392,07:06:38.392,bybit,AAVE/USDT:USDT,296.0,0.95,295.99,1.38,296.02,0.82,296.03,3.4
1753599998491,07:06:38.491,bybit,AAVE/USDT:USDT,296.0,0.95,295.99,1.38,296.02,0.82,296.03,3.4
1753599998592,07:06:38.592,bybit,AAVE/USDT:USDT,296.0,0.95,295.99,1.38,296.02,0.82,296.03,3.4
1753599998690,07:06:38.690,bybit,AAVE/USDT:USDT,296.0,0.24,295.98,3.18,296.01,1.19,296.02,3.47
1753599998792,07:06:38.792,bybit,AAVE/USDT:USDT,296.0,0.24,295.98,3.18,296.01,1.19,296.02,3.47
1753599998891,07:06:38.891,bybit,AAVE/USDT:USDT,296.0,0.24,295.98,3.18,296.01,1.19,296.02,3.47
1753599998991,07:06:38.991,bybit,AAVE/USDT:USDT,296.0,0.24,295.98,3.18,296.01,1.19,296.02,3.47
1753599999090,07:06:39.090,bybit,AAVE/USDT:USDT,296.0,0.24,295.98,3.18,296.01,1.19,296.02,3.47
1753599999191,07:06:39.191,bybit,AAVE/USDT:USDT,296.0,0.24,295.98,3.18,296.01,1.19,296.02,3.47
1753599999292,07:06:39.292,bybit,AAVE/USDT:USDT,296.0,0.24,295.98,3.18,296.01,0.71,296.02,1.94
1753599999391,07:06:39.391,bybit,AAVE/USDT:USDT,296.0,0.24,295.98,3.18,296.01,0.71,296.02,1.94
1753599999491,07:06:39.491,bybit,AAVE/USDT:USDT,296.0,0.24,295.98,3.18,296.01,0.71,296.02,1.94
1753599999591,07:06:39.591,bybit,AAVE/USDT:USDT,296.0,0.24,295.98,3.18,296.01,0.71,296.02,1.94
1753599999791,07:06:39.791,bybit,AAVE/USDT:USDT,296.0,0.24,295.98,3.18,296.01,0.71,296.02,1.94
1753599999891,07:06:39.891,bybit,AAVE/USDT:USDT,296.0,4.09,295.98,3.18,296.01,0.71,296.02,1.94
1753599999991,07:06:39.991,bybit,AAVE/USDT:USDT,296.0,4.09,295.98,3.18,296.01,0.71,296.02,1.94
1753600000091,07:06:40.091,bybit,AAVE/USDT:USDT,296.0,4.09,295.98,3.18,296.01,0.71,296.02,1.94
1753600000191,07:06:40.191,bybit,AAVE/USDT:USDT,296.0,4.09,295.98,3.18,296.01,0.71,296.02,1.94
1753600000291,07:06:40.291,bybit,AAVE/USDT:USDT,296.0,4.09,295.99,1.81,296.01,0.71,296.02,1.94
1753600000392,07:06:40.392,bybit,AAVE/USDT:USDT,296.02,3.29,296.01,13.14,296.06,5.68,296.07,0.2
1753600000492,07:06:40.492,bybit,AAVE/USDT:USDT,296.08,1.1,296.07,3.8,296.09,1.54,296.1,0.04
1753600000592,07:06:40.592,bybit,AAVE/USDT:USDT,296.08,1.1,296.06,4.24,296.09,0.61,296.1,0.04
1753600000691,07:06:40.691,bybit,AAVE/USDT:USDT,296.08,6.21,296.06,4.24,296.09,0.35,296.1,0.04
1753600000791,07:06:40.791,bybit,AAVE/USDT:USDT,296.08,5.11,296.06,1.5,296.09,0.35,296.1,0.04
1753600000892,07:06:40.892,bybit,AAVE/USDT:USDT,296.08,5.11,296.06,1.5,296.09,0.35,296.1,0.04
1753600000991,07:06:40.991,bybit,AAVE/USDT:USDT,296.08,5.11,296.06,1.5,296.09,0.35,296.1,0.04
1753600001091,07:06:41.091,bybit,AAVE/USDT:USDT,296.08,5.11,296.06,1.5,296.09,0.35,296.1,0.04
1753600001191,07:06:41.191,bybit,AAVE/USDT:USDT,296.08,4.53,296.06,0.71,296.09,4.83,296.1,0.04
1753600001292,07:06:41.292,bybit,AAVE/USDT:USDT,296.08,4.53,296.06,0.04,296.09,4.83,296.1,0.04
1753600001391,07:06:41.391,bybit,AAVE/USDT:USDT,296.08,4.53,296.06,0.04,296.09,4.83,296.1,0.04
1753600001491,07:06:41.491,bybit,AAVE/USDT:USDT,296.08,4.7,296.06,0.04,296.09,4.83,296.1,0.04
1753600001591,07:06:41.591,bybit,AAVE/USDT:USDT,296.08,4.7,296.06,0.04,296.09,4.83,296.1,0.04
1753600001691,07:06:41.691,bybit,AAVE/USDT:USDT,296.08,4.7,296.06,0.04,296.09,4.83,296.1,0.04
1753600001794,07:06:41.794,bybit,AAVE/USDT:USDT,296.04,0.04,296.03,0.07,296.05,3.0,296.06,7.02
1753600001891,07:06:41.891,bybit,AAVE/USDT:USDT,296.03,0.74,296.02,0.04,296.04,0.17,296.05,0.76
1753600001992,07:06:41.992,bybit,AAVE/USDT:USDT,296.03,0.74,296.02,0.71,296.04,0.17,296.05,0.49
1753600002091,07:06:42.091,bybit,AAVE/USDT:USDT,296.03,0.74,296.02,0.71,296.04,0.71,296.05,0.76
1753600002191,07:06:42.191,bybit,AAVE/USDT:USDT,296.03,0.74,296.02,0.71,296.05,0.49,296.06,1.54
1753600002291,07:06:42.291,bybit,AAVE/USDT:USDT,296.06,0.71,296.05,2.76,296.08,4.23,296.09,2.77
1753600002391,07:06:42.391,bybit,AAVE/USDT:USDT,296.06,0.66,296.04,1.55,296.07,1.01,296.08,4.23
1753600002491,07:06:42.491,bybit,AAVE/USDT:USDT,296.06,0.66,296.04,1.55,296.07,0.3,296.08,4.23
1753600002591,07:06:42.591,bybit,AAVE/USDT:USDT,296.06,0.66,296.04,1.55,296.07,0.3,296.08,4.23
1753600002691,07:06:42.691,bybit,AAVE/USDT:USDT,296.05,0.71,296.04,1.55,296.07,0.3,296.08,3.03
1753600002791,07:06:42.791,bybit,AAVE/USDT:USDT,296.06,0.71,296.05,1.56,296.08,2.32,296.09,2.77
1753600002890,07:06:42.890,bybit,AAVE/USDT:USDT,296.06,0.71,296.05,0.71,296.08,2.32,296.09,2.77
1753600002992,07:06:42.992,bybit,AAVE/USDT:USDT,296.06,0.71,296.05,0.71,296.08,2.32,296.09,2.77
1753600003091,07:06:43.091,bybit,AAVE/USDT:USDT,296.06,0.71,296.05,0.71,296.08,2.32,296.09,2.77
1753600003191,07:06:43.191,bybit,AAVE/USDT:USDT,296.06,0.71,296.05,0.71,296.08,2.32,296.09,1.27
1753600003291,07:06:43.291,bybit,AAVE/USDT:USDT,296.06,0.71,296.05,0.71,296.08,2.32,296.09,1.27
1753600003391,07:06:43.391,bybit,AAVE/USDT:USDT,296.06,0.71,296.05,0.71,296.08,2.32,296.09,1.27
1753600003491,07:06:43.491,bybit,AAVE/USDT:USDT,296.06,0.71,296.05,0.71,296.08,2.32,296.09,1.27
1753600003590,07:06:43.590,bybit,AAVE/USDT:USDT,296.06,0.71,296.05,0.71,296.08,2.32,296.09,1.27
1753600003691,07:06:43.691,bybit,AAVE/USDT:USDT,296.06,0.71,296.05,0.71,296.08,2.32,296.09,1.27
1753600003794,07:06:43.794,bybit,AAVE/USDT:USDT,296.06,0.71,296.05,0.71,296.08,2.32,296.09,1.27
1753600003891,07:06:43.891,bybit,AAVE/USDT:USDT,296.06,0.71,296.05,0.71,296.08,2.32,296.09,1.27
1753600003991,07:06:43.991,bybit,AAVE/USDT:USDT,296.06,0.71,296.05,0.71,296.07,1.65,296.08,2.32
1753600004091,07:06:44.091,bybit,AAVE/USDT:USDT,296.06,0.71,296.05,0.71,296.07,0.46,296.08,2.32
1753600004191,07:06:44.191,bybit,AAVE/USDT:USDT,296.06,0.71,296.05,0.71,296.07,0.46,296.08,2.32
1753600004291,07:06:44.291,bybit,AAVE/USDT:USDT,296.06,0.71,296.05,0.71,296.07,0.46,296.08,2.32
1753600004391,07:06:44.391,bybit,AAVE/USDT:USDT,296.08,1.37,296.07,1.18,296.09,0.35,296.1,0.04
1753600004492,07:06:44.492,bybit,AAVE/USDT:USDT,296.08,1.37,296.07,1.18,296.09,0.35,296.1,0.04
1753600004591,07:06:44.591,bybit,AAVE/USDT:USDT,296.08,1.37,296.07,1.18,296.09,0.35,296.1,0.04
1753600004691,07:06:44.691,bybit,AAVE/USDT:USDT,296.08,1.37,296.07,1.18,296.09,0.35,296.1,0.04
1753600004791,07:06:44.791,bybit,AAVE/USDT:USDT,296.08,1.37,296.07,1.18,296.09,0.35,296.1,0.04
1753600004892,07:06:44.892,bybit,AAVE/USDT:USDT,296.07,0.47,296.06,1.02,296.09,1.54,296.1,0.04
1753600004991,07:06:44.991,bybit,AAVE/USDT:USDT,296.07,0.47,296.06,1.02,296.09,1.54,296.1,0.04
1753600005091,07:06:45.091,bybit,AAVE/USDT:USDT,296.07,1.18,296.06,0.98,296.09,0.35,296.1,0.04
1753600005191,07:06:45.191,bybit,AAVE/USDT:USDT,296.07,1.18,296.06,0.98,296.09,0.35,296.1,0.04
1753600005291,07:06:45.291,bybit,AAVE/USDT:USDT,296.07,1.18,296.06,0.98,296.09,1.87,296.1,0.04
1753600005391,07:06:45.391,bybit,AAVE/USDT:USDT,296.07,1.18,296.06,0.98,296.09,1.87,296.1,0.04
1753600005491,07:06:45.491,bybit,AAVE/USDT:USDT,296.07,0.47,296.06,0.98,296.08,1.05,296.09,2.04
1753600005591,07:06:45.591,bybit,AAVE/USDT:USDT,296.06,0.27,296.05,0.04,296.07,11.7,296.08,4.07
1753600005690,07:06:45.690,bybit,AAVE/USDT:USDT,296.06,0.27,296.05,0.04,296.07,12.72,296.08,6.12
1753600005793,07:06:45.793,bybit,AAVE/USDT:USDT,296.06,0.27,296.05,0.04,296.07,12.61,296.08,4.07
1753600005891,07:06:45.891,bybit,AAVE/USDT:USDT,296.06,0.27,296.05,0.04,296.07,12.61,296.08,4.07
1753600005991,07:06:45.991,bybit,AAVE/USDT:USDT,296.06,0.27,296.05,0.04,296.07,12.61,296.08,4.07
1753600006095,07:06:46.095,bybit,AAVE/USDT:USDT,296.06,0.27,296.05,0.04,296.07,12.61,296.08,4.07
1753600006191,07:06:46.191,bybit,AAVE/USDT:USDT,296.06,0.27,296.05,0.04,296.07,11.5,296.08,4.07
1753600006292,07:06:46.292,bybit,AAVE/USDT:USDT,296.06,0.27,296.05,0.04,296.07,11.5,296.08,4.07
1753600006391,07:06:46.391,bybit,AAVE/USDT:USDT,296.06,0.27,296.05,0.04,296.07,11.5,296.08,4.07
1753600006491,07:06:46.491,bybit,AAVE/USDT:USDT,296.06,0.27,296.05,0.04,296.07,11.82,296.08,4.39
1753600006591,07:06:46.591,bybit,AAVE/USDT:USDT,296.06,0.27,296.05,0.04,296.07,12.14,296.08,4.39
1753600006690,07:06:46.690,bybit,AAVE/USDT:USDT,296.06,0.27,296.05,0.04,296.07,12.14,296.08,4.39
1753600006791,07:06:46.791,bybit,AAVE/USDT:USDT,296.04,0.04,296.03,0.07,296.05,8.28,296.06,14.04
1753600006891,07:06:46.891,bybit,AAVE/USDT:USDT,296.0,0.06,295.99,3.45,296.01,14.93,296.02,6.08
1753600006991,07:06:46.991,bybit,AAVE/USDT:USDT,296.0,0.23,295.99,0.04,296.01,14.93,296.02,9.35
1753600007091,07:06:47.091,bybit,AAVE/USDT:USDT,296.0,0.21,295.99,0.04,296.01,14.93,296.02,9.35
1753600007191,07:06:47.191,bybit,AAVE/USDT:USDT,295.98,3.14,295.97,0.07,295.99,8.88,296.0,8.24
1753600007292,07:06:47.292,bybit,AAVE/USDT:USDT,295.96,0.02,295.95,0.04,295.97,9.08,295.98,6.89
1753600007391,07:06:47.391,bybit,AAVE/USDT:USDT,295.96,0.02,295.95,0.04,295.97,10.1,295.98,7.61
1753600007491,07:06:47.491,bybit,AAVE/USDT:USDT,295.96,0.02,295.95,0.04,295.97,9.08,295.98,5.98
1753600007591,07:06:47.591,bybit,AAVE/USDT:USDT,295.96,0.02,295.95,0.04,295.97,7.56,295.98,5.98
1753600007691,07:06:47.691,bybit,AAVE/USDT:USDT,295.96,0.02,295.95,0.04,295.97,7.56,295.98,5.98
1753600007795,07:06:47.795,bybit,AAVE/USDT:USDT,296.01,3.42,296.0,0.04,296.02,2.58,296.03,1.55
1753600007891,07:06:47.891,bybit,AAVE/USDT:USDT,296.01,1.04,296.0,0.04,296.02,3.4,296.03,3.91
1753600007991,07:06:47.991,bybit,AAVE/USDT:USDT,296.01,0.71,296.0,0.04,296.03,3.35,296.04,1.56
1753600008091,07:06:48.091,bybit,AAVE/USDT:USDT,296.0,0.04,295.99,0.75,296.01,2.26,296.02,2.58
1753600008191,07:06:48.191,bybit,AAVE/USDT:USDT,296.0,0.75,295.99,0.75,296.01,1.5,296.03,3.35
1753600008292,07:06:48.292,bybit,AAVE/USDT:USDT,296.0,0.73,295.99,0.75,296.01,1.5,296.03,3.35
1753600008391,07:06:48.391,bybit,AAVE/USDT:USDT,296.0,0.73,295.99,0.75,296.01,1.5,296.03,3.35
1753600008491,07:06:48.491,bybit,AAVE/USDT:USDT,296.0,0.73,295.99,0.75,296.01,2.17,296.03,3.35
1753600008591,07:06:48.591,bybit,AAVE/USDT:USDT,296.0,0.02,295.99,0.75,296.01,2.32,296.03,3.35
1753600008691,07:06:48.691,bybit,AAVE/USDT:USDT,296.0,0.02,295.99,0.75,296.01,2.32,296.03,4.74
1753600008792,07:06:48.792,bybit,AAVE/USDT:USDT,296.0,0.02,295.99,0.75,296.01,2.32,296.03,4.74
1753600008891,07:06:48.891,bybit,AAVE/USDT:USDT,296.0,0.02,295.99,0.75,296.01,2.17,296.03,3.35
1753600008992,07:06:48.992,bybit,AAVE/USDT:USDT,296.0,0.02,295.99,0.04,296.01,2.32,296.03,3.35
1753600009091,07:06:49.091,bybit,AAVE/USDT:USDT,295.99,0.44,295.98,0.71,296.0,0.03,296.01,2.32
1753600009191,07:06:49.191,bybit,AAVE/USDT:USDT,295.99,0.44,295.98,0.71,296.01,2.32,296.03,3.39
1753600009291,07:06:49.291,bybit,AAVE/USDT:USDT,296.0,0.71,295.99,0.6,296.02,0.71,296.03,3.35
1753600009391,07:06:49.391,bybit,AAVE/USDT:USDT,296.02,1.25,296.01,0.71,296.03,0.92,296.05,0.04
1753600009492,07:06:49.492,bybit,AAVE/USDT:USDT,296.02,1.25,296.01,0.71,296.03,0.03,296.05,0.04
1753600009591,07:06:49.591,bybit,AAVE/USDT:USDT,296.02,1.92,296.01,0.71,296.03,0.03,296.05,0.04
1753600009691,07:06:49.691,bybit,AAVE/USDT:USDT,296.02,1.92,296.01,0.71,296.03,0.03,296.05,0.04
1753600009791,07:06:49.791,bybit,AAVE/USDT:USDT,296.02,1.92,296.01,0.71,296.03,0.03,296.05,0.04
1753600009891,07:06:49.891,bybit,AAVE/USDT:USDT,296.02,1.92,296.01,0.71,296.03,0.03,296.05,0.04
1753600009991,07:06:49.991,bybit,AAVE/USDT:USDT,296.02,1.92,296.01,0.71,296.03,0.03,296.05,0.04
1753600010091,07:06:50.091,bybit,AAVE/USDT:USDT,296.02,1.92,296.01,0.71,296.03,0.03,296.05,0.04
1753600010191,07:06:50.191,bybit,AAVE/USDT:USDT,296.02,1.92,296.01,0.71,296.03,0.03,296.05,0.04
1753600010291,07:06:50.291,bybit,AAVE/USDT:USDT,296.02,1.26,296.01,0.71,296.03,0.74,296.05,0.04
1753600010391,07:06:50.391,bybit,AAVE/USDT:USDT,296.02,1.26,296.01,0.71,296.03,0.74,296.05,0.04
1753600010491,07:06:50.491,bybit,AAVE/USDT:USDT,296.02,0.67,296.01,0.71,296.04,0.71,296.05,1.56
1753600010592,07:06:50.592,bybit,AAVE/USDT:USDT,296.02,0.67,296.0,0.79,296.03,2.31,296.04,2.23
1753600010691,07:06:50.691,bybit,AAVE/USDT:USDT,296.02,0.67,296.0,0.79,296.03,2.31,296.04,2.23
1753600010791,07:06:50.791,bybit,AAVE/USDT:USDT,296.02,0.67,296.0,0.79,296.03,2.31,296.04,2.23
1753600010892,07:06:50.892,bybit,AAVE/USDT:USDT,296.02,0.67,296.0,0.79,296.04,0.71,296.05,0.04
1753600010990,07:06:50.990,bybit,AAVE/USDT:USDT,296.02,0.67,296.0,0.79,296.04,0.71,296.05,0.04
1753600011091,07:06:51.091,bybit,AAVE/USDT:USDT,296.02,0.67,296.0,0.79,296.04,0.71,296.05,0.04
1753600011191,07:06:51.191,bybit,AAVE/USDT:USDT,296.02,0.23,296.0,0.79,296.03,2.79,296.04,2.23
1753600011291,07:06:51.291,bybit,AAVE/USDT:USDT,296.02,0.23,296.0,0.79,296.03,2.79,296.04,2.23
1753600011391,07:06:51.391,bybit,AAVE/USDT:USDT,296.02,0.23,296.0,0.79,296.03,2.79,296.04,2.23
1753600011491,07:06:51.491,bybit,AAVE/USDT:USDT,296.02,0.23,296.0,0.79,296.03,1.39,296.04,2.23
1753600011591,07:06:51.591,bybit,AAVE/USDT:USDT,296.02,0.23,296.0,0.79,296.03,1.39,296.04,2.23
1753600011691,07:06:51.691,bybit,AAVE/USDT:USDT,296.02,0.23,296.0,0.79,296.03,1.39,296.04,2.23
1753600011891,07:06:51.891,bybit,AAVE/USDT:USDT,296.02,0.23,296.0,0.79,296.03,1.39,296.04,2.23
1753600011991,07:06:51.991,bybit,AAVE/USDT:USDT,296.02,0.23,296.0,0.79,296.03,1.39,296.04,2.23
1753600012091,07:06:52.091,bybit,AAVE/USDT:USDT,296.02,0.23,296.0,0.79,296.03,1.39,296.04,2.23
1753600012192,07:06:52.192,bybit,AAVE/USDT:USDT,296.02,0.58,296.0,0.79,296.03,0.73,296.04,2.23
1753600012291,07:06:52.291,bybit,AAVE/USDT:USDT,296.02,0.58,296.0,0.79,296.03,0.2,296.04,0.71
1753600012391,07:06:52.391,bybit,AAVE/USDT:USDT,296.02,0.58,296.0,0.79,296.03,0.2,296.04,0.71
1753600012491,07:06:52.491,bybit,AAVE/USDT:USDT,296.02,2.44,296.0,0.79,296.03,0.2,296.05,0.04
1753600012591,07:06:52.591,bybit,AAVE/USDT:USDT,296.02,2.09,296.01,6.1,296.03,0.2,296.05,0.04
1753600012691,07:06:52.691,bybit,AAVE/USDT:USDT,296.02,2.22,296.01,6.1,296.03,0.2,296.05,0.04
1753600012791,07:06:52.791,bybit,AAVE/USDT:USDT,296.02,2.22,296.01,6.1,296.03,0.2,296.05,0.04
1753600012891,07:06:52.891,bybit,AAVE/USDT:USDT,296.02,2.22,296.01,3.61,296.03,0.2,296.05,0.04
1753600012991,07:06:52.991,bybit,AAVE/USDT:USDT,296.02,2.22,296.01,3.61,296.03,0.2,296.05,0.04
1753600013091,07:06:53.091,bybit,AAVE/USDT:USDT,296.02,2.22,296.01,3.61,296.03,0.2,296.05,0.04
1753600013193,07:06:53.193,bybit,AAVE/USDT:USDT,296.13,1.73,296.12,1.76,296.15,7.23,296.16,10.5
1753600013293,07:06:53.293,bybit,AAVE/USDT:USDT,296.1,0.02,296.09,0.03,296.11,4.32,296.12,8.12
1753600013392,07:06:53.392,bybit,AAVE/USDT:USDT,296.1,0.15,296.09,0.03,296.11,4.32,296.12,8.12
1753600013491,07:06:53.491,bybit,AAVE/USDT:USDT,296.06,0.76,296.05,0.04,296.07,0.61,296.09,6.6
1753600013592,07:06:53.592,bybit,AAVE/USDT:USDT,296.06,0.93,296.05,0.04,296.07,0.66,296.09,6.6
1753600013691,07:06:53.691,bybit,AAVE/USDT:USDT,296.06,0.93,296.05,0.04,296.07,0.66,296.09,6.6
1753600013793,07:06:53.793,bybit,AAVE/USDT:USDT,296.06,0.93,296.05,0.04,296.07,0.66,296.09,6.6
1753600013891,07:06:53.891,bybit,AAVE/USDT:USDT,296.06,0.93,296.05,0.04,296.07,0.66,296.09,6.6
1753600013992,07:06:53.992,bybit,AAVE/USDT:USDT,296.06,0.93,296.05,0.04,296.08,0.71,296.09,6.6
1753600014091,07:06:54.091,bybit,AAVE/USDT:USDT,296.06,0.93,296.05,0.04,296.08,0.71,296.09,6.6
1753600014191,07:06:54.191,bybit,AAVE/USDT:USDT,296.06,0.93,296.05,0.04,296.08,0.71,296.09,6.6
1753600014292,07:06:54.292,bybit,AAVE/USDT:USDT,296.08,1.3,296.07,0.71,296.1,0.04,296.11,0.04
1753600014391,07:06:54.391,bybit,AAVE/USDT:USDT,296.09,1.3,296.08,2.32,296.1,1.16,296.12,4.08
1753600014491,07:06:54.491,bybit,AAVE/USDT:USDT,296.09,1.3,296.08,2.32,296.1,0.02,296.12,4.08
1753600014591,07:06:54.591,bybit,AAVE/USDT:USDT,296.09,3.12,296.08,2.32,296.1,0.02,296.12,4.08
1753600014691,07:06:54.691,bybit,AAVE/USDT:USDT,296.09,3.12,296.08,2.32,296.1,0.02,296.12,2.97
1753600014792,07:06:54.792,bybit,AAVE/USDT:USDT,296.09,3.12,296.08,2.32,296.1,0.02,296.12,2.26
1753600014891,07:06:54.891,bybit,AAVE/USDT:USDT,296.09,3.12,296.08,2.32,296.1,0.02,296.12,2.26
1753600014990,07:06:54.990,bybit,AAVE/USDT:USDT,296.09,3.12,296.08,2.32,296.1,0.02,296.12,2.26
1753600015091,07:06:55.091,bybit,AAVE/USDT:USDT,296.09,3.12,296.08,2.32,296.11,0.71,296.12,1.15
1753600015192,07:06:55.192,bybit,AAVE/USDT:USDT,296.09,3.12,296.08,3.93,296.11,0.71,296.12,1.15
1753600015291,07:06:55.291,bybit,AAVE/USDT:USDT,296.1,0.71,296.09,2.53,296.12,0.9,296.13,11.13
1753600015391,07:06:55.391,bybit,AAVE/USDT:USDT,296.09,1.82,296.07,0.04,296.1,5.49,296.11,6.28
1753600015491,07:06:55.491,bybit,AAVE/USDT:USDT,296.06,0.19,296.05,0.04,296.07,7.74,296.08,6.14
1753600015591,07:06:55.591,bybit,AAVE/USDT:USDT,296.06,0.19,296.05,0.04,296.07,7.74,296.08,3.71
1753600015691,07:06:55.691,bybit,AAVE/USDT:USDT,296.06,0.19,296.05,0.04,296.07,7.74,296.08,5.69
1753600015791,07:06:55.791,bybit,AAVE/USDT:USDT,296.06,0.19,296.05,0.04,296.07,6.51,296.08,5.69
1753600015892,07:06:55.892,bybit,AAVE/USDT:USDT,296.06,0.19,296.05,0.04,296.07,4.27,296.08,2.8
1753600015991,07:06:55.991,bybit,AAVE/USDT:USDT,296.06,0.19,296.05,0.04,296.07,4.14,296.08,2.8
1753600016091,07:06:56.091,bybit,AAVE/USDT:USDT,296.06,0.19,296.05,0.04,296.07,4.14,296.08,2.8
1753600016191,07:06:56.191,bybit,AAVE/USDT:USDT,296.06,0.19,296.05,0.04,296.07,4.14,296.08,2.8
1753600016291,07:06:56.291,bybit,AAVE/USDT:USDT,296.06,0.19,296.05,0.04,296.07,4.01,296.08,2.8
1753600016391,07:06:56.391,bybit,AAVE/USDT:USDT,296.06,0.19,296.05,0.04,296.07,4.01,296.08,2.8
1753600016491,07:06:56.491,bybit,AAVE/USDT:USDT,296.06,0.19,296.05,0.04,296.07,3.79,296.08,2.8
1753600016608,07:06:56.608,bybit,AAVE/USDT:USDT,296.06,0.19,296.05,0.04,296.07,3.49,296.08,2.8
1753600016690,07:06:56.690,bybit,AAVE/USDT:USDT,296.06,0.19,296.05,0.04,296.07,3.49,296.08,2.8
1753600016791,07:06:56.791,bybit,AAVE/USDT:USDT,296.06,0.19,296.05,0.04,296.07,3.49,296.08,5.23
1753600016891,07:06:56.891,bybit,AAVE/USDT:USDT,296.06,0.19,296.05,0.04,296.07,3.4,296.08,2.8
1753600016991,07:06:56.991,bybit,AAVE/USDT:USDT,296.06,0.19,296.05,0.04,296.07,3.4,296.08,2.8
1753600017091,07:06:57.091,bybit,AAVE/USDT:USDT,296.06,0.19,296.05,0.04,296.07,3.4,296.08,2.8
1753600017191,07:06:57.191,bybit,AAVE/USDT:USDT,296.06,0.19,296.05,0.04,296.07,3.4,296.08,2.8
1753600017291,07:06:57.291,bybit,AAVE/USDT:USDT,296.06,0.19,296.05,0.04,296.07,1.88,296.08,2.8
1753600017391,07:06:57.391,bybit,AAVE/USDT:USDT,296.06,0.19,296.03,0.03,296.07,1.88,296.08,2.43
1753600017492,07:06:57.492,bybit,AAVE/USDT:USDT,296.06,0.19,296.03,2.36,296.07,1.88,296.09,10.24
1753600017591,07:06:57.591,bybit,AAVE/USDT:USDT,296.06,0.19,296.03,2.36,296.07,1.88,296.09,10.24
1753600017691,07:06:57.691,bybit,AAVE/USDT:USDT,296.06,0.19,296.04,1.48,296.07,1.88,296.09,8.11
1753600017791,07:06:57.791,bybit,AAVE/USDT:USDT,296.06,0.19,296.03,2.36,296.07,1.88,296.09,8.11
1753600017892,07:06:57.892,bybit,AAVE/USDT:USDT,296.06,0.19,296.03,2.36,296.07,1.88,296.09,8.11
1753600017991,07:06:57.991,bybit,AAVE/USDT:USDT,296.06,0.19,296.03,2.36,296.07,1.88,296.09,8.11
1753600018091,07:06:58.091,bybit,AAVE/USDT:USDT,296.06,0.19,296.03,2.36,296.07,1.88,296.09,8.11
1753600018191,07:06:58.191,bybit,AAVE/USDT:USDT,296.06,0.19,296.03,2.36,296.07,1.88,296.09,8.11
1753600018291,07:06:58.291,bybit,AAVE/USDT:USDT,296.06,0.19,296.03,2.36,296.07,3.34,296.09,8.11
1753600018391,07:06:58.391,bybit,AAVE/USDT:USDT,296.06,0.02,296.03,2.36,296.07,3.34,296.09,8.11
1753600018491,07:06:58.491,bybit,AAVE/USDT:USDT,296.06,0.02,296.03,2.36,296.07,3.34,296.09,8.11
1753600018591,07:06:58.591,bybit,AAVE/USDT:USDT,296.06,1.04,296.05,1.48,296.07,3.34,296.09,8.11
1753600018691,07:06:58.691,bybit,AAVE/USDT:USDT,296.06,0.33,296.05,1.48,296.07,3.34,296.09,8.11
1753600018791,07:06:58.791,bybit,AAVE/USDT:USDT,296.06,0.33,296.05,1.48,296.07,3.34,296.09,8.11
1753600018891,07:06:58.891,bybit,AAVE/USDT:USDT,296.06,0.33,296.05,1.48,296.07,3.34,296.09,8.11
1753600018991,07:06:58.991,bybit,AAVE/USDT:USDT,296.06,0.33,296.05,1.48,296.07,3.34,296.09,8.11
1753600019092,07:06:59.092,bybit,AAVE/USDT:USDT,296.06,0.33,296.05,1.48,296.07,3.34,296.09,8.11
1753600019191,07:06:59.191,bybit,AAVE/USDT:USDT,296.06,1.04,296.05,1.48,296.07,2.27,296.09,8.11
1753600019391,07:06:59.391,bybit,AAVE/USDT:USDT,296.06,1.04,296.05,1.48,296.07,2.27,296.09,8.11
1753600019491,07:06:59.491,bybit,AAVE/USDT:USDT,296.06,1.04,296.05,1.48,296.07,1.63,296.09,8.11
1753600019591,07:06:59.591,bybit,AAVE/USDT:USDT,296.06,1.04,296.05,1.48,296.07,0.17,296.09,4.03
1753600019691,07:06:59.691,bybit,AAVE/USDT:USDT,296.06,3.26,296.05,1.48,296.07,0.17,296.1,2.26
1753600019791,07:06:59.791,bybit,AAVE/USDT:USDT,296.06,3.26,296.05,1.48,296.07,0.17,296.1,2.26
1753600019891,07:06:59.891,bybit,AAVE/USDT:USDT,296.06,3.26,296.05,1.48,296.07,0.17,296.1,2.26
1753600019992,07:06:59.992,bybit,AAVE/USDT:USDT,296.06,3.26,296.05,1.48,296.07,0.17,296.1,2.26
1753600020091,07:07:00.091,bybit,AAVE/USDT:USDT,296.06,3.26,296.05,1.48,296.07,0.17,296.1,1.2
1753600020191,07:07:00.191,bybit,AAVE/USDT:USDT,296.06,3.26,296.05,1.48,296.07,0.17,296.1,1.2
1753600020292,07:07:00.292,bybit,AAVE/USDT:USDT,296.06,3.26,296.05,5.94,296.07,0.17,296.1,0.06
1753600020391,07:07:00.391,bybit,AAVE/USDT:USDT,296.06,3.26,296.05,5.94,296.07,0.17,296.1,0.06
1753600020491,07:07:00.491,bybit,AAVE/USDT:USDT,296.06,3.26,296.05,5.94,296.07,0.17,296.1,0.06
1753600020591,07:07:00.591,bybit,AAVE/USDT:USDT,296.06,3.26,296.05,5.94,296.07,0.17,296.1,0.06
1753600020691,07:07:00.691,bybit,AAVE/USDT:USDT,296.06,3.26,296.05,5.94,296.07,0.17,296.1,0.06
1753600020792,07:07:00.792,bybit,AAVE/USDT:USDT,296.06,2.13,296.05,3.09,296.07,1.88,296.09,1.46
1753600020891,07:07:00.891,bybit,AAVE/USDT:USDT,296.06,0.33,296.05,2.22,296.07,3.69,296.09,1.46
1753600020991,07:07:00.991,bybit,AAVE/USDT:USDT,296.06,0.33,296.05,2.22,296.07,3.38,296.09,1.46
1753600021091,07:07:01.091,bybit,AAVE/USDT:USDT,296.06,0.33,296.05,2.22,296.07,3.38,296.09,1.46
1753600021191,07:07:01.191,bybit,AAVE/USDT:USDT,296.06,0.33,296.05,2.22,296.07,3.38,296.09,1.46
1753600021291,07:07:01.291,bybit,AAVE/USDT:USDT,296.06,0.33,296.05,2.22,296.07,3.38,296.09,1.46
1753600021391,07:07:01.391,bybit,AAVE/USDT:USDT,296.06,0.33,296.05,2.22,296.07,1.88,296.09,1.46
1753600021491,07:07:01.491,bybit,AAVE/USDT:USDT,296.06,1.84,296.05,2.22,296.07,1.88,296.09,1.46
1753600021591,07:07:01.591,bybit,AAVE/USDT:USDT,296.06,0.33,296.05,2.22,296.07,1.88,296.09,1.46
1753600021691,07:07:01.691,bybit,AAVE/USDT:USDT,296.06,0.33,296.05,2.22,296.07,1.88,296.09,1.46
1753600021791,07:07:01.791,bybit,AAVE/USDT:USDT,296.06,0.33,296.05,2.22,296.07,2.23,296.09,1.46
1753600021891,07:07:01.891,bybit,AAVE/USDT:USDT,296.06,0.02,296.05,2.22,296.07,2.23,296.09,1.46
1753600021991,07:07:01.991,bybit,AAVE/USDT:USDT,296.06,0.02,296.04,0.04,296.07,2.23,296.09,1.46
1753600022092,07:07:02.092,bybit,AAVE/USDT:USDT,296.06,2.13,296.05,2.03,296.07,1.88,296.09,1.46
1753600022191,07:07:02.191,bybit,AAVE/USDT:USDT,296.06,0.88,296.05,2.03,296.07,1.88,296.09,1.46
1753600022291,07:07:02.291,bybit,AAVE/USDT:USDT,296.06,0.02,296.04,0.04,296.07,2.23,296.09,1.46
1753600022391,07:07:02.391,bybit,AAVE/USDT:USDT,296.06,0.02,296.04,0.04,296.07,2.23,296.09,1.46
1753600022491,07:07:02.491,bybit,AAVE/USDT:USDT,296.02,8.29,296.01,0.02,296.04,0.9,296.06,4.74
1753600022591,07:07:02.591,bybit,AAVE/USDT:USDT,296.03,0.71,296.02,8.29,296.04,0.9,296.06,2.2
1753600022692,07:07:02.692,bybit,AAVE/USDT:USDT,296.03,0.71,296.02,8.29,296.04,0.9,296.06,2.2
1753600022792,07:07:02.792,bybit,AAVE/USDT:USDT,296.03,1.86,296.02,0.04,296.04,2.61,296.06,2.2
1753600022891,07:07:02.891,bybit,AAVE/USDT:USDT,296.03,1.99,296.02,0.04,296.04,1.71,296.06,2.2
1753600022991,07:07:02.991,bybit,AAVE/USDT:USDT,296.03,1.99,296.02,0.04,296.04,1.71,296.06,2.2
1753600023091,07:07:03.091,bybit,AAVE/USDT:USDT,296.03,1.99,296.02,0.04,296.04,1.71,296.06,2.2
1753600023190,07:07:03.190,bybit,AAVE/USDT:USDT,296.03,1.99,296.02,0.04,296.04,1.71,296.06,2.2
1753600023290,07:07:03.290,bybit,AAVE/USDT:USDT,296.03,3.58,296.02,1.52,296.04,1.88,296.06,0.04
1753600023391,07:07:03.391,bybit,AAVE/USDT:USDT,296.03,3.58,296.02,1.52,296.04,1.88,296.06,0.04
1753600023491,07:07:03.491,bybit,AAVE/USDT:USDT,296.03,3.58,296.02,1.52,296.04,1.88,296.06,0.04
1753600023592,07:07:03.592,bybit,AAVE/USDT:USDT,296.03,3.58,296.02,1.52,296.04,1.88,296.06,0.04
1753600023690,07:07:03.690,bybit,AAVE/USDT:USDT,296.03,3.58,296.02,1.52,296.04,1.88,296.06,0.04
1753600023791,07:07:03.791,bybit,AAVE/USDT:USDT,296.03,3.58,296.02,2.19,296.04,1.81,296.06,0.04
1753600023891,07:07:03.891,bybit,AAVE/USDT:USDT,296.03,3.58,296.02,0.71,296.04,1.81,296.06,0.04
1753600023990,07:07:03.990,bybit,AAVE/USDT:USDT,296.03,3.58,296.02,0.71,296.04,1.81,296.06,0.04
1753600024091,07:07:04.091,bybit,AAVE/USDT:USDT,296.03,3.58,296.02,0.71,296.04,1.81,296.06,0.04
1753600024191,07:07:04.191,bybit,AAVE/USDT:USDT,296.03,3.58,296.02,4.19,296.04,1.81,296.06,0.04
1753600024292,07:07:04.292,bybit,AAVE/USDT:USDT,296.03,3.58,296.02,4.19,296.04,1.81,296.06,0.04
1753600024391,07:07:04.391,bybit,AAVE/USDT:USDT,296.03,2.23,296.02,2.71,296.04,1.81,296.06,0.04
1753600024491,07:07:04.491,bybit,AAVE/USDT:USDT,296.03,2.23,296.02,2.19,296.04,1.81,296.06,0.04
1753600024591,07:07:04.591,bybit,AAVE/USDT:USDT,296.03,2.23,296.02,0.71,296.04,1.81,296.06,0.04
1753600024691,07:07:04.691,bybit,AAVE/USDT:USDT,296.03,2.23,296.02,0.71,296.04,1.81,296.06,0.04
1753600024891,07:07:04.891,bybit,AAVE/USDT:USDT,296.03,2.23,296.02,0.71,296.04,1.81,296.06,0.04
1753600024992,07:07:04.992,bybit,AAVE/USDT:USDT,296.03,2.23,296.02,2.19,296.04,1.81,296.06,0.04
1753600025091,07:07:05.091,bybit,AAVE/USDT:USDT,296.03,2.23,296.02,5.03,296.04,1.81,296.06,0.04
1753600025191,07:07:05.191,bybit,AAVE/USDT:USDT,296.03,6.85,296.02,5.03,296.04,1.81,296.06,0.04
1753600025291,07:07:05.291,bybit,AAVE/USDT:USDT,296.03,6.85,296.02,5.03,296.04,1.81,296.06,0.04
1753600025391,07:07:05.391,bybit,AAVE/USDT:USDT,296.03,6.85,296.02,0.04,296.04,1.81,296.06,0.04
1753600025491,07:07:05.491,bybit,AAVE/USDT:USDT,296.03,7.52,296.02,2.86,296.04,1.81,296.06,0.04
1753600025591,07:07:05.591,bybit,AAVE/USDT:USDT,296.03,7.52,296.02,2.86,296.04,1.81,296.06,0.04
1753600025691,07:07:05.691,bybit,AAVE/USDT:USDT,296.03,7.52,296.02,2.86,296.04,1.81,296.06,0.04
1753600025791,07:07:05.791,bybit,AAVE/USDT:USDT,296.03,7.52,296.02,0.04,296.04,1.81,296.06,0.04
1753600025891,07:07:05.891,bybit,AAVE/USDT:USDT,296.03,6.85,296.02,0.04,296.04,1.81,296.06,0.04
1753600025991,07:07:05.991,bybit,AAVE/USDT:USDT,296.03,6.85,296.02,0.04,296.04,1.81,296.06,0.04
1753600026091,07:07:06.091,bybit,AAVE/USDT:USDT,296.03,6.85,296.02,0.04,296.04,1.81,296.06,0.04
1753600026191,07:07:06.191,bybit,AAVE/USDT:USDT,296.03,6.85,296.02,0.04,296.04,1.81,296.06,0.04
1753600026291,07:07:06.291,bybit,AAVE/USDT:USDT,296.03,6.85,296.02,0.04,296.04,1.81,296.06,0.04
1753600026391,07:07:06.391,bybit,AAVE/USDT:USDT,296.03,6.85,296.02,0.04,296.04,1.81,296.06,0.04
1753600026491,07:07:06.491,bybit,AAVE/USDT:USDT,296.03,6.85,296.02,0.04,296.04,1.81,296.06,0.04
1753600026591,07:07:06.591,bybit,AAVE/USDT:USDT,296.03,6.85,296.02,0.04,296.04,1.81,296.06,0.04
1753600026691,07:07:06.691,bybit,AAVE/USDT:USDT,296.03,6.85,296.02,0.04,296.04,1.81,296.06,0.04
1753600026792,07:07:06.792,bybit,AAVE/USDT:USDT,296.03,6.85,296.02,0.04,296.04,1.83,296.06,1.5
1753600026891,07:07:06.891,bybit,AAVE/USDT:USDT,296.03,6.85,296.02,0.04,296.04,1.8,296.06,0.04
1753600026991,07:07:06.991,bybit,AAVE/USDT:USDT,296.03,6.85,296.02,0.04,296.04,1.8,296.06,0.04
1753600027191,07:07:07.191,bybit,AAVE/USDT:USDT,296.03,6.85,296.02,0.04,296.04,1.8,296.06,0.04
1753600027291,07:07:07.291,bybit,AAVE/USDT:USDT,296.03,6.85,296.02,0.04,296.04,1.8,296.06,0.04
1753600027391,07:07:07.391,bybit,AAVE/USDT:USDT,296.03,6.85,296.02,2.19,296.04,1.8,296.06,0.04
1753600027494,07:07:07.494,bybit,AAVE/USDT:USDT,296.05,1.95,296.04,7.3,296.06,0.04,296.07,0.04
1753600027592,07:07:07.592,bybit,AAVE/USDT:USDT,296.07,1.3,296.06,12.32,296.08,0.02,296.09,0.04
1753600027692,07:07:07.692,bybit,AAVE/USDT:USDT,296.07,1.3,296.06,12.32,296.08,0.02,296.09,0.04
1753600027794,07:07:07.794,bybit,AAVE/USDT:USDT,296.07,1.3,296.06,12.32,296.08,0.02,296.09,0.04
1753600027891,07:07:07.891,bybit,AAVE/USDT:USDT,296.06,4.62,296.05,2.27,296.07,0.71,296.08,3.07
1753600027991,07:07:07.991,bybit,AAVE/USDT:USDT,296.06,4.62,296.05,2.23,296.08,2.08,296.09,1.46
1753600028092,07:07:08.092,bybit,AAVE/USDT:USDT,296.07,0.71,296.06,4.62,296.08,1.52,296.1,5.7
1753600028192,07:07:08.192,bybit,AAVE/USDT:USDT,296.07,0.71,296.06,4.62,296.08,1.52,296.1,5.7
1753600028291,07:07:08.291,bybit,AAVE/USDT:USDT,296.07,0.71,296.05,2.27,296.08,1.52,296.1,5.7
1753600028391,07:07:08.391,bybit,AAVE/USDT:USDT,296.07,5.33,296.05,2.27,296.08,1.52,296.1,5.7
1753600028492,07:07:08.492,bybit,AAVE/USDT:USDT,296.07,5.33,296.05,2.27,296.08,1.52,296.1,5.7
1753600028891,07:07:08.891,bybit,AAVE/USDT:USDT,296.07,5.33,296.05,2.27,296.08,0.02,296.1,5.7
1753600029092,07:07:09.092,bybit,AAVE/USDT:USDT,296.07,5.33,296.05,1.17,296.08,0.3,296.1,5.7
1753600029191,07:07:09.191,bybit,AAVE/USDT:USDT,296.07,4.62,296.05,0.04,296.08,5.81,296.1,5.7
1753600029291,07:07:09.291,bybit,AAVE/USDT:USDT,296.07,4.62,296.05,0.04,296.08,5.81,296.1,10.3
1753600029391,07:07:09.391,bybit,AAVE/USDT:USDT,296.07,4.62,296.05,0.04,296.08,5.81,296.1,7.02
1753600029491,07:07:09.491,bybit,AAVE/USDT:USDT,296.07,4.62,296.05,0.04,296.08,3.81,296.1,5.7
1753600029590,07:07:09.590,bybit,AAVE/USDT:USDT,296.07,4.62,296.05,0.04,296.08,3.81,296.1,8.48
1753600029691,07:07:09.691,bybit,AAVE/USDT:USDT,296.07,4.62,296.05,0.04,296.08,3.81,296.1,8.48
1753600029793,07:07:09.793,bybit,AAVE/USDT:USDT,296.07,4.62,296.05,0.04,296.08,3.81,296.1,8.48
1753600029891,07:07:09.891,bybit,AAVE/USDT:USDT,296.07,4.62,296.05,0.04,296.08,3.81,296.1,7.16
1753600029991,07:07:09.991,bybit,AAVE/USDT:USDT,296.07,4.62,296.05,0.04,296.08,3.81,296.1,7.16
1753600030091,07:07:10.091,bybit,AAVE/USDT:USDT,296.07,4.62,296.05,0.04,296.08,3.81,296.1,7.16
1753600030191,07:07:10.191,bybit,AAVE/USDT:USDT,296.07,4.62,296.05,0.04,296.08,3.81,296.1,7.16
1753600030292,07:07:10.292,bybit,AAVE/USDT:USDT,296.07,4.62,296.05,0.04,296.08,3.81,296.1,8.48
1753600030391,07:07:10.391,bybit,AAVE/USDT:USDT,296.07,4.62,296.05,0.04,296.08,3.81,296.1,8.48
1753600030491,07:07:10.491,bybit,AAVE/USDT:USDT,296.07,4.62,296.05,0.04,296.08,3.81,296.1,8.48
1753600030599,07:07:10.599,bybit,AAVE/USDT:USDT,296.07,4.62,296.05,0.04,296.08,3.81,296.1,7.16
1753600030691,07:07:10.691,bybit,AAVE/USDT:USDT,296.07,4.62,296.05,0.04,296.08,3.81,296.1,8.48
1753600030791,07:07:10.791,bybit,AAVE/USDT:USDT,296.07,4.62,296.05,0.04,296.08,3.81,296.1,8.48
1753600030891,07:07:10.891,bybit,AAVE/USDT:USDT,296.07,4.62,296.05,0.04,296.08,3.81,296.09,2.56
1753600030991,07:07:10.991,bybit,AAVE/USDT:USDT,296.07,4.62,296.05,0.04,296.08,4.13,296.1,8.52
1753600031092,07:07:11.092,bybit,AAVE/USDT:USDT,296.07,4.62,296.05,0.04,296.08,4.13,296.1,7.2
1753600031190,07:07:11.190,bybit,AAVE/USDT:USDT,296.07,4.62,296.05,0.04,296.08,4.13,296.1,7.2
1753600031292,07:07:11.292,bybit,AAVE/USDT:USDT,296.07,4.62,296.05,0.04,296.08,4.13,296.1,7.16
1753600031391,07:07:11.391,bybit,AAVE/USDT:USDT,296.07,4.62,296.05,0.04,296.08,3.81,296.1,7.16
1753600031491,07:07:11.491,bybit,AAVE/USDT:USDT,296.07,4.62,296.05,0.04,296.08,3.81,296.1,7.16
1753600031591,07:07:11.591,bybit,AAVE/USDT:USDT,296.07,4.62,296.05,0.04,296.08,3.81,296.1,7.16
1753600031691,07:07:11.691,bybit,AAVE/USDT:USDT,296.07,4.62,296.05,0.04,296.08,3.81,296.1,7.16
1753600031791,07:07:11.791,bybit,AAVE/USDT:USDT,296.07,4.62,296.05,0.04,296.08,3.81,296.1,7.16
1753600031891,07:07:11.891,bybit,AAVE/USDT:USDT,296.07,4.62,296.05,0.04,296.08,3.81,296.1,7.16
1753600031991,07:07:11.991,bybit,AAVE/USDT:USDT,296.07,4.62,296.05,0.04,296.08,3.81,296.1,7.16
1753600032091,07:07:12.091,bybit,AAVE/USDT:USDT,296.07,4.62,296.05,0.04,296.08,3.81,296.1,7.16
1753600032191,07:07:12.191,bybit,AAVE/USDT:USDT,296.07,4.62,296.05,0.04,296.08,3.81,296.1,7.16
1753600032291,07:07:12.291,bybit,AAVE/USDT:USDT,296.07,4.62,296.05,0.04,296.08,3.81,296.1,7.16
1753600032391,07:07:12.391,bybit,AAVE/USDT:USDT,296.07,4.62,296.05,0.04,296.08,1.06,296.1,7.16
1753600032491,07:07:12.491,bybit,AAVE/USDT:USDT,296.07,4.62,296.05,0.04,296.08,1.06,296.1,7.16
1753600032591,07:07:12.591,bybit,AAVE/USDT:USDT,296.07,4.62,296.05,0.04,296.08,1.95,296.1,7.16
1753600032691,07:07:12.691,bybit,AAVE/USDT:USDT,296.07,4.62,296.05,0.04,296.08,1.95,296.1,7.16
1753600032791,07:07:12.791,bybit,AAVE/USDT:USDT,296.07,4.62,296.05,0.04,296.08,1.95,296.1,7.16
1753600032891,07:07:12.891,bybit,AAVE/USDT:USDT,296.07,4.62,296.05,0.04,296.08,1.95,296.1,7.16
1753600032991,07:07:12.991,bybit,AAVE/USDT:USDT,296.07,4.62,296.05,0.04,296.08,1.95,296.1,7.16
1753600033091,07:07:13.091,bybit,AAVE/USDT:USDT,296.07,4.62,296.05,0.04,296.08,2.28,296.1,7.16
1753600033191,07:07:13.191,bybit,AAVE/USDT:USDT,296.07,4.62,296.05,0.04,296.08,1.95,296.1,7.16
1753600033291,07:07:13.291,bybit,AAVE/USDT:USDT,296.07,4.62,296.05,0.04,296.08,1.95,296.1,7.16
1753600033391,07:07:13.391,bybit,AAVE/USDT:USDT,296.08,0.71,296.07,4.62,296.1,7.12,296.11,1.46
1753600033491,07:07:13.491,bybit,AAVE/USDT:USDT,296.08,0.71,296.07,4.62,296.09,0.71,296.1,7.12
1753600033592,07:07:13.592,bybit,AAVE/USDT:USDT,296.07,4.62,296.05,0.04,296.08,5.99,296.09,8.97
1753600033691,07:07:13.691,bybit,AAVE/USDT:USDT,296.01,5.16,296.0,1.8,296.02,3.9,296.03,6.5
1753600033792,07:07:13.792,bybit,AAVE/USDT:USDT,296.01,3.62,296.0,0.11,296.02,7.62,296.03,6.47
1753600033892,07:07:13.892,bybit,AAVE/USDT:USDT,296.01,3.62,296.0,0.11,296.02,7.62,296.03,6.47
1753600033991,07:07:13.991,bybit,AAVE/USDT:USDT,296.01,3.62,296.0,0.11,296.02,3.19,296.03,4.72
1753600034092,07:07:14.092,bybit,AAVE/USDT:USDT,296.04,0.33,296.03,0.45,296.05,0.37,296.06,0.52
1753600034192,07:07:14.192,bybit,AAVE/USDT:USDT,296.06,0.95,296.05,1.2,296.08,2.27,296.09,7.97
1753600034292,07:07:14.292,bybit,AAVE/USDT:USDT,296.06,0.95,296.05,1.2,296.07,0.71,296.08,2.27
1753600034391,07:07:14.391,bybit,AAVE/USDT:USDT,296.04,1.2,296.03,0.45,296.05,0.71,296.06,3.29
1753600034492,07:07:14.492,bybit,AAVE/USDT:USDT,296.01,3.66,296.0,0.18,296.03,0.61,296.04,2.58
1753600034591,07:07:14.591,bybit,AAVE/USDT:USDT,296.01,3.62,296.0,0.14,296.03,0.61,296.04,2.58
1753600034691,07:07:14.691,bybit,AAVE/USDT:USDT,296.02,0.61,296.01,3.62,296.03,0.61,296.05,5.17
1753600034792,07:07:14.792,bybit,AAVE/USDT:USDT,296.02,0.61,296.01,3.62,296.04,0.71,296.05,5.13
1753600034891,07:07:14.891,bybit,AAVE/USDT:USDT,296.02,0.61,296.01,3.62,296.04,0.71,296.05,5.13
1753600034991,07:07:14.991,bybit,AAVE/USDT:USDT,296.02,0.61,296.01,3.62,296.04,2.21,296.05,3.63
1753600035091,07:07:15.091,bybit,AAVE/USDT:USDT,296.01,3.62,296.0,0.81,296.02,3.34,296.03,3.84
1753600035191,07:07:15.191,bybit,AAVE/USDT:USDT,296.01,3.62,296.0,0.81,296.02,2.58,296.03,2.27
1753600035291,07:07:15.291,bybit,AAVE/USDT:USDT,296.01,3.77,296.0,0.81,296.02,2.58,296.03,2.27
1753600035391,07:07:15.391,bybit,AAVE/USDT:USDT,296.01,3.77,296.0,0.81,296.02,2.58,296.03,2.21
1753600035491,07:07:15.491,bybit,AAVE/USDT:USDT,296.01,3.77,296.0,0.14,296.02,2.58,296.03,2.21
1753600035591,07:07:15.591,bybit,AAVE/USDT:USDT,296.01,3.77,296.0,0.14,296.02,2.58,296.03,2.21
1753600035691,07:07:15.691,bybit,AAVE/USDT:USDT,296.01,3.77,296.0,0.81,296.03,2.21,296.04,0.71
1753600035794,07:07:15.794,bybit,AAVE/USDT:USDT,296.01,3.77,296.0,0.81,296.03,2.21,296.04,0.71
1753600035891,07:07:15.891,bybit,AAVE/USDT:USDT,296.01,3.77,296.0,0.81,296.03,2.21,296.04,0.71
1753600035991,07:07:15.991,bybit,AAVE/USDT:USDT,296.01,2.35,296.0,0.81,296.03,0.71,296.04,0.71
1753600036091,07:07:16.091,bybit,AAVE/USDT:USDT,296.01,2.35,296.0,0.81,296.03,0.71,296.04,0.71
1753600036191,07:07:16.191,bybit,AAVE/USDT:USDT,296.02,1.31,296.01,2.35,296.04,0.71,296.05,5.17
1753600036292,07:07:16.292,bybit,AAVE/USDT:USDT,296.02,0.6,296.01,2.35,296.03,2.58,296.04,0.71
1753600036391,07:07:16.391,bybit,AAVE/USDT:USDT,296.02,0.6,296.01,2.35,296.03,2.58,296.04,0.71
1753600036491,07:07:16.491,bybit,AAVE/USDT:USDT,296.01,2.35,296.0,0.85,296.03,2.58,296.04,0.71
1753600036592,07:07:16.592,bybit,AAVE/USDT:USDT,296.01,2.35,296.0,0.14,296.02,0.71,296.03,2.58
1753600036690,07:07:16.690,bybit,AAVE/USDT:USDT,296.01,2.35,296.0,0.14,296.02,0.71,296.03,2.58
1753600036791,07:07:16.791,bybit,AAVE/USDT:USDT,296.01,2.35,296.0,0.14,296.02,0.71,296.03,2.58
1753600036891,07:07:16.891,bybit,AAVE/USDT:USDT,296.01,2.35,296.0,0.14,296.02,0.71,296.03,2.58
1753600036991,07:07:16.991,bybit,AAVE/USDT:USDT,296.01,2.35,296.0,0.14,296.02,0.71,296.03,2.58
1753600037091,07:07:17.091,bybit,AAVE/USDT:USDT,296.01,2.35,296.0,0.14,296.02,0.71,296.03,2.58
1753600037191,07:07:17.191,bybit,AAVE/USDT:USDT,296.01,0.15,296.0,0.14,296.02,2.51,296.03,2.58
1753600037291,07:07:17.291,bybit,AAVE/USDT:USDT,296.01,0.15,296.0,0.14,296.02,2.51,296.03,2.58
1753600037491,07:07:17.491,bybit,AAVE/USDT:USDT,296.01,0.15,296.0,0.14,296.02,2.51,296.03,2.58
1753600037591,07:07:17.591,bybit,AAVE/USDT:USDT,296.01,0.31,296.0,0.14,296.02,2.51,296.03,2.58
1753600037692,07:07:17.692,bybit,AAVE/USDT:USDT,296.01,1.61,296.0,2.29,296.04,2.25,296.05,6.16
1753600037791,07:07:17.791,bybit,AAVE/USDT:USDT,296.02,0.04,296.01,1.61,296.03,0.71,296.04,0.71
1753600037891,07:07:17.891,bybit,AAVE/USDT:USDT,296.01,1.61,296.0,0.14,296.03,0.71,296.04,0.71
1753600037992,07:07:17.992,bybit,AAVE/USDT:USDT,296.01,1.61,296.0,0.14,296.03,0.71,296.04,0.71
1753600038092,07:07:18.092,bybit,AAVE/USDT:USDT,296.01,1.61,296.0,0.14,296.03,0.71,296.04,0.71
1753600038191,07:07:18.191,bybit,AAVE/USDT:USDT,296.01,1.61,296.0,0.14,296.03,0.71,296.04,0.71
1753600038491,07:07:18.491,bybit,AAVE/USDT:USDT,296.01,1.78,296.0,0.14,296.02,0.81,296.03,0.71
1753600038591,07:07:18.591,bybit,AAVE/USDT:USDT,296.01,1.78,296.0,0.14,296.02,0.81,296.03,0.71
1753600038691,07:07:18.691,bybit,AAVE/USDT:USDT,296.01,1.78,296.0,0.14,296.02,0.81,296.03,0.71
1753600038891,07:07:18.891,bybit,AAVE/USDT:USDT,296.01,1.78,296.0,0.14,296.02,0.81,296.03,0.71
1753600038991,07:07:18.991,bybit,AAVE/USDT:USDT,296.01,1.78,296.0,0.14,296.02,0.81,296.03,0.71
1753600039191,07:07:19.191,bybit,AAVE/USDT:USDT,296.01,1.78,296.0,0.14,296.02,0.1,296.03,0.71
1753600039291,07:07:19.291,bybit,AAVE/USDT:USDT,296.01,1.78,296.0,0.81,296.02,0.1,296.03,0.71
1753600039391,07:07:19.391,bybit,AAVE/USDT:USDT,296.01,1.78,296.0,0.81,296.02,0.81,296.03,0.71
1753600039491,07:07:19.491,bybit,AAVE/USDT:USDT,296.01,1.78,296.0,0.14,296.02,0.81,296.03,0.71
1753600039691,07:07:19.691,bybit,AAVE/USDT:USDT,296.01,1.78,296.0,0.14,296.02,0.81,296.03,0.71
1753600039793,07:07:19.793,bybit,AAVE/USDT:USDT,296.01,1.78,296.0,0.14,296.02,0.81,296.03,0.71
1753600040091,07:07:20.091,bybit,AAVE/USDT:USDT,296.01,1.78,296.0,0.14,296.02,0.81,296.03,0.71
1753600040191,07:07:20.191,bybit,AAVE/USDT:USDT,296.01,1.78,296.0,0.14,296.02,0.81,296.03,0.71
1753600040291,07:07:20.291,bybit,AAVE/USDT:USDT,296.01,1.78,296.0,0.14,296.02,0.81,296.03,0.71
1753600040391,07:07:20.391,bybit,AAVE/USDT:USDT,296.01,1.78,296.0,0.14,296.02,0.81,296.03,0.71
1753600040592,07:07:20.592,bybit,AAVE/USDT:USDT,296.01,1.78,296.0,0.14,296.02,0.81,296.03,0.71
1753600040690,07:07:20.690,bybit,AAVE/USDT:USDT,296.01,1.78,296.0,0.14,296.02,0.81,296.03,0.71
1753600040792,07:07:20.792,bybit,AAVE/USDT:USDT,296.01,1.78,296.0,0.14,296.02,0.81,296.03,0.71
1753600040891,07:07:20.891,bybit,AAVE/USDT:USDT,296.01,1.78,296.0,0.14,296.02,0.81,296.03,0.71
1753600040991,07:07:20.991,bybit,AAVE/USDT:USDT,296.01,1.78,296.0,0.14,296.02,0.81,296.03,0.71
1753600041091,07:07:21.091,bybit,AAVE/USDT:USDT,296.01,1.78,296.0,0.14,296.02,0.81,296.03,0.71
1753600041291,07:07:21.291,bybit,AAVE/USDT:USDT,296.01,1.78,296.0,0.14,296.02,0.81,296.03,0.71
1753600041391,07:07:21.391,bybit,AAVE/USDT:USDT,296.01,1.78,296.0,0.14,296.02,0.81,296.03,0.71
1753600041492,07:07:21.492,bybit,AAVE/USDT:USDT,296.01,1.78,296.0,0.14,296.02,0.1,296.03,0.71
1753600041591,07:07:21.591,bybit,AAVE/USDT:USDT,296.01,1.78,296.0,0.81,296.02,0.1,296.03,0.71
1753600041691,07:07:21.691,bybit,AAVE/USDT:USDT,296.01,1.78,296.0,0.81,296.02,0.1,296.03,0.71
1753600041791,07:07:21.791,bybit,AAVE/USDT:USDT,296.01,1.78,296.0,0.14,296.02,0.1,296.03,0.71
1753600041891,07:07:21.891,bybit,AAVE/USDT:USDT,296.01,1.78,296.0,0.14,296.02,0.1,296.03,0.71
1753600041992,07:07:21.992,bybit,AAVE/USDT:USDT,296.01,1.78,296.0,0.14,296.02,0.1,296.03,0.71
1753600042191,07:07:22.191,bybit,AAVE/USDT:USDT,296.01,2.07,296.0,0.14,296.02,0.81,296.03,0.71
1753600042292,07:07:22.292,bybit,AAVE/USDT:USDT,296.01,2.07,296.0,0.14,296.02,0.81,296.03,0.71
1753600042391,07:07:22.391,bybit,AAVE/USDT:USDT,296.01,2.07,296.0,0.14,296.02,0.81,296.03,0.71
1753600042493,07:07:22.493,bybit,AAVE/USDT:USDT,296.01,0.87,296.0,0.14,296.02,2.31,296.03,0.71
1753600042591,07:07:22.591,bybit,AAVE/USDT:USDT,296.01,0.87,296.0,0.14,296.02,2.31,296.03,0.71
1753600042791,07:07:22.791,bybit,AAVE/USDT:USDT,296.01,0.87,296.0,0.14,296.02,0.81,296.03,0.71
1753600042891,07:07:22.891,bybit,AAVE/USDT:USDT,296.01,0.87,296.0,0.14,296.02,0.81,296.03,0.71
1753600042992,07:07:22.992,bybit,AAVE/USDT:USDT,296.0,0.11,295.99,0.04,296.01,2.82,296.02,7.21
1753600043091,07:07:23.091,bybit,AAVE/USDT:USDT,296.0,0.11,295.99,0.04,296.01,1.42,296.02,7.11
1753600043191,07:07:23.191,bybit,AAVE/USDT:USDT,296.0,0.09,295.99,0.04,296.01,1.42,296.02,7.11
1753600043291,07:07:23.291,bybit,AAVE/USDT:USDT,296.0,0.07,295.99,0.04,296.01,1.42,296.02,7.11
1753600043391,07:07:23.391,bybit,AAVE/USDT:USDT,296.0,0.07,295.99,0.04,296.01,1.42,296.02,7.11
1753600043491,07:07:23.491,bybit,AAVE/USDT:USDT,296.0,0.07,295.99,0.04,296.01,2.89,296.02,7.11
1753600043591,07:07:23.591,bybit,AAVE/USDT:USDT,295.98,0.06,295.97,5.54,296.0,15.74,296.01,2.89
1753600043692,07:07:23.692,bybit,AAVE/USDT:USDT,295.98,0.02,295.97,5.48,295.99,11.1,296.0,9.58
1753600043791,07:07:23.791,bybit,AAVE/USDT:USDT,295.98,0.02,295.97,5.48,295.99,11.1,296.0,9.58
1753600043892,07:07:23.892,bybit,AAVE/USDT:USDT,295.98,0.02,295.97,5.48,295.99,11.2,296.0,9.58
1753600043991,07:07:23.991,bybit,AAVE/USDT:USDT,295.98,0.02,295.97,5.48,295.99,11.2,296.0,9.58
1753600044091,07:07:24.091,bybit,AAVE/USDT:USDT,295.98,0.02,295.97,5.48,295.99,11.2,296.0,9.58
1753600044191,07:07:24.191,bybit,AAVE/USDT:USDT,295.98,0.02,295.97,5.48,295.99,11.2,296.0,9.58
1753600044291,07:07:24.291,bybit,AAVE/USDT:USDT,295.98,0.02,295.97,5.48,295.99,11.2,296.0,9.58
1753600044391,07:07:24.391,bybit,AAVE/USDT:USDT,295.98,0.02,295.97,5.48,295.99,11.2,296.0,9.58
1753600044591,07:07:24.591,bybit,AAVE/USDT:USDT,295.98,0.02,295.97,5.48,295.99,11.2,296.0,9.58
1753600044691,07:07:24.691,bybit,AAVE/USDT:USDT,295.98,0.02,295.97,5.48,295.99,10.29,296.0,9.58
1753600044891,07:07:24.891,bybit,AAVE/USDT:USDT,295.98,1.37,295.97,5.44,295.99,10.29,296.0,8.33
1753600044991,07:07:24.991,bybit,AAVE/USDT:USDT,295.98,1.37,295.97,5.44,295.99,10.29,296.0,8.33
1753600045091,07:07:25.091,bybit,AAVE/USDT:USDT,295.98,1.37,295.96,2.55,295.99,10.29,296.0,8.33
1753600045191,07:07:25.191,bybit,AAVE/USDT:USDT,295.98,1.51,295.96,2.55,295.99,10.29,296.0,8.33
1753600045291,07:07:25.291,bybit,AAVE/USDT:USDT,295.98,1.51,295.96,2.55,295.99,10.29,296.0,8.33
1753600045391,07:07:25.391,bybit,AAVE/USDT:USDT,295.98,1.51,295.96,2.55,295.99,10.29,296.0,9.58
1753600045491,07:07:25.491,bybit,AAVE/USDT:USDT,295.98,1.51,295.96,2.55,295.99,10.29,296.0,9.58
1753600045591,07:07:25.591,bybit,AAVE/USDT:USDT,295.98,1.51,295.96,2.55,295.99,10.29,296.0,9.58
1753600045691,07:07:25.691,bybit,AAVE/USDT:USDT,295.98,1.68,295.96,2.55,295.99,10.35,296.0,9.58
1753600045791,07:07:25.791,bybit,AAVE/USDT:USDT,295.98,1.68,295.96,2.55,295.99,10.35,296.0,9.58
1753600045891,07:07:25.891,bybit,AAVE/USDT:USDT,295.98,1.68,295.96,2.55,295.99,10.35,296.0,9.58
1753600046092,07:07:26.092,bybit,AAVE/USDT:USDT,295.98,1.68,295.96,2.55,295.99,9.22,296.0,8.33
1753600046191,07:07:26.191,bybit,AAVE/USDT:USDT,295.98,1.68,295.96,2.55,295.99,9.22,296.0,8.33
1753600046292,07:07:26.292,bybit,AAVE/USDT:USDT,295.98,1.68,295.96,2.55,295.99,9.22,296.0,8.33
1753600046391,07:07:26.391,bybit,AAVE/USDT:USDT,295.98,1.68,295.96,2.55,295.99,6.42,296.0,8.33
1753600046491,07:07:26.491,bybit,AAVE/USDT:USDT,295.98,1.68,295.96,2.55,295.99,6.42,296.0,8.33
1753600046591,07:07:26.591,bybit,AAVE/USDT:USDT,295.98,1.68,295.96,2.55,295.99,6.42,296.0,8.33
1753600046691,07:07:26.691,bybit,AAVE/USDT:USDT,295.98,1.68,295.96,2.55,295.99,6.42,296.0,8.33
1753600046791,07:07:26.791,bybit,AAVE/USDT:USDT,295.98,1.68,295.96,2.55,295.99,6.42,296.0,8.33
1753600046891,07:07:26.891,bybit,AAVE/USDT:USDT,295.98,1.68,295.96,2.55,295.99,6.42,296.0,8.33
1753600046991,07:07:26.991,bybit,AAVE/USDT:USDT,295.98,1.68,295.96,2.55,295.99,6.42,296.0,8.33
1753600047091,07:07:27.091,bybit,AAVE/USDT:USDT,295.98,1.68,295.96,2.55,295.99,6.42,296.0,9.58
1753600047191,07:07:27.191,bybit,AAVE/USDT:USDT,295.98,1.68,295.96,2.55,295.99,6.42,296.0,9.58
1753600047291,07:07:27.291,bybit,AAVE/USDT:USDT,295.98,1.68,295.96,2.55,295.99,6.42,296.0,9.58
1753600047392,07:07:27.392,bybit,AAVE/USDT:USDT,295.96,3.59,295.95,8.25,295.97,6.83,295.98,6.26
1753600047491,07:07:27.491,bybit,AAVE/USDT:USDT,295.96,3.59,295.94,0.14,295.97,6.83,295.98,10.48
1753600047592,07:07:27.592,bybit,AAVE/USDT:USDT,295.96,3.59,295.94,0.14,295.97,6.83,295.98,10.48
1753600047691,07:07:27.691,bybit,AAVE/USDT:USDT,295.96,3.59,295.94,0.14,295.97,6.83,295.98,10.48
1753600047794,07:07:27.794,bybit,AAVE/USDT:USDT,295.96,3.59,295.94,0.14,295.97,6.83,295.98,9.61
1753600047891,07:07:27.891,bybit,AAVE/USDT:USDT,295.96,3.59,295.94,0.14,295.97,6.83,295.98,9.61
1753600047991,07:07:27.991,bybit,AAVE/USDT:USDT,295.94,0.07,295.93,0.04,295.95,5.64,295.96,7.92
1753600048092,07:07:28.092,bybit,AAVE/USDT:USDT,295.94,0.07,295.93,0.04,295.95,5.64,295.96,7.92
1753600048191,07:07:28.191,bybit,AAVE/USDT:USDT,295.94,0.07,295.93,0.04,295.95,5.64,295.96,7.92
1753600048292,07:07:28.292,bybit,AAVE/USDT:USDT,295.94,0.07,295.93,0.04,295.95,5.64,295.96,7.92
1753600048391,07:07:28.391,bybit,AAVE/USDT:USDT,295.94,0.07,295.93,0.04,295.95,5.64,295.96,7.92
1753600048491,07:07:28.491,bybit,AAVE/USDT:USDT,295.94,0.07,295.93,0.04,295.95,5.64,295.96,7.92
1753600048591,07:07:28.591,bybit,AAVE/USDT:USDT,295.94,0.07,295.93,0.04,295.95,5.64,295.96,7.92
1753600048691,07:07:28.691,bybit,AAVE/USDT:USDT,295.94,0.07,295.93,0.04,295.95,5.64,295.96,7.92
1753600048791,07:07:28.791,bybit,AAVE/USDT:USDT,295.94,0.07,295.93,0.04,295.95,2.84,295.96,5.78
1753600048892,07:07:28.892,bybit,AAVE/USDT:USDT,295.94,0.07,295.93,0.04,295.95,0.71,295.96,4.63
1753600048991,07:07:28.991,bybit,AAVE/USDT:USDT,295.94,0.07,295.93,0.04,295.95,0.71,295.96,4.63
1753600049091,07:07:29.091,bybit,AAVE/USDT:USDT,295.94,0.07,295.93,0.04,295.95,0.71,295.96,4.63
1753600049191,07:07:29.191,bybit,AAVE/USDT:USDT,295.94,0.07,295.93,0.04,295.95,0.71,295.96,4.63
1753600049291,07:07:29.291,bybit,AAVE/USDT:USDT,295.94,0.07,295.93,0.04,295.95,0.71,295.96,4.63
1753600049391,07:07:29.391,bybit,AAVE/USDT:USDT,295.94,0.07,295.93,0.04,295.95,2.4,295.96,4.63
1753600049592,07:07:29.592,bybit,AAVE/USDT:USDT,295.94,0.07,295.93,0.04,295.95,2.4,295.96,4.63
1753600049690,07:07:29.690,bybit,AAVE/USDT:USDT,295.94,0.07,295.93,0.04,295.95,0.71,295.96,3.13
1753600049791,07:07:29.791,bybit,AAVE/USDT:USDT,295.94,0.07,295.93,0.04,295.95,0.71,295.96,3.13
1753600049892,07:07:29.892,bybit,AAVE/USDT:USDT,295.94,0.07,295.93,0.04,295.95,0.71,295.96,1.92
1753600049991,07:07:29.991,bybit,AAVE/USDT:USDT,295.94,0.07,295.93,0.04,295.95,0.71,295.96,1.92
1753600050191,07:07:30.191,bybit,AAVE/USDT:USDT,295.94,0.07,295.93,0.04,295.95,0.71,295.96,1.92
1753600050291,07:07:30.291,bybit,AAVE/USDT:USDT,295.97,1.69,295.96,1.1,295.98,1.2,295.99,0.06
1753600050391,07:07:30.391,bybit,AAVE/USDT:USDT,295.96,1.1,295.95,1.59,295.98,1.85,295.99,3.6
1753600050491,07:07:30.491,bybit,AAVE/USDT:USDT,295.96,0.71,295.95,1.59,295.98,1.85,295.99,3.6
1753600050591,07:07:30.591,bybit,AAVE/USDT:USDT,295.96,0.71,295.95,1.59,295.98,1.85,295.99,3.6
1753600050692,07:07:30.692,bybit,AAVE/USDT:USDT,295.96,0.71,295.95,0.71,295.97,3.38,295.98,1.85
1753600050791,07:07:30.791,bybit,AAVE/USDT:USDT,295.94,0.77,295.93,0.67,295.96,0.71,295.97,3.38
1753600050892,07:07:30.892,bybit,AAVE/USDT:USDT,295.94,0.81,295.93,0.67,295.96,2.23,295.97,1.91
1753600050991,07:07:30.991,bybit,AAVE/USDT:USDT,295.94,0.81,295.92,3.41,295.95,0.61,295.96,2.23
1753600051091,07:07:31.091,bybit,AAVE/USDT:USDT,295.94,0.81,295.92,3.41,295.95,0.61,295.96,2.23
1753600051191,07:07:31.191,bybit,AAVE/USDT:USDT,295.94,0.91,295.92,3.41,295.95,0.61,295.96,2.23
1753600051292,07:07:31.292,bybit,AAVE/USDT:USDT,295.94,0.91,295.92,3.41,295.95,0.61,295.96,2.23
1753600051392,07:07:31.392,bybit,AAVE/USDT:USDT,295.94,0.91,295.92,3.41,295.95,0.61,295.96,2.23
1753600051491,07:07:31.491,bybit,AAVE/USDT:USDT,295.94,0.91,295.92,3.41,295.95,0.61,295.96,2.23
1753600051591,07:07:31.591,bybit,AAVE/USDT:USDT,295.94,0.91,295.92,3.41,295.95,0.61,295.96,2.23
1753600051691,07:07:31.691,bybit,AAVE/USDT:USDT,295.94,0.91,295.92,3.41,295.95,0.61,295.96,2.23
1753600051793,07:07:31.793,bybit,AAVE/USDT:USDT,295.95,1.31,295.94,2.48,295.96,0.05,295.97,0.71
1753600051892,07:07:31.892,bybit,AAVE/USDT:USDT,295.95,0.71,295.94,2.48,295.96,0.05,295.97,0.71
1753600051991,07:07:31.991,bybit,AAVE/USDT:USDT,295.95,0.81,295.94,2.38,295.96,0.05,295.97,0.71
1753600052091,07:07:32.091,bybit,AAVE/USDT:USDT,295.95,0.81,295.94,2.38,295.96,0.05,295.97,0.71
1753600052191,07:07:32.191,bybit,AAVE/USDT:USDT,295.95,0.81,295.94,2.38,295.96,0.05,295.97,0.71
1753600052291,07:07:32.291,bybit,AAVE/USDT:USDT,295.95,0.81,295.94,2.38,295.96,0.05,295.98,0.75
1753600052391,07:07:32.391,bybit,AAVE/USDT:USDT,295.95,0.81,295.94,2.38,295.96,0.05,295.98,0.75
1753600052491,07:07:32.491,bybit,AAVE/USDT:USDT,295.95,0.81,295.94,2.38,295.96,3.23,295.98,0.75
1753600052595,07:07:32.595,bybit,AAVE/USDT:USDT,295.95,0.81,295.94,2.38,295.96,3.23,295.98,0.75
1753600052691,07:07:32.691,bybit,AAVE/USDT:USDT,295.95,0.81,295.94,2.38,295.96,3.23,295.98,0.75
1753600052792,07:07:32.792,bybit,AAVE/USDT:USDT,295.95,0.81,295.94,2.38,295.96,3.23,295.98,0.75
1753600052891,07:07:32.891,bybit,AAVE/USDT:USDT,295.95,0.81,295.94,2.38,295.96,3.23,295.98,0.75
1753600052991,07:07:32.991,bybit,AAVE/USDT:USDT,295.95,0.81,295.94,2.38,295.96,3.23,295.98,0.75
1753600053091,07:07:33.091,bybit,AAVE/USDT:USDT,295.95,0.81,295.94,2.38,295.96,3.23,295.98,0.75
1753600053191,07:07:33.191,bybit,AAVE/USDT:USDT,295.95,0.81,295.94,2.38,295.96,3.23,295.98,0.75
1753600053291,07:07:33.291,bybit,AAVE/USDT:USDT,295.95,0.81,295.94,2.38,295.96,3.23,295.98,0.75
1753600053391,07:07:33.391,bybit,AAVE/USDT:USDT,295.95,3.19,295.94,3.86,295.96,3.23,295.98,0.04
1753600053491,07:07:33.491,bybit,AAVE/USDT:USDT,295.95,3.09,295.94,5.76,295.96,3.23,295.98,0.04
1753600053591,07:07:33.591,bybit,AAVE/USDT:USDT,295.95,3.09,295.94,5.76,295.96,3.23,295.98,0.04
1753600053691,07:07:33.691,bybit,AAVE/USDT:USDT,295.95,3.09,295.94,5.76,295.96,3.23,295.98,0.04
1753600053794,07:07:33.794,bybit,AAVE/USDT:USDT,295.95,3.09,295.94,4.53,295.96,3.23,295.98,0.04
1753600053891,07:07:33.891,bybit,AAVE/USDT:USDT,295.95,3.09,295.94,3.05,295.96,3.23,295.98,0.04
1753600053991,07:07:33.991,bybit,AAVE/USDT:USDT,295.95,3.09,295.94,3.05,295.96,3.23,295.98,0.04
1753600054091,07:07:34.091,bybit,AAVE/USDT:USDT,295.95,3.09,295.94,3.05,295.96,3.23,295.98,0.04
1753600054191,07:07:34.191,bybit,AAVE/USDT:USDT,295.95,3.09,295.94,3.05,295.96,3.23,295.98,0.04
1753600054291,07:07:34.291,bybit,AAVE/USDT:USDT,295.95,3.09,295.94,3.05,295.96,3.23,295.98,0.04
1753600054391,07:07:34.391,bybit,AAVE/USDT:USDT,295.95,3.09,295.94,3.05,295.96,3.23,295.98,0.04
1753600054491,07:07:34.491,bybit,AAVE/USDT:USDT,295.95,3.09,295.94,3.05,295.96,3.23,295.98,0.04
1753600054591,07:07:34.591,bybit,AAVE/USDT:USDT,295.95,3.09,295.94,3.05,295.96,3.23,295.98,0.04
1753600054691,07:07:34.691,bybit,AAVE/USDT:USDT,295.95,0.71,295.94,3.05,295.96,3.23,295.98,1.52
1753600054791,07:07:34.791,bybit,AAVE/USDT:USDT,295.95,0.71,295.94,3.05,295.96,3.23,295.98,1.52
1753600054891,07:07:34.891,bybit,AAVE/USDT:USDT,295.95,0.71,295.94,3.05,295.96,3.23,295.98,1.52
1753600054991,07:07:34.991,bybit,AAVE/USDT:USDT,295.95,0.71,295.94,3.05,295.96,3.23,295.98,1.52
1753600055091,07:07:35.091,bybit,AAVE/USDT:USDT,295.95,0.71,295.94,3.05,295.96,3.23,295.98,1.52
1753600055191,07:07:35.191,bybit,AAVE/USDT:USDT,295.95,0.71,295.94,3.05,295.96,3.23,295.98,1.52
1753600055291,07:07:35.291,bybit,AAVE/USDT:USDT,295.95,1.91,295.94,3.05,295.96,3.23,295.98,1.52
1753600055391,07:07:35.391,bybit,AAVE/USDT:USDT,295.95,1.91,295.94,3.05,295.96,3.23,295.98,1.52
1753600055491,07:07:35.491,bybit,AAVE/USDT:USDT,295.95,1.91,295.94,3.05,295.96,3.23,295.98,1.52
1753600055592,07:07:35.592,bybit,AAVE/USDT:USDT,295.95,1.91,295.94,3.05,295.96,3.23,295.98,1.52
1753600055691,07:07:35.691,bybit,AAVE/USDT:USDT,295.95,1.91,295.94,3.05,295.96,3.23,295.98,1.52
1753600055794,07:07:35.794,bybit,AAVE/USDT:USDT,295.95,1.91,295.94,3.05,295.96,3.23,295.98,1.52
1753600055891,07:07:35.891,bybit,AAVE/USDT:USDT,295.95,1.91,295.94,3.05,295.96,3.23,295.98,1.52
1753600055991,07:07:35.991,bybit,AAVE/USDT:USDT,295.95,1.91,295.94,3.05,295.96,3.23,295.98,1.52
1753600056090,07:07:36.090,bybit,AAVE/USDT:USDT,295.95,1.91,295.94,3.05,295.96,3.23,295.98,1.52
1753600056192,07:07:36.192,bybit,AAVE/USDT:USDT,295.95,1.91,295.94,3.05,295.96,3.28,295.98,1.52
1753600056292,07:07:36.292,bybit,AAVE/USDT:USDT,295.95,1.91,295.94,3.05,295.96,3.28,295.98,1.52
1753600056391,07:07:36.391,bybit,AAVE/USDT:USDT,295.95,1.91,295.94,3.05,295.96,3.28,295.98,1.52
1753600056491,07:07:36.491,bybit,AAVE/USDT:USDT,295.95,1.91,295.94,3.05,295.96,3.28,295.98,1.52
1753600056592,07:07:36.592,bybit,AAVE/USDT:USDT,295.95,1.91,295.94,3.05,295.96,3.28,295.98,1.52
1753600056691,07:07:36.691,bybit,AAVE/USDT:USDT,295.95,1.91,295.94,3.05,295.96,3.28,295.98,1.52
1753600056791,07:07:36.791,bybit,AAVE/USDT:USDT,295.95,1.91,295.94,3.05,295.96,3.28,295.98,1.52
1753600056891,07:07:36.891,bybit,AAVE/USDT:USDT,295.95,1.91,295.94,3.05,295.96,3.27,295.98,1.52
1753600056991,07:07:36.991,bybit,AAVE/USDT:USDT,295.95,1.91,295.94,3.05,295.96,3.27,295.98,1.52
1753600057091,07:07:37.091,bybit,AAVE/USDT:USDT,295.95,1.91,295.94,3.05,295.96,3.24,295.98,1.52
1753600057191,07:07:37.191,bybit,AAVE/USDT:USDT,295.95,2.39,295.94,3.05,295.96,3.24,295.98,1.52
1753600057292,07:07:37.292,bybit,AAVE/USDT:USDT,295.97,6.27,295.96,4.84,295.99,0.1,296.0,0.1
1753600057392,07:07:37.392,bybit,AAVE/USDT:USDT,295.98,1.46,295.97,8.24,295.99,0.06,296.0,0.1
1753600057491,07:07:37.491,bybit,AAVE/USDT:USDT,295.98,1.3,295.97,4.49,295.99,0.06,296.0,0.1
1753600057591,07:07:37.591,bybit,AAVE/USDT:USDT,295.98,1.3,295.97,4.49,295.99,0.06,296.0,0.1
1753600057691,07:07:37.691,bybit,AAVE/USDT:USDT,295.98,1.3,295.97,4.49,295.99,0.06,296.0,0.1
1753600057794,07:07:37.794,bybit,AAVE/USDT:USDT,295.98,1.3,295.97,4.49,295.99,0.06,296.0,0.1
1753600057890,07:07:37.890,bybit,AAVE/USDT:USDT,295.98,1.3,295.97,4.49,295.99,0.06,296.0,0.1
1753600057991,07:07:37.991,bybit,AAVE/USDT:USDT,295.98,1.3,295.97,4.49,295.99,0.06,296.0,0.1
1753600058091,07:07:38.091,bybit,AAVE/USDT:USDT,295.98,1.3,295.97,4.49,295.99,0.06,296.0,0.1
1753600058191,07:07:38.191,bybit,AAVE/USDT:USDT,295.98,1.3,295.97,4.49,295.99,0.06,296.0,0.1
1753600058292,07:07:38.292,bybit,AAVE/USDT:USDT,295.98,1.3,295.97,4.49,295.99,0.06,296.0,0.1
1753600058391,07:07:38.391,bybit,AAVE/USDT:USDT,295.98,0.71,295.97,4.49,295.99,0.06,296.0,0.1
1753600058491,07:07:38.491,bybit,AAVE/USDT:USDT,295.98,0.71,295.97,1.91,295.99,1.25,296.0,0.06
1753600058591,07:07:38.591,bybit,AAVE/USDT:USDT,295.98,0.71,295.97,1.91,295.99,1.25,296.0,0.06
1753600058691,07:07:38.691,bybit,AAVE/USDT:USDT,295.98,0.71,295.97,1.91,295.99,1.25,296.0,0.06
1753600058792,07:07:38.792,bybit,AAVE/USDT:USDT,295.98,0.71,295.97,1.91,295.99,1.25,296.0,0.06
1753600058891,07:07:38.891,bybit,AAVE/USDT:USDT,295.98,0.71,295.97,1.91,295.99,1.25,296.0,0.06
1753600058991,07:07:38.991,bybit,AAVE/USDT:USDT,295.98,0.71,295.97,1.91,295.99,1.25,296.0,0.06
1753600059091,07:07:39.091,bybit,AAVE/USDT:USDT,295.98,0.71,295.97,1.91,295.99,1.25,296.0,0.06
1753600059192,07:07:39.192,bybit,AAVE/USDT:USDT,295.98,0.71,295.97,1.91,295.99,2.29,296.0,0.06
1753600059291,07:07:39.291,bybit,AAVE/USDT:USDT,295.98,0.71,295.97,1.91,295.99,2.29,296.0,0.06
1753600059391,07:07:39.391,bybit,AAVE/USDT:USDT,295.98,0.71,295.97,1.91,295.99,2.29,296.0,0.06
1753600059491,07:07:39.491,bybit,AAVE/USDT:USDT,295.98,0.71,295.97,1.91,295.99,2.29,296.0,0.06
1753600059591,07:07:39.591,bybit,AAVE/USDT:USDT,295.98,0.71,295.97,1.91,295.99,2.29,296.0,0.06
1753600059691,07:07:39.691,bybit,AAVE/USDT:USDT,295.98,0.71,295.97,1.91,295.99,2.29,296.0,0.06
1753600059791,07:07:39.791,bybit,AAVE/USDT:USDT,295.98,0.71,295.97,1.91,295.99,2.29,296.0,0.06
1753600059891,07:07:39.891,bybit,AAVE/USDT:USDT,295.98,0.71,295.97,1.2,295.99,1.13,296.0,0.06
1753600059991,07:07:39.991,bybit,AAVE/USDT:USDT,295.98,0.71,295.97,1.2,295.99,1.13,296.0,0.06
1753600060091,07:07:40.091,bybit,AAVE/USDT:USDT,295.97,1.2,295.96,1.55,295.99,1.13,296.0,1.54
1753600060192,07:07:40.192,bybit,AAVE/USDT:USDT,295.98,1.25,295.96,1.55,295.99,1.13,296.0,0.06
1753600060292,07:07:40.292,bybit,AAVE/USDT:USDT,295.98,1.25,295.96,1.55,295.99,1.13,296.0,0.06
1753600060391,07:07:40.391,bybit,AAVE/USDT:USDT,295.98,1.25,295.96,1.55,295.99,1.23,296.0,0.06
1753600060491,07:07:40.491,bybit,AAVE/USDT:USDT,295.98,1.25,295.96,1.55,295.99,1.23,296.0,0.06
1753600060591,07:07:40.591,bybit,AAVE/USDT:USDT,295.98,1.25,295.96,1.55,295.99,1.23,296.0,0.06
1753600060791,07:07:40.791,bybit,AAVE/USDT:USDT,295.98,1.25,295.96,1.55,295.99,1.23,296.0,0.06
1753600060891,07:07:40.891,bybit,AAVE/USDT:USDT,295.98,1.25,295.96,5.4,295.99,1.23,296.0,0.06
1753600060991,07:07:40.991,bybit,AAVE/USDT:USDT,295.98,1.25,295.96,3.92,295.99,1.23,296.0,0.06
1753600061091,07:07:41.091,bybit,AAVE/USDT:USDT,295.98,1.25,295.96,5.4,295.99,1.08,296.0,0.06
1753600061391,07:07:41.391,bybit,AAVE/USDT:USDT,295.98,1.25,295.96,3.92,295.99,1.08,296.0,0.06
1753600061491,07:07:41.491,bybit,AAVE/USDT:USDT,295.98,1.25,295.96,5.4,295.99,1.08,296.0,0.06
1753600061591,07:07:41.591,bybit,AAVE/USDT:USDT,295.98,1.25,295.96,5.4,295.99,1.08,296.0,0.06
1753600061691,07:07:41.691,bybit,AAVE/USDT:USDT,295.98,1.25,295.96,5.4,295.99,1.08,296.0,0.06
1753600061793,07:07:41.793,bybit,AAVE/USDT:USDT,295.98,1.25,295.96,5.4,295.99,1.08,296.0,0.06
1753600061991,07:07:41.991,bybit,AAVE/USDT:USDT,295.98,1.25,295.96,5.4,295.99,1.08,296.0,0.06
1753600062090,07:07:42.090,bybit,AAVE/USDT:USDT,295.98,2.39,295.96,5.4,295.99,1.08,296.0,0.06
1753600062191,07:07:42.191,bybit,AAVE/USDT:USDT,295.98,2.39,295.96,5.4,295.99,1.08,296.0,0.06
1753600062291,07:07:42.291,bybit,AAVE/USDT:USDT,295.98,1.25,295.96,3.92,295.99,1.08,296.0,0.06
1753600062391,07:07:42.391,bybit,AAVE/USDT:USDT,295.98,1.25,295.96,5.4,295.99,1.08,296.0,0.06
1753600062491,07:07:42.491,bybit,AAVE/USDT:USDT,295.98,1.25,295.96,5.4,295.99,1.08,296.0,0.06
1753600062591,07:07:42.591,bybit,AAVE/USDT:USDT,295.98,1.25,295.96,5.4,295.99,1.08,296.0,0.06
1753600062691,07:07:42.691,bybit,AAVE/USDT:USDT,295.98,1.25,295.96,5.4,295.99,1.08,296.0,0.06
1753600062791,07:07:42.791,bybit,AAVE/USDT:USDT,295.98,1.25,295.96,5.4,295.99,1.08,296.0,0.06
1753600062892,07:07:42.892,bybit,AAVE/USDT:USDT,295.98,1.25,295.96,5.4,295.99,1.08,296.0,0.06
1753600062991,07:07:42.991,bybit,AAVE/USDT:USDT,295.98,1.25,295.96,1.55,295.99,1.08,296.0,0.06
1753600063100,07:07:43.100,bybit,AAVE/USDT:USDT,295.98,1.62,295.96,1.55,295.99,1.08,296.0,0.06
1753600063191,07:07:43.191,bybit,AAVE/USDT:USDT,295.98,1.62,295.96,1.55,295.99,1.08,296.0,0.06
1753600063391,07:07:43.391,bybit,AAVE/USDT:USDT,295.98,1.62,295.96,1.55,295.99,1.08,296.0,0.06
1753600063491,07:07:43.491,bybit,AAVE/USDT:USDT,295.98,1.62,295.96,1.55,295.99,1.08,296.0,0.06
1753600063690,07:07:43.690,bybit,AAVE/USDT:USDT,295.98,1.62,295.96,1.55,295.99,1.08,296.0,0.06
1753600063991,07:07:43.991,bybit,AAVE/USDT:USDT,295.98,1.62,295.96,1.55,295.99,1.08,296.0,0.06
1753600064091,07:07:44.091,bybit,AAVE/USDT:USDT,295.98,1.62,295.96,1.55,295.99,1.08,296.0,0.06
1753600064291,07:07:44.291,bybit,AAVE/USDT:USDT,295.98,1.62,295.96,1.55,295.99,1.08,296.0,0.06
1753600064391,07:07:44.391,bybit,AAVE/USDT:USDT,295.98,1.62,295.96,1.55,295.99,1.08,296.0,0.06
1753600064591,07:07:44.591,bybit,AAVE/USDT:USDT,295.98,1.62,295.96,1.55,295.99,1.08,296.0,0.06
1753600064792,07:07:44.792,bybit,AAVE/USDT:USDT,295.98,1.62,295.96,5.19,295.99,1.08,296.0,0.06
1753600064891,07:07:44.891,bybit,AAVE/USDT:USDT,295.98,1.72,295.96,3.71,295.99,1.08,296.0,0.06
1753600064991,07:07:44.991,bybit,AAVE/USDT:USDT,295.98,1.72,295.96,3.71,295.99,1.08,296.0,0.06
1753600065191,07:07:45.191,bybit,AAVE/USDT:USDT,295.98,1.72,295.96,3.71,295.99,1.08,296.0,0.06
1753600065291,07:07:45.291,bybit,AAVE/USDT:USDT,295.98,1.72,295.96,3.71,295.99,1.08,296.0,0.06
1753600065491,07:07:45.491,bybit,AAVE/USDT:USDT,295.98,1.72,295.96,3.71,295.99,1.08,296.0,0.06
1753600065591,07:07:45.591,bybit,AAVE/USDT:USDT,295.98,1.72,295.96,3.71,295.99,1.08,296.0,0.06
1753600065691,07:07:45.691,bybit,AAVE/USDT:USDT,295.98,1.72,295.96,3.71,295.99,1.08,296.0,0.06
1753600065793,07:07:45.793,bybit,AAVE/USDT:USDT,295.98,1.72,295.96,3.71,295.99,1.08,296.0,0.06
1753600065891,07:07:45.891,bybit,AAVE/USDT:USDT,295.98,1.72,295.96,3.71,295.99,1.08,296.0,0.06
1753600065991,07:07:45.991,bybit,AAVE/USDT:USDT,295.98,1.72,295.96,3.71,295.99,1.08,296.0,0.06
1753600066091,07:07:46.091,bybit,AAVE/USDT:USDT,295.98,1.72,295.96,3.71,295.99,1.08,296.0,0.06
1753600066191,07:07:46.191,bybit,AAVE/USDT:USDT,295.98,1.72,295.96,3.71,295.99,1.08,296.0,0.06
1753600066291,07:07:46.291,bybit,AAVE/USDT:USDT,295.98,1.72,295.96,3.71,295.99,1.47,296.0,0.06
1753600066391,07:07:46.391,bybit,AAVE/USDT:USDT,295.98,1.72,295.96,3.71,295.99,1.47,296.0,0.06
1753600066491,07:07:46.491,bybit,AAVE/USDT:USDT,295.98,1.72,295.96,3.71,295.99,1.47,296.0,0.06
1753600066592,07:07:46.592,bybit,AAVE/USDT:USDT,295.98,1.72,295.96,3.71,295.99,1.47,296.0,0.06
1753600066690,07:07:46.690,bybit,AAVE/USDT:USDT,295.98,1.72,295.96,3.71,295.99,1.47,296.0,0.06
1753600066791,07:07:46.791,bybit,AAVE/USDT:USDT,295.98,1.72,295.96,5.19,295.99,1.08,296.0,0.06
1753600066892,07:07:46.892,bybit,AAVE/USDT:USDT,295.98,1.72,295.96,5.19,295.99,1.08,296.0,0.06
1753600066991,07:07:46.991,bybit,AAVE/USDT:USDT,295.98,1.72,295.96,3.71,295.99,1.08,296.0,0.06
1753600067091,07:07:47.091,bybit,AAVE/USDT:USDT,295.98,1.72,295.96,1.55,295.99,2.57,296.0,0.06
1753600067191,07:07:47.191,bybit,AAVE/USDT:USDT,295.98,1.72,295.96,1.55,295.99,2.16,296.0,0.06
1753600067291,07:07:47.291,bybit,AAVE/USDT:USDT,295.98,1.72,295.96,1.55,295.99,2.16,296.0,0.06
1753600067391,07:07:47.391,bybit,AAVE/USDT:USDT,295.98,1.72,295.96,1.55,295.99,2.16,296.0,0.06
1753600067490,07:07:47.490,bybit,AAVE/USDT:USDT,295.98,1.72,295.96,1.55,295.99,2.16,296.0,0.06
1753600067591,07:07:47.591,bybit,AAVE/USDT:USDT,295.98,1.72,295.96,1.55,295.99,2.16,296.0,0.06
1753600067691,07:07:47.691,bybit,AAVE/USDT:USDT,295.98,1.72,295.96,1.55,295.99,2.16,296.0,0.06
1753600067791,07:07:47.791,bybit,AAVE/USDT:USDT,295.98,1.72,295.96,1.55,295.99,2.16,296.0,0.06
1753600067891,07:07:47.891,bybit,AAVE/USDT:USDT,295.98,1.72,295.96,1.55,295.99,2.16,296.0,0.06
1753600067991,07:07:47.991,bybit,AAVE/USDT:USDT,295.98,1.72,295.95,1.95,295.99,2.37,296.0,0.06
1753600068091,07:07:48.091,bybit,AAVE/USDT:USDT,295.98,1.72,295.95,0.75,295.99,2.37,296.0,0.06
1753600068191,07:07:48.191,bybit,AAVE/USDT:USDT,295.98,1.72,295.95,0.75,295.99,2.37,296.0,0.06
1753600068292,07:07:48.292,bybit,AAVE/USDT:USDT,295.98,1.72,295.95,0.75,295.99,2.37,296.0,0.06
1753600068391,07:07:48.391,bybit,AAVE/USDT:USDT,295.98,1.72,295.95,0.75,295.99,2.37,296.0,0.06
1753600068491,07:07:48.491,bybit,AAVE/USDT:USDT,295.98,1.72,295.95,0.75,295.99,2.37,296.0,0.06
1753600068792,07:07:48.792,bybit,AAVE/USDT:USDT,295.98,1.72,295.95,0.75,295.99,2.37,296.0,0.06
1753600068891,07:07:48.891,bybit,AAVE/USDT:USDT,295.98,1.72,295.95,0.75,295.99,2.37,296.0,0.06
1753600068991,07:07:48.991,bybit,AAVE/USDT:USDT,295.98,1.72,295.95,0.75,295.99,2.37,296.0,0.06
1753600069091,07:07:49.091,bybit,AAVE/USDT:USDT,295.98,1.72,295.95,0.75,295.99,2.37,296.0,0.06
1753600069191,07:07:49.191,bybit,AAVE/USDT:USDT,295.98,1.72,295.95,0.75,295.99,2.37,296.0,0.06
1753600069291,07:07:49.291,bybit,AAVE/USDT:USDT,295.98,1.72,295.95,2.85,295.99,2.37,296.0,0.06
1753600069391,07:07:49.391,bybit,AAVE/USDT:USDT,295.98,1.72,295.95,2.85,295.99,2.37,296.0,0.06
1753600069591,07:07:49.591,bybit,AAVE/USDT:USDT,295.98,1.72,295.95,2.85,295.99,3.87,296.0,0.06
1753600069691,07:07:49.691,bybit,AAVE/USDT:USDT,295.98,1.72,295.95,0.04,295.99,3.87,296.0,0.06
1753600069791,07:07:49.791,bybit,AAVE/USDT:USDT,295.95,0.71,295.94,1.48,295.96,2.84,295.98,5.29
1753600069891,07:07:49.891,bybit,AAVE/USDT:USDT,295.94,1.48,295.93,3.59,295.96,2.03,295.98,5.29
1753600069991,07:07:49.991,bybit,AAVE/USDT:USDT,295.95,0.71,295.94,1.48,295.96,1.08,295.98,5.29
1753600070091,07:07:50.091,bybit,AAVE/USDT:USDT,295.95,0.71,295.94,1.48,295.96,1.08,295.98,5.29
1753600070191,07:07:50.191,bybit,AAVE/USDT:USDT,295.95,0.71,295.94,1.48,295.96,1.08,295.98,5.29
1753600070391,07:07:50.391,bybit,AAVE/USDT:USDT,295.95,0.71,295.94,1.48,295.96,1.08,295.98,5.29
1753600070491,07:07:50.491,bybit,AAVE/USDT:USDT,295.95,0.71,295.94,2.82,295.96,1.08,295.98,5.29
1753600070591,07:07:50.591,bybit,AAVE/USDT:USDT,295.95,0.71,295.94,2.15,295.96,1.08,295.98,5.29
1753600070691,07:07:50.691,bybit,AAVE/USDT:USDT,295.95,0.71,295.94,2.15,295.96,1.08,295.98,5.29
1753600070792,07:07:50.792,bybit,AAVE/USDT:USDT,295.95,0.81,295.94,2.15,295.96,1.08,295.98,5.29
1753600070991,07:07:50.991,bybit,AAVE/USDT:USDT,295.95,0.81,295.94,2.15,295.96,1.08,295.98,5.29
1753600071091,07:07:51.091,bybit,AAVE/USDT:USDT,295.95,0.81,295.94,2.82,295.96,1.08,295.98,5.29
1753600071291,07:07:51.291,bybit,AAVE/USDT:USDT,295.95,0.81,295.94,2.82,295.96,1.08,295.98,3.57
1753600071390,07:07:51.390,bybit,AAVE/USDT:USDT,295.95,0.81,295.94,2.82,295.96,1.08,295.98,3.57
1753600071491,07:07:51.491,bybit,AAVE/USDT:USDT,295.95,0.81,295.94,2.82,295.96,1.08,295.98,3.57
1753600071591,07:07:51.591,bybit,AAVE/USDT:USDT,295.95,0.81,295.94,2.82,295.96,1.08,295.98,3.54
1753600071691,07:07:51.691,bybit,AAVE/USDT:USDT,295.95,0.81,295.94,2.82,295.96,1.08,295.98,3.54
1753600071791,07:07:51.791,bybit,AAVE/USDT:USDT,295.95,0.81,295.94,2.82,295.96,1.08,295.98,3.54
1753600071891,07:07:51.891,bybit,AAVE/USDT:USDT,295.95,0.81,295.94,2.82,295.96,1.08,295.98,3.54
1753600071991,07:07:51.991,bybit,AAVE/USDT:USDT,295.95,0.81,295.94,1.48,295.96,1.08,295.98,3.54
1753600072091,07:07:52.091,bybit,AAVE/USDT:USDT,295.95,0.81,295.94,1.48,295.96,1.08,295.98,3.54
1753600072291,07:07:52.291,bybit,AAVE/USDT:USDT,295.95,3.33,295.94,7.7,295.96,1.08,295.98,0.75
1753600072391,07:07:52.391,bybit,AAVE/USDT:USDT,295.95,3.33,295.94,7.7,295.96,1.08,295.98,0.04
1753600072490,07:07:52.490,bybit,AAVE/USDT:USDT,295.95,3.33,295.94,7.7,295.96,1.08,295.98,0.04
1753600072592,07:07:52.592,bybit,AAVE/USDT:USDT,295.95,3.33,295.94,7.7,295.96,1.08,295.98,0.04
1753600072691,07:07:52.691,bybit,AAVE/USDT:USDT,295.95,3.33,295.94,7.7,295.96,1.08,295.98,0.04
1753600072791,07:07:52.791,bybit,AAVE/USDT:USDT,295.95,3.33,295.94,7.7,295.96,1.08,295.98,0.04
1753600072891,07:07:52.891,bybit,AAVE/USDT:USDT,295.95,3.33,295.94,7.7,295.96,1.08,295.98,0.04
1753600072991,07:07:52.991,bybit,AAVE/USDT:USDT,295.95,2.93,295.94,7.7,295.96,1.08,295.98,0.04
1753600073091,07:07:53.091,bybit,AAVE/USDT:USDT,295.98,0.74,295.97,1.18,296.0,0.06,296.01,5.66
1753600073191,07:07:53.191,bybit,AAVE/USDT:USDT,295.99,0.71,295.98,0.74,296.0,2.62,296.01,5.68
1753600073292,07:07:53.292,bybit,AAVE/USDT:USDT,295.98,0.71,295.97,1.22,295.99,2.58,296.0,2.64
1753600073391,07:07:53.391,bybit,AAVE/USDT:USDT,295.98,0.71,295.97,1.22,295.99,2.58,296.0,2.64
1753600073491,07:07:53.491,bybit,AAVE/USDT:USDT,295.98,0.71,295.97,1.17,295.99,2.58,296.0,2.64
1753600073591,07:07:53.591,bybit,AAVE/USDT:USDT,295.98,0.71,295.97,0.75,295.99,2.58,296.0,2.64
1753600073691,07:07:53.691,bybit,AAVE/USDT:USDT,295.98,0.71,295.97,0.75,295.99,2.58,296.0,2.64
1753600073793,07:07:53.793,bybit,AAVE/USDT:USDT,295.98,0.81,295.97,0.75,295.99,2.58,296.0,2.64
1753600073891,07:07:53.891,bybit,AAVE/USDT:USDT,295.98,0.81,295.97,0.75,295.99,2.58,296.0,2.64
1753600073991,07:07:53.991,bybit,AAVE/USDT:USDT,295.98,0.81,295.97,0.75,295.99,2.55,296.0,2.64
1753600074091,07:07:54.091,bybit,AAVE/USDT:USDT,295.98,0.81,295.97,0.75,295.99,2.55,296.0,2.64
1753600074191,07:07:54.191,bybit,AAVE/USDT:USDT,295.98,0.81,295.97,0.75,295.99,2.55,296.0,2.64
1753600074291,07:07:54.291,bybit,AAVE/USDT:USDT,295.98,0.81,295.97,0.75,295.99,2.55,296.0,2.64
1753600074391,07:07:54.391,bybit,AAVE/USDT:USDT,295.98,0.81,295.97,0.75,296.0,2.64,296.01,5.64
1753600074495,07:07:54.495,bybit,AAVE/USDT:USDT,295.98,0.81,295.97,0.75,296.0,2.64,296.01,5.64
1753600074591,07:07:54.591,bybit,AAVE/USDT:USDT,295.98,0.81,295.97,0.75,296.0,2.64,296.01,5.64
1753600074691,07:07:54.691,bybit,AAVE/USDT:USDT,295.98,1.17,295.97,0.71,296.0,2.64,296.01,5.64
1753600074791,07:07:54.791,bybit,AAVE/USDT:USDT,295.98,1.17,295.97,0.71,296.0,2.64,296.01,5.64
1753600074890,07:07:54.890,bybit,AAVE/USDT:USDT,295.98,1.17,295.97,0.71,296.0,2.64,296.01,5.64
1753600074991,07:07:54.991,bybit,AAVE/USDT:USDT,295.98,1.17,295.97,0.71,296.0,2.64,296.01,5.64
1753600075091,07:07:55.091,bybit,AAVE/USDT:USDT,295.98,1.17,295.97,0.71,296.0,2.64,296.01,5.64
1753600075191,07:07:55.191,bybit,AAVE/USDT:USDT,295.98,1.17,295.97,0.71,296.0,2.62,296.01,5.64
1753600075291,07:07:55.291,bybit,AAVE/USDT:USDT,295.98,1.17,295.97,0.71,296.0,2.62,296.01,8.16
1753600075391,07:07:55.391,bybit,AAVE/USDT:USDT,295.98,1.17,295.97,0.71,296.0,2.6,296.01,8.16
1753600075491,07:07:55.491,bybit,AAVE/USDT:USDT,295.98,1.17,295.97,0.71,296.0,2.6,296.01,8.16
1753600075591,07:07:55.591,bybit,AAVE/USDT:USDT,295.98,1.17,295.97,0.71,296.0,2.6,296.01,8.16
1753600075691,07:07:55.691,bybit,AAVE/USDT:USDT,295.98,1.17,295.97,0.71,296.0,2.6,296.01,8.16
1753600075793,07:07:55.793,bybit,AAVE/USDT:USDT,295.98,1.17,295.97,0.71,296.0,2.55,296.01,5.64
1753600075891,07:07:55.891,bybit,AAVE/USDT:USDT,295.98,1.17,295.97,0.71,296.0,2.55,296.01,5.64
1753600075991,07:07:55.991,bybit,AAVE/USDT:USDT,295.98,1.17,295.97,0.71,296.0,2.55,296.01,5.64
1753600076091,07:07:56.091,bybit,AAVE/USDT:USDT,295.98,1.17,295.97,0.71,296.0,2.55,296.01,5.64
1753600076191,07:07:56.191,bybit,AAVE/USDT:USDT,295.98,0.46,295.97,0.71,295.99,3.25,296.0,2.59
1753600076291,07:07:56.291,bybit,AAVE/USDT:USDT,295.98,0.46,295.97,0.71,295.99,3.25,296.0,2.59
1753600076390,07:07:56.390,bybit,AAVE/USDT:USDT,295.98,0.84,295.97,0.71,295.99,3.25,296.0,2.59
1753600076491,07:07:56.491,bybit,AAVE/USDT:USDT,295.98,0.84,295.97,0.71,295.99,3.25,296.0,2.59
1753600076591,07:07:56.591,bybit,AAVE/USDT:USDT,295.98,0.84,295.97,0.71,295.99,3.25,296.0,2.59
1753600076691,07:07:56.691,bybit,AAVE/USDT:USDT,295.98,0.46,295.96,0.04,295.99,3.25,296.0,4.73
1753600076791,07:07:56.791,bybit,AAVE/USDT:USDT,295.98,0.46,295.96,0.04,295.99,3.25,296.0,2.66
1753600076891,07:07:56.891,bybit,AAVE/USDT:USDT,295.98,0.46,295.96,0.04,295.99,3.25,296.0,2.66
1753600076991,07:07:56.991,bybit,AAVE/USDT:USDT,295.98,0.46,295.96,0.04,295.99,3.25,296.0,2.66
1753600077091,07:07:57.091,bybit,AAVE/USDT:USDT,295.98,0.46,295.96,0.04,295.99,3.25,296.0,2.66
1753600077190,07:07:57.190,bybit,AAVE/USDT:USDT,295.98,0.46,295.96,0.04,295.99,3.25,296.0,2.66
1753600077290,07:07:57.290,bybit,AAVE/USDT:USDT,295.98,0.46,295.96,0.04,295.99,3.25,296.0,2.59
1753600077391,07:07:57.391,bybit,AAVE/USDT:USDT,295.98,0.46,295.96,0.04,295.99,3.25,296.0,2.59
1753600077491,07:07:57.491,bybit,AAVE/USDT:USDT,295.98,0.46,295.96,0.04,295.99,3.25,296.0,2.59
1753600077591,07:07:57.591,bybit,AAVE/USDT:USDT,295.98,0.46,295.96,0.04,295.99,3.25,296.0,2.59
1753600077691,07:07:57.691,bybit,AAVE/USDT:USDT,295.98,0.46,295.96,0.04,295.99,3.19,296.0,2.59
1753600077791,07:07:57.791,bybit,AAVE/USDT:USDT,295.98,0.63,295.96,0.04,295.99,3.19,296.0,2.59
1753600077990,07:07:57.990,bybit,AAVE/USDT:USDT,295.98,0.63,295.96,0.04,295.99,3.19,296.0,2.59
1753600078091,07:07:58.091,bybit,AAVE/USDT:USDT,295.98,0.63,295.96,0.04,295.99,3.19,296.0,2.59
1753600078191,07:07:58.191,bybit,AAVE/USDT:USDT,295.98,0.63,295.96,0.04,295.99,3.19,296.0,2.59
1753600078291,07:07:58.291,bybit,AAVE/USDT:USDT,295.98,0.63,295.96,0.04,295.99,3.19,296.0,2.59
1753600078392,07:07:58.392,bybit,AAVE/USDT:USDT,295.98,0.63,295.96,0.04,295.99,3.19,296.0,2.59
1753600078491,07:07:58.491,bybit,AAVE/USDT:USDT,295.98,0.63,295.96,0.04,295.99,3.19,296.0,2.59
1753600078591,07:07:58.591,bybit,AAVE/USDT:USDT,295.98,0.63,295.96,0.04,295.99,3.19,296.0,2.59
1753600078691,07:07:58.691,bybit,AAVE/USDT:USDT,295.98,0.63,295.96,0.04,295.99,3.19,296.0,2.59
1753600078891,07:07:58.891,bybit,AAVE/USDT:USDT,295.98,0.63,295.96,0.04,295.99,2.27,296.0,2.59
1753600078991,07:07:58.991,bybit,AAVE/USDT:USDT,295.98,0.63,295.96,0.04,295.99,2.27,296.0,2.59
1753600079091,07:07:59.091,bybit,AAVE/USDT:USDT,295.98,0.63,295.96,0.04,295.99,2.27,296.0,2.59
1753600079191,07:07:59.191,bybit,AAVE/USDT:USDT,295.98,0.63,295.96,0.04,295.99,2.27,296.0,2.59
1753600079290,07:07:59.290,bybit,AAVE/USDT:USDT,295.98,0.63,295.96,0.04,295.99,2.27,296.0,2.59
1753600079391,07:07:59.391,bybit,AAVE/USDT:USDT,295.98,0.63,295.96,0.04,295.99,2.27,296.0,2.59
1753600079590,07:07:59.590,bybit,AAVE/USDT:USDT,295.98,0.63,295.96,0.04,295.99,2.27,296.0,2.59
1753600079691,07:07:59.691,bybit,AAVE/USDT:USDT,295.98,0.63,295.96,0.04,295.99,2.34,296.0,2.59
1753600079792,07:07:59.792,bybit,AAVE/USDT:USDT,295.98,0.63,295.96,0.04,295.99,2.34,296.0,2.59
1753600079891,07:07:59.891,bybit,AAVE/USDT:USDT,295.98,0.63,295.96,0.04,295.99,2.34,296.0,2.59
1753600079991,07:07:59.991,bybit,AAVE/USDT:USDT,295.98,0.63,295.96,0.04,295.99,2.34,296.0,2.59
1753600080091,07:08:00.091,bybit,AAVE/USDT:USDT,295.98,0.63,295.96,0.04,295.99,2.34,296.0,2.59
1753600080191,07:08:00.191,bybit,AAVE/USDT:USDT,295.98,0.63,295.96,0.04,295.99,2.34,296.0,2.59
1753600080291,07:08:00.291,bybit,AAVE/USDT:USDT,295.98,0.63,295.96,0.04,295.99,2.34,296.0,2.59
1753600080391,07:08:00.391,bybit,AAVE/USDT:USDT,295.98,0.63,295.96,0.04,295.99,2.34,296.0,2.59
1753600080494,07:08:00.494,bybit,AAVE/USDT:USDT,295.98,0.63,295.96,0.04,295.99,2.34,296.0,2.59
1753600080591,07:08:00.591,bybit,AAVE/USDT:USDT,295.98,0.63,295.96,0.04,295.99,2.34,296.0,2.59
1753600080691,07:08:00.691,bybit,AAVE/USDT:USDT,295.98,0.63,295.96,0.04,295.99,2.34,296.0,2.59
1753600080890,07:08:00.890,bybit,AAVE/USDT:USDT,295.98,0.63,295.96,0.04,295.99,2.34,296.0,2.59
1753600080991,07:08:00.991,bybit,AAVE/USDT:USDT,295.98,0.63,295.96,0.04,295.99,2.34,296.0,2.59
1753600081191,07:08:01.191,bybit,AAVE/USDT:USDT,295.98,0.63,295.96,0.04,295.99,1.67,296.0,2.59
1753600081291,07:08:01.291,bybit,AAVE/USDT:USDT,295.98,0.63,295.96,0.04,295.99,1.67,296.0,2.59
1753600081391,07:08:01.391,bybit,AAVE/USDT:USDT,295.98,0.63,295.96,0.04,295.99,1.67,296.0,2.59
1753600081491,07:08:01.491,bybit,AAVE/USDT:USDT,295.98,0.63,295.96,0.04,295.99,1.67,296.0,2.59
1753600081591,07:08:01.591,bybit,AAVE/USDT:USDT,295.98,0.63,295.96,0.04,295.99,1.67,296.0,2.59
1753600081794,07:08:01.794,bybit,AAVE/USDT:USDT,295.98,0.63,295.96,0.04,295.99,1.67,296.0,2.59
1753600081890,07:08:01.890,bybit,AAVE/USDT:USDT,295.98,0.63,295.96,0.04,295.99,1.67,296.0,2.59
1753600081990,07:08:01.990,bybit,AAVE/USDT:USDT,295.95,2.87,295.94,3.82,295.97,3.94,295.98,3.29
1753600082091,07:08:02.091,bybit,AAVE/USDT:USDT,295.96,4.65,295.95,0.67,295.97,1.71,295.98,2.9
1753600082191,07:08:02.191,bybit,AAVE/USDT:USDT,295.96,5.0,295.95,0.67,295.97,1.71,295.98,2.58
1753600082291,07:08:02.291,bybit,AAVE/USDT:USDT,295.96,5.0,295.95,0.67,295.97,1.71,295.98,2.58
1753600082391,07:08:02.391,bybit,AAVE/USDT:USDT,295.96,5.0,295.95,0.67,295.97,1.67,295.98,2.58
1753600082492,07:08:02.492,bybit,AAVE/USDT:USDT,295.96,5.0,295.95,2.15,295.97,1.67,295.98,2.58
1753600082591,07:08:02.591,bybit,AAVE/USDT:USDT,295.96,5.0,295.95,4.2,295.98,2.58,295.99,4.41
1753600082691,07:08:02.691,bybit,AAVE/USDT:USDT,295.96,4.65,295.94,0.8,295.97,0.71,295.98,1.52
1753600082792,07:08:02.792,bybit,AAVE/USDT:USDT,295.96,4.65,295.94,1.47,295.97,2.23,295.98,1.52
1753600082892,07:08:02.892,bybit,AAVE/USDT:USDT,295.98,0.71,295.97,1.57,296.0,4.11,296.01,5.64
1753600082991,07:08:02.991,bybit,AAVE/USDT:USDT,295.98,0.71,295.97,1.59,295.99,0.65,296.0,4.11
1753600083092,07:08:03.092,bybit,AAVE/USDT:USDT,295.97,1.59,295.95,2.09,295.99,0.8,296.0,2.59
1753600083191,07:08:03.191,bybit,AAVE/USDT:USDT,295.97,1.98,295.95,0.04,295.98,2.29,295.99,3.04
1753600083291,07:08:03.291,bybit,AAVE/USDT:USDT,295.97,1.96,295.95,0.04,295.98,2.29,295.99,4.14
1753600083391,07:08:03.391,bybit,AAVE/USDT:USDT,295.97,1.96,295.95,0.04,295.98,2.29,295.99,4.14
1753600083491,07:08:03.491,bybit,AAVE/USDT:USDT,295.97,1.96,295.95,0.04,295.98,2.29,295.99,3.04
1753600083590,07:08:03.590,bybit,AAVE/USDT:USDT,295.97,1.96,295.95,0.04,295.98,2.29,295.99,3.04
1753600083691,07:08:03.691,bybit,AAVE/USDT:USDT,295.97,1.96,295.95,0.04,295.98,2.29,295.99,3.04
1753600083793,07:08:03.793,bybit,AAVE/USDT:USDT,295.97,1.96,295.95,0.04,295.98,2.29,295.99,3.04
1753600083891,07:08:03.891,bybit,AAVE/USDT:USDT,295.97,1.96,295.95,0.04,295.98,2.29,295.99,3.04
1753600083991,07:08:03.991,bybit,AAVE/USDT:USDT,295.97,1.96,295.95,0.04,295.99,3.04,296.0,4.11
1753600084091,07:08:04.091,bybit,AAVE/USDT:USDT,295.97,2.5,295.96,0.02,295.98,0.71,295.99,0.71
1753600084191,07:08:04.191,bybit,AAVE/USDT:USDT,295.97,2.5,295.96,0.02,295.99,2.21,296.0,0.04
1753600084291,07:08:04.291,bybit,AAVE/USDT:USDT,295.97,2.5,295.96,0.02,295.99,2.21,296.0,0.04
1753600084390,07:08:04.390,bybit,AAVE/USDT:USDT,295.97,2.5,295.96,0.02,295.99,2.21,296.0,0.04
1753600084491,07:08:04.491,bybit,AAVE/USDT:USDT,295.97,2.08,295.96,0.02,295.98,4.07,295.99,2.21
1753600084591,07:08:04.591,bybit,AAVE/USDT:USDT,295.97,2.08,295.96,0.02,295.98,4.07,295.99,2.21
1753600084691,07:08:04.691,bybit,AAVE/USDT:USDT,295.97,2.08,295.96,0.02,295.98,4.07,295.99,2.21
1753600084792,07:08:04.792,bybit,AAVE/USDT:USDT,295.97,2.08,295.96,0.02,295.98,4.08,295.99,2.21
1753600084891,07:08:04.891,bybit,AAVE/USDT:USDT,295.97,2.08,295.96,0.02,295.98,4.08,295.99,2.21
1753600084992,07:08:04.992,bybit,AAVE/USDT:USDT,295.97,2.08,295.96,0.02,295.98,4.08,295.99,2.21
1753600085091,07:08:05.091,bybit,AAVE/USDT:USDT,295.97,2.08,295.95,0.04,295.98,4.08,295.99,2.21
1753600085191,07:08:05.191,bybit,AAVE/USDT:USDT,295.97,2.08,295.95,0.04,295.98,4.08,295.99,2.21
1753600085291,07:08:05.291,bybit,AAVE/USDT:USDT,295.97,0.94,295.95,0.04,295.98,4.08,295.99,2.21
1753600085392,07:08:05.392,bybit,AAVE/USDT:USDT,295.97,0.94,295.95,0.04,295.98,0.72,295.99,2.21
1753600085492,07:08:05.492,bybit,AAVE/USDT:USDT,295.97,0.94,295.95,0.04,295.98,0.72,295.99,2.21
1753600085591,07:08:05.591,bybit,AAVE/USDT:USDT,295.97,0.94,295.95,0.04,295.98,0.72,295.99,2.21
1753600085691,07:08:05.691,bybit,AAVE/USDT:USDT,295.97,0.94,295.95,1.52,295.98,0.01,295.99,2.21
1753600085791,07:08:05.791,bybit,AAVE/USDT:USDT,295.97,0.94,295.95,1.52,295.98,0.01,295.99,0.71
1753600085891,07:08:05.891,bybit,AAVE/USDT:USDT,295.97,0.94,295.95,1.52,295.98,0.01,295.99,0.71
1753600085991,07:08:05.991,bybit,AAVE/USDT:USDT,295.97,0.94,295.95,1.52,295.98,0.01,295.99,0.71
1753600086291,07:08:06.291,bybit,AAVE/USDT:USDT,295.97,0.94,295.95,1.52,295.98,0.01,295.99,0.71
1753600086391,07:08:06.391,bybit,AAVE/USDT:USDT,295.97,0.94,295.95,0.04,295.98,0.01,295.99,0.71
1753600086491,07:08:06.491,bybit,AAVE/USDT:USDT,295.97,0.94,295.95,0.04,295.98,0.01,295.99,0.71
1753600086592,07:08:06.592,bybit,AAVE/USDT:USDT,295.97,0.94,295.95,2.4,295.98,0.01,296.0,0.08
1753600086690,07:08:06.690,bybit,AAVE/USDT:USDT,295.97,0.94,295.95,1.52,295.98,0.01,296.0,0.08
1753600086991,07:08:06.991,bybit,AAVE/USDT:USDT,295.97,0.94,295.95,1.52,295.98,0.01,296.0,0.08
1753600087091,07:08:07.091,bybit,AAVE/USDT:USDT,295.97,0.94,295.95,3.88,295.98,0.01,296.0,0.08
1753600087191,07:08:07.191,bybit,AAVE/USDT:USDT,295.97,0.94,295.95,3.88,295.98,0.01,296.0,0.08
1753600087291,07:08:07.291,bybit,AAVE/USDT:USDT,295.98,0.71,295.97,0.72,296.0,0.73,296.01,5.68
1753600087391,07:08:07.391,bybit,AAVE/USDT:USDT,295.98,0.71,295.97,0.02,296.0,0.71,296.01,5.68
1753600087491,07:08:07.491,bybit,AAVE/USDT:USDT,295.98,0.71,295.97,0.02,296.0,0.71,296.01,5.68
1753600087691,07:08:07.691,bybit,AAVE/USDT:USDT,295.98,0.71,295.97,0.02,296.0,0.71,296.01,5.68
1753600087791,07:08:07.791,bybit,AAVE/USDT:USDT,295.98,0.71,295.97,0.02,296.0,0.71,296.01,5.68
1753600087891,07:08:07.891,bybit,AAVE/USDT:USDT,295.99,2.38,295.98,4.24,296.01,5.68,296.02,1.79
1753600087991,07:08:07.991,bybit,AAVE/USDT:USDT,296.0,2.49,295.99,7.72,296.01,5.62,296.02,0.19
1753600088091,07:08:08.091,bybit,AAVE/USDT:USDT,296.0,2.49,295.99,6.62,296.01,5.62,296.02,0.19
1753600088191,07:08:08.191,bybit,AAVE/USDT:USDT,296.0,2.49,295.99,6.62,296.01,5.62,296.02,0.19
1753600088291,07:08:08.291,bybit,AAVE/USDT:USDT,296.0,2.49,295.99,6.62,296.01,5.62,296.02,0.19
1753600088391,07:08:08.391,bybit,AAVE/USDT:USDT,296.0,2.49,295.99,6.62,296.01,5.62,296.02,0.19
1753600088491,07:08:08.491,bybit,AAVE/USDT:USDT,296.0,3.54,295.99,11.95,296.01,3.04,296.02,0.19
1753600088591,07:08:08.591,bybit,AAVE/USDT:USDT,296.0,5.21,295.99,12.95,296.01,3.04,296.02,0.19
1753600088692,07:08:08.692,bybit,AAVE/USDT:USDT,296.0,5.21,295.99,12.95,296.01,3.04,296.02,0.19
1753600088791,07:08:08.791,bybit,AAVE/USDT:USDT,296.02,4.32,296.01,10.8,296.03,0.12,296.04,0.85
1753600088891,07:08:08.891,bybit,AAVE/USDT:USDT,296.02,3.29,296.01,11.74,296.03,0.12,296.04,0.85
1753600088991,07:08:08.991,bybit,AAVE/USDT:USDT,296.02,3.29,296.01,13.26,296.03,0.12,296.04,0.85
1753600089090,07:08:09.090,bybit,AAVE/USDT:USDT,296.02,3.29,296.01,13.26,296.03,0.12,296.04,0.85
1753600089191,07:08:09.191,bybit,AAVE/USDT:USDT,296.02,3.29,296.01,13.26,296.03,0.12,296.04,0.85
1753600089291,07:08:09.291,bybit,AAVE/USDT:USDT,296.02,3.62,296.01,13.26,296.03,0.12,296.04,0.85
1753600089392,07:08:09.392,bybit,AAVE/USDT:USDT,296.02,3.62,296.01,13.26,296.03,0.12,296.04,0.85
1753600089491,07:08:09.491,bybit,AAVE/USDT:USDT,296.04,14.3,296.03,8.56,296.05,0.05,296.06,0.15
1753600089591,07:08:09.591,bybit,AAVE/USDT:USDT,296.04,14.3,296.03,8.56,296.05,0.05,296.06,0.15
1753600089691,07:08:09.691,bybit,AAVE/USDT:USDT,296.04,14.3,296.03,8.56,296.05,0.05,296.06,0.15
1753600089792,07:08:09.792,bybit,AAVE/USDT:USDT,296.04,14.3,296.03,8.56,296.05,0.05,296.06,0.15
1753600089891,07:08:09.891,bybit,AAVE/USDT:USDT,296.04,12.12,296.03,6.83,296.05,0.05,296.06,0.15
1753600089992,07:08:09.992,bybit,AAVE/USDT:USDT,296.04,12.84,296.03,8.49,296.05,0.05,296.06,0.15
1753600090091,07:08:10.091,bybit,AAVE/USDT:USDT,296.04,13.17,296.03,8.49,296.05,0.05,296.06,0.15
1753600090191,07:08:10.191,bybit,AAVE/USDT:USDT,296.04,13.91,296.03,9.23,296.05,0.05,296.06,0.15
1753600090292,07:08:10.292,bybit,AAVE/USDT:USDT,296.04,13.91,296.03,9.23,296.05,0.05,296.06,0.15
1753600090391,07:08:10.391,bybit,AAVE/USDT:USDT,296.04,13.91,296.03,9.23,296.05,0.05,296.06,0.15
1753600090491,07:08:10.491,bybit,AAVE/USDT:USDT,296.04,13.19,296.03,7.76,296.05,0.05,296.06,0.15
1753600090591,07:08:10.591,bybit,AAVE/USDT:USDT,296.04,13.19,296.03,8.6,296.05,0.05,296.06,0.15
1753600090691,07:08:10.691,bybit,AAVE/USDT:USDT,296.04,13.19,296.03,10.98,296.05,0.15,296.06,0.15
1753600090791,07:08:10.791,bybit,AAVE/USDT:USDT,296.04,13.19,296.03,10.98,296.05,0.15,296.06,0.15
1753600090891,07:08:10.891,bybit,AAVE/USDT:USDT,296.04,13.19,296.03,10.98,296.05,0.15,296.06,0.15
1753600090990,07:08:10.990,bybit,AAVE/USDT:USDT,296.04,13.19,296.03,10.98,296.05,0.15,296.06,0.15
1753600091090,07:08:11.090,bybit,AAVE/USDT:USDT,296.04,13.12,296.03,10.91,296.05,0.15,296.06,0.15
1753600091191,07:08:11.191,bybit,AAVE/USDT:USDT,296.04,13.12,296.03,10.91,296.05,0.15,296.06,0.15
1753600091292,07:08:11.292,bybit,AAVE/USDT:USDT,296.04,11.3,296.03,6.87,296.05,0.15,296.06,0.15
1753600091391,07:08:11.391,bybit,AAVE/USDT:USDT,296.04,11.3,296.03,6.87,296.05,0.15,296.06,0.15
1753600091491,07:08:11.491,bybit,AAVE/USDT:USDT,296.04,11.3,296.03,6.87,296.05,0.15,296.06,0.15
1753600091591,07:08:11.591,bybit,AAVE/USDT:USDT,296.04,11.3,296.03,5.77,296.05,0.15,296.06,0.15
1753600091691,07:08:11.691,bybit,AAVE/USDT:USDT,296.04,11.3,296.03,5.77,296.05,0.15,296.06,0.15
1753600091791,07:08:11.791,bybit,AAVE/USDT:USDT,296.04,11.3,296.03,5.77,296.05,0.15,296.06,0.15
1753600091891,07:08:11.891,bybit,AAVE/USDT:USDT,296.04,11.3,296.03,5.77,296.05,0.15,296.06,0.15
1753600091991,07:08:11.991,bybit,AAVE/USDT:USDT,296.04,11.3,296.03,5.77,296.05,0.15,296.06,0.15
1753600092092,07:08:12.092,bybit,AAVE/USDT:USDT,296.04,11.3,296.03,5.77,296.05,0.15,296.06,0.15
1753600092191,07:08:12.191,bybit,AAVE/USDT:USDT,296.04,1.44,296.03,1.86,296.05,4.87,296.06,0.15
1753600092292,07:08:12.292,bybit,AAVE/USDT:USDT,296.04,0.77,296.03,1.19,296.05,4.87,296.06,0.11
1753600092391,07:08:12.391,bybit,AAVE/USDT:USDT,296.04,0.43,296.01,2.98,296.05,4.87,296.06,0.8
1753600092491,07:08:12.491,bybit,AAVE/USDT:USDT,296.04,0.43,296.01,0.75,296.05,4.87,296.06,0.8
1753600092592,07:08:12.592,bybit,AAVE/USDT:USDT,296.0,6.34,295.99,10.85,296.02,9.68,296.03,2.58
1753600092692,07:08:12.692,bybit,AAVE/USDT:USDT,296.0,3.18,295.99,8.25,296.01,4.07,296.02,8.24
1753600092791,07:08:12.791,bybit,AAVE/USDT:USDT,296.0,3.15,295.98,1.95,296.01,4.0,296.02,8.17
1753600092892,07:08:12.892,bybit,AAVE/USDT:USDT,296.0,3.15,295.98,1.95,296.01,4.1,296.02,8.17
1753600092991,07:08:12.991,bybit,AAVE/USDT:USDT,296.0,3.15,295.98,1.95,296.01,4.1,296.02,8.17
1753600093090,07:08:13.090,bybit,AAVE/USDT:USDT,296.0,3.15,295.98,1.95,296.01,4.1,296.02,8.17
1753600093191,07:08:13.191,bybit,AAVE/USDT:USDT,296.0,3.15,295.98,1.95,296.01,4.1,296.02,8.17
1753600093292,07:08:13.292,bybit,AAVE/USDT:USDT,296.0,3.13,295.99,2.82,296.01,0.1,296.03,4.07
1753600093391,07:08:13.391,bybit,AAVE/USDT:USDT,296.0,3.11,295.99,1.34,296.01,0.1,296.03,4.07
1753600093490,07:08:13.490,bybit,AAVE/USDT:USDT,296.0,3.11,295.99,1.34,296.01,0.81,296.03,4.07
1753600093591,07:08:13.591,bybit,AAVE/USDT:USDT,296.0,3.11,295.99,1.34,296.01,0.81,296.03,4.07
1753600093691,07:08:13.691,bybit,AAVE/USDT:USDT,296.0,3.11,295.99,1.34,296.01,0.1,296.03,2.58
1753600093794,07:08:13.794,bybit,AAVE/USDT:USDT,296.0,3.11,295.99,5.54,296.01,0.1,296.03,2.58
1753600093891,07:08:13.891,bybit,AAVE/USDT:USDT,296.0,3.11,295.99,7.22,296.01,0.1,296.04,0.75
1753600093992,07:08:13.992,bybit,AAVE/USDT:USDT,296.0,3.78,295.99,7.26,296.01,0.1,296.04,0.04
1753600094091,07:08:14.091,bybit,AAVE/USDT:USDT,296.0,4.62,295.99,9.78,296.01,0.1,296.04,0.04
1753600094192,07:08:14.192,bybit,AAVE/USDT:USDT,296.0,4.79,295.99,9.78,296.01,0.1,296.04,0.04
1753600094291,07:08:14.291,bybit,AAVE/USDT:USDT,296.0,3.95,295.99,5.11,296.01,0.1,296.04,0.04
1753600094391,07:08:14.391,bybit,AAVE/USDT:USDT,296.0,3.95,295.98,2.93,296.01,0.1,296.04,3.41
1753600094491,07:08:14.491,bybit,AAVE/USDT:USDT,296.0,3.95,295.98,2.93,296.01,0.1,296.04,3.41
1753600094591,07:08:14.591,bybit,AAVE/USDT:USDT,296.0,3.95,295.98,2.93,296.01,0.1,296.04,3.41
1753600094691,07:08:14.691,bybit,AAVE/USDT:USDT,296.0,3.95,295.99,4.93,296.01,0.1,296.04,0.04
1753600094792,07:08:14.792,bybit,AAVE/USDT:USDT,296.0,3.95,295.99,4.93,296.01,0.1,296.04,0.04
1753600094891,07:08:14.891,bybit,AAVE/USDT:USDT,296.0,3.95,295.99,4.93,296.01,0.1,296.04,0.04
1753600094991,07:08:14.991,bybit,AAVE/USDT:USDT,296.0,3.95,295.99,4.93,296.01,0.1,296.04,0.04
1753600095091,07:08:15.091,bybit,AAVE/USDT:USDT,296.0,3.95,295.99,4.93,296.01,0.1,296.04,0.04
1753600095191,07:08:15.191,bybit,AAVE/USDT:USDT,296.0,3.95,295.99,4.93,296.01,0.1,296.04,0.04
1753600095291,07:08:15.291,bybit,AAVE/USDT:USDT,296.0,3.95,295.99,4.93,296.01,0.1,296.04,0.04
1753600095392,07:08:15.392,bybit,AAVE/USDT:USDT,296.0,3.95,295.99,4.93,296.01,0.1,296.04,0.04
1753600095491,07:08:15.491,bybit,AAVE/USDT:USDT,296.0,3.95,295.99,4.93,296.01,0.1,296.04,0.04
1753600095591,07:08:15.591,bybit,AAVE/USDT:USDT,296.0,3.95,295.99,7.67,296.01,0.1,296.04,0.04
1753600095691,07:08:15.691,bybit,AAVE/USDT:USDT,296.0,3.95,295.99,7.67,296.01,0.1,296.04,0.04
1753600095794,07:08:15.794,bybit,AAVE/USDT:USDT,296.0,4.08,295.99,7.67,296.01,0.1,296.04,0.04
1753600095890,07:08:15.890,bybit,AAVE/USDT:USDT,296.0,4.08,295.99,7.67,296.01,0.1,296.04,0.04
1753600095991,07:08:15.991,bybit,AAVE/USDT:USDT,296.0,4.08,295.99,7.67,296.01,0.1,296.04,0.04
1753600096091,07:08:16.091,bybit,AAVE/USDT:USDT,296.0,4.08,295.99,6.61,296.01,0.1,296.04,0.04
1753600096390,07:08:16.390,bybit,AAVE/USDT:USDT,296.0,3.95,295.99,6.61,296.01,0.1,296.04,0.04
1753600096492,07:08:16.492,bybit,AAVE/USDT:USDT,296.0,3.95,295.99,6.61,296.01,0.1,296.04,0.04
1753600096595,07:08:16.595,bybit,AAVE/USDT:USDT,296.0,3.95,295.99,6.61,296.01,0.1,296.04,0.04
1753600096691,07:08:16.691,bybit,AAVE/USDT:USDT,296.0,3.95,295.99,6.61,296.01,0.1,296.04,0.04
1753600096791,07:08:16.791,bybit,AAVE/USDT:USDT,296.0,3.95,295.99,6.61,296.01,0.1,296.04,0.04
1753600096991,07:08:16.991,bybit,AAVE/USDT:USDT,296.0,3.95,295.99,6.61,296.01,0.1,296.04,0.04
1753600097091,07:08:17.091,bybit,AAVE/USDT:USDT,296.0,4.08,295.99,6.61,296.01,0.1,296.04,0.04
1753600097191,07:08:17.191,bybit,AAVE/USDT:USDT,296.0,4.08,295.99,6.61,296.01,0.1,296.04,0.04
1753600097291,07:08:17.291,bybit,AAVE/USDT:USDT,296.0,3.95,295.99,6.61,296.01,0.1,296.04,0.04
1753600097391,07:08:17.391,bybit,AAVE/USDT:USDT,296.0,3.95,295.99,5.13,296.01,0.71,296.02,4.82
1753600097491,07:08:17.491,bybit,AAVE/USDT:USDT,296.0,3.95,295.99,5.13,296.01,0.71,296.02,2.24
1753600097591,07:08:17.591,bybit,AAVE/USDT:USDT,296.0,3.95,295.99,5.13,296.01,0.71,296.02,0.71
1753600097691,07:08:17.691,bybit,AAVE/USDT:USDT,296.01,0.59,296.0,5.77,296.02,0.71,296.03,0.71
1753600097792,07:08:17.792,bybit,AAVE/USDT:USDT,296.01,0.59,296.0,5.77,296.02,0.71,296.03,0.71
1753600097891,07:08:17.891,bybit,AAVE/USDT:USDT,296.01,0.59,296.0,4.71,296.02,0.71,296.03,0.71
1753600097991,07:08:17.991,bybit,AAVE/USDT:USDT,296.01,0.59,296.0,3.99,296.02,0.71,296.03,0.71
1753600098091,07:08:18.091,bybit,AAVE/USDT:USDT,296.01,0.59,296.0,3.99,296.02,0.71,296.03,0.71
1753600098191,07:08:18.191,bybit,AAVE/USDT:USDT,296.01,1.26,296.0,9.16,296.02,0.71,296.03,0.71
1753600098291,07:08:18.291,bybit,AAVE/USDT:USDT,296.01,2.36,296.0,9.16,296.02,0.71,296.03,0.71
1753600098391,07:08:18.391,bybit,AAVE/USDT:USDT,296.01,2.36,296.0,10.22,296.02,0.8,296.03,0.71
1753600098491,07:08:18.491,bybit,AAVE/USDT:USDT,296.01,1.26,296.0,10.22,296.02,0.8,296.03,0.71
1753600098691,07:08:18.691,bybit,AAVE/USDT:USDT,296.01,1.26,296.0,10.22,296.02,0.8,296.03,0.71
1753600098791,07:08:18.791,bybit,AAVE/USDT:USDT,296.01,1.26,296.0,10.22,296.02,0.8,296.03,0.71
1753600098891,07:08:18.891,bybit,AAVE/USDT:USDT,296.01,1.26,296.0,10.88,296.02,0.8,296.03,0.71
1753600098991,07:08:18.991,bybit,AAVE/USDT:USDT,296.01,1.26,296.0,10.88,296.02,0.8,296.03,0.71
1753600099091,07:08:19.091,bybit,AAVE/USDT:USDT,296.01,1.26,296.0,10.88,296.02,0.8,296.03,0.71
1753600099191,07:08:19.191,bybit,AAVE/USDT:USDT,296.01,1.26,296.0,10.88,296.02,0.8,296.03,0.71
1753600099292,07:08:19.292,bybit,AAVE/USDT:USDT,296.01,1.26,296.0,8.34,296.02,0.8,296.03,0.71
1753600099391,07:08:19.391,bybit,AAVE/USDT:USDT,296.01,1.26,296.0,8.34,296.02,0.8,296.03,0.71
