timestamp,time,exchange,symbol,bid1_price,bid1_volume,bid2_price,bid2_volume,ask1_price,ask1_volume,ask2_price,ask2_volume
1753599983229,07:06:23.229,bitget,ACH/USDT:USDT,0.023204,2728.0,0.023203,3836.0,0.023209,596.0,0.023213,2779.0
1753599983529,07:06:23.529,bitget,ACH/USDT:USDT,0.023201,184611.0,0.023198,2723.0,0.023208,2754.0,0.023209,35489.0
1753599983829,07:06:23.829,bitget,ACH/USDT:USDT,0.023202,4201.0,0.023201,184611.0,0.023206,2754.0,0.023208,10926.0
1753599983980,07:06:23.980,bitget,ACH/USDT:USDT,0.023202,10564.0,0.023201,184611.0,0.023206,2754.0,0.023208,11224.0
1753599984130,07:06:24.130,bitget,ACH/USDT:USDT,0.023202,10564.0,0.023201,184611.0,0.023208,8241.0,0.023209,12677.0
1753599984280,07:06:24.280,bitget,ACH/USDT:USDT,0.023202,15154.0,0.023201,184611.0,0.023206,2754.0,0.023208,8241.0
1753599984730,07:06:24.730,bitget,ACH/USDT:USDT,0.023202,6522.0,0.023201,184611.0,0.023206,4909.0,0.023208,8241.0
1753599984880,07:06:24.880,bitget,ACH/USDT:USDT,0.023202,6522.0,0.023201,184611.0,0.023205,2754.0,0.023208,5591.0
1753599985030,07:06:25.030,bitget,ACH/USDT:USDT,0.023202,6522.0,0.023201,184611.0,0.023205,2754.0,0.023206,298.0
1753599985180,07:06:25.180,bitget,ACH/USDT:USDT,0.023202,6522.0,0.023201,184611.0,0.023205,2754.0,0.023206,298.0
1753599985330,07:06:25.330,bitget,ACH/USDT:USDT,0.023202,6522.0,0.023201,184611.0,0.023205,2754.0,0.023206,298.0
1753599985480,07:06:25.480,bitget,ACH/USDT:USDT,0.023202,6522.0,0.023201,184611.0,0.023205,2754.0,0.023206,298.0
1753599985631,07:06:25.631,bitget,ACH/USDT:USDT,0.023202,12273.0,0.023201,184611.0,0.023205,2754.0,0.023206,298.0
1753599986231,07:06:26.231,bitget,ACH/USDT:USDT,0.023202,2754.0,0.023201,184611.0,0.023204,3233.0,0.023205,2754.0
1753599986531,07:06:26.531,bitget,ACH/USDT:USDT,0.023202,11339.0,0.023201,184611.0,0.023208,7788.0,0.023209,3465.0
1753599986681,07:06:26.681,bitget,ACH/USDT:USDT,0.023202,15052.0,0.023201,184611.0,0.023207,5115.0,0.023208,11496.0
1753599986831,07:06:26.831,bitget,ACH/USDT:USDT,0.023202,15052.0,0.023201,184611.0,0.023206,2779.0,0.023207,2336.0
1753599986981,07:06:26.981,bitget,ACH/USDT:USDT,0.023202,15052.0,0.023201,184611.0,0.023206,2779.0,0.023208,4538.0
1753599987132,07:06:27.132,bitget,ACH/USDT:USDT,0.023202,12273.0,0.023201,184611.0,0.023206,2779.0,0.023208,2384.0
1753599987282,07:06:27.282,bitget,ACH/USDT:USDT,0.023202,12273.0,0.023201,184611.0,0.023208,3576.0,0.023209,3465.0
1753599987432,07:06:27.432,bitget,ACH/USDT:USDT,0.023202,15052.0,0.023201,184611.0,0.023206,13554.0,0.023208,4438.0
1753599988482,07:06:28.482,bitget,ACH/USDT:USDT,0.023202,2779.0,0.023201,184611.0,0.023205,4608.0,0.023206,298.0
1753599988782,07:06:28.782,bitget,ACH/USDT:USDT,0.023202,2779.0,0.023201,184611.0,0.023204,3968.0,0.023205,15383.0
1753599988933,07:06:28.933,bitget,ACH/USDT:USDT,0.023202,2779.0,0.023201,184611.0,0.023204,3968.0,0.023205,21848.0
1753599989383,07:06:29.383,bitget,ACH/USDT:USDT,0.023202,2779.0,0.023201,184611.0,0.023204,3968.0,0.023205,21848.0
1753599989533,07:06:29.533,bitget,ACH/USDT:USDT,0.023202,2779.0,0.023201,184611.0,0.023204,3968.0,0.023205,21848.0
1753599990283,07:06:30.283,bitget,ACH/USDT:USDT,0.023201,184611.0,0.023198,2723.0,0.023204,3968.0,0.023205,21848.0
1753599991184,07:06:31.184,bitget,ACH/USDT:USDT,0.023201,184611.0,0.023198,2723.0,0.023204,4266.0,0.023205,11073.0
1753599991334,07:06:31.334,bitget,ACH/USDT:USDT,0.023201,184611.0,0.023198,2723.0,0.023204,6421.0,0.023205,11073.0
1753599991484,07:06:31.484,bitget,ACH/USDT:USDT,0.023201,184611.0,0.023198,2723.0,0.023204,6421.0,0.023205,10775.0
1753599991784,07:06:31.784,bitget,ACH/USDT:USDT,0.023201,184611.0,0.023198,2723.0,0.023204,6421.0,0.023205,10775.0
1753599991934,07:06:31.934,bitget,ACH/USDT:USDT,0.023201,184611.0,0.023198,2723.0,0.023204,9200.0,0.023205,10775.0
1753599992085,07:06:32.085,bitget,ACH/USDT:USDT,0.023201,184611.0,0.023198,2723.0,0.023204,13510.0,0.023205,10775.0
1753599992235,07:06:32.235,bitget,ACH/USDT:USDT,0.023201,184611.0,0.023198,2723.0,0.023203,2863.0,0.023204,15041.0
1753599992385,07:06:32.385,bitget,ACH/USDT:USDT,0.023201,184611.0,0.023198,2723.0,0.023203,2863.0,0.023204,4266.0
1753599992535,07:06:32.535,bitget,ACH/USDT:USDT,0.023201,184611.0,0.023198,2723.0,0.023203,2155.0,0.023204,298.0
1753599992685,07:06:32.685,bitget,ACH/USDT:USDT,0.023202,2779.0,0.023201,188542.0,0.023207,894.0,0.023209,247796.0
1753599992835,07:06:32.835,bitget,ACH/USDT:USDT,0.023202,59849.0,0.023201,188542.0,0.023208,52126.0,0.023209,1192.0
1753599992985,07:06:32.985,bitget,ACH/USDT:USDT,0.023204,2779.0,0.023203,16762.0,0.023209,3842.0,0.023211,2754.0
1753599993285,07:06:33.285,bitget,ACH/USDT:USDT,0.023205,2779.0,0.023204,5029.0,0.023208,596.0,0.023209,4438.0
1753599993735,07:06:33.735,bitget,ACH/USDT:USDT,0.023207,2779.0,0.023206,184521.0,0.023208,596.0,0.023209,4438.0
1753599993886,07:06:33.886,bitget,ACH/USDT:USDT,0.023207,2779.0,0.023206,184521.0,0.023208,596.0,0.023209,4438.0
1753599994036,07:06:34.036,bitget,ACH/USDT:USDT,0.023207,2779.0,0.023206,184521.0,0.023208,596.0,0.023209,4438.0
1753599994186,07:06:34.186,bitget,ACH/USDT:USDT,0.023207,2779.0,0.023206,184521.0,0.023208,596.0,0.023209,3576.0
1753599994336,07:06:34.336,bitget,ACH/USDT:USDT,0.023207,2779.0,0.023206,184521.0,0.023208,596.0,0.023209,3576.0
1753599994486,07:06:34.486,bitget,ACH/USDT:USDT,0.023207,2779.0,0.023206,184521.0,0.023209,596.0,0.023215,2728.0
1753599994636,07:06:34.636,bitget,ACH/USDT:USDT,0.023207,8128.0,0.023206,184521.0,0.023213,2779.0,0.023215,4438.0
1753599994786,07:06:34.786,bitget,ACH/USDT:USDT,0.023208,2779.0,0.023207,12235.0,0.023213,4933.0,0.023215,4438.0
1753599994936,07:06:34.936,bitget,ACH/USDT:USDT,0.023208,2779.0,0.023207,12235.0,0.023212,2779.0,0.023213,2154.0
1753599995086,07:06:35.086,bitget,ACH/USDT:USDT,0.023207,12235.0,0.023206,184521.0,0.023212,2779.0,0.023213,8914.0
1753599995236,07:06:35.236,bitget,ACH/USDT:USDT,0.023207,2779.0,0.023206,184521.0,0.023211,5042.0,0.023212,7439.0
1753599995387,07:06:35.387,bitget,ACH/USDT:USDT,0.023206,184521.0,0.023205,3930.0,0.02321,2779.0,0.023211,2263.0
1753599995537,07:06:35.537,bitget,ACH/USDT:USDT,0.023204,191228.0,0.023203,16897.0,0.02321,2779.0,0.023211,2561.0
1753599995687,07:06:35.687,bitget,ACH/USDT:USDT,0.023205,24768.0,0.023204,188449.0,0.02321,2779.0,0.023211,298.0
1753599995837,07:06:35.837,bitget,ACH/USDT:USDT,0.023205,21989.0,0.023204,184519.0,0.02321,2779.0,0.023211,298.0
1753599995987,07:06:35.987,bitget,ACH/USDT:USDT,0.023204,184519.0,0.023203,16897.0,0.02321,11757.0,0.023211,298.0
1753599996137,07:06:36.137,bitget,ACH/USDT:USDT,0.023204,184519.0,0.023203,16897.0,0.023208,2779.0,0.023209,3527.0
1753599996287,07:06:36.287,bitget,ACH/USDT:USDT,0.023204,184519.0,0.023203,16897.0,0.023208,2779.0,0.023209,3527.0
1753599996437,07:06:36.437,bitget,ACH/USDT:USDT,0.023205,2779.0,0.023204,184519.0,0.023208,2779.0,0.023209,6805.0
1753599996587,07:06:36.587,bitget,ACH/USDT:USDT,0.023205,2779.0,0.023204,184519.0,0.023209,7965.0,0.02321,17956.0
1753599996737,07:06:36.737,bitget,ACH/USDT:USDT,0.023205,2779.0,0.023204,184519.0,0.023209,7965.0,0.02321,17956.0
1753599996887,07:06:36.887,bitget,ACH/USDT:USDT,0.023205,2779.0,0.023204,184519.0,0.023208,2791.0,0.023209,7965.0
1753599997038,07:06:37.038,bitget,ACH/USDT:USDT,0.023205,2779.0,0.023204,184519.0,0.023209,10756.0,0.02321,17956.0
1753599997188,07:06:37.188,bitget,ACH/USDT:USDT,0.023205,2779.0,0.023204,184519.0,0.023208,2169.0,0.023209,10756.0
1753599997338,07:06:37.338,bitget,ACH/USDT:USDT,0.023205,2779.0,0.023204,184519.0,0.023208,2169.0,0.023209,10756.0
1753599997488,07:06:37.488,bitget,ACH/USDT:USDT,0.023205,2779.0,0.023204,184519.0,0.023208,10055.0,0.023209,7965.0
1753599997638,07:06:37.638,bitget,ACH/USDT:USDT,0.023205,2779.0,0.023204,184519.0,0.023207,2366.0,0.023208,12981.0
1753599997788,07:06:37.788,bitget,ACH/USDT:USDT,0.023205,2779.0,0.023204,184519.0,0.023207,2366.0,0.023208,12981.0
1753599997938,07:06:37.938,bitget,ACH/USDT:USDT,0.023205,2779.0,0.023204,184519.0,0.023207,2366.0,0.023208,12981.0
1753599998088,07:06:38.088,bitget,ACH/USDT:USDT,0.023205,2779.0,0.023204,184519.0,0.023207,2366.0,0.023208,13279.0
1753599998238,07:06:38.238,bitget,ACH/USDT:USDT,0.023205,2779.0,0.023204,184519.0,0.023207,2366.0,0.023208,13279.0
1753599998388,07:06:38.388,bitget,ACH/USDT:USDT,0.023204,184519.0,0.023203,16897.0,0.023207,2366.0,0.023208,13279.0
1753599998689,07:06:38.689,bitget,ACH/USDT:USDT,0.023204,184519.0,0.023203,16897.0,0.023207,5157.0,0.023208,10488.0
1753599998839,07:06:38.839,bitget,ACH/USDT:USDT,0.023204,184519.0,0.023203,16897.0,0.023207,5157.0,0.023208,11084.0
1753599998989,07:06:38.989,bitget,ACH/USDT:USDT,0.023204,184519.0,0.023203,16897.0,0.023207,5157.0,0.023208,11084.0
1753599999139,07:06:39.139,bitget,ACH/USDT:USDT,0.023204,184519.0,0.023202,44599.0,0.023207,15985.0,0.023208,11084.0
1753599999289,07:06:39.289,bitget,ACH/USDT:USDT,0.023204,184519.0,0.023202,44599.0,0.023206,4086.0,0.023207,15985.0
1753599999439,07:06:39.439,bitget,ACH/USDT:USDT,0.023204,184519.0,0.023203,2971.0,0.023206,4086.0,0.023207,15985.0
1753599999589,07:06:39.589,bitget,ACH/USDT:USDT,0.023204,184519.0,0.023203,2971.0,0.023206,13833.0,0.023207,16879.0
1753599999739,07:06:39.739,bitget,ACH/USDT:USDT,0.023204,184519.0,0.023203,2971.0,0.023206,13833.0,0.023207,17177.0
1753599999889,07:06:39.889,bitget,ACH/USDT:USDT,0.023204,184519.0,0.0232,16715.0,0.023205,2791.0,0.023206,9507.0
1753600000039,07:06:40.039,bitget,ACH/USDT:USDT,0.023204,184519.0,0.023201,7138.0,0.023206,4086.0,0.023207,3558.0
1753600000190,07:06:40.190,bitget,ACH/USDT:USDT,0.023204,184519.0,0.023201,7138.0,0.023206,2791.0,0.023207,1490.0
1753600000340,07:06:40.340,bitget,ACH/USDT:USDT,0.023204,184519.0,0.023201,7138.0,0.023206,8212.0,0.023207,1490.0
1753600000490,07:06:40.490,bitget,ACH/USDT:USDT,0.023204,184519.0,0.023201,2791.0,0.023206,16647.0,0.023207,1192.0
1753600000640,07:06:40.640,bitget,ACH/USDT:USDT,0.023205,2791.0,0.023204,188449.0,0.023207,1192.0,0.023208,894.0
1753600000790,07:06:40.790,bitget,ACH/USDT:USDT,0.023205,2791.0,0.023204,188449.0,0.023208,894.0,0.023212,2791.0
1753600000940,07:06:40.940,bitget,ACH/USDT:USDT,0.023205,2791.0,0.023204,188449.0,0.023208,596.0,0.023212,3089.0
1753600001090,07:06:41.090,bitget,ACH/USDT:USDT,0.023205,2791.0,0.023204,188449.0,0.023212,6126.0,0.023213,9130.0
1753600001240,07:06:41.240,bitget,ACH/USDT:USDT,0.023204,184519.0,0.023201,2791.0,0.023211,2791.0,0.023212,40521.0
1753600001390,07:06:41.390,bitget,ACH/USDT:USDT,0.023204,184519.0,0.023201,2791.0,0.023211,12309.0,0.023212,41117.0
1753600001540,07:06:41.540,bitget,ACH/USDT:USDT,0.023204,184519.0,0.023201,2791.0,0.023209,2791.0,0.023211,9518.0
1753600001690,07:06:41.690,bitget,ACH/USDT:USDT,0.023204,184519.0,0.023201,2791.0,0.023209,2791.0,0.023211,9518.0
1753600001841,07:06:41.841,bitget,ACH/USDT:USDT,0.023204,184519.0,0.023201,2791.0,0.023207,2791.0,0.023209,6166.0
1753600001991,07:06:41.991,bitget,ACH/USDT:USDT,0.023204,184519.0,0.023201,2791.0,0.023207,2791.0,0.023209,6166.0
1753600002141,07:06:42.141,bitget,ACH/USDT:USDT,0.023204,184519.0,0.023201,2791.0,0.023207,2791.0,0.023209,6166.0
1753600002291,07:06:42.291,bitget,ACH/USDT:USDT,0.023204,184519.0,0.023201,2791.0,0.023207,2791.0,0.023209,6166.0
1753600002441,07:06:42.441,bitget,ACH/USDT:USDT,0.023204,184519.0,0.023201,2791.0,0.023207,5873.0,0.023209,6166.0
1753600002591,07:06:42.591,bitget,ACH/USDT:USDT,0.023204,184519.0,0.023201,2791.0,0.023207,6171.0,0.023209,6166.0
1753600002741,07:06:42.741,bitget,ACH/USDT:USDT,0.023204,184519.0,0.023201,2791.0,0.023207,5168.0,0.023209,6166.0
1753600002891,07:06:42.891,bitget,ACH/USDT:USDT,0.023204,184519.0,0.023201,2791.0,0.023207,5168.0,0.023209,6166.0
1753600003041,07:06:43.041,bitget,ACH/USDT:USDT,0.023205,2791.0,0.023204,184519.0,0.023207,5168.0,0.023209,6166.0
1753600003191,07:06:43.191,bitget,ACH/USDT:USDT,0.023205,2791.0,0.023204,184519.0,0.023207,5466.0,0.023209,6166.0
1753600003341,07:06:43.341,bitget,ACH/USDT:USDT,0.023205,2791.0,0.023204,184519.0,0.023207,5466.0,0.023209,6166.0
1753600003492,07:06:43.492,bitget,ACH/USDT:USDT,0.023205,2791.0,0.023204,184519.0,0.023207,5466.0,0.023209,6166.0
1753600003642,07:06:43.642,bitget,ACH/USDT:USDT,0.023205,2791.0,0.023204,184519.0,0.023207,5466.0,0.023209,6166.0
1753600003792,07:06:43.792,bitget,ACH/USDT:USDT,0.023205,2791.0,0.023204,184519.0,0.023207,5466.0,0.023209,6166.0
1753600003942,07:06:43.942,bitget,ACH/USDT:USDT,0.023204,184519.0,0.023201,2791.0,0.023207,8257.0,0.023209,6166.0
1753600004092,07:06:44.092,bitget,ACH/USDT:USDT,0.023204,184519.0,0.023201,2791.0,0.023206,2477.0,0.023207,8257.0
1753600004242,07:06:44.242,bitget,ACH/USDT:USDT,0.023204,184519.0,0.023201,2791.0,0.023206,2477.0,0.023207,8257.0
1753600004392,07:06:44.392,bitget,ACH/USDT:USDT,0.023204,184519.0,0.023201,2791.0,0.023206,2477.0,0.023207,5175.0
1753600004542,07:06:44.542,bitget,ACH/USDT:USDT,0.023204,184519.0,0.023201,2791.0,0.023207,2384.0,0.023209,2791.0
1753600004692,07:06:44.692,bitget,ACH/USDT:USDT,0.023204,184519.0,0.023201,2791.0,0.023207,2384.0,0.023209,2791.0
1753600004842,07:06:44.842,bitget,ACH/USDT:USDT,0.023204,184519.0,0.023201,2791.0,0.023207,6208.0,0.023209,4877.0
1753600004992,07:06:44.992,bitget,ACH/USDT:USDT,0.023204,184519.0,0.023201,2791.0,0.023207,6208.0,0.023209,2791.0
1753600005143,07:06:45.143,bitget,ACH/USDT:USDT,0.023204,184519.0,0.023201,2791.0,0.023206,3010.0,0.023207,13856.0
1753600005293,07:06:45.293,bitget,ACH/USDT:USDT,0.023204,184519.0,0.023201,2791.0,0.023206,3010.0,0.023207,2384.0
1753600005443,07:06:45.443,bitget,ACH/USDT:USDT,0.023204,184519.0,0.023201,2791.0,0.023207,2384.0,0.023209,2791.0
1753600005593,07:06:45.593,bitget,ACH/USDT:USDT,0.023204,184519.0,0.023201,2791.0,0.023207,5971.0,0.023209,1192.0
1753600005743,07:06:45.743,bitget,ACH/USDT:USDT,0.023204,184519.0,0.023201,2791.0,0.023206,2791.0,0.023207,8664.0
1753600005893,07:06:45.893,bitget,ACH/USDT:USDT,0.023204,184519.0,0.023201,2791.0,0.023205,2791.0,0.023206,2599.0
1753600006043,07:06:46.043,bitget,ACH/USDT:USDT,0.023204,184519.0,0.023201,2791.0,0.023207,1788.0,0.023209,3089.0
1753600006193,07:06:46.193,bitget,ACH/USDT:USDT,0.023204,184519.0,0.023201,2791.0,0.023207,3387.0,0.023209,2086.0
1753600006343,07:06:46.343,bitget,ACH/USDT:USDT,0.023204,184519.0,0.023201,2791.0,0.023207,7212.0,0.023209,3576.0
1753600006493,07:06:46.493,bitget,ACH/USDT:USDT,0.023204,184519.0,0.023201,2791.0,0.023206,2164.0,0.023207,7212.0
1753600006643,07:06:46.643,bitget,ACH/USDT:USDT,0.023204,184519.0,0.023201,2791.0,0.023206,2164.0,0.023207,3387.0
1753600006794,07:06:46.794,bitget,ACH/USDT:USDT,0.023204,184519.0,0.023201,2791.0,0.023207,3387.0,0.023209,1788.0
1753600006944,07:06:46.944,bitget,ACH/USDT:USDT,0.023204,184519.0,0.0232,7766.0,0.023207,8246.0,0.023209,2384.0
1753600007094,07:06:47.094,bitget,ACH/USDT:USDT,0.023204,184519.0,0.023201,2703.0,0.023206,5177.0,0.023207,12071.0
1753600007244,07:06:47.244,bitget,ACH/USDT:USDT,0.023204,184519.0,0.0232,3930.0,0.023205,2703.0,0.023206,2474.0
1753600007394,07:06:47.394,bitget,ACH/USDT:USDT,0.023204,155652.0,0.0232,3836.0,0.023205,2703.0,0.023206,3930.0
1753600007544,07:06:47.544,bitget,ACH/USDT:USDT,0.023196,184478.0,0.023195,16108.0,0.023205,2703.0,0.023206,3930.0
1753600007694,07:06:47.694,bitget,ACH/USDT:USDT,0.023197,58046.0,0.023196,184478.0,0.023205,7019.0,0.023206,3930.0
1753600007844,07:06:47.844,bitget,ACH/USDT:USDT,0.023198,17414.0,0.023197,55343.0,0.023205,4316.0,0.023209,14261.0
1753600007994,07:06:47.994,bitget,ACH/USDT:USDT,0.0232,2703.0,0.023198,17414.0,0.023205,2703.0,0.023208,4278.0
1753600008144,07:06:48.144,bitget,ACH/USDT:USDT,0.0232,2703.0,0.023197,58046.0,0.023205,2703.0,0.023208,4576.0
1753600008294,07:06:48.294,bitget,ACH/USDT:USDT,0.0232,2703.0,0.023198,17414.0,0.023205,2703.0,0.023208,6315.0
1753600008445,07:06:48.445,bitget,ACH/USDT:USDT,0.0232,2703.0,0.023198,17414.0,0.023205,2703.0,0.023208,7209.0
1753600008595,07:06:48.595,bitget,ACH/USDT:USDT,0.0232,2703.0,0.023198,17414.0,0.023205,2703.0,0.023208,7209.0
1753600008745,07:06:48.745,bitget,ACH/USDT:USDT,0.0232,2703.0,0.023198,17414.0,0.023205,2703.0,0.023208,7507.0
1753600008895,07:06:48.895,bitget,ACH/USDT:USDT,0.0232,2703.0,0.023198,17414.0,0.023205,2703.0,0.023208,7507.0
1753600009045,07:06:49.045,bitget,ACH/USDT:USDT,0.0232,2703.0,0.023197,58046.0,0.023205,2703.0,0.023208,7507.0
1753600009195,07:06:49.195,bitget,ACH/USDT:USDT,0.0232,2703.0,0.023197,58046.0,0.023205,2703.0,0.023208,7507.0
1753600009345,07:06:49.345,bitget,ACH/USDT:USDT,0.0232,2703.0,0.023197,58046.0,0.023208,7507.0,0.023209,3299.0
1753600009495,07:06:49.495,bitget,ACH/USDT:USDT,0.0232,2703.0,0.023197,58046.0,0.023207,4955.0,0.023208,11815.0
1753600009645,07:06:49.645,bitget,ACH/USDT:USDT,0.0232,2703.0,0.023197,58046.0,0.023206,2703.0,0.023207,4705.0
1753600009795,07:06:49.795,bitget,ACH/USDT:USDT,0.0232,2703.0,0.023197,58046.0,0.023206,2703.0,0.023207,2848.0
1753600009945,07:06:49.945,bitget,ACH/USDT:USDT,0.0232,2703.0,0.023197,58046.0,0.023206,2703.0,0.023207,2848.0
1753600010096,07:06:50.096,bitget,ACH/USDT:USDT,0.0232,2703.0,0.023197,58046.0,0.023206,2703.0,0.023207,2848.0
1753600010246,07:06:50.246,bitget,ACH/USDT:USDT,0.0232,2703.0,0.023197,58046.0,0.023206,2703.0,0.023207,2848.0
1753600010396,07:06:50.396,bitget,ACH/USDT:USDT,0.0232,2703.0,0.023197,58046.0,0.023206,2703.0,0.023207,2848.0
1753600010546,07:06:50.546,bitget,ACH/USDT:USDT,0.0232,2703.0,0.023197,58046.0,0.023206,2703.0,0.023207,2848.0
1753600010696,07:06:50.696,bitget,ACH/USDT:USDT,0.0232,2703.0,0.023197,58046.0,0.023206,2703.0,0.023207,2848.0
1753600010846,07:06:50.846,bitget,ACH/USDT:USDT,0.0232,2703.0,0.023197,58046.0,0.023207,2848.0,0.023208,1788.0
1753600010996,07:06:50.996,bitget,ACH/USDT:USDT,0.0232,2703.0,0.023197,58046.0,0.023207,7770.0,0.023208,3576.0
1753600011146,07:06:51.146,bitget,ACH/USDT:USDT,0.0232,2703.0,0.023197,58046.0,0.023207,10473.0,0.023208,1788.0
1753600011296,07:06:51.296,bitget,ACH/USDT:USDT,0.0232,2703.0,0.023197,58046.0,0.023206,5169.0,0.023207,9925.0
1753600011446,07:06:51.446,bitget,ACH/USDT:USDT,0.0232,2703.0,0.023197,58046.0,0.023206,2466.0,0.023207,596.0
1753600011596,07:06:51.596,bitget,ACH/USDT:USDT,0.023202,2703.0,0.023201,184485.0,0.023206,13000.0,0.023208,298.0
1753600011746,07:06:51.746,bitget,ACH/USDT:USDT,0.023202,2703.0,0.023201,184485.0,0.023205,3900.0,0.023206,15703.0
1753600011897,07:06:51.897,bitget,ACH/USDT:USDT,0.023202,2703.0,0.023201,184485.0,0.023205,3900.0,0.023206,3895.0
1753600012047,07:06:52.047,bitget,ACH/USDT:USDT,0.023202,2703.0,0.023201,184485.0,0.023206,4789.0,0.023211,2489.0
1753600012197,07:06:52.197,bitget,ACH/USDT:USDT,0.023202,2703.0,0.023201,184485.0,0.023206,8039.0,0.023211,2489.0
1753600012347,07:06:52.347,bitget,ACH/USDT:USDT,0.023202,2703.0,0.023201,184485.0,0.023206,8586.0,0.023211,2489.0
1753600012497,07:06:52.497,bitget,ACH/USDT:USDT,0.023202,2703.0,0.023201,188415.0,0.023206,4850.0,0.023211,2489.0
1753600012647,07:06:52.647,bitget,ACH/USDT:USDT,0.023202,2703.0,0.023201,188415.0,0.023206,4850.0,0.023211,2489.0
1753600012797,07:06:52.797,bitget,ACH/USDT:USDT,0.023204,2703.0,0.023202,27193.0,0.023206,10388.0,0.023211,2489.0
1753600012947,07:06:52.947,bitget,ACH/USDT:USDT,0.023204,2703.0,0.023202,27193.0,0.023206,15926.0,0.023209,2703.0
1753600013097,07:06:53.097,bitget,ACH/USDT:USDT,0.023204,2703.0,0.023202,27193.0,0.023206,15926.0,0.023209,2703.0
1753600013247,07:06:53.247,bitget,ACH/USDT:USDT,0.023204,2703.0,0.023202,27193.0,0.023206,15926.0,0.023211,2489.0
1753600013398,07:06:53.398,bitget,ACH/USDT:USDT,0.023204,2703.0,0.023202,27193.0,0.023206,24546.0,0.023209,2703.0
1753600013548,07:06:53.548,bitget,ACH/USDT:USDT,0.023204,2703.0,0.023202,27193.0,0.023206,24546.0,0.023209,2703.0
1753600013698,07:06:53.698,bitget,ACH/USDT:USDT,0.023204,2703.0,0.023202,27193.0,0.023206,24546.0,0.023209,2703.0
1753600013848,07:06:53.848,bitget,ACH/USDT:USDT,0.023204,2703.0,0.023202,27193.0,0.023206,24546.0,0.023209,2703.0
1753600013998,07:06:53.998,bitget,ACH/USDT:USDT,0.023204,2703.0,0.023202,27193.0,0.023206,24546.0,0.023209,2703.0
1753600014148,07:06:54.148,bitget,ACH/USDT:USDT,0.023204,2703.0,0.023202,27193.0,0.023206,26701.0,0.023211,2489.0
1753600014298,07:06:54.298,bitget,ACH/USDT:USDT,0.023204,2703.0,0.023202,27193.0,0.023206,26701.0,0.023211,2489.0
1753600014448,07:06:54.448,bitget,ACH/USDT:USDT,0.023204,2703.0,0.023202,27193.0,0.023206,26701.0,0.023211,2489.0
1753600014598,07:06:54.598,bitget,ACH/USDT:USDT,0.023204,2703.0,0.023202,27193.0,0.023206,26701.0,0.023211,2489.0
1753600014748,07:06:54.748,bitget,ACH/USDT:USDT,0.023204,2703.0,0.023202,37232.0,0.023206,26701.0,0.023211,2489.0
1753600014898,07:06:54.898,bitget,ACH/USDT:USDT,0.023204,2703.0,0.023202,37232.0,0.023206,26701.0,0.023211,2489.0
1753600015049,07:06:55.049,bitget,ACH/USDT:USDT,0.023204,2703.0,0.023202,37232.0,0.023206,26701.0,0.023211,2489.0
1753600015199,07:06:55.199,bitget,ACH/USDT:USDT,0.023204,2703.0,0.023202,37232.0,0.023206,26701.0,0.023211,2489.0
1753600015349,07:06:55.349,bitget,ACH/USDT:USDT,0.023204,2703.0,0.023201,188415.0,0.023206,26701.0,0.023209,2703.0
1753600015499,07:06:55.499,bitget,ACH/USDT:USDT,0.023201,188415.0,0.023199,3930.0,0.023206,26701.0,0.023209,2703.0
1753600015649,07:06:55.649,bitget,ACH/USDT:USDT,0.023202,15177.0,0.023201,184485.0,0.023205,8010.0,0.023206,26701.0
1753600015799,07:06:55.799,bitget,ACH/USDT:USDT,0.023203,2703.0,0.023202,15177.0,0.023204,2403.0,0.023205,8010.0
1753600015949,07:06:55.949,bitget,ACH/USDT:USDT,0.023203,2703.0,0.023202,15177.0,0.023205,4420.0,0.023206,6134.0
1753600016099,07:06:56.099,bitget,ACH/USDT:USDT,0.023203,2703.0,0.023201,184485.0,0.023205,5706.0,0.023206,596.0
1753600016249,07:06:56.249,bitget,ACH/USDT:USDT,0.023203,2703.0,0.023202,15935.0,0.023205,14265.0,0.023206,596.0
1753600016399,07:06:56.399,bitget,ACH/USDT:USDT,0.023203,2703.0,0.023202,15935.0,0.023205,14265.0,0.023206,596.0
1753600016549,07:06:56.549,bitget,ACH/USDT:USDT,0.023203,2703.0,0.023202,15935.0,0.023205,14265.0,0.023206,596.0
1753600016700,07:06:56.700,bitget,ACH/USDT:USDT,0.023203,2703.0,0.023202,15935.0,0.023205,14265.0,0.023206,596.0
1753600016850,07:06:56.850,bitget,ACH/USDT:USDT,0.023203,2703.0,0.023202,15935.0,0.023205,14265.0,0.023206,596.0
1753600017000,07:06:57.000,bitget,ACH/USDT:USDT,0.023203,2703.0,0.023202,15935.0,0.023205,14265.0,0.023206,596.0
1753600017150,07:06:57.150,bitget,ACH/USDT:USDT,0.023203,2703.0,0.023202,15935.0,0.023205,14265.0,0.023206,596.0
1753600017300,07:06:57.300,bitget,ACH/USDT:USDT,0.023203,2703.0,0.023202,15935.0,0.023205,14265.0,0.023206,596.0
1753600017450,07:06:57.450,bitget,ACH/USDT:USDT,0.023203,2703.0,0.023202,15935.0,0.023205,14265.0,0.023206,596.0
1753600017600,07:06:57.600,bitget,ACH/USDT:USDT,0.023203,2703.0,0.023202,15935.0,0.023205,14265.0,0.023206,596.0
1753600017750,07:06:57.750,bitget,ACH/USDT:USDT,0.023203,2703.0,0.023202,15935.0,0.023205,14265.0,0.023206,596.0
1753600017900,07:06:57.900,bitget,ACH/USDT:USDT,0.023203,2703.0,0.023202,15935.0,0.023205,14265.0,0.023206,596.0
1753600018050,07:06:58.050,bitget,ACH/USDT:USDT,0.023203,2703.0,0.023202,15935.0,0.023205,14265.0,0.023206,596.0
1753600018200,07:06:58.200,bitget,ACH/USDT:USDT,0.023203,2703.0,0.023202,15935.0,0.023205,14265.0,0.023206,596.0
1753600018351,07:06:58.351,bitget,ACH/USDT:USDT,0.023203,2703.0,0.023202,15935.0,0.023205,14265.0,0.023206,596.0
1753600018501,07:06:58.501,bitget,ACH/USDT:USDT,0.023203,2703.0,0.023202,15935.0,0.023205,14265.0,0.023206,596.0
1753600018651,07:06:58.651,bitget,ACH/USDT:USDT,0.023203,2703.0,0.023202,15935.0,0.023205,14265.0,0.023206,596.0
1753600018801,07:06:58.801,bitget,ACH/USDT:USDT,0.023203,2703.0,0.023202,15935.0,0.023205,14265.0,0.023206,596.0
1753600018951,07:06:58.951,bitget,ACH/USDT:USDT,0.023203,2703.0,0.023202,15935.0,0.023205,14265.0,0.023206,596.0
1753600019101,07:06:59.101,bitget,ACH/USDT:USDT,0.023203,2703.0,0.023202,15935.0,0.023205,14265.0,0.023206,596.0
1753600019251,07:06:59.251,bitget,ACH/USDT:USDT,0.023203,2703.0,0.023202,15935.0,0.023205,14265.0,0.023206,596.0
1753600019401,07:06:59.401,bitget,ACH/USDT:USDT,0.023203,2703.0,0.023202,15935.0,0.023205,14265.0,0.023206,596.0
1753600019551,07:06:59.551,bitget,ACH/USDT:USDT,0.023203,2703.0,0.023202,15935.0,0.023205,14265.0,0.023206,596.0
1753600019701,07:06:59.701,bitget,ACH/USDT:USDT,0.023203,2703.0,0.023202,19865.0,0.023205,14265.0,0.023206,596.0
1753600019852,07:06:59.852,bitget,ACH/USDT:USDT,0.023203,2703.0,0.023202,36514.0,0.023205,14265.0,0.023206,596.0
1753600020002,07:07:00.002,bitget,ACH/USDT:USDT,0.023203,2703.0,0.023202,36514.0,0.023205,14265.0,0.023206,596.0
1753600020152,07:07:00.152,bitget,ACH/USDT:USDT,0.023203,2703.0,0.023202,36514.0,0.023205,14265.0,0.023206,596.0
1753600020302,07:07:00.302,bitget,ACH/USDT:USDT,0.023203,2703.0,0.023202,36514.0,0.023205,14265.0,0.023206,596.0
1753600020452,07:07:00.452,bitget,ACH/USDT:USDT,0.023203,2703.0,0.023202,36514.0,0.023205,14265.0,0.023206,596.0
1753600020602,07:07:00.602,bitget,ACH/USDT:USDT,0.023203,2703.0,0.023202,36514.0,0.023205,14265.0,0.023206,596.0
1753600020752,07:07:00.752,bitget,ACH/USDT:USDT,0.023203,2703.0,0.023202,36514.0,0.023205,14265.0,0.023206,596.0
1753600020902,07:07:00.902,bitget,ACH/USDT:USDT,0.023203,2703.0,0.023202,36514.0,0.023205,14265.0,0.023206,596.0
1753600021052,07:07:01.052,bitget,ACH/USDT:USDT,0.023203,2703.0,0.023202,36514.0,0.023205,14265.0,0.023206,596.0
1753600021202,07:07:01.202,bitget,ACH/USDT:USDT,0.023203,2703.0,0.023202,36514.0,0.023205,14265.0,0.023206,596.0
1753600021352,07:07:01.352,bitget,ACH/USDT:USDT,0.023203,2703.0,0.023202,36514.0,0.023205,14265.0,0.023206,596.0
1753600021503,07:07:01.503,bitget,ACH/USDT:USDT,0.023203,2703.0,0.023202,36514.0,0.023205,14265.0,0.023206,596.0
1753600021653,07:07:01.653,bitget,ACH/USDT:USDT,0.023203,2703.0,0.023202,32584.0,0.023205,14265.0,0.023206,596.0
1753600021803,07:07:01.803,bitget,ACH/USDT:USDT,0.023201,184485.0,0.0232,6540.0,0.023205,14265.0,0.023206,596.0
1753600021953,07:07:01.953,bitget,ACH/USDT:USDT,0.023201,184485.0,0.0232,3836.0,0.023204,6984.0,0.023205,21785.0
1753600022103,07:07:02.103,bitget,ACH/USDT:USDT,0.023201,184485.0,0.0232,3836.0,0.023203,2704.0,0.023204,4280.0
1753600022253,07:07:02.253,bitget,ACH/USDT:USDT,0.023201,184485.0,0.0232,3836.0,0.023203,2704.0,0.023204,4578.0
1753600022403,07:07:02.403,bitget,ACH/USDT:USDT,0.023201,184485.0,0.0232,3836.0,0.023203,2704.0,0.023204,298.0
1753600022553,07:07:02.553,bitget,ACH/USDT:USDT,0.023201,184485.0,0.0232,3836.0,0.023203,2704.0,0.023204,298.0
1753600022703,07:07:02.703,bitget,ACH/USDT:USDT,0.023201,184485.0,0.0232,3836.0,0.023203,2704.0,0.023204,298.0
1753600022853,07:07:02.853,bitget,ACH/USDT:USDT,0.023201,184485.0,0.0232,3836.0,0.023203,2704.0,0.023204,298.0
1753600023003,07:07:03.003,bitget,ACH/USDT:USDT,0.023201,184485.0,0.023195,26165.0,0.023203,2704.0,0.023204,298.0
1753600023154,07:07:03.154,bitget,ACH/USDT:USDT,0.023196,3836.0,0.023195,26165.0,0.023203,2704.0,0.023204,298.0
1753600023304,07:07:03.304,bitget,ACH/USDT:USDT,0.023197,184467.0,0.023196,6540.0,0.023201,2704.0,0.023203,12930.0
1753600023454,07:07:03.454,bitget,ACH/USDT:USDT,0.023198,18741.0,0.023197,184467.0,0.023201,2704.0,0.023202,3879.0
1753600023604,07:07:03.604,bitget,ACH/USDT:USDT,0.023198,18741.0,0.023197,184467.0,0.023201,2704.0,0.023202,3879.0
1753600023754,07:07:03.754,bitget,ACH/USDT:USDT,0.023198,18741.0,0.023197,184467.0,0.023201,2704.0,0.023202,3879.0
1753600023904,07:07:03.904,bitget,ACH/USDT:USDT,0.023198,18741.0,0.023197,184467.0,0.023201,2704.0,0.023203,3931.0
1753600024054,07:07:04.054,bitget,ACH/USDT:USDT,0.023198,29083.0,0.023197,184467.0,0.023201,2704.0,0.023203,3931.0
1753600024204,07:07:04.204,bitget,ACH/USDT:USDT,0.023198,29083.0,0.023197,184467.0,0.023201,2704.0,0.023203,3931.0
1753600024354,07:07:04.354,bitget,ACH/USDT:USDT,0.023198,29083.0,0.023197,184467.0,0.023201,2704.0,0.023203,3931.0
1753600024504,07:07:04.504,bitget,ACH/USDT:USDT,0.023198,29083.0,0.023197,184467.0,0.023201,2704.0,0.023203,3931.0
1753600024654,07:07:04.654,bitget,ACH/USDT:USDT,0.023198,29083.0,0.023197,184467.0,0.023201,2704.0,0.023203,3931.0
1753600024805,07:07:04.805,bitget,ACH/USDT:USDT,0.023198,29083.0,0.023197,184467.0,0.023201,2704.0,0.023203,3931.0
1753600024955,07:07:04.955,bitget,ACH/USDT:USDT,0.023198,29083.0,0.023197,184467.0,0.023201,2704.0,0.023203,3931.0
1753600025105,07:07:05.105,bitget,ACH/USDT:USDT,0.023198,29083.0,0.023197,184467.0,0.023201,2704.0,0.023203,3931.0
1753600025255,07:07:05.255,bitget,ACH/USDT:USDT,0.023198,29083.0,0.023197,184467.0,0.023201,2704.0,0.023203,3931.0
1753600025405,07:07:05.405,bitget,ACH/USDT:USDT,0.023198,29083.0,0.023197,184467.0,0.023201,2704.0,0.023203,3931.0
1753600025555,07:07:05.555,bitget,ACH/USDT:USDT,0.023198,29083.0,0.023197,184467.0,0.023201,2704.0,0.023203,3931.0
1753600025705,07:07:05.705,bitget,ACH/USDT:USDT,0.023198,29083.0,0.023197,184467.0,0.023201,2704.0,0.023203,3931.0
1753600025855,07:07:05.855,bitget,ACH/USDT:USDT,0.023198,29083.0,0.023197,184467.0,0.023201,2704.0,0.023203,3931.0
1753600026005,07:07:06.005,bitget,ACH/USDT:USDT,0.023198,29083.0,0.023197,184467.0,0.023201,2704.0,0.023203,3931.0
1753600026155,07:07:06.155,bitget,ACH/USDT:USDT,0.023198,29083.0,0.023197,184467.0,0.023201,2704.0,0.023203,3931.0
1753600026306,07:07:06.306,bitget,ACH/USDT:USDT,0.023198,29083.0,0.023197,184467.0,0.023201,2704.0,0.023203,3931.0
1753600026456,07:07:06.456,bitget,ACH/USDT:USDT,0.023198,29083.0,0.023197,184467.0,0.023201,2704.0,0.023203,3931.0
1753600026606,07:07:06.606,bitget,ACH/USDT:USDT,0.023198,29083.0,0.023197,184467.0,0.023201,2704.0,0.023203,3931.0
1753600026756,07:07:06.756,bitget,ACH/USDT:USDT,0.023198,29083.0,0.023197,184467.0,0.023201,2704.0,0.023203,3931.0
1753600026906,07:07:06.906,bitget,ACH/USDT:USDT,0.023198,29083.0,0.023197,184467.0,0.023201,2704.0,0.023203,3931.0
1753600027056,07:07:07.056,bitget,ACH/USDT:USDT,0.023198,29083.0,0.023197,184467.0,0.023201,2704.0,0.023203,3931.0
1753600027206,07:07:07.206,bitget,ACH/USDT:USDT,0.023198,29083.0,0.023197,184467.0,0.023201,2704.0,0.023203,3931.0
1753600027356,07:07:07.356,bitget,ACH/USDT:USDT,0.023198,29083.0,0.023197,184467.0,0.023203,3931.0,0.023204,6635.0
1753600027506,07:07:07.506,bitget,ACH/USDT:USDT,0.023198,29083.0,0.023197,184467.0,0.023203,3931.0,0.023204,4229.0
1753600027656,07:07:07.656,bitget,ACH/USDT:USDT,0.023199,2722.0,0.023198,29083.0,0.023203,6653.0,0.023204,4229.0
1753600027806,07:07:07.806,bitget,ACH/USDT:USDT,0.023198,29083.0,0.023197,184467.0,0.023202,2722.0,0.023203,7793.0
1753600027957,07:07:07.957,bitget,ACH/USDT:USDT,0.023198,29083.0,0.023197,184467.0,0.023202,12782.0,0.023203,3862.0
1753600028107,07:07:08.107,bitget,ACH/USDT:USDT,0.023198,29083.0,0.023197,184467.0,0.023201,3835.0,0.023202,6582.0
1753600028257,07:07:08.257,bitget,ACH/USDT:USDT,0.023198,51705.0,0.023197,184467.0,0.023208,2704.0,0.023209,3313.0
1753600028407,07:07:08.407,bitget,ACH/USDT:USDT,0.023199,2722.0,0.023198,51705.0,0.023208,21583.0,0.023209,3313.0
1753600028857,07:07:08.857,bitget,ACH/USDT:USDT,0.023198,51705.0,0.023197,184467.0,0.023204,2722.0,0.023206,6465.0
1753600029007,07:07:09.007,bitget,ACH/USDT:USDT,0.023198,51705.0,0.023197,184467.0,0.023204,2722.0,0.023206,8620.0
1753600029157,07:07:09.157,bitget,ACH/USDT:USDT,0.023198,51705.0,0.023197,184467.0,0.023204,2722.0,0.023205,2586.0
1753600029307,07:07:09.307,bitget,ACH/USDT:USDT,0.023198,51705.0,0.023197,184467.0,0.023204,2722.0,0.023205,2586.0
1753600029457,07:07:09.457,bitget,ACH/USDT:USDT,0.023198,51705.0,0.023197,184467.0,0.023204,2722.0,0.023206,4310.0
1753600029608,07:07:09.608,bitget,ACH/USDT:USDT,0.023198,51705.0,0.023197,184467.0,0.023204,2722.0,0.023206,4310.0
1753600029758,07:07:09.758,bitget,ACH/USDT:USDT,0.023198,51705.0,0.023197,184467.0,0.023204,2722.0,0.023206,4310.0
1753600029908,07:07:09.908,bitget,ACH/USDT:USDT,0.023198,51705.0,0.023197,184467.0,0.023204,2722.0,0.023206,4310.0
1753600030058,07:07:10.058,bitget,ACH/USDT:USDT,0.023198,51705.0,0.023197,184467.0,0.023204,2722.0,0.023206,4310.0
1753600030208,07:07:10.208,bitget,ACH/USDT:USDT,0.023198,51705.0,0.023197,184467.0,0.023204,2722.0,0.023206,4310.0
1753600030358,07:07:10.358,bitget,ACH/USDT:USDT,0.023198,51705.0,0.023197,184467.0,0.023204,2722.0,0.023206,4310.0
1753600030508,07:07:10.508,bitget,ACH/USDT:USDT,0.023198,51705.0,0.023197,184467.0,0.023204,2722.0,0.023206,4310.0
1753600030658,07:07:10.658,bitget,ACH/USDT:USDT,0.023199,2722.0,0.023198,51705.0,0.023204,2722.0,0.023206,4310.0
1753600030808,07:07:10.808,bitget,ACH/USDT:USDT,0.023199,2722.0,0.023198,51705.0,0.023204,2722.0,0.023206,4310.0
1753600030958,07:07:10.958,bitget,ACH/USDT:USDT,0.023199,2722.0,0.023198,51705.0,0.023204,2722.0,0.023206,4310.0
1753600031109,07:07:11.109,bitget,ACH/USDT:USDT,0.023199,2722.0,0.023198,51705.0,0.023204,2722.0,0.023206,4310.0
1753600031259,07:07:11.259,bitget,ACH/USDT:USDT,0.023199,2722.0,0.023198,51705.0,0.023204,7032.0,0.023206,4310.0
1753600031409,07:07:11.409,bitget,ACH/USDT:USDT,0.023199,2722.0,0.023198,51705.0,0.023203,2722.0,0.023204,6465.0
1753600031559,07:07:11.559,bitget,ACH/USDT:USDT,0.023198,51705.0,0.023197,184467.0,0.023203,4877.0,0.023204,298.0
1753600031709,07:07:11.709,bitget,ACH/USDT:USDT,0.023198,51705.0,0.023197,188303.0,0.023203,4310.0,0.023206,7032.0
1753600031859,07:07:11.859,bitget,ACH/USDT:USDT,0.023198,51705.0,0.023197,188303.0,0.023202,2722.0,0.023203,6465.0
1753600032009,07:07:12.009,bitget,ACH/USDT:USDT,0.023198,51705.0,0.023197,188303.0,0.023202,2722.0,0.023203,2155.0
1753600032159,07:07:12.159,bitget,ACH/USDT:USDT,0.023198,51705.0,0.023197,188303.0,0.023202,2722.0,0.023206,2722.0
1753600032309,07:07:12.309,bitget,ACH/USDT:USDT,0.023199,2722.0,0.023198,51705.0,0.023206,3020.0,0.023208,3341.0
1753600032459,07:07:12.459,bitget,ACH/USDT:USDT,0.023199,2722.0,0.023198,51705.0,0.023202,2155.0,0.023205,2722.0
1753600032609,07:07:12.609,bitget,ACH/USDT:USDT,0.023199,2722.0,0.023198,51705.0,0.023205,2722.0,0.023206,596.0
1753600032760,07:07:12.760,bitget,ACH/USDT:USDT,0.023199,2722.0,0.023198,51705.0,0.023205,9187.0,0.023206,596.0
1753600032910,07:07:12.910,bitget,ACH/USDT:USDT,0.023199,2722.0,0.023198,51705.0,0.023204,5478.0,0.023205,6465.0
1753600033060,07:07:13.060,bitget,ACH/USDT:USDT,0.023199,2722.0,0.023198,51705.0,0.023204,2722.0,0.023206,298.0
1753600033210,07:07:13.210,bitget,ACH/USDT:USDT,0.023198,51705.0,0.023197,188303.0,0.023204,2722.0,0.023206,298.0
1753600033360,07:07:13.360,bitget,ACH/USDT:USDT,0.023199,2722.0,0.023198,51705.0,0.023204,2722.0,0.023206,298.0
1753600033510,07:07:13.510,bitget,ACH/USDT:USDT,0.023199,2722.0,0.023198,51705.0,0.023204,7032.0,0.023206,298.0
1753600033660,07:07:13.660,bitget,ACH/USDT:USDT,0.023197,184467.0,0.023196,12785.0,0.023203,2722.0,0.023204,10775.0
1753600033810,07:07:13.810,bitget,ACH/USDT:USDT,0.023197,184467.0,0.023196,12785.0,0.023203,9296.0,0.023204,3443.0
1753600033960,07:07:13.960,bitget,ACH/USDT:USDT,0.023197,184467.0,0.023196,12785.0,0.023201,2722.0,0.023202,2789.0
1753600034110,07:07:14.110,bitget,ACH/USDT:USDT,0.023197,184467.0,0.023196,12785.0,0.023201,2722.0,0.023203,13993.0
1753600034260,07:07:14.260,bitget,ACH/USDT:USDT,0.023198,2722.0,0.023197,184467.0,0.023201,6906.0,0.023202,4198.0
1753600034411,07:07:14.411,bitget,ACH/USDT:USDT,0.023197,184467.0,0.023196,12785.0,0.0232,2722.0,0.023201,10724.0
1753600034561,07:07:14.561,bitget,ACH/USDT:USDT,0.023197,184467.0,0.023196,12785.0,0.0232,5939.0,0.023201,10724.0
1753600034711,07:07:14.711,bitget,ACH/USDT:USDT,0.023197,184467.0,0.023196,12785.0,0.0232,7035.0,0.023201,10724.0
1753600034861,07:07:14.861,bitget,ACH/USDT:USDT,0.023197,184467.0,0.023196,12785.0,0.023199,2722.0,0.0232,7035.0
1753600035011,07:07:15.011,bitget,ACH/USDT:USDT,0.023197,184467.0,0.023196,12785.0,0.023199,2722.0,0.0232,3217.0
1753600035161,07:07:15.161,bitget,ACH/USDT:USDT,0.023197,184467.0,0.023196,12785.0,0.023199,2722.0,0.023203,3341.0
1753600035311,07:07:15.311,bitget,ACH/USDT:USDT,0.023197,184467.0,0.023196,12785.0,0.023199,2722.0,0.023203,3341.0
1753600035461,07:07:15.461,bitget,ACH/USDT:USDT,0.023197,184467.0,0.023196,12785.0,0.023199,2722.0,0.023203,3341.0
1753600035611,07:07:15.611,bitget,ACH/USDT:USDT,0.023197,184467.0,0.023196,12785.0,0.023199,2722.0,0.023203,3341.0
1753600035761,07:07:15.761,bitget,ACH/USDT:USDT,0.023197,184467.0,0.023196,12785.0,0.023199,2722.0,0.023203,3341.0
1753600035912,07:07:15.912,bitget,ACH/USDT:USDT,0.023197,184467.0,0.023196,12785.0,0.023199,2722.0,0.023203,3341.0
1753600036062,07:07:16.062,bitget,ACH/USDT:USDT,0.023197,184467.0,0.023196,12785.0,0.023199,2722.0,0.023203,3341.0
1753600036212,07:07:16.212,bitget,ACH/USDT:USDT,0.023197,184467.0,0.023196,12785.0,0.023199,2722.0,0.023203,3341.0
1753600036362,07:07:16.362,bitget,ACH/USDT:USDT,0.023197,184467.0,0.023196,12785.0,0.023199,2722.0,0.023203,3341.0
1753600036512,07:07:16.512,bitget,ACH/USDT:USDT,0.023197,184467.0,0.023196,12785.0,0.023199,2722.0,0.023203,3341.0
1753600036662,07:07:16.662,bitget,ACH/USDT:USDT,0.023197,184467.0,0.023195,13380.0,0.023199,4877.0,0.023203,3514.0
1753600036812,07:07:16.812,bitget,ACH/USDT:USDT,0.023197,184467.0,0.023188,2731.0,0.023198,2788.0,0.023199,6306.0
1753600036962,07:07:16.962,bitget,ACH/USDT:USDT,0.023195,184487.0,0.023188,2731.0,0.023198,7098.0,0.023199,12393.0
1753600037112,07:07:17.112,bitget,ACH/USDT:USDT,0.023195,184487.0,0.023188,2731.0,0.023196,2788.0,0.023198,8028.0
1753600037262,07:07:17.262,bitget,ACH/USDT:USDT,0.023195,184487.0,0.023188,2731.0,0.023196,2788.0,0.023197,2408.0
1753600037412,07:07:17.412,bitget,ACH/USDT:USDT,0.023195,184487.0,0.023188,2731.0,0.023196,2788.0,0.023198,5873.0
1753600037563,07:07:17.563,bitget,ACH/USDT:USDT,0.023195,184487.0,0.023188,2731.0,0.023196,4944.0,0.023198,5873.0
1753600037713,07:07:17.713,bitget,ACH/USDT:USDT,0.023195,184487.0,0.023188,2731.0,0.023196,4944.0,0.023198,5873.0
1753600037863,07:07:17.863,bitget,ACH/USDT:USDT,0.023195,184487.0,0.023188,2731.0,0.023196,2788.0,0.023198,3718.0
1753600038013,07:07:18.013,bitget,ACH/USDT:USDT,0.023195,184487.0,0.023188,2731.0,0.023196,2788.0,0.023199,3932.0
1753600038163,07:07:18.163,bitget,ACH/USDT:USDT,0.023195,184487.0,0.023188,2731.0,0.023196,2788.0,0.023199,3932.0
1753600038313,07:07:18.313,bitget,ACH/USDT:USDT,0.023195,184487.0,0.023188,2731.0,0.023196,7100.0,0.023199,3932.0
1753600038463,07:07:18.463,bitget,ACH/USDT:USDT,0.023195,184487.0,0.023188,2731.0,0.023196,7100.0,0.023199,3932.0
1753600038613,07:07:18.613,bitget,ACH/USDT:USDT,0.023195,184487.0,0.023188,2731.0,0.023196,2788.0,0.023199,3932.0
1753600038763,07:07:18.763,bitget,ACH/USDT:USDT,0.023195,184487.0,0.023188,2731.0,0.023196,2788.0,0.023199,3932.0
1753600038913,07:07:18.913,bitget,ACH/USDT:USDT,0.023195,184487.0,0.023188,2731.0,0.023196,2788.0,0.023199,3932.0
1753600039063,07:07:19.063,bitget,ACH/USDT:USDT,0.023195,184487.0,0.023188,2731.0,0.023196,2788.0,0.023199,3932.0
1753600039214,07:07:19.214,bitget,ACH/USDT:USDT,0.023195,184487.0,0.023188,2731.0,0.023196,2788.0,0.023199,3932.0
1753600039364,07:07:19.364,bitget,ACH/USDT:USDT,0.023195,184487.0,0.023188,2731.0,0.023196,2788.0,0.023199,3932.0
1753600039514,07:07:19.514,bitget,ACH/USDT:USDT,0.023195,184487.0,0.023188,2731.0,0.023196,2788.0,0.023199,3932.0
1753600039664,07:07:19.664,bitget,ACH/USDT:USDT,0.023195,184487.0,0.023188,2731.0,0.023196,2788.0,0.023199,3932.0
1753600039814,07:07:19.814,bitget,ACH/USDT:USDT,0.023195,184487.0,0.023188,2731.0,0.023196,2788.0,0.023199,3932.0
1753600039964,07:07:19.964,bitget,ACH/USDT:USDT,0.023195,184487.0,0.023188,2731.0,0.023196,2788.0,0.023199,3932.0
1753600040114,07:07:20.114,bitget,ACH/USDT:USDT,0.023195,184487.0,0.023188,2731.0,0.023196,11412.0,0.023199,3932.0
1753600040264,07:07:20.264,bitget,ACH/USDT:USDT,0.023195,184487.0,0.023188,2731.0,0.023196,11412.0,0.023199,3932.0
1753600040414,07:07:20.414,bitget,ACH/USDT:USDT,0.023195,184487.0,0.023188,2731.0,0.023196,11412.0,0.023199,3932.0
1753600040564,07:07:20.564,bitget,ACH/USDT:USDT,0.023195,184487.0,0.023188,2731.0,0.023196,4944.0,0.023199,3932.0
1753600040714,07:07:20.714,bitget,ACH/USDT:USDT,0.023195,184487.0,0.023188,2731.0,0.023196,7100.0,0.023199,3932.0
1753600040865,07:07:20.865,bitget,ACH/USDT:USDT,0.023195,184487.0,0.023188,2731.0,0.023196,9256.0,0.023199,3932.0
1753600041015,07:07:21.015,bitget,ACH/USDT:USDT,0.023195,184487.0,0.023188,2731.0,0.023196,2788.0,0.023199,3932.0
1753600041165,07:07:21.165,bitget,ACH/USDT:USDT,0.023195,184487.0,0.023188,2731.0,0.023196,2788.0,0.023199,3932.0
1753600041315,07:07:21.315,bitget,ACH/USDT:USDT,0.023195,184487.0,0.023188,2731.0,0.023196,2788.0,0.023199,3932.0
1753600041465,07:07:21.465,bitget,ACH/USDT:USDT,0.023195,184487.0,0.023188,2731.0,0.023196,2788.0,0.023199,3932.0
1753600041615,07:07:21.615,bitget,ACH/USDT:USDT,0.023195,184487.0,0.023188,2731.0,0.023196,2788.0,0.023199,3932.0
1753600041765,07:07:21.765,bitget,ACH/USDT:USDT,0.023195,184487.0,0.023191,3932.0,0.023196,2788.0,0.023199,3932.0
1753600041915,07:07:21.915,bitget,ACH/USDT:USDT,0.023195,184487.0,0.023191,3932.0,0.023196,11412.0,0.023199,3932.0
1753600042065,07:07:22.065,bitget,ACH/USDT:USDT,0.023195,184487.0,0.023191,3932.0,0.023196,11412.0,0.023199,3932.0
1753600042215,07:07:22.215,bitget,ACH/USDT:USDT,0.023195,184487.0,0.023191,3932.0,0.023196,2788.0,0.023199,3932.0
1753600042366,07:07:22.366,bitget,ACH/USDT:USDT,0.023195,184487.0,0.023191,3932.0,0.023196,2788.0,0.023199,3932.0
1753600042516,07:07:22.516,bitget,ACH/USDT:USDT,0.023195,184487.0,0.023191,3932.0,0.023196,2788.0,0.023199,3932.0
1753600042666,07:07:22.666,bitget,ACH/USDT:USDT,0.023195,184487.0,0.023191,3932.0,0.023196,2788.0,0.023199,3932.0
1753600042816,07:07:22.816,bitget,ACH/USDT:USDT,0.023195,184487.0,0.023191,3932.0,0.023196,2788.0,0.023199,3932.0
1753600042966,07:07:22.966,bitget,ACH/USDT:USDT,0.023195,184487.0,0.023191,3932.0,0.023196,4944.0,0.023199,3932.0
1753600043116,07:07:23.116,bitget,ACH/USDT:USDT,0.023195,184487.0,0.023191,3932.0,0.023196,7065.0,0.023199,3932.0
1753600043266,07:07:23.266,bitget,ACH/USDT:USDT,0.023195,184487.0,0.023191,3932.0,0.023196,11342.0,0.023199,3932.0
1753600043416,07:07:23.416,bitget,ACH/USDT:USDT,0.023195,184487.0,0.023191,3932.0,0.023196,11342.0,0.023199,3932.0
1753600043566,07:07:23.566,bitget,ACH/USDT:USDT,0.023195,184487.0,0.023191,3932.0,0.023196,11342.0,0.023199,3932.0
1753600043716,07:07:23.716,bitget,ACH/USDT:USDT,0.023195,184487.0,0.023187,3836.0,0.023196,11342.0,0.023199,3932.0
1753600043866,07:07:23.866,bitget,ACH/USDT:USDT,0.023192,184490.0,0.023187,3836.0,0.023196,13498.0,0.023199,3932.0
1753600044016,07:07:24.016,bitget,ACH/USDT:USDT,0.023192,184490.0,0.023189,2788.0,0.023195,4049.0,0.023196,12866.0
1753600044167,07:07:24.167,bitget,ACH/USDT:USDT,0.023193,14295.0,0.023192,184490.0,0.023195,4049.0,0.023196,13726.0
1753600044317,07:07:24.317,bitget,ACH/USDT:USDT,0.023193,2788.0,0.023192,184490.0,0.023195,4049.0,0.023199,6720.0
1753600044467,07:07:24.467,bitget,ACH/USDT:USDT,0.023193,19992.0,0.023192,184490.0,0.023199,6720.0,0.0232,3932.0
1753600044617,07:07:24.617,bitget,ACH/USDT:USDT,0.023193,19992.0,0.023192,184490.0,0.023198,2788.0,0.023199,3932.0
1753600044767,07:07:24.767,bitget,ACH/USDT:USDT,0.023193,27789.0,0.023192,184490.0,0.023198,5674.0,0.023199,3932.0
1753600044917,07:07:24.917,bitget,ACH/USDT:USDT,0.023193,27789.0,0.023192,184490.0,0.023197,2788.0,0.023198,8658.0
1753600045067,07:07:25.067,bitget,ACH/USDT:USDT,0.023193,39289.0,0.023192,184490.0,0.023197,5385.0,0.023198,11544.0
1753600045217,07:07:25.217,bitget,ACH/USDT:USDT,0.023193,39289.0,0.023192,184490.0,0.023197,5385.0,0.023198,11544.0
1753600045367,07:07:25.367,bitget,ACH/USDT:USDT,0.023193,39289.0,0.023192,184490.0,0.023197,2597.0,0.023198,11544.0
1753600045517,07:07:25.517,bitget,ACH/USDT:USDT,0.023193,39289.0,0.023192,184490.0,0.023196,2788.0,0.023197,11324.0
1753600045668,07:07:25.668,bitget,ACH/USDT:USDT,0.023192,184490.0,0.023189,6624.0,0.023196,5406.0,0.023197,11324.0
1753600045818,07:07:25.818,bitget,ACH/USDT:USDT,0.023193,6620.0,0.023192,184490.0,0.023195,2788.0,0.023196,2618.0
1753600045968,07:07:25.968,bitget,ACH/USDT:USDT,0.023193,6620.0,0.023192,184490.0,0.023195,2788.0,0.023196,2618.0
1753600046118,07:07:26.118,bitget,ACH/USDT:USDT,0.023192,184490.0,0.023189,6624.0,0.023195,5617.0,0.023196,2618.0
1753600046268,07:07:26.268,bitget,ACH/USDT:USDT,0.023193,10077.0,0.023192,184490.0,0.023194,2788.0,0.023195,2829.0
1753600046418,07:07:26.418,bitget,ACH/USDT:USDT,0.023193,5483.0,0.023192,184490.0,0.023197,2597.0,0.023199,3932.0
1753600046568,07:07:26.568,bitget,ACH/USDT:USDT,0.023193,23867.0,0.023192,184490.0,0.023195,2688.0,0.023199,3932.0
1753600046718,07:07:26.718,bitget,ACH/USDT:USDT,0.023193,23867.0,0.023192,184490.0,0.023195,2688.0,0.023197,12697.0
1753600046868,07:07:26.868,bitget,ACH/USDT:USDT,0.023193,23867.0,0.023192,184490.0,0.023195,2688.0,0.023196,3809.0
1753600047018,07:07:27.018,bitget,ACH/USDT:USDT,0.023193,23867.0,0.023192,184490.0,0.023195,2688.0,0.023196,3809.0
1753600047168,07:07:27.168,bitget,ACH/USDT:USDT,0.023193,23867.0,0.023192,184490.0,0.023195,15386.0,0.023196,3809.0
1753600047319,07:07:27.319,bitget,ACH/USDT:USDT,0.023193,23867.0,0.023192,184490.0,0.023194,2688.0,0.023195,12698.0
1753600047469,07:07:27.469,bitget,ACH/USDT:USDT,0.023192,184490.0,0.02319,4672.0,0.023194,2688.0,0.023196,3809.0
1753600047619,07:07:27.619,bitget,ACH/USDT:USDT,0.023192,184490.0,0.02319,4672.0,0.023194,2688.0,0.023199,3932.0
1753600047769,07:07:27.769,bitget,ACH/USDT:USDT,0.023192,184490.0,0.02319,4672.0,0.023194,9156.0,0.023199,3932.0
1753600047919,07:07:27.919,bitget,ACH/USDT:USDT,0.023192,184490.0,0.02319,4672.0,0.023193,2688.0,0.023194,15134.0
1753600048069,07:07:28.069,bitget,ACH/USDT:USDT,0.023192,184490.0,0.02319,4672.0,0.023193,2688.0,0.023199,3932.0
1753600048219,07:07:28.219,bitget,ACH/USDT:USDT,0.023192,184490.0,0.02319,4672.0,0.023193,2688.0,0.023199,3932.0
1753600048369,07:07:28.369,bitget,ACH/USDT:USDT,0.023192,184490.0,0.02319,4672.0,0.023193,2688.0,0.023199,3932.0
1753600048519,07:07:28.519,bitget,ACH/USDT:USDT,0.023192,184490.0,0.02319,4672.0,0.023193,2688.0,0.023199,3932.0
1753600048669,07:07:28.669,bitget,ACH/USDT:USDT,0.023192,184490.0,0.02319,4672.0,0.023193,2688.0,0.023199,3932.0
1753600048819,07:07:28.819,bitget,ACH/USDT:USDT,0.023192,184490.0,0.02319,4672.0,0.023199,3932.0,0.0232,20208.0
1753600048969,07:07:28.969,bitget,ACH/USDT:USDT,0.023192,184490.0,0.02319,4672.0,0.023197,2688.0,0.023199,23211.0
1753600049120,07:07:29.120,bitget,ACH/USDT:USDT,0.023192,184490.0,0.02319,4672.0,0.023197,2688.0,0.023198,6963.0
1753600049270,07:07:29.270,bitget,ACH/USDT:USDT,0.023192,184490.0,0.02319,4672.0,0.023197,2688.0,0.023198,17660.0
1753600049420,07:07:29.420,bitget,ACH/USDT:USDT,0.023192,184490.0,0.02319,4672.0,0.023197,2688.0,0.023198,17660.0
1753600049570,07:07:29.570,bitget,ACH/USDT:USDT,0.023192,184490.0,0.02319,4672.0,0.023197,2688.0,0.023198,17660.0
1753600049720,07:07:29.720,bitget,ACH/USDT:USDT,0.023192,184490.0,0.02319,4672.0,0.023197,2688.0,0.023198,17660.0
1753600049870,07:07:29.870,bitget,ACH/USDT:USDT,0.023192,184490.0,0.02319,4672.0,0.023197,2688.0,0.023198,17660.0
1753600050020,07:07:30.020,bitget,ACH/USDT:USDT,0.023192,184490.0,0.02319,4672.0,0.023197,2688.0,0.023198,17660.0
1753600050170,07:07:30.170,bitget,ACH/USDT:USDT,0.023192,184490.0,0.02319,4672.0,0.023197,2688.0,0.023198,17660.0
1753600050320,07:07:30.320,bitget,ACH/USDT:USDT,0.023192,184490.0,0.023189,2788.0,0.023197,25586.0,0.023198,17660.0
1753600050470,07:07:30.470,bitget,ACH/USDT:USDT,0.023192,184490.0,0.023189,2788.0,0.023195,2688.0,0.023196,7676.0
1753600050621,07:07:30.621,bitget,ACH/USDT:USDT,0.023192,184490.0,0.023189,2788.0,0.023195,2688.0,0.023196,7676.0
1753600050771,07:07:30.771,bitget,ACH/USDT:USDT,0.023192,184490.0,0.023189,2788.0,0.023195,2688.0,0.023196,7676.0
1753600050921,07:07:30.921,bitget,ACH/USDT:USDT,0.023192,184490.0,0.023189,2788.0,0.023195,2688.0,0.023196,7676.0
1753600051071,07:07:31.071,bitget,ACH/USDT:USDT,0.023192,184490.0,0.023189,2788.0,0.023195,28975.0,0.023196,7676.0
1753600051221,07:07:31.221,bitget,ACH/USDT:USDT,0.023192,184490.0,0.023189,2788.0,0.023194,11381.0,0.023195,26287.0
1753600051371,07:07:31.371,bitget,ACH/USDT:USDT,0.023192,184490.0,0.023189,2788.0,0.023194,11381.0,0.023196,7676.0
1753600051521,07:07:31.521,bitget,ACH/USDT:USDT,0.023192,184490.0,0.023189,2788.0,0.023194,61712.0,0.023198,6963.0
1753600051671,07:07:31.671,bitget,ACH/USDT:USDT,0.023192,184490.0,0.023189,2788.0,0.023194,87997.0,0.023199,3932.0
1753600051821,07:07:31.821,bitget,ACH/USDT:USDT,0.023192,184490.0,0.023189,2788.0,0.023194,85309.0,0.023199,3932.0
1753600051971,07:07:31.971,bitget,ACH/USDT:USDT,0.023192,184490.0,0.023189,2788.0,0.023194,85309.0,0.023197,2688.0
1753600052121,07:07:32.121,bitget,ACH/USDT:USDT,0.023192,184490.0,0.023189,2788.0,0.023194,111594.0,0.023197,2688.0
1753600052272,07:07:32.272,bitget,ACH/USDT:USDT,0.023192,184490.0,0.023189,2788.0,0.023194,111594.0,0.023197,2688.0
1753600052422,07:07:32.422,bitget,ACH/USDT:USDT,0.023192,184490.0,0.023189,2788.0,0.023194,111594.0,0.023197,2688.0
1753600052572,07:07:32.572,bitget,ACH/USDT:USDT,0.023192,184490.0,0.023189,2788.0,0.023194,111594.0,0.023197,2688.0
1753600052722,07:07:32.722,bitget,ACH/USDT:USDT,0.023192,184490.0,0.023189,2788.0,0.023194,111594.0,0.023197,2688.0
1753600052872,07:07:32.872,bitget,ACH/USDT:USDT,0.023192,184490.0,0.023189,2788.0,0.023194,111594.0,0.023197,2688.0
1753600053022,07:07:33.022,bitget,ACH/USDT:USDT,0.023192,184490.0,0.023189,2788.0,0.023194,111594.0,0.023197,2688.0
1753600053172,07:07:33.172,bitget,ACH/USDT:USDT,0.023192,184490.0,0.023189,2788.0,0.023194,111594.0,0.023197,2688.0
1753600053322,07:07:33.322,bitget,ACH/USDT:USDT,0.023192,184490.0,0.023189,2788.0,0.023194,105140.0,0.023197,2688.0
1753600053472,07:07:33.472,bitget,ACH/USDT:USDT,0.023192,184490.0,0.023189,2788.0,0.023194,105140.0,0.023197,2688.0
1753600053622,07:07:33.622,bitget,ACH/USDT:USDT,0.023192,184490.0,0.023189,2788.0,0.023194,105140.0,0.023199,3932.0
1753600053772,07:07:33.772,bitget,ACH/USDT:USDT,0.023193,2688.0,0.023192,184490.0,0.023194,105140.0,0.023197,2688.0
1753600053923,07:07:33.923,bitget,ACH/USDT:USDT,0.023193,2688.0,0.023192,184490.0,0.023194,105140.0,0.023199,3932.0
1753600054073,07:07:34.073,bitget,ACH/USDT:USDT,0.023193,2688.0,0.023192,184490.0,0.023194,105140.0,0.023197,2688.0
1753600054223,07:07:34.223,bitget,ACH/USDT:USDT,0.023193,2688.0,0.023192,184490.0,0.023194,105140.0,0.023197,2688.0
1753600054373,07:07:34.373,bitget,ACH/USDT:USDT,0.023193,2688.0,0.023192,184490.0,0.023194,105140.0,0.023197,2688.0
1753600054523,07:07:34.523,bitget,ACH/USDT:USDT,0.023193,2688.0,0.023192,184490.0,0.023194,105140.0,0.023197,2688.0
1753600054673,07:07:34.673,bitget,ACH/USDT:USDT,0.023193,2688.0,0.023192,184490.0,0.023194,105140.0,0.023197,2688.0
1753600054823,07:07:34.823,bitget,ACH/USDT:USDT,0.023193,2688.0,0.023192,184490.0,0.023194,105140.0,0.023197,2688.0
1753600054973,07:07:34.973,bitget,ACH/USDT:USDT,0.023193,2688.0,0.023192,184490.0,0.023194,105140.0,0.023197,2688.0
1753600055123,07:07:35.123,bitget,ACH/USDT:USDT,0.023193,2688.0,0.023192,184490.0,0.023194,105140.0,0.023197,2688.0
1753600055273,07:07:35.273,bitget,ACH/USDT:USDT,0.023193,2688.0,0.023192,184490.0,0.023194,105140.0,0.023197,2688.0
1753600055424,07:07:35.424,bitget,ACH/USDT:USDT,0.023193,2688.0,0.023192,184490.0,0.023194,105140.0,0.023197,2688.0
1753600055574,07:07:35.574,bitget,ACH/USDT:USDT,0.023193,2688.0,0.023192,184490.0,0.023194,105140.0,0.023197,2688.0
1753600055724,07:07:35.724,bitget,ACH/USDT:USDT,0.023193,2688.0,0.023192,184490.0,0.023194,105140.0,0.023199,3932.0
1753600055874,07:07:35.874,bitget,ACH/USDT:USDT,0.023193,2688.0,0.023192,184490.0,0.023194,105140.0,0.023199,3932.0
1753600056024,07:07:36.024,bitget,ACH/USDT:USDT,0.023193,2688.0,0.023192,184490.0,0.023194,105140.0,0.023199,3932.0
1753600056174,07:07:36.174,bitget,ACH/USDT:USDT,0.023193,2688.0,0.023192,184490.0,0.023194,105140.0,0.023199,3932.0
1753600056324,07:07:36.324,bitget,ACH/USDT:USDT,0.023193,2688.0,0.023192,184490.0,0.023194,105140.0,0.023199,3932.0
1753600056474,07:07:36.474,bitget,ACH/USDT:USDT,0.023193,2688.0,0.023192,184490.0,0.023194,105140.0,0.023199,3932.0
1753600056624,07:07:36.624,bitget,ACH/USDT:USDT,0.023193,2688.0,0.023192,184490.0,0.023194,105140.0,0.023199,3932.0
1753600056774,07:07:36.774,bitget,ACH/USDT:USDT,0.023193,2688.0,0.023192,184490.0,0.023194,105140.0,0.023199,3932.0
1753600056924,07:07:36.924,bitget,ACH/USDT:USDT,0.023193,2688.0,0.023192,184490.0,0.023194,105140.0,0.023197,2751.0
1753600057075,07:07:37.075,bitget,ACH/USDT:USDT,0.023193,2688.0,0.023192,184490.0,0.023194,105140.0,0.023197,2751.0
1753600057225,07:07:37.225,bitget,ACH/USDT:USDT,0.023193,2688.0,0.023192,184490.0,0.023194,105140.0,0.023199,3932.0
1753600057375,07:07:37.375,bitget,ACH/USDT:USDT,0.023194,31812.0,0.023193,51219.0,0.0232,19399.0,0.023203,1177.0
1753600057525,07:07:37.525,bitget,ACH/USDT:USDT,0.023196,2751.0,0.023195,7083.0,0.023205,7425.0,0.023206,2751.0
1753600057675,07:07:37.675,bitget,ACH/USDT:USDT,0.023196,2751.0,0.023195,7083.0,0.023208,28513.0,0.023209,2722.0
1753600057825,07:07:37.825,bitget,ACH/USDT:USDT,0.023196,2751.0,0.023195,12494.0,0.023204,2751.0,0.023208,28513.0
1753600057975,07:07:37.975,bitget,ACH/USDT:USDT,0.023196,2751.0,0.023195,12494.0,0.023204,2751.0,0.023208,28513.0
1753600058125,07:07:38.125,bitget,ACH/USDT:USDT,0.023196,2751.0,0.023195,12494.0,0.023204,2751.0,0.023208,28513.0
1753600058275,07:07:38.275,bitget,ACH/USDT:USDT,0.023197,184478.0,0.023196,2751.0,0.023204,2751.0,0.023208,28513.0
1753600058425,07:07:38.425,bitget,ACH/USDT:USDT,0.023197,184478.0,0.023196,2751.0,0.023204,2751.0,0.023207,46689.0
1753600058575,07:07:38.575,bitget,ACH/USDT:USDT,0.023197,184478.0,0.023196,2751.0,0.023204,2751.0,0.023206,14007.0
1753600058726,07:07:38.726,bitget,ACH/USDT:USDT,0.023197,184478.0,0.023196,2751.0,0.023204,24302.0,0.023206,17938.0
1753600058876,07:07:38.876,bitget,ACH/USDT:USDT,0.023197,184478.0,0.023196,2751.0,0.023202,2751.0,0.023203,7291.0
1753600059026,07:07:39.026,bitget,ACH/USDT:USDT,0.023197,184478.0,0.023196,2751.0,0.023202,2751.0,0.023205,2751.0
1753600059176,07:07:39.176,bitget,ACH/USDT:USDT,0.023197,184478.0,0.023196,2751.0,0.023202,7318.0,0.023205,2751.0
1753600059326,07:07:39.326,bitget,ACH/USDT:USDT,0.023197,184478.0,0.023196,2751.0,0.0232,2751.0,0.023201,2195.0
1753600059476,07:07:39.476,bitget,ACH/USDT:USDT,0.023197,184478.0,0.023196,2751.0,0.0232,2751.0,0.023201,11580.0
1753600059626,07:07:39.626,bitget,ACH/USDT:USDT,0.023197,184478.0,0.023196,2751.0,0.0232,4906.0,0.023201,11580.0
1753600059776,07:07:39.776,bitget,ACH/USDT:USDT,0.023197,184478.0,0.023196,2751.0,0.0232,2751.0,0.023202,3931.0
1753600059926,07:07:39.926,bitget,ACH/USDT:USDT,0.023197,184478.0,0.023196,2751.0,0.0232,2751.0,0.023202,3931.0
1753600060076,07:07:40.076,bitget,ACH/USDT:USDT,0.023197,184478.0,0.023196,2751.0,0.0232,2751.0,0.023202,3931.0
1753600060226,07:07:40.226,bitget,ACH/USDT:USDT,0.023197,184478.0,0.023196,2751.0,0.0232,2751.0,0.023202,3931.0
1753600060377,07:07:40.377,bitget,ACH/USDT:USDT,0.023197,184478.0,0.023196,2751.0,0.0232,2751.0,0.023202,3931.0
1753600060527,07:07:40.527,bitget,ACH/USDT:USDT,0.023197,184478.0,0.023196,2751.0,0.0232,2751.0,0.023205,2751.0
1753600060677,07:07:40.677,bitget,ACH/USDT:USDT,0.023197,184478.0,0.023196,2751.0,0.023205,2751.0,0.023206,14007.0
1753600060827,07:07:40.827,bitget,ACH/USDT:USDT,0.023197,184478.0,0.023196,2751.0,0.023205,2751.0,0.023206,17938.0
1753600060977,07:07:40.977,bitget,ACH/USDT:USDT,0.023197,184478.0,0.023196,2751.0,0.023205,4906.0,0.023206,17938.0
1753600061127,07:07:41.127,bitget,ACH/USDT:USDT,0.023197,184478.0,0.023196,2751.0,0.023203,2751.0,0.023205,2155.0
1753600061277,07:07:41.277,bitget,ACH/USDT:USDT,0.023197,184478.0,0.023196,2751.0,0.023203,2751.0,0.023205,4310.0
1753600061427,07:07:41.427,bitget,ACH/USDT:USDT,0.023198,2751.0,0.023197,184478.0,0.023202,2751.0,0.023203,4310.0
1753600061577,07:07:41.577,bitget,ACH/USDT:USDT,0.023198,2751.0,0.023197,184478.0,0.023202,2751.0,0.023203,4310.0
1753600061728,07:07:41.728,bitget,ACH/USDT:USDT,0.023198,2751.0,0.023197,184478.0,0.023202,2751.0,0.023203,4310.0
1753600061878,07:07:41.878,bitget,ACH/USDT:USDT,0.023198,2751.0,0.023197,184478.0,0.023202,2751.0,0.023203,4310.0
1753600062028,07:07:42.028,bitget,ACH/USDT:USDT,0.023198,2751.0,0.023197,184478.0,0.023202,2751.0,0.023203,4310.0
1753600062178,07:07:42.178,bitget,ACH/USDT:USDT,0.023198,2751.0,0.023197,184478.0,0.023202,2751.0,0.023203,4310.0
1753600062328,07:07:42.328,bitget,ACH/USDT:USDT,0.023197,184478.0,0.023194,18117.0,0.023202,2751.0,0.023203,4310.0
1753600062478,07:07:42.478,bitget,ACH/USDT:USDT,0.023197,184478.0,0.023194,18117.0,0.023202,2751.0,0.023203,4310.0
1753600062628,07:07:42.628,bitget,ACH/USDT:USDT,0.023197,184478.0,0.023194,18117.0,0.023202,2751.0,0.023203,4310.0
1753600062778,07:07:42.778,bitget,ACH/USDT:USDT,0.023197,184478.0,0.023194,18117.0,0.023202,2751.0,0.023203,4310.0
1753600062928,07:07:42.928,bitget,ACH/USDT:USDT,0.023197,184478.0,0.023194,18117.0,0.023202,2751.0,0.023203,4310.0
1753600063078,07:07:43.078,bitget,ACH/USDT:USDT,0.023197,184478.0,0.023194,18117.0,0.023202,2751.0,0.023203,4310.0
1753600063228,07:07:43.228,bitget,ACH/USDT:USDT,0.023197,184478.0,0.023194,18117.0,0.023202,2751.0,0.023203,4310.0
1753600063378,07:07:43.378,bitget,ACH/USDT:USDT,0.023198,2751.0,0.023197,184478.0,0.023202,2751.0,0.023203,4310.0
1753600063529,07:07:43.529,bitget,ACH/USDT:USDT,0.023198,2751.0,0.023197,184478.0,0.023202,2751.0,0.023203,4310.0
1753600063679,07:07:43.679,bitget,ACH/USDT:USDT,0.023198,2751.0,0.023197,184478.0,0.023202,2751.0,0.023203,4310.0
1753600063829,07:07:43.829,bitget,ACH/USDT:USDT,0.023198,2751.0,0.023197,184478.0,0.023202,2751.0,0.023203,4310.0
1753600063979,07:07:43.979,bitget,ACH/USDT:USDT,0.023198,2751.0,0.023197,184478.0,0.023202,2751.0,0.023203,4310.0
1753600064129,07:07:44.129,bitget,ACH/USDT:USDT,0.023198,2751.0,0.023197,184478.0,0.023202,4906.0,0.023203,4310.0
1753600064279,07:07:44.279,bitget,ACH/USDT:USDT,0.023198,2751.0,0.023197,184478.0,0.023202,4906.0,0.023203,4310.0
1753600064429,07:07:44.429,bitget,ACH/USDT:USDT,0.023198,2751.0,0.023197,184478.0,0.023202,7061.0,0.023203,4310.0
1753600064579,07:07:44.579,bitget,ACH/USDT:USDT,0.023198,2751.0,0.023197,184478.0,0.023201,2765.0,0.023202,9216.0
1753600064729,07:07:44.729,bitget,ACH/USDT:USDT,0.023198,2751.0,0.023197,184478.0,0.023201,2765.0,0.023202,9216.0
1753600064879,07:07:44.879,bitget,ACH/USDT:USDT,0.023198,2751.0,0.023197,184478.0,0.023201,2765.0,0.023202,9216.0
1753600065030,07:07:45.030,bitget,ACH/USDT:USDT,0.023198,2751.0,0.023197,184478.0,0.023201,4920.0,0.023202,7061.0
1753600065180,07:07:45.180,bitget,ACH/USDT:USDT,0.023198,2751.0,0.023197,184478.0,0.023201,4920.0,0.023202,7061.0
1753600065330,07:07:45.330,bitget,ACH/USDT:USDT,0.023198,2751.0,0.023197,184478.0,0.023201,4920.0,0.023202,7061.0
1753600065480,07:07:45.480,bitget,ACH/USDT:USDT,0.023198,2751.0,0.023197,184478.0,0.023201,4920.0,0.023202,7061.0
1753600065630,07:07:45.630,bitget,ACH/USDT:USDT,0.023198,2751.0,0.023197,184478.0,0.023201,4920.0,0.023202,7061.0
1753600065780,07:07:45.780,bitget,ACH/USDT:USDT,0.023198,2751.0,0.023197,184478.0,0.023201,4920.0,0.023202,7061.0
1753600065930,07:07:45.930,bitget,ACH/USDT:USDT,0.023198,2751.0,0.023197,184478.0,0.023201,4920.0,0.023202,7061.0
1753600066080,07:07:46.080,bitget,ACH/USDT:USDT,0.023198,2751.0,0.023197,184478.0,0.023201,4920.0,0.023202,7061.0
1753600066230,07:07:46.230,bitget,ACH/USDT:USDT,0.023198,2751.0,0.023197,184478.0,0.023201,7075.0,0.023202,7061.0
1753600066380,07:07:46.380,bitget,ACH/USDT:USDT,0.023198,2751.0,0.023197,184478.0,0.023201,7075.0,0.023202,7061.0
1753600066530,07:07:46.530,bitget,ACH/USDT:USDT,0.023198,2751.0,0.023197,184478.0,0.023201,7075.0,0.023202,7061.0
1753600066681,07:07:46.681,bitget,ACH/USDT:USDT,0.023198,2751.0,0.023197,184478.0,0.023201,7075.0,0.023202,7061.0
1753600066831,07:07:46.831,bitget,ACH/USDT:USDT,0.023198,2751.0,0.023197,184478.0,0.023201,7075.0,0.023202,7061.0
1753600066981,07:07:46.981,bitget,ACH/USDT:USDT,0.023198,2751.0,0.023197,184478.0,0.023201,7075.0,0.023202,7061.0
1753600067131,07:07:47.131,bitget,ACH/USDT:USDT,0.023197,184478.0,0.023194,18117.0,0.023201,7075.0,0.023202,7061.0
1753600067281,07:07:47.281,bitget,ACH/USDT:USDT,0.023197,184478.0,0.023194,18117.0,0.023201,9837.0,0.023202,4310.0
1753600067431,07:07:47.431,bitget,ACH/USDT:USDT,0.023198,2762.0,0.023197,184478.0,0.023201,7072.0,0.023202,4310.0
1753600067581,07:07:47.581,bitget,ACH/USDT:USDT,0.023198,2762.0,0.023197,184478.0,0.023201,7072.0,0.023202,4310.0
1753600067731,07:07:47.731,bitget,ACH/USDT:USDT,0.023197,184427.0,0.023193,47287.0,0.0232,2762.0,0.023201,3088.0
1753600067881,07:07:47.881,bitget,ACH/USDT:USDT,0.023197,184427.0,0.023194,14186.0,0.0232,2762.0,0.023201,3088.0
1753600068031,07:07:48.031,bitget,ACH/USDT:USDT,0.023197,184427.0,0.023194,14186.0,0.0232,2762.0,0.023201,3088.0
1753600068182,07:07:48.182,bitget,ACH/USDT:USDT,0.023197,184427.0,0.023194,14186.0,0.0232,2762.0,0.023201,3088.0
1753600068332,07:07:48.332,bitget,ACH/USDT:USDT,0.023197,184427.0,0.023194,14186.0,0.0232,2762.0,0.023201,3088.0
1753600068482,07:07:48.482,bitget,ACH/USDT:USDT,0.023197,184427.0,0.023194,14186.0,0.0232,2762.0,0.023201,3088.0
1753600068632,07:07:48.632,bitget,ACH/USDT:USDT,0.023197,184427.0,0.023194,14186.0,0.0232,2762.0,0.023201,3088.0
1753600068782,07:07:48.782,bitget,ACH/USDT:USDT,0.023197,184427.0,0.023194,14186.0,0.0232,2762.0,0.023201,3088.0
1753600068932,07:07:48.932,bitget,ACH/USDT:USDT,0.023197,184427.0,0.023194,14186.0,0.0232,2762.0,0.023201,3088.0
1753600069082,07:07:49.082,bitget,ACH/USDT:USDT,0.023197,184427.0,0.023194,14186.0,0.0232,2762.0,0.023201,3088.0
1753600069232,07:07:49.232,bitget,ACH/USDT:USDT,0.023197,184427.0,0.023194,14186.0,0.0232,2762.0,0.023201,3088.0
1753600069382,07:07:49.382,bitget,ACH/USDT:USDT,0.023197,184427.0,0.023194,14186.0,0.0232,2762.0,0.023201,3088.0
1753600069532,07:07:49.532,bitget,ACH/USDT:USDT,0.023197,184427.0,0.023194,14186.0,0.0232,2762.0,0.023201,3088.0
1753600069682,07:07:49.682,bitget,ACH/USDT:USDT,0.023197,184427.0,0.023194,14186.0,0.0232,2762.0,0.023201,3088.0
1753600069832,07:07:49.832,bitget,ACH/USDT:USDT,0.023197,184427.0,0.023194,14186.0,0.0232,2762.0,0.023201,3088.0
1753600069983,07:07:49.983,bitget,ACH/USDT:USDT,0.023197,184427.0,0.023194,14186.0,0.0232,2762.0,0.023201,3088.0
1753600070133,07:07:50.133,bitget,ACH/USDT:USDT,0.023197,184427.0,0.023194,14186.0,0.0232,2762.0,0.023201,3088.0
1753600070283,07:07:50.283,bitget,ACH/USDT:USDT,0.023195,184422.0,0.023194,14186.0,0.0232,2762.0,0.023201,3088.0
1753600070433,07:07:50.433,bitget,ACH/USDT:USDT,0.023195,184422.0,0.023194,14186.0,0.0232,2762.0,0.023201,3088.0
1753600070583,07:07:50.583,bitget,ACH/USDT:USDT,0.023195,184422.0,0.023194,14186.0,0.0232,2762.0,0.023201,3088.0
1753600070733,07:07:50.733,bitget,ACH/USDT:USDT,0.023195,184422.0,0.023194,14186.0,0.0232,2762.0,0.023201,3088.0
1753600070883,07:07:50.883,bitget,ACH/USDT:USDT,0.023195,184422.0,0.023194,14186.0,0.0232,2762.0,0.023201,3088.0
1753600071033,07:07:51.033,bitget,ACH/USDT:USDT,0.023195,184422.0,0.023194,14186.0,0.0232,2762.0,0.023201,3088.0
1753600071183,07:07:51.183,bitget,ACH/USDT:USDT,0.023195,184422.0,0.023194,14186.0,0.0232,2762.0,0.023201,3088.0
1753600071333,07:07:51.333,bitget,ACH/USDT:USDT,0.023195,184422.0,0.023194,14186.0,0.0232,2762.0,0.023201,3088.0
1753600071484,07:07:51.484,bitget,ACH/USDT:USDT,0.023196,2762.0,0.023195,184422.0,0.0232,5850.0,0.023201,4775.0
1753600071634,07:07:51.634,bitget,ACH/USDT:USDT,0.023195,184422.0,0.023194,14186.0,0.023199,2762.0,0.0232,3088.0
1753600071784,07:07:51.784,bitget,ACH/USDT:USDT,0.023195,184422.0,0.023194,14186.0,0.023199,2762.0,0.0232,3088.0
1753600071934,07:07:51.934,bitget,ACH/USDT:USDT,0.023195,184422.0,0.023194,14186.0,0.023199,2762.0,0.0232,3088.0
1753600072084,07:07:52.084,bitget,ACH/USDT:USDT,0.023195,184422.0,0.023194,14186.0,0.023199,2762.0,0.0232,3088.0
1753600072234,07:07:52.234,bitget,ACH/USDT:USDT,0.023195,184422.0,0.023194,14186.0,0.023199,2762.0,0.0232,3088.0
1753600072384,07:07:52.384,bitget,ACH/USDT:USDT,0.023195,184422.0,0.023194,14186.0,0.023199,2762.0,0.0232,3088.0
1753600072534,07:07:52.534,bitget,ACH/USDT:USDT,0.023195,184422.0,0.023194,14186.0,0.023199,2762.0,0.0232,3088.0
1753600072684,07:07:52.684,bitget,ACH/USDT:USDT,0.023195,184422.0,0.023194,14186.0,0.023199,2762.0,0.0232,3088.0
1753600072835,07:07:52.835,bitget,ACH/USDT:USDT,0.023195,184422.0,0.023194,14186.0,0.023199,2762.0,0.0232,3088.0
1753600072985,07:07:52.985,bitget,ACH/USDT:USDT,0.023195,184422.0,0.023194,14186.0,0.023199,2762.0,0.0232,3088.0
1753600073135,07:07:53.135,bitget,ACH/USDT:USDT,0.023195,184422.0,0.023194,14186.0,0.023199,2762.0,0.0232,3088.0
1753600073285,07:07:53.285,bitget,ACH/USDT:USDT,0.023195,184422.0,0.023194,14186.0,0.023199,2762.0,0.0232,3088.0
1753600073435,07:07:53.435,bitget,ACH/USDT:USDT,0.023195,184422.0,0.023194,14186.0,0.023199,2762.0,0.0232,3088.0
1753600073585,07:07:53.585,bitget,ACH/USDT:USDT,0.023195,184422.0,0.023194,14186.0,0.023199,2762.0,0.0232,3088.0
1753600073735,07:07:53.735,bitget,ACH/USDT:USDT,0.023195,184422.0,0.023194,14186.0,0.023199,2762.0,0.0232,3088.0
1753600073885,07:07:53.885,bitget,ACH/USDT:USDT,0.023195,184422.0,0.023194,14186.0,0.023199,2762.0,0.0232,3088.0
1753600074035,07:07:54.035,bitget,ACH/USDT:USDT,0.023195,184422.0,0.023194,14186.0,0.023199,2762.0,0.0232,3088.0
1753600074185,07:07:54.185,bitget,ACH/USDT:USDT,0.023195,184422.0,0.023194,14186.0,0.023199,2762.0,0.0232,3088.0
1753600074335,07:07:54.335,bitget,ACH/USDT:USDT,0.023195,184422.0,0.023194,14186.0,0.023199,2762.0,0.0232,3088.0
1753600074485,07:07:54.485,bitget,ACH/USDT:USDT,0.023195,184422.0,0.023194,14186.0,0.023199,2762.0,0.0232,3088.0
1753600074635,07:07:54.635,bitget,ACH/USDT:USDT,0.023195,184422.0,0.023194,14186.0,0.023199,2762.0,0.0232,3088.0
1753600074786,07:07:54.786,bitget,ACH/USDT:USDT,0.023195,184422.0,0.023194,14186.0,0.023199,2762.0,0.0232,3088.0
1753600074936,07:07:54.936,bitget,ACH/USDT:USDT,0.023195,184422.0,0.023194,14186.0,0.023199,2762.0,0.0232,3088.0
1753600075086,07:07:55.086,bitget,ACH/USDT:USDT,0.023195,184422.0,0.023194,14186.0,0.023199,2762.0,0.0232,3088.0
1753600075236,07:07:55.236,bitget,ACH/USDT:USDT,0.023195,184422.0,0.023194,14186.0,0.023199,2762.0,0.0232,3088.0
1753600075386,07:07:55.386,bitget,ACH/USDT:USDT,0.023195,184422.0,0.023194,14186.0,0.023199,2762.0,0.0232,3088.0
1753600075536,07:07:55.536,bitget,ACH/USDT:USDT,0.023195,184422.0,0.023194,14186.0,0.023197,2762.0,0.023199,24109.0
1753600075686,07:07:55.686,bitget,ACH/USDT:USDT,0.023195,184422.0,0.023194,14186.0,0.023197,2762.0,0.023198,7233.0
1753600075836,07:07:55.836,bitget,ACH/USDT:USDT,0.023195,184422.0,0.023194,14186.0,0.023197,2762.0,0.023198,7233.0
1753600075986,07:07:55.986,bitget,ACH/USDT:USDT,0.023195,184422.0,0.023194,14186.0,0.023197,2762.0,0.023198,7233.0
1753600076136,07:07:56.136,bitget,ACH/USDT:USDT,0.023195,184422.0,0.023194,14186.0,0.023197,2762.0,0.023198,7233.0
1753600076287,07:07:56.287,bitget,ACH/USDT:USDT,0.023195,184422.0,0.023194,14186.0,0.023197,15679.0,0.023198,7233.0
1753600076437,07:07:56.437,bitget,ACH/USDT:USDT,0.023195,184422.0,0.023194,14186.0,0.023196,2762.0,0.023197,24299.0
1753600076587,07:07:56.587,bitget,ACH/USDT:USDT,0.023195,184422.0,0.023194,14186.0,0.023196,2762.0,0.023198,7233.0
1753600076737,07:07:56.737,bitget,ACH/USDT:USDT,0.023195,149782.0,0.023189,2788.0,0.023196,5850.0,0.023197,4776.0
1753600076887,07:07:56.887,bitget,ACH/USDT:USDT,0.023195,111094.0,0.023189,2788.0,0.023196,21295.0,0.023197,4776.0
1753600077037,07:07:57.037,bitget,ACH/USDT:USDT,0.023184,47372.0,0.023181,2722.0,0.023196,30168.0,0.023197,4776.0
1753600077187,07:07:57.187,bitget,ACH/USDT:USDT,0.023186,2786.0,0.023185,198616.0,0.023194,2786.0,0.023195,9050.0
1753600077337,07:07:57.337,bitget,ACH/USDT:USDT,0.023186,62371.0,0.023185,198616.0,0.023194,2786.0,0.023195,4974.0
1753600077487,07:07:57.487,bitget,ACH/USDT:USDT,0.023187,2786.0,0.023186,59585.0,0.023192,2786.0,0.023193,3423.0
1753600077637,07:07:57.637,bitget,ACH/USDT:USDT,0.023187,2786.0,0.023186,59585.0,0.023192,5874.0,0.023193,8201.0
1753600077787,07:07:57.787,bitget,ACH/USDT:USDT,0.023187,2786.0,0.023186,59585.0,0.023191,2786.0,0.023192,3088.0
1753600077938,07:07:57.938,bitget,ACH/USDT:USDT,0.023187,2786.0,0.023186,59585.0,0.023191,2786.0,0.023192,3088.0
1753600078088,07:07:58.088,bitget,ACH/USDT:USDT,0.023187,2786.0,0.023186,59585.0,0.023191,12425.0,0.023192,3088.0
1753600078238,07:07:58.238,bitget,ACH/USDT:USDT,0.023187,2786.0,0.023186,59585.0,0.023191,15638.0,0.023192,3088.0
1753600078388,07:07:58.388,bitget,ACH/USDT:USDT,0.023186,59585.0,0.023185,198616.0,0.02319,2786.0,0.023191,12852.0
1753600078538,07:07:58.538,bitget,ACH/USDT:USDT,0.023186,59585.0,0.023185,198616.0,0.02319,2786.0,0.023191,12852.0
1753600078688,07:07:58.688,bitget,ACH/USDT:USDT,0.023186,59585.0,0.023185,198616.0,0.02319,6059.0,0.023191,12852.0
1753600078838,07:07:58.838,bitget,ACH/USDT:USDT,0.023187,2786.0,0.023186,59585.0,0.02319,6059.0,0.023191,12852.0
1753600078988,07:07:58.988,bitget,ACH/USDT:USDT,0.023187,2786.0,0.023186,59585.0,0.02319,6059.0,0.023191,12852.0
1753600079138,07:07:59.138,bitget,ACH/USDT:USDT,0.023187,2786.0,0.023186,59585.0,0.02319,6059.0,0.023191,12852.0
1753600079288,07:07:59.288,bitget,ACH/USDT:USDT,0.023187,2786.0,0.023186,59585.0,0.02319,6059.0,0.023191,12852.0
1753600079438,07:07:59.438,bitget,ACH/USDT:USDT,0.023187,2786.0,0.023186,59585.0,0.02319,6059.0,0.023191,12852.0
1753600079589,07:07:59.589,bitget,ACH/USDT:USDT,0.023187,2786.0,0.023186,59585.0,0.02319,6059.0,0.023191,12852.0
1753600079739,07:07:59.739,bitget,ACH/USDT:USDT,0.023187,2786.0,0.023186,59585.0,0.02319,6059.0,0.023191,12852.0
1753600079889,07:07:59.889,bitget,ACH/USDT:USDT,0.023187,2786.0,0.023186,59585.0,0.02319,6059.0,0.023191,12852.0
1753600080039,07:08:00.039,bitget,ACH/USDT:USDT,0.023187,2786.0,0.023186,59585.0,0.02319,6059.0,0.023191,12852.0
1753600080189,07:08:00.189,bitget,ACH/USDT:USDT,0.023187,2786.0,0.023186,59585.0,0.02319,3273.0,0.023191,12852.0
1753600080339,07:08:00.339,bitget,ACH/USDT:USDT,0.023187,2786.0,0.023186,59585.0,0.02319,6059.0,0.023191,12852.0
1753600080489,07:08:00.489,bitget,ACH/USDT:USDT,0.023187,2786.0,0.023186,59585.0,0.02319,6059.0,0.023191,12852.0
1753600080639,07:08:00.639,bitget,ACH/USDT:USDT,0.023187,2786.0,0.023186,59585.0,0.02319,6059.0,0.023191,12852.0
1753600080789,07:08:00.789,bitget,ACH/USDT:USDT,0.023187,2786.0,0.023186,59585.0,0.02319,6059.0,0.023191,12852.0
1753600080939,07:08:00.939,bitget,ACH/USDT:USDT,0.023187,2786.0,0.023186,59585.0,0.02319,3273.0,0.023191,12852.0
1753600081089,07:08:01.089,bitget,ACH/USDT:USDT,0.023187,2786.0,0.023186,59585.0,0.02319,3273.0,0.023191,12852.0
1753600081240,07:08:01.240,bitget,ACH/USDT:USDT,0.023187,2786.0,0.023186,59585.0,0.02319,3273.0,0.023191,12852.0
1753600081389,07:08:01.389,bitget,ACH/USDT:USDT,0.023186,59585.0,0.023185,198616.0,0.023189,2786.0,0.02319,3273.0
1753600081540,07:08:01.540,bitget,ACH/USDT:USDT,0.023186,59585.0,0.023185,198616.0,0.023189,2786.0,0.02319,29107.0
1753600081690,07:08:01.690,bitget,ACH/USDT:USDT,0.023186,59585.0,0.023185,198616.0,0.023188,2786.0,0.023189,46250.0
1753600081840,07:08:01.840,bitget,ACH/USDT:USDT,0.023186,59585.0,0.023185,198616.0,0.023188,2786.0,0.023189,3875.0
1753600081990,07:08:01.990,bitget,ACH/USDT:USDT,0.023179,199793.0,0.023176,2774.0,0.023188,5747.0,0.023189,4906.0
1753600082140,07:08:02.140,bitget,ACH/USDT:USDT,0.02318,16166.0,0.023176,2774.0,0.023186,2786.0,0.023188,18053.0
1753600082290,07:08:02.290,bitget,ACH/USDT:USDT,0.023181,4850.0,0.02318,184398.0,0.023186,2786.0,0.023187,5416.0
1753600082440,07:08:02.440,bitget,ACH/USDT:USDT,0.023181,4850.0,0.02318,184398.0,0.023186,2786.0,0.023187,5416.0
1753600082590,07:08:02.590,bitget,ACH/USDT:USDT,0.02318,184398.0,0.023176,2774.0,0.023184,2786.0,0.023185,2776.0
1753600082740,07:08:02.740,bitget,ACH/USDT:USDT,0.02318,184398.0,0.023174,14212.0,0.023184,5747.0,0.023185,7683.0
1753600082891,07:08:02.891,bitget,ACH/USDT:USDT,0.02318,184398.0,0.023177,2786.0,0.023182,2786.0,0.023184,2961.0
1753600083041,07:08:03.041,bitget,ACH/USDT:USDT,0.02318,184398.0,0.023177,2786.0,0.023182,2786.0,0.023184,2961.0
1753600083191,07:08:03.191,bitget,ACH/USDT:USDT,0.02318,184398.0,0.023177,2786.0,0.023182,2786.0,0.023184,2961.0
1753600083341,07:08:03.341,bitget,ACH/USDT:USDT,0.02318,184398.0,0.023177,2786.0,0.023182,2786.0,0.023184,2961.0
1753600083491,07:08:03.491,bitget,ACH/USDT:USDT,0.02318,184398.0,0.023177,2786.0,0.023182,86714.0,0.023184,2961.0
1753600083641,07:08:03.641,bitget,ACH/USDT:USDT,0.02318,184398.0,0.023177,2786.0,0.023181,2786.0,0.023182,125892.0
1753600083791,07:08:03.791,bitget,ACH/USDT:USDT,0.02318,184398.0,0.023177,2786.0,0.023181,2786.0,0.023182,83928.0
1753600083941,07:08:03.941,bitget,ACH/USDT:USDT,0.02318,184398.0,0.023177,2786.0,0.023181,13989.0,0.023182,83928.0
1753600084091,07:08:04.091,bitget,ACH/USDT:USDT,0.02318,184398.0,0.023177,2786.0,0.023181,13989.0,0.023182,83928.0
1753600084241,07:08:04.241,bitget,ACH/USDT:USDT,0.02318,184398.0,0.023177,2786.0,0.023181,18707.0,0.023182,83928.0
1753600084391,07:08:04.391,bitget,ACH/USDT:USDT,0.02318,184398.0,0.023177,2786.0,0.023181,18707.0,0.023182,55952.0
1753600084542,07:08:04.542,bitget,ACH/USDT:USDT,0.02318,184398.0,0.023177,2786.0,0.023181,18707.0,0.023182,55952.0
1753600084692,07:08:04.692,bitget,ACH/USDT:USDT,0.02318,184398.0,0.023177,2786.0,0.023181,44573.0,0.023182,55952.0
1753600084842,07:08:04.842,bitget,ACH/USDT:USDT,0.02318,184398.0,0.023177,2786.0,0.023181,44573.0,0.023182,55952.0
1753600084992,07:08:04.992,bitget,ACH/USDT:USDT,0.023178,184421.0,0.023177,2786.0,0.023181,44573.0,0.023182,55952.0
1753600085142,07:08:05.142,bitget,ACH/USDT:USDT,0.023179,15420.0,0.023178,184421.0,0.023181,52273.0,0.023182,55952.0
1753600085292,07:08:05.292,bitget,ACH/USDT:USDT,0.023179,15420.0,0.023178,184421.0,0.023181,52256.0,0.023182,55952.0
1753600085442,07:08:05.442,bitget,ACH/USDT:USDT,0.023179,15420.0,0.023178,184421.0,0.023181,52256.0,0.023182,55952.0
1753600085592,07:08:05.592,bitget,ACH/USDT:USDT,0.023179,15420.0,0.023178,184421.0,0.023181,56965.0,0.023182,55952.0
1753600085742,07:08:05.742,bitget,ACH/USDT:USDT,0.023179,24691.0,0.023178,184421.0,0.023181,56965.0,0.023182,55952.0
1753600085892,07:08:05.892,bitget,ACH/USDT:USDT,0.023179,24691.0,0.023178,184421.0,0.023181,52256.0,0.023182,55952.0
1753600086043,07:08:06.043,bitget,ACH/USDT:USDT,0.023179,24691.0,0.023178,184421.0,0.023181,52256.0,0.023182,55952.0
1753600086193,07:08:06.193,bitget,ACH/USDT:USDT,0.023179,8354.0,0.023178,184421.0,0.023181,56965.0,0.023182,55952.0
1753600086343,07:08:06.343,bitget,ACH/USDT:USDT,0.023179,8354.0,0.023178,184421.0,0.023181,39323.0,0.023182,55952.0
1753600086493,07:08:06.493,bitget,ACH/USDT:USDT,0.023179,12551.0,0.023178,184421.0,0.023181,26390.0,0.023182,55952.0
1753600086643,07:08:06.643,bitget,ACH/USDT:USDT,0.023179,12551.0,0.023178,184421.0,0.023181,26390.0,0.023182,55952.0
1753600086793,07:08:06.793,bitget,ACH/USDT:USDT,0.023179,26351.0,0.023178,184421.0,0.023181,34956.0,0.023182,55952.0
1753600086943,07:08:06.943,bitget,ACH/USDT:USDT,0.023179,26351.0,0.023178,184421.0,0.023181,26390.0,0.023182,55952.0
1753600087093,07:08:07.093,bitget,ACH/USDT:USDT,0.023179,26351.0,0.023178,184421.0,0.023181,26390.0,0.023182,55952.0
1753600087243,07:08:07.243,bitget,ACH/USDT:USDT,0.023179,26351.0,0.023178,184421.0,0.023181,26390.0,0.023182,55952.0
1753600087393,07:08:07.393,bitget,ACH/USDT:USDT,0.023179,26351.0,0.023178,184421.0,0.023181,26390.0,0.023182,55952.0
1753600087543,07:08:07.543,bitget,ACH/USDT:USDT,0.023179,26351.0,0.023178,184421.0,0.023181,26390.0,0.023182,55952.0
1753600087694,07:08:07.694,bitget,ACH/USDT:USDT,0.023179,26351.0,0.023178,184421.0,0.023181,26390.0,0.023182,55952.0
1753600087844,07:08:07.844,bitget,ACH/USDT:USDT,0.023179,26351.0,0.023178,184421.0,0.023181,26390.0,0.023182,55952.0
1753600087994,07:08:07.994,bitget,ACH/USDT:USDT,0.02318,2700.0,0.023179,23565.0,0.023181,26390.0,0.023182,55952.0
1753600088144,07:08:08.144,bitget,ACH/USDT:USDT,0.02318,2700.0,0.023179,23565.0,0.023181,13989.0,0.023182,55952.0
1753600088294,07:08:08.294,bitget,ACH/USDT:USDT,0.02318,2700.0,0.023179,23565.0,0.023181,13989.0,0.023182,55952.0
1753600088444,07:08:08.444,bitget,ACH/USDT:USDT,0.02318,2700.0,0.023179,46029.0,0.023186,13864.0,0.023188,7102.0
1753600088594,07:08:08.594,bitget,ACH/USDT:USDT,0.02318,2700.0,0.023179,46029.0,0.023181,2157.0,0.023186,2700.0
1753600088744,07:08:08.744,bitget,ACH/USDT:USDT,0.02318,2700.0,0.023179,46029.0,0.023186,2700.0,0.023187,3934.0
1753600088894,07:08:08.894,bitget,ACH/USDT:USDT,0.02318,2700.0,0.023179,46029.0,0.023186,2700.0,0.023187,3934.0
1753600089044,07:08:09.044,bitget,ACH/USDT:USDT,0.02318,2700.0,0.023179,90628.0,0.023186,9168.0,0.023187,3934.0
1753600089194,07:08:09.194,bitget,ACH/USDT:USDT,0.02318,16080.0,0.023179,90628.0,0.023186,4312.0,0.023187,3934.0
1753600089345,07:08:09.345,bitget,ACH/USDT:USDT,0.023182,2700.0,0.02318,13380.0,0.023186,10780.0,0.023187,3934.0
1753600089495,07:08:09.495,bitget,ACH/USDT:USDT,0.023182,2700.0,0.02318,13380.0,0.023186,10780.0,0.023187,3934.0
1753600089645,07:08:09.645,bitget,ACH/USDT:USDT,0.023182,2700.0,0.02318,13380.0,0.023185,3881.0,0.023186,15092.0
1753600089795,07:08:09.795,bitget,ACH/USDT:USDT,0.023182,2700.0,0.02318,13380.0,0.023185,3881.0,0.023186,15092.0
1753600089945,07:08:09.945,bitget,ACH/USDT:USDT,0.023182,2700.0,0.02318,13380.0,0.023185,3881.0,0.023186,15092.0
1753600090095,07:08:10.095,bitget,ACH/USDT:USDT,0.02318,13380.0,0.023179,93328.0,0.023185,3881.0,0.023186,15092.0
1753600090245,07:08:10.245,bitget,ACH/USDT:USDT,0.023181,2700.0,0.02318,13380.0,0.023184,2700.0,0.023185,3881.0
1753600090395,07:08:10.395,bitget,ACH/USDT:USDT,0.023181,2700.0,0.02318,13380.0,0.023185,6581.0,0.023186,15092.0
1753600090545,07:08:10.545,bitget,ACH/USDT:USDT,0.023181,2700.0,0.02318,13380.0,0.023185,6581.0,0.023186,15092.0
1753600090695,07:08:10.695,bitget,ACH/USDT:USDT,0.023181,2700.0,0.02318,13380.0,0.023185,8738.0,0.023186,15092.0
1753600090845,07:08:10.845,bitget,ACH/USDT:USDT,0.023181,2700.0,0.02318,13380.0,0.023184,2700.0,0.023185,10352.0
1753600090996,07:08:10.996,bitget,ACH/USDT:USDT,0.023181,2700.0,0.023179,90628.0,0.023184,2700.0,0.023185,10352.0
1753600091146,07:08:11.146,bitget,ACH/USDT:USDT,0.023181,2700.0,0.023179,90628.0,0.023184,2700.0,0.023185,10352.0
1753600091296,07:08:11.296,bitget,ACH/USDT:USDT,0.023179,90628.0,0.023178,184421.0,0.023184,2700.0,0.023185,10352.0
1753600091446,07:08:11.446,bitget,ACH/USDT:USDT,0.023179,90628.0,0.023178,184421.0,0.023184,2700.0,0.023185,10352.0
1753600091596,07:08:11.596,bitget,ACH/USDT:USDT,0.023179,90628.0,0.023178,184421.0,0.023184,4857.0,0.023185,10352.0
1753600091746,07:08:11.746,bitget,ACH/USDT:USDT,0.023179,90628.0,0.023178,184421.0,0.023182,2700.0,0.023184,2157.0
1753600091896,07:08:11.896,bitget,ACH/USDT:USDT,0.023179,90628.0,0.023178,184421.0,0.023182,2700.0,0.023185,8195.0
1753600092046,07:08:12.046,bitget,ACH/USDT:USDT,0.023179,44599.0,0.023178,184421.0,0.023182,4857.0,0.023185,8195.0
1753600092196,07:08:12.196,bitget,ACH/USDT:USDT,0.023179,44599.0,0.023178,184421.0,0.023181,2700.0,0.023182,2157.0
1753600092346,07:08:12.346,bitget,ACH/USDT:USDT,0.023178,184421.0,0.023174,14212.0,0.023181,4857.0,0.023182,8249.0
1753600092496,07:08:12.496,bitget,ACH/USDT:USDT,0.023178,184421.0,0.023174,14212.0,0.023179,2700.0,0.023181,8946.0
1753600092647,07:08:12.647,bitget,ACH/USDT:USDT,0.023178,184421.0,0.023174,14212.0,0.023179,2700.0,0.02318,2684.0
1753600092797,07:08:12.797,bitget,ACH/USDT:USDT,0.023178,184421.0,0.023174,14212.0,0.023179,2700.0,0.023182,3935.0
1753600092947,07:08:12.947,bitget,ACH/USDT:USDT,0.023175,184426.0,0.023174,14212.0,0.023179,9005.0,0.023182,3935.0
1753600093097,07:08:13.097,bitget,ACH/USDT:USDT,0.023175,184426.0,0.023174,14212.0,0.023178,5402.0,0.023182,3935.0
1753600093247,07:08:13.247,bitget,ACH/USDT:USDT,0.023175,184426.0,0.023174,14212.0,0.023178,2700.0,0.023182,3935.0
1753600093397,07:08:13.397,bitget,ACH/USDT:USDT,0.023175,184426.0,0.023174,14212.0,0.023178,17321.0,0.023182,3935.0
1753600093547,07:08:13.547,bitget,ACH/USDT:USDT,0.023175,184426.0,0.023174,14212.0,0.023177,7896.0,0.023178,129785.0
1753600093697,07:08:13.697,bitget,ACH/USDT:USDT,0.023175,184426.0,0.023174,14212.0,0.023176,2700.0,0.023177,29817.0
1753600093847,07:08:13.847,bitget,ACH/USDT:USDT,0.023175,184426.0,0.023174,14212.0,0.023176,2700.0,0.023177,20924.0
1753600093997,07:08:13.997,bitget,ACH/USDT:USDT,0.023175,184426.0,0.023174,14212.0,0.023176,2700.0,0.023182,3935.0
1753600094147,07:08:14.147,bitget,ACH/USDT:USDT,0.023176,2700.0,0.023175,184426.0,0.023183,23733.0,0.023184,79111.0
1753600094298,07:08:14.298,bitget,ACH/USDT:USDT,0.023178,2700.0,0.023176,41753.0,0.023183,23733.0,0.023186,7079.0
1753600094448,07:08:14.448,bitget,ACH/USDT:USDT,0.023179,184431.0,0.023178,2700.0,0.023183,12942.0,0.023186,5343.0
1753600094598,07:08:14.598,bitget,ACH/USDT:USDT,0.023181,2700.0,0.023179,184431.0,0.023182,3883.0,0.023183,15099.0
1753600094748,07:08:14.748,bitget,ACH/USDT:USDT,0.023181,2700.0,0.023179,184431.0,0.023183,10785.0,0.023186,2700.0
1753600094898,07:08:14.898,bitget,ACH/USDT:USDT,0.023181,2700.0,0.023179,184431.0,0.023183,12942.0,0.023186,2700.0
1753600095048,07:08:15.048,bitget,ACH/USDT:USDT,0.023181,2700.0,0.023179,184431.0,0.023183,15099.0,0.023186,2700.0
1753600095198,07:08:15.198,bitget,ACH/USDT:USDT,0.023181,2700.0,0.023179,184431.0,0.023183,19413.0,0.023186,2700.0
1753600095348,07:08:15.348,bitget,ACH/USDT:USDT,0.023181,2700.0,0.023179,184431.0,0.023183,19413.0,0.023186,2700.0
1753600095498,07:08:15.498,bitget,ACH/USDT:USDT,0.023181,2700.0,0.023179,184431.0,0.023183,19413.0,0.023186,2700.0
1753600095648,07:08:15.648,bitget,ACH/USDT:USDT,0.023181,2700.0,0.023179,184431.0,0.023183,19413.0,0.023186,2700.0
1753600095798,07:08:15.798,bitget,ACH/USDT:USDT,0.023181,2700.0,0.023179,184431.0,0.023183,10785.0,0.023186,2700.0
1753600095949,07:08:15.949,bitget,ACH/USDT:USDT,0.023181,2700.0,0.023179,184431.0,0.023183,17256.0,0.023186,2700.0
1753600096099,07:08:16.099,bitget,ACH/USDT:USDT,0.023181,2700.0,0.02318,10183.0,0.023183,19413.0,0.023186,2700.0
1753600096249,07:08:16.249,bitget,ACH/USDT:USDT,0.023181,2700.0,0.023179,184431.0,0.023183,19413.0,0.023186,2700.0
1753600096399,07:08:16.399,bitget,ACH/USDT:USDT,0.023179,184431.0,0.023175,2700.0,0.023183,19413.0,0.023186,2700.0
1753600096549,07:08:16.549,bitget,ACH/USDT:USDT,0.02318,2773.0,0.023179,184431.0,0.023182,5824.0,0.023183,21570.0
1753600096699,07:08:16.699,bitget,ACH/USDT:USDT,0.02318,2773.0,0.023179,184431.0,0.023182,5824.0,0.023183,13558.0
1753600096849,07:08:16.849,bitget,ACH/USDT:USDT,0.02318,2773.0,0.023179,184431.0,0.023182,4067.0,0.023183,13558.0
1753600096999,07:08:16.999,bitget,ACH/USDT:USDT,0.02318,2773.0,0.023179,184431.0,0.023182,4067.0,0.023183,13558.0
1753600097149,07:08:17.149,bitget,ACH/USDT:USDT,0.02318,2773.0,0.023179,184431.0,0.023182,4067.0,0.023183,13558.0
1753600097299,07:08:17.299,bitget,ACH/USDT:USDT,0.023179,184431.0,0.023175,2700.0,0.023182,6840.0,0.023183,10785.0
1753600097449,07:08:17.449,bitget,ACH/USDT:USDT,0.023179,184431.0,0.023175,2700.0,0.023182,4067.0,0.023183,10785.0
1753600097600,07:08:17.600,bitget,ACH/USDT:USDT,0.023179,184431.0,0.023175,2700.0,0.023182,6840.0,0.023183,10785.0
1753600097750,07:08:17.750,bitget,ACH/USDT:USDT,0.023179,184431.0,0.023175,2700.0,0.023182,4067.0,0.023183,10785.0
1753600097900,07:08:17.900,bitget,ACH/USDT:USDT,0.023179,184431.0,0.023175,2700.0,0.023182,4067.0,0.023183,10785.0
1753600098050,07:08:18.050,bitget,ACH/USDT:USDT,0.02318,2773.0,0.023179,184431.0,0.023182,6224.0,0.023183,10785.0
1753600098200,07:08:18.200,bitget,ACH/USDT:USDT,0.02318,2773.0,0.023179,184431.0,0.023182,10538.0,0.023183,10785.0
1753600098350,07:08:18.350,bitget,ACH/USDT:USDT,0.02318,2773.0,0.023179,184431.0,0.023182,10538.0,0.023183,10785.0
1753600098500,07:08:18.500,bitget,ACH/USDT:USDT,0.023179,184431.0,0.023175,2700.0,0.023181,2773.0,0.023182,13311.0
1753600098650,07:08:18.650,bitget,ACH/USDT:USDT,0.023179,184431.0,0.023175,2700.0,0.023181,2773.0,0.023182,15468.0
1753600098800,07:08:18.800,bitget,ACH/USDT:USDT,0.023179,184431.0,0.023175,2700.0,0.023181,2773.0,0.023182,11401.0
1753600098950,07:08:18.950,bitget,ACH/USDT:USDT,0.023179,184431.0,0.023175,2700.0,0.023181,7087.0,0.023182,11401.0
1753600099100,07:08:19.100,bitget,ACH/USDT:USDT,0.023179,184431.0,0.023175,2700.0,0.023181,15715.0,0.023182,11401.0
1753600099251,07:08:19.251,bitget,ACH/USDT:USDT,0.023179,184431.0,0.023175,2700.0,0.023181,15715.0,0.023182,11401.0
1753600099401,07:08:19.401,bitget,ACH/USDT:USDT,0.023179,184431.0,0.023175,2700.0,0.023181,15715.0,0.023182,11401.0
1753600099551,07:08:19.551,bitget,ACH/USDT:USDT,0.023179,184431.0,0.023175,2700.0,0.023181,15715.0,0.023182,11401.0
1753600099701,07:08:19.701,bitget,ACH/USDT:USDT,0.023179,184431.0,0.023175,2700.0,0.023181,15715.0,0.023182,11401.0
1753600099851,07:08:19.851,bitget,ACH/USDT:USDT,0.023179,184431.0,0.023175,2700.0,0.023181,17872.0,0.023182,11401.0
1753600100001,07:08:20.001,bitget,ACH/USDT:USDT,0.023179,184431.0,0.023175,2700.0,0.023181,17872.0,0.023182,11401.0
1753600100151,07:08:20.151,bitget,ACH/USDT:USDT,0.023179,184431.0,0.023175,2700.0,0.023181,17872.0,0.023182,11401.0
1753600100301,07:08:20.301,bitget,ACH/USDT:USDT,0.023179,184431.0,0.023175,2700.0,0.023181,17872.0,0.023182,11401.0
1753600100451,07:08:20.451,bitget,ACH/USDT:USDT,0.023175,2700.0,0.023174,14212.0,0.023181,17872.0,0.023182,11401.0
1753600100601,07:08:20.601,bitget,ACH/USDT:USDT,0.023177,184428.0,0.023175,2700.0,0.02318,4530.0,0.023181,20645.0
1753600100752,07:08:20.752,bitget,ACH/USDT:USDT,0.023178,10742.0,0.023177,184428.0,0.02318,4530.0,0.023181,18488.0
1753600100902,07:08:20.902,bitget,ACH/USDT:USDT,0.023178,15714.0,0.023177,184428.0,0.02318,4530.0,0.023181,15715.0
1753600101051,07:08:21.051,bitget,ACH/USDT:USDT,0.023178,15714.0,0.023177,184428.0,0.02318,4530.0,0.023181,15715.0
1753600101202,07:08:21.202,bitget,ACH/USDT:USDT,0.023178,15714.0,0.023177,184428.0,0.02318,6687.0,0.023181,12942.0
1753600101352,07:08:21.352,bitget,ACH/USDT:USDT,0.023178,15714.0,0.023177,184428.0,0.02318,11001.0,0.023181,12942.0
1753600101502,07:08:21.502,bitget,ACH/USDT:USDT,0.023178,15714.0,0.023177,184428.0,0.02318,13158.0,0.023181,12942.0
1753600101652,07:08:21.652,bitget,ACH/USDT:USDT,0.023179,2773.0,0.023177,184428.0,0.02318,13158.0,0.023181,12942.0
1753600101802,07:08:21.802,bitget,ACH/USDT:USDT,0.023179,2773.0,0.023177,184428.0,0.02318,10785.0,0.023181,12942.0
1753600101952,07:08:21.952,bitget,ACH/USDT:USDT,0.023179,2773.0,0.023178,6419.0,0.02318,10785.0,0.023181,12942.0
1753600102102,07:08:22.102,bitget,ACH/USDT:USDT,0.023179,2773.0,0.023178,11769.0,0.02318,10785.0,0.023181,12942.0
1753600102252,07:08:22.252,bitget,ACH/USDT:USDT,0.023179,2773.0,0.023178,11769.0,0.02318,10785.0,0.023181,12942.0
1753600102402,07:08:22.402,bitget,ACH/USDT:USDT,0.023178,11769.0,0.023177,184428.0,0.02318,17441.0,0.023181,12942.0
1753600102553,07:08:22.553,bitget,ACH/USDT:USDT,0.023177,184428.0,0.023175,2700.0,0.023179,2773.0,0.02318,14668.0
1753600102703,07:08:22.703,bitget,ACH/USDT:USDT,0.023174,197792.0,0.023173,44599.0,0.023177,2773.0,0.023178,2882.0
1753600102853,07:08:22.853,bitget,ACH/USDT:USDT,0.023175,38708.0,0.023174,197792.0,0.023179,13305.0,0.02318,4909.0
1753600103003,07:08:23.003,bitget,ACH/USDT:USDT,0.023175,38708.0,0.023174,197792.0,0.023178,3992.0,0.023179,12205.0
1753600103153,07:08:23.153,bitget,ACH/USDT:USDT,0.023175,38708.0,0.023174,197792.0,0.023178,3992.0,0.023179,52921.0
1753600103303,07:08:23.303,bitget,ACH/USDT:USDT,0.023175,38708.0,0.023174,197792.0,0.023178,35788.0,0.023179,52921.0
1753600103453,07:08:23.453,bitget,ACH/USDT:USDT,0.023175,38708.0,0.023174,197792.0,0.023178,35788.0,0.023179,52921.0
1753600103603,07:08:23.603,bitget,ACH/USDT:USDT,0.023175,38708.0,0.023174,197792.0,0.023178,35788.0,0.023179,52921.0
1753600103753,07:08:23.753,bitget,ACH/USDT:USDT,0.023175,38708.0,0.023174,197792.0,0.023178,48259.0,0.023179,52921.0
1753600103903,07:08:23.903,bitget,ACH/USDT:USDT,0.023175,38708.0,0.023174,197792.0,0.023178,48259.0,0.023179,52921.0
1753600104054,07:08:24.054,bitget,ACH/USDT:USDT,0.023175,38708.0,0.023174,197792.0,0.023178,48259.0,0.023179,50148.0
1753600104204,07:08:24.204,bitget,ACH/USDT:USDT,0.023175,38708.0,0.023174,197792.0,0.023177,2773.0,0.023178,48259.0
1753600104354,07:08:24.354,bitget,ACH/USDT:USDT,0.023175,38708.0,0.023174,197792.0,0.023177,2773.0,0.023178,25436.0
1753600104504,07:08:24.504,bitget,ACH/USDT:USDT,0.023175,38708.0,0.023174,197792.0,0.023177,2773.0,0.023178,18677.0
1753600104654,07:08:24.654,bitget,ACH/USDT:USDT,0.023175,38708.0,0.023174,197792.0,0.023177,2773.0,0.023178,14051.0
1753600104804,07:08:24.804,bitget,ACH/USDT:USDT,0.023175,38708.0,0.023174,197792.0,0.023178,14051.0,0.023179,20065.0
1753600104954,07:08:24.954,bitget,ACH/USDT:USDT,0.023175,38708.0,0.023174,197792.0,0.023178,14051.0,0.023179,22370.0
1753600105104,07:08:25.104,bitget,ACH/USDT:USDT,0.023175,38708.0,0.023174,197792.0,0.023178,50365.0,0.023179,22370.0
1753600105254,07:08:25.254,bitget,ACH/USDT:USDT,0.023175,38708.0,0.023174,197792.0,0.023178,50365.0,0.023179,22370.0
1753600105404,07:08:25.404,bitget,ACH/USDT:USDT,0.023175,38708.0,0.023174,197792.0,0.023178,50365.0,0.023179,22370.0
1753600105554,07:08:25.554,bitget,ACH/USDT:USDT,0.023175,38708.0,0.023174,197792.0,0.023178,50365.0,0.023179,22370.0
1753600105705,07:08:25.705,bitget,ACH/USDT:USDT,0.023175,38708.0,0.023174,197792.0,0.023178,50365.0,0.023179,22370.0
1753600105855,07:08:25.855,bitget,ACH/USDT:USDT,0.023175,38708.0,0.023174,197792.0,0.023178,64286.0,0.023179,22370.0
1753600106005,07:08:26.005,bitget,ACH/USDT:USDT,0.023176,2773.0,0.023175,38708.0,0.023183,38773.0,0.023184,49411.0
1753600106155,07:08:26.155,bitget,ACH/USDT:USDT,0.023176,6708.0,0.023175,42643.0,0.023183,14823.0,0.023186,2700.0
1753600106305,07:08:26.305,bitget,ACH/USDT:USDT,0.023178,2773.0,0.023176,3935.0,0.023183,6471.0,0.023186,2700.0
1753600106455,07:08:26.455,bitget,ACH/USDT:USDT,0.023179,184410.0,0.023178,2773.0,0.023183,15099.0,0.023186,2700.0
1753600106605,07:08:26.605,bitget,ACH/USDT:USDT,0.02318,21797.0,0.023179,184410.0,0.023183,15099.0,0.023186,2700.0
1753600106755,07:08:26.755,bitget,ACH/USDT:USDT,0.02318,24153.0,0.023179,184410.0,0.023183,17256.0,0.023186,2700.0
1753600106905,07:08:26.905,bitget,ACH/USDT:USDT,0.02318,26852.0,0.023179,184410.0,0.023183,19413.0,0.023186,2700.0
1753600107055,07:08:27.055,bitget,ACH/USDT:USDT,0.02318,24153.0,0.023179,184410.0,0.023183,21570.0,0.023186,2700.0
1753600107206,07:08:27.206,bitget,ACH/USDT:USDT,0.023181,2699.0,0.02318,24153.0,0.023183,19413.0,0.023186,2700.0
1753600107356,07:08:27.356,bitget,ACH/USDT:USDT,0.023181,2699.0,0.02318,24153.0,0.023183,19413.0,0.023186,2700.0
1753600107506,07:08:27.506,bitget,ACH/USDT:USDT,0.023181,2699.0,0.02318,24153.0,0.023183,21570.0,0.023186,2700.0
1753600107656,07:08:27.656,bitget,ACH/USDT:USDT,0.023181,2699.0,0.02318,31955.0,0.023183,21570.0,0.023186,2700.0
1753600107806,07:08:27.806,bitget,ACH/USDT:USDT,0.023181,2699.0,0.02318,31955.0,0.023183,21570.0,0.023186,2700.0
1753600107956,07:08:27.956,bitget,ACH/USDT:USDT,0.023181,2699.0,0.02318,31955.0,0.023183,21570.0,0.023186,2700.0
1753600108106,07:08:28.106,bitget,ACH/USDT:USDT,0.023181,2699.0,0.02318,31955.0,0.023183,21570.0,0.023186,2700.0
1753600108256,07:08:28.256,bitget,ACH/USDT:USDT,0.023181,2699.0,0.02318,31955.0,0.023183,21570.0,0.023186,2700.0
1753600108406,07:08:28.406,bitget,ACH/USDT:USDT,0.023181,2699.0,0.02318,31955.0,0.023183,21570.0,0.023186,2700.0
1753600108556,07:08:28.556,bitget,ACH/USDT:USDT,0.023181,2699.0,0.02318,31955.0,0.023183,21570.0,0.023186,2700.0
1753600108706,07:08:28.706,bitget,ACH/USDT:USDT,0.023181,2699.0,0.02318,31955.0,0.023183,21570.0,0.023186,2700.0
1753600108857,07:08:28.857,bitget,ACH/USDT:USDT,0.023181,2699.0,0.02318,31955.0,0.023183,21570.0,0.023186,2700.0
1753600109007,07:08:29.007,bitget,ACH/USDT:USDT,0.023181,2699.0,0.02318,31955.0,0.023183,21570.0,0.023186,2700.0
1753600109157,07:08:29.157,bitget,ACH/USDT:USDT,0.023181,2699.0,0.02318,31955.0,0.023183,21570.0,0.023186,2700.0
1753600109307,07:08:29.307,bitget,ACH/USDT:USDT,0.023181,2699.0,0.02318,31955.0,0.023183,21570.0,0.023186,2700.0
1753600109457,07:08:29.457,bitget,ACH/USDT:USDT,0.023181,2699.0,0.02318,31955.0,0.023183,21570.0,0.023186,2700.0
1753600109607,07:08:29.607,bitget,ACH/USDT:USDT,0.023181,2699.0,0.02318,31955.0,0.023183,21570.0,0.023186,2700.0
1753600109757,07:08:29.757,bitget,ACH/USDT:USDT,0.023181,2699.0,0.02318,31955.0,0.023183,21570.0,0.023186,2700.0
1753600109907,07:08:29.907,bitget,ACH/USDT:USDT,0.023181,2699.0,0.02318,31955.0,0.023183,21570.0,0.023186,2700.0
1753600110057,07:08:30.057,bitget,ACH/USDT:USDT,0.023181,2699.0,0.02318,31955.0,0.023183,21570.0,0.023186,2700.0
1753600110207,07:08:30.207,bitget,ACH/USDT:USDT,0.02318,31955.0,0.023179,184410.0,0.023183,21570.0,0.023186,2700.0
1753600110358,07:08:30.358,bitget,ACH/USDT:USDT,0.02318,31955.0,0.023179,184410.0,0.023182,6157.0,0.023183,23727.0
1753600110508,07:08:30.508,bitget,ACH/USDT:USDT,0.02318,31955.0,0.023179,184410.0,0.023182,6157.0,0.023183,23727.0
1753600110658,07:08:30.658,bitget,ACH/USDT:USDT,0.023179,184410.0,0.023176,5848.0,0.023181,2699.0,0.023182,6157.0
1753600110808,07:08:30.808,bitget,ACH/USDT:USDT,0.023179,184410.0,0.023176,9782.0,0.023181,2699.0,0.023182,4666.0
1753600110958,07:08:30.958,bitget,ACH/USDT:USDT,0.023179,184410.0,0.023176,9782.0,0.023181,4314.0,0.023182,2157.0
1753600111108,07:08:31.108,bitget,ACH/USDT:USDT,0.023179,184410.0,0.023176,9782.0,0.023181,15099.0,0.023182,2157.0
1753600111258,07:08:31.258,bitget,ACH/USDT:USDT,0.023179,184410.0,0.023176,9782.0,0.023185,3934.0,0.023186,2700.0
1753600111408,07:08:31.408,bitget,ACH/USDT:USDT,0.023179,184410.0,0.023176,9782.0,0.023183,2699.0,0.023185,3934.0
1753600111558,07:08:31.558,bitget,ACH/USDT:USDT,0.023179,184410.0,0.023176,9782.0,0.023183,2699.0,0.023185,14719.0
1753600111708,07:08:31.708,bitget,ACH/USDT:USDT,0.023179,184410.0,0.023176,9782.0,0.023183,2699.0,0.023184,4416.0
1753600111858,07:08:31.858,bitget,ACH/USDT:USDT,0.023179,184410.0,0.023176,9782.0,0.023183,9170.0,0.023184,4416.0
1753600112008,07:08:32.008,bitget,ACH/USDT:USDT,0.023179,184410.0,0.023176,9782.0,0.023182,2751.0,0.023183,6471.0
1753600112159,07:08:32.159,bitget,ACH/USDT:USDT,0.023179,184410.0,0.023176,9782.0,0.023182,2699.0,0.023183,4314.0
1753600112309,07:08:32.309,bitget,ACH/USDT:USDT,0.023179,184410.0,0.023176,9782.0,0.023182,2699.0,0.023183,4314.0
1753600112459,07:08:32.459,bitget,ACH/USDT:USDT,0.023179,184410.0,0.023176,9782.0,0.023182,2157.0,0.023183,4314.0
1753600112609,07:08:32.609,bitget,ACH/USDT:USDT,0.023179,184410.0,0.023176,9782.0,0.023182,4314.0,0.023183,4314.0
1753600112759,07:08:32.759,bitget,ACH/USDT:USDT,0.023179,184410.0,0.023176,9782.0,0.023182,8628.0,0.023183,4314.0
1753600112909,07:08:32.909,bitget,ACH/USDT:USDT,0.023179,184410.0,0.023176,9782.0,0.023182,8628.0,0.023183,4314.0
1753600113059,07:08:33.059,bitget,ACH/USDT:USDT,0.023179,184410.0,0.023176,9782.0,0.023182,10785.0,0.023183,4314.0
1753600113209,07:08:33.209,bitget,ACH/USDT:USDT,0.023179,184410.0,0.023176,9782.0,0.023182,12942.0,0.023183,4314.0
1753600113359,07:08:33.359,bitget,ACH/USDT:USDT,0.023179,184410.0,0.023176,3934.0,0.023182,12942.0,0.023183,4314.0
1753600113509,07:08:33.509,bitget,ACH/USDT:USDT,0.023179,184410.0,0.023176,3934.0,0.023181,2699.0,0.023183,4314.0
1753600113660,07:08:33.660,bitget,ACH/USDT:USDT,0.023179,184410.0,0.023176,3934.0,0.023181,2699.0,0.023183,2157.0
1753600113810,07:08:33.810,bitget,ACH/USDT:USDT,0.023179,184410.0,0.023176,3934.0,0.023181,2699.0,0.023184,3122.0
1753600113960,07:08:33.960,bitget,ACH/USDT:USDT,0.023179,184410.0,0.023176,3934.0,0.023181,2699.0,0.023185,3934.0
1753600114110,07:08:34.110,bitget,ACH/USDT:USDT,0.023179,184410.0,0.023176,3934.0,0.023185,3934.0,0.023186,2700.0
1753600114260,07:08:34.260,bitget,ACH/USDT:USDT,0.023179,184410.0,0.023176,3934.0,0.023184,2699.0,0.023185,3934.0
1753600114410,07:08:34.410,bitget,ACH/USDT:USDT,0.02318,2699.0,0.023179,184410.0,0.023184,2699.0,0.023185,14719.0
1753600114560,07:08:34.560,bitget,ACH/USDT:USDT,0.02318,2699.0,0.023179,184410.0,0.023184,13586.0,0.023185,19033.0
1753600114710,07:08:34.710,bitget,ACH/USDT:USDT,0.02318,14336.0,0.023179,184410.0,0.023183,4076.0,0.023184,13586.0
1753600114860,07:08:34.860,bitget,ACH/USDT:USDT,0.023179,184410.0,0.023176,3934.0,0.023183,4076.0,0.023184,8730.0
1753600115010,07:08:35.010,bitget,ACH/USDT:USDT,0.023179,184410.0,0.023176,3934.0,0.023182,2699.0,0.023183,2619.0
1753600115160,07:08:35.160,bitget,ACH/USDT:USDT,0.023179,184410.0,0.023176,3934.0,0.023182,2699.0,0.023183,2619.0
1753600115311,07:08:35.311,bitget,ACH/USDT:USDT,0.023179,184410.0,0.023176,3934.0,0.023182,2699.0,0.023183,2619.0
1753600115461,07:08:35.461,bitget,ACH/USDT:USDT,0.023179,184410.0,0.023176,3934.0,0.023182,2699.0,0.023183,2619.0
1753600115611,07:08:35.611,bitget,ACH/USDT:USDT,0.023179,184410.0,0.023176,3934.0,0.023182,2699.0,0.023184,6573.0
1753600115761,07:08:35.761,bitget,ACH/USDT:USDT,0.023179,184410.0,0.023176,3934.0,0.023182,2699.0,0.023184,6573.0
1753600115911,07:08:35.911,bitget,ACH/USDT:USDT,0.023179,184410.0,0.023176,3934.0,0.023182,2699.0,0.023184,6573.0
1753600116061,07:08:36.061,bitget,ACH/USDT:USDT,0.02318,2699.0,0.023179,184410.0,0.023184,6573.0,0.023185,15261.0
1753600116211,07:08:36.211,bitget,ACH/USDT:USDT,0.02318,2699.0,0.023179,184410.0,0.023182,2157.0,0.023184,11429.0
1753600116361,07:08:36.361,bitget,ACH/USDT:USDT,0.02318,21523.0,0.023179,184410.0,0.023184,15743.0,0.023185,12562.0
1753600116511,07:08:36.511,bitget,ACH/USDT:USDT,0.02318,21523.0,0.023179,184410.0,0.023183,3398.0,0.023184,13586.0
1753600116661,07:08:36.661,bitget,ACH/USDT:USDT,0.02318,21523.0,0.023179,184410.0,0.023183,3398.0,0.023184,11429.0
1753600116811,07:08:36.811,bitget,ACH/USDT:USDT,0.02318,21523.0,0.023179,184410.0,0.023184,8730.0,0.023185,12562.0
1753600116962,07:08:36.962,bitget,ACH/USDT:USDT,0.02318,21523.0,0.023179,184410.0,0.023182,3422.0,0.023183,11408.0
1753600117112,07:08:37.112,bitget,ACH/USDT:USDT,0.02318,21523.0,0.023179,184410.0,0.023182,3422.0,0.023183,2780.0
1753600117262,07:08:37.262,bitget,ACH/USDT:USDT,0.02318,21523.0,0.023179,184410.0,0.023183,2780.0,0.023184,6573.0
1753600117412,07:08:37.412,bitget,ACH/USDT:USDT,0.02318,21523.0,0.023179,184410.0,0.023183,11408.0,0.023184,6573.0
1753600117562,07:08:37.562,bitget,ACH/USDT:USDT,0.02318,21523.0,0.023179,184410.0,0.023182,3422.0,0.023183,15722.0
1753600117712,07:08:37.712,bitget,ACH/USDT:USDT,0.02318,21523.0,0.023179,184410.0,0.023182,3422.0,0.023183,7094.0
1753600117862,07:08:37.862,bitget,ACH/USDT:USDT,0.02318,21523.0,0.023179,184410.0,0.023182,2157.0,0.023183,7094.0
1753600118012,07:08:38.012,bitget,ACH/USDT:USDT,0.02318,21523.0,0.023179,184410.0,0.023182,4314.0,0.023183,7094.0
