timestamp,time,exchange,symbol,bid1_price,bid1_volume,bid2_price,bid2_volume,ask1_price,ask1_volume,ask2_price,ask2_volume
1753599983440,07:06:23.440,blofin,ACT/USDT:USDT,0.0461,941.0,0.04609,3430.0,0.04613,2.0,0.04614,1376.0
1753599984447,07:06:24.447,blofin,ACT/USDT:USDT,0.0461,952.0,0.04608,8296.0,0.04613,1375.0,0.04614,2663.0
1753599985105,07:06:25.105,blofin,ACT/USDT:USDT,0.0461,952.0,0.04608,3372.0,0.04613,4.0,0.04614,1955.0
1753599985444,07:06:25.444,blofin,ACT/USDT:USDT,0.0461,952.0,0.04608,3372.0,0.04613,2.0,0.04614,1956.0
1753599986106,07:06:26.106,blofin,ACT/USDT:USDT,0.0461,952.0,0.04608,3372.0,0.04613,1957.0,0.04614,2.0
1753599986444,07:06:26.444,blofin,ACT/USDT:USDT,0.0461,952.0,0.04608,3372.0,0.04613,1957.0,0.04614,2.0
1753599988107,07:06:28.107,blofin,ACT/USDT:USDT,0.0461,953.0,0.04608,3372.0,0.04613,2.0,0.04614,1960.0
1753599988447,07:06:28.447,blofin,ACT/USDT:USDT,0.0461,952.0,0.04608,3372.0,0.04613,2.0,0.04614,1960.0
1753599990955,07:06:30.955,blofin,ACT/USDT:USDT,0.0461,954.0,0.04608,3372.0,0.04613,2.0,0.04614,1960.0
1753599991955,07:06:31.955,blofin,ACT/USDT:USDT,0.0461,980.0,0.04608,3372.0,0.04613,2.0,0.04614,1970.0
1753599992455,07:06:32.455,blofin,ACT/USDT:USDT,0.0461,980.0,0.04608,3372.0,0.04613,2.0,0.04614,1970.0
1753599992957,07:06:32.957,blofin,ACT/USDT:USDT,0.0461,977.0,0.04608,3372.0,0.04613,2.0,0.04614,1970.0
1753599993456,07:06:33.456,blofin,ACT/USDT:USDT,0.0461,978.0,0.04609,6027.0,0.04613,1970.0,0.04614,5.0
1753599994112,07:06:34.112,blofin,ACT/USDT:USDT,0.0461,978.0,0.04609,6027.0,0.04613,1975.0,0.04614,486.0
1753599994457,07:06:34.457,blofin,ACT/USDT:USDT,0.0461,978.0,0.04609,6027.0,0.04613,1974.0,0.04614,486.0
1753599994958,07:06:34.958,blofin,ACT/USDT:USDT,0.0461,978.0,0.04609,6027.0,0.04613,1971.0,0.04614,486.0
1753599995458,07:06:35.458,blofin,ACT/USDT:USDT,0.0461,978.0,0.04609,11107.0,0.04613,1971.0,0.04617,7020.0
1753599995959,07:06:35.959,blofin,ACT/USDT:USDT,0.0461,978.0,0.04609,11107.0,0.04613,1971.0,0.04617,7020.0
1753599996459,07:06:36.459,blofin,ACT/USDT:USDT,0.0461,967.0,0.04608,4457.0,0.04613,3.0,0.04614,1968.0
1753599996960,07:06:36.960,blofin,ACT/USDT:USDT,0.0461,969.0,0.04608,4457.0,0.04613,3.0,0.04614,1968.0
1753599997461,07:06:37.461,blofin,ACT/USDT:USDT,0.0461,968.0,0.04608,3372.0,0.04613,1971.0,0.04616,5943.0
1753599998111,07:06:38.111,blofin,ACT/USDT:USDT,0.0461,970.0,0.04608,3372.0,0.04613,1973.0,0.04616,5943.0
1753599998463,07:06:38.463,blofin,ACT/USDT:USDT,0.0461,970.0,0.04608,4187.0,0.04613,2.0,0.04614,1969.0
1753599999112,07:06:39.112,blofin,ACT/USDT:USDT,0.0461,970.0,0.04608,3372.0,0.04613,2.0,0.04614,1973.0
1753599999466,07:06:39.466,blofin,ACT/USDT:USDT,0.0461,969.0,0.04608,3372.0,0.04613,2.0,0.04614,1973.0
1753600000116,07:06:40.116,blofin,ACT/USDT:USDT,0.0461,970.0,0.04608,3372.0,0.04613,2.0,0.04614,1973.0
1753600000467,07:06:40.467,blofin,ACT/USDT:USDT,0.04611,966.0,0.0461,4.0,0.04613,1970.0,0.04614,5.0
1753600001473,07:06:41.473,blofin,ACT/USDT:USDT,0.04611,29.0,0.0461,4.0,0.04613,2.0,0.04614,1272.0
1753600002473,07:06:42.473,blofin,ACT/USDT:USDT,0.04611,116.0,0.0461,4.0,0.04613,2.0,0.04614,3087.0
1753600003114,07:06:43.114,blofin,ACT/USDT:USDT,0.04611,116.0,0.0461,4.0,0.04613,2.0,0.04614,3085.0
1753600003485,07:06:43.485,blofin,ACT/USDT:USDT,0.04611,116.0,0.0461,4.0,0.04613,2.0,0.04614,3085.0
1753600004118,07:06:44.118,blofin,ACT/USDT:USDT,0.04611,112.0,0.0461,4.0,0.04613,2.0,0.04614,3085.0
1753600004975,07:06:44.975,blofin,ACT/USDT:USDT,0.04611,112.0,0.0461,4.0,0.04613,2.0,0.04614,3085.0
1753600005479,07:06:45.479,blofin,ACT/USDT:USDT,0.04611,116.0,0.0461,4.0,0.04613,3086.0,0.04614,1103.0
1753600006121,07:06:46.121,blofin,ACT/USDT:USDT,0.04611,116.0,0.0461,2291.0,0.04613,2.0,0.04614,2654.0
1753600006478,07:06:46.478,blofin,ACT/USDT:USDT,0.04611,116.0,0.0461,2291.0,0.04613,2.0,0.04614,2654.0
1753600007235,07:06:47.235,blofin,ACT/USDT:USDT,0.04611,5.0,0.0461,864.0,0.04613,3026.0,0.04614,1.0
1753600007477,07:06:47.477,blofin,ACT/USDT:USDT,0.04611,5.0,0.0461,864.0,0.04613,3031.0,0.04618,6273.0
1753600008117,07:06:48.117,blofin,ACT/USDT:USDT,0.0461,879.0,0.04608,3372.0,0.04613,2.0,0.04614,13.0
1753600008478,07:06:48.478,blofin,ACT/USDT:USDT,0.0461,879.0,0.04608,3372.0,0.04613,2618.0,0.04617,2987.0
1753600009124,07:06:49.124,blofin,ACT/USDT:USDT,0.0461,879.0,0.04608,3372.0,0.04613,3.0,0.04614,3311.0
1753600009982,07:06:49.982,blofin,ACT/USDT:USDT,0.0461,879.0,0.04608,3372.0,0.04613,2.0,0.04614,3315.0
1753600010483,07:06:50.483,blofin,ACT/USDT:USDT,0.0461,879.0,0.04608,3372.0,0.04613,2.0,0.04614,3315.0
1753600011121,07:06:51.121,blofin,ACT/USDT:USDT,0.04611,26.0,0.0461,4.0,0.04613,2962.0,0.04614,4.0
1753600011484,07:06:51.484,blofin,ACT/USDT:USDT,0.04611,26.0,0.0461,4.0,0.04613,2963.0,0.04618,3078.0
1753600012122,07:06:52.122,blofin,ACT/USDT:USDT,0.04611,26.0,0.0461,4.0,0.04613,7.0,0.04614,2960.0
1753600012998,07:06:52.998,blofin,ACT/USDT:USDT,0.04611,26.0,0.0461,4.0,0.04613,2.0,0.04614,2961.0
1753600013497,07:06:53.497,blofin,ACT/USDT:USDT,0.04611,788.0,0.04609,1863.0,0.04614,2299.0,0.04617,263.0
1753600014125,07:06:54.125,blofin,ACT/USDT:USDT,0.04611,788.0,0.04609,5563.0,0.04614,2277.0,0.04618,3350.0
1753600014489,07:06:54.489,blofin,ACT/USDT:USDT,0.04611,787.0,0.04609,5563.0,0.04614,2277.0,0.04618,3350.0
1753600015125,07:06:55.125,blofin,ACT/USDT:USDT,0.04611,787.0,0.04609,1863.0,0.04613,2225.0,0.04614,6.0
1753600015992,07:06:55.992,blofin,ACT/USDT:USDT,0.04611,789.0,0.04609,1863.0,0.04613,2225.0,0.04614,6.0
1753600016492,07:06:56.492,blofin,ACT/USDT:USDT,0.04611,115.0,0.0461,6033.0,0.04614,2262.0,0.04615,974.0
1753600016993,07:06:56.993,blofin,ACT/USDT:USDT,0.04611,115.0,0.0461,6033.0,0.04614,2259.0,0.04615,974.0
1753600017493,07:06:57.493,blofin,ACT/USDT:USDT,0.04611,115.0,0.04609,1863.0,0.04614,2262.0,0.04616,3431.0
1753600018128,07:06:58.128,blofin,ACT/USDT:USDT,0.04611,113.0,0.0461,1838.0,0.04614,2258.0,0.04616,3431.0
1753600018501,07:06:58.501,blofin,ACT/USDT:USDT,0.04611,112.0,0.0461,1838.0,0.04614,2258.0,0.04616,5208.0
1753600019128,07:06:59.128,blofin,ACT/USDT:USDT,0.04611,115.0,0.0461,1838.0,0.04614,2258.0,0.04616,935.0
1753600019998,07:06:59.998,blofin,ACT/USDT:USDT,0.04611,115.0,0.04609,7054.0,0.04614,2258.0,0.04616,935.0
1753600020999,07:07:00.999,blofin,ACT/USDT:USDT,0.04612,784.0,0.04611,1.0,0.04614,2.0,0.04615,2234.0
1753600021502,07:07:01.502,blofin,ACT/USDT:USDT,0.04612,689.0,0.04611,1.0,0.04614,370.0,0.04619,4665.0
1753600022130,07:07:02.130,blofin,ACT/USDT:USDT,0.04612,689.0,0.04611,1.0,0.04614,416.0,0.04616,3744.0
1753600022503,07:07:02.503,blofin,ACT/USDT:USDT,0.04612,689.0,0.04611,1.0,0.04614,416.0,0.04616,3744.0
1753600023131,07:07:03.131,blofin,ACT/USDT:USDT,0.04612,691.0,0.04611,1.0,0.04614,418.0,0.04616,3744.0
1753600023503,07:07:03.503,blofin,ACT/USDT:USDT,0.04612,691.0,0.04611,1.0,0.04614,418.0,0.04615,4940.0
1753600024507,07:07:04.507,blofin,ACT/USDT:USDT,0.04612,691.0,0.04611,1.0,0.04614,5.0,0.04615,592.0
1753600025133,07:07:05.133,blofin,ACT/USDT:USDT,0.04612,778.0,0.04611,1.0,0.04614,5.0,0.04615,601.0
1753600025506,07:07:05.506,blofin,ACT/USDT:USDT,0.04612,778.0,0.04611,1.0,0.04614,1.0,0.04615,604.0
1753600026134,07:07:06.134,blofin,ACT/USDT:USDT,0.04612,778.0,0.04611,1.0,0.04614,1.0,0.04615,604.0
1753600027510,07:07:07.510,blofin,ACT/USDT:USDT,0.04612,777.0,0.04611,1.0,0.04614,606.0,0.04615,5577.0
1753600028011,07:07:08.011,blofin,ACT/USDT:USDT,0.04612,777.0,0.04611,1.0,0.04614,606.0,0.04615,5577.0
1753600029513,07:07:09.513,blofin,ACT/USDT:USDT,0.04612,87.0,0.04611,1.0,0.04614,1.0,0.04615,602.0
1753600030014,07:07:10.014,blofin,ACT/USDT:USDT,0.04612,1.0,0.04611,87.0,0.04614,607.0,0.04617,1541.0
1753600030513,07:07:10.513,blofin,ACT/USDT:USDT,0.04612,1.0,0.04611,634.0,0.04614,158.0,0.04618,604.0
1753600031136,07:07:11.136,blofin,ACT/USDT:USDT,0.04612,1.0,0.04611,634.0,0.04614,158.0,0.04615,3386.0
1753600031515,07:07:11.515,blofin,ACT/USDT:USDT,0.04612,1.0,0.04611,634.0,0.04614,158.0,0.04615,3386.0
1753600032137,07:07:12.137,blofin,ACT/USDT:USDT,0.04612,1.0,0.04611,634.0,0.04613,152.0,0.04614,6.0
1753600032518,07:07:12.518,blofin,ACT/USDT:USDT,0.04612,1.0,0.04611,634.0,0.04613,154.0,0.04614,1.0
1753600033136,07:07:13.136,blofin,ACT/USDT:USDT,0.04611,639.0,0.0461,5509.0,0.04613,155.0,0.04614,1.0
1753600033692,07:07:13.692,blofin,ACT/USDT:USDT,0.04611,6.0,0.0461,6142.0,0.04613,847.0,0.04614,5.0
1753600034141,07:07:14.141,blofin,ACT/USDT:USDT,0.04611,1.0,0.0461,5509.0,0.04612,113.0,0.04614,5.0
1753600035138,07:07:15.138,blofin,ACT/USDT:USDT,0.0461,5509.0,0.04609,1876.0,0.04611,879.0,0.04612,1079.0
1753600035521,07:07:15.521,blofin,ACT/USDT:USDT,0.0461,5509.0,0.04609,1876.0,0.04611,880.0,0.04612,1074.0
1753600036521,07:07:16.521,blofin,ACT/USDT:USDT,0.04609,1963.0,0.04608,3011.0,0.04611,1227.0,0.04612,1265.0
1753600037524,07:07:17.524,blofin,ACT/USDT:USDT,0.04609,1963.0,0.04608,2208.0,0.04611,1.0,0.04612,1226.0
1753600038025,07:07:18.025,blofin,ACT/USDT:USDT,0.04609,1963.0,0.04608,2208.0,0.04612,1229.0,0.04614,1.0
1753600038526,07:07:18.526,blofin,ACT/USDT:USDT,0.04609,1875.0,0.04608,12417.0,0.04612,793.0,0.04613,1319.0
1753600039026,07:07:19.026,blofin,ACT/USDT:USDT,0.04609,1876.0,0.04608,12417.0,0.04612,793.0,0.04613,1319.0
1753600039528,07:07:19.528,blofin,ACT/USDT:USDT,0.04609,1875.0,0.04608,8366.0,0.04611,788.0,0.04612,5.0
1753600040141,07:07:20.141,blofin,ACT/USDT:USDT,0.04609,1875.0,0.04608,8366.0,0.04611,3.0,0.04612,788.0
1753600040530,07:07:20.530,blofin,ACT/USDT:USDT,0.04609,1875.0,0.04608,2208.0,0.04611,3.0,0.04612,788.0
1753600041140,07:07:21.140,blofin,ACT/USDT:USDT,0.04609,1875.0,0.04608,2208.0,0.04611,3.0,0.04612,1135.0
1753600041532,07:07:21.532,blofin,ACT/USDT:USDT,0.04609,1875.0,0.04608,2208.0,0.04612,1137.0,0.04614,1.0
1753600042310,07:07:22.310,blofin,ACT/USDT:USDT,0.04609,1867.0,0.04608,2216.0,0.0461,1135.0,0.04612,2.0
1753600042534,07:07:22.534,blofin,ACT/USDT:USDT,0.04609,1863.0,0.04608,2221.0,0.0461,1135.0,0.04612,2.0
1753600043150,07:07:23.150,blofin,ACT/USDT:USDT,0.04609,1863.0,0.04608,2347.0,0.0461,437.0,0.04612,2.0
1753600043580,07:07:23.580,blofin,ACT/USDT:USDT,0.04608,2.0,0.04607,273.0,0.0461,444.0,0.04614,1022.0
1753600044035,07:07:24.035,blofin,ACT/USDT:USDT,0.04608,2.0,0.04607,273.0,0.0461,444.0,0.04614,1022.0
1753600045145,07:07:25.145,blofin,ACT/USDT:USDT,0.04608,1.0,0.04607,843.0,0.0461,784.0,0.04612,3286.0
1753600045549,07:07:25.549,blofin,ACT/USDT:USDT,0.04608,1.0,0.04607,843.0,0.0461,785.0,0.04612,3286.0
1753600046144,07:07:26.144,blofin,ACT/USDT:USDT,0.04608,1.0,0.04607,687.0,0.04609,779.0,0.0461,6.0
1753600046539,07:07:26.539,blofin,ACT/USDT:USDT,0.04608,1.0,0.04607,687.0,0.04609,780.0,0.0461,2.0
1753600047146,07:07:27.146,blofin,ACT/USDT:USDT,0.04607,140.0,0.04605,2995.0,0.04609,291.0,0.0461,2.0
1753600047540,07:07:27.540,blofin,ACT/USDT:USDT,0.04607,137.0,0.04605,5419.0,0.04608,290.0,0.04609,1.0
1753600048198,07:07:28.198,blofin,ACT/USDT:USDT,0.04606,2102.0,0.04605,2971.0,0.04608,1.0,0.0461,76.0
1753600048541,07:07:28.541,blofin,ACT/USDT:USDT,0.04606,2102.0,0.04605,2971.0,0.04608,1.0,0.0461,76.0
1753600049042,07:07:29.042,blofin,ACT/USDT:USDT,0.04606,2103.0,0.04605,2967.0,0.04608,1.0,0.0461,76.0
1753600049145,07:07:29.145,blofin,ACT/USDT:USDT,0.04606,664.0,0.04605,7222.0,0.04608,984.0,0.04609,3007.0
1753600049543,07:07:29.543,blofin,ACT/USDT:USDT,0.04606,664.0,0.04605,7222.0,0.04608,986.0,0.04609,3007.0
1753600050781,07:07:30.781,blofin,ACT/USDT:USDT,0.04606,664.0,0.04605,4310.0,0.04609,629.0,0.0461,2.0
1753600051147,07:07:31.147,blofin,ACT/USDT:USDT,0.04607,227.0,0.04606,1.0,0.04609,3.0,0.0461,439.0
1753600051547,07:07:31.547,blofin,ACT/USDT:USDT,0.04607,227.0,0.04606,1.0,0.0461,441.0,0.04615,5077.0
1753600052148,07:07:32.148,blofin,ACT/USDT:USDT,0.04607,229.0,0.04605,12752.0,0.0461,441.0,0.04611,3775.0
1753600053147,07:07:33.147,blofin,ACT/USDT:USDT,0.04607,230.0,0.04606,3409.0,0.0461,441.0,0.04611,3775.0
1753600053733,07:07:33.733,blofin,ACT/USDT:USDT,0.04608,890.0,0.04607,2269.0,0.0461,119.0,0.04614,1643.0
1753600054149,07:07:34.149,blofin,ACT/USDT:USDT,0.04608,663.0,0.04607,3.0,0.0461,4.0,0.04611,350.0
1753600054604,07:07:34.604,blofin,ACT/USDT:USDT,0.04607,666.0,0.04605,8709.0,0.0461,4.0,0.04611,350.0
1753600055149,07:07:35.149,blofin,ACT/USDT:USDT,0.04607,678.0,0.04605,8709.0,0.0461,2.0,0.04611,351.0
1753600055551,07:07:35.551,blofin,ACT/USDT:USDT,0.04607,678.0,0.04605,8709.0,0.0461,2.0,0.04611,354.0
1753600056152,07:07:36.152,blofin,ACT/USDT:USDT,0.04607,678.0,0.04605,6235.0,0.0461,699.0,0.04611,4.0
1753600056553,07:07:36.553,blofin,ACT/USDT:USDT,0.04607,678.0,0.04605,6235.0,0.0461,700.0,0.04613,1331.0
1753600057244,07:07:37.244,blofin,ACT/USDT:USDT,0.04608,675.0,0.04607,3.0,0.0461,5.0,0.04611,697.0
1753600057554,07:07:37.554,blofin,ACT/USDT:USDT,0.04608,677.0,0.04605,6235.0,0.0461,5.0,0.04611,697.0
1753600058555,07:07:38.555,blofin,ACT/USDT:USDT,0.04608,670.0,0.04606,202.0,0.0461,345.0,0.04614,1163.0
1753600059055,07:07:39.055,blofin,ACT/USDT:USDT,0.04608,2.0,0.04607,668.0,0.0461,7.0,0.04611,229.0
1753600059152,07:07:39.152,blofin,ACT/USDT:USDT,0.04608,2.0,0.04607,916.0,0.0461,7.0,0.04611,898.0
1753600060057,07:07:40.057,blofin,ACT/USDT:USDT,0.04607,917.0,0.04606,5633.0,0.0461,7.0,0.04611,898.0
1753600060155,07:07:40.155,blofin,ACT/USDT:USDT,0.04607,676.0,0.04606,1352.0,0.0461,7.0,0.04611,1245.0
1753600060557,07:07:40.557,blofin,ACT/USDT:USDT,0.04607,677.0,0.04606,1352.0,0.0461,7.0,0.04611,1245.0
1753600061157,07:07:41.157,blofin,ACT/USDT:USDT,0.04607,677.0,0.04605,2967.0,0.0461,2.0,0.04611,1246.0
1753600061560,07:07:41.560,blofin,ACT/USDT:USDT,0.04607,677.0,0.04605,2967.0,0.0461,2.0,0.04611,1249.0
1753600062161,07:07:42.161,blofin,ACT/USDT:USDT,0.04607,679.0,0.04605,2967.0,0.0461,2.0,0.04611,1249.0
1753600063063,07:07:43.063,blofin,ACT/USDT:USDT,0.04607,676.0,0.04605,2967.0,0.0461,2.0,0.04611,1249.0
1753600063562,07:07:43.562,blofin,ACT/USDT:USDT,0.04607,679.0,0.04605,2967.0,0.0461,2.0,0.04611,1247.0
1753600064062,07:07:44.062,blofin,ACT/USDT:USDT,0.04607,679.0,0.04605,2967.0,0.0461,2.0,0.04611,1248.0
1753600064564,07:07:44.564,blofin,ACT/USDT:USDT,0.04607,676.0,0.04605,2967.0,0.0461,1247.0,0.04611,3.0
1753600065161,07:07:45.161,blofin,ACT/USDT:USDT,0.04607,676.0,0.04606,4009.0,0.0461,4.0,0.04611,1266.0
1753600066163,07:07:46.163,blofin,ACT/USDT:USDT,0.04607,678.0,0.04605,2967.0,0.0461,2.0,0.04611,1268.0
1753600066567,07:07:46.567,blofin,ACT/USDT:USDT,0.04607,678.0,0.04605,2967.0,0.0461,2.0,0.04611,1268.0
1753600067164,07:07:47.164,blofin,ACT/USDT:USDT,0.04607,676.0,0.04606,5134.0,0.0461,2.0,0.04611,1268.0
1753600067567,07:07:47.567,blofin,ACT/USDT:USDT,0.04607,49.0,0.04605,2967.0,0.0461,2.0,0.04611,1324.0
1753600068162,07:07:48.162,blofin,ACT/USDT:USDT,0.04608,678.0,0.04606,3694.0,0.0461,1329.0,0.04611,6655.0
1753600068570,07:07:48.570,blofin,ACT/USDT:USDT,0.04608,53.0,0.04605,7450.0,0.0461,7.0,0.04611,1322.0
1753600069163,07:07:49.163,blofin,ACT/USDT:USDT,0.04608,53.0,0.04605,7275.0,0.0461,2.0,0.04611,1326.0
1753600069571,07:07:49.571,blofin,ACT/USDT:USDT,0.04608,53.0,0.04605,7275.0,0.0461,2.0,0.04611,1324.0
1753600070172,07:07:50.172,blofin,ACT/USDT:USDT,0.04608,62.0,0.04605,5583.0,0.0461,1324.0,0.04611,2.0
1753600070572,07:07:50.572,blofin,ACT/USDT:USDT,0.04608,62.0,0.04605,5583.0,0.0461,1329.0,0.04613,563.0
1753600071174,07:07:51.174,blofin,ACT/USDT:USDT,0.04608,14.0,0.04605,2967.0,0.0461,7.0,0.04611,1322.0
1753600071572,07:07:51.572,blofin,ACT/USDT:USDT,0.04608,14.0,0.04605,2967.0,0.0461,2.0,0.04611,1325.0
1753600072166,07:07:52.166,blofin,ACT/USDT:USDT,0.04608,12.0,0.04607,4153.0,0.0461,2.0,0.04611,1347.0
1753600072578,07:07:52.578,blofin,ACT/USDT:USDT,0.04608,10.0,0.04607,4153.0,0.0461,2.0,0.04611,1347.0
1753600073176,07:07:53.176,blofin,ACT/USDT:USDT,0.04608,17.0,0.04607,4153.0,0.04611,1351.0,0.04616,5092.0
1753600073578,07:07:53.578,blofin,ACT/USDT:USDT,0.04608,19.0,0.04604,5052.0,0.04611,1876.0,0.04616,5071.0
1753600074167,07:07:54.167,blofin,ACT/USDT:USDT,0.04608,18.0,0.04606,3501.0,0.04611,1876.0,0.04616,2641.0
1753600075167,07:07:55.167,blofin,ACT/USDT:USDT,0.04608,18.0,0.04604,6362.0,0.04611,1875.0,0.04616,635.0
1753600075579,07:07:55.579,blofin,ACT/USDT:USDT,0.04608,18.0,0.04607,1441.0,0.04611,1875.0,0.04616,635.0
1753600076172,07:07:56.172,blofin,ACT/USDT:USDT,0.04608,18.0,0.04607,1441.0,0.04611,1879.0,0.04616,366.0
1753600076579,07:07:56.579,blofin,ACT/USDT:USDT,0.04608,18.0,0.04605,242.0,0.04611,1879.0,0.04616,366.0
1753600077169,07:07:57.169,blofin,ACT/USDT:USDT,0.04608,18.0,0.04604,5052.0,0.04611,2743.0,0.04615,6668.0
1753600077581,07:07:57.581,blofin,ACT/USDT:USDT,0.04608,18.0,0.04604,5052.0,0.04611,2743.0,0.04615,6668.0
1753600078168,07:07:58.168,blofin,ACT/USDT:USDT,0.04608,5.0,0.04607,12.0,0.04611,2106.0,0.04612,5497.0
1753600078585,07:07:58.585,blofin,ACT/USDT:USDT,0.04608,5.0,0.04607,57.0,0.0461,3324.0,0.04611,9.0
1753600079171,07:07:59.171,blofin,ACT/USDT:USDT,0.04608,5.0,0.04607,45.0,0.0461,455.0,0.04611,9.0
1753600079583,07:07:59.583,blofin,ACT/USDT:USDT,0.04608,5.0,0.04607,45.0,0.0461,455.0,0.04611,9.0
1753600080172,07:08:00.172,blofin,ACT/USDT:USDT,0.04608,5.0,0.04607,48.0,0.0461,455.0,0.04611,84.0
1753600080584,07:08:00.584,blofin,ACT/USDT:USDT,0.04608,5.0,0.04607,48.0,0.0461,455.0,0.04611,84.0
1753600081173,07:08:01.173,blofin,ACT/USDT:USDT,0.04608,5.0,0.04607,48.0,0.04609,305.0,0.0461,4302.0
1753600082173,07:08:02.173,blofin,ACT/USDT:USDT,0.04606,748.0,0.04604,5052.0,0.04609,347.0,0.0461,1.0
1753600082586,07:08:02.586,blofin,ACT/USDT:USDT,0.04606,748.0,0.04604,5052.0,0.04609,347.0,0.0461,1.0
1753600083177,07:08:03.177,blofin,ACT/USDT:USDT,0.04606,3.0,0.04605,207.0,0.04608,310.0,0.0461,1.0
1753600083589,07:08:03.589,blofin,ACT/USDT:USDT,0.04605,212.0,0.04604,5052.0,0.04608,314.0,0.04611,4.0
1753600084178,07:08:04.178,blofin,ACT/USDT:USDT,0.04605,212.0,0.04604,5052.0,0.04607,310.0,0.04608,4.0
1753600084590,07:08:04.590,blofin,ACT/USDT:USDT,0.04605,208.0,0.04604,5052.0,0.04607,310.0,0.04608,4.0
1753600085174,07:08:05.174,blofin,ACT/USDT:USDT,0.04605,208.0,0.04604,5052.0,0.04608,314.0,0.04609,1804.0
1753600085593,07:08:05.593,blofin,ACT/USDT:USDT,0.04605,208.0,0.04604,5052.0,0.04608,315.0,0.04609,1804.0
1753600086178,07:08:06.178,blofin,ACT/USDT:USDT,0.04605,52.0,0.04604,5052.0,0.04608,315.0,0.0461,2634.0
1753600086595,07:08:06.595,blofin,ACT/USDT:USDT,0.04605,52.0,0.04604,5052.0,0.04608,315.0,0.0461,2634.0
1753600087177,07:08:07.177,blofin,ACT/USDT:USDT,0.04606,227.0,0.04605,1229.0,0.04609,1400.0,0.0461,1519.0
1753600087596,07:08:07.596,blofin,ACT/USDT:USDT,0.04606,230.0,0.04605,1228.0,0.04609,1400.0,0.0461,1519.0
1753600088177,07:08:08.177,blofin,ACT/USDT:USDT,0.04606,230.0,0.04605,1228.0,0.04609,1397.0,0.0461,1519.0
1753600088597,07:08:08.597,blofin,ACT/USDT:USDT,0.04606,231.0,0.04605,6641.0,0.04609,1427.0,0.04611,4.0
1753600089178,07:08:09.178,blofin,ACT/USDT:USDT,0.04606,231.0,0.04604,5052.0,0.04608,755.0,0.04609,3.0
1753600090375,07:08:10.375,blofin,ACT/USDT:USDT,0.04606,4.0,0.04605,227.0,0.04608,758.0,0.0461,2889.0
1753600090600,07:08:10.600,blofin,ACT/USDT:USDT,0.04606,4.0,0.04605,227.0,0.04608,758.0,0.0461,2889.0
1753600091178,07:08:11.178,blofin,ACT/USDT:USDT,0.04606,4.0,0.04605,1082.0,0.04608,757.0,0.04611,1587.0
1753600092101,07:08:12.101,blofin,ACT/USDT:USDT,0.04606,4.0,0.04605,1082.0,0.04608,757.0,0.04611,1587.0
1753600092603,07:08:12.603,blofin,ACT/USDT:USDT,0.04605,1133.0,0.04604,7824.0,0.04608,2.0,0.04609,1379.0
1753600094184,07:08:14.184,blofin,ACT/USDT:USDT,0.04605,101.0,0.04604,5052.0,0.04608,1379.0,0.04609,5.0
1753600094607,07:08:14.607,blofin,ACT/USDT:USDT,0.04605,103.0,0.04604,5052.0,0.04608,1379.0,0.04609,5.0
1753600095185,07:08:15.185,blofin,ACT/USDT:USDT,0.04605,103.0,0.04604,5052.0,0.04608,2.0,0.04609,1379.0
1753600095608,07:08:15.608,blofin,ACT/USDT:USDT,0.04605,102.0,0.04604,5052.0,0.04608,2.0,0.04609,1379.0
1753600096417,07:08:16.417,blofin,ACT/USDT:USDT,0.04605,102.0,0.04604,5052.0,0.04608,1379.0,0.04609,3.0
1753600096615,07:08:16.615,blofin,ACT/USDT:USDT,0.04605,102.0,0.04604,5052.0,0.04608,1379.0,0.04609,3.0
1753600097183,07:08:17.183,blofin,ACT/USDT:USDT,0.04605,102.0,0.04604,5052.0,0.04607,1063.0,0.04608,4.0
1753600097613,07:08:17.613,blofin,ACT/USDT:USDT,0.04605,101.0,0.04604,5052.0,0.04607,1063.0,0.04608,4.0
1753600098184,07:08:18.184,blofin,ACT/USDT:USDT,0.04605,102.0,0.04604,7589.0,0.04607,1066.0,0.04611,57.0
1753600098613,07:08:18.613,blofin,ACT/USDT:USDT,0.04605,102.0,0.04604,7589.0,0.04608,1068.0,0.04611,4.0
1753600099187,07:08:19.187,blofin,ACT/USDT:USDT,0.04605,102.0,0.04604,5052.0,0.04607,1063.0,0.04608,5.0
1753600099613,07:08:19.613,blofin,ACT/USDT:USDT,0.04605,100.0,0.04604,5052.0,0.04607,1063.0,0.04608,5.0
1753600100186,07:08:20.186,blofin,ACT/USDT:USDT,0.04605,47.0,0.04604,6783.0,0.04608,1068.0,0.04611,4263.0
1753600100614,07:08:20.614,blofin,ACT/USDT:USDT,0.04605,47.0,0.04604,7247.0,0.04608,1068.0,0.04611,4263.0
1753600101189,07:08:21.189,blofin,ACT/USDT:USDT,0.04605,47.0,0.04604,5052.0,0.04608,1068.0,0.04611,4.0
1753600101618,07:08:21.618,blofin,ACT/USDT:USDT,0.04605,47.0,0.04604,5052.0,0.04608,1065.0,0.04611,4.0
1753600102303,07:08:22.303,blofin,ACT/USDT:USDT,0.04605,1.0,0.04604,5098.0,0.04607,1063.0,0.04608,2.0
1753600102618,07:08:22.618,blofin,ACT/USDT:USDT,0.04604,5102.0,0.04603,8042.0,0.04607,1063.0,0.04608,2.0
1753600103195,07:08:23.195,blofin,ACT/USDT:USDT,0.04604,5158.0,0.04603,7236.0,0.04606,1111.0,0.04608,2.0
1753600103620,07:08:23.620,blofin,ACT/USDT:USDT,0.04604,106.0,0.04603,16055.0,0.04606,1116.0,0.04607,4.0
1753600104189,07:08:24.189,blofin,ACT/USDT:USDT,0.04604,108.0,0.04603,8819.0,0.04606,5.0,0.04607,1115.0
1753600104623,07:08:24.623,blofin,ACT/USDT:USDT,0.04604,107.0,0.04603,8819.0,0.04606,5.0,0.04607,1115.0
1753600105192,07:08:25.192,blofin,ACT/USDT:USDT,0.04604,107.0,0.04603,8819.0,0.04607,1117.0,0.0461,3539.0
1753600105624,07:08:25.624,blofin,ACT/USDT:USDT,0.04604,107.0,0.04603,8819.0,0.04607,1117.0,0.0461,3539.0
1753600106190,07:08:26.190,blofin,ACT/USDT:USDT,0.04604,758.0,0.04603,8819.0,0.04606,1111.0,0.04607,6.0
1753600106627,07:08:26.627,blofin,ACT/USDT:USDT,0.04604,758.0,0.04603,8819.0,0.04606,1113.0,0.04607,4.0
1753600107626,07:08:27.626,blofin,ACT/USDT:USDT,0.04604,761.0,0.04603,15519.0,0.04606,1113.0,0.04607,850.0
1753600108191,07:08:28.191,blofin,ACT/USDT:USDT,0.04604,758.0,0.04603,20752.0,0.04606,1114.0,0.04607,850.0
1753600108626,07:08:28.626,blofin,ACT/USDT:USDT,0.04604,758.0,0.04603,14320.0,0.04607,1118.0,0.0461,69.0
1753600109194,07:08:29.194,blofin,ACT/USDT:USDT,0.04604,759.0,0.04603,14052.0,0.04607,2855.0,0.04609,7548.0
1753600109629,07:08:29.629,blofin,ACT/USDT:USDT,0.04604,761.0,0.04603,14052.0,0.04607,2855.0,0.04609,7548.0
1753600110194,07:08:30.194,blofin,ACT/USDT:USDT,0.04604,110.0,0.04603,8819.0,0.04606,2848.0,0.04607,7.0
1753600110630,07:08:30.630,blofin,ACT/USDT:USDT,0.04604,108.0,0.04603,8819.0,0.04606,2848.0,0.04607,7.0
1753600111195,07:08:31.195,blofin,ACT/USDT:USDT,0.04604,108.0,0.04603,8819.0,0.04606,3.0,0.04607,2852.0
1753600111634,07:08:31.634,blofin,ACT/USDT:USDT,0.04604,108.0,0.04603,8819.0,0.04606,3.0,0.04607,2852.0
1753600112634,07:08:32.634,blofin,ACT/USDT:USDT,0.04604,108.0,0.04603,9985.0,0.04607,2855.0,0.04612,306.0
1753600113134,07:08:33.134,blofin,ACT/USDT:USDT,0.04604,109.0,0.04603,9985.0,0.04607,2855.0,0.04612,306.0
1753600113634,07:08:33.634,blofin,ACT/USDT:USDT,0.04604,109.0,0.04603,8819.0,0.04606,2848.0,0.04607,8.0
1753600114197,07:08:34.197,blofin,ACT/USDT:USDT,0.04604,109.0,0.04603,14521.0,0.04606,2852.0,0.04607,6561.0
1753600114721,07:08:34.721,blofin,ACT/USDT:USDT,0.04604,1150.0,0.04603,8819.0,0.04606,3215.0,0.04607,6.0
1753600115197,07:08:35.197,blofin,ACT/USDT:USDT,0.04604,7.0,0.04603,9509.0,0.04606,23.0,0.04607,4.0
1753600115638,07:08:35.638,blofin,ACT/USDT:USDT,0.04604,7.0,0.04603,9509.0,0.04606,23.0,0.04607,4.0
1753600116148,07:08:36.148,blofin,ACT/USDT:USDT,0.04604,7.0,0.04603,9509.0,0.04606,26.0,0.04607,4.0
1753600116641,07:08:36.641,blofin,ACT/USDT:USDT,0.04604,7.0,0.04603,9509.0,0.04605,21.0,0.04606,5.0
1753600117199,07:08:37.199,blofin,ACT/USDT:USDT,0.04604,3.0,0.04603,9510.0,0.04606,26.0,0.04607,4.0
1753600117640,07:08:37.640,blofin,ACT/USDT:USDT,0.04604,3.0,0.04603,9510.0,0.04606,26.0,0.04607,4.0
1753600118202,07:08:38.202,blofin,ACT/USDT:USDT,0.04604,3.0,0.04603,9513.0,0.04606,25.0,0.04607,4.0
1753600119199,07:08:39.199,blofin,ACT/USDT:USDT,0.04604,3.0,0.04603,9513.0,0.04605,3.0,0.04606,21.0
1753600119644,07:08:39.644,blofin,ACT/USDT:USDT,0.04604,3.0,0.04603,9513.0,0.04606,24.0,0.04607,4.0
1753600120200,07:08:40.200,blofin,ACT/USDT:USDT,0.04604,3.0,0.04603,9511.0,0.04606,372.0,0.04607,4280.0
1753600121154,07:08:41.154,blofin,ACT/USDT:USDT,0.04604,3.0,0.04603,9511.0,0.04606,374.0,0.04607,4280.0
1753600121824,07:08:41.824,blofin,ACT/USDT:USDT,0.04604,693.0,0.04603,8822.0,0.04606,5.0,0.04607,351.0
1753600122201,07:08:42.201,blofin,ACT/USDT:USDT,0.04604,661.0,0.04603,8822.0,0.04607,2449.0,0.04611,798.0
1753600123201,07:08:43.201,blofin,ACT/USDT:USDT,0.04604,663.0,0.04603,8819.0,0.04607,2447.0,0.04611,798.0
1753600123651,07:08:43.651,blofin,ACT/USDT:USDT,0.04604,663.0,0.04603,17712.0,0.04606,2442.0,0.04607,5.0
1753600124151,07:08:44.151,blofin,ACT/USDT:USDT,0.04604,663.0,0.04603,17712.0,0.04606,2443.0,0.04607,4.0
1753600124652,07:08:44.652,blofin,ACT/USDT:USDT,0.04604,663.0,0.04603,11664.0,0.04606,378.0,0.04607,4.0
1753600125207,07:08:45.207,blofin,ACT/USDT:USDT,0.04604,665.0,0.04603,18044.0,0.04606,378.0,0.04607,4.0
1753600125653,07:08:45.653,blofin,ACT/USDT:USDT,0.04604,665.0,0.04603,18044.0,0.04606,378.0,0.04607,4.0
1753600126156,07:08:46.156,blofin,ACT/USDT:USDT,0.04604,665.0,0.04603,27869.0,0.04606,378.0,0.04607,4.0
1753600126657,07:08:46.657,blofin,ACT/USDT:USDT,0.04604,665.0,0.04603,18644.0,0.04606,352.0,0.04607,4.0
1753600127223,07:08:47.223,blofin,ACT/USDT:USDT,0.04605,658.0,0.04604,7.0,0.04606,2.0,0.04607,4.0
1753600127657,07:08:47.657,blofin,ACT/USDT:USDT,0.04605,658.0,0.04604,7.0,0.04606,2.0,0.04607,4.0
1753600128209,07:08:48.209,blofin,ACT/USDT:USDT,0.04605,707.0,0.04604,3.0,0.04607,4.0,0.04608,621.0
1753600128658,07:08:48.658,blofin,ACT/USDT:USDT,0.04605,707.0,0.04604,3.0,0.04607,4.0,0.04608,621.0
1753600129159,07:08:49.159,blofin,ACT/USDT:USDT,0.04605,707.0,0.04604,3.0,0.04607,4.0,0.04608,617.0
1753600129660,07:08:49.660,blofin,ACT/USDT:USDT,0.04605,707.0,0.04604,3.0,0.04607,4.0,0.04608,617.0
1753600130162,07:08:50.162,blofin,ACT/USDT:USDT,0.04605,707.0,0.04604,3.0,0.04607,4.0,0.04608,618.0
1753600130661,07:08:50.661,blofin,ACT/USDT:USDT,0.04605,707.0,0.04604,1812.0,0.04607,4.0,0.04608,621.0
1753600131162,07:08:51.162,blofin,ACT/USDT:USDT,0.04605,707.0,0.04604,1812.0,0.04607,4.0,0.04608,621.0
1753600131663,07:08:51.663,blofin,ACT/USDT:USDT,0.04605,707.0,0.04604,3645.0,0.04607,4.0,0.04608,627.0
1753600132165,07:08:52.165,blofin,ACT/USDT:USDT,0.04605,707.0,0.04604,3645.0,0.04607,4.0,0.04608,631.0
1753600132665,07:08:52.665,blofin,ACT/USDT:USDT,0.04605,707.0,0.04604,3.0,0.04607,4.0,0.04608,631.0
1753600133216,07:08:53.216,blofin,ACT/USDT:USDT,0.04605,707.0,0.04604,3.0,0.04607,4.0,0.04608,631.0
1753600133666,07:08:53.666,blofin,ACT/USDT:USDT,0.04605,710.0,0.04601,6411.0,0.04608,632.0,0.04609,4641.0
1753600134165,07:08:54.165,blofin,ACT/USDT:USDT,0.04605,710.0,0.04601,6411.0,0.04608,635.0,0.04609,4641.0
1753600134666,07:08:54.666,blofin,ACT/USDT:USDT,0.04605,710.0,0.04602,3497.0,0.04608,631.0,0.04613,6855.0
1753600135166,07:08:55.166,blofin,ACT/USDT:USDT,0.04605,711.0,0.04602,3497.0,0.04608,631.0,0.04613,6855.0
1753600135667,07:08:55.667,blofin,ACT/USDT:USDT,0.04605,711.0,0.04601,7619.0,0.04608,633.0,0.04611,5715.0
1753600136410,07:08:56.410,blofin,ACT/USDT:USDT,0.04606,704.0,0.04605,7.0,0.04608,633.0,0.04613,9843.0
1753600137171,07:08:57.171,blofin,ACT/USDT:USDT,0.04606,704.0,0.04605,7.0,0.04608,633.0,0.04613,9843.0
1753600137674,07:08:57.674,blofin,ACT/USDT:USDT,0.04606,1012.0,0.04605,4.0,0.04608,7.0,0.04609,3073.0
1753600138173,07:08:58.173,blofin,ACT/USDT:USDT,0.04606,1012.0,0.04605,4.0,0.04608,7.0,0.04609,3073.0
1753600138675,07:08:58.675,blofin,ACT/USDT:USDT,0.04606,888.0,0.04605,4.0,0.04608,4.0,0.04609,3052.0
1753600139175,07:08:59.175,blofin,ACT/USDT:USDT,0.04606,888.0,0.04605,4.0,0.04608,4.0,0.04609,3055.0
1753600139677,07:08:59.677,blofin,ACT/USDT:USDT,0.04606,886.0,0.04605,4.0,0.04608,3077.0,0.04609,4.0
1753600140677,07:09:00.677,blofin,ACT/USDT:USDT,0.04606,886.0,0.04605,4.0,0.04608,4.0,0.04609,3074.0
1753600141679,07:09:01.679,blofin,ACT/USDT:USDT,0.04606,886.0,0.04605,4.0,0.04608,4.0,0.04609,2777.0
1753600142180,07:09:02.180,blofin,ACT/USDT:USDT,0.04606,886.0,0.04605,4.0,0.04608,4.0,0.04609,2777.0
1753600142684,07:09:02.684,blofin,ACT/USDT:USDT,0.04606,886.0,0.04605,7770.0,0.04608,4.0,0.04609,2780.0
1753600143184,07:09:03.184,blofin,ACT/USDT:USDT,0.04606,887.0,0.04605,7770.0,0.04608,4.0,0.04609,2780.0
1753600143684,07:09:03.684,blofin,ACT/USDT:USDT,0.04606,886.0,0.04605,7480.0,0.04608,4.0,0.04609,2778.0
1753600144687,07:09:04.687,blofin,ACT/USDT:USDT,0.04606,886.0,0.04605,4.0,0.04608,4.0,0.04609,2997.0
1753600145187,07:09:05.187,blofin,ACT/USDT:USDT,0.04606,886.0,0.04605,4.0,0.04608,4.0,0.04609,2998.0
1753600145688,07:09:05.688,blofin,ACT/USDT:USDT,0.04606,888.0,0.04605,1941.0,0.04608,4.0,0.04609,2998.0
1753600146700,07:09:06.700,blofin,ACT/USDT:USDT,0.04606,888.0,0.04605,4.0,0.04608,4.0,0.04609,2977.0
1753600147191,07:09:07.191,blofin,ACT/USDT:USDT,0.04607,886.0,0.04605,4.0,0.04608,4.0,0.04609,5.0
1753600147691,07:09:07.691,blofin,ACT/USDT:USDT,0.04607,664.0,0.04605,4.0,0.04608,4.0,0.04609,66.0
1753600148192,07:09:08.192,blofin,ACT/USDT:USDT,0.04607,664.0,0.04605,4.0,0.04608,4.0,0.04609,66.0
1753600148692,07:09:08.692,blofin,ACT/USDT:USDT,0.04607,711.0,0.04605,3405.0,0.04608,4.0,0.04609,55.0
1753600149194,07:09:09.194,blofin,ACT/USDT:USDT,0.04607,710.0,0.04605,3405.0,0.04608,4.0,0.04609,55.0
1753600149694,07:09:09.694,blofin,ACT/USDT:USDT,0.04607,710.0,0.04605,3405.0,0.04608,4.0,0.0461,33.0
1753600151699,07:09:11.699,blofin,ACT/USDT:USDT,0.04607,710.0,0.04605,3405.0,0.04608,4.0,0.04609,1.0
1753600152203,07:09:12.203,blofin,ACT/USDT:USDT,0.04607,710.0,0.04605,3405.0,0.04608,4.0,0.0461,41.0
1753600152697,07:09:12.697,blofin,ACT/USDT:USDT,0.04607,709.0,0.04605,3405.0,0.04608,4.0,0.0461,41.0
1753600153699,07:09:13.699,blofin,ACT/USDT:USDT,0.04607,51.0,0.04605,4.0,0.04608,4.0,0.0461,724.0
1753600154199,07:09:14.199,blofin,ACT/USDT:USDT,0.04607,53.0,0.04605,4.0,0.04608,4.0,0.0461,724.0
1753600154701,07:09:14.701,blofin,ACT/USDT:USDT,0.04607,53.0,0.04605,4.0,0.04608,4.0,0.0461,724.0
1753600155204,07:09:15.204,blofin,ACT/USDT:USDT,0.04607,51.0,0.04605,4.0,0.04608,4.0,0.0461,724.0
1753600156205,07:09:16.205,blofin,ACT/USDT:USDT,0.04607,53.0,0.04605,4.0,0.04608,4.0,0.04609,710.0
1753600156801,07:09:16.801,blofin,ACT/USDT:USDT,0.04607,753.0,0.04605,4.0,0.04608,4.0,0.04609,2.0
1753600157368,07:09:17.368,blofin,ACT/USDT:USDT,0.04607,5.0,0.04606,48.0,0.04608,4.0,0.04609,709.0
1753600157707,07:09:17.707,blofin,ACT/USDT:USDT,0.04607,5.0,0.04606,48.0,0.04608,4.0,0.04609,714.0
1753600158207,07:09:18.207,blofin,ACT/USDT:USDT,0.04607,5.0,0.04606,48.0,0.04608,4.0,0.04609,714.0
1753600158707,07:09:18.707,blofin,ACT/USDT:USDT,0.04606,288.0,0.04605,4.0,0.04608,948.0,0.04613,5997.0
1753600159207,07:09:19.207,blofin,ACT/USDT:USDT,0.04606,288.0,0.04605,4.0,0.04608,946.0,0.04613,5997.0
1753600159709,07:09:19.709,blofin,ACT/USDT:USDT,0.04606,288.0,0.04605,4.0,0.04608,4.0,0.04609,964.0
1753600160208,07:09:20.208,blofin,ACT/USDT:USDT,0.04606,288.0,0.04605,4.0,0.04608,4.0,0.04609,964.0
1753600160708,07:09:20.708,blofin,ACT/USDT:USDT,0.04606,288.0,0.04605,4.0,0.04608,4.0,0.04609,1103.0
1753600161211,07:09:21.211,blofin,ACT/USDT:USDT,0.04606,284.0,0.04605,4.0,0.04608,4.0,0.04609,1103.0
1753600161710,07:09:21.710,blofin,ACT/USDT:USDT,0.04606,284.0,0.04605,4.0,0.04608,4.0,0.04609,1105.0
1753600162212,07:09:22.212,blofin,ACT/USDT:USDT,0.04606,284.0,0.04605,4.0,0.04608,4.0,0.04609,1102.0
1753600163213,07:09:23.213,blofin,ACT/USDT:USDT,0.04606,236.0,0.04605,4.0,0.04608,4.0,0.04609,1102.0
1753600163714,07:09:23.714,blofin,ACT/USDT:USDT,0.04606,242.0,0.04605,3272.0,0.04608,1101.0,0.04609,5.0
1753600164215,07:09:24.215,blofin,ACT/USDT:USDT,0.04606,242.0,0.04602,3740.0,0.04608,1101.0,0.04609,5.0
1753600164716,07:09:24.716,blofin,ACT/USDT:USDT,0.04606,241.0,0.04602,10546.0,0.04608,1100.0,0.04609,6463.0
1753600165217,07:09:25.217,blofin,ACT/USDT:USDT,0.04606,243.0,0.04602,10546.0,0.04608,1100.0,0.04609,6463.0
1753600165719,07:09:25.719,blofin,ACT/USDT:USDT,0.04606,243.0,0.04604,2250.0,0.04609,1105.0,0.04613,3007.0
1753600166223,07:09:26.223,blofin,ACT/USDT:USDT,0.04606,240.0,0.04604,2250.0,0.04609,1105.0,0.04613,3007.0
1753600166721,07:09:26.721,blofin,ACT/USDT:USDT,0.04606,240.0,0.04604,2250.0,0.04609,1104.0,0.04614,509.0
1753600167223,07:09:27.223,blofin,ACT/USDT:USDT,0.04606,242.0,0.04604,2250.0,0.04609,1104.0,0.04614,509.0
1753600167901,07:09:27.901,blofin,ACT/USDT:USDT,0.04606,7.0,0.04605,235.0,0.04608,1100.0,0.04609,5574.0
1753600168223,07:09:28.223,blofin,ACT/USDT:USDT,0.04606,7.0,0.04605,235.0,0.04607,1100.0,0.04609,8090.0
1753600168724,07:09:28.724,blofin,ACT/USDT:USDT,0.04606,3.0,0.04605,46.0,0.04607,1.0,0.04608,671.0
1753600169235,07:09:29.235,blofin,ACT/USDT:USDT,0.04606,3.0,0.04605,46.0,0.04607,1.0,0.04608,671.0
1753600169725,07:09:29.725,blofin,ACT/USDT:USDT,0.04606,3.0,0.04605,46.0,0.04608,674.0,0.04609,1.0
1753600170226,07:09:30.226,blofin,ACT/USDT:USDT,0.04606,3.0,0.04605,44.0,0.04608,674.0,0.04609,1.0
1753600170728,07:09:30.728,blofin,ACT/USDT:USDT,0.04606,3.0,0.04605,44.0,0.04608,676.0,0.04609,687.0
1753600171730,07:09:31.730,blofin,ACT/USDT:USDT,0.04606,3.0,0.04605,44.0,0.04608,674.0,0.04609,1.0
1753600172230,07:09:32.230,blofin,ACT/USDT:USDT,0.04606,3.0,0.04605,44.0,0.04608,674.0,0.04609,1.0
1753600173346,07:09:33.346,blofin,ACT/USDT:USDT,0.04606,3.0,0.04605,1176.0,0.04607,2.0,0.04608,1124.0
1753600173740,07:09:33.740,blofin,ACT/USDT:USDT,0.04606,3.0,0.04605,1176.0,0.04608,1125.0,0.04609,8227.0
1753600174741,07:09:34.741,blofin,ACT/USDT:USDT,0.04606,3486.0,0.04604,12695.0,0.04608,22.0,0.04609,1.0
1753600175242,07:09:35.242,blofin,ACT/USDT:USDT,0.04606,3491.0,0.04604,12691.0,0.04608,22.0,0.04609,1.0
1753600175742,07:09:35.742,blofin,ACT/USDT:USDT,0.04606,3447.0,0.04604,4176.0,0.04608,1.0,0.04609,1130.0
1753600176244,07:09:36.244,blofin,ACT/USDT:USDT,0.04606,3447.0,0.04604,4176.0,0.04608,2.0,0.04609,1130.0
1753600176744,07:09:36.744,blofin,ACT/USDT:USDT,0.04606,3447.0,0.04604,4176.0,0.04608,200.0,0.04609,1.0
1753600177247,07:09:37.247,blofin,ACT/USDT:USDT,0.04606,3447.0,0.04604,4176.0,0.04608,200.0,0.04609,1275.0
1753600177746,07:09:37.746,blofin,ACT/USDT:USDT,0.04606,3447.0,0.04605,5266.0,0.04608,200.0,0.04609,1275.0
1753600178245,07:09:38.245,blofin,ACT/USDT:USDT,0.04606,3443.0,0.04602,7415.0,0.04608,198.0,0.04609,1275.0
1753600178748,07:09:38.748,blofin,ACT/USDT:USDT,0.04606,3443.0,0.04602,7415.0,0.04608,201.0,0.04609,1.0
1753600179248,07:09:39.248,blofin,ACT/USDT:USDT,0.04606,3443.0,0.04603,8722.0,0.04608,201.0,0.04609,3932.0
1753600180250,07:09:40.250,blofin,ACT/USDT:USDT,0.04606,3447.0,0.04603,8722.0,0.04608,199.0,0.04609,3932.0
1753600180751,07:09:40.751,blofin,ACT/USDT:USDT,0.04606,3447.0,0.04603,989.0,0.04608,2.0,0.04609,198.0
1753600181252,07:09:41.252,blofin,ACT/USDT:USDT,0.04606,3447.0,0.04604,6182.0,0.04608,199.0,0.04609,1.0
1753600181755,07:09:41.755,blofin,ACT/USDT:USDT,0.04606,3444.0,0.04604,6182.0,0.04608,200.0,0.04609,1.0
1753600182253,07:09:42.253,blofin,ACT/USDT:USDT,0.04606,3444.0,0.04603,989.0,0.04608,200.0,0.04609,1.0
1753600182755,07:09:42.755,blofin,ACT/USDT:USDT,0.04606,3444.0,0.04603,989.0,0.04608,198.0,0.04609,1.0
1753600183252,07:09:43.252,blofin,ACT/USDT:USDT,0.04606,3443.0,0.04604,2651.0,0.04608,200.0,0.04609,1.0
1753600183755,07:09:43.755,blofin,ACT/USDT:USDT,0.04606,3443.0,0.04604,3778.0,0.04608,3.0,0.04609,198.0
1753600184253,07:09:44.253,blofin,ACT/USDT:USDT,0.04606,3443.0,0.04604,10090.0,0.04608,3.0,0.04609,198.0
1753600184756,07:09:44.756,blofin,ACT/USDT:USDT,0.04606,3444.0,0.04604,10090.0,0.04609,200.0,0.04611,3190.0
1753600185259,07:09:45.259,blofin,ACT/USDT:USDT,0.04606,3444.0,0.04604,7040.0,0.04609,200.0,0.04614,3359.0
1753600185757,07:09:45.757,blofin,ACT/USDT:USDT,0.04606,3444.0,0.04604,4389.0,0.04609,200.0,0.04614,3359.0
1753600186255,07:09:46.255,blofin,ACT/USDT:USDT,0.04606,3444.0,0.04603,10153.0,0.04608,846.0,0.04609,3.0
1753600186765,07:09:46.765,blofin,ACT/USDT:USDT,0.04606,3443.0,0.04603,10153.0,0.04608,848.0,0.04609,1.0
1753600187255,07:09:47.255,blofin,ACT/USDT:USDT,0.04606,3443.0,0.04603,8959.0,0.04608,848.0,0.04609,3087.0
1753600187760,07:09:47.760,blofin,ACT/USDT:USDT,0.04606,3443.0,0.04603,15805.0,0.04608,848.0,0.04609,3087.0
1753600188258,07:09:48.258,blofin,ACT/USDT:USDT,0.04606,3443.0,0.04605,9027.0,0.04608,848.0,0.04609,3087.0
1753600189259,07:09:49.259,blofin,ACT/USDT:USDT,0.04606,3443.0,0.04605,9027.0,0.04609,852.0,0.0461,3952.0
1753600189763,07:09:49.763,blofin,ACT/USDT:USDT,0.04606,3443.0,0.04604,3878.0,0.04609,851.0,0.0461,3952.0
1753600190260,07:09:50.260,blofin,ACT/USDT:USDT,0.04606,3443.0,0.04604,2174.0,0.04609,851.0,0.04613,4703.0
1753600191259,07:09:51.259,blofin,ACT/USDT:USDT,0.04606,3443.0,0.04603,5830.0,0.04608,855.0,0.04609,5.0
1753600191772,07:09:51.772,blofin,ACT/USDT:USDT,0.04606,3443.0,0.04603,5830.0,0.04608,860.0,0.04609,1.0
1753600192261,07:09:52.261,blofin,ACT/USDT:USDT,0.04606,3443.0,0.04605,5262.0,0.04608,5.0,0.04609,856.0
1753600192767,07:09:52.767,blofin,ACT/USDT:USDT,0.04606,3443.0,0.04605,5262.0,0.04609,858.0,0.04613,7196.0
1753600193272,07:09:53.272,blofin,ACT/USDT:USDT,0.04606,3444.0,0.04605,5262.0,0.04609,860.0,0.04613,7196.0
1753600193767,07:09:53.767,blofin,ACT/USDT:USDT,0.04606,3446.0,0.04604,1914.0,0.04609,863.0,0.0461,3504.0
1753600194261,07:09:54.261,blofin,ACT/USDT:USDT,0.04606,3446.0,0.04604,5926.0,0.04609,863.0,0.04611,4744.0
1753600194769,07:09:54.769,blofin,ACT/USDT:USDT,0.04606,3446.0,0.04604,5926.0,0.04609,862.0,0.04611,4744.0
1753600195264,07:09:55.264,blofin,ACT/USDT:USDT,0.04606,3446.0,0.04605,5317.0,0.04609,862.0,0.04614,4504.0
1753600196263,07:09:56.263,blofin,ACT/USDT:USDT,0.04606,3446.0,0.04602,10825.0,0.04609,863.0,0.04613,2531.0
1753600196773,07:09:56.773,blofin,ACT/USDT:USDT,0.04606,3444.0,0.04602,10825.0,0.04609,863.0,0.04613,2531.0
1753600197265,07:09:57.265,blofin,ACT/USDT:USDT,0.04606,3444.0,0.04603,731.0,0.04609,863.0,0.0461,4617.0
1753600197776,07:09:57.776,blofin,ACT/USDT:USDT,0.04606,3444.0,0.04603,731.0,0.04609,862.0,0.0461,4617.0
1753600198264,07:09:58.264,blofin,ACT/USDT:USDT,0.04606,3445.0,0.04603,731.0,0.04609,859.0,0.0461,4617.0
1753600198778,07:09:58.778,blofin,ACT/USDT:USDT,0.04606,3445.0,0.04605,4288.0,0.04609,859.0,0.04612,6320.0
1753600199264,07:09:59.264,blofin,ACT/USDT:USDT,0.04606,3445.0,0.04603,2691.0,0.04609,859.0,0.04612,3012.0
1753600200267,07:10:00.267,blofin,ACT/USDT:USDT,0.04606,3445.0,0.04602,5917.0,0.04609,860.0,0.04611,3560.0
1753600200781,07:10:00.781,blofin,ACT/USDT:USDT,0.04606,3445.0,0.04602,5917.0,0.04609,861.0,0.04611,3560.0
1753600201268,07:10:01.268,blofin,ACT/USDT:USDT,0.04606,3445.0,0.04602,5903.0,0.04608,865.0,0.04609,6.0
1753600201781,07:10:01.781,blofin,ACT/USDT:USDT,0.04606,3445.0,0.04602,5903.0,0.04608,865.0,0.04609,6.0
1753600202268,07:10:02.268,blofin,ACT/USDT:USDT,0.04606,3445.0,0.04605,6359.0,0.04609,200.0,0.04612,3752.0
1753600203268,07:10:03.268,blofin,ACT/USDT:USDT,0.04606,3446.0,0.04605,6359.0,0.04609,199.0,0.04612,3752.0
1753600203786,07:10:03.786,blofin,ACT/USDT:USDT,0.04606,3447.0,0.04604,2443.0,0.04609,420.0,0.04614,1477.0
1753600204785,07:10:04.785,blofin,ACT/USDT:USDT,0.04606,3447.0,0.04601,11238.0,0.04609,444.0,0.04611,4937.0
1753600205273,07:10:05.273,blofin,ACT/USDT:USDT,0.04606,3447.0,0.04605,2036.0,0.04609,422.0,0.04611,2533.0
1753600205787,07:10:05.787,blofin,ACT/USDT:USDT,0.04606,3444.0,0.04605,2036.0,0.04609,422.0,0.04611,2533.0
1753600206271,07:10:06.271,blofin,ACT/USDT:USDT,0.04606,3444.0,0.04601,14594.0,0.04609,444.0,0.04613,6268.0
1753600206787,07:10:06.787,blofin,ACT/USDT:USDT,0.04606,3444.0,0.04601,14594.0,0.04609,445.0,0.04613,6268.0
1753600207405,07:10:07.405,blofin,ACT/USDT:USDT,0.04606,5.0,0.04604,43.0,0.04607,683.0,0.04608,6316.0
1753600208272,07:10:08.272,blofin,ACT/USDT:USDT,0.04606,4.0,0.04604,44.0,0.04607,687.0,0.04608,6316.0
1753600208795,07:10:08.795,blofin,ACT/USDT:USDT,0.04606,4.0,0.04604,455.0,0.04607,1185.0,0.04609,3.0
1753600209275,07:10:09.275,blofin,ACT/USDT:USDT,0.04606,4.0,0.04604,455.0,0.04607,1185.0,0.04608,156.0
1753600209796,07:10:09.796,blofin,ACT/USDT:USDT,0.04606,4.0,0.04604,457.0,0.04607,1185.0,0.04608,156.0
1753600210279,07:10:10.279,blofin,ACT/USDT:USDT,0.04606,4.0,0.04604,57.0,0.04607,1739.0,0.04609,892.0
1753600210758,07:10:10.758,blofin,ACT/USDT:USDT,0.04604,4.0,0.04603,54.0,0.04606,1736.0,0.04607,3.0
1753600211275,07:10:11.275,blofin,ACT/USDT:USDT,0.04603,1059.0,0.04601,4499.0,0.04605,176.0,0.04607,3.0
1753600211798,07:10:11.798,blofin,ACT/USDT:USDT,0.04603,1060.0,0.04601,4499.0,0.04605,179.0,0.04609,7535.0
1753600212278,07:10:12.278,blofin,ACT/USDT:USDT,0.04603,1048.0,0.04601,5936.0,0.04605,3.0,0.04606,199.0
1753600212800,07:10:12.800,blofin,ACT/USDT:USDT,0.04603,1046.0,0.04601,5936.0,0.04605,3.0,0.04606,199.0
1753600213275,07:10:13.275,blofin,ACT/USDT:USDT,0.04603,1046.0,0.04601,5936.0,0.04606,204.0,0.04608,3520.0
1753600213776,07:10:13.776,blofin,ACT/USDT:USDT,0.04601,6047.0,0.046,9540.0,0.04605,1191.0,0.04606,5.0
1753600214280,07:10:14.280,blofin,ACT/USDT:USDT,0.04601,6047.0,0.046,13724.0,0.04605,780.0,0.04609,3.0
1753600214804,07:10:14.804,blofin,ACT/USDT:USDT,0.04601,6052.0,0.046,13724.0,0.04605,778.0,0.04609,3.0
1753600215277,07:10:15.277,blofin,ACT/USDT:USDT,0.04601,6452.0,0.046,17345.0,0.04605,945.0,0.04608,4885.0
1753600215804,07:10:15.804,blofin,ACT/USDT:USDT,0.04601,6448.0,0.046,17345.0,0.04605,946.0,0.04608,4885.0
1753600216424,07:10:16.424,blofin,ACT/USDT:USDT,0.04602,2074.0,0.04601,11911.0,0.04605,946.0,0.04608,3183.0
1753600216805,07:10:16.805,blofin,ACT/USDT:USDT,0.04603,2074.0,0.04601,5387.0,0.04605,947.0,0.04609,3.0
1753600217281,07:10:17.281,blofin,ACT/USDT:USDT,0.04603,1505.0,0.04601,5387.0,0.04605,362.0,0.04606,1905.0
1753600217806,07:10:17.806,blofin,ACT/USDT:USDT,0.04603,1505.0,0.04601,5387.0,0.04605,363.0,0.04606,1905.0
1753600218281,07:10:18.281,blofin,ACT/USDT:USDT,0.04603,1509.0,0.04601,10299.0,0.04605,360.0,0.04606,1905.0
1753600218808,07:10:18.808,blofin,ACT/USDT:USDT,0.04603,1509.0,0.04601,10299.0,0.04606,360.0,0.04609,3.0
1753600219282,07:10:19.282,blofin,ACT/USDT:USDT,0.04603,1509.0,0.04601,10299.0,0.04606,360.0,0.04607,3834.0
1753600219810,07:10:19.810,blofin,ACT/USDT:USDT,0.04603,1509.0,0.04601,4499.0,0.04606,364.0,0.04607,3834.0
1753600220283,07:10:20.283,blofin,ACT/USDT:USDT,0.04603,1509.0,0.04601,4499.0,0.04606,37.0,0.04608,533.0
1753600220813,07:10:20.813,blofin,ACT/USDT:USDT,0.04603,1509.0,0.04601,4499.0,0.04606,35.0,0.04608,533.0
1753600221283,07:10:21.283,blofin,ACT/USDT:USDT,0.04603,1509.0,0.04602,7123.0,0.04606,35.0,0.04609,5550.0
1753600222283,07:10:22.283,blofin,ACT/USDT:USDT,0.04603,1508.0,0.04601,4499.0,0.04606,682.0,0.04608,5329.0
1753600222817,07:10:22.817,blofin,ACT/USDT:USDT,0.04603,1509.0,0.04601,4499.0,0.04606,682.0,0.04608,5329.0
1753600223291,07:10:23.291,blofin,ACT/USDT:USDT,0.04603,1526.0,0.04601,8503.0,0.04606,664.0,0.04607,487.0
1753600223816,07:10:23.816,blofin,ACT/USDT:USDT,0.04603,1531.0,0.04601,4004.0,0.04606,664.0,0.04607,487.0
1753600224287,07:10:24.287,blofin,ACT/USDT:USDT,0.04603,1531.0,0.04601,4612.0,0.04606,663.0,0.0461,10138.0
1753600224816,07:10:24.816,blofin,ACT/USDT:USDT,0.04603,1531.0,0.04601,4612.0,0.04606,663.0,0.0461,10138.0
1753600225287,07:10:25.287,blofin,ACT/USDT:USDT,0.04603,1531.0,0.04601,4733.0,0.04606,797.0,0.0461,4035.0
1753600225818,07:10:25.818,blofin,ACT/USDT:USDT,0.04603,1531.0,0.04601,4733.0,0.04606,797.0,0.04611,83.0
1753600226287,07:10:26.287,blofin,ACT/USDT:USDT,0.04603,1531.0,0.04599,10786.0,0.04606,797.0,0.04607,4538.0
1753600226819,07:10:26.819,blofin,ACT/USDT:USDT,0.04603,1532.0,0.04602,4697.0,0.04606,797.0,0.04607,4538.0
1753600227287,07:10:27.287,blofin,ACT/USDT:USDT,0.04603,867.0,0.04602,4697.0,0.04605,941.0,0.04606,3.0
1753600227823,07:10:27.823,blofin,ACT/USDT:USDT,0.04603,867.0,0.04602,4697.0,0.04605,946.0,0.04606,1.0
1753600228288,07:10:28.288,blofin,ACT/USDT:USDT,0.04603,863.0,0.04598,17158.0,0.04605,944.0,0.04606,1.0
1753600228822,07:10:28.822,blofin,ACT/USDT:USDT,0.04603,865.0,0.04601,10511.0,0.04605,944.0,0.04606,1.0
1753600229288,07:10:29.288,blofin,ACT/USDT:USDT,0.04603,865.0,0.04602,237.0,0.04605,3.0,0.04606,942.0
1753600229825,07:10:29.825,blofin,ACT/USDT:USDT,0.04603,867.0,0.04602,237.0,0.04605,3.0,0.04606,942.0
1753600230290,07:10:30.290,blofin,ACT/USDT:USDT,0.04603,867.0,0.046,10153.0,0.04605,944.0,0.04606,1.0
1753600230827,07:10:30.827,blofin,ACT/USDT:USDT,0.04605,1492.0,0.04604,2545.0,0.04606,1.0,0.04608,1213.0
1753600231291,07:10:31.291,blofin,ACT/USDT:USDT,0.04605,1405.0,0.04604,6318.0,0.04606,1.0,0.04607,575.0
1753600231836,07:10:31.836,blofin,ACT/USDT:USDT,0.04605,1407.0,0.04604,13299.0,0.04606,1.0,0.04607,575.0
1753600232293,07:10:32.293,blofin,ACT/USDT:USDT,0.04605,1598.0,0.04604,9526.0,0.04606,1.0,0.04608,575.0
1753600232836,07:10:32.836,blofin,ACT/USDT:USDT,0.04605,1598.0,0.04604,9526.0,0.04606,1.0,0.04608,576.0
1753600233291,07:10:33.291,blofin,ACT/USDT:USDT,0.04605,1601.0,0.04603,13658.0,0.04606,1.0,0.04608,580.0
1753600233831,07:10:33.831,blofin,ACT/USDT:USDT,0.04605,1601.0,0.04603,8645.0,0.04606,1.0,0.04608,580.0
1753600234292,07:10:34.292,blofin,ACT/USDT:USDT,0.04605,1619.0,0.04603,5.0,0.04606,1.0,0.04607,535.0
1753600234832,07:10:34.832,blofin,ACT/USDT:USDT,0.04605,1615.0,0.04603,5.0,0.04606,1.0,0.04607,535.0
1753600235293,07:10:35.293,blofin,ACT/USDT:USDT,0.04605,1615.0,0.04603,5.0,0.04606,1.0,0.04608,550.0
1753600235833,07:10:35.833,blofin,ACT/USDT:USDT,0.04605,1619.0,0.04603,5.0,0.04606,1.0,0.04608,547.0
1753600236293,07:10:36.293,blofin,ACT/USDT:USDT,0.04605,944.0,0.04603,5.0,0.04606,1.0,0.04607,545.0
1753600236833,07:10:36.833,blofin,ACT/USDT:USDT,0.04605,944.0,0.04603,5.0,0.04606,1.0,0.04607,547.0
1753600237295,07:10:37.295,blofin,ACT/USDT:USDT,0.04605,944.0,0.04603,2884.0,0.04606,1.0,0.04607,2.0
1753600237834,07:10:37.834,blofin,ACT/USDT:USDT,0.04605,943.0,0.04603,2884.0,0.04606,1.0,0.04608,360.0
1753600238295,07:10:38.295,blofin,ACT/USDT:USDT,0.04605,941.0,0.04603,2884.0,0.04606,1.0,0.04608,358.0
1753600238834,07:10:38.834,blofin,ACT/USDT:USDT,0.04605,940.0,0.04604,170.0,0.04606,1.0,0.04608,358.0
1753600239297,07:10:39.297,blofin,ACT/USDT:USDT,0.04605,940.0,0.04604,170.0,0.04606,1.0,0.04608,358.0
1753600239835,07:10:39.835,blofin,ACT/USDT:USDT,0.04605,943.0,0.04604,170.0,0.04606,1.0,0.04608,356.0
1753600240299,07:10:40.299,blofin,ACT/USDT:USDT,0.04605,943.0,0.04604,170.0,0.04606,1.0,0.04608,356.0
1753600240841,07:10:40.841,blofin,ACT/USDT:USDT,0.04605,940.0,0.04604,170.0,0.04606,1.0,0.04608,356.0
1753600241298,07:10:41.298,blofin,ACT/USDT:USDT,0.04605,940.0,0.04604,170.0,0.04606,1.0,0.04608,356.0
1753600241839,07:10:41.839,blofin,ACT/USDT:USDT,0.04605,940.0,0.04603,2066.0,0.04606,1.0,0.04608,356.0
1753600242298,07:10:42.298,blofin,ACT/USDT:USDT,0.04605,961.0,0.04603,5.0,0.04606,1.0,0.04607,355.0
1753600242839,07:10:42.839,blofin,ACT/USDT:USDT,0.04605,961.0,0.04603,5.0,0.04606,1.0,0.04607,355.0
1753600243298,07:10:43.298,blofin,ACT/USDT:USDT,0.04605,963.0,0.04603,2209.0,0.04606,1.0,0.04607,357.0
1753600243842,07:10:43.842,blofin,ACT/USDT:USDT,0.04605,963.0,0.04603,5.0,0.04606,1.0,0.04608,356.0
1753600244303,07:10:44.303,blofin,ACT/USDT:USDT,0.04605,963.0,0.04603,5.0,0.04606,1.0,0.04607,355.0
1753600244845,07:10:44.845,blofin,ACT/USDT:USDT,0.04605,963.0,0.04603,5.0,0.04606,1.0,0.04607,358.0
1753600245301,07:10:45.301,blofin,ACT/USDT:USDT,0.04605,963.0,0.04604,2660.0,0.04606,1.0,0.04607,3.0
1753600245906,07:10:45.906,blofin,ACT/USDT:USDT,0.04605,3.0,0.04604,1074.0,0.04606,1.0,0.04607,699.0
1753600246597,07:10:46.597,blofin,ACT/USDT:USDT,0.04603,5.0,0.04602,1043.0,0.04605,673.0,0.04606,1.0
1753600246847,07:10:46.847,blofin,ACT/USDT:USDT,0.04603,5.0,0.04602,1043.0,0.04605,675.0,0.04606,1.0
1753600247409,07:10:47.409,blofin,ACT/USDT:USDT,0.04603,5.0,0.04602,995.0,0.04605,310.0,0.04606,1.0
1753600247848,07:10:47.848,blofin,ACT/USDT:USDT,0.04603,5.0,0.04602,1000.0,0.04605,310.0,0.04606,1.0
1753600248301,07:10:48.301,blofin,ACT/USDT:USDT,0.04603,5.0,0.04602,999.0,0.04605,310.0,0.04606,1.0
1753600248850,07:10:48.850,blofin,ACT/USDT:USDT,0.04603,5.0,0.04602,998.0,0.04605,1008.0,0.04606,3606.0
1753600249307,07:10:49.307,blofin,ACT/USDT:USDT,0.04603,5.0,0.04602,998.0,0.04605,2.0,0.04606,1007.0
1753600250210,07:10:50.210,blofin,ACT/USDT:USDT,0.04603,5.0,0.04602,999.0,0.04605,1008.0,0.04606,2270.0
1753600250302,07:10:50.302,blofin,ACT/USDT:USDT,0.04603,5.0,0.04602,999.0,0.04604,9.0,0.04605,2.0
1753600250856,07:10:50.856,blofin,ACT/USDT:USDT,0.04603,5.0,0.04602,1000.0,0.04604,9.0,0.04605,2.0
1753600251355,07:10:51.355,blofin,ACT/USDT:USDT,0.04603,5.0,0.04602,1000.0,0.04604,9.0,0.04605,2.0
1753600252358,07:10:52.358,blofin,ACT/USDT:USDT,0.04603,5.0,0.04602,1000.0,0.04605,11.0,0.04606,1.0
1753600252857,07:10:52.857,blofin,ACT/USDT:USDT,0.04603,5.0,0.04602,1000.0,0.04605,11.0,0.04606,1.0
1753600253314,07:10:53.314,blofin,ACT/USDT:USDT,0.04603,5.0,0.04602,1000.0,0.04605,11.0,0.04606,1.0
1753600254859,07:10:54.859,blofin,ACT/USDT:USDT,0.04602,1398.0,0.04598,11603.0,0.04604,9.0,0.04605,3.0
1753600255310,07:10:55.310,blofin,ACT/USDT:USDT,0.04602,1398.0,0.046,10370.0,0.04605,12.0,0.0461,1878.0
1753600255860,07:10:55.860,blofin,ACT/USDT:USDT,0.04602,1402.0,0.046,10370.0,0.04605,15.0,0.0461,1878.0
1753600256313,07:10:56.313,blofin,ACT/USDT:USDT,0.04602,1402.0,0.04598,3348.0,0.04605,15.0,0.0461,2470.0
1753600256862,07:10:56.862,blofin,ACT/USDT:USDT,0.04602,1401.0,0.04598,3348.0,0.04605,15.0,0.0461,2470.0
1753600257313,07:10:57.313,blofin,ACT/USDT:USDT,0.04602,1344.0,0.04599,8558.0,0.04604,9.0,0.04605,6.0
1753600257422,07:10:57.422,blofin,ACT/USDT:USDT,0.04603,1339.0,0.04602,2.0,0.04605,6.0,0.04606,9.0
1753600258313,07:10:58.313,blofin,ACT/USDT:USDT,0.04603,1054.0,0.04602,4785.0,0.04605,6.0,0.04606,333.0
1753600259365,07:10:59.365,blofin,ACT/USDT:USDT,0.04603,654.0,0.04602,2.0,0.04605,356.0,0.04606,1.0
1753600259866,07:10:59.866,blofin,ACT/USDT:USDT,0.04603,654.0,0.04602,2.0,0.04605,360.0,0.04609,7009.0
1753600260369,07:11:00.369,blofin,ACT/USDT:USDT,0.04603,654.0,0.04602,2847.0,0.04605,2.0,0.04606,13.0
1753600260867,07:11:00.867,blofin,ACT/USDT:USDT,0.04603,657.0,0.04602,2847.0,0.04605,2.0,0.04606,13.0
1753600261367,07:11:01.367,blofin,ACT/USDT:USDT,0.04603,657.0,0.04602,2.0,0.04605,74.0,0.04607,5060.0
1753600261868,07:11:01.868,blofin,ACT/USDT:USDT,0.04604,652.0,0.04603,5.0,0.04605,3.0,0.04607,71.0
1753600262373,07:11:02.373,blofin,ACT/USDT:USDT,0.04604,327.0,0.04603,1416.0,0.04605,3.0,0.04607,309.0
1753600262872,07:11:02.872,blofin,ACT/USDT:USDT,0.04604,327.0,0.04603,1416.0,0.04605,3.0,0.04607,309.0
1753600263371,07:11:03.371,blofin,ACT/USDT:USDT,0.04604,325.0,0.04603,5529.0,0.04605,2.0,0.04607,332.0
1753600263872,07:11:03.872,blofin,ACT/USDT:USDT,0.04604,325.0,0.04603,5529.0,0.04605,2.0,0.04607,332.0
1753600264374,07:11:04.374,blofin,ACT/USDT:USDT,0.04604,325.0,0.04603,8043.0,0.04605,2.0,0.04607,334.0
1753600264875,07:11:04.875,blofin,ACT/USDT:USDT,0.04604,325.0,0.04603,8043.0,0.04605,2.0,0.04607,332.0
1753600265375,07:11:05.375,blofin,ACT/USDT:USDT,0.04604,325.0,0.04602,2.0,0.04605,2.0,0.04607,332.0
1753600266377,07:11:06.377,blofin,ACT/USDT:USDT,0.04604,346.0,0.04602,4619.0,0.04605,2.0,0.04607,332.0
1753600267379,07:11:07.379,blofin,ACT/USDT:USDT,0.04604,357.0,0.04602,8143.0,0.04605,2.0,0.04606,334.0
1753600267879,07:11:07.879,blofin,ACT/USDT:USDT,0.04604,357.0,0.04602,8836.0,0.04605,2.0,0.04606,334.0
1753600268379,07:11:08.379,blofin,ACT/USDT:USDT,0.04604,360.0,0.04602,4902.0,0.04605,2.0,0.04606,352.0
1753600268881,07:11:08.881,blofin,ACT/USDT:USDT,0.04604,360.0,0.04602,4902.0,0.04605,2.0,0.04606,352.0
1753600269382,07:11:09.382,blofin,ACT/USDT:USDT,0.04604,360.0,0.04602,2.0,0.04605,2.0,0.04606,350.0
1753600269883,07:11:09.883,blofin,ACT/USDT:USDT,0.04604,360.0,0.04602,2.0,0.04605,2.0,0.04606,350.0
1753600270383,07:11:10.383,blofin,ACT/USDT:USDT,0.04604,1021.0,0.04603,1213.0,0.04605,2.0,0.04606,2.0
1753600270887,07:11:10.887,blofin,ACT/USDT:USDT,0.04604,1021.0,0.04603,1213.0,0.04605,2.0,0.04606,2.0
1753600271385,07:11:11.385,blofin,ACT/USDT:USDT,0.04604,1021.0,0.04603,778.0,0.04605,2.0,0.04606,2.0
1753600271891,07:11:11.891,blofin,ACT/USDT:USDT,0.04604,1021.0,0.04603,778.0,0.04605,2.0,0.04607,19.0
1753600272388,07:11:12.388,blofin,ACT/USDT:USDT,0.04604,1017.0,0.04603,1094.0,0.04605,2.0,0.04607,103.0
1753600272886,07:11:12.886,blofin,ACT/USDT:USDT,0.04604,1020.0,0.04603,1094.0,0.04605,2.0,0.04607,103.0
1753600273387,07:11:13.387,blofin,ACT/USDT:USDT,0.04604,1036.0,0.04602,2.0,0.04605,2.0,0.04607,104.0
1753600273888,07:11:13.888,blofin,ACT/USDT:USDT,0.04604,1036.0,0.04602,2.0,0.04605,2.0,0.04607,104.0
1753600274389,07:11:14.389,blofin,ACT/USDT:USDT,0.04604,1036.0,0.04602,2705.0,0.04605,2.0,0.04607,104.0
1753600274890,07:11:14.890,blofin,ACT/USDT:USDT,0.04604,1036.0,0.04602,11100.0,0.04605,2.0,0.04607,104.0
1753600275390,07:11:15.390,blofin,ACT/USDT:USDT,0.04604,1036.0,0.04602,8397.0,0.04605,2.0,0.04606,100.0
1753600275890,07:11:15.890,blofin,ACT/USDT:USDT,0.04604,1036.0,0.04602,8397.0,0.04605,2.0,0.04606,101.0
1753600276391,07:11:16.391,blofin,ACT/USDT:USDT,0.04604,1036.0,0.04602,13654.0,0.04605,2.0,0.04606,105.0
1753600276892,07:11:16.892,blofin,ACT/USDT:USDT,0.04604,1036.0,0.04602,5429.0,0.04605,2.0,0.04606,105.0
1753600277395,07:11:17.395,blofin,ACT/USDT:USDT,0.04604,1035.0,0.04603,529.0,0.04605,2.0,0.04606,103.0
1753600277898,07:11:17.898,blofin,ACT/USDT:USDT,0.04604,1032.0,0.04603,529.0,0.04605,2.0,0.04606,103.0
1753600278394,07:11:18.394,blofin,ACT/USDT:USDT,0.04604,1033.0,0.04602,4432.0,0.04605,2.0,0.04606,4.0
1753600278900,07:11:18.900,blofin,ACT/USDT:USDT,0.04604,1033.0,0.04602,4432.0,0.04605,2.0,0.04607,102.0
1753600279901,07:11:19.901,blofin,ACT/USDT:USDT,0.04604,1033.0,0.04602,2989.0,0.04605,2.0,0.04606,100.0
1753600280398,07:11:20.398,blofin,ACT/USDT:USDT,0.04604,1033.0,0.04602,2989.0,0.04605,2.0,0.04606,100.0
1753600280898,07:11:20.898,blofin,ACT/USDT:USDT,0.04604,1033.0,0.04602,2989.0,0.04605,2.0,0.04606,103.0
1753600281398,07:11:21.398,blofin,ACT/USDT:USDT,0.04604,1054.0,0.04602,2989.0,0.04605,2.0,0.04606,3.0
1753600281903,07:11:21.903,blofin,ACT/USDT:USDT,0.04604,1054.0,0.04602,2.0,0.04605,2.0,0.04606,3.0
1753600282401,07:11:22.401,blofin,ACT/USDT:USDT,0.04604,1054.0,0.04602,7542.0,0.04605,2.0,0.04607,105.0
1753600282903,07:11:22.903,blofin,ACT/USDT:USDT,0.04604,1051.0,0.04602,7542.0,0.04605,2.0,0.04607,105.0
1753600283624,07:11:23.624,blofin,ACT/USDT:USDT,0.04604,4.0,0.04603,64.0,0.04606,1830.0,0.04607,1.0
1753600283908,07:11:23.908,blofin,ACT/USDT:USDT,0.04604,1.0,0.04603,65.0,0.04606,1830.0,0.04607,1.0
1753600284407,07:11:24.407,blofin,ACT/USDT:USDT,0.04604,1.0,0.04603,363.0,0.04606,1031.0,0.04607,1.0
1753600284912,07:11:24.912,blofin,ACT/USDT:USDT,0.04604,1.0,0.04603,363.0,0.04606,1032.0,0.04607,1.0
1753600285628,07:11:25.628,blofin,ACT/USDT:USDT,0.04603,3.0,0.04602,360.0,0.04604,1028.0,0.04606,4.0
1753600286335,07:11:26.335,blofin,ACT/USDT:USDT,0.04602,1282.0,0.046,7100.0,0.04605,650.0,0.04606,4.0
1753600286413,07:11:26.413,blofin,ACT/USDT:USDT,0.04602,1282.0,0.046,7100.0,0.04605,653.0,0.04607,1.0
1753600286916,07:11:26.916,blofin,ACT/USDT:USDT,0.04602,1278.0,0.046,7100.0,0.04605,653.0,0.04607,1.0
1753600287412,07:11:27.412,blofin,ACT/USDT:USDT,0.04602,1278.0,0.04599,2371.0,0.04605,675.0,0.04607,6591.0
1753600287913,07:11:27.913,blofin,ACT/USDT:USDT,0.04602,1280.0,0.04599,2371.0,0.04605,675.0,0.04607,6591.0
1753600288415,07:11:28.415,blofin,ACT/USDT:USDT,0.04602,373.0,0.04601,2193.0,0.04605,676.0,0.04607,1.0
1753600288917,07:11:28.917,blofin,ACT/USDT:USDT,0.04602,370.0,0.04601,2193.0,0.04605,676.0,0.04607,1.0
1753600289416,07:11:29.416,blofin,ACT/USDT:USDT,0.04602,370.0,0.046,4914.0,0.04605,675.0,0.04607,1.0
1753600289916,07:11:29.916,blofin,ACT/USDT:USDT,0.04602,370.0,0.046,4914.0,0.04605,674.0,0.04607,1.0
1753600290417,07:11:30.417,blofin,ACT/USDT:USDT,0.04602,370.0,0.04599,2371.0,0.04605,674.0,0.04607,1.0
1753600290919,07:11:30.919,blofin,ACT/USDT:USDT,0.04602,370.0,0.04599,2371.0,0.04605,676.0,0.04607,1.0
1753600291337,07:11:31.337,blofin,ACT/USDT:USDT,0.04602,370.0,0.046,3304.0,0.04604,21.0,0.04605,3259.0
1753600291420,07:11:31.420,blofin,ACT/USDT:USDT,0.04602,370.0,0.046,3304.0,0.04604,21.0,0.04605,3259.0
1753600292339,07:11:32.339,blofin,ACT/USDT:USDT,0.04602,370.0,0.04601,8883.0,0.04604,5.0,0.04605,21.0
1753600292421,07:11:32.421,blofin,ACT/USDT:USDT,0.04602,370.0,0.04601,8883.0,0.04605,24.0,0.04607,6590.0
1753600292922,07:11:32.922,blofin,ACT/USDT:USDT,0.04602,370.0,0.04601,8883.0,0.04605,25.0,0.04607,6590.0
1753600293421,07:11:33.421,blofin,ACT/USDT:USDT,0.04602,374.0,0.04601,4904.0,0.04605,23.0,0.04607,1.0
1753600294340,07:11:34.340,blofin,ACT/USDT:USDT,0.04602,374.0,0.04599,12490.0,0.04605,23.0,0.04607,3754.0
1753600294424,07:11:34.424,blofin,ACT/USDT:USDT,0.04602,374.0,0.04599,12490.0,0.04605,23.0,0.04607,3754.0
1753600295425,07:11:35.425,blofin,ACT/USDT:USDT,0.04602,370.0,0.04599,2371.0,0.04604,30.0,0.04605,2.0
1753600296428,07:11:36.428,blofin,ACT/USDT:USDT,0.04602,371.0,0.04599,2371.0,0.04605,685.0,0.04607,1.0
1753600297432,07:11:37.432,blofin,ACT/USDT:USDT,0.04602,372.0,0.04599,2371.0,0.04604,683.0,0.04605,1.0
1753600297931,07:11:37.931,blofin,ACT/USDT:USDT,0.04602,3.0,0.04601,1224.0,0.04604,687.0,0.04606,613.0
1753600298432,07:11:38.432,blofin,ACT/USDT:USDT,0.04601,393.0,0.04599,2371.0,0.04603,1007.0,0.04604,3092.0
1753600298932,07:11:38.932,blofin,ACT/USDT:USDT,0.04601,393.0,0.04599,2371.0,0.04603,1004.0,0.04604,3092.0
1753600299433,07:11:39.433,blofin,ACT/USDT:USDT,0.04601,103.0,0.04599,2371.0,0.04603,1008.0,0.04604,4211.0
1753600300434,07:11:40.434,blofin,ACT/USDT:USDT,0.04601,103.0,0.04599,2371.0,0.04603,5.0,0.04604,1003.0
1753600300936,07:11:40.936,blofin,ACT/USDT:USDT,0.04601,105.0,0.04599,2371.0,0.04603,5.0,0.04604,1003.0
1753600301437,07:11:41.437,blofin,ACT/USDT:USDT,0.04601,105.0,0.04599,2371.0,0.04604,1007.0,0.04605,1740.0
1753600303347,07:11:43.347,blofin,ACT/USDT:USDT,0.04601,105.0,0.04599,2371.0,0.04604,1006.0,0.04607,1.0
1753600303440,07:11:43.440,blofin,ACT/USDT:USDT,0.04601,105.0,0.04599,10189.0,0.04603,1008.0,0.04606,3798.0
1753600304347,07:11:44.347,blofin,ACT/USDT:USDT,0.04601,105.0,0.04599,2371.0,0.04603,5.0,0.04604,1003.0
1753600305349,07:11:45.349,blofin,ACT/USDT:USDT,0.04601,105.0,0.04599,2371.0,0.04604,996.0,0.04605,5202.0
1753600305442,07:11:45.442,blofin,ACT/USDT:USDT,0.04601,104.0,0.04599,2371.0,0.04604,996.0,0.04605,5202.0
1753600305944,07:11:45.944,blofin,ACT/USDT:USDT,0.04601,104.0,0.04599,2371.0,0.04604,995.0,0.04605,5202.0
1753600306443,07:11:46.443,blofin,ACT/USDT:USDT,0.04601,103.0,0.046,5434.0,0.04604,995.0,0.04606,7767.0
1753600306945,07:11:46.945,blofin,ACT/USDT:USDT,0.04601,107.0,0.046,5434.0,0.04604,995.0,0.04606,7767.0
1753600307444,07:11:47.444,blofin,ACT/USDT:USDT,0.04601,106.0,0.04599,2371.0,0.04603,993.0,0.04604,2.0
1753600307946,07:11:47.946,blofin,ACT/USDT:USDT,0.04601,105.0,0.04599,2371.0,0.04603,993.0,0.04604,2.0
1753600308446,07:11:48.446,blofin,ACT/USDT:USDT,0.04601,92.0,0.04599,18897.0,0.04604,3121.0,0.04606,760.0
1753600309351,07:11:49.351,blofin,ACT/USDT:USDT,0.04601,92.0,0.04599,10704.0,0.04604,3118.0,0.04605,2930.0
1753600309448,07:11:49.448,blofin,ACT/USDT:USDT,0.04601,92.0,0.04599,10704.0,0.04604,3118.0,0.04605,2930.0
1753600310351,07:11:50.351,blofin,ACT/USDT:USDT,0.04601,92.0,0.046,199.0,0.04603,3043.0,0.04604,3113.0
1753600310449,07:11:50.449,blofin,ACT/USDT:USDT,0.04601,92.0,0.046,199.0,0.04603,3047.0,0.04604,3112.0
1753600311350,07:11:51.350,blofin,ACT/USDT:USDT,0.04601,89.0,0.046,3996.0,0.04603,3056.0,0.04604,1543.0
1753600311449,07:11:51.449,blofin,ACT/USDT:USDT,0.04601,89.0,0.046,3996.0,0.04603,3055.0,0.04604,1543.0
1753600312351,07:11:52.351,blofin,ACT/USDT:USDT,0.04601,89.0,0.04599,10704.0,0.04603,1.0,0.04604,3071.0
1753600312961,07:11:52.961,blofin,ACT/USDT:USDT,0.04601,89.0,0.04599,10704.0,0.04604,3075.0,0.04606,1178.0
1753600313455,07:11:53.455,blofin,ACT/USDT:USDT,0.04601,94.0,0.046,11649.0,0.04604,3076.0,0.04605,4360.0
1753600313955,07:11:53.955,blofin,ACT/USDT:USDT,0.04601,96.0,0.046,11649.0,0.04604,3076.0,0.04605,4360.0
1753600314456,07:11:54.456,blofin,ACT/USDT:USDT,0.04601,96.0,0.046,11649.0,0.04603,3076.0,0.04604,4.0
1753600314956,07:11:54.956,blofin,ACT/USDT:USDT,0.04601,96.0,0.046,14509.0,0.04603,3076.0,0.04604,4.0
1753600315456,07:11:55.456,blofin,ACT/USDT:USDT,0.04601,96.0,0.046,14509.0,0.04604,3079.0,0.04608,4666.0
1753600315958,07:11:55.958,blofin,ACT/USDT:USDT,0.04601,96.0,0.046,14509.0,0.04604,3077.0,0.04608,4666.0
1753600316458,07:11:56.458,blofin,ACT/USDT:USDT,0.04601,95.0,0.046,14509.0,0.04604,3077.0,0.04607,6922.0
1753600316958,07:11:56.958,blofin,ACT/USDT:USDT,0.04601,95.0,0.046,14509.0,0.04604,3076.0,0.04607,6922.0
1753600317458,07:11:57.458,blofin,ACT/USDT:USDT,0.04601,95.0,0.046,14509.0,0.04604,3078.0,0.04606,2572.0
1753600317959,07:11:57.959,blofin,ACT/USDT:USDT,0.04601,95.0,0.046,10558.0,0.04604,3078.0,0.04606,2572.0
1753600318459,07:11:58.459,blofin,ACT/USDT:USDT,0.04601,96.0,0.046,10558.0,0.04603,3071.0,0.04604,5.0
1753600318960,07:11:58.960,blofin,ACT/USDT:USDT,0.04601,96.0,0.046,10558.0,0.04603,3075.0,0.04604,4.0
1753600319462,07:11:59.462,blofin,ACT/USDT:USDT,0.04601,96.0,0.046,10558.0,0.04604,3080.0,0.04607,11174.0
1753600320461,07:12:00.461,blofin,ACT/USDT:USDT,0.04601,758.0,0.046,10558.0,0.04604,1834.0,0.04607,7858.0
1753600321462,07:12:01.462,blofin,ACT/USDT:USDT,0.04601,765.0,0.046,10558.0,0.04603,1825.0,0.04604,9.0
1753600321962,07:12:01.962,blofin,ACT/USDT:USDT,0.04601,765.0,0.046,10558.0,0.04603,1828.0,0.04604,4.0
1753600322357,07:12:02.357,blofin,ACT/USDT:USDT,0.04601,111.0,0.046,10558.0,0.04603,3.0,0.04604,1863.0
1753600322466,07:12:02.466,blofin,ACT/USDT:USDT,0.04601,111.0,0.046,10558.0,0.04603,3.0,0.04604,1863.0
1753600323363,07:12:03.363,blofin,ACT/USDT:USDT,0.04601,115.0,0.046,10558.0,0.04604,1865.0,0.04609,2200.0
1753600323466,07:12:03.466,blofin,ACT/USDT:USDT,0.04601,113.0,0.046,10558.0,0.04604,1865.0,0.04608,3994.0
1753600324359,07:12:04.359,blofin,ACT/USDT:USDT,0.04601,113.0,0.046,10558.0,0.04604,1866.0,0.04606,3004.0
1753600324466,07:12:04.466,blofin,ACT/USDT:USDT,0.04601,113.0,0.046,10558.0,0.04604,1866.0,0.04606,3004.0
1753600325359,07:12:05.359,blofin,ACT/USDT:USDT,0.04601,113.0,0.046,19963.0,0.04603,1859.0,0.04604,198.0
1753600325968,07:12:05.968,blofin,ACT/USDT:USDT,0.04601,114.0,0.046,19963.0,0.04603,1859.0,0.04604,198.0
1753600326469,07:12:06.469,blofin,ACT/USDT:USDT,0.04601,125.0,0.046,19513.0,0.04603,1859.0,0.04604,5.0
1753600326971,07:12:06.971,blofin,ACT/USDT:USDT,0.04601,125.0,0.046,10558.0,0.04603,1859.0,0.04604,5.0
1753600327360,07:12:07.360,blofin,ACT/USDT:USDT,0.04601,125.0,0.046,10558.0,0.04604,1864.0,0.04608,4609.0
1753600327470,07:12:07.470,blofin,ACT/USDT:USDT,0.04601,125.0,0.046,10558.0,0.04604,1867.0,0.04608,4609.0
1753600328051,07:12:08.051,blofin,ACT/USDT:USDT,0.04602,183.0,0.04601,9485.0,0.04604,5.0,0.04605,1859.0
1753600328472,07:12:08.472,blofin,ACT/USDT:USDT,0.04603,312.0,0.04602,1622.0,0.04604,4.0,0.04606,1121.0
1753600328973,07:12:08.973,blofin,ACT/USDT:USDT,0.04603,312.0,0.04601,8844.0,0.04604,4.0,0.04606,1121.0
1753600329473,07:12:09.473,blofin,ACT/USDT:USDT,0.04603,312.0,0.04601,3351.0,0.04604,4.0,0.04605,1009.0
1753600329974,07:12:09.974,blofin,ACT/USDT:USDT,0.04603,312.0,0.04601,3351.0,0.04604,4.0,0.04605,1013.0
1753600330490,07:12:10.490,blofin,ACT/USDT:USDT,0.04603,314.0,0.04602,7342.0,0.04604,4.0,0.04605,4.0
1753600330981,07:12:10.981,blofin,ACT/USDT:USDT,0.04603,314.0,0.04602,7342.0,0.04604,4.0,0.04606,902.0
1753600331491,07:12:11.491,blofin,ACT/USDT:USDT,0.04603,312.0,0.04601,4.0,0.04604,4.0,0.04606,902.0
1753600331983,07:12:11.983,blofin,ACT/USDT:USDT,0.04603,314.0,0.04601,4.0,0.04604,4.0,0.04606,902.0
1753600332595,07:12:12.595,blofin,ACT/USDT:USDT,0.04603,5.0,0.04602,309.0,0.04604,4.0,0.04606,1051.0
1753600332984,07:12:12.984,blofin,ACT/USDT:USDT,0.04603,5.0,0.04602,309.0,0.04604,4.0,0.04606,1051.0
1753600333486,07:12:13.486,blofin,ACT/USDT:USDT,0.04602,1441.0,0.04601,3992.0,0.04604,4.0,0.04606,1449.0
1753600333986,07:12:13.986,blofin,ACT/USDT:USDT,0.04602,1438.0,0.04601,3992.0,0.04604,4.0,0.04606,1449.0
1753600334486,07:12:14.486,blofin,ACT/USDT:USDT,0.04602,1438.0,0.04601,4.0,0.04604,4.0,0.04606,1451.0
1753600334987,07:12:14.987,blofin,ACT/USDT:USDT,0.04602,1438.0,0.04601,8592.0,0.04604,4.0,0.04606,1451.0
1753600336366,07:12:16.366,blofin,ACT/USDT:USDT,0.04602,1442.0,0.04601,8592.0,0.04604,4.0,0.04605,909.0
1753600336490,07:12:16.490,blofin,ACT/USDT:USDT,0.04602,1438.0,0.04601,8592.0,0.04604,4.0,0.04605,909.0
1753600337365,07:12:17.365,blofin,ACT/USDT:USDT,0.04602,1438.0,0.04601,4.0,0.04604,4.0,0.04605,909.0
1753600337490,07:12:17.490,blofin,ACT/USDT:USDT,0.04602,1438.0,0.04601,4.0,0.04604,4.0,0.04605,913.0
1753600338366,07:12:18.366,blofin,ACT/USDT:USDT,0.04602,1440.0,0.04601,6325.0,0.04604,4.0,0.04605,913.0
1753600338493,07:12:18.493,blofin,ACT/USDT:USDT,0.04602,1438.0,0.04601,6325.0,0.04604,4.0,0.04605,4.0
1753600339494,07:12:19.494,blofin,ACT/USDT:USDT,0.04602,406.0,0.04601,6325.0,0.04604,4.0,0.04605,922.0
1753600339994,07:12:19.994,blofin,ACT/USDT:USDT,0.04602,406.0,0.04601,6325.0,0.04604,4.0,0.04605,921.0
1753600340496,07:12:20.496,blofin,ACT/USDT:USDT,0.04602,432.0,0.04601,6325.0,0.04604,4.0,0.04605,919.0
1753600340996,07:12:20.996,blofin,ACT/USDT:USDT,0.04602,432.0,0.04601,6325.0,0.04604,4.0,0.04605,919.0
1753600341496,07:12:21.496,blofin,ACT/USDT:USDT,0.04602,432.0,0.04601,6325.0,0.04604,4.0,0.04606,921.0
1753600342372,07:12:22.372,blofin,ACT/USDT:USDT,0.04602,432.0,0.04601,6325.0,0.04604,4.0,0.04605,918.0
1753600342805,07:12:22.805,blofin,ACT/USDT:USDT,0.04603,107.0,0.04602,3.0,0.04604,4.0,0.04605,4.0
1753600342999,07:12:22.999,blofin,ACT/USDT:USDT,0.04602,110.0,0.04601,6325.0,0.04604,4.0,0.04605,1932.0
1753600343503,07:12:23.503,blofin,ACT/USDT:USDT,0.04602,95.0,0.04601,1725.0,0.04604,812.0,0.04605,6.0
1753600344372,07:12:24.372,blofin,ACT/USDT:USDT,0.04602,95.0,0.04598,3356.0,0.04604,815.0,0.04605,5.0
1753600345373,07:12:25.373,blofin,ACT/USDT:USDT,0.04602,447.0,0.046,5479.0,0.04604,3.0,0.04605,5.0
1753600345504,07:12:25.504,blofin,ACT/USDT:USDT,0.04602,447.0,0.046,5479.0,0.04605,5.0,0.04606,2594.0
1753600346373,07:12:26.373,blofin,ACT/USDT:USDT,0.04602,447.0,0.04601,6924.0,0.04605,5.0,0.04606,1615.0
1753600346508,07:12:26.508,blofin,ACT/USDT:USDT,0.04602,447.0,0.04601,6924.0,0.04605,5.0,0.04606,1616.0
1753600347378,07:12:27.378,blofin,ACT/USDT:USDT,0.04602,447.0,0.04601,3151.0,0.04605,5.0,0.04606,1615.0
1753600347509,07:12:27.509,blofin,ACT/USDT:USDT,0.04602,447.0,0.04601,3151.0,0.04605,5.0,0.04606,1615.0
1753600348010,07:12:28.010,blofin,ACT/USDT:USDT,0.04602,447.0,0.04601,3151.0,0.04605,5.0,0.04606,1617.0
1753600348510,07:12:28.510,blofin,ACT/USDT:USDT,0.04602,444.0,0.046,354.0,0.04605,5.0,0.04606,2070.0
1753600349237,07:12:29.237,blofin,ACT/USDT:USDT,0.04603,438.0,0.04602,5712.0,0.04605,5.0,0.04606,2158.0
1753600349512,07:12:29.512,blofin,ACT/USDT:USDT,0.04602,444.0,0.04599,6310.0,0.04605,5.0,0.04606,1127.0
1753600350511,07:12:30.511,blofin,ACT/USDT:USDT,0.04602,741.0,0.04601,1487.0,0.04605,1522.0,0.04606,2599.0
1753600351014,07:12:31.014,blofin,ACT/USDT:USDT,0.04602,741.0,0.04601,2792.0,0.04605,1522.0,0.04606,2599.0
1753600351516,07:12:31.516,blofin,ACT/USDT:USDT,0.04602,741.0,0.04601,5488.0,0.04605,8.0,0.04606,2208.0
1753600352015,07:12:32.015,blofin,ACT/USDT:USDT,0.04602,741.0,0.04601,5488.0,0.04605,5.0,0.04606,2212.0
1753600352519,07:12:32.519,blofin,ACT/USDT:USDT,0.04602,741.0,0.04601,5488.0,0.04605,5.0,0.04606,2319.0
1753600353016,07:12:33.016,blofin,ACT/USDT:USDT,0.04603,796.0,0.04602,6.0,0.04605,5.0,0.04606,1672.0
1753600353860,07:12:33.860,blofin,ACT/USDT:USDT,0.04603,1.0,0.04602,4563.0,0.04605,1282.0,0.04606,3.0
1753600354094,07:12:34.094,blofin,ACT/USDT:USDT,0.04603,447.0,0.04602,10247.0,0.04605,5.0,0.04606,1682.0
1753600354519,07:12:34.519,blofin,ACT/USDT:USDT,0.04603,361.0,0.04602,3892.0,0.04605,1290.0,0.04606,6829.0
1753600355382,07:12:35.382,blofin,ACT/USDT:USDT,0.04603,364.0,0.04602,3892.0,0.04605,5.0,0.04606,1288.0
1753600356382,07:12:36.382,blofin,ACT/USDT:USDT,0.04603,425.0,0.04602,5509.0,0.04605,5.0,0.04606,1297.0
1753600356522,07:12:36.522,blofin,ACT/USDT:USDT,0.04603,425.0,0.04602,5509.0,0.04605,5.0,0.04606,1299.0
1753600357384,07:12:37.384,blofin,ACT/USDT:USDT,0.04603,424.0,0.04602,3892.0,0.04605,5.0,0.04606,1299.0
1753600357524,07:12:37.524,blofin,ACT/USDT:USDT,0.04603,424.0,0.04602,3892.0,0.04605,5.0,0.04606,1296.0
1753600358384,07:12:38.384,blofin,ACT/USDT:USDT,0.04603,425.0,0.04602,4.0,0.04605,5.0,0.04606,1299.0
1753600358538,07:12:38.538,blofin,ACT/USDT:USDT,0.04603,423.0,0.04602,4.0,0.04605,5.0,0.04606,1299.0
1753600359026,07:12:39.026,blofin,ACT/USDT:USDT,0.04603,424.0,0.04602,4.0,0.04605,5.0,0.04606,1299.0
1753600359529,07:12:39.529,blofin,ACT/USDT:USDT,0.04603,423.0,0.04602,4.0,0.04605,5.0,0.04606,1299.0
1753600360029,07:12:40.029,blofin,ACT/USDT:USDT,0.04603,423.0,0.04602,4.0,0.04605,5.0,0.04606,1299.0
1753600360530,07:12:40.530,blofin,ACT/USDT:USDT,0.04603,423.0,0.04602,4.0,0.04605,5.0,0.04606,1838.0
1753600361531,07:12:41.531,blofin,ACT/USDT:USDT,0.04603,364.0,0.04602,4.0,0.04605,1838.0,0.04606,5.0
1753600362030,07:12:42.030,blofin,ACT/USDT:USDT,0.04603,364.0,0.04602,4.0,0.04605,1842.0,0.04608,2624.0
1753600362532,07:12:42.532,blofin,ACT/USDT:USDT,0.04603,362.0,0.04602,4.0,0.04605,1842.0,0.04608,1826.0
1753600363389,07:12:43.389,blofin,ACT/USDT:USDT,0.04603,364.0,0.04602,4.0,0.04605,1841.0,0.04608,1826.0
1753600363532,07:12:43.532,blofin,ACT/USDT:USDT,0.04603,364.0,0.04602,4.0,0.04605,8.0,0.04606,1833.0
1753600364390,07:12:44.390,blofin,ACT/USDT:USDT,0.04603,4.0,0.04602,1123.0,0.04605,1841.0,0.0461,4337.0
1753600364537,07:12:44.537,blofin,ACT/USDT:USDT,0.04603,4.0,0.04602,1123.0,0.04605,1841.0,0.0461,4337.0
1753600365396,07:12:45.396,blofin,ACT/USDT:USDT,0.04603,4.0,0.04602,1123.0,0.04605,8.0,0.04606,1833.0
1753600366003,07:12:46.003,blofin,ACT/USDT:USDT,0.04602,1126.0,0.04599,10357.0,0.04604,1833.0,0.04605,8.0
1753600366539,07:12:46.539,blofin,ACT/USDT:USDT,0.04602,1430.0,0.046,9888.0,0.04604,5.0,0.04605,699.0
1753600367037,07:12:47.037,blofin,ACT/USDT:USDT,0.04602,1430.0,0.046,9888.0,0.04605,700.0,0.04608,5838.0
1753600367538,07:12:47.538,blofin,ACT/USDT:USDT,0.04602,1430.0,0.04599,10357.0,0.04604,779.0,0.04605,6.0
1753600368038,07:12:48.038,blofin,ACT/USDT:USDT,0.04602,1430.0,0.04599,10357.0,0.04604,784.0,0.04605,5.0
1753600368539,07:12:48.539,blofin,ACT/USDT:USDT,0.04602,1431.0,0.04601,5790.0,0.04604,1.0,0.04605,803.0
1753600369039,07:12:49.039,blofin,ACT/USDT:USDT,0.04602,1431.0,0.04601,5790.0,0.04605,806.0,0.04608,13383.0
1753600369539,07:12:49.539,blofin,ACT/USDT:USDT,0.04602,1431.0,0.04601,5409.0,0.04605,805.0,0.04607,7020.0
1753600370039,07:12:50.039,blofin,ACT/USDT:USDT,0.04602,1431.0,0.04601,5409.0,0.04605,806.0,0.04607,7020.0
1753600370540,07:12:50.540,blofin,ACT/USDT:USDT,0.04602,1429.0,0.04601,12092.0,0.04605,806.0,0.04608,10352.0
1753600371542,07:12:51.542,blofin,ACT/USDT:USDT,0.04602,1429.0,0.04598,22778.0,0.04604,808.0,0.04605,5155.0
1753600372043,07:12:52.043,blofin,ACT/USDT:USDT,0.04602,1428.0,0.04598,22778.0,0.04604,808.0,0.04605,5155.0
1753600372399,07:12:52.399,blofin,ACT/USDT:USDT,0.04602,1369.0,0.04598,15372.0,0.04604,957.0,0.04605,5.0
1753600372542,07:12:52.542,blofin,ACT/USDT:USDT,0.04602,1371.0,0.04598,15372.0,0.04604,957.0,0.04605,5.0
1753600373403,07:12:53.403,blofin,ACT/USDT:USDT,0.04603,1364.0,0.04602,15597.0,0.04604,1.0,0.04605,5.0
1753600373545,07:12:53.545,blofin,ACT/USDT:USDT,0.04603,1367.0,0.04602,15590.0,0.04606,961.0,0.04607,6178.0
1753600374398,07:12:54.398,blofin,ACT/USDT:USDT,0.04603,1108.0,0.04602,8606.0,0.04605,1150.0,0.04606,5.0
1753600374546,07:12:54.546,blofin,ACT/USDT:USDT,0.04603,1110.0,0.04602,8606.0,0.04605,1150.0,0.04606,5.0
1753600375547,07:12:55.547,blofin,ACT/USDT:USDT,0.04603,269.0,0.04601,13296.0,0.04605,1150.0,0.04606,5.0
1753600376048,07:12:56.048,blofin,ACT/USDT:USDT,0.04603,269.0,0.04601,13296.0,0.04605,1150.0,0.04606,5.0
1753600376549,07:12:56.549,blofin,ACT/USDT:USDT,0.04603,267.0,0.04601,13296.0,0.04606,1155.0,0.04611,4480.0
1753600377051,07:12:57.051,blofin,ACT/USDT:USDT,0.04603,2.0,0.04602,265.0,0.04606,1155.0,0.04609,7059.0
1753600377552,07:12:57.552,blofin,ACT/USDT:USDT,0.04603,2.0,0.04602,1382.0,0.04606,1156.0,0.04609,6718.0
1753600378053,07:12:58.053,blofin,ACT/USDT:USDT,0.04603,2.0,0.04602,1382.0,0.04606,1156.0,0.04609,6718.0
1753600378553,07:12:58.553,blofin,ACT/USDT:USDT,0.04603,1.0,0.04602,1385.0,0.04606,1157.0,0.0461,4011.0
1753600379055,07:12:59.055,blofin,ACT/USDT:USDT,0.04603,1.0,0.04602,1385.0,0.04606,1157.0,0.0461,4011.0
1753600379555,07:12:59.555,blofin,ACT/USDT:USDT,0.04603,1.0,0.04602,1386.0,0.04606,1157.0,0.04608,8183.0
1753600380056,07:13:00.056,blofin,ACT/USDT:USDT,0.04603,1.0,0.04602,1385.0,0.04606,1157.0,0.04608,8183.0
1753600380558,07:13:00.558,blofin,ACT/USDT:USDT,0.04603,1.0,0.04602,1385.0,0.04604,1134.0,0.04606,2.0
1753600381406,07:13:01.406,blofin,ACT/USDT:USDT,0.04603,1.0,0.04602,1385.0,0.04604,166.0,0.04606,3624.0
1753600381558,07:13:01.558,blofin,ACT/USDT:USDT,0.04603,1.0,0.04602,1385.0,0.04604,170.0,0.04606,3624.0
1753600382560,07:13:02.560,blofin,ACT/USDT:USDT,0.04603,1.0,0.04602,1399.0,0.04605,167.0,0.04606,7029.0
1753600383061,07:13:03.061,blofin,ACT/USDT:USDT,0.04603,1.0,0.04602,1400.0,0.04605,167.0,0.04606,7029.0
1753600383562,07:13:03.562,blofin,ACT/USDT:USDT,0.04603,1.0,0.04602,727.0,0.04605,835.0,0.04606,2.0
1753600384063,07:13:04.063,blofin,ACT/USDT:USDT,0.04603,1.0,0.04602,728.0,0.04605,835.0,0.04606,2.0
1753600384564,07:13:04.564,blofin,ACT/USDT:USDT,0.04603,1.0,0.04602,459.0,0.04605,835.0,0.04606,318.0
1753600385064,07:13:05.064,blofin,ACT/USDT:USDT,0.04603,1.0,0.04602,460.0,0.04605,835.0,0.04606,318.0
1753600386066,07:13:06.066,blofin,ACT/USDT:USDT,0.04603,1.0,0.04602,457.0,0.04605,835.0,0.04606,3314.0
1753600386567,07:13:06.567,blofin,ACT/USDT:USDT,0.04603,1.0,0.04602,469.0,0.04605,835.0,0.04606,2.0
1753600387070,07:13:07.070,blofin,ACT/USDT:USDT,0.04603,1.0,0.04602,469.0,0.04605,836.0,0.04606,2.0
1753600387568,07:13:07.568,blofin,ACT/USDT:USDT,0.04603,1.0,0.04602,469.0,0.04604,835.0,0.04606,2.0
1753600388070,07:13:08.070,blofin,ACT/USDT:USDT,0.04603,1.0,0.04602,469.0,0.04604,835.0,0.04606,2.0
1753600388569,07:13:08.569,blofin,ACT/USDT:USDT,0.04603,1.0,0.04602,469.0,0.04604,2.0,0.04605,832.0
1753600389413,07:13:09.413,blofin,ACT/USDT:USDT,0.04603,1.0,0.04602,728.0,0.04604,834.0,0.04605,3727.0
1753600390414,07:13:10.414,blofin,ACT/USDT:USDT,0.04603,1.0,0.04602,469.0,0.04604,3.0,0.04605,832.0
1753600390571,07:13:10.571,blofin,ACT/USDT:USDT,0.04603,1.0,0.04602,469.0,0.04604,3.0,0.04605,832.0
1753600391414,07:13:11.414,blofin,ACT/USDT:USDT,0.04603,1.0,0.04602,731.0,0.04605,837.0,0.04606,2.0
1753600391582,07:13:11.582,blofin,ACT/USDT:USDT,0.04603,1.0,0.04602,731.0,0.04605,837.0,0.04606,2.0
1753600392414,07:13:12.414,blofin,ACT/USDT:USDT,0.04603,759.0,0.04602,5.0,0.04605,5.0,0.04606,979.0
1753600392575,07:13:12.575,blofin,ACT/USDT:USDT,0.04603,759.0,0.04602,391.0,0.04605,5.0,0.04606,979.0
1753600394078,07:13:14.078,blofin,ACT/USDT:USDT,0.04603,760.0,0.04602,8443.0,0.04606,1138.0,0.04611,7433.0
1753600394578,07:13:14.578,blofin,ACT/USDT:USDT,0.04603,1022.0,0.04601,13296.0,0.04606,1138.0,0.04608,2973.0
1753600395080,07:13:15.080,blofin,ACT/USDT:USDT,0.04603,1023.0,0.04601,13296.0,0.04606,1138.0,0.04608,2973.0
1753600395580,07:13:15.580,blofin,ACT/USDT:USDT,0.04603,1024.0,0.04601,14814.0,0.04605,1132.0,0.04606,6.0
1753600396081,07:13:16.081,blofin,ACT/USDT:USDT,0.04603,1023.0,0.04601,14814.0,0.04605,1132.0,0.04606,6.0
1753600396431,07:13:16.431,blofin,ACT/USDT:USDT,0.04603,762.0,0.04601,13296.0,0.04605,1132.0,0.04606,6.0
1753600396581,07:13:16.581,blofin,ACT/USDT:USDT,0.04603,762.0,0.04601,13296.0,0.04605,1136.0,0.04606,2.0
1753600397082,07:13:17.082,blofin,ACT/USDT:USDT,0.04603,763.0,0.04601,13296.0,0.04605,1136.0,0.04606,2.0
1753600397584,07:13:17.584,blofin,ACT/USDT:USDT,0.04603,762.0,0.04601,25768.0,0.04605,4.0,0.04606,1134.0
1753600398085,07:13:18.085,blofin,ACT/USDT:USDT,0.04603,762.0,0.04601,25768.0,0.04606,1138.0,0.04608,6622.0
1753600398584,07:13:18.584,blofin,ACT/USDT:USDT,0.04603,1022.0,0.04601,13296.0,0.04606,1135.0,0.04607,1225.0
1753600399085,07:13:19.085,blofin,ACT/USDT:USDT,0.04603,1023.0,0.04601,13296.0,0.04606,1135.0,0.04607,1225.0
1753600399585,07:13:19.585,blofin,ACT/USDT:USDT,0.04603,1023.0,0.04601,13296.0,0.04605,1132.0,0.04606,3.0
1753600400085,07:13:20.085,blofin,ACT/USDT:USDT,0.04603,1023.0,0.04601,22373.0,0.04605,1132.0,0.04606,3.0
1753600400846,07:13:20.846,blofin,ACT/USDT:USDT,0.04603,6.0,0.04602,10816.0,0.04606,1165.0,0.04609,1655.0
1753600401424,07:13:21.424,blofin,ACT/USDT:USDT,0.04603,6.0,0.04602,11455.0,0.04604,5.0,0.04605,831.0
1753600401587,07:13:21.587,blofin,ACT/USDT:USDT,0.04603,6.0,0.04602,11455.0,0.04605,835.0,0.04606,2.0
1753600402424,07:13:22.424,blofin,ACT/USDT:USDT,0.04603,6.0,0.04602,11427.0,0.04604,831.0,0.04605,5.0
1753600402588,07:13:22.588,blofin,ACT/USDT:USDT,0.04603,6.0,0.04602,11427.0,0.04604,833.0,0.04606,2.0
1753600403431,07:13:23.431,blofin,ACT/USDT:USDT,0.04603,6.0,0.04602,11368.0,0.04604,2.0,0.04605,831.0
1753600403591,07:13:23.591,blofin,ACT/USDT:USDT,0.04602,596.0,0.04601,9033.0,0.04604,4.0,0.04605,831.0
1753600404424,07:13:24.424,blofin,ACT/USDT:USDT,0.04602,996.0,0.04601,9033.0,0.04604,158.0,0.04608,4422.0
1753600404592,07:13:24.592,blofin,ACT/USDT:USDT,0.04602,998.0,0.04601,9033.0,0.04604,158.0,0.04608,4422.0
1753600405594,07:13:25.594,blofin,ACT/USDT:USDT,0.04602,997.0,0.04601,9033.0,0.04604,4.0,0.04605,154.0
1753600406595,07:13:26.595,blofin,ACT/USDT:USDT,0.04602,997.0,0.04601,9033.0,0.04604,4.0,0.04605,154.0
1753600407097,07:13:27.097,blofin,ACT/USDT:USDT,0.04602,999.0,0.04601,9033.0,0.04604,4.0,0.04605,154.0
1753600407597,07:13:27.597,blofin,ACT/USDT:USDT,0.04602,998.0,0.04601,9033.0,0.04604,4.0,0.04605,154.0
1753600408097,07:13:28.097,blofin,ACT/USDT:USDT,0.04602,998.0,0.04601,9033.0,0.04604,4.0,0.04605,154.0
1753600408598,07:13:28.598,blofin,ACT/USDT:USDT,0.04602,997.0,0.04601,9033.0,0.04604,275.0,0.04605,4.0
1753600409428,07:13:29.428,blofin,ACT/USDT:USDT,0.04602,998.0,0.04601,20525.0,0.04604,275.0,0.04605,4886.0
1753600409600,07:13:29.600,blofin,ACT/USDT:USDT,0.04602,999.0,0.04601,20525.0,0.04604,275.0,0.04605,4886.0
1753600410102,07:13:30.102,blofin,ACT/USDT:USDT,0.04602,999.0,0.04601,20525.0,0.04604,275.0,0.04605,4886.0
1753600410605,07:13:30.605,blofin,ACT/USDT:USDT,0.04602,999.0,0.04601,13521.0,0.04604,923.0,0.04605,3530.0
1753600411431,07:13:31.431,blofin,ACT/USDT:USDT,0.04602,597.0,0.04601,9033.0,0.04604,4.0,0.04605,919.0
1753600411603,07:13:31.603,blofin,ACT/USDT:USDT,0.04602,597.0,0.04601,9033.0,0.04604,2.0,0.04605,920.0
1753600412431,07:13:32.431,blofin,ACT/USDT:USDT,0.04602,597.0,0.04601,9033.0,0.04604,921.0,0.04605,4049.0
1753600412603,07:13:32.603,blofin,ACT/USDT:USDT,0.04602,597.0,0.04601,9033.0,0.04604,925.0,0.04605,4046.0
1753600413604,07:13:33.604,blofin,ACT/USDT:USDT,0.04602,598.0,0.04601,20542.0,0.04604,2.0,0.04605,924.0
1753600414606,07:13:34.606,blofin,ACT/USDT:USDT,0.04602,599.0,0.04601,15738.0,0.04604,2.0,0.04605,924.0
1753600415436,07:13:35.436,blofin,ACT/USDT:USDT,0.04602,599.0,0.04601,9033.0,0.04604,2.0,0.04605,933.0
1753600416109,07:13:36.109,blofin,ACT/USDT:USDT,0.04602,595.0,0.04601,9033.0,0.04604,2.0,0.04605,932.0
1753600416610,07:13:36.610,blofin,ACT/USDT:USDT,0.04602,595.0,0.04601,9033.0,0.04604,2.0,0.04605,932.0
1753600417111,07:13:37.111,blofin,ACT/USDT:USDT,0.04602,598.0,0.04601,9033.0,0.04604,2.0,0.04605,932.0
1753600417436,07:13:37.436,blofin,ACT/USDT:USDT,0.04602,598.0,0.04601,9033.0,0.04604,2.0,0.04605,1058.0
1753600417611,07:13:37.611,blofin,ACT/USDT:USDT,0.04602,598.0,0.04601,9033.0,0.04604,2.0,0.04605,1058.0
1753600418612,07:13:38.612,blofin,ACT/USDT:USDT,0.04602,595.0,0.04601,9033.0,0.04604,2.0,0.04605,1068.0
1753600419113,07:13:39.113,blofin,ACT/USDT:USDT,0.04602,595.0,0.04601,9033.0,0.04604,2.0,0.04605,1068.0
1753600419613,07:13:39.613,blofin,ACT/USDT:USDT,0.04602,595.0,0.04601,9033.0,0.04604,2.0,0.04605,1068.0
1753600420440,07:13:40.440,blofin,ACT/USDT:USDT,0.04602,596.0,0.04601,14257.0,0.04604,2.0,0.04605,1068.0
1753600421439,07:13:41.439,blofin,ACT/USDT:USDT,0.04602,596.0,0.04601,9033.0,0.04604,1066.0,0.04605,1966.0
1753600421617,07:13:41.617,blofin,ACT/USDT:USDT,0.04602,596.0,0.04601,9033.0,0.04604,1069.0,0.04605,1962.0
1753600422442,07:13:42.442,blofin,ACT/USDT:USDT,0.04602,596.0,0.04601,9033.0,0.04604,1068.0,0.04606,4134.0
1753600423022,07:13:43.022,blofin,ACT/USDT:USDT,0.04603,1258.0,0.04602,4074.0,0.04604,4.0,0.04606,1064.0
1753600423623,07:13:43.623,blofin,ACT/USDT:USDT,0.04603,697.0,0.04602,3.0,0.04604,2.0,0.04606,1037.0
1753600424119,07:13:44.119,blofin,ACT/USDT:USDT,0.04603,699.0,0.04602,3.0,0.04604,2.0,0.04606,1037.0
1753600424621,07:13:44.621,blofin,ACT/USDT:USDT,0.04603,973.0,0.04602,3.0,0.04604,2.0,0.04606,1192.0
1753600425121,07:13:45.121,blofin,ACT/USDT:USDT,0.04603,974.0,0.04602,3.0,0.04604,2.0,0.04606,1192.0
1753600425622,07:13:45.622,blofin,ACT/USDT:USDT,0.04603,308.0,0.04602,3.0,0.04604,2.0,0.04606,1189.0
1753600426448,07:13:46.448,blofin,ACT/USDT:USDT,0.04603,5396.0,0.04602,3.0,0.04604,2.0,0.04606,1189.0
1753600426622,07:13:46.622,blofin,ACT/USDT:USDT,0.04603,5396.0,0.04602,3.0,0.04604,2.0,0.04606,1190.0
1753600427623,07:13:47.623,blofin,ACT/USDT:USDT,0.04603,5396.0,0.04602,3.0,0.04604,2.0,0.04606,1190.0
1753600428124,07:13:48.124,blofin,ACT/USDT:USDT,0.04603,5396.0,0.04602,3.0,0.04604,2.0,0.04606,1190.0
1753600428625,07:13:48.625,blofin,ACT/USDT:USDT,0.04603,5398.0,0.04602,3.0,0.04604,2.0,0.04606,1190.0
1753600429127,07:13:49.127,blofin,ACT/USDT:USDT,0.04603,5398.0,0.04602,3.0,0.04604,2.0,0.04606,1190.0
1753600429625,07:13:49.625,blofin,ACT/USDT:USDT,0.04603,5395.0,0.04602,3.0,0.04604,2.0,0.04606,1190.0
1753600430128,07:13:50.128,blofin,ACT/USDT:USDT,0.04603,5395.0,0.04602,3.0,0.04604,2.0,0.04606,1190.0
1753600430629,07:13:50.629,blofin,ACT/USDT:USDT,0.04603,5397.0,0.04602,3.0,0.04604,2.0,0.04606,1205.0
1753600431130,07:13:51.130,blofin,ACT/USDT:USDT,0.04603,5397.0,0.04602,3.0,0.04604,2.0,0.04606,1206.0
1753600431628,07:13:51.628,blofin,ACT/USDT:USDT,0.04603,5396.0,0.04602,2433.0,0.04604,2.0,0.04605,1203.0
1753600432131,07:13:52.131,blofin,ACT/USDT:USDT,0.04603,5396.0,0.04602,2433.0,0.04604,2.0,0.04605,1206.0
1753600432449,07:13:52.449,blofin,ACT/USDT:USDT,0.04603,5396.0,0.04602,3.0,0.04604,2.0,0.04605,3.0
1753600432631,07:13:52.631,blofin,ACT/USDT:USDT,0.04603,5396.0,0.04602,3.0,0.04604,2.0,0.04605,3.0
1753600433131,07:13:53.131,blofin,ACT/USDT:USDT,0.04603,5396.0,0.04602,3.0,0.04604,2.0,0.04606,1206.0
1753600433639,07:13:53.639,blofin,ACT/USDT:USDT,0.04603,5401.0,0.04601,2624.0,0.04606,1212.0,0.0461,1346.0
1753600434450,07:13:54.450,blofin,ACT/USDT:USDT,0.04603,5401.0,0.046,7230.0,0.04606,1212.0,0.04608,5593.0
1753600434634,07:13:54.634,blofin,ACT/USDT:USDT,0.04603,5401.0,0.04599,3991.0,0.04606,1212.0,0.04608,5593.0
1753600435450,07:13:55.450,blofin,ACT/USDT:USDT,0.04603,5404.0,0.04601,2576.0,0.04605,1203.0,0.04606,9.0
1753600435638,07:13:55.638,blofin,ACT/USDT:USDT,0.04603,5404.0,0.04601,2576.0,0.04605,1203.0,0.04606,9.0
1753600436455,07:13:56.455,blofin,ACT/USDT:USDT,0.04603,5404.0,0.04602,11578.0,0.04605,5.0,0.04606,1207.0
1753600436636,07:13:56.636,blofin,ACT/USDT:USDT,0.04603,5404.0,0.04602,11578.0,0.04606,1210.0,0.04611,2501.0
1753600437136,07:13:57.136,blofin,ACT/USDT:USDT,0.04603,5404.0,0.04602,11578.0,0.04606,1212.0,0.04611,2501.0
1753600437636,07:13:57.636,blofin,ACT/USDT:USDT,0.04603,5400.0,0.04599,1574.0,0.04606,206.0,0.04607,6747.0
1753600438138,07:13:58.138,blofin,ACT/USDT:USDT,0.04603,5400.0,0.04599,1574.0,0.04606,203.0,0.04607,6747.0
1753600438638,07:13:58.638,blofin,ACT/USDT:USDT,0.04603,5516.0,0.04598,5162.0,0.04606,203.0,0.04607,7281.0
1753600439139,07:13:59.139,blofin,ACT/USDT:USDT,0.04603,5516.0,0.04598,5162.0,0.04606,203.0,0.04607,7281.0
1753600439640,07:13:59.640,blofin,ACT/USDT:USDT,0.04603,5516.0,0.04601,726.0,0.04606,203.0,0.04608,5164.0
1753600440140,07:14:00.140,blofin,ACT/USDT:USDT,0.04603,5516.0,0.04601,726.0,0.04606,203.0,0.04608,5164.0
1753600440641,07:14:00.641,blofin,ACT/USDT:USDT,0.04603,5518.0,0.04602,11657.0,0.04606,203.0,0.04611,4642.0
1753600441142,07:14:01.142,blofin,ACT/USDT:USDT,0.04603,5516.0,0.04602,11657.0,0.04606,203.0,0.04611,4642.0
1753600441643,07:14:01.643,blofin,ACT/USDT:USDT,0.04603,5532.0,0.04598,9992.0,0.04605,200.0,0.04606,4.0
1753600442144,07:14:02.144,blofin,ACT/USDT:USDT,0.04603,5532.0,0.04598,9992.0,0.04605,201.0,0.04606,4.0
1753600442649,07:14:02.649,blofin,ACT/USDT:USDT,0.04603,5532.0,0.04602,5858.0,0.04606,204.0,0.04611,4437.0
1753600443145,07:14:03.145,blofin,ACT/USDT:USDT,0.04603,5532.0,0.04602,5858.0,0.04606,204.0,0.04611,4437.0
1753600443646,07:14:03.646,blofin,ACT/USDT:USDT,0.04603,5531.0,0.04602,18309.0,0.04606,205.0,0.04608,600.0
1753600444148,07:14:04.148,blofin,ACT/USDT:USDT,0.04603,5535.0,0.04602,18309.0,0.04606,205.0,0.04608,600.0
1753600444647,07:14:04.647,blofin,ACT/USDT:USDT,0.04603,5535.0,0.04602,8038.0,0.04605,199.0,0.04606,4.0
1753600445150,07:14:05.150,blofin,ACT/USDT:USDT,0.04603,5531.0,0.04602,8038.0,0.04605,199.0,0.04606,4.0
1753600445650,07:14:05.650,blofin,ACT/USDT:USDT,0.04603,5531.0,0.04602,8038.0,0.04606,213.0,0.04609,4137.0
1753600446460,07:14:06.460,blofin,ACT/USDT:USDT,0.04603,5531.0,0.04602,8038.0,0.04606,213.0,0.04609,290.0
1753600447460,07:14:07.460,blofin,ACT/USDT:USDT,0.04603,5531.0,0.04602,8038.0,0.04605,206.0,0.04606,7.0
1753600447650,07:14:07.650,blofin,ACT/USDT:USDT,0.04603,5533.0,0.04602,8038.0,0.04605,206.0,0.04606,7.0
1753600448461,07:14:08.461,blofin,ACT/USDT:USDT,0.04603,5.0,0.04602,5500.0,0.04605,209.0,0.04606,4.0
1753600448651,07:14:08.651,blofin,ACT/USDT:USDT,0.04603,5.0,0.04602,297.0,0.04605,1140.0,0.04606,4678.0
1753600449460,07:14:09.460,blofin,ACT/USDT:USDT,0.04603,5.0,0.04602,297.0,0.04604,1137.0,0.04605,743.0
1753600449653,07:14:09.653,blofin,ACT/USDT:USDT,0.04603,5.0,0.04602,297.0,0.04604,1142.0,0.04605,740.0
1753600450461,07:14:10.461,blofin,ACT/USDT:USDT,0.04603,5.0,0.04602,297.0,0.04604,5.0,0.04605,1137.0
1753600450655,07:14:10.655,blofin,ACT/USDT:USDT,0.04603,5.0,0.04602,297.0,0.04604,5.0,0.04605,1137.0
1753600451460,07:14:11.460,blofin,ACT/USDT:USDT,0.04603,5.0,0.04602,46.0,0.04604,5.0,0.04605,1137.0
1753600451656,07:14:11.656,blofin,ACT/USDT:USDT,0.04603,5.0,0.04602,46.0,0.04605,1142.0,0.04606,4372.0
1753600452347,07:14:12.347,blofin,ACT/USDT:USDT,0.04603,5.0,0.04602,3.0,0.04605,1142.0,0.04606,4.0
1753600452658,07:14:12.658,blofin,ACT/USDT:USDT,0.04603,5.0,0.04602,3.0,0.04604,817.0,0.04606,5278.0
1753600453659,07:14:13.659,blofin,ACT/USDT:USDT,0.04603,5.0,0.04601,1828.0,0.04604,169.0,0.04606,4.0
1753600454462,07:14:14.462,blofin,ACT/USDT:USDT,0.04601,1867.0,0.046,2985.0,0.04603,166.0,0.04604,3.0
1753600454662,07:14:14.662,blofin,ACT/USDT:USDT,0.04601,1870.0,0.046,2985.0,0.04603,166.0,0.04604,3.0
1753600455464,07:14:15.464,blofin,ACT/USDT:USDT,0.04601,1831.0,0.04598,9708.0,0.04603,171.0,0.04606,4.0
1753600455840,07:14:15.840,blofin,ACT/USDT:USDT,0.04601,1831.0,0.046,5282.0,0.04603,1.0,0.04604,166.0
1753600456465,07:14:16.465,blofin,ACT/USDT:USDT,0.04602,2098.0,0.04601,4.0,0.04605,578.0,0.04606,4.0
1753600456667,07:14:16.667,blofin,ACT/USDT:USDT,0.04602,2099.0,0.04599,10548.0,0.04605,578.0,0.04606,4.0
1753600457464,07:14:17.464,blofin,ACT/USDT:USDT,0.04602,2102.0,0.046,11395.0,0.04605,578.0,0.04606,4.0
1753600457666,07:14:17.666,blofin,ACT/USDT:USDT,0.04602,2102.0,0.046,11395.0,0.04605,578.0,0.04606,4.0
1753600458464,07:14:18.464,blofin,ACT/USDT:USDT,0.04602,2101.0,0.046,11395.0,0.04605,577.0,0.04606,4.0
1753600458669,07:14:18.669,blofin,ACT/USDT:USDT,0.04602,2101.0,0.046,4934.0,0.04605,578.0,0.04606,4.0
1753600459465,07:14:19.465,blofin,ACT/USDT:USDT,0.04602,2101.0,0.046,4345.0,0.04605,578.0,0.04606,4.0
1753600459670,07:14:19.670,blofin,ACT/USDT:USDT,0.04602,2101.0,0.046,4345.0,0.04605,578.0,0.04606,4.0
1753600460467,07:14:20.467,blofin,ACT/USDT:USDT,0.04602,30.0,0.04598,9840.0,0.04605,1224.0,0.04606,4.0
1753600460672,07:14:20.672,blofin,ACT/USDT:USDT,0.04602,30.0,0.04598,9840.0,0.04605,1224.0,0.04606,4.0
1753600461429,07:14:21.429,blofin,ACT/USDT:USDT,0.04602,30.0,0.046,14812.0,0.04605,1212.0,0.04606,3710.0
1753600462471,07:14:22.471,blofin,ACT/USDT:USDT,0.04603,361.0,0.04601,4659.0,0.04606,826.0,0.04607,6978.0
1753600463473,07:14:23.473,blofin,ACT/USDT:USDT,0.04603,1027.0,0.04601,3204.0,0.04606,409.0,0.04609,7185.0
1753600463676,07:14:23.676,blofin,ACT/USDT:USDT,0.04603,1030.0,0.04601,3204.0,0.04606,402.0,0.04609,7185.0
1753600464469,07:14:24.469,blofin,ACT/USDT:USDT,0.04603,1032.0,0.04601,5714.0,0.04605,400.0,0.04606,2.0
1753600464680,07:14:24.680,blofin,ACT/USDT:USDT,0.04603,1032.0,0.04602,1883.0,0.04605,400.0,0.04606,2.0
1753600465468,07:14:25.468,blofin,ACT/USDT:USDT,0.04603,1014.0,0.04602,1883.0,0.04606,420.0,0.04608,3871.0
1753600465681,07:14:25.681,blofin,ACT/USDT:USDT,0.04603,1014.0,0.04599,10816.0,0.04606,420.0,0.04608,3871.0
1753600466470,07:14:26.470,blofin,ACT/USDT:USDT,0.04603,1013.0,0.046,8072.0,0.04605,418.0,0.04606,2.0
1753600467184,07:14:27.184,blofin,ACT/USDT:USDT,0.04603,1016.0,0.046,8072.0,0.04605,421.0,0.04606,1.0
1753600467685,07:14:27.685,blofin,ACT/USDT:USDT,0.04603,25.0,0.04602,7224.0,0.04605,3.0,0.04606,1093.0
1753600468185,07:14:28.185,blofin,ACT/USDT:USDT,0.04603,25.0,0.04602,7224.0,0.04605,3.0,0.04606,1093.0
1753600468686,07:14:28.686,blofin,ACT/USDT:USDT,0.04603,24.0,0.04599,22002.0,0.04606,1098.0,0.0461,5628.0
1753600469186,07:14:29.186,blofin,ACT/USDT:USDT,0.04603,25.0,0.04599,22002.0,0.04606,1098.0,0.0461,5628.0
1753600469686,07:14:29.686,blofin,ACT/USDT:USDT,0.04603,25.0,0.046,5865.0,0.04605,1097.0,0.04606,1.0
1753600470359,07:14:30.359,blofin,ACT/USDT:USDT,0.04603,10.0,0.04602,29.0,0.04605,1097.0,0.04606,708.0
1753600470688,07:14:30.688,blofin,ACT/USDT:USDT,0.04603,5.0,0.04602,342.0,0.04605,757.0,0.04606,1.0
1753600471189,07:14:31.189,blofin,ACT/USDT:USDT,0.04603,5.0,0.04602,343.0,0.04605,757.0,0.04606,1.0
1753600471690,07:14:31.690,blofin,ACT/USDT:USDT,0.04603,5.0,0.04602,361.0,0.04605,757.0,0.04606,2013.0
1753600472476,07:14:32.476,blofin,ACT/USDT:USDT,0.04603,5.0,0.04602,361.0,0.04604,752.0,0.04605,5.0
1753600473692,07:14:33.692,blofin,ACT/USDT:USDT,0.04603,5.0,0.04602,358.0,0.04604,791.0,0.04606,1.0
1753600474477,07:14:34.477,blofin,ACT/USDT:USDT,0.04603,5.0,0.04602,358.0,0.04604,3.0,0.04605,788.0
1753600474693,07:14:34.693,blofin,ACT/USDT:USDT,0.04603,5.0,0.04602,360.0,0.04604,3.0,0.04605,788.0
1753600475478,07:14:35.478,blofin,ACT/USDT:USDT,0.04603,5.0,0.04602,360.0,0.04604,3.0,0.04605,806.0
1753600476198,07:14:36.198,blofin,ACT/USDT:USDT,0.04603,5.0,0.04602,357.0,0.04605,810.0,0.04606,4342.0
1753600477200,07:14:37.200,blofin,ACT/USDT:USDT,0.04603,5.0,0.04602,357.0,0.04605,811.0,0.04606,1.0
1753600477700,07:14:37.700,blofin,ACT/USDT:USDT,0.04603,5.0,0.04602,357.0,0.04605,811.0,0.04606,1.0
1753600478202,07:14:38.202,blofin,ACT/USDT:USDT,0.04603,5.0,0.04602,360.0,0.04605,811.0,0.04606,1.0
1753600478703,07:14:38.703,blofin,ACT/USDT:USDT,0.04603,5.0,0.04602,361.0,0.04605,808.0,0.04606,1.0
1753600479483,07:14:39.483,blofin,ACT/USDT:USDT,0.04603,5.0,0.04602,361.0,0.04604,806.0,0.04605,2.0
1753600480487,07:14:40.487,blofin,ACT/USDT:USDT,0.04603,5.0,0.04602,361.0,0.04604,1.0,0.04605,824.0
1753600481484,07:14:41.484,blofin,ACT/USDT:USDT,0.04603,5.0,0.04602,33.0,0.04604,825.0,0.04606,73.0
1753600482215,07:14:42.215,blofin,ACT/USDT:USDT,0.04603,5.0,0.04602,32.0,0.04604,825.0,0.04606,73.0
1753600482484,07:14:42.484,blofin,ACT/USDT:USDT,0.04603,5.0,0.04602,32.0,0.04604,825.0,0.04606,5188.0
1753600482711,07:14:42.711,blofin,ACT/USDT:USDT,0.04603,5.0,0.04602,31.0,0.04604,825.0,0.04606,5188.0
1753600483713,07:14:43.713,blofin,ACT/USDT:USDT,0.046,1828.0,0.04599,10816.0,0.04602,1.0,0.04604,388.0
1753600484212,07:14:44.212,blofin,ACT/USDT:USDT,0.046,27.0,0.04599,10816.0,0.04602,1.0,0.04603,1347.0
1753600484713,07:14:44.713,blofin,ACT/USDT:USDT,0.046,1019.0,0.04599,10816.0,0.04602,1.0,0.04603,335.0
1753600485487,07:14:45.487,blofin,ACT/USDT:USDT,0.046,1019.0,0.04599,10816.0,0.04603,512.0,0.04604,2069.0
1753600485714,07:14:45.714,blofin,ACT/USDT:USDT,0.046,1019.0,0.04599,10816.0,0.04603,510.0,0.04604,2069.0
1753600486490,07:14:46.490,blofin,ACT/USDT:USDT,0.046,1019.0,0.04599,10816.0,0.04603,510.0,0.04606,1.0
1753600486715,07:14:46.715,blofin,ACT/USDT:USDT,0.046,1019.0,0.04599,10816.0,0.04603,510.0,0.04606,1.0
1753600487489,07:14:47.489,blofin,ACT/USDT:USDT,0.046,1019.0,0.04599,10816.0,0.04603,513.0,0.04606,1.0
1753600487719,07:14:47.719,blofin,ACT/USDT:USDT,0.046,1022.0,0.04599,10816.0,0.04603,513.0,0.04606,1.0
1753600488721,07:14:48.721,blofin,ACT/USDT:USDT,0.046,1021.0,0.04599,17715.0,0.04603,522.0,0.04604,650.0
1753600489219,07:14:49.219,blofin,ACT/USDT:USDT,0.046,1020.0,0.04599,17715.0,0.04603,522.0,0.04604,650.0
1753600489721,07:14:49.721,blofin,ACT/USDT:USDT,0.046,1020.0,0.04599,10816.0,0.04603,522.0,0.04605,5156.0
1753600490723,07:14:50.723,blofin,ACT/USDT:USDT,0.046,1021.0,0.04599,10816.0,0.04603,531.0,0.04604,2456.0
1753600491222,07:14:51.222,blofin,ACT/USDT:USDT,0.046,1021.0,0.04599,11475.0,0.04603,531.0,0.04604,2456.0
1753600491722,07:14:51.722,blofin,ACT/USDT:USDT,0.046,25.0,0.04599,11475.0,0.04603,1196.0,0.04604,3506.0
1753600492226,07:14:52.226,blofin,ACT/USDT:USDT,0.046,25.0,0.04599,11475.0,0.04603,1194.0,0.04604,3506.0
1753600492724,07:14:52.724,blofin,ACT/USDT:USDT,0.046,25.0,0.04599,11475.0,0.04603,1195.0,0.04606,2672.0
1753600493224,07:14:53.224,blofin,ACT/USDT:USDT,0.046,25.0,0.04599,11475.0,0.04603,1196.0,0.04606,2672.0
1753600493727,07:14:53.727,blofin,ACT/USDT:USDT,0.046,29.0,0.04597,15095.0,0.04603,1198.0,0.04607,4941.0
1753600494495,07:14:54.495,blofin,ACT/USDT:USDT,0.046,29.0,0.04597,13152.0,0.04603,1198.0,0.04606,4756.0
1753600494727,07:14:54.727,blofin,ACT/USDT:USDT,0.046,28.0,0.04597,13152.0,0.04603,1198.0,0.04606,4756.0
1753600495504,07:14:55.504,blofin,ACT/USDT:USDT,0.046,5.0,0.04599,11125.0,0.04602,798.0,0.04603,7.0
1753600496230,07:14:56.230,blofin,ACT/USDT:USDT,0.046,5.0,0.04599,11125.0,0.04602,798.0,0.04603,7.0
1753600496731,07:14:56.731,blofin,ACT/USDT:USDT,0.04597,338.0,0.04594,5133.0,0.04599,1426.0,0.046,2838.0
1753600497234,07:14:57.234,blofin,ACT/USDT:USDT,0.04596,215.0,0.04594,6430.0,0.04599,1428.0,0.04603,411.0
1753600497732,07:14:57.732,blofin,ACT/USDT:USDT,0.04596,882.0,0.04594,5133.0,0.046,1895.0,0.04602,835.0
1753600498355,07:14:58.355,blofin,ACT/USDT:USDT,0.04597,882.0,0.04596,4.0,0.046,1895.0,0.04603,4.0
1753600498733,07:14:58.733,blofin,ACT/USDT:USDT,0.04597,685.0,0.04595,780.0,0.046,760.0,0.04603,4.0
1753600499498,07:14:59.498,blofin,ACT/USDT:USDT,0.04597,685.0,0.04594,1430.0,0.046,760.0,0.04603,5880.0
1753600499735,07:14:59.735,blofin,ACT/USDT:USDT,0.04597,687.0,0.04594,1430.0,0.046,760.0,0.04603,5880.0
1753600500500,07:15:00.500,blofin,ACT/USDT:USDT,0.04597,687.0,0.04593,9140.0,0.046,760.0,0.04602,4611.0
1753600500736,07:15:00.736,blofin,ACT/USDT:USDT,0.04597,683.0,0.04593,9140.0,0.046,760.0,0.04602,4611.0
1753600502239,07:15:02.239,blofin,ACT/USDT:USDT,0.04597,686.0,0.04595,6018.0,0.046,759.0,0.04603,4.0
1753600502740,07:15:02.740,blofin,ACT/USDT:USDT,0.04597,4.0,0.04596,871.0,0.04599,1321.0,0.04603,1495.0
1753600503239,07:15:03.239,blofin,ACT/USDT:USDT,0.04595,28.0,0.04593,6736.0,0.04597,1355.0,0.04599,3477.0
1753600503754,07:15:03.754,blofin,ACT/USDT:USDT,0.04595,810.0,0.04593,11535.0,0.04597,812.0,0.04599,3934.0
1753600504244,07:15:04.244,blofin,ACT/USDT:USDT,0.04595,808.0,0.04593,11535.0,0.04597,812.0,0.04599,3934.0
1753600504822,07:15:04.822,blofin,ACT/USDT:USDT,0.04595,806.0,0.04593,9481.0,0.04597,2.0,0.04598,800.0
1753600505242,07:15:05.242,blofin,ACT/USDT:USDT,0.04597,3136.0,0.04595,4240.0,0.046,13.0,0.04603,7766.0
1753600505742,07:15:05.742,blofin,ACT/USDT:USDT,0.04597,1178.0,0.04595,4262.0,0.046,834.0,0.04603,7766.0
1753600506504,07:15:06.504,blofin,ACT/USDT:USDT,0.04597,1178.0,0.04595,3385.0,0.046,181.0,0.04603,9392.0
1753600506744,07:15:06.744,blofin,ACT/USDT:USDT,0.04597,1178.0,0.04595,3385.0,0.046,178.0,0.04603,9392.0
1753600507505,07:15:07.505,blofin,ACT/USDT:USDT,0.04597,1183.0,0.04594,2281.0,0.04599,565.0,0.046,1.0
1753600507752,07:15:07.752,blofin,ACT/USDT:USDT,0.04597,1183.0,0.04594,2281.0,0.04599,568.0,0.04603,7766.0
1753600508505,07:15:08.505,blofin,ACT/USDT:USDT,0.04597,1181.0,0.04594,2281.0,0.04599,567.0,0.04603,4.0
1753600509042,07:15:09.042,blofin,ACT/USDT:USDT,0.04597,3.0,0.04596,1178.0,0.04599,2.0,0.046,565.0
1753600509507,07:15:09.507,blofin,ACT/USDT:USDT,0.04597,3.0,0.04596,3241.0,0.046,1216.0,0.04601,2663.0
1753600509740,07:15:09.740,blofin,ACT/USDT:USDT,0.04597,3.0,0.04596,3241.0,0.04599,1212.0,0.046,4.0
1753600510751,07:15:10.751,blofin,ACT/USDT:USDT,0.04597,3.0,0.04595,233.0,0.04598,1591.0,0.04601,1944.0
1753600511252,07:15:11.252,blofin,ACT/USDT:USDT,0.04597,3.0,0.04595,233.0,0.04598,1594.0,0.04601,1944.0
1753600511753,07:15:11.753,blofin,ACT/USDT:USDT,0.04597,3.0,0.04595,877.0,0.04598,422.0,0.04602,5442.0
1753600512257,07:15:12.257,blofin,ACT/USDT:USDT,0.04595,882.0,0.04593,5717.0,0.04598,422.0,0.04602,5442.0
1753600512757,07:15:12.757,blofin,ACT/USDT:USDT,0.04595,992.0,0.04593,5717.0,0.04598,432.0,0.04602,6305.0
1753600513507,07:15:13.507,blofin,ACT/USDT:USDT,0.04595,988.0,0.04593,5717.0,0.04598,431.0,0.04602,6305.0
1753600513766,07:15:13.766,blofin,ACT/USDT:USDT,0.04595,988.0,0.04593,5717.0,0.04598,433.0,0.04599,2708.0
1753600514511,07:15:14.511,blofin,ACT/USDT:USDT,0.04595,988.0,0.04593,5717.0,0.04597,430.0,0.04598,3.0
1753600514756,07:15:14.756,blofin,ACT/USDT:USDT,0.04595,992.0,0.04593,5717.0,0.04597,430.0,0.04598,3.0
1753600515510,07:15:15.510,blofin,ACT/USDT:USDT,0.04595,2786.0,0.04593,5717.0,0.04597,298.0,0.046,5692.0
1753600515758,07:15:15.758,blofin,ACT/USDT:USDT,0.04595,2786.0,0.04593,5717.0,0.04597,298.0,0.046,5692.0
1753600516513,07:15:16.513,blofin,ACT/USDT:USDT,0.04595,2786.0,0.04593,5717.0,0.04597,4.0,0.04598,312.0
1753600516759,07:15:16.759,blofin,ACT/USDT:USDT,0.04595,2786.0,0.04594,1685.0,0.04597,4.0,0.04598,312.0
1753600517510,07:15:17.510,blofin,ACT/USDT:USDT,0.04595,2786.0,0.04594,1685.0,0.04597,4.0,0.04598,312.0
1753600517759,07:15:17.759,blofin,ACT/USDT:USDT,0.04595,2786.0,0.04594,1685.0,0.04598,313.0,0.04601,1442.0
1753600518760,07:15:18.760,blofin,ACT/USDT:USDT,0.04595,2782.0,0.04593,5717.0,0.04597,324.0,0.046,1365.0
1753600519260,07:15:19.260,blofin,ACT/USDT:USDT,0.04595,2786.0,0.04593,5717.0,0.04597,324.0,0.046,1365.0
