timestamp,time,exchange,symbol,bid1_price,bid1_volume,bid2_price,bid2_volume,ask1_price,ask1_volume,ask2_price,ask2_volume
1753599983783,07:06:23.783,binance,AERO/USDT:USDT,0.8993,17.8,0.8992,577.1,0.8995,83.4,0.8996,509.5
1753599983885,07:06:23.885,binance,AERO/USDT:USDT,0.8993,17.8,0.8992,577.1,0.8995,83.4,0.8996,509.5
1753599984902,07:06:24.902,binance,AERO/USDT:USDT,0.8992,558.7,0.8991,452.6,0.8995,83.4,0.8996,509.5
1753599985008,07:06:25.008,binance,AERO/USDT:USDT,0.8992,558.7,0.8991,452.6,0.8995,83.4,0.8996,509.5
1753599985111,07:06:25.111,binance,AERO/USDT:USDT,0.8992,558.7,0.8991,452.6,0.8995,83.4,0.8996,509.5
1753599985216,07:06:25.216,binance,AERO/USDT:USDT,0.8992,558.7,0.8991,463.8,0.8995,83.4,0.8996,509.5
1753599985433,07:06:25.433,binance,AERO/USDT:USDT,0.8992,558.7,0.8991,463.8,0.8995,83.4,0.8996,509.5
1753599985547,07:06:25.547,binance,AERO/USDT:USDT,0.8992,558.7,0.8991,463.8,0.8995,83.4,0.8996,509.5
1753599986129,07:06:26.129,binance,AERO/USDT:USDT,0.8992,558.7,0.8991,463.8,0.8995,83.4,0.8996,509.5
1753599986453,07:06:26.453,binance,AERO/USDT:USDT,0.8992,558.7,0.8991,463.8,0.8995,83.4,0.8996,509.5
1753599986921,07:06:26.921,binance,AERO/USDT:USDT,0.8993,17.8,0.8992,577.1,0.8995,83.4,0.8996,509.5
1753599987068,07:06:27.068,binance,AERO/USDT:USDT,0.8993,17.8,0.8992,577.1,0.8995,83.4,0.8996,509.5
1753599987241,07:06:27.241,binance,AERO/USDT:USDT,0.8994,93.4,0.8993,114.9,0.8996,466.5,0.8997,455.3
1753599987372,07:06:27.372,binance,AERO/USDT:USDT,0.8994,93.4,0.8993,114.9,0.8996,466.5,0.8997,455.3
1753599987477,07:06:27.477,binance,AERO/USDT:USDT,0.8994,93.4,0.8993,114.9,0.8996,466.5,0.8997,455.3
1753599988447,07:06:28.447,binance,AERO/USDT:USDT,0.8994,93.4,0.8993,559.7,0.8996,49.4,0.8997,455.3
1753599988724,07:06:28.724,binance,AERO/USDT:USDT,0.8994,93.4,0.8993,559.7,0.8996,49.4,0.8997,455.3
1753599988902,07:06:28.902,binance,AERO/USDT:USDT,0.8994,93.4,0.8993,559.7,0.8996,49.4,0.8997,455.3
1753599989502,07:06:29.502,binance,AERO/USDT:USDT,0.8994,93.4,0.8993,559.7,0.8996,49.4,0.8997,455.3
1753599990229,07:06:30.229,binance,AERO/USDT:USDT,0.8994,93.4,0.8993,559.7,0.8996,49.4,0.8997,455.3
1753599990381,07:06:30.381,binance,AERO/USDT:USDT,0.8994,93.4,0.8993,559.7,0.8996,49.4,0.8997,455.3
1753599991216,07:06:31.216,binance,AERO/USDT:USDT,0.8994,93.4,0.8993,559.7,0.8996,142.8,0.8997,455.3
1753599992065,07:06:32.065,binance,AERO/USDT:USDT,0.8994,93.4,0.8993,559.7,0.8996,142.8,0.8997,455.3
1753599992189,07:06:32.189,binance,AERO/USDT:USDT,0.8994,93.4,0.8993,559.7,0.8996,142.8,0.8997,455.3
1753599992293,07:06:32.293,binance,AERO/USDT:USDT,0.8994,93.4,0.8993,559.7,0.8996,142.8,0.8997,455.3
1753599992442,07:06:32.442,binance,AERO/USDT:USDT,0.8994,93.4,0.8993,559.7,0.8996,49.4,0.8997,455.3
1753599992592,07:06:32.592,binance,AERO/USDT:USDT,0.8994,99.3,0.8993,559.7,0.8996,49.4,0.8997,455.3
1753599993223,07:06:33.223,binance,AERO/USDT:USDT,0.8995,17.8,0.8994,99.3,0.8996,49.4,0.8997,455.3
1753599993783,07:06:33.783,binance,AERO/USDT:USDT,0.8994,99.3,0.8993,451.8,0.8996,49.4,0.8997,455.3
1753599993886,07:06:33.886,binance,AERO/USDT:USDT,0.8994,99.3,0.8993,451.8,0.8996,49.4,0.8997,455.3
1753599994323,07:06:34.323,binance,AERO/USDT:USDT,0.8994,99.3,0.8993,451.8,0.8996,49.4,0.8997,455.3
1753599994492,07:06:34.492,binance,AERO/USDT:USDT,0.8994,111.0,0.8993,451.8,0.8996,49.4,0.8997,455.3
1753599994902,07:06:34.902,binance,AERO/USDT:USDT,0.8994,111.0,0.8993,451.8,0.8996,49.4,0.8997,455.3
1753599995247,07:06:35.247,binance,AERO/USDT:USDT,0.8994,111.0,0.8993,451.8,0.8996,49.4,0.8997,455.3
1753599997248,07:06:37.248,binance,AERO/USDT:USDT,0.8994,111.0,0.8993,451.8,0.8996,49.4,0.8997,455.3
1753599997402,07:06:37.402,binance,AERO/USDT:USDT,0.8994,111.0,0.8993,451.8,0.8996,49.4,0.8997,455.3
1753599997802,07:06:37.802,binance,AERO/USDT:USDT,0.8994,111.0,0.8993,451.8,0.8996,49.4,0.8997,455.3
1753599998239,07:06:38.239,binance,AERO/USDT:USDT,0.8994,111.0,0.8993,451.8,0.8996,49.4,0.8997,455.3
1753599998402,07:06:38.402,binance,AERO/USDT:USDT,0.8994,111.0,0.8993,451.8,0.8996,49.4,0.8997,455.3
1753599998559,07:06:38.559,binance,AERO/USDT:USDT,0.8994,111.0,0.8993,451.8,0.8996,49.4,0.8997,455.3
1753599998746,07:06:38.746,binance,AERO/USDT:USDT,0.8994,111.0,0.8993,451.8,0.8996,49.4,0.8997,455.3
1753599999144,07:06:39.144,binance,AERO/USDT:USDT,0.8994,111.0,0.8993,451.8,0.8996,49.4,0.8997,455.3
1753599999248,07:06:39.248,binance,AERO/USDT:USDT,0.8994,111.0,0.8993,451.8,0.8996,49.4,0.8997,455.3
1753600000323,07:06:40.323,binance,AERO/USDT:USDT,0.8994,111.0,0.8993,451.8,0.8996,49.4,0.8997,455.3
1753600000435,07:06:40.435,binance,AERO/USDT:USDT,0.8996,93.4,0.8995,433.6,0.8997,12.6,0.8998,38.8
1753600000558,07:06:40.558,binance,AERO/USDT:USDT,0.8996,90.3,0.8995,433.6,0.8997,12.6,0.8998,38.8
1753600000659,07:06:40.659,binance,AERO/USDT:USDT,0.8996,90.3,0.8995,28.3,0.8997,106.0,0.8998,38.8
1753600000772,07:06:40.772,binance,AERO/USDT:USDT,0.8996,90.3,0.8995,28.3,0.8997,106.0,0.8998,38.8
1753600001213,07:06:41.213,binance,AERO/USDT:USDT,0.8996,90.3,0.8995,28.3,0.8997,106.0,0.8998,38.8
1753600001366,07:06:41.366,binance,AERO/USDT:USDT,0.8996,90.3,0.8995,28.3,0.8997,106.0,0.8998,38.8
1753600001523,07:06:41.523,binance,AERO/USDT:USDT,0.8996,90.3,0.8995,28.3,0.8997,106.0,0.8998,38.8
1753600001743,07:06:41.743,binance,AERO/USDT:USDT,0.8996,90.3,0.8995,28.3,0.8997,106.0,0.8998,38.8
1753600001850,07:06:41.850,binance,AERO/USDT:USDT,0.8996,90.3,0.8995,28.3,0.8997,106.0,0.8998,38.8
1753600001958,07:06:41.958,binance,AERO/USDT:USDT,0.8996,90.3,0.8995,28.3,0.8997,106.0,0.8998,38.8
1753600002119,07:06:42.119,binance,AERO/USDT:USDT,0.8996,90.3,0.8995,28.3,0.8997,106.0,0.8998,38.8
1753600002222,07:06:42.222,binance,AERO/USDT:USDT,0.8996,90.3,0.8995,28.3,0.8997,106.0,0.8998,38.8
1753600002323,07:06:42.323,binance,AERO/USDT:USDT,0.8996,90.3,0.8995,28.3,0.8997,106.0,0.8998,38.8
1753600002834,07:06:42.834,binance,AERO/USDT:USDT,0.8996,90.3,0.8995,28.3,0.8997,106.0,0.8998,38.8
1753600003184,07:06:43.184,binance,AERO/USDT:USDT,0.8996,90.3,0.8995,28.3,0.8997,106.0,0.8998,38.8
1753600003373,07:06:43.373,binance,AERO/USDT:USDT,0.8996,90.3,0.8995,28.3,0.8997,106.0,0.8998,38.8
1753600003851,07:06:43.851,binance,AERO/USDT:USDT,0.8995,28.3,0.8994,1077.0,0.8997,106.0,0.8998,38.8
1753600003973,07:06:43.973,binance,AERO/USDT:USDT,0.8995,28.3,0.8994,1077.0,0.8997,106.0,0.8998,38.8
1753600004973,07:06:44.973,binance,AERO/USDT:USDT,0.8996,90.7,0.8995,624.9,0.8997,106.0,0.8998,38.8
1753600005083,07:06:45.083,binance,AERO/USDT:USDT,0.8996,90.7,0.8995,624.9,0.8997,106.0,0.8998,38.8
1753600005187,07:06:45.187,binance,AERO/USDT:USDT,0.8996,90.7,0.8995,624.9,0.8997,106.0,0.8998,38.8
1753600005291,07:06:45.291,binance,AERO/USDT:USDT,0.8996,90.7,0.8995,624.9,0.8997,106.0,0.8998,38.8
1753600005583,07:06:45.583,binance,AERO/USDT:USDT,0.8996,90.7,0.8995,624.9,0.8997,106.0,0.8998,38.8
1753600005704,07:06:45.704,binance,AERO/USDT:USDT,0.8996,90.7,0.8995,28.3,0.8997,106.0,0.8998,38.8
1753600006102,07:06:46.102,binance,AERO/USDT:USDT,0.8996,90.7,0.8995,28.3,0.8997,106.0,0.8998,38.8
1753600006922,07:06:46.922,binance,AERO/USDT:USDT,0.8995,10.5,0.8994,523.2,0.8996,257.0,0.8997,905.1
1753600007024,07:06:47.024,binance,AERO/USDT:USDT,0.8994,269.2,0.8993,1337.5,0.8996,257.0,0.8997,923.5
1753600007261,07:06:47.261,binance,AERO/USDT:USDT,0.8994,269.2,0.8993,911.1,0.8995,93.4,0.8996,281.0
1753600007509,07:06:47.509,binance,AERO/USDT:USDT,0.8994,161.5,0.8993,911.1,0.8995,93.4,0.8996,281.0
1753600007753,07:06:47.753,binance,AERO/USDT:USDT,0.8995,111.2,0.8994,161.5,0.8996,5.6,0.8997,12.6
1753600007854,07:06:47.854,binance,AERO/USDT:USDT,0.8995,93.4,0.8994,187.7,0.8996,5.6,0.8997,12.6
1753600007962,07:06:47.962,binance,AERO/USDT:USDT,0.8994,603.5,0.8993,911.1,0.8996,99.0,0.8997,31.0
1753600008072,07:06:48.072,binance,AERO/USDT:USDT,0.8994,585.1,0.8993,911.1,0.8996,99.0,0.8997,31.0
1753600008176,07:06:48.176,binance,AERO/USDT:USDT,0.8994,585.1,0.8993,911.1,0.8996,99.0,0.8997,31.0
1753600008402,07:06:48.402,binance,AERO/USDT:USDT,0.8994,585.1,0.8993,911.1,0.8996,99.0,0.8997,31.0
1753600008973,07:06:48.973,binance,AERO/USDT:USDT,0.8994,585.1,0.8993,911.1,0.8996,99.0,0.8997,31.0
1753600009159,07:06:49.159,binance,AERO/USDT:USDT,0.8994,585.1,0.8993,911.1,0.8996,99.0,0.8997,31.0
1753600009444,07:06:49.444,binance,AERO/USDT:USDT,0.8995,93.4,0.8994,585.1,0.8996,5.6,0.8997,31.0
1753600009583,07:06:49.583,binance,AERO/USDT:USDT,0.8995,93.4,0.8994,585.1,0.8996,5.6,0.8997,31.0
1753600009923,07:06:49.923,binance,AERO/USDT:USDT,0.8995,93.4,0.8994,585.1,0.8996,5.6,0.8997,31.0
1753600010663,07:06:50.663,binance,AERO/USDT:USDT,0.8995,93.4,0.8994,585.1,0.8996,5.6,0.8997,31.0
1753600011115,07:06:51.115,binance,AERO/USDT:USDT,0.8995,93.4,0.8994,560.9,0.8996,5.6,0.8997,31.0
1753600011218,07:06:51.218,binance,AERO/USDT:USDT,0.8995,93.4,0.8994,560.9,0.8996,5.6,0.8997,31.0
1753600011446,07:06:51.446,binance,AERO/USDT:USDT,0.8995,93.4,0.8994,560.9,0.8996,5.6,0.8997,31.0
1753600011683,07:06:51.683,binance,AERO/USDT:USDT,0.8995,93.4,0.8994,560.9,0.8996,5.6,0.8997,31.0
1753600011793,07:06:51.793,binance,AERO/USDT:USDT,0.8995,93.4,0.8994,448.2,0.8996,5.6,0.8997,31.0
1753600012202,07:06:52.202,binance,AERO/USDT:USDT,0.8995,93.4,0.8994,448.2,0.8996,5.6,0.8997,31.0
1753600012346,07:06:52.346,binance,AERO/USDT:USDT,0.8995,93.4,0.8994,448.2,0.8996,5.6,0.8997,31.0
1753600012450,07:06:52.450,binance,AERO/USDT:USDT,0.8995,93.4,0.8994,448.2,0.8996,5.6,0.8997,292.3
1753600012583,07:06:52.583,binance,AERO/USDT:USDT,0.8995,93.4,0.8994,448.2,0.8996,5.6,0.8997,31.0
1753600012783,07:06:52.783,binance,AERO/USDT:USDT,0.8995,99.5,0.8994,448.2,0.8996,5.6,0.8997,31.0
1753600013046,07:06:53.046,binance,AERO/USDT:USDT,0.8995,99.5,0.8994,448.2,0.8996,5.6,0.8997,31.0
1753600013198,07:06:53.198,binance,AERO/USDT:USDT,0.8995,99.5,0.8994,448.2,0.8996,5.6,0.8997,31.0
1753600013332,07:06:53.332,binance,AERO/USDT:USDT,0.8995,99.5,0.8994,448.2,0.8996,5.6,0.8997,31.0
1753600014239,07:06:54.239,binance,AERO/USDT:USDT,0.8995,99.5,0.8994,448.2,0.8996,5.6,0.8997,31.0
1753600014352,07:06:54.352,binance,AERO/USDT:USDT,0.8995,99.5,0.8994,448.2,0.8996,5.6,0.8997,12.6
1753600014723,07:06:54.723,binance,AERO/USDT:USDT,0.8995,99.5,0.8994,448.2,0.8996,5.6,0.8997,12.6
1753600014980,07:06:54.980,binance,AERO/USDT:USDT,0.8995,99.5,0.8994,448.2,0.8996,5.6,0.8997,12.6
1753600015101,07:06:55.101,binance,AERO/USDT:USDT,0.8995,99.5,0.8994,448.2,0.8996,5.6,0.8997,12.6
1753600015344,07:06:55.344,binance,AERO/USDT:USDT,0.8995,6.1,0.8994,448.2,0.8996,5.6,0.8997,12.6
1753600015454,07:06:55.454,binance,AERO/USDT:USDT,0.8995,6.1,0.8994,32.4,0.8996,566.4,0.8997,164.0
1753600015555,07:06:55.555,binance,AERO/USDT:USDT,0.8994,32.4,0.8993,65.7,0.8995,752.1,0.8996,514.7
1753600015663,07:06:55.663,binance,AERO/USDT:USDT,0.8994,32.4,0.8993,65.7,0.8995,752.1,0.8996,533.1
1753600016053,07:06:56.053,binance,AERO/USDT:USDT,0.8994,32.4,0.8993,65.7,0.8995,752.1,0.8996,533.1
1753600016317,07:06:56.317,binance,AERO/USDT:USDT,0.8994,32.4,0.8993,52.6,0.8995,752.1,0.8996,533.1
1753600016613,07:06:56.613,binance,AERO/USDT:USDT,0.8994,32.4,0.8993,52.6,0.8995,752.1,0.8996,533.1
1753600016714,07:06:56.714,binance,AERO/USDT:USDT,0.8994,32.4,0.8993,52.6,0.8995,752.1,0.8996,533.1
1753600017022,07:06:57.022,binance,AERO/USDT:USDT,0.8994,32.4,0.8993,52.6,0.8995,752.1,0.8996,533.1
1753600017128,07:06:57.128,binance,AERO/USDT:USDT,0.8994,32.4,0.8993,52.6,0.8995,752.1,0.8996,533.1
1753600017593,07:06:57.593,binance,AERO/USDT:USDT,0.8994,32.4,0.8993,52.6,0.8995,752.1,0.8996,533.1
1753600018302,07:06:58.302,binance,AERO/USDT:USDT,0.8994,32.4,0.8993,52.6,0.8995,752.1,0.8996,533.1
1753600018853,07:06:58.853,binance,AERO/USDT:USDT,0.8994,32.4,0.8993,52.6,0.8995,752.1,0.8996,533.1
1753600019524,07:06:59.524,binance,AERO/USDT:USDT,0.8994,32.4,0.8993,52.6,0.8995,752.1,0.8996,533.1
1753600019646,07:06:59.646,binance,AERO/USDT:USDT,0.8994,38.5,0.8993,52.6,0.8996,117.4,0.8997,598.1
1753600019747,07:06:59.747,binance,AERO/USDT:USDT,0.8994,38.5,0.8993,52.6,0.8996,117.4,0.8997,598.1
1753600019973,07:06:59.973,binance,AERO/USDT:USDT,0.8994,38.5,0.8993,52.6,0.8996,117.4,0.8997,598.1
1753600020121,07:07:00.121,binance,AERO/USDT:USDT,0.8994,38.5,0.8993,52.6,0.8996,117.4,0.8997,598.1
1753600020232,07:07:00.232,binance,AERO/USDT:USDT,0.8994,38.5,0.8993,37.6,0.8996,117.4,0.8997,598.1
1753600020340,07:07:00.340,binance,AERO/USDT:USDT,0.8994,468.0,0.8993,37.6,0.8996,117.4,0.8997,598.1
1753600020886,07:07:00.886,binance,AERO/USDT:USDT,0.8995,84.1,0.8994,479.0,0.8996,117.4,0.8997,31.0
1753600021189,07:07:01.189,binance,AERO/USDT:USDT,0.8995,84.1,0.8994,479.0,0.8996,117.4,0.8997,31.0
1753600021419,07:07:01.419,binance,AERO/USDT:USDT,0.8995,84.1,0.8994,479.0,0.8996,117.4,0.8997,31.0
1753600022202,07:07:02.202,binance,AERO/USDT:USDT,0.8995,84.1,0.8994,479.0,0.8996,117.4,0.8997,31.0
1753600022753,07:07:02.753,binance,AERO/USDT:USDT,0.8995,84.1,0.8994,479.0,0.8996,117.4,0.8997,31.0
1753600023302,07:07:03.302,binance,AERO/USDT:USDT,0.8995,66.3,0.8994,479.0,0.8996,117.4,0.8997,31.0
1753600023595,07:07:03.595,binance,AERO/USDT:USDT,0.8995,66.3,0.8994,479.0,0.8996,117.4,0.8997,31.0
1753600023883,07:07:03.883,binance,AERO/USDT:USDT,0.8995,66.3,0.8994,479.0,0.8996,117.4,0.8997,31.0
1753600024134,07:07:04.134,binance,AERO/USDT:USDT,0.8994,479.0,0.8993,462.0,0.8996,117.4,0.8997,31.0
1753600024502,07:07:04.502,binance,AERO/USDT:USDT,0.8994,479.0,0.8993,462.0,0.8996,117.4,0.8997,31.0
1753600025004,07:07:05.004,binance,AERO/USDT:USDT,0.8994,479.0,0.8993,462.0,0.8996,117.4,0.8997,31.0
1753600025140,07:07:05.140,binance,AERO/USDT:USDT,0.8994,479.0,0.8993,268.9,0.8996,117.4,0.8997,31.0
1753600025255,07:07:05.255,binance,AERO/USDT:USDT,0.8994,479.0,0.8993,268.9,0.8996,117.4,0.8997,31.0
1753600025563,07:07:05.563,binance,AERO/USDT:USDT,0.8994,479.0,0.8993,268.9,0.8996,117.4,0.8997,31.0
1753600025751,07:07:05.751,binance,AERO/USDT:USDT,0.8994,479.0,0.8993,268.9,0.8996,117.4,0.8997,31.0
1753600025857,07:07:05.857,binance,AERO/USDT:USDT,0.8994,479.0,0.8993,268.9,0.8996,117.4,0.8997,31.0
1753600026084,07:07:06.084,binance,AERO/USDT:USDT,0.8994,468.0,0.8993,278.3,0.8996,117.4,0.8997,31.0
1753600026457,07:07:06.457,binance,AERO/USDT:USDT,0.8994,468.0,0.8993,278.3,0.8996,117.4,0.8997,31.0
1753600026702,07:07:06.702,binance,AERO/USDT:USDT,0.8994,468.0,0.8993,198.4,0.8996,117.4,0.8997,31.0
1753600027302,07:07:07.302,binance,AERO/USDT:USDT,0.8994,468.0,0.8993,198.4,0.8996,98.1,0.8997,31.0
1753600027434,07:07:07.434,binance,AERO/USDT:USDT,0.8995,93.4,0.8994,468.0,0.8996,18.4,0.8997,31.0
1753600027536,07:07:07.536,binance,AERO/USDT:USDT,0.8995,93.4,0.8994,486.4,0.8997,31.0,0.8998,606.0
1753600027723,07:07:07.723,binance,AERO/USDT:USDT,0.8995,93.4,0.8994,486.4,0.8997,124.4,0.8998,606.0
1753600027833,07:07:07.833,binance,AERO/USDT:USDT,0.8995,93.4,0.8994,486.4,0.8997,124.4,0.8998,606.0
1753600027990,07:07:07.990,binance,AERO/USDT:USDT,0.8994,468.0,0.8993,204.0,0.8997,124.4,0.8998,606.0
1753600028383,07:07:08.383,binance,AERO/USDT:USDT,0.8994,468.0,0.8993,204.0,0.8997,124.4,0.8998,606.0
1753600028493,07:07:08.493,binance,AERO/USDT:USDT,0.8994,468.0,0.8993,204.0,0.8997,124.4,0.8998,606.0
1753600029087,07:07:09.087,binance,AERO/USDT:USDT,0.8994,131.9,0.8993,475.9,0.8996,191.3,0.8997,176.1
1753600029191,07:07:09.191,binance,AERO/USDT:USDT,0.8994,131.9,0.8993,475.9,0.8996,191.3,0.8997,176.1
1753600029310,07:07:09.310,binance,AERO/USDT:USDT,0.8996,90.3,0.8994,131.9,0.8997,124.4,0.8998,606.0
1753600029417,07:07:09.417,binance,AERO/USDT:USDT,0.8996,90.3,0.8994,131.9,0.8997,124.4,0.8998,606.0
1753600029519,07:07:09.519,binance,AERO/USDT:USDT,0.8994,38.5,0.8993,475.9,0.8996,199.2,0.8997,176.1
1753600029620,07:07:09.620,binance,AERO/USDT:USDT,0.8994,32.4,0.8993,475.9,0.8995,93.4,0.8996,256.5
1753600029789,07:07:09.789,binance,AERO/USDT:USDT,0.8994,32.4,0.8993,475.9,0.8995,93.4,0.8996,256.5
1753600029983,07:07:09.983,binance,AERO/USDT:USDT,0.8994,32.4,0.8993,475.9,0.8996,256.5,0.8997,347.7
1753600030305,07:07:10.305,binance,AERO/USDT:USDT,0.8994,32.4,0.8993,475.9,0.8996,256.5,0.8997,347.7
1753600030426,07:07:10.426,binance,AERO/USDT:USDT,0.8994,103.4,0.8993,475.9,0.8996,256.5,0.8997,347.7
1753600030602,07:07:10.602,binance,AERO/USDT:USDT,0.8994,103.4,0.8993,475.9,0.8996,256.5,0.8997,347.7
1753600030748,07:07:10.748,binance,AERO/USDT:USDT,0.8994,103.4,0.8993,475.9,0.8996,256.5,0.8997,347.7
1753600030899,07:07:10.899,binance,AERO/USDT:USDT,0.8994,103.4,0.8993,475.9,0.8996,256.5,0.8997,347.7
1753600031002,07:07:11.002,binance,AERO/USDT:USDT,0.8994,103.4,0.8993,475.9,0.8996,256.5,0.8997,347.7
1753600031153,07:07:11.153,binance,AERO/USDT:USDT,0.8994,103.4,0.8993,475.9,0.8996,256.5,0.8997,347.7
1753600031260,07:07:11.260,binance,AERO/USDT:USDT,0.8994,103.4,0.8993,475.9,0.8996,256.5,0.8997,347.7
1753600031434,07:07:11.434,binance,AERO/USDT:USDT,0.8994,103.4,0.8993,466.5,0.8996,256.5,0.8997,347.7
1753600031655,07:07:11.655,binance,AERO/USDT:USDT,0.8994,103.4,0.8993,466.5,0.8996,256.5,0.8997,347.7
1753600031802,07:07:11.802,binance,AERO/USDT:USDT,0.8994,103.4,0.8993,466.5,0.8996,256.5,0.8997,347.7
1753600032202,07:07:12.202,binance,AERO/USDT:USDT,0.8994,103.4,0.8993,466.5,0.8996,256.5,0.8997,347.7
1753600032802,07:07:12.802,binance,AERO/USDT:USDT,0.8994,103.4,0.8993,466.5,0.8996,256.5,0.8997,347.7
1753600033402,07:07:13.402,binance,AERO/USDT:USDT,0.8994,103.4,0.8993,466.5,0.8996,256.5,0.8997,347.7
1753600033631,07:07:13.631,binance,AERO/USDT:USDT,0.8994,103.4,0.8993,43.2,0.8995,93.4,0.8996,274.9
1753600033746,07:07:13.746,binance,AERO/USDT:USDT,0.8992,147.2,0.8991,1819.1,0.8994,662.9,0.8995,719.8
1753600033950,07:07:13.950,binance,AERO/USDT:USDT,0.8992,384.6,0.8991,1819.1,0.8994,40.4,0.8995,692.1
1753600034064,07:07:14.064,binance,AERO/USDT:USDT,0.8993,84.1,0.8992,147.2,0.8994,40.4,0.8995,540.7
1753600034168,07:07:14.168,binance,AERO/USDT:USDT,0.8993,177.5,0.8992,807.9,0.8995,117.4,0.8996,74.1
1753600034413,07:07:14.413,binance,AERO/USDT:USDT,0.8993,60.2,0.8992,826.3,0.8994,51.2,0.8995,169.1
1753600034514,07:07:14.514,binance,AERO/USDT:USDT,0.8993,60.2,0.8992,826.3,0.8994,51.2,0.8995,169.1
1753600034692,07:07:14.692,binance,AERO/USDT:USDT,0.8992,807.9,0.8991,1819.1,0.8994,51.2,0.8995,169.1
1753600034935,07:07:14.935,binance,AERO/USDT:USDT,0.8992,807.9,0.8991,1819.1,0.8994,51.2,0.8995,169.1
1753600035102,07:07:15.102,binance,AERO/USDT:USDT,0.8992,318.2,0.8991,1573.9,0.8994,51.2,0.8995,169.1
1753600035393,07:07:15.393,binance,AERO/USDT:USDT,0.8992,318.2,0.8991,1573.9,0.8994,51.2,0.8995,169.1
1753600035562,07:07:15.562,binance,AERO/USDT:USDT,0.8992,318.2,0.8991,1573.9,0.8994,51.2,0.8995,169.1
1753600035673,07:07:15.673,binance,AERO/USDT:USDT,0.8992,272.7,0.8991,1573.9,0.8994,51.2,0.8995,169.1
1753600035877,07:07:15.877,binance,AERO/USDT:USDT,0.8992,272.7,0.8991,1573.9,0.8994,51.2,0.8995,169.1
1753600036083,07:07:16.083,binance,AERO/USDT:USDT,0.8992,272.7,0.8991,1573.9,0.8994,51.2,0.8995,169.1
1753600036202,07:07:16.202,binance,AERO/USDT:USDT,0.8992,272.7,0.8991,1573.9,0.8994,51.2,0.8995,169.1
1753600036464,07:07:16.464,binance,AERO/USDT:USDT,0.8992,272.7,0.8991,1573.9,0.8994,51.2,0.8995,169.1
1753600036640,07:07:16.640,binance,AERO/USDT:USDT,0.8992,272.7,0.8991,1573.9,0.8994,51.2,0.8995,169.1
1753600036802,07:07:16.802,binance,AERO/USDT:USDT,0.8992,257.8,0.8991,1366.4,0.8994,51.2,0.8995,169.1
1753600036951,07:07:16.951,binance,AERO/USDT:USDT,0.8992,20.4,0.8991,1129.7,0.8994,51.2,0.8995,169.1
1753600037214,07:07:17.214,binance,AERO/USDT:USDT,0.8992,20.4,0.8991,515.4,0.8994,51.2,0.8995,169.1
1753600037615,07:07:17.615,binance,AERO/USDT:USDT,0.8992,38.2,0.8991,515.4,0.8994,51.2,0.8995,169.1
1753600037814,07:07:17.814,binance,AERO/USDT:USDT,0.8992,20.4,0.8991,515.4,0.8994,51.2,0.8995,169.1
1753600038353,07:07:18.353,binance,AERO/USDT:USDT,0.8992,20.4,0.8991,515.4,0.8994,51.2,0.8995,169.1
1753600038724,07:07:18.724,binance,AERO/USDT:USDT,0.8992,20.4,0.8991,515.4,0.8994,51.2,0.8995,169.1
1753600039502,07:07:19.502,binance,AERO/USDT:USDT,0.8992,20.4,0.8991,515.4,0.8994,51.2,0.8995,169.1
1753600040102,07:07:20.102,binance,AERO/USDT:USDT,0.8992,20.4,0.8991,515.4,0.8994,51.2,0.8995,169.1
1753600040593,07:07:20.593,binance,AERO/USDT:USDT,0.8992,20.4,0.8991,493.7,0.8994,51.2,0.8995,169.1
1753600040702,07:07:20.702,binance,AERO/USDT:USDT,0.8992,20.4,0.8991,493.7,0.8994,51.2,0.8995,169.1
1753600040917,07:07:20.917,binance,AERO/USDT:USDT,0.8992,20.4,0.8991,493.7,0.8994,51.2,0.8995,169.1
1753600041184,07:07:21.184,binance,AERO/USDT:USDT,0.8992,20.4,0.8991,1100.7,0.8994,51.2,0.8995,169.1
1753600041287,07:07:21.287,binance,AERO/USDT:USDT,0.8992,20.4,0.8991,1100.7,0.8994,51.2,0.8995,169.1
1753600041503,07:07:21.503,binance,AERO/USDT:USDT,0.8992,20.4,0.8991,1100.7,0.8994,51.2,0.8995,169.1
1753600041716,07:07:21.716,binance,AERO/USDT:USDT,0.8992,20.4,0.8991,1100.7,0.8994,51.2,0.8995,169.1
1753600041843,07:07:21.843,binance,AERO/USDT:USDT,0.8992,20.4,0.8991,1100.7,0.8994,51.2,0.8995,169.1
1753600042226,07:07:22.226,binance,AERO/USDT:USDT,0.8992,20.4,0.8991,67.3,0.8993,145.1,0.8994,226.6
1753600042396,07:07:22.396,binance,AERO/USDT:USDT,0.8991,48.9,0.899,569.5,0.8992,199.2,0.8993,145.1
1753600042499,07:07:22.499,binance,AERO/USDT:USDT,0.8991,30.5,0.899,569.5,0.8992,199.2,0.8993,163.5
1753600042844,07:07:22.844,binance,AERO/USDT:USDT,0.8991,30.5,0.899,569.5,0.8992,199.2,0.8993,163.5
1753600042953,07:07:22.953,binance,AERO/USDT:USDT,0.8991,30.5,0.899,143.1,0.8992,250.9,0.8993,111.8
1753600043193,07:07:23.193,binance,AERO/USDT:USDT,0.8991,30.5,0.899,143.1,0.8992,250.9,0.8993,111.8
1753600043413,07:07:23.413,binance,AERO/USDT:USDT,0.8991,30.5,0.899,143.1,0.8992,250.9,0.8993,111.8
1753600043524,07:07:23.524,binance,AERO/USDT:USDT,0.8991,30.5,0.899,143.1,0.8992,250.9,0.8993,111.8
1753600043649,07:07:23.649,binance,AERO/USDT:USDT,0.899,51.6,0.8989,922.5,0.8991,93.4,0.8992,250.9
1753600043754,07:07:23.754,binance,AERO/USDT:USDT,0.899,51.6,0.8989,922.5,0.8991,93.4,0.8992,250.9
1753600043924,07:07:23.924,binance,AERO/USDT:USDT,0.899,51.6,0.8989,922.5,0.8991,93.4,0.8992,250.9
1753600044434,07:07:24.434,binance,AERO/USDT:USDT,0.899,51.6,0.8989,922.5,0.8991,93.4,0.8992,250.9
1753600044836,07:07:24.836,binance,AERO/USDT:USDT,0.899,51.6,0.8989,922.5,0.8991,93.4,0.8992,250.9
1753600044953,07:07:24.953,binance,AERO/USDT:USDT,0.899,51.6,0.8989,922.5,0.8991,93.4,0.8992,250.9
1753600045483,07:07:25.483,binance,AERO/USDT:USDT,0.899,51.6,0.8989,922.5,0.8991,93.4,0.8992,250.9
1753600045626,07:07:25.626,binance,AERO/USDT:USDT,0.899,51.6,0.8989,922.5,0.8991,111.0,0.8992,250.9
1753600045729,07:07:25.729,binance,AERO/USDT:USDT,0.899,51.6,0.8989,922.5,0.8991,111.0,0.8992,250.9
1753600046106,07:07:26.106,binance,AERO/USDT:USDT,0.899,51.6,0.8989,349.7,0.8991,111.0,0.8992,250.9
1753600046389,07:07:26.389,binance,AERO/USDT:USDT,0.899,12.6,0.8989,51.4,0.8991,111.0,0.8992,250.9
1753600047802,07:07:27.802,binance,AERO/USDT:USDT,0.899,12.6,0.8989,51.4,0.8991,111.0,0.8992,269.3
1753600048054,07:07:28.054,binance,AERO/USDT:USDT,0.899,12.6,0.8989,51.4,0.8991,111.0,0.8992,269.3
1753600048300,07:07:28.300,binance,AERO/USDT:USDT,0.899,12.6,0.8989,51.4,0.8991,111.0,0.8992,269.3
1753600048402,07:07:28.402,binance,AERO/USDT:USDT,0.899,12.6,0.8989,51.4,0.8991,111.0,0.8992,269.3
1753600048543,07:07:28.543,binance,AERO/USDT:USDT,0.899,26.0,0.8989,51.4,0.8991,111.0,0.8992,269.3
1753600048933,07:07:28.933,binance,AERO/USDT:USDT,0.899,26.0,0.8989,51.4,0.8991,111.0,0.8992,269.3
1753600050307,07:07:30.307,binance,AERO/USDT:USDT,0.899,49.9,0.8989,51.4,0.8991,17.6,0.8992,18.4
1753600050583,07:07:30.583,binance,AERO/USDT:USDT,0.899,49.9,0.8989,51.4,0.8991,17.6,0.8992,18.4
1753600050756,07:07:30.756,binance,AERO/USDT:USDT,0.899,32.1,0.8989,51.4,0.8991,17.6,0.8992,18.4
1753600051102,07:07:31.102,binance,AERO/USDT:USDT,0.899,32.1,0.8989,51.4,0.8991,17.6,0.8992,18.4
1753600051321,07:07:31.321,binance,AERO/USDT:USDT,0.899,32.1,0.8989,51.4,0.8991,17.6,0.8992,18.4
1753600051550,07:07:31.550,binance,AERO/USDT:USDT,0.899,32.1,0.8989,36.9,0.8991,17.6,0.8992,18.4
1753600051702,07:07:31.702,binance,AERO/USDT:USDT,0.899,32.1,0.8989,36.9,0.8991,17.6,0.8992,18.4
1753600052068,07:07:32.068,binance,AERO/USDT:USDT,0.899,32.1,0.8989,36.9,0.8991,17.6,0.8992,18.4
1753600052802,07:07:32.802,binance,AERO/USDT:USDT,0.899,32.1,0.8989,36.9,0.8991,17.6,0.8992,18.4
1753600053124,07:07:33.124,binance,AERO/USDT:USDT,0.899,32.1,0.8989,36.9,0.8991,17.6,0.8992,18.4
1753600053402,07:07:33.402,binance,AERO/USDT:USDT,0.899,32.1,0.8989,36.9,0.8991,17.6,0.8992,18.4
1753600053552,07:07:33.552,binance,AERO/USDT:USDT,0.899,125.5,0.8989,36.9,0.8991,17.6,0.8992,18.4
1753600053656,07:07:33.656,binance,AERO/USDT:USDT,0.899,125.5,0.8989,36.9,0.8991,17.6,0.8992,18.4
1753600054002,07:07:34.002,binance,AERO/USDT:USDT,0.899,125.5,0.8989,36.9,0.8991,17.6,0.8992,18.4
1753600054602,07:07:34.602,binance,AERO/USDT:USDT,0.899,125.5,0.8989,36.9,0.8991,17.6,0.8992,18.4
1753600055193,07:07:35.193,binance,AERO/USDT:USDT,0.899,125.5,0.8989,36.9,0.8991,17.6,0.8992,18.4
1753600055477,07:07:35.477,binance,AERO/USDT:USDT,0.899,125.5,0.8989,36.9,0.8992,30.2,0.8993,687.2
1753600055702,07:07:35.702,binance,AERO/USDT:USDT,0.899,125.5,0.8989,36.9,0.8992,30.2,0.8993,687.2
1753600055806,07:07:35.806,binance,AERO/USDT:USDT,0.899,125.5,0.8989,36.9,0.8992,30.2,0.8993,687.2
1753600056302,07:07:36.302,binance,AERO/USDT:USDT,0.899,125.5,0.8989,36.9,0.8992,30.2,0.8993,687.2
1753600056902,07:07:36.902,binance,AERO/USDT:USDT,0.899,125.5,0.8989,36.9,0.8992,30.2,0.8993,687.2
1753600057294,07:07:37.294,binance,AERO/USDT:USDT,0.8991,23.9,0.899,125.5,0.8992,30.2,0.8993,124.4
1753600057504,07:07:37.504,binance,AERO/USDT:USDT,0.8991,113.8,0.899,553.5,0.8992,30.2,0.8993,124.4
1753600057718,07:07:37.718,binance,AERO/USDT:USDT,0.8991,113.8,0.899,571.9,0.8992,11.8,0.8993,124.4
1753600057924,07:07:37.924,binance,AERO/USDT:USDT,0.8991,113.8,0.899,571.9,0.8992,11.8,0.8993,124.4
1753600058502,07:07:38.502,binance,AERO/USDT:USDT,0.8991,113.8,0.899,571.9,0.8992,11.8,0.8993,124.4
1753600058698,07:07:38.698,binance,AERO/USDT:USDT,0.899,547.4,0.8989,464.9,0.8992,11.8,0.8993,124.4
1753600058805,07:07:38.805,binance,AERO/USDT:USDT,0.899,547.4,0.8989,464.9,0.8992,11.8,0.8993,124.4
1753600059497,07:07:39.497,binance,AERO/USDT:USDT,0.899,547.4,0.8989,1071.5,0.8993,136.6,0.8994,890.5
1753600059623,07:07:39.623,binance,AERO/USDT:USDT,0.899,547.4,0.8989,1071.5,0.8993,136.6,0.8994,890.5
1753600059762,07:07:39.762,binance,AERO/USDT:USDT,0.899,547.4,0.8989,1071.5,0.8993,136.6,0.8994,890.5
1753600059872,07:07:39.872,binance,AERO/USDT:USDT,0.899,547.4,0.8989,1071.5,0.8993,136.6,0.8994,890.5
1753600060060,07:07:40.060,binance,AERO/USDT:USDT,0.899,547.4,0.8989,1071.5,0.8993,136.6,0.8994,890.5
1753600060202,07:07:40.202,binance,AERO/USDT:USDT,0.899,547.4,0.8989,1071.5,0.8993,136.6,0.8994,890.5
1753600060368,07:07:40.368,binance,AERO/USDT:USDT,0.899,547.4,0.8989,1071.5,0.8993,136.6,0.8994,890.5
1753600060783,07:07:40.783,binance,AERO/USDT:USDT,0.899,547.4,0.8989,1071.5,0.8993,136.6,0.8994,890.5
1753600060893,07:07:40.893,binance,AERO/USDT:USDT,0.899,547.4,0.8989,1071.5,0.8993,136.6,0.8994,890.5
1753600061302,07:07:41.302,binance,AERO/USDT:USDT,0.899,547.4,0.8989,1071.5,0.8993,136.6,0.8994,890.5
1753600061467,07:07:41.467,binance,AERO/USDT:USDT,0.899,547.4,0.8989,1071.5,0.8993,137.0,0.8994,890.5
1753600061737,07:07:41.737,binance,AERO/USDT:USDT,0.899,547.4,0.8989,1071.5,0.8993,137.0,0.8994,890.5
1753600062167,07:07:42.167,binance,AERO/USDT:USDT,0.899,547.4,0.8989,1071.5,0.8993,137.0,0.8994,890.5
1753600062402,07:07:42.402,binance,AERO/USDT:USDT,0.899,547.4,0.8989,1071.5,0.8993,137.0,0.8994,890.5
1753600062725,07:07:42.725,binance,AERO/USDT:USDT,0.899,547.4,0.8989,1071.5,0.8993,137.0,0.8994,890.5
1753600062963,07:07:42.963,binance,AERO/USDT:USDT,0.899,547.4,0.8989,1071.5,0.8993,137.0,0.8994,890.5
1753600063602,07:07:43.602,binance,AERO/USDT:USDT,0.899,547.4,0.8989,1071.5,0.8993,137.0,0.8994,890.5
1753600063805,07:07:43.805,binance,AERO/USDT:USDT,0.899,547.4,0.8989,464.9,0.8993,142.9,0.8994,890.5
1753600064002,07:07:44.002,binance,AERO/USDT:USDT,0.899,547.4,0.8989,464.9,0.8993,142.9,0.8994,890.5
1753600064593,07:07:44.593,binance,AERO/USDT:USDT,0.899,547.4,0.8989,464.9,0.8993,142.9,0.8994,890.5
1753600065102,07:07:45.102,binance,AERO/USDT:USDT,0.899,547.4,0.8989,464.9,0.8993,142.9,0.8994,890.5
1753600065702,07:07:45.702,binance,AERO/USDT:USDT,0.899,547.4,0.8989,464.9,0.8993,142.9,0.8994,890.5
1753600066302,07:07:46.302,binance,AERO/USDT:USDT,0.899,547.4,0.8989,464.9,0.8993,142.9,0.8994,890.5
1753600066833,07:07:46.833,binance,AERO/USDT:USDT,0.899,547.4,0.8989,464.9,0.8993,142.9,0.8994,890.5
1753600067041,07:07:47.041,binance,AERO/USDT:USDT,0.899,547.4,0.8989,464.9,0.8993,142.9,0.8994,890.5
1753600067402,07:07:47.402,binance,AERO/USDT:USDT,0.899,547.4,0.8989,464.9,0.8993,142.9,0.8994,890.5
1753600067525,07:07:47.525,binance,AERO/USDT:USDT,0.899,547.4,0.8989,464.9,0.8993,142.9,0.8994,890.5
1753600068257,07:07:48.257,binance,AERO/USDT:USDT,0.899,547.4,0.8989,464.9,0.8993,194.6,0.8994,890.5
1753600068593,07:07:48.593,binance,AERO/USDT:USDT,0.899,547.4,0.8989,464.9,0.8993,194.6,0.8994,890.5
1753600069105,07:07:49.105,binance,AERO/USDT:USDT,0.899,547.4,0.8989,464.9,0.8993,194.6,0.8994,890.5
1753600069702,07:07:49.702,binance,AERO/USDT:USDT,0.899,547.4,0.8989,464.9,0.8992,51.7,0.8993,194.6
1753600069803,07:07:49.803,binance,AERO/USDT:USDT,0.899,119.4,0.8989,464.9,0.8992,51.7,0.8993,194.6
1753600070302,07:07:50.302,binance,AERO/USDT:USDT,0.899,119.4,0.8989,464.9,0.8992,51.7,0.8993,194.6
1753600070692,07:07:50.692,binance,AERO/USDT:USDT,0.899,119.4,0.8989,464.9,0.8992,51.7,0.8993,194.6
1753600070833,07:07:50.833,binance,AERO/USDT:USDT,0.899,119.4,0.8989,464.9,0.8992,51.7,0.8993,194.6
1753600071433,07:07:51.433,binance,AERO/USDT:USDT,0.899,119.4,0.8989,464.9,0.8992,51.7,0.8993,194.6
1753600072325,07:07:52.325,binance,AERO/USDT:USDT,0.899,119.4,0.8989,1069.6,0.8993,194.6,0.8994,890.5
1753600072463,07:07:52.463,binance,AERO/USDT:USDT,0.899,119.4,0.8989,1069.6,0.8993,194.6,0.8994,890.5
1753600072608,07:07:52.608,binance,AERO/USDT:USDT,0.899,119.4,0.8989,1069.6,0.8993,194.6,0.8994,890.5
1753600073201,07:07:53.201,binance,AERO/USDT:USDT,0.899,119.4,0.8989,1070.4,0.8993,142.9,0.8994,890.5
1753600073553,07:07:53.553,binance,AERO/USDT:USDT,0.899,119.4,0.8989,1070.4,0.8993,142.9,0.8994,890.5
1753600074083,07:07:54.083,binance,AERO/USDT:USDT,0.899,119.4,0.8989,1070.4,0.8993,142.9,0.8994,890.5
1753600074593,07:07:54.593,binance,AERO/USDT:USDT,0.899,119.4,0.8989,1070.4,0.8993,142.9,0.8994,679.4
1753600074696,07:07:54.696,binance,AERO/USDT:USDT,0.899,119.4,0.8989,1070.4,0.8993,142.9,0.8994,679.4
1753600075102,07:07:55.102,binance,AERO/USDT:USDT,0.899,119.4,0.8989,1070.4,0.8993,142.9,0.8994,679.4
1753600076283,07:07:56.283,binance,AERO/USDT:USDT,0.899,119.4,0.8989,1070.4,0.8993,142.9,0.8994,679.4
1753600076402,07:07:56.402,binance,AERO/USDT:USDT,0.899,119.4,0.8989,1070.4,0.8993,142.9,0.8994,679.4
1753600076764,07:07:56.764,binance,AERO/USDT:USDT,0.899,119.4,0.8989,464.9,0.8992,191.8,0.8993,194.6
1753600076867,07:07:56.867,binance,AERO/USDT:USDT,0.899,119.4,0.8989,464.9,0.8992,191.8,0.8993,194.6
1753600077030,07:07:57.030,binance,AERO/USDT:USDT,0.899,113.3,0.8989,464.9,0.8992,243.5,0.8993,552.4
1753600077138,07:07:57.138,binance,AERO/USDT:USDT,0.899,113.3,0.8989,464.9,0.8992,243.5,0.8993,552.4
1753600077402,07:07:57.402,binance,AERO/USDT:USDT,0.899,113.3,0.8989,464.9,0.8992,243.5,0.8993,552.4
1753600077943,07:07:57.943,binance,AERO/USDT:USDT,0.899,113.3,0.8989,464.9,0.8992,243.5,0.8993,552.4
1753600078201,07:07:58.201,binance,AERO/USDT:USDT,0.899,19.9,0.8989,36.9,0.8991,93.4,0.8992,243.5
1753600078308,07:07:58.308,binance,AERO/USDT:USDT,0.899,19.9,0.8989,36.9,0.8991,93.4,0.8992,261.9
1753600078428,07:07:58.428,binance,AERO/USDT:USDT,0.899,19.9,0.8989,36.9,0.8991,93.4,0.8992,261.9
1753600078583,07:07:58.583,binance,AERO/USDT:USDT,0.899,19.9,0.8989,36.9,0.8991,93.4,0.8992,261.9
1753600079469,07:07:59.469,binance,AERO/USDT:USDT,0.899,19.9,0.8989,36.9,0.8991,93.4,0.8992,261.9
1753600079702,07:07:59.702,binance,AERO/USDT:USDT,0.899,19.9,0.8989,36.9,0.8991,93.4,0.8992,261.9
1753600080147,07:08:00.147,binance,AERO/USDT:USDT,0.899,19.9,0.8989,36.9,0.8991,93.4,0.8992,261.9
1753600080473,07:08:00.473,binance,AERO/USDT:USDT,0.899,19.9,0.8989,36.9,0.8991,93.4,0.8992,261.9
1753600080883,07:08:00.883,binance,AERO/USDT:USDT,0.899,19.9,0.8989,36.9,0.8991,93.4,0.8992,261.9
1753600081393,07:08:01.393,binance,AERO/USDT:USDT,0.899,19.9,0.8989,36.9,0.8991,93.4,0.8992,261.9
1753600081833,07:08:01.833,binance,AERO/USDT:USDT,0.899,19.9,0.8989,36.9,0.8991,93.4,0.8992,261.9
1753600081936,07:08:01.936,binance,AERO/USDT:USDT,0.899,19.9,0.8989,36.9,0.8991,93.4,0.8992,261.9
1753600082112,07:08:02.112,binance,AERO/USDT:USDT,0.899,19.9,0.8989,36.9,0.8991,145.1,0.8992,210.2
1753600082257,07:08:02.257,binance,AERO/USDT:USDT,0.899,19.9,0.8989,36.9,0.8991,145.1,0.8992,210.2
1753600082502,07:08:02.502,binance,AERO/USDT:USDT,0.899,19.9,0.8989,36.9,0.8991,145.1,0.8992,210.2
1753600082679,07:08:02.679,binance,AERO/USDT:USDT,0.8988,99.6,0.8987,1668.6,0.8989,38.0,0.899,337.1
1753600082898,07:08:02.898,binance,AERO/USDT:USDT,0.8988,99.6,0.8987,1083.8,0.8989,109.8,0.899,285.4
1753600083003,07:08:03.003,binance,AERO/USDT:USDT,0.8988,99.6,0.8987,1083.8,0.8989,38.0,0.899,285.4
1753600083106,07:08:03.106,binance,AERO/USDT:USDT,0.8988,99.6,0.8987,1083.8,0.8989,38.0,0.899,285.4
1753600083275,07:08:03.275,binance,AERO/USDT:USDT,0.8988,121.8,0.8987,1083.8,0.8989,38.0,0.899,285.4
1753600083376,07:08:03.376,binance,AERO/USDT:USDT,0.8988,121.8,0.8987,1083.8,0.899,285.4,0.8991,538.7
1753600083521,07:08:03.521,binance,AERO/USDT:USDT,0.8988,121.8,0.8987,1083.8,0.899,285.4,0.8991,538.7
1753600083622,07:08:03.622,binance,AERO/USDT:USDT,0.8989,51.7,0.8988,1156.9,0.8991,118.8,0.8992,59.2
1753600083818,07:08:03.818,binance,AERO/USDT:USDT,0.8989,51.7,0.8988,1156.9,0.8991,118.8,0.8992,59.2
1753600084093,07:08:04.093,binance,AERO/USDT:USDT,0.8989,145.1,0.8988,560.1,0.8991,118.8,0.8992,59.2
1753600084305,07:08:04.305,binance,AERO/USDT:USDT,0.8989,145.1,0.8988,560.1,0.8991,118.8,0.8992,59.2
1753600084418,07:08:04.418,binance,AERO/USDT:USDT,0.8989,145.1,0.8988,560.1,0.8991,118.8,0.8992,59.2
1753600084542,07:08:04.542,binance,AERO/USDT:USDT,0.8989,145.1,0.8988,560.1,0.8991,118.8,0.8992,59.2
1753600084693,07:08:04.693,binance,AERO/USDT:USDT,0.8989,145.1,0.8988,560.1,0.8991,118.8,0.8992,59.2
1753600085220,07:08:05.220,binance,AERO/USDT:USDT,0.8989,145.1,0.8988,480.9,0.8991,118.8,0.8992,59.2
1753600085402,07:08:05.402,binance,AERO/USDT:USDT,0.8989,145.1,0.8988,480.9,0.8991,118.8,0.8992,59.2
1753600085658,07:08:05.658,binance,AERO/USDT:USDT,0.8989,145.1,0.8988,480.9,0.8991,118.8,0.8992,59.2
1753600086004,07:08:06.004,binance,AERO/USDT:USDT,0.8989,145.1,0.8988,480.9,0.8991,118.8,0.8992,59.2
1753600086264,07:08:06.264,binance,AERO/USDT:USDT,0.8989,145.1,0.8988,480.9,0.8991,118.8,0.8992,59.2
1753600086373,07:08:06.373,binance,AERO/USDT:USDT,0.8989,145.1,0.8988,480.9,0.8991,118.8,0.8992,59.2
1753600086883,07:08:06.883,binance,AERO/USDT:USDT,0.8989,145.1,0.8988,493.4,0.8991,118.8,0.8992,59.2
1753600087284,07:08:07.284,binance,AERO/USDT:USDT,0.8989,145.1,0.8988,493.4,0.8991,118.8,0.8992,59.2
1753600087475,07:08:07.475,binance,AERO/USDT:USDT,0.8989,145.1,0.8988,493.4,0.8991,118.8,0.8992,59.2
1753600088083,07:08:08.083,binance,AERO/USDT:USDT,0.8989,145.1,0.8988,493.4,0.8991,118.8,0.8992,59.2
1753600088343,07:08:08.343,binance,AERO/USDT:USDT,0.8991,111.9,0.899,419.9,0.8992,24.0,0.8993,178.1
1753600088450,07:08:08.450,binance,AERO/USDT:USDT,0.8991,111.9,0.899,425.5,0.8993,142.9,0.8994,100.0
1753600088556,07:08:08.556,binance,AERO/USDT:USDT,0.8991,111.9,0.899,425.5,0.8993,142.9,0.8994,100.0
1753600088659,07:08:08.659,binance,AERO/USDT:USDT,0.8993,90.3,0.8992,513.3,0.8994,64.8,0.8995,66.2
1753600088764,07:08:08.764,binance,AERO/USDT:USDT,0.8993,90.3,0.8992,513.3,0.8994,64.8,0.8995,66.2
1753600088871,07:08:08.871,binance,AERO/USDT:USDT,0.8994,90.3,0.8993,419.9,0.8995,31.0,0.8996,84.6
1753600088975,07:08:08.975,binance,AERO/USDT:USDT,0.8994,90.3,0.8993,419.9,0.8995,31.0,0.8996,49.4
1753600089088,07:08:09.088,binance,AERO/USDT:USDT,0.8994,90.3,0.8993,419.9,0.8995,12.6,0.8996,49.4
1753600089206,07:08:09.206,binance,AERO/USDT:USDT,0.8994,90.3,0.8993,438.3,0.8995,12.6,0.8996,49.4
1753600089705,07:08:09.705,binance,AERO/USDT:USDT,0.8994,90.3,0.8993,438.3,0.8995,12.6,0.8996,49.4
1753600089981,07:08:09.981,binance,AERO/USDT:USDT,0.8994,90.3,0.8993,438.3,0.8995,12.6,0.8996,49.4
1753600090088,07:08:10.088,binance,AERO/USDT:USDT,0.8994,90.3,0.8993,438.3,0.8995,12.6,0.8996,49.4
1753600090213,07:08:10.213,binance,AERO/USDT:USDT,0.8994,90.3,0.8993,438.3,0.8995,12.6,0.8996,49.4
1753600090340,07:08:10.340,binance,AERO/USDT:USDT,0.8994,90.3,0.8993,438.3,0.8995,12.6,0.8996,49.4
1753600090477,07:08:10.477,binance,AERO/USDT:USDT,0.8994,90.3,0.8993,438.3,0.8995,12.6,0.8996,49.4
1753600090661,07:08:10.661,binance,AERO/USDT:USDT,0.8994,90.3,0.8993,438.3,0.8995,12.6,0.8996,49.4
1753600090764,07:08:10.764,binance,AERO/USDT:USDT,0.8994,90.3,0.8993,438.3,0.8995,12.6,0.8996,49.4
1753600090877,07:08:10.877,binance,AERO/USDT:USDT,0.8994,90.3,0.8993,438.3,0.8995,12.6,0.8996,49.4
1753600091031,07:08:11.031,binance,AERO/USDT:USDT,0.8994,90.3,0.8993,438.3,0.8995,12.6,0.8996,49.4
1753600091200,07:08:11.200,binance,AERO/USDT:USDT,0.8994,90.3,0.8993,438.3,0.8995,12.6,0.8996,49.4
1753600091303,07:08:11.303,binance,AERO/USDT:USDT,0.8994,90.3,0.8993,438.3,0.8995,12.6,0.8996,49.4
1753600091525,07:08:11.525,binance,AERO/USDT:USDT,0.8994,90.3,0.8993,438.3,0.8995,12.6,0.8996,49.4
1753600091843,07:08:11.843,binance,AERO/USDT:USDT,0.8994,90.3,0.8993,438.3,0.8995,12.6,0.8996,49.4
1753600092127,07:08:12.127,binance,AERO/USDT:USDT,0.8994,90.3,0.8993,438.3,0.8995,12.6,0.8996,49.4
1753600092294,07:08:12.294,binance,AERO/USDT:USDT,0.8994,90.3,0.8993,438.3,0.8995,12.6,0.8996,49.4
1753600092418,07:08:12.418,binance,AERO/USDT:USDT,0.8994,90.3,0.8993,438.3,0.8995,106.0,0.8996,49.4
1753600092674,07:08:12.674,binance,AERO/USDT:USDT,0.8994,90.3,0.8993,438.3,0.8995,106.0,0.8996,49.4
1753600093053,07:08:13.053,binance,AERO/USDT:USDT,0.8994,90.3,0.8993,438.3,0.8995,106.0,0.8996,49.4
1753600093376,07:08:13.376,binance,AERO/USDT:USDT,0.8994,90.3,0.8993,438.3,0.8995,106.0,0.8996,49.4
1753600093543,07:08:13.543,binance,AERO/USDT:USDT,0.8994,90.3,0.8993,438.3,0.8995,106.0,0.8996,49.4
1753600094430,07:08:14.430,binance,AERO/USDT:USDT,0.8994,90.3,0.8993,438.3,0.8995,106.0,0.8996,49.4
1753600094653,07:08:14.653,binance,AERO/USDT:USDT,0.8994,90.3,0.8993,438.3,0.8995,106.0,0.8996,49.4
1753600095173,07:08:15.173,binance,AERO/USDT:USDT,0.8994,90.3,0.8993,438.3,0.8995,106.0,0.8996,49.4
1753600095683,07:08:15.683,binance,AERO/USDT:USDT,0.8994,90.3,0.8993,438.3,0.8995,106.0,0.8996,49.4
1753600096178,07:08:16.178,binance,AERO/USDT:USDT,0.8994,90.3,0.8993,438.3,0.8995,106.0,0.8996,49.4
1753600096325,07:08:16.325,binance,AERO/USDT:USDT,0.8994,90.3,0.8993,438.3,0.8995,106.0,0.8996,49.4
1753600096430,07:08:16.430,binance,AERO/USDT:USDT,0.8994,90.3,0.8993,438.3,0.8995,106.0,0.8996,49.4
1753600096702,07:08:16.702,binance,AERO/USDT:USDT,0.8994,90.3,0.8993,438.3,0.8995,106.0,0.8996,49.4
1753600097293,07:08:17.293,binance,AERO/USDT:USDT,0.8994,90.3,0.8993,18.4,0.8995,106.0,0.8996,49.4
1753600097397,07:08:17.397,binance,AERO/USDT:USDT,0.8994,90.3,0.8993,18.4,0.8995,106.0,0.8996,49.4
1753600097833,07:08:17.833,binance,AERO/USDT:USDT,0.8994,90.3,0.8993,18.4,0.8995,106.0,0.8996,49.4
1753600098383,07:08:18.383,binance,AERO/USDT:USDT,0.8994,90.3,0.8993,18.4,0.8995,106.0,0.8996,49.4
1753600098902,07:08:18.902,binance,AERO/USDT:USDT,0.8994,90.3,0.8993,18.4,0.8995,106.0,0.8996,49.4
1753600099423,07:08:19.423,binance,AERO/USDT:USDT,0.8994,90.3,0.8993,18.4,0.8995,106.0,0.8996,49.4
1753600099953,07:08:19.953,binance,AERO/USDT:USDT,0.8994,90.3,0.8993,18.4,0.8995,106.0,0.8996,49.4
1753600100204,07:08:20.204,binance,AERO/USDT:USDT,0.8994,90.3,0.8993,18.4,0.8995,106.0,0.8996,49.4
1753600100464,07:08:20.464,binance,AERO/USDT:USDT,0.8994,90.3,0.8993,18.4,0.8995,106.0,0.8996,49.4
1753600101126,07:08:21.126,binance,AERO/USDT:USDT,0.8994,90.3,0.8993,18.4,0.8995,106.0,0.8996,49.4
1753600101311,07:08:21.311,binance,AERO/USDT:USDT,0.8994,90.3,0.8993,18.4,0.8995,111.9,0.8996,49.4
1753600101817,07:08:21.817,binance,AERO/USDT:USDT,0.8994,90.3,0.8993,18.4,0.8995,111.9,0.8996,49.4
1753600101937,07:08:21.937,binance,AERO/USDT:USDT,0.8994,90.3,0.8993,18.4,0.8995,111.9,0.8996,49.4
1753600102041,07:08:22.041,binance,AERO/USDT:USDT,0.8994,90.3,0.8993,18.4,0.8995,111.9,0.8996,49.4
1753600102202,07:08:22.202,binance,AERO/USDT:USDT,0.8994,90.3,0.8993,18.4,0.8995,111.9,0.8996,49.4
1753600102384,07:08:22.384,binance,AERO/USDT:USDT,0.8994,90.3,0.8993,18.4,0.8995,111.9,0.8996,49.4
1753600102633,07:08:22.633,binance,AERO/USDT:USDT,0.8992,106.0,0.8991,982.9,0.8994,37.4,0.8995,163.6
1753600102736,07:08:22.736,binance,AERO/USDT:USDT,0.8992,106.0,0.8991,982.9,0.8994,37.4,0.8995,163.6
1753600103205,07:08:23.205,binance,AERO/USDT:USDT,0.8992,106.0,0.8991,982.9,0.8994,37.4,0.8995,163.6
1753600103353,07:08:23.353,binance,AERO/USDT:USDT,0.8992,106.0,0.8991,982.9,0.8994,37.4,0.8995,163.6
1753600103543,07:08:23.543,binance,AERO/USDT:USDT,0.8992,106.0,0.8991,982.9,0.8994,37.4,0.8995,163.6
1753600104111,07:08:24.111,binance,AERO/USDT:USDT,0.8992,106.0,0.8991,982.9,0.8994,37.4,0.8995,163.6
1753600104502,07:08:24.502,binance,AERO/USDT:USDT,0.8992,106.0,0.8991,982.9,0.8994,37.4,0.8995,163.6
1753600105597,07:08:25.597,binance,AERO/USDT:USDT,0.8992,106.0,0.8991,982.9,0.8994,37.4,0.8995,163.6
1753600105753,07:08:25.753,binance,AERO/USDT:USDT,0.8992,106.0,0.8991,982.9,0.8995,163.6,0.8996,510.4
1753600105926,07:08:25.926,binance,AERO/USDT:USDT,0.8994,93.4,0.8993,70.1,0.8995,18.5,0.8996,84.6
1753600106186,07:08:26.186,binance,AERO/USDT:USDT,0.8994,93.4,0.8993,70.1,0.8995,18.5,0.8996,84.6
1753600106802,07:08:26.802,binance,AERO/USDT:USDT,0.8994,93.4,0.8993,70.1,0.8995,18.5,0.8996,84.6
1753600107353,07:08:27.353,binance,AERO/USDT:USDT,0.8994,93.4,0.8993,70.1,0.8995,18.5,0.8996,84.6
1753600107502,07:08:27.502,binance,AERO/USDT:USDT,0.8994,93.4,0.8993,70.1,0.8995,18.5,0.8996,84.6
1753600107610,07:08:27.610,binance,AERO/USDT:USDT,0.8994,93.4,0.8993,70.1,0.8995,18.5,0.8996,84.6
1753600107902,07:08:27.902,binance,AERO/USDT:USDT,0.8994,93.4,0.8993,70.1,0.8995,18.5,0.8996,84.6
1753600108473,07:08:28.473,binance,AERO/USDT:USDT,0.8994,93.4,0.8993,70.1,0.8995,18.5,0.8996,84.6
1753600108731,07:08:28.731,binance,AERO/USDT:USDT,0.8994,93.4,0.8993,70.1,0.8995,18.5,0.8996,84.6
1753600108835,07:08:28.835,binance,AERO/USDT:USDT,0.8994,93.4,0.8993,70.1,0.8995,18.5,0.8996,84.6
1753600109563,07:08:29.563,binance,AERO/USDT:USDT,0.8994,93.4,0.8993,70.1,0.8995,18.5,0.8996,84.6
1753600109683,07:08:29.683,binance,AERO/USDT:USDT,0.8994,93.4,0.8993,70.1,0.8995,18.5,0.8996,84.6
1753600110134,07:08:30.134,binance,AERO/USDT:USDT,0.8994,93.4,0.8993,70.1,0.8995,18.5,0.8996,84.6
1753600110389,07:08:30.389,binance,AERO/USDT:USDT,0.8994,93.4,0.8993,70.1,0.8995,18.5,0.8996,84.6
1753600110702,07:08:30.702,binance,AERO/USDT:USDT,0.8994,93.4,0.8993,70.1,0.8995,18.5,0.8996,84.6
1753600110887,07:08:30.887,binance,AERO/USDT:USDT,0.8994,93.4,0.8993,18.4,0.8995,61.8,0.8996,84.6
1753600111034,07:08:31.034,binance,AERO/USDT:USDT,0.8992,531.8,0.8991,962.0,0.8995,206.9,0.8996,496.5
1753600111140,07:08:31.140,binance,AERO/USDT:USDT,0.8992,531.8,0.8991,962.0,0.8995,206.9,0.8996,496.5
1753600111281,07:08:31.281,binance,AERO/USDT:USDT,0.8994,151.4,0.8993,640.4,0.8996,106.0,0.8997,47.8
1753600111387,07:08:31.387,binance,AERO/USDT:USDT,0.8994,151.4,0.8993,640.4,0.8996,106.0,0.8997,66.2
1753600111493,07:08:31.493,binance,AERO/USDT:USDT,0.8994,151.4,0.8993,640.4,0.8996,106.0,0.8997,66.2
1753600111718,07:08:31.718,binance,AERO/USDT:USDT,0.8994,93.4,0.8993,640.4,0.8996,106.0,0.8997,66.2
1753600111839,07:08:31.839,binance,AERO/USDT:USDT,0.8994,93.4,0.8993,640.4,0.8996,106.0,0.8997,66.2
1753600112393,07:08:32.393,binance,AERO/USDT:USDT,0.8994,93.4,0.8993,640.4,0.8996,106.0,0.8997,66.2
1753600113108,07:08:33.108,binance,AERO/USDT:USDT,0.8994,93.4,0.8993,640.4,0.8996,106.0,0.8997,66.2
1753600113443,07:08:33.443,binance,AERO/USDT:USDT,0.8994,93.4,0.8993,640.4,0.8996,106.0,0.8997,66.2
1753600113953,07:08:33.953,binance,AERO/USDT:USDT,0.8994,93.4,0.8993,640.4,0.8996,106.0,0.8997,66.2
1753600114177,07:08:34.177,binance,AERO/USDT:USDT,0.8994,93.4,0.8993,640.4,0.8996,106.0,0.8997,66.2
1753600114502,07:08:34.502,binance,AERO/USDT:USDT,0.8994,93.4,0.8993,640.4,0.8996,106.0,0.8997,66.2
1753600114923,07:08:34.923,binance,AERO/USDT:USDT,0.8993,418.9,0.8992,585.4,0.8995,157.4,0.8996,157.7
1753600115025,07:08:35.025,binance,AERO/USDT:USDT,0.8993,418.9,0.8992,585.4,0.8995,157.4,0.8996,176.1
1753600115361,07:08:35.361,binance,AERO/USDT:USDT,0.8993,418.9,0.8992,585.4,0.8995,163.3,0.8996,176.1
1753600115526,07:08:35.526,binance,AERO/USDT:USDT,0.8993,418.9,0.8992,585.4,0.8995,163.3,0.8996,176.1
1753600115701,07:08:35.701,binance,AERO/USDT:USDT,0.8993,418.9,0.8992,585.4,0.8995,163.3,0.8996,176.1
1753600115805,07:08:35.805,binance,AERO/USDT:USDT,0.8993,418.9,0.8992,585.4,0.8995,163.3,0.8996,176.1
1753600115996,07:08:35.996,binance,AERO/USDT:USDT,0.8993,418.9,0.8992,585.4,0.8995,163.3,0.8996,176.1
1753600116202,07:08:36.202,binance,AERO/USDT:USDT,0.8993,418.9,0.8992,585.4,0.8995,163.3,0.8996,176.1
1753600116505,07:08:36.505,binance,AERO/USDT:USDT,0.8993,418.9,0.8992,585.4,0.8995,163.3,0.8996,176.1
1753600116736,07:08:36.736,binance,AERO/USDT:USDT,0.8993,418.9,0.8992,585.4,0.8995,163.3,0.8996,176.1
1753600116850,07:08:36.850,binance,AERO/USDT:USDT,0.8993,424.8,0.8992,585.4,0.8995,163.3,0.8996,176.1
1753600117284,07:08:37.284,binance,AERO/USDT:USDT,0.8993,424.8,0.8992,585.4,0.8995,163.3,0.8996,176.1
1753600117587,07:08:37.587,binance,AERO/USDT:USDT,0.8993,424.8,0.8992,585.4,0.8995,163.3,0.8996,176.1
1753600117693,07:08:37.693,binance,AERO/USDT:USDT,0.8993,424.8,0.8992,585.4,0.8995,163.3,0.8996,176.1
1753600117802,07:08:37.802,binance,AERO/USDT:USDT,0.8993,424.8,0.8992,585.4,0.8995,163.3,0.8996,176.1
1753600118383,07:08:38.383,binance,AERO/USDT:USDT,0.8993,424.8,0.8992,585.4,0.8995,163.3,0.8996,176.1
1753600118754,07:08:38.754,binance,AERO/USDT:USDT,0.8993,424.8,0.8992,585.4,0.8995,163.3,0.8996,176.1
1753600118902,07:08:38.902,binance,AERO/USDT:USDT,0.8993,424.8,0.8992,585.4,0.8995,163.3,0.8996,176.1
1753600119502,07:08:39.502,binance,AERO/USDT:USDT,0.8993,424.8,0.8992,585.4,0.8995,163.3,0.8996,176.1
1753600120033,07:08:40.033,binance,AERO/USDT:USDT,0.8993,424.8,0.8992,585.4,0.8995,163.3,0.8996,176.1
1753600120326,07:08:40.326,binance,AERO/USDT:USDT,0.8993,424.8,0.8992,585.4,0.8995,163.3,0.8996,176.1
1753600120568,07:08:40.568,binance,AERO/USDT:USDT,0.8994,93.4,0.8993,436.3,0.8995,5.9,0.8996,176.1
1753600120687,07:08:40.687,binance,AERO/USDT:USDT,0.8994,93.4,0.8993,454.7,0.8995,5.9,0.8996,31.0
1753600120843,07:08:40.843,binance,AERO/USDT:USDT,0.8994,514.1,0.8993,454.7,0.8995,5.9,0.8996,31.0
1753600120962,07:08:40.962,binance,AERO/USDT:USDT,0.8995,598.5,0.8994,514.1,0.8996,31.0,0.8997,31.0
1753600121556,07:08:41.556,binance,AERO/USDT:USDT,0.8995,598.5,0.8994,532.5,0.8996,12.6,0.8997,31.0
1753600121657,07:08:41.657,binance,AERO/USDT:USDT,0.8995,598.5,0.8994,532.5,0.8996,12.6,0.8997,31.0
1753600121802,07:08:41.802,binance,AERO/USDT:USDT,0.8995,598.5,0.8994,532.5,0.8996,12.6,0.8997,31.0
1753600122243,07:08:42.243,binance,AERO/USDT:USDT,0.8995,598.5,0.8994,532.5,0.8996,12.6,0.8997,31.0
1753600122380,07:08:42.380,binance,AERO/USDT:USDT,0.8995,598.5,0.8994,532.5,0.8996,12.6,0.8997,31.0
1753600122647,07:08:42.647,binance,AERO/USDT:USDT,0.8995,598.5,0.8994,532.5,0.8996,12.6,0.8997,31.0
1753600122802,07:08:42.802,binance,AERO/USDT:USDT,0.8995,598.5,0.8994,532.5,0.8996,12.6,0.8997,31.0
1753600123057,07:08:43.057,binance,AERO/USDT:USDT,0.8996,562.7,0.8995,508.2,0.8997,31.0,0.8998,38.8
1753600123164,07:08:43.164,binance,AERO/USDT:USDT,0.8995,87.5,0.8994,539.5,0.8997,157.7,0.8998,1100.9
1753600123266,07:08:43.266,binance,AERO/USDT:USDT,0.8995,87.5,0.8994,539.5,0.8997,157.7,0.8998,621.4
1753600123367,07:08:43.367,binance,AERO/USDT:USDT,0.8995,87.5,0.8994,539.5,0.8997,157.7,0.8998,621.4
1753600123618,07:08:43.618,binance,AERO/USDT:USDT,0.8995,87.5,0.8994,539.5,0.8997,157.7,0.8998,621.4
1753600124144,07:08:44.144,binance,AERO/USDT:USDT,0.8995,87.5,0.8994,539.5,0.8997,212.5,0.8998,621.4
1753600124393,07:08:44.393,binance,AERO/USDT:USDT,0.8995,87.5,0.8994,539.5,0.8997,212.5,0.8998,621.4
1753600124607,07:08:44.607,binance,AERO/USDT:USDT,0.8995,87.5,0.8994,539.5,0.8997,212.5,0.8998,621.4
1753600124756,07:08:44.756,binance,AERO/USDT:USDT,0.8995,87.5,0.8994,118.8,0.8996,140.1,0.8997,264.2
1753600124859,07:08:44.859,binance,AERO/USDT:USDT,0.8994,100.4,0.8993,454.7,0.8996,140.1,0.8997,459.4
1753600124962,07:08:44.962,binance,AERO/USDT:USDT,0.8994,100.4,0.8993,454.7,0.8996,140.1,0.8997,459.4
1753600125126,07:08:45.126,binance,AERO/USDT:USDT,0.8994,100.4,0.8993,454.7,0.8996,194.9,0.8997,423.0
1753600125483,07:08:45.483,binance,AERO/USDT:USDT,0.8994,100.4,0.8993,454.7,0.8996,194.9,0.8997,423.0
1753600125993,07:08:45.993,binance,AERO/USDT:USDT,0.8994,100.4,0.8993,454.7,0.8996,194.9,0.8997,423.0
1753600126366,07:08:46.366,binance,AERO/USDT:USDT,0.8994,100.4,0.8993,454.7,0.8996,194.9,0.8997,423.0
1753600126543,07:08:46.543,binance,AERO/USDT:USDT,0.8994,100.4,0.8993,454.7,0.8996,194.9,0.8997,423.0
1753600126729,07:08:46.729,binance,AERO/USDT:USDT,0.8994,100.4,0.8993,454.7,0.8996,194.9,0.8997,423.0
1753600126834,07:08:46.834,binance,AERO/USDT:USDT,0.8994,100.4,0.8993,454.7,0.8996,54.8,0.8997,423.0
1753600127020,07:08:47.020,binance,AERO/USDT:USDT,0.8994,100.4,0.8993,454.7,0.8996,54.8,0.8997,423.0
1753600127183,07:08:47.183,binance,AERO/USDT:USDT,0.8994,100.4,0.8993,454.7,0.8996,54.8,0.8997,423.0
1753600127654,07:08:47.654,binance,AERO/USDT:USDT,0.8994,100.4,0.8993,454.7,0.8996,54.8,0.8997,423.0
1753600128193,07:08:48.193,binance,AERO/USDT:USDT,0.8994,100.4,0.8993,454.7,0.8996,54.8,0.8997,423.0
1753600128302,07:08:48.302,binance,AERO/USDT:USDT,0.8994,100.4,0.8993,454.7,0.8996,54.8,0.8997,423.0
1753600128702,07:08:48.702,binance,AERO/USDT:USDT,0.8994,100.4,0.8993,454.7,0.8996,54.8,0.8997,423.0
1753600130718,07:08:50.718,binance,AERO/USDT:USDT,0.8994,100.4,0.8993,454.7,0.8996,54.8,0.8997,423.0
1753600130858,07:08:50.858,binance,AERO/USDT:USDT,0.8994,100.4,0.8993,454.7,0.8996,54.8,0.8997,423.0
1753600131002,07:08:51.002,binance,AERO/USDT:USDT,0.8994,100.4,0.8993,454.7,0.8996,54.8,0.8997,423.0
1753600131502,07:08:51.502,binance,AERO/USDT:USDT,0.8994,100.4,0.8993,454.7,0.8996,54.8,0.8997,423.0
1753600132075,07:08:52.075,binance,AERO/USDT:USDT,0.8994,100.4,0.8993,454.7,0.8996,54.8,0.8997,371.3
1753600132193,07:08:52.193,binance,AERO/USDT:USDT,0.8994,100.4,0.8993,454.7,0.8996,54.8,0.8997,371.3
1753600132352,07:08:52.352,binance,AERO/USDT:USDT,0.8994,100.4,0.8993,454.7,0.8996,54.8,0.8997,176.1
1753600132590,07:08:52.590,binance,AERO/USDT:USDT,0.8994,100.4,0.8993,454.7,0.8996,54.8,0.8997,176.1
1753600132966,07:08:52.966,binance,AERO/USDT:USDT,0.8995,429.8,0.8994,554.2,0.8996,54.8,0.8997,31.0
1753600133070,07:08:53.070,binance,AERO/USDT:USDT,0.8996,93.4,0.8995,429.8,0.8997,31.0,0.8998,74.0
1753600133173,07:08:53.173,binance,AERO/USDT:USDT,0.8996,100.1,0.8995,429.8,0.8997,12.6,0.8998,74.0
1753600133354,07:08:53.354,binance,AERO/USDT:USDT,0.8996,100.1,0.8995,429.8,0.8997,12.6,0.8998,74.0
1753600133693,07:08:53.693,binance,AERO/USDT:USDT,0.8996,100.1,0.8995,429.8,0.8997,12.6,0.8998,74.0
1753600133805,07:08:53.805,binance,AERO/USDT:USDT,0.8996,100.1,0.8995,448.2,0.8997,12.6,0.8998,74.0
1753600134202,07:08:54.202,binance,AERO/USDT:USDT,0.8996,100.1,0.8995,448.2,0.8997,12.6,0.8998,74.0
1753600134726,07:08:54.726,binance,AERO/USDT:USDT,0.8996,100.1,0.8995,448.2,0.8997,12.6,0.8998,74.0
1753600134833,07:08:54.833,binance,AERO/USDT:USDT,0.8996,100.1,0.8995,448.2,0.8997,12.6,0.8998,74.0
1753600135328,07:08:55.328,binance,AERO/USDT:USDT,0.8996,100.1,0.8995,448.2,0.8997,12.6,0.8998,74.0
1753600135902,07:08:55.902,binance,AERO/USDT:USDT,0.8996,100.1,0.8995,448.2,0.8997,12.6,0.8998,74.0
1753600136005,07:08:56.005,binance,AERO/USDT:USDT,0.8996,100.1,0.8995,448.2,0.8997,12.6,0.8998,74.0
1753600136509,07:08:56.509,binance,AERO/USDT:USDT,0.8997,520.1,0.8996,529.9,0.8998,38.8,0.8999,228.7
1753600136620,07:08:56.620,binance,AERO/USDT:USDT,0.8997,520.1,0.8996,529.9,0.8998,20.4,0.8999,228.7
1753600137426,07:08:57.426,binance,AERO/USDT:USDT,0.8997,520.1,0.8996,529.9,0.8998,20.4,0.8999,228.7
1753600137543,07:08:57.543,binance,AERO/USDT:USDT,0.8997,520.1,0.8996,529.9,0.8998,20.4,0.8999,228.7
1753600137663,07:08:57.663,binance,AERO/USDT:USDT,0.8997,520.1,0.8996,529.9,0.8998,36.5,0.8999,228.7
1753600138083,07:08:58.083,binance,AERO/USDT:USDT,0.8997,520.1,0.8996,529.9,0.8998,36.5,0.8999,228.7
1753600138296,07:08:58.296,binance,AERO/USDT:USDT,0.8998,147.2,0.8997,429.8,0.8999,210.3,0.9,65.0
1753600138460,07:08:58.460,binance,AERO/USDT:USDT,0.8998,147.2,0.8997,429.8,0.8999,210.3,0.9,65.0
1753600138614,07:08:58.614,binance,AERO/USDT:USDT,0.8998,147.2,0.8997,429.8,0.8999,210.3,0.9,65.0
1753600138736,07:08:58.736,binance,AERO/USDT:USDT,0.8998,147.2,0.8997,429.8,0.8999,210.3,0.9,65.0
1753600139103,07:08:59.103,binance,AERO/USDT:USDT,0.8998,147.2,0.8997,429.8,0.8999,210.3,0.9,65.0
1753600139206,07:08:59.206,binance,AERO/USDT:USDT,0.8998,147.2,0.8997,429.8,0.8999,210.3,0.9,65.0
1753600139526,07:08:59.526,binance,AERO/USDT:USDT,0.8998,147.2,0.8997,429.8,0.8999,210.3,0.9,65.0
1753600139791,07:08:59.791,binance,AERO/USDT:USDT,0.8998,147.2,0.8997,429.8,0.8999,210.3,0.9,65.0
1753600139894,07:08:59.894,binance,AERO/USDT:USDT,0.8998,147.2,0.8997,429.8,0.8999,210.3,0.9,65.0
1753600140105,07:09:00.105,binance,AERO/USDT:USDT,0.8998,147.2,0.8997,429.8,0.8999,210.3,0.9,65.0
1753600140239,07:09:00.239,binance,AERO/USDT:USDT,0.8998,147.2,0.8997,438.6,0.8999,210.3,0.9,65.0
1753600140342,07:09:00.342,binance,AERO/USDT:USDT,0.8998,147.2,0.8997,438.6,0.8999,210.3,0.9,65.0
1753600140462,07:09:00.462,binance,AERO/USDT:USDT,0.8998,147.2,0.8997,438.6,0.8999,210.3,0.9,65.0
1753600140565,07:09:00.565,binance,AERO/USDT:USDT,0.8998,147.2,0.8997,438.6,0.8999,210.3,0.9,65.0
1753600140679,07:09:00.679,binance,AERO/USDT:USDT,0.8998,147.2,0.8997,438.6,0.8999,210.3,0.9,65.0
1753600140872,07:09:00.872,binance,AERO/USDT:USDT,0.8998,147.2,0.8997,461.4,0.8999,210.3,0.9,65.0
1753600140983,07:09:00.983,binance,AERO/USDT:USDT,0.8998,147.2,0.8997,461.4,0.8999,210.3,0.9,65.0
1753600141486,07:09:01.486,binance,AERO/USDT:USDT,0.8998,147.2,0.8997,461.4,0.8999,210.3,0.9,65.0
1753600142033,07:09:02.033,binance,AERO/USDT:USDT,0.8998,147.2,0.8997,461.4,0.8999,210.3,0.9,65.0
1753600142194,07:09:02.194,binance,AERO/USDT:USDT,0.8998,147.2,0.8997,461.4,0.8999,210.3,0.9,65.0
1753600142301,07:09:02.301,binance,AERO/USDT:USDT,0.8998,147.2,0.8997,461.4,0.8999,210.3,0.9,65.0
1753600142713,07:09:02.713,binance,AERO/USDT:USDT,0.8998,147.2,0.8997,461.4,0.8999,210.3,0.9,65.0
1753600142953,07:09:02.953,binance,AERO/USDT:USDT,0.8998,147.2,0.8997,461.4,0.8999,210.3,0.9,65.0
1753600143108,07:09:03.108,binance,AERO/USDT:USDT,0.8998,147.2,0.8997,461.4,0.8999,210.3,0.9,65.0
1753600143702,07:09:03.702,binance,AERO/USDT:USDT,0.8998,147.2,0.8997,461.4,0.8999,210.3,0.9,65.0
1753600144293,07:09:04.293,binance,AERO/USDT:USDT,0.8998,147.2,0.8997,461.4,0.8999,210.3,0.9,65.0
1753600144802,07:09:04.802,binance,AERO/USDT:USDT,0.8998,147.2,0.8997,461.4,0.8999,210.3,0.9,65.0
1753600145402,07:09:05.402,binance,AERO/USDT:USDT,0.8998,147.2,0.8997,461.4,0.8999,210.3,0.9,65.0
1753600145560,07:09:05.560,binance,AERO/USDT:USDT,0.8998,147.2,0.8997,461.4,0.8999,210.3,0.9,65.0
1753600145666,07:09:05.666,binance,AERO/USDT:USDT,0.8998,147.2,0.8997,461.4,0.8999,210.3,0.9,65.0
1753600146002,07:09:06.002,binance,AERO/USDT:USDT,0.8998,147.2,0.8997,461.4,0.8999,210.3,0.9,65.0
1753600146397,07:09:06.397,binance,AERO/USDT:USDT,0.8998,147.2,0.8997,471.0,0.8999,210.3,0.9,65.0
1753600146602,07:09:06.602,binance,AERO/USDT:USDT,0.8998,147.2,0.8997,471.0,0.8999,210.3,0.9,65.0
1753600146743,07:09:06.743,binance,AERO/USDT:USDT,0.8998,147.2,0.8997,471.0,0.8999,210.3,0.9,65.0
1753600146943,07:09:06.943,binance,AERO/USDT:USDT,0.8998,147.2,0.8997,471.0,0.8999,210.3,0.9,65.0
1753600147062,07:09:07.062,binance,AERO/USDT:USDT,0.8999,512.7,0.8998,147.2,0.9,28.2,0.9001,41.3
1753600147163,07:09:07.163,binance,AERO/USDT:USDT,0.8999,512.7,0.8998,75.3,0.9,28.2,0.9001,41.3
1753600147265,07:09:07.265,binance,AERO/USDT:USDT,0.8999,512.7,0.8998,75.3,0.9,28.2,0.9001,41.3
1753600147593,07:09:07.593,binance,AERO/USDT:USDT,0.8999,512.7,0.8998,75.3,0.9,28.2,0.9001,41.3
1753600148253,07:09:08.253,binance,AERO/USDT:USDT,0.8999,512.7,0.8998,75.3,0.9,28.2,0.9001,41.3
1753600148396,07:09:08.396,binance,AERO/USDT:USDT,0.8999,512.7,0.8998,75.3,0.9,28.2,0.9001,41.3
1753600148664,07:09:08.664,binance,AERO/USDT:USDT,0.8999,512.7,0.8998,75.3,0.9,28.2,0.9001,41.3
1753600148773,07:09:08.773,binance,AERO/USDT:USDT,0.8999,512.7,0.8998,75.3,0.9,28.2,0.9001,41.3
1753600148880,07:09:08.880,binance,AERO/USDT:USDT,0.8999,512.7,0.8998,75.3,0.9,28.2,0.9001,41.3
1753600148987,07:09:08.987,binance,AERO/USDT:USDT,0.8999,512.7,0.8998,75.3,0.9,28.2,0.9001,41.3
1753600149129,07:09:09.129,binance,AERO/USDT:USDT,0.8999,512.7,0.8998,75.3,0.9,28.2,0.9001,41.3
1753600149302,07:09:09.302,binance,AERO/USDT:USDT,0.8999,512.7,0.8998,75.3,0.9,28.2,0.9001,41.3
1753600149434,07:09:09.434,binance,AERO/USDT:USDT,0.8999,512.7,0.8998,75.3,0.9,28.2,0.9001,41.3
1753600149539,07:09:09.539,binance,AERO/USDT:USDT,0.8999,512.7,0.8998,75.3,0.9,28.2,0.9001,41.3
1753600149676,07:09:09.676,binance,AERO/USDT:USDT,0.8999,612.9,0.8998,75.3,0.9,28.2,0.9001,41.3
1753600149804,07:09:09.804,binance,AERO/USDT:USDT,0.8999,612.9,0.8998,75.3,0.9,28.2,0.9001,41.3
1753600150144,07:09:10.144,binance,AERO/USDT:USDT,0.8999,612.9,0.8998,75.3,0.9,28.2,0.9001,41.3
1753600150487,07:09:10.487,binance,AERO/USDT:USDT,0.8999,612.9,0.8998,75.3,0.9,28.2,0.9001,41.3
1753600150602,07:09:10.602,binance,AERO/USDT:USDT,0.8999,661.0,0.8998,75.3,0.9,28.2,0.9001,41.3
1753600150854,07:09:10.854,binance,AERO/USDT:USDT,0.9,505.3,0.8999,661.0,0.9001,41.3,0.9002,38.8
1753600150958,07:09:10.958,binance,AERO/USDT:USDT,0.9,505.3,0.8999,661.0,0.9001,22.9,0.9002,38.8
1753600151064,07:09:11.064,binance,AERO/USDT:USDT,0.9,505.3,0.8999,661.0,0.9001,22.9,0.9002,38.8
1753600151166,07:09:11.166,binance,AERO/USDT:USDT,0.9,505.3,0.8999,679.4,0.9001,22.9,0.9002,38.8
1753600151278,07:09:11.278,binance,AERO/USDT:USDT,0.9,505.3,0.8999,679.4,0.9001,22.9,0.9002,38.8
1753600151381,07:09:11.381,binance,AERO/USDT:USDT,0.9,505.3,0.8999,679.4,0.9001,22.9,0.9002,38.8
1753600151483,07:09:11.483,binance,AERO/USDT:USDT,0.9,505.3,0.8999,714.5,0.9001,22.9,0.9002,38.8
1753600151589,07:09:11.589,binance,AERO/USDT:USDT,0.9001,183.7,0.9,449.0,0.9002,12.6,0.9003,31.0
1753600151690,07:09:11.690,binance,AERO/USDT:USDT,0.9001,183.7,0.9,449.0,0.9002,12.6,0.9003,31.0
1753600151793,07:09:11.793,binance,AERO/USDT:USDT,0.9001,90.3,0.9,449.0,0.9002,106.0,0.9003,31.0
1753600151907,07:09:11.907,binance,AERO/USDT:USDT,0.9001,90.3,0.9,449.0,0.9002,106.0,0.9003,31.0
1753600152241,07:09:12.241,binance,AERO/USDT:USDT,0.9001,90.3,0.9,449.0,0.9002,106.0,0.9003,31.0
1753600152433,07:09:12.433,binance,AERO/USDT:USDT,0.8999,153.7,0.8998,231.9,0.9,93.4,0.9001,684.2
1753600152535,07:09:12.535,binance,AERO/USDT:USDT,0.8999,135.3,0.8998,231.9,0.9,93.4,0.9001,702.6
1753600153046,07:09:13.046,binance,AERO/USDT:USDT,0.8998,224.1,0.8997,688.3,0.8999,263.6,0.9,114.6
1753600153519,07:09:13.519,binance,AERO/USDT:USDT,0.8998,224.1,0.8997,688.3,0.9,114.6,0.9001,459.1
1753600153623,07:09:13.623,binance,AERO/USDT:USDT,0.8998,224.1,0.8997,688.3,0.9,114.6,0.9001,459.1
1753600153927,07:09:13.927,binance,AERO/USDT:USDT,0.8998,224.1,0.8997,688.3,0.9,114.6,0.9001,459.1
1753600154088,07:09:14.088,binance,AERO/USDT:USDT,0.8998,224.1,0.8997,688.3,0.9,114.6,0.9001,459.1
1753600154193,07:09:14.193,binance,AERO/USDT:USDT,0.8998,224.1,0.8997,688.3,0.9,114.6,0.9001,459.1
1753600154505,07:09:14.505,binance,AERO/USDT:USDT,0.8998,224.1,0.8997,688.3,0.8999,191.8,0.9,166.3
1753600154803,07:09:14.803,binance,AERO/USDT:USDT,0.8998,224.1,0.8997,688.3,0.9,166.3,0.9001,459.1
1753600154905,07:09:14.905,binance,AERO/USDT:USDT,0.8998,224.1,0.8997,688.3,0.9,166.3,0.9001,459.1
1753600155074,07:09:15.074,binance,AERO/USDT:USDT,0.8998,224.1,0.8997,688.3,0.9,166.3,0.9001,459.1
1753600155401,07:09:15.401,binance,AERO/USDT:USDT,0.8998,224.1,0.8997,409.6,0.9,166.3,0.9001,459.1
1753600155520,07:09:15.520,binance,AERO/USDT:USDT,0.8998,224.1,0.8997,409.6,0.9,166.3,0.9001,459.1
1753600155660,07:09:15.660,binance,AERO/USDT:USDT,0.8998,224.1,0.8997,409.6,0.9,166.3,0.9001,459.1
1753600155902,07:09:15.902,binance,AERO/USDT:USDT,0.8998,224.1,0.8997,409.6,0.9,166.3,0.9001,459.1
1753600156012,07:09:16.012,binance,AERO/USDT:USDT,0.8998,224.1,0.8997,581.4,0.9,166.3,0.9001,459.1
1753600156858,07:09:16.858,binance,AERO/USDT:USDT,0.8998,118.8,0.8997,296.4,0.9,166.3,0.9001,459.1
1753600157721,07:09:17.721,binance,AERO/USDT:USDT,0.8998,118.8,0.8997,43.4,0.8999,191.8,0.9,166.3
1753600158402,07:09:18.402,binance,AERO/USDT:USDT,0.8998,118.8,0.8997,43.4,0.8999,191.8,0.9,166.3
1753600158727,07:09:18.727,binance,AERO/USDT:USDT,0.8998,118.8,0.8997,43.4,0.8999,191.8,0.9,166.3
1753600158858,07:09:18.858,binance,AERO/USDT:USDT,0.8998,118.8,0.8997,43.4,0.8999,191.8,0.9,166.3
1753600159002,07:09:19.002,binance,AERO/USDT:USDT,0.8998,118.8,0.8997,43.4,0.8999,191.8,0.9,166.3
1753600159273,07:09:19.273,binance,AERO/USDT:USDT,0.8998,118.8,0.8997,43.4,0.8999,191.8,0.9,166.3
1753600159602,07:09:19.602,binance,AERO/USDT:USDT,0.8998,118.8,0.8997,43.4,0.8999,191.8,0.9,166.3
1753600160087,07:09:20.087,binance,AERO/USDT:USDT,0.8998,100.4,0.8997,43.4,0.8999,191.8,0.9,166.3
1753600160201,07:09:20.201,binance,AERO/USDT:USDT,0.8998,100.4,0.8997,43.4,0.8999,191.8,0.9,166.3
1753600160417,07:09:20.417,binance,AERO/USDT:USDT,0.8998,100.4,0.8997,43.4,0.8999,191.8,0.9,166.3
1753600160862,07:09:20.862,binance,AERO/USDT:USDT,0.8997,136.8,0.8996,858.9,0.8999,191.8,0.9,184.7
1753600161484,07:09:21.484,binance,AERO/USDT:USDT,0.8997,136.8,0.8996,630.2,0.8999,191.8,0.9,184.7
1753600161660,07:09:21.660,binance,AERO/USDT:USDT,0.8997,124.4,0.8996,630.2,0.8999,243.5,0.9,235.5
1753600162129,07:09:22.129,binance,AERO/USDT:USDT,0.8997,124.4,0.8996,630.2,0.8999,243.5,0.9,235.5
1753600162853,07:09:22.853,binance,AERO/USDT:USDT,0.8997,124.4,0.8996,630.2,0.8999,243.5,0.9,235.5
1753600163383,07:09:23.383,binance,AERO/USDT:USDT,0.8997,124.4,0.8996,630.2,0.8999,243.5,0.9,235.5
1753600163486,07:09:23.486,binance,AERO/USDT:USDT,0.8997,124.4,0.8996,630.2,0.8999,243.5,0.9,235.5
1753600164483,07:09:24.483,binance,AERO/USDT:USDT,0.8997,124.4,0.8996,630.2,0.8999,243.5,0.9,235.5
1753600164864,07:09:24.864,binance,AERO/USDT:USDT,0.8997,124.4,0.8996,630.2,0.8999,243.5,0.9,235.5
1753600164969,07:09:24.969,binance,AERO/USDT:USDT,0.8997,124.4,0.8996,630.2,0.8999,243.5,0.9,235.5
1753600165084,07:09:25.084,binance,AERO/USDT:USDT,0.8997,124.4,0.8996,630.2,0.8999,243.5,0.9,235.5
1753600165563,07:09:25.563,binance,AERO/USDT:USDT,0.8997,124.4,0.8996,475.3,0.8999,258.1,0.9,235.5
1753600165668,07:09:25.668,binance,AERO/USDT:USDT,0.8997,124.4,0.8996,475.3,0.8999,258.1,0.9,235.5
1753600165956,07:09:25.956,binance,AERO/USDT:USDT,0.8997,124.4,0.8996,475.3,0.8999,258.1,0.9,235.5
1753600166123,07:09:26.123,binance,AERO/USDT:USDT,0.8997,124.4,0.8996,475.3,0.8999,258.1,0.9,235.5
1753600166702,07:09:26.702,binance,AERO/USDT:USDT,0.8997,124.4,0.8996,475.3,0.8999,258.1,0.9,235.5
1753600166865,07:09:26.865,binance,AERO/USDT:USDT,0.8997,124.4,0.8996,475.3,0.8999,258.1,0.9,235.5
1753600167217,07:09:27.217,binance,AERO/USDT:USDT,0.8997,124.4,0.8996,475.3,0.8999,258.1,0.9,235.5
1753600167402,07:09:27.402,binance,AERO/USDT:USDT,0.8997,124.4,0.8996,475.3,0.8999,258.1,0.9,235.5
1753600167802,07:09:27.802,binance,AERO/USDT:USDT,0.8997,124.4,0.8996,475.3,0.8999,258.1,0.9,235.5
1753600168201,07:09:28.201,binance,AERO/USDT:USDT,0.8998,5.9,0.8997,124.4,0.8999,258.1,0.9,133.0
1753600168304,07:09:28.304,binance,AERO/USDT:USDT,0.8998,5.9,0.8997,124.4,0.8999,258.1,0.9,133.0
1753600168865,07:09:28.865,binance,AERO/USDT:USDT,0.8998,5.9,0.8997,124.4,0.8999,258.1,0.9,133.0
1753600169166,07:09:29.166,binance,AERO/USDT:USDT,0.8998,5.9,0.8997,124.4,0.8999,258.1,0.9,133.0
1753600169391,07:09:29.391,binance,AERO/USDT:USDT,0.8997,24.4,0.8996,475.3,0.8998,93.4,0.8999,263.7
1753600169513,07:09:29.513,binance,AERO/USDT:USDT,0.8997,117.8,0.8996,475.3,0.8998,93.4,0.8999,263.7
1753600169810,07:09:29.810,binance,AERO/USDT:USDT,0.8997,117.8,0.8996,475.3,0.8998,93.4,0.8999,263.7
1753600170002,07:09:30.002,binance,AERO/USDT:USDT,0.8997,117.8,0.8996,475.3,0.8998,93.4,0.8999,263.7
1753600170602,07:09:30.602,binance,AERO/USDT:USDT,0.8997,117.8,0.8996,475.3,0.8999,263.7,0.9,693.0
1753600170866,07:09:30.866,binance,AERO/USDT:USDT,0.8997,117.8,0.8996,475.3,0.8999,263.7,0.9,693.0
1753600171220,07:09:31.220,binance,AERO/USDT:USDT,0.8997,117.8,0.8996,475.3,0.8999,263.7,0.9,693.0
1753600171686,07:09:31.686,binance,AERO/USDT:USDT,0.8997,117.8,0.8996,475.3,0.8999,263.7,0.9,693.0
1753600172283,07:09:32.283,binance,AERO/USDT:USDT,0.8997,117.8,0.8996,475.3,0.8999,263.7,0.9,693.0
1753600172504,07:09:32.504,binance,AERO/USDT:USDT,0.8997,24.4,0.8996,475.3,0.8998,71.8,0.8999,212.0
1753600172802,07:09:32.802,binance,AERO/USDT:USDT,0.8997,24.4,0.8996,45.5,0.8998,71.8,0.8999,212.0
1753600172997,07:09:32.997,binance,AERO/USDT:USDT,0.8997,24.4,0.8996,45.5,0.8998,165.2,0.8999,212.0
1753600173123,07:09:33.123,binance,AERO/USDT:USDT,0.8996,19.3,0.8995,718.5,0.8997,51.7,0.8998,165.2
1753600173226,07:09:33.226,binance,AERO/USDT:USDT,0.8996,19.3,0.8995,718.5,0.8997,51.7,0.8998,165.2
1753600173343,07:09:33.343,binance,AERO/USDT:USDT,0.8996,19.3,0.8995,718.5,0.8997,51.7,0.8998,165.2
1753600173450,07:09:33.450,binance,AERO/USDT:USDT,0.8996,112.7,0.8995,484.8,0.8997,51.7,0.8998,165.2
1753600173812,07:09:33.812,binance,AERO/USDT:USDT,0.8996,112.7,0.8995,484.8,0.8997,51.7,0.8998,165.2
1753600173973,07:09:33.973,binance,AERO/USDT:USDT,0.8996,112.7,0.8995,484.8,0.8997,51.7,0.8998,165.2
1753600174502,07:09:34.502,binance,AERO/USDT:USDT,0.8996,112.7,0.8995,1083.5,0.8998,165.2,0.8999,213.9
1753600174867,07:09:34.867,binance,AERO/USDT:USDT,0.8996,112.7,0.8995,1083.5,0.8998,165.2,0.8999,213.9
1753600175023,07:09:35.023,binance,AERO/USDT:USDT,0.8996,112.7,0.8995,1083.5,0.8998,165.2,0.8999,213.9
1753600175125,07:09:35.125,binance,AERO/USDT:USDT,0.8996,112.7,0.8995,1076.1,0.8999,213.9,0.9,693.0
1753600175367,07:09:35.367,binance,AERO/USDT:USDT,0.8996,112.7,0.8995,484.8,0.8999,217.9,0.9,693.0
1753600176017,07:09:36.017,binance,AERO/USDT:USDT,0.8996,112.7,0.8995,484.8,0.8998,170.9,0.8999,269.6
1753600176183,07:09:36.183,binance,AERO/USDT:USDT,0.8996,112.7,0.8995,484.8,0.8998,170.9,0.8999,269.6
1753600176288,07:09:36.288,binance,AERO/USDT:USDT,0.8996,112.7,0.8995,484.8,0.8998,170.9,0.8999,269.6
1753600176702,07:09:36.702,binance,AERO/USDT:USDT,0.8996,112.7,0.8995,484.8,0.8998,77.5,0.8999,269.6
1753600176868,07:09:36.868,binance,AERO/USDT:USDT,0.8996,112.7,0.8995,484.8,0.8998,77.5,0.8999,269.6
1753600177283,07:09:37.283,binance,AERO/USDT:USDT,0.8996,112.7,0.8995,484.8,0.8998,77.5,0.8999,269.6
1753600177490,07:09:37.490,binance,AERO/USDT:USDT,0.8996,216.3,0.8995,725.0,0.8999,200.7,0.9,491.4
1753600177927,07:09:37.927,binance,AERO/USDT:USDT,0.8996,216.3,0.8995,725.0,0.8999,200.7,0.9,491.4
1753600178093,07:09:38.093,binance,AERO/USDT:USDT,0.8996,112.7,0.8995,725.0,0.8999,200.7,0.9,491.4
1753600178195,07:09:38.195,binance,AERO/USDT:USDT,0.8996,112.7,0.8995,725.0,0.8999,248.0,0.9,491.4
1753600178461,07:09:38.461,binance,AERO/USDT:USDT,0.8996,112.7,0.8995,725.0,0.8998,140.1,0.8999,248.0
1753600178783,07:09:38.783,binance,AERO/USDT:USDT,0.8996,112.7,0.8995,725.0,0.8998,140.1,0.8999,248.0
1753600178907,07:09:38.907,binance,AERO/USDT:USDT,0.8996,91.9,0.8995,520.0,0.8997,130.8,0.8998,191.8
1753600179042,07:09:39.042,binance,AERO/USDT:USDT,0.8996,91.9,0.8995,520.0,0.8997,130.8,0.8998,205.2
1753600179146,07:09:39.146,binance,AERO/USDT:USDT,0.8996,91.9,0.8995,520.0,0.8997,130.8,0.8998,205.2
1753600179289,07:09:39.289,binance,AERO/USDT:USDT,0.8996,91.9,0.8995,520.0,0.8997,130.8,0.8998,205.2
1753600180183,07:09:40.183,binance,AERO/USDT:USDT,0.8996,91.9,0.8995,520.0,0.8997,130.8,0.8998,205.2
1753600180363,07:09:40.363,binance,AERO/USDT:USDT,0.8996,91.9,0.8995,520.0,0.8997,130.8,0.8998,205.2
1753600180612,07:09:40.612,binance,AERO/USDT:USDT,0.8996,91.9,0.8995,520.0,0.8997,130.8,0.8998,205.2
1753600180723,07:09:40.723,binance,AERO/USDT:USDT,0.8996,91.9,0.8995,520.0,0.8997,130.8,0.8998,205.2
1753600180869,07:09:40.869,binance,AERO/USDT:USDT,0.8996,91.9,0.8995,520.0,0.8997,130.8,0.8998,205.2
1753600181273,07:09:41.273,binance,AERO/USDT:USDT,0.8996,91.9,0.8995,520.0,0.8997,130.8,0.8998,205.2
1753600181685,07:09:41.685,binance,AERO/USDT:USDT,0.8996,91.9,0.8995,520.0,0.8997,130.8,0.8998,205.2
1753600181973,07:09:41.973,binance,AERO/USDT:USDT,0.8996,91.9,0.8995,520.0,0.8997,130.8,0.8998,205.2
1753600182184,07:09:42.184,binance,AERO/USDT:USDT,0.8996,91.9,0.8995,520.0,0.8997,130.8,0.8998,205.2
1753600182327,07:09:42.327,binance,AERO/USDT:USDT,0.8996,91.9,0.8995,520.0,0.8997,130.8,0.8998,205.2
1753600182429,07:09:42.429,binance,AERO/USDT:USDT,0.8996,91.9,0.8995,520.0,0.8997,130.8,0.8998,205.2
1753600182588,07:09:42.588,binance,AERO/USDT:USDT,0.8996,91.9,0.8995,520.0,0.8997,130.8,0.8998,205.2
1753600182727,07:09:42.727,binance,AERO/USDT:USDT,0.8996,91.9,0.8995,520.0,0.8997,130.8,0.8998,205.2
1753600182870,07:09:42.870,binance,AERO/USDT:USDT,0.8996,91.9,0.8995,520.0,0.8997,130.8,0.8998,205.2
1753600182983,07:09:42.983,binance,AERO/USDT:USDT,0.8996,91.9,0.8995,520.0,0.8997,130.8,0.8998,205.2
1753600183404,07:09:43.404,binance,AERO/USDT:USDT,0.8996,91.9,0.8995,520.0,0.8997,130.8,0.8998,205.2
1753600184306,07:09:44.306,binance,AERO/USDT:USDT,0.8996,91.9,0.8995,520.0,0.8997,186.6,0.8998,205.2
1753600184448,07:09:44.448,binance,AERO/USDT:USDT,0.8996,91.9,0.8995,520.0,0.8997,186.6,0.8998,205.2
1753600184563,07:09:44.563,binance,AERO/USDT:USDT,0.8996,91.9,0.8995,520.0,0.8997,186.6,0.8998,205.2
1753600184729,07:09:44.729,binance,AERO/USDT:USDT,0.8996,91.9,0.8995,520.0,0.8997,186.6,0.8998,205.2
1753600184871,07:09:44.871,binance,AERO/USDT:USDT,0.8996,91.9,0.8995,520.0,0.8997,186.6,0.8998,205.2
1753600185083,07:09:45.083,binance,AERO/USDT:USDT,0.8996,91.9,0.8995,520.0,0.8997,186.6,0.8998,205.2
1753600185201,07:09:45.201,binance,AERO/USDT:USDT,0.8996,91.9,0.8995,520.0,0.8997,186.6,0.8998,205.2
1753600185816,07:09:45.816,binance,AERO/USDT:USDT,0.8995,36.6,0.8994,562.0,0.8996,140.1,0.8997,186.6
1753600185918,07:09:45.918,binance,AERO/USDT:USDT,0.8995,36.6,0.8994,562.0,0.8996,140.1,0.8997,186.6
1753600186038,07:09:46.038,binance,AERO/USDT:USDT,0.8995,36.6,0.8994,562.0,0.8996,140.1,0.8997,186.6
1753600186163,07:09:46.163,binance,AERO/USDT:USDT,0.8995,36.6,0.8994,562.0,0.8996,140.1,0.8997,186.6
1753600186493,07:09:46.493,binance,AERO/USDT:USDT,0.8995,36.6,0.8994,562.0,0.8996,140.1,0.8997,186.6
1753600186702,07:09:46.702,binance,AERO/USDT:USDT,0.8995,36.6,0.8994,562.0,0.8996,140.1,0.8997,186.6
1753600186871,07:09:46.871,binance,AERO/USDT:USDT,0.8995,36.6,0.8994,562.0,0.8996,140.1,0.8997,186.6
1753600187527,07:09:47.527,binance,AERO/USDT:USDT,0.8995,36.6,0.8994,562.0,0.8997,186.6,0.8998,528.4
1753600187631,07:09:47.631,binance,AERO/USDT:USDT,0.8995,36.6,0.8994,562.0,0.8997,186.6,0.8998,528.4
1753600187838,07:09:47.838,binance,AERO/USDT:USDT,0.8995,36.6,0.8994,562.0,0.8997,186.6,0.8998,476.7
1753600187941,07:09:47.941,binance,AERO/USDT:USDT,0.8995,36.6,0.8994,562.0,0.8997,186.6,0.8998,476.7
1753600188871,07:09:48.871,binance,AERO/USDT:USDT,0.8995,36.6,0.8994,562.0,0.8997,186.6,0.8998,476.7
1753600188974,07:09:48.974,binance,AERO/USDT:USDT,0.8995,36.6,0.8994,562.0,0.8997,186.6,0.8998,476.7
1753600189132,07:09:49.132,binance,AERO/USDT:USDT,0.8995,36.6,0.8994,562.0,0.8997,186.6,0.8998,476.7
1753600189236,07:09:49.236,binance,AERO/USDT:USDT,0.8995,36.6,0.8994,562.0,0.8997,186.6,0.8998,476.7
1753600189486,07:09:49.486,binance,AERO/USDT:USDT,0.8995,36.6,0.8994,562.0,0.8997,186.6,0.8998,476.7
1753600189593,07:09:49.593,binance,AERO/USDT:USDT,0.8995,36.6,0.8994,562.0,0.8997,186.6,0.8998,476.7
1753600190102,07:09:50.102,binance,AERO/USDT:USDT,0.8995,36.6,0.8994,562.0,0.8997,186.6,0.8998,476.7
1753600190359,07:09:50.359,binance,AERO/USDT:USDT,0.8995,36.6,0.8994,562.0,0.8997,186.6,0.8998,476.7
1753600190702,07:09:50.702,binance,AERO/USDT:USDT,0.8995,36.6,0.8994,562.0,0.8997,186.6,0.8998,476.7
1753600190871,07:09:50.871,binance,AERO/USDT:USDT,0.8995,36.6,0.8994,562.0,0.8997,186.6,0.8998,476.7
1753600191283,07:09:51.283,binance,AERO/USDT:USDT,0.8995,36.6,0.8994,562.0,0.8997,186.6,0.8998,476.7
1753600191492,07:09:51.492,binance,AERO/USDT:USDT,0.8995,36.6,0.8994,562.0,0.8997,186.6,0.8998,476.7
1753600191597,07:09:51.597,binance,AERO/USDT:USDT,0.8995,36.6,0.8994,562.0,0.8997,186.6,0.8998,476.7
1753600191741,07:09:51.741,binance,AERO/USDT:USDT,0.8995,36.6,0.8994,562.0,0.8997,186.6,0.8998,476.7
1753600192297,07:09:52.297,binance,AERO/USDT:USDT,0.8995,36.6,0.8994,562.0,0.8997,186.6,0.8998,476.7
1753600192401,07:09:52.401,binance,AERO/USDT:USDT,0.8995,36.6,0.8994,562.0,0.8997,186.6,0.8998,476.7
1753600192871,07:09:52.871,binance,AERO/USDT:USDT,0.8995,36.6,0.8994,562.0,0.8997,186.6,0.8998,476.7
1753600193173,07:09:53.173,binance,AERO/USDT:USDT,0.8995,448.1,0.8994,562.0,0.8997,169.3,0.8998,476.7
1753600193333,07:09:53.333,binance,AERO/USDT:USDT,0.8995,448.1,0.8994,562.0,0.8997,149.2,0.8998,476.7
1753600193453,07:09:53.453,binance,AERO/USDT:USDT,0.8995,448.1,0.8994,562.0,0.8997,149.2,0.8998,476.7
1753600193602,07:09:53.602,binance,AERO/USDT:USDT,0.8995,448.1,0.8994,562.0,0.8997,149.2,0.8998,476.7
1753600193866,07:09:53.866,binance,AERO/USDT:USDT,0.8995,448.1,0.8994,562.0,0.8997,149.2,0.8998,476.7
1753600193972,07:09:53.972,binance,AERO/USDT:USDT,0.8995,448.1,0.8994,562.0,0.8997,149.2,0.8998,476.7
1753600194206,07:09:54.206,binance,AERO/USDT:USDT,0.8995,448.1,0.8994,562.0,0.8997,149.2,0.8998,476.7
1753600194425,07:09:54.425,binance,AERO/USDT:USDT,0.8995,454.0,0.8994,562.0,0.8997,149.2,0.8998,476.7
1753600194872,07:09:54.872,binance,AERO/USDT:USDT,0.8995,454.0,0.8994,562.0,0.8997,149.2,0.8998,476.7
1753600195002,07:09:55.002,binance,AERO/USDT:USDT,0.8995,454.0,0.8994,562.0,0.8997,149.2,0.8998,476.7
1753600195440,07:09:55.440,binance,AERO/USDT:USDT,0.8995,454.0,0.8994,562.0,0.8997,149.2,0.8998,476.7
1753600196046,07:09:56.046,binance,AERO/USDT:USDT,0.8995,454.0,0.8994,562.0,0.8997,149.2,0.8998,476.7
1753600196149,07:09:56.149,binance,AERO/USDT:USDT,0.8995,454.0,0.8994,562.0,0.8997,149.2,0.8998,476.7
1753600196395,07:09:56.395,binance,AERO/USDT:USDT,0.8995,454.0,0.8994,562.0,0.8997,55.8,0.8998,476.7
1753600196653,07:09:56.653,binance,AERO/USDT:USDT,0.8995,454.0,0.8994,562.0,0.8997,55.8,0.8998,476.7
1753600197127,07:09:57.127,binance,AERO/USDT:USDT,0.8995,454.0,0.8994,562.0,0.8997,55.8,0.8998,476.7
1753600197614,07:09:57.614,binance,AERO/USDT:USDT,0.8995,454.0,0.8994,562.0,0.8997,55.8,0.8998,476.7
1753600197801,07:09:57.801,binance,AERO/USDT:USDT,0.8995,454.0,0.8994,562.0,0.8997,55.8,0.8998,476.7
1753600198802,07:09:58.802,binance,AERO/USDT:USDT,0.8995,454.0,0.8994,562.0,0.8997,55.8,0.8998,476.7
1753600199094,07:09:59.094,binance,AERO/USDT:USDT,0.8996,145.1,0.8995,472.4,0.8997,55.8,0.8998,67.0
1753600199306,07:09:59.306,binance,AERO/USDT:USDT,0.8996,145.1,0.8995,472.4,0.8997,55.8,0.8998,67.0
1753600199506,07:09:59.506,binance,AERO/USDT:USDT,0.8996,145.1,0.8995,472.4,0.8997,55.8,0.8998,67.0
1753600199666,07:09:59.666,binance,AERO/USDT:USDT,0.8996,145.1,0.8995,472.4,0.8997,55.8,0.8998,67.0
1753600199902,07:09:59.902,binance,AERO/USDT:USDT,0.8996,145.1,0.8995,472.4,0.8997,55.8,0.8998,67.0
1753600200122,07:10:00.122,binance,AERO/USDT:USDT,0.8996,145.1,0.8995,466.8,0.8997,55.8,0.8998,67.0
1753600200341,07:10:00.341,binance,AERO/USDT:USDT,0.8996,145.1,0.8995,466.8,0.8997,55.8,0.8998,67.0
1753600200454,07:10:00.454,binance,AERO/USDT:USDT,0.8996,145.1,0.8995,466.8,0.8997,55.8,0.8998,67.0
1753600200573,07:10:00.573,binance,AERO/USDT:USDT,0.8996,145.1,0.8995,466.8,0.8997,55.8,0.8998,67.0
1753600200739,07:10:00.739,binance,AERO/USDT:USDT,0.8996,145.1,0.8995,466.8,0.8997,55.8,0.8998,67.0
1753600201043,07:10:01.043,binance,AERO/USDT:USDT,0.8996,145.1,0.8995,466.8,0.8997,55.8,0.8998,67.0
1753600201553,07:10:01.553,binance,AERO/USDT:USDT,0.8996,145.1,0.8995,466.8,0.8997,55.8,0.8998,67.0
1753600201771,07:10:01.771,binance,AERO/USDT:USDT,0.8996,145.1,0.8995,466.8,0.8997,55.8,0.8998,67.0
1753600201905,07:10:01.905,binance,AERO/USDT:USDT,0.8996,145.1,0.8995,466.8,0.8997,55.8,0.8998,67.0
1753600202102,07:10:02.102,binance,AERO/USDT:USDT,0.8996,145.1,0.8995,466.8,0.8997,55.8,0.8998,67.0
1753600202308,07:10:02.308,binance,AERO/USDT:USDT,0.8996,145.1,0.8995,466.8,0.8997,55.8,0.8998,67.0
1753600202492,07:10:02.492,binance,AERO/USDT:USDT,0.8996,145.1,0.8995,466.8,0.8997,55.8,0.8998,67.0
1753600203089,07:10:03.089,binance,AERO/USDT:USDT,0.8996,145.1,0.8995,466.8,0.8997,55.8,0.8998,67.0
1753600203293,07:10:03.293,binance,AERO/USDT:USDT,0.8996,145.1,0.8995,466.8,0.8997,55.8,0.8998,67.0
1753600203402,07:10:03.402,binance,AERO/USDT:USDT,0.8996,145.1,0.8995,466.8,0.8997,55.8,0.8998,67.0
1753600203735,07:10:03.735,binance,AERO/USDT:USDT,0.8996,145.1,0.8995,466.8,0.8997,55.8,0.8998,67.0
1753600203883,07:10:03.883,binance,AERO/USDT:USDT,0.8996,145.1,0.8995,466.8,0.8997,55.8,0.8998,67.0
1753600204191,07:10:04.191,binance,AERO/USDT:USDT,0.8996,145.1,0.8995,466.8,0.8997,55.8,0.8998,48.6
1753600204383,07:10:04.383,binance,AERO/USDT:USDT,0.8996,145.1,0.8995,466.8,0.8997,55.8,0.8998,48.6
1753600204493,07:10:04.493,binance,AERO/USDT:USDT,0.8996,145.1,0.8995,466.8,0.8997,55.8,0.8998,48.6
1753600204612,07:10:04.612,binance,AERO/USDT:USDT,0.8996,145.1,0.8995,466.8,0.8997,55.8,0.8998,48.6
1753600205014,07:10:05.014,binance,AERO/USDT:USDT,0.8996,145.1,0.8995,466.8,0.8997,55.8,0.8998,48.6
1753600205394,07:10:05.394,binance,AERO/USDT:USDT,0.8996,145.1,0.8995,466.8,0.8997,55.8,0.8998,48.6
1753600205502,07:10:05.502,binance,AERO/USDT:USDT,0.8996,145.1,0.8995,466.8,0.8997,55.8,0.8998,48.6
1753600206053,07:10:06.053,binance,AERO/USDT:USDT,0.8996,145.1,0.8995,466.8,0.8997,55.8,0.8998,48.6
1753600206202,07:10:06.202,binance,AERO/USDT:USDT,0.8996,145.1,0.8995,466.8,0.8997,55.8,0.8998,48.6
1753600206602,07:10:06.602,binance,AERO/USDT:USDT,0.8996,93.4,0.8995,466.8,0.8997,55.8,0.8998,48.6
1753600206731,07:10:06.731,binance,AERO/USDT:USDT,0.8996,93.4,0.8995,466.8,0.8997,55.8,0.8998,48.6
1753600206857,07:10:06.857,binance,AERO/USDT:USDT,0.8995,448.4,0.8994,562.0,0.8997,55.8,0.8998,48.6
1753600207652,07:10:07.652,binance,AERO/USDT:USDT,0.8996,93.4,0.8995,466.8,0.8997,55.8,0.8998,48.6
1753600207755,07:10:07.755,binance,AERO/USDT:USDT,0.8996,93.4,0.8995,466.8,0.8997,55.8,0.8998,48.6
1753600208283,07:10:08.283,binance,AERO/USDT:USDT,0.8996,93.4,0.8995,466.8,0.8997,55.8,0.8998,48.6
1753600208401,07:10:08.401,binance,AERO/USDT:USDT,0.8996,93.4,0.8995,466.8,0.8997,55.8,0.8998,48.6
1753600208713,07:10:08.713,binance,AERO/USDT:USDT,0.8996,93.4,0.8995,466.8,0.8997,55.8,0.8998,48.6
1753600209889,07:10:09.889,binance,AERO/USDT:USDT,0.8996,93.4,0.8995,466.8,0.8997,55.8,0.8998,48.6
1753600209995,07:10:09.995,binance,AERO/USDT:USDT,0.8996,93.4,0.8995,466.8,0.8997,55.8,0.8998,48.6
1753600210703,07:10:10.703,binance,AERO/USDT:USDT,0.8996,93.4,0.8995,466.8,0.8997,55.8,0.8998,48.6
1753600211302,07:10:11.302,binance,AERO/USDT:USDT,0.8996,93.4,0.8995,466.8,0.8997,55.8,0.8998,48.6
1753600211573,07:10:11.573,binance,AERO/USDT:USDT,0.8996,181.4,0.8995,466.8,0.8997,68.0,0.8998,48.6
1753600212217,07:10:12.217,binance,AERO/USDT:USDT,0.8996,181.4,0.8995,466.8,0.8997,68.0,0.8998,48.6
1753600212345,07:10:12.345,binance,AERO/USDT:USDT,0.8996,181.4,0.8995,466.8,0.8997,68.0,0.8998,48.6
1753600212453,07:10:12.453,binance,AERO/USDT:USDT,0.8996,181.4,0.8995,466.8,0.8997,68.0,0.8998,48.6
1753600212563,07:10:12.563,binance,AERO/USDT:USDT,0.8996,181.4,0.8995,466.8,0.8997,68.0,0.8998,48.6
1753600212824,07:10:12.824,binance,AERO/USDT:USDT,0.8996,181.4,0.8995,466.8,0.8997,68.0,0.8998,48.6
1753600213002,07:10:13.002,binance,AERO/USDT:USDT,0.8996,181.4,0.8995,466.8,0.8997,68.0,0.8998,48.6
1753600213183,07:10:13.183,binance,AERO/USDT:USDT,0.8996,181.4,0.8995,466.8,0.8997,68.0,0.8998,48.6
1753600213963,07:10:13.963,binance,AERO/USDT:USDT,0.8996,88.0,0.8995,466.8,0.8997,68.0,0.8998,48.6
1753600214163,07:10:14.163,binance,AERO/USDT:USDT,0.8996,88.0,0.8995,466.8,0.8997,68.0,0.8998,48.6
1753600214702,07:10:14.702,binance,AERO/USDT:USDT,0.8996,136.9,0.8995,466.8,0.8997,68.0,0.8998,48.6
1753600214995,07:10:14.995,binance,AERO/USDT:USDT,0.8996,136.9,0.8995,466.8,0.8997,68.0,0.8998,48.6
1753600215259,07:10:15.259,binance,AERO/USDT:USDT,0.8996,136.9,0.8995,466.8,0.8997,68.0,0.8998,48.6
1753600215393,07:10:15.393,binance,AERO/USDT:USDT,0.8996,136.9,0.8995,466.8,0.8997,68.0,0.8998,48.6
1753600215714,07:10:15.714,binance,AERO/USDT:USDT,0.8996,136.9,0.8995,466.8,0.8997,68.0,0.8998,48.6
1753600215817,07:10:15.817,binance,AERO/USDT:USDT,0.8996,136.9,0.8995,466.8,0.8997,68.0,0.8998,48.6
1753600215964,07:10:15.964,binance,AERO/USDT:USDT,0.8996,136.9,0.8995,466.8,0.8997,68.0,0.8998,48.6
1753600216328,07:10:16.328,binance,AERO/USDT:USDT,0.8996,136.9,0.8995,466.8,0.8997,68.0,0.8998,48.6
1753600216433,07:10:16.433,binance,AERO/USDT:USDT,0.8996,136.9,0.8995,466.8,0.8997,68.0,0.8998,48.6
1753600216902,07:10:16.902,binance,AERO/USDT:USDT,0.8996,136.9,0.8995,466.8,0.8997,68.0,0.8998,48.6
1753600217081,07:10:17.081,binance,AERO/USDT:USDT,0.8996,136.9,0.8995,466.8,0.8997,68.0,0.8998,48.6
1753600217300,07:10:17.300,binance,AERO/USDT:USDT,0.8996,136.9,0.8995,466.8,0.8997,68.0,0.8998,48.6
1753600217502,07:10:17.502,binance,AERO/USDT:USDT,0.8996,136.9,0.8995,466.8,0.8997,68.0,0.8998,48.6
1753600217694,07:10:17.694,binance,AERO/USDT:USDT,0.8996,136.9,0.8995,466.8,0.8997,68.0,0.8998,48.6
1753600217800,07:10:17.800,binance,AERO/USDT:USDT,0.8996,136.9,0.8995,466.8,0.8997,68.0,0.8998,48.6
1753600218102,07:10:18.102,binance,AERO/USDT:USDT,0.8996,136.9,0.8995,466.8,0.8997,68.0,0.8998,48.6
1753600218357,07:10:18.357,binance,AERO/USDT:USDT,0.8996,136.9,0.8995,466.8,0.8997,68.0,0.8998,48.6
1753600218603,07:10:18.603,binance,AERO/USDT:USDT,0.8996,136.9,0.8995,466.8,0.8997,68.0,0.8998,48.6
1753600218801,07:10:18.801,binance,AERO/USDT:USDT,0.8996,136.9,0.8995,466.8,0.8997,68.0,0.8998,48.6
1753600218984,07:10:18.984,binance,AERO/USDT:USDT,0.8996,136.9,0.8995,466.8,0.8997,68.0,0.8998,48.6
1753600219302,07:10:19.302,binance,AERO/USDT:USDT,0.8996,136.9,0.8995,466.8,0.8997,68.0,0.8998,48.6
1753600219902,07:10:19.902,binance,AERO/USDT:USDT,0.8996,136.9,0.8995,466.8,0.8997,68.0,0.8998,48.6
1753600220005,07:10:20.005,binance,AERO/USDT:USDT,0.8996,136.9,0.8995,466.8,0.8997,68.0,0.8998,48.6
1753600220106,07:10:20.106,binance,AERO/USDT:USDT,0.8996,136.9,0.8995,466.8,0.8997,68.0,0.8998,48.6
1753600220502,07:10:20.502,binance,AERO/USDT:USDT,0.8996,136.9,0.8995,466.8,0.8997,68.0,0.8998,48.6
1753600220882,07:10:20.882,binance,AERO/USDT:USDT,0.8996,136.9,0.8995,466.8,0.8997,68.0,0.8998,48.6
1753600221073,07:10:21.073,binance,AERO/USDT:USDT,0.8996,136.9,0.8995,466.8,0.8997,68.0,0.8998,48.6
1753600221602,07:10:21.602,binance,AERO/USDT:USDT,0.8996,136.9,0.8995,466.8,0.8997,68.0,0.8998,48.6
1753600221961,07:10:21.961,binance,AERO/USDT:USDT,0.8996,136.9,0.8995,466.8,0.8997,68.0,0.8998,48.6
1753600222118,07:10:22.118,binance,AERO/USDT:USDT,0.8997,713.3,0.8996,142.5,0.8998,1456.6,0.8999,36.6
1753600222224,07:10:22.224,binance,AERO/USDT:USDT,0.8997,573.2,0.8996,142.5,0.8998,1456.6,0.8999,36.6
1753600222387,07:10:22.387,binance,AERO/USDT:USDT,0.8997,619.4,0.8996,142.5,0.8998,1456.6,0.8999,36.6
1753600222571,07:10:22.571,binance,AERO/USDT:USDT,0.8997,619.4,0.8996,142.5,0.8998,1456.6,0.8999,36.6
1753600222702,07:10:22.702,binance,AERO/USDT:USDT,0.8997,619.4,0.8996,142.5,0.8998,1456.6,0.8999,36.6
1753600222905,07:10:22.905,binance,AERO/USDT:USDT,0.8997,619.4,0.8996,142.5,0.8998,1456.6,0.8999,36.6
1753600223880,07:10:23.880,binance,AERO/USDT:USDT,0.8997,46.2,0.8996,142.5,0.8998,1456.6,0.8999,300.5
1753600224029,07:10:24.029,binance,AERO/USDT:USDT,0.8997,46.2,0.8996,142.5,0.8998,1456.6,0.8999,36.6
1753600224443,07:10:24.443,binance,AERO/USDT:USDT,0.8997,46.2,0.8996,142.5,0.8998,1456.6,0.8999,36.6
1753600225002,07:10:25.002,binance,AERO/USDT:USDT,0.8997,46.2,0.8996,142.5,0.8998,1456.6,0.8999,36.6
1753600225104,07:10:25.104,binance,AERO/USDT:USDT,0.8997,46.2,0.8996,142.5,0.8998,1456.6,0.8999,36.6
1753600225602,07:10:25.602,binance,AERO/USDT:USDT,0.8997,185.3,0.8996,142.5,0.8998,1456.6,0.8999,36.6
1753600226131,07:10:26.131,binance,AERO/USDT:USDT,0.8997,185.3,0.8996,160.9,0.8998,1456.6,0.8999,36.6
1753600226243,07:10:26.243,binance,AERO/USDT:USDT,0.8997,185.3,0.8996,160.9,0.8998,1456.6,0.8999,36.6
1753600226793,07:10:26.793,binance,AERO/USDT:USDT,0.8997,185.3,0.8996,160.9,0.8998,1456.6,0.8999,36.6
1753600227136,07:10:27.136,binance,AERO/USDT:USDT,0.8997,185.3,0.8996,160.9,0.8998,1456.6,0.8999,36.6
1753600227304,07:10:27.304,binance,AERO/USDT:USDT,0.8997,91.9,0.8996,160.9,0.8998,1456.6,0.8999,36.6
1753600227459,07:10:27.459,binance,AERO/USDT:USDT,0.8997,91.9,0.8996,160.9,0.8998,1456.6,0.8999,464.7
1753600227778,07:10:27.778,binance,AERO/USDT:USDT,0.8996,235.9,0.8995,237.2,0.8997,222.2,0.8998,647.3
1753600227882,07:10:27.882,binance,AERO/USDT:USDT,0.8996,235.9,0.8995,237.2,0.8997,222.2,0.8998,652.9
1753600228306,07:10:28.306,binance,AERO/USDT:USDT,0.8996,235.9,0.8995,237.2,0.8997,222.2,0.8998,652.9
1753600228721,07:10:28.721,binance,AERO/USDT:USDT,0.8996,235.9,0.8995,237.2,0.8998,652.9,0.8999,728.6
1753600228826,07:10:28.826,binance,AERO/USDT:USDT,0.8996,235.9,0.8995,237.2,0.8998,652.9,0.8999,728.6
1753600229001,07:10:29.001,binance,AERO/USDT:USDT,0.8996,235.9,0.8995,237.2,0.8998,652.9,0.8999,728.6
1753600229199,07:10:29.199,binance,AERO/USDT:USDT,0.8996,235.9,0.8995,237.2,0.8998,652.9,0.8999,464.7
1753600229474,07:10:29.474,binance,AERO/USDT:USDT,0.8996,235.9,0.8995,237.2,0.8998,652.9,0.8999,464.7
1753600229579,07:10:29.579,binance,AERO/USDT:USDT,0.8996,235.9,0.8995,237.2,0.8998,652.9,0.8999,464.7
1753600229713,07:10:29.713,binance,AERO/USDT:USDT,0.8996,235.9,0.8995,237.2,0.8998,652.9,0.8999,464.7
1753600229819,07:10:29.819,binance,AERO/USDT:USDT,0.8996,235.9,0.8995,237.2,0.8998,652.9,0.8999,701.0
1753600229924,07:10:29.924,binance,AERO/USDT:USDT,0.8996,235.9,0.8995,237.2,0.8998,652.9,0.8999,464.7
1753600230055,07:10:30.055,binance,AERO/USDT:USDT,0.8996,235.9,0.8995,237.2,0.8998,652.9,0.8999,701.0
1753600230602,07:10:30.602,binance,AERO/USDT:USDT,0.8997,645.1,0.8996,254.3,0.8998,652.9,0.8999,36.6
1753600230717,07:10:30.717,binance,AERO/USDT:USDT,0.8998,637.0,0.8997,620.8,0.9,46.6,0.9001,31.0
1753600230818,07:10:30.818,binance,AERO/USDT:USDT,0.8999,735.4,0.8998,610.4,0.9,46.6,0.9001,31.0
1753600230922,07:10:30.922,binance,AERO/USDT:USDT,0.9,522.4,0.8999,735.4,0.9001,31.0,0.9002,218.6
1753600231027,07:10:31.027,binance,AERO/USDT:USDT,0.9,546.7,0.8999,620.8,0.9001,31.0,0.9002,38.8
1753600231138,07:10:31.138,binance,AERO/USDT:USDT,0.9,546.7,0.8999,639.2,0.9001,12.6,0.9002,38.8
1753600231240,07:10:31.240,binance,AERO/USDT:USDT,0.9,522.4,0.8999,639.2,0.9001,12.6,0.9002,38.8
1753600231555,07:10:31.555,binance,AERO/USDT:USDT,0.8999,639.2,0.8998,847.5,0.9001,12.6,0.9002,192.9
1753600231663,07:10:31.663,binance,AERO/USDT:USDT,0.8999,639.2,0.8998,847.5,0.9001,12.6,0.9002,192.9
1753600231778,07:10:31.778,binance,AERO/USDT:USDT,0.8999,639.2,0.8998,847.5,0.9001,12.6,0.9002,192.9
1753600232009,07:10:32.009,binance,AERO/USDT:USDT,0.9,93.4,0.8999,639.2,0.9001,12.6,0.9002,192.9
1753600232126,07:10:32.126,binance,AERO/USDT:USDT,0.9,93.4,0.8999,639.2,0.9001,12.6,0.9002,38.8
1753600232233,07:10:32.233,binance,AERO/USDT:USDT,0.9,93.4,0.8999,639.2,0.9001,12.6,0.9002,38.8
1753600232411,07:10:32.411,binance,AERO/USDT:USDT,0.9,93.4,0.8999,639.2,0.9001,12.6,0.9002,38.8
1753600232702,07:10:32.702,binance,AERO/USDT:USDT,0.9,93.4,0.8999,639.2,0.9001,12.6,0.9002,38.8
1753600232926,07:10:32.926,binance,AERO/USDT:USDT,0.9,93.4,0.8999,639.2,0.9001,12.6,0.9002,38.8
1753600233302,07:10:33.302,binance,AERO/USDT:USDT,0.9,93.4,0.8999,639.2,0.9001,12.6,0.9002,38.8
1753600233853,07:10:33.853,binance,AERO/USDT:USDT,0.9,113.2,0.8999,639.2,0.9001,12.6,0.9002,38.8
1753600234502,07:10:34.502,binance,AERO/USDT:USDT,0.9,113.2,0.8999,639.2,0.9001,12.6,0.9002,38.8
1753600234673,07:10:34.673,binance,AERO/USDT:USDT,0.9,113.2,0.8999,639.2,0.9001,12.6,0.9002,38.8
1753600234902,07:10:34.902,binance,AERO/USDT:USDT,0.9,113.2,0.8999,639.2,0.9001,12.6,0.9002,38.8
1753600235502,07:10:35.502,binance,AERO/USDT:USDT,0.9,113.2,0.8999,639.2,0.9001,12.6,0.9002,38.8
1753600235939,07:10:35.939,binance,AERO/USDT:USDT,0.9,113.2,0.8999,639.2,0.9001,18.5,0.9002,38.8
1753600236102,07:10:36.102,binance,AERO/USDT:USDT,0.9,113.2,0.8999,639.2,0.9001,18.5,0.9002,38.8
1753600236581,07:10:36.581,binance,AERO/USDT:USDT,0.9,19.8,0.8999,447.4,0.9001,35.8,0.9002,194.5
1753600236693,07:10:36.693,binance,AERO/USDT:USDT,0.9,19.8,0.8999,447.4,0.9001,55.9,0.9002,194.5
1753600236928,07:10:36.928,binance,AERO/USDT:USDT,0.9,19.8,0.8999,447.4,0.9001,55.9,0.9002,194.5
1753600237172,07:10:37.172,binance,AERO/USDT:USDT,0.9,19.8,0.8999,447.4,0.9001,55.9,0.9002,194.5
1753600237283,07:10:37.283,binance,AERO/USDT:USDT,0.9,19.8,0.8999,447.4,0.9001,55.9,0.9002,194.5
1753600237429,07:10:37.429,binance,AERO/USDT:USDT,0.9,19.8,0.8999,447.4,0.9001,55.9,0.9002,194.5
1753600237702,07:10:37.702,binance,AERO/USDT:USDT,0.9,19.8,0.8999,447.4,0.9001,55.9,0.9002,38.8
1753600237809,07:10:37.809,binance,AERO/USDT:USDT,0.9,80.0,0.8999,618.6,0.9001,18.5,0.9002,38.8
1753600237976,07:10:37.976,binance,AERO/USDT:USDT,0.9,80.0,0.8999,189.6,0.9001,18.5,0.9002,38.8
1753600238125,07:10:38.125,binance,AERO/USDT:USDT,0.9,19.8,0.8999,18.4,0.9001,194.0,0.9002,467.8
1753600238234,07:10:38.234,binance,AERO/USDT:USDT,0.8999,18.4,0.8998,31.0,0.9,184.8,0.9001,408.6
1753600238335,07:10:38.335,binance,AERO/USDT:USDT,0.8999,18.4,0.8998,31.0,0.9,444.1,0.9001,281.1
1753600238553,07:10:38.553,binance,AERO/USDT:USDT,0.8998,31.0,0.8997,453.0,0.8999,17.3,0.9,184.8
1753600238656,07:10:38.656,binance,AERO/USDT:USDT,0.8998,31.0,0.8997,453.0,0.8999,17.3,0.9,190.4
1753600238766,07:10:38.766,binance,AERO/USDT:USDT,0.8998,31.0,0.8997,453.0,0.8999,17.3,0.9,190.4
1753600238995,07:10:38.995,binance,AERO/USDT:USDT,0.8998,12.6,0.8997,24.0,0.8999,414.7,0.9,593.1
1753600239105,07:10:39.105,binance,AERO/USDT:USDT,0.8998,12.6,0.8997,24.0,0.8999,414.7,0.9,593.1
1753600239213,07:10:39.213,binance,AERO/USDT:USDT,0.8998,12.6,0.8997,24.0,0.8999,414.7,0.9,593.1
1753600239346,07:10:39.346,binance,AERO/USDT:USDT,0.8998,12.6,0.8997,24.0,0.8999,414.7,0.9,593.1
1753600239702,07:10:39.702,binance,AERO/USDT:USDT,0.8998,12.6,0.8997,24.0,0.8999,414.7,0.9,593.1
1753600240302,07:10:40.302,binance,AERO/USDT:USDT,0.8998,18.6,0.8997,24.0,0.8999,414.7,0.9,593.1
1753600240757,07:10:40.757,binance,AERO/USDT:USDT,0.8998,18.6,0.8997,24.0,0.8999,414.7,0.9,593.1
1753600240863,07:10:40.863,binance,AERO/USDT:USDT,0.8998,18.6,0.8997,24.0,0.8999,414.7,0.9,593.1
1753600241043,07:10:41.043,binance,AERO/USDT:USDT,0.8998,112.0,0.8997,125.7,0.9,593.1,0.9001,617.8
1753600241162,07:10:41.162,binance,AERO/USDT:USDT,0.8998,112.0,0.8997,125.7,0.9,453.0,0.9001,617.8
1753600241293,07:10:41.293,binance,AERO/USDT:USDT,0.8998,112.0,0.8997,125.7,0.9,453.0,0.9001,617.8
1753600241633,07:10:41.633,binance,AERO/USDT:USDT,0.8998,112.0,0.8997,125.7,0.9,453.0,0.9001,617.8
1753600242002,07:10:42.002,binance,AERO/USDT:USDT,0.8998,112.0,0.8997,125.7,0.9,453.0,0.9001,617.8
1753600242253,07:10:42.253,binance,AERO/USDT:USDT,0.8998,112.0,0.8997,24.0,0.9,453.0,0.9001,617.8
1753600242358,07:10:42.358,binance,AERO/USDT:USDT,0.8998,112.0,0.8997,24.0,0.9,24.0,0.9001,617.8
1753600242483,07:10:42.483,binance,AERO/USDT:USDT,0.8998,112.0,0.8997,24.0,0.9,24.0,0.9001,617.8
1753600242593,07:10:42.593,binance,AERO/USDT:USDT,0.8998,121.5,0.8997,145.1,0.9,5.6,0.9001,617.8
1753600242710,07:10:42.710,binance,AERO/USDT:USDT,0.8998,121.5,0.8997,145.1,0.9,5.6,0.9001,617.8
1753600242929,07:10:42.929,binance,AERO/USDT:USDT,0.8998,121.5,0.8997,145.1,0.9,5.6,0.9001,617.8
1753600243044,07:10:43.044,binance,AERO/USDT:USDT,0.8999,73.9,0.8998,139.9,0.9,5.6,0.9001,188.8
1753600243147,07:10:43.147,binance,AERO/USDT:USDT,0.8999,73.9,0.8998,139.9,0.9,5.6,0.9001,57.0
1753600243417,07:10:43.417,binance,AERO/USDT:USDT,0.8999,73.9,0.8998,139.9,0.9,5.6,0.9001,57.0
1753600243605,07:10:43.605,binance,AERO/USDT:USDT,0.8999,73.9,0.8998,139.9,0.9,5.6,0.9001,57.0
1753600244353,07:10:44.353,binance,AERO/USDT:USDT,0.8999,73.9,0.8998,139.9,0.9,5.6,0.9001,57.0
1753600244758,07:10:44.758,binance,AERO/USDT:USDT,0.8999,73.9,0.8998,139.9,0.9,5.6,0.9001,57.0
1753600244864,07:10:44.864,binance,AERO/USDT:USDT,0.8999,73.9,0.8998,139.9,0.9,5.6,0.9001,57.0
1753600245128,07:10:45.128,binance,AERO/USDT:USDT,0.8999,60.2,0.8998,130.4,0.9,22.9,0.9001,164.5
1753600245242,07:10:45.242,binance,AERO/USDT:USDT,0.8998,130.4,0.8997,488.1,0.8999,184.8,0.9,116.3
1753600245346,07:10:45.346,binance,AERO/USDT:USDT,0.8998,130.4,0.8997,488.1,0.8999,184.8,0.9,116.3
1753600245495,07:10:45.495,binance,AERO/USDT:USDT,0.8998,130.4,0.8997,488.1,0.8999,184.8,0.9,116.3
1753600245638,07:10:45.638,binance,AERO/USDT:USDT,0.8998,37.0,0.8997,59.2,0.8999,444.1,0.9,545.2
1753600245754,07:10:45.754,binance,AERO/USDT:USDT,0.8998,37.0,0.8997,59.2,0.8999,444.1,0.9,545.2
1753600245892,07:10:45.892,binance,AERO/USDT:USDT,0.8998,18.6,0.8997,59.2,0.8999,444.1,0.9,563.6
1753600246202,07:10:46.202,binance,AERO/USDT:USDT,0.8998,18.6,0.8997,59.2,0.8999,444.1,0.9,563.6
1753600246599,07:10:46.599,binance,AERO/USDT:USDT,0.8998,18.6,0.8997,59.2,0.8999,444.1,0.9,563.6
1753600246759,07:10:46.759,binance,AERO/USDT:USDT,0.8998,18.6,0.8997,59.2,0.8999,444.1,0.9,563.6
1753600246873,07:10:46.873,binance,AERO/USDT:USDT,0.8998,18.6,0.8997,59.2,0.8999,444.1,0.9,563.6
1753600246986,07:10:46.986,binance,AERO/USDT:USDT,0.8998,18.6,0.8997,59.2,0.8999,444.1,0.9,563.6
1753600247394,07:10:47.394,binance,AERO/USDT:USDT,0.8998,18.6,0.8997,59.2,0.8999,444.1,0.9,563.6
1753600247703,07:10:47.703,binance,AERO/USDT:USDT,0.8998,67.5,0.8997,59.2,0.8999,444.1,0.9,563.6
1753600248759,07:10:48.759,binance,AERO/USDT:USDT,0.8998,67.5,0.8997,59.2,0.8999,444.1,0.9,563.6
1753600248932,07:10:48.932,binance,AERO/USDT:USDT,0.8998,67.5,0.8997,59.2,0.8999,444.1,0.9,563.6
1753600249702,07:10:49.702,binance,AERO/USDT:USDT,0.8998,67.5,0.8997,59.2,0.8999,444.1,0.9,563.6
1753600249838,07:10:49.838,binance,AERO/USDT:USDT,0.8998,67.5,0.8997,59.2,0.8999,444.1,0.9,563.6
1753600250505,07:10:50.505,binance,AERO/USDT:USDT,0.8998,43.0,0.8997,59.2,0.8999,444.1,0.9,563.6
1753600250759,07:10:50.759,binance,AERO/USDT:USDT,0.8998,43.0,0.8997,59.2,0.8999,444.1,0.9,563.6
1753600250863,07:10:50.863,binance,AERO/USDT:USDT,0.8998,43.0,0.8997,59.2,0.8999,444.1,0.9,563.6
1753600251383,07:10:51.383,binance,AERO/USDT:USDT,0.8998,43.0,0.8997,59.2,0.8999,444.1,0.9,563.6
1753600251606,07:10:51.606,binance,AERO/USDT:USDT,0.8997,24.0,0.8996,247.6,0.8998,155.4,0.8999,140.1
1753600251857,07:10:51.857,binance,AERO/USDT:USDT,0.8997,21.8,0.8996,247.6,0.8998,155.4,0.8999,140.1
1753600252254,07:10:52.254,binance,AERO/USDT:USDT,0.8997,21.8,0.8996,247.6,0.8998,155.4,0.8999,140.1
1753600252433,07:10:52.433,binance,AERO/USDT:USDT,0.8997,47.8,0.8996,247.6,0.8998,110.7,0.8999,140.1
1753600252606,07:10:52.606,binance,AERO/USDT:USDT,0.8997,34.8,0.8996,247.6,0.8998,110.7,0.8999,140.1
1753600252760,07:10:52.760,binance,AERO/USDT:USDT,0.8997,34.8,0.8996,247.6,0.8998,110.7,0.8999,140.1
1753600252865,07:10:52.865,binance,AERO/USDT:USDT,0.8997,34.8,0.8996,247.6,0.8998,110.7,0.8999,140.1
1753600252973,07:10:52.973,binance,AERO/USDT:USDT,0.8997,34.8,0.8996,247.6,0.8998,110.7,0.8999,140.1
1753600253162,07:10:53.162,binance,AERO/USDT:USDT,0.8997,34.8,0.8996,247.6,0.8998,93.4,0.8999,140.1
1753600253494,07:10:53.494,binance,AERO/USDT:USDT,0.8997,34.8,0.8996,247.6,0.8999,140.1,0.9,452.9
1753600253691,07:10:53.691,binance,AERO/USDT:USDT,0.8997,48.5,0.8996,247.6,0.9,452.9,0.9001,576.3
1753600253847,07:10:53.847,binance,AERO/USDT:USDT,0.8999,125.6,0.8998,123.3,0.9,24.0,0.9001,576.3
1753600253948,07:10:53.948,binance,AERO/USDT:USDT,0.8999,125.6,0.8998,123.3,0.9,24.0,0.9001,576.3
1753600254246,07:10:54.246,binance,AERO/USDT:USDT,0.8999,125.6,0.8998,123.3,0.9,24.0,0.9001,576.3
1753600254405,07:10:54.405,binance,AERO/USDT:USDT,0.8999,125.6,0.8998,123.3,0.9,24.0,0.9001,576.3
1753600254602,07:10:54.602,binance,AERO/USDT:USDT,0.8999,125.6,0.8998,123.3,0.9,24.0,0.9001,576.3
1753600254729,07:10:54.729,binance,AERO/USDT:USDT,0.8999,73.9,0.8998,123.3,0.9,24.0,0.9001,576.3
1753600254932,07:10:54.932,binance,AERO/USDT:USDT,0.8999,73.9,0.8998,123.3,0.9,24.0,0.9001,576.3
1753600255603,07:10:55.603,binance,AERO/USDT:USDT,0.8999,73.9,0.8998,123.3,0.9,24.0,0.9001,576.3
1753600255724,07:10:55.724,binance,AERO/USDT:USDT,0.8999,73.9,0.8998,123.3,0.9,24.0,0.9001,576.3
1753600256302,07:10:56.302,binance,AERO/USDT:USDT,0.8999,73.9,0.8998,123.3,0.9,24.0,0.9001,576.3
1753600256762,07:10:56.762,binance,AERO/USDT:USDT,0.8999,73.9,0.8998,123.3,0.9,24.0,0.9001,576.3
1753600256932,07:10:56.932,binance,AERO/USDT:USDT,0.8999,110.1,0.8998,123.3,0.9,24.0,0.9001,576.3
1753600257074,07:10:57.074,binance,AERO/USDT:USDT,0.8999,110.1,0.8998,123.3,0.9,24.0,0.9001,556.2
1753600257193,07:10:57.193,binance,AERO/USDT:USDT,0.8999,110.1,0.8998,123.3,0.9,5.6,0.9001,448.7
1753600257384,07:10:57.384,binance,AERO/USDT:USDT,0.9,375.5,0.8999,486.0,0.9002,38.8,0.9003,726.2
1753600257490,07:10:57.490,binance,AERO/USDT:USDT,0.9001,150.1,0.9,233.5,0.9002,38.8,0.9003,102.3
1753600257596,07:10:57.596,binance,AERO/USDT:USDT,0.9001,150.1,0.9,233.5,0.9002,38.8,0.9003,102.3
1753600257768,07:10:57.768,binance,AERO/USDT:USDT,0.9001,150.1,0.9,514.7,0.9002,20.4,0.9003,102.3
1753600257873,07:10:57.873,binance,AERO/USDT:USDT,0.9001,150.1,0.9,514.7,0.9002,20.4,0.9003,102.3
1753600258004,07:10:58.004,binance,AERO/USDT:USDT,0.9001,150.1,0.9,514.7,0.9002,20.4,0.9003,102.3
1753600258202,07:10:58.202,binance,AERO/USDT:USDT,0.9001,150.1,0.9,514.7,0.9002,20.4,0.9003,31.0
1753600258562,07:10:58.562,binance,AERO/USDT:USDT,0.9001,98.4,0.9,533.1,0.9002,20.4,0.9003,31.0
1753600258702,07:10:58.702,binance,AERO/USDT:USDT,0.9001,98.4,0.9,533.1,0.9002,20.4,0.9003,31.0
1753600258932,07:10:58.932,binance,AERO/USDT:USDT,0.9001,98.4,0.9,533.1,0.9002,20.4,0.9003,31.0
1753600259133,07:10:59.133,binance,AERO/USDT:USDT,0.9001,98.4,0.9,533.1,0.9002,20.4,0.9003,31.0
1753600259253,07:10:59.253,binance,AERO/USDT:USDT,0.9001,98.4,0.9,533.1,0.9002,20.4,0.9003,31.0
1753600259453,07:10:59.453,binance,AERO/USDT:USDT,0.9001,109.5,0.9,533.1,0.9002,20.4,0.9003,31.0
1753600259571,07:10:59.571,binance,AERO/USDT:USDT,0.9001,109.5,0.9,533.1,0.9002,20.4,0.9003,31.0
