timestamp,time,exchange,symbol,bid1_price,bid1_volume,bid2_price,bid2_volume,ask1_price,ask1_volume,ask2_price,ask2_volume
1753599991909,07:06:31.909,okx,ADA/USDT:USDT,0.8274,128.8,0.8273,657.2,0.8275,338.7,0.8276,552.6
1753599992009,07:06:32.009,okx,ADA/USDT:USDT,0.8274,128.8,0.8273,677.7,0.8275,338.7,0.8276,552.6
1753599992109,07:06:32.109,okx,ADA/USDT:USDT,0.8274,128.8,0.8273,677.8,0.8275,338.7,0.8276,513.0
1753599992409,07:06:32.409,okx,ADA/USDT:USDT,0.8274,294.4,0.8273,697.8,0.8275,213.8,0.8276,513.0
1753599993109,07:06:33.109,okx,ADA/USDT:USDT,0.8274,295.9,0.8273,697.4,0.8275,174.9,0.8276,513.0
1753599993309,07:06:33.309,okx,ADA/USDT:USDT,0.8274,261.5,0.8273,697.4,0.8275,175.7,0.8276,533.4
1753599993409,07:06:33.409,okx,ADA/USDT:USDT,0.8274,293.8,0.8273,697.8,0.8275,175.6,0.8276,513.0
1753599993609,07:06:33.609,okx,ADA/USDT:USDT,0.8274,273.3,0.8273,697.4,0.8275,175.6,0.8276,533.4
1753599993709,07:06:33.709,okx,ADA/USDT:USDT,0.8274,235.6,0.8273,676.9,0.8275,296.4,0.8276,533.7
1753599993809,07:06:33.809,okx,ADA/USDT:USDT,0.8274,210.0,0.8273,676.9,0.8275,308.7,0.8276,533.7
1753599993909,07:06:33.909,okx,ADA/USDT:USDT,0.8274,210.0,0.8273,676.9,0.8275,308.4,0.8276,533.7
1753599994009,07:06:34.009,okx,ADA/USDT:USDT,0.8274,210.4,0.8273,696.9,0.8275,276.4,0.8276,533.4
1753599994409,07:06:34.409,okx,ADA/USDT:USDT,0.8274,239.9,0.8273,676.9,0.8275,276.4,0.8276,533.7
1753599994509,07:06:34.509,okx,ADA/USDT:USDT,0.8274,239.9,0.8273,677.3,0.8275,276.4,0.8276,533.7
1753599994609,07:06:34.609,okx,ADA/USDT:USDT,0.8274,143.5,0.8273,656.9,0.8275,288.2,0.8276,533.7
1753599994809,07:06:34.809,okx,ADA/USDT:USDT,0.8274,143.5,0.8273,656.9,0.8275,308.1,0.8276,533.7
1753599994909,07:06:34.909,okx,ADA/USDT:USDT,0.8274,143.5,0.8273,656.9,0.8275,308.1,0.8276,533.7
1753599995009,07:06:35.009,okx,ADA/USDT:USDT,0.8274,78.1,0.8273,656.9,0.8275,318.2,0.8276,533.7
1753599995809,07:06:35.809,okx,ADA/USDT:USDT,0.8274,207.5,0.8273,656.9,0.8275,309.3,0.8276,532.9
1753599995909,07:06:35.909,okx,ADA/USDT:USDT,0.8274,83.1,0.8273,340.7,0.8275,309.6,0.8276,532.9
1753599996009,07:06:36.009,okx,ADA/USDT:USDT,0.8274,83.1,0.8273,340.7,0.8275,339.6,0.8276,532.9
1753599996609,07:06:36.609,okx,ADA/USDT:USDT,0.8274,315.9,0.8273,695.7,0.8275,60.9,0.8276,163.8
1753599997009,07:06:37.009,okx,ADA/USDT:USDT,0.8274,459.8,0.8273,695.7,0.8275,59.9,0.8276,464.8
1753599997109,07:06:37.109,okx,ADA/USDT:USDT,0.8274,440.0,0.8273,695.7,0.8275,59.9,0.8276,464.8
1753599997309,07:06:37.309,okx,ADA/USDT:USDT,0.8274,342.5,0.8273,695.4,0.8275,62.1,0.8276,464.8
1753599997409,07:06:37.409,okx,ADA/USDT:USDT,0.8274,323.6,0.8273,695.4,0.8275,62.1,0.8276,464.8
1753599997509,07:06:37.509,okx,ADA/USDT:USDT,0.8274,342.5,0.8273,695.4,0.8275,61.2,0.8276,464.8
1753599997609,07:06:37.609,okx,ADA/USDT:USDT,0.8274,344.1,0.8273,695.4,0.8275,60.3,0.8276,464.8
1753599997809,07:06:37.809,okx,ADA/USDT:USDT,0.8274,328.7,0.8273,695.4,0.8275,60.3,0.8276,464.8
1753599998009,07:06:38.009,okx,ADA/USDT:USDT,0.8274,468.5,0.8273,695.7,0.8275,60.3,0.8276,436.2
1753599998109,07:06:38.109,okx,ADA/USDT:USDT,0.8274,468.5,0.8273,695.7,0.8275,60.3,0.8276,436.2
1753599998209,07:06:38.209,okx,ADA/USDT:USDT,0.8274,468.5,0.8273,695.7,0.8275,60.3,0.8276,436.2
1753599998409,07:06:38.409,okx,ADA/USDT:USDT,0.8274,468.5,0.8273,695.7,0.8275,60.2,0.8276,436.2
1753599998509,07:06:38.509,okx,ADA/USDT:USDT,0.8274,468.5,0.8273,695.4,0.8275,60.2,0.8276,436.2
1753599999209,07:06:39.209,okx,ADA/USDT:USDT,0.8274,378.1,0.8273,694.7,0.8275,183.4,0.8276,454.4
1753599999809,07:06:39.809,okx,ADA/USDT:USDT,0.8274,373.0,0.8273,694.1,0.8275,182.4,0.8276,453.8
1753600000209,07:06:40.209,okx,ADA/USDT:USDT,0.8274,362.4,0.8273,694.1,0.8275,182.4,0.8276,453.8
1753600000909,07:06:40.909,okx,ADA/USDT:USDT,0.8275,629.7,0.8274,768.0,0.8276,45.2,0.8277,457.1
1753600001109,07:06:41.109,okx,ADA/USDT:USDT,0.8275,572.6,0.8274,747.1,0.8276,231.2,0.8277,484.9
1753600001509,07:06:41.509,okx,ADA/USDT:USDT,0.8275,160.4,0.8274,712.2,0.8276,223.5,0.8277,628.0
1753600002009,07:06:42.009,okx,ADA/USDT:USDT,0.8274,569.3,0.8273,708.1,0.8275,43.4,0.8276,530.6
1753600002309,07:06:42.309,okx,ADA/USDT:USDT,0.8274,573.8,0.8273,708.1,0.8275,43.4,0.8276,499.0
1753600002409,07:06:42.409,okx,ADA/USDT:USDT,0.8274,691.2,0.8273,708.1,0.8275,124.1,0.8276,499.0
1753600002509,07:06:42.509,okx,ADA/USDT:USDT,0.8274,701.5,0.8273,708.1,0.8275,43.4,0.8276,457.8
1753600002909,07:06:42.909,okx,ADA/USDT:USDT,0.8275,483.8,0.8274,839.8,0.8276,156.5,0.8277,640.5
1753600003009,07:06:43.009,okx,ADA/USDT:USDT,0.8275,511.7,0.8274,839.9,0.8276,156.5,0.8277,640.5
1753600003309,07:06:43.309,okx,ADA/USDT:USDT,0.8275,651.2,0.8274,722.3,0.8276,135.9,0.8277,303.3
1753600003509,07:06:43.509,okx,ADA/USDT:USDT,0.8275,651.4,0.8274,722.3,0.8276,129.8,0.8277,303.3
1753600004309,07:06:44.309,okx,ADA/USDT:USDT,0.8275,541.4,0.8274,718.9,0.8276,279.8,0.8277,509.2
1753600005009,07:06:45.009,okx,ADA/USDT:USDT,0.8275,514.7,0.8274,718.9,0.8276,135.5,0.8277,509.2
1753600005509,07:06:45.509,okx,ADA/USDT:USDT,0.8275,170.0,0.8274,223.3,0.8276,313.1,0.8277,576.0
1753600005709,07:06:45.709,okx,ADA/USDT:USDT,0.8275,169.6,0.8274,218.4,0.8276,369.4,0.8277,682.0
1753600006209,07:06:46.209,okx,ADA/USDT:USDT,0.8275,169.6,0.8274,637.5,0.8276,420.2,0.8277,682.0
1753600006409,07:06:46.409,okx,ADA/USDT:USDT,0.8275,172.3,0.8274,598.3,0.8276,490.9,0.8277,682.0
1753600006809,07:06:46.809,okx,ADA/USDT:USDT,0.8275,172.3,0.8274,213.3,0.8276,490.9,0.8277,728.3
1753600007209,07:06:47.209,okx,ADA/USDT:USDT,0.8273,0.2,0.8272,74.5,0.8274,619.6,0.8275,1072.8
1753600007309,07:06:47.309,okx,ADA/USDT:USDT,0.8272,4.2,0.8271,238.6,0.8273,704.0,0.8274,1064.3
1753600007609,07:06:47.609,okx,ADA/USDT:USDT,0.8272,4.4,0.8271,81.4,0.8273,680.1,0.8274,1058.7
1753600008009,07:06:48.009,okx,ADA/USDT:USDT,0.8272,349.4,0.8271,805.5,0.8273,218.3,0.8274,524.9
1753600008109,07:06:48.109,okx,ADA/USDT:USDT,0.8272,151.5,0.8271,702.2,0.8273,219.9,0.8274,524.9
1753600008409,07:06:48.409,okx,ADA/USDT:USDT,0.8272,131.9,0.8271,702.6,0.8273,249.3,0.8274,726.8
1753600008709,07:06:48.709,okx,ADA/USDT:USDT,0.8272,25.5,0.8271,702.2,0.8273,249.3,0.8274,727.1
1753600009209,07:06:49.209,okx,ADA/USDT:USDT,0.8272,106.4,0.8271,781.5,0.8273,221.6,0.8274,726.8
1753600009309,07:06:49.309,okx,ADA/USDT:USDT,0.8272,160.5,0.8271,810.9,0.8273,221.6,0.8274,697.4
1753600009609,07:06:49.609,okx,ADA/USDT:USDT,0.8272,263.0,0.8271,810.5,0.8273,53.2,0.8274,697.4
1753600009709,07:06:49.709,okx,ADA/USDT:USDT,0.8272,230.5,0.8271,792.1,0.8273,133.9,0.8274,715.5
1753600009809,07:06:49.809,okx,ADA/USDT:USDT,0.8272,366.4,0.8271,810.6,0.8273,133.9,0.8274,697.4
1753600009909,07:06:49.909,okx,ADA/USDT:USDT,0.8272,366.4,0.8271,810.6,0.8273,133.9,0.8274,697.4
1753600010109,07:06:50.109,okx,ADA/USDT:USDT,0.8272,318.7,0.8271,810.6,0.8273,133.9,0.8274,697.4
1753600010609,07:06:50.609,okx,ADA/USDT:USDT,0.8272,104.2,0.8271,406.2,0.8273,219.5,0.8274,726.7
1753600011009,07:06:51.009,okx,ADA/USDT:USDT,0.8272,185.5,0.8271,854.1,0.8273,193.8,0.8274,726.4
1753600011309,07:06:51.309,okx,ADA/USDT:USDT,0.8272,160.1,0.8271,836.0,0.8273,201.5,0.8274,726.4
1753600011509,07:06:51.509,okx,ADA/USDT:USDT,0.8272,160.1,0.8271,836.0,0.8273,281.5,0.8274,726.4
1753600011609,07:06:51.609,okx,ADA/USDT:USDT,0.8272,159.8,0.8271,835.6,0.8273,281.5,0.8274,731.8
1753600011909,07:06:51.909,okx,ADA/USDT:USDT,0.8272,159.8,0.8271,835.6,0.8273,299.3,0.8274,731.8
1753600012009,07:06:52.009,okx,ADA/USDT:USDT,0.8272,159.8,0.8271,824.7,0.8273,309.8,0.8274,732.2
1753600012909,07:06:52.909,okx,ADA/USDT:USDT,0.8272,395.8,0.8271,853.3,0.8273,13.1,0.8274,195.1
1753600013009,07:06:53.009,okx,ADA/USDT:USDT,0.8272,397.0,0.8271,853.3,0.8273,13.3,0.8274,195.1
1753600013109,07:06:53.109,okx,ADA/USDT:USDT,0.8272,397.0,0.8271,853.3,0.8273,14.4,0.8274,282.5
1753600013609,07:06:53.609,okx,ADA/USDT:USDT,0.8273,948.7,0.8272,888.6,0.8274,9.0,0.8275,517.2
1753600013909,07:06:53.909,okx,ADA/USDT:USDT,0.8273,948.7,0.8272,762.8,0.8274,96.6,0.8275,476.1
1753600014109,07:06:54.109,okx,ADA/USDT:USDT,0.8273,976.2,0.8272,762.9,0.8274,52.2,0.8275,476.1
1753600014409,07:06:54.409,okx,ADA/USDT:USDT,0.8273,920.1,0.8272,762.9,0.8274,8.8,0.8275,117.6
1753600014509,07:06:54.509,okx,ADA/USDT:USDT,0.8274,897.0,0.8273,1025.5,0.8275,124.2,0.8276,546.1
1753600015509,07:06:55.509,okx,ADA/USDT:USDT,0.8273,18.7,0.8272,286.9,0.8274,583.0,0.8275,853.9
1753600015609,07:06:55.609,okx,ADA/USDT:USDT,0.8272,7.6,0.8271,234.4,0.8273,711.3,0.8274,1054.5
1753600015909,07:06:55.909,okx,ADA/USDT:USDT,0.8272,384.7,0.8271,678.5,0.8273,390.8,0.8274,801.9
1753600016109,07:06:56.109,okx,ADA/USDT:USDT,0.8272,384.9,0.8271,678.5,0.8273,290.6,0.8274,801.9
1753600016209,07:06:56.209,okx,ADA/USDT:USDT,0.8272,259.9,0.8271,678.5,0.8273,290.6,0.8274,801.9
1753600016509,07:06:56.509,okx,ADA/USDT:USDT,0.8272,233.6,0.8271,678.5,0.8273,291.1,0.8274,801.5
1753600017309,07:06:57.309,okx,ADA/USDT:USDT,0.8272,236.3,0.8271,678.5,0.8273,291.1,0.8274,801.5
1753600017409,07:06:57.409,okx,ADA/USDT:USDT,0.8272,236.3,0.8271,678.5,0.8273,205.1,0.8274,801.5
1753600017509,07:06:57.509,okx,ADA/USDT:USDT,0.8272,236.3,0.8271,678.5,0.8273,205.1,0.8274,801.5
1753600017809,07:06:57.809,okx,ADA/USDT:USDT,0.8272,176.7,0.8271,653.0,0.8273,263.6,0.8274,827.3
1753600017909,07:06:57.909,okx,ADA/USDT:USDT,0.8272,136.8,0.8271,653.0,0.8273,273.2,0.8274,827.3
1753600018609,07:06:58.609,okx,ADA/USDT:USDT,0.8272,111.4,0.8271,662.2,0.8273,247.4,0.8274,829.8
1753600019009,07:06:59.009,okx,ADA/USDT:USDT,0.8272,97.7,0.8271,662.6,0.8273,372.4,0.8274,830.1
1753600019409,07:06:59.409,okx,ADA/USDT:USDT,0.8272,111.3,0.8271,678.5,0.8273,249.2,0.8274,829.8
1753600019509,07:06:59.509,okx,ADA/USDT:USDT,0.8272,111.3,0.8271,678.5,0.8273,249.2,0.8274,829.8
1753600019709,07:06:59.709,okx,ADA/USDT:USDT,0.8272,357.3,0.8271,698.5,0.8273,47.3,0.8274,547.3
1753600020209,07:07:00.209,okx,ADA/USDT:USDT,0.8272,356.9,0.8271,698.9,0.8273,40.2,0.8274,603.6
1753600020409,07:07:00.409,okx,ADA/USDT:USDT,0.8272,356.7,0.8271,704.3,0.8273,3.9,0.8274,357.4
1753600020509,07:07:00.509,okx,ADA/USDT:USDT,0.8272,356.7,0.8271,705.5,0.8273,47.1,0.8274,357.4
1753600020609,07:07:00.609,okx,ADA/USDT:USDT,0.8272,231.5,0.8271,706.7,0.8273,121.2,0.8274,565.3
1753600020709,07:07:00.709,okx,ADA/USDT:USDT,0.8272,220.0,0.8271,705.1,0.8273,251.5,0.8274,574.8
1753600021209,07:07:01.209,okx,ADA/USDT:USDT,0.8272,15.9,0.8271,554.5,0.8273,340.9,0.8274,739.3
1753600021309,07:07:01.309,okx,ADA/USDT:USDT,0.8272,15.9,0.8271,550.9,0.8273,340.9,0.8274,739.3
1753600021809,07:07:01.809,okx,ADA/USDT:USDT,0.8272,15.6,0.8271,654.2,0.8273,359.9,0.8274,739.3
1753600022009,07:07:02.009,okx,ADA/USDT:USDT,0.8272,15.6,0.8271,679.4,0.8273,334.1,0.8274,739.3
1753600022109,07:07:02.109,okx,ADA/USDT:USDT,0.8272,15.6,0.8271,663.7,0.8273,334.1,0.8274,739.3
1753600022209,07:07:02.209,okx,ADA/USDT:USDT,0.8272,15.6,0.8271,654.2,0.8273,360.6,0.8274,739.3
1753600022709,07:07:02.709,okx,ADA/USDT:USDT,0.8272,17.0,0.8271,654.2,0.8273,360.6,0.8274,739.4
1753600023109,07:07:03.109,okx,ADA/USDT:USDT,0.8272,100.9,0.8271,654.2,0.8273,300.2,0.8274,739.4
1753600023509,07:07:03.509,okx,ADA/USDT:USDT,0.8272,103.7,0.8271,654.3,0.8273,280.4,0.8274,739.3
1753600023609,07:07:03.609,okx,ADA/USDT:USDT,0.8272,103.7,0.8271,653.9,0.8273,280.7,0.8274,739.3
1753600023709,07:07:03.709,okx,ADA/USDT:USDT,0.8272,13.3,0.8271,235.6,0.8273,352.5,0.8274,741.7
1753600023809,07:07:03.809,okx,ADA/USDT:USDT,0.8272,20.2,0.8271,236.0,0.8273,259.2,0.8274,746.7
1753600023909,07:07:03.909,okx,ADA/USDT:USDT,0.8272,13.3,0.8271,236.0,0.8273,345.1,0.8274,746.7
1753600024009,07:07:04.009,okx,ADA/USDT:USDT,0.8272,13.3,0.8271,236.0,0.8273,345.1,0.8274,746.7
1753600024309,07:07:04.309,okx,ADA/USDT:USDT,0.8272,13.3,0.8271,236.0,0.8273,352.5,0.8274,746.8
1753600024509,07:07:04.509,okx,ADA/USDT:USDT,0.8272,100.8,0.8271,679.1,0.8273,264.0,0.8274,716.4
1753600024609,07:07:04.609,okx,ADA/USDT:USDT,0.8272,100.8,0.8271,678.7,0.8273,284.0,0.8274,741.6
1753600024709,07:07:04.709,okx,ADA/USDT:USDT,0.8272,100.8,0.8271,653.5,0.8273,299.7,0.8274,741.6
1753600024909,07:07:04.909,okx,ADA/USDT:USDT,0.8272,20.0,0.8271,550.6,0.8273,309.0,0.8274,741.9
1753600025109,07:07:05.109,okx,ADA/USDT:USDT,0.8272,13.5,0.8271,236.0,0.8273,369.4,0.8274,741.9
1753600025209,07:07:05.209,okx,ADA/USDT:USDT,0.8272,28.1,0.8271,236.0,0.8273,284.2,0.8274,741.6
1753600025409,07:07:05.409,okx,ADA/USDT:USDT,0.8272,53.1,0.8271,550.6,0.8273,297.9,0.8274,741.6
1753600025509,07:07:05.509,okx,ADA/USDT:USDT,0.8272,53.0,0.8271,550.6,0.8273,305.9,0.8274,742.3
1753600025709,07:07:05.709,okx,ADA/USDT:USDT,0.8272,24.1,0.8271,550.3,0.8273,304.1,0.8274,742.3
1753600025909,07:07:05.909,okx,ADA/USDT:USDT,0.8272,22.3,0.8271,550.2,0.8273,364.8,0.8274,746.9
1753600026009,07:07:06.009,okx,ADA/USDT:USDT,0.8272,22.3,0.8271,550.2,0.8273,364.8,0.8274,747.3
1753600026109,07:07:06.109,okx,ADA/USDT:USDT,0.8272,22.3,0.8271,550.2,0.8273,364.8,0.8274,747.3
1753600026209,07:07:06.209,okx,ADA/USDT:USDT,0.8272,22.3,0.8271,550.2,0.8273,364.8,0.8274,747.3
1753600026309,07:07:06.309,okx,ADA/USDT:USDT,0.8272,22.3,0.8271,550.2,0.8273,364.5,0.8274,747.3
1753600026609,07:07:06.609,okx,ADA/USDT:USDT,0.8272,22.4,0.8271,550.2,0.8273,362.9,0.8274,747.3
1753600026809,07:07:06.809,okx,ADA/USDT:USDT,0.8272,20.2,0.8271,495.4,0.8273,362.9,0.8274,747.3
1753600027309,07:07:07.309,okx,ADA/USDT:USDT,0.8272,22.7,0.8271,550.2,0.8273,341.9,0.8274,744.4
1753600027409,07:07:07.409,okx,ADA/USDT:USDT,0.8272,103.4,0.8271,571.2,0.8273,278.2,0.8274,717.2
1753600027609,07:07:07.609,okx,ADA/USDT:USDT,0.8272,173.4,0.8271,694.6,0.8273,250.8,0.8274,717.2
1753600027709,07:07:07.709,okx,ADA/USDT:USDT,0.8272,138.4,0.8271,681.5,0.8273,250.8,0.8274,730.3
1753600028009,07:07:08.009,okx,ADA/USDT:USDT,0.8272,143.3,0.8271,666.4,0.8273,270.8,0.8274,717.2
1753600028909,07:07:08.909,okx,ADA/USDT:USDT,0.8272,144.9,0.8271,674.0,0.8273,250.8,0.8274,729.8
1753600029109,07:07:09.109,okx,ADA/USDT:USDT,0.8272,126.4,0.8271,653.8,0.8273,270.1,0.8274,734.4
1753600029509,07:07:09.509,okx,ADA/USDT:USDT,0.8272,37.7,0.8271,653.7,0.8273,264.4,0.8274,741.6
1753600030009,07:07:10.009,okx,ADA/USDT:USDT,0.8272,134.3,0.8271,654.1,0.8273,290.1,0.8274,741.3
1753600030409,07:07:10.409,okx,ADA/USDT:USDT,0.8272,21.3,0.8271,550.7,0.8273,332.6,0.8274,741.6
1753600030509,07:07:10.509,okx,ADA/USDT:USDT,0.8272,138.2,0.8271,673.4,0.8273,270.7,0.8274,729.2
1753600030709,07:07:10.709,okx,ADA/USDT:USDT,0.8272,138.2,0.8271,673.4,0.8273,270.7,0.8274,741.3
1753600031109,07:07:11.109,okx,ADA/USDT:USDT,0.8272,138.2,0.8271,693.5,0.8273,232.1,0.8274,721.9
1753600031409,07:07:11.409,okx,ADA/USDT:USDT,0.8273,381.3,0.8272,804.7,0.8274,179.0,0.8275,713.2
1753600031709,07:07:11.709,okx,ADA/USDT:USDT,0.8273,401.0,0.8272,804.7,0.8274,324.5,0.8275,712.8
1753600032009,07:07:12.009,okx,ADA/USDT:USDT,0.8273,396.3,0.8272,816.4,0.8274,312.8,0.8275,713.2
1753600032109,07:07:12.109,okx,ADA/USDT:USDT,0.8273,396.3,0.8272,816.4,0.8274,312.8,0.8275,713.2
1753600032209,07:07:12.209,okx,ADA/USDT:USDT,0.8273,396.3,0.8272,816.2,0.8274,315.5,0.8275,713.2
1753600032309,07:07:12.309,okx,ADA/USDT:USDT,0.8273,408.5,0.8272,806.3,0.8274,187.8,0.8275,701.1
1753600032509,07:07:12.509,okx,ADA/USDT:USDT,0.8273,401.5,0.8272,806.3,0.8274,147.1,0.8275,712.8
1753600033309,07:07:13.309,okx,ADA/USDT:USDT,0.8273,185.6,0.8272,803.3,0.8274,321.8,0.8275,712.8
1753600033409,07:07:13.409,okx,ADA/USDT:USDT,0.8273,158.7,0.8272,791.6,0.8274,334.3,0.8275,713.1
1753600033509,07:07:13.509,okx,ADA/USDT:USDT,0.8273,158.7,0.8272,791.6,0.8274,334.3,0.8275,713.2
1753600033809,07:07:13.809,okx,ADA/USDT:USDT,0.8272,2.1,0.8271,82.7,0.8273,776.9,0.8274,831.8
1753600034009,07:07:14.009,okx,ADA/USDT:USDT,0.8272,115.3,0.8271,82.7,0.8273,776.8,0.8274,832.2
1753600034109,07:07:14.109,okx,ADA/USDT:USDT,0.8272,283.2,0.8271,714.9,0.8273,345.3,0.8274,533.6
1753600034609,07:07:14.609,okx,ADA/USDT:USDT,0.8272,4.2,0.8271,82.7,0.8273,529.6,0.8274,784.2
1753600034709,07:07:14.709,okx,ADA/USDT:USDT,0.8272,4.2,0.8271,82.7,0.8273,524.8,0.8274,784.2
1753600034809,07:07:14.809,okx,ADA/USDT:USDT,0.8272,4.2,0.8271,270.2,0.8273,524.8,0.8274,784.2
1753600035309,07:07:15.309,okx,ADA/USDT:USDT,0.8271,3.5,0.827,236.0,0.8272,628.5,0.8273,883.9
1753600035409,07:07:15.409,okx,ADA/USDT:USDT,0.8271,3.5,0.827,89.4,0.8272,628.5,0.8273,883.9
1753600035609,07:07:15.609,okx,ADA/USDT:USDT,0.8271,3.5,0.827,89.4,0.8272,634.2,0.8273,822.8
1753600035909,07:07:15.909,okx,ADA/USDT:USDT,0.8271,3.5,0.827,89.4,0.8272,633.9,0.8273,822.8
1753600036009,07:07:16.009,okx,ADA/USDT:USDT,0.8271,3.5,0.827,89.4,0.8272,635.0,0.8273,822.8
1753600036209,07:07:16.209,okx,ADA/USDT:USDT,0.8271,3.5,0.827,89.4,0.8272,635.0,0.8273,822.7
1753600036309,07:07:16.309,okx,ADA/USDT:USDT,0.8271,3.5,0.827,89.4,0.8272,635.0,0.8273,822.8
1753600036509,07:07:16.509,okx,ADA/USDT:USDT,0.827,8.3,0.8269,310.3,0.8271,664.7,0.8272,1020.6
1753600037609,07:07:17.609,okx,ADA/USDT:USDT,0.827,8.5,0.8269,210.1,0.8271,666.1,0.8272,1032.5
1753600037809,07:07:17.809,okx,ADA/USDT:USDT,0.827,8.4,0.8269,210.1,0.8271,666.1,0.8272,1033.0
1753600038009,07:07:18.009,okx,ADA/USDT:USDT,0.827,8.4,0.8269,210.1,0.8271,666.1,0.8272,1032.6
1753600038509,07:07:18.509,okx,ADA/USDT:USDT,0.827,8.4,0.8269,210.1,0.8271,666.6,0.8272,1036.8
1753600038609,07:07:18.609,okx,ADA/USDT:USDT,0.827,8.4,0.8269,210.1,0.8271,666.6,0.8272,1036.8
1753600038709,07:07:18.709,okx,ADA/USDT:USDT,0.827,8.4,0.8269,210.1,0.8271,666.6,0.8272,1036.8
1753600038909,07:07:18.909,okx,ADA/USDT:USDT,0.827,8.4,0.8269,210.1,0.8271,659.6,0.8272,1036.8
1753600039009,07:07:19.009,okx,ADA/USDT:USDT,0.827,8.4,0.8269,210.1,0.8271,659.6,0.8272,1036.8
1753600039309,07:07:19.309,okx,ADA/USDT:USDT,0.827,6.6,0.8269,210.1,0.8271,660.5,0.8272,1036.8
1753600039509,07:07:19.509,okx,ADA/USDT:USDT,0.827,6.7,0.8269,210.1,0.8271,649.4,0.8272,1036.5
1753600039609,07:07:19.609,okx,ADA/USDT:USDT,0.827,6.7,0.8269,210.1,0.8271,649.4,0.8272,1036.5
1753600039709,07:07:19.709,okx,ADA/USDT:USDT,0.827,6.7,0.8269,259.2,0.8271,649.4,0.8272,1036.5
1753600040009,07:07:20.009,okx,ADA/USDT:USDT,0.827,6.7,0.8269,259.2,0.8271,667.0,0.8272,1036.8
1753600040209,07:07:20.209,okx,ADA/USDT:USDT,0.827,6.7,0.8269,259.2,0.8271,670.8,0.8272,1036.8
1753600040709,07:07:20.709,okx,ADA/USDT:USDT,0.827,6.7,0.8269,259.2,0.8271,670.5,0.8272,1036.8
1753600040809,07:07:20.809,okx,ADA/USDT:USDT,0.827,6.7,0.8269,573.8,0.8271,670.5,0.8272,1031.1
1753600040909,07:07:20.909,okx,ADA/USDT:USDT,0.827,6.7,0.8269,573.8,0.8271,670.5,0.8272,1031.1
1753600041009,07:07:21.009,okx,ADA/USDT:USDT,0.827,6.7,0.8269,573.8,0.8271,670.5,0.8272,1031.1
1753600041109,07:07:21.109,okx,ADA/USDT:USDT,0.827,7.6,0.8269,573.8,0.8271,664.8,0.8272,1031.5
1753600041609,07:07:21.609,okx,ADA/USDT:USDT,0.827,7.6,0.8269,524.7,0.8271,669.9,0.8272,1031.5
1753600041709,07:07:21.709,okx,ADA/USDT:USDT,0.827,7.6,0.8269,524.7,0.8271,672.3,0.8272,1031.5
1753600041809,07:07:21.809,okx,ADA/USDT:USDT,0.827,7.6,0.8269,524.7,0.8271,672.6,0.8272,1031.5
1753600042409,07:07:22.409,okx,ADA/USDT:USDT,0.827,7.6,0.8269,524.7,0.8271,673.4,0.8272,1031.5
1753600042609,07:07:22.609,okx,ADA/USDT:USDT,0.827,7.6,0.8269,524.7,0.8271,673.4,0.8272,1031.5
1753600042709,07:07:22.709,okx,ADA/USDT:USDT,0.827,7.6,0.8269,524.7,0.8271,673.4,0.8272,1031.5
1753600043109,07:07:23.109,okx,ADA/USDT:USDT,0.8269,172.7,0.8268,768.8,0.827,371.1,0.8271,1060.8
1753600043409,07:07:23.409,okx,ADA/USDT:USDT,0.8269,133.4,0.8268,751.5,0.827,389.1,0.8271,986.4
1753600043709,07:07:23.709,okx,ADA/USDT:USDT,0.8267,183.1,0.8266,787.1,0.8268,225.6,0.8269,776.7
1753600043809,07:07:23.809,okx,ADA/USDT:USDT,0.8267,126.7,0.8266,776.3,0.8268,263.6,0.8269,1050.2
1753600044009,07:07:24.009,okx,ADA/USDT:USDT,0.8267,149.7,0.8266,776.4,0.8268,246.5,0.8269,969.0
1753600044109,07:07:24.109,okx,ADA/USDT:USDT,0.8267,125.9,0.8266,776.4,0.8268,264.5,0.8269,969.0
1753600044209,07:07:24.209,okx,ADA/USDT:USDT,0.8267,132.8,0.8266,776.0,0.8268,247.2,0.8269,969.0
1753600044609,07:07:24.609,okx,ADA/USDT:USDT,0.8267,125.2,0.8266,776.0,0.8268,357.4,0.8269,969.0
1753600044709,07:07:24.709,okx,ADA/USDT:USDT,0.8267,125.2,0.8266,776.4,0.8268,350.7,0.8269,969.0
1753600044909,07:07:24.909,okx,ADA/USDT:USDT,0.8267,46.0,0.8266,796.0,0.8268,269.6,0.8269,971.4
1753600045009,07:07:25.009,okx,ADA/USDT:USDT,0.8267,52.9,0.8266,796.0,0.8268,269.1,0.8269,971.5
1753600045509,07:07:25.509,okx,ADA/USDT:USDT,0.8267,150.7,0.8266,806.1,0.8268,378.6,0.8269,976.9
1753600045809,07:07:25.809,okx,ADA/USDT:USDT,0.8267,150.0,0.8266,796.0,0.8268,265.8,0.8269,976.9
1753600045909,07:07:25.909,okx,ADA/USDT:USDT,0.8267,136.8,0.8266,796.0,0.8268,272.4,0.8269,977.2
1753600046009,07:07:26.009,okx,ADA/USDT:USDT,0.8267,136.8,0.8266,796.0,0.8268,273.2,0.8269,977.2
1753600046709,07:07:26.709,okx,ADA/USDT:USDT,0.8267,135.9,0.8266,796.0,0.8268,324.4,0.8269,976.8
1753600046809,07:07:26.809,okx,ADA/USDT:USDT,0.8267,55.2,0.8266,796.0,0.8268,327.1,0.8269,976.8
1753600046909,07:07:26.909,okx,ADA/USDT:USDT,0.8267,53.5,0.8266,768.1,0.8268,326.8,0.8269,976.8
1753600047009,07:07:27.009,okx,ADA/USDT:USDT,0.8267,53.5,0.8266,768.1,0.8268,326.8,0.8269,976.8
1753600047409,07:07:27.409,okx,ADA/USDT:USDT,0.8267,0.2,0.8266,234.1,0.8268,451.9,0.8269,978.8
1753600047709,07:07:27.709,okx,ADA/USDT:USDT,0.8266,224.7,0.8265,588.1,0.8267,435.8,0.8268,572.0
1753600047909,07:07:27.909,okx,ADA/USDT:USDT,0.8266,53.9,0.8265,474.5,0.8267,443.3,0.8268,582.1
1753600048009,07:07:28.009,okx,ADA/USDT:USDT,0.8266,53.9,0.8265,474.5,0.8267,437.2,0.8268,582.1
1753600048609,07:07:28.609,okx,ADA/USDT:USDT,0.8266,88.4,0.8265,587.3,0.8267,436.6,0.8268,582.1
1753600049009,07:07:29.009,okx,ADA/USDT:USDT,0.8266,189.0,0.8265,607.7,0.8267,147.0,0.8268,436.1
1753600049209,07:07:29.209,okx,ADA/USDT:USDT,0.8266,189.0,0.8265,607.7,0.8267,147.0,0.8268,436.1
1753600049509,07:07:29.509,okx,ADA/USDT:USDT,0.8266,303.0,0.8265,607.6,0.8267,127.8,0.8268,436.1
1753600049709,07:07:29.709,okx,ADA/USDT:USDT,0.8266,311.0,0.8265,637.4,0.8267,1.8,0.8268,183.2
1753600050009,07:07:30.009,okx,ADA/USDT:USDT,0.8266,311.0,0.8265,638.3,0.8267,1.8,0.8268,183.2
1753600050209,07:07:30.209,okx,ADA/USDT:USDT,0.8266,295.0,0.8265,639.5,0.8267,2.6,0.8268,183.6
1753600050909,07:07:30.909,okx,ADA/USDT:USDT,0.8267,913.5,0.8266,714.7,0.8268,56.2,0.8269,563.4
1753600051109,07:07:31.109,okx,ADA/USDT:USDT,0.8267,915.1,0.8266,714.7,0.8268,56.2,0.8269,563.4
1753600051609,07:07:31.609,okx,ADA/USDT:USDT,0.8267,915.1,0.8266,714.7,0.8268,61.9,0.8269,603.4
1753600051809,07:07:31.809,okx,ADA/USDT:USDT,0.8267,914.2,0.8266,714.7,0.8268,18.7,0.8269,255.4
1753600051909,07:07:31.909,okx,ADA/USDT:USDT,0.8267,915.4,0.8266,714.7,0.8268,25.6,0.8269,255.4
1753600052009,07:07:32.009,okx,ADA/USDT:USDT,0.8267,915.4,0.8266,714.7,0.8268,19.3,0.8269,255.4
1753600052109,07:07:32.109,okx,ADA/USDT:USDT,0.8267,847.8,0.8266,714.4,0.8268,22.5,0.8269,460.9
1753600053009,07:07:33.009,okx,ADA/USDT:USDT,0.8267,862.1,0.8266,735.9,0.8268,29.7,0.8269,463.4
1753600053309,07:07:33.309,okx,ADA/USDT:USDT,0.8267,862.1,0.8266,735.9,0.8268,23.7,0.8269,463.4
1753600053509,07:07:33.509,okx,ADA/USDT:USDT,0.8269,682.2,0.8268,1148.1,0.827,72.4,0.8271,1011.2
1753600053909,07:07:33.909,okx,ADA/USDT:USDT,0.8269,702.6,0.8268,1150.5,0.827,49.8,0.8271,670.3
1753600054209,07:07:34.209,okx,ADA/USDT:USDT,0.8269,702.6,0.8268,1150.5,0.827,49.8,0.8271,752.3
1753600054509,07:07:34.509,okx,ADA/USDT:USDT,0.8269,702.6,0.8268,1076.8,0.827,50.5,0.8271,752.3
1753600054709,07:07:34.709,okx,ADA/USDT:USDT,0.8269,700.9,0.8268,1076.8,0.827,50.3,0.8271,461.7
1753600054809,07:07:34.809,okx,ADA/USDT:USDT,0.8269,702.5,0.8268,1076.8,0.827,50.3,0.8271,421.2
1753600055009,07:07:35.009,okx,ADA/USDT:USDT,0.8269,700.7,0.8268,1077.1,0.827,50.3,0.8271,588.0
1753600055309,07:07:35.309,okx,ADA/USDT:USDT,0.8269,704.2,0.8268,1076.1,0.827,51.4,0.8271,588.0
1753600055409,07:07:35.409,okx,ADA/USDT:USDT,0.8269,704.2,0.8268,1076.1,0.827,46.7,0.8271,587.6
1753600055609,07:07:35.609,okx,ADA/USDT:USDT,0.8269,704.1,0.8268,1076.1,0.827,46.7,0.8271,379.7
1753600055709,07:07:35.709,okx,ADA/USDT:USDT,0.8269,705.3,0.8268,1076.1,0.827,46.7,0.8271,379.7
1753600056209,07:07:36.209,okx,ADA/USDT:USDT,0.8269,705.3,0.8268,1077.3,0.827,10.4,0.8271,315.2
1753600056309,07:07:36.309,okx,ADA/USDT:USDT,0.8269,705.3,0.8268,1080.9,0.827,10.4,0.8271,315.2
1753600056509,07:07:36.509,okx,ADA/USDT:USDT,0.8269,705.3,0.8268,1080.9,0.827,10.4,0.8271,315.2
1753600056609,07:07:36.609,okx,ADA/USDT:USDT,0.8269,705.3,0.8268,1082.1,0.827,10.4,0.8271,287.9
1753600057009,07:07:37.009,okx,ADA/USDT:USDT,0.8269,705.3,0.8268,1082.1,0.827,5.2,0.8271,287.9
1753600057109,07:07:37.109,okx,ADA/USDT:USDT,0.8269,711.3,0.8268,1082.1,0.827,5.2,0.8271,287.9
1753600057509,07:07:37.509,okx,ADA/USDT:USDT,0.827,928.2,0.8269,776.3,0.8271,43.4,0.8272,411.7
1753600057609,07:07:37.609,okx,ADA/USDT:USDT,0.827,928.2,0.8269,776.3,0.8271,43.4,0.8272,411.7
1753600057909,07:07:37.909,okx,ADA/USDT:USDT,0.827,928.2,0.8269,776.0,0.8271,43.4,0.8272,578.5
1753600058009,07:07:38.009,okx,ADA/USDT:USDT,0.827,928.0,0.8269,776.0,0.8271,50.3,0.8272,619.6
1753600058309,07:07:38.309,okx,ADA/USDT:USDT,0.827,925.4,0.8269,774.8,0.8271,51.0,0.8272,619.6
1753600058509,07:07:38.509,okx,ADA/USDT:USDT,0.827,919.9,0.8269,774.8,0.8271,51.0,0.8272,619.6
1753600058709,07:07:38.709,okx,ADA/USDT:USDT,0.827,782.2,0.8269,769.1,0.8271,179.0,0.8272,634.9
1753600058809,07:07:38.809,okx,ADA/USDT:USDT,0.827,747.4,0.8269,769.1,0.8271,179.0,0.8272,634.9
1753600059209,07:07:39.209,okx,ADA/USDT:USDT,0.827,761.9,0.8269,769.4,0.8271,78.8,0.8272,625.7
1753600059309,07:07:39.309,okx,ADA/USDT:USDT,0.827,761.9,0.8269,769.1,0.8271,79.6,0.8272,625.7
1753600059509,07:07:39.509,okx,ADA/USDT:USDT,0.827,771.4,0.8269,761.6,0.8271,79.5,0.8272,625.7
1753600059609,07:07:39.609,okx,ADA/USDT:USDT,0.827,771.4,0.8269,761.6,0.8271,79.5,0.8272,625.7
1753600059709,07:07:39.709,okx,ADA/USDT:USDT,0.827,771.4,0.8269,761.3,0.8271,101.6,0.8272,625.7
1753600059809,07:07:39.809,okx,ADA/USDT:USDT,0.827,305.0,0.8269,761.3,0.8271,290.2,0.8272,634.8
1753600059909,07:07:39.909,okx,ADA/USDT:USDT,0.827,291.9,0.8269,761.3,0.8271,284.6,0.8272,785.3
1753600060009,07:07:40.009,okx,ADA/USDT:USDT,0.827,291.9,0.8269,761.3,0.8271,284.6,0.8272,785.0
1753600060109,07:07:40.109,okx,ADA/USDT:USDT,0.827,291.9,0.8269,760.6,0.8271,290.7,0.8272,785.3
1753600061009,07:07:41.009,okx,ADA/USDT:USDT,0.827,287.2,0.8269,751.8,0.8271,300.2,0.8272,788.6
1753600061209,07:07:41.209,okx,ADA/USDT:USDT,0.827,287.2,0.8269,751.8,0.8271,299.9,0.8272,788.6
1753600061309,07:07:41.309,okx,ADA/USDT:USDT,0.827,293.5,0.8269,751.8,0.8271,299.5,0.8272,788.6
1753600061409,07:07:41.409,okx,ADA/USDT:USDT,0.827,293.5,0.8269,751.8,0.8271,300.6,0.8272,788.6
1753600061609,07:07:41.609,okx,ADA/USDT:USDT,0.827,293.5,0.8269,771.8,0.8271,286.2,0.8272,788.6
1753600062009,07:07:42.009,okx,ADA/USDT:USDT,0.827,293.5,0.8269,771.8,0.8271,121.5,0.8272,787.9
1753600062209,07:07:42.209,okx,ADA/USDT:USDT,0.827,293.5,0.8269,771.8,0.8271,51.3,0.8272,776.4
1753600062309,07:07:42.309,okx,ADA/USDT:USDT,0.827,291.5,0.8269,771.8,0.8271,51.3,0.8272,776.4
1753600062409,07:07:42.409,okx,ADA/USDT:USDT,0.827,291.5,0.8269,771.8,0.8271,87.6,0.8272,776.4
1753600062609,07:07:42.609,okx,ADA/USDT:USDT,0.827,291.5,0.8269,771.8,0.8271,79.1,0.8272,784.9
1753600062709,07:07:42.709,okx,ADA/USDT:USDT,0.827,291.5,0.8269,771.8,0.8271,79.1,0.8272,784.9
1753600062909,07:07:42.909,okx,ADA/USDT:USDT,0.827,291.5,0.8269,780.3,0.8271,141.3,0.8272,784.9
1753600063109,07:07:43.109,okx,ADA/USDT:USDT,0.827,289.2,0.8269,771.8,0.8271,181.8,0.8272,776.4
1753600063309,07:07:43.309,okx,ADA/USDT:USDT,0.827,296.5,0.8269,771.8,0.8271,182.7,0.8272,776.4
1753600063509,07:07:43.509,okx,ADA/USDT:USDT,0.827,302.0,0.8269,772.1,0.8271,182.7,0.8272,776.4
1753600063609,07:07:43.609,okx,ADA/USDT:USDT,0.827,288.4,0.8269,771.8,0.8271,182.7,0.8272,776.4
1753600063709,07:07:43.709,okx,ADA/USDT:USDT,0.827,302.0,0.8269,772.1,0.8271,182.7,0.8272,776.4
1753600064409,07:07:44.409,okx,ADA/USDT:USDT,0.827,302.0,0.8269,772.1,0.8271,113.9,0.8272,776.4
1753600064509,07:07:44.509,okx,ADA/USDT:USDT,0.827,288.4,0.8269,771.8,0.8271,114.7,0.8272,776.4
1753600064709,07:07:44.709,okx,ADA/USDT:USDT,0.827,302.0,0.8269,772.1,0.8271,114.7,0.8272,776.4
1753600064909,07:07:44.909,okx,ADA/USDT:USDT,0.827,302.0,0.8269,772.1,0.8271,80.8,0.8272,776.4
1753600065209,07:07:45.209,okx,ADA/USDT:USDT,0.827,302.0,0.8269,771.8,0.8271,80.8,0.8272,776.4
1753600065709,07:07:45.709,okx,ADA/USDT:USDT,0.827,400.7,0.8269,771.8,0.8271,110.1,0.8272,776.7
1753600065909,07:07:45.909,okx,ADA/USDT:USDT,0.827,414.3,0.8269,771.8,0.8271,73.8,0.8272,776.4
1753600066009,07:07:46.009,okx,ADA/USDT:USDT,0.827,409.2,0.8269,771.8,0.8271,74.5,0.8272,776.4
1753600066209,07:07:46.209,okx,ADA/USDT:USDT,0.827,409.2,0.8269,771.8,0.8271,74.5,0.8272,776.4
1753600066509,07:07:46.509,okx,ADA/USDT:USDT,0.827,409.1,0.8269,771.8,0.8271,74.5,0.8272,776.4
1753600066709,07:07:46.709,okx,ADA/USDT:USDT,0.827,409.1,0.8269,771.8,0.8271,74.5,0.8272,776.4
1753600067409,07:07:47.409,okx,ADA/USDT:USDT,0.827,397.5,0.8269,746.4,0.8271,114.6,0.8272,776.6
1753600067709,07:07:47.709,okx,ADA/USDT:USDT,0.827,397.5,0.8269,746.4,0.8271,192.8,0.8272,776.6
1753600067809,07:07:47.809,okx,ADA/USDT:USDT,0.827,397.5,0.8269,746.4,0.8271,230.8,0.8272,776.6
1753600068309,07:07:48.309,okx,ADA/USDT:USDT,0.827,399.8,0.8269,746.4,0.8271,182.4,0.8272,776.2
1753600068409,07:07:48.409,okx,ADA/USDT:USDT,0.827,399.8,0.8269,746.4,0.8271,182.4,0.8272,776.2
1753600068509,07:07:48.509,okx,ADA/USDT:USDT,0.827,397.2,0.8269,746.4,0.8271,194.6,0.8272,776.2
1753600068709,07:07:48.709,okx,ADA/USDT:USDT,0.827,400.3,0.8269,746.4,0.8271,163.9,0.8272,775.9
1753600068809,07:07:48.809,okx,ADA/USDT:USDT,0.827,400.3,0.8269,746.4,0.8271,163.8,0.8272,775.9
1753600069109,07:07:49.109,okx,ADA/USDT:USDT,0.827,400.3,0.8269,746.4,0.8271,163.8,0.8272,776.2
1753600069609,07:07:49.609,okx,ADA/USDT:USDT,0.827,406.7,0.8269,746.4,0.8271,176.0,0.8272,776.2
1753600069809,07:07:49.809,okx,ADA/USDT:USDT,0.827,379.5,0.8269,746.4,0.8271,234.7,0.8272,779.8
1753600069909,07:07:49.909,okx,ADA/USDT:USDT,0.827,379.5,0.8269,746.4,0.8271,234.7,0.8272,779.4
1753600070009,07:07:50.009,okx,ADA/USDT:USDT,0.827,379.5,0.8269,746.5,0.8271,234.7,0.8272,779.4
1753600070309,07:07:50.309,okx,ADA/USDT:USDT,0.827,399.0,0.8269,726.5,0.8271,233.9,0.8272,776.6
1753600070509,07:07:50.509,okx,ADA/USDT:USDT,0.827,380.4,0.8269,726.5,0.8271,233.1,0.8272,776.2
1753600070709,07:07:50.709,okx,ADA/USDT:USDT,0.827,400.6,0.8269,746.5,0.8271,68.8,0.8272,325.2
1753600070809,07:07:50.809,okx,ADA/USDT:USDT,0.827,400.6,0.8269,746.5,0.8271,68.8,0.8272,325.2
1753600070909,07:07:50.909,okx,ADA/USDT:USDT,0.827,400.6,0.8269,746.5,0.8271,76.3,0.8272,368.8
1753600071009,07:07:51.009,okx,ADA/USDT:USDT,0.827,400.6,0.8269,746.5,0.8271,76.3,0.8272,417.3
1753600071209,07:07:51.209,okx,ADA/USDT:USDT,0.827,400.6,0.8269,746.5,0.8271,76.3,0.8272,417.3
1753600071309,07:07:51.309,okx,ADA/USDT:USDT,0.827,412.5,0.8269,783.1,0.8271,68.8,0.8272,417.3
1753600071509,07:07:51.509,okx,ADA/USDT:USDT,0.827,400.4,0.8269,783.1,0.8271,69.6,0.8272,417.3
1753600071609,07:07:51.609,okx,ADA/USDT:USDT,0.827,400.4,0.8269,783.1,0.8271,68.8,0.8272,417.3
1753600071709,07:07:51.709,okx,ADA/USDT:USDT,0.827,400.4,0.8269,783.1,0.8271,68.8,0.8272,417.3
1753600071809,07:07:51.809,okx,ADA/USDT:USDT,0.827,399.6,0.8269,783.1,0.8271,76.3,0.8272,417.3
1753600071909,07:07:51.909,okx,ADA/USDT:USDT,0.827,399.6,0.8269,783.1,0.8271,68.8,0.8272,542.6
1753600072009,07:07:52.009,okx,ADA/USDT:USDT,0.827,413.2,0.8269,783.1,0.8271,68.8,0.8272,542.6
1753600072309,07:07:52.309,okx,ADA/USDT:USDT,0.827,414.4,0.8269,783.9,0.8271,8.2,0.8272,160.5
1753600072809,07:07:52.809,okx,ADA/USDT:USDT,0.827,401.6,0.8269,790.5,0.8271,14.0,0.8272,209.0
1753600072909,07:07:52.909,okx,ADA/USDT:USDT,0.827,413.5,0.8269,790.5,0.8271,14.0,0.8272,209.0
1753600073009,07:07:53.009,okx,ADA/USDT:USDT,0.827,413.5,0.8269,790.8,0.8271,14.0,0.8272,209.0
1753600073309,07:07:53.309,okx,ADA/USDT:USDT,0.827,436.2,0.8269,798.9,0.8271,11.0,0.8272,122.0
1753600073509,07:07:53.509,okx,ADA/USDT:USDT,0.827,428.8,0.8269,799.0,0.8271,17.0,0.8272,122.0
1753600073709,07:07:53.709,okx,ADA/USDT:USDT,0.827,423.4,0.8269,798.6,0.8271,13.9,0.8272,129.4
1753600073909,07:07:53.909,okx,ADA/USDT:USDT,0.827,435.2,0.8269,798.9,0.8271,10.1,0.8272,122.0
1753600074009,07:07:54.009,okx,ADA/USDT:USDT,0.827,423.4,0.8269,798.6,0.8271,51.0,0.8272,202.7
1753600074109,07:07:54.109,okx,ADA/USDT:USDT,0.827,429.6,0.8269,799.0,0.8271,51.0,0.8272,202.7
1753600074309,07:07:54.309,okx,ADA/USDT:USDT,0.827,434.0,0.8269,799.3,0.8271,51.0,0.8272,202.7
1753600074709,07:07:54.709,okx,ADA/USDT:USDT,0.827,436.3,0.8269,799.0,0.8271,11.0,0.8272,154.2
1753600074909,07:07:54.909,okx,ADA/USDT:USDT,0.827,436.3,0.8269,799.0,0.8271,10.2,0.8272,154.2
1753600075009,07:07:55.009,okx,ADA/USDT:USDT,0.827,428.1,0.8269,799.0,0.8271,10.2,0.8272,154.2
1753600075109,07:07:55.109,okx,ADA/USDT:USDT,0.827,428.1,0.8269,799.0,0.8271,10.2,0.8272,154.2
1753600075309,07:07:55.309,okx,ADA/USDT:USDT,0.827,435.5,0.8269,799.0,0.8271,11.1,0.8272,154.2
1753600075609,07:07:55.609,okx,ADA/USDT:USDT,0.8271,760.6,0.827,828.0,0.8272,66.3,0.8273,303.7
1753600075709,07:07:55.709,okx,ADA/USDT:USDT,0.8271,732.5,0.827,820.3,0.8272,66.3,0.8273,511.1
1753600075909,07:07:55.909,okx,ADA/USDT:USDT,0.8271,732.5,0.827,828.9,0.8272,72.4,0.8273,511.5
1753600076009,07:07:56.009,okx,ADA/USDT:USDT,0.8271,732.5,0.827,828.9,0.8272,72.4,0.8273,511.5
1753600076109,07:07:56.109,okx,ADA/USDT:USDT,0.8271,732.5,0.827,828.9,0.8272,192.4,0.8273,511.5
1753600076209,07:07:56.209,okx,ADA/USDT:USDT,0.8271,601.1,0.827,824.5,0.8272,210.8,0.8273,511.5
1753600076309,07:07:56.309,okx,ADA/USDT:USDT,0.8271,719.7,0.827,708.0,0.8272,210.8,0.8273,511.5
1753600076409,07:07:56.409,okx,ADA/USDT:USDT,0.8271,719.3,0.827,699.4,0.8272,99.4,0.8273,511.5
1753600076509,07:07:56.509,okx,ADA/USDT:USDT,0.8271,732.8,0.827,688.7,0.8272,90.8,0.8273,511.5
1753600076609,07:07:56.609,okx,ADA/USDT:USDT,0.8271,729.7,0.827,687.1,0.8272,231.1,0.8273,511.8
1753600077009,07:07:57.009,okx,ADA/USDT:USDT,0.8271,133.9,0.827,301.7,0.8272,269.2,0.8273,783.7
1753600077309,07:07:57.309,okx,ADA/USDT:USDT,0.8271,133.3,0.827,301.6,0.8272,450.4,0.8273,783.7
1753600077409,07:07:57.409,okx,ADA/USDT:USDT,0.8271,139.8,0.827,295.2,0.8272,450.4,0.8273,783.7
1753600077609,07:07:57.609,okx,ADA/USDT:USDT,0.8271,139.8,0.827,554.6,0.8272,450.4,0.8273,783.8
1753600077909,07:07:57.909,okx,ADA/USDT:USDT,0.8271,139.8,0.827,657.7,0.8272,384.8,0.8273,704.0
1753600078009,07:07:58.009,okx,ADA/USDT:USDT,0.8271,139.8,0.827,657.7,0.8272,384.8,0.8273,704.0
1753600078209,07:07:58.209,okx,ADA/USDT:USDT,0.8271,139.8,0.827,657.8,0.8272,451.2,0.8273,804.1
1753600078709,07:07:58.709,okx,ADA/USDT:USDT,0.8271,151.8,0.827,657.8,0.8272,390.4,0.8273,804.5
1753600079009,07:07:59.009,okx,ADA/USDT:USDT,0.8271,154.9,0.827,657.8,0.8272,321.3,0.8273,804.5
1753600079409,07:07:59.409,okx,ADA/USDT:USDT,0.8271,278.6,0.827,657.8,0.8272,257.1,0.8273,695.5
1753600079809,07:07:59.809,okx,ADA/USDT:USDT,0.8271,278.6,0.827,657.8,0.8272,265.7,0.8273,695.5
1753600080309,07:08:00.309,okx,ADA/USDT:USDT,0.8271,278.6,0.827,657.8,0.8272,270.1,0.8273,705.1
1753600080409,07:08:00.409,okx,ADA/USDT:USDT,0.8271,278.6,0.827,657.8,0.8272,256.3,0.8273,704.8
1753600080509,07:08:00.509,okx,ADA/USDT:USDT,0.8271,278.6,0.827,657.8,0.8272,261.5,0.8273,704.8
1753600080609,07:08:00.609,okx,ADA/USDT:USDT,0.8271,285.0,0.827,657.8,0.8272,270.1,0.8273,705.1
1753600080809,07:08:00.809,okx,ADA/USDT:USDT,0.8271,285.0,0.827,657.8,0.8272,256.9,0.8273,705.6
1753600080909,07:08:00.909,okx,ADA/USDT:USDT,0.8271,285.0,0.827,657.8,0.8272,265.7,0.8273,705.9
1753600081309,07:08:01.309,okx,ADA/USDT:USDT,0.8271,285.0,0.827,657.8,0.8272,272.1,0.8273,705.9
1753600081409,07:08:01.409,okx,ADA/USDT:USDT,0.8271,285.0,0.827,657.8,0.8272,271.8,0.8273,705.9
1753600081709,07:08:01.709,okx,ADA/USDT:USDT,0.8271,160.4,0.827,657.8,0.8272,273.7,0.8273,705.5
1753600081909,07:08:01.909,okx,ADA/USDT:USDT,0.8271,160.6,0.827,221.3,0.8272,340.2,0.8273,800.9
1753600082309,07:08:02.309,okx,ADA/USDT:USDT,0.8269,0.1,0.8268,250.6,0.827,538.2,0.8271,1013.1
1753600082509,07:08:02.509,okx,ADA/USDT:USDT,0.8269,0.1,0.8268,283.6,0.827,565.0,0.8271,1013.2
1753600083009,07:08:03.009,okx,ADA/USDT:USDT,0.8268,0.1,0.8267,169.2,0.8269,746.7,0.827,958.9
1753600083209,07:08:03.209,okx,ADA/USDT:USDT,0.8268,0.1,0.8267,85.8,0.8269,746.7,0.827,958.9
1753600083309,07:08:03.309,okx,ADA/USDT:USDT,0.8268,0.1,0.8267,259.5,0.8269,746.7,0.827,958.9
1753600083609,07:08:03.609,okx,ADA/USDT:USDT,0.8268,0.1,0.8267,259.5,0.8269,746.7,0.827,958.9
1753600083809,07:08:03.809,okx,ADA/USDT:USDT,0.8268,0.1,0.8267,259.5,0.8269,741.0,0.827,958.9
1753600083909,07:08:03.909,okx,ADA/USDT:USDT,0.8268,80.8,0.8267,259.5,0.8269,723.4,0.827,958.9
1753600084009,07:08:04.009,okx,ADA/USDT:USDT,0.8268,124.2,0.8267,277.6,0.8269,554.0,0.827,816.6
1753600084109,07:08:04.109,okx,ADA/USDT:USDT,0.8268,272.3,0.8267,278.1,0.8269,283.2,0.827,816.6
1753600084209,07:08:04.209,okx,ADA/USDT:USDT,0.8268,261.0,0.8267,278.1,0.8269,283.6,0.827,816.6
1753600084409,07:08:04.409,okx,ADA/USDT:USDT,0.8268,143.9,0.8267,259.7,0.8269,321.6,0.827,834.7
1753600084809,07:08:04.809,okx,ADA/USDT:USDT,0.8268,143.9,0.8267,259.7,0.8269,303.5,0.827,827.9
1753600084909,07:08:04.909,okx,ADA/USDT:USDT,0.8268,143.9,0.8267,259.7,0.8269,321.6,0.827,828.2
1753600085509,07:08:05.509,okx,ADA/USDT:USDT,0.8268,144.6,0.8267,259.7,0.8269,325.7,0.827,828.2
1753600085609,07:08:05.609,okx,ADA/USDT:USDT,0.8268,144.6,0.8267,259.7,0.8269,325.7,0.827,827.8
1753600085909,07:08:05.909,okx,ADA/USDT:USDT,0.8268,145.3,0.8267,279.7,0.8269,305.7,0.827,828.2
1753600086009,07:08:06.009,okx,ADA/USDT:USDT,0.8268,347.8,0.8267,303.3,0.8269,64.5,0.827,814.8
1753600086109,07:08:06.109,okx,ADA/USDT:USDT,0.8268,209.5,0.8267,291.7,0.8269,115.3,0.827,826.1
1753600086509,07:08:06.509,okx,ADA/USDT:USDT,0.8268,8.5,0.8267,259.7,0.8269,235.9,0.827,828.8
1753600086609,07:08:06.609,okx,ADA/USDT:USDT,0.8268,59.0,0.8267,259.7,0.8269,237.8,0.827,833.6
1753600087309,07:08:07.309,okx,ADA/USDT:USDT,0.8268,294.4,0.8267,302.2,0.8269,46.6,0.827,648.4
1753600087709,07:08:07.709,okx,ADA/USDT:USDT,0.8268,276.4,0.8267,329.1,0.8269,39.0,0.827,539.0
1753600087809,07:08:07.809,okx,ADA/USDT:USDT,0.8268,275.7,0.8267,329.1,0.8269,39.0,0.827,539.0
1753600088309,07:08:08.309,okx,ADA/USDT:USDT,0.827,823.6,0.8269,710.0,0.8271,223.7,0.8272,934.5
1753600088809,07:08:08.809,okx,ADA/USDT:USDT,0.827,808.5,0.8269,711.8,0.8271,12.2,0.8272,658.4
1753600088909,07:08:08.909,okx,ADA/USDT:USDT,0.827,808.5,0.8269,711.8,0.8271,12.2,0.8272,658.4
1753600089209,07:08:09.209,okx,ADA/USDT:USDT,0.827,808.8,0.8269,713.1,0.8271,12.1,0.8272,653.2
1753600089509,07:08:09.509,okx,ADA/USDT:USDT,0.827,828.7,0.8269,713.1,0.8271,12.1,0.8272,524.6
1753600089609,07:08:09.609,okx,ADA/USDT:USDT,0.827,820.2,0.8269,713.1,0.8271,12.1,0.8272,652.6
1753600089709,07:08:09.709,okx,ADA/USDT:USDT,0.827,820.2,0.8269,712.8,0.8271,12.1,0.8272,652.6
1753600089809,07:08:09.809,okx,ADA/USDT:USDT,0.827,826.7,0.8269,712.8,0.8271,12.1,0.8272,652.6
1753600090009,07:08:10.009,okx,ADA/USDT:USDT,0.827,812.3,0.8269,716.1,0.8271,54.5,0.8272,657.5
1753600090509,07:08:10.509,okx,ADA/USDT:USDT,0.8271,677.2,0.827,913.1,0.8272,314.4,0.8273,1149.0
1753600090609,07:08:10.609,okx,ADA/USDT:USDT,0.8271,649.5,0.827,912.8,0.8272,320.5,0.8273,1157.3
1753600090709,07:08:10.709,okx,ADA/USDT:USDT,0.8271,649.5,0.827,913.1,0.8272,320.5,0.8273,1149.0
1753600090809,07:08:10.809,okx,ADA/USDT:USDT,0.8271,649.5,0.827,913.1,0.8272,320.4,0.8273,995.4
1753600090909,07:08:10.909,okx,ADA/USDT:USDT,0.8271,662.8,0.827,920.2,0.8272,197.8,0.8273,785.7
1753600091109,07:08:11.109,okx,ADA/USDT:USDT,0.8271,664.4,0.827,920.2,0.8272,190.9,0.8273,769.8
1753600091909,07:08:11.909,okx,ADA/USDT:USDT,0.8271,223.5,0.827,819.0,0.8272,375.8,0.8273,690.8
1753600092109,07:08:12.109,okx,ADA/USDT:USDT,0.8271,223.5,0.827,810.9,0.8272,284.4,0.8273,651.3
1753600092209,07:08:12.209,okx,ADA/USDT:USDT,0.8271,27.1,0.827,260.2,0.8272,367.3,0.8273,690.3
1753600092309,07:08:12.309,okx,ADA/USDT:USDT,0.8271,27.1,0.827,91.0,0.8272,369.2,0.8273,788.5
1753600092409,07:08:12.409,okx,ADA/USDT:USDT,0.8271,27.1,0.827,91.0,0.8272,369.6,0.8273,788.5
1753600092509,07:08:12.509,okx,ADA/USDT:USDT,0.8271,27.1,0.827,8.3,0.8272,369.6,0.8273,788.5
1753600092709,07:08:12.709,okx,ADA/USDT:USDT,0.827,1.0,0.8269,246.2,0.8271,627.9,0.8272,792.2
1753600092909,07:08:12.909,okx,ADA/USDT:USDT,0.827,0.9,0.8269,356.2,0.8271,628.0,0.8272,792.2
1753600093009,07:08:13.009,okx,ADA/USDT:USDT,0.827,0.9,0.8269,356.2,0.8271,628.0,0.8272,792.2
1753600094109,07:08:14.109,okx,ADA/USDT:USDT,0.827,216.8,0.8269,634.2,0.8271,595.4,0.8272,668.6
1753600094209,07:08:14.209,okx,ADA/USDT:USDT,0.827,219.3,0.8269,634.2,0.8271,595.4,0.8272,668.6
1753600094909,07:08:14.909,okx,ADA/USDT:USDT,0.827,138.6,0.8269,247.9,0.8271,614.1,0.8272,678.8
1753600095209,07:08:15.209,okx,ADA/USDT:USDT,0.827,10.2,0.8269,238.0,0.8271,625.6,0.8272,678.9
1753600095309,07:08:15.309,okx,ADA/USDT:USDT,0.827,3.3,0.8269,238.0,0.8271,625.6,0.8272,678.9
1753600095409,07:08:15.409,okx,ADA/USDT:USDT,0.827,4.3,0.8269,247.9,0.8271,615.7,0.8272,678.9
1753600095509,07:08:15.509,okx,ADA/USDT:USDT,0.827,4.3,0.8269,247.9,0.8271,610.4,0.8272,669.0
1753600095809,07:08:15.809,okx,ADA/USDT:USDT,0.827,4.3,0.8269,332.9,0.8271,610.4,0.8272,669.0
1753600096009,07:08:16.009,okx,ADA/USDT:USDT,0.827,4.3,0.8269,238.0,0.8271,626.3,0.8272,678.9
1753600096109,07:08:16.109,okx,ADA/USDT:USDT,0.827,4.3,0.8269,238.0,0.8271,626.3,0.8272,678.9
1753600096209,07:08:16.209,okx,ADA/USDT:USDT,0.827,16.0,0.8269,218.0,0.8271,616.4,0.8272,678.9
1753600096409,07:08:16.409,okx,ADA/USDT:USDT,0.827,16.0,0.8269,218.0,0.8271,626.9,0.8272,678.9
1753600096609,07:08:16.609,okx,ADA/USDT:USDT,0.827,16.0,0.8269,218.0,0.8271,627.2,0.8272,678.9
1753600096709,07:08:16.709,okx,ADA/USDT:USDT,0.827,16.0,0.8269,218.0,0.8271,627.2,0.8272,678.9
1753600096809,07:08:16.809,okx,ADA/USDT:USDT,0.827,16.0,0.8269,218.0,0.8271,627.2,0.8272,678.9
1753600097009,07:08:17.009,okx,ADA/USDT:USDT,0.827,16.1,0.8269,218.0,0.8271,627.2,0.8272,678.9
1753600097509,07:08:17.509,okx,ADA/USDT:USDT,0.8268,224.1,0.8267,580.1,0.8269,184.7,0.827,694.0
1753600097709,07:08:17.709,okx,ADA/USDT:USDT,0.8268,229.3,0.8267,592.1,0.8269,183.9,0.827,683.6
1753600097909,07:08:17.909,okx,ADA/USDT:USDT,0.8268,349.2,0.8267,592.0,0.8269,183.9,0.827,687.6
1753600098009,07:08:18.009,okx,ADA/USDT:USDT,0.8268,349.2,0.8267,592.1,0.8269,183.9,0.827,687.6
1753600098209,07:08:18.209,okx,ADA/USDT:USDT,0.8268,349.2,0.8267,592.0,0.8269,183.9,0.827,687.7
1753600098409,07:08:18.409,okx,ADA/USDT:USDT,0.8268,349.2,0.8267,595.7,0.8269,183.9,0.827,687.7
1753600098509,07:08:18.509,okx,ADA/USDT:USDT,0.8268,349.3,0.8267,596.9,0.8269,45.1,0.827,649.7
1753600098609,07:08:18.609,okx,ADA/USDT:USDT,0.8268,425.5,0.8267,600.0,0.8269,2.6,0.827,86.5
1753600098709,07:08:18.709,okx,ADA/USDT:USDT,0.8269,532.4,0.8268,902.9,0.827,46.4,0.8271,507.2
1753600098909,07:08:18.909,okx,ADA/USDT:USDT,0.8269,555.2,0.8268,856.2,0.827,46.1,0.8271,557.8
1753600099009,07:08:19.009,okx,ADA/USDT:USDT,0.8269,555.2,0.8268,856.2,0.827,52.2,0.8271,557.8
1753600099309,07:08:19.309,okx,ADA/USDT:USDT,0.8269,555.2,0.8268,856.2,0.827,52.2,0.8271,557.8
1753600099409,07:08:19.409,okx,ADA/USDT:USDT,0.8269,610.5,0.8268,799.3,0.827,45.5,0.8271,557.8
1753600099609,07:08:19.609,okx,ADA/USDT:USDT,0.8269,594.2,0.8268,799.0,0.827,46.2,0.8271,557.8
1753600099709,07:08:19.709,okx,ADA/USDT:USDT,0.8269,604.3,0.8268,799.0,0.827,46.2,0.8271,557.8
1753600099809,07:08:19.809,okx,ADA/USDT:USDT,0.8269,610.4,0.8268,799.3,0.827,43.5,0.8271,557.8
1753600099909,07:08:19.909,okx,ADA/USDT:USDT,0.8269,610.4,0.8268,799.3,0.827,43.5,0.8271,557.8
1753600100309,07:08:20.309,okx,ADA/USDT:USDT,0.8269,592.8,0.8268,799.0,0.827,48.1,0.8271,574.3
1753600100409,07:08:20.409,okx,ADA/USDT:USDT,0.8269,592.8,0.8268,799.0,0.827,48.1,0.8271,574.0
1753600100509,07:08:20.509,okx,ADA/USDT:USDT,0.8269,592.8,0.8268,799.0,0.827,48.1,0.8271,562.0
1753600100909,07:08:20.909,okx,ADA/USDT:USDT,0.8269,592.8,0.8268,799.0,0.827,60.2,0.8271,562.0
1753600101109,07:08:21.109,okx,ADA/USDT:USDT,0.8269,592.8,0.8268,799.0,0.827,60.2,0.8271,562.0
1753600101309,07:08:21.309,okx,ADA/USDT:USDT,0.8269,592.8,0.8268,799.0,0.827,60.2,0.8271,562.0
1753600101409,07:08:21.409,okx,ADA/USDT:USDT,0.8269,592.9,0.8268,799.0,0.827,60.0,0.8271,552.3
1753600101709,07:08:21.709,okx,ADA/USDT:USDT,0.8269,592.9,0.8268,792.8,0.827,60.7,0.8271,562.4
1753600101909,07:08:21.909,okx,ADA/USDT:USDT,0.8269,592.9,0.8268,782.4,0.827,60.8,0.8271,562.4
1753600102509,07:08:22.509,okx,ADA/USDT:USDT,0.8269,54.8,0.8268,267.0,0.827,425.5,0.8271,757.1
1753600102709,07:08:22.709,okx,ADA/USDT:USDT,0.8269,54.8,0.8268,261.8,0.827,425.5,0.8271,757.1
1753600103209,07:08:23.209,okx,ADA/USDT:USDT,0.8269,54.8,0.8268,261.8,0.827,428.3,0.8271,757.1
1753600103509,07:08:23.509,okx,ADA/USDT:USDT,0.8269,52.8,0.8268,260.6,0.827,419.0,0.8271,757.1
1753600103909,07:08:23.909,okx,ADA/USDT:USDT,0.8269,52.8,0.8268,404.1,0.827,428.7,0.8271,757.5
1753600104109,07:08:24.109,okx,ADA/USDT:USDT,0.8269,52.8,0.8268,404.1,0.827,428.7,0.8271,757.2
1753600104209,07:08:24.209,okx,ADA/USDT:USDT,0.8269,52.8,0.8268,404.1,0.827,428.7,0.8271,757.6
1753600104409,07:08:24.409,okx,ADA/USDT:USDT,0.8269,52.8,0.8268,265.6,0.827,429.2,0.8271,757.2
1753600104509,07:08:24.509,okx,ADA/USDT:USDT,0.8269,52.8,0.8268,265.6,0.827,429.9,0.8271,757.2
1753600104709,07:08:24.709,okx,ADA/USDT:USDT,0.8269,52.8,0.8268,265.6,0.827,429.9,0.8271,756.5
1753600104809,07:08:24.809,okx,ADA/USDT:USDT,0.8269,52.8,0.8268,265.6,0.827,359.4,0.8271,756.4
1753600105009,07:08:25.009,okx,ADA/USDT:USDT,0.8269,52.3,0.8268,265.6,0.827,369.0,0.8271,756.4
1753600105109,07:08:25.109,okx,ADA/USDT:USDT,0.8269,52.3,0.8268,265.6,0.827,368.8,0.8271,756.8
1753600105309,07:08:25.309,okx,ADA/USDT:USDT,0.8269,52.3,0.8268,265.6,0.827,461.7,0.8271,756.8
1753600105509,07:08:25.509,okx,ADA/USDT:USDT,0.8269,54.0,0.8268,265.6,0.827,465.0,0.8271,756.4
1753600105909,07:08:25.909,okx,ADA/USDT:USDT,0.8269,293.8,0.8268,662.9,0.827,88.3,0.8271,581.1
1753600106109,07:08:26.109,okx,ADA/USDT:USDT,0.8269,231.1,0.8268,662.9,0.827,65.9,0.8271,337.4
1753600106209,07:08:26.209,okx,ADA/USDT:USDT,0.8269,231.1,0.8268,662.9,0.827,65.9,0.8271,544.4
1753600106309,07:08:26.309,okx,ADA/USDT:USDT,0.8269,231.1,0.8268,662.9,0.827,66.7,0.8271,544.4
1753600106509,07:08:26.509,okx,ADA/USDT:USDT,0.8269,231.1,0.8268,662.9,0.827,94.3,0.8271,544.2
1753600106609,07:08:26.609,okx,ADA/USDT:USDT,0.8269,231.1,0.8268,662.9,0.827,94.3,0.8271,544.2
1753600106909,07:08:26.909,okx,ADA/USDT:USDT,0.8269,350.3,0.8268,662.9,0.827,94.3,0.8271,544.2
1753600107009,07:08:27.009,okx,ADA/USDT:USDT,0.8269,351.9,0.8268,662.9,0.827,26.6,0.8271,293.2
1753600107109,07:08:27.109,okx,ADA/USDT:USDT,0.8269,351.9,0.8268,662.9,0.827,30.4,0.8271,336.8
1753600107309,07:08:27.309,okx,ADA/USDT:USDT,0.8269,351.9,0.8268,662.9,0.827,26.6,0.8271,543.7
1753600107409,07:08:27.409,okx,ADA/USDT:USDT,0.8269,351.9,0.8268,668.7,0.827,27.0,0.8271,543.7
1753600107909,07:08:27.909,okx,ADA/USDT:USDT,0.827,537.5,0.8269,882.7,0.8271,23.1,0.8272,181.1
1753600108109,07:08:28.109,okx,ADA/USDT:USDT,0.827,526.2,0.8269,879.5,0.8271,29.2,0.8272,338.8
1753600108609,07:08:28.609,okx,ADA/USDT:USDT,0.827,499.7,0.8269,879.6,0.8271,93.8,0.8272,507.6
1753600108709,07:08:28.709,okx,ADA/USDT:USDT,0.827,499.7,0.8269,879.6,0.8271,93.8,0.8272,507.6
1753600108809,07:08:28.809,okx,ADA/USDT:USDT,0.827,489.9,0.8269,879.3,0.8271,93.8,0.8272,507.6
1753600108909,07:08:28.909,okx,ADA/USDT:USDT,0.827,499.7,0.8269,879.3,0.8271,93.8,0.8272,507.2
1753600109009,07:08:29.009,okx,ADA/USDT:USDT,0.827,499.7,0.8269,879.6,0.8271,93.8,0.8272,507.2
1753600109109,07:08:29.109,okx,ADA/USDT:USDT,0.827,484.0,0.8269,879.3,0.8271,93.8,0.8272,507.2
1753600109309,07:08:29.309,okx,ADA/USDT:USDT,0.827,376.9,0.8269,879.3,0.8271,93.8,0.8272,517.0
1753600109409,07:08:29.409,okx,ADA/USDT:USDT,0.827,383.8,0.8269,879.3,0.8271,93.8,0.8272,507.2
1753600109509,07:08:29.509,okx,ADA/USDT:USDT,0.827,383.8,0.8269,879.3,0.8271,94.5,0.8272,507.2
1753600109609,07:08:29.609,okx,ADA/USDT:USDT,0.827,376.9,0.8269,873.5,0.8271,117.3,0.8272,517.0
1753600109709,07:08:29.709,okx,ADA/USDT:USDT,0.827,355.7,0.8269,863.7,0.8271,324.8,0.8272,682.2
1753600110009,07:08:30.009,okx,ADA/USDT:USDT,0.827,342.6,0.8269,873.5,0.8271,157.3,0.8272,681.5
1753600110109,07:08:30.109,okx,ADA/USDT:USDT,0.827,342.6,0.8269,873.5,0.8271,157.3,0.8272,681.9
1753600110209,07:08:30.209,okx,ADA/USDT:USDT,0.827,392.8,0.8269,821.0,0.8271,157.3,0.8272,681.5
1753600110309,07:08:30.309,okx,ADA/USDT:USDT,0.827,392.8,0.8269,820.9,0.8271,157.8,0.8272,681.5
1753600110509,07:08:30.509,okx,ADA/USDT:USDT,0.827,365.4,0.8269,811.1,0.8271,309.4,0.8272,682.2
1753600110609,07:08:30.609,okx,ADA/USDT:USDT,0.827,172.6,0.8269,811.1,0.8271,310.6,0.8272,681.8
1753600110709,07:08:30.709,okx,ADA/USDT:USDT,0.827,53.2,0.8269,275.0,0.8271,471.1,0.8272,682.2
1753600111009,07:08:31.009,okx,ADA/USDT:USDT,0.827,53.2,0.8269,634.7,0.8271,471.1,0.8272,681.9
1753600111109,07:08:31.109,okx,ADA/USDT:USDT,0.827,53.2,0.8269,588.1,0.8271,471.1,0.8272,681.9
1753600111509,07:08:31.509,okx,ADA/USDT:USDT,0.8268,195.2,0.8267,567.4,0.8269,87.5,0.827,740.2
1753600111909,07:08:31.909,okx,ADA/USDT:USDT,0.8268,283.5,0.8267,567.4,0.8269,146.7,0.827,514.1
1753600112109,07:08:32.109,okx,ADA/USDT:USDT,0.8268,202.7,0.8267,567.3,0.8269,279.7,0.827,646.6
1753600112209,07:08:32.209,okx,ADA/USDT:USDT,0.8268,202.7,0.8267,579.3,0.8269,279.4,0.827,646.3
1753600112809,07:08:32.809,okx,ADA/USDT:USDT,0.8268,317.7,0.8267,591.0,0.8269,280.1,0.827,641.4
1753600113309,07:08:33.309,okx,ADA/USDT:USDT,0.8268,183.3,0.8267,591.0,0.8269,167.6,0.827,641.4
1753600113409,07:08:33.409,okx,ADA/USDT:USDT,0.8268,158.7,0.8267,579.4,0.8269,187.6,0.827,641.4
1753600113509,07:08:33.509,okx,ADA/USDT:USDT,0.8268,158.7,0.8267,591.0,0.8269,188.3,0.827,641.4
1753600113709,07:08:33.709,okx,ADA/USDT:USDT,0.8268,178.2,0.8267,579.4,0.8269,271.8,0.827,641.7
1753600113809,07:08:33.809,okx,ADA/USDT:USDT,0.8268,178.2,0.8267,591.0,0.8269,253.3,0.827,641.4
1753600114109,07:08:34.109,okx,ADA/USDT:USDT,0.8268,237.2,0.8267,591.0,0.8269,188.3,0.827,642.3
1753600114209,07:08:34.209,okx,ADA/USDT:USDT,0.8268,237.8,0.8267,591.0,0.8269,188.3,0.827,642.3
1753600114609,07:08:34.609,okx,ADA/USDT:USDT,0.8268,184.3,0.8267,579.4,0.8269,189.0,0.827,642.3
1753600114809,07:08:34.809,okx,ADA/USDT:USDT,0.8268,61.3,0.8267,206.4,0.8269,380.1,0.827,803.5
1753600115009,07:08:35.009,okx,ADA/USDT:USDT,0.8268,2.9,0.8267,254.6,0.8269,388.6,0.827,812.9
1753600115109,07:08:35.109,okx,ADA/USDT:USDT,0.8268,2.7,0.8267,254.6,0.8269,394.7,0.827,816.0
1753600115209,07:08:35.209,okx,ADA/USDT:USDT,0.8268,2.9,0.8267,254.6,0.8269,394.7,0.827,816.4
1753600115409,07:08:35.409,okx,ADA/USDT:USDT,0.8268,3.5,0.8267,254.6,0.8269,394.8,0.827,816.4
1753600115909,07:08:35.909,okx,ADA/USDT:USDT,0.8268,3.5,0.8267,254.6,0.8269,515.9,0.827,816.0
1753600116009,07:08:36.009,okx,ADA/USDT:USDT,0.8268,3.5,0.8267,254.6,0.8269,515.5,0.827,816.4
1753600116309,07:08:36.309,okx,ADA/USDT:USDT,0.8268,158.4,0.8267,293.4,0.8269,300.8,0.827,799.5
1753600116409,07:08:36.409,okx,ADA/USDT:USDT,0.8268,236.1,0.8267,293.4,0.8269,233.7,0.827,793.8
1753600116609,07:08:36.609,okx,ADA/USDT:USDT,0.8268,266.8,0.8267,293.4,0.8269,233.7,0.827,790.7
1753600116709,07:08:36.709,okx,ADA/USDT:USDT,0.8268,146.8,0.8267,281.5,0.8269,233.7,0.827,802.3
1753600116809,07:08:36.809,okx,ADA/USDT:USDT,0.8268,146.8,0.8267,274.6,0.8269,233.8,0.827,802.3
1753600116909,07:08:36.909,okx,ADA/USDT:USDT,0.8268,146.8,0.8267,286.2,0.8269,233.8,0.827,790.7
1753600117009,07:08:37.009,okx,ADA/USDT:USDT,0.8268,146.8,0.8267,274.6,0.8269,240.7,0.827,802.3
1753600117209,07:08:37.209,okx,ADA/USDT:USDT,0.8268,146.8,0.8267,286.2,0.8269,233.7,0.827,790.7
1753600117509,07:08:37.509,okx,ADA/USDT:USDT,0.8268,174.6,0.8267,286.2,0.8269,234.4,0.827,802.3
1753600117609,07:08:37.609,okx,ADA/USDT:USDT,0.8268,244.6,0.8267,286.5,0.8269,234.4,0.827,802.3
1753600117709,07:08:37.709,okx,ADA/USDT:USDT,0.8268,174.6,0.8267,286.2,0.8269,234.4,0.827,802.3
1753600117909,07:08:37.909,okx,ADA/USDT:USDT,0.8268,174.6,0.8267,286.2,0.8269,234.4,0.827,790.7
1753600118209,07:08:38.209,okx,ADA/USDT:USDT,0.8268,180.4,0.8267,286.2,0.8269,234.4,0.827,682.3
1753600118309,07:08:38.309,okx,ADA/USDT:USDT,0.8268,180.4,0.8267,286.2,0.8269,234.4,0.827,670.7
1753600118409,07:08:38.409,okx,ADA/USDT:USDT,0.8268,180.4,0.8267,286.2,0.8269,234.4,0.827,670.7
1753600118509,07:08:38.509,okx,ADA/USDT:USDT,0.8268,180.4,0.8267,286.2,0.8269,234.4,0.827,682.3
1753600118909,07:08:38.909,okx,ADA/USDT:USDT,0.8268,180.0,0.8267,274.6,0.8269,253.6,0.827,682.7
1753600119309,07:08:39.309,okx,ADA/USDT:USDT,0.8268,180.0,0.8267,274.6,0.8269,241.9,0.827,682.7
1753600119409,07:08:39.409,okx,ADA/USDT:USDT,0.8268,183.1,0.8267,274.6,0.8269,241.9,0.827,682.7
1753600119709,07:08:39.709,okx,ADA/USDT:USDT,0.8268,183.2,0.8267,274.6,0.8269,242.6,0.827,682.7
1753600120709,07:08:40.709,okx,ADA/USDT:USDT,0.8268,357.1,0.8267,315.5,0.8269,12.8,0.827,418.3
1753600120909,07:08:40.909,okx,ADA/USDT:USDT,0.8269,610.7,0.8268,780.1,0.827,132.2,0.8271,724.2
1753600121509,07:08:41.509,okx,ADA/USDT:USDT,0.8269,325.4,0.8268,749.1,0.827,232.6,0.8271,724.2
1753600121709,07:08:41.709,okx,ADA/USDT:USDT,0.8269,325.4,0.8268,745.5,0.827,235.3,0.8271,723.5
1753600121809,07:08:41.809,okx,ADA/USDT:USDT,0.8269,325.4,0.8268,745.5,0.827,235.3,0.8271,723.5
1753600122109,07:08:42.109,okx,ADA/USDT:USDT,0.8269,346.0,0.8268,745.5,0.827,73.3,0.8271,723.5
1753600122309,07:08:42.309,okx,ADA/USDT:USDT,0.8269,346.0,0.8268,781.9,0.827,65.1,0.8271,514.6
1753600122609,07:08:42.609,okx,ADA/USDT:USDT,0.8269,474.0,0.8268,775.4,0.827,45.1,0.8271,514.1
1753600122709,07:08:42.709,okx,ADA/USDT:USDT,0.8269,474.0,0.8268,775.4,0.827,45.1,0.8271,516.5
1753600122809,07:08:42.809,okx,ADA/USDT:USDT,0.8269,473.9,0.8268,783.4,0.827,1.9,0.8271,516.9
1753600122909,07:08:42.909,okx,ADA/USDT:USDT,0.8269,473.9,0.8268,783.4,0.827,1.7,0.8271,341.8
1753600123009,07:08:43.009,okx,ADA/USDT:USDT,0.8269,473.9,0.8268,783.4,0.827,1.7,0.8271,290.2
1753600123209,07:08:43.209,okx,ADA/USDT:USDT,0.8269,475.6,0.8268,783.1,0.827,5.3,0.8271,290.2
1753600123409,07:08:43.409,okx,ADA/USDT:USDT,0.8269,474.9,0.8268,786.7,0.827,1.8,0.8271,44.1
1753600123509,07:08:43.509,okx,ADA/USDT:USDT,0.8269,510.7,0.8268,832.9,0.827,2.5,0.8271,16.8
1753600123809,07:08:43.809,okx,ADA/USDT:USDT,0.827,542.6,0.8269,914.0,0.8271,16.2,0.8272,255.2
1753600123909,07:08:43.909,okx,ADA/USDT:USDT,0.827,564.0,0.8269,914.0,0.8271,16.2,0.8272,255.2
1753600124009,07:08:44.009,okx,ADA/USDT:USDT,0.827,564.0,0.8269,914.0,0.8271,16.2,0.8272,255.2
1753600124409,07:08:44.409,okx,ADA/USDT:USDT,0.827,563.0,0.8269,911.6,0.8271,63.1,0.8272,505.2
1753600124609,07:08:44.609,okx,ADA/USDT:USDT,0.827,156.4,0.8269,342.8,0.8271,322.0,0.8272,687.6
1753600124809,07:08:44.809,okx,ADA/USDT:USDT,0.827,124.2,0.8269,766.0,0.8271,314.2,0.8272,687.6
1753600125009,07:08:45.009,okx,ADA/USDT:USDT,0.827,124.1,0.8269,758.3,0.8271,321.9,0.8272,687.6
1753600125109,07:08:45.109,okx,ADA/USDT:USDT,0.827,124.2,0.8269,758.3,0.8271,314.2,0.8272,687.6
1753600125509,07:08:45.509,okx,ADA/USDT:USDT,0.827,124.2,0.8269,758.3,0.8271,344.2,0.8272,688.0
1753600125909,07:08:45.909,okx,ADA/USDT:USDT,0.827,218.9,0.8269,778.6,0.8271,144.5,0.8272,667.1
1753600126009,07:08:46.009,okx,ADA/USDT:USDT,0.827,187.4,0.8269,778.6,0.8271,144.5,0.8272,667.1
1753600126109,07:08:46.109,okx,ADA/USDT:USDT,0.827,187.4,0.8269,778.6,0.8271,144.5,0.8272,667.1
1753600126309,07:08:46.309,okx,ADA/USDT:USDT,0.827,233.4,0.8269,744.4,0.8271,144.5,0.8272,667.1
1753600126509,07:08:46.509,okx,ADA/USDT:USDT,0.827,212.9,0.8269,744.1,0.8271,225.2,0.8272,679.9
1753600126609,07:08:46.609,okx,ADA/USDT:USDT,0.827,212.9,0.8269,744.1,0.8271,225.2,0.8272,679.9
1753600126909,07:08:46.909,okx,ADA/USDT:USDT,0.827,251.4,0.8269,744.4,0.8271,28.2,0.8272,255.2
1753600127109,07:08:47.109,okx,ADA/USDT:USDT,0.827,251.4,0.8269,744.4,0.8271,28.2,0.8272,235.2
1753600127209,07:08:47.209,okx,ADA/USDT:USDT,0.827,253.0,0.8269,744.4,0.8271,28.2,0.8272,360.2
1753600127409,07:08:47.409,okx,ADA/USDT:USDT,0.8271,874.9,0.827,747.8,0.8272,3.4,0.8273,623.6
1753600127709,07:08:47.709,okx,ADA/USDT:USDT,0.8271,867.1,0.827,750.3,0.8272,3.9,0.8273,566.5
1753600127909,07:08:47.909,okx,ADA/USDT:USDT,0.8271,852.5,0.827,750.3,0.8272,47.0,0.8273,636.2
1753600128009,07:08:48.009,okx,ADA/USDT:USDT,0.8271,852.5,0.827,750.3,0.8272,47.2,0.8273,635.8
1753600128109,07:08:48.109,okx,ADA/USDT:USDT,0.8271,824.4,0.827,750.3,0.8272,75.3,0.8273,635.8
1753600129009,07:08:49.009,okx,ADA/USDT:USDT,0.8271,861.8,0.827,734.4,0.8272,42.9,0.8273,632.9
1753600129109,07:08:49.109,okx,ADA/USDT:USDT,0.8271,863.7,0.827,734.4,0.8272,42.9,0.8273,314.0
1753600129309,07:08:49.309,okx,ADA/USDT:USDT,0.8271,864.9,0.827,734.4,0.8272,1.0,0.8273,176.3
1753600129409,07:08:49.409,okx,ADA/USDT:USDT,0.8271,864.9,0.827,734.4,0.8272,1.0,0.8273,176.3
1753600129509,07:08:49.509,okx,ADA/USDT:USDT,0.8271,864.6,0.827,734.4,0.8272,0.8,0.8273,296.3
1753600129609,07:08:49.609,okx,ADA/USDT:USDT,0.8271,864.6,0.827,734.4,0.8272,1.7,0.8273,296.3
1753600129709,07:08:49.709,okx,ADA/USDT:USDT,0.8271,857.1,0.827,734.4,0.8272,1.7,0.8273,296.3
1753600130209,07:08:50.209,okx,ADA/USDT:USDT,0.8271,853.9,0.827,733.6,0.8272,68.6,0.8273,614.6
1753600130309,07:08:50.309,okx,ADA/USDT:USDT,0.8271,861.4,0.827,733.9,0.8272,68.6,0.8273,614.6
1753600130409,07:08:50.409,okx,ADA/USDT:USDT,0.8271,853.9,0.827,733.9,0.8272,41.1,0.8273,614.6
1753600130509,07:08:50.509,okx,ADA/USDT:USDT,0.8271,853.9,0.827,733.9,0.8272,41.1,0.8273,614.6
1753600130609,07:08:50.609,okx,ADA/USDT:USDT,0.8271,861.4,0.827,733.9,0.8272,41.1,0.8273,614.6
1753600130909,07:08:50.909,okx,ADA/USDT:USDT,0.8271,863.0,0.827,733.9,0.8272,2.3,0.8273,295.9
1753600131109,07:08:51.109,okx,ADA/USDT:USDT,0.8271,863.0,0.827,733.9,0.8272,2.3,0.8273,295.9
1753600131409,07:08:51.409,okx,ADA/USDT:USDT,0.8271,865.4,0.827,733.9,0.8272,47.6,0.8273,594.5
1753600131609,07:08:51.609,okx,ADA/USDT:USDT,0.8271,865.5,0.827,733.9,0.8272,11.3,0.8273,594.5
1753600131709,07:08:51.709,okx,ADA/USDT:USDT,0.8271,865.5,0.827,733.9,0.8272,4.4,0.8273,594.5
1753600132009,07:08:52.009,okx,ADA/USDT:USDT,0.8272,778.0,0.8271,912.3,0.8273,22.6,0.8274,644.6
1753600132509,07:08:52.509,okx,ADA/USDT:USDT,0.8272,789.6,0.8271,894.8,0.8273,80.6,0.8274,638.3
1753600132609,07:08:52.609,okx,ADA/USDT:USDT,0.8272,801.8,0.8271,894.8,0.8273,80.6,0.8274,638.3
1753600132709,07:08:52.709,okx,ADA/USDT:USDT,0.8272,811.0,0.8271,895.1,0.8273,44.3,0.8274,631.0
1753600132809,07:08:52.809,okx,ADA/USDT:USDT,0.8272,809.4,0.8271,895.1,0.8273,80.6,0.8274,631.0
1753600133609,07:08:53.609,okx,ADA/USDT:USDT,0.8272,813.2,0.8271,895.9,0.8273,16.7,0.8274,497.3
1753600133709,07:08:53.709,okx,ADA/USDT:USDT,0.8272,809.1,0.8271,895.9,0.8273,16.7,0.8274,497.3
1753600133809,07:08:53.809,okx,ADA/USDT:USDT,0.8272,810.7,0.8271,895.9,0.8273,16.7,0.8274,497.3
1753600133909,07:08:53.909,okx,ADA/USDT:USDT,0.8272,810.7,0.8271,895.9,0.8273,16.7,0.8274,497.3
1753600134209,07:08:54.209,okx,ADA/USDT:USDT,0.8272,807.9,0.8271,895.9,0.8273,16.7,0.8274,497.3
1753600134309,07:08:54.309,okx,ADA/USDT:USDT,0.8272,807.9,0.8271,895.9,0.8273,17.4,0.8274,497.3
1753600134409,07:08:54.409,okx,ADA/USDT:USDT,0.8272,807.9,0.8271,895.9,0.8273,17.4,0.8274,497.3
1753600134509,07:08:54.509,okx,ADA/USDT:USDT,0.8272,808.2,0.8271,895.5,0.8273,17.4,0.8274,497.3
1753600134609,07:08:54.609,okx,ADA/USDT:USDT,0.8272,808.2,0.8271,895.5,0.8273,17.4,0.8274,497.3
1753600134809,07:08:54.809,okx,ADA/USDT:USDT,0.8272,809.8,0.8271,895.5,0.8273,16.8,0.8274,497.3
1753600135009,07:08:55.009,okx,ADA/USDT:USDT,0.8272,809.8,0.8271,895.5,0.8273,14.9,0.8274,497.3
1753600135109,07:08:55.109,okx,ADA/USDT:USDT,0.8272,809.8,0.8271,895.9,0.8273,14.9,0.8274,497.3
1753600135609,07:08:55.609,okx,ADA/USDT:USDT,0.8272,788.5,0.8271,895.2,0.8273,44.1,0.8274,516.0
1753600135909,07:08:55.909,okx,ADA/USDT:USDT,0.8272,800.2,0.8271,895.5,0.8273,44.1,0.8274,497.3
1753600136009,07:08:56.009,okx,ADA/USDT:USDT,0.8272,800.2,0.8271,895.5,0.8273,43.9,0.8274,497.3
1753600136109,07:08:56.109,okx,ADA/USDT:USDT,0.8272,808.8,0.8271,895.5,0.8273,15.6,0.8274,497.3
1753600136209,07:08:56.209,okx,ADA/USDT:USDT,0.8272,808.8,0.8271,895.5,0.8273,15.6,0.8274,497.3
1753600137009,07:08:57.009,okx,ADA/USDT:USDT,0.8273,569.0,0.8272,1008.3,0.8274,10.8,0.8275,554.1
1753600137109,07:08:57.109,okx,ADA/USDT:USDT,0.8273,577.8,0.8272,1011.9,0.8274,1.3,0.8275,140.1
1753600137309,07:08:57.309,okx,ADA/USDT:USDT,0.8273,576.9,0.8272,1011.9,0.8274,8.2,0.8275,140.1
1753600137409,07:08:57.409,okx,ADA/USDT:USDT,0.8273,555.6,0.8272,999.9,0.8274,67.5,0.8275,514.3
1753600137609,07:08:57.609,okx,ADA/USDT:USDT,0.8273,521.3,0.8272,1007.2,0.8274,192.9,0.8275,602.0
1753600138109,07:08:58.109,okx,ADA/USDT:USDT,0.8273,540.4,0.8272,1005.3,0.8274,179.9,0.8275,584.1
1753600138809,07:08:58.809,okx,ADA/USDT:USDT,0.8274,180.6,0.8273,564.6,0.8275,441.0,0.8276,870.4
1753600138909,07:08:58.909,okx,ADA/USDT:USDT,0.8274,180.6,0.8273,678.4,0.8275,374.0,0.8276,870.4
1753600139009,07:08:59.009,okx,ADA/USDT:USDT,0.8274,180.9,0.8273,667.2,0.8275,374.0,0.8276,870.4
1753600139109,07:08:59.109,okx,ADA/USDT:USDT,0.8274,180.9,0.8273,667.2,0.8275,374.0,0.8276,870.4
1753600139409,07:08:59.409,okx,ADA/USDT:USDT,0.8274,34.0,0.8273,305.4,0.8275,467.8,0.8276,953.4
1753600139609,07:08:59.609,okx,ADA/USDT:USDT,0.8274,38.4,0.8273,305.4,0.8275,467.4,0.8276,953.4
1753600139709,07:08:59.709,okx,ADA/USDT:USDT,0.8274,34.0,0.8273,305.4,0.8275,467.4,0.8276,953.4
1753600139809,07:08:59.809,okx,ADA/USDT:USDT,0.8274,34.0,0.8273,305.4,0.8275,467.4,0.8276,953.4
1753600139909,07:08:59.909,okx,ADA/USDT:USDT,0.8274,34.0,0.8273,305.4,0.8275,467.4,0.8276,953.4
1753600140409,07:09:00.409,okx,ADA/USDT:USDT,0.8274,72.4,0.8273,305.4,0.8275,466.5,0.8276,961.1
1753600140609,07:09:00.609,okx,ADA/USDT:USDT,0.8274,72.4,0.8273,305.4,0.8275,455.5,0.8276,962.3
1753600142009,07:09:02.009,okx,ADA/USDT:USDT,0.8274,73.7,0.8273,305.4,0.8275,468.2,0.8276,959.5
1753600142209,07:09:02.209,okx,ADA/USDT:USDT,0.8274,73.7,0.8273,305.4,0.8275,468.6,0.8276,938.3
1753600142309,07:09:02.309,okx,ADA/USDT:USDT,0.8274,73.7,0.8273,305.4,0.8275,468.6,0.8276,938.3
1753600142509,07:09:02.509,okx,ADA/USDT:USDT,0.8274,73.7,0.8273,125.6,0.8275,468.6,0.8276,938.6
1753600142709,07:09:02.709,okx,ADA/USDT:USDT,0.8273,0.3,0.8272,207.5,0.8274,741.1,0.8275,925.2
1753600142809,07:09:02.809,okx,ADA/USDT:USDT,0.8272,143.3,0.8271,761.9,0.8273,500.5,0.8274,1119.9
1753600142909,07:09:02.909,okx,ADA/USDT:USDT,0.8272,143.2,0.8271,659.0,0.8273,500.5,0.8274,1119.9
1753600143009,07:09:03.009,okx,ADA/USDT:USDT,0.8272,143.2,0.8271,659.1,0.8273,500.5,0.8274,1010.3
1753600143109,07:09:03.109,okx,ADA/USDT:USDT,0.8272,163.2,0.8271,773.9,0.8273,240.0,0.8274,992.2
1753600143409,07:09:03.409,okx,ADA/USDT:USDT,0.8273,145.1,0.8272,870.3,0.8274,525.0,0.8275,782.1
1753600143609,07:09:03.609,okx,ADA/USDT:USDT,0.8273,165.1,0.8272,818.6,0.8274,512.9,0.8275,793.8
1753600144009,07:09:04.009,okx,ADA/USDT:USDT,0.8273,165.2,0.8272,811.5,0.8274,393.4,0.8275,782.1
1753600144109,07:09:04.109,okx,ADA/USDT:USDT,0.8273,165.1,0.8272,799.4,0.8274,393.4,0.8275,794.2
1753600144209,07:09:04.209,okx,ADA/USDT:USDT,0.8273,165.1,0.8272,811.5,0.8274,393.5,0.8275,794.2
1753600144509,07:09:04.509,okx,ADA/USDT:USDT,0.8273,165.1,0.8272,811.5,0.8274,393.5,0.8275,792.7
1753600144709,07:09:04.709,okx,ADA/USDT:USDT,0.8273,338.4,0.8272,823.6,0.8274,0.8,0.8275,382.0
1753600144809,07:09:04.809,okx,ADA/USDT:USDT,0.8273,336.6,0.8272,823.6,0.8274,1.0,0.8275,210.3
1753600145409,07:09:05.409,okx,ADA/USDT:USDT,0.8273,454.7,0.8272,838.9,0.8274,1.7,0.8275,453.4
1753600146009,07:09:06.009,okx,ADA/USDT:USDT,0.8273,436.6,0.8272,838.9,0.8274,1.7,0.8275,454.0
1753600146109,07:09:06.109,okx,ADA/USDT:USDT,0.8273,452.8,0.8272,838.9,0.8274,1.7,0.8275,454.0
1753600146309,07:09:06.309,okx,ADA/USDT:USDT,0.8274,703.7,0.8273,417.9,0.8275,3.9,0.8276,445.1
1753600146409,07:09:06.409,okx,ADA/USDT:USDT,0.8274,681.0,0.8273,837.7,0.8275,46.3,0.8276,257.1
1753600146509,07:09:06.509,okx,ADA/USDT:USDT,0.8274,679.2,0.8273,828.0,0.8275,52.6,0.8276,554.7
1753600146709,07:09:06.709,okx,ADA/USDT:USDT,0.8274,633.0,0.8273,790.9,0.8275,133.3,0.8276,560.5
1753600146809,07:09:06.809,okx,ADA/USDT:USDT,0.8274,633.0,0.8273,790.9,0.8275,153.3,0.8276,560.5
1753600147009,07:09:07.009,okx,ADA/USDT:USDT,0.8274,642.7,0.8273,791.2,0.8275,97.0,0.8276,554.7
1753600147509,07:09:07.509,okx,ADA/USDT:USDT,0.8274,744.0,0.8273,790.3,0.8275,3.3,0.8276,161.2
1753600147609,07:09:07.609,okx,ADA/USDT:USDT,0.8274,744.0,0.8273,790.3,0.8275,2.6,0.8276,161.2
1753600147809,07:09:07.809,okx,ADA/USDT:USDT,0.8274,744.0,0.8273,790.3,0.8275,1.9,0.8276,161.2
1753600148309,07:09:08.309,okx,ADA/USDT:USDT,0.8274,782.1,0.8273,806.3,0.8275,3.4,0.8276,85.4
1753600148409,07:09:08.409,okx,ADA/USDT:USDT,0.8274,782.1,0.8273,809.9,0.8275,3.4,0.8276,85.4
1753600148609,07:09:08.609,okx,ADA/USDT:USDT,0.8274,662.7,0.8273,809.9,0.8275,3.4,0.8276,85.4
1753600149209,07:09:09.209,okx,ADA/USDT:USDT,0.8275,872.4,0.8274,958.2,0.8276,8.5,0.8277,295.6
1753600149309,07:09:09.309,okx,ADA/USDT:USDT,0.8275,872.4,0.8274,958.2,0.8276,11.0,0.8277,501.4
1753600149909,07:09:09.909,okx,ADA/USDT:USDT,0.8275,874.1,0.8274,948.8,0.8276,126.1,0.8277,527.5
1753600150109,07:09:10.109,okx,ADA/USDT:USDT,0.8275,288.1,0.8274,570.0,0.8276,509.0,0.8277,537.6
1753600150309,07:09:10.309,okx,ADA/USDT:USDT,0.8275,166.4,0.8274,682.2,0.8276,559.3,0.8277,649.6
1753600150409,07:09:10.409,okx,ADA/USDT:USDT,0.8275,146.4,0.8274,817.6,0.8276,433.2,0.8277,530.0
1753600150509,07:09:10.509,okx,ADA/USDT:USDT,0.8275,146.4,0.8274,690.2,0.8276,439.3,0.8277,530.0
1753600150609,07:09:10.609,okx,ADA/USDT:USDT,0.8275,146.4,0.8274,803.1,0.8276,433.2,0.8277,519.4
1753600151009,07:09:11.009,okx,ADA/USDT:USDT,0.8278,223.1,0.8277,551.0,0.8279,219.0,0.828,755.3
1753600151109,07:09:11.109,okx,ADA/USDT:USDT,0.8278,233.5,0.8277,541.9,0.8279,120.7,0.828,549.4
1753600151409,07:09:11.409,okx,ADA/USDT:USDT,0.8278,353.5,0.8277,579.6,0.8279,117.5,0.828,661.1
1753600151709,07:09:11.709,okx,ADA/USDT:USDT,0.8278,355.1,0.8277,579.6,0.8279,89.7,0.828,455.5
1753600151809,07:09:11.809,okx,ADA/USDT:USDT,0.8278,216.7,0.8277,562.6,0.8279,240.3,0.828,671.5
1753600151909,07:09:11.909,okx,ADA/USDT:USDT,0.8278,196.6,0.8277,562.6,0.8279,300.7,0.828,671.1
1753600152009,07:09:12.009,okx,ADA/USDT:USDT,0.8278,124.3,0.8277,294.4,0.8279,302.3,0.828,797.6
1753600152109,07:09:12.109,okx,ADA/USDT:USDT,0.8278,1.1,0.8277,222.6,0.8279,305.0,0.828,800.4
1753600152209,07:09:12.209,okx,ADA/USDT:USDT,0.8278,5.3,0.8277,263.4,0.8279,411.9,0.828,807.9
1753600153109,07:09:13.109,okx,ADA/USDT:USDT,0.8275,246.7,0.8274,764.7,0.8276,130.3,0.8277,447.8
1753600153609,07:09:13.609,okx,ADA/USDT:USDT,0.8276,583.7,0.8275,763.8,0.8277,198.6,0.8278,1017.1
1753600153709,07:09:13.709,okx,ADA/USDT:USDT,0.8276,581.5,0.8275,763.8,0.8277,246.6,0.8278,1017.1
1753600154009,07:09:14.009,okx,ADA/USDT:USDT,0.8276,160.2,0.8275,661.3,0.8277,382.3,0.8278,1022.1
1753600154109,07:09:14.109,okx,ADA/USDT:USDT,0.8276,43.6,0.8275,661.3,0.8277,372.4,0.8278,1022.1
1753600154609,07:09:14.609,okx,ADA/USDT:USDT,0.8275,11.9,0.8274,262.5,0.8276,777.9,0.8277,858.1
1753600155409,07:09:15.409,okx,ADA/USDT:USDT,0.8275,18.8,0.8274,609.9,0.8276,435.4,0.8277,847.7
1753600156009,07:09:16.009,okx,ADA/USDT:USDT,0.8275,18.8,0.8274,619.9,0.8276,419.0,0.8277,827.6
1753600156109,07:09:16.109,okx,ADA/USDT:USDT,0.8275,18.8,0.8274,625.8,0.8276,418.9,0.8277,827.6
1753600156409,07:09:16.409,okx,ADA/USDT:USDT,0.8275,18.8,0.8274,610.0,0.8276,434.8,0.8277,837.9
1753600156609,07:09:16.609,okx,ADA/USDT:USDT,0.8275,18.8,0.8274,610.0,0.8276,424.8,0.8277,837.9
1753600157009,07:09:17.009,okx,ADA/USDT:USDT,0.8275,18.8,0.8274,501.7,0.8276,419.7,0.8277,840.3
1753600157209,07:09:17.209,okx,ADA/USDT:USDT,0.8275,99.5,0.8274,501.7,0.8276,419.7,0.8277,840.3
1753600157309,07:09:17.309,okx,ADA/USDT:USDT,0.8275,208.9,0.8274,646.1,0.8276,356.9,0.8277,785.1
1753600157809,07:09:17.809,okx,ADA/USDT:USDT,0.8275,12.2,0.8274,264.2,0.8276,469.1,0.8277,838.6
1753600158009,07:09:18.009,okx,ADA/USDT:USDT,0.8275,12.2,0.8274,264.2,0.8276,469.1,0.8277,838.6
1753600158709,07:09:18.709,okx,ADA/USDT:USDT,0.8274,16.6,0.8273,275.5,0.8275,713.8,0.8276,816.4
1753600159009,07:09:19.009,okx,ADA/USDT:USDT,0.8274,9.6,0.8273,275.6,0.8275,723.9,0.8276,816.4
1753600159309,07:09:19.309,okx,ADA/USDT:USDT,0.8274,16.5,0.8273,695.9,0.8275,687.5,0.8276,816.1
1753600160209,07:09:20.209,okx,ADA/USDT:USDT,0.8274,156.1,0.8273,689.0,0.8275,568.2,0.8276,804.6
1753600160709,07:09:20.709,okx,ADA/USDT:USDT,0.8274,98.4,0.8273,671.9,0.8275,645.0,0.8276,815.1
1753600160809,07:09:20.809,okx,ADA/USDT:USDT,0.8274,98.4,0.8273,671.9,0.8275,645.0,0.8276,815.1
1753600160909,07:09:20.909,okx,ADA/USDT:USDT,0.8274,98.4,0.8273,671.9,0.8275,644.9,0.8276,815.1
1753600161009,07:09:21.009,okx,ADA/USDT:USDT,0.8274,158.4,0.8273,682.1,0.8275,529.0,0.8276,809.2
1753600161209,07:09:21.209,okx,ADA/USDT:USDT,0.8274,156.3,0.8273,682.1,0.8275,469.3,0.8276,808.9
1753600161409,07:09:21.409,okx,ADA/USDT:USDT,0.8274,18.0,0.8273,360.5,0.8275,547.7,0.8276,809.2
1753600161609,07:09:21.609,okx,ADA/USDT:USDT,0.8273,0.3,0.8272,221.9,0.8274,778.6,0.8275,1002.6
1753600161709,07:09:21.709,okx,ADA/USDT:USDT,0.8273,7.2,0.8272,221.9,0.8274,778.4,0.8275,1016.1
1753600161809,07:09:21.809,okx,ADA/USDT:USDT,0.8273,87.9,0.8272,378.7,0.8274,701.2,0.8275,1022.0
1753600162209,07:09:22.209,okx,ADA/USDT:USDT,0.8273,218.7,0.8272,647.0,0.8274,579.8,0.8275,972.1
1753600162409,07:09:22.409,okx,ADA/USDT:USDT,0.8273,218.7,0.8272,658.6,0.8274,535.6,0.8275,960.1
1753600162509,07:09:22.509,okx,ADA/USDT:USDT,0.8273,235.0,0.8272,658.6,0.8274,364.3,0.8275,954.7
1753600162809,07:09:22.809,okx,ADA/USDT:USDT,0.8274,294.6,0.8273,715.3,0.8275,454.5,0.8276,890.2
1753600163009,07:09:23.009,okx,ADA/USDT:USDT,0.8274,7.1,0.8273,317.2,0.8275,552.3,0.8276,890.5
1753600163209,07:09:23.209,okx,ADA/USDT:USDT,0.8273,176.1,0.8272,586.9,0.8274,271.3,0.8275,564.3
1753600163309,07:09:23.309,okx,ADA/USDT:USDT,0.8273,253.5,0.8272,678.3,0.8274,244.1,0.8275,769.5
1753600163409,07:09:23.409,okx,ADA/USDT:USDT,0.8273,274.1,0.8272,678.3,0.8274,266.2,0.8275,769.5
1753600163509,07:09:23.509,okx,ADA/USDT:USDT,0.8273,273.4,0.8272,668.1,0.8274,322.4,0.8275,763.7
1753600163709,07:09:23.709,okx,ADA/USDT:USDT,0.8273,186.2,0.8272,668.1,0.8274,312.9,0.8275,934.6
1753600163909,07:09:23.909,okx,ADA/USDT:USDT,0.8273,126.5,0.8272,668.1,0.8274,323.0,0.8275,934.9
1753600164109,07:09:24.109,okx,ADA/USDT:USDT,0.8273,126.5,0.8272,678.2,0.8274,312.9,0.8275,934.6
1753600164509,07:09:24.509,okx,ADA/USDT:USDT,0.8273,214.9,0.8272,678.2,0.8274,170.6,0.8275,922.5
1753600164709,07:09:24.709,okx,ADA/USDT:USDT,0.8273,214.9,0.8272,668.1,0.8274,170.6,0.8275,932.6
1753600164909,07:09:24.909,okx,ADA/USDT:USDT,0.8273,214.9,0.8272,678.2,0.8274,190.6,0.8275,932.6
1753600165109,07:09:25.109,okx,ADA/USDT:USDT,0.8273,329.9,0.8272,678.2,0.8274,191.3,0.8275,922.5
1753600165709,07:09:25.709,okx,ADA/USDT:USDT,0.8273,214.6,0.8272,668.1,0.8274,199.3,0.8275,944.1
1753600166009,07:09:26.009,okx,ADA/USDT:USDT,0.8273,213.9,0.8272,678.0,0.8274,173.3,0.8275,934.2
1753600166109,07:09:26.109,okx,ADA/USDT:USDT,0.8273,349.9,0.8272,678.3,0.8274,173.3,0.8275,934.2
1753600166209,07:09:26.209,okx,ADA/USDT:USDT,0.8273,343.8,0.8272,678.3,0.8274,173.3,0.8275,934.2
1753600166409,07:09:26.409,okx,ADA/USDT:USDT,0.8273,214.0,0.8272,668.1,0.8274,209.0,0.8275,934.2
1753600166709,07:09:26.709,okx,ADA/USDT:USDT,0.8273,229.7,0.8272,668.4,0.8274,193.3,0.8275,934.2
1753600166909,07:09:26.909,okx,ADA/USDT:USDT,0.8273,194.0,0.8272,668.1,0.8274,193.3,0.8275,934.2
1753600168409,07:09:28.409,okx,ADA/USDT:USDT,0.8272,210.3,0.8271,896.8,0.8273,338.7,0.8274,751.7
1753600168509,07:09:28.509,okx,ADA/USDT:USDT,0.8272,210.3,0.8271,896.8,0.8273,338.7,0.8274,751.4
1753600168609,07:09:28.609,okx,ADA/USDT:USDT,0.8272,210.3,0.8271,896.8,0.8273,338.7,0.8274,751.7
1753600168809,07:09:28.809,okx,ADA/USDT:USDT,0.8272,210.3,0.8271,896.8,0.8273,338.7,0.8274,751.4
1753600168909,07:09:28.909,okx,ADA/USDT:USDT,0.8272,210.3,0.8271,896.8,0.8273,338.8,0.8274,751.7
1753600169009,07:09:29.009,okx,ADA/USDT:USDT,0.8272,285.2,0.8271,896.8,0.8273,339.4,0.8274,751.4
1753600169109,07:09:29.109,okx,ADA/USDT:USDT,0.8272,300.6,0.8271,897.1,0.8273,131.2,0.8274,417.6
1753600169309,07:09:29.309,okx,ADA/USDT:USDT,0.8272,300.6,0.8271,897.1,0.8273,60.7,0.8274,461.0
1753600169409,07:09:29.409,okx,ADA/USDT:USDT,0.8272,192.9,0.8271,896.8,0.8273,240.8,0.8274,676.8
1753600169809,07:09:29.809,okx,ADA/USDT:USDT,0.8272,236.6,0.8271,897.1,0.8273,11.8,0.8274,412.5
1753600170009,07:09:30.009,okx,ADA/USDT:USDT,0.8272,341.4,0.8271,917.9,0.8273,11.8,0.8274,676.4
1753600170109,07:09:30.109,okx,ADA/USDT:USDT,0.8272,345.3,0.8271,917.9,0.8273,11.8,0.8274,676.4
1753600170309,07:09:30.309,okx,ADA/USDT:USDT,0.8272,361.6,0.8271,958.8,0.8273,11.8,0.8274,153.5
1753600170409,07:09:30.409,okx,ADA/USDT:USDT,0.8272,355.9,0.8271,965.7,0.8273,11.8,0.8274,153.5
1753600171109,07:09:31.109,okx,ADA/USDT:USDT,0.8273,844.9,0.8272,771.4,0.8274,84.9,0.8275,798.9
1753600171209,07:09:31.209,okx,ADA/USDT:USDT,0.8273,842.1,0.8272,770.2,0.8274,84.9,0.8275,798.9
1753600171609,07:09:31.609,okx,ADA/USDT:USDT,0.8273,777.7,0.8272,764.5,0.8274,85.6,0.8275,788.9
1753600171709,07:09:31.709,okx,ADA/USDT:USDT,0.8273,772.9,0.8272,764.5,0.8274,57.8,0.8275,788.9
1753600171809,07:09:31.809,okx,ADA/USDT:USDT,0.8273,782.2,0.8272,764.5,0.8274,57.8,0.8275,813.5
1753600171909,07:09:31.909,okx,ADA/USDT:USDT,0.8273,782.2,0.8272,764.5,0.8274,57.8,0.8275,813.5
1753600172009,07:09:32.009,okx,ADA/USDT:USDT,0.8273,722.8,0.8272,754.8,0.8274,201.2,0.8275,822.8
1753600172409,07:09:32.409,okx,ADA/USDT:USDT,0.8273,460.6,0.8272,762.8,0.8274,227.4,0.8275,822.8
1753600172509,07:09:32.509,okx,ADA/USDT:USDT,0.8273,124.2,0.8272,441.8,0.8274,244.0,0.8275,889.6
1753600172709,07:09:32.709,okx,ADA/USDT:USDT,0.8273,0.1,0.8272,282.1,0.8274,304.5,0.8275,926.6
1753600172809,07:09:32.809,okx,ADA/USDT:USDT,0.8273,0.1,0.8272,12.9,0.8274,306.9,0.8275,938.6
1753600173009,07:09:33.009,okx,ADA/USDT:USDT,0.8273,0.1,0.8272,93.6,0.8274,424.5,0.8275,940.2
1753600173109,07:09:33.109,okx,ADA/USDT:USDT,0.8273,0.1,0.8272,93.6,0.8274,425.1,0.8275,940.2
1753600173209,07:09:33.209,okx,ADA/USDT:USDT,0.8273,0.1,0.8272,292.0,0.8274,410.4,0.8275,945.7
1753600173709,07:09:33.709,okx,ADA/USDT:USDT,0.8273,10.9,0.8272,390.3,0.8274,434.6,0.8275,956.9
1753600173809,07:09:33.809,okx,ADA/USDT:USDT,0.8273,91.6,0.8272,581.2,0.8274,350.0,0.8275,941.8
1753600173909,07:09:33.909,okx,ADA/USDT:USDT,0.8273,127.9,0.8272,688.3,0.8274,228.5,0.8275,929.8
1753600174409,07:09:34.409,okx,ADA/USDT:USDT,0.8273,205.7,0.8272,679.4,0.8274,228.5,0.8275,908.0
1753600174609,07:09:34.609,okx,ADA/USDT:USDT,0.8273,225.7,0.8272,688.4,0.8274,228.5,0.8275,893.6
1753600174709,07:09:34.709,okx,ADA/USDT:USDT,0.8273,240.2,0.8272,688.7,0.8274,54.0,0.8275,583.2
1753600175409,07:09:35.409,okx,ADA/USDT:USDT,0.8273,307.1,0.8272,683.3,0.8274,130.1,0.8275,814.4
1753600175609,07:09:35.609,okx,ADA/USDT:USDT,0.8273,297.1,0.8272,682.9,0.8274,131.0,0.8275,823.6
1753600175809,07:09:35.809,okx,ADA/USDT:USDT,0.8273,202.7,0.8272,682.9,0.8274,172.7,0.8275,800.7
1753600175909,07:09:35.909,okx,ADA/USDT:USDT,0.8273,282.0,0.8272,682.8,0.8274,181.8,0.8275,801.0
1753600176109,07:09:36.109,okx,ADA/USDT:USDT,0.8273,296.5,0.8272,683.1,0.8274,172.7,0.8275,791.5
1753600176409,07:09:36.409,okx,ADA/USDT:USDT,0.8273,298.2,0.8272,683.5,0.8274,43.3,0.8275,537.2
1753600176509,07:09:36.509,okx,ADA/USDT:USDT,0.8273,298.2,0.8272,683.5,0.8274,43.3,0.8275,791.5
1753600176609,07:09:36.609,okx,ADA/USDT:USDT,0.8273,287.5,0.8272,683.5,0.8274,50.2,0.8275,791.5
1753600177409,07:09:37.409,okx,ADA/USDT:USDT,0.8273,325.4,0.8272,674.1,0.8274,151.4,0.8275,800.6
1753600177509,07:09:37.509,okx,ADA/USDT:USDT,0.8273,205.4,0.8272,682.7,0.8274,143.1,0.8275,800.6
1753600177609,07:09:37.609,okx,ADA/USDT:USDT,0.8273,147.3,0.8272,673.7,0.8274,219.9,0.8275,800.9
1753600177709,07:09:37.709,okx,ADA/USDT:USDT,0.8273,39.0,0.8272,496.5,0.8274,436.8,0.8275,800.9
1753600177809,07:09:37.809,okx,ADA/USDT:USDT,0.8273,39.0,0.8272,401.7,0.8274,436.8,0.8275,898.8
1753600177909,07:09:37.909,okx,ADA/USDT:USDT,0.8273,38.2,0.8272,401.7,0.8274,437.2,0.8275,899.2
1753600178009,07:09:38.009,okx,ADA/USDT:USDT,0.8273,38.2,0.8272,401.7,0.8274,437.2,0.8275,935.8
1753600178209,07:09:38.209,okx,ADA/USDT:USDT,0.8273,38.2,0.8272,662.6,0.8274,302.7,0.8275,935.4
1753600178809,07:09:38.809,okx,ADA/USDT:USDT,0.8273,17.1,0.8272,653.5,0.8274,340.1,0.8275,935.8
1753600179009,07:09:39.009,okx,ADA/USDT:USDT,0.8272,88.2,0.8271,453.0,0.8273,636.3,0.8274,824.1
1753600179409,07:09:39.409,okx,ADA/USDT:USDT,0.8272,176.0,0.8271,764.6,0.8273,597.3,0.8274,702.1
1753600179909,07:09:39.909,okx,ADA/USDT:USDT,0.8272,205.0,0.8271,779.9,0.8273,604.4,0.8274,692.5
1753600180109,07:09:40.109,okx,ADA/USDT:USDT,0.8272,205.0,0.8271,770.4,0.8273,604.4,0.8274,692.8
1753600180209,07:09:40.209,okx,ADA/USDT:USDT,0.8272,165.4,0.8271,764.7,0.8273,619.9,0.8274,692.8
1753600180509,07:09:40.509,okx,ADA/USDT:USDT,0.8272,132.6,0.8271,764.7,0.8273,615.4,0.8274,687.0
1753600180709,07:09:40.709,okx,ADA/USDT:USDT,0.8272,178.0,0.8271,774.2,0.8273,604.6,0.8274,686.7
1753600180909,07:09:40.909,okx,ADA/USDT:USDT,0.8272,249.1,0.8271,774.2,0.8273,306.3,0.8274,723.1
1753600181109,07:09:41.109,okx,ADA/USDT:USDT,0.8272,258.6,0.8271,774.6,0.8273,306.3,0.8274,713.6
1753600181309,07:09:41.309,okx,ADA/USDT:USDT,0.8272,264.4,0.8271,774.5,0.8273,170.4,0.8274,731.1
1753600181409,07:09:41.409,okx,ADA/USDT:USDT,0.8272,264.4,0.8271,774.5,0.8273,89.7,0.8274,599.0
1753600181509,07:09:41.509,okx,ADA/USDT:USDT,0.8272,250.6,0.8271,764.7,0.8273,100.3,0.8274,740.9
1753600181809,07:09:41.809,okx,ADA/USDT:USDT,0.8272,250.6,0.8271,774.1,0.8273,171.3,0.8274,740.2
1753600181909,07:09:41.909,okx,ADA/USDT:USDT,0.8272,214.1,0.8271,764.7,0.8273,307.6,0.8274,740.2
1753600182109,07:09:42.109,okx,ADA/USDT:USDT,0.8272,213.5,0.8271,764.7,0.8273,212.2,0.8274,740.2
1753600182209,07:09:42.209,okx,ADA/USDT:USDT,0.8272,213.5,0.8271,774.0,0.8273,212.2,0.8274,740.3
1753600182809,07:09:42.809,okx,ADA/USDT:USDT,0.8272,216.8,0.8271,774.0,0.8273,212.3,0.8274,739.7
1753600183009,07:09:43.009,okx,ADA/USDT:USDT,0.8272,216.8,0.8271,774.0,0.8273,212.2,0.8274,740.1
1753600183109,07:09:43.109,okx,ADA/USDT:USDT,0.8272,216.8,0.8271,774.0,0.8273,212.9,0.8274,740.4
1753600183409,07:09:43.409,okx,ADA/USDT:USDT,0.8272,152.1,0.8271,588.5,0.8273,230.3,0.8274,739.4
1753600183509,07:09:43.509,okx,ADA/USDT:USDT,0.8272,144.6,0.8271,588.5,0.8273,352.1,0.8274,739.4
1753600183609,07:09:43.609,okx,ADA/USDT:USDT,0.8272,144.6,0.8271,764.7,0.8273,352.1,0.8274,739.4
1753600183709,07:09:43.709,okx,ADA/USDT:USDT,0.8272,131.8,0.8271,764.7,0.8273,352.1,0.8274,738.6
1753600183809,07:09:43.809,okx,ADA/USDT:USDT,0.8272,131.7,0.8271,764.7,0.8273,352.1,0.8274,738.6
1753600184009,07:09:44.009,okx,ADA/USDT:USDT,0.8272,131.0,0.8271,764.7,0.8273,221.4,0.8274,739.0
1753600184109,07:09:44.109,okx,ADA/USDT:USDT,0.8272,221.2,0.8271,785.0,0.8273,215.7,0.8274,729.0
1753600184609,07:09:44.609,okx,ADA/USDT:USDT,0.8272,206.6,0.8271,784.7,0.8273,181.7,0.8274,729.4
1753600184709,07:09:44.709,okx,ADA/USDT:USDT,0.8272,206.6,0.8271,784.7,0.8273,172.6,0.8274,738.5
1753600184809,07:09:44.809,okx,ADA/USDT:USDT,0.8272,206.6,0.8271,784.7,0.8273,181.7,0.8274,738.8
1753600185009,07:09:45.009,okx,ADA/USDT:USDT,0.8272,228.7,0.8271,794.1,0.8273,152.6,0.8274,729.4
1753600185209,07:09:45.209,okx,ADA/USDT:USDT,0.8272,228.7,0.8271,784.7,0.8273,153.3,0.8274,728.7
1753600185309,07:09:45.309,okx,ADA/USDT:USDT,0.8272,228.7,0.8271,784.7,0.8273,153.3,0.8274,728.7
1753600185409,07:09:45.409,okx,ADA/USDT:USDT,0.8272,213.4,0.8271,784.7,0.8273,153.4,0.8274,728.7
1753600185509,07:09:45.509,okx,ADA/USDT:USDT,0.8272,213.4,0.8271,784.7,0.8273,154.1,0.8274,728.7
1753600185609,07:09:45.609,okx,ADA/USDT:USDT,0.8272,213.4,0.8271,784.7,0.8273,231.7,0.8274,728.6
1753600185709,07:09:45.709,okx,ADA/USDT:USDT,0.8272,212.1,0.8271,784.7,0.8273,231.7,0.8274,727.9
1753600185909,07:09:45.909,okx,ADA/USDT:USDT,0.8272,7.6,0.8271,350.5,0.8273,413.4,0.8274,808.5
1753600186409,07:09:46.409,okx,ADA/USDT:USDT,0.8272,7.6,0.8271,297.4,0.8273,415.6,0.8274,820.0
1753600186609,07:09:46.609,okx,ADA/USDT:USDT,0.8272,101.3,0.8271,670.0,0.8273,219.4,0.8274,810.7
1753600186809,07:09:46.809,okx,ADA/USDT:USDT,0.8272,215.6,0.8271,670.0,0.8273,227.9,0.8274,810.7
1753600186909,07:09:46.909,okx,ADA/USDT:USDT,0.8272,215.6,0.8271,670.0,0.8273,227.9,0.8274,806.5
1753600187109,07:09:47.109,okx,ADA/USDT:USDT,0.8272,225.8,0.8271,670.0,0.8273,228.7,0.8274,815.5
1753600187209,07:09:47.209,okx,ADA/USDT:USDT,0.8272,225.8,0.8271,670.0,0.8273,228.7,0.8274,730.1
1753600187309,07:09:47.309,okx,ADA/USDT:USDT,0.8272,240.2,0.8271,670.0,0.8273,228.7,0.8274,730.1
1753600188009,07:09:48.009,okx,ADA/USDT:USDT,0.8272,274.6,0.8271,669.7,0.8273,75.1,0.8274,686.5
1753600188109,07:09:48.109,okx,ADA/USDT:USDT,0.8272,274.6,0.8271,669.7,0.8273,75.1,0.8274,735.0
1753600188209,07:09:48.209,okx,ADA/USDT:USDT,0.8272,283.5,0.8271,670.0,0.8273,71.3,0.8274,726.5
1753600188509,07:09:48.509,okx,ADA/USDT:USDT,0.8272,202.4,0.8271,675.4,0.8273,213.9,0.8274,739.5
1753600188809,07:09:48.809,okx,ADA/USDT:USDT,0.8272,338.8,0.8271,675.7,0.8273,162.1,0.8274,726.1
1753600188909,07:09:48.909,okx,ADA/USDT:USDT,0.8272,338.8,0.8271,675.7,0.8273,162.1,0.8274,726.1
1753600189009,07:09:49.009,okx,ADA/USDT:USDT,0.8272,338.8,0.8271,675.7,0.8273,162.1,0.8274,726.1
1753600189109,07:09:49.109,okx,ADA/USDT:USDT,0.8272,338.8,0.8271,675.7,0.8273,162.1,0.8274,726.1
1753600189309,07:09:49.309,okx,ADA/USDT:USDT,0.8272,339.0,0.8271,675.7,0.8273,161.4,0.8274,726.5
1753600189809,07:09:49.809,okx,ADA/USDT:USDT,0.8272,324.2,0.8271,675.7,0.8273,183.4,0.8274,726.1
1753600189909,07:09:49.909,okx,ADA/USDT:USDT,0.8272,332.8,0.8271,675.7,0.8273,183.4,0.8274,726.1
1753600190009,07:09:50.009,okx,ADA/USDT:USDT,0.8272,332.2,0.8271,675.7,0.8273,162.1,0.8274,726.1
1753600190109,07:09:50.109,okx,ADA/USDT:USDT,0.8272,333.1,0.8271,675.7,0.8273,161.9,0.8274,726.1
1753600190209,07:09:50.209,okx,ADA/USDT:USDT,0.8272,333.1,0.8271,712.3,0.8273,134.0,0.8274,516.4
1753600190509,07:09:50.509,okx,ADA/USDT:USDT,0.8272,307.4,0.8271,712.0,0.8273,138.0,0.8274,516.4
1753600190809,07:09:50.809,okx,ADA/USDT:USDT,0.8272,329.8,0.8271,712.3,0.8273,131.1,0.8274,516.4
1753600190909,07:09:50.909,okx,ADA/USDT:USDT,0.8272,307.4,0.8271,712.0,0.8273,138.0,0.8274,516.4
1753600191009,07:09:51.009,okx,ADA/USDT:USDT,0.8272,307.4,0.8271,712.0,0.8273,138.0,0.8274,516.4
1753600191209,07:09:51.209,okx,ADA/USDT:USDT,0.8272,315.7,0.8271,712.0,0.8273,138.0,0.8274,516.4
1753600191309,07:09:51.309,okx,ADA/USDT:USDT,0.8272,329.7,0.8271,712.3,0.8273,138.0,0.8274,516.4
1753600191409,07:09:51.409,okx,ADA/USDT:USDT,0.8272,329.7,0.8271,712.3,0.8273,138.0,0.8274,516.4
1753600191509,07:09:51.509,okx,ADA/USDT:USDT,0.8272,306.7,0.8271,712.0,0.8273,138.0,0.8274,530.4
1753600191609,07:09:51.609,okx,ADA/USDT:USDT,0.8272,306.7,0.8271,697.3,0.8273,199.4,0.8274,530.4
1753600191709,07:09:51.709,okx,ADA/USDT:USDT,0.8272,192.8,0.8271,697.3,0.8273,219.4,0.8274,530.4
1753600192009,07:09:52.009,okx,ADA/USDT:USDT,0.8272,189.2,0.8271,660.7,0.8273,218.6,0.8274,535.8
1753600192109,07:09:52.109,okx,ADA/USDT:USDT,0.8272,189.2,0.8271,704.1,0.8273,204.9,0.8274,535.8
1753600192309,07:09:52.309,okx,ADA/USDT:USDT,0.8272,224.1,0.8271,704.8,0.8273,196.7,0.8274,516.4
1753600192409,07:09:52.409,okx,ADA/USDT:USDT,0.8272,224.1,0.8271,704.4,0.8273,196.7,0.8274,516.4
1753600192509,07:09:52.509,okx,ADA/USDT:USDT,0.8272,212.0,0.8271,717.8,0.8273,196.7,0.8274,516.4
1753600192709,07:09:52.709,okx,ADA/USDT:USDT,0.8272,204.0,0.8271,717.8,0.8273,196.7,0.8274,516.4
1753600192909,07:09:52.909,okx,ADA/USDT:USDT,0.8272,320.7,0.8271,717.8,0.8273,158.0,0.8274,516.4
1753600193109,07:09:53.109,okx,ADA/USDT:USDT,0.8272,320.7,0.8271,717.8,0.8273,158.0,0.8274,516.4
1753600193309,07:09:53.309,okx,ADA/USDT:USDT,0.8273,819.9,0.8272,670.8,0.8274,120.2,0.8275,682.0
1753600193409,07:09:53.409,okx,ADA/USDT:USDT,0.8273,778.8,0.8272,701.8,0.8274,61.7,0.8275,799.5
1753600193609,07:09:53.609,okx,ADA/USDT:USDT,0.8273,776.7,0.8272,702.1,0.8274,96.6,0.8275,945.2
1753600193709,07:09:53.709,okx,ADA/USDT:USDT,0.8273,768.5,0.8272,702.1,0.8274,96.6,0.8275,945.2
1753600193809,07:09:53.809,okx,ADA/USDT:USDT,0.8273,768.5,0.8272,701.8,0.8274,96.6,0.8275,945.6
1753600194009,07:09:54.009,okx,ADA/USDT:USDT,0.8273,768.5,0.8272,701.8,0.8274,177.2,0.8275,945.6
1753600194109,07:09:54.109,okx,ADA/USDT:USDT,0.8273,768.5,0.8272,687.9,0.8274,239.1,0.8275,945.6
1753600194209,07:09:54.209,okx,ADA/USDT:USDT,0.8273,768.5,0.8272,687.9,0.8274,239.1,0.8275,945.6
1753600194309,07:09:54.309,okx,ADA/USDT:USDT,0.8273,610.7,0.8272,701.6,0.8274,217.2,0.8275,945.6
1753600194509,07:09:54.509,okx,ADA/USDT:USDT,0.8273,510.5,0.8272,701.6,0.8274,252.7,0.8275,945.6
1753600194909,07:09:54.909,okx,ADA/USDT:USDT,0.8273,124.9,0.8272,687.0,0.8274,335.1,0.8275,945.9
1753600195009,07:09:55.009,okx,ADA/USDT:USDT,0.8273,124.8,0.8272,687.0,0.8274,336.1,0.8275,945.9
1753600195409,07:09:55.409,okx,ADA/USDT:USDT,0.8273,146.8,0.8272,750.4,0.8274,235.3,0.8275,884.8
1753600195509,07:09:55.509,okx,ADA/USDT:USDT,0.8273,146.8,0.8272,750.4,0.8274,231.2,0.8275,884.8
1753600195609,07:09:55.609,okx,ADA/USDT:USDT,0.8273,146.8,0.8272,750.4,0.8274,231.2,0.8275,884.8
1753600195709,07:09:55.709,okx,ADA/USDT:USDT,0.8273,291.3,0.8272,754.5,0.8274,143.6,0.8275,573.6
1753600195809,07:09:55.809,okx,ADA/USDT:USDT,0.8273,289.7,0.8272,754.5,0.8274,143.6,0.8275,654.5
1753600195909,07:09:55.909,okx,ADA/USDT:USDT,0.8273,291.3,0.8272,754.5,0.8274,44.6,0.8275,573.3
1753600196109,07:09:56.109,okx,ADA/USDT:USDT,0.8273,268.4,0.8272,769.5,0.8274,50.9,0.8275,837.6
1753600196209,07:09:56.209,okx,ADA/USDT:USDT,0.8273,268.4,0.8272,769.5,0.8274,50.9,0.8275,837.6
1753600196509,07:09:56.509,okx,ADA/USDT:USDT,0.8273,268.2,0.8272,769.9,0.8274,15.3,0.8275,837.6
1753600196609,07:09:56.609,okx,ADA/USDT:USDT,0.8273,268.2,0.8272,769.9,0.8274,15.3,0.8275,822.3
1753600196909,07:09:56.909,okx,ADA/USDT:USDT,0.8273,268.2,0.8272,769.9,0.8274,15.1,0.8275,822.3
1753600197009,07:09:57.009,okx,ADA/USDT:USDT,0.8273,268.2,0.8272,754.6,0.8274,66.7,0.8275,837.6
1753600197309,07:09:57.309,okx,ADA/USDT:USDT,0.8273,272.5,0.8272,762.8,0.8274,153.0,0.8275,837.6
1753600197409,07:09:57.409,okx,ADA/USDT:USDT,0.8273,272.5,0.8272,762.8,0.8274,125.0,0.8275,837.6
1753600197509,07:09:57.509,okx,ADA/USDT:USDT,0.8273,285.8,0.8272,762.8,0.8274,72.3,0.8275,837.6
1753600197809,07:09:57.809,okx,ADA/USDT:USDT,0.8273,285.8,0.8272,747.5,0.8274,137.3,0.8275,837.6
1753600198009,07:09:58.009,okx,ADA/USDT:USDT,0.8273,284.2,0.8272,747.5,0.8274,161.8,0.8275,837.6
1753600198209,07:09:58.209,okx,ADA/USDT:USDT,0.8273,164.1,0.8272,747.1,0.8274,284.8,0.8275,837.9
1753600198309,07:09:58.309,okx,ADA/USDT:USDT,0.8273,152.4,0.8272,747.1,0.8274,284.8,0.8275,837.9
1753600198409,07:09:58.409,okx,ADA/USDT:USDT,0.8273,162.3,0.8272,762.4,0.8274,269.5,0.8275,837.6
1753600198609,07:09:58.609,okx,ADA/USDT:USDT,0.8273,162.3,0.8272,747.1,0.8274,284.8,0.8275,837.9
1753600198809,07:09:58.809,okx,ADA/USDT:USDT,0.8273,182.4,0.8272,762.4,0.8274,195.2,0.8275,822.3
1753600199009,07:09:59.009,okx,ADA/USDT:USDT,0.8273,228.0,0.8272,763.1,0.8274,9.1,0.8275,507.0
1753600199509,07:09:59.509,okx,ADA/USDT:USDT,0.8273,238.0,0.8272,763.1,0.8274,4.5,0.8275,208.7
1753600199609,07:09:59.609,okx,ADA/USDT:USDT,0.8273,238.0,0.8272,763.1,0.8274,4.5,0.8275,208.7
1753600199709,07:09:59.709,okx,ADA/USDT:USDT,0.8274,897.6,0.8273,873.1,0.8275,37.6,0.8276,227.5
1753600200109,07:10:00.109,okx,ADA/USDT:USDT,0.8274,250.7,0.8273,734.6,0.8275,480.5,0.8276,445.0
1753600200509,07:10:00.509,okx,ADA/USDT:USDT,0.8274,299.3,0.8273,768.2,0.8275,281.0,0.8276,651.2
1753600200609,07:10:00.609,okx,ADA/USDT:USDT,0.8274,299.3,0.8273,768.2,0.8275,274.1,0.8276,571.1
1753600200709,07:10:00.709,okx,ADA/USDT:USDT,0.8274,301.0,0.8273,768.2,0.8275,148.7,0.8276,571.1
1753600200809,07:10:00.809,okx,ADA/USDT:USDT,0.8274,301.0,0.8273,768.2,0.8275,148.7,0.8276,571.1
1753600201109,07:10:01.109,okx,ADA/USDT:USDT,0.8274,277.8,0.8273,768.6,0.8275,114.0,0.8276,592.7
1753600201409,07:10:01.409,okx,ADA/USDT:USDT,0.8274,306.0,0.8273,782.2,0.8275,114.0,0.8276,612.7
1753600201509,07:10:01.509,okx,ADA/USDT:USDT,0.8274,289.9,0.8273,782.2,0.8275,114.7,0.8276,612.7
1753600201609,07:10:01.609,okx,ADA/USDT:USDT,0.8274,310.8,0.8273,782.2,0.8275,114.7,0.8276,612.7
1753600201709,07:10:01.709,okx,ADA/USDT:USDT,0.8274,296.2,0.8273,782.2,0.8275,114.7,0.8276,612.7
1753600201909,07:10:01.909,okx,ADA/USDT:USDT,0.8274,312.4,0.8273,782.5,0.8275,22.7,0.8276,261.2
1753600202009,07:10:02.009,okx,ADA/USDT:USDT,0.8274,312.4,0.8273,782.5,0.8275,2.7,0.8276,241.2
1753600202409,07:10:02.409,okx,ADA/USDT:USDT,0.8274,313.6,0.8273,820.7,0.8275,2.7,0.8276,189.6
1753600202609,07:10:02.609,okx,ADA/USDT:USDT,0.8274,314.1,0.8273,821.2,0.8275,2.7,0.8276,189.6
1753600202709,07:10:02.709,okx,ADA/USDT:USDT,0.8274,314.1,0.8273,821.2,0.8275,2.8,0.8276,189.6
1753600203109,07:10:03.109,okx,ADA/USDT:USDT,0.8274,314.2,0.8273,821.2,0.8275,2.7,0.8276,189.6
1753600203409,07:10:03.409,okx,ADA/USDT:USDT,0.8274,311.3,0.8273,829.7,0.8275,3.3,0.8276,189.6
1753600203509,07:10:03.509,okx,ADA/USDT:USDT,0.8274,311.5,0.8273,829.7,0.8275,4.0,0.8276,189.6
1753600203809,07:10:03.809,okx,ADA/USDT:USDT,0.8274,311.5,0.8273,830.9,0.8275,4.0,0.8276,162.3
1753600203909,07:10:03.909,okx,ADA/USDT:USDT,0.8274,311.5,0.8273,830.9,0.8275,4.0,0.8276,282.3
1753600204009,07:10:04.009,okx,ADA/USDT:USDT,0.8274,311.5,0.8273,830.9,0.8275,4.0,0.8276,282.3
1753600204209,07:10:04.209,okx,ADA/USDT:USDT,0.8275,598.9,0.8274,863.7,0.8276,42.4,0.8277,823.5
1753600204409,07:10:04.409,okx,ADA/USDT:USDT,0.8275,605.9,0.8274,862.5,0.8276,123.1,0.8277,823.5
1753600204509,07:10:04.509,okx,ADA/USDT:USDT,0.8275,618.2,0.8274,862.5,0.8276,123.1,0.8277,823.5
1753600204609,07:10:04.609,okx,ADA/USDT:USDT,0.8275,618.2,0.8274,862.5,0.8276,123.1,0.8277,823.5
1753600205309,07:10:05.309,okx,ADA/USDT:USDT,0.8275,520.4,0.8274,848.3,0.8276,200.8,0.8277,855.3
1753600205709,07:10:05.709,okx,ADA/USDT:USDT,0.8275,0.5,0.8274,359.6,0.8276,450.9,0.8277,806.0
1753600206309,07:10:06.309,okx,ADA/USDT:USDT,0.8275,136.9,0.8274,745.7,0.8276,367.9,0.8277,805.3
1753600206709,07:10:06.709,okx,ADA/USDT:USDT,0.8274,13.2,0.8273,276.4,0.8275,751.2,0.8276,872.5
1753600207009,07:10:07.009,okx,ADA/USDT:USDT,0.8274,13.1,0.8273,384.8,0.8275,773.3,0.8276,872.6
1753600207309,07:10:07.309,okx,ADA/USDT:USDT,0.8274,13.1,0.8273,733.9,0.8275,773.6,0.8276,872.6
1753600207409,07:10:07.409,okx,ADA/USDT:USDT,0.8274,13.1,0.8273,733.9,0.8275,773.6,0.8276,873.0
1753600207609,07:10:07.609,okx,ADA/USDT:USDT,0.8274,13.1,0.8273,733.8,0.8275,773.6,0.8276,753.0
1753600207709,07:10:07.709,okx,ADA/USDT:USDT,0.8274,13.1,0.8273,733.8,0.8275,759.4,0.8276,753.0
1753600208009,07:10:08.009,okx,ADA/USDT:USDT,0.8274,13.1,0.8273,733.9,0.8275,773.8,0.8276,762.2
1753600208609,07:10:08.609,okx,ADA/USDT:USDT,0.8274,276.7,0.8273,767.8,0.8275,635.2,0.8276,739.9
1753600208709,07:10:08.709,okx,ADA/USDT:USDT,0.8274,276.7,0.8273,767.8,0.8275,590.7,0.8276,739.9
1753600208809,07:10:08.809,okx,ADA/USDT:USDT,0.8274,276.7,0.8273,753.9,0.8275,470.6,0.8276,748.6
1753600209109,07:10:09.109,okx,ADA/USDT:USDT,0.8274,266.3,0.8273,767.8,0.8275,470.6,0.8276,748.6
1753600209309,07:10:09.309,okx,ADA/USDT:USDT,0.8274,274.9,0.8273,767.8,0.8275,470.6,0.8276,748.6
1753600209409,07:10:09.409,okx,ADA/USDT:USDT,0.8274,274.9,0.8273,753.9,0.8275,470.6,0.8276,748.6
1753600209609,07:10:09.609,okx,ADA/USDT:USDT,0.8274,52.7,0.8273,767.8,0.8275,479.1,0.8276,754.1
1753600209909,07:10:09.909,okx,ADA/USDT:USDT,0.8274,52.7,0.8273,767.8,0.8275,479.1,0.8276,754.5
1753600210009,07:10:10.009,okx,ADA/USDT:USDT,0.8274,16.4,0.8273,733.9,0.8275,553.7,0.8276,754.1
1753600210109,07:10:10.109,okx,ADA/USDT:USDT,0.8274,9.5,0.8273,276.4,0.8275,555.3,0.8276,754.1
1753600210209,07:10:10.209,okx,ADA/USDT:USDT,0.8274,16.4,0.8273,690.5,0.8275,546.9,0.8276,754.1
1753600210309,07:10:10.309,okx,ADA/USDT:USDT,0.8274,154.2,0.8273,747.8,0.8275,531.1,0.8276,754.1
1753600210509,07:10:10.509,okx,ADA/USDT:USDT,0.8274,162.6,0.8273,767.8,0.8275,428.8,0.8276,753.8
1753600210609,07:10:10.609,okx,ADA/USDT:USDT,0.8274,167.7,0.8273,767.8,0.8275,428.8,0.8276,789.3
1753600210909,07:10:10.909,okx,ADA/USDT:USDT,0.8274,52.7,0.8273,747.8,0.8275,490.5,0.8276,773.0
1753600211009,07:10:11.009,okx,ADA/USDT:USDT,0.8274,52.7,0.8273,747.8,0.8275,428.9,0.8276,773.0
1753600211409,07:10:11.409,okx,ADA/USDT:USDT,0.8274,133.3,0.8273,747.8,0.8275,428.9,0.8276,786.9
1753600211509,07:10:11.509,okx,ADA/USDT:USDT,0.8274,133.3,0.8273,747.8,0.8275,428.9,0.8276,786.9
1753600211809,07:10:11.809,okx,ADA/USDT:USDT,0.8274,167.6,0.8273,747.8,0.8275,428.9,0.8276,767.8
1753600211909,07:10:11.909,okx,ADA/USDT:USDT,0.8274,167.6,0.8273,767.8,0.8275,428.8,0.8276,767.8
1753600212109,07:10:12.109,okx,ADA/USDT:USDT,0.8274,145.3,0.8273,776.3,0.8275,428.8,0.8276,781.7
1753600212209,07:10:12.209,okx,ADA/USDT:USDT,0.8274,145.3,0.8273,776.3,0.8275,428.8,0.8276,780.5
1753600212309,07:10:12.309,okx,ADA/USDT:USDT,0.8274,145.3,0.8273,776.3,0.8275,428.9,0.8276,780.8
1753600212409,07:10:12.409,okx,ADA/USDT:USDT,0.8274,181.6,0.8273,776.3,0.8275,428.9,0.8276,780.5
1753600212509,07:10:12.509,okx,ADA/USDT:USDT,0.8274,181.6,0.8273,776.3,0.8275,437.6,0.8276,780.8
1753600212609,07:10:12.609,okx,ADA/USDT:USDT,0.8274,181.6,0.8273,754.0,0.8275,451.5,0.8276,780.8
1753600213009,07:10:13.009,okx,ADA/USDT:USDT,0.8274,181.6,0.8273,767.9,0.8275,428.9,0.8276,780.8
1753600213109,07:10:13.109,okx,ADA/USDT:USDT,0.8274,181.6,0.8273,767.9,0.8275,428.9,0.8276,780.5
1753600213209,07:10:13.209,okx,ADA/USDT:USDT,0.8274,181.6,0.8273,767.9,0.8275,428.9,0.8276,780.5
1753600213409,07:10:13.409,okx,ADA/USDT:USDT,0.8274,88.9,0.8273,734.0,0.8275,511.9,0.8276,780.8
1753600213709,07:10:13.709,okx,ADA/USDT:USDT,0.8274,45.7,0.8273,237.0,0.8275,635.1,0.8276,893.1
1753600213809,07:10:13.809,okx,ADA/USDT:USDT,0.8274,45.7,0.8273,237.0,0.8275,635.1,0.8276,893.5
1753600214209,07:10:14.209,okx,ADA/USDT:USDT,0.8274,45.7,0.8273,237.0,0.8275,635.1,0.8276,893.5
1753600214409,07:10:14.409,okx,ADA/USDT:USDT,0.8274,45.8,0.8273,237.0,0.8275,635.5,0.8276,893.5
1753600214709,07:10:14.709,okx,ADA/USDT:USDT,0.8274,228.4,0.8273,622.2,0.8275,240.2,0.8276,698.3
1753600215009,07:10:15.009,okx,ADA/USDT:USDT,0.8274,204.2,0.8273,608.3,0.8275,254.1,0.8276,782.4
1753600215309,07:10:15.309,okx,ADA/USDT:USDT,0.8274,85.9,0.8273,599.9,0.8275,262.8,0.8276,782.4
1753600215509,07:10:15.509,okx,ADA/USDT:USDT,0.8274,103.6,0.8273,600.3,0.8275,342.9,0.8276,782.4
1753600215709,07:10:15.709,okx,ADA/USDT:USDT,0.8274,102.4,0.8273,600.3,0.8275,342.8,0.8276,782.4
1753600216109,07:10:16.109,okx,ADA/USDT:USDT,0.8274,44.6,0.8273,600.3,0.8275,410.6,0.8276,782.2
1753600216409,07:10:16.409,okx,ADA/USDT:USDT,0.8274,44.7,0.8273,600.3,0.8275,399.7,0.8276,751.0
1753600216709,07:10:16.709,okx,ADA/USDT:USDT,0.8274,44.7,0.8273,599.9,0.8275,413.4,0.8276,844.4
1753600216909,07:10:16.909,okx,ADA/USDT:USDT,0.8274,44.7,0.8273,600.3,0.8275,399.7,0.8276,844.4
1753600217009,07:10:17.009,okx,ADA/USDT:USDT,0.8274,44.7,0.8273,600.3,0.8275,413.4,0.8276,844.4
1753600217209,07:10:17.209,okx,ADA/USDT:USDT,0.8274,168.6,0.8273,614.0,0.8275,389.5,0.8276,852.6
1753600217609,07:10:17.609,okx,ADA/USDT:USDT,0.8274,190.6,0.8273,613.6,0.8275,389.5,0.8276,830.4
1753600217909,07:10:17.909,okx,ADA/USDT:USDT,0.8274,168.7,0.8273,614.0,0.8275,329.1,0.8276,751.0
1753600218009,07:10:18.009,okx,ADA/USDT:USDT,0.8274,168.7,0.8273,614.0,0.8275,329.1,0.8276,751.0
1753600218209,07:10:18.209,okx,ADA/USDT:USDT,0.8274,170.8,0.8273,614.0,0.8275,249.7,0.8276,751.0
1753600218409,07:10:18.409,okx,ADA/USDT:USDT,0.8274,170.8,0.8273,614.0,0.8275,264.5,0.8276,751.0
1753600218509,07:10:18.509,okx,ADA/USDT:USDT,0.8274,235.9,0.8273,614.0,0.8275,250.5,0.8276,751.0
1753600218609,07:10:18.609,okx,ADA/USDT:USDT,0.8274,235.9,0.8273,613.6,0.8275,250.5,0.8276,751.0
1753600218809,07:10:18.809,okx,ADA/USDT:USDT,0.8274,168.7,0.8273,613.6,0.8275,264.5,0.8276,751.0
1753600218909,07:10:18.909,okx,ADA/USDT:USDT,0.8274,168.7,0.8273,613.6,0.8275,264.5,0.8276,751.0
1753600219009,07:10:19.009,okx,ADA/USDT:USDT,0.8274,168.7,0.8273,614.0,0.8275,250.8,0.8276,751.0
1753600219109,07:10:19.109,okx,ADA/USDT:USDT,0.8274,168.8,0.8273,614.0,0.8275,250.5,0.8276,751.0
1753600219309,07:10:19.309,okx,ADA/USDT:USDT,0.8274,250.6,0.8273,677.7,0.8275,171.9,0.8276,639.5
1753600219609,07:10:19.609,okx,ADA/USDT:USDT,0.8274,372.2,0.8273,633.9,0.8275,11.6,0.8276,337.0
1753600219709,07:10:19.709,okx,ADA/USDT:USDT,0.8274,372.2,0.8273,633.9,0.8275,11.6,0.8276,185.1
1753600220209,07:10:20.209,okx,ADA/USDT:USDT,0.8274,350.3,0.8273,634.0,0.8275,6.8,0.8276,427.8
1753600220709,07:10:20.709,okx,ADA/USDT:USDT,0.8274,358.8,0.8273,636.4,0.8275,6.8,0.8276,303.5
1753600220809,07:10:20.809,okx,ADA/USDT:USDT,0.8274,348.9,0.8273,644.6,0.8275,122.6,0.8276,437.2
1753600220909,07:10:20.909,okx,ADA/USDT:USDT,0.8274,348.9,0.8273,622.7,0.8275,153.3,0.8276,485.7
1753600221009,07:10:21.009,okx,ADA/USDT:USDT,0.8274,348.9,0.8273,636.4,0.8275,153.5,0.8276,485.7
1753600221109,07:10:21.109,okx,ADA/USDT:USDT,0.8274,368.1,0.8273,636.4,0.8275,33.7,0.8276,472.0
1753600221309,07:10:21.309,okx,ADA/USDT:USDT,0.8274,369.6,0.8273,643.7,0.8275,33.7,0.8276,223.2
1753600221509,07:10:21.509,okx,ADA/USDT:USDT,0.8274,347.7,0.8273,643.4,0.8275,76.1,0.8276,485.7
1753600221609,07:10:21.609,okx,ADA/USDT:USDT,0.8274,346.1,0.8273,643.0,0.8275,12.9,0.8276,485.7
1753600222009,07:10:22.009,okx,ADA/USDT:USDT,0.8274,347.7,0.8273,643.0,0.8275,12.9,0.8276,472.0
1753600222109,07:10:22.109,okx,ADA/USDT:USDT,0.8275,42.2,0.8274,371.1,0.8276,5.0,0.8277,916.8
1753600222309,07:10:22.309,okx,ADA/USDT:USDT,0.8275,958.7,0.8274,937.6,0.8276,11.0,0.8277,190.1
1753600222809,07:10:22.809,okx,ADA/USDT:USDT,0.8275,972.9,0.8274,818.7,0.8276,5.6,0.8277,170.1
1753600223009,07:10:23.009,okx,ADA/USDT:USDT,0.8275,972.9,0.8274,818.7,0.8276,5.6,0.8277,170.1
1753600223209,07:10:23.209,okx,ADA/USDT:USDT,0.8275,1014.7,0.8274,821.6,0.8276,5.5,0.8277,170.1
1753600223509,07:10:23.509,okx,ADA/USDT:USDT,0.8275,1014.7,0.8274,824.0,0.8276,5.5,0.8277,126.9
1753600223609,07:10:23.609,okx,ADA/USDT:USDT,0.8275,1014.7,0.8274,824.0,0.8276,5.5,0.8277,126.9
1753600223909,07:10:23.909,okx,ADA/USDT:USDT,0.8275,991.3,0.8274,823.7,0.8276,86.2,0.8277,466.0
1753600224009,07:10:24.009,okx,ADA/USDT:USDT,0.8275,1006.5,0.8274,822.5,0.8276,5.5,0.8277,195.4
1753600224109,07:10:24.109,okx,ADA/USDT:USDT,0.8275,1014.7,0.8274,822.8,0.8276,6.1,0.8277,126.9
1753600224309,07:10:24.309,okx,ADA/USDT:USDT,0.8275,1014.6,0.8274,834.7,0.8276,6.7,0.8277,126.9
1753600224409,07:10:24.409,okx,ADA/USDT:USDT,0.8275,1014.6,0.8274,834.7,0.8276,6.7,0.8277,126.9
1753600224709,07:10:24.709,okx,ADA/USDT:USDT,0.8275,1014.2,0.8274,834.7,0.8276,6.7,0.8277,126.9
1753600224809,07:10:24.809,okx,ADA/USDT:USDT,0.8275,1014.6,0.8274,834.7,0.8276,6.7,0.8277,126.9
