timestamp,time,exchange,symbol,bid1_price,bid1_volume,bid2_price,bid2_volume,ask1_price,ask1_volume,ask2_price,ask2_volume
1753599992809,07:06:32.809,okx,AEVO/USDT:USDT,0.11177,2.0,0.11176,355.0,0.11178,858.0,0.11179,1.0
1753599995209,07:06:35.209,okx,AEVO/USDT:USDT,0.11178,941.0,0.11177,2826.0,0.11183,250.0,0.11184,1096.0
1753599995309,07:06:35.309,okx,AEVO/USDT:USDT,0.11178,941.0,0.11177,2826.0,0.11183,250.0,0.11184,1096.0
1753599995509,07:06:35.509,okx,AEVO/USDT:USDT,0.11178,941.0,0.11177,875.0,0.11183,2586.0,0.11184,1096.0
1753599996309,07:06:36.309,okx,AEVO/USDT:USDT,0.11178,941.0,0.11177,875.0,0.11183,250.0,0.11184,1017.0
1753599996509,07:06:36.509,okx,AEVO/USDT:USDT,0.11178,3500.0,0.11177,875.0,0.11183,250.0,0.11184,1017.0
1753599997209,07:06:37.209,okx,AEVO/USDT:USDT,0.11178,3500.0,0.11177,875.0,0.11183,250.0,0.11184,1017.0
1753599999109,07:06:39.109,okx,AEVO/USDT:USDT,0.11179,515.0,0.11178,862.0,0.11182,448.0,0.11183,250.0
1753599999509,07:06:39.509,okx,AEVO/USDT:USDT,0.11179,515.0,0.11178,862.0,0.11183,329.0,0.11184,1815.0
1753599999709,07:06:39.709,okx,AEVO/USDT:USDT,0.11179,515.0,0.11178,862.0,0.11183,329.0,0.11184,4450.0
1753600000109,07:06:40.109,okx,AEVO/USDT:USDT,0.11179,65.0,0.11178,862.0,0.11183,329.0,0.11184,1815.0
1753600000409,07:06:40.409,okx,AEVO/USDT:USDT,0.11179,753.0,0.11178,2368.0,0.11184,1812.0,0.11186,1.0
1753600000509,07:06:40.509,okx,AEVO/USDT:USDT,0.11179,1059.0,0.11178,3598.0,0.11184,2475.0,0.11185,1.0
1753600000809,07:06:40.809,okx,AEVO/USDT:USDT,0.11181,877.0,0.1118,1511.0,0.11183,500.0,0.11184,8282.0
1753600001409,07:06:41.409,okx,AEVO/USDT:USDT,0.11181,432.0,0.1118,634.0,0.11183,509.0,0.11184,9060.0
1753600002109,07:06:42.109,okx,AEVO/USDT:USDT,0.1118,634.0,0.11179,2.0,0.11182,18.0,0.11183,2223.0
1753600002209,07:06:42.209,okx,AEVO/USDT:USDT,0.1118,634.0,0.11179,2.0,0.11182,18.0,0.11183,509.0
1753600002309,07:06:42.309,okx,AEVO/USDT:USDT,0.1118,634.0,0.11179,2.0,0.11182,18.0,0.11183,509.0
1753600002609,07:06:42.609,okx,AEVO/USDT:USDT,0.1118,634.0,0.11179,2.0,0.11182,18.0,0.11183,2023.0
1753600003709,07:06:43.709,okx,AEVO/USDT:USDT,0.11179,2.0,0.11178,2.0,0.11183,3218.0,0.11184,9062.0
1753600003909,07:06:43.909,okx,AEVO/USDT:USDT,0.11179,2.0,0.11178,2.0,0.11183,3218.0,0.11184,9062.0
1753600004009,07:06:44.009,okx,AEVO/USDT:USDT,0.11179,2.0,0.11178,2.0,0.11183,3218.0,0.11184,9062.0
1753600004209,07:06:44.209,okx,AEVO/USDT:USDT,0.11179,2.0,0.11178,586.0,0.11183,3218.0,0.11184,9062.0
1753600004509,07:06:44.509,okx,AEVO/USDT:USDT,0.11179,2.0,0.11178,2.0,0.11183,3218.0,0.11184,9062.0
1753600004909,07:06:44.909,okx,AEVO/USDT:USDT,0.11185,2933.0,0.11184,1380.0,0.11186,319.0,0.11188,4.0
1753600005809,07:06:45.809,okx,AEVO/USDT:USDT,0.11188,840.0,0.11187,1210.0,0.11192,358.0,0.11193,2.0
1753600006009,07:06:46.009,okx,AEVO/USDT:USDT,0.11188,542.0,0.11187,1210.0,0.11192,356.0,0.11193,2.0
1753600006109,07:06:46.109,okx,AEVO/USDT:USDT,0.11188,542.0,0.11187,1777.0,0.11192,356.0,0.11193,2.0
1753600006709,07:06:46.709,okx,AEVO/USDT:USDT,0.11188,542.0,0.11187,2061.0,0.11192,80.0,0.11193,2.0
1753600006909,07:06:46.909,okx,AEVO/USDT:USDT,0.11187,784.0,0.11186,2155.0,0.11192,80.0,0.11193,2.0
1753600007009,07:06:47.009,okx,AEVO/USDT:USDT,0.11187,784.0,0.11186,2155.0,0.11192,80.0,0.11193,2.0
1753600007409,07:06:47.409,okx,AEVO/USDT:USDT,0.11188,338.0,0.11187,784.0,0.11192,80.0,0.11193,2.0
1753600008009,07:06:48.009,okx,AEVO/USDT:USDT,0.11193,2.0,0.11192,570.0,0.11195,276.0,0.11196,2.0
1753600008209,07:06:48.209,okx,AEVO/USDT:USDT,0.11193,228.0,0.11192,570.0,0.11195,276.0,0.11196,2.0
1753600008309,07:06:48.309,okx,AEVO/USDT:USDT,0.11193,228.0,0.11192,570.0,0.11195,9453.0,0.11196,2.0
1753600008409,07:06:48.409,okx,AEVO/USDT:USDT,0.11193,228.0,0.11192,570.0,0.11195,9453.0,0.11196,2.0
1753600009409,07:06:49.409,okx,AEVO/USDT:USDT,0.11193,250.0,0.11192,570.0,0.11195,9177.0,0.11196,2.0
1753600010209,07:06:50.209,okx,AEVO/USDT:USDT,0.11193,250.0,0.11192,570.0,0.11195,9177.0,0.11196,2.0
1753600010409,07:06:50.409,okx,AEVO/USDT:USDT,0.11193,250.0,0.11192,570.0,0.11195,9177.0,0.11196,2.0
1753600010509,07:06:50.509,okx,AEVO/USDT:USDT,0.11193,250.0,0.11192,570.0,0.11195,9177.0,0.11196,2.0
1753600010809,07:06:50.809,okx,AEVO/USDT:USDT,0.11193,250.0,0.11192,570.0,0.11195,9177.0,0.11196,2.0
1753600011709,07:06:51.709,okx,AEVO/USDT:USDT,0.11193,1000.0,0.11192,3.0,0.11196,1.0,0.11198,5.0
1753600011809,07:06:51.809,okx,AEVO/USDT:USDT,0.11193,1000.0,0.11192,3.0,0.11196,1.0,0.11198,5.0
1753600012209,07:06:52.209,okx,AEVO/USDT:USDT,0.11193,1000.0,0.11192,3.0,0.11196,1.0,0.11197,8.0
1753600012509,07:06:52.509,okx,AEVO/USDT:USDT,0.11195,2308.0,0.11194,1134.0,0.11196,1.0,0.11198,5.0
1753600012609,07:06:52.609,okx,AEVO/USDT:USDT,0.11195,4098.0,0.11194,1134.0,0.11198,5.0,0.11199,2.0
1753600012709,07:06:52.709,okx,AEVO/USDT:USDT,0.11195,4098.0,0.11194,1136.0,0.11198,5.0,0.11199,2.0
1753600013209,07:06:53.209,okx,AEVO/USDT:USDT,0.11196,285.0,0.11195,4100.0,0.11198,3.0,0.11199,2.0
1753600013309,07:06:53.309,okx,AEVO/USDT:USDT,0.11195,4100.0,0.11194,1136.0,0.11198,667.0,0.11199,2.0
1753600013409,07:06:53.409,okx,AEVO/USDT:USDT,0.11195,4100.0,0.11194,1136.0,0.11198,3.0,0.11199,2.0
1753600013709,07:06:53.709,okx,AEVO/USDT:USDT,0.11196,285.0,0.11195,4100.0,0.11198,3.0,0.11199,2.0
1753600013809,07:06:53.809,okx,AEVO/USDT:USDT,0.11196,1117.0,0.11195,4667.0,0.11202,3.0,0.11203,2.0
1753600014009,07:06:54.009,okx,AEVO/USDT:USDT,0.11196,1117.0,0.11195,4667.0,0.11202,3.0,0.11203,2.0
1753600014309,07:06:54.309,okx,AEVO/USDT:USDT,0.11196,1117.0,0.11195,4667.0,0.11202,1.0,0.11203,2.0
1753600014809,07:06:54.809,okx,AEVO/USDT:USDT,0.11196,1784.0,0.11195,4667.0,0.11202,1.0,0.11203,2.0
1753600014909,07:06:54.909,okx,AEVO/USDT:USDT,0.11196,1784.0,0.11195,4667.0,0.11202,1.0,0.11203,1784.0
1753600015009,07:06:55.009,okx,AEVO/USDT:USDT,0.11196,1784.0,0.11195,4667.0,0.11202,668.0,0.11203,1784.0
1753600015209,07:06:55.209,okx,AEVO/USDT:USDT,0.11196,811.0,0.11195,4100.0,0.11202,1.0,0.11203,2.0
1753600015309,07:06:55.309,okx,AEVO/USDT:USDT,0.11196,1234.0,0.11195,4100.0,0.11202,1.0,0.11203,1869.0
1753600015409,07:06:55.409,okx,AEVO/USDT:USDT,0.11196,811.0,0.11195,1792.0,0.11202,2.0,0.11203,706.0
1753600015609,07:06:55.609,okx,AEVO/USDT:USDT,0.11195,2.0,0.11194,2.0,0.112,719.0,0.11201,1322.0
1753600016009,07:06:56.009,okx,AEVO/USDT:USDT,0.11195,2.0,0.11194,2.0,0.112,719.0,0.11201,1322.0
1753600016609,07:06:56.609,okx,AEVO/USDT:USDT,0.11195,2.0,0.11194,2.0,0.112,719.0,0.11201,1322.0
1753600016709,07:06:56.709,okx,AEVO/USDT:USDT,0.11195,2.0,0.11194,2.0,0.112,719.0,0.11201,1322.0
1753600016909,07:06:56.909,okx,AEVO/USDT:USDT,0.11195,2.0,0.11194,2.0,0.112,719.0,0.11201,1322.0
1753600018009,07:06:58.009,okx,AEVO/USDT:USDT,0.11195,2.0,0.11194,2.0,0.11198,5870.0,0.112,722.0
1753600018409,07:06:58.409,okx,AEVO/USDT:USDT,0.11195,2.0,0.11194,2.0,0.11198,5870.0,0.112,722.0
1753600018509,07:06:58.509,okx,AEVO/USDT:USDT,0.11195,2.0,0.11194,2.0,0.11198,5870.0,0.112,722.0
1753600018809,07:06:58.809,okx,AEVO/USDT:USDT,0.11195,2.0,0.11194,2.0,0.11198,5870.0,0.112,722.0
1753600019609,07:06:59.609,okx,AEVO/USDT:USDT,0.11195,2459.0,0.11194,569.0,0.11201,2.0,0.11202,1893.0
1753600019909,07:06:59.909,okx,AEVO/USDT:USDT,0.11196,2129.0,0.11195,2926.0,0.112,686.0,0.11201,2.0
1753600020009,07:07:00.009,okx,AEVO/USDT:USDT,0.11196,1443.0,0.11195,2926.0,0.112,686.0,0.11201,2.0
1753600020409,07:07:00.409,okx,AEVO/USDT:USDT,0.11199,2.0,0.11198,3.0,0.11204,969.0,0.11205,850.0
1753600020609,07:07:00.609,okx,AEVO/USDT:USDT,0.11199,2.0,0.11198,3.0,0.11203,448.0,0.11204,3.0
1753600020809,07:07:00.809,okx,AEVO/USDT:USDT,0.11199,2.0,0.11198,3.0,0.11203,448.0,0.11204,3.0
1753600021409,07:07:01.409,okx,AEVO/USDT:USDT,0.11198,2039.0,0.11197,1022.0,0.11203,448.0,0.11204,3.0
1753600023009,07:07:03.009,okx,AEVO/USDT:USDT,0.11192,39.0,0.11191,38.0,0.11194,1451.0,0.11195,1961.0
1753600023109,07:07:03.109,okx,AEVO/USDT:USDT,0.11192,37.0,0.11191,38.0,0.11194,2097.0,0.11195,2756.0
1753600023209,07:07:03.209,okx,AEVO/USDT:USDT,0.11192,37.0,0.11191,38.0,0.11193,1287.0,0.11194,646.0
1753600024109,07:07:04.109,okx,AEVO/USDT:USDT,0.11193,1642.0,0.11192,38.0,0.11194,617.0,0.11195,2.0
1753600026009,07:07:06.009,okx,AEVO/USDT:USDT,0.11193,12481.0,0.11192,38.0,0.11195,2.0,0.11196,3.0
1753600026709,07:07:06.709,okx,AEVO/USDT:USDT,0.11193,12481.0,0.11192,375.0,0.11195,2.0,0.11196,3.0
1753600027009,07:07:07.009,okx,AEVO/USDT:USDT,0.11193,12481.0,0.11192,375.0,0.11195,2.0,0.11196,3.0
1753600027509,07:07:07.509,okx,AEVO/USDT:USDT,0.11193,12481.0,0.11192,375.0,0.11195,2.0,0.11196,3.0
1753600028509,07:07:08.509,okx,AEVO/USDT:USDT,0.11188,30.0,0.11187,2.0,0.11192,643.0,0.11193,252.0
1753600029009,07:07:09.009,okx,AEVO/USDT:USDT,0.1119,1787.0,0.11188,2544.0,0.11192,643.0,0.11193,252.0
1753600029209,07:07:09.209,okx,AEVO/USDT:USDT,0.1119,1787.0,0.11188,3185.0,0.11193,250.0,0.11194,787.0
1753600029609,07:07:09.609,okx,AEVO/USDT:USDT,0.1119,1787.0,0.11188,3185.0,0.11193,250.0,0.11194,787.0
1753600030109,07:07:10.109,okx,AEVO/USDT:USDT,0.11191,1583.0,0.1119,5164.0,0.11196,1.0,0.11197,79.0
1753600033109,07:07:13.109,okx,AEVO/USDT:USDT,0.1118,1.0,0.11178,3.0,0.11181,1339.0,0.11182,46.0
1753600034509,07:07:14.509,okx,AEVO/USDT:USDT,0.11176,1.0,0.11175,4863.0,0.11177,618.0,0.11179,320.0
1753600034909,07:07:14.909,okx,AEVO/USDT:USDT,0.11177,755.0,0.11176,1.0,0.11179,938.0,0.1118,1.0
1753600035109,07:07:15.109,okx,AEVO/USDT:USDT,0.11177,755.0,0.11176,3.0,0.11179,938.0,0.1118,1.0
1753600035209,07:07:15.209,okx,AEVO/USDT:USDT,0.11177,755.0,0.11176,3.0,0.11179,938.0,0.1118,1.0
1753600035509,07:07:15.509,okx,AEVO/USDT:USDT,0.11177,755.0,0.11176,3.0,0.11178,2476.0,0.11179,320.0
1753600036109,07:07:16.109,okx,AEVO/USDT:USDT,0.11176,3.0,0.11175,4042.0,0.11178,3094.0,0.11179,320.0
1753600036809,07:07:16.809,okx,AEVO/USDT:USDT,0.11176,3.0,0.11175,4042.0,0.11178,2598.0,0.11179,320.0
1753600037509,07:07:17.509,okx,AEVO/USDT:USDT,0.11174,12081.0,0.11173,221.0,0.11175,3285.0,0.11177,2388.0
1753600037709,07:07:17.709,okx,AEVO/USDT:USDT,0.11174,12081.0,0.11173,221.0,0.11175,3285.0,0.11177,2388.0
1753600037909,07:07:17.909,okx,AEVO/USDT:USDT,0.11174,12081.0,0.11173,221.0,0.11175,3285.0,0.11177,2388.0
1753600038209,07:07:18.209,okx,AEVO/USDT:USDT,0.11174,12081.0,0.11173,221.0,0.11175,3285.0,0.11177,2388.0
1753600042509,07:07:22.509,okx,AEVO/USDT:USDT,0.11174,12081.0,0.11173,221.0,0.11175,3277.0,0.11176,74.0
1753600042909,07:07:22.909,okx,AEVO/USDT:USDT,0.11174,12081.0,0.11173,221.0,0.11175,3277.0,0.11176,74.0
1753600043609,07:07:23.609,okx,AEVO/USDT:USDT,0.11186,750.0,0.11185,3885.0,0.1119,1046.0,0.11191,8182.0
1753600043709,07:07:23.709,okx,AEVO/USDT:USDT,0.11186,750.0,0.11185,3244.0,0.1119,1046.0,0.11191,10249.0
1753600044409,07:07:24.409,okx,AEVO/USDT:USDT,0.11179,2951.0,0.11178,6150.0,0.11185,1654.0,0.11186,2.0
1753600044509,07:07:24.509,okx,AEVO/USDT:USDT,0.11179,2951.0,0.11178,6150.0,0.11185,1653.0,0.11186,2.0
1753600044809,07:07:24.809,okx,AEVO/USDT:USDT,0.11179,741.0,0.11178,6150.0,0.11184,2722.0,0.11185,7420.0
1753600046409,07:07:26.409,okx,AEVO/USDT:USDT,0.11179,2194.0,0.11178,4360.0,0.11184,2548.0,0.11185,8131.0
1753600046609,07:07:26.609,okx,AEVO/USDT:USDT,0.11179,2194.0,0.11178,4360.0,0.11184,2548.0,0.11185,8131.0
1753600047309,07:07:27.309,okx,AEVO/USDT:USDT,0.11179,2.0,0.11178,3.0,0.11183,891.0,0.11184,2550.0
1753600047609,07:07:27.609,okx,AEVO/USDT:USDT,0.11179,2.0,0.11178,1712.0,0.11183,3243.0,0.11184,2551.0
1753600048209,07:07:28.209,okx,AEVO/USDT:USDT,0.11179,2.0,0.11178,1712.0,0.11183,3243.0,0.11184,2551.0
1753600048509,07:07:28.509,okx,AEVO/USDT:USDT,0.11179,2.0,0.11178,1712.0,0.11183,3243.0,0.11184,2551.0
1753600049309,07:07:29.309,okx,AEVO/USDT:USDT,0.11181,877.0,0.1118,2201.0,0.11184,2550.0,0.11185,8132.0
1753600049809,07:07:29.809,okx,AEVO/USDT:USDT,0.11184,1045.0,0.11183,963.0,0.11188,80.0,0.1119,2.0
1753600050309,07:07:30.309,okx,AEVO/USDT:USDT,0.11188,2865.0,0.11187,1966.0,0.1119,1.0,0.11191,34.0
1753600050409,07:07:30.409,okx,AEVO/USDT:USDT,0.11188,2865.0,0.11187,1966.0,0.1119,1.0,0.11191,34.0
1753600051509,07:07:31.509,okx,AEVO/USDT:USDT,0.11187,2270.0,0.11186,2407.0,0.1119,1.0,0.11191,34.0
1753600052509,07:07:32.509,okx,AEVO/USDT:USDT,0.11187,2270.0,0.11186,2407.0,0.1119,1.0,0.11191,34.0
1753600053409,07:07:33.409,okx,AEVO/USDT:USDT,0.11187,2270.0,0.11186,2407.0,0.1119,1.0,0.11191,34.0
1753600053809,07:07:33.809,okx,AEVO/USDT:USDT,0.11187,2269.0,0.11186,2407.0,0.1119,1.0,0.11191,2126.0
1753600055109,07:07:35.109,okx,AEVO/USDT:USDT,0.11187,2269.0,0.11186,2407.0,0.11191,2116.0,0.11192,5643.0
1753600056309,07:07:36.309,okx,AEVO/USDT:USDT,0.11187,2269.0,0.11186,2.0,0.11191,2116.0,0.11192,5643.0
1753600056809,07:07:36.809,okx,AEVO/USDT:USDT,0.11191,1451.0,0.1119,1278.0,0.11192,2295.0,0.11193,1636.0
1753600057209,07:07:37.209,okx,AEVO/USDT:USDT,0.11192,1422.0,0.11191,637.0,0.11193,1636.0,0.11194,1.0
1753600057409,07:07:37.409,okx,AEVO/USDT:USDT,0.11195,1805.0,0.11194,3902.0,0.11196,82.0,0.11198,3.0
1753600058209,07:07:38.209,okx,AEVO/USDT:USDT,0.11195,1805.0,0.11194,3959.0,0.11196,82.0,0.11198,3.0
1753600058909,07:07:38.909,okx,AEVO/USDT:USDT,0.11195,1805.0,0.11194,3959.0,0.11196,82.0,0.11198,3.0
1753600059009,07:07:39.009,okx,AEVO/USDT:USDT,0.11195,1805.0,0.11194,3959.0,0.11196,82.0,0.11198,3.0
1753600060209,07:07:40.209,okx,AEVO/USDT:USDT,0.11195,1805.0,0.11194,4105.0,0.11196,82.0,0.11198,3.0
1753600060309,07:07:40.309,okx,AEVO/USDT:USDT,0.11195,968.0,0.11194,4048.0,0.11196,19456.0,0.11198,3.0
1753600060609,07:07:40.609,okx,AEVO/USDT:USDT,0.11194,7452.0,0.11193,23.0,0.11196,19456.0,0.11198,3.0
1753600061709,07:07:41.709,okx,AEVO/USDT:USDT,0.11194,7829.0,0.11193,660.0,0.11196,19377.0,0.11198,3.0
1753600063009,07:07:43.009,okx,AEVO/USDT:USDT,0.11194,8424.0,0.11193,854.0,0.11196,19377.0,0.11198,3.0
1753600063209,07:07:43.209,okx,AEVO/USDT:USDT,0.11194,8424.0,0.11193,854.0,0.11196,19377.0,0.11198,3.0
1753600065109,07:07:45.109,okx,AEVO/USDT:USDT,0.11194,8834.0,0.11193,1491.0,0.11198,3.0,0.112,4.0
1753600065309,07:07:45.309,okx,AEVO/USDT:USDT,0.11195,3558.0,0.11194,8790.0,0.11202,2411.0,0.11203,8040.0
1753600065409,07:07:45.409,okx,AEVO/USDT:USDT,0.11195,3558.0,0.11194,8790.0,0.11202,2411.0,0.11203,8040.0
1753600065509,07:07:45.509,okx,AEVO/USDT:USDT,0.11195,3558.0,0.11194,8790.0,0.11202,2411.0,0.11203,8040.0
1753600066109,07:07:46.109,okx,AEVO/USDT:USDT,0.11195,3876.0,0.11194,9109.0,0.11202,2411.0,0.11203,8040.0
1753600067309,07:07:47.309,okx,AEVO/USDT:USDT,0.11195,2853.0,0.11194,5846.0,0.11202,2411.0,0.11203,8040.0
1753600067409,07:07:47.409,okx,AEVO/USDT:USDT,0.11195,1945.0,0.11194,5846.0,0.11202,2411.0,0.11203,8040.0
1753600067609,07:07:47.609,okx,AEVO/USDT:USDT,0.11195,1945.0,0.11194,5846.0,0.11202,2411.0,0.11203,8040.0
1753600067909,07:07:47.909,okx,AEVO/USDT:USDT,0.11195,1945.0,0.11194,5846.0,0.11202,2411.0,0.11203,8040.0
1753600069009,07:07:49.009,okx,AEVO/USDT:USDT,0.112,322.0,0.11199,2230.0,0.11203,8038.0,0.11204,1.0
1753600070109,07:07:50.109,okx,AEVO/USDT:USDT,0.11199,2.0,0.11198,3.0,0.11203,8038.0,0.11204,3.0
1753600070209,07:07:50.209,okx,AEVO/USDT:USDT,0.11199,2.0,0.11198,3.0,0.11203,8038.0,0.11204,3.0
1753600071409,07:07:51.409,okx,AEVO/USDT:USDT,0.11199,2.0,0.11198,3.0,0.11202,3226.0,0.11203,8038.0
1753600072509,07:07:52.509,okx,AEVO/USDT:USDT,0.11199,4671.0,0.11198,3.0,0.11203,8038.0,0.11204,3.0
1753600073709,07:07:53.709,okx,AEVO/USDT:USDT,0.11206,1769.0,0.11205,1276.0,0.1121,1.0,0.11212,4482.0
1753600073809,07:07:53.809,okx,AEVO/USDT:USDT,0.11207,1105.0,0.11206,955.0,0.1121,1.0,0.11212,3488.0
1753600074009,07:07:54.009,okx,AEVO/USDT:USDT,0.11207,787.0,0.11205,640.0,0.1121,1.0,0.11212,3490.0
1753600074209,07:07:54.209,okx,AEVO/USDT:USDT,0.11207,787.0,0.11206,2.0,0.1121,1.0,0.11212,3490.0
1753600074509,07:07:54.509,okx,AEVO/USDT:USDT,0.11207,787.0,0.11206,639.0,0.1121,1.0,0.11212,3490.0
1753600074809,07:07:54.809,okx,AEVO/USDT:USDT,0.11207,787.0,0.11206,639.0,0.1121,1.0,0.11212,3490.0
1753600076809,07:07:56.809,okx,AEVO/USDT:USDT,0.11206,2065.0,0.11205,640.0,0.1121,1.0,0.11212,4256.0
1753600078309,07:07:58.309,okx,AEVO/USDT:USDT,0.11201,2.0,0.112,3.0,0.11202,44898.0,0.11204,2311.0
1753600079209,07:07:59.209,okx,AEVO/USDT:USDT,0.11194,5.0,0.11193,639.0,0.112,3130.0,0.11201,13471.0
1753600079709,07:07:59.709,okx,AEVO/USDT:USDT,0.11194,2515.0,0.11193,639.0,0.112,694.0,0.11201,13471.0
1753600080009,07:08:00.009,okx,AEVO/USDT:USDT,0.11194,5.0,0.11193,639.0,0.112,3220.0,0.11201,13471.0
1753600080209,07:08:00.209,okx,AEVO/USDT:USDT,0.11194,5.0,0.11193,1276.0,0.112,3220.0,0.11201,13471.0
1753600081009,07:08:01.009,okx,AEVO/USDT:USDT,0.11195,19.0,0.11194,45.0,0.11197,6363.0,0.112,695.0
1753600081109,07:08:01.109,okx,AEVO/USDT:USDT,0.11195,19.0,0.11194,45.0,0.11197,6363.0,0.112,695.0
1753600081209,07:08:01.209,okx,AEVO/USDT:USDT,0.11195,19.0,0.11194,45.0,0.11197,6363.0,0.112,695.0
1753600082009,07:08:02.009,okx,AEVO/USDT:USDT,0.11194,45.0,0.11193,42.0,0.11197,7122.0,0.112,5244.0
1753600082209,07:08:02.209,okx,AEVO/USDT:USDT,0.11187,41.0,0.11186,43.0,0.11189,2627.0,0.1119,831.0
1753600082609,07:08:02.609,okx,AEVO/USDT:USDT,0.11186,43.0,0.11185,42.0,0.11187,2172.0,0.11189,2627.0
1753600082709,07:08:02.709,okx,AEVO/USDT:USDT,0.11186,41.0,0.11185,42.0,0.11187,2994.0,0.11188,1.0
1753600083709,07:08:03.709,okx,AEVO/USDT:USDT,0.11186,41.0,0.11185,40.0,0.11187,2994.0,0.11188,996.0
1753600084709,07:08:04.709,okx,AEVO/USDT:USDT,0.11186,41.0,0.11185,40.0,0.11187,2994.0,0.11188,10.0
1753600085809,07:08:05.809,okx,AEVO/USDT:USDT,0.11186,41.0,0.11185,40.0,0.11187,2994.0,0.11188,12.0
1753600086209,07:08:06.209,okx,AEVO/USDT:USDT,0.11186,1009.0,0.11185,42.0,0.11189,2627.0,0.1119,3.0
1753600086409,07:08:06.409,okx,AEVO/USDT:USDT,0.11186,1009.0,0.11185,42.0,0.11189,2627.0,0.1119,3.0
1753600086709,07:08:06.709,okx,AEVO/USDT:USDT,0.11186,1009.0,0.11185,42.0,0.11189,2627.0,0.1119,3.0
1753600087409,07:08:07.409,okx,AEVO/USDT:USDT,0.11186,1009.0,0.11185,42.0,0.11189,2627.0,0.1119,3.0
1753600088209,07:08:08.209,okx,AEVO/USDT:USDT,0.11186,1962.0,0.11185,1330.0,0.11191,2.0,0.11192,782.0
1753600088509,07:08:08.509,okx,AEVO/USDT:USDT,0.11186,2249.0,0.11185,1942.0,0.11193,2.0,0.11194,5759.0
1753600088709,07:08:08.709,okx,AEVO/USDT:USDT,0.11186,2249.0,0.11185,1266.0,0.11193,870.0,0.11194,5759.0
1753600091309,07:08:11.309,okx,AEVO/USDT:USDT,0.11186,1971.0,0.11185,42.0,0.11192,1227.0,0.11193,2833.0
1753600091509,07:08:11.509,okx,AEVO/USDT:USDT,0.11186,1971.0,0.11185,42.0,0.11192,1227.0,0.11193,2833.0
1753600091809,07:08:11.809,okx,AEVO/USDT:USDT,0.11186,1971.0,0.11185,42.0,0.11192,1227.0,0.11193,2833.0
1753600093609,07:08:13.609,okx,AEVO/USDT:USDT,0.11186,1194.0,0.11185,42.0,0.11192,1227.0,0.11193,2833.0
1753600093709,07:08:13.709,okx,AEVO/USDT:USDT,0.11186,1194.0,0.11185,654.0,0.11192,833.0,0.11193,1838.0
1753600094009,07:08:14.009,okx,AEVO/USDT:USDT,0.11186,1194.0,0.11185,3613.0,0.11192,833.0,0.11193,1838.0
1753600094309,07:08:14.309,okx,AEVO/USDT:USDT,0.11186,1194.0,0.11185,3613.0,0.11192,833.0,0.11193,1838.0
1753600094509,07:08:14.509,okx,AEVO/USDT:USDT,0.11186,1194.0,0.11185,3613.0,0.11192,833.0,0.11193,1838.0
1753600094809,07:08:14.809,okx,AEVO/USDT:USDT,0.11186,1194.0,0.11185,4455.0,0.11189,25.0,0.1119,13.0
1753600095009,07:08:15.009,okx,AEVO/USDT:USDT,0.11186,1194.0,0.11185,4455.0,0.11189,25.0,0.1119,2.0
1753600095909,07:08:15.909,okx,AEVO/USDT:USDT,0.11186,1194.0,0.11185,4455.0,0.11192,835.0,0.11193,1839.0
1753600096509,07:08:16.509,okx,AEVO/USDT:USDT,0.11186,1194.0,0.11185,884.0,0.11192,835.0,0.11193,1839.0
1753600097609,07:08:17.609,okx,AEVO/USDT:USDT,0.11186,1185.0,0.11185,42.0,0.11191,4856.0,0.11192,17180.0
1753600097809,07:08:17.809,okx,AEVO/USDT:USDT,0.11186,1185.0,0.11185,42.0,0.11191,4856.0,0.11192,17180.0
1753600100809,07:08:20.809,okx,AEVO/USDT:USDT,0.11193,2.0,0.11192,18.0,0.11195,2216.0,0.11196,1.0
1753600101609,07:08:21.609,okx,AEVO/USDT:USDT,0.11193,2.0,0.11192,18.0,0.11195,2216.0,0.11196,1.0
1753600102109,07:08:22.109,okx,AEVO/USDT:USDT,0.11193,2.0,0.11192,18.0,0.11195,2216.0,0.11196,335.0
1753600102209,07:08:22.209,okx,AEVO/USDT:USDT,0.11193,2.0,0.11192,3.0,0.11195,2216.0,0.11196,335.0
1753600102609,07:08:22.609,okx,AEVO/USDT:USDT,0.11192,3.0,0.11191,2.0,0.11195,2216.0,0.11196,337.0
1753600103809,07:08:23.809,okx,AEVO/USDT:USDT,0.11193,3619.0,0.11192,3.0,0.11195,2216.0,0.11196,337.0
1753600105409,07:08:25.409,okx,AEVO/USDT:USDT,0.11191,8.0,0.11189,2.0,0.11193,2627.0,0.11194,2.0
1753600105809,07:08:25.809,okx,AEVO/USDT:USDT,0.11191,8.0,0.11189,2.0,0.11193,2627.0,0.11194,2.0
1753600106009,07:08:26.009,okx,AEVO/USDT:USDT,0.11191,8.0,0.1119,591.0,0.11194,1357.0,0.11195,2451.0
1753600106409,07:08:26.409,okx,AEVO/USDT:USDT,0.11191,8.0,0.1119,1.0,0.11194,2.0,0.11195,2452.0
1753600106709,07:08:26.709,okx,AEVO/USDT:USDT,0.11191,8.0,0.1119,1.0,0.11194,943.0,0.11195,2451.0
1753600110609,07:08:30.609,okx,AEVO/USDT:USDT,0.11194,2132.0,0.11193,1286.0,0.11195,322.0,0.11196,1.0
1753600110909,07:08:30.909,okx,AEVO/USDT:USDT,0.11194,2132.0,0.11193,1306.0,0.11195,322.0,0.11196,1.0
1753600111209,07:08:31.209,okx,AEVO/USDT:USDT,0.11194,2132.0,0.11193,1306.0,0.11195,322.0,0.11196,1.0
1753600111709,07:08:31.709,okx,AEVO/USDT:USDT,0.11195,3073.0,0.11194,185.0,0.11198,1.0,0.112,2.0
1753600111809,07:08:31.809,okx,AEVO/USDT:USDT,0.11195,3073.0,0.11194,185.0,0.11198,1.0,0.112,2.0
1753600112709,07:08:32.709,okx,AEVO/USDT:USDT,0.11195,3073.0,0.11194,185.0,0.11198,1.0,0.112,2.0
1753600113909,07:08:33.909,okx,AEVO/USDT:USDT,0.11195,3073.0,0.11194,185.0,0.11198,1.0,0.112,2.0
1753600114909,07:08:34.909,okx,AEVO/USDT:USDT,0.11193,2.0,0.11192,4.0,0.11197,1331.0,0.11198,1230.0
1753600115509,07:08:35.509,okx,AEVO/USDT:USDT,0.11193,2.0,0.11192,3.0,0.11195,1331.0,0.11196,2.0
1753600115709,07:08:35.709,okx,AEVO/USDT:USDT,0.11193,2.0,0.11192,3.0,0.11195,1331.0,0.11196,2.0
1753600117109,07:08:37.109,okx,AEVO/USDT:USDT,0.11178,3.0,0.11177,2.0,0.1118,849.0,0.11181,1.0
1753600117409,07:08:37.409,okx,AEVO/USDT:USDT,0.11178,3.0,0.11177,2.0,0.1118,849.0,0.11181,1.0
1753600118009,07:08:38.009,okx,AEVO/USDT:USDT,0.11178,7.0,0.11177,2.0,0.1118,849.0,0.11182,1968.0
1753600119009,07:08:39.009,okx,AEVO/USDT:USDT,0.11178,7.0,0.11177,2.0,0.1118,849.0,0.11181,1745.0
1753600119109,07:08:39.109,okx,AEVO/USDT:USDT,0.11178,7.0,0.11177,2.0,0.1118,849.0,0.11181,1745.0
1753600120009,07:08:40.009,okx,AEVO/USDT:USDT,0.11178,7.0,0.11177,2.0,0.1118,849.0,0.11181,1745.0
1753600120109,07:08:40.109,okx,AEVO/USDT:USDT,0.11178,7.0,0.11177,2.0,0.1118,849.0,0.11181,1745.0
1753600122509,07:08:42.509,okx,AEVO/USDT:USDT,0.11176,1.0,0.11175,656.0,0.11181,33586.0,0.11182,72.0
1753600123509,07:08:43.509,okx,AEVO/USDT:USDT,0.11177,798.0,0.11176,1309.0,0.11181,32149.0,0.11182,1506.0
1753600123709,07:08:43.709,okx,AEVO/USDT:USDT,0.11177,31.0,0.11176,656.0,0.11181,32149.0,0.11182,1506.0
1753600124709,07:08:44.709,okx,AEVO/USDT:USDT,0.1118,877.0,0.11179,879.0,0.11181,32149.0,0.11182,70.0
1753600125309,07:08:45.309,okx,AEVO/USDT:USDT,0.1118,877.0,0.11179,879.0,0.11181,32149.0,0.11182,70.0
1753600126209,07:08:46.209,okx,AEVO/USDT:USDT,0.11182,2725.0,0.11181,2027.0,0.11186,1.0,0.11187,324.0
1753600126409,07:08:46.409,okx,AEVO/USDT:USDT,0.11182,2725.0,0.11181,2027.0,0.11186,1.0,0.11187,324.0
1753600127309,07:08:47.309,okx,AEVO/USDT:USDT,0.11182,2725.0,0.11181,2027.0,0.11186,1.0,0.11187,324.0
1753600128509,07:08:48.509,okx,AEVO/USDT:USDT,0.11183,2592.0,0.11182,2.0,0.11186,324.0,0.11188,4.0
1753600128609,07:08:48.609,okx,AEVO/USDT:USDT,0.11183,2592.0,0.11182,3.0,0.11186,324.0,0.11188,1621.0
1753600129809,07:08:49.809,okx,AEVO/USDT:USDT,0.11183,2592.0,0.11182,2536.0,0.11186,324.0,0.11188,4.0
1753600130809,07:08:50.809,okx,AEVO/USDT:USDT,0.11183,2592.0,0.11182,2536.0,0.11186,324.0,0.11188,4.0
1753600131309,07:08:51.309,okx,AEVO/USDT:USDT,0.11184,22.0,0.11183,2592.0,0.11186,324.0,0.11188,1621.0
1753600133109,07:08:53.109,okx,AEVO/USDT:USDT,0.11186,2266.0,0.11185,2.0,0.11188,1.0,0.11189,2.0
1753600133209,07:08:53.209,okx,AEVO/USDT:USDT,0.11186,2266.0,0.11185,2.0,0.11188,1.0,0.11189,2.0
1753600133409,07:08:53.409,okx,AEVO/USDT:USDT,0.11186,2266.0,0.11185,2.0,0.11188,1.0,0.11189,2.0
1753600134909,07:08:54.909,okx,AEVO/USDT:USDT,0.11205,729.0,0.11204,99.0,0.11208,1206.0,0.11209,5399.0
1753600135509,07:08:55.509,okx,AEVO/USDT:USDT,0.11206,25.0,0.11205,731.0,0.11208,1206.0,0.11209,5399.0
1753600135809,07:08:55.809,okx,AEVO/USDT:USDT,0.11206,25.0,0.11205,2682.0,0.11208,1206.0,0.11209,5399.0
1753600137709,07:08:57.709,okx,AEVO/USDT:USDT,0.11206,2626.0,0.11205,2037.0,0.11209,4503.0,0.1121,1735.0
1753600137809,07:08:57.809,okx,AEVO/USDT:USDT,0.11206,2626.0,0.11205,2037.0,0.11209,4503.0,0.1121,1735.0
1753600138609,07:08:58.609,okx,AEVO/USDT:USDT,0.11207,7638.0,0.11206,2279.0,0.11209,4503.0,0.1121,1735.0
1753600139309,07:08:59.309,okx,AEVO/USDT:USDT,0.11204,1858.0,0.11203,4190.0,0.11209,4503.0,0.1121,1738.0
1753600140909,07:09:00.909,okx,AEVO/USDT:USDT,0.11208,968.0,0.11205,2947.0,0.11209,3670.0,0.1121,1738.0
1753600142609,07:09:02.609,okx,AEVO/USDT:USDT,0.11208,2.0,0.11207,2.0,0.11211,106.0,0.11212,3.0
1753600143709,07:09:03.709,okx,AEVO/USDT:USDT,0.11209,90865.0,0.11208,2188.0,0.11212,3.0,0.11213,2.0
1753600144309,07:09:04.309,okx,AEVO/USDT:USDT,0.11209,92763.0,0.11208,699.0,0.11212,3.0,0.11213,2.0
1753600144909,07:09:04.909,okx,AEVO/USDT:USDT,0.11209,92763.0,0.11208,699.0,0.11212,3.0,0.11213,2.0
1753600145709,07:09:05.709,okx,AEVO/USDT:USDT,0.1121,3121.0,0.11209,92763.0,0.11212,3.0,0.11213,2.0
1753600146209,07:09:06.209,okx,AEVO/USDT:USDT,0.11206,1.0,0.11205,18.0,0.11208,1845.0,0.11209,815.0
1753600146609,07:09:06.609,okx,AEVO/USDT:USDT,0.11206,1.0,0.11205,2144.0,0.11208,514.0,0.11209,815.0
1753600147109,07:09:07.109,okx,AEVO/USDT:USDT,0.11206,1.0,0.11205,2943.0,0.11208,514.0,0.11209,2.0
1753600147309,07:09:07.309,okx,AEVO/USDT:USDT,0.11206,1.0,0.11205,2850.0,0.11208,514.0,0.11209,2.0
1753600147709,07:09:07.709,okx,AEVO/USDT:USDT,0.11206,1911.0,0.11205,2850.0,0.11208,514.0,0.11209,2.0
1753600148209,07:09:08.209,okx,AEVO/USDT:USDT,0.11206,1911.0,0.11205,2850.0,0.11208,514.0,0.11209,2.0
1753600148709,07:09:08.709,okx,AEVO/USDT:USDT,0.11206,1954.0,0.11205,6021.0,0.11208,514.0,0.11209,2.0
1753600148809,07:09:08.809,okx,AEVO/USDT:USDT,0.11206,1954.0,0.11205,6021.0,0.11208,514.0,0.11209,2.0
1753600148909,07:09:08.909,okx,AEVO/USDT:USDT,0.11206,1954.0,0.11205,6021.0,0.11208,514.0,0.11209,2.0
1753600149009,07:09:09.009,okx,AEVO/USDT:USDT,0.11209,45.0,0.11208,45.0,0.1121,2.0,0.11211,2.0
1753600149409,07:09:09.409,okx,AEVO/USDT:USDT,0.11208,3171.0,0.11207,2.0,0.1121,2.0,0.11211,2.0
1753600149609,07:09:09.609,okx,AEVO/USDT:USDT,0.11208,3171.0,0.11207,2.0,0.11211,2.0,0.11212,4.0
1753600149809,07:09:09.809,okx,AEVO/USDT:USDT,0.11207,2.0,0.11206,1956.0,0.11211,2.0,0.11212,4.0
1753600150009,07:09:10.009,okx,AEVO/USDT:USDT,0.11207,1649.0,0.11206,1956.0,0.11211,2.0,0.11212,4.0
1753600150709,07:09:10.709,okx,AEVO/USDT:USDT,0.11207,1667.0,0.11206,2372.0,0.11211,2.0,0.11212,914.0
1753600150809,07:09:10.809,okx,AEVO/USDT:USDT,0.11207,1667.0,0.11206,2372.0,0.11211,2.0,0.11212,914.0
1753600151209,07:09:11.209,okx,AEVO/USDT:USDT,0.11207,1676.0,0.11206,2372.0,0.11211,2.0,0.11212,4.0
1753600151309,07:09:11.309,okx,AEVO/USDT:USDT,0.11207,1676.0,0.11206,2372.0,0.11211,2.0,0.11212,4.0
1753600152509,07:09:12.509,okx,AEVO/USDT:USDT,0.11207,1667.0,0.11206,2372.0,0.11211,8743.0,0.11212,1006.0
1753600152609,07:09:12.609,okx,AEVO/USDT:USDT,0.11207,2.0,0.11206,1715.0,0.11211,8743.0,0.11212,1006.0
1753600153009,07:09:13.009,okx,AEVO/USDT:USDT,0.11206,44.0,0.11205,2146.0,0.11209,912.0,0.1121,1863.0
1753600153309,07:09:13.309,okx,AEVO/USDT:USDT,0.11206,44.0,0.11205,3815.0,0.11209,464.0,0.1121,2244.0
1753600153909,07:09:13.909,okx,AEVO/USDT:USDT,0.11206,44.0,0.11205,3815.0,0.11209,464.0,0.1121,2244.0
1753600154709,07:09:14.709,okx,AEVO/USDT:USDT,0.11206,44.0,0.11205,2146.0,0.11209,464.0,0.1121,3246.0
1753600155009,07:09:15.009,okx,AEVO/USDT:USDT,0.11206,44.0,0.11205,20.0,0.1121,2244.0,0.11211,8743.0
1753600155209,07:09:15.209,okx,AEVO/USDT:USDT,0.11206,44.0,0.11205,20.0,0.1121,2244.0,0.11211,8743.0
1753600156309,07:09:16.309,okx,AEVO/USDT:USDT,0.11205,17.0,0.11204,20.0,0.11206,769.0,0.11208,16.0
1753600156509,07:09:16.509,okx,AEVO/USDT:USDT,0.11205,17.0,0.11204,20.0,0.11206,769.0,0.11208,16.0
1753600157409,07:09:17.409,okx,AEVO/USDT:USDT,0.11205,17.0,0.11204,20.0,0.11206,769.0,0.11208,16.0
1753600158609,07:09:18.609,okx,AEVO/USDT:USDT,0.11205,17.0,0.11204,20.0,0.11206,769.0,0.11207,719.0
1753600158909,07:09:18.909,okx,AEVO/USDT:USDT,0.11205,17.0,0.11204,20.0,0.11206,769.0,0.11207,719.0
1753600159509,07:09:19.509,okx,AEVO/USDT:USDT,0.11205,17.0,0.11204,20.0,0.11206,769.0,0.11207,719.0
1753600159809,07:09:19.809,okx,AEVO/USDT:USDT,0.11205,17.0,0.11204,20.0,0.11206,769.0,0.11207,719.0
1753600159909,07:09:19.909,okx,AEVO/USDT:USDT,0.11205,17.0,0.11204,20.0,0.11206,769.0,0.11207,719.0
1753600160609,07:09:20.609,okx,AEVO/USDT:USDT,0.11202,18.0,0.11201,19.0,0.11204,1655.0,0.11205,3.0
1753600161109,07:09:21.109,okx,AEVO/USDT:USDT,0.11202,18.0,0.11201,17.0,0.11204,1655.0,0.11205,3.0
1753600161309,07:09:21.309,okx,AEVO/USDT:USDT,0.11202,18.0,0.11201,17.0,0.11204,1684.0,0.11205,3.0
1753600161909,07:09:21.909,okx,AEVO/USDT:USDT,0.11202,18.0,0.11201,17.0,0.11204,2449.0,0.11205,3.0
1753600162609,07:09:22.609,okx,AEVO/USDT:USDT,0.11202,18.0,0.11201,17.0,0.11204,2449.0,0.11205,3.0
1753600162709,07:09:22.709,okx,AEVO/USDT:USDT,0.11202,18.0,0.11201,17.0,0.11204,2449.0,0.11205,3.0
1753600162909,07:09:22.909,okx,AEVO/USDT:USDT,0.11202,18.0,0.11201,17.0,0.11204,2449.0,0.11205,3.0
1753600163009,07:09:23.009,okx,AEVO/USDT:USDT,0.11202,18.0,0.11201,17.0,0.11204,2449.0,0.11205,3.0
1753600163809,07:09:23.809,okx,AEVO/USDT:USDT,0.11202,18.0,0.11201,17.0,0.11204,2449.0,0.11205,28.0
1753600164809,07:09:24.809,okx,AEVO/USDT:USDT,0.11202,18.0,0.11201,17.0,0.11204,2449.0,0.11205,28.0
1753600164909,07:09:24.909,okx,AEVO/USDT:USDT,0.11202,18.0,0.11201,17.0,0.11204,2449.0,0.11205,28.0
1753600165009,07:09:25.009,okx,AEVO/USDT:USDT,0.11202,18.0,0.11201,17.0,0.11204,2449.0,0.11205,28.0
1753600165809,07:09:25.809,okx,AEVO/USDT:USDT,0.11202,18.0,0.11201,17.0,0.11204,2463.0,0.11205,28.0
1753600166909,07:09:26.909,okx,AEVO/USDT:USDT,0.11201,17.0,0.112,25.0,0.11202,751.0,0.11204,1134.0
1753600168509,07:09:28.509,okx,AEVO/USDT:USDT,0.11201,17.0,0.112,25.0,0.11202,751.0,0.11204,1134.0
1753600169209,07:09:29.209,okx,AEVO/USDT:USDT,0.11201,985.0,0.112,25.0,0.11202,751.0,0.11204,1091.0
1753600169809,07:09:29.809,okx,AEVO/USDT:USDT,0.11214,724.0,0.11213,727.0,0.11222,33.0,0.11223,2533.0
1753600170309,07:09:30.309,okx,AEVO/USDT:USDT,0.11219,1987.0,0.11218,801.0,0.11221,1510.0,0.11222,4871.0
1753600170609,07:09:30.609,okx,AEVO/USDT:USDT,0.11219,1987.0,0.11218,801.0,0.11221,1510.0,0.11222,4871.0
1753600170709,07:09:30.709,okx,AEVO/USDT:USDT,0.11219,1987.0,0.11218,801.0,0.11221,1510.0,0.11222,4871.0
1753600170909,07:09:30.909,okx,AEVO/USDT:USDT,0.11219,1987.0,0.11218,801.0,0.11221,1510.0,0.11222,4871.0
1753600171109,07:09:31.109,okx,AEVO/USDT:USDT,0.11219,3647.0,0.11218,1603.0,0.11221,1510.0,0.11222,4871.0
1753600171509,07:09:31.509,okx,AEVO/USDT:USDT,0.11219,1660.0,0.11218,801.0,0.11221,1510.0,0.11222,4871.0
1753600171909,07:09:31.909,okx,AEVO/USDT:USDT,0.11219,1660.0,0.11218,1603.0,0.11221,896.0,0.11222,4871.0
1753600172609,07:09:32.609,okx,AEVO/USDT:USDT,0.11219,1660.0,0.11218,2.0,0.11221,896.0,0.11222,4871.0
1753600172909,07:09:32.909,okx,AEVO/USDT:USDT,0.11214,2148.0,0.11213,8554.0,0.1122,656.0,0.11221,896.0
1753600173309,07:09:33.309,okx,AEVO/USDT:USDT,0.11214,5439.0,0.11213,10053.0,0.1122,656.0,0.11221,2235.0
1753600173509,07:09:33.509,okx,AEVO/USDT:USDT,0.11214,5439.0,0.11213,10053.0,0.1122,656.0,0.11222,4873.0
1753600174609,07:09:34.609,okx,AEVO/USDT:USDT,0.11215,1786.0,0.11214,2530.0,0.11219,743.0,0.1122,2.0
1753600174909,07:09:34.909,okx,AEVO/USDT:USDT,0.11215,1786.0,0.11214,2530.0,0.11219,743.0,0.1122,2.0
1753600175009,07:09:35.009,okx,AEVO/USDT:USDT,0.11215,1786.0,0.11214,2530.0,0.11219,743.0,0.1122,2.0
1753600175409,07:09:35.409,okx,AEVO/USDT:USDT,0.11215,1786.0,0.11214,2530.0,0.11219,743.0,0.1122,2.0
1753600176009,07:09:36.009,okx,AEVO/USDT:USDT,0.11215,4774.0,0.11214,2530.0,0.11221,1640.0,0.11222,4760.0
1753600176309,07:09:36.309,okx,AEVO/USDT:USDT,0.11215,1786.0,0.11214,4032.0,0.11222,10289.0,0.11223,1287.0
1753600177309,07:09:37.309,okx,AEVO/USDT:USDT,0.11215,1786.0,0.11214,4032.0,0.11222,10289.0,0.11223,1287.0
1753600178909,07:09:38.909,okx,AEVO/USDT:USDT,0.11214,1504.0,0.11213,7421.0,0.1122,1856.0,0.11221,3525.0
1753600179109,07:09:39.109,okx,AEVO/USDT:USDT,0.11214,1504.0,0.11213,7421.0,0.1122,1856.0,0.11221,2992.0
1753600179209,07:09:39.209,okx,AEVO/USDT:USDT,0.11214,1504.0,0.11213,7421.0,0.1122,7385.0,0.11221,2.0
1753600179709,07:09:39.709,okx,AEVO/USDT:USDT,0.11215,1856.0,0.11214,6187.0,0.1122,1323.0,0.11221,2976.0
1753600180009,07:09:40.009,okx,AEVO/USDT:USDT,0.11215,1862.0,0.11214,6209.0,0.1122,685.0,0.11222,9381.0
1753600181209,07:09:41.209,okx,AEVO/USDT:USDT,0.11218,2.0,0.11217,3442.0,0.11221,642.0,0.11222,9893.0
1753600181609,07:09:41.609,okx,AEVO/USDT:USDT,0.11218,2.0,0.11217,2.0,0.11221,1686.0,0.11222,9893.0
1753600182309,07:09:42.309,okx,AEVO/USDT:USDT,0.11218,2122.0,0.11217,1197.0,0.11221,546.0,0.11222,9893.0
1753600182909,07:09:42.909,okx,AEVO/USDT:USDT,0.11218,2122.0,0.11217,1197.0,0.11221,546.0,0.11222,9893.0
1753600184109,07:09:44.109,okx,AEVO/USDT:USDT,0.11218,2122.0,0.11217,1197.0,0.11221,546.0,0.11222,9893.0
1753600184309,07:09:44.309,okx,AEVO/USDT:USDT,0.11218,2122.0,0.11217,1197.0,0.11221,546.0,0.11222,9893.0
1753600185109,07:09:45.109,okx,AEVO/USDT:USDT,0.11218,2122.0,0.11217,3457.0,0.11222,9893.0,0.11223,2.0
1753600185809,07:09:45.809,okx,AEVO/USDT:USDT,0.11218,4858.0,0.11217,4362.0,0.11222,9187.0,0.11223,2.0
1753600185909,07:09:45.909,okx,AEVO/USDT:USDT,0.11218,4858.0,0.11217,2757.0,0.11222,9187.0,0.11223,2.0
1753600186109,07:09:46.109,okx,AEVO/USDT:USDT,0.11218,4858.0,0.11217,2757.0,0.11222,9187.0,0.11223,2.0
1753600186309,07:09:46.309,okx,AEVO/USDT:USDT,0.11218,4858.0,0.11217,2757.0,0.11222,9187.0,0.11223,2.0
1753600188609,07:09:48.609,okx,AEVO/USDT:USDT,0.11218,2120.0,0.11217,2146.0,0.11221,4339.0,0.11222,9187.0
1753600191109,07:09:51.109,okx,AEVO/USDT:USDT,0.11218,2120.0,0.11217,3007.0,0.11221,2517.0,0.11222,9187.0
1753600193009,07:09:53.009,okx,AEVO/USDT:USDT,0.11214,3.0,0.11213,7831.0,0.11219,839.0,0.1122,916.0
1753600193509,07:09:53.509,okx,AEVO/USDT:USDT,0.11215,968.0,0.11214,5.0,0.11219,839.0,0.1122,3052.0
1753600194609,07:09:54.609,okx,AEVO/USDT:USDT,0.11202,1.0,0.11201,19.0,0.11205,2455.0,0.11206,2048.0
1753600195109,07:09:55.109,okx,AEVO/USDT:USDT,0.11202,1.0,0.11201,17.0,0.11205,2455.0,0.11206,2048.0
1753600195509,07:09:55.509,okx,AEVO/USDT:USDT,0.11202,1.0,0.11201,17.0,0.11205,3100.0,0.11206,2048.0
1753600196409,07:09:56.409,okx,AEVO/USDT:USDT,0.11201,17.0,0.112,25.0,0.11202,13105.0,0.11203,12.0
1753600196809,07:09:56.809,okx,AEVO/USDT:USDT,0.11201,17.0,0.112,25.0,0.11202,13105.0,0.11203,12.0
1753600197109,07:09:57.109,okx,AEVO/USDT:USDT,0.11196,17.0,0.11195,3.0,0.11197,3365.0,0.112,1.0
1753600197609,07:09:57.609,okx,AEVO/USDT:USDT,0.11196,17.0,0.11195,3.0,0.11197,3365.0,0.11199,841.0
1753600198109,07:09:58.109,okx,AEVO/USDT:USDT,0.11196,17.0,0.11195,3.0,0.11197,840.0,0.11198,1062.0
1753600198909,07:09:58.909,okx,AEVO/USDT:USDT,0.11196,17.0,0.11195,3.0,0.11197,840.0,0.11198,1062.0
1753600200009,07:10:00.009,okx,AEVO/USDT:USDT,0.11196,3.0,0.11195,3.0,0.11197,840.0,0.11198,1062.0
1753600200309,07:10:00.309,okx,AEVO/USDT:USDT,0.11196,3.0,0.11195,3.0,0.11197,925.0,0.11198,1062.0
1753600200609,07:10:00.609,okx,AEVO/USDT:USDT,0.11196,3.0,0.11195,3.0,0.11197,925.0,0.11199,878.0
1753600201009,07:10:01.009,okx,AEVO/USDT:USDT,0.11196,13.0,0.11195,15.0,0.11197,925.0,0.11199,878.0
1753600201209,07:10:01.209,okx,AEVO/USDT:USDT,0.11196,2.0,0.11195,15.0,0.11197,925.0,0.11199,37.0
1753600201809,07:10:01.809,okx,AEVO/USDT:USDT,0.11196,2.0,0.11195,15.0,0.11197,925.0,0.11199,37.0
1753600202309,07:10:02.309,okx,AEVO/USDT:USDT,0.11196,2.0,0.11195,40.0,0.11197,925.0,0.11199,37.0
1753600202509,07:10:02.509,okx,AEVO/USDT:USDT,0.11199,3392.0,0.11198,2.0,0.11201,84.0,0.11202,11811.0
1753600203309,07:10:03.309,okx,AEVO/USDT:USDT,0.11199,1451.0,0.11198,1456.0,0.11201,84.0,0.11202,11825.0
1753600204109,07:10:04.109,okx,AEVO/USDT:USDT,0.11199,1451.0,0.11198,1879.0,0.11202,11825.0,0.11203,1770.0
1753600204309,07:10:04.309,okx,AEVO/USDT:USDT,0.11199,1451.0,0.11198,1879.0,0.11202,11811.0,0.11203,1768.0
1753600205509,07:10:05.509,okx,AEVO/USDT:USDT,0.11199,1451.0,0.11198,2.0,0.11202,11811.0,0.11203,1768.0
1753600205909,07:10:05.909,okx,AEVO/USDT:USDT,0.11196,2.0,0.11195,15.0,0.11201,5420.0,0.11202,11813.0
1753600206409,07:10:06.409,okx,AEVO/USDT:USDT,0.11196,2.0,0.11195,15.0,0.11201,5420.0,0.11202,11813.0
1753600206809,07:10:06.809,okx,AEVO/USDT:USDT,0.11196,2.0,0.11195,15.0,0.112,2114.0,0.11201,7510.0
1753600206909,07:10:06.909,okx,AEVO/USDT:USDT,0.11196,2.0,0.11195,15.0,0.112,2114.0,0.11201,7510.0
1753600207109,07:10:07.109,okx,AEVO/USDT:USDT,0.11196,2.0,0.11195,15.0,0.112,2114.0,0.11201,7510.0
1753600207909,07:10:07.909,okx,AEVO/USDT:USDT,0.11196,2.0,0.11195,15.0,0.112,2114.0,0.11201,7510.0
1753600208709,07:10:08.709,okx,AEVO/USDT:USDT,0.11196,2.0,0.11195,15.0,0.112,2114.0,0.11201,6463.0
1753600214709,07:10:14.709,okx,AEVO/USDT:USDT,0.11189,12.0,0.11188,13.0,0.1119,2613.0,0.11191,703.0
1753600215909,07:10:15.909,okx,AEVO/USDT:USDT,0.11189,12.0,0.11188,13.0,0.1119,2613.0,0.11191,703.0
1753600216809,07:10:16.809,okx,AEVO/USDT:USDT,0.11189,12.0,0.11188,13.0,0.1119,2613.0,0.11191,703.0
1753600218309,07:10:18.309,okx,AEVO/USDT:USDT,0.11184,1.0,0.11183,2.0,0.11188,812.0,0.11189,5474.0
1753600218709,07:10:18.709,okx,AEVO/USDT:USDT,0.11184,1.0,0.11183,2.0,0.11188,812.0,0.11189,5474.0
1753600219409,07:10:19.409,okx,AEVO/USDT:USDT,0.11184,1.0,0.11183,2.0,0.11188,812.0,0.11189,2.0
1753600219509,07:10:19.509,okx,AEVO/USDT:USDT,0.11184,1.0,0.11183,2.0,0.11188,812.0,0.11189,2.0
1753600219809,07:10:19.809,okx,AEVO/USDT:USDT,0.11184,1.0,0.11183,2.0,0.11188,812.0,0.11189,2.0
1753600220109,07:10:20.109,okx,AEVO/USDT:USDT,0.11184,1.0,0.11183,2.0,0.11188,812.0,0.11189,1340.0
1753600220409,07:10:20.409,okx,AEVO/USDT:USDT,0.11184,1.0,0.11183,2.0,0.11188,812.0,0.11189,2.0
1753600222209,07:10:22.209,okx,AEVO/USDT:USDT,0.11184,1.0,0.11183,2.0,0.11188,812.0,0.11189,1390.0
1753600222509,07:10:22.509,okx,AEVO/USDT:USDT,0.11184,1240.0,0.11183,2315.0,0.11188,2114.0,0.11189,3584.0
1753600222609,07:10:22.609,okx,AEVO/USDT:USDT,0.11184,1240.0,0.11183,2315.0,0.11188,2.0,0.11189,3584.0
1753600222909,07:10:22.909,okx,AEVO/USDT:USDT,0.11184,1817.0,0.11183,2315.0,0.11188,2.0,0.11189,3584.0
1753600223109,07:10:23.109,okx,AEVO/USDT:USDT,0.11184,1817.0,0.11183,2315.0,0.11186,26.0,0.11188,2.0
1753600223809,07:10:23.809,okx,AEVO/USDT:USDT,0.11184,1.0,0.11183,2.0,0.11186,10400.0,0.11188,782.0
1753600224009,07:10:24.009,okx,AEVO/USDT:USDT,0.11184,1.0,0.11183,2.0,0.11186,10400.0,0.11188,782.0
1753600224209,07:10:24.209,okx,AEVO/USDT:USDT,0.11184,1.0,0.11183,2.0,0.11186,16790.0,0.11188,782.0
1753600227309,07:10:27.309,okx,AEVO/USDT:USDT,0.11188,2691.0,0.11187,2.0,0.11194,1885.0,0.11195,4004.0
1753600227809,07:10:27.809,okx,AEVO/USDT:USDT,0.11186,1724.0,0.11185,494.0,0.11188,2626.0,0.11189,2.0
1753600228609,07:10:28.609,okx,AEVO/USDT:USDT,0.11187,848.0,0.11186,1787.0,0.11191,1984.0,0.11192,3623.0
1753600228709,07:10:28.709,okx,AEVO/USDT:USDT,0.11187,848.0,0.11186,1787.0,0.11191,1984.0,0.11192,3623.0
1753600230009,07:10:30.009,okx,AEVO/USDT:USDT,0.11187,2572.0,0.11186,63.0,0.11191,2.0,0.11192,4.0
1753600230709,07:10:30.709,okx,AEVO/USDT:USDT,0.11182,1.0,0.11181,2813.0,0.1119,1444.0,0.11191,1535.0
1753600230909,07:10:30.909,okx,AEVO/USDT:USDT,0.11183,2970.0,0.11182,3290.0,0.1119,996.0,0.11191,1535.0
1753600231109,07:10:31.109,okx,AEVO/USDT:USDT,0.11183,5516.0,0.11182,732.0,0.11191,2.0,0.11192,4445.0
1753600232109,07:10:32.109,okx,AEVO/USDT:USDT,0.11183,3744.0,0.11182,2913.0,0.1119,448.0,0.11191,2.0
1753600232509,07:10:32.509,okx,AEVO/USDT:USDT,0.11182,3.0,0.11181,2.0,0.11188,557.0,0.11189,3130.0
1753600232609,07:10:32.609,okx,AEVO/USDT:USDT,0.11182,1.0,0.11181,2.0,0.11186,766.0,0.11187,1444.0
1753600234109,07:10:34.109,okx,AEVO/USDT:USDT,0.11182,1.0,0.1118,36.0,0.11185,448.0,0.11186,1754.0
1753600234309,07:10:34.309,okx,AEVO/USDT:USDT,0.11182,1.0,0.1118,36.0,0.11185,448.0,0.11186,1754.0
1753600235709,07:10:35.709,okx,AEVO/USDT:USDT,0.11182,1.0,0.1118,36.0,0.11185,1898.0,0.11186,768.0
1753600236109,07:10:36.109,okx,AEVO/USDT:USDT,0.11182,1.0,0.1118,36.0,0.11184,448.0,0.11185,1453.0
1753600236609,07:10:36.609,okx,AEVO/USDT:USDT,0.1118,33.0,0.11178,3.0,0.11181,4070.0,0.11182,815.0
1753600236809,07:10:36.809,okx,AEVO/USDT:USDT,0.1118,33.0,0.11178,3.0,0.11181,4070.0,0.11182,815.0
1753600237209,07:10:37.209,okx,AEVO/USDT:USDT,0.1118,33.0,0.11178,3.0,0.11181,4070.0,0.11182,815.0
1753600237509,07:10:37.509,okx,AEVO/USDT:USDT,0.1118,33.0,0.11178,3.0,0.11181,4231.0,0.11182,815.0
1753600238409,07:10:38.409,okx,AEVO/USDT:USDT,0.11176,1.0,0.11175,2.0,0.1118,2844.0,0.11181,6959.0
1753600239109,07:10:39.109,okx,AEVO/USDT:USDT,0.11176,1.0,0.11175,2.0,0.11179,1167.0,0.1118,2340.0
1753600240309,07:10:40.309,okx,AEVO/USDT:USDT,0.11176,1.0,0.11175,2.0,0.11179,770.0,0.1118,3.0
1753600241009,07:10:41.009,okx,AEVO/USDT:USDT,0.11176,1.0,0.11175,2.0,0.11179,770.0,0.1118,1920.0
1753600241409,07:10:41.409,okx,AEVO/USDT:USDT,0.11176,1.0,0.11175,2.0,0.11179,770.0,0.1118,3.0
1753600242009,07:10:42.009,okx,AEVO/USDT:USDT,0.11176,1.0,0.11175,2.0,0.11179,770.0,0.1118,2239.0
1753600242309,07:10:42.309,okx,AEVO/USDT:USDT,0.11176,1.0,0.11175,2.0,0.11179,770.0,0.1118,2239.0
1753600242809,07:10:42.809,okx,AEVO/USDT:USDT,0.11176,1.0,0.11175,2.0,0.11179,770.0,0.1118,2239.0
1753600243209,07:10:43.209,okx,AEVO/USDT:USDT,0.11176,1.0,0.11175,2.0,0.11179,770.0,0.1118,2239.0
1753600245109,07:10:45.109,okx,AEVO/USDT:USDT,0.11176,1.0,0.11175,2.0,0.11179,770.0,0.1118,2441.0
1753600245709,07:10:45.709,okx,AEVO/USDT:USDT,0.11174,3.0,0.11173,2.0,0.11175,2334.0,0.11176,2626.0
1753600245809,07:10:45.809,okx,AEVO/USDT:USDT,0.11174,3.0,0.11172,2.0,0.11175,2334.0,0.11176,2628.0
1753600245909,07:10:45.909,okx,AEVO/USDT:USDT,0.11174,3.0,0.11172,2.0,0.11175,2334.0,0.11176,2628.0
1753600248009,07:10:48.009,okx,AEVO/USDT:USDT,0.11174,3.0,0.11172,2.0,0.11175,2334.0,0.11176,3338.0
1753600248509,07:10:48.509,okx,AEVO/USDT:USDT,0.11174,3.0,0.11172,2.0,0.11175,2334.0,0.11176,3376.0
1753600249909,07:10:49.909,okx,AEVO/USDT:USDT,0.11174,3.0,0.11172,2.0,0.11175,1001.0,0.11176,3376.0
1753600251909,07:10:51.909,okx,AEVO/USDT:USDT,0.11168,9.0,0.11166,3.0,0.1117,2626.0,0.11171,2.0
1753600252009,07:10:52.009,okx,AEVO/USDT:USDT,0.11168,9.0,0.11166,3.0,0.1117,2626.0,0.11171,2.0
1753600252109,07:10:52.109,okx,AEVO/USDT:USDT,0.11168,9.0,0.11166,3.0,0.1117,2626.0,0.11171,2.0
1753600252209,07:10:52.209,okx,AEVO/USDT:USDT,0.11168,9.0,0.11166,3.0,0.1117,2626.0,0.11171,2.0
1753600253009,07:10:53.009,okx,AEVO/USDT:USDT,0.11168,9.0,0.11166,3.0,0.1117,2626.0,0.11171,2.0
1753600253209,07:10:53.209,okx,AEVO/USDT:USDT,0.11168,9.0,0.11166,1773.0,0.1117,2626.0,0.11171,2.0
1753600254009,07:10:54.009,okx,AEVO/USDT:USDT,0.11168,9.0,0.11167,1475.0,0.11171,283.0,0.11172,3.0
1753600254409,07:10:54.409,okx,AEVO/USDT:USDT,0.11168,415.0,0.11167,730.0,0.11171,2.0,0.11172,3.0
1753600254509,07:10:54.509,okx,AEVO/USDT:USDT,0.11168,415.0,0.11167,1459.0,0.11171,2.0,0.11172,3.0
1753600254909,07:10:54.909,okx,AEVO/USDT:USDT,0.11168,415.0,0.11167,1462.0,0.11171,2.0,0.11172,3.0
1753600255209,07:10:55.209,okx,AEVO/USDT:USDT,0.11166,1.0,0.11165,10.0,0.11167,1444.0,0.11168,914.0
1753600256709,07:10:56.709,okx,AEVO/USDT:USDT,0.11166,1.0,0.11165,10.0,0.11167,1639.0,0.11168,914.0
1753600257209,07:10:57.209,okx,AEVO/USDT:USDT,0.11166,1.0,0.11165,10.0,0.11167,1640.0,0.11168,914.0
1753600257509,07:10:57.509,okx,AEVO/USDT:USDT,0.11168,2627.0,0.11167,729.0,0.11169,2.0,0.1117,2.0
1753600258409,07:10:58.409,okx,AEVO/USDT:USDT,0.11166,3.0,0.11165,4355.0,0.11171,3731.0,0.11172,6.0
1753600259209,07:10:59.209,okx,AEVO/USDT:USDT,0.11167,1205.0,0.11166,2464.0,0.11171,88.0,0.11172,6.0
1753600260009,07:11:00.009,okx,AEVO/USDT:USDT,0.11167,1205.0,0.11166,2464.0,0.11171,88.0,0.11172,6.0
1753600260209,07:11:00.209,okx,AEVO/USDT:USDT,0.11167,1205.0,0.11166,2464.0,0.11171,2.0,0.11172,6.0
1753600260609,07:11:00.609,okx,AEVO/USDT:USDT,0.11167,802.0,0.11166,497.0,0.11171,915.0,0.11172,6.0
1753600260809,07:11:00.809,okx,AEVO/USDT:USDT,0.11167,802.0,0.11166,497.0,0.11169,62.0,0.1117,62.0
1753600263209,07:11:03.209,okx,AEVO/USDT:USDT,0.11167,642.0,0.11166,444.0,0.11169,84.0,0.1117,62.0
1753600263909,07:11:03.909,okx,AEVO/USDT:USDT,0.11167,642.0,0.11166,2.0,0.11168,11316.0,0.11169,85.0
1753600264809,07:11:04.809,okx,AEVO/USDT:USDT,0.11166,734.0,0.11165,11.0,0.11168,12326.0,0.11169,85.0
1753600265309,07:11:05.309,okx,AEVO/USDT:USDT,0.11166,737.0,0.11165,822.0,0.11168,12326.0,0.11169,63.0
1753600266109,07:11:06.109,okx,AEVO/USDT:USDT,0.11166,25.0,0.11165,822.0,0.11168,12326.0,0.11169,63.0
1753600268909,07:11:08.909,okx,AEVO/USDT:USDT,0.11168,1451.0,0.11167,2.0,0.11169,62.0,0.1117,63.0
1753600269409,07:11:09.409,okx,AEVO/USDT:USDT,0.11168,1451.0,0.11167,2.0,0.11169,62.0,0.1117,63.0
1753600269609,07:11:09.609,okx,AEVO/USDT:USDT,0.11168,1451.0,0.11167,2.0,0.11169,62.0,0.1117,63.0
1753600270509,07:11:10.509,okx,AEVO/USDT:USDT,0.11168,1451.0,0.11167,2.0,0.11169,62.0,0.1117,63.0
1753600271209,07:11:11.209,okx,AEVO/USDT:USDT,0.11168,1451.0,0.11167,2.0,0.11169,62.0,0.1117,63.0
1753600272209,07:11:12.209,okx,AEVO/USDT:USDT,0.11168,1451.0,0.11167,2.0,0.11169,62.0,0.1117,63.0
1753600273909,07:11:13.909,okx,AEVO/USDT:USDT,0.11169,3339.0,0.11168,768.0,0.1117,63.0,0.11171,2681.0
1753600274409,07:11:14.409,okx,AEVO/USDT:USDT,0.11169,3339.0,0.11168,768.0,0.1117,63.0,0.11171,2681.0
1753600274709,07:11:14.709,okx,AEVO/USDT:USDT,0.11169,3339.0,0.11168,768.0,0.1117,63.0,0.11171,2681.0
1753600274809,07:11:14.809,okx,AEVO/USDT:USDT,0.11169,3339.0,0.11168,1067.0,0.1117,63.0,0.11171,2681.0
1753600275009,07:11:15.009,okx,AEVO/USDT:USDT,0.11169,3339.0,0.11168,1067.0,0.1117,63.0,0.11171,2681.0
1753600275309,07:11:15.309,okx,AEVO/USDT:USDT,0.11169,3339.0,0.11168,1067.0,0.1117,63.0,0.11171,2681.0
1753600275809,07:11:15.809,okx,AEVO/USDT:USDT,0.11169,3339.0,0.11168,1067.0,0.1117,554.0,0.11171,2681.0
1753600277609,07:11:17.609,okx,AEVO/USDT:USDT,0.1117,1305.0,0.11169,1.0,0.11171,2681.0,0.11172,1828.0
1753600277809,07:11:17.809,okx,AEVO/USDT:USDT,0.1117,1305.0,0.11169,1.0,0.11171,2681.0,0.11172,1828.0
1753600278209,07:11:18.209,okx,AEVO/USDT:USDT,0.1117,1305.0,0.11169,1.0,0.11171,2681.0,0.11172,1828.0
1753600278709,07:11:18.709,okx,AEVO/USDT:USDT,0.1117,1305.0,0.11169,1.0,0.11171,2681.0,0.11172,1828.0
1753600278809,07:11:18.809,okx,AEVO/USDT:USDT,0.1117,1305.0,0.11169,1.0,0.11171,2681.0,0.11172,1828.0
1753600280309,07:11:20.309,okx,AEVO/USDT:USDT,0.1117,1305.0,0.11169,1.0,0.11171,2681.0,0.11172,1828.0
1753600281509,07:11:21.509,okx,AEVO/USDT:USDT,0.11166,799.0,0.11165,3168.0,0.11171,2681.0,0.11172,2749.0
1753600282309,07:11:22.309,okx,AEVO/USDT:USDT,0.11166,799.0,0.11165,3168.0,0.11171,2681.0,0.11172,2749.0
1753600282909,07:11:22.909,okx,AEVO/USDT:USDT,0.11166,799.0,0.11165,3163.0,0.11171,2681.0,0.11172,2749.0
1753600283109,07:11:23.109,okx,AEVO/USDT:USDT,0.11166,799.0,0.11165,3163.0,0.11171,2681.0,0.11172,2749.0
1753600283809,07:11:23.809,okx,AEVO/USDT:USDT,0.11166,799.0,0.11165,777.0,0.11171,2681.0,0.11172,3506.0
1753600285009,07:11:25.009,okx,AEVO/USDT:USDT,0.11166,799.0,0.11165,777.0,0.11171,2681.0,0.11172,3506.0
1753600290309,07:11:30.309,okx,AEVO/USDT:USDT,0.11166,1530.0,0.11165,3152.0,0.11169,50.0,0.11171,2681.0
1753600293309,07:11:33.309,okx,AEVO/USDT:USDT,0.11166,799.0,0.11165,3030.0,0.11169,50.0,0.11171,2681.0
1753600294809,07:11:34.809,okx,AEVO/USDT:USDT,0.11169,830.0,0.11167,2445.0,0.11171,2681.0,0.11172,1830.0
1753600295409,07:11:35.409,okx,AEVO/USDT:USDT,0.11169,830.0,0.11167,1615.0,0.11171,2681.0,0.11172,1830.0
1753600296309,07:11:36.309,okx,AEVO/USDT:USDT,0.11166,484.0,0.11165,11.0,0.11169,1797.0,0.1117,567.0
1753600297609,07:11:37.609,okx,AEVO/USDT:USDT,0.11165,9.0,0.11164,3296.0,0.11168,4187.0,0.11169,4853.0
1753600298509,07:11:38.509,okx,AEVO/USDT:USDT,0.11162,100.0,0.1116,2.0,0.11163,4273.0,0.11164,2.0
1753600298709,07:11:38.709,okx,AEVO/USDT:USDT,0.1116,2.0,0.11159,5.0,0.11163,5043.0,0.11164,846.0
1753600299509,07:11:39.509,okx,AEVO/USDT:USDT,0.11158,3.0,0.11157,2.0,0.11159,2344.0,0.1116,1226.0
1753600299609,07:11:39.609,okx,AEVO/USDT:USDT,0.11158,3.0,0.11157,2.0,0.11159,2344.0,0.1116,1226.0
1753600299909,07:11:39.909,okx,AEVO/USDT:USDT,0.11158,3.0,0.11156,5.0,0.11159,2344.0,0.1116,1226.0
1753600300209,07:11:40.209,okx,AEVO/USDT:USDT,0.11158,3.0,0.11156,4.0,0.11159,2344.0,0.1116,1226.0
1753600300509,07:11:40.509,okx,AEVO/USDT:USDT,0.11153,3721.0,0.11152,9287.0,0.11158,3307.0,0.11159,6180.0
1753600301509,07:11:41.509,okx,AEVO/USDT:USDT,0.11153,3721.0,0.11152,9288.0,0.11158,2177.0,0.11159,2460.0
1753600301609,07:11:41.609,okx,AEVO/USDT:USDT,0.11153,3721.0,0.11152,9288.0,0.11158,2039.0,0.11159,2460.0
1753600302309,07:11:42.309,okx,AEVO/USDT:USDT,0.11153,105.0,0.11152,5.0,0.11154,1230.0,0.11155,16.0
1753600302609,07:11:42.609,okx,AEVO/USDT:USDT,0.11153,105.0,0.11152,5.0,0.11154,1230.0,0.11155,16.0
1753600303109,07:11:43.109,okx,AEVO/USDT:USDT,0.11153,105.0,0.11152,5.0,0.11154,1230.0,0.11157,2804.0
1753600303809,07:11:43.809,okx,AEVO/USDT:USDT,0.11153,105.0,0.11152,5.0,0.11154,1230.0,0.11157,2804.0
1753600303909,07:11:43.909,okx,AEVO/USDT:USDT,0.11153,105.0,0.11152,5.0,0.11154,1230.0,0.11157,2804.0
1753600304209,07:11:44.209,okx,AEVO/USDT:USDT,0.11153,105.0,0.11152,5.0,0.11154,1230.0,0.11157,2804.0
1753600304309,07:11:44.309,okx,AEVO/USDT:USDT,0.11153,105.0,0.11152,5.0,0.11154,1230.0,0.11157,2804.0
1753600304409,07:11:44.409,okx,AEVO/USDT:USDT,0.1115,2344.0,0.11149,4.0,0.11151,814.0,0.11153,2.0
1753600304809,07:11:44.809,okx,AEVO/USDT:USDT,0.1115,2344.0,0.11149,4.0,0.11151,257.0,0.11154,6268.0
1753600305409,07:11:45.409,okx,AEVO/USDT:USDT,0.1115,2344.0,0.11149,4.0,0.11151,257.0,0.11153,2.0
1753600305809,07:11:45.809,okx,AEVO/USDT:USDT,0.1115,2344.0,0.11149,4.0,0.11151,257.0,0.11153,23.0
1753600306009,07:11:46.009,okx,AEVO/USDT:USDT,0.1115,2344.0,0.11149,4.0,0.11151,257.0,0.11153,23.0
1753600308009,07:11:48.009,okx,AEVO/USDT:USDT,0.11146,1.0,0.11145,2818.0,0.11148,1558.0,0.1115,1335.0
1753600309409,07:11:49.409,okx,AEVO/USDT:USDT,0.11146,6.0,0.11145,2818.0,0.11148,1558.0,0.11151,4718.0
1753600310109,07:11:50.109,okx,AEVO/USDT:USDT,0.11146,6.0,0.11145,2818.0,0.11148,1558.0,0.1115,1351.0
1753600310409,07:11:50.409,okx,AEVO/USDT:USDT,0.11146,6.0,0.11145,2818.0,0.11148,1558.0,0.1115,1355.0
1753600311209,07:11:51.209,okx,AEVO/USDT:USDT,0.11146,6.0,0.11145,2818.0,0.11148,1558.0,0.1115,1355.0
1753600311609,07:11:51.609,okx,AEVO/USDT:USDT,0.11146,6.0,0.11145,2818.0,0.11148,1558.0,0.1115,1355.0
1753600312509,07:11:52.509,okx,AEVO/USDT:USDT,0.11146,65.0,0.11145,2818.0,0.11148,1558.0,0.1115,1355.0
1753600315509,07:11:55.509,okx,AEVO/USDT:USDT,0.11146,65.0,0.11145,3712.0,0.11148,1560.0,0.1115,1.0
1753600315709,07:11:55.709,okx,AEVO/USDT:USDT,0.11146,65.0,0.11145,3712.0,0.11148,1560.0,0.1115,1.0
1753600316309,07:11:56.309,okx,AEVO/USDT:USDT,0.11146,65.0,0.11145,3712.0,0.11148,1560.0,0.1115,1.0
1753600316809,07:11:56.809,okx,AEVO/USDT:USDT,0.11146,65.0,0.11145,3712.0,0.11148,1560.0,0.1115,1304.0
1753600317009,07:11:57.009,okx,AEVO/USDT:USDT,0.11146,65.0,0.11145,2882.0,0.11148,1560.0,0.1115,1304.0
1753600317309,07:11:57.309,okx,AEVO/USDT:USDT,0.11146,65.0,0.11145,2882.0,0.11148,1560.0,0.1115,1304.0
1753600317509,07:11:57.509,okx,AEVO/USDT:USDT,0.11146,16.0,0.11145,2882.0,0.11147,2790.0,0.11148,1561.0
1753600317609,07:11:57.609,okx,AEVO/USDT:USDT,0.11146,16.0,0.11145,2882.0,0.11147,2790.0,0.11148,1561.0
1753600318109,07:11:58.109,okx,AEVO/USDT:USDT,0.11146,16.0,0.11145,2882.0,0.11147,2790.0,0.11148,1561.0
1753600318409,07:11:58.409,okx,AEVO/USDT:USDT,0.11146,16.0,0.11145,2882.0,0.11147,2790.0,0.11148,1561.0
1753600318509,07:11:58.509,okx,AEVO/USDT:USDT,0.11146,16.0,0.11145,2882.0,0.11147,2790.0,0.11148,1561.0
1753600319409,07:11:59.409,okx,AEVO/USDT:USDT,0.11146,16.0,0.11145,2882.0,0.11148,1561.0,0.11151,3908.0
1753600319609,07:11:59.609,okx,AEVO/USDT:USDT,0.1115,1.0,0.11149,1.0,0.11151,1490.0,0.11152,4.0
1753600319709,07:11:59.709,okx,AEVO/USDT:USDT,0.1115,1.0,0.11149,1.0,0.11151,3468.0,0.11152,4.0
1753600320509,07:12:00.509,okx,AEVO/USDT:USDT,0.1115,1.0,0.11149,1.0,0.11151,3468.0,0.11152,4.0
1753600320609,07:12:00.609,okx,AEVO/USDT:USDT,0.1115,1.0,0.11149,1.0,0.11151,3468.0,0.11152,4.0
1753600320709,07:12:00.709,okx,AEVO/USDT:USDT,0.1115,1.0,0.11149,1.0,0.11151,3468.0,0.11152,4.0
1753600321709,07:12:01.709,okx,AEVO/USDT:USDT,0.11149,1.0,0.11148,1.0,0.1115,4278.0,0.11151,4257.0
1753600322009,07:12:02.009,okx,AEVO/USDT:USDT,0.11149,1.0,0.11148,1.0,0.1115,4184.0,0.11151,4257.0
1753600322309,07:12:02.309,okx,AEVO/USDT:USDT,0.11149,95.0,0.11148,1.0,0.1115,4184.0,0.11151,4278.0
1753600323109,07:12:03.109,okx,AEVO/USDT:USDT,0.11147,1.0,0.11145,249.0,0.11148,1558.0,0.11149,1423.0
1753600323509,07:12:03.509,okx,AEVO/USDT:USDT,0.11146,1.0,0.11144,526.0,0.11147,1570.0,0.11148,1.0
1753600324009,07:12:04.009,okx,AEVO/USDT:USDT,0.11146,1.0,0.11144,526.0,0.11147,12.0,0.11148,1.0
1753600325209,07:12:05.209,okx,AEVO/USDT:USDT,0.11146,924.0,0.11145,1425.0,0.11147,12.0,0.11148,1.0
1753600325309,07:12:05.309,okx,AEVO/USDT:USDT,0.11146,924.0,0.11145,1425.0,0.11147,12.0,0.11148,1.0
1753600325509,07:12:05.509,okx,AEVO/USDT:USDT,0.11146,924.0,0.11145,1425.0,0.11147,12.0,0.11148,1.0
1753600325709,07:12:05.709,okx,AEVO/USDT:USDT,0.11146,924.0,0.11144,2103.0,0.11147,12.0,0.11148,1.0
1753600326409,07:12:06.409,okx,AEVO/USDT:USDT,0.11146,924.0,0.11145,1388.0,0.11147,12.0,0.11148,1.0
1753600326709,07:12:06.709,okx,AEVO/USDT:USDT,0.11148,1.0,0.11147,2968.0,0.11151,3502.0,0.11152,3526.0
1753600327009,07:12:07.009,okx,AEVO/USDT:USDT,0.11148,1.0,0.11147,2617.0,0.11151,3502.0,0.11152,41.0
1753600327409,07:12:07.409,okx,AEVO/USDT:USDT,0.11148,1.0,0.11147,2617.0,0.11151,3502.0,0.11152,41.0
1753600328309,07:12:08.309,okx,AEVO/USDT:USDT,0.11148,1.0,0.11147,2615.0,0.11151,3503.0,0.11152,41.0
1753600328709,07:12:08.709,okx,AEVO/USDT:USDT,0.11148,1.0,0.11147,2615.0,0.11151,3503.0,0.11152,41.0
1753600330909,07:12:10.909,okx,AEVO/USDT:USDT,0.11148,1.0,0.11146,3.0,0.11151,3503.0,0.11152,41.0
1753600331309,07:12:11.309,okx,AEVO/USDT:USDT,0.11148,1.0,0.11146,3.0,0.11151,3503.0,0.11152,41.0
1753600331609,07:12:11.609,okx,AEVO/USDT:USDT,0.11148,1.0,0.11146,3.0,0.11151,3503.0,0.11152,41.0
1753600332909,07:12:12.909,okx,AEVO/USDT:USDT,0.11147,1.0,0.11146,2800.0,0.1115,2173.0,0.11151,7245.0
1753600333109,07:12:13.109,okx,AEVO/USDT:USDT,0.11147,1.0,0.11146,2800.0,0.1115,2174.0,0.11151,7245.0
1753600333909,07:12:13.909,okx,AEVO/USDT:USDT,0.1117,1413.0,0.11169,1.0,0.11171,3399.0,0.11172,551.0
1753600334609,07:12:14.609,okx,AEVO/USDT:USDT,0.11168,491.0,0.11167,3.0,0.1117,705.0,0.11171,3399.0
1753600334909,07:12:14.909,okx,AEVO/USDT:USDT,0.11168,491.0,0.11167,3.0,0.1117,705.0,0.11171,3399.0
1753600335009,07:12:15.009,okx,AEVO/USDT:USDT,0.11168,491.0,0.11167,3.0,0.1117,705.0,0.11171,3399.0
1753600335409,07:12:15.409,okx,AEVO/USDT:USDT,0.11168,2375.0,0.11167,750.0,0.1117,747.0,0.11171,3399.0
1753600335909,07:12:15.909,okx,AEVO/USDT:USDT,0.11168,2375.0,0.11167,3.0,0.11169,3369.0,0.1117,747.0
1753600336009,07:12:16.009,okx,AEVO/USDT:USDT,0.11168,2375.0,0.11167,3.0,0.11169,3369.0,0.1117,747.0
1753600336109,07:12:16.109,okx,AEVO/USDT:USDT,0.11168,2375.0,0.11167,3.0,0.11169,3369.0,0.1117,747.0
1753600337066,07:12:17.066,okx,AEVO/USDT:USDT,0.11168,2375.0,0.11167,3.0,0.11169,3369.0,0.1117,747.0
1753600337206,07:12:17.206,okx,AEVO/USDT:USDT,0.11168,2375.0,0.11167,2.0,0.11169,3369.0,0.11171,3399.0
1753600337906,07:12:17.906,okx,AEVO/USDT:USDT,0.11168,2402.0,0.11167,2.0,0.11169,2810.0,0.11171,3399.0
1753600338006,07:12:18.006,okx,AEVO/USDT:USDT,0.11168,2402.0,0.11167,2.0,0.11169,2810.0,0.11171,3399.0
1753600338106,07:12:18.106,okx,AEVO/USDT:USDT,0.11168,2402.0,0.11167,2.0,0.11169,2810.0,0.11171,3399.0
1753600338206,07:12:18.206,okx,AEVO/USDT:USDT,0.11168,2402.0,0.11167,2.0,0.11169,2810.0,0.11171,3399.0
1753600338306,07:12:18.306,okx,AEVO/USDT:USDT,0.11168,2402.0,0.11167,2.0,0.11169,2810.0,0.11171,3399.0
1753600338406,07:12:18.406,okx,AEVO/USDT:USDT,0.11168,2402.0,0.11167,2.0,0.11169,2810.0,0.11171,3399.0
1753600338606,07:12:18.606,okx,AEVO/USDT:USDT,0.11168,2402.0,0.11167,2.0,0.11169,2810.0,0.11171,3399.0
1753600338806,07:12:18.806,okx,AEVO/USDT:USDT,0.11168,2402.0,0.11167,749.0,0.11169,2810.0,0.11171,3399.0
1753600340306,07:12:20.306,okx,AEVO/USDT:USDT,0.11168,2402.0,0.11167,2.0,0.11169,2810.0,0.11171,3399.0
1753600342806,07:12:22.806,okx,AEVO/USDT:USDT,0.11166,968.0,0.11165,3.0,0.11167,600.0,0.11169,2810.0
1753600343006,07:12:23.006,okx,AEVO/USDT:USDT,0.11166,968.0,0.11165,3.0,0.11167,600.0,0.11169,2810.0
1753600343106,07:12:23.106,okx,AEVO/USDT:USDT,0.11166,968.0,0.11165,3.0,0.11167,600.0,0.11169,2810.0
1753600343406,07:12:23.406,okx,AEVO/USDT:USDT,0.11166,968.0,0.11165,3.0,0.11167,600.0,0.11169,2810.0
1753600343606,07:12:23.606,okx,AEVO/USDT:USDT,0.11166,968.0,0.11165,3.0,0.11167,600.0,0.11169,2810.0
1753600344206,07:12:24.206,okx,AEVO/USDT:USDT,0.11166,968.0,0.11165,3.0,0.11167,600.0,0.11169,2810.0
1753600345106,07:12:25.106,okx,AEVO/USDT:USDT,0.11166,3059.0,0.11165,1811.0,0.11168,474.0,0.11169,2810.0
1753600345306,07:12:25.306,okx,AEVO/USDT:USDT,0.11166,3059.0,0.11165,1811.0,0.11168,474.0,0.11169,2810.0
1753600345506,07:12:25.506,okx,AEVO/USDT:USDT,0.11166,3761.0,0.11165,3305.0,0.11169,2810.0,0.1117,1.0
1753600346506,07:12:26.506,okx,AEVO/USDT:USDT,0.11166,3761.0,0.11165,3305.0,0.11169,2810.0,0.1117,1.0
1753600347006,07:12:27.006,okx,AEVO/USDT:USDT,0.11166,3071.0,0.11165,1811.0,0.11169,8339.0,0.1117,1.0
1753600347906,07:12:27.906,okx,AEVO/USDT:USDT,0.11166,3059.0,0.11165,1811.0,0.11169,8339.0,0.1117,1.0
1753600348706,07:12:28.706,okx,AEVO/USDT:USDT,0.11166,3059.0,0.11165,1811.0,0.11169,2810.0,0.1117,1.0
1753600349306,07:12:29.306,okx,AEVO/USDT:USDT,0.11166,3761.0,0.11165,3305.0,0.11169,8339.0,0.1117,1.0
1753600349506,07:12:29.506,okx,AEVO/USDT:USDT,0.11166,3410.0,0.11165,2558.0,0.11169,8339.0,0.1117,1.0
1753600350206,07:12:30.206,okx,AEVO/USDT:USDT,0.11166,3410.0,0.11165,2558.0,0.11169,8339.0,0.1117,1.0
1753600350306,07:12:30.306,okx,AEVO/USDT:USDT,0.11166,3410.0,0.11165,2558.0,0.11169,8339.0,0.1117,1.0
1753600350906,07:12:30.906,okx,AEVO/USDT:USDT,0.11166,3410.0,0.11165,2558.0,0.11169,8339.0,0.1117,1.0
1753600351306,07:12:31.306,okx,AEVO/USDT:USDT,0.11166,3410.0,0.11165,2558.0,0.11169,8339.0,0.1117,1.0
1753600351506,07:12:31.506,okx,AEVO/USDT:USDT,0.11166,3410.0,0.11165,2558.0,0.11169,8339.0,0.1117,1.0
1753600351606,07:12:31.606,okx,AEVO/USDT:USDT,0.11166,3410.0,0.11165,2558.0,0.11169,2810.0,0.1117,1.0
1753600354106,07:12:34.106,okx,AEVO/USDT:USDT,0.11166,2442.0,0.11165,2558.0,0.11169,8553.0,0.1117,1.0
1753600354906,07:12:34.906,okx,AEVO/USDT:USDT,0.11166,2091.0,0.11165,1811.0,0.11169,8553.0,0.1117,1.0
1753600356806,07:12:36.806,okx,AEVO/USDT:USDT,0.11166,2091.0,0.11165,1811.0,0.11169,8553.0,0.1117,1.0
1753600358006,07:12:38.006,okx,AEVO/USDT:USDT,0.11167,10.0,0.11166,2945.0,0.11169,8553.0,0.1117,1.0
1753600358306,07:12:38.306,okx,AEVO/USDT:USDT,0.11167,10.0,0.11166,2945.0,0.11169,8553.0,0.1117,1.0
1753600359106,07:12:39.106,okx,AEVO/USDT:USDT,0.11167,10.0,0.11166,2973.0,0.11169,8553.0,0.1117,1.0
1753600359306,07:12:39.306,okx,AEVO/USDT:USDT,0.11167,10.0,0.11166,2973.0,0.11169,8553.0,0.1117,1.0
1753600360006,07:12:40.006,okx,AEVO/USDT:USDT,0.11167,10.0,0.11166,2973.0,0.11169,3025.0,0.1117,1.0
1753600360106,07:12:40.106,okx,AEVO/USDT:USDT,0.11167,10.0,0.11166,2973.0,0.11169,8554.0,0.1117,1.0
1753600361206,07:12:41.206,okx,AEVO/USDT:USDT,0.11168,1548.0,0.11167,2148.0,0.11169,2811.0,0.1117,1.0
1753600362606,07:12:42.606,okx,AEVO/USDT:USDT,0.11168,1548.0,0.11167,2148.0,0.11169,2811.0,0.1117,1.0
1753600362806,07:12:42.806,okx,AEVO/USDT:USDT,0.11168,1548.0,0.11167,2148.0,0.11169,2811.0,0.1117,1.0
1753600362906,07:12:42.906,okx,AEVO/USDT:USDT,0.11168,1548.0,0.11167,2148.0,0.11169,2811.0,0.1117,1.0
1753600363106,07:12:43.106,okx,AEVO/USDT:USDT,0.11168,1966.0,0.11167,3009.0,0.11169,2811.0,0.1117,1.0
1753600363406,07:12:43.406,okx,AEVO/USDT:USDT,0.11168,1966.0,0.11167,3009.0,0.11169,2811.0,0.1117,1.0
1753600363906,07:12:43.906,okx,AEVO/USDT:USDT,0.11168,1548.0,0.11167,2157.0,0.11169,2811.0,0.1117,1.0
1753600364006,07:12:44.006,okx,AEVO/USDT:USDT,0.11168,1548.0,0.11167,2157.0,0.11169,2811.0,0.1117,1.0
1753600364106,07:12:44.106,okx,AEVO/USDT:USDT,0.11168,1548.0,0.11167,2157.0,0.11169,2811.0,0.1117,1.0
1753600364406,07:12:44.406,okx,AEVO/USDT:USDT,0.11168,1548.0,0.11167,2157.0,0.11169,2811.0,0.1117,1.0
1753600365106,07:12:45.106,okx,AEVO/USDT:USDT,0.11168,1548.0,0.11167,2157.0,0.11169,2811.0,0.1117,1.0
1753600365206,07:12:45.206,okx,AEVO/USDT:USDT,0.11168,1548.0,0.11167,2157.0,0.11169,2811.0,0.1117,1.0
1753600366106,07:12:46.106,okx,AEVO/USDT:USDT,0.11168,1548.0,0.11167,2148.0,0.11169,8340.0,0.1117,1.0
1753600366906,07:12:46.906,okx,AEVO/USDT:USDT,0.11168,1548.0,0.11167,3000.0,0.11169,8340.0,0.1117,1.0
1753600368206,07:12:48.206,okx,AEVO/USDT:USDT,0.11168,1548.0,0.11167,3000.0,0.11169,2811.0,0.1117,1.0
1753600368806,07:12:48.806,okx,AEVO/USDT:USDT,0.11168,1548.0,0.11167,3008.0,0.11169,4367.0,0.1117,1.0
1753600370806,07:12:50.806,okx,AEVO/USDT:USDT,0.11168,1548.0,0.11167,3008.0,0.11169,4367.0,0.1117,1.0
1753600371706,07:12:51.706,okx,AEVO/USDT:USDT,0.11168,1548.0,0.11167,2156.0,0.11169,4367.0,0.1117,1.0
1753600372006,07:12:52.006,okx,AEVO/USDT:USDT,0.11168,2143.0,0.11167,1635.0,0.11169,4367.0,0.1117,1.0
1753600372106,07:12:52.106,okx,AEVO/USDT:USDT,0.11168,2143.0,0.11167,1635.0,0.11169,4367.0,0.1117,1.0
1753600372506,07:12:52.506,okx,AEVO/USDT:USDT,0.11168,2143.0,0.11167,1666.0,0.11169,4367.0,0.1117,1.0
1753600373306,07:12:53.306,okx,AEVO/USDT:USDT,0.11171,2007.0,0.1117,2804.0,0.11172,551.0,0.11173,540.0
1753600373406,07:12:53.406,okx,AEVO/USDT:USDT,0.11171,4179.0,0.1117,1100.0,0.11172,551.0,0.11173,540.0
1753600373606,07:12:53.606,okx,AEVO/USDT:USDT,0.11171,4179.0,0.1117,1100.0,0.11172,551.0,0.11173,540.0
1753600374106,07:12:54.106,okx,AEVO/USDT:USDT,0.11171,4726.0,0.1117,1100.0,0.11172,551.0,0.11173,540.0
1753600374306,07:12:54.306,okx,AEVO/USDT:USDT,0.11171,4726.0,0.1117,1100.0,0.11172,551.0,0.11173,540.0
1753600375106,07:12:55.106,okx,AEVO/USDT:USDT,0.11171,4726.0,0.1117,1100.0,0.11172,551.0,0.11173,540.0
1753600375206,07:12:55.206,okx,AEVO/USDT:USDT,0.11171,4726.0,0.1117,1100.0,0.11172,551.0,0.11173,540.0
1753600375406,07:12:55.406,okx,AEVO/USDT:USDT,0.11171,4726.0,0.1117,1100.0,0.11172,551.0,0.11173,540.0
1753600375606,07:12:55.606,okx,AEVO/USDT:USDT,0.11171,4726.0,0.1117,1100.0,0.11172,551.0,0.11173,540.0
1753600375906,07:12:55.906,okx,AEVO/USDT:USDT,0.11168,2661.0,0.11167,8871.0,0.11172,6080.0,0.11173,1328.0
1753600376006,07:12:56.006,okx,AEVO/USDT:USDT,0.11168,2661.0,0.11167,8871.0,0.11172,6080.0,0.11173,1328.0
1753600376506,07:12:56.506,okx,AEVO/USDT:USDT,0.11168,3564.0,0.11167,8871.0,0.11172,551.0,0.11173,1996.0
1753600376606,07:12:56.606,okx,AEVO/USDT:USDT,0.11169,1098.0,0.11168,3566.0,0.11172,551.0,0.11173,1996.0
1753600377306,07:12:57.306,okx,AEVO/USDT:USDT,0.11169,3031.0,0.11168,3566.0,0.11172,551.0,0.11173,1328.0
1753600377406,07:12:57.406,okx,AEVO/USDT:USDT,0.11169,3031.0,0.11168,3566.0,0.11172,551.0,0.11173,1328.0
1753600377806,07:12:57.806,okx,AEVO/USDT:USDT,0.11169,3031.0,0.11168,5270.0,0.11172,551.0,0.11173,1328.0
1753600378106,07:12:58.106,okx,AEVO/USDT:USDT,0.11171,1098.0,0.1117,558.0,0.11172,551.0,0.11173,540.0
1753600378706,07:12:58.706,okx,AEVO/USDT:USDT,0.11171,3085.0,0.1117,1410.0,0.11172,551.0,0.11173,540.0
1753600379306,07:12:59.306,okx,AEVO/USDT:USDT,0.11171,3085.0,0.1117,558.0,0.11172,551.0,0.11173,540.0
1753600379506,07:12:59.506,okx,AEVO/USDT:USDT,0.11171,3085.0,0.1117,1410.0,0.11172,551.0,0.11173,540.0
1753600380006,07:13:00.006,okx,AEVO/USDT:USDT,0.11171,3085.0,0.1117,1410.0,0.11172,551.0,0.11173,540.0
1753600380106,07:13:00.106,okx,AEVO/USDT:USDT,0.11171,3085.0,0.1117,558.0,0.11172,1.0,0.11173,540.0
1753600381306,07:13:01.306,okx,AEVO/USDT:USDT,0.11169,542.0,0.11168,5099.0,0.11171,83.0,0.11172,85.0
1753600381506,07:13:01.506,okx,AEVO/USDT:USDT,0.11169,1869.0,0.11168,5099.0,0.11171,68.0,0.11172,85.0
1753600381706,07:13:01.706,okx,AEVO/USDT:USDT,0.11169,3896.0,0.11168,5099.0,0.11171,68.0,0.11172,85.0
1753600383206,07:13:03.206,okx,AEVO/USDT:USDT,0.1117,1717.0,0.11169,1358.0,0.11171,69.0,0.11172,85.0
1753600384206,07:13:04.206,okx,AEVO/USDT:USDT,0.1117,1717.0,0.11169,1330.0,0.11171,69.0,0.11172,85.0
1753600384806,07:13:04.806,okx,AEVO/USDT:USDT,0.1117,542.0,0.11169,1511.0,0.11171,69.0,0.11172,85.0
1753600385006,07:13:05.006,okx,AEVO/USDT:USDT,0.1117,542.0,0.11169,1511.0,0.11171,69.0,0.11172,85.0
1753600385106,07:13:05.106,okx,AEVO/USDT:USDT,0.1117,542.0,0.11169,1511.0,0.11171,69.0,0.11172,85.0
1753600385306,07:13:05.306,okx,AEVO/USDT:USDT,0.1117,542.0,0.11169,1511.0,0.11171,69.0,0.11172,85.0
1753600386706,07:13:06.706,okx,AEVO/USDT:USDT,0.1117,2050.0,0.11169,3.0,0.11171,69.0,0.11172,85.0
1753600387006,07:13:07.006,okx,AEVO/USDT:USDT,0.1117,2050.0,0.11169,3.0,0.11171,69.0,0.11172,85.0
1753600387406,07:13:07.406,okx,AEVO/USDT:USDT,0.1117,2062.0,0.11169,3.0,0.11171,69.0,0.11172,85.0
1753600387506,07:13:07.506,okx,AEVO/USDT:USDT,0.1117,2062.0,0.11169,3.0,0.11171,69.0,0.11172,85.0
1753600387906,07:13:07.906,okx,AEVO/USDT:USDT,0.1117,12.0,0.11169,2068.0,0.11171,69.0,0.11172,85.0
1753600388506,07:13:08.506,okx,AEVO/USDT:USDT,0.1117,12.0,0.11169,2068.0,0.11171,69.0,0.11172,85.0
1753600388806,07:13:08.806,okx,AEVO/USDT:USDT,0.1117,12.0,0.11169,2068.0,0.11171,69.0,0.11172,85.0
1753600389106,07:13:09.106,okx,AEVO/USDT:USDT,0.1117,2619.0,0.11169,1569.0,0.11171,69.0,0.11172,85.0
1753600389306,07:13:09.306,okx,AEVO/USDT:USDT,0.1117,2619.0,0.11169,1569.0,0.11171,69.0,0.11172,85.0
1753600389706,07:13:09.706,okx,AEVO/USDT:USDT,0.1117,2619.0,0.11169,1569.0,0.11171,69.0,0.11172,85.0
1753600389906,07:13:09.906,okx,AEVO/USDT:USDT,0.1117,2619.0,0.11169,1569.0,0.11171,69.0,0.11172,85.0
1753600390006,07:13:10.006,okx,AEVO/USDT:USDT,0.1117,2619.0,0.11169,1569.0,0.11171,69.0,0.11172,85.0
1753600391106,07:13:11.106,okx,AEVO/USDT:USDT,0.1117,2619.0,0.11169,1569.0,0.11171,69.0,0.11172,85.0
1753600391306,07:13:11.306,okx,AEVO/USDT:USDT,0.1117,3557.0,0.11169,1755.0,0.11171,69.0,0.11172,85.0
1753600391706,07:13:11.706,okx,AEVO/USDT:USDT,0.1117,3557.0,0.11169,1755.0,0.11171,69.0,0.11172,85.0
1753600393406,07:13:13.406,okx,AEVO/USDT:USDT,0.11178,2389.0,0.11177,3753.0,0.11179,123.0,0.1118,51.0
1753600393506,07:13:13.506,okx,AEVO/USDT:USDT,0.11178,2389.0,0.11177,3753.0,0.11179,123.0,0.1118,51.0
1753600393706,07:13:13.706,okx,AEVO/USDT:USDT,0.11178,1920.0,0.11177,2877.0,0.11179,123.0,0.1118,51.0
1753600394506,07:13:14.506,okx,AEVO/USDT:USDT,0.11178,3672.0,0.11177,887.0,0.11179,123.0,0.1118,51.0
1753600394706,07:13:14.706,okx,AEVO/USDT:USDT,0.11178,3672.0,0.11177,887.0,0.11179,123.0,0.1118,51.0
1753600394806,07:13:14.806,okx,AEVO/USDT:USDT,0.11178,3672.0,0.11177,887.0,0.11179,123.0,0.1118,51.0
1753600395306,07:13:15.306,okx,AEVO/USDT:USDT,0.11178,3203.0,0.11177,11.0,0.11179,123.0,0.1118,51.0
1753600395406,07:13:15.406,okx,AEVO/USDT:USDT,0.11178,3203.0,0.11177,2.0,0.11179,123.0,0.1118,51.0
1753600395506,07:13:15.506,okx,AEVO/USDT:USDT,0.11178,3203.0,0.11177,2.0,0.11179,123.0,0.1118,51.0
1753600395606,07:13:15.606,okx,AEVO/USDT:USDT,0.11178,3203.0,0.11177,2.0,0.11179,123.0,0.1118,51.0
1753600396606,07:13:16.606,okx,AEVO/USDT:USDT,0.11178,3203.0,0.11177,2.0,0.11179,123.0,0.1118,51.0
1753600396706,07:13:16.706,okx,AEVO/USDT:USDT,0.11178,3672.0,0.11177,878.0,0.11179,123.0,0.1118,51.0
1753600396906,07:13:16.906,okx,AEVO/USDT:USDT,0.11178,3672.0,0.11177,878.0,0.11179,123.0,0.1118,51.0
1753600397106,07:13:17.106,okx,AEVO/USDT:USDT,0.11178,3672.0,0.11177,878.0,0.11179,123.0,0.1118,51.0
1753600397306,07:13:17.306,okx,AEVO/USDT:USDT,0.11178,3672.0,0.11177,878.0,0.11179,123.0,0.1118,51.0
1753600397806,07:13:17.806,okx,AEVO/USDT:USDT,0.11178,3672.0,0.11177,878.0,0.11179,123.0,0.1118,51.0
1753600399206,07:13:19.206,okx,AEVO/USDT:USDT,0.11178,3672.0,0.11177,878.0,0.11179,123.0,0.1118,51.0
1753600399306,07:13:19.306,okx,AEVO/USDT:USDT,0.11178,3672.0,0.11177,878.0,0.11179,123.0,0.1118,51.0
1753600399906,07:13:19.906,okx,AEVO/USDT:USDT,0.11175,3172.0,0.11174,10663.0,0.11179,123.0,0.1118,51.0
1753600400506,07:13:20.506,okx,AEVO/USDT:USDT,0.11175,5663.0,0.11174,10665.0,0.11179,123.0,0.1118,51.0
1753600400706,07:13:20.706,okx,AEVO/USDT:USDT,0.11175,7176.0,0.11174,10665.0,0.11179,123.0,0.1118,51.0
1753600401206,07:13:21.206,okx,AEVO/USDT:USDT,0.11175,7176.0,0.11174,14257.0,0.11179,123.0,0.1118,51.0
1753600401406,07:13:21.406,okx,AEVO/USDT:USDT,0.11175,7176.0,0.11174,14257.0,0.11179,123.0,0.1118,51.0
1753600401806,07:13:21.806,okx,AEVO/USDT:USDT,0.11168,522.0,0.11167,2.0,0.11172,4125.0,0.11173,2296.0
1753600402406,07:13:22.406,okx,AEVO/USDT:USDT,0.11168,2605.0,0.11167,2.0,0.11172,2627.0,0.11173,2295.0
1753600402506,07:13:22.506,okx,AEVO/USDT:USDT,0.11168,2605.0,0.11167,2.0,0.11172,2627.0,0.11173,2295.0
1753600403306,07:13:23.306,okx,AEVO/USDT:USDT,0.11168,522.0,0.11167,4905.0,0.11172,2627.0,0.11173,704.0
1753600405006,07:13:25.006,okx,AEVO/USDT:USDT,0.11172,1077.0,0.11171,4732.0,0.11175,907.0,0.11176,1.0
1753600405206,07:13:25.206,okx,AEVO/USDT:USDT,0.11172,1077.0,0.11171,3856.0,0.11175,907.0,0.11176,1.0
1753600406006,07:13:26.006,okx,AEVO/USDT:USDT,0.11171,7131.0,0.1117,11267.0,0.11175,907.0,0.11176,2.0
1753600406206,07:13:26.206,okx,AEVO/USDT:USDT,0.11171,7131.0,0.1117,11267.0,0.11175,907.0,0.11176,2.0
1753600406506,07:13:26.506,okx,AEVO/USDT:USDT,0.11171,7131.0,0.1117,11267.0,0.11175,907.0,0.11176,2.0
1753600407306,07:13:27.306,okx,AEVO/USDT:USDT,0.11179,724.0,0.11178,876.0,0.1118,1.0,0.11181,33.0
1753600408506,07:13:28.506,okx,AEVO/USDT:USDT,0.11179,724.0,0.11178,2833.0,0.1118,1.0,0.11181,33.0
1753600409106,07:13:29.106,okx,AEVO/USDT:USDT,0.11179,724.0,0.11178,3709.0,0.1118,1.0,0.11181,33.0
1753600409906,07:13:29.906,okx,AEVO/USDT:USDT,0.11179,724.0,0.11178,3709.0,0.1118,1.0,0.11181,33.0
1753600410406,07:13:30.406,okx,AEVO/USDT:USDT,0.11179,724.0,0.11178,3709.0,0.1118,1.0,0.11181,33.0
1753600410606,07:13:30.606,okx,AEVO/USDT:USDT,0.11179,1961.0,0.11178,5407.0,0.1118,1.0,0.11181,33.0
1753600411006,07:13:31.006,okx,AEVO/USDT:USDT,0.11179,1961.0,0.11178,5409.0,0.1118,1.0,0.11181,33.0
1753600411306,07:13:31.306,okx,AEVO/USDT:USDT,0.11179,1961.0,0.11178,5409.0,0.1118,1.0,0.11181,33.0
1753600412306,07:13:32.306,okx,AEVO/USDT:USDT,0.11179,1961.0,0.11178,5409.0,0.1118,1.0,0.11181,33.0
1753600412906,07:13:32.906,okx,AEVO/USDT:USDT,0.11179,1961.0,0.11178,5409.0,0.1118,1.0,0.11181,33.0
1753600413706,07:13:33.706,okx,AEVO/USDT:USDT,0.11179,1961.0,0.11178,1690.0,0.1118,1.0,0.11181,33.0
1753600414306,07:13:34.306,okx,AEVO/USDT:USDT,0.11179,1961.0,0.11178,1690.0,0.1118,2.0,0.11181,33.0
1753600414806,07:13:34.806,okx,AEVO/USDT:USDT,0.11179,1961.0,0.11178,1690.0,0.1118,2.0,0.11181,33.0
1753600415306,07:13:35.306,okx,AEVO/USDT:USDT,0.11179,1961.0,0.11178,1690.0,0.1118,2.0,0.11181,33.0
1753600415506,07:13:35.506,okx,AEVO/USDT:USDT,0.11179,1961.0,0.11178,1690.0,0.1118,2.0,0.11181,33.0
1753600416006,07:13:36.006,okx,AEVO/USDT:USDT,0.11179,1961.0,0.11178,2.0,0.1118,2.0,0.11181,33.0
1753600416806,07:13:36.806,okx,AEVO/USDT:USDT,0.11179,1961.0,0.11178,3012.0,0.1118,2.0,0.11181,33.0
1753600416906,07:13:36.906,okx,AEVO/USDT:USDT,0.11179,2405.0,0.11178,3933.0,0.1118,2.0,0.11181,33.0
1753600417106,07:13:37.106,okx,AEVO/USDT:USDT,0.11179,2405.0,0.11178,3933.0,0.1118,2.0,0.11181,33.0
1753600417506,07:13:37.506,okx,AEVO/USDT:USDT,0.11179,1961.0,0.11178,3012.0,0.1118,2.0,0.11181,33.0
1753600417606,07:13:37.606,okx,AEVO/USDT:USDT,0.11179,1961.0,0.11178,3012.0,0.1118,2.0,0.11181,33.0
1753600419006,07:13:39.006,okx,AEVO/USDT:USDT,0.11179,1961.0,0.11178,5047.0,0.1118,2.0,0.11181,33.0
1753600419206,07:13:39.206,okx,AEVO/USDT:USDT,0.11179,1961.0,0.11178,5047.0,0.1118,2.0,0.11181,33.0
1753600419306,07:13:39.306,okx,AEVO/USDT:USDT,0.11179,1961.0,0.11178,5047.0,0.1118,2.0,0.11181,33.0
1753600419906,07:13:39.906,okx,AEVO/USDT:USDT,0.11179,1961.0,0.11178,5047.0,0.1118,778.0,0.11181,33.0
1753600420106,07:13:40.106,okx,AEVO/USDT:USDT,0.11179,1961.0,0.11178,5047.0,0.1118,778.0,0.11181,33.0
1753600420306,07:13:40.306,okx,AEVO/USDT:USDT,0.11179,1961.0,0.11178,5047.0,0.1118,778.0,0.11181,33.0
1753600420606,07:13:40.606,okx,AEVO/USDT:USDT,0.11179,1961.0,0.11178,2037.0,0.1118,778.0,0.11181,33.0
1753600421006,07:13:41.006,okx,AEVO/USDT:USDT,0.11179,1961.0,0.11178,2037.0,0.1118,778.0,0.11181,33.0
1753600421306,07:13:41.306,okx,AEVO/USDT:USDT,0.11179,1961.0,0.11178,2037.0,0.1118,778.0,0.11181,33.0
1753600421806,07:13:41.806,okx,AEVO/USDT:USDT,0.11179,1961.0,0.11178,2037.0,0.1118,778.0,0.11181,33.0
1753600422006,07:13:42.006,okx,AEVO/USDT:USDT,0.11179,1961.0,0.11178,2037.0,0.1118,778.0,0.11181,33.0
1753600422306,07:13:42.306,okx,AEVO/USDT:USDT,0.11179,1961.0,0.11178,2037.0,0.1118,778.0,0.11181,33.0
1753600422506,07:13:42.506,okx,AEVO/USDT:USDT,0.11179,1961.0,0.11178,6231.0,0.1118,778.0,0.11181,33.0
1753600423206,07:13:43.206,okx,AEVO/USDT:USDT,0.1118,1895.0,0.11179,3813.0,0.11181,32.0,0.11182,1.0
1753600423406,07:13:43.406,okx,AEVO/USDT:USDT,0.1118,1895.0,0.11179,3813.0,0.11181,32.0,0.11182,1.0
1753600423506,07:13:43.506,okx,AEVO/USDT:USDT,0.1118,1895.0,0.11179,3813.0,0.11181,32.0,0.11182,1.0
1753600424906,07:13:44.906,okx,AEVO/USDT:USDT,0.1118,224.0,0.11179,1239.0,0.11181,32.0,0.11182,1.0
1753600425506,07:13:45.506,okx,AEVO/USDT:USDT,0.1118,224.0,0.11179,3654.0,0.11181,32.0,0.11182,1.0
1753600425706,07:13:45.706,okx,AEVO/USDT:USDT,0.1118,224.0,0.11179,3654.0,0.11181,32.0,0.11182,1.0
1753600425806,07:13:45.806,okx,AEVO/USDT:USDT,0.1118,766.0,0.11179,3654.0,0.11181,32.0,0.11182,1.0
1753600425906,07:13:45.906,okx,AEVO/USDT:USDT,0.1118,766.0,0.11179,1239.0,0.11181,32.0,0.11182,1.0
1753600426106,07:13:46.106,okx,AEVO/USDT:USDT,0.1118,766.0,0.11179,3769.0,0.11181,32.0,0.11182,1.0
1753600426806,07:13:46.806,okx,AEVO/USDT:USDT,0.1118,766.0,0.11179,3769.0,0.11181,32.0,0.11182,1.0
1753600426906,07:13:46.906,okx,AEVO/USDT:USDT,0.1118,766.0,0.11179,3769.0,0.11181,32.0,0.11182,1.0
1753600427406,07:13:47.406,okx,AEVO/USDT:USDT,0.1118,766.0,0.11179,3769.0,0.11181,32.0,0.11182,1.0
1753600428606,07:13:48.606,okx,AEVO/USDT:USDT,0.1118,766.0,0.11179,3769.0,0.11181,32.0,0.11182,1.0
1753600429106,07:13:49.106,okx,AEVO/USDT:USDT,0.1118,766.0,0.11179,3769.0,0.11181,32.0,0.11182,1.0
1753600430106,07:13:50.106,okx,AEVO/USDT:USDT,0.1118,766.0,0.11179,3769.0,0.11181,32.0,0.11182,1.0
1753600430206,07:13:50.206,okx,AEVO/USDT:USDT,0.1118,766.0,0.11179,3769.0,0.11181,32.0,0.11182,1.0
1753600430806,07:13:50.806,okx,AEVO/USDT:USDT,0.1118,766.0,0.11179,3769.0,0.11181,32.0,0.11182,1.0
1753600431506,07:13:51.506,okx,AEVO/USDT:USDT,0.1118,224.0,0.11179,3769.0,0.11181,32.0,0.11182,1.0
1753600432106,07:13:52.106,okx,AEVO/USDT:USDT,0.1118,1510.0,0.11179,3769.0,0.11181,32.0,0.11182,1.0
1753600432306,07:13:52.306,okx,AEVO/USDT:USDT,0.1118,1510.0,0.11179,3769.0,0.11181,32.0,0.11182,1.0
1753600432406,07:13:52.406,okx,AEVO/USDT:USDT,0.1118,1510.0,0.11179,3769.0,0.11181,32.0,0.11182,1.0
1753600433306,07:13:53.306,okx,AEVO/USDT:USDT,0.1118,1510.0,0.11179,3769.0,0.11181,32.0,0.11182,1.0
1753600434306,07:13:54.306,okx,AEVO/USDT:USDT,0.1118,1510.0,0.11179,3769.0,0.11181,32.0,0.11182,1.0
1753600435006,07:13:55.006,okx,AEVO/USDT:USDT,0.1118,968.0,0.11179,3769.0,0.11181,32.0,0.11182,1.0
1753600435206,07:13:55.206,okx,AEVO/USDT:USDT,0.1118,968.0,0.11179,3769.0,0.11181,32.0,0.11182,1.0
1753600436306,07:13:56.306,okx,AEVO/USDT:USDT,0.1118,968.0,0.11179,3769.0,0.11181,32.0,0.11182,1.0
1753600436606,07:13:56.606,okx,AEVO/USDT:USDT,0.1118,968.0,0.11179,3769.0,0.11181,32.0,0.11182,1.0
1753600438906,07:13:58.906,okx,AEVO/USDT:USDT,0.1118,1030.0,0.11179,3769.0,0.11181,32.0,0.11182,1.0
1753600439206,07:13:59.206,okx,AEVO/USDT:USDT,0.1118,1030.0,0.11179,3769.0,0.11181,32.0,0.11182,1.0
1753600439506,07:13:59.506,okx,AEVO/USDT:USDT,0.1118,1030.0,0.11179,3769.0,0.11181,32.0,0.11182,1.0
1753600440006,07:14:00.006,okx,AEVO/USDT:USDT,0.1118,1030.0,0.11179,3769.0,0.11181,32.0,0.11182,1.0
1753600440206,07:14:00.206,okx,AEVO/USDT:USDT,0.1118,1030.0,0.11179,3769.0,0.11181,32.0,0.11182,1.0
1753600441306,07:14:01.306,okx,AEVO/USDT:USDT,0.1118,968.0,0.11179,1.0,0.11181,1164.0,0.11182,1178.0
1753600441906,07:14:01.906,okx,AEVO/USDT:USDT,0.11177,521.0,0.11176,4379.0,0.1118,1651.0,0.11181,4692.0
1753600442406,07:14:02.406,okx,AEVO/USDT:USDT,0.11177,521.0,0.11176,4379.0,0.1118,1651.0,0.11181,4692.0
1753600443106,07:14:03.106,okx,AEVO/USDT:USDT,0.11172,1.0,0.11171,2.0,0.11174,2402.0,0.11175,1558.0
1753600443306,07:14:03.306,okx,AEVO/USDT:USDT,0.11177,1767.0,0.11176,1.0,0.11179,318.0,0.1118,1654.0
1753600443406,07:14:03.406,okx,AEVO/USDT:USDT,0.11177,1451.0,0.11176,1.0,0.11179,316.0,0.1118,1652.0
1753600444006,07:14:04.006,okx,AEVO/USDT:USDT,0.11177,1451.0,0.11176,4.0,0.1118,1652.0,0.11181,5649.0
1753600444206,07:14:04.206,okx,AEVO/USDT:USDT,0.11177,1451.0,0.11176,4.0,0.1118,1652.0,0.11181,5649.0
1753600444806,07:14:04.806,okx,AEVO/USDT:USDT,0.11177,1451.0,0.11176,3.0,0.1118,1654.0,0.11181,5649.0
1753600445806,07:14:05.806,okx,AEVO/USDT:USDT,0.11175,1079.0,0.11174,2722.0,0.1118,3805.0,0.11181,8890.0
1753600445906,07:14:05.906,okx,AEVO/USDT:USDT,0.11175,1079.0,0.11174,2722.0,0.1118,3805.0,0.11181,8890.0
1753600446406,07:14:06.406,okx,AEVO/USDT:USDT,0.11175,1079.0,0.11174,2721.0,0.11179,1.0,0.1118,3804.0
1753600446506,07:14:06.506,okx,AEVO/USDT:USDT,0.11175,1079.0,0.11174,2721.0,0.11179,1.0,0.1118,3804.0
1753600446606,07:14:06.606,okx,AEVO/USDT:USDT,0.11175,1079.0,0.11174,2721.0,0.11179,1.0,0.1118,3804.0
1753600447506,07:14:07.506,okx,AEVO/USDT:USDT,0.11174,2722.0,0.11173,7596.0,0.1118,1655.0,0.11181,4270.0
1753600449206,07:14:09.206,okx,AEVO/USDT:USDT,0.11174,15.0,0.11172,5.0,0.11176,391.0,0.11177,714.0
1753600449606,07:14:09.606,okx,AEVO/USDT:USDT,0.11174,15.0,0.11172,4.0,0.11176,391.0,0.11177,1479.0
1753600449706,07:14:09.706,okx,AEVO/USDT:USDT,0.11174,15.0,0.11172,4.0,0.11176,391.0,0.11177,1479.0
1753600452206,07:14:12.206,okx,AEVO/USDT:USDT,0.11172,1.0,0.11171,2.0,0.11174,2394.0,0.11175,3.0
1753600452606,07:14:12.606,okx,AEVO/USDT:USDT,0.11172,1.0,0.11171,2.0,0.11174,2394.0,0.11175,3.0
1753600454106,07:14:14.106,okx,AEVO/USDT:USDT,0.11172,1.0,0.11171,3.0,0.11174,2395.0,0.11175,3.0
1753600454306,07:14:14.306,okx,AEVO/USDT:USDT,0.11172,1.0,0.11171,3.0,0.11174,2395.0,0.11175,3.0
1753600454706,07:14:14.706,okx,AEVO/USDT:USDT,0.11172,1.0,0.11171,3.0,0.11174,2395.0,0.11175,3.0
1753600455006,07:14:15.006,okx,AEVO/USDT:USDT,0.11172,1.0,0.11171,3.0,0.11174,2395.0,0.11175,3.0
1753600456006,07:14:16.006,okx,AEVO/USDT:USDT,0.11173,969.0,0.11172,5.0,0.11174,254.0,0.11176,4.0
1753600456806,07:14:16.806,okx,AEVO/USDT:USDT,0.11173,969.0,0.11172,5.0,0.11174,8.0,0.11176,4.0
1753600457206,07:14:17.206,okx,AEVO/USDT:USDT,0.11173,969.0,0.11172,5.0,0.11174,8.0,0.11176,4.0
1753600457606,07:14:17.606,okx,AEVO/USDT:USDT,0.11173,969.0,0.11172,5.0,0.11174,8.0,0.11176,4.0
1753600460106,07:14:20.106,okx,AEVO/USDT:USDT,0.11172,1.0,0.11171,757.0,0.11174,8.0,0.11175,765.0
1753600460706,07:14:20.706,okx,AEVO/USDT:USDT,0.11172,1.0,0.11171,2190.0,0.11175,323.0,0.11176,767.0
1753600461806,07:14:21.806,okx,AEVO/USDT:USDT,0.11176,177.0,0.11175,797.0,0.11178,1.0,0.1118,1654.0
1753600462606,07:14:22.606,okx,AEVO/USDT:USDT,0.11177,969.0,0.11176,1152.0,0.11178,1.0,0.1118,3.0
1753600462706,07:14:22.706,okx,AEVO/USDT:USDT,0.11177,969.0,0.11176,179.0,0.11178,1.0,0.1118,3.0
1753600463706,07:14:23.706,okx,AEVO/USDT:USDT,0.11177,969.0,0.11176,1702.0,0.11178,1.0,0.1118,3.0
1753600464306,07:14:24.306,okx,AEVO/USDT:USDT,0.11177,969.0,0.11176,2675.0,0.11178,1083.0,0.1118,3.0
1753600464606,07:14:24.606,okx,AEVO/USDT:USDT,0.11177,969.0,0.11176,2675.0,0.11178,1083.0,0.1118,3.0
1753600464806,07:14:24.806,okx,AEVO/USDT:USDT,0.11177,969.0,0.11176,2675.0,0.11178,1083.0,0.1118,3.0
1753600465006,07:14:25.006,okx,AEVO/USDT:USDT,0.11177,969.0,0.11176,1702.0,0.11178,1083.0,0.1118,3.0
1753600467106,07:14:27.106,okx,AEVO/USDT:USDT,0.1117,1.0,0.11169,5371.0,0.11172,1.0,0.11173,1.0
1753600468406,07:14:28.406,okx,AEVO/USDT:USDT,0.1117,1.0,0.11169,5371.0,0.11173,1447.0,0.11174,1637.0
1753600468606,07:14:28.606,okx,AEVO/USDT:USDT,0.1117,1.0,0.11169,5371.0,0.11173,1447.0,0.11174,1637.0
1753600468906,07:14:28.906,okx,AEVO/USDT:USDT,0.1117,1518.0,0.11169,5372.0,0.11173,1517.0,0.11174,1637.0
1753600469006,07:14:29.006,okx,AEVO/USDT:USDT,0.1117,1518.0,0.11169,5372.0,0.11173,1517.0,0.11174,1637.0
1753600469406,07:14:29.406,okx,AEVO/USDT:USDT,0.1117,1559.0,0.11169,5371.0,0.11173,1558.0,0.11174,1638.0
1753600469506,07:14:29.506,okx,AEVO/USDT:USDT,0.1117,1559.0,0.11169,5371.0,0.11173,1558.0,0.11174,1638.0
1753600470106,07:14:30.106,okx,AEVO/USDT:USDT,0.1117,1.0,0.11169,5371.0,0.11174,1638.0,0.11175,4522.0
1753600470806,07:14:30.806,okx,AEVO/USDT:USDT,0.1117,1.0,0.11169,5371.0,0.11173,2202.0,0.11174,1638.0
1753600471306,07:14:31.306,okx,AEVO/USDT:USDT,0.1117,8.0,0.11169,5371.0,0.11173,2202.0,0.11174,1638.0
1753600471406,07:14:31.406,okx,AEVO/USDT:USDT,0.1117,8.0,0.11169,5371.0,0.11173,2202.0,0.11174,1638.0
1753600471706,07:14:31.706,okx,AEVO/USDT:USDT,0.1117,8.0,0.11169,5371.0,0.11173,542.0,0.11174,1638.0
1753600473306,07:14:33.306,okx,AEVO/USDT:USDT,0.11167,2769.0,0.11166,9233.0,0.11171,593.0,0.11172,879.0
1753600473406,07:14:33.406,okx,AEVO/USDT:USDT,0.11167,2769.0,0.11166,9233.0,0.11171,800.0,0.11172,879.0
1753600473706,07:14:33.706,okx,AEVO/USDT:USDT,0.11167,2770.0,0.11166,9233.0,0.11171,207.0,0.11172,877.0
1753600474106,07:14:34.106,okx,AEVO/USDT:USDT,0.11167,2770.0,0.11166,10270.0,0.11172,876.0,0.11173,544.0
1753600474406,07:14:34.406,okx,AEVO/USDT:USDT,0.11167,2770.0,0.11166,10270.0,0.11172,1083.0,0.11173,543.0
1753600475806,07:14:35.806,okx,AEVO/USDT:USDT,0.11168,1329.0,0.11167,5664.0,0.11172,876.0,0.11173,543.0
1753600476006,07:14:36.006,okx,AEVO/USDT:USDT,0.11168,1329.0,0.11167,5664.0,0.11172,876.0,0.11173,543.0
1753600476606,07:14:36.606,okx,AEVO/USDT:USDT,0.11167,2770.0,0.11166,10824.0,0.11172,4649.0,0.11173,544.0
1753600477006,07:14:37.006,okx,AEVO/USDT:USDT,0.11167,2770.0,0.11166,10824.0,0.11172,4649.0,0.11173,544.0
1753600478506,07:14:38.506,okx,AEVO/USDT:USDT,0.11167,1959.0,0.11166,12090.0,0.11171,207.0,0.11172,4662.0
1753600478606,07:14:38.606,okx,AEVO/USDT:USDT,0.11167,1959.0,0.11166,12090.0,0.11171,207.0,0.11172,4662.0
1753600479006,07:14:39.006,okx,AEVO/USDT:USDT,0.11167,1958.0,0.11166,12090.0,0.11172,7884.0,0.11173,3512.0
1753600479306,07:14:39.306,okx,AEVO/USDT:USDT,0.11167,1958.0,0.11166,12090.0,0.11172,7884.0,0.11173,3512.0
1753600479406,07:14:39.406,okx,AEVO/USDT:USDT,0.11167,1958.0,0.11166,12090.0,0.11172,7884.0,0.11173,3512.0
1753600479506,07:14:39.506,okx,AEVO/USDT:USDT,0.11167,1958.0,0.11166,12090.0,0.11172,7884.0,0.11173,3512.0
1753600480406,07:14:40.406,okx,AEVO/USDT:USDT,0.11167,1958.0,0.11166,10270.0,0.11172,7885.0,0.11173,544.0
1753600480906,07:14:40.906,okx,AEVO/USDT:USDT,0.11167,1958.0,0.11166,9233.0,0.11172,7885.0,0.11173,543.0
1753600481806,07:14:41.806,okx,AEVO/USDT:USDT,0.11166,9231.0,0.11165,3101.0,0.11168,207.0,0.1117,1487.0
1753600482006,07:14:42.006,okx,AEVO/USDT:USDT,0.11166,9231.0,0.11165,3101.0,0.11168,207.0,0.1117,1487.0
1753600482606,07:14:42.606,okx,AEVO/USDT:USDT,0.11166,9231.0,0.11165,3101.0,0.11168,207.0,0.1117,1487.0
1753600483406,07:14:43.406,okx,AEVO/USDT:USDT,0.1116,5820.0,0.11159,4.0,0.11164,553.0,0.11165,1814.0
1753600483506,07:14:43.506,okx,AEVO/USDT:USDT,0.11161,265.0,0.1116,4.0,0.11164,1104.0,0.11165,489.0
1753600484506,07:14:44.506,okx,AEVO/USDT:USDT,0.11159,2613.0,0.11158,8701.0,0.11165,1018.0,0.11166,2318.0
1753600485506,07:14:45.506,okx,AEVO/USDT:USDT,0.11159,2019.0,0.11158,5.0,0.11163,1553.0,0.11164,2510.0
1753600487806,07:14:47.806,okx,AEVO/USDT:USDT,0.11159,1853.0,0.11158,6.0,0.11161,40.0,0.11162,13.0
1753600488106,07:14:48.106,okx,AEVO/USDT:USDT,0.11159,1852.0,0.11158,6.0,0.11161,40.0,0.11162,13.0
1753600489206,07:14:49.206,okx,AEVO/USDT:USDT,0.11159,1852.0,0.11158,6.0,0.11161,40.0,0.11162,13.0
1753600489606,07:14:49.606,okx,AEVO/USDT:USDT,0.11152,521.0,0.1115,3.0,0.11154,2115.0,0.11155,874.0
1753600490606,07:14:50.606,okx,AEVO/USDT:USDT,0.11152,521.0,0.1115,2.0,0.11154,351.0,0.11155,2.0
1753600490706,07:14:50.706,okx,AEVO/USDT:USDT,0.11152,521.0,0.1115,2.0,0.11154,351.0,0.11155,2.0
1753600491306,07:14:51.306,okx,AEVO/USDT:USDT,0.11152,521.0,0.1115,2.0,0.11154,351.0,0.11155,2.0
1753600491506,07:14:51.506,okx,AEVO/USDT:USDT,0.11152,521.0,0.1115,2.0,0.11154,351.0,0.11155,1793.0
1753600492406,07:14:52.406,okx,AEVO/USDT:USDT,0.11152,521.0,0.1115,2.0,0.11154,1511.0,0.11155,1793.0
1753600493106,07:14:53.106,okx,AEVO/USDT:USDT,0.11152,521.0,0.1115,1.0,0.11154,1894.0,0.11155,1793.0
1753600493606,07:14:53.606,okx,AEVO/USDT:USDT,0.11148,4068.0,0.11147,3.0,0.11152,2.0,0.11153,1590.0
1753600494206,07:14:54.206,okx,AEVO/USDT:USDT,0.11148,4068.0,0.11147,3.0,0.11152,386.0,0.11153,2.0
1753600494806,07:14:54.806,okx,AEVO/USDT:USDT,0.11148,4068.0,0.11147,3.0,0.11152,2.0,0.11153,2.0
1753600495106,07:14:55.106,okx,AEVO/USDT:USDT,0.11148,4068.0,0.11147,3.0,0.11152,2.0,0.11153,2.0
1753600497706,07:14:57.706,okx,AEVO/USDT:USDT,0.11146,1.0,0.11144,4.0,0.1115,819.0,0.11151,803.0
1753600499806,07:14:59.806,okx,AEVO/USDT:USDT,0.11146,1.0,0.11145,2.0,0.11151,2.0,0.11152,3.0
1753600500006,07:15:00.006,okx,AEVO/USDT:USDT,0.11147,696.0,0.11146,524.0,0.11151,2.0,0.11152,3.0
1753600501106,07:15:01.106,okx,AEVO/USDT:USDT,0.11147,810.0,0.11146,2022.0,0.11149,30.0,0.1115,35.0
1753600501206,07:15:01.206,okx,AEVO/USDT:USDT,0.11147,810.0,0.11146,2022.0,0.11149,30.0,0.1115,35.0
1753600501506,07:15:01.506,okx,AEVO/USDT:USDT,0.11147,810.0,0.11146,3.0,0.11149,55.0,0.1115,35.0
1753600501706,07:15:01.706,okx,AEVO/USDT:USDT,0.11146,1.0,0.11145,2.0,0.11149,55.0,0.1115,37.0
1753600502206,07:15:02.206,okx,AEVO/USDT:USDT,0.11146,1.0,0.11144,4.0,0.11148,895.0,0.11149,585.0
1753600502406,07:15:02.406,okx,AEVO/USDT:USDT,0.11143,2.0,0.11142,3.0,0.11144,2428.0,0.11145,574.0
1753600504006,07:15:04.006,okx,AEVO/USDT:USDT,0.11142,1.0,0.11141,2.0,0.11145,1031.0,0.11146,2627.0
1753600504106,07:15:04.106,okx,AEVO/USDT:USDT,0.11142,1.0,0.11141,2.0,0.11145,503.0,0.11146,2.0
1753600504206,07:15:04.206,okx,AEVO/USDT:USDT,0.11142,1.0,0.11141,2.0,0.11145,503.0,0.11146,2.0
1753600504706,07:15:04.706,okx,AEVO/USDT:USDT,0.11142,1.0,0.11141,2.0,0.11145,501.0,0.11146,2.0
1753600504806,07:15:04.806,okx,AEVO/USDT:USDT,0.11142,1.0,0.11141,2.0,0.11145,501.0,0.11146,2.0
1753600505006,07:15:05.006,okx,AEVO/USDT:USDT,0.11144,542.0,0.11142,1.0,0.11146,2.0,0.11147,1125.0
1753600506006,07:15:06.006,okx,AEVO/USDT:USDT,0.11144,542.0,0.11143,542.0,0.11146,27.0,0.11147,1125.0
1753600506306,07:15:06.306,okx,AEVO/USDT:USDT,0.11142,1.0,0.11141,2.0,0.11146,27.0,0.11147,1125.0
1753600506406,07:15:06.406,okx,AEVO/USDT:USDT,0.11142,1.0,0.11141,2.0,0.11146,27.0,0.11147,1125.0
1753600507906,07:15:07.906,okx,AEVO/USDT:USDT,0.11142,5078.0,0.11141,2.0,0.11144,15.0,0.11145,1719.0
1753600508606,07:15:08.606,okx,AEVO/USDT:USDT,0.1114,1.0,0.11138,144.0,0.11141,1131.0,0.11142,530.0
1753600508706,07:15:08.706,okx,AEVO/USDT:USDT,0.1114,1.0,0.11138,144.0,0.11141,1131.0,0.11142,530.0
1753600509006,07:15:09.006,okx,AEVO/USDT:USDT,0.11138,144.0,0.11137,2.0,0.1114,15.0,0.11142,3.0
1753600509406,07:15:09.406,okx,AEVO/USDT:USDT,0.11138,144.0,0.11137,2.0,0.1114,15.0,0.11141,851.0
1753600510406,07:15:10.406,okx,AEVO/USDT:USDT,0.11136,1.0,0.11135,33.0,0.11138,3336.0,0.11139,3.0
1753600511506,07:15:11.506,okx,AEVO/USDT:USDT,0.11134,1.0,0.11133,1533.0,0.11135,1131.0,0.11136,3031.0
1753600514006,07:15:14.006,okx,AEVO/USDT:USDT,0.11133,1533.0,0.11132,776.0,0.11134,8.0,0.11135,1688.0
1753600514606,07:15:14.606,okx,AEVO/USDT:USDT,0.11133,1533.0,0.11132,10.0,0.11134,989.0,0.11135,1690.0
1753600516606,07:15:16.606,okx,AEVO/USDT:USDT,0.11132,2.0,0.1113,75.0,0.11134,2809.0,0.11135,737.0
1753600517206,07:15:17.206,okx,AEVO/USDT:USDT,0.11132,2.0,0.1113,75.0,0.11134,2809.0,0.11135,737.0
1753600517306,07:15:17.306,okx,AEVO/USDT:USDT,0.11132,2.0,0.1113,75.0,0.11134,2809.0,0.11135,737.0
1753600518306,07:15:18.306,okx,AEVO/USDT:USDT,0.11132,2.0,0.1113,75.0,0.11134,2809.0,0.11135,707.0
1753600518606,07:15:18.606,okx,AEVO/USDT:USDT,0.11132,2.0,0.1113,75.0,0.11134,2809.0,0.11135,707.0
1753600518806,07:15:18.806,okx,AEVO/USDT:USDT,0.11132,2.0,0.1113,75.0,0.11134,2809.0,0.11135,707.0
1753600520006,07:15:20.006,okx,AEVO/USDT:USDT,0.11132,2.0,0.1113,930.0,0.11134,2807.0,0.11135,2.0
1753600520106,07:15:20.106,okx,AEVO/USDT:USDT,0.11132,2.0,0.1113,930.0,0.11134,2807.0,0.11135,2.0
1753600520806,07:15:20.806,okx,AEVO/USDT:USDT,0.11132,2.0,0.1113,75.0,0.11133,1729.0,0.11134,2809.0
1753600521406,07:15:21.406,okx,AEVO/USDT:USDT,0.11132,2.0,0.1113,75.0,0.11133,1729.0,0.11134,2809.0
1753600522706,07:15:22.706,okx,AEVO/USDT:USDT,0.11128,1.0,0.11126,33.0,0.1113,446.0,0.11131,3208.0
1753600523006,07:15:23.006,okx,AEVO/USDT:USDT,0.11128,1.0,0.11126,33.0,0.1113,446.0,0.11131,3208.0
1753600525406,07:15:25.406,okx,AEVO/USDT:USDT,0.11126,31.0,0.11125,2.0,0.11128,2632.0,0.1113,5888.0
1753600528006,07:15:28.006,okx,AEVO/USDT:USDT,0.1112,5.0,0.11118,5.0,0.11122,1631.0,0.11123,1307.0
1753600528406,07:15:28.406,okx,AEVO/USDT:USDT,0.1112,5.0,0.11118,5.0,0.11122,1274.0,0.11123,1485.0
1753600528706,07:15:28.706,okx,AEVO/USDT:USDT,0.1112,5.0,0.11118,5.0,0.11122,1274.0,0.11123,1485.0
1753600529406,07:15:29.406,okx,AEVO/USDT:USDT,0.1112,5.0,0.11118,5.0,0.11122,1274.0,0.11123,1485.0
1753600529606,07:15:29.606,okx,AEVO/USDT:USDT,0.1112,5.0,0.11118,5.0,0.11122,1274.0,0.11123,1485.0
1753600530506,07:15:30.506,okx,AEVO/USDT:USDT,0.1112,5.0,0.11118,5.0,0.11122,1274.0,0.11123,1485.0
1753600530806,07:15:30.806,okx,AEVO/USDT:USDT,0.1112,5.0,0.11118,5.0,0.11122,553.0,0.11123,1485.0
1753600530906,07:15:30.906,okx,AEVO/USDT:USDT,0.1112,5.0,0.11118,5.0,0.11122,553.0,0.11123,1485.0
1753600531206,07:15:31.206,okx,AEVO/USDT:USDT,0.1112,5.0,0.11118,5.0,0.11122,553.0,0.11123,1485.0
1753600532206,07:15:32.206,okx,AEVO/USDT:USDT,0.1112,852.0,0.11119,2.0,0.11124,1914.0,0.11125,34.0
1753600532706,07:15:32.706,okx,AEVO/USDT:USDT,0.1112,852.0,0.11119,2.0,0.11124,2.0,0.11125,2734.0
1753600532806,07:15:32.806,okx,AEVO/USDT:USDT,0.1112,5.0,0.11119,2.0,0.11124,553.0,0.11125,4636.0
1753600532906,07:15:32.906,okx,AEVO/USDT:USDT,0.1112,5.0,0.11119,2.0,0.11124,553.0,0.11125,4636.0
1753600533006,07:15:33.006,okx,AEVO/USDT:USDT,0.1112,5.0,0.11119,2.0,0.11124,553.0,0.11125,6126.0
1753600533206,07:15:33.206,okx,AEVO/USDT:USDT,0.1112,5.0,0.11119,2.0,0.11124,2.0,0.11125,4636.0
1753600533306,07:15:33.306,okx,AEVO/USDT:USDT,0.1112,5.0,0.11119,2.0,0.11124,2.0,0.11125,2734.0
1753600534006,07:15:34.006,okx,AEVO/USDT:USDT,0.1112,5.0,0.11119,777.0,0.11124,1938.0,0.11125,823.0
1753600534106,07:15:34.106,okx,AEVO/USDT:USDT,0.1112,5.0,0.11119,777.0,0.11124,1938.0,0.11125,823.0
1753600535306,07:15:35.306,okx,AEVO/USDT:USDT,0.1112,5.0,0.11119,2.0,0.11124,2644.0,0.11125,2295.0
1753600537006,07:15:37.006,okx,AEVO/USDT:USDT,0.1112,5.0,0.11118,5.0,0.11122,1944.0,0.11123,1468.0
1753600537306,07:15:37.306,okx,AEVO/USDT:USDT,0.11118,3.0,0.11117,7.0,0.1112,1254.0,0.11121,3010.0
1753600538306,07:15:38.306,okx,AEVO/USDT:USDT,0.11118,3.0,0.11117,7.0,0.1112,1254.0,0.11121,3010.0
1753600539006,07:15:39.006,okx,AEVO/USDT:USDT,0.11118,3.0,0.11117,7.0,0.1112,1254.0,0.11121,3010.0
1753600539806,07:15:39.806,okx,AEVO/USDT:USDT,0.11118,3.0,0.11117,7.0,0.1112,1254.0,0.11121,3010.0
1753600541106,07:15:41.106,okx,AEVO/USDT:USDT,0.11117,5.0,0.11116,3784.0,0.11118,2624.0,0.1112,1912.0
1753600541506,07:15:41.506,okx,AEVO/USDT:USDT,0.11117,5.0,0.11116,3784.0,0.11118,2624.0,0.1112,1912.0
1753600541706,07:15:41.706,okx,AEVO/USDT:USDT,0.11114,33.0,0.11113,143.0,0.11116,1241.0,0.11117,802.0
1753600542006,07:15:42.006,okx,AEVO/USDT:USDT,0.11114,33.0,0.11113,143.0,0.11116,352.0,0.11118,2624.0
1753600543306,07:15:43.306,okx,AEVO/USDT:USDT,0.11114,33.0,0.11113,141.0,0.11115,1661.0,0.11116,125.0
1753600543706,07:15:43.706,okx,AEVO/USDT:USDT,0.11114,33.0,0.11113,141.0,0.11116,1916.0,0.11117,2.0
1753600543806,07:15:43.806,okx,AEVO/USDT:USDT,0.11114,33.0,0.11113,141.0,0.11116,1916.0,0.11117,2.0
1753600544006,07:15:44.006,okx,AEVO/USDT:USDT,0.11114,33.0,0.11113,141.0,0.11116,1916.0,0.11117,2.0
1753600544206,07:15:44.206,okx,AEVO/USDT:USDT,0.11114,33.0,0.11113,141.0,0.11116,1794.0,0.11117,2.0
1753600544906,07:15:44.906,okx,AEVO/USDT:USDT,0.11114,33.0,0.11113,141.0,0.11116,2.0,0.11117,1794.0
1753600546106,07:15:46.106,okx,AEVO/USDT:USDT,0.11114,33.0,0.11113,142.0,0.11116,21.0,0.11117,1794.0
1753600546506,07:15:46.506,okx,AEVO/USDT:USDT,0.11114,33.0,0.11113,142.0,0.11116,21.0,0.11117,1794.0
1753600546706,07:15:46.706,okx,AEVO/USDT:USDT,0.11114,33.0,0.11113,141.0,0.11116,21.0,0.11117,2583.0
1753600548306,07:15:48.306,okx,AEVO/USDT:USDT,0.11114,33.0,0.11113,141.0,0.11116,21.0,0.11117,2583.0
1753600548606,07:15:48.606,okx,AEVO/USDT:USDT,0.11114,33.0,0.11113,141.0,0.11115,1899.0,0.11116,9201.0
1753600549606,07:15:49.606,okx,AEVO/USDT:USDT,0.11114,33.0,0.11113,141.0,0.11115,1899.0,0.11116,9182.0
1753600550206,07:15:50.206,okx,AEVO/USDT:USDT,0.11114,33.0,0.11113,141.0,0.11115,1899.0,0.11116,9182.0
1753600550506,07:15:50.506,okx,AEVO/USDT:USDT,0.11114,33.0,0.11113,141.0,0.11115,1899.0,0.11116,9182.0
1753600551506,07:15:51.506,okx,AEVO/USDT:USDT,0.11114,33.0,0.11113,141.0,0.11116,9182.0,0.11117,2.0
1753600552006,07:15:52.006,okx,AEVO/USDT:USDT,0.11114,33.0,0.11113,141.0,0.11116,9182.0,0.11117,2.0
1753600552606,07:15:52.606,okx,AEVO/USDT:USDT,0.11114,33.0,0.11113,155.0,0.11116,9182.0,0.11117,2.0
1753600552806,07:15:52.806,okx,AEVO/USDT:USDT,0.11123,1451.0,0.11122,873.0,0.11124,338.0,0.11125,80.0
1753600553106,07:15:53.106,okx,AEVO/USDT:USDT,0.11123,1451.0,0.11122,1578.0,0.11124,336.0,0.11125,78.0
1753600553606,07:15:53.606,okx,AEVO/USDT:USDT,0.11123,1451.0,0.11122,1580.0,0.11124,336.0,0.11125,78.0
1753600553806,07:15:53.806,okx,AEVO/USDT:USDT,0.11123,1451.0,0.11122,1580.0,0.11124,336.0,0.11125,78.0
1753600553906,07:15:53.906,okx,AEVO/USDT:USDT,0.11123,1451.0,0.11122,1580.0,0.11124,459.0,0.11125,78.0
1753600554406,07:15:54.406,okx,AEVO/USDT:USDT,0.11123,1833.0,0.11122,1580.0,0.11124,336.0,0.11125,78.0
1753600554706,07:15:54.706,okx,AEVO/USDT:USDT,0.11123,1833.0,0.11122,1580.0,0.11124,336.0,0.11125,78.0
1753600554806,07:15:54.806,okx,AEVO/USDT:USDT,0.11123,1510.0,0.11122,1580.0,0.11124,336.0,0.11125,78.0
1753600554906,07:15:54.906,okx,AEVO/USDT:USDT,0.11123,1510.0,0.11122,1580.0,0.11124,336.0,0.11125,78.0
1753600555106,07:15:55.106,okx,AEVO/USDT:USDT,0.11123,1510.0,0.11122,1580.0,0.11124,336.0,0.11125,78.0
1753600556206,07:15:56.206,okx,AEVO/USDT:USDT,0.11127,875.0,0.11126,1746.0,0.11128,1030.0,0.1113,1044.0
1753600556406,07:15:56.406,okx,AEVO/USDT:USDT,0.11127,875.0,0.11126,1748.0,0.11128,1030.0,0.1113,1044.0
1753600556606,07:15:56.606,okx,AEVO/USDT:USDT,0.11127,875.0,0.11126,1748.0,0.11128,1030.0,0.1113,1044.0
1753600556806,07:15:56.806,okx,AEVO/USDT:USDT,0.11127,333.0,0.11126,1748.0,0.11128,1030.0,0.1113,1044.0
1753600557206,07:15:57.206,okx,AEVO/USDT:USDT,0.11127,333.0,0.11126,1748.0,0.11128,1143.0,0.1113,1044.0
1753600557306,07:15:57.306,okx,AEVO/USDT:USDT,0.11127,333.0,0.11126,1748.0,0.11128,1143.0,0.1113,1044.0
1753600557406,07:15:57.406,okx,AEVO/USDT:USDT,0.11127,333.0,0.11126,1748.0,0.11128,1030.0,0.1113,1044.0
1753600558306,07:15:58.306,okx,AEVO/USDT:USDT,0.11129,3048.0,0.11128,1664.0,0.1113,1042.0,0.11132,6.0
1753600559306,07:15:59.306,okx,AEVO/USDT:USDT,0.11131,1451.0,0.1113,1746.0,0.11132,1.0,0.11133,1731.0
1753600559406,07:15:59.406,okx,AEVO/USDT:USDT,0.11131,1451.0,0.1113,1746.0,0.11132,1.0,0.11133,1731.0
1753600559606,07:15:59.606,okx,AEVO/USDT:USDT,0.11131,1451.0,0.1113,1746.0,0.11132,1.0,0.11133,1731.0
1753600559706,07:15:59.706,okx,AEVO/USDT:USDT,0.11131,1451.0,0.1113,1746.0,0.11132,1.0,0.11133,1731.0
1753600559906,07:15:59.906,okx,AEVO/USDT:USDT,0.11131,1451.0,0.1113,1746.0,0.11132,1.0,0.11133,1731.0
1753600560106,07:16:00.106,okx,AEVO/USDT:USDT,0.11131,1451.0,0.1113,1746.0,0.11132,1.0,0.11133,1731.0
1753600560306,07:16:00.306,okx,AEVO/USDT:USDT,0.11129,1019.0,0.11128,1319.0,0.11132,1.0,0.11133,1731.0
1753600560906,07:16:00.906,okx,AEVO/USDT:USDT,0.11129,1019.0,0.11128,1319.0,0.11131,40.0,0.11132,48.0
1753600561406,07:16:01.406,okx,AEVO/USDT:USDT,0.11129,1019.0,0.11128,1319.0,0.11131,40.0,0.11132,48.0
1753600561806,07:16:01.806,okx,AEVO/USDT:USDT,0.11131,2587.0,0.1113,882.0,0.11132,47.0,0.11133,1777.0
1753600562006,07:16:02.006,okx,AEVO/USDT:USDT,0.11131,2587.0,0.1113,882.0,0.11132,61.0,0.11133,1777.0
1753600562106,07:16:02.106,okx,AEVO/USDT:USDT,0.11131,2587.0,0.1113,882.0,0.11132,61.0,0.11133,1777.0
1753600562306,07:16:02.306,okx,AEVO/USDT:USDT,0.11131,2587.0,0.1113,882.0,0.11132,61.0,0.11133,1777.0
1753600562406,07:16:02.406,okx,AEVO/USDT:USDT,0.11131,2587.0,0.1113,882.0,0.11132,61.0,0.11133,1777.0
1753600563306,07:16:03.306,okx,AEVO/USDT:USDT,0.11128,1317.0,0.11127,2344.0,0.11132,61.0,0.11133,1777.0
1753600563906,07:16:03.906,okx,AEVO/USDT:USDT,0.11128,1316.0,0.11127,2.0,0.1113,17.0,0.11132,535.0
1753600564206,07:16:04.206,okx,AEVO/USDT:USDT,0.11128,1316.0,0.11127,2.0,0.1113,127.0,0.11132,534.0
1753600564506,07:16:04.506,okx,AEVO/USDT:USDT,0.11128,1316.0,0.11127,3.0,0.11132,61.0,0.11133,1778.0
1753600564606,07:16:04.606,okx,AEVO/USDT:USDT,0.11128,1316.0,0.11127,3.0,0.11132,61.0,0.11133,1778.0
1753600564806,07:16:04.806,okx,AEVO/USDT:USDT,0.11128,1316.0,0.11127,3.0,0.11132,61.0,0.11133,1778.0
1753600565406,07:16:05.406,okx,AEVO/USDT:USDT,0.11128,1316.0,0.11127,3.0,0.11132,61.0,0.11133,1778.0
1753600565706,07:16:05.706,okx,AEVO/USDT:USDT,0.11128,527.0,0.11127,2.0,0.1113,33.0,0.11132,1261.0
1753600566706,07:16:06.706,okx,AEVO/USDT:USDT,0.11128,527.0,0.11127,2.0,0.1113,14.0,0.11132,1615.0
1753600567106,07:16:07.106,okx,AEVO/USDT:USDT,0.11128,527.0,0.11127,2.0,0.1113,14.0,0.11132,1615.0
1753600568106,07:16:08.106,okx,AEVO/USDT:USDT,0.11128,527.0,0.11127,2.0,0.1113,8.0,0.11132,47.0
1753600568206,07:16:08.206,okx,AEVO/USDT:USDT,0.11128,527.0,0.11127,2.0,0.1113,118.0,0.11132,47.0
1753600568606,07:16:08.606,okx,AEVO/USDT:USDT,0.11128,527.0,0.11127,2.0,0.1113,8.0,0.11132,47.0
1753600569606,07:16:09.606,okx,AEVO/USDT:USDT,0.11128,527.0,0.11127,761.0,0.1113,119.0,0.11132,47.0
1753600569706,07:16:09.706,okx,AEVO/USDT:USDT,0.11128,527.0,0.11127,761.0,0.1113,8.0,0.11132,47.0
1753600569806,07:16:09.806,okx,AEVO/USDT:USDT,0.11128,527.0,0.11127,761.0,0.1113,119.0,0.11132,47.0
1753600569906,07:16:09.906,okx,AEVO/USDT:USDT,0.11128,527.0,0.11127,761.0,0.1113,8.0,0.11132,47.0
1753600570906,07:16:10.906,okx,AEVO/USDT:USDT,0.11128,527.0,0.11127,761.0,0.1113,8.0,0.11132,223.0
1753600571706,07:16:11.706,okx,AEVO/USDT:USDT,0.11128,527.0,0.11127,761.0,0.1113,8.0,0.11132,47.0
