timestamp,time,exchange,symbol,bid1_price,bid1_volume,bid2_price,bid2_volume,ask1_price,ask1_volume,ask2_price,ask2_volume
1753599983142,07:06:23.142,bitget,1INCH/USDT:USDT,0.2893,318.6,0.2892,25762.3,0.2894,2713.0,0.2895,32111.5
1753599983292,07:06:23.292,bitget,1INCH/USDT:USDT,0.2892,25762.3,0.2891,52965.9,0.2894,27831.0,0.2895,32111.5
1753599983442,07:06:23.442,bitget,1INCH/USDT:USDT,0.2892,21440.8,0.2891,62467.4,0.2894,33446.0,0.2895,25341.2
1753599983892,07:06:23.892,bitget,1INCH/USDT:USDT,0.2892,21440.8,0.2891,62467.4,0.2894,47486.0,0.2895,86515.0
1753599984042,07:06:24.042,bitget,1INCH/USDT:USDT,0.2893,895.9,0.2892,21440.8,0.2894,47486.0,0.2895,86515.0
1753599984192,07:06:24.192,bitget,1INCH/USDT:USDT,0.2893,895.9,0.2892,30944.4,0.2894,27552.6,0.2895,19117.3
1753599984793,07:06:24.793,bitget,1INCH/USDT:USDT,0.2892,21440.8,0.2891,62467.7,0.2893,1258.2,0.2894,31578.8
1753599984943,07:06:24.943,bitget,1INCH/USDT:USDT,0.2892,13997.3,0.2891,62467.7,0.2893,1258.2,0.2894,39544.2
1753599985093,07:06:25.093,bitget,1INCH/USDT:USDT,0.2892,12639.3,0.2891,62467.7,0.2893,1258.2,0.2894,37320.5
1753599985243,07:06:25.243,bitget,1INCH/USDT:USDT,0.2892,12639.3,0.2891,62467.7,0.2893,1258.2,0.2894,38370.4
1753599985393,07:06:25.393,bitget,1INCH/USDT:USDT,0.2892,12639.3,0.2891,62467.7,0.2893,1258.2,0.2894,38370.4
1753599985543,07:06:25.543,bitget,1INCH/USDT:USDT,0.2892,12639.3,0.2891,62467.7,0.2893,1258.2,0.2894,38370.4
1753599985693,07:06:25.693,bitget,1INCH/USDT:USDT,0.2892,12639.3,0.2891,62467.7,0.2893,1258.2,0.2894,38370.4
1753599986143,07:06:26.143,bitget,1INCH/USDT:USDT,0.2892,12639.3,0.2891,62467.7,0.2893,1258.2,0.2894,38370.4
1753599986294,07:06:26.294,bitget,1INCH/USDT:USDT,0.2892,12639.3,0.2891,62467.7,0.2893,1258.2,0.2894,38370.4
1753599986444,07:06:26.444,bitget,1INCH/USDT:USDT,0.2892,12639.3,0.2891,62467.7,0.2893,1258.2,0.2894,38370.4
1753599986594,07:06:26.594,bitget,1INCH/USDT:USDT,0.2892,12639.3,0.2891,62467.7,0.2893,1258.2,0.2894,38370.4
1753599986894,07:06:26.894,bitget,1INCH/USDT:USDT,0.2892,12639.3,0.2891,62467.7,0.2893,1258.2,0.2894,38370.4
1753599987194,07:06:27.194,bitget,1INCH/USDT:USDT,0.2892,12639.3,0.2891,62467.7,0.2893,1258.2,0.2894,38370.4
1753599987344,07:06:27.344,bitget,1INCH/USDT:USDT,0.2892,12639.3,0.2891,62467.7,0.2893,1258.2,0.2894,38370.4
1753599987494,07:06:27.494,bitget,1INCH/USDT:USDT,0.2892,12639.3,0.2891,62467.7,0.2893,1258.2,0.2894,38370.4
1753599988395,07:06:28.395,bitget,1INCH/USDT:USDT,0.2892,24744.1,0.2891,62467.7,0.2894,33125.2,0.2895,38272.8
1753599988545,07:06:28.545,bitget,1INCH/USDT:USDT,0.2892,24744.1,0.2891,62467.7,0.2894,33125.2,0.2895,38272.8
1753599988695,07:06:28.695,bitget,1INCH/USDT:USDT,0.2892,24744.1,0.2891,62467.7,0.2894,33125.2,0.2895,38272.8
1753599988845,07:06:28.845,bitget,1INCH/USDT:USDT,0.2892,24744.1,0.2891,62467.7,0.2894,33125.2,0.2895,38272.8
1753599989445,07:06:29.445,bitget,1INCH/USDT:USDT,0.2892,24744.1,0.2891,62467.7,0.2894,33125.2,0.2895,38272.8
1753599990196,07:06:30.196,bitget,1INCH/USDT:USDT,0.2892,24744.1,0.2891,62467.7,0.2894,33125.2,0.2895,38272.8
1753599990346,07:06:30.346,bitget,1INCH/USDT:USDT,0.2892,24744.1,0.2891,62467.7,0.2894,33125.2,0.2895,38272.8
1753599991096,07:06:31.096,bitget,1INCH/USDT:USDT,0.2891,33964.2,0.289,44389.5,0.2892,1887.3,0.2893,17921.1
1753599991246,07:06:31.246,bitget,1INCH/USDT:USDT,0.2891,33964.2,0.289,44389.5,0.2892,1887.3,0.2893,17921.1
1753599991396,07:06:31.396,bitget,1INCH/USDT:USDT,0.2891,33964.2,0.289,44389.5,0.2892,1887.3,0.2893,17921.1
1753599991547,07:06:31.547,bitget,1INCH/USDT:USDT,0.2891,33964.2,0.289,44389.5,0.2892,1887.3,0.2893,17921.1
1753599991997,07:06:31.997,bitget,1INCH/USDT:USDT,0.2891,33964.2,0.289,44389.5,0.2892,1887.3,0.2893,17921.1
1753599992147,07:06:32.147,bitget,1INCH/USDT:USDT,0.2891,33964.2,0.289,44389.5,0.2892,1887.3,0.2893,17921.1
1753599992297,07:06:32.297,bitget,1INCH/USDT:USDT,0.2891,33964.2,0.289,44389.5,0.2892,1887.3,0.2893,17921.1
1753599992447,07:06:32.447,bitget,1INCH/USDT:USDT,0.2891,33964.2,0.289,44389.5,0.2892,1887.3,0.2893,17921.1
1753599992597,07:06:32.597,bitget,1INCH/USDT:USDT,0.2891,33964.2,0.289,44389.5,0.2892,1887.3,0.2893,17921.1
1753599992747,07:06:32.747,bitget,1INCH/USDT:USDT,0.2891,33964.2,0.289,44389.5,0.2892,1887.3,0.2893,17921.1
1753599992897,07:06:32.897,bitget,1INCH/USDT:USDT,0.2891,33964.2,0.289,44389.5,0.2892,1887.3,0.2893,17921.1
1753599993047,07:06:33.047,bitget,1INCH/USDT:USDT,0.2891,33964.2,0.289,44389.5,0.2892,1887.3,0.2893,17921.1
1753599993348,07:06:33.348,bitget,1INCH/USDT:USDT,0.2891,33964.2,0.289,44389.5,0.2892,1887.3,0.2893,17921.1
1753599993648,07:06:33.648,bitget,1INCH/USDT:USDT,0.2891,33964.2,0.289,44389.5,0.2892,1887.3,0.2893,17921.1
1753599993798,07:06:33.798,bitget,1INCH/USDT:USDT,0.2891,33964.2,0.289,44389.5,0.2892,1887.3,0.2893,17921.1
1753599993948,07:06:33.948,bitget,1INCH/USDT:USDT,0.2891,33964.2,0.289,44389.5,0.2892,1887.3,0.2893,17921.1
1753599994098,07:06:34.098,bitget,1INCH/USDT:USDT,0.2891,33964.2,0.289,44389.5,0.2892,1887.3,0.2893,17921.1
1753599994248,07:06:34.248,bitget,1INCH/USDT:USDT,0.2891,33964.2,0.289,44389.5,0.2892,1887.3,0.2893,17921.1
1753599994398,07:06:34.398,bitget,1INCH/USDT:USDT,0.2891,33964.2,0.289,44389.5,0.2892,1887.3,0.2893,17921.1
1753599994548,07:06:34.548,bitget,1INCH/USDT:USDT,0.2891,33964.2,0.289,44389.5,0.2892,1887.3,0.2893,17921.1
1753599994698,07:06:34.698,bitget,1INCH/USDT:USDT,0.2891,33964.2,0.289,44389.5,0.2892,1887.3,0.2893,17921.1
1753599994848,07:06:34.848,bitget,1INCH/USDT:USDT,0.2891,33964.2,0.289,44389.5,0.2892,1887.3,0.2893,17921.1
1753599994998,07:06:34.998,bitget,1INCH/USDT:USDT,0.2891,33964.2,0.289,44389.5,0.2892,1887.3,0.2893,17921.1
1753599995149,07:06:35.149,bitget,1INCH/USDT:USDT,0.2891,33964.2,0.289,44389.5,0.2892,1887.3,0.2893,17921.1
1753599995299,07:06:35.299,bitget,1INCH/USDT:USDT,0.2891,33964.2,0.289,44389.5,0.2892,1887.3,0.2893,17921.1
1753599995449,07:06:35.449,bitget,1INCH/USDT:USDT,0.2891,33964.2,0.289,44389.5,0.2892,1887.3,0.2893,17921.1
1753599995599,07:06:35.599,bitget,1INCH/USDT:USDT,0.2891,33964.2,0.289,44389.5,0.2892,1887.3,0.2893,17921.1
1753599995749,07:06:35.749,bitget,1INCH/USDT:USDT,0.2891,33964.2,0.289,44389.5,0.2892,1887.3,0.2893,17921.1
1753599995899,07:06:35.899,bitget,1INCH/USDT:USDT,0.2891,33964.2,0.289,44389.5,0.2892,1887.3,0.2893,17921.1
1753599996049,07:06:36.049,bitget,1INCH/USDT:USDT,0.2891,33964.2,0.289,44389.5,0.2892,1887.3,0.2893,17921.1
1753599996199,07:06:36.199,bitget,1INCH/USDT:USDT,0.2891,33964.2,0.289,44389.5,0.2892,1887.3,0.2893,17921.1
1753599996349,07:06:36.349,bitget,1INCH/USDT:USDT,0.2891,33964.2,0.289,44389.5,0.2892,1887.3,0.2893,17921.1
1753599996499,07:06:36.499,bitget,1INCH/USDT:USDT,0.2891,33964.2,0.289,44389.5,0.2892,1887.3,0.2893,17921.1
1753599996649,07:06:36.649,bitget,1INCH/USDT:USDT,0.2891,33964.2,0.289,44389.5,0.2892,1887.3,0.2893,17921.1
1753599996799,07:06:36.799,bitget,1INCH/USDT:USDT,0.2891,33964.2,0.289,44389.5,0.2892,1887.3,0.2893,17921.1
1753599996950,07:06:36.950,bitget,1INCH/USDT:USDT,0.2891,33964.2,0.289,44389.5,0.2892,1887.3,0.2893,17921.1
1753599997100,07:06:37.100,bitget,1INCH/USDT:USDT,0.2891,33964.2,0.289,44389.5,0.2892,1887.3,0.2893,17921.1
1753599997250,07:06:37.250,bitget,1INCH/USDT:USDT,0.2891,33964.2,0.289,44389.5,0.2892,1887.3,0.2893,17921.1
1753599997400,07:06:37.400,bitget,1INCH/USDT:USDT,0.2891,33964.2,0.289,44389.5,0.2892,1887.3,0.2893,17921.1
1753599997550,07:06:37.550,bitget,1INCH/USDT:USDT,0.2891,33964.2,0.289,44389.5,0.2892,1887.3,0.2893,17921.1
1753599997700,07:06:37.700,bitget,1INCH/USDT:USDT,0.2891,33964.2,0.289,44389.5,0.2892,1887.3,0.2893,17921.1
1753599997850,07:06:37.850,bitget,1INCH/USDT:USDT,0.2891,28782.0,0.289,44389.5,0.2892,1887.3,0.2893,17921.1
1753599998000,07:06:38.000,bitget,1INCH/USDT:USDT,0.2891,28782.0,0.289,44389.5,0.2892,1887.3,0.2893,17921.1
1753599998150,07:06:38.150,bitget,1INCH/USDT:USDT,0.2891,28782.0,0.289,44389.5,0.2892,1887.3,0.2893,17921.1
1753599998300,07:06:38.300,bitget,1INCH/USDT:USDT,0.2891,28782.0,0.289,44389.5,0.2892,1887.3,0.2893,17921.1
1753599998450,07:06:38.450,bitget,1INCH/USDT:USDT,0.2891,28782.0,0.289,44389.5,0.2892,1887.3,0.2893,17921.1
1753599998600,07:06:38.600,bitget,1INCH/USDT:USDT,0.2891,28782.0,0.289,44389.5,0.2892,1887.3,0.2893,17921.1
1753599998751,07:06:38.751,bitget,1INCH/USDT:USDT,0.2891,28782.0,0.289,44389.5,0.2892,1887.3,0.2893,17921.1
1753599998901,07:06:38.901,bitget,1INCH/USDT:USDT,0.2891,28782.0,0.289,44389.5,0.2892,1887.3,0.2893,17921.1
1753599999051,07:06:39.051,bitget,1INCH/USDT:USDT,0.2891,28782.0,0.289,44389.5,0.2892,1887.3,0.2893,17921.1
1753599999201,07:06:39.201,bitget,1INCH/USDT:USDT,0.2891,28782.0,0.289,44389.5,0.2892,1887.3,0.2893,17921.1
1753599999351,07:06:39.351,bitget,1INCH/USDT:USDT,0.2891,28782.0,0.289,44389.5,0.2892,1887.3,0.2893,17921.1
1753599999501,07:06:39.501,bitget,1INCH/USDT:USDT,0.2891,28782.0,0.289,44389.5,0.2892,1887.3,0.2893,17921.1
1753599999651,07:06:39.651,bitget,1INCH/USDT:USDT,0.2891,28782.0,0.289,44389.5,0.2892,1887.3,0.2893,17921.1
1753599999801,07:06:39.801,bitget,1INCH/USDT:USDT,0.2891,28782.0,0.289,44389.5,0.2892,1887.3,0.2893,17921.1
1753599999951,07:06:39.951,bitget,1INCH/USDT:USDT,0.2891,28782.0,0.289,44389.5,0.2892,1887.3,0.2893,17921.1
1753600000101,07:06:40.101,bitget,1INCH/USDT:USDT,0.2891,28782.0,0.289,44389.5,0.2892,1887.3,0.2893,17921.1
1753600000251,07:06:40.251,bitget,1INCH/USDT:USDT,0.2891,28782.0,0.289,44389.5,0.2892,1887.3,0.2893,17921.1
1753600000401,07:06:40.401,bitget,1INCH/USDT:USDT,0.2891,28782.0,0.289,44389.5,0.2892,1887.3,0.2893,17921.1
1753600000552,07:06:40.552,bitget,1INCH/USDT:USDT,0.2892,329.6,0.2891,37139.3,0.2893,9504.5,0.2894,39233.6
1753600000702,07:06:40.702,bitget,1INCH/USDT:USDT,0.2892,1225.5,0.2891,46648.9,0.2893,1587.8,0.2894,48743.1
1753600000852,07:06:40.852,bitget,1INCH/USDT:USDT,0.2892,1225.5,0.2891,46648.9,0.2893,4787.1,0.2894,48743.1
1753600001002,07:06:41.002,bitget,1INCH/USDT:USDT,0.2892,1225.5,0.2891,43473.8,0.2893,4787.1,0.2894,48743.1
1753600001152,07:06:41.152,bitget,1INCH/USDT:USDT,0.2892,895.9,0.2891,43473.8,0.2893,5065.5,0.2894,43560.9
1753600001302,07:06:41.302,bitget,1INCH/USDT:USDT,0.2892,895.9,0.2891,43473.8,0.2893,4787.1,0.2894,43560.9
1753600001452,07:06:41.452,bitget,1INCH/USDT:USDT,0.2892,895.9,0.2891,43473.8,0.2893,4787.1,0.2894,43560.9
1753600001602,07:06:41.602,bitget,1INCH/USDT:USDT,0.2892,895.9,0.2891,43473.8,0.2893,2945.8,0.2894,43560.9
1753600001752,07:06:41.752,bitget,1INCH/USDT:USDT,0.2892,895.9,0.2891,43473.8,0.2893,1587.8,0.2894,43560.9
1753600001902,07:06:41.902,bitget,1INCH/USDT:USDT,0.2892,895.9,0.2891,43473.8,0.2893,2516.0,0.2894,43560.9
1753600002052,07:06:42.052,bitget,1INCH/USDT:USDT,0.2892,895.9,0.2891,43473.8,0.2893,2516.0,0.2894,43560.9
1753600002203,07:06:42.203,bitget,1INCH/USDT:USDT,0.2892,895.9,0.2891,43473.8,0.2893,1885.6,0.2894,43560.9
1753600002353,07:06:42.353,bitget,1INCH/USDT:USDT,0.2892,1225.5,0.2891,43473.8,0.2893,2113.2,0.2894,43560.9
1753600002503,07:06:42.503,bitget,1INCH/USDT:USDT,0.2892,1225.5,0.2891,43473.8,0.2893,3163.0,0.2894,43560.9
1753600002653,07:06:42.653,bitget,1INCH/USDT:USDT,0.2892,1225.5,0.2891,43473.8,0.2893,2706.7,0.2894,43560.9
1753600002803,07:06:42.803,bitget,1INCH/USDT:USDT,0.2892,1225.5,0.2891,43473.8,0.2893,2706.7,0.2894,43560.9
1753600002953,07:06:42.953,bitget,1INCH/USDT:USDT,0.2892,1225.5,0.2891,43473.8,0.2893,2377.1,0.2894,43560.9
1753600003103,07:06:43.103,bitget,1INCH/USDT:USDT,0.2892,6407.7,0.2891,43473.8,0.2893,3641.0,0.2894,43560.9
1753600003253,07:06:43.253,bitget,1INCH/USDT:USDT,0.2892,6407.7,0.2891,43473.8,0.2893,3641.0,0.2894,43560.9
1753600003403,07:06:43.403,bitget,1INCH/USDT:USDT,0.2892,6407.7,0.2891,43473.8,0.2893,2616.2,0.2894,43560.9
1753600003553,07:06:43.553,bitget,1INCH/USDT:USDT,0.2892,6407.7,0.2891,43473.8,0.2893,2616.2,0.2894,43560.9
1753600003703,07:06:43.703,bitget,1INCH/USDT:USDT,0.2892,6407.7,0.2891,43473.8,0.2893,2616.2,0.2894,43560.9
1753600003853,07:06:43.853,bitget,1INCH/USDT:USDT,0.2892,6407.7,0.2891,43473.8,0.2893,2616.2,0.2894,43560.9
1753600004003,07:06:44.003,bitget,1INCH/USDT:USDT,0.2892,6407.7,0.2891,43473.8,0.2893,2882.7,0.2894,43560.9
1753600004154,07:06:44.154,bitget,1INCH/USDT:USDT,0.2892,6407.7,0.2891,43473.8,0.2893,2882.7,0.2894,43560.9
1753600004304,07:06:44.304,bitget,1INCH/USDT:USDT,0.2892,6407.7,0.2891,43473.8,0.2893,2882.7,0.2894,43560.9
1753600004454,07:06:44.454,bitget,1INCH/USDT:USDT,0.2892,6407.7,0.2891,43473.8,0.2893,2882.7,0.2894,43560.9
1753600004604,07:06:44.604,bitget,1INCH/USDT:USDT,0.2892,6407.7,0.2891,43473.8,0.2893,2882.7,0.2894,43560.9
1753600004754,07:06:44.754,bitget,1INCH/USDT:USDT,0.2892,6407.7,0.2891,43473.8,0.2893,2882.7,0.2894,43560.9
1753600004904,07:06:44.904,bitget,1INCH/USDT:USDT,0.2892,6407.7,0.2891,43473.8,0.2893,2882.7,0.2894,43560.9
1753600005054,07:06:45.054,bitget,1INCH/USDT:USDT,0.2892,6407.7,0.2891,43473.8,0.2893,2882.7,0.2894,43560.9
1753600005204,07:06:45.204,bitget,1INCH/USDT:USDT,0.2892,6407.7,0.2891,43473.8,0.2893,2882.7,0.2894,43560.9
1753600005354,07:06:45.354,bitget,1INCH/USDT:USDT,0.2892,1225.5,0.2891,43473.8,0.2893,3490.7,0.2894,43560.9
1753600005504,07:06:45.504,bitget,1INCH/USDT:USDT,0.2892,1225.5,0.2891,43473.8,0.2893,2430.5,0.2894,43560.9
1753600005654,07:06:45.654,bitget,1INCH/USDT:USDT,0.2892,1225.5,0.2891,43473.8,0.2893,2430.5,0.2894,43560.9
1753600005804,07:06:45.804,bitget,1INCH/USDT:USDT,0.2892,1225.5,0.2891,43473.8,0.2893,2430.5,0.2894,43560.9
1753600005955,07:06:45.955,bitget,1INCH/USDT:USDT,0.2892,895.9,0.2891,43473.8,0.2893,2430.5,0.2894,43560.9
1753600006105,07:06:46.105,bitget,1INCH/USDT:USDT,0.2892,895.9,0.2891,43473.8,0.2893,2430.5,0.2894,43560.9
1753600006255,07:06:46.255,bitget,1INCH/USDT:USDT,0.2892,1214.3,0.2891,43473.8,0.2893,2430.5,0.2894,43560.9
1753600006405,07:06:46.405,bitget,1INCH/USDT:USDT,0.2892,1214.3,0.2891,43473.8,0.2893,2430.5,0.2894,43560.9
1753600006555,07:06:46.555,bitget,1INCH/USDT:USDT,0.2892,1214.3,0.2891,43473.8,0.2893,2430.5,0.2894,43560.9
1753600006705,07:06:46.705,bitget,1INCH/USDT:USDT,0.2892,1214.3,0.2891,43473.8,0.2893,2430.5,0.2894,43560.9
1753600006855,07:06:46.855,bitget,1INCH/USDT:USDT,0.2892,895.9,0.2891,43473.8,0.2893,2430.5,0.2894,43560.9
1753600007005,07:06:47.005,bitget,1INCH/USDT:USDT,0.2892,895.9,0.2891,43473.8,0.2893,2430.5,0.2894,43560.9
1753600007155,07:06:47.155,bitget,1INCH/USDT:USDT,0.2892,895.9,0.2891,43473.8,0.2893,2430.5,0.2894,43560.9
1753600007305,07:06:47.305,bitget,1INCH/USDT:USDT,0.2891,43473.8,0.289,34885.2,0.2892,1887.3,0.2893,2430.5
1753600007455,07:06:47.455,bitget,1INCH/USDT:USDT,0.289,62678.4,0.2889,79641.7,0.2892,6558.8,0.2893,34750.6
1753600007606,07:06:47.606,bitget,1INCH/USDT:USDT,0.289,34885.2,0.2889,26938.4,0.2891,1258.2,0.2892,19649.7
1753600007755,07:06:47.755,bitget,1INCH/USDT:USDT,0.289,32408.4,0.2889,43927.2,0.2891,1258.2,0.2892,37655.2
1753600007906,07:06:47.906,bitget,1INCH/USDT:USDT,0.2891,1258.2,0.289,32408.4,0.2892,9826.5,0.2893,25523.2
1753600008056,07:06:48.056,bitget,1INCH/USDT:USDT,0.2891,1214.3,0.289,46995.6,0.2892,2205.7,0.2893,57427.1
1753600008206,07:06:48.206,bitget,1INCH/USDT:USDT,0.2891,895.9,0.289,46995.6,0.2892,2205.7,0.2893,57427.1
1753600008356,07:06:48.356,bitget,1INCH/USDT:USDT,0.2891,895.9,0.289,44143.1,0.2892,2205.7,0.2893,57427.1
1753600008506,07:06:48.506,bitget,1INCH/USDT:USDT,0.289,44143.1,0.2889,34419.0,0.2892,15592.8,0.2893,57427.1
1753600008656,07:06:48.656,bitget,1INCH/USDT:USDT,0.289,34628.9,0.2889,43933.2,0.2891,1258.2,0.2892,15592.8
1753600008806,07:06:48.806,bitget,1INCH/USDT:USDT,0.289,34628.9,0.2889,43933.2,0.2891,1258.2,0.2892,20526.5
1753600008956,07:06:48.956,bitget,1INCH/USDT:USDT,0.289,34628.9,0.2889,43933.2,0.2891,1258.2,0.2892,18636.6
1753600009106,07:06:49.106,bitget,1INCH/USDT:USDT,0.289,34628.9,0.2889,43933.2,0.2891,1258.2,0.2892,18636.6
1753600009256,07:06:49.256,bitget,1INCH/USDT:USDT,0.289,34628.9,0.2889,43933.2,0.2891,1258.2,0.2892,18636.6
1753600009406,07:06:49.406,bitget,1INCH/USDT:USDT,0.289,34628.9,0.2889,43933.2,0.2891,1258.2,0.2892,18636.6
1753600009557,07:06:49.557,bitget,1INCH/USDT:USDT,0.289,34628.9,0.2889,43933.2,0.2891,1258.2,0.2892,18636.6
1753600009707,07:06:49.707,bitget,1INCH/USDT:USDT,0.289,34628.9,0.2889,43933.2,0.2891,1258.2,0.2892,18636.6
1753600009857,07:06:49.857,bitget,1INCH/USDT:USDT,0.289,34628.9,0.2889,43933.2,0.2891,1258.2,0.2892,18636.6
1753600010007,07:06:50.007,bitget,1INCH/USDT:USDT,0.289,34628.9,0.2889,43933.2,0.2891,1258.2,0.2892,18636.6
1753600010157,07:06:50.157,bitget,1INCH/USDT:USDT,0.289,34628.9,0.2889,43933.2,0.2891,1258.2,0.2892,18636.6
1753600010307,07:06:50.307,bitget,1INCH/USDT:USDT,0.289,34628.9,0.2889,43933.2,0.2891,1258.2,0.2892,18636.6
1753600010457,07:06:50.457,bitget,1INCH/USDT:USDT,0.289,31050.4,0.2889,43933.2,0.2891,1258.2,0.2892,18636.6
1753600010607,07:06:50.607,bitget,1INCH/USDT:USDT,0.289,31050.4,0.2889,43933.2,0.2891,1258.2,0.2892,18636.6
1753600010757,07:06:50.757,bitget,1INCH/USDT:USDT,0.289,31050.4,0.2889,43933.2,0.2891,1258.2,0.2892,18636.6
1753600010907,07:06:50.907,bitget,1INCH/USDT:USDT,0.289,31050.4,0.2889,43933.2,0.2891,1258.2,0.2892,18636.6
1753600011207,07:06:51.207,bitget,1INCH/USDT:USDT,0.289,31050.4,0.2889,43933.2,0.2891,1258.2,0.2892,18636.6
1753600011358,07:06:51.358,bitget,1INCH/USDT:USDT,0.289,31050.4,0.2889,43933.2,0.2891,1258.2,0.2892,18636.6
1753600011508,07:06:51.508,bitget,1INCH/USDT:USDT,0.289,31050.4,0.2889,43933.2,0.2891,1258.2,0.2892,18636.6
1753600011658,07:06:51.658,bitget,1INCH/USDT:USDT,0.289,31050.4,0.2889,43933.2,0.2891,1258.2,0.2892,18636.6
1753600011808,07:06:51.808,bitget,1INCH/USDT:USDT,0.289,31050.4,0.2889,43933.2,0.2891,1258.2,0.2892,18636.6
1753600011958,07:06:51.958,bitget,1INCH/USDT:USDT,0.289,31050.4,0.2889,43933.2,0.2891,1258.2,0.2892,18636.6
1753600012108,07:06:52.108,bitget,1INCH/USDT:USDT,0.289,31050.4,0.2889,43933.2,0.2891,1258.2,0.2892,18636.6
1753600012258,07:06:52.258,bitget,1INCH/USDT:USDT,0.289,31050.4,0.2889,43933.2,0.2891,1258.2,0.2892,18636.6
1753600012408,07:06:52.408,bitget,1INCH/USDT:USDT,0.289,31050.4,0.2889,43933.2,0.2891,1258.2,0.2892,18636.6
1753600012558,07:06:52.558,bitget,1INCH/USDT:USDT,0.289,31050.4,0.2889,43933.2,0.2891,1258.2,0.2892,18636.6
1753600012708,07:06:52.708,bitget,1INCH/USDT:USDT,0.289,31050.4,0.2889,43933.2,0.2892,18318.2,0.2893,53095.2
1753600012858,07:06:52.858,bitget,1INCH/USDT:USDT,0.2891,318.4,0.289,37652.9,0.2892,10969.8,0.2893,62607.5
1753600013008,07:06:53.008,bitget,1INCH/USDT:USDT,0.2891,318.4,0.289,47165.1,0.2892,7243.8,0.2893,62607.5
1753600013159,07:06:53.159,bitget,1INCH/USDT:USDT,0.2891,318.4,0.289,44141.1,0.2892,7243.8,0.2893,62607.5
1753600013309,07:06:53.309,bitget,1INCH/USDT:USDT,0.2891,318.4,0.289,44141.1,0.2892,7243.8,0.2893,62607.5
1753600013459,07:06:53.459,bitget,1INCH/USDT:USDT,0.2891,318.4,0.289,44141.1,0.2892,7243.8,0.2893,62607.5
1753600013609,07:06:53.609,bitget,1INCH/USDT:USDT,0.2891,318.4,0.289,44141.1,0.2892,7243.8,0.2893,62607.5
1753600013759,07:06:53.759,bitget,1INCH/USDT:USDT,0.2891,318.4,0.289,44141.1,0.2892,7243.8,0.2893,62607.5
1753600013909,07:06:53.909,bitget,1INCH/USDT:USDT,0.2891,318.4,0.289,44141.1,0.2892,7243.8,0.2893,62607.5
1753600014059,07:06:54.059,bitget,1INCH/USDT:USDT,0.2891,318.4,0.289,44141.1,0.2892,2484.1,0.2893,62607.5
1753600014209,07:06:54.209,bitget,1INCH/USDT:USDT,0.2891,318.4,0.289,44141.1,0.2892,3197.4,0.2893,62607.5
1753600014359,07:06:54.359,bitget,1INCH/USDT:USDT,0.2891,318.4,0.289,44141.1,0.2892,2566.8,0.2893,62607.5
1753600014509,07:06:54.509,bitget,1INCH/USDT:USDT,0.2891,318.4,0.289,44141.1,0.2892,2566.8,0.2893,57425.3
1753600014659,07:06:54.659,bitget,1INCH/USDT:USDT,0.2891,318.4,0.289,44141.1,0.2892,2904.2,0.2893,57425.3
1753600014809,07:06:54.809,bitget,1INCH/USDT:USDT,0.2891,318.4,0.289,44141.1,0.2892,3222.6,0.2893,57425.3
1753600014960,07:06:54.960,bitget,1INCH/USDT:USDT,0.2891,318.4,0.289,44141.1,0.2892,3222.6,0.2893,57425.3
1753600015110,07:06:55.110,bitget,1INCH/USDT:USDT,0.2891,318.4,0.289,44141.1,0.2892,5820.7,0.2893,57425.3
1753600015260,07:06:55.260,bitget,1INCH/USDT:USDT,0.2891,318.4,0.289,44141.1,0.2892,5820.7,0.2893,57425.3
1753600015410,07:06:55.410,bitget,1INCH/USDT:USDT,0.2891,318.4,0.289,44141.1,0.2892,6099.1,0.2893,57425.3
1753600015560,07:06:55.560,bitget,1INCH/USDT:USDT,0.289,44141.1,0.2889,34419.0,0.2892,13008.8,0.2893,57425.3
1753600015710,07:06:55.710,bitget,1INCH/USDT:USDT,0.289,34628.9,0.2889,43926.9,0.2891,1258.2,0.2892,22375.4
1753600015860,07:06:55.860,bitget,1INCH/USDT:USDT,0.289,31050.4,0.2889,43926.9,0.2891,1258.2,0.2892,29995.4
1753600016010,07:06:56.010,bitget,1INCH/USDT:USDT,0.2891,5566.4,0.289,31328.8,0.2892,16994.5,0.2893,47913.0
1753600016160,07:06:56.160,bitget,1INCH/USDT:USDT,0.2892,17890.4,0.2891,18536.4,0.2893,31897.1,0.2894,3877.7
1753600016310,07:06:56.310,bitget,1INCH/USDT:USDT,0.2891,35266.0,0.289,42956.0,0.2892,1887.3,0.2894,55447.7
1753600016460,07:06:56.460,bitget,1INCH/USDT:USDT,0.2891,18258.0,0.289,45152.6,0.2892,1887.3,0.2893,16548.4
1753600016610,07:06:56.610,bitget,1INCH/USDT:USDT,0.2891,18258.0,0.289,45152.6,0.2892,1887.3,0.2893,23458.1
1753600016761,07:06:56.761,bitget,1INCH/USDT:USDT,0.2891,18258.0,0.289,45152.6,0.2892,1887.3,0.2893,23458.1
1753600016911,07:06:56.911,bitget,1INCH/USDT:USDT,0.2891,18258.0,0.289,45152.6,0.2892,1887.3,0.2893,23458.1
1753600017061,07:06:57.061,bitget,1INCH/USDT:USDT,0.2891,18258.0,0.289,45152.6,0.2892,1887.3,0.2893,23458.1
1753600017211,07:06:57.211,bitget,1INCH/USDT:USDT,0.2891,18258.0,0.289,45152.6,0.2892,1887.3,0.2893,23458.1
1753600017361,07:06:57.361,bitget,1INCH/USDT:USDT,0.2891,11308.1,0.289,26868.7,0.2892,1887.3,0.2893,20732.3
1753600017511,07:06:57.511,bitget,1INCH/USDT:USDT,0.289,26868.7,0.2889,39656.6,0.2892,2873.3,0.2893,25914.5
1753600017661,07:06:57.661,bitget,1INCH/USDT:USDT,0.2889,49164.9,0.2888,89440.1,0.2891,2206.4,0.2892,46845.3
1753600017811,07:06:57.811,bitget,1INCH/USDT:USDT,0.2889,51081.7,0.2888,36732.1,0.2891,5119.6,0.2892,59648.0
1753600017961,07:06:57.961,bitget,1INCH/USDT:USDT,0.2889,43395.8,0.2888,36732.1,0.2891,5119.6,0.2892,53648.0
1753600018111,07:06:58.111,bitget,1INCH/USDT:USDT,0.2889,43395.8,0.2888,45569.6,0.2891,12677.2,0.2892,53648.0
1753600018261,07:06:58.261,bitget,1INCH/USDT:USDT,0.2889,43395.8,0.2888,45569.6,0.2891,12677.2,0.2892,53648.0
1753600018411,07:06:58.411,bitget,1INCH/USDT:USDT,0.2889,43395.8,0.2888,45569.6,0.2891,12677.2,0.2892,56499.8
1753600018562,07:06:58.562,bitget,1INCH/USDT:USDT,0.2889,43395.8,0.2888,45569.6,0.2891,19865.3,0.2892,56221.4
1753600018712,07:06:58.712,bitget,1INCH/USDT:USDT,0.2889,43395.8,0.2888,45569.6,0.2891,19865.3,0.2892,56221.4
1753600018862,07:06:58.862,bitget,1INCH/USDT:USDT,0.2889,43395.8,0.2888,45569.6,0.2891,19865.3,0.2892,56221.4
1753600019012,07:06:59.012,bitget,1INCH/USDT:USDT,0.289,895.9,0.2889,43395.8,0.2891,19586.9,0.2892,53369.6
1753600019162,07:06:59.162,bitget,1INCH/USDT:USDT,0.289,895.9,0.2889,52910.5,0.2891,10474.1,0.2892,50993.4
1753600019312,07:06:59.312,bitget,1INCH/USDT:USDT,0.289,895.9,0.2889,46000.8,0.2891,11482.1,0.2892,50993.4
1753600019462,07:06:59.462,bitget,1INCH/USDT:USDT,0.289,895.9,0.2889,43607.6,0.2891,11482.1,0.2892,50993.4
1753600019612,07:06:59.612,bitget,1INCH/USDT:USDT,0.289,895.9,0.2889,43607.6,0.2891,11482.1,0.2892,45811.2
1753600019762,07:06:59.762,bitget,1INCH/USDT:USDT,0.289,1215.0,0.2889,43607.6,0.2891,10474.1,0.2892,45811.2
1753600019912,07:06:59.912,bitget,1INCH/USDT:USDT,0.289,1215.0,0.2889,43607.6,0.2891,3564.4,0.2892,45811.2
1753600020062,07:07:00.062,bitget,1INCH/USDT:USDT,0.289,1215.0,0.2889,43607.6,0.2891,4748.1,0.2892,45811.2
1753600020212,07:07:00.212,bitget,1INCH/USDT:USDT,0.289,1215.0,0.2889,43607.6,0.2891,3618.5,0.2892,45811.2
1753600020363,07:07:00.363,bitget,1INCH/USDT:USDT,0.289,1215.0,0.2889,43607.6,0.2891,2434.8,0.2892,45811.2
1753600020513,07:07:00.513,bitget,1INCH/USDT:USDT,0.289,1215.0,0.2889,43607.6,0.2891,2434.8,0.2892,45811.2
1753600020663,07:07:00.663,bitget,1INCH/USDT:USDT,0.289,1215.0,0.2889,43607.6,0.2891,2434.8,0.2892,45811.2
1753600020963,07:07:00.963,bitget,1INCH/USDT:USDT,0.2889,43607.6,0.2888,36061.3,0.2891,2434.8,0.2892,45811.2
1753600021113,07:07:01.113,bitget,1INCH/USDT:USDT,0.2889,34371.3,0.2888,45575.7,0.2891,5164.1,0.2892,45811.2
1753600021263,07:07:01.263,bitget,1INCH/USDT:USDT,0.2889,43676.1,0.2888,45575.7,0.2891,5164.1,0.2892,45811.2
1753600021413,07:07:01.413,bitget,1INCH/USDT:USDT,0.2889,43676.1,0.2888,45575.7,0.2891,5164.1,0.2892,45811.2
1753600021563,07:07:01.563,bitget,1INCH/USDT:USDT,0.2889,43397.7,0.2888,45575.7,0.2891,2434.8,0.2892,45811.2
1753600021713,07:07:01.713,bitget,1INCH/USDT:USDT,0.2889,43676.1,0.2888,45575.7,0.2891,2434.8,0.2892,45811.2
1753600021863,07:07:01.863,bitget,1INCH/USDT:USDT,0.2889,43676.1,0.2888,45575.7,0.2891,2434.8,0.2892,45811.2
1753600022013,07:07:02.013,bitget,1INCH/USDT:USDT,0.2889,43676.1,0.2888,45575.7,0.2891,2434.8,0.2892,45811.2
1753600022164,07:07:02.164,bitget,1INCH/USDT:USDT,0.2889,43676.1,0.2888,45575.7,0.2891,10430.1,0.2892,45811.2
1753600022314,07:07:02.314,bitget,1INCH/USDT:USDT,0.2889,43676.1,0.2888,45575.7,0.2891,10430.1,0.2892,45811.2
1753600022614,07:07:02.614,bitget,1INCH/USDT:USDT,0.2889,43676.1,0.2888,45575.7,0.2891,17339.8,0.2892,45811.2
1753600022764,07:07:02.764,bitget,1INCH/USDT:USDT,0.2889,43676.1,0.2888,45575.7,0.2891,17339.8,0.2892,45811.2
1753600022914,07:07:02.914,bitget,1INCH/USDT:USDT,0.2889,43676.1,0.2888,45575.7,0.2891,17339.8,0.2892,50993.4
1753600023064,07:07:03.064,bitget,1INCH/USDT:USDT,0.2889,43397.7,0.2888,45575.7,0.2891,10430.1,0.2892,50993.4
1753600023214,07:07:03.214,bitget,1INCH/USDT:USDT,0.2889,43397.7,0.2888,45575.7,0.2891,10430.1,0.2892,50993.4
1753600023364,07:07:03.364,bitget,1INCH/USDT:USDT,0.2889,43676.1,0.2888,45575.7,0.2891,10430.1,0.2892,50993.4
1753600023514,07:07:03.514,bitget,1INCH/USDT:USDT,0.2889,43676.1,0.2888,45575.7,0.2891,10430.1,0.2892,50993.4
1753600023664,07:07:03.664,bitget,1INCH/USDT:USDT,0.2889,43676.1,0.2888,45575.7,0.2891,10430.1,0.2892,50993.4
1753600023814,07:07:03.814,bitget,1INCH/USDT:USDT,0.2889,43676.1,0.2888,45575.7,0.2891,10430.1,0.2892,50993.4
1753600023965,07:07:03.965,bitget,1INCH/USDT:USDT,0.2889,43676.1,0.2888,45575.7,0.2891,10430.1,0.2892,50993.4
1753600024115,07:07:04.115,bitget,1INCH/USDT:USDT,0.2889,43397.7,0.2888,45575.7,0.2891,10430.1,0.2892,50993.4
1753600024265,07:07:04.265,bitget,1INCH/USDT:USDT,0.2888,33483.8,0.2887,16286.6,0.289,26475.1,0.2891,27182.4
1753600024415,07:07:04.415,bitget,1INCH/USDT:USDT,0.2887,49448.4,0.2886,14659.2,0.2889,10148.9,0.289,37548.6
1753600024565,07:07:04.565,bitget,1INCH/USDT:USDT,0.2888,319.1,0.2887,21468.8,0.2889,10148.9,0.289,46126.6
1753600024715,07:07:04.715,bitget,1INCH/USDT:USDT,0.2888,319.1,0.2887,38559.1,0.2889,3564.4,0.289,46126.6
1753600024865,07:07:04.865,bitget,1INCH/USDT:USDT,0.2888,319.1,0.2887,38559.1,0.2889,9116.1,0.289,46126.6
1753600025015,07:07:05.015,bitget,1INCH/USDT:USDT,0.2887,38559.1,0.2886,41599.2,0.2889,9116.1,0.289,46126.6
1753600025165,07:07:05.165,bitget,1INCH/USDT:USDT,0.2887,29041.4,0.2886,51122.1,0.2889,22954.1,0.289,46126.6
1753600025315,07:07:05.315,bitget,1INCH/USDT:USDT,0.2887,22131.7,0.2886,51122.1,0.2889,22954.1,0.289,46126.6
1753600025465,07:07:05.465,bitget,1INCH/USDT:USDT,0.2888,319.1,0.2887,22131.7,0.2889,22954.1,0.289,46126.6
1753600025615,07:07:05.615,bitget,1INCH/USDT:USDT,0.2888,319.1,0.2887,31654.6,0.2889,10474.1,0.289,106333.0
1753600025766,07:07:05.766,bitget,1INCH/USDT:USDT,0.2887,31654.6,0.2886,36756.7,0.2889,9116.1,0.289,106333.0
1753600025916,07:07:05.916,bitget,1INCH/USDT:USDT,0.2887,18384.5,0.2886,46279.6,0.2889,24648.7,0.289,102779.4
1753600026066,07:07:06.066,bitget,1INCH/USDT:USDT,0.2887,18384.5,0.2886,46279.6,0.2889,24648.7,0.289,102779.4
1753600026216,07:07:06.216,bitget,1INCH/USDT:USDT,0.2887,18384.5,0.2886,46279.6,0.2889,24648.7,0.289,102779.4
1753600026366,07:07:06.366,bitget,1INCH/USDT:USDT,0.2887,322.7,0.2886,27973.3,0.2888,1258.2,0.2889,36326.9
1753600026516,07:07:06.516,bitget,1INCH/USDT:USDT,0.2886,22824.1,0.2885,41213.0,0.2888,1858.8,0.2889,43964.5
1753600026666,07:07:06.666,bitget,1INCH/USDT:USDT,0.2887,322.2,0.2886,18620.1,0.2888,8846.0,0.2889,49146.7
1753600026816,07:07:06.816,bitget,1INCH/USDT:USDT,0.2886,22826.7,0.2885,69035.4,0.2888,33476.4,0.2889,43964.5
1753600026966,07:07:06.966,bitget,1INCH/USDT:USDT,0.2886,13301.2,0.2885,69035.4,0.2888,33476.4,0.2889,49146.7
1753600027116,07:07:07.116,bitget,1INCH/USDT:USDT,0.2886,24580.6,0.2885,69035.4,0.2888,33476.4,0.2889,49146.7
1753600027266,07:07:07.266,bitget,1INCH/USDT:USDT,0.2886,7230.4,0.2885,69035.4,0.2888,33476.4,0.2889,49146.7
1753600027417,07:07:07.417,bitget,1INCH/USDT:USDT,0.2886,17285.8,0.2885,69035.4,0.2888,35552.4,0.2889,49146.7
1753600027567,07:07:07.567,bitget,1INCH/USDT:USDT,0.2886,10376.1,0.2885,49672.7,0.2888,35552.4,0.2889,49146.7
1753600027717,07:07:07.717,bitget,1INCH/USDT:USDT,0.2886,12412.6,0.2885,50132.4,0.2887,1258.2,0.2888,35552.4
1753600027867,07:07:07.867,bitget,1INCH/USDT:USDT,0.2886,5502.9,0.2885,50132.4,0.2887,1258.2,0.2888,43823.2
1753600028017,07:07:08.017,bitget,1INCH/USDT:USDT,0.2886,5502.9,0.2885,50132.4,0.2887,1580.4,0.2888,43823.2
1753600028167,07:07:08.167,bitget,1INCH/USDT:USDT,0.2886,5502.9,0.2885,50132.4,0.2887,1580.4,0.2888,40965.8
1753600028317,07:07:08.317,bitget,1INCH/USDT:USDT,0.2885,45552.2,0.2884,37683.8,0.2887,1580.4,0.2888,40965.8
1753600028467,07:07:08.467,bitget,1INCH/USDT:USDT,0.2885,23052.3,0.2884,65510.9,0.2886,1258.2,0.2887,18856.5
1753600028917,07:07:08.917,bitget,1INCH/USDT:USDT,0.2885,17729.8,0.2884,65510.9,0.2886,1258.2,0.2887,27128.2
1753600029067,07:07:09.067,bitget,1INCH/USDT:USDT,0.2885,10820.1,0.2884,65510.9,0.2886,212.6,0.2887,27128.2
1753600029217,07:07:09.217,bitget,1INCH/USDT:USDT,0.2885,9935.4,0.2884,47214.9,0.2886,1258.2,0.2887,27128.2
1753600029368,07:07:09.368,bitget,1INCH/USDT:USDT,0.2885,15117.6,0.2884,48330.9,0.2886,1258.2,0.2887,43360.2
1753600029518,07:07:09.518,bitget,1INCH/USDT:USDT,0.2886,42460.5,0.2885,12691.0,0.2887,322.2,0.2888,322.2
1753600029668,07:07:09.668,bitget,1INCH/USDT:USDT,0.2887,322.2,0.2886,11600.8,0.2888,16442.2,0.2889,39470.3
1753600029818,07:07:09.818,bitget,1INCH/USDT:USDT,0.2887,322.2,0.2886,24162.5,0.2888,6909.7,0.2889,67412.1
1753600029968,07:07:09.968,bitget,1INCH/USDT:USDT,0.2887,322.2,0.2886,24162.5,0.2888,7231.9,0.2889,67412.1
1753600030268,07:07:10.268,bitget,1INCH/USDT:USDT,0.2886,16783.0,0.2885,40612.1,0.2887,6888.6,0.2888,28822.1
1753600030418,07:07:10.418,bitget,1INCH/USDT:USDT,0.2885,5502.9,0.2884,43112.8,0.2886,1887.3,0.2887,37457.4
1753600030568,07:07:10.568,bitget,1INCH/USDT:USDT,0.2885,5502.9,0.2884,43112.8,0.2886,2359.1,0.2887,48151.5
1753600030718,07:07:10.718,bitget,1INCH/USDT:USDT,0.2885,16187.1,0.2884,43112.8,0.2887,58983.5,0.2888,87237.4
1753600030868,07:07:10.868,bitget,1INCH/USDT:USDT,0.2885,24045.5,0.2884,43112.8,0.2887,51619.4,0.2888,88401.9
1753600031018,07:07:11.018,bitget,1INCH/USDT:USDT,0.2885,24045.5,0.2884,43112.8,0.2887,51619.4,0.2888,88401.9
1753600031169,07:07:11.169,bitget,1INCH/USDT:USDT,0.2885,24045.5,0.2884,43112.8,0.2886,1258.2,0.2887,51619.4
1753600031319,07:07:11.319,bitget,1INCH/USDT:USDT,0.2885,16187.1,0.2884,43112.8,0.2887,59264.2,0.2888,78872.1
1753600031469,07:07:11.469,bitget,1INCH/USDT:USDT,0.2886,322.2,0.2885,7230.4,0.2887,51619.4,0.2888,26113.1
1753600031619,07:07:11.619,bitget,1INCH/USDT:USDT,0.2886,322.2,0.2885,16763.0,0.2887,34437.2,0.2888,44510.1
1753600031769,07:07:11.769,bitget,1INCH/USDT:USDT,0.2886,322.2,0.2885,21945.2,0.2887,34437.2,0.2888,44510.1
1753600031919,07:07:11.919,bitget,1INCH/USDT:USDT,0.2886,322.2,0.2885,21945.2,0.2887,34437.2,0.2888,44510.1
1753600032069,07:07:12.069,bitget,1INCH/USDT:USDT,0.2886,322.2,0.2885,21945.2,0.2887,34437.2,0.2888,44510.1
1753600032219,07:07:12.219,bitget,1INCH/USDT:USDT,0.2886,14087.6,0.2885,21945.2,0.2887,5001.3,0.2888,39327.9
1753600032369,07:07:12.369,bitget,1INCH/USDT:USDT,0.2886,7097.4,0.2885,31191.6,0.2887,18326.7,0.2888,39327.9
1753600032519,07:07:12.519,bitget,1INCH/USDT:USDT,0.2886,8643.5,0.2885,33244.3,0.2888,57652.6,0.2889,73551.5
1753600032669,07:07:12.669,bitget,1INCH/USDT:USDT,0.2887,322.2,0.2886,15948.4,0.2888,29723.5,0.2889,83081.1
1753600032819,07:07:12.819,bitget,1INCH/USDT:USDT,0.2887,322.2,0.2886,22836.8,0.2888,29723.5,0.2889,83081.1
1753600032970,07:07:12.970,bitget,1INCH/USDT:USDT,0.2886,15034.0,0.2885,23711.7,0.2887,10411.4,0.2888,49424.8
1753600033120,07:07:13.120,bitget,1INCH/USDT:USDT,0.2887,2000.2,0.2886,20842.2,0.2888,3695.1,0.2889,83081.1
1753600033270,07:07:13.270,bitget,1INCH/USDT:USDT,0.2887,2278.6,0.2886,29057.2,0.2888,18336.6,0.2889,20783.8
1753600033420,07:07:13.420,bitget,1INCH/USDT:USDT,0.2887,5599.7,0.2886,44118.3,0.2889,58816.2,0.289,83759.6
1753600033570,07:07:13.570,bitget,1INCH/USDT:USDT,0.2887,11805.8,0.2886,45518.2,0.2889,49286.6,0.289,93285.2
1753600033720,07:07:13.720,bitget,1INCH/USDT:USDT,0.2887,1678.0,0.2886,41681.8,0.2888,1258.2,0.2889,54747.2
1753600033870,07:07:13.870,bitget,1INCH/USDT:USDT,0.2887,2000.2,0.2886,47605.7,0.2888,7858.8,0.2889,67734.2
1753600034020,07:07:14.020,bitget,1INCH/USDT:USDT,0.2887,322.2,0.2886,29267.5,0.2888,1858.8,0.2889,67734.2
1753600034170,07:07:14.170,bitget,1INCH/USDT:USDT,0.2887,322.2,0.2886,35588.0,0.2888,1258.2,0.2889,58812.2
1753600034320,07:07:14.320,bitget,1INCH/USDT:USDT,0.2887,1636.8,0.2886,35588.0,0.2888,1258.2,0.2889,58812.2
1753600034470,07:07:14.470,bitget,1INCH/USDT:USDT,0.2887,1636.8,0.2886,35588.0,0.2888,1580.4,0.2889,63994.4
1753600034620,07:07:14.620,bitget,1INCH/USDT:USDT,0.2887,1636.8,0.2886,35588.0,0.2888,1580.4,0.2889,63994.4
1753600034771,07:07:14.771,bitget,1INCH/USDT:USDT,0.2887,1636.8,0.2886,35588.0,0.2888,1580.4,0.2889,63994.4
1753600034921,07:07:14.921,bitget,1INCH/USDT:USDT,0.2887,1636.8,0.2886,35588.0,0.2888,1975.5,0.2889,63994.4
1753600035071,07:07:15.071,bitget,1INCH/USDT:USDT,0.2887,1636.8,0.2886,35588.0,0.2888,1975.5,0.2889,63994.4
1753600035221,07:07:15.221,bitget,1INCH/USDT:USDT,0.2887,1636.8,0.2886,35588.0,0.2888,1975.5,0.2889,63994.4
1753600035371,07:07:15.371,bitget,1INCH/USDT:USDT,0.2887,1636.8,0.2886,35588.0,0.2888,1975.5,0.2889,63994.4
1753600035521,07:07:15.521,bitget,1INCH/USDT:USDT,0.2887,322.2,0.2886,35588.0,0.2888,1975.5,0.2889,63994.4
1753600035671,07:07:15.671,bitget,1INCH/USDT:USDT,0.2887,322.2,0.2886,35588.0,0.2888,1975.5,0.2889,63994.4
1753600035821,07:07:15.821,bitget,1INCH/USDT:USDT,0.2887,322.2,0.2886,35588.0,0.2888,1975.5,0.2889,63994.4
1753600035971,07:07:15.971,bitget,1INCH/USDT:USDT,0.2887,322.2,0.2886,35588.0,0.2888,1975.5,0.2889,63994.4
1753600036121,07:07:16.121,bitget,1INCH/USDT:USDT,0.2887,322.2,0.2886,35588.0,0.2888,1975.5,0.2889,63994.4
1753600036271,07:07:16.271,bitget,1INCH/USDT:USDT,0.2887,322.2,0.2886,35588.0,0.2888,1975.5,0.2889,58812.2
1753600036421,07:07:16.421,bitget,1INCH/USDT:USDT,0.2887,5504.4,0.2886,35588.0,0.2888,1975.5,0.2889,58812.2
1753600036572,07:07:16.572,bitget,1INCH/USDT:USDT,0.2887,322.2,0.2886,35588.0,0.2888,3063.0,0.2889,63994.4
1753600036722,07:07:16.722,bitget,1INCH/USDT:USDT,0.2887,322.2,0.2886,35588.0,0.2888,1975.5,0.2889,63994.4
1753600036872,07:07:16.872,bitget,1INCH/USDT:USDT,0.2887,322.2,0.2886,34188.1,0.2888,1975.5,0.2889,63994.4
1753600037022,07:07:17.022,bitget,1INCH/USDT:USDT,0.2886,21943.7,0.2885,52529.5,0.2887,1832.7,0.2888,9514.7
1753600037172,07:07:17.172,bitget,1INCH/USDT:USDT,0.2886,13728.7,0.2885,62058.0,0.2887,3661.9,0.2888,29613.0
1753600037472,07:07:17.472,bitget,1INCH/USDT:USDT,0.2886,13728.7,0.2885,62058.0,0.2888,29613.0,0.2889,54468.8
1753600037622,07:07:17.622,bitget,1INCH/USDT:USDT,0.2886,13728.7,0.2885,44481.4,0.2888,21343.7,0.2889,63996.3
1753600037772,07:07:17.772,bitget,1INCH/USDT:USDT,0.2886,13728.7,0.2885,44481.4,0.2888,21343.7,0.2889,63996.3
1753600037922,07:07:17.922,bitget,1INCH/USDT:USDT,0.2886,13728.7,0.2885,44481.4,0.2888,21343.7,0.2889,63996.3
1753600038072,07:07:18.072,bitget,1INCH/USDT:USDT,0.2886,13728.7,0.2885,44481.4,0.2888,21343.7,0.2889,63996.3
1753600038222,07:07:18.222,bitget,1INCH/USDT:USDT,0.2886,13728.7,0.2885,44481.4,0.2888,21343.7,0.2889,63996.3
1753600038373,07:07:18.373,bitget,1INCH/USDT:USDT,0.2886,19495.0,0.2885,44481.4,0.2888,21343.7,0.2889,63996.3
1753600038523,07:07:18.523,bitget,1INCH/USDT:USDT,0.2886,19495.0,0.2885,44481.4,0.2888,21343.7,0.2889,63996.3
1753600038673,07:07:18.673,bitget,1INCH/USDT:USDT,0.2886,19495.0,0.2885,44481.4,0.2888,21343.7,0.2889,63996.3
1753600038823,07:07:18.823,bitget,1INCH/USDT:USDT,0.2886,19495.0,0.2885,44481.4,0.2888,21343.7,0.2889,63996.3
1753600038973,07:07:18.973,bitget,1INCH/USDT:USDT,0.2886,19495.0,0.2885,44481.4,0.2888,21065.3,0.2889,63996.3
1753600039123,07:07:19.123,bitget,1INCH/USDT:USDT,0.2886,25200.2,0.2885,44481.4,0.2888,21065.3,0.2889,63996.3
1753600039273,07:07:19.273,bitget,1INCH/USDT:USDT,0.2886,25200.2,0.2885,44481.4,0.2888,21065.3,0.2889,63996.3
1753600039423,07:07:19.423,bitget,1INCH/USDT:USDT,0.2886,30517.4,0.2885,44481.4,0.2888,21065.3,0.2889,63996.3
1753600039573,07:07:19.573,bitget,1INCH/USDT:USDT,0.2886,30517.4,0.2885,44481.4,0.2888,21065.3,0.2889,63996.3
1753600039723,07:07:19.723,bitget,1INCH/USDT:USDT,0.2886,30517.4,0.2885,44481.4,0.2888,21065.3,0.2889,63996.3
1753600040023,07:07:20.023,bitget,1INCH/USDT:USDT,0.2886,30517.4,0.2885,44481.4,0.2888,21065.3,0.2889,63996.3
1753600040174,07:07:20.174,bitget,1INCH/USDT:USDT,0.2886,30517.4,0.2885,44481.4,0.2888,21065.3,0.2889,63996.3
1753600040324,07:07:20.324,bitget,1INCH/USDT:USDT,0.2886,30795.8,0.2885,44481.4,0.2888,21065.3,0.2889,63996.3
1753600040474,07:07:20.474,bitget,1INCH/USDT:USDT,0.2886,30795.8,0.2885,44481.4,0.2888,21065.3,0.2889,63996.3
1753600040624,07:07:20.624,bitget,1INCH/USDT:USDT,0.2886,30795.8,0.2885,44481.4,0.2888,21065.3,0.2889,63996.3
1753600040774,07:07:20.774,bitget,1INCH/USDT:USDT,0.2886,30795.8,0.2885,44481.4,0.2888,21065.3,0.2889,63996.3
1753600040924,07:07:20.924,bitget,1INCH/USDT:USDT,0.2886,30795.8,0.2885,44481.4,0.2888,21065.3,0.2889,63996.3
1753600041074,07:07:21.074,bitget,1INCH/USDT:USDT,0.2886,30795.8,0.2885,44481.4,0.2888,21065.3,0.2889,63996.3
1753600041224,07:07:21.224,bitget,1INCH/USDT:USDT,0.2886,30795.8,0.2885,44481.4,0.2888,21065.3,0.2889,63996.3
1753600041374,07:07:21.374,bitget,1INCH/USDT:USDT,0.2886,30795.8,0.2885,44481.4,0.2888,21065.3,0.2889,63996.3
1753600041524,07:07:21.524,bitget,1INCH/USDT:USDT,0.2886,30795.8,0.2885,44481.4,0.2888,21065.3,0.2889,63996.3
1753600041674,07:07:21.674,bitget,1INCH/USDT:USDT,0.2886,30795.8,0.2885,44481.4,0.2888,21065.3,0.2889,63996.3
1753600041824,07:07:21.824,bitget,1INCH/USDT:USDT,0.2886,30795.8,0.2885,44481.4,0.2888,21065.3,0.2889,63996.3
1753600041975,07:07:21.975,bitget,1INCH/USDT:USDT,0.2886,30795.8,0.2885,44481.4,0.2888,21065.3,0.2889,63996.3
1753600042125,07:07:22.125,bitget,1INCH/USDT:USDT,0.2886,30795.8,0.2885,44481.4,0.2888,21065.3,0.2889,63996.3
1753600042275,07:07:22.275,bitget,1INCH/USDT:USDT,0.2886,30795.8,0.2885,44481.4,0.2888,21065.3,0.2889,63996.3
1753600042425,07:07:22.425,bitget,1INCH/USDT:USDT,0.2886,30795.8,0.2885,44481.4,0.2888,21065.3,0.2889,63996.3
1753600042575,07:07:22.575,bitget,1INCH/USDT:USDT,0.2886,30795.8,0.2885,44481.4,0.2888,21065.3,0.2889,63996.3
1753600042725,07:07:22.725,bitget,1INCH/USDT:USDT,0.2886,30795.8,0.2885,44481.4,0.2888,21065.3,0.2889,63996.3
1753600042875,07:07:22.875,bitget,1INCH/USDT:USDT,0.2886,30795.8,0.2885,44481.4,0.2888,21065.3,0.2889,63996.3
1753600043025,07:07:23.025,bitget,1INCH/USDT:USDT,0.2886,30795.8,0.2885,44481.4,0.2888,21065.3,0.2889,63996.3
1753600043175,07:07:23.175,bitget,1INCH/USDT:USDT,0.2886,30795.8,0.2885,44481.4,0.2888,21065.3,0.2889,63996.3
1753600043325,07:07:23.325,bitget,1INCH/USDT:USDT,0.2886,1314.6,0.2885,44481.4,0.2887,1258.2,0.2888,26525.9
1753600043475,07:07:23.475,bitget,1INCH/USDT:USDT,0.2885,44481.4,0.2884,35043.1,0.2887,2190.3,0.2888,36121.1
1753600043625,07:07:23.625,bitget,1INCH/USDT:USDT,0.2885,11417.8,0.2884,62915.3,0.2887,26964.8,0.2888,36121.1
1753600043776,07:07:23.776,bitget,1INCH/USDT:USDT,0.2885,23855.5,0.2884,44578.7,0.2887,33874.5,0.2888,27200.0
1753600043926,07:07:23.926,bitget,1INCH/USDT:USDT,0.2885,13483.4,0.2884,62922.2,0.2887,34968.2,0.2888,88652.2
1753600044076,07:07:24.076,bitget,1INCH/USDT:USDT,0.2885,18665.7,0.2884,43486.9,0.2887,53097.6,0.2888,88652.2
1753600044226,07:07:24.226,bitget,1INCH/USDT:USDT,0.2885,23847.9,0.2884,43486.9,0.2886,326.3,0.2887,54829.4
1753600044376,07:07:24.376,bitget,1INCH/USDT:USDT,0.2885,6829.5,0.2884,43765.3,0.2886,1258.2,0.2887,54829.4
1753600044526,07:07:24.526,bitget,1INCH/USDT:USDT,0.2885,6829.5,0.2884,43765.3,0.2886,1258.2,0.2887,63108.6
1753600044676,07:07:24.676,bitget,1INCH/USDT:USDT,0.2885,6829.5,0.2884,43765.3,0.2886,1258.2,0.2887,63108.6
1753600044826,07:07:24.826,bitget,1INCH/USDT:USDT,0.2885,6829.5,0.2884,43765.3,0.2886,1258.2,0.2887,63108.6
1753600044976,07:07:24.976,bitget,1INCH/USDT:USDT,0.2885,6829.5,0.2884,43765.3,0.2886,1258.2,0.2887,63108.6
1753600045126,07:07:25.126,bitget,1INCH/USDT:USDT,0.2885,6829.5,0.2884,43765.3,0.2886,1584.5,0.2887,63108.6
1753600045276,07:07:25.276,bitget,1INCH/USDT:USDT,0.2885,1647.3,0.2884,43765.3,0.2886,1584.5,0.2887,63108.6
1753600045426,07:07:25.426,bitget,1INCH/USDT:USDT,0.2885,320.7,0.2884,43765.3,0.2886,1584.5,0.2887,63108.6
1753600045577,07:07:25.577,bitget,1INCH/USDT:USDT,0.2885,320.7,0.2884,43765.3,0.2886,1584.5,0.2887,63108.6
1753600045727,07:07:25.727,bitget,1INCH/USDT:USDT,0.2885,320.7,0.2884,43765.3,0.2886,1584.5,0.2887,63108.6
1753600045877,07:07:25.877,bitget,1INCH/USDT:USDT,0.2885,320.7,0.2884,43765.3,0.2886,1584.5,0.2887,63108.6
1753600046027,07:07:26.027,bitget,1INCH/USDT:USDT,0.2885,320.7,0.2884,43765.3,0.2886,1584.5,0.2887,63108.6
1753600046177,07:07:26.177,bitget,1INCH/USDT:USDT,0.2885,7230.4,0.2884,43765.3,0.2886,1584.5,0.2887,63108.6
1753600046327,07:07:26.327,bitget,1INCH/USDT:USDT,0.2885,8545.0,0.2884,43765.3,0.2886,731.1,0.2887,57913.0
1753600046477,07:07:26.477,bitget,1INCH/USDT:USDT,0.2885,1635.3,0.2884,43486.9,0.2886,1584.6,0.2887,63095.2
1753600046627,07:07:26.627,bitget,1INCH/USDT:USDT,0.2885,1635.3,0.2884,43486.9,0.2886,1584.6,0.2887,63095.2
1753600046777,07:07:26.777,bitget,1INCH/USDT:USDT,0.2885,1635.3,0.2884,43067.4,0.2886,1258.2,0.2887,57913.0
1753600046927,07:07:26.927,bitget,1INCH/USDT:USDT,0.2885,2044.1,0.2884,43754.6,0.2886,1258.2,0.2887,57913.0
1753600047077,07:07:27.077,bitget,1INCH/USDT:USDT,0.2884,25417.3,0.2883,51914.2,0.2886,18622.1,0.2887,63095.2
1753600047227,07:07:27.227,bitget,1INCH/USDT:USDT,0.2884,21837.4,0.2883,61456.3,0.2886,18622.1,0.2887,63095.2
1753600047378,07:07:27.378,bitget,1INCH/USDT:USDT,0.2884,21837.4,0.2883,61456.3,0.2886,18622.1,0.2887,63095.2
1753600047528,07:07:27.528,bitget,1INCH/USDT:USDT,0.2884,21837.4,0.2883,61456.3,0.2886,21823.8,0.2887,63095.2
1753600047678,07:07:27.678,bitget,1INCH/USDT:USDT,0.2884,21837.4,0.2883,61456.3,0.2886,21823.8,0.2887,63095.2
1753600047828,07:07:27.828,bitget,1INCH/USDT:USDT,0.2884,14927.7,0.2883,61456.3,0.2886,22102.2,0.2887,63095.2
1753600047978,07:07:27.978,bitget,1INCH/USDT:USDT,0.2884,14927.7,0.2883,61456.3,0.2886,22102.2,0.2887,63095.2
1753600048128,07:07:28.128,bitget,1INCH/USDT:USDT,0.2884,14927.7,0.2883,61456.3,0.2886,22102.2,0.2887,63095.2
1753600048278,07:07:28.278,bitget,1INCH/USDT:USDT,0.2884,9745.5,0.2883,43903.1,0.2885,1258.2,0.2886,22102.2
1753600048428,07:07:28.428,bitget,1INCH/USDT:USDT,0.2884,5923.7,0.2883,43903.1,0.2885,1258.2,0.2886,30387.2
1753600048578,07:07:28.578,bitget,1INCH/USDT:USDT,0.2884,332.7,0.2883,43903.1,0.2885,2407.4,0.2886,30387.2
1753600048728,07:07:28.728,bitget,1INCH/USDT:USDT,0.2883,18657.6,0.2882,33039.8,0.2885,26868.3,0.2886,35569.4
1753600048878,07:07:28.878,bitget,1INCH/USDT:USDT,0.2883,3933.3,0.2882,60955.5,0.2884,1258.2,0.2885,37939.9
1753600049028,07:07:29.028,bitget,1INCH/USDT:USDT,0.2883,3933.3,0.2882,60955.5,0.2885,46224.9,0.2886,81415.1
1753600049179,07:07:29.179,bitget,1INCH/USDT:USDT,0.2884,1971.9,0.2883,17774.1,0.2885,52528.9,0.2886,90958.3
1753600049329,07:07:29.329,bitget,1INCH/USDT:USDT,0.2884,1655.9,0.2883,16826.6,0.2885,33512.1,0.2886,90958.3
1753600049479,07:07:29.479,bitget,1INCH/USDT:USDT,0.2883,16826.6,0.2882,27631.1,0.2885,33512.1,0.2886,90958.3
1753600049629,07:07:29.629,bitget,1INCH/USDT:USDT,0.2883,6817.9,0.2882,51024.4,0.2885,51365.1,0.2886,90958.3
1753600049779,07:07:29.779,bitget,1INCH/USDT:USDT,0.2883,13723.5,0.2882,32652.0,0.2885,51365.1,0.2886,90958.3
1753600049929,07:07:29.929,bitget,1INCH/USDT:USDT,0.2883,8158.3,0.2882,32652.0,0.2885,51365.1,0.2886,90958.3
1753600050079,07:07:30.079,bitget,1INCH/USDT:USDT,0.2883,8158.3,0.2882,32652.0,0.2885,51365.1,0.2886,90958.3
1753600050229,07:07:30.229,bitget,1INCH/USDT:USDT,0.2883,13385.4,0.2882,32652.0,0.2885,51365.1,0.2886,90958.3
1753600050379,07:07:30.379,bitget,1INCH/USDT:USDT,0.2884,1314.6,0.2883,18213.4,0.2885,20485.8,0.2886,85776.1
1753600050529,07:07:30.529,bitget,1INCH/USDT:USDT,0.2884,4643.5,0.2883,27762.8,0.2885,26868.3,0.2886,23431.1
1753600050679,07:07:30.679,bitget,1INCH/USDT:USDT,0.2883,27762.8,0.2882,23102.9,0.2885,26868.3,0.2886,42304.3
1753600050829,07:07:30.829,bitget,1INCH/USDT:USDT,0.2883,18213.4,0.2882,32652.3,0.2885,37856.3,0.2886,47486.5
1753600050980,07:07:30.980,bitget,1INCH/USDT:USDT,0.2883,17935.0,0.2882,32652.3,0.2885,37856.3,0.2886,47486.5
1753600051130,07:07:31.130,bitget,1INCH/USDT:USDT,0.2884,1146.3,0.2883,17903.4,0.2885,33512.1,0.2886,47486.5
1753600051280,07:07:31.280,bitget,1INCH/USDT:USDT,0.2884,1472.7,0.2883,27452.8,0.2885,33512.1,0.2886,47486.5
1753600051430,07:07:31.430,bitget,1INCH/USDT:USDT,0.2884,1472.7,0.2883,27452.8,0.2885,34056.2,0.2886,47486.5
1753600051580,07:07:31.580,bitget,1INCH/USDT:USDT,0.2884,1423.7,0.2883,27452.8,0.2885,34056.2,0.2886,47486.5
1753600051730,07:07:31.730,bitget,1INCH/USDT:USDT,0.2884,1423.7,0.2883,27452.8,0.2885,34056.2,0.2886,47486.5
1753600051880,07:07:31.880,bitget,1INCH/USDT:USDT,0.2884,1402.7,0.2883,27452.8,0.2885,34056.2,0.2886,47486.5
1753600052030,07:07:32.030,bitget,1INCH/USDT:USDT,0.2884,1402.7,0.2883,27452.8,0.2885,34056.2,0.2886,47486.5
1753600052180,07:07:32.180,bitget,1INCH/USDT:USDT,0.2884,56.5,0.2883,27452.8,0.2885,34056.2,0.2886,47486.5
1753600052330,07:07:32.330,bitget,1INCH/USDT:USDT,0.2884,1191.5,0.2883,27452.8,0.2885,26691.9,0.2886,42304.3
1753600052480,07:07:32.480,bitget,1INCH/USDT:USDT,0.2884,1044.2,0.2883,27452.8,0.2885,26691.9,0.2886,42304.3
1753600052630,07:07:32.630,bitget,1INCH/USDT:USDT,0.2884,1202.3,0.2883,27452.8,0.2885,26691.9,0.2886,42304.3
1753600052781,07:07:32.781,bitget,1INCH/USDT:USDT,0.2884,1202.3,0.2883,27452.8,0.2885,26691.9,0.2886,42304.3
1753600052931,07:07:32.931,bitget,1INCH/USDT:USDT,0.2884,1104.2,0.2883,27452.8,0.2885,26691.9,0.2886,42304.3
1753600053081,07:07:33.081,bitget,1INCH/USDT:USDT,0.2884,1104.2,0.2883,27452.8,0.2885,26691.9,0.2886,42304.3
1753600053231,07:07:33.231,bitget,1INCH/USDT:USDT,0.2884,1104.2,0.2883,27452.8,0.2885,26691.9,0.2886,42304.3
1753600053381,07:07:33.381,bitget,1INCH/USDT:USDT,0.2884,1083.2,0.2883,27452.8,0.2885,26691.9,0.2886,42304.3
1753600053531,07:07:33.531,bitget,1INCH/USDT:USDT,0.2884,1083.2,0.2883,27452.8,0.2885,26691.9,0.2886,42304.3
1753600053681,07:07:33.681,bitget,1INCH/USDT:USDT,0.2884,745.8,0.2883,27452.8,0.2885,20958.8,0.2886,42304.3
1753600053831,07:07:33.831,bitget,1INCH/USDT:USDT,0.2884,1641.0,0.2883,27452.8,0.2885,20958.8,0.2886,42304.3
1753600053981,07:07:33.981,bitget,1INCH/USDT:USDT,0.2884,1910.7,0.2883,27722.5,0.2885,20958.8,0.2886,42304.3
1753600054131,07:07:34.131,bitget,1INCH/USDT:USDT,0.2884,1910.7,0.2883,27722.5,0.2885,20958.8,0.2886,42304.3
1753600054281,07:07:34.281,bitget,1INCH/USDT:USDT,0.2884,1910.7,0.2883,27722.5,0.2885,20958.8,0.2886,47486.5
1753600054431,07:07:34.431,bitget,1INCH/USDT:USDT,0.2884,4316.0,0.2883,27722.5,0.2885,20958.8,0.2886,47486.5
1753600054582,07:07:34.582,bitget,1INCH/USDT:USDT,0.2884,4316.0,0.2883,27722.5,0.2885,20958.8,0.2886,47486.5
1753600054732,07:07:34.732,bitget,1INCH/USDT:USDT,0.2884,4316.0,0.2883,27722.5,0.2885,20958.8,0.2886,47486.5
1753600054882,07:07:34.882,bitget,1INCH/USDT:USDT,0.2884,4316.0,0.2883,27722.5,0.2885,20958.8,0.2886,47486.5
1753600055032,07:07:35.032,bitget,1INCH/USDT:USDT,0.2884,4316.0,0.2883,27722.5,0.2885,20958.8,0.2886,47486.5
1753600055182,07:07:35.182,bitget,1INCH/USDT:USDT,0.2884,4316.0,0.2883,27722.5,0.2885,20958.8,0.2886,47486.5
1753600055332,07:07:35.332,bitget,1INCH/USDT:USDT,0.2884,4316.0,0.2883,27722.5,0.2885,20958.8,0.2886,47486.5
1753600055482,07:07:35.482,bitget,1INCH/USDT:USDT,0.2884,4316.0,0.2883,27722.5,0.2885,20958.8,0.2886,47486.5
1753600055632,07:07:35.632,bitget,1INCH/USDT:USDT,0.2884,4316.0,0.2883,27722.5,0.2885,20958.8,0.2886,47486.5
1753600055782,07:07:35.782,bitget,1INCH/USDT:USDT,0.2884,4316.0,0.2883,27722.5,0.2885,20958.8,0.2886,47486.5
1753600055932,07:07:35.932,bitget,1INCH/USDT:USDT,0.2884,16407.9,0.2883,27722.5,0.2885,18374.0,0.2886,42304.3
1753600056082,07:07:36.082,bitget,1INCH/USDT:USDT,0.2884,16407.9,0.2883,27722.5,0.2885,18374.0,0.2886,42304.3
1753600056232,07:07:36.232,bitget,1INCH/USDT:USDT,0.2884,16407.9,0.2883,46079.6,0.2886,60661.4,0.2887,84169.4
1753600056383,07:07:36.383,bitget,1INCH/USDT:USDT,0.2884,29586.1,0.2883,46079.6,0.2886,51118.2,0.2887,93716.3
1753600056533,07:07:36.533,bitget,1INCH/USDT:USDT,0.2884,29586.1,0.2883,60567.1,0.2886,52220.8,0.2887,93716.3
1753600056683,07:07:36.683,bitget,1INCH/USDT:USDT,0.2884,29586.1,0.2883,60567.1,0.2886,52220.8,0.2887,93716.3
1753600056833,07:07:36.833,bitget,1INCH/USDT:USDT,0.2884,29586.1,0.2883,60567.1,0.2886,51118.2,0.2887,93716.3
1753600057133,07:07:37.133,bitget,1INCH/USDT:USDT,0.2884,29586.1,0.2883,60567.1,0.2886,51942.4,0.2887,93716.3
1753600057283,07:07:37.283,bitget,1INCH/USDT:USDT,0.2885,1314.6,0.2884,29586.1,0.2886,51118.2,0.2887,93716.3
1753600057433,07:07:37.433,bitget,1INCH/USDT:USDT,0.2885,1904.7,0.2884,37821.3,0.2886,22885.4,0.2887,26181.8
1753600057583,07:07:37.583,bitget,1INCH/USDT:USDT,0.2885,9510.4,0.2884,37821.3,0.2886,18357.1,0.2887,45401.4
1753600057733,07:07:37.733,bitget,1INCH/USDT:USDT,0.2885,16420.1,0.2884,37821.3,0.2886,18357.1,0.2887,45401.4
1753600057883,07:07:37.883,bitget,1INCH/USDT:USDT,0.2885,16420.1,0.2884,37821.3,0.2887,63761.4,0.2888,83804.8
1753600058034,07:07:38.034,bitget,1INCH/USDT:USDT,0.2885,21595.6,0.2884,37821.3,0.2887,54214.5,0.2888,93349.4
1753600058184,07:07:38.184,bitget,1INCH/USDT:USDT,0.2885,21595.6,0.2884,37821.3,0.2887,54214.5,0.2888,93349.4
1753600058334,07:07:38.334,bitget,1INCH/USDT:USDT,0.2885,21595.6,0.2884,37821.3,0.2887,54214.5,0.2888,93349.4
1753600058484,07:07:38.484,bitget,1INCH/USDT:USDT,0.2885,21595.6,0.2884,37821.3,0.2887,54214.5,0.2888,93349.4
1753600058634,07:07:38.634,bitget,1INCH/USDT:USDT,0.2885,21595.6,0.2884,37821.3,0.2887,54214.5,0.2888,93349.4
1753600058784,07:07:38.784,bitget,1INCH/USDT:USDT,0.2885,21334.1,0.2884,37551.6,0.2887,54214.5,0.2888,93349.4
1753600058934,07:07:38.934,bitget,1INCH/USDT:USDT,0.2885,21334.1,0.2884,37551.6,0.2887,54214.5,0.2888,93349.4
1753600059234,07:07:39.234,bitget,1INCH/USDT:USDT,0.2885,21595.6,0.2884,37551.6,0.2887,55834.0,0.2888,93349.4
1753600059384,07:07:39.384,bitget,1INCH/USDT:USDT,0.2885,21595.6,0.2884,37551.6,0.2887,55834.0,0.2888,93349.4
1753600059534,07:07:39.534,bitget,1INCH/USDT:USDT,0.2885,21595.6,0.2884,37551.6,0.2887,55834.0,0.2888,93349.4
1753600059684,07:07:39.684,bitget,1INCH/USDT:USDT,0.2885,21595.6,0.2884,37551.6,0.2887,55834.0,0.2888,93349.4
1753600059835,07:07:39.835,bitget,1INCH/USDT:USDT,0.2885,21595.6,0.2884,37551.6,0.2887,55834.0,0.2888,93349.4
1753600059985,07:07:39.985,bitget,1INCH/USDT:USDT,0.2885,21595.6,0.2884,37551.6,0.2887,55834.0,0.2888,93349.4
1753600060135,07:07:40.135,bitget,1INCH/USDT:USDT,0.2885,21595.6,0.2884,37551.6,0.2887,55834.0,0.2888,93349.4
1753600060285,07:07:40.285,bitget,1INCH/USDT:USDT,0.2885,21595.6,0.2884,37551.6,0.2887,55834.0,0.2888,93349.4
1753600060435,07:07:40.435,bitget,1INCH/USDT:USDT,0.2885,21595.6,0.2884,37551.6,0.2887,55834.0,0.2888,93349.4
1753600060585,07:07:40.585,bitget,1INCH/USDT:USDT,0.2885,21595.6,0.2884,37551.6,0.2887,55834.0,0.2888,93349.4
1753600060735,07:07:40.735,bitget,1INCH/USDT:USDT,0.2885,21595.6,0.2884,37551.6,0.2887,55834.0,0.2888,93349.4
1753600060885,07:07:40.885,bitget,1INCH/USDT:USDT,0.2885,21595.6,0.2884,37551.6,0.2887,55834.0,0.2888,93349.4
1753600061035,07:07:41.035,bitget,1INCH/USDT:USDT,0.2885,21595.6,0.2884,37551.6,0.2887,55834.0,0.2888,93349.4
1753600061185,07:07:41.185,bitget,1INCH/USDT:USDT,0.2885,21595.6,0.2884,37551.6,0.2887,55834.0,0.2888,93349.4
1753600061335,07:07:41.335,bitget,1INCH/USDT:USDT,0.2885,21595.6,0.2884,37551.6,0.2887,55834.0,0.2888,93349.4
1753600061485,07:07:41.485,bitget,1INCH/USDT:USDT,0.2885,21595.6,0.2884,37551.6,0.2887,55834.0,0.2888,93349.4
1753600061636,07:07:41.636,bitget,1INCH/USDT:USDT,0.2885,21595.6,0.2884,37551.6,0.2887,55834.0,0.2888,93349.4
1753600061786,07:07:41.786,bitget,1INCH/USDT:USDT,0.2885,21595.6,0.2884,37551.6,0.2887,55834.0,0.2888,93349.4
1753600062086,07:07:42.086,bitget,1INCH/USDT:USDT,0.2885,21595.6,0.2884,37551.6,0.2887,55834.0,0.2888,93349.4
1753600062386,07:07:42.386,bitget,1INCH/USDT:USDT,0.2885,21595.6,0.2884,37551.6,0.2887,55834.0,0.2888,93349.4
1753600062536,07:07:42.536,bitget,1INCH/USDT:USDT,0.2885,21595.6,0.2884,37551.6,0.2887,55834.0,0.2888,93349.4
1753600062686,07:07:42.686,bitget,1INCH/USDT:USDT,0.2885,21595.6,0.2884,37551.6,0.2887,55834.0,0.2888,93349.4
1753600062836,07:07:42.836,bitget,1INCH/USDT:USDT,0.2885,21595.6,0.2884,37551.6,0.2887,55834.0,0.2888,93349.4
1753600062986,07:07:42.986,bitget,1INCH/USDT:USDT,0.2885,21595.6,0.2884,37551.6,0.2887,55950.0,0.2888,93349.4
1753600063136,07:07:43.136,bitget,1INCH/USDT:USDT,0.2885,21595.6,0.2884,37551.6,0.2887,57184.9,0.2888,93349.4
1753600063286,07:07:43.286,bitget,1INCH/USDT:USDT,0.2885,328.6,0.2884,37551.6,0.2886,1586.8,0.2887,61090.7
1753600063437,07:07:43.437,bitget,1INCH/USDT:USDT,0.2885,1643.2,0.2884,29870.1,0.2886,1586.8,0.2887,71171.9
1753600063587,07:07:43.587,bitget,1INCH/USDT:USDT,0.2885,1643.2,0.2884,35227.6,0.2886,1586.8,0.2887,71171.9
1753600063737,07:07:43.737,bitget,1INCH/USDT:USDT,0.2885,1643.2,0.2884,35227.6,0.2886,1586.8,0.2887,71171.9
1753600063887,07:07:43.887,bitget,1INCH/USDT:USDT,0.2885,1643.2,0.2884,35227.6,0.2886,1586.8,0.2887,71171.9
1753600064037,07:07:44.037,bitget,1INCH/USDT:USDT,0.2885,1643.2,0.2884,35227.6,0.2886,1586.8,0.2887,71171.9
1753600064187,07:07:44.187,bitget,1INCH/USDT:USDT,0.2885,1643.2,0.2884,35227.6,0.2886,1962.8,0.2887,71171.9
1753600064337,07:07:44.337,bitget,1INCH/USDT:USDT,0.2885,1643.2,0.2884,35227.6,0.2886,1962.8,0.2887,71171.9
1753600064487,07:07:44.487,bitget,1INCH/USDT:USDT,0.2885,1643.2,0.2884,35227.6,0.2886,1942.1,0.2887,71171.9
1753600064637,07:07:44.637,bitget,1INCH/USDT:USDT,0.2885,1643.2,0.2884,35227.6,0.2886,1914.4,0.2887,71171.9
1753600064787,07:07:44.787,bitget,1INCH/USDT:USDT,0.2885,1643.2,0.2884,35227.6,0.2886,1886.7,0.2887,71171.9
1753600064937,07:07:44.937,bitget,1INCH/USDT:USDT,0.2885,1643.2,0.2884,35227.6,0.2886,1886.7,0.2887,71171.9
1753600065087,07:07:45.087,bitget,1INCH/USDT:USDT,0.2885,1643.2,0.2884,35227.6,0.2886,1886.7,0.2887,71171.9
1753600065238,07:07:45.238,bitget,1INCH/USDT:USDT,0.2885,1643.2,0.2884,35227.6,0.2886,1886.7,0.2887,71171.9
1753600065388,07:07:45.388,bitget,1INCH/USDT:USDT,0.2885,1643.2,0.2884,35227.6,0.2886,1886.7,0.2887,71171.9
1753600065538,07:07:45.538,bitget,1INCH/USDT:USDT,0.2885,328.6,0.2884,35227.6,0.2886,1886.7,0.2887,71171.9
1753600065688,07:07:45.688,bitget,1INCH/USDT:USDT,0.2884,30864.2,0.2883,50721.6,0.2886,16434.4,0.2887,71171.9
1753600065838,07:07:45.838,bitget,1INCH/USDT:USDT,0.2884,22629.0,0.2883,60273.2,0.2886,16189.1,0.2887,70910.4
1753600065988,07:07:45.988,bitget,1INCH/USDT:USDT,0.2884,22629.0,0.2883,60273.2,0.2886,16434.4,0.2887,70910.4
1753600066138,07:07:46.138,bitget,1INCH/USDT:USDT,0.2884,22629.0,0.2883,60273.2,0.2886,16161.4,0.2887,70910.4
1753600066288,07:07:46.288,bitget,1INCH/USDT:USDT,0.2885,329.3,0.2884,22629.0,0.2886,16161.4,0.2887,70910.4
1753600066438,07:07:46.438,bitget,1INCH/USDT:USDT,0.2884,25685.5,0.2883,50721.6,0.2886,10331.7,0.2887,70374.0
1753600066588,07:07:46.588,bitget,1INCH/USDT:USDT,0.2884,21314.4,0.2883,50721.6,0.2886,12520.8,0.2887,70374.0
1753600066738,07:07:46.738,bitget,1INCH/USDT:USDT,0.2886,12520.8,0.2885,18421.2,0.2888,9016.2,0.2889,97580.8
1753600066888,07:07:46.888,bitget,1INCH/USDT:USDT,0.2887,329.3,0.2886,7763.3,0.2888,12556.2,0.2889,35204.3
1753600067038,07:07:47.038,bitget,1INCH/USDT:USDT,0.2886,25938.9,0.2885,39905.4,0.2888,30910.2,0.2889,54582.1
1753600067189,07:07:47.189,bitget,1INCH/USDT:USDT,0.2886,23980.4,0.2885,58979.1,0.2888,30910.2,0.2889,54582.1
1753600067339,07:07:47.339,bitget,1INCH/USDT:USDT,0.2886,28983.2,0.2885,58979.1,0.2888,30910.2,0.2889,54582.1
1753600067639,07:07:47.639,bitget,1INCH/USDT:USDT,0.2886,28983.2,0.2885,58979.1,0.2888,30910.2,0.2889,54582.1
1753600067789,07:07:47.789,bitget,1INCH/USDT:USDT,0.2886,28983.2,0.2885,58979.1,0.2888,30910.2,0.2889,54582.1
1753600067939,07:07:47.939,bitget,1INCH/USDT:USDT,0.2886,28983.2,0.2885,58979.1,0.2888,30910.2,0.2889,54582.1
1753600068089,07:07:48.089,bitget,1INCH/USDT:USDT,0.2886,28983.2,0.2885,58979.1,0.2888,30910.2,0.2889,54582.1
1753600068239,07:07:48.239,bitget,1INCH/USDT:USDT,0.2886,23980.4,0.2885,58979.1,0.2888,30910.2,0.2889,54582.1
1753600068539,07:07:48.539,bitget,1INCH/USDT:USDT,0.2886,23980.4,0.2885,58979.1,0.2888,39533.5,0.2889,54582.1
1753600068689,07:07:48.689,bitget,1INCH/USDT:USDT,0.2886,23980.4,0.2885,40100.1,0.2888,39512.8,0.2889,54582.1
1753600068839,07:07:48.839,bitget,1INCH/USDT:USDT,0.2886,18226.0,0.2885,40100.1,0.2888,39512.8,0.2889,54582.1
1753600068990,07:07:48.990,bitget,1INCH/USDT:USDT,0.2886,18226.0,0.2885,40100.1,0.2888,39512.8,0.2889,54582.1
1753600069140,07:07:49.140,bitget,1INCH/USDT:USDT,0.2886,18226.0,0.2885,40100.1,0.2888,39512.8,0.2889,54582.1
1753600069290,07:07:49.290,bitget,1INCH/USDT:USDT,0.2885,21746.1,0.2884,41158.8,0.2887,8553.6,0.2888,44985.0
1753600069440,07:07:49.440,bitget,1INCH/USDT:USDT,0.2885,21746.1,0.2884,59505.0,0.2887,7239.0,0.2888,64078.0
1753600069590,07:07:49.590,bitget,1INCH/USDT:USDT,0.2885,25880.0,0.2884,59505.0,0.2887,7239.0,0.2888,60607.3
1753600069740,07:07:49.740,bitget,1INCH/USDT:USDT,0.2885,25880.0,0.2884,59505.0,0.2887,7239.0,0.2888,60607.3
1753600069890,07:07:49.890,bitget,1INCH/USDT:USDT,0.2885,25880.0,0.2884,59505.0,0.2887,7239.0,0.2888,60607.3
1753600070040,07:07:50.040,bitget,1INCH/USDT:USDT,0.2885,25880.0,0.2884,59505.0,0.2887,7239.0,0.2888,60607.3
1753600070190,07:07:50.190,bitget,1INCH/USDT:USDT,0.2885,25880.0,0.2884,59505.0,0.2887,7239.0,0.2888,60607.3
1753600070340,07:07:50.340,bitget,1INCH/USDT:USDT,0.2885,25880.0,0.2884,59505.0,0.2887,7239.0,0.2888,60607.3
1753600070490,07:07:50.490,bitget,1INCH/USDT:USDT,0.2885,25880.0,0.2884,59505.0,0.2887,7239.0,0.2888,60607.3
1753600070640,07:07:50.640,bitget,1INCH/USDT:USDT,0.2885,25880.0,0.2884,59505.0,0.2887,7239.0,0.2888,60607.3
1753600070791,07:07:50.791,bitget,1INCH/USDT:USDT,0.2885,25880.0,0.2884,59505.0,0.2887,7239.0,0.2888,60607.3
1753600070941,07:07:50.941,bitget,1INCH/USDT:USDT,0.2885,25880.0,0.2884,59505.0,0.2887,7239.0,0.2888,60607.3
1753600071091,07:07:51.091,bitget,1INCH/USDT:USDT,0.2885,25880.0,0.2884,59505.0,0.2887,7239.0,0.2888,60607.3
1753600071241,07:07:51.241,bitget,1INCH/USDT:USDT,0.2885,25880.0,0.2884,59505.0,0.2887,9048.7,0.2888,60607.3
1753600071391,07:07:51.391,bitget,1INCH/USDT:USDT,0.2885,25880.0,0.2884,59505.0,0.2887,9048.7,0.2888,60607.3
1753600071541,07:07:51.541,bitget,1INCH/USDT:USDT,0.2885,25880.0,0.2884,59505.0,0.2887,9048.7,0.2888,60607.3
1753600071691,07:07:51.691,bitget,1INCH/USDT:USDT,0.2885,25880.0,0.2884,59505.0,0.2887,9048.7,0.2888,60607.3
1753600071841,07:07:51.841,bitget,1INCH/USDT:USDT,0.2885,25880.0,0.2884,59505.0,0.2887,9048.7,0.2888,60607.3
1753600071991,07:07:51.991,bitget,1INCH/USDT:USDT,0.2885,25880.0,0.2884,59505.0,0.2887,9028.0,0.2888,60607.3
1753600072141,07:07:52.141,bitget,1INCH/USDT:USDT,0.2885,25880.0,0.2884,59505.0,0.2887,8958.8,0.2888,60607.3
1753600072291,07:07:52.291,bitget,1INCH/USDT:USDT,0.2885,25880.0,0.2884,59505.0,0.2887,8958.8,0.2888,60607.3
1753600072592,07:07:52.592,bitget,1INCH/USDT:USDT,0.2885,25880.0,0.2884,59505.0,0.2887,8958.8,0.2888,60607.3
1753600072742,07:07:52.742,bitget,1INCH/USDT:USDT,0.2885,25880.0,0.2884,59505.0,0.2887,8958.8,0.2888,60607.3
1753600072892,07:07:52.892,bitget,1INCH/USDT:USDT,0.2885,25880.0,0.2884,59505.0,0.2887,8958.8,0.2888,60607.3
1753600073042,07:07:53.042,bitget,1INCH/USDT:USDT,0.2885,25880.0,0.2884,59505.0,0.2887,8958.8,0.2888,60607.3
1753600073192,07:07:53.192,bitget,1INCH/USDT:USDT,0.2885,25880.0,0.2884,59505.0,0.2887,8958.8,0.2888,60607.3
1753600073342,07:07:53.342,bitget,1INCH/USDT:USDT,0.2885,25880.0,0.2884,59505.0,0.2887,8958.8,0.2888,60607.3
1753600073492,07:07:53.492,bitget,1INCH/USDT:USDT,0.2885,25880.0,0.2884,59505.0,0.2887,8958.8,0.2888,60607.3
1753600073642,07:07:53.642,bitget,1INCH/USDT:USDT,0.2885,25880.0,0.2884,59505.0,0.2887,8958.8,0.2888,60607.3
1753600073792,07:07:53.792,bitget,1INCH/USDT:USDT,0.2885,25880.0,0.2884,59505.0,0.2887,8958.8,0.2888,60607.3
1753600073942,07:07:53.942,bitget,1INCH/USDT:USDT,0.2885,25880.0,0.2884,59505.0,0.2887,8958.8,0.2888,60607.3
1753600074092,07:07:54.092,bitget,1INCH/USDT:USDT,0.2885,25880.0,0.2884,59505.0,0.2887,8958.8,0.2888,60607.3
1753600074242,07:07:54.242,bitget,1INCH/USDT:USDT,0.2885,25880.0,0.2884,59505.0,0.2887,8958.8,0.2888,60607.3
1753600074392,07:07:54.392,bitget,1INCH/USDT:USDT,0.2885,25880.0,0.2884,59505.0,0.2887,2139.0,0.2888,60607.3
1753600074543,07:07:54.543,bitget,1INCH/USDT:USDT,0.2886,329.3,0.2885,25880.0,0.2887,2139.0,0.2888,60607.3
1753600074693,07:07:54.693,bitget,1INCH/USDT:USDT,0.2886,329.3,0.2885,25880.0,0.2887,2139.0,0.2888,60607.3
1753600074843,07:07:54.843,bitget,1INCH/USDT:USDT,0.2884,40832.4,0.2883,39541.0,0.2886,3492.1,0.2887,28989.2
1753600074993,07:07:54.993,bitget,1INCH/USDT:USDT,0.2884,27620.3,0.2883,39546.6,0.2885,1314.6,0.2886,35908.4
1753600075143,07:07:55.143,bitget,1INCH/USDT:USDT,0.2884,17409.1,0.2883,58102.4,0.2885,1643.9,0.2886,53036.1
1753600075293,07:07:55.293,bitget,1INCH/USDT:USDT,0.2884,19151.0,0.2883,39546.6,0.2885,1643.9,0.2886,59394.1
1753600075443,07:07:55.443,bitget,1INCH/USDT:USDT,0.2884,19151.0,0.2883,39825.0,0.2885,1643.9,0.2886,53036.1
1753600075593,07:07:55.593,bitget,1INCH/USDT:USDT,0.2884,18307.1,0.2883,39825.0,0.2885,1643.9,0.2886,53036.1
1753600075893,07:07:55.893,bitget,1INCH/USDT:USDT,0.2884,13982.2,0.2883,39825.0,0.2885,1643.9,0.2886,50296.3
1753600076043,07:07:56.043,bitget,1INCH/USDT:USDT,0.2884,13418.5,0.2883,39825.0,0.2885,1643.9,0.2886,50296.3
1753600076193,07:07:56.193,bitget,1INCH/USDT:USDT,0.2884,13003.2,0.2883,39825.0,0.2885,1623.2,0.2886,50017.9
1753600076344,07:07:56.344,bitget,1INCH/USDT:USDT,0.2884,13003.2,0.2883,39825.0,0.2885,1581.8,0.2886,50017.9
1753600076494,07:07:56.494,bitget,1INCH/USDT:USDT,0.2884,12091.9,0.2883,39546.6,0.2885,1581.8,0.2886,50017.9
1753600076644,07:07:56.644,bitget,1INCH/USDT:USDT,0.2884,12091.9,0.2883,39546.6,0.2885,1581.8,0.2886,50017.9
1753600076794,07:07:56.794,bitget,1INCH/USDT:USDT,0.2884,5182.2,0.2883,39546.6,0.2885,1581.8,0.2886,50017.9
1753600076944,07:07:56.944,bitget,1INCH/USDT:USDT,0.2884,5182.2,0.2883,39546.6,0.2885,1581.8,0.2886,50017.9
1753600077094,07:07:57.094,bitget,1INCH/USDT:USDT,0.2884,5182.2,0.2883,39546.6,0.2885,1581.8,0.2886,50017.9
1753600077244,07:07:57.244,bitget,1INCH/USDT:USDT,0.2884,5182.2,0.2883,39546.6,0.2885,329.3,0.2886,50017.9
1753600077394,07:07:57.394,bitget,1INCH/USDT:USDT,0.2884,5182.2,0.2883,39546.6,0.2885,329.3,0.2886,50017.9
1753600077544,07:07:57.544,bitget,1INCH/USDT:USDT,0.2884,5514.1,0.2883,39546.6,0.2885,329.3,0.2886,50017.9
1753600077694,07:07:57.694,bitget,1INCH/USDT:USDT,0.2884,5514.1,0.2883,39546.6,0.2885,329.3,0.2886,50017.9
1753600077844,07:07:57.844,bitget,1INCH/USDT:USDT,0.2884,5514.1,0.2883,39546.6,0.2885,329.3,0.2886,50017.9
1753600077994,07:07:57.994,bitget,1INCH/USDT:USDT,0.2884,5514.1,0.2883,39546.6,0.2885,329.3,0.2886,50017.9
1753600078145,07:07:58.145,bitget,1INCH/USDT:USDT,0.2884,5514.1,0.2883,39546.6,0.2885,329.3,0.2886,50017.9
1753600078295,07:07:58.295,bitget,1INCH/USDT:USDT,0.2884,5514.1,0.2883,39546.6,0.2885,308.6,0.2886,50017.9
1753600078445,07:07:58.445,bitget,1INCH/USDT:USDT,0.2884,5514.1,0.2883,39546.6,0.2885,308.6,0.2886,50017.9
1753600078595,07:07:58.595,bitget,1INCH/USDT:USDT,0.2884,5514.1,0.2883,39546.6,0.2885,308.6,0.2886,50017.9
1753600078745,07:07:58.745,bitget,1INCH/USDT:USDT,0.2884,5514.1,0.2883,39546.6,0.2885,253.2,0.2886,50017.9
1753600078895,07:07:58.895,bitget,1INCH/USDT:USDT,0.2884,5514.1,0.2883,39546.6,0.2885,253.2,0.2886,50017.9
1753600079045,07:07:59.045,bitget,1INCH/USDT:USDT,0.2884,5514.1,0.2883,39546.6,0.2885,253.2,0.2886,50017.9
1753600079195,07:07:59.195,bitget,1INCH/USDT:USDT,0.2884,5514.1,0.2883,39546.6,0.2885,253.2,0.2886,50017.9
1753600079345,07:07:59.345,bitget,1INCH/USDT:USDT,0.2884,5514.1,0.2883,39546.6,0.2885,253.2,0.2886,50017.9
1753600079645,07:07:59.645,bitget,1INCH/USDT:USDT,0.2884,5514.1,0.2883,39546.6,0.2886,50017.9,0.2887,48276.2
1753600079795,07:07:59.795,bitget,1INCH/USDT:USDT,0.2884,16336.8,0.2883,39546.6,0.2886,30918.3,0.2887,61395.6
1753600079946,07:07:59.946,bitget,1INCH/USDT:USDT,0.2884,16336.8,0.2883,39546.6,0.2886,35937.1,0.2887,61395.6
1753600080096,07:08:00.096,bitget,1INCH/USDT:USDT,0.2884,16336.8,0.2883,39546.6,0.2886,35937.1,0.2887,56213.4
1753600080246,07:08:00.246,bitget,1INCH/USDT:USDT,0.2884,16336.8,0.2883,39546.6,0.2885,1314.6,0.2886,36201.7
1753600080396,07:08:00.396,bitget,1INCH/USDT:USDT,0.2884,13750.4,0.2883,39546.6,0.2886,45497.9,0.2887,46652.4
1753600080546,07:08:00.546,bitget,1INCH/USDT:USDT,0.2884,23080.7,0.2883,39546.6,0.2886,30918.3,0.2887,56213.2
1753600080696,07:08:00.696,bitget,1INCH/USDT:USDT,0.2884,16171.0,0.2883,39546.6,0.2886,31182.9,0.2887,56213.2
1753600080846,07:08:00.846,bitget,1INCH/USDT:USDT,0.2884,16171.0,0.2883,39546.6,0.2886,31182.9,0.2887,56213.2
1753600080996,07:08:00.996,bitget,1INCH/USDT:USDT,0.2884,16171.0,0.2883,39546.6,0.2886,31182.9,0.2887,56213.2
1753600081146,07:08:01.146,bitget,1INCH/USDT:USDT,0.2884,16171.0,0.2883,39546.6,0.2886,31182.9,0.2887,56213.2
1753600081296,07:08:01.296,bitget,1INCH/USDT:USDT,0.2884,16171.0,0.2883,39546.6,0.2886,31182.9,0.2887,56213.2
1753600081446,07:08:01.446,bitget,1INCH/USDT:USDT,0.2884,16171.0,0.2883,39546.6,0.2886,31182.9,0.2887,56213.2
1753600081746,07:08:01.746,bitget,1INCH/USDT:USDT,0.2884,23080.7,0.2883,39546.6,0.2886,31182.9,0.2887,56213.2
1753600081897,07:08:01.897,bitget,1INCH/USDT:USDT,0.2884,23080.7,0.2883,39546.6,0.2886,31182.9,0.2887,56213.2
1753600082047,07:08:02.047,bitget,1INCH/USDT:USDT,0.2884,16171.0,0.2883,39546.6,0.2886,31182.9,0.2887,56213.2
1753600082197,07:08:02.197,bitget,1INCH/USDT:USDT,0.2884,23080.7,0.2883,39546.6,0.2886,34646.9,0.2887,56213.2
1753600082347,07:08:02.347,bitget,1INCH/USDT:USDT,0.2884,23080.7,0.2883,39546.6,0.2886,34646.9,0.2887,56213.2
1753600082497,07:08:02.497,bitget,1INCH/USDT:USDT,0.2884,23080.7,0.2883,39546.6,0.2886,34646.9,0.2887,56213.2
1753600082647,07:08:02.647,bitget,1INCH/USDT:USDT,0.2884,5514.1,0.2883,39546.6,0.2885,1314.6,0.2886,34646.9
1753600082947,07:08:02.947,bitget,1INCH/USDT:USDT,0.2883,39546.6,0.2882,34740.4,0.2885,11461.6,0.2886,50305.2
1753600083097,07:08:03.097,bitget,1INCH/USDT:USDT,0.2884,331.9,0.2883,21206.5,0.2885,11461.6,0.2886,50305.2
1753600083247,07:08:03.247,bitget,1INCH/USDT:USDT,0.2883,26546.6,0.2882,53054.2,0.2885,11461.6,0.2886,50305.2
1753600083397,07:08:03.397,bitget,1INCH/USDT:USDT,0.2883,26546.6,0.2882,53054.2,0.2885,11461.6,0.2886,50305.2
1753600083547,07:08:03.547,bitget,1INCH/USDT:USDT,0.2883,26546.6,0.2882,53054.2,0.2885,11461.6,0.2886,50305.2
1753600083697,07:08:03.697,bitget,1INCH/USDT:USDT,0.2883,26546.6,0.2882,53054.2,0.2885,11461.6,0.2886,50305.2
1753600083848,07:08:03.848,bitget,1INCH/USDT:USDT,0.2883,26546.6,0.2882,53054.2,0.2885,18371.3,0.2886,50305.2
1753600083998,07:08:03.998,bitget,1INCH/USDT:USDT,0.2884,331.9,0.2883,26546.6,0.2885,18371.3,0.2886,50305.2
1753600084148,07:08:04.148,bitget,1INCH/USDT:USDT,0.2884,331.9,0.2883,26546.6,0.2885,12371.3,0.2886,50305.2
1753600084298,07:08:04.298,bitget,1INCH/USDT:USDT,0.2884,331.9,0.2883,26546.6,0.2885,12371.3,0.2886,50305.2
1753600084448,07:08:04.448,bitget,1INCH/USDT:USDT,0.2884,331.9,0.2883,26546.6,0.2885,12371.3,0.2886,50305.2
1753600084598,07:08:04.598,bitget,1INCH/USDT:USDT,0.2884,331.9,0.2883,26546.6,0.2885,12371.3,0.2886,50305.2
1753600084748,07:08:04.748,bitget,1INCH/USDT:USDT,0.2884,331.9,0.2883,26546.6,0.2885,12371.3,0.2886,50305.2
1753600084898,07:08:04.898,bitget,1INCH/USDT:USDT,0.2884,331.9,0.2883,26546.6,0.2885,12371.3,0.2886,50305.2
1753600085048,07:08:05.048,bitget,1INCH/USDT:USDT,0.2884,331.9,0.2883,26546.6,0.2885,12371.3,0.2886,50305.2
1753600085198,07:08:05.198,bitget,1INCH/USDT:USDT,0.2884,331.9,0.2883,26546.6,0.2885,12371.3,0.2886,50305.2
1753600085348,07:08:05.348,bitget,1INCH/USDT:USDT,0.2884,331.9,0.2883,26546.6,0.2885,12371.3,0.2886,50305.2
1753600085498,07:08:05.498,bitget,1INCH/USDT:USDT,0.2884,5514.1,0.2883,26546.6,0.2885,12371.3,0.2886,50305.2
1753600085648,07:08:05.648,bitget,1INCH/USDT:USDT,0.2884,5514.1,0.2883,26546.6,0.2885,12106.7,0.2886,50305.2
1753600085799,07:08:05.799,bitget,1INCH/USDT:USDT,0.2884,5514.1,0.2883,26546.6,0.2885,12106.7,0.2886,50305.2
1753600085949,07:08:05.949,bitget,1INCH/USDT:USDT,0.2884,5514.1,0.2883,26546.6,0.2885,12106.7,0.2886,50305.2
1753600086099,07:08:06.099,bitget,1INCH/USDT:USDT,0.2884,5514.1,0.2883,26546.6,0.2885,12106.7,0.2886,50305.2
1753600086249,07:08:06.249,bitget,1INCH/USDT:USDT,0.2884,5514.1,0.2883,26546.6,0.2885,12106.7,0.2886,50305.2
1753600086399,07:08:06.399,bitget,1INCH/USDT:USDT,0.2884,5514.1,0.2883,26546.6,0.2885,12106.7,0.2886,50305.2
1753600086549,07:08:06.549,bitget,1INCH/USDT:USDT,0.2884,5514.1,0.2883,26546.6,0.2885,12106.7,0.2886,50305.2
1753600086699,07:08:06.699,bitget,1INCH/USDT:USDT,0.2884,5514.1,0.2883,26546.6,0.2885,12106.7,0.2886,50305.2
1753600086849,07:08:06.849,bitget,1INCH/USDT:USDT,0.2884,5514.1,0.2883,26546.6,0.2885,12106.7,0.2886,50305.2
1753600086999,07:08:06.999,bitget,1INCH/USDT:USDT,0.2884,5514.1,0.2883,26546.6,0.2885,3938.8,0.2886,50305.2
1753600087149,07:08:07.149,bitget,1INCH/USDT:USDT,0.2884,5514.1,0.2883,26546.6,0.2885,3938.8,0.2886,48421.7
1753600087299,07:08:07.299,bitget,1INCH/USDT:USDT,0.2884,5514.1,0.2883,26546.6,0.2885,3938.8,0.2886,48421.7
1753600087449,07:08:07.449,bitget,1INCH/USDT:USDT,0.2884,5514.1,0.2883,26546.6,0.2885,3938.8,0.2886,48421.7
1753600087599,07:08:07.599,bitget,1INCH/USDT:USDT,0.2884,5514.1,0.2883,26546.6,0.2885,3938.8,0.2886,48421.7
1753600087750,07:08:07.750,bitget,1INCH/USDT:USDT,0.2884,5514.1,0.2883,26546.6,0.2885,3938.8,0.2886,48421.7
1753600087900,07:08:07.900,bitget,1INCH/USDT:USDT,0.2884,5514.1,0.2883,26546.6,0.2885,3606.9,0.2886,48421.7
1753600088050,07:08:08.050,bitget,1INCH/USDT:USDT,0.2884,12688.4,0.2883,26546.6,0.2886,48157.1,0.2887,37094.0
1753600088200,07:08:08.200,bitget,1INCH/USDT:USDT,0.2884,11099.4,0.2883,26546.6,0.2886,29034.8,0.2887,56217.5
1753600088350,07:08:08.350,bitget,1INCH/USDT:USDT,0.2884,18009.1,0.2883,26546.6,0.2886,29034.8,0.2887,56217.5
1753600088500,07:08:08.500,bitget,1INCH/USDT:USDT,0.2885,330.7,0.2884,18009.1,0.2886,29034.8,0.2887,56217.5
1753600088650,07:08:08.650,bitget,1INCH/USDT:USDT,0.2885,330.7,0.2884,18009.1,0.2886,27812.6,0.2887,56217.5
1753600088800,07:08:08.800,bitget,1INCH/USDT:USDT,0.2885,330.7,0.2884,18009.1,0.2886,27812.6,0.2887,56217.5
1753600088950,07:08:08.950,bitget,1INCH/USDT:USDT,0.2885,330.7,0.2884,18009.1,0.2886,27812.6,0.2887,56217.5
1753600089100,07:08:09.100,bitget,1INCH/USDT:USDT,0.2885,330.7,0.2884,18009.1,0.2886,27812.6,0.2887,56217.5
1753600089250,07:08:09.250,bitget,1INCH/USDT:USDT,0.2885,330.7,0.2884,18009.1,0.2886,28139.1,0.2887,56217.5
1753600089400,07:08:09.400,bitget,1INCH/USDT:USDT,0.2885,330.7,0.2884,18009.1,0.2886,28139.1,0.2887,56217.5
1753600089550,07:08:09.550,bitget,1INCH/USDT:USDT,0.2885,330.7,0.2884,18009.1,0.2886,28139.1,0.2887,56217.5
1753600089701,07:08:09.701,bitget,1INCH/USDT:USDT,0.2885,330.7,0.2884,18009.1,0.2886,28139.1,0.2887,56217.5
1753600089851,07:08:09.851,bitget,1INCH/USDT:USDT,0.2885,330.7,0.2884,18009.1,0.2886,28139.1,0.2887,56217.5
1753600090001,07:08:10.001,bitget,1INCH/USDT:USDT,0.2885,330.7,0.2884,18009.1,0.2886,28139.1,0.2887,56217.5
1753600090151,07:08:10.151,bitget,1INCH/USDT:USDT,0.2885,330.7,0.2884,18009.1,0.2886,28139.1,0.2887,56217.5
1753600090301,07:08:10.301,bitget,1INCH/USDT:USDT,0.2885,330.7,0.2884,18009.1,0.2886,28139.1,0.2887,56217.5
1753600090451,07:08:10.451,bitget,1INCH/USDT:USDT,0.2885,330.7,0.2884,18009.1,0.2886,28139.1,0.2887,56217.5
1753600090751,07:08:10.751,bitget,1INCH/USDT:USDT,0.2885,5512.9,0.2884,18009.1,0.2886,28139.1,0.2887,56217.5
1753600091051,07:08:11.051,bitget,1INCH/USDT:USDT,0.2885,5512.9,0.2884,18009.1,0.2886,28139.1,0.2887,56217.5
1753600091201,07:08:11.201,bitget,1INCH/USDT:USDT,0.2885,5512.9,0.2884,18009.1,0.2886,28139.1,0.2887,56217.5
1753600091351,07:08:11.351,bitget,1INCH/USDT:USDT,0.2885,5512.9,0.2884,18009.1,0.2886,28139.1,0.2887,56217.5
1753600091502,07:08:11.502,bitget,1INCH/USDT:USDT,0.2885,5182.2,0.2884,17744.5,0.2886,28139.1,0.2887,56217.5
1753600091652,07:08:11.652,bitget,1INCH/USDT:USDT,0.2885,5182.2,0.2884,17744.5,0.2886,28139.1,0.2887,56217.5
1753600091802,07:08:11.802,bitget,1INCH/USDT:USDT,0.2885,5182.2,0.2884,17744.5,0.2886,28139.1,0.2887,56217.5
1753600091952,07:08:11.952,bitget,1INCH/USDT:USDT,0.2885,5182.2,0.2884,17744.5,0.2886,28139.1,0.2887,56217.5
1753600092102,07:08:12.102,bitget,1INCH/USDT:USDT,0.2885,5182.2,0.2884,17744.5,0.2886,28139.1,0.2887,56217.5
1753600092402,07:08:12.402,bitget,1INCH/USDT:USDT,0.2885,5182.2,0.2884,17744.5,0.2886,28139.1,0.2887,56217.5
1753600092552,07:08:12.552,bitget,1INCH/USDT:USDT,0.2885,5182.2,0.2884,17744.5,0.2886,28139.1,0.2887,56217.5
1753600092702,07:08:12.702,bitget,1INCH/USDT:USDT,0.2885,5182.2,0.2884,17744.5,0.2886,28403.7,0.2887,56217.5
1753600093002,07:08:13.002,bitget,1INCH/USDT:USDT,0.2885,5182.2,0.2884,17744.5,0.2886,28403.7,0.2887,56217.5
1753600093303,07:08:13.303,bitget,1INCH/USDT:USDT,0.2885,5182.2,0.2884,17744.5,0.2886,28403.7,0.2887,56217.5
1753600093453,07:08:13.453,bitget,1INCH/USDT:USDT,0.2885,5182.2,0.2884,17744.5,0.2886,28403.7,0.2887,56217.5
1753600093603,07:08:13.603,bitget,1INCH/USDT:USDT,0.2885,5182.2,0.2884,17744.5,0.2886,28403.7,0.2887,56217.5
1753600093753,07:08:13.753,bitget,1INCH/USDT:USDT,0.2885,5182.2,0.2884,17744.5,0.2886,28403.7,0.2887,56217.5
1753600093903,07:08:13.903,bitget,1INCH/USDT:USDT,0.2885,5182.2,0.2884,17744.5,0.2886,28403.7,0.2887,56217.5
1753600094053,07:08:14.053,bitget,1INCH/USDT:USDT,0.2885,5182.2,0.2884,17744.5,0.2886,28403.7,0.2887,56217.5
1753600094203,07:08:14.203,bitget,1INCH/USDT:USDT,0.2885,5182.2,0.2884,17744.5,0.2886,28403.7,0.2887,56217.5
1753600094353,07:08:14.353,bitget,1INCH/USDT:USDT,0.2885,5182.2,0.2884,17744.5,0.2886,28403.7,0.2887,56217.5
1753600094503,07:08:14.503,bitget,1INCH/USDT:USDT,0.2885,5182.2,0.2884,17744.5,0.2886,28403.7,0.2887,56217.5
1753600094653,07:08:14.653,bitget,1INCH/USDT:USDT,0.2885,5182.2,0.2884,17744.5,0.2886,28139.1,0.2887,56217.5
1753600094803,07:08:14.803,bitget,1INCH/USDT:USDT,0.2884,17744.5,0.2883,26546.6,0.2886,28403.7,0.2887,56217.5
1753600094953,07:08:14.953,bitget,1INCH/USDT:USDT,0.2885,5182.2,0.2884,17744.5,0.2886,28403.7,0.2887,56217.5
1753600095104,07:08:15.104,bitget,1INCH/USDT:USDT,0.2885,5182.2,0.2884,17744.5,0.2886,28403.7,0.2887,56217.5
1753600095254,07:08:15.254,bitget,1INCH/USDT:USDT,0.2885,5182.2,0.2884,17744.5,0.2886,28403.7,0.2887,56217.5
1753600095404,07:08:15.404,bitget,1INCH/USDT:USDT,0.2885,5182.2,0.2884,10834.8,0.2886,28403.7,0.2887,56217.5
1753600095704,07:08:15.704,bitget,1INCH/USDT:USDT,0.2884,10834.8,0.2883,26546.6,0.2885,1314.6,0.2886,35362.9
1753600095854,07:08:15.854,bitget,1INCH/USDT:USDT,0.2884,5797.3,0.2883,26546.6,0.2885,1314.6,0.2886,53894.8
1753600096004,07:08:16.004,bitget,1INCH/USDT:USDT,0.2884,12971.6,0.2883,26546.6,0.2886,51026.8,0.2887,37094.0
1753600096154,07:08:16.154,bitget,1INCH/USDT:USDT,0.2884,17973.7,0.2883,26546.6,0.2886,29034.8,0.2887,56220.5
1753600096304,07:08:16.304,bitget,1INCH/USDT:USDT,0.2884,17973.7,0.2883,26546.6,0.2886,29034.8,0.2887,56220.5
1753600096454,07:08:16.454,bitget,1INCH/USDT:USDT,0.2884,17973.7,0.2883,26546.6,0.2886,29034.8,0.2887,56220.5
1753600096754,07:08:16.754,bitget,1INCH/USDT:USDT,0.2884,17973.7,0.2883,26546.6,0.2886,30605.1,0.2887,56220.5
1753600096904,07:08:16.904,bitget,1INCH/USDT:USDT,0.2884,17709.1,0.2883,26546.6,0.2886,30605.1,0.2887,56220.5
1753600097055,07:08:17.055,bitget,1INCH/USDT:USDT,0.2884,17709.1,0.2883,26546.6,0.2886,30869.7,0.2887,56220.5
1753600097205,07:08:17.205,bitget,1INCH/USDT:USDT,0.2884,17709.1,0.2883,26546.6,0.2886,30869.7,0.2887,56220.5
1753600097355,07:08:17.355,bitget,1INCH/USDT:USDT,0.2884,17709.1,0.2883,26546.6,0.2886,30605.1,0.2887,56220.5
1753600097505,07:08:17.505,bitget,1INCH/USDT:USDT,0.2884,17709.1,0.2883,26546.6,0.2886,30605.1,0.2887,56220.5
1753600097805,07:08:17.805,bitget,1INCH/USDT:USDT,0.2884,17709.1,0.2883,26546.6,0.2886,30605.1,0.2887,56220.5
1753600097955,07:08:17.955,bitget,1INCH/USDT:USDT,0.2884,17709.1,0.2883,26546.6,0.2886,30605.1,0.2887,56220.5
1753600098105,07:08:18.105,bitget,1INCH/USDT:USDT,0.2884,17709.1,0.2883,26546.6,0.2886,30605.1,0.2887,56220.5
1753600098255,07:08:18.255,bitget,1INCH/USDT:USDT,0.2884,17709.1,0.2883,26546.6,0.2886,30605.1,0.2887,56220.5
1753600098405,07:08:18.405,bitget,1INCH/USDT:USDT,0.2884,17709.1,0.2883,26546.6,0.2886,30605.1,0.2887,56220.5
1753600098555,07:08:18.555,bitget,1INCH/USDT:USDT,0.2884,17709.1,0.2883,26546.6,0.2886,30605.1,0.2887,56220.5
1753600098705,07:08:18.705,bitget,1INCH/USDT:USDT,0.2884,17709.1,0.2883,26546.6,0.2886,30605.1,0.2887,56220.5
1753600098856,07:08:18.856,bitget,1INCH/USDT:USDT,0.2884,17709.1,0.2883,26546.6,0.2886,30605.1,0.2887,56220.5
1753600099006,07:08:19.006,bitget,1INCH/USDT:USDT,0.2884,17709.1,0.2883,26546.6,0.2886,30605.1,0.2887,56220.5
1753600099156,07:08:19.156,bitget,1INCH/USDT:USDT,0.2884,17709.1,0.2883,26546.6,0.2886,30605.1,0.2887,56220.5
1753600099306,07:08:19.306,bitget,1INCH/USDT:USDT,0.2884,10799.4,0.2883,26546.6,0.2886,30605.1,0.2887,56220.5
1753600099456,07:08:19.456,bitget,1INCH/USDT:USDT,0.2884,17709.1,0.2883,26546.6,0.2886,30605.1,0.2887,56220.5
1753600099606,07:08:19.606,bitget,1INCH/USDT:USDT,0.2884,11064.0,0.2883,26546.6,0.2886,30605.1,0.2887,56220.5
1753600099756,07:08:19.756,bitget,1INCH/USDT:USDT,0.2884,11064.0,0.2883,26546.6,0.2886,30605.1,0.2887,118613.5
1753600099906,07:08:19.906,bitget,1INCH/USDT:USDT,0.2884,11064.0,0.2883,26546.6,0.2886,31763.8,0.2887,104230.3
1753600100056,07:08:20.056,bitget,1INCH/USDT:USDT,0.2884,17973.7,0.2883,26546.6,0.2886,31763.8,0.2887,104230.3
1753600100356,07:08:20.356,bitget,1INCH/USDT:USDT,0.2884,17973.7,0.2883,26546.6,0.2886,31763.8,0.2887,104230.3
1753600100506,07:08:20.506,bitget,1INCH/USDT:USDT,0.2884,17973.7,0.2883,26546.6,0.2886,31763.8,0.2887,104230.3
1753600100657,07:08:20.657,bitget,1INCH/USDT:USDT,0.2884,17709.1,0.2883,26546.6,0.2886,31763.8,0.2887,104230.3
1753600100807,07:08:20.807,bitget,1INCH/USDT:USDT,0.2884,17709.1,0.2883,26546.6,0.2886,31763.8,0.2887,104230.3
1753600100957,07:08:20.957,bitget,1INCH/USDT:USDT,0.2884,17709.1,0.2883,26546.6,0.2886,31763.8,0.2887,104230.3
1753600101107,07:08:21.107,bitget,1INCH/USDT:USDT,0.2884,17709.1,0.2883,26546.6,0.2886,31763.8,0.2887,104230.3
1753600101257,07:08:21.257,bitget,1INCH/USDT:USDT,0.2884,17709.1,0.2883,26546.6,0.2886,31763.8,0.2887,104230.3
1753600101407,07:08:21.407,bitget,1INCH/USDT:USDT,0.2884,17709.1,0.2883,26546.6,0.2886,31763.8,0.2887,104230.3
1753600101557,07:08:21.557,bitget,1INCH/USDT:USDT,0.2884,17709.1,0.2883,26546.6,0.2886,31763.8,0.2887,104230.3
1753600101707,07:08:21.707,bitget,1INCH/USDT:USDT,0.2884,17709.1,0.2883,26546.6,0.2886,31763.8,0.2887,104230.3
1753600101857,07:08:21.857,bitget,1INCH/USDT:USDT,0.2884,17709.1,0.2883,26546.6,0.2886,31763.8,0.2887,104230.3
1753600102007,07:08:22.007,bitget,1INCH/USDT:USDT,0.2884,17709.1,0.2883,26546.6,0.2886,31763.8,0.2887,104230.3
1753600102157,07:08:22.157,bitget,1INCH/USDT:USDT,0.2884,17709.1,0.2883,26546.6,0.2886,30605.1,0.2887,104230.3
1753600102307,07:08:22.307,bitget,1INCH/USDT:USDT,0.2884,17709.1,0.2883,26546.6,0.2886,30605.1,0.2887,104230.3
1753600102458,07:08:22.458,bitget,1INCH/USDT:USDT,0.2884,17709.1,0.2883,26546.6,0.2886,30605.1,0.2887,104230.3
1753600102608,07:08:22.608,bitget,1INCH/USDT:USDT,0.2884,17709.1,0.2883,26546.6,0.2886,30605.1,0.2887,104230.3
1753600102758,07:08:22.758,bitget,1INCH/USDT:USDT,0.2884,17709.1,0.2883,26546.6,0.2886,30605.1,0.2887,104230.3
1753600102908,07:08:22.908,bitget,1INCH/USDT:USDT,0.2884,17709.1,0.2883,26546.6,0.2886,39131.4,0.2887,104230.3
1753600103208,07:08:23.208,bitget,1INCH/USDT:USDT,0.2884,10799.4,0.2883,26546.6,0.2886,39131.4,0.2887,104230.3
1753600103358,07:08:23.358,bitget,1INCH/USDT:USDT,0.2884,10799.4,0.2883,26546.6,0.2886,40677.1,0.2887,104230.3
1753600103508,07:08:23.508,bitget,1INCH/USDT:USDT,0.2885,5182.2,0.2884,17709.1,0.2886,40677.1,0.2887,104230.3
1753600103658,07:08:23.658,bitget,1INCH/USDT:USDT,0.2885,5182.2,0.2884,10799.4,0.2886,32150.8,0.2887,104230.3
1753600103808,07:08:23.808,bitget,1INCH/USDT:USDT,0.2885,5182.2,0.2884,10799.4,0.2886,32150.8,0.2887,104230.3
1753600103958,07:08:23.958,bitget,1INCH/USDT:USDT,0.2885,5182.2,0.2884,10799.4,0.2886,32150.8,0.2887,104230.3
1753600104108,07:08:24.108,bitget,1INCH/USDT:USDT,0.2885,5182.2,0.2884,10799.4,0.2886,32150.8,0.2887,104230.3
1753600104259,07:08:24.259,bitget,1INCH/USDT:USDT,0.2885,5182.2,0.2884,10799.4,0.2886,32150.8,0.2887,104230.3
1753600104409,07:08:24.409,bitget,1INCH/USDT:USDT,0.2885,5182.2,0.2884,10799.4,0.2886,32150.8,0.2887,104230.3
1753600104559,07:08:24.559,bitget,1INCH/USDT:USDT,0.2885,5182.2,0.2884,10799.4,0.2886,32150.8,0.2887,104230.3
1753600104709,07:08:24.709,bitget,1INCH/USDT:USDT,0.2885,5182.2,0.2884,10799.4,0.2886,32150.8,0.2887,104230.3
1753600104859,07:08:24.859,bitget,1INCH/USDT:USDT,0.2885,5182.2,0.2884,10799.4,0.2886,32150.8,0.2887,104230.3
1753600105009,07:08:25.009,bitget,1INCH/USDT:USDT,0.2885,5182.2,0.2884,10799.4,0.2886,32150.8,0.2887,104230.3
1753600105159,07:08:25.159,bitget,1INCH/USDT:USDT,0.2885,5182.2,0.2884,10799.4,0.2886,32150.8,0.2887,104230.3
1753600105309,07:08:25.309,bitget,1INCH/USDT:USDT,0.2885,5182.2,0.2884,10799.4,0.2886,32150.8,0.2887,104230.3
1753600105459,07:08:25.459,bitget,1INCH/USDT:USDT,0.2885,5182.2,0.2884,10799.4,0.2886,32150.8,0.2887,104230.3
1753600105609,07:08:25.609,bitget,1INCH/USDT:USDT,0.2885,5182.2,0.2884,10799.4,0.2886,32150.8,0.2887,104230.3
1753600105759,07:08:25.759,bitget,1INCH/USDT:USDT,0.2885,5182.2,0.2884,10799.4,0.2886,32150.8,0.2887,104230.3
1753600106059,07:08:26.059,bitget,1INCH/USDT:USDT,0.2885,5501.0,0.2884,10799.4,0.2886,32150.8,0.2887,104230.3
1753600106210,07:08:26.210,bitget,1INCH/USDT:USDT,0.2885,5501.0,0.2884,10799.4,0.2886,32150.8,0.2887,104230.3
1753600106360,07:08:26.360,bitget,1INCH/USDT:USDT,0.2885,5501.0,0.2884,10799.4,0.2886,32150.8,0.2887,104230.3
1753600106510,07:08:26.510,bitget,1INCH/USDT:USDT,0.2885,5501.0,0.2884,10799.4,0.2886,32150.8,0.2887,104230.3
1753600106660,07:08:26.660,bitget,1INCH/USDT:USDT,0.2885,5501.0,0.2884,10799.4,0.2886,29034.8,0.2887,104230.3
1753600106810,07:08:26.810,bitget,1INCH/USDT:USDT,0.2885,5501.0,0.2884,10799.4,0.2886,29034.8,0.2887,104230.3
1753600106960,07:08:26.960,bitget,1INCH/USDT:USDT,0.2885,5501.0,0.2884,10799.4,0.2886,29034.8,0.2887,104230.3
1753600107110,07:08:27.110,bitget,1INCH/USDT:USDT,0.2885,5501.0,0.2884,10799.4,0.2886,29280.6,0.2887,104230.3
1753600107260,07:08:27.260,bitget,1INCH/USDT:USDT,0.2885,5501.0,0.2884,10799.4,0.2886,29280.6,0.2887,104230.3
1753600107410,07:08:27.410,bitget,1INCH/USDT:USDT,0.2885,5501.0,0.2884,17709.1,0.2886,29280.6,0.2887,104230.3
1753600107560,07:08:27.560,bitget,1INCH/USDT:USDT,0.2885,5501.0,0.2884,17709.1,0.2886,29516.8,0.2887,104230.3
1753600107710,07:08:27.710,bitget,1INCH/USDT:USDT,0.2884,5514.1,0.2883,26546.6,0.2885,3247.1,0.2886,29781.4
1753600107860,07:08:27.860,bitget,1INCH/USDT:USDT,0.2884,6038.3,0.2883,26546.6,0.2885,3247.1,0.2886,53759.1
1753600108010,07:08:28.010,bitget,1INCH/USDT:USDT,0.2884,6038.3,0.2883,26546.6,0.2885,3247.1,0.2886,48173.9
1753600108161,07:08:28.161,bitget,1INCH/USDT:USDT,0.2884,6038.3,0.2883,26546.6,0.2885,3247.1,0.2886,48173.9
1753600108311,07:08:28.311,bitget,1INCH/USDT:USDT,0.2884,6038.3,0.2883,26546.6,0.2885,3247.1,0.2886,48173.9
1753600108461,07:08:28.461,bitget,1INCH/USDT:USDT,0.2884,6038.3,0.2883,26546.6,0.2885,3247.1,0.2886,48173.9
1753600108611,07:08:28.611,bitget,1INCH/USDT:USDT,0.2884,6038.3,0.2883,26546.6,0.2885,3247.1,0.2886,48173.9
1753600108761,07:08:28.761,bitget,1INCH/USDT:USDT,0.2884,6038.3,0.2883,26546.6,0.2885,3247.1,0.2886,48173.9
1753600108911,07:08:28.911,bitget,1INCH/USDT:USDT,0.2884,6038.3,0.2883,26546.6,0.2885,3247.1,0.2886,48173.9
1753600109061,07:08:29.061,bitget,1INCH/USDT:USDT,0.2884,6038.3,0.2883,26546.6,0.2885,3247.1,0.2886,48173.9
1753600109211,07:08:29.211,bitget,1INCH/USDT:USDT,0.2884,6038.3,0.2883,26546.6,0.2885,3247.1,0.2886,48173.9
1753600109361,07:08:29.361,bitget,1INCH/USDT:USDT,0.2884,6038.3,0.2883,26546.6,0.2885,3247.1,0.2886,48173.9
1753600109511,07:08:29.511,bitget,1INCH/USDT:USDT,0.2884,6038.3,0.2883,26546.6,0.2885,3247.1,0.2886,48173.9
1753600109811,07:08:29.811,bitget,1INCH/USDT:USDT,0.2884,6038.3,0.2883,26546.6,0.2885,1359.8,0.2886,48173.9
1753600109961,07:08:29.961,bitget,1INCH/USDT:USDT,0.2884,12948.0,0.2883,26546.6,0.2886,48173.9,0.2887,31374.4
1753600110112,07:08:30.112,bitget,1INCH/USDT:USDT,0.2884,17678.9,0.2883,26546.6,0.2886,32401.8,0.2887,50523.3
1753600110412,07:08:30.412,bitget,1INCH/USDT:USDT,0.2884,17678.9,0.2883,26546.6,0.2886,37993.7,0.2887,50523.3
1753600110562,07:08:30.562,bitget,1INCH/USDT:USDT,0.2884,17678.9,0.2883,26546.6,0.2886,37993.7,0.2887,50523.3
1753600110712,07:08:30.712,bitget,1INCH/USDT:USDT,0.2884,10769.2,0.2883,26546.6,0.2886,37993.7,0.2887,112917.1
1753600110862,07:08:30.862,bitget,1INCH/USDT:USDT,0.2884,10769.2,0.2883,26546.6,0.2886,37993.7,0.2887,104253.5
1753600111012,07:08:31.012,bitget,1INCH/USDT:USDT,0.2884,10769.2,0.2883,26546.6,0.2885,318.8,0.2886,37993.7
1753600111162,07:08:31.162,bitget,1INCH/USDT:USDT,0.2884,6038.3,0.2883,26546.6,0.2885,2572.8,0.2886,53775.0
1753600111312,07:08:31.312,bitget,1INCH/USDT:USDT,0.2884,6038.3,0.2883,26546.6,0.2885,2572.8,0.2886,53775.0
1753600111612,07:08:31.612,bitget,1INCH/USDT:USDT,0.2884,6038.3,0.2883,26546.6,0.2885,2572.8,0.2886,53775.0
1753600111762,07:08:31.762,bitget,1INCH/USDT:USDT,0.2884,6038.3,0.2883,26546.6,0.2885,2572.8,0.2886,53775.0
1753600111912,07:08:31.912,bitget,1INCH/USDT:USDT,0.2884,6038.3,0.2883,26546.6,0.2885,2572.8,0.2886,53775.0
1753600112063,07:08:32.063,bitget,1INCH/USDT:USDT,0.2884,6038.3,0.2883,26546.6,0.2885,2572.8,0.2886,53775.0
1753600112213,07:08:32.213,bitget,1INCH/USDT:USDT,0.2884,6038.3,0.2883,26546.6,0.2885,2572.8,0.2886,53775.0
1753600112363,07:08:32.363,bitget,1INCH/USDT:USDT,0.2884,6038.3,0.2883,26546.6,0.2885,2572.8,0.2886,53775.0
1753600112513,07:08:32.513,bitget,1INCH/USDT:USDT,0.2884,6038.3,0.2883,26546.6,0.2885,2572.8,0.2886,53775.0
1753600112663,07:08:32.663,bitget,1INCH/USDT:USDT,0.2884,6038.3,0.2883,26546.6,0.2885,2572.8,0.2886,53775.0
1753600112813,07:08:32.813,bitget,1INCH/USDT:USDT,0.2884,6038.3,0.2883,26546.6,0.2885,2572.8,0.2886,53775.0
1753600112963,07:08:32.963,bitget,1INCH/USDT:USDT,0.2884,6038.3,0.2883,26546.6,0.2885,2572.8,0.2886,53775.0
1753600113113,07:08:33.113,bitget,1INCH/USDT:USDT,0.2884,6038.3,0.2883,26546.6,0.2885,2572.8,0.2886,53775.0
1753600113263,07:08:33.263,bitget,1INCH/USDT:USDT,0.2884,6038.3,0.2883,26546.6,0.2885,2572.8,0.2886,53775.0
1753600113413,07:08:33.413,bitget,1INCH/USDT:USDT,0.2884,6038.3,0.2883,26546.6,0.2885,2572.8,0.2886,53775.0
1753600113563,07:08:33.563,bitget,1INCH/USDT:USDT,0.2884,6038.3,0.2883,26546.6,0.2885,2891.6,0.2886,53775.0
1753600113713,07:08:33.713,bitget,1INCH/USDT:USDT,0.2884,6038.3,0.2883,26546.6,0.2885,2891.6,0.2886,53775.0
1753600113863,07:08:33.863,bitget,1INCH/USDT:USDT,0.2884,6038.3,0.2883,26546.6,0.2885,2891.6,0.2886,53775.0
1753600114014,07:08:34.014,bitget,1INCH/USDT:USDT,0.2884,6038.3,0.2883,26546.6,0.2885,2891.6,0.2886,53775.0
1753600114164,07:08:34.164,bitget,1INCH/USDT:USDT,0.2884,6038.3,0.2883,26546.6,0.2885,2891.6,0.2886,53775.0
1753600114314,07:08:34.314,bitget,1INCH/USDT:USDT,0.2884,6038.3,0.2883,26546.6,0.2885,2891.6,0.2886,53775.0
1753600114464,07:08:34.464,bitget,1INCH/USDT:USDT,0.2884,6038.3,0.2883,26546.6,0.2885,2891.6,0.2886,53775.0
1753600114614,07:08:34.614,bitget,1INCH/USDT:USDT,0.2884,6038.3,0.2883,26546.6,0.2885,2891.6,0.2886,53775.0
1753600114764,07:08:34.764,bitget,1INCH/USDT:USDT,0.2884,2346.8,0.2883,26546.6,0.2885,2891.6,0.2886,53775.0
1753600114914,07:08:34.914,bitget,1INCH/USDT:USDT,0.2884,1326.6,0.2883,26546.6,0.2885,2891.6,0.2886,63384.5
1753600115064,07:08:35.064,bitget,1INCH/USDT:USDT,0.2883,26546.6,0.2882,53054.2,0.2884,1971.9,0.2885,3156.2
1753600115214,07:08:35.214,bitget,1INCH/USDT:USDT,0.2884,6909.7,0.2883,20238.9,0.2886,38147.9,0.2887,76592.0
1753600115364,07:08:35.364,bitget,1INCH/USDT:USDT,0.2884,12675.3,0.2883,26700.6,0.2885,18226.9,0.2886,27616.2
1753600115664,07:08:35.664,bitget,1INCH/USDT:USDT,0.2884,11132.5,0.2883,26700.6,0.2886,44128.6,0.2887,86173.1
1753600115815,07:08:35.815,bitget,1INCH/USDT:USDT,0.2884,11132.5,0.2883,26700.6,0.2886,44128.6,0.2887,95747.9
1753600115965,07:08:35.965,bitget,1INCH/USDT:USDT,0.2884,18042.2,0.2883,26700.6,0.2886,45844.9,0.2887,95747.9
1753600116115,07:08:36.115,bitget,1INCH/USDT:USDT,0.2885,324.1,0.2884,18042.2,0.2886,45844.9,0.2887,95747.9
1753600116415,07:08:36.415,bitget,1INCH/USDT:USDT,0.2885,324.1,0.2884,17777.6,0.2886,36235.4,0.2887,95747.9
1753600116565,07:08:36.565,bitget,1INCH/USDT:USDT,0.2885,324.1,0.2884,17777.6,0.2886,36235.4,0.2887,95747.9
1753600116715,07:08:36.715,bitget,1INCH/USDT:USDT,0.2885,324.1,0.2884,17777.6,0.2886,36235.4,0.2887,95747.9
1753600116865,07:08:36.865,bitget,1INCH/USDT:USDT,0.2885,324.1,0.2884,17777.6,0.2886,36235.4,0.2887,95747.9
1753600117015,07:08:37.015,bitget,1INCH/USDT:USDT,0.2885,324.1,0.2884,17777.6,0.2886,36235.4,0.2887,95747.9
1753600117165,07:08:37.165,bitget,1INCH/USDT:USDT,0.2885,324.1,0.2884,10867.9,0.2886,36235.4,0.2887,95747.9
1753600117315,07:08:37.315,bitget,1INCH/USDT:USDT,0.2885,324.1,0.2884,17777.6,0.2886,36235.4,0.2887,95747.9
1753600117465,07:08:37.465,bitget,1INCH/USDT:USDT,0.2885,324.1,0.2884,17777.6,0.2886,36235.4,0.2887,95747.9
1753600117766,07:08:37.766,bitget,1INCH/USDT:USDT,0.2885,324.1,0.2884,17777.6,0.2886,36235.4,0.2887,95747.9
1753600117916,07:08:37.916,bitget,1INCH/USDT:USDT,0.2885,324.1,0.2884,17777.6,0.2886,36235.4,0.2887,95747.9
1753600118066,07:08:38.066,bitget,1INCH/USDT:USDT,0.2885,324.1,0.2884,17777.6,0.2886,36235.4,0.2887,95747.9
1753600118216,07:08:38.216,bitget,1INCH/USDT:USDT,0.2885,324.1,0.2884,17777.6,0.2886,36235.4,0.2887,95747.9
1753600118366,07:08:38.366,bitget,1INCH/USDT:USDT,0.2885,324.1,0.2884,17777.6,0.2886,36235.4,0.2887,95747.9
1753600118666,07:08:38.666,bitget,1INCH/USDT:USDT,0.2885,5506.3,0.2884,17777.6,0.2886,36235.4,0.2887,95747.9
1753600118816,07:08:38.816,bitget,1INCH/USDT:USDT,0.2885,5506.3,0.2884,17777.6,0.2886,36235.4,0.2887,95747.9
1753600118966,07:08:38.966,bitget,1INCH/USDT:USDT,0.2885,5506.3,0.2884,10867.9,0.2886,36235.4,0.2887,95747.9
1753600119116,07:08:39.116,bitget,1INCH/USDT:USDT,0.2885,5182.2,0.2884,10867.9,0.2886,36235.4,0.2887,95747.9
1753600119266,07:08:39.266,bitget,1INCH/USDT:USDT,0.2885,5182.2,0.2884,10867.9,0.2886,36235.4,0.2887,95747.9
1753600119417,07:08:39.417,bitget,1INCH/USDT:USDT,0.2885,5182.2,0.2884,10867.9,0.2886,36235.4,0.2887,95747.9
1753600119567,07:08:39.567,bitget,1INCH/USDT:USDT,0.2885,5182.2,0.2884,10867.9,0.2886,36235.4,0.2887,95747.9
1753600120017,07:08:40.017,bitget,1INCH/USDT:USDT,0.2885,5182.2,0.2884,10867.9,0.2886,36235.4,0.2887,95747.9
1753600120167,07:08:40.167,bitget,1INCH/USDT:USDT,0.2885,5182.2,0.2884,10867.9,0.2886,36235.4,0.2887,95747.9
1753600120617,07:08:40.617,bitget,1INCH/USDT:USDT,0.2885,5506.3,0.2884,17777.6,0.2886,36235.4,0.2887,33354.1
1753600120767,07:08:40.767,bitget,1INCH/USDT:USDT,0.2885,5506.3,0.2884,17777.6,0.2886,28597.9,0.2887,49448.0
1753600120917,07:08:40.917,bitget,1INCH/USDT:USDT,0.2885,5506.3,0.2884,17777.6,0.2886,26272.7,0.2887,49448.0
1753600121368,07:08:41.368,bitget,1INCH/USDT:USDT,0.2885,14474.0,0.2884,17777.6,0.2887,67689.7,0.2888,78487.7
1753600121518,07:08:41.518,bitget,1INCH/USDT:USDT,0.2886,324.1,0.2885,10704.8,0.2887,48533.8,0.2888,97640.0
1753600121668,07:08:41.668,bitget,1INCH/USDT:USDT,0.2886,324.1,0.2885,23557.0,0.2887,29990.6,0.2888,97640.0
1753600121968,07:08:41.968,bitget,1INCH/USDT:USDT,0.2886,5506.3,0.2885,23557.0,0.2887,31364.2,0.2888,35245.3
1753600122268,07:08:42.268,bitget,1INCH/USDT:USDT,0.2886,5506.3,0.2885,16647.3,0.2887,31364.2,0.2888,54361.6
1753600122418,07:08:42.418,bitget,1INCH/USDT:USDT,0.2886,5506.3,0.2885,16647.3,0.2887,31364.2,0.2888,54361.6
1753600122568,07:08:42.568,bitget,1INCH/USDT:USDT,0.2886,5506.3,0.2885,16647.3,0.2887,31364.2,0.2888,54361.6
1753600122718,07:08:42.718,bitget,1INCH/USDT:USDT,0.2886,5506.3,0.2885,10440.2,0.2887,31364.2,0.2888,54361.6
1753600122868,07:08:42.868,bitget,1INCH/USDT:USDT,0.2886,5506.3,0.2885,17349.9,0.2887,31364.2,0.2888,54361.6
1753600123018,07:08:43.018,bitget,1INCH/USDT:USDT,0.2886,5506.3,0.2885,17349.9,0.2887,31364.2,0.2888,54361.6
1753600123169,07:08:43.169,bitget,1INCH/USDT:USDT,0.2886,5506.3,0.2885,17349.9,0.2887,28617.0,0.2888,54361.6
1753600123319,07:08:43.319,bitget,1INCH/USDT:USDT,0.2886,5506.3,0.2885,17349.9,0.2887,28963.4,0.2888,54361.6
1753600123469,07:08:43.469,bitget,1INCH/USDT:USDT,0.2886,5506.3,0.2885,17349.9,0.2887,22053.7,0.2888,54361.6
1753600123619,07:08:43.619,bitget,1INCH/USDT:USDT,0.2886,5506.3,0.2885,17349.9,0.2887,21724.4,0.2888,54361.6
1753600123919,07:08:43.919,bitget,1INCH/USDT:USDT,0.2886,5506.3,0.2885,17349.9,0.2887,28634.1,0.2888,54361.6
1753600124219,07:08:44.219,bitget,1INCH/USDT:USDT,0.2886,5506.3,0.2885,17349.9,0.2887,21724.4,0.2888,54361.6
1753600124369,07:08:44.369,bitget,1INCH/USDT:USDT,0.2886,5506.3,0.2885,17349.9,0.2887,21724.4,0.2888,54361.6
1753600124519,07:08:44.519,bitget,1INCH/USDT:USDT,0.2886,5506.3,0.2885,17349.9,0.2887,21724.4,0.2888,54361.6
1753600124820,07:08:44.820,bitget,1INCH/USDT:USDT,0.2886,5506.3,0.2885,17349.9,0.2887,21724.4,0.2888,54361.6
1753600124970,07:08:44.970,bitget,1INCH/USDT:USDT,0.2886,5506.3,0.2885,17349.9,0.2887,21724.4,0.2888,54361.6
1753600125120,07:08:45.120,bitget,1INCH/USDT:USDT,0.2886,5506.3,0.2885,17349.9,0.2887,21724.4,0.2888,54361.6
1753600125270,07:08:45.270,bitget,1INCH/USDT:USDT,0.2886,5506.3,0.2885,17349.9,0.2887,21724.4,0.2888,54361.6
1753600125420,07:08:45.420,bitget,1INCH/USDT:USDT,0.2886,5506.3,0.2885,17349.9,0.2887,21724.4,0.2888,54361.6
1753600125570,07:08:45.570,bitget,1INCH/USDT:USDT,0.2886,5506.3,0.2885,17349.9,0.2887,21724.4,0.2888,54361.6
1753600125720,07:08:45.720,bitget,1INCH/USDT:USDT,0.2886,5506.3,0.2885,17349.9,0.2887,21724.4,0.2888,54361.6
1753600125870,07:08:45.870,bitget,1INCH/USDT:USDT,0.2886,5506.3,0.2885,17349.9,0.2887,21724.4,0.2888,54361.6
1753600126020,07:08:46.020,bitget,1INCH/USDT:USDT,0.2886,5506.3,0.2885,17349.9,0.2887,21724.4,0.2888,54361.6
1753600126170,07:08:46.170,bitget,1INCH/USDT:USDT,0.2886,5506.3,0.2885,17349.9,0.2887,21724.4,0.2888,54361.6
1753600126320,07:08:46.320,bitget,1INCH/USDT:USDT,0.2886,5506.3,0.2885,17349.9,0.2887,21724.4,0.2888,54361.6
1753600126620,07:08:46.620,bitget,1INCH/USDT:USDT,0.2886,5506.3,0.2885,17349.9,0.2887,21724.4,0.2888,54361.6
1753600126921,07:08:46.921,bitget,1INCH/USDT:USDT,0.2886,5506.3,0.2885,17349.9,0.2887,21724.4,0.2888,54361.6
1753600127071,07:08:47.071,bitget,1INCH/USDT:USDT,0.2886,5506.3,0.2885,17349.9,0.2887,21724.4,0.2888,54361.6
1753600127221,07:08:47.221,bitget,1INCH/USDT:USDT,0.2886,5506.3,0.2885,17349.9,0.2887,21724.4,0.2888,54361.6
1753600127371,07:08:47.371,bitget,1INCH/USDT:USDT,0.2886,5506.3,0.2885,17349.9,0.2887,20397.8,0.2888,54361.6
1753600127521,07:08:47.521,bitget,1INCH/USDT:USDT,0.2886,12900.8,0.2885,17349.9,0.2887,18241.7,0.2888,54361.6
1753600127671,07:08:47.671,bitget,1INCH/USDT:USDT,0.2886,12900.8,0.2885,17349.9,0.2887,18241.7,0.2888,54361.6
1753600127821,07:08:47.821,bitget,1INCH/USDT:USDT,0.2886,12900.8,0.2885,17349.9,0.2887,18241.7,0.2888,54361.6
1753600127971,07:08:47.971,bitget,1INCH/USDT:USDT,0.2886,12900.8,0.2885,17349.9,0.2887,18241.7,0.2888,54361.6
1753600128121,07:08:48.121,bitget,1INCH/USDT:USDT,0.2886,12900.8,0.2885,17349.9,0.2887,18241.7,0.2888,54361.6
1753600128271,07:08:48.271,bitget,1INCH/USDT:USDT,0.2886,12900.8,0.2885,17349.9,0.2887,18241.7,0.2888,54361.6
1753600128421,07:08:48.421,bitget,1INCH/USDT:USDT,0.2886,12900.8,0.2885,17349.9,0.2887,18241.7,0.2888,54361.6
1753600128572,07:08:48.572,bitget,1INCH/USDT:USDT,0.2886,12900.8,0.2885,17349.9,0.2887,18241.7,0.2888,54361.6
1753600128722,07:08:48.722,bitget,1INCH/USDT:USDT,0.2886,12900.8,0.2885,17349.9,0.2887,18241.7,0.2888,54361.6
1753600128872,07:08:48.872,bitget,1INCH/USDT:USDT,0.2886,12900.8,0.2885,17349.9,0.2887,18241.7,0.2888,54361.6
1753600129322,07:08:49.322,bitget,1INCH/USDT:USDT,0.2886,12900.8,0.2885,17349.9,0.2887,18241.7,0.2888,54361.6
1753600129622,07:08:49.622,bitget,1INCH/USDT:USDT,0.2886,19810.5,0.2885,35571.6,0.2887,18241.7,0.2888,54361.6
1753600129772,07:08:49.772,bitget,1INCH/USDT:USDT,0.2886,19810.5,0.2885,35571.6,0.2887,18241.7,0.2888,54361.6
1753600129922,07:08:49.922,bitget,1INCH/USDT:USDT,0.2886,19810.5,0.2885,35571.6,0.2887,18241.7,0.2888,54361.6
1753600130222,07:08:50.222,bitget,1INCH/USDT:USDT,0.2886,19810.5,0.2885,35571.6,0.2887,18241.7,0.2888,54361.6
1753600130373,07:08:50.373,bitget,1INCH/USDT:USDT,0.2886,19810.5,0.2885,35571.6,0.2887,18241.7,0.2888,54361.6
1753600130523,07:08:50.523,bitget,1INCH/USDT:USDT,0.2886,19810.5,0.2885,35571.6,0.2887,18241.7,0.2888,54361.6
1753600130823,07:08:50.823,bitget,1INCH/USDT:USDT,0.2886,19810.5,0.2885,35571.6,0.2887,18241.7,0.2888,54361.6
1753600130973,07:08:50.973,bitget,1INCH/USDT:USDT,0.2886,19810.5,0.2885,35571.6,0.2887,18241.7,0.2888,54361.6
1753600131123,07:08:51.123,bitget,1INCH/USDT:USDT,0.2886,19810.5,0.2885,35571.6,0.2887,18241.7,0.2888,54361.6
1753600131273,07:08:51.273,bitget,1INCH/USDT:USDT,0.2886,19810.5,0.2885,35571.6,0.2887,18241.7,0.2888,54361.6
1753600131423,07:08:51.423,bitget,1INCH/USDT:USDT,0.2886,19810.5,0.2885,35571.6,0.2887,18241.7,0.2888,54361.6
1753600131573,07:08:51.573,bitget,1INCH/USDT:USDT,0.2886,19810.5,0.2885,35571.6,0.2887,18241.7,0.2888,54361.6
1753600131723,07:08:51.723,bitget,1INCH/USDT:USDT,0.2886,19810.5,0.2885,35571.6,0.2887,18241.7,0.2888,54361.6
1753600131873,07:08:51.873,bitget,1INCH/USDT:USDT,0.2886,19810.5,0.2885,35571.6,0.2888,54361.6,0.2889,78494.3
1753600132023,07:08:52.023,bitget,1INCH/USDT:USDT,0.2887,328.0,0.2886,28143.6,0.2888,53429.5,0.2889,97642.8
