timestamp,time,exchange,symbol,bid1_price,bid1_volume,bid2_price,bid2_volume,ask1_price,ask1_volume,ask2_price,ask2_volume
1753599983291,07:06:23.291,blofin,AEVO/USDT:USDT,0.11209,2.0,0.11207,5.0,0.11213,2620.0,0.11216,37040.0
1753599984062,07:06:24.062,blofin,AEVO/USDT:USDT,0.11209,2.0,0.11207,5.0,0.11213,4.0,0.11215,2615.0
1753599984619,07:06:24.619,blofin,AEVO/USDT:USDT,0.11209,1.0,0.11208,1.0,0.11214,650.0,0.11215,39044.0
1753599984788,07:06:24.788,blofin,AEVO/USDT:USDT,0.11209,1.0,0.11208,1.0,0.11214,650.0,0.11215,39044.0
1753599985899,07:06:25.899,blofin,AEVO/USDT:USDT,0.11209,1.0,0.11208,457.0,0.11217,650.0,0.11218,30.0
1753599986790,07:06:26.790,blofin,AEVO/USDT:USDT,0.11193,6795.0,0.11192,14680.0,0.11195,720.0,0.11196,40148.0
1753599988354,07:06:28.354,blofin,AEVO/USDT:USDT,0.11185,6130.0,0.11183,7231.0,0.11187,1331.0,0.11189,53335.0
1753599988792,07:06:28.792,blofin,AEVO/USDT:USDT,0.11185,6130.0,0.11183,5628.0,0.11186,250.0,0.11187,13466.0
1753599989794,07:06:29.794,blofin,AEVO/USDT:USDT,0.11185,6130.0,0.11183,7173.0,0.11186,1.0,0.11187,250.0
1753599990724,07:06:30.724,blofin,AEVO/USDT:USDT,0.11177,4955.0,0.11176,13529.0,0.11178,250.0,0.11179,21745.0
1753599991797,07:06:31.797,blofin,AEVO/USDT:USDT,0.11177,4955.0,0.11176,13531.0,0.11178,5.0,0.11179,3033.0
1753599992624,07:06:32.624,blofin,AEVO/USDT:USDT,0.11177,4955.0,0.11176,13533.0,0.11179,3036.0,0.11182,36420.0
1753599993799,07:06:33.799,blofin,AEVO/USDT:USDT,0.11177,2025.0,0.11176,8574.0,0.11179,3.0,0.11184,1350.0
1753599994300,07:06:34.300,blofin,AEVO/USDT:USDT,0.11177,2025.0,0.11176,8574.0,0.11184,1353.0,0.11189,765.0
1753599994801,07:06:34.801,blofin,AEVO/USDT:USDT,0.11176,10341.0,0.11175,36217.0,0.11183,250.0,0.11184,23376.0
1753599996304,07:06:36.304,blofin,AEVO/USDT:USDT,0.11177,944.0,0.11176,8574.0,0.11184,2589.0,0.11188,38957.0
1753599996807,07:06:36.807,blofin,AEVO/USDT:USDT,0.11177,3503.0,0.11176,8574.0,0.11184,253.0,0.11189,28366.0
1753599997639,07:06:37.639,blofin,AEVO/USDT:USDT,0.11177,3504.0,0.11174,15995.0,0.11184,252.0,0.11189,28366.0
1753599998309,07:06:38.309,blofin,AEVO/USDT:USDT,0.11178,943.0,0.11177,39486.0,0.11184,252.0,0.11186,33674.0
1753599998809,07:06:38.809,blofin,AEVO/USDT:USDT,0.11178,949.0,0.11177,1.0,0.11184,255.0,0.11185,25966.0
1753599999629,07:06:39.629,blofin,AEVO/USDT:USDT,0.11178,2.0,0.11177,516.0,0.11183,329.0,0.11184,37532.0
1753599999812,07:06:39.812,blofin,AEVO/USDT:USDT,0.11177,517.0,0.11175,18546.0,0.11183,329.0,0.11184,37532.0
1753600001315,07:06:41.315,blofin,AEVO/USDT:USDT,0.11179,879.0,0.11177,1.0,0.11183,500.0,0.11184,18167.0
1753600001950,07:06:41.950,blofin,AEVO/USDT:USDT,0.11179,2.0,0.11178,634.0,0.11182,18.0,0.11183,22088.0
1753600002814,07:06:42.814,blofin,AEVO/USDT:USDT,0.11179,635.0,0.11177,1.0,0.11182,2.0,0.11183,18.0
1753600003315,07:06:43.315,blofin,AEVO/USDT:USDT,0.11179,1.0,0.11178,634.0,0.11183,22.0,0.11184,33590.0
1753600003815,07:06:43.815,blofin,AEVO/USDT:USDT,0.11178,3.0,0.11177,1.0,0.11183,3222.0,0.11184,30077.0
1753600004632,07:06:44.632,blofin,AEVO/USDT:USDT,0.11178,5.0,0.11177,1.0,0.11183,4.0,0.11184,3219.0
1753600004810,07:06:44.810,blofin,AEVO/USDT:USDT,0.11184,2.0,0.11182,2219.0,0.11187,5003.0,0.11189,19548.0
1753600005789,07:06:45.789,blofin,AEVO/USDT:USDT,0.11185,1011.0,0.11184,1.0,0.11187,1788.0,0.11189,2236.0
1753600006318,07:06:46.318,blofin,AEVO/USDT:USDT,0.11187,1011.0,0.11184,1.0,0.11189,2236.0,0.1119,1671.0
1753600006914,07:06:46.914,blofin,AEVO/USDT:USDT,0.11187,5.0,0.11186,542.0,0.11189,2236.0,0.1119,1671.0
1753600007641,07:06:47.641,blofin,AEVO/USDT:USDT,0.11187,785.0,0.11184,24452.0,0.11192,6760.0,0.11193,85.0
1753600008054,07:06:48.054,blofin,AEVO/USDT:USDT,0.11192,877.0,0.11191,18001.0,0.11194,3084.0,0.11195,276.0
1753600008824,07:06:48.824,blofin,AEVO/USDT:USDT,0.11192,253.0,0.11191,944.0,0.11194,3084.0,0.11196,9454.0
1753600009323,07:06:49.323,blofin,AEVO/USDT:USDT,0.11192,253.0,0.11191,944.0,0.11194,3084.0,0.11196,9457.0
1753600009827,07:06:49.827,blofin,AEVO/USDT:USDT,0.11192,253.0,0.1119,34852.0,0.11194,3084.0,0.11195,9177.0
1753600010637,07:06:50.637,blofin,AEVO/USDT:USDT,0.11192,253.0,0.11189,21357.0,0.11194,3084.0,0.11195,9182.0
1753600011327,07:06:51.327,blofin,AEVO/USDT:USDT,0.11192,253.0,0.11189,21357.0,0.11194,3084.0,0.11195,9181.0
1753600011825,07:06:51.825,blofin,AEVO/USDT:USDT,0.11192,1309.0,0.11188,1624.0,0.11194,3084.0,0.11195,4.0
1753600012570,07:06:52.570,blofin,AEVO/USDT:USDT,0.11194,2308.0,0.11192,3.0,0.11195,4.0,0.11198,6951.0
1753600013120,07:06:53.120,blofin,AEVO/USDT:USDT,0.11195,4098.0,0.11194,3.0,0.11198,6956.0,0.11199,3.0
1753600013840,07:06:53.840,blofin,AEVO/USDT:USDT,0.11195,285.0,0.11194,4.0,0.11198,6956.0,0.112,4527.0
1753600014328,07:06:54.328,blofin,AEVO/USDT:USDT,0.11195,285.0,0.11194,4.0,0.11198,6956.0,0.112,4527.0
1753600014829,07:06:54.829,blofin,AEVO/USDT:USDT,0.11194,1121.0,0.11189,51827.0,0.11198,6956.0,0.112,4527.0
1753600015620,07:06:55.620,blofin,AEVO/USDT:USDT,0.11194,4.0,0.11193,2.0,0.11198,6951.0,0.112,4527.0
1753600015832,07:06:55.832,blofin,AEVO/USDT:USDT,0.11194,6.0,0.11189,34302.0,0.11198,6951.0,0.112,5210.0
1753600016834,07:06:56.834,blofin,AEVO/USDT:USDT,0.11194,6.0,0.11189,14256.0,0.11198,6951.0,0.112,4527.0
1753600017333,07:06:57.333,blofin,AEVO/USDT:USDT,0.11194,6.0,0.11189,12452.0,0.11198,6951.0,0.112,4527.0
1753600017834,07:06:57.834,blofin,AEVO/USDT:USDT,0.11194,3.0,0.1119,39628.0,0.11198,6956.0,0.11199,5870.0
1753600018646,07:06:58.646,blofin,AEVO/USDT:USDT,0.11194,7.0,0.1119,25224.0,0.11198,6956.0,0.11199,5870.0
1753600019337,07:06:59.337,blofin,AEVO/USDT:USDT,0.11194,7.0,0.1119,25224.0,0.11198,6956.0,0.11199,5870.0
1753600020060,07:07:00.060,blofin,AEVO/USDT:USDT,0.11195,1443.0,0.11194,5.0,0.11198,6951.0,0.112,4531.0
1753600020462,07:07:00.462,blofin,AEVO/USDT:USDT,0.11198,4.0,0.11197,27900.0,0.11203,4052.0,0.11204,1400.0
1753600021227,07:07:01.227,blofin,AEVO/USDT:USDT,0.11198,1.0,0.11197,2.0,0.11203,3083.0,0.11204,448.0
1753600021840,07:07:01.840,blofin,AEVO/USDT:USDT,0.11198,1.0,0.11196,3.0,0.11203,3533.0,0.11204,56671.0
1753600022490,07:07:02.490,blofin,AEVO/USDT:USDT,0.11196,1.0,0.11192,174.0,0.11198,15.0,0.11199,52985.0
1753600023054,07:07:03.054,blofin,AEVO/USDT:USDT,0.11191,36.0,0.11187,22254.0,0.11195,4489.0,0.11199,11209.0
1753600023649,07:07:03.649,blofin,AEVO/USDT:USDT,0.11192,1642.0,0.11191,4.0,0.11195,2.0,0.11199,3282.0
1753600024344,07:07:04.344,blofin,AEVO/USDT:USDT,0.11192,1642.0,0.11191,4.0,0.11195,5.0,0.11199,3278.0
1753600024845,07:07:04.845,blofin,AEVO/USDT:USDT,0.11192,12485.0,0.11191,7392.0,0.11195,620.0,0.112,11795.0
1753600025317,07:07:05.317,blofin,AEVO/USDT:USDT,0.11192,12485.0,0.1119,30314.0,0.11195,3.0,0.11196,2.0
1753600025845,07:07:05.845,blofin,AEVO/USDT:USDT,0.11192,1.0,0.11191,12481.0,0.11195,5.0,0.11196,40972.0
1753600026847,07:07:06.847,blofin,AEVO/USDT:USDT,0.11192,1.0,0.11191,12481.0,0.11195,5.0,0.11196,11343.0
1753600027349,07:07:07.349,blofin,AEVO/USDT:USDT,0.11192,1.0,0.11191,12481.0,0.11195,4.0,0.11196,11343.0
1753600027991,07:07:07.991,blofin,AEVO/USDT:USDT,0.11191,5.0,0.11188,36.0,0.11193,1451.0,0.11195,41496.0
1753600028664,07:07:08.664,blofin,AEVO/USDT:USDT,0.11191,5.0,0.11187,30.0,0.11192,643.0,0.11193,5878.0
1753600029060,07:07:09.060,blofin,AEVO/USDT:USDT,0.11191,2.0,0.11189,1787.0,0.11193,5.0,0.11194,643.0
1753600029849,07:07:09.849,blofin,AEVO/USDT:USDT,0.11191,2.0,0.11189,1789.0,0.11194,255.0,0.11195,4.0
1753600030486,07:07:10.486,blofin,AEVO/USDT:USDT,0.11191,2.0,0.11189,2.0,0.11192,2231.0,0.11195,4.0
1753600030850,07:07:10.850,blofin,AEVO/USDT:USDT,0.11189,2.0,0.11187,30.0,0.11191,2234.0,0.11192,23978.0
1753600031450,07:07:11.450,blofin,AEVO/USDT:USDT,0.11189,2.0,0.11187,30.0,0.11191,19.0,0.11194,2739.0
1753600032145,07:07:12.145,blofin,AEVO/USDT:USDT,0.11181,8385.0,0.1118,9959.0,0.11183,1067.0,0.11188,20931.0
1753600032656,07:07:12.656,blofin,AEVO/USDT:USDT,0.11181,6176.0,0.1118,9959.0,0.11182,1334.0,0.11183,42095.0
1753600032853,07:07:12.853,blofin,AEVO/USDT:USDT,0.1118,3783.0,0.11179,5.0,0.11182,1340.0,0.11185,35373.0
1753600033855,07:07:13.855,blofin,AEVO/USDT:USDT,0.11176,4415.0,0.11175,4.0,0.11178,1339.0,0.11181,52365.0
1753600034356,07:07:14.356,blofin,AEVO/USDT:USDT,0.11176,4415.0,0.11175,4.0,0.11178,1343.0,0.11181,52365.0
1753600034850,07:07:14.850,blofin,AEVO/USDT:USDT,0.11176,4415.0,0.11175,3.0,0.11178,4.0,0.11179,320.0
1753600035662,07:07:15.662,blofin,AEVO/USDT:USDT,0.11176,4415.0,0.11175,758.0,0.11178,2477.0,0.11179,12381.0
1753600036358,07:07:16.358,blofin,AEVO/USDT:USDT,0.11176,4415.0,0.11175,5.0,0.11178,3099.0,0.11179,28204.0
1753600036860,07:07:16.860,blofin,AEVO/USDT:USDT,0.11176,4415.0,0.11175,5.0,0.11178,2599.0,0.11179,17246.0
1753600037359,07:07:17.359,blofin,AEVO/USDT:USDT,0.11174,384.0,0.11173,6776.0,0.11175,2598.0,0.11176,21365.0
1753600037861,07:07:17.861,blofin,AEVO/USDT:USDT,0.11173,18857.0,0.11172,3.0,0.11175,3.0,0.11176,3285.0
1753600038861,07:07:18.861,blofin,AEVO/USDT:USDT,0.11173,18857.0,0.11172,3.0,0.11176,3289.0,0.1118,30969.0
1753600039863,07:07:19.863,blofin,AEVO/USDT:USDT,0.11173,6776.0,0.11172,12083.0,0.11175,3285.0,0.11176,53142.0
1753600040363,07:07:20.363,blofin,AEVO/USDT:USDT,0.11173,6776.0,0.11172,12082.0,0.11175,3285.0,0.11176,53142.0
1753600040863,07:07:20.863,blofin,AEVO/USDT:USDT,0.11173,18860.0,0.1117,6908.0,0.11176,3289.0,0.11177,29954.0
1753600041366,07:07:21.366,blofin,AEVO/USDT:USDT,0.11173,18861.0,0.1117,6908.0,0.11176,3289.0,0.11177,29954.0
1753600041866,07:07:21.866,blofin,AEVO/USDT:USDT,0.11173,6776.0,0.11172,12085.0,0.11175,3285.0,0.11176,33407.0
1753600042696,07:07:22.696,blofin,AEVO/USDT:USDT,0.11173,6776.0,0.11172,12084.0,0.11175,3287.0,0.11176,33403.0
1753600043219,07:07:23.219,blofin,AEVO/USDT:USDT,0.11184,1166.0,0.11183,10211.0,0.11187,4879.0,0.11188,4879.0
1753600043869,07:07:23.869,blofin,AEVO/USDT:USDT,0.11178,754.0,0.11174,37863.0,0.11186,1046.0,0.11187,4879.0
1753600044371,07:07:24.371,blofin,AEVO/USDT:USDT,0.11178,754.0,0.11174,37863.0,0.11186,1046.0,0.11187,4879.0
1753600044872,07:07:24.872,blofin,AEVO/USDT:USDT,0.11178,2955.0,0.11173,26552.0,0.11186,1653.0,0.11187,4879.0
1753600045667,07:07:25.667,blofin,AEVO/USDT:USDT,0.11178,2198.0,0.11176,3664.0,0.11184,3.0,0.11185,3310.0
1753600045873,07:07:25.873,blofin,AEVO/USDT:USDT,0.11178,2199.0,0.11176,3664.0,0.11184,3.0,0.11185,3310.0
1753600046875,07:07:26.875,blofin,AEVO/USDT:USDT,0.11178,2195.0,0.11175,51312.0,0.11185,2550.0,0.11187,5671.0
1753600047334,07:07:27.334,blofin,AEVO/USDT:USDT,0.11178,2195.0,0.11176,21643.0,0.11183,2548.0,0.11184,41801.0
1753600047877,07:07:27.877,blofin,AEVO/USDT:USDT,0.11178,7.0,0.11176,11640.0,0.11183,1.0,0.11184,3243.0
1753600048377,07:07:28.377,blofin,AEVO/USDT:USDT,0.11178,7.0,0.11176,11640.0,0.11183,1.0,0.11184,3243.0
1753600049109,07:07:29.109,blofin,AEVO/USDT:USDT,0.11179,2199.0,0.11178,5.0,0.11183,1.0,0.11184,2550.0
1753600049629,07:07:29.629,blofin,AEVO/USDT:USDT,0.11182,319.0,0.1118,30239.0,0.11183,1.0,0.11188,2035.0
1753600050350,07:07:30.350,blofin,AEVO/USDT:USDT,0.11186,1045.0,0.11181,4624.0,0.11188,1953.0,0.1119,80.0
1753600050880,07:07:30.880,blofin,AEVO/USDT:USDT,0.11186,1329.0,0.11182,23172.0,0.11188,1953.0,0.11191,4.0
1753600051671,07:07:31.671,blofin,AEVO/USDT:USDT,0.11185,2270.0,0.11182,17927.0,0.11188,1953.0,0.1119,1.0
1753600051882,07:07:31.882,blofin,AEVO/USDT:USDT,0.11185,2270.0,0.11182,17927.0,0.11188,1953.0,0.1119,5.0
1753600052382,07:07:32.382,blofin,AEVO/USDT:USDT,0.11185,2270.0,0.11182,17927.0,0.1119,5.0,0.11191,8116.0
1753600052883,07:07:32.883,blofin,AEVO/USDT:USDT,0.11185,2275.0,0.11184,37693.0,0.1119,2.0,0.11191,36852.0
1753600053385,07:07:33.385,blofin,AEVO/USDT:USDT,0.11185,2275.0,0.11184,37693.0,0.1119,2.0,0.11191,36852.0
1753600053887,07:07:33.887,blofin,AEVO/USDT:USDT,0.11186,2270.0,0.11185,5.0,0.11191,6.0,0.11195,202.0
1753600054386,07:07:34.386,blofin,AEVO/USDT:USDT,0.11186,2270.0,0.11185,5.0,0.11191,4.0,0.11195,202.0
1753600055030,07:07:35.030,blofin,AEVO/USDT:USDT,0.11186,2269.0,0.11185,5.0,0.11191,3.0,0.11192,1.0
1753600055674,07:07:35.674,blofin,AEVO/USDT:USDT,0.11185,2274.0,0.11184,17047.0,0.11191,2116.0,0.11192,27081.0
1753600055889,07:07:35.889,blofin,AEVO/USDT:USDT,0.11185,2273.0,0.11184,17047.0,0.11191,2116.0,0.11192,27081.0
1753600056889,07:07:36.889,blofin,AEVO/USDT:USDT,0.1119,1454.0,0.11185,341.0,0.11192,2300.0,0.11193,19670.0
1753600057311,07:07:37.311,blofin,AEVO/USDT:USDT,0.11194,1422.0,0.1119,3.0,0.11195,4.0,0.11197,4285.0
1753600057890,07:07:37.890,blofin,AEVO/USDT:USDT,0.11194,1810.0,0.11193,14124.0,0.11196,83.0,0.11197,28568.0
1753600058676,07:07:38.676,blofin,AEVO/USDT:USDT,0.11194,1810.0,0.11189,31591.0,0.11196,1.0,0.11197,87.0
1753600058891,07:07:38.891,blofin,AEVO/USDT:USDT,0.11194,1810.0,0.11189,31591.0,0.11197,91.0,0.112,1180.0
1753600059676,07:07:39.676,blofin,AEVO/USDT:USDT,0.11194,5.0,0.11193,1805.0,0.11196,82.0,0.11197,24376.0
1753600060359,07:07:40.359,blofin,AEVO/USDT:USDT,0.11194,5.0,0.11192,968.0,0.11196,19458.0,0.11197,11567.0
1753600060894,07:07:40.894,blofin,AEVO/USDT:USDT,0.11194,5.0,0.11193,7452.0,0.11197,19464.0,0.11198,33664.0
1753600061395,07:07:41.395,blofin,AEVO/USDT:USDT,0.11194,5.0,0.11193,7452.0,0.11197,19464.0,0.11198,33664.0
1753600061897,07:07:41.897,blofin,AEVO/USDT:USDT,0.11194,4.0,0.11193,7788.0,0.11197,19464.0,0.112,1180.0
1753600062678,07:07:42.678,blofin,AEVO/USDT:USDT,0.11194,4.0,0.11193,7786.0,0.11197,19462.0,0.11202,20753.0
1753600062896,07:07:42.896,blofin,AEVO/USDT:USDT,0.11194,4.0,0.11193,1.0,0.11196,19377.0,0.11197,6492.0
1753600063899,07:07:43.899,blofin,AEVO/USDT:USDT,0.11194,4.0,0.11192,8425.0,0.11196,19382.0,0.11197,13935.0
1753600064400,07:07:44.400,blofin,AEVO/USDT:USDT,0.11194,4.0,0.11192,8425.0,0.11196,19381.0,0.11197,13935.0
1753600064899,07:07:44.899,blofin,AEVO/USDT:USDT,0.11194,4.0,0.11192,8519.0,0.11196,19381.0,0.11197,21544.0
1753600065401,07:07:45.401,blofin,AEVO/USDT:USDT,0.11194,8838.0,0.11192,52239.0,0.11197,5.0,0.11201,1642.0
1753600065902,07:07:45.902,blofin,AEVO/USDT:USDT,0.11194,3566.0,0.11193,1408.0,0.11197,5.0,0.11201,1642.0
1753600066680,07:07:46.680,blofin,AEVO/USDT:USDT,0.11194,8.0,0.11193,3876.0,0.11197,5.0,0.11201,1642.0
1753600066903,07:07:46.903,blofin,AEVO/USDT:USDT,0.11194,4.0,0.11193,3878.0,0.11197,5.0,0.11201,1642.0
1753600067682,07:07:47.682,blofin,AEVO/USDT:USDT,0.11194,4.0,0.11193,3878.0,0.11197,5.0,0.11202,2416.0
1753600067904,07:07:47.904,blofin,AEVO/USDT:USDT,0.11194,1949.0,0.11193,2.0,0.11197,5.0,0.11202,5.0
1753600068905,07:07:48.905,blofin,AEVO/USDT:USDT,0.11198,1290.0,0.11194,28354.0,0.11203,5.0,0.11204,40814.0
1753600069406,07:07:49.406,blofin,AEVO/USDT:USDT,0.11198,1290.0,0.11194,28354.0,0.11203,6.0,0.11204,40814.0
1753600069910,07:07:49.910,blofin,AEVO/USDT:USDT,0.11198,2229.0,0.11194,35189.0,0.11204,8043.0,0.11207,6105.0
1753600070682,07:07:50.682,blofin,AEVO/USDT:USDT,0.11199,27.0,0.11194,6651.0,0.11203,8038.0,0.11204,5.0
1753600070908,07:07:50.908,blofin,AEVO/USDT:USDT,0.11199,1.0,0.11198,26.0,0.11203,8043.0,0.11205,43342.0
1753600071969,07:07:51.969,blofin,AEVO/USDT:USDT,0.11198,4676.0,0.11195,31837.0,0.11203,2416.0,0.11204,8398.0
1753600072410,07:07:52.410,blofin,AEVO/USDT:USDT,0.11198,4676.0,0.11195,31837.0,0.11203,2412.0,0.11204,8398.0
1753600072911,07:07:52.911,blofin,AEVO/USDT:USDT,0.11198,4672.0,0.11194,37244.0,0.11203,8040.0,0.11204,23942.0
1753600073738,07:07:53.738,blofin,AEVO/USDT:USDT,0.11205,5034.0,0.11204,21777.0,0.11207,6105.0,0.11209,2927.0
1753600073913,07:07:53.913,blofin,AEVO/USDT:USDT,0.11206,1770.0,0.11202,13645.0,0.11207,6105.0,0.11209,2927.0
1753600074913,07:07:54.913,blofin,AEVO/USDT:USDT,0.11206,788.0,0.11201,6652.0,0.11207,6105.0,0.11211,2914.0
1753600075413,07:07:55.413,blofin,AEVO/USDT:USDT,0.11206,788.0,0.11201,6652.0,0.11207,6105.0,0.11211,2914.0
1753600075914,07:07:55.914,blofin,AEVO/USDT:USDT,0.11206,2674.0,0.11201,32008.0,0.11207,6105.0,0.11211,2914.0
1753600076689,07:07:56.689,blofin,AEVO/USDT:USDT,0.11206,2676.0,0.11202,50538.0,0.11207,6105.0,0.11211,2914.0
1753600077416,07:07:57.416,blofin,AEVO/USDT:USDT,0.11199,2065.0,0.11196,673.0,0.11202,5.0,0.11203,55691.0
1753600077917,07:07:57.917,blofin,AEVO/USDT:USDT,0.112,4.0,0.11195,23499.0,0.11202,4.0,0.11203,2624.0
1753600078689,07:07:58.689,blofin,AEVO/USDT:USDT,0.11195,3.0,0.11194,4.0,0.112,694.0,0.11201,39743.0
1753600079418,07:07:59.418,blofin,AEVO/USDT:USDT,0.11194,4.0,0.11193,9.0,0.112,1.0,0.11201,448.0
1753600079919,07:07:59.919,blofin,AEVO/USDT:USDT,0.11194,4.0,0.11193,9.0,0.112,1.0,0.11201,3130.0
1753600080690,07:08:00.690,blofin,AEVO/USDT:USDT,0.11194,4.0,0.11193,20.0,0.11197,6363.0,0.11198,66955.0
1753600080920,07:08:00.920,blofin,AEVO/USDT:USDT,0.11194,4.0,0.11193,23.0,0.11197,6363.0,0.11198,66955.0
1753600081691,07:08:01.691,blofin,AEVO/USDT:USDT,0.11194,4.0,0.11193,23.0,0.11197,6365.0,0.11198,7460.0
1753600082422,07:08:02.422,blofin,AEVO/USDT:USDT,0.11188,10964.0,0.11187,13234.0,0.11189,1333.0,0.1119,67453.0
1753600082928,07:08:02.928,blofin,AEVO/USDT:USDT,0.11186,566.0,0.11185,41.0,0.11187,5.0,0.11188,2627.0
1753600083926,07:08:03.926,blofin,AEVO/USDT:USDT,0.11186,566.0,0.11185,45.0,0.11187,2994.0,0.11188,6627.0
1753600084425,07:08:04.425,blofin,AEVO/USDT:USDT,0.11186,566.0,0.11185,45.0,0.11187,2994.0,0.11188,6627.0
1753600084925,07:08:04.925,blofin,AEVO/USDT:USDT,0.11186,566.0,0.11185,45.0,0.11188,2995.0,0.11192,23462.0
1753600085696,07:08:05.696,blofin,AEVO/USDT:USDT,0.11186,566.0,0.11185,45.0,0.11188,2995.0,0.11192,45543.0
1753600086150,07:08:06.150,blofin,AEVO/USDT:USDT,0.11186,566.0,0.11185,1012.0,0.11188,1.0,0.11189,2627.0
1753600086928,07:08:06.928,blofin,AEVO/USDT:USDT,0.11186,566.0,0.11185,1012.0,0.11189,2.0,0.1119,2627.0
1753600087490,07:08:07.490,blofin,AEVO/USDT:USDT,0.11186,566.0,0.11185,1012.0,0.1119,4.0,0.11191,2627.0
1753600087929,07:08:07.929,blofin,AEVO/USDT:USDT,0.11185,1191.0,0.11181,33214.0,0.11191,11.0,0.11192,50487.0
1753600088698,07:08:08.698,blofin,AEVO/USDT:USDT,0.11185,2255.0,0.11184,11471.0,0.11191,4.0,0.11194,3082.0
1753600089433,07:08:09.433,blofin,AEVO/USDT:USDT,0.11185,2255.0,0.11184,11471.0,0.11191,4.0,0.11194,874.0
1753600089935,07:08:09.935,blofin,AEVO/USDT:USDT,0.11185,3375.0,0.11181,23748.0,0.11191,4.0,0.11194,5.0
1753600091322,07:08:11.322,blofin,AEVO/USDT:USDT,0.11185,3380.0,0.11181,22063.0,0.11191,4.0,0.11193,1838.0
1753600091936,07:08:11.936,blofin,AEVO/USDT:USDT,0.11185,1.0,0.11184,1974.0,0.11191,4.0,0.11192,1227.0
1753600092437,07:08:12.437,blofin,AEVO/USDT:USDT,0.11185,1.0,0.11184,1974.0,0.11191,4.0,0.11192,1231.0
1753600092937,07:08:12.937,blofin,AEVO/USDT:USDT,0.11185,1195.0,0.11184,5.0,0.11191,4.0,0.11192,3.0
1753600093700,07:08:13.700,blofin,AEVO/USDT:USDT,0.11185,1195.0,0.11184,5.0,0.11191,4.0,0.11193,1230.0
1753600094438,07:08:14.438,blofin,AEVO/USDT:USDT,0.11185,1200.0,0.11183,41870.0,0.11191,4.0,0.11193,1230.0
1753600094940,07:08:14.940,blofin,AEVO/USDT:USDT,0.11185,1.0,0.11184,1199.0,0.11189,25.0,0.1119,5587.0
1753600095440,07:08:15.440,blofin,AEVO/USDT:USDT,0.11185,1200.0,0.11182,36936.0,0.11191,4.0,0.11193,28.0
1753600095941,07:08:15.941,blofin,AEVO/USDT:USDT,0.11185,1.0,0.11184,1199.0,0.11191,4.0,0.11192,835.0
1753600096705,07:08:16.705,blofin,AEVO/USDT:USDT,0.11185,1195.0,0.11184,5.0,0.11191,4.0,0.11192,835.0
1753600096942,07:08:16.942,blofin,AEVO/USDT:USDT,0.11185,1200.0,0.1118,7475.0,0.11191,4.0,0.11192,835.0
1753600097943,07:08:17.943,blofin,AEVO/USDT:USDT,0.11185,1189.0,0.11184,12054.0,0.11191,4860.0,0.11192,77263.0
1753600098579,07:08:18.579,blofin,AEVO/USDT:USDT,0.11192,1185.0,0.11188,40427.0,0.11195,4856.0,0.11196,67939.0
1753600098944,07:08:18.944,blofin,AEVO/USDT:USDT,0.11192,2.0,0.11187,36458.0,0.11195,2219.0,0.11196,702.0
1753600099947,07:08:19.947,blofin,AEVO/USDT:USDT,0.11192,5.0,0.1119,34724.0,0.11195,3.0,0.11196,2216.0
1753600100445,07:08:20.445,blofin,AEVO/USDT:USDT,0.11192,7.0,0.1119,34724.0,0.11195,3.0,0.11196,2216.0
1753600100946,07:08:20.946,blofin,AEVO/USDT:USDT,0.11192,7.0,0.11188,33711.0,0.11195,3.0,0.11196,2216.0
1753600101708,07:08:21.708,blofin,AEVO/USDT:USDT,0.11192,5.0,0.11191,2.0,0.11195,2219.0,0.11196,63747.0
1753600101947,07:08:21.947,blofin,AEVO/USDT:USDT,0.11192,5.0,0.11191,2.0,0.11195,2219.0,0.11196,63747.0
1753600102709,07:08:22.709,blofin,AEVO/USDT:USDT,0.1119,7.0,0.11188,36477.0,0.11195,2217.0,0.11196,71219.0
1753600102949,07:08:22.949,blofin,AEVO/USDT:USDT,0.11191,3.0,0.1119,5.0,0.11195,2217.0,0.11196,48172.0
1753600103951,07:08:23.951,blofin,AEVO/USDT:USDT,0.11191,3620.0,0.11187,8336.0,0.11195,2217.0,0.11196,13391.0
1753600104452,07:08:24.452,blofin,AEVO/USDT:USDT,0.11191,3620.0,0.11187,8336.0,0.11195,2217.0,0.11196,13391.0
1753600104950,07:08:24.950,blofin,AEVO/USDT:USDT,0.11188,3619.0,0.11185,43532.0,0.11193,2219.0,0.11194,1472.0
1753600105712,07:08:25.712,blofin,AEVO/USDT:USDT,0.1119,8.0,0.11189,22107.0,0.11193,2628.0,0.11194,66591.0
1753600105913,07:08:25.913,blofin,AEVO/USDT:USDT,0.11189,8.0,0.11185,36803.0,0.11193,1.0,0.11194,2627.0
1753600106713,07:08:26.713,blofin,AEVO/USDT:USDT,0.1119,8.0,0.11186,21906.0,0.11194,4.0,0.11195,943.0
1753600107453,07:08:27.453,blofin,AEVO/USDT:USDT,0.1119,9.0,0.11186,21906.0,0.11195,948.0,0.11197,10547.0
1753600107953,07:08:27.953,blofin,AEVO/USDT:USDT,0.11192,2132.0,0.1119,3.0,0.11195,323.0,0.11196,45470.0
1753600108455,07:08:28.455,blofin,AEVO/USDT:USDT,0.11192,2132.0,0.1119,3.0,0.11195,324.0,0.11196,45470.0
1753600108954,07:08:28.954,blofin,AEVO/USDT:USDT,0.11193,2136.0,0.1119,29724.0,0.11195,324.0,0.11196,52646.0
1753600109714,07:08:29.714,blofin,AEVO/USDT:USDT,0.11193,2135.0,0.1119,6537.0,0.11195,2.0,0.11196,322.0
1753600109955,07:08:29.955,blofin,AEVO/USDT:USDT,0.11193,2135.0,0.1119,6537.0,0.11195,2.0,0.11196,322.0
1753600110956,07:08:30.956,blofin,AEVO/USDT:USDT,0.11193,2135.0,0.11192,853.0,0.11196,325.0,0.11197,49863.0
1753600111459,07:08:31.459,blofin,AEVO/USDT:USDT,0.11194,2132.0,0.11193,3.0,0.11196,3.0,0.11199,322.0
1753600111958,07:08:31.958,blofin,AEVO/USDT:USDT,0.11194,3077.0,0.11191,43508.0,0.11196,3.0,0.11199,1.0
1753600112459,07:08:32.459,blofin,AEVO/USDT:USDT,0.11194,3077.0,0.11191,43508.0,0.11196,3.0,0.11199,1.0
1753600112959,07:08:32.959,blofin,AEVO/USDT:USDT,0.11194,5.0,0.11193,3073.0,0.11198,2.0,0.11199,55177.0
1753600113718,07:08:33.718,blofin,AEVO/USDT:USDT,0.11194,3078.0,0.11191,4127.0,0.11198,1.0,0.11199,1.0
1753600113961,07:08:33.961,blofin,AEVO/USDT:USDT,0.11194,3078.0,0.11191,4127.0,0.11199,4.0,0.112,4538.0
1753600114891,07:08:34.891,blofin,AEVO/USDT:USDT,0.11194,1.0,0.11192,3073.0,0.11198,1.0,0.11199,6031.0
1753600115474,07:08:35.474,blofin,AEVO/USDT:USDT,0.11192,3074.0,0.11187,41684.0,0.11196,1.0,0.11197,10688.0
1753600115965,07:08:35.965,blofin,AEVO/USDT:USDT,0.11192,3.0,0.1119,19802.0,0.11195,1335.0,0.11196,25531.0
1753600116466,07:08:36.466,blofin,AEVO/USDT:USDT,0.11192,3.0,0.1119,19802.0,0.11195,1333.0,0.11196,25531.0
1753600116968,07:08:36.968,blofin,AEVO/USDT:USDT,0.11179,6426.0,0.11178,6426.0,0.1118,889.0,0.11181,7362.0
1753600117734,07:08:37.734,blofin,AEVO/USDT:USDT,0.11179,6426.0,0.11178,6426.0,0.1118,894.0,0.11181,7362.0
1753600117972,07:08:37.972,blofin,AEVO/USDT:USDT,0.11177,7.0,0.11176,6.0,0.1118,5.0,0.11181,851.0
1753600118475,07:08:38.475,blofin,AEVO/USDT:USDT,0.11177,7.0,0.11176,6.0,0.1118,5.0,0.11181,850.0
1753600118719,07:08:38.719,blofin,AEVO/USDT:USDT,0.11177,7.0,0.11176,6.0,0.1118,854.0,0.11181,17724.0
1753600118973,07:08:38.973,blofin,AEVO/USDT:USDT,0.11177,12.0,0.11176,1.0,0.1118,854.0,0.11181,17724.0
1753600119974,07:08:39.974,blofin,AEVO/USDT:USDT,0.11177,8.0,0.11176,1.0,0.1118,857.0,0.11181,1034.0
1753600120599,07:08:40.599,blofin,AEVO/USDT:USDT,0.11177,8.0,0.11176,1.0,0.1118,6.0,0.11181,849.0
1753600121051,07:08:41.051,blofin,AEVO/USDT:USDT,0.11178,656.0,0.11176,1.0,0.1118,6.0,0.11182,70.0
1753600121722,07:08:41.722,blofin,AEVO/USDT:USDT,0.11178,1.0,0.11176,1.0,0.1118,6.0,0.11182,33586.0
1753600121977,07:08:41.977,blofin,AEVO/USDT:USDT,0.11178,1.0,0.11176,1.0,0.1118,6.0,0.11182,33586.0
1753600122723,07:08:42.723,blofin,AEVO/USDT:USDT,0.11176,1.0,0.11175,2.0,0.1118,5.0,0.11182,33591.0
1753600123400,07:08:43.400,blofin,AEVO/USDT:USDT,0.11176,2.0,0.11174,4.0,0.1118,5.0,0.11182,34414.0
1753600123980,07:08:43.980,blofin,AEVO/USDT:USDT,0.11176,1.0,0.11175,353.0,0.1118,5.0,0.11181,32149.0
1753600124981,07:08:44.981,blofin,AEVO/USDT:USDT,0.11179,880.0,0.11176,1.0,0.1118,5.0,0.11181,32151.0
1753600125723,07:08:45.723,blofin,AEVO/USDT:USDT,0.11182,323.0,0.11179,3.0,0.11183,3198.0,0.11186,1299.0
1753600126485,07:08:46.485,blofin,AEVO/USDT:USDT,0.11181,328.0,0.11178,28765.0,0.11183,3198.0,0.11186,1298.0
1753600126986,07:08:46.986,blofin,AEVO/USDT:USDT,0.1118,2728.0,0.11176,1.0,0.11183,3198.0,0.11186,1299.0
1753600127487,07:08:47.487,blofin,AEVO/USDT:USDT,0.1118,2728.0,0.11176,1.0,0.11183,3198.0,0.11186,1299.0
1753600128221,07:08:48.221,blofin,AEVO/USDT:USDT,0.11181,2725.0,0.1118,2.0,0.11183,3198.0,0.11184,1.0
1753600128726,07:08:48.726,blofin,AEVO/USDT:USDT,0.11181,2592.0,0.1118,871.0,0.11186,1622.0,0.11187,16421.0
1753600128991,07:08:48.991,blofin,AEVO/USDT:USDT,0.11181,2592.0,0.1118,871.0,0.11186,1627.0,0.11187,16419.0
1753600129992,07:08:49.992,blofin,AEVO/USDT:USDT,0.11182,2592.0,0.11181,2.0,0.11186,1303.0,0.11187,1106.0
1753600130493,07:08:50.493,blofin,AEVO/USDT:USDT,0.11182,2595.0,0.1118,869.0,0.11186,1303.0,0.11187,1106.0
1753600130950,07:08:50.950,blofin,AEVO/USDT:USDT,0.11183,2592.0,0.11182,3.0,0.11186,1303.0,0.11187,1106.0
1753600131495,07:08:51.495,blofin,AEVO/USDT:USDT,0.11183,2592.0,0.11182,3.0,0.11186,1298.0,0.11187,1110.0
1753600131995,07:08:51.995,blofin,AEVO/USDT:USDT,0.11183,24.0,0.11181,9608.0,0.11186,1622.0,0.11187,786.0
1753600132730,07:08:52.730,blofin,AEVO/USDT:USDT,0.11183,25.0,0.11182,435.0,0.11186,1623.0,0.11187,782.0
1753600132961,07:08:52.961,blofin,AEVO/USDT:USDT,0.11185,71.0,0.11183,3.0,0.11186,1299.0,0.11187,782.0
1753600133732,07:08:53.732,blofin,AEVO/USDT:USDT,0.11185,2266.0,0.11184,31357.0,0.11186,1299.0,0.11187,782.0
1753600134517,07:08:54.517,blofin,AEVO/USDT:USDT,0.11205,2266.0,0.11202,15983.0,0.11207,4717.0,0.11208,4717.0
1753600135009,07:08:55.009,blofin,AEVO/USDT:USDT,0.11203,1942.0,0.11202,8552.0,0.11207,4717.0,0.11208,10120.0
1753600135509,07:08:55.509,blofin,AEVO/USDT:USDT,0.11205,729.0,0.11203,36868.0,0.11207,4717.0,0.11208,4721.0
1753600136010,07:08:56.010,blofin,AEVO/USDT:USDT,0.11204,29.0,0.11203,49948.0,0.11207,4717.0,0.11208,5927.0
1753600136741,07:08:56.741,blofin,AEVO/USDT:USDT,0.11205,25.0,0.11204,4.0,0.11208,4721.0,0.11209,7841.0
1753600137011,07:08:57.011,blofin,AEVO/USDT:USDT,0.11205,353.0,0.11202,12555.0,0.11208,4721.0,0.11209,7841.0
1753600137737,07:08:57.737,blofin,AEVO/USDT:USDT,0.11205,354.0,0.11202,12555.0,0.11208,4717.0,0.11209,4717.0
1753600138514,07:08:58.514,blofin,AEVO/USDT:USDT,0.11206,2626.0,0.11205,8647.0,0.11209,4508.0,0.1121,45641.0
1753600139181,07:08:59.181,blofin,AEVO/USDT:USDT,0.11205,3.0,0.11203,1859.0,0.11209,5.0,0.1121,6887.0
1753600139737,07:08:59.737,blofin,AEVO/USDT:USDT,0.11203,2185.0,0.11202,11117.0,0.11209,5.0,0.1121,11389.0
1753600140279,07:09:00.279,blofin,AEVO/USDT:USDT,0.11203,5.0,0.11202,1858.0,0.1121,11392.0,0.11212,7473.0
1753600141519,07:09:01.519,blofin,AEVO/USDT:USDT,0.11208,969.0,0.11206,54053.0,0.1121,6886.0,0.11211,3673.0
1753600142019,07:09:02.019,blofin,AEVO/USDT:USDT,0.11209,1454.0,0.11207,5831.0,0.1121,6886.0,0.11211,3.0
1753600142625,07:09:02.625,blofin,AEVO/USDT:USDT,0.11209,1.0,0.11206,1462.0,0.1121,6886.0,0.11211,109.0
1753600143021,07:09:03.021,blofin,AEVO/USDT:USDT,0.11207,2.0,0.11206,1.0,0.1121,6886.0,0.11211,110.0
1753600143739,07:09:03.739,blofin,AEVO/USDT:USDT,0.11208,90865.0,0.11207,14757.0,0.1121,6886.0,0.11211,4.0
1753600144023,07:09:04.023,blofin,AEVO/USDT:USDT,0.11208,90865.0,0.11207,14757.0,0.1121,6886.0,0.11211,4.0
1753600144740,07:09:04.740,blofin,AEVO/USDT:USDT,0.11208,92765.0,0.11207,639.0,0.1121,6886.0,0.11211,4.0
1753600145552,07:09:05.552,blofin,AEVO/USDT:USDT,0.11208,92765.0,0.11205,133.0,0.1121,6886.0,0.11212,7481.0
1753600146026,07:09:06.026,blofin,AEVO/USDT:USDT,0.11209,3125.0,0.11207,58758.0,0.1121,6886.0,0.11212,7478.0
1753600146527,07:09:06.527,blofin,AEVO/USDT:USDT,0.11205,3254.0,0.112,60569.0,0.11208,3.0,0.1121,6886.0
1753600147027,07:09:07.027,blofin,AEVO/USDT:USDT,0.11205,133.0,0.11204,6.0,0.11208,514.0,0.11209,40908.0
1753600149081,07:09:09.081,blofin,AEVO/USDT:USDT,0.11208,1954.0,0.11206,2.0,0.11209,2.0,0.11211,514.0
1753600149491,07:09:09.491,blofin,AEVO/USDT:USDT,0.11206,3173.0,0.11204,2.0,0.11209,2.0,0.11211,2.0
1753600150032,07:09:10.032,blofin,AEVO/USDT:USDT,0.11206,3172.0,0.11204,2.0,0.11209,2.0,0.11212,2189.0
1753600150747,07:09:10.747,blofin,AEVO/USDT:USDT,0.11206,1668.0,0.11204,2.0,0.11211,2.0,0.11212,7603.0
1753600151032,07:09:11.032,blofin,AEVO/USDT:USDT,0.11206,1668.0,0.11204,2.0,0.11211,2.0,0.11212,7603.0
1753600151749,07:09:11.749,blofin,AEVO/USDT:USDT,0.11206,1668.0,0.11204,2.0,0.11211,3.0,0.11212,2189.0
1753600152034,07:09:12.034,blofin,AEVO/USDT:USDT,0.11206,1669.0,0.11204,2.0,0.11211,3.0,0.11212,2189.0
1753600153010,07:09:13.010,blofin,AEVO/USDT:USDT,0.11206,3.0,0.11205,2.0,0.11211,8743.0,0.11212,2188.0
1753600153748,07:09:13.748,blofin,AEVO/USDT:USDT,0.11206,3.0,0.11205,44.0,0.1121,464.0,0.11211,5.0
1753600154037,07:09:14.037,blofin,AEVO/USDT:USDT,0.11206,3.0,0.11205,44.0,0.1121,469.0,0.11212,2187.0
1753600154841,07:09:14.841,blofin,AEVO/USDT:USDT,0.11206,3.0,0.11205,44.0,0.1121,4.0,0.11211,464.0
1753600155541,07:09:15.541,blofin,AEVO/USDT:USDT,0.11206,3.0,0.11205,44.0,0.11211,466.0,0.11212,21882.0
1753600156043,07:09:16.043,blofin,AEVO/USDT:USDT,0.11206,3.0,0.11204,46.0,0.11207,15.0,0.1121,47418.0
1753600156753,07:09:16.753,blofin,AEVO/USDT:USDT,0.11204,22.0,0.11201,1209.0,0.11207,769.0,0.11211,2.0
1753600157044,07:09:17.044,blofin,AEVO/USDT:USDT,0.11204,22.0,0.11201,1209.0,0.11207,772.0,0.11212,35236.0
1753600157750,07:09:17.750,blofin,AEVO/USDT:USDT,0.11204,22.0,0.11201,1209.0,0.11207,772.0,0.11212,35236.0
1753600158044,07:09:18.044,blofin,AEVO/USDT:USDT,0.11204,2.0,0.11203,21.0,0.11206,769.0,0.11207,34000.0
1753600159045,07:09:19.045,blofin,AEVO/USDT:USDT,0.11204,19.0,0.11203,5.0,0.11207,772.0,0.11208,1008.0
1753600159548,07:09:19.548,blofin,AEVO/USDT:USDT,0.11204,24.0,0.11201,878.0,0.11207,772.0,0.11208,1008.0
1753600160048,07:09:20.048,blofin,AEVO/USDT:USDT,0.11204,24.0,0.112,14593.0,0.11206,769.0,0.11207,3.0
1753600160753,07:09:20.753,blofin,AEVO/USDT:USDT,0.11201,1.0,0.112,18.0,0.11204,1655.0,0.11205,50264.0
1753600161049,07:09:21.049,blofin,AEVO/USDT:USDT,0.112,19.0,0.11198,784.0,0.11204,1655.0,0.11205,50264.0
1753600161755,07:09:21.755,blofin,AEVO/USDT:USDT,0.112,23.0,0.11196,3383.0,0.11204,2449.0,0.11205,50132.0
1753600162050,07:09:22.050,blofin,AEVO/USDT:USDT,0.112,22.0,0.11196,3383.0,0.11204,2449.0,0.11205,50132.0
1753600163052,07:09:23.052,blofin,AEVO/USDT:USDT,0.11201,18.0,0.112,3.0,0.11205,2454.0,0.11209,48351.0
1753600163554,07:09:23.554,blofin,AEVO/USDT:USDT,0.11201,18.0,0.112,3.0,0.11205,2453.0,0.11209,48351.0
1753600164053,07:09:24.053,blofin,AEVO/USDT:USDT,0.112,22.0,0.11196,9523.0,0.11204,2449.0,0.11205,33966.0
1753600164755,07:09:24.755,blofin,AEVO/USDT:USDT,0.11201,18.0,0.112,3.0,0.11204,2449.0,0.11205,51887.0
1753600165054,07:09:25.054,blofin,AEVO/USDT:USDT,0.11201,19.0,0.11199,13350.0,0.11204,2449.0,0.11205,51887.0
1753600165756,07:09:25.756,blofin,AEVO/USDT:USDT,0.11201,19.0,0.11197,7100.0,0.11204,2452.0,0.11205,25247.0
1753600166556,07:09:26.556,blofin,AEVO/USDT:USDT,0.11201,21.0,0.11197,7100.0,0.11204,2452.0,0.11205,25247.0
1753600167057,07:09:27.057,blofin,AEVO/USDT:USDT,0.11201,3.0,0.112,18.0,0.11203,2463.0,0.11204,3.0
1753600167759,07:09:27.759,blofin,AEVO/USDT:USDT,0.112,19.0,0.11196,3383.0,0.11203,2466.0,0.11205,38392.0
1753600168060,07:09:28.060,blofin,AEVO/USDT:USDT,0.11199,22.0,0.11196,36297.0,0.11202,751.0,0.11203,19488.0
1753600169413,07:09:29.413,blofin,AEVO/USDT:USDT,0.112,985.0,0.11199,5.0,0.11203,1.0,0.11205,751.0
1753600170062,07:09:30.062,blofin,AEVO/USDT:USDT,0.11218,988.0,0.11213,52358.0,0.11219,4711.0,0.1122,4711.0
1753600170564,07:09:30.564,blofin,AEVO/USDT:USDT,0.11218,989.0,0.11213,52358.0,0.11219,4711.0,0.1122,4711.0
1753600171065,07:09:31.065,blofin,AEVO/USDT:USDT,0.11218,1991.0,0.11213,43698.0,0.11219,4711.0,0.1122,4711.0
1753600171764,07:09:31.764,blofin,AEVO/USDT:USDT,0.11218,1990.0,0.11213,43698.0,0.11219,4711.0,0.1122,4711.0
1753600172068,07:09:32.068,blofin,AEVO/USDT:USDT,0.11218,1662.0,0.11214,48087.0,0.11219,4711.0,0.1122,4711.0
1753600173069,07:09:33.069,blofin,AEVO/USDT:USDT,0.11213,1664.0,0.11211,43162.0,0.11221,7261.0,0.11224,232.0
1753600174070,07:09:34.070,blofin,AEVO/USDT:USDT,0.11213,5440.0,0.11211,1243.0,0.11221,7021.0,0.11223,22529.0
1753600174552,07:09:34.552,blofin,AEVO/USDT:USDT,0.11214,987.0,0.11213,1.0,0.1122,18.0,0.11221,6365.0
1753600175072,07:09:35.072,blofin,AEVO/USDT:USDT,0.11214,1786.0,0.11213,46420.0,0.1122,747.0,0.11221,6364.0
1753600175768,07:09:35.768,blofin,AEVO/USDT:USDT,0.11214,1786.0,0.11213,1.0,0.11221,6366.0,0.11222,1640.0
1753600176073,07:09:36.073,blofin,AEVO/USDT:USDT,0.11214,1786.0,0.11213,1.0,0.11221,6366.0,0.11222,1640.0
1753600176769,07:09:36.769,blofin,AEVO/USDT:USDT,0.11213,1789.0,0.11211,1243.0,0.11221,6366.0,0.11222,4760.0
1753600177577,07:09:37.577,blofin,AEVO/USDT:USDT,0.11213,1789.0,0.11211,1243.0,0.11221,6366.0,0.11222,4760.0
1753600178101,07:09:38.101,blofin,AEVO/USDT:USDT,0.11214,1791.0,0.11213,20474.0,0.1122,533.0,0.11221,8646.0
1753600178771,07:09:38.771,blofin,AEVO/USDT:USDT,0.11214,1790.0,0.11213,5.0,0.1122,1323.0,0.11221,17141.0
1753600179078,07:09:39.078,blofin,AEVO/USDT:USDT,0.11214,4.0,0.11213,1791.0,0.1122,1325.0,0.11222,21920.0
1753600180079,07:09:40.079,blofin,AEVO/USDT:USDT,0.11214,1861.0,0.11213,5.0,0.1122,2.0,0.11221,685.0
1753600180579,07:09:40.579,blofin,AEVO/USDT:USDT,0.11214,1861.0,0.11213,5.0,0.1122,2.0,0.11221,685.0
1753600181775,07:09:41.775,blofin,AEVO/USDT:USDT,0.11217,2.0,0.11214,21404.0,0.1122,2.0,0.11221,1686.0
1753600182260,07:09:42.260,blofin,AEVO/USDT:USDT,0.11217,1.0,0.11216,2122.0,0.1122,2.0,0.11222,645.0
1753600182774,07:09:42.774,blofin,AEVO/USDT:USDT,0.11216,2126.0,0.11213,6718.0,0.11221,647.0,0.11222,35178.0
1753600183582,07:09:43.582,blofin,AEVO/USDT:USDT,0.11216,2127.0,0.11213,5.0,0.11221,551.0,0.11222,32123.0
1753600184082,07:09:44.082,blofin,AEVO/USDT:USDT,0.11217,2122.0,0.11216,8862.0,0.11221,547.0,0.11222,8082.0
1753600184775,07:09:44.775,blofin,AEVO/USDT:USDT,0.11217,3.0,0.11216,2122.0,0.1122,19.0,0.11221,22806.0
1753600185085,07:09:45.085,blofin,AEVO/USDT:USDT,0.11216,2126.0,0.11213,5.0,0.11221,1.0,0.11222,22.0
1753600185779,07:09:45.779,blofin,AEVO/USDT:USDT,0.11217,4858.0,0.11216,4.0,0.11221,1.0,0.11222,3.0
1753600186086,07:09:46.086,blofin,AEVO/USDT:USDT,0.11217,4863.0,0.11214,7753.0,0.11221,1.0,0.11222,3.0
1753600187087,07:09:47.087,blofin,AEVO/USDT:USDT,0.11217,4863.0,0.11215,3060.0,0.11222,3.0,0.11223,9189.0
1753600187589,07:09:47.589,blofin,AEVO/USDT:USDT,0.11217,5.0,0.11216,1931.0,0.11222,14720.0,0.11223,17286.0
1753600188089,07:09:48.089,blofin,AEVO/USDT:USDT,0.11216,1.0,0.11215,2144.0,0.11221,1827.0,0.11222,8629.0
1753600188779,07:09:48.779,blofin,AEVO/USDT:USDT,0.11217,2120.0,0.11216,19010.0,0.11221,4340.0,0.11222,3.0
1753600189090,07:09:49.090,blofin,AEVO/USDT:USDT,0.11217,2120.0,0.11216,19425.0,0.11221,4340.0,0.11222,3.0
1753600189780,07:09:49.780,blofin,AEVO/USDT:USDT,0.11216,2121.0,0.11213,1964.0,0.11221,3600.0,0.11222,400.0
1753600190092,07:09:50.092,blofin,AEVO/USDT:USDT,0.11216,2121.0,0.11213,1964.0,0.11221,3600.0,0.11222,400.0
1753600191093,07:09:51.093,blofin,AEVO/USDT:USDT,0.11217,2121.0,0.11215,36657.0,0.11221,3.0,0.11222,3602.0
1753600191593,07:09:51.593,blofin,AEVO/USDT:USDT,0.11217,1.0,0.11213,5.0,0.11219,2517.0,0.1122,41347.0
1753600192151,07:09:52.151,blofin,AEVO/USDT:USDT,0.11217,1.0,0.11216,17.0,0.11219,839.0,0.1122,1266.0
1753600192781,07:09:52.781,blofin,AEVO/USDT:USDT,0.11213,5.0,0.11212,3.0,0.11219,843.0,0.1122,38696.0
1753600193254,07:09:53.254,blofin,AEVO/USDT:USDT,0.11214,2.0,0.11213,5.0,0.11217,94.0,0.11218,37575.0
1753600193781,07:09:53.781,blofin,AEVO/USDT:USDT,0.11214,968.0,0.11213,8.0,0.11219,4.0,0.1122,839.0
1753600194062,07:09:54.062,blofin,AEVO/USDT:USDT,0.11204,8566.0,0.11203,10316.0,0.11206,1605.0,0.11207,4651.0
1753600194598,07:09:54.598,blofin,AEVO/USDT:USDT,0.11204,6592.0,0.11203,8010.0,0.11206,883.0,0.1121,18565.0
1753600195103,07:09:55.103,blofin,AEVO/USDT:USDT,0.11204,6592.0,0.11203,8005.0,0.11205,2455.0,0.11206,31183.0
1753600195599,07:09:55.599,blofin,AEVO/USDT:USDT,0.11204,6592.0,0.11203,8005.0,0.11205,2455.0,0.11206,31183.0
1753600196099,07:09:56.099,blofin,AEVO/USDT:USDT,0.11202,7422.0,0.11201,6214.0,0.11203,1692.0,0.11205,47959.0
1753600196785,07:09:56.785,blofin,AEVO/USDT:USDT,0.11202,7422.0,0.11201,6214.0,0.11203,1693.0,0.11205,47959.0
1753600197161,07:09:57.161,blofin,AEVO/USDT:USDT,0.11197,12708.0,0.11196,9734.0,0.11198,13105.0,0.11203,9160.0
1753600197786,07:09:57.786,blofin,AEVO/USDT:USDT,0.11197,12708.0,0.11196,6214.0,0.11198,13109.0,0.11203,9159.0
1753600198104,07:09:58.104,blofin,AEVO/USDT:USDT,0.11195,2639.0,0.11194,17.0,0.11197,3366.0,0.11198,31442.0
1753600199105,07:09:59.105,blofin,AEVO/USDT:USDT,0.11195,2656.0,0.11193,2539.0,0.11197,2.0,0.11198,840.0
1753600199605,07:09:59.605,blofin,AEVO/USDT:USDT,0.11195,2652.0,0.11193,2539.0,0.11197,2.0,0.11198,840.0
1753600200106,07:10:00.106,blofin,AEVO/USDT:USDT,0.11195,2635.0,0.11194,17.0,0.11197,843.0,0.11198,46319.0
1753600200789,07:10:00.789,blofin,AEVO/USDT:USDT,0.11195,2634.0,0.11194,4.0,0.11197,928.0,0.11198,46570.0
1753600201109,07:10:01.109,blofin,AEVO/USDT:USDT,0.11195,2634.0,0.11194,4.0,0.11197,930.0,0.11198,46570.0
1753600201790,07:10:01.790,blofin,AEVO/USDT:USDT,0.11195,2634.0,0.11194,3.0,0.11197,928.0,0.11198,16022.0
1753600202608,07:10:02.608,blofin,AEVO/USDT:USDT,0.11198,2.0,0.11197,5503.0,0.11202,925.0,0.11203,20341.0
1753600203110,07:10:03.110,blofin,AEVO/USDT:USDT,0.11197,1453.0,0.11195,2634.0,0.11201,84.0,0.11202,28140.0
1753600203792,07:10:03.792,blofin,AEVO/USDT:USDT,0.11198,1451.0,0.11197,2.0,0.11201,85.0,0.11204,20524.0
1753600204061,07:10:04.061,blofin,AEVO/USDT:USDT,0.11198,1451.0,0.11197,2.0,0.11201,1.0,0.11202,84.0
1753600204793,07:10:04.793,blofin,AEVO/USDT:USDT,0.11198,1451.0,0.11197,2.0,0.11202,4.0,0.11203,11811.0
1753600205112,07:10:05.112,blofin,AEVO/USDT:USDT,0.11198,1451.0,0.11197,2.0,0.11203,11816.0,0.11204,2764.0
1753600206112,07:10:06.112,blofin,AEVO/USDT:USDT,0.11197,2.0,0.11195,2634.0,0.11201,5423.0,0.11202,30262.0
1753600206613,07:10:06.613,blofin,AEVO/USDT:USDT,0.11195,2637.0,0.11193,2539.0,0.11201,5423.0,0.11205,3560.0
1753600207114,07:10:07.114,blofin,AEVO/USDT:USDT,0.11195,2639.0,0.11193,2539.0,0.11201,2117.0,0.11203,10350.0
1753600207815,07:10:07.815,blofin,AEVO/USDT:USDT,0.11195,9.0,0.11192,29667.0,0.11201,2122.0,0.11203,10350.0
1753600208116,07:10:08.116,blofin,AEVO/USDT:USDT,0.11195,7.0,0.1119,17269.0,0.11201,2124.0,0.11204,11581.0
1753600208792,07:10:08.792,blofin,AEVO/USDT:USDT,0.11195,5.0,0.11194,2.0,0.112,2114.0,0.11201,15834.0
1753600209116,07:10:09.116,blofin,AEVO/USDT:USDT,0.11195,5.0,0.11194,2.0,0.112,2114.0,0.11201,15834.0
1753600210116,07:10:10.116,blofin,AEVO/USDT:USDT,0.11195,7.0,0.11194,10288.0,0.112,5.0,0.11201,740.0
1753600210795,07:10:10.795,blofin,AEVO/USDT:USDT,0.11195,5.0,0.11194,2.0,0.112,2353.0,0.11201,56426.0
1753600211119,07:10:11.119,blofin,AEVO/USDT:USDT,0.11195,5.0,0.11194,2.0,0.112,2354.0,0.11201,56421.0
1753600211798,07:10:11.798,blofin,AEVO/USDT:USDT,0.11195,7.0,0.11193,13738.0,0.112,1.0,0.11201,2358.0
1753600212796,07:10:12.796,blofin,AEVO/USDT:USDT,0.11195,6.0,0.11193,13738.0,0.11201,2361.0,0.11202,19349.0
1753600213120,07:10:13.120,blofin,AEVO/USDT:USDT,0.11195,4.0,0.11194,2.0,0.112,2353.0,0.11201,33330.0
1753600214122,07:10:14.122,blofin,AEVO/USDT:USDT,0.1119,3394.0,0.11188,11571.0,0.11192,2706.0,0.11193,7169.0
1753600214623,07:10:14.623,blofin,AEVO/USDT:USDT,0.11188,11589.0,0.11187,25595.0,0.1119,2613.0,0.11191,36209.0
1753600215123,07:10:15.123,blofin,AEVO/USDT:USDT,0.11188,11573.0,0.11187,12.0,0.1119,2614.0,0.11191,3516.0
1753600215801,07:10:15.801,blofin,AEVO/USDT:USDT,0.11188,11585.0,0.11185,1151.0,0.1119,1.0,0.11191,2613.0
1753600216125,07:10:16.125,blofin,AEVO/USDT:USDT,0.11188,11585.0,0.11185,1151.0,0.11191,2616.0,0.11194,2118.0
1753600217128,07:10:17.128,blofin,AEVO/USDT:USDT,0.11188,8328.0,0.11185,1151.0,0.1119,2613.0,0.11191,56139.0
1753600217630,07:10:17.630,blofin,AEVO/USDT:USDT,0.11188,8328.0,0.11185,1151.0,0.1119,2613.0,0.11191,56139.0
1753600218129,07:10:18.129,blofin,AEVO/USDT:USDT,0.11183,2729.0,0.11182,2392.0,0.11188,452.0,0.11189,17954.0
1753600218799,07:10:18.799,blofin,AEVO/USDT:USDT,0.11183,2730.0,0.11181,8300.0,0.11188,2.0,0.11189,812.0
1753600219131,07:10:19.131,blofin,AEVO/USDT:USDT,0.11183,2730.0,0.11181,8300.0,0.11189,816.0,0.1119,48220.0
1753600219801,07:10:19.801,blofin,AEVO/USDT:USDT,0.11183,2730.0,0.11181,8300.0,0.11189,816.0,0.11191,10397.0
1753600220633,07:10:20.633,blofin,AEVO/USDT:USDT,0.11183,2731.0,0.11181,8300.0,0.11189,814.0,0.11191,10397.0
1753600221135,07:10:21.135,blofin,AEVO/USDT:USDT,0.11183,2731.0,0.11181,50456.0,0.11189,814.0,0.11192,4192.0
1753600221801,07:10:21.801,blofin,AEVO/USDT:USDT,0.11183,2731.0,0.11182,2497.0,0.11189,814.0,0.11192,1572.0
1753600222429,07:10:22.429,blofin,AEVO/USDT:USDT,0.11185,1.0,0.11183,2730.0,0.11188,1347.0,0.11189,45871.0
1753600222803,07:10:22.803,blofin,AEVO/USDT:USDT,0.11183,2734.0,0.11181,22383.0,0.11189,1351.0,0.11194,28224.0
1753600223642,07:10:23.642,blofin,AEVO/USDT:USDT,0.11183,4548.0,0.11181,8300.0,0.11187,26.0,0.11189,4.0
1753600224139,07:10:24.139,blofin,AEVO/USDT:USDT,0.11183,2729.0,0.11182,3.0,0.11186,10400.0,0.11187,38228.0
1753600224806,07:10:24.806,blofin,AEVO/USDT:USDT,0.11183,2730.0,0.11182,2.0,0.11186,3.0,0.11187,16790.0
1753600225520,07:10:25.520,blofin,AEVO/USDT:USDT,0.11184,1.0,0.11183,2729.0,0.11187,4.0,0.11193,16790.0
1753600225807,07:10:25.807,blofin,AEVO/USDT:USDT,0.11192,769.0,0.11187,21456.0,0.11197,237.0,0.11199,5144.0
1753600226642,07:10:26.642,blofin,AEVO/USDT:USDT,0.11192,769.0,0.11191,708.0,0.11197,237.0,0.11199,5144.0
1753600227281,07:10:27.281,blofin,AEVO/USDT:USDT,0.11191,708.0,0.11187,2695.0,0.11194,1444.0,0.11195,45585.0
1753600227933,07:10:27.933,blofin,AEVO/USDT:USDT,0.11185,1724.0,0.11184,2.0,0.11188,1.0,0.1119,2824.0
1753600228540,07:10:28.540,blofin,AEVO/USDT:USDT,0.11185,1724.0,0.11184,2.0,0.11188,1.0,0.1119,2824.0
1753600229146,07:10:29.146,blofin,AEVO/USDT:USDT,0.11186,853.0,0.11183,2729.0,0.1119,2824.0,0.11191,1985.0
1753600229807,07:10:29.807,blofin,AEVO/USDT:USDT,0.11186,2577.0,0.11185,7248.0,0.1119,2824.0,0.11191,3.0
1753600230147,07:10:30.147,blofin,AEVO/USDT:USDT,0.11186,2577.0,0.11185,7248.0,0.1119,2824.0,0.11192,6.0
1753600230961,07:10:30.961,blofin,AEVO/USDT:USDT,0.11186,4.0,0.11183,2729.0,0.1119,2824.0,0.11191,996.0
1753600231838,07:10:31.838,blofin,AEVO/USDT:USDT,0.11186,4.0,0.11183,2729.0,0.1119,2824.0,0.11191,1651.0
1753600232113,07:10:32.113,blofin,AEVO/USDT:USDT,0.11186,4.0,0.11183,2729.0,0.1119,4475.0,0.11191,1574.0
1753600233152,07:10:33.152,blofin,AEVO/USDT:USDT,0.11183,2729.0,0.11181,8300.0,0.11185,453.0,0.11186,31242.0
1753600234152,07:10:34.152,blofin,AEVO/USDT:USDT,0.11183,2729.0,0.11181,8300.0,0.11185,468.0,0.11186,40655.0
1753600234829,07:10:34.829,blofin,AEVO/USDT:USDT,0.11183,2729.0,0.11181,8300.0,0.11185,451.0,0.11186,47530.0
1753600235155,07:10:35.155,blofin,AEVO/USDT:USDT,0.11183,2729.0,0.11181,8300.0,0.11185,451.0,0.11186,47530.0
1753600235833,07:10:35.833,blofin,AEVO/USDT:USDT,0.11183,2729.0,0.11181,8300.0,0.11185,1901.0,0.11186,6198.0
1753600236831,07:10:36.831,blofin,AEVO/USDT:USDT,0.11179,5.0,0.11178,33.0,0.11181,4070.0,0.11182,10829.0
1753600237155,07:10:37.155,blofin,AEVO/USDT:USDT,0.11179,5.0,0.11178,33.0,0.11181,4074.0,0.11182,10829.0
1753600238248,07:10:38.248,blofin,AEVO/USDT:USDT,0.11178,3.0,0.11175,3083.0,0.1118,1445.0,0.11181,13723.0
1753600238841,07:10:38.841,blofin,AEVO/USDT:USDT,0.11178,3.0,0.11175,1.0,0.1118,1.0,0.11181,2847.0
1753600239158,07:10:39.158,blofin,AEVO/USDT:USDT,0.11178,3.0,0.11175,1.0,0.11179,2846.0,0.1118,19698.0
1753600240160,07:10:40.160,blofin,AEVO/USDT:USDT,0.11178,2.0,0.11175,6.0,0.11179,2.0,0.1118,770.0
1753600240835,07:10:40.835,blofin,AEVO/USDT:USDT,0.11178,2.0,0.11175,6.0,0.11179,772.0,0.1118,24065.0
1753600241163,07:10:41.163,blofin,AEVO/USDT:USDT,0.11178,2.0,0.11175,6.0,0.11179,772.0,0.1118,24065.0
1753600241835,07:10:41.835,blofin,AEVO/USDT:USDT,0.11178,2.0,0.11175,2.0,0.11179,2.0,0.1118,770.0
1753600242664,07:10:42.664,blofin,AEVO/USDT:USDT,0.11178,2.0,0.11175,5.0,0.11179,2.0,0.1118,770.0
1753600243165,07:10:43.165,blofin,AEVO/USDT:USDT,0.11178,2.0,0.11175,3.0,0.11179,775.0,0.1118,5724.0
1753600243839,07:10:43.839,blofin,AEVO/USDT:USDT,0.11178,2.0,0.11175,4.0,0.11179,775.0,0.1118,15031.0
1753600244167,07:10:44.167,blofin,AEVO/USDT:USDT,0.11178,2.0,0.11175,4.0,0.11179,772.0,0.1118,15031.0
1753600244839,07:10:44.839,blofin,AEVO/USDT:USDT,0.11178,2.0,0.11175,4.0,0.11179,772.0,0.11181,3.0
1753600245655,07:10:45.655,blofin,AEVO/USDT:USDT,0.11178,2.0,0.11175,4.0,0.11179,772.0,0.11181,3.0
1753600246170,07:10:46.170,blofin,AEVO/USDT:USDT,0.11173,2946.0,0.11171,3441.0,0.11175,5.0,0.11176,2334.0
1753600246839,07:10:46.839,blofin,AEVO/USDT:USDT,0.11173,2946.0,0.11171,3441.0,0.11176,2338.0,0.11178,23271.0
1753600247173,07:10:47.173,blofin,AEVO/USDT:USDT,0.11173,2946.0,0.11171,3441.0,0.11176,2337.0,0.11178,23271.0
1753600247673,07:10:47.673,blofin,AEVO/USDT:USDT,0.11173,2948.0,0.11171,3441.0,0.11176,2337.0,0.11178,23271.0
1753600248174,07:10:48.174,blofin,AEVO/USDT:USDT,0.11172,8.0,0.11171,3441.0,0.11175,2334.0,0.11176,35179.0
1753600248842,07:10:48.842,blofin,AEVO/USDT:USDT,0.11173,3.0,0.11172,5.0,0.11175,1003.0,0.11176,40737.0
1753600250178,07:10:50.178,blofin,AEVO/USDT:USDT,0.11173,6.0,0.11172,34967.0,0.11175,1.0,0.11176,1001.0
1753600250553,07:10:50.553,blofin,AEVO/USDT:USDT,0.11169,4567.0,0.11166,8432.0,0.11172,1001.0,0.11174,20695.0
1753600251180,07:10:51.180,blofin,AEVO/USDT:USDT,0.11169,4564.0,0.11168,1.0,0.11171,1444.0,0.11172,58259.0
1753600252179,07:10:52.179,blofin,AEVO/USDT:USDT,0.11169,4564.0,0.11167,9.0,0.11171,2626.0,0.11173,17499.0
1753600252844,07:10:52.844,blofin,AEVO/USDT:USDT,0.11169,4564.0,0.11167,13.0,0.11171,2631.0,0.11173,17499.0
1753600253683,07:10:53.683,blofin,AEVO/USDT:USDT,0.11169,4564.0,0.11167,4.0,0.11171,2627.0,0.11172,35894.0
1753600254184,07:10:54.184,blofin,AEVO/USDT:USDT,0.11169,4564.0,0.11167,4.0,0.11171,1429.0,0.11172,13413.0
1753600254844,07:10:54.844,blofin,AEVO/USDT:USDT,0.11169,4564.0,0.11167,419.0,0.11171,3.0,0.11172,43079.0
1753600255183,07:10:55.183,blofin,AEVO/USDT:USDT,0.11164,4292.0,0.11161,6288.0,0.11167,2.0,0.11168,47100.0
1753600255847,07:10:55.847,blofin,AEVO/USDT:USDT,0.11165,1.0,0.11164,3877.0,0.11167,3.0,0.11168,1444.0
1753600256185,07:10:56.185,blofin,AEVO/USDT:USDT,0.11165,1.0,0.11164,3877.0,0.11168,1448.0,0.11169,15195.0
1753600256847,07:10:56.847,blofin,AEVO/USDT:USDT,0.11165,4.0,0.11164,3875.0,0.11167,1639.0,0.11168,74696.0
1753600257482,07:10:57.482,blofin,AEVO/USDT:USDT,0.11166,1.0,0.11164,3879.0,0.11168,4.0,0.11169,1640.0
1753600258187,07:10:58.187,blofin,AEVO/USDT:USDT,0.11167,2632.0,0.11165,25393.0,0.11171,5.0,0.11172,3731.0
1753600258847,07:10:58.847,blofin,AEVO/USDT:USDT,0.11165,1173.0,0.11164,3874.0,0.11171,5.0,0.11172,88.0
1753600259071,07:10:59.071,blofin,AEVO/USDT:USDT,0.11166,1169.0,0.11165,4.0,0.11171,5.0,0.11172,88.0
1753600259188,07:10:59.188,blofin,AEVO/USDT:USDT,0.11166,1171.0,0.11164,3874.0,0.11171,5.0,0.11172,88.0
1753600259848,07:10:59.848,blofin,AEVO/USDT:USDT,0.11166,1207.0,0.11164,3874.0,0.11171,88.0,0.11172,8222.0
1753600260692,07:11:00.692,blofin,AEVO/USDT:USDT,0.11166,2.0,0.11165,1205.0,0.11171,2.0,0.11172,41828.0
1753600261191,07:11:01.191,blofin,AEVO/USDT:USDT,0.11165,806.0,0.11164,3874.0,0.11169,915.0,0.1117,14030.0
1753600261849,07:11:01.849,blofin,AEVO/USDT:USDT,0.11166,802.0,0.11165,4462.0,0.11169,84.0,0.1117,6716.0
1753600262362,07:11:02.362,blofin,AEVO/USDT:USDT,0.11165,806.0,0.11164,3874.0,0.11169,3.0,0.1117,84.0
1753600262851,07:11:02.851,blofin,AEVO/USDT:USDT,0.11165,803.0,0.11164,3874.0,0.11169,85.0,0.1117,2900.0
1753600263695,07:11:03.695,blofin,AEVO/USDT:USDT,0.11166,646.0,0.11165,297.0,0.11169,85.0,0.11172,28603.0
1753600264196,07:11:04.196,blofin,AEVO/USDT:USDT,0.11166,646.0,0.11165,297.0,0.11169,11317.0,0.11174,24218.0
1753600264850,07:11:04.850,blofin,AEVO/USDT:USDT,0.11166,4.0,0.11165,1031.0,0.11168,4.0,0.11169,12326.0
1753600265195,07:11:05.195,blofin,AEVO/USDT:USDT,0.11166,4.0,0.11165,1031.0,0.11168,4.0,0.11169,12326.0
1753600265852,07:11:05.852,blofin,AEVO/USDT:USDT,0.11166,4.0,0.11165,737.0,0.11168,12330.0,0.11172,1114.0
1753600266198,07:11:06.198,blofin,AEVO/USDT:USDT,0.11165,738.0,0.11164,3874.0,0.11168,12330.0,0.11172,1114.0
1753600267212,07:11:07.212,blofin,AEVO/USDT:USDT,0.11165,2.0,0.11164,3885.0,0.11169,106.0,0.11172,27004.0
1753600267701,07:11:07.701,blofin,AEVO/USDT:USDT,0.11165,2.0,0.11164,3885.0,0.11169,102.0,0.11172,27004.0
1753600267868,07:11:07.868,blofin,AEVO/USDT:USDT,0.11165,2.0,0.11164,14.0,0.11169,105.0,0.11172,27004.0
1753600268319,07:11:08.319,blofin,AEVO/USDT:USDT,0.11167,1333.0,0.11166,48985.0,0.11168,5.0,0.11169,3.0
1753600268701,07:11:08.701,blofin,AEVO/USDT:USDT,0.11167,1333.0,0.11166,48985.0,0.11169,3.0,0.1117,12329.0
1753600269203,07:11:09.203,blofin,AEVO/USDT:USDT,0.11167,1451.0,0.11165,5857.0,0.11169,3.0,0.1117,65.0
1753600269703,07:11:09.703,blofin,AEVO/USDT:USDT,0.11167,1452.0,0.11165,5857.0,0.11169,3.0,0.1117,65.0
1753600270205,07:11:10.205,blofin,AEVO/USDT:USDT,0.11167,1.0,0.11166,1451.0,0.11169,65.0,0.1117,23425.0
1753600270855,07:11:10.855,blofin,AEVO/USDT:USDT,0.11167,1.0,0.11166,1451.0,0.11169,65.0,0.1117,23805.0
1753600271205,07:11:11.205,blofin,AEVO/USDT:USDT,0.11167,1.0,0.11166,1451.0,0.11169,70.0,0.1117,23802.0
1753600271856,07:11:11.856,blofin,AEVO/USDT:USDT,0.11167,1451.0,0.11166,5.0,0.11169,70.0,0.1117,16711.0
1753600272208,07:11:12.208,blofin,AEVO/USDT:USDT,0.11167,1451.0,0.11166,5.0,0.11169,70.0,0.1117,16711.0
1753600273209,07:11:13.209,blofin,AEVO/USDT:USDT,0.11167,2.0,0.11166,1451.0,0.11169,70.0,0.1117,7703.0
1753600273710,07:11:13.710,blofin,AEVO/USDT:USDT,0.11168,1452.0,0.11167,1137.0,0.11169,8.0,0.11171,62.0
1753600274211,07:11:14.211,blofin,AEVO/USDT:USDT,0.11168,3340.0,0.11165,22797.0,0.11169,3.0,0.11171,66.0
1753600274858,07:11:14.858,blofin,AEVO/USDT:USDT,0.11168,1.0,0.11167,3339.0,0.11169,3.0,0.1117,63.0
1753600275212,07:11:15.212,blofin,AEVO/USDT:USDT,0.11167,3342.0,0.11164,8177.0,0.11169,3.0,0.1117,63.0
1753600276213,07:11:16.213,blofin,AEVO/USDT:USDT,0.11167,3.0,0.11165,299.0,0.11169,1544.0,0.1117,813.0
1753600277214,07:11:17.214,blofin,AEVO/USDT:USDT,0.11168,1309.0,0.11165,28997.0,0.11171,2681.0,0.11172,14033.0
1753600277861,07:11:17.861,blofin,AEVO/USDT:USDT,0.11168,1306.0,0.11165,28997.0,0.11171,2684.0,0.11172,14033.0
1753600278717,07:11:18.717,blofin,AEVO/USDT:USDT,0.11168,1310.0,0.11166,16645.0,0.11171,2686.0,0.11172,11510.0
1753600279216,07:11:19.216,blofin,AEVO/USDT:USDT,0.11169,1308.0,0.11165,30432.0,0.11171,2686.0,0.11172,4512.0
1753600279862,07:11:19.862,blofin,AEVO/USDT:USDT,0.11169,1310.0,0.11166,8232.0,0.11171,2686.0,0.11172,10391.0
1753600280218,07:11:20.218,blofin,AEVO/USDT:USDT,0.11169,1310.0,0.11166,8232.0,0.11171,2686.0,0.11172,10391.0
1753600281039,07:11:21.039,blofin,AEVO/USDT:USDT,0.11169,5.0,0.11168,1305.0,0.11171,5.0,0.11172,2681.0
1753600281719,07:11:21.719,blofin,AEVO/USDT:USDT,0.11164,8.0,0.11162,7930.0,0.11171,2686.0,0.11172,26100.0
1753600282221,07:11:22.221,blofin,AEVO/USDT:USDT,0.11165,801.0,0.11164,3.0,0.11171,5.0,0.11172,2681.0
1753600282865,07:11:22.865,blofin,AEVO/USDT:USDT,0.11165,801.0,0.11164,3.0,0.11172,2682.0,0.11175,4587.0
1753600284223,07:11:24.223,blofin,AEVO/USDT:USDT,0.11165,801.0,0.11164,47237.0,0.11172,2686.0,0.11173,24860.0
1753600284867,07:11:24.867,blofin,AEVO/USDT:USDT,0.11165,801.0,0.11164,3.0,0.11172,2685.0,0.11173,22408.0
1753600285553,07:11:25.553,blofin,AEVO/USDT:USDT,0.11165,801.0,0.11164,47848.0,0.1117,12.0,0.11172,5.0
1753600286225,07:11:26.225,blofin,AEVO/USDT:USDT,0.11165,1531.0,0.11164,3.0,0.1117,20.0,0.11172,23668.0
1753600286726,07:11:26.726,blofin,AEVO/USDT:USDT,0.11165,1531.0,0.11164,3.0,0.1117,24.0,0.11172,23663.0
1753600287228,07:11:27.228,blofin,AEVO/USDT:USDT,0.11165,1531.0,0.11164,3.0,0.1117,25.0,0.11173,25602.0
1753600287870,07:11:27.870,blofin,AEVO/USDT:USDT,0.11165,1534.0,0.11164,3.0,0.1117,22.0,0.11173,25602.0
1753600288729,07:11:28.729,blofin,AEVO/USDT:USDT,0.11165,1534.0,0.11164,3.0,0.11169,75.0,0.1117,9931.0
1753600289230,07:11:29.230,blofin,AEVO/USDT:USDT,0.11165,1535.0,0.11164,3.0,0.11169,5.0,0.1117,58.0
1753600289871,07:11:29.871,blofin,AEVO/USDT:USDT,0.11165,1535.0,0.11164,3.0,0.11169,55.0,0.1117,28375.0
1753600291234,07:11:31.234,blofin,AEVO/USDT:USDT,0.11165,804.0,0.11164,3.0,0.1117,51.0,0.11175,34151.0
1753600291742,07:11:31.742,blofin,AEVO/USDT:USDT,0.11165,804.0,0.11164,2420.0,0.1117,51.0,0.11175,34151.0
1753600292237,07:11:32.237,blofin,AEVO/USDT:USDT,0.11165,802.0,0.11164,2420.0,0.1117,51.0,0.11174,32641.0
1753600292873,07:11:32.873,blofin,AEVO/USDT:USDT,0.11165,802.0,0.11164,3.0,0.1117,52.0,0.11174,32641.0
1753600293237,07:11:33.237,blofin,AEVO/USDT:USDT,0.11165,802.0,0.11164,3.0,0.11169,52.0,0.11174,11869.0
1753600294351,07:11:34.351,blofin,AEVO/USDT:USDT,0.11168,799.0,0.11166,45039.0,0.11169,2.0,0.11172,50.0
1753600294873,07:11:34.873,blofin,AEVO/USDT:USDT,0.11168,830.0,0.11165,578.0,0.11169,2.0,0.11172,2681.0
1753600295243,07:11:35.243,blofin,AEVO/USDT:USDT,0.11168,830.0,0.11165,578.0,0.11169,2.0,0.11172,2681.0
1753600295875,07:11:35.875,blofin,AEVO/USDT:USDT,0.11167,830.0,0.11165,3.0,0.11169,2.0,0.11171,2693.0
1753600296877,07:11:36.877,blofin,AEVO/USDT:USDT,0.11165,1.0,0.11164,1042.0,0.11169,3776.0,0.1117,25979.0
1753600297579,07:11:37.579,blofin,AEVO/USDT:USDT,0.11165,1.0,0.11164,558.0,0.11168,4472.0,0.11169,57492.0
1753600298182,07:11:38.182,blofin,AEVO/USDT:USDT,0.1116,1.0,0.11158,1722.0,0.11163,632.0,0.11164,742.0
1753600298879,07:11:38.879,blofin,AEVO/USDT:USDT,0.11159,1.0,0.11158,1722.0,0.11163,5375.0,0.11164,36752.0
1753600299247,07:11:39.247,blofin,AEVO/USDT:USDT,0.11157,3565.0,0.11156,3.0,0.11159,472.0,0.1116,6090.0
1753600299750,07:11:39.750,blofin,AEVO/USDT:USDT,0.11157,3565.0,0.11156,6.0,0.11159,472.0,0.1116,6090.0
1753600300309,07:11:40.309,blofin,AEVO/USDT:USDT,0.11157,3565.0,0.11156,5.0,0.11159,2344.0,0.11163,1.0
1753600300880,07:11:40.880,blofin,AEVO/USDT:USDT,0.11157,3565.0,0.11156,5.0,0.11159,3307.0,0.11163,1.0
1753600301253,07:11:41.253,blofin,AEVO/USDT:USDT,0.11157,3565.0,0.11156,5.0,0.11159,3311.0,0.11164,22985.0
1753600302056,07:11:42.056,blofin,AEVO/USDT:USDT,0.11154,2477.0,0.11153,6231.0,0.11155,16.0,0.11156,11981.0
1753600302753,07:11:42.753,blofin,AEVO/USDT:USDT,0.11153,6231.0,0.11152,9306.0,0.11154,18.0,0.11155,25533.0
1753600303255,07:11:43.255,blofin,AEVO/USDT:USDT,0.11152,1046.0,0.11151,109.0,0.11154,1233.0,0.11155,27962.0
1753600303881,07:11:43.881,blofin,AEVO/USDT:USDT,0.11152,1151.0,0.11151,13380.0,0.11154,3.0,0.11155,1230.0
1753600304386,07:11:44.386,blofin,AEVO/USDT:USDT,0.1115,3763.0,0.11148,105.0,0.11151,1230.0,0.11152,51377.0
1753600305259,07:11:45.259,blofin,AEVO/USDT:USDT,0.1115,3763.0,0.11148,2346.0,0.11151,258.0,0.11152,49760.0
1753600305759,07:11:45.759,blofin,AEVO/USDT:USDT,0.1115,3763.0,0.11148,2345.0,0.11151,258.0,0.11152,49760.0
1753600306260,07:11:46.260,blofin,AEVO/USDT:USDT,0.1115,3763.0,0.11149,2348.0,0.11151,258.0,0.11152,39726.0
1753600306884,07:11:46.884,blofin,AEVO/USDT:USDT,0.1115,3763.0,0.11149,2348.0,0.11151,258.0,0.11153,42401.0
1753600307448,07:11:47.448,blofin,AEVO/USDT:USDT,0.1115,3763.0,0.11149,4.0,0.11151,260.0,0.11152,41927.0
1753600308266,07:11:48.266,blofin,AEVO/USDT:USDT,0.11145,4382.0,0.11144,11435.0,0.11149,1562.0,0.11151,36671.0
1753600308766,07:11:48.766,blofin,AEVO/USDT:USDT,0.11145,4382.0,0.11144,11435.0,0.11149,1562.0,0.11151,36671.0
1753600309266,07:11:49.266,blofin,AEVO/USDT:USDT,0.11145,4382.0,0.11144,4378.0,0.11149,1562.0,0.11153,36130.0
1753600309886,07:11:49.886,blofin,AEVO/USDT:USDT,0.11145,4381.0,0.11144,4384.0,0.11148,1558.0,0.11149,19502.0
1753600310271,07:11:50.271,blofin,AEVO/USDT:USDT,0.11145,4381.0,0.11144,4384.0,0.11148,1558.0,0.11149,19502.0
1753600311268,07:11:51.268,blofin,AEVO/USDT:USDT,0.11145,4384.0,0.11144,4383.0,0.11149,1562.0,0.1115,2376.0
1753600311889,07:11:51.889,blofin,AEVO/USDT:USDT,0.11145,4384.0,0.11144,4383.0,0.11149,1563.0,0.1115,25734.0
1753600312270,07:11:52.270,blofin,AEVO/USDT:USDT,0.11145,4384.0,0.11144,4383.0,0.11149,1562.0,0.1115,25734.0
1753600312893,07:11:52.893,blofin,AEVO/USDT:USDT,0.11145,4386.0,0.11144,4378.0,0.11149,1562.0,0.1115,23358.0
1753600313772,07:11:53.772,blofin,AEVO/USDT:USDT,0.11145,4448.0,0.11144,4378.0,0.11149,1562.0,0.1115,8535.0
1753600314274,07:11:54.274,blofin,AEVO/USDT:USDT,0.11145,4444.0,0.11144,4378.0,0.11149,1562.0,0.11154,36183.0
1753600314891,07:11:54.891,blofin,AEVO/USDT:USDT,0.11145,4444.0,0.11144,5042.0,0.11149,1562.0,0.11152,41525.0
1753600315276,07:11:55.276,blofin,AEVO/USDT:USDT,0.11145,4446.0,0.11144,5042.0,0.11149,1562.0,0.11152,41525.0
1753600315892,07:11:55.892,blofin,AEVO/USDT:USDT,0.11145,4380.0,0.11144,4443.0,0.11148,1560.0,0.11149,33021.0
1753600316777,07:11:56.777,blofin,AEVO/USDT:USDT,0.11145,4380.0,0.11144,4443.0,0.11148,1561.0,0.11149,33017.0
1753600316893,07:11:56.893,blofin,AEVO/USDT:USDT,0.11145,4445.0,0.11144,4378.0,0.11148,1.0,0.11149,1560.0
1753600317408,07:11:57.408,blofin,AEVO/USDT:USDT,0.11145,4445.0,0.11144,36907.0,0.11148,1561.0,0.11152,23015.0
1753600317894,07:11:57.894,blofin,AEVO/USDT:USDT,0.11145,4446.0,0.11144,36907.0,0.11148,1565.0,0.11152,23015.0
1753600318781,07:11:58.781,blofin,AEVO/USDT:USDT,0.11145,4378.0,0.11144,4396.0,0.11147,2790.0,0.11148,16797.0
1753600319290,07:11:59.290,blofin,AEVO/USDT:USDT,0.11145,4394.0,0.11144,4380.0,0.11148,2791.0,0.11153,28858.0
1753600319899,07:11:59.899,blofin,AEVO/USDT:USDT,0.11149,1.0,0.11147,49875.0,0.11152,3473.0,0.11154,20065.0
1753600320283,07:12:00.283,blofin,AEVO/USDT:USDT,0.11149,5.0,0.11147,49875.0,0.11152,3473.0,0.11154,20065.0
1753600321019,07:12:01.019,blofin,AEVO/USDT:USDT,0.11149,4.0,0.11147,1.0,0.1115,3504.0,0.11151,9171.0
1753600321787,07:12:01.787,blofin,AEVO/USDT:USDT,0.11149,4.0,0.11147,1.0,0.1115,3504.0,0.11151,9171.0
1753600322288,07:12:02.288,blofin,AEVO/USDT:USDT,0.11149,4.0,0.11148,1.0,0.11151,4278.0,0.11152,1.0
1753600322898,07:12:02.898,blofin,AEVO/USDT:USDT,0.11146,4.0,0.11145,4378.0,0.11149,4188.0,0.11152,12729.0
1753600323287,07:12:03.287,blofin,AEVO/USDT:USDT,0.11146,2.0,0.11145,4378.0,0.11147,1561.0,0.11148,25810.0
1753600323897,07:12:03.897,blofin,AEVO/USDT:USDT,0.11145,4379.0,0.11144,8624.0,0.11147,3.0,0.11148,12.0
1753600324899,07:12:04.899,blofin,AEVO/USDT:USDT,0.11145,5302.0,0.11144,4381.0,0.11147,12.0,0.11148,4.0
1753600325289,07:12:05.289,blofin,AEVO/USDT:USDT,0.11145,5306.0,0.11144,4378.0,0.11147,12.0,0.11148,4.0
1753600325898,07:12:05.898,blofin,AEVO/USDT:USDT,0.11145,4382.0,0.11144,5302.0,0.11147,12.0,0.11148,4577.0
1753600326304,07:12:06.304,blofin,AEVO/USDT:USDT,0.11145,4378.0,0.11144,5306.0,0.11147,12.0,0.11148,4577.0
1753600326900,07:12:06.900,blofin,AEVO/USDT:USDT,0.11147,1.0,0.11146,61499.0,0.11148,4.0,0.11151,3502.0
1753600327294,07:12:07.294,blofin,AEVO/USDT:USDT,0.11147,2.0,0.11146,61496.0,0.11148,4.0,0.11151,3502.0
1753600328295,07:12:08.295,blofin,AEVO/USDT:USDT,0.11147,2.0,0.11146,2.0,0.11151,3511.0,0.11152,36727.0
1753600328900,07:12:08.900,blofin,AEVO/USDT:USDT,0.11147,2.0,0.11146,4.0,0.11151,3512.0,0.11152,12098.0
1753600329296,07:12:09.296,blofin,AEVO/USDT:USDT,0.11147,2.0,0.11146,4.0,0.11151,3511.0,0.11152,12098.0
1753600329901,07:12:09.901,blofin,AEVO/USDT:USDT,0.11147,3.0,0.11146,3.0,0.11151,6.0,0.11152,3503.0
1753600330298,07:12:10.298,blofin,AEVO/USDT:USDT,0.11147,3.0,0.11146,3.0,0.11151,6.0,0.11152,3503.0
1753600331300,07:12:11.300,blofin,AEVO/USDT:USDT,0.11147,2.0,0.11146,5.0,0.11151,3509.0,0.11152,7707.0
1753600331903,07:12:11.903,blofin,AEVO/USDT:USDT,0.11147,3.0,0.11146,3.0,0.11151,3509.0,0.11153,46390.0
1753600332301,07:12:12.301,blofin,AEVO/USDT:USDT,0.11147,3.0,0.11146,3.0,0.11151,3512.0,0.11153,46390.0
1753600332904,07:12:12.904,blofin,AEVO/USDT:USDT,0.11147,2.0,0.11146,1310.0,0.11151,2179.0,0.11155,471.0
1753600333375,07:12:13.375,blofin,AEVO/USDT:USDT,0.11165,1.0,0.11164,17222.0,0.11166,10933.0,0.11167,8014.0
1753600333907,07:12:13.907,blofin,AEVO/USDT:USDT,0.11169,1413.0,0.11165,54586.0,0.1117,5565.0,0.11171,5565.0
1753600334305,07:12:14.305,blofin,AEVO/USDT:USDT,0.11167,1415.0,0.11166,54016.0,0.1117,5565.0,0.11171,8964.0
1753600335290,07:12:15.290,blofin,AEVO/USDT:USDT,0.11167,493.0,0.11165,21891.0,0.1117,5565.0,0.11171,6273.0
1753600335907,07:12:15.907,blofin,AEVO/USDT:USDT,0.11167,2377.0,0.11165,22208.0,0.11169,751.0,0.1117,29566.0
1753600336310,07:12:16.310,blofin,AEVO/USDT:USDT,0.11167,2377.0,0.11166,37258.0,0.11169,3374.0,0.1117,29421.0
1753600336812,07:12:16.812,blofin,AEVO/USDT:USDT,0.11167,2377.0,0.11166,37258.0,0.11169,3374.0,0.1117,29421.0
1753600337312,07:12:17.312,blofin,AEVO/USDT:USDT,0.11167,2.0,0.11166,2375.0,0.11169,3374.0,0.1117,27757.0
1753600337909,07:12:17.909,blofin,AEVO/USDT:USDT,0.11166,2380.0,0.11163,15668.0,0.11169,3372.0,0.1117,27757.0
1753600338312,07:12:18.312,blofin,AEVO/USDT:USDT,0.11167,2402.0,0.11166,5.0,0.11169,3.0,0.1117,2810.0
1753600338909,07:12:18.909,blofin,AEVO/USDT:USDT,0.11167,2402.0,0.11166,5.0,0.1117,2815.0,0.11172,24156.0
1753600339823,07:12:19.823,blofin,AEVO/USDT:USDT,0.11167,2403.0,0.11164,33377.0,0.1117,2811.0,0.11172,24156.0
1753600340316,07:12:20.316,blofin,AEVO/USDT:USDT,0.11167,2406.0,0.11165,58849.0,0.11169,2810.0,0.1117,22954.0
1753600341320,07:12:21.320,blofin,AEVO/USDT:USDT,0.11167,2406.0,0.11163,57621.0,0.11169,5.0,0.1117,2810.0
1753600341910,07:12:21.910,blofin,AEVO/USDT:USDT,0.11167,5.0,0.11166,2404.0,0.11169,2815.0,0.1117,23757.0
1753600342820,07:12:22.820,blofin,AEVO/USDT:USDT,0.11165,2407.0,0.11163,30947.0,0.11168,2810.0,0.11169,3.0
1753600343321,07:12:23.321,blofin,AEVO/USDT:USDT,0.11165,969.0,0.11162,11596.0,0.11167,600.0,0.11168,1.0
1753600343913,07:12:23.913,blofin,AEVO/USDT:USDT,0.11165,1.0,0.11164,968.0,0.11167,605.0,0.11168,17228.0
1753600344321,07:12:24.321,blofin,AEVO/USDT:USDT,0.11164,970.0,0.11162,31770.0,0.11167,605.0,0.11168,17228.0
1753600344824,07:12:24.824,blofin,AEVO/USDT:USDT,0.11165,968.0,0.11164,2.0,0.11167,5.0,0.11169,600.0
1753600345323,07:12:25.323,blofin,AEVO/USDT:USDT,0.11165,3062.0,0.11164,27727.0,0.11167,5.0,0.11169,474.0
1753600345913,07:12:25.913,blofin,AEVO/USDT:USDT,0.11165,3761.0,0.11164,5.0,0.11167,5.0,0.1117,2810.0
1753600346325,07:12:26.325,blofin,AEVO/USDT:USDT,0.11165,3761.0,0.11164,5.0,0.11167,5.0,0.1117,2810.0
1753600346913,07:12:26.913,blofin,AEVO/USDT:USDT,0.11165,3071.0,0.11164,15920.0,0.11167,5.0,0.1117,2810.0
1753600347326,07:12:27.326,blofin,AEVO/USDT:USDT,0.11165,3072.0,0.11164,15915.0,0.11167,5.0,0.1117,2810.0
1753600347915,07:12:27.915,blofin,AEVO/USDT:USDT,0.11165,3076.0,0.11164,15915.0,0.1117,2812.0,0.11171,25060.0
1753600348330,07:12:28.330,blofin,AEVO/USDT:USDT,0.11165,3064.0,0.11161,3450.0,0.11169,2810.0,0.1117,2660.0
1753600348914,07:12:28.914,blofin,AEVO/USDT:USDT,0.11165,3064.0,0.11164,52537.0,0.11169,1.0,0.1117,2810.0
1753600349329,07:12:29.329,blofin,AEVO/USDT:USDT,0.11165,3064.0,0.11164,52537.0,0.11169,1.0,0.1117,2810.0
1753600349914,07:12:29.914,blofin,AEVO/USDT:USDT,0.11165,3415.0,0.1116,69622.0,0.1117,2815.0,0.11173,33591.0
1753600350330,07:12:30.330,blofin,AEVO/USDT:USDT,0.11165,3411.0,0.1116,69622.0,0.1117,2815.0,0.11173,33591.0
1753600351334,07:12:31.334,blofin,AEVO/USDT:USDT,0.11165,3415.0,0.11163,47888.0,0.1117,2813.0,0.11173,566.0
1753600351916,07:12:31.916,blofin,AEVO/USDT:USDT,0.11165,3415.0,0.11162,35649.0,0.1117,2813.0,0.11172,10092.0
1753600352334,07:12:32.334,blofin,AEVO/USDT:USDT,0.11165,3415.0,0.11162,35649.0,0.1117,2815.0,0.11172,10092.0
1753600352835,07:12:32.835,blofin,AEVO/USDT:USDT,0.11165,3415.0,0.11162,35649.0,0.1117,2813.0,0.11172,10092.0
1753600353337,07:12:33.337,blofin,AEVO/USDT:USDT,0.11166,3.0,0.11165,25.0,0.11169,3027.0,0.1117,33068.0
1753600353917,07:12:33.917,blofin,AEVO/USDT:USDT,0.11166,28.0,0.11161,13369.0,0.11169,3.0,0.1117,3024.0
1753600354340,07:12:34.340,blofin,AEVO/USDT:USDT,0.11165,2449.0,0.1116,70317.0,0.11169,3.0,0.1117,8553.0
1753600354918,07:12:34.918,blofin,AEVO/USDT:USDT,0.11165,5.0,0.11164,2442.0,0.11169,3027.0,0.1117,8144.0
1753600355842,07:12:35.842,blofin,AEVO/USDT:USDT,0.11165,5.0,0.11164,2442.0,0.11169,3025.0,0.1117,8144.0
1753600356343,07:12:36.343,blofin,AEVO/USDT:USDT,0.11165,2510.0,0.11164,57460.0,0.11169,1.0,0.1117,3024.0
1753600356919,07:12:36.919,blofin,AEVO/USDT:USDT,0.11165,2092.0,0.11163,3148.0,0.11169,1.0,0.1117,8553.0
1753600357344,07:12:37.344,blofin,AEVO/USDT:USDT,0.11166,2091.0,0.11165,1.0,0.1117,8558.0,0.11172,6579.0
1753600358345,07:12:38.345,blofin,AEVO/USDT:USDT,0.11166,6.0,0.11165,10.0,0.11169,8553.0,0.1117,27410.0
1753600358919,07:12:38.919,blofin,AEVO/USDT:USDT,0.11166,16.0,0.11163,2726.0,0.11169,3026.0,0.1117,38186.0
1753600359347,07:12:39.347,blofin,AEVO/USDT:USDT,0.11166,19.0,0.11163,2726.0,0.11169,3026.0,0.1117,38186.0
1753600359921,07:12:39.921,blofin,AEVO/USDT:USDT,0.11166,19.0,0.11163,36113.0,0.11169,2.0,0.1117,3029.0
1753600360327,07:12:40.327,blofin,AEVO/USDT:USDT,0.11167,10.0,0.11166,9.0,0.11169,2.0,0.1117,3029.0
1753600360921,07:12:40.921,blofin,AEVO/USDT:USDT,0.11167,2.0,0.11166,1553.0,0.11169,2813.0,0.1117,32920.0
1753600361923,07:12:41.923,blofin,AEVO/USDT:USDT,0.11167,1548.0,0.11166,70200.0,0.11169,2813.0,0.1117,17104.0
1753600362349,07:12:42.349,blofin,AEVO/USDT:USDT,0.11167,1551.0,0.11166,70196.0,0.11169,2813.0,0.1117,17104.0
1753600362924,07:12:42.924,blofin,AEVO/USDT:USDT,0.11167,1549.0,0.11166,70196.0,0.11169,2812.0,0.1117,17104.0
1753600364352,07:12:44.352,blofin,AEVO/USDT:USDT,0.11167,1549.0,0.11166,5.0,0.1117,2819.0,0.11175,36491.0
1753600364927,07:12:44.927,blofin,AEVO/USDT:USDT,0.11167,1549.0,0.11166,5.0,0.1117,2820.0,0.11175,39780.0
1753600365353,07:12:45.353,blofin,AEVO/USDT:USDT,0.11167,1549.0,0.11166,5.0,0.1117,2817.0,0.11175,39780.0
1753600365926,07:12:45.926,blofin,AEVO/USDT:USDT,0.11167,1.0,0.11166,1553.0,0.11169,2811.0,0.1117,17357.0
1753600366855,07:12:46.855,blofin,AEVO/USDT:USDT,0.11166,1555.0,0.11165,40462.0,0.11169,2811.0,0.1117,17357.0
1753600367354,07:12:47.354,blofin,AEVO/USDT:USDT,0.11167,1549.0,0.11166,59145.0,0.1117,2817.0,0.11175,18996.0
1753600367857,07:12:47.857,blofin,AEVO/USDT:USDT,0.11167,1549.0,0.11166,59145.0,0.1117,2817.0,0.11175,18996.0
1753600368356,07:12:48.356,blofin,AEVO/USDT:USDT,0.11167,3.0,0.11166,1553.0,0.11169,2811.0,0.1117,32633.0
1753600368934,07:12:48.934,blofin,AEVO/USDT:USDT,0.11167,1548.0,0.11166,6.0,0.1117,4375.0,0.11173,13827.0
1753600369358,07:12:49.358,blofin,AEVO/USDT:USDT,0.11167,1550.0,0.11166,5.0,0.1117,4375.0,0.11173,13827.0
1753600369935,07:12:49.935,blofin,AEVO/USDT:USDT,0.11167,2.0,0.11166,1553.0,0.11169,4367.0,0.1117,19328.0
1753600370359,07:12:50.359,blofin,AEVO/USDT:USDT,0.11167,2.0,0.11166,1553.0,0.11169,4367.0,0.1117,19328.0
1753600371361,07:12:51.361,blofin,AEVO/USDT:USDT,0.11167,2.0,0.11166,1553.0,0.11169,4368.0,0.1117,281.0
1753600371915,07:12:51.915,blofin,AEVO/USDT:USDT,0.11167,2.0,0.11166,1553.0,0.11169,4368.0,0.1117,24239.0
1753600372364,07:12:52.364,blofin,AEVO/USDT:USDT,0.11167,1550.0,0.11166,5.0,0.11169,4370.0,0.1117,26512.0
1753600373036,07:12:53.036,blofin,AEVO/USDT:USDT,0.11167,2984.0,0.11166,21737.0,0.11169,4.0,0.1117,4371.0
1753600373316,07:12:53.316,blofin,AEVO/USDT:USDT,0.1117,1451.0,0.11168,42406.0,0.11171,1716.0,0.11173,1.0
1753600374368,07:12:54.368,blofin,AEVO/USDT:USDT,0.1117,4181.0,0.11166,4967.0,0.11173,551.0,0.11174,39999.0
1753600374939,07:12:54.939,blofin,AEVO/USDT:USDT,0.1117,4728.0,0.11168,32817.0,0.11173,553.0,0.11174,18895.0
1753600375368,07:12:55.368,blofin,AEVO/USDT:USDT,0.1117,4728.0,0.11168,32817.0,0.11173,553.0,0.11174,18895.0
1753600375939,07:12:55.939,blofin,AEVO/USDT:USDT,0.1117,2.0,0.11167,4726.0,0.11173,553.0,0.11174,2516.0
1753600376384,07:12:56.384,blofin,AEVO/USDT:USDT,0.1117,2.0,0.11167,4726.0,0.11173,552.0,0.11174,2516.0
1753600376942,07:12:56.942,blofin,AEVO/USDT:USDT,0.11168,1103.0,0.11166,5.0,0.11173,552.0,0.11174,2516.0
1753600378371,07:12:58.371,blofin,AEVO/USDT:USDT,0.1117,3036.0,0.11169,56846.0,0.11172,551.0,0.11173,2096.0
1753600378945,07:12:58.945,blofin,AEVO/USDT:USDT,0.1117,3090.0,0.11169,15913.0,0.11172,555.0,0.11175,21284.0
1753600379372,07:12:59.372,blofin,AEVO/USDT:USDT,0.1117,3089.0,0.11169,15913.0,0.11172,555.0,0.11175,21284.0
1753600380344,07:13:00.344,blofin,AEVO/USDT:USDT,0.1117,4.0,0.11167,3085.0,0.11172,6.0,0.11176,23415.0
1753600380944,07:13:00.944,blofin,AEVO/USDT:USDT,0.11167,4666.0,0.11166,30598.0,0.11172,6.0,0.11176,5850.0
1753600381376,07:13:01.376,blofin,AEVO/USDT:USDT,0.11167,3345.0,0.11166,58233.0,0.11171,85.0,0.11172,23929.0
1753600381944,07:13:01.944,blofin,AEVO/USDT:USDT,0.11168,2263.0,0.11166,16041.0,0.11171,70.0,0.11172,37234.0
1753600382381,07:13:02.381,blofin,AEVO/USDT:USDT,0.11168,2261.0,0.11166,16041.0,0.11171,70.0,0.11172,37234.0
1753600382945,07:13:02.945,blofin,AEVO/USDT:USDT,0.11168,2260.0,0.11166,16041.0,0.11171,70.0,0.11172,37234.0
1753600383947,07:13:03.947,blofin,AEVO/USDT:USDT,0.11169,1717.0,0.11168,1.0,0.11171,73.0,0.11172,6774.0
1753600384547,07:13:04.547,blofin,AEVO/USDT:USDT,0.11169,1508.0,0.11168,74614.0,0.11171,3.0,0.11172,69.0
1753600384948,07:13:04.948,blofin,AEVO/USDT:USDT,0.11169,2.0,0.11168,542.0,0.11171,72.0,0.11172,12182.0
1753600385383,07:13:05.383,blofin,AEVO/USDT:USDT,0.11169,2.0,0.11168,542.0,0.11171,72.0,0.11172,12182.0
1753600386382,07:13:06.382,blofin,AEVO/USDT:USDT,0.11169,2050.0,0.11168,5.0,0.11172,72.0,0.11176,37565.0
1753600386948,07:13:06.948,blofin,AEVO/USDT:USDT,0.11169,2055.0,0.11168,51286.0,0.11172,72.0,0.11176,7388.0
1753600387383,07:13:07.383,blofin,AEVO/USDT:USDT,0.11169,2055.0,0.11168,51286.0,0.11172,73.0,0.11176,7388.0
1753600387960,07:13:07.960,blofin,AEVO/USDT:USDT,0.11169,2060.0,0.11168,51286.0,0.11172,74.0,0.11176,1538.0
1753600388886,07:13:08.886,blofin,AEVO/USDT:USDT,0.11169,18.0,0.11166,8908.0,0.11171,72.0,0.11172,18505.0
1753600389386,07:13:09.386,blofin,AEVO/USDT:USDT,0.11169,5.0,0.11168,555.0,0.11171,72.0,0.11172,38660.0
1753600389886,07:13:09.886,blofin,AEVO/USDT:USDT,0.11169,5.0,0.11168,555.0,0.11171,73.0,0.11172,38660.0
1753600390387,07:13:10.387,blofin,AEVO/USDT:USDT,0.11169,2624.0,0.11168,30557.0,0.11172,73.0,0.11174,12058.0
1753600390950,07:13:10.950,blofin,AEVO/USDT:USDT,0.11169,5.0,0.11168,2620.0,0.11171,69.0,0.11172,22779.0
1753600391949,07:13:11.949,blofin,AEVO/USDT:USDT,0.11169,3562.0,0.11168,58653.0,0.11171,2.0,0.11172,70.0
1753600392389,07:13:12.389,blofin,AEVO/USDT:USDT,0.11176,3557.0,0.11174,44138.0,0.11179,71.0,0.1118,28583.0
1753600393390,07:13:13.390,blofin,AEVO/USDT:USDT,0.11177,2.0,0.11176,2389.0,0.11179,123.0,0.1118,9043.0
1753600393952,07:13:13.952,blofin,AEVO/USDT:USDT,0.11177,3674.0,0.11173,26722.0,0.11179,126.0,0.11182,29858.0
1753600394391,07:13:14.391,blofin,AEVO/USDT:USDT,0.11177,3673.0,0.11173,26722.0,0.11179,126.0,0.11182,29858.0
1753600394953,07:13:14.953,blofin,AEVO/USDT:USDT,0.11177,1.0,0.11176,3672.0,0.11179,128.0,0.1118,9275.0
1753600395953,07:13:15.953,blofin,AEVO/USDT:USDT,0.11177,1.0,0.11176,3203.0,0.11179,124.0,0.1118,22707.0
1753600396394,07:13:16.394,blofin,AEVO/USDT:USDT,0.11176,3205.0,0.11173,1545.0,0.11179,124.0,0.1118,22707.0
1753600396954,07:13:16.954,blofin,AEVO/USDT:USDT,0.11177,3672.0,0.11176,2.0,0.11179,1.0,0.1118,123.0
1753600397956,07:13:17.956,blofin,AEVO/USDT:USDT,0.11177,3677.0,0.11175,953.0,0.1118,127.0,0.11181,10276.0
1753600398397,07:13:18.397,blofin,AEVO/USDT:USDT,0.11177,3677.0,0.11174,46370.0,0.1118,126.0,0.11182,8877.0
1753600398957,07:13:18.957,blofin,AEVO/USDT:USDT,0.11177,3677.0,0.11173,22690.0,0.1118,126.0,0.11181,2253.0
1753600399882,07:13:19.882,blofin,AEVO/USDT:USDT,0.11177,3.0,0.11174,7085.0,0.1118,126.0,0.11182,8877.0
1753600400548,07:13:20.548,blofin,AEVO/USDT:USDT,0.11174,5667.0,0.11172,36558.0,0.1118,125.0,0.11181,9482.0
1753600400957,07:13:20.957,blofin,AEVO/USDT:USDT,0.11174,7180.0,0.11169,46138.0,0.11179,123.0,0.1118,4340.0
1753600401660,07:13:21.660,blofin,AEVO/USDT:USDT,0.11171,7176.0,0.11169,5.0,0.11174,123.0,0.11177,33476.0
1753600402402,07:13:22.402,blofin,AEVO/USDT:USDT,0.11169,5.0,0.11167,792.0,0.11172,2627.0,0.11173,64660.0
1753600402959,07:13:22.959,blofin,AEVO/USDT:USDT,0.11169,5.0,0.11166,8822.0,0.11172,2628.0,0.11173,64660.0
1753600403547,07:13:23.547,blofin,AEVO/USDT:USDT,0.11169,20.0,0.11166,24547.0,0.11173,2630.0,0.11174,732.0
1753600404365,07:13:24.365,blofin,AEVO/USDT:USDT,0.11171,542.0,0.11169,34251.0,0.11173,5.0,0.11176,2221.0
1753600404959,07:13:24.959,blofin,AEVO/USDT:USDT,0.11171,1077.0,0.11169,5.0,0.11175,907.0,0.11176,5.0
1753600405410,07:13:25.410,blofin,AEVO/USDT:USDT,0.11171,1077.0,0.11169,5.0,0.11175,907.0,0.11176,5.0
1753600405962,07:13:25.962,blofin,AEVO/USDT:USDT,0.1117,7134.0,0.11169,5.0,0.11175,907.0,0.11176,5.0
1753600406409,07:13:26.409,blofin,AEVO/USDT:USDT,0.1117,7134.0,0.11169,5.0,0.11175,909.0,0.11178,2467.0
1753600406915,07:13:26.915,blofin,AEVO/USDT:USDT,0.11171,7132.0,0.11169,5.0,0.11175,2.0,0.11176,907.0
1753600407410,07:13:27.410,blofin,AEVO/USDT:USDT,0.11178,542.0,0.11176,37207.0,0.11179,2995.0,0.1118,907.0
1753600407963,07:13:27.963,blofin,AEVO/USDT:USDT,0.11178,547.0,0.11177,3485.0,0.1118,909.0,0.11182,14164.0
1753600408412,07:13:28.412,blofin,AEVO/USDT:USDT,0.11178,729.0,0.11177,3485.0,0.1118,2.0,0.11181,1.0
1753600409414,07:13:29.414,blofin,AEVO/USDT:USDT,0.11178,727.0,0.11177,471.0,0.1118,3.0,0.11182,8877.0
1753600410417,07:13:30.417,blofin,AEVO/USDT:USDT,0.11178,3.0,0.11177,1195.0,0.1118,6.0,0.11181,28631.0
1753600410915,07:13:30.915,blofin,AEVO/USDT:USDT,0.11177,1197.0,0.11176,3592.0,0.1118,6.0,0.11181,28631.0
1753600411416,07:13:31.416,blofin,AEVO/USDT:USDT,0.11178,1961.0,0.11177,2.0,0.1118,5.0,0.11181,1.0
1753600411917,07:13:31.917,blofin,AEVO/USDT:USDT,0.11178,1964.0,0.11174,6671.0,0.1118,5.0,0.11181,1.0
1753600412417,07:13:32.417,blofin,AEVO/USDT:USDT,0.11178,1964.0,0.11173,41419.0,0.1118,5.0,0.11181,1.0
1753600412972,07:13:32.972,blofin,AEVO/USDT:USDT,0.11178,1966.0,0.11177,13099.0,0.1118,1.0,0.11181,36460.0
1753600413420,07:13:33.420,blofin,AEVO/USDT:USDT,0.11178,1966.0,0.11177,13099.0,0.1118,4.0,0.11181,36456.0
1753600414922,07:13:34.922,blofin,AEVO/USDT:USDT,0.11178,1966.0,0.11176,42228.0,0.1118,4.0,0.11181,8845.0
1753600415422,07:13:35.422,blofin,AEVO/USDT:USDT,0.11178,1966.0,0.11176,38761.0,0.1118,5.0,0.11181,38615.0
1753600416424,07:13:36.424,blofin,AEVO/USDT:USDT,0.11178,1966.0,0.11177,8164.0,0.1118,3.0,0.11181,2.0
1753600416925,07:13:36.925,blofin,AEVO/USDT:USDT,0.11178,1963.0,0.11177,8164.0,0.1118,3.0,0.11181,2.0
1753600417428,07:13:37.428,blofin,AEVO/USDT:USDT,0.11178,2.0,0.11177,2405.0,0.1118,5.0,0.11181,6760.0
1753600417983,07:13:37.983,blofin,AEVO/USDT:USDT,0.11178,2.0,0.11177,2405.0,0.1118,5.0,0.11181,6760.0
1753600418440,07:13:38.440,blofin,AEVO/USDT:USDT,0.11178,1965.0,0.11177,2.0,0.1118,4.0,0.11181,2.0
1753600418928,07:13:38.928,blofin,AEVO/USDT:USDT,0.11178,1965.0,0.11177,2.0,0.1118,3.0,0.11181,4.0
1753600419430,07:13:39.430,blofin,AEVO/USDT:USDT,0.11178,1965.0,0.11177,2.0,0.1118,3.0,0.11181,6.0
1753600420429,07:13:40.429,blofin,AEVO/USDT:USDT,0.11177,1966.0,0.11174,56619.0,0.1118,781.0,0.11181,5563.0
1753600420930,07:13:40.930,blofin,AEVO/USDT:USDT,0.11177,1965.0,0.11174,56619.0,0.1118,781.0,0.11181,5563.0
1753600421432,07:13:41.432,blofin,AEVO/USDT:USDT,0.11177,1966.0,0.11176,29623.0,0.1118,781.0,0.11181,7695.0
1753600421931,07:13:41.931,blofin,AEVO/USDT:USDT,0.11177,1966.0,0.11176,29623.0,0.1118,781.0,0.11181,7695.0
1753600423069,07:13:43.069,blofin,AEVO/USDT:USDT,0.11179,5.0,0.11178,1961.0,0.1118,3.0,0.11181,778.0
1753600423937,07:13:43.937,blofin,AEVO/USDT:USDT,0.11178,1962.0,0.11177,2.0,0.1118,3.0,0.11181,778.0
1753600424437,07:13:44.437,blofin,AEVO/USDT:USDT,0.11178,1452.0,0.11177,2.0,0.1118,3.0,0.11181,37.0
1753600424938,07:13:44.938,blofin,AEVO/USDT:USDT,0.11178,1454.0,0.11177,2.0,0.1118,3.0,0.11181,37.0
1753600425438,07:13:45.438,blofin,AEVO/USDT:USDT,0.11178,228.0,0.11177,2.0,0.1118,3.0,0.11181,37.0
1753600425940,07:13:45.940,blofin,AEVO/USDT:USDT,0.11178,228.0,0.11177,2.0,0.1118,3.0,0.11181,37.0
1753600426441,07:13:46.441,blofin,AEVO/USDT:USDT,0.11178,770.0,0.11177,2.0,0.1118,3.0,0.11181,37.0
1753600427443,07:13:47.443,blofin,AEVO/USDT:USDT,0.11179,768.0,0.11177,2.0,0.1118,3.0,0.11181,4.0
1753600427943,07:13:47.943,blofin,AEVO/USDT:USDT,0.11179,767.0,0.11177,2.0,0.1118,3.0,0.11181,4.0
1753600428444,07:13:48.444,blofin,AEVO/USDT:USDT,0.11179,771.0,0.11177,2.0,0.1118,3.0,0.11182,37.0
1753600428944,07:13:48.944,blofin,AEVO/USDT:USDT,0.11179,771.0,0.11177,2.0,0.1118,3.0,0.11182,33.0
1753600429445,07:13:49.445,blofin,AEVO/USDT:USDT,0.11179,769.0,0.11177,47502.0,0.1118,3.0,0.11182,33.0
1753600429945,07:13:49.945,blofin,AEVO/USDT:USDT,0.11179,769.0,0.11177,47502.0,0.1118,3.0,0.11182,33.0
1753600430445,07:13:50.445,blofin,AEVO/USDT:USDT,0.11179,769.0,0.11177,2.0,0.1118,3.0,0.11182,33.0
1753600431449,07:13:51.449,blofin,AEVO/USDT:USDT,0.11179,771.0,0.11177,66197.0,0.1118,3.0,0.11182,33.0
1753600431947,07:13:51.947,blofin,AEVO/USDT:USDT,0.11179,771.0,0.11177,66197.0,0.1118,3.0,0.11182,37.0
1753600432448,07:13:52.448,blofin,AEVO/USDT:USDT,0.11179,229.0,0.11177,48511.0,0.1118,3.0,0.11182,36.0
1753600432949,07:13:52.949,blofin,AEVO/USDT:USDT,0.11179,227.0,0.11177,48511.0,0.1118,3.0,0.11182,36.0
1753600433451,07:13:53.451,blofin,AEVO/USDT:USDT,0.11179,5.0,0.11178,1510.0,0.1118,3.0,0.11181,32.0
1753600433951,07:13:53.951,blofin,AEVO/USDT:USDT,0.11179,5.0,0.11178,1510.0,0.1118,3.0,0.11181,33.0
1753600434451,07:13:54.451,blofin,AEVO/USDT:USDT,0.11179,5.0,0.11178,1510.0,0.1118,3.0,0.11181,36.0
1753600434951,07:13:54.951,blofin,AEVO/USDT:USDT,0.11179,5.0,0.11178,1510.0,0.1118,3.0,0.11181,34.0
1753600435953,07:13:55.953,blofin,AEVO/USDT:USDT,0.11178,1514.0,0.11177,2.0,0.1118,3.0,0.11181,34.0
1753600436455,07:13:56.455,blofin,AEVO/USDT:USDT,0.11178,972.0,0.11177,2.0,0.1118,3.0,0.11181,36.0
1753600436955,07:13:56.955,blofin,AEVO/USDT:USDT,0.11178,972.0,0.11177,2.0,0.1118,3.0,0.11181,33.0
1753600437455,07:13:57.455,blofin,AEVO/USDT:USDT,0.11179,969.0,0.11177,2.0,0.1118,3.0,0.11181,33.0
1753600437956,07:13:57.956,blofin,AEVO/USDT:USDT,0.11179,969.0,0.11177,2.0,0.1118,3.0,0.11181,37.0
1753600438957,07:13:58.957,blofin,AEVO/USDT:USDT,0.11179,1.0,0.11178,1030.0,0.1118,3.0,0.11181,35.0
1753600439457,07:13:59.457,blofin,AEVO/USDT:USDT,0.11179,1033.0,0.11177,2.0,0.1118,3.0,0.11181,3.0
1753600440262,07:14:00.262,blofin,AEVO/USDT:USDT,0.11179,3.0,0.11178,1093.0,0.1118,3.0,0.11181,3.0
1753600440960,07:14:00.960,blofin,AEVO/USDT:USDT,0.11179,1031.0,0.11178,63.0,0.1118,3.0,0.11181,3.0
1753600441961,07:14:01.961,blofin,AEVO/USDT:USDT,0.11179,1.0,0.11178,63.0,0.1118,1168.0,0.11181,15271.0
1753600442526,07:14:02.526,blofin,AEVO/USDT:USDT,0.11172,1580.0,0.11171,521.0,0.11175,1651.0,0.1118,28215.0
1753600443177,07:14:03.177,blofin,AEVO/USDT:USDT,0.11172,1581.0,0.1117,3.0,0.11174,4.0,0.11178,2402.0
1753600443456,07:14:03.456,blofin,AEVO/USDT:USDT,0.11176,1451.0,0.11174,25079.0,0.1118,842.0,0.11181,316.0
1753600443965,07:14:03.965,blofin,AEVO/USDT:USDT,0.11176,1456.0,0.11174,25079.0,0.1118,842.0,0.11181,316.0
1753600444965,07:14:04.965,blofin,AEVO/USDT:USDT,0.11176,5.0,0.11175,1451.0,0.1118,1655.0,0.11181,58822.0
1753600445466,07:14:05.466,blofin,AEVO/USDT:USDT,0.11176,5.0,0.11172,3461.0,0.1118,3794.0,0.11181,57845.0
1753600446166,07:14:06.166,blofin,AEVO/USDT:USDT,0.11176,5.0,0.11173,1079.0,0.11179,3805.0,0.1118,36523.0
1753600446731,07:14:06.731,blofin,AEVO/USDT:USDT,0.11174,1079.0,0.11173,3.0,0.11179,1.0,0.1118,3.0
1753600447058,07:14:07.058,blofin,AEVO/USDT:USDT,0.11174,1107.0,0.11173,3.0,0.1118,8.0,0.11181,1.0
1753600447946,07:14:07.946,blofin,AEVO/USDT:USDT,0.11173,707.0,0.11172,48833.0,0.11179,2364.0,0.1118,20366.0
1753600448470,07:14:08.470,blofin,AEVO/USDT:USDT,0.11173,8.0,0.11169,43642.0,0.11176,1.0,0.11179,26197.0
1753600448972,07:14:08.972,blofin,AEVO/USDT:USDT,0.11173,2.0,0.11172,19.0,0.11176,156.0,0.11177,39981.0
1753600449472,07:14:09.472,blofin,AEVO/USDT:USDT,0.11173,17.0,0.11172,4.0,0.11177,391.0,0.11178,55553.0
1753600449973,07:14:09.973,blofin,AEVO/USDT:USDT,0.11173,21.0,0.11171,24707.0,0.11177,391.0,0.11178,55553.0
1753600450764,07:14:10.764,blofin,AEVO/USDT:USDT,0.1117,15.0,0.11166,51871.0,0.11173,919.0,0.11174,34205.0
1753600450973,07:14:10.973,blofin,AEVO/USDT:USDT,0.1117,15.0,0.11166,51871.0,0.11173,920.0,0.11174,34205.0
1753600451974,07:14:11.974,blofin,AEVO/USDT:USDT,0.11171,1.0,0.11167,23635.0,0.11174,5.0,0.11175,557.0
1753600452477,07:14:12.477,blofin,AEVO/USDT:USDT,0.1117,1.0,0.11167,55632.0,0.11174,2395.0,0.11175,49367.0
1753600452977,07:14:12.977,blofin,AEVO/USDT:USDT,0.1117,6.0,0.11167,55632.0,0.11174,2395.0,0.11175,49367.0
1753600453477,07:14:13.477,blofin,AEVO/USDT:USDT,0.1117,5.0,0.11167,9237.0,0.11174,2396.0,0.11175,26072.0
1753600453977,07:14:13.977,blofin,AEVO/USDT:USDT,0.1117,5.0,0.11167,9237.0,0.11174,2396.0,0.11175,26072.0
1753600454478,07:14:14.478,blofin,AEVO/USDT:USDT,0.11171,1.0,0.1117,4.0,0.11174,2.0,0.11175,2395.0
1753600455479,07:14:15.479,blofin,AEVO/USDT:USDT,0.11171,1.0,0.1117,56247.0,0.11174,2397.0,0.11175,46377.0
1753600455960,07:14:15.960,blofin,AEVO/USDT:USDT,0.11172,586.0,0.1117,4.0,0.11174,10.0,0.11175,25430.0
1753600456480,07:14:16.480,blofin,AEVO/USDT:USDT,0.11172,589.0,0.11167,81083.0,0.11174,2.0,0.11175,8.0
1753600456981,07:14:16.981,blofin,AEVO/USDT:USDT,0.11172,589.0,0.11167,81083.0,0.11174,2.0,0.11175,8.0
1753600457481,07:14:17.481,blofin,AEVO/USDT:USDT,0.11172,972.0,0.11167,32675.0,0.11174,2.0,0.11175,8.0
1753600457982,07:14:17.982,blofin,AEVO/USDT:USDT,0.11172,972.0,0.11167,32675.0,0.11175,9.0,0.11178,40879.0
1753600458985,07:14:18.985,blofin,AEVO/USDT:USDT,0.11172,974.0,0.11171,2039.0,0.11174,11.0,0.11175,43789.0
1753600459489,07:14:19.489,blofin,AEVO/USDT:USDT,0.11171,3009.0,0.11167,31711.0,0.11174,11.0,0.11175,2431.0
1753600459988,07:14:19.988,blofin,AEVO/USDT:USDT,0.11171,970.0,0.1117,2888.0,0.11174,11.0,0.11179,26188.0
1753600460659,07:14:20.659,blofin,AEVO/USDT:USDT,0.11171,2.0,0.11167,794.0,0.11174,3.0,0.11177,1.0
1753600461367,07:14:21.367,blofin,AEVO/USDT:USDT,0.11172,10.0,0.11171,1.0,0.11174,3.0,0.11177,322.0
1753600461990,07:14:21.990,blofin,AEVO/USDT:USDT,0.11175,542.0,0.11172,4493.0,0.11178,4.0,0.11179,23641.0
1753600462561,07:14:22.561,blofin,AEVO/USDT:USDT,0.11176,177.0,0.11174,3771.0,0.11179,8.0,0.1118,39375.0
1753600462992,07:14:22.992,blofin,AEVO/USDT:USDT,0.11176,177.0,0.11174,3771.0,0.11179,8.0,0.1118,39375.0
1753600463492,07:14:23.492,blofin,AEVO/USDT:USDT,0.11176,3.0,0.11175,969.0,0.11178,1.0,0.11179,8243.0
1753600463993,07:14:23.993,blofin,AEVO/USDT:USDT,0.11176,3.0,0.11175,969.0,0.11178,4.0,0.11179,8239.0
1753600464494,07:14:24.494,blofin,AEVO/USDT:USDT,0.11176,972.0,0.11175,3420.0,0.11178,3.0,0.11179,4.0
1753600465500,07:14:25.500,blofin,AEVO/USDT:USDT,0.11176,972.0,0.11175,3420.0,0.11178,1083.0,0.11179,22255.0
1753600465995,07:14:25.995,blofin,AEVO/USDT:USDT,0.11176,972.0,0.11175,3420.0,0.11178,1086.0,0.11179,22254.0
1753600466500,07:14:26.500,blofin,AEVO/USDT:USDT,0.11176,972.0,0.11175,6644.0,0.11178,3.0,0.11179,1086.0
1753600466995,07:14:26.995,blofin,AEVO/USDT:USDT,0.11172,1992.0,0.11168,1042.0,0.11173,1083.0,0.11174,43155.0
1753600467496,07:14:27.496,blofin,AEVO/USDT:USDT,0.11168,1042.0,0.11165,23887.0,0.11172,1083.0,0.11173,40116.0
1753600468026,07:14:28.026,blofin,AEVO/USDT:USDT,0.11169,3.0,0.11166,42876.0,0.11174,91.0,0.11175,34918.0
1753600469000,07:14:29.000,blofin,AEVO/USDT:USDT,0.11169,2.0,0.11168,1.0,0.11173,1447.0,0.11174,9900.0
1753600469499,07:14:29.499,blofin,AEVO/USDT:USDT,0.11169,2.0,0.11168,1518.0,0.11173,1517.0,0.11174,8475.0
1753600470000,07:14:30.000,blofin,AEVO/USDT:USDT,0.11169,2.0,0.11168,1559.0,0.11174,1562.0,0.11175,53510.0
1753600470502,07:14:30.502,blofin,AEVO/USDT:USDT,0.11169,3.0,0.11168,9347.0,0.11174,1642.0,0.11178,27894.0
1753600471003,07:14:31.003,blofin,AEVO/USDT:USDT,0.11169,3.0,0.11168,9347.0,0.11174,1643.0,0.11178,27894.0
1753600471503,07:14:31.503,blofin,AEVO/USDT:USDT,0.11169,3.0,0.11165,74219.0,0.11174,2207.0,0.11175,13315.0
1753600472005,07:14:32.005,blofin,AEVO/USDT:USDT,0.11169,3.0,0.11165,74219.0,0.11174,2206.0,0.11175,13315.0
1753600472509,07:14:32.509,blofin,AEVO/USDT:USDT,0.11169,11.0,0.11165,7284.0,0.11173,542.0,0.11174,3797.0
1753600473341,07:14:33.341,blofin,AEVO/USDT:USDT,0.11169,3.0,0.11167,3138.0,0.11172,2003.0,0.11173,33526.0
1753600473574,07:14:33.574,blofin,AEVO/USDT:USDT,0.11169,3.0,0.11165,10053.0,0.11171,800.0,0.11172,33633.0
1753600474497,07:14:34.497,blofin,AEVO/USDT:USDT,0.11167,2770.0,0.11165,7288.0,0.11173,1083.0,0.11174,18186.0
1753600475072,07:14:35.072,blofin,AEVO/USDT:USDT,0.11166,2772.0,0.11165,7284.0,0.11172,876.0,0.11173,30831.0
1753600475511,07:14:35.511,blofin,AEVO/USDT:USDT,0.11166,2771.0,0.11165,7284.0,0.11172,876.0,0.11173,30831.0
1753600476012,07:14:36.012,blofin,AEVO/USDT:USDT,0.11166,2771.0,0.11165,7284.0,0.11172,876.0,0.11173,30836.0
1753600476512,07:14:36.512,blofin,AEVO/USDT:USDT,0.11166,1330.0,0.11165,8824.0,0.11172,4650.0,0.11174,52578.0
1753600477014,07:14:37.014,blofin,AEVO/USDT:USDT,0.11166,1330.0,0.11165,8824.0,0.11172,4652.0,0.11174,52578.0
1753600478025,07:14:38.025,blofin,AEVO/USDT:USDT,0.11166,1961.0,0.11164,11799.0,0.11172,586.0,0.11176,51562.0
1753600478521,07:14:38.521,blofin,AEVO/USDT:USDT,0.11166,1966.0,0.11164,11799.0,0.11172,224.0,0.11175,27825.0
1753600479016,07:14:39.016,blofin,AEVO/USDT:USDT,0.11166,7.0,0.11165,1959.0,0.11172,217.0,0.11173,17170.0
1753600479835,07:14:39.835,blofin,AEVO/USDT:USDT,0.11166,1960.0,0.11165,51258.0,0.11172,7890.0,0.11174,28156.0
1753600480466,07:14:40.466,blofin,AEVO/USDT:USDT,0.11166,1960.0,0.11165,27505.0,0.11172,7890.0,0.11173,4.0
1753600481022,07:14:41.022,blofin,AEVO/USDT:USDT,0.11166,3.0,0.11165,1958.0,0.11172,7890.0,0.11173,573.0
1753600481525,07:14:41.525,blofin,AEVO/USDT:USDT,0.11166,3.0,0.11165,9232.0,0.11169,1321.0,0.11171,7429.0
1753600482015,07:14:42.015,blofin,AEVO/USDT:USDT,0.11166,3.0,0.11165,9231.0,0.11168,207.0,0.11169,5.0
1753600482526,07:14:42.526,blofin,AEVO/USDT:USDT,0.11166,2.0,0.11165,9235.0,0.11168,211.0,0.11172,59079.0
1753600483430,07:14:43.430,blofin,AEVO/USDT:USDT,0.11165,2.0,0.11164,11799.0,0.11168,211.0,0.11169,49332.0
1753600484016,07:14:44.016,blofin,AEVO/USDT:USDT,0.11161,1679.0,0.11159,703.0,0.11165,1166.0,0.11166,58247.0
1753600484585,07:14:44.585,blofin,AEVO/USDT:USDT,0.11161,1679.0,0.11159,703.0,0.11166,1023.0,0.11171,60752.0
1753600485158,07:14:45.158,blofin,AEVO/USDT:USDT,0.11159,703.0,0.11158,8817.0,0.11163,1635.0,0.11164,23101.0
1753600485531,07:14:45.531,blofin,AEVO/USDT:USDT,0.11159,703.0,0.11158,8817.0,0.11163,1635.0,0.11164,23101.0
1753600486533,07:14:46.533,blofin,AEVO/USDT:USDT,0.11159,703.0,0.11158,10836.0,0.11163,1553.0,0.11164,41874.0
1753600487021,07:14:47.021,blofin,AEVO/USDT:USDT,0.11159,703.0,0.11158,10836.0,0.11164,1761.0,0.11166,57812.0
1753600487647,07:14:47.647,blofin,AEVO/USDT:USDT,0.11159,703.0,0.11158,8817.0,0.11161,40.0,0.11162,49300.0
1753600488020,07:14:48.020,blofin,AEVO/USDT:USDT,0.11158,8813.0,0.11157,8068.0,0.11161,45.0,0.11162,49300.0
1753600488535,07:14:48.535,blofin,AEVO/USDT:USDT,0.11158,10666.0,0.11157,6215.0,0.11162,43.0,0.11167,21179.0
1753600489019,07:14:49.019,blofin,AEVO/USDT:USDT,0.11158,10665.0,0.11157,6215.0,0.11161,366.0,0.11162,4858.0
1753600489563,07:14:49.563,blofin,AEVO/USDT:USDT,0.11152,2329.0,0.11151,1852.0,0.11154,40.0,0.11155,18252.0
1753600490194,07:14:50.194,blofin,AEVO/USDT:USDT,0.11152,2329.0,0.1115,3338.0,0.11153,2498.0,0.11154,398.0
1753600491021,07:14:51.021,blofin,AEVO/USDT:USDT,0.11152,2329.0,0.1115,3338.0,0.11153,1.0,0.11154,351.0
1753600491546,07:14:51.546,blofin,AEVO/USDT:USDT,0.11152,2329.0,0.1115,3339.0,0.11154,354.0,0.11155,41563.0
1753600492021,07:14:52.021,blofin,AEVO/USDT:USDT,0.11152,2329.0,0.11151,521.0,0.11154,1481.0,0.11157,48935.0
1753600492547,07:14:52.547,blofin,AEVO/USDT:USDT,0.11152,2329.0,0.11151,522.0,0.11154,1480.0,0.11157,48935.0
1753600493226,07:14:53.226,blofin,AEVO/USDT:USDT,0.11151,1.0,0.11148,10212.0,0.11152,1894.0,0.11154,45109.0
1753600494552,07:14:54.552,blofin,AEVO/USDT:USDT,0.11148,10212.0,0.11147,13654.0,0.11152,2.0,0.11153,2.0
1753600495023,07:14:55.023,blofin,AEVO/USDT:USDT,0.11148,10212.0,0.11147,9586.0,0.11152,4.0,0.11153,43476.0
1753600495553,07:14:55.553,blofin,AEVO/USDT:USDT,0.11148,9477.0,0.11147,9586.0,0.11152,3.0,0.11153,40528.0
1753600496023,07:14:56.023,blofin,AEVO/USDT:USDT,0.11148,9477.0,0.11147,9586.0,0.11151,1322.0,0.11152,2109.0
1753600496550,07:14:56.550,blofin,AEVO/USDT:USDT,0.11148,9477.0,0.11147,9584.0,0.11151,574.0,0.11152,5241.0
1753600497556,07:14:57.556,blofin,AEVO/USDT:USDT,0.11148,9477.0,0.11147,9584.0,0.11151,1936.0,0.11152,1.0
1753600498027,07:14:58.027,blofin,AEVO/USDT:USDT,0.11148,9477.0,0.11147,9584.0,0.11151,1940.0,0.11155,7723.0
1753600498556,07:14:58.556,blofin,AEVO/USDT:USDT,0.11148,9477.0,0.11147,9584.0,0.11151,823.0,0.11152,6378.0
1753600499025,07:14:59.025,blofin,AEVO/USDT:USDT,0.11148,9477.0,0.11147,9584.0,0.11151,6.0,0.11152,20260.0
1753600499561,07:14:59.561,blofin,AEVO/USDT:USDT,0.11148,9477.0,0.11147,9584.0,0.11151,6.0,0.11152,20260.0
1753600500473,07:15:00.473,blofin,AEVO/USDT:USDT,0.11148,9477.0,0.11147,9584.0,0.11151,6.0,0.11152,33329.0
1753600501026,07:15:01.026,blofin,AEVO/USDT:USDT,0.11148,9477.0,0.11147,9584.0,0.1115,30.0,0.11151,4.0
1753600501563,07:15:01.563,blofin,AEVO/USDT:USDT,0.11148,9477.0,0.11147,9584.0,0.1115,32.0,0.11153,14651.0
1753600502341,07:15:02.341,blofin,AEVO/USDT:USDT,0.11146,4.0,0.11145,1.0,0.11147,895.0,0.11148,15176.0
1753600502565,07:15:02.565,blofin,AEVO/USDT:USDT,0.11141,4.0,0.1114,4395.0,0.11145,2628.0,0.1115,51055.0
1753600503567,07:15:03.567,blofin,AEVO/USDT:USDT,0.11141,6.0,0.1114,4395.0,0.11146,508.0,0.11149,44849.0
1753600504034,07:15:04.034,blofin,AEVO/USDT:USDT,0.11141,6.0,0.1114,4395.0,0.11146,1036.0,0.11151,26216.0
1753600504859,07:15:04.859,blofin,AEVO/USDT:USDT,0.11142,1.0,0.11141,5.0,0.11145,501.0,0.11146,54172.0
1753600505423,07:15:05.423,blofin,AEVO/USDT:USDT,0.11141,547.0,0.1114,4395.0,0.11146,5.0,0.11147,27.0
1753600506030,07:15:06.030,blofin,AEVO/USDT:USDT,0.11143,542.0,0.11142,1248.0,0.11146,27.0,0.11147,20755.0
1753600506572,07:15:06.572,blofin,AEVO/USDT:USDT,0.11141,547.0,0.1114,4395.0,0.11146,29.0,0.11151,57590.0
1753600507106,07:15:07.106,blofin,AEVO/USDT:USDT,0.11141,6.0,0.1114,4395.0,0.11146,558.0,0.11147,12021.0
1753600507574,07:15:07.574,blofin,AEVO/USDT:USDT,0.11141,6.0,0.1114,4395.0,0.11146,558.0,0.11147,12021.0
1753600508025,07:15:08.025,blofin,AEVO/USDT:USDT,0.11141,5.0,0.1114,4395.0,0.11143,15.0,0.11144,33357.0
1753600508647,07:15:08.647,blofin,AEVO/USDT:USDT,0.11139,1.0,0.11138,6.0,0.11142,1102.0,0.11143,64400.0
1753600509033,07:15:09.033,blofin,AEVO/USDT:USDT,0.11138,6.0,0.11137,1.0,0.11141,1243.0,0.11142,53377.0
1753600509987,07:15:09.987,blofin,AEVO/USDT:USDT,0.11138,4.0,0.11137,4.0,0.11139,1174.0,0.1114,50552.0
1753600510582,07:15:10.582,blofin,AEVO/USDT:USDT,0.11134,149.0,0.11131,3591.0,0.11138,1176.0,0.11139,62210.0
1753600511030,07:15:11.030,blofin,AEVO/USDT:USDT,0.11134,6.0,0.11133,20348.0,0.11138,3338.0,0.11139,9777.0
1753600511748,07:15:11.748,blofin,AEVO/USDT:USDT,0.11134,5.0,0.11133,1.0,0.11136,1131.0,0.11137,6101.0
1753600512516,07:15:12.516,blofin,AEVO/USDT:USDT,0.11134,5.0,0.11133,1.0,0.11136,40.0,0.11137,1.0
1753600513087,07:15:13.087,blofin,AEVO/USDT:USDT,0.11132,1536.0,0.11129,43057.0,0.11134,2.0,0.11135,8.0
1753600513585,07:15:13.585,blofin,AEVO/USDT:USDT,0.11132,1534.0,0.11129,43057.0,0.11134,2.0,0.11135,8.0
1753600514086,07:15:14.086,blofin,AEVO/USDT:USDT,0.11132,1534.0,0.11129,5210.0,0.11134,2.0,0.11135,8.0
1753600514588,07:15:14.588,blofin,AEVO/USDT:USDT,0.11132,1534.0,0.11129,5210.0,0.11135,9.0,0.11137,27003.0
1753600515366,07:15:15.366,blofin,AEVO/USDT:USDT,0.11132,1.0,0.11131,1533.0,0.11135,2682.0,0.11138,45424.0
1753600516088,07:15:16.088,blofin,AEVO/USDT:USDT,0.11132,1.0,0.11131,10.0,0.11135,2683.0,0.1114,59794.0
1753600516589,07:15:16.589,blofin,AEVO/USDT:USDT,0.11132,1.0,0.11131,10.0,0.11135,2683.0,0.1114,59794.0
1753600517088,07:15:17.088,blofin,AEVO/USDT:USDT,0.11131,7.0,0.11129,5210.0,0.11134,2809.0,0.11135,13875.0
1753600518037,07:15:18.037,blofin,AEVO/USDT:USDT,0.11131,3.0,0.11129,5210.0,0.11134,2811.0,0.11135,13871.0
1753600518090,07:15:18.090,blofin,AEVO/USDT:USDT,0.11131,3.0,0.11129,38647.0,0.11135,2812.0,0.11138,137.0
1753600519092,07:15:19.092,blofin,AEVO/USDT:USDT,0.11131,3.0,0.11129,5210.0,0.11135,2812.0,0.11138,137.0
1753600519594,07:15:19.594,blofin,AEVO/USDT:USDT,0.11131,4.0,0.11129,5210.0,0.11135,2812.0,0.11138,137.0
1753600520093,07:15:20.093,blofin,AEVO/USDT:USDT,0.1113,5.0,0.11129,5210.0,0.11134,2807.0,0.11135,56426.0
1753600520597,07:15:20.597,blofin,AEVO/USDT:USDT,0.11131,7.0,0.1113,1319.0,0.11134,2807.0,0.11135,3.0
1753600521094,07:15:21.094,blofin,AEVO/USDT:USDT,0.11131,7.0,0.11129,5210.0,0.11134,1733.0,0.11138,33759.0
1753600522097,07:15:22.097,blofin,AEVO/USDT:USDT,0.11131,1.0,0.11129,5285.0,0.11133,2625.0,0.11134,74447.0
1753600522333,07:15:22.333,blofin,AEVO/USDT:USDT,0.11129,5210.0,0.11128,12882.0,0.1113,2625.0,0.11131,62853.0
1753600523096,07:15:23.096,blofin,AEVO/USDT:USDT,0.11129,5210.0,0.11128,10193.0,0.11131,450.0,0.11133,53978.0
1753600524099,07:15:24.099,blofin,AEVO/USDT:USDT,0.11126,6231.0,0.11125,7152.0,0.11128,2628.0,0.11129,58304.0
1753600525099,07:15:25.099,blofin,AEVO/USDT:USDT,0.11126,6231.0,0.11125,7183.0,0.11129,2629.0,0.1113,27533.0
1753600525600,07:15:25.600,blofin,AEVO/USDT:USDT,0.11126,6231.0,0.11125,7183.0,0.11129,2629.0,0.1113,27533.0
1753600526100,07:15:26.100,blofin,AEVO/USDT:USDT,0.11123,1096.0,0.1112,3605.0,0.11124,2630.0,0.11125,32671.0
1753600526754,07:15:26.754,blofin,AEVO/USDT:USDT,0.1112,3571.0,0.11119,9267.0,0.11123,574.0,0.11124,4.0
1753600527102,07:15:27.102,blofin,AEVO/USDT:USDT,0.1112,3571.0,0.11119,9238.0,0.11123,1635.0,0.11126,11074.0
1753600528103,07:15:28.103,blofin,AEVO/USDT:USDT,0.1112,3571.0,0.11119,9241.0,0.11123,1634.0,0.11128,4300.0
1753600528607,07:15:28.607,blofin,AEVO/USDT:USDT,0.1112,3571.0,0.11119,9241.0,0.11123,1634.0,0.11128,4300.0
1753600529109,07:15:29.109,blofin,AEVO/USDT:USDT,0.1112,3571.0,0.11119,9233.0,0.11122,1274.0,0.11123,39806.0
1753600529608,07:15:29.608,blofin,AEVO/USDT:USDT,0.1112,3571.0,0.11119,9233.0,0.11122,1276.0,0.11123,39803.0
1753600530110,07:15:30.110,blofin,AEVO/USDT:USDT,0.1112,3571.0,0.11119,9242.0,0.11122,2.0,0.11123,1274.0
1753600531109,07:15:31.109,blofin,AEVO/USDT:USDT,0.1112,3571.0,0.11119,9242.0,0.11123,558.0,0.11125,45757.0
1753600532113,07:15:32.113,blofin,AEVO/USDT:USDT,0.1112,3571.0,0.11119,10089.0,0.11123,5.0,0.11125,1914.0
1753600532612,07:15:32.612,blofin,AEVO/USDT:USDT,0.1112,4426.0,0.11119,34581.0,0.11123,5.0,0.11125,1914.0
1753600533112,07:15:33.112,blofin,AEVO/USDT:USDT,0.1112,3571.0,0.11119,9233.0,0.11124,553.0,0.11125,8198.0
1753600533945,07:15:33.945,blofin,AEVO/USDT:USDT,0.1112,3571.0,0.11119,9238.0,0.11124,2.0,0.11125,13791.0
1753600534114,07:15:34.114,blofin,AEVO/USDT:USDT,0.1112,3571.0,0.11119,9238.0,0.11125,5.0,0.11129,60136.0
1753600535115,07:15:35.115,blofin,AEVO/USDT:USDT,0.1112,3571.0,0.11119,9233.0,0.11124,2644.0,0.11125,38242.0
1753600535616,07:15:35.616,blofin,AEVO/USDT:USDT,0.1112,3571.0,0.11119,9233.0,0.11122,2644.0,0.11123,23583.0
1753600536117,07:15:36.117,blofin,AEVO/USDT:USDT,0.1112,3571.0,0.11119,9238.0,0.11123,1946.0,0.11124,33044.0
1753600537048,07:15:37.048,blofin,AEVO/USDT:USDT,0.1112,3571.0,0.11119,9235.0,0.11122,1944.0,0.11123,3750.0
1753600537621,07:15:37.621,blofin,AEVO/USDT:USDT,0.11119,9235.0,0.11117,5.0,0.1112,1948.0,0.11121,49265.0
1753600538119,07:15:38.119,blofin,AEVO/USDT:USDT,0.11117,11.0,0.11113,2062.0,0.1112,9.0,0.11121,1254.0
1753600538619,07:15:38.619,blofin,AEVO/USDT:USDT,0.11117,11.0,0.11113,2062.0,0.1112,9.0,0.11121,1254.0
1753600539120,07:15:39.120,blofin,AEVO/USDT:USDT,0.11117,11.0,0.11116,11578.0,0.1112,1263.0,0.11121,51877.0
1753600540120,07:15:40.120,blofin,AEVO/USDT:USDT,0.11117,11.0,0.11114,2597.0,0.1112,9.0,0.11121,1254.0
1753600540623,07:15:40.623,blofin,AEVO/USDT:USDT,0.11117,5.0,0.11116,6.0,0.11119,1257.0,0.1112,9.0
1753600541124,07:15:41.124,blofin,AEVO/USDT:USDT,0.11117,5.0,0.11116,3.0,0.11118,2624.0,0.11119,19971.0
1753600541599,07:15:41.599,blofin,AEVO/USDT:USDT,0.11117,5.0,0.11116,3.0,0.11118,2624.0,0.1112,9.0
1753600542624,07:15:42.624,blofin,AEVO/USDT:USDT,0.11113,33.0,0.1111,15614.0,0.11116,1488.0,0.11119,12994.0
1753600543125,07:15:43.125,blofin,AEVO/USDT:USDT,0.11113,34.0,0.11112,21318.0,0.11116,1666.0,0.11117,57742.0
1753600543678,07:15:43.678,blofin,AEVO/USDT:USDT,0.11113,34.0,0.11109,9638.0,0.11116,1664.0,0.11117,6367.0
1753600544127,07:15:44.127,blofin,AEVO/USDT:USDT,0.11113,34.0,0.11109,41656.0,0.11117,1917.0,0.11118,2358.0
1753600545053,07:15:45.053,blofin,AEVO/USDT:USDT,0.11113,1.0,0.11112,33.0,0.11116,2.0,0.11117,58602.0
1753600545128,07:15:45.128,blofin,AEVO/USDT:USDT,0.11113,1.0,0.11112,33.0,0.11116,2.0,0.11117,58602.0
1753600546130,07:15:46.130,blofin,AEVO/USDT:USDT,0.11112,35.0,0.11109,7508.0,0.11116,21.0,0.11117,41319.0
1753600547134,07:15:47.134,blofin,AEVO/USDT:USDT,0.11113,33.0,0.11112,1.0,0.11117,26.0,0.11118,2358.0
1753600547633,07:15:47.633,blofin,AEVO/USDT:USDT,0.11113,33.0,0.11112,1.0,0.11117,26.0,0.11118,2358.0
1753600548133,07:15:48.133,blofin,AEVO/USDT:USDT,0.11113,2.0,0.11112,33.0,0.11116,24.0,0.11117,56456.0
1753600549136,07:15:49.136,blofin,AEVO/USDT:USDT,0.11113,35.0,0.11112,2057.0,0.11116,1903.0,0.11117,573.0
1753600550137,07:15:50.137,blofin,AEVO/USDT:USDT,0.11112,35.0,0.11109,7508.0,0.11115,1899.0,0.11116,17867.0
1753600551056,07:15:51.056,blofin,AEVO/USDT:USDT,0.11112,35.0,0.11109,7508.0,0.11115,1904.0,0.11116,12148.0
1753600551640,07:15:51.640,blofin,AEVO/USDT:USDT,0.11113,33.0,0.11112,2.0,0.11115,5.0,0.11117,1899.0
1753600552140,07:15:52.140,blofin,AEVO/USDT:USDT,0.11112,35.0,0.1111,26655.0,0.11115,5.0,0.11116,9182.0
1753600552851,07:15:52.851,blofin,AEVO/USDT:USDT,0.11122,33.0,0.11121,19066.0,0.11123,4183.0,0.11124,16646.0
1753600553141,07:15:53.141,blofin,AEVO/USDT:USDT,0.11122,1455.0,0.11117,12287.0,0.11124,7465.0,0.11125,461.0
1753600554142,07:15:54.142,blofin,AEVO/USDT:USDT,0.11122,1455.0,0.11118,257.0,0.11124,7464.0,0.11125,460.0
1753600554641,07:15:54.641,blofin,AEVO/USDT:USDT,0.11121,1453.0,0.11118,257.0,0.11124,7800.0,0.11125,10809.0
1753600555143,07:15:55.143,blofin,AEVO/USDT:USDT,0.11122,1512.0,0.11118,257.0,0.11124,7464.0,0.11125,337.0
1753600555897,07:15:55.897,blofin,AEVO/USDT:USDT,0.11122,1512.0,0.11118,35457.0,0.11124,7464.0,0.11125,341.0
1753600556144,07:15:56.144,blofin,AEVO/USDT:USDT,0.11126,875.0,0.11122,30630.0,0.11129,1035.0,0.1113,7748.0
