timestamp,time,exchange,symbol,bid1_price,bid1_volume,bid2_price,bid2_volume,ask1_price,ask1_volume,ask2_price,ask2_volume
1753599983559,07:06:23.559,binance,A/USDT:USDT,0.58307,161.0,0.58305,13.0,0.58309,139.0,0.58311,166.0
1753599983883,07:06:23.883,binance,A/USDT:USDT,0.58307,161.0,0.58305,13.0,0.58309,139.0,0.58311,218.0
1753599983989,07:06:23.989,binance,A/USDT:USDT,0.58307,161.0,0.58305,13.0,0.58309,139.0,0.58311,218.0
1753599984218,07:06:24.218,binance,A/USDT:USDT,0.58307,161.0,0.58305,13.0,0.58309,139.0,0.58311,218.0
1753599984671,07:06:24.671,binance,A/USDT:USDT,0.58307,161.0,0.58305,13.0,0.58309,139.0,0.58311,218.0
1753599984802,07:06:24.802,binance,A/USDT:USDT,0.58307,161.0,0.58305,13.0,0.58309,139.0,0.58311,218.0
1753599985342,07:06:25.342,binance,A/USDT:USDT,0.58308,170.0,0.58307,161.0,0.58309,139.0,0.58311,218.0
1753599985447,07:06:25.447,binance,A/USDT:USDT,0.58273,1344.0,0.58272,4787.0,0.58309,186.0,0.58311,218.0
1753599985652,07:06:25.652,binance,A/USDT:USDT,0.58273,464.0,0.58272,19.0,0.58291,139.0,0.58292,325.0
1753599986176,07:06:26.176,binance,A/USDT:USDT,0.58273,464.0,0.58272,1843.0,0.58291,139.0,0.58292,325.0
1753599986279,07:06:26.279,binance,A/USDT:USDT,0.58273,464.0,0.58272,1843.0,0.58291,139.0,0.58292,325.0
1753599987110,07:06:27.110,binance,A/USDT:USDT,0.58273,348.0,0.58272,1843.0,0.58291,139.0,0.58292,325.0
1753599987244,07:06:27.244,binance,A/USDT:USDT,0.58272,1843.0,0.58271,19.0,0.58281,139.0,0.58282,668.0
1753599987345,07:06:27.345,binance,A/USDT:USDT,0.58276,54.0,0.58275,13.0,0.58281,139.0,0.58282,668.0
1753599987448,07:06:27.448,binance,A/USDT:USDT,0.58276,54.0,0.58275,13.0,0.58281,139.0,0.58282,668.0
1753599988444,07:06:28.444,binance,A/USDT:USDT,0.58266,10.0,0.58265,18.0,0.58267,396.0,0.58268,121.0
1753599988757,07:06:28.757,binance,A/USDT:USDT,0.58266,10.0,0.58265,18.0,0.58267,396.0,0.58268,121.0
1753599988859,07:06:28.859,binance,A/USDT:USDT,0.58266,10.0,0.58265,18.0,0.58267,396.0,0.58268,121.0
1753599989370,07:06:29.370,binance,A/USDT:USDT,0.58266,197.0,0.58263,18.0,0.58267,139.0,0.58268,121.0
1753599989476,07:06:29.476,binance,A/USDT:USDT,0.58266,197.0,0.58263,18.0,0.58267,139.0,0.58268,121.0
1753599990221,07:06:30.221,binance,A/USDT:USDT,0.58266,197.0,0.58263,18.0,0.58267,139.0,0.58268,121.0
1753599990366,07:06:30.366,binance,A/USDT:USDT,0.58266,197.0,0.58263,18.0,0.58267,139.0,0.58268,121.0
1753599991326,07:06:31.326,binance,A/USDT:USDT,0.58266,197.0,0.58263,18.0,0.58267,139.0,0.58268,121.0
1753599991959,07:06:31.959,binance,A/USDT:USDT,0.58261,141.0,0.5826,1941.0,0.58262,121.0,0.58267,157.0
1753599992168,07:06:32.168,binance,A/USDT:USDT,0.58261,141.0,0.5826,1941.0,0.58262,121.0,0.58267,157.0
1753599992290,07:06:32.290,binance,A/USDT:USDT,0.58261,343.0,0.5826,1941.0,0.58262,121.0,0.58267,157.0
1753599992393,07:06:32.393,binance,A/USDT:USDT,0.58261,343.0,0.5826,1941.0,0.58262,121.0,0.58267,157.0
1753599992505,07:06:32.505,binance,A/USDT:USDT,0.58261,397.0,0.5826,1941.0,0.58262,121.0,0.58267,157.0
1753599992610,07:06:32.610,binance,A/USDT:USDT,0.58261,397.0,0.5826,1941.0,0.58262,121.0,0.58267,157.0
1753599992713,07:06:32.713,binance,A/USDT:USDT,0.58261,397.0,0.5826,1941.0,0.58262,121.0,0.58267,157.0
1753599992840,07:06:32.840,binance,A/USDT:USDT,0.58261,397.0,0.5826,1941.0,0.58262,121.0,0.58267,157.0
1753599993110,07:06:33.110,binance,A/USDT:USDT,0.58261,397.0,0.5826,1941.0,0.58262,121.0,0.58267,157.0
1753599993302,07:06:33.302,binance,A/USDT:USDT,0.58261,397.0,0.5826,1941.0,0.58262,121.0,0.58267,157.0
1753599993775,07:06:33.775,binance,A/USDT:USDT,0.58261,397.0,0.5826,1941.0,0.58262,354.0,0.58267,157.0
1753599993880,07:06:33.880,binance,A/USDT:USDT,0.58261,397.0,0.5826,1941.0,0.58262,354.0,0.58267,157.0
1753599993985,07:06:33.985,binance,A/USDT:USDT,0.58261,397.0,0.5826,1941.0,0.58262,354.0,0.58267,157.0
1753599994111,07:06:34.111,binance,A/USDT:USDT,0.58261,397.0,0.5826,1941.0,0.58262,328.0,0.58267,157.0
1753599994300,07:06:34.300,binance,A/USDT:USDT,0.58261,397.0,0.5826,1941.0,0.58262,328.0,0.58267,157.0
1753599994413,07:06:34.413,binance,A/USDT:USDT,0.58261,397.0,0.5826,1941.0,0.58262,328.0,0.58267,157.0
1753599994596,07:06:34.596,binance,A/USDT:USDT,0.58261,397.0,0.5826,1941.0,0.58262,338.0,0.58267,157.0
1753599994701,07:06:34.701,binance,A/USDT:USDT,0.58261,256.0,0.5826,1941.0,0.58262,338.0,0.58267,157.0
1753599994930,07:06:34.930,binance,A/USDT:USDT,0.58261,397.0,0.5826,1941.0,0.58262,338.0,0.58267,157.0
1753599995059,07:06:35.059,binance,A/USDT:USDT,0.58261,397.0,0.5826,1941.0,0.58262,338.0,0.58267,157.0
1753599995306,07:06:35.306,binance,A/USDT:USDT,0.58261,256.0,0.5826,1941.0,0.58262,338.0,0.58267,157.0
1753599995423,07:06:35.423,binance,A/USDT:USDT,0.58261,256.0,0.5826,1941.0,0.58262,338.0,0.58267,157.0
1753599995552,07:06:35.552,binance,A/USDT:USDT,0.58261,256.0,0.5826,1941.0,0.58262,338.0,0.58267,157.0
1753599995659,07:06:35.659,binance,A/USDT:USDT,0.58261,256.0,0.5826,1941.0,0.58262,338.0,0.58267,157.0
1753599995815,07:06:35.815,binance,A/USDT:USDT,0.58261,256.0,0.5826,1941.0,0.58262,338.0,0.58267,157.0
1753599995978,07:06:35.978,binance,A/USDT:USDT,0.58261,397.0,0.5826,1941.0,0.58262,338.0,0.58267,157.0
1753599996081,07:06:36.081,binance,A/USDT:USDT,0.58261,397.0,0.5826,1941.0,0.58262,338.0,0.58267,157.0
1753599996233,07:06:36.233,binance,A/USDT:USDT,0.58261,397.0,0.5826,1941.0,0.58262,338.0,0.58267,157.0
1753599996644,07:06:36.644,binance,A/USDT:USDT,0.58261,397.0,0.5826,1941.0,0.58262,379.0,0.58267,157.0
1753599996893,07:06:36.893,binance,A/USDT:USDT,0.58261,397.0,0.5826,1941.0,0.58262,379.0,0.58267,157.0
1753599997047,07:06:37.047,binance,A/USDT:USDT,0.58261,397.0,0.5826,1941.0,0.58262,379.0,0.58267,157.0
1753599997153,07:06:37.153,binance,A/USDT:USDT,0.58261,397.0,0.5826,1941.0,0.58262,379.0,0.58267,157.0
1753599997361,07:06:37.361,binance,A/USDT:USDT,0.58261,397.0,0.5826,1941.0,0.58262,379.0,0.58267,157.0
1753599997486,07:06:37.486,binance,A/USDT:USDT,0.58261,397.0,0.5826,1941.0,0.58262,397.0,0.58267,157.0
1753599997631,07:06:37.631,binance,A/USDT:USDT,0.58261,397.0,0.5826,1941.0,0.58262,397.0,0.58267,157.0
1753599997781,07:06:37.781,binance,A/USDT:USDT,0.58261,397.0,0.5826,1941.0,0.58262,397.0,0.58267,157.0
1753599998033,07:06:38.033,binance,A/USDT:USDT,0.58261,397.0,0.5826,1941.0,0.58262,397.0,0.58263,15.0
1753599998145,07:06:38.145,binance,A/USDT:USDT,0.58261,397.0,0.5826,1941.0,0.58262,397.0,0.58263,15.0
1753599998251,07:06:38.251,binance,A/USDT:USDT,0.58261,397.0,0.5826,1941.0,0.58262,397.0,0.58263,15.0
1753599998362,07:06:38.362,binance,A/USDT:USDT,0.58261,397.0,0.5826,1941.0,0.58262,397.0,0.58263,15.0
1753599998818,07:06:38.818,binance,A/USDT:USDT,0.58261,397.0,0.5826,1941.0,0.58262,630.0,0.58263,15.0
1753599998920,07:06:38.920,binance,A/USDT:USDT,0.58261,256.0,0.5826,1941.0,0.58262,630.0,0.58263,15.0
1753599999022,07:06:39.022,binance,A/USDT:USDT,0.58261,256.0,0.5826,1941.0,0.58262,630.0,0.58263,15.0
1753599999227,07:06:39.227,binance,A/USDT:USDT,0.58261,397.0,0.5826,1941.0,0.58262,630.0,0.58263,15.0
1753599999329,07:06:39.329,binance,A/USDT:USDT,0.58261,397.0,0.5826,1941.0,0.58262,630.0,0.58263,15.0
1753599999559,07:06:39.559,binance,A/USDT:USDT,0.58261,397.0,0.5826,1941.0,0.58262,630.0,0.58263,15.0
1753599999978,07:06:39.978,binance,A/USDT:USDT,0.58261,256.0,0.5826,1941.0,0.58262,630.0,0.58263,15.0
1753600000082,07:06:40.082,binance,A/USDT:USDT,0.58261,256.0,0.5826,1941.0,0.58262,630.0,0.58263,15.0
1753600000259,07:06:40.259,binance,A/USDT:USDT,0.58261,256.0,0.5826,1941.0,0.58262,630.0,0.58263,15.0
1753600000361,07:06:40.361,binance,A/USDT:USDT,0.58261,397.0,0.5826,1941.0,0.58263,15.0,0.58267,157.0
1753600000464,07:06:40.464,binance,A/USDT:USDT,0.58266,87.0,0.58262,400.0,0.58272,18.0,0.58273,18.0
1753600000668,07:06:40.668,binance,A/USDT:USDT,0.5825,164.0,0.58248,10.0,0.5826,1931.0,0.58261,920.0
1753600000769,07:06:40.769,binance,A/USDT:USDT,0.5825,164.0,0.58248,10.0,0.58258,396.0,0.58259,54.0
1753600000872,07:06:40.872,binance,A/USDT:USDT,0.5825,164.0,0.58248,10.0,0.58258,396.0,0.58259,54.0
1753600000978,07:06:40.978,binance,A/USDT:USDT,0.5825,164.0,0.58248,10.0,0.58258,396.0,0.58259,54.0
1753600001100,07:06:41.100,binance,A/USDT:USDT,0.5825,164.0,0.58248,10.0,0.58258,396.0,0.58259,169.0
1753600001479,07:06:41.479,binance,A/USDT:USDT,0.58242,19.0,0.58241,18.0,0.58251,186.0,0.58253,114.0
1753600001582,07:06:41.582,binance,A/USDT:USDT,0.58242,19.0,0.58241,18.0,0.58251,186.0,0.58253,114.0
1753600001691,07:06:41.691,binance,A/USDT:USDT,0.58242,19.0,0.58241,18.0,0.58251,186.0,0.58253,114.0
1753600001804,07:06:41.804,binance,A/USDT:USDT,0.58242,19.0,0.58241,18.0,0.58247,33.0,0.58251,186.0
1753600001907,07:06:41.907,binance,A/USDT:USDT,0.58242,19.0,0.58241,18.0,0.58247,33.0,0.58251,186.0
1753600002058,07:06:42.058,binance,A/USDT:USDT,0.58242,19.0,0.58241,18.0,0.58247,33.0,0.58251,186.0
1753600002163,07:06:42.163,binance,A/USDT:USDT,0.58242,19.0,0.58241,18.0,0.58247,33.0,0.58251,141.0
1753600002312,07:06:42.312,binance,A/USDT:USDT,0.58242,19.0,0.58241,18.0,0.58251,142.0,0.58254,18.0
1753600002415,07:06:42.415,binance,A/USDT:USDT,0.58242,19.0,0.58241,18.0,0.58251,142.0,0.58254,18.0
1753600002532,07:06:42.532,binance,A/USDT:USDT,0.58242,19.0,0.58241,18.0,0.58251,142.0,0.58254,18.0
1753600002658,07:06:42.658,binance,A/USDT:USDT,0.58242,19.0,0.58241,18.0,0.58251,142.0,0.58254,18.0
1753600002767,07:06:42.767,binance,A/USDT:USDT,0.58242,19.0,0.58241,18.0,0.58251,142.0,0.58254,18.0
1753600002967,07:06:42.967,binance,A/USDT:USDT,0.58242,19.0,0.58241,18.0,0.58251,142.0,0.58254,18.0
1753600003111,07:06:43.111,binance,A/USDT:USDT,0.58242,19.0,0.58241,18.0,0.58251,142.0,0.58254,18.0
1753600003214,07:06:43.214,binance,A/USDT:USDT,0.58242,19.0,0.58241,18.0,0.58251,142.0,0.58254,18.0
1753600003318,07:06:43.318,binance,A/USDT:USDT,0.58242,19.0,0.58241,18.0,0.58251,142.0,0.58254,18.0
1753600003462,07:06:43.462,binance,A/USDT:USDT,0.58242,19.0,0.58241,18.0,0.58251,142.0,0.58254,18.0
1753600003565,07:06:43.565,binance,A/USDT:USDT,0.58242,19.0,0.58241,18.0,0.58251,152.0,0.58254,18.0
1753600003668,07:06:43.668,binance,A/USDT:USDT,0.58242,19.0,0.58241,18.0,0.58251,152.0,0.58254,18.0
1753600003802,07:06:43.802,binance,A/USDT:USDT,0.58242,19.0,0.58241,18.0,0.58251,152.0,0.58254,18.0
1753600003933,07:06:43.933,binance,A/USDT:USDT,0.58242,19.0,0.58241,18.0,0.58251,152.0,0.58254,18.0
1753600004037,07:06:44.037,binance,A/USDT:USDT,0.58242,19.0,0.58241,18.0,0.58251,152.0,0.58254,18.0
1753600004145,07:06:44.145,binance,A/USDT:USDT,0.58242,10.0,0.58241,18.0,0.58246,139.0,0.58247,1977.0
1753600004247,07:06:44.247,binance,A/USDT:USDT,0.58242,10.0,0.58241,18.0,0.58243,139.0,0.58247,1977.0
1753600004426,07:06:44.426,binance,A/USDT:USDT,0.58242,10.0,0.58241,18.0,0.58243,139.0,0.58247,1977.0
1753600004564,07:06:44.564,binance,A/USDT:USDT,0.58242,10.0,0.58241,18.0,0.58243,155.0,0.58247,1977.0
1753600004768,07:06:44.768,binance,A/USDT:USDT,0.58242,10.0,0.58241,18.0,0.58243,155.0,0.58247,1977.0
1753600004890,07:06:44.890,binance,A/USDT:USDT,0.58246,259.0,0.58242,8640.0,0.58247,1977.0,0.5825,47.0
1753600004993,07:06:44.993,binance,A/USDT:USDT,0.58246,259.0,0.58242,8640.0,0.58247,1977.0,0.5825,47.0
1753600005110,07:06:45.110,binance,A/USDT:USDT,0.58246,259.0,0.58242,8640.0,0.58247,1977.0,0.5825,47.0
1753600005393,07:06:45.393,binance,A/USDT:USDT,0.58246,259.0,0.58242,8640.0,0.58247,1977.0,0.5825,47.0
1753600005497,07:06:45.497,binance,A/USDT:USDT,0.58246,259.0,0.58242,8499.0,0.58247,1977.0,0.5825,47.0
1753600005714,07:06:45.714,binance,A/USDT:USDT,0.58246,259.0,0.58242,8499.0,0.58247,2122.0,0.5825,47.0
1753600005822,07:06:45.822,binance,A/USDT:USDT,0.58242,8499.0,0.5824,93.0,0.58247,1977.0,0.5825,47.0
1753600005951,07:06:45.951,binance,A/USDT:USDT,0.58242,8499.0,0.5824,93.0,0.58246,139.0,0.58247,1977.0
1753600006110,07:06:46.110,binance,A/USDT:USDT,0.58242,8499.0,0.5824,93.0,0.58246,139.0,0.58247,1977.0
1753600006343,07:06:46.343,binance,A/USDT:USDT,0.58212,353.0,0.5821,2128.0,0.58215,127.0,0.58218,18.0
1753600006446,07:06:46.446,binance,A/USDT:USDT,0.58206,10.0,0.58205,18.0,0.58207,145.0,0.58209,127.0
1753600006548,07:06:46.548,binance,A/USDT:USDT,0.58206,10.0,0.58205,18.0,0.58209,127.0,0.58214,422.0
1753600006653,07:06:46.653,binance,A/USDT:USDT,0.58206,10.0,0.58205,18.0,0.58207,145.0,0.58209,127.0
1753600006756,07:06:46.756,binance,A/USDT:USDT,0.58206,10.0,0.58205,18.0,0.58207,145.0,0.58209,127.0
1753600006989,07:06:46.989,binance,A/USDT:USDT,0.58206,10.0,0.58205,18.0,0.58207,145.0,0.58209,127.0
1753600007093,07:06:47.093,binance,A/USDT:USDT,0.58206,10.0,0.58205,18.0,0.58207,145.0,0.58209,127.0
1753600007217,07:06:47.217,binance,A/USDT:USDT,0.58206,10.0,0.58205,18.0,0.58207,145.0,0.58209,127.0
1753600007632,07:06:47.632,binance,A/USDT:USDT,0.58206,10.0,0.58205,18.0,0.58207,145.0,0.58209,127.0
1753600007986,07:06:47.986,binance,A/USDT:USDT,0.58206,10.0,0.58205,18.0,0.58209,127.0,0.58215,18.0
1753600008116,07:06:48.116,binance,A/USDT:USDT,0.58206,10.0,0.58205,18.0,0.58209,127.0,0.58215,18.0
1753600008223,07:06:48.223,binance,A/USDT:USDT,0.58206,10.0,0.58205,18.0,0.58209,127.0,0.58215,18.0
1753600008563,07:06:48.563,binance,A/USDT:USDT,0.58206,10.0,0.58205,18.0,0.58209,127.0,0.58215,18.0
1753600008701,07:06:48.701,binance,A/USDT:USDT,0.58206,10.0,0.58205,18.0,0.58209,127.0,0.58215,18.0
1753600008921,07:06:48.921,binance,A/USDT:USDT,0.58206,10.0,0.58205,18.0,0.58209,127.0,0.58215,18.0
1753600009033,07:06:49.033,binance,A/USDT:USDT,0.58206,10.0,0.58205,18.0,0.58209,127.0,0.58215,18.0
1753600009136,07:06:49.136,binance,A/USDT:USDT,0.58206,10.0,0.58205,18.0,0.58209,127.0,0.58215,18.0
1753600009241,07:06:49.241,binance,A/USDT:USDT,0.58206,10.0,0.58205,18.0,0.58209,127.0,0.58215,18.0
1753600009361,07:06:49.361,binance,A/USDT:USDT,0.58206,10.0,0.58205,18.0,0.58209,127.0,0.58215,18.0
1753600009471,07:06:49.471,binance,A/USDT:USDT,0.58206,172.0,0.58202,18.0,0.58209,127.0,0.58215,18.0
1753600009659,07:06:49.659,binance,A/USDT:USDT,0.58206,172.0,0.58202,18.0,0.58209,127.0,0.58215,18.0
1753600009764,07:06:49.764,binance,A/USDT:USDT,0.58206,172.0,0.58202,18.0,0.58209,127.0,0.58215,18.0
1753600009880,07:06:49.880,binance,A/USDT:USDT,0.58206,172.0,0.58202,18.0,0.58209,127.0,0.58215,18.0
1753600009983,07:06:49.983,binance,A/USDT:USDT,0.58206,172.0,0.58202,18.0,0.58209,127.0,0.58215,18.0
1753600010110,07:06:50.110,binance,A/USDT:USDT,0.58206,172.0,0.58202,18.0,0.58209,127.0,0.58215,18.0
1753600010263,07:06:50.263,binance,A/USDT:USDT,0.58206,172.0,0.58202,18.0,0.58209,127.0,0.58214,144.0
1753600010554,07:06:50.554,binance,A/USDT:USDT,0.58206,172.0,0.58202,18.0,0.58209,127.0,0.58214,144.0
1753600010756,07:06:50.756,binance,A/USDT:USDT,0.58206,172.0,0.58202,18.0,0.58207,127.0,0.58211,184.0
1753600010925,07:06:50.925,binance,A/USDT:USDT,0.58206,172.0,0.58202,18.0,0.58207,127.0,0.58211,184.0
1753600011110,07:06:51.110,binance,A/USDT:USDT,0.58206,172.0,0.58202,18.0,0.58207,127.0,0.58211,184.0
1753600011293,07:06:51.293,binance,A/USDT:USDT,0.58206,172.0,0.58202,18.0,0.58207,127.0,0.58211,184.0
1753600011511,07:06:51.511,binance,A/USDT:USDT,0.58206,172.0,0.58202,18.0,0.58207,127.0,0.58211,184.0
1753600011798,07:06:51.798,binance,A/USDT:USDT,0.58206,172.0,0.58202,18.0,0.58207,127.0,0.58211,184.0
1753600011901,07:06:51.901,binance,A/USDT:USDT,0.58206,172.0,0.58202,18.0,0.58207,127.0,0.58211,184.0
1753600012038,07:06:52.038,binance,A/USDT:USDT,0.58206,172.0,0.58202,18.0,0.58207,127.0,0.58211,184.0
1753600012146,07:06:52.146,binance,A/USDT:USDT,0.58206,172.0,0.58202,18.0,0.58207,127.0,0.58211,184.0
1753600012283,07:06:52.283,binance,A/USDT:USDT,0.58206,172.0,0.58202,18.0,0.58207,127.0,0.58211,184.0
1753600012534,07:06:52.534,binance,A/USDT:USDT,0.58206,313.0,0.58202,18.0,0.58207,127.0,0.58214,29.0
1753600012661,07:06:52.661,binance,A/USDT:USDT,0.58206,313.0,0.58202,18.0,0.58207,127.0,0.58214,29.0
1753600012769,07:06:52.769,binance,A/USDT:USDT,0.58206,313.0,0.58202,18.0,0.58207,127.0,0.58214,29.0
1753600012875,07:06:52.875,binance,A/USDT:USDT,0.58194,10.0,0.58191,13.0,0.58201,2330.0,0.58206,313.0
1753600012976,07:06:52.976,binance,A/USDT:USDT,0.58167,13.0,0.58166,18.0,0.58178,184.0,0.58179,85.0
1753600013079,07:06:53.079,binance,A/USDT:USDT,0.58167,13.0,0.58166,18.0,0.58177,96.0,0.58178,184.0
1753600013180,07:06:53.180,binance,A/USDT:USDT,0.58167,13.0,0.58166,18.0,0.58177,96.0,0.58178,117.0
1753600013297,07:06:53.297,binance,A/USDT:USDT,0.58167,13.0,0.58166,18.0,0.58177,96.0,0.58178,117.0
1753600013430,07:06:53.430,binance,A/USDT:USDT,0.58167,13.0,0.58166,18.0,0.58177,96.0,0.58178,117.0
1753600013540,07:06:53.540,binance,A/USDT:USDT,0.58167,13.0,0.58166,18.0,0.58177,96.0,0.58178,117.0
1753600013643,07:06:53.643,binance,A/USDT:USDT,0.58167,13.0,0.58166,18.0,0.58177,96.0,0.58178,117.0
1753600013745,07:06:53.745,binance,A/USDT:USDT,0.58167,13.0,0.58166,18.0,0.58177,96.0,0.58178,117.0
1753600013859,07:06:53.859,binance,A/USDT:USDT,0.58167,13.0,0.58166,18.0,0.58177,96.0,0.58178,117.0
1753600013962,07:06:53.962,binance,A/USDT:USDT,0.58167,13.0,0.58166,18.0,0.58177,96.0,0.58178,117.0
1753600014063,07:06:54.063,binance,A/USDT:USDT,0.58167,13.0,0.58166,18.0,0.58177,96.0,0.58178,117.0
1753600014214,07:06:54.214,binance,A/USDT:USDT,0.58167,13.0,0.58166,18.0,0.58177,96.0,0.58178,117.0
1753600014318,07:06:54.318,binance,A/USDT:USDT,0.58167,13.0,0.58166,18.0,0.58177,96.0,0.58178,117.0
1753600014476,07:06:54.476,binance,A/USDT:USDT,0.58167,13.0,0.58166,18.0,0.58177,96.0,0.58178,117.0
1753600014702,07:06:54.702,binance,A/USDT:USDT,0.58167,13.0,0.58166,18.0,0.58177,96.0,0.58178,117.0
1753600014807,07:06:54.807,binance,A/USDT:USDT,0.58167,13.0,0.58166,18.0,0.58177,96.0,0.58178,117.0
1753600014955,07:06:54.955,binance,A/USDT:USDT,0.58167,13.0,0.58166,18.0,0.58177,96.0,0.58178,117.0
1753600015058,07:06:55.058,binance,A/USDT:USDT,0.58167,13.0,0.58166,18.0,0.58177,96.0,0.58178,117.0
1753600015162,07:06:55.162,binance,A/USDT:USDT,0.58167,13.0,0.58166,18.0,0.58177,96.0,0.58178,117.0
1753600015406,07:06:55.406,binance,A/USDT:USDT,0.58167,13.0,0.58166,18.0,0.58177,96.0,0.58178,117.0
1753600015531,07:06:55.531,binance,A/USDT:USDT,0.58167,13.0,0.58166,18.0,0.58177,96.0,0.58178,117.0
1753600015645,07:06:55.645,binance,A/USDT:USDT,0.58167,13.0,0.58166,18.0,0.58177,96.0,0.58178,117.0
1753600015749,07:06:55.749,binance,A/USDT:USDT,0.58167,13.0,0.58166,18.0,0.58177,96.0,0.58178,117.0
1753600015879,07:06:55.879,binance,A/USDT:USDT,0.58167,13.0,0.58166,18.0,0.58177,96.0,0.58178,117.0
1753600016002,07:06:56.002,binance,A/USDT:USDT,0.58167,13.0,0.58166,18.0,0.58177,96.0,0.58178,117.0
1753600016109,07:06:56.109,binance,A/USDT:USDT,0.58167,13.0,0.58166,18.0,0.58177,96.0,0.58178,117.0
1753600016215,07:06:56.215,binance,A/USDT:USDT,0.58167,13.0,0.58166,18.0,0.58177,96.0,0.58178,117.0
1753600016318,07:06:56.318,binance,A/USDT:USDT,0.58167,13.0,0.58166,18.0,0.58175,41.0,0.58176,117.0
1753600016442,07:06:56.442,binance,A/USDT:USDT,0.58167,13.0,0.58166,18.0,0.58175,41.0,0.58176,117.0
1753600016547,07:06:56.547,binance,A/USDT:USDT,0.58167,13.0,0.58166,18.0,0.58175,41.0,0.58176,117.0
1753600016661,07:06:56.661,binance,A/USDT:USDT,0.58167,13.0,0.58166,18.0,0.58175,41.0,0.58176,117.0
1753600016766,07:06:56.766,binance,A/USDT:USDT,0.58167,13.0,0.58166,18.0,0.58175,41.0,0.58176,117.0
1753600017102,07:06:57.102,binance,A/USDT:USDT,0.58167,13.0,0.58166,18.0,0.58175,41.0,0.58176,117.0
1753600017206,07:06:57.206,binance,A/USDT:USDT,0.58167,13.0,0.58166,18.0,0.58175,41.0,0.58176,117.0
1753600017308,07:06:57.308,binance,A/USDT:USDT,0.58167,13.0,0.58166,18.0,0.58175,41.0,0.58176,117.0
1753600017415,07:06:57.415,binance,A/USDT:USDT,0.58167,13.0,0.58166,18.0,0.58175,41.0,0.58176,117.0
1753600017527,07:06:57.527,binance,A/USDT:USDT,0.58167,40.0,0.58166,18.0,0.5817,41.0,0.58171,39.0
1753600017632,07:06:57.632,binance,A/USDT:USDT,0.58167,40.0,0.58166,18.0,0.5817,41.0,0.58171,39.0
1753600017793,07:06:57.793,binance,A/USDT:USDT,0.58167,40.0,0.58166,18.0,0.58168,186.0,0.58171,39.0
1753600017937,07:06:57.937,binance,A/USDT:USDT,0.58167,40.0,0.58166,18.0,0.58168,186.0,0.58171,39.0
1753600018110,07:06:58.110,binance,A/USDT:USDT,0.58167,40.0,0.58166,18.0,0.58168,186.0,0.58171,39.0
1753600018230,07:06:58.230,binance,A/USDT:USDT,0.58167,40.0,0.58166,18.0,0.58168,186.0,0.58171,39.0
1753600018351,07:06:58.351,binance,A/USDT:USDT,0.58167,40.0,0.58166,18.0,0.58168,186.0,0.58171,39.0
1753600018560,07:06:58.560,binance,A/USDT:USDT,0.58167,40.0,0.58166,18.0,0.58168,41.0,0.58171,39.0
1753600018771,07:06:58.771,binance,A/USDT:USDT,0.58167,40.0,0.58166,18.0,0.58168,41.0,0.58171,39.0
1753600018933,07:06:58.933,binance,A/USDT:USDT,0.58167,40.0,0.58166,18.0,0.58168,41.0,0.58171,39.0
1753600019040,07:06:59.040,binance,A/USDT:USDT,0.58167,40.0,0.58166,18.0,0.58168,41.0,0.58171,39.0
1753600019146,07:06:59.146,binance,A/USDT:USDT,0.58167,40.0,0.58166,18.0,0.58168,41.0,0.58171,39.0
1753600019269,07:06:59.269,binance,A/USDT:USDT,0.58167,40.0,0.58166,18.0,0.58168,41.0,0.58171,39.0
1753600019383,07:06:59.383,binance,A/USDT:USDT,0.58167,40.0,0.58166,18.0,0.58168,41.0,0.58171,39.0
1753600019564,07:06:59.564,binance,A/USDT:USDT,0.58167,40.0,0.58166,18.0,0.58168,41.0,0.58171,39.0
1753600019671,07:06:59.671,binance,A/USDT:USDT,0.58167,181.0,0.58166,18.0,0.58168,41.0,0.58171,39.0
1753600019775,07:06:59.775,binance,A/USDT:USDT,0.58167,181.0,0.58166,18.0,0.58168,41.0,0.58171,39.0
1753600019884,07:06:59.884,binance,A/USDT:USDT,0.58167,181.0,0.58166,18.0,0.58168,41.0,0.58171,39.0
1753600020002,07:07:00.002,binance,A/USDT:USDT,0.58167,234.0,0.58166,18.0,0.58168,41.0,0.58171,39.0
1753600020217,07:07:00.217,binance,A/USDT:USDT,0.58167,93.0,0.58166,18.0,0.58168,41.0,0.58171,39.0
1753600020385,07:07:00.385,binance,A/USDT:USDT,0.58167,93.0,0.58166,18.0,0.58168,41.0,0.58171,39.0
1753600020488,07:07:00.488,binance,A/USDT:USDT,0.58167,93.0,0.58166,18.0,0.58168,41.0,0.58171,39.0
1753600020592,07:07:00.592,binance,A/USDT:USDT,0.58167,93.0,0.58166,18.0,0.58168,41.0,0.58171,39.0
1753600020771,07:07:00.771,binance,A/USDT:USDT,0.58167,93.0,0.58166,18.0,0.58168,41.0,0.58171,39.0
1753600020913,07:07:00.913,binance,A/USDT:USDT,0.58167,93.0,0.58166,18.0,0.58168,41.0,0.58171,39.0
1753600021157,07:07:01.157,binance,A/USDT:USDT,0.58167,93.0,0.58166,18.0,0.58168,41.0,0.58171,39.0
1753600021258,07:07:01.258,binance,A/USDT:USDT,0.58167,93.0,0.58166,18.0,0.58168,41.0,0.58171,39.0
1753600021416,07:07:01.416,binance,A/USDT:USDT,0.58167,93.0,0.58166,36.0,0.58168,51.0,0.58171,39.0
1753600021527,07:07:01.527,binance,A/USDT:USDT,0.58167,93.0,0.58166,36.0,0.58168,51.0,0.58171,39.0
1753600021802,07:07:01.802,binance,A/USDT:USDT,0.58167,214.0,0.58166,36.0,0.58168,51.0,0.58171,39.0
1753600021906,07:07:01.906,binance,A/USDT:USDT,0.58167,335.0,0.58166,36.0,0.58168,51.0,0.58171,39.0
1753600022013,07:07:02.013,binance,A/USDT:USDT,0.58167,335.0,0.58166,36.0,0.58168,51.0,0.58171,39.0
1753600022143,07:07:02.143,binance,A/USDT:USDT,0.58167,335.0,0.58166,36.0,0.58168,51.0,0.58171,39.0
1753600022262,07:07:02.262,binance,A/USDT:USDT,0.58167,335.0,0.58166,36.0,0.58168,196.0,0.58171,39.0
1753600022363,07:07:02.363,binance,A/USDT:USDT,0.58167,335.0,0.58166,18.0,0.58168,692.0,0.58171,39.0
1753600022485,07:07:02.485,binance,A/USDT:USDT,0.58167,335.0,0.58166,18.0,0.58168,692.0,0.58171,39.0
1753600022772,07:07:02.772,binance,A/USDT:USDT,0.58167,335.0,0.58166,18.0,0.58168,692.0,0.58171,39.0
1753600022878,07:07:02.878,binance,A/USDT:USDT,0.58167,335.0,0.58166,18.0,0.58168,692.0,0.58171,39.0
1753600022982,07:07:02.982,binance,A/USDT:USDT,0.58167,335.0,0.58166,18.0,0.58168,692.0,0.58171,39.0
1753600023109,07:07:03.109,binance,A/USDT:USDT,0.58167,335.0,0.58166,18.0,0.58168,692.0,0.58171,39.0
1753600023322,07:07:03.322,binance,A/USDT:USDT,0.58167,335.0,0.58166,18.0,0.58168,692.0,0.58171,39.0
1753600023505,07:07:03.505,binance,A/USDT:USDT,0.58167,335.0,0.58166,18.0,0.58168,547.0,0.58171,39.0
1753600023609,07:07:03.609,binance,A/USDT:USDT,0.58167,335.0,0.58166,18.0,0.58168,692.0,0.58171,39.0
1753600023773,07:07:03.773,binance,A/USDT:USDT,0.58167,335.0,0.58166,18.0,0.58168,692.0,0.58171,39.0
1753600023902,07:07:03.902,binance,A/USDT:USDT,0.58167,335.0,0.58166,18.0,0.58168,692.0,0.58171,39.0
1753600024009,07:07:04.009,binance,A/USDT:USDT,0.58167,335.0,0.58166,18.0,0.58168,692.0,0.58171,39.0
1753600024110,07:07:04.110,binance,A/USDT:USDT,0.58167,335.0,0.58166,18.0,0.58168,547.0,0.58171,39.0
1753600024211,07:07:04.211,binance,A/USDT:USDT,0.58167,335.0,0.58166,18.0,0.58168,692.0,0.58171,39.0
1753600024605,07:07:04.605,binance,A/USDT:USDT,0.58167,335.0,0.58166,18.0,0.58168,547.0,0.58171,39.0
1753600024775,07:07:04.775,binance,A/USDT:USDT,0.58167,335.0,0.58166,18.0,0.58168,547.0,0.58171,39.0
1753600025041,07:07:05.041,binance,A/USDT:USDT,0.58167,390.0,0.58166,18.0,0.58168,547.0,0.58171,39.0
1753600025145,07:07:05.145,binance,A/USDT:USDT,0.58167,390.0,0.58166,18.0,0.58168,547.0,0.58171,39.0
1753600025391,07:07:05.391,binance,A/USDT:USDT,0.58167,390.0,0.58166,18.0,0.58168,547.0,0.58171,39.0
1753600025553,07:07:05.553,binance,A/USDT:USDT,0.58167,390.0,0.58166,18.0,0.58168,547.0,0.58171,39.0
1753600026110,07:07:06.110,binance,A/USDT:USDT,0.58167,390.0,0.58166,18.0,0.58168,692.0,0.58171,39.0
1753600026365,07:07:06.365,binance,A/USDT:USDT,0.58167,390.0,0.58166,18.0,0.58168,547.0,0.58171,39.0
1753600026470,07:07:06.470,binance,A/USDT:USDT,0.58167,390.0,0.58166,18.0,0.58168,692.0,0.58171,39.0
1753600026583,07:07:06.583,binance,A/USDT:USDT,0.58167,390.0,0.58166,18.0,0.58168,692.0,0.58171,39.0
1753600026685,07:07:06.685,binance,A/USDT:USDT,0.58167,390.0,0.58166,18.0,0.58168,547.0,0.58171,39.0
1753600026791,07:07:06.791,binance,A/USDT:USDT,0.58167,390.0,0.58166,18.0,0.58168,547.0,0.58171,39.0
1753600026896,07:07:06.896,binance,A/USDT:USDT,0.58167,390.0,0.58166,18.0,0.58168,547.0,0.58171,39.0
1753600027111,07:07:07.111,binance,A/USDT:USDT,0.58167,390.0,0.58166,18.0,0.58168,692.0,0.58171,39.0
1753600027213,07:07:07.213,binance,A/USDT:USDT,0.58167,390.0,0.58166,18.0,0.58168,547.0,0.58171,39.0
1753600027315,07:07:07.315,binance,A/USDT:USDT,0.58167,390.0,0.58166,18.0,0.58168,547.0,0.58171,39.0
1753600027550,07:07:07.550,binance,A/USDT:USDT,0.58167,390.0,0.58166,18.0,0.58168,547.0,0.58171,39.0
1753600027758,07:07:07.758,binance,A/USDT:USDT,0.58167,390.0,0.58166,18.0,0.58168,547.0,0.58171,39.0
1753600027859,07:07:07.859,binance,A/USDT:USDT,0.58167,390.0,0.58166,18.0,0.58168,547.0,0.58171,39.0
1753600027962,07:07:07.962,binance,A/USDT:USDT,0.58167,390.0,0.58166,18.0,0.58168,547.0,0.58171,39.0
1753600028064,07:07:08.064,binance,A/USDT:USDT,0.58167,390.0,0.58166,18.0,0.58168,547.0,0.58171,39.0
1753600028165,07:07:08.165,binance,A/USDT:USDT,0.58167,390.0,0.58166,18.0,0.58168,547.0,0.58171,39.0
1753600028301,07:07:08.301,binance,A/USDT:USDT,0.58167,390.0,0.58166,18.0,0.58168,547.0,0.58171,39.0
1753600028513,07:07:08.513,binance,A/USDT:USDT,0.58167,390.0,0.58166,18.0,0.58168,557.0,0.58171,39.0
1753600028879,07:07:08.879,binance,A/USDT:USDT,0.58167,390.0,0.58166,18.0,0.58168,557.0,0.58171,39.0
1753600029196,07:07:09.196,binance,A/USDT:USDT,0.58167,390.0,0.58166,18.0,0.58168,702.0,0.58171,39.0
1753600029299,07:07:09.299,binance,A/USDT:USDT,0.58167,390.0,0.58166,18.0,0.58168,557.0,0.58171,39.0
1753600029434,07:07:09.434,binance,A/USDT:USDT,0.58167,390.0,0.58166,18.0,0.58168,557.0,0.58171,39.0
1753600029671,07:07:09.671,binance,A/USDT:USDT,0.58167,390.0,0.58166,18.0,0.58168,702.0,0.58171,39.0
1753600029838,07:07:09.838,binance,A/USDT:USDT,0.58167,390.0,0.58166,18.0,0.58168,557.0,0.58171,39.0
1753600029941,07:07:09.941,binance,A/USDT:USDT,0.58167,390.0,0.58166,18.0,0.58168,557.0,0.58171,39.0
1753600030196,07:07:10.196,binance,A/USDT:USDT,0.58167,390.0,0.58166,18.0,0.58168,557.0,0.58171,39.0
1753600030301,07:07:10.301,binance,A/USDT:USDT,0.58167,390.0,0.58166,18.0,0.58168,702.0,0.58171,39.0
1753600030405,07:07:10.405,binance,A/USDT:USDT,0.58167,390.0,0.58166,18.0,0.58168,702.0,0.58171,39.0
1753600030513,07:07:10.513,binance,A/USDT:USDT,0.58167,390.0,0.58166,18.0,0.58168,702.0,0.58171,39.0
1753600030660,07:07:10.660,binance,A/USDT:USDT,0.58167,390.0,0.58166,18.0,0.58168,702.0,0.58171,39.0
1753600030776,07:07:10.776,binance,A/USDT:USDT,0.58167,390.0,0.58166,18.0,0.58168,702.0,0.58171,39.0
1753600031213,07:07:11.213,binance,A/USDT:USDT,0.58167,390.0,0.58166,18.0,0.58168,557.0,0.58171,39.0
1753600031363,07:07:11.363,binance,A/USDT:USDT,0.58167,512.0,0.58166,18.0,0.58168,557.0,0.58171,39.0
1753600031467,07:07:11.467,binance,A/USDT:USDT,0.58167,512.0,0.58166,18.0,0.58168,557.0,0.58171,39.0
1753600031743,07:07:11.743,binance,A/USDT:USDT,0.58167,530.0,0.58163,18.0,0.58168,557.0,0.58171,39.0
1753600031853,07:07:11.853,binance,A/USDT:USDT,0.58167,530.0,0.58163,18.0,0.58168,557.0,0.58171,39.0
1753600032002,07:07:12.002,binance,A/USDT:USDT,0.58167,530.0,0.58163,18.0,0.58168,557.0,0.58171,39.0
1753600032109,07:07:12.109,binance,A/USDT:USDT,0.58167,530.0,0.58163,18.0,0.58168,557.0,0.58171,39.0
1753600032214,07:07:12.214,binance,A/USDT:USDT,0.58167,530.0,0.58163,18.0,0.58168,557.0,0.58171,39.0
1753600032549,07:07:12.549,binance,A/USDT:USDT,0.58167,530.0,0.58163,18.0,0.58168,557.0,0.58171,39.0
1753600032655,07:07:12.655,binance,A/USDT:USDT,0.58167,530.0,0.58163,18.0,0.58168,557.0,0.58171,39.0
1753600032874,07:07:12.874,binance,A/USDT:USDT,0.58167,530.0,0.58163,18.0,0.58168,557.0,0.58171,39.0
1753600033059,07:07:13.059,binance,A/USDT:USDT,0.58167,530.0,0.58163,18.0,0.58168,557.0,0.58171,39.0
1753600033163,07:07:13.163,binance,A/USDT:USDT,0.58167,530.0,0.58163,18.0,0.58168,557.0,0.58171,39.0
1753600033568,07:07:13.568,binance,A/USDT:USDT,0.58167,530.0,0.58163,18.0,0.58168,702.0,0.58171,39.0
1753600033671,07:07:13.671,binance,A/USDT:USDT,0.58163,18.0,0.58162,18.0,0.58167,87.0,0.58168,702.0
1753600033772,07:07:13.772,binance,A/USDT:USDT,0.58154,18.0,0.58153,20.0,0.58163,67.0,0.58164,74.0
1753600033875,07:07:13.875,binance,A/USDT:USDT,0.58153,20.0,0.58152,28.0,0.58161,1112.0,0.58162,145.0
1753600033982,07:07:13.982,binance,A/USDT:USDT,0.58153,20.0,0.58152,28.0,0.5816,41.0,0.58161,1112.0
1753600034093,07:07:14.093,binance,A/USDT:USDT,0.58153,20.0,0.58152,28.0,0.5816,41.0,0.58161,1112.0
1753600034199,07:07:14.199,binance,A/USDT:USDT,0.58153,20.0,0.58152,28.0,0.5816,41.0,0.58161,1112.0
1753600034316,07:07:14.316,binance,A/USDT:USDT,0.5814,10.0,0.58139,570.0,0.58147,186.0,0.58148,426.0
1753600034419,07:07:14.419,binance,A/USDT:USDT,0.5814,10.0,0.58139,570.0,0.58147,41.0,0.58148,426.0
1753600034523,07:07:14.523,binance,A/USDT:USDT,0.5814,10.0,0.58139,570.0,0.58147,41.0,0.58148,426.0
1753600034625,07:07:14.625,binance,A/USDT:USDT,0.5814,10.0,0.58139,570.0,0.58147,41.0,0.58148,426.0
1753600034753,07:07:14.753,binance,A/USDT:USDT,0.5814,10.0,0.58138,47.0,0.58147,41.0,0.58148,426.0
1753600034857,07:07:14.857,binance,A/USDT:USDT,0.5814,10.0,0.58138,47.0,0.58147,41.0,0.58148,426.0
1753600035442,07:07:15.442,binance,A/USDT:USDT,0.5814,10.0,0.58138,18.0,0.58145,41.0,0.58146,257.0
1753600035552,07:07:15.552,binance,A/USDT:USDT,0.5814,10.0,0.58138,18.0,0.58145,41.0,0.58146,257.0
1753600035704,07:07:15.704,binance,A/USDT:USDT,0.5814,10.0,0.58138,18.0,0.58145,41.0,0.58146,257.0
1753600035860,07:07:15.860,binance,A/USDT:USDT,0.5814,10.0,0.58138,18.0,0.58145,41.0,0.58146,257.0
1753600035964,07:07:15.964,binance,A/USDT:USDT,0.5814,10.0,0.58138,18.0,0.58145,41.0,0.58146,257.0
1753600036102,07:07:16.102,binance,A/USDT:USDT,0.5814,10.0,0.58138,18.0,0.58145,41.0,0.58146,257.0
1753600036271,07:07:16.271,binance,A/USDT:USDT,0.5814,10.0,0.58138,18.0,0.58145,41.0,0.58146,257.0
1753600036383,07:07:16.383,binance,A/USDT:USDT,0.5814,10.0,0.58138,18.0,0.58145,41.0,0.58146,257.0
1753600036543,07:07:16.543,binance,A/USDT:USDT,0.5814,10.0,0.58138,18.0,0.58145,41.0,0.58146,257.0
1753600036657,07:07:16.657,binance,A/USDT:USDT,0.5814,10.0,0.58138,18.0,0.58143,41.0,0.58146,257.0
1753600036762,07:07:16.762,binance,A/USDT:USDT,0.5814,10.0,0.58138,18.0,0.58143,41.0,0.58146,257.0
1753600037110,07:07:17.110,binance,A/USDT:USDT,0.5814,10.0,0.58138,18.0,0.58143,41.0,0.58146,257.0
1753600037458,07:07:17.458,binance,A/USDT:USDT,0.5814,10.0,0.58138,18.0,0.58141,41.0,0.58142,13.0
1753600037569,07:07:17.569,binance,A/USDT:USDT,0.5814,10.0,0.58138,18.0,0.58141,41.0,0.58142,13.0
1753600037824,07:07:17.824,binance,A/USDT:USDT,0.5814,10.0,0.58138,18.0,0.58141,41.0,0.58142,13.0
1753600037959,07:07:17.959,binance,A/USDT:USDT,0.5814,10.0,0.58138,18.0,0.58141,41.0,0.58142,13.0
1753600038092,07:07:18.092,binance,A/USDT:USDT,0.5814,10.0,0.58138,18.0,0.58141,41.0,0.58142,13.0
1753600038459,07:07:18.459,binance,A/USDT:USDT,0.5814,10.0,0.58138,18.0,0.58141,41.0,0.58142,13.0
1753600038564,07:07:18.564,binance,A/USDT:USDT,0.5814,10.0,0.58138,18.0,0.58141,41.0,0.58142,13.0
1753600038763,07:07:18.763,binance,A/USDT:USDT,0.5814,10.0,0.58138,18.0,0.58141,41.0,0.58142,13.0
1753600039213,07:07:19.213,binance,A/USDT:USDT,0.5814,10.0,0.58138,18.0,0.58141,41.0,0.58142,13.0
1753600039463,07:07:19.463,binance,A/USDT:USDT,0.5814,10.0,0.58138,18.0,0.58141,41.0,0.58142,13.0
1753600039570,07:07:19.570,binance,A/USDT:USDT,0.5814,10.0,0.58138,18.0,0.58141,41.0,0.58142,13.0
1753600040109,07:07:20.109,binance,A/USDT:USDT,0.58134,10.0,0.58132,266.0,0.58141,186.0,0.58142,13.0
1753600040211,07:07:20.211,binance,A/USDT:USDT,0.58134,10.0,0.58132,266.0,0.58141,41.0,0.58142,13.0
1753600040314,07:07:20.314,binance,A/USDT:USDT,0.58134,10.0,0.58132,266.0,0.58141,41.0,0.58142,13.0
1753600040491,07:07:20.491,binance,A/USDT:USDT,0.58134,10.0,0.58132,208.0,0.58141,41.0,0.58142,13.0
1753600040736,07:07:20.736,binance,A/USDT:USDT,0.58134,10.0,0.58132,208.0,0.58141,41.0,0.58142,13.0
1753600040861,07:07:20.861,binance,A/USDT:USDT,0.58135,87.0,0.58134,200.0,0.58141,41.0,0.58142,13.0
1753600040964,07:07:20.964,binance,A/USDT:USDT,0.58134,200.0,0.5813,53.0,0.58141,41.0,0.58142,13.0
1753600041110,07:07:21.110,binance,A/USDT:USDT,0.58134,200.0,0.5813,53.0,0.58141,41.0,0.58142,13.0
1753600041384,07:07:21.384,binance,A/USDT:USDT,0.58134,200.0,0.5813,53.0,0.58141,41.0,0.58142,13.0
1753600041563,07:07:21.563,binance,A/USDT:USDT,0.58134,200.0,0.5813,53.0,0.58141,41.0,0.58142,13.0
1753600041820,07:07:21.820,binance,A/USDT:USDT,0.58134,200.0,0.5813,53.0,0.58141,41.0,0.58142,13.0
1753600041953,07:07:21.953,binance,A/USDT:USDT,0.58134,200.0,0.5813,53.0,0.58141,41.0,0.58142,13.0
1753600042110,07:07:22.110,binance,A/USDT:USDT,0.58134,200.0,0.5813,53.0,0.58141,41.0,0.58142,13.0
1753600042393,07:07:22.393,binance,A/USDT:USDT,0.58134,200.0,0.5813,53.0,0.58141,41.0,0.58142,13.0
1753600042544,07:07:22.544,binance,A/USDT:USDT,0.58134,200.0,0.5813,53.0,0.58141,41.0,0.58142,13.0
1753600042777,07:07:22.777,binance,A/USDT:USDT,0.58134,200.0,0.5813,53.0,0.58141,41.0,0.58142,13.0
1753600042899,07:07:22.899,binance,A/USDT:USDT,0.58134,200.0,0.5813,53.0,0.58141,41.0,0.58142,13.0
1753600043013,07:07:23.013,binance,A/USDT:USDT,0.58134,200.0,0.5813,53.0,0.58141,41.0,0.58142,13.0
1753600043120,07:07:23.120,binance,A/USDT:USDT,0.58134,200.0,0.5813,53.0,0.58141,41.0,0.58142,13.0
1753600043277,07:07:23.277,binance,A/USDT:USDT,0.58134,200.0,0.5813,53.0,0.58141,41.0,0.58142,13.0
1753600043466,07:07:23.466,binance,A/USDT:USDT,0.58134,200.0,0.5813,53.0,0.58141,68.0,0.58142,13.0
1753600043569,07:07:23.569,binance,A/USDT:USDT,0.58134,10.0,0.5813,53.0,0.58141,68.0,0.58142,13.0
1753600043670,07:07:23.670,binance,A/USDT:USDT,0.58134,10.0,0.5813,53.0,0.58139,41.0,0.5814,257.0
1753600043774,07:07:23.774,binance,A/USDT:USDT,0.58134,10.0,0.5813,53.0,0.58139,41.0,0.5814,257.0
1753600043884,07:07:23.884,binance,A/USDT:USDT,0.58134,10.0,0.5813,53.0,0.58139,41.0,0.5814,257.0
1753600044102,07:07:24.102,binance,A/USDT:USDT,0.58134,10.0,0.5813,53.0,0.58139,41.0,0.5814,257.0
1753600044204,07:07:24.204,binance,A/USDT:USDT,0.58134,10.0,0.5813,53.0,0.58139,41.0,0.5814,257.0
1753600044384,07:07:24.384,binance,A/USDT:USDT,0.58134,10.0,0.5813,53.0,0.58139,41.0,0.5814,257.0
1753600044633,07:07:24.633,binance,A/USDT:USDT,0.58134,10.0,0.5813,53.0,0.58139,41.0,0.5814,257.0
1753600044736,07:07:24.736,binance,A/USDT:USDT,0.58134,10.0,0.5813,53.0,0.58139,41.0,0.5814,257.0
1753600045012,07:07:25.012,binance,A/USDT:USDT,0.58134,116.0,0.5813,53.0,0.58136,41.0,0.58137,141.0
1753600045113,07:07:25.113,binance,A/USDT:USDT,0.58134,236.0,0.5813,53.0,0.58136,41.0,0.58137,141.0
1753600045259,07:07:25.259,binance,A/USDT:USDT,0.58134,236.0,0.5813,53.0,0.58136,41.0,0.58137,141.0
1753600045363,07:07:25.363,binance,A/USDT:USDT,0.58134,236.0,0.5813,53.0,0.58136,41.0,0.58137,141.0
1753600045546,07:07:25.546,binance,A/USDT:USDT,0.58134,236.0,0.5813,53.0,0.58136,41.0,0.58137,141.0
1753600045863,07:07:25.863,binance,A/USDT:USDT,0.58134,236.0,0.5813,53.0,0.58136,41.0,0.58137,141.0
1753600045966,07:07:25.966,binance,A/USDT:USDT,0.58134,236.0,0.5813,53.0,0.58136,41.0,0.58137,141.0
1753600046110,07:07:26.110,binance,A/USDT:USDT,0.58134,377.0,0.5813,53.0,0.58136,41.0,0.58137,141.0
1753600046211,07:07:26.211,binance,A/USDT:USDT,0.58134,236.0,0.5813,53.0,0.58136,41.0,0.58137,141.0
1753600046756,07:07:26.756,binance,A/USDT:USDT,0.58134,236.0,0.5813,53.0,0.58136,41.0,0.58137,141.0
1753600047570,07:07:27.570,binance,A/USDT:USDT,0.58134,236.0,0.5813,53.0,0.58136,41.0,0.58137,141.0
1753600047673,07:07:27.673,binance,A/USDT:USDT,0.58134,236.0,0.5813,53.0,0.58136,41.0,0.58137,141.0
1753600047869,07:07:27.869,binance,A/USDT:USDT,0.58134,236.0,0.5813,53.0,0.58136,41.0,0.58137,141.0
1753600048110,07:07:28.110,binance,A/USDT:USDT,0.58134,236.0,0.5813,53.0,0.58136,41.0,0.58137,141.0
1753600048258,07:07:28.258,binance,A/USDT:USDT,0.58134,236.0,0.5813,53.0,0.58136,41.0,0.58137,141.0
1753600048393,07:07:28.393,binance,A/USDT:USDT,0.58134,236.0,0.5813,53.0,0.58136,41.0,0.58137,141.0
1753600048643,07:07:28.643,binance,A/USDT:USDT,0.58134,236.0,0.5813,53.0,0.58136,41.0,0.58137,141.0
1753600048814,07:07:28.814,binance,A/USDT:USDT,0.58134,236.0,0.5813,53.0,0.58136,41.0,0.58137,141.0
1753600048944,07:07:28.944,binance,A/USDT:USDT,0.58134,236.0,0.5813,53.0,0.58136,41.0,0.58137,141.0
1753600049110,07:07:29.110,binance,A/USDT:USDT,0.58134,236.0,0.5813,53.0,0.58136,41.0,0.58137,141.0
1753600049340,07:07:29.340,binance,A/USDT:USDT,0.58134,236.0,0.5813,53.0,0.58136,41.0,0.58137,141.0
1753600049502,07:07:29.502,binance,A/USDT:USDT,0.58134,236.0,0.5813,53.0,0.58136,41.0,0.58137,141.0
1753600049928,07:07:29.928,binance,A/USDT:USDT,0.58134,357.0,0.5813,53.0,0.58137,134.0,0.58138,257.0
1753600050033,07:07:30.033,binance,A/USDT:USDT,0.58135,141.0,0.58134,357.0,0.58136,15.0,0.58137,134.0
1753600050134,07:07:30.134,binance,A/USDT:USDT,0.58135,139.0,0.58134,357.0,0.58136,15.0,0.58137,134.0
1753600050248,07:07:30.248,binance,A/USDT:USDT,0.58135,280.0,0.58134,357.0,0.58136,2009.0,0.58137,134.0
1753600050352,07:07:30.352,binance,A/USDT:USDT,0.58135,280.0,0.58134,357.0,0.58136,2009.0,0.58137,134.0
1753600050454,07:07:30.454,binance,A/USDT:USDT,0.58135,139.0,0.58134,357.0,0.58136,2009.0,0.58137,134.0
1753600050558,07:07:30.558,binance,A/USDT:USDT,0.58135,139.0,0.58134,357.0,0.58136,2009.0,0.58137,134.0
1753600050686,07:07:30.686,binance,A/USDT:USDT,0.58135,246.0,0.58134,357.0,0.58136,2009.0,0.58137,134.0
1753600050965,07:07:30.965,binance,A/USDT:USDT,0.58135,246.0,0.58134,357.0,0.58136,2009.0,0.58137,134.0
1753600051067,07:07:31.067,binance,A/USDT:USDT,0.58135,246.0,0.58134,357.0,0.58136,2009.0,0.58137,134.0
1753600051336,07:07:31.336,binance,A/USDT:USDT,0.58135,107.0,0.58134,357.0,0.58136,2023.0,0.58137,134.0
1753600051545,07:07:31.545,binance,A/USDT:USDT,0.58135,107.0,0.58134,357.0,0.58136,2023.0,0.58137,134.0
1753600051653,07:07:31.653,binance,A/USDT:USDT,0.58135,107.0,0.58134,357.0,0.58136,2023.0,0.58137,134.0
1753600051892,07:07:31.892,binance,A/USDT:USDT,0.58135,107.0,0.58134,357.0,0.58136,2168.0,0.58137,134.0
1753600052015,07:07:32.015,binance,A/USDT:USDT,0.58135,107.0,0.58134,357.0,0.58136,2168.0,0.58137,134.0
1753600052145,07:07:32.145,binance,A/USDT:USDT,0.58135,107.0,0.58134,357.0,0.58136,2168.0,0.58137,134.0
1753600052255,07:07:32.255,binance,A/USDT:USDT,0.58135,107.0,0.58134,357.0,0.58136,2239.0,0.58137,134.0
1753600052361,07:07:32.361,binance,A/USDT:USDT,0.58135,107.0,0.58134,357.0,0.58136,2239.0,0.58137,134.0
1753600052488,07:07:32.488,binance,A/USDT:USDT,0.58135,107.0,0.58134,357.0,0.58136,2239.0,0.58137,134.0
1753600052653,07:07:32.653,binance,A/USDT:USDT,0.58135,107.0,0.58134,357.0,0.58136,2239.0,0.58137,134.0
1753600052888,07:07:32.888,binance,A/USDT:USDT,0.58135,107.0,0.58134,357.0,0.58136,1634.0,0.58137,134.0
1753600052992,07:07:32.992,binance,A/USDT:USDT,0.58135,107.0,0.58134,357.0,0.58136,1634.0,0.58137,134.0
1753600053110,07:07:33.110,binance,A/USDT:USDT,0.58135,107.0,0.58134,357.0,0.58136,1634.0,0.58137,134.0
1753600053214,07:07:33.214,binance,A/USDT:USDT,0.58135,107.0,0.58134,357.0,0.58136,1634.0,0.58137,134.0
1753600053655,07:07:33.655,binance,A/USDT:USDT,0.5814,400.0,0.58138,326.0,0.58141,27.0,0.58142,47.0
1753600053757,07:07:33.757,binance,A/USDT:USDT,0.5814,141.0,0.58138,326.0,0.58141,27.0,0.58142,47.0
1753600054067,07:07:34.067,binance,A/USDT:USDT,0.5814,141.0,0.58138,326.0,0.58141,27.0,0.58142,47.0
1753600054233,07:07:34.233,binance,A/USDT:USDT,0.5814,141.0,0.58138,326.0,0.58141,27.0,0.58142,47.0
1753600054437,07:07:34.437,binance,A/USDT:USDT,0.5814,141.0,0.58138,326.0,0.58141,27.0,0.58142,47.0
1753600054790,07:07:34.790,binance,A/USDT:USDT,0.58135,107.0,0.58134,357.0,0.58141,27.0,0.58142,47.0
1753600054915,07:07:34.915,binance,A/USDT:USDT,0.58135,107.0,0.58134,357.0,0.58141,27.0,0.58142,47.0
1753600055020,07:07:35.020,binance,A/USDT:USDT,0.58135,107.0,0.58134,357.0,0.58141,27.0,0.58142,47.0
1753600055145,07:07:35.145,binance,A/USDT:USDT,0.58135,107.0,0.58134,357.0,0.58141,27.0,0.58142,47.0
1753600055281,07:07:35.281,binance,A/USDT:USDT,0.58135,107.0,0.58134,357.0,0.58141,27.0,0.58142,47.0
1753600055385,07:07:35.385,binance,A/USDT:USDT,0.58138,10.0,0.58135,294.0,0.58141,27.0,0.58142,47.0
1753600055488,07:07:35.488,binance,A/USDT:USDT,0.58138,10.0,0.58135,294.0,0.58141,27.0,0.58142,47.0
1753600055797,07:07:35.797,binance,A/USDT:USDT,0.5814,141.0,0.58138,10.0,0.58141,27.0,0.58142,47.0
1753600055902,07:07:35.902,binance,A/USDT:USDT,0.5814,141.0,0.58138,10.0,0.58141,27.0,0.58142,47.0
1753600056205,07:07:36.205,binance,A/USDT:USDT,0.58138,10.0,0.58135,312.0,0.58141,27.0,0.58142,47.0
1753600056307,07:07:36.307,binance,A/USDT:USDT,0.58138,10.0,0.58135,312.0,0.58141,27.0,0.58142,47.0
1753600056411,07:07:36.411,binance,A/USDT:USDT,0.5814,141.0,0.58138,10.0,0.58141,27.0,0.58142,47.0
1753600056513,07:07:36.513,binance,A/USDT:USDT,0.58138,10.0,0.58135,312.0,0.58141,27.0,0.58142,47.0
1753600056633,07:07:36.633,binance,A/USDT:USDT,0.58138,10.0,0.58135,312.0,0.58141,27.0,0.58142,47.0
1753600057111,07:07:37.111,binance,A/USDT:USDT,0.5814,141.0,0.58138,10.0,0.58141,27.0,0.58142,47.0
1753600057254,07:07:37.254,binance,A/USDT:USDT,0.5814,141.0,0.58138,10.0,0.58141,27.0,0.58142,47.0
1753600057389,07:07:37.389,binance,A/USDT:USDT,0.5814,141.0,0.58138,10.0,0.58141,1938.0,0.58142,29.0
1753600057490,07:07:37.490,binance,A/USDT:USDT,0.58135,86.0,0.58134,357.0,0.58141,1938.0,0.58142,29.0
1753600057594,07:07:37.594,binance,A/USDT:USDT,0.58135,86.0,0.58134,357.0,0.58141,1938.0,0.58142,29.0
1753600057704,07:07:37.704,binance,A/USDT:USDT,0.58135,86.0,0.58134,357.0,0.58141,1938.0,0.58142,29.0
1753600057811,07:07:37.811,binance,A/USDT:USDT,0.5813,9.0,0.58128,56.0,0.58141,2233.0,0.58142,29.0
1753600057914,07:07:37.914,binance,A/USDT:USDT,0.5813,9.0,0.58128,56.0,0.5814,363.0,0.58141,2233.0
1753600058021,07:07:38.021,binance,A/USDT:USDT,0.5813,9.0,0.58128,56.0,0.5814,363.0,0.58141,2233.0
1753600058145,07:07:38.145,binance,A/USDT:USDT,0.5813,9.0,0.58128,56.0,0.5814,363.0,0.58141,2233.0
1753600058246,07:07:38.246,binance,A/USDT:USDT,0.5813,9.0,0.58128,56.0,0.5814,363.0,0.58141,2233.0
1753600058353,07:07:38.353,binance,A/USDT:USDT,0.5813,116.0,0.58128,38.0,0.5814,363.0,0.58141,2233.0
1753600058458,07:07:38.458,binance,A/USDT:USDT,0.5813,116.0,0.58128,38.0,0.5814,363.0,0.58141,2233.0
1753600058562,07:07:38.562,binance,A/USDT:USDT,0.5813,116.0,0.58128,38.0,0.5814,363.0,0.58141,2233.0
1753600058671,07:07:38.671,binance,A/USDT:USDT,0.5813,116.0,0.58128,38.0,0.5814,363.0,0.58141,2233.0
1753600058782,07:07:38.782,binance,A/USDT:USDT,0.5813,116.0,0.58128,38.0,0.58135,173.0,0.5814,381.0
1753600058885,07:07:38.885,binance,A/USDT:USDT,0.5813,116.0,0.58128,38.0,0.58135,173.0,0.5814,381.0
1753600059103,07:07:39.103,binance,A/USDT:USDT,0.5813,116.0,0.58128,38.0,0.58135,173.0,0.5814,381.0
1753600059310,07:07:39.310,binance,A/USDT:USDT,0.5813,116.0,0.58128,38.0,0.58135,173.0,0.5814,381.0
1753600059702,07:07:39.702,binance,A/USDT:USDT,0.5813,116.0,0.58128,38.0,0.58135,173.0,0.5814,381.0
1753600059806,07:07:39.806,binance,A/USDT:USDT,0.5813,116.0,0.58128,38.0,0.58131,214.0,0.58134,257.0
1753600059907,07:07:39.907,binance,A/USDT:USDT,0.5813,116.0,0.58128,38.0,0.58134,257.0,0.58135,173.0
1753600060110,07:07:40.110,binance,A/USDT:USDT,0.5813,116.0,0.58128,38.0,0.58134,257.0,0.58135,173.0
1753600060215,07:07:40.215,binance,A/USDT:USDT,0.5813,116.0,0.58128,38.0,0.58134,257.0,0.58135,173.0
1753600060402,07:07:40.402,binance,A/USDT:USDT,0.5813,116.0,0.58128,38.0,0.58133,339.0,0.58134,257.0
1753600060505,07:07:40.505,binance,A/USDT:USDT,0.5813,116.0,0.58128,38.0,0.58132,297.0,0.58133,339.0
1753600060615,07:07:40.615,binance,A/USDT:USDT,0.5813,116.0,0.58128,38.0,0.58132,297.0,0.58133,339.0
1753600060792,07:07:40.792,binance,A/USDT:USDT,0.5813,116.0,0.58128,38.0,0.58131,214.0,0.58132,297.0
1753600060958,07:07:40.958,binance,A/USDT:USDT,0.5813,116.0,0.58128,38.0,0.58131,257.0,0.58132,297.0
1753600061064,07:07:41.064,binance,A/USDT:USDT,0.5813,116.0,0.58128,38.0,0.58131,257.0,0.58132,297.0
1753600061633,07:07:41.633,binance,A/USDT:USDT,0.5813,116.0,0.58128,38.0,0.58131,316.0,0.58135,173.0
1753600061989,07:07:41.989,binance,A/USDT:USDT,0.5813,116.0,0.58128,38.0,0.58131,307.0,0.58135,173.0
1753600062110,07:07:42.110,binance,A/USDT:USDT,0.5813,116.0,0.58128,38.0,0.58131,307.0,0.58135,173.0
1753600062213,07:07:42.213,binance,A/USDT:USDT,0.5813,116.0,0.58128,38.0,0.58131,307.0,0.58135,173.0
1753600062483,07:07:42.483,binance,A/USDT:USDT,0.5813,116.0,0.58128,38.0,0.58131,307.0,0.58135,173.0
1753600062588,07:07:42.588,binance,A/USDT:USDT,0.5813,116.0,0.58128,38.0,0.58131,307.0,0.58135,173.0
1753600062690,07:07:42.690,binance,A/USDT:USDT,0.5813,116.0,0.58128,38.0,0.58131,307.0,0.58135,173.0
1753600062919,07:07:42.919,binance,A/USDT:USDT,0.5813,116.0,0.58128,38.0,0.58131,307.0,0.58135,173.0
1753600063046,07:07:43.046,binance,A/USDT:USDT,0.5813,116.0,0.58128,38.0,0.58131,307.0,0.58135,173.0
1753600063202,07:07:43.202,binance,A/USDT:USDT,0.5813,116.0,0.58128,38.0,0.58131,369.0,0.58135,173.0
1753600063306,07:07:43.306,binance,A/USDT:USDT,0.5813,116.0,0.58128,38.0,0.58131,369.0,0.58135,173.0
1753600063412,07:07:43.412,binance,A/USDT:USDT,0.5813,116.0,0.58128,38.0,0.58131,369.0,0.58135,173.0
1753600063547,07:07:43.547,binance,A/USDT:USDT,0.5813,116.0,0.58128,38.0,0.58131,369.0,0.58135,173.0
1753600063802,07:07:43.802,binance,A/USDT:USDT,0.5813,116.0,0.58128,38.0,0.58131,369.0,0.58135,173.0
1753600063906,07:07:43.906,binance,A/USDT:USDT,0.5813,116.0,0.58128,38.0,0.58131,369.0,0.58135,173.0
1753600064109,07:07:44.109,binance,A/USDT:USDT,0.5813,116.0,0.58128,38.0,0.58131,369.0,0.58135,173.0
1753600064333,07:07:44.333,binance,A/USDT:USDT,0.5813,116.0,0.58128,38.0,0.58131,1150.0,0.58135,173.0
1753600064448,07:07:44.448,binance,A/USDT:USDT,0.5813,116.0,0.58128,38.0,0.58131,1207.0,0.58135,173.0
1753600065111,07:07:45.111,binance,A/USDT:USDT,0.5813,116.0,0.58128,38.0,0.58131,1207.0,0.58135,173.0
1753600065218,07:07:45.218,binance,A/USDT:USDT,0.5813,116.0,0.58128,38.0,0.58131,1207.0,0.58135,173.0
1753600065319,07:07:45.319,binance,A/USDT:USDT,0.5813,116.0,0.58128,38.0,0.58131,1421.0,0.58135,173.0
1753600065421,07:07:45.421,binance,A/USDT:USDT,0.5813,116.0,0.58128,38.0,0.58131,1207.0,0.58135,173.0
1753600065551,07:07:45.551,binance,A/USDT:USDT,0.5813,116.0,0.58128,38.0,0.58131,1207.0,0.58135,173.0
1753600065652,07:07:45.652,binance,A/USDT:USDT,0.5813,116.0,0.58128,38.0,0.58131,1421.0,0.58135,173.0
1753600065754,07:07:45.754,binance,A/USDT:USDT,0.5813,116.0,0.58128,38.0,0.58131,1207.0,0.58135,173.0
1753600065933,07:07:45.933,binance,A/USDT:USDT,0.5813,116.0,0.58128,38.0,0.58131,1207.0,0.58135,173.0
1753600066110,07:07:46.110,binance,A/USDT:USDT,0.5813,116.0,0.58128,38.0,0.58131,1207.0,0.58135,173.0
1753600066404,07:07:46.404,binance,A/USDT:USDT,0.5813,116.0,0.58128,38.0,0.58131,1207.0,0.58135,173.0
1753600066710,07:07:46.710,binance,A/USDT:USDT,0.5813,116.0,0.58128,38.0,0.58131,1207.0,0.58135,173.0
1753600066813,07:07:46.813,binance,A/USDT:USDT,0.5813,116.0,0.58128,38.0,0.58131,1207.0,0.58135,173.0
1753600066959,07:07:46.959,binance,A/USDT:USDT,0.5813,116.0,0.58128,38.0,0.58131,1207.0,0.58135,173.0
1753600067062,07:07:47.062,binance,A/USDT:USDT,0.5813,116.0,0.58128,38.0,0.58131,1421.0,0.58135,173.0
1753600067194,07:07:47.194,binance,A/USDT:USDT,0.5813,116.0,0.58128,38.0,0.58131,1421.0,0.58135,173.0
1753600067456,07:07:47.456,binance,A/USDT:USDT,0.5813,116.0,0.58128,38.0,0.58131,1421.0,0.58135,173.0
1753600067559,07:07:47.559,binance,A/USDT:USDT,0.5813,116.0,0.58128,38.0,0.58131,1421.0,0.58135,173.0
1753600067683,07:07:47.683,binance,A/USDT:USDT,0.5813,116.0,0.58128,38.0,0.58131,1421.0,0.58135,173.0
1753600067886,07:07:47.886,binance,A/USDT:USDT,0.5813,116.0,0.58128,38.0,0.58131,1421.0,0.58135,173.0
1753600067989,07:07:47.989,binance,A/USDT:USDT,0.5813,116.0,0.58128,38.0,0.58131,1173.0,0.58135,430.0
1753600068093,07:07:48.093,binance,A/USDT:USDT,0.5813,116.0,0.58128,38.0,0.58131,1173.0,0.58134,9.0
1753600068545,07:07:48.545,binance,A/USDT:USDT,0.5813,116.0,0.58128,38.0,0.58131,1173.0,0.58134,9.0
1753600068648,07:07:48.648,binance,A/USDT:USDT,0.5813,116.0,0.58128,38.0,0.58131,1173.0,0.58134,9.0
1753600069045,07:07:49.045,binance,A/USDT:USDT,0.5813,116.0,0.58128,38.0,0.58131,1173.0,0.58134,9.0
1753600069183,07:07:49.183,binance,A/USDT:USDT,0.5813,116.0,0.58128,38.0,0.58131,1173.0,0.58134,9.0
1753600069643,07:07:49.643,binance,A/USDT:USDT,0.5813,319.0,0.58128,38.0,0.58131,1173.0,0.58134,9.0
1753600069746,07:07:49.746,binance,A/USDT:USDT,0.5813,319.0,0.58128,38.0,0.58131,1173.0,0.58134,9.0
1753600070110,07:07:50.110,binance,A/USDT:USDT,0.5813,319.0,0.58128,38.0,0.58131,1173.0,0.58134,9.0
1753600070258,07:07:50.258,binance,A/USDT:USDT,0.5813,319.0,0.58128,38.0,0.58131,1173.0,0.58134,9.0
1753600071111,07:07:51.111,binance,A/USDT:USDT,0.5813,345.0,0.58128,38.0,0.58131,1132.0,0.58134,9.0
1753600071212,07:07:51.212,binance,A/USDT:USDT,0.5813,345.0,0.58128,38.0,0.58131,1132.0,0.58134,9.0
1753600071313,07:07:51.313,binance,A/USDT:USDT,0.5813,345.0,0.58128,38.0,0.58131,1016.0,0.58134,9.0
1753600071517,07:07:51.517,binance,A/USDT:USDT,0.5813,345.0,0.58128,38.0,0.58131,1525.0,0.58134,9.0
1753600071652,07:07:51.652,binance,A/USDT:USDT,0.5813,345.0,0.58128,38.0,0.58131,1311.0,0.58134,9.0
1753600071754,07:07:51.754,binance,A/USDT:USDT,0.5813,345.0,0.58128,38.0,0.58131,1525.0,0.58134,9.0
1753600071902,07:07:51.902,binance,A/USDT:USDT,0.5813,345.0,0.58128,38.0,0.58131,1525.0,0.58134,9.0
1753600072110,07:07:52.110,binance,A/USDT:USDT,0.5813,345.0,0.58128,38.0,0.58131,1525.0,0.58134,9.0
1753600072346,07:07:52.346,binance,A/USDT:USDT,0.5813,345.0,0.58128,38.0,0.58131,1311.0,0.58134,9.0
1753600072453,07:07:52.453,binance,A/USDT:USDT,0.5813,345.0,0.58128,38.0,0.58131,1311.0,0.58134,9.0
1753600072601,07:07:52.601,binance,A/USDT:USDT,0.5813,399.0,0.58128,38.0,0.58131,1311.0,0.58134,9.0
1753600072707,07:07:52.707,binance,A/USDT:USDT,0.5813,399.0,0.58128,38.0,0.58131,1311.0,0.58134,9.0
1753600072944,07:07:52.944,binance,A/USDT:USDT,0.5813,399.0,0.58128,38.0,0.58131,1311.0,0.58134,9.0
1753600073109,07:07:53.109,binance,A/USDT:USDT,0.5813,399.0,0.58128,38.0,0.58131,1311.0,0.58134,9.0
1753600073216,07:07:53.216,binance,A/USDT:USDT,0.5813,399.0,0.58128,38.0,0.58131,1311.0,0.58134,9.0
1753600073502,07:07:53.502,binance,A/USDT:USDT,0.5813,399.0,0.58129,18.0,0.58131,1311.0,0.58134,9.0
1753600073886,07:07:53.886,binance,A/USDT:USDT,0.5813,399.0,0.58129,18.0,0.58131,1311.0,0.58134,9.0
1753600073993,07:07:53.993,binance,A/USDT:USDT,0.5813,399.0,0.58129,18.0,0.58131,1311.0,0.58134,9.0
1753600074110,07:07:54.110,binance,A/USDT:USDT,0.5813,399.0,0.58129,18.0,0.58131,1311.0,0.58134,9.0
1753600074466,07:07:54.466,binance,A/USDT:USDT,0.5813,399.0,0.58129,18.0,0.58131,1138.0,0.58134,9.0
1753600074570,07:07:54.570,binance,A/USDT:USDT,0.5813,399.0,0.58129,18.0,0.58131,1138.0,0.58134,9.0
1753600074974,07:07:54.974,binance,A/USDT:USDT,0.5813,399.0,0.58129,18.0,0.58131,1138.0,0.58134,9.0
1753600075076,07:07:55.076,binance,A/USDT:USDT,0.5813,399.0,0.58129,18.0,0.58131,1138.0,0.58134,9.0
1753600075352,07:07:55.352,binance,A/USDT:USDT,0.5813,399.0,0.58129,18.0,0.58131,1138.0,0.58134,9.0
1753600075818,07:07:55.818,binance,A/USDT:USDT,0.5813,399.0,0.58129,18.0,0.58131,1138.0,0.58134,9.0
1753600076109,07:07:56.109,binance,A/USDT:USDT,0.5813,399.0,0.58129,18.0,0.58131,1138.0,0.58134,9.0
1753600076261,07:07:56.261,binance,A/USDT:USDT,0.58147,87.0,0.58139,139.0,0.58148,214.0,0.58149,304.0
1753600076363,07:07:56.363,binance,A/USDT:USDT,0.58135,139.0,0.58134,578.0,0.58148,214.0,0.58149,304.0
1753600076468,07:07:56.468,binance,A/USDT:USDT,0.58135,139.0,0.58134,578.0,0.58148,214.0,0.58149,304.0
1753600076571,07:07:56.571,binance,A/USDT:USDT,0.58135,139.0,0.58134,578.0,0.58148,214.0,0.58149,304.0
1753600076673,07:07:56.673,binance,A/USDT:USDT,0.58135,139.0,0.58134,578.0,0.58148,214.0,0.58149,304.0
1753600076774,07:07:56.774,binance,A/USDT:USDT,0.58135,139.0,0.58134,578.0,0.58148,214.0,0.58149,304.0
1753600076877,07:07:56.877,binance,A/USDT:USDT,0.58135,139.0,0.58134,578.0,0.58148,214.0,0.58149,304.0
1753600077110,07:07:57.110,binance,A/USDT:USDT,0.58135,139.0,0.58134,578.0,0.58148,214.0,0.58149,304.0
1753600077257,07:07:57.257,binance,A/USDT:USDT,0.58134,10.0,0.5813,417.0,0.58142,14.0,0.58146,9.0
1753600077361,07:07:57.361,binance,A/USDT:USDT,0.58134,10.0,0.5813,417.0,0.58141,139.0,0.58142,14.0
1753600077468,07:07:57.468,binance,A/USDT:USDT,0.58134,10.0,0.5813,417.0,0.58141,139.0,0.58142,14.0
1753600077573,07:07:57.573,binance,A/USDT:USDT,0.58134,10.0,0.5813,417.0,0.58141,139.0,0.58142,14.0
1753600077702,07:07:57.702,binance,A/USDT:USDT,0.58134,10.0,0.5813,417.0,0.58141,139.0,0.58142,14.0
1753600077863,07:07:57.863,binance,A/USDT:USDT,0.58134,63.0,0.5813,417.0,0.58141,139.0,0.58142,14.0
1753600078116,07:07:58.116,binance,A/USDT:USDT,0.58134,63.0,0.5813,417.0,0.58141,139.0,0.58142,14.0
1753600078293,07:07:58.293,binance,A/USDT:USDT,0.58134,63.0,0.5813,494.0,0.58141,396.0,0.58142,14.0
1753600078397,07:07:58.397,binance,A/USDT:USDT,0.58134,63.0,0.5813,494.0,0.58141,396.0,0.58142,14.0
1753600078663,07:07:58.663,binance,A/USDT:USDT,0.58134,63.0,0.5813,494.0,0.58141,396.0,0.58142,14.0
1753600078766,07:07:58.766,binance,A/USDT:USDT,0.58134,63.0,0.5813,494.0,0.58141,396.0,0.58142,14.0
1753600078906,07:07:58.906,binance,A/USDT:USDT,0.58134,63.0,0.5813,494.0,0.58141,396.0,0.58142,14.0
1753600079110,07:07:59.110,binance,A/USDT:USDT,0.58134,63.0,0.5813,494.0,0.58141,396.0,0.58142,14.0
1753600080110,07:08:00.110,binance,A/USDT:USDT,0.58134,63.0,0.5813,417.0,0.58141,396.0,0.58142,14.0
1753600080292,07:08:00.292,binance,A/USDT:USDT,0.58134,63.0,0.5813,417.0,0.58141,396.0,0.58142,14.0
1753600080461,07:08:00.461,binance,A/USDT:USDT,0.58134,63.0,0.5813,417.0,0.58137,257.0,0.58138,96.0
1753600080565,07:08:00.565,binance,A/USDT:USDT,0.58134,63.0,0.5813,417.0,0.58137,257.0,0.58138,96.0
1753600080669,07:08:00.669,binance,A/USDT:USDT,0.58134,63.0,0.5813,417.0,0.58137,257.0,0.58138,96.0
1753600080836,07:08:00.836,binance,A/USDT:USDT,0.58134,63.0,0.5813,417.0,0.58136,10.0,0.58137,257.0
1753600080940,07:08:00.940,binance,A/USDT:USDT,0.58134,63.0,0.5813,417.0,0.58136,10.0,0.58137,257.0
1753600081111,07:08:01.111,binance,A/USDT:USDT,0.58134,63.0,0.5813,417.0,0.58136,10.0,0.58137,257.0
1753600081243,07:08:01.243,binance,A/USDT:USDT,0.58134,63.0,0.5813,417.0,0.58135,25.0,0.58136,10.0
1753600081467,07:08:01.467,binance,A/USDT:USDT,0.58134,63.0,0.5813,417.0,0.58135,25.0,0.58136,10.0
1753600081599,07:08:01.599,binance,A/USDT:USDT,0.58134,63.0,0.5813,417.0,0.58135,43.0,0.58136,10.0
1753600081702,07:08:01.702,binance,A/USDT:USDT,0.58134,63.0,0.5813,417.0,0.58135,43.0,0.58136,10.0
1753600081881,07:08:01.881,binance,A/USDT:USDT,0.58134,63.0,0.5813,417.0,0.58135,257.0,0.58136,10.0
1753600081984,07:08:01.984,binance,A/USDT:USDT,0.58134,63.0,0.5813,417.0,0.58135,257.0,0.58136,10.0
1753600082273,07:08:02.273,binance,A/USDT:USDT,0.58134,63.0,0.5813,417.0,0.58135,257.0,0.58136,10.0
1753600082376,07:08:02.376,binance,A/USDT:USDT,0.58134,63.0,0.5813,417.0,0.58135,257.0,0.58136,10.0
1753600082512,07:08:02.512,binance,A/USDT:USDT,0.58134,63.0,0.5813,417.0,0.58135,257.0,0.58136,10.0
1753600082782,07:08:02.782,binance,A/USDT:USDT,0.58116,10.0,0.58115,18.0,0.58121,214.0,0.58122,116.0
1753600082884,07:08:02.884,binance,A/USDT:USDT,0.58116,10.0,0.58115,18.0,0.58117,214.0,0.5812,139.0
1753600082990,07:08:02.990,binance,A/USDT:USDT,0.58116,10.0,0.58115,18.0,0.58117,214.0,0.5812,139.0
1753600083093,07:08:03.093,binance,A/USDT:USDT,0.58116,10.0,0.58115,18.0,0.58117,214.0,0.5812,139.0
1753600083198,07:08:03.198,binance,A/USDT:USDT,0.58116,10.0,0.58115,18.0,0.58117,214.0,0.5812,139.0
1753600083422,07:08:03.422,binance,A/USDT:USDT,0.58116,10.0,0.58115,18.0,0.58117,214.0,0.5812,139.0
1753600083541,07:08:03.541,binance,A/USDT:USDT,0.58116,168.0,0.58113,18.0,0.58117,214.0,0.5812,139.0
1753600083645,07:08:03.645,binance,A/USDT:USDT,0.58116,168.0,0.58113,18.0,0.58117,214.0,0.5812,139.0
1753600083769,07:08:03.769,binance,A/USDT:USDT,0.58116,168.0,0.58113,18.0,0.58117,214.0,0.58118,258.0
1753600083873,07:08:03.873,binance,A/USDT:USDT,0.58116,168.0,0.58113,18.0,0.58117,214.0,0.58118,258.0
1753600084002,07:08:04.002,binance,A/USDT:USDT,0.58116,168.0,0.58113,18.0,0.58117,214.0,0.58118,258.0
1753600084212,07:08:04.212,binance,A/USDT:USDT,0.58116,168.0,0.58113,18.0,0.58118,258.0,0.5812,139.0
1753600084412,07:08:04.412,binance,A/USDT:USDT,0.58116,168.0,0.58113,18.0,0.58117,214.0,0.58118,258.0
1753600084514,07:08:04.514,binance,A/USDT:USDT,0.58116,168.0,0.58113,18.0,0.58118,258.0,0.5812,139.0
1753600084788,07:08:04.788,binance,A/USDT:USDT,0.58116,168.0,0.58113,18.0,0.58118,258.0,0.5812,139.0
1753600084891,07:08:04.891,binance,A/USDT:USDT,0.58116,168.0,0.58113,18.0,0.58118,258.0,0.5812,139.0
1753600085110,07:08:05.110,binance,A/USDT:USDT,0.58116,168.0,0.58113,18.0,0.58118,258.0,0.5812,139.0
1753600085216,07:08:05.216,binance,A/USDT:USDT,0.58116,168.0,0.58113,18.0,0.58118,258.0,0.5812,139.0
1753600085319,07:08:05.319,binance,A/USDT:USDT,0.58116,168.0,0.58113,18.0,0.58118,258.0,0.5812,139.0
1753600085427,07:08:05.427,binance,A/USDT:USDT,0.58116,168.0,0.58113,18.0,0.58118,258.0,0.5812,139.0
1753600085532,07:08:05.532,binance,A/USDT:USDT,0.58116,168.0,0.58113,18.0,0.58117,353.0,0.58118,258.0
1753600085634,07:08:05.634,binance,A/USDT:USDT,0.58116,168.0,0.58113,18.0,0.58117,139.0,0.58118,258.0
1753600085841,07:08:05.841,binance,A/USDT:USDT,0.58116,168.0,0.58113,18.0,0.58117,139.0,0.58118,258.0
1753600085944,07:08:05.944,binance,A/USDT:USDT,0.58116,168.0,0.58113,18.0,0.58117,139.0,0.58118,258.0
1753600086110,07:08:06.110,binance,A/USDT:USDT,0.58116,168.0,0.58113,18.0,0.58117,139.0,0.58118,258.0
1753600086413,07:08:06.413,binance,A/USDT:USDT,0.58116,168.0,0.58113,18.0,0.58117,139.0,0.58118,258.0
1753600086516,07:08:06.516,binance,A/USDT:USDT,0.58116,168.0,0.58113,18.0,0.58117,139.0,0.58118,258.0
1753600086685,07:08:06.685,binance,A/USDT:USDT,0.58116,168.0,0.58113,18.0,0.58117,139.0,0.58118,258.0
1753600087345,07:08:07.345,binance,A/USDT:USDT,0.58116,168.0,0.58113,18.0,0.58117,139.0,0.58118,258.0
1753600087523,07:08:07.523,binance,A/USDT:USDT,0.58116,222.0,0.58113,18.0,0.58117,139.0,0.58118,258.0
1753600087633,07:08:07.633,binance,A/USDT:USDT,0.58116,222.0,0.58113,18.0,0.58117,139.0,0.58118,258.0
1753600087958,07:08:07.958,binance,A/USDT:USDT,0.58116,222.0,0.58113,18.0,0.58117,139.0,0.58118,258.0
1753600088061,07:08:08.061,binance,A/USDT:USDT,0.58116,222.0,0.58113,18.0,0.58117,139.0,0.58118,258.0
1753600088162,07:08:08.162,binance,A/USDT:USDT,0.58116,222.0,0.58113,18.0,0.58117,139.0,0.58118,258.0
1753600088269,07:08:08.269,binance,A/USDT:USDT,0.58116,222.0,0.58113,18.0,0.58117,139.0,0.58118,258.0
1753600088467,07:08:08.467,binance,A/USDT:USDT,0.5811,10.0,0.58109,18.0,0.58117,252.0,0.58118,258.0
1753600088568,07:08:08.568,binance,A/USDT:USDT,0.58068,10.0,0.58066,29.0,0.58081,19.0,0.58082,340.0
1753600088670,07:08:08.670,binance,A/USDT:USDT,0.58068,10.0,0.58066,29.0,0.5808,363.0,0.58081,430.0
1753600088771,07:08:08.771,binance,A/USDT:USDT,0.58068,10.0,0.58066,29.0,0.5808,363.0,0.58081,430.0
1753600088873,07:08:08.873,binance,A/USDT:USDT,0.58068,10.0,0.58065,127.0,0.5808,363.0,0.58081,430.0
1753600088976,07:08:08.976,binance,A/USDT:USDT,0.58068,10.0,0.58065,127.0,0.5808,363.0,0.58081,430.0
1753600089077,07:08:09.077,binance,A/USDT:USDT,0.58068,10.0,0.58065,127.0,0.58079,258.0,0.5808,363.0
1753600089202,07:08:09.202,binance,A/USDT:USDT,0.58068,10.0,0.58065,127.0,0.58079,258.0,0.5808,363.0
1753600089303,07:08:09.303,binance,A/USDT:USDT,0.58068,10.0,0.58065,127.0,0.58079,258.0,0.5808,363.0
1753600089661,07:08:09.661,binance,A/USDT:USDT,0.58068,10.0,0.58065,127.0,0.58077,258.0,0.58078,344.0
1753600089768,07:08:09.768,binance,A/USDT:USDT,0.58068,10.0,0.58065,127.0,0.58077,258.0,0.58078,344.0
1753600090110,07:08:10.110,binance,A/USDT:USDT,0.58068,10.0,0.58065,127.0,0.58077,258.0,0.58078,344.0
1753600090215,07:08:10.215,binance,A/USDT:USDT,0.58068,10.0,0.58065,127.0,0.58077,258.0,0.58078,344.0
1753600090317,07:08:10.317,binance,A/USDT:USDT,0.58068,10.0,0.58065,127.0,0.58077,258.0,0.58078,344.0
1753600090686,07:08:10.686,binance,A/USDT:USDT,0.58068,10.0,0.58065,127.0,0.58078,344.0,0.5808,277.0
1753600090789,07:08:10.789,binance,A/USDT:USDT,0.58068,10.0,0.58065,127.0,0.58078,344.0,0.5808,277.0
1753600090902,07:08:10.902,binance,A/USDT:USDT,0.58068,10.0,0.58065,127.0,0.58077,258.0,0.58078,344.0
1753600091008,07:08:11.008,binance,A/USDT:USDT,0.58068,10.0,0.58065,127.0,0.58077,258.0,0.58078,344.0
1753600091110,07:08:11.110,binance,A/USDT:USDT,0.58068,10.0,0.58065,18.0,0.58077,258.0,0.58078,344.0
1753600091217,07:08:11.217,binance,A/USDT:USDT,0.58068,10.0,0.58065,18.0,0.58076,19.0,0.58077,516.0
1753600091320,07:08:11.320,binance,A/USDT:USDT,0.58068,10.0,0.58065,18.0,0.58074,214.0,0.58075,258.0
1753600091532,07:08:11.532,binance,A/USDT:USDT,0.58068,10.0,0.58065,18.0,0.58074,547.0,0.58075,258.0
1753600091753,07:08:11.753,binance,A/USDT:USDT,0.5805,26.0,0.58048,47.0,0.58056,19.0,0.58057,214.0
1753600091855,07:08:11.855,binance,A/USDT:USDT,0.5805,26.0,0.58048,47.0,0.58056,19.0,0.58057,214.0
1753600091958,07:08:11.958,binance,A/USDT:USDT,0.5805,26.0,0.58048,18.0,0.58056,19.0,0.5806,304.0
1753600092059,07:08:12.059,binance,A/USDT:USDT,0.5805,26.0,0.58048,18.0,0.58055,214.0,0.58056,363.0
1753600092160,07:08:12.160,binance,A/USDT:USDT,0.58044,23.0,0.58042,400.0,0.58045,214.0,0.58046,19.0
1753600092263,07:08:12.263,binance,A/USDT:USDT,0.58032,10.0,0.5803,206.0,0.58033,214.0,0.58035,304.0
1753600092364,07:08:12.364,binance,A/USDT:USDT,0.58032,10.0,0.5803,177.0,0.58033,214.0,0.58035,304.0
1753600092467,07:08:12.467,binance,A/USDT:USDT,0.58032,10.0,0.5803,177.0,0.58033,214.0,0.58035,304.0
1753600092568,07:08:12.568,binance,A/USDT:USDT,0.58032,10.0,0.5803,177.0,0.58035,304.0,0.58038,18.0
1753600092677,07:08:12.677,binance,A/USDT:USDT,0.58032,278.0,0.5803,177.0,0.58033,19.0,0.58035,304.0
1753600092785,07:08:12.785,binance,A/USDT:USDT,0.58032,278.0,0.5803,177.0,0.58033,19.0,0.58035,304.0
1753600092923,07:08:12.923,binance,A/USDT:USDT,0.58032,278.0,0.5803,177.0,0.58033,19.0,0.58035,304.0
1753600093057,07:08:13.057,binance,A/USDT:USDT,0.58032,278.0,0.5803,177.0,0.58033,19.0,0.58035,304.0
1753600093160,07:08:13.160,binance,A/USDT:USDT,0.58032,278.0,0.5803,177.0,0.58033,19.0,0.58035,304.0
1753600093267,07:08:13.267,binance,A/USDT:USDT,0.58032,278.0,0.5803,177.0,0.58033,19.0,0.58035,304.0
1753600093371,07:08:13.371,binance,A/USDT:USDT,0.58032,278.0,0.5803,177.0,0.58033,19.0,0.58035,304.0
1753600093474,07:08:13.474,binance,A/USDT:USDT,0.58032,278.0,0.5803,177.0,0.58033,19.0,0.58035,304.0
1753600093577,07:08:13.577,binance,A/USDT:USDT,0.58032,278.0,0.5803,177.0,0.58033,19.0,0.58035,304.0
1753600093680,07:08:13.680,binance,A/USDT:USDT,0.58032,278.0,0.5803,177.0,0.58033,19.0,0.58035,304.0
1753600093783,07:08:13.783,binance,A/USDT:USDT,0.58032,278.0,0.5803,177.0,0.58033,19.0,0.58035,304.0
1753600093886,07:08:13.886,binance,A/USDT:USDT,0.58032,278.0,0.5803,177.0,0.58033,19.0,0.58035,304.0
1753600093990,07:08:13.990,binance,A/USDT:USDT,0.58032,278.0,0.5803,177.0,0.58033,19.0,0.58035,304.0
1753600094109,07:08:14.109,binance,A/USDT:USDT,0.58032,278.0,0.5803,177.0,0.58033,19.0,0.58035,304.0
1753600094221,07:08:14.221,binance,A/USDT:USDT,0.58032,278.0,0.5803,177.0,0.58033,19.0,0.58035,304.0
1753600094325,07:08:14.325,binance,A/USDT:USDT,0.58032,278.0,0.5803,177.0,0.58033,19.0,0.58035,304.0
1753600094468,07:08:14.468,binance,A/USDT:USDT,0.58032,278.0,0.5803,177.0,0.58033,19.0,0.58035,304.0
1753600094572,07:08:14.572,binance,A/USDT:USDT,0.58032,278.0,0.5803,177.0,0.58033,19.0,0.58035,304.0
1753600094676,07:08:14.676,binance,A/USDT:USDT,0.58032,278.0,0.5803,177.0,0.58033,19.0,0.58035,304.0
1753600094780,07:08:14.780,binance,A/USDT:USDT,0.58032,278.0,0.5803,177.0,0.58033,19.0,0.58035,304.0
1753600095006,07:08:15.006,binance,A/USDT:USDT,0.58032,278.0,0.5803,177.0,0.58033,19.0,0.58035,304.0
1753600095110,07:08:15.110,binance,A/USDT:USDT,0.58032,278.0,0.5803,177.0,0.58033,19.0,0.58035,304.0
1753600095214,07:08:15.214,binance,A/USDT:USDT,0.58011,87.0,0.58007,1554.0,0.58027,91.0,0.58028,62.0
1753600095315,07:08:15.315,binance,A/USDT:USDT,0.58016,87.0,0.58007,1554.0,0.58026,19.0,0.58027,72.0
1753600095418,07:08:15.418,binance,A/USDT:USDT,0.58016,87.0,0.58009,18.0,0.58026,19.0,0.58027,72.0
1753600095520,07:08:15.520,binance,A/USDT:USDT,0.58016,87.0,0.58009,18.0,0.58026,19.0,0.58027,72.0
1753600095632,07:08:15.632,binance,A/USDT:USDT,0.58016,87.0,0.58009,18.0,0.58026,19.0,0.58027,72.0
1753600095738,07:08:15.738,binance,A/USDT:USDT,0.58016,87.0,0.58009,18.0,0.58026,19.0,0.58027,72.0
1753600095842,07:08:15.842,binance,A/USDT:USDT,0.58016,87.0,0.58009,18.0,0.58026,19.0,0.58027,72.0
1753600095946,07:08:15.946,binance,A/USDT:USDT,0.58016,87.0,0.58009,18.0,0.58026,19.0,0.58027,72.0
1753600096050,07:08:16.050,binance,A/USDT:USDT,0.58016,87.0,0.58009,18.0,0.58026,19.0,0.58027,72.0
1753600096245,07:08:16.245,binance,A/USDT:USDT,0.58016,87.0,0.58009,18.0,0.58026,19.0,0.58027,72.0
1753600096350,07:08:16.350,binance,A/USDT:USDT,0.58002,198.0,0.58,161.0,0.58026,19.0,0.58027,72.0
1753600096454,07:08:16.454,binance,A/USDT:USDT,0.58002,198.0,0.58,161.0,0.58026,19.0,0.58027,72.0
1753600096557,07:08:16.557,binance,A/USDT:USDT,0.58002,198.0,0.58,161.0,0.58026,19.0,0.58027,72.0
1753600096688,07:08:16.688,binance,A/USDT:USDT,0.58002,198.0,0.58,161.0,0.58026,19.0,0.58027,72.0
1753600096857,07:08:16.857,binance,A/USDT:USDT,0.58002,198.0,0.58,161.0,0.58026,19.0,0.58027,72.0
1753600097081,07:08:17.081,binance,A/USDT:USDT,0.58002,198.0,0.58,161.0,0.58026,54.0,0.58027,72.0
1753600097184,07:08:17.184,binance,A/USDT:USDT,0.58002,198.0,0.58,161.0,0.58026,54.0,0.58027,72.0
1753600097289,07:08:17.289,binance,A/USDT:USDT,0.5801,87.0,0.58005,18.0,0.58024,344.0,0.58025,19.0
1753600097392,07:08:17.392,binance,A/USDT:USDT,0.5801,87.0,0.58005,18.0,0.58024,344.0,0.58025,19.0
1753600097493,07:08:17.493,binance,A/USDT:USDT,0.5801,87.0,0.58005,18.0,0.58024,344.0,0.58025,19.0
1753600097594,07:08:17.594,binance,A/USDT:USDT,0.5801,87.0,0.58005,18.0,0.58024,344.0,0.58025,19.0
1753600097818,07:08:17.818,binance,A/USDT:USDT,0.58018,87.0,0.58015,20.0,0.58025,19.0,0.58026,35.0
1753600097924,07:08:17.924,binance,A/USDT:USDT,0.58018,87.0,0.58015,20.0,0.58025,19.0,0.58026,35.0
1753600098038,07:08:18.038,binance,A/USDT:USDT,0.58018,87.0,0.58015,20.0,0.58025,19.0,0.58026,35.0
1753600098144,07:08:18.144,binance,A/USDT:USDT,0.58018,87.0,0.58015,20.0,0.58025,19.0,0.58026,35.0
1753600098345,07:08:18.345,binance,A/USDT:USDT,0.58015,20.0,0.58012,18.0,0.58022,214.0,0.58023,19.0
1753600098449,07:08:18.449,binance,A/USDT:USDT,0.58015,20.0,0.58012,18.0,0.58022,214.0,0.58023,19.0
1753600098551,07:08:18.551,binance,A/USDT:USDT,0.58015,20.0,0.58012,18.0,0.58022,214.0,0.58023,19.0
1753600098686,07:08:18.686,binance,A/USDT:USDT,0.58015,20.0,0.58012,18.0,0.58022,214.0,0.58023,19.0
1753600099053,07:08:19.053,binance,A/USDT:USDT,0.58015,20.0,0.58012,18.0,0.58022,214.0,0.58023,19.0
1753600099416,07:08:19.416,binance,A/USDT:USDT,0.58015,20.0,0.58012,18.0,0.58022,214.0,0.58023,19.0
1753600099521,07:08:19.521,binance,A/USDT:USDT,0.58015,20.0,0.58012,18.0,0.58022,214.0,0.58023,19.0
1753600099665,07:08:19.665,binance,A/USDT:USDT,0.58015,20.0,0.58012,18.0,0.58022,214.0,0.58023,19.0
1753600100071,07:08:20.071,binance,A/USDT:USDT,0.58015,20.0,0.58012,18.0,0.58022,214.0,0.58023,19.0
1753600100233,07:08:20.233,binance,A/USDT:USDT,0.58015,20.0,0.58012,18.0,0.58022,214.0,0.58023,19.0
1753600100344,07:08:20.344,binance,A/USDT:USDT,0.58015,20.0,0.58012,18.0,0.58022,214.0,0.58023,19.0
1753600100768,07:08:20.768,binance,A/USDT:USDT,0.57996,10.0,0.57995,18.0,0.58004,19.0,0.58005,304.0
1753600100877,07:08:20.877,binance,A/USDT:USDT,0.57996,10.0,0.57995,18.0,0.58004,19.0,0.58005,304.0
1753600101086,07:08:21.086,binance,A/USDT:USDT,0.57996,10.0,0.57995,18.0,0.58004,19.0,0.58005,304.0
1753600101191,07:08:21.191,binance,A/USDT:USDT,0.57979,87.0,0.57976,554.0,0.57989,19.0,0.5799,959.0
1753600101293,07:08:21.293,binance,A/USDT:USDT,0.57979,87.0,0.57976,554.0,0.57989,19.0,0.5799,959.0
1753600101394,07:08:21.394,binance,A/USDT:USDT,0.57988,87.0,0.57982,87.0,0.57989,19.0,0.5799,959.0
1753600101495,07:08:21.495,binance,A/USDT:USDT,0.57989,87.0,0.57984,88.0,0.5799,959.0,0.57995,18.0
1753600101601,07:08:21.601,binance,A/USDT:USDT,0.57989,87.0,0.57984,88.0,0.5799,959.0,0.57995,18.0
1753600101759,07:08:21.759,binance,A/USDT:USDT,0.57989,87.0,0.57984,88.0,0.5799,959.0,0.57995,18.0
1753600102102,07:08:22.102,binance,A/USDT:USDT,0.57989,87.0,0.57984,88.0,0.5799,959.0,0.57991,15.0
1753600102249,07:08:22.249,binance,A/USDT:USDT,0.57989,87.0,0.57984,88.0,0.5799,959.0,0.57991,15.0
1753600102352,07:08:22.352,binance,A/USDT:USDT,0.57978,9.0,0.57977,18.0,0.57989,19.0,0.5799,959.0
1753600102454,07:08:22.454,binance,A/USDT:USDT,0.57978,9.0,0.57973,18.0,0.57988,344.0,0.57989,19.0
1753600102559,07:08:22.559,binance,A/USDT:USDT,0.57978,9.0,0.57973,18.0,0.57988,344.0,0.57989,19.0
1753600102681,07:08:22.681,binance,A/USDT:USDT,0.57978,9.0,0.57973,18.0,0.57988,688.0,0.57989,19.0
1753600102790,07:08:22.790,binance,A/USDT:USDT,0.57978,9.0,0.57973,18.0,0.57988,688.0,0.57989,19.0
1753600102918,07:08:22.918,binance,A/USDT:USDT,0.57978,9.0,0.57973,18.0,0.57988,688.0,0.57989,19.0
1753600103102,07:08:23.102,binance,A/USDT:USDT,0.57978,9.0,0.57973,18.0,0.57988,688.0,0.57989,19.0
1753600103206,07:08:23.206,binance,A/USDT:USDT,0.57978,9.0,0.57973,18.0,0.57988,688.0,0.57989,19.0
1753600103309,07:08:23.309,binance,A/USDT:USDT,0.57978,9.0,0.57973,18.0,0.57988,730.0,0.57989,19.0
1753600103517,07:08:23.517,binance,A/USDT:USDT,0.57978,9.0,0.57973,18.0,0.57988,730.0,0.57989,19.0
1753600103621,07:08:23.621,binance,A/USDT:USDT,0.57978,9.0,0.57973,18.0,0.57988,730.0,0.57989,19.0
1753600103753,07:08:23.753,binance,A/USDT:USDT,0.57978,9.0,0.57973,18.0,0.57988,688.0,0.57989,277.0
1753600103869,07:08:23.869,binance,A/USDT:USDT,0.57978,9.0,0.57973,18.0,0.57988,688.0,0.57989,277.0
1753600104109,07:08:24.109,binance,A/USDT:USDT,0.57978,9.0,0.57973,18.0,0.57988,688.0,0.57989,277.0
1753600104212,07:08:24.212,binance,A/USDT:USDT,0.57978,9.0,0.57973,18.0,0.57988,688.0,0.57989,277.0
1753600104322,07:08:24.322,binance,A/USDT:USDT,0.57978,9.0,0.57973,18.0,0.57988,688.0,0.57989,277.0
1753600104471,07:08:24.471,binance,A/USDT:USDT,0.57978,9.0,0.57973,18.0,0.57979,214.0,0.57981,19.0
1753600104574,07:08:24.574,binance,A/USDT:USDT,0.57978,9.0,0.57973,18.0,0.57979,214.0,0.57981,19.0
1753600104680,07:08:24.680,binance,A/USDT:USDT,0.57978,9.0,0.57973,18.0,0.57979,214.0,0.57981,19.0
1753600104785,07:08:24.785,binance,A/USDT:USDT,0.57978,9.0,0.57973,18.0,0.57981,19.0,0.57982,365.0
1753600104890,07:08:24.890,binance,A/USDT:USDT,0.57978,9.0,0.57973,18.0,0.57981,19.0,0.57982,365.0
1753600105031,07:08:25.031,binance,A/USDT:USDT,0.57978,9.0,0.57973,18.0,0.57981,19.0,0.57982,365.0
1753600105145,07:08:25.145,binance,A/USDT:USDT,0.57978,9.0,0.57973,18.0,0.57981,19.0,0.57982,365.0
1753600105393,07:08:25.393,binance,A/USDT:USDT,0.57978,9.0,0.57973,18.0,0.57981,19.0,0.57982,365.0
1753600105496,07:08:25.496,binance,A/USDT:USDT,0.57982,87.0,0.57978,9.0,0.57983,1780.0,0.57986,29.0
1753600105698,07:08:25.698,binance,A/USDT:USDT,0.57982,87.0,0.57978,9.0,0.57983,1780.0,0.57986,29.0
1753600105883,07:08:25.883,binance,A/USDT:USDT,0.57982,87.0,0.57978,9.0,0.57983,1780.0,0.57986,29.0
1753600105990,07:08:25.990,binance,A/USDT:USDT,0.57983,139.0,0.57978,9.0,0.5799,1303.0,0.57991,446.0
1753600106095,07:08:26.095,binance,A/USDT:USDT,0.57983,139.0,0.57978,27.0,0.5799,1303.0,0.57991,446.0
1753600106198,07:08:26.198,binance,A/USDT:USDT,0.57978,9.0,0.57976,161.0,0.57989,139.0,0.5799,1303.0
1753600106311,07:08:26.311,binance,A/USDT:USDT,0.57978,9.0,0.57976,161.0,0.57989,139.0,0.5799,1303.0
1753600106414,07:08:26.414,binance,A/USDT:USDT,0.57978,9.0,0.57976,161.0,0.57989,139.0,0.5799,1303.0
1753600106519,07:08:26.519,binance,A/USDT:USDT,0.57978,9.0,0.57976,161.0,0.57989,139.0,0.5799,1303.0
1753600106628,07:08:26.628,binance,A/USDT:USDT,0.57978,9.0,0.57976,161.0,0.57989,139.0,0.5799,1303.0
1753600106791,07:08:26.791,binance,A/USDT:USDT,0.57978,9.0,0.57976,161.0,0.57989,139.0,0.5799,1399.0
1753600106957,07:08:26.957,binance,A/USDT:USDT,0.57978,9.0,0.57976,132.0,0.57987,189.0,0.57989,397.0
1753600107063,07:08:27.063,binance,A/USDT:USDT,0.57978,9.0,0.57975,18.0,0.57986,344.0,0.57987,189.0
1753600107186,07:08:27.186,binance,A/USDT:USDT,0.57978,64.0,0.57976,554.0,0.57986,344.0,0.57987,189.0
1753600107447,07:08:27.447,binance,A/USDT:USDT,0.57978,64.0,0.57976,554.0,0.57982,11.0,0.57986,344.0
1753600107553,07:08:27.553,binance,A/USDT:USDT,0.57978,64.0,0.57976,554.0,0.57982,11.0,0.57986,344.0
1753600107789,07:08:27.789,binance,A/USDT:USDT,0.57978,64.0,0.57976,554.0,0.57982,11.0,0.57986,344.0
1753600107901,07:08:27.901,binance,A/USDT:USDT,0.57978,64.0,0.57976,554.0,0.57982,11.0,0.57986,344.0
1753600108110,07:08:28.110,binance,A/USDT:USDT,0.57978,64.0,0.57976,554.0,0.57982,11.0,0.57986,344.0
1753600108247,07:08:28.247,binance,A/USDT:USDT,0.57978,64.0,0.57975,18.0,0.57979,139.0,0.57982,11.0
1753600108351,07:08:28.351,binance,A/USDT:USDT,0.57978,64.0,0.57975,18.0,0.57979,139.0,0.57982,11.0
1753600108458,07:08:28.458,binance,A/USDT:USDT,0.57978,64.0,0.57975,18.0,0.57979,139.0,0.57982,11.0
1753600108691,07:08:28.691,binance,A/USDT:USDT,0.57978,64.0,0.57975,18.0,0.57979,139.0,0.57982,11.0
1753600108797,07:08:28.797,binance,A/USDT:USDT,0.57978,64.0,0.57975,18.0,0.57979,139.0,0.57982,11.0
1753600109039,07:08:29.039,binance,A/USDT:USDT,0.57978,64.0,0.57975,18.0,0.57979,139.0,0.57982,11.0
1753600109145,07:08:29.145,binance,A/USDT:USDT,0.57978,64.0,0.57975,18.0,0.57979,139.0,0.57982,11.0
1753600109483,07:08:29.483,binance,A/USDT:USDT,0.57978,64.0,0.57975,18.0,0.57979,139.0,0.57982,11.0
1753600109887,07:08:29.887,binance,A/USDT:USDT,0.57978,55.0,0.57975,18.0,0.57979,353.0,0.57982,11.0
1753600110032,07:08:30.032,binance,A/USDT:USDT,0.57978,174.0,0.57975,18.0,0.57979,139.0,0.57982,11.0
1753600110236,07:08:30.236,binance,A/USDT:USDT,0.57978,174.0,0.57975,18.0,0.57979,353.0,0.57982,11.0
1753600110454,07:08:30.454,binance,A/USDT:USDT,0.57978,174.0,0.57975,18.0,0.57979,353.0,0.57982,11.0
1753600110560,07:08:30.560,binance,A/USDT:USDT,0.57978,174.0,0.57975,18.0,0.57979,353.0,0.57982,11.0
1753600110744,07:08:30.744,binance,A/USDT:USDT,0.57978,174.0,0.57975,18.0,0.57979,353.0,0.57982,11.0
1753600110850,07:08:30.850,binance,A/USDT:USDT,0.57978,174.0,0.57975,18.0,0.57979,453.0,0.57982,11.0
1753600110978,07:08:30.978,binance,A/USDT:USDT,0.57978,174.0,0.57975,18.0,0.57979,453.0,0.57982,11.0
1753600111108,07:08:31.108,binance,A/USDT:USDT,0.57978,174.0,0.57975,18.0,0.57979,453.0,0.57982,11.0
1753600111233,07:08:31.233,binance,A/USDT:USDT,0.57978,174.0,0.57975,18.0,0.57979,453.0,0.57982,11.0
1753600111358,07:08:31.358,binance,A/USDT:USDT,0.57978,174.0,0.57975,18.0,0.57979,453.0,0.57982,11.0
1753600111675,07:08:31.675,binance,A/USDT:USDT,0.57978,174.0,0.57975,18.0,0.57979,453.0,0.57982,11.0
1753600111778,07:08:31.778,binance,A/USDT:USDT,0.57978,228.0,0.57975,18.0,0.57979,239.0,0.57982,11.0
1753600111879,07:08:31.879,binance,A/USDT:USDT,0.57978,228.0,0.57975,18.0,0.57979,249.0,0.57982,11.0
1753600111981,07:08:31.981,binance,A/USDT:USDT,0.57978,228.0,0.57975,18.0,0.57979,463.0,0.57982,11.0
1753600112109,07:08:32.109,binance,A/USDT:USDT,0.57978,228.0,0.57975,18.0,0.57979,249.0,0.57982,11.0
1753600112211,07:08:32.211,binance,A/USDT:USDT,0.57978,228.0,0.57975,18.0,0.57979,249.0,0.57982,11.0
1753600112314,07:08:32.314,binance,A/USDT:USDT,0.57978,228.0,0.57975,18.0,0.57979,249.0,0.57982,11.0
1753600112423,07:08:32.423,binance,A/USDT:USDT,0.57978,228.0,0.57975,18.0,0.57979,264.0,0.57982,11.0
1753600112559,07:08:32.559,binance,A/USDT:USDT,0.57978,228.0,0.57975,18.0,0.57979,264.0,0.57982,11.0
1753600112665,07:08:32.665,binance,A/USDT:USDT,0.57978,228.0,0.57975,18.0,0.57979,264.0,0.57982,11.0
1753600113884,07:08:33.884,binance,A/USDT:USDT,0.57978,228.0,0.57975,18.0,0.57979,264.0,0.57982,11.0
1753600114043,07:08:34.043,binance,A/USDT:USDT,0.57978,228.0,0.57975,18.0,0.57979,264.0,0.57982,11.0
1753600114146,07:08:34.146,binance,A/USDT:USDT,0.57978,228.0,0.57975,18.0,0.57979,264.0,0.57982,11.0
1753600114419,07:08:34.419,binance,A/USDT:USDT,0.5797,13.0,0.57969,18.0,0.57974,75.0,0.57978,142.0
1753600114521,07:08:34.521,binance,A/USDT:USDT,0.5797,13.0,0.57969,18.0,0.57974,75.0,0.57978,142.0
1753600114624,07:08:34.624,binance,A/USDT:USDT,0.5797,13.0,0.57969,18.0,0.57974,75.0,0.57978,142.0
1753600114925,07:08:34.925,binance,A/USDT:USDT,0.5797,13.0,0.57969,18.0,0.57974,75.0,0.57975,140.0
1753600115027,07:08:35.027,binance,A/USDT:USDT,0.5797,13.0,0.57969,18.0,0.57974,75.0,0.57976,18.0
1753600115130,07:08:35.130,binance,A/USDT:USDT,0.57973,87.0,0.5797,13.0,0.57978,486.0,0.57979,137.0
1753600115243,07:08:35.243,binance,A/USDT:USDT,0.57973,87.0,0.5797,13.0,0.57978,486.0,0.57979,137.0
1753600115347,07:08:35.347,binance,A/USDT:USDT,0.57973,87.0,0.5797,13.0,0.57978,587.0,0.57979,37.0
1753600115453,07:08:35.453,binance,A/USDT:USDT,0.5797,13.0,0.57969,18.0,0.57978,587.0,0.57979,37.0
1753600115556,07:08:35.556,binance,A/USDT:USDT,0.5797,13.0,0.57969,18.0,0.57978,587.0,0.57979,37.0
1753600115660,07:08:35.660,binance,A/USDT:USDT,0.5797,13.0,0.57969,18.0,0.57978,587.0,0.57979,37.0
1753600115913,07:08:35.913,binance,A/USDT:USDT,0.5797,13.0,0.57969,18.0,0.57978,587.0,0.57979,37.0
1753600116109,07:08:36.109,binance,A/USDT:USDT,0.5797,13.0,0.57969,18.0,0.57978,587.0,0.57979,37.0
1753600116253,07:08:36.253,binance,A/USDT:USDT,0.5797,13.0,0.57969,18.0,0.57978,587.0,0.57979,37.0
1753600116390,07:08:36.390,binance,A/USDT:USDT,0.5797,13.0,0.57969,18.0,0.57978,589.0,0.57979,37.0
1753600116789,07:08:36.789,binance,A/USDT:USDT,0.57973,87.0,0.5797,66.0,0.57978,589.0,0.57979,37.0
1753600116896,07:08:36.896,binance,A/USDT:USDT,0.57973,87.0,0.5797,66.0,0.57978,589.0,0.57979,37.0
1753600117033,07:08:37.033,binance,A/USDT:USDT,0.57977,87.0,0.5797,66.0,0.57978,245.0,0.57979,37.0
1753600117136,07:08:37.136,binance,A/USDT:USDT,0.57977,87.0,0.5797,66.0,0.57978,245.0,0.57979,37.0
1753600117239,07:08:37.239,binance,A/USDT:USDT,0.5797,66.0,0.57969,18.0,0.57978,589.0,0.57979,381.0
1753600117341,07:08:37.341,binance,A/USDT:USDT,0.5797,66.0,0.57969,18.0,0.57978,589.0,0.57979,381.0
1753600117450,07:08:37.450,binance,A/USDT:USDT,0.5797,66.0,0.57969,18.0,0.57978,599.0,0.57979,381.0
1753600117563,07:08:37.563,binance,A/USDT:USDT,0.5797,93.0,0.57969,18.0,0.57978,599.0,0.57979,381.0
1753600117673,07:08:37.673,binance,A/USDT:USDT,0.5797,93.0,0.57969,18.0,0.57978,599.0,0.57979,381.0
1753600117803,07:08:37.803,binance,A/USDT:USDT,0.5797,93.0,0.57969,18.0,0.57978,599.0,0.57979,381.0
1753600117906,07:08:37.906,binance,A/USDT:USDT,0.5797,93.0,0.57969,18.0,0.57978,599.0,0.57979,381.0
1753600118102,07:08:38.102,binance,A/USDT:USDT,0.5797,93.0,0.57969,18.0,0.57978,599.0,0.57979,381.0
1753600118353,07:08:38.353,binance,A/USDT:USDT,0.5797,93.0,0.57969,18.0,0.57978,599.0,0.57979,381.0
1753600118457,07:08:38.457,binance,A/USDT:USDT,0.5797,93.0,0.57969,18.0,0.57978,943.0,0.57979,37.0
1753600118558,07:08:38.558,binance,A/USDT:USDT,0.5797,93.0,0.57969,18.0,0.57974,48.0,0.57978,943.0
1753600118682,07:08:38.682,binance,A/USDT:USDT,0.5797,93.0,0.57969,18.0,0.57974,48.0,0.57977,15.0
1753600118790,07:08:38.790,binance,A/USDT:USDT,0.5797,93.0,0.57969,18.0,0.57974,48.0,0.57978,943.0
1753600118944,07:08:38.944,binance,A/USDT:USDT,0.57908,188.0,0.57906,151.0,0.57926,262.0,0.57936,139.0
1753600119046,07:08:39.046,binance,A/USDT:USDT,0.57919,87.0,0.57912,9.0,0.57925,139.0,0.57926,17.0
1753600119255,07:08:39.255,binance,A/USDT:USDT,0.57915,87.0,0.57912,9.0,0.57925,139.0,0.57926,17.0
1753600119358,07:08:39.358,binance,A/USDT:USDT,0.57915,87.0,0.57912,9.0,0.57925,139.0,0.57926,17.0
1753600119460,07:08:39.460,binance,A/USDT:USDT,0.5792,87.0,0.57915,18.0,0.57925,139.0,0.57926,17.0
1753600119564,07:08:39.564,binance,A/USDT:USDT,0.5792,87.0,0.57915,18.0,0.57925,139.0,0.57926,17.0
1753600119854,07:08:39.854,binance,A/USDT:USDT,0.5792,87.0,0.57915,18.0,0.57925,139.0,0.57926,17.0
1753600119979,07:08:39.979,binance,A/USDT:USDT,0.57912,9.0,0.5791,47.0,0.57925,139.0,0.57926,17.0
1753600120080,07:08:40.080,binance,A/USDT:USDT,0.57906,9.0,0.57905,18.0,0.57921,139.0,0.57922,164.0
1753600120184,07:08:40.184,binance,A/USDT:USDT,0.57906,9.0,0.57905,18.0,0.57919,186.0,0.5792,325.0
1753600120312,07:08:40.312,binance,A/USDT:USDT,0.57906,9.0,0.57905,18.0,0.57919,186.0,0.5792,139.0
1753600120417,07:08:40.417,binance,A/USDT:USDT,0.57906,9.0,0.57905,18.0,0.57919,186.0,0.5792,139.0
1753600120527,07:08:40.527,binance,A/USDT:USDT,0.57911,10.0,0.57906,9.0,0.57919,186.0,0.5792,139.0
1753600120630,07:08:40.630,binance,A/USDT:USDT,0.57906,9.0,0.57905,18.0,0.57919,186.0,0.5792,139.0
1753600120733,07:08:40.733,binance,A/USDT:USDT,0.57906,9.0,0.57905,18.0,0.57919,186.0,0.5792,139.0
1753600120880,07:08:40.880,binance,A/USDT:USDT,0.57906,9.0,0.57905,18.0,0.57919,186.0,0.5792,139.0
1753600120995,07:08:40.995,binance,A/USDT:USDT,0.57906,9.0,0.57905,18.0,0.57919,186.0,0.5792,139.0
1753600121790,07:08:41.790,binance,A/USDT:USDT,0.57906,9.0,0.57905,18.0,0.57919,186.0,0.5792,139.0
1753600122001,07:08:42.001,binance,A/USDT:USDT,0.57906,9.0,0.57905,18.0,0.57919,186.0,0.5792,139.0
1753600122105,07:08:42.105,binance,A/USDT:USDT,0.57906,9.0,0.57905,18.0,0.57919,186.0,0.5792,139.0
1753600122233,07:08:42.233,binance,A/USDT:USDT,0.57906,9.0,0.57905,18.0,0.57919,186.0,0.5792,139.0
1753600122336,07:08:42.336,binance,A/USDT:USDT,0.57912,87.0,0.57906,77.0,0.5792,139.0,0.57922,164.0
1753600122439,07:08:42.439,binance,A/USDT:USDT,0.57912,87.0,0.57907,18.0,0.5792,139.0,0.57922,164.0
1753600122563,07:08:42.563,binance,A/USDT:USDT,0.57912,87.0,0.57907,18.0,0.5792,139.0,0.57922,164.0
1753600122811,07:08:42.811,binance,A/USDT:USDT,0.57912,87.0,0.57907,18.0,0.5792,154.0,0.57922,164.0
1753600122913,07:08:42.913,binance,A/USDT:USDT,0.57912,87.0,0.57907,18.0,0.5792,154.0,0.57922,164.0
1753600123111,07:08:43.111,binance,A/USDT:USDT,0.57912,87.0,0.57907,18.0,0.5792,154.0,0.57922,164.0
1753600123511,07:08:43.511,binance,A/USDT:USDT,0.57912,87.0,0.57907,18.0,0.5792,154.0,0.57922,164.0
1753600123663,07:08:43.663,binance,A/USDT:USDT,0.57912,87.0,0.57907,18.0,0.5792,154.0,0.57922,164.0
1753600123774,07:08:43.774,binance,A/USDT:USDT,0.57912,87.0,0.57907,18.0,0.5792,154.0,0.57922,164.0
1753600124013,07:08:44.013,binance,A/USDT:USDT,0.57912,87.0,0.57907,18.0,0.5792,154.0,0.57922,164.0
1753600124116,07:08:44.116,binance,A/USDT:USDT,0.57912,87.0,0.57907,18.0,0.5792,154.0,0.57922,164.0
1753600124258,07:08:44.258,binance,A/USDT:USDT,0.57912,87.0,0.57907,18.0,0.5792,154.0,0.57922,164.0
1753600124359,07:08:44.359,binance,A/USDT:USDT,0.57906,77.0,0.57905,18.0,0.57916,796.0,0.5792,154.0
1753600124469,07:08:44.469,binance,A/USDT:USDT,0.57906,77.0,0.57905,18.0,0.57916,796.0,0.57919,186.0
1753600124573,07:08:44.573,binance,A/USDT:USDT,0.57906,77.0,0.57905,18.0,0.57911,142.0,0.57914,139.0
1753600124677,07:08:44.677,binance,A/USDT:USDT,0.57906,77.0,0.57905,18.0,0.57909,51.0,0.57911,142.0
1753600124778,07:08:44.778,binance,A/USDT:USDT,0.57906,77.0,0.57905,18.0,0.57909,51.0,0.57911,142.0
1753600124890,07:08:44.890,binance,A/USDT:USDT,0.57906,77.0,0.57905,18.0,0.57909,51.0,0.57911,142.0
1753600125302,07:08:45.302,binance,A/USDT:USDT,0.57906,77.0,0.57905,18.0,0.57909,51.0,0.57911,142.0
1753600125445,07:08:45.445,binance,A/USDT:USDT,0.57906,77.0,0.57905,18.0,0.57909,51.0,0.57911,142.0
1753600125548,07:08:45.548,binance,A/USDT:USDT,0.57907,18.0,0.57906,77.0,0.57909,51.0,0.57911,142.0
1753600125650,07:08:45.650,binance,A/USDT:USDT,0.57907,18.0,0.57906,77.0,0.57909,51.0,0.57911,142.0
1753600125984,07:08:45.984,binance,A/USDT:USDT,0.57907,18.0,0.57906,77.0,0.57909,51.0,0.57911,142.0
1753600126106,07:08:46.106,binance,A/USDT:USDT,0.57907,18.0,0.57906,77.0,0.57909,51.0,0.57911,142.0
1753600126406,07:08:46.406,binance,A/USDT:USDT,0.57907,18.0,0.57906,77.0,0.57909,232.0,0.57911,142.0
1753600126509,07:08:46.509,binance,A/USDT:USDT,0.57907,18.0,0.57906,77.0,0.57909,232.0,0.57911,142.0
1753600126937,07:08:46.937,binance,A/USDT:USDT,0.57907,18.0,0.57906,77.0,0.57909,232.0,0.57911,142.0
1753600127053,07:08:47.053,binance,A/USDT:USDT,0.57907,18.0,0.57906,77.0,0.57909,232.0,0.57911,142.0
1753600127202,07:08:47.202,binance,A/USDT:USDT,0.57907,18.0,0.57906,77.0,0.57909,232.0,0.57911,142.0
1753600127419,07:08:47.419,binance,A/USDT:USDT,0.57907,18.0,0.57906,9.0,0.57909,232.0,0.57911,142.0
1753600127542,07:08:47.542,binance,A/USDT:USDT,0.57907,18.0,0.57906,9.0,0.57908,116.0,0.57909,232.0
1753600127653,07:08:47.653,binance,A/USDT:USDT,0.57907,18.0,0.57906,9.0,0.57908,116.0,0.57909,232.0
1753600127889,07:08:47.889,binance,A/USDT:USDT,0.57907,18.0,0.57906,9.0,0.57908,116.0,0.57909,232.0
1753600128102,07:08:48.102,binance,A/USDT:USDT,0.57907,18.0,0.57906,9.0,0.57908,116.0,0.57909,232.0
1753600128387,07:08:48.387,binance,A/USDT:USDT,0.57907,18.0,0.57906,9.0,0.57908,116.0,0.57909,232.0
1753600128575,07:08:48.575,binance,A/USDT:USDT,0.57907,18.0,0.57906,9.0,0.57908,430.0,0.57909,232.0
1753600128676,07:08:48.676,binance,A/USDT:USDT,0.57907,18.0,0.57906,9.0,0.57908,430.0,0.57909,232.0
1753600128786,07:08:48.786,binance,A/USDT:USDT,0.57907,18.0,0.57906,9.0,0.57908,430.0,0.57909,232.0
1753600128891,07:08:48.891,binance,A/USDT:USDT,0.57907,18.0,0.57906,9.0,0.57908,430.0,0.57909,232.0
1753600128995,07:08:48.995,binance,A/USDT:USDT,0.57907,18.0,0.57906,9.0,0.57908,430.0,0.57909,232.0
1753600129111,07:08:49.111,binance,A/USDT:USDT,0.57907,18.0,0.57906,9.0,0.57908,430.0,0.57909,232.0
1753600129502,07:08:49.502,binance,A/USDT:USDT,0.57907,18.0,0.57906,9.0,0.57908,430.0,0.57909,232.0
1753600129606,07:08:49.606,binance,A/USDT:USDT,0.57907,18.0,0.57906,9.0,0.57908,430.0,0.57909,232.0
1753600130102,07:08:50.102,binance,A/USDT:USDT,0.57907,18.0,0.57906,9.0,0.57908,430.0,0.57909,232.0
1753600130213,07:08:50.213,binance,A/USDT:USDT,0.57907,18.0,0.57906,9.0,0.57908,430.0,0.57909,232.0
1753600130331,07:08:50.331,binance,A/USDT:USDT,0.57907,18.0,0.57906,9.0,0.57908,644.0,0.57909,232.0
1753600130435,07:08:50.435,binance,A/USDT:USDT,0.57907,18.0,0.57906,9.0,0.57908,644.0,0.57909,232.0
1753600130563,07:08:50.563,binance,A/USDT:USDT,0.57907,18.0,0.57906,9.0,0.57908,644.0,0.57909,232.0
1753600130702,07:08:50.702,binance,A/USDT:USDT,0.57907,18.0,0.57906,9.0,0.57908,644.0,0.57909,232.0
1753600131110,07:08:51.110,binance,A/USDT:USDT,0.57907,18.0,0.57906,9.0,0.57908,644.0,0.57909,232.0
1753600131259,07:08:51.259,binance,A/USDT:USDT,0.57907,18.0,0.57906,9.0,0.57908,644.0,0.57909,232.0
1753600131362,07:08:51.362,binance,A/USDT:USDT,0.57907,18.0,0.57906,9.0,0.57908,430.0,0.57909,232.0
1753600131467,07:08:51.467,binance,A/USDT:USDT,0.57907,18.0,0.57906,9.0,0.57908,644.0,0.57909,232.0
1753600131571,07:08:51.571,binance,A/USDT:USDT,0.57907,18.0,0.57906,9.0,0.57908,644.0,0.57909,232.0
1753600131753,07:08:51.753,binance,A/USDT:USDT,0.57907,18.0,0.57906,9.0,0.57908,644.0,0.57909,232.0
1753600131876,07:08:51.876,binance,A/USDT:USDT,0.57907,18.0,0.57906,9.0,0.57908,430.0,0.57909,232.0
1753600132083,07:08:52.083,binance,A/USDT:USDT,0.57907,18.0,0.57906,9.0,0.57908,430.0,0.57909,232.0
1753600132194,07:08:52.194,binance,A/USDT:USDT,0.57907,18.0,0.57906,9.0,0.57908,430.0,0.57909,232.0
1753600132406,07:08:52.406,binance,A/USDT:USDT,0.57907,86.0,0.57906,9.0,0.57908,430.0,0.57909,232.0
1753600132717,07:08:52.717,binance,A/USDT:USDT,0.57942,139.0,0.57939,150.0,0.57944,983.0,0.57951,1975.0
1753600132818,07:08:52.818,binance,A/USDT:USDT,0.57948,87.0,0.57942,9.0,0.57961,402.0,0.57962,190.0
1753600132919,07:08:52.919,binance,A/USDT:USDT,0.57942,9.0,0.57938,155.0,0.57961,402.0,0.57962,190.0
1753600133021,07:08:53.021,binance,A/USDT:USDT,0.57942,9.0,0.57938,155.0,0.57961,402.0,0.57963,140.0
1753600133124,07:08:53.124,binance,A/USDT:USDT,0.57942,9.0,0.57937,75.0,0.57961,402.0,0.57963,140.0
1753600133239,07:08:53.239,binance,A/USDT:USDT,0.57942,9.0,0.57937,75.0,0.57961,402.0,0.57963,140.0
1753600133344,07:08:53.344,binance,A/USDT:USDT,0.57942,9.0,0.57937,75.0,0.57961,402.0,0.57963,140.0
1753600133459,07:08:53.459,binance,A/USDT:USDT,0.57942,9.0,0.57937,75.0,0.57961,402.0,0.57963,140.0
1753600133618,07:08:53.618,binance,A/USDT:USDT,0.57942,9.0,0.57938,157.0,0.5796,262.0,0.57961,402.0
1753600133723,07:08:53.723,binance,A/USDT:USDT,0.57942,9.0,0.57938,157.0,0.5796,262.0,0.57961,402.0
1753600133829,07:08:53.829,binance,A/USDT:USDT,0.57942,9.0,0.57938,157.0,0.5796,262.0,0.57961,402.0
1753600133948,07:08:53.948,binance,A/USDT:USDT,0.57942,9.0,0.57938,157.0,0.5796,262.0,0.57961,402.0
1753600134051,07:08:54.051,binance,A/USDT:USDT,0.57942,9.0,0.57938,157.0,0.57943,767.0,0.57946,142.0
1753600134154,07:08:54.154,binance,A/USDT:USDT,0.57942,9.0,0.57938,157.0,0.57943,767.0,0.57946,142.0
1753600134257,07:08:54.257,binance,A/USDT:USDT,0.57942,9.0,0.57938,157.0,0.57943,767.0,0.57946,142.0
1753600134436,07:08:54.436,binance,A/USDT:USDT,0.57942,9.0,0.57938,157.0,0.57943,767.0,0.57946,142.0
1753600134901,07:08:54.901,binance,A/USDT:USDT,0.57942,9.0,0.57937,161.0,0.57943,767.0,0.57946,142.0
1753600135013,07:08:55.013,binance,A/USDT:USDT,0.57942,9.0,0.57937,161.0,0.57943,767.0,0.57946,142.0
1753600135114,07:08:55.114,binance,A/USDT:USDT,0.57942,9.0,0.57937,161.0,0.57943,767.0,0.57946,142.0
1753600135350,07:08:55.350,binance,A/USDT:USDT,0.57942,9.0,0.57937,161.0,0.57943,909.0,0.57946,142.0
1753600135453,07:08:55.453,binance,A/USDT:USDT,0.57942,9.0,0.57936,27.0,0.57943,909.0,0.57946,142.0
1753600135558,07:08:55.558,binance,A/USDT:USDT,0.57942,9.0,0.57936,27.0,0.57943,909.0,0.57946,142.0
1753600135783,07:08:55.783,binance,A/USDT:USDT,0.57942,9.0,0.57936,27.0,0.57943,909.0,0.57946,142.0
1753600135982,07:08:55.982,binance,A/USDT:USDT,0.57942,27.0,0.57936,27.0,0.57943,909.0,0.57946,142.0
1753600136108,07:08:56.108,binance,A/USDT:USDT,0.57942,27.0,0.57936,27.0,0.57943,909.0,0.57946,142.0
1753600136231,07:08:56.231,binance,A/USDT:USDT,0.57942,27.0,0.57936,27.0,0.57943,909.0,0.57946,142.0
1753600136343,07:08:56.343,binance,A/USDT:USDT,0.57942,27.0,0.57936,27.0,0.57943,909.0,0.57946,142.0
1753600136458,07:08:56.458,binance,A/USDT:USDT,0.57942,27.0,0.57936,27.0,0.57943,909.0,0.57946,142.0
1753600136833,07:08:56.833,binance,A/USDT:USDT,0.57942,27.0,0.57936,27.0,0.57943,909.0,0.57946,142.0
1753600136982,07:08:56.982,binance,A/USDT:USDT,0.57942,27.0,0.57936,27.0,0.57943,909.0,0.57946,142.0
1753600137110,07:08:57.110,binance,A/USDT:USDT,0.57942,27.0,0.57936,27.0,0.57943,909.0,0.57946,142.0
1753600137373,07:08:57.373,binance,A/USDT:USDT,0.57942,27.0,0.57936,27.0,0.57943,919.0,0.57946,142.0
1753600137477,07:08:57.477,binance,A/USDT:USDT,0.57942,27.0,0.57936,27.0,0.57943,919.0,0.57946,142.0
1753600137583,07:08:57.583,binance,A/USDT:USDT,0.57942,27.0,0.57936,27.0,0.57943,919.0,0.57946,142.0
1753600137787,07:08:57.787,binance,A/USDT:USDT,0.57942,27.0,0.57936,27.0,0.57943,919.0,0.57946,142.0
1753600138102,07:08:58.102,binance,A/USDT:USDT,0.57942,27.0,0.57936,27.0,0.57943,919.0,0.57946,142.0
1753600138221,07:08:58.221,binance,A/USDT:USDT,0.57942,27.0,0.57936,27.0,0.57943,919.0,0.57946,142.0
1753600138541,07:08:58.541,binance,A/USDT:USDT,0.57942,27.0,0.57936,27.0,0.57943,919.0,0.57946,142.0
1753600138653,07:08:58.653,binance,A/USDT:USDT,0.57942,27.0,0.57936,27.0,0.57943,919.0,0.57946,142.0
1753600138971,07:08:58.971,binance,A/USDT:USDT,0.57942,148.0,0.57936,27.0,0.57943,919.0,0.57946,142.0
1753600139080,07:08:59.080,binance,A/USDT:USDT,0.57942,148.0,0.57936,27.0,0.57943,919.0,0.57946,142.0
1753600139253,07:08:59.253,binance,A/USDT:USDT,0.57942,148.0,0.57936,27.0,0.57943,1071.0,0.57946,142.0
1753600139359,07:08:59.359,binance,A/USDT:USDT,0.57942,148.0,0.57936,27.0,0.57943,1071.0,0.57946,142.0
1753600139805,07:08:59.805,binance,A/USDT:USDT,0.57942,148.0,0.57936,27.0,0.57943,1071.0,0.57946,142.0
1753600140104,07:09:00.104,binance,A/USDT:USDT,0.57942,148.0,0.57936,27.0,0.57943,1071.0,0.57946,142.0
1753600140240,07:09:00.240,binance,A/USDT:USDT,0.57942,148.0,0.57936,27.0,0.57943,1071.0,0.57946,142.0
1753600140402,07:09:00.402,binance,A/USDT:USDT,0.57942,148.0,0.57936,27.0,0.57943,701.0,0.57946,142.0
1753600140606,07:09:00.606,binance,A/USDT:USDT,0.57942,148.0,0.57936,27.0,0.57943,497.0,0.57946,142.0
1753600140977,07:09:00.977,binance,A/USDT:USDT,0.57942,148.0,0.57936,27.0,0.57943,497.0,0.57946,142.0
1753600141111,07:09:01.111,binance,A/USDT:USDT,0.57942,148.0,0.57936,27.0,0.57943,497.0,0.57946,142.0
1753600141235,07:09:01.235,binance,A/USDT:USDT,0.57942,148.0,0.57936,27.0,0.57943,497.0,0.57946,142.0
1753600141506,07:09:01.506,binance,A/USDT:USDT,0.57942,148.0,0.57936,27.0,0.57943,497.0,0.57946,142.0
1753600141614,07:09:01.614,binance,A/USDT:USDT,0.57942,148.0,0.57936,216.0,0.57943,497.0,0.57946,142.0
1753600141870,07:09:01.870,binance,A/USDT:USDT,0.57942,148.0,0.57936,216.0,0.57943,497.0,0.57946,142.0
1753600142109,07:09:02.109,binance,A/USDT:USDT,0.57942,148.0,0.57936,216.0,0.57943,497.0,0.57946,142.0
1753600142211,07:09:02.211,binance,A/USDT:USDT,0.57942,148.0,0.57936,216.0,0.57943,497.0,0.57946,142.0
1753600142441,07:09:02.441,binance,A/USDT:USDT,0.57942,148.0,0.57936,216.0,0.57943,497.0,0.57946,142.0
1753600142883,07:09:02.883,binance,A/USDT:USDT,0.57942,148.0,0.57936,216.0,0.57943,497.0,0.57946,142.0
1753600143042,07:09:03.042,binance,A/USDT:USDT,0.57942,148.0,0.57936,216.0,0.57943,497.0,0.57946,142.0
1753600143145,07:09:03.145,binance,A/USDT:USDT,0.57942,148.0,0.57936,27.0,0.57943,497.0,0.57946,142.0
1753600143255,07:09:03.255,binance,A/USDT:USDT,0.57942,148.0,0.57936,27.0,0.57943,497.0,0.57946,142.0
1753600143503,07:09:03.503,binance,A/USDT:USDT,0.57942,148.0,0.57936,27.0,0.57943,487.0,0.57946,142.0
1753600143808,07:09:03.808,binance,A/USDT:USDT,0.57942,255.0,0.57936,287.0,0.57943,511.0,0.57946,142.0
1753600143915,07:09:03.915,binance,A/USDT:USDT,0.57942,255.0,0.57936,216.0,0.57943,511.0,0.57946,142.0
1753600144025,07:09:04.025,binance,A/USDT:USDT,0.57942,255.0,0.57936,216.0,0.57943,511.0,0.57946,142.0
1753600144129,07:09:04.129,binance,A/USDT:USDT,0.57942,255.0,0.57936,216.0,0.57943,511.0,0.57946,142.0
1753600144250,07:09:04.250,binance,A/USDT:USDT,0.57942,255.0,0.57936,216.0,0.57943,511.0,0.57946,142.0
1753600144522,07:09:04.522,binance,A/USDT:USDT,0.57942,255.0,0.57936,216.0,0.57943,511.0,0.57946,142.0
1753600144628,07:09:04.628,binance,A/USDT:USDT,0.57942,255.0,0.57936,287.0,0.57943,511.0,0.57946,142.0
1753600144808,07:09:04.808,binance,A/USDT:USDT,0.57942,255.0,0.57936,287.0,0.57943,511.0,0.57946,142.0
1753600144953,07:09:04.953,binance,A/USDT:USDT,0.57942,255.0,0.57936,287.0,0.57943,511.0,0.57946,142.0
1753600145100,07:09:05.100,binance,A/USDT:USDT,0.57942,255.0,0.57936,287.0,0.57943,511.0,0.57946,142.0
1753600145349,07:09:05.349,binance,A/USDT:USDT,0.57942,255.0,0.57936,287.0,0.57943,511.0,0.57946,142.0
1753600145464,07:09:05.464,binance,A/USDT:USDT,0.57942,433.0,0.57936,287.0,0.57943,511.0,0.57946,142.0
1753600145569,07:09:05.569,binance,A/USDT:USDT,0.57942,433.0,0.57936,287.0,0.57943,511.0,0.57946,142.0
1753600145734,07:09:05.734,binance,A/USDT:USDT,0.57942,433.0,0.57936,287.0,0.57943,511.0,0.57946,142.0
1753600145946,07:09:05.946,binance,A/USDT:USDT,0.57942,433.0,0.57936,287.0,0.57943,511.0,0.57946,142.0
1753600146077,07:09:06.077,binance,A/USDT:USDT,0.57942,433.0,0.57936,216.0,0.57943,511.0,0.57946,142.0
1753600146179,07:09:06.179,binance,A/USDT:USDT,0.57942,433.0,0.57936,216.0,0.57943,511.0,0.57946,142.0
1753600146282,07:09:06.282,binance,A/USDT:USDT,0.57942,433.0,0.57936,216.0,0.57943,529.0,0.57946,142.0
1753600146433,07:09:06.433,binance,A/USDT:USDT,0.57933,56.0,0.57932,84.0,0.57942,2406.0,0.57943,14758.0
1753600146534,07:09:06.534,binance,A/USDT:USDT,0.57933,38.0,0.57932,84.0,0.57934,139.0,0.57939,18.0
1753600146658,07:09:06.658,binance,A/USDT:USDT,0.57933,38.0,0.57932,84.0,0.57934,139.0,0.57939,18.0
1753600146771,07:09:06.771,binance,A/USDT:USDT,0.57933,38.0,0.57932,84.0,0.57934,139.0,0.57939,18.0
1753600146902,07:09:06.902,binance,A/USDT:USDT,0.57933,38.0,0.57932,84.0,0.57934,139.0,0.57939,18.0
1753600147005,07:09:07.005,binance,A/USDT:USDT,0.57933,38.0,0.57932,84.0,0.57934,139.0,0.57939,18.0
1753600147111,07:09:07.111,binance,A/USDT:USDT,0.57933,38.0,0.57932,155.0,0.57934,139.0,0.57938,192.0
1753600147249,07:09:07.249,binance,A/USDT:USDT,0.57933,38.0,0.57932,84.0,0.57934,139.0,0.57938,192.0
1753600147596,07:09:07.596,binance,A/USDT:USDT,0.57933,38.0,0.57932,84.0,0.57934,139.0,0.57938,192.0
1753600147991,07:09:07.991,binance,A/USDT:USDT,0.57933,38.0,0.57932,84.0,0.57934,139.0,0.57938,192.0
1753600148094,07:09:08.094,binance,A/USDT:USDT,0.57933,38.0,0.57932,84.0,0.57934,139.0,0.57938,192.0
1753600148533,07:09:08.533,binance,A/USDT:USDT,0.57933,38.0,0.57932,84.0,0.57934,139.0,0.57938,192.0
1753600148690,07:09:08.690,binance,A/USDT:USDT,0.57933,38.0,0.57932,84.0,0.57934,139.0,0.57938,192.0
1753600148911,07:09:08.911,binance,A/USDT:USDT,0.57933,38.0,0.57932,84.0,0.57942,2158.0,0.57943,14369.0
1753600149012,07:09:09.012,binance,A/USDT:USDT,0.57938,87.0,0.57936,9.0,0.57942,2158.0,0.57943,14351.0
1753600149126,07:09:09.126,binance,A/USDT:USDT,0.57938,87.0,0.57936,9.0,0.57942,2158.0,0.57943,14351.0
1753600149258,07:09:09.258,binance,A/USDT:USDT,0.57938,87.0,0.57936,9.0,0.57942,2158.0,0.57943,14351.0
1753600149360,07:09:09.360,binance,A/USDT:USDT,0.57936,9.0,0.57933,38.0,0.57942,2158.0,0.57943,14351.0
