timestamp,time,exchange,symbol,bid1_price,bid1_volume,bid2_price,bid2_volume,ask1_price,ask1_volume,ask2_price,ask2_volume
1753599984795,07:06:24.795,bybit,ACE/USDT:USDT,0.5931,20.9,0.593,11.0,0.5934,8.5,0.5935,11.0
1753599985195,07:06:25.195,bybit,ACE/USDT:USDT,0.5931,20.9,0.593,11.0,0.5934,8.5,0.5935,11.0
1753599985294,07:06:25.294,bybit,ACE/USDT:USDT,0.5931,20.9,0.593,11.0,0.5934,8.5,0.5935,11.0
1753599986294,07:06:26.294,bybit,ACE/USDT:USDT,0.5931,20.9,0.593,11.0,0.5934,8.5,0.5935,11.0
1753599986894,07:06:26.894,bybit,ACE/USDT:USDT,0.5931,20.9,0.593,11.0,0.5934,8.5,0.5935,11.0
1753599987094,07:06:27.094,bybit,ACE/USDT:USDT,0.5931,20.9,0.593,11.0,0.5934,43.3,0.5935,11.0
1753599987295,07:06:27.295,bybit,ACE/USDT:USDT,0.5931,20.9,0.593,11.0,0.5934,43.3,0.5935,11.0
1753599987495,07:06:27.495,bybit,ACE/USDT:USDT,0.5931,20.9,0.593,11.0,0.5934,43.3,0.5935,11.0
1753599988494,07:06:28.494,bybit,ACE/USDT:USDT,0.5931,20.9,0.593,11.0,0.5934,43.3,0.5935,11.0
1753599988595,07:06:28.595,bybit,ACE/USDT:USDT,0.5931,20.9,0.593,11.0,0.5934,43.3,0.5935,11.0
1753599989594,07:06:29.594,bybit,ACE/USDT:USDT,0.5932,3.8,0.5931,18.4,0.5934,43.3,0.5935,11.0
1753599989694,07:06:29.694,bybit,ACE/USDT:USDT,0.5932,3.8,0.5931,18.4,0.5934,43.3,0.5935,11.0
1753599991394,07:06:31.394,bybit,ACE/USDT:USDT,0.5932,3.8,0.5929,50.0,0.5933,111.9,0.5934,19.6
1753599991994,07:06:31.994,bybit,ACE/USDT:USDT,0.5932,3.8,0.5929,50.0,0.5933,111.9,0.5934,19.6
1753599992294,07:06:32.294,bybit,ACE/USDT:USDT,0.5932,3.8,0.5929,50.0,0.5933,111.9,0.5934,19.6
1753599992596,07:06:32.596,bybit,ACE/USDT:USDT,0.5932,3.8,0.5929,50.0,0.5933,111.9,0.5934,19.6
1753599992794,07:06:32.794,bybit,ACE/USDT:USDT,0.5932,3.8,0.5929,50.0,0.5933,111.9,0.5934,19.6
1753599992894,07:06:32.894,bybit,ACE/USDT:USDT,0.5932,3.8,0.5929,50.0,0.5933,103.4,0.5934,19.6
1753599992994,07:06:32.994,bybit,ACE/USDT:USDT,0.5932,3.8,0.5929,50.0,0.5933,103.4,0.5934,19.6
1753599993295,07:06:33.295,bybit,ACE/USDT:USDT,0.5932,3.8,0.5929,50.0,0.5933,103.4,0.5934,19.6
1753599993394,07:06:33.394,bybit,ACE/USDT:USDT,0.5932,3.8,0.5929,50.0,0.5933,103.4,0.5934,19.6
1753599993794,07:06:33.794,bybit,ACE/USDT:USDT,0.5932,3.8,0.593,11.1,0.5933,77.5,0.5934,8.5
1753599993993,07:06:33.993,bybit,ACE/USDT:USDT,0.5932,3.8,0.593,11.1,0.5933,77.5,0.5934,8.5
1753599994994,07:06:34.994,bybit,ACE/USDT:USDT,0.5932,3.8,0.593,11.1,0.5933,77.5,0.5934,8.5
1753599995094,07:06:35.094,bybit,ACE/USDT:USDT,0.5932,3.8,0.593,11.1,0.5933,42.7,0.5934,8.5
1753599995294,07:06:35.294,bybit,ACE/USDT:USDT,0.5932,3.8,0.593,11.1,0.5933,42.7,0.5934,8.5
1753599995494,07:06:35.494,bybit,ACE/USDT:USDT,0.5932,3.8,0.593,11.1,0.5933,42.7,0.5934,8.5
1753599995594,07:06:35.594,bybit,ACE/USDT:USDT,0.5932,3.8,0.593,11.1,0.5933,42.7,0.5934,8.5
1753599996094,07:06:36.094,bybit,ACE/USDT:USDT,0.5932,3.8,0.593,11.1,0.5933,42.7,0.5934,8.5
1753599996198,07:06:36.198,bybit,ACE/USDT:USDT,0.5932,3.8,0.593,11.1,0.5933,42.7,0.5934,8.5
1753599996395,07:06:36.395,bybit,ACE/USDT:USDT,0.5932,3.8,0.593,11.1,0.5933,42.7,0.5934,8.5
1753599996694,07:06:36.694,bybit,ACE/USDT:USDT,0.5932,3.8,0.593,11.1,0.5933,42.7,0.5934,8.5
1753599996794,07:06:36.794,bybit,ACE/USDT:USDT,0.5932,3.8,0.593,11.1,0.5933,42.7,0.5934,8.5
1753599997194,07:06:37.194,bybit,ACE/USDT:USDT,0.5932,3.8,0.593,11.1,0.5933,42.7,0.5934,8.5
1753599997294,07:06:37.294,bybit,ACE/USDT:USDT,0.5932,3.8,0.593,11.1,0.5933,42.7,0.5934,8.5
1753599997794,07:06:37.794,bybit,ACE/USDT:USDT,0.5932,3.8,0.593,11.1,0.5933,42.7,0.5934,8.5
1753599997894,07:06:37.894,bybit,ACE/USDT:USDT,0.5932,3.8,0.593,11.1,0.5933,42.7,0.5934,8.5
1753599998197,07:06:38.197,bybit,ACE/USDT:USDT,0.5932,3.8,0.593,11.1,0.5933,42.7,0.5934,8.5
1753599998295,07:06:38.295,bybit,ACE/USDT:USDT,0.5932,3.8,0.593,11.1,0.5933,42.7,0.5934,8.5
1753599998494,07:06:38.494,bybit,ACE/USDT:USDT,0.5932,3.8,0.593,11.1,0.5933,42.7,0.5934,8.5
1753599998994,07:06:38.994,bybit,ACE/USDT:USDT,0.5932,3.8,0.593,11.1,0.5933,42.7,0.5934,8.5
1753599999094,07:06:39.094,bybit,ACE/USDT:USDT,0.5932,3.8,0.593,11.1,0.5933,77.5,0.5934,8.5
1753599999394,07:06:39.394,bybit,ACE/USDT:USDT,0.5932,3.8,0.593,11.1,0.5933,77.5,0.5934,8.5
1753599999595,07:06:39.595,bybit,ACE/USDT:USDT,0.5932,3.8,0.593,11.1,0.5933,77.5,0.5934,8.5
1753599999994,07:06:39.994,bybit,ACE/USDT:USDT,0.5932,3.8,0.593,11.1,0.5933,77.5,0.5934,8.5
1753600000095,07:06:40.095,bybit,ACE/USDT:USDT,0.5932,3.8,0.593,11.1,0.5933,77.5,0.5934,8.5
1753600000494,07:06:40.494,bybit,ACE/USDT:USDT,0.5932,3.8,0.593,11.1,0.5933,77.5,0.5934,8.5
1753600000595,07:06:40.595,bybit,ACE/USDT:USDT,0.5932,3.8,0.593,11.1,0.5933,77.5,0.5934,8.5
1753600000794,07:06:40.794,bybit,ACE/USDT:USDT,0.5932,3.8,0.593,11.1,0.5933,77.5,0.5934,8.5
1753600001094,07:06:41.094,bybit,ACE/USDT:USDT,0.5932,3.8,0.593,11.1,0.5933,77.5,0.5934,8.5
1753600001694,07:06:41.694,bybit,ACE/USDT:USDT,0.5932,3.8,0.593,11.1,0.5933,111.5,0.5934,8.5
1753600001894,07:06:41.894,bybit,ACE/USDT:USDT,0.5932,3.8,0.593,11.1,0.5933,120.0,0.5934,8.5
1753600002094,07:06:42.094,bybit,ACE/USDT:USDT,0.5932,3.8,0.593,11.1,0.5933,120.0,0.5934,8.5
1753600002195,07:06:42.195,bybit,ACE/USDT:USDT,0.5932,3.8,0.593,11.1,0.5933,111.5,0.5934,8.5
1753600002295,07:06:42.295,bybit,ACE/USDT:USDT,0.5932,3.8,0.593,11.1,0.5933,111.5,0.5934,8.5
1753600002394,07:06:42.394,bybit,ACE/USDT:USDT,0.5932,3.8,0.593,11.1,0.5933,111.5,0.5934,8.5
1753600002494,07:06:42.494,bybit,ACE/USDT:USDT,0.5932,3.8,0.593,11.1,0.5933,111.5,0.5934,8.5
1753600002594,07:06:42.594,bybit,ACE/USDT:USDT,0.5932,3.8,0.593,11.1,0.5933,120.0,0.5934,8.5
1753600002694,07:06:42.694,bybit,ACE/USDT:USDT,0.5932,3.8,0.593,11.1,0.5933,120.0,0.5934,8.5
1753600002794,07:06:42.794,bybit,ACE/USDT:USDT,0.5932,3.8,0.593,11.1,0.5933,120.0,0.5934,8.5
1753600002894,07:06:42.894,bybit,ACE/USDT:USDT,0.5932,3.8,0.593,11.1,0.5933,111.5,0.5934,8.5
1753600003894,07:06:43.894,bybit,ACE/USDT:USDT,0.5932,3.8,0.593,11.1,0.5933,111.5,0.5934,8.5
1753600003994,07:06:43.994,bybit,ACE/USDT:USDT,0.5932,3.8,0.593,11.1,0.5933,111.5,0.5934,8.5
1753600004197,07:06:44.197,bybit,ACE/USDT:USDT,0.5932,3.8,0.593,11.1,0.5933,111.5,0.5934,8.5
1753600004494,07:06:44.494,bybit,ACE/USDT:USDT,0.5932,3.8,0.593,11.1,0.5933,111.5,0.5934,8.5
1753600005094,07:06:45.094,bybit,ACE/USDT:USDT,0.5932,3.8,0.593,11.1,0.5933,76.7,0.5934,8.5
1753600005395,07:06:45.395,bybit,ACE/USDT:USDT,0.5932,3.8,0.593,11.1,0.5933,76.7,0.5934,8.5
1753600005495,07:06:45.495,bybit,ACE/USDT:USDT,0.5932,3.8,0.593,11.1,0.5933,76.7,0.5934,8.5
1753600005594,07:06:45.594,bybit,ACE/USDT:USDT,0.5932,3.8,0.593,11.1,0.5933,76.7,0.5934,8.5
1753600005795,07:06:45.795,bybit,ACE/USDT:USDT,0.5932,3.8,0.593,11.1,0.5933,76.7,0.5934,8.5
1753600006096,07:06:46.096,bybit,ACE/USDT:USDT,0.5932,3.8,0.593,11.1,0.5933,111.5,0.5934,8.5
1753600006196,07:06:46.196,bybit,ACE/USDT:USDT,0.5932,3.8,0.593,11.1,0.5933,259.2,0.5934,8.5
1753600006594,07:06:46.594,bybit,ACE/USDT:USDT,0.5932,3.8,0.593,11.1,0.5933,225.2,0.5934,8.5
1753600006696,07:06:46.696,bybit,ACE/USDT:USDT,0.5932,3.8,0.593,11.1,0.5933,288.6,0.5934,8.5
1753600006994,07:06:46.994,bybit,ACE/USDT:USDT,0.5924,47.5,0.5923,95.5,0.5928,168.7,0.5929,11.1
1753600007195,07:06:47.195,bybit,ACE/USDT:USDT,0.5924,57.0,0.5923,95.5,0.5929,11.1,0.593,11.1
1753600007294,07:06:47.294,bybit,ACE/USDT:USDT,0.5924,57.0,0.5923,95.5,0.5928,50.2,0.5929,11.1
1753600008095,07:06:48.095,bybit,ACE/USDT:USDT,0.5924,82.3,0.5923,11.1,0.5928,50.2,0.5929,11.1
1753600008194,07:06:48.194,bybit,ACE/USDT:USDT,0.5924,82.3,0.5923,11.1,0.5928,50.2,0.5929,11.1
1753600008394,07:06:48.394,bybit,ACE/USDT:USDT,0.5924,82.3,0.5923,11.1,0.5928,50.2,0.5929,11.1
1753600008595,07:06:48.595,bybit,ACE/USDT:USDT,0.5924,82.3,0.5923,11.1,0.5928,50.2,0.5929,11.1
1753600008994,07:06:48.994,bybit,ACE/USDT:USDT,0.5924,82.3,0.5923,11.1,0.5928,50.2,0.5929,11.1
1753600009094,07:06:49.094,bybit,ACE/USDT:USDT,0.5924,82.3,0.5923,11.1,0.5928,50.2,0.5929,11.1
1753600009195,07:06:49.195,bybit,ACE/USDT:USDT,0.5924,82.3,0.5923,11.1,0.5928,50.2,0.5929,11.1
1753600009294,07:06:49.294,bybit,ACE/USDT:USDT,0.5924,82.3,0.5923,11.1,0.5928,50.2,0.5929,11.1
1753600009394,07:06:49.394,bybit,ACE/USDT:USDT,0.5924,82.3,0.5923,11.1,0.5928,50.2,0.5929,11.1
1753600010094,07:06:50.094,bybit,ACE/USDT:USDT,0.5924,82.3,0.5923,11.1,0.5928,50.2,0.5929,11.1
1753600010295,07:06:50.295,bybit,ACE/USDT:USDT,0.5924,82.3,0.5923,11.1,0.5928,50.2,0.5929,11.1
1753600010394,07:06:50.394,bybit,ACE/USDT:USDT,0.5924,82.3,0.5923,11.1,0.5928,50.2,0.5929,11.1
1753600010594,07:06:50.594,bybit,ACE/USDT:USDT,0.5924,82.3,0.5923,11.1,0.5928,50.2,0.5929,11.1
1753600011294,07:06:51.294,bybit,ACE/USDT:USDT,0.5924,82.3,0.5923,11.1,0.5928,50.2,0.5929,11.1
1753600011494,07:06:51.494,bybit,ACE/USDT:USDT,0.5924,82.3,0.5923,11.1,0.5928,50.2,0.5929,11.1
1753600011995,07:06:51.995,bybit,ACE/USDT:USDT,0.5924,668.8,0.5923,11.1,0.5928,50.2,0.5929,11.1
1753600012594,07:06:52.594,bybit,ACE/USDT:USDT,0.5924,668.8,0.5923,11.1,0.5928,50.2,0.5929,11.1
1753600012695,07:06:52.695,bybit,ACE/USDT:USDT,0.5924,668.8,0.5923,11.1,0.5928,50.2,0.5929,11.1
1753600013895,07:06:53.895,bybit,ACE/USDT:USDT,0.5926,10.8,0.5925,10.8,0.5929,258.5,0.593,258.5
1753600013995,07:06:53.995,bybit,ACE/USDT:USDT,0.5925,10.8,0.5924,93.1,0.5929,50.2,0.593,10.8
1753600014094,07:06:54.094,bybit,ACE/USDT:USDT,0.5925,34.8,0.5924,58.3,0.5929,50.2,0.593,10.8
1753600014198,07:06:54.198,bybit,ACE/USDT:USDT,0.5925,45.6,0.5924,58.3,0.5929,50.2,0.593,10.8
1753600014294,07:06:54.294,bybit,ACE/USDT:USDT,0.5925,45.6,0.5924,58.3,0.5929,50.2,0.593,10.8
1753600014394,07:06:54.394,bybit,ACE/USDT:USDT,0.5925,45.6,0.5924,58.3,0.5929,50.2,0.593,10.8
1753600014694,07:06:54.694,bybit,ACE/USDT:USDT,0.5925,45.6,0.5924,58.3,0.5929,50.2,0.593,10.8
1753600015194,07:06:55.194,bybit,ACE/USDT:USDT,0.5925,45.6,0.5924,58.3,0.5929,50.2,0.593,10.8
1753600015294,07:06:55.294,bybit,ACE/USDT:USDT,0.5925,45.6,0.5924,58.3,0.5929,50.2,0.593,10.8
1753600015394,07:06:55.394,bybit,ACE/USDT:USDT,0.5925,34.8,0.5924,58.3,0.5928,50.2,0.593,10.8
1753600015494,07:06:55.494,bybit,ACE/USDT:USDT,0.5925,34.8,0.5924,58.3,0.5928,50.2,0.593,10.8
1753600015695,07:06:55.695,bybit,ACE/USDT:USDT,0.5925,34.8,0.5924,58.3,0.5928,50.2,0.593,10.8
1753600016496,07:06:56.496,bybit,ACE/USDT:USDT,0.5925,34.8,0.5924,58.3,0.5928,50.2,0.593,10.8
1753600017094,07:06:57.094,bybit,ACE/USDT:USDT,0.5925,34.8,0.5924,58.3,0.5928,50.2,0.593,10.8
1753600017294,07:06:57.294,bybit,ACE/USDT:USDT,0.5925,34.8,0.5924,58.3,0.5928,50.2,0.593,10.8
1753600017694,07:06:57.694,bybit,ACE/USDT:USDT,0.5925,34.8,0.5924,58.3,0.5928,50.2,0.5929,10.8
1753600017895,07:06:57.895,bybit,ACE/USDT:USDT,0.5925,34.8,0.5924,58.3,0.5928,50.2,0.5929,10.8
1753600017994,07:06:57.994,bybit,ACE/USDT:USDT,0.5925,34.8,0.5924,58.3,0.5928,50.2,0.5929,10.8
1753600018294,07:06:58.294,bybit,ACE/USDT:USDT,0.5925,34.8,0.5924,58.3,0.5928,50.2,0.5929,10.8
1753600018794,07:06:58.794,bybit,ACE/USDT:USDT,0.5925,34.8,0.5924,58.3,0.5928,50.2,0.5929,10.8
1753600018994,07:06:58.994,bybit,ACE/USDT:USDT,0.5926,2.1,0.5925,34.8,0.5928,50.2,0.5929,10.8
1753600019095,07:06:59.095,bybit,ACE/USDT:USDT,0.5926,2.1,0.5924,58.3,0.5928,50.2,0.5929,10.8
1753600019394,07:06:59.394,bybit,ACE/USDT:USDT,0.5926,2.1,0.5924,58.3,0.5928,50.2,0.5929,10.8
1753600019494,07:06:59.494,bybit,ACE/USDT:USDT,0.5926,2.1,0.5924,58.3,0.5928,50.2,0.5929,10.8
1753600019594,07:06:59.594,bybit,ACE/USDT:USDT,0.5926,2.1,0.5925,9.7,0.5928,50.2,0.593,10.8
1753600019795,07:06:59.795,bybit,ACE/USDT:USDT,0.593,10.9,0.5929,10.9,0.5932,1446.6,0.5934,516.9
1753600019894,07:06:59.894,bybit,ACE/USDT:USDT,0.5933,10.9,0.5932,10.9,0.5937,10.4,0.5938,186.0
1753600020094,07:07:00.094,bybit,ACE/USDT:USDT,0.5928,226.9,0.5927,10.9,0.5932,50.2,0.5934,10.8
1753600020201,07:07:00.201,bybit,ACE/USDT:USDT,0.593,9.2,0.5929,155.1,0.5935,10.8,0.5936,10.8
1753600020394,07:07:00.394,bybit,ACE/USDT:USDT,0.593,9.2,0.5929,155.1,0.5935,10.8,0.5936,10.8
1753600020494,07:07:00.494,bybit,ACE/USDT:USDT,0.593,9.2,0.5929,155.1,0.5935,10.8,0.5936,10.8
1753600020596,07:07:00.596,bybit,ACE/USDT:USDT,0.593,9.2,0.5929,155.1,0.5935,10.8,0.5936,10.8
1753600020794,07:07:00.794,bybit,ACE/USDT:USDT,0.593,9.2,0.5929,155.1,0.5935,10.8,0.5936,10.8
1753600020894,07:07:00.894,bybit,ACE/USDT:USDT,0.593,9.2,0.5929,155.1,0.5935,10.8,0.5936,10.8
1753600020994,07:07:00.994,bybit,ACE/USDT:USDT,0.5929,155.1,0.5928,10.9,0.5932,50.2,0.5933,50.2
1753600021095,07:07:01.095,bybit,ACE/USDT:USDT,0.5929,180.7,0.5927,528.2,0.5931,50.2,0.5933,10.8
1753600021195,07:07:01.195,bybit,ACE/USDT:USDT,0.5929,180.7,0.5928,9.3,0.5933,10.8,0.5934,10.8
1753600021496,07:07:01.496,bybit,ACE/USDT:USDT,0.5929,180.7,0.5928,9.3,0.5931,50.2,0.5933,10.8
1753600021694,07:07:01.694,bybit,ACE/USDT:USDT,0.5933,40.4,0.5931,10.8,0.5935,10.8,0.5936,10.8
1753600021801,07:07:01.801,bybit,ACE/USDT:USDT,0.5933,40.4,0.593,517.3,0.5934,68.6,0.5935,10.8
1753600021894,07:07:01.894,bybit,ACE/USDT:USDT,0.5933,40.4,0.593,517.3,0.5934,68.6,0.5935,10.8
1753600022096,07:07:02.096,bybit,ACE/USDT:USDT,0.5933,40.4,0.593,517.3,0.5934,68.6,0.5935,10.8
1753600022200,07:07:02.200,bybit,ACE/USDT:USDT,0.5933,40.4,0.593,517.3,0.5934,68.6,0.5935,10.8
1753600022395,07:07:02.395,bybit,ACE/USDT:USDT,0.5933,40.4,0.593,517.3,0.5934,68.6,0.5935,10.8
1753600023395,07:07:03.395,bybit,ACE/USDT:USDT,0.5933,40.4,0.593,517.3,0.5934,68.6,0.5935,10.8
1753600023495,07:07:03.495,bybit,ACE/USDT:USDT,0.5933,40.4,0.593,517.3,0.5934,68.6,0.5935,10.8
1753600023594,07:07:03.594,bybit,ACE/USDT:USDT,0.5933,40.4,0.593,517.3,0.5934,68.6,0.5935,10.8
1753600023695,07:07:03.695,bybit,ACE/USDT:USDT,0.5933,40.4,0.593,517.3,0.5934,68.6,0.5935,10.8
1753600024496,07:07:04.496,bybit,ACE/USDT:USDT,0.5933,40.4,0.593,517.3,0.5934,68.6,0.5935,10.8
1753600024594,07:07:04.594,bybit,ACE/USDT:USDT,0.5933,40.4,0.593,517.3,0.5934,68.6,0.5935,10.8
1753600024694,07:07:04.694,bybit,ACE/USDT:USDT,0.5933,40.4,0.593,517.3,0.5934,68.6,0.5935,10.8
1753600024796,07:07:04.796,bybit,ACE/USDT:USDT,0.5933,40.4,0.593,517.3,0.5934,68.6,0.5935,10.8
1753600024994,07:07:04.994,bybit,ACE/USDT:USDT,0.5933,40.4,0.593,517.3,0.5934,68.6,0.5935,10.8
1753600025095,07:07:05.095,bybit,ACE/USDT:USDT,0.5933,40.4,0.593,517.3,0.5934,68.6,0.5935,10.8
1753600025495,07:07:05.495,bybit,ACE/USDT:USDT,0.5933,40.4,0.593,517.3,0.5934,68.6,0.5935,10.8
1753600025594,07:07:05.594,bybit,ACE/USDT:USDT,0.5933,40.4,0.593,517.3,0.5934,68.6,0.5935,10.8
1753600025695,07:07:05.695,bybit,ACE/USDT:USDT,0.5933,40.4,0.593,517.3,0.5934,68.6,0.5935,10.8
1753600025794,07:07:05.794,bybit,ACE/USDT:USDT,0.5933,100.0,0.593,517.3,0.5934,68.6,0.5935,10.8
1753600026095,07:07:06.095,bybit,ACE/USDT:USDT,0.5933,100.0,0.5929,269.3,0.5934,68.6,0.5935,10.8
1753600026594,07:07:06.594,bybit,ACE/USDT:USDT,0.5933,100.0,0.593,10.7,0.5934,68.6,0.5935,10.8
1753600026894,07:07:06.894,bybit,ACE/USDT:USDT,0.5933,100.0,0.593,10.7,0.5934,68.6,0.5935,10.8
1753600026995,07:07:06.995,bybit,ACE/USDT:USDT,0.5933,100.0,0.593,10.7,0.5934,68.6,0.5935,10.8
1753600027094,07:07:07.094,bybit,ACE/USDT:USDT,0.5933,100.0,0.593,10.7,0.5934,103.4,0.5935,10.8
1753600027194,07:07:07.194,bybit,ACE/USDT:USDT,0.5933,100.0,0.593,10.7,0.5934,187.7,0.5935,10.8
1753600027295,07:07:07.295,bybit,ACE/USDT:USDT,0.5933,100.0,0.593,10.7,0.5934,187.7,0.5935,10.8
1753600027594,07:07:07.594,bybit,ACE/USDT:USDT,0.5933,100.0,0.593,10.7,0.5934,187.7,0.5935,10.8
1753600028197,07:07:08.197,bybit,ACE/USDT:USDT,0.5933,100.0,0.593,10.7,0.5934,187.7,0.5935,10.8
1753600028393,07:07:08.393,bybit,ACE/USDT:USDT,0.5933,100.0,0.5929,528.0,0.5934,376.5,0.5935,10.8
1753600028495,07:07:08.495,bybit,ACE/USDT:USDT,0.5933,100.0,0.5929,528.0,0.5934,436.5,0.5935,10.8
1753600029094,07:07:09.094,bybit,ACE/USDT:USDT,0.5933,100.0,0.5929,528.0,0.5934,496.5,0.5935,10.8
1753600029196,07:07:09.196,bybit,ACE/USDT:USDT,0.5933,100.0,0.5929,528.0,0.5934,496.5,0.5935,10.8
1753600029394,07:07:09.394,bybit,ACE/USDT:USDT,0.5933,100.0,0.593,9.6,0.5934,496.5,0.5935,10.8
1753600029794,07:07:09.794,bybit,ACE/USDT:USDT,0.5933,100.0,0.593,9.6,0.5934,487.7,0.5935,10.8
1753600030094,07:07:10.094,bybit,ACE/USDT:USDT,0.5933,100.0,0.593,9.6,0.5934,206.1,0.5935,10.8
1753600030294,07:07:10.294,bybit,ACE/USDT:USDT,0.5933,100.0,0.593,9.6,0.5934,103.4,0.5935,10.8
1753600030494,07:07:10.494,bybit,ACE/USDT:USDT,0.5933,100.0,0.5931,10.7,0.5934,85.0,0.5936,10.8
1753600030594,07:07:10.594,bybit,ACE/USDT:USDT,0.5933,100.0,0.593,9.6,0.5934,301.2,0.5935,10.7
1753600030795,07:07:10.795,bybit,ACE/USDT:USDT,0.5933,100.0,0.593,9.6,0.5934,301.2,0.5935,10.7
1753600030995,07:07:10.995,bybit,ACE/USDT:USDT,0.5933,100.0,0.5931,10.7,0.5934,297.4,0.5936,10.8
1753600031094,07:07:11.094,bybit,ACE/USDT:USDT,0.5933,100.0,0.5931,10.7,0.5934,262.6,0.5936,10.8
1753600031294,07:07:11.294,bybit,ACE/USDT:USDT,0.5933,100.0,0.593,9.6,0.5934,425.9,0.5935,10.7
1753600031394,07:07:11.394,bybit,ACE/USDT:USDT,0.5933,100.0,0.593,9.6,0.5934,465.4,0.5935,10.7
1753600031495,07:07:11.495,bybit,ACE/USDT:USDT,0.5933,100.0,0.593,9.6,0.5934,346.9,0.5935,10.7
1753600031895,07:07:11.895,bybit,ACE/USDT:USDT,0.5933,100.0,0.593,9.6,0.5934,346.9,0.5935,10.7
1753600031994,07:07:11.994,bybit,ACE/USDT:USDT,0.5933,100.0,0.593,9.6,0.5934,346.9,0.5935,10.7
1753600032295,07:07:12.295,bybit,ACE/USDT:USDT,0.5933,100.0,0.5932,10.7,0.5936,550.4,0.5937,10.9
1753600032395,07:07:12.395,bybit,ACE/USDT:USDT,0.5933,100.0,0.5931,10.7,0.5936,249.9,0.5937,10.7
1753600032495,07:07:12.495,bybit,ACE/USDT:USDT,0.5933,100.0,0.5931,10.7,0.5936,249.9,0.5937,10.7
1753600032600,07:07:12.600,bybit,ACE/USDT:USDT,0.5933,100.0,0.5931,10.7,0.5936,612.5,0.5937,10.7
1753600032695,07:07:12.695,bybit,ACE/USDT:USDT,0.5933,100.0,0.5931,10.7,0.5936,525.8,0.5937,10.7
1753600033094,07:07:13.094,bybit,ACE/USDT:USDT,0.5933,134.8,0.5931,10.7,0.5936,599.0,0.5937,10.7
1753600033794,07:07:13.794,bybit,ACE/USDT:USDT,0.5933,134.8,0.5931,10.7,0.5934,266.4,0.5935,170.0
1753600033994,07:07:13.994,bybit,ACE/USDT:USDT,0.5933,134.8,0.5931,10.7,0.5934,266.4,0.5935,170.0
1753600034094,07:07:14.094,bybit,ACE/USDT:USDT,0.5933,134.8,0.5931,10.7,0.5934,266.4,0.5935,170.0
1753600034194,07:07:14.194,bybit,ACE/USDT:USDT,0.5933,134.8,0.5931,10.7,0.5934,266.4,0.5935,170.0
1753600034294,07:07:14.294,bybit,ACE/USDT:USDT,0.5933,134.8,0.5931,10.7,0.5934,266.4,0.5935,170.0
1753600034394,07:07:14.394,bybit,ACE/USDT:USDT,0.5933,134.8,0.5931,10.7,0.5934,266.4,0.5935,170.0
1753600034594,07:07:14.594,bybit,ACE/USDT:USDT,0.5933,134.8,0.5931,10.7,0.5934,266.4,0.5935,170.0
1753600034695,07:07:14.695,bybit,ACE/USDT:USDT,0.5933,134.8,0.5931,10.7,0.5934,266.4,0.5935,170.0
1753600035194,07:07:15.194,bybit,ACE/USDT:USDT,0.5933,134.8,0.593,517.7,0.5934,266.4,0.5935,180.6
1753600035394,07:07:15.394,bybit,ACE/USDT:USDT,0.5933,134.8,0.593,517.7,0.5934,266.4,0.5935,170.0
1753600035494,07:07:15.494,bybit,ACE/USDT:USDT,0.5933,134.8,0.593,517.7,0.5934,266.4,0.5936,10.6
1753600035708,07:07:15.708,bybit,ACE/USDT:USDT,0.5933,134.8,0.593,517.7,0.5934,266.4,0.5936,10.6
1753600035894,07:07:15.894,bybit,ACE/USDT:USDT,0.5933,134.8,0.593,517.7,0.5934,266.4,0.5936,10.6
1753600035994,07:07:15.994,bybit,ACE/USDT:USDT,0.5933,134.8,0.593,517.7,0.5934,266.4,0.5936,10.6
1753600036094,07:07:16.094,bybit,ACE/USDT:USDT,0.5933,100.0,0.593,517.7,0.5934,266.4,0.5936,10.6
1753600036694,07:07:16.694,bybit,ACE/USDT:USDT,0.5933,100.0,0.593,517.7,0.5934,266.4,0.5936,10.6
1753600037295,07:07:17.295,bybit,ACE/USDT:USDT,0.5933,100.0,0.593,517.7,0.5934,266.4,0.5936,10.6
1753600037395,07:07:17.395,bybit,ACE/USDT:USDT,0.5933,100.0,0.593,517.7,0.5934,266.4,0.5936,10.6
1753600037494,07:07:17.494,bybit,ACE/USDT:USDT,0.5933,100.0,0.593,517.7,0.5934,266.4,0.5936,10.6
1753600038194,07:07:18.194,bybit,ACE/USDT:USDT,0.5933,100.0,0.5931,9.3,0.5934,266.4,0.5936,10.6
1753600038295,07:07:18.295,bybit,ACE/USDT:USDT,0.5933,100.0,0.5931,9.3,0.5934,266.4,0.5936,10.6
1753600038395,07:07:18.395,bybit,ACE/USDT:USDT,0.5933,100.0,0.5931,9.3,0.5934,266.4,0.5936,10.6
1753600038794,07:07:18.794,bybit,ACE/USDT:USDT,0.5933,100.0,0.5931,9.3,0.5934,266.4,0.5936,10.6
1753600038894,07:07:18.894,bybit,ACE/USDT:USDT,0.5933,100.0,0.5931,9.3,0.5934,266.4,0.5936,10.6
1753600039095,07:07:19.095,bybit,ACE/USDT:USDT,0.5933,134.8,0.5931,9.3,0.5934,266.4,0.5936,10.6
1753600039194,07:07:19.194,bybit,ACE/USDT:USDT,0.5933,134.8,0.5931,9.3,0.5934,266.4,0.5936,10.6
1753600039894,07:07:19.894,bybit,ACE/USDT:USDT,0.5933,134.8,0.5931,9.3,0.5934,266.4,0.5936,10.6
1753600039994,07:07:19.994,bybit,ACE/USDT:USDT,0.5933,134.8,0.5931,9.3,0.5934,266.4,0.5936,10.6
1753600040295,07:07:20.295,bybit,ACE/USDT:USDT,0.5933,134.8,0.5931,9.3,0.5934,266.4,0.5936,10.6
1753600041595,07:07:21.595,bybit,ACE/USDT:USDT,0.5933,134.8,0.5931,9.3,0.5934,266.4,0.5936,10.6
1753600042395,07:07:22.395,bybit,ACE/USDT:USDT,0.5933,134.8,0.5931,9.3,0.5934,266.4,0.5936,10.6
1753600042595,07:07:22.595,bybit,ACE/USDT:USDT,0.5933,134.8,0.5931,9.3,0.5934,266.4,0.5936,10.6
1753600042994,07:07:22.994,bybit,ACE/USDT:USDT,0.5933,134.8,0.5931,9.3,0.5934,266.4,0.5936,10.6
1753600043194,07:07:23.194,bybit,ACE/USDT:USDT,0.5933,100.0,0.5931,9.3,0.5934,266.4,0.5936,10.6
1753600043294,07:07:23.294,bybit,ACE/USDT:USDT,0.5933,100.0,0.5931,9.3,0.5934,266.4,0.5936,10.6
1753600043594,07:07:23.594,bybit,ACE/USDT:USDT,0.5933,100.0,0.5931,9.3,0.5934,266.4,0.5936,10.6
1753600043795,07:07:23.795,bybit,ACE/USDT:USDT,0.5933,100.0,0.5931,9.3,0.5934,266.4,0.5936,10.6
1753600043896,07:07:23.896,bybit,ACE/USDT:USDT,0.5933,100.0,0.5931,9.3,0.5934,266.4,0.5936,10.6
1753600044203,07:07:24.203,bybit,ACE/USDT:USDT,0.5933,100.0,0.5931,9.3,0.5934,266.4,0.5936,10.6
1753600044796,07:07:24.796,bybit,ACE/USDT:USDT,0.5933,100.0,0.5931,9.3,0.5934,266.4,0.5936,10.6
1753600045094,07:07:25.094,bybit,ACE/USDT:USDT,0.5933,134.8,0.5931,9.3,0.5934,266.4,0.5936,10.6
1753600045894,07:07:25.894,bybit,ACE/USDT:USDT,0.5933,134.8,0.5931,9.3,0.5934,266.4,0.5936,10.6
1753600045996,07:07:25.996,bybit,ACE/USDT:USDT,0.5933,134.8,0.5931,9.3,0.5934,266.4,0.5936,10.6
1753600046194,07:07:26.194,bybit,ACE/USDT:USDT,0.5933,134.8,0.5931,9.3,0.5934,266.4,0.5936,10.6
1753600046494,07:07:26.494,bybit,ACE/USDT:USDT,0.5933,134.8,0.5931,9.3,0.5934,266.4,0.5936,10.6
1753600046595,07:07:26.595,bybit,ACE/USDT:USDT,0.5933,134.8,0.5931,9.3,0.5934,266.4,0.5936,10.6
1753600046794,07:07:26.794,bybit,ACE/USDT:USDT,0.5933,134.8,0.5931,9.3,0.5934,266.4,0.5936,10.6
1753600046995,07:07:26.995,bybit,ACE/USDT:USDT,0.5933,134.8,0.5931,9.3,0.5934,266.4,0.5936,10.6
1753600047195,07:07:27.195,bybit,ACE/USDT:USDT,0.5933,100.0,0.5931,9.3,0.5934,266.4,0.5936,10.6
1753600047294,07:07:27.294,bybit,ACE/USDT:USDT,0.5933,100.0,0.5931,9.3,0.5934,266.4,0.5936,10.6
1753600047594,07:07:27.594,bybit,ACE/USDT:USDT,0.5933,100.0,0.5931,9.3,0.5934,266.4,0.5936,10.6
1753600047697,07:07:27.697,bybit,ACE/USDT:USDT,0.5933,100.0,0.5931,9.3,0.5934,266.4,0.5936,10.6
1753600047795,07:07:27.795,bybit,ACE/USDT:USDT,0.5933,100.0,0.5931,9.3,0.5934,266.4,0.5936,10.6
1753600048394,07:07:28.394,bybit,ACE/USDT:USDT,0.5933,100.0,0.5931,9.3,0.5934,266.4,0.5936,10.6
1753600049395,07:07:29.395,bybit,ACE/USDT:USDT,0.5933,100.0,0.5931,9.3,0.5934,266.4,0.5936,10.6
1753600049494,07:07:29.494,bybit,ACE/USDT:USDT,0.5933,100.0,0.5931,9.3,0.5934,266.4,0.5936,10.6
1753600049694,07:07:29.694,bybit,ACE/USDT:USDT,0.5933,100.0,0.5931,9.3,0.5934,266.4,0.5936,10.6
1753600050295,07:07:30.295,bybit,ACE/USDT:USDT,0.5933,100.0,0.593,258.8,0.5934,284.6,0.5935,10.6
1753600050696,07:07:30.696,bybit,ACE/USDT:USDT,0.5927,10.6,0.5926,10.6,0.5932,75.6,0.5933,10.6
1753600050794,07:07:30.794,bybit,ACE/USDT:USDT,0.5928,9.9,0.5927,10.6,0.5932,75.6,0.5933,10.6
1753600050894,07:07:30.894,bybit,ACE/USDT:USDT,0.5928,9.9,0.5927,10.6,0.5932,75.6,0.5933,10.6
1753600051195,07:07:31.195,bybit,ACE/USDT:USDT,0.5928,9.9,0.5927,10.6,0.5932,75.6,0.5933,10.6
1753600051294,07:07:31.294,bybit,ACE/USDT:USDT,0.5928,9.9,0.5927,10.6,0.5932,75.6,0.5933,10.6
1753600051594,07:07:31.594,bybit,ACE/USDT:USDT,0.5928,9.9,0.5927,10.6,0.5932,10.6,0.5933,10.6
1753600051894,07:07:31.894,bybit,ACE/USDT:USDT,0.5927,10.6,0.5926,10.6,0.593,50.2,0.5932,10.6
1753600052295,07:07:32.295,bybit,ACE/USDT:USDT,0.5927,45.4,0.5926,10.6,0.593,50.2,0.5932,10.6
1753600052395,07:07:32.395,bybit,ACE/USDT:USDT,0.5929,10.6,0.5928,10.6,0.5934,261.7,0.5935,10.6
1753600052694,07:07:32.694,bybit,ACE/USDT:USDT,0.5927,45.4,0.5926,10.6,0.5931,50.2,0.5932,10.6
1753600052794,07:07:32.794,bybit,ACE/USDT:USDT,0.5927,45.4,0.5926,10.6,0.5931,50.2,0.5932,10.6
1753600052895,07:07:32.895,bybit,ACE/USDT:USDT,0.5927,45.4,0.5926,10.6,0.5931,50.2,0.5932,10.6
1753600053294,07:07:33.294,bybit,ACE/USDT:USDT,0.5927,45.4,0.5926,10.6,0.5931,50.2,0.5932,10.6
1753600053395,07:07:33.395,bybit,ACE/USDT:USDT,0.5927,45.4,0.5926,10.6,0.5931,50.2,0.5932,10.6
1753600053894,07:07:33.894,bybit,ACE/USDT:USDT,0.5927,45.4,0.5926,10.6,0.5931,50.2,0.5932,10.6
1753600053994,07:07:33.994,bybit,ACE/USDT:USDT,0.5927,45.4,0.5926,10.6,0.5931,50.2,0.5932,10.6
1753600054294,07:07:34.294,bybit,ACE/USDT:USDT,0.5927,45.4,0.5926,10.6,0.5931,50.2,0.5932,10.6
1753600054394,07:07:34.394,bybit,ACE/USDT:USDT,0.5927,45.4,0.5926,10.6,0.5931,50.2,0.5932,10.6
1753600055394,07:07:35.394,bybit,ACE/USDT:USDT,0.5927,45.4,0.5926,10.6,0.5931,50.2,0.5932,10.6
1753600055495,07:07:35.495,bybit,ACE/USDT:USDT,0.5927,45.4,0.5926,10.6,0.5931,50.2,0.5932,10.6
1753600055995,07:07:35.995,bybit,ACE/USDT:USDT,0.5927,34.8,0.5926,10.6,0.5929,50.2,0.5932,10.6
1753600056094,07:07:36.094,bybit,ACE/USDT:USDT,0.5927,34.8,0.5926,10.6,0.5929,50.2,0.5932,10.6
1753600056194,07:07:36.194,bybit,ACE/USDT:USDT,0.5927,34.8,0.5926,10.6,0.5929,50.2,0.5932,10.6
1753600056794,07:07:36.794,bybit,ACE/USDT:USDT,0.5927,34.8,0.5926,10.6,0.5929,50.2,0.5932,10.6
1753600056896,07:07:36.896,bybit,ACE/USDT:USDT,0.5927,34.8,0.5926,10.6,0.5929,50.2,0.5932,10.6
1753600057195,07:07:37.195,bybit,ACE/USDT:USDT,0.5928,11.3,0.5927,45.4,0.5932,10.6,0.5933,10.6
1753600057295,07:07:37.295,bybit,ACE/USDT:USDT,0.5929,10.6,0.5928,11.3,0.5935,10.6,0.5936,10.6
1753600057794,07:07:37.794,bybit,ACE/USDT:USDT,0.5929,10.6,0.5928,11.3,0.5935,10.6,0.5936,10.6
1753600058196,07:07:38.196,bybit,ACE/USDT:USDT,0.5929,45.4,0.5928,11.3,0.5935,10.6,0.5936,10.6
1753600058294,07:07:38.294,bybit,ACE/USDT:USDT,0.5929,45.4,0.5928,11.3,0.5935,10.6,0.5936,10.6
1753600058394,07:07:38.394,bybit,ACE/USDT:USDT,0.5929,45.4,0.5928,11.3,0.5935,10.6,0.5936,10.6
1753600058594,07:07:38.594,bybit,ACE/USDT:USDT,0.5929,45.4,0.5928,11.3,0.5935,10.6,0.5936,10.6
1753600060294,07:07:40.294,bybit,ACE/USDT:USDT,0.5929,55.1,0.5928,11.3,0.5935,10.6,0.5936,10.6
1753600060394,07:07:40.394,bybit,ACE/USDT:USDT,0.5929,45.4,0.5928,11.3,0.5935,10.6,0.5936,10.6
1753600060695,07:07:40.695,bybit,ACE/USDT:USDT,0.5929,45.4,0.5928,11.3,0.5935,10.6,0.5936,10.6
1753600060794,07:07:40.794,bybit,ACE/USDT:USDT,0.593,179.2,0.5929,45.4,0.5935,10.6,0.5936,10.6
1753600060896,07:07:40.896,bybit,ACE/USDT:USDT,0.593,10.6,0.5929,45.4,0.5935,10.6,0.5936,10.6
1753600061294,07:07:41.294,bybit,ACE/USDT:USDT,0.593,45.4,0.5929,10.6,0.5935,10.6,0.5936,10.6
1753600061395,07:07:41.395,bybit,ACE/USDT:USDT,0.593,45.4,0.5929,10.6,0.5935,10.6,0.5936,10.6
1753600061794,07:07:41.794,bybit,ACE/USDT:USDT,0.593,45.4,0.5929,10.6,0.5935,10.6,0.5936,10.6
1753600061894,07:07:41.894,bybit,ACE/USDT:USDT,0.593,45.4,0.5929,10.6,0.5935,10.6,0.5936,10.6
1753600062294,07:07:42.294,bybit,ACE/USDT:USDT,0.593,45.4,0.5929,10.6,0.5935,10.6,0.5936,10.6
1753600062394,07:07:42.394,bybit,ACE/USDT:USDT,0.593,45.4,0.5929,10.6,0.5935,10.6,0.5936,10.6
1753600062494,07:07:42.494,bybit,ACE/USDT:USDT,0.593,45.4,0.5929,10.6,0.5935,10.6,0.5936,10.6
1753600062994,07:07:42.994,bybit,ACE/USDT:USDT,0.593,45.4,0.5929,10.6,0.5935,10.6,0.5936,10.6
1753600064094,07:07:44.094,bybit,ACE/USDT:USDT,0.593,45.4,0.5929,10.6,0.5935,10.6,0.5936,10.6
1753600064201,07:07:44.201,bybit,ACE/USDT:USDT,0.593,45.4,0.5929,10.6,0.5935,10.6,0.5936,10.6
1753600064694,07:07:44.694,bybit,ACE/USDT:USDT,0.593,45.4,0.5929,10.6,0.5935,10.6,0.5936,10.6
1753600065294,07:07:45.294,bybit,ACE/USDT:USDT,0.593,45.4,0.5929,10.6,0.5935,10.6,0.5936,10.6
1753600065394,07:07:45.394,bybit,ACE/USDT:USDT,0.593,45.4,0.5929,10.6,0.5935,10.6,0.5936,10.6
1753600065994,07:07:45.994,bybit,ACE/USDT:USDT,0.593,45.4,0.5929,10.6,0.5935,10.6,0.5936,10.6
1753600066395,07:07:46.395,bybit,ACE/USDT:USDT,0.593,45.4,0.5929,10.6,0.5935,10.6,0.5936,10.6
1753600066494,07:07:46.494,bybit,ACE/USDT:USDT,0.593,45.4,0.5929,10.6,0.5935,10.6,0.5936,10.6
1753600066594,07:07:46.594,bybit,ACE/USDT:USDT,0.593,45.4,0.5929,10.6,0.5935,10.6,0.5936,10.6
1753600068196,07:07:48.196,bybit,ACE/USDT:USDT,0.593,45.4,0.5929,10.6,0.5935,10.6,0.5936,10.6
1753600068294,07:07:48.294,bybit,ACE/USDT:USDT,0.593,45.4,0.5929,10.6,0.5935,10.6,0.5936,10.6
1753600068793,07:07:48.793,bybit,ACE/USDT:USDT,0.593,45.4,0.5929,10.6,0.5935,10.6,0.5936,10.6
1753600068894,07:07:48.894,bybit,ACE/USDT:USDT,0.593,45.4,0.5929,10.6,0.5935,10.6,0.5936,10.6
1753600069294,07:07:49.294,bybit,ACE/USDT:USDT,0.593,45.4,0.5929,10.6,0.5935,10.6,0.5936,10.6
1753600069795,07:07:49.795,bybit,ACE/USDT:USDT,0.593,45.4,0.5929,10.6,0.5935,10.6,0.5936,10.6
1753600070994,07:07:50.994,bybit,ACE/USDT:USDT,0.593,45.4,0.5929,10.6,0.5935,10.6,0.5936,10.6
1753600071094,07:07:51.094,bybit,ACE/USDT:USDT,0.593,45.4,0.5929,10.6,0.5935,10.6,0.5936,10.6
1753600071594,07:07:51.594,bybit,ACE/USDT:USDT,0.593,45.4,0.5929,10.6,0.5935,10.6,0.5936,10.6
1753600071695,07:07:51.695,bybit,ACE/USDT:USDT,0.593,45.4,0.5929,10.6,0.5935,10.6,0.5936,10.6
1753600072095,07:07:52.095,bybit,ACE/USDT:USDT,0.593,45.4,0.5929,10.6,0.5935,10.6,0.5936,10.6
1753600072194,07:07:52.194,bybit,ACE/USDT:USDT,0.593,45.4,0.5929,10.6,0.5935,10.6,0.5936,10.6
1753600072295,07:07:52.295,bybit,ACE/USDT:USDT,0.593,34.8,0.5928,11.3,0.5933,50.2,0.5934,10.6
1753600072695,07:07:52.695,bybit,ACE/USDT:USDT,0.593,34.8,0.5929,10.6,0.5933,50.2,0.5934,10.6
1753600072795,07:07:52.795,bybit,ACE/USDT:USDT,0.593,34.8,0.5929,10.6,0.5933,50.2,0.5934,10.6
1753600073294,07:07:53.294,bybit,ACE/USDT:USDT,0.593,34.8,0.5929,10.6,0.5933,50.2,0.5934,10.6
1753600073694,07:07:53.694,bybit,ACE/USDT:USDT,0.593,34.8,0.5929,10.6,0.5933,50.2,0.5934,10.6
1753600073894,07:07:53.894,bybit,ACE/USDT:USDT,0.593,34.8,0.5929,10.6,0.5933,50.2,0.5934,10.6
1753600074096,07:07:54.096,bybit,ACE/USDT:USDT,0.5929,10.6,0.5928,11.3,0.5933,50.2,0.5934,10.6
1753600074295,07:07:54.295,bybit,ACE/USDT:USDT,0.5929,10.6,0.5928,11.3,0.5933,50.2,0.5934,10.6
1753600074394,07:07:54.394,bybit,ACE/USDT:USDT,0.5929,10.6,0.5928,11.3,0.5933,50.2,0.5934,10.6
1753600075094,07:07:55.094,bybit,ACE/USDT:USDT,0.5929,45.4,0.5928,11.3,0.5933,50.2,0.5934,10.6
1753600075494,07:07:55.494,bybit,ACE/USDT:USDT,0.5929,45.4,0.5928,11.3,0.5933,50.2,0.5934,10.6
1753600075594,07:07:55.594,bybit,ACE/USDT:USDT,0.5929,45.4,0.5928,11.3,0.5933,50.2,0.5934,10.6
1753600075694,07:07:55.694,bybit,ACE/USDT:USDT,0.5929,34.8,0.5928,11.3,0.5931,44.6,0.5933,10.6
1753600075795,07:07:55.795,bybit,ACE/USDT:USDT,0.5929,34.8,0.5928,11.3,0.5931,44.6,0.5933,10.6
1753600075995,07:07:55.995,bybit,ACE/USDT:USDT,0.5929,34.8,0.5928,11.3,0.5931,44.6,0.5933,10.6
1753600076094,07:07:56.094,bybit,ACE/USDT:USDT,0.5929,34.8,0.5928,11.3,0.5931,44.6,0.5933,10.6
1753600076595,07:07:56.595,bybit,ACE/USDT:USDT,0.5929,34.8,0.5928,11.3,0.5931,44.6,0.5933,10.6
1753600077095,07:07:57.095,bybit,ACE/USDT:USDT,0.5929,34.8,0.5928,11.3,0.5931,44.6,0.5933,10.6
1753600077294,07:07:57.294,bybit,ACE/USDT:USDT,0.5929,34.8,0.5928,11.3,0.5931,44.6,0.5933,10.6
1753600077494,07:07:57.494,bybit,ACE/USDT:USDT,0.5929,34.8,0.5928,11.3,0.5931,44.6,0.5933,10.6
1753600077794,07:07:57.794,bybit,ACE/USDT:USDT,0.5929,34.8,0.5928,11.3,0.5931,44.6,0.5933,10.6
1753600077894,07:07:57.894,bybit,ACE/USDT:USDT,0.5929,34.8,0.5928,11.3,0.5931,44.6,0.5933,10.6
1753600078094,07:07:58.094,bybit,ACE/USDT:USDT,0.5929,34.8,0.5928,11.3,0.5931,44.6,0.5933,10.6
1753600078294,07:07:58.294,bybit,ACE/USDT:USDT,0.5929,34.8,0.5928,11.3,0.5931,44.6,0.5933,10.6
1753600078395,07:07:58.395,bybit,ACE/USDT:USDT,0.5929,34.8,0.5928,11.3,0.5931,44.6,0.5933,10.6
1753600078595,07:07:58.595,bybit,ACE/USDT:USDT,0.5929,34.8,0.5928,11.3,0.5931,44.6,0.5933,10.6
1753600079095,07:07:59.095,bybit,ACE/USDT:USDT,0.5928,30.1,0.5927,530.8,0.5931,44.6,0.5933,10.6
1753600079202,07:07:59.202,bybit,ACE/USDT:USDT,0.5928,30.1,0.5927,10.6,0.5931,44.6,0.5933,10.6
1753600079395,07:07:59.395,bybit,ACE/USDT:USDT,0.5928,30.1,0.5927,10.6,0.5931,44.6,0.5933,10.6
1753600079494,07:07:59.494,bybit,ACE/USDT:USDT,0.5928,30.1,0.5927,10.6,0.5931,44.6,0.5933,10.6
1753600079995,07:07:59.995,bybit,ACE/USDT:USDT,0.5928,30.1,0.5927,10.6,0.5931,44.6,0.5933,10.6
1753600080198,07:08:00.198,bybit,ACE/USDT:USDT,0.5928,64.9,0.5927,10.6,0.5931,44.6,0.5933,10.6
1753600080494,07:08:00.494,bybit,ACE/USDT:USDT,0.5928,64.9,0.5927,10.6,0.5931,44.6,0.5933,10.6
1753600081194,07:08:01.194,bybit,ACE/USDT:USDT,0.5928,64.9,0.5927,10.6,0.5931,44.6,0.5933,10.6
1753600081395,07:08:01.395,bybit,ACE/USDT:USDT,0.5928,64.9,0.5927,10.6,0.593,46.8,0.5931,1.9
1753600081494,07:08:01.494,bybit,ACE/USDT:USDT,0.5928,64.9,0.5927,10.6,0.593,46.8,0.5931,1.9
1753600081594,07:08:01.594,bybit,ACE/USDT:USDT,0.5928,64.9,0.5927,10.6,0.593,46.8,0.5931,1.9
1753600081694,07:08:01.694,bybit,ACE/USDT:USDT,0.5928,64.9,0.5927,10.6,0.593,46.8,0.5931,1.9
1753600081996,07:08:01.996,bybit,ACE/USDT:USDT,0.5928,64.9,0.5927,10.6,0.593,46.8,0.5931,1.9
1753600082094,07:08:02.094,bybit,ACE/USDT:USDT,0.5928,30.1,0.5927,10.6,0.593,46.8,0.5931,1.9
1753600082201,07:08:02.201,bybit,ACE/USDT:USDT,0.5928,30.1,0.5927,10.6,0.593,46.8,0.5931,1.9
1753600082294,07:08:02.294,bybit,ACE/USDT:USDT,0.5928,30.1,0.5927,10.6,0.593,46.8,0.5931,1.9
1753600082494,07:08:02.494,bybit,ACE/USDT:USDT,0.5928,30.1,0.5927,10.6,0.593,46.8,0.5931,1.9
1753600082594,07:08:02.594,bybit,ACE/USDT:USDT,0.5928,30.1,0.5927,10.6,0.593,46.8,0.5931,1.9
1753600082694,07:08:02.694,bybit,ACE/USDT:USDT,0.5928,30.1,0.5926,570.2,0.5929,50.2,0.593,14.7
1753600082895,07:08:02.895,bybit,ACE/USDT:USDT,0.5926,50.0,0.5925,60.3,0.5928,50.2,0.593,14.7
1753600082994,07:08:02.994,bybit,ACE/USDT:USDT,0.5926,59.8,0.5925,60.3,0.5928,50.2,0.593,14.7
1753600083095,07:08:03.095,bybit,ACE/USDT:USDT,0.5926,59.8,0.5925,60.3,0.5928,50.2,0.593,14.7
1753600083194,07:08:03.194,bybit,ACE/USDT:USDT,0.5926,59.8,0.5925,60.3,0.5928,50.2,0.593,14.7
1753600083294,07:08:03.294,bybit,ACE/USDT:USDT,0.5926,9.8,0.5925,60.3,0.5928,50.2,0.593,14.7
1753600083394,07:08:03.394,bybit,ACE/USDT:USDT,0.5925,50.0,0.5924,571.0,0.5927,50.2,0.5928,50.2
1753600083494,07:08:03.494,bybit,ACE/USDT:USDT,0.5925,194.5,0.5924,60.6,0.5926,50.2,0.5929,10.6
1753600083595,07:08:03.595,bybit,ACE/USDT:USDT,0.5925,194.5,0.5924,60.6,0.5926,50.2,0.5929,10.6
1753600083796,07:08:03.796,bybit,ACE/USDT:USDT,0.5925,110.1,0.5924,60.6,0.5926,50.2,0.5929,10.6
1753600083994,07:08:03.994,bybit,ACE/USDT:USDT,0.5926,10.0,0.5925,122.6,0.593,14.7,0.5931,12.5
1753600084094,07:08:04.094,bybit,ACE/USDT:USDT,0.5926,44.8,0.5925,62.5,0.593,14.7,0.5931,12.5
1753600084194,07:08:04.194,bybit,ACE/USDT:USDT,0.5926,34.8,0.5925,50.0,0.5928,44.9,0.593,14.7
1753600084296,07:08:04.296,bybit,ACE/USDT:USDT,0.5926,230.5,0.5925,50.0,0.5928,44.9,0.593,14.7
1753600084395,07:08:04.395,bybit,ACE/USDT:USDT,0.5926,230.5,0.5925,50.0,0.5928,44.9,0.593,14.7
1753600084794,07:08:04.794,bybit,ACE/USDT:USDT,0.5926,230.5,0.5925,50.0,0.5928,44.9,0.593,14.7
1753600084994,07:08:04.994,bybit,ACE/USDT:USDT,0.5926,230.5,0.5925,50.0,0.5928,44.9,0.593,14.7
1753600085494,07:08:05.494,bybit,ACE/USDT:USDT,0.5926,230.5,0.5925,50.0,0.5928,44.9,0.593,14.7
1753600085697,07:08:05.697,bybit,ACE/USDT:USDT,0.5926,230.5,0.5925,60.6,0.5928,2.2,0.593,14.7
1753600086094,07:08:06.094,bybit,ACE/USDT:USDT,0.5926,230.5,0.5925,60.6,0.5928,2.2,0.593,14.7
1753600086494,07:08:06.494,bybit,ACE/USDT:USDT,0.5926,230.5,0.5925,60.6,0.5928,2.2,0.593,14.7
1753600086594,07:08:06.594,bybit,ACE/USDT:USDT,0.5926,230.5,0.5925,60.6,0.5928,2.2,0.593,14.7
1753600086697,07:08:06.697,bybit,ACE/USDT:USDT,0.5926,230.5,0.5925,60.6,0.5928,2.2,0.593,14.7
1753600086794,07:08:06.794,bybit,ACE/USDT:USDT,0.5926,230.5,0.5925,60.6,0.5928,44.9,0.593,14.7
1753600086895,07:08:06.895,bybit,ACE/USDT:USDT,0.5926,230.5,0.5925,60.6,0.5928,44.9,0.593,14.7
1753600087094,07:08:07.094,bybit,ACE/USDT:USDT,0.5926,195.7,0.5925,60.6,0.5928,44.9,0.593,14.7
1753600087196,07:08:07.196,bybit,ACE/USDT:USDT,0.5926,195.7,0.5925,60.6,0.5928,44.9,0.593,14.7
1753600087394,07:08:07.394,bybit,ACE/USDT:USDT,0.5925,60.6,0.5924,60.6,0.5928,44.9,0.593,14.7
1753600088199,07:08:08.199,bybit,ACE/USDT:USDT,0.5925,60.6,0.5924,60.6,0.5928,44.9,0.593,14.7
1753600088294,07:08:08.294,bybit,ACE/USDT:USDT,0.5925,60.6,0.5924,60.6,0.5928,44.9,0.593,14.7
1753600088595,07:08:08.595,bybit,ACE/USDT:USDT,0.5925,145.0,0.5924,60.6,0.5928,44.9,0.593,14.7
1753600088994,07:08:08.994,bybit,ACE/USDT:USDT,0.5925,145.0,0.5924,60.6,0.5928,8.6,0.593,14.7
1753600089095,07:08:09.095,bybit,ACE/USDT:USDT,0.5925,179.8,0.5924,60.6,0.5928,8.6,0.593,14.7
1753600089494,07:08:09.494,bybit,ACE/USDT:USDT,0.5925,179.8,0.5924,60.6,0.5928,8.6,0.593,14.7
1753600089794,07:08:09.794,bybit,ACE/USDT:USDT,0.5925,179.8,0.5924,60.6,0.5928,8.6,0.593,14.7
1753600090594,07:08:10.594,bybit,ACE/USDT:USDT,0.5925,179.8,0.5924,60.6,0.5928,8.6,0.593,14.7
1753600090694,07:08:10.694,bybit,ACE/USDT:USDT,0.5925,179.8,0.5924,60.6,0.5928,8.6,0.593,14.7
1753600091295,07:08:11.295,bybit,ACE/USDT:USDT,0.5925,179.8,0.5924,60.6,0.5928,8.6,0.593,14.7
1753600092294,07:08:12.294,bybit,ACE/USDT:USDT,0.5925,119.2,0.5924,50.0,0.5928,8.6,0.5929,10.6
1753600092394,07:08:12.394,bybit,ACE/USDT:USDT,0.5925,119.2,0.5924,60.6,0.5928,8.6,0.5929,10.6
1753600092795,07:08:12.795,bybit,ACE/USDT:USDT,0.5925,119.2,0.5924,60.6,0.5928,8.6,0.5929,10.6
1753600093094,07:08:13.094,bybit,ACE/USDT:USDT,0.5925,84.4,0.5924,60.6,0.5928,8.6,0.5929,10.6
1753600093394,07:08:13.394,bybit,ACE/USDT:USDT,0.5925,84.4,0.5924,60.6,0.5928,8.6,0.5929,10.6
1753600093494,07:08:13.494,bybit,ACE/USDT:USDT,0.5925,84.4,0.5924,60.6,0.5927,7.7,0.5929,10.6
1753600093794,07:08:13.794,bybit,ACE/USDT:USDT,0.5925,84.4,0.5924,60.6,0.5927,7.7,0.5929,10.6
1753600094394,07:08:14.394,bybit,ACE/USDT:USDT,0.5925,84.4,0.5924,60.6,0.5927,7.7,0.5929,10.6
1753600094494,07:08:14.494,bybit,ACE/USDT:USDT,0.5925,84.4,0.5924,60.6,0.5927,7.7,0.5929,10.6
1753600094795,07:08:14.795,bybit,ACE/USDT:USDT,0.5925,84.4,0.5924,60.6,0.5927,7.7,0.5929,10.6
1753600094896,07:08:14.896,bybit,ACE/USDT:USDT,0.5925,84.4,0.5924,50.0,0.5927,50.4,0.5928,10.6
1753600094994,07:08:14.994,bybit,ACE/USDT:USDT,0.5925,84.4,0.5924,50.0,0.5927,50.4,0.5928,10.6
1753600095196,07:08:15.196,bybit,ACE/USDT:USDT,0.5925,84.4,0.5924,50.0,0.5927,50.4,0.5928,10.6
1753600095895,07:08:15.895,bybit,ACE/USDT:USDT,0.5924,50.0,0.5923,10.0,0.5927,50.4,0.5928,10.6
1753600096094,07:08:16.094,bybit,ACE/USDT:USDT,0.5924,59.5,0.5923,10.0,0.5927,14.6,0.5928,10.6
1753600096394,07:08:16.394,bybit,ACE/USDT:USDT,0.5924,59.5,0.5923,10.0,0.5927,14.6,0.5928,10.6
1753600096594,07:08:16.594,bybit,ACE/USDT:USDT,0.5924,263.5,0.5923,10.0,0.5927,14.6,0.5928,10.6
1753600096694,07:08:16.694,bybit,ACE/USDT:USDT,0.5924,263.5,0.5923,10.0,0.5927,14.6,0.5928,10.6
1753600097195,07:08:17.195,bybit,ACE/USDT:USDT,0.5924,263.5,0.5923,10.0,0.5927,14.6,0.5928,10.6
1753600097294,07:08:17.294,bybit,ACE/USDT:USDT,0.5924,263.5,0.5923,10.0,0.5927,14.6,0.5928,10.6
1753600097400,07:08:17.400,bybit,ACE/USDT:USDT,0.5924,213.5,0.5923,10.0,0.5927,14.6,0.5928,10.6
1753600097694,07:08:17.694,bybit,ACE/USDT:USDT,0.5924,213.5,0.5923,10.0,0.5927,14.6,0.5928,10.6
1753600097895,07:08:17.895,bybit,ACE/USDT:USDT,0.5924,213.5,0.5923,10.0,0.5927,14.6,0.5928,10.6
1753600098196,07:08:18.196,bybit,ACE/USDT:USDT,0.5924,213.5,0.5923,10.0,0.5927,14.6,0.5928,10.6
1753600098395,07:08:18.395,bybit,ACE/USDT:USDT,0.5924,213.5,0.5923,10.0,0.5927,14.6,0.5928,10.6
1753600098495,07:08:18.495,bybit,ACE/USDT:USDT,0.5924,213.5,0.5923,10.0,0.5927,14.6,0.5928,10.6
1753600098695,07:08:18.695,bybit,ACE/USDT:USDT,0.5924,213.5,0.5923,10.0,0.5927,14.6,0.5928,10.6
1753600098794,07:08:18.794,bybit,ACE/USDT:USDT,0.5924,213.5,0.5923,10.0,0.5927,14.6,0.5928,10.6
1753600098994,07:08:18.994,bybit,ACE/USDT:USDT,0.5924,213.5,0.5923,10.0,0.5927,14.6,0.5928,10.6
1753600099194,07:08:19.194,bybit,ACE/USDT:USDT,0.5925,1.4,0.5924,9.5,0.5927,14.6,0.5928,10.6
1753600099395,07:08:19.395,bybit,ACE/USDT:USDT,0.5925,1.4,0.5924,9.5,0.5927,14.6,0.5928,10.6
1753600099495,07:08:19.495,bybit,ACE/USDT:USDT,0.5925,1.4,0.5924,9.5,0.5927,14.6,0.5928,10.6
1753600100095,07:08:20.095,bybit,ACE/USDT:USDT,0.5925,1.4,0.5924,9.5,0.5927,14.6,0.5928,10.6
1753600100198,07:08:20.198,bybit,ACE/USDT:USDT,0.5925,1.4,0.5924,9.5,0.5927,14.6,0.5928,10.6
1753600100294,07:08:20.294,bybit,ACE/USDT:USDT,0.5925,1.4,0.5924,9.5,0.5927,14.6,0.5928,10.6
1753600101094,07:08:21.094,bybit,ACE/USDT:USDT,0.5928,30.7,0.5926,10.6,0.593,4.1,0.5931,10.6
1753600101194,07:08:21.194,bybit,ACE/USDT:USDT,0.5928,30.7,0.5926,10.6,0.593,4.1,0.5931,10.6
1753600101594,07:08:21.594,bybit,ACE/USDT:USDT,0.5928,30.7,0.5926,10.6,0.593,4.1,0.5931,10.6
1753600101795,07:08:21.795,bybit,ACE/USDT:USDT,0.5928,30.7,0.5926,10.6,0.593,4.1,0.5931,10.6
1753600101994,07:08:21.994,bybit,ACE/USDT:USDT,0.5928,30.7,0.5926,10.6,0.593,220.2,0.5931,10.6
1753600102095,07:08:22.095,bybit,ACE/USDT:USDT,0.5928,30.7,0.5926,10.6,0.593,220.2,0.5931,10.6
1753600102201,07:08:22.201,bybit,ACE/USDT:USDT,0.5928,30.7,0.5926,10.6,0.593,220.2,0.5931,10.6
1753600102294,07:08:22.294,bybit,ACE/USDT:USDT,0.5928,30.7,0.5926,10.6,0.5929,266.3,0.593,4.1
1753600102695,07:08:22.695,bybit,ACE/USDT:USDT,0.5928,30.7,0.5925,526.2,0.5929,284.5,0.593,14.7
1753600103894,07:08:23.894,bybit,ACE/USDT:USDT,0.5928,30.7,0.5925,526.2,0.5929,284.5,0.593,14.7
1753600103994,07:08:23.994,bybit,ACE/USDT:USDT,0.5928,30.7,0.5925,526.2,0.5929,284.5,0.593,14.7
1753600104394,07:08:24.394,bybit,ACE/USDT:USDT,0.5928,30.7,0.5925,526.2,0.5929,284.5,0.593,14.7
1753600104494,07:08:24.494,bybit,ACE/USDT:USDT,0.5928,30.7,0.5925,526.2,0.5929,284.5,0.593,14.7
1753600104995,07:08:24.995,bybit,ACE/USDT:USDT,0.5928,30.7,0.5925,526.2,0.5929,284.5,0.593,14.7
1753600105094,07:08:25.094,bybit,ACE/USDT:USDT,0.5928,30.7,0.5925,526.2,0.5929,284.5,0.593,14.7
1753600105395,07:08:25.395,bybit,ACE/USDT:USDT,0.5928,30.7,0.5925,526.2,0.5929,284.5,0.593,14.7
1753600106094,07:08:26.094,bybit,ACE/USDT:USDT,0.5928,30.7,0.5925,526.2,0.5929,266.3,0.593,14.7
1753600106196,07:08:26.196,bybit,ACE/USDT:USDT,0.5928,30.7,0.5925,526.2,0.5929,266.3,0.593,14.7
1753600107194,07:08:27.194,bybit,ACE/USDT:USDT,0.5928,30.7,0.5925,526.2,0.5929,284.5,0.593,14.7
1753600107296,07:08:27.296,bybit,ACE/USDT:USDT,0.5928,30.7,0.5925,526.2,0.5929,284.5,0.593,14.7
1753600107695,07:08:27.695,bybit,ACE/USDT:USDT,0.5928,30.7,0.5925,526.2,0.5929,284.5,0.593,14.7
1753600110094,07:08:30.094,bybit,ACE/USDT:USDT,0.5928,30.7,0.5925,526.2,0.5929,284.5,0.593,14.7
1753600110495,07:08:30.495,bybit,ACE/USDT:USDT,0.5928,30.7,0.5925,526.2,0.5929,284.5,0.593,14.7
1753600110594,07:08:30.594,bybit,ACE/USDT:USDT,0.5928,30.7,0.5925,526.2,0.5929,284.5,0.593,14.7
1753600110695,07:08:30.695,bybit,ACE/USDT:USDT,0.5928,30.7,0.5925,526.2,0.5929,284.5,0.593,14.7
1753600111294,07:08:31.294,bybit,ACE/USDT:USDT,0.5928,30.7,0.5925,526.2,0.5929,284.5,0.593,14.7
1753600111595,07:08:31.595,bybit,ACE/USDT:USDT,0.5928,30.7,0.5925,526.2,0.5929,284.5,0.593,14.7
1753600111794,07:08:31.794,bybit,ACE/USDT:USDT,0.5928,30.7,0.5925,526.2,0.5929,284.5,0.593,14.7
1753600111896,07:08:31.896,bybit,ACE/USDT:USDT,0.5928,30.7,0.5926,10.6,0.593,4.1,0.5931,10.6
1753600111994,07:08:31.994,bybit,ACE/USDT:USDT,0.5928,30.7,0.5926,10.6,0.593,4.1,0.5931,10.6
1753600112296,07:08:32.296,bybit,ACE/USDT:USDT,0.5928,30.7,0.5926,10.6,0.593,4.1,0.5931,10.6
1753600112594,07:08:32.594,bybit,ACE/USDT:USDT,0.5929,1.0,0.5928,30.7,0.5931,10.6,0.5932,46.4
1753600112695,07:08:32.695,bybit,ACE/USDT:USDT,0.5929,1.0,0.5928,30.7,0.5931,226.8,0.5932,46.4
1753600112994,07:08:32.994,bybit,ACE/USDT:USDT,0.5929,1.0,0.5928,30.7,0.5931,226.8,0.5932,46.4
1753600113094,07:08:33.094,bybit,ACE/USDT:USDT,0.5929,1.0,0.5928,30.7,0.5931,261.6,0.5932,46.4
1753600113194,07:08:33.194,bybit,ACE/USDT:USDT,0.5929,1.0,0.5928,30.7,0.5931,261.6,0.5932,46.4
1753600113295,07:08:33.295,bybit,ACE/USDT:USDT,0.5929,1.0,0.5928,30.7,0.5931,261.6,0.5932,46.4
1753600113495,07:08:33.495,bybit,ACE/USDT:USDT,0.5929,1.0,0.5928,30.7,0.5931,261.6,0.5932,46.4
1753600113594,07:08:33.594,bybit,ACE/USDT:USDT,0.5929,1.0,0.5928,30.7,0.5931,261.6,0.5932,46.4
1753600114094,07:08:34.094,bybit,ACE/USDT:USDT,0.5929,1.0,0.5928,30.7,0.5931,261.6,0.5932,46.4
1753600114194,07:08:34.194,bybit,ACE/USDT:USDT,0.5929,1.0,0.5928,30.7,0.5931,261.6,0.5932,46.4
1753600114594,07:08:34.594,bybit,ACE/USDT:USDT,0.5929,1.0,0.5928,30.7,0.5931,261.6,0.5932,46.4
1753600114694,07:08:34.694,bybit,ACE/USDT:USDT,0.5929,1.0,0.5928,30.7,0.5931,261.6,0.5932,46.4
1753600115194,07:08:35.194,bybit,ACE/USDT:USDT,0.5929,1.0,0.5928,30.7,0.5931,261.6,0.5932,46.4
1753600115294,07:08:35.294,bybit,ACE/USDT:USDT,0.5929,1.0,0.5928,30.7,0.5931,261.6,0.5932,46.4
1753600115494,07:08:35.494,bybit,ACE/USDT:USDT,0.5929,1.0,0.5928,30.7,0.5931,261.6,0.5932,46.4
1753600115694,07:08:35.694,bybit,ACE/USDT:USDT,0.5929,1.0,0.5928,30.7,0.5931,261.6,0.5932,46.4
1753600115795,07:08:35.795,bybit,ACE/USDT:USDT,0.5929,1.0,0.5928,30.7,0.5931,261.6,0.5932,46.4
1753600115995,07:08:35.995,bybit,ACE/USDT:USDT,0.5929,1.0,0.5928,30.7,0.5931,261.6,0.5932,46.4
1753600117494,07:08:37.494,bybit,ACE/USDT:USDT,0.5929,1.0,0.5928,30.7,0.5931,261.6,0.5932,46.4
1753600118197,07:08:38.197,bybit,ACE/USDT:USDT,0.5929,1.0,0.5928,30.7,0.593,284.6,0.5931,45.4
1753600118594,07:08:38.594,bybit,ACE/USDT:USDT,0.5929,1.0,0.5928,30.7,0.593,284.6,0.5931,45.4
1753600118695,07:08:38.695,bybit,ACE/USDT:USDT,0.5929,1.0,0.5928,30.7,0.593,284.6,0.5931,45.4
1753600118794,07:08:38.794,bybit,ACE/USDT:USDT,0.5929,1.0,0.5928,30.7,0.593,284.6,0.5931,45.4
1753600119194,07:08:39.194,bybit,ACE/USDT:USDT,0.5929,1.0,0.5928,30.7,0.593,319.4,0.5931,10.6
1753600119594,07:08:39.594,bybit,ACE/USDT:USDT,0.5929,1.0,0.5928,30.7,0.593,319.4,0.5931,10.6
1753600119694,07:08:39.694,bybit,ACE/USDT:USDT,0.5929,1.0,0.5928,30.7,0.593,319.4,0.5931,10.6
1753600120197,07:08:40.197,bybit,ACE/USDT:USDT,0.5929,1.0,0.5928,30.7,0.593,319.4,0.5931,10.6
1753600120295,07:08:40.295,bybit,ACE/USDT:USDT,0.5929,1.0,0.5928,30.7,0.593,319.4,0.5931,10.6
1753600120594,07:08:40.594,bybit,ACE/USDT:USDT,0.5929,1.0,0.5928,30.7,0.593,319.4,0.5931,10.6
1753600120706,07:08:40.706,bybit,ACE/USDT:USDT,0.5929,1.0,0.5928,30.7,0.593,319.4,0.5931,10.6
1753600121494,07:08:41.494,bybit,ACE/USDT:USDT,0.5929,1.0,0.5928,30.7,0.593,284.6,0.5931,10.6
1753600121895,07:08:41.895,bybit,ACE/USDT:USDT,0.5929,1.0,0.5928,30.7,0.593,284.6,0.5931,10.6
1753600122194,07:08:42.194,bybit,ACE/USDT:USDT,0.5929,1.0,0.5928,30.7,0.593,284.6,0.5931,10.6
1753600122994,07:08:42.994,bybit,ACE/USDT:USDT,0.5929,1.0,0.5928,30.7,0.593,284.6,0.5931,10.6
1753600123094,07:08:43.094,bybit,ACE/USDT:USDT,0.5929,1.0,0.5928,30.7,0.593,284.6,0.5931,10.6
1753600123295,07:08:43.295,bybit,ACE/USDT:USDT,0.5929,1.0,0.5928,30.7,0.593,284.6,0.5931,10.6
1753600123495,07:08:43.495,bybit,ACE/USDT:USDT,0.5929,1.0,0.5928,30.7,0.593,284.6,0.5931,10.6
1753600123594,07:08:43.594,bybit,ACE/USDT:USDT,0.5929,1.0,0.5928,30.7,0.593,284.6,0.5931,10.6
1753600124001,07:08:44.001,bybit,ACE/USDT:USDT,0.5929,1.0,0.5928,30.7,0.593,284.6,0.5931,10.6
1753600124493,07:08:44.493,bybit,ACE/USDT:USDT,0.5929,1.0,0.5928,30.7,0.593,284.6,0.5931,10.6
1753600124694,07:08:44.694,bybit,ACE/USDT:USDT,0.5929,1.0,0.5928,30.7,0.593,284.6,0.5931,10.6
1753600125394,07:08:45.394,bybit,ACE/USDT:USDT,0.5929,1.0,0.5928,30.7,0.593,266.4,0.5931,10.6
1753600125894,07:08:45.894,bybit,ACE/USDT:USDT,0.5929,1.0,0.5928,30.7,0.593,266.4,0.5931,10.6
1753600126196,07:08:46.196,bybit,ACE/USDT:USDT,0.5929,1.0,0.5928,30.7,0.593,266.4,0.5931,10.6
1753600126294,07:08:46.294,bybit,ACE/USDT:USDT,0.5929,1.0,0.5928,30.7,0.593,266.4,0.5931,10.6
1753600126394,07:08:46.394,bybit,ACE/USDT:USDT,0.5929,1.0,0.5928,30.7,0.593,266.4,0.5931,10.6
1753600127194,07:08:47.194,bybit,ACE/USDT:USDT,0.5929,1.0,0.5928,30.7,0.593,266.4,0.5931,37.9
1753600127294,07:08:47.294,bybit,ACE/USDT:USDT,0.5929,1.0,0.5928,30.7,0.593,266.4,0.5931,37.9
1753600127396,07:08:47.396,bybit,ACE/USDT:USDT,0.5929,1.0,0.5928,30.7,0.593,266.4,0.5931,27.3
1753600127495,07:08:47.495,bybit,ACE/USDT:USDT,0.5929,1.0,0.5928,30.7,0.593,266.4,0.5931,27.3
1753600127594,07:08:47.594,bybit,ACE/USDT:USDT,0.5929,1.0,0.5928,30.7,0.593,266.4,0.5931,27.3
1753600127894,07:08:47.894,bybit,ACE/USDT:USDT,0.5929,1.0,0.5928,30.7,0.593,50.2,0.5931,27.3
1753600128094,07:08:48.094,bybit,ACE/USDT:USDT,0.5929,1.0,0.5928,30.7,0.593,50.2,0.5931,27.3
1753600128197,07:08:48.197,bybit,ACE/USDT:USDT,0.5929,1.0,0.5928,30.7,0.593,50.2,0.5931,27.3
1753600129094,07:08:49.094,bybit,ACE/USDT:USDT,0.5929,1.0,0.5928,30.7,0.593,50.2,0.5931,27.3
1753600129294,07:08:49.294,bybit,ACE/USDT:USDT,0.5929,1.0,0.5928,30.7,0.593,50.2,0.5931,27.3
1753600129794,07:08:49.794,bybit,ACE/USDT:USDT,0.5929,1.0,0.5928,30.7,0.593,50.2,0.5931,27.3
1753600130194,07:08:50.194,bybit,ACE/USDT:USDT,0.5929,1.0,0.5928,30.7,0.593,50.2,0.5931,27.3
1753600130794,07:08:50.794,bybit,ACE/USDT:USDT,0.5929,1.0,0.5928,30.7,0.593,50.2,0.5931,27.3
1753600131395,07:08:51.395,bybit,ACE/USDT:USDT,0.5929,1.0,0.5928,30.7,0.593,50.2,0.5931,27.3
1753600131494,07:08:51.494,bybit,ACE/USDT:USDT,0.5929,1.0,0.5928,30.7,0.593,50.2,0.5931,27.3
1753600131595,07:08:51.595,bybit,ACE/USDT:USDT,0.5929,1.0,0.5928,30.7,0.593,50.2,0.5931,27.3
1753600131694,07:08:51.694,bybit,ACE/USDT:USDT,0.5929,1.0,0.5928,30.7,0.593,50.2,0.5931,27.3
1753600132594,07:08:52.594,bybit,ACE/USDT:USDT,0.5929,1.0,0.5928,30.7,0.593,50.2,0.5931,27.3
1753600132694,07:08:52.694,bybit,ACE/USDT:USDT,0.5929,1.0,0.5928,30.7,0.593,50.2,0.5931,27.3
1753600133195,07:08:53.195,bybit,ACE/USDT:USDT,0.5929,1.0,0.5928,30.7,0.593,50.2,0.5932,19.1
1753600133395,07:08:53.395,bybit,ACE/USDT:USDT,0.5929,1.0,0.5928,30.7,0.593,50.2,0.5932,19.1
1753600134196,07:08:54.196,bybit,ACE/USDT:USDT,0.5929,1.0,0.5928,30.7,0.593,50.2,0.5932,19.1
1753600134394,07:08:54.394,bybit,ACE/USDT:USDT,0.5929,1.0,0.5928,30.7,0.593,50.2,0.5932,19.1
1753600134494,07:08:54.494,bybit,ACE/USDT:USDT,0.5929,1.0,0.5928,30.7,0.593,50.2,0.5932,19.1
1753600136494,07:08:56.494,bybit,ACE/USDT:USDT,0.5929,35.8,0.5928,30.7,0.5932,235.3,0.5933,11.5
1753600136595,07:08:56.595,bybit,ACE/USDT:USDT,0.5929,35.8,0.5928,30.7,0.5932,235.3,0.5933,11.5
1753600136694,07:08:56.694,bybit,ACE/USDT:USDT,0.5929,35.8,0.5928,30.7,0.5932,235.3,0.5933,11.5
1753600137096,07:08:57.096,bybit,ACE/USDT:USDT,0.5929,1.0,0.5928,30.7,0.5932,235.3,0.5933,11.5
1753600137294,07:08:57.294,bybit,ACE/USDT:USDT,0.5929,1.0,0.5928,30.7,0.5932,235.3,0.5933,11.5
1753600137794,07:08:57.794,bybit,ACE/USDT:USDT,0.5929,1.0,0.5928,30.7,0.5932,235.3,0.5933,11.5
1753600137894,07:08:57.894,bybit,ACE/USDT:USDT,0.5929,1.0,0.5928,30.7,0.5932,235.3,0.5933,11.5
1753600138194,07:08:58.194,bybit,ACE/USDT:USDT,0.5929,1.0,0.5928,30.7,0.5932,226.8,0.5933,11.5
1753600138294,07:08:58.294,bybit,ACE/USDT:USDT,0.5929,1.0,0.5928,30.7,0.5932,226.8,0.5933,11.5
1753600138395,07:08:58.395,bybit,ACE/USDT:USDT,0.5929,1.0,0.5928,30.7,0.5932,226.8,0.5933,11.5
1753600138594,07:08:58.594,bybit,ACE/USDT:USDT,0.5929,1.0,0.5928,30.7,0.5932,226.8,0.5933,11.5
1753600138894,07:08:58.894,bybit,ACE/USDT:USDT,0.5929,1.0,0.5928,30.7,0.5932,226.8,0.5933,11.5
1753600138994,07:08:58.994,bybit,ACE/USDT:USDT,0.5929,1.0,0.5928,30.7,0.5932,226.8,0.5933,11.5
1753600139094,07:08:59.094,bybit,ACE/USDT:USDT,0.5929,1.0,0.5928,30.7,0.5931,50.2,0.5932,45.4
1753600139295,07:08:59.295,bybit,ACE/USDT:USDT,0.593,1.6,0.5929,1.0,0.5931,50.2,0.5932,45.4
1753600139394,07:08:59.394,bybit,ACE/USDT:USDT,0.593,1.6,0.5929,1.0,0.5932,34.8,0.5933,11.5
1753600139494,07:08:59.494,bybit,ACE/USDT:USDT,0.593,1.6,0.5929,1.0,0.5932,34.8,0.5933,11.5
1753600139895,07:08:59.895,bybit,ACE/USDT:USDT,0.593,1.6,0.5929,1.0,0.5932,34.8,0.5933,11.5
1753600140200,07:09:00.200,bybit,ACE/USDT:USDT,0.593,1.6,0.5929,1.0,0.5932,34.8,0.5933,11.5
1753600140395,07:09:00.395,bybit,ACE/USDT:USDT,0.593,1.6,0.5929,1.0,0.5932,34.8,0.5933,11.5
1753600140495,07:09:00.495,bybit,ACE/USDT:USDT,0.593,1.6,0.5929,1.0,0.5932,34.8,0.5933,11.5
1753600140595,07:09:00.595,bybit,ACE/USDT:USDT,0.593,1.6,0.5929,1.0,0.5932,34.8,0.5933,11.5
1753600140994,07:09:00.994,bybit,ACE/USDT:USDT,0.593,1.6,0.5929,1.0,0.5932,34.8,0.5933,11.5
1753600141095,07:09:01.095,bybit,ACE/USDT:USDT,0.593,1.6,0.5929,1.0,0.5933,11.5,0.5934,10.6
1753600141194,07:09:01.194,bybit,ACE/USDT:USDT,0.593,1.6,0.5929,1.0,0.5932,50.2,0.5933,11.5
1753600141295,07:09:01.295,bybit,ACE/USDT:USDT,0.593,1.6,0.5929,1.0,0.5932,50.2,0.5933,11.5
1753600141394,07:09:01.394,bybit,ACE/USDT:USDT,0.593,1.6,0.5929,1.0,0.5932,50.2,0.5933,11.5
1753600141594,07:09:01.594,bybit,ACE/USDT:USDT,0.593,1.6,0.5929,1.0,0.5932,50.2,0.5933,11.5
1753600142094,07:09:02.094,bybit,ACE/USDT:USDT,0.593,1.6,0.5929,1.0,0.5932,50.2,0.5933,11.5
1753600142196,07:09:02.196,bybit,ACE/USDT:USDT,0.593,1.6,0.5929,1.0,0.5932,50.2,0.5933,11.5
1753600142595,07:09:02.595,bybit,ACE/USDT:USDT,0.593,1.6,0.5929,1.0,0.5932,50.2,0.5933,11.5
1753600142695,07:09:02.695,bybit,ACE/USDT:USDT,0.593,1.6,0.5929,1.0,0.5932,50.2,0.5933,11.5
1753600143194,07:09:03.194,bybit,ACE/USDT:USDT,0.593,1.6,0.5929,1.0,0.5932,50.2,0.5933,11.5
1753600143395,07:09:03.395,bybit,ACE/USDT:USDT,0.593,1.6,0.5929,1.0,0.5932,50.2,0.5933,11.5
1753600143595,07:09:03.595,bybit,ACE/USDT:USDT,0.593,1.6,0.5929,1.0,0.5932,50.2,0.5933,11.5
1753600143695,07:09:03.695,bybit,ACE/USDT:USDT,0.593,1.6,0.5928,10.6,0.5931,50.5,0.5933,11.5
1753600144196,07:09:04.196,bybit,ACE/USDT:USDT,0.593,1.6,0.5929,10.6,0.5931,7.8,0.5933,11.5
1753600144294,07:09:04.294,bybit,ACE/USDT:USDT,0.593,2.6,0.5928,10.6,0.5931,7.8,0.5933,11.5
1753600144794,07:09:04.794,bybit,ACE/USDT:USDT,0.593,2.6,0.5928,10.6,0.5931,7.8,0.5933,11.5
1753600144894,07:09:04.894,bybit,ACE/USDT:USDT,0.593,2.6,0.5928,10.6,0.5931,7.8,0.5933,11.5
1753600144995,07:09:04.995,bybit,ACE/USDT:USDT,0.593,2.6,0.5928,10.6,0.5931,7.8,0.5933,11.5
1753600145094,07:09:05.094,bybit,ACE/USDT:USDT,0.593,2.6,0.5928,10.6,0.5931,7.8,0.5933,11.5
1753600145196,07:09:05.196,bybit,ACE/USDT:USDT,0.593,2.6,0.5928,10.6,0.5931,7.8,0.5933,11.5
1753600145294,07:09:05.294,bybit,ACE/USDT:USDT,0.593,2.6,0.5928,10.6,0.5931,7.8,0.5933,11.5
1753600145496,07:09:05.496,bybit,ACE/USDT:USDT,0.593,2.6,0.5928,10.6,0.5931,7.8,0.5933,11.5
1753600145795,07:09:05.795,bybit,ACE/USDT:USDT,0.593,2.6,0.5928,10.6,0.5931,7.8,0.5933,11.5
1753600145894,07:09:05.894,bybit,ACE/USDT:USDT,0.593,2.6,0.5928,10.6,0.5931,7.8,0.5933,11.5
1753600146494,07:09:06.494,bybit,ACE/USDT:USDT,0.593,2.6,0.5928,10.6,0.5931,7.8,0.5933,11.5
1753600146594,07:09:06.594,bybit,ACE/USDT:USDT,0.593,2.6,0.5928,10.6,0.5931,7.8,0.5933,11.5
1753600146794,07:09:06.794,bybit,ACE/USDT:USDT,0.593,2.6,0.5928,10.6,0.5931,7.8,0.5933,11.5
1753600147094,07:09:07.094,bybit,ACE/USDT:USDT,0.593,2.6,0.5928,10.6,0.5931,7.8,0.5933,11.5
1753600147194,07:09:07.194,bybit,ACE/USDT:USDT,0.593,2.6,0.5928,10.6,0.5931,7.8,0.5933,11.5
1753600147695,07:09:07.695,bybit,ACE/USDT:USDT,0.593,2.6,0.5928,10.6,0.5931,7.8,0.5933,11.5
1753600147794,07:09:07.794,bybit,ACE/USDT:USDT,0.593,2.6,0.5928,10.6,0.5931,7.8,0.5933,11.5
1753600148194,07:09:08.194,bybit,ACE/USDT:USDT,0.593,2.6,0.5928,10.6,0.5931,7.8,0.5933,11.5
1753600148294,07:09:08.294,bybit,ACE/USDT:USDT,0.593,2.6,0.5928,10.6,0.5931,7.8,0.5933,11.5
1753600148494,07:09:08.494,bybit,ACE/USDT:USDT,0.593,2.6,0.5929,10.6,0.5931,7.8,0.5933,11.5
1753600148594,07:09:08.594,bybit,ACE/USDT:USDT,0.593,2.6,0.5929,10.6,0.5931,7.8,0.5933,11.5
1753600148694,07:09:08.694,bybit,ACE/USDT:USDT,0.593,2.6,0.5929,10.6,0.5931,7.8,0.5933,11.5
1753600148794,07:09:08.794,bybit,ACE/USDT:USDT,0.593,2.6,0.5929,10.6,0.5931,7.8,0.5933,11.5
1753600149196,07:09:09.196,bybit,ACE/USDT:USDT,0.593,2.6,0.5929,10.6,0.5931,7.8,0.5933,11.5
1753600149294,07:09:09.294,bybit,ACE/USDT:USDT,0.593,2.6,0.5929,10.6,0.5931,7.8,0.5933,11.5
1753600149394,07:09:09.394,bybit,ACE/USDT:USDT,0.593,2.6,0.5929,10.6,0.5931,7.8,0.5933,11.5
1753600149595,07:09:09.595,bybit,ACE/USDT:USDT,0.593,2.6,0.5929,10.6,0.5931,7.8,0.5933,11.5
1753600149894,07:09:09.894,bybit,ACE/USDT:USDT,0.593,2.6,0.5929,10.6,0.5931,7.8,0.5933,11.5
1753600150240,07:09:10.240,bybit,ACE/USDT:USDT,0.593,2.6,0.5928,10.6,0.5931,7.8,0.5933,11.5
1753600150495,07:09:10.495,bybit,ACE/USDT:USDT,0.593,2.6,0.5928,10.6,0.5931,7.8,0.5933,11.5
1753600150894,07:09:10.894,bybit,ACE/USDT:USDT,0.593,2.6,0.5928,10.6,0.5931,7.8,0.5933,11.5
1753600150994,07:09:10.994,bybit,ACE/USDT:USDT,0.593,2.6,0.5928,10.6,0.5931,7.8,0.5933,11.5
1753600151394,07:09:11.394,bybit,ACE/USDT:USDT,0.593,2.6,0.5928,10.6,0.5931,7.8,0.5933,11.5
1753600151594,07:09:11.594,bybit,ACE/USDT:USDT,0.593,2.6,0.5928,10.6,0.5931,7.8,0.5933,11.5
1753600151795,07:09:11.795,bybit,ACE/USDT:USDT,0.593,2.6,0.5928,10.6,0.5931,7.8,0.5933,11.5
1753600151895,07:09:11.895,bybit,ACE/USDT:USDT,0.593,2.6,0.5928,10.6,0.5931,7.8,0.5933,11.5
1753600151994,07:09:11.994,bybit,ACE/USDT:USDT,0.593,2.6,0.5928,10.6,0.5931,7.8,0.5933,11.5
1753600152495,07:09:12.495,bybit,ACE/USDT:USDT,0.593,2.6,0.5928,10.6,0.5931,7.8,0.5933,11.5
1753600152594,07:09:12.594,bybit,ACE/USDT:USDT,0.593,2.6,0.5928,10.6,0.5931,7.8,0.5933,11.5
1753600153694,07:09:13.694,bybit,ACE/USDT:USDT,0.593,2.6,0.5928,10.6,0.5931,7.8,0.5933,11.5
1753600154197,07:09:14.197,bybit,ACE/USDT:USDT,0.593,2.6,0.5928,10.6,0.5931,7.8,0.5933,11.5
1753600154294,07:09:14.294,bybit,ACE/USDT:USDT,0.593,2.6,0.5928,10.6,0.5931,7.8,0.5932,10.6
1753600154694,07:09:14.694,bybit,ACE/USDT:USDT,0.593,2.6,0.5928,10.6,0.5931,7.8,0.5932,10.6
1753600154793,07:09:14.793,bybit,ACE/USDT:USDT,0.593,2.6,0.5928,10.6,0.5931,7.8,0.5932,10.6
1753600155595,07:09:15.595,bybit,ACE/USDT:USDT,0.593,2.6,0.5928,10.6,0.5931,7.8,0.5932,10.6
1753600155694,07:09:15.694,bybit,ACE/USDT:USDT,0.593,2.6,0.5928,10.6,0.5931,7.8,0.5932,10.6
1753600155894,07:09:15.894,bybit,ACE/USDT:USDT,0.593,2.6,0.5928,10.6,0.5931,7.8,0.5932,10.6
1753600156794,07:09:16.794,bybit,ACE/USDT:USDT,0.593,2.6,0.5928,10.6,0.5931,7.8,0.5932,10.6
1753600156894,07:09:16.894,bybit,ACE/USDT:USDT,0.593,2.6,0.5928,10.6,0.5931,7.8,0.5932,10.6
1753600157395,07:09:17.395,bybit,ACE/USDT:USDT,0.593,2.6,0.5928,10.6,0.5931,7.8,0.5932,10.6
1753600157495,07:09:17.495,bybit,ACE/USDT:USDT,0.593,2.6,0.5928,10.6,0.5931,7.8,0.5932,10.6
1753600157595,07:09:17.595,bybit,ACE/USDT:USDT,0.593,2.6,0.5928,10.6,0.5931,7.8,0.5932,10.6
1753600157894,07:09:17.894,bybit,ACE/USDT:USDT,0.593,2.6,0.5928,10.6,0.5931,7.8,0.5932,10.6
1753600157994,07:09:17.994,bybit,ACE/USDT:USDT,0.593,2.6,0.5928,10.6,0.5931,7.8,0.5932,10.6
1753600158094,07:09:18.094,bybit,ACE/USDT:USDT,0.593,2.6,0.5928,10.6,0.5931,42.6,0.5932,10.6
1753600158494,07:09:18.494,bybit,ACE/USDT:USDT,0.593,2.6,0.5928,10.6,0.5931,42.6,0.5932,10.6
1753600158894,07:09:18.894,bybit,ACE/USDT:USDT,0.593,2.6,0.5927,538.4,0.5931,42.6,0.5932,10.6
1753600158994,07:09:18.994,bybit,ACE/USDT:USDT,0.593,2.6,0.5927,538.4,0.5931,42.6,0.5932,10.6
1753600159094,07:09:19.094,bybit,ACE/USDT:USDT,0.593,2.6,0.5927,538.4,0.5931,42.6,0.5932,10.6
1753600159496,07:09:19.496,bybit,ACE/USDT:USDT,0.593,2.6,0.5927,538.4,0.5931,42.6,0.5932,10.6
1753600159594,07:09:19.594,bybit,ACE/USDT:USDT,0.593,2.6,0.5927,527.8,0.5931,60.8,0.5932,10.6
1753600159694,07:09:19.694,bybit,ACE/USDT:USDT,0.593,2.6,0.5927,527.8,0.5931,42.6,0.5932,10.6
1753600159794,07:09:19.794,bybit,ACE/USDT:USDT,0.593,2.6,0.5927,527.8,0.5931,42.6,0.5932,10.6
1753600160395,07:09:20.395,bybit,ACE/USDT:USDT,0.593,2.6,0.5927,527.8,0.5931,258.8,0.5932,10.6
1753600160594,07:09:20.594,bybit,ACE/USDT:USDT,0.593,2.6,0.5927,527.8,0.5931,258.8,0.5932,10.6
1753600160695,07:09:20.695,bybit,ACE/USDT:USDT,0.593,2.6,0.5927,527.8,0.5931,258.8,0.5932,10.6
1753600161196,07:09:21.196,bybit,ACE/USDT:USDT,0.593,2.6,0.5927,527.8,0.5931,258.8,0.5932,10.6
1753600161294,07:09:21.294,bybit,ACE/USDT:USDT,0.593,2.6,0.5927,527.8,0.5931,258.8,0.5932,10.6
1753600161694,07:09:21.694,bybit,ACE/USDT:USDT,0.593,2.6,0.5927,527.8,0.5931,285.5,0.5932,10.6
1753600161894,07:09:21.894,bybit,ACE/USDT:USDT,0.593,2.6,0.5927,527.8,0.5931,277.0,0.5932,10.6
1753600162094,07:09:22.094,bybit,ACE/USDT:USDT,0.593,2.6,0.5927,263.9,0.5931,258.8,0.5932,10.6
1753600162194,07:09:22.194,bybit,ACE/USDT:USDT,0.593,2.6,0.5927,263.9,0.5931,258.8,0.5932,10.6
1753600162294,07:09:22.294,bybit,ACE/USDT:USDT,0.593,2.6,0.5927,263.9,0.5931,427.4,0.5932,10.6
1753600162698,07:09:22.698,bybit,ACE/USDT:USDT,0.593,2.6,0.5927,263.9,0.5931,435.9,0.5932,10.6
1753600162794,07:09:22.794,bybit,ACE/USDT:USDT,0.593,2.6,0.5927,263.9,0.5931,435.9,0.5932,10.6
1753600162995,07:09:22.995,bybit,ACE/USDT:USDT,0.593,2.6,0.5927,263.9,0.5931,267.3,0.5932,10.6
1753600163094,07:09:23.094,bybit,ACE/USDT:USDT,0.593,2.6,0.5927,263.9,0.5931,427.4,0.5932,10.6
1753600163194,07:09:23.194,bybit,ACE/USDT:USDT,0.593,2.6,0.5927,263.9,0.5931,435.9,0.5932,10.6
1753600163294,07:09:23.294,bybit,ACE/USDT:USDT,0.593,2.6,0.5927,263.9,0.5931,267.3,0.5932,10.6
1753600163394,07:09:23.394,bybit,ACE/USDT:USDT,0.593,2.6,0.5927,263.9,0.5931,258.8,0.5932,10.6
1753600163794,07:09:23.794,bybit,ACE/USDT:USDT,0.593,2.6,0.5927,263.9,0.5931,258.8,0.5932,10.6
1753600163894,07:09:23.894,bybit,ACE/USDT:USDT,0.593,2.6,0.5927,263.9,0.5931,258.8,0.5932,10.6
1753600164094,07:09:24.094,bybit,ACE/USDT:USDT,0.593,2.6,0.5927,263.9,0.5931,277.0,0.5932,10.6
1753600164199,07:09:24.199,bybit,ACE/USDT:USDT,0.593,2.6,0.5927,263.9,0.5931,277.0,0.5932,10.6
1753600164394,07:09:24.394,bybit,ACE/USDT:USDT,0.593,2.6,0.5927,263.9,0.5931,277.0,0.5932,10.6
1753600164495,07:09:24.495,bybit,ACE/USDT:USDT,0.593,2.6,0.5927,263.9,0.5931,277.0,0.5932,10.6
1753600164895,07:09:24.895,bybit,ACE/USDT:USDT,0.593,2.6,0.5927,263.9,0.5931,277.0,0.5932,10.6
1753600165094,07:09:25.094,bybit,ACE/USDT:USDT,0.593,2.6,0.5927,263.9,0.5931,277.0,0.5932,10.6
1753600165294,07:09:25.294,bybit,ACE/USDT:USDT,0.593,2.6,0.5927,263.9,0.5931,529.9,0.5932,10.6
1753600165395,07:09:25.395,bybit,ACE/USDT:USDT,0.593,2.6,0.5927,263.9,0.5931,538.4,0.5932,10.6
1753600165494,07:09:25.494,bybit,ACE/USDT:USDT,0.593,2.6,0.5927,263.9,0.5931,538.4,0.5932,10.6
1753600165794,07:09:25.794,bybit,ACE/USDT:USDT,0.593,2.6,0.5926,262.9,0.5931,630.3,0.5932,10.6
1753600165894,07:09:25.894,bybit,ACE/USDT:USDT,0.593,2.6,0.5926,262.9,0.5931,810.3,0.5932,10.6
1753600165994,07:09:25.994,bybit,ACE/USDT:USDT,0.593,2.6,0.5926,262.9,0.5931,810.3,0.5932,10.6
1753600166094,07:09:26.094,bybit,ACE/USDT:USDT,0.593,2.6,0.5926,262.9,0.5931,810.3,0.5932,10.6
1753600166694,07:09:26.694,bybit,ACE/USDT:USDT,0.593,2.6,0.5926,262.9,0.5931,810.3,0.5932,10.6
1753600166896,07:09:26.896,bybit,ACE/USDT:USDT,0.593,11.1,0.5927,10.6,0.5931,852.1,0.5933,11.5
1753600166994,07:09:26.994,bybit,ACE/USDT:USDT,0.593,2.6,0.5927,10.6,0.5931,852.1,0.5933,11.5
1753600167195,07:09:27.195,bybit,ACE/USDT:USDT,0.593,2.6,0.5927,10.6,0.5931,852.1,0.5933,11.5
1753600167294,07:09:27.294,bybit,ACE/USDT:USDT,0.593,2.6,0.5927,10.6,0.5931,852.1,0.5933,11.5
1753600167494,07:09:27.494,bybit,ACE/USDT:USDT,0.593,2.6,0.5927,10.6,0.5931,852.1,0.5933,11.5
1753600167895,07:09:27.895,bybit,ACE/USDT:USDT,0.593,2.6,0.5927,10.6,0.5931,852.1,0.5933,11.5
1753600168895,07:09:28.895,bybit,ACE/USDT:USDT,0.593,2.6,0.5927,10.6,0.5931,852.1,0.5933,11.5
1753600168994,07:09:28.994,bybit,ACE/USDT:USDT,0.593,2.6,0.5927,10.6,0.5931,852.1,0.5933,11.5
1753600170094,07:09:30.094,bybit,ACE/USDT:USDT,0.593,2.6,0.5927,10.6,0.5931,675.0,0.5933,11.5
1753600170494,07:09:30.494,bybit,ACE/USDT:USDT,0.593,2.6,0.5927,10.6,0.5931,843.6,0.5933,11.5
1753600170594,07:09:30.594,bybit,ACE/USDT:USDT,0.593,2.6,0.5927,10.6,0.5931,843.6,0.5933,11.5
1753600170695,07:09:30.695,bybit,ACE/USDT:USDT,0.593,2.6,0.5927,10.6,0.5931,843.6,0.5933,11.5
1753600171195,07:09:31.195,bybit,ACE/USDT:USDT,0.593,2.6,0.5927,10.6,0.5931,463.1,0.5933,11.5
1753600171594,07:09:31.594,bybit,ACE/USDT:USDT,0.593,2.6,0.5927,10.6,0.5931,463.1,0.5933,11.5
1753600171694,07:09:31.694,bybit,ACE/USDT:USDT,0.593,2.6,0.5927,10.6,0.5931,463.1,0.5933,11.5
1753600172594,07:09:32.594,bybit,ACE/USDT:USDT,0.593,2.6,0.5927,10.6,0.5931,631.7,0.5933,11.5
1753600172795,07:09:32.795,bybit,ACE/USDT:USDT,0.593,2.6,0.5926,262.9,0.5931,896.5,0.5932,10.6
1753600172895,07:09:32.895,bybit,ACE/USDT:USDT,0.5923,60.6,0.5922,10.6,0.5926,266.4,0.5928,10.6
1753600172995,07:09:32.995,bybit,ACE/USDT:USDT,0.5923,60.6,0.5922,10.6,0.5926,266.4,0.5928,10.6
1753600173094,07:09:33.094,bybit,ACE/USDT:USDT,0.5923,60.6,0.5922,10.6,0.5926,266.4,0.5928,10.6
1753600173194,07:09:33.194,bybit,ACE/USDT:USDT,0.5923,60.6,0.5922,10.6,0.5926,266.4,0.5928,10.6
1753600173496,07:09:33.496,bybit,ACE/USDT:USDT,0.5923,60.6,0.5922,10.6,0.5926,266.4,0.5928,10.6
1753600173797,07:09:33.797,bybit,ACE/USDT:USDT,0.5923,60.6,0.5922,10.6,0.5926,266.4,0.5928,10.6
1753600173895,07:09:33.895,bybit,ACE/USDT:USDT,0.5923,60.6,0.5922,10.6,0.5926,266.4,0.5928,10.6
1753600174094,07:09:34.094,bybit,ACE/USDT:USDT,0.5923,95.4,0.5922,10.6,0.5926,266.4,0.5928,10.6
1753600174394,07:09:34.394,bybit,ACE/USDT:USDT,0.5923,95.4,0.5922,10.6,0.5926,266.4,0.5928,10.6
1753600174495,07:09:34.495,bybit,ACE/USDT:USDT,0.5923,95.4,0.5922,10.6,0.5926,266.4,0.5928,10.6
1753600174594,07:09:34.594,bybit,ACE/USDT:USDT,0.5923,95.4,0.5922,10.6,0.5926,266.4,0.5928,10.6
1753600174695,07:09:34.695,bybit,ACE/USDT:USDT,0.5923,95.4,0.5922,10.6,0.5926,266.4,0.5928,10.6
1753600174995,07:09:34.995,bybit,ACE/USDT:USDT,0.5923,95.4,0.5922,10.6,0.5926,266.4,0.5928,10.6
1753600175595,07:09:35.595,bybit,ACE/USDT:USDT,0.5923,95.4,0.5922,10.6,0.5926,266.4,0.5928,10.6
1753600175794,07:09:35.794,bybit,ACE/USDT:USDT,0.5923,95.4,0.5922,10.6,0.5926,266.4,0.5928,10.6
1753600176394,07:09:36.394,bybit,ACE/USDT:USDT,0.5925,14.6,0.5924,10.5,0.593,10.6,0.5931,18.3
1753600176694,07:09:36.694,bybit,ACE/USDT:USDT,0.5925,14.6,0.5924,10.5,0.593,10.6,0.5931,18.3
1753600176794,07:09:36.794,bybit,ACE/USDT:USDT,0.5925,14.6,0.5924,10.5,0.593,10.6,0.5931,18.3
1753600177094,07:09:37.094,bybit,ACE/USDT:USDT,0.5925,49.4,0.5924,10.5,0.593,10.6,0.5931,18.3
1753600177195,07:09:37.195,bybit,ACE/USDT:USDT,0.5925,49.4,0.5924,10.5,0.593,226.8,0.5931,18.3
1753600177294,07:09:37.294,bybit,ACE/USDT:USDT,0.5925,49.4,0.5924,10.5,0.593,226.8,0.5931,18.3
1753600177594,07:09:37.594,bybit,ACE/USDT:USDT,0.5925,49.4,0.5924,10.5,0.593,311.0,0.5931,18.3
1753600177696,07:09:37.696,bybit,ACE/USDT:USDT,0.5925,49.4,0.5924,10.5,0.593,395.2,0.5931,18.3
1753600178094,07:09:38.094,bybit,ACE/USDT:USDT,0.5925,14.6,0.5924,10.5,0.593,226.8,0.5931,18.3
1753600178695,07:09:38.695,bybit,ACE/USDT:USDT,0.5923,60.6,0.5922,10.6,0.5926,50.2,0.5928,10.5
1753600178895,07:09:38.895,bybit,ACE/USDT:USDT,0.5923,60.6,0.5922,10.6,0.5926,50.2,0.5928,10.5
1753600178994,07:09:38.994,bybit,ACE/USDT:USDT,0.5923,10.6,0.5922,10.6,0.5925,50.2,0.5927,10.5
1753600179194,07:09:39.194,bybit,ACE/USDT:USDT,0.5923,45.4,0.5922,10.6,0.5925,50.2,0.5927,10.5
1753600179996,07:09:39.996,bybit,ACE/USDT:USDT,0.5923,45.4,0.5922,10.6,0.5925,50.2,0.5927,10.5
1753600180795,07:09:40.795,bybit,ACE/USDT:USDT,0.5923,45.4,0.5922,10.6,0.5925,50.2,0.5927,10.5
1753600180894,07:09:40.894,bybit,ACE/USDT:USDT,0.5923,45.4,0.5922,10.6,0.5925,50.2,0.5927,10.5
1753600181294,07:09:41.294,bybit,ACE/USDT:USDT,0.5923,45.4,0.5922,10.6,0.5925,50.2,0.5927,10.5
1753600181795,07:09:41.795,bybit,ACE/USDT:USDT,0.5923,45.4,0.5922,10.6,0.5925,50.2,0.5927,10.5
1753600182201,07:09:42.201,bybit,ACE/USDT:USDT,0.5923,34.8,0.5922,10.6,0.5925,50.2,0.5927,10.5
1753600182294,07:09:42.294,bybit,ACE/USDT:USDT,0.5923,34.8,0.5922,10.6,0.5925,50.2,0.5927,10.5
1753600183094,07:09:43.094,bybit,ACE/USDT:USDT,0.5923,34.8,0.5922,10.6,0.5925,50.2,0.5927,10.5
1753600183395,07:09:43.395,bybit,ACE/USDT:USDT,0.5923,34.8,0.5922,10.6,0.5925,50.2,0.5927,10.5
1753600183794,07:09:43.794,bybit,ACE/USDT:USDT,0.5923,34.8,0.5922,10.6,0.5925,50.2,0.5927,10.5
1753600184894,07:09:44.894,bybit,ACE/USDT:USDT,0.5923,34.8,0.5922,10.6,0.5925,50.2,0.5927,10.5
1753600185095,07:09:45.095,bybit,ACE/USDT:USDT,0.5923,34.8,0.5922,10.6,0.5925,50.2,0.5927,10.5
1753600185196,07:09:45.196,bybit,ACE/USDT:USDT,0.5923,34.8,0.5922,10.6,0.5925,50.2,0.5927,10.5
1753600185595,07:09:45.595,bybit,ACE/USDT:USDT,0.5923,34.8,0.5922,10.6,0.5925,50.2,0.5927,10.5
1753600185795,07:09:45.795,bybit,ACE/USDT:USDT,0.5923,34.8,0.5922,10.6,0.5925,50.2,0.5927,10.5
1753600186196,07:09:46.196,bybit,ACE/USDT:USDT,0.5923,34.8,0.5922,10.6,0.5925,50.2,0.5927,10.5
1753600186295,07:09:46.295,bybit,ACE/USDT:USDT,0.5923,34.8,0.5922,10.6,0.5925,50.2,0.5927,10.5
1753600186395,07:09:46.395,bybit,ACE/USDT:USDT,0.5923,34.8,0.5922,10.6,0.5925,50.2,0.5927,10.5
1753600187094,07:09:47.094,bybit,ACE/USDT:USDT,0.5922,10.6,0.5921,60.6,0.5925,50.2,0.5927,10.5
1753600187294,07:09:47.294,bybit,ACE/USDT:USDT,0.5922,853.3,0.5921,60.6,0.5925,50.2,0.5927,10.5
1753600187394,07:09:47.394,bybit,ACE/USDT:USDT,0.5922,853.3,0.5921,60.6,0.5925,50.2,0.5927,10.5
1753600188094,07:09:48.094,bybit,ACE/USDT:USDT,0.5922,888.1,0.5921,60.6,0.5925,50.2,0.5927,10.5
1753600188394,07:09:48.394,bybit,ACE/USDT:USDT,0.5922,888.1,0.5921,60.6,0.5925,50.2,0.5927,10.5
1753600188494,07:09:48.494,bybit,ACE/USDT:USDT,0.5922,888.1,0.5921,60.6,0.5925,50.2,0.5927,10.5
1753600188595,07:09:48.595,bybit,ACE/USDT:USDT,0.5922,888.1,0.5921,60.6,0.5925,50.2,0.5927,10.5
1753600188794,07:09:48.794,bybit,ACE/USDT:USDT,0.5922,888.1,0.5921,60.6,0.5925,50.2,0.5927,10.5
1753600189295,07:09:49.295,bybit,ACE/USDT:USDT,0.5922,888.1,0.5921,60.6,0.5925,50.2,0.5927,10.5
1753600189595,07:09:49.595,bybit,ACE/USDT:USDT,0.5922,888.1,0.5921,60.6,0.5925,50.2,0.5927,10.5
1753600189994,07:09:49.994,bybit,ACE/USDT:USDT,0.5922,888.1,0.5921,60.6,0.5925,50.2,0.5927,10.5
1753600190094,07:09:50.094,bybit,ACE/USDT:USDT,0.5922,888.1,0.5921,60.6,0.5925,50.2,0.5927,10.5
1753600190200,07:09:50.200,bybit,ACE/USDT:USDT,0.5922,888.1,0.5921,60.6,0.5925,50.2,0.5927,10.5
1753600190594,07:09:50.594,bybit,ACE/USDT:USDT,0.5922,888.1,0.5921,60.6,0.5925,50.2,0.5927,10.5
1753600190709,07:09:50.709,bybit,ACE/USDT:USDT,0.5922,888.1,0.5921,60.6,0.5925,50.2,0.5927,10.5
1753600190994,07:09:50.994,bybit,ACE/USDT:USDT,0.5922,888.1,0.5921,60.6,0.5925,50.2,0.5927,10.5
1753600191094,07:09:51.094,bybit,ACE/USDT:USDT,0.5922,888.1,0.5921,60.6,0.5925,50.2,0.5927,10.5
1753600191194,07:09:51.194,bybit,ACE/USDT:USDT,0.5922,888.1,0.5921,60.6,0.5925,50.2,0.5927,10.5
1753600191294,07:09:51.294,bybit,ACE/USDT:USDT,0.5922,888.1,0.5921,60.6,0.5925,50.2,0.5927,10.5
1753600191795,07:09:51.795,bybit,ACE/USDT:USDT,0.5922,888.1,0.5921,60.6,0.5925,50.2,0.5927,10.5
1753600192194,07:09:52.194,bybit,ACE/USDT:USDT,0.5922,888.1,0.5921,60.6,0.5925,50.2,0.5927,10.5
1753600192594,07:09:52.594,bybit,ACE/USDT:USDT,0.5922,888.1,0.5921,60.6,0.5925,50.2,0.5927,10.5
1753600192895,07:09:52.895,bybit,ACE/USDT:USDT,0.5922,888.1,0.5921,60.6,0.5925,50.2,0.5927,10.5
1753600193094,07:09:53.094,bybit,ACE/USDT:USDT,0.5923,10.5,0.5922,45.4,0.5925,49.8,0.5927,10.5
1753600193195,07:09:53.195,bybit,ACE/USDT:USDT,0.5922,45.4,0.5921,60.5,0.5925,49.8,0.5927,10.5
1753600193394,07:09:53.394,bybit,ACE/USDT:USDT,0.5922,45.4,0.5921,60.5,0.5925,49.8,0.5927,10.5
1753600193894,07:09:53.894,bybit,ACE/USDT:USDT,0.5922,45.4,0.5921,60.5,0.5925,49.8,0.5927,10.5
1753600193995,07:09:53.995,bybit,ACE/USDT:USDT,0.5922,45.4,0.5921,60.5,0.5925,49.8,0.5927,10.5
1753600194095,07:09:54.095,bybit,ACE/USDT:USDT,0.5922,10.6,0.5921,60.5,0.5925,49.8,0.5927,10.5
1753600194394,07:09:54.394,bybit,ACE/USDT:USDT,0.5922,10.6,0.5921,60.5,0.5925,49.8,0.5927,10.5
1753600194495,07:09:54.495,bybit,ACE/USDT:USDT,0.5922,10.6,0.5921,60.5,0.5925,49.8,0.5926,10.5
1753600194794,07:09:54.794,bybit,ACE/USDT:USDT,0.5922,10.6,0.5921,60.5,0.5925,49.8,0.5926,10.5
1753600194894,07:09:54.894,bybit,ACE/USDT:USDT,0.5922,10.6,0.5921,60.5,0.5925,49.8,0.5926,10.5
1753600194995,07:09:54.995,bybit,ACE/USDT:USDT,0.5921,906.2,0.5919,533.2,0.5923,50.2,0.5926,10.5
1753600195094,07:09:55.094,bybit,ACE/USDT:USDT,0.5921,906.2,0.5919,533.2,0.5923,50.2,0.5926,10.5
1753600195195,07:09:55.195,bybit,ACE/USDT:USDT,0.5921,906.2,0.5919,533.2,0.5923,50.2,0.5926,10.5
1753600195295,07:09:55.295,bybit,ACE/USDT:USDT,0.5921,906.2,0.5919,533.2,0.5923,50.2,0.5926,10.5
1753600195494,07:09:55.494,bybit,ACE/USDT:USDT,0.5921,906.2,0.5919,533.2,0.5923,50.2,0.5926,10.5
1753600195695,07:09:55.695,bybit,ACE/USDT:USDT,0.5921,906.2,0.5919,533.2,0.5923,50.2,0.5926,10.5
1753600195995,07:09:55.995,bybit,ACE/USDT:USDT,0.5921,906.2,0.5919,533.2,0.5923,50.2,0.5926,10.5
1753600196094,07:09:56.094,bybit,ACE/USDT:USDT,0.5921,941.1,0.5919,533.2,0.5923,50.2,0.5926,10.5
1753600196199,07:09:56.199,bybit,ACE/USDT:USDT,0.5921,941.1,0.5919,533.2,0.5923,50.2,0.5926,10.5
1753600196595,07:09:56.595,bybit,ACE/USDT:USDT,0.5921,941.1,0.5919,533.2,0.5923,50.2,0.5926,10.5
1753600196696,07:09:56.696,bybit,ACE/USDT:USDT,0.5921,941.1,0.5919,533.2,0.5923,50.2,0.5926,10.5
1753600196794,07:09:56.794,bybit,ACE/USDT:USDT,0.5921,941.1,0.5919,533.2,0.5923,50.2,0.5926,10.5
1753600197294,07:09:57.294,bybit,ACE/USDT:USDT,0.5921,941.1,0.5919,533.2,0.5923,50.2,0.5926,10.5
1753600197594,07:09:57.594,bybit,ACE/USDT:USDT,0.5921,95.4,0.5919,533.2,0.5923,50.2,0.5925,10.5
1753600197896,07:09:57.896,bybit,ACE/USDT:USDT,0.5921,95.4,0.5919,533.2,0.5923,50.2,0.5925,10.5
1753600197994,07:09:57.994,bybit,ACE/USDT:USDT,0.5921,95.4,0.5919,543.7,0.5923,50.2,0.5925,10.5
1753600198095,07:09:58.095,bybit,ACE/USDT:USDT,0.5921,60.5,0.5919,543.7,0.5923,50.2,0.5925,10.5
1753600198295,07:09:58.295,bybit,ACE/USDT:USDT,0.5921,60.5,0.5919,543.7,0.5923,50.2,0.5925,10.5
1753600198394,07:09:58.394,bybit,ACE/USDT:USDT,0.5921,60.5,0.5919,543.7,0.5923,50.2,0.5925,10.5
1753600198595,07:09:58.595,bybit,ACE/USDT:USDT,0.5921,351.4,0.5919,543.7,0.5923,50.2,0.5925,10.5
1753600198695,07:09:58.695,bybit,ACE/USDT:USDT,0.5921,351.4,0.5919,543.7,0.5923,50.2,0.5925,10.5
1753600198994,07:09:58.994,bybit,ACE/USDT:USDT,0.5921,351.4,0.5919,543.7,0.5923,50.2,0.5925,10.5
1753600199194,07:09:59.194,bybit,ACE/USDT:USDT,0.5921,351.4,0.592,10.5,0.5923,50.2,0.5925,10.5
1753600199494,07:09:59.494,bybit,ACE/USDT:USDT,0.5921,351.4,0.592,10.5,0.5923,50.2,0.5925,10.5
1753600199595,07:09:59.595,bybit,ACE/USDT:USDT,0.5921,351.4,0.592,10.5,0.5923,50.2,0.5925,10.5
1753600199794,07:09:59.794,bybit,ACE/USDT:USDT,0.5921,351.4,0.592,10.5,0.5923,50.2,0.5925,10.5
1753600199894,07:09:59.894,bybit,ACE/USDT:USDT,0.5921,351.4,0.592,10.5,0.5922,50.2,0.5925,10.5
1753600199996,07:09:59.996,bybit,ACE/USDT:USDT,0.5921,351.4,0.592,10.5,0.5926,10.5,0.5927,10.5
1753600200096,07:10:00.096,bybit,ACE/USDT:USDT,0.5922,10.5,0.5921,361.9,0.5926,10.5,0.5927,10.5
1753600200296,07:10:00.296,bybit,ACE/USDT:USDT,0.5922,10.5,0.5921,361.9,0.5926,10.5,0.5927,10.5
1753600200394,07:10:00.394,bybit,ACE/USDT:USDT,0.5922,10.5,0.5921,361.9,0.5926,10.5,0.5927,10.5
1753600200595,07:10:00.595,bybit,ACE/USDT:USDT,0.5921,351.4,0.592,10.5,0.5923,50.2,0.5926,10.5
1753600200905,07:10:00.905,bybit,ACE/USDT:USDT,0.5922,18.2,0.5921,361.9,0.5928,267.4,0.5929,534.0
1753600200996,07:10:00.996,bybit,ACE/USDT:USDT,0.5925,10.5,0.5924,10.5,0.593,37.8,0.5931,18.3
1753600201095,07:10:01.095,bybit,ACE/USDT:USDT,0.5925,10.5,0.5924,10.5,0.593,254.1,0.5931,18.3
1753600201194,07:10:01.194,bybit,ACE/USDT:USDT,0.5922,10.5,0.5921,60.5,0.5925,8.5,0.5926,10.5
1753600201295,07:10:01.295,bybit,ACE/USDT:USDT,0.5922,10.5,0.5921,60.5,0.5926,10.5,0.5927,10.5
1753600201494,07:10:01.494,bybit,ACE/USDT:USDT,0.5922,10.5,0.5921,60.5,0.5926,10.5,0.5927,10.5
1753600201594,07:10:01.594,bybit,ACE/USDT:USDT,0.5922,10.5,0.5921,60.5,0.5926,10.5,0.5927,10.5
1753600201695,07:10:01.695,bybit,ACE/USDT:USDT,0.5922,10.5,0.5921,60.5,0.5926,10.5,0.5927,10.5
1753600201994,07:10:01.994,bybit,ACE/USDT:USDT,0.5923,10.5,0.5922,10.5,0.5927,10.5,0.5928,10.5
1753600202198,07:10:02.198,bybit,ACE/USDT:USDT,0.5923,10.5,0.5922,10.5,0.5927,10.5,0.5928,10.5
1753600202495,07:10:02.495,bybit,ACE/USDT:USDT,0.5923,10.5,0.5922,10.5,0.5927,10.5,0.5928,10.5
1753600202694,07:10:02.694,bybit,ACE/USDT:USDT,0.5923,10.5,0.5922,10.5,0.5927,10.5,0.5928,10.5
1753600202794,07:10:02.794,bybit,ACE/USDT:USDT,0.5923,10.5,0.5922,10.5,0.5927,10.5,0.5928,10.5
1753600203194,07:10:03.194,bybit,ACE/USDT:USDT,0.5923,10.5,0.5922,10.5,0.5927,10.5,0.5928,10.5
1753600203395,07:10:03.395,bybit,ACE/USDT:USDT,0.5923,10.5,0.5922,10.5,0.5927,10.5,0.5928,10.5
1753600203495,07:10:03.495,bybit,ACE/USDT:USDT,0.5923,10.5,0.5922,10.5,0.5927,10.5,0.5928,10.5
1753600203895,07:10:03.895,bybit,ACE/USDT:USDT,0.5922,10.5,0.5921,60.5,0.5923,50.2,0.5927,10.5
1753600203994,07:10:03.994,bybit,ACE/USDT:USDT,0.5922,10.5,0.5921,60.5,0.5923,50.2,0.5926,10.4
1753600204193,07:10:04.193,bybit,ACE/USDT:USDT,0.5922,10.5,0.5921,60.5,0.5927,10.5,0.5928,10.5
1753600204495,07:10:04.495,bybit,ACE/USDT:USDT,0.5923,10.3,0.5922,10.5,0.5927,10.5,0.5928,10.5
1753600204894,07:10:04.894,bybit,ACE/USDT:USDT,0.5923,10.3,0.5922,10.5,0.5927,10.5,0.5928,10.5
1753600205395,07:10:05.395,bybit,ACE/USDT:USDT,0.5923,10.3,0.5922,10.5,0.5927,10.5,0.5928,10.5
1753600205494,07:10:05.494,bybit,ACE/USDT:USDT,0.5923,10.3,0.5922,10.5,0.5927,10.5,0.5928,10.5
1753600205795,07:10:05.795,bybit,ACE/USDT:USDT,0.5921,60.5,0.592,546.1,0.5923,50.2,0.5924,50.2
1753600205894,07:10:05.894,bybit,ACE/USDT:USDT,0.5921,60.3,0.592,10.5,0.5925,10.3,0.5926,10.3
1753600205994,07:10:05.994,bybit,ACE/USDT:USDT,0.5921,60.3,0.592,10.5,0.5925,10.3,0.5926,10.3
1753600206199,07:10:06.199,bybit,ACE/USDT:USDT,0.5921,60.3,0.592,10.5,0.5925,10.3,0.5926,10.3
1753600206494,07:10:06.494,bybit,ACE/USDT:USDT,0.5921,1216.4,0.5919,533.6,0.5923,50.2,0.5926,10.3
1753600206696,07:10:06.696,bybit,ACE/USDT:USDT,0.5921,1216.4,0.5919,533.6,0.5923,50.2,0.5926,10.3
1753600206794,07:10:06.794,bybit,ACE/USDT:USDT,0.5921,1216.4,0.5919,533.6,0.5923,50.2,0.5926,10.3
1753600207094,07:10:07.094,bybit,ACE/USDT:USDT,0.5921,1251.3,0.5919,533.6,0.5923,50.2,0.5926,10.3
1753600207196,07:10:07.196,bybit,ACE/USDT:USDT,0.5921,1251.3,0.5919,533.6,0.5923,50.2,0.5926,10.3
1753600207594,07:10:07.594,bybit,ACE/USDT:USDT,0.5921,1251.3,0.5919,533.6,0.5923,50.2,0.5926,10.3
1753600207694,07:10:07.694,bybit,ACE/USDT:USDT,0.5921,1251.3,0.5919,533.6,0.5923,50.2,0.5926,10.3
1753600208198,07:10:08.198,bybit,ACE/USDT:USDT,0.5921,1251.3,0.5919,533.6,0.5923,50.2,0.5926,10.3
1753600208295,07:10:08.295,bybit,ACE/USDT:USDT,0.5921,1251.3,0.5919,533.6,0.5923,50.2,0.5926,10.3
1753600208896,07:10:08.896,bybit,ACE/USDT:USDT,0.5921,1251.3,0.5919,533.6,0.5923,50.2,0.5926,10.3
1753600208994,07:10:08.994,bybit,ACE/USDT:USDT,0.5921,1251.3,0.5919,533.6,0.5923,50.2,0.5926,10.3
1753600209195,07:10:09.195,bybit,ACE/USDT:USDT,0.5921,1251.3,0.5919,533.6,0.5923,50.2,0.5926,10.3
1753600209294,07:10:09.294,bybit,ACE/USDT:USDT,0.5921,1251.3,0.5919,533.6,0.5923,50.2,0.5926,10.3
1753600209394,07:10:09.394,bybit,ACE/USDT:USDT,0.5921,1251.3,0.5919,533.6,0.5923,50.2,0.5926,10.3
1753600209894,07:10:09.894,bybit,ACE/USDT:USDT,0.5921,1251.3,0.5919,533.6,0.5923,50.2,0.5926,10.3
1753600209994,07:10:09.994,bybit,ACE/USDT:USDT,0.5921,1251.3,0.5919,533.6,0.5923,50.2,0.5926,10.3
1753600210197,07:10:10.197,bybit,ACE/USDT:USDT,0.5921,1251.3,0.5919,533.6,0.5923,50.2,0.5926,10.3
1753600210296,07:10:10.296,bybit,ACE/USDT:USDT,0.5921,1251.3,0.5919,533.6,0.5923,50.2,0.5926,10.3
1753600210694,07:10:10.694,bybit,ACE/USDT:USDT,0.5921,1251.3,0.5919,533.6,0.5923,52.0,0.5926,10.3
1753600210994,07:10:10.994,bybit,ACE/USDT:USDT,0.5921,1251.3,0.5919,533.6,0.5923,52.0,0.5926,10.3
1753600211094,07:10:11.094,bybit,ACE/USDT:USDT,0.5921,1251.3,0.5919,533.6,0.5923,52.0,0.5926,10.3
1753600211194,07:10:11.194,bybit,ACE/USDT:USDT,0.5921,1251.3,0.5919,533.6,0.5923,52.0,0.5926,10.3
1753600211494,07:10:11.494,bybit,ACE/USDT:USDT,0.5921,1251.3,0.5919,533.6,0.5923,52.0,0.5926,10.3
1753600211594,07:10:11.594,bybit,ACE/USDT:USDT,0.5921,1251.3,0.5919,533.6,0.5923,1.8,0.5926,10.3
1753600211695,07:10:11.695,bybit,ACE/USDT:USDT,0.5921,1267.8,0.5919,533.6,0.5923,1.8,0.5926,10.3
1753600212200,07:10:12.200,bybit,ACE/USDT:USDT,0.5921,1267.8,0.5919,533.6,0.5923,1.8,0.5926,10.3
1753600212294,07:10:12.294,bybit,ACE/USDT:USDT,0.5921,1267.8,0.5919,533.6,0.5923,1.8,0.5926,10.3
1753600212594,07:10:12.594,bybit,ACE/USDT:USDT,0.5921,1267.8,0.5919,533.6,0.5923,1.8,0.5926,10.3
1753600212695,07:10:12.695,bybit,ACE/USDT:USDT,0.5921,1267.8,0.5919,533.6,0.5923,1.8,0.5926,10.3
1753600213095,07:10:13.095,bybit,ACE/USDT:USDT,0.5921,1267.8,0.5919,533.6,0.5923,1.8,0.5926,10.3
1753600213195,07:10:13.195,bybit,ACE/USDT:USDT,0.5921,1267.8,0.5919,533.6,0.5923,1.8,0.5926,10.3
1753600213494,07:10:13.494,bybit,ACE/USDT:USDT,0.5921,1217.8,0.5919,533.6,0.5923,1.8,0.5926,10.3
1753600213695,07:10:13.695,bybit,ACE/USDT:USDT,0.5921,1201.3,0.5919,533.6,0.5923,1.8,0.5926,10.3
1753600213794,07:10:13.794,bybit,ACE/USDT:USDT,0.5921,1201.3,0.5919,533.6,0.5923,1.8,0.5925,10.3
1753600213995,07:10:13.995,bybit,ACE/USDT:USDT,0.5921,1201.3,0.5919,533.6,0.5923,1.8,0.5925,10.3
1753600214094,07:10:14.094,bybit,ACE/USDT:USDT,0.5921,1166.4,0.5919,533.6,0.5923,1.8,0.5925,10.3
1753600214294,07:10:14.294,bybit,ACE/USDT:USDT,0.5921,1176.2,0.5919,533.6,0.5923,1.8,0.5925,10.3
1753600214394,07:10:14.394,bybit,ACE/USDT:USDT,0.5921,1156.1,0.5919,533.6,0.5923,2.1,0.5925,10.3
1753600214494,07:10:14.494,bybit,ACE/USDT:USDT,0.5921,1156.1,0.5919,533.6,0.5923,2.1,0.5925,10.3
1753600214697,07:10:14.697,bybit,ACE/USDT:USDT,0.5921,1156.1,0.5919,533.6,0.5923,2.1,0.5924,10.3
1753600214794,07:10:14.794,bybit,ACE/USDT:USDT,0.5921,1156.1,0.5919,533.6,0.5923,2.1,0.5924,10.3
1753600214894,07:10:14.894,bybit,ACE/USDT:USDT,0.5921,1156.1,0.5919,533.6,0.5923,2.1,0.5925,10.3
1753600215196,07:10:15.196,bybit,ACE/USDT:USDT,0.5921,1156.1,0.5919,533.6,0.5923,2.1,0.5925,10.3
1753600215295,07:10:15.295,bybit,ACE/USDT:USDT,0.5921,1156.1,0.5919,533.6,0.5923,2.1,0.5925,10.3
1753600215394,07:10:15.394,bybit,ACE/USDT:USDT,0.5921,1156.1,0.5919,533.6,0.5923,2.1,0.5925,10.3
1753600215795,07:10:15.795,bybit,ACE/USDT:USDT,0.5921,1156.1,0.5919,533.6,0.5923,2.1,0.5925,10.3
1753600215894,07:10:15.894,bybit,ACE/USDT:USDT,0.5921,1156.1,0.5919,533.6,0.5923,2.1,0.5925,10.3
1753600216294,07:10:16.294,bybit,ACE/USDT:USDT,0.5921,1156.1,0.5919,533.6,0.5923,2.1,0.5925,10.3
1753600216494,07:10:16.494,bybit,ACE/USDT:USDT,0.5921,1156.1,0.5919,533.6,0.5923,2.1,0.5925,10.3
1753600216694,07:10:16.694,bybit,ACE/USDT:USDT,0.5921,1156.1,0.5919,533.6,0.5923,2.1,0.5925,10.3
1753600217194,07:10:17.194,bybit,ACE/USDT:USDT,0.5921,550.9,0.5919,533.6,0.5923,2.1,0.5925,10.3
1753600217394,07:10:17.394,bybit,ACE/USDT:USDT,0.5921,550.9,0.5919,533.6,0.5923,2.1,0.5925,10.3
1753600217494,07:10:17.494,bybit,ACE/USDT:USDT,0.5921,550.9,0.5919,533.6,0.5923,2.1,0.5925,10.3
1753600217694,07:10:17.694,bybit,ACE/USDT:USDT,0.5921,550.9,0.5919,533.6,0.5923,2.1,0.5925,10.3
1753600217995,07:10:17.995,bybit,ACE/USDT:USDT,0.5921,550.9,0.5919,533.6,0.5923,2.1,0.5925,10.3
1753600219094,07:10:19.094,bybit,ACE/USDT:USDT,0.5921,550.9,0.5919,533.6,0.5923,2.1,0.5925,10.3
1753600219194,07:10:19.194,bybit,ACE/USDT:USDT,0.5921,550.9,0.5919,533.6,0.5923,2.1,0.5925,10.3
1753600219495,07:10:19.495,bybit,ACE/USDT:USDT,0.5922,14.5,0.5921,561.2,0.5923,2.1,0.5927,268.9
1753600219595,07:10:19.595,bybit,ACE/USDT:USDT,0.5921,690.2,0.592,10.3,0.5923,3.1,0.5926,10.3
1753600219695,07:10:19.695,bybit,ACE/USDT:USDT,0.5921,679.9,0.592,10.3,0.5923,3.1,0.5926,10.3
1753600220196,07:10:20.196,bybit,ACE/USDT:USDT,0.5921,679.9,0.592,10.3,0.5923,3.1,0.5926,10.3
1753600220294,07:10:20.294,bybit,ACE/USDT:USDT,0.5921,679.9,0.592,10.3,0.5923,3.1,0.5926,10.3
1753600220694,07:10:20.694,bybit,ACE/USDT:USDT,0.5921,679.9,0.592,10.3,0.5923,3.1,0.5926,10.3
1753600220795,07:10:20.795,bybit,ACE/USDT:USDT,0.5921,679.9,0.592,10.3,0.5923,3.1,0.5926,10.3
1753600220894,07:10:20.894,bybit,ACE/USDT:USDT,0.5921,679.9,0.592,10.3,0.5923,3.1,0.5926,10.3
1753600220995,07:10:20.995,bybit,ACE/USDT:USDT,0.5921,679.9,0.592,10.3,0.5923,3.1,0.5926,10.3
1753600221296,07:10:21.296,bybit,ACE/USDT:USDT,0.5921,679.9,0.592,10.3,0.5923,3.1,0.5926,10.3
1753600221394,07:10:21.394,bybit,ACE/USDT:USDT,0.5921,679.9,0.592,10.3,0.5923,3.1,0.5926,10.3
1753600221494,07:10:21.494,bybit,ACE/USDT:USDT,0.5921,679.9,0.592,10.3,0.5923,3.1,0.5926,10.3
1753600221694,07:10:21.694,bybit,ACE/USDT:USDT,0.5921,679.9,0.592,10.3,0.5923,3.1,0.5926,10.3
1753600221794,07:10:21.794,bybit,ACE/USDT:USDT,0.5921,750.1,0.592,10.3,0.5923,3.1,0.5926,10.3
1753600221895,07:10:21.895,bybit,ACE/USDT:USDT,0.5921,750.1,0.592,10.3,0.5923,3.1,0.5926,10.3
1753600221994,07:10:21.994,bybit,ACE/USDT:USDT,0.5921,750.1,0.592,10.3,0.5923,3.1,0.5926,10.3
1753600222395,07:10:22.395,bybit,ACE/USDT:USDT,0.5921,750.1,0.592,10.3,0.5923,3.1,0.5926,10.3
1753600222894,07:10:22.894,bybit,ACE/USDT:USDT,0.5921,750.1,0.592,10.3,0.5923,3.1,0.5926,10.3
1753600222995,07:10:22.995,bybit,ACE/USDT:USDT,0.5921,750.1,0.592,10.3,0.5923,3.1,0.5926,10.3
1753600223394,07:10:23.394,bybit,ACE/USDT:USDT,0.5921,750.1,0.5919,533.6,0.5923,3.1,0.5925,10.3
1753600223594,07:10:23.594,bybit,ACE/USDT:USDT,0.5921,750.1,0.5919,533.6,0.5923,3.1,0.5925,10.3
1753600223697,07:10:23.697,bybit,ACE/USDT:USDT,0.5921,679.9,0.5919,533.6,0.5923,3.1,0.5924,10.3
1753600223795,07:10:23.795,bybit,ACE/USDT:USDT,0.5921,679.9,0.5919,533.6,0.5923,45.8,0.5924,10.3
1753600223994,07:10:23.994,bybit,ACE/USDT:USDT,0.5921,679.9,0.5919,533.6,0.5923,45.8,0.5924,10.3
1753600224094,07:10:24.094,bybit,ACE/USDT:USDT,0.5921,679.9,0.5919,533.6,0.5923,80.7,0.5924,10.3
1753600224294,07:10:24.294,bybit,ACE/USDT:USDT,0.5921,679.9,0.5919,533.6,0.5923,80.7,0.5924,10.3
1753600224496,07:10:24.496,bybit,ACE/USDT:USDT,0.5921,679.9,0.5919,533.6,0.5923,80.7,0.5924,10.3
1753600224595,07:10:24.595,bybit,ACE/USDT:USDT,0.5921,679.9,0.5919,533.6,0.5923,80.7,0.5924,10.3
1753600224794,07:10:24.794,bybit,ACE/USDT:USDT,0.5921,679.9,0.5919,533.6,0.5923,80.7,0.5925,10.3
1753600224994,07:10:24.994,bybit,ACE/USDT:USDT,0.5921,679.9,0.5919,533.6,0.5923,80.7,0.5925,10.3
1753600225094,07:10:25.094,bybit,ACE/USDT:USDT,0.5921,679.9,0.5919,533.6,0.5923,80.7,0.5925,10.3
1753600225194,07:10:25.194,bybit,ACE/USDT:USDT,0.5921,679.9,0.5919,533.6,0.5923,80.7,0.5925,10.3
1753600225494,07:10:25.494,bybit,ACE/USDT:USDT,0.5921,679.9,0.5919,533.6,0.5923,80.7,0.5925,10.3
1753600225594,07:10:25.594,bybit,ACE/USDT:USDT,0.5921,679.9,0.5919,533.6,0.5923,80.7,0.5925,10.3
1753600225694,07:10:25.694,bybit,ACE/USDT:USDT,0.5921,679.9,0.5919,533.6,0.5923,80.7,0.5925,10.3
1753600225894,07:10:25.894,bybit,ACE/USDT:USDT,0.5921,679.9,0.5919,533.6,0.5923,80.7,0.5925,10.3
1753600226196,07:10:26.196,bybit,ACE/USDT:USDT,0.5921,679.9,0.5919,533.6,0.5923,80.7,0.5925,10.3
1753600226294,07:10:26.294,bybit,ACE/USDT:USDT,0.5921,679.9,0.5919,533.6,0.5923,80.7,0.5925,10.3
1753600226394,07:10:26.394,bybit,ACE/USDT:USDT,0.5921,679.9,0.5919,533.6,0.5923,80.7,0.5925,10.3
1753600226694,07:10:26.694,bybit,ACE/USDT:USDT,0.5921,679.9,0.5919,533.6,0.5923,80.7,0.5925,10.3
1753600226794,07:10:26.794,bybit,ACE/USDT:USDT,0.5921,679.9,0.5919,533.6,0.5923,80.7,0.5925,10.3
1753600227295,07:10:27.295,bybit,ACE/USDT:USDT,0.5921,550.9,0.5919,265.8,0.5922,68.2,0.5923,48.3
1753600227495,07:10:27.495,bybit,ACE/USDT:USDT,0.5921,550.9,0.5917,25.5,0.5922,76.7,0.5923,48.3
1753600227694,07:10:27.694,bybit,ACE/USDT:USDT,0.5921,550.9,0.5917,25.5,0.5922,76.7,0.5923,48.3
1753600227796,07:10:27.796,bybit,ACE/USDT:USDT,0.5917,25.5,0.5915,269.8,0.5918,60.7,0.5919,10.3
1753600227895,07:10:27.895,bybit,ACE/USDT:USDT,0.5917,42.5,0.5915,269.8,0.5918,51.2,0.5919,10.3
1753600227994,07:10:27.994,bybit,ACE/USDT:USDT,0.5917,42.5,0.5915,269.8,0.5918,51.2,0.5919,10.3
1753600228094,07:10:28.094,bybit,ACE/USDT:USDT,0.5917,42.5,0.5915,269.8,0.5918,77.6,0.5919,10.3
1753600228295,07:10:28.295,bybit,ACE/USDT:USDT,0.5917,42.5,0.5915,269.8,0.5918,77.6,0.5919,10.3
1753600228395,07:10:28.395,bybit,ACE/USDT:USDT,0.5917,34.0,0.5915,269.8,0.5918,77.6,0.5919,10.3
1753600228495,07:10:28.495,bybit,ACE/USDT:USDT,0.5917,25.5,0.5915,269.8,0.5918,77.6,0.5919,10.3
1753600228695,07:10:28.695,bybit,ACE/USDT:USDT,0.5917,25.5,0.5915,269.8,0.5918,77.6,0.5919,10.3
1753600228995,07:10:28.995,bybit,ACE/USDT:USDT,0.5917,25.5,0.5915,269.8,0.5918,77.6,0.5919,10.3
1753600229094,07:10:29.094,bybit,ACE/USDT:USDT,0.5917,25.5,0.5915,269.8,0.5918,77.6,0.5919,10.3
1753600229394,07:10:29.394,bybit,ACE/USDT:USDT,0.5917,25.5,0.5915,269.8,0.5918,77.6,0.5919,10.3
1753600229494,07:10:29.494,bybit,ACE/USDT:USDT,0.5917,25.5,0.5915,269.8,0.5918,77.6,0.5919,10.3
1753600229594,07:10:29.594,bybit,ACE/USDT:USDT,0.5917,25.5,0.5915,269.8,0.5918,77.6,0.5919,10.3
1753600229695,07:10:29.695,bybit,ACE/USDT:USDT,0.5917,25.5,0.5915,269.8,0.5918,77.6,0.5919,10.3
1753600229794,07:10:29.794,bybit,ACE/USDT:USDT,0.5917,25.5,0.5915,269.8,0.5918,77.6,0.5919,10.3
1753600230494,07:10:30.494,bybit,ACE/USDT:USDT,0.5917,25.5,0.5915,269.8,0.5918,77.6,0.5919,10.3
1753600230594,07:10:30.594,bybit,ACE/USDT:USDT,0.5917,25.5,0.5915,269.8,0.5918,77.6,0.5919,10.3
1753600230694,07:10:30.694,bybit,ACE/USDT:USDT,0.5917,25.5,0.5915,269.8,0.5918,77.6,0.5919,10.3
1753600230795,07:10:30.795,bybit,ACE/USDT:USDT,0.5917,25.5,0.5915,269.8,0.5918,34.9,0.5919,10.3
1753600231094,07:10:31.094,bybit,ACE/USDT:USDT,0.5917,25.5,0.5915,280.1,0.5918,34.9,0.592,37.6
1753600231195,07:10:31.195,bybit,ACE/USDT:USDT,0.5917,25.5,0.5915,280.1,0.5918,34.9,0.592,37.6
1753600231594,07:10:31.594,bybit,ACE/USDT:USDT,0.5917,25.5,0.5915,269.8,0.5918,34.9,0.5919,10.3
1753600231794,07:10:31.794,bybit,ACE/USDT:USDT,0.5917,25.5,0.5915,269.8,0.5918,34.9,0.5919,10.3
1753600232094,07:10:32.094,bybit,ACE/USDT:USDT,0.5917,25.5,0.5915,269.8,0.5918,34.9,0.5919,10.3
1753600232197,07:10:32.197,bybit,ACE/USDT:USDT,0.5917,25.5,0.5915,269.8,0.5918,34.9,0.5919,10.3
1753600232294,07:10:32.294,bybit,ACE/USDT:USDT,0.5917,25.5,0.5915,269.8,0.5918,34.9,0.5919,10.3
1753600232494,07:10:32.494,bybit,ACE/USDT:USDT,0.5917,25.5,0.5915,269.8,0.5918,34.9,0.5919,10.3
1753600232995,07:10:32.995,bybit,ACE/USDT:USDT,0.5917,25.5,0.5915,269.8,0.5918,34.9,0.5919,10.3
1753600233195,07:10:33.195,bybit,ACE/USDT:USDT,0.5917,25.5,0.5915,269.8,0.5918,34.9,0.5919,10.3
1753600233294,07:10:33.294,bybit,ACE/USDT:USDT,0.5917,25.5,0.5915,269.8,0.5918,34.9,0.5919,10.3
1753600233594,07:10:33.594,bybit,ACE/USDT:USDT,0.5917,25.5,0.5915,269.8,0.5918,34.9,0.5919,10.3
1753600233694,07:10:33.694,bybit,ACE/USDT:USDT,0.5917,25.5,0.5915,269.8,0.5918,34.9,0.5919,10.3
1753600233794,07:10:33.794,bybit,ACE/USDT:USDT,0.5917,25.5,0.5915,269.8,0.5918,34.9,0.5919,10.3
1753600233894,07:10:33.894,bybit,ACE/USDT:USDT,0.5917,25.5,0.5915,269.8,0.5918,34.9,0.5919,10.3
1753600233994,07:10:33.994,bybit,ACE/USDT:USDT,0.5917,25.5,0.5915,269.8,0.5918,34.9,0.5919,10.3
1753600234094,07:10:34.094,bybit,ACE/USDT:USDT,0.5917,25.5,0.5915,269.8,0.5918,34.9,0.5919,10.3
1753600234295,07:10:34.295,bybit,ACE/USDT:USDT,0.5917,52.1,0.5915,269.8,0.5918,34.9,0.5919,10.3
1753600234395,07:10:34.395,bybit,ACE/USDT:USDT,0.5917,52.1,0.5915,269.8,0.5918,34.9,0.5919,10.3
1753600234594,07:10:34.594,bybit,ACE/USDT:USDT,0.5917,52.1,0.5915,269.8,0.5918,77.6,0.5919,10.3
1753600234697,07:10:34.697,bybit,ACE/USDT:USDT,0.5917,52.1,0.5915,269.8,0.5918,77.6,0.5919,10.3
1753600234794,07:10:34.794,bybit,ACE/USDT:USDT,0.5917,52.1,0.5915,269.8,0.5918,77.6,0.5919,10.3
1753600234894,07:10:34.894,bybit,ACE/USDT:USDT,0.5917,52.1,0.5915,269.8,0.5918,77.6,0.5919,10.3
1753600235395,07:10:35.395,bybit,ACE/USDT:USDT,0.5917,52.1,0.5915,269.8,0.5918,77.6,0.5919,10.3
1753600235495,07:10:35.495,bybit,ACE/USDT:USDT,0.5917,52.1,0.5915,269.8,0.5918,77.6,0.5919,10.3
1753600235695,07:10:35.695,bybit,ACE/USDT:USDT,0.5917,52.1,0.5915,269.8,0.5918,77.6,0.5919,10.3
1753600235894,07:10:35.894,bybit,ACE/USDT:USDT,0.5917,52.1,0.5915,269.8,0.5918,77.6,0.5919,10.3
1753600235994,07:10:35.994,bybit,ACE/USDT:USDT,0.5917,52.1,0.5915,269.8,0.5918,77.6,0.5919,10.3
1753600236994,07:10:36.994,bybit,ACE/USDT:USDT,0.5917,52.1,0.5915,269.8,0.5918,77.6,0.5919,10.3
1753600237094,07:10:37.094,bybit,ACE/USDT:USDT,0.5917,52.1,0.5915,269.8,0.5918,77.6,0.5919,10.3
1753600237195,07:10:37.195,bybit,ACE/USDT:USDT,0.5917,52.1,0.5915,269.8,0.5918,77.6,0.5919,10.3
1753600237493,07:10:37.493,bybit,ACE/USDT:USDT,0.5917,52.1,0.5915,269.8,0.5918,77.6,0.5919,10.3
1753600237696,07:10:37.696,bybit,ACE/USDT:USDT,0.5917,52.1,0.5915,269.8,0.5918,77.6,0.5919,10.3
1753600237995,07:10:37.995,bybit,ACE/USDT:USDT,0.5917,52.1,0.5915,269.8,0.5918,77.6,0.5919,10.3
1753600238199,07:10:38.199,bybit,ACE/USDT:USDT,0.5917,52.1,0.5915,269.8,0.5918,77.6,0.5919,10.3
1753600238595,07:10:38.595,bybit,ACE/USDT:USDT,0.5917,52.1,0.5915,269.8,0.5918,77.6,0.5919,10.3
1753600238696,07:10:38.696,bybit,ACE/USDT:USDT,0.5917,52.1,0.5915,269.8,0.5918,77.6,0.5919,10.3
1753600239095,07:10:39.095,bybit,ACE/USDT:USDT,0.5917,52.1,0.5915,269.8,0.5918,77.6,0.5919,10.3
1753600239194,07:10:39.194,bybit,ACE/USDT:USDT,0.5917,52.1,0.5915,269.8,0.5918,77.6,0.5919,10.3
1753600239394,07:10:39.394,bybit,ACE/USDT:USDT,0.5917,52.1,0.5915,269.8,0.5918,77.6,0.5919,10.3
1753600239495,07:10:39.495,bybit,ACE/USDT:USDT,0.5917,52.1,0.5915,269.8,0.5918,77.6,0.5919,10.3
1753600239596,07:10:39.596,bybit,ACE/USDT:USDT,0.5917,52.1,0.5915,269.8,0.5918,293.9,0.5919,10.3
1753600239696,07:10:39.696,bybit,ACE/USDT:USDT,0.5917,52.1,0.5915,269.8,0.5918,293.9,0.5919,10.3
1753600239794,07:10:39.794,bybit,ACE/USDT:USDT,0.5917,52.1,0.5915,269.8,0.5918,293.9,0.5919,10.3
1753600240194,07:10:40.194,bybit,ACE/USDT:USDT,0.5917,52.1,0.5915,269.8,0.5918,293.9,0.5919,10.3
1753600240294,07:10:40.294,bybit,ACE/USDT:USDT,0.5917,52.1,0.5915,269.8,0.5918,293.9,0.5919,10.3
1753600240694,07:10:40.694,bybit,ACE/USDT:USDT,0.5917,52.1,0.5915,269.8,0.5918,293.9,0.5919,10.3
1753600240796,07:10:40.796,bybit,ACE/USDT:USDT,0.5917,52.1,0.5915,269.8,0.5918,293.9,0.5919,10.3
1753600240995,07:10:40.995,bybit,ACE/USDT:USDT,0.5917,52.1,0.5915,269.8,0.5918,77.6,0.5919,10.3
1753600241396,07:10:41.396,bybit,ACE/USDT:USDT,0.5917,52.1,0.5915,269.8,0.5918,77.6,0.5919,10.3
1753600241494,07:10:41.494,bybit,ACE/USDT:USDT,0.5917,52.1,0.5915,269.8,0.5918,77.6,0.5919,10.3
1753600241695,07:10:41.695,bybit,ACE/USDT:USDT,0.5917,52.1,0.5915,269.8,0.5918,77.6,0.5919,10.3
1753600241794,07:10:41.794,bybit,ACE/USDT:USDT,0.5917,52.1,0.5915,269.8,0.5918,77.6,0.5919,10.3
1753600241894,07:10:41.894,bybit,ACE/USDT:USDT,0.5917,52.1,0.5915,269.8,0.5918,77.6,0.5919,10.3
1753600241995,07:10:41.995,bybit,ACE/USDT:USDT,0.5917,52.1,0.5915,269.8,0.5918,77.6,0.5919,10.3
1753600242394,07:10:42.394,bybit,ACE/USDT:USDT,0.5917,52.1,0.5915,269.8,0.5918,77.6,0.5919,10.3
1753600242495,07:10:42.495,bybit,ACE/USDT:USDT,0.5917,52.1,0.5915,269.8,0.5918,77.6,0.5919,10.3
1753600242595,07:10:42.595,bybit,ACE/USDT:USDT,0.5917,52.1,0.5915,269.8,0.5918,77.6,0.5919,10.3
1753600242695,07:10:42.695,bybit,ACE/USDT:USDT,0.5917,52.1,0.5915,269.8,0.5918,77.6,0.5919,10.3
1753600242994,07:10:42.994,bybit,ACE/USDT:USDT,0.5917,52.1,0.5915,269.8,0.5918,77.6,0.5919,10.3
1753600243295,07:10:43.295,bybit,ACE/USDT:USDT,0.5917,52.1,0.5915,269.8,0.5918,42.7,0.5919,10.3
1753600243495,07:10:43.495,bybit,ACE/USDT:USDT,0.5917,52.1,0.5915,269.8,0.5918,42.7,0.5919,10.3
1753600243694,07:10:43.694,bybit,ACE/USDT:USDT,0.5917,52.1,0.5915,269.8,0.5918,42.7,0.5919,10.3
1753600244094,07:10:44.094,bybit,ACE/USDT:USDT,0.5917,52.1,0.5915,269.8,0.5918,77.6,0.5919,10.3
1753600244199,07:10:44.199,bybit,ACE/USDT:USDT,0.5917,52.1,0.5915,269.8,0.5918,77.6,0.5919,10.3
1753600244294,07:10:44.294,bybit,ACE/USDT:USDT,0.5917,70.1,0.5916,10.3,0.5918,34.9,0.5921,549.9
1753600244394,07:10:44.394,bybit,ACE/USDT:USDT,0.5917,52.1,0.5916,10.3,0.5918,34.9,0.5921,539.6
1753600244495,07:10:44.495,bybit,ACE/USDT:USDT,0.5917,52.1,0.5916,10.3,0.5918,34.9,0.592,10.3
1753600244694,07:10:44.694,bybit,ACE/USDT:USDT,0.5917,52.1,0.5916,10.3,0.5918,34.9,0.592,10.3
1753600244894,07:10:44.894,bybit,ACE/USDT:USDT,0.5917,52.1,0.5916,10.3,0.5918,34.9,0.592,10.3
1753600244994,07:10:44.994,bybit,ACE/USDT:USDT,0.5917,52.1,0.5916,10.3,0.5918,34.9,0.592,10.3
1753600245096,07:10:45.096,bybit,ACE/USDT:USDT,0.5917,52.1,0.5916,10.3,0.592,10.3,0.5921,10.3
1753600245394,07:10:45.394,bybit,ACE/USDT:USDT,0.5917,52.1,0.5916,10.3,0.592,10.3,0.5921,10.3
1753600245495,07:10:45.495,bybit,ACE/USDT:USDT,0.5917,52.1,0.5916,10.3,0.592,10.3,0.5921,10.3
1753600245594,07:10:45.594,bybit,ACE/USDT:USDT,0.5917,52.1,0.5916,10.3,0.592,10.3,0.5921,10.3
1753600245707,07:10:45.707,bybit,ACE/USDT:USDT,0.5917,52.1,0.5916,10.3,0.592,10.3,0.5921,10.3
1753600245794,07:10:45.794,bybit,ACE/USDT:USDT,0.5917,52.1,0.5916,10.3,0.592,10.3,0.5921,10.3
1753600246094,07:10:46.094,bybit,ACE/USDT:USDT,0.5917,52.1,0.5916,10.3,0.592,45.2,0.5921,10.3
1753600246200,07:10:46.200,bybit,ACE/USDT:USDT,0.5917,52.1,0.5916,10.3,0.592,45.2,0.5921,10.3
1753600246295,07:10:46.295,bybit,ACE/USDT:USDT,0.5917,52.1,0.5916,10.3,0.592,45.2,0.5921,10.3
1753600246394,07:10:46.394,bybit,ACE/USDT:USDT,0.5917,52.1,0.5916,10.3,0.592,45.2,0.5921,10.3
1753600246794,07:10:46.794,bybit,ACE/USDT:USDT,0.5917,52.1,0.5916,10.3,0.592,45.2,0.5921,10.3
1753600246894,07:10:46.894,bybit,ACE/USDT:USDT,0.5917,52.1,0.5916,10.3,0.592,45.2,0.5921,10.3
1753600247095,07:10:47.095,bybit,ACE/USDT:USDT,0.5917,52.1,0.5916,10.3,0.592,45.2,0.5921,10.3
1753600248094,07:10:48.094,bybit,ACE/USDT:USDT,0.5918,1.0,0.5917,52.1,0.592,10.3,0.5921,10.3
1753600248394,07:10:48.394,bybit,ACE/USDT:USDT,0.5918,1.0,0.5917,52.1,0.592,10.3,0.5921,10.3
1753600248494,07:10:48.494,bybit,ACE/USDT:USDT,0.5918,1.0,0.5917,52.1,0.592,10.3,0.5921,10.3
1753600248594,07:10:48.594,bybit,ACE/USDT:USDT,0.5918,1.0,0.5917,52.1,0.592,10.3,0.5921,10.3
1753600248894,07:10:48.894,bybit,ACE/USDT:USDT,0.5918,1.0,0.5917,52.1,0.592,10.3,0.5921,10.3
1753600248994,07:10:48.994,bybit,ACE/USDT:USDT,0.5918,1.0,0.5917,52.1,0.592,10.3,0.5921,10.3
1753600249295,07:10:49.295,bybit,ACE/USDT:USDT,0.5918,1.0,0.5917,52.1,0.592,10.3,0.5921,10.3
1753600249394,07:10:49.394,bybit,ACE/USDT:USDT,0.5918,1.0,0.5917,52.1,0.592,10.3,0.5921,10.3
1753600249794,07:10:49.794,bybit,ACE/USDT:USDT,0.5918,1.0,0.5917,52.1,0.5919,44.4,0.592,10.3
1753600249994,07:10:49.994,bybit,ACE/USDT:USDT,0.5918,1.0,0.5917,52.1,0.5919,44.4,0.592,10.3
1753600250095,07:10:50.095,bybit,ACE/USDT:USDT,0.5918,1.0,0.5917,52.1,0.5919,44.4,0.592,10.3
1753600250697,07:10:50.697,bybit,ACE/USDT:USDT,0.5918,1.0,0.5917,52.1,0.5919,44.4,0.592,10.3
1753600250894,07:10:50.894,bybit,ACE/USDT:USDT,0.5918,1.0,0.5917,52.1,0.5919,44.4,0.592,10.3
1753600250995,07:10:50.995,bybit,ACE/USDT:USDT,0.5918,1.0,0.5917,52.1,0.5919,44.4,0.592,10.3
1753600251095,07:10:51.095,bybit,ACE/USDT:USDT,0.5918,1.0,0.5917,52.1,0.5919,79.3,0.592,10.3
1753600251195,07:10:51.195,bybit,ACE/USDT:USDT,0.5918,1.0,0.5917,52.1,0.5919,79.3,0.592,10.3
1753600252202,07:10:52.202,bybit,ACE/USDT:USDT,0.5918,1.0,0.5917,52.1,0.5919,79.3,0.592,10.3
1753600252294,07:10:52.294,bybit,ACE/USDT:USDT,0.5918,1.0,0.5917,52.1,0.5919,79.3,0.592,10.3
1753600252795,07:10:52.795,bybit,ACE/USDT:USDT,0.5918,1.0,0.5917,52.1,0.5919,79.3,0.592,10.3
1753600252894,07:10:52.894,bybit,ACE/USDT:USDT,0.5918,1.0,0.5917,52.1,0.5919,79.3,0.592,10.3
1753600253094,07:10:53.094,bybit,ACE/USDT:USDT,0.5918,1.0,0.5917,52.1,0.5919,44.4,0.592,10.3
1753600253294,07:10:53.294,bybit,ACE/USDT:USDT,0.5918,1.0,0.5917,52.1,0.5919,44.4,0.592,10.3
