timestamp,time,exchange,symbol,bid1_price,bid1_volume,bid2_price,bid2_volume,ask1_price,ask1_volume,ask2_price,ask2_volume
1753599993509,07:06:33.509,bitmex,AAVE/USDT:USDT,295.93,3000.0,295.92,3000.0,296.05,1000.0,296.29,3000.0
1753599993800,07:06:33.800,bitmex,AAVE/USDT:USDT,295.93,3000.0,295.92,3000.0,296.05,1000.0,296.29,3000.0
1753599993871,07:06:33.871,bitmex,AAVE/USDT:USDT,295.93,3000.0,295.92,3000.0,296.05,1000.0,296.29,3000.0
1753599993921,07:06:33.921,bitmex,AAVE/USDT:USDT,295.93,3000.0,295.92,3000.0,296.05,1000.0,296.29,3000.0
1753599993970,07:06:33.970,bitmex,AAVE/USDT:USDT,295.92,3000.0,295.91,3000.0,296.05,1000.0,296.29,3000.0
1753599994019,07:06:34.019,bitmex,AAVE/USDT:USDT,295.93,3000.0,295.92,3000.0,296.05,1000.0,296.29,3000.0
1753599994068,07:06:34.068,bitmex,AAVE/USDT:USDT,295.93,3000.0,295.92,3000.0,296.05,1000.0,296.29,3000.0
1753599994153,07:06:34.153,bitmex,AAVE/USDT:USDT,295.93,3000.0,295.92,3000.0,296.05,1000.0,296.29,6000.0
1753599994238,07:06:34.238,bitmex,AAVE/USDT:USDT,295.93,3000.0,295.92,3000.0,296.05,1000.0,296.29,3000.0
1753599994384,07:06:34.384,bitmex,AAVE/USDT:USDT,295.93,3000.0,295.92,3000.0,296.05,1000.0,296.29,3000.0
1753599994474,07:06:34.474,bitmex,AAVE/USDT:USDT,295.93,3000.0,295.92,3000.0,296.05,1000.0,296.29,3000.0
1753599995656,07:06:35.656,bitmex,AAVE/USDT:USDT,295.93,3000.0,295.92,3000.0,296.05,1000.0,296.29,3000.0
1753599995705,07:06:35.705,bitmex,AAVE/USDT:USDT,295.93,3000.0,295.92,3000.0,296.05,1000.0,296.29,3000.0
1753599995881,07:06:35.881,bitmex,AAVE/USDT:USDT,295.93,3000.0,295.92,3000.0,296.05,1000.0,296.29,6000.0
1753599995931,07:06:35.931,bitmex,AAVE/USDT:USDT,295.93,3000.0,295.92,3000.0,296.05,1000.0,296.27,3000.0
1753599995980,07:06:35.980,bitmex,AAVE/USDT:USDT,295.92,3000.0,295.91,3000.0,296.05,1000.0,296.26,3000.0
1753599996029,07:06:36.029,bitmex,AAVE/USDT:USDT,295.92,3000.0,295.91,3000.0,296.05,1000.0,296.27,6000.0
1753599996762,07:06:36.762,bitmex,AAVE/USDT:USDT,295.92,3000.0,295.91,3000.0,296.05,1000.0,296.27,6000.0
1753599996812,07:06:36.812,bitmex,AAVE/USDT:USDT,295.92,3000.0,295.91,3000.0,296.05,1000.0,296.27,6000.0
1753599996863,07:06:36.863,bitmex,AAVE/USDT:USDT,295.92,3000.0,295.91,3000.0,296.05,1000.0,296.27,3000.0
1753599996944,07:06:36.944,bitmex,AAVE/USDT:USDT,295.92,3000.0,295.91,3000.0,296.05,1000.0,296.27,3000.0
1753599996994,07:06:36.994,bitmex,AAVE/USDT:USDT,295.91,3000.0,295.9,3000.0,296.05,1000.0,296.27,3000.0
1753599997050,07:06:37.050,bitmex,AAVE/USDT:USDT,295.92,3000.0,295.91,3000.0,296.05,1000.0,296.27,3000.0
1753599997099,07:06:37.099,bitmex,AAVE/USDT:USDT,295.92,3000.0,295.91,3000.0,296.05,1000.0,296.27,3000.0
1753599997148,07:06:37.148,bitmex,AAVE/USDT:USDT,295.91,3000.0,295.9,3000.0,296.05,1000.0,296.27,3000.0
1753599997212,07:06:37.212,bitmex,AAVE/USDT:USDT,295.91,3000.0,295.9,3000.0,296.05,1000.0,296.27,3000.0
1753599997261,07:06:37.261,bitmex,AAVE/USDT:USDT,295.93,3000.0,295.92,3000.0,296.05,1000.0,296.27,3000.0
1753599997310,07:06:37.310,bitmex,AAVE/USDT:USDT,295.94,3000.0,295.93,3000.0,296.05,1000.0,296.27,3000.0
1753599997359,07:06:37.359,bitmex,AAVE/USDT:USDT,295.93,3000.0,295.92,3000.0,296.05,1000.0,296.27,3000.0
1753599997408,07:06:37.408,bitmex,AAVE/USDT:USDT,295.94,3000.0,295.93,3000.0,296.05,1000.0,296.27,3000.0
1753599997457,07:06:37.457,bitmex,AAVE/USDT:USDT,295.94,3000.0,295.93,3000.0,296.05,1000.0,296.29,3000.0
1753599997577,07:06:37.577,bitmex,AAVE/USDT:USDT,295.94,3000.0,295.93,3000.0,296.05,1000.0,296.29,6000.0
1753599997627,07:06:37.627,bitmex,AAVE/USDT:USDT,295.94,3000.0,295.93,3000.0,296.05,1000.0,296.29,3000.0
1753599997677,07:06:37.677,bitmex,AAVE/USDT:USDT,295.93,3000.0,295.92,3000.0,296.05,1000.0,296.29,3000.0
1753599997736,07:06:37.736,bitmex,AAVE/USDT:USDT,295.93,3000.0,295.92,3000.0,296.05,1000.0,296.29,3000.0
1753599997786,07:06:37.786,bitmex,AAVE/USDT:USDT,295.94,3000.0,295.93,3000.0,296.05,1000.0,296.29,3000.0
1753599997897,07:06:37.897,bitmex,AAVE/USDT:USDT,295.93,3000.0,295.92,3000.0,296.05,1000.0,296.29,3000.0
1753599997946,07:06:37.946,bitmex,AAVE/USDT:USDT,295.93,3000.0,295.92,3000.0,296.05,1000.0,296.29,3000.0
1753599998014,07:06:38.014,bitmex,AAVE/USDT:USDT,295.93,3000.0,295.92,3000.0,296.05,1000.0,296.29,3000.0
1753599998064,07:06:38.064,bitmex,AAVE/USDT:USDT,295.94,3000.0,295.93,3000.0,296.05,1000.0,296.29,3000.0
1753599998113,07:06:38.113,bitmex,AAVE/USDT:USDT,295.94,3000.0,295.93,3000.0,296.05,1000.0,296.29,3000.0
1753599998162,07:06:38.162,bitmex,AAVE/USDT:USDT,295.93,3000.0,295.92,3000.0,296.05,1000.0,296.29,3000.0
1753599998211,07:06:38.211,bitmex,AAVE/USDT:USDT,295.94,3000.0,295.93,3000.0,296.05,1000.0,296.29,3000.0
1753599998260,07:06:38.260,bitmex,AAVE/USDT:USDT,295.94,3000.0,295.93,3000.0,296.05,1000.0,296.29,3000.0
1753599998310,07:06:38.310,bitmex,AAVE/USDT:USDT,295.94,3000.0,295.93,3000.0,296.05,1000.0,296.29,3000.0
1753599998786,07:06:38.786,bitmex,AAVE/USDT:USDT,295.94,3000.0,295.93,3000.0,296.05,1000.0,296.29,3000.0
1753599998836,07:06:38.836,bitmex,AAVE/USDT:USDT,295.94,3000.0,295.93,3000.0,296.05,1000.0,296.29,6000.0
1753599998950,07:06:38.950,bitmex,AAVE/USDT:USDT,295.94,3000.0,295.93,3000.0,296.05,1000.0,296.29,3000.0
1753599998999,07:06:38.999,bitmex,AAVE/USDT:USDT,295.94,3000.0,295.93,3000.0,296.05,1000.0,296.29,6000.0
1753599999185,07:06:39.185,bitmex,AAVE/USDT:USDT,295.94,3000.0,295.93,3000.0,296.05,1000.0,296.29,6000.0
1753599999284,07:06:39.284,bitmex,AAVE/USDT:USDT,295.94,3000.0,295.93,3000.0,296.05,1000.0,296.29,6000.0
1753599999402,07:06:39.402,bitmex,AAVE/USDT:USDT,295.94,3000.0,295.93,3000.0,296.05,1000.0,296.29,3000.0
1753599999452,07:06:39.452,bitmex,AAVE/USDT:USDT,295.94,3000.0,295.93,3000.0,296.05,1000.0,296.29,3000.0
1753600000343,07:06:40.343,bitmex,AAVE/USDT:USDT,295.94,3000.0,295.93,3000.0,296.05,1000.0,296.29,3000.0
1753600000393,07:06:40.393,bitmex,AAVE/USDT:USDT,295.94,3000.0,295.93,3000.0,296.05,1000.0,296.29,3000.0
1753600000448,07:06:40.448,bitmex,AAVE/USDT:USDT,295.94,3000.0,295.93,3000.0,296.05,1000.0,296.29,3000.0
1753600000518,07:06:40.518,bitmex,AAVE/USDT:USDT,295.96,3000.0,295.95,3000.0,296.05,1000.0,296.34,3000.0
1753600000570,07:06:40.570,bitmex,AAVE/USDT:USDT,295.96,3000.0,295.95,3000.0,296.05,1000.0,296.38,6000.0
1753600000623,07:06:40.623,bitmex,AAVE/USDT:USDT,296.01,3000.0,296.0,3000.0,296.05,1000.0,296.38,6000.0
1753600000722,07:06:40.722,bitmex,AAVE/USDT:USDT,296.01,3000.0,296.0,3000.0,296.05,1000.0,296.38,6000.0
1753600000884,07:06:40.884,bitmex,AAVE/USDT:USDT,296.02,3000.0,296.01,3000.0,296.05,1000.0,296.38,6000.0
1753600000934,07:06:40.934,bitmex,AAVE/USDT:USDT,296.01,3000.0,296.0,3000.0,296.05,1000.0,296.38,6000.0
1753600001064,07:06:41.064,bitmex,AAVE/USDT:USDT,296.02,3000.0,296.01,3000.0,296.05,1000.0,296.38,6000.0
1753600001113,07:06:41.113,bitmex,AAVE/USDT:USDT,296.01,3000.0,296.0,3000.0,296.05,1000.0,296.38,6000.0
1753600001162,07:06:41.162,bitmex,AAVE/USDT:USDT,296.01,3000.0,296.0,3000.0,296.05,1000.0,296.38,6000.0
1753600001278,07:06:41.278,bitmex,AAVE/USDT:USDT,296.01,3000.0,296.0,3000.0,296.05,1000.0,296.37,3000.0
1753600001332,07:06:41.332,bitmex,AAVE/USDT:USDT,296.01,3000.0,296.0,3000.0,296.05,1000.0,296.36,3000.0
1753600001381,07:06:41.381,bitmex,AAVE/USDT:USDT,296.02,3000.0,296.01,3000.0,296.05,1000.0,296.36,3000.0
1753600001452,07:06:41.452,bitmex,AAVE/USDT:USDT,296.02,3000.0,296.01,3000.0,296.05,1000.0,296.37,3000.0
1753600001502,07:06:41.502,bitmex,AAVE/USDT:USDT,296.01,3000.0,296.0,3000.0,296.05,1000.0,296.37,3000.0
1753600001558,07:06:41.558,bitmex,AAVE/USDT:USDT,296.01,3000.0,296.0,3000.0,296.05,1000.0,296.36,3000.0
1753600001607,07:06:41.607,bitmex,AAVE/USDT:USDT,296.01,3000.0,296.0,3000.0,296.05,1000.0,296.36,3000.0
1753600001656,07:06:41.656,bitmex,AAVE/USDT:USDT,296.01,3000.0,296.0,3000.0,296.05,1000.0,296.36,3000.0
1753600001824,07:06:41.824,bitmex,AAVE/USDT:USDT,296.02,3000.0,296.01,3000.0,296.05,1000.0,296.36,3000.0
1753600001874,07:06:41.874,bitmex,AAVE/USDT:USDT,296.01,3000.0,296.0,3000.0,296.05,1000.0,296.34,3000.0
1753600001923,07:06:41.923,bitmex,AAVE/USDT:USDT,296.0,3000.0,295.99,3000.0,296.05,1000.0,296.34,3000.0
1753600002023,07:06:42.023,bitmex,AAVE/USDT:USDT,296.0,3000.0,295.99,3000.0,296.05,1000.0,296.33,3000.0
1753600002072,07:06:42.072,bitmex,AAVE/USDT:USDT,296.0,3000.0,295.99,3000.0,296.05,1000.0,296.33,3000.0
1753600002268,07:06:42.268,bitmex,AAVE/USDT:USDT,296.01,3000.0,296.0,3000.0,296.05,1000.0,296.33,3000.0
1753600002317,07:06:42.317,bitmex,AAVE/USDT:USDT,295.98,3000.0,295.97,3000.0,296.05,1000.0,296.33,3000.0
1753600002366,07:06:42.366,bitmex,AAVE/USDT:USDT,295.99,3000.0,295.98,3000.0,296.05,1000.0,296.33,3000.0
1753600002415,07:06:42.415,bitmex,AAVE/USDT:USDT,295.99,3000.0,295.98,3000.0,296.05,1000.0,296.33,3000.0
1753600002665,07:06:42.665,bitmex,AAVE/USDT:USDT,295.99,3000.0,295.98,3000.0,296.05,1000.0,296.33,3000.0
1753600002714,07:06:42.714,bitmex,AAVE/USDT:USDT,295.99,3000.0,295.98,3000.0,296.05,1000.0,296.33,3000.0
1753600002763,07:06:42.763,bitmex,AAVE/USDT:USDT,295.99,3000.0,295.98,3000.0,296.05,1000.0,296.33,3000.0
1753600002812,07:06:42.812,bitmex,AAVE/USDT:USDT,295.99,3000.0,295.98,3000.0,296.05,1000.0,296.33,3000.0
1753600002861,07:06:42.861,bitmex,AAVE/USDT:USDT,295.99,3000.0,295.98,3000.0,296.05,1000.0,296.33,3000.0
1753600003046,07:06:43.046,bitmex,AAVE/USDT:USDT,295.99,3000.0,295.98,3000.0,296.05,1000.0,296.33,3000.0
1753600003096,07:06:43.096,bitmex,AAVE/USDT:USDT,295.99,3000.0,295.98,3000.0,296.05,1000.0,296.35,3000.0
1753600003276,07:06:43.276,bitmex,AAVE/USDT:USDT,296.0,3000.0,295.99,3000.0,296.05,1000.0,296.35,3000.0
1753600003326,07:06:43.326,bitmex,AAVE/USDT:USDT,296.02,3000.0,296.01,3000.0,296.05,1000.0,296.35,3000.0
1753600003375,07:06:43.375,bitmex,AAVE/USDT:USDT,296.02,3000.0,296.01,3000.0,296.05,1000.0,296.35,3000.0
1753600003453,07:06:43.453,bitmex,AAVE/USDT:USDT,296.01,3000.0,296.0,3000.0,296.05,1000.0,296.35,3000.0
1753600003502,07:06:43.502,bitmex,AAVE/USDT:USDT,296.02,3000.0,296.01,3000.0,296.05,1000.0,296.35,3000.0
1753600003551,07:06:43.551,bitmex,AAVE/USDT:USDT,296.02,3000.0,296.01,3000.0,296.05,1000.0,296.35,3000.0
1753600003902,07:06:43.902,bitmex,AAVE/USDT:USDT,296.01,3000.0,296.0,3000.0,296.05,1000.0,296.35,3000.0
1753600003952,07:06:43.952,bitmex,AAVE/USDT:USDT,296.01,3000.0,296.0,3000.0,296.05,1000.0,296.35,3000.0
1753600004001,07:06:44.001,bitmex,AAVE/USDT:USDT,296.01,3000.0,296.0,3000.0,296.05,1000.0,296.35,6000.0
1753600004050,07:06:44.050,bitmex,AAVE/USDT:USDT,296.0,3000.0,295.99,3000.0,296.05,1000.0,296.35,6000.0
1753600004099,07:06:44.099,bitmex,AAVE/USDT:USDT,296.01,3000.0,296.0,3000.0,296.05,1000.0,296.35,6000.0
1753600004260,07:06:44.260,bitmex,AAVE/USDT:USDT,296.01,3000.0,296.0,3000.0,296.05,1000.0,296.35,6000.0
1753600004310,07:06:44.310,bitmex,AAVE/USDT:USDT,296.01,3000.0,296.0,3000.0,296.05,1000.0,296.35,6000.0
1753600004359,07:06:44.359,bitmex,AAVE/USDT:USDT,296.01,3000.0,296.0,3000.0,296.05,1000.0,296.35,6000.0
1753600004408,07:06:44.408,bitmex,AAVE/USDT:USDT,296.01,3000.0,296.0,3000.0,296.05,1000.0,296.35,6000.0
1753600004457,07:06:44.457,bitmex,AAVE/USDT:USDT,296.02,3000.0,296.01,3000.0,296.05,1000.0,296.35,3000.0
1753600004506,07:06:44.506,bitmex,AAVE/USDT:USDT,296.02,3000.0,296.01,3000.0,296.05,1000.0,296.35,3000.0
1753600005115,07:06:45.115,bitmex,AAVE/USDT:USDT,296.02,3000.0,296.01,3000.0,296.05,1000.0,296.35,3000.0
1753600005164,07:06:45.164,bitmex,AAVE/USDT:USDT,296.02,3000.0,296.01,3000.0,296.05,1000.0,296.35,3000.0
1753600005213,07:06:45.213,bitmex,AAVE/USDT:USDT,296.02,3000.0,296.01,3000.0,296.05,1000.0,296.35,3000.0
1753600005625,07:06:45.625,bitmex,AAVE/USDT:USDT,296.01,3000.0,296.0,3000.0,296.05,1000.0,296.35,3000.0
1753600005674,07:06:45.674,bitmex,AAVE/USDT:USDT,296.0,3000.0,295.99,3000.0,296.05,1000.0,296.34,3000.0
1753600005821,07:06:45.821,bitmex,AAVE/USDT:USDT,296.01,3000.0,296.0,3000.0,296.05,1000.0,296.34,3000.0
1753600005871,07:06:45.871,bitmex,AAVE/USDT:USDT,296.0,3000.0,295.99,3000.0,296.05,1000.0,296.33,6000.0
1753600006154,07:06:46.154,bitmex,AAVE/USDT:USDT,296.0,3000.0,295.99,3000.0,296.05,1000.0,296.33,6000.0
1753600006204,07:06:46.204,bitmex,AAVE/USDT:USDT,296.0,3000.0,295.99,3000.0,296.05,1000.0,296.33,6000.0
1753600006281,07:06:46.281,bitmex,AAVE/USDT:USDT,295.99,3000.0,295.98,3000.0,296.05,1000.0,296.33,6000.0
1753600006331,07:06:46.331,bitmex,AAVE/USDT:USDT,295.99,3000.0,295.98,3000.0,296.05,1000.0,296.32,3000.0
1753600006922,07:06:46.922,bitmex,AAVE/USDT:USDT,295.98,3000.0,295.97,3000.0,296.05,1000.0,296.32,3000.0
1753600006972,07:06:46.972,bitmex,AAVE/USDT:USDT,295.95,3000.0,295.94,3000.0,296.05,1000.0,296.3,3000.0
1753600007021,07:06:47.021,bitmex,AAVE/USDT:USDT,295.94,3000.0,295.93,3000.0,296.05,1000.0,296.3,3000.0
1753600007071,07:06:47.071,bitmex,AAVE/USDT:USDT,295.93,3000.0,295.92,3000.0,296.05,1000.0,296.28,3000.0
1753600007153,07:06:47.153,bitmex,AAVE/USDT:USDT,295.94,3000.0,295.93,3000.0,296.05,1000.0,296.28,3000.0
1753600007261,07:06:47.261,bitmex,AAVE/USDT:USDT,295.93,3000.0,295.92,3000.0,296.05,1000.0,296.28,3000.0
1753600007310,07:06:47.310,bitmex,AAVE/USDT:USDT,295.93,3000.0,295.92,3000.0,296.05,1000.0,296.27,6000.0
1753600007373,07:06:47.373,bitmex,AAVE/USDT:USDT,295.92,3000.0,295.91,3000.0,296.05,1000.0,296.27,6000.0
1753600007422,07:06:47.422,bitmex,AAVE/USDT:USDT,295.92,3000.0,295.91,3000.0,296.05,1000.0,296.27,6000.0
1753600007471,07:06:47.471,bitmex,AAVE/USDT:USDT,295.92,3000.0,295.91,3000.0,296.05,1000.0,296.27,6000.0
1753600007520,07:06:47.520,bitmex,AAVE/USDT:USDT,295.92,3000.0,295.91,3000.0,296.05,1000.0,296.26,3000.0
1753600007830,07:06:47.830,bitmex,AAVE/USDT:USDT,295.92,3000.0,295.91,3000.0,296.05,1000.0,296.27,6000.0
1753600007880,07:06:47.880,bitmex,AAVE/USDT:USDT,295.92,3000.0,295.91,3000.0,296.05,1000.0,296.27,3000.0
1753600007929,07:06:47.929,bitmex,AAVE/USDT:USDT,295.92,3000.0,295.91,3000.0,296.05,1000.0,296.27,3000.0
1753600008013,07:06:48.013,bitmex,AAVE/USDT:USDT,295.94,3000.0,295.91,3000.0,296.05,1000.0,296.27,3000.0
1753600008063,07:06:48.063,bitmex,AAVE/USDT:USDT,295.96,3000.0,295.95,3000.0,296.05,1000.0,296.27,3000.0
1753600008169,07:06:48.169,bitmex,AAVE/USDT:USDT,295.95,3000.0,295.94,3000.0,296.05,1000.0,296.27,3000.0
1753600008368,07:06:48.368,bitmex,AAVE/USDT:USDT,295.95,3000.0,295.94,3000.0,296.05,1000.0,296.27,3000.0
1753600008473,07:06:48.473,bitmex,AAVE/USDT:USDT,295.95,3000.0,295.94,3000.0,296.05,1000.0,296.27,3000.0
1753600008522,07:06:48.522,bitmex,AAVE/USDT:USDT,295.95,3000.0,295.94,3000.0,296.05,1000.0,296.27,3000.0
1753600008847,07:06:48.847,bitmex,AAVE/USDT:USDT,295.95,3000.0,295.94,3000.0,296.05,1000.0,296.27,3000.0
1753600008906,07:06:48.906,bitmex,AAVE/USDT:USDT,295.95,3000.0,295.94,3000.0,296.05,1000.0,296.27,3000.0
1753600008955,07:06:48.955,bitmex,AAVE/USDT:USDT,295.94,3000.0,295.93,3000.0,296.05,1000.0,296.27,3000.0
1753600009004,07:06:49.004,bitmex,AAVE/USDT:USDT,295.95,3000.0,295.94,3000.0,296.05,1000.0,296.27,3000.0
1753600009053,07:06:49.053,bitmex,AAVE/USDT:USDT,295.94,3000.0,295.93,3000.0,296.05,1000.0,296.27,3000.0
1753600009102,07:06:49.102,bitmex,AAVE/USDT:USDT,295.95,3000.0,295.94,3000.0,296.05,1000.0,296.27,3000.0
1753600009151,07:06:49.151,bitmex,AAVE/USDT:USDT,295.95,3000.0,295.94,3000.0,296.05,1000.0,296.27,3000.0
1753600009200,07:06:49.200,bitmex,AAVE/USDT:USDT,295.94,3000.0,295.93,3000.0,296.05,1000.0,296.27,3000.0
1753600009249,07:06:49.249,bitmex,AAVE/USDT:USDT,295.95,3000.0,295.94,3000.0,296.05,1000.0,296.27,3000.0
1753600009349,07:06:49.349,bitmex,AAVE/USDT:USDT,295.95,3000.0,295.94,3000.0,296.05,1000.0,296.27,3000.0
1753600009399,07:06:49.399,bitmex,AAVE/USDT:USDT,295.95,3000.0,295.94,3000.0,296.05,1000.0,296.27,3000.0
1753600009448,07:06:49.448,bitmex,AAVE/USDT:USDT,295.97,3000.0,295.96,3000.0,296.05,1000.0,296.27,3000.0
1753600009497,07:06:49.497,bitmex,AAVE/USDT:USDT,295.98,3000.0,295.97,3000.0,296.05,1000.0,296.27,3000.0
1753600009546,07:06:49.546,bitmex,AAVE/USDT:USDT,295.98,3000.0,295.97,3000.0,296.05,1000.0,296.27,3000.0
1753600009728,07:06:49.728,bitmex,AAVE/USDT:USDT,295.98,3000.0,295.97,3000.0,296.05,1000.0,296.27,3000.0
1753600009784,07:06:49.784,bitmex,AAVE/USDT:USDT,295.98,3000.0,295.97,3000.0,296.05,1000.0,296.27,3000.0
1753600009833,07:06:49.833,bitmex,AAVE/USDT:USDT,295.98,3000.0,295.97,3000.0,296.05,1000.0,296.27,3000.0
1753600009903,07:06:49.903,bitmex,AAVE/USDT:USDT,295.98,3000.0,295.97,3000.0,296.05,1000.0,296.27,3000.0
1753600009955,07:06:49.955,bitmex,AAVE/USDT:USDT,295.98,3000.0,295.97,3000.0,296.05,1000.0,296.27,3000.0
1753600010004,07:06:50.004,bitmex,AAVE/USDT:USDT,295.98,3000.0,295.97,3000.0,296.05,1000.0,296.27,3000.0
1753600010294,07:06:50.294,bitmex,AAVE/USDT:USDT,295.98,3000.0,295.97,3000.0,296.05,1000.0,296.27,3000.0
1753600010663,07:06:50.663,bitmex,AAVE/USDT:USDT,295.97,3000.0,295.96,3000.0,296.05,1000.0,296.27,3000.0
1753600010885,07:06:50.885,bitmex,AAVE/USDT:USDT,295.97,3000.0,295.96,3000.0,296.05,1000.0,296.27,3000.0
1753600010935,07:06:50.935,bitmex,AAVE/USDT:USDT,295.98,3000.0,295.97,3000.0,296.05,1000.0,296.27,3000.0
1753600011161,07:06:51.161,bitmex,AAVE/USDT:USDT,295.97,3000.0,295.96,3000.0,296.05,1000.0,296.29,3000.0
1753600011210,07:06:51.210,bitmex,AAVE/USDT:USDT,295.96,3000.0,295.95,3000.0,296.05,1000.0,296.29,3000.0
1753600012015,07:06:52.015,bitmex,AAVE/USDT:USDT,295.96,3000.0,295.95,3000.0,296.05,1000.0,296.29,3000.0
1753600012064,07:06:52.064,bitmex,AAVE/USDT:USDT,295.96,3000.0,295.95,3000.0,296.05,1000.0,296.29,3000.0
1753600012113,07:06:52.113,bitmex,AAVE/USDT:USDT,295.96,3000.0,295.95,3000.0,296.05,1000.0,296.29,3000.0
1753600012162,07:06:52.162,bitmex,AAVE/USDT:USDT,295.96,3000.0,295.95,3000.0,296.05,1000.0,296.29,3000.0
1753600012592,07:06:52.592,bitmex,AAVE/USDT:USDT,295.97,3000.0,295.95,3000.0,296.05,1000.0,296.29,3000.0
1753600012642,07:06:52.642,bitmex,AAVE/USDT:USDT,295.98,3000.0,295.97,3000.0,296.05,1000.0,296.29,3000.0
1753600012691,07:06:52.691,bitmex,AAVE/USDT:USDT,295.98,3000.0,295.97,3000.0,296.05,1000.0,296.29,3000.0
1753600012771,07:06:52.771,bitmex,AAVE/USDT:USDT,295.98,3000.0,295.97,3000.0,296.05,1000.0,296.29,3000.0
1753600012915,07:06:52.915,bitmex,AAVE/USDT:USDT,295.98,3000.0,295.97,3000.0,296.05,1000.0,296.29,3000.0
1753600013212,07:06:53.212,bitmex,AAVE/USDT:USDT,295.98,3000.0,295.97,3000.0,296.05,1000.0,296.31,3000.0
1753600013261,07:06:53.261,bitmex,AAVE/USDT:USDT,296.05,3000.0,296.04,3000.0,296.42,6000.0,296.43,3000.0
1753600013310,07:06:53.310,bitmex,AAVE/USDT:USDT,296.07,3000.0,296.06,3000.0,296.4,6000.0,296.41,3000.0
1753600013359,07:06:53.359,bitmex,AAVE/USDT:USDT,296.06,3000.0,295.96,114000.0,296.4,3000.0,296.44,3000.0
1753600013359,07:06:53.359,bitmex,AAVE/USDT:USDT,296.06,3000.0,296.05,3000.0,296.38,3000.0,296.39,3000.0
1753600013408,07:06:53.408,bitmex,AAVE/USDT:USDT,296.04,3000.0,296.03,3000.0,296.37,3000.0,296.39,6000.0
1753600013521,07:06:53.521,bitmex,AAVE/USDT:USDT,296.04,3000.0,296.03,3000.0,296.37,3000.0,296.38,3000.0
1753600013571,07:06:53.571,bitmex,AAVE/USDT:USDT,296.05,3000.0,296.04,3000.0,296.37,3000.0,296.38,3000.0
1753600013716,07:06:53.716,bitmex,AAVE/USDT:USDT,296.04,3000.0,296.03,3000.0,296.37,3000.0,296.38,3000.0
1753600013887,07:06:53.887,bitmex,AAVE/USDT:USDT,296.04,3000.0,296.03,3000.0,296.37,3000.0,296.38,3000.0
1753600013937,07:06:53.937,bitmex,AAVE/USDT:USDT,296.04,3000.0,296.03,3000.0,296.37,3000.0,296.38,3000.0
1753600014307,07:06:54.307,bitmex,AAVE/USDT:USDT,296.05,3000.0,296.04,3000.0,296.37,3000.0,296.38,3000.0
1753600014357,07:06:54.357,bitmex,AAVE/USDT:USDT,296.06,3000.0,296.05,3000.0,296.37,6000.0,296.38,3000.0
1753600014406,07:06:54.406,bitmex,AAVE/USDT:USDT,296.05,3000.0,296.04,3000.0,296.39,3000.0,296.4,3000.0
1753600014671,07:06:54.671,bitmex,AAVE/USDT:USDT,296.05,3000.0,296.04,3000.0,296.39,3000.0,296.41,3000.0
1753600014720,07:06:54.720,bitmex,AAVE/USDT:USDT,296.06,3000.0,296.05,3000.0,296.39,3000.0,296.4,3000.0
1753600014858,07:06:54.858,bitmex,AAVE/USDT:USDT,296.06,3000.0,296.05,3000.0,296.39,6000.0,296.4,3000.0
1753600015183,07:06:55.183,bitmex,AAVE/USDT:USDT,296.06,3000.0,296.05,3000.0,296.39,3000.0,296.4,3000.0
1753600015233,07:06:55.233,bitmex,AAVE/USDT:USDT,296.06,3000.0,296.05,3000.0,296.39,3000.0,296.4,3000.0
1753600015282,07:06:55.282,bitmex,AAVE/USDT:USDT,296.06,3000.0,296.05,3000.0,296.39,6000.0,296.4,3000.0
1753600015331,07:06:55.331,bitmex,AAVE/USDT:USDT,296.06,3000.0,296.05,3000.0,296.39,3000.0,296.4,3000.0
1753600015405,07:06:55.405,bitmex,AAVE/USDT:USDT,296.06,3000.0,296.05,3000.0,296.39,6000.0,296.4,3000.0
1753600015506,07:06:55.506,bitmex,AAVE/USDT:USDT,296.05,3000.0,296.04,3000.0,296.37,3000.0,296.38,3000.0
1753600015556,07:06:55.556,bitmex,AAVE/USDT:USDT,296.03,3000.0,296.02,3000.0,296.37,3000.0,296.38,3000.0
1753600015609,07:06:55.609,bitmex,AAVE/USDT:USDT,296.02,3000.0,296.01,3000.0,296.37,3000.0,296.38,3000.0
1753600015660,07:06:55.660,bitmex,AAVE/USDT:USDT,296.02,3000.0,296.01,3000.0,296.37,3000.0,296.38,3000.0
1753600015709,07:06:55.709,bitmex,AAVE/USDT:USDT,296.02,3000.0,296.01,3000.0,296.35,3000.0,296.36,3000.0
1753600015896,07:06:55.896,bitmex,AAVE/USDT:USDT,296.03,3000.0,296.02,3000.0,296.35,3000.0,296.36,3000.0
1753600016443,07:06:56.443,bitmex,AAVE/USDT:USDT,296.03,3000.0,296.02,3000.0,296.35,3000.0,296.36,3000.0
1753600016493,07:06:56.493,bitmex,AAVE/USDT:USDT,296.03,3000.0,296.02,3000.0,296.35,3000.0,296.36,3000.0
1753600016542,07:06:56.542,bitmex,AAVE/USDT:USDT,296.03,3000.0,296.02,3000.0,296.35,6000.0,296.36,3000.0
1753600016595,07:06:56.595,bitmex,AAVE/USDT:USDT,296.02,3000.0,296.01,3000.0,296.35,6000.0,296.36,3000.0
1753600016690,07:06:56.690,bitmex,AAVE/USDT:USDT,296.03,3000.0,296.02,3000.0,296.35,6000.0,296.36,3000.0
1753600016740,07:06:56.740,bitmex,AAVE/USDT:USDT,296.02,3000.0,296.01,3000.0,296.35,6000.0,296.36,3000.0
1753600016811,07:06:56.811,bitmex,AAVE/USDT:USDT,296.03,3000.0,296.02,3000.0,296.35,6000.0,296.36,3000.0
1753600017033,07:06:57.033,bitmex,AAVE/USDT:USDT,296.03,3000.0,296.02,3000.0,296.35,6000.0,296.36,3000.0
1753600017083,07:06:57.083,bitmex,AAVE/USDT:USDT,296.03,3000.0,296.02,3000.0,296.35,6000.0,296.36,3000.0
1753600017132,07:06:57.132,bitmex,AAVE/USDT:USDT,296.03,3000.0,296.02,3000.0,296.35,6000.0,296.36,3000.0
1753600017432,07:06:57.432,bitmex,AAVE/USDT:USDT,296.02,3000.0,296.01,3000.0,296.35,6000.0,296.36,3000.0
1753600017482,07:06:57.482,bitmex,AAVE/USDT:USDT,296.03,3000.0,296.02,3000.0,296.35,6000.0,296.36,3000.0
1753600017737,07:06:57.737,bitmex,AAVE/USDT:USDT,296.03,3000.0,296.02,3000.0,296.35,3000.0,296.36,3000.0
1753600017787,07:06:57.787,bitmex,AAVE/USDT:USDT,296.03,3000.0,296.02,3000.0,296.36,3000.0,296.37,6000.0
1753600017836,07:06:57.836,bitmex,AAVE/USDT:USDT,296.03,3000.0,296.02,3000.0,296.35,3000.0,296.36,3000.0
1753600017891,07:06:57.891,bitmex,AAVE/USDT:USDT,296.02,3000.0,296.01,3000.0,296.35,3000.0,296.36,3000.0
1753600017941,07:06:57.941,bitmex,AAVE/USDT:USDT,296.02,3000.0,296.01,3000.0,296.34,3000.0,296.35,3000.0
1753600018005,07:06:58.005,bitmex,AAVE/USDT:USDT,296.02,3000.0,296.01,3000.0,296.34,3000.0,296.35,3000.0
1753600018054,07:06:58.054,bitmex,AAVE/USDT:USDT,296.02,3000.0,296.01,3000.0,296.35,3000.0,296.36,3000.0
1753600018103,07:06:58.103,bitmex,AAVE/USDT:USDT,296.02,3000.0,296.01,3000.0,296.34,3000.0,296.35,3000.0
1753600018152,07:06:58.152,bitmex,AAVE/USDT:USDT,296.02,3000.0,296.01,3000.0,296.34,3000.0,296.35,3000.0
1753600018201,07:06:58.201,bitmex,AAVE/USDT:USDT,296.02,3000.0,296.01,3000.0,296.34,3000.0,296.35,3000.0
1753600018289,07:06:58.289,bitmex,AAVE/USDT:USDT,296.02,3000.0,296.01,3000.0,296.35,3000.0,296.36,3000.0
1753600018339,07:06:58.339,bitmex,AAVE/USDT:USDT,296.03,3000.0,296.02,3000.0,296.35,3000.0,296.36,3000.0
1753600018388,07:06:58.388,bitmex,AAVE/USDT:USDT,296.02,3000.0,296.01,3000.0,296.35,3000.0,296.36,3000.0
1753600018632,07:06:58.632,bitmex,AAVE/USDT:USDT,296.02,3000.0,296.01,3000.0,296.35,3000.0,296.37,3000.0
1753600018682,07:06:58.682,bitmex,AAVE/USDT:USDT,296.01,3000.0,296.0,3000.0,296.37,6000.0,296.38,3000.0
1753600018759,07:06:58.759,bitmex,AAVE/USDT:USDT,296.02,3000.0,296.01,3000.0,296.37,6000.0,296.38,3000.0
1753600018809,07:06:58.809,bitmex,AAVE/USDT:USDT,296.02,3000.0,296.01,3000.0,296.37,6000.0,296.38,3000.0
1753600018878,07:06:58.878,bitmex,AAVE/USDT:USDT,296.02,3000.0,296.01,3000.0,296.36,3000.0,296.37,6000.0
1753600018934,07:06:58.934,bitmex,AAVE/USDT:USDT,296.02,3000.0,296.01,3000.0,296.37,6000.0,296.38,3000.0
1753600018984,07:06:58.984,bitmex,AAVE/USDT:USDT,296.02,3000.0,296.01,3000.0,296.36,3000.0,296.37,6000.0
1753600019082,07:06:59.082,bitmex,AAVE/USDT:USDT,296.02,3000.0,296.01,3000.0,296.37,6000.0,296.38,3000.0
1753600019337,07:06:59.337,bitmex,AAVE/USDT:USDT,296.02,3000.0,296.01,3000.0,296.37,6000.0,296.38,3000.0
1753600019387,07:06:59.387,bitmex,AAVE/USDT:USDT,296.02,3000.0,296.01,3000.0,296.36,3000.0,296.37,6000.0
1753600019621,07:06:59.621,bitmex,AAVE/USDT:USDT,296.02,3000.0,296.01,3000.0,296.37,6000.0,296.38,3000.0
1753600019670,07:06:59.670,bitmex,AAVE/USDT:USDT,296.02,3000.0,296.01,3000.0,296.35,3000.0,296.36,3000.0
1753600019719,07:06:59.719,bitmex,AAVE/USDT:USDT,296.03,3000.0,296.02,3000.0,296.35,3000.0,296.36,3000.0
1753600019784,07:06:59.784,bitmex,AAVE/USDT:USDT,296.03,3000.0,296.02,3000.0,296.36,3000.0,296.37,6000.0
1753600019833,07:06:59.833,bitmex,AAVE/USDT:USDT,296.03,3000.0,296.02,3000.0,296.36,3000.0,296.37,6000.0
1753600019882,07:06:59.882,bitmex,AAVE/USDT:USDT,296.03,3000.0,296.02,3000.0,296.35,3000.0,296.36,3000.0
1753600020325,07:07:00.325,bitmex,AAVE/USDT:USDT,296.03,3000.0,296.02,3000.0,296.36,3000.0,296.37,3000.0
1753600020325,07:07:00.325,bitmex,AAVE/USDT:USDT,296.03,3000.0,296.02,3000.0,296.36,3000.0,296.37,6000.0
1753600020374,07:07:00.374,bitmex,AAVE/USDT:USDT,296.05,3000.0,296.04,3000.0,296.37,3000.0,296.38,3000.0
1753600020442,07:07:00.442,bitmex,AAVE/USDT:USDT,296.05,3000.0,296.04,3000.0,296.37,6000.0,296.38,3000.0
1753600020491,07:07:00.491,bitmex,AAVE/USDT:USDT,296.05,3000.0,296.04,3000.0,296.37,3000.0,296.38,3000.0
1753600020653,07:07:00.653,bitmex,AAVE/USDT:USDT,296.04,3000.0,296.03,3000.0,296.37,3000.0,296.38,3000.0
1753600020702,07:07:00.702,bitmex,AAVE/USDT:USDT,296.05,3000.0,296.04,3000.0,296.37,3000.0,296.38,3000.0
1753600020806,07:07:00.806,bitmex,AAVE/USDT:USDT,296.04,3000.0,296.03,3000.0,296.37,3000.0,296.38,3000.0
1753600020855,07:07:00.855,bitmex,AAVE/USDT:USDT,296.04,3000.0,296.03,3000.0,296.37,6000.0,296.38,3000.0
1753600020904,07:07:00.904,bitmex,AAVE/USDT:USDT,296.04,3000.0,296.03,3000.0,296.36,3000.0,296.37,6000.0
1753600020953,07:07:00.953,bitmex,AAVE/USDT:USDT,296.02,3000.0,296.01,3000.0,296.36,3000.0,296.37,6000.0
1753600021002,07:07:01.002,bitmex,AAVE/USDT:USDT,296.02,3000.0,296.01,3000.0,296.35,3000.0,296.36,3000.0
1753600021076,07:07:01.076,bitmex,AAVE/USDT:USDT,296.03,3000.0,296.02,3000.0,296.35,3000.0,296.36,3000.0
1753600021484,07:07:01.484,bitmex,AAVE/USDT:USDT,296.03,3000.0,296.02,3000.0,296.36,3000.0,296.37,6000.0
1753600021671,07:07:01.671,bitmex,AAVE/USDT:USDT,296.03,3000.0,296.02,3000.0,296.36,3000.0,296.37,6000.0
1753600021721,07:07:01.721,bitmex,AAVE/USDT:USDT,296.03,3000.0,296.02,3000.0,296.36,3000.0,296.37,6000.0
1753600021770,07:07:01.770,bitmex,AAVE/USDT:USDT,296.03,3000.0,296.02,3000.0,296.35,3000.0,296.36,3000.0
1753600021819,07:07:01.819,bitmex,AAVE/USDT:USDT,296.03,3000.0,296.02,3000.0,296.35,3000.0,296.36,3000.0
1753600021868,07:07:01.868,bitmex,AAVE/USDT:USDT,296.03,3000.0,296.02,3000.0,296.35,3000.0,296.36,3000.0
1753600021917,07:07:01.917,bitmex,AAVE/USDT:USDT,296.02,3000.0,296.01,3000.0,296.35,3000.0,296.36,3000.0
1753600022026,07:07:02.026,bitmex,AAVE/USDT:USDT,296.02,3000.0,296.01,3000.0,296.35,3000.0,296.36,3000.0
1753600022116,07:07:02.116,bitmex,AAVE/USDT:USDT,296.02,3000.0,296.01,3000.0,296.35,3000.0,296.36,3000.0
1753600022165,07:07:02.165,bitmex,AAVE/USDT:USDT,296.03,3000.0,296.02,3000.0,296.36,3000.0,296.37,3000.0
1753600022281,07:07:02.281,bitmex,AAVE/USDT:USDT,296.03,3000.0,296.02,3000.0,296.37,3000.0,296.38,3000.0
1753600022330,07:07:02.330,bitmex,AAVE/USDT:USDT,296.02,3000.0,296.01,3000.0,296.36,3000.0,296.37,3000.0
1753600022379,07:07:02.379,bitmex,AAVE/USDT:USDT,296.03,3000.0,296.02,3000.0,296.35,3000.0,296.36,3000.0
1753600022428,07:07:02.428,bitmex,AAVE/USDT:USDT,296.02,3000.0,296.01,3000.0,296.35,3000.0,296.36,3000.0
1753600022505,07:07:02.505,bitmex,AAVE/USDT:USDT,296.02,3000.0,296.01,3000.0,296.35,3000.0,296.36,3000.0
1753600022555,07:07:02.555,bitmex,AAVE/USDT:USDT,296.01,3000.0,296.0,3000.0,296.35,3000.0,296.36,3000.0
1753600022620,07:07:02.620,bitmex,AAVE/USDT:USDT,296.01,3000.0,296.0,3000.0,296.35,3000.0,296.36,3000.0
1753600022670,07:07:02.670,bitmex,AAVE/USDT:USDT,296.01,3000.0,296.0,3000.0,296.35,3000.0,296.36,3000.0
1753600022874,07:07:02.874,bitmex,AAVE/USDT:USDT,296.02,3000.0,296.01,3000.0,296.35,3000.0,296.36,3000.0
1753600022924,07:07:02.924,bitmex,AAVE/USDT:USDT,296.02,3000.0,296.01,3000.0,296.34,3000.0,296.35,3000.0
1753600023003,07:07:03.003,bitmex,AAVE/USDT:USDT,296.02,3000.0,296.01,3000.0,296.35,3000.0,296.36,3000.0
1753600023053,07:07:03.053,bitmex,AAVE/USDT:USDT,296.01,3000.0,296.0,3000.0,296.35,3000.0,296.36,3000.0
1753600023300,07:07:03.300,bitmex,AAVE/USDT:USDT,296.02,3000.0,296.01,3000.0,296.35,3000.0,296.36,3000.0
1753600023843,07:07:03.843,bitmex,AAVE/USDT:USDT,296.02,3000.0,296.01,3000.0,296.35,3000.0,296.36,3000.0
1753600023893,07:07:03.893,bitmex,AAVE/USDT:USDT,296.02,3000.0,296.01,3000.0,296.35,3000.0,296.36,3000.0
1753600024730,07:07:04.730,bitmex,AAVE/USDT:USDT,296.02,3000.0,296.01,3000.0,296.35,3000.0,296.36,3000.0
1753600024780,07:07:04.780,bitmex,AAVE/USDT:USDT,296.02,3000.0,296.01,3000.0,296.35,3000.0,296.36,3000.0
1753600024956,07:07:04.956,bitmex,AAVE/USDT:USDT,296.02,3000.0,296.01,3000.0,296.35,3000.0,296.36,3000.0
1753600025006,07:07:05.006,bitmex,AAVE/USDT:USDT,296.02,3000.0,296.01,3000.0,296.35,3000.0,296.36,3000.0
1753600025261,07:07:05.261,bitmex,AAVE/USDT:USDT,296.02,3000.0,296.01,3000.0,296.35,3000.0,296.36,3000.0
1753600025310,07:07:05.310,bitmex,AAVE/USDT:USDT,296.02,3000.0,296.01,3000.0,296.37,3000.0,296.38,3000.0
1753600025359,07:07:05.359,bitmex,AAVE/USDT:USDT,296.02,3000.0,296.01,3000.0,296.36,3000.0,296.37,3000.0
1753600025914,07:07:05.914,bitmex,AAVE/USDT:USDT,296.01,3000.0,296.0,3000.0,296.36,3000.0,296.37,3000.0
1753600025963,07:07:05.963,bitmex,AAVE/USDT:USDT,296.01,3000.0,296.0,3000.0,296.34,3000.0,296.35,3000.0
1753600026082,07:07:06.082,bitmex,AAVE/USDT:USDT,296.0,3000.0,295.99,3000.0,296.34,3000.0,296.35,3000.0
1753600026132,07:07:06.132,bitmex,AAVE/USDT:USDT,296.0,3000.0,295.99,3000.0,296.34,3000.0,296.35,3000.0
1753600026402,07:07:06.402,bitmex,AAVE/USDT:USDT,296.01,3000.0,296.0,3000.0,296.34,3000.0,296.35,3000.0
1753600026452,07:07:06.452,bitmex,AAVE/USDT:USDT,296.01,3000.0,296.0,3000.0,296.35,3000.0,296.36,3000.0
1753600026501,07:07:06.501,bitmex,AAVE/USDT:USDT,296.0,3000.0,295.99,3000.0,296.35,3000.0,296.36,3000.0
1753600026577,07:07:06.577,bitmex,AAVE/USDT:USDT,296.0,3000.0,295.99,3000.0,296.34,3000.0,296.35,3000.0
1753600026626,07:07:06.626,bitmex,AAVE/USDT:USDT,296.01,3000.0,296.0,3000.0,296.34,3000.0,296.35,3000.0
1753600026739,07:07:06.739,bitmex,AAVE/USDT:USDT,296.0,3000.0,295.99,3000.0,296.34,3000.0,296.35,3000.0
1753600026788,07:07:06.788,bitmex,AAVE/USDT:USDT,296.0,3000.0,295.99,3000.0,296.34,3000.0,296.35,3000.0
1753600026941,07:07:06.941,bitmex,AAVE/USDT:USDT,296.01,3000.0,296.0,3000.0,296.34,3000.0,296.35,3000.0
1753600027507,07:07:07.507,bitmex,AAVE/USDT:USDT,296.01,3000.0,296.0,3000.0,296.35,3000.0,296.36,3000.0
1753600027556,07:07:07.556,bitmex,AAVE/USDT:USDT,296.02,3000.0,296.01,3000.0,296.36,3000.0,296.37,3000.0
1753600027605,07:07:07.605,bitmex,AAVE/USDT:USDT,296.03,3000.0,296.02,3000.0,296.37,3000.0,296.39,3000.0
1753600027654,07:07:07.654,bitmex,AAVE/USDT:USDT,296.04,3000.0,296.03,3000.0,296.38,3000.0,296.39,3000.0
1753600027769,07:07:07.769,bitmex,AAVE/USDT:USDT,296.04,3000.0,296.03,3000.0,296.39,3000.0,296.4,3000.0
1753600027934,07:07:07.934,bitmex,AAVE/USDT:USDT,296.04,3000.0,296.03,3000.0,296.39,6000.0,296.4,3000.0
1753600027983,07:07:07.983,bitmex,AAVE/USDT:USDT,296.03,3000.0,296.02,3000.0,296.36,3000.0,296.37,3000.0
1753600028032,07:07:08.032,bitmex,AAVE/USDT:USDT,296.03,3000.0,296.02,3000.0,296.36,3000.0,296.37,3000.0
1753600028251,07:07:08.251,bitmex,AAVE/USDT:USDT,296.03,3000.0,296.02,3000.0,296.37,3000.0,296.38,3000.0
1753600028458,07:07:08.458,bitmex,AAVE/USDT:USDT,296.03,3000.0,296.02,3000.0,296.37,3000.0,296.38,3000.0
1753600029115,07:07:09.115,bitmex,AAVE/USDT:USDT,296.02,3000.0,296.01,3000.0,296.37,3000.0,296.38,3000.0
1753600029165,07:07:09.165,bitmex,AAVE/USDT:USDT,296.03,3000.0,296.02,3000.0,296.37,3000.0,296.38,3000.0
1753600029214,07:07:09.214,bitmex,AAVE/USDT:USDT,296.03,3000.0,296.02,3000.0,296.36,3000.0,296.37,3000.0
1753600029643,07:07:09.643,bitmex,AAVE/USDT:USDT,296.03,3000.0,296.02,3000.0,296.36,3000.0,296.37,3000.0
1753600029692,07:07:09.692,bitmex,AAVE/USDT:USDT,296.02,3000.0,296.01,3000.0,296.36,3000.0,296.37,3000.0
1753600029741,07:07:09.741,bitmex,AAVE/USDT:USDT,296.01,3000.0,296.0,3000.0,296.35,3000.0,296.36,3000.0
1753600029871,07:07:09.871,bitmex,AAVE/USDT:USDT,296.01,3000.0,296.0,3000.0,296.34,3000.0,296.35,3000.0
1753600029921,07:07:09.921,bitmex,AAVE/USDT:USDT,296.01,3000.0,296.0,3000.0,296.34,3000.0,296.35,3000.0
1753600030060,07:07:10.060,bitmex,AAVE/USDT:USDT,296.01,3000.0,296.0,3000.0,296.34,3000.0,296.35,3000.0
1753600030110,07:07:10.110,bitmex,AAVE/USDT:USDT,296.01,3000.0,296.0,3000.0,296.34,3000.0,296.35,3000.0
1753600030159,07:07:10.159,bitmex,AAVE/USDT:USDT,296.01,3000.0,296.0,3000.0,296.35,3000.0,296.36,3000.0
1753600030498,07:07:10.498,bitmex,AAVE/USDT:USDT,296.01,3000.0,296.0,3000.0,296.35,3000.0,296.36,3000.0
1753600030547,07:07:10.547,bitmex,AAVE/USDT:USDT,296.01,3000.0,296.0,3000.0,296.35,3000.0,296.36,3000.0
1753600030917,07:07:10.917,bitmex,AAVE/USDT:USDT,296.0,3000.0,295.99,3000.0,296.35,3000.0,296.36,3000.0
1753600030967,07:07:10.967,bitmex,AAVE/USDT:USDT,296.01,3000.0,296.0,3000.0,296.34,3000.0,296.35,3000.0
1753600031078,07:07:11.078,bitmex,AAVE/USDT:USDT,296.01,3000.0,296.0,3000.0,296.35,3000.0,296.36,3000.0
1753600031127,07:07:11.127,bitmex,AAVE/USDT:USDT,296.01,3000.0,296.0,3000.0,296.35,3000.0,296.36,3000.0
1753600031363,07:07:11.363,bitmex,AAVE/USDT:USDT,296.01,3000.0,296.0,3000.0,296.36,3000.0,296.37,3000.0
1753600031616,07:07:11.616,bitmex,AAVE/USDT:USDT,296.01,3000.0,296.0,3000.0,296.35,3000.0,296.36,3000.0
1753600031909,07:07:11.909,bitmex,AAVE/USDT:USDT,296.01,3000.0,296.0,3000.0,296.35,3000.0,296.36,3000.0
1753600031959,07:07:11.959,bitmex,AAVE/USDT:USDT,296.01,3000.0,296.0,3000.0,296.35,3000.0,296.36,3000.0
1753600032333,07:07:12.333,bitmex,AAVE/USDT:USDT,296.01,3000.0,296.0,3000.0,296.36,3000.0,296.37,3000.0
1753600032432,07:07:12.432,bitmex,AAVE/USDT:USDT,296.01,3000.0,296.0,3000.0,296.37,3000.0,296.38,3000.0
1753600032482,07:07:12.482,bitmex,AAVE/USDT:USDT,296.01,3000.0,296.0,3000.0,296.36,3000.0,296.37,3000.0
1753600032531,07:07:12.531,bitmex,AAVE/USDT:USDT,296.01,3000.0,296.0,3000.0,296.37,3000.0,296.38,3000.0
1753600032644,07:07:12.644,bitmex,AAVE/USDT:USDT,296.01,3000.0,296.0,3000.0,296.36,3000.0,296.37,3000.0
1753600032693,07:07:12.693,bitmex,AAVE/USDT:USDT,296.02,3000.0,296.01,3000.0,296.36,3000.0,296.37,3000.0
1753600032781,07:07:12.781,bitmex,AAVE/USDT:USDT,296.02,3000.0,296.01,3000.0,296.35,3000.0,296.36,3000.0
1753600032830,07:07:12.830,bitmex,AAVE/USDT:USDT,296.01,3000.0,296.0,3000.0,296.35,3000.0,296.36,3000.0
1753600032912,07:07:12.912,bitmex,AAVE/USDT:USDT,296.02,3000.0,296.01,3000.0,296.35,3000.0,296.36,3000.0
1753600033338,07:07:13.338,bitmex,AAVE/USDT:USDT,296.02,3000.0,296.01,3000.0,296.35,3000.0,296.36,3000.0
1753600033387,07:07:13.387,bitmex,AAVE/USDT:USDT,296.02,3000.0,296.01,3000.0,296.35,3000.0,296.36,3000.0
1753600033436,07:07:13.436,bitmex,AAVE/USDT:USDT,296.02,3000.0,296.01,3000.0,296.36,3000.0,296.37,3000.0
1753600033485,07:07:13.485,bitmex,AAVE/USDT:USDT,296.02,3000.0,296.01,3000.0,296.37,3000.0,296.38,3000.0
1753600033534,07:07:13.534,bitmex,AAVE/USDT:USDT,296.02,3000.0,296.01,3000.0,296.36,3000.0,296.37,3000.0
1753600033640,07:07:13.640,bitmex,AAVE/USDT:USDT,296.02,3000.0,296.01,3000.0,296.35,3000.0,296.36,3000.0
1753600033690,07:07:13.690,bitmex,AAVE/USDT:USDT,296.02,3000.0,296.01,3000.0,296.34,3000.0,296.35,3000.0
1753600033740,07:07:13.740,bitmex,AAVE/USDT:USDT,296.02,3000.0,296.01,3000.0,296.33,3000.0,296.34,6000.0
1753600033789,07:07:13.789,bitmex,AAVE/USDT:USDT,295.99,3000.0,295.98,3000.0,296.33,3000.0,296.35,6000.0
1753600033839,07:07:13.839,bitmex,AAVE/USDT:USDT,295.96,3000.0,295.95,3000.0,296.33,3000.0,296.35,6000.0
1753600033889,07:07:13.889,bitmex,AAVE/USDT:USDT,295.96,3000.0,295.95,3000.0,296.3,3000.0,296.31,3000.0
1753600033938,07:07:13.938,bitmex,AAVE/USDT:USDT,295.96,3000.0,295.95,3000.0,296.3,3000.0,296.31,3000.0
1753600034068,07:07:14.068,bitmex,AAVE/USDT:USDT,295.97,3000.0,295.96,3000.0,296.3,3000.0,296.31,3000.0
1753600034145,07:07:14.145,bitmex,AAVE/USDT:USDT,295.97,3000.0,295.96,3000.0,296.31,3000.0,296.32,3000.0
1753600034200,07:07:14.200,bitmex,AAVE/USDT:USDT,295.97,3000.0,295.96,3000.0,296.32,3000.0,296.33,6000.0
1753600034250,07:07:14.250,bitmex,AAVE/USDT:USDT,295.97,3000.0,295.96,3000.0,296.32,3000.0,296.33,3000.0
1753600034299,07:07:14.299,bitmex,AAVE/USDT:USDT,295.97,3000.0,295.96,3000.0,296.33,3000.0,296.34,3000.0
1753600034348,07:07:14.348,bitmex,AAVE/USDT:USDT,295.97,3000.0,295.96,3000.0,296.33,3000.0,296.34,3000.0
1753600034397,07:07:14.397,bitmex,AAVE/USDT:USDT,295.96,3000.0,295.95,3000.0,296.35,6000.0,296.36,3000.0
1753600034464,07:07:14.464,bitmex,AAVE/USDT:USDT,295.96,3000.0,295.95,3000.0,296.34,3000.0,296.35,6000.0
1753600034513,07:07:14.513,bitmex,AAVE/USDT:USDT,295.96,3000.0,295.95,3000.0,296.34,3000.0,296.35,3000.0
1753600034563,07:07:14.563,bitmex,AAVE/USDT:USDT,295.97,3000.0,295.96,3000.0,296.31,3000.0,296.32,3000.0
1753600034613,07:07:14.613,bitmex,AAVE/USDT:USDT,295.97,3000.0,295.96,3000.0,296.31,3000.0,296.32,3000.0
1753600034662,07:07:14.662,bitmex,AAVE/USDT:USDT,295.97,3000.0,295.96,3000.0,296.31,3000.0,296.32,3000.0
1753600034711,07:07:14.711,bitmex,AAVE/USDT:USDT,295.97,3000.0,295.96,3000.0,296.31,3000.0,296.32,3000.0
1753600034760,07:07:14.760,bitmex,AAVE/USDT:USDT,295.96,3000.0,295.95,3000.0,296.33,3000.0,296.34,6000.0
1753600034861,07:07:14.861,bitmex,AAVE/USDT:USDT,295.96,3000.0,295.95,3000.0,296.33,3000.0,296.34,6000.0
1753600034910,07:07:14.910,bitmex,AAVE/USDT:USDT,295.96,3000.0,295.95,3000.0,296.33,3000.0,296.34,6000.0
1753600034980,07:07:14.980,bitmex,AAVE/USDT:USDT,295.96,3000.0,295.95,3000.0,296.32,3000.0,296.33,3000.0
1753600035029,07:07:15.029,bitmex,AAVE/USDT:USDT,295.96,3000.0,295.95,3000.0,296.33,3000.0,296.34,6000.0
1753600035078,07:07:15.078,bitmex,AAVE/USDT:USDT,295.96,3000.0,295.95,3000.0,296.33,6000.0,296.34,6000.0
1753600035127,07:07:15.127,bitmex,AAVE/USDT:USDT,295.96,3000.0,295.95,3000.0,296.32,6000.0,296.33,3000.0
1753600035589,07:07:15.589,bitmex,AAVE/USDT:USDT,295.96,3000.0,295.95,3000.0,296.32,6000.0,296.33,3000.0
1753600035700,07:07:15.700,bitmex,AAVE/USDT:USDT,295.96,3000.0,295.95,3000.0,296.32,3000.0,296.33,3000.0
1753600036062,07:07:16.062,bitmex,AAVE/USDT:USDT,295.96,3000.0,295.95,3000.0,296.32,3000.0,296.33,3000.0
1753600036302,07:07:16.302,bitmex,AAVE/USDT:USDT,295.97,3000.0,295.96,3000.0,296.32,3000.0,296.33,3000.0
1753600036636,07:07:16.636,bitmex,AAVE/USDT:USDT,295.97,3000.0,295.96,3000.0,296.32,3000.0,296.33,3000.0
1753600036742,07:07:16.742,bitmex,AAVE/USDT:USDT,295.98,3000.0,295.97,3000.0,296.32,3000.0,296.33,3000.0
1753600036791,07:07:16.791,bitmex,AAVE/USDT:USDT,295.98,3000.0,295.97,3000.0,296.31,3000.0,296.32,6000.0
1753600037794,07:07:17.794,bitmex,AAVE/USDT:USDT,295.98,3000.0,295.97,3000.0,296.32,6000.0,296.33,3000.0
1753600037849,07:07:17.849,bitmex,AAVE/USDT:USDT,295.98,3000.0,295.97,3000.0,296.32,6000.0,296.33,3000.0
1753600037898,07:07:17.898,bitmex,AAVE/USDT:USDT,295.97,3000.0,295.96,3000.0,296.31,3000.0,296.32,6000.0
1753600037947,07:07:17.947,bitmex,AAVE/USDT:USDT,295.98,3000.0,295.97,3000.0,296.32,6000.0,296.33,3000.0
1753600038131,07:07:18.131,bitmex,AAVE/USDT:USDT,295.97,3000.0,295.96,3000.0,296.32,6000.0,296.33,3000.0
1753600038250,07:07:18.250,bitmex,AAVE/USDT:USDT,295.98,3000.0,295.97,3000.0,296.32,6000.0,296.33,3000.0
1753600038299,07:07:18.299,bitmex,AAVE/USDT:USDT,295.98,3000.0,295.97,3000.0,296.32,6000.0,296.33,3000.0
1753600038348,07:07:18.348,bitmex,AAVE/USDT:USDT,295.98,3000.0,295.97,3000.0,296.32,6000.0,296.33,3000.0
1753600038828,07:07:18.828,bitmex,AAVE/USDT:USDT,295.97,3000.0,295.96,3000.0,296.32,6000.0,296.33,3000.0
1753600038928,07:07:18.928,bitmex,AAVE/USDT:USDT,295.98,3000.0,295.97,3000.0,296.32,6000.0,296.33,3000.0
1753600038978,07:07:18.978,bitmex,AAVE/USDT:USDT,295.98,3000.0,295.97,3000.0,296.32,6000.0,296.33,3000.0
1753600039199,07:07:19.199,bitmex,AAVE/USDT:USDT,295.98,3000.0,295.97,3000.0,296.32,6000.0,296.33,3000.0
1753600039249,07:07:19.249,bitmex,AAVE/USDT:USDT,295.98,3000.0,295.97,3000.0,296.32,6000.0,296.33,3000.0
1753600039298,07:07:19.298,bitmex,AAVE/USDT:USDT,295.98,3000.0,295.97,3000.0,296.32,6000.0,296.33,3000.0
1753600039347,07:07:19.347,bitmex,AAVE/USDT:USDT,295.97,3000.0,295.96,3000.0,296.32,6000.0,296.33,3000.0
1753600039527,07:07:19.527,bitmex,AAVE/USDT:USDT,295.98,3000.0,295.97,3000.0,296.32,6000.0,296.33,3000.0
1753600039661,07:07:19.661,bitmex,AAVE/USDT:USDT,295.98,3000.0,295.97,3000.0,296.32,6000.0,296.33,3000.0
1753600039710,07:07:19.710,bitmex,AAVE/USDT:USDT,295.98,3000.0,295.97,3000.0,296.32,6000.0,296.33,3000.0
1753600039836,07:07:19.836,bitmex,AAVE/USDT:USDT,295.97,3000.0,295.96,3000.0,296.32,6000.0,296.33,3000.0
1753600039948,07:07:19.948,bitmex,AAVE/USDT:USDT,295.98,3000.0,295.97,3000.0,296.32,6000.0,296.33,3000.0
1753600040047,07:07:20.047,bitmex,AAVE/USDT:USDT,295.98,3000.0,295.97,3000.0,296.31,3000.0,296.32,6000.0
1753600040097,07:07:20.097,bitmex,AAVE/USDT:USDT,295.98,3000.0,295.97,3000.0,296.32,6000.0,296.33,3000.0
1753600040192,07:07:20.192,bitmex,AAVE/USDT:USDT,295.98,3000.0,295.97,3000.0,296.32,6000.0,296.33,3000.0
1753600040241,07:07:20.241,bitmex,AAVE/USDT:USDT,295.98,3000.0,295.97,3000.0,296.32,6000.0,296.33,3000.0
1753600041149,07:07:21.149,bitmex,AAVE/USDT:USDT,295.97,3000.0,295.96,3000.0,296.32,6000.0,296.33,3000.0
1753600041199,07:07:21.199,bitmex,AAVE/USDT:USDT,295.98,3000.0,295.97,3000.0,296.32,6000.0,296.33,3000.0
1753600041299,07:07:21.299,bitmex,AAVE/USDT:USDT,295.98,3000.0,295.97,3000.0,296.32,6000.0,296.33,3000.0
1753600041349,07:07:21.349,bitmex,AAVE/USDT:USDT,295.98,3000.0,295.97,3000.0,296.32,6000.0,296.33,3000.0
1753600041990,07:07:21.990,bitmex,AAVE/USDT:USDT,295.98,3000.0,295.97,3000.0,296.32,6000.0,296.33,3000.0
1753600042466,07:07:22.466,bitmex,AAVE/USDT:USDT,295.98,3000.0,295.97,3000.0,296.32,6000.0,296.33,3000.0
1753600042516,07:07:22.516,bitmex,AAVE/USDT:USDT,295.98,3000.0,295.97,3000.0,296.32,6000.0,296.33,3000.0
1753600042565,07:07:22.565,bitmex,AAVE/USDT:USDT,295.97,3000.0,295.96,3000.0,296.32,6000.0,296.33,3000.0
1753600043095,07:07:23.095,bitmex,AAVE/USDT:USDT,295.97,3000.0,295.96,3000.0,296.31,3000.0,296.32,3000.0
1753600043144,07:07:23.144,bitmex,AAVE/USDT:USDT,295.97,3000.0,295.96,3000.0,296.31,3000.0,296.32,6000.0
1753600043563,07:07:23.563,bitmex,AAVE/USDT:USDT,295.97,3000.0,295.96,3000.0,296.3,3000.0,296.31,3000.0
1753600043730,07:07:23.730,bitmex,AAVE/USDT:USDT,295.94,3000.0,295.93,3000.0,296.28,3000.0,296.29,6000.0
1753600043786,07:07:23.786,bitmex,AAVE/USDT:USDT,295.94,3000.0,295.93,3000.0,296.28,3000.0,296.29,6000.0
1753600043835,07:07:23.835,bitmex,AAVE/USDT:USDT,295.94,3000.0,295.93,3000.0,296.27,3000.0,296.28,3000.0
1753600044461,07:07:24.461,bitmex,AAVE/USDT:USDT,295.94,3000.0,295.93,3000.0,296.27,3000.0,296.28,3000.0
1753600044511,07:07:24.511,bitmex,AAVE/USDT:USDT,295.94,3000.0,295.93,3000.0,296.27,3000.0,296.28,3000.0
1753600044698,07:07:24.698,bitmex,AAVE/USDT:USDT,295.94,3000.0,295.93,3000.0,296.27,3000.0,296.28,3000.0
1753600044748,07:07:24.748,bitmex,AAVE/USDT:USDT,295.94,3000.0,295.93,3000.0,296.27,3000.0,296.28,3000.0
1753600044946,07:07:24.946,bitmex,AAVE/USDT:USDT,295.94,3000.0,295.93,3000.0,296.27,3000.0,296.28,3000.0
1753600045003,07:07:25.003,bitmex,AAVE/USDT:USDT,295.94,3000.0,295.93,3000.0,296.27,3000.0,296.28,3000.0
1753600045052,07:07:25.052,bitmex,AAVE/USDT:USDT,295.94,3000.0,295.93,3000.0,296.27,3000.0,296.28,3000.0
1753600046085,07:07:26.085,bitmex,AAVE/USDT:USDT,295.94,3000.0,295.93,3000.0,296.27,3000.0,296.28,3000.0
1753600046135,07:07:26.135,bitmex,AAVE/USDT:USDT,295.94,3000.0,295.93,3000.0,296.27,3000.0,296.28,3000.0
1753600047175,07:07:27.175,bitmex,AAVE/USDT:USDT,295.94,3000.0,295.93,3000.0,296.27,3000.0,296.28,3000.0
1753600047450,07:07:27.450,bitmex,AAVE/USDT:USDT,295.94,3000.0,295.93,3000.0,296.27,6000.0,296.28,3000.0
1753600047499,07:07:27.499,bitmex,AAVE/USDT:USDT,295.92,3000.0,295.91,3000.0,296.26,3000.0,296.27,6000.0
1753600047548,07:07:27.548,bitmex,AAVE/USDT:USDT,295.92,3000.0,295.91,3000.0,296.25,3000.0,296.26,3000.0
1753600047597,07:07:27.597,bitmex,AAVE/USDT:USDT,295.92,3000.0,295.91,3000.0,296.25,3000.0,296.26,3000.0
1753600048052,07:07:28.052,bitmex,AAVE/USDT:USDT,295.91,3000.0,295.9,3000.0,296.25,3000.0,296.26,3000.0
1753600048101,07:07:28.101,bitmex,AAVE/USDT:USDT,295.91,3000.0,295.9,3000.0,296.25,3000.0,296.26,3000.0
1753600048453,07:07:28.453,bitmex,AAVE/USDT:USDT,295.91,3000.0,295.9,3000.0,296.25,3000.0,296.26,3000.0
1753600049262,07:07:29.262,bitmex,AAVE/USDT:USDT,295.91,3000.0,295.9,3000.0,296.25,3000.0,296.26,3000.0
1753600049311,07:07:29.311,bitmex,AAVE/USDT:USDT,295.91,3000.0,295.9,3000.0,296.25,3000.0,296.26,3000.0
1753600049505,07:07:29.505,bitmex,AAVE/USDT:USDT,295.91,3000.0,295.9,3000.0,296.25,3000.0,296.26,3000.0
1753600049573,07:07:29.573,bitmex,AAVE/USDT:USDT,295.91,3000.0,295.9,3000.0,296.25,3000.0,296.26,3000.0
1753600050024,07:07:30.024,bitmex,AAVE/USDT:USDT,295.91,3000.0,295.9,3000.0,296.25,3000.0,296.26,3000.0
1753600050073,07:07:30.073,bitmex,AAVE/USDT:USDT,295.91,3000.0,295.9,3000.0,296.25,3000.0,296.26,3000.0
1753600050323,07:07:30.323,bitmex,AAVE/USDT:USDT,295.91,3000.0,295.9,3000.0,296.26,3000.0,296.27,6000.0
1753600050372,07:07:30.372,bitmex,AAVE/USDT:USDT,295.91,3000.0,295.9,3000.0,296.29,3000.0,296.3,3000.0
1753600050442,07:07:30.442,bitmex,AAVE/USDT:USDT,295.92,3000.0,295.91,3000.0,296.29,3000.0,296.3,3000.0
1753600050491,07:07:30.491,bitmex,AAVE/USDT:USDT,295.92,3000.0,295.91,3000.0,296.27,3000.0,296.28,3000.0
1753600050775,07:07:30.775,bitmex,AAVE/USDT:USDT,295.92,3000.0,295.91,3000.0,296.26,3000.0,296.27,3000.0
1753600050905,07:07:30.905,bitmex,AAVE/USDT:USDT,295.92,3000.0,295.91,3000.0,296.26,3000.0,296.27,3000.0
1753600050955,07:07:30.955,bitmex,AAVE/USDT:USDT,295.92,3000.0,295.91,3000.0,296.26,3000.0,296.27,3000.0
1753600051032,07:07:31.032,bitmex,AAVE/USDT:USDT,295.92,3000.0,295.91,3000.0,296.25,3000.0,296.26,3000.0
1753600051081,07:07:31.081,bitmex,AAVE/USDT:USDT,295.91,3000.0,295.9,3000.0,296.26,3000.0,296.27,3000.0
1753600051203,07:07:31.203,bitmex,AAVE/USDT:USDT,295.92,3000.0,295.91,3000.0,296.26,3000.0,296.27,3000.0
1753600051802,07:07:31.802,bitmex,AAVE/USDT:USDT,295.91,3000.0,295.9,3000.0,296.26,3000.0,296.27,3000.0
1753600051851,07:07:31.851,bitmex,AAVE/USDT:USDT,295.92,3000.0,295.91,3000.0,296.26,3000.0,296.27,3000.0
1753600051959,07:07:31.959,bitmex,AAVE/USDT:USDT,295.92,3000.0,295.91,3000.0,296.26,3000.0,296.27,3000.0
1753600052009,07:07:32.009,bitmex,AAVE/USDT:USDT,295.92,3000.0,295.91,3000.0,296.26,3000.0,296.27,3000.0
1753600052058,07:07:32.058,bitmex,AAVE/USDT:USDT,295.92,3000.0,295.91,3000.0,296.26,3000.0,296.27,3000.0
1753600052107,07:07:32.107,bitmex,AAVE/USDT:USDT,295.92,3000.0,295.91,3000.0,296.26,3000.0,296.27,3000.0
1753600052273,07:07:32.273,bitmex,AAVE/USDT:USDT,295.92,3000.0,295.91,3000.0,296.27,3000.0,296.28,3000.0
1753600052523,07:07:32.523,bitmex,AAVE/USDT:USDT,295.91,3000.0,295.9,3000.0,296.27,3000.0,296.28,3000.0
1753600052595,07:07:32.595,bitmex,AAVE/USDT:USDT,295.92,3000.0,295.91,3000.0,296.27,3000.0,296.28,3000.0
1753600053021,07:07:33.021,bitmex,AAVE/USDT:USDT,295.92,3000.0,295.91,3000.0,296.26,3000.0,296.27,3000.0
1753600053070,07:07:33.070,bitmex,AAVE/USDT:USDT,295.92,3000.0,295.91,3000.0,296.26,3000.0,296.27,3000.0
1753600053119,07:07:33.119,bitmex,AAVE/USDT:USDT,295.92,3000.0,295.91,3000.0,296.27,3000.0,296.28,3000.0
1753600053168,07:07:33.168,bitmex,AAVE/USDT:USDT,295.92,3000.0,295.91,3000.0,296.27,3000.0,296.28,3000.0
1753600053331,07:07:33.331,bitmex,AAVE/USDT:USDT,295.92,3000.0,295.91,3000.0,296.26,3000.0,296.27,3000.0
1753600053473,07:07:33.473,bitmex,AAVE/USDT:USDT,295.92,3000.0,295.91,3000.0,296.27,3000.0,296.28,3000.0
1753600053523,07:07:33.523,bitmex,AAVE/USDT:USDT,295.92,3000.0,295.91,3000.0,296.27,3000.0,296.28,3000.0
1753600053616,07:07:33.616,bitmex,AAVE/USDT:USDT,295.92,3000.0,295.91,3000.0,296.26,3000.0,296.27,3000.0
1753600054061,07:07:34.061,bitmex,AAVE/USDT:USDT,295.92,3000.0,295.91,3000.0,296.26,3000.0,296.27,3000.0
1753600054111,07:07:34.111,bitmex,AAVE/USDT:USDT,295.92,3000.0,295.91,3000.0,296.26,3000.0,296.27,3000.0
1753600054306,07:07:34.306,bitmex,AAVE/USDT:USDT,295.92,3000.0,295.91,3000.0,296.26,3000.0,296.27,3000.0
1753600054726,07:07:34.726,bitmex,AAVE/USDT:USDT,295.92,3000.0,295.91,3000.0,296.25,3000.0,296.26,3000.0
1753600054775,07:07:34.775,bitmex,AAVE/USDT:USDT,295.9,3000.0,295.89,3000.0,296.25,3000.0,296.26,3000.0
1753600055305,07:07:35.305,bitmex,AAVE/USDT:USDT,295.9,3000.0,295.89,3000.0,296.26,3000.0,296.27,3000.0
1753600055355,07:07:35.355,bitmex,AAVE/USDT:USDT,295.9,3000.0,295.89,3000.0,296.25,3000.0,296.26,3000.0
1753600055427,07:07:35.427,bitmex,AAVE/USDT:USDT,295.9,3000.0,295.89,3000.0,296.25,3000.0,296.26,3000.0
1753600055477,07:07:35.477,bitmex,AAVE/USDT:USDT,295.9,3000.0,295.89,3000.0,296.25,3000.0,296.26,3000.0
1753600055526,07:07:35.526,bitmex,AAVE/USDT:USDT,295.9,3000.0,295.89,3000.0,296.25,3000.0,296.26,3000.0
1753600055765,07:07:35.765,bitmex,AAVE/USDT:USDT,295.91,3000.0,295.9,3000.0,296.25,3000.0,296.26,3000.0
1753600055883,07:07:35.883,bitmex,AAVE/USDT:USDT,295.9,3000.0,295.89,3000.0,296.25,3000.0,296.26,3000.0
1753600056022,07:07:36.022,bitmex,AAVE/USDT:USDT,295.9,3000.0,295.89,3000.0,296.26,3000.0,296.27,3000.0
1753600056142,07:07:36.142,bitmex,AAVE/USDT:USDT,295.9,3000.0,295.89,3000.0,296.25,3000.0,296.26,3000.0
1753600056660,07:07:36.660,bitmex,AAVE/USDT:USDT,295.9,3000.0,295.89,3000.0,296.25,3000.0,296.26,3000.0
1753600056710,07:07:36.710,bitmex,AAVE/USDT:USDT,295.9,3000.0,295.89,3000.0,296.25,3000.0,296.26,3000.0
1753600057145,07:07:37.145,bitmex,AAVE/USDT:USDT,295.9,3000.0,295.89,3000.0,296.26,3000.0,296.27,3000.0
1753600057203,07:07:37.203,bitmex,AAVE/USDT:USDT,295.9,3000.0,295.89,3000.0,296.25,3000.0,296.26,3000.0
1753600057253,07:07:37.253,bitmex,AAVE/USDT:USDT,295.9,3000.0,295.89,3000.0,296.25,3000.0,296.26,3000.0
1753600057302,07:07:37.302,bitmex,AAVE/USDT:USDT,295.9,3000.0,295.89,3000.0,296.26,3000.0,296.27,3000.0
1753600057351,07:07:37.351,bitmex,AAVE/USDT:USDT,295.9,3000.0,295.89,3000.0,296.27,3000.0,296.28,3000.0
1753600057400,07:07:37.400,bitmex,AAVE/USDT:USDT,295.9,3000.0,295.89,3000.0,296.27,3000.0,296.28,3000.0
1753600057449,07:07:37.449,bitmex,AAVE/USDT:USDT,295.9,3000.0,295.89,3000.0,296.27,3000.0,296.28,3000.0
1753600057897,07:07:37.897,bitmex,AAVE/USDT:USDT,295.9,3000.0,295.89,3000.0,296.27,3000.0,296.28,3000.0
1753600057985,07:07:37.985,bitmex,AAVE/USDT:USDT,295.9,3000.0,295.89,3000.0,296.27,3000.0,296.28,3000.0
1753600058034,07:07:38.034,bitmex,AAVE/USDT:USDT,295.9,3000.0,295.89,3000.0,296.27,3000.0,296.28,3000.0
1753600058700,07:07:38.700,bitmex,AAVE/USDT:USDT,295.9,3000.0,295.89,3000.0,296.28,3000.0,296.29,3000.0
1753600058750,07:07:38.750,bitmex,AAVE/USDT:USDT,295.89,3000.0,295.88,3000.0,296.29,3000.0,296.3,3000.0
1753600058861,07:07:38.861,bitmex,AAVE/USDT:USDT,295.89,3000.0,295.88,3000.0,296.29,3000.0,296.3,3000.0
1753600058911,07:07:38.911,bitmex,AAVE/USDT:USDT,295.89,3000.0,295.88,3000.0,296.29,3000.0,296.3,3000.0
1753600058983,07:07:38.983,bitmex,AAVE/USDT:USDT,295.89,3000.0,295.88,3000.0,296.29,3000.0,296.3,3000.0
1753600059033,07:07:39.033,bitmex,AAVE/USDT:USDT,295.89,3000.0,295.88,3000.0,296.29,3000.0,296.3,3000.0
1753600059664,07:07:39.664,bitmex,AAVE/USDT:USDT,295.89,3000.0,295.88,3000.0,296.3,3000.0,296.31,3000.0
1753600059714,07:07:39.714,bitmex,AAVE/USDT:USDT,295.9,3000.0,295.89,3000.0,296.27,3000.0,296.28,3000.0
1753600059935,07:07:39.935,bitmex,AAVE/USDT:USDT,295.9,3000.0,295.89,3000.0,296.27,3000.0,296.28,3000.0
1753600059984,07:07:39.984,bitmex,AAVE/USDT:USDT,295.9,3000.0,295.89,3000.0,296.28,3000.0,296.29,3000.0
1753600061435,07:07:41.435,bitmex,AAVE/USDT:USDT,295.9,3000.0,295.89,3000.0,296.28,3000.0,296.37,3000.0
1753600061435,07:07:41.435,bitmex,AAVE/USDT:USDT,295.9,3000.0,295.89,3000.0,296.27,3000.0,296.28,3000.0
1753600061503,07:07:41.503,bitmex,AAVE/USDT:USDT,295.9,3000.0,295.89,3000.0,296.28,3000.0,296.29,3000.0
1753600062193,07:07:42.193,bitmex,AAVE/USDT:USDT,295.9,3000.0,295.89,3000.0,296.29,3000.0,296.3,3000.0
1753600062242,07:07:42.242,bitmex,AAVE/USDT:USDT,295.9,3000.0,295.89,3000.0,296.28,3000.0,296.29,3000.0
1753600062298,07:07:42.298,bitmex,AAVE/USDT:USDT,295.9,3000.0,295.89,3000.0,296.29,3000.0,296.3,3000.0
1753600062347,07:07:42.347,bitmex,AAVE/USDT:USDT,295.9,3000.0,295.89,3000.0,296.28,3000.0,296.29,3000.0
1753600062496,07:07:42.496,bitmex,AAVE/USDT:USDT,295.9,3000.0,295.89,3000.0,296.29,3000.0,296.3,3000.0
1753600062545,07:07:42.545,bitmex,AAVE/USDT:USDT,295.9,3000.0,295.89,3000.0,296.28,3000.0,296.29,3000.0
1753600063023,07:07:43.023,bitmex,AAVE/USDT:USDT,295.9,3000.0,295.89,3000.0,296.29,3000.0,296.3,3000.0
1753600063073,07:07:43.073,bitmex,AAVE/USDT:USDT,295.9,3000.0,295.89,3000.0,296.28,3000.0,296.29,3000.0
1753600063149,07:07:43.149,bitmex,AAVE/USDT:USDT,295.9,3000.0,295.89,3000.0,296.27,3000.0,296.28,3000.0
1753600063198,07:07:43.198,bitmex,AAVE/USDT:USDT,295.9,3000.0,295.89,3000.0,296.27,3000.0,296.28,3000.0
1753600063334,07:07:43.334,bitmex,AAVE/USDT:USDT,295.9,3000.0,295.89,3000.0,296.28,3000.0,296.29,3000.0
1753600063384,07:07:43.384,bitmex,AAVE/USDT:USDT,295.9,3000.0,295.89,3000.0,296.28,3000.0,296.29,3000.0
1753600063662,07:07:43.662,bitmex,AAVE/USDT:USDT,295.9,3000.0,295.89,3000.0,296.28,3000.0,296.29,3000.0
1753600063711,07:07:43.711,bitmex,AAVE/USDT:USDT,295.9,3000.0,295.89,3000.0,296.28,3000.0,296.29,3000.0
1753600063760,07:07:43.760,bitmex,AAVE/USDT:USDT,295.9,3000.0,295.89,3000.0,296.28,3000.0,296.29,3000.0
1753600063809,07:07:43.809,bitmex,AAVE/USDT:USDT,295.9,3000.0,295.89,3000.0,296.27,3000.0,296.28,3000.0
1753600064069,07:07:44.069,bitmex,AAVE/USDT:USDT,295.9,3000.0,295.89,3000.0,296.28,3000.0,296.29,3000.0
1753600064159,07:07:44.159,bitmex,AAVE/USDT:USDT,295.9,3000.0,295.89,3000.0,296.27,3000.0,296.28,3000.0
1753600064209,07:07:44.209,bitmex,AAVE/USDT:USDT,295.9,3000.0,295.89,3000.0,296.28,3000.0,296.29,3000.0
1753600064258,07:07:44.258,bitmex,AAVE/USDT:USDT,295.9,3000.0,295.89,3000.0,296.28,3000.0,296.29,3000.0
1753600064777,07:07:44.777,bitmex,AAVE/USDT:USDT,295.9,3000.0,295.89,3000.0,296.29,3000.0,296.3,3000.0
1753600064843,07:07:44.843,bitmex,AAVE/USDT:USDT,295.9,3000.0,295.89,3000.0,296.28,3000.0,296.29,3000.0
1753600064893,07:07:44.893,bitmex,AAVE/USDT:USDT,295.9,3000.0,295.89,3000.0,296.27,3000.0,296.28,3000.0
1753600065466,07:07:45.466,bitmex,AAVE/USDT:USDT,295.9,3000.0,295.89,3000.0,296.27,3000.0,296.28,3000.0
1753600065566,07:07:45.566,bitmex,AAVE/USDT:USDT,295.9,3000.0,295.89,3000.0,296.27,3000.0,296.28,3000.0
1753600065972,07:07:45.972,bitmex,AAVE/USDT:USDT,295.9,3000.0,295.89,3000.0,296.27,3000.0,296.3,3000.0
1753600066022,07:07:46.022,bitmex,AAVE/USDT:USDT,295.9,3000.0,295.89,3000.0,296.28,3000.0,296.29,3000.0
1753600066239,07:07:46.239,bitmex,AAVE/USDT:USDT,295.9,3000.0,295.89,3000.0,296.27,3000.0,296.28,3000.0
1753600066572,07:07:46.572,bitmex,AAVE/USDT:USDT,295.9,3000.0,295.89,3000.0,296.27,3000.0,296.28,3000.0
1753600066636,07:07:46.636,bitmex,AAVE/USDT:USDT,295.9,3000.0,295.89,3000.0,296.27,3000.0,296.28,3000.0
1753600066782,07:07:46.782,bitmex,AAVE/USDT:USDT,295.9,3000.0,295.89,3000.0,296.28,3000.0,296.29,3000.0
1753600066831,07:07:46.831,bitmex,AAVE/USDT:USDT,295.89,3000.0,295.88,3000.0,296.3,3000.0,296.31,3000.0
1753600067025,07:07:47.025,bitmex,AAVE/USDT:USDT,295.89,3000.0,295.88,3000.0,296.29,3000.0,296.31,3000.0
1753600067075,07:07:47.075,bitmex,AAVE/USDT:USDT,295.9,3000.0,295.89,3000.0,296.27,3000.0,296.28,3000.0
1753600067313,07:07:47.313,bitmex,AAVE/USDT:USDT,295.9,3000.0,295.89,3000.0,296.28,3000.0,296.29,3000.0
1753600067363,07:07:47.363,bitmex,AAVE/USDT:USDT,295.9,3000.0,295.89,3000.0,296.28,3000.0,296.29,3000.0
1753600067711,07:07:47.711,bitmex,AAVE/USDT:USDT,295.9,3000.0,295.89,3000.0,296.28,3000.0,296.29,3000.0
1753600067761,07:07:47.761,bitmex,AAVE/USDT:USDT,295.9,3000.0,295.89,3000.0,296.28,3000.0,296.29,3000.0
1753600067985,07:07:47.985,bitmex,AAVE/USDT:USDT,295.9,3000.0,295.89,3000.0,296.27,3000.0,296.28,3000.0
1753600068077,07:07:48.077,bitmex,AAVE/USDT:USDT,295.91,3000.0,295.9,3000.0,296.27,3000.0,296.28,3000.0
1753600068126,07:07:48.126,bitmex,AAVE/USDT:USDT,295.9,3000.0,295.89,3000.0,296.27,3000.0,296.28,3000.0
1753600068462,07:07:48.462,bitmex,AAVE/USDT:USDT,295.9,3000.0,295.89,3000.0,296.27,3000.0,296.28,3000.0
1753600068512,07:07:48.512,bitmex,AAVE/USDT:USDT,295.9,3000.0,295.89,3000.0,296.27,3000.0,296.28,3000.0
1753600068884,07:07:48.884,bitmex,AAVE/USDT:USDT,295.9,3000.0,295.89,3000.0,296.27,3000.0,296.28,3000.0
1753600068933,07:07:48.933,bitmex,AAVE/USDT:USDT,295.9,3000.0,295.89,3000.0,296.27,3000.0,296.28,3000.0
1753600069123,07:07:49.123,bitmex,AAVE/USDT:USDT,295.9,3000.0,295.89,3000.0,296.28,3000.0,296.29,3000.0
1753600069251,07:07:49.251,bitmex,AAVE/USDT:USDT,295.9,3000.0,295.89,3000.0,296.27,3000.0,296.28,3000.0
1753600069549,07:07:49.549,bitmex,AAVE/USDT:USDT,295.9,3000.0,295.89,3000.0,296.26,3000.0,296.27,3000.0
1753600069619,07:07:49.619,bitmex,AAVE/USDT:USDT,295.9,3000.0,295.89,3000.0,296.27,3000.0,296.28,3000.0
1753600069703,07:07:49.703,bitmex,AAVE/USDT:USDT,295.9,3000.0,295.89,3000.0,296.27,3000.0,296.28,3000.0
1753600069752,07:07:49.752,bitmex,AAVE/USDT:USDT,295.91,3000.0,295.9,3000.0,296.25,3000.0,296.26,3000.0
1753600069830,07:07:49.830,bitmex,AAVE/USDT:USDT,295.9,3000.0,295.89,3000.0,296.25,3000.0,296.26,3000.0
1753600070061,07:07:50.061,bitmex,AAVE/USDT:USDT,295.9,3000.0,295.89,3000.0,296.25,3000.0,296.26,3000.0
1753600070111,07:07:50.111,bitmex,AAVE/USDT:USDT,295.9,3000.0,295.89,3000.0,296.25,3000.0,296.26,3000.0
1753600070477,07:07:50.477,bitmex,AAVE/USDT:USDT,295.9,3000.0,295.89,3000.0,296.26,3000.0,296.27,3000.0
1753600070527,07:07:50.527,bitmex,AAVE/USDT:USDT,295.9,3000.0,295.89,3000.0,296.25,3000.0,296.26,3000.0
1753600071224,07:07:51.224,bitmex,AAVE/USDT:USDT,295.9,3000.0,295.89,3000.0,296.25,3000.0,296.26,3000.0
1753600071274,07:07:51.274,bitmex,AAVE/USDT:USDT,295.9,3000.0,295.89,3000.0,296.25,3000.0,296.26,3000.0
1753600071337,07:07:51.337,bitmex,AAVE/USDT:USDT,295.9,3000.0,295.89,3000.0,296.26,3000.0,296.27,3000.0
1753600072281,07:07:52.281,bitmex,AAVE/USDT:USDT,295.9,3000.0,295.89,3000.0,296.25,3000.0,296.26,3000.0
1753600072372,07:07:52.372,bitmex,AAVE/USDT:USDT,295.9,3000.0,295.89,3000.0,296.26,3000.0,296.27,3000.0
1753600072423,07:07:52.423,bitmex,AAVE/USDT:USDT,295.9,3000.0,295.89,3000.0,296.27,3000.0,296.28,3000.0
1753600072472,07:07:52.472,bitmex,AAVE/USDT:USDT,295.9,3000.0,295.89,3000.0,296.27,3000.0,296.28,3000.0
1753600072521,07:07:52.521,bitmex,AAVE/USDT:USDT,295.9,3000.0,295.89,3000.0,296.26,3000.0,296.27,3000.0
1753600072703,07:07:52.703,bitmex,AAVE/USDT:USDT,295.9,3000.0,295.89,3000.0,296.27,3000.0,296.28,3000.0
1753600072859,07:07:52.859,bitmex,AAVE/USDT:USDT,295.9,3000.0,295.89,3000.0,296.26,3000.0,296.27,3000.0
1753600073184,07:07:53.184,bitmex,AAVE/USDT:USDT,295.91,3000.0,295.9,3000.0,296.26,3000.0,296.27,3000.0
1753600073233,07:07:53.233,bitmex,AAVE/USDT:USDT,295.9,3000.0,295.89,3000.0,296.27,3000.0,296.28,3000.0
1753600073282,07:07:53.282,bitmex,AAVE/USDT:USDT,295.9,3000.0,295.89,3000.0,296.27,3000.0,296.28,3000.0
1753600073338,07:07:53.338,bitmex,AAVE/USDT:USDT,295.9,3000.0,295.89,3000.0,296.28,3000.0,296.29,3000.0
1753600073522,07:07:53.522,bitmex,AAVE/USDT:USDT,295.9,3000.0,295.89,3000.0,296.27,3000.0,296.28,3000.0
1753600074464,07:07:54.464,bitmex,AAVE/USDT:USDT,295.9,3000.0,295.89,3000.0,296.28,3000.0,296.29,3000.0
1753600074514,07:07:54.514,bitmex,AAVE/USDT:USDT,295.9,3000.0,295.89,3000.0,296.27,3000.0,296.28,3000.0
1753600074745,07:07:54.745,bitmex,AAVE/USDT:USDT,295.9,3000.0,295.89,3000.0,296.27,3000.0,296.28,3000.0
1753600076170,07:07:56.170,bitmex,AAVE/USDT:USDT,295.91,3000.0,295.9,3000.0,296.27,3000.0,296.28,3000.0
1753600076219,07:07:56.219,bitmex,AAVE/USDT:USDT,295.91,3000.0,295.9,3000.0,296.26,3000.0,296.27,3000.0
1753600076268,07:07:56.268,bitmex,AAVE/USDT:USDT,295.9,3000.0,295.89,3000.0,296.26,3000.0,296.27,3000.0
1753600078062,07:07:58.062,bitmex,AAVE/USDT:USDT,295.9,3000.0,295.89,3000.0,296.26,3000.0,296.27,3000.0
1753600078111,07:07:58.111,bitmex,AAVE/USDT:USDT,295.9,3000.0,295.89,3000.0,296.26,3000.0,296.27,3000.0
1753600078546,07:07:58.546,bitmex,AAVE/USDT:USDT,295.9,3000.0,295.89,3000.0,296.27,3000.0,296.28,3000.0
1753600078596,07:07:58.596,bitmex,AAVE/USDT:USDT,295.89,3000.0,295.88,3000.0,296.27,3000.0,296.28,3000.0
1753600078710,07:07:58.710,bitmex,AAVE/USDT:USDT,295.9,3000.0,295.89,3000.0,296.27,3000.0,296.28,3000.0
1753600079747,07:07:59.747,bitmex,AAVE/USDT:USDT,295.91,3000.0,295.9,3000.0,296.27,3000.0,296.28,3000.0
1753600079797,07:07:59.797,bitmex,AAVE/USDT:USDT,295.91,3000.0,295.9,3000.0,296.26,3000.0,296.27,3000.0
1753600079846,07:07:59.846,bitmex,AAVE/USDT:USDT,295.91,3000.0,295.9,3000.0,296.25,3000.0,296.26,3000.0
1753600079895,07:07:59.895,bitmex,AAVE/USDT:USDT,295.91,3000.0,295.9,3000.0,296.25,3000.0,296.26,3000.0
1753600080212,07:08:00.212,bitmex,AAVE/USDT:USDT,295.91,3000.0,295.9,3000.0,296.25,3000.0,296.28,3000.0
1753600080261,07:08:00.261,bitmex,AAVE/USDT:USDT,295.9,3000.0,295.89,3000.0,296.27,3000.0,296.28,3000.0
1753600080326,07:08:00.326,bitmex,AAVE/USDT:USDT,295.9,3000.0,295.89,3000.0,296.26,3000.0,296.27,3000.0
1753600082623,07:08:02.623,bitmex,AAVE/USDT:USDT,295.9,3000.0,295.89,3000.0,296.27,3000.0,296.28,3000.0
1753600082673,07:08:02.673,bitmex,AAVE/USDT:USDT,295.9,3000.0,295.89,3000.0,296.27,6000.0,296.28,3000.0
1753600082722,07:08:02.722,bitmex,AAVE/USDT:USDT,295.9,3000.0,295.89,3000.0,296.26,6000.0,296.27,3000.0
1753600082771,07:08:02.771,bitmex,AAVE/USDT:USDT,295.9,3000.0,295.89,3000.0,296.26,3000.0,296.27,3000.0
1753600082820,07:08:02.820,bitmex,AAVE/USDT:USDT,295.91,3000.0,295.9,3000.0,296.25,3000.0,296.26,6000.0
1753600082869,07:08:02.869,bitmex,AAVE/USDT:USDT,295.91,3000.0,295.9,3000.0,296.25,3000.0,296.26,6000.0
1753600082918,07:08:02.918,bitmex,AAVE/USDT:USDT,295.91,3000.0,295.9,3000.0,296.25,3000.0,296.26,6000.0
1753600082967,07:08:02.967,bitmex,AAVE/USDT:USDT,295.91,3000.0,295.9,3000.0,296.26,3000.0,296.27,3000.0
1753600083017,07:08:03.017,bitmex,AAVE/USDT:USDT,295.91,3000.0,295.9,3000.0,296.26,3000.0,296.27,3000.0
1753600083066,07:08:03.066,bitmex,AAVE/USDT:USDT,295.91,3000.0,295.9,3000.0,296.26,3000.0,296.27,3000.0
1753600083122,07:08:03.122,bitmex,AAVE/USDT:USDT,295.9,3000.0,295.89,3000.0,296.26,3000.0,296.27,3000.0
1753600083172,07:08:03.172,bitmex,AAVE/USDT:USDT,295.91,3000.0,295.9,3000.0,296.27,3000.0,296.28,3000.0
1753600083221,07:08:03.221,bitmex,AAVE/USDT:USDT,295.91,3000.0,295.9,3000.0,296.26,3000.0,296.27,3000.0
1753600083270,07:08:03.270,bitmex,AAVE/USDT:USDT,295.91,3000.0,295.9,3000.0,296.25,3000.0,296.26,3000.0
1753600083953,07:08:03.953,bitmex,AAVE/USDT:USDT,295.91,3000.0,295.9,3000.0,296.26,3000.0,296.27,3000.0
1753600084145,07:08:04.145,bitmex,AAVE/USDT:USDT,295.9,3000.0,295.89,3000.0,296.26,3000.0,296.27,3000.0
1753600084194,07:08:04.194,bitmex,AAVE/USDT:USDT,295.91,3000.0,295.9,3000.0,296.26,3000.0,296.27,3000.0
1753600084349,07:08:04.349,bitmex,AAVE/USDT:USDT,295.91,3000.0,295.9,3000.0,296.26,3000.0,296.27,3000.0
1753600084398,07:08:04.398,bitmex,AAVE/USDT:USDT,295.91,3000.0,295.9,3000.0,296.26,3000.0,296.27,3000.0
1753600084553,07:08:04.553,bitmex,AAVE/USDT:USDT,295.9,3000.0,295.89,3000.0,296.26,3000.0,296.27,3000.0
1753600084655,07:08:04.655,bitmex,AAVE/USDT:USDT,295.91,3000.0,295.9,3000.0,296.26,3000.0,296.27,3000.0
1753600084738,07:08:04.738,bitmex,AAVE/USDT:USDT,295.91,3000.0,295.9,3000.0,296.25,3000.0,296.26,3000.0
1753600084913,07:08:04.913,bitmex,AAVE/USDT:USDT,295.91,3000.0,295.9,3000.0,296.26,3000.0,296.27,3000.0
1753600085514,07:08:05.514,bitmex,AAVE/USDT:USDT,295.9,3000.0,295.89,3000.0,296.26,3000.0,296.27,3000.0
1753600085563,07:08:05.563,bitmex,AAVE/USDT:USDT,295.91,3000.0,295.9,3000.0,296.26,3000.0,296.27,3000.0
1753600085612,07:08:05.612,bitmex,AAVE/USDT:USDT,295.91,3000.0,295.9,3000.0,296.26,3000.0,296.27,3000.0
1753600085661,07:08:05.661,bitmex,AAVE/USDT:USDT,295.91,3000.0,295.9,3000.0,296.25,3000.0,296.26,3000.0
1753600086457,07:08:06.457,bitmex,AAVE/USDT:USDT,295.91,3000.0,295.9,3000.0,296.26,3000.0,296.27,3000.0
1753600086507,07:08:06.507,bitmex,AAVE/USDT:USDT,295.91,3000.0,295.9,3000.0,296.25,3000.0,296.26,3000.0
1753600086556,07:08:06.556,bitmex,AAVE/USDT:USDT,295.91,3000.0,295.9,3000.0,296.25,3000.0,296.26,3000.0
1753600086742,07:08:06.742,bitmex,AAVE/USDT:USDT,295.91,3000.0,295.9,3000.0,296.26,3000.0,296.27,3000.0
1753600087511,07:08:07.511,bitmex,AAVE/USDT:USDT,295.91,3000.0,295.9,3000.0,296.25,3000.0,296.26,3000.0
1753600087561,07:08:07.561,bitmex,AAVE/USDT:USDT,295.91,3000.0,295.9,3000.0,296.26,3000.0,296.27,3000.0
1753600087662,07:08:07.662,bitmex,AAVE/USDT:USDT,295.91,3000.0,295.9,3000.0,296.26,3000.0,296.27,3000.0
1753600087712,07:08:07.712,bitmex,AAVE/USDT:USDT,295.91,3000.0,295.9,3000.0,296.26,3000.0,296.27,3000.0
1753600087761,07:08:07.761,bitmex,AAVE/USDT:USDT,295.91,3000.0,295.9,3000.0,296.26,3000.0,296.27,3000.0
1753600087810,07:08:07.810,bitmex,AAVE/USDT:USDT,295.91,3000.0,295.9,3000.0,296.26,3000.0,296.27,3000.0
1753600087859,07:08:07.859,bitmex,AAVE/USDT:USDT,295.91,3000.0,295.9,3000.0,296.25,3000.0,296.26,3000.0
1753600087908,07:08:07.908,bitmex,AAVE/USDT:USDT,295.91,3000.0,295.9,3000.0,296.25,3000.0,296.26,3000.0
1753600087957,07:08:07.957,bitmex,AAVE/USDT:USDT,295.91,3000.0,295.9,3000.0,296.26,3000.0,296.27,3000.0
1753600088006,07:08:08.006,bitmex,AAVE/USDT:USDT,295.9,3000.0,295.89,3000.0,296.28,3000.0,296.29,3000.0
1753600088512,07:08:08.512,bitmex,AAVE/USDT:USDT,295.92,3000.0,295.89,3000.0,296.28,3000.0,296.29,3000.0
1753600088562,07:08:08.562,bitmex,AAVE/USDT:USDT,295.93,3000.0,295.92,3000.0,296.28,3000.0,296.29,3000.0
1753600088611,07:08:08.611,bitmex,AAVE/USDT:USDT,295.94,3000.0,295.93,3000.0,296.29,3000.0,296.3,3000.0
1753600088660,07:08:08.660,bitmex,AAVE/USDT:USDT,295.94,3000.0,295.93,3000.0,296.29,3000.0,296.3,3000.0
1753600088847,07:08:08.847,bitmex,AAVE/USDT:USDT,295.94,3000.0,295.93,3000.0,296.29,3000.0,296.3,3000.0
1753600088896,07:08:08.896,bitmex,AAVE/USDT:USDT,295.94,3000.0,295.93,3000.0,296.29,3000.0,296.3,3000.0
1753600088945,07:08:08.945,bitmex,AAVE/USDT:USDT,295.95,3000.0,295.94,3000.0,296.31,3000.0,296.32,3000.0
1753600088994,07:08:08.994,bitmex,AAVE/USDT:USDT,295.95,3000.0,295.94,3000.0,296.32,3000.0,296.33,3000.0
1753600089427,07:08:09.427,bitmex,AAVE/USDT:USDT,295.95,3000.0,295.94,3000.0,296.32,3000.0,296.33,3000.0
1753600089477,07:08:09.477,bitmex,AAVE/USDT:USDT,295.95,3000.0,295.94,3000.0,296.32,3000.0,296.33,3000.0
1753600089972,07:08:09.972,bitmex,AAVE/USDT:USDT,295.95,3000.0,295.94,3000.0,296.33,3000.0,296.34,3000.0
1753600090042,07:08:10.042,bitmex,AAVE/USDT:USDT,295.95,3000.0,295.94,3000.0,296.32,3000.0,296.33,3000.0
1753600090091,07:08:10.091,bitmex,AAVE/USDT:USDT,295.96,3000.0,295.95,3000.0,296.33,3000.0,296.34,3000.0
1753600090238,07:08:10.238,bitmex,AAVE/USDT:USDT,295.97,3000.0,295.96,3000.0,296.33,3000.0,296.34,3000.0
1753600090288,07:08:10.288,bitmex,AAVE/USDT:USDT,295.99,3000.0,295.98,3000.0,296.33,3000.0,296.34,3000.0
1753600090337,07:08:10.337,bitmex,AAVE/USDT:USDT,295.99,3000.0,295.98,3000.0,296.34,3000.0,296.35,3000.0
1753600090386,07:08:10.386,bitmex,AAVE/USDT:USDT,295.99,3000.0,295.98,3000.0,296.34,3000.0,296.35,3000.0
1753600091273,07:08:11.273,bitmex,AAVE/USDT:USDT,295.99,3000.0,295.98,3000.0,296.33,3000.0,296.34,3000.0
1753600091375,07:08:11.375,bitmex,AAVE/USDT:USDT,295.99,3000.0,295.98,3000.0,296.33,3000.0,296.34,3000.0
1753600091424,07:08:11.424,bitmex,AAVE/USDT:USDT,295.99,3000.0,295.98,3000.0,296.34,3000.0,296.35,3000.0
1753600091632,07:08:11.632,bitmex,AAVE/USDT:USDT,295.99,3000.0,295.98,3000.0,296.33,3000.0,296.34,3000.0
1753600091681,07:08:11.681,bitmex,AAVE/USDT:USDT,295.99,3000.0,295.98,3000.0,296.33,3000.0,296.34,3000.0
1753600091958,07:08:11.958,bitmex,AAVE/USDT:USDT,295.99,3000.0,295.98,3000.0,296.34,3000.0,296.35,3000.0
1753600092322,07:08:12.322,bitmex,AAVE/USDT:USDT,295.99,3000.0,295.98,3000.0,296.31,3000.0,296.32,3000.0
1753600092463,07:08:12.463,bitmex,AAVE/USDT:USDT,295.99,3000.0,295.98,3000.0,296.31,3000.0,296.32,3000.0
1753600092512,07:08:12.512,bitmex,AAVE/USDT:USDT,295.97,3000.0,295.96,3000.0,296.3,3000.0,296.31,3000.0
1753600092561,07:08:12.561,bitmex,AAVE/USDT:USDT,295.97,3000.0,295.96,3000.0,296.3,3000.0,296.31,3000.0
1753600092684,07:08:12.684,bitmex,AAVE/USDT:USDT,295.97,3000.0,295.96,3000.0,296.29,3000.0,296.3,3000.0
1753600092733,07:08:12.733,bitmex,AAVE/USDT:USDT,295.97,3000.0,295.96,3000.0,296.29,3000.0,296.3,3000.0
1753600093305,07:08:13.305,bitmex,AAVE/USDT:USDT,295.96,3000.0,295.95,3000.0,296.29,3000.0,296.3,3000.0
1753600093355,07:08:13.355,bitmex,AAVE/USDT:USDT,295.97,3000.0,295.96,3000.0,296.3,3000.0,296.31,3000.0
1753600093404,07:08:13.404,bitmex,AAVE/USDT:USDT,295.97,3000.0,295.96,3000.0,296.31,3000.0,296.32,3000.0
1753600093460,07:08:13.460,bitmex,AAVE/USDT:USDT,295.97,3000.0,295.96,3000.0,296.3,3000.0,296.31,3000.0
1753600093874,07:08:13.874,bitmex,AAVE/USDT:USDT,295.97,3000.0,295.96,3000.0,296.31,3000.0,296.32,3000.0
1753600093980,07:08:13.980,bitmex,AAVE/USDT:USDT,295.98,3000.0,295.97,3000.0,296.31,3000.0,296.32,3000.0
1753600094030,07:08:14.030,bitmex,AAVE/USDT:USDT,295.98,3000.0,295.97,3000.0,296.31,3000.0,296.32,3000.0
1753600094079,07:08:14.079,bitmex,AAVE/USDT:USDT,295.98,3000.0,295.97,3000.0,296.32,3000.0,296.33,3000.0
1753600094154,07:08:14.154,bitmex,AAVE/USDT:USDT,295.98,3000.0,295.97,3000.0,296.32,3000.0,296.33,3000.0
1753600094204,07:08:14.204,bitmex,AAVE/USDT:USDT,295.98,3000.0,295.97,3000.0,296.32,3000.0,296.33,3000.0
1753600094253,07:08:14.253,bitmex,AAVE/USDT:USDT,295.98,3000.0,295.97,3000.0,296.32,3000.0,296.33,3000.0
1753600094304,07:08:14.304,bitmex,AAVE/USDT:USDT,295.98,3000.0,295.97,3000.0,296.31,3000.0,296.32,3000.0
1753600094368,07:08:14.368,bitmex,AAVE/USDT:USDT,295.97,3000.0,295.96,3000.0,296.31,3000.0,296.32,3000.0
1753600094417,07:08:14.417,bitmex,AAVE/USDT:USDT,295.96,3000.0,295.95,3000.0,296.3,3000.0,296.31,3000.0
1753600094927,07:08:14.927,bitmex,AAVE/USDT:USDT,295.96,3000.0,295.95,3000.0,296.3,3000.0,296.31,3000.0
1753600094977,07:08:14.977,bitmex,AAVE/USDT:USDT,295.96,3000.0,295.95,3000.0,296.3,3000.0,296.31,3000.0
1753600095236,07:08:15.236,bitmex,AAVE/USDT:USDT,295.96,3000.0,295.95,3000.0,296.3,3000.0,296.31,3000.0
1753600095972,07:08:15.972,bitmex,AAVE/USDT:USDT,295.96,3000.0,295.95,3000.0,296.29,3000.0,296.3,3000.0
1753600096021,07:08:16.021,bitmex,AAVE/USDT:USDT,295.96,3000.0,295.95,3000.0,296.3,3000.0,296.31,3000.0
1753600096105,07:08:16.105,bitmex,AAVE/USDT:USDT,295.96,3000.0,295.95,3000.0,296.3,3000.0,296.31,3000.0
1753600096173,07:08:16.173,bitmex,AAVE/USDT:USDT,295.96,3000.0,295.95,3000.0,296.3,3000.0,296.31,3000.0
1753600096595,07:08:16.595,bitmex,AAVE/USDT:USDT,295.96,3000.0,295.95,3000.0,296.29,3000.0,296.3,3000.0
1753600097208,07:08:17.208,bitmex,AAVE/USDT:USDT,295.96,3000.0,295.95,3000.0,296.29,3000.0,296.3,3000.0
1753600097258,07:08:17.258,bitmex,AAVE/USDT:USDT,295.96,3000.0,295.95,3000.0,296.29,3000.0,296.3,3000.0
1753600097307,07:08:17.307,bitmex,AAVE/USDT:USDT,295.96,3000.0,295.95,3000.0,296.29,3000.0,296.3,3000.0
1753600097598,07:08:17.598,bitmex,AAVE/USDT:USDT,295.96,3000.0,295.95,3000.0,296.3,3000.0,296.31,3000.0
1753600098313,07:08:18.313,bitmex,AAVE/USDT:USDT,295.96,3000.0,295.95,3000.0,296.31,3000.0,296.32,3000.0
1753600098362,07:08:18.362,bitmex,AAVE/USDT:USDT,295.97,3000.0,295.96,3000.0,296.31,3000.0,296.32,3000.0
1753600098471,07:08:18.471,bitmex,AAVE/USDT:USDT,295.97,3000.0,295.96,3000.0,296.31,3000.0,296.32,3000.0
1753600098544,07:08:18.544,bitmex,AAVE/USDT:USDT,295.97,3000.0,295.96,3000.0,296.31,3000.0,296.32,3000.0
1753600099343,07:08:19.343,bitmex,AAVE/USDT:USDT,295.97,3000.0,295.96,3000.0,296.3,3000.0,296.31,3000.0
1753600100272,07:08:20.272,bitmex,AAVE/USDT:USDT,295.97,3000.0,295.96,3000.0,296.3,3000.0,296.31,3000.0
1753600100321,07:08:20.321,bitmex,AAVE/USDT:USDT,295.97,3000.0,295.96,3000.0,296.3,3000.0,296.31,3000.0
1753600100793,07:08:20.793,bitmex,AAVE/USDT:USDT,295.97,3000.0,295.96,3000.0,296.31,3000.0,296.32,3000.0
1753600100842,07:08:20.842,bitmex,AAVE/USDT:USDT,295.97,3000.0,295.96,3000.0,296.3,3000.0,296.31,3000.0
1753600100907,07:08:20.907,bitmex,AAVE/USDT:USDT,295.97,3000.0,295.96,3000.0,296.31,3000.0,296.32,3000.0
1753600101135,07:08:21.135,bitmex,AAVE/USDT:USDT,295.97,3000.0,295.96,3000.0,296.31,3000.0,296.32,3000.0
1753600101185,07:08:21.185,bitmex,AAVE/USDT:USDT,295.97,3000.0,295.96,3000.0,296.31,3000.0,296.32,3000.0
1753600101497,07:08:21.497,bitmex,AAVE/USDT:USDT,295.97,3000.0,295.96,3000.0,296.3,3000.0,296.31,3000.0
1753600102006,07:08:22.006,bitmex,AAVE/USDT:USDT,295.97,3000.0,295.96,3000.0,296.31,3000.0,296.32,3000.0
1753600102064,07:08:22.064,bitmex,AAVE/USDT:USDT,295.97,3000.0,295.96,3000.0,296.31,3000.0,296.32,3000.0
1753600102113,07:08:22.113,bitmex,AAVE/USDT:USDT,295.97,3000.0,295.96,3000.0,296.3,3000.0,296.31,3000.0
1753600102162,07:08:22.162,bitmex,AAVE/USDT:USDT,295.97,3000.0,295.96,3000.0,296.31,3000.0,296.32,3000.0
1753600102462,07:08:22.462,bitmex,AAVE/USDT:USDT,295.97,3000.0,295.96,3000.0,296.3,3000.0,296.31,3000.0
1753600102512,07:08:22.512,bitmex,AAVE/USDT:USDT,295.97,3000.0,295.96,3000.0,296.31,3000.0,296.32,3000.0
1753600102580,07:08:22.580,bitmex,AAVE/USDT:USDT,295.97,3000.0,295.96,3000.0,296.3,3000.0,296.31,3000.0
1753600102754,07:08:22.754,bitmex,AAVE/USDT:USDT,295.97,3000.0,295.96,3000.0,296.29,3000.0,296.3,3000.0
1753600102804,07:08:22.804,bitmex,AAVE/USDT:USDT,295.95,3000.0,295.94,3000.0,296.28,3000.0,296.29,3000.0
1753600102853,07:08:22.853,bitmex,AAVE/USDT:USDT,295.94,3000.0,295.93,3000.0,296.27,3000.0,296.28,3000.0
1753600102902,07:08:22.902,bitmex,AAVE/USDT:USDT,295.94,3000.0,295.93,3000.0,296.27,3000.0,296.28,3000.0
1753600103263,07:08:23.263,bitmex,AAVE/USDT:USDT,295.95,3000.0,295.94,3000.0,296.27,3000.0,296.28,3000.0
1753600103348,07:08:23.348,bitmex,AAVE/USDT:USDT,295.94,3000.0,295.93,3000.0,296.27,3000.0,296.28,3000.0
1753600103653,07:08:23.653,bitmex,AAVE/USDT:USDT,295.94,3000.0,295.93,3000.0,296.27,3000.0,296.28,3000.0
1753600103703,07:08:23.703,bitmex,AAVE/USDT:USDT,295.94,3000.0,295.93,3000.0,296.27,3000.0,296.28,3000.0
1753600104314,07:08:24.314,bitmex,AAVE/USDT:USDT,295.95,3000.0,295.94,3000.0,296.27,3000.0,296.28,3000.0
1753600104363,07:08:24.363,bitmex,AAVE/USDT:USDT,295.95,3000.0,295.94,3000.0,296.28,3000.0,296.29,3000.0
1753600104412,07:08:24.412,bitmex,AAVE/USDT:USDT,295.95,3000.0,295.94,3000.0,296.28,3000.0,296.29,3000.0
1753600104461,07:08:24.461,bitmex,AAVE/USDT:USDT,295.95,3000.0,295.94,3000.0,296.28,3000.0,296.29,3000.0
1753600105063,07:08:25.063,bitmex,AAVE/USDT:USDT,295.95,3000.0,295.94,3000.0,296.29,3000.0,296.3,3000.0
1753600105113,07:08:25.113,bitmex,AAVE/USDT:USDT,295.95,3000.0,295.94,3000.0,296.28,3000.0,296.29,3000.0
1753600105605,07:08:25.605,bitmex,AAVE/USDT:USDT,295.95,3000.0,295.94,3000.0,296.28,3000.0,296.29,3000.0
1753600105655,07:08:25.655,bitmex,AAVE/USDT:USDT,295.95,3000.0,295.94,3000.0,296.28,3000.0,296.29,3000.0
1753600105947,07:08:25.947,bitmex,AAVE/USDT:USDT,295.95,3000.0,295.94,3000.0,296.29,3000.0,296.3,3000.0
1753600105996,07:08:25.996,bitmex,AAVE/USDT:USDT,295.95,3000.0,295.94,3000.0,296.29,3000.0,296.3,3000.0
1753600106045,07:08:26.045,bitmex,AAVE/USDT:USDT,295.94,3000.0,295.93,3000.0,296.31,3000.0,296.32,3000.0
1753600106094,07:08:26.094,bitmex,AAVE/USDT:USDT,295.94,3000.0,295.93,3000.0,296.32,3000.0,296.33,3000.0
1753600106143,07:08:26.143,bitmex,AAVE/USDT:USDT,295.94,3000.0,295.93,3000.0,296.31,3000.0,296.32,3000.0
1753600106192,07:08:26.192,bitmex,AAVE/USDT:USDT,295.94,3000.0,295.93,3000.0,296.32,3000.0,296.33,3000.0
1753600106313,07:08:26.313,bitmex,AAVE/USDT:USDT,295.94,3000.0,295.93,3000.0,296.31,3000.0,296.32,3000.0
1753600106363,07:08:26.363,bitmex,AAVE/USDT:USDT,295.96,3000.0,295.95,3000.0,296.32,3000.0,296.33,3000.0
1753600106514,07:08:26.514,bitmex,AAVE/USDT:USDT,295.96,3000.0,295.95,3000.0,296.33,3000.0,296.34,3000.0
1753600106563,07:08:26.563,bitmex,AAVE/USDT:USDT,295.97,3000.0,295.96,3000.0,296.33,3000.0,296.34,3000.0
1753600106625,07:08:26.625,bitmex,AAVE/USDT:USDT,295.99,3000.0,295.96,3000.0,296.33,3000.0,296.34,3000.0
1753600106675,07:08:26.675,bitmex,AAVE/USDT:USDT,295.98,3000.0,295.97,3000.0,296.34,3000.0,296.35,3000.0
1753600106739,07:08:26.739,bitmex,AAVE/USDT:USDT,295.98,3000.0,295.97,3000.0,296.34,3000.0,296.35,3000.0
1753600106794,07:08:26.794,bitmex,AAVE/USDT:USDT,295.98,3000.0,295.97,3000.0,296.34,3000.0,296.35,3000.0
1753600106843,07:08:26.843,bitmex,AAVE/USDT:USDT,295.99,3000.0,295.98,3000.0,296.33,3000.0,296.34,3000.0
1753600106892,07:08:26.892,bitmex,AAVE/USDT:USDT,295.99,3000.0,295.98,3000.0,296.33,3000.0,296.34,3000.0
1753600106981,07:08:26.981,bitmex,AAVE/USDT:USDT,295.99,3000.0,295.98,3000.0,296.32,3000.0,296.33,3000.0
1753600107109,07:08:27.109,bitmex,AAVE/USDT:USDT,295.99,3000.0,295.98,3000.0,296.33,3000.0,296.34,3000.0
1753600107158,07:08:27.158,bitmex,AAVE/USDT:USDT,295.98,3000.0,295.97,3000.0,296.35,3000.0,296.36,3000.0
1753600107226,07:08:27.226,bitmex,AAVE/USDT:USDT,295.98,3000.0,295.97,3000.0,296.36,3000.0,296.37,6000.0
1753600107275,07:08:27.275,bitmex,AAVE/USDT:USDT,295.98,3000.0,295.97,3000.0,296.35,3000.0,296.36,3000.0
1753600107348,07:08:27.348,bitmex,AAVE/USDT:USDT,295.99,3000.0,295.98,3000.0,296.35,3000.0,296.36,3000.0
1753600107397,07:08:27.397,bitmex,AAVE/USDT:USDT,295.99,3000.0,295.98,3000.0,296.33,3000.0,296.34,3000.0
1753600107463,07:08:27.463,bitmex,AAVE/USDT:USDT,295.99,3000.0,295.98,3000.0,296.32,3000.0,296.33,3000.0
1753600107513,07:08:27.513,bitmex,AAVE/USDT:USDT,295.99,3000.0,295.98,3000.0,296.31,3000.0,296.32,3000.0
1753600107562,07:08:27.562,bitmex,AAVE/USDT:USDT,295.96,3000.0,295.95,3000.0,296.3,3000.0,296.31,3000.0
1753600107663,07:08:27.663,bitmex,AAVE/USDT:USDT,295.96,3000.0,295.95,3000.0,296.29,3000.0,296.3,3000.0
1753600107712,07:08:27.712,bitmex,AAVE/USDT:USDT,295.96,3000.0,295.95,3000.0,296.3,3000.0,296.31,3000.0
1753600107761,07:08:27.761,bitmex,AAVE/USDT:USDT,295.97,3000.0,295.96,3000.0,296.3,3000.0,296.31,3000.0
1753600107810,07:08:27.810,bitmex,AAVE/USDT:USDT,295.97,3000.0,295.96,3000.0,296.31,3000.0,296.32,3000.0
1753600107882,07:08:27.882,bitmex,AAVE/USDT:USDT,295.97,3000.0,295.96,3000.0,296.32,3000.0,296.33,3000.0
1753600107946,07:08:27.946,bitmex,AAVE/USDT:USDT,295.97,3000.0,295.96,3000.0,296.32,3000.0,296.33,3000.0
1753600107996,07:08:27.996,bitmex,AAVE/USDT:USDT,295.97,3000.0,295.96,3000.0,296.32,3000.0,296.33,3000.0
1753600108045,07:08:28.045,bitmex,AAVE/USDT:USDT,295.97,3000.0,295.96,3000.0,296.32,3000.0,296.33,3000.0
1753600108152,07:08:28.152,bitmex,AAVE/USDT:USDT,295.97,3000.0,295.96,3000.0,296.33,3000.0,296.34,3000.0
1753600108201,07:08:28.201,bitmex,AAVE/USDT:USDT,295.97,3000.0,295.96,3000.0,296.31,3000.0,296.32,3000.0
1753600108280,07:08:28.280,bitmex,AAVE/USDT:USDT,295.97,3000.0,295.96,3000.0,296.32,3000.0,296.33,3000.0
1753600108401,07:08:28.401,bitmex,AAVE/USDT:USDT,295.97,3000.0,295.96,3000.0,296.33,3000.0,296.34,3000.0
1753600109085,07:08:29.085,bitmex,AAVE/USDT:USDT,295.97,3000.0,295.96,3000.0,296.33,3000.0,296.34,3000.0
1753600109135,07:08:29.135,bitmex,AAVE/USDT:USDT,295.97,3000.0,295.96,3000.0,296.33,3000.0,296.34,3000.0
1753600109184,07:08:29.184,bitmex,AAVE/USDT:USDT,295.97,3000.0,295.96,3000.0,296.33,3000.0,296.34,3000.0
1753600109233,07:08:29.233,bitmex,AAVE/USDT:USDT,295.97,3000.0,295.96,3000.0,296.32,3000.0,296.33,3000.0
1753600109321,07:08:29.321,bitmex,AAVE/USDT:USDT,295.97,3000.0,295.96,3000.0,296.31,3000.0,296.32,3000.0
1753600110276,07:08:30.276,bitmex,AAVE/USDT:USDT,295.97,3000.0,295.96,3000.0,296.31,3000.0,296.32,3000.0
1753600110326,07:08:30.326,bitmex,AAVE/USDT:USDT,295.97,3000.0,295.96,3000.0,296.31,3000.0,296.32,3000.0
1753600110375,07:08:30.375,bitmex,AAVE/USDT:USDT,295.97,3000.0,295.96,3000.0,296.31,3000.0,296.32,3000.0
1753600110424,07:08:30.424,bitmex,AAVE/USDT:USDT,295.97,3000.0,295.96,3000.0,296.3,3000.0,296.31,3000.0
1753600110564,07:08:30.564,bitmex,AAVE/USDT:USDT,295.97,3000.0,295.96,3000.0,296.31,3000.0,296.32,3000.0
1753600110694,07:08:30.694,bitmex,AAVE/USDT:USDT,295.97,3000.0,295.96,3000.0,296.3,3000.0,296.31,3000.0
1753600110759,07:08:30.759,bitmex,AAVE/USDT:USDT,295.97,3000.0,295.96,3000.0,296.31,3000.0,296.32,3000.0
1753600110809,07:08:30.809,bitmex,AAVE/USDT:USDT,295.97,3000.0,295.96,3000.0,296.32,3000.0,296.33,3000.0
1753600110858,07:08:30.858,bitmex,AAVE/USDT:USDT,295.98,3000.0,295.97,3000.0,296.36,3000.0,296.37,6000.0
1753600110907,07:08:30.907,bitmex,AAVE/USDT:USDT,295.99,3000.0,295.98,3000.0,296.36,3000.0,296.37,6000.0
1753600110956,07:08:30.956,bitmex,AAVE/USDT:USDT,295.99,3000.0,295.98,3000.0,296.35,3000.0,296.36,3000.0
1753600111053,07:08:31.053,bitmex,AAVE/USDT:USDT,295.99,3000.0,295.98,3000.0,296.36,3000.0,296.37,6000.0
1753600111102,07:08:31.102,bitmex,AAVE/USDT:USDT,295.99,3000.0,295.98,3000.0,296.36,3000.0,296.37,6000.0
1753600111270,07:08:31.270,bitmex,AAVE/USDT:USDT,295.99,3000.0,295.98,3000.0,296.35,3000.0,296.36,3000.0
1753600111393,07:08:31.393,bitmex,AAVE/USDT:USDT,295.99,3000.0,295.98,3000.0,296.35,3000.0,296.36,3000.0
1753600111443,07:08:31.443,bitmex,AAVE/USDT:USDT,295.99,3000.0,295.98,3000.0,296.35,3000.0,296.36,3000.0
1753600111494,07:08:31.494,bitmex,AAVE/USDT:USDT,295.99,3000.0,295.98,3000.0,296.35,3000.0,296.36,3000.0
1753600111663,07:08:31.663,bitmex,AAVE/USDT:USDT,295.99,3000.0,295.98,3000.0,296.35,3000.0,296.36,3000.0
1753600111712,07:08:31.712,bitmex,AAVE/USDT:USDT,295.99,3000.0,295.98,3000.0,296.35,3000.0,296.36,3000.0
1753600111942,07:08:31.942,bitmex,AAVE/USDT:USDT,295.99,3000.0,295.98,3000.0,296.36,3000.0,296.37,6000.0
1753600111991,07:08:31.991,bitmex,AAVE/USDT:USDT,295.99,3000.0,295.98,3000.0,296.35,3000.0,296.36,3000.0
1753600112515,07:08:32.515,bitmex,AAVE/USDT:USDT,295.99,3000.0,295.98,3000.0,296.36,3000.0,296.37,6000.0
1753600112564,07:08:32.564,bitmex,AAVE/USDT:USDT,295.99,3000.0,295.98,3000.0,296.35,3000.0,296.36,3000.0
1753600112613,07:08:32.613,bitmex,AAVE/USDT:USDT,295.99,3000.0,295.98,3000.0,296.35,3000.0,296.36,3000.0
1753600112662,07:08:32.662,bitmex,AAVE/USDT:USDT,295.99,3000.0,295.98,3000.0,296.35,3000.0,296.36,3000.0
1753600112853,07:08:32.853,bitmex,AAVE/USDT:USDT,295.99,3000.0,295.98,3000.0,296.36,3000.0,296.37,6000.0
1753600112903,07:08:32.903,bitmex,AAVE/USDT:USDT,295.99,3000.0,295.98,3000.0,296.35,3000.0,296.36,3000.0
1753600112954,07:08:32.954,bitmex,AAVE/USDT:USDT,295.99,3000.0,295.98,3000.0,296.36,3000.0,296.37,6000.0
1753600113052,07:08:33.052,bitmex,AAVE/USDT:USDT,296.0,3000.0,295.99,3000.0,296.36,3000.0,296.37,6000.0
1753600113102,07:08:33.102,bitmex,AAVE/USDT:USDT,296.0,3000.0,295.99,3000.0,296.37,3000.0,296.38,3000.0
1753600113255,07:08:33.255,bitmex,AAVE/USDT:USDT,296.0,3000.0,295.99,3000.0,296.36,3000.0,296.37,3000.0
1753600113742,07:08:33.742,bitmex,AAVE/USDT:USDT,296.0,3000.0,295.99,3000.0,296.36,3000.0,296.37,3000.0
1753600113792,07:08:33.792,bitmex,AAVE/USDT:USDT,296.0,3000.0,295.99,3000.0,296.36,3000.0,296.37,3000.0
1753600114483,07:08:34.483,bitmex,AAVE/USDT:USDT,296.0,3000.0,295.99,3000.0,296.35,3000.0,296.36,3000.0
1753600114533,07:08:34.533,bitmex,AAVE/USDT:USDT,296.0,3000.0,295.99,3000.0,296.36,3000.0,296.37,3000.0
1753600114953,07:08:34.953,bitmex,AAVE/USDT:USDT,296.0,3000.0,295.99,3000.0,296.37,3000.0,296.38,3000.0
1753600115003,07:08:35.003,bitmex,AAVE/USDT:USDT,296.0,3000.0,295.99,3000.0,296.36,3000.0,296.37,3000.0
1753600115053,07:08:35.053,bitmex,AAVE/USDT:USDT,296.0,3000.0,295.99,3000.0,296.35,3000.0,296.36,3000.0
1753600115103,07:08:35.103,bitmex,AAVE/USDT:USDT,296.02,3000.0,296.01,3000.0,296.35,3000.0,296.36,3000.0
1753600115152,07:08:35.152,bitmex,AAVE/USDT:USDT,296.02,3000.0,296.01,3000.0,296.35,3000.0,296.36,3000.0
1753600115614,07:08:35.614,bitmex,AAVE/USDT:USDT,296.02,3000.0,296.01,3000.0,296.36,3000.0,296.37,3000.0
1753600116323,07:08:36.323,bitmex,AAVE/USDT:USDT,296.02,3000.0,296.01,3000.0,296.36,3000.0,296.37,3000.0
1753600116376,07:08:36.376,bitmex,AAVE/USDT:USDT,296.02,3000.0,296.01,3000.0,296.36,3000.0,296.37,3000.0
1753600116464,07:08:36.464,bitmex,AAVE/USDT:USDT,296.02,3000.0,296.01,3000.0,296.36,3000.0,296.37,3000.0
1753600116513,07:08:36.513,bitmex,AAVE/USDT:USDT,296.02,3000.0,296.01,3000.0,296.37,3000.0,296.38,3000.0
1753600116703,07:08:36.703,bitmex,AAVE/USDT:USDT,296.02,3000.0,296.01,3000.0,296.37,3000.0,296.38,3000.0
1753600116782,07:08:36.782,bitmex,AAVE/USDT:USDT,296.02,3000.0,296.01,3000.0,296.36,3000.0,296.37,3000.0
1753600117323,07:08:37.323,bitmex,AAVE/USDT:USDT,296.02,3000.0,296.01,3000.0,296.36,3000.0,296.37,3000.0
1753600117372,07:08:37.372,bitmex,AAVE/USDT:USDT,296.02,3000.0,296.01,3000.0,296.36,3000.0,296.37,3000.0
1753600117421,07:08:37.421,bitmex,AAVE/USDT:USDT,296.04,3000.0,296.03,3000.0,296.39,3000.0,296.4,3000.0
1753600117470,07:08:37.470,bitmex,AAVE/USDT:USDT,296.04,3000.0,296.03,3000.0,296.39,3000.0,296.4,3000.0
1753600118488,07:08:38.488,bitmex,AAVE/USDT:USDT,296.04,3000.0,296.03,3000.0,296.39,3000.0,296.4,3000.0
1753600118538,07:08:38.538,bitmex,AAVE/USDT:USDT,296.04,3000.0,296.03,3000.0,296.39,3000.0,296.4,3000.0
1753600118809,07:08:38.809,bitmex,AAVE/USDT:USDT,296.04,3000.0,296.03,3000.0,296.38,3000.0,296.39,3000.0
1753600118945,07:08:38.945,bitmex,AAVE/USDT:USDT,296.04,3000.0,296.03,3000.0,296.39,3000.0,296.4,3000.0
1753600119387,07:08:39.387,bitmex,AAVE/USDT:USDT,296.04,3000.0,296.03,3000.0,296.38,3000.0,296.39,3000.0
1753600119436,07:08:39.436,bitmex,AAVE/USDT:USDT,296.04,3000.0,296.03,3000.0,296.39,3000.0,296.4,3000.0
1753600119618,07:08:39.618,bitmex,AAVE/USDT:USDT,296.04,3000.0,296.03,3000.0,296.39,3000.0,296.4,3000.0
1753600119685,07:08:39.685,bitmex,AAVE/USDT:USDT,296.04,3000.0,296.03,3000.0,296.39,3000.0,296.4,3000.0
1753600120838,07:08:40.838,bitmex,AAVE/USDT:USDT,296.04,3000.0,296.03,3000.0,296.39,3000.0,296.4,3000.0
1753600121265,07:08:41.265,bitmex,AAVE/USDT:USDT,296.06,3000.0,296.05,3000.0,296.39,3000.0,296.4,3000.0
1753600121315,07:08:41.315,bitmex,AAVE/USDT:USDT,296.06,3000.0,296.05,3000.0,296.39,3000.0,296.4,3000.0
1753600122119,07:08:42.119,bitmex,AAVE/USDT:USDT,296.05,3000.0,296.04,3000.0,296.39,3000.0,296.4,3000.0
1753600122168,07:08:42.168,bitmex,AAVE/USDT:USDT,296.06,3000.0,296.05,3000.0,296.39,3000.0,296.4,3000.0
1753600122511,07:08:42.511,bitmex,AAVE/USDT:USDT,296.06,3000.0,296.05,3000.0,296.39,3000.0,296.4,3000.0
1753600122696,07:08:42.696,bitmex,AAVE/USDT:USDT,296.06,3000.0,296.05,3000.0,296.39,3000.0,296.4,3000.0
1753600122745,07:08:42.745,bitmex,AAVE/USDT:USDT,296.06,3000.0,296.05,3000.0,296.39,3000.0,296.4,3000.0
1753600122794,07:08:42.794,bitmex,AAVE/USDT:USDT,296.06,3000.0,296.05,3000.0,296.39,3000.0,296.4,3000.0
1753600123456,07:08:43.456,bitmex,AAVE/USDT:USDT,296.06,3000.0,296.05,3000.0,296.39,3000.0,296.4,3000.0
1753600123506,07:08:43.506,bitmex,AAVE/USDT:USDT,296.06,3000.0,296.05,3000.0,296.39,3000.0,296.4,3000.0
1753600124683,07:08:44.683,bitmex,AAVE/USDT:USDT,296.06,3000.0,296.05,3000.0,296.39,3000.0,296.4,3000.0
1753600124732,07:08:44.732,bitmex,AAVE/USDT:USDT,296.06,3000.0,296.05,3000.0,296.39,3000.0,296.4,3000.0
1753600124732,07:08:44.732,bitmex,AAVE/USDT:USDT,296.06,3000.0,296.05,3000.0,296.39,3000.0,296.4,3000.0
1753600125796,07:08:45.796,bitmex,AAVE/USDT:USDT,296.06,3000.0,296.05,3000.0,296.39,3000.0,296.4,3000.0
1753600126064,07:08:46.064,bitmex,AAVE/USDT:USDT,296.06,3000.0,296.05,3000.0,296.39,3000.0,296.4,3000.0
1753600126113,07:08:46.113,bitmex,AAVE/USDT:USDT,296.06,3000.0,296.05,3000.0,296.39,3000.0,296.4,3000.0
1753600127008,07:08:47.008,bitmex,AAVE/USDT:USDT,296.06,3000.0,296.05,3000.0,296.39,3000.0,296.4,3000.0
1753600127057,07:08:47.057,bitmex,AAVE/USDT:USDT,296.06,3000.0,296.05,3000.0,296.39,3000.0,296.4,3000.0
1753600127245,07:08:47.245,bitmex,AAVE/USDT:USDT,296.06,3000.0,296.05,3000.0,296.4,3000.0,296.41,3000.0
1753600127295,07:08:47.295,bitmex,AAVE/USDT:USDT,296.06,3000.0,296.05,3000.0,296.4,3000.0,296.41,3000.0
1753600127510,07:08:47.510,bitmex,AAVE/USDT:USDT,296.06,3000.0,296.05,3000.0,296.39,3000.0,296.4,3000.0
1753600127559,07:08:47.559,bitmex,AAVE/USDT:USDT,296.06,3000.0,296.05,3000.0,296.39,3000.0,296.4,3000.0
1753600127608,07:08:47.608,bitmex,AAVE/USDT:USDT,296.06,3000.0,296.05,3000.0,296.4,3000.0,296.41,3000.0
1753600127959,07:08:47.959,bitmex,AAVE/USDT:USDT,296.06,3000.0,296.05,3000.0,296.4,3000.0,296.41,3000.0
1753600128054,07:08:48.054,bitmex,AAVE/USDT:USDT,296.06,3000.0,296.05,3000.0,296.4,3000.0,296.41,3000.0
1753600128251,07:08:48.251,bitmex,AAVE/USDT:USDT,296.06,3000.0,296.05,3000.0,296.4,3000.0,296.41,3000.0
1753600128300,07:08:48.300,bitmex,AAVE/USDT:USDT,296.06,3000.0,296.05,3000.0,296.4,3000.0,296.41,3000.0
1753600128349,07:08:48.349,bitmex,AAVE/USDT:USDT,296.06,3000.0,296.05,3000.0,296.4,3000.0,296.41,3000.0
1753600128523,07:08:48.523,bitmex,AAVE/USDT:USDT,296.06,3000.0,296.05,3000.0,296.4,3000.0,296.41,3000.0
1753600129883,07:08:49.883,bitmex,AAVE/USDT:USDT,296.06,3000.0,296.05,3000.0,296.39,3000.0,296.4,3000.0
1753600129933,07:08:49.933,bitmex,AAVE/USDT:USDT,296.05,3000.0,296.04,3000.0,296.39,3000.0,296.4,3000.0
1753600130024,07:08:50.024,bitmex,AAVE/USDT:USDT,296.05,3000.0,296.04,3000.0,296.39,3000.0,296.4,3000.0
1753600130073,07:08:50.073,bitmex,AAVE/USDT:USDT,296.06,3000.0,296.05,3000.0,296.39,3000.0,296.4,3000.0
1753600130122,07:08:50.122,bitmex,AAVE/USDT:USDT,296.06,3000.0,296.05,3000.0,296.4,3000.0,296.41,3000.0
1753600130577,07:08:50.577,bitmex,AAVE/USDT:USDT,296.07,3000.0,296.06,3000.0,296.4,3000.0,296.41,3000.0
1753600130626,07:08:50.626,bitmex,AAVE/USDT:USDT,296.08,3000.0,296.07,3000.0,296.4,3000.0,296.41,3000.0
1753600130776,07:08:50.776,bitmex,AAVE/USDT:USDT,296.08,3000.0,296.07,3000.0,296.41,3000.0,296.42,3000.0
1753600130825,07:08:50.825,bitmex,AAVE/USDT:USDT,296.08,3000.0,296.07,3000.0,296.41,3000.0,296.42,3000.0
1753600130874,07:08:50.874,bitmex,AAVE/USDT:USDT,296.08,3000.0,296.07,3000.0,296.4,3000.0,296.41,3000.0
1753600130923,07:08:50.923,bitmex,AAVE/USDT:USDT,296.08,3000.0,296.07,3000.0,296.41,3000.0,296.42,3000.0
1753600130972,07:08:50.972,bitmex,AAVE/USDT:USDT,296.08,3000.0,296.07,3000.0,296.41,3000.0,296.42,3000.0
1753600130972,07:08:50.972,bitmex,AAVE/USDT:USDT,296.08,3000.0,296.07,3000.0,296.41,3000.0,296.42,3000.0
1753600131526,07:08:51.526,bitmex,AAVE/USDT:USDT,296.08,3000.0,296.07,3000.0,296.41,3000.0,296.42,3000.0
1753600132042,07:08:52.042,bitmex,AAVE/USDT:USDT,296.08,3000.0,296.07,3000.0,296.4,3000.0,296.41,3000.0
1753600132124,07:08:52.124,bitmex,AAVE/USDT:USDT,296.08,3000.0,296.07,3000.0,296.4,3000.0,296.41,3000.0
1753600132173,07:08:52.173,bitmex,AAVE/USDT:USDT,296.08,3000.0,296.07,3000.0,296.4,3000.0,296.41,3000.0
1753600132423,07:08:52.423,bitmex,AAVE/USDT:USDT,296.09,3000.0,296.08,3000.0,296.4,3000.0,296.41,3000.0
1753600132573,07:08:52.573,bitmex,AAVE/USDT:USDT,296.08,3000.0,296.07,3000.0,296.4,3000.0,296.41,3000.0
1753600133038,07:08:53.038,bitmex,AAVE/USDT:USDT,296.09,3000.0,296.08,3000.0,296.4,3000.0,296.41,3000.0
1753600133245,07:08:53.245,bitmex,AAVE/USDT:USDT,296.09,3000.0,296.08,3000.0,296.4,3000.0,296.41,3000.0
1753600133295,07:08:53.295,bitmex,AAVE/USDT:USDT,296.09,3000.0,296.08,3000.0,296.4,3000.0,296.41,3000.0
1753600134473,07:08:54.473,bitmex,AAVE/USDT:USDT,296.09,3000.0,296.08,3000.0,296.4,3000.0,296.41,3000.0
1753600134522,07:08:54.522,bitmex,AAVE/USDT:USDT,296.09,3000.0,296.08,3000.0,296.4,3000.0,296.41,3000.0
1753600134571,07:08:54.571,bitmex,AAVE/USDT:USDT,296.09,3000.0,296.08,3000.0,296.4,3000.0,296.41,3000.0
1753600134928,07:08:54.928,bitmex,AAVE/USDT:USDT,296.08,3000.0,296.07,3000.0,296.4,3000.0,296.41,3000.0
1753600134977,07:08:54.977,bitmex,AAVE/USDT:USDT,296.08,3000.0,296.07,3000.0,296.4,3000.0,296.41,3000.0
1753600135026,07:08:55.026,bitmex,AAVE/USDT:USDT,296.08,3000.0,296.07,3000.0,296.41,3000.0,296.42,3000.0
1753600135114,07:08:55.114,bitmex,AAVE/USDT:USDT,296.08,3000.0,296.07,3000.0,296.4,3000.0,296.41,3000.0
1753600135584,07:08:55.584,bitmex,AAVE/USDT:USDT,296.08,3000.0,296.07,3000.0,296.4,3000.0,296.41,3000.0
1753600135633,07:08:55.633,bitmex,AAVE/USDT:USDT,296.08,3000.0,296.07,3000.0,296.4,3000.0,296.41,3000.0
1753600135682,07:08:55.682,bitmex,AAVE/USDT:USDT,296.08,3000.0,296.07,3000.0,296.4,3000.0,296.41,3000.0
1753600135772,07:08:55.772,bitmex,AAVE/USDT:USDT,296.08,3000.0,296.07,3000.0,296.41,3000.0,296.42,3000.0
1753600135822,07:08:55.822,bitmex,AAVE/USDT:USDT,296.08,3000.0,296.07,3000.0,296.4,3000.0,296.41,3000.0
1753600136013,07:08:56.013,bitmex,AAVE/USDT:USDT,296.08,3000.0,296.07,3000.0,296.41,3000.0,296.42,3000.0
1753600136062,07:08:56.062,bitmex,AAVE/USDT:USDT,296.08,3000.0,296.07,3000.0,296.4,3000.0,296.41,3000.0
1753600136165,07:08:56.165,bitmex,AAVE/USDT:USDT,296.08,3000.0,296.07,3000.0,296.4,3000.0,296.41,3000.0
1753600136215,07:08:56.215,bitmex,AAVE/USDT:USDT,296.08,3000.0,296.07,3000.0,296.41,3000.0,296.42,3000.0
1753600136420,07:08:56.420,bitmex,AAVE/USDT:USDT,296.09,3000.0,296.08,3000.0,296.41,3000.0,296.42,3000.0
1753600136470,07:08:56.470,bitmex,AAVE/USDT:USDT,296.11,3000.0,296.1,3000.0,296.45,3000.0,296.46,3000.0
1753600136519,07:08:56.519,bitmex,AAVE/USDT:USDT,296.16,3000.0,296.15,3000.0,296.51,3000.0,296.52,3000.0
1753600136568,07:08:56.568,bitmex,AAVE/USDT:USDT,296.16,3000.0,296.15,3000.0,296.52,3000.0,296.53,3000.0
1753600136617,07:08:56.617,bitmex,AAVE/USDT:USDT,296.16,3000.0,296.15,3000.0,296.51,3000.0,296.52,3000.0
1753600136666,07:08:56.666,bitmex,AAVE/USDT:USDT,296.16,3000.0,296.15,3000.0,296.52,3000.0,296.53,3000.0
1753600136889,07:08:56.889,bitmex,AAVE/USDT:USDT,296.16,3000.0,296.15,3000.0,296.52,3000.0,296.53,3000.0
1753600136938,07:08:56.938,bitmex,AAVE/USDT:USDT,296.16,3000.0,296.15,3000.0,296.52,3000.0,296.53,3000.0
1753600137351,07:08:57.351,bitmex,AAVE/USDT:USDT,296.16,3000.0,296.15,3000.0,296.52,3000.0,296.53,3000.0
1753600137401,07:08:57.401,bitmex,AAVE/USDT:USDT,296.16,3000.0,296.15,3000.0,296.52,3000.0,296.53,3000.0
1753600137450,07:08:57.450,bitmex,AAVE/USDT:USDT,296.16,3000.0,296.15,3000.0,296.51,3000.0,296.52,3000.0
1753600137562,07:08:57.562,bitmex,AAVE/USDT:USDT,296.15,3000.0,296.14,3000.0,296.51,3000.0,296.52,3000.0
1753600137612,07:08:57.612,bitmex,AAVE/USDT:USDT,296.16,3000.0,296.15,3000.0,296.5,3000.0,296.51,3000.0
1753600137661,07:08:57.661,bitmex,AAVE/USDT:USDT,296.15,3000.0,296.14,3000.0,296.49,3000.0,296.5,3000.0
1753600137935,07:08:57.935,bitmex,AAVE/USDT:USDT,296.15,3000.0,296.14,3000.0,296.49,3000.0,296.5,3000.0
1753600137985,07:08:57.985,bitmex,AAVE/USDT:USDT,296.15,3000.0,296.14,3000.0,296.49,3000.0,296.5,3000.0
1753600138034,07:08:58.034,bitmex,AAVE/USDT:USDT,296.15,3000.0,296.14,3000.0,296.49,3000.0,296.5,3000.0
1753600138141,07:08:58.141,bitmex,AAVE/USDT:USDT,296.16,3000.0,296.15,3000.0,296.49,3000.0,296.5,3000.0
1753600138247,07:08:58.247,bitmex,AAVE/USDT:USDT,296.17,3000.0,296.16,3000.0,296.49,3000.0,296.5,3000.0
1753600138297,07:08:58.297,bitmex,AAVE/USDT:USDT,296.16,3000.0,296.15,3000.0,296.5,3000.0,296.51,3000.0
1753600138346,07:08:58.346,bitmex,AAVE/USDT:USDT,296.17,3000.0,296.16,3000.0,296.49,3000.0,296.5,3000.0
1753600138686,07:08:58.686,bitmex,AAVE/USDT:USDT,296.17,3000.0,296.16,3000.0,296.5,3000.0,296.51,3000.0
1753600138735,07:08:58.735,bitmex,AAVE/USDT:USDT,296.16,3000.0,296.15,3000.0,296.5,3000.0,296.51,3000.0
1753600139188,07:08:59.188,bitmex,AAVE/USDT:USDT,296.16,3000.0,296.15,3000.0,296.5,3000.0,296.51,3000.0
1753600139237,07:08:59.237,bitmex,AAVE/USDT:USDT,296.16,3000.0,296.15,3000.0,296.5,3000.0,296.51,3000.0
1753600139286,07:08:59.286,bitmex,AAVE/USDT:USDT,296.16,3000.0,296.15,3000.0,296.49,3000.0,296.5,3000.0
1753600139335,07:08:59.335,bitmex,AAVE/USDT:USDT,296.16,3000.0,296.15,3000.0,296.5,3000.0,296.51,3000.0
1753600139384,07:08:59.384,bitmex,AAVE/USDT:USDT,296.16,3000.0,296.15,3000.0,296.5,3000.0,296.51,3000.0
1753600139433,07:08:59.433,bitmex,AAVE/USDT:USDT,296.16,3000.0,296.15,3000.0,296.49,3000.0,296.5,3000.0
1753600139482,07:08:59.482,bitmex,AAVE/USDT:USDT,296.16,3000.0,296.15,3000.0,296.5,3000.0,296.51,3000.0
1753600140215,07:09:00.215,bitmex,AAVE/USDT:USDT,296.16,3000.0,296.15,3000.0,296.5,3000.0,296.51,3000.0
1753600140265,07:09:00.265,bitmex,AAVE/USDT:USDT,296.16,3000.0,296.15,3000.0,296.49,3000.0,296.5,3000.0
1753600140368,07:09:00.368,bitmex,AAVE/USDT:USDT,296.16,3000.0,296.15,3000.0,296.5,3000.0,296.51,3000.0
1753600140591,07:09:00.591,bitmex,AAVE/USDT:USDT,296.16,3000.0,296.15,3000.0,296.49,3000.0,296.5,3000.0
1753600140641,07:09:00.641,bitmex,AAVE/USDT:USDT,296.16,3000.0,296.15,3000.0,296.5,3000.0,296.51,3000.0
1753600141265,07:09:01.265,bitmex,AAVE/USDT:USDT,296.16,3000.0,296.15,3000.0,296.5,3000.0,296.51,3000.0
1753600141314,07:09:01.314,bitmex,AAVE/USDT:USDT,296.16,3000.0,296.15,3000.0,296.5,3000.0,296.51,3000.0
1753600141363,07:09:01.363,bitmex,AAVE/USDT:USDT,296.16,3000.0,296.15,3000.0,296.5,3000.0,296.51,3000.0
1753600141412,07:09:01.412,bitmex,AAVE/USDT:USDT,296.16,3000.0,296.15,3000.0,296.49,3000.0,296.5,3000.0
1753600141567,07:09:01.567,bitmex,AAVE/USDT:USDT,296.16,3000.0,296.15,3000.0,296.5,3000.0,296.51,3000.0
1753600141896,07:09:01.896,bitmex,AAVE/USDT:USDT,296.16,3000.0,296.15,3000.0,296.49,3000.0,296.5,3000.0
1753600141945,07:09:01.945,bitmex,AAVE/USDT:USDT,296.16,3000.0,296.15,3000.0,296.5,3000.0,296.51,3000.0
1753600141994,07:09:01.994,bitmex,AAVE/USDT:USDT,296.15,3000.0,296.14,3000.0,296.5,3000.0,296.51,3000.0
1753600142061,07:09:02.061,bitmex,AAVE/USDT:USDT,296.16,3000.0,296.15,3000.0,296.5,3000.0,296.51,3000.0
1753600142110,07:09:02.110,bitmex,AAVE/USDT:USDT,296.16,3000.0,296.15,3000.0,296.49,3000.0,296.5,3000.0
1753600142658,07:09:02.658,bitmex,AAVE/USDT:USDT,296.16,3000.0,296.15,3000.0,296.5,3000.0,296.51,3000.0
1753600142735,07:09:02.735,bitmex,AAVE/USDT:USDT,296.16,3000.0,296.15,3000.0,296.49,3000.0,296.5,3000.0
1753600142826,07:09:02.826,bitmex,AAVE/USDT:USDT,296.16,3000.0,296.15,3000.0,296.5,3000.0,296.51,3000.0
1753600142876,07:09:02.876,bitmex,AAVE/USDT:USDT,296.16,3000.0,296.15,3000.0,296.5,3000.0,296.51,3000.0
1753600142925,07:09:02.925,bitmex,AAVE/USDT:USDT,296.16,3000.0,296.15,3000.0,296.5,3000.0,296.51,3000.0
1753600143166,07:09:03.166,bitmex,AAVE/USDT:USDT,296.16,3000.0,296.15,3000.0,296.5,3000.0,296.51,3000.0
