timestamp,time,exchange,symbol,bid1_price,bid1_volume,bid2_price,bid2_volume,ask1_price,ask1_volume,ask2_price,ask2_volume
1753599983273,07:06:23.273,bitget,AEVO/USDT:USDT,0.1122,60412.7,0.1121,146207.8,0.1123,14582.3,0.1124,205165.9
1753599983573,07:06:23.573,bitget,AEVO/USDT:USDT,0.1122,60412.7,0.1121,146207.8,0.1123,14582.3,0.1124,205165.9
1753599983724,07:06:23.724,bitget,AEVO/USDT:USDT,0.1122,60412.7,0.1121,146207.8,0.1123,29582.3,0.1124,205165.9
1753599983874,07:06:23.874,bitget,AEVO/USDT:USDT,0.1122,60412.7,0.1121,146207.8,0.1123,29582.3,0.1124,205165.9
1753599984024,07:06:24.024,bitget,AEVO/USDT:USDT,0.1122,60412.7,0.1121,146207.8,0.1123,14582.3,0.1124,205165.9
1753599984174,07:06:24.174,bitget,AEVO/USDT:USDT,0.1122,62206.4,0.1121,146207.8,0.1123,10762.3,0.1124,205165.9
1753599985074,07:06:25.074,bitget,AEVO/USDT:USDT,0.1122,62206.4,0.1121,146207.8,0.1123,10762.3,0.1124,98263.5
1753599985675,07:06:25.675,bitget,AEVO/USDT:USDT,0.1122,62206.4,0.1121,146207.8,0.1123,10762.3,0.1124,98263.5
1753599986275,07:06:26.275,bitget,AEVO/USDT:USDT,0.1119,207957.3,0.1118,80856.8,0.1121,36707.4,0.1122,226127.8
1753599986425,07:06:26.425,bitget,AEVO/USDT:USDT,0.112,1793.7,0.1119,201086.7,0.1121,81783.4,0.1122,226127.8
1753599986875,07:06:26.875,bitget,AEVO/USDT:USDT,0.112,3211.8,0.1119,226423.6,0.1121,36099.2,0.1122,161282.3
1753599987476,07:06:27.476,bitget,AEVO/USDT:USDT,0.112,3211.8,0.1119,207957.3,0.1121,36099.2,0.1122,268260.2
1753599988526,07:06:28.526,bitget,AEVO/USDT:USDT,0.112,1418.1,0.1119,207504.2,0.1121,36552.3,0.1122,252619.8
1753599989577,07:06:29.577,bitget,AEVO/USDT:USDT,0.112,1418.1,0.1119,207728.8,0.1121,36552.3,0.1122,253129.4
1753599990027,07:06:30.027,bitget,AEVO/USDT:USDT,0.1119,182391.9,0.1118,104323.4,0.1121,104110.9,0.1122,251534.9
1753599990327,07:06:30.327,bitget,AEVO/USDT:USDT,0.1119,187444.5,0.1118,104323.4,0.1121,104564.2,0.1122,251534.9
1753599991378,07:06:31.378,bitget,AEVO/USDT:USDT,0.1119,48087.3,0.1118,157265.4,0.112,10762.3,0.1121,197122.1
1753599992729,07:06:32.729,bitget,AEVO/USDT:USDT,0.1119,48087.3,0.1118,157265.4,0.112,12532.5,0.1121,196135.8
1753599992879,07:06:32.879,bitget,AEVO/USDT:USDT,0.1119,48087.3,0.1118,157265.4,0.112,12532.5,0.1121,196135.8
1753599993029,07:06:33.029,bitget,AEVO/USDT:USDT,0.1119,48087.3,0.1118,157265.4,0.112,12532.5,0.1121,196135.8
1753599993329,07:06:33.329,bitget,AEVO/USDT:USDT,0.1119,61293.4,0.1118,148329.2,0.112,4973.5,0.1121,135200.9
1753599993779,07:06:33.779,bitget,AEVO/USDT:USDT,0.1119,51907.3,0.1118,148329.2,0.112,13942.1,0.1121,135200.9
1753599994079,07:06:34.079,bitget,AEVO/USDT:USDT,0.1119,51907.3,0.1118,148329.2,0.112,13942.1,0.1121,242308.2
1753599994229,07:06:34.229,bitget,AEVO/USDT:USDT,0.1119,51907.3,0.1118,157262.1,0.112,13942.1,0.1121,207304.5
1753599994379,07:06:34.379,bitget,AEVO/USDT:USDT,0.1119,51907.3,0.1118,157262.1,0.112,13942.1,0.1121,225078.0
1753599994530,07:06:34.530,bitget,AEVO/USDT:USDT,0.1119,51907.3,0.1118,148329.2,0.112,13942.1,0.1121,225078.0
1753599994680,07:06:34.680,bitget,AEVO/USDT:USDT,0.1119,51907.3,0.1118,148329.2,0.112,13942.1,0.1121,225078.0
1753599994830,07:06:34.830,bitget,AEVO/USDT:USDT,0.1119,60839.9,0.1118,148329.2,0.112,13942.1,0.1121,225078.0
1753599995130,07:06:35.130,bitget,AEVO/USDT:USDT,0.1119,60839.9,0.1118,148329.2,0.112,13942.1,0.1121,225078.0
1753599995280,07:06:35.280,bitget,AEVO/USDT:USDT,0.1119,51907.3,0.1118,157262.1,0.112,13942.1,0.1121,225078.0
1753599995880,07:06:35.880,bitget,AEVO/USDT:USDT,0.1119,51907.3,0.1118,148329.2,0.112,13942.1,0.1121,225078.0
1753599996030,07:06:36.030,bitget,AEVO/USDT:USDT,0.1119,61293.6,0.1118,148329.2,0.112,13942.1,0.1121,225078.0
1753599996330,07:06:36.330,bitget,AEVO/USDT:USDT,0.1119,52360.8,0.1118,148329.2,0.112,13942.1,0.1121,225078.0
1753599996631,07:06:36.631,bitget,AEVO/USDT:USDT,0.1119,52360.8,0.1118,148329.2,0.112,13942.1,0.1121,225078.0
1753599996931,07:06:36.931,bitget,AEVO/USDT:USDT,0.1119,61293.6,0.1118,148329.2,0.112,13942.1,0.1121,225078.0
1753599997081,07:06:37.081,bitget,AEVO/USDT:USDT,0.1119,52360.8,0.1118,148329.2,0.112,13942.1,0.1121,117970.7
1753599997231,07:06:37.231,bitget,AEVO/USDT:USDT,0.1119,51907.3,0.1118,148329.2,0.112,13942.1,0.1121,144653.0
1753599997831,07:06:37.831,bitget,AEVO/USDT:USDT,0.1119,51907.3,0.1118,157262.2,0.112,13942.1,0.1121,144653.0
1753599998282,07:06:38.282,bitget,AEVO/USDT:USDT,0.1119,51907.3,0.1118,157262.2,0.112,13942.1,0.1121,144653.0
1753599998432,07:06:38.432,bitget,AEVO/USDT:USDT,0.1119,51907.3,0.1118,148329.2,0.112,13942.1,0.1121,144653.0
1753599998582,07:06:38.582,bitget,AEVO/USDT:USDT,0.1119,51907.3,0.1118,148329.2,0.112,13942.1,0.1121,144653.0
1753599998882,07:06:38.882,bitget,AEVO/USDT:USDT,0.1119,51907.3,0.1118,157262.3,0.112,13942.1,0.1121,144653.0
1753599999332,07:06:39.332,bitget,AEVO/USDT:USDT,0.1119,51907.3,0.1118,157262.3,0.112,13942.1,0.1121,144653.0
1753599999782,07:06:39.782,bitget,AEVO/USDT:USDT,0.1119,51907.3,0.1118,157262.3,0.112,13942.1,0.1121,233433.2
1753599999932,07:06:39.932,bitget,AEVO/USDT:USDT,0.1119,51907.3,0.1118,157262.3,0.112,13942.1,0.1121,233433.2
1753600000082,07:06:40.082,bitget,AEVO/USDT:USDT,0.1119,51907.3,0.1118,157262.3,0.112,13942.1,0.1121,233433.2
1753600000233,07:06:40.233,bitget,AEVO/USDT:USDT,0.1119,51907.3,0.1118,157262.3,0.112,13942.1,0.1121,233433.2
1753600001433,07:06:41.433,bitget,AEVO/USDT:USDT,0.1119,51907.3,0.1118,157263.3,0.112,10762.3,0.1121,143618.2
1753600001583,07:06:41.583,bitget,AEVO/USDT:USDT,0.1119,51907.3,0.1118,157263.3,0.112,10762.3,0.1121,143618.2
1753600001883,07:06:41.883,bitget,AEVO/USDT:USDT,0.1119,51907.3,0.1118,157263.3,0.112,10762.3,0.1121,143618.2
1753600002184,07:06:42.184,bitget,AEVO/USDT:USDT,0.1119,51907.3,0.1118,157263.3,0.112,10762.3,0.1121,143618.2
1753600002334,07:06:42.334,bitget,AEVO/USDT:USDT,0.1119,51907.3,0.1118,157263.3,0.112,10762.3,0.1121,143618.2
1753600002484,07:06:42.484,bitget,AEVO/USDT:USDT,0.1119,51907.3,0.1118,157263.3,0.112,10762.3,0.1121,143618.2
1753600003084,07:06:43.084,bitget,AEVO/USDT:USDT,0.1119,51907.3,0.1118,157263.3,0.112,10762.3,0.1121,143618.2
1753600003234,07:06:43.234,bitget,AEVO/USDT:USDT,0.1119,51907.3,0.1118,157263.3,0.112,10762.3,0.1121,143618.2
1753600003384,07:06:43.384,bitget,AEVO/USDT:USDT,0.1119,51907.3,0.1118,157263.3,0.112,10762.3,0.1121,250791.9
1753600003534,07:06:43.534,bitget,AEVO/USDT:USDT,0.1119,51907.3,0.1118,157263.3,0.112,10762.3,0.1121,235065.7
1753600003684,07:06:43.684,bitget,AEVO/USDT:USDT,0.1119,51907.3,0.1118,157263.3,0.112,10762.3,0.1121,235065.7
1753600003834,07:06:43.834,bitget,AEVO/USDT:USDT,0.1119,51907.3,0.1118,157263.3,0.112,10762.3,0.1121,235065.7
1753600003984,07:06:43.984,bitget,AEVO/USDT:USDT,0.1119,51907.3,0.1118,157263.3,0.112,10762.3,0.1121,235065.7
1753600004285,07:06:44.285,bitget,AEVO/USDT:USDT,0.1119,51907.3,0.1118,157263.3,0.112,10762.3,0.1121,235065.7
1753600004585,07:06:44.585,bitget,AEVO/USDT:USDT,0.1119,51907.3,0.1118,157263.3,0.112,10762.3,0.1121,235065.7
1753600005035,07:06:45.035,bitget,AEVO/USDT:USDT,0.1119,179225.4,0.1118,41291.8,0.1121,67955.0,0.1122,265076.9
1753600005185,07:06:45.185,bitget,AEVO/USDT:USDT,0.112,1418.1,0.1119,189425.3,0.1121,99952.6,0.1122,250947.1
1753600005635,07:06:45.635,bitget,AEVO/USDT:USDT,0.112,1418.1,0.1119,217531.1,0.1121,40793.6,0.1122,250871.5
1753600005935,07:06:45.935,bitget,AEVO/USDT:USDT,0.112,1418.1,0.1119,217531.1,0.1121,37085.5,0.1122,250871.5
1753600006086,07:06:46.086,bitget,AEVO/USDT:USDT,0.112,1418.1,0.1119,217531.1,0.1121,37085.5,0.1122,250871.5
1753600006236,07:06:46.236,bitget,AEVO/USDT:USDT,0.112,1418.1,0.1119,217531.1,0.1121,37085.5,0.1122,250871.5
1753600006686,07:06:46.686,bitget,AEVO/USDT:USDT,0.112,1418.1,0.1119,205760.6,0.1121,37085.5,0.1122,250871.5
1753600006836,07:06:46.836,bitget,AEVO/USDT:USDT,0.112,1418.1,0.1119,205760.6,0.1121,37085.5,0.1122,250871.5
1753600006986,07:06:46.986,bitget,AEVO/USDT:USDT,0.112,1418.1,0.1119,205760.6,0.1121,37085.5,0.1122,250871.5
1753600007286,07:06:47.286,bitget,AEVO/USDT:USDT,0.112,1418.1,0.1119,205760.6,0.1121,46002.6,0.1122,241955.1
1753600007436,07:06:47.436,bitget,AEVO/USDT:USDT,0.112,1418.1,0.1119,205760.6,0.1121,46002.6,0.1122,241955.1
1753600007736,07:06:47.736,bitget,AEVO/USDT:USDT,0.112,1418.1,0.1119,205760.6,0.1121,46002.6,0.1122,241955.1
1753600007887,07:06:47.887,bitget,AEVO/USDT:USDT,0.112,16000.4,0.1119,205760.6,0.1121,1793.7,0.1122,250871.2
1753600008337,07:06:48.337,bitget,AEVO/USDT:USDT,0.112,156502.8,0.1119,89635.7,0.1122,145728.6,0.1123,161150.6
1753600008937,07:06:48.937,bitget,AEVO/USDT:USDT,0.112,156502.8,0.1119,89635.7,0.1122,154639.5,0.1123,152242.1
1753600009237,07:06:49.237,bitget,AEVO/USDT:USDT,0.112,156502.8,0.1119,89635.7,0.1122,154639.5,0.1123,152242.1
1753600009537,07:06:49.537,bitget,AEVO/USDT:USDT,0.112,156502.8,0.1119,89635.7,0.1122,154639.5,0.1123,152242.1
1753600009688,07:06:49.688,bitget,AEVO/USDT:USDT,0.112,156502.8,0.1119,89635.7,0.1122,154639.5,0.1123,152242.1
1753600009838,07:06:49.838,bitget,AEVO/USDT:USDT,0.112,156502.8,0.1119,89635.7,0.1122,154639.5,0.1123,152242.1
1753600010138,07:06:50.138,bitget,AEVO/USDT:USDT,0.112,156502.8,0.1119,89635.7,0.1122,154639.5,0.1123,152242.1
1753600010288,07:06:50.288,bitget,AEVO/USDT:USDT,0.112,156502.8,0.1119,89635.7,0.1122,154639.5,0.1123,152242.1
1753600010588,07:06:50.588,bitget,AEVO/USDT:USDT,0.112,156502.8,0.1119,89635.7,0.1122,154639.5,0.1123,152242.1
1753600010738,07:06:50.738,bitget,AEVO/USDT:USDT,0.112,156502.8,0.1119,89635.7,0.1122,154639.5,0.1123,152242.1
1753600010888,07:06:50.888,bitget,AEVO/USDT:USDT,0.112,156502.8,0.1119,89635.7,0.1122,154639.5,0.1123,152242.1
1753600011038,07:06:51.038,bitget,AEVO/USDT:USDT,0.112,156502.8,0.1119,89635.7,0.1122,155092.4,0.1123,152242.1
1753600011188,07:06:51.188,bitget,AEVO/USDT:USDT,0.112,156502.8,0.1119,89635.7,0.1122,155092.4,0.1123,152242.1
1753600011338,07:06:51.338,bitget,AEVO/USDT:USDT,0.112,156502.8,0.1119,89635.7,0.1122,155092.4,0.1123,152242.1
1753600011639,07:06:51.639,bitget,AEVO/USDT:USDT,0.112,156049.9,0.1119,89635.7,0.1122,146181.5,0.1123,152242.1
1753600011789,07:06:51.789,bitget,AEVO/USDT:USDT,0.112,156049.9,0.1119,89635.7,0.1122,155091.4,0.1123,152242.1
1753600011939,07:06:51.939,bitget,AEVO/USDT:USDT,0.112,156049.9,0.1119,89635.7,0.1122,155091.4,0.1123,152242.1
1753600012539,07:06:52.539,bitget,AEVO/USDT:USDT,0.112,156049.9,0.1119,89635.7,0.1122,146181.5,0.1123,152242.1
1753600012839,07:06:52.839,bitget,AEVO/USDT:USDT,0.112,156502.8,0.1119,89635.7,0.1122,145728.6,0.1123,151738.4
1753600012989,07:06:52.989,bitget,AEVO/USDT:USDT,0.112,156502.8,0.1119,89635.7,0.1122,145728.6,0.1123,151738.4
1753600013440,07:06:53.440,bitget,AEVO/USDT:USDT,0.112,156502.8,0.1119,89635.7,0.1122,145728.6,0.1123,151738.4
1753600013740,07:06:53.740,bitget,AEVO/USDT:USDT,0.112,156502.8,0.1119,89635.7,0.1122,145728.6,0.1123,151738.4
1753600013890,07:06:53.890,bitget,AEVO/USDT:USDT,0.1121,1418.1,0.112,156502.8,0.1122,99983.0,0.1123,151738.4
1753600014040,07:06:54.040,bitget,AEVO/USDT:USDT,0.1121,46936.6,0.112,170688.8,0.1122,64059.7,0.1123,197256.9
1753600014340,07:06:54.340,bitget,AEVO/USDT:USDT,0.1121,46936.6,0.112,179543.1,0.1122,64059.7,0.1123,197256.9
1753600014790,07:06:54.790,bitget,AEVO/USDT:USDT,0.1121,46936.6,0.112,179543.1,0.1122,64059.7,0.1123,197256.9
1753600014940,07:06:54.940,bitget,AEVO/USDT:USDT,0.1121,46936.6,0.112,179543.1,0.1122,64059.7,0.1123,197256.9
1753600015541,07:06:55.541,bitget,AEVO/USDT:USDT,0.1121,1418.1,0.112,161218.6,0.1122,72969.0,0.1123,188348.8
1753600015841,07:06:55.841,bitget,AEVO/USDT:USDT,0.1121,1418.1,0.112,206601.3,0.1122,72969.0,0.1123,188348.8
1753600015991,07:06:55.991,bitget,AEVO/USDT:USDT,0.1121,1418.1,0.112,206601.3,0.1122,72969.0,0.1123,188348.8
1753600016141,07:06:56.141,bitget,AEVO/USDT:USDT,0.1121,1418.1,0.112,206601.3,0.1122,72969.0,0.1123,188348.8
1753600016291,07:06:56.291,bitget,AEVO/USDT:USDT,0.1121,1418.1,0.112,206601.3,0.1122,72969.0,0.1123,188348.8
1753600016891,07:06:56.891,bitget,AEVO/USDT:USDT,0.1121,1418.1,0.112,206601.3,0.1122,72969.0,0.1123,188348.8
1753600017042,07:06:57.042,bitget,AEVO/USDT:USDT,0.1121,1418.1,0.112,206601.3,0.1122,64059.7,0.1123,197257.8
1753600017342,07:06:57.342,bitget,AEVO/USDT:USDT,0.1121,1418.1,0.112,206601.3,0.1122,64059.7,0.1123,197257.8
1753600017492,07:06:57.492,bitget,AEVO/USDT:USDT,0.1121,1418.1,0.112,206601.3,0.1122,64059.7,0.1123,197257.8
1753600017792,07:06:57.792,bitget,AEVO/USDT:USDT,0.1121,1418.1,0.112,206601.3,0.1122,64059.7,0.1123,197257.8
1753600018392,07:06:58.392,bitget,AEVO/USDT:USDT,0.1121,1418.1,0.112,206601.3,0.1122,64059.7,0.1123,206340.2
1753600018542,07:06:58.542,bitget,AEVO/USDT:USDT,0.1121,1418.1,0.112,206601.3,0.1122,64059.7,0.1123,206340.2
1753600018693,07:06:58.693,bitget,AEVO/USDT:USDT,0.1121,1418.1,0.112,206601.3,0.1122,64059.7,0.1123,206340.2
1753600018843,07:06:58.843,bitget,AEVO/USDT:USDT,0.1121,1418.1,0.112,206601.3,0.1122,64059.7,0.1123,206340.2
1753600019293,07:06:59.293,bitget,AEVO/USDT:USDT,0.1121,1418.1,0.112,206601.3,0.1122,64059.7,0.1123,206340.2
1753600019893,07:06:59.893,bitget,AEVO/USDT:USDT,0.1121,1418.1,0.112,206601.3,0.1122,64059.7,0.1123,206340.2
1753600020193,07:07:00.193,bitget,AEVO/USDT:USDT,0.1121,7031.8,0.112,197676.7,0.1122,10762.3,0.1123,160821.7
1753600020794,07:07:00.794,bitget,AEVO/USDT:USDT,0.1121,5238.1,0.112,197676.7,0.1122,30762.3,0.1123,204546.5
1753600021244,07:07:01.244,bitget,AEVO/USDT:USDT,0.1121,50309.3,0.112,152192.5,0.1122,30762.3,0.1123,204438.2
1753600021694,07:07:01.694,bitget,AEVO/USDT:USDT,0.1121,50309.3,0.112,161109.9,0.1122,30762.3,0.1123,204438.2
1753600021844,07:07:01.844,bitget,AEVO/USDT:USDT,0.1121,50309.3,0.112,161109.9,0.1122,30762.3,0.1123,204438.2
1753600021994,07:07:01.994,bitget,AEVO/USDT:USDT,0.1121,50309.3,0.112,161109.9,0.1122,30762.3,0.1123,204438.2
1753600022144,07:07:02.144,bitget,AEVO/USDT:USDT,0.1121,50309.3,0.112,161109.9,0.1122,30762.3,0.1123,204438.2
1753600022595,07:07:02.595,bitget,AEVO/USDT:USDT,0.1121,46489.3,0.112,161109.9,0.1122,31215.0,0.1123,204438.2
1753600023345,07:07:03.345,bitget,AEVO/USDT:USDT,0.112,60959.8,0.1119,214695.1,0.1121,11274.9,0.1122,202161.0
1753600023795,07:07:03.795,bitget,AEVO/USDT:USDT,0.112,60959.8,0.1119,214695.1,0.1121,8968.6,0.1122,70391.8
1753600023945,07:07:03.945,bitget,AEVO/USDT:USDT,0.112,60959.8,0.1119,214695.1,0.1121,8968.6,0.1122,95132.6
1753600024096,07:07:04.096,bitget,AEVO/USDT:USDT,0.112,60959.8,0.1119,214695.1,0.1121,8968.6,0.1122,95132.6
1753600024396,07:07:04.396,bitget,AEVO/USDT:USDT,0.112,60959.8,0.1119,214695.1,0.1121,10563.1,0.1122,93538.1
1753600024546,07:07:04.546,bitget,AEVO/USDT:USDT,0.112,60959.8,0.1119,214695.1,0.1121,8968.6,0.1122,93538.1
1753600025146,07:07:05.146,bitget,AEVO/USDT:USDT,0.112,168484.8,0.1119,107608.4,0.1121,8968.6,0.1122,93538.1
1753600025296,07:07:05.296,bitget,AEVO/USDT:USDT,0.112,168484.8,0.1119,107608.4,0.1121,8968.6,0.1122,93538.1
1753600025446,07:07:05.446,bitget,AEVO/USDT:USDT,0.112,168484.8,0.1119,107608.4,0.1121,8968.6,0.1122,93538.1
1753600026197,07:07:06.197,bitget,AEVO/USDT:USDT,0.112,168484.8,0.1119,107608.4,0.1121,8968.6,0.1122,93538.1
1753600026497,07:07:06.497,bitget,AEVO/USDT:USDT,0.112,168484.8,0.1119,107608.4,0.1121,8968.6,0.1122,93538.1
1753600026647,07:07:06.647,bitget,AEVO/USDT:USDT,0.112,168484.8,0.1119,107608.4,0.1121,8968.6,0.1122,93538.1
1753600026947,07:07:06.947,bitget,AEVO/USDT:USDT,0.112,168484.8,0.1119,107608.4,0.1121,8968.6,0.1122,93538.1
1753600027097,07:07:07.097,bitget,AEVO/USDT:USDT,0.112,168031.7,0.1119,107608.4,0.1121,8968.6,0.1122,93538.1
1753600027247,07:07:07.247,bitget,AEVO/USDT:USDT,0.112,168031.7,0.1119,107608.4,0.1121,8968.6,0.1122,93538.1
1753600027397,07:07:07.397,bitget,AEVO/USDT:USDT,0.112,168031.7,0.1119,107608.4,0.1121,8968.6,0.1122,93538.1
1753600027697,07:07:07.697,bitget,AEVO/USDT:USDT,0.112,168031.7,0.1119,107608.4,0.1121,8968.6,0.1122,93538.1
1753600027848,07:07:07.848,bitget,AEVO/USDT:USDT,0.112,168031.7,0.1119,107608.4,0.1121,8968.6,0.1122,93538.1
1753600027998,07:07:07.998,bitget,AEVO/USDT:USDT,0.112,60959.8,0.1119,214684.9,0.1121,10762.3,0.1122,93538.1
1753600028148,07:07:08.148,bitget,AEVO/USDT:USDT,0.112,46428.7,0.1119,223611.0,0.1121,10762.3,0.1122,93538.1
1753600028448,07:07:08.448,bitget,AEVO/USDT:USDT,0.112,46428.7,0.1119,223611.0,0.1121,20762.3,0.1122,168305.2
1753600028898,07:07:08.898,bitget,AEVO/USDT:USDT,0.112,46428.7,0.1119,223611.0,0.1121,20762.3,0.1122,168305.2
1753600029048,07:07:09.048,bitget,AEVO/USDT:USDT,0.112,46428.7,0.1119,223611.0,0.1121,20762.3,0.1122,168305.2
1753600029348,07:07:09.348,bitget,AEVO/USDT:USDT,0.112,46428.7,0.1119,223611.0,0.1121,20762.3,0.1122,176277.9
1753600029649,07:07:09.649,bitget,AEVO/USDT:USDT,0.112,50248.7,0.1119,223611.0,0.1121,20762.3,0.1122,176277.9
1753600029799,07:07:09.799,bitget,AEVO/USDT:USDT,0.112,50248.7,0.1119,223611.0,0.1121,20762.3,0.1122,176277.9
1753600029949,07:07:09.949,bitget,AEVO/USDT:USDT,0.112,70384.4,0.1119,214684.9,0.1122,55381.8,0.1123,157775.8
1753600030099,07:07:10.099,bitget,AEVO/USDT:USDT,0.1121,1418.1,0.112,205944.5,0.1122,66251.4,0.1123,202474.2
1753600030399,07:07:10.399,bitget,AEVO/USDT:USDT,0.112,46083.7,0.1119,204156.9,0.1121,20762.3,0.1122,96679.3
1753600030549,07:07:10.549,bitget,AEVO/USDT:USDT,0.112,46083.7,0.1119,213083.6,0.1121,20762.3,0.1122,203649.2
1753600031149,07:07:11.149,bitget,AEVO/USDT:USDT,0.112,46083.7,0.1119,213083.6,0.1121,20762.3,0.1122,183177.5
1753600031450,07:07:11.450,bitget,AEVO/USDT:USDT,0.112,46083.7,0.1119,213083.6,0.1121,20762.3,0.1122,183177.5
1753600031750,07:07:11.750,bitget,AEVO/USDT:USDT,0.112,46083.7,0.1119,213083.6,0.1121,20762.3,0.1122,183177.5
1753600032350,07:07:12.350,bitget,AEVO/USDT:USDT,0.1118,130589.9,0.1117,12677.9,0.112,1793.7,0.1121,227380.8
1753600032650,07:07:12.650,bitget,AEVO/USDT:USDT,0.1119,46816.9,0.1118,187444.1,0.112,15892.9,0.1121,219330.7
1753600033251,07:07:13.251,bitget,AEVO/USDT:USDT,0.1119,46816.9,0.1118,161162.6,0.112,15892.9,0.1121,219330.7
1753600034151,07:07:14.151,bitget,AEVO/USDT:USDT,0.1118,179815.0,0.1117,109728.0,0.112,84296.8,0.1121,218877.6
1753600034301,07:07:14.301,bitget,AEVO/USDT:USDT,0.1118,186967.8,0.1117,109728.0,0.112,84296.8,0.1121,218877.6
1753600034451,07:07:14.451,bitget,AEVO/USDT:USDT,0.1118,186967.8,0.1117,109728.0,0.112,84296.8,0.1121,218877.6
1753600034751,07:07:14.751,bitget,AEVO/USDT:USDT,0.1118,186967.8,0.1117,109728.0,0.112,84296.8,0.1121,218877.6
1753600034901,07:07:14.901,bitget,AEVO/USDT:USDT,0.1118,186967.8,0.1117,109728.0,0.112,84296.8,0.1121,218877.6
1753600035352,07:07:15.352,bitget,AEVO/USDT:USDT,0.1118,186967.8,0.1117,109728.0,0.112,84296.8,0.1121,208877.6
1753600035502,07:07:15.502,bitget,AEVO/USDT:USDT,0.1118,186967.8,0.1117,109728.0,0.112,84296.8,0.1121,208877.6
1753600036102,07:07:16.102,bitget,AEVO/USDT:USDT,0.1118,186967.8,0.1117,109728.0,0.112,84296.8,0.1121,208877.6
1753600036402,07:07:16.402,bitget,AEVO/USDT:USDT,0.1118,186967.8,0.1117,109728.0,0.112,84296.8,0.1121,208877.6
1753600036702,07:07:16.702,bitget,AEVO/USDT:USDT,0.1118,186967.8,0.1117,109728.0,0.112,84296.8,0.1121,208877.6
1753600037153,07:07:17.153,bitget,AEVO/USDT:USDT,0.1118,132594.1,0.1117,109728.0,0.1119,8968.6,0.112,84750.5
1753600037903,07:07:17.903,bitget,AEVO/USDT:USDT,0.1118,59405.1,0.1117,214964.9,0.1119,8968.6,0.112,118971.9
1753600038203,07:07:18.203,bitget,AEVO/USDT:USDT,0.1118,59405.1,0.1117,214964.9,0.1119,8968.6,0.112,118971.9
1753600038353,07:07:18.353,bitget,AEVO/USDT:USDT,0.1118,59405.1,0.1117,214964.9,0.1119,8968.6,0.112,118971.9
1753600038654,07:07:18.654,bitget,AEVO/USDT:USDT,0.1118,59405.1,0.1117,214964.9,0.1119,8968.6,0.112,118971.9
1753600038954,07:07:18.954,bitget,AEVO/USDT:USDT,0.1118,166595.7,0.1117,107812.4,0.1119,8968.6,0.112,118971.9
1753600039104,07:07:19.104,bitget,AEVO/USDT:USDT,0.1118,166595.7,0.1117,107812.4,0.1119,8968.6,0.112,118971.9
1753600039254,07:07:19.254,bitget,AEVO/USDT:USDT,0.1118,166595.7,0.1117,107812.4,0.1119,8968.6,0.112,118971.9
1753600040004,07:07:20.004,bitget,AEVO/USDT:USDT,0.1118,166595.7,0.1117,107812.4,0.1119,8968.6,0.112,118971.9
1753600040154,07:07:20.154,bitget,AEVO/USDT:USDT,0.1118,166595.7,0.1117,107812.4,0.1119,18968.6,0.112,118971.9
1753600040304,07:07:20.304,bitget,AEVO/USDT:USDT,0.1118,166595.7,0.1117,107812.4,0.1119,18968.6,0.112,118971.9
1753600040605,07:07:20.605,bitget,AEVO/USDT:USDT,0.1118,166595.7,0.1117,107812.4,0.1119,18968.6,0.112,118971.9
1753600040905,07:07:20.905,bitget,AEVO/USDT:USDT,0.1118,166595.7,0.1117,107812.4,0.1119,18968.6,0.112,118971.9
1753600041205,07:07:21.205,bitget,AEVO/USDT:USDT,0.1118,166595.7,0.1117,107812.4,0.1119,18968.6,0.112,118971.9
1753600041355,07:07:21.355,bitget,AEVO/USDT:USDT,0.1118,166595.7,0.1117,107812.4,0.1119,18968.6,0.112,118971.9
1753600042105,07:07:22.105,bitget,AEVO/USDT:USDT,0.1118,166595.7,0.1117,107812.4,0.1119,18968.6,0.112,118971.9
1753600042406,07:07:22.406,bitget,AEVO/USDT:USDT,0.1118,166595.7,0.1117,107812.4,0.1119,18968.6,0.112,118971.9
1753600042706,07:07:22.706,bitget,AEVO/USDT:USDT,0.1118,166595.7,0.1117,107812.4,0.1119,18968.6,0.112,118971.9
1753600043156,07:07:23.156,bitget,AEVO/USDT:USDT,0.112,2127.1,0.1119,12889.4,0.1121,48031.7,0.1122,180163.6
1753600043456,07:07:23.456,bitget,AEVO/USDT:USDT,0.112,46778.9,0.1119,168549.5,0.1121,15171.6,0.1122,106111.0
1753600043756,07:07:23.756,bitget,AEVO/USDT:USDT,0.112,46778.9,0.1119,168549.5,0.1121,15171.6,0.1122,213327.8
1753600043906,07:07:23.906,bitget,AEVO/USDT:USDT,0.1119,27263.5,0.1118,191288.4,0.1121,23116.1,0.1122,204411.7
1753600045107,07:07:25.107,bitget,AEVO/USDT:USDT,0.1119,52860.6,0.1118,154544.3,0.112,24779.7,0.1121,93681.4
1753600045257,07:07:25.257,bitget,AEVO/USDT:USDT,0.1119,52860.6,0.1118,160631.3,0.112,24779.7,0.1121,93681.4
1753600045407,07:07:25.407,bitget,AEVO/USDT:USDT,0.1119,52860.6,0.1118,160631.3,0.112,24779.7,0.1121,93681.4
1753600045557,07:07:25.557,bitget,AEVO/USDT:USDT,0.1119,52860.6,0.1118,160631.3,0.112,24779.7,0.1121,93681.4
1753600045857,07:07:25.857,bitget,AEVO/USDT:USDT,0.1119,51066.9,0.1118,160631.3,0.112,24779.7,0.1121,169813.0
1753600046007,07:07:26.007,bitget,AEVO/USDT:USDT,0.1119,51066.9,0.1118,160631.3,0.112,24779.7,0.1121,169813.0
1753600046308,07:07:26.308,bitget,AEVO/USDT:USDT,0.1119,51066.9,0.1118,164435.8,0.112,24779.7,0.1121,169813.0
1753600046608,07:07:26.608,bitget,AEVO/USDT:USDT,0.1119,51066.9,0.1118,164435.8,0.112,24779.7,0.1121,169813.0
1753600046758,07:07:26.758,bitget,AEVO/USDT:USDT,0.1119,51066.9,0.1118,164435.8,0.112,24779.7,0.1121,169813.0
1753600047508,07:07:27.508,bitget,AEVO/USDT:USDT,0.1119,51066.9,0.1118,164435.8,0.112,24779.7,0.1121,169813.0
1753600047809,07:07:27.809,bitget,AEVO/USDT:USDT,0.1119,51066.9,0.1118,164435.8,0.112,24779.7,0.1121,169813.0
1753600047959,07:07:27.959,bitget,AEVO/USDT:USDT,0.1119,51066.9,0.1118,164435.8,0.112,24779.7,0.1121,169813.0
1753600048709,07:07:28.709,bitget,AEVO/USDT:USDT,0.1119,51066.9,0.1118,164435.8,0.112,24779.7,0.1121,169813.0
1753600049009,07:07:29.009,bitget,AEVO/USDT:USDT,0.1119,51520.4,0.1118,155502.6,0.112,24779.7,0.1121,62616.5
1753600049309,07:07:29.309,bitget,AEVO/USDT:USDT,0.1119,60453.0,0.1118,155502.6,0.112,24779.7,0.1121,91272.9
1753600049610,07:07:29.610,bitget,AEVO/USDT:USDT,0.112,2127.1,0.1119,210076.0,0.1121,77440.2,0.1122,159252.0
1753600049760,07:07:29.760,bitget,AEVO/USDT:USDT,0.112,2127.1,0.1119,214450.7,0.1121,36608.3,0.1122,213108.6
1753600049910,07:07:29.910,bitget,AEVO/USDT:USDT,0.112,2127.1,0.1119,214450.7,0.1121,32541.7,0.1122,201727.0
1753600050060,07:07:30.060,bitget,AEVO/USDT:USDT,0.112,2127.1,0.1119,223357.5,0.1121,33078.1,0.1122,201727.0
1753600050360,07:07:30.360,bitget,AEVO/USDT:USDT,0.112,2127.1,0.1119,223357.5,0.1121,33078.1,0.1122,201727.0
1753600051110,07:07:31.110,bitget,AEVO/USDT:USDT,0.112,2127.1,0.1119,206878.2,0.1121,30762.3,0.1122,201727.0
1753600051561,07:07:31.561,bitget,AEVO/USDT:USDT,0.112,2127.1,0.1119,206878.2,0.1121,30762.3,0.1122,201727.0
1753600051711,07:07:31.711,bitget,AEVO/USDT:USDT,0.112,2127.1,0.1119,206878.2,0.1121,30762.3,0.1122,201727.0
1753600052311,07:07:32.311,bitget,AEVO/USDT:USDT,0.112,2127.1,0.1119,206878.2,0.1121,30762.3,0.1122,201727.0
1753600052461,07:07:32.461,bitget,AEVO/USDT:USDT,0.112,2127.1,0.1119,206878.2,0.1121,30762.3,0.1122,201727.0
1753600053662,07:07:33.662,bitget,AEVO/USDT:USDT,0.112,47006.2,0.1119,161755.3,0.1121,30762.3,0.1122,201662.5
1753600053962,07:07:33.962,bitget,AEVO/USDT:USDT,0.112,47006.2,0.1119,161755.3,0.1121,30762.3,0.1122,201662.5
1753600054412,07:07:34.412,bitget,AEVO/USDT:USDT,0.112,47006.2,0.1119,161755.3,0.1121,30762.3,0.1122,201662.5
1753600055162,07:07:35.162,bitget,AEVO/USDT:USDT,0.112,47006.2,0.1119,161755.3,0.1121,30762.3,0.1122,201662.5
1753600055463,07:07:35.463,bitget,AEVO/USDT:USDT,0.112,47006.2,0.1119,161755.3,0.1121,30762.3,0.1122,201662.5
1753600055613,07:07:35.613,bitget,AEVO/USDT:USDT,0.112,47006.2,0.1119,161755.3,0.1121,30762.3,0.1122,201662.5
1753600055763,07:07:35.763,bitget,AEVO/USDT:USDT,0.112,47006.2,0.1119,161755.3,0.1121,30762.3,0.1122,201662.5
1753600055913,07:07:35.913,bitget,AEVO/USDT:USDT,0.112,47006.2,0.1119,161755.3,0.1121,30762.3,0.1122,201662.5
1753600056213,07:07:36.213,bitget,AEVO/USDT:USDT,0.112,47006.2,0.1119,161755.3,0.1121,30762.3,0.1122,201662.5
1753600056513,07:07:36.513,bitget,AEVO/USDT:USDT,0.112,47006.2,0.1119,161755.3,0.1121,30762.3,0.1122,201662.5
1753600056663,07:07:36.663,bitget,AEVO/USDT:USDT,0.112,47006.2,0.1119,161755.3,0.1121,21793.7,0.1122,201662.5
1753600056813,07:07:36.813,bitget,AEVO/USDT:USDT,0.112,61998.0,0.1119,152369.2,0.1121,11820.4,0.1122,94467.3
1753600057114,07:07:37.114,bitget,AEVO/USDT:USDT,0.112,61998.0,0.1119,152369.2,0.1121,11820.4,0.1122,94467.3
1753600057264,07:07:37.264,bitget,AEVO/USDT:USDT,0.112,61998.0,0.1119,152369.2,0.1121,11820.4,0.1122,94467.3
1753600057414,07:07:37.414,bitget,AEVO/USDT:USDT,0.1121,2127.1,0.112,197475.8,0.1122,40672.1,0.1123,156951.4
1753600057564,07:07:37.564,bitget,AEVO/USDT:USDT,0.1121,2127.1,0.112,212833.5,0.1122,10762.3,0.1123,201557.3
1753600057714,07:07:37.714,bitget,AEVO/USDT:USDT,0.1121,2127.1,0.112,206592.4,0.1122,18052.9,0.1123,188463.4
1753600058464,07:07:38.464,bitget,AEVO/USDT:USDT,0.1121,2127.1,0.112,206592.4,0.1122,31212.2,0.1123,188463.4
1753600058614,07:07:38.614,bitget,AEVO/USDT:USDT,0.1121,2127.1,0.112,206592.4,0.1122,31212.2,0.1123,188463.4
1753600058764,07:07:38.764,bitget,AEVO/USDT:USDT,0.1121,2127.1,0.112,206592.4,0.1122,31212.2,0.1123,188463.4
1753600058915,07:07:38.915,bitget,AEVO/USDT:USDT,0.1121,2127.1,0.112,206592.4,0.1122,31212.2,0.1123,188463.4
1753600059065,07:07:39.065,bitget,AEVO/USDT:USDT,0.1121,2127.1,0.112,206592.4,0.1122,31212.2,0.1123,188463.4
1753600059215,07:07:39.215,bitget,AEVO/USDT:USDT,0.1121,2127.1,0.112,206592.4,0.1122,31212.2,0.1123,188463.4
1753600059515,07:07:39.515,bitget,AEVO/USDT:USDT,0.1121,2127.1,0.112,206592.4,0.1122,31212.2,0.1123,188463.4
1753600059665,07:07:39.665,bitget,AEVO/USDT:USDT,0.1121,2127.1,0.112,206592.4,0.1122,31212.2,0.1123,194719.6
1753600059815,07:07:39.815,bitget,AEVO/USDT:USDT,0.1121,2127.1,0.112,206592.4,0.1122,31212.2,0.1123,194719.6
1753600059965,07:07:39.965,bitget,AEVO/USDT:USDT,0.1121,2127.1,0.112,206592.4,0.1122,31212.2,0.1123,194719.6
1753600060115,07:07:40.115,bitget,AEVO/USDT:USDT,0.1121,2127.1,0.112,206592.4,0.1122,31212.2,0.1123,194719.6
1753600060265,07:07:40.265,bitget,AEVO/USDT:USDT,0.1121,2127.1,0.112,206592.4,0.1122,31212.2,0.1123,194719.6
1753600060415,07:07:40.415,bitget,AEVO/USDT:USDT,0.1121,2127.1,0.112,206592.4,0.1122,31664.9,0.1123,194719.6
1753600060565,07:07:40.565,bitget,AEVO/USDT:USDT,0.1121,2127.1,0.112,206592.4,0.1122,31664.9,0.1123,194719.6
1753600060866,07:07:40.866,bitget,AEVO/USDT:USDT,0.1121,2127.1,0.112,206592.4,0.1122,31212.2,0.1123,194719.6
1753600061166,07:07:41.166,bitget,AEVO/USDT:USDT,0.1121,2127.1,0.112,206592.4,0.1122,31212.2,0.1123,194719.6
1753600061316,07:07:41.316,bitget,AEVO/USDT:USDT,0.1121,2127.1,0.112,206592.4,0.1122,31212.2,0.1123,194719.6
1753600061466,07:07:41.466,bitget,AEVO/USDT:USDT,0.1121,2127.1,0.112,206592.4,0.1122,31212.2,0.1123,194719.6
1753600061616,07:07:41.616,bitget,AEVO/USDT:USDT,0.1121,2127.1,0.112,206592.4,0.1122,31212.2,0.1123,194719.6
1753600062066,07:07:42.066,bitget,AEVO/USDT:USDT,0.1121,2127.1,0.112,206592.4,0.1122,31212.2,0.1123,194719.6
1753600062216,07:07:42.216,bitget,AEVO/USDT:USDT,0.1121,2127.1,0.112,206592.4,0.1122,31212.2,0.1123,194719.6
1753600062366,07:07:42.366,bitget,AEVO/USDT:USDT,0.1121,2127.1,0.112,206592.4,0.1122,31212.2,0.1123,194719.6
1753600062516,07:07:42.516,bitget,AEVO/USDT:USDT,0.1121,2127.1,0.112,206592.4,0.1122,31212.2,0.1123,194719.6
1753600062667,07:07:42.667,bitget,AEVO/USDT:USDT,0.1121,2127.1,0.112,206592.4,0.1122,31212.2,0.1123,194719.6
1753600062817,07:07:42.817,bitget,AEVO/USDT:USDT,0.1121,2127.1,0.112,206592.4,0.1122,31212.2,0.1123,194719.6
1753600062967,07:07:42.967,bitget,AEVO/USDT:USDT,0.1121,2127.1,0.112,206592.4,0.1122,31212.2,0.1123,194719.6
1753600063267,07:07:43.267,bitget,AEVO/USDT:USDT,0.1121,2127.1,0.112,206592.4,0.1122,31212.2,0.1123,194719.6
1753600063417,07:07:43.417,bitget,AEVO/USDT:USDT,0.1121,2127.1,0.112,206592.4,0.1122,31212.2,0.1123,194719.6
1753600063567,07:07:43.567,bitget,AEVO/USDT:USDT,0.1121,2127.1,0.112,206592.4,0.1122,31212.2,0.1123,194719.6
1753600063717,07:07:43.717,bitget,AEVO/USDT:USDT,0.1121,2127.1,0.112,206592.4,0.1122,31212.2,0.1123,194719.6
1753600063867,07:07:43.867,bitget,AEVO/USDT:USDT,0.1121,2127.1,0.112,206592.4,0.1122,31212.2,0.1123,194719.6
1753600064017,07:07:44.017,bitget,AEVO/USDT:USDT,0.1121,2127.1,0.112,206592.4,0.1122,31212.2,0.1123,194719.6
1753600064167,07:07:44.167,bitget,AEVO/USDT:USDT,0.1121,2127.1,0.112,206592.4,0.1122,31212.2,0.1123,194719.6
1753600064468,07:07:44.468,bitget,AEVO/USDT:USDT,0.1121,2127.1,0.112,206592.4,0.1122,31212.2,0.1123,194719.6
1753600064768,07:07:44.768,bitget,AEVO/USDT:USDT,0.1121,2127.1,0.112,206592.4,0.1122,31212.2,0.1123,194719.6
1753600064918,07:07:44.918,bitget,AEVO/USDT:USDT,0.1121,2127.1,0.112,206592.4,0.1122,31212.2,0.1123,194719.6
1753600065218,07:07:45.218,bitget,AEVO/USDT:USDT,0.1121,2127.1,0.112,206592.4,0.1122,31212.2,0.1123,194719.6
1753600065368,07:07:45.368,bitget,AEVO/USDT:USDT,0.1121,2127.1,0.112,206592.4,0.1122,31212.2,0.1123,194719.6
1753600065668,07:07:45.668,bitget,AEVO/USDT:USDT,0.1121,2127.1,0.112,206592.4,0.1122,31212.2,0.1123,194719.6
1753600065818,07:07:45.818,bitget,AEVO/USDT:USDT,0.1121,2127.1,0.112,206592.4,0.1122,31212.2,0.1123,194719.6
1753600065968,07:07:45.968,bitget,AEVO/USDT:USDT,0.1121,2127.1,0.112,206592.4,0.1122,31212.2,0.1123,194719.6
1753600066119,07:07:46.119,bitget,AEVO/USDT:USDT,0.1121,2127.1,0.112,206592.4,0.1122,31212.2,0.1123,194719.6
1753600066269,07:07:46.269,bitget,AEVO/USDT:USDT,0.1121,2127.1,0.112,206592.4,0.1122,31212.2,0.1123,194719.6
1753600066419,07:07:46.419,bitget,AEVO/USDT:USDT,0.1121,2127.1,0.112,206592.4,0.1122,31212.2,0.1123,194719.6
1753600066569,07:07:46.569,bitget,AEVO/USDT:USDT,0.1121,2127.1,0.112,206592.4,0.1122,31212.2,0.1123,194719.6
1753600066719,07:07:46.719,bitget,AEVO/USDT:USDT,0.1121,2127.1,0.112,206592.4,0.1122,31212.2,0.1123,194719.6
1753600066869,07:07:46.869,bitget,AEVO/USDT:USDT,0.1121,2127.1,0.112,206592.4,0.1122,31212.2,0.1123,194719.6
1753600067019,07:07:47.019,bitget,AEVO/USDT:USDT,0.1121,2127.1,0.112,206592.4,0.1122,31212.2,0.1123,194719.6
1753600067169,07:07:47.169,bitget,AEVO/USDT:USDT,0.1121,2127.1,0.112,206592.4,0.1122,31212.2,0.1123,194719.6
1753600067469,07:07:47.469,bitget,AEVO/USDT:USDT,0.1121,2127.1,0.112,206592.4,0.1122,31212.2,0.1123,194719.6
1753600067619,07:07:47.619,bitget,AEVO/USDT:USDT,0.1121,2127.1,0.112,206592.4,0.1122,31212.2,0.1123,194719.6
1753600067769,07:07:47.769,bitget,AEVO/USDT:USDT,0.1121,2127.1,0.112,206592.4,0.1122,31212.2,0.1123,194719.6
1753600067919,07:07:47.919,bitget,AEVO/USDT:USDT,0.1121,2127.1,0.112,206592.4,0.1122,31212.2,0.1123,194719.6
1753600068220,07:07:48.220,bitget,AEVO/USDT:USDT,0.1121,2127.1,0.112,206592.4,0.1122,31212.2,0.1123,194719.6
1753600068370,07:07:48.370,bitget,AEVO/USDT:USDT,0.1121,2127.1,0.112,206592.4,0.1122,31212.2,0.1123,205475.4
1753600068520,07:07:48.520,bitget,AEVO/USDT:USDT,0.1121,2127.1,0.112,206592.4,0.1122,31212.2,0.1123,205475.4
1753600068670,07:07:48.670,bitget,AEVO/USDT:USDT,0.1121,2127.1,0.112,206592.4,0.1122,31212.2,0.1123,205475.4
1753600069120,07:07:49.120,bitget,AEVO/USDT:USDT,0.1121,16657.2,0.112,45623.9,0.1122,31212.2,0.1123,37837.7
1753600069420,07:07:49.420,bitget,AEVO/USDT:USDT,0.1121,60687.0,0.112,152704.6,0.1122,31212.2,0.1123,188948.2
1753600069570,07:07:49.570,bitget,AEVO/USDT:USDT,0.1121,60687.0,0.112,152704.6,0.1122,31212.2,0.1123,188948.2
1753600069720,07:07:49.720,bitget,AEVO/USDT:USDT,0.1121,49976.9,0.112,152704.6,0.1122,31212.2,0.1123,188948.2
1753600069871,07:07:49.871,bitget,AEVO/USDT:USDT,0.1121,49976.9,0.112,161623.3,0.1122,31212.2,0.1123,188948.2
1753600070471,07:07:50.471,bitget,AEVO/USDT:USDT,0.1121,49976.9,0.112,161623.3,0.1122,31212.2,0.1123,188948.2
1753600070771,07:07:50.771,bitget,AEVO/USDT:USDT,0.1121,49976.9,0.112,161623.3,0.1122,31212.2,0.1123,188948.2
1753600070921,07:07:50.921,bitget,AEVO/USDT:USDT,0.1121,49976.9,0.112,161623.3,0.1122,31212.2,0.1123,188948.2
1753600071071,07:07:51.071,bitget,AEVO/USDT:USDT,0.1121,49976.9,0.112,161623.3,0.1122,31212.2,0.1123,188948.2
1753600071221,07:07:51.221,bitget,AEVO/USDT:USDT,0.1121,49976.9,0.112,161623.3,0.1122,31212.2,0.1123,198647.5
1753600071371,07:07:51.371,bitget,AEVO/USDT:USDT,0.1121,49976.9,0.112,161623.3,0.1122,31212.2,0.1123,198647.5
1753600071672,07:07:51.672,bitget,AEVO/USDT:USDT,0.1121,49976.9,0.112,161623.3,0.1122,31212.2,0.1123,198647.5
1753600071822,07:07:51.822,bitget,AEVO/USDT:USDT,0.1121,49976.9,0.112,161623.3,0.1122,31212.2,0.1123,198647.5
1753600071972,07:07:51.972,bitget,AEVO/USDT:USDT,0.1121,49976.9,0.112,161623.3,0.1122,31212.2,0.1123,198647.5
1753600072122,07:07:52.122,bitget,AEVO/USDT:USDT,0.1121,49976.9,0.112,161623.3,0.1122,31212.2,0.1123,198647.5
1753600072272,07:07:52.272,bitget,AEVO/USDT:USDT,0.1121,49976.9,0.112,161623.3,0.1122,31212.2,0.1123,198647.5
1753600072722,07:07:52.722,bitget,AEVO/USDT:USDT,0.1121,50429.6,0.112,161170.2,0.1122,31212.2,0.1123,198647.5
1753600073022,07:07:53.022,bitget,AEVO/USDT:USDT,0.1121,49976.9,0.112,161170.2,0.1122,31212.2,0.1123,198647.5
1753600073323,07:07:53.323,bitget,AEVO/USDT:USDT,0.1121,50429.6,0.112,161170.2,0.1122,31212.2,0.1123,188948.2
1753600073473,07:07:53.473,bitget,AEVO/USDT:USDT,0.1121,50429.6,0.112,161170.2,0.1122,31212.2,0.1123,188948.2
1753600073623,07:07:53.623,bitget,AEVO/USDT:USDT,0.1121,50429.6,0.112,161170.2,0.1122,31212.2,0.1123,188948.2
1753600073773,07:07:53.773,bitget,AEVO/USDT:USDT,0.1122,2127.1,0.1121,61191.9,0.1123,37837.7,0.1124,184154.8
1753600074073,07:07:54.073,bitget,AEVO/USDT:USDT,0.1122,2127.1,0.1121,205638.6,0.1123,17686.6,0.1124,178545.9
1753600074223,07:07:54.223,bitget,AEVO/USDT:USDT,0.1122,2127.1,0.1121,205638.6,0.1123,17686.6,0.1124,202669.1
1753600074373,07:07:54.373,bitget,AEVO/USDT:USDT,0.1122,2127.1,0.1121,205638.6,0.1123,13005.9,0.1124,202669.1
1753600074523,07:07:54.523,bitget,AEVO/USDT:USDT,0.1122,2127.1,0.1121,205638.6,0.1123,16853.5,0.1124,202669.1
1753600074823,07:07:54.823,bitget,AEVO/USDT:USDT,0.1122,2127.1,0.1121,205638.6,0.1123,32556.0,0.1124,202669.1
1753600074973,07:07:54.973,bitget,AEVO/USDT:USDT,0.1122,2127.1,0.1121,205638.6,0.1123,32556.0,0.1124,202669.1
1753600075424,07:07:55.424,bitget,AEVO/USDT:USDT,0.1122,2127.1,0.1121,205638.6,0.1123,32556.0,0.1124,202669.1
1753600075574,07:07:55.574,bitget,AEVO/USDT:USDT,0.1122,2127.1,0.1121,205638.6,0.1123,32556.0,0.1124,202669.1
1753600075724,07:07:55.724,bitget,AEVO/USDT:USDT,0.1122,2127.1,0.1121,205638.6,0.1123,32556.0,0.1124,202669.1
1753600075874,07:07:55.874,bitget,AEVO/USDT:USDT,0.1122,2127.1,0.1121,205638.6,0.1123,32556.0,0.1124,202669.1
1753600076024,07:07:56.024,bitget,AEVO/USDT:USDT,0.1122,2127.1,0.1121,205638.6,0.1123,32556.0,0.1124,202669.1
1753600076174,07:07:56.174,bitget,AEVO/USDT:USDT,0.1122,2127.1,0.1121,205638.6,0.1123,32556.0,0.1124,202669.1
1753600076324,07:07:56.324,bitget,AEVO/USDT:USDT,0.1122,2127.1,0.1121,205638.6,0.1123,32556.0,0.1124,202669.1
1753600076474,07:07:56.474,bitget,AEVO/USDT:USDT,0.1122,2127.1,0.1121,205638.6,0.1123,32556.0,0.1124,202669.1
1753600076624,07:07:56.624,bitget,AEVO/USDT:USDT,0.1122,2127.1,0.1121,205638.6,0.1123,32556.0,0.1124,202669.1
1753600076774,07:07:56.774,bitget,AEVO/USDT:USDT,0.1122,2127.1,0.1121,205638.6,0.1123,32556.0,0.1124,202669.1
1753600076925,07:07:56.925,bitget,AEVO/USDT:USDT,0.1122,2127.1,0.1121,205638.6,0.1123,32556.0,0.1124,202669.1
1753600077075,07:07:57.075,bitget,AEVO/USDT:USDT,0.1122,2127.1,0.1121,205638.6,0.1123,33008.3,0.1124,202669.1
1753600077375,07:07:57.375,bitget,AEVO/USDT:USDT,0.1121,60527.2,0.112,94628.3,0.1122,20485.6,0.1123,87403.0
1753600077525,07:07:57.525,bitget,AEVO/USDT:USDT,0.1121,60527.2,0.112,201670.4,0.1122,29454.2,0.1123,96307.2
1753600077675,07:07:57.675,bitget,AEVO/USDT:USDT,0.1121,60527.2,0.112,201670.4,0.1122,26226.3,0.1123,96307.2
1753600077825,07:07:57.825,bitget,AEVO/USDT:USDT,0.1121,60527.2,0.112,201670.4,0.1122,26226.3,0.1123,96307.2
1753600077975,07:07:57.975,bitget,AEVO/USDT:USDT,0.1121,60527.2,0.112,201670.4,0.1122,28020.0,0.1123,96307.2
1753600078275,07:07:58.275,bitget,AEVO/USDT:USDT,0.1121,60527.2,0.112,201670.4,0.1122,28020.0,0.1123,96307.2
1753600078425,07:07:58.425,bitget,AEVO/USDT:USDT,0.1121,2127.1,0.112,201670.4,0.1122,24483.9,0.1123,203318.3
1753600078575,07:07:58.575,bitget,AEVO/USDT:USDT,0.1121,2127.1,0.112,254440.9,0.1122,24483.9,0.1123,174886.2
1753600078725,07:07:58.725,bitget,AEVO/USDT:USDT,0.1121,2127.1,0.112,204984.2,0.1122,24483.9,0.1123,174886.2
1753600078876,07:07:58.876,bitget,AEVO/USDT:USDT,0.1121,2127.1,0.112,204984.2,0.1122,24483.9,0.1123,174886.2
1753600079026,07:07:59.026,bitget,AEVO/USDT:USDT,0.1121,2127.1,0.112,204984.2,0.1122,24483.9,0.1123,174886.2
1753600079176,07:07:59.176,bitget,AEVO/USDT:USDT,0.112,204984.2,0.1119,82915.2,0.1122,24483.9,0.1123,174886.2
1753600079326,07:07:59.326,bitget,AEVO/USDT:USDT,0.112,179525.5,0.1119,108400.9,0.1122,59883.4,0.1123,174886.2
1753600079476,07:07:59.476,bitget,AEVO/USDT:USDT,0.112,179525.5,0.1119,108400.9,0.1122,59883.4,0.1123,174886.2
1753600079626,07:07:59.626,bitget,AEVO/USDT:USDT,0.112,179978.4,0.1119,108400.9,0.1122,59883.4,0.1123,174886.2
1753600079776,07:07:59.776,bitget,AEVO/USDT:USDT,0.112,186796.6,0.1119,108400.9,0.1122,59883.4,0.1123,174886.2
1753600079926,07:07:59.926,bitget,AEVO/USDT:USDT,0.112,186796.6,0.1119,86078.1,0.1122,59883.4,0.1123,174886.2
1753600080076,07:08:00.076,bitget,AEVO/USDT:USDT,0.112,179978.4,0.1119,103894.3,0.1122,59883.4,0.1123,174886.2
1753600080226,07:08:00.226,bitget,AEVO/USDT:USDT,0.112,179978.4,0.1119,103894.3,0.1122,59883.4,0.1123,174886.2
1753600080376,07:08:00.376,bitget,AEVO/USDT:USDT,0.112,179978.4,0.1119,103894.3,0.1122,59883.4,0.1123,174886.2
1753600080526,07:08:00.526,bitget,AEVO/USDT:USDT,0.112,179978.4,0.1119,103894.3,0.1122,59883.4,0.1123,174886.2
1753600080677,07:08:00.677,bitget,AEVO/USDT:USDT,0.112,179978.4,0.1119,103894.3,0.1122,59883.4,0.1123,174886.2
1753600080827,07:08:00.827,bitget,AEVO/USDT:USDT,0.112,179978.4,0.1119,103894.3,0.1122,59883.4,0.1123,174886.2
1753600080977,07:08:00.977,bitget,AEVO/USDT:USDT,0.112,186796.6,0.1119,103894.3,0.1122,59883.4,0.1123,174886.2
1753600081127,07:08:01.127,bitget,AEVO/USDT:USDT,0.112,186796.6,0.1119,103894.3,0.1122,59883.4,0.1123,174886.2
1753600081277,07:08:01.277,bitget,AEVO/USDT:USDT,0.112,186796.6,0.1119,103894.3,0.1122,59883.4,0.1123,174886.2
1753600081577,07:08:01.577,bitget,AEVO/USDT:USDT,0.112,186796.6,0.1119,103894.3,0.1122,59883.4,0.1123,174886.2
1753600081877,07:08:01.877,bitget,AEVO/USDT:USDT,0.112,186796.6,0.1119,103894.3,0.1122,59883.4,0.1123,174886.2
1753600082027,07:08:02.027,bitget,AEVO/USDT:USDT,0.112,186796.6,0.1119,103894.3,0.1122,59883.4,0.1123,174886.2
1753600082177,07:08:02.177,bitget,AEVO/USDT:USDT,0.112,15768.8,0.1119,101995.3,0.1121,10762.3,0.1122,112936.9
1753600082327,07:08:02.327,bitget,AEVO/USDT:USDT,0.1119,209023.0,0.1118,41479.9,0.1121,10762.3,0.1122,220222.6
1753600082478,07:08:02.478,bitget,AEVO/USDT:USDT,0.1119,189725.3,0.1118,91976.3,0.1121,62883.0,0.1122,218370.1
1753600082628,07:08:02.628,bitget,AEVO/USDT:USDT,0.112,1418.1,0.1119,199106.8,0.1121,62883.0,0.1122,239336.9
1753600082778,07:08:02.778,bitget,AEVO/USDT:USDT,0.112,1418.1,0.1119,198653.5,0.1121,15892.9,0.1122,238884.0
1753600082928,07:08:02.928,bitget,AEVO/USDT:USDT,0.1119,224608.7,0.1118,78985.1,0.1121,20133.1,0.1122,229973.7
1753600083078,07:08:03.078,bitget,AEVO/USDT:USDT,0.1119,199106.8,0.1118,104487.0,0.1121,74410.1,0.1122,229973.7
1753600083228,07:08:03.228,bitget,AEVO/USDT:USDT,0.1119,198653.5,0.1118,104487.0,0.1121,74410.1,0.1122,229973.7
1753600083378,07:08:03.378,bitget,AEVO/USDT:USDT,0.1119,198653.5,0.1118,104487.0,0.1121,74410.1,0.1122,229973.7
1753600083528,07:08:03.528,bitget,AEVO/USDT:USDT,0.1119,199106.8,0.1118,104487.0,0.1121,74410.1,0.1122,229973.7
1753600083678,07:08:03.678,bitget,AEVO/USDT:USDT,0.1119,199106.8,0.1118,104487.0,0.1121,94410.1,0.1122,229973.7
1753600083978,07:08:03.978,bitget,AEVO/USDT:USDT,0.1119,199106.8,0.1118,104487.0,0.1121,94410.1,0.1122,229973.7
1753600084128,07:08:04.128,bitget,AEVO/USDT:USDT,0.1119,199106.8,0.1118,104487.0,0.1121,94410.1,0.1122,229973.7
1753600084278,07:08:04.278,bitget,AEVO/USDT:USDT,0.1119,199106.8,0.1118,104487.0,0.1121,93957.0,0.1122,229973.7
1753600084429,07:08:04.429,bitget,AEVO/USDT:USDT,0.1119,199106.8,0.1118,104487.0,0.1121,94410.3,0.1122,229973.7
1753600084579,07:08:04.579,bitget,AEVO/USDT:USDT,0.1119,199106.8,0.1118,104487.0,0.1121,94410.3,0.1122,219973.7
1753600084729,07:08:04.729,bitget,AEVO/USDT:USDT,0.1119,199106.8,0.1118,104487.0,0.1121,94410.3,0.1122,219973.7
1753600084879,07:08:04.879,bitget,AEVO/USDT:USDT,0.1119,199106.8,0.1118,104487.0,0.1121,94410.3,0.1122,219973.7
1753600085029,07:08:05.029,bitget,AEVO/USDT:USDT,0.1119,48385.9,0.1118,104487.0,0.1121,94410.3,0.1122,69255.7
1753600085179,07:08:05.179,bitget,AEVO/USDT:USDT,0.1119,186252.4,0.1118,104487.0,0.1121,89152.7,0.1122,176313.5
1753600085329,07:08:05.329,bitget,AEVO/USDT:USDT,0.1119,186705.7,0.1118,104487.0,0.1121,119364.9,0.1122,176313.5
1753600085479,07:08:05.479,bitget,AEVO/USDT:USDT,0.1119,186705.7,0.1118,104487.0,0.1121,119364.9,0.1122,176313.5
1753600085629,07:08:05.629,bitget,AEVO/USDT:USDT,0.1119,186705.7,0.1118,104487.0,0.1121,119364.9,0.1122,176313.5
1753600085779,07:08:05.779,bitget,AEVO/USDT:USDT,0.1119,186705.7,0.1118,104487.0,0.1121,119364.9,0.1122,176313.5
1753600085929,07:08:05.929,bitget,AEVO/USDT:USDT,0.1119,186705.7,0.1118,104487.0,0.1121,119364.9,0.1122,176313.5
1753600086080,07:08:06.080,bitget,AEVO/USDT:USDT,0.1119,186705.7,0.1118,104487.0,0.1121,109993.9,0.1122,176313.5
1753600086230,07:08:06.230,bitget,AEVO/USDT:USDT,0.112,1418.1,0.1119,186705.7,0.1121,35892.9,0.1122,229028.6
1753600086380,07:08:06.380,bitget,AEVO/USDT:USDT,0.112,1418.1,0.1119,212237.6,0.1121,30762.3,0.1122,229028.6
1753600086530,07:08:06.530,bitget,AEVO/USDT:USDT,0.112,1418.1,0.1119,208385.8,0.1121,34463.3,0.1122,229028.6
1753600086680,07:08:06.680,bitget,AEVO/USDT:USDT,0.112,1418.1,0.1119,208385.8,0.1121,34463.3,0.1122,229028.6
1753600086830,07:08:06.830,bitget,AEVO/USDT:USDT,0.112,1418.1,0.1119,208385.8,0.1121,34463.3,0.1122,229028.6
1753600086980,07:08:06.980,bitget,AEVO/USDT:USDT,0.112,1418.1,0.1119,208385.8,0.1121,34463.3,0.1122,229028.6
1753600087130,07:08:07.130,bitget,AEVO/USDT:USDT,0.112,1418.1,0.1119,208385.8,0.1121,34463.3,0.1122,229028.6
1753600087280,07:08:07.280,bitget,AEVO/USDT:USDT,0.112,1418.1,0.1119,208385.8,0.1121,34463.3,0.1122,229028.6
1753600087430,07:08:07.430,bitget,AEVO/USDT:USDT,0.112,1418.1,0.1119,208385.8,0.1121,34463.3,0.1122,229028.6
1753600087580,07:08:07.580,bitget,AEVO/USDT:USDT,0.112,1418.1,0.1119,208385.8,0.1121,34463.3,0.1122,229028.6
1753600087730,07:08:07.730,bitget,AEVO/USDT:USDT,0.112,1418.1,0.1119,208385.8,0.1121,34463.3,0.1122,229028.6
1753600087880,07:08:07.880,bitget,AEVO/USDT:USDT,0.112,1418.1,0.1119,208385.8,0.1121,34463.3,0.1122,229028.6
1753600088031,07:08:08.031,bitget,AEVO/USDT:USDT,0.112,1418.1,0.1119,208385.8,0.1121,34463.3,0.1122,229028.6
1753600088181,07:08:08.181,bitget,AEVO/USDT:USDT,0.112,1418.1,0.1119,208385.8,0.1121,34463.3,0.1122,229028.6
1753600088331,07:08:08.331,bitget,AEVO/USDT:USDT,0.112,1418.1,0.1119,208385.8,0.1121,34463.3,0.1122,229028.6
1753600088481,07:08:08.481,bitget,AEVO/USDT:USDT,0.112,1418.1,0.1119,208385.8,0.1121,34463.3,0.1122,229028.6
1753600088631,07:08:08.631,bitget,AEVO/USDT:USDT,0.112,1418.1,0.1119,208385.8,0.1121,34463.3,0.1122,229028.6
1753600088781,07:08:08.781,bitget,AEVO/USDT:USDT,0.112,1418.1,0.1119,208385.8,0.1121,34463.3,0.1122,229028.6
1753600088931,07:08:08.931,bitget,AEVO/USDT:USDT,0.112,1418.1,0.1119,208385.8,0.1121,34463.3,0.1122,229028.6
1753600089081,07:08:09.081,bitget,AEVO/USDT:USDT,0.112,1418.1,0.1119,208385.8,0.1121,34463.3,0.1122,229028.6
1753600089231,07:08:09.231,bitget,AEVO/USDT:USDT,0.112,1418.1,0.1119,208385.8,0.1121,34463.3,0.1122,229028.6
1753600089381,07:08:09.381,bitget,AEVO/USDT:USDT,0.112,1418.1,0.1119,208385.8,0.1121,34463.3,0.1122,229028.6
1753600089531,07:08:09.531,bitget,AEVO/USDT:USDT,0.112,1418.1,0.1119,208385.8,0.1121,34463.3,0.1122,229028.6
1753600089681,07:08:09.681,bitget,AEVO/USDT:USDT,0.112,1418.1,0.1119,208385.8,0.1121,34463.3,0.1122,229028.6
1753600089831,07:08:09.831,bitget,AEVO/USDT:USDT,0.112,1418.1,0.1119,208385.8,0.1121,34463.3,0.1122,229028.6
1753600089982,07:08:09.982,bitget,AEVO/USDT:USDT,0.112,1418.1,0.1119,208385.8,0.1121,34463.3,0.1122,229028.6
1753600090132,07:08:10.132,bitget,AEVO/USDT:USDT,0.112,1418.1,0.1119,208385.8,0.1121,34463.3,0.1122,229028.6
1753600090282,07:08:10.282,bitget,AEVO/USDT:USDT,0.112,1418.1,0.1119,208385.8,0.1121,34463.3,0.1122,229028.6
1753600090432,07:08:10.432,bitget,AEVO/USDT:USDT,0.112,1418.1,0.1119,208385.8,0.1121,34463.3,0.1122,229028.6
1753600090582,07:08:10.582,bitget,AEVO/USDT:USDT,0.112,1418.1,0.1119,208385.8,0.1121,34463.3,0.1122,229028.6
1753600090732,07:08:10.732,bitget,AEVO/USDT:USDT,0.112,1418.1,0.1119,208385.8,0.1121,34463.3,0.1122,229028.6
1753600090882,07:08:10.882,bitget,AEVO/USDT:USDT,0.112,1418.1,0.1119,208385.8,0.1121,34463.3,0.1122,229028.6
1753600091032,07:08:11.032,bitget,AEVO/USDT:USDT,0.112,1418.1,0.1119,208385.8,0.1121,34463.3,0.1122,229028.6
1753600091182,07:08:11.182,bitget,AEVO/USDT:USDT,0.112,1418.1,0.1119,208385.8,0.1121,34463.3,0.1122,229028.6
1753600091332,07:08:11.332,bitget,AEVO/USDT:USDT,0.112,1418.1,0.1119,208385.8,0.1121,34463.3,0.1122,229028.6
1753600091482,07:08:11.482,bitget,AEVO/USDT:USDT,0.112,1418.1,0.1119,208385.8,0.1121,34463.3,0.1122,229028.6
1753600091632,07:08:11.632,bitget,AEVO/USDT:USDT,0.112,1418.1,0.1119,208385.8,0.1121,34463.3,0.1122,229028.6
1753600091933,07:08:11.933,bitget,AEVO/USDT:USDT,0.112,1418.1,0.1119,208385.8,0.1121,34463.3,0.1122,229028.6
1753600092083,07:08:12.083,bitget,AEVO/USDT:USDT,0.112,1418.1,0.1119,208385.8,0.1121,34463.3,0.1122,229028.6
1753600092233,07:08:12.233,bitget,AEVO/USDT:USDT,0.112,1418.1,0.1119,208385.8,0.1121,34463.3,0.1122,229028.6
1753600092383,07:08:12.383,bitget,AEVO/USDT:USDT,0.112,1418.1,0.1119,208385.8,0.1121,34463.3,0.1122,229028.6
1753600092533,07:08:12.533,bitget,AEVO/USDT:USDT,0.112,1418.1,0.1119,208385.8,0.1121,34463.3,0.1122,229028.6
1753600092683,07:08:12.683,bitget,AEVO/USDT:USDT,0.112,1418.1,0.1119,208385.8,0.1121,34463.3,0.1122,229028.6
1753600092833,07:08:12.833,bitget,AEVO/USDT:USDT,0.112,1418.1,0.1119,208385.8,0.1121,34463.3,0.1122,229028.6
1753600092983,07:08:12.983,bitget,AEVO/USDT:USDT,0.112,1418.1,0.1119,208385.8,0.1121,34463.3,0.1122,229028.6
1753600093133,07:08:13.133,bitget,AEVO/USDT:USDT,0.112,1418.1,0.1119,208385.8,0.1121,34463.3,0.1122,229028.6
1753600093283,07:08:13.283,bitget,AEVO/USDT:USDT,0.112,1418.1,0.1119,208385.8,0.1121,34463.3,0.1122,229028.6
1753600093433,07:08:13.433,bitget,AEVO/USDT:USDT,0.112,1418.1,0.1119,208385.8,0.1121,34463.3,0.1122,229028.6
1753600093583,07:08:13.583,bitget,AEVO/USDT:USDT,0.112,1418.1,0.1119,208385.8,0.1121,34463.3,0.1122,229028.6
1753600093734,07:08:13.734,bitget,AEVO/USDT:USDT,0.112,1418.1,0.1119,208385.8,0.1121,34463.3,0.1122,229028.6
1753600093884,07:08:13.884,bitget,AEVO/USDT:USDT,0.112,1418.1,0.1119,208385.8,0.1121,34463.3,0.1122,229028.6
1753600094034,07:08:14.034,bitget,AEVO/USDT:USDT,0.112,1418.1,0.1119,208385.8,0.1121,34463.3,0.1122,229028.6
1753600094184,07:08:14.184,bitget,AEVO/USDT:USDT,0.112,1418.1,0.1119,208385.8,0.1121,34463.3,0.1122,229028.6
1753600094334,07:08:14.334,bitget,AEVO/USDT:USDT,0.112,1418.1,0.1119,208385.8,0.1121,34463.3,0.1122,229028.6
1753600094484,07:08:14.484,bitget,AEVO/USDT:USDT,0.112,1418.1,0.1119,208385.8,0.1121,34463.3,0.1122,229028.6
1753600094634,07:08:14.634,bitget,AEVO/USDT:USDT,0.112,1418.1,0.1119,208385.8,0.1121,34463.3,0.1122,229028.6
1753600094784,07:08:14.784,bitget,AEVO/USDT:USDT,0.112,1418.1,0.1119,208385.8,0.1121,34463.3,0.1122,229028.6
1753600094934,07:08:14.934,bitget,AEVO/USDT:USDT,0.112,1418.1,0.1119,208385.8,0.1121,34463.3,0.1122,229028.6
1753600095084,07:08:15.084,bitget,AEVO/USDT:USDT,0.112,1418.1,0.1119,208385.8,0.1121,34463.3,0.1122,229028.6
1753600095234,07:08:15.234,bitget,AEVO/USDT:USDT,0.112,1418.1,0.1119,208385.8,0.1121,34463.3,0.1122,229028.6
1753600095384,07:08:15.384,bitget,AEVO/USDT:USDT,0.112,1418.1,0.1119,208385.8,0.1121,34463.3,0.1122,229028.6
1753600095534,07:08:15.534,bitget,AEVO/USDT:USDT,0.112,1418.1,0.1119,208385.8,0.1121,34463.3,0.1122,229028.6
1753600095685,07:08:15.685,bitget,AEVO/USDT:USDT,0.112,1418.1,0.1119,208385.8,0.1121,34463.3,0.1122,229028.6
1753600095835,07:08:15.835,bitget,AEVO/USDT:USDT,0.112,1418.1,0.1119,208385.8,0.1121,34463.3,0.1122,229028.6
1753600095985,07:08:15.985,bitget,AEVO/USDT:USDT,0.112,1418.1,0.1119,208385.8,0.1121,34463.3,0.1122,229028.6
1753600096135,07:08:16.135,bitget,AEVO/USDT:USDT,0.112,1418.1,0.1119,208385.8,0.1121,34463.3,0.1122,229028.6
1753600096285,07:08:16.285,bitget,AEVO/USDT:USDT,0.112,1418.1,0.1119,208385.8,0.1121,34463.3,0.1122,229028.6
1753600096435,07:08:16.435,bitget,AEVO/USDT:USDT,0.112,1418.1,0.1119,208385.8,0.1121,34463.3,0.1122,229028.6
1753600096585,07:08:16.585,bitget,AEVO/USDT:USDT,0.112,1418.1,0.1119,208385.8,0.1121,34463.3,0.1122,229028.6
1753600096735,07:08:16.735,bitget,AEVO/USDT:USDT,0.112,1418.1,0.1119,208385.8,0.1121,34463.3,0.1122,229028.6
1753600096885,07:08:16.885,bitget,AEVO/USDT:USDT,0.112,1418.1,0.1119,208385.8,0.1121,34463.3,0.1122,229028.6
1753600097035,07:08:17.035,bitget,AEVO/USDT:USDT,0.112,1418.1,0.1119,208385.8,0.1121,34463.3,0.1122,229028.6
1753600097185,07:08:17.185,bitget,AEVO/USDT:USDT,0.112,1418.1,0.1119,208385.8,0.1121,34463.3,0.1122,229028.6
1753600097336,07:08:17.336,bitget,AEVO/USDT:USDT,0.112,1418.1,0.1119,208385.8,0.1121,34463.3,0.1122,229028.6
1753600097486,07:08:17.486,bitget,AEVO/USDT:USDT,0.112,1418.1,0.1119,208385.8,0.1121,34463.3,0.1122,229028.6
1753600097636,07:08:17.636,bitget,AEVO/USDT:USDT,0.112,1418.1,0.1119,208385.8,0.1121,34463.3,0.1122,229028.6
1753600097786,07:08:17.786,bitget,AEVO/USDT:USDT,0.112,1418.1,0.1119,208385.8,0.1121,34463.3,0.1122,229028.6
1753600097936,07:08:17.936,bitget,AEVO/USDT:USDT,0.112,1418.1,0.1119,208385.8,0.1121,34463.3,0.1122,229028.6
1753600098086,07:08:18.086,bitget,AEVO/USDT:USDT,0.112,1418.1,0.1119,208385.8,0.1121,34463.3,0.1122,229028.6
1753600098236,07:08:18.236,bitget,AEVO/USDT:USDT,0.112,1418.1,0.1119,208385.8,0.1121,34463.3,0.1122,229028.6
1753600098386,07:08:18.386,bitget,AEVO/USDT:USDT,0.112,1418.1,0.1119,208385.8,0.1121,34463.3,0.1122,229028.6
1753600098536,07:08:18.536,bitget,AEVO/USDT:USDT,0.112,3211.8,0.1119,208385.8,0.1121,10762.3,0.1122,78171.8
1753600098686,07:08:18.686,bitget,AEVO/USDT:USDT,0.112,123127.8,0.1119,91946.5,0.1122,48288.9,0.1123,151451.1
1753600098836,07:08:18.836,bitget,AEVO/USDT:USDT,0.112,165036.9,0.1119,91946.5,0.1122,57198.3,0.1123,185788.9
1753600098986,07:08:18.986,bitget,AEVO/USDT:USDT,0.112,165036.9,0.1119,91946.5,0.1122,57651.2,0.1123,185788.9
1753600099137,07:08:19.137,bitget,AEVO/USDT:USDT,0.112,165036.9,0.1119,91946.5,0.1122,57651.2,0.1123,185788.9
1753600099287,07:08:19.287,bitget,AEVO/USDT:USDT,0.112,165036.9,0.1119,91946.5,0.1122,57651.2,0.1123,185788.9
1753600099437,07:08:19.437,bitget,AEVO/USDT:USDT,0.112,165036.9,0.1119,91946.5,0.1122,77651.2,0.1123,185788.9
1753600099587,07:08:19.587,bitget,AEVO/USDT:USDT,0.112,165036.9,0.1119,91946.5,0.1122,77651.2,0.1123,185788.9
1753600099737,07:08:19.737,bitget,AEVO/USDT:USDT,0.112,165036.9,0.1119,91946.5,0.1122,77651.2,0.1123,185788.9
1753600099887,07:08:19.887,bitget,AEVO/USDT:USDT,0.112,165036.9,0.1119,91946.5,0.1122,77651.2,0.1123,185788.9
1753600100037,07:08:20.037,bitget,AEVO/USDT:USDT,0.112,165036.9,0.1119,91946.5,0.1122,77651.2,0.1123,185788.9
1753600100187,07:08:20.187,bitget,AEVO/USDT:USDT,0.112,165036.9,0.1119,91946.5,0.1122,77651.2,0.1123,185788.9
1753600100337,07:08:20.337,bitget,AEVO/USDT:USDT,0.112,165036.9,0.1119,91946.5,0.1122,77651.2,0.1123,185788.9
1753600100487,07:08:20.487,bitget,AEVO/USDT:USDT,0.112,165036.9,0.1119,91946.5,0.1122,77651.2,0.1123,185788.9
1753600100637,07:08:20.637,bitget,AEVO/USDT:USDT,0.112,165036.9,0.1119,91946.5,0.1122,77651.2,0.1123,185788.9
1753600100787,07:08:20.787,bitget,AEVO/USDT:USDT,0.112,165036.9,0.1119,91946.5,0.1122,77651.2,0.1123,185788.9
1753600100937,07:08:20.937,bitget,AEVO/USDT:USDT,0.112,165036.9,0.1119,91946.5,0.1122,77651.2,0.1123,185788.9
1753600101088,07:08:21.088,bitget,AEVO/USDT:USDT,0.112,165036.9,0.1119,91946.5,0.1122,77651.2,0.1123,185788.9
1753600101238,07:08:21.238,bitget,AEVO/USDT:USDT,0.112,101543.8,0.1119,48057.7,0.1122,121285.5,0.1123,142159.7
1753600101388,07:08:21.388,bitget,AEVO/USDT:USDT,0.112,180814.3,0.1119,48057.7,0.1122,121285.5,0.1123,142159.7
1753600101538,07:08:21.538,bitget,AEVO/USDT:USDT,0.112,180814.3,0.1119,48057.7,0.1122,121285.5,0.1123,142159.7
1753600101688,07:08:21.688,bitget,AEVO/USDT:USDT,0.112,180814.3,0.1119,48057.7,0.1122,121285.5,0.1123,142159.7
1753600101838,07:08:21.838,bitget,AEVO/USDT:USDT,0.112,180814.3,0.1119,48057.7,0.1122,121285.5,0.1123,142159.7
1753600101988,07:08:21.988,bitget,AEVO/USDT:USDT,0.112,180814.3,0.1119,48057.7,0.1122,121285.5,0.1123,142159.7
1753600102138,07:08:22.138,bitget,AEVO/USDT:USDT,0.112,180814.3,0.1119,48057.7,0.1122,121285.5,0.1123,142159.7
1753600102288,07:08:22.288,bitget,AEVO/USDT:USDT,0.112,180814.3,0.1119,48057.7,0.1122,121285.5,0.1123,142159.7
1753600102438,07:08:22.438,bitget,AEVO/USDT:USDT,0.112,180814.3,0.1119,48057.7,0.1122,121285.5,0.1123,142159.7
1753600102588,07:08:22.588,bitget,AEVO/USDT:USDT,0.112,180814.3,0.1119,48057.7,0.1122,121285.5,0.1123,142159.7
1753600102739,07:08:22.739,bitget,AEVO/USDT:USDT,0.112,180814.3,0.1119,48057.7,0.1122,121285.5,0.1123,142159.7
1753600102889,07:08:22.889,bitget,AEVO/USDT:USDT,0.112,180814.3,0.1119,48057.7,0.1122,121285.5,0.1123,142159.7
1753600103039,07:08:23.039,bitget,AEVO/USDT:USDT,0.112,180814.3,0.1119,48057.7,0.1122,121285.5,0.1123,142159.7
1753600103189,07:08:23.189,bitget,AEVO/USDT:USDT,0.112,180814.3,0.1119,48057.7,0.1122,121285.5,0.1123,142159.7
1753600103339,07:08:23.339,bitget,AEVO/USDT:USDT,0.112,180814.3,0.1119,48057.7,0.1122,121285.5,0.1123,142159.7
1753600103489,07:08:23.489,bitget,AEVO/USDT:USDT,0.112,180814.3,0.1119,48057.7,0.1122,121285.5,0.1123,142159.7
1753600103639,07:08:23.639,bitget,AEVO/USDT:USDT,0.112,180814.3,0.1119,48057.7,0.1122,121285.5,0.1123,142159.7
1753600103789,07:08:23.789,bitget,AEVO/USDT:USDT,0.112,180814.3,0.1119,48057.7,0.1122,121285.5,0.1123,142159.7
1753600103939,07:08:23.939,bitget,AEVO/USDT:USDT,0.112,180814.3,0.1119,48057.7,0.1122,121285.5,0.1123,142159.7
1753600104089,07:08:24.089,bitget,AEVO/USDT:USDT,0.112,180814.3,0.1119,48057.7,0.1122,121285.5,0.1123,142159.7
1753600104239,07:08:24.239,bitget,AEVO/USDT:USDT,0.112,180814.3,0.1119,48057.7,0.1122,121285.5,0.1123,142159.7
1753600104389,07:08:24.389,bitget,AEVO/USDT:USDT,0.112,180814.3,0.1119,48057.7,0.1122,121285.5,0.1123,142159.7
1753600104539,07:08:24.539,bitget,AEVO/USDT:USDT,0.112,180814.3,0.1119,48057.7,0.1122,121285.5,0.1123,142159.7
1753600104690,07:08:24.690,bitget,AEVO/USDT:USDT,0.112,180814.3,0.1119,48057.7,0.1122,121285.5,0.1123,142159.7
1753600104840,07:08:24.840,bitget,AEVO/USDT:USDT,0.112,59587.7,0.1119,155162.1,0.1121,10762.3,0.1122,125743.7
1753600104990,07:08:24.990,bitget,AEVO/USDT:USDT,0.112,59587.7,0.1119,155162.1,0.1121,20762.3,0.1122,232848.1
1753600105140,07:08:25.140,bitget,AEVO/USDT:USDT,0.112,59587.7,0.1119,155162.1,0.1121,20762.3,0.1122,232848.1
1753600105290,07:08:25.290,bitget,AEVO/USDT:USDT,0.112,59587.7,0.1119,155162.1,0.1121,20762.3,0.1122,251067.8
1753600105440,07:08:25.440,bitget,AEVO/USDT:USDT,0.112,59587.7,0.1119,155162.1,0.1121,20762.3,0.1122,251067.8
1753600105590,07:08:25.590,bitget,AEVO/USDT:USDT,0.112,59587.7,0.1119,155162.1,0.1121,20762.3,0.1122,251067.8
1753600105740,07:08:25.740,bitget,AEVO/USDT:USDT,0.112,59587.7,0.1119,155162.1,0.1121,20762.3,0.1122,251067.8
1753600105890,07:08:25.890,bitget,AEVO/USDT:USDT,0.112,59587.7,0.1119,155162.1,0.1121,20762.3,0.1122,251067.8
1753600106040,07:08:26.040,bitget,AEVO/USDT:USDT,0.112,57794.0,0.1119,155162.1,0.1121,20762.3,0.1122,251067.8
1753600106190,07:08:26.190,bitget,AEVO/USDT:USDT,0.112,57794.0,0.1119,155162.1,0.1121,20762.3,0.1122,251067.8
1753600106340,07:08:26.340,bitget,AEVO/USDT:USDT,0.112,57794.0,0.1119,155162.1,0.1121,20762.3,0.1122,251067.8
1753600106491,07:08:26.491,bitget,AEVO/USDT:USDT,0.112,57794.0,0.1119,155162.1,0.1121,20762.3,0.1122,251067.8
1753600106641,07:08:26.641,bitget,AEVO/USDT:USDT,0.112,57794.0,0.1119,155162.1,0.1121,20762.3,0.1122,143963.4
1753600106791,07:08:26.791,bitget,AEVO/USDT:USDT,0.112,57794.0,0.1119,155162.1,0.1121,20762.3,0.1122,143963.4
1753600106941,07:08:26.941,bitget,AEVO/USDT:USDT,0.112,57794.0,0.1119,155162.1,0.1121,20762.3,0.1122,251067.8
1753600107091,07:08:27.091,bitget,AEVO/USDT:USDT,0.112,57794.0,0.1119,155162.1,0.1121,20762.3,0.1122,251067.8
1753600107241,07:08:27.241,bitget,AEVO/USDT:USDT,0.112,57794.0,0.1119,155162.1,0.1121,20762.3,0.1122,143963.4
1753600107391,07:08:27.391,bitget,AEVO/USDT:USDT,0.112,57794.0,0.1119,155162.1,0.1121,20762.3,0.1122,143963.4
1753600107541,07:08:27.541,bitget,AEVO/USDT:USDT,0.112,57794.0,0.1119,155162.1,0.1121,20762.3,0.1122,143963.4
1753600107691,07:08:27.691,bitget,AEVO/USDT:USDT,0.112,57794.0,0.1119,155162.1,0.1121,10762.3,0.1122,143963.4
1753600107841,07:08:27.841,bitget,AEVO/USDT:USDT,0.112,176107.4,0.1119,48057.7,0.1122,86508.6,0.1123,151045.6
1753600107991,07:08:27.991,bitget,AEVO/USDT:USDT,0.1121,1418.1,0.112,191251.0,0.1122,81635.5,0.1123,151045.6
1753600108141,07:08:28.141,bitget,AEVO/USDT:USDT,0.1121,1418.1,0.112,215391.1,0.1122,81635.5,0.1123,151045.6
1753600108291,07:08:28.291,bitget,AEVO/USDT:USDT,0.1121,1418.1,0.112,215391.1,0.1122,81635.5,0.1123,151045.6
1753600108442,07:08:28.442,bitget,AEVO/USDT:USDT,0.1121,1418.1,0.112,215391.1,0.1122,81635.5,0.1123,151045.6
1753600108742,07:08:28.742,bitget,AEVO/USDT:USDT,0.1121,1418.1,0.112,215391.1,0.1122,82088.2,0.1123,151045.6
1753600108892,07:08:28.892,bitget,AEVO/USDT:USDT,0.1121,1418.1,0.112,215391.1,0.1122,81635.5,0.1123,151045.6
1753600109042,07:08:29.042,bitget,AEVO/USDT:USDT,0.1121,1418.1,0.112,215391.1,0.1122,81635.5,0.1123,151045.6
1753600109192,07:08:29.192,bitget,AEVO/USDT:USDT,0.1121,1418.1,0.112,204925.0,0.1122,81635.5,0.1123,151045.6
1753600109342,07:08:29.342,bitget,AEVO/USDT:USDT,0.1121,1418.1,0.112,204925.0,0.1122,81635.5,0.1123,151045.6
1753600109492,07:08:29.492,bitget,AEVO/USDT:USDT,0.1121,1418.1,0.112,204925.0,0.1122,81635.5,0.1123,151045.6
1753600109642,07:08:29.642,bitget,AEVO/USDT:USDT,0.1121,1418.1,0.112,204925.0,0.1122,81635.5,0.1123,151045.6
1753600109792,07:08:29.792,bitget,AEVO/USDT:USDT,0.1121,1418.1,0.112,204925.0,0.1122,81635.5,0.1123,151045.6
1753600109942,07:08:29.942,bitget,AEVO/USDT:USDT,0.1121,1418.1,0.112,204925.0,0.1122,81635.5,0.1123,151045.6
1753600110092,07:08:30.092,bitget,AEVO/USDT:USDT,0.1121,1418.1,0.112,204925.0,0.1122,81635.5,0.1123,151045.6
1753600110243,07:08:30.243,bitget,AEVO/USDT:USDT,0.1121,1418.1,0.112,204925.0,0.1122,81635.5,0.1123,151045.6
1753600110393,07:08:30.393,bitget,AEVO/USDT:USDT,0.1121,1418.1,0.112,204925.0,0.1122,81635.5,0.1123,151045.6
1753600110543,07:08:30.543,bitget,AEVO/USDT:USDT,0.1121,1418.1,0.112,204925.0,0.1122,81635.5,0.1123,151045.6
1753600110693,07:08:30.693,bitget,AEVO/USDT:USDT,0.1121,1418.1,0.112,204925.0,0.1122,81635.5,0.1123,151045.6
1753600110843,07:08:30.843,bitget,AEVO/USDT:USDT,0.1121,1418.1,0.112,204925.0,0.1122,81635.5,0.1123,151045.6
1753600110993,07:08:30.993,bitget,AEVO/USDT:USDT,0.1121,1418.1,0.112,204925.0,0.1122,81635.5,0.1123,151045.6
1753600111143,07:08:31.143,bitget,AEVO/USDT:USDT,0.1121,1418.1,0.112,204925.0,0.1122,81635.5,0.1123,151045.6
1753600111293,07:08:31.293,bitget,AEVO/USDT:USDT,0.1121,1418.1,0.112,204925.0,0.1122,81635.5,0.1123,151045.6
1753600111443,07:08:31.443,bitget,AEVO/USDT:USDT,0.1121,1418.1,0.112,204925.0,0.1122,38020.0,0.1123,194650.2
1753600111593,07:08:31.593,bitget,AEVO/USDT:USDT,0.1121,1418.1,0.112,204925.0,0.1122,36425.5,0.1123,194650.2
1753600111743,07:08:31.743,bitget,AEVO/USDT:USDT,0.1121,1418.1,0.112,204925.0,0.1122,36425.5,0.1123,194650.2
1753600112044,07:08:32.044,bitget,AEVO/USDT:USDT,0.1121,1418.1,0.112,204925.0,0.1122,36425.5,0.1123,194650.2
1753600112194,07:08:32.194,bitget,AEVO/USDT:USDT,0.1121,1418.1,0.112,204925.0,0.1122,36425.5,0.1123,194650.2
1753600112344,07:08:32.344,bitget,AEVO/USDT:USDT,0.1121,1418.1,0.112,204925.0,0.1122,36425.5,0.1123,194650.2
1753600112494,07:08:32.494,bitget,AEVO/USDT:USDT,0.1121,1418.1,0.112,204925.0,0.1122,36425.5,0.1123,194650.2
1753600112644,07:08:32.644,bitget,AEVO/USDT:USDT,0.1121,1418.1,0.112,204925.0,0.1122,36425.5,0.1123,194650.2
1753600112944,07:08:32.944,bitget,AEVO/USDT:USDT,0.1121,1418.1,0.112,204925.0,0.1122,36425.5,0.1123,194650.2
1753600113094,07:08:33.094,bitget,AEVO/USDT:USDT,0.1121,1418.1,0.112,204925.0,0.1122,36425.5,0.1123,194650.2
1753600113244,07:08:33.244,bitget,AEVO/USDT:USDT,0.1121,1418.1,0.112,204925.0,0.1122,36425.5,0.1123,194650.2
1753600113394,07:08:33.394,bitget,AEVO/USDT:USDT,0.1121,1418.1,0.112,204925.0,0.1122,36425.5,0.1123,194650.2
1753600113694,07:08:33.694,bitget,AEVO/USDT:USDT,0.1121,1418.1,0.112,204925.0,0.1122,36425.5,0.1123,194650.2
1753600113845,07:08:33.845,bitget,AEVO/USDT:USDT,0.1121,1418.1,0.112,204925.0,0.1122,36425.5,0.1123,194650.2
1753600113995,07:08:33.995,bitget,AEVO/USDT:USDT,0.1121,1418.1,0.112,204925.0,0.1122,36425.5,0.1123,194650.2
1753600114145,07:08:34.145,bitget,AEVO/USDT:USDT,0.1121,1418.1,0.112,204925.0,0.1122,36425.5,0.1123,203847.8
1753600114295,07:08:34.295,bitget,AEVO/USDT:USDT,0.1121,1418.1,0.112,204925.0,0.1122,36425.5,0.1123,203847.8
1753600114445,07:08:34.445,bitget,AEVO/USDT:USDT,0.1121,1418.1,0.112,204925.0,0.1122,36425.5,0.1123,203847.8
1753600114595,07:08:34.595,bitget,AEVO/USDT:USDT,0.1121,1418.1,0.112,204925.0,0.1122,36425.5,0.1123,203847.8
1753600114745,07:08:34.745,bitget,AEVO/USDT:USDT,0.1121,1418.1,0.112,204925.0,0.1122,36425.5,0.1123,203847.8
1753600114895,07:08:34.895,bitget,AEVO/USDT:USDT,0.112,161290.7,0.1119,78901.0,0.1122,36878.2,0.1123,203847.8
1753600115045,07:08:35.045,bitget,AEVO/USDT:USDT,0.112,128182.0,0.1119,104448.7,0.1121,10762.3,0.1122,87311.5
1753600115195,07:08:35.195,bitget,AEVO/USDT:USDT,0.112,166643.2,0.1119,104448.7,0.1122,95770.4,0.1123,193344.4
1753600115345,07:08:35.345,bitget,AEVO/USDT:USDT,0.112,178682.2,0.1119,104448.7,0.1121,1793.7,0.1122,100681.7
1753600115495,07:08:35.495,bitget,AEVO/USDT:USDT,0.112,166643.2,0.1119,104448.7,0.1121,1793.7,0.1122,100228.6
1753600115645,07:08:35.645,bitget,AEVO/USDT:USDT,0.112,166643.2,0.1119,104448.7,0.1121,1793.7,0.1122,100228.6
1753600115796,07:08:35.796,bitget,AEVO/USDT:USDT,0.112,166643.2,0.1119,104448.7,0.1121,10762.3,0.1122,100228.6
1753600115946,07:08:35.946,bitget,AEVO/USDT:USDT,0.112,166643.2,0.1119,104448.7,0.1121,10762.3,0.1122,100228.6
1753600116096,07:08:36.096,bitget,AEVO/USDT:USDT,0.112,164813.4,0.1119,104448.7,0.1121,10762.3,0.1122,100228.6
1753600116246,07:08:36.246,bitget,AEVO/USDT:USDT,0.112,164813.4,0.1119,104448.7,0.1121,10762.3,0.1122,100228.6
1753600116396,07:08:36.396,bitget,AEVO/USDT:USDT,0.112,164813.4,0.1119,104448.7,0.1121,10762.3,0.1122,100228.6
1753600116546,07:08:36.546,bitget,AEVO/USDT:USDT,0.112,164813.4,0.1119,104448.7,0.1121,10762.3,0.1122,100228.6
1753600116696,07:08:36.696,bitget,AEVO/USDT:USDT,0.112,57715.4,0.1119,104448.7,0.1121,10762.3,0.1122,100228.6
1753600116846,07:08:36.846,bitget,AEVO/USDT:USDT,0.1119,93686.4,0.1118,137904.6,0.1121,62794.2,0.1122,192335.5
1753600116996,07:08:36.996,bitget,AEVO/USDT:USDT,0.1118,160559.6,0.1117,12681.6,0.112,10762.3,0.1121,108018.1
1753600117146,07:08:37.146,bitget,AEVO/USDT:USDT,0.1119,45004.0,0.1118,32187.7,0.112,25892.9,0.1121,105968.1
1753600117296,07:08:37.296,bitget,AEVO/USDT:USDT,0.1119,45004.0,0.1118,194366.0,0.112,25892.9,0.1121,213039.3
1753600117446,07:08:37.446,bitget,AEVO/USDT:USDT,0.1119,45004.0,0.1118,166219.8,0.112,25892.9,0.1121,213039.3
1753600117597,07:08:37.597,bitget,AEVO/USDT:USDT,0.1119,45004.0,0.1118,166219.8,0.112,25892.9,0.1121,213039.3
1753600117747,07:08:37.747,bitget,AEVO/USDT:USDT,0.1119,45004.0,0.1118,166219.8,0.112,25892.9,0.1121,213039.3
1753600117897,07:08:37.897,bitget,AEVO/USDT:USDT,0.1119,45004.0,0.1118,166219.8,0.112,25892.9,0.1121,213039.3
1753600118047,07:08:38.047,bitget,AEVO/USDT:USDT,0.1119,45004.0,0.1118,166219.8,0.112,25892.9,0.1121,213039.3
1753600118197,07:08:38.197,bitget,AEVO/USDT:USDT,0.1119,45004.0,0.1118,166219.8,0.112,32356.8,0.1121,196685.9
1753600118347,07:08:38.347,bitget,AEVO/USDT:USDT,0.1119,45004.0,0.1118,166219.8,0.112,32356.8,0.1121,196685.9
1753600118497,07:08:38.497,bitget,AEVO/USDT:USDT,0.1119,45004.0,0.1118,166219.8,0.112,32356.8,0.1121,196685.9
1753600118797,07:08:38.797,bitget,AEVO/USDT:USDT,0.1119,45004.0,0.1118,166219.8,0.112,32356.8,0.1121,196685.9
1753600118947,07:08:38.947,bitget,AEVO/USDT:USDT,0.1119,45004.0,0.1118,166219.8,0.112,32356.8,0.1121,196685.9
1753600119097,07:08:39.097,bitget,AEVO/USDT:USDT,0.1119,45004.0,0.1118,166219.8,0.112,32356.8,0.1121,196685.9
1753600119248,07:08:39.248,bitget,AEVO/USDT:USDT,0.1119,45004.0,0.1118,166219.8,0.112,32356.8,0.1121,196685.9
1753600119398,07:08:39.398,bitget,AEVO/USDT:USDT,0.1119,45004.0,0.1118,166219.8,0.112,32356.8,0.1121,196685.9
1753600119548,07:08:39.548,bitget,AEVO/USDT:USDT,0.1119,45004.0,0.1118,166219.8,0.112,32356.8,0.1121,196685.9
1753600119698,07:08:39.698,bitget,AEVO/USDT:USDT,0.1119,45004.0,0.1118,166219.8,0.112,32356.8,0.1121,196685.9
1753600119848,07:08:39.848,bitget,AEVO/USDT:USDT,0.1119,45004.0,0.1118,166219.8,0.112,32356.8,0.1121,196685.9
1753600119998,07:08:39.998,bitget,AEVO/USDT:USDT,0.1119,45004.0,0.1118,166219.8,0.112,32356.8,0.1121,196685.9
1753600120148,07:08:40.148,bitget,AEVO/USDT:USDT,0.1119,45004.0,0.1118,166219.8,0.112,32356.8,0.1121,196685.9
1753600120298,07:08:40.298,bitget,AEVO/USDT:USDT,0.1119,45004.0,0.1118,166219.8,0.112,32356.8,0.1121,196685.9
1753600120448,07:08:40.448,bitget,AEVO/USDT:USDT,0.1119,45004.0,0.1118,166219.8,0.112,32356.8,0.1121,196685.9
1753600120598,07:08:40.598,bitget,AEVO/USDT:USDT,0.1119,45004.0,0.1118,166219.8,0.112,32356.8,0.1121,196685.9
1753600120748,07:08:40.748,bitget,AEVO/USDT:USDT,0.1119,45004.0,0.1118,166219.8,0.112,22356.8,0.1121,196685.9
1753600120898,07:08:40.898,bitget,AEVO/USDT:USDT,0.1119,45004.0,0.1118,166219.8,0.112,22356.8,0.1121,196685.9
1753600121349,07:08:41.349,bitget,AEVO/USDT:USDT,0.1119,48824.0,0.1118,166219.8,0.112,32356.8,0.1121,196685.9
1753600121499,07:08:41.499,bitget,AEVO/USDT:USDT,0.1119,48824.0,0.1118,166219.8,0.112,32356.8,0.1121,196685.9
1753600121649,07:08:41.649,bitget,AEVO/USDT:USDT,0.1119,45004.0,0.1118,166219.8,0.112,32356.8,0.1121,196685.9
1753600121799,07:08:41.799,bitget,AEVO/USDT:USDT,0.1119,45004.0,0.1118,166219.8,0.112,32356.8,0.1121,196685.9
1753600121949,07:08:41.949,bitget,AEVO/USDT:USDT,0.1119,45004.0,0.1118,166219.8,0.112,32356.8,0.1121,196685.9
1753600122099,07:08:42.099,bitget,AEVO/USDT:USDT,0.1119,45004.0,0.1118,166219.8,0.112,32356.8,0.1121,196685.9
1753600122249,07:08:42.249,bitget,AEVO/USDT:USDT,0.1119,45004.0,0.1118,166219.8,0.112,32356.8,0.1121,196685.9
1753600122399,07:08:42.399,bitget,AEVO/USDT:USDT,0.1119,45004.0,0.1118,166219.8,0.112,32356.8,0.1121,196685.9
1753600122549,07:08:42.549,bitget,AEVO/USDT:USDT,0.1119,45004.0,0.1118,166219.8,0.112,32356.8,0.1121,196685.9
1753600122699,07:08:42.699,bitget,AEVO/USDT:USDT,0.1119,45004.0,0.1118,166219.8,0.112,32356.8,0.1121,196685.9
1753600122849,07:08:42.849,bitget,AEVO/USDT:USDT,0.1119,45004.0,0.1118,166219.8,0.112,32356.8,0.1121,196685.9
1753600123000,07:08:43.000,bitget,AEVO/USDT:USDT,0.1119,45004.0,0.1118,166219.8,0.112,32356.8,0.1121,196685.9
1753600123150,07:08:43.150,bitget,AEVO/USDT:USDT,0.1119,45004.0,0.1118,166219.8,0.112,32356.8,0.1121,196685.9
1753600123300,07:08:43.300,bitget,AEVO/USDT:USDT,0.1119,45004.0,0.1118,166219.8,0.112,32356.8,0.1121,196685.9
1753600123450,07:08:43.450,bitget,AEVO/USDT:USDT,0.1119,45457.5,0.1118,165766.5,0.112,20762.3,0.1121,196685.9
1753600123600,07:08:43.600,bitget,AEVO/USDT:USDT,0.1119,1418.1,0.1118,209378.9,0.112,10762.3,0.1121,192225.7
1753600123750,07:08:43.750,bitget,AEVO/USDT:USDT,0.1119,1418.1,0.1118,209378.9,0.112,10762.3,0.1121,182185.3
1753600123900,07:08:43.900,bitget,AEVO/USDT:USDT,0.1119,1418.1,0.1118,209378.9,0.112,10762.3,0.1121,182185.3
1753600124050,07:08:44.050,bitget,AEVO/USDT:USDT,0.1119,1418.1,0.1118,209378.9,0.112,10762.3,0.1121,182185.3
1753600124200,07:08:44.200,bitget,AEVO/USDT:USDT,0.1119,1418.1,0.1118,209378.9,0.112,30762.3,0.1121,182185.3
1753600124350,07:08:44.350,bitget,AEVO/USDT:USDT,0.1119,1418.1,0.1118,209378.9,0.112,30762.3,0.1121,182185.3
1753600124500,07:08:44.500,bitget,AEVO/USDT:USDT,0.1119,16453.9,0.1118,209378.9,0.112,21793.7,0.1121,138599.4
1753600124651,07:08:44.651,bitget,AEVO/USDT:USDT,0.1119,5691.6,0.1118,209378.9,0.112,21793.7,0.1121,182210.5
1753600124801,07:08:44.801,bitget,AEVO/USDT:USDT,0.1119,5238.1,0.1118,209378.9,0.112,30762.3,0.1121,173904.6
1753600124951,07:08:44.951,bitget,AEVO/USDT:USDT,0.1119,5238.1,0.1118,209378.9,0.112,30762.3,0.1121,173904.6
1753600125101,07:08:45.101,bitget,AEVO/USDT:USDT,0.1119,5238.1,0.1118,209378.9,0.112,30762.3,0.1121,177331.1
1753600125251,07:08:45.251,bitget,AEVO/USDT:USDT,0.1119,5238.1,0.1118,209378.9,0.112,30762.3,0.1121,177331.1
1753600125401,07:08:45.401,bitget,AEVO/USDT:USDT,0.1119,5238.1,0.1118,209378.9,0.112,30762.3,0.1121,177331.1
1753600125551,07:08:45.551,bitget,AEVO/USDT:USDT,0.1119,25382.5,0.1118,200442.7,0.112,10762.3,0.1121,17724.9
1753600125701,07:08:45.701,bitget,AEVO/USDT:USDT,0.1119,132540.3,0.1118,93371.5,0.1121,61333.3,0.1122,209441.0
1753600125851,07:08:45.851,bitget,AEVO/USDT:USDT,0.1119,132086.8,0.1118,92885.3,0.1121,92736.3,0.1122,181338.5
1753600126001,07:08:46.001,bitget,AEVO/USDT:USDT,0.1119,158559.1,0.1118,92885.3,0.1121,92736.3,0.1122,181338.5
1753600126151,07:08:46.151,bitget,AEVO/USDT:USDT,0.1119,158559.1,0.1118,88240.9,0.1121,113189.6,0.1122,181338.5
1753600126301,07:08:46.301,bitget,AEVO/USDT:USDT,0.1119,158559.1,0.1118,88240.9,0.1121,113189.6,0.1122,181338.5
1753600126602,07:08:46.602,bitget,AEVO/USDT:USDT,0.1119,158559.1,0.1118,88240.9,0.1121,113189.6,0.1122,181338.5
1753600126752,07:08:46.752,bitget,AEVO/USDT:USDT,0.1119,158559.1,0.1118,88240.9,0.1121,113189.6,0.1122,181338.5
1753600126902,07:08:46.902,bitget,AEVO/USDT:USDT,0.1119,158559.1,0.1118,88240.9,0.1121,113189.6,0.1122,181338.5
1753600127052,07:08:47.052,bitget,AEVO/USDT:USDT,0.1119,158559.1,0.1118,106540.9,0.1121,113189.6,0.1122,181338.5
1753600127202,07:08:47.202,bitget,AEVO/USDT:USDT,0.1119,158559.1,0.1118,88240.9,0.1121,113189.6,0.1122,181338.5
1753600127352,07:08:47.352,bitget,AEVO/USDT:USDT,0.1119,158559.1,0.1118,92045.4,0.1121,113189.6,0.1122,181338.5
1753600127502,07:08:47.502,bitget,AEVO/USDT:USDT,0.1119,158559.1,0.1118,92045.4,0.1121,112736.3,0.1122,181338.5
1753600127652,07:08:47.652,bitget,AEVO/USDT:USDT,0.1119,158559.1,0.1118,92045.4,0.1121,113189.6,0.1122,181338.5
1753600127802,07:08:47.802,bitget,AEVO/USDT:USDT,0.1119,158559.1,0.1118,92045.4,0.1121,113189.6,0.1122,181338.5
1753600127952,07:08:47.952,bitget,AEVO/USDT:USDT,0.1119,158559.1,0.1118,92045.4,0.1121,113189.6,0.1122,181338.5
1753600128102,07:08:48.102,bitget,AEVO/USDT:USDT,0.1119,158559.1,0.1118,92045.4,0.1121,113189.6,0.1122,181338.5
1753600128253,07:08:48.253,bitget,AEVO/USDT:USDT,0.1119,158559.1,0.1118,92045.4,0.1121,113189.6,0.1122,181338.5
1753600128403,07:08:48.403,bitget,AEVO/USDT:USDT,0.1119,158559.1,0.1118,92045.4,0.1121,113189.6,0.1122,181338.5
1753600128553,07:08:48.553,bitget,AEVO/USDT:USDT,0.1119,158559.1,0.1118,92045.4,0.1121,113189.6,0.1122,181338.5
1753600128703,07:08:48.703,bitget,AEVO/USDT:USDT,0.1119,158559.1,0.1118,92045.4,0.1121,113189.6,0.1122,181338.5
1753600128853,07:08:48.853,bitget,AEVO/USDT:USDT,0.1119,158559.1,0.1118,92045.4,0.1121,113189.6,0.1122,181338.5
1753600129003,07:08:49.003,bitget,AEVO/USDT:USDT,0.1119,158559.1,0.1118,92045.4,0.1121,113189.6,0.1122,181338.5
1753600129153,07:08:49.153,bitget,AEVO/USDT:USDT,0.1119,158559.1,0.1118,92045.4,0.1121,113189.6,0.1122,181338.5
1753600129303,07:08:49.303,bitget,AEVO/USDT:USDT,0.1119,158559.1,0.1118,92045.4,0.1121,113189.6,0.1122,181338.5
1753600129453,07:08:49.453,bitget,AEVO/USDT:USDT,0.1119,158559.1,0.1118,92045.4,0.1121,113189.6,0.1122,181338.5
1753600129603,07:08:49.603,bitget,AEVO/USDT:USDT,0.1119,158559.1,0.1118,92045.4,0.1121,113189.6,0.1122,181338.5
1753600129753,07:08:49.753,bitget,AEVO/USDT:USDT,0.1119,158559.1,0.1118,92045.4,0.1121,113189.6,0.1122,181338.5
1753600129903,07:08:49.903,bitget,AEVO/USDT:USDT,0.1119,158559.1,0.1118,92045.4,0.1121,113189.6,0.1122,181338.5
1753600130053,07:08:50.053,bitget,AEVO/USDT:USDT,0.1119,158559.1,0.1118,92045.4,0.1121,113189.6,0.1122,181338.5
1753600130204,07:08:50.204,bitget,AEVO/USDT:USDT,0.1119,158559.1,0.1118,92045.4,0.1121,113189.6,0.1122,181338.5
1753600130354,07:08:50.354,bitget,AEVO/USDT:USDT,0.1119,158559.1,0.1118,92045.4,0.1121,113189.6,0.1122,181338.5
1753600130504,07:08:50.504,bitget,AEVO/USDT:USDT,0.1119,158559.1,0.1118,92045.4,0.1121,113189.6,0.1122,181338.5
1753600130654,07:08:50.654,bitget,AEVO/USDT:USDT,0.1119,158559.1,0.1118,92045.4,0.1121,113189.6,0.1122,181338.5
1753600130804,07:08:50.804,bitget,AEVO/USDT:USDT,0.1119,158559.1,0.1118,92045.4,0.1121,113189.6,0.1122,181338.5
1753600130954,07:08:50.954,bitget,AEVO/USDT:USDT,0.1119,158559.1,0.1118,92045.4,0.1121,113189.6,0.1122,181338.5
1753600131104,07:08:51.104,bitget,AEVO/USDT:USDT,0.1119,158559.1,0.1118,92045.4,0.1121,113189.6,0.1122,181338.5
1753600131254,07:08:51.254,bitget,AEVO/USDT:USDT,0.1119,158559.1,0.1118,92045.4,0.1121,113189.6,0.1122,181338.5
1753600131404,07:08:51.404,bitget,AEVO/USDT:USDT,0.1119,158559.1,0.1118,92045.4,0.1121,113189.6,0.1122,181338.5
1753600131554,07:08:51.554,bitget,AEVO/USDT:USDT,0.1119,158559.1,0.1118,92045.4,0.1121,113189.6,0.1122,181338.5
1753600131704,07:08:51.704,bitget,AEVO/USDT:USDT,0.1119,158559.1,0.1118,92045.4,0.1121,113189.6,0.1122,181338.5
1753600131854,07:08:51.854,bitget,AEVO/USDT:USDT,0.1119,158559.1,0.1118,92045.4,0.1121,113189.6,0.1122,181338.5
1753600132005,07:08:52.005,bitget,AEVO/USDT:USDT,0.1119,158559.1,0.1118,92045.4,0.1121,113189.6,0.1122,181338.5
1753600132155,07:08:52.155,bitget,AEVO/USDT:USDT,0.1119,158559.1,0.1118,92045.4,0.1121,113189.6,0.1122,181338.5
1753600132305,07:08:52.305,bitget,AEVO/USDT:USDT,0.1119,158559.1,0.1118,92045.4,0.1121,113189.6,0.1122,181338.5
1753600132455,07:08:52.455,bitget,AEVO/USDT:USDT,0.1119,158559.1,0.1118,92045.4,0.1121,113189.6,0.1122,181338.5
1753600132605,07:08:52.605,bitget,AEVO/USDT:USDT,0.1119,158559.1,0.1118,92045.4,0.1121,113189.6,0.1122,181338.5
1753600132755,07:08:52.755,bitget,AEVO/USDT:USDT,0.1119,158559.1,0.1118,92045.4,0.1121,113189.6,0.1122,181338.5
1753600132905,07:08:52.905,bitget,AEVO/USDT:USDT,0.1119,158559.1,0.1118,92045.4,0.1121,113189.6,0.1122,181338.5
1753600133055,07:08:53.055,bitget,AEVO/USDT:USDT,0.1119,158559.1,0.1118,92045.4,0.1121,113189.6,0.1122,181338.5
1753600133205,07:08:53.205,bitget,AEVO/USDT:USDT,0.1119,202177.8,0.1118,48433.0,0.1121,92727.3,0.1122,181357.8
1753600133355,07:08:53.355,bitget,AEVO/USDT:USDT,0.1119,188452.7,0.1118,50296.0,0.1121,92727.3,0.1122,181357.8
1753600133505,07:08:53.505,bitget,AEVO/USDT:USDT,0.1119,188452.7,0.1118,50296.0,0.1121,92727.3,0.1122,181357.8
1753600133655,07:08:53.655,bitget,AEVO/USDT:USDT,0.1119,188452.7,0.1118,50296.0,0.1121,93180.6,0.1122,181357.8
1753600133805,07:08:53.805,bitget,AEVO/USDT:USDT,0.1119,188452.7,0.1118,50296.0,0.1121,93180.6,0.1122,181357.8
1753600133956,07:08:53.956,bitget,AEVO/USDT:USDT,0.1119,188452.7,0.1118,50296.0,0.1121,93180.6,0.1122,181357.8
1753600134106,07:08:54.106,bitget,AEVO/USDT:USDT,0.1119,188452.7,0.1118,50296.0,0.1121,93180.6,0.1122,181357.8
1753600134256,07:08:54.256,bitget,AEVO/USDT:USDT,0.1119,188452.7,0.1118,50296.0,0.1121,93180.6,0.1122,181357.8
1753600134406,07:08:54.406,bitget,AEVO/USDT:USDT,0.1119,188452.7,0.1118,50296.0,0.1121,93180.6,0.1122,181357.8
1753600134556,07:08:54.556,bitget,AEVO/USDT:USDT,0.1121,105647.2,0.112,182858.7,0.1123,65325.0,0.1124,79952.0
1753600134856,07:08:54.856,bitget,AEVO/USDT:USDT,0.1122,45011.2,0.1121,250846.2,0.1123,15033.3,0.1124,82011.0
1753600135006,07:08:55.006,bitget,AEVO/USDT:USDT,0.1122,45011.2,0.1121,250846.2,0.1123,35033.3,0.1124,208513.4
1753600135156,07:08:55.156,bitget,AEVO/USDT:USDT,0.1122,45011.2,0.1121,259846.7,0.1123,35033.3,0.1124,208513.4
1753600135306,07:08:55.306,bitget,AEVO/USDT:USDT,0.1122,45011.2,0.1121,259846.7,0.1123,35033.3,0.1124,208513.4
1753600135456,07:08:55.456,bitget,AEVO/USDT:USDT,0.1122,45011.2,0.1121,259846.7,0.1123,35033.3,0.1124,208513.4
1753600135606,07:08:55.606,bitget,AEVO/USDT:USDT,0.1122,45011.2,0.1121,240929.6,0.1123,35033.3,0.1124,208513.4
1753600135757,07:08:55.757,bitget,AEVO/USDT:USDT,0.1122,45011.2,0.1121,265815.5,0.1123,35033.3,0.1124,208513.4
1753600135907,07:08:55.907,bitget,AEVO/USDT:USDT,0.1122,45011.2,0.1121,265815.5,0.1123,35033.3,0.1124,208513.4
1753600136057,07:08:56.057,bitget,AEVO/USDT:USDT,0.1122,45011.2,0.1121,248533.0,0.1123,35033.3,0.1124,208513.4
1753600136207,07:08:56.207,bitget,AEVO/USDT:USDT,0.1122,45011.2,0.1121,250762.5,0.1123,35033.3,0.1124,208513.4
1753600136507,07:08:56.507,bitget,AEVO/USDT:USDT,0.1122,45011.2,0.1121,250762.5,0.1123,35033.3,0.1124,208513.4
1753600136657,07:08:56.657,bitget,AEVO/USDT:USDT,0.1122,45011.2,0.1121,250762.5,0.1123,35033.3,0.1124,208513.4
1753600136807,07:08:56.807,bitget,AEVO/USDT:USDT,0.1122,45011.2,0.1121,250762.5,0.1123,35033.3,0.1124,208513.4
1753600136957,07:08:56.957,bitget,AEVO/USDT:USDT,0.1122,45011.2,0.1121,250762.5,0.1123,35033.3,0.1124,208513.4
1753600137107,07:08:57.107,bitget,AEVO/USDT:USDT,0.1122,45011.2,0.1121,250762.5,0.1123,35033.3,0.1124,208513.4
1753600137257,07:08:57.257,bitget,AEVO/USDT:USDT,0.1122,45011.2,0.1121,250762.5,0.1123,35033.3,0.1124,208513.4
1753600137407,07:08:57.407,bitget,AEVO/USDT:USDT,0.1122,45011.2,0.1121,250762.5,0.1123,35033.3,0.1124,208513.4
1753600137558,07:08:57.558,bitget,AEVO/USDT:USDT,0.1122,45011.2,0.1121,250762.5,0.1123,35033.3,0.1124,208513.4
1753600137708,07:08:57.708,bitget,AEVO/USDT:USDT,0.1122,45011.2,0.1121,250762.5,0.1123,35033.3,0.1124,208513.4
1753600137858,07:08:57.858,bitget,AEVO/USDT:USDT,0.1122,45011.2,0.1121,250762.5,0.1123,35033.3,0.1124,208513.4
1753600138008,07:08:58.008,bitget,AEVO/USDT:USDT,0.1122,45011.2,0.1121,250762.5,0.1123,35033.3,0.1124,208513.4
1753600138158,07:08:58.158,bitget,AEVO/USDT:USDT,0.1122,45011.2,0.1121,250762.5,0.1123,35033.3,0.1124,208513.4
1753600138308,07:08:58.308,bitget,AEVO/USDT:USDT,0.1122,45011.2,0.1121,250762.5,0.1123,35033.3,0.1124,208513.4
1753600138458,07:08:58.458,bitget,AEVO/USDT:USDT,0.1122,45011.2,0.1121,250762.5,0.1123,35033.3,0.1124,208513.4
1753600138758,07:08:58.758,bitget,AEVO/USDT:USDT,0.1122,45011.2,0.1121,250762.5,0.1123,35033.3,0.1124,208513.4
1753600138908,07:08:58.908,bitget,AEVO/USDT:USDT,0.1122,45011.2,0.1121,250762.5,0.1123,35033.3,0.1124,208513.4
1753600139058,07:08:59.058,bitget,AEVO/USDT:USDT,0.1122,45011.2,0.1121,250762.5,0.1123,35033.3,0.1124,208513.4
1753600139209,07:08:59.209,bitget,AEVO/USDT:USDT,0.1122,45011.2,0.1121,250762.5,0.1123,35033.3,0.1124,208513.4
1753600139359,07:08:59.359,bitget,AEVO/USDT:USDT,0.1122,45011.2,0.1121,250762.5,0.1123,35033.3,0.1124,208513.4
1753600139509,07:08:59.509,bitget,AEVO/USDT:USDT,0.1122,45011.2,0.1121,250762.5,0.1123,35033.3,0.1124,208513.4
1753600139809,07:08:59.809,bitget,AEVO/USDT:USDT,0.1122,45011.2,0.1121,250762.5,0.1123,35033.3,0.1124,208513.4
1753600139959,07:08:59.959,bitget,AEVO/USDT:USDT,0.1122,45011.2,0.1121,250762.5,0.1123,35033.3,0.1124,208513.4
1753600140109,07:09:00.109,bitget,AEVO/USDT:USDT,0.1122,45011.2,0.1121,250762.5,0.1123,35033.3,0.1124,208513.4
1753600140259,07:09:00.259,bitget,AEVO/USDT:USDT,0.1122,45011.2,0.1121,250762.5,0.1123,35033.3,0.1124,208513.4
1753600140409,07:09:00.409,bitget,AEVO/USDT:USDT,0.1122,45011.2,0.1121,250762.5,0.1123,35485.6,0.1124,208513.4
1753600140559,07:09:00.559,bitget,AEVO/USDT:USDT,0.1121,151515.7,0.112,71102.7,0.1123,35033.3,0.1124,199614.8
1753600140709,07:09:00.709,bitget,AEVO/USDT:USDT,0.1121,14858.2,0.112,203736.8,0.1122,1793.7,0.1123,92136.7
1753600140859,07:09:00.859,bitget,AEVO/USDT:USDT,0.1122,2127.1,0.1121,200442.2,0.1123,82690.1,0.1124,199614.8
1753600141010,07:09:01.010,bitget,AEVO/USDT:USDT,0.1122,11095.7,0.1121,200149.3,0.1123,73721.5,0.1124,156021.7
1753600141160,07:09:01.160,bitget,AEVO/USDT:USDT,0.1122,14915.7,0.1121,191238.2,0.1123,26924.3,0.1124,200149.3
1753600141310,07:09:01.310,bitget,AEVO/USDT:USDT,0.1122,14855.3,0.1121,191238.2,0.1123,35033.3,0.1124,197125.4
1753600141460,07:09:01.460,bitget,AEVO/USDT:USDT,0.1122,14855.3,0.1121,191238.2,0.1123,35033.3,0.1124,197125.4
1753600141610,07:09:01.610,bitget,AEVO/USDT:USDT,0.1122,14855.3,0.1121,191238.2,0.1123,35033.3,0.1124,197125.4
1753600141760,07:09:01.760,bitget,AEVO/USDT:USDT,0.1122,14855.3,0.1121,191238.2,0.1123,30762.3,0.1124,197125.4
1753600141910,07:09:01.910,bitget,AEVO/USDT:USDT,0.1122,14855.3,0.1121,196368.4,0.1123,30762.3,0.1124,197125.4
1753600142060,07:09:02.060,bitget,AEVO/USDT:USDT,0.1122,14855.3,0.1121,196368.4,0.1123,30762.3,0.1124,197125.4
1753600142210,07:09:02.210,bitget,AEVO/USDT:USDT,0.1122,14855.3,0.1121,196368.4,0.1123,30762.3,0.1124,197125.4
1753600142360,07:09:02.360,bitget,AEVO/USDT:USDT,0.1122,14855.3,0.1121,196368.4,0.1123,30762.3,0.1124,197125.4
1753600142510,07:09:02.510,bitget,AEVO/USDT:USDT,0.1122,14855.3,0.1121,196368.4,0.1123,30762.3,0.1124,197125.4
1753600142660,07:09:02.660,bitget,AEVO/USDT:USDT,0.1122,2127.1,0.1121,196368.4,0.1123,30762.3,0.1124,197125.4
1753600142810,07:09:02.810,bitget,AEVO/USDT:USDT,0.1122,2127.1,0.1121,205278.3,0.1123,30762.3,0.1124,197125.4
1753600142961,07:09:02.961,bitget,AEVO/USDT:USDT,0.1122,2127.1,0.1121,196368.4,0.1123,30762.3,0.1124,197125.4
1753600143111,07:09:03.111,bitget,AEVO/USDT:USDT,0.1122,2127.1,0.1121,196368.4,0.1123,30762.3,0.1124,205913.8
1753600143411,07:09:03.411,bitget,AEVO/USDT:USDT,0.1122,11036.1,0.1121,196368.4,0.1123,30762.3,0.1124,205913.8
1753600143561,07:09:03.561,bitget,AEVO/USDT:USDT,0.1122,14856.1,0.1121,196368.4,0.1123,10762.3,0.1124,205913.8
1753600143711,07:09:03.711,bitget,AEVO/USDT:USDT,0.1122,14856.1,0.1121,196368.4,0.1123,10762.3,0.1124,205913.8
1753600143861,07:09:03.861,bitget,AEVO/USDT:USDT,0.1122,14856.1,0.1121,196368.4,0.1123,10762.3,0.1124,205913.8
1753600144011,07:09:04.011,bitget,AEVO/USDT:USDT,0.1122,14856.1,0.1121,196368.4,0.1123,10762.3,0.1124,205913.8
1753600144161,07:09:04.161,bitget,AEVO/USDT:USDT,0.1122,14856.1,0.1121,196368.4,0.1123,10762.3,0.1124,205913.8
1753600144311,07:09:04.311,bitget,AEVO/USDT:USDT,0.1122,14856.1,0.1121,196368.4,0.1123,10762.3,0.1124,205913.8
1753600144461,07:09:04.461,bitget,AEVO/USDT:USDT,0.1122,14856.1,0.1121,196368.4,0.1123,10762.3,0.1124,205913.8
1753600144611,07:09:04.611,bitget,AEVO/USDT:USDT,0.1122,14856.1,0.1121,196368.4,0.1123,10762.3,0.1124,205913.8
1753600144762,07:09:04.762,bitget,AEVO/USDT:USDT,0.1122,14856.1,0.1121,196368.4,0.1123,10762.3,0.1124,205913.8
1753600144912,07:09:04.912,bitget,AEVO/USDT:USDT,0.1122,14856.1,0.1121,196368.4,0.1123,10762.3,0.1124,205913.8
1753600145062,07:09:05.062,bitget,AEVO/USDT:USDT,0.1122,14856.1,0.1121,196368.4,0.1123,10762.3,0.1124,205913.8
1753600145212,07:09:05.212,bitget,AEVO/USDT:USDT,0.1122,14856.1,0.1121,196368.4,0.1123,11214.6,0.1124,205913.8
1753600145362,07:09:05.362,bitget,AEVO/USDT:USDT,0.1122,14856.1,0.1121,196368.4,0.1123,11214.6,0.1124,205913.8
1753600145512,07:09:05.512,bitget,AEVO/USDT:USDT,0.1122,14856.1,0.1121,196368.4,0.1123,11214.6,0.1124,205913.8
1753600145662,07:09:05.662,bitget,AEVO/USDT:USDT,0.1122,14856.1,0.1121,196368.4,0.1123,11214.6,0.1124,205913.8
1753600145812,07:09:05.812,bitget,AEVO/USDT:USDT,0.1122,14856.1,0.1121,196368.4,0.1123,11214.6,0.1124,205913.8
1753600145962,07:09:05.962,bitget,AEVO/USDT:USDT,0.1122,14856.1,0.1121,196368.4,0.1123,10762.3,0.1124,205913.8
1753600146112,07:09:06.112,bitget,AEVO/USDT:USDT,0.1122,14856.1,0.1121,196368.4,0.1123,10762.3,0.1124,205913.8
1753600146262,07:09:06.262,bitget,AEVO/USDT:USDT,0.1121,161257.2,0.112,81843.0,0.1123,11214.6,0.1124,205913.8
1753600146412,07:09:06.412,bitget,AEVO/USDT:USDT,0.1121,181680.5,0.112,107418.4,0.1123,63383.5,0.1124,204319.3
1753600146563,07:09:06.563,bitget,AEVO/USDT:USDT,0.1121,189164.4,0.112,107418.4,0.1123,63383.5,0.1124,204319.3
1753600146713,07:09:06.713,bitget,AEVO/USDT:USDT,0.1121,189164.4,0.112,107418.4,0.1123,63383.5,0.1124,204319.3
1753600146863,07:09:06.863,bitget,AEVO/USDT:USDT,0.1121,189164.4,0.112,107418.4,0.1123,83836.0,0.1124,204319.3
1753600147013,07:09:07.013,bitget,AEVO/USDT:USDT,0.1121,189164.4,0.112,107418.4,0.1123,83836.0,0.1124,204319.3
1753600147163,07:09:07.163,bitget,AEVO/USDT:USDT,0.1121,189164.4,0.112,107418.4,0.1123,83836.0,0.1124,204319.3
1753600147313,07:09:07.313,bitget,AEVO/USDT:USDT,0.1121,189164.4,0.112,107418.4,0.1123,83383.5,0.1124,204319.3
1753600147463,07:09:07.463,bitget,AEVO/USDT:USDT,0.1121,189164.4,0.112,107418.4,0.1123,83836.0,0.1124,204319.3
1753600147613,07:09:07.613,bitget,AEVO/USDT:USDT,0.1121,189164.4,0.112,107418.4,0.1123,83383.5,0.1124,204319.3
1753600147763,07:09:07.763,bitget,AEVO/USDT:USDT,0.1121,189164.4,0.112,107418.4,0.1123,83836.0,0.1124,204319.3
1753600147913,07:09:07.913,bitget,AEVO/USDT:USDT,0.1121,189164.4,0.112,107418.4,0.1123,83383.5,0.1124,204319.3
1753600148063,07:09:08.063,bitget,AEVO/USDT:USDT,0.1121,189164.4,0.112,107418.4,0.1123,83383.5,0.1124,204319.3
1753600148213,07:09:08.213,bitget,AEVO/USDT:USDT,0.1121,189164.4,0.112,107418.4,0.1123,83383.5,0.1124,204319.3
1753600148363,07:09:08.363,bitget,AEVO/USDT:USDT,0.1121,189164.4,0.112,107418.4,0.1123,83383.5,0.1124,204319.3
1753600148514,07:09:08.514,bitget,AEVO/USDT:USDT,0.1121,189164.4,0.112,107418.4,0.1123,83383.5,0.1124,204319.3
1753600148664,07:09:08.664,bitget,AEVO/USDT:USDT,0.1121,189164.4,0.112,107418.4,0.1123,83383.5,0.1124,204319.3
1753600148814,07:09:08.814,bitget,AEVO/USDT:USDT,0.1121,189164.4,0.112,107418.4,0.1123,83383.5,0.1124,204319.3
1753600148964,07:09:08.964,bitget,AEVO/USDT:USDT,0.1121,189164.4,0.112,107418.4,0.1123,83383.5,0.1124,204319.3
1753600149114,07:09:09.114,bitget,AEVO/USDT:USDT,0.1122,1418.1,0.1121,189164.4,0.1123,63383.5,0.1124,204319.3
1753600149264,07:09:09.264,bitget,AEVO/USDT:USDT,0.1122,45225.2,0.1121,168684.8,0.1123,10762.3,0.1124,203816.5
1753600149414,07:09:09.414,bitget,AEVO/USDT:USDT,0.1122,45225.2,0.1121,161653.4,0.1123,16853.8,0.1124,203816.5
1753600149564,07:09:09.564,bitget,AEVO/USDT:USDT,0.1122,45225.2,0.1121,161653.4,0.1123,16853.8,0.1124,203816.5
1753600149714,07:09:09.714,bitget,AEVO/USDT:USDT,0.1122,45225.2,0.1121,161653.4,0.1123,15356.5,0.1124,203816.5
1753600149864,07:09:09.864,bitget,AEVO/USDT:USDT,0.1122,45225.2,0.1121,161653.4,0.1123,35356.5,0.1124,203816.5
1753600150014,07:09:10.014,bitget,AEVO/USDT:USDT,0.1122,45225.2,0.1121,161653.4,0.1123,31820.4,0.1124,203816.5
1753600150164,07:09:10.164,bitget,AEVO/USDT:USDT,0.1122,45225.2,0.1121,161653.4,0.1123,32356.8,0.1124,203816.5
1753600150314,07:09:10.314,bitget,AEVO/USDT:USDT,0.1122,45225.2,0.1121,161653.4,0.1123,32356.8,0.1124,203816.5
1753600150465,07:09:10.465,bitget,AEVO/USDT:USDT,0.1122,45225.2,0.1121,161653.4,0.1123,32356.8,0.1124,203816.5
1753600150615,07:09:10.615,bitget,AEVO/USDT:USDT,0.1122,45225.2,0.1121,161653.4,0.1123,32356.8,0.1124,203816.5
1753600150765,07:09:10.765,bitget,AEVO/USDT:USDT,0.1122,45225.2,0.1121,161653.4,0.1123,32356.8,0.1124,203816.5
1753600150915,07:09:10.915,bitget,AEVO/USDT:USDT,0.1122,45225.2,0.1121,161653.4,0.1123,32356.8,0.1124,203816.5
1753600151065,07:09:11.065,bitget,AEVO/USDT:USDT,0.1122,45225.2,0.1121,161653.4,0.1123,32356.8,0.1124,203816.5
1753600151215,07:09:11.215,bitget,AEVO/USDT:USDT,0.1122,45225.2,0.1121,161653.4,0.1123,12356.8,0.1124,203816.5
1753600151365,07:09:11.365,bitget,AEVO/USDT:USDT,0.1122,45225.2,0.1121,161653.4,0.1123,12356.8,0.1124,203816.5
1753600151515,07:09:11.515,bitget,AEVO/USDT:USDT,0.1122,45225.2,0.1121,161653.4,0.1123,12356.8,0.1124,203816.5
1753600151665,07:09:11.665,bitget,AEVO/USDT:USDT,0.1122,45225.2,0.1121,161653.4,0.1123,12356.8,0.1124,203816.5
1753600151815,07:09:11.815,bitget,AEVO/USDT:USDT,0.1122,45225.2,0.1121,161653.4,0.1123,12994.0,0.1124,203816.5
1753600151965,07:09:11.965,bitget,AEVO/USDT:USDT,0.1122,45225.2,0.1121,161653.4,0.1123,32994.0,0.1124,203816.5
1753600152115,07:09:12.115,bitget,AEVO/USDT:USDT,0.1122,45225.2,0.1121,161653.4,0.1123,32994.0,0.1124,203816.5
1753600152265,07:09:12.265,bitget,AEVO/USDT:USDT,0.1122,45225.2,0.1121,161653.4,0.1123,32994.0,0.1124,203816.5
1753600152416,07:09:12.416,bitget,AEVO/USDT:USDT,0.1122,45225.2,0.1121,161653.4,0.1123,32994.0,0.1124,203816.5
1753600152566,07:09:12.566,bitget,AEVO/USDT:USDT,0.1122,45225.2,0.1121,161653.4,0.1123,32994.0,0.1124,203816.5
1753600152716,07:09:12.716,bitget,AEVO/USDT:USDT,0.1122,45225.2,0.1121,161653.4,0.1123,32994.0,0.1124,203816.5
1753600152866,07:09:12.866,bitget,AEVO/USDT:USDT,0.1122,45225.2,0.1121,161653.4,0.1123,32994.0,0.1124,203816.5
1753600153016,07:09:13.016,bitget,AEVO/USDT:USDT,0.1122,45225.2,0.1121,161653.4,0.1123,32994.0,0.1124,203816.5
1753600153166,07:09:13.166,bitget,AEVO/USDT:USDT,0.1122,43807.1,0.1121,161200.9,0.1123,33446.3,0.1124,203816.5
1753600153316,07:09:13.316,bitget,AEVO/USDT:USDT,0.1121,204752.8,0.112,81843.0,0.1123,33446.3,0.1124,203816.5
1753600153466,07:09:13.466,bitget,AEVO/USDT:USDT,0.1121,181742.0,0.112,107428.0,0.1123,82953.7,0.1124,203816.5
1753600153616,07:09:13.616,bitget,AEVO/USDT:USDT,0.1121,188776.2,0.112,107428.0,0.1123,83406.2,0.1124,203816.5
1753600153766,07:09:13.766,bitget,AEVO/USDT:USDT,0.1121,188776.2,0.112,107428.0,0.1123,83406.2,0.1124,203816.5
1753600153916,07:09:13.916,bitget,AEVO/USDT:USDT,0.1121,188776.2,0.112,107428.0,0.1123,83406.2,0.1124,203816.5
1753600154066,07:09:14.066,bitget,AEVO/USDT:USDT,0.1121,188776.2,0.112,107428.0,0.1123,83406.2,0.1124,203816.5
1753600154216,07:09:14.216,bitget,AEVO/USDT:USDT,0.1121,188323.9,0.112,107428.0,0.1123,83406.2,0.1124,203816.5
1753600154367,07:09:14.367,bitget,AEVO/USDT:USDT,0.1121,188323.9,0.112,107428.0,0.1123,83406.2,0.1124,203816.5
1753600154517,07:09:14.517,bitget,AEVO/USDT:USDT,0.1121,188323.9,0.112,107428.0,0.1123,83406.2,0.1124,203816.5
1753600154667,07:09:14.667,bitget,AEVO/USDT:USDT,0.1121,188323.9,0.112,107428.0,0.1123,83406.2,0.1124,203816.5
1753600154817,07:09:14.817,bitget,AEVO/USDT:USDT,0.1121,188323.9,0.112,107428.0,0.1123,83406.2,0.1124,203816.5
1753600154967,07:09:14.967,bitget,AEVO/USDT:USDT,0.1121,188323.9,0.112,107428.0,0.1123,83406.2,0.1124,203816.5
1753600155117,07:09:15.117,bitget,AEVO/USDT:USDT,0.1121,188323.9,0.112,107428.0,0.1123,83406.2,0.1124,203816.5
1753600155267,07:09:15.267,bitget,AEVO/USDT:USDT,0.1121,188323.9,0.112,107428.0,0.1123,83406.2,0.1124,203816.5
1753600155417,07:09:15.417,bitget,AEVO/USDT:USDT,0.1121,188323.9,0.112,107428.0,0.1123,83406.2,0.1124,203816.5
1753600155567,07:09:15.567,bitget,AEVO/USDT:USDT,0.1121,188323.9,0.112,107428.0,0.1123,83406.2,0.1124,203816.5
1753600155717,07:09:15.717,bitget,AEVO/USDT:USDT,0.1121,188323.9,0.112,102963.8,0.1123,83406.2,0.1124,199368.2
1753600155867,07:09:15.867,bitget,AEVO/USDT:USDT,0.1121,188323.9,0.112,102963.8,0.1123,83406.2,0.1124,199368.2
1753600156017,07:09:16.017,bitget,AEVO/USDT:USDT,0.1121,188776.4,0.112,102963.8,0.1123,83406.2,0.1124,199368.2
1753600156168,07:09:16.168,bitget,AEVO/USDT:USDT,0.1121,188323.9,0.112,102963.8,0.1123,83406.2,0.1124,199368.2
1753600156318,07:09:16.318,bitget,AEVO/USDT:USDT,0.1121,188323.9,0.112,102963.8,0.1123,83406.2,0.1124,199368.2
1753600156468,07:09:16.468,bitget,AEVO/USDT:USDT,0.1121,188323.9,0.112,102963.8,0.1123,83406.2,0.1124,199368.2
1753600156618,07:09:16.618,bitget,AEVO/USDT:USDT,0.1121,188323.9,0.112,102963.8,0.1123,83406.2,0.1124,199368.2
1753600156768,07:09:16.768,bitget,AEVO/USDT:USDT,0.1121,188323.9,0.112,102963.8,0.1123,83406.2,0.1124,199368.2
1753600156918,07:09:16.918,bitget,AEVO/USDT:USDT,0.1121,188323.9,0.112,102963.8,0.1123,83406.2,0.1124,199368.2
1753600157068,07:09:17.068,bitget,AEVO/USDT:USDT,0.1121,188323.9,0.112,102963.8,0.1123,83406.2,0.1124,199368.2
1753600157218,07:09:17.218,bitget,AEVO/USDT:USDT,0.1121,188323.9,0.112,102963.8,0.1123,83406.2,0.1124,199368.2
1753600157368,07:09:17.368,bitget,AEVO/USDT:USDT,0.1121,188323.9,0.112,102963.8,0.1123,83406.2,0.1124,199368.2
1753600157518,07:09:17.518,bitget,AEVO/USDT:USDT,0.1121,188323.9,0.112,102963.8,0.1123,83406.2,0.1124,199368.2
1753600157668,07:09:17.668,bitget,AEVO/USDT:USDT,0.1121,188323.9,0.112,102963.8,0.1123,83406.2,0.1124,199368.2
1753600157818,07:09:17.818,bitget,AEVO/USDT:USDT,0.1121,188776.4,0.112,102963.8,0.1123,83406.2,0.1124,199368.2
1753600157969,07:09:17.969,bitget,AEVO/USDT:USDT,0.1121,188323.9,0.112,102963.8,0.1123,83406.2,0.1124,199368.2
1753600158119,07:09:18.119,bitget,AEVO/USDT:USDT,0.1121,188323.9,0.112,102963.8,0.1123,83406.2,0.1124,199368.2
1753600158269,07:09:18.269,bitget,AEVO/USDT:USDT,0.1121,188776.4,0.112,102963.8,0.1123,83406.2,0.1124,199368.2
1753600158419,07:09:18.419,bitget,AEVO/USDT:USDT,0.1121,188323.9,0.112,102963.8,0.1123,83406.2,0.1124,199368.2
1753600158569,07:09:18.569,bitget,AEVO/USDT:USDT,0.1121,188323.9,0.112,102963.8,0.1123,83406.2,0.1124,199368.2
1753600158719,07:09:18.719,bitget,AEVO/USDT:USDT,0.1121,188323.9,0.112,102963.8,0.1123,83406.2,0.1124,199368.2
1753600158869,07:09:18.869,bitget,AEVO/USDT:USDT,0.1121,188323.9,0.112,102963.8,0.1123,83406.2,0.1124,199368.2
1753600159019,07:09:19.019,bitget,AEVO/USDT:USDT,0.1121,188323.9,0.112,102963.8,0.1123,83406.2,0.1124,199368.2
1753600159169,07:09:19.169,bitget,AEVO/USDT:USDT,0.1121,188323.9,0.112,102963.8,0.1123,83406.2,0.1124,199368.2
1753600159319,07:09:19.319,bitget,AEVO/USDT:USDT,0.1121,188323.9,0.112,102963.8,0.1123,83406.2,0.1124,199368.2
1753600159469,07:09:19.469,bitget,AEVO/USDT:USDT,0.1121,188323.9,0.112,102963.8,0.1123,83406.2,0.1124,199368.2
1753600159619,07:09:19.619,bitget,AEVO/USDT:USDT,0.1121,188323.9,0.112,102963.8,0.1123,83406.2,0.1124,199368.2
1753600159770,07:09:19.770,bitget,AEVO/USDT:USDT,0.1121,188323.9,0.112,102963.8,0.1123,83406.2,0.1124,199368.2
1753600159920,07:09:19.920,bitget,AEVO/USDT:USDT,0.1121,188323.9,0.112,102963.8,0.1123,83406.2,0.1124,199368.2
1753600160070,07:09:20.070,bitget,AEVO/USDT:USDT,0.1121,188323.9,0.112,102963.8,0.1123,83406.2,0.1124,199368.2
1753600160220,07:09:20.220,bitget,AEVO/USDT:USDT,0.1121,188323.9,0.112,102963.8,0.1123,83406.2,0.1124,199368.2
1753600160370,07:09:20.370,bitget,AEVO/USDT:USDT,0.1121,188323.9,0.112,102963.8,0.1123,83406.2,0.1124,199368.2
1753600160520,07:09:20.520,bitget,AEVO/USDT:USDT,0.1121,134009.7,0.112,101089.6,0.1122,10762.3,0.1123,83406.2
1753600160670,07:09:20.670,bitget,AEVO/USDT:USDT,0.1121,58387.3,0.112,208060.4,0.1122,25762.3,0.1123,96726.5
1753600160820,07:09:20.820,bitget,AEVO/USDT:USDT,0.1121,58387.3,0.112,208060.4,0.1122,25762.3,0.1123,96726.5
1753600160970,07:09:20.970,bitget,AEVO/USDT:USDT,0.1121,58387.3,0.112,208060.4,0.1122,25762.3,0.1123,96726.5
1753600161120,07:09:21.120,bitget,AEVO/USDT:USDT,0.1121,58387.3,0.112,208060.4,0.1122,25762.3,0.1123,96726.5
1753600161270,07:09:21.270,bitget,AEVO/USDT:USDT,0.1121,58387.3,0.112,208060.4,0.1122,25762.3,0.1123,96726.5
1753600161420,07:09:21.420,bitget,AEVO/USDT:USDT,0.1121,58387.3,0.112,208060.4,0.1122,25762.3,0.1123,96726.5
1753600161570,07:09:21.570,bitget,AEVO/USDT:USDT,0.1121,58387.3,0.112,208060.4,0.1122,25762.3,0.1123,96726.5
1753600161871,07:09:21.871,bitget,AEVO/USDT:USDT,0.1121,58387.3,0.112,208060.4,0.1122,25762.3,0.1123,177948.9
1753600162021,07:09:22.021,bitget,AEVO/USDT:USDT,0.1121,58387.3,0.112,208060.4,0.1122,25762.3,0.1123,177948.9
1753600162171,07:09:22.171,bitget,AEVO/USDT:USDT,0.1121,58387.3,0.112,208060.4,0.1122,25762.3,0.1123,177948.9
1753600162321,07:09:22.321,bitget,AEVO/USDT:USDT,0.1121,58387.3,0.112,208060.4,0.1122,25762.3,0.1123,177948.9
1753600162471,07:09:22.471,bitget,AEVO/USDT:USDT,0.1121,58387.3,0.112,208060.4,0.1122,25762.3,0.1123,177948.9
1753600162621,07:09:22.621,bitget,AEVO/USDT:USDT,0.1121,58387.3,0.112,208060.4,0.1122,10762.3,0.1123,177948.9
1753600162771,07:09:22.771,bitget,AEVO/USDT:USDT,0.1121,58387.3,0.112,208060.4,0.1122,10762.3,0.1123,177948.9
1753600162921,07:09:22.921,bitget,AEVO/USDT:USDT,0.1121,58387.3,0.112,208060.4,0.1122,10762.3,0.1123,177948.9
1753600163071,07:09:23.071,bitget,AEVO/USDT:USDT,0.1121,58387.3,0.112,208060.4,0.1122,10762.3,0.1123,177948.9
1753600163221,07:09:23.221,bitget,AEVO/USDT:USDT,0.1121,58387.3,0.112,208060.4,0.1122,10762.3,0.1123,177948.9
1753600163372,07:09:23.372,bitget,AEVO/USDT:USDT,0.1121,58387.3,0.112,208060.4,0.1122,10762.3,0.1123,177948.9
1753600163522,07:09:23.522,bitget,AEVO/USDT:USDT,0.1121,58387.3,0.112,208060.4,0.1122,10762.3,0.1123,177948.9
1753600163672,07:09:23.672,bitget,AEVO/USDT:USDT,0.1121,58387.3,0.112,208060.4,0.1122,25762.3,0.1123,177948.9
1753600163822,07:09:23.822,bitget,AEVO/USDT:USDT,0.1121,58387.3,0.112,208060.4,0.1122,25762.3,0.1123,177948.9
1753600163972,07:09:23.972,bitget,AEVO/USDT:USDT,0.1121,58387.3,0.112,208060.4,0.1122,25762.3,0.1123,177948.9
1753600164122,07:09:24.122,bitget,AEVO/USDT:USDT,0.1121,58387.3,0.112,208060.4,0.1122,25762.3,0.1123,177948.9
1753600164272,07:09:24.272,bitget,AEVO/USDT:USDT,0.1121,58387.3,0.112,208060.4,0.1122,25762.3,0.1123,177948.9
1753600164422,07:09:24.422,bitget,AEVO/USDT:USDT,0.1121,58387.3,0.112,208060.4,0.1122,25762.3,0.1123,177948.9
1753600164572,07:09:24.572,bitget,AEVO/USDT:USDT,0.1121,58387.3,0.112,208060.4,0.1122,25762.3,0.1123,177948.9
1753600164722,07:09:24.722,bitget,AEVO/USDT:USDT,0.1121,58387.3,0.112,208060.4,0.1122,25762.3,0.1123,177948.9
1753600164872,07:09:24.872,bitget,AEVO/USDT:USDT,0.1121,58387.3,0.112,208060.4,0.1122,25762.3,0.1123,177948.9
