timestamp,time,exchange,symbol,bid1_price,bid1_volume,bid2_price,bid2_volume,ask1_price,ask1_volume,ask2_price,ask2_volume
1753599982553,07:06:22.553,blofin,AERGO/USDT:USDT,0.13341,2803.0,0.1334,2.0,0.13343,4.0,0.13344,124.0
1753599984019,07:06:24.019,blofin,AERGO/USDT:USDT,0.13341,2808.0,0.13339,5.0,0.13343,3.0,0.13344,3.0
1753599986557,07:06:26.557,blofin,AERGO/USDT:USDT,0.13341,2804.0,0.13339,5.0,0.13343,3.0,0.13345,201.0
1753599989094,07:06:29.094,blofin,AERGO/USDT:USDT,0.13342,2803.0,0.13341,2.0,0.13343,3.0,0.13345,261.0
1753599991560,07:06:31.560,blofin,AERGO/USDT:USDT,0.13342,1380.0,0.13339,5.0,0.13343,3.0,0.13345,265.0
1753599992561,07:06:32.561,blofin,AERGO/USDT:USDT,0.13342,1380.0,0.13339,5.0,0.13343,3.0,0.13345,265.0
1753599993565,07:06:33.565,blofin,AERGO/USDT:USDT,0.13342,1380.0,0.13339,5.0,0.13343,3.0,0.13345,265.0
1753599994564,07:06:34.564,blofin,AERGO/USDT:USDT,0.13342,1377.0,0.13339,5.0,0.13343,3.0,0.13345,262.0
1753599995564,07:06:35.564,blofin,AERGO/USDT:USDT,0.13342,1377.0,0.13339,8234.0,0.13343,3.0,0.13345,261.0
1753599996565,07:06:36.565,blofin,AERGO/USDT:USDT,0.13342,1377.0,0.13339,5.0,0.13343,3.0,0.13345,261.0
1753599997566,07:06:37.566,blofin,AERGO/USDT:USDT,0.13342,1569.0,0.13339,5.0,0.13343,3.0,0.13345,265.0
1753599998619,07:06:38.619,blofin,AERGO/USDT:USDT,0.13342,3.0,0.13339,5347.0,0.13345,109.0,0.13358,7943.0
1753599999568,07:06:39.568,blofin,AERGO/USDT:USDT,0.13339,5350.0,0.13334,8914.0,0.13344,107.0,0.1335,16288.0
1753600000570,07:06:40.570,blofin,AERGO/USDT:USDT,0.13339,2471.0,0.13332,872.0,0.13344,2969.0,0.13352,16169.0
1753600001570,07:06:41.570,blofin,AERGO/USDT:USDT,0.13339,2471.0,0.13332,872.0,0.13344,207.0,0.13356,10181.0
1753600002569,07:06:42.569,blofin,AERGO/USDT:USDT,0.13339,2471.0,0.13329,1217.0,0.13344,2968.0,0.13356,10181.0
1753600003569,07:06:43.569,blofin,AERGO/USDT:USDT,0.13339,2471.0,0.13329,1217.0,0.13344,2968.0,0.13356,10181.0
1753600004583,07:06:44.583,blofin,AERGO/USDT:USDT,0.13339,2468.0,0.13329,1217.0,0.13344,2969.0,0.13356,10181.0
1753600005571,07:06:45.571,blofin,AERGO/USDT:USDT,0.13339,3561.0,0.13328,8642.0,0.13344,2972.0,0.13356,8184.0
1753600006572,07:06:46.572,blofin,AERGO/USDT:USDT,0.13339,3562.0,0.13334,5505.0,0.13344,2972.0,0.1335,23512.0
1753600006968,07:06:46.968,blofin,AERGO/USDT:USDT,0.13339,3561.0,0.13328,8642.0,0.13343,2966.0,0.13344,6.0
1753600007571,07:06:47.571,blofin,AERGO/USDT:USDT,0.13339,3561.0,0.13328,8642.0,0.13343,2761.0,0.13344,6.0
1753600008574,07:06:48.574,blofin,AERGO/USDT:USDT,0.13339,3561.0,0.13331,2275.0,0.13343,2761.0,0.13344,6.0
1753600009575,07:06:49.575,blofin,AERGO/USDT:USDT,0.13339,3562.0,0.13331,2275.0,0.13343,2765.0,0.13344,1.0
1753600010574,07:06:50.574,blofin,AERGO/USDT:USDT,0.13339,3562.0,0.13328,8643.0,0.13343,2766.0,0.13344,1.0
1753600011574,07:06:51.574,blofin,AERGO/USDT:USDT,0.13339,3562.0,0.13328,8643.0,0.13343,2762.0,0.13344,1.0
1753600012574,07:06:52.574,blofin,AERGO/USDT:USDT,0.13339,3562.0,0.13328,8643.0,0.13343,2762.0,0.13344,1.0
1753600013574,07:06:53.574,blofin,AERGO/USDT:USDT,0.13339,2846.0,0.13328,8643.0,0.13343,2762.0,0.13344,1.0
1753600014576,07:06:54.576,blofin,AERGO/USDT:USDT,0.13339,2847.0,0.13328,8643.0,0.13343,2766.0,0.13344,1.0
1753600015644,07:06:55.644,blofin,AERGO/USDT:USDT,0.13339,2.0,0.13335,1977.0,0.13342,3678.0,0.13343,5.0
1753600016577,07:06:56.577,blofin,AERGO/USDT:USDT,0.13339,2.0,0.13335,1977.0,0.13342,3678.0,0.13343,5.0
1753600017577,07:06:57.577,blofin,AERGO/USDT:USDT,0.13339,2.0,0.13335,1974.0,0.13342,3678.0,0.13343,5.0
1753600018579,07:06:58.579,blofin,AERGO/USDT:USDT,0.13339,2.0,0.13335,1974.0,0.13342,3324.0,0.13343,5.0
1753600019580,07:06:59.580,blofin,AERGO/USDT:USDT,0.13339,2.0,0.13335,1977.0,0.13342,3325.0,0.13344,1.0
1753600020312,07:07:00.312,blofin,AERGO/USDT:USDT,0.13339,2.0,0.13338,1973.0,0.13342,3325.0,0.13344,1.0
1753600020625,07:07:00.625,blofin,AERGO/USDT:USDT,0.13339,96.0,0.13328,16184.0,0.13342,3325.0,0.13344,1.0
1753600021582,07:07:01.582,blofin,AERGO/USDT:USDT,0.13339,603.0,0.13327,3221.0,0.13342,505.0,0.13344,1.0
1753600022583,07:07:02.583,blofin,AERGO/USDT:USDT,0.13339,1050.0,0.13325,8644.0,0.13342,509.0,0.13344,1.0
1753600023176,07:07:03.176,blofin,AERGO/USDT:USDT,0.13339,5.0,0.13338,1045.0,0.13342,508.0,0.13344,1.0
1753600023583,07:07:03.583,blofin,AERGO/USDT:USDT,0.13339,5.0,0.13338,91.0,0.13342,508.0,0.13344,1.0
1753600024584,07:07:04.584,blofin,AERGO/USDT:USDT,0.13339,2.0,0.13338,92.0,0.13342,507.0,0.13344,1.0
1753600025585,07:07:05.585,blofin,AERGO/USDT:USDT,0.13339,2.0,0.13338,93.0,0.13342,507.0,0.13344,1.0
1753600026585,07:07:06.585,blofin,AERGO/USDT:USDT,0.13339,2.0,0.13338,93.0,0.13342,506.0,0.13344,1.0
1753600027587,07:07:07.587,blofin,AERGO/USDT:USDT,0.13339,2.0,0.13338,94.0,0.13342,560.0,0.13344,1.0
1753600028588,07:07:08.588,blofin,AERGO/USDT:USDT,0.13339,2.0,0.13338,94.0,0.13342,560.0,0.13344,1.0
1753600029587,07:07:09.587,blofin,AERGO/USDT:USDT,0.13339,2.0,0.13338,95.0,0.13342,561.0,0.13344,1.0
1753600030592,07:07:10.592,blofin,AERGO/USDT:USDT,0.13339,2.0,0.13338,95.0,0.13342,561.0,0.13344,1.0
1753600031645,07:07:11.645,blofin,AERGO/USDT:USDT,0.13339,2.0,0.13338,96.0,0.13342,559.0,0.13344,1.0
1753600032590,07:07:12.590,blofin,AERGO/USDT:USDT,0.13339,2.0,0.13338,96.0,0.13342,559.0,0.13344,1.0
1753600033635,07:07:13.635,blofin,AERGO/USDT:USDT,0.13337,94.0,0.13327,8643.0,0.13341,558.0,0.13342,2.0
1753600034606,07:07:14.606,blofin,AERGO/USDT:USDT,0.13337,98.0,0.13327,8643.0,0.13341,563.0,0.13342,2.0
1753600035592,07:07:15.592,blofin,AERGO/USDT:USDT,0.13337,2587.0,0.13325,19707.0,0.13341,2833.0,0.13353,7942.0
1753600036594,07:07:16.594,blofin,AERGO/USDT:USDT,0.13337,2587.0,0.13331,10759.0,0.13341,2829.0,0.13348,9473.0
1753600038593,07:07:18.593,blofin,AERGO/USDT:USDT,0.13337,2586.0,0.13333,621.0,0.13341,2829.0,0.13346,18084.0
1753600039594,07:07:19.594,blofin,AERGO/USDT:USDT,0.13337,2589.0,0.13333,621.0,0.13341,2833.0,0.13346,18084.0
1753600041594,07:07:21.594,blofin,AERGO/USDT:USDT,0.13337,2587.0,0.13326,874.0,0.13341,2830.0,0.13353,7941.0
1753600042595,07:07:22.595,blofin,AERGO/USDT:USDT,0.13337,2587.0,0.13326,874.0,0.13341,2830.0,0.13353,7941.0
1753600043597,07:07:23.597,blofin,AERGO/USDT:USDT,0.13337,2587.0,0.13326,874.0,0.13341,2830.0,0.13353,7941.0
1753600044597,07:07:24.597,blofin,AERGO/USDT:USDT,0.13337,2590.0,0.13325,8672.0,0.13341,2831.0,0.13353,7941.0
1753600045598,07:07:25.598,blofin,AERGO/USDT:USDT,0.13337,2590.0,0.13325,8672.0,0.13341,2831.0,0.13353,7952.0
1753600046598,07:07:26.598,blofin,AERGO/USDT:USDT,0.13337,2588.0,0.13325,8672.0,0.13341,2831.0,0.13353,7952.0
1753600047599,07:07:27.599,blofin,AERGO/USDT:USDT,0.13337,2588.0,0.13325,8672.0,0.13341,2832.0,0.13353,7952.0
1753600048648,07:07:28.648,blofin,AERGO/USDT:USDT,0.13338,2581.0,0.13337,7.0,0.13341,2831.0,0.13353,7952.0
1753600049601,07:07:29.601,blofin,AERGO/USDT:USDT,0.13338,2586.0,0.13337,4.0,0.13341,2833.0,0.13353,7952.0
1753600050602,07:07:30.602,blofin,AERGO/USDT:USDT,0.13338,291.0,0.13337,4.0,0.13341,2879.0,0.13348,15757.0
1753600051791,07:07:31.791,blofin,AERGO/USDT:USDT,0.13334,53.0,0.13326,18199.0,0.13339,610.0,0.13341,10.0
1753600052603,07:07:32.603,blofin,AERGO/USDT:USDT,0.13332,2785.0,0.13326,8672.0,0.13339,2916.0,0.13341,10.0
1753600053603,07:07:33.603,blofin,AERGO/USDT:USDT,0.13332,2787.0,0.13326,8672.0,0.13339,2916.0,0.13341,10.0
1753600054606,07:07:34.606,blofin,AERGO/USDT:USDT,0.13332,2790.0,0.13326,8672.0,0.13339,2918.0,0.13341,5.0
1753600055605,07:07:35.605,blofin,AERGO/USDT:USDT,0.13332,2837.0,0.13322,8674.0,0.13339,2918.0,0.13341,5.0
1753600057615,07:07:37.615,blofin,AERGO/USDT:USDT,0.13332,2836.0,0.13328,9409.0,0.13339,2918.0,0.13341,5.0
1753600058608,07:07:38.608,blofin,AERGO/USDT:USDT,0.13332,2834.0,0.13322,9024.0,0.13339,2918.0,0.13341,5.0
1753600059611,07:07:39.611,blofin,AERGO/USDT:USDT,0.13332,2837.0,0.13322,8674.0,0.13339,2917.0,0.13341,5.0
1753600060619,07:07:40.619,blofin,AERGO/USDT:USDT,0.13332,2837.0,0.13322,8674.0,0.13339,2920.0,0.13341,5.0
1753600061611,07:07:41.611,blofin,AERGO/USDT:USDT,0.13332,2835.0,0.13322,8674.0,0.13339,2920.0,0.13341,5.0
1753600062612,07:07:42.612,blofin,AERGO/USDT:USDT,0.13332,2837.0,0.13324,16943.0,0.13339,2920.0,0.13341,5.0
1753600063610,07:07:43.610,blofin,AERGO/USDT:USDT,0.13332,2837.0,0.13322,8674.0,0.13339,2920.0,0.13341,5.0
1753600064623,07:07:44.623,blofin,AERGO/USDT:USDT,0.13332,2842.0,0.13322,8674.0,0.13339,2922.0,0.1335,7820.0
1753600065613,07:07:45.613,blofin,AERGO/USDT:USDT,0.13332,2839.0,0.13322,8674.0,0.13339,2924.0,0.1335,7814.0
1753600066614,07:07:46.614,blofin,AERGO/USDT:USDT,0.13332,2839.0,0.13326,50656.0,0.13339,2921.0,0.13346,5587.0
1753600067616,07:07:47.616,blofin,AERGO/USDT:USDT,0.13332,2839.0,0.13322,8674.0,0.13339,2985.0,0.1335,7814.0
1753600068614,07:07:48.614,blofin,AERGO/USDT:USDT,0.13332,2839.0,0.13322,8674.0,0.13339,2985.0,0.1335,7814.0
1753600069617,07:07:49.617,blofin,AERGO/USDT:USDT,0.13332,2843.0,0.13322,8674.0,0.13339,2982.0,0.1335,7814.0
1753600070616,07:07:50.616,blofin,AERGO/USDT:USDT,0.13332,2841.0,0.13329,33367.0,0.13339,2982.0,0.13343,10694.0
1753600071618,07:07:51.618,blofin,AERGO/USDT:USDT,0.13332,2843.0,0.13322,8674.0,0.13339,2982.0,0.1335,7814.0
1753600072620,07:07:52.620,blofin,AERGO/USDT:USDT,0.13332,2843.0,0.13322,8674.0,0.13339,2982.0,0.1335,7814.0
1753600073673,07:07:53.673,blofin,AERGO/USDT:USDT,0.13332,2841.0,0.13322,8674.0,0.13339,2982.0,0.1335,7814.0
1753600074672,07:07:54.672,blofin,AERGO/USDT:USDT,0.13332,2840.0,0.13327,38268.0,0.13339,2983.0,0.13345,2183.0
1753600075621,07:07:55.621,blofin,AERGO/USDT:USDT,0.13332,2840.0,0.13322,8674.0,0.13339,2983.0,0.1335,7768.0
1753600076622,07:07:56.622,blofin,AERGO/USDT:USDT,0.13332,2840.0,0.13323,39294.0,0.13339,2985.0,0.13349,2281.0
1753600077622,07:07:57.622,blofin,AERGO/USDT:USDT,0.13332,2935.0,0.13322,8674.0,0.13339,2983.0,0.1335,7768.0
1753600078622,07:07:58.622,blofin,AERGO/USDT:USDT,0.13332,2938.0,0.13322,8674.0,0.13339,2983.0,0.1335,7768.0
1753600079623,07:07:59.623,blofin,AERGO/USDT:USDT,0.13332,2934.0,0.13322,8674.0,0.13339,2983.0,0.1335,7768.0
1753600080623,07:08:00.623,blofin,AERGO/USDT:USDT,0.13332,2858.0,0.13322,8674.0,0.13339,2982.0,0.1335,7571.0
1753600081625,07:08:01.625,blofin,AERGO/USDT:USDT,0.13332,2860.0,0.13322,48413.0,0.13339,2982.0,0.1335,25743.0
1753600082624,07:08:02.624,blofin,AERGO/USDT:USDT,0.13335,515.0,0.13332,10.0,0.13339,2982.0,0.1335,7571.0
1753600084626,07:08:04.626,blofin,AERGO/USDT:USDT,0.13335,518.0,0.13332,5.0,0.13339,2986.0,0.1335,7571.0
1753600085630,07:08:05.630,blofin,AERGO/USDT:USDT,0.13335,520.0,0.13332,5.0,0.13339,2986.0,0.13351,7577.0
1753600086626,07:08:06.626,blofin,AERGO/USDT:USDT,0.13335,520.0,0.13332,5.0,0.13339,2986.0,0.13351,7577.0
1753600087630,07:08:07.630,blofin,AERGO/USDT:USDT,0.13335,520.0,0.13332,5.0,0.13339,2986.0,0.13351,7577.0
1753600088631,07:08:08.631,blofin,AERGO/USDT:USDT,0.13335,519.0,0.13332,5.0,0.13339,2986.0,0.13351,7577.0
1753600089629,07:08:09.629,blofin,AERGO/USDT:USDT,0.13335,519.0,0.13332,5.0,0.13339,2986.0,0.13351,7577.0
1753600090630,07:08:10.630,blofin,AERGO/USDT:USDT,0.13335,519.0,0.13332,5.0,0.13339,277.0,0.13348,17490.0
1753600091849,07:08:11.849,blofin,AERGO/USDT:USDT,0.13336,515.0,0.13335,4.0,0.13339,7.0,0.13342,269.0
1753600092633,07:08:12.633,blofin,AERGO/USDT:USDT,0.13336,2914.0,0.13335,4.0,0.13339,7.0,0.13342,682.0
1753600093633,07:08:13.633,blofin,AERGO/USDT:USDT,0.13336,2914.0,0.13335,4.0,0.13339,7.0,0.13342,682.0
1753600094649,07:08:14.649,blofin,AERGO/USDT:USDT,0.13336,2918.0,0.13327,1220.0,0.13339,4.0,0.13342,685.0
1753600095212,07:08:15.212,blofin,AERGO/USDT:USDT,0.13338,206.0,0.13336,5.0,0.13341,2708.0,0.13342,7.0
1753600095637,07:08:15.637,blofin,AERGO/USDT:USDT,0.13338,346.0,0.13336,5.0,0.13341,2708.0,0.13342,7.0
1753600096635,07:08:16.635,blofin,AERGO/USDT:USDT,0.13338,346.0,0.13336,5.0,0.13341,2635.0,0.13342,3.0
1753600097639,07:08:17.639,blofin,AERGO/USDT:USDT,0.13338,350.0,0.13336,2.0,0.13341,2635.0,0.13342,3.0
1753600098640,07:08:18.640,blofin,AERGO/USDT:USDT,0.13338,347.0,0.13336,2.0,0.13341,2635.0,0.13342,3.0
1753600099639,07:08:19.639,blofin,AERGO/USDT:USDT,0.13338,349.0,0.13336,2.0,0.13341,2637.0,0.13342,3.0
1753600100639,07:08:20.639,blofin,AERGO/USDT:USDT,0.13338,349.0,0.13336,20533.0,0.13341,2637.0,0.13342,3.0
1753600101640,07:08:21.640,blofin,AERGO/USDT:USDT,0.13338,349.0,0.13336,2.0,0.13341,2637.0,0.13342,3.0
1753600102641,07:08:22.641,blofin,AERGO/USDT:USDT,0.13338,350.0,0.13336,2.0,0.13341,2686.0,0.13342,3.0
1753600103643,07:08:23.643,blofin,AERGO/USDT:USDT,0.13338,349.0,0.13336,2.0,0.13341,2686.0,0.13342,3.0
1753600104643,07:08:24.643,blofin,AERGO/USDT:USDT,0.13338,351.0,0.13336,2.0,0.13341,2685.0,0.13342,3.0
1753600105643,07:08:25.643,blofin,AERGO/USDT:USDT,0.13338,351.0,0.13336,2.0,0.13341,2686.0,0.13342,3.0
1753600106644,07:08:26.644,blofin,AERGO/USDT:USDT,0.13338,5.0,0.13337,346.0,0.13341,2684.0,0.13342,3.0
1753600108101,07:08:28.101,blofin,AERGO/USDT:USDT,0.13337,4.0,0.13336,2.0,0.13339,2736.0,0.13341,2.0
1753600108646,07:08:28.646,blofin,AERGO/USDT:USDT,0.13337,4.0,0.13336,2.0,0.13339,2817.0,0.13341,2.0
1753600109705,07:08:29.705,blofin,AERGO/USDT:USDT,0.13337,97.0,0.13336,2.0,0.13339,2822.0,0.13342,3.0
1753600110652,07:08:30.652,blofin,AERGO/USDT:USDT,0.13337,97.0,0.13336,2.0,0.13339,2822.0,0.13342,3.0
1753600111648,07:08:31.648,blofin,AERGO/USDT:USDT,0.13337,97.0,0.13336,2.0,0.13339,2822.0,0.13342,3.0
1753600113648,07:08:33.648,blofin,AERGO/USDT:USDT,0.13337,806.0,0.13336,2.0,0.13339,54.0,0.13342,3.0
1753600114136,07:08:34.136,blofin,AERGO/USDT:USDT,0.1334,803.0,0.13337,3.0,0.13342,3.0,0.13346,49.0
1753600114650,07:08:34.650,blofin,AERGO/USDT:USDT,0.13342,211.0,0.13336,2.0,0.13346,3461.0,0.13352,7848.0
1753600115652,07:08:35.652,blofin,AERGO/USDT:USDT,0.13342,533.0,0.13336,2.0,0.13346,3460.0,0.13358,7856.0
1753600116652,07:08:36.652,blofin,AERGO/USDT:USDT,0.13342,533.0,0.13338,8052.0,0.13346,3460.0,0.13351,14793.0
1753600117651,07:08:37.651,blofin,AERGO/USDT:USDT,0.13343,3308.0,0.13342,4.0,0.13346,5.0,0.13348,375.0
1753600118660,07:08:38.660,blofin,AERGO/USDT:USDT,0.13343,3308.0,0.13342,4.0,0.13346,5.0,0.13348,375.0
1753600119655,07:08:39.655,blofin,AERGO/USDT:USDT,0.13343,3313.0,0.1334,1133.0,0.13348,377.0,0.13352,7039.0
1753600120657,07:08:40.657,blofin,AERGO/USDT:USDT,0.13343,3313.0,0.13336,2.0,0.13348,377.0,0.13356,824.0
1753600121658,07:08:41.658,blofin,AERGO/USDT:USDT,0.13343,3313.0,0.13336,2.0,0.13348,377.0,0.13356,824.0
1753600122656,07:08:42.656,blofin,AERGO/USDT:USDT,0.13343,3309.0,0.13336,2.0,0.13348,377.0,0.13356,824.0
1753600123656,07:08:43.656,blofin,AERGO/USDT:USDT,0.13345,64.0,0.13343,1.0,0.13348,380.0,0.13356,824.0
1753600124669,07:08:44.669,blofin,AERGO/USDT:USDT,0.13345,68.0,0.13343,1.0,0.13348,382.0,0.13359,521.0
1753600125660,07:08:45.660,blofin,AERGO/USDT:USDT,0.13345,70.0,0.13333,8657.0,0.13348,378.0,0.13361,7740.0
1753600126663,07:08:46.663,blofin,AERGO/USDT:USDT,0.13345,70.0,0.13339,12418.0,0.13348,381.0,0.13355,7320.0
1753600127661,07:08:47.661,blofin,AERGO/USDT:USDT,0.13345,70.0,0.13342,5806.0,0.13348,381.0,0.13351,11483.0
1753600128660,07:08:48.660,blofin,AERGO/USDT:USDT,0.13345,70.0,0.13337,733.0,0.13348,381.0,0.13358,4640.0
1753600129660,07:08:49.660,blofin,AERGO/USDT:USDT,0.13345,70.0,0.13336,3870.0,0.13348,382.0,0.13358,4640.0
1753600130661,07:08:50.661,blofin,AERGO/USDT:USDT,0.13345,69.0,0.13333,8657.0,0.13348,382.0,0.13359,200.0
1753600131661,07:08:51.661,blofin,AERGO/USDT:USDT,0.13345,69.0,0.13336,6248.0,0.13348,382.0,0.13358,2513.0
1753600132662,07:08:52.662,blofin,AERGO/USDT:USDT,0.13345,69.0,0.13333,8657.0,0.13348,382.0,0.13359,200.0
1753600133664,07:08:53.664,blofin,AERGO/USDT:USDT,0.13346,2832.0,0.13345,8.0,0.13348,382.0,0.13352,19530.0
1753600134665,07:08:54.665,blofin,AERGO/USDT:USDT,0.13345,2839.0,0.13333,8657.0,0.13348,382.0,0.13361,7763.0
1753600135666,07:08:55.666,blofin,AERGO/USDT:USDT,0.13345,166.0,0.13339,13564.0,0.13348,382.0,0.13355,11449.0
1753600136667,07:08:56.667,blofin,AERGO/USDT:USDT,0.13345,165.0,0.13338,19494.0,0.13348,382.0,0.13356,40273.0
1753600137668,07:08:57.668,blofin,AERGO/USDT:USDT,0.13345,165.0,0.13333,8657.0,0.13348,382.0,0.13361,7894.0
1753600138668,07:08:58.668,blofin,AERGO/USDT:USDT,0.13345,167.0,0.13336,12391.0,0.13348,258.0,0.13358,12319.0
1753600139468,07:08:59.468,blofin,AERGO/USDT:USDT,0.13345,985.0,0.13337,4509.0,0.13348,258.0,0.13357,38167.0
1753600139669,07:08:59.669,blofin,AERGO/USDT:USDT,0.13345,986.0,0.13337,4509.0,0.13348,256.0,0.13357,38167.0
1753600140671,07:09:00.671,blofin,AERGO/USDT:USDT,0.13345,167.0,0.13342,34599.0,0.13348,256.0,0.13352,11614.0
1753600141351,07:09:01.351,blofin,AERGO/USDT:USDT,0.13346,159.0,0.13345,8.0,0.13348,256.0,0.13359,885.0
1753600141950,07:09:01.950,blofin,AERGO/USDT:USDT,0.13346,95.0,0.13345,8.0,0.13348,6.0,0.1335,251.0
1753600142672,07:09:02.672,blofin,AERGO/USDT:USDT,0.13348,2750.0,0.13345,8.0,0.13352,248.0,0.13357,20843.0
1753600143672,07:09:03.672,blofin,AERGO/USDT:USDT,0.13348,2750.0,0.13345,8.0,0.13352,253.0,0.13359,885.0
1753600144673,07:09:04.673,blofin,AERGO/USDT:USDT,0.13348,2755.0,0.13345,4.0,0.13352,253.0,0.13361,7874.0
1753600145698,07:09:05.698,blofin,AERGO/USDT:USDT,0.13348,2832.0,0.13345,4.0,0.13352,249.0,0.13364,7850.0
1753600146681,07:09:06.681,blofin,AERGO/USDT:USDT,0.13348,2832.0,0.13345,4.0,0.13352,249.0,0.13363,15548.0
1753600147172,07:09:07.172,blofin,AERGO/USDT:USDT,0.13349,2827.0,0.13348,5.0,0.13352,1.0,0.13356,248.0
1753600147682,07:09:07.682,blofin,AERGO/USDT:USDT,0.13351,2750.0,0.13348,5.0,0.13352,1.0,0.13356,124.0
1753600149683,07:09:09.683,blofin,AERGO/USDT:USDT,0.13351,2753.0,0.13345,4.0,0.13356,125.0,0.13364,7850.0
1753600150683,07:09:10.683,blofin,AERGO/USDT:USDT,0.13351,2753.0,0.13345,4.0,0.13356,129.0,0.13367,26134.0
1753600151538,07:09:11.538,blofin,AERGO/USDT:USDT,0.13352,2750.0,0.13351,5.0,0.13356,129.0,0.13367,2192.0
1753600151685,07:09:11.685,blofin,AERGO/USDT:USDT,0.13352,2760.0,0.13351,5.0,0.13356,129.0,0.13367,2192.0
1753600152684,07:09:12.684,blofin,AERGO/USDT:USDT,0.13352,2763.0,0.13345,4.0,0.13356,129.0,0.13367,2192.0
1753600153687,07:09:13.687,blofin,AERGO/USDT:USDT,0.13352,2763.0,0.1335,5754.0,0.13356,129.0,0.13359,18979.0
1753600154699,07:09:14.699,blofin,AERGO/USDT:USDT,0.13352,2763.0,0.13346,770.0,0.13356,177.0,0.13367,2192.0
1753600155687,07:09:15.687,blofin,AERGO/USDT:USDT,0.13352,2765.0,0.13346,1651.0,0.13356,181.0,0.13363,5655.0
1753600156688,07:09:16.688,blofin,AERGO/USDT:USDT,0.13352,2765.0,0.13344,2684.0,0.13356,181.0,0.13363,5655.0
1753600157689,07:09:17.689,blofin,AERGO/USDT:USDT,0.13352,2765.0,0.1335,3619.0,0.13356,181.0,0.13359,19919.0
1753600158689,07:09:18.689,blofin,AERGO/USDT:USDT,0.13352,2765.0,0.13348,30457.0,0.13356,6.0,0.13357,333.0
1753600159691,07:09:19.691,blofin,AERGO/USDT:USDT,0.13352,2763.0,0.13348,30457.0,0.13356,4.0,0.13357,338.0
1753600160304,07:09:20.304,blofin,AERGO/USDT:USDT,0.13353,2760.0,0.13352,3.0,0.13356,4.0,0.13357,338.0
1753600160692,07:09:20.692,blofin,AERGO/USDT:USDT,0.13353,2716.0,0.13352,3.0,0.13356,4.0,0.13357,338.0
1753600161694,07:09:21.694,blofin,AERGO/USDT:USDT,0.13353,2716.0,0.13352,3.0,0.13356,4.0,0.13357,338.0
1753600162695,07:09:22.695,blofin,AERGO/USDT:USDT,0.13353,2716.0,0.13352,3.0,0.13356,4.0,0.13357,335.0
1753600163695,07:09:23.695,blofin,AERGO/USDT:USDT,0.13353,2716.0,0.13352,3.0,0.13356,4.0,0.13357,335.0
1753600164697,07:09:24.697,blofin,AERGO/USDT:USDT,0.13353,2719.0,0.13352,2.0,0.13356,4.0,0.13357,336.0
1753600165699,07:09:25.699,blofin,AERGO/USDT:USDT,0.13353,2719.0,0.13352,2.0,0.13356,4.0,0.13357,334.0
1753600166699,07:09:26.699,blofin,AERGO/USDT:USDT,0.13353,2719.0,0.13352,2.0,0.13356,4.0,0.13357,334.0
1753600167700,07:09:27.700,blofin,AERGO/USDT:USDT,0.13353,2719.0,0.13352,2.0,0.13356,4.0,0.13357,334.0
1753600168699,07:09:28.699,blofin,AERGO/USDT:USDT,0.13353,2720.0,0.13352,2.0,0.13356,4.0,0.13357,334.0
1753600169701,07:09:29.701,blofin,AERGO/USDT:USDT,0.13353,2721.0,0.13352,2.0,0.13356,4.0,0.13357,337.0
1753600170583,07:09:30.583,blofin,AERGO/USDT:USDT,0.13354,2716.0,0.13353,5.0,0.13356,4.0,0.13357,337.0
1753600170701,07:09:30.701,blofin,AERGO/USDT:USDT,0.13354,281.0,0.13353,5.0,0.13356,4.0,0.13357,128.0
1753600171458,07:09:31.458,blofin,AERGO/USDT:USDT,0.13355,281.0,0.13353,5.0,0.13356,4.0,0.13357,128.0
1753600171702,07:09:31.702,blofin,AERGO/USDT:USDT,0.13355,577.0,0.13353,5.0,0.13356,4.0,0.13357,128.0
1753600172704,07:09:32.704,blofin,AERGO/USDT:USDT,0.13355,577.0,0.13353,5.0,0.13356,4.0,0.13357,125.0
1753600173702,07:09:33.702,blofin,AERGO/USDT:USDT,0.13355,577.0,0.13353,5.0,0.13356,4.0,0.13357,125.0
1753600174704,07:09:34.704,blofin,AERGO/USDT:USDT,0.13355,580.0,0.13352,2.0,0.13356,4.0,0.13357,129.0
1753600175706,07:09:35.706,blofin,AERGO/USDT:USDT,0.13355,666.0,0.13352,2.0,0.13356,4.0,0.13357,129.0
1753600176704,07:09:36.704,blofin,AERGO/USDT:USDT,0.13355,666.0,0.13352,2.0,0.13356,4.0,0.13357,128.0
1753600177705,07:09:37.705,blofin,AERGO/USDT:USDT,0.13355,666.0,0.13352,2.0,0.13356,4.0,0.13357,128.0
1753600178706,07:09:38.706,blofin,AERGO/USDT:USDT,0.13355,3166.0,0.13352,2.0,0.13356,4.0,0.13357,129.0
1753600179708,07:09:39.708,blofin,AERGO/USDT:USDT,0.13355,3164.0,0.13352,2.0,0.13356,4.0,0.13357,126.0
1753600180708,07:09:40.708,blofin,AERGO/USDT:USDT,0.13355,3164.0,0.13352,2.0,0.13356,4.0,0.13357,126.0
1753600181709,07:09:41.709,blofin,AERGO/USDT:USDT,0.13355,3434.0,0.13352,2.0,0.13356,4.0,0.13357,127.0
1753600182709,07:09:42.709,blofin,AERGO/USDT:USDT,0.13355,3436.0,0.13352,2.0,0.13356,4.0,0.13357,127.0
1753600183710,07:09:43.710,blofin,AERGO/USDT:USDT,0.13355,3436.0,0.13352,2.0,0.13356,4.0,0.13357,127.0
1753600184724,07:09:44.724,blofin,AERGO/USDT:USDT,0.13355,3440.0,0.13343,18926.0,0.13357,186.0,0.1337,13052.0
1753600185713,07:09:45.713,blofin,AERGO/USDT:USDT,0.13355,3441.0,0.13344,24074.0,0.13357,184.0,0.13369,35671.0
1753600186712,07:09:46.712,blofin,AERGO/USDT:USDT,0.13355,3441.0,0.13343,8655.0,0.13357,184.0,0.1337,7292.0
1753600187714,07:09:47.714,blofin,AERGO/USDT:USDT,0.13355,3439.0,0.13343,8655.0,0.13357,184.0,0.1337,7292.0
1753600188517,07:09:48.517,blofin,AERGO/USDT:USDT,0.13355,3441.0,0.13346,625.0,0.13357,130.0,0.13367,18489.0
1753600188714,07:09:48.714,blofin,AERGO/USDT:USDT,0.13355,3441.0,0.13343,8655.0,0.13357,61.0,0.1337,7292.0
1753600189714,07:09:49.714,blofin,AERGO/USDT:USDT,0.13355,3442.0,0.13343,8655.0,0.13357,62.0,0.1337,7292.0
1753600190715,07:09:50.715,blofin,AERGO/USDT:USDT,0.13355,3448.0,0.13348,491.0,0.13357,62.0,0.13365,30844.0
1753600191715,07:09:51.715,blofin,AERGO/USDT:USDT,0.13355,3448.0,0.13343,8655.0,0.13357,62.0,0.1337,7270.0
1753600192715,07:09:52.715,blofin,AERGO/USDT:USDT,0.13355,3448.0,0.13343,8655.0,0.13357,65.0,0.1337,7270.0
1753600193716,07:09:53.716,blofin,AERGO/USDT:USDT,0.13355,3448.0,0.13343,8655.0,0.13357,62.0,0.1337,7270.0
1753600194718,07:09:54.718,blofin,AERGO/USDT:USDT,0.13355,3449.0,0.13343,8655.0,0.13357,65.0,0.1337,7270.0
1753600195717,07:09:55.717,blofin,AERGO/USDT:USDT,0.13355,3449.0,0.13343,8655.0,0.13357,65.0,0.1337,7273.0
1753600196718,07:09:56.718,blofin,AERGO/USDT:USDT,0.13355,3450.0,0.13343,8655.0,0.13357,65.0,0.1337,7273.0
1753600197657,07:09:57.657,blofin,AERGO/USDT:USDT,0.13355,7.0,0.13354,3443.0,0.13357,65.0,0.13362,5902.0
1753600198128,07:09:58.128,blofin,AERGO/USDT:USDT,0.13352,489.0,0.13343,9882.0,0.13357,620.0,0.1337,7273.0
1753600198720,07:09:58.720,blofin,AERGO/USDT:USDT,0.13354,48.0,0.13344,10476.0,0.13357,3189.0,0.13368,7780.0
1753600199721,07:09:59.721,blofin,AERGO/USDT:USDT,0.13354,52.0,0.13344,10476.0,0.13357,3189.0,0.13368,7780.0
1753600200731,07:10:00.731,blofin,AERGO/USDT:USDT,0.13354,52.0,0.13345,5048.0,0.13357,134.0,0.13367,15555.0
1753600201724,07:10:01.724,blofin,AERGO/USDT:USDT,0.13354,49.0,0.13342,10150.0,0.13357,134.0,0.1337,9377.0
1753600203723,07:10:03.723,blofin,AERGO/USDT:USDT,0.13354,50.0,0.13349,14744.0,0.13357,134.0,0.13363,34336.0
1753600204723,07:10:04.723,blofin,AERGO/USDT:USDT,0.13354,49.0,0.13349,14744.0,0.13357,132.0,0.13363,34336.0
1753600205725,07:10:05.725,blofin,AERGO/USDT:USDT,0.13354,94.0,0.13343,1442.0,0.13357,132.0,0.13367,816.0
1753600206726,07:10:06.726,blofin,AERGO/USDT:USDT,0.13354,94.0,0.13343,1442.0,0.13357,192.0,0.13367,816.0
1753600208745,07:10:08.745,blofin,AERGO/USDT:USDT,0.13354,94.0,0.13343,23853.0,0.13357,196.0,0.13367,816.0
1753600209729,07:10:09.729,blofin,AERGO/USDT:USDT,0.13354,97.0,0.13343,22411.0,0.13357,192.0,0.13369,3713.0
1753600210732,07:10:10.732,blofin,AERGO/USDT:USDT,0.13354,96.0,0.13348,6010.0,0.13357,68.0,0.13364,31473.0
1753600211730,07:10:11.730,blofin,AERGO/USDT:USDT,0.13354,94.0,0.13342,8655.0,0.13357,68.0,0.1337,7507.0
1753600212731,07:10:12.731,blofin,AERGO/USDT:USDT,0.13354,94.0,0.13342,8655.0,0.13357,397.0,0.1337,7507.0
1753600213732,07:10:13.732,blofin,AERGO/USDT:USDT,0.13354,98.0,0.13342,8655.0,0.13357,397.0,0.1337,7507.0
1753600214744,07:10:14.744,blofin,AERGO/USDT:USDT,0.13354,99.0,0.13342,8655.0,0.13357,397.0,0.1337,7507.0
1753600215735,07:10:15.735,blofin,AERGO/USDT:USDT,0.13354,95.0,0.13342,8700.0,0.13357,3914.0,0.1337,7764.0
1753600216738,07:10:16.738,blofin,AERGO/USDT:USDT,0.13354,99.0,0.13347,19755.0,0.13357,3914.0,0.13365,31920.0
1753600217737,07:10:17.737,blofin,AERGO/USDT:USDT,0.13354,99.0,0.13344,1879.0,0.13357,3914.0,0.1337,9234.0
1753600218738,07:10:18.738,blofin,AERGO/USDT:USDT,0.13354,96.0,0.13344,1879.0,0.13357,3914.0,0.13369,36213.0
1753600219336,07:10:19.336,blofin,AERGO/USDT:USDT,0.13354,3.0,0.13352,93.0,0.13357,3914.0,0.1337,7764.0
1753600219742,07:10:19.742,blofin,AERGO/USDT:USDT,0.13354,1.0,0.13352,96.0,0.13357,3914.0,0.1337,7764.0
1753600221738,07:10:21.738,blofin,AERGO/USDT:USDT,0.13354,1.0,0.13352,702.0,0.13357,3914.0,0.13369,52471.0
1753600222739,07:10:22.739,blofin,AERGO/USDT:USDT,0.13354,1.0,0.13352,702.0,0.13357,3954.0,0.13368,43752.0
1753600224122,07:10:24.122,blofin,AERGO/USDT:USDT,0.13354,1.0,0.13352,702.0,0.13355,3944.0,0.13357,10.0
1753600224741,07:10:24.741,blofin,AERGO/USDT:USDT,0.13354,1.0,0.13352,706.0,0.13355,3948.0,0.13357,5.0
1753600225741,07:10:25.741,blofin,AERGO/USDT:USDT,0.13354,1.0,0.13352,706.0,0.13355,428.0,0.13357,5.0
1753600226741,07:10:26.741,blofin,AERGO/USDT:USDT,0.13354,1.0,0.13352,706.0,0.13355,429.0,0.13357,5.0
1753600227743,07:10:27.743,blofin,AERGO/USDT:USDT,0.13354,1.0,0.13352,706.0,0.13355,429.0,0.13357,5.0
1753600228743,07:10:28.743,blofin,AERGO/USDT:USDT,0.13354,1.0,0.13352,706.0,0.13355,429.0,0.13357,5.0
1753600229743,07:10:29.743,blofin,AERGO/USDT:USDT,0.13354,1.0,0.13352,704.0,0.13355,431.0,0.13357,5.0
1753600230744,07:10:30.744,blofin,AERGO/USDT:USDT,0.13354,1.0,0.13352,704.0,0.13355,475.0,0.13357,5.0
1753600231747,07:10:31.747,blofin,AERGO/USDT:USDT,0.13354,1.0,0.13352,704.0,0.13355,475.0,0.13357,5.0
1753600232749,07:10:32.749,blofin,AERGO/USDT:USDT,0.13354,1.0,0.13352,704.0,0.13355,477.0,0.13357,5.0
1753600233747,07:10:33.747,blofin,AERGO/USDT:USDT,0.13354,1.0,0.13352,704.0,0.13355,477.0,0.13357,5.0
1753600234752,07:10:34.752,blofin,AERGO/USDT:USDT,0.13354,1.0,0.13352,704.0,0.13355,476.0,0.13357,5.0
1753600235751,07:10:35.751,blofin,AERGO/USDT:USDT,0.13354,1.0,0.13352,717.0,0.13355,476.0,0.13357,5.0
1753600236750,07:10:36.750,blofin,AERGO/USDT:USDT,0.13354,1.0,0.13352,719.0,0.13355,476.0,0.13357,5.0
1753600237751,07:10:37.751,blofin,AERGO/USDT:USDT,0.13354,1.0,0.13352,719.0,0.13355,475.0,0.13357,5.0
1753600238751,07:10:38.751,blofin,AERGO/USDT:USDT,0.13354,1.0,0.13352,719.0,0.13355,476.0,0.13357,5.0
1753600239752,07:10:39.752,blofin,AERGO/USDT:USDT,0.13354,1.0,0.13352,719.0,0.13355,477.0,0.13357,5.0
1753600240755,07:10:40.755,blofin,AERGO/USDT:USDT,0.13354,1.0,0.13352,719.0,0.13355,6037.0,0.13357,5.0
1753600241755,07:10:41.755,blofin,AERGO/USDT:USDT,0.13354,1.0,0.13352,719.0,0.13355,6037.0,0.13357,5.0
1753600242754,07:10:42.754,blofin,AERGO/USDT:USDT,0.13354,1.0,0.13352,719.0,0.13355,6036.0,0.13357,5.0
1753600243757,07:10:43.757,blofin,AERGO/USDT:USDT,0.13354,1.0,0.13352,718.0,0.13355,6036.0,0.13357,5.0
1753600244769,07:10:44.769,blofin,AERGO/USDT:USDT,0.13352,717.0,0.1334,8702.0,0.13355,6041.0,0.13368,7990.0
1753600245295,07:10:45.295,blofin,AERGO/USDT:USDT,0.13353,714.0,0.13352,5.0,0.13355,6042.0,0.13367,14606.0
1753600245756,07:10:45.756,blofin,AERGO/USDT:USDT,0.13346,3012.0,0.1334,8702.0,0.1335,610.0,0.13355,9.0
1753600246757,07:10:46.757,blofin,AERGO/USDT:USDT,0.13346,3012.0,0.1334,8702.0,0.1335,389.0,0.13355,5.0
1753600247758,07:10:47.758,blofin,AERGO/USDT:USDT,0.13346,3017.0,0.1334,8702.0,0.1335,389.0,0.13355,5.0
1753600248339,07:10:48.339,blofin,AERGO/USDT:USDT,0.13346,5.0,0.13345,3012.0,0.1335,388.0,0.13355,5.0
1753600248760,07:10:48.760,blofin,AERGO/USDT:USDT,0.13346,5.0,0.13343,2978.0,0.13347,62.0,0.1335,1.0
1753600249762,07:10:49.762,blofin,AERGO/USDT:USDT,0.13343,2983.0,0.1334,8702.0,0.13347,64.0,0.13355,5.0
1753600250761,07:10:50.761,blofin,AERGO/USDT:USDT,0.13343,2983.0,0.13332,30596.0,0.13347,389.0,0.13355,5.0
1753600251763,07:10:51.763,blofin,AERGO/USDT:USDT,0.13343,2983.0,0.13333,4272.0,0.13347,389.0,0.13355,5.0
1753600252763,07:10:52.763,blofin,AERGO/USDT:USDT,0.13343,2983.0,0.13333,5541.0,0.13347,389.0,0.13355,5.0
1753600253771,07:10:53.771,blofin,AERGO/USDT:USDT,0.13343,2982.0,0.13332,8707.0,0.13347,389.0,0.13355,5.0
1753600254767,07:10:54.767,blofin,AERGO/USDT:USDT,0.13343,2983.0,0.13332,8707.0,0.13347,390.0,0.13355,5.0
1753600255767,07:10:55.767,blofin,AERGO/USDT:USDT,0.13343,3122.0,0.13332,8707.0,0.13347,390.0,0.13355,5.0
1753600256769,07:10:56.769,blofin,AERGO/USDT:USDT,0.13343,3122.0,0.13332,8707.0,0.13347,392.0,0.13355,5.0
1753600257768,07:10:57.768,blofin,AERGO/USDT:USDT,0.13343,3122.0,0.13332,8707.0,0.13347,390.0,0.13355,5.0
1753600258461,07:10:58.461,blofin,AERGO/USDT:USDT,0.13343,3122.0,0.13339,24182.0,0.13346,387.0,0.13347,2.0
1753600258768,07:10:58.768,blofin,AERGO/USDT:USDT,0.13343,2850.0,0.13332,8707.0,0.13347,327.0,0.13355,5.0
1753600259771,07:10:59.771,blofin,AERGO/USDT:USDT,0.13343,2849.0,0.13332,8707.0,0.13347,330.0,0.13355,5.0
1753600260770,07:11:00.770,blofin,AERGO/USDT:USDT,0.13343,2849.0,0.13335,16701.0,0.13347,327.0,0.13355,5.0
1753600262150,07:11:02.150,blofin,AERGO/USDT:USDT,0.13344,2949.0,0.13343,4.0,0.13347,329.0,0.13355,5.0
1753600262772,07:11:02.772,blofin,AERGO/USDT:USDT,0.13344,2947.0,0.13343,4.0,0.13347,329.0,0.13355,5.0
1753600263771,07:11:03.771,blofin,AERGO/USDT:USDT,0.13344,2949.0,0.13343,4.0,0.13347,329.0,0.13355,5.0
1753600264774,07:11:04.774,blofin,AERGO/USDT:USDT,0.13344,2953.0,0.13332,8707.0,0.13347,328.0,0.13355,5.0
1753600265775,07:11:05.775,blofin,AERGO/USDT:USDT,0.13344,2956.0,0.1334,7365.0,0.13347,328.0,0.13352,27372.0
1753600266777,07:11:06.777,blofin,AERGO/USDT:USDT,0.13344,3164.0,0.13332,8707.0,0.13347,327.0,0.13355,5.0
1753600267776,07:11:07.776,blofin,AERGO/USDT:USDT,0.13344,3164.0,0.13335,2835.0,0.13347,329.0,0.13355,5.0
1753600268777,07:11:08.777,blofin,AERGO/USDT:USDT,0.13344,3163.0,0.13332,8707.0,0.13347,329.0,0.13355,5.0
1753600269777,07:11:09.777,blofin,AERGO/USDT:USDT,0.13344,3164.0,0.13332,8707.0,0.13347,330.0,0.13355,5.0
1753600270777,07:11:10.777,blofin,AERGO/USDT:USDT,0.13344,3165.0,0.13332,8707.0,0.13347,330.0,0.13355,5.0
1753600272204,07:11:12.204,blofin,AERGO/USDT:USDT,0.13344,3165.0,0.13334,13638.0,0.13347,5.0,0.13349,373.0
1753600272779,07:11:12.779,blofin,AERGO/USDT:USDT,0.13344,22986.0,0.13332,8707.0,0.13347,5.0,0.13349,124.0
1753600273407,07:11:13.407,blofin,AERGO/USDT:USDT,0.13346,22981.0,0.13344,5.0,0.13347,5.0,0.13349,124.0
1753600273781,07:11:13.781,blofin,AERGO/USDT:USDT,0.13346,2870.0,0.13344,5.0,0.13347,5.0,0.13349,124.0
1753600274796,07:11:14.796,blofin,AERGO/USDT:USDT,0.13346,2871.0,0.13344,5.0,0.13349,127.0,0.13356,29894.0
1753600276080,07:11:16.080,blofin,AERGO/USDT:USDT,0.13346,2873.0,0.13335,1074.0,0.13349,4.0,0.1335,124.0
1753600276782,07:11:16.782,blofin,AERGO/USDT:USDT,0.13346,2873.0,0.13335,1074.0,0.13349,4.0,0.1335,332.0
1753600277785,07:11:17.785,blofin,AERGO/USDT:USDT,0.13346,2873.0,0.1334,40395.0,0.13349,2.0,0.1335,334.0
1753600279787,07:11:19.787,blofin,AERGO/USDT:USDT,0.13346,2873.0,0.13335,6689.0,0.13349,2.0,0.1335,335.0
1753600280787,07:11:20.787,blofin,AERGO/USDT:USDT,0.13346,2876.0,0.13335,8677.0,0.13349,2.0,0.1335,335.0
1753600281788,07:11:21.788,blofin,AERGO/USDT:USDT,0.13346,2876.0,0.13335,8677.0,0.13349,2.0,0.1335,335.0
1753600282789,07:11:22.789,blofin,AERGO/USDT:USDT,0.13346,2876.0,0.13335,8677.0,0.13349,2.0,0.1335,335.0
1753600283789,07:11:23.789,blofin,AERGO/USDT:USDT,0.13346,2876.0,0.13335,8677.0,0.13349,2.0,0.1335,333.0
1753600284791,07:11:24.791,blofin,AERGO/USDT:USDT,0.13346,2874.0,0.13335,8677.0,0.13349,2.0,0.1335,333.0
1753600285790,07:11:25.790,blofin,AERGO/USDT:USDT,0.13346,2874.0,0.1334,33517.0,0.13349,2.0,0.1335,336.0
1753600286035,07:11:26.035,blofin,AERGO/USDT:USDT,0.13346,2874.0,0.13337,31535.0,0.13348,332.0,0.13349,2.0
1753600286797,07:11:26.797,blofin,AERGO/USDT:USDT,0.13346,2874.0,0.13337,2924.0,0.13348,38.0,0.13349,2.0
1753600287790,07:11:27.790,blofin,AERGO/USDT:USDT,0.13346,2874.0,0.13337,11667.0,0.13348,38.0,0.13349,2.0
1753600288422,07:11:28.422,blofin,AERGO/USDT:USDT,0.13346,2874.0,0.13335,8677.0,0.13349,2.0,0.1335,42.0
1753600288790,07:11:28.790,blofin,AERGO/USDT:USDT,0.13346,2874.0,0.13335,8677.0,0.13349,2.0,0.1335,336.0
1753600289327,07:11:29.327,blofin,AERGO/USDT:USDT,0.13347,2870.0,0.13346,4.0,0.13349,2.0,0.1335,336.0
1753600289791,07:11:29.791,blofin,AERGO/USDT:USDT,0.13347,2871.0,0.13346,1.0,0.13349,2.0,0.1335,335.0
1753600290793,07:11:30.793,blofin,AERGO/USDT:USDT,0.13347,20008.0,0.13346,1.0,0.13349,2.0,0.1335,127.0
1753600291792,07:11:31.792,blofin,AERGO/USDT:USDT,0.13347,20010.0,0.13346,1.0,0.13349,2.0,0.1335,127.0
1753600292794,07:11:32.794,blofin,AERGO/USDT:USDT,0.13347,20010.0,0.13346,1.0,0.13349,2.0,0.1335,127.0
1753600293795,07:11:33.795,blofin,AERGO/USDT:USDT,0.13347,20010.0,0.13346,1.0,0.13349,2.0,0.1335,127.0
1753600294795,07:11:34.795,blofin,AERGO/USDT:USDT,0.13347,20011.0,0.13346,1.0,0.13349,2.0,0.1335,126.0
1753600296797,07:11:36.797,blofin,AERGO/USDT:USDT,0.13347,20009.0,0.13346,1.0,0.13349,2.0,0.1335,126.0
1753600297803,07:11:37.803,blofin,AERGO/USDT:USDT,0.13347,20009.0,0.13346,1.0,0.13349,2.0,0.1335,128.0
1753600298798,07:11:38.798,blofin,AERGO/USDT:USDT,0.13347,20010.0,0.13346,1.0,0.13349,2.0,0.1335,128.0
1753600299800,07:11:39.800,blofin,AERGO/USDT:USDT,0.13347,20010.0,0.13346,1.0,0.13349,2.0,0.1335,125.0
1753600301801,07:11:41.801,blofin,AERGO/USDT:USDT,0.13347,20012.0,0.13346,1.0,0.13349,2.0,0.1335,129.0
1753600303804,07:11:43.804,blofin,AERGO/USDT:USDT,0.13347,15380.0,0.13346,1.0,0.13349,2.0,0.1335,2963.0
1753600304818,07:11:44.818,blofin,AERGO/USDT:USDT,0.13347,15384.0,0.13336,618.0,0.1335,2968.0,0.13363,7640.0
1753600306811,07:11:46.811,blofin,AERGO/USDT:USDT,0.13347,16176.0,0.13343,21115.0,0.1335,134.0,0.13355,19667.0
1753600308806,07:11:48.806,blofin,AERGO/USDT:USDT,0.13347,16178.0,0.13335,8677.0,0.1335,134.0,0.13363,7652.0
1753600309808,07:11:49.808,blofin,AERGO/USDT:USDT,0.13347,16178.0,0.13335,8677.0,0.1335,134.0,0.13363,7652.0
1753600310809,07:11:50.809,blofin,AERGO/USDT:USDT,0.13347,16451.0,0.13335,8677.0,0.1335,134.0,0.13363,7636.0
1753600311809,07:11:51.809,blofin,AERGO/USDT:USDT,0.13347,16785.0,0.13335,8677.0,0.1335,181.0,0.13363,7636.0
1753600312811,07:11:52.811,blofin,AERGO/USDT:USDT,0.13347,16785.0,0.13335,8677.0,0.1335,181.0,0.13363,7636.0
1753600313812,07:11:53.812,blofin,AERGO/USDT:USDT,0.13347,16785.0,0.13335,8677.0,0.1335,181.0,0.13363,7636.0
1753600314813,07:11:54.813,blofin,AERGO/USDT:USDT,0.13347,16784.0,0.13335,8677.0,0.1335,183.0,0.13363,7636.0
1753600315813,07:11:55.813,blofin,AERGO/USDT:USDT,0.13347,16784.0,0.13335,8677.0,0.1335,59.0,0.13363,7579.0
1753600316816,07:11:56.816,blofin,AERGO/USDT:USDT,0.13347,16784.0,0.13336,3933.0,0.1335,56.0,0.13362,9216.0
1753600317818,07:11:57.818,blofin,AERGO/USDT:USDT,0.13347,16784.0,0.13335,8677.0,0.1335,56.0,0.13363,7579.0
1753600318817,07:11:58.817,blofin,AERGO/USDT:USDT,0.13347,16784.0,0.13343,4077.0,0.1335,56.0,0.13355,24193.0
1753600319324,07:11:59.324,blofin,AERGO/USDT:USDT,0.13348,16777.0,0.13347,7.0,0.1335,56.0,0.13362,1214.0
1753600319818,07:11:59.818,blofin,AERGO/USDT:USDT,0.13347,4.0,0.13346,15700.0,0.1335,56.0,0.13355,24999.0
1753600320455,07:12:00.455,blofin,AERGO/USDT:USDT,0.13347,4.0,0.13346,2.0,0.1335,56.0,0.13356,418.0
1753600320816,07:12:00.816,blofin,AERGO/USDT:USDT,0.13347,4.0,0.13346,103.0,0.1335,125.0,0.13356,418.0
1753600321818,07:12:01.818,blofin,AERGO/USDT:USDT,0.13347,4.0,0.13346,103.0,0.1335,125.0,0.13353,8458.0
1753600322825,07:12:02.825,blofin,AERGO/USDT:USDT,0.13347,4.0,0.13346,103.0,0.1335,2832.0,0.13359,2247.0
1753600323820,07:12:03.820,blofin,AERGO/USDT:USDT,0.13347,4.0,0.13346,103.0,0.1335,2832.0,0.13354,37597.0
1753600324822,07:12:04.822,blofin,AERGO/USDT:USDT,0.13347,4.0,0.13346,105.0,0.1335,2834.0,0.13354,37597.0
1753600325825,07:12:05.825,blofin,AERGO/USDT:USDT,0.13347,4.0,0.13346,152.0,0.1335,2834.0,0.13355,22183.0
1753600326826,07:12:06.826,blofin,AERGO/USDT:USDT,0.13347,4.0,0.13346,197.0,0.1335,2834.0,0.13362,7627.0
1753600327823,07:12:07.823,blofin,AERGO/USDT:USDT,0.13347,4.0,0.13346,197.0,0.1335,2833.0,0.13362,7627.0
1753600328824,07:12:08.824,blofin,AERGO/USDT:USDT,0.13349,2817.0,0.13347,4.0,0.1335,8.0,0.13355,8693.0
1753600329825,07:12:09.825,blofin,AERGO/USDT:USDT,0.13349,2820.0,0.13347,4.0,0.1335,5.0,0.13355,8698.0
1753600330315,07:12:10.315,blofin,AERGO/USDT:USDT,0.13349,2820.0,0.13347,4.0,0.1335,5.0,0.13353,5770.0
1753600330826,07:12:10.826,blofin,AERGO/USDT:USDT,0.13349,2820.0,0.13347,4.0,0.1335,5.0,0.13353,11458.0
1753600331838,07:12:11.838,blofin,AERGO/USDT:USDT,0.13349,2820.0,0.13347,4.0,0.1335,5.0,0.13353,11458.0
1753600332830,07:12:12.830,blofin,AERGO/USDT:USDT,0.13349,2817.0,0.13347,4.0,0.1335,5.0,0.13353,11458.0
1753600333832,07:12:13.832,blofin,AERGO/USDT:USDT,0.13349,2817.0,0.13347,4.0,0.1335,5.0,0.13353,11460.0
1753600334842,07:12:14.842,blofin,AERGO/USDT:USDT,0.13349,2821.0,0.13339,8674.0,0.13353,11461.0,0.13366,7267.0
1753600335829,07:12:15.829,blofin,AERGO/USDT:USDT,0.13349,2820.0,0.13338,8642.0,0.13353,11464.0,0.13365,7639.0
1753600337832,07:12:17.832,blofin,AERGO/USDT:USDT,0.13349,2824.0,0.13338,8642.0,0.13353,11460.0,0.13365,7639.0
1753600338330,07:12:18.330,blofin,AERGO/USDT:USDT,0.13349,2824.0,0.13345,27478.0,0.13353,2.0,0.13354,11458.0
1753600338833,07:12:18.833,blofin,AERGO/USDT:USDT,0.13349,2824.0,0.13341,15077.0,0.13352,11569.0,0.13353,2.0
1753600339218,07:12:19.218,blofin,AERGO/USDT:USDT,0.13349,9.0,0.13348,2815.0,0.13352,11569.0,0.13353,2.0
1753600339846,07:12:19.846,blofin,AERGO/USDT:USDT,0.13349,4.0,0.13348,2819.0,0.13352,11573.0,0.13353,1.0
1753600340842,07:12:20.842,blofin,AERGO/USDT:USDT,0.13349,4.0,0.13348,1105.0,0.13352,11573.0,0.13353,1.0
1753600341657,07:12:21.657,blofin,AERGO/USDT:USDT,0.13349,1105.0,0.13348,1.0,0.13352,11573.0,0.13353,1.0
1753600341846,07:12:21.846,blofin,AERGO/USDT:USDT,0.13349,108.0,0.13348,1.0,0.13352,11573.0,0.13353,1.0
1753600343041,07:12:23.041,blofin,AERGO/USDT:USDT,0.13349,111.0,0.1334,9473.0,0.13351,11569.0,0.13352,4.0
1753600343844,07:12:23.844,blofin,AERGO/USDT:USDT,0.13349,111.0,0.13342,28261.0,0.13351,38.0,0.13352,4.0
1753600344505,07:12:24.505,blofin,AERGO/USDT:USDT,0.13349,7.0,0.13348,104.0,0.13351,38.0,0.13352,4.0
1753600344847,07:12:24.847,blofin,AERGO/USDT:USDT,0.13349,4.0,0.13348,105.0,0.1335,43.0,0.13353,1.0
1753600345538,07:12:25.538,blofin,AERGO/USDT:USDT,0.13349,4.0,0.13348,443.0,0.1335,2.0,0.13351,610.0
1753600345846,07:12:25.846,blofin,AERGO/USDT:USDT,0.13349,4.0,0.13348,443.0,0.1335,2.0,0.13351,2811.0
1753600346846,07:12:26.846,blofin,AERGO/USDT:USDT,0.13349,4.0,0.13348,445.0,0.1335,2.0,0.13351,2849.0
1753600347848,07:12:27.848,blofin,AERGO/USDT:USDT,0.13349,4.0,0.13348,443.0,0.1335,2.0,0.13351,2849.0
1753600348310,07:12:28.310,blofin,AERGO/USDT:USDT,0.13349,446.0,0.13348,4.0,0.1335,2.0,0.13351,2849.0
1753600348850,07:12:28.850,blofin,AERGO/USDT:USDT,0.13349,135.0,0.13348,4.0,0.1335,2.0,0.13351,2849.0
1753600349849,07:12:29.849,blofin,AERGO/USDT:USDT,0.13349,140.0,0.13336,8643.0,0.13351,2851.0,0.13353,1.0
1753600350849,07:12:30.849,blofin,AERGO/USDT:USDT,0.13349,140.0,0.13337,8643.0,0.13351,2852.0,0.13353,1.0
1753600351850,07:12:31.850,blofin,AERGO/USDT:USDT,0.13349,140.0,0.13337,8643.0,0.13351,2851.0,0.13353,1.0
1753600352852,07:12:32.852,blofin,AERGO/USDT:USDT,0.13352,2732.0,0.13349,5.0,0.13353,1.0,0.13356,124.0
1753600353855,07:12:33.855,blofin,AERGO/USDT:USDT,0.13352,2732.0,0.13349,5.0,0.13353,1.0,0.13356,124.0
1753600354426,07:12:34.426,blofin,AERGO/USDT:USDT,0.13353,2732.0,0.13349,5.0,0.13356,129.0,0.13364,7971.0
1753600354853,07:12:34.853,blofin,AERGO/USDT:USDT,0.13353,2735.0,0.13349,4.0,0.13356,125.0,0.13364,7971.0
1753600355855,07:12:35.855,blofin,AERGO/USDT:USDT,0.13353,2735.0,0.13349,4.0,0.13356,129.0,0.13365,10731.0
1753600356855,07:12:36.855,blofin,AERGO/USDT:USDT,0.13353,2735.0,0.13349,24753.0,0.13356,129.0,0.13361,24508.0
1753600357855,07:12:37.855,blofin,AERGO/USDT:USDT,0.13353,2735.0,0.13349,4.0,0.13356,129.0,0.13367,9377.0
1753600358352,07:12:38.352,blofin,AERGO/USDT:USDT,0.13354,2732.0,0.13353,3.0,0.13356,129.0,0.13368,193.0
1753600358858,07:12:38.858,blofin,AERGO/USDT:USDT,0.13354,1243.0,0.13353,3.0,0.13356,169.0,0.13362,38154.0
1753600359859,07:12:39.859,blofin,AERGO/USDT:USDT,0.13354,1247.0,0.13349,4.0,0.13356,165.0,0.13362,38154.0
1753600360866,07:12:40.866,blofin,AERGO/USDT:USDT,0.13354,1247.0,0.13349,4.0,0.13356,165.0,0.13367,452.0
1753600361860,07:12:41.860,blofin,AERGO/USDT:USDT,0.13354,1247.0,0.13349,4.0,0.13356,165.0,0.13364,14561.0
1753600362862,07:12:42.862,blofin,AERGO/USDT:USDT,0.13354,1247.0,0.1335,12232.0,0.13356,169.0,0.13361,23727.0
1753600363866,07:12:43.866,blofin,AERGO/USDT:USDT,0.13354,1246.0,0.13349,4.0,0.13356,45.0,0.13367,452.0
1753600364874,07:12:44.874,blofin,AERGO/USDT:USDT,0.13354,1250.0,0.13347,704.0,0.13356,45.0,0.13367,452.0
1753600365863,07:12:45.863,blofin,AERGO/USDT:USDT,0.13354,691.0,0.13342,8639.0,0.13356,452.0,0.13369,7888.0
1753600366865,07:12:46.865,blofin,AERGO/USDT:USDT,0.13354,693.0,0.13347,5642.0,0.13356,452.0,0.13364,13811.0
1753600367865,07:12:47.865,blofin,AERGO/USDT:USDT,0.13354,690.0,0.13342,8639.0,0.13356,452.0,0.13369,7888.0
1753600368864,07:12:48.864,blofin,AERGO/USDT:USDT,0.13354,691.0,0.13343,6356.0,0.13356,45.0,0.13368,28359.0
1753600369866,07:12:49.866,blofin,AERGO/USDT:USDT,0.13354,694.0,0.13343,6356.0,0.13356,48.0,0.13368,28359.0
1753600370866,07:12:50.866,blofin,AERGO/USDT:USDT,0.13354,693.0,0.13342,8639.0,0.13356,48.0,0.13369,7664.0
1753600372891,07:12:52.891,blofin,AERGO/USDT:USDT,0.13355,2818.0,0.13354,4.0,0.13356,6.0,0.13357,164.0
1753600373869,07:12:53.869,blofin,AERGO/USDT:USDT,0.13355,2857.0,0.13354,4.0,0.13356,6.0,0.13357,164.0
1753600374869,07:12:54.869,blofin,AERGO/USDT:USDT,0.13355,2855.0,0.13354,4.0,0.13356,4.0,0.13357,165.0
1753600376870,07:12:56.870,blofin,AERGO/USDT:USDT,0.13355,2856.0,0.13354,4.0,0.13356,4.0,0.13357,165.0
1753600377879,07:12:57.879,blofin,AERGO/USDT:USDT,0.13355,2854.0,0.13354,4.0,0.13356,4.0,0.13357,165.0
1753600378872,07:12:58.872,blofin,AERGO/USDT:USDT,0.13355,2854.0,0.13354,4.0,0.13356,4.0,0.13357,169.0
1753600379876,07:12:59.876,blofin,AERGO/USDT:USDT,0.13355,2858.0,0.13354,4.0,0.13356,4.0,0.13357,166.0
1753600380876,07:13:00.876,blofin,AERGO/USDT:USDT,0.13355,2858.0,0.13354,4.0,0.13356,4.0,0.13357,166.0
1753600381876,07:13:01.876,blofin,AERGO/USDT:USDT,0.13355,3100.0,0.13354,4.0,0.13356,4.0,0.13357,166.0
1753600382877,07:13:02.877,blofin,AERGO/USDT:USDT,0.13355,3100.0,0.13354,4.0,0.13356,4.0,0.13357,166.0
1753600383878,07:13:03.878,blofin,AERGO/USDT:USDT,0.13355,3099.0,0.13354,4.0,0.13356,4.0,0.13357,166.0
1753600384879,07:13:04.879,blofin,AERGO/USDT:USDT,0.13355,3098.0,0.13354,4.0,0.13356,4.0,0.13357,169.0
1753600385881,07:13:05.881,blofin,AERGO/USDT:USDT,0.13355,3476.0,0.13354,4.0,0.13356,4.0,0.13357,169.0
1753600386880,07:13:06.880,blofin,AERGO/USDT:USDT,0.13355,3476.0,0.13354,4.0,0.13356,4.0,0.13357,169.0
1753600387881,07:13:07.881,blofin,AERGO/USDT:USDT,0.13355,3479.0,0.13354,4.0,0.13356,4.0,0.13357,169.0
1753600388882,07:13:08.882,blofin,AERGO/USDT:USDT,0.13355,3478.0,0.13354,4.0,0.13356,4.0,0.13357,169.0
1753600389885,07:13:09.885,blofin,AERGO/USDT:USDT,0.13355,3476.0,0.13354,4.0,0.13356,4.0,0.13357,166.0
1753600390961,07:13:10.961,blofin,AERGO/USDT:USDT,0.13355,3476.0,0.13354,4.0,0.13356,4.0,0.13357,167.0
1753600391885,07:13:11.885,blofin,AERGO/USDT:USDT,0.13355,3476.0,0.13354,4.0,0.13356,4.0,0.13357,167.0
1753600392263,07:13:12.263,blofin,AERGO/USDT:USDT,0.13355,3476.0,0.13354,4.0,0.13356,4.0,0.13357,1.0
1753600392885,07:13:12.885,blofin,AERGO/USDT:USDT,0.13355,3476.0,0.13354,4.0,0.13356,4.0,0.13357,1.0
1753600393150,07:13:13.150,blofin,AERGO/USDT:USDT,0.13355,3476.0,0.13354,4.0,0.13356,4.0,0.13357,124.0
1753600393886,07:13:13.886,blofin,AERGO/USDT:USDT,0.13356,2731.0,0.13355,1.0,0.13358,126.0,0.13363,3216.0
1753600394901,07:13:14.901,blofin,AERGO/USDT:USDT,0.13356,2734.0,0.13355,1.0,0.13358,127.0,0.13363,3216.0
1753600395886,07:13:15.886,blofin,AERGO/USDT:USDT,0.13356,2959.0,0.13353,4886.0,0.13358,130.0,0.13362,22673.0
1753600396889,07:13:16.889,blofin,AERGO/USDT:USDT,0.13356,2956.0,0.1335,715.0,0.13358,130.0,0.13367,467.0
1753600397888,07:13:17.888,blofin,AERGO/USDT:USDT,0.13356,2956.0,0.13346,3003.0,0.13358,130.0,0.13367,467.0
1753600398889,07:13:18.889,blofin,AERGO/USDT:USDT,0.13356,2956.0,0.13352,12889.0,0.13358,128.0,0.13363,28797.0
1753600399890,07:13:19.890,blofin,AERGO/USDT:USDT,0.13356,2959.0,0.13352,12889.0,0.13358,129.0,0.13363,28797.0
1753600400892,07:13:20.892,blofin,AERGO/USDT:USDT,0.13356,228.0,0.1335,182.0,0.13358,130.0,0.13366,10204.0
1753600401890,07:13:21.890,blofin,AERGO/USDT:USDT,0.13356,228.0,0.1335,182.0,0.13358,129.0,0.13366,32.0
1753600402890,07:13:22.890,blofin,AERGO/USDT:USDT,0.13356,7.0,0.13355,508.0,0.13357,610.0,0.13358,5.0
1753600403892,07:13:23.892,blofin,AERGO/USDT:USDT,0.13356,7.0,0.13355,508.0,0.13357,2.0,0.13358,125.0
1753600404894,07:13:24.894,blofin,AERGO/USDT:USDT,0.13356,3.0,0.13355,513.0,0.13358,128.0,0.13368,267.0
1753600405893,07:13:25.893,blofin,AERGO/USDT:USDT,0.13356,3.0,0.13355,509.0,0.13358,128.0,0.13368,267.0
1753600406914,07:13:26.914,blofin,AERGO/USDT:USDT,0.13356,3.0,0.13355,509.0,0.13357,40.0,0.13358,6.0
1753600407896,07:13:27.896,blofin,AERGO/USDT:USDT,0.13356,3.0,0.13355,509.0,0.13357,43.0,0.13358,1.0
1753600408896,07:13:28.896,blofin,AERGO/USDT:USDT,0.13356,3.0,0.13355,513.0,0.13357,43.0,0.13358,1.0
1753600409897,07:13:29.897,blofin,AERGO/USDT:USDT,0.13356,3.0,0.13355,512.0,0.13357,42.0,0.13358,1.0
1753600410318,07:13:30.318,blofin,AERGO/USDT:USDT,0.13356,511.0,0.13355,2.0,0.13357,2.0,0.13358,41.0
1753600412566,07:13:32.566,blofin,AERGO/USDT:USDT,0.13356,2718.0,0.13348,1111.0,0.13358,4.0,0.13359,124.0
1753600412900,07:13:32.900,blofin,AERGO/USDT:USDT,0.13356,2718.0,0.13348,1111.0,0.13358,4.0,0.13359,91.0
1753600413901,07:13:33.901,blofin,AERGO/USDT:USDT,0.13356,2719.0,0.13348,1111.0,0.13358,4.0,0.13359,91.0
1753600414901,07:13:34.901,blofin,AERGO/USDT:USDT,0.13357,2715.0,0.13356,3.0,0.13358,1.0,0.13359,92.0
1753600415901,07:13:35.901,blofin,AERGO/USDT:USDT,0.13357,689.0,0.13356,3.0,0.13358,1.0,0.13359,94.0
1753600416902,07:13:36.902,blofin,AERGO/USDT:USDT,0.13357,692.0,0.13356,3.0,0.13358,1.0,0.13359,94.0
1753600417904,07:13:37.904,blofin,AERGO/USDT:USDT,0.13357,692.0,0.13356,3.0,0.13358,1.0,0.13359,92.0
1753600418906,07:13:38.906,blofin,AERGO/USDT:USDT,0.13357,692.0,0.13356,3.0,0.13358,1.0,0.13359,92.0
1753600419907,07:13:39.907,blofin,AERGO/USDT:USDT,0.13357,692.0,0.13356,3.0,0.13358,1.0,0.13359,96.0
1753600420918,07:13:40.918,blofin,AERGO/USDT:USDT,0.13357,692.0,0.13356,3.0,0.13358,1.0,0.13359,96.0
1753600421909,07:13:41.909,blofin,AERGO/USDT:USDT,0.13357,692.0,0.13356,3.0,0.13358,1.0,0.13359,92.0
1753600422911,07:13:42.911,blofin,AERGO/USDT:USDT,0.13357,692.0,0.13356,3.0,0.13358,1.0,0.13359,134.0
1753600423911,07:13:43.911,blofin,AERGO/USDT:USDT,0.13357,692.0,0.13356,3.0,0.13358,1.0,0.13359,134.0
1753600424922,07:13:44.922,blofin,AERGO/USDT:USDT,0.13357,688.0,0.13356,3.0,0.13358,1.0,0.13359,134.0
1753600425911,07:13:45.911,blofin,AERGO/USDT:USDT,0.13357,697.0,0.13345,8714.0,0.13359,140.0,0.13372,7593.0
1753600426925,07:13:46.925,blofin,AERGO/USDT:USDT,0.13357,694.0,0.13345,8714.0,0.13359,140.0,0.13372,7593.0
1753600427914,07:13:47.914,blofin,AERGO/USDT:USDT,0.13357,693.0,0.13346,10776.0,0.13359,100.0,0.13371,30707.0
1753600428914,07:13:48.914,blofin,AERGO/USDT:USDT,0.13357,693.0,0.13345,8714.0,0.13359,100.0,0.13372,7593.0
1753600429915,07:13:49.915,blofin,AERGO/USDT:USDT,0.13357,694.0,0.13345,8714.0,0.13359,98.0,0.13372,7593.0
1753600430920,07:13:50.920,blofin,AERGO/USDT:USDT,0.13357,736.0,0.13345,8714.0,0.13359,98.0,0.13372,7593.0
1753600431918,07:13:51.918,blofin,AERGO/USDT:USDT,0.13357,736.0,0.13345,8714.0,0.13359,101.0,0.13372,7593.0
1753600433921,07:13:53.921,blofin,AERGO/USDT:USDT,0.13357,736.0,0.13345,8714.0,0.13359,99.0,0.13372,7593.0
1753600434920,07:13:54.920,blofin,AERGO/USDT:USDT,0.13357,737.0,0.13345,8714.0,0.13359,100.0,0.13372,7593.0
1753600435922,07:13:55.922,blofin,AERGO/USDT:USDT,0.13357,737.0,0.13349,13181.0,0.13359,139.0,0.13367,19739.0
1753600436922,07:13:56.922,blofin,AERGO/USDT:USDT,0.13357,737.0,0.13345,16882.0,0.13359,139.0,0.13372,9406.0
1753600437924,07:13:57.924,blofin,AERGO/USDT:USDT,0.13357,737.0,0.13345,8714.0,0.13359,141.0,0.13372,7540.0
1753600439017,07:13:59.017,blofin,AERGO/USDT:USDT,0.13357,836.0,0.13345,8714.0,0.13359,10.0,0.1336,133.0
1753600439235,07:13:59.235,blofin,AERGO/USDT:USDT,0.13363,2773.0,0.13357,6.0,0.13366,248.0,0.13372,7540.0
1753600439924,07:13:59.924,blofin,AERGO/USDT:USDT,0.13363,2777.0,0.13357,5.0,0.13366,249.0,0.13372,7540.0
1753600440926,07:14:00.926,blofin,AERGO/USDT:USDT,0.13363,738.0,0.13357,5.0,0.13366,249.0,0.13377,1794.0
1753600441927,07:14:01.927,blofin,AERGO/USDT:USDT,0.13363,738.0,0.13357,5.0,0.13366,249.0,0.13377,1794.0
1753600442592,07:14:02.592,blofin,AERGO/USDT:USDT,0.13364,736.0,0.13363,2.0,0.13366,249.0,0.13377,1794.0
1753600442929,07:14:02.929,blofin,AERGO/USDT:USDT,0.13364,693.0,0.13363,2.0,0.13366,249.0,0.13377,1794.0
1753600443929,07:14:03.929,blofin,AERGO/USDT:USDT,0.13364,693.0,0.13363,2.0,0.13366,252.0,0.13374,47388.0
1753600445202,07:14:05.202,blofin,AERGO/USDT:USDT,0.13372,780.0,0.13364,1.0,0.13377,1794.0,0.13379,8936.0
1753600445741,07:14:05.741,blofin,AERGO/USDT:USDT,0.13373,2773.0,0.13364,1.0,0.13377,1794.0,0.13378,124.0
1753600445950,07:14:05.950,blofin,AERGO/USDT:USDT,0.13372,214.0,0.13364,1.0,0.13375,125.0,0.13377,1794.0
1753600446631,07:14:06.631,blofin,AERGO/USDT:USDT,0.13373,407.0,0.13364,1.0,0.13375,1.0,0.13377,4783.0
1753600446933,07:14:06.933,blofin,AERGO/USDT:USDT,0.13373,407.0,0.13364,1.0,0.13375,1.0,0.13377,1918.0
1753600447931,07:14:07.931,blofin,AERGO/USDT:USDT,0.13373,409.0,0.13364,12857.0,0.13375,1.0,0.13377,2117.0
1753600448723,07:14:08.723,blofin,AERGO/USDT:USDT,0.13373,2.0,0.13372,407.0,0.13375,1.0,0.13377,2117.0
1753600448931,07:14:08.931,blofin,AERGO/USDT:USDT,0.13373,2.0,0.13372,214.0,0.13375,1.0,0.13377,4859.0
1753600449932,07:14:09.932,blofin,AERGO/USDT:USDT,0.13372,217.0,0.13367,28640.0,0.13377,4861.0,0.13379,8063.0
1753600451934,07:14:11.934,blofin,AERGO/USDT:USDT,0.13372,216.0,0.13361,10729.0,0.13377,4662.0,0.13379,506.0
1753600452935,07:14:12.935,blofin,AERGO/USDT:USDT,0.13372,215.0,0.13361,10729.0,0.13377,4662.0,0.13379,506.0
1753600453937,07:14:13.937,blofin,AERGO/USDT:USDT,0.13373,206.0,0.13372,1.0,0.13377,1920.0,0.13379,506.0
1753600454950,07:14:14.950,blofin,AERGO/USDT:USDT,0.13373,212.0,0.13361,10729.0,0.13377,130.0,0.13385,217.0
1753600455821,07:14:15.821,blofin,AERGO/USDT:USDT,0.13373,213.0,0.13362,8675.0,0.13377,9.0,0.13378,1198.0
1753600455939,07:14:15.939,blofin,AERGO/USDT:USDT,0.13373,213.0,0.1337,1508.0,0.13377,9.0,0.13378,1198.0
1753600456939,07:14:16.939,blofin,AERGO/USDT:USDT,0.13373,2203.0,0.13362,8675.0,0.13377,9.0,0.13379,2897.0
1753600457941,07:14:17.941,blofin,AERGO/USDT:USDT,0.13373,2202.0,0.13367,27756.0,0.13377,9.0,0.13379,2897.0
1753600458939,07:14:18.939,blofin,AERGO/USDT:USDT,0.13373,2202.0,0.13362,8675.0,0.13377,4.0,0.13379,2900.0
1753600459683,07:14:19.683,blofin,AERGO/USDT:USDT,0.13373,2203.0,0.13362,8675.0,0.13377,4.0,0.13378,2897.0
1753600459939,07:14:19.939,blofin,AERGO/USDT:USDT,0.13373,2.0,0.13372,2201.0,0.13377,4.0,0.13378,2900.0
1753600460941,07:14:20.941,blofin,AERGO/USDT:USDT,0.13373,2.0,0.13372,297.0,0.13377,4.0,0.13378,2771.0
1753600461943,07:14:21.943,blofin,AERGO/USDT:USDT,0.13373,2.0,0.13372,6026.0,0.13377,4.0,0.13378,3.0
1753600462943,07:14:22.943,blofin,AERGO/USDT:USDT,0.13373,2.0,0.13372,5194.0,0.13377,4.0,0.13378,3.0
1753600463944,07:14:23.944,blofin,AERGO/USDT:USDT,0.13373,2.0,0.13372,2426.0,0.13377,4.0,0.13378,2768.0
1753600464945,07:14:24.945,blofin,AERGO/USDT:USDT,0.13373,2.0,0.13372,2424.0,0.13377,4.0,0.13378,2772.0
1753600465945,07:14:25.945,blofin,AERGO/USDT:USDT,0.13373,2.0,0.13372,2423.0,0.13377,4.0,0.13378,2772.0
1753600466946,07:14:26.946,blofin,AERGO/USDT:USDT,0.13373,2.0,0.13372,2423.0,0.13377,4.0,0.13378,2772.0
1753600467947,07:14:27.947,blofin,AERGO/USDT:USDT,0.13373,2.0,0.13372,2423.0,0.13377,4.0,0.13378,2772.0
1753600468950,07:14:28.950,blofin,AERGO/USDT:USDT,0.13373,2.0,0.13372,2928.0,0.13377,4.0,0.13378,2772.0
1753600469948,07:14:29.948,blofin,AERGO/USDT:USDT,0.13373,2.0,0.13372,2926.0,0.13377,4.0,0.13378,2771.0
1753600470346,07:14:30.346,blofin,AERGO/USDT:USDT,0.13374,2925.0,0.13373,2.0,0.13377,4.0,0.13378,2771.0
1753600470949,07:14:30.949,blofin,AERGO/USDT:USDT,0.13374,155.0,0.13373,2.0,0.13377,4.0,0.13378,2771.0
1753600471948,07:14:31.948,blofin,AERGO/USDT:USDT,0.13374,159.0,0.13373,2.0,0.13377,4.0,0.13378,2771.0
1753600472950,07:14:32.950,blofin,AERGO/USDT:USDT,0.13374,157.0,0.13373,2.0,0.13377,4.0,0.13378,2771.0
1753600473952,07:14:33.952,blofin,AERGO/USDT:USDT,0.13374,157.0,0.13373,2.0,0.13377,4.0,0.13378,2770.0
1753600474952,07:14:34.952,blofin,AERGO/USDT:USDT,0.13374,158.0,0.13373,2.0,0.13377,4.0,0.13378,2771.0
1753600475952,07:14:35.952,blofin,AERGO/USDT:USDT,0.13374,254.0,0.13373,2.0,0.13377,4.0,0.13378,2770.0
1753600476953,07:14:36.953,blofin,AERGO/USDT:USDT,0.13374,254.0,0.13373,2.0,0.13377,4.0,0.13378,2770.0
1753600477954,07:14:37.954,blofin,AERGO/USDT:USDT,0.13374,302.0,0.13373,2.0,0.13377,2830.0,0.13378,2.0
1753600478962,07:14:38.962,blofin,AERGO/USDT:USDT,0.13374,302.0,0.13373,2.0,0.13377,2830.0,0.13378,2.0
1753600479954,07:14:39.954,blofin,AERGO/USDT:USDT,0.13374,300.0,0.13373,2.0,0.13377,2833.0,0.1339,7317.0
1753600480956,07:14:40.956,blofin,AERGO/USDT:USDT,0.13374,300.0,0.13373,2.0,0.13377,2831.0,0.13389,14348.0
1753600481957,07:14:41.957,blofin,AERGO/USDT:USDT,0.13374,331.0,0.13373,2.0,0.13377,2831.0,0.13381,41364.0
1753600482958,07:14:42.958,blofin,AERGO/USDT:USDT,0.13374,331.0,0.13373,2.0,0.13377,2833.0,0.13383,21406.0
1753600483433,07:14:43.433,blofin,AERGO/USDT:USDT,0.13374,5.0,0.13373,2.0,0.13377,2833.0,0.1339,7493.0
1753600483959,07:14:43.959,blofin,AERGO/USDT:USDT,0.13374,5.0,0.13373,2.0,0.13375,2829.0,0.13377,7.0
1753600484215,07:14:44.215,blofin,AERGO/USDT:USDT,0.1337,218.0,0.13362,8675.0,0.13373,2829.0,0.13377,7.0
1753600484974,07:14:44.974,blofin,AERGO/USDT:USDT,0.1337,222.0,0.13362,8675.0,0.13373,2833.0,0.13377,3.0
1753600485964,07:14:45.964,blofin,AERGO/USDT:USDT,0.1337,223.0,0.13358,8678.0,0.13373,58.0,0.13386,7803.0
1753600486964,07:14:46.964,blofin,AERGO/USDT:USDT,0.1337,223.0,0.1336,24036.0,0.13373,58.0,0.13384,934.0
1753600487964,07:14:47.964,blofin,AERGO/USDT:USDT,0.1337,220.0,0.13358,8678.0,0.13373,58.0,0.13386,7803.0
1753600488966,07:14:48.966,blofin,AERGO/USDT:USDT,0.1337,219.0,0.13358,11652.0,0.13373,58.0,0.13386,14141.0
1753600489374,07:14:49.374,blofin,AERGO/USDT:USDT,0.13371,214.0,0.1337,5.0,0.13373,62.0,0.13376,3326.0
1753600489967,07:14:49.967,blofin,AERGO/USDT:USDT,0.13371,216.0,0.1337,4.0,0.13373,59.0,0.13376,3326.0
1753600490984,07:14:50.984,blofin,AERGO/USDT:USDT,0.13371,700.0,0.1337,4.0,0.13373,46.0,0.13379,499.0
1753600491968,07:14:51.968,blofin,AERGO/USDT:USDT,0.13371,700.0,0.1337,4.0,0.13373,46.0,0.13379,499.0
1753600492968,07:14:52.968,blofin,AERGO/USDT:USDT,0.13371,700.0,0.1337,4.0,0.13373,47.0,0.13379,499.0
1753600494048,07:14:54.048,blofin,AERGO/USDT:USDT,0.13372,698.0,0.13371,1.0,0.13373,7.0,0.13374,40.0
1753600494973,07:14:54.973,blofin,AERGO/USDT:USDT,0.13373,698.0,0.1337,4.0,0.13377,40.0,0.13379,5.0
1753600495439,07:14:55.439,blofin,AERGO/USDT:USDT,0.13374,610.0,0.1337,4.0,0.13379,2860.0,0.13392,7518.0
1753600495972,07:14:55.972,blofin,AERGO/USDT:USDT,0.13374,212.0,0.1337,4.0,0.13378,218.0,0.13379,5.0
1753600496130,07:14:56.130,blofin,AERGO/USDT:USDT,0.13373,212.0,0.1337,4.0,0.13378,218.0,0.13379,5.0
1753600496971,07:14:56.971,blofin,AERGO/USDT:USDT,0.13372,212.0,0.1337,4.0,0.13378,2949.0,0.13379,5.0
1753600497973,07:14:57.973,blofin,AERGO/USDT:USDT,0.13372,217.0,0.1337,4.0,0.13378,2949.0,0.13379,5.0
1753600498974,07:14:58.974,blofin,AERGO/USDT:USDT,0.13372,217.0,0.1337,4.0,0.13378,2733.0,0.13392,7518.0
1753600499412,07:14:59.412,blofin,AERGO/USDT:USDT,0.13374,212.0,0.13372,1.0,0.13378,2733.0,0.13392,7518.0
1753600500441,07:15:00.441,blofin,AERGO/USDT:USDT,0.13377,1059.0,0.13374,5.0,0.13378,2.0,0.13379,2731.0
1753600500976,07:15:00.976,blofin,AERGO/USDT:USDT,0.13377,687.0,0.13374,5.0,0.13378,2.0,0.13379,124.0
1753600501983,07:15:01.983,blofin,AERGO/USDT:USDT,0.13377,711.0,0.13371,6754.0,0.13378,2.0,0.13379,124.0
1753600502978,07:15:02.978,blofin,AERGO/USDT:USDT,0.13377,708.0,0.1337,4.0,0.13378,2.0,0.13379,124.0
1753600503980,07:15:03.980,blofin,AERGO/USDT:USDT,0.13377,708.0,0.1337,4.0,0.13378,2.0,0.13379,1488.0
1753600504265,07:15:04.265,blofin,AERGO/USDT:USDT,0.13377,708.0,0.13374,15913.0,0.13379,3.0,0.1338,1488.0
1753600504981,07:15:04.981,blofin,AERGO/USDT:USDT,0.13377,709.0,0.13374,15913.0,0.1338,1492.0,0.13383,2555.0
1753600506414,07:15:06.414,blofin,AERGO/USDT:USDT,0.13377,3552.0,0.13372,1507.0,0.1338,4.0,0.13382,8219.0
1753600506981,07:15:06.981,blofin,AERGO/USDT:USDT,0.13377,4760.0,0.13372,1507.0,0.13382,239.0,0.13389,1704.0
1753600507981,07:15:07.981,blofin,AERGO/USDT:USDT,0.13377,1978.0,0.1337,4.0,0.13382,239.0,0.13389,1704.0
1753600508982,07:15:08.982,blofin,AERGO/USDT:USDT,0.13378,2818.0,0.13377,3.0,0.13382,115.0,0.13389,1704.0
1753600509813,07:15:09.813,blofin,AERGO/USDT:USDT,0.13378,5.0,0.13377,2818.0,0.13382,115.0,0.13389,1704.0
1753600509985,07:15:09.985,blofin,AERGO/USDT:USDT,0.13377,2822.0,0.1337,4.0,0.13382,119.0,0.13393,7793.0
1753600510986,07:15:10.986,blofin,AERGO/USDT:USDT,0.13377,981.0,0.1337,4.0,0.13382,2938.0,0.13394,7700.0
1753600511350,07:15:11.350,blofin,AERGO/USDT:USDT,0.13378,977.0,0.13377,4.0,0.13382,2938.0,0.13394,7700.0
1753600511986,07:15:11.986,blofin,AERGO/USDT:USDT,0.13378,1060.0,0.13377,4.0,0.13382,2938.0,0.13394,7700.0
1753600512986,07:15:12.986,blofin,AERGO/USDT:USDT,0.13378,1060.0,0.13377,4.0,0.13382,2934.0,0.13394,7700.0
1753600513988,07:15:13.988,blofin,AERGO/USDT:USDT,0.13378,1061.0,0.1337,4.0,0.13382,3005.0,0.13394,7700.0
1753600515001,07:15:15.001,blofin,AERGO/USDT:USDT,0.13378,1066.0,0.13366,8672.0,0.13382,3008.0,0.13394,7700.0
1753600515990,07:15:15.990,blofin,AERGO/USDT:USDT,0.13378,1068.0,0.13367,8706.0,0.13382,3009.0,0.13394,8063.0
1753600516991,07:15:16.991,blofin,AERGO/USDT:USDT,0.13378,1068.0,0.13372,12196.0,0.13382,3010.0,0.13389,34854.0
1753600517991,07:15:17.991,blofin,AERGO/USDT:USDT,0.13378,1068.0,0.13367,8706.0,0.13382,3059.0,0.13394,8063.0
1753600519992,07:15:19.992,blofin,AERGO/USDT:USDT,0.13378,1072.0,0.13367,8706.0,0.13382,3058.0,0.13394,8063.0
1753600520992,07:15:20.992,blofin,AERGO/USDT:USDT,0.13378,1072.0,0.13367,8706.0,0.13382,3058.0,0.13394,8072.0
1753600521993,07:15:21.993,blofin,AERGO/USDT:USDT,0.13378,1071.0,0.13372,10687.0,0.13382,3058.0,0.13389,18318.0
1753600522996,07:15:22.996,blofin,AERGO/USDT:USDT,0.13378,1071.0,0.13372,1658.0,0.13382,3057.0,0.13389,40350.0
1753600524188,07:15:24.188,blofin,AERGO/USDT:USDT,0.13378,1071.0,0.13367,8706.0,0.13381,3053.0,0.13382,5.0
1753600524999,07:15:24.999,blofin,AERGO/USDT:USDT,0.13378,1069.0,0.13367,8706.0,0.13381,3055.0,0.13382,3.0
1753600525995,07:15:25.995,blofin,AERGO/USDT:USDT,0.13378,1070.0,0.13367,8494.0,0.13381,2825.0,0.13382,3.0
1753600526373,07:15:26.373,blofin,AERGO/USDT:USDT,0.13378,8.0,0.13376,1062.0,0.1338,2823.0,0.13381,2.0
1753600526997,07:15:26.997,blofin,AERGO/USDT:USDT,0.13378,8.0,0.13376,573.0,0.1338,3361.0,0.13381,2.0
1753600527996,07:15:27.996,blofin,AERGO/USDT:USDT,0.13378,8.0,0.13376,573.0,0.1338,3362.0,0.13382,3.0
1753600529250,07:15:29.250,blofin,AERGO/USDT:USDT,0.13378,5.0,0.13376,575.0,0.13379,4941.0,0.1338,1.0
1753600529998,07:15:29.998,blofin,AERGO/USDT:USDT,0.13378,5.0,0.13374,3865.0,0.1338,6406.0,0.13382,3.0
1753600530999,07:15:30.999,blofin,AERGO/USDT:USDT,0.13378,5.0,0.13374,2790.0,0.1338,2520.0,0.13382,3.0
1753600532000,07:15:32.000,blofin,AERGO/USDT:USDT,0.13378,5.0,0.13374,2790.0,0.1338,2520.0,0.13382,3.0
1753600533003,07:15:33.003,blofin,AERGO/USDT:USDT,0.13378,5.0,0.13374,2790.0,0.1338,2811.0,0.13382,3.0
1753600534003,07:15:34.003,blofin,AERGO/USDT:USDT,0.13378,5.0,0.13374,2790.0,0.1338,2809.0,0.13382,3.0
1753600535003,07:15:35.003,blofin,AERGO/USDT:USDT,0.13378,5.0,0.13374,2791.0,0.1338,2807.0,0.13382,3.0
1753600536006,07:15:36.006,blofin,AERGO/USDT:USDT,0.13378,5.0,0.13374,2885.0,0.1338,2809.0,0.13382,3.0
1753600537005,07:15:37.005,blofin,AERGO/USDT:USDT,0.13378,5.0,0.13374,2886.0,0.1338,2809.0,0.13382,3.0
1753600538006,07:15:38.006,blofin,AERGO/USDT:USDT,0.13378,5.0,0.13374,2886.0,0.1338,2809.0,0.13382,3.0
1753600538316,07:15:38.316,blofin,AERGO/USDT:USDT,0.13378,5.0,0.13376,2882.0,0.1338,2809.0,0.13382,3.0
1753600539007,07:15:39.007,blofin,AERGO/USDT:USDT,0.13378,5.0,0.13376,331.0,0.1338,2594.0,0.13382,3.0
1753600540008,07:15:40.008,blofin,AERGO/USDT:USDT,0.13378,5.0,0.13376,336.0,0.1338,2592.0,0.13382,3.0
1753600541006,07:15:41.006,blofin,AERGO/USDT:USDT,0.13378,5.0,0.13376,336.0,0.1338,2593.0,0.13382,3.0
1753600542009,07:15:42.009,blofin,AERGO/USDT:USDT,0.13378,5.0,0.13376,336.0,0.1338,2593.0,0.13382,3.0
1753600543010,07:15:43.010,blofin,AERGO/USDT:USDT,0.13378,5.0,0.13376,336.0,0.1338,2593.0,0.13382,3.0
1753600544010,07:15:44.010,blofin,AERGO/USDT:USDT,0.13378,5.0,0.13376,336.0,0.1338,2593.0,0.13382,3.0
1753600545292,07:15:45.292,blofin,AERGO/USDT:USDT,0.13377,331.0,0.13376,8.0,0.1338,2594.0,0.13392,7657.0
1753600546012,07:15:46.012,blofin,AERGO/USDT:USDT,0.13377,228.0,0.13376,8.0,0.1338,2594.0,0.13384,5352.0
1753600547012,07:15:47.012,blofin,AERGO/USDT:USDT,0.13377,228.0,0.13376,8.0,0.1338,2597.0,0.13392,7657.0
1753600548013,07:15:48.013,blofin,AERGO/USDT:USDT,0.13377,228.0,0.13376,8.0,0.1338,2597.0,0.13392,7657.0
1753600549014,07:15:49.014,blofin,AERGO/USDT:USDT,0.13377,230.0,0.13376,5.0,0.1338,2001.0,0.13392,7657.0
1753600550015,07:15:50.015,blofin,AERGO/USDT:USDT,0.13377,229.0,0.13376,5.0,0.1338,2002.0,0.13392,7657.0
1753600551015,07:15:51.015,blofin,AERGO/USDT:USDT,0.13377,229.0,0.13376,5.0,0.1338,2002.0,0.13385,6037.0
1753600552015,07:15:52.015,blofin,AERGO/USDT:USDT,0.13377,232.0,0.13376,5.0,0.1338,2002.0,0.13393,7648.0
1753600553017,07:15:53.017,blofin,AERGO/USDT:USDT,0.13377,3031.0,0.13376,5.0,0.1338,1255.0,0.13393,7648.0
1753600553134,07:15:53.134,blofin,AERGO/USDT:USDT,0.13377,3030.0,0.13376,5.0,0.1338,7.0,0.13381,1248.0
1753600554019,07:15:54.019,blofin,AERGO/USDT:USDT,0.13379,610.0,0.13377,2.0,0.1338,7.0,0.13381,182.0
1753600555019,07:15:55.019,blofin,AERGO/USDT:USDT,0.13379,615.0,0.13376,5.0,0.1338,2.0,0.13381,184.0
1753600556020,07:15:56.020,blofin,AERGO/USDT:USDT,0.13379,615.0,0.13376,5.0,0.1338,2.0,0.13381,61.0
1753600557021,07:15:57.021,blofin,AERGO/USDT:USDT,0.13379,615.0,0.13376,5.0,0.1338,2.0,0.13381,63.0
1753600558029,07:15:58.029,blofin,AERGO/USDT:USDT,0.13379,615.0,0.13376,5.0,0.1338,2.0,0.13381,60.0
1753600559022,07:15:59.022,blofin,AERGO/USDT:USDT,0.13379,947.0,0.13376,5.0,0.1338,2.0,0.13381,60.0
1753600560024,07:16:00.024,blofin,AERGO/USDT:USDT,0.13379,944.0,0.13376,5.0,0.1338,2.0,0.13381,60.0
1753600560517,07:16:00.517,blofin,AERGO/USDT:USDT,0.13381,942.0,0.13379,2.0,0.13383,58.0,0.13389,4901.0
1753600561243,07:16:01.243,blofin,AERGO/USDT:USDT,0.13383,3333.0,0.13379,2.0,0.13386,947.0,0.13394,7702.0
1753600562039,07:16:02.039,blofin,AERGO/USDT:USDT,0.13384,3333.0,0.13379,2.0,0.13386,124.0,0.13394,7702.0
1753600563023,07:16:03.023,blofin,AERGO/USDT:USDT,0.13384,3333.0,0.13379,2.0,0.13386,124.0,0.13394,7702.0
1753600564027,07:16:04.027,blofin,AERGO/USDT:USDT,0.13384,3336.0,0.13376,5.0,0.13386,124.0,0.13394,7702.0
1753600565028,07:16:05.028,blofin,AERGO/USDT:USDT,0.13384,3338.0,0.13376,5.0,0.13386,126.0,0.13394,7702.0
1753600566032,07:16:06.032,blofin,AERGO/USDT:USDT,0.13384,3675.0,0.13376,5.0,0.13386,126.0,0.13397,818.0
1753600567033,07:16:07.033,blofin,AERGO/USDT:USDT,0.13384,3813.0,0.13376,5.0,0.13386,126.0,0.13397,818.0
1753600568029,07:16:08.029,blofin,AERGO/USDT:USDT,0.13384,3813.0,0.13376,5.0,0.13386,127.0,0.13397,818.0
1753600569034,07:16:09.034,blofin,AERGO/USDT:USDT,0.13384,3813.0,0.13376,5.0,0.13386,125.0,0.13397,818.0
1753600570031,07:16:10.031,blofin,AERGO/USDT:USDT,0.13384,3813.0,0.13376,5.0,0.13386,128.0,0.13397,818.0
1753600571032,07:16:11.032,blofin,AERGO/USDT:USDT,0.13384,3810.0,0.13376,5.0,0.13386,128.0,0.13397,33244.0
1753600572034,07:16:12.034,blofin,AERGO/USDT:USDT,0.13384,480.0,0.13376,5.0,0.13386,128.0,0.13397,818.0
1753600573034,07:16:13.034,blofin,AERGO/USDT:USDT,0.13384,481.0,0.13376,5.0,0.13386,128.0,0.13397,818.0
1753600573880,07:16:13.880,blofin,AERGO/USDT:USDT,0.13384,2052.0,0.13376,5.0,0.13386,4.0,0.13387,124.0
1753600574154,07:16:14.154,blofin,AERGO/USDT:USDT,0.13386,3404.0,0.13384,3.0,0.13388,5.0,0.13389,124.0
1753600575047,07:16:15.047,blofin,AERGO/USDT:USDT,0.13389,3405.0,0.13384,3.0,0.13391,128.0,0.13399,7702.0
1753600576037,07:16:16.037,blofin,AERGO/USDT:USDT,0.13389,2185.0,0.13382,11688.0,0.13391,184.0,0.13399,19530.0
1753600577037,07:16:17.037,blofin,AERGO/USDT:USDT,0.13389,2185.0,0.13381,2284.0,0.13391,184.0,0.134,30746.0
1753600578038,07:16:18.038,blofin,AERGO/USDT:USDT,0.13389,2185.0,0.13378,619.0,0.13391,184.0,0.13404,7575.0
1753600579039,07:16:19.039,blofin,AERGO/USDT:USDT,0.13389,2185.0,0.13377,8700.0,0.13391,184.0,0.13404,36552.0
1753600580040,07:16:20.040,blofin,AERGO/USDT:USDT,0.13389,2186.0,0.13377,8700.0,0.13391,185.0,0.13404,36552.0
1753600581043,07:16:21.043,blofin,AERGO/USDT:USDT,0.13389,2185.0,0.13377,8700.0,0.13391,185.0,0.13404,7616.0
1753600582041,07:16:22.041,blofin,AERGO/USDT:USDT,0.13389,2185.0,0.13387,13243.0,0.13391,185.0,0.13394,6447.0
1753600583044,07:16:23.044,blofin,AERGO/USDT:USDT,0.13389,2185.0,0.13383,10537.0,0.13391,185.0,0.13397,23720.0
1753600584046,07:16:24.046,blofin,AERGO/USDT:USDT,0.13389,2188.0,0.13382,12742.0,0.13391,185.0,0.13399,8033.0
1753600585045,07:16:25.045,blofin,AERGO/USDT:USDT,0.13389,2188.0,0.13382,12742.0,0.13391,185.0,0.13399,8033.0
1753600587050,07:16:27.050,blofin,AERGO/USDT:USDT,0.13389,2187.0,0.13378,21823.0,0.13391,185.0,0.13403,29344.0
1753600588049,07:16:28.049,blofin,AERGO/USDT:USDT,0.13389,2186.0,0.1338,5971.0,0.13391,185.0,0.13401,28770.0
1753600589049,07:16:29.049,blofin,AERGO/USDT:USDT,0.13389,2186.0,0.13379,23136.0,0.13391,183.0,0.13402,54152.0
1753600590049,07:16:30.049,blofin,AERGO/USDT:USDT,0.13389,2188.0,0.13379,23136.0,0.13391,183.0,0.13402,54152.0
1753600591048,07:16:31.048,blofin,AERGO/USDT:USDT,0.13389,2607.0,0.13378,2044.0,0.13391,223.0,0.13404,7629.0
1753600592050,07:16:32.050,blofin,AERGO/USDT:USDT,0.13389,2704.0,0.13386,14596.0,0.13391,226.0,0.13395,43943.0
1753600594051,07:16:34.051,blofin,AERGO/USDT:USDT,0.13389,2704.0,0.13383,16532.0,0.13391,225.0,0.13398,22758.0
1753600595054,07:16:35.054,blofin,AERGO/USDT:USDT,0.13389,2704.0,0.13383,16532.0,0.13391,224.0,0.13398,22758.0
1753600596053,07:16:36.053,blofin,AERGO/USDT:USDT,0.13389,2704.0,0.13379,11298.0,0.13391,225.0,0.134,1376.0
1753600597053,07:16:37.053,blofin,AERGO/USDT:USDT,0.13389,2704.0,0.13387,9345.0,0.13391,225.0,0.13394,45396.0
1753600598054,07:16:38.054,blofin,AERGO/USDT:USDT,0.13389,2704.0,0.13377,38918.0,0.13391,222.0,0.134,1376.0
1753600599058,07:16:39.058,blofin,AERGO/USDT:USDT,0.13389,2397.0,0.13382,15259.0,0.13391,222.0,0.13399,15132.0
1753600600055,07:16:40.055,blofin,AERGO/USDT:USDT,0.13389,2395.0,0.13382,15259.0,0.13391,223.0,0.13399,15132.0
1753600601061,07:16:41.061,blofin,AERGO/USDT:USDT,0.13389,3968.0,0.13377,37218.0,0.13391,223.0,0.13402,2524.0
1753600603059,07:16:43.059,blofin,AERGO/USDT:USDT,0.13389,4119.0,0.13377,8700.0,0.13391,224.0,0.13402,2524.0
1753600604061,07:16:44.061,blofin,AERGO/USDT:USDT,0.13389,4119.0,0.13377,8700.0,0.13391,226.0,0.13402,2524.0
1753600606061,07:16:46.061,blofin,AERGO/USDT:USDT,0.13389,4122.0,0.13385,3651.0,0.13391,223.0,0.13396,24166.0
1753600607067,07:16:47.067,blofin,AERGO/USDT:USDT,0.13389,4122.0,0.13382,2737.0,0.13391,223.0,0.134,10901.0
1753600608063,07:16:48.063,blofin,AERGO/USDT:USDT,0.13389,4121.0,0.13382,18279.0,0.13391,223.0,0.13399,30842.0
1753600609064,07:16:49.064,blofin,AERGO/USDT:USDT,0.13389,4121.0,0.13377,8700.0,0.13391,223.0,0.13404,7668.0
1753600610065,07:16:50.065,blofin,AERGO/USDT:USDT,0.13389,4120.0,0.13377,8700.0,0.13391,225.0,0.13404,7668.0
1753600611066,07:16:51.066,blofin,AERGO/USDT:USDT,0.13389,4222.0,0.13387,13267.0,0.13391,223.0,0.13394,39787.0
1753600612067,07:16:52.067,blofin,AERGO/USDT:USDT,0.13389,4222.0,0.13387,20317.0,0.13391,223.0,0.13394,1707.0
1753600613070,07:16:53.070,blofin,AERGO/USDT:USDT,0.13389,4241.0,0.13377,8700.0,0.13391,226.0,0.13401,1849.0
1753600614070,07:16:54.070,blofin,AERGO/USDT:USDT,0.13389,4241.0,0.13377,8700.0,0.13391,226.0,0.13401,1849.0
1753600615068,07:16:55.068,blofin,AERGO/USDT:USDT,0.13389,4243.0,0.13377,8700.0,0.13391,223.0,0.13404,7682.0
1753600616069,07:16:56.069,blofin,AERGO/USDT:USDT,0.13389,4243.0,0.13377,8700.0,0.13391,223.0,0.13404,7682.0
1753600617069,07:16:57.069,blofin,AERGO/USDT:USDT,0.13389,4243.0,0.13377,8700.0,0.13391,223.0,0.13404,7682.0
1753600618071,07:16:58.071,blofin,AERGO/USDT:USDT,0.13389,4243.0,0.13379,30577.0,0.13391,223.0,0.13402,19076.0
1753600619071,07:16:59.071,blofin,AERGO/USDT:USDT,0.13389,4243.0,0.13377,8700.0,0.13391,223.0,0.13404,7682.0
1753600619556,07:16:59.556,blofin,AERGO/USDT:USDT,0.13389,6.0,0.13385,4237.0,0.13391,226.0,0.13404,7682.0
1753600620401,07:17:00.401,blofin,AERGO/USDT:USDT,0.13389,3.0,0.13386,4942.0,0.13391,17200.0,0.13402,7697.0
1753600621073,07:17:01.073,blofin,AERGO/USDT:USDT,0.13389,3.0,0.13385,4943.0,0.13391,14984.0,0.13401,10074.0
1753600622246,07:17:02.246,blofin,AERGO/USDT:USDT,0.13389,3.0,0.13387,4942.0,0.13391,14984.0,0.13402,7697.0
1753600623075,07:17:03.075,blofin,AERGO/USDT:USDT,0.13389,3.0,0.13386,2765.0,0.13391,6.0,0.13392,23036.0
1753600623429,07:17:03.429,blofin,AERGO/USDT:USDT,0.13389,3.0,0.13387,2765.0,0.13391,6.0,0.13392,23036.0
1753600624075,07:17:04.075,blofin,AERGO/USDT:USDT,0.13389,3.0,0.13387,2765.0,0.13391,6.0,0.13392,23036.0
1753600625080,07:17:05.080,blofin,AERGO/USDT:USDT,0.13389,3.0,0.13387,2770.0,0.13391,5.0,0.13392,23039.0
1753600626077,07:17:06.077,blofin,AERGO/USDT:USDT,0.13389,3.0,0.13387,2863.0,0.13391,5.0,0.13392,23041.0
1753600627079,07:17:07.079,blofin,AERGO/USDT:USDT,0.13389,3.0,0.13387,2863.0,0.13391,5.0,0.13392,23041.0
1753600628079,07:17:08.079,blofin,AERGO/USDT:USDT,0.13389,3.0,0.13387,2860.0,0.13391,5.0,0.13392,23041.0
1753600629080,07:17:09.080,blofin,AERGO/USDT:USDT,0.13389,3.0,0.13387,2860.0,0.13391,5.0,0.13392,23040.0
1753600630080,07:17:10.080,blofin,AERGO/USDT:USDT,0.13389,3.0,0.13387,2862.0,0.13391,5.0,0.13392,23037.0
1753600631083,07:17:11.083,blofin,AERGO/USDT:USDT,0.13389,3.0,0.13387,2862.0,0.13391,5.0,0.13392,23039.0
1753600633084,07:17:13.084,blofin,AERGO/USDT:USDT,0.13389,3.0,0.13387,2862.0,0.13391,5.0,0.13392,23037.0
1753600634084,07:17:14.084,blofin,AERGO/USDT:USDT,0.13389,3.0,0.13387,2862.0,0.13391,5.0,0.13392,23038.0
1753600635096,07:17:15.096,blofin,AERGO/USDT:USDT,0.13387,2867.0,0.13376,8701.0,0.13392,23040.0,0.13404,7614.0
1753600636085,07:17:16.085,blofin,AERGO/USDT:USDT,0.13387,2865.0,0.13381,6096.0,0.13392,23041.0,0.13399,14388.0
1753600637085,07:17:17.085,blofin,AERGO/USDT:USDT,0.13387,2866.0,0.13376,8735.0,0.13392,23041.0,0.13404,7670.0
1753600638090,07:17:18.090,blofin,AERGO/USDT:USDT,0.13387,2866.0,0.13376,8735.0,0.13392,23042.0,0.13404,7670.0
1753600638745,07:17:18.745,blofin,AERGO/USDT:USDT,0.13388,2858.0,0.13387,8.0,0.13392,23041.0,0.13404,7670.0
1753600639088,07:17:19.088,blofin,AERGO/USDT:USDT,0.13388,2736.0,0.13387,8.0,0.13392,23041.0,0.13404,7670.0
1753600640088,07:17:20.088,blofin,AERGO/USDT:USDT,0.13388,2739.0,0.13387,5.0,0.13392,23043.0,0.13404,7670.0
1753600641090,07:17:21.090,blofin,AERGO/USDT:USDT,0.13388,2740.0,0.13387,5.0,0.13392,23043.0,0.13404,7647.0
1753600642090,07:17:22.090,blofin,AERGO/USDT:USDT,0.13388,2740.0,0.13387,5.0,0.13392,23043.0,0.13404,7647.0
1753600643091,07:17:23.091,blofin,AERGO/USDT:USDT,0.13388,2740.0,0.13387,5.0,0.13392,23043.0,0.13402,9974.0
1753600644091,07:17:24.091,blofin,AERGO/USDT:USDT,0.13388,2740.0,0.13387,5.0,0.13392,23039.0,0.13404,7647.0
1753600645096,07:17:25.096,blofin,AERGO/USDT:USDT,0.13388,2737.0,0.13387,5.0,0.13392,23042.0,0.13404,7647.0
1753600646094,07:17:26.094,blofin,AERGO/USDT:USDT,0.13388,2737.0,0.13387,5.0,0.13392,23042.0,0.13396,22173.0
1753600647097,07:17:27.097,blofin,AERGO/USDT:USDT,0.13388,2741.0,0.13387,5.0,0.13392,23042.0,0.13404,7597.0
1753600648093,07:17:28.093,blofin,AERGO/USDT:USDT,0.13388,2739.0,0.13387,5.0,0.13392,23042.0,0.13401,32943.0
1753600649094,07:17:29.094,blofin,AERGO/USDT:USDT,0.13388,2739.0,0.13387,5.0,0.13392,23042.0,0.13404,7597.0
1753600650095,07:17:30.095,blofin,AERGO/USDT:USDT,0.13388,2740.0,0.13387,5.0,0.13392,23043.0,0.13404,7597.0
1753600651096,07:17:31.096,blofin,AERGO/USDT:USDT,0.13388,2740.0,0.13387,5.0,0.13392,23039.0,0.13404,7587.0
1753600652095,07:17:32.095,blofin,AERGO/USDT:USDT,0.13388,2740.0,0.13387,5.0,0.13392,23042.0,0.13404,7587.0
1753600653097,07:17:33.097,blofin,AERGO/USDT:USDT,0.13388,2741.0,0.13387,5.0,0.13392,23042.0,0.13401,34110.0
1753600654098,07:17:34.098,blofin,AERGO/USDT:USDT,0.13388,2737.0,0.13387,5.0,0.13392,23042.0,0.13404,7587.0
1753600656102,07:17:36.102,blofin,AERGO/USDT:USDT,0.13388,2739.0,0.13387,5.0,0.13392,23041.0,0.13404,7587.0
1753600657101,07:17:37.101,blofin,AERGO/USDT:USDT,0.13388,2739.0,0.13387,5.0,0.13392,23040.0,0.13404,7587.0
1753600658102,07:17:38.102,blofin,AERGO/USDT:USDT,0.13388,2739.0,0.13387,5.0,0.13392,23040.0,0.13404,7587.0
1753600660104,07:17:40.104,blofin,AERGO/USDT:USDT,0.13388,2741.0,0.13387,5.0,0.13392,23042.0,0.13404,7587.0
1753600661103,07:17:41.103,blofin,AERGO/USDT:USDT,0.13388,2739.0,0.13387,5.0,0.13392,23042.0,0.13402,14286.0
1753600663105,07:17:43.105,blofin,AERGO/USDT:USDT,0.13388,2739.0,0.13387,5.0,0.13392,23040.0,0.13404,7570.0
1753600665118,07:17:45.118,blofin,AERGO/USDT:USDT,0.13393,2738.0,0.13388,5.0,0.13395,23036.0,0.13403,30198.0
1753600665743,07:17:45.743,blofin,AERGO/USDT:USDT,0.13394,3411.0,0.13393,3.0,0.13395,2.0,0.13396,124.0
1753600666108,07:17:46.108,blofin,AERGO/USDT:USDT,0.13394,2840.0,0.13393,3.0,0.13395,2.0,0.13396,124.0
1753600667109,07:17:47.109,blofin,AERGO/USDT:USDT,0.13394,2840.0,0.13393,3.0,0.13395,2.0,0.13396,124.0
1753600668111,07:17:48.111,blofin,AERGO/USDT:USDT,0.13394,2840.0,0.13393,3.0,0.13395,2.0,0.13396,124.0
1753600669111,07:17:49.111,blofin,AERGO/USDT:USDT,0.13394,2840.0,0.13393,3.0,0.13395,1.0,0.13396,125.0
1753600670020,07:17:50.020,blofin,AERGO/USDT:USDT,0.13393,3.0,0.1339,2990.0,0.13394,1254.0,0.13395,1.0
1753600670373,07:17:50.373,blofin,AERGO/USDT:USDT,0.13393,2.0,0.1339,2992.0,0.13394,3.0,0.13395,52.0
1753600671111,07:17:51.111,blofin,AERGO/USDT:USDT,0.13393,2.0,0.1339,2992.0,0.13394,3.0,0.13395,125.0
1753600672112,07:17:52.112,blofin,AERGO/USDT:USDT,0.13393,2.0,0.1339,2992.0,0.13395,126.0,0.13406,7688.0
1753600673113,07:17:53.113,blofin,AERGO/USDT:USDT,0.13393,2.0,0.1339,2992.0,0.13395,127.0,0.13406,7688.0
1753600674114,07:17:54.114,blofin,AERGO/USDT:USDT,0.13393,2.0,0.1339,2994.0,0.13395,127.0,0.13399,19789.0
1753600675118,07:17:55.118,blofin,AERGO/USDT:USDT,0.13393,2.0,0.1339,2995.0,0.13395,130.0,0.13399,19789.0
1753600676116,07:17:56.116,blofin,AERGO/USDT:USDT,0.13393,2.0,0.1339,2995.0,0.13395,130.0,0.13401,16160.0
1753600677117,07:17:57.117,blofin,AERGO/USDT:USDT,0.13393,2.0,0.1339,2995.0,0.13395,130.0,0.13403,10836.0
1753600678117,07:17:58.117,blofin,AERGO/USDT:USDT,0.13393,2.0,0.1339,2995.0,0.13395,130.0,0.13403,1008.0
1753600678901,07:17:58.901,blofin,AERGO/USDT:USDT,0.13393,2.0,0.13391,2990.0,0.13395,130.0,0.13403,1008.0
1753600679501,07:17:59.501,blofin,AERGO/USDT:USDT,0.13393,2.0,0.13392,4748.0,0.13395,128.0,0.134,37072.0
1753600679954,07:17:59.954,blofin,AERGO/USDT:USDT,0.13396,610.0,0.13393,2.0,0.13398,3415.0,0.13403,1008.0
1753600680206,07:18:00.206,blofin,AERGO/USDT:USDT,0.13397,610.0,0.13396,3.0,0.13398,3.0,0.13399,312.0
1753600680610,07:18:00.610,blofin,AERGO/USDT:USDT,0.13396,3.0,0.13395,610.0,0.134,177.0,0.13408,825.0
1753600681132,07:18:01.132,blofin,AERGO/USDT:USDT,0.13399,610.0,0.13396,3.0,0.13402,253.0,0.13408,825.0
1753600681616,07:18:01.616,blofin,AERGO/USDT:USDT,0.13401,610.0,0.13396,25187.0,0.13402,5.0,0.13403,124.0
1753600682345,07:18:02.345,blofin,AERGO/USDT:USDT,0.13403,3025.0,0.134,10708.0,0.13404,3.0,0.13405,124.0
1753600682756,07:18:02.756,blofin,AERGO/USDT:USDT,0.13402,610.0,0.13396,3.0,0.13406,124.0,0.13408,825.0
1753600683105,07:18:03.105,blofin,AERGO/USDT:USDT,0.134,209.0,0.13396,3.0,0.13406,124.0,0.13408,825.0
1753600684122,07:18:04.122,blofin,AERGO/USDT:USDT,0.134,752.0,0.13393,2.0,0.13406,332.0,0.13408,825.0
1753600685557,07:18:05.557,blofin,AERGO/USDT:USDT,0.13402,951.0,0.134,4.0,0.13406,337.0,0.13411,23447.0
1753600685987,07:18:05.987,blofin,AERGO/USDT:USDT,0.13406,2816.0,0.134,4.0,0.13408,124.0,0.13416,4390.0
1753600686302,07:18:06.302,blofin,AERGO/USDT:USDT,0.13408,2816.0,0.13401,9611.0,0.1341,124.0,0.13416,4390.0
1753600686704,07:18:06.704,blofin,AERGO/USDT:USDT,0.13409,2816.0,0.134,4.0,0.13411,124.0,0.13416,4390.0
1753600687245,07:18:07.245,blofin,AERGO/USDT:USDT,0.1341,3022.0,0.13406,2.0,0.13412,124.0,0.13416,4390.0
1753600687360,07:18:07.360,blofin,AERGO/USDT:USDT,0.13411,3021.0,0.13406,2.0,0.13413,124.0,0.13416,4390.0
1753600688124,07:18:08.124,blofin,AERGO/USDT:USDT,0.13407,562.0,0.13406,2.0,0.13413,4930.0,0.13416,4390.0
1753600690113,07:18:10.113,blofin,AERGO/USDT:USDT,0.13406,564.0,0.13393,2.0,0.13412,4930.0,0.13413,3.0
1753600691128,07:18:11.128,blofin,AERGO/USDT:USDT,0.13406,208.0,0.13397,13912.0,0.13412,2738.0,0.13416,4390.0
1753600692129,07:18:12.129,blofin,AERGO/USDT:USDT,0.13406,208.0,0.13404,4336.0,0.13412,3112.0,0.13415,25912.0
1753600693129,07:18:13.129,blofin,AERGO/USDT:USDT,0.13406,208.0,0.13396,22940.0,0.13412,3112.0,0.13416,4390.0
1753600694129,07:18:14.129,blofin,AERGO/USDT:USDT,0.13406,301.0,0.13403,5484.0,0.13412,3112.0,0.13415,31927.0
1753600695118,07:18:15.118,blofin,AERGO/USDT:USDT,0.13408,299.0,0.13406,2.0,0.13412,3112.0,0.13416,4390.0
1753600696130,07:18:16.130,blofin,AERGO/USDT:USDT,0.13408,97.0,0.13396,8687.0,0.13412,381.0,0.13424,8047.0
1753600697143,07:18:17.143,blofin,AERGO/USDT:USDT,0.13408,97.0,0.13396,8687.0,0.13412,381.0,0.13424,8047.0
1753600698132,07:18:18.132,blofin,AERGO/USDT:USDT,0.13408,97.0,0.13398,5754.0,0.13412,381.0,0.13423,7683.0
1753600699274,07:18:19.274,blofin,AERGO/USDT:USDT,0.13408,97.0,0.13396,8687.0,0.13412,8.0,0.13413,374.0
1753600700216,07:18:20.216,blofin,AERGO/USDT:USDT,0.13408,303.0,0.13397,8687.0,0.13412,4.0,0.13413,2.0
1753600700587,07:18:20.587,blofin,AERGO/USDT:USDT,0.1342,204.0,0.13408,6.0,0.13422,74.0,0.13425,7902.0
1753600701134,07:18:21.134,blofin,AERGO/USDT:USDT,0.13417,40.0,0.13408,6.0,0.13423,5812.0,0.13425,7902.0
1753600701592,07:18:21.592,blofin,AERGO/USDT:USDT,0.13418,40.0,0.13415,20204.0,0.13423,5817.0,0.13425,7902.0
1753600702134,07:18:22.134,blofin,AERGO/USDT:USDT,0.13418,2797.0,0.13408,6.0,0.13423,5817.0,0.13425,7902.0
1753600702631,07:18:22.631,blofin,AERGO/USDT:USDT,0.13418,2797.0,0.13408,18628.0,0.13423,5.0,0.13424,22860.0
1753600703135,07:18:23.135,blofin,AERGO/USDT:USDT,0.13419,2797.0,0.13408,6.0,0.13423,5.0,0.13424,20831.0
1753600704135,07:18:24.135,blofin,AERGO/USDT:USDT,0.13419,2800.0,0.13408,3.0,0.13423,5.0,0.13424,20831.0
1753600704938,07:18:24.938,blofin,AERGO/USDT:USDT,0.13419,2800.0,0.13413,15187.0,0.13423,5.0,0.13424,20831.0
1753600705136,07:18:25.136,blofin,AERGO/USDT:USDT,0.13419,2800.0,0.13413,15187.0,0.13424,20835.0,0.13425,7902.0
1753600706141,07:18:26.141,blofin,AERGO/USDT:USDT,0.13419,2836.0,0.13411,1816.0,0.13424,20835.0,0.13433,14818.0
1753600707137,07:18:27.137,blofin,AERGO/USDT:USDT,0.13419,2836.0,0.13408,8887.0,0.13424,20835.0,0.13433,731.0
1753600708138,07:18:28.138,blofin,AERGO/USDT:USDT,0.13419,2836.0,0.13408,8887.0,0.13424,20835.0,0.13436,7797.0
1753600709144,07:18:29.144,blofin,AERGO/USDT:USDT,0.13419,2840.0,0.13408,8887.0,0.13424,20835.0,0.13436,7797.0
1753600710069,07:18:30.069,blofin,AERGO/USDT:USDT,0.13419,5.0,0.13418,2797.0,0.13424,20835.0,0.13436,7797.0
1753600710353,07:18:30.353,blofin,AERGO/USDT:USDT,0.13417,3006.0,0.13408,3.0,0.13424,1185.0,0.13432,668.0
1753600711140,07:18:31.140,blofin,AERGO/USDT:USDT,0.13417,3006.0,0.13408,3.0,0.13424,20835.0,0.13432,668.0
1753600712141,07:18:32.141,blofin,AERGO/USDT:USDT,0.13417,3006.0,0.13408,3.0,0.13424,20832.0,0.13432,668.0
1753600712683,07:18:32.683,blofin,AERGO/USDT:USDT,0.13417,2.0,0.13416,3256.0,0.13422,20831.0,0.13424,1.0
1753600713141,07:18:33.141,blofin,AERGO/USDT:USDT,0.13417,2.0,0.13416,2899.0,0.13422,2734.0,0.13424,1.0
1753600714147,07:18:34.147,blofin,AERGO/USDT:USDT,0.13417,2.0,0.13416,2985.0,0.13422,2737.0,0.13432,668.0
1753600715142,07:18:35.142,blofin,AERGO/USDT:USDT,0.13416,2989.0,0.13408,3.0,0.13422,2736.0,0.13435,7885.0
1753600716146,07:18:36.146,blofin,AERGO/USDT:USDT,0.13416,930.0,0.13408,3.0,0.13422,2739.0,0.13433,8015.0
1753600717144,07:18:37.144,blofin,AERGO/USDT:USDT,0.13416,930.0,0.1341,4016.0,0.13422,2739.0,0.13428,36633.0
1753600718271,07:18:38.271,blofin,AERGO/USDT:USDT,0.13418,926.0,0.13416,4.0,0.13422,2735.0,0.13427,3299.0
1753600719146,07:18:39.146,blofin,AERGO/USDT:USDT,0.13418,693.0,0.13416,4.0,0.13422,1.0,0.13423,204.0
1753600719526,07:18:39.526,blofin,AERGO/USDT:USDT,0.13418,695.0,0.13408,3.0,0.13422,1.0,0.13424,204.0
1753600720152,07:18:40.152,blofin,AERGO/USDT:USDT,0.13423,694.0,0.13413,1111.0,0.13427,204.0,0.13429,2.0
1753600721149,07:18:41.149,blofin,AERGO/USDT:USDT,0.13423,3365.0,0.13413,1111.0,0.13429,77.0,0.1344,7830.0
1753600722152,07:18:42.152,blofin,AERGO/USDT:USDT,0.13423,3365.0,0.13414,18426.0,0.13429,77.0,0.13439,20732.0
1753600723149,07:18:43.149,blofin,AERGO/USDT:USDT,0.13425,3363.0,0.13423,2.0,0.13429,76.0,0.13433,17079.0
1753600724038,07:18:44.038,blofin,AERGO/USDT:USDT,0.13434,2753.0,0.13425,1.0,0.1344,15203.0,0.13441,866.0
1753600724202,07:18:44.202,blofin,AERGO/USDT:USDT,0.13429,2755.0,0.13425,17832.0,0.13436,7373.0,0.1344,12244.0
1753600724828,07:18:44.828,blofin,AERGO/USDT:USDT,0.13432,3472.0,0.13429,2.0,0.13437,123.0,0.1344,7830.0
1753600725345,07:18:45.345,blofin,AERGO/USDT:USDT,0.13432,4967.0,0.13421,12571.0,0.13437,5.0,0.13439,123.0
1753600726130,07:18:46.130,blofin,AERGO/USDT:USDT,0.13434,3723.0,0.13432,7.0,0.13437,5.0,0.13439,123.0
1753600726727,07:18:46.727,blofin,AERGO/USDT:USDT,0.13434,1116.0,0.13432,7.0,0.13437,5.0,0.13439,123.0
1753600727438,07:18:47.438,blofin,AERGO/USDT:USDT,0.13433,2554.0,0.13432,7.0,0.13437,5.0,0.13439,123.0
1753600728158,07:18:48.158,blofin,AERGO/USDT:USDT,0.13434,1116.0,0.13432,7.0,0.13437,5.0,0.13439,123.0
1753600729156,07:18:49.156,blofin,AERGO/USDT:USDT,0.13434,1118.0,0.13432,4.0,0.13437,5.0,0.13439,123.0
1753600730028,07:18:50.028,blofin,AERGO/USDT:USDT,0.13436,1438.0,0.13434,3.0,0.13437,5.0,0.13442,123.0
1753600730158,07:18:50.158,blofin,AERGO/USDT:USDT,0.13436,1443.0,0.13432,4.0,0.13437,1.0,0.13442,124.0
1753600730947,07:18:50.947,blofin,AERGO/USDT:USDT,0.13436,2445.0,0.13432,4.0,0.13437,1.0,0.13441,123.0
1753600731161,07:18:51.161,blofin,AERGO/USDT:USDT,0.13436,1329.0,0.13432,4.0,0.13437,1.0,0.13441,2760.0
1753600732001,07:18:52.001,blofin,AERGO/USDT:USDT,0.13436,1329.0,0.13432,4.0,0.13437,1.0,0.13442,2763.0
1753600732163,07:18:52.163,blofin,AERGO/USDT:USDT,0.13437,1116.0,0.13436,5.0,0.13442,126.0,0.13448,2953.0
1753600733161,07:18:53.161,blofin,AERGO/USDT:USDT,0.13437,3121.0,0.13432,4.0,0.13442,126.0,0.13448,2953.0
1753600734158,07:18:54.158,blofin,AERGO/USDT:USDT,0.1344,2573.0,0.13437,4.0,0.13442,3.0,0.13444,2.0
1753600734430,07:18:54.430,blofin,AERGO/USDT:USDT,0.13442,2760.0,0.13437,4.0,0.13444,7.0,0.13448,2953.0
1753600735160,07:18:55.160,blofin,AERGO/USDT:USDT,0.13443,2761.0,0.13432,4.0,0.13445,3.0,0.13448,2953.0
1753600736160,07:18:56.160,blofin,AERGO/USDT:USDT,0.13445,1966.0,0.13443,1.0,0.13447,170.0,0.13448,2953.0
1753600737160,07:18:57.160,blofin,AERGO/USDT:USDT,0.13445,3081.0,0.13443,1.0,0.13447,174.0,0.13448,2953.0
1753600738161,07:18:58.161,blofin,AERGO/USDT:USDT,0.13445,1969.0,0.13432,4.0,0.13447,174.0,0.13448,2953.0
1753600739163,07:18:59.163,blofin,AERGO/USDT:USDT,0.13445,2647.0,0.13432,4.0,0.13447,174.0,0.13448,2953.0
1753600740162,07:19:00.162,blofin,AERGO/USDT:USDT,0.13449,1293.0,0.13432,4.0,0.13451,127.0,0.13453,3732.0
1753600740458,07:19:00.458,blofin,AERGO/USDT:USDT,0.1345,1256.0,0.13449,1.0,0.13451,2.0,0.13453,3732.0
1753600741258,07:19:01.258,blofin,AERGO/USDT:USDT,0.13449,1422.0,0.13437,2447.0,0.13451,2.0,0.13453,6453.0
1753600742164,07:19:02.164,blofin,AERGO/USDT:USDT,0.13449,1422.0,0.13445,5145.0,0.13451,2.0,0.13453,6453.0
1753600743165,07:19:03.165,blofin,AERGO/USDT:USDT,0.13449,1325.0,0.13441,1199.0,0.13451,2.0,0.13453,6453.0
1753600744164,07:19:04.164,blofin,AERGO/USDT:USDT,0.13449,1326.0,0.13446,787.0,0.13451,2.0,0.13453,6305.0
1753600745166,07:19:05.166,blofin,AERGO/USDT:USDT,0.13449,1328.0,0.13446,787.0,0.13453,6309.0,0.13454,1102.0
1753600746166,07:19:06.166,blofin,AERGO/USDT:USDT,0.13449,1100.0,0.13441,1431.0,0.13453,6307.0,0.13454,1102.0
1753600746560,07:19:06.560,blofin,AERGO/USDT:USDT,0.1345,1096.0,0.13449,4.0,0.13453,6309.0,0.13454,1102.0
1753600747167,07:19:07.167,blofin,AERGO/USDT:USDT,0.1345,2086.0,0.13449,4.0,0.13453,6309.0,0.13454,1102.0
1753600747539,07:19:07.539,blofin,AERGO/USDT:USDT,0.13444,199.0,0.13441,1431.0,0.13448,2721.0,0.13453,3737.0
1753600748168,07:19:08.168,blofin,AERGO/USDT:USDT,0.13441,1431.0,0.13438,129.0,0.13446,2716.0,0.13453,3737.0
1753600749168,07:19:09.168,blofin,AERGO/USDT:USDT,0.13438,129.0,0.13437,10919.0,0.13446,3663.0,0.13453,3737.0
1753600749670,07:19:09.670,blofin,AERGO/USDT:USDT,0.13438,129.0,0.13437,10923.0,0.13445,4412.0,0.13453,3737.0
1753600750171,07:19:10.171,blofin,AERGO/USDT:USDT,0.13437,10921.0,0.13435,8661.0,0.13444,4417.0,0.13453,3732.0
1753600751171,07:19:11.171,blofin,AERGO/USDT:USDT,0.13437,2105.0,0.13432,4.0,0.13444,3406.0,0.13453,3732.0
1753600752171,07:19:12.171,blofin,AERGO/USDT:USDT,0.13437,2106.0,0.13432,4.0,0.13444,3406.0,0.13452,11375.0
1753600752334,07:19:12.334,blofin,AERGO/USDT:USDT,0.13437,4822.0,0.13432,4.0,0.13444,5.0,0.13445,685.0
1753600753171,07:19:13.171,blofin,AERGO/USDT:USDT,0.13439,3554.0,0.13437,2.0,0.13444,5.0,0.13446,385.0
1753600754174,07:19:14.174,blofin,AERGO/USDT:USDT,0.13439,3554.0,0.13437,2.0,0.13446,387.0,0.1345,10969.0
1753600754684,07:19:14.684,blofin,AERGO/USDT:USDT,0.13445,3554.0,0.13437,2.0,0.13446,2.0,0.13447,385.0
1753600755186,07:19:15.186,blofin,AERGO/USDT:USDT,0.13445,3558.0,0.13437,2.0,0.13446,2.0,0.13447,386.0
1753600756213,07:19:16.213,blofin,AERGO/USDT:USDT,0.13447,1459.0,0.13445,5.0,0.1345,16.0,0.13457,2954.0
1753600757173,07:19:17.173,blofin,AERGO/USDT:USDT,0.13447,610.0,0.13445,5.0,0.1345,124.0,0.1346,7846.0
1753600758174,07:19:18.174,blofin,AERGO/USDT:USDT,0.13445,615.0,0.1344,4758.0,0.1345,124.0,0.13456,10564.0
1753600759796,07:19:19.796,blofin,AERGO/USDT:USDT,0.13445,5.0,0.13441,1194.0,0.13447,2844.0,0.1345,5.0
1753600760178,07:19:20.178,blofin,AERGO/USDT:USDT,0.13445,4.0,0.1344,1199.0,0.13447,2848.0,0.13459,250.0
1753600761178,07:19:21.178,blofin,AERGO/USDT:USDT,0.13445,4.0,0.1344,1339.0,0.13447,3600.0,0.13457,13875.0
1753600761788,07:19:21.788,blofin,AERGO/USDT:USDT,0.13445,4.0,0.1344,1339.0,0.13446,3596.0,0.13447,2.0
1753600762179,07:19:22.179,blofin,AERGO/USDT:USDT,0.13445,4.0,0.1344,1702.0,0.13446,3406.0,0.13447,2.0
1753600762740,07:19:22.740,blofin,AERGO/USDT:USDT,0.13431,499.0,0.1343,8709.0,0.13437,2721.0,0.1344,13997.0
1753600763536,07:19:23.536,blofin,AERGO/USDT:USDT,0.1343,8709.0,0.13428,11827.0,0.13432,2721.0,0.13435,5.0
1753600764181,07:19:24.181,blofin,AERGO/USDT:USDT,0.13428,11827.0,0.13427,2790.0,0.13432,185.0,0.13435,5.0
1753600765181,07:19:25.181,blofin,AERGO/USDT:USDT,0.13428,11827.0,0.13427,2790.0,0.13432,186.0,0.13441,13716.0
1753600766182,07:19:26.182,blofin,AERGO/USDT:USDT,0.13428,3118.0,0.13427,2790.0,0.13432,186.0,0.13443,8719.0
1753600767183,07:19:27.183,blofin,AERGO/USDT:USDT,0.13428,3118.0,0.13427,2790.0,0.13432,186.0,0.13443,8719.0
1753600768185,07:19:28.185,blofin,AERGO/USDT:USDT,0.13428,3118.0,0.13427,2790.0,0.13432,186.0,0.13443,21081.0
1753600769184,07:19:29.184,blofin,AERGO/USDT:USDT,0.13428,3118.0,0.13427,2790.0,0.13432,187.0,0.13443,8719.0
1753600770336,07:19:30.336,blofin,AERGO/USDT:USDT,0.13428,7839.0,0.13427,2790.0,0.13432,190.0,0.13437,15324.0
1753600771245,07:19:31.245,blofin,AERGO/USDT:USDT,0.13428,6186.0,0.13427,2790.0,0.13431,185.0,0.13432,5.0
1753600772186,07:19:32.186,blofin,AERGO/USDT:USDT,0.13428,3385.0,0.13427,2790.0,0.13431,5346.0,0.13432,5.0
1753600773187,07:19:33.187,blofin,AERGO/USDT:USDT,0.13428,3385.0,0.13427,2790.0,0.13431,5346.0,0.13432,5.0
1753600774189,07:19:34.189,blofin,AERGO/USDT:USDT,0.13428,3385.0,0.13427,2790.0,0.13431,5346.0,0.13432,5.0
1753600775190,07:19:35.190,blofin,AERGO/USDT:USDT,0.13428,3385.0,0.13427,2790.0,0.13431,5351.0,0.13443,27844.0
1753600776191,07:19:36.191,blofin,AERGO/USDT:USDT,0.13428,3384.0,0.13427,2790.0,0.13431,5351.0,0.13435,3316.0
1753600777192,07:19:37.192,blofin,AERGO/USDT:USDT,0.13428,3384.0,0.13427,2790.0,0.13431,5347.0,0.13441,10794.0
1753600778193,07:19:38.193,blofin,AERGO/USDT:USDT,0.13428,3384.0,0.13427,2790.0,0.13431,5348.0,0.13439,14624.0
1753600779194,07:19:39.194,blofin,AERGO/USDT:USDT,0.13428,3384.0,0.13427,2790.0,0.13431,5348.0,0.13441,11324.0
1753600780196,07:19:40.196,blofin,AERGO/USDT:USDT,0.13428,3385.0,0.13427,2790.0,0.13431,5351.0,0.13441,11324.0
1753600781195,07:19:41.195,blofin,AERGO/USDT:USDT,0.13428,3385.0,0.13427,2790.0,0.13431,5351.0,0.13443,878.0
1753600782195,07:19:42.195,blofin,AERGO/USDT:USDT,0.13428,3567.0,0.13427,2790.0,0.13431,5351.0,0.13443,878.0
1753600784196,07:19:44.196,blofin,AERGO/USDT:USDT,0.13428,3268.0,0.13427,2790.0,0.1343,2823.0,0.13431,4.0
1753600785209,07:19:45.209,blofin,AERGO/USDT:USDT,0.13428,151.0,0.13422,24549.0,0.1343,2826.0,0.13431,4.0
1753600786197,07:19:46.197,blofin,AERGO/USDT:USDT,0.13428,149.0,0.13419,555.0,0.1343,3048.0,0.13438,4125.0
1753600787198,07:19:47.198,blofin,AERGO/USDT:USDT,0.13428,152.0,0.13419,555.0,0.1343,3048.0,0.13438,4125.0
1753600788199,07:19:48.199,blofin,AERGO/USDT:USDT,0.13428,152.0,0.13421,7851.0,0.1343,3048.0,0.13438,19441.0
1753600788662,07:19:48.662,blofin,AERGO/USDT:USDT,0.13428,5.0,0.13423,189.0,0.13429,2754.0,0.1343,5.0
1753600789199,07:19:49.199,blofin,AERGO/USDT:USDT,0.13428,5.0,0.13422,888.0,0.13429,2754.0,0.1343,5.0
1753600790201,07:19:50.201,blofin,AERGO/USDT:USDT,0.13428,1.0,0.13422,892.0,0.13429,2759.0,0.1343,3.0
1753600791204,07:19:51.204,blofin,AERGO/USDT:USDT,0.13428,1.0,0.13422,2892.0,0.13429,2755.0,0.1343,3.0
1753600792202,07:19:52.202,blofin,AERGO/USDT:USDT,0.13428,1.0,0.13422,2892.0,0.13429,2756.0,0.1343,3.0
1753600794203,07:19:54.203,blofin,AERGO/USDT:USDT,0.13428,1.0,0.13422,2004.0,0.13429,2757.0,0.1343,3.0
1753600795204,07:19:55.204,blofin,AERGO/USDT:USDT,0.13428,1.0,0.13422,2003.0,0.13429,2757.0,0.1343,3.0
1753600796205,07:19:56.205,blofin,AERGO/USDT:USDT,0.13428,1.0,0.13422,3.0,0.13429,2757.0,0.1343,3.0
1753600797206,07:19:57.206,blofin,AERGO/USDT:USDT,0.13428,1.0,0.13421,4757.0,0.13429,2757.0,0.1343,3.0
1753600798206,07:19:58.206,blofin,AERGO/USDT:USDT,0.13428,1.0,0.13421,4757.0,0.13429,2756.0,0.1343,3.0
1753600798510,07:19:58.510,blofin,AERGO/USDT:USDT,0.13428,1.0,0.13424,4753.0,0.13429,2755.0,0.1343,3.0
1753600799208,07:19:59.208,blofin,AERGO/USDT:USDT,0.13428,1.0,0.13424,44.0,0.13429,2755.0,0.1343,3.0
1753600800459,07:20:00.459,blofin,AERGO/USDT:USDT,0.13424,47.0,0.13419,555.0,0.13426,1999.0,0.13429,4.0
1753600801210,07:20:01.210,blofin,AERGO/USDT:USDT,0.13424,487.0,0.13419,555.0,0.13426,3008.0,0.13429,4.0
1753600802211,07:20:02.211,blofin,AERGO/USDT:USDT,0.13424,487.0,0.13419,555.0,0.13426,3008.0,0.13429,4.0
1753600803211,07:20:03.211,blofin,AERGO/USDT:USDT,0.13424,528.0,0.13419,555.0,0.13426,3099.0,0.13429,4.0
1753600804210,07:20:04.210,blofin,AERGO/USDT:USDT,0.13424,528.0,0.13419,555.0,0.13426,3099.0,0.13429,4.0
1753600805212,07:20:05.212,blofin,AERGO/USDT:USDT,0.13424,525.0,0.13419,555.0,0.13426,3100.0,0.1343,3.0
1753600807213,07:20:07.213,blofin,AERGO/USDT:USDT,0.13424,504.0,0.13419,555.0,0.13426,229.0,0.1343,3.0
1753600808214,07:20:08.214,blofin,AERGO/USDT:USDT,0.13424,504.0,0.13419,555.0,0.13426,229.0,0.1343,3.0
1753600809215,07:20:09.215,blofin,AERGO/USDT:USDT,0.13424,508.0,0.13419,555.0,0.13426,229.0,0.1343,3.0
1753600811215,07:20:11.215,blofin,AERGO/USDT:USDT,0.13424,504.0,0.13419,555.0,0.13426,152.0,0.1343,3.0
1753600812216,07:20:12.216,blofin,AERGO/USDT:USDT,0.13424,504.0,0.13419,555.0,0.13426,152.0,0.1343,3.0
1753600813217,07:20:13.217,blofin,AERGO/USDT:USDT,0.13424,504.0,0.13421,17889.0,0.13426,155.0,0.1343,20725.0
1753600814216,07:20:14.216,blofin,AERGO/USDT:USDT,0.13424,504.0,0.13419,555.0,0.13426,155.0,0.1343,3.0
1753600815230,07:20:15.230,blofin,AERGO/USDT:USDT,0.13424,509.0,0.13411,8721.0,0.13426,158.0,0.13439,7993.0
1753600815293,07:20:15.293,blofin,AERGO/USDT:USDT,0.13424,509.0,0.13418,12985.0,0.13426,4.0,0.13427,146.0
1753600816218,07:20:16.218,blofin,AERGO/USDT:USDT,0.13424,509.0,0.13412,8610.0,0.13426,4.0,0.13427,1255.0
1753600817219,07:20:17.219,blofin,AERGO/USDT:USDT,0.13424,509.0,0.13412,8610.0,0.13426,3.0,0.13427,1259.0
1753600818219,07:20:18.219,blofin,AERGO/USDT:USDT,0.13424,511.0,0.13412,8610.0,0.13426,3.0,0.13427,1259.0
1753600819221,07:20:19.221,blofin,AERGO/USDT:USDT,0.13424,511.0,0.13412,8610.0,0.13426,3.0,0.13427,1259.0
1753600821283,07:20:21.283,blofin,AERGO/USDT:USDT,0.13424,513.0,0.13412,8610.0,0.13426,3.0,0.13427,3.0
1753600822222,07:20:22.222,blofin,AERGO/USDT:USDT,0.13424,513.0,0.13412,8610.0,0.13426,3.0,0.13427,3.0
1753600823223,07:20:23.223,blofin,AERGO/USDT:USDT,0.13424,513.0,0.13415,11922.0,0.13426,3.0,0.13427,3.0
1753600824317,07:20:24.317,blofin,AERGO/USDT:USDT,0.13416,503.0,0.13412,8610.0,0.13423,381.0,0.13426,3.0
1753600824495,07:20:24.495,blofin,AERGO/USDT:USDT,0.13417,2462.0,0.13412,8610.0,0.13423,2838.0,0.13426,3.0
1753600825225,07:20:25.225,blofin,AERGO/USDT:USDT,0.13417,2841.0,0.13412,8610.0,0.13421,1358.0,0.13426,3.0
1753600826226,07:20:26.226,blofin,AERGO/USDT:USDT,0.13417,4841.0,0.13406,8614.0,0.13421,376.0,0.13426,3.0
1753600827227,07:20:27.227,blofin,AERGO/USDT:USDT,0.13417,4841.0,0.13406,8614.0,0.13421,373.0,0.13426,3.0
1753600828230,07:20:28.230,blofin,AERGO/USDT:USDT,0.13417,4841.0,0.13406,8614.0,0.13421,373.0,0.13426,3.0
1753600829229,07:20:29.229,blofin,AERGO/USDT:USDT,0.13417,4842.0,0.13406,8614.0,0.13421,373.0,0.13426,3.0
1753600829748,07:20:29.748,blofin,AERGO/USDT:USDT,0.13417,4839.0,0.13406,8614.0,0.13421,1.0,0.13424,372.0
1753600831229,07:20:31.229,blofin,AERGO/USDT:USDT,0.13418,2843.0,0.1341,39238.0,0.13424,186.0,0.13426,3.0
1753600832231,07:20:32.231,blofin,AERGO/USDT:USDT,0.13418,2843.0,0.13408,8613.0,0.13424,186.0,0.13426,3.0
1753600833284,07:20:33.284,blofin,AERGO/USDT:USDT,0.13418,2843.0,0.13408,8613.0,0.13424,187.0,0.13426,3.0
1753600834233,07:20:34.233,blofin,AERGO/USDT:USDT,0.13418,2695.0,0.1341,11946.0,0.13424,187.0,0.13426,3.0
1753600836234,07:20:36.234,blofin,AERGO/USDT:USDT,0.13418,2738.0,0.13408,8613.0,0.13424,188.0,0.13426,3.0
1753600836959,07:20:36.959,blofin,AERGO/USDT:USDT,0.13419,2973.0,0.13418,2.0,0.13424,188.0,0.13426,3.0
1753600837553,07:20:37.553,blofin,AERGO/USDT:USDT,0.1342,3437.0,0.13419,2.0,0.13424,188.0,0.13426,3.0
1753600838235,07:20:38.235,blofin,AERGO/USDT:USDT,0.13421,3640.0,0.13419,2.0,0.13424,5.0,0.13426,3.0
1753600839237,07:20:39.237,blofin,AERGO/USDT:USDT,0.13421,3640.0,0.13419,2.0,0.13424,5.0,0.13426,3.0
1753600840237,07:20:40.237,blofin,AERGO/USDT:USDT,0.13421,3642.0,0.13415,20274.0,0.13426,3.0,0.13428,356.0
1753600841247,07:20:41.247,blofin,AERGO/USDT:USDT,0.13421,2947.0,0.13413,27926.0,0.13426,3.0,0.13428,356.0
1753600842238,07:20:42.238,blofin,AERGO/USDT:USDT,0.13421,2947.0,0.13412,880.0,0.13426,3.0,0.13428,355.0
1753600843239,07:20:43.239,blofin,AERGO/USDT:USDT,0.13421,2947.0,0.13412,880.0,0.13426,3.0,0.13428,355.0
1753600844242,07:20:44.242,blofin,AERGO/USDT:USDT,0.13421,2947.0,0.13418,51366.0,0.13426,3.0,0.13428,350.0
1753600845322,07:20:45.322,blofin,AERGO/USDT:USDT,0.13424,2945.0,0.13421,6.0,0.13428,350.0,0.13435,176.0
1753600846242,07:20:46.242,blofin,AERGO/USDT:USDT,0.13424,158.0,0.13421,6.0,0.13428,350.0,0.13435,176.0
1753600847242,07:20:47.242,blofin,AERGO/USDT:USDT,0.13424,160.0,0.13421,5.0,0.13428,350.0,0.13435,176.0
1753600848242,07:20:48.242,blofin,AERGO/USDT:USDT,0.13424,161.0,0.13421,5.0,0.13428,350.0,0.13435,176.0
1753600849245,07:20:49.245,blofin,AERGO/USDT:USDT,0.13424,160.0,0.13421,5.0,0.13428,350.0,0.13435,176.0
1753600850244,07:20:50.244,blofin,AERGO/USDT:USDT,0.13424,160.0,0.13421,5.0,0.13428,350.0,0.13438,17365.0
1753600851245,07:20:51.245,blofin,AERGO/USDT:USDT,0.13424,159.0,0.13421,5.0,0.13428,350.0,0.13438,8128.0
1753600852253,07:20:52.253,blofin,AERGO/USDT:USDT,0.13424,160.0,0.13421,5.0,0.13428,350.0,0.13436,30788.0
1753600853253,07:20:53.253,blofin,AERGO/USDT:USDT,0.13424,160.0,0.13421,5.0,0.13428,350.0,0.13438,9693.0
1753600854247,07:20:54.247,blofin,AERGO/USDT:USDT,0.13424,163.0,0.13421,5.0,0.13428,350.0,0.13436,38542.0
1753600855250,07:20:55.250,blofin,AERGO/USDT:USDT,0.13424,160.0,0.13421,5.0,0.13428,353.0,0.13436,38542.0
1753600856249,07:20:56.249,blofin,AERGO/USDT:USDT,0.13424,159.0,0.13421,5.0,0.13428,353.0,0.13438,8128.0
1753600857250,07:20:57.250,blofin,AERGO/USDT:USDT,0.13424,159.0,0.13421,5.0,0.13428,353.0,0.13438,8128.0
1753600858249,07:20:58.249,blofin,AERGO/USDT:USDT,0.13424,161.0,0.13421,5.0,0.13428,353.0,0.13437,31990.0
1753600859122,07:20:59.122,blofin,AERGO/USDT:USDT,0.13425,158.0,0.13424,4.0,0.13428,353.0,0.13438,8128.0
1753600859250,07:20:59.250,blofin,AERGO/USDT:USDT,0.13425,4734.0,0.13424,4.0,0.13428,170.0,0.13438,8128.0
1753600860382,07:21:00.382,blofin,AERGO/USDT:USDT,0.13425,4737.0,0.13421,5.0,0.13428,111.0,0.13437,16115.0
1753600861252,07:21:01.252,blofin,AERGO/USDT:USDT,0.13425,4737.0,0.13421,5.0,0.13427,106.0,0.13428,5.0
1753600862254,07:21:02.254,blofin,AERGO/USDT:USDT,0.13425,4737.0,0.13421,5.0,0.13427,106.0,0.13428,5.0
