timestamp,time,exchange,symbol,bid1_price,bid1_volume,bid2_price,bid2_volume,ask1_price,ask1_volume,ask2_price,ask2_volume
1753599983821,07:06:23.821,binance,ADA/USDT:USDT,0.827,52487.0,0.8269,50393.0,0.8271,30616.0,0.8272,26972.0
1753599984092,07:06:24.092,binance,ADA/USDT:USDT,0.827,64959.0,0.8269,51313.0,0.8271,5339.0,0.8272,16967.0
1753599984198,07:06:24.198,binance,ADA/USDT:USDT,0.827,82955.0,0.8269,53073.0,0.8271,11855.0,0.8272,16967.0
1753599984774,07:06:24.774,binance,ADA/USDT:USDT,0.827,49403.0,0.8269,50930.0,0.8271,38994.0,0.8272,35427.0
1753599984877,07:06:24.877,binance,ADA/USDT:USDT,0.827,48118.0,0.8269,50874.0,0.8271,39006.0,0.8272,35427.0
1753599984982,07:06:24.982,binance,ADA/USDT:USDT,0.827,48118.0,0.8269,50874.0,0.8271,39006.0,0.8272,35427.0
1753599985083,07:06:25.083,binance,ADA/USDT:USDT,0.827,48102.0,0.8269,50874.0,0.8271,39046.0,0.8272,35427.0
1753599985184,07:06:25.184,binance,ADA/USDT:USDT,0.827,47809.0,0.8269,147730.0,0.8271,39094.0,0.8272,35427.0
1753599985288,07:06:25.288,binance,ADA/USDT:USDT,0.827,47809.0,0.8269,147848.0,0.8271,39094.0,0.8272,35427.0
1753599985399,07:06:25.399,binance,ADA/USDT:USDT,0.827,47821.0,0.8269,147848.0,0.8271,39089.0,0.8272,35668.0
1753599985501,07:06:25.501,binance,ADA/USDT:USDT,0.827,47821.0,0.8269,147848.0,0.8271,38923.0,0.8272,35427.0
1753599985605,07:06:25.605,binance,ADA/USDT:USDT,0.827,48075.0,0.8269,147632.0,0.8271,38923.0,0.8272,36287.0
1753599985732,07:06:25.732,binance,ADA/USDT:USDT,0.827,48075.0,0.8269,147632.0,0.8271,38923.0,0.8272,36287.0
1753599986149,07:06:26.149,binance,ADA/USDT:USDT,0.827,43784.0,0.8269,147614.0,0.8271,38923.0,0.8272,36318.0
1753599986250,07:06:26.250,binance,ADA/USDT:USDT,0.827,59085.0,0.8269,147440.0,0.8271,29332.0,0.8272,26952.0
1753599986473,07:06:26.473,binance,ADA/USDT:USDT,0.827,65718.0,0.8269,153065.0,0.8271,20809.0,0.8272,26952.0
1753599986576,07:06:26.576,binance,ADA/USDT:USDT,0.827,59350.0,0.8269,153065.0,0.8271,20809.0,0.8272,26952.0
1753599986820,07:06:26.820,binance,ADA/USDT:USDT,0.827,66045.0,0.8269,153121.0,0.8271,20809.0,0.8272,26952.0
1753599987029,07:06:27.029,binance,ADA/USDT:USDT,0.827,59618.0,0.8269,156749.0,0.8271,20827.0,0.8272,26952.0
1753599987134,07:06:27.134,binance,ADA/USDT:USDT,0.827,60668.0,0.8269,156749.0,0.8271,20827.0,0.8272,36492.0
1753599987242,07:06:27.242,binance,ADA/USDT:USDT,0.827,84852.0,0.8269,160084.0,0.8271,3825.0,0.8272,17858.0
1753599987344,07:06:27.344,binance,ADA/USDT:USDT,0.827,88880.0,0.8269,162416.0,0.8271,3825.0,0.8272,16998.0
1753599987458,07:06:27.458,binance,ADA/USDT:USDT,0.827,92733.0,0.8269,163738.0,0.8271,4129.0,0.8272,16998.0
1753599988337,07:06:28.337,binance,ADA/USDT:USDT,0.827,94879.0,0.8269,165289.0,0.8271,3415.0,0.8272,16998.0
1753599988445,07:06:28.445,binance,ADA/USDT:USDT,0.827,88304.0,0.8269,165650.0,0.8271,4293.0,0.8272,16998.0
1753599988548,07:06:28.548,binance,ADA/USDT:USDT,0.827,96918.0,0.8269,165769.0,0.8271,4293.0,0.8272,16998.0
1753599988653,07:06:28.653,binance,ADA/USDT:USDT,0.827,107796.0,0.8269,165769.0,0.8271,4293.0,0.8272,16998.0
1753599988768,07:06:28.768,binance,ADA/USDT:USDT,0.827,107788.0,0.8269,165769.0,0.8271,4293.0,0.8272,16998.0
1753599988899,07:06:28.899,binance,ADA/USDT:USDT,0.827,107788.0,0.8269,165769.0,0.8271,4293.0,0.8272,16998.0
1753599989448,07:06:29.448,binance,ADA/USDT:USDT,0.827,89548.0,0.8269,163600.0,0.8271,4471.0,0.8272,25430.0
1753599989552,07:06:29.552,binance,ADA/USDT:USDT,0.827,81124.0,0.8269,160265.0,0.8271,27924.0,0.8272,34970.0
1753599989655,07:06:29.655,binance,ADA/USDT:USDT,0.827,78317.0,0.8269,159661.0,0.8271,27924.0,0.8272,34970.0
1753599990222,07:06:30.222,binance,ADA/USDT:USDT,0.827,85328.0,0.8269,160392.0,0.8271,4506.0,0.8272,25405.0
1753599990327,07:06:30.327,binance,ADA/USDT:USDT,0.827,79937.0,0.8269,160351.0,0.8271,23130.0,0.8272,25405.0
1753599991109,07:06:31.109,binance,ADA/USDT:USDT,0.827,44149.0,0.8269,152820.0,0.8271,31087.0,0.8272,35656.0
1753599991212,07:06:31.212,binance,ADA/USDT:USDT,0.827,43992.0,0.8269,152820.0,0.8271,31644.0,0.8272,45456.0
1753599991315,07:06:31.315,binance,ADA/USDT:USDT,0.827,42093.0,0.8269,152337.0,0.8271,31644.0,0.8272,45456.0
1753599991421,07:06:31.421,binance,ADA/USDT:USDT,0.827,42087.0,0.8269,148709.0,0.8271,32062.0,0.8272,45456.0
1753599991951,07:06:31.951,binance,ADA/USDT:USDT,0.827,61315.0,0.8269,147896.0,0.8271,17158.0,0.8272,42805.0
1753599992097,07:06:32.097,binance,ADA/USDT:USDT,0.827,61435.0,0.8269,147896.0,0.8271,17158.0,0.8272,33265.0
1753599992199,07:06:32.199,binance,ADA/USDT:USDT,0.827,55786.0,0.8269,147921.0,0.8271,17158.0,0.8272,40765.0
1753599992306,07:06:32.306,binance,ADA/USDT:USDT,0.827,61772.0,0.8269,147921.0,0.8271,22463.0,0.8272,41006.0
1753599992407,07:06:32.407,binance,ADA/USDT:USDT,0.827,63730.0,0.8269,153521.0,0.8271,3844.0,0.8272,40765.0
1753599992510,07:06:32.510,binance,ADA/USDT:USDT,0.827,70323.0,0.8269,153520.0,0.8271,3844.0,0.8272,40765.0
1753599992616,07:06:32.616,binance,ADA/USDT:USDT,0.827,71007.0,0.8269,153520.0,0.8271,3844.0,0.8272,40765.0
1753599992737,07:06:32.737,binance,ADA/USDT:USDT,0.827,71007.0,0.8269,153520.0,0.8271,3844.0,0.8272,40765.0
1753599992968,07:06:32.968,binance,ADA/USDT:USDT,0.827,74490.0,0.8269,158125.0,0.8271,3844.0,0.8272,25405.0
1753599993084,07:06:33.084,binance,ADA/USDT:USDT,0.827,75529.0,0.8269,157325.0,0.8271,3844.0,0.8272,25405.0
1753599993326,07:06:33.326,binance,ADA/USDT:USDT,0.827,65049.0,0.8269,158231.0,0.8271,3844.0,0.8272,25405.0
1753599993781,07:06:33.781,binance,ADA/USDT:USDT,0.827,69862.0,0.8269,157854.0,0.8271,10802.0,0.8272,25430.0
1753599993928,07:06:33.928,binance,ADA/USDT:USDT,0.827,70103.0,0.8269,154519.0,0.8271,3007.0,0.8272,25405.0
1753599994030,07:06:34.030,binance,ADA/USDT:USDT,0.827,70128.0,0.8269,154519.0,0.8271,3007.0,0.8272,25405.0
1753599994158,07:06:34.158,binance,ADA/USDT:USDT,0.827,70110.0,0.8269,154519.0,0.8271,3007.0,0.8272,33405.0
1753599994288,07:06:34.288,binance,ADA/USDT:USDT,0.827,80281.0,0.8269,154519.0,0.8271,3007.0,0.8272,33413.0
1753599994411,07:06:34.411,binance,ADA/USDT:USDT,0.827,80301.0,0.8269,157854.0,0.8271,2988.0,0.8272,33413.0
1753599994518,07:06:34.518,binance,ADA/USDT:USDT,0.827,80143.0,0.8269,157854.0,0.8271,10783.0,0.8272,33413.0
1753599994620,07:06:34.620,binance,ADA/USDT:USDT,0.827,68077.0,0.8269,151574.0,0.8271,37344.0,0.8272,33413.0
1753599994723,07:06:34.723,binance,ADA/USDT:USDT,0.827,65701.0,0.8269,151454.0,0.8271,37344.0,0.8272,42953.0
1753599994826,07:06:34.826,binance,ADA/USDT:USDT,0.827,64252.0,0.8269,151454.0,0.8271,37344.0,0.8272,42953.0
1753599994999,07:06:34.999,binance,ADA/USDT:USDT,0.827,69362.0,0.8269,151454.0,0.8271,37350.0,0.8272,42978.0
1753599995104,07:06:35.104,binance,ADA/USDT:USDT,0.827,64359.0,0.8269,151454.0,0.8271,37391.0,0.8272,42978.0
1753599995208,07:06:35.208,binance,ADA/USDT:USDT,0.827,64359.0,0.8269,151454.0,0.8271,37240.0,0.8272,42978.0
1753599995346,07:06:35.346,binance,ADA/USDT:USDT,0.827,60837.0,0.8269,148654.0,0.8271,37240.0,0.8272,42978.0
1753599995454,07:06:35.454,binance,ADA/USDT:USDT,0.827,71113.0,0.8269,152291.0,0.8271,10659.0,0.8272,42942.0
1753599995559,07:06:35.559,binance,ADA/USDT:USDT,0.827,73228.0,0.8269,152051.0,0.8271,10230.0,0.8272,33402.0
1753599995704,07:06:35.704,binance,ADA/USDT:USDT,0.827,62795.0,0.8269,152051.0,0.8271,28854.0,0.8272,33413.0
1753599995832,07:06:35.832,binance,ADA/USDT:USDT,0.827,56641.0,0.8269,152051.0,0.8271,27935.0,0.8272,42953.0
1753599995942,07:06:35.942,binance,ADA/USDT:USDT,0.827,53929.0,0.8269,151985.0,0.8271,35847.0,0.8272,42953.0
1753599996061,07:06:36.061,binance,ADA/USDT:USDT,0.827,53809.0,0.8269,151985.0,0.8271,40615.0,0.8272,43813.0
1753599996165,07:06:36.165,binance,ADA/USDT:USDT,0.827,53809.0,0.8269,148183.0,0.8271,35847.0,0.8272,43813.0
1753599996382,07:06:36.382,binance,ADA/USDT:USDT,0.827,165497.0,0.8269,52459.0,0.8271,1491.0,0.8272,34785.0
1753599996494,07:06:36.494,binance,ADA/USDT:USDT,0.8271,58769.0,0.827,160675.0,0.8272,22893.0,0.8273,60909.0
1753599996595,07:06:36.595,binance,ADA/USDT:USDT,0.8271,52108.0,0.827,157141.0,0.8272,30647.0,0.8273,61025.0
1753599996702,07:06:36.702,binance,ADA/USDT:USDT,0.8271,51988.0,0.827,155144.0,0.8272,30647.0,0.8273,61025.0
1753599996918,07:06:36.918,binance,ADA/USDT:USDT,0.8271,46372.0,0.827,154784.0,0.8272,30647.0,0.8273,61277.0
1753599997044,07:06:37.044,binance,ADA/USDT:USDT,0.8271,57617.0,0.827,154784.0,0.8272,30647.0,0.8273,61266.0
1753599997148,07:06:37.148,binance,ADA/USDT:USDT,0.8271,46601.0,0.827,154759.0,0.8272,45561.0,0.8273,70831.0
1753599997272,07:06:37.272,binance,ADA/USDT:USDT,0.8271,46481.0,0.827,154575.0,0.8272,50329.0,0.8273,73631.0
1753599997374,07:06:37.374,binance,ADA/USDT:USDT,0.8271,47838.0,0.827,152315.0,0.8272,45561.0,0.8273,64091.0
1753599997712,07:06:37.712,binance,ADA/USDT:USDT,0.8271,46261.0,0.827,150879.0,0.8272,45592.0,0.8273,64066.0
1753599997847,07:06:37.847,binance,ADA/USDT:USDT,0.8271,46261.0,0.827,150879.0,0.8272,30701.0,0.8273,64066.0
1753599997978,07:06:37.978,binance,ADA/USDT:USDT,0.8271,46261.0,0.827,150879.0,0.8272,30701.0,0.8273,64066.0
1753599998099,07:06:38.099,binance,ADA/USDT:USDT,0.8271,46261.0,0.827,150591.0,0.8272,30701.0,0.8273,64066.0
1753599998250,07:06:38.250,binance,ADA/USDT:USDT,0.8271,50265.0,0.827,146999.0,0.8272,30701.0,0.8273,64066.0
1753599998380,07:06:38.380,binance,ADA/USDT:USDT,0.8271,59609.0,0.827,143679.0,0.8272,30527.0,0.8273,64240.0
1753599998492,07:06:38.492,binance,ADA/USDT:USDT,0.8271,54841.0,0.827,143679.0,0.8272,30527.0,0.8273,64240.0
1753599998605,07:06:38.605,binance,ADA/USDT:USDT,0.8271,54841.0,0.827,143560.0,0.8272,30527.0,0.8273,63999.0
1753599998711,07:06:38.711,binance,ADA/USDT:USDT,0.8271,45424.0,0.827,143535.0,0.8272,46049.0,0.8273,64091.0
1753599998812,07:06:38.812,binance,ADA/USDT:USDT,0.8271,45487.0,0.827,143483.0,0.8272,51550.0,0.8273,64091.0
1753599998943,07:06:38.943,binance,ADA/USDT:USDT,0.8271,45487.0,0.827,143483.0,0.8272,56343.0,0.8273,64091.0
1753599999046,07:06:39.046,binance,ADA/USDT:USDT,0.8271,30907.0,0.827,141092.0,0.8272,56343.0,0.8273,66891.0
1753599999149,07:06:39.149,binance,ADA/USDT:USDT,0.8271,31335.0,0.827,140664.0,0.8272,56343.0,0.8273,66902.0
1753599999266,07:06:39.266,binance,ADA/USDT:USDT,0.8271,31335.0,0.827,128428.0,0.8272,56318.0,0.8273,68502.0
1753599999371,07:06:39.371,binance,ADA/USDT:USDT,0.8271,43729.0,0.827,128428.0,0.8272,58380.0,0.8273,68502.0
1753599999474,07:06:39.474,binance,ADA/USDT:USDT,0.8271,43787.0,0.827,128428.0,0.8272,48086.0,0.8273,68477.0
1753599999695,07:06:39.695,binance,ADA/USDT:USDT,0.8271,43764.0,0.827,128187.0,0.8272,48086.0,0.8273,68477.0
1753599999806,07:06:39.806,binance,ADA/USDT:USDT,0.8271,44175.0,0.827,128428.0,0.8272,48086.0,0.8273,68477.0
1753599999911,07:06:39.911,binance,ADA/USDT:USDT,0.8271,44175.0,0.827,128428.0,0.8272,53616.0,0.8273,68477.0
1753600000018,07:06:40.018,binance,ADA/USDT:USDT,0.8271,44175.0,0.827,128428.0,0.8272,53642.0,0.8273,68477.0
1753600000119,07:06:40.119,binance,ADA/USDT:USDT,0.8271,44463.0,0.827,128453.0,0.8272,48182.0,0.8273,68477.0
1753600000254,07:06:40.254,binance,ADA/USDT:USDT,0.8271,44519.0,0.827,128453.0,0.8272,48182.0,0.8273,68477.0
1753600000375,07:06:40.375,binance,ADA/USDT:USDT,0.8271,57287.0,0.827,121744.0,0.8272,5003.0,0.8273,45582.0
1753600000476,07:06:40.476,binance,ADA/USDT:USDT,0.8272,61737.0,0.8271,67028.0,0.8273,13714.0,0.8274,57932.0
1753600000578,07:06:40.578,binance,ADA/USDT:USDT,0.8272,52475.0,0.8271,50504.0,0.8273,54260.0,0.8274,10431.0
1753600000783,07:06:40.783,binance,ADA/USDT:USDT,0.8272,47604.0,0.8271,58125.0,0.8273,47770.0,0.8274,23830.0
1753600000885,07:06:40.885,binance,ADA/USDT:USDT,0.8272,53039.0,0.8271,58062.0,0.8273,47770.0,0.8274,38951.0
1753600001001,07:06:41.001,binance,ADA/USDT:USDT,0.8272,66994.0,0.8271,58062.0,0.8273,47596.0,0.8274,39974.0
1753600001204,07:06:41.204,binance,ADA/USDT:USDT,0.8271,52456.0,0.827,123736.0,0.8272,39444.0,0.8273,57419.0
1753600001308,07:06:41.308,binance,ADA/USDT:USDT,0.8271,53272.0,0.827,123855.0,0.8272,39638.0,0.8273,58094.0
1753600001410,07:06:41.410,binance,ADA/USDT:USDT,0.8271,58395.0,0.827,129377.0,0.8272,39464.0,0.8273,58094.0
1753600001533,07:06:41.533,binance,ADA/USDT:USDT,0.8271,58154.0,0.827,129377.0,0.8272,39464.0,0.8273,58268.0
1753600001689,07:06:41.689,binance,ADA/USDT:USDT,0.8271,58171.0,0.827,129203.0,0.8272,38866.0,0.8273,58268.0
1753600001791,07:06:41.791,binance,ADA/USDT:USDT,0.8271,54221.0,0.827,127988.0,0.8272,39040.0,0.8273,58094.0
1753600001893,07:06:41.893,binance,ADA/USDT:USDT,0.8271,53013.0,0.827,127988.0,0.8272,39040.0,0.8273,58094.0
1753600001996,07:06:41.996,binance,ADA/USDT:USDT,0.8271,51613.0,0.827,128010.0,0.8272,38866.0,0.8273,58268.0
1753600002103,07:06:42.103,binance,ADA/USDT:USDT,0.8271,52237.0,0.827,128010.0,0.8272,38866.0,0.8273,58268.0
1753600002209,07:06:42.209,binance,ADA/USDT:USDT,0.8271,52228.0,0.827,128010.0,0.8272,38866.0,0.8273,58268.0
1753600002315,07:06:42.315,binance,ADA/USDT:USDT,0.8271,52089.0,0.827,128010.0,0.8272,38194.0,0.8273,58268.0
1753600002423,07:06:42.423,binance,ADA/USDT:USDT,0.8271,52089.0,0.827,128010.0,0.8272,38194.0,0.8273,58268.0
1753600002525,07:06:42.525,binance,ADA/USDT:USDT,0.8271,52046.0,0.827,128010.0,0.8272,35502.0,0.8273,58268.0
1753600002628,07:06:42.628,binance,ADA/USDT:USDT,0.8271,52061.0,0.827,128010.0,0.8272,35502.0,0.8273,58268.0
1753600002776,07:06:42.776,binance,ADA/USDT:USDT,0.8271,65595.0,0.827,136678.0,0.8272,16878.0,0.8273,58268.0
1753600002879,07:06:42.879,binance,ADA/USDT:USDT,0.8271,65595.0,0.827,136678.0,0.8272,16878.0,0.8273,58268.0
1753600002984,07:06:42.984,binance,ADA/USDT:USDT,0.8271,60451.0,0.827,136678.0,0.8272,16878.0,0.8273,58268.0
1753600003089,07:06:43.089,binance,ADA/USDT:USDT,0.8271,60451.0,0.827,136703.0,0.8272,16878.0,0.8273,58268.0
1753600003192,07:06:43.192,binance,ADA/USDT:USDT,0.8271,65620.0,0.827,134359.0,0.8272,16878.0,0.8273,58268.0
1753600003296,07:06:43.296,binance,ADA/USDT:USDT,0.8272,45901.0,0.8271,78679.0,0.8273,26946.0,0.8274,78591.0
1753600003509,07:06:43.509,binance,ADA/USDT:USDT,0.8272,58758.0,0.8271,66106.0,0.8273,26946.0,0.8274,56147.0
1753600003610,07:06:43.610,binance,ADA/USDT:USDT,0.8272,57729.0,0.8271,66680.0,0.8273,26946.0,0.8274,56147.0
1753600003715,07:06:43.715,binance,ADA/USDT:USDT,0.8272,57530.0,0.8271,66702.0,0.8273,43012.0,0.8274,56214.0
1753600003817,07:06:43.817,binance,ADA/USDT:USDT,0.8272,57530.0,0.8271,66702.0,0.8273,43006.0,0.8274,56214.0
1753600003920,07:06:43.920,binance,ADA/USDT:USDT,0.8272,54669.0,0.8271,66702.0,0.8273,43006.0,0.8274,64762.0
1753600004022,07:06:44.022,binance,ADA/USDT:USDT,0.8272,53928.0,0.8271,56956.0,0.8273,47472.0,0.8274,67587.0
1753600004125,07:06:44.125,binance,ADA/USDT:USDT,0.8272,53928.0,0.8271,56668.0,0.8273,47472.0,0.8274,67587.0
1753600004234,07:06:44.234,binance,ADA/USDT:USDT,0.8272,53960.0,0.8271,56648.0,0.8273,47472.0,0.8274,67587.0
1753600004336,07:06:44.336,binance,ADA/USDT:USDT,0.8272,57966.0,0.8271,52643.0,0.8273,43006.0,0.8274,67562.0
1753600004441,07:06:44.441,binance,ADA/USDT:USDT,0.8272,59442.0,0.8271,50857.0,0.8273,42832.0,0.8274,67562.0
1753600004547,07:06:44.547,binance,ADA/USDT:USDT,0.8272,59442.0,0.8271,50882.0,0.8273,42832.0,0.8274,67321.0
1753600004658,07:06:44.658,binance,ADA/USDT:USDT,0.8272,59442.0,0.8271,50882.0,0.8273,42832.0,0.8274,67321.0
1753600004767,07:06:44.767,binance,ADA/USDT:USDT,0.8272,59912.0,0.8271,50882.0,0.8273,42815.0,0.8274,67562.0
1753600004882,07:06:44.882,binance,ADA/USDT:USDT,0.8272,61274.0,0.8271,50882.0,0.8273,47405.0,0.8274,67562.0
1753600005003,07:06:45.003,binance,ADA/USDT:USDT,0.8272,61274.0,0.8271,50882.0,0.8273,43091.0,0.8274,67562.0
1753600005106,07:06:45.106,binance,ADA/USDT:USDT,0.8272,61274.0,0.8271,54509.0,0.8273,43091.0,0.8274,67562.0
1753600005231,07:06:45.231,binance,ADA/USDT:USDT,0.8272,61419.0,0.8271,54509.0,0.8273,43091.0,0.8274,67562.0
1753600005364,07:06:45.364,binance,ADA/USDT:USDT,0.8272,61425.0,0.8271,54484.0,0.8273,50010.0,0.8274,67573.0
1753600005469,07:06:45.469,binance,ADA/USDT:USDT,0.8272,52218.0,0.8271,54484.0,0.8273,50010.0,0.8274,70373.0
1753600005570,07:06:45.570,binance,ADA/USDT:USDT,0.8271,20305.0,0.827,124998.0,0.8272,79932.0,0.8273,73664.0
1753600005672,07:06:45.672,binance,ADA/USDT:USDT,0.8271,20475.0,0.827,120345.0,0.8272,74006.0,0.8273,73664.0
1753600005792,07:06:45.792,binance,ADA/USDT:USDT,0.8271,18986.0,0.827,120986.0,0.8272,74015.0,0.8273,73664.0
1753600005896,07:06:45.896,binance,ADA/USDT:USDT,0.8271,18986.0,0.827,120986.0,0.8272,79966.0,0.8273,70292.0
1753600005999,07:06:45.999,binance,ADA/USDT:USDT,0.8271,18986.0,0.827,120986.0,0.8272,74015.0,0.8273,70292.0
1753600006104,07:06:46.104,binance,ADA/USDT:USDT,0.8271,29891.0,0.827,120873.0,0.8272,47816.0,0.8273,70292.0
1753600006208,07:06:46.208,binance,ADA/USDT:USDT,0.8271,30495.0,0.827,120898.0,0.8272,47816.0,0.8273,70466.0
1753600006321,07:06:46.321,binance,ADA/USDT:USDT,0.8271,30667.0,0.827,120898.0,0.8272,43142.0,0.8273,67492.0
1753600006425,07:06:46.425,binance,ADA/USDT:USDT,0.8271,28888.0,0.827,120986.0,0.8272,46404.0,0.8273,67381.0
1753600006526,07:06:46.526,binance,ADA/USDT:USDT,0.8271,14944.0,0.827,120745.0,0.8272,46404.0,0.8273,67406.0
1753600006635,07:06:46.635,binance,ADA/USDT:USDT,0.8271,14844.0,0.827,120745.0,0.8272,46404.0,0.8273,67406.0
1753600006741,07:06:46.741,binance,ADA/USDT:USDT,0.8271,14851.0,0.827,120986.0,0.8272,46549.0,0.8273,67406.0
1753600006870,07:06:46.870,binance,ADA/USDT:USDT,0.827,107412.0,0.8269,32703.0,0.8271,100273.0,0.8272,60261.0
1753600006973,07:06:46.973,binance,ADA/USDT:USDT,0.827,104986.0,0.8269,19890.0,0.8271,79191.0,0.8272,81178.0
1753600007074,07:06:47.074,binance,ADA/USDT:USDT,0.827,104986.0,0.8269,25451.0,0.8271,73260.0,0.8272,80816.0
1753600007176,07:06:47.176,binance,ADA/USDT:USDT,0.8269,9458.0,0.8268,23758.0,0.827,40131.0,0.8271,85615.0
1753600007277,07:06:47.277,binance,ADA/USDT:USDT,0.8268,1616.0,0.8267,57990.0,0.8269,106542.0,0.827,110392.0
1753600007379,07:06:47.379,binance,ADA/USDT:USDT,0.8268,4627.0,0.8267,43563.0,0.8269,86740.0,0.827,126232.0
1753600007584,07:06:47.584,binance,ADA/USDT:USDT,0.8267,59433.0,0.8266,37933.0,0.8268,22061.0,0.8269,40171.0
1753600007685,07:06:47.685,binance,ADA/USDT:USDT,0.8267,60131.0,0.8266,38612.0,0.8268,22081.0,0.8269,55317.0
1753600007998,07:06:47.998,binance,ADA/USDT:USDT,0.8269,32034.0,0.8268,52837.0,0.827,45104.0,0.8271,57345.0
1753600008099,07:06:48.099,binance,ADA/USDT:USDT,0.8269,24712.0,0.8268,41447.0,0.827,38573.0,0.8271,102735.0
1753600008210,07:06:48.210,binance,ADA/USDT:USDT,0.8269,9303.0,0.8268,35776.0,0.827,45148.0,0.8271,118417.0
1753600008312,07:06:48.312,binance,ADA/USDT:USDT,0.8269,2275.0,0.8268,35776.0,0.827,47962.0,0.8271,118987.0
1753600008518,07:06:48.518,binance,ADA/USDT:USDT,0.8269,124.0,0.8268,35535.0,0.827,49002.0,0.8271,118739.0
1753600008623,07:06:48.623,binance,ADA/USDT:USDT,0.8269,124.0,0.8268,34327.0,0.827,49002.0,0.8271,118980.0
1753600008727,07:06:48.727,binance,ADA/USDT:USDT,0.8269,124.0,0.8268,34153.0,0.827,48700.0,0.8271,120197.0
1753600008830,07:06:48.830,binance,ADA/USDT:USDT,0.8269,124.0,0.8268,34568.0,0.827,47491.0,0.8271,119627.0
1753600008939,07:06:48.939,binance,ADA/USDT:USDT,0.8269,124.0,0.8268,34568.0,0.827,57993.0,0.8271,105173.0
1753600009042,07:06:49.042,binance,ADA/USDT:USDT,0.8269,124.0,0.8268,34568.0,0.827,57984.0,0.8271,105173.0
1753600009195,07:06:49.195,binance,ADA/USDT:USDT,0.8269,2071.0,0.8268,34568.0,0.827,61290.0,0.8271,105173.0
1753600009505,07:06:49.505,binance,ADA/USDT:USDT,0.8269,27467.0,0.8268,49711.0,0.827,27585.0,0.8271,56890.0
1753600009608,07:06:49.608,binance,ADA/USDT:USDT,0.8269,22336.0,0.8268,50047.0,0.827,27585.0,0.8271,56890.0
1753600009739,07:06:49.739,binance,ADA/USDT:USDT,0.8269,22336.0,0.8268,50047.0,0.827,27585.0,0.8271,57131.0
1753600009842,07:06:49.842,binance,ADA/USDT:USDT,0.8269,22336.0,0.8268,50047.0,0.827,27585.0,0.8271,75734.0
1753600009947,07:06:49.947,binance,ADA/USDT:USDT,0.8269,22336.0,0.8268,50288.0,0.827,26758.0,0.8271,72629.0
1753600010059,07:06:50.059,binance,ADA/USDT:USDT,0.8269,22336.0,0.8268,50313.0,0.827,26758.0,0.8271,66678.0
1753600010226,07:06:50.226,binance,ADA/USDT:USDT,0.8269,22380.0,0.8268,35274.0,0.827,26768.0,0.8271,81692.0
1753600010341,07:06:50.341,binance,ADA/USDT:USDT,0.8269,22389.0,0.8268,35274.0,0.827,31123.0,0.8271,81717.0
1753600010442,07:06:50.442,binance,ADA/USDT:USDT,0.8269,22369.0,0.8268,41225.0,0.827,26256.0,0.8271,81717.0
1753600010558,07:06:50.558,binance,ADA/USDT:USDT,0.8269,3485.0,0.8268,34456.0,0.827,39900.0,0.8271,81717.0
1753600010669,07:06:50.669,binance,ADA/USDT:USDT,0.8269,3122.0,0.8268,34456.0,0.827,39900.0,0.8271,81717.0
1753600010779,07:06:50.779,binance,ADA/USDT:USDT,0.8269,1832.0,0.8268,40528.0,0.827,39378.0,0.8271,81717.0
1753600010882,07:06:50.882,binance,ADA/USDT:USDT,0.8269,11249.0,0.8268,49711.0,0.827,25767.0,0.8271,66678.0
1753600011001,07:06:51.001,binance,ADA/USDT:USDT,0.8269,11249.0,0.8268,40648.0,0.827,25767.0,0.8271,66678.0
1753600011110,07:06:51.110,binance,ADA/USDT:USDT,0.8269,3197.0,0.8268,34697.0,0.827,37120.0,0.8271,84492.0
1753600011226,07:06:51.226,binance,ADA/USDT:USDT,0.8269,3197.0,0.8268,34697.0,0.827,37120.0,0.8271,85069.0
1753600011358,07:06:51.358,binance,ADA/USDT:USDT,0.8269,3200.0,0.8268,40648.0,0.827,37133.0,0.8271,84492.0
1753600011465,07:06:51.465,binance,ADA/USDT:USDT,0.8269,3140.0,0.8268,40648.0,0.827,37263.0,0.8271,84517.0
1753600011584,07:06:51.584,binance,ADA/USDT:USDT,0.8269,3204.0,0.8268,40407.0,0.827,37118.0,0.8271,69503.0
1753600011686,07:06:51.686,binance,ADA/USDT:USDT,0.8269,3204.0,0.8268,34456.0,0.827,37118.0,0.8271,84517.0
1753600011805,07:06:51.805,binance,ADA/USDT:USDT,0.8269,3590.0,0.8268,34456.0,0.827,37108.0,0.8271,75454.0
1753600011907,07:06:51.907,binance,ADA/USDT:USDT,0.8269,3590.0,0.8268,34456.0,0.827,53067.0,0.8271,84517.0
1753600012026,07:06:52.026,binance,ADA/USDT:USDT,0.8269,3590.0,0.8268,34456.0,0.827,47229.0,0.8271,84517.0
1753600012131,07:06:52.131,binance,ADA/USDT:USDT,0.8269,3590.0,0.8268,34456.0,0.827,47229.0,0.8271,84517.0
1753600012238,07:06:52.238,binance,ADA/USDT:USDT,0.8269,3604.0,0.8268,43519.0,0.827,47229.0,0.8271,84517.0
1753600012342,07:06:52.342,binance,ADA/USDT:USDT,0.8269,24327.0,0.8268,43519.0,0.827,25702.0,0.8271,69652.0
1753600012449,07:06:52.449,binance,ADA/USDT:USDT,0.8269,30442.0,0.8268,43586.0,0.827,25804.0,0.8271,66852.0
1753600012555,07:06:52.555,binance,ADA/USDT:USDT,0.8269,30717.0,0.8268,43920.0,0.827,25804.0,0.8271,62984.0
1753600012662,07:06:52.662,binance,ADA/USDT:USDT,0.8269,30717.0,0.8268,43945.0,0.827,25804.0,0.8271,63225.0
1753600012772,07:06:52.772,binance,ADA/USDT:USDT,0.8269,40063.0,0.8268,43945.0,0.827,16387.0,0.8271,41584.0
1753600012878,07:06:52.878,binance,ADA/USDT:USDT,0.8269,60662.0,0.8268,47786.0,0.827,15538.0,0.8271,41584.0
1753600012984,07:06:52.984,binance,ADA/USDT:USDT,0.8269,60662.0,0.8268,47786.0,0.827,15538.0,0.8271,41584.0
1753600013090,07:06:53.090,binance,ADA/USDT:USDT,0.8269,54939.0,0.8268,47786.0,0.827,6331.0,0.8271,41584.0
1753600013191,07:06:53.191,binance,ADA/USDT:USDT,0.827,62038.0,0.8269,84152.0,0.8271,30322.0,0.8272,86345.0
1753600013292,07:06:53.292,binance,ADA/USDT:USDT,0.827,66797.0,0.8269,78294.0,0.8271,30101.0,0.8272,60916.0
1753600013402,07:06:53.402,binance,ADA/USDT:USDT,0.827,68194.0,0.8269,72325.0,0.8271,26473.0,0.8272,60916.0
1753600013508,07:06:53.508,binance,ADA/USDT:USDT,0.827,69561.0,0.8269,71063.0,0.8271,26502.0,0.8272,54652.0
1753600013622,07:06:53.622,binance,ADA/USDT:USDT,0.827,69561.0,0.8269,71578.0,0.8271,26509.0,0.8272,58279.0
1753600013735,07:06:53.735,binance,ADA/USDT:USDT,0.827,69561.0,0.8269,71578.0,0.8271,26750.0,0.8272,58279.0
1753600013847,07:06:53.847,binance,ADA/USDT:USDT,0.827,69561.0,0.8269,71578.0,0.8271,26750.0,0.8272,58279.0
1753600013956,07:06:53.956,binance,ADA/USDT:USDT,0.827,69561.0,0.8269,71578.0,0.8271,26750.0,0.8272,58279.0
1753600014067,07:06:54.067,binance,ADA/USDT:USDT,0.827,69561.0,0.8269,71460.0,0.8271,26750.0,0.8272,58279.0
1753600014246,07:06:54.246,binance,ADA/USDT:USDT,0.827,69562.0,0.8269,71578.0,0.8271,26750.0,0.8272,58325.0
1753600014347,07:06:54.347,binance,ADA/USDT:USDT,0.8271,28346.0,0.827,62872.0,0.8272,50213.0,0.8273,106752.0
1753600014448,07:06:54.448,binance,ADA/USDT:USDT,0.8271,28376.0,0.827,64072.0,0.8272,34925.0,0.8273,100997.0
1753600014551,07:06:54.551,binance,ADA/USDT:USDT,0.8271,29237.0,0.827,64651.0,0.8272,35099.0,0.8273,76401.0
1753600014654,07:06:54.654,binance,ADA/USDT:USDT,0.8271,37578.0,0.827,63110.0,0.8272,31455.0,0.8273,76575.0
1753600014757,07:06:54.757,binance,ADA/USDT:USDT,0.8271,35027.0,0.827,63110.0,0.8272,31455.0,0.8273,76575.0
1753600014860,07:06:54.860,binance,ADA/USDT:USDT,0.8271,33106.0,0.827,61371.0,0.8272,31629.0,0.8273,85941.0
1753600014961,07:06:54.961,binance,ADA/USDT:USDT,0.8271,33106.0,0.827,61371.0,0.8272,31455.0,0.8273,85941.0
1753600015072,07:06:55.072,binance,ADA/USDT:USDT,0.8271,31804.0,0.827,60792.0,0.8272,41288.0,0.8273,85941.0
1753600015212,07:06:55.212,binance,ADA/USDT:USDT,0.8271,31811.0,0.827,60792.0,0.8272,41288.0,0.8273,86678.0
1753600015327,07:06:55.327,binance,ADA/USDT:USDT,0.8271,7069.0,0.827,43552.0,0.8272,49200.0,0.8273,89478.0
1753600015435,07:06:55.435,binance,ADA/USDT:USDT,0.827,3078.0,0.8269,37328.0,0.8271,69532.0,0.8272,120465.0
1753600015536,07:06:55.536,binance,ADA/USDT:USDT,0.8269,9727.0,0.8268,50336.0,0.827,140699.0,0.8271,115324.0
1753600015637,07:06:55.637,binance,ADA/USDT:USDT,0.8268,40950.0,0.8267,46099.0,0.8269,10718.0,0.827,49074.0
1753600015743,07:06:55.743,binance,ADA/USDT:USDT,0.8269,44124.0,0.8268,49691.0,0.827,30107.0,0.8271,69767.0
1753600015850,07:06:55.850,binance,ADA/USDT:USDT,0.8269,44135.0,0.8268,42428.0,0.827,29278.0,0.8271,84896.0
1753600015952,07:06:55.952,binance,ADA/USDT:USDT,0.8269,44135.0,0.8268,44980.0,0.827,27365.0,0.8271,84896.0
1753600016055,07:06:56.055,binance,ADA/USDT:USDT,0.8269,44135.0,0.8268,44980.0,0.827,27365.0,0.8271,84896.0
1753600016163,07:06:56.163,binance,ADA/USDT:USDT,0.8269,47709.0,0.8268,59994.0,0.827,27365.0,0.8271,75356.0
1753600016267,07:06:56.267,binance,ADA/USDT:USDT,0.8269,39780.0,0.8268,45154.0,0.827,30483.0,0.8271,99736.0
1753600016368,07:06:56.368,binance,ADA/USDT:USDT,0.8269,39780.0,0.8268,51105.0,0.827,30483.0,0.8271,99736.0
1753600016479,07:06:56.479,binance,ADA/USDT:USDT,0.8269,39780.0,0.8268,51113.0,0.827,30483.0,0.8271,99736.0
1753600016592,07:06:56.592,binance,ADA/USDT:USDT,0.8269,39813.0,0.8268,60775.0,0.827,30490.0,0.8271,84722.0
1753600016697,07:06:56.697,binance,ADA/USDT:USDT,0.8269,39813.0,0.8268,60775.0,0.827,30490.0,0.8271,84722.0
1753600016806,07:06:56.806,binance,ADA/USDT:USDT,0.8269,39813.0,0.8268,51712.0,0.827,30490.0,0.8271,84722.0
1753600016909,07:06:56.909,binance,ADA/USDT:USDT,0.8269,39813.0,0.8268,51593.0,0.827,30490.0,0.8271,99736.0
1753600017015,07:06:57.015,binance,ADA/USDT:USDT,0.8269,39813.0,0.8268,51593.0,0.827,28069.0,0.8271,93785.0
1753600017119,07:06:57.119,binance,ADA/USDT:USDT,0.8269,39813.0,0.8268,60783.0,0.827,27906.0,0.8271,93959.0
1753600017225,07:06:57.225,binance,ADA/USDT:USDT,0.8269,39831.0,0.8268,60665.0,0.827,27906.0,0.8271,84722.0
1753600017329,07:06:57.329,binance,ADA/USDT:USDT,0.8269,47903.0,0.8268,60609.0,0.827,28945.0,0.8271,84896.0
1753600017461,07:06:57.461,binance,ADA/USDT:USDT,0.8269,47919.0,0.8268,60609.0,0.827,28945.0,0.8271,84903.0
1753600017584,07:06:57.584,binance,ADA/USDT:USDT,0.8269,41805.0,0.8268,60665.0,0.827,29000.0,0.8271,84903.0
1753600017726,07:06:57.726,binance,ADA/USDT:USDT,0.8269,24656.0,0.8268,45651.0,0.827,29174.0,0.8271,93792.0
1753600017842,07:06:57.842,binance,ADA/USDT:USDT,0.8269,24656.0,0.8268,45651.0,0.827,35674.0,0.8271,93792.0
1753600017952,07:06:57.952,binance,ADA/USDT:USDT,0.8269,3980.0,0.8268,40409.0,0.827,55393.0,0.8271,106379.0
1753600018054,07:06:58.054,binance,ADA/USDT:USDT,0.8269,2047.0,0.8268,40409.0,0.827,59829.0,0.8271,106379.0
1753600018170,07:06:58.170,binance,ADA/USDT:USDT,0.8269,2067.0,0.8268,37611.0,0.827,63457.0,0.8271,109481.0
1753600018274,07:06:58.274,binance,ADA/USDT:USDT,0.8269,605.0,0.8268,36054.0,0.827,63457.0,0.8271,109481.0
1753600018436,07:06:58.436,binance,ADA/USDT:USDT,0.8269,9792.0,0.8268,36054.0,0.827,58926.0,0.8271,109481.0
1753600018538,07:06:58.538,binance,ADA/USDT:USDT,0.8269,3334.0,0.8268,36054.0,0.827,55448.0,0.8271,109600.0
1753600018667,07:06:58.667,binance,ADA/USDT:USDT,0.8269,2826.0,0.8268,36054.0,0.827,55447.0,0.8271,112400.0
1753600018778,07:06:58.778,binance,ADA/USDT:USDT,0.8269,2846.0,0.8268,36054.0,0.827,55447.0,0.8271,112400.0
1753600018898,07:06:58.898,binance,ADA/USDT:USDT,0.8269,2846.0,0.8268,44054.0,0.827,55447.0,0.8271,112400.0
1753600019004,07:06:59.004,binance,ADA/USDT:USDT,0.8269,2846.0,0.8268,44054.0,0.827,55447.0,0.8271,112400.0
1753600019113,07:06:59.113,binance,ADA/USDT:USDT,0.8269,968.0,0.8268,44054.0,0.827,55447.0,0.8271,112400.0
1753600019244,07:06:59.244,binance,ADA/USDT:USDT,0.8269,2687.0,0.8268,44054.0,0.827,59082.0,0.8271,112400.0
1753600019354,07:06:59.354,binance,ADA/USDT:USDT,0.8269,5596.0,0.8268,44054.0,0.827,58780.0,0.8271,112400.0
1753600019459,07:06:59.459,binance,ADA/USDT:USDT,0.8269,5623.0,0.8268,44054.0,0.827,52361.0,0.8271,103337.0
1753600019569,07:06:59.569,binance,ADA/USDT:USDT,0.8269,32111.0,0.8268,44054.0,0.827,33010.0,0.8271,97174.0
1753600019671,07:06:59.671,binance,ADA/USDT:USDT,0.8269,39664.0,0.8268,43880.0,0.827,19791.0,0.8271,75893.0
1753600019776,07:06:59.776,binance,ADA/USDT:USDT,0.8269,39664.0,0.8268,43880.0,0.827,19791.0,0.8271,75893.0
1753600019894,07:06:59.894,binance,ADA/USDT:USDT,0.8269,39664.0,0.8268,43880.0,0.827,19305.0,0.8271,75893.0
1753600020008,07:07:00.008,binance,ADA/USDT:USDT,0.8269,47964.0,0.8268,46680.0,0.827,19285.0,0.8271,71691.0
1753600020114,07:07:00.114,binance,ADA/USDT:USDT,0.8269,47964.0,0.8268,47480.0,0.827,19258.0,0.8271,71691.0
1753600020231,07:07:00.231,binance,ADA/USDT:USDT,0.8269,47808.0,0.8268,47480.0,0.827,18409.0,0.8271,71932.0
1753600020332,07:07:00.332,binance,ADA/USDT:USDT,0.8269,61353.0,0.8268,47480.0,0.827,18409.0,0.8271,71932.0
1753600020443,07:07:00.443,binance,ADA/USDT:USDT,0.8269,61346.0,0.8268,47721.0,0.827,18409.0,0.8271,71813.0
1753600020562,07:07:00.562,binance,ADA/USDT:USDT,0.8269,40506.0,0.8268,48554.0,0.827,27826.0,0.8271,81112.0
1753600020676,07:07:00.676,binance,ADA/USDT:USDT,0.8269,33882.0,0.8268,45754.0,0.827,27819.0,0.8271,81353.0
1753600020778,07:07:00.778,binance,ADA/USDT:USDT,0.8269,4620.0,0.8268,45215.0,0.827,51619.0,0.8271,81750.0
1753600020879,07:07:00.879,binance,ADA/USDT:USDT,0.8269,5972.0,0.8268,36415.0,0.827,66119.0,0.8271,97303.0
1753600020985,07:07:00.985,binance,ADA/USDT:USDT,0.8269,4059.0,0.8268,36415.0,0.827,67270.0,0.8271,98512.0
1753600021086,07:07:01.086,binance,ADA/USDT:USDT,0.8269,968.0,0.8268,36415.0,0.827,67270.0,0.8271,101312.0
1753600021191,07:07:01.191,binance,ADA/USDT:USDT,0.8269,968.0,0.8268,36729.0,0.827,61319.0,0.8271,101312.0
1753600021295,07:07:01.295,binance,ADA/USDT:USDT,0.8269,968.0,0.8268,36729.0,0.827,61319.0,0.8271,101312.0
1753600021409,07:07:01.409,binance,ADA/USDT:USDT,0.8269,968.0,0.8268,36776.0,0.827,52509.0,0.8271,101312.0
1753600021729,07:07:01.729,binance,ADA/USDT:USDT,0.8269,3796.0,0.8268,36656.0,0.827,58972.0,0.8271,105612.0
1753600021831,07:07:01.831,binance,ADA/USDT:USDT,0.8269,4158.0,0.8268,36656.0,0.827,53021.0,0.8271,105612.0
1753600021980,07:07:01.980,binance,ADA/USDT:USDT,0.8269,4158.0,0.8268,36681.0,0.827,53021.0,0.8271,105612.0
1753600022085,07:07:02.085,binance,ADA/USDT:USDT,0.8269,4158.0,0.8268,36681.0,0.827,53021.0,0.8271,105587.0
1753600022187,07:07:02.187,binance,ADA/USDT:USDT,0.8269,4158.0,0.8268,36681.0,0.827,53021.0,0.8271,105587.0
1753600022297,07:07:02.297,binance,ADA/USDT:USDT,0.8269,5623.0,0.8268,36681.0,0.827,53021.0,0.8271,105595.0
1753600022424,07:07:02.424,binance,ADA/USDT:USDT,0.8269,5623.0,0.8268,36681.0,0.827,53021.0,0.8271,105595.0
1753600022525,07:07:02.525,binance,ADA/USDT:USDT,0.8269,5681.0,0.8268,36681.0,0.827,53021.0,0.8271,105354.0
1753600022683,07:07:02.683,binance,ADA/USDT:USDT,0.8269,5681.0,0.8268,36656.0,0.827,68363.0,0.8271,105379.0
1753600022792,07:07:02.792,binance,ADA/USDT:USDT,0.8269,5681.0,0.8268,43656.0,0.827,68363.0,0.8271,105620.0
1753600022895,07:07:02.895,binance,ADA/USDT:USDT,0.8269,5709.0,0.8268,43656.0,0.827,59553.0,0.8271,105595.0
1753600023001,07:07:03.001,binance,ADA/USDT:USDT,0.8269,4161.0,0.8268,43681.0,0.827,59855.0,0.8271,105595.0
1753600023127,07:07:03.127,binance,ADA/USDT:USDT,0.8269,4161.0,0.8268,43681.0,0.827,53602.0,0.8271,105595.0
1753600023232,07:07:03.232,binance,ADA/USDT:USDT,0.8269,8504.0,0.8268,43681.0,0.827,51713.0,0.8271,105508.0
1753600023334,07:07:03.334,binance,ADA/USDT:USDT,0.8269,8524.0,0.8268,43681.0,0.827,51713.0,0.8271,105508.0
1753600023445,07:07:03.445,binance,ADA/USDT:USDT,0.8269,8524.0,0.8268,43681.0,0.827,51720.0,0.8271,105508.0
1753600023548,07:07:03.548,binance,ADA/USDT:USDT,0.8269,8466.0,0.8268,43415.0,0.827,66213.0,0.8271,105508.0
1753600023656,07:07:03.656,binance,ADA/USDT:USDT,0.8268,40018.0,0.8267,46515.0,0.8269,44790.0,0.827,106567.0
1753600023758,07:07:03.758,binance,ADA/USDT:USDT,0.8268,38595.0,0.8267,40698.0,0.8269,43925.0,0.827,106592.0
1753600023861,07:07:03.861,binance,ADA/USDT:USDT,0.8268,39275.0,0.8267,40698.0,0.8269,44608.0,0.827,98084.0
1753600023962,07:07:03.962,binance,ADA/USDT:USDT,0.8268,18412.0,0.8267,39211.0,0.8269,44782.0,0.827,100702.0
1753600024066,07:07:04.066,binance,ADA/USDT:USDT,0.8268,4361.0,0.8267,28475.0,0.8269,53442.0,0.827,101278.0
1753600024184,07:07:04.184,binance,ADA/USDT:USDT,0.8268,23277.0,0.8267,29962.0,0.8269,47479.0,0.827,100670.0
1753600024304,07:07:04.304,binance,ADA/USDT:USDT,0.8268,23318.0,0.8267,35601.0,0.8269,45658.0,0.827,100663.0
1753600024416,07:07:04.416,binance,ADA/USDT:USDT,0.8268,32909.0,0.8267,35186.0,0.8269,41710.0,0.827,98037.0
1753600024517,07:07:04.517,binance,ADA/USDT:USDT,0.8268,42268.0,0.8267,35306.0,0.8269,22321.0,0.827,83174.0
1753600024618,07:07:04.618,binance,ADA/USDT:USDT,0.8268,29320.0,0.8267,35909.0,0.8269,22321.0,0.827,64496.0
1753600024720,07:07:04.720,binance,ADA/USDT:USDT,0.8268,35512.0,0.8267,35909.0,0.8269,22495.0,0.827,64465.0
1753600024833,07:07:04.833,binance,ADA/USDT:USDT,0.8268,29808.0,0.8267,35934.0,0.8269,22586.0,0.827,64465.0
1753600024941,07:07:04.941,binance,ADA/USDT:USDT,0.8268,29798.0,0.8267,36734.0,0.8269,22663.0,0.827,64465.0
1753600025055,07:07:05.055,binance,ADA/USDT:USDT,0.8268,28976.0,0.8267,36709.0,0.8269,22463.0,0.827,64465.0
1753600025161,07:07:05.161,binance,ADA/USDT:USDT,0.8268,29246.0,0.8267,53709.0,0.8269,22663.0,0.827,64490.0
1753600025271,07:07:05.271,binance,ADA/USDT:USDT,0.8268,30193.0,0.8267,53734.0,0.8269,22750.0,0.827,64490.0
1753600025372,07:07:05.372,binance,ADA/USDT:USDT,0.8268,30193.0,0.8267,53734.0,0.8269,22736.0,0.827,64490.0
1753600025476,07:07:05.476,binance,ADA/USDT:USDT,0.8268,30661.0,0.8267,53827.0,0.8269,23199.0,0.827,64481.0
1753600025582,07:07:05.582,binance,ADA/USDT:USDT,0.8268,30466.0,0.8267,53827.0,0.8269,23199.0,0.827,68110.0
1753600025710,07:07:05.710,binance,ADA/USDT:USDT,0.8268,30466.0,0.8267,53827.0,0.8269,23199.0,0.827,68110.0
1753600025813,07:07:05.813,binance,ADA/USDT:USDT,0.8268,30466.0,0.8267,54068.0,0.8269,23199.0,0.827,68110.0
1753600025935,07:07:05.935,binance,ADA/USDT:USDT,0.8268,30466.0,0.8267,54093.0,0.8269,23199.0,0.827,68110.0
1753600026056,07:07:06.056,binance,ADA/USDT:USDT,0.8268,30466.0,0.8267,54093.0,0.8269,23199.0,0.827,68110.0
1753600026228,07:07:06.228,binance,ADA/USDT:USDT,0.8268,30466.0,0.8267,54093.0,0.8269,23199.0,0.827,68110.0
1753600026342,07:07:06.342,binance,ADA/USDT:USDT,0.8268,30467.0,0.8267,53827.0,0.8269,24108.0,0.827,68110.0
1753600026445,07:07:06.445,binance,ADA/USDT:USDT,0.8268,30507.0,0.8267,53709.0,0.8269,24833.0,0.827,68110.0
1753600026585,07:07:06.585,binance,ADA/USDT:USDT,0.8268,30507.0,0.8267,53828.0,0.8269,24833.0,0.827,68351.0
1753600026704,07:07:06.704,binance,ADA/USDT:USDT,0.8268,36501.0,0.8267,54094.0,0.8269,24833.0,0.827,68326.0
1753600026814,07:07:06.814,binance,ADA/USDT:USDT,0.8268,30515.0,0.8267,54069.0,0.8269,29425.0,0.827,68351.0
1753600026916,07:07:06.916,binance,ADA/USDT:USDT,0.8268,36466.0,0.8267,54094.0,0.8269,24833.0,0.827,68326.0
1753600027026,07:07:07.026,binance,ADA/USDT:USDT,0.8268,30515.0,0.8267,54069.0,0.8269,25815.0,0.827,68351.0
1753600027130,07:07:07.130,binance,ADA/USDT:USDT,0.8268,30515.0,0.8267,54094.0,0.8269,25506.0,0.827,68351.0
1753600027267,07:07:07.267,binance,ADA/USDT:USDT,0.8268,36475.0,0.8267,54094.0,0.8269,25506.0,0.827,68326.0
1753600027372,07:07:07.372,binance,ADA/USDT:USDT,0.8268,36654.0,0.8267,54094.0,0.8269,26340.0,0.827,68326.0
1753600027478,07:07:07.478,binance,ADA/USDT:USDT,0.8268,45094.0,0.8267,57738.0,0.8269,16923.0,0.827,60153.0
1753600027580,07:07:07.580,binance,ADA/USDT:USDT,0.8268,50465.0,0.8267,57301.0,0.8269,16936.0,0.827,60153.0
1753600027681,07:07:07.681,binance,ADA/USDT:USDT,0.8268,48944.0,0.8267,57301.0,0.8269,16936.0,0.827,60153.0
1753600027788,07:07:07.788,binance,ADA/USDT:USDT,0.8268,41229.0,0.8267,56334.0,0.8269,16978.0,0.827,60153.0
1753600027893,07:07:07.893,binance,ADA/USDT:USDT,0.8268,31604.0,0.8267,55087.0,0.8269,26569.0,0.827,59979.0
1753600027994,07:07:07.994,binance,ADA/USDT:USDT,0.8268,46168.0,0.8267,56074.0,0.8269,16124.0,0.827,51605.0
1753600028096,07:07:08.096,binance,ADA/USDT:USDT,0.8268,37970.0,0.8267,57282.0,0.8269,16144.0,0.827,51605.0
1753600028206,07:07:08.206,binance,ADA/USDT:USDT,0.8268,32019.0,0.8267,57282.0,0.8269,16144.0,0.827,51605.0
1753600028310,07:07:08.310,binance,ADA/USDT:USDT,0.8268,32316.0,0.8267,57282.0,0.8269,16154.0,0.827,51605.0
1753600028412,07:07:08.412,binance,ADA/USDT:USDT,0.8268,38267.0,0.8267,57282.0,0.8269,16154.0,0.827,51605.0
1753600028513,07:07:08.513,binance,ADA/USDT:USDT,0.8268,46410.0,0.8267,57307.0,0.8269,17710.0,0.827,51605.0
1753600028884,07:07:08.884,binance,ADA/USDT:USDT,0.8268,48849.0,0.8267,58227.0,0.8269,17710.0,0.827,51605.0
1753600028986,07:07:08.986,binance,ADA/USDT:USDT,0.8268,43272.0,0.8267,58202.0,0.8269,27135.0,0.827,51605.0
1753600029092,07:07:09.092,binance,ADA/USDT:USDT,0.8268,43194.0,0.8267,63459.0,0.8269,26266.0,0.827,42034.0
1753600029194,07:07:09.194,binance,ADA/USDT:USDT,0.8268,43214.0,0.8267,63297.0,0.8269,26423.0,0.827,51196.0
1753600029350,07:07:09.350,binance,ADA/USDT:USDT,0.8268,36214.0,0.8267,63364.0,0.8269,26355.0,0.827,51022.0
1753600029458,07:07:09.458,binance,ADA/USDT:USDT,0.8268,36214.0,0.8267,63538.0,0.8269,26359.0,0.827,54650.0
1753600029567,07:07:09.567,binance,ADA/USDT:USDT,0.8268,34629.0,0.8267,58359.0,0.8269,26339.0,0.827,54681.0
1753600029692,07:07:09.692,binance,ADA/USDT:USDT,0.8268,40730.0,0.8267,58384.0,0.8269,26339.0,0.827,54688.0
1753600029795,07:07:09.795,binance,ADA/USDT:USDT,0.8268,34904.0,0.8267,58210.0,0.8269,26339.0,0.827,54688.0
1753600029898,07:07:09.898,binance,ADA/USDT:USDT,0.8268,47098.0,0.8267,57410.0,0.8269,16882.0,0.827,51060.0
1753600030002,07:07:10.002,binance,ADA/USDT:USDT,0.8268,35514.0,0.8267,57559.0,0.8269,26402.0,0.827,51060.0
1753600030125,07:07:10.125,binance,ADA/USDT:USDT,0.8268,32898.0,0.8267,58239.0,0.8269,26503.0,0.827,50911.0
1753600030243,07:07:10.243,binance,ADA/USDT:USDT,0.8268,31644.0,0.8267,58239.0,0.8269,26525.0,0.827,50911.0
1753600030348,07:07:10.348,binance,ADA/USDT:USDT,0.8268,30953.0,0.8267,58239.0,0.8269,26540.0,0.827,54539.0
1753600030451,07:07:10.451,binance,ADA/USDT:USDT,0.8268,31448.0,0.8267,57439.0,0.8269,26366.0,0.827,54514.0
1753600030554,07:07:10.554,binance,ADA/USDT:USDT,0.8268,38348.0,0.8267,57439.0,0.8269,26282.0,0.827,54688.0
1753600030662,07:07:10.662,binance,ADA/USDT:USDT,0.8268,38348.0,0.8267,57439.0,0.8269,26282.0,0.827,54688.0
1753600030769,07:07:10.769,binance,ADA/USDT:USDT,0.8268,48959.0,0.8267,57290.0,0.8269,26289.0,0.827,54688.0
1753600030933,07:07:10.933,binance,ADA/USDT:USDT,0.8268,42784.0,0.8267,57439.0,0.8269,26289.0,0.827,54688.0
1753600031041,07:07:11.041,binance,ADA/USDT:USDT,0.8268,42784.0,0.8267,57464.0,0.8269,26289.0,0.827,54688.0
1753600031147,07:07:11.147,binance,ADA/USDT:USDT,0.8269,71798.0,0.8268,62279.0,0.827,13802.0,0.8271,69917.0
1753600031251,07:07:11.251,binance,ADA/USDT:USDT,0.8269,58273.0,0.8268,62279.0,0.827,23239.0,0.8271,69917.0
1753600031353,07:07:11.353,binance,ADA/USDT:USDT,0.8269,74326.0,0.8268,62352.0,0.827,20268.0,0.8271,69917.0
1753600031456,07:07:11.456,binance,ADA/USDT:USDT,0.8269,61329.0,0.8268,61813.0,0.827,20288.0,0.8271,69925.0
1753600031559,07:07:11.559,binance,ADA/USDT:USDT,0.8269,61304.0,0.8268,61824.0,0.827,20355.0,0.8271,69684.0
1753600031661,07:07:11.661,binance,ADA/USDT:USDT,0.8269,62878.0,0.8268,60094.0,0.827,20355.0,0.8271,69684.0
1753600031764,07:07:11.764,binance,ADA/USDT:USDT,0.8269,62878.0,0.8268,60094.0,0.827,20355.0,0.8271,69925.0
1753600031865,07:07:11.865,binance,ADA/USDT:USDT,0.8269,62878.0,0.8268,60094.0,0.827,20424.0,0.8271,69925.0
1753600031968,07:07:11.968,binance,ADA/USDT:USDT,0.8269,62878.0,0.8268,60094.0,0.827,20424.0,0.8271,69925.0
1753600032071,07:07:12.071,binance,ADA/USDT:USDT,0.8269,62878.0,0.8268,59853.0,0.827,20424.0,0.8271,69925.0
1753600032174,07:07:12.174,binance,ADA/USDT:USDT,0.8269,62878.0,0.8268,63481.0,0.827,20424.0,0.8271,69925.0
1753600032277,07:07:12.277,binance,ADA/USDT:USDT,0.8269,68829.0,0.8268,66522.0,0.827,20424.0,0.8271,69925.0
1753600032380,07:07:12.380,binance,ADA/USDT:USDT,0.8269,68648.0,0.8268,66522.0,0.827,1793.0,0.8271,52067.0
1753600032483,07:07:12.483,binance,ADA/USDT:USDT,0.8269,76999.0,0.8268,69604.0,0.827,11000.0,0.8271,52067.0
1753600032584,07:07:12.584,binance,ADA/USDT:USDT,0.8269,63454.0,0.8268,69363.0,0.827,11000.0,0.8271,52067.0
1753600032686,07:07:12.686,binance,ADA/USDT:USDT,0.8269,63454.0,0.8268,66027.0,0.827,20417.0,0.8271,52003.0
1753600032935,07:07:12.935,binance,ADA/USDT:USDT,0.8269,63454.0,0.8268,68594.0,0.827,20417.0,0.8271,52028.0
1753600033048,07:07:13.048,binance,ADA/USDT:USDT,0.8269,63931.0,0.8268,68594.0,0.827,20429.0,0.8271,52003.0
1753600033151,07:07:13.151,binance,ADA/USDT:USDT,0.8269,63931.0,0.8268,68856.0,0.827,20429.0,0.8271,52003.0
1753600033255,07:07:13.255,binance,ADA/USDT:USDT,0.8269,63798.0,0.8268,68615.0,0.827,20429.0,0.8271,52003.0
1753600033372,07:07:13.372,binance,ADA/USDT:USDT,0.8269,63596.0,0.8268,67971.0,0.827,20429.0,0.8271,51953.0
1753600033489,07:07:13.489,binance,ADA/USDT:USDT,0.8269,63601.0,0.8268,67971.0,0.827,19341.0,0.8271,51953.0
1753600033607,07:07:13.607,binance,ADA/USDT:USDT,0.8269,47147.0,0.8268,62712.0,0.827,19321.0,0.8271,61179.0
1753600033709,07:07:13.709,binance,ADA/USDT:USDT,0.8268,10675.0,0.8267,19909.0,0.8269,126795.0,0.827,123341.0
1753600033810,07:07:13.810,binance,ADA/USDT:USDT,0.8268,2808.0,0.8267,25432.0,0.8269,80409.0,0.827,135446.0
1753600033913,07:07:13.913,binance,ADA/USDT:USDT,0.8268,14325.0,0.8267,21640.0,0.8269,74408.0,0.827,136613.0
1753600034014,07:07:14.014,binance,ADA/USDT:USDT,0.8268,45081.0,0.8267,21727.0,0.8269,39722.0,0.827,77464.0
1753600034115,07:07:14.115,binance,ADA/USDT:USDT,0.8268,56361.0,0.8267,36700.0,0.8269,10674.0,0.827,43467.0
1753600034219,07:07:14.219,binance,ADA/USDT:USDT,0.8268,60542.0,0.8267,37421.0,0.8269,8766.0,0.827,42815.0
1753600034333,07:07:14.333,binance,ADA/USDT:USDT,0.8268,24626.0,0.8267,29449.0,0.8269,28309.0,0.827,66878.0
1753600034438,07:07:14.438,binance,ADA/USDT:USDT,0.8268,5516.0,0.8267,27808.0,0.8269,74136.0,0.827,96563.0
1753600034556,07:07:14.556,binance,ADA/USDT:USDT,0.8268,4086.0,0.8267,27567.0,0.8269,74381.0,0.827,119110.0
1753600034668,07:07:14.668,binance,ADA/USDT:USDT,0.8268,4123.0,0.8267,27567.0,0.8269,83381.0,0.827,112735.0
1753600034771,07:07:14.771,binance,ADA/USDT:USDT,0.8268,4123.0,0.8267,27808.0,0.8269,83381.0,0.827,112735.0
1753600034906,07:07:14.906,binance,ADA/USDT:USDT,0.8268,4123.0,0.8267,27808.0,0.8269,83609.0,0.827,112735.0
1753600035021,07:07:15.021,binance,ADA/USDT:USDT,0.8268,4166.0,0.8267,27851.0,0.8269,83665.0,0.827,112735.0
1753600035124,07:07:15.124,binance,ADA/USDT:USDT,0.8267,4558.0,0.8266,32282.0,0.8268,82438.0,0.8269,129366.0
1753600035227,07:07:15.227,binance,ADA/USDT:USDT,0.8267,4578.0,0.8266,32282.0,0.8268,82624.0,0.8269,157110.0
1753600035336,07:07:15.336,binance,ADA/USDT:USDT,0.8267,4578.0,0.8266,40782.0,0.8268,82624.0,0.8269,157110.0
1753600035442,07:07:15.442,binance,ADA/USDT:USDT,0.8267,2440.0,0.8266,33625.0,0.8268,90738.0,0.8269,147008.0
1753600035546,07:07:15.546,binance,ADA/USDT:USDT,0.8267,2422.0,0.8266,32415.0,0.8268,90738.0,0.8269,148458.0
1753600035649,07:07:15.649,binance,ADA/USDT:USDT,0.8267,2422.0,0.8266,41415.0,0.8268,90738.0,0.8269,148494.0
1753600035750,07:07:15.750,binance,ADA/USDT:USDT,0.8267,2422.0,0.8266,41415.0,0.8268,91053.0,0.8269,148494.0
1753600035958,07:07:15.958,binance,ADA/USDT:USDT,0.8267,2422.0,0.8266,47366.0,0.8268,91028.0,0.8269,142568.0
1753600036063,07:07:16.063,binance,ADA/USDT:USDT,0.8267,2422.0,0.8266,47366.0,0.8268,91028.0,0.8269,148519.0
1753600036174,07:07:16.174,binance,ADA/USDT:USDT,0.8267,358.0,0.8266,41415.0,0.8268,94959.0,0.8269,148639.0
1753600036281,07:07:16.281,binance,ADA/USDT:USDT,0.8267,3173.0,0.8266,41415.0,0.8268,95058.0,0.8269,178818.0
1753600036486,07:07:16.486,binance,ADA/USDT:USDT,0.8266,39411.0,0.8265,60126.0,0.8267,75133.0,0.8268,99682.0
1753600036590,07:07:16.590,binance,ADA/USDT:USDT,0.8266,39739.0,0.8265,66557.0,0.8267,60031.0,0.8268,110835.0
1753600036692,07:07:16.692,binance,ADA/USDT:USDT,0.8266,39639.0,0.8265,60606.0,0.8267,60056.0,0.8268,110835.0
1753600036806,07:07:16.806,binance,ADA/USDT:USDT,0.8266,39639.0,0.8265,60606.0,0.8267,47834.0,0.8268,115335.0
1753600037012,07:07:17.012,binance,ADA/USDT:USDT,0.8266,39639.0,0.8265,75623.0,0.8267,47834.0,0.8268,115335.0
1753600037132,07:07:17.132,binance,ADA/USDT:USDT,0.8266,26020.0,0.8265,61799.0,0.8267,62955.0,0.8268,103255.0
1753600037235,07:07:17.235,binance,ADA/USDT:USDT,0.8266,16813.0,0.8265,61614.0,0.8267,47834.0,0.8268,118376.0
1753600037338,07:07:17.338,binance,ADA/USDT:USDT,0.8266,16822.0,0.8265,61614.0,0.8267,48075.0,0.8268,118135.0
1753600037443,07:07:17.443,binance,ADA/USDT:USDT,0.8266,16822.0,0.8265,38697.0,0.8267,48082.0,0.8268,118135.0
1753600037550,07:07:17.550,binance,ADA/USDT:USDT,0.8266,16822.0,0.8265,38817.0,0.8267,50666.0,0.8268,117999.0
1753600037659,07:07:17.659,binance,ADA/USDT:USDT,0.8266,26029.0,0.8265,38817.0,0.8267,64425.0,0.8268,105041.0
1753600037774,07:07:17.774,binance,ADA/USDT:USDT,0.8266,16822.0,0.8265,38817.0,0.8267,64425.0,0.8268,105034.0
1753600037909,07:07:17.909,binance,ADA/USDT:USDT,0.8266,26029.0,0.8265,38817.0,0.8267,64425.0,0.8268,105034.0
1753600038010,07:07:18.010,binance,ADA/USDT:USDT,0.8266,26029.0,0.8265,38817.0,0.8267,64666.0,0.8268,104768.0
1753600038127,07:07:18.127,binance,ADA/USDT:USDT,0.8266,26029.0,0.8265,38817.0,0.8267,64673.0,0.8268,104793.0
1753600038230,07:07:18.230,binance,ADA/USDT:USDT,0.8266,16822.0,0.8265,38217.0,0.8267,64793.0,0.8268,104793.0
1753600038335,07:07:18.335,binance,ADA/USDT:USDT,0.8266,16822.0,0.8265,38217.0,0.8267,67741.0,0.8268,104751.0
1753600038437,07:07:18.437,binance,ADA/USDT:USDT,0.8266,16822.0,0.8265,38217.0,0.8267,67898.0,0.8268,104751.0
1753600038539,07:07:18.539,binance,ADA/USDT:USDT,0.8266,16893.0,0.8265,38217.0,0.8267,67877.0,0.8268,104751.0
1753600038710,07:07:18.710,binance,ADA/USDT:USDT,0.8266,16893.0,0.8265,38217.0,0.8267,67877.0,0.8268,104751.0
1753600038888,07:07:18.888,binance,ADA/USDT:USDT,0.8266,16893.0,0.8265,38217.0,0.8267,67877.0,0.8268,104751.0
1753600038990,07:07:18.990,binance,ADA/USDT:USDT,0.8266,16893.0,0.8265,38217.0,0.8267,67877.0,0.8268,104751.0
1753600039092,07:07:19.092,binance,ADA/USDT:USDT,0.8266,16893.0,0.8265,38217.0,0.8267,67877.0,0.8268,104751.0
1753600039206,07:07:19.206,binance,ADA/USDT:USDT,0.8266,26100.0,0.8265,38217.0,0.8267,84062.0,0.8268,89630.0
1753600039327,07:07:19.327,binance,ADA/USDT:USDT,0.8266,16893.0,0.8265,38217.0,0.8267,90656.0,0.8268,89198.0
1753600039430,07:07:19.430,binance,ADA/USDT:USDT,0.8266,26100.0,0.8265,38217.0,0.8267,69560.0,0.8268,104319.0
1753600039572,07:07:19.572,binance,ADA/USDT:USDT,0.8266,26411.0,0.8265,38242.0,0.8267,69512.0,0.8268,104319.0
1753600039700,07:07:19.700,binance,ADA/USDT:USDT,0.8266,26411.0,0.8265,38242.0,0.8267,69512.0,0.8268,104319.0
1753600039953,07:07:19.953,binance,ADA/USDT:USDT,0.8266,17204.0,0.8265,38217.0,0.8267,76089.0,0.8268,104319.0
1753600040095,07:07:20.095,binance,ADA/USDT:USDT,0.8266,17551.0,0.8265,38217.0,0.8267,70138.0,0.8268,107119.0
1753600040197,07:07:20.197,binance,ADA/USDT:USDT,0.8266,17551.0,0.8265,38217.0,0.8267,69290.0,0.8268,107119.0
1753600040298,07:07:20.298,binance,ADA/USDT:USDT,0.8266,17551.0,0.8265,38217.0,0.8267,91215.0,0.8268,93598.0
1753600040414,07:07:20.414,binance,ADA/USDT:USDT,0.8266,17551.0,0.8265,38217.0,0.8267,91214.0,0.8268,93598.0
1753600040515,07:07:20.515,binance,ADA/USDT:USDT,0.8266,17551.0,0.8265,38217.0,0.8267,85263.0,0.8268,93598.0
1753600040632,07:07:20.632,binance,ADA/USDT:USDT,0.8266,17551.0,0.8265,38217.0,0.8267,91214.0,0.8268,93598.0
1753600040737,07:07:20.737,binance,ADA/USDT:USDT,0.8266,17551.0,0.8265,47757.0,0.8267,91214.0,0.8268,93598.0
1753600040859,07:07:20.859,binance,ADA/USDT:USDT,0.8266,17551.0,0.8265,47757.0,0.8267,73501.0,0.8268,93573.0
1753600040970,07:07:20.970,binance,ADA/USDT:USDT,0.8266,17551.0,0.8265,47757.0,0.8267,73501.0,0.8268,93598.0
1753600041087,07:07:21.087,binance,ADA/USDT:USDT,0.8266,17551.0,0.8265,47782.0,0.8267,73260.0,0.8268,93839.0
1753600041190,07:07:21.190,binance,ADA/USDT:USDT,0.8266,17551.0,0.8265,47757.0,0.8267,73260.0,0.8268,93839.0
1753600041299,07:07:21.299,binance,ADA/USDT:USDT,0.8266,26751.0,0.8265,47782.0,0.8267,59260.0,0.8268,92239.0
1753600041409,07:07:21.409,binance,ADA/USDT:USDT,0.8266,26751.0,0.8265,47782.0,0.8267,43965.0,0.8268,92214.0
1753600041512,07:07:21.512,binance,ADA/USDT:USDT,0.8266,26751.0,0.8265,47782.0,0.8267,45366.0,0.8268,92214.0
1753600041614,07:07:21.614,binance,ADA/USDT:USDT,0.8266,26751.0,0.8265,47782.0,0.8267,45377.0,0.8268,92214.0
1753600041717,07:07:21.717,binance,ADA/USDT:USDT,0.8266,26899.0,0.8265,47757.0,0.8267,45377.0,0.8268,101754.0
1753600041820,07:07:21.820,binance,ADA/USDT:USDT,0.8266,26899.0,0.8265,47757.0,0.8267,45384.0,0.8268,101754.0
1753600041925,07:07:21.925,binance,ADA/USDT:USDT,0.8266,26899.0,0.8265,47757.0,0.8267,45188.0,0.8268,101754.0
1753600042028,07:07:22.028,binance,ADA/USDT:USDT,0.8266,17692.0,0.8265,47757.0,0.8267,45647.0,0.8268,101513.0
1753600042135,07:07:22.135,binance,ADA/USDT:USDT,0.8266,17692.0,0.8265,48557.0,0.8267,45406.0,0.8268,101513.0
1753600042258,07:07:22.258,binance,ADA/USDT:USDT,0.8266,17691.0,0.8265,48557.0,0.8267,46481.0,0.8268,101754.0
1753600042372,07:07:22.372,binance,ADA/USDT:USDT,0.8266,17691.0,0.8265,48557.0,0.8267,46481.0,0.8268,101754.0
1753600042516,07:07:22.516,binance,ADA/USDT:USDT,0.8266,18084.0,0.8265,48557.0,0.8267,46526.0,0.8268,101779.0
1753600042642,07:07:22.642,binance,ADA/USDT:USDT,0.8266,18084.0,0.8265,48557.0,0.8267,46526.0,0.8268,102382.0
1753600042744,07:07:22.744,binance,ADA/USDT:USDT,0.8266,18084.0,0.8265,48557.0,0.8267,46526.0,0.8268,102382.0
1753600042902,07:07:22.902,binance,ADA/USDT:USDT,0.8266,18254.0,0.8265,48557.0,0.8267,53064.0,0.8268,103957.0
1753600043004,07:07:23.004,binance,ADA/USDT:USDT,0.8266,18077.0,0.8265,44928.0,0.8267,65375.0,0.8268,127183.0
1753600043107,07:07:23.107,binance,ADA/USDT:USDT,0.8266,18090.0,0.8265,44928.0,0.8267,58493.0,0.8268,147036.0
1753600043208,07:07:23.208,binance,ADA/USDT:USDT,0.8266,18090.0,0.8265,44928.0,0.8267,48548.0,0.8268,147036.0
1753600043330,07:07:23.330,binance,ADA/USDT:USDT,0.8266,18090.0,0.8265,44928.0,0.8267,57955.0,0.8268,147036.0
1753600043431,07:07:23.431,binance,ADA/USDT:USDT,0.8266,18090.0,0.8265,44830.0,0.8267,63906.0,0.8268,147036.0
1753600043664,07:07:23.664,binance,ADA/USDT:USDT,0.8264,15265.0,0.8263,42891.0,0.8265,67996.0,0.8266,114811.0
1753600043769,07:07:23.769,binance,ADA/USDT:USDT,0.8264,1552.0,0.8263,45069.0,0.8265,83701.0,0.8266,146730.0
1753600043872,07:07:23.872,binance,ADA/USDT:USDT,0.8264,1552.0,0.8263,45077.0,0.8265,77448.0,0.8266,147382.0
1753600043976,07:07:23.976,binance,ADA/USDT:USDT,0.8264,1552.0,0.8263,45077.0,0.8265,77448.0,0.8266,162503.0
1753600044080,07:07:24.080,binance,ADA/USDT:USDT,0.8264,1552.0,0.8263,45077.0,0.8265,77458.0,0.8266,152963.0
1753600044192,07:07:24.192,binance,ADA/USDT:USDT,0.8264,1552.0,0.8263,42922.0,0.8265,77458.0,0.8266,147099.0
1753600044300,07:07:24.300,binance,ADA/USDT:USDT,0.8264,1552.0,0.8263,42922.0,0.8265,77458.0,0.8266,147099.0
1753600044405,07:07:24.405,binance,ADA/USDT:USDT,0.8264,1552.0,0.8263,42922.0,0.8265,77458.0,0.8266,147099.0
1753600044510,07:07:24.510,binance,ADA/USDT:USDT,0.8264,1552.0,0.8263,42922.0,0.8265,77458.0,0.8266,147099.0
1753600044613,07:07:24.613,binance,ADA/USDT:USDT,0.8264,1552.0,0.8263,42922.0,0.8265,93711.0,0.8266,147226.0
1753600044714,07:07:24.714,binance,ADA/USDT:USDT,0.8264,1552.0,0.8263,43164.0,0.8265,87760.0,0.8266,147226.0
1753600044918,07:07:24.918,binance,ADA/USDT:USDT,0.8263,51151.0,0.8262,37117.0,0.8264,40911.0,0.8265,96664.0
1753600045020,07:07:25.020,binance,ADA/USDT:USDT,0.8263,50963.0,0.8262,37715.0,0.8264,40930.0,0.8265,96664.0
1753600045121,07:07:25.121,binance,ADA/USDT:USDT,0.8263,52575.0,0.8262,37889.0,0.8264,40930.0,0.8265,100294.0
1753600045226,07:07:25.226,binance,ADA/USDT:USDT,0.8263,52575.0,0.8262,38144.0,0.8264,42102.0,0.8265,100294.0
1753600045358,07:07:25.358,binance,ADA/USDT:USDT,0.8263,52754.0,0.8262,42016.0,0.8264,45047.0,0.8265,100294.0
1753600045502,07:07:25.502,binance,ADA/USDT:USDT,0.8263,65559.0,0.8262,42265.0,0.8264,45111.0,0.8265,76270.0
1753600045604,07:07:25.604,binance,ADA/USDT:USDT,0.8263,65795.0,0.8262,43167.0,0.8264,45294.0,0.8265,75438.0
1753600045705,07:07:25.705,binance,ADA/USDT:USDT,0.8263,59844.0,0.8262,43045.0,0.8264,45294.0,0.8265,75679.0
1753600045825,07:07:25.825,binance,ADA/USDT:USDT,0.8263,65795.0,0.8262,43285.0,0.8264,45294.0,0.8265,75438.0
1753600045931,07:07:25.931,binance,ADA/USDT:USDT,0.8263,59964.0,0.8262,43285.0,0.8264,28270.0,0.8265,75438.0
1753600046035,07:07:26.035,binance,ADA/USDT:USDT,0.8263,66035.0,0.8262,46085.0,0.8264,19043.0,0.8265,50699.0
1753600046139,07:07:26.139,binance,ADA/USDT:USDT,0.8263,75970.0,0.8262,53554.0,0.8264,21730.0,0.8265,47070.0
1753600046240,07:07:26.240,binance,ADA/USDT:USDT,0.8263,68419.0,0.8262,53554.0,0.8264,21740.0,0.8265,38290.0
1753600046341,07:07:26.341,binance,ADA/USDT:USDT,0.8263,62613.0,0.8262,50216.0,0.8264,22319.0,0.8265,47421.0
1753600046444,07:07:26.444,binance,ADA/USDT:USDT,0.8263,61876.0,0.8262,48219.0,0.8264,22362.0,0.8265,47421.0
1753600046546,07:07:26.546,binance,ADA/USDT:USDT,0.8263,61996.0,0.8262,48314.0,0.8264,22612.0,0.8265,57515.0
1753600046652,07:07:26.652,binance,ADA/USDT:USDT,0.8263,61996.0,0.8262,48314.0,0.8264,22612.0,0.8265,57274.0
1753600046754,07:07:26.754,binance,ADA/USDT:USDT,0.8263,61996.0,0.8262,48741.0,0.8264,22619.0,0.8265,57274.0
1753600046860,07:07:26.860,binance,ADA/USDT:USDT,0.8263,61876.0,0.8262,48257.0,0.8264,22639.0,0.8265,56720.0
1753600046965,07:07:26.965,binance,ADA/USDT:USDT,0.8263,61876.0,0.8262,48257.0,0.8264,22639.0,0.8265,56720.0
1753600047074,07:07:27.074,binance,ADA/USDT:USDT,0.8263,61888.0,0.8262,48040.0,0.8264,22639.0,0.8265,56961.0
1753600047183,07:07:27.183,binance,ADA/USDT:USDT,0.8263,59659.0,0.8262,47833.0,0.8264,22639.0,0.8265,56986.0
1753600047284,07:07:27.284,binance,ADA/USDT:USDT,0.8263,61169.0,0.8262,47858.0,0.8264,22638.0,0.8265,56986.0
1753600047385,07:07:27.385,binance,ADA/USDT:USDT,0.8263,26516.0,0.8262,41881.0,0.8264,37130.0,0.8265,56986.0
1753600047488,07:07:27.488,binance,ADA/USDT:USDT,0.8263,26396.0,0.8262,41881.0,0.8264,43924.0,0.8265,56986.0
1753600047592,07:07:27.592,binance,ADA/USDT:USDT,0.8263,26300.0,0.8262,41761.0,0.8264,33618.0,0.8265,57570.0
1753600047695,07:07:27.695,binance,ADA/USDT:USDT,0.8263,26300.0,0.8262,41761.0,0.8264,51728.0,0.8265,57570.0
1753600047800,07:07:27.800,binance,ADA/USDT:USDT,0.8263,11316.0,0.8262,41147.0,0.8264,60973.0,0.8265,79399.0
1753600047901,07:07:27.901,binance,ADA/USDT:USDT,0.8263,11196.0,0.8262,30919.0,0.8264,60993.0,0.8265,79399.0
1753600048051,07:07:28.051,binance,ADA/USDT:USDT,0.8263,11196.0,0.8262,30919.0,0.8264,69551.0,0.8265,79399.0
1753600048164,07:07:28.164,binance,ADA/USDT:USDT,0.8263,9867.0,0.8262,27289.0,0.8264,69551.0,0.8265,82199.0
1753600048267,07:07:28.267,binance,ADA/USDT:USDT,0.8263,9892.0,0.8262,27289.0,0.8264,69367.0,0.8265,110383.0
1753600048484,07:07:28.484,binance,ADA/USDT:USDT,0.8263,4088.0,0.8262,25788.0,0.8264,69340.0,0.8265,115004.0
1753600048585,07:07:28.585,binance,ADA/USDT:USDT,0.8263,2967.0,0.8262,25788.0,0.8264,63062.0,0.8265,116214.0
1753600048690,07:07:28.690,binance,ADA/USDT:USDT,0.8263,2967.0,0.8262,25788.0,0.8264,54558.0,0.8265,116214.0
1753600048796,07:07:28.796,binance,ADA/USDT:USDT,0.8263,25943.0,0.8262,26030.0,0.8264,32403.0,0.8265,86209.0
1753600048910,07:07:28.910,binance,ADA/USDT:USDT,0.8263,25963.0,0.8262,26030.0,0.8264,32403.0,0.8265,86209.0
1753600049018,07:07:29.018,binance,ADA/USDT:USDT,0.8263,25963.0,0.8262,26030.0,0.8264,32403.0,0.8265,86209.0
1753600049151,07:07:29.151,binance,ADA/USDT:USDT,0.8263,25963.0,0.8262,26830.0,0.8264,32403.0,0.8265,86209.0
1753600049256,07:07:29.256,binance,ADA/USDT:USDT,0.8263,25963.0,0.8262,26830.0,0.8264,32892.0,0.8265,89224.0
1753600049381,07:07:29.381,binance,ADA/USDT:USDT,0.8263,25963.0,0.8262,26588.0,0.8264,32899.0,0.8265,89224.0
1753600049553,07:07:29.553,binance,ADA/USDT:USDT,0.8263,37937.0,0.8262,41791.0,0.8264,32725.0,0.8265,89224.0
1753600049661,07:07:29.661,binance,ADA/USDT:USDT,0.8263,45716.0,0.8262,40817.0,0.8264,23478.0,0.8265,52011.0
1753600049764,07:07:29.764,binance,ADA/USDT:USDT,0.8263,45605.0,0.8262,45538.0,0.8264,23360.0,0.8265,61551.0
1753600049869,07:07:29.869,binance,ADA/USDT:USDT,0.8263,45517.0,0.8262,45778.0,0.8264,23282.0,0.8265,61541.0
1753600050008,07:07:30.008,binance,ADA/USDT:USDT,0.8263,45265.0,0.8262,45778.0,0.8264,23175.0,0.8265,61541.0
1753600050116,07:07:30.116,binance,ADA/USDT:USDT,0.8263,45260.0,0.8262,45803.0,0.8264,23442.0,0.8265,61300.0
1753600050245,07:07:30.245,binance,ADA/USDT:USDT,0.8264,111088.0,0.8263,76107.0,0.8265,16518.0,0.8266,137999.0
1753600050346,07:07:30.346,binance,ADA/USDT:USDT,0.8264,76274.0,0.8263,64271.0,0.8265,21712.0,0.8266,85295.0
1753600050459,07:07:30.459,binance,ADA/USDT:USDT,0.8264,69755.0,0.8263,64405.0,0.8265,18697.0,0.8266,88125.0
1753600050583,07:07:30.583,binance,ADA/USDT:USDT,0.8264,75706.0,0.8263,65861.0,0.8265,18697.0,0.8266,91514.0
1753600050703,07:07:30.703,binance,ADA/USDT:USDT,0.8264,44232.0,0.8263,63633.0,0.8265,32939.0,0.8266,109428.0
1753600050805,07:07:30.805,binance,ADA/USDT:USDT,0.8264,61588.0,0.8263,63459.0,0.8265,20867.0,0.8266,100303.0
1753600050921,07:07:30.921,binance,ADA/USDT:USDT,0.8264,44232.0,0.8263,63633.0,0.8265,36300.0,0.8266,100129.0
1753600051025,07:07:31.025,binance,ADA/USDT:USDT,0.8264,59799.0,0.8263,63484.0,0.8265,18724.0,0.8266,100303.0
1753600051130,07:07:31.130,binance,ADA/USDT:USDT,0.8264,54148.0,0.8263,63484.0,0.8265,18724.0,0.8266,95948.0
1753600051249,07:07:31.249,binance,ADA/USDT:USDT,0.8264,54463.0,0.8263,63484.0,0.8265,19215.0,0.8266,95948.0
1753600051351,07:07:31.351,binance,ADA/USDT:USDT,0.8264,54470.0,0.8263,63474.0,0.8265,19225.0,0.8266,95948.0
1753600051452,07:07:31.452,binance,ADA/USDT:USDT,0.8264,54470.0,0.8263,63474.0,0.8265,19225.0,0.8266,95948.0
1753600051605,07:07:31.605,binance,ADA/USDT:USDT,0.8264,54563.0,0.8263,67580.0,0.8265,19225.0,0.8266,96532.0
1753600051730,07:07:31.730,binance,ADA/USDT:USDT,0.8264,54586.0,0.8263,67580.0,0.8265,9808.0,0.8266,95948.0
1753600051837,07:07:31.837,binance,ADA/USDT:USDT,0.8264,54586.0,0.8263,67521.0,0.8265,10296.0,0.8266,95948.0
1753600051941,07:07:31.941,binance,ADA/USDT:USDT,0.8264,54586.0,0.8263,67521.0,0.8265,10296.0,0.8266,95948.0
1753600052062,07:07:32.062,binance,ADA/USDT:USDT,0.8264,52285.0,0.8263,67521.0,0.8265,10296.0,0.8266,91845.0
1753600052187,07:07:32.187,binance,ADA/USDT:USDT,0.8264,52285.0,0.8263,67521.0,0.8265,10296.0,0.8266,91845.0
1753600052296,07:07:32.296,binance,ADA/USDT:USDT,0.8264,52623.0,0.8263,70683.0,0.8265,10289.0,0.8266,91845.0
1753600052407,07:07:32.407,binance,ADA/USDT:USDT,0.8264,52623.0,0.8263,73336.0,0.8265,19706.0,0.8266,91845.0
1753600052516,07:07:32.516,binance,ADA/USDT:USDT,0.8264,52623.0,0.8263,73216.0,0.8265,19706.0,0.8266,91629.0
1753600052630,07:07:32.630,binance,ADA/USDT:USDT,0.8264,52623.0,0.8263,73216.0,0.8265,19835.0,0.8266,92206.0
1753600052765,07:07:32.765,binance,ADA/USDT:USDT,0.8264,52623.0,0.8263,73216.0,0.8265,19835.0,0.8266,92447.0
1753600052879,07:07:32.879,binance,ADA/USDT:USDT,0.8264,52623.0,0.8263,73336.0,0.8265,10418.0,0.8266,92447.0
1753600052986,07:07:32.986,binance,ADA/USDT:USDT,0.8264,52623.0,0.8263,73336.0,0.8265,10418.0,0.8266,92447.0
1753600053100,07:07:33.100,binance,ADA/USDT:USDT,0.8264,52623.0,0.8263,73336.0,0.8265,10418.0,0.8266,92447.0
1753600053205,07:07:33.205,binance,ADA/USDT:USDT,0.8264,52582.0,0.8263,73336.0,0.8265,10418.0,0.8266,92472.0
1753600053313,07:07:33.313,binance,ADA/USDT:USDT,0.8264,52541.0,0.8263,73336.0,0.8265,10588.0,0.8266,91870.0
1753600053415,07:07:33.415,binance,ADA/USDT:USDT,0.8265,84590.0,0.8264,54473.0,0.8266,23976.0,0.8267,94959.0
1753600053516,07:07:33.516,binance,ADA/USDT:USDT,0.8266,64972.0,0.8265,72981.0,0.8267,41804.0,0.8268,107834.0
1753600053617,07:07:33.617,binance,ADA/USDT:USDT,0.8266,65491.0,0.8265,77357.0,0.8267,23056.0,0.8268,104818.0
1753600053723,07:07:33.723,binance,ADA/USDT:USDT,0.8266,67269.0,0.8265,80019.0,0.8267,23056.0,0.8268,108447.0
1753600053826,07:07:33.826,binance,ADA/USDT:USDT,0.8266,67269.0,0.8265,80819.0,0.8267,23297.0,0.8268,123383.0
1753600053929,07:07:33.929,binance,ADA/USDT:USDT,0.8266,65491.0,0.8265,80019.0,0.8267,23297.0,0.8268,123383.0
1753600054033,07:07:34.033,binance,ADA/USDT:USDT,0.8266,65491.0,0.8265,80019.0,0.8267,23297.0,0.8268,123383.0
1753600054134,07:07:34.134,binance,ADA/USDT:USDT,0.8266,65491.0,0.8265,80019.0,0.8267,23297.0,0.8268,123383.0
1753600054246,07:07:34.246,binance,ADA/USDT:USDT,0.8266,65491.0,0.8265,80019.0,0.8267,23297.0,0.8268,123383.0
1753600054362,07:07:34.362,binance,ADA/USDT:USDT,0.8266,65917.0,0.8265,80019.0,0.8267,23345.0,0.8268,123383.0
1753600054472,07:07:34.472,binance,ADA/USDT:USDT,0.8266,65917.0,0.8265,80026.0,0.8267,23345.0,0.8268,121470.0
1753600054574,07:07:34.574,binance,ADA/USDT:USDT,0.8266,73903.0,0.8265,80026.0,0.8267,23058.0,0.8268,121758.0
1753600054686,07:07:34.686,binance,ADA/USDT:USDT,0.8266,79854.0,0.8265,80144.0,0.8267,20023.0,0.8268,95532.0
1753600054792,07:07:34.792,binance,ADA/USDT:USDT,0.8266,55484.0,0.8265,83749.0,0.8267,32176.0,0.8268,95532.0
1753600054898,07:07:34.898,binance,ADA/USDT:USDT,0.8266,55812.0,0.8265,83511.0,0.8267,26292.0,0.8268,95532.0
1753600055004,07:07:35.004,binance,ADA/USDT:USDT,0.8266,55812.0,0.8265,83536.0,0.8267,20025.0,0.8268,95532.0
1753600055105,07:07:35.105,binance,ADA/USDT:USDT,0.8266,55812.0,0.8265,83536.0,0.8267,19758.0,0.8268,95773.0
1753600055336,07:07:35.336,binance,ADA/USDT:USDT,0.8266,55812.0,0.8265,83511.0,0.8267,26179.0,0.8268,95557.0
1753600055450,07:07:35.450,binance,ADA/USDT:USDT,0.8266,55812.0,0.8265,83511.0,0.8267,11176.0,0.8268,95773.0
1753600055586,07:07:35.586,binance,ADA/USDT:USDT,0.8266,55812.0,0.8265,83511.0,0.8267,11176.0,0.8268,96386.0
1753600055695,07:07:35.695,binance,ADA/USDT:USDT,0.8266,72703.0,0.8265,89136.0,0.8267,11176.0,0.8268,78172.0
1753600055802,07:07:35.802,binance,ADA/USDT:USDT,0.8266,59012.0,0.8265,89229.0,0.8267,11176.0,0.8268,77931.0
1753600055909,07:07:35.909,binance,ADA/USDT:USDT,0.8266,72703.0,0.8265,89254.0,0.8267,11176.0,0.8268,77931.0
1753600056025,07:07:36.025,binance,ADA/USDT:USDT,0.8266,72703.0,0.8265,89254.0,0.8267,11176.0,0.8268,78172.0
1753600056161,07:07:36.161,binance,ADA/USDT:USDT,0.8266,73077.0,0.8265,89229.0,0.8267,11176.0,0.8268,70952.0
1753600056269,07:07:36.269,binance,ADA/USDT:USDT,0.8266,67126.0,0.8265,89253.0,0.8267,11176.0,0.8268,70952.0
1753600056386,07:07:36.386,binance,ADA/USDT:USDT,0.8266,73077.0,0.8265,89253.0,0.8267,11684.0,0.8268,70952.0
1753600056672,07:07:36.672,binance,ADA/USDT:USDT,0.8266,73239.0,0.8265,89493.0,0.8267,11677.0,0.8268,70952.0
1753600056775,07:07:36.775,binance,ADA/USDT:USDT,0.8266,73239.0,0.8265,89493.0,0.8267,11677.0,0.8268,70952.0
1753600056886,07:07:36.886,binance,ADA/USDT:USDT,0.8266,73239.0,0.8265,89493.0,0.8267,11677.0,0.8268,70952.0
1753600057013,07:07:37.013,binance,ADA/USDT:USDT,0.8266,73239.0,0.8265,89493.0,0.8267,11677.0,0.8268,70952.0
1753600057163,07:07:37.163,binance,ADA/USDT:USDT,0.8267,100223.0,0.8266,61138.0,0.8268,26036.0,0.8269,96653.0
1753600057264,07:07:37.264,binance,ADA/USDT:USDT,0.8267,98836.0,0.8266,57886.0,0.8268,25949.0,0.8269,93085.0
1753600057385,07:07:37.385,binance,ADA/USDT:USDT,0.8267,93304.0,0.8266,54095.0,0.8268,23234.0,0.8269,96100.0
1753600057487,07:07:37.487,binance,ADA/USDT:USDT,0.8267,93304.0,0.8266,54095.0,0.8268,23234.0,0.8269,95915.0
1753600057626,07:07:37.626,binance,ADA/USDT:USDT,0.8267,93304.0,0.8266,54673.0,0.8268,23227.0,0.8269,95915.0
1753600057735,07:07:37.735,binance,ADA/USDT:USDT,0.8267,93304.0,0.8266,54673.0,0.8268,23227.0,0.8269,95915.0
1753600057854,07:07:37.854,binance,ADA/USDT:USDT,0.8267,85564.0,0.8266,54673.0,0.8268,23227.0,0.8269,95926.0
1753600057990,07:07:37.990,binance,ADA/USDT:USDT,0.8267,63148.0,0.8266,51848.0,0.8268,23227.0,0.8269,95926.0
1753600058109,07:07:38.109,binance,ADA/USDT:USDT,0.8267,63148.0,0.8266,51873.0,0.8268,23227.0,0.8269,95926.0
1753600058235,07:07:38.235,binance,ADA/USDT:USDT,0.8267,55499.0,0.8266,51356.0,0.8268,34209.0,0.8269,95926.0
1753600058336,07:07:38.336,binance,ADA/USDT:USDT,0.8267,55499.0,0.8266,51381.0,0.8268,32666.0,0.8269,95926.0
1753600058441,07:07:38.441,binance,ADA/USDT:USDT,0.8267,56492.0,0.8266,51111.0,0.8268,32649.0,0.8269,95926.0
1753600058554,07:07:38.554,binance,ADA/USDT:USDT,0.8267,56179.0,0.8266,51260.0,0.8268,50149.0,0.8269,96376.0
1753600058659,07:07:38.659,binance,ADA/USDT:USDT,0.8267,56197.0,0.8266,51260.0,0.8268,50149.0,0.8269,96376.0
1753600058765,07:07:38.765,binance,ADA/USDT:USDT,0.8267,56228.0,0.8266,53040.0,0.8268,44198.0,0.8269,96351.0
1753600058871,07:07:38.871,binance,ADA/USDT:USDT,0.8267,56228.0,0.8266,52866.0,0.8268,32649.0,0.8269,96525.0
1753600058973,07:07:38.973,binance,ADA/USDT:USDT,0.8267,56228.0,0.8266,52866.0,0.8268,32649.0,0.8269,96525.0
1753600059083,07:07:39.083,binance,ADA/USDT:USDT,0.8267,70118.0,0.8266,52866.0,0.8268,32649.0,0.8269,96525.0
1753600059206,07:07:39.206,binance,ADA/USDT:USDT,0.8267,64391.0,0.8266,52891.0,0.8268,32649.0,0.8269,96525.0
1753600059315,07:07:39.315,binance,ADA/USDT:USDT,0.8267,56828.0,0.8266,52536.0,0.8268,33938.0,0.8269,96525.0
1753600059417,07:07:39.417,binance,ADA/USDT:USDT,0.8267,71578.0,0.8266,52536.0,0.8268,33961.0,0.8269,96525.0
1753600059549,07:07:39.549,binance,ADA/USDT:USDT,0.8267,71578.0,0.8266,52536.0,0.8268,33961.0,0.8269,96525.0
1753600059662,07:07:39.662,binance,ADA/USDT:USDT,0.8267,73658.0,0.8266,52536.0,0.8268,33961.0,0.8269,96525.0
1753600059783,07:07:39.783,binance,ADA/USDT:USDT,0.8267,26446.0,0.8266,49648.0,0.8268,58998.0,0.8269,99176.0
1753600059885,07:07:39.885,binance,ADA/USDT:USDT,0.8267,14646.0,0.8266,48848.0,0.8268,58667.0,0.8269,112100.0
1753600059987,07:07:39.987,binance,ADA/USDT:USDT,0.8267,7626.0,0.8266,48848.0,0.8268,58667.0,0.8269,112100.0
1753600060088,07:07:40.088,binance,ADA/USDT:USDT,0.8267,14646.0,0.8266,48848.0,0.8268,58687.0,0.8269,129638.0
1753600060209,07:07:40.209,binance,ADA/USDT:USDT,0.8267,14653.0,0.8266,48873.0,0.8268,44871.0,0.8269,129613.0
1753600060320,07:07:40.320,binance,ADA/USDT:USDT,0.8267,15911.0,0.8266,48848.0,0.8268,54087.0,0.8269,120073.0
1753600060427,07:07:40.427,binance,ADA/USDT:USDT,0.8267,17520.0,0.8266,61373.0,0.8268,54083.0,0.8269,120193.0
1753600060543,07:07:40.543,binance,ADA/USDT:USDT,0.8267,26937.0,0.8266,61966.0,0.8268,54201.0,0.8269,120193.0
1753600060656,07:07:40.656,binance,ADA/USDT:USDT,0.8267,26937.0,0.8266,61966.0,0.8268,54321.0,0.8269,120313.0
1753600060761,07:07:40.761,binance,ADA/USDT:USDT,0.8267,17520.0,0.8266,61348.0,0.8268,54441.0,0.8269,120313.0
1753600060882,07:07:40.882,binance,ADA/USDT:USDT,0.8267,17520.0,0.8266,61348.0,0.8268,64020.0,0.8269,116710.0
1753600060983,07:07:40.983,binance,ADA/USDT:USDT,0.8267,17520.0,0.8266,61348.0,0.8268,72143.0,0.8269,116710.0
1753600061097,07:07:41.097,binance,ADA/USDT:USDT,0.8267,17399.0,0.8266,61348.0,0.8268,72143.0,0.8269,116710.0
1753600061206,07:07:41.206,binance,ADA/USDT:USDT,0.8267,17400.0,0.8266,61355.0,0.8268,74766.0,0.8269,116830.0
1753600061321,07:07:41.321,binance,ADA/USDT:USDT,0.8267,17400.0,0.8266,61355.0,0.8268,74902.0,0.8269,117133.0
1753600061423,07:07:41.423,binance,ADA/USDT:USDT,0.8267,17399.0,0.8266,61355.0,0.8268,74562.0,0.8269,117133.0
1753600061525,07:07:41.525,binance,ADA/USDT:USDT,0.8267,26726.0,0.8266,61380.0,0.8268,51256.0,0.8269,117108.0
1753600061638,07:07:41.638,binance,ADA/USDT:USDT,0.8267,26746.0,0.8266,61942.0,0.8268,47628.0,0.8269,120736.0
1753600061758,07:07:41.758,binance,ADA/USDT:USDT,0.8267,26746.0,0.8266,61942.0,0.8268,47628.0,0.8269,120736.0
1753600061981,07:07:41.981,binance,ADA/USDT:USDT,0.8267,37412.0,0.8266,61942.0,0.8268,47454.0,0.8269,103259.0
1753600062082,07:07:42.082,binance,ADA/USDT:USDT,0.8267,53380.0,0.8266,61768.0,0.8268,38238.0,0.8269,99860.0
1753600062186,07:07:42.186,binance,ADA/USDT:USDT,0.8267,45863.0,0.8266,61942.0,0.8268,38238.0,0.8269,99860.0
1753600062291,07:07:42.291,binance,ADA/USDT:USDT,0.8267,28667.0,0.8266,61942.0,0.8268,38412.0,0.8269,99686.0
1753600062417,07:07:42.417,binance,ADA/USDT:USDT,0.8267,28667.0,0.8266,61942.0,0.8268,38587.0,0.8269,99686.0
1753600062525,07:07:42.525,binance,ADA/USDT:USDT,0.8267,28666.0,0.8266,61942.0,0.8268,35912.0,0.8269,99686.0
1753600062642,07:07:42.642,binance,ADA/USDT:USDT,0.8267,42742.0,0.8266,61928.0,0.8268,35618.0,0.8269,100036.0
1753600062798,07:07:42.798,binance,ADA/USDT:USDT,0.8267,42742.0,0.8266,61928.0,0.8268,35618.0,0.8269,100036.0
1753600062901,07:07:42.901,binance,ADA/USDT:USDT,0.8267,17353.0,0.8266,61324.0,0.8268,51305.0,0.8269,102662.0
1753600063008,07:07:43.008,binance,ADA/USDT:USDT,0.8267,17353.0,0.8266,61324.0,0.8268,51305.0,0.8269,105487.0
1753600063114,07:07:43.114,binance,ADA/USDT:USDT,0.8267,26770.0,0.8266,61349.0,0.8268,35674.0,0.8269,99862.0
1753600063235,07:07:43.235,binance,ADA/USDT:USDT,0.8267,32746.0,0.8266,61349.0,0.8268,35674.0,0.8269,99851.0
1753600063410,07:07:43.410,binance,ADA/USDT:USDT,0.8267,27620.0,0.8266,61349.0,0.8268,35754.0,0.8269,99862.0
1753600063553,07:07:43.553,binance,ADA/USDT:USDT,0.8267,26982.0,0.8266,61932.0,0.8268,35754.0,0.8269,99862.0
1753600063656,07:07:43.656,binance,ADA/USDT:USDT,0.8267,43955.0,0.8266,61932.0,0.8268,35754.0,0.8269,99851.0
1753600063757,07:07:43.757,binance,ADA/USDT:USDT,0.8267,42605.0,0.8266,61932.0,0.8268,35754.0,0.8269,99862.0
1753600063873,07:07:43.873,binance,ADA/USDT:USDT,0.8267,32933.0,0.8266,61932.0,0.8268,35754.0,0.8269,99862.0
1753600063988,07:07:43.988,binance,ADA/USDT:USDT,0.8267,32933.0,0.8266,61932.0,0.8268,35754.0,0.8269,99862.0
1753600064093,07:07:44.093,binance,ADA/USDT:USDT,0.8267,33440.0,0.8266,61932.0,0.8268,35748.0,0.8269,99862.0
1753600064200,07:07:44.200,binance,ADA/USDT:USDT,0.8267,34226.0,0.8266,61932.0,0.8268,35748.0,0.8269,99862.0
1753600064305,07:07:44.305,binance,ADA/USDT:USDT,0.8267,34223.0,0.8266,61932.0,0.8268,35748.0,0.8269,99862.0
1753600064428,07:07:44.428,binance,ADA/USDT:USDT,0.8267,27472.0,0.8266,61932.0,0.8268,36106.0,0.8269,99862.0
1753600064580,07:07:44.580,binance,ADA/USDT:USDT,0.8267,27472.0,0.8266,61932.0,0.8268,36106.0,0.8269,99862.0
1753600064682,07:07:44.682,binance,ADA/USDT:USDT,0.8267,41281.0,0.8266,65561.0,0.8268,35932.0,0.8269,100036.0
1753600064784,07:07:44.784,binance,ADA/USDT:USDT,0.8267,45006.0,0.8266,66361.0,0.8268,35932.0,0.8269,100025.0
1753600064891,07:07:44.891,binance,ADA/USDT:USDT,0.8267,43641.0,0.8266,65561.0,0.8268,35932.0,0.8269,100036.0
1753600065033,07:07:45.033,binance,ADA/USDT:USDT,0.8267,57009.0,0.8266,65387.0,0.8268,26575.0,0.8269,99317.0
1753600065180,07:07:45.180,binance,ADA/USDT:USDT,0.8267,43641.0,0.8266,65561.0,0.8268,36166.0,0.8269,99143.0
1753600065445,07:07:45.445,binance,ADA/USDT:USDT,0.8267,38345.0,0.8266,65536.0,0.8268,36309.0,0.8269,99143.0
1753600065551,07:07:45.551,binance,ADA/USDT:USDT,0.8267,29380.0,0.8266,65536.0,0.8268,36309.0,0.8269,99763.0
1753600065667,07:07:45.667,binance,ADA/USDT:USDT,0.8267,29380.0,0.8266,65536.0,0.8268,42260.0,0.8269,99763.0
1753600065809,07:07:45.809,binance,ADA/USDT:USDT,0.8267,29380.0,0.8266,65536.0,0.8268,36309.0,0.8269,99763.0
1753600065952,07:07:45.952,binance,ADA/USDT:USDT,0.8267,41543.0,0.8266,65536.0,0.8268,36135.0,0.8269,99738.0
1753600066146,07:07:46.146,binance,ADA/USDT:USDT,0.8267,29414.0,0.8266,65536.0,0.8268,36309.0,0.8269,99738.0
1753600066252,07:07:46.252,binance,ADA/USDT:USDT,0.8267,29414.0,0.8266,65536.0,0.8268,36309.0,0.8269,99738.0
1753600066355,07:07:46.355,binance,ADA/USDT:USDT,0.8267,29414.0,0.8266,64953.0,0.8268,36309.0,0.8269,109303.0
1753600066474,07:07:46.474,binance,ADA/USDT:USDT,0.8267,49317.0,0.8266,64953.0,0.8268,36061.0,0.8269,109278.0
1753600066575,07:07:46.575,binance,ADA/USDT:USDT,0.8267,46823.0,0.8266,65568.0,0.8268,31561.0,0.8269,112078.0
1753600066678,07:07:46.678,binance,ADA/USDT:USDT,0.8267,29484.0,0.8266,65543.0,0.8268,31735.0,0.8269,112078.0
1753600066831,07:07:46.831,binance,ADA/USDT:USDT,0.8267,61958.0,0.8266,66169.0,0.8268,24650.0,0.8269,99186.0
1753600066998,07:07:46.998,binance,ADA/USDT:USDT,0.8267,29507.0,0.8266,65744.0,0.8268,43113.0,0.8269,108563.0
1753600067099,07:07:47.099,binance,ADA/USDT:USDT,0.8267,27594.0,0.8266,64944.0,0.8268,43138.0,0.8269,108563.0
1753600067205,07:07:47.205,binance,ADA/USDT:USDT,0.8267,27594.0,0.8266,64978.0,0.8268,27541.0,0.8269,108563.0
1753600067310,07:07:47.310,binance,ADA/USDT:USDT,0.8267,27594.0,0.8266,65778.0,0.8268,27541.0,0.8269,108563.0
1753600067422,07:07:47.422,binance,ADA/USDT:USDT,0.8267,18177.0,0.8266,64953.0,0.8268,39244.0,0.8269,108563.0
1753600067534,07:07:47.534,binance,ADA/USDT:USDT,0.8267,18174.0,0.8266,64953.0,0.8268,45195.0,0.8269,108588.0
1753600067642,07:07:47.642,binance,ADA/USDT:USDT,0.8267,18174.0,0.8266,64953.0,0.8268,52606.0,0.8269,109188.0
1753600067821,07:07:47.821,binance,ADA/USDT:USDT,0.8267,18180.0,0.8266,64953.0,0.8268,52606.0,0.8269,109188.0
1753600067957,07:07:47.957,binance,ADA/USDT:USDT,0.8267,8953.0,0.8266,61324.0,0.8268,52606.0,0.8269,116388.0
1753600068065,07:07:48.065,binance,ADA/USDT:USDT,0.8267,18149.0,0.8266,46911.0,0.8268,52606.0,0.8269,116388.0
1753600068174,07:07:48.174,binance,ADA/USDT:USDT,0.8267,8962.0,0.8266,46911.0,0.8268,52606.0,0.8269,116388.0
1753600068289,07:07:48.289,binance,ADA/USDT:USDT,0.8267,18169.0,0.8266,55911.0,0.8268,39003.0,0.8269,116843.0
1753600068392,07:07:48.392,binance,ADA/USDT:USDT,0.8267,18170.0,0.8266,55936.0,0.8268,39003.0,0.8269,116843.0
1753600068506,07:07:48.506,binance,ADA/USDT:USDT,0.8267,8982.0,0.8266,55911.0,0.8268,52524.0,0.8269,116843.0
1753600068609,07:07:48.609,binance,ADA/USDT:USDT,0.8267,8982.0,0.8266,55911.0,0.8268,45113.0,0.8269,116843.0
1753600068714,07:07:48.714,binance,ADA/USDT:USDT,0.8267,35935.0,0.8266,55911.0,0.8268,30094.0,0.8269,107292.0
1753600068825,07:07:48.825,binance,ADA/USDT:USDT,0.8267,29984.0,0.8266,55911.0,0.8268,30094.0,0.8269,116724.0
1753600068942,07:07:48.942,binance,ADA/USDT:USDT,0.8267,29959.0,0.8266,55936.0,0.8268,34569.0,0.8269,116724.0
1753600069075,07:07:49.075,binance,ADA/USDT:USDT,0.8267,29984.0,0.8266,55936.0,0.8268,34569.0,0.8269,116724.0
1753600069209,07:07:49.209,binance,ADA/USDT:USDT,0.8267,29959.0,0.8266,55936.0,0.8268,34569.0,0.8269,116724.0
1753600069376,07:07:49.376,binance,ADA/USDT:USDT,0.8267,29959.0,0.8266,55911.0,0.8268,35786.0,0.8269,116724.0
1753600069483,07:07:49.483,binance,ADA/USDT:USDT,0.8267,30975.0,0.8266,46911.0,0.8268,43101.0,0.8269,116724.0
1753600069587,07:07:49.587,binance,ADA/USDT:USDT,0.8267,31197.0,0.8266,47496.0,0.8268,43101.0,0.8269,116483.0
1753600069695,07:07:49.695,binance,ADA/USDT:USDT,0.8267,11438.0,0.8266,46911.0,0.8268,56704.0,0.8269,116483.0
1753600069802,07:07:49.802,binance,ADA/USDT:USDT,0.8267,10090.0,0.8266,46911.0,0.8268,56333.0,0.8269,116724.0
1753600069906,07:07:49.906,binance,ADA/USDT:USDT,0.8267,9962.0,0.8266,46911.0,0.8268,56205.0,0.8269,116724.0
1753600070026,07:07:50.026,binance,ADA/USDT:USDT,0.8267,9962.0,0.8266,46911.0,0.8268,50254.0,0.8269,116749.0
1753600070138,07:07:50.138,binance,ADA/USDT:USDT,0.8267,9901.0,0.8266,46911.0,0.8268,50193.0,0.8269,116749.0
1753600070268,07:07:50.268,binance,ADA/USDT:USDT,0.8267,10011.0,0.8266,46911.0,0.8268,56144.0,0.8269,116749.0
1753600070396,07:07:50.396,binance,ADA/USDT:USDT,0.8267,10035.0,0.8266,46911.0,0.8268,42903.0,0.8269,116844.0
1753600070522,07:07:50.522,binance,ADA/USDT:USDT,0.8267,19254.0,0.8266,46911.0,0.8268,45133.0,0.8269,116603.0
1753600070635,07:07:50.635,binance,ADA/USDT:USDT,0.8267,41937.0,0.8266,48829.0,0.8268,26083.0,0.8269,94255.0
1753600070782,07:07:50.782,binance,ADA/USDT:USDT,0.8267,35961.0,0.8266,48854.0,0.8268,32484.0,0.8269,94496.0
1753600070894,07:07:50.894,binance,ADA/USDT:USDT,0.8267,35986.0,0.8266,48854.0,0.8268,32484.0,0.8269,94496.0
1753600071003,07:07:51.003,binance,ADA/USDT:USDT,0.8267,35787.0,0.8266,49003.0,0.8268,39253.0,0.8269,94347.0
1753600071124,07:07:51.124,binance,ADA/USDT:USDT,0.8267,35787.0,0.8266,49003.0,0.8268,39253.0,0.8269,94322.0
1753600071233,07:07:51.233,binance,ADA/USDT:USDT,0.8267,46309.0,0.8266,48829.0,0.8268,26083.0,0.8269,91696.0
1753600071339,07:07:51.339,binance,ADA/USDT:USDT,0.8267,40358.0,0.8266,48829.0,0.8268,26083.0,0.8269,91696.0
1753600071460,07:07:51.460,binance,ADA/USDT:USDT,0.8267,46337.0,0.8266,48854.0,0.8268,26069.0,0.8269,91696.0
1753600071566,07:07:51.566,binance,ADA/USDT:USDT,0.8267,35974.0,0.8266,49436.0,0.8268,25949.0,0.8269,91455.0
1753600071741,07:07:51.741,binance,ADA/USDT:USDT,0.8267,41925.0,0.8266,50236.0,0.8268,25949.0,0.8269,91696.0
1753600071898,07:07:51.898,binance,ADA/USDT:USDT,0.8267,35949.0,0.8266,50236.0,0.8268,25949.0,0.8269,91696.0
1753600072006,07:07:52.006,binance,ADA/USDT:USDT,0.8267,50550.0,0.8266,50236.0,0.8268,23513.0,0.8269,91696.0
1753600072142,07:07:52.142,binance,ADA/USDT:USDT,0.8267,50550.0,0.8266,50236.0,0.8268,23395.0,0.8269,91696.0
1753600072254,07:07:52.254,binance,ADA/USDT:USDT,0.8267,57473.0,0.8266,53036.0,0.8268,13978.0,0.8269,90965.0
1753600072355,07:07:52.355,binance,ADA/USDT:USDT,0.8267,67934.0,0.8266,53036.0,0.8268,13722.0,0.8269,81425.0
1753600072459,07:07:52.459,binance,ADA/USDT:USDT,0.8267,55022.0,0.8266,53036.0,0.8268,13795.0,0.8269,90976.0
1753600072560,07:07:52.560,binance,ADA/USDT:USDT,0.8267,55023.0,0.8266,53036.0,0.8268,13795.0,0.8269,91573.0
1753600072671,07:07:52.671,binance,ADA/USDT:USDT,0.8267,55044.0,0.8266,53036.0,0.8268,13805.0,0.8269,91573.0
1753600072774,07:07:52.774,binance,ADA/USDT:USDT,0.8267,55045.0,0.8266,53036.0,0.8268,13805.0,0.8269,90976.0
1753600072902,07:07:52.902,binance,ADA/USDT:USDT,0.8267,67944.0,0.8266,55836.0,0.8268,13685.0,0.8269,81425.0
1753600073020,07:07:53.020,binance,ADA/USDT:USDT,0.8267,67944.0,0.8266,55836.0,0.8268,13685.0,0.8269,80782.0
1753600073121,07:07:53.121,binance,ADA/USDT:USDT,0.8268,59926.0,0.8267,63067.0,0.8269,48873.0,0.827,47379.0
1753600073223,07:07:53.223,binance,ADA/USDT:USDT,0.8268,42714.0,0.8267,61782.0,0.8269,48873.0,0.827,57442.0
1753600073325,07:07:53.325,binance,ADA/USDT:USDT,0.8268,39506.0,0.8267,61782.0,0.8269,48873.0,0.827,66001.0
1753600073429,07:07:53.429,binance,ADA/USDT:USDT,0.8268,30274.0,0.8267,61782.0,0.8269,48873.0,0.827,66001.0
1753600073538,07:07:53.538,binance,ADA/USDT:USDT,0.8268,30274.0,0.8267,61782.0,0.8269,48692.0,0.827,66001.0
1753600073642,07:07:53.642,binance,ADA/USDT:USDT,0.8268,30274.0,0.8267,62370.0,0.8269,48933.0,0.827,66583.0
1753600073752,07:07:53.752,binance,ADA/USDT:USDT,0.8268,29552.0,0.8267,62370.0,0.8269,48933.0,0.827,66583.0
1753600073861,07:07:53.861,binance,ADA/USDT:USDT,0.8268,39274.0,0.8267,61766.0,0.8269,48933.0,0.827,66583.0
1753600074040,07:07:54.040,binance,ADA/USDT:USDT,0.8268,30067.0,0.8267,61153.0,0.8269,48737.0,0.827,69383.0
1753600074146,07:07:54.146,binance,ADA/USDT:USDT,0.8268,30067.0,0.8267,61153.0,0.8269,48737.0,0.827,69383.0
1753600074247,07:07:54.247,binance,ADA/USDT:USDT,0.8268,30222.0,0.8267,60997.0,0.8269,48737.0,0.827,72183.0
1753600074373,07:07:54.373,binance,ADA/USDT:USDT,0.8268,39423.0,0.8267,60997.0,0.8269,48748.0,0.827,72183.0
1753600074538,07:07:54.538,binance,ADA/USDT:USDT,0.8268,39734.0,0.8267,60713.0,0.8269,48507.0,0.827,72303.0
1753600074642,07:07:54.642,binance,ADA/USDT:USDT,0.8268,49151.0,0.8267,62192.0,0.8269,48507.0,0.827,74072.0
1753600074748,07:07:54.748,binance,ADA/USDT:USDT,0.8268,49384.0,0.8267,61807.0,0.8269,48748.0,0.827,74072.0
1753600074858,07:07:54.858,binance,ADA/USDT:USDT,0.8268,49384.0,0.8267,61807.0,0.8269,48748.0,0.827,74072.0
1753600074997,07:07:54.997,binance,ADA/USDT:USDT,0.8268,49384.0,0.8267,61807.0,0.8269,48748.0,0.827,74072.0
1753600075142,07:07:55.142,binance,ADA/USDT:USDT,0.8268,49384.0,0.8267,61807.0,0.8269,48748.0,0.827,74072.0
1753600075257,07:07:55.257,binance,ADA/USDT:USDT,0.8268,49376.0,0.8267,61807.0,0.8269,48748.0,0.827,74072.0
1753600075372,07:07:55.372,binance,ADA/USDT:USDT,0.8268,50178.0,0.8267,61807.0,0.8269,48748.0,0.827,74072.0
1753600075481,07:07:55.481,binance,ADA/USDT:USDT,0.8268,50361.0,0.8267,61456.0,0.8269,49747.0,0.827,74072.0
1753600075596,07:07:55.596,binance,ADA/USDT:USDT,0.8268,56277.0,0.8267,61456.0,0.8269,34337.0,0.827,73887.0
1753600075712,07:07:55.712,binance,ADA/USDT:USDT,0.8268,50358.0,0.8267,61456.0,0.8269,34337.0,0.827,73887.0
1753600075879,07:07:55.879,binance,ADA/USDT:USDT,0.8268,50358.0,0.8267,61456.0,0.8269,34337.0,0.827,73887.0
1753600075982,07:07:55.982,binance,ADA/USDT:USDT,0.8268,50358.0,0.8267,61456.0,0.8269,34337.0,0.827,73887.0
1753600076086,07:07:56.086,binance,ADA/USDT:USDT,0.8268,50358.0,0.8267,61456.0,0.8269,34337.0,0.827,73887.0
1753600076273,07:07:56.273,binance,ADA/USDT:USDT,0.8268,50357.0,0.8267,62256.0,0.8269,34337.0,0.827,73887.0
1753600076382,07:07:56.382,binance,ADA/USDT:USDT,0.8268,50371.0,0.8267,62256.0,0.8269,34327.0,0.827,73305.0
1753600076540,07:07:56.540,binance,ADA/USDT:USDT,0.8268,50343.0,0.8267,62256.0,0.8269,46238.0,0.827,73305.0
1753600076642,07:07:56.642,binance,ADA/USDT:USDT,0.8267,30464.0,0.8266,58393.0,0.8268,75602.0,0.8269,69811.0
1753600076746,07:07:56.746,binance,ADA/USDT:USDT,0.8267,20056.0,0.8266,49975.0,0.8268,80635.0,0.8269,73428.0
1753600076848,07:07:56.848,binance,ADA/USDT:USDT,0.8267,29493.0,0.8266,49975.0,0.8268,50426.0,0.8269,73309.0
1753600076951,07:07:56.951,binance,ADA/USDT:USDT,0.8267,30855.0,0.8266,49975.0,0.8268,50426.0,0.8269,73309.0
1753600077067,07:07:57.067,binance,ADA/USDT:USDT,0.8267,30855.0,0.8266,49975.0,0.8268,50426.0,0.8269,73309.0
1753600077172,07:07:57.172,binance,ADA/USDT:USDT,0.8267,30855.0,0.8266,49975.0,0.8268,50426.0,0.8269,73309.0
1753600077275,07:07:57.275,binance,ADA/USDT:USDT,0.8267,30860.0,0.8266,49975.0,0.8268,50426.0,0.8269,73309.0
1753600077376,07:07:57.376,binance,ADA/USDT:USDT,0.8267,30879.0,0.8266,49975.0,0.8268,50426.0,0.8269,73309.0
1753600077483,07:07:57.483,binance,ADA/USDT:USDT,0.8267,30884.0,0.8266,49975.0,0.8268,47177.0,0.8269,73309.0
1753600077594,07:07:57.594,binance,ADA/USDT:USDT,0.8267,30884.0,0.8266,50560.0,0.8268,48306.0,0.8269,72840.0
1753600077715,07:07:57.715,binance,ADA/USDT:USDT,0.8267,30884.0,0.8266,50560.0,0.8268,48306.0,0.8269,72840.0
1753600077836,07:07:57.836,binance,ADA/USDT:USDT,0.8267,31058.0,0.8266,50386.0,0.8268,25738.0,0.8269,70214.0
1753600077968,07:07:57.968,binance,ADA/USDT:USDT,0.8267,31058.0,0.8266,50386.0,0.8268,25738.0,0.8269,70214.0
1753600078078,07:07:58.078,binance,ADA/USDT:USDT,0.8267,31058.0,0.8266,50386.0,0.8268,25618.0,0.8269,70214.0
1753600078185,07:07:58.185,binance,ADA/USDT:USDT,0.8267,30888.0,0.8266,51360.0,0.8268,43368.0,0.8269,70040.0
1753600078303,07:07:58.303,binance,ADA/USDT:USDT,0.8267,30895.0,0.8266,51186.0,0.8268,30250.0,0.8269,70214.0
1753600078405,07:07:58.405,binance,ADA/USDT:USDT,0.8267,30895.0,0.8266,51186.0,0.8268,30250.0,0.8269,70214.0
1753600078529,07:07:58.529,binance,ADA/USDT:USDT,0.8267,30902.0,0.8266,51186.0,0.8268,30250.0,0.8269,70222.0
1753600078636,07:07:58.636,binance,ADA/USDT:USDT,0.8267,30898.0,0.8266,51186.0,0.8268,30255.0,0.8269,70222.0
1753600078752,07:07:58.752,binance,ADA/USDT:USDT,0.8267,30933.0,0.8266,51360.0,0.8268,30255.0,0.8269,70222.0
1753600078880,07:07:58.880,binance,ADA/USDT:USDT,0.8267,30933.0,0.8266,51360.0,0.8268,30255.0,0.8269,70222.0
1753600078988,07:07:58.988,binance,ADA/USDT:USDT,0.8267,31254.0,0.8266,51186.0,0.8268,30255.0,0.8269,70222.0
1753600079129,07:07:59.129,binance,ADA/USDT:USDT,0.8267,31107.0,0.8266,51186.0,0.8268,30255.0,0.8269,70222.0
1753600079242,07:07:59.242,binance,ADA/USDT:USDT,0.8267,58333.0,0.8266,57700.0,0.8268,15047.0,0.8269,65232.0
1753600079373,07:07:59.373,binance,ADA/USDT:USDT,0.8267,58443.0,0.8266,57700.0,0.8268,15601.0,0.8269,65232.0
1753600079498,07:07:59.498,binance,ADA/USDT:USDT,0.8267,58443.0,0.8266,57700.0,0.8268,15601.0,0.8269,65232.0
1753600079612,07:07:59.612,binance,ADA/USDT:USDT,0.8267,58443.0,0.8266,57700.0,0.8268,15601.0,0.8269,65232.0
1753600079725,07:07:59.725,binance,ADA/USDT:USDT,0.8267,58445.0,0.8266,57700.0,0.8268,15682.0,0.8269,65232.0
1753600079830,07:07:59.830,binance,ADA/USDT:USDT,0.8267,52494.0,0.8266,57700.0,0.8268,15682.0,0.8269,65232.0
1753600079934,07:07:59.934,binance,ADA/USDT:USDT,0.8267,58445.0,0.8266,57700.0,0.8268,15658.0,0.8269,65232.0
1753600080038,07:08:00.038,binance,ADA/USDT:USDT,0.8267,58445.0,0.8266,57700.0,0.8268,15619.0,0.8269,65473.0
1753600080157,07:08:00.157,binance,ADA/USDT:USDT,0.8267,58445.0,0.8266,57700.0,0.8268,15619.0,0.8269,65473.0
1753600080261,07:08:00.261,binance,ADA/USDT:USDT,0.8267,42968.0,0.8266,57700.0,0.8268,15626.0,0.8269,65473.0
1753600080364,07:08:00.364,binance,ADA/USDT:USDT,0.8267,42968.0,0.8266,57700.0,0.8268,15626.0,0.8269,65473.0
1753600080467,07:08:00.467,binance,ADA/USDT:USDT,0.8267,44583.0,0.8266,57700.0,0.8268,25043.0,0.8269,65473.0
1753600080570,07:08:00.570,binance,ADA/USDT:USDT,0.8267,44583.0,0.8266,57700.0,0.8268,25043.0,0.8269,66054.0
1753600080674,07:08:00.674,binance,ADA/USDT:USDT,0.8267,44583.0,0.8266,57700.0,0.8268,25043.0,0.8269,66054.0
1753600080781,07:08:00.781,binance,ADA/USDT:USDT,0.8267,52391.0,0.8266,58500.0,0.8268,25043.0,0.8269,66054.0
1753600080884,07:08:00.884,binance,ADA/USDT:USDT,0.8267,52391.0,0.8266,58627.0,0.8268,15626.0,0.8269,65473.0
1753600080986,07:08:00.986,binance,ADA/USDT:USDT,0.8267,52391.0,0.8266,58627.0,0.8268,15626.0,0.8269,65473.0
1753600081102,07:08:01.102,binance,ADA/USDT:USDT,0.8267,44583.0,0.8266,58509.0,0.8268,15626.0,0.8269,65473.0
1753600081204,07:08:01.204,binance,ADA/USDT:USDT,0.8267,46157.0,0.8266,58509.0,0.8268,15626.0,0.8269,65473.0
1753600081327,07:08:01.327,binance,ADA/USDT:USDT,0.8267,46157.0,0.8266,58509.0,0.8268,15626.0,0.8269,65473.0
1753600081449,07:08:01.449,binance,ADA/USDT:USDT,0.8267,37584.0,0.8266,58509.0,0.8268,25043.0,0.8269,65473.0
1753600081674,07:08:01.674,binance,ADA/USDT:USDT,0.8267,37408.0,0.8266,58098.0,0.8268,39681.0,0.8269,65638.0
1753600081783,07:08:01.783,binance,ADA/USDT:USDT,0.8267,33053.0,0.8266,55298.0,0.8268,44585.0,0.8269,68679.0
1753600081900,07:08:01.900,binance,ADA/USDT:USDT,0.8267,14188.0,0.8266,51670.0,0.8268,46511.0,0.8269,72838.0
1753600082006,07:08:02.006,binance,ADA/USDT:USDT,0.8266,5520.0,0.8265,35482.0,0.8267,92339.0,0.8268,132799.0
1753600082108,07:08:02.108,binance,ADA/USDT:USDT,0.8266,5520.0,0.8265,35490.0,0.8267,92339.0,0.8268,137071.0
1753600082215,07:08:02.215,binance,ADA/USDT:USDT,0.8266,4346.0,0.8265,23134.0,0.8267,115957.0,0.8268,138075.0
1753600082326,07:08:02.326,binance,ADA/USDT:USDT,0.8266,3421.0,0.8265,22950.0,0.8267,116303.0,0.8268,146605.0
1753600082428,07:08:02.428,binance,ADA/USDT:USDT,0.8265,17835.0,0.8264,46213.0,0.8266,58011.0,0.8267,105692.0
1753600082530,07:08:02.530,binance,ADA/USDT:USDT,0.8265,17828.0,0.8264,38014.0,0.8266,58580.0,0.8267,105243.0
1753600082632,07:08:02.632,binance,ADA/USDT:USDT,0.8264,19443.0,0.8263,75597.0,0.8265,73861.0,0.8266,141022.0
1753600082736,07:08:02.736,binance,ADA/USDT:USDT,0.8264,15814.0,0.8263,68687.0,0.8265,75599.0,0.8266,106257.0
1753600082940,07:08:02.940,binance,ADA/USDT:USDT,0.8264,13132.0,0.8263,62459.0,0.8265,82927.0,0.8266,135744.0
1753600083048,07:08:03.048,binance,ADA/USDT:USDT,0.8264,13132.0,0.8263,51345.0,0.8265,82927.0,0.8266,141566.0
1753600083153,07:08:03.153,binance,ADA/USDT:USDT,0.8264,6179.0,0.8263,51345.0,0.8265,83562.0,0.8266,169750.0
1753600083256,07:08:03.256,binance,ADA/USDT:USDT,0.8264,3914.0,0.8263,51345.0,0.8265,84024.0,0.8266,169750.0
1753600083358,07:08:03.358,binance,ADA/USDT:USDT,0.8264,3914.0,0.8263,37925.0,0.8265,84035.0,0.8266,169750.0
1753600083462,07:08:03.462,binance,ADA/USDT:USDT,0.8264,10958.0,0.8263,37925.0,0.8265,76089.0,0.8266,169750.0
1753600083563,07:08:03.563,binance,ADA/USDT:USDT,0.8264,4033.0,0.8263,37925.0,0.8265,81677.0,0.8266,169750.0
1753600083670,07:08:03.670,binance,ADA/USDT:USDT,0.8264,10958.0,0.8263,37925.0,0.8265,73845.0,0.8266,169725.0
1753600083792,07:08:03.792,binance,ADA/USDT:USDT,0.8264,12420.0,0.8263,37925.0,0.8265,73845.0,0.8266,169725.0
1753600083903,07:08:03.903,binance,ADA/USDT:USDT,0.8264,38501.0,0.8263,37760.0,0.8265,39571.0,0.8266,136115.0
1753600084005,07:08:04.005,binance,ADA/USDT:USDT,0.8264,44477.0,0.8263,41766.0,0.8265,35745.0,0.8266,106836.0
1753600084109,07:08:04.109,binance,ADA/USDT:USDT,0.8264,69523.0,0.8263,48559.0,0.8265,9783.0,0.8266,45579.0
1753600084211,07:08:04.211,binance,ADA/USDT:USDT,0.8264,62328.0,0.8263,56051.0,0.8265,10283.0,0.8266,30458.0
1753600084312,07:08:04.312,binance,ADA/USDT:USDT,0.8264,55212.0,0.8263,56026.0,0.8265,25280.0,0.8266,43639.0
1753600084444,07:08:04.444,binance,ADA/USDT:USDT,0.8264,55212.0,0.8263,51116.0,0.8265,25289.0,0.8266,43664.0
1753600084545,07:08:04.545,binance,ADA/USDT:USDT,0.8264,55092.0,0.8263,51819.0,0.8265,25289.0,0.8266,44027.0
1753600084684,07:08:04.684,binance,ADA/USDT:USDT,0.8264,61043.0,0.8263,51837.0,0.8265,16082.0,0.8266,43398.0
1753600084815,07:08:04.815,binance,ADA/USDT:USDT,0.8264,61043.0,0.8263,52077.0,0.8265,16082.0,0.8266,43639.0
1753600084938,07:08:04.938,binance,ADA/USDT:USDT,0.8264,55092.0,0.8263,51224.0,0.8265,25363.0,0.8266,43664.0
1753600085082,07:08:05.082,binance,ADA/USDT:USDT,0.8264,55092.0,0.8263,51224.0,0.8265,16323.0,0.8266,43664.0
1753600085186,07:08:05.186,binance,ADA/USDT:USDT,0.8264,55092.0,0.8263,51245.0,0.8265,25615.0,0.8266,46679.0
1753600085288,07:08:05.288,binance,ADA/USDT:USDT,0.8264,54881.0,0.8263,51487.0,0.8265,25617.0,0.8266,46679.0
1753600085394,07:08:05.394,binance,ADA/USDT:USDT,0.8264,54881.0,0.8263,55117.0,0.8265,25617.0,0.8266,46679.0
1753600085503,07:08:05.503,binance,ADA/USDT:USDT,0.8264,54881.0,0.8263,55117.0,0.8265,25617.0,0.8266,46679.0
1753600085605,07:08:05.605,binance,ADA/USDT:USDT,0.8264,54881.0,0.8263,54875.0,0.8265,25617.0,0.8266,47029.0
1753600085711,07:08:05.711,binance,ADA/USDT:USDT,0.8264,54881.0,0.8263,54875.0,0.8265,16390.0,0.8266,46679.0
1753600085814,07:08:05.814,binance,ADA/USDT:USDT,0.8264,54881.0,0.8263,54875.0,0.8265,16410.0,0.8266,46679.0
1753600085967,07:08:05.967,binance,ADA/USDT:USDT,0.8265,81823.0,0.8264,74480.0,0.8266,33289.0,0.8267,150365.0
1753600086071,07:08:06.071,binance,ADA/USDT:USDT,0.8265,38214.0,0.8264,72149.0,0.8266,39240.0,0.8267,153820.0
1753600086175,07:08:06.175,binance,ADA/USDT:USDT,0.8265,3182.0,0.8264,59849.0,0.8266,50365.0,0.8267,162207.0
1753600086299,07:08:06.299,binance,ADA/USDT:USDT,0.8265,3182.0,0.8264,59849.0,0.8266,43043.0,0.8267,163807.0
1753600086403,07:08:06.403,binance,ADA/USDT:USDT,0.8265,1269.0,0.8264,58215.0,0.8266,37092.0,0.8267,163807.0
1753600086506,07:08:06.506,binance,ADA/USDT:USDT,0.8264,42651.0,0.8263,49171.0,0.8265,51881.0,0.8266,55226.0
1753600086609,07:08:06.609,binance,ADA/USDT:USDT,0.8264,45907.0,0.8263,44976.0,0.8265,37763.0,0.8266,55810.0
1753600086730,07:08:06.730,binance,ADA/USDT:USDT,0.8264,53078.0,0.8263,45001.0,0.8265,37763.0,0.8266,51572.0
1753600086838,07:08:06.838,binance,ADA/USDT:USDT,0.8264,52949.0,0.8263,45001.0,0.8265,28346.0,0.8266,43024.0
1753600086947,07:08:06.947,binance,ADA/USDT:USDT,0.8264,52949.0,0.8263,45241.0,0.8265,27517.0,0.8266,43031.0
1753600087051,07:08:07.051,binance,ADA/USDT:USDT,0.8264,49434.0,0.8263,46927.0,0.8265,27517.0,0.8266,43031.0
1753600087152,07:08:07.152,binance,ADA/USDT:USDT,0.8265,94358.0,0.8264,74125.0,0.8266,31645.0,0.8267,155729.0
1753600087254,07:08:07.254,binance,ADA/USDT:USDT,0.8265,94378.0,0.8264,76342.0,0.8266,31655.0,0.8267,155737.0
1753600087358,07:08:07.358,binance,ADA/USDT:USDT,0.8265,93721.0,0.8264,70391.0,0.8266,22206.0,0.8267,129492.0
1753600087461,07:08:07.461,binance,ADA/USDT:USDT,0.8265,93813.0,0.8264,70300.0,0.8266,9774.0,0.8267,132507.0
1753600087564,07:08:07.564,binance,ADA/USDT:USDT,0.8265,93788.0,0.8264,70804.0,0.8266,9849.0,0.8267,132507.0
1753600087668,07:08:07.668,binance,ADA/USDT:USDT,0.8265,93788.0,0.8264,70804.0,0.8266,9849.0,0.8267,132507.0
1753600087770,07:08:07.770,binance,ADA/USDT:USDT,0.8265,93795.0,0.8264,70244.0,0.8266,9849.0,0.8267,132507.0
1753600087873,07:08:07.873,binance,ADA/USDT:USDT,0.8265,101031.0,0.8264,68959.0,0.8266,1050.0,0.8267,114931.0
1753600088088,07:08:08.088,binance,ADA/USDT:USDT,0.8265,101862.0,0.8264,69086.0,0.8266,547.0,0.8267,115454.0
1753600088219,07:08:08.219,binance,ADA/USDT:USDT,0.8266,135116.0,0.8265,98993.0,0.8267,54759.0,0.8268,83389.0
1753600088322,07:08:08.322,binance,ADA/USDT:USDT,0.8266,143418.0,0.8265,88308.0,0.8267,17259.0,0.8268,67602.0
1753600088423,07:08:08.423,binance,ADA/USDT:USDT,0.8267,108860.0,0.8266,127532.0,0.8268,46004.0,0.8269,88510.0
1753600088526,07:08:08.526,binance,ADA/USDT:USDT,0.8267,102909.0,0.8266,131136.0,0.8268,32342.0,0.8269,69596.0
1753600088642,07:08:08.642,binance,ADA/USDT:USDT,0.8267,94627.0,0.8266,131744.0,0.8268,36191.0,0.8269,84717.0
1753600088748,07:08:08.748,binance,ADA/USDT:USDT,0.8267,63967.0,0.8266,128369.0,0.8268,26977.0,0.8269,84725.0
1753600088875,07:08:08.875,binance,ADA/USDT:USDT,0.8267,63967.0,0.8266,128369.0,0.8268,26977.0,0.8269,84725.0
1753600088986,07:08:08.986,binance,ADA/USDT:USDT,0.8267,65252.0,0.8266,128369.0,0.8268,26977.0,0.8269,84725.0
1753600089090,07:08:09.090,binance,ADA/USDT:USDT,0.8267,67688.0,0.8266,128369.0,0.8268,26937.0,0.8269,84725.0
1753600089193,07:08:09.193,binance,ADA/USDT:USDT,0.8267,67732.0,0.8266,128369.0,0.8268,23309.0,0.8269,84725.0
1753600089294,07:08:09.294,binance,ADA/USDT:USDT,0.8267,69435.0,0.8266,129451.0,0.8268,23877.0,0.8269,88354.0
1753600089510,07:08:09.510,binance,ADA/USDT:USDT,0.8267,65641.0,0.8266,129093.0,0.8268,23638.0,0.8269,88595.0
1753600089616,07:08:09.616,binance,ADA/USDT:USDT,0.8267,65641.0,0.8266,129211.0,0.8268,30835.0,0.8269,91197.0
1753600089717,07:08:09.717,binance,ADA/USDT:USDT,0.8267,65641.0,0.8266,129211.0,0.8268,30835.0,0.8269,91197.0
1753600089862,07:08:09.862,binance,ADA/USDT:USDT,0.8267,65752.0,0.8266,129093.0,0.8268,30857.0,0.8269,91197.0
1753600089970,07:08:09.970,binance,ADA/USDT:USDT,0.8267,63142.0,0.8266,129249.0,0.8268,30945.0,0.8269,91197.0
1753600090071,07:08:10.071,binance,ADA/USDT:USDT,0.8267,48282.0,0.8266,129249.0,0.8268,40435.0,0.8269,91023.0
1753600090173,07:08:10.173,binance,ADA/USDT:USDT,0.8267,48456.0,0.8266,129075.0,0.8268,31052.0,0.8269,91197.0
1753600090279,07:08:10.279,binance,ADA/USDT:USDT,0.8267,63679.0,0.8266,130907.0,0.8268,31042.0,0.8269,90605.0
1753600090490,07:08:10.490,binance,ADA/USDT:USDT,0.8267,63691.0,0.8266,131148.0,0.8268,12932.0,0.8269,90605.0
1753600090602,07:08:10.602,binance,ADA/USDT:USDT,0.8267,56897.0,0.8266,131148.0,0.8268,22139.0,0.8269,90605.0
1753600090765,07:08:10.765,binance,ADA/USDT:USDT,0.8267,63583.0,0.8266,131148.0,0.8268,12939.0,0.8269,90605.0
1753600090867,07:08:10.867,binance,ADA/USDT:USDT,0.8267,63583.0,0.8266,131148.0,0.8268,12939.0,0.8269,90605.0
1753600090971,07:08:10.971,binance,ADA/USDT:USDT,0.8268,76968.0,0.8267,73690.0,0.8269,33452.0,0.827,84871.0
1753600091072,07:08:11.072,binance,ADA/USDT:USDT,0.8268,86382.0,0.8267,63684.0,0.8269,33432.0,0.827,67489.0
1753600091173,07:08:11.173,binance,ADA/USDT:USDT,0.8268,80139.0,0.8267,63740.0,0.8269,43228.0,0.827,60748.0
1753600091281,07:08:11.281,binance,ADA/USDT:USDT,0.8268,77132.0,0.8267,61815.0,0.8269,43402.0,0.827,60759.0
1753600091384,07:08:11.384,binance,ADA/USDT:USDT,0.8268,64318.0,0.8267,61815.0,0.8269,49031.0,0.827,60759.0
1753600091486,07:08:11.486,binance,ADA/USDT:USDT,0.8268,30574.0,0.8267,61804.0,0.8269,49031.0,0.827,78872.0
1753600091642,07:08:11.642,binance,ADA/USDT:USDT,0.8268,38737.0,0.8267,62380.0,0.8269,43402.0,0.827,79439.0
1753600091747,07:08:11.747,binance,ADA/USDT:USDT,0.8268,17438.0,0.8267,61528.0,0.8269,45712.0,0.827,79439.0
1753600091851,07:08:11.851,binance,ADA/USDT:USDT,0.8268,17400.0,0.8267,61528.0,0.8269,45712.0,0.827,88595.0
1753600091972,07:08:11.972,binance,ADA/USDT:USDT,0.8268,17400.0,0.8267,60846.0,0.8269,45712.0,0.827,88595.0
1753600092074,07:08:12.074,binance,ADA/USDT:USDT,0.8268,15803.0,0.8267,60299.0,0.8269,59530.0,0.827,95165.0
1753600092176,07:08:12.176,binance,ADA/USDT:USDT,0.8267,41945.0,0.8266,133077.0,0.8268,59263.0,0.8269,65851.0
1753600092277,07:08:12.277,binance,ADA/USDT:USDT,0.8267,11304.0,0.8266,84102.0,0.8268,64127.0,0.8269,76988.0
1753600092378,07:08:12.378,binance,ADA/USDT:USDT,0.8267,7785.0,0.8266,77541.0,0.8268,79489.0,0.8269,94430.0
1753600092479,07:08:12.479,binance,ADA/USDT:USDT,0.8267,7785.0,0.8266,77423.0,0.8268,79558.0,0.8269,92876.0
1753600092585,07:08:12.585,binance,ADA/USDT:USDT,0.8267,5382.0,0.8266,54927.0,0.8268,80228.0,0.8269,88537.0
1753600092691,07:08:12.691,binance,ADA/USDT:USDT,0.8267,4168.0,0.8266,54927.0,0.8268,80228.0,0.8269,92491.0
1753600092793,07:08:12.793,binance,ADA/USDT:USDT,0.8267,4168.0,0.8266,54927.0,0.8268,80228.0,0.8269,92491.0
1753600093067,07:08:13.067,binance,ADA/USDT:USDT,0.8267,4168.0,0.8266,54927.0,0.8268,98751.0,0.8269,79516.0
1753600093209,07:08:13.209,binance,ADA/USDT:USDT,0.8267,4168.0,0.8266,54927.0,0.8268,98751.0,0.8269,79516.0
1753600093317,07:08:13.317,binance,ADA/USDT:USDT,0.8267,4153.0,0.8266,54927.0,0.8268,98751.0,0.8269,79636.0
1753600093437,07:08:13.437,binance,ADA/USDT:USDT,0.8267,4160.0,0.8266,54927.0,0.8268,98751.0,0.8269,87408.0
1753600093572,07:08:13.572,binance,ADA/USDT:USDT,0.8267,4150.0,0.8266,50572.0,0.8268,99230.0,0.8269,87408.0
1753600093687,07:08:13.687,binance,ADA/USDT:USDT,0.8267,13402.0,0.8266,50572.0,0.8268,89211.0,0.8269,86943.0
1753600093790,07:08:13.790,binance,ADA/USDT:USDT,0.8267,13693.0,0.8266,50572.0,0.8268,88970.0,0.8269,85975.0
1753600093909,07:08:13.909,binance,ADA/USDT:USDT,0.8267,13693.0,0.8266,50572.0,0.8268,80432.0,0.8269,83150.0
1753600094014,07:08:14.014,binance,ADA/USDT:USDT,0.8267,13693.0,0.8266,50572.0,0.8268,80432.0,0.8269,83150.0
1753600094119,07:08:14.119,binance,ADA/USDT:USDT,0.8267,13681.0,0.8266,50572.0,0.8268,80432.0,0.8269,83175.0
1753600094227,07:08:14.227,binance,ADA/USDT:USDT,0.8267,13681.0,0.8266,50572.0,0.8268,80434.0,0.8269,85185.0
1753600094332,07:08:14.332,binance,ADA/USDT:USDT,0.8267,13676.0,0.8266,50572.0,0.8268,80434.0,0.8269,85185.0
