timestamp,time,exchange,symbol,bid1_price,bid1_volume,bid2_price,bid2_volume,ask1_price,ask1_volume,ask2_price,ask2_volume
1753599992108,07:06:32.108,okx,ACE/USDT:USDT,0.5918,340.0,0.5917,131.0,0.5925,1476.0,0.5926,9111.0
1753599992308,07:06:32.308,okx,ACE/USDT:USDT,0.5918,88.0,0.5917,131.0,0.5925,1619.0,0.5926,9111.0
1753599992408,07:06:32.408,okx,ACE/USDT:USDT,0.5918,88.0,0.5917,131.0,0.5925,1619.0,0.5926,9111.0
1753599992608,07:06:32.608,okx,ACE/USDT:USDT,0.5918,88.0,0.5917,131.0,0.5925,1619.0,0.5926,9111.0
1753599992908,07:06:32.908,okx,ACE/USDT:USDT,0.5918,88.0,0.5917,131.0,0.5925,1308.0,0.5926,8601.0
1753599993008,07:06:33.008,okx,ACE/USDT:USDT,0.5918,88.0,0.5917,131.0,0.5925,1298.0,0.5926,8601.0
1753599993108,07:06:33.108,okx,ACE/USDT:USDT,0.5918,88.0,0.5917,131.0,0.5925,1298.0,0.5926,8601.0
1753599993308,07:06:33.308,okx,ACE/USDT:USDT,0.5918,88.0,0.5917,131.0,0.5925,1298.0,0.5926,8601.0
1753599993408,07:06:33.408,okx,ACE/USDT:USDT,0.5919,57.0,0.5918,102.0,0.5925,1323.0,0.5926,8601.0
1753599994308,07:06:34.308,okx,ACE/USDT:USDT,0.5921,146.0,0.5919,397.0,0.5925,1270.0,0.5926,8601.0
1753599994608,07:06:34.608,okx,ACE/USDT:USDT,0.5921,146.0,0.5919,397.0,0.5925,1270.0,0.5926,8601.0
1753599994708,07:06:34.708,okx,ACE/USDT:USDT,0.5921,146.0,0.5919,401.0,0.5925,1270.0,0.5926,8601.0
1753599995208,07:06:35.208,okx,ACE/USDT:USDT,0.5921,44.0,0.5919,401.0,0.5925,1270.0,0.5926,8601.0
1753599995508,07:06:35.508,okx,ACE/USDT:USDT,0.5921,44.0,0.5919,401.0,0.5925,1270.0,0.5926,8601.0
1753599995708,07:06:35.708,okx,ACE/USDT:USDT,0.5921,44.0,0.5919,569.0,0.5925,1270.0,0.5926,8601.0
1753599996208,07:06:36.208,okx,ACE/USDT:USDT,0.5921,44.0,0.5919,653.0,0.5925,1270.0,0.5926,8601.0
1753599996908,07:06:36.908,okx,ACE/USDT:USDT,0.5921,44.0,0.5919,745.0,0.5925,1270.0,0.5926,8601.0
1753599997408,07:06:37.408,okx,ACE/USDT:USDT,0.5921,44.0,0.5919,829.0,0.5925,1270.0,0.5926,8601.0
1753599997908,07:06:37.908,okx,ACE/USDT:USDT,0.5921,44.0,0.5919,829.0,0.5925,1270.0,0.5926,8601.0
1753599998008,07:06:38.008,okx,ACE/USDT:USDT,0.5921,44.0,0.5919,829.0,0.5925,1270.0,0.5926,8601.0
1753599998908,07:06:38.908,okx,ACE/USDT:USDT,0.5921,44.0,0.5919,829.0,0.5925,1270.0,0.5926,8769.0
1753599999508,07:06:39.508,okx,ACE/USDT:USDT,0.5921,44.0,0.5919,829.0,0.5925,1270.0,0.5926,8769.0
1753600000808,07:06:40.808,okx,ACE/USDT:USDT,0.5921,48.0,0.5919,657.0,0.5926,8601.0,0.5928,919.0
1753600001508,07:06:41.508,okx,ACE/USDT:USDT,0.5921,4.0,0.5919,741.0,0.5925,383.0,0.5926,8601.0
1753600001608,07:06:41.608,okx,ACE/USDT:USDT,0.5921,4.0,0.5919,741.0,0.5925,383.0,0.5926,8601.0
1753600001808,07:06:41.808,okx,ACE/USDT:USDT,0.5921,4.0,0.5919,829.0,0.5925,383.0,0.5926,8601.0
1753600002208,07:06:42.208,okx,ACE/USDT:USDT,0.5921,4.0,0.5919,913.0,0.5925,446.0,0.5926,8601.0
1753600002308,07:06:42.308,okx,ACE/USDT:USDT,0.5921,4.0,0.5919,913.0,0.5925,446.0,0.5926,8601.0
1753600002508,07:06:42.508,okx,ACE/USDT:USDT,0.5921,4.0,0.5919,829.0,0.5925,446.0,0.5926,8601.0
1753600003108,07:06:43.108,okx,ACE/USDT:USDT,0.5921,4.0,0.5919,829.0,0.5925,446.0,0.5926,8601.0
1753600003608,07:06:43.608,okx,ACE/USDT:USDT,0.592,135.0,0.5919,748.0,0.5925,446.0,0.5926,8602.0
1753600003808,07:06:43.808,okx,ACE/USDT:USDT,0.592,135.0,0.5919,748.0,0.5925,446.0,0.5926,8602.0
1753600004208,07:06:44.208,okx,ACE/USDT:USDT,0.592,135.0,0.5919,748.0,0.5925,446.0,0.5926,8602.0
1753600004308,07:06:44.308,okx,ACE/USDT:USDT,0.592,135.0,0.5919,748.0,0.5925,446.0,0.5926,8602.0
1753600004608,07:06:44.608,okx,ACE/USDT:USDT,0.592,135.0,0.5919,748.0,0.5925,446.0,0.5926,8602.0
1753600004708,07:06:44.708,okx,ACE/USDT:USDT,0.592,135.0,0.5919,748.0,0.5925,446.0,0.5926,8602.0
1753600005008,07:06:45.008,okx,ACE/USDT:USDT,0.592,135.0,0.5919,748.0,0.5925,446.0,0.5926,8602.0
1753600005208,07:06:45.208,okx,ACE/USDT:USDT,0.592,135.0,0.5919,748.0,0.5925,446.0,0.5926,8602.0
1753600005408,07:06:45.408,okx,ACE/USDT:USDT,0.592,135.0,0.5919,748.0,0.5925,446.0,0.5926,8602.0
1753600005708,07:06:45.708,okx,ACE/USDT:USDT,0.592,135.0,0.5919,748.0,0.5925,446.0,0.5926,8602.0
1753600005808,07:06:45.808,okx,ACE/USDT:USDT,0.592,135.0,0.5919,748.0,0.5925,446.0,0.5926,8602.0
1753600005908,07:06:45.908,okx,ACE/USDT:USDT,0.5919,748.0,0.5918,120.0,0.5925,446.0,0.5926,8602.0
1753600006008,07:06:46.008,okx,ACE/USDT:USDT,0.5919,748.0,0.5918,2.0,0.5925,446.0,0.5926,8602.0
1753600006108,07:06:46.108,okx,ACE/USDT:USDT,0.5919,748.0,0.5918,2.0,0.5925,446.0,0.5926,8602.0
1753600006208,07:06:46.208,okx,ACE/USDT:USDT,0.5919,748.0,0.5918,2.0,0.5925,446.0,0.5926,8602.0
1753600006508,07:06:46.508,okx,ACE/USDT:USDT,0.5919,748.0,0.5918,2.0,0.5923,1.0,0.5925,446.0
1753600006608,07:06:46.608,okx,ACE/USDT:USDT,0.5919,580.0,0.5918,2.0,0.5923,1.0,0.5924,1.0
1753600007108,07:06:47.108,okx,ACE/USDT:USDT,0.5918,1.0,0.5917,605.0,0.5924,13.0,0.5925,1215.0
1753600007408,07:06:47.408,okx,ACE/USDT:USDT,0.5918,1.0,0.5917,605.0,0.5923,13.0,0.5924,254.0
1753600007808,07:06:47.808,okx,ACE/USDT:USDT,0.5918,169.0,0.5917,172.0,0.5923,13.0,0.5924,14.0
1753600008108,07:06:48.108,okx,ACE/USDT:USDT,0.5918,1.0,0.5917,607.0,0.5923,13.0,0.5924,14.0
1753600008308,07:06:48.308,okx,ACE/USDT:USDT,0.5918,1.0,0.5917,607.0,0.5923,13.0,0.5924,14.0
1753600008508,07:06:48.508,okx,ACE/USDT:USDT,0.5918,1.0,0.5917,607.0,0.5923,13.0,0.5924,14.0
1753600008608,07:06:48.608,okx,ACE/USDT:USDT,0.5918,1.0,0.5917,692.0,0.5923,13.0,0.5924,14.0
1753600008708,07:06:48.708,okx,ACE/USDT:USDT,0.5918,1.0,0.5917,697.0,0.5923,13.0,0.5924,14.0
1753600008808,07:06:48.808,okx,ACE/USDT:USDT,0.5918,1.0,0.5917,697.0,0.5923,13.0,0.5924,14.0
1753600009208,07:06:49.208,okx,ACE/USDT:USDT,0.5918,1.0,0.5917,697.0,0.5923,13.0,0.5924,14.0
1753600009608,07:06:49.608,okx,ACE/USDT:USDT,0.5918,1.0,0.5917,697.0,0.5923,13.0,0.5924,14.0
1753600010008,07:06:50.008,okx,ACE/USDT:USDT,0.5918,1.0,0.5917,697.0,0.5923,13.0,0.5924,14.0
1753600010108,07:06:50.108,okx,ACE/USDT:USDT,0.5918,1.0,0.5917,697.0,0.5923,13.0,0.5924,14.0
1753600010308,07:06:50.308,okx,ACE/USDT:USDT,0.5918,1.0,0.5917,697.0,0.5923,13.0,0.5924,14.0
1753600011808,07:06:51.808,okx,ACE/USDT:USDT,0.5918,1.0,0.5917,697.0,0.5923,13.0,0.5924,14.0
1753600012608,07:06:52.608,okx,ACE/USDT:USDT,0.5918,1.0,0.5917,612.0,0.5923,13.0,0.5924,14.0
1753600012908,07:06:52.908,okx,ACE/USDT:USDT,0.5918,1.0,0.5917,602.0,0.5923,13.0,0.5924,14.0
1753600013208,07:06:53.208,okx,ACE/USDT:USDT,0.5918,342.0,0.5917,336.0,0.5923,13.0,0.5924,14.0
1753600013508,07:06:53.508,okx,ACE/USDT:USDT,0.5918,174.0,0.5917,336.0,0.5923,13.0,0.5924,14.0
1753600014208,07:06:54.208,okx,ACE/USDT:USDT,0.592,162.0,0.5919,335.0,0.5924,13.0,0.5925,2059.0
1753600014408,07:06:54.408,okx,ACE/USDT:USDT,0.592,162.0,0.5919,335.0,0.5924,13.0,0.5925,2059.0
1753600014908,07:06:54.908,okx,ACE/USDT:USDT,0.592,330.0,0.5919,335.0,0.5924,13.0,0.5925,2059.0
1753600015108,07:06:55.108,okx,ACE/USDT:USDT,0.592,330.0,0.5919,335.0,0.5924,13.0,0.5925,2059.0
1753600015308,07:06:55.308,okx,ACE/USDT:USDT,0.592,330.0,0.5919,335.0,0.5924,13.0,0.5925,2059.0
1753600015708,07:06:55.708,okx,ACE/USDT:USDT,0.5919,168.0,0.5918,424.0,0.5924,13.0,0.5925,2059.0
1753600016008,07:06:56.008,okx,ACE/USDT:USDT,0.5919,336.0,0.5918,420.0,0.5924,13.0,0.5925,2059.0
1753600016108,07:06:56.108,okx,ACE/USDT:USDT,0.5919,336.0,0.5918,420.0,0.5924,13.0,0.5925,2059.0
1753600016808,07:06:56.808,okx,ACE/USDT:USDT,0.5919,336.0,0.5918,420.0,0.5924,13.0,0.5925,2060.0
1753600017008,07:06:57.008,okx,ACE/USDT:USDT,0.5919,336.0,0.5918,420.0,0.5924,13.0,0.5925,2060.0
1753600017108,07:06:57.108,okx,ACE/USDT:USDT,0.5919,336.0,0.5918,420.0,0.5924,13.0,0.5925,2060.0
1753600017208,07:06:57.208,okx,ACE/USDT:USDT,0.5919,336.0,0.5918,420.0,0.5924,13.0,0.5925,2060.0
1753600017608,07:06:57.608,okx,ACE/USDT:USDT,0.5919,336.0,0.5918,420.0,0.5924,13.0,0.5925,2060.0
1753600017708,07:06:57.708,okx,ACE/USDT:USDT,0.5919,336.0,0.5918,420.0,0.5924,13.0,0.5925,2060.0
1753600018008,07:06:58.008,okx,ACE/USDT:USDT,0.5919,336.0,0.5918,420.0,0.5924,13.0,0.5925,2060.0
1753600018208,07:06:58.208,okx,ACE/USDT:USDT,0.5919,336.0,0.5918,420.0,0.5924,13.0,0.5925,2060.0
1753600018308,07:06:58.308,okx,ACE/USDT:USDT,0.5919,336.0,0.5918,420.0,0.5924,13.0,0.5925,2060.0
1753600018808,07:06:58.808,okx,ACE/USDT:USDT,0.5919,336.0,0.5918,420.0,0.5924,13.0,0.5925,2060.0
1753600019408,07:06:59.408,okx,ACE/USDT:USDT,0.5919,336.0,0.5918,420.0,0.5924,13.0,0.5925,2060.0
1753600019608,07:06:59.608,okx,ACE/USDT:USDT,0.5919,336.0,0.5918,420.0,0.5924,13.0,0.5925,2059.0
1753600020908,07:07:00.908,okx,ACE/USDT:USDT,0.5929,34.0,0.5928,1.0,0.593,214.0,0.5931,4.0
1753600021008,07:07:01.008,okx,ACE/USDT:USDT,0.5928,1.0,0.5927,109.0,0.593,214.0,0.5931,18.0
1753600021208,07:07:01.208,okx,ACE/USDT:USDT,0.5923,168.0,0.5922,169.0,0.5928,20.0,0.5929,199.0
1753600021308,07:07:01.308,okx,ACE/USDT:USDT,0.5923,168.0,0.5922,169.0,0.5928,26.0,0.5929,199.0
1753600021708,07:07:01.708,okx,ACE/USDT:USDT,0.5923,168.0,0.5922,169.0,0.5928,26.0,0.5929,199.0
1753600021808,07:07:01.808,okx,ACE/USDT:USDT,0.5923,168.0,0.5922,169.0,0.5928,26.0,0.5929,199.0
1753600021908,07:07:01.908,okx,ACE/USDT:USDT,0.5922,168.0,0.5921,131.0,0.5928,26.0,0.5929,199.0
1753600022108,07:07:02.108,okx,ACE/USDT:USDT,0.5922,168.0,0.5921,131.0,0.5928,26.0,0.5929,367.0
1753600022808,07:07:02.808,okx,ACE/USDT:USDT,0.5922,168.0,0.5921,299.0,0.5928,26.0,0.5929,789.0
1753600022908,07:07:02.908,okx,ACE/USDT:USDT,0.5922,168.0,0.5921,299.0,0.5928,26.0,0.5929,789.0
1753600023308,07:07:03.308,okx,ACE/USDT:USDT,0.5922,168.0,0.5921,215.0,0.5928,26.0,0.5929,199.0
1753600023508,07:07:03.508,okx,ACE/USDT:USDT,0.5922,168.0,0.5921,215.0,0.5928,26.0,0.5929,199.0
1753600023708,07:07:03.708,okx,ACE/USDT:USDT,0.5922,168.0,0.5921,215.0,0.5928,26.0,0.5929,199.0
1753600023808,07:07:03.808,okx,ACE/USDT:USDT,0.5922,168.0,0.5921,215.0,0.5928,26.0,0.5929,199.0
1753600023908,07:07:03.908,okx,ACE/USDT:USDT,0.5922,168.0,0.5921,215.0,0.5928,26.0,0.5929,199.0
1753600024408,07:07:04.408,okx,ACE/USDT:USDT,0.5922,168.0,0.5921,383.0,0.5928,26.0,0.5929,199.0
1753600024608,07:07:04.608,okx,ACE/USDT:USDT,0.5922,168.0,0.5921,383.0,0.5928,26.0,0.5929,199.0
1753600024808,07:07:04.808,okx,ACE/USDT:USDT,0.5922,168.0,0.5921,383.0,0.5928,26.0,0.5929,199.0
1753600025008,07:07:05.008,okx,ACE/USDT:USDT,0.5922,168.0,0.5921,383.0,0.5928,26.0,0.5929,199.0
1753600025508,07:07:05.508,okx,ACE/USDT:USDT,0.5922,168.0,0.5921,215.0,0.5928,27.0,0.5929,199.0
1753600026108,07:07:06.108,okx,ACE/USDT:USDT,0.5922,168.0,0.5921,84.0,0.5928,195.0,0.5929,931.0
1753600026208,07:07:06.208,okx,ACE/USDT:USDT,0.5922,168.0,0.5921,84.0,0.5928,195.0,0.5929,931.0
1753600026408,07:07:06.408,okx,ACE/USDT:USDT,0.592,14.0,0.5919,146.0,0.5925,336.0,0.5926,1043.0
1753600027108,07:07:07.108,okx,ACE/USDT:USDT,0.592,14.0,0.5919,146.0,0.5927,931.0,0.5928,2413.0
1753600027408,07:07:07.408,okx,ACE/USDT:USDT,0.592,14.0,0.5919,146.0,0.5927,931.0,0.5928,2413.0
1753600027908,07:07:07.908,okx,ACE/USDT:USDT,0.592,14.0,0.5919,146.0,0.5927,763.0,0.5928,1909.0
1753600028208,07:07:08.208,okx,ACE/USDT:USDT,0.592,14.0,0.5919,146.0,0.5927,299.0,0.5928,1044.0
1753600028308,07:07:08.308,okx,ACE/USDT:USDT,0.592,182.0,0.5919,146.0,0.5927,131.0,0.5928,876.0
1753600030208,07:07:10.208,okx,ACE/USDT:USDT,0.5921,168.0,0.592,350.0,0.5927,130.0,0.5928,469.0
1753600030408,07:07:10.408,okx,ACE/USDT:USDT,0.592,350.0,0.5919,146.0,0.5927,130.0,0.5928,469.0
1753600030608,07:07:10.608,okx,ACE/USDT:USDT,0.592,350.0,0.5919,146.0,0.5927,130.0,0.5928,469.0
1753600031208,07:07:11.208,okx,ACE/USDT:USDT,0.5921,168.0,0.592,601.0,0.5927,130.0,0.5928,469.0
1753600032708,07:07:12.708,okx,ACE/USDT:USDT,0.5921,14.0,0.592,350.0,0.5928,1.0,0.5929,342.0
1753600033508,07:07:13.508,okx,ACE/USDT:USDT,0.5921,14.0,0.592,350.0,0.5928,1.0,0.5929,211.0
1753600033808,07:07:13.808,okx,ACE/USDT:USDT,0.5921,14.0,0.592,350.0,0.5928,1.0,0.5929,1065.0
1753600034408,07:07:14.408,okx,ACE/USDT:USDT,0.5922,14.0,0.5921,145.0,0.5928,1.0,0.5929,14.0
1753600034908,07:07:14.908,okx,ACE/USDT:USDT,0.5922,14.0,0.5921,145.0,0.5928,1.0,0.5929,14.0
1753600035208,07:07:15.208,okx,ACE/USDT:USDT,0.5922,14.0,0.5921,145.0,0.5928,17.0,0.5929,577.0
1753600035508,07:07:15.508,okx,ACE/USDT:USDT,0.5922,14.0,0.5921,145.0,0.5928,17.0,0.5929,409.0
1753600036208,07:07:16.208,okx,ACE/USDT:USDT,0.5922,14.0,0.5921,145.0,0.5928,17.0,0.5929,14.0
1753600037308,07:07:17.308,okx,ACE/USDT:USDT,0.5922,14.0,0.5921,145.0,0.5928,17.0,0.5929,14.0
1753600038308,07:07:18.308,okx,ACE/USDT:USDT,0.5922,14.0,0.5921,145.0,0.5928,92.0,0.5929,14.0
1753600038408,07:07:18.408,okx,ACE/USDT:USDT,0.5922,14.0,0.5921,145.0,0.5928,92.0,0.5929,14.0
1753600039408,07:07:19.408,okx,ACE/USDT:USDT,0.5922,14.0,0.5921,145.0,0.5928,92.0,0.5929,14.0
1753600039608,07:07:19.608,okx,ACE/USDT:USDT,0.5922,14.0,0.5921,145.0,0.5928,92.0,0.5929,14.0
1753600039708,07:07:19.708,okx,ACE/USDT:USDT,0.5922,14.0,0.5921,145.0,0.5928,92.0,0.5929,14.0
1753600039808,07:07:19.808,okx,ACE/USDT:USDT,0.5922,14.0,0.5921,145.0,0.5928,92.0,0.5929,14.0
1753600040008,07:07:20.008,okx,ACE/USDT:USDT,0.5922,14.0,0.5921,145.0,0.5928,92.0,0.5929,14.0
1753600040508,07:07:20.508,okx,ACE/USDT:USDT,0.5922,14.0,0.5921,145.0,0.5928,92.0,0.5929,14.0
1753600040808,07:07:20.808,okx,ACE/USDT:USDT,0.5922,14.0,0.5921,313.0,0.5928,92.0,0.5929,14.0
1753600041308,07:07:21.308,okx,ACE/USDT:USDT,0.5922,14.0,0.5921,145.0,0.5928,92.0,0.5929,182.0
1753600041508,07:07:21.508,okx,ACE/USDT:USDT,0.5922,14.0,0.5921,145.0,0.5928,92.0,0.5929,182.0
1753600041608,07:07:21.608,okx,ACE/USDT:USDT,0.5922,14.0,0.5921,145.0,0.5928,92.0,0.5929,182.0
1753600042008,07:07:22.008,okx,ACE/USDT:USDT,0.5922,14.0,0.5921,145.0,0.5928,260.0,0.5929,182.0
1753600042108,07:07:22.108,okx,ACE/USDT:USDT,0.5922,14.0,0.5921,145.0,0.5928,260.0,0.5929,745.0
1753600042308,07:07:22.308,okx,ACE/USDT:USDT,0.5922,14.0,0.5921,145.0,0.5928,260.0,0.5929,745.0
1753600042408,07:07:22.408,okx,ACE/USDT:USDT,0.5922,14.0,0.5921,145.0,0.5928,260.0,0.5929,745.0
1753600042608,07:07:22.608,okx,ACE/USDT:USDT,0.5922,14.0,0.5921,145.0,0.5928,260.0,0.5929,745.0
1753600042808,07:07:22.808,okx,ACE/USDT:USDT,0.5922,14.0,0.5921,145.0,0.5928,260.0,0.5929,745.0
1753600043308,07:07:23.308,okx,ACE/USDT:USDT,0.5922,14.0,0.5921,145.0,0.5928,260.0,0.5929,1081.0
1753600043708,07:07:23.708,okx,ACE/USDT:USDT,0.5922,14.0,0.5921,145.0,0.5928,260.0,0.5929,1081.0
1753600043808,07:07:23.808,okx,ACE/USDT:USDT,0.5922,14.0,0.5921,145.0,0.5928,260.0,0.5929,1081.0
1753600044308,07:07:24.308,okx,ACE/USDT:USDT,0.5922,14.0,0.5921,145.0,0.5928,260.0,0.5929,1081.0
1753600045208,07:07:25.208,okx,ACE/USDT:USDT,0.5922,14.0,0.5921,145.0,0.5928,260.0,0.5929,1081.0
1753600046008,07:07:26.008,okx,ACE/USDT:USDT,0.5922,14.0,0.5921,145.0,0.5928,260.0,0.5929,745.0
1753600046508,07:07:26.508,okx,ACE/USDT:USDT,0.5922,14.0,0.5921,145.0,0.5928,260.0,0.5929,350.0
1753600047708,07:07:27.708,okx,ACE/USDT:USDT,0.5922,14.0,0.5921,145.0,0.5928,260.0,0.5929,922.0
1753600048208,07:07:28.208,okx,ACE/USDT:USDT,0.5922,14.0,0.5921,145.0,0.5928,260.0,0.5929,1090.0
1753600048308,07:07:28.308,okx,ACE/USDT:USDT,0.5922,14.0,0.5921,145.0,0.5928,260.0,0.5929,1090.0
1753600049408,07:07:29.408,okx,ACE/USDT:USDT,0.5922,14.0,0.5921,145.0,0.5928,432.0,0.5929,1090.0
1753600049508,07:07:29.508,okx,ACE/USDT:USDT,0.5922,14.0,0.5921,145.0,0.5928,260.0,0.5929,1090.0
1753600050308,07:07:30.308,okx,ACE/USDT:USDT,0.5922,15.0,0.5921,182.0,0.5928,32.0,0.5929,350.0
1753600050508,07:07:30.508,okx,ACE/USDT:USDT,0.5922,14.0,0.5921,182.0,0.5928,32.0,0.5929,350.0
1753600050808,07:07:30.808,okx,ACE/USDT:USDT,0.5922,14.0,0.5921,182.0,0.5928,200.0,0.5929,350.0
1753600051108,07:07:31.108,okx,ACE/USDT:USDT,0.5922,14.0,0.5921,182.0,0.5928,200.0,0.5929,350.0
1753600051308,07:07:31.308,okx,ACE/USDT:USDT,0.5922,14.0,0.5921,182.0,0.5928,200.0,0.5929,182.0
1753600051508,07:07:31.508,okx,ACE/USDT:USDT,0.5922,14.0,0.5921,182.0,0.5928,200.0,0.5929,182.0
1753600051608,07:07:31.608,okx,ACE/USDT:USDT,0.5922,14.0,0.5921,182.0,0.5928,200.0,0.5929,182.0
1753600052508,07:07:32.508,okx,ACE/USDT:USDT,0.5922,14.0,0.5921,182.0,0.5928,32.0,0.5929,182.0
1753600052608,07:07:32.608,okx,ACE/USDT:USDT,0.5922,14.0,0.5921,182.0,0.5928,32.0,0.5929,182.0
1753600052708,07:07:32.708,okx,ACE/USDT:USDT,0.5922,14.0,0.5921,354.0,0.5928,32.0,0.5929,182.0
1753600053108,07:07:33.108,okx,ACE/USDT:USDT,0.5922,15.0,0.5921,350.0,0.5928,32.0,0.5929,182.0
1753600053208,07:07:33.208,okx,ACE/USDT:USDT,0.5922,14.0,0.5921,350.0,0.5928,32.0,0.5929,182.0
1753600053808,07:07:33.808,okx,ACE/USDT:USDT,0.5923,168.0,0.5922,15.0,0.5928,32.0,0.5929,14.0
1753600053908,07:07:33.908,okx,ACE/USDT:USDT,0.5923,168.0,0.5922,15.0,0.5928,32.0,0.5929,14.0
1753600054408,07:07:34.408,okx,ACE/USDT:USDT,0.5923,168.0,0.5922,15.0,0.5928,32.0,0.5929,14.0
1753600054508,07:07:34.508,okx,ACE/USDT:USDT,0.5923,168.0,0.5922,15.0,0.5928,32.0,0.5929,14.0
1753600054608,07:07:34.608,okx,ACE/USDT:USDT,0.5923,168.0,0.5922,15.0,0.5928,32.0,0.5929,14.0
1753600055108,07:07:35.108,okx,ACE/USDT:USDT,0.5923,168.0,0.5922,15.0,0.5928,32.0,0.5929,14.0
1753600055708,07:07:35.708,okx,ACE/USDT:USDT,0.5923,336.0,0.5922,183.0,0.5928,31.0,0.5929,14.0
1753600055808,07:07:35.808,okx,ACE/USDT:USDT,0.5923,336.0,0.5922,349.0,0.5928,31.0,0.5929,14.0
1753600056808,07:07:36.808,okx,ACE/USDT:USDT,0.5923,336.0,0.5922,349.0,0.5928,41.0,0.5929,14.0
1753600056908,07:07:36.908,okx,ACE/USDT:USDT,0.5923,840.0,0.5922,777.0,0.5928,41.0,0.5929,14.0
1753600057408,07:07:37.408,okx,ACE/USDT:USDT,0.5924,14.0,0.5923,672.0,0.5928,17.0,0.593,129.0
1753600057808,07:07:37.808,okx,ACE/USDT:USDT,0.5924,14.0,0.5923,672.0,0.5928,17.0,0.593,129.0
1753600058408,07:07:38.408,okx,ACE/USDT:USDT,0.5924,13.0,0.5923,672.0,0.5928,17.0,0.593,129.0
1753600058608,07:07:38.608,okx,ACE/USDT:USDT,0.5924,13.0,0.5923,504.0,0.5928,17.0,0.593,129.0
1753600059408,07:07:39.408,okx,ACE/USDT:USDT,0.5924,13.0,0.5923,504.0,0.5928,17.0,0.593,129.0
1753600059608,07:07:39.608,okx,ACE/USDT:USDT,0.5924,349.0,0.5923,894.0,0.5928,17.0,0.593,129.0
1753600059808,07:07:39.808,okx,ACE/USDT:USDT,0.5924,349.0,0.5923,894.0,0.5928,17.0,0.593,129.0
1753600060508,07:07:40.508,okx,ACE/USDT:USDT,0.5924,349.0,0.5923,894.0,0.5928,17.0,0.593,129.0
1753600060708,07:07:40.708,okx,ACE/USDT:USDT,0.5924,349.0,0.5923,894.0,0.5928,17.0,0.593,129.0
1753600060808,07:07:40.808,okx,ACE/USDT:USDT,0.5924,852.0,0.5923,894.0,0.5928,17.0,0.593,129.0
1753600060908,07:07:40.908,okx,ACE/USDT:USDT,0.5924,852.0,0.5923,894.0,0.5928,17.0,0.593,129.0
1753600061308,07:07:41.308,okx,ACE/USDT:USDT,0.5924,852.0,0.5923,894.0,0.5928,17.0,0.593,129.0
1753600061608,07:07:41.608,okx,ACE/USDT:USDT,0.5924,852.0,0.5923,894.0,0.5928,17.0,0.593,129.0
1753600061808,07:07:41.808,okx,ACE/USDT:USDT,0.5924,852.0,0.5923,894.0,0.5928,17.0,0.593,129.0
1753600061908,07:07:41.908,okx,ACE/USDT:USDT,0.5924,852.0,0.5923,894.0,0.5928,17.0,0.593,129.0
1753600062008,07:07:42.008,okx,ACE/USDT:USDT,0.5924,852.0,0.5923,894.0,0.5928,17.0,0.593,129.0
1753600062708,07:07:42.708,okx,ACE/USDT:USDT,0.5924,852.0,0.5923,894.0,0.5928,17.0,0.593,129.0
1753600063608,07:07:43.608,okx,ACE/USDT:USDT,0.5924,852.0,0.5923,894.0,0.5928,17.0,0.593,129.0
1753600064108,07:07:44.108,okx,ACE/USDT:USDT,0.5924,852.0,0.5923,894.0,0.5928,17.0,0.593,129.0
1753600064208,07:07:44.208,okx,ACE/USDT:USDT,0.5924,852.0,0.5923,894.0,0.5928,17.0,0.593,129.0
1753600064608,07:07:44.608,okx,ACE/USDT:USDT,0.5924,852.0,0.5923,894.0,0.5928,17.0,0.593,129.0
1753600064708,07:07:44.708,okx,ACE/USDT:USDT,0.5924,852.0,0.5923,894.0,0.5928,17.0,0.593,129.0
1753600064908,07:07:44.908,okx,ACE/USDT:USDT,0.5924,852.0,0.5923,894.0,0.5928,17.0,0.593,129.0
1753600067808,07:07:47.808,okx,ACE/USDT:USDT,0.5924,181.0,0.5923,894.0,0.5928,17.0,0.593,129.0
1753600068908,07:07:48.908,okx,ACE/USDT:USDT,0.5924,13.0,0.5923,168.0,0.5928,16.0,0.593,129.0
1753600069008,07:07:49.008,okx,ACE/USDT:USDT,0.5924,13.0,0.5923,168.0,0.5928,16.0,0.593,129.0
1753600069108,07:07:49.108,okx,ACE/USDT:USDT,0.5924,13.0,0.5923,168.0,0.5928,16.0,0.593,129.0
1753600069408,07:07:49.408,okx,ACE/USDT:USDT,0.5924,13.0,0.5922,321.0,0.5928,16.0,0.593,129.0
1753600069508,07:07:49.508,okx,ACE/USDT:USDT,0.5924,13.0,0.5922,321.0,0.5928,16.0,0.593,129.0
1753600069908,07:07:49.908,okx,ACE/USDT:USDT,0.5924,13.0,0.5923,168.0,0.5928,16.0,0.593,129.0
1753600070108,07:07:50.108,okx,ACE/USDT:USDT,0.5924,13.0,0.5923,168.0,0.5928,16.0,0.593,129.0
1753600070508,07:07:50.508,okx,ACE/USDT:USDT,0.5924,13.0,0.5922,321.0,0.5928,16.0,0.593,129.0
1753600071108,07:07:51.108,okx,ACE/USDT:USDT,0.5924,13.0,0.5922,321.0,0.5928,16.0,0.593,129.0
1753600071708,07:07:51.708,okx,ACE/USDT:USDT,0.5924,13.0,0.5923,168.0,0.5928,16.0,0.593,129.0
1753600072608,07:07:52.608,okx,ACE/USDT:USDT,0.5924,13.0,0.5923,168.0,0.5928,7.0,0.593,129.0
1753600073308,07:07:53.308,okx,ACE/USDT:USDT,0.5924,181.0,0.5923,168.0,0.5928,17.0,0.593,129.0
1753600073408,07:07:53.408,okx,ACE/USDT:USDT,0.5924,181.0,0.5923,168.0,0.5928,17.0,0.593,129.0
1753600073808,07:07:53.808,okx,ACE/USDT:USDT,0.5924,181.0,0.5923,168.0,0.5928,17.0,0.593,129.0
1753600074108,07:07:54.108,okx,ACE/USDT:USDT,0.5924,181.0,0.5923,168.0,0.5928,17.0,0.593,129.0
1753600074508,07:07:54.508,okx,ACE/USDT:USDT,0.5924,181.0,0.5923,168.0,0.5928,17.0,0.593,129.0
1753600075408,07:07:55.408,okx,ACE/USDT:USDT,0.5924,181.0,0.5923,168.0,0.5928,17.0,0.593,129.0
1753600075608,07:07:55.608,okx,ACE/USDT:USDT,0.5924,349.0,0.5923,168.0,0.5928,17.0,0.593,129.0
1753600076008,07:07:56.008,okx,ACE/USDT:USDT,0.5924,349.0,0.5923,168.0,0.5928,17.0,0.593,129.0
1753600076108,07:07:56.108,okx,ACE/USDT:USDT,0.5924,349.0,0.5923,168.0,0.5928,17.0,0.593,129.0
1753600076508,07:07:56.508,okx,ACE/USDT:USDT,0.5924,349.0,0.5923,168.0,0.5928,17.0,0.593,129.0
1753600076608,07:07:56.608,okx,ACE/USDT:USDT,0.5924,349.0,0.5923,168.0,0.5928,17.0,0.593,129.0
1753600077108,07:07:57.108,okx,ACE/USDT:USDT,0.5924,349.0,0.5923,168.0,0.5928,17.0,0.593,129.0
1753600077208,07:07:57.208,okx,ACE/USDT:USDT,0.5924,349.0,0.5923,168.0,0.5928,17.0,0.593,129.0
1753600077308,07:07:57.308,okx,ACE/USDT:USDT,0.5924,181.0,0.5922,609.0,0.5928,17.0,0.593,129.0
1753600077608,07:07:57.608,okx,ACE/USDT:USDT,0.5924,349.0,0.5922,550.0,0.5928,17.0,0.593,129.0
1753600077908,07:07:57.908,okx,ACE/USDT:USDT,0.5924,349.0,0.5922,550.0,0.5928,17.0,0.593,129.0
1753600078108,07:07:58.108,okx,ACE/USDT:USDT,0.5924,181.0,0.5922,550.0,0.5928,17.0,0.593,129.0
1753600078208,07:07:58.208,okx,ACE/USDT:USDT,0.5924,181.0,0.5922,550.0,0.5928,17.0,0.593,129.0
1753600078308,07:07:58.308,okx,ACE/USDT:USDT,0.5924,13.0,0.5922,321.0,0.5928,17.0,0.593,143.0
1753600078408,07:07:58.408,okx,ACE/USDT:USDT,0.5924,13.0,0.5922,321.0,0.5928,17.0,0.593,143.0
1753600078508,07:07:58.508,okx,ACE/USDT:USDT,0.5924,181.0,0.5922,525.0,0.5928,17.0,0.593,143.0
1753600078608,07:07:58.608,okx,ACE/USDT:USDT,0.5924,181.0,0.5922,525.0,0.5928,17.0,0.593,143.0
1753600078908,07:07:58.908,okx,ACE/USDT:USDT,0.5924,349.0,0.5922,525.0,0.5928,17.0,0.593,143.0
1753600079008,07:07:59.008,okx,ACE/USDT:USDT,0.5924,349.0,0.5922,525.0,0.5928,17.0,0.593,143.0
1753600079208,07:07:59.208,okx,ACE/USDT:USDT,0.5924,349.0,0.5922,525.0,0.5928,17.0,0.593,143.0
1753600079408,07:07:59.408,okx,ACE/USDT:USDT,0.5924,181.0,0.5922,525.0,0.5928,17.0,0.593,143.0
1753600079508,07:07:59.508,okx,ACE/USDT:USDT,0.5924,349.0,0.5922,525.0,0.5928,17.0,0.593,143.0
1753600079608,07:07:59.608,okx,ACE/USDT:USDT,0.5924,349.0,0.5922,525.0,0.5928,17.0,0.593,143.0
1753600080008,07:08:00.008,okx,ACE/USDT:USDT,0.5924,349.0,0.5922,898.0,0.5928,17.0,0.593,42.0
1753600080108,07:08:00.108,okx,ACE/USDT:USDT,0.5924,349.0,0.5922,898.0,0.5928,17.0,0.593,42.0
1753600080508,07:08:00.508,okx,ACE/USDT:USDT,0.5924,181.0,0.5922,898.0,0.5928,17.0,0.593,42.0
1753600080808,07:08:00.808,okx,ACE/USDT:USDT,0.5924,13.0,0.5922,321.0,0.5928,17.0,0.593,42.0
1753600080908,07:08:00.908,okx,ACE/USDT:USDT,0.5924,13.0,0.5922,323.0,0.5928,17.0,0.593,42.0
1753600081608,07:08:01.608,okx,ACE/USDT:USDT,0.5924,13.0,0.5922,323.0,0.5928,17.0,0.593,42.0
1753600081808,07:08:01.808,okx,ACE/USDT:USDT,0.5924,13.0,0.5922,323.0,0.5928,17.0,0.593,42.0
1753600081908,07:08:01.908,okx,ACE/USDT:USDT,0.5924,13.0,0.5922,323.0,0.5928,17.0,0.593,42.0
1753600082008,07:08:02.008,okx,ACE/USDT:USDT,0.5924,13.0,0.5922,323.0,0.5928,17.0,0.593,563.0
1753600082208,07:08:02.208,okx,ACE/USDT:USDT,0.5924,13.0,0.5922,323.0,0.5928,17.0,0.593,563.0
1753600082308,07:08:02.308,okx,ACE/USDT:USDT,0.5924,13.0,0.5922,323.0,0.5928,17.0,0.5929,168.0
1753600082408,07:08:02.408,okx,ACE/USDT:USDT,0.5924,13.0,0.5922,323.0,0.5927,1.0,0.5928,17.0
1753600083408,07:08:03.408,okx,ACE/USDT:USDT,0.5922,2.0,0.5921,1.0,0.5926,137.0,0.5927,20.0
1753600083508,07:08:03.508,okx,ACE/USDT:USDT,0.5922,2.0,0.5921,1.0,0.5926,137.0,0.5927,20.0
1753600083608,07:08:03.608,okx,ACE/USDT:USDT,0.5922,2.0,0.5921,1.0,0.5926,137.0,0.5927,20.0
1753600083808,07:08:03.808,okx,ACE/USDT:USDT,0.5922,2.0,0.5921,1.0,0.5926,137.0,0.5927,20.0
1753600084008,07:08:04.008,okx,ACE/USDT:USDT,0.5922,2.0,0.5921,1.0,0.5926,137.0,0.5927,20.0
1753600084108,07:08:04.108,okx,ACE/USDT:USDT,0.5922,2.0,0.5921,1.0,0.5926,137.0,0.5927,20.0
1753600084508,07:08:04.508,okx,ACE/USDT:USDT,0.5922,2.0,0.5921,1.0,0.5926,137.0,0.5927,20.0
1753600084708,07:08:04.708,okx,ACE/USDT:USDT,0.5922,2.0,0.5921,1.0,0.5926,137.0,0.5927,20.0
1753600085008,07:08:05.008,okx,ACE/USDT:USDT,0.5922,2.0,0.5921,1.0,0.5926,137.0,0.5927,20.0
1753600085308,07:08:05.308,okx,ACE/USDT:USDT,0.5922,2.0,0.5921,1.0,0.5926,14.0,0.5927,20.0
1753600085408,07:08:05.408,okx,ACE/USDT:USDT,0.5922,2.0,0.5921,1.0,0.5926,14.0,0.5927,20.0
1753600085508,07:08:05.508,okx,ACE/USDT:USDT,0.5922,2.0,0.5921,1.0,0.5926,14.0,0.5927,20.0
1753600085808,07:08:05.808,okx,ACE/USDT:USDT,0.5922,2.0,0.5921,1.0,0.5926,14.0,0.5927,20.0
1753600086308,07:08:06.308,okx,ACE/USDT:USDT,0.5922,2.0,0.5921,1.0,0.5926,14.0,0.5927,20.0
1753600087108,07:08:07.108,okx,ACE/USDT:USDT,0.5922,2.0,0.5921,1.0,0.5926,14.0,0.5927,20.0
1753600087208,07:08:07.208,okx,ACE/USDT:USDT,0.5922,2.0,0.5921,1.0,0.5926,14.0,0.5927,20.0
1753600087408,07:08:07.408,okx,ACE/USDT:USDT,0.5922,2.0,0.5921,1.0,0.5926,14.0,0.5927,20.0
1753600087808,07:08:07.808,okx,ACE/USDT:USDT,0.5922,2.0,0.5921,1.0,0.5926,14.0,0.5927,20.0
1753600088008,07:08:08.008,okx,ACE/USDT:USDT,0.5922,2.0,0.5921,1.0,0.5926,14.0,0.5927,20.0
1753600088108,07:08:08.108,okx,ACE/USDT:USDT,0.5922,2.0,0.5921,1.0,0.5926,14.0,0.5927,20.0
1753600088308,07:08:08.308,okx,ACE/USDT:USDT,0.5922,2.0,0.5921,1.0,0.5926,14.0,0.5927,20.0
1753600088808,07:08:08.808,okx,ACE/USDT:USDT,0.5922,2.0,0.5921,1.0,0.5926,14.0,0.5927,20.0
1753600089008,07:08:09.008,okx,ACE/USDT:USDT,0.5922,2.0,0.5921,1.0,0.5926,14.0,0.5927,20.0
1753600089408,07:08:09.408,okx,ACE/USDT:USDT,0.5922,2.0,0.5921,1.0,0.5926,14.0,0.5927,20.0
1753600090208,07:08:10.208,okx,ACE/USDT:USDT,0.5922,2.0,0.5921,1.0,0.5926,14.0,0.5927,20.0
1753600090508,07:08:10.508,okx,ACE/USDT:USDT,0.5922,2.0,0.5921,1.0,0.5926,14.0,0.5927,20.0
1753600090808,07:08:10.808,okx,ACE/USDT:USDT,0.5922,2.0,0.5921,1.0,0.5926,14.0,0.5927,20.0
1753600091008,07:08:11.008,okx,ACE/USDT:USDT,0.5922,2.0,0.5921,1.0,0.5926,14.0,0.5927,20.0
1753600091308,07:08:11.308,okx,ACE/USDT:USDT,0.5922,2.0,0.5921,1.0,0.5926,14.0,0.5927,20.0
1753600091708,07:08:11.708,okx,ACE/USDT:USDT,0.5922,2.0,0.5921,1.0,0.5926,14.0,0.5927,20.0
1753600092108,07:08:12.108,okx,ACE/USDT:USDT,0.5922,2.0,0.5921,1.0,0.5926,14.0,0.5927,20.0
1753600092308,07:08:12.308,okx,ACE/USDT:USDT,0.5922,2.0,0.5921,1.0,0.5926,14.0,0.5927,188.0
1753600092408,07:08:12.408,okx,ACE/USDT:USDT,0.5922,2.0,0.5921,1.0,0.5926,14.0,0.5927,188.0
1753600092608,07:08:12.608,okx,ACE/USDT:USDT,0.5922,2.0,0.5921,1.0,0.5926,14.0,0.5927,188.0
1753600092908,07:08:12.908,okx,ACE/USDT:USDT,0.5922,2.0,0.5921,1.0,0.5926,14.0,0.5927,188.0
1753600093308,07:08:13.308,okx,ACE/USDT:USDT,0.5922,2.0,0.5921,1.0,0.5926,14.0,0.5927,188.0
1753600093508,07:08:13.508,okx,ACE/USDT:USDT,0.5922,2.0,0.5921,1.0,0.5926,14.0,0.5927,188.0
1753600093608,07:08:13.608,okx,ACE/USDT:USDT,0.5922,2.0,0.5921,1.0,0.5926,14.0,0.5927,188.0
1753600094508,07:08:14.508,okx,ACE/USDT:USDT,0.5922,2.0,0.5921,1.0,0.5926,14.0,0.5927,188.0
1753600094908,07:08:14.908,okx,ACE/USDT:USDT,0.5922,2.0,0.5921,1.0,0.5926,14.0,0.5927,807.0
1753600095008,07:08:15.008,okx,ACE/USDT:USDT,0.5922,2.0,0.5921,1.0,0.5926,14.0,0.5927,807.0
1753600095108,07:08:15.108,okx,ACE/USDT:USDT,0.5922,2.0,0.5921,1.0,0.5925,206.0,0.5926,14.0
1753600095408,07:08:15.408,okx,ACE/USDT:USDT,0.5922,2.0,0.5921,1.0,0.5925,206.0,0.5926,14.0
1753600095908,07:08:15.908,okx,ACE/USDT:USDT,0.5922,2.0,0.5921,1.0,0.5925,206.0,0.5926,14.0
1753600096008,07:08:16.008,okx,ACE/USDT:USDT,0.5922,2.0,0.5921,1.0,0.5925,206.0,0.5926,14.0
1753600096108,07:08:16.108,okx,ACE/USDT:USDT,0.5922,2.0,0.5921,1.0,0.5925,206.0,0.5926,14.0
1753600096308,07:08:16.308,okx,ACE/USDT:USDT,0.5922,2.0,0.5921,1.0,0.5925,206.0,0.5926,14.0
1753600096508,07:08:16.508,okx,ACE/USDT:USDT,0.5922,2.0,0.5921,1.0,0.5925,206.0,0.5926,14.0
1753600097008,07:08:17.008,okx,ACE/USDT:USDT,0.5922,2.0,0.5921,1.0,0.5925,206.0,0.5926,14.0
1753600097108,07:08:17.108,okx,ACE/USDT:USDT,0.5922,2.0,0.5921,1.0,0.5925,206.0,0.5926,14.0
1753600097608,07:08:17.608,okx,ACE/USDT:USDT,0.5922,2.0,0.5921,1.0,0.5925,14.0,0.5926,14.0
1753600098108,07:08:18.108,okx,ACE/USDT:USDT,0.5922,2.0,0.5921,1.0,0.5925,14.0,0.5926,14.0
1753600098208,07:08:18.208,okx,ACE/USDT:USDT,0.5922,2.0,0.5921,1.0,0.5925,14.0,0.5926,14.0
1753600098808,07:08:18.808,okx,ACE/USDT:USDT,0.5922,2.0,0.5921,1.0,0.5925,14.0,0.5926,14.0
1753600099308,07:08:19.308,okx,ACE/USDT:USDT,0.5922,2.0,0.5921,1.0,0.5925,14.0,0.5926,14.0
1753600099408,07:08:19.408,okx,ACE/USDT:USDT,0.5922,2.0,0.5921,1.0,0.5925,14.0,0.5926,14.0
1753600099508,07:08:19.508,okx,ACE/USDT:USDT,0.5922,2.0,0.5921,1.0,0.5925,14.0,0.5926,14.0
1753600099708,07:08:19.708,okx,ACE/USDT:USDT,0.5922,2.0,0.5921,1.0,0.5925,14.0,0.5926,14.0
1753600099808,07:08:19.808,okx,ACE/USDT:USDT,0.5922,2.0,0.5921,1.0,0.5925,14.0,0.5926,14.0
1753600099908,07:08:19.908,okx,ACE/USDT:USDT,0.5922,2.0,0.5921,1.0,0.5925,14.0,0.5926,14.0
1753600101008,07:08:21.008,okx,ACE/USDT:USDT,0.5922,2.0,0.5921,1.0,0.5925,7.0,0.5926,14.0
1753600101708,07:08:21.708,okx,ACE/USDT:USDT,0.5922,2.0,0.5921,1.0,0.5925,7.0,0.5926,14.0
1753600101908,07:08:21.908,okx,ACE/USDT:USDT,0.5922,2.0,0.5921,1.0,0.5925,7.0,0.5926,14.0
1753600103208,07:08:23.208,okx,ACE/USDT:USDT,0.5922,2.0,0.5921,1.0,0.5925,7.0,0.5926,15.0
1753600103808,07:08:23.808,okx,ACE/USDT:USDT,0.5922,2.0,0.5921,1.0,0.5925,7.0,0.5926,15.0
1753600103908,07:08:23.908,okx,ACE/USDT:USDT,0.5922,2.0,0.5921,1.0,0.5925,7.0,0.5926,15.0
1753600104408,07:08:24.408,okx,ACE/USDT:USDT,0.5922,2.0,0.5921,1.0,0.5925,7.0,0.5926,15.0
1753600104808,07:08:24.808,okx,ACE/USDT:USDT,0.5922,2.0,0.5921,1.0,0.5925,7.0,0.5926,14.0
1753600105508,07:08:25.508,okx,ACE/USDT:USDT,0.5922,2.0,0.5921,1.0,0.5925,7.0,0.5926,14.0
1753600105608,07:08:25.608,okx,ACE/USDT:USDT,0.5922,2.0,0.5921,1.0,0.5925,7.0,0.5926,14.0
1753600105708,07:08:25.708,okx,ACE/USDT:USDT,0.5922,2.0,0.5921,1.0,0.5925,29.0,0.5926,14.0
1753600106108,07:08:26.108,okx,ACE/USDT:USDT,0.5922,2.0,0.5921,1.0,0.5925,29.0,0.5926,14.0
1753600106308,07:08:26.308,okx,ACE/USDT:USDT,0.5922,2.0,0.5921,1.0,0.5925,29.0,0.5926,14.0
1753600106508,07:08:26.508,okx,ACE/USDT:USDT,0.5922,2.0,0.5921,1.0,0.5925,29.0,0.5926,14.0
1753600106708,07:08:26.708,okx,ACE/USDT:USDT,0.5922,2.0,0.5921,1.0,0.5925,29.0,0.5926,14.0
1753600106908,07:08:26.908,okx,ACE/USDT:USDT,0.5922,2.0,0.5921,1.0,0.5925,29.0,0.5926,14.0
1753600107508,07:08:27.508,okx,ACE/USDT:USDT,0.5922,2.0,0.5921,1.0,0.5925,29.0,0.5926,14.0
1753600107808,07:08:27.808,okx,ACE/USDT:USDT,0.5922,2.0,0.5921,1.0,0.5925,29.0,0.5926,14.0
1753600108308,07:08:28.308,okx,ACE/USDT:USDT,0.5922,2.0,0.5921,1.0,0.5925,29.0,0.5926,14.0
1753600108408,07:08:28.408,okx,ACE/USDT:USDT,0.5922,2.0,0.5921,1.0,0.5925,29.0,0.5926,14.0
1753600108808,07:08:28.808,okx,ACE/USDT:USDT,0.5922,2.0,0.5921,1.0,0.5925,29.0,0.5926,14.0
1753600108908,07:08:28.908,okx,ACE/USDT:USDT,0.5922,2.0,0.5921,1.0,0.5925,29.0,0.5926,14.0
1753600109508,07:08:29.508,okx,ACE/USDT:USDT,0.5922,2.0,0.5921,1.0,0.5925,29.0,0.5926,14.0
1753600109908,07:08:29.908,okx,ACE/USDT:USDT,0.5922,2.0,0.5921,1.0,0.5925,29.0,0.5926,14.0
1753600110108,07:08:30.108,okx,ACE/USDT:USDT,0.5922,2.0,0.5921,1.0,0.5925,29.0,0.5926,14.0
1753600110408,07:08:30.408,okx,ACE/USDT:USDT,0.5922,2.0,0.5921,1.0,0.5925,29.0,0.5926,14.0
1753600110508,07:08:30.508,okx,ACE/USDT:USDT,0.5922,2.0,0.5921,1.0,0.5925,29.0,0.5926,14.0
1753600110608,07:08:30.608,okx,ACE/USDT:USDT,0.5922,2.0,0.5921,1.0,0.5925,29.0,0.5926,14.0
1753600110708,07:08:30.708,okx,ACE/USDT:USDT,0.5922,2.0,0.5921,1.0,0.5925,29.0,0.5926,14.0
1753600110808,07:08:30.808,okx,ACE/USDT:USDT,0.5922,2.0,0.5921,1.0,0.5925,29.0,0.5926,14.0
1753600111108,07:08:31.108,okx,ACE/USDT:USDT,0.5922,2.0,0.5921,1.0,0.5925,29.0,0.5926,14.0
1753600111208,07:08:31.208,okx,ACE/USDT:USDT,0.5922,2.0,0.5921,1.0,0.5925,29.0,0.5926,14.0
1753600111308,07:08:31.308,okx,ACE/USDT:USDT,0.5922,2.0,0.5921,1.0,0.5925,29.0,0.5926,14.0
1753600111408,07:08:31.408,okx,ACE/USDT:USDT,0.5922,2.0,0.5921,1.0,0.5925,29.0,0.5926,14.0
1753600111608,07:08:31.608,okx,ACE/USDT:USDT,0.5922,2.0,0.5921,1.0,0.5925,29.0,0.5926,14.0
1753600111708,07:08:31.708,okx,ACE/USDT:USDT,0.5922,2.0,0.5921,1.0,0.5925,29.0,0.5926,14.0
1753600111908,07:08:31.908,okx,ACE/USDT:USDT,0.5922,2.0,0.5921,1.0,0.5925,21.0,0.5926,14.0
1753600112308,07:08:32.308,okx,ACE/USDT:USDT,0.5922,2.0,0.5921,1.0,0.5925,44.0,0.5926,14.0
1753600112408,07:08:32.408,okx,ACE/USDT:USDT,0.5922,2.0,0.5921,1.0,0.5925,44.0,0.5926,14.0
1753600112608,07:08:32.608,okx,ACE/USDT:USDT,0.5922,2.0,0.5921,1.0,0.5925,44.0,0.5926,14.0
1753600112908,07:08:32.908,okx,ACE/USDT:USDT,0.5922,2.0,0.5921,1.0,0.5925,31.0,0.5926,14.0
1753600113008,07:08:33.008,okx,ACE/USDT:USDT,0.5922,2.0,0.5921,1.0,0.5925,31.0,0.5926,14.0
1753600113408,07:08:33.408,okx,ACE/USDT:USDT,0.5922,2.0,0.5921,1.0,0.5925,31.0,0.5926,14.0
1753600113508,07:08:33.508,okx,ACE/USDT:USDT,0.5922,2.0,0.5921,1.0,0.5925,31.0,0.5926,14.0
1753600113808,07:08:33.808,okx,ACE/USDT:USDT,0.5922,2.0,0.5921,1.0,0.5925,31.0,0.5926,14.0
1753600113908,07:08:33.908,okx,ACE/USDT:USDT,0.5922,2.0,0.5921,1.0,0.5925,31.0,0.5926,14.0
1753600114008,07:08:34.008,okx,ACE/USDT:USDT,0.5922,2.0,0.5921,1.0,0.5925,31.0,0.5926,14.0
1753600114208,07:08:34.208,okx,ACE/USDT:USDT,0.5922,2.0,0.5921,1.0,0.5925,31.0,0.5926,14.0
1753600114308,07:08:34.308,okx,ACE/USDT:USDT,0.5922,2.0,0.5921,1.0,0.5925,31.0,0.5926,14.0
1753600114708,07:08:34.708,okx,ACE/USDT:USDT,0.5922,2.0,0.5921,1.0,0.5925,31.0,0.5926,14.0
1753600115108,07:08:35.108,okx,ACE/USDT:USDT,0.5922,2.0,0.5921,1.0,0.5925,31.0,0.5926,14.0
1753600115708,07:08:35.708,okx,ACE/USDT:USDT,0.5922,2.0,0.5921,1.0,0.5925,31.0,0.5926,14.0
1753600115808,07:08:35.808,okx,ACE/USDT:USDT,0.5922,2.0,0.5921,1.0,0.5925,31.0,0.5926,14.0
1753600115908,07:08:35.908,okx,ACE/USDT:USDT,0.5922,2.0,0.5921,1.0,0.5925,31.0,0.5926,14.0
1753600116208,07:08:36.208,okx,ACE/USDT:USDT,0.5922,2.0,0.5921,1.0,0.5925,31.0,0.5926,14.0
1753600116808,07:08:36.808,okx,ACE/USDT:USDT,0.5922,2.0,0.5921,1.0,0.5925,31.0,0.5926,14.0
1753600116908,07:08:36.908,okx,ACE/USDT:USDT,0.5922,2.0,0.5921,1.0,0.5925,31.0,0.5926,14.0
1753600117508,07:08:37.508,okx,ACE/USDT:USDT,0.5922,2.0,0.5921,1.0,0.5925,31.0,0.5926,14.0
1753600118008,07:08:38.008,okx,ACE/USDT:USDT,0.5922,2.0,0.5921,1.0,0.5925,31.0,0.5926,14.0
1753600118108,07:08:38.108,okx,ACE/USDT:USDT,0.5922,2.0,0.5921,1.0,0.5925,31.0,0.5926,14.0
1753600118208,07:08:38.208,okx,ACE/USDT:USDT,0.5922,2.0,0.5921,1.0,0.5925,737.0,0.5926,14.0
1753600118408,07:08:38.408,okx,ACE/USDT:USDT,0.5922,2.0,0.5921,1.0,0.5925,737.0,0.5926,14.0
1753600118508,07:08:38.508,okx,ACE/USDT:USDT,0.5922,2.0,0.5921,1.0,0.5925,737.0,0.5926,14.0
1753600119008,07:08:39.008,okx,ACE/USDT:USDT,0.5922,2.0,0.5921,1.0,0.5925,737.0,0.5926,14.0
1753600119108,07:08:39.108,okx,ACE/USDT:USDT,0.5922,2.0,0.5921,1.0,0.5925,906.0,0.5927,1125.0
1753600119208,07:08:39.208,okx,ACE/USDT:USDT,0.5922,2.0,0.5921,1.0,0.5925,906.0,0.5927,1125.0
1753600119308,07:08:39.308,okx,ACE/USDT:USDT,0.5922,2.0,0.5921,1.0,0.5925,906.0,0.5927,1125.0
1753600119608,07:08:39.608,okx,ACE/USDT:USDT,0.5922,2.0,0.5921,1.0,0.5925,906.0,0.5927,1111.0
1753600119708,07:08:39.708,okx,ACE/USDT:USDT,0.5922,2.0,0.5921,1.0,0.5925,906.0,0.5927,1111.0
1753600119908,07:08:39.908,okx,ACE/USDT:USDT,0.5922,2.0,0.5921,1.0,0.5925,737.0,0.5927,1111.0
1753600120808,07:08:40.808,okx,ACE/USDT:USDT,0.5922,2.0,0.5921,1.0,0.5925,906.0,0.5927,1111.0
1753600121708,07:08:41.708,okx,ACE/USDT:USDT,0.5922,2.0,0.5921,1.0,0.5925,906.0,0.5927,654.0
1753600122408,07:08:42.408,okx,ACE/USDT:USDT,0.5922,2.0,0.5921,1.0,0.5925,906.0,0.5927,1005.0
1753600123708,07:08:43.708,okx,ACE/USDT:USDT,0.5922,2.0,0.5921,1.0,0.5925,737.0,0.5927,654.0
1753600124208,07:08:44.208,okx,ACE/USDT:USDT,0.5922,2.0,0.5921,1.0,0.5925,737.0,0.5927,305.0
1753600124608,07:08:44.608,okx,ACE/USDT:USDT,0.5922,2.0,0.5921,1.0,0.5925,737.0,0.5927,209.0
1753600124708,07:08:44.708,okx,ACE/USDT:USDT,0.5922,2.0,0.5921,1.0,0.5925,737.0,0.5927,209.0
1753600125208,07:08:45.208,okx,ACE/USDT:USDT,0.5922,2.0,0.5921,1.0,0.5925,737.0,0.5927,209.0
1753600125308,07:08:45.308,okx,ACE/USDT:USDT,0.5922,2.0,0.5921,1.0,0.5925,737.0,0.5927,209.0
1753600125708,07:08:45.708,okx,ACE/USDT:USDT,0.5922,2.0,0.5921,1.0,0.5925,735.0,0.5927,209.0
1753600125808,07:08:45.808,okx,ACE/USDT:USDT,0.5922,2.0,0.5921,1.0,0.5925,735.0,0.5927,209.0
1753600126208,07:08:46.208,okx,ACE/USDT:USDT,0.5922,2.0,0.5921,1.0,0.5925,735.0,0.5927,209.0
1753600126808,07:08:46.808,okx,ACE/USDT:USDT,0.5922,2.0,0.5921,1.0,0.5925,735.0,0.5927,209.0
1753600127008,07:08:47.008,okx,ACE/USDT:USDT,0.5922,2.0,0.5921,1.0,0.5925,735.0,0.5927,209.0
1753600128508,07:08:48.508,okx,ACE/USDT:USDT,0.5922,2.0,0.5921,1.0,0.5925,699.0,0.5927,209.0
1753600128808,07:08:48.808,okx,ACE/USDT:USDT,0.5922,2.0,0.5921,1.0,0.5925,699.0,0.5927,209.0
1753600129108,07:08:49.108,okx,ACE/USDT:USDT,0.5922,2.0,0.5921,1.0,0.5925,699.0,0.5927,209.0
1753600129208,07:08:49.208,okx,ACE/USDT:USDT,0.5922,2.0,0.5921,1.0,0.5925,699.0,0.5927,209.0
1753600129708,07:08:49.708,okx,ACE/USDT:USDT,0.5922,2.0,0.5921,1.0,0.5925,699.0,0.5927,209.0
1753600129908,07:08:49.908,okx,ACE/USDT:USDT,0.5922,2.0,0.5921,1.0,0.5925,699.0,0.5927,209.0
1753600130208,07:08:50.208,okx,ACE/USDT:USDT,0.5922,2.0,0.5921,1.0,0.5925,699.0,0.5927,209.0
1753600130808,07:08:50.808,okx,ACE/USDT:USDT,0.5922,2.0,0.5921,1.0,0.5925,699.0,0.5927,209.0
1753600131908,07:08:51.908,okx,ACE/USDT:USDT,0.5922,2.0,0.5921,1.0,0.5925,699.0,0.5927,209.0
1753600132008,07:08:52.008,okx,ACE/USDT:USDT,0.5922,2.0,0.5921,1.0,0.5925,699.0,0.5927,209.0
1753600132508,07:08:52.508,okx,ACE/USDT:USDT,0.5922,2.0,0.5921,1.0,0.5925,699.0,0.5927,209.0
1753600132708,07:08:52.708,okx,ACE/USDT:USDT,0.5922,2.0,0.5921,1.0,0.5925,699.0,0.5927,209.0
1753600133008,07:08:53.008,okx,ACE/USDT:USDT,0.5922,2.0,0.5921,1.0,0.5925,699.0,0.5927,209.0
1753600133308,07:08:53.308,okx,ACE/USDT:USDT,0.5922,2.0,0.5921,1.0,0.5925,699.0,0.5927,209.0
1753600134308,07:08:54.308,okx,ACE/USDT:USDT,0.5922,3.0,0.5921,1.0,0.5925,699.0,0.5927,209.0
1753600134408,07:08:54.408,okx,ACE/USDT:USDT,0.5922,3.0,0.5921,1.0,0.5925,699.0,0.5927,209.0
1753600134508,07:08:54.508,okx,ACE/USDT:USDT,0.5922,3.0,0.5921,1.0,0.5925,699.0,0.5927,209.0
1753600134608,07:08:54.608,okx,ACE/USDT:USDT,0.5922,3.0,0.5921,1.0,0.5925,699.0,0.5927,209.0
1753600134808,07:08:54.808,okx,ACE/USDT:USDT,0.5922,3.0,0.5921,1.0,0.5925,699.0,0.5927,209.0
1753600135108,07:08:55.108,okx,ACE/USDT:USDT,0.5922,3.0,0.5921,1.0,0.5925,699.0,0.5927,209.0
1753600135608,07:08:55.608,okx,ACE/USDT:USDT,0.5922,3.0,0.5921,1.0,0.5925,699.0,0.5927,209.0
1753600136708,07:08:56.708,okx,ACE/USDT:USDT,0.5922,3.0,0.5921,1.0,0.5925,699.0,0.5927,78.0
1753600136908,07:08:56.908,okx,ACE/USDT:USDT,0.5922,3.0,0.5921,1.0,0.5925,699.0,0.5927,78.0
1753600137008,07:08:57.008,okx,ACE/USDT:USDT,0.5922,3.0,0.5921,1.0,0.5925,699.0,0.5927,78.0
1753600138008,07:08:58.008,okx,ACE/USDT:USDT,0.5922,3.0,0.5921,1.0,0.5925,699.0,0.5927,78.0
1753600138108,07:08:58.108,okx,ACE/USDT:USDT,0.5922,3.0,0.5921,1.0,0.5925,699.0,0.5927,78.0
1753600138508,07:08:58.508,okx,ACE/USDT:USDT,0.5922,3.0,0.5921,1.0,0.5925,699.0,0.5927,78.0
1753600138808,07:08:58.808,okx,ACE/USDT:USDT,0.5922,3.0,0.5921,1.0,0.5925,699.0,0.5927,78.0
1753600139208,07:08:59.208,okx,ACE/USDT:USDT,0.5922,3.0,0.5921,1.0,0.5925,699.0,0.5927,78.0
1753600139308,07:08:59.308,okx,ACE/USDT:USDT,0.5922,3.0,0.5921,1.0,0.5925,699.0,0.5927,78.0
1753600139408,07:08:59.408,okx,ACE/USDT:USDT,0.5922,3.0,0.5921,1.0,0.5925,699.0,0.5927,78.0
1753600139808,07:08:59.808,okx,ACE/USDT:USDT,0.5922,2.0,0.5921,1.0,0.5925,699.0,0.5927,78.0
1753600140008,07:09:00.008,okx,ACE/USDT:USDT,0.592,662.0,0.5919,1844.0,0.5925,699.0,0.5927,78.0
1753600140208,07:09:00.208,okx,ACE/USDT:USDT,0.592,662.0,0.5919,1654.0,0.5925,699.0,0.5927,209.0
1753600140408,07:09:00.408,okx,ACE/USDT:USDT,0.592,662.0,0.5919,1654.0,0.5925,699.0,0.5927,209.0
1753600140608,07:09:00.608,okx,ACE/USDT:USDT,0.592,662.0,0.5919,1654.0,0.5925,699.0,0.5927,209.0
1753600141008,07:09:01.008,okx,ACE/USDT:USDT,0.592,662.0,0.5919,1654.0,0.5925,699.0,0.5927,211.0
1753600141608,07:09:01.608,okx,ACE/USDT:USDT,0.592,145.0,0.5919,296.0,0.5925,699.0,0.5927,211.0
1753600141908,07:09:01.908,okx,ACE/USDT:USDT,0.592,145.0,0.5919,296.0,0.5925,699.0,0.5927,211.0
1753600142208,07:09:02.208,okx,ACE/USDT:USDT,0.592,145.0,0.5919,296.0,0.5925,699.0,0.5927,211.0
1753600142408,07:09:02.408,okx,ACE/USDT:USDT,0.592,145.0,0.5919,1.0,0.5925,699.0,0.5927,379.0
1753600142508,07:09:02.508,okx,ACE/USDT:USDT,0.592,145.0,0.5919,1.0,0.5925,699.0,0.5927,379.0
1753600143308,07:09:03.308,okx,ACE/USDT:USDT,0.592,145.0,0.5919,1.0,0.5925,699.0,0.5927,379.0
1753600143508,07:09:03.508,okx,ACE/USDT:USDT,0.592,145.0,0.5919,1.0,0.5925,698.0,0.5927,211.0
1753600143708,07:09:03.708,okx,ACE/USDT:USDT,0.592,145.0,0.5919,1.0,0.5925,698.0,0.5927,211.0
1753600144408,07:09:04.408,okx,ACE/USDT:USDT,0.592,145.0,0.5919,352.0,0.5925,698.0,0.5927,211.0
1753600144708,07:09:04.708,okx,ACE/USDT:USDT,0.592,145.0,0.5919,352.0,0.5925,698.0,0.5927,211.0
1753600145308,07:09:05.308,okx,ACE/USDT:USDT,0.592,145.0,0.5919,352.0,0.5925,698.0,0.5927,211.0
1753600146308,07:09:06.308,okx,ACE/USDT:USDT,0.592,145.0,0.5919,692.0,0.5925,705.0,0.5927,205.0
1753600146408,07:09:06.408,okx,ACE/USDT:USDT,0.592,145.0,0.5919,692.0,0.5925,705.0,0.5927,205.0
1753600146708,07:09:06.708,okx,ACE/USDT:USDT,0.592,145.0,0.5919,692.0,0.5925,705.0,0.5927,205.0
1753600146908,07:09:06.908,okx,ACE/USDT:USDT,0.592,145.0,0.5919,692.0,0.5925,705.0,0.5927,205.0
1753600147108,07:09:07.108,okx,ACE/USDT:USDT,0.592,145.0,0.5919,692.0,0.5925,705.0,0.5927,205.0
1753600147208,07:09:07.208,okx,ACE/USDT:USDT,0.592,145.0,0.5919,692.0,0.5925,705.0,0.5927,205.0
1753600147708,07:09:07.708,okx,ACE/USDT:USDT,0.592,145.0,0.5919,524.0,0.5925,705.0,0.5927,205.0
1753600148408,07:09:08.408,okx,ACE/USDT:USDT,0.592,145.0,0.5919,692.0,0.5925,705.0,0.5927,205.0
1753600148508,07:09:08.508,okx,ACE/USDT:USDT,0.592,145.0,0.5919,692.0,0.5925,705.0,0.5927,205.0
1753600148608,07:09:08.608,okx,ACE/USDT:USDT,0.592,649.0,0.5919,1050.0,0.5925,705.0,0.5927,205.0
1753600148908,07:09:08.908,okx,ACE/USDT:USDT,0.592,649.0,0.5919,1050.0,0.5925,705.0,0.5927,74.0
1753600149108,07:09:09.108,okx,ACE/USDT:USDT,0.5921,131.0,0.592,654.0,0.5925,670.0,0.5926,1.0
1753600149708,07:09:09.708,okx,ACE/USDT:USDT,0.5921,131.0,0.592,654.0,0.5925,670.0,0.5926,1.0
1753600150108,07:09:10.108,okx,ACE/USDT:USDT,0.5921,131.0,0.592,738.0,0.5925,670.0,0.5926,1.0
1753600150208,07:09:10.208,okx,ACE/USDT:USDT,0.5921,131.0,0.592,738.0,0.5925,670.0,0.5926,1.0
1753600150408,07:09:10.408,okx,ACE/USDT:USDT,0.5921,141.0,0.592,234.0,0.5925,670.0,0.5926,1.0
1753600150508,07:09:10.508,okx,ACE/USDT:USDT,0.5921,141.0,0.592,234.0,0.5925,670.0,0.5926,1.0
1753600150608,07:09:10.608,okx,ACE/USDT:USDT,0.5921,141.0,0.592,234.0,0.5925,670.0,0.5926,1.0
1753600150808,07:09:10.808,okx,ACE/USDT:USDT,0.5921,141.0,0.592,402.0,0.5925,670.0,0.5926,1.0
1753600151608,07:09:11.608,okx,ACE/USDT:USDT,0.5921,24.0,0.592,1277.0,0.5925,670.0,0.5926,1.0
1753600151708,07:09:11.708,okx,ACE/USDT:USDT,0.5921,24.0,0.592,1277.0,0.5925,670.0,0.5926,1.0
1753600151808,07:09:11.808,okx,ACE/USDT:USDT,0.5921,24.0,0.592,1277.0,0.5925,670.0,0.5926,1.0
1753600151908,07:09:11.908,okx,ACE/USDT:USDT,0.5921,24.0,0.592,1277.0,0.5925,670.0,0.5926,1.0
1753600152108,07:09:12.108,okx,ACE/USDT:USDT,0.5921,34.0,0.592,1277.0,0.5925,670.0,0.5926,1.0
1753600152208,07:09:12.208,okx,ACE/USDT:USDT,0.5921,34.0,0.592,1277.0,0.5925,670.0,0.5926,1.0
1753600152808,07:09:12.808,okx,ACE/USDT:USDT,0.5921,34.0,0.592,234.0,0.5925,670.0,0.5926,1.0
1753600153008,07:09:13.008,okx,ACE/USDT:USDT,0.5921,34.0,0.592,234.0,0.5925,670.0,0.5926,1.0
1753600153308,07:09:13.308,okx,ACE/USDT:USDT,0.5921,34.0,0.592,234.0,0.5925,670.0,0.5926,1.0
1753600153608,07:09:13.608,okx,ACE/USDT:USDT,0.5921,34.0,0.592,234.0,0.5925,670.0,0.5926,1.0
1753600153808,07:09:13.808,okx,ACE/USDT:USDT,0.5921,34.0,0.592,234.0,0.5925,670.0,0.5926,1.0
1753600153908,07:09:13.908,okx,ACE/USDT:USDT,0.5921,207.0,0.592,146.0,0.5925,670.0,0.5926,1.0
1753600154008,07:09:14.008,okx,ACE/USDT:USDT,0.5921,207.0,0.592,146.0,0.5925,670.0,0.5926,1.0
1753600154208,07:09:14.208,okx,ACE/USDT:USDT,0.5921,207.0,0.592,146.0,0.5925,670.0,0.5926,1.0
1753600154708,07:09:14.708,okx,ACE/USDT:USDT,0.5921,203.0,0.592,146.0,0.5925,670.0,0.5926,1.0
1753600154808,07:09:14.808,okx,ACE/USDT:USDT,0.5921,203.0,0.592,146.0,0.5925,670.0,0.5926,1.0
1753600155108,07:09:15.108,okx,ACE/USDT:USDT,0.5921,203.0,0.592,146.0,0.5925,670.0,0.5926,1.0
1753600155208,07:09:15.208,okx,ACE/USDT:USDT,0.5921,203.0,0.592,146.0,0.5925,670.0,0.5926,1.0
1753600155808,07:09:15.808,okx,ACE/USDT:USDT,0.5921,203.0,0.592,146.0,0.5925,670.0,0.5926,1.0
1753600156108,07:09:16.108,okx,ACE/USDT:USDT,0.5921,203.0,0.592,146.0,0.5925,670.0,0.5926,1.0
1753600156208,07:09:16.208,okx,ACE/USDT:USDT,0.5921,203.0,0.592,146.0,0.5925,670.0,0.5926,1.0
1753600157208,07:09:17.208,okx,ACE/USDT:USDT,0.5921,203.0,0.592,146.0,0.5925,670.0,0.5926,1.0
1753600157308,07:09:17.308,okx,ACE/USDT:USDT,0.5921,203.0,0.592,146.0,0.5925,670.0,0.5926,1.0
1753600157908,07:09:17.908,okx,ACE/USDT:USDT,0.5921,203.0,0.592,146.0,0.5925,670.0,0.5926,1.0
1753600158408,07:09:18.408,okx,ACE/USDT:USDT,0.5921,203.0,0.592,146.0,0.5925,670.0,0.5926,1.0
1753600159008,07:09:19.008,okx,ACE/USDT:USDT,0.592,552.0,0.5919,151.0,0.5925,670.0,0.5926,1.0
1753600159208,07:09:19.208,okx,ACE/USDT:USDT,0.592,562.0,0.5919,131.0,0.5925,670.0,0.5926,1.0
1753600159608,07:09:19.608,okx,ACE/USDT:USDT,0.592,552.0,0.5919,131.0,0.5925,670.0,0.5926,1.0
1753600159708,07:09:19.708,okx,ACE/USDT:USDT,0.592,552.0,0.5919,131.0,0.5925,670.0,0.5926,1.0
1753600160008,07:09:20.008,okx,ACE/USDT:USDT,0.592,552.0,0.5919,131.0,0.5925,670.0,0.5926,1.0
1753600160108,07:09:20.108,okx,ACE/USDT:USDT,0.592,552.0,0.5919,131.0,0.5925,670.0,0.5926,1.0
1753600160208,07:09:20.208,okx,ACE/USDT:USDT,0.5919,458.0,0.5918,1.0,0.5925,670.0,0.5926,1.0
1753600160308,07:09:20.308,okx,ACE/USDT:USDT,0.5919,451.0,0.5918,1.0,0.5925,670.0,0.5926,1.0
1753600160708,07:09:20.708,okx,ACE/USDT:USDT,0.5919,131.0,0.5918,1.0,0.5925,670.0,0.5926,169.0
1753600161008,07:09:21.008,okx,ACE/USDT:USDT,0.5919,131.0,0.5918,1.0,0.5925,670.0,0.5926,169.0
1753600162108,07:09:22.108,okx,ACE/USDT:USDT,0.5918,120.0,0.5917,216.0,0.5925,673.0,0.5926,183.0
1753600162508,07:09:22.508,okx,ACE/USDT:USDT,0.5918,120.0,0.5917,216.0,0.5925,1030.0,0.5926,1177.0
1753600162608,07:09:22.608,okx,ACE/USDT:USDT,0.5918,120.0,0.5917,216.0,0.5925,1030.0,0.5926,1592.0
1753600162708,07:09:22.708,okx,ACE/USDT:USDT,0.5918,120.0,0.5917,216.0,0.5925,1030.0,0.5926,1592.0
1753600163708,07:09:23.708,okx,ACE/USDT:USDT,0.5918,120.0,0.5917,216.0,0.5925,1030.0,0.5926,1759.0
1753600164108,07:09:24.108,okx,ACE/USDT:USDT,0.5917,920.0,0.5916,15.0,0.5924,367.0,0.5925,1178.0
1753600164208,07:09:24.208,okx,ACE/USDT:USDT,0.5917,920.0,0.5916,15.0,0.5924,367.0,0.5925,1010.0
1753600164608,07:09:24.608,okx,ACE/USDT:USDT,0.5917,368.0,0.5916,15.0,0.5924,367.0,0.5925,1178.0
1753600164708,07:09:24.708,okx,ACE/USDT:USDT,0.5917,368.0,0.5916,15.0,0.5924,367.0,0.5925,1178.0
1753600165008,07:09:25.008,okx,ACE/USDT:USDT,0.5917,368.0,0.5916,15.0,0.5924,367.0,0.5925,1178.0
1753600165308,07:09:25.308,okx,ACE/USDT:USDT,0.5917,368.0,0.5916,15.0,0.5924,367.0,0.5925,1682.0
1753600165408,07:09:25.408,okx,ACE/USDT:USDT,0.5917,368.0,0.5916,15.0,0.5924,367.0,0.5925,1682.0
1753600165608,07:09:25.608,okx,ACE/USDT:USDT,0.5917,368.0,0.5916,15.0,0.5924,367.0,0.5925,1682.0
1753600165708,07:09:25.708,okx,ACE/USDT:USDT,0.5917,368.0,0.5916,15.0,0.5924,367.0,0.5925,1682.0
1753600165908,07:09:25.908,okx,ACE/USDT:USDT,0.5917,216.0,0.5916,15.0,0.5924,726.0,0.5925,2690.0
1753600166108,07:09:26.108,okx,ACE/USDT:USDT,0.5917,216.0,0.5916,15.0,0.5924,726.0,0.5925,2690.0
1753600166508,07:09:26.508,okx,ACE/USDT:USDT,0.5917,216.0,0.5916,15.0,0.5923,111.0,0.5924,935.0
1753600166708,07:09:26.708,okx,ACE/USDT:USDT,0.5917,216.0,0.5916,15.0,0.5923,111.0,0.5924,935.0
1753600167208,07:09:27.208,okx,ACE/USDT:USDT,0.5917,216.0,0.5916,15.0,0.5923,111.0,0.5924,935.0
1753600167308,07:09:27.308,okx,ACE/USDT:USDT,0.5917,216.0,0.5916,15.0,0.5923,111.0,0.5924,935.0
1753600167508,07:09:27.508,okx,ACE/USDT:USDT,0.5917,216.0,0.5916,15.0,0.5923,111.0,0.5924,935.0
1753600167908,07:09:27.908,okx,ACE/USDT:USDT,0.5917,226.0,0.5916,15.0,0.5923,111.0,0.5924,935.0
1753600168008,07:09:28.008,okx,ACE/USDT:USDT,0.5917,216.0,0.5916,15.0,0.5923,171.0,0.5924,935.0
1753600168108,07:09:28.108,okx,ACE/USDT:USDT,0.5917,216.0,0.5916,15.0,0.5923,171.0,0.5924,935.0
1753600168308,07:09:28.308,okx,ACE/USDT:USDT,0.5917,216.0,0.5916,15.0,0.5923,171.0,0.5924,935.0
1753600168408,07:09:28.408,okx,ACE/USDT:USDT,0.5917,216.0,0.5916,15.0,0.5923,171.0,0.5924,935.0
1753600168708,07:09:28.708,okx,ACE/USDT:USDT,0.5917,216.0,0.5916,15.0,0.5923,61.0,0.5924,1103.0
1753600168908,07:09:28.908,okx,ACE/USDT:USDT,0.5917,226.0,0.5916,15.0,0.5923,161.0,0.5924,1103.0
1753600169008,07:09:29.008,okx,ACE/USDT:USDT,0.5917,216.0,0.5916,15.0,0.5923,161.0,0.5924,1103.0
1753600169608,07:09:29.608,okx,ACE/USDT:USDT,0.5917,216.0,0.5916,15.0,0.5923,161.0,0.5924,576.0
1753600169708,07:09:29.708,okx,ACE/USDT:USDT,0.5917,236.0,0.5916,15.0,0.5923,161.0,0.5924,576.0
1753600169808,07:09:29.808,okx,ACE/USDT:USDT,0.5917,236.0,0.5916,15.0,0.5923,161.0,0.5924,576.0
1753600170408,07:09:30.408,okx,ACE/USDT:USDT,0.5917,226.0,0.5916,15.0,0.5923,161.0,0.5924,576.0
1753600170508,07:09:30.508,okx,ACE/USDT:USDT,0.5917,226.0,0.5916,15.0,0.5923,161.0,0.5924,576.0
1753600170608,07:09:30.608,okx,ACE/USDT:USDT,0.5917,226.0,0.5916,15.0,0.5923,161.0,0.5924,576.0
1753600171008,07:09:31.008,okx,ACE/USDT:USDT,0.5917,216.0,0.5916,15.0,0.5923,161.0,0.5924,576.0
1753600171708,07:09:31.708,okx,ACE/USDT:USDT,0.5917,301.0,0.5916,15.0,0.5923,161.0,0.5924,576.0
1753600172208,07:09:32.208,okx,ACE/USDT:USDT,0.5917,301.0,0.5916,15.0,0.5923,161.0,0.5924,223.0
1753600172308,07:09:32.308,okx,ACE/USDT:USDT,0.5917,301.0,0.5916,15.0,0.5923,161.0,0.5924,182.0
1753600172608,07:09:32.608,okx,ACE/USDT:USDT,0.5917,301.0,0.5916,15.0,0.5923,161.0,0.5924,350.0
1753600172708,07:09:32.708,okx,ACE/USDT:USDT,0.5917,301.0,0.5916,15.0,0.5923,161.0,0.5924,518.0
1753600172808,07:09:32.808,okx,ACE/USDT:USDT,0.5917,170.0,0.5916,1.0,0.5922,14.0,0.5923,15.0
1753600173008,07:09:33.008,okx,ACE/USDT:USDT,0.5917,170.0,0.5916,1.0,0.5922,123.0,0.5923,372.0
1753600173308,07:09:33.308,okx,ACE/USDT:USDT,0.5917,170.0,0.5916,1.0,0.5922,123.0,0.5923,15.0
1753600173408,07:09:33.408,okx,ACE/USDT:USDT,0.5917,170.0,0.5916,1.0,0.5922,123.0,0.5923,15.0
1753600173608,07:09:33.608,okx,ACE/USDT:USDT,0.5917,170.0,0.5916,1.0,0.5922,123.0,0.5923,15.0
1753600173908,07:09:33.908,okx,ACE/USDT:USDT,0.5917,170.0,0.5916,1.0,0.5922,123.0,0.5923,15.0
1753600174008,07:09:34.008,okx,ACE/USDT:USDT,0.5917,170.0,0.5916,1.0,0.5922,123.0,0.5923,15.0
1753600174608,07:09:34.608,okx,ACE/USDT:USDT,0.5917,170.0,0.5916,1.0,0.5922,123.0,0.5923,15.0
1753600175108,07:09:35.108,okx,ACE/USDT:USDT,0.5917,170.0,0.5916,1.0,0.5922,123.0,0.5923,14.0
1753600175608,07:09:35.608,okx,ACE/USDT:USDT,0.5917,170.0,0.5916,1.0,0.5922,123.0,0.5923,14.0
1753600175708,07:09:35.708,okx,ACE/USDT:USDT,0.5917,170.0,0.5916,1.0,0.5922,123.0,0.5923,14.0
1753600176208,07:09:36.208,okx,ACE/USDT:USDT,0.5917,170.0,0.5916,1.0,0.5922,123.0,0.5923,14.0
1753600176408,07:09:36.408,okx,ACE/USDT:USDT,0.5917,170.0,0.5916,15.0,0.5922,103.0,0.5923,14.0
1753600177208,07:09:37.208,okx,ACE/USDT:USDT,0.5917,255.0,0.5916,15.0,0.5922,14.0,0.5923,14.0
1753600177508,07:09:37.508,okx,ACE/USDT:USDT,0.5917,255.0,0.5916,15.0,0.5922,14.0,0.5923,14.0
1753600177908,07:09:37.908,okx,ACE/USDT:USDT,0.5917,255.0,0.5916,15.0,0.5922,14.0,0.5923,14.0
1753600178308,07:09:38.308,okx,ACE/USDT:USDT,0.5917,255.0,0.5916,15.0,0.5922,14.0,0.5923,14.0
1753600178508,07:09:38.508,okx,ACE/USDT:USDT,0.5917,255.0,0.5916,15.0,0.5922,14.0,0.5923,14.0
1753600178808,07:09:38.808,okx,ACE/USDT:USDT,0.5917,255.0,0.5916,15.0,0.5922,14.0,0.5923,14.0
1753600178908,07:09:38.908,okx,ACE/USDT:USDT,0.5917,255.0,0.5916,15.0,0.5922,14.0,0.5923,354.0
1753600179208,07:09:39.208,okx,ACE/USDT:USDT,0.5917,255.0,0.5916,15.0,0.5922,27.0,0.5923,354.0
1753600179908,07:09:39.908,okx,ACE/USDT:USDT,0.5917,340.0,0.5916,15.0,0.5922,27.0,0.5923,14.0
1753600180008,07:09:40.008,okx,ACE/USDT:USDT,0.5917,340.0,0.5916,15.0,0.5922,48.0,0.5923,14.0
1753600180408,07:09:40.408,okx,ACE/USDT:USDT,0.5917,425.0,0.5916,15.0,0.5922,48.0,0.5923,14.0
1753600180808,07:09:40.808,okx,ACE/USDT:USDT,0.5917,425.0,0.5916,15.0,0.5922,48.0,0.5923,14.0
1753600180908,07:09:40.908,okx,ACE/USDT:USDT,0.5917,425.0,0.5916,15.0,0.5922,48.0,0.5923,14.0
1753600181108,07:09:41.108,okx,ACE/USDT:USDT,0.5917,425.0,0.5916,15.0,0.5922,37.0,0.5923,14.0
1753600181208,07:09:41.208,okx,ACE/USDT:USDT,0.5917,425.0,0.5916,15.0,0.5922,14.0,0.5923,14.0
1753600181508,07:09:41.508,okx,ACE/USDT:USDT,0.5917,511.0,0.5916,15.0,0.5922,14.0,0.5923,14.0
1753600181608,07:09:41.608,okx,ACE/USDT:USDT,0.5917,511.0,0.5916,15.0,0.5922,14.0,0.5923,14.0
1753600181708,07:09:41.708,okx,ACE/USDT:USDT,0.5917,511.0,0.5916,15.0,0.5922,14.0,0.5923,14.0
1753600182008,07:09:42.008,okx,ACE/USDT:USDT,0.5917,511.0,0.5916,15.0,0.5922,14.0,0.5923,14.0
1753600182308,07:09:42.308,okx,ACE/USDT:USDT,0.5917,511.0,0.5916,15.0,0.5922,48.0,0.5923,14.0
1753600182708,07:09:42.708,okx,ACE/USDT:USDT,0.5917,511.0,0.5916,15.0,0.5922,27.0,0.5923,14.0
1753600183308,07:09:43.308,okx,ACE/USDT:USDT,0.5917,511.0,0.5916,15.0,0.5922,48.0,0.5923,14.0
1753600184108,07:09:44.108,okx,ACE/USDT:USDT,0.5917,511.0,0.5916,15.0,0.5922,48.0,0.5923,14.0
1753600184408,07:09:44.408,okx,ACE/USDT:USDT,0.5917,511.0,0.5916,15.0,0.5922,27.0,0.5923,14.0
1753600184608,07:09:44.608,okx,ACE/USDT:USDT,0.5917,511.0,0.5916,15.0,0.5922,27.0,0.5923,14.0
1753600185108,07:09:45.108,okx,ACE/USDT:USDT,0.5917,511.0,0.5916,15.0,0.5922,37.0,0.5923,14.0
1753600185308,07:09:45.308,okx,ACE/USDT:USDT,0.5917,511.0,0.5916,15.0,0.5922,694.0,0.5923,14.0
1753600185608,07:09:45.608,okx,ACE/USDT:USDT,0.5917,511.0,0.5916,15.0,0.5922,694.0,0.5923,14.0
1753600185708,07:09:45.708,okx,ACE/USDT:USDT,0.5917,511.0,0.5916,15.0,0.5922,694.0,0.5923,14.0
1753600185808,07:09:45.808,okx,ACE/USDT:USDT,0.5917,511.0,0.5916,15.0,0.5922,694.0,0.5923,14.0
1753600185908,07:09:45.908,okx,ACE/USDT:USDT,0.5917,511.0,0.5916,15.0,0.5922,694.0,0.5923,14.0
1753600186108,07:09:46.108,okx,ACE/USDT:USDT,0.5917,511.0,0.5916,15.0,0.5922,694.0,0.5923,14.0
1753600186208,07:09:46.208,okx,ACE/USDT:USDT,0.5917,511.0,0.5916,15.0,0.5922,694.0,0.5923,14.0
1753600186308,07:09:46.308,okx,ACE/USDT:USDT,0.5917,511.0,0.5916,15.0,0.5922,694.0,0.5923,393.0
1753600186508,07:09:46.508,okx,ACE/USDT:USDT,0.5917,511.0,0.5916,1.0,0.5922,694.0,0.5923,393.0
1753600186708,07:09:46.708,okx,ACE/USDT:USDT,0.5917,511.0,0.5916,1.0,0.5922,694.0,0.5923,393.0
1753600186808,07:09:46.808,okx,ACE/USDT:USDT,0.5917,511.0,0.5916,1.0,0.5922,694.0,0.5923,393.0
1753600186908,07:09:46.908,okx,ACE/USDT:USDT,0.5917,511.0,0.5916,1.0,0.5922,694.0,0.5923,14.0
1753600187208,07:09:47.208,okx,ACE/USDT:USDT,0.5917,511.0,0.5916,1.0,0.5922,694.0,0.5923,14.0
1753600187308,07:09:47.308,okx,ACE/USDT:USDT,0.5917,511.0,0.5916,1.0,0.5922,694.0,0.5923,14.0
1753600187408,07:09:47.408,okx,ACE/USDT:USDT,0.5917,511.0,0.5916,1.0,0.5922,694.0,0.5923,14.0
1753600187708,07:09:47.708,okx,ACE/USDT:USDT,0.5917,511.0,0.5916,1.0,0.5922,694.0,0.5923,14.0
1753600187808,07:09:47.808,okx,ACE/USDT:USDT,0.5917,511.0,0.5916,1.0,0.5922,694.0,0.5923,14.0
1753600187908,07:09:47.908,okx,ACE/USDT:USDT,0.5917,511.0,0.5916,1.0,0.5922,694.0,0.5924,961.0
1753600188308,07:09:48.308,okx,ACE/USDT:USDT,0.5917,511.0,0.5916,1.0,0.5922,694.0,0.5924,920.0
1753600189008,07:09:49.008,okx,ACE/USDT:USDT,0.5917,511.0,0.5916,1.0,0.5922,694.0,0.5924,584.0
1753600189308,07:09:49.308,okx,ACE/USDT:USDT,0.5917,511.0,0.5916,1.0,0.5922,694.0,0.5924,584.0
1753600190608,07:09:50.608,okx,ACE/USDT:USDT,0.5917,511.0,0.5916,1.0,0.5922,694.0,0.5924,584.0
1753600190708,07:09:50.708,okx,ACE/USDT:USDT,0.5917,511.0,0.5916,1.0,0.5922,694.0,0.5924,584.0
1753600191208,07:09:51.208,okx,ACE/USDT:USDT,0.5917,511.0,0.5916,1.0,0.5922,694.0,0.5924,584.0
1753600191808,07:09:51.808,okx,ACE/USDT:USDT,0.5917,511.0,0.5916,1.0,0.5922,694.0,0.5924,752.0
1753600191908,07:09:51.908,okx,ACE/USDT:USDT,0.5917,511.0,0.5916,1.0,0.5922,694.0,0.5924,920.0
1753600192208,07:09:52.208,okx,ACE/USDT:USDT,0.5917,511.0,0.5916,1.0,0.5922,694.0,0.5924,1088.0
1753600192308,07:09:52.308,okx,ACE/USDT:USDT,0.5917,511.0,0.5916,1.0,0.5922,694.0,0.5924,1088.0
1753600192508,07:09:52.508,okx,ACE/USDT:USDT,0.5917,511.0,0.5916,1.0,0.5922,694.0,0.5923,375.0
1753600192908,07:09:52.908,okx,ACE/USDT:USDT,0.5917,511.0,0.5916,1.0,0.5922,694.0,0.5923,375.0
1753600193008,07:09:53.008,okx,ACE/USDT:USDT,0.5917,511.0,0.5916,1.0,0.5922,694.0,0.5923,375.0
1753600193508,07:09:53.508,okx,ACE/USDT:USDT,0.5917,511.0,0.5916,1.0,0.5922,694.0,0.5923,375.0
1753600194008,07:09:54.008,okx,ACE/USDT:USDT,0.5917,511.0,0.5916,1.0,0.5922,694.0,0.5923,375.0
1753600194108,07:09:54.108,okx,ACE/USDT:USDT,0.5917,511.0,0.5916,1.0,0.5922,694.0,0.5923,375.0
1753600194408,07:09:54.408,okx,ACE/USDT:USDT,0.5917,511.0,0.5916,1.0,0.5922,694.0,0.5923,375.0
1753600194608,07:09:54.608,okx,ACE/USDT:USDT,0.5917,511.0,0.5916,1.0,0.5922,694.0,0.5923,375.0
1753600194708,07:09:54.708,okx,ACE/USDT:USDT,0.5917,511.0,0.5916,1.0,0.5922,694.0,0.5923,375.0
1753600194908,07:09:54.908,okx,ACE/USDT:USDT,0.5917,512.0,0.5916,1.0,0.5922,694.0,0.5923,375.0
1753600195208,07:09:55.208,okx,ACE/USDT:USDT,0.5917,512.0,0.5916,1.0,0.5922,694.0,0.5923,816.0
1753600195308,07:09:55.308,okx,ACE/USDT:USDT,0.5917,512.0,0.5916,1.0,0.5922,694.0,0.5923,816.0
1753600195708,07:09:55.708,okx,ACE/USDT:USDT,0.5917,512.0,0.5916,1.0,0.5922,694.0,0.5923,816.0
1753600195808,07:09:55.808,okx,ACE/USDT:USDT,0.5917,512.0,0.5916,1.0,0.5922,694.0,0.5923,816.0
1753600196008,07:09:56.008,okx,ACE/USDT:USDT,0.5917,512.0,0.5916,1.0,0.5922,694.0,0.5923,816.0
1753600196408,07:09:56.408,okx,ACE/USDT:USDT,0.5917,512.0,0.5916,1.0,0.5922,694.0,0.5923,816.0
1753600197008,07:09:57.008,okx,ACE/USDT:USDT,0.5917,512.0,0.5916,1.0,0.5922,694.0,0.5923,816.0
1753600197308,07:09:57.308,okx,ACE/USDT:USDT,0.5917,512.0,0.5916,1.0,0.5922,694.0,0.5923,816.0
1753600197808,07:09:57.808,okx,ACE/USDT:USDT,0.5917,512.0,0.5916,1.0,0.5922,695.0,0.5923,816.0
1753600197908,07:09:57.908,okx,ACE/USDT:USDT,0.5917,512.0,0.5916,1.0,0.5922,695.0,0.5923,816.0
1753600198008,07:09:58.008,okx,ACE/USDT:USDT,0.5917,512.0,0.5916,1.0,0.5922,695.0,0.5923,816.0
1753600198508,07:09:58.508,okx,ACE/USDT:USDT,0.5917,513.0,0.5916,1.0,0.5922,695.0,0.5923,375.0
1753600199308,07:09:59.308,okx,ACE/USDT:USDT,0.5917,513.0,0.5916,1.0,0.5922,695.0,0.5923,375.0
1753600199608,07:09:59.608,okx,ACE/USDT:USDT,0.5917,513.0,0.5916,1.0,0.5922,695.0,0.5923,375.0
1753600199908,07:09:59.908,okx,ACE/USDT:USDT,0.5917,513.0,0.5916,1.0,0.5922,695.0,0.5923,375.0
1753600200208,07:10:00.208,okx,ACE/USDT:USDT,0.5917,513.0,0.5916,1.0,0.5922,695.0,0.5924,1516.0
1753600200508,07:10:00.508,okx,ACE/USDT:USDT,0.5917,513.0,0.5916,1.0,0.5922,685.0,0.5924,752.0
1753600200608,07:10:00.608,okx,ACE/USDT:USDT,0.5917,513.0,0.5916,1.0,0.5922,685.0,0.5924,920.0
1753600200808,07:10:00.808,okx,ACE/USDT:USDT,0.5917,513.0,0.5916,1.0,0.5922,685.0,0.5924,920.0
1753600201108,07:10:01.108,okx,ACE/USDT:USDT,0.5917,513.0,0.5916,1.0,0.5922,672.0,0.5924,752.0
1753600201208,07:10:01.208,okx,ACE/USDT:USDT,0.5917,598.0,0.5916,1.0,0.5922,672.0,0.5924,883.0
1753600201508,07:10:01.508,okx,ACE/USDT:USDT,0.5917,601.0,0.5916,1.0,0.5922,708.0,0.5924,371.0
1753600201908,07:10:01.908,okx,ACE/USDT:USDT,0.5917,601.0,0.5916,1.0,0.5922,672.0,0.5924,371.0
1753600202008,07:10:02.008,okx,ACE/USDT:USDT,0.5917,601.0,0.5916,1.0,0.5922,672.0,0.5924,371.0
1753600202508,07:10:02.508,okx,ACE/USDT:USDT,0.5917,601.0,0.5916,1.0,0.5922,718.0,0.5924,371.0
1753600202608,07:10:02.608,okx,ACE/USDT:USDT,0.5917,601.0,0.5916,1.0,0.5922,672.0,0.5924,371.0
1753600202708,07:10:02.708,okx,ACE/USDT:USDT,0.5917,601.0,0.5916,1.0,0.5922,672.0,0.5924,371.0
1753600202808,07:10:02.808,okx,ACE/USDT:USDT,0.5917,601.0,0.5916,1.0,0.5922,672.0,0.5924,371.0
1753600203008,07:10:03.008,okx,ACE/USDT:USDT,0.5917,601.0,0.5916,1.0,0.5922,672.0,0.5924,371.0
1753600203208,07:10:03.208,okx,ACE/USDT:USDT,0.5917,601.0,0.5916,1.0,0.5922,672.0,0.5924,371.0
1753600203308,07:10:03.308,okx,ACE/USDT:USDT,0.5917,601.0,0.5916,1.0,0.5922,672.0,0.5924,371.0
1753600203408,07:10:03.408,okx,ACE/USDT:USDT,0.5917,601.0,0.5916,1.0,0.5922,672.0,0.5924,371.0
1753600203508,07:10:03.508,okx,ACE/USDT:USDT,0.5917,601.0,0.5916,1.0,0.5922,672.0,0.5924,371.0
1753600203608,07:10:03.608,okx,ACE/USDT:USDT,0.5917,601.0,0.5916,1.0,0.5922,725.0,0.5924,371.0
1753600203908,07:10:03.908,okx,ACE/USDT:USDT,0.5917,601.0,0.5916,1.0,0.5922,725.0,0.5924,539.0
1753600204008,07:10:04.008,okx,ACE/USDT:USDT,0.5917,601.0,0.5916,1.0,0.5922,725.0,0.5924,539.0
1753600204108,07:10:04.108,okx,ACE/USDT:USDT,0.5917,601.0,0.5916,1.0,0.5922,725.0,0.5924,371.0
1753600204808,07:10:04.808,okx,ACE/USDT:USDT,0.5917,601.0,0.5916,1.0,0.5922,725.0,0.5924,539.0
1753600204908,07:10:04.908,okx,ACE/USDT:USDT,0.5917,601.0,0.5916,1.0,0.5922,725.0,0.5924,371.0
1753600205108,07:10:05.108,okx,ACE/USDT:USDT,0.5917,601.0,0.5916,1.0,0.5922,725.0,0.5924,371.0
1753600206008,07:10:06.008,okx,ACE/USDT:USDT,0.5917,601.0,0.5916,1.0,0.5922,725.0,0.5924,371.0
1753600207008,07:10:07.008,okx,ACE/USDT:USDT,0.5917,601.0,0.5916,1.0,0.5922,729.0,0.5924,371.0
1753600207308,07:10:07.308,okx,ACE/USDT:USDT,0.5917,601.0,0.5916,1.0,0.5922,729.0,0.5924,371.0
1753600208908,07:10:08.908,okx,ACE/USDT:USDT,0.5917,601.0,0.5916,1.0,0.5922,729.0,0.5924,371.0
1753600209908,07:10:09.908,okx,ACE/USDT:USDT,0.5917,601.0,0.5916,1.0,0.5922,682.0,0.5924,371.0
1753600211108,07:10:11.108,okx,ACE/USDT:USDT,0.5917,601.0,0.5916,1.0,0.5922,682.0,0.5924,371.0
1753600211608,07:10:11.608,okx,ACE/USDT:USDT,0.5917,601.0,0.5916,1.0,0.5922,682.0,0.5924,371.0
1753600212908,07:10:12.908,okx,ACE/USDT:USDT,0.5917,601.0,0.5916,1.0,0.5922,682.0,0.5924,203.0
1753600213508,07:10:13.508,okx,ACE/USDT:USDT,0.5917,601.0,0.5916,1.0,0.5922,682.0,0.5924,371.0
1753600214008,07:10:14.008,okx,ACE/USDT:USDT,0.5917,601.0,0.5916,1.0,0.5921,205.0,0.5922,673.0
1753600214508,07:10:14.508,okx,ACE/USDT:USDT,0.5917,601.0,0.5916,1.0,0.5921,205.0,0.5922,673.0
1753600214608,07:10:14.608,okx,ACE/USDT:USDT,0.5917,601.0,0.5916,1.0,0.5921,205.0,0.5922,673.0
1753600214808,07:10:14.808,okx,ACE/USDT:USDT,0.5917,601.0,0.5916,1.0,0.5921,205.0,0.5922,673.0
1753600215008,07:10:15.008,okx,ACE/USDT:USDT,0.5917,601.0,0.5916,1.0,0.5921,205.0,0.5922,673.0
1753600215308,07:10:15.308,okx,ACE/USDT:USDT,0.5917,601.0,0.5916,1.0,0.5921,205.0,0.5922,673.0
1753600215608,07:10:15.608,okx,ACE/USDT:USDT,0.5917,601.0,0.5916,1.0,0.5921,59.0,0.5922,673.0
1753600216008,07:10:16.008,okx,ACE/USDT:USDT,0.5917,601.0,0.5916,1.0,0.5921,59.0,0.5922,673.0
1753600216508,07:10:16.508,okx,ACE/USDT:USDT,0.5917,601.0,0.5916,1.0,0.5921,59.0,0.5922,673.0
1753600217408,07:10:17.408,okx,ACE/USDT:USDT,0.5917,601.0,0.5916,1.0,0.5921,59.0,0.5922,1038.0
1753600217708,07:10:17.708,okx,ACE/USDT:USDT,0.5917,601.0,0.5916,1.0,0.5921,11.0,0.5922,1038.0
1753600217808,07:10:17.808,okx,ACE/USDT:USDT,0.5917,601.0,0.5916,1.0,0.5921,11.0,0.5922,1038.0
1753600218208,07:10:18.208,okx,ACE/USDT:USDT,0.5917,601.0,0.5916,1.0,0.5921,11.0,0.5922,1038.0
1753600218808,07:10:18.808,okx,ACE/USDT:USDT,0.5917,601.0,0.5916,1.0,0.5921,11.0,0.5922,1038.0
1753600219508,07:10:19.508,okx,ACE/USDT:USDT,0.5917,601.0,0.5916,1.0,0.5921,1.0,0.5922,659.0
1753600220308,07:10:20.308,okx,ACE/USDT:USDT,0.5917,601.0,0.5916,1.0,0.5922,658.0,0.5923,169.0
1753600220608,07:10:20.608,okx,ACE/USDT:USDT,0.5917,601.0,0.5916,1.0,0.5922,658.0,0.5923,169.0
1753600220808,07:10:20.808,okx,ACE/USDT:USDT,0.5917,601.0,0.5916,1.0,0.5923,827.0,0.5924,243.0
1753600221408,07:10:21.408,okx,ACE/USDT:USDT,0.5917,601.0,0.5916,1.0,0.5923,827.0,0.5924,243.0
1753600221508,07:10:21.508,okx,ACE/USDT:USDT,0.5917,601.0,0.5916,1.0,0.5923,827.0,0.5924,243.0
1753600221708,07:10:21.708,okx,ACE/USDT:USDT,0.5917,601.0,0.5916,1.0,0.5923,827.0,0.5924,243.0
1753600221808,07:10:21.808,okx,ACE/USDT:USDT,0.5917,601.0,0.5916,1.0,0.5923,871.0,0.5924,243.0
1753600221908,07:10:21.908,okx,ACE/USDT:USDT,0.5917,601.0,0.5916,1.0,0.5923,871.0,0.5924,243.0
1753600222508,07:10:22.508,okx,ACE/USDT:USDT,0.5917,601.0,0.5916,1.0,0.5923,827.0,0.5924,243.0
1753600223508,07:10:23.508,okx,ACE/USDT:USDT,0.5917,601.0,0.5916,1.0,0.5923,883.0,0.5924,1438.0
1753600223808,07:10:23.808,okx,ACE/USDT:USDT,0.5917,601.0,0.5916,1.0,0.5922,14.0,0.5923,1253.0
1753600224008,07:10:24.008,okx,ACE/USDT:USDT,0.5917,601.0,0.5916,1.0,0.592,1.0,0.5922,14.0
1753600224608,07:10:24.608,okx,ACE/USDT:USDT,0.5917,601.0,0.5916,1.0,0.5922,14.0,0.5923,827.0
1753600224908,07:10:24.908,okx,ACE/USDT:USDT,0.5917,601.0,0.5916,1.0,0.5922,14.0,0.5923,827.0
1753600225108,07:10:25.108,okx,ACE/USDT:USDT,0.5917,601.0,0.5916,1.0,0.5922,14.0,0.5923,827.0
1753600225808,07:10:25.808,okx,ACE/USDT:USDT,0.5917,601.0,0.5916,1.0,0.5922,93.0,0.5923,1315.0
1753600226008,07:10:26.008,okx,ACE/USDT:USDT,0.5917,601.0,0.5916,1.0,0.5922,93.0,0.5923,1315.0
1753600226708,07:10:26.708,okx,ACE/USDT:USDT,0.5917,601.0,0.5916,1.0,0.5922,93.0,0.5923,1315.0
1753600227008,07:10:27.008,okx,ACE/USDT:USDT,0.5917,601.0,0.5916,1.0,0.5922,93.0,0.5923,1315.0
1753600227208,07:10:27.208,okx,ACE/USDT:USDT,0.5917,601.0,0.5916,1.0,0.5922,93.0,0.5923,1315.0
1753600228408,07:10:28.408,okx,ACE/USDT:USDT,0.591,14.0,0.5909,14.0,0.5916,391.0,0.5917,1643.0
1753600228608,07:10:28.608,okx,ACE/USDT:USDT,0.5909,14.0,0.5908,164.0,0.5915,162.0,0.5916,505.0
1753600228808,07:10:28.808,okx,ACE/USDT:USDT,0.5909,14.0,0.5908,164.0,0.5915,162.0,0.5916,505.0
1753600229008,07:10:29.008,okx,ACE/USDT:USDT,0.5909,14.0,0.5908,164.0,0.5915,182.0,0.5916,16.0
1753600229308,07:10:29.308,okx,ACE/USDT:USDT,0.5909,14.0,0.5908,164.0,0.5915,192.0,0.5916,16.0
1753600230108,07:10:30.108,okx,ACE/USDT:USDT,0.5909,14.0,0.5908,164.0,0.5915,192.0,0.5916,16.0
1753600230208,07:10:30.208,okx,ACE/USDT:USDT,0.5909,14.0,0.5908,164.0,0.5915,192.0,0.5916,16.0
1753600231108,07:10:31.108,okx,ACE/USDT:USDT,0.5909,182.0,0.5908,424.0,0.5915,34.0,0.5916,16.0
1753600231208,07:10:31.208,okx,ACE/USDT:USDT,0.5909,14.0,0.5908,255.0,0.5915,34.0,0.5916,16.0
1753600231308,07:10:31.308,okx,ACE/USDT:USDT,0.5909,14.0,0.5908,164.0,0.5915,24.0,0.5916,16.0
1753600231508,07:10:31.508,okx,ACE/USDT:USDT,0.5909,14.0,0.5908,164.0,0.5915,34.0,0.5916,16.0
1753600231808,07:10:31.808,okx,ACE/USDT:USDT,0.5909,14.0,0.5908,164.0,0.5915,44.0,0.5916,16.0
1753600231908,07:10:31.908,okx,ACE/USDT:USDT,0.5909,14.0,0.5908,164.0,0.5915,34.0,0.5916,16.0
1753600232108,07:10:32.108,okx,ACE/USDT:USDT,0.5909,14.0,0.5908,164.0,0.5915,34.0,0.5916,16.0
1753600232208,07:10:32.208,okx,ACE/USDT:USDT,0.5909,14.0,0.5908,164.0,0.5915,34.0,0.5916,16.0
1753600232308,07:10:32.308,okx,ACE/USDT:USDT,0.5909,14.0,0.5908,164.0,0.5915,34.0,0.5916,184.0
1753600232508,07:10:32.508,okx,ACE/USDT:USDT,0.5909,14.0,0.5908,164.0,0.5915,34.0,0.5916,184.0
1753600232608,07:10:32.608,okx,ACE/USDT:USDT,0.5909,14.0,0.5908,164.0,0.5915,34.0,0.5916,184.0
1753600232808,07:10:32.808,okx,ACE/USDT:USDT,0.5909,14.0,0.5908,164.0,0.5915,34.0,0.5916,184.0
1753600233208,07:10:33.208,okx,ACE/USDT:USDT,0.5909,182.0,0.5908,593.0,0.5915,34.0,0.5916,16.0
1753600233408,07:10:33.408,okx,ACE/USDT:USDT,0.5909,182.0,0.5908,593.0,0.5915,34.0,0.5916,16.0
1753600233608,07:10:33.608,okx,ACE/USDT:USDT,0.5909,182.0,0.5908,593.0,0.5915,206.0,0.5916,16.0
1753600233808,07:10:33.808,okx,ACE/USDT:USDT,0.5909,14.0,0.5908,164.0,0.5915,375.0,0.5916,16.0
1753600234008,07:10:34.008,okx,ACE/USDT:USDT,0.5909,14.0,0.5908,164.0,0.5915,44.0,0.5916,16.0
1753600234108,07:10:34.108,okx,ACE/USDT:USDT,0.5911,1.0,0.5909,14.0,0.5915,34.0,0.5916,16.0
1753600234208,07:10:34.208,okx,ACE/USDT:USDT,0.5911,1.0,0.591,1.0,0.5915,213.0,0.5916,16.0
1753600234508,07:10:34.508,okx,ACE/USDT:USDT,0.591,1.0,0.5909,138.0,0.5915,382.0,0.5916,447.0
1753600234608,07:10:34.608,okx,ACE/USDT:USDT,0.5909,14.0,0.5908,146.0,0.5915,382.0,0.5916,447.0
1753600234708,07:10:34.708,okx,ACE/USDT:USDT,0.5909,14.0,0.5908,164.0,0.5915,382.0,0.5916,615.0
1753600235208,07:10:35.208,okx,ACE/USDT:USDT,0.5909,14.0,0.5908,164.0,0.5915,382.0,0.5916,615.0
1753600235808,07:10:35.808,okx,ACE/USDT:USDT,0.5909,14.0,0.5908,164.0,0.5915,382.0,0.5916,994.0
1753600236308,07:10:36.308,okx,ACE/USDT:USDT,0.5909,14.0,0.5908,164.0,0.5915,753.0,0.5916,1668.0
1753600236408,07:10:36.408,okx,ACE/USDT:USDT,0.5909,14.0,0.5908,164.0,0.5915,753.0,0.5916,1668.0
1753600236608,07:10:36.608,okx,ACE/USDT:USDT,0.5909,14.0,0.5908,164.0,0.5915,753.0,0.5916,1668.0
1753600236708,07:10:36.708,okx,ACE/USDT:USDT,0.5909,14.0,0.5908,164.0,0.5915,753.0,0.5916,1668.0
1753600236908,07:10:36.908,okx,ACE/USDT:USDT,0.5909,14.0,0.5908,164.0,0.5915,753.0,0.5916,1668.0
1753600237108,07:10:37.108,okx,ACE/USDT:USDT,0.5909,14.0,0.5908,164.0,0.5915,753.0,0.5916,1668.0
1753600237508,07:10:37.508,okx,ACE/USDT:USDT,0.5909,14.0,0.5908,164.0,0.5915,382.0,0.5916,1161.0
1753600237908,07:10:37.908,okx,ACE/USDT:USDT,0.5909,14.0,0.5908,164.0,0.5915,382.0,0.5916,1161.0
1753600239508,07:10:39.508,okx,ACE/USDT:USDT,0.5909,14.0,0.5908,164.0,0.5915,832.0,0.5916,1668.0
1753600240408,07:10:40.408,okx,ACE/USDT:USDT,0.5909,14.0,0.5908,164.0,0.5915,461.0,0.5916,1161.0
1753600240508,07:10:40.508,okx,ACE/USDT:USDT,0.5909,14.0,0.5908,164.0,0.5915,461.0,0.5916,825.0
1753600241808,07:10:41.808,okx,ACE/USDT:USDT,0.5909,14.0,0.5908,164.0,0.5915,139.0,0.5916,185.0
1753600241908,07:10:41.908,okx,ACE/USDT:USDT,0.5909,14.0,0.5908,164.0,0.5915,237.0,0.5916,185.0
1753600242108,07:10:42.108,okx,ACE/USDT:USDT,0.5909,14.0,0.5908,164.0,0.5915,791.0,0.5916,185.0
1753600242408,07:10:42.408,okx,ACE/USDT:USDT,0.5909,14.0,0.5908,164.0,0.5915,500.0,0.5916,185.0
1753600242608,07:10:42.608,okx,ACE/USDT:USDT,0.5909,14.0,0.5908,164.0,0.5915,239.0,0.5916,185.0
1753600243008,07:10:43.008,okx,ACE/USDT:USDT,0.5909,14.0,0.5908,164.0,0.5915,1001.0,0.5916,185.0
1753600243808,07:10:43.808,okx,ACE/USDT:USDT,0.5909,14.0,0.5908,146.0,0.5914,61.0,0.5915,193.0
1753600243908,07:10:43.908,okx,ACE/USDT:USDT,0.5909,14.0,0.5908,146.0,0.5914,61.0,0.5915,193.0
1753600244208,07:10:44.208,okx,ACE/USDT:USDT,0.5909,14.0,0.5908,146.0,0.5914,61.0,0.5915,193.0
1753600244308,07:10:44.308,okx,ACE/USDT:USDT,0.591,14.0,0.5909,14.0,0.5914,13.0,0.5915,10.0
1753600244808,07:10:44.808,okx,ACE/USDT:USDT,0.591,14.0,0.5909,182.0,0.5915,150.0,0.5916,1.0
1753600245108,07:10:45.108,okx,ACE/USDT:USDT,0.591,14.0,0.5909,14.0,0.5915,150.0,0.5916,1.0
1753600245308,07:10:45.308,okx,ACE/USDT:USDT,0.591,14.0,0.5909,14.0,0.5915,150.0,0.5916,1.0
1753600245608,07:10:45.608,okx,ACE/USDT:USDT,0.591,14.0,0.5909,14.0,0.5915,150.0,0.5916,1.0
1753600245908,07:10:45.908,okx,ACE/USDT:USDT,0.591,14.0,0.5909,14.0,0.5915,150.0,0.5916,15.0
1753600246008,07:10:46.008,okx,ACE/USDT:USDT,0.591,14.0,0.5909,14.0,0.5915,150.0,0.5916,15.0
1753600246208,07:10:46.208,okx,ACE/USDT:USDT,0.591,14.0,0.5909,14.0,0.5915,150.0,0.5916,15.0
1753600246708,07:10:46.708,okx,ACE/USDT:USDT,0.591,14.0,0.5909,14.0,0.5915,150.0,0.5916,385.0
1753600246808,07:10:46.808,okx,ACE/USDT:USDT,0.591,14.0,0.5909,14.0,0.5915,150.0,0.5916,385.0
1753600247008,07:10:47.008,okx,ACE/USDT:USDT,0.591,14.0,0.5909,14.0,0.5915,150.0,0.5916,385.0
1753600247308,07:10:47.308,okx,ACE/USDT:USDT,0.591,14.0,0.5909,14.0,0.5915,150.0,0.5916,15.0
1753600247408,07:10:47.408,okx,ACE/USDT:USDT,0.591,14.0,0.5909,14.0,0.5915,150.0,0.5916,15.0
1753600247908,07:10:47.908,okx,ACE/USDT:USDT,0.591,14.0,0.5909,14.0,0.5915,150.0,0.5916,15.0
1753600248408,07:10:48.408,okx,ACE/USDT:USDT,0.591,14.0,0.5909,14.0,0.5915,150.0,0.5916,15.0
1753600248508,07:10:48.508,okx,ACE/USDT:USDT,0.591,14.0,0.5909,14.0,0.5915,150.0,0.5916,15.0
1753600248608,07:10:48.608,okx,ACE/USDT:USDT,0.591,14.0,0.5909,14.0,0.5915,150.0,0.5916,15.0
1753600249008,07:10:49.008,okx,ACE/USDT:USDT,0.591,14.0,0.5909,14.0,0.5915,150.0,0.5916,15.0
1753600249508,07:10:49.508,okx,ACE/USDT:USDT,0.591,14.0,0.5909,14.0,0.5915,150.0,0.5916,15.0
1753600249908,07:10:49.908,okx,ACE/USDT:USDT,0.591,14.0,0.5909,14.0,0.5915,150.0,0.5916,15.0
1753600250008,07:10:50.008,okx,ACE/USDT:USDT,0.591,14.0,0.5909,14.0,0.5915,150.0,0.5916,15.0
1753600250108,07:10:50.108,okx,ACE/USDT:USDT,0.591,14.0,0.5909,14.0,0.5915,150.0,0.5916,15.0
1753600250208,07:10:50.208,okx,ACE/USDT:USDT,0.591,14.0,0.5909,14.0,0.5915,150.0,0.5916,15.0
1753600250708,07:10:50.708,okx,ACE/USDT:USDT,0.591,14.0,0.5909,14.0,0.5915,150.0,0.5916,15.0
1753600250908,07:10:50.908,okx,ACE/USDT:USDT,0.591,14.0,0.5909,14.0,0.5915,150.0,0.5916,385.0
1753600251008,07:10:51.008,okx,ACE/USDT:USDT,0.591,14.0,0.5909,14.0,0.5915,150.0,0.5916,385.0
1753600251208,07:10:51.208,okx,ACE/USDT:USDT,0.591,14.0,0.5909,14.0,0.5915,150.0,0.5916,385.0
1753600251708,07:10:51.708,okx,ACE/USDT:USDT,0.591,14.0,0.5909,14.0,0.5915,150.0,0.5916,385.0
1753600251808,07:10:51.808,okx,ACE/USDT:USDT,0.591,14.0,0.5909,14.0,0.5915,150.0,0.5916,385.0
1753600252308,07:10:52.308,okx,ACE/USDT:USDT,0.591,14.0,0.5909,14.0,0.5915,150.0,0.5916,385.0
1753600252808,07:10:52.808,okx,ACE/USDT:USDT,0.591,14.0,0.5909,14.0,0.5915,150.0,0.5916,385.0
1753600253408,07:10:53.408,okx,ACE/USDT:USDT,0.591,14.0,0.5909,14.0,0.5915,150.0,0.5916,15.0
1753600253608,07:10:53.608,okx,ACE/USDT:USDT,0.591,14.0,0.5909,14.0,0.5915,150.0,0.5916,15.0
1753600254908,07:10:54.908,okx,ACE/USDT:USDT,0.5912,1.0,0.591,272.0,0.5915,150.0,0.5916,15.0
1753600255208,07:10:55.208,okx,ACE/USDT:USDT,0.591,145.0,0.5909,182.0,0.5915,150.0,0.5916,15.0
1753600255408,07:10:55.408,okx,ACE/USDT:USDT,0.591,145.0,0.5909,182.0,0.5915,150.0,0.5916,15.0
1753600255508,07:10:55.508,okx,ACE/USDT:USDT,0.591,145.0,0.5909,350.0,0.5915,150.0,0.5916,15.0
1753600255808,07:10:55.808,okx,ACE/USDT:USDT,0.591,145.0,0.5909,350.0,0.5915,150.0,0.5916,15.0
1753600256208,07:10:56.208,okx,ACE/USDT:USDT,0.591,145.0,0.5909,350.0,0.5915,150.0,0.5916,15.0
1753600256308,07:10:56.308,okx,ACE/USDT:USDT,0.591,145.0,0.5909,350.0,0.5915,150.0,0.5916,15.0
1753600256408,07:10:56.408,okx,ACE/USDT:USDT,0.591,145.0,0.5909,737.0,0.5915,52.0,0.5916,1.0
1753600256508,07:10:56.508,okx,ACE/USDT:USDT,0.591,145.0,0.5909,737.0,0.5915,52.0,0.5916,1.0
1753600257108,07:10:57.108,okx,ACE/USDT:USDT,0.5911,255.0,0.591,231.0,0.5915,12.0,0.5916,1.0
1753600257208,07:10:57.208,okx,ACE/USDT:USDT,0.5911,255.0,0.591,231.0,0.5915,12.0,0.5916,1.0
1753600257308,07:10:57.308,okx,ACE/USDT:USDT,0.5911,255.0,0.591,1182.0,0.5915,12.0,0.5916,1.0
1753600257408,07:10:57.408,okx,ACE/USDT:USDT,0.5911,255.0,0.591,1350.0,0.5915,12.0,0.5916,1.0
1753600257508,07:10:57.508,okx,ACE/USDT:USDT,0.5911,627.0,0.591,1685.0,0.5915,12.0,0.5916,1.0
1753600258008,07:10:58.008,okx,ACE/USDT:USDT,0.5916,186.0,0.5915,319.0,0.5921,6.0,0.5922,1.0
1753600258108,07:10:58.108,okx,ACE/USDT:USDT,0.5916,186.0,0.5915,319.0,0.5921,5.0,0.5922,1.0
1753600258908,07:10:58.908,okx,ACE/USDT:USDT,0.5916,117.0,0.5915,151.0,0.5921,5.0,0.5922,15.0
1753600259008,07:10:59.008,okx,ACE/USDT:USDT,0.5916,117.0,0.5915,151.0,0.5921,5.0,0.5922,15.0
1753600259108,07:10:59.108,okx,ACE/USDT:USDT,0.5916,117.0,0.5915,151.0,0.5921,5.0,0.5922,15.0
1753600259608,07:10:59.608,okx,ACE/USDT:USDT,0.5916,117.0,0.5915,319.0,0.5921,5.0,0.5922,15.0
1753600259808,07:10:59.808,okx,ACE/USDT:USDT,0.5916,117.0,0.5915,319.0,0.5921,5.0,0.5922,15.0
1753600259908,07:10:59.908,okx,ACE/USDT:USDT,0.5916,117.0,0.5915,319.0,0.5921,5.0,0.5922,15.0
1753600260308,07:11:00.308,okx,ACE/USDT:USDT,0.5916,117.0,0.5915,319.0,0.5921,5.0,0.5922,15.0
1753600260408,07:11:00.408,okx,ACE/USDT:USDT,0.5915,319.0,0.5914,263.0,0.5921,5.0,0.5922,15.0
1753600261308,07:11:01.308,okx,ACE/USDT:USDT,0.5918,6.0,0.5917,6.0,0.5921,5.0,0.5922,15.0
1753600261608,07:11:01.608,okx,ACE/USDT:USDT,0.5918,6.0,0.5917,6.0,0.5921,5.0,0.5922,15.0
1753600262108,07:11:02.108,okx,ACE/USDT:USDT,0.5918,6.0,0.5917,6.0,0.5921,5.0,0.5922,15.0
1753600262608,07:11:02.608,okx,ACE/USDT:USDT,0.5918,6.0,0.5917,6.0,0.5921,5.0,0.5922,15.0
1753600262808,07:11:02.808,okx,ACE/USDT:USDT,0.5918,6.0,0.5917,6.0,0.5921,5.0,0.5922,15.0
1753600262908,07:11:02.908,okx,ACE/USDT:USDT,0.5918,6.0,0.5917,6.0,0.5921,19.0,0.5922,15.0
1753600263108,07:11:03.108,okx,ACE/USDT:USDT,0.5918,6.0,0.5917,6.0,0.5921,19.0,0.5922,15.0
1753600263208,07:11:03.208,okx,ACE/USDT:USDT,0.5918,6.0,0.5917,6.0,0.5921,19.0,0.5922,15.0
1753600264108,07:11:04.108,okx,ACE/USDT:USDT,0.5918,6.0,0.5917,6.0,0.5921,19.0,0.5922,15.0
1753600264208,07:11:04.208,okx,ACE/USDT:USDT,0.5918,6.0,0.5917,6.0,0.5921,19.0,0.5922,15.0
1753600264408,07:11:04.408,okx,ACE/USDT:USDT,0.5918,6.0,0.5917,6.0,0.5921,19.0,0.5922,15.0
1753600264608,07:11:04.608,okx,ACE/USDT:USDT,0.5918,6.0,0.5917,6.0,0.5921,19.0,0.5922,15.0
1753600264708,07:11:04.708,okx,ACE/USDT:USDT,0.5918,6.0,0.5917,6.0,0.5921,19.0,0.5922,15.0
1753600264808,07:11:04.808,okx,ACE/USDT:USDT,0.5918,6.0,0.5917,6.0,0.5921,19.0,0.5922,15.0
1753600265208,07:11:05.208,okx,ACE/USDT:USDT,0.5918,6.0,0.5917,6.0,0.5921,19.0,0.5922,15.0
1753600266208,07:11:06.208,okx,ACE/USDT:USDT,0.5918,6.0,0.5917,6.0,0.5921,20.0,0.5922,15.0
1753600266308,07:11:06.308,okx,ACE/USDT:USDT,0.5918,6.0,0.5917,6.0,0.5921,20.0,0.5922,15.0
1753600266408,07:11:06.408,okx,ACE/USDT:USDT,0.5918,6.0,0.5917,6.0,0.5921,20.0,0.5922,15.0
1753600266608,07:11:06.608,okx,ACE/USDT:USDT,0.5918,6.0,0.5917,6.0,0.5921,20.0,0.5922,15.0
1753600266808,07:11:06.808,okx,ACE/USDT:USDT,0.5918,6.0,0.5917,6.0,0.5921,20.0,0.5922,15.0
1753600267008,07:11:07.008,okx,ACE/USDT:USDT,0.5918,6.0,0.5917,6.0,0.5921,20.0,0.5922,15.0
1753600267408,07:11:07.408,okx,ACE/USDT:USDT,0.5918,6.0,0.5917,6.0,0.5921,20.0,0.5922,15.0
1753600267508,07:11:07.508,okx,ACE/USDT:USDT,0.5918,6.0,0.5917,6.0,0.5921,6.0,0.5922,15.0
1753600267608,07:11:07.608,okx,ACE/USDT:USDT,0.5918,6.0,0.5917,6.0,0.5921,6.0,0.5922,15.0
1753600267908,07:11:07.908,okx,ACE/USDT:USDT,0.5918,6.0,0.5917,6.0,0.5921,6.0,0.5922,15.0
1753600268108,07:11:08.108,okx,ACE/USDT:USDT,0.5918,6.0,0.5917,6.0,0.5921,6.0,0.5922,15.0
1753600268808,07:11:08.808,okx,ACE/USDT:USDT,0.5918,6.0,0.5917,6.0,0.5921,6.0,0.5922,15.0
1753600269108,07:11:09.108,okx,ACE/USDT:USDT,0.5918,6.0,0.5917,6.0,0.5921,6.0,0.5922,15.0
1753600269708,07:11:09.708,okx,ACE/USDT:USDT,0.5918,6.0,0.5917,6.0,0.5921,6.0,0.5922,15.0
1753600269808,07:11:09.808,okx,ACE/USDT:USDT,0.5918,6.0,0.5917,6.0,0.5921,6.0,0.5922,15.0
1753600270208,07:11:10.208,okx,ACE/USDT:USDT,0.5918,6.0,0.5917,6.0,0.5921,6.0,0.5922,15.0
1753600270608,07:11:10.608,okx,ACE/USDT:USDT,0.5918,6.0,0.5917,6.0,0.5921,6.0,0.5922,15.0
1753600270708,07:11:10.708,okx,ACE/USDT:USDT,0.5918,6.0,0.5917,6.0,0.5921,6.0,0.5922,15.0
1753600271408,07:11:11.408,okx,ACE/USDT:USDT,0.5918,6.0,0.5917,6.0,0.5921,6.0,0.5922,15.0
1753600271608,07:11:11.608,okx,ACE/USDT:USDT,0.5918,123.0,0.5917,6.0,0.5921,6.0,0.5922,15.0
1753600271708,07:11:11.708,okx,ACE/USDT:USDT,0.5918,6.0,0.5917,6.0,0.5921,6.0,0.5922,15.0
1753600271808,07:11:11.808,okx,ACE/USDT:USDT,0.5918,6.0,0.5917,6.0,0.5921,6.0,0.5922,15.0
1753600271908,07:11:11.908,okx,ACE/USDT:USDT,0.5918,6.0,0.5917,6.0,0.5921,6.0,0.5922,15.0
1753600272008,07:11:12.008,okx,ACE/USDT:USDT,0.5918,6.0,0.5917,6.0,0.5921,6.0,0.5922,15.0
1753600272108,07:11:12.108,okx,ACE/USDT:USDT,0.5918,6.0,0.5917,6.0,0.5921,6.0,0.5922,15.0
1753600272908,07:11:12.908,okx,ACE/USDT:USDT,0.5918,6.0,0.5917,6.0,0.5921,668.0,0.5922,15.0
1753600273108,07:11:13.108,okx,ACE/USDT:USDT,0.5918,6.0,0.5917,6.0,0.5921,668.0,0.5922,1.0
1753600273208,07:11:13.208,okx,ACE/USDT:USDT,0.5918,6.0,0.5917,6.0,0.5921,668.0,0.5922,1.0
1753600273308,07:11:13.308,okx,ACE/USDT:USDT,0.5918,123.0,0.5917,6.0,0.5921,668.0,0.5922,1.0
1753600273508,07:11:13.508,okx,ACE/USDT:USDT,0.5918,123.0,0.5917,6.0,0.5921,668.0,0.5922,1.0
1753600273708,07:11:13.708,okx,ACE/USDT:USDT,0.5919,117.0,0.5918,7.0,0.5921,668.0,0.5922,1.0
1753600274108,07:11:14.108,okx,ACE/USDT:USDT,0.5919,117.0,0.5918,7.0,0.5921,668.0,0.5922,1.0
1753600274308,07:11:14.308,okx,ACE/USDT:USDT,0.5919,117.0,0.5918,7.0,0.5921,668.0,0.5922,1.0
1753600275108,07:11:15.108,okx,ACE/USDT:USDT,0.5919,117.0,0.5918,8.0,0.5921,668.0,0.5922,1.0
1753600275208,07:11:15.208,okx,ACE/USDT:USDT,0.5919,117.0,0.5918,8.0,0.5921,668.0,0.5922,1.0
1753600275308,07:11:15.308,okx,ACE/USDT:USDT,0.5919,117.0,0.5918,8.0,0.5921,668.0,0.5922,1.0
1753600275708,07:11:15.708,okx,ACE/USDT:USDT,0.5919,117.0,0.5918,8.0,0.5921,668.0,0.5922,1.0
1753600275908,07:11:15.908,okx,ACE/USDT:USDT,0.5919,117.0,0.5918,8.0,0.5921,668.0,0.5922,1.0
1753600276508,07:11:16.508,okx,ACE/USDT:USDT,0.5919,117.0,0.5918,8.0,0.5921,668.0,0.5922,1.0
1753600276608,07:11:16.608,okx,ACE/USDT:USDT,0.5919,117.0,0.5918,8.0,0.5921,668.0,0.5922,1.0
1753600276808,07:11:16.808,okx,ACE/USDT:USDT,0.5919,117.0,0.5918,8.0,0.5921,668.0,0.5922,1.0
1753600276908,07:11:16.908,okx,ACE/USDT:USDT,0.5919,117.0,0.5918,8.0,0.5921,668.0,0.5922,1.0
1753600277008,07:11:17.008,okx,ACE/USDT:USDT,0.5919,117.0,0.5918,8.0,0.5921,668.0,0.5922,1.0
1753600277308,07:11:17.308,okx,ACE/USDT:USDT,0.5919,117.0,0.5918,8.0,0.5921,668.0,0.5922,1.0
1753600278008,07:11:18.008,okx,ACE/USDT:USDT,0.5919,117.0,0.5918,8.0,0.5921,668.0,0.5922,1.0
1753600278208,07:11:18.208,okx,ACE/USDT:USDT,0.5919,117.0,0.5918,8.0,0.5921,668.0,0.5922,1.0
1753600278308,07:11:18.308,okx,ACE/USDT:USDT,0.5919,117.0,0.5918,8.0,0.5921,668.0,0.5922,1.0
1753600279508,07:11:19.508,okx,ACE/USDT:USDT,0.5918,6.0,0.5917,319.0,0.5921,668.0,0.5922,1.0
1753600279708,07:11:19.708,okx,ACE/USDT:USDT,0.5918,6.0,0.5917,151.0,0.5921,668.0,0.5922,1.0
1753600279808,07:11:19.808,okx,ACE/USDT:USDT,0.5918,6.0,0.5917,151.0,0.5921,668.0,0.5922,1.0
1753600280008,07:11:20.008,okx,ACE/USDT:USDT,0.5918,6.0,0.5917,151.0,0.5921,668.0,0.5922,1.0
1753600280508,07:11:20.508,okx,ACE/USDT:USDT,0.5918,6.0,0.5917,20.0,0.5921,669.0,0.5922,1.0
1753600280608,07:11:20.608,okx,ACE/USDT:USDT,0.5918,6.0,0.5917,20.0,0.5921,669.0,0.5922,1.0
1753600281008,07:11:21.008,okx,ACE/USDT:USDT,0.5918,6.0,0.5917,20.0,0.5921,669.0,0.5922,1.0
1753600281108,07:11:21.108,okx,ACE/USDT:USDT,0.5918,6.0,0.5917,20.0,0.5921,669.0,0.5922,1.0
1753600281208,07:11:21.208,okx,ACE/USDT:USDT,0.5918,6.0,0.5917,20.0,0.5921,669.0,0.5922,1.0
1753600281408,07:11:21.408,okx,ACE/USDT:USDT,0.5918,6.0,0.5917,20.0,0.5921,669.0,0.5922,1.0
1753600281508,07:11:21.508,okx,ACE/USDT:USDT,0.5918,6.0,0.5917,20.0,0.5921,669.0,0.5922,1.0
1753600281708,07:11:21.708,okx,ACE/USDT:USDT,0.5918,6.0,0.5917,20.0,0.5921,669.0,0.5922,1.0
1753600281808,07:11:21.808,okx,ACE/USDT:USDT,0.5918,123.0,0.5917,20.0,0.5921,669.0,0.5922,1.0
1753600282208,07:11:22.208,okx,ACE/USDT:USDT,0.5918,123.0,0.5917,20.0,0.5921,669.0,0.5922,1.0
1753600282808,07:11:22.808,okx,ACE/USDT:USDT,0.5918,123.0,0.5917,20.0,0.5921,669.0,0.5922,1.0
1753600283008,07:11:23.008,okx,ACE/USDT:USDT,0.5917,6.0,0.5916,3.0,0.592,14.0,0.5921,669.0
1753600283308,07:11:23.308,okx,ACE/USDT:USDT,0.5917,6.0,0.5916,3.0,0.592,29.0,0.5921,669.0
1753600283608,07:11:23.608,okx,ACE/USDT:USDT,0.5917,6.0,0.5916,3.0,0.592,31.0,0.5921,668.0
1753600283908,07:11:23.908,okx,ACE/USDT:USDT,0.5917,6.0,0.5916,3.0,0.592,31.0,0.5921,668.0
1753600284008,07:11:24.008,okx,ACE/USDT:USDT,0.5917,6.0,0.5916,3.0,0.592,31.0,0.5921,668.0
1753600284308,07:11:24.308,okx,ACE/USDT:USDT,0.5917,6.0,0.5916,3.0,0.592,31.0,0.5921,668.0
1753600284408,07:11:24.408,okx,ACE/USDT:USDT,0.5917,6.0,0.5916,3.0,0.592,31.0,0.5921,668.0
1753600284508,07:11:24.508,okx,ACE/USDT:USDT,0.5917,6.0,0.5916,3.0,0.592,31.0,0.5921,668.0
1753600284708,07:11:24.708,okx,ACE/USDT:USDT,0.5917,6.0,0.5916,3.0,0.592,31.0,0.5921,668.0
1753600284908,07:11:24.908,okx,ACE/USDT:USDT,0.5917,55.0,0.5916,17.0,0.592,2.0,0.5921,669.0
1753600285308,07:11:25.308,okx,ACE/USDT:USDT,0.5917,6.0,0.5916,17.0,0.592,62.0,0.5921,663.0
1753600285808,07:11:25.808,okx,ACE/USDT:USDT,0.5917,6.0,0.5916,17.0,0.592,62.0,0.5921,663.0
1753600286208,07:11:26.208,okx,ACE/USDT:USDT,0.5917,6.0,0.5916,17.0,0.592,62.0,0.5921,663.0
1753600286308,07:11:26.308,okx,ACE/USDT:USDT,0.5917,6.0,0.5916,17.0,0.592,62.0,0.5921,663.0
1753600286508,07:11:26.508,okx,ACE/USDT:USDT,0.5917,137.0,0.5916,302.0,0.5921,663.0,0.5922,1.0
1753600286608,07:11:26.608,okx,ACE/USDT:USDT,0.5917,6.0,0.5916,302.0,0.5921,663.0,0.5922,1.0
1753600286708,07:11:26.708,okx,ACE/USDT:USDT,0.5917,6.0,0.5916,134.0,0.5921,663.0,0.5922,1.0
1753600286808,07:11:26.808,okx,ACE/USDT:USDT,0.5917,6.0,0.5916,134.0,0.5921,663.0,0.5922,1.0
1753600286908,07:11:26.908,okx,ACE/USDT:USDT,0.5917,6.0,0.5916,134.0,0.5921,663.0,0.5922,1.0
1753600287008,07:11:27.008,okx,ACE/USDT:USDT,0.5917,6.0,0.5916,134.0,0.5921,663.0,0.5922,1.0
1753600287108,07:11:27.108,okx,ACE/USDT:USDT,0.5917,6.0,0.5916,134.0,0.5921,663.0,0.5922,1.0
1753600287208,07:11:27.208,okx,ACE/USDT:USDT,0.5917,6.0,0.5916,134.0,0.5921,663.0,0.5922,1.0
1753600287508,07:11:27.508,okx,ACE/USDT:USDT,0.5917,6.0,0.5916,134.0,0.5921,663.0,0.5922,1.0
1753600287608,07:11:27.608,okx,ACE/USDT:USDT,0.5917,6.0,0.5916,134.0,0.5921,663.0,0.5922,1.0
1753600288208,07:11:28.208,okx,ACE/USDT:USDT,0.5917,6.0,0.5916,134.0,0.5921,663.0,0.5922,1.0
1753600288708,07:11:28.708,okx,ACE/USDT:USDT,0.5917,6.0,0.5916,134.0,0.5921,663.0,0.5922,1.0
1753600288808,07:11:28.808,okx,ACE/USDT:USDT,0.5917,6.0,0.5916,134.0,0.5921,663.0,0.5922,1.0
1753600289008,07:11:29.008,okx,ACE/USDT:USDT,0.5917,6.0,0.5916,134.0,0.5921,663.0,0.5922,1.0
1753600289108,07:11:29.108,okx,ACE/USDT:USDT,0.5917,6.0,0.5916,134.0,0.5921,663.0,0.5922,1.0
1753600289208,07:11:29.208,okx,ACE/USDT:USDT,0.5917,6.0,0.5916,134.0,0.5921,663.0,0.5922,1.0
1753600289308,07:11:29.308,okx,ACE/USDT:USDT,0.5917,6.0,0.5916,134.0,0.5921,663.0,0.5922,1.0
1753600289408,07:11:29.408,okx,ACE/USDT:USDT,0.5917,6.0,0.5916,134.0,0.5921,663.0,0.5922,1.0
1753600289608,07:11:29.608,okx,ACE/USDT:USDT,0.5917,6.0,0.5916,134.0,0.5921,663.0,0.5922,1.0
1753600289808,07:11:29.808,okx,ACE/USDT:USDT,0.5917,6.0,0.5916,134.0,0.5921,663.0,0.5922,1.0
1753600289908,07:11:29.908,okx,ACE/USDT:USDT,0.5917,6.0,0.5916,134.0,0.5921,663.0,0.5922,1.0
1753600290608,07:11:30.608,okx,ACE/USDT:USDT,0.5917,6.0,0.5916,3.0,0.5921,663.0,0.5922,1.0
1753600290808,07:11:30.808,okx,ACE/USDT:USDT,0.5917,6.0,0.5916,3.0,0.5921,663.0,0.5922,1.0
1753600290908,07:11:30.908,okx,ACE/USDT:USDT,0.5917,6.0,0.5916,3.0,0.5921,663.0,0.5922,1.0
1753600291208,07:11:31.208,okx,ACE/USDT:USDT,0.5917,55.0,0.5916,3.0,0.5921,663.0,0.5922,1.0
1753600291408,07:11:31.408,okx,ACE/USDT:USDT,0.5917,55.0,0.5916,3.0,0.5921,663.0,0.5922,1.0
1753600291608,07:11:31.608,okx,ACE/USDT:USDT,0.5917,55.0,0.5916,3.0,0.5921,663.0,0.5922,1.0
1753600291908,07:11:31.908,okx,ACE/USDT:USDT,0.5917,55.0,0.5916,3.0,0.5921,663.0,0.5922,1.0
1753600292008,07:11:32.008,okx,ACE/USDT:USDT,0.5917,55.0,0.5916,3.0,0.5921,663.0,0.5922,1.0
1753600292108,07:11:32.108,okx,ACE/USDT:USDT,0.5917,55.0,0.5916,3.0,0.5921,663.0,0.5922,1.0
1753600292408,07:11:32.408,okx,ACE/USDT:USDT,0.5917,55.0,0.5916,3.0,0.5921,663.0,0.5922,1.0
1753600292508,07:11:32.508,okx,ACE/USDT:USDT,0.5917,55.0,0.5916,3.0,0.5921,663.0,0.5922,1.0
1753600292708,07:11:32.708,okx,ACE/USDT:USDT,0.5917,55.0,0.5916,3.0,0.5921,663.0,0.5922,1.0
1753600293108,07:11:33.108,okx,ACE/USDT:USDT,0.5917,55.0,0.5916,3.0,0.5921,663.0,0.5922,1.0
1753600293408,07:11:33.408,okx,ACE/USDT:USDT,0.5917,55.0,0.5916,3.0,0.5921,663.0,0.5922,1.0
1753600293708,07:11:33.708,okx,ACE/USDT:USDT,0.5917,55.0,0.5916,3.0,0.5921,664.0,0.5922,1.0
1753600294308,07:11:34.308,okx,ACE/USDT:USDT,0.5917,55.0,0.5916,3.0,0.5921,664.0,0.5922,1.0
1753600295008,07:11:35.008,okx,ACE/USDT:USDT,0.5917,56.0,0.5916,3.0,0.5921,664.0,0.5922,1.0
1753600295308,07:11:35.308,okx,ACE/USDT:USDT,0.5917,56.0,0.5916,3.0,0.5921,664.0,0.5922,1.0
1753600295808,07:11:35.808,okx,ACE/USDT:USDT,0.5917,55.0,0.5916,3.0,0.5921,664.0,0.5922,1.0
1753600296308,07:11:36.308,okx,ACE/USDT:USDT,0.5917,6.0,0.5916,3.0,0.5921,664.0,0.5922,359.0
1753600296708,07:11:36.708,okx,ACE/USDT:USDT,0.5917,6.0,0.5916,3.0,0.5921,664.0,0.5922,359.0
1753600296908,07:11:36.908,okx,ACE/USDT:USDT,0.5917,6.0,0.5916,3.0,0.5921,664.0,0.5922,359.0
1753600297408,07:11:37.408,okx,ACE/USDT:USDT,0.5917,6.0,0.5916,3.0,0.5921,664.0,0.5922,359.0
1753600297708,07:11:37.708,okx,ACE/USDT:USDT,0.5917,6.0,0.5916,3.0,0.5921,664.0,0.5922,359.0
1753600297908,07:11:37.908,okx,ACE/USDT:USDT,0.5917,6.0,0.5916,3.0,0.5921,664.0,0.5922,359.0
1753600298708,07:11:38.708,okx,ACE/USDT:USDT,0.5917,6.0,0.5916,3.0,0.5921,664.0,0.5922,752.0
1753600299108,07:11:39.108,okx,ACE/USDT:USDT,0.5917,6.0,0.5916,3.0,0.5921,664.0,0.5922,752.0
1753600299408,07:11:39.408,okx,ACE/USDT:USDT,0.5917,6.0,0.5916,3.0,0.5921,664.0,0.5922,752.0
1753600299608,07:11:39.608,okx,ACE/USDT:USDT,0.5917,6.0,0.5916,3.0,0.5921,664.0,0.5922,752.0
1753600299708,07:11:39.708,okx,ACE/USDT:USDT,0.5917,6.0,0.5916,3.0,0.5921,664.0,0.5922,752.0
1753600300008,07:11:40.008,okx,ACE/USDT:USDT,0.5917,6.0,0.5916,3.0,0.5921,664.0,0.5922,752.0
1753600300308,07:11:40.308,okx,ACE/USDT:USDT,0.5917,6.0,0.5916,3.0,0.5921,664.0,0.5922,752.0
1753600300708,07:11:40.708,okx,ACE/USDT:USDT,0.5917,6.0,0.5916,3.0,0.5921,664.0,0.5922,359.0
1753600300908,07:11:40.908,okx,ACE/USDT:USDT,0.5917,6.0,0.5916,3.0,0.5921,664.0,0.5922,359.0
1753600301008,07:11:41.008,okx,ACE/USDT:USDT,0.5917,6.0,0.5916,3.0,0.5921,664.0,0.5922,359.0
1753600301108,07:11:41.108,okx,ACE/USDT:USDT,0.5917,6.0,0.5916,3.0,0.5921,664.0,0.5922,359.0
1753600301508,07:11:41.508,okx,ACE/USDT:USDT,0.5917,6.0,0.5916,3.0,0.5921,674.0,0.5922,359.0
1753600301608,07:11:41.608,okx,ACE/USDT:USDT,0.5917,6.0,0.5916,3.0,0.5921,674.0,0.5922,359.0
1753600301708,07:11:41.708,okx,ACE/USDT:USDT,0.5917,6.0,0.5916,3.0,0.5921,674.0,0.5922,359.0
1753600302208,07:11:42.208,okx,ACE/USDT:USDT,0.5917,6.0,0.5916,3.0,0.5921,674.0,0.5922,359.0
1753600302708,07:11:42.708,okx,ACE/USDT:USDT,0.5917,6.0,0.5916,3.0,0.5921,674.0,0.5922,1.0
1753600302808,07:11:42.808,okx,ACE/USDT:USDT,0.5917,6.0,0.5916,3.0,0.5921,674.0,0.5922,1.0
1753600304008,07:11:44.008,okx,ACE/USDT:USDT,0.5925,99.0,0.5924,1.0,0.5926,4.0,0.5928,1.0
1753600304108,07:11:44.108,okx,ACE/USDT:USDT,0.5925,99.0,0.5924,1.0,0.5926,4.0,0.5928,1.0
1753600304208,07:11:44.208,okx,ACE/USDT:USDT,0.5925,99.0,0.5924,1.0,0.5926,4.0,0.5928,1.0
1753600305108,07:11:45.108,okx,ACE/USDT:USDT,0.5925,99.0,0.5924,1.0,0.5926,4.0,0.5928,1.0
1753600305508,07:11:45.508,okx,ACE/USDT:USDT,0.5925,99.0,0.5924,1.0,0.5926,4.0,0.5928,1.0
1753600305908,07:11:45.908,okx,ACE/USDT:USDT,0.5923,147.0,0.5922,688.0,0.5926,4.0,0.5928,1.0
1753600306208,07:11:46.208,okx,ACE/USDT:USDT,0.5923,147.0,0.5922,688.0,0.5926,4.0,0.5928,1.0
1753600306308,07:11:46.308,okx,ACE/USDT:USDT,0.5923,147.0,0.5922,688.0,0.5926,4.0,0.5928,1.0
1753600309108,07:11:49.108,okx,ACE/USDT:USDT,0.5922,505.0,0.5921,1475.0,0.5926,4.0,0.5928,208.0
1753600310001,07:11:50.001,okx,ACE/USDT:USDT,0.5922,505.0,0.5921,1475.0,0.5926,4.0,0.5928,208.0
1753600310201,07:11:50.201,okx,ACE/USDT:USDT,0.5922,505.0,0.5921,1475.0,0.5926,4.0,0.5928,208.0
1753600310301,07:11:50.301,okx,ACE/USDT:USDT,0.5922,505.0,0.5921,1307.0,0.5926,4.0,0.5928,208.0
1753600310701,07:11:50.701,okx,ACE/USDT:USDT,0.5925,99.0,0.5923,352.0,0.5926,4.0,0.5928,1.0
1753600311501,07:11:51.501,okx,ACE/USDT:USDT,0.5925,99.0,0.5923,856.0,0.5926,4.0,0.5928,1.0
1753600311901,07:11:51.901,okx,ACE/USDT:USDT,0.5925,99.0,0.5923,856.0,0.5926,4.0,0.5928,1.0
1753600312101,07:11:52.101,okx,ACE/USDT:USDT,0.5923,655.0,0.5922,920.0,0.5926,4.0,0.5928,1.0
1753600312201,07:11:52.201,okx,ACE/USDT:USDT,0.5923,655.0,0.5922,920.0,0.5926,4.0,0.5928,1.0
1753600313101,07:11:53.101,okx,ACE/USDT:USDT,0.5923,655.0,0.5922,1423.0,0.5926,4.0,0.5928,1.0
1753600313401,07:11:53.401,okx,ACE/USDT:USDT,0.5923,655.0,0.5922,1423.0,0.5926,4.0,0.5928,1.0
1753600313901,07:11:53.901,okx,ACE/USDT:USDT,0.5923,655.0,0.5922,1423.0,0.5926,4.0,0.5928,1.0
1753600314001,07:11:54.001,okx,ACE/USDT:USDT,0.5923,655.0,0.5922,1423.0,0.5926,4.0,0.5928,1.0
1753600314401,07:11:54.401,okx,ACE/USDT:USDT,0.5923,655.0,0.5922,1423.0,0.5926,4.0,0.5928,1.0
1753600314501,07:11:54.501,okx,ACE/USDT:USDT,0.5923,655.0,0.5922,1423.0,0.5926,4.0,0.5928,1.0
1753600314601,07:11:54.601,okx,ACE/USDT:USDT,0.5923,655.0,0.5922,1423.0,0.5926,4.0,0.5928,1.0
1753600314701,07:11:54.701,okx,ACE/USDT:USDT,0.5923,655.0,0.5922,1423.0,0.5926,4.0,0.5928,1.0
1753600315701,07:11:55.701,okx,ACE/USDT:USDT,0.5923,655.0,0.5922,1424.0,0.5926,4.0,0.5928,1.0
1753600316501,07:11:56.501,okx,ACE/USDT:USDT,0.5923,655.0,0.5922,1424.0,0.5926,4.0,0.5928,1.0
1753600316601,07:11:56.601,okx,ACE/USDT:USDT,0.5923,655.0,0.5922,1424.0,0.5926,4.0,0.5928,1.0
1753600316801,07:11:56.801,okx,ACE/USDT:USDT,0.5923,655.0,0.5922,1424.0,0.5926,4.0,0.5928,1.0
1753600316901,07:11:56.901,okx,ACE/USDT:USDT,0.5923,655.0,0.5922,1424.0,0.5926,4.0,0.5928,1.0
1753600317101,07:11:57.101,okx,ACE/USDT:USDT,0.5923,655.0,0.5922,1424.0,0.5926,4.0,0.5928,1.0
1753600317201,07:11:57.201,okx,ACE/USDT:USDT,0.5923,655.0,0.5922,1424.0,0.5926,4.0,0.5928,1.0
1753600317701,07:11:57.701,okx,ACE/USDT:USDT,0.5923,655.0,0.5922,1424.0,0.5926,4.0,0.5928,1.0
1753600318101,07:11:58.101,okx,ACE/USDT:USDT,0.5923,655.0,0.5922,1424.0,0.5926,4.0,0.5928,1.0
1753600318201,07:11:58.201,okx,ACE/USDT:USDT,0.5923,655.0,0.5922,1424.0,0.5926,4.0,0.5928,1.0
1753600318401,07:11:58.401,okx,ACE/USDT:USDT,0.5926,76.0,0.5925,603.0,0.593,3.0,0.5931,145.0
1753600318801,07:11:58.801,okx,ACE/USDT:USDT,0.5926,398.0,0.5925,1325.0,0.593,2.0,0.5931,1.0
1753600319001,07:11:59.001,okx,ACE/USDT:USDT,0.5926,398.0,0.5925,1325.0,0.593,2.0,0.5931,1.0
1753600319101,07:11:59.101,okx,ACE/USDT:USDT,0.5926,398.0,0.5925,1325.0,0.593,2.0,0.5931,1.0
1753600319401,07:11:59.401,okx,ACE/USDT:USDT,0.5925,1156.0,0.5924,2972.0,0.593,2.0,0.5931,1.0
1753600320801,07:12:00.801,okx,ACE/USDT:USDT,0.5925,652.0,0.5924,1869.0,0.593,2.0,0.5931,1.0
1753600320901,07:12:00.901,okx,ACE/USDT:USDT,0.5928,3.0,0.5927,3.0,0.593,2.0,0.5931,1.0
1753600321001,07:12:01.001,okx,ACE/USDT:USDT,0.5928,3.0,0.5927,3.0,0.593,2.0,0.5931,1.0
1753600321701,07:12:01.701,okx,ACE/USDT:USDT,0.5925,76.0,0.5923,181.0,0.5929,14.0,0.593,16.0
1753600321801,07:12:01.801,okx,ACE/USDT:USDT,0.5925,76.0,0.5923,181.0,0.5929,14.0,0.593,16.0
1753600322701,07:12:02.701,okx,ACE/USDT:USDT,0.5925,76.0,0.5923,181.0,0.5929,14.0,0.593,16.0
1753600322801,07:12:02.801,okx,ACE/USDT:USDT,0.5925,76.0,0.5923,181.0,0.5929,14.0,0.593,16.0
1753600322901,07:12:02.901,okx,ACE/USDT:USDT,0.5925,76.0,0.5923,181.0,0.5929,14.0,0.593,16.0
1753600323201,07:12:03.201,okx,ACE/USDT:USDT,0.5925,76.0,0.5923,181.0,0.5929,14.0,0.593,16.0
1753600324501,07:12:04.501,okx,ACE/USDT:USDT,0.5925,76.0,0.5923,181.0,0.5929,14.0,0.593,16.0
1753600324601,07:12:04.601,okx,ACE/USDT:USDT,0.5925,76.0,0.5923,181.0,0.5929,14.0,0.593,16.0
1753600324701,07:12:04.701,okx,ACE/USDT:USDT,0.5925,76.0,0.5923,181.0,0.5929,14.0,0.593,16.0
1753600325101,07:12:05.101,okx,ACE/USDT:USDT,0.5926,76.0,0.5925,1.0,0.5929,14.0,0.593,16.0
1753600325301,07:12:05.301,okx,ACE/USDT:USDT,0.5926,76.0,0.5925,1.0,0.5929,14.0,0.593,16.0
1753600325601,07:12:05.601,okx,ACE/USDT:USDT,0.5926,76.0,0.5925,1.0,0.5929,14.0,0.593,16.0
1753600327301,07:12:07.301,okx,ACE/USDT:USDT,0.5926,76.0,0.5925,1.0,0.5929,14.0,0.593,16.0
1753600327401,07:12:07.401,okx,ACE/USDT:USDT,0.5925,1.0,0.5923,256.0,0.5929,14.0,0.593,16.0
1753600327501,07:12:07.501,okx,ACE/USDT:USDT,0.5925,76.0,0.5923,299.0,0.5929,14.0,0.593,184.0
1753600327901,07:12:07.901,okx,ACE/USDT:USDT,0.5926,76.0,0.5925,1.0,0.5929,14.0,0.593,16.0
1753600328201,07:12:08.201,okx,ACE/USDT:USDT,0.5926,76.0,0.5925,1.0,0.5929,14.0,0.593,16.0
1753600328601,07:12:08.601,okx,ACE/USDT:USDT,0.5926,76.0,0.5925,1.0,0.5929,14.0,0.593,16.0
1753600329001,07:12:09.001,okx,ACE/USDT:USDT,0.5926,76.0,0.5925,1.0,0.5929,14.0,0.593,16.0
1753600329701,07:12:09.701,okx,ACE/USDT:USDT,0.5926,76.0,0.5925,1.0,0.5929,14.0,0.593,16.0
1753600330001,07:12:10.001,okx,ACE/USDT:USDT,0.5926,76.0,0.5925,1.0,0.5929,14.0,0.593,16.0
1753600331101,07:12:11.101,okx,ACE/USDT:USDT,0.5926,76.0,0.5925,1.0,0.5929,14.0,0.593,16.0
1753600331801,07:12:11.801,okx,ACE/USDT:USDT,0.5926,76.0,0.5925,1.0,0.5929,14.0,0.593,16.0
1753600332001,07:12:12.001,okx,ACE/USDT:USDT,0.5926,76.0,0.5925,1.0,0.5929,14.0,0.593,16.0
1753600333001,07:12:13.001,okx,ACE/USDT:USDT,0.5926,76.0,0.5925,1.0,0.5929,14.0,0.593,16.0
1753600333101,07:12:13.101,okx,ACE/USDT:USDT,0.5926,76.0,0.5925,1.0,0.5929,14.0,0.593,16.0
1753600333501,07:12:13.501,okx,ACE/USDT:USDT,0.5926,76.0,0.5925,1.0,0.5929,14.0,0.593,16.0
1753600333601,07:12:13.601,okx,ACE/USDT:USDT,0.5926,76.0,0.5925,1.0,0.5929,14.0,0.593,16.0
1753600335001,07:12:15.001,okx,ACE/USDT:USDT,0.5926,76.0,0.5925,1.0,0.5929,14.0,0.593,16.0
1753600335101,07:12:15.101,okx,ACE/USDT:USDT,0.5926,76.0,0.5925,1.0,0.5929,14.0,0.593,16.0
1753600335301,07:12:15.301,okx,ACE/USDT:USDT,0.5926,76.0,0.5925,1.0,0.5929,14.0,0.593,16.0
1753600335401,07:12:15.401,okx,ACE/USDT:USDT,0.5926,76.0,0.5925,1.0,0.5929,14.0,0.593,16.0
1753600336401,07:12:16.401,okx,ACE/USDT:USDT,0.5926,76.0,0.5925,1.0,0.5929,14.0,0.593,16.0
1753600337001,07:12:17.001,okx,ACE/USDT:USDT,0.5926,76.0,0.5925,1.0,0.5929,14.0,0.593,16.0
1753600338001,07:12:18.001,okx,ACE/USDT:USDT,0.5926,76.0,0.5925,1.0,0.5929,14.0,0.593,16.0
1753600338301,07:12:18.301,okx,ACE/USDT:USDT,0.5926,76.0,0.5925,1.0,0.5929,14.0,0.593,16.0
1753600338901,07:12:18.901,okx,ACE/USDT:USDT,0.5925,76.0,0.5924,1.0,0.5928,102.0,0.5929,14.0
1753600339501,07:12:19.501,okx,ACE/USDT:USDT,0.5925,76.0,0.5924,1.0,0.5928,102.0,0.5929,14.0
1753600339701,07:12:19.701,okx,ACE/USDT:USDT,0.5925,76.0,0.5924,1.0,0.5928,102.0,0.5929,14.0
1753600339901,07:12:19.901,okx,ACE/USDT:USDT,0.5925,76.0,0.5924,1.0,0.5928,102.0,0.5929,14.0
1753600340901,07:12:20.901,okx,ACE/USDT:USDT,0.5925,76.0,0.5924,1.0,0.5928,2.0,0.5929,14.0
1753600343001,07:12:23.001,okx,ACE/USDT:USDT,0.5925,76.0,0.5924,1.0,0.5928,2.0,0.5929,14.0
1753600344001,07:12:24.001,okx,ACE/USDT:USDT,0.5925,76.0,0.5924,1.0,0.5928,2.0,0.5929,14.0
1753600344101,07:12:24.101,okx,ACE/USDT:USDT,0.5925,76.0,0.5924,1.0,0.5928,2.0,0.5929,14.0
1753600344701,07:12:24.701,okx,ACE/USDT:USDT,0.5923,131.0,0.5922,15.0,0.5928,87.0,0.5929,14.0
1753600344801,07:12:24.801,okx,ACE/USDT:USDT,0.5923,131.0,0.5922,15.0,0.5928,87.0,0.5929,14.0
