timestamp,time,exchange,symbol,bid1_price,bid1_volume,bid2_price,bid2_volume,ask1_price,ask1_volume,ask2_price,ask2_volume
1753599983178,07:06:23.178,bitget,AAVE/USDT:USDT,296.24,25.8,296.23,1.0,296.31,144.6,296.32,10.9
1753599983478,07:06:23.478,bitget,AAVE/USDT:USDT,296.24,1.3,296.23,3.1,296.25,0.7,296.27,7.1
1753599983778,07:06:23.778,bitget,AAVE/USDT:USDT,296.26,0.5,296.25,3.5,296.27,0.8,296.28,7.3
1753599983928,07:06:23.928,bitget,AAVE/USDT:USDT,296.26,1.3,296.25,3.5,296.27,0.8,296.28,10.1
1753599984079,07:06:24.079,bitget,AAVE/USDT:USDT,296.26,1.6,296.25,1.9,296.28,0.3,296.3,2.5
1753599984229,07:06:24.229,bitget,AAVE/USDT:USDT,296.27,5.3,296.26,4.3,296.28,0.3,296.3,0.6
1753599984679,07:06:24.679,bitget,AAVE/USDT:USDT,296.27,3.5,296.26,1.5,296.28,1.6,296.29,1.2
1753599984829,07:06:24.829,bitget,AAVE/USDT:USDT,296.27,3.5,296.26,1.5,296.28,1.3,296.29,1.2
1753599984979,07:06:24.979,bitget,AAVE/USDT:USDT,296.27,3.5,296.26,1.5,296.28,0.5,296.29,1.2
1753599985129,07:06:25.129,bitget,AAVE/USDT:USDT,296.27,3.5,296.26,1.5,296.28,0.5,296.29,0.8
1753599985279,07:06:25.279,bitget,AAVE/USDT:USDT,296.27,3.5,296.26,1.5,296.28,0.5,296.29,5.2
1753599985429,07:06:25.429,bitget,AAVE/USDT:USDT,296.27,3.5,296.26,0.5,296.28,5.2,296.29,5.0
1753599985579,07:06:25.579,bitget,AAVE/USDT:USDT,296.27,3.2,296.26,1.5,296.28,1.2,296.29,5.4
1753599985730,07:06:25.730,bitget,AAVE/USDT:USDT,296.27,3.5,296.26,1.5,296.28,1.2,296.29,1.4
1753599986180,07:06:26.180,bitget,AAVE/USDT:USDT,296.27,0.8,296.25,1.9,296.28,9.4,296.29,1.4
1753599986330,07:06:26.330,bitget,AAVE/USDT:USDT,296.27,0.8,296.25,1.9,296.28,9.7,296.29,2.1
1753599986480,07:06:26.480,bitget,AAVE/USDT:USDT,296.27,0.8,296.25,1.9,296.28,5.2,296.29,2.1
1753599986630,07:06:26.630,bitget,AAVE/USDT:USDT,296.27,1.1,296.26,1.0,296.28,1.2,296.29,6.3
1753599986930,07:06:26.930,bitget,AAVE/USDT:USDT,296.27,1.6,296.26,1.0,296.28,0.7,296.29,0.2
1753599987080,07:06:27.080,bitget,AAVE/USDT:USDT,296.27,1.6,296.26,1.0,296.28,0.5,296.3,0.6
1753599987230,07:06:27.230,bitget,AAVE/USDT:USDT,296.29,1.3,296.27,1.6,296.3,0.6,296.31,5.0
1753599987380,07:06:27.380,bitget,AAVE/USDT:USDT,296.29,0.8,296.28,0.7,296.3,1.4,296.31,6.1
1753599988431,07:06:28.431,bitget,AAVE/USDT:USDT,296.29,1.6,296.28,0.7,296.3,0.8,296.31,5.6
1753599988581,07:06:28.581,bitget,AAVE/USDT:USDT,296.29,1.3,296.28,0.7,296.3,1.1,296.31,5.6
1753599988731,07:06:28.731,bitget,AAVE/USDT:USDT,296.29,1.3,296.28,0.7,296.3,1.1,296.31,5.6
1753599988881,07:06:28.881,bitget,AAVE/USDT:USDT,296.29,1.3,296.28,0.7,296.3,1.1,296.31,5.6
1753599989482,07:06:29.482,bitget,AAVE/USDT:USDT,296.29,1.6,296.28,1.7,296.3,0.5,296.31,0.6
1753599989632,07:06:29.632,bitget,AAVE/USDT:USDT,296.29,1.6,296.28,1.7,296.3,0.5,296.31,0.6
1753599990232,07:06:30.232,bitget,AAVE/USDT:USDT,296.29,1.6,296.28,1.7,296.3,0.5,296.31,0.6
1753599990382,07:06:30.382,bitget,AAVE/USDT:USDT,296.29,1.6,296.28,1.7,296.3,0.5,296.31,0.6
1753599990983,07:06:30.983,bitget,AAVE/USDT:USDT,296.29,0.8,296.28,0.7,296.3,9.0,296.31,0.6
1753599991283,07:06:31.283,bitget,AAVE/USDT:USDT,296.29,0.8,296.28,1.7,296.3,0.8,296.31,7.1
1753599991433,07:06:31.433,bitget,AAVE/USDT:USDT,296.29,0.8,296.28,1.7,296.3,0.8,296.31,7.1
1753599991883,07:06:31.883,bitget,AAVE/USDT:USDT,296.29,0.8,296.28,0.7,296.3,4.8,296.31,7.1
1753599992033,07:06:32.033,bitget,AAVE/USDT:USDT,296.29,1.1,296.28,1.7,296.3,0.8,296.31,7.1
1753599992183,07:06:32.183,bitget,AAVE/USDT:USDT,296.29,1.6,296.28,1.7,296.31,2.9,296.32,2.7
1753599992333,07:06:32.333,bitget,AAVE/USDT:USDT,296.3,1.6,296.29,1.3,296.32,2.7,296.33,0.4
1753599992483,07:06:32.483,bitget,AAVE/USDT:USDT,296.31,2.4,296.3,1.3,296.32,2.7,296.33,0.1
1753599992634,07:06:32.634,bitget,AAVE/USDT:USDT,296.31,2.9,296.3,0.5,296.32,2.5,296.33,0.3
1753599992784,07:06:32.784,bitget,AAVE/USDT:USDT,296.31,2.9,296.3,0.5,296.32,2.5,296.33,0.3
1753599992934,07:06:32.934,bitget,AAVE/USDT:USDT,296.31,2.9,296.3,0.5,296.32,2.7,296.33,0.3
1753599993084,07:06:33.084,bitget,AAVE/USDT:USDT,296.31,2.9,296.3,0.5,296.32,2.7,296.33,0.3
1753599993234,07:06:33.234,bitget,AAVE/USDT:USDT,296.31,2.9,296.3,0.5,296.32,2.7,296.33,0.3
1753599993384,07:06:33.384,bitget,AAVE/USDT:USDT,296.31,2.9,296.3,0.5,296.32,2.7,296.33,0.3
1753599993684,07:06:33.684,bitget,AAVE/USDT:USDT,296.31,1.3,296.3,0.5,296.32,6.5,296.33,0.3
1753599993834,07:06:33.834,bitget,AAVE/USDT:USDT,296.31,1.3,296.3,0.5,296.32,10.8,296.33,0.3
1753599993984,07:06:33.984,bitget,AAVE/USDT:USDT,296.31,1.6,296.3,0.5,296.32,2.5,296.33,4.3
1753599994134,07:06:34.134,bitget,AAVE/USDT:USDT,296.31,0.5,296.3,0.5,296.32,6.5,296.33,4.3
1753599994284,07:06:34.284,bitget,AAVE/USDT:USDT,296.31,0.5,296.3,0.5,296.32,2.8,296.33,4.3
1753599994434,07:06:34.434,bitget,AAVE/USDT:USDT,296.31,0.5,296.3,0.5,296.32,2.8,296.33,4.3
1753599994585,07:06:34.585,bitget,AAVE/USDT:USDT,296.31,0.5,296.3,0.5,296.32,2.8,296.33,4.3
1753599994735,07:06:34.735,bitget,AAVE/USDT:USDT,296.31,0.5,296.3,0.5,296.32,2.8,296.33,4.3
1753599994885,07:06:34.885,bitget,AAVE/USDT:USDT,296.31,0.5,296.3,0.5,296.32,2.8,296.33,4.3
1753599995035,07:06:35.035,bitget,AAVE/USDT:USDT,296.31,0.5,296.3,0.5,296.32,2.8,296.33,4.3
1753599995185,07:06:35.185,bitget,AAVE/USDT:USDT,296.31,0.5,296.3,0.5,296.32,2.8,296.33,4.3
1753599995335,07:06:35.335,bitget,AAVE/USDT:USDT,296.3,0.5,296.29,0.5,296.32,2.8,296.33,4.3
1753599995485,07:06:35.485,bitget,AAVE/USDT:USDT,296.3,2.7,296.29,0.5,296.31,0.4,296.32,2.5
1753599995635,07:06:35.635,bitget,AAVE/USDT:USDT,296.3,2.7,296.29,1.5,296.31,0.4,296.32,2.5
1753599995785,07:06:35.785,bitget,AAVE/USDT:USDT,296.3,2.7,296.29,1.5,296.31,0.4,296.32,2.5
1753599995935,07:06:35.935,bitget,AAVE/USDT:USDT,296.24,25.8,296.23,1.2,296.27,6.4,296.29,0.3
1753599996085,07:06:36.085,bitget,AAVE/USDT:USDT,296.26,1.1,296.24,29.2,296.27,2.4,296.29,7.4
1753599996235,07:06:36.235,bitget,AAVE/USDT:USDT,296.26,0.8,296.24,29.2,296.27,7.4,296.28,2.2
1753599996386,07:06:36.386,bitget,AAVE/USDT:USDT,296.26,1.6,296.24,29.2,296.27,2.4,296.28,2.4
1753599996536,07:06:36.536,bitget,AAVE/USDT:USDT,296.26,1.6,296.24,29.2,296.27,2.6,296.28,2.4
1753599996686,07:06:36.686,bitget,AAVE/USDT:USDT,296.26,1.3,296.24,29.2,296.27,2.9,296.28,2.4
1753599996836,07:06:36.836,bitget,AAVE/USDT:USDT,296.26,1.6,296.24,29.2,296.27,2.4,296.28,2.2
1753599996986,07:06:36.986,bitget,AAVE/USDT:USDT,296.26,1.6,296.24,29.2,296.29,2.7,296.3,12.3
1753599997136,07:06:37.136,bitget,AAVE/USDT:USDT,296.28,0.8,296.27,4.2,296.29,3.2,296.3,12.3
1753599997286,07:06:37.286,bitget,AAVE/USDT:USDT,296.28,1.6,296.27,3.2,296.29,1.5,296.3,16.5
1753599997436,07:06:37.436,bitget,AAVE/USDT:USDT,296.28,1.6,296.27,4.2,296.29,1.5,296.3,6.2
1753599997586,07:06:37.586,bitget,AAVE/USDT:USDT,296.28,1.6,296.27,4.2,296.29,0.5,296.3,6.2
1753599997736,07:06:37.736,bitget,AAVE/USDT:USDT,296.28,2.3,296.27,2.9,296.29,0.5,296.31,2.7
1753599997886,07:06:37.886,bitget,AAVE/USDT:USDT,296.28,2.3,296.27,2.9,296.29,0.5,296.31,2.7
1753599998036,07:06:38.036,bitget,AAVE/USDT:USDT,296.28,2.3,296.27,2.9,296.29,0.5,296.31,2.7
1753599998187,07:06:38.187,bitget,AAVE/USDT:USDT,296.28,2.3,296.27,2.9,296.29,0.5,296.3,0.6
1753599998337,07:06:38.337,bitget,AAVE/USDT:USDT,296.28,2.3,296.27,2.9,296.29,0.5,296.31,2.7
1753599998487,07:06:38.487,bitget,AAVE/USDT:USDT,296.28,2.3,296.27,2.9,296.29,0.5,296.3,0.6
1753599998637,07:06:38.637,bitget,AAVE/USDT:USDT,296.28,2.0,296.27,2.9,296.29,0.5,296.3,0.6
1753599998787,07:06:38.787,bitget,AAVE/USDT:USDT,296.28,2.0,296.27,1.9,296.29,4.8,296.3,4.8
1753599998937,07:06:38.937,bitget,AAVE/USDT:USDT,296.28,3.0,296.27,1.9,296.29,0.8,296.3,0.6
1753599999087,07:06:39.087,bitget,AAVE/USDT:USDT,296.28,2.3,296.27,1.9,296.29,1.1,296.3,0.6
1753599999237,07:06:39.237,bitget,AAVE/USDT:USDT,296.28,2.3,296.27,2.9,296.29,9.1,296.3,0.8
1753599999387,07:06:39.387,bitget,AAVE/USDT:USDT,296.28,2.3,296.27,1.9,296.29,5.1,296.3,0.8
1753599999537,07:06:39.537,bitget,AAVE/USDT:USDT,296.28,2.3,296.27,1.9,296.29,0.5,296.3,4.6
1753599999687,07:06:39.687,bitget,AAVE/USDT:USDT,296.28,2.3,296.27,1.9,296.29,1.0,296.3,4.8
1753599999837,07:06:39.837,bitget,AAVE/USDT:USDT,296.28,2.3,296.27,1.9,296.29,1.0,296.3,4.8
1753599999988,07:06:39.988,bitget,AAVE/USDT:USDT,296.28,2.3,296.27,1.9,296.29,1.0,296.3,4.8
1753600000138,07:06:40.138,bitget,AAVE/USDT:USDT,296.28,2.3,296.27,1.9,296.29,1.0,296.3,4.8
1753600000288,07:06:40.288,bitget,AAVE/USDT:USDT,296.28,2.3,296.27,1.9,296.29,0.5,296.3,0.8
1753600000438,07:06:40.438,bitget,AAVE/USDT:USDT,296.28,3.3,296.27,1.9,296.29,0.5,296.3,0.6
1753600000588,07:06:40.588,bitget,AAVE/USDT:USDT,296.36,3.7,296.34,0.3,296.37,7.7,296.4,7.6
1753600000738,07:06:40.738,bitget,AAVE/USDT:USDT,296.36,3.4,296.34,1.0,296.39,1.9,296.4,7.6
1753600000888,07:06:40.888,bitget,AAVE/USDT:USDT,296.36,3.4,296.34,0.7,296.38,1.1,296.39,3.8
1753600001038,07:06:41.038,bitget,AAVE/USDT:USDT,296.37,0.3,296.36,3.4,296.38,1.6,296.39,3.8
1753600001188,07:06:41.188,bitget,AAVE/USDT:USDT,296.37,0.3,296.36,2.4,296.38,0.5,296.39,7.8
1753600001338,07:06:41.338,bitget,AAVE/USDT:USDT,296.34,0.7,296.33,28.2,296.37,7.8,296.38,2.9
1753600001488,07:06:41.488,bitget,AAVE/USDT:USDT,296.34,1.2,296.33,28.2,296.36,4.5,296.37,7.3
1753600001639,07:06:41.639,bitget,AAVE/USDT:USDT,296.34,1.5,296.33,29.2,296.35,0.5,296.36,5.9
1753600001788,07:06:41.788,bitget,AAVE/USDT:USDT,296.34,1.2,296.33,29.2,296.35,0.8,296.36,6.6
1753600001939,07:06:41.939,bitget,AAVE/USDT:USDT,296.31,0.3,296.3,26.6,296.35,5.4,296.36,6.6
1753600002089,07:06:42.089,bitget,AAVE/USDT:USDT,296.31,0.8,296.3,26.6,296.32,9.6,296.33,2.3
1753600002239,07:06:42.239,bitget,AAVE/USDT:USDT,296.31,1.8,296.3,26.6,296.32,1.6,296.33,3.6
1753600002389,07:06:42.389,bitget,AAVE/USDT:USDT,296.32,1.3,296.31,1.8,296.35,2.3,296.36,6.6
1753600002539,07:06:42.539,bitget,AAVE/USDT:USDT,296.34,2.9,296.33,27.7,296.35,1.6,296.36,3.6
1753600002689,07:06:42.689,bitget,AAVE/USDT:USDT,296.34,1.6,296.33,27.7,296.35,1.0,296.36,7.6
1753600002839,07:06:42.839,bitget,AAVE/USDT:USDT,296.34,1.6,296.33,27.7,296.35,0.5,296.36,3.9
1753600002989,07:06:42.989,bitget,AAVE/USDT:USDT,296.34,1.6,296.33,27.7,296.35,0.8,296.36,3.2
1753600003139,07:06:43.139,bitget,AAVE/USDT:USDT,296.34,1.6,296.33,27.7,296.35,1.6,296.36,3.2
1753600003289,07:06:43.289,bitget,AAVE/USDT:USDT,296.34,2.6,296.33,27.7,296.35,1.0,296.36,1.9
1753600003440,07:06:43.440,bitget,AAVE/USDT:USDT,296.34,1.6,296.33,27.7,296.35,0.5,296.36,2.6
1753600003590,07:06:43.590,bitget,AAVE/USDT:USDT,296.34,1.6,296.33,28.7,296.35,1.4,296.36,2.6
1753600003740,07:06:43.740,bitget,AAVE/USDT:USDT,296.34,1.6,296.33,28.7,296.35,0.5,296.36,2.6
1753600003890,07:06:43.890,bitget,AAVE/USDT:USDT,296.34,1.6,296.33,28.7,296.35,0.5,296.36,6.6
1753600004040,07:06:44.040,bitget,AAVE/USDT:USDT,296.34,1.6,296.33,27.7,296.35,4.8,296.36,6.6
1753600004190,07:06:44.190,bitget,AAVE/USDT:USDT,296.34,1.6,296.33,27.7,296.35,0.7,296.36,7.8
1753600004340,07:06:44.340,bitget,AAVE/USDT:USDT,296.34,1.6,296.33,28.7,296.35,0.8,296.36,7.8
1753600004490,07:06:44.490,bitget,AAVE/USDT:USDT,296.35,1.3,296.34,2.3,296.37,1.9,296.38,0.5
1753600004640,07:06:44.640,bitget,AAVE/USDT:USDT,296.36,2.1,296.34,1.2,296.37,1.9,296.38,0.5
1753600004790,07:06:44.790,bitget,AAVE/USDT:USDT,296.36,0.8,296.35,2.7,296.37,2.4,296.38,4.7
1753600004940,07:06:44.940,bitget,AAVE/USDT:USDT,296.36,0.8,296.35,2.7,296.37,2.4,296.38,4.7
1753600005090,07:06:45.090,bitget,AAVE/USDT:USDT,296.36,0.8,296.35,2.7,296.37,2.4,296.38,4.7
1753600005241,07:06:45.241,bitget,AAVE/USDT:USDT,296.36,0.8,296.35,2.7,296.37,2.4,296.38,4.7
1753600005391,07:06:45.391,bitget,AAVE/USDT:USDT,296.36,0.5,296.35,2.7,296.37,2.7,296.38,4.7
1753600005541,07:06:45.541,bitget,AAVE/USDT:USDT,296.33,26.8,296.31,0.3,296.37,2.7,296.38,4.7
1753600005691,07:06:45.691,bitget,AAVE/USDT:USDT,296.31,0.3,296.3,25.8,296.34,11.7,296.35,0.3
1753600005841,07:06:45.841,bitget,AAVE/USDT:USDT,296.31,0.8,296.3,25.8,296.32,1.0,296.33,0.2
1753600005991,07:06:45.991,bitget,AAVE/USDT:USDT,296.31,0.8,296.3,26.8,296.32,0.5,296.33,3.7
1753600006141,07:06:46.141,bitget,AAVE/USDT:USDT,296.31,0.8,296.3,26.8,296.32,0.5,296.33,3.7
1753600006291,07:06:46.291,bitget,AAVE/USDT:USDT,296.31,0.8,296.3,25.8,296.32,0.5,296.33,3.7
1753600006441,07:06:46.441,bitget,AAVE/USDT:USDT,296.31,0.8,296.3,25.8,296.32,0.8,296.33,3.7
1753600006591,07:06:46.591,bitget,AAVE/USDT:USDT,296.31,0.8,296.3,25.8,296.32,0.8,296.33,3.7
1753600006741,07:06:46.741,bitget,AAVE/USDT:USDT,296.31,0.8,296.3,25.8,296.32,0.8,296.33,3.7
1753600006891,07:06:46.891,bitget,AAVE/USDT:USDT,296.31,0.5,296.3,25.8,296.32,0.5,296.33,3.7
1753600007041,07:06:47.041,bitget,AAVE/USDT:USDT,296.25,0.8,296.24,28.2,296.27,0.5,296.29,0.3
1753600007192,07:06:47.192,bitget,AAVE/USDT:USDT,296.26,1.1,296.25,0.5,296.27,5.1,296.29,8.6
1753600007342,07:06:47.342,bitget,AAVE/USDT:USDT,296.21,25.8,296.19,49.8,296.27,9.7,296.28,4.9
1753600007492,07:06:47.492,bitget,AAVE/USDT:USDT,296.21,28.2,296.19,8.3,296.22,0.8,296.25,0.3
1753600007642,07:06:47.642,bitget,AAVE/USDT:USDT,296.21,29.2,296.19,8.3,296.22,1.3,296.25,8.0
1753600007792,07:06:47.792,bitget,AAVE/USDT:USDT,296.24,25.8,296.22,1.3,296.3,0.4,296.31,0.9
1753600007942,07:06:47.942,bitget,AAVE/USDT:USDT,296.29,2.0,296.27,25.8,296.3,0.3,296.32,10.0
1753600008092,07:06:48.092,bitget,AAVE/USDT:USDT,296.29,0.8,296.27,25.8,296.3,5.3,296.31,6.9
1753600008242,07:06:48.242,bitget,AAVE/USDT:USDT,296.29,0.8,296.27,25.8,296.3,5.0,296.31,8.2
1753600008392,07:06:48.392,bitget,AAVE/USDT:USDT,296.29,1.1,296.27,25.8,296.3,5.0,296.31,10.7
1753600008542,07:06:48.542,bitget,AAVE/USDT:USDT,296.29,0.8,296.27,25.8,296.3,5.0,296.31,10.7
1753600008692,07:06:48.692,bitget,AAVE/USDT:USDT,296.29,0.8,296.27,25.8,296.3,5.0,296.31,10.7
1753600008843,07:06:48.843,bitget,AAVE/USDT:USDT,296.29,0.8,296.27,25.8,296.3,5.0,296.31,10.7
1753600008993,07:06:48.993,bitget,AAVE/USDT:USDT,296.27,25.8,296.26,0.3,296.3,1.0,296.31,10.7
1753600009143,07:06:49.143,bitget,AAVE/USDT:USDT,296.27,26.3,296.26,1.0,296.28,0.9,296.3,9.0
1753600009293,07:06:49.293,bitget,AAVE/USDT:USDT,296.27,26.3,296.26,1.0,296.28,2.2,296.3,8.8
1753600009443,07:06:49.443,bitget,AAVE/USDT:USDT,296.29,3.9,296.28,1.9,296.31,2.9,296.32,8.9
1753600009593,07:06:49.593,bitget,AAVE/USDT:USDT,296.3,3.3,296.29,2.4,296.31,0.7,296.32,1.0
1753600009743,07:06:49.743,bitget,AAVE/USDT:USDT,296.3,1.6,296.29,2.4,296.31,1.4,296.32,1.0
1753600009893,07:06:49.893,bitget,AAVE/USDT:USDT,296.3,2.6,296.29,2.4,296.31,2.4,296.32,1.0
1753600010043,07:06:50.043,bitget,AAVE/USDT:USDT,296.3,1.6,296.29,2.4,296.31,2.4,296.32,1.0
1753600010193,07:06:50.193,bitget,AAVE/USDT:USDT,296.3,2.6,296.29,2.4,296.31,2.4,296.32,3.6
1753600010343,07:06:50.343,bitget,AAVE/USDT:USDT,296.3,1.6,296.29,3.4,296.31,2.4,296.32,3.6
1753600010494,07:06:50.494,bitget,AAVE/USDT:USDT,296.3,1.6,296.29,3.4,296.31,2.4,296.32,3.2
1753600010644,07:06:50.644,bitget,AAVE/USDT:USDT,296.3,1.3,296.29,3.4,296.31,1.0,296.32,3.2
1753600010794,07:06:50.794,bitget,AAVE/USDT:USDT,296.3,1.6,296.29,2.4,296.31,1.2,296.32,6.3
1753600010944,07:06:50.944,bitget,AAVE/USDT:USDT,296.3,2.6,296.29,2.4,296.31,0.5,296.32,2.1
1753600011094,07:06:51.094,bitget,AAVE/USDT:USDT,296.3,1.6,296.29,2.4,296.31,10.3,296.32,2.1
1753600011244,07:06:51.244,bitget,AAVE/USDT:USDT,296.3,0.8,296.29,0.5,296.31,10.3,296.32,2.1
1753600011394,07:06:51.394,bitget,AAVE/USDT:USDT,296.3,0.8,296.29,0.5,296.31,6.1,296.32,2.1
1753600011544,07:06:51.544,bitget,AAVE/USDT:USDT,296.3,1.1,296.28,1.9,296.31,4.5,296.32,2.1
1753600011694,07:06:51.694,bitget,AAVE/USDT:USDT,296.3,0.8,296.28,1.9,296.31,2.0,296.32,6.1
1753600011844,07:06:51.844,bitget,AAVE/USDT:USDT,296.3,0.8,296.28,1.9,296.31,2.0,296.32,6.3
1753600011994,07:06:51.994,bitget,AAVE/USDT:USDT,296.3,0.8,296.28,1.9,296.31,0.8,296.32,6.3
1753600012144,07:06:52.144,bitget,AAVE/USDT:USDT,296.3,0.8,296.28,1.9,296.31,0.8,296.32,6.3
1753600012295,07:06:52.295,bitget,AAVE/USDT:USDT,296.3,1.1,296.29,1.0,296.31,0.5,296.32,2.1
1753600012445,07:06:52.445,bitget,AAVE/USDT:USDT,296.3,1.6,296.29,1.0,296.31,0.5,296.32,2.3
1753600012594,07:06:52.594,bitget,AAVE/USDT:USDT,296.31,1.2,296.3,2.3,296.32,0.5,296.33,0.5
1753600012745,07:06:52.745,bitget,AAVE/USDT:USDT,296.31,2.0,296.3,1.2,296.32,0.5,296.34,0.1
1753600012895,07:06:52.895,bitget,AAVE/USDT:USDT,296.33,2.0,296.32,2.9,296.34,0.4,296.35,0.9
1753600013045,07:06:53.045,bitget,AAVE/USDT:USDT,296.33,0.8,296.32,2.9,296.34,0.7,296.35,4.9
1753600013195,07:06:53.195,bitget,AAVE/USDT:USDT,296.33,0.8,296.32,2.9,296.34,0.7,296.35,4.9
1753600013345,07:06:53.345,bitget,AAVE/USDT:USDT,296.41,0.8,296.36,0.7,296.42,35.6,296.43,0.1
1753600013495,07:06:53.495,bitget,AAVE/USDT:USDT,296.36,0.7,296.35,4.9,296.41,0.8,296.42,35.8
1753600013645,07:06:53.645,bitget,AAVE/USDT:USDT,296.34,28.4,296.33,0.8,296.37,7.1,296.4,1.9
1753600013795,07:06:53.795,bitget,AAVE/USDT:USDT,296.36,1.1,296.35,1.0,296.37,3.2,296.38,4.2
1753600013945,07:06:53.945,bitget,AAVE/USDT:USDT,296.36,1.1,296.35,1.0,296.37,3.2,296.38,6.3
1753600014096,07:06:54.096,bitget,AAVE/USDT:USDT,296.36,1.1,296.35,1.0,296.37,3.0,296.38,6.3
1753600014246,07:06:54.246,bitget,AAVE/USDT:USDT,296.36,1.1,296.35,1.0,296.37,3.0,296.38,6.3
1753600014396,07:06:54.396,bitget,AAVE/USDT:USDT,296.36,1.6,296.35,4.4,296.4,6.2,296.41,13.4
1753600014546,07:06:54.546,bitget,AAVE/USDT:USDT,296.39,2.8,296.37,1.9,296.4,4.0,296.41,13.4
1753600014696,07:06:54.696,bitget,AAVE/USDT:USDT,296.39,2.8,296.37,1.9,296.4,0.8,296.41,12.4
1753600014846,07:06:54.846,bitget,AAVE/USDT:USDT,296.39,2.6,296.37,1.9,296.4,0.6,296.41,12.4
1753600014996,07:06:54.996,bitget,AAVE/USDT:USDT,296.39,1.6,296.38,1.0,296.4,1.1,296.41,12.4
1753600015146,07:06:55.146,bitget,AAVE/USDT:USDT,296.39,1.6,296.38,1.0,296.4,1.1,296.41,16.4
1753600015296,07:06:55.296,bitget,AAVE/USDT:USDT,296.39,1.6,296.38,1.0,296.4,1.4,296.41,16.4
1753600015446,07:06:55.446,bitget,AAVE/USDT:USDT,296.34,0.5,296.31,25.8,296.38,145.9,296.39,0.2
1753600015596,07:06:55.596,bitget,AAVE/USDT:USDT,296.31,25.8,296.3,1.7,296.34,0.4,296.35,12.9
1753600015746,07:06:55.746,bitget,AAVE/USDT:USDT,296.33,1.1,296.32,0.5,296.34,6.0,296.35,2.4
1753600015897,07:06:55.897,bitget,AAVE/USDT:USDT,296.33,1.6,296.32,1.5,296.34,1.2,296.35,3.1
1753600016047,07:06:56.047,bitget,AAVE/USDT:USDT,296.33,1.6,296.32,1.5,296.35,3.1,296.36,8.7
1753600016197,07:06:56.197,bitget,AAVE/USDT:USDT,296.34,0.3,296.33,3.2,296.35,3.1,296.36,8.7
1753600016347,07:06:56.347,bitget,AAVE/USDT:USDT,296.34,1.3,296.33,2.4,296.35,0.8,296.36,8.9
1753600016497,07:06:56.497,bitget,AAVE/USDT:USDT,296.34,1.6,296.33,2.4,296.35,0.5,296.36,12.7
1753600016647,07:06:56.647,bitget,AAVE/USDT:USDT,296.34,1.3,296.33,2.4,296.35,1.3,296.36,12.7
1753600016797,07:06:56.797,bitget,AAVE/USDT:USDT,296.34,1.3,296.33,2.4,296.35,1.3,296.36,12.7
1753600016947,07:06:56.947,bitget,AAVE/USDT:USDT,296.34,1.3,296.33,2.4,296.35,1.3,296.36,12.9
1753600017097,07:06:57.097,bitget,AAVE/USDT:USDT,296.34,1.3,296.33,2.4,296.35,1.3,296.36,12.9
1753600017247,07:06:57.247,bitget,AAVE/USDT:USDT,296.34,1.3,296.33,2.4,296.35,1.0,296.36,8.7
1753600017397,07:06:57.397,bitget,AAVE/USDT:USDT,296.34,1.3,296.33,1.5,296.35,0.7,296.36,11.0
1753600017547,07:06:57.547,bitget,AAVE/USDT:USDT,296.34,1.6,296.33,1.5,296.35,0.7,296.36,8.7
1753600017698,07:06:57.698,bitget,AAVE/USDT:USDT,296.34,1.6,296.33,1.5,296.35,0.5,296.36,12.7
1753600017848,07:06:57.848,bitget,AAVE/USDT:USDT,296.34,1.3,296.33,0.5,296.35,5.3,296.36,12.7
1753600017998,07:06:57.998,bitget,AAVE/USDT:USDT,296.34,1.3,296.33,0.5,296.35,5.1,296.36,12.7
1753600018148,07:06:58.148,bitget,AAVE/USDT:USDT,296.34,1.3,296.33,0.5,296.35,1.1,296.36,12.9
1753600018298,07:06:58.298,bitget,AAVE/USDT:USDT,296.34,1.3,296.33,0.5,296.35,1.1,296.36,12.9
1753600018448,07:06:58.448,bitget,AAVE/USDT:USDT,296.34,1.3,296.33,0.5,296.35,1.1,296.36,12.9
1753600018598,07:06:58.598,bitget,AAVE/USDT:USDT,296.34,1.3,296.33,1.5,296.35,1.1,296.36,8.7
1753600018748,07:06:58.748,bitget,AAVE/USDT:USDT,296.34,1.3,296.33,1.5,296.35,1.1,296.36,8.7
1753600018898,07:06:58.898,bitget,AAVE/USDT:USDT,296.34,1.3,296.33,1.5,296.35,0.8,296.36,8.7
1753600019048,07:06:59.048,bitget,AAVE/USDT:USDT,296.34,1.6,296.33,1.5,296.35,0.8,296.36,12.7
1753600019198,07:06:59.198,bitget,AAVE/USDT:USDT,296.34,1.3,296.33,1.5,296.35,0.5,296.36,8.7
1753600019348,07:06:59.348,bitget,AAVE/USDT:USDT,296.34,1.6,296.33,1.5,296.35,0.5,296.36,8.7
1753600019499,07:06:59.499,bitget,AAVE/USDT:USDT,296.34,1.6,296.33,1.5,296.35,0.5,296.36,8.7
1753600019649,07:06:59.649,bitget,AAVE/USDT:USDT,296.34,1.6,296.33,1.5,296.35,0.5,296.36,8.7
1753600019799,07:06:59.799,bitget,AAVE/USDT:USDT,296.36,0.8,296.35,3.1,296.37,4.6,296.38,5.4
1753600019949,07:06:59.949,bitget,AAVE/USDT:USDT,296.36,0.8,296.35,3.1,296.37,3.1,296.38,7.7
1753600020099,07:07:00.099,bitget,AAVE/USDT:USDT,296.36,0.8,296.35,3.1,296.37,1.2,296.38,7.5
1753600020399,07:07:00.399,bitget,AAVE/USDT:USDT,296.37,3.4,296.36,2.5,296.38,2.5,296.39,0.5
1753600020549,07:07:00.549,bitget,AAVE/USDT:USDT,296.37,2.2,296.36,2.5,296.39,0.5,296.4,3.8
1753600020699,07:07:00.699,bitget,AAVE/USDT:USDT,296.38,1.7,296.37,1.9,296.39,0.8,296.4,3.8
1753600020849,07:07:00.849,bitget,AAVE/USDT:USDT,296.38,0.5,296.36,0.5,296.39,11.1,296.4,7.1
1753600020999,07:07:00.999,bitget,AAVE/USDT:USDT,296.36,0.5,296.34,0.5,296.38,0.4,296.39,11.1
1753600021150,07:07:01.150,bitget,AAVE/USDT:USDT,296.36,0.5,296.34,0.5,296.37,2.5,296.38,7.4
1753600021299,07:07:01.299,bitget,AAVE/USDT:USDT,296.36,0.5,296.34,0.5,296.37,1.2,296.38,6.8
1753600021450,07:07:01.450,bitget,AAVE/USDT:USDT,296.36,0.8,296.35,1.0,296.37,0.9,296.38,7.7
1753600021600,07:07:01.600,bitget,AAVE/USDT:USDT,296.36,0.8,296.35,1.0,296.37,0.9,296.38,7.7
1753600021750,07:07:01.750,bitget,AAVE/USDT:USDT,296.36,0.5,296.34,0.5,296.37,5.4,296.38,3.7
1753600021900,07:07:01.900,bitget,AAVE/USDT:USDT,296.34,0.5,296.33,0.3,296.37,5.4,296.38,29.5
1753600022050,07:07:02.050,bitget,AAVE/USDT:USDT,296.34,1.5,296.31,25.8,296.35,0.5,296.36,2.3
1753600022200,07:07:02.200,bitget,AAVE/USDT:USDT,296.34,1.8,296.31,26.0,296.35,0.5,296.36,0.4
1753600022350,07:07:02.350,bitget,AAVE/USDT:USDT,296.34,0.8,296.31,26.0,296.35,0.5,296.36,0.4
1753600022500,07:07:02.500,bitget,AAVE/USDT:USDT,296.34,0.5,296.31,25.8,296.35,4.9,296.36,6.6
1753600022650,07:07:02.650,bitget,AAVE/USDT:USDT,296.31,25.8,296.3,0.7,296.35,4.9,296.36,7.2
1753600022800,07:07:02.800,bitget,AAVE/USDT:USDT,296.32,0.5,296.31,27.7,296.33,0.4,296.35,6.9
1753600022950,07:07:02.950,bitget,AAVE/USDT:USDT,296.32,1.3,296.31,27.7,296.33,0.5,296.35,13.6
1753600023101,07:07:03.101,bitget,AAVE/USDT:USDT,296.32,2.6,296.31,27.7,296.33,0.5,296.35,13.6
1753600023251,07:07:03.251,bitget,AAVE/USDT:USDT,296.32,2.6,296.31,27.7,296.33,0.5,296.35,2.5
1753600023401,07:07:03.401,bitget,AAVE/USDT:USDT,296.32,2.6,296.31,27.7,296.33,0.5,296.35,0.5
1753600023551,07:07:03.551,bitget,AAVE/USDT:USDT,296.32,2.6,296.31,27.7,296.33,0.5,296.35,0.5
1753600023701,07:07:03.701,bitget,AAVE/USDT:USDT,296.32,2.6,296.31,27.7,296.33,0.5,296.35,0.5
1753600023851,07:07:03.851,bitget,AAVE/USDT:USDT,296.34,0.8,296.32,4.2,296.35,0.5,296.36,0.4
1753600024001,07:07:04.001,bitget,AAVE/USDT:USDT,296.34,0.5,296.32,3.4,296.35,5.0,296.36,0.4
1753600024151,07:07:04.151,bitget,AAVE/USDT:USDT,296.34,0.5,296.32,3.4,296.35,8.8,296.36,2.6
1753600024301,07:07:04.301,bitget,AAVE/USDT:USDT,296.34,0.8,296.32,3.4,296.35,4.5,296.36,2.4
1753600024452,07:07:04.452,bitget,AAVE/USDT:USDT,296.34,0.8,296.32,3.4,296.35,0.5,296.36,2.4
1753600024601,07:07:04.601,bitget,AAVE/USDT:USDT,296.34,0.8,296.32,3.4,296.35,0.5,296.36,6.6
1753600024752,07:07:04.752,bitget,AAVE/USDT:USDT,296.34,0.8,296.32,3.4,296.35,4.8,296.36,6.6
1753600024902,07:07:04.902,bitget,AAVE/USDT:USDT,296.34,0.5,296.32,3.4,296.35,4.8,296.36,6.6
1753600025052,07:07:05.052,bitget,AAVE/USDT:USDT,296.34,0.8,296.32,3.4,296.35,0.5,296.36,2.4
1753600025202,07:07:05.202,bitget,AAVE/USDT:USDT,296.34,0.8,296.32,3.4,296.35,0.5,296.36,2.4
1753600025352,07:07:05.352,bitget,AAVE/USDT:USDT,296.34,0.8,296.32,3.4,296.35,0.5,296.36,0.4
1753600025502,07:07:05.502,bitget,AAVE/USDT:USDT,296.34,0.8,296.32,3.4,296.35,0.5,296.36,0.4
1753600025652,07:07:05.652,bitget,AAVE/USDT:USDT,296.34,0.8,296.32,3.4,296.36,0.4,296.37,3.9
1753600025802,07:07:05.802,bitget,AAVE/USDT:USDT,296.35,0.3,296.34,2.4,296.36,4.9,296.37,3.9
1753600025952,07:07:05.952,bitget,AAVE/USDT:USDT,296.35,0.5,296.34,0.5,296.36,0.9,296.37,4.1
1753600026102,07:07:06.102,bitget,AAVE/USDT:USDT,296.35,0.5,296.34,0.5,296.36,5.2,296.37,8.1
1753600026252,07:07:06.252,bitget,AAVE/USDT:USDT,296.35,0.5,296.34,0.5,296.36,5.2,296.37,15.4
1753600026402,07:07:06.402,bitget,AAVE/USDT:USDT,296.35,0.8,296.34,0.5,296.36,0.9,296.37,15.4
1753600026553,07:07:06.553,bitget,AAVE/USDT:USDT,296.35,0.8,296.34,0.5,296.36,5.2,296.37,15.4
1753600026703,07:07:06.703,bitget,AAVE/USDT:USDT,296.35,0.5,296.34,0.5,296.36,5.2,296.37,15.4
1753600026853,07:07:06.853,bitget,AAVE/USDT:USDT,296.35,0.5,296.34,0.5,296.36,6.5,296.37,15.4
1753600027003,07:07:07.003,bitget,AAVE/USDT:USDT,296.34,0.5,296.32,3.7,296.36,6.5,296.37,15.4
1753600027153,07:07:07.153,bitget,AAVE/USDT:USDT,296.34,0.5,296.32,3.7,296.35,1.6,296.36,8.4
1753600027303,07:07:07.303,bitget,AAVE/USDT:USDT,296.34,0.5,296.32,3.7,296.35,6.4,296.36,4.1
1753600027453,07:07:07.453,bitget,AAVE/USDT:USDT,296.34,0.8,296.32,3.4,296.35,6.1,296.36,4.1
1753600027603,07:07:07.603,bitget,AAVE/USDT:USDT,296.34,1.6,296.32,3.4,296.37,10.7,296.38,26.7
1753600027753,07:07:07.753,bitget,AAVE/USDT:USDT,296.37,1.5,296.36,3.2,296.39,0.4,296.4,2.6
1753600027903,07:07:07.903,bitget,AAVE/USDT:USDT,296.38,2.5,296.36,2.4,296.39,1.2,296.4,2.6
1753600028053,07:07:08.053,bitget,AAVE/USDT:USDT,296.38,0.8,296.36,0.5,296.39,10.2,296.4,5.3
1753600028204,07:07:08.204,bitget,AAVE/USDT:USDT,296.38,1.6,296.36,0.5,296.39,10.2,296.4,5.3
1753600028354,07:07:08.354,bitget,AAVE/USDT:USDT,296.38,0.5,296.36,0.5,296.39,10.4,296.4,5.3
1753600028504,07:07:08.504,bitget,AAVE/USDT:USDT,296.38,0.8,296.36,0.5,296.39,10.4,296.4,5.3
1753600028804,07:07:08.804,bitget,AAVE/USDT:USDT,296.38,0.5,296.36,0.5,296.39,10.4,296.4,5.3
1753600028954,07:07:08.954,bitget,AAVE/USDT:USDT,296.38,0.5,296.36,0.5,296.39,10.4,296.4,5.5
1753600029104,07:07:09.104,bitget,AAVE/USDT:USDT,296.38,1.3,296.36,0.5,296.39,8.9,296.4,5.3
1753600029254,07:07:09.254,bitget,AAVE/USDT:USDT,296.38,0.5,296.36,0.5,296.39,9.1,296.4,5.3
1753600029404,07:07:09.404,bitget,AAVE/USDT:USDT,296.36,0.5,296.34,0.5,296.38,0.4,296.39,9.3
1753600029554,07:07:09.554,bitget,AAVE/USDT:USDT,296.34,0.5,296.33,1.0,296.37,8.1,296.38,2.3
1753600029704,07:07:09.704,bitget,AAVE/USDT:USDT,296.34,0.5,296.33,1.0,296.35,0.5,296.36,0.4
1753600029854,07:07:09.854,bitget,AAVE/USDT:USDT,296.34,1.6,296.33,2.0,296.35,0.5,296.36,0.4
1753600030004,07:07:10.004,bitget,AAVE/USDT:USDT,296.34,1.6,296.33,2.0,296.35,0.5,296.36,0.4
1753600030155,07:07:10.155,bitget,AAVE/USDT:USDT,296.34,1.6,296.33,2.0,296.35,0.5,296.36,0.4
1753600030305,07:07:10.305,bitget,AAVE/USDT:USDT,296.34,1.3,296.33,2.0,296.35,0.8,296.36,0.4
1753600030455,07:07:10.455,bitget,AAVE/USDT:USDT,296.34,1.3,296.33,2.0,296.35,0.8,296.36,0.4
1753600030605,07:07:10.605,bitget,AAVE/USDT:USDT,296.34,1.6,296.33,2.0,296.35,0.8,296.36,0.4
1753600030755,07:07:10.755,bitget,AAVE/USDT:USDT,296.34,1.3,296.33,2.0,296.35,0.8,296.36,0.4
1753600030905,07:07:10.905,bitget,AAVE/USDT:USDT,296.34,0.8,296.33,1.0,296.35,9.4,296.36,2.4
1753600031055,07:07:11.055,bitget,AAVE/USDT:USDT,296.34,0.8,296.33,1.0,296.35,5.2,296.36,5.3
1753600031205,07:07:11.205,bitget,AAVE/USDT:USDT,296.34,1.6,296.33,2.0,296.35,0.2,296.36,7.4
1753600031355,07:07:11.355,bitget,AAVE/USDT:USDT,296.34,1.6,296.33,2.0,296.36,2.7,296.37,5.8
1753600031505,07:07:11.505,bitget,AAVE/USDT:USDT,296.35,1.5,296.34,1.3,296.37,6.6,296.38,35.2
1753600031655,07:07:11.655,bitget,AAVE/USDT:USDT,296.36,1.7,296.35,0.3,296.37,15.6,296.38,28.1
1753600031806,07:07:11.806,bitget,AAVE/USDT:USDT,296.36,1.3,296.34,0.5,296.37,14.6,296.38,29.5
1753600031956,07:07:11.956,bitget,AAVE/USDT:USDT,296.36,1.3,296.34,0.5,296.37,14.6,296.38,29.5
1753600032106,07:07:12.106,bitget,AAVE/USDT:USDT,296.36,1.3,296.34,0.5,296.37,14.6,296.38,29.5
1753600032256,07:07:12.256,bitget,AAVE/USDT:USDT,296.36,1.6,296.35,1.0,296.37,6.4,296.38,29.5
1753600032406,07:07:12.406,bitget,AAVE/USDT:USDT,296.36,1.6,296.35,1.0,296.37,7.1,296.38,29.4
1753600032556,07:07:12.556,bitget,AAVE/USDT:USDT,296.36,1.6,296.35,1.0,296.37,7.1,296.38,29.4
1753600032706,07:07:12.706,bitget,AAVE/USDT:USDT,296.36,1.3,296.34,0.5,296.37,5.8,296.38,29.4
1753600032856,07:07:12.856,bitget,AAVE/USDT:USDT,296.36,1.3,296.34,0.5,296.37,5.8,296.38,29.4
1753600033006,07:07:13.006,bitget,AAVE/USDT:USDT,296.36,1.3,296.34,0.5,296.37,9.8,296.38,29.4
1753600033156,07:07:13.156,bitget,AAVE/USDT:USDT,296.36,1.3,296.34,0.5,296.37,1.8,296.38,29.4
1753600033306,07:07:13.306,bitget,AAVE/USDT:USDT,296.36,1.3,296.34,0.5,296.37,2.1,296.38,33.4
1753600033456,07:07:13.456,bitget,AAVE/USDT:USDT,296.36,1.6,296.35,1.0,296.37,1.1,296.38,3.5
1753600033607,07:07:13.607,bitget,AAVE/USDT:USDT,296.36,0.8,296.34,0.5,296.37,9.1,296.38,1.1
1753600033757,07:07:13.757,bitget,AAVE/USDT:USDT,296.27,25.8,296.25,19.2,296.32,6.8,296.34,1.0
1753600033907,07:07:13.907,bitget,AAVE/USDT:USDT,296.28,0.5,296.27,2.4,296.32,6.4,296.33,2.7
1753600034057,07:07:14.057,bitget,AAVE/USDT:USDT,296.29,0.3,296.28,4.4,296.36,36.3,296.37,1.4
1753600034207,07:07:14.207,bitget,AAVE/USDT:USDT,296.31,1.2,296.3,28.2,296.36,38.6,296.37,1.4
1753600034357,07:07:14.357,bitget,AAVE/USDT:USDT,296.35,1.3,296.32,1.9,296.36,34.6,296.37,3.8
1753600034507,07:07:14.507,bitget,AAVE/USDT:USDT,296.3,26.3,296.27,25.8,296.33,12.5,296.35,0.5
1753600034657,07:07:14.657,bitget,AAVE/USDT:USDT,296.3,0.5,296.27,25.8,296.31,2.5,296.32,0.2
1753600034807,07:07:14.807,bitget,AAVE/USDT:USDT,296.3,1.6,296.29,1.0,296.31,0.5,296.32,3.8
1753600034957,07:07:14.957,bitget,AAVE/USDT:USDT,296.3,1.6,296.29,1.0,296.31,0.5,296.32,1.1
1753600035107,07:07:15.107,bitget,AAVE/USDT:USDT,296.3,0.8,296.27,25.8,296.31,1.0,296.32,5.1
1753600035257,07:07:15.257,bitget,AAVE/USDT:USDT,296.3,1.3,296.29,1.0,296.31,0.8,296.32,11.4
1753600035408,07:07:15.408,bitget,AAVE/USDT:USDT,296.3,1.3,296.27,25.8,296.31,0.8,296.32,11.4
1753600035558,07:07:15.558,bitget,AAVE/USDT:USDT,296.3,1.3,296.29,1.0,296.31,0.8,296.32,11.4
1753600035708,07:07:15.708,bitget,AAVE/USDT:USDT,296.3,1.3,296.27,25.8,296.31,9.0,296.32,11.4
1753600035858,07:07:15.858,bitget,AAVE/USDT:USDT,296.3,1.6,296.29,1.0,296.31,8.7,296.32,11.4
1753600036008,07:07:16.008,bitget,AAVE/USDT:USDT,296.3,1.6,296.27,25.8,296.31,0.7,296.32,15.4
1753600036158,07:07:16.158,bitget,AAVE/USDT:USDT,296.3,1.6,296.27,25.8,296.31,1.0,296.32,15.4
1753600036308,07:07:16.308,bitget,AAVE/USDT:USDT,296.3,1.6,296.29,1.0,296.31,0.8,296.32,11.1
1753600036458,07:07:16.458,bitget,AAVE/USDT:USDT,296.3,1.3,296.27,25.8,296.31,1.0,296.32,11.3
1753600036608,07:07:16.608,bitget,AAVE/USDT:USDT,296.3,1.3,296.27,25.8,296.31,1.0,296.32,15.3
1753600036758,07:07:16.758,bitget,AAVE/USDT:USDT,296.3,1.3,296.27,25.8,296.31,5.0,296.32,15.3
1753600036908,07:07:16.908,bitget,AAVE/USDT:USDT,296.3,1.3,296.27,25.8,296.31,5.0,296.32,15.3
1753600037059,07:07:17.059,bitget,AAVE/USDT:USDT,296.3,1.3,296.27,25.8,296.31,5.0,296.32,15.3
1753600037209,07:07:17.209,bitget,AAVE/USDT:USDT,296.3,1.3,296.27,25.8,296.31,5.0,296.32,15.5
1753600037358,07:07:17.358,bitget,AAVE/USDT:USDT,296.3,1.3,296.27,25.8,296.31,5.2,296.32,15.5
1753600037509,07:07:17.509,bitget,AAVE/USDT:USDT,296.3,1.3,296.27,25.8,296.31,5.2,296.32,15.3
1753600037659,07:07:17.659,bitget,AAVE/USDT:USDT,296.3,1.3,296.27,25.8,296.31,5.0,296.32,15.3
1753600037809,07:07:17.809,bitget,AAVE/USDT:USDT,296.3,1.3,296.27,25.8,296.31,5.0,296.32,11.3
1753600037959,07:07:17.959,bitget,AAVE/USDT:USDT,296.3,1.3,296.27,25.8,296.31,0.7,296.32,15.3
1753600038109,07:07:18.109,bitget,AAVE/USDT:USDT,296.3,1.3,296.27,25.8,296.31,1.0,296.32,15.3
1753600038259,07:07:18.259,bitget,AAVE/USDT:USDT,296.3,1.3,296.27,25.8,296.32,11.6,296.33,37.4
1753600038409,07:07:18.409,bitget,AAVE/USDT:USDT,296.3,1.3,296.27,25.8,296.31,1.2,296.32,16.1
1753600038559,07:07:18.559,bitget,AAVE/USDT:USDT,296.3,1.3,296.27,25.8,296.31,1.4,296.32,16.1
1753600038709,07:07:18.709,bitget,AAVE/USDT:USDT,296.3,1.3,296.27,25.8,296.31,1.4,296.32,16.1
1753600038859,07:07:18.859,bitget,AAVE/USDT:USDT,296.3,1.3,296.27,25.8,296.31,1.2,296.32,16.1
1753600039010,07:07:19.010,bitget,AAVE/USDT:USDT,296.3,1.3,296.27,25.8,296.31,1.2,296.32,16.1
1753600039160,07:07:19.160,bitget,AAVE/USDT:USDT,296.3,1.3,296.27,25.8,296.31,1.2,296.32,16.1
1753600039310,07:07:19.310,bitget,AAVE/USDT:USDT,296.3,1.3,296.27,25.8,296.32,8.1,296.33,36.9
1753600039460,07:07:19.460,bitget,AAVE/USDT:USDT,296.3,1.3,296.27,25.8,296.32,12.1,296.33,29.8
1753600039610,07:07:19.610,bitget,AAVE/USDT:USDT,296.3,1.3,296.27,25.8,296.32,12.1,296.33,29.8
1753600039760,07:07:19.760,bitget,AAVE/USDT:USDT,296.3,1.3,296.27,25.8,296.32,12.1,296.33,29.8
1753600039910,07:07:19.910,bitget,AAVE/USDT:USDT,296.3,1.3,296.27,25.8,296.32,13.8,296.33,29.8
1753600040060,07:07:20.060,bitget,AAVE/USDT:USDT,296.3,1.3,296.27,25.8,296.32,14.0,296.33,29.8
1753600040210,07:07:20.210,bitget,AAVE/USDT:USDT,296.3,1.3,296.27,25.8,296.32,18.0,296.33,29.8
1753600040360,07:07:20.360,bitget,AAVE/USDT:USDT,296.3,1.3,296.27,25.8,296.31,4.0,296.32,14.0
1753600040510,07:07:20.510,bitget,AAVE/USDT:USDT,296.3,1.3,296.27,25.8,296.31,4.5,296.32,14.0
1753600040660,07:07:20.660,bitget,AAVE/USDT:USDT,296.3,1.3,296.27,25.8,296.31,4.5,296.32,14.0
1753600040811,07:07:20.811,bitget,AAVE/USDT:USDT,296.3,1.3,296.27,25.8,296.31,4.5,296.32,14.0
1753600040961,07:07:20.961,bitget,AAVE/USDT:USDT,296.3,1.3,296.27,25.8,296.31,4.5,296.32,14.0
1753600041111,07:07:21.111,bitget,AAVE/USDT:USDT,296.3,1.3,296.27,25.8,296.31,4.5,296.32,14.0
1753600041261,07:07:21.261,bitget,AAVE/USDT:USDT,296.3,1.3,296.27,25.8,296.31,4.5,296.32,14.0
1753600041411,07:07:21.411,bitget,AAVE/USDT:USDT,296.3,1.6,296.29,1.0,296.31,0.5,296.32,14.0
1753600041561,07:07:21.561,bitget,AAVE/USDT:USDT,296.3,1.3,296.29,1.0,296.31,0.8,296.32,14.0
1753600041711,07:07:21.711,bitget,AAVE/USDT:USDT,296.3,1.3,296.29,1.0,296.31,0.8,296.32,14.0
1753600041861,07:07:21.861,bitget,AAVE/USDT:USDT,296.3,1.3,296.27,25.8,296.31,0.8,296.32,14.0
1753600042011,07:07:22.011,bitget,AAVE/USDT:USDT,296.3,1.3,296.27,25.8,296.31,0.8,296.32,14.0
1753600042161,07:07:22.161,bitget,AAVE/USDT:USDT,296.3,1.3,296.27,25.8,296.31,0.8,296.32,14.0
1753600042311,07:07:22.311,bitget,AAVE/USDT:USDT,296.3,1.3,296.27,25.8,296.31,0.8,296.32,14.0
1753600042462,07:07:22.462,bitget,AAVE/USDT:USDT,296.3,1.3,296.27,25.8,296.31,0.8,296.32,14.0
1753600042612,07:07:22.612,bitget,AAVE/USDT:USDT,296.3,1.3,296.27,25.8,296.31,4.8,296.32,14.0
1753600042762,07:07:22.762,bitget,AAVE/USDT:USDT,296.3,1.3,296.27,25.8,296.31,4.8,296.32,14.0
1753600042911,07:07:22.911,bitget,AAVE/USDT:USDT,296.3,1.3,296.27,25.8,296.31,4.5,296.32,14.0
1753600043061,07:07:23.061,bitget,AAVE/USDT:USDT,296.27,25.8,296.26,0.3,296.31,4.5,296.32,14.0
1753600043212,07:07:23.212,bitget,AAVE/USDT:USDT,296.28,0.5,296.27,25.8,296.3,2.4,296.31,8.4
1753600043362,07:07:23.362,bitget,AAVE/USDT:USDT,296.28,0.5,296.27,26.8,296.29,1.2,296.3,6.4
1753600043512,07:07:23.512,bitget,AAVE/USDT:USDT,296.28,0.5,296.27,26.8,296.29,1.2,296.3,6.4
1753600043662,07:07:23.662,bitget,AAVE/USDT:USDT,296.21,44.8,296.2,8.8,296.28,0.9,296.29,9.4
1753600043812,07:07:23.812,bitget,AAVE/USDT:USDT,296.23,0.3,296.22,0.5,296.24,0.4,296.27,5.9
1753600043962,07:07:23.962,bitget,AAVE/USDT:USDT,296.23,3.5,296.22,1.5,296.26,2.0,296.27,14.0
1753600044112,07:07:24.112,bitget,AAVE/USDT:USDT,296.24,0.3,296.23,3.2,296.26,4.8,296.27,5.9
1753600044263,07:07:24.263,bitget,AAVE/USDT:USDT,296.24,0.8,296.23,2.4,296.25,1.2,296.26,2.3
1753600044413,07:07:24.413,bitget,AAVE/USDT:USDT,296.24,0.8,296.23,2.4,296.25,9.2,296.26,2.3
1753600044563,07:07:24.563,bitget,AAVE/USDT:USDT,296.24,0.5,296.23,2.4,296.25,9.2,296.26,2.5
1753600044713,07:07:24.713,bitget,AAVE/USDT:USDT,296.24,1.6,296.23,2.4,296.25,5.2,296.26,2.3
1753600044863,07:07:24.863,bitget,AAVE/USDT:USDT,296.24,1.6,296.23,2.4,296.25,4.9,296.26,6.3
1753600045013,07:07:25.013,bitget,AAVE/USDT:USDT,296.24,1.6,296.23,2.4,296.25,4.5,296.26,6.3
1753600045163,07:07:25.163,bitget,AAVE/USDT:USDT,296.24,1.3,296.23,2.4,296.25,4.5,296.26,6.3
1753600045313,07:07:25.313,bitget,AAVE/USDT:USDT,296.24,1.6,296.23,2.4,296.25,4.5,296.26,6.3
1753600045463,07:07:25.463,bitget,AAVE/USDT:USDT,296.24,1.3,296.23,2.4,296.25,4.5,296.26,6.3
1753600045613,07:07:25.613,bitget,AAVE/USDT:USDT,296.24,1.3,296.23,2.4,296.25,4.5,296.26,6.3
1753600045763,07:07:25.763,bitget,AAVE/USDT:USDT,296.24,1.6,296.23,2.4,296.25,4.5,296.26,6.3
1753600045914,07:07:25.914,bitget,AAVE/USDT:USDT,296.24,1.6,296.23,2.4,296.25,4.5,296.26,6.5
1753600046064,07:07:26.064,bitget,AAVE/USDT:USDT,296.24,1.6,296.23,2.4,296.25,4.5,296.26,6.5
1753600046214,07:07:26.214,bitget,AAVE/USDT:USDT,296.24,1.6,296.23,2.4,296.25,4.5,296.26,6.5
1753600046364,07:07:26.364,bitget,AAVE/USDT:USDT,296.24,1.6,296.23,3.1,296.25,0.5,296.26,2.3
1753600046514,07:07:26.514,bitget,AAVE/USDT:USDT,296.24,1.6,296.23,3.1,296.25,0.5,296.26,2.3
1753600046664,07:07:26.664,bitget,AAVE/USDT:USDT,296.24,1.6,296.23,3.1,296.25,0.5,296.26,2.3
1753600046814,07:07:26.814,bitget,AAVE/USDT:USDT,296.24,1.6,296.23,3.1,296.25,0.5,296.26,2.3
1753600046964,07:07:26.964,bitget,AAVE/USDT:USDT,296.24,1.6,296.23,3.1,296.25,0.5,296.26,2.3
1753600047114,07:07:27.114,bitget,AAVE/USDT:USDT,296.24,1.6,296.23,3.1,296.25,0.5,296.26,2.3
1753600047264,07:07:27.264,bitget,AAVE/USDT:USDT,296.24,1.3,296.23,3.1,296.25,0.8,296.26,2.3
1753600047414,07:07:27.414,bitget,AAVE/USDT:USDT,296.24,1.3,296.23,3.1,296.25,0.8,296.26,2.3
1753600047565,07:07:27.565,bitget,AAVE/USDT:USDT,296.21,25.8,296.19,28.6,296.25,9.7,296.26,5.6
1753600047715,07:07:27.715,bitget,AAVE/USDT:USDT,296.21,26.3,296.2,1.0,296.22,1.2,296.23,0.4
1753600047865,07:07:27.865,bitget,AAVE/USDT:USDT,296.21,26.3,296.2,1.0,296.22,5.2,296.23,1.0
1753600048015,07:07:28.015,bitget,AAVE/USDT:USDT,296.21,26.3,296.2,1.0,296.22,9.2,296.23,3.9
1753600048165,07:07:28.165,bitget,AAVE/USDT:USDT,296.18,37.1,296.17,0.5,296.22,9.2,296.23,3.9
1753600048315,07:07:28.315,bitget,AAVE/USDT:USDT,296.19,1.8,296.18,39.0,296.2,0.5,296.21,4.7
1753600048465,07:07:28.465,bitget,AAVE/USDT:USDT,296.19,1.8,296.18,39.0,296.2,0.5,296.21,4.7
1753600048615,07:07:28.615,bitget,AAVE/USDT:USDT,296.19,0.8,296.18,39.0,296.2,0.5,296.21,4.7
1753600048765,07:07:28.765,bitget,AAVE/USDT:USDT,296.19,1.8,296.18,39.0,296.2,0.5,296.21,4.4
1753600048915,07:07:28.915,bitget,AAVE/USDT:USDT,296.19,2.8,296.18,41.9,296.2,0.5,296.22,2.6
1753600049065,07:07:29.065,bitget,AAVE/USDT:USDT,296.2,1.2,296.19,2.8,296.22,0.5,296.23,0.6
1753600049215,07:07:29.215,bitget,AAVE/USDT:USDT,296.21,0.5,296.2,1.5,296.22,0.8,296.23,0.6
1753600049366,07:07:29.366,bitget,AAVE/USDT:USDT,296.21,1.3,296.2,1.5,296.22,0.8,296.23,2.6
1753600049516,07:07:29.516,bitget,AAVE/USDT:USDT,296.21,1.3,296.2,1.2,296.22,1.8,296.23,2.8
1753600049666,07:07:29.666,bitget,AAVE/USDT:USDT,296.21,1.6,296.2,1.2,296.22,0.5,296.23,2.6
1753600049816,07:07:29.816,bitget,AAVE/USDT:USDT,296.21,1.6,296.2,1.2,296.22,0.5,296.23,2.6
1753600049966,07:07:29.966,bitget,AAVE/USDT:USDT,296.21,1.6,296.2,1.2,296.22,1.6,296.23,2.6
1753600050116,07:07:30.116,bitget,AAVE/USDT:USDT,296.21,1.3,296.2,1.2,296.22,1.9,296.23,2.6
1753600050266,07:07:30.266,bitget,AAVE/USDT:USDT,296.21,1.6,296.2,1.2,296.22,0.8,296.23,2.6
1753600050416,07:07:30.416,bitget,AAVE/USDT:USDT,296.25,1.7,296.24,0.3,296.26,0.6,296.27,2.1
1753600050566,07:07:30.566,bitget,AAVE/USDT:USDT,296.25,0.5,296.24,0.3,296.26,9.7,296.27,1.9
1753600050716,07:07:30.716,bitget,AAVE/USDT:USDT,296.25,0.5,296.23,2.6,296.26,9.7,296.27,2.1
1753600050866,07:07:30.866,bitget,AAVE/USDT:USDT,296.23,0.7,296.22,25.8,296.26,9.7,296.27,2.1
1753600051016,07:07:31.016,bitget,AAVE/USDT:USDT,296.21,0.5,296.2,0.3,296.24,8.6,296.25,1.9
1753600051167,07:07:31.167,bitget,AAVE/USDT:USDT,296.21,0.8,296.19,13.5,296.22,0.4,296.24,8.4
1753600051317,07:07:31.317,bitget,AAVE/USDT:USDT,296.22,0.8,296.21,1.5,296.23,0.4,296.24,4.2
1753600051467,07:07:31.467,bitget,AAVE/USDT:USDT,296.22,0.8,296.21,1.5,296.24,3.0,296.25,9.0
1753600051617,07:07:31.617,bitget,AAVE/USDT:USDT,296.22,0.8,296.21,1.5,296.24,4.8,296.25,1.9
1753600051767,07:07:31.767,bitget,AAVE/USDT:USDT,296.23,1.1,296.22,2.4,296.24,0.5,296.25,4.2
1753600051917,07:07:31.917,bitget,AAVE/USDT:USDT,296.24,0.8,296.23,3.5,296.28,4.0,296.29,13.9
1753600052067,07:07:32.067,bitget,AAVE/USDT:USDT,296.25,0.5,296.24,1.3,296.26,4.7,296.27,6.5
1753600052217,07:07:32.217,bitget,AAVE/USDT:USDT,296.25,0.5,296.24,1.5,296.26,0.7,296.27,7.5
1753600052367,07:07:32.367,bitget,AAVE/USDT:USDT,296.25,1.3,296.24,0.5,296.26,4.7,296.27,6.5
1753600052517,07:07:32.517,bitget,AAVE/USDT:USDT,296.25,0.8,296.24,0.5,296.26,4.7,296.27,6.5
1753600052667,07:07:32.667,bitget,AAVE/USDT:USDT,296.25,0.8,296.24,0.5,296.26,4.7,296.27,7.0
1753600052818,07:07:32.818,bitget,AAVE/USDT:USDT,296.25,0.8,296.24,0.5,296.26,4.7,296.27,7.0
1753600052968,07:07:32.968,bitget,AAVE/USDT:USDT,296.25,0.8,296.24,0.5,296.26,4.7,296.27,7.0
1753600053118,07:07:33.118,bitget,AAVE/USDT:USDT,296.25,0.8,296.24,0.5,296.26,4.7,296.27,6.5
1753600053268,07:07:33.268,bitget,AAVE/USDT:USDT,296.25,1.3,296.24,1.5,296.26,0.7,296.27,6.5
1753600053418,07:07:33.418,bitget,AAVE/USDT:USDT,296.25,1.3,296.24,0.5,296.26,0.4,296.27,6.5
1753600053568,07:07:33.568,bitget,AAVE/USDT:USDT,296.26,0.3,296.25,1.3,296.27,5.9,296.28,1.7
1753600053718,07:07:33.718,bitget,AAVE/USDT:USDT,296.26,0.5,296.25,0.5,296.27,2.2,296.28,1.7
1753600053868,07:07:33.868,bitget,AAVE/USDT:USDT,296.26,0.8,296.25,0.5,296.27,6.2,296.28,7.9
1753600054018,07:07:34.018,bitget,AAVE/USDT:USDT,296.26,0.5,296.25,0.5,296.27,6.2,296.28,7.9
1753600054168,07:07:34.168,bitget,AAVE/USDT:USDT,296.26,0.5,296.25,0.5,296.27,6.2,296.28,7.9
1753600054318,07:07:34.318,bitget,AAVE/USDT:USDT,296.26,0.5,296.25,0.5,296.27,6.2,296.28,7.9
1753600054468,07:07:34.468,bitget,AAVE/USDT:USDT,296.26,0.5,296.25,0.5,296.27,6.2,296.28,7.9
1753600054619,07:07:34.619,bitget,AAVE/USDT:USDT,296.26,0.5,296.25,0.5,296.27,6.2,296.28,7.9
1753600054769,07:07:34.769,bitget,AAVE/USDT:USDT,296.25,0.5,296.24,0.5,296.27,6.4,296.28,7.9
1753600054919,07:07:34.919,bitget,AAVE/USDT:USDT,296.25,0.5,296.24,0.5,296.26,0.4,296.27,8.0
1753600055069,07:07:35.069,bitget,AAVE/USDT:USDT,296.24,0.5,296.23,1.9,296.26,4.7,296.27,3.7
1753600055219,07:07:35.219,bitget,AAVE/USDT:USDT,296.24,0.5,296.23,1.9,296.25,0.4,296.26,2.6
1753600055369,07:07:35.369,bitget,AAVE/USDT:USDT,296.24,0.5,296.23,1.9,296.25,0.7,296.26,1.9
1753600055519,07:07:35.519,bitget,AAVE/USDT:USDT,296.24,0.8,296.23,2.9,296.25,0.7,296.26,1.9
1753600055669,07:07:35.669,bitget,AAVE/USDT:USDT,296.24,0.5,296.23,2.9,296.25,0.7,296.26,1.9
1753600055819,07:07:35.819,bitget,AAVE/USDT:USDT,296.24,0.5,296.23,2.9,296.26,4.6,296.27,10.6
1753600055969,07:07:35.969,bitget,AAVE/USDT:USDT,296.24,0.5,296.23,2.9,296.25,0.3,296.26,4.6
1753600056119,07:07:36.119,bitget,AAVE/USDT:USDT,296.24,0.5,296.23,2.9,296.25,0.3,296.26,1.9
1753600056269,07:07:36.269,bitget,AAVE/USDT:USDT,296.24,0.8,296.23,2.9,296.25,0.3,296.26,4.6
1753600056420,07:07:36.420,bitget,AAVE/USDT:USDT,296.24,0.5,296.23,2.9,296.25,0.3,296.26,4.6
1753600056570,07:07:36.570,bitget,AAVE/USDT:USDT,296.24,0.5,296.23,2.9,296.25,0.3,296.26,4.6
1753600056720,07:07:36.720,bitget,AAVE/USDT:USDT,296.24,0.5,296.23,2.9,296.25,0.3,296.26,4.6
1753600056870,07:07:36.870,bitget,AAVE/USDT:USDT,296.24,0.5,296.23,2.9,296.25,0.3,296.26,4.6
1753600057020,07:07:37.020,bitget,AAVE/USDT:USDT,296.24,0.5,296.23,2.9,296.25,0.3,296.26,4.6
1753600057170,07:07:37.170,bitget,AAVE/USDT:USDT,296.24,1.8,296.23,1.9,296.25,0.3,296.26,4.6
1753600057320,07:07:37.320,bitget,AAVE/USDT:USDT,296.24,1.8,296.23,2.6,296.28,1.7,296.29,11.8
1753600057470,07:07:37.470,bitget,AAVE/USDT:USDT,296.27,2.5,296.26,0.3,296.28,1.7,296.29,11.8
1753600057620,07:07:37.620,bitget,AAVE/USDT:USDT,296.27,2.8,296.25,27.7,296.28,1.7,296.29,11.8
1753600057770,07:07:37.770,bitget,AAVE/USDT:USDT,296.27,2.8,296.25,27.7,296.28,1.7,296.29,11.8
1753600057920,07:07:37.920,bitget,AAVE/USDT:USDT,296.27,2.8,296.25,27.7,296.28,1.7,296.29,11.8
1753600058070,07:07:38.070,bitget,AAVE/USDT:USDT,296.27,1.6,296.25,27.7,296.28,1.7,296.29,11.8
1753600058220,07:07:38.220,bitget,AAVE/USDT:USDT,296.27,1.6,296.25,27.7,296.28,1.7,296.29,11.8
1753600058371,07:07:38.371,bitget,AAVE/USDT:USDT,296.27,1.6,296.25,27.7,296.28,1.7,296.29,11.8
1753600058521,07:07:38.521,bitget,AAVE/USDT:USDT,296.27,1.6,296.25,27.7,296.28,1.7,296.29,11.8
1753600058671,07:07:38.671,bitget,AAVE/USDT:USDT,296.27,1.3,296.25,27.7,296.28,1.3,296.29,12.0
1753600058821,07:07:38.821,bitget,AAVE/USDT:USDT,296.27,1.3,296.25,27.7,296.28,1.5,296.29,11.8
1753600058971,07:07:38.971,bitget,AAVE/USDT:USDT,296.27,1.6,296.25,27.7,296.28,1.2,296.29,11.8
1753600059121,07:07:39.121,bitget,AAVE/USDT:USDT,296.27,1.6,296.25,27.7,296.28,1.2,296.29,11.8
1753600059271,07:07:39.271,bitget,AAVE/USDT:USDT,296.27,1.6,296.25,27.7,296.28,1.2,296.29,11.8
1753600059421,07:07:39.421,bitget,AAVE/USDT:USDT,296.27,1.6,296.25,27.7,296.28,1.2,296.29,11.8
1753600059571,07:07:39.571,bitget,AAVE/USDT:USDT,296.27,1.6,296.25,27.7,296.28,1.2,296.29,11.8
1753600059721,07:07:39.721,bitget,AAVE/USDT:USDT,296.27,1.3,296.25,27.7,296.28,1.5,296.29,11.8
1753600059871,07:07:39.871,bitget,AAVE/USDT:USDT,296.27,1.3,296.25,27.7,296.28,1.5,296.29,11.8
1753600060022,07:07:40.022,bitget,AAVE/USDT:USDT,296.27,1.3,296.25,27.7,296.28,1.5,296.29,15.8
1753600060172,07:07:40.172,bitget,AAVE/USDT:USDT,296.27,1.3,296.25,27.7,296.28,1.5,296.29,15.8
1753600060322,07:07:40.322,bitget,AAVE/USDT:USDT,296.27,1.3,296.25,27.7,296.28,1.5,296.29,16.0
1753600060472,07:07:40.472,bitget,AAVE/USDT:USDT,296.27,1.6,296.25,27.7,296.28,1.5,296.29,16.0
1753600060622,07:07:40.622,bitget,AAVE/USDT:USDT,296.27,1.6,296.25,27.7,296.28,1.5,296.29,16.0
1753600060772,07:07:40.772,bitget,AAVE/USDT:USDT,296.27,1.3,296.25,27.7,296.28,1.5,296.29,16.0
1753600060922,07:07:40.922,bitget,AAVE/USDT:USDT,296.27,1.3,296.25,27.7,296.28,1.5,296.29,16.0
1753600061072,07:07:41.072,bitget,AAVE/USDT:USDT,296.27,1.3,296.25,27.7,296.28,1.5,296.29,16.0
1753600061222,07:07:41.222,bitget,AAVE/USDT:USDT,296.27,1.3,296.25,27.7,296.28,1.5,296.29,11.8
1753600061372,07:07:41.372,bitget,AAVE/USDT:USDT,296.27,1.6,296.25,27.7,296.28,1.5,296.29,11.8
1753600061522,07:07:41.522,bitget,AAVE/USDT:USDT,296.27,1.6,296.25,27.7,296.28,1.2,296.29,11.8
1753600061673,07:07:41.673,bitget,AAVE/USDT:USDT,296.27,1.6,296.25,27.7,296.28,1.2,296.29,11.8
1753600061823,07:07:41.823,bitget,AAVE/USDT:USDT,296.27,1.6,296.25,27.7,296.28,1.2,296.29,11.8
1753600061973,07:07:41.973,bitget,AAVE/USDT:USDT,296.27,1.6,296.25,27.7,296.28,1.2,296.29,12.0
1753600062123,07:07:42.123,bitget,AAVE/USDT:USDT,296.27,1.3,296.25,27.7,296.28,1.2,296.29,11.8
1753600062273,07:07:42.273,bitget,AAVE/USDT:USDT,296.27,1.3,296.25,27.7,296.28,1.5,296.29,11.8
1753600062423,07:07:42.423,bitget,AAVE/USDT:USDT,296.27,1.3,296.25,27.7,296.28,1.5,296.29,15.8
1753600062573,07:07:42.573,bitget,AAVE/USDT:USDT,296.27,1.3,296.25,27.7,296.28,1.5,296.29,15.8
1753600062723,07:07:42.723,bitget,AAVE/USDT:USDT,296.27,1.3,296.25,27.7,296.28,1.5,296.29,15.8
1753600062873,07:07:42.873,bitget,AAVE/USDT:USDT,296.27,1.6,296.25,27.7,296.28,1.5,296.29,16.0
1753600063023,07:07:43.023,bitget,AAVE/USDT:USDT,296.27,1.3,296.25,27.7,296.28,1.5,296.29,16.0
1753600063173,07:07:43.173,bitget,AAVE/USDT:USDT,296.27,1.3,296.25,27.7,296.28,1.5,296.29,16.0
1753600063323,07:07:43.323,bitget,AAVE/USDT:USDT,296.27,1.3,296.25,27.7,296.28,1.5,296.29,16.0
1753600063474,07:07:43.474,bitget,AAVE/USDT:USDT,296.27,1.3,296.25,27.7,296.28,1.5,296.29,16.0
1753600063624,07:07:43.624,bitget,AAVE/USDT:USDT,296.28,0.8,296.27,1.3,296.3,13.6,296.31,1.4
1753600063774,07:07:43.774,bitget,AAVE/USDT:USDT,296.28,2.5,296.27,0.8,296.29,0.4,296.3,19.7
1753600063924,07:07:43.924,bitget,AAVE/USDT:USDT,296.28,2.5,296.27,0.5,296.29,0.6,296.3,19.7
1753600064074,07:07:44.074,bitget,AAVE/USDT:USDT,296.28,2.5,296.27,0.5,296.29,0.6,296.3,19.7
1753600064224,07:07:44.224,bitget,AAVE/USDT:USDT,296.28,2.5,296.27,0.5,296.29,0.6,296.3,19.7
1753600064374,07:07:44.374,bitget,AAVE/USDT:USDT,296.28,2.5,296.27,0.5,296.29,0.6,296.3,19.7
1753600064524,07:07:44.524,bitget,AAVE/USDT:USDT,296.28,2.5,296.27,0.5,296.29,0.6,296.3,19.7
1753600064674,07:07:44.674,bitget,AAVE/USDT:USDT,296.28,1.3,296.27,0.5,296.29,0.4,296.3,19.7
1753600064824,07:07:44.824,bitget,AAVE/USDT:USDT,296.28,1.3,296.27,0.5,296.29,0.8,296.3,19.7
1753600064974,07:07:44.974,bitget,AAVE/USDT:USDT,296.28,1.3,296.27,0.5,296.29,0.8,296.3,19.7
1753600065124,07:07:45.124,bitget,AAVE/USDT:USDT,296.28,1.3,296.27,0.5,296.29,0.8,296.3,19.7
1753600065275,07:07:45.275,bitget,AAVE/USDT:USDT,296.28,1.3,296.27,0.5,296.29,0.8,296.3,19.7
1753600065425,07:07:45.425,bitget,AAVE/USDT:USDT,296.28,1.3,296.27,0.5,296.29,0.8,296.3,19.7
1753600065575,07:07:45.575,bitget,AAVE/USDT:USDT,296.28,1.3,296.27,0.5,296.29,0.8,296.3,19.7
1753600065725,07:07:45.725,bitget,AAVE/USDT:USDT,296.28,1.3,296.27,0.5,296.29,4.8,296.3,19.7
1753600065875,07:07:45.875,bitget,AAVE/USDT:USDT,296.28,1.3,296.27,0.5,296.29,4.8,296.3,19.7
1753600066025,07:07:46.025,bitget,AAVE/USDT:USDT,296.28,1.3,296.27,4.5,296.29,0.8,296.3,19.7
1753600066175,07:07:46.175,bitget,AAVE/USDT:USDT,296.28,1.3,296.27,0.5,296.29,0.8,296.3,19.7
1753600066325,07:07:46.325,bitget,AAVE/USDT:USDT,296.28,1.3,296.27,0.5,296.29,0.8,296.3,19.7
1753600066475,07:07:46.475,bitget,AAVE/USDT:USDT,296.28,1.3,296.27,0.5,296.29,0.8,296.3,19.7
1753600066625,07:07:46.625,bitget,AAVE/USDT:USDT,296.28,0.8,296.27,0.5,296.29,4.8,296.3,19.7
1753600066775,07:07:46.775,bitget,AAVE/USDT:USDT,296.28,0.8,296.27,0.5,296.29,4.8,296.3,17.7
1753600066925,07:07:46.925,bitget,AAVE/USDT:USDT,296.28,1.3,296.27,4.5,296.29,0.8,296.3,17.7
1753600067076,07:07:47.076,bitget,AAVE/USDT:USDT,296.28,1.3,296.27,0.5,296.29,1.6,296.3,17.7
1753600067226,07:07:47.226,bitget,AAVE/USDT:USDT,296.28,1.3,296.27,0.5,296.29,1.6,296.3,17.7
1753600067376,07:07:47.376,bitget,AAVE/USDT:USDT,296.28,1.3,296.27,0.5,296.29,0.8,296.3,18.5
1753600067526,07:07:47.526,bitget,AAVE/USDT:USDT,296.28,1.3,296.27,0.5,296.29,0.8,296.3,18.5
1753600067676,07:07:47.676,bitget,AAVE/USDT:USDT,296.28,1.3,296.27,0.5,296.29,0.8,296.3,18.5
1753600067826,07:07:47.826,bitget,AAVE/USDT:USDT,296.28,1.3,296.27,0.5,296.29,0.8,296.3,18.5
1753600067976,07:07:47.976,bitget,AAVE/USDT:USDT,296.28,1.3,296.27,0.5,296.29,0.8,296.3,18.5
1753600068126,07:07:48.126,bitget,AAVE/USDT:USDT,296.28,0.8,296.27,0.5,296.29,4.8,296.3,18.5
1753600068276,07:07:48.276,bitget,AAVE/USDT:USDT,296.28,0.8,296.27,0.5,296.29,4.8,296.3,18.5
1753600068426,07:07:48.426,bitget,AAVE/USDT:USDT,296.28,0.8,296.27,0.5,296.29,4.8,296.3,18.5
1753600068576,07:07:48.576,bitget,AAVE/USDT:USDT,296.28,0.8,296.27,0.5,296.29,5.0,296.3,18.5
1753600068727,07:07:48.727,bitget,AAVE/USDT:USDT,296.28,0.8,296.27,0.5,296.29,5.0,296.3,18.5
1753600068877,07:07:48.877,bitget,AAVE/USDT:USDT,296.28,0.8,296.27,0.5,296.29,4.8,296.3,18.5
1753600069027,07:07:49.027,bitget,AAVE/USDT:USDT,296.28,0.8,296.27,0.5,296.29,4.8,296.3,18.5
1753600069177,07:07:49.177,bitget,AAVE/USDT:USDT,296.28,0.8,296.27,0.5,296.29,4.8,296.3,18.5
1753600069327,07:07:49.327,bitget,AAVE/USDT:USDT,296.28,0.8,296.27,0.5,296.29,4.8,296.3,18.5
1753600069477,07:07:49.477,bitget,AAVE/USDT:USDT,296.28,0.8,296.27,0.5,296.29,4.8,296.3,18.5
1753600069627,07:07:49.627,bitget,AAVE/USDT:USDT,296.28,0.8,296.27,0.5,296.29,4.8,296.3,18.5
1753600069777,07:07:49.777,bitget,AAVE/USDT:USDT,296.24,2.4,296.23,2.6,296.26,6.7,296.28,2.3
1753600069927,07:07:49.927,bitget,AAVE/USDT:USDT,296.25,0.8,296.24,0.5,296.26,1.9,296.27,0.7
1753600070077,07:07:50.077,bitget,AAVE/USDT:USDT,296.25,0.8,296.24,0.5,296.26,2.2,296.27,1.5
1753600070227,07:07:50.227,bitget,AAVE/USDT:USDT,296.25,0.8,296.24,0.5,296.26,2.2,296.27,2.2
1753600070377,07:07:50.377,bitget,AAVE/USDT:USDT,296.25,0.8,296.24,0.5,296.26,2.2,296.27,2.2
1753600070528,07:07:50.528,bitget,AAVE/USDT:USDT,296.25,0.8,296.24,0.5,296.26,2.2,296.27,2.2
1753600070677,07:07:50.677,bitget,AAVE/USDT:USDT,296.25,0.8,296.24,0.5,296.26,2.2,296.27,2.2
1753600070828,07:07:50.828,bitget,AAVE/USDT:USDT,296.25,0.8,296.24,1.5,296.26,2.2,296.27,2.2
1753600070978,07:07:50.978,bitget,AAVE/USDT:USDT,296.25,4.8,296.24,1.5,296.26,2.2,296.27,1.4
1753600071128,07:07:51.128,bitget,AAVE/USDT:USDT,296.25,5.3,296.24,1.5,296.26,2.5,296.27,0.7
1753600071278,07:07:51.278,bitget,AAVE/USDT:USDT,296.25,1.6,296.24,5.5,296.26,0.3,296.27,0.7
1753600071428,07:07:51.428,bitget,AAVE/USDT:USDT,296.25,1.3,296.24,5.5,296.26,1.4,296.27,0.7
1753600071578,07:07:51.578,bitget,AAVE/USDT:USDT,296.25,1.3,296.24,5.5,296.26,1.4,296.27,0.7
1753600071728,07:07:51.728,bitget,AAVE/USDT:USDT,296.25,1.3,296.24,5.5,296.26,0.3,296.27,0.7
1753600071878,07:07:51.878,bitget,AAVE/USDT:USDT,296.25,1.3,296.24,5.5,296.26,1.3,296.27,0.7
1753600072028,07:07:52.028,bitget,AAVE/USDT:USDT,296.25,1.3,296.24,5.5,296.26,0.3,296.27,1.5
1753600072178,07:07:52.178,bitget,AAVE/USDT:USDT,296.25,1.3,296.24,5.5,296.26,1.3,296.27,1.5
1753600072328,07:07:52.328,bitget,AAVE/USDT:USDT,296.25,1.3,296.24,5.5,296.26,1.3,296.27,0.7
1753600072479,07:07:52.479,bitget,AAVE/USDT:USDT,296.25,3.2,296.24,5.5,296.27,1.0,296.28,4.8
1753600072629,07:07:52.629,bitget,AAVE/USDT:USDT,296.25,3.2,296.24,5.5,296.27,1.0,296.28,4.8
1753600072779,07:07:52.779,bitget,AAVE/USDT:USDT,296.25,3.2,296.24,5.5,296.27,1.0,296.28,4.8
1753600072929,07:07:52.929,bitget,AAVE/USDT:USDT,296.25,3.2,296.24,5.5,296.27,1.0,296.28,4.8
1753600073079,07:07:53.079,bitget,AAVE/USDT:USDT,296.25,3.2,296.24,5.5,296.27,1.0,296.28,4.8
1753600073229,07:07:53.229,bitget,AAVE/USDT:USDT,296.26,1.1,296.25,3.2,296.28,2.6,296.29,7.2
1753600073379,07:07:53.379,bitget,AAVE/USDT:USDT,296.27,1.3,296.26,1.3,296.28,0.7,296.29,0.9
1753600073529,07:07:53.529,bitget,AAVE/USDT:USDT,296.27,1.3,296.26,0.5,296.28,1.8,296.29,0.9
1753600073679,07:07:53.679,bitget,AAVE/USDT:USDT,296.27,1.3,296.26,0.5,296.28,1.8,296.29,0.9
1753600073829,07:07:53.829,bitget,AAVE/USDT:USDT,296.27,1.6,296.26,0.5,296.28,1.1,296.29,0.9
1753600073979,07:07:53.979,bitget,AAVE/USDT:USDT,296.27,1.6,296.26,0.5,296.28,1.1,296.29,0.9
1753600074129,07:07:54.129,bitget,AAVE/USDT:USDT,296.27,1.3,296.26,0.5,296.28,1.1,296.29,0.9
1753600074280,07:07:54.280,bitget,AAVE/USDT:USDT,296.27,1.3,296.26,0.5,296.28,1.1,296.29,0.9
1753600074430,07:07:54.430,bitget,AAVE/USDT:USDT,296.27,1.6,296.26,0.5,296.28,0.8,296.29,0.1
1753600074580,07:07:54.580,bitget,AAVE/USDT:USDT,296.27,1.6,296.26,0.5,296.28,0.8,296.29,0.1
1753600074730,07:07:54.730,bitget,AAVE/USDT:USDT,296.27,1.6,296.26,0.5,296.28,0.8,296.29,0.1
1753600074880,07:07:54.880,bitget,AAVE/USDT:USDT,296.27,1.6,296.26,0.5,296.28,0.8,296.29,0.1
1753600075030,07:07:55.030,bitget,AAVE/USDT:USDT,296.27,1.6,296.26,0.5,296.28,0.8,296.29,0.1
1753600075180,07:07:55.180,bitget,AAVE/USDT:USDT,296.27,1.6,296.26,1.5,296.28,0.8,296.29,0.1
1753600075330,07:07:55.330,bitget,AAVE/USDT:USDT,296.27,1.6,296.26,1.5,296.28,0.8,296.29,0.1
1753600075480,07:07:55.480,bitget,AAVE/USDT:USDT,296.27,1.6,296.26,1.5,296.28,0.8,296.29,0.1
1753600075630,07:07:55.630,bitget,AAVE/USDT:USDT,296.27,1.6,296.26,1.5,296.28,0.8,296.29,0.1
1753600075780,07:07:55.780,bitget,AAVE/USDT:USDT,296.27,1.6,296.26,1.5,296.28,0.8,296.29,0.1
1753600075930,07:07:55.930,bitget,AAVE/USDT:USDT,296.27,1.6,296.26,1.5,296.28,0.8,296.29,0.1
1753600076081,07:07:56.081,bitget,AAVE/USDT:USDT,296.27,1.6,296.26,1.5,296.28,0.8,296.29,0.1
1753600076231,07:07:56.231,bitget,AAVE/USDT:USDT,296.27,1.6,296.26,1.5,296.28,0.8,296.29,0.9
1753600076381,07:07:56.381,bitget,AAVE/USDT:USDT,296.27,1.3,296.26,0.5,296.28,1.1,296.29,0.9
1753600076531,07:07:56.531,bitget,AAVE/USDT:USDT,296.27,1.3,296.26,0.5,296.28,1.1,296.29,0.9
1753600076681,07:07:56.681,bitget,AAVE/USDT:USDT,296.27,0.8,296.26,0.5,296.28,1.1,296.29,1.1
1753600076831,07:07:56.831,bitget,AAVE/USDT:USDT,296.27,0.8,296.26,0.5,296.28,1.1,296.29,3.8
1753600076981,07:07:56.981,bitget,AAVE/USDT:USDT,296.27,0.8,296.26,0.5,296.28,1.1,296.29,3.8
1753600077131,07:07:57.131,bitget,AAVE/USDT:USDT,296.27,0.8,296.26,0.5,296.28,5.3,296.29,3.8
1753600077281,07:07:57.281,bitget,AAVE/USDT:USDT,296.27,0.8,296.26,0.5,296.28,5.3,296.29,3.8
1753600077431,07:07:57.431,bitget,AAVE/USDT:USDT,296.27,0.8,296.26,0.5,296.28,5.3,296.29,3.8
1753600077581,07:07:57.581,bitget,AAVE/USDT:USDT,296.27,0.8,296.26,0.5,296.28,5.3,296.29,3.8
1753600077731,07:07:57.731,bitget,AAVE/USDT:USDT,296.27,0.8,296.26,0.5,296.28,5.5,296.29,3.8
1753600077881,07:07:57.881,bitget,AAVE/USDT:USDT,296.27,0.8,296.26,0.5,296.28,5.5,296.29,3.6
1753600078032,07:07:58.032,bitget,AAVE/USDT:USDT,296.27,0.8,296.26,0.5,296.28,5.5,296.29,3.6
1753600078182,07:07:58.182,bitget,AAVE/USDT:USDT,296.27,0.8,296.26,0.5,296.28,5.5,296.29,3.6
1753600078332,07:07:58.332,bitget,AAVE/USDT:USDT,296.27,0.8,296.26,0.5,296.28,5.5,296.29,3.6
1753600078482,07:07:58.482,bitget,AAVE/USDT:USDT,296.27,0.8,296.26,0.5,296.28,5.5,296.29,3.6
1753600078632,07:07:58.632,bitget,AAVE/USDT:USDT,296.27,0.8,296.26,0.5,296.28,5.5,296.29,3.6
1753600078782,07:07:58.782,bitget,AAVE/USDT:USDT,296.27,0.8,296.26,0.5,296.28,1.5,296.29,3.6
1753600078932,07:07:58.932,bitget,AAVE/USDT:USDT,296.27,1.1,296.26,1.5,296.28,1.0,296.29,3.6
1753600079082,07:07:59.082,bitget,AAVE/USDT:USDT,296.27,1.1,296.26,1.5,296.28,1.0,296.29,3.6
1753600079232,07:07:59.232,bitget,AAVE/USDT:USDT,296.27,1.1,296.26,1.5,296.28,1.0,296.29,3.6
1753600079382,07:07:59.382,bitget,AAVE/USDT:USDT,296.27,1.1,296.26,1.5,296.28,1.0,296.29,3.6
1753600079532,07:07:59.532,bitget,AAVE/USDT:USDT,296.27,1.1,296.26,1.5,296.28,1.3,296.29,3.6
1753600079682,07:07:59.682,bitget,AAVE/USDT:USDT,296.27,0.8,296.26,1.5,296.28,1.3,296.29,3.6
1753600079833,07:07:59.833,bitget,AAVE/USDT:USDT,296.26,0.5,296.25,2.4,296.28,7.2,296.29,3.8
1753600079983,07:07:59.983,bitget,AAVE/USDT:USDT,296.26,0.5,296.25,2.4,296.27,0.4,296.28,7.2
1753600080133,07:08:00.133,bitget,AAVE/USDT:USDT,296.26,1.3,296.25,2.4,296.27,4.7,296.28,2.9
1753600080283,07:08:00.283,bitget,AAVE/USDT:USDT,296.26,1.3,296.25,2.4,296.27,4.7,296.28,2.9
1753600080433,07:08:00.433,bitget,AAVE/USDT:USDT,296.26,2.3,296.25,2.4,296.27,0.7,296.28,2.9
1753600080583,07:08:00.583,bitget,AAVE/USDT:USDT,296.26,1.3,296.25,2.4,296.27,1.1,296.28,2.9
1753600080733,07:08:00.733,bitget,AAVE/USDT:USDT,296.26,1.3,296.25,2.4,296.27,0.7,296.28,2.9
1753600080883,07:08:00.883,bitget,AAVE/USDT:USDT,296.26,1.3,296.25,3.4,296.27,0.7,296.28,4.9
1753600081033,07:08:01.033,bitget,AAVE/USDT:USDT,296.26,1.6,296.25,3.4,296.27,0.4,296.28,4.9
1753600081183,07:08:01.183,bitget,AAVE/USDT:USDT,296.26,1.6,296.25,3.4,296.27,0.3,296.28,4.9
1753600081333,07:08:01.333,bitget,AAVE/USDT:USDT,296.26,1.6,296.25,3.4,296.28,4.9,296.29,10.7
1753600081484,07:08:01.484,bitget,AAVE/USDT:USDT,296.26,3.2,296.25,3.4,296.28,4.9,296.29,3.6
1753600081634,07:08:01.634,bitget,AAVE/USDT:USDT,296.26,3.2,296.25,3.4,296.28,2.9,296.29,3.6
1753600081784,07:08:01.784,bitget,AAVE/USDT:USDT,296.26,3.2,296.25,3.4,296.28,3.2,296.29,3.6
1753600081934,07:08:01.934,bitget,AAVE/USDT:USDT,296.26,3.2,296.25,3.4,296.28,3.2,296.29,3.6
1753600082084,07:08:02.084,bitget,AAVE/USDT:USDT,296.26,1.3,296.25,0.5,296.27,4.0,296.28,3.2
1753600082234,07:08:02.234,bitget,AAVE/USDT:USDT,296.26,0.8,296.23,2.6,296.27,4.0,296.28,3.4
1753600082384,07:08:02.384,bitget,AAVE/USDT:USDT,296.26,0.8,296.23,2.6,296.27,4.0,296.28,3.4
1753600082534,07:08:02.534,bitget,AAVE/USDT:USDT,296.26,0.8,296.25,4.0,296.28,3.4,296.29,10.7
1753600082684,07:08:02.684,bitget,AAVE/USDT:USDT,296.23,2.6,296.21,25.8,296.28,3.4,296.29,3.3
1753600082834,07:08:02.834,bitget,AAVE/USDT:USDT,296.25,0.3,296.24,7.4,296.27,4.7,296.28,2.7
1753600082984,07:08:02.984,bitget,AAVE/USDT:USDT,296.26,3.2,296.25,2.0,296.27,1.0,296.28,0.6
1753600083134,07:08:03.134,bitget,AAVE/USDT:USDT,296.26,3.5,296.25,0.5,296.27,0.6,296.28,2.1
1753600083285,07:08:03.285,bitget,AAVE/USDT:USDT,296.26,0.8,296.25,0.5,296.27,5.3,296.28,1.4
1753600083435,07:08:03.435,bitget,AAVE/USDT:USDT,296.26,0.8,296.25,4.5,296.27,1.3,296.28,1.4
1753600083585,07:08:03.585,bitget,AAVE/USDT:USDT,296.26,0.8,296.25,0.5,296.27,0.7,296.28,1.4
1753600083735,07:08:03.735,bitget,AAVE/USDT:USDT,296.26,0.8,296.25,0.5,296.27,4.3,296.28,1.4
1753600083885,07:08:03.885,bitget,AAVE/USDT:USDT,296.26,0.8,296.25,0.5,296.27,4.3,296.28,4.1
1753600084035,07:08:04.035,bitget,AAVE/USDT:USDT,296.26,2.6,296.25,4.5,296.28,1.3,296.29,11.4
1753600084185,07:08:04.185,bitget,AAVE/USDT:USDT,296.27,0.3,296.26,2.3,296.28,2.1,296.29,4.3
1753600084335,07:08:04.335,bitget,AAVE/USDT:USDT,296.27,0.5,296.26,0.5,296.28,0.9,296.29,5.1
1753600084485,07:08:04.485,bitget,AAVE/USDT:USDT,296.27,0.5,296.26,0.5,296.28,0.9,296.29,5.1
1753600084635,07:08:04.635,bitget,AAVE/USDT:USDT,296.27,0.5,296.26,0.5,296.28,5.1,296.29,5.1
1753600084785,07:08:04.785,bitget,AAVE/USDT:USDT,296.26,0.5,296.25,0.5,296.27,4.0,296.28,1.3
1753600084935,07:08:04.935,bitget,AAVE/USDT:USDT,296.26,0.5,296.25,0.5,296.27,4.4,296.28,1.1
1753600085086,07:08:05.086,bitget,AAVE/USDT:USDT,296.26,0.5,296.25,0.5,296.27,4.4,296.28,1.1
1753600085235,07:08:05.235,bitget,AAVE/USDT:USDT,296.26,0.5,296.25,0.5,296.27,4.4,296.28,1.1
1753600085386,07:08:05.386,bitget,AAVE/USDT:USDT,296.26,0.5,296.25,4.5,296.28,3.3,296.29,14.3
1753600085536,07:08:05.536,bitget,AAVE/USDT:USDT,296.26,0.5,296.25,4.5,296.28,5.2,296.29,7.2
1753600085686,07:08:05.686,bitget,AAVE/USDT:USDT,296.27,0.8,296.26,0.5,296.28,7.0,296.29,7.2
1753600085836,07:08:05.836,bitget,AAVE/USDT:USDT,296.27,2.5,296.26,4.5,296.28,3.0,296.29,6.4
1753600085986,07:08:05.986,bitget,AAVE/USDT:USDT,296.27,2.8,296.26,4.5,296.28,2.7,296.29,6.4
1753600086136,07:08:06.136,bitget,AAVE/USDT:USDT,296.27,2.8,296.26,4.5,296.28,2.7,296.29,7.2
1753600086286,07:08:06.286,bitget,AAVE/USDT:USDT,296.27,2.5,296.26,4.5,296.28,3.4,296.29,7.2
1753600086436,07:08:06.436,bitget,AAVE/USDT:USDT,296.27,2.5,296.26,4.5,296.28,3.4,296.29,7.2
1753600086586,07:08:06.586,bitget,AAVE/USDT:USDT,296.27,1.3,296.26,0.5,296.28,3.4,296.29,7.2
1753600086736,07:08:06.736,bitget,AAVE/USDT:USDT,296.27,1.3,296.26,4.5,296.28,3.0,296.29,7.2
1753600086887,07:08:06.887,bitget,AAVE/USDT:USDT,296.27,1.6,296.26,4.5,296.28,3.0,296.29,7.2
1753600087037,07:08:07.037,bitget,AAVE/USDT:USDT,296.27,1.6,296.26,4.5,296.28,2.7,296.29,7.2
1753600087187,07:08:07.187,bitget,AAVE/USDT:USDT,296.27,1.6,296.26,4.5,296.28,2.7,296.29,7.2
1753600087337,07:08:07.337,bitget,AAVE/USDT:USDT,296.27,2.6,296.26,4.5,296.28,0.8,296.29,6.4
1753600087487,07:08:07.487,bitget,AAVE/USDT:USDT,296.27,1.6,296.26,4.5,296.28,0.8,296.29,6.4
1753600087787,07:08:07.787,bitget,AAVE/USDT:USDT,296.27,1.6,296.26,5.5,296.28,0.8,296.29,6.4
1753600087937,07:08:07.937,bitget,AAVE/USDT:USDT,296.27,1.6,296.26,5.5,296.28,0.2,296.29,6.3
1753600088087,07:08:08.087,bitget,AAVE/USDT:USDT,296.27,2.5,296.26,8.0,296.28,0.2,296.3,0.3
1753600088237,07:08:08.237,bitget,AAVE/USDT:USDT,296.27,2.5,296.26,8.0,296.28,0.2,296.3,0.8
1753600088387,07:08:08.387,bitget,AAVE/USDT:USDT,296.27,2.5,296.26,8.0,296.28,0.2,296.3,0.8
1753600088537,07:08:08.537,bitget,AAVE/USDT:USDT,296.29,4.4,296.28,0.7,296.32,7.5,296.33,1.6
1753600088688,07:08:08.688,bitget,AAVE/USDT:USDT,296.31,8.7,296.3,26.8,296.32,0.1,296.33,0.1
1753600088838,07:08:08.838,bitget,AAVE/USDT:USDT,296.31,7.5,296.3,26.8,296.32,1.1,296.33,0.1
1753600088988,07:08:08.988,bitget,AAVE/USDT:USDT,296.33,1.2,296.31,8.4,296.35,10.8,296.36,2.9
1753600089138,07:08:09.138,bitget,AAVE/USDT:USDT,296.34,8.5,296.32,1.0,296.35,4.0,296.36,1.4
1753600089288,07:08:09.288,bitget,AAVE/USDT:USDT,296.34,7.5,296.32,1.0,296.35,4.0,296.36,1.6
1753600089438,07:08:09.438,bitget,AAVE/USDT:USDT,296.34,8.5,296.32,1.0,296.35,4.0,296.36,1.6
1753600089588,07:08:09.588,bitget,AAVE/USDT:USDT,296.34,8.5,296.32,1.0,296.35,4.0,296.36,0.9
1753600089738,07:08:09.738,bitget,AAVE/USDT:USDT,296.34,8.5,296.32,1.0,296.36,0.9,296.37,0.7
1753600089888,07:08:09.888,bitget,AAVE/USDT:USDT,296.35,1.5,296.34,8.2,296.36,0.9,296.37,0.7
1753600090038,07:08:10.038,bitget,AAVE/USDT:USDT,296.35,1.6,296.34,2.4,296.36,1.7,296.37,0.7
1753600090188,07:08:10.188,bitget,AAVE/USDT:USDT,296.35,5.6,296.34,3.4,296.36,0.9,296.37,0.7
1753600090338,07:08:10.338,bitget,AAVE/USDT:USDT,296.35,6.5,296.34,5.9,296.36,0.2,296.37,0.7
1753600090489,07:08:10.489,bitget,AAVE/USDT:USDT,296.35,6.5,296.34,5.9,296.36,0.2,296.37,0.7
1753600090639,07:08:10.639,bitget,AAVE/USDT:USDT,296.35,6.5,296.34,5.9,296.36,0.2,296.37,0.7
1753600090789,07:08:10.789,bitget,AAVE/USDT:USDT,296.35,6.5,296.34,5.9,296.36,0.2,296.37,0.7
1753600090939,07:08:10.939,bitget,AAVE/USDT:USDT,296.35,6.5,296.34,5.9,296.36,0.2,296.37,0.7
1753600091089,07:08:11.089,bitget,AAVE/USDT:USDT,296.35,6.5,296.34,5.9,296.36,0.2,296.37,0.7
1753600091239,07:08:11.239,bitget,AAVE/USDT:USDT,296.35,2.5,296.34,5.9,296.36,0.2,296.37,0.7
1753600091389,07:08:11.389,bitget,AAVE/USDT:USDT,296.35,1.6,296.34,2.4,296.36,0.2,296.37,1.5
1753600091539,07:08:11.539,bitget,AAVE/USDT:USDT,296.35,1.3,296.34,6.4,296.36,0.5,296.37,1.5
1753600091689,07:08:11.689,bitget,AAVE/USDT:USDT,296.35,1.3,296.34,6.4,296.36,0.5,296.37,1.5
1753600091839,07:08:11.839,bitget,AAVE/USDT:USDT,296.35,1.3,296.34,7.4,296.36,0.5,296.37,1.5
1753600091989,07:08:11.989,bitget,AAVE/USDT:USDT,296.35,1.6,296.34,6.4,296.36,0.5,296.37,1.5
1753600092139,07:08:12.139,bitget,AAVE/USDT:USDT,296.35,1.6,296.34,6.4,296.36,0.5,296.37,1.5
1753600092290,07:08:12.290,bitget,AAVE/USDT:USDT,296.35,0.8,296.34,0.5,296.36,4.5,296.37,1.5
1753600092440,07:08:12.440,bitget,AAVE/USDT:USDT,296.31,0.5,296.3,25.8,296.35,0.8,296.36,5.3
1753600092590,07:08:12.590,bitget,AAVE/USDT:USDT,296.31,0.8,296.3,25.8,296.32,1.6,296.34,1.9
1753600092740,07:08:12.740,bitget,AAVE/USDT:USDT,296.27,26.1,296.26,0.5,296.31,0.4,296.32,6.9
1753600092890,07:08:12.890,bitget,AAVE/USDT:USDT,296.27,0.5,296.25,0.1,296.28,0.8,296.29,4.3
1753600093040,07:08:13.040,bitget,AAVE/USDT:USDT,296.27,0.8,296.26,1.0,296.28,0.4,296.29,7.6
1753600093190,07:08:13.190,bitget,AAVE/USDT:USDT,296.27,0.8,296.26,1.0,296.28,0.4,296.29,7.6
1753600093340,07:08:13.340,bitget,AAVE/USDT:USDT,296.28,1.2,296.27,4.8,296.33,1.0,296.34,27.3
1753600093490,07:08:13.490,bitget,AAVE/USDT:USDT,296.3,1.2,296.29,2.4,296.31,4.0,296.32,3.3
1753600093640,07:08:13.640,bitget,AAVE/USDT:USDT,296.29,0.5,296.28,0.5,296.31,4.0,296.32,6.4
1753600093790,07:08:13.790,bitget,AAVE/USDT:USDT,296.29,4.5,296.28,0.5,296.3,1.9,296.31,1.9
1753600093940,07:08:13.940,bitget,AAVE/USDT:USDT,296.31,2.0,296.3,3.7,296.33,9.0,296.34,1.4
1753600094091,07:08:14.091,bitget,AAVE/USDT:USDT,296.32,6.3,296.31,2.4,296.33,0.8,296.35,0.2
1753600094241,07:08:14.241,bitget,AAVE/USDT:USDT,296.32,5.6,296.31,2.4,296.33,1.2,296.35,0.2
1753600094390,07:08:14.390,bitget,AAVE/USDT:USDT,296.32,0.8,296.31,0.5,296.33,5.5,296.34,2.1
1753600094541,07:08:14.541,bitget,AAVE/USDT:USDT,296.32,0.8,296.31,0.5,296.33,4.5,296.34,2.1
1753600094691,07:08:14.691,bitget,AAVE/USDT:USDT,296.32,0.8,296.31,0.5,296.33,4.5,296.34,4.4
1753600094841,07:08:14.841,bitget,AAVE/USDT:USDT,296.32,0.8,296.31,0.5,296.33,4.5,296.34,4.4
1753600094991,07:08:14.991,bitget,AAVE/USDT:USDT,296.32,0.8,296.31,0.5,296.33,4.5,296.34,4.4
1753600095141,07:08:15.141,bitget,AAVE/USDT:USDT,296.32,0.8,296.31,0.5,296.33,4.5,296.34,4.4
1753600095291,07:08:15.291,bitget,AAVE/USDT:USDT,296.32,1.3,296.31,4.5,296.33,0.5,296.34,4.4
1753600095441,07:08:15.441,bitget,AAVE/USDT:USDT,296.32,1.3,296.31,4.5,296.33,0.5,296.34,4.4
1753600095591,07:08:15.591,bitget,AAVE/USDT:USDT,296.32,1.6,296.31,4.5,296.33,0.5,296.34,4.4
1753600095742,07:08:15.742,bitget,AAVE/USDT:USDT,296.32,1.6,296.31,0.5,296.33,0.5,296.34,4.4
1753600095892,07:08:15.892,bitget,AAVE/USDT:USDT,296.32,1.6,296.31,0.5,296.33,0.5,296.34,4.4
1753600096042,07:08:16.042,bitget,AAVE/USDT:USDT,296.32,1.6,296.31,0.5,296.33,0.5,296.34,4.4
1753600096192,07:08:16.192,bitget,AAVE/USDT:USDT,296.32,1.6,296.31,0.5,296.33,0.5,296.34,4.4
1753600096342,07:08:16.342,bitget,AAVE/USDT:USDT,296.32,1.3,296.31,0.5,296.33,0.5,296.34,4.4
1753600096492,07:08:16.492,bitget,AAVE/USDT:USDT,296.32,1.3,296.31,0.5,296.33,0.5,296.34,4.4
1753600096642,07:08:16.642,bitget,AAVE/USDT:USDT,296.32,0.8,296.29,0.8,296.33,4.5,296.34,4.6
1753600096792,07:08:16.792,bitget,AAVE/USDT:USDT,296.32,0.8,296.29,0.8,296.33,4.5,296.34,4.6
1753600096942,07:08:16.942,bitget,AAVE/USDT:USDT,296.32,0.8,296.29,0.8,296.33,4.5,296.34,4.6
1753600097092,07:08:17.092,bitget,AAVE/USDT:USDT,296.32,0.8,296.29,0.8,296.33,4.5,296.34,4.6
1753600097242,07:08:17.242,bitget,AAVE/USDT:USDT,296.32,0.8,296.29,0.8,296.33,4.5,296.34,4.6
1753600097392,07:08:17.392,bitget,AAVE/USDT:USDT,296.29,0.5,296.28,0.7,296.33,4.7,296.34,4.4
1753600097543,07:08:17.543,bitget,AAVE/USDT:USDT,296.3,0.3,296.29,0.5,296.31,0.4,296.32,1.9
1753600097693,07:08:17.693,bitget,AAVE/USDT:USDT,296.3,1.6,296.29,1.5,296.32,3.3,296.33,4.5
1753600097843,07:08:17.843,bitget,AAVE/USDT:USDT,296.31,1.6,296.3,7.2,296.32,2.3,296.33,4.5
1753600097993,07:08:17.993,bitget,AAVE/USDT:USDT,296.31,1.6,296.3,6.4,296.32,2.3,296.33,4.9
1753600098143,07:08:18.143,bitget,AAVE/USDT:USDT,296.31,1.6,296.3,6.4,296.32,2.3,296.33,4.9
1753600098293,07:08:18.293,bitget,AAVE/USDT:USDT,296.31,1.6,296.3,6.4,296.33,0.6,296.34,2.1
1753600098443,07:08:18.443,bitget,AAVE/USDT:USDT,296.32,1.6,296.31,1.3,296.33,0.9,296.34,2.1
1753600098593,07:08:18.593,bitget,AAVE/USDT:USDT,296.32,1.6,296.31,0.5,296.33,0.9,296.34,2.1
1753600098743,07:08:18.743,bitget,AAVE/USDT:USDT,296.32,1.6,296.31,0.5,296.33,0.9,296.34,2.1
1753600098893,07:08:18.893,bitget,AAVE/USDT:USDT,296.32,1.6,296.31,0.5,296.33,0.9,296.34,2.1
1753600099043,07:08:19.043,bitget,AAVE/USDT:USDT,296.32,1.6,296.31,0.5,296.33,4.9,296.34,2.1
1753600099193,07:08:19.193,bitget,AAVE/USDT:USDT,296.32,1.3,296.31,0.5,296.33,4.9,296.34,2.1
1753600099344,07:08:19.344,bitget,AAVE/USDT:USDT,296.32,1.3,296.31,0.5,296.33,4.9,296.34,2.1
1753600099493,07:08:19.493,bitget,AAVE/USDT:USDT,296.32,1.3,296.31,0.5,296.33,4.9,296.34,2.1
1753600099644,07:08:19.644,bitget,AAVE/USDT:USDT,296.32,1.3,296.31,0.5,296.33,4.9,296.34,2.1
1753600099794,07:08:19.794,bitget,AAVE/USDT:USDT,296.32,1.3,296.31,0.5,296.33,4.9,296.34,2.1
1753600099944,07:08:19.944,bitget,AAVE/USDT:USDT,296.32,1.3,296.31,0.5,296.33,4.9,296.34,2.1
1753600100094,07:08:20.094,bitget,AAVE/USDT:USDT,296.32,1.3,296.31,0.5,296.33,4.9,296.34,2.1
1753600100244,07:08:20.244,bitget,AAVE/USDT:USDT,296.32,1.3,296.31,0.5,296.33,4.9,296.34,2.1
1753600100394,07:08:20.394,bitget,AAVE/USDT:USDT,296.32,1.3,296.31,0.5,296.33,4.9,296.34,2.1
1753600100694,07:08:20.694,bitget,AAVE/USDT:USDT,296.32,1.3,296.31,0.5,296.33,4.9,296.34,2.3
1753600100844,07:08:20.844,bitget,AAVE/USDT:USDT,296.32,0.8,296.31,0.5,296.33,0.9,296.34,2.3
1753600100994,07:08:20.994,bitget,AAVE/USDT:USDT,296.32,0.8,296.31,0.5,296.33,0.5,296.34,2.1
1753600101144,07:08:21.144,bitget,AAVE/USDT:USDT,296.32,0.8,296.31,0.5,296.33,0.5,296.34,2.1
1753600101295,07:08:21.295,bitget,AAVE/USDT:USDT,296.32,0.8,296.31,0.5,296.33,4.5,296.34,2.1
1753600101445,07:08:21.445,bitget,AAVE/USDT:USDT,296.32,0.8,296.31,0.5,296.33,0.5,296.34,2.1
1753600101595,07:08:21.595,bitget,AAVE/USDT:USDT,296.32,0.8,296.31,0.5,296.33,0.5,296.34,2.1
1753600101745,07:08:21.745,bitget,AAVE/USDT:USDT,296.32,0.8,296.31,0.5,296.33,0.5,296.34,2.1
1753600101895,07:08:21.895,bitget,AAVE/USDT:USDT,296.32,0.8,296.31,0.5,296.33,0.5,296.34,2.1
1753600102045,07:08:22.045,bitget,AAVE/USDT:USDT,296.32,0.8,296.31,0.5,296.33,0.5,296.34,2.1
1753600102195,07:08:22.195,bitget,AAVE/USDT:USDT,296.32,5.3,296.31,0.5,296.33,0.2,296.34,1.3
1753600102345,07:08:22.345,bitget,AAVE/USDT:USDT,296.32,1.3,296.31,0.5,296.33,0.2,296.34,1.3
1753600102495,07:08:22.495,bitget,AAVE/USDT:USDT,296.32,1.3,296.31,0.5,296.33,0.5,296.34,2.1
1753600102645,07:08:22.645,bitget,AAVE/USDT:USDT,296.32,0.8,296.31,0.5,296.33,0.5,296.34,2.1
1753600102796,07:08:22.796,bitget,AAVE/USDT:USDT,296.27,0.5,296.25,9.6,296.28,4.4,296.31,28.4
1753600102946,07:08:22.946,bitget,AAVE/USDT:USDT,296.27,1.5,296.25,1.0,296.28,4.8,296.29,2.4
1753600103096,07:08:23.096,bitget,AAVE/USDT:USDT,296.27,0.5,296.26,5.0,296.29,5.1,296.3,9.4
1753600103246,07:08:23.246,bitget,AAVE/USDT:USDT,296.27,0.5,296.26,5.0,296.28,0.7,296.29,5.1
1753600103396,07:08:23.396,bitget,AAVE/USDT:USDT,296.27,0.5,296.26,5.0,296.28,0.7,296.29,5.1
1753600103546,07:08:23.546,bitget,AAVE/USDT:USDT,296.27,0.5,296.26,5.0,296.28,0.7,296.29,5.3
1753600103696,07:08:23.696,bitget,AAVE/USDT:USDT,296.27,0.5,296.26,5.0,296.28,0.7,296.29,5.3
1753600103846,07:08:23.846,bitget,AAVE/USDT:USDT,296.27,0.5,296.26,5.0,296.28,0.7,296.29,5.1
1753600103996,07:08:23.996,bitget,AAVE/USDT:USDT,296.27,1.3,296.26,5.0,296.28,0.7,296.29,5.1
1753600104146,07:08:24.146,bitget,AAVE/USDT:USDT,296.27,1.3,296.26,5.0,296.28,0.7,296.29,5.1
1753600104296,07:08:24.296,bitget,AAVE/USDT:USDT,296.27,1.3,296.26,5.0,296.28,0.7,296.29,5.1
1753600104446,07:08:24.446,bitget,AAVE/USDT:USDT,296.27,1.3,296.26,5.0,296.28,0.3,296.29,2.7
1753600104596,07:08:24.596,bitget,AAVE/USDT:USDT,296.27,1.3,296.26,5.0,296.28,0.3,296.29,2.7
1753600104746,07:08:24.746,bitget,AAVE/USDT:USDT,296.27,1.6,296.26,5.0,296.29,2.7,296.3,9.6
1753600104897,07:08:24.897,bitget,AAVE/USDT:USDT,296.28,4.2,296.27,1.3,296.3,9.6,296.31,27.6
1753600105047,07:08:25.047,bitget,AAVE/USDT:USDT,296.29,2.5,296.28,3.0,296.3,9.6,296.31,27.6
1753600105197,07:08:25.197,bitget,AAVE/USDT:USDT,296.29,2.5,296.28,2.2,296.31,27.6,296.32,10.1
1753600105347,07:08:25.347,bitget,AAVE/USDT:USDT,296.3,1.2,296.29,1.3,296.31,28.7,296.32,3.1
1753600105497,07:08:25.497,bitget,AAVE/USDT:USDT,296.29,0.5,296.28,2.2,296.31,27.9,296.32,3.5
1753600105647,07:08:25.647,bitget,AAVE/USDT:USDT,296.29,6.7,296.28,1.9,296.3,0.4,296.31,27.9
1753600105797,07:08:25.797,bitget,AAVE/USDT:USDT,296.29,6.7,296.28,1.9,296.3,0.7,296.31,27.9
1753600105947,07:08:25.947,bitget,AAVE/USDT:USDT,296.29,7.7,296.28,1.9,296.31,27.9,296.32,3.5
1753600106097,07:08:26.097,bitget,AAVE/USDT:USDT,296.32,2.5,296.31,4.1,296.33,0.1,296.34,0.1
1753600106247,07:08:26.247,bitget,AAVE/USDT:USDT,296.32,5.3,296.31,3.3,296.33,0.9,296.34,0.1
1753600106397,07:08:26.397,bitget,AAVE/USDT:USDT,296.32,5.3,296.31,3.3,296.33,1.4,296.34,0.1
1753600106548,07:08:26.548,bitget,AAVE/USDT:USDT,296.32,5.3,296.31,3.3,296.36,1.0,296.37,0.7
1753600106698,07:08:26.698,bitget,AAVE/USDT:USDT,296.35,4.1,296.34,2.8,296.36,1.4,296.37,1.5
1753600106847,07:08:26.847,bitget,AAVE/USDT:USDT,296.35,4.1,296.34,7.8,296.36,1.4,296.37,1.5
1753600106997,07:08:26.997,bitget,AAVE/USDT:USDT,296.35,4.1,296.34,7.8,296.36,1.4,296.37,1.5
1753600107148,07:08:27.148,bitget,AAVE/USDT:USDT,296.35,4.1,296.34,7.8,296.37,0.7,296.38,7.9
1753600107298,07:08:27.298,bitget,AAVE/USDT:USDT,296.36,2.8,296.35,4.1,296.37,0.7,296.38,7.9
1753600107448,07:08:27.448,bitget,AAVE/USDT:USDT,296.36,2.8,296.35,3.3,296.37,0.7,296.38,7.9
1753600107598,07:08:27.598,bitget,AAVE/USDT:USDT,296.3,25.8,296.28,8.7,296.37,8.5,296.38,10.1
1753600107748,07:08:27.748,bitget,AAVE/USDT:USDT,296.32,0.8,296.31,5.5,296.34,0.1,296.36,27.7
1753600107898,07:08:27.898,bitget,AAVE/USDT:USDT,296.33,1.1,296.32,2.4,296.35,8.3,296.36,27.7
1753600108048,07:08:28.048,bitget,AAVE/USDT:USDT,296.34,1.6,296.33,3.2,296.35,2.7,296.36,31.2
1753600108198,07:08:28.198,bitget,AAVE/USDT:USDT,296.34,1.6,296.33,2.4,296.36,33.9,296.37,12.0
1753600108349,07:08:28.349,bitget,AAVE/USDT:USDT,296.35,4.3,296.34,3.2,296.36,33.1,296.37,5.0
1753600108499,07:08:28.499,bitget,AAVE/USDT:USDT,296.35,0.5,296.34,2.4,296.36,31.2,296.37,6.5
1753600108648,07:08:28.648,bitget,AAVE/USDT:USDT,296.35,0.5,296.34,2.4,296.36,29.7,296.37,8.5
1753600108799,07:08:28.799,bitget,AAVE/USDT:USDT,296.35,0.8,296.34,2.4,296.36,29.7,296.37,8.5
1753600108949,07:08:28.949,bitget,AAVE/USDT:USDT,296.35,0.8,296.34,2.4,296.36,29.7,296.37,8.5
1753600109099,07:08:29.099,bitget,AAVE/USDT:USDT,296.35,0.5,296.34,2.4,296.36,29.7,296.37,8.5
1753600109249,07:08:29.249,bitget,AAVE/USDT:USDT,296.35,0.5,296.34,0.5,296.36,33.7,296.37,8.5
1753600109399,07:08:29.399,bitget,AAVE/USDT:USDT,296.33,0.5,296.32,1.9,296.36,33.9,296.37,8.5
1753600109549,07:08:29.549,bitget,AAVE/USDT:USDT,296.33,0.5,296.32,1.9,296.34,0.8,296.36,34.5
1753600109699,07:08:29.699,bitget,AAVE/USDT:USDT,296.33,0.5,296.32,1.9,296.34,1.1,296.36,41.5
1753600109849,07:08:29.849,bitget,AAVE/USDT:USDT,296.33,0.5,296.32,1.9,296.34,1.1,296.36,41.5
1753600109999,07:08:29.999,bitget,AAVE/USDT:USDT,296.33,0.5,296.32,1.9,296.34,1.1,296.36,41.5
1753600110150,07:08:30.150,bitget,AAVE/USDT:USDT,296.33,0.5,296.32,1.9,296.34,1.1,296.36,41.5
1753600110300,07:08:30.300,bitget,AAVE/USDT:USDT,296.33,0.5,296.32,1.9,296.34,5.9,296.35,2.7
1753600110450,07:08:30.450,bitget,AAVE/USDT:USDT,296.33,0.5,296.32,1.9,296.34,5.9,296.35,2.7
1753600110600,07:08:30.600,bitget,AAVE/USDT:USDT,296.33,0.5,296.32,1.9,296.34,5.9,296.35,2.7
1753600110750,07:08:30.750,bitget,AAVE/USDT:USDT,296.33,7.4,296.32,2.3,296.36,2.0,296.37,5.8
1753600110900,07:08:30.900,bitget,AAVE/USDT:USDT,296.35,4.7,296.34,27.7,296.37,0.7,296.38,9.8
1753600111050,07:08:31.050,bitget,AAVE/USDT:USDT,296.36,6.6,296.35,3.2,296.38,2.6,296.39,1.4
1753600111200,07:08:31.200,bitget,AAVE/USDT:USDT,296.37,28.8,296.36,6.3,296.38,2.6,296.39,1.4
1753600111350,07:08:31.350,bitget,AAVE/USDT:USDT,296.37,29.3,296.36,5.5,296.38,4.0,296.39,1.4
1753600111500,07:08:31.500,bitget,AAVE/USDT:USDT,296.37,30.1,296.36,7.8,296.38,1.9,296.39,1.4
1753600111650,07:08:31.650,bitget,AAVE/USDT:USDT,296.37,30.1,296.36,7.8,296.38,1.9,296.39,1.4
1753600111800,07:08:31.800,bitget,AAVE/USDT:USDT,296.37,30.1,296.36,7.8,296.38,1.9,296.39,1.4
1753600111951,07:08:31.951,bitget,AAVE/USDT:USDT,296.37,30.1,296.36,7.8,296.38,1.9,296.39,1.6
1753600112101,07:08:32.101,bitget,AAVE/USDT:USDT,296.37,30.1,296.36,7.8,296.38,1.9,296.39,1.6
1753600112251,07:08:32.251,bitget,AAVE/USDT:USDT,296.37,30.1,296.36,7.8,296.38,1.9,296.39,1.6
1753600112401,07:08:32.401,bitget,AAVE/USDT:USDT,296.37,30.1,296.36,7.8,296.38,1.9,296.39,1.6
1753600112551,07:08:32.551,bitget,AAVE/USDT:USDT,296.37,30.1,296.36,7.8,296.38,1.9,296.39,1.6
1753600112701,07:08:32.701,bitget,AAVE/USDT:USDT,296.37,30.1,296.36,7.8,296.38,1.9,296.39,1.6
1753600112851,07:08:32.851,bitget,AAVE/USDT:USDT,296.37,30.1,296.36,7.8,296.39,1.6,296.4,2.7
1753600113001,07:08:33.001,bitget,AAVE/USDT:USDT,296.38,1.1,296.37,29.8,296.39,1.6,296.4,2.7
1753600113151,07:08:33.151,bitget,AAVE/USDT:USDT,296.38,1.6,296.37,28.2,296.39,1.6,296.4,2.7
1753600113301,07:08:33.301,bitget,AAVE/USDT:USDT,296.38,1.6,296.37,28.2,296.39,1.6,296.4,0.5
1753600113451,07:08:33.451,bitget,AAVE/USDT:USDT,296.38,1.6,296.37,28.2,296.39,1.6,296.4,0.5
1753600113601,07:08:33.601,bitget,AAVE/USDT:USDT,296.38,1.6,296.37,28.2,296.39,1.6,296.4,0.5
1753600113752,07:08:33.752,bitget,AAVE/USDT:USDT,296.38,1.6,296.37,28.2,296.39,1.6,296.4,0.5
1753600113902,07:08:33.902,bitget,AAVE/USDT:USDT,296.38,1.6,296.37,28.2,296.39,1.6,296.4,0.5
1753600114052,07:08:34.052,bitget,AAVE/USDT:USDT,296.38,1.6,296.37,28.2,296.39,1.6,296.4,0.5
1753600114202,07:08:34.202,bitget,AAVE/USDT:USDT,296.38,1.6,296.37,28.2,296.39,1.4,296.4,0.5
1753600114352,07:08:34.352,bitget,AAVE/USDT:USDT,296.38,1.6,296.37,28.2,296.39,1.4,296.4,2.6
1753600114502,07:08:34.502,bitget,AAVE/USDT:USDT,296.38,1.6,296.37,28.2,296.39,1.4,296.4,2.6
1753600114652,07:08:34.652,bitget,AAVE/USDT:USDT,296.38,1.6,296.37,28.2,296.39,1.4,296.4,2.6
1753600114802,07:08:34.802,bitget,AAVE/USDT:USDT,296.38,1.6,296.37,28.2,296.39,1.4,296.4,2.6
1753600114952,07:08:34.952,bitget,AAVE/USDT:USDT,296.38,0.8,296.37,26.3,296.39,6.5,296.4,2.6
1753600115102,07:08:35.102,bitget,AAVE/USDT:USDT,296.36,0.5,296.35,0.3,296.39,6.2,296.4,2.6
1753600115252,07:08:35.252,bitget,AAVE/USDT:USDT,296.37,0.3,296.36,0.5,296.38,6.6,296.39,4.1
1753600115403,07:08:35.403,bitget,AAVE/USDT:USDT,296.37,1.1,296.36,5.5,296.38,2.6,296.39,4.3
1753600115553,07:08:35.553,bitget,AAVE/USDT:USDT,296.37,1.1,296.36,4.5,296.38,2.6,296.39,4.3
1753600115703,07:08:35.703,bitget,AAVE/USDT:USDT,296.37,1.1,296.36,5.5,296.38,2.6,296.39,4.3
1753600115853,07:08:35.853,bitget,AAVE/USDT:USDT,296.37,0.8,296.36,5.5,296.38,2.2,296.39,4.3
1753600116003,07:08:36.003,bitget,AAVE/USDT:USDT,296.37,0.8,296.36,5.5,296.38,2.2,296.39,4.3
1753600116153,07:08:36.153,bitget,AAVE/USDT:USDT,296.37,1.1,296.36,5.5,296.38,1.9,296.39,4.3
1753600116303,07:08:36.303,bitget,AAVE/USDT:USDT,296.37,1.6,296.36,5.5,296.39,1.6,296.4,2.6
1753600116453,07:08:36.453,bitget,AAVE/USDT:USDT,296.38,2.2,296.37,1.3,296.39,1.6,296.4,2.6
1753600116603,07:08:36.603,bitget,AAVE/USDT:USDT,296.38,3.5,296.37,0.5,296.39,1.6,296.4,2.6
1753600116753,07:08:36.753,bitget,AAVE/USDT:USDT,296.38,3.5,296.37,0.5,296.39,1.6,296.4,0.5
1753600116903,07:08:36.903,bitget,AAVE/USDT:USDT,296.38,3.5,296.37,0.5,296.39,1.6,296.4,0.5
1753600117053,07:08:37.053,bitget,AAVE/USDT:USDT,296.38,3.5,296.37,0.5,296.39,1.6,296.4,0.5
1753600117204,07:08:37.204,bitget,AAVE/USDT:USDT,296.38,3.5,296.37,0.5,296.39,1.6,296.4,0.5
1753600117354,07:08:37.354,bitget,AAVE/USDT:USDT,296.38,3.5,296.37,0.5,296.39,1.6,296.4,0.5
1753600117504,07:08:37.504,bitget,AAVE/USDT:USDT,296.43,1.2,296.4,0.3,296.44,1.9,296.45,6.3
1753600117654,07:08:37.654,bitget,AAVE/USDT:USDT,296.4,0.3,296.39,25.8,296.44,7.9,296.45,2.0
1753600117804,07:08:37.804,bitget,AAVE/USDT:USDT,296.41,2.7,296.4,2.2,296.44,7.9,296.45,2.0
1753600117954,07:08:37.954,bitget,AAVE/USDT:USDT,296.43,0.8,296.42,4.8,296.44,3.1,296.45,2.0
1753600118104,07:08:38.104,bitget,AAVE/USDT:USDT,296.43,1.3,296.42,4.5,296.44,3.1,296.45,2.8
1753600118254,07:08:38.254,bitget,AAVE/USDT:USDT,296.43,1.3,296.42,4.5,296.44,3.1,296.45,2.8
1753600118404,07:08:38.404,bitget,AAVE/USDT:USDT,296.43,1.3,296.42,4.5,296.44,3.1,296.45,2.8
1753600118554,07:08:38.554,bitget,AAVE/USDT:USDT,296.43,1.3,296.42,4.5,296.44,3.1,296.45,2.8
1753600118704,07:08:38.704,bitget,AAVE/USDT:USDT,296.43,1.3,296.42,4.5,296.44,3.1,296.45,2.8
1753600118854,07:08:38.854,bitget,AAVE/USDT:USDT,296.43,1.3,296.42,0.5,296.44,3.1,296.45,2.8
1753600119004,07:08:39.004,bitget,AAVE/USDT:USDT,296.43,1.3,296.42,0.5,296.44,2.6,296.45,2.8
1753600119155,07:08:39.155,bitget,AAVE/USDT:USDT,296.43,1.3,296.42,0.5,296.44,2.6,296.45,5.5
1753600119305,07:08:39.305,bitget,AAVE/USDT:USDT,296.43,1.3,296.42,0.5,296.44,2.6,296.45,5.5
1753600119455,07:08:39.455,bitget,AAVE/USDT:USDT,296.43,1.3,296.42,0.5,296.44,2.6,296.45,5.5
1753600119605,07:08:39.605,bitget,AAVE/USDT:USDT,296.43,1.3,296.42,0.5,296.44,2.6,296.45,5.5
1753600119755,07:08:39.755,bitget,AAVE/USDT:USDT,296.43,1.3,296.42,0.5,296.44,2.6,296.45,5.5
1753600119905,07:08:39.905,bitget,AAVE/USDT:USDT,296.43,1.3,296.42,0.5,296.44,2.6,296.45,5.5
1753600120055,07:08:40.055,bitget,AAVE/USDT:USDT,296.43,1.3,296.42,0.5,296.44,2.6,296.45,5.5
1753600120205,07:08:40.205,bitget,AAVE/USDT:USDT,296.43,1.6,296.42,0.5,296.44,2.6,296.45,4.7
1753600120355,07:08:40.355,bitget,AAVE/USDT:USDT,296.43,5.6,296.42,0.5,296.44,0.4,296.45,4.7
1753600120505,07:08:40.505,bitget,AAVE/USDT:USDT,296.43,5.6,296.42,0.5,296.44,0.4,296.45,2.0
1753600120655,07:08:40.655,bitget,AAVE/USDT:USDT,296.43,5.6,296.42,0.5,296.44,0.4,296.45,2.0
1753600120806,07:08:40.806,bitget,AAVE/USDT:USDT,296.43,5.6,296.42,0.5,296.44,0.4,296.45,2.0
1753600120956,07:08:40.956,bitget,AAVE/USDT:USDT,296.43,5.6,296.42,0.5,296.44,0.4,296.45,0.1
1753600121106,07:08:41.106,bitget,AAVE/USDT:USDT,296.43,5.6,296.42,0.5,296.44,0.4,296.45,0.1
1753600121256,07:08:41.256,bitget,AAVE/USDT:USDT,296.43,5.6,296.42,0.5,296.44,1.9,296.45,0.1
1753600121406,07:08:41.406,bitget,AAVE/USDT:USDT,296.43,5.6,296.42,0.5,296.44,1.5,296.45,0.7
1753600121556,07:08:41.556,bitget,AAVE/USDT:USDT,296.44,2.0,296.43,5.3,296.45,0.4,296.46,9.3
1753600121706,07:08:41.706,bitget,AAVE/USDT:USDT,296.44,2.0,296.43,4.5,296.45,1.2,296.46,9.3
1753600121856,07:08:41.856,bitget,AAVE/USDT:USDT,296.44,0.8,296.43,4.5,296.45,1.2,296.46,9.3
1753600122006,07:08:42.006,bitget,AAVE/USDT:USDT,296.44,0.8,296.43,4.5,296.45,0.9,296.46,9.3
1753600122156,07:08:42.156,bitget,AAVE/USDT:USDT,296.44,0.8,296.43,4.5,296.45,0.9,296.46,10.1
1753600122306,07:08:42.306,bitget,AAVE/USDT:USDT,296.44,0.8,296.43,4.5,296.45,0.9,296.46,10.1
1753600122456,07:08:42.456,bitget,AAVE/USDT:USDT,296.44,0.8,296.43,4.5,296.45,0.9,296.46,10.1
1753600122607,07:08:42.607,bitget,AAVE/USDT:USDT,296.44,0.8,296.43,4.5,296.45,0.4,296.46,10.1
1753600122757,07:08:42.757,bitget,AAVE/USDT:USDT,296.44,0.8,296.43,4.5,296.45,0.4,296.46,10.1
1753600122907,07:08:42.907,bitget,AAVE/USDT:USDT,296.44,0.8,296.43,4.5,296.45,0.4,296.46,10.1
1753600123057,07:08:43.057,bitget,AAVE/USDT:USDT,296.44,0.8,296.43,4.5,296.45,0.4,296.46,10.1
1753600123207,07:08:43.207,bitget,AAVE/USDT:USDT,296.44,0.8,296.43,4.5,296.45,0.4,296.46,10.1
1753600123357,07:08:43.357,bitget,AAVE/USDT:USDT,296.44,0.8,296.43,4.5,296.45,0.4,296.46,10.1
1753600123507,07:08:43.507,bitget,AAVE/USDT:USDT,296.44,0.8,296.43,4.5,296.45,0.4,296.46,9.3
1753600123657,07:08:43.657,bitget,AAVE/USDT:USDT,296.44,0.8,296.43,4.5,296.45,0.4,296.46,9.3
1753600123807,07:08:43.807,bitget,AAVE/USDT:USDT,296.44,0.8,296.43,5.5,296.45,0.4,296.46,9.3
1753600123957,07:08:43.957,bitget,AAVE/USDT:USDT,296.44,0.8,296.43,5.5,296.45,0.4,296.46,9.3
1753600124107,07:08:44.107,bitget,AAVE/USDT:USDT,296.44,0.8,296.43,5.5,296.45,0.4,296.46,9.3
1753600124257,07:08:44.257,bitget,AAVE/USDT:USDT,296.44,0.8,296.43,5.5,296.45,0.4,296.46,9.3
1753600124408,07:08:44.408,bitget,AAVE/USDT:USDT,296.44,0.8,296.43,5.5,296.45,0.4,296.46,9.3
1753600124558,07:08:44.558,bitget,AAVE/USDT:USDT,296.44,0.8,296.43,5.5,296.45,0.4,296.46,9.3
1753600124708,07:08:44.708,bitget,AAVE/USDT:USDT,296.44,0.8,296.43,0.5,296.45,1.5,296.46,9.3
1753600124858,07:08:44.858,bitget,AAVE/USDT:USDT,296.44,0.5,296.43,0.5,296.45,1.5,296.46,9.3
1753600125008,07:08:45.008,bitget,AAVE/USDT:USDT,296.44,0.3,296.43,0.5,296.45,1.5,296.46,9.3
1753600125158,07:08:45.158,bitget,AAVE/USDT:USDT,296.44,0.3,296.43,0.5,296.45,1.5,296.46,9.3
1753600125308,07:08:45.308,bitget,AAVE/USDT:USDT,296.44,1.1,296.43,0.5,296.45,1.2,296.46,9.3
1753600125458,07:08:45.458,bitget,AAVE/USDT:USDT,296.44,1.1,296.43,0.5,296.45,1.2,296.46,9.3
1753600125608,07:08:45.608,bitget,AAVE/USDT:USDT,296.44,1.1,296.43,0.5,296.45,1.2,296.46,9.3
1753600125758,07:08:45.758,bitget,AAVE/USDT:USDT,296.44,5.1,296.43,1.5,296.45,0.4,296.46,9.3
1753600125909,07:08:45.909,bitget,AAVE/USDT:USDT,296.44,1.6,296.43,4.5,296.45,0.4,296.46,10.1
1753600126058,07:08:46.058,bitget,AAVE/USDT:USDT,296.44,1.6,296.43,5.5,296.45,0.4,296.46,9.3
1753600126209,07:08:46.209,bitget,AAVE/USDT:USDT,296.44,1.6,296.43,4.5,296.45,0.4,296.46,9.3
1753600126359,07:08:46.359,bitget,AAVE/USDT:USDT,296.44,1.6,296.43,4.5,296.45,0.6,296.46,9.3
1753600126509,07:08:46.509,bitget,AAVE/USDT:USDT,296.44,1.6,296.43,4.5,296.45,0.6,296.46,10.1
1753600126659,07:08:46.659,bitget,AAVE/USDT:USDT,296.44,1.6,296.43,5.5,296.45,0.6,296.46,10.1
1753600126809,07:08:46.809,bitget,AAVE/USDT:USDT,296.44,1.6,296.43,5.5,296.45,0.6,296.46,10.1
1753600126959,07:08:46.959,bitget,AAVE/USDT:USDT,296.44,1.6,296.43,5.5,296.45,0.6,296.46,10.1
1753600127109,07:08:47.109,bitget,AAVE/USDT:USDT,296.44,1.6,296.43,5.5,296.45,0.6,296.46,9.3
1753600127259,07:08:47.259,bitget,AAVE/USDT:USDT,296.44,1.6,296.43,5.5,296.45,0.6,296.46,9.3
1753600127409,07:08:47.409,bitget,AAVE/USDT:USDT,296.44,1.6,296.43,5.5,296.45,0.6,296.46,9.3
1753600127559,07:08:47.559,bitget,AAVE/USDT:USDT,296.44,1.6,296.43,5.5,296.45,0.5,296.46,9.3
1753600127709,07:08:47.709,bitget,AAVE/USDT:USDT,296.44,1.6,296.43,5.5,296.45,0.5,296.46,9.3
1753600127859,07:08:47.859,bitget,AAVE/USDT:USDT,296.44,1.6,296.43,5.5,296.45,0.5,296.46,9.3
1753600128010,07:08:48.010,bitget,AAVE/USDT:USDT,296.44,1.6,296.43,5.5,296.46,9.3,296.47,30.4
1753600128160,07:08:48.160,bitget,AAVE/USDT:USDT,296.45,1.1,296.44,3.2,296.46,9.3,296.47,30.4
1753600128310,07:08:48.310,bitget,AAVE/USDT:USDT,296.45,1.6,296.44,2.4,296.46,1.9,296.47,30.4
1753600128460,07:08:48.460,bitget,AAVE/USDT:USDT,296.45,1.6,296.44,2.4,296.46,2.9,296.47,4.6
1753600128610,07:08:48.610,bitget,AAVE/USDT:USDT,296.45,1.6,296.44,2.4,296.46,2.4,296.47,5.4
1753600128760,07:08:48.760,bitget,AAVE/USDT:USDT,296.45,1.6,296.44,2.4,296.46,2.4,296.47,4.6
1753600128910,07:08:48.910,bitget,AAVE/USDT:USDT,296.45,1.6,296.44,2.4,296.46,2.4,296.47,4.6
1753600129060,07:08:49.060,bitget,AAVE/USDT:USDT,296.45,1.6,296.44,2.4,296.46,2.4,296.47,5.4
1753600129210,07:08:49.210,bitget,AAVE/USDT:USDT,296.45,1.6,296.44,2.4,296.46,2.4,296.47,5.4
1753600129360,07:08:49.360,bitget,AAVE/USDT:USDT,296.45,1.6,296.44,2.4,296.46,2.4,296.47,5.4
1753600129510,07:08:49.510,bitget,AAVE/USDT:USDT,296.45,1.6,296.44,2.4,296.46,2.4,296.47,5.4
1753600129660,07:08:49.660,bitget,AAVE/USDT:USDT,296.45,1.6,296.44,2.4,296.46,2.4,296.47,5.4
1753600129811,07:08:49.811,bitget,AAVE/USDT:USDT,296.45,1.6,296.44,2.4,296.46,2.4,296.47,5.4
1753600129961,07:08:49.961,bitget,AAVE/USDT:USDT,296.45,1.6,296.44,2.4,296.46,2.4,296.47,5.4
1753600130111,07:08:50.111,bitget,AAVE/USDT:USDT,296.45,1.3,296.44,2.4,296.46,2.7,296.47,5.4
1753600130261,07:08:50.261,bitget,AAVE/USDT:USDT,296.45,1.3,296.44,2.4,296.46,2.7,296.47,5.4
1753600130411,07:08:50.411,bitget,AAVE/USDT:USDT,296.45,1.3,296.44,2.4,296.46,2.7,296.47,5.4
1753600130561,07:08:50.561,bitget,AAVE/USDT:USDT,296.45,1.3,296.44,2.4,296.46,2.7,296.47,5.4
1753600130711,07:08:50.711,bitget,AAVE/USDT:USDT,296.45,1.6,296.44,2.4,296.46,2.4,296.47,4.6
1753600130861,07:08:50.861,bitget,AAVE/USDT:USDT,296.45,1.6,296.44,2.4,296.46,2.4,296.47,5.4
1753600131011,07:08:51.011,bitget,AAVE/USDT:USDT,296.45,1.6,296.44,2.4,296.46,2.4,296.47,5.4
1753600131161,07:08:51.161,bitget,AAVE/USDT:USDT,296.45,1.6,296.44,2.4,296.46,2.4,296.47,5.4
1753600131311,07:08:51.311,bitget,AAVE/USDT:USDT,296.45,1.6,296.44,2.4,296.46,2.4,296.47,4.6
1753600131461,07:08:51.461,bitget,AAVE/USDT:USDT,296.45,1.6,296.44,2.4,296.46,2.4,296.47,4.6
1753600131612,07:08:51.612,bitget,AAVE/USDT:USDT,296.45,1.6,296.44,2.4,296.46,2.7,296.47,4.6
1753600131762,07:08:51.762,bitget,AAVE/USDT:USDT,296.45,1.6,296.44,2.4,296.46,2.4,296.47,5.4
1753600131912,07:08:51.912,bitget,AAVE/USDT:USDT,296.45,1.6,296.44,2.4,296.46,2.4,296.47,4.6
1753600132062,07:08:52.062,bitget,AAVE/USDT:USDT,296.45,1.6,296.44,2.4,296.46,2.4,296.47,4.6
1753600132212,07:08:52.212,bitget,AAVE/USDT:USDT,296.45,1.6,296.44,2.4,296.46,2.4,296.47,5.4
1753600132362,07:08:52.362,bitget,AAVE/USDT:USDT,296.45,1.6,296.44,2.4,296.46,2.4,296.47,5.4
1753600132512,07:08:52.512,bitget,AAVE/USDT:USDT,296.45,1.6,296.44,2.4,296.46,2.4,296.47,5.4
1753600132662,07:08:52.662,bitget,AAVE/USDT:USDT,296.45,1.6,296.44,2.4,296.46,2.4,296.47,5.4
1753600132812,07:08:52.812,bitget,AAVE/USDT:USDT,296.45,1.6,296.44,2.4,296.46,2.4,296.47,5.4
1753600132962,07:08:52.962,bitget,AAVE/USDT:USDT,296.45,1.6,296.44,2.4,296.46,2.4,296.47,5.4
1753600133112,07:08:53.112,bitget,AAVE/USDT:USDT,296.45,1.6,296.44,2.4,296.46,2.4,296.47,5.4
1753600133263,07:08:53.263,bitget,AAVE/USDT:USDT,296.45,2.4,296.44,4.7,296.46,0.5,296.47,2.7
1753600133413,07:08:53.413,bitget,AAVE/USDT:USDT,296.46,1.5,296.45,4.0,296.47,0.2,296.48,0.8
1753600133563,07:08:53.563,bitget,AAVE/USDT:USDT,296.46,2.0,296.45,3.2,296.47,0.6,296.48,1.6
1753600133713,07:08:53.713,bitget,AAVE/USDT:USDT,296.46,0.8,296.45,3.2,296.47,0.6,296.48,3.7
1753600133863,07:08:53.863,bitget,AAVE/USDT:USDT,296.46,0.8,296.45,3.2,296.47,0.6,296.48,2.9
1753600134013,07:08:54.013,bitget,AAVE/USDT:USDT,296.46,0.8,296.45,3.2,296.47,0.2,296.48,3.7
1753600134163,07:08:54.163,bitget,AAVE/USDT:USDT,296.46,0.8,296.45,3.2,296.47,0.4,296.48,3.7
1753600134313,07:08:54.313,bitget,AAVE/USDT:USDT,296.46,0.8,296.45,3.2,296.47,0.4,296.48,3.7
1753600134463,07:08:54.463,bitget,AAVE/USDT:USDT,296.46,0.8,296.45,3.2,296.47,0.4,296.48,3.7
1753600134613,07:08:54.613,bitget,AAVE/USDT:USDT,296.46,0.8,296.45,3.2,296.47,0.4,296.48,1.6
1753600134763,07:08:54.763,bitget,AAVE/USDT:USDT,296.46,0.8,296.45,3.2,296.47,0.4,296.48,1.6
1753600134913,07:08:54.913,bitget,AAVE/USDT:USDT,296.46,0.8,296.45,3.2,296.47,0.4,296.48,3.7
1753600135063,07:08:55.063,bitget,AAVE/USDT:USDT,296.46,0.8,296.45,2.4,296.47,0.4,296.48,3.7
1753600135214,07:08:55.214,bitget,AAVE/USDT:USDT,296.46,0.8,296.45,2.4,296.47,0.4,296.48,3.7
1753600135364,07:08:55.364,bitget,AAVE/USDT:USDT,296.46,0.8,296.45,2.4,296.47,0.4,296.48,3.7
1753600135514,07:08:55.514,bitget,AAVE/USDT:USDT,296.46,0.8,296.45,2.4,296.47,0.4,296.48,3.7
1753600135664,07:08:55.664,bitget,AAVE/USDT:USDT,296.46,0.8,296.45,2.4,296.47,0.4,296.48,3.7
1753600135814,07:08:55.814,bitget,AAVE/USDT:USDT,296.46,0.8,296.45,2.4,296.47,0.4,296.48,3.7
1753600135964,07:08:55.964,bitget,AAVE/USDT:USDT,296.46,0.8,296.45,2.4,296.47,0.4,296.48,3.7
1753600136114,07:08:56.114,bitget,AAVE/USDT:USDT,296.46,0.8,296.45,2.4,296.47,0.4,296.48,2.9
1753600136264,07:08:56.264,bitget,AAVE/USDT:USDT,296.47,1.2,296.46,4.8,296.48,0.8,296.49,7.5
1753600136414,07:08:56.414,bitget,AAVE/USDT:USDT,296.5,225.5,296.48,74.3,296.51,0.1,296.52,0.2
1753600136564,07:08:56.564,bitget,AAVE/USDT:USDT,296.51,1.2,296.5,5.8,296.55,8.9,296.58,3.7
1753600136714,07:08:56.714,bitget,AAVE/USDT:USDT,296.54,1.3,296.52,2.4,296.55,6.4,296.56,3.5
1753600136865,07:08:56.865,bitget,AAVE/USDT:USDT,296.54,1.3,296.52,2.4,296.55,7.1,296.56,3.5
1753600137015,07:08:57.015,bitget,AAVE/USDT:USDT,296.54,1.3,296.53,5.0,296.55,3.1,296.56,4.4
1753600137165,07:08:57.165,bitget,AAVE/USDT:USDT,296.54,1.3,296.53,1.0,296.55,3.1,296.56,4.4
1753600137315,07:08:57.315,bitget,AAVE/USDT:USDT,296.54,1.3,296.53,1.0,296.55,3.1,296.56,4.4
1753600137465,07:08:57.465,bitget,AAVE/USDT:USDT,296.54,1.3,296.52,2.4,296.55,3.4,296.56,4.4
1753600137615,07:08:57.615,bitget,AAVE/USDT:USDT,296.54,0.8,296.52,0.5,296.55,7.1,296.56,4.4
1753600137765,07:08:57.765,bitget,AAVE/USDT:USDT,296.54,0.8,296.52,0.5,296.55,7.1,296.56,32.0
1753600137915,07:08:57.915,bitget,AAVE/USDT:USDT,296.54,0.8,296.52,0.5,296.55,7.1,296.56,32.0
1753600138065,07:08:58.065,bitget,AAVE/USDT:USDT,296.54,0.8,296.52,0.5,296.55,7.7,296.56,35.4
1753600138215,07:08:58.215,bitget,AAVE/USDT:USDT,296.54,2.3,296.52,0.5,296.55,2.6,296.56,32.0
1753600138365,07:08:58.365,bitget,AAVE/USDT:USDT,296.54,1.3,296.52,0.5,296.55,3.3,296.56,33.1
1753600138516,07:08:58.516,bitget,AAVE/USDT:USDT,296.54,0.8,296.52,0.5,296.55,7.3,296.56,33.1
1753600138666,07:08:58.666,bitget,AAVE/USDT:USDT,296.52,0.5,296.49,25.8,296.55,7.3,296.56,33.1
1753600138816,07:08:58.816,bitget,AAVE/USDT:USDT,296.52,0.8,296.49,25.8,296.53,1.6,296.54,0.4
1753600138966,07:08:58.966,bitget,AAVE/USDT:USDT,296.52,0.8,296.51,5.0,296.53,0.3,296.54,2.5
1753600139116,07:08:59.116,bitget,AAVE/USDT:USDT,296.52,0.8,296.51,5.0,296.54,2.5,296.55,8.9
1753600139266,07:08:59.266,bitget,AAVE/USDT:USDT,296.53,0.3,296.52,2.4,296.54,2.5,296.55,8.9
1753600139416,07:08:59.416,bitget,AAVE/USDT:USDT,296.53,0.8,296.52,2.4,296.54,0.7,296.55,8.9
1753600139566,07:08:59.566,bitget,AAVE/USDT:USDT,296.53,0.8,296.52,2.4,296.54,0.3,296.55,8.9
1753600139716,07:08:59.716,bitget,AAVE/USDT:USDT,296.53,0.8,296.52,2.4,296.54,0.3,296.55,4.9
1753600139866,07:08:59.866,bitget,AAVE/USDT:USDT,296.53,0.8,296.52,2.4,296.54,0.3,296.55,4.9
1753600140016,07:09:00.016,bitget,AAVE/USDT:USDT,296.53,0.8,296.52,3.4,296.54,0.3,296.55,4.9
1753600140166,07:09:00.166,bitget,AAVE/USDT:USDT,296.52,2.4,296.5,0.3,296.54,0.3,296.55,4.9
1753600140316,07:09:00.316,bitget,AAVE/USDT:USDT,296.5,0.3,296.49,25.8,296.53,7.1,296.54,0.3
1753600140467,07:09:00.467,bitget,AAVE/USDT:USDT,296.52,0.5,296.51,6.4,296.53,1.9,296.54,1.3
1753600140617,07:09:00.617,bitget,AAVE/USDT:USDT,296.52,1.6,296.51,6.4,296.53,0.3,296.54,1.3
1753600140767,07:09:00.767,bitget,AAVE/USDT:USDT,296.52,1.6,296.51,6.4,296.53,0.3,296.54,1.3
1753600140917,07:09:00.917,bitget,AAVE/USDT:USDT,296.52,1.6,296.51,6.4,296.53,0.3,296.54,1.3
1753600141067,07:09:01.067,bitget,AAVE/USDT:USDT,296.52,1.6,296.51,6.4,296.54,1.3,296.55,4.9
1753600141217,07:09:01.217,bitget,AAVE/USDT:USDT,296.52,1.3,296.51,2.4,296.53,1.1,296.54,3.2
1753600141367,07:09:01.367,bitget,AAVE/USDT:USDT,296.52,1.6,296.51,2.4,296.53,0.3,296.54,3.2
1753600141517,07:09:01.517,bitget,AAVE/USDT:USDT,296.52,1.6,296.51,6.4,296.53,0.3,296.54,4.0
1753600141667,07:09:01.667,bitget,AAVE/USDT:USDT,296.52,1.6,296.51,6.4,296.54,4.0,296.55,4.9
1753600141817,07:09:01.817,bitget,AAVE/USDT:USDT,296.53,0.8,296.52,1.3,296.54,4.0,296.55,4.9
1753600141967,07:09:01.967,bitget,AAVE/USDT:USDT,296.53,0.8,296.52,0.5,296.54,2.2,296.55,5.7
1753600142118,07:09:02.118,bitget,AAVE/USDT:USDT,296.53,0.8,296.52,0.5,296.54,2.2,296.55,5.7
1753600142268,07:09:02.268,bitget,AAVE/USDT:USDT,296.53,0.8,296.52,0.5,296.54,2.2,296.55,5.7
1753600142418,07:09:02.418,bitget,AAVE/USDT:USDT,296.53,0.8,296.52,0.5,296.54,2.2,296.55,5.7
1753600142567,07:09:02.567,bitget,AAVE/USDT:USDT,296.53,0.8,296.51,1.9,296.54,6.2,296.55,5.7
1753600142718,07:09:02.718,bitget,AAVE/USDT:USDT,296.53,0.8,296.51,1.9,296.54,6.2,296.55,5.7
1753600142868,07:09:02.868,bitget,AAVE/USDT:USDT,296.53,0.8,296.51,1.9,296.54,6.2,296.55,5.7
1753600143018,07:09:03.018,bitget,AAVE/USDT:USDT,296.53,0.8,296.51,1.9,296.54,6.2,296.55,5.7
1753600143168,07:09:03.168,bitget,AAVE/USDT:USDT,296.53,0.8,296.51,1.9,296.54,6.2,296.55,5.9
1753600143318,07:09:03.318,bitget,AAVE/USDT:USDT,296.48,1.9,296.47,3.1,296.52,0.7,296.53,6.7
1753600143468,07:09:03.468,bitget,AAVE/USDT:USDT,296.51,0.8,296.5,0.3,296.52,2.7,296.53,4.0
1753600143618,07:09:03.618,bitget,AAVE/USDT:USDT,296.51,1.6,296.49,5.5,296.52,0.9,296.53,1.5
1753600143768,07:09:03.768,bitget,AAVE/USDT:USDT,296.51,1.6,296.49,5.5,296.52,0.7,296.53,3.2
1753600143919,07:09:03.919,bitget,AAVE/USDT:USDT,296.51,1.3,296.49,1.5,296.52,1.0,296.53,3.2
1753600144068,07:09:04.068,bitget,AAVE/USDT:USDT,296.51,1.6,296.5,4.0,296.52,0.7,296.53,2.4
1753600144219,07:09:04.219,bitget,AAVE/USDT:USDT,296.51,1.6,296.5,4.0,296.52,0.7,296.53,2.4
1753600144369,07:09:04.369,bitget,AAVE/USDT:USDT,296.51,1.6,296.5,4.0,296.52,0.7,296.53,0.7
1753600144519,07:09:04.519,bitget,AAVE/USDT:USDT,296.51,1.6,296.5,4.0,296.52,1.1,296.53,0.7
1753600144669,07:09:04.669,bitget,AAVE/USDT:USDT,296.51,1.6,296.5,4.0,296.52,1.1,296.54,2.1
1753600144819,07:09:04.819,bitget,AAVE/USDT:USDT,296.51,1.6,296.5,4.0,296.52,1.1,296.54,2.1
1753600144969,07:09:04.969,bitget,AAVE/USDT:USDT,296.51,1.6,296.5,4.0,296.52,1.1,296.54,2.1
1753600145119,07:09:05.119,bitget,AAVE/USDT:USDT,296.51,1.6,296.5,4.0,296.52,1.1,296.54,2.1
1753600145269,07:09:05.269,bitget,AAVE/USDT:USDT,296.51,1.6,296.5,4.0,296.52,1.1,296.54,2.1
1753600145419,07:09:05.419,bitget,AAVE/USDT:USDT,296.51,1.6,296.5,4.0,296.52,1.1,296.53,0.8
1753600145569,07:09:05.569,bitget,AAVE/USDT:USDT,296.51,1.6,296.49,1.5,296.52,1.1,296.53,0.8
1753600145720,07:09:05.720,bitget,AAVE/USDT:USDT,296.51,1.6,296.5,4.0,296.52,1.1,296.54,9.1
1753600145870,07:09:05.870,bitget,AAVE/USDT:USDT,296.51,1.6,296.5,4.0,296.52,1.1,296.54,9.1
1753600146020,07:09:06.020,bitget,AAVE/USDT:USDT,296.51,1.6,296.5,4.0,296.52,1.1,296.54,9.1
1753600146170,07:09:06.170,bitget,AAVE/USDT:USDT,296.51,1.6,296.5,4.0,296.52,1.1,296.54,9.1
1753600146320,07:09:06.320,bitget,AAVE/USDT:USDT,296.51,1.6,296.5,4.0,296.52,1.1,296.54,9.1
1753600146470,07:09:06.470,bitget,AAVE/USDT:USDT,296.51,1.6,296.5,4.0,296.52,1.1,296.54,2.1
1753600146620,07:09:06.620,bitget,AAVE/USDT:USDT,296.51,1.6,296.5,4.0,296.52,1.1,296.54,2.1
