timestamp,time,exchange,symbol,bid1_price,bid1_volume,bid2_price,bid2_volume,ask1_price,ask1_volume,ask2_price,ask2_volume
1753599992309,07:06:32.309,okx,ACT/USDT:USDT,0.0461,861.0,0.04609,14864.0,0.04611,13216.0,0.04612,23998.0
1753599992609,07:06:32.609,okx,ACT/USDT:USDT,0.0461,880.0,0.04609,14864.0,0.04611,8129.0,0.04612,19155.0
1753599992709,07:06:32.709,okx,ACT/USDT:USDT,0.0461,880.0,0.04609,14864.0,0.04611,8129.0,0.04612,19155.0
1753599994209,07:06:34.209,okx,ACT/USDT:USDT,0.0461,880.0,0.04609,14864.0,0.04611,8129.0,0.04612,18721.0
1753599994709,07:06:34.709,okx,ACT/USDT:USDT,0.0461,881.0,0.04609,17541.0,0.04611,8129.0,0.04612,18721.0
1753599995109,07:06:35.109,okx,ACT/USDT:USDT,0.0461,871.0,0.04609,14864.0,0.04611,8966.0,0.04612,19155.0
1753599995409,07:06:35.409,okx,ACT/USDT:USDT,0.0461,871.0,0.04609,14864.0,0.04611,8966.0,0.04612,19155.0
1753599995609,07:06:35.609,okx,ACT/USDT:USDT,0.0461,871.0,0.04609,17541.0,0.04611,7951.0,0.04612,16478.0
1753599996109,07:06:36.109,okx,ACT/USDT:USDT,0.0461,871.0,0.04609,14864.0,0.04611,8956.0,0.04612,19155.0
1753599996409,07:06:36.409,okx,ACT/USDT:USDT,0.0461,871.0,0.04609,14864.0,0.04611,7951.0,0.04612,19155.0
1753599996709,07:06:36.709,okx,ACT/USDT:USDT,0.0461,871.0,0.04609,14864.0,0.04611,8956.0,0.04612,19155.0
1753599996809,07:06:36.809,okx,ACT/USDT:USDT,0.0461,871.0,0.04609,14864.0,0.04611,8956.0,0.04612,19155.0
1753599996909,07:06:36.909,okx,ACT/USDT:USDT,0.0461,2869.0,0.04609,16758.0,0.04611,7951.0,0.04612,16044.0
1753599997709,07:06:37.709,okx,ACT/USDT:USDT,0.0461,2869.0,0.04609,13076.0,0.04611,7951.0,0.04612,18721.0
1753599998709,07:06:38.709,okx,ACT/USDT:USDT,0.0461,2870.0,0.04609,13076.0,0.04611,8956.0,0.04612,19155.0
1753599999009,07:06:39.009,okx,ACT/USDT:USDT,0.0461,2870.0,0.04609,13076.0,0.04611,8956.0,0.04612,25659.0
1753599999309,07:06:39.309,okx,ACT/USDT:USDT,0.0461,872.0,0.04609,13076.0,0.04611,8956.0,0.04612,25659.0
1753599999409,07:06:39.409,okx,ACT/USDT:USDT,0.0461,872.0,0.04609,14840.0,0.04611,8956.0,0.04612,19155.0
1753600000509,07:06:40.509,okx,ACT/USDT:USDT,0.0461,8755.0,0.04609,21164.0,0.04611,5732.0,0.04612,6240.0
1753600000609,07:06:40.609,okx,ACT/USDT:USDT,0.0461,10927.0,0.04609,17192.0,0.04611,5734.0,0.04612,6240.0
1753600001009,07:06:41.009,okx,ACT/USDT:USDT,0.0461,3913.0,0.04609,17192.0,0.04611,5734.0,0.04612,6240.0
1753600001109,07:06:41.109,okx,ACT/USDT:USDT,0.0461,5209.0,0.04609,14081.0,0.04611,7951.0,0.04612,15280.0
1753600001209,07:06:41.209,okx,ACT/USDT:USDT,0.0461,872.0,0.04609,16032.0,0.04611,10119.0,0.04612,15280.0
1753600001809,07:06:41.809,okx,ACT/USDT:USDT,0.0461,872.0,0.04609,15027.0,0.04611,13382.0,0.04612,30963.0
1753600001909,07:06:41.909,okx,ACT/USDT:USDT,0.0461,872.0,0.04609,15027.0,0.04611,12948.0,0.04612,30963.0
1753600002109,07:06:42.109,okx,ACT/USDT:USDT,0.0461,872.0,0.04609,16032.0,0.04611,12377.0,0.04612,32447.0
1753600002209,07:06:42.209,okx,ACT/USDT:USDT,0.0461,872.0,0.04609,16032.0,0.04611,11943.0,0.04612,32447.0
1753600003409,07:06:43.409,okx,ACT/USDT:USDT,0.0461,872.0,0.04609,16032.0,0.04611,7949.0,0.04612,19228.0
1753600004609,07:06:44.609,okx,ACT/USDT:USDT,0.0461,888.0,0.04609,18709.0,0.04611,7949.0,0.04612,13949.0
1753600004809,07:06:44.809,okx,ACT/USDT:USDT,0.0461,888.0,0.04609,16032.0,0.04611,7949.0,0.04612,17060.0
1753600005609,07:06:45.609,okx,ACT/USDT:USDT,0.0461,888.0,0.04609,15027.0,0.04611,15353.0,0.04612,32447.0
1753600005809,07:06:45.809,okx,ACT/USDT:USDT,0.0461,888.0,0.04609,15027.0,0.04611,15353.0,0.04612,32447.0
1753600005909,07:06:45.909,okx,ACT/USDT:USDT,0.0461,2363.0,0.04609,15027.0,0.04611,14348.0,0.04612,34615.0
1753600006009,07:06:46.009,okx,ACT/USDT:USDT,0.0461,888.0,0.04609,15027.0,0.04611,15353.0,0.04612,34615.0
1753600006509,07:06:46.509,okx,ACT/USDT:USDT,0.0461,883.0,0.04609,15027.0,0.04611,12553.0,0.04612,34615.0
1753600007509,07:06:47.509,okx,ACT/USDT:USDT,0.04609,6632.0,0.04608,24087.0,0.0461,6224.0,0.04611,19857.0
1753600007709,07:06:47.709,okx,ACT/USDT:USDT,0.04609,6632.0,0.04608,24087.0,0.0461,1336.0,0.04611,8953.0
1753600007809,07:06:47.809,okx,ACT/USDT:USDT,0.0461,2358.0,0.04609,22271.0,0.04611,7947.0,0.04612,11883.0
1753600007909,07:06:47.909,okx,ACT/USDT:USDT,0.0461,2360.0,0.04609,19054.0,0.04611,7949.0,0.04612,11883.0
1753600008209,07:06:48.209,okx,ACT/USDT:USDT,0.0461,1477.0,0.04609,19055.0,0.04611,7949.0,0.04612,19776.0
1753600008609,07:06:48.609,okx,ACT/USDT:USDT,0.0461,314.0,0.04609,19055.0,0.04611,11614.0,0.04612,18059.0
1753600008909,07:06:48.909,okx,ACT/USDT:USDT,0.0461,2.0,0.04609,19055.0,0.04611,9819.0,0.04612,24563.0
1753600009009,07:06:49.009,okx,ACT/USDT:USDT,0.04609,15857.0,0.04608,38508.0,0.04611,13114.0,0.04612,20585.0
1753600009109,07:06:49.109,okx,ACT/USDT:USDT,0.04609,8557.0,0.04608,38508.0,0.0461,2219.0,0.04611,13115.0
1753600009509,07:06:49.509,okx,ACT/USDT:USDT,0.0461,2058.0,0.04609,23727.0,0.04611,10238.0,0.04612,22000.0
1753600010709,07:06:50.709,okx,ACT/USDT:USDT,0.0461,885.0,0.04609,26080.0,0.04611,11940.0,0.04612,16437.0
1753600010909,07:06:50.909,okx,ACT/USDT:USDT,0.0461,885.0,0.04609,26080.0,0.04611,10247.0,0.04612,20197.0
1753600011109,07:06:51.109,okx,ACT/USDT:USDT,0.0461,2.0,0.04609,23416.0,0.04611,10247.0,0.04612,24300.0
1753600011209,07:06:51.209,okx,ACT/USDT:USDT,0.0461,885.0,0.04609,26080.0,0.04611,12103.0,0.04612,16003.0
1753600011309,07:06:51.309,okx,ACT/USDT:USDT,0.0461,883.0,0.04609,26080.0,0.04611,12103.0,0.04612,16003.0
1753600011409,07:06:51.409,okx,ACT/USDT:USDT,0.0461,1888.0,0.04609,26514.0,0.04611,7955.0,0.04612,16003.0
1753600012109,07:06:52.109,okx,ACT/USDT:USDT,0.04609,17644.0,0.04608,32964.0,0.04611,7955.0,0.04612,18051.0
1753600012309,07:06:52.309,okx,ACT/USDT:USDT,0.04609,25159.0,0.04608,35133.0,0.04611,7955.0,0.04612,18051.0
1753600012409,07:06:52.409,okx,ACT/USDT:USDT,0.04609,25159.0,0.04608,35133.0,0.04611,11209.0,0.04612,18051.0
1753600013109,07:06:53.109,okx,ACT/USDT:USDT,0.0461,8687.0,0.04609,26301.0,0.04611,5738.0,0.04612,4459.0
1753600013509,07:06:53.509,okx,ACT/USDT:USDT,0.0461,10855.0,0.04609,28469.0,0.04611,5738.0,0.04612,4459.0
1753600013809,07:06:53.809,okx,ACT/USDT:USDT,0.0461,10855.0,0.04609,30637.0,0.04611,5738.0,0.04612,4459.0
1753600014309,07:06:54.309,okx,ACT/USDT:USDT,0.0461,15624.0,0.04609,43413.0,0.04611,5738.0,0.04612,2411.0
1753600014609,07:06:54.609,okx,ACT/USDT:USDT,0.0461,17786.0,0.04609,60341.0,0.04611,5738.0,0.04612,2411.0
1753600015109,07:06:55.109,okx,ACT/USDT:USDT,0.0461,17352.0,0.04609,60341.0,0.04611,5738.0,0.04612,2411.0
1753600015509,07:06:55.509,okx,ACT/USDT:USDT,0.0461,2159.0,0.04609,35344.0,0.04611,7072.0,0.04612,13524.0
1753600016409,07:06:56.409,okx,ACT/USDT:USDT,0.0461,5750.0,0.04609,36449.0,0.04611,7955.0,0.04612,4216.0
1753600016809,07:06:56.809,okx,ACT/USDT:USDT,0.0461,5750.0,0.04609,36449.0,0.04611,7955.0,0.04612,4216.0
1753600017109,07:06:57.109,okx,ACT/USDT:USDT,0.0461,8054.0,0.04609,36449.0,0.04611,7955.0,0.04612,4216.0
1753600018209,07:06:58.209,okx,ACT/USDT:USDT,0.0461,4745.0,0.04609,33351.0,0.04611,7955.0,0.04612,8319.0
1753600018909,07:06:58.909,okx,ACT/USDT:USDT,0.0461,8052.0,0.04609,36449.0,0.04611,7955.0,0.04612,4216.0
1753600019109,07:06:59.109,okx,ACT/USDT:USDT,0.0461,7047.0,0.04609,38617.0,0.04611,5738.0,0.04612,4216.0
1753600019209,07:06:59.209,okx,ACT/USDT:USDT,0.0461,8052.0,0.04609,38617.0,0.04611,5738.0,0.04612,4216.0
1753600019309,07:06:59.309,okx,ACT/USDT:USDT,0.0461,10219.0,0.04609,40784.0,0.04611,5738.0,0.04612,4216.0
1753600020009,07:07:00.009,okx,ACT/USDT:USDT,0.0461,17653.0,0.04609,57731.0,0.04611,5738.0,0.04612,4216.0
1753600020109,07:07:00.109,okx,ACT/USDT:USDT,0.0461,17653.0,0.04609,57731.0,0.04611,5738.0,0.04612,4216.0
1753600020309,07:07:00.309,okx,ACT/USDT:USDT,0.0461,19815.0,0.04609,64872.0,0.04611,5738.0,0.04612,4216.0
1753600020909,07:07:00.909,okx,ACT/USDT:USDT,0.04611,14833.0,0.0461,39373.0,0.04612,654.0,0.04613,4496.0
1753600021009,07:07:01.009,okx,ACT/USDT:USDT,0.04611,14833.0,0.0461,43470.0,0.04612,2871.0,0.04613,4496.0
1753600021509,07:07:01.509,okx,ACT/USDT:USDT,0.04611,12698.0,0.0461,43457.0,0.04612,483.0,0.04613,4496.0
1753600021709,07:07:01.709,okx,ACT/USDT:USDT,0.04611,12698.0,0.0461,41153.0,0.04612,483.0,0.04613,4496.0
1753600022309,07:07:02.309,okx,ACT/USDT:USDT,0.04611,12400.0,0.0461,30677.0,0.04612,2700.0,0.04613,4496.0
1753600022409,07:07:02.409,okx,ACT/USDT:USDT,0.04611,12400.0,0.0461,30677.0,0.04612,2700.0,0.04613,4498.0
1753600022509,07:07:02.509,okx,ACT/USDT:USDT,0.04611,12401.0,0.0461,30677.0,0.04612,2700.0,0.04613,4498.0
1753600022909,07:07:02.909,okx,ACT/USDT:USDT,0.04611,7408.0,0.0461,30677.0,0.04612,2700.0,0.04613,4498.0
1753600023009,07:07:03.009,okx,ACT/USDT:USDT,0.04611,7408.0,0.0461,30677.0,0.04612,2700.0,0.04613,6666.0
1753600023409,07:07:03.409,okx,ACT/USDT:USDT,0.04611,12487.0,0.0461,28509.0,0.04612,2700.0,0.04613,4496.0
1753600025009,07:07:05.009,okx,ACT/USDT:USDT,0.04611,12487.0,0.0461,28509.0,0.04612,2700.0,0.04613,4496.0
1753600025309,07:07:05.309,okx,ACT/USDT:USDT,0.04611,10183.0,0.0461,28509.0,0.04612,2700.0,0.04613,4496.0
1753600025609,07:07:05.609,okx,ACT/USDT:USDT,0.04611,11497.0,0.0461,28509.0,0.04612,2747.0,0.04613,4496.0
1753600026509,07:07:06.509,okx,ACT/USDT:USDT,0.04611,9193.0,0.0461,28509.0,0.04612,2747.0,0.04613,4496.0
1753600026909,07:07:06.909,okx,ACT/USDT:USDT,0.04611,9338.0,0.0461,28509.0,0.04612,2747.0,0.04613,4496.0
1753600027509,07:07:07.509,okx,ACT/USDT:USDT,0.04611,13454.0,0.0461,28509.0,0.04612,530.0,0.04613,4496.0
1753600027809,07:07:07.809,okx,ACT/USDT:USDT,0.04611,10343.0,0.0461,28509.0,0.04612,2747.0,0.04613,4496.0
1753600027909,07:07:07.909,okx,ACT/USDT:USDT,0.04611,9338.0,0.0461,28509.0,0.04612,2747.0,0.04613,4496.0
1753600029309,07:07:09.309,okx,ACT/USDT:USDT,0.04611,6699.0,0.0461,23881.0,0.04612,8114.0,0.04613,6902.0
1753600029409,07:07:09.409,okx,ACT/USDT:USDT,0.04611,6699.0,0.0461,23881.0,0.04612,8114.0,0.04613,6902.0
1753600029709,07:07:09.709,okx,ACT/USDT:USDT,0.04611,2363.0,0.0461,23881.0,0.04612,9902.0,0.04613,21203.0
1753600030209,07:07:10.209,okx,ACT/USDT:USDT,0.04611,59.0,0.0461,23881.0,0.04612,7300.0,0.04613,14699.0
1753600030309,07:07:10.309,okx,ACT/USDT:USDT,0.04611,2360.0,0.0461,23881.0,0.04612,5512.0,0.04613,14699.0
1753600030809,07:07:10.809,okx,ACT/USDT:USDT,0.04611,2360.0,0.0461,23881.0,0.04612,5512.0,0.04613,14699.0
1753600030909,07:07:10.909,okx,ACT/USDT:USDT,0.04611,2360.0,0.0461,13155.0,0.04612,7300.0,0.04613,14699.0
1753600031309,07:07:11.309,okx,ACT/USDT:USDT,0.04611,56.0,0.0461,13155.0,0.04612,3752.0,0.04613,14916.0
1753600031509,07:07:11.509,okx,ACT/USDT:USDT,0.04611,2360.0,0.0461,13155.0,0.04612,4186.0,0.04613,16897.0
1753600031909,07:07:11.909,okx,ACT/USDT:USDT,0.04611,2360.0,0.0461,13155.0,0.04612,5541.0,0.04613,14916.0
1753600032409,07:07:12.409,okx,ACT/USDT:USDT,0.04611,2360.0,0.0461,13155.0,0.04612,7763.0,0.04613,14916.0
1753600032609,07:07:12.609,okx,ACT/USDT:USDT,0.04611,56.0,0.0461,13155.0,0.04612,7763.0,0.04613,14916.0
1753600033709,07:07:13.709,okx,ACT/USDT:USDT,0.04609,17942.0,0.04608,28963.0,0.04611,11293.0,0.04612,27255.0
1753600034309,07:07:14.309,okx,ACT/USDT:USDT,0.04609,4126.0,0.04608,19780.0,0.0461,5642.0,0.04611,17346.0
1753600034909,07:07:14.909,okx,ACT/USDT:USDT,0.04608,10096.0,0.04607,16256.0,0.04609,5012.0,0.0461,13149.0
1753600035009,07:07:15.009,okx,ACT/USDT:USDT,0.04608,10096.0,0.04607,16256.0,0.04609,5012.0,0.0461,13149.0
1753600035709,07:07:15.709,okx,ACT/USDT:USDT,0.04608,7806.0,0.04607,16256.0,0.04609,5239.0,0.0461,19911.0
1753600035809,07:07:15.809,okx,ACT/USDT:USDT,0.04608,7806.0,0.04607,16256.0,0.04609,5239.0,0.0461,19911.0
1753600036109,07:07:16.109,okx,ACT/USDT:USDT,0.04608,1857.0,0.04607,16256.0,0.04609,5239.0,0.0461,19911.0
1753600036409,07:07:16.409,okx,ACT/USDT:USDT,0.04608,7093.0,0.04607,11334.0,0.04609,5239.0,0.0461,19911.0
1753600036609,07:07:16.609,okx,ACT/USDT:USDT,0.04608,7093.0,0.04607,11334.0,0.04609,5239.0,0.0461,19911.0
1753600036709,07:07:16.709,okx,ACT/USDT:USDT,0.04608,7093.0,0.04607,11334.0,0.04609,7027.0,0.0461,19911.0
1753600037109,07:07:17.109,okx,ACT/USDT:USDT,0.04608,1857.0,0.04607,17396.0,0.04609,7027.0,0.0461,22514.0
1753600037209,07:07:17.209,okx,ACT/USDT:USDT,0.04608,1857.0,0.04607,17396.0,0.04609,7027.0,0.0461,22080.0
1753600037409,07:07:17.409,okx,ACT/USDT:USDT,0.04608,7919.0,0.04607,11334.0,0.04609,7027.0,0.0461,13404.0
1753600037709,07:07:17.709,okx,ACT/USDT:USDT,0.04608,7919.0,0.04607,11334.0,0.04609,5239.0,0.0461,13404.0
1753600038109,07:07:18.109,okx,ACT/USDT:USDT,0.04608,7919.0,0.04607,11334.0,0.04609,5239.0,0.0461,11235.0
1753600038309,07:07:18.309,okx,ACT/USDT:USDT,0.04608,7919.0,0.04607,11334.0,0.04609,7030.0,0.0461,11235.0
1753600038809,07:07:18.809,okx,ACT/USDT:USDT,0.04608,7919.0,0.04607,11768.0,0.04609,7030.0,0.0461,11235.0
1753600039109,07:07:19.109,okx,ACT/USDT:USDT,0.04608,7919.0,0.04607,11768.0,0.04609,4237.0,0.0461,11235.0
1753600039209,07:07:19.209,okx,ACT/USDT:USDT,0.04608,7919.0,0.04607,11768.0,0.04609,5242.0,0.0461,11235.0
1753600039409,07:07:19.409,okx,ACT/USDT:USDT,0.04608,7919.0,0.04607,11334.0,0.04609,7036.0,0.0461,11235.0
1753600039509,07:07:19.509,okx,ACT/USDT:USDT,0.04608,7919.0,0.04607,11768.0,0.04609,5250.0,0.0461,11333.0
1753600039909,07:07:19.909,okx,ACT/USDT:USDT,0.04608,7919.0,0.04607,11334.0,0.04609,7038.0,0.0461,11333.0
1753600040109,07:07:20.109,okx,ACT/USDT:USDT,0.04608,7919.0,0.04607,11334.0,0.04609,7038.0,0.0461,11333.0
1753600040409,07:07:20.409,okx,ACT/USDT:USDT,0.04608,7919.0,0.04607,11334.0,0.04609,9207.0,0.0461,18274.0
1753600040509,07:07:20.509,okx,ACT/USDT:USDT,0.04608,7919.0,0.04607,11334.0,0.04609,9207.0,0.0461,17840.0
1753600040609,07:07:20.609,okx,ACT/USDT:USDT,0.04608,7919.0,0.04607,11334.0,0.04609,7419.0,0.0461,17840.0
1753600041209,07:07:21.209,okx,ACT/USDT:USDT,0.04608,7919.0,0.04607,11334.0,0.04609,9207.0,0.0461,33982.0
1753600041409,07:07:21.409,okx,ACT/USDT:USDT,0.04608,7919.0,0.04607,11334.0,0.04609,7419.0,0.0461,27041.0
1753600041509,07:07:21.509,okx,ACT/USDT:USDT,0.04608,7919.0,0.04607,11334.0,0.04609,9207.0,0.0461,27475.0
1753600042009,07:07:22.009,okx,ACT/USDT:USDT,0.04608,7919.0,0.04607,11334.0,0.04609,9207.0,0.0461,27475.0
1753600042809,07:07:22.809,okx,ACT/USDT:USDT,0.04606,8846.0,0.04605,24672.0,0.04607,4005.0,0.04608,9091.0
1753600043209,07:07:23.209,okx,ACT/USDT:USDT,0.04606,16138.0,0.04605,29588.0,0.04607,2219.0,0.04608,9978.0
1753600043409,07:07:23.409,okx,ACT/USDT:USDT,0.04606,18298.0,0.04605,30593.0,0.04607,2219.0,0.04608,8974.0
1753600045109,07:07:25.109,okx,ACT/USDT:USDT,0.04606,6125.0,0.04605,26456.0,0.04607,4056.0,0.04608,8083.0
1753600045209,07:07:25.209,okx,ACT/USDT:USDT,0.04606,6125.0,0.04605,26456.0,0.04607,6849.0,0.04608,8518.0
1753600045309,07:07:25.309,okx,ACT/USDT:USDT,0.04606,6125.0,0.04605,26456.0,0.04607,6849.0,0.04608,8518.0
1753600045609,07:07:25.609,okx,ACT/USDT:USDT,0.04606,6125.0,0.04605,26456.0,0.04607,6849.0,0.04608,8518.0
1753600046109,07:07:26.109,okx,ACT/USDT:USDT,0.04606,6125.0,0.04605,29566.0,0.04607,2219.0,0.04608,5408.0
1753600046209,07:07:26.209,okx,ACT/USDT:USDT,0.04606,6125.0,0.04605,26891.0,0.04607,2219.0,0.04608,10139.0
1753600046309,07:07:26.309,okx,ACT/USDT:USDT,0.04606,6125.0,0.04605,26891.0,0.04607,2219.0,0.04608,10139.0
1753600046509,07:07:26.509,okx,ACT/USDT:USDT,0.04606,1784.0,0.04605,18589.0,0.04607,4985.0,0.04608,8518.0
1753600047109,07:07:27.109,okx,ACT/USDT:USDT,0.04605,11609.0,0.04604,16137.0,0.04606,2219.0,0.04607,15228.0
1753600047209,07:07:27.209,okx,ACT/USDT:USDT,0.04605,6664.0,0.04604,18081.0,0.04606,5012.0,0.04607,15228.0
1753600048209,07:07:28.209,okx,ACT/USDT:USDT,0.04606,6435.0,0.04605,9344.0,0.04607,4407.0,0.04608,8034.0
1753600048409,07:07:28.409,okx,ACT/USDT:USDT,0.04606,4218.0,0.04605,20381.0,0.04607,5412.0,0.04608,15108.0
1753600049109,07:07:29.109,okx,ACT/USDT:USDT,0.04606,4218.0,0.04605,20381.0,0.04607,9051.0,0.04608,13148.0
1753600049609,07:07:29.609,okx,ACT/USDT:USDT,0.04606,4216.0,0.04605,17494.0,0.04607,6258.0,0.04608,16354.0
1753600050309,07:07:30.309,okx,ACT/USDT:USDT,0.04606,4275.0,0.04605,16694.0,0.04607,2190.0,0.04608,9082.0
1753600050509,07:07:30.509,okx,ACT/USDT:USDT,0.04606,4275.0,0.04605,15689.0,0.04607,4407.0,0.04608,14563.0
1753600050609,07:07:30.609,okx,ACT/USDT:USDT,0.04606,4275.0,0.04605,15689.0,0.04607,4407.0,0.04608,14563.0
1753600050909,07:07:30.909,okx,ACT/USDT:USDT,0.04606,7160.0,0.04605,17349.0,0.04607,4407.0,0.04608,10932.0
1753600051009,07:07:31.009,okx,ACT/USDT:USDT,0.04606,7597.0,0.04605,17349.0,0.04607,4407.0,0.04608,10932.0
1753600051309,07:07:31.309,okx,ACT/USDT:USDT,0.04606,7597.0,0.04605,17349.0,0.04607,4407.0,0.04608,6253.0
1753600051409,07:07:31.409,okx,ACT/USDT:USDT,0.04606,7597.0,0.04605,22294.0,0.04607,4407.0,0.04608,6253.0
1753600051509,07:07:31.509,okx,ACT/USDT:USDT,0.04606,7597.0,0.04605,22294.0,0.04607,4407.0,0.04608,6253.0
1753600051709,07:07:31.709,okx,ACT/USDT:USDT,0.04607,2219.0,0.04606,9454.0,0.04608,6251.0,0.04609,27159.0
1753600052309,07:07:32.309,okx,ACT/USDT:USDT,0.04607,4.0,0.04606,15697.0,0.04608,6253.0,0.04609,21918.0
1753600052409,07:07:32.409,okx,ACT/USDT:USDT,0.04607,4.0,0.04606,15262.0,0.04608,6253.0,0.04609,21918.0
1753600052609,07:07:32.609,okx,ACT/USDT:USDT,0.04607,4.0,0.04606,15262.0,0.04608,6253.0,0.04609,21918.0
1753600052709,07:07:32.709,okx,ACT/USDT:USDT,0.04607,4.0,0.04606,15262.0,0.04608,6253.0,0.04609,21918.0
1753600052809,07:07:32.809,okx,ACT/USDT:USDT,0.04607,4.0,0.04606,18323.0,0.04608,6253.0,0.04609,19292.0
1753600052909,07:07:32.909,okx,ACT/USDT:USDT,0.04607,4.0,0.04606,18327.0,0.04608,6253.0,0.04609,19292.0
1753600053109,07:07:33.109,okx,ACT/USDT:USDT,0.04607,5852.0,0.04606,18327.0,0.04608,4403.0,0.04609,19292.0
1753600053209,07:07:33.209,okx,ACT/USDT:USDT,0.04607,3228.0,0.04606,18327.0,0.04608,4403.0,0.04609,21326.0
1753600054009,07:07:34.009,okx,ACT/USDT:USDT,0.04607,8159.0,0.04606,16445.0,0.04609,16609.0,0.0461,16410.0
1753600054109,07:07:34.109,okx,ACT/USDT:USDT,0.04607,8159.0,0.04606,16445.0,0.04609,16609.0,0.0461,16410.0
1753600054409,07:07:34.409,okx,ACT/USDT:USDT,0.04607,7734.0,0.04606,16445.0,0.04608,10728.0,0.04609,7808.0
1753600054609,07:07:34.609,okx,ACT/USDT:USDT,0.04607,7734.0,0.04606,16445.0,0.04608,10728.0,0.04609,7808.0
1753600054909,07:07:34.909,okx,ACT/USDT:USDT,0.04607,5108.0,0.04606,16445.0,0.04608,10728.0,0.04609,7808.0
1753600055509,07:07:35.509,okx,ACT/USDT:USDT,0.04607,5108.0,0.04606,16445.0,0.04608,10728.0,0.04609,7808.0
1753600055809,07:07:35.809,okx,ACT/USDT:USDT,0.04607,2233.0,0.04606,16445.0,0.04608,10728.0,0.04609,14933.0
1753600055909,07:07:35.909,okx,ACT/USDT:USDT,0.04607,2233.0,0.04606,18365.0,0.04608,10728.0,0.04609,13928.0
1753600056009,07:07:36.009,okx,ACT/USDT:USDT,0.04607,2233.0,0.04606,18365.0,0.04608,10728.0,0.04609,14933.0
1753600056109,07:07:36.109,okx,ACT/USDT:USDT,0.04607,2233.0,0.04606,18365.0,0.04608,10728.0,0.04609,14933.0
1753600056709,07:07:36.709,okx,ACT/USDT:USDT,0.04607,8034.0,0.04606,20533.0,0.04608,10728.0,0.04609,16098.0
1753600058209,07:07:38.209,okx,ACT/USDT:USDT,0.04607,14861.0,0.04606,47705.0,0.04608,10728.0,0.04609,6567.0
1753600059109,07:07:39.109,okx,ACT/USDT:USDT,0.04607,10795.0,0.04606,51040.0,0.04608,10777.0,0.04609,9191.0
1753600060209,07:07:40.209,okx,ACT/USDT:USDT,0.04607,8632.0,0.04606,41911.0,0.04608,10777.0,0.04609,14686.0
1753600060409,07:07:40.409,okx,ACT/USDT:USDT,0.04607,6448.0,0.04606,30628.0,0.04608,25163.0,0.04609,14686.0
1753600060709,07:07:40.709,okx,ACT/USDT:USDT,0.04607,6449.0,0.04606,30628.0,0.04608,25163.0,0.04609,14686.0
1753600060809,07:07:40.809,okx,ACT/USDT:USDT,0.04607,6449.0,0.04606,30628.0,0.04608,25163.0,0.04609,14686.0
1753600060909,07:07:40.909,okx,ACT/USDT:USDT,0.04607,6449.0,0.04606,30628.0,0.04608,25163.0,0.04609,14854.0
1753600062109,07:07:42.109,okx,ACT/USDT:USDT,0.04607,4289.0,0.04606,40226.0,0.04608,21926.0,0.04609,14854.0
1753600062509,07:07:42.509,okx,ACT/USDT:USDT,0.04607,6459.0,0.04606,40226.0,0.04608,21926.0,0.04609,14854.0
1753600062809,07:07:42.809,okx,ACT/USDT:USDT,0.04607,6459.0,0.04606,37600.0,0.04608,25163.0,0.04609,14948.0
1753600063409,07:07:43.409,okx,ACT/USDT:USDT,0.04607,6459.0,0.04606,37600.0,0.04608,24728.0,0.04609,14948.0
1753600064809,07:07:44.809,okx,ACT/USDT:USDT,0.04607,6459.0,0.04606,37600.0,0.04608,24721.0,0.04609,14945.0
1753600066909,07:07:46.909,okx,ACT/USDT:USDT,0.04607,2255.0,0.04606,30680.0,0.04608,25144.0,0.04609,17117.0
1753600067109,07:07:47.109,okx,ACT/USDT:USDT,0.04607,38.0,0.04606,30680.0,0.04608,26918.0,0.04609,15321.0
1753600067209,07:07:47.209,okx,ACT/USDT:USDT,0.04607,38.0,0.04606,30680.0,0.04608,25121.0,0.04609,15321.0
1753600067509,07:07:47.509,okx,ACT/USDT:USDT,0.04607,32.0,0.04606,28510.0,0.04608,25913.0,0.04609,15321.0
1753600067609,07:07:47.609,okx,ACT/USDT:USDT,0.04607,34.0,0.04606,28510.0,0.04608,25121.0,0.04609,15321.0
1753600068009,07:07:48.009,okx,ACT/USDT:USDT,0.04607,34.0,0.04606,28510.0,0.04608,25121.0,0.04609,15321.0
1753600068109,07:07:48.109,okx,ACT/USDT:USDT,0.04607,34.0,0.04606,28510.0,0.04608,25121.0,0.04609,15321.0
1753600068209,07:07:48.209,okx,ACT/USDT:USDT,0.04607,34.0,0.04606,28506.0,0.04608,25121.0,0.04609,15322.0
1753600070609,07:07:50.609,okx,ACT/USDT:USDT,0.04607,34.0,0.04606,28506.0,0.04608,26934.0,0.04609,21832.0
1753600072109,07:07:52.109,okx,ACT/USDT:USDT,0.04607,34.0,0.04606,24631.0,0.04608,24702.0,0.04609,21832.0
1753600074409,07:07:54.409,okx,ACT/USDT:USDT,0.04607,34.0,0.04606,24632.0,0.04608,28945.0,0.04609,15429.0
1753600075209,07:07:55.209,okx,ACT/USDT:USDT,0.04607,34.0,0.04606,24632.0,0.04608,28945.0,0.04609,15429.0
1753600075809,07:07:55.809,okx,ACT/USDT:USDT,0.04607,34.0,0.04606,24632.0,0.04608,31115.0,0.04609,21939.0
1753600076709,07:07:56.709,okx,ACT/USDT:USDT,0.04607,34.0,0.04606,22873.0,0.04608,33327.0,0.04609,43644.0
1753600077109,07:07:57.109,okx,ACT/USDT:USDT,0.04606,8952.0,0.04605,48708.0,0.04607,4355.0,0.04608,44176.0
1753600077209,07:07:57.209,okx,ACT/USDT:USDT,0.04606,8950.0,0.04605,48708.0,0.04607,2185.0,0.04608,30151.0
1753600077509,07:07:57.509,okx,ACT/USDT:USDT,0.04606,9457.0,0.04605,48708.0,0.04607,2185.0,0.04608,30472.0
1753600077709,07:07:57.709,okx,ACT/USDT:USDT,0.04606,9457.0,0.04605,48708.0,0.04607,2185.0,0.04608,30907.0
1753600077809,07:07:57.809,okx,ACT/USDT:USDT,0.04606,9457.0,0.04605,48708.0,0.04607,2185.0,0.04608,30907.0
1753600078509,07:07:58.509,okx,ACT/USDT:USDT,0.04606,5895.0,0.04605,40841.0,0.04607,39329.0,0.04608,7083.0
1753600079109,07:07:59.109,okx,ACT/USDT:USDT,0.04606,5895.0,0.04605,40841.0,0.04607,39329.0,0.04608,7176.0
1753600079909,07:07:59.909,okx,ACT/USDT:USDT,0.04606,5899.0,0.04605,40841.0,0.04607,39329.0,0.04608,9346.0
1753600080109,07:08:00.109,okx,ACT/USDT:USDT,0.04606,5899.0,0.04605,40841.0,0.04607,37889.0,0.04608,9346.0
1753600081509,07:08:01.509,okx,ACT/USDT:USDT,0.04606,5990.0,0.04605,33843.0,0.04607,37889.0,0.04608,11516.0
1753600081609,07:08:01.609,okx,ACT/USDT:USDT,0.04606,5990.0,0.04605,33843.0,0.04607,41055.0,0.04608,9742.0
1753600081809,07:08:01.809,okx,ACT/USDT:USDT,0.04606,5990.0,0.04605,27830.0,0.04607,41160.0,0.04608,16252.0
1753600081909,07:08:01.909,okx,ACT/USDT:USDT,0.04606,5061.0,0.04605,19181.0,0.04607,43330.0,0.04608,16252.0
1753600082109,07:08:02.109,okx,ACT/USDT:USDT,0.04605,12162.0,0.04604,28985.0,0.04606,2219.0,0.04607,42271.0
1753600082209,07:08:02.209,okx,ACT/USDT:USDT,0.04605,12162.0,0.04604,28985.0,0.04606,2219.0,0.04607,42271.0
1753600082609,07:08:02.609,okx,ACT/USDT:USDT,0.04605,12162.0,0.04604,28985.0,0.04606,4116.0,0.04607,40545.0
1753600082909,07:08:02.909,okx,ACT/USDT:USDT,0.04604,14716.0,0.04603,42231.0,0.04605,1403.0,0.04606,8909.0
1753600084309,07:08:04.309,okx,ACT/USDT:USDT,0.04604,14557.0,0.04603,44473.0,0.04605,2219.0,0.04606,9859.0
1753600084509,07:08:04.509,okx,ACT/USDT:USDT,0.04604,14557.0,0.04603,45478.0,0.04605,2219.0,0.04606,9861.0
1753600084609,07:08:04.609,okx,ACT/USDT:USDT,0.04604,14557.0,0.04603,44473.0,0.04605,2219.0,0.04606,9861.0
1753600085009,07:08:05.009,okx,ACT/USDT:USDT,0.04604,14557.0,0.04603,44473.0,0.04605,2324.0,0.04606,9861.0
1753600085209,07:08:05.209,okx,ACT/USDT:USDT,0.04604,14557.0,0.04603,42231.0,0.04605,2324.0,0.04606,10296.0
1753600085309,07:08:05.309,okx,ACT/USDT:USDT,0.04604,14557.0,0.04603,42231.0,0.04605,2324.0,0.04606,10296.0
1753600085409,07:08:05.409,okx,ACT/USDT:USDT,0.04604,14557.0,0.04603,42231.0,0.04605,2328.0,0.04606,10296.0
1753600085709,07:08:05.709,okx,ACT/USDT:USDT,0.04604,10443.0,0.04603,44610.0,0.04605,2328.0,0.04606,9861.0
1753600086909,07:08:06.909,okx,ACT/USDT:USDT,0.04604,7921.0,0.04603,36026.0,0.04605,3333.0,0.04606,10296.0
1753600087009,07:08:07.009,okx,ACT/USDT:USDT,0.04604,7579.0,0.04603,35522.0,0.04605,2328.0,0.04606,6304.0
1753600087109,07:08:07.109,okx,ACT/USDT:USDT,0.04604,11922.0,0.04603,41799.0,0.04605,2328.0,0.04606,6304.0
1753600087509,07:08:07.509,okx,ACT/USDT:USDT,0.04604,17420.0,0.04603,35735.0,0.04605,109.0,0.04606,6304.0
1753600088009,07:08:08.009,okx,ACT/USDT:USDT,0.04605,2219.0,0.04604,24130.0,0.04606,4408.0,0.04607,45850.0
1753600088409,07:08:08.409,okx,ACT/USDT:USDT,0.04605,5184.0,0.04604,24846.0,0.04606,17531.0,0.04607,29219.0
1753600088709,07:08:08.709,okx,ACT/USDT:USDT,0.04605,4179.0,0.04604,21912.0,0.04606,17531.0,0.04607,33158.0
1753600089009,07:08:09.009,okx,ACT/USDT:USDT,0.04605,4179.0,0.04604,24846.0,0.04606,17531.0,0.04607,30317.0
1753600089109,07:08:09.109,okx,ACT/USDT:USDT,0.04605,4179.0,0.04604,24846.0,0.04606,17531.0,0.04607,32816.0
1753600089309,07:08:09.309,okx,ACT/USDT:USDT,0.04605,4179.0,0.04604,24846.0,0.04606,17531.0,0.04607,30317.0
1753600089409,07:08:09.409,okx,ACT/USDT:USDT,0.04605,4179.0,0.04604,24846.0,0.04606,17531.0,0.04607,32816.0
1753600090109,07:08:10.109,okx,ACT/USDT:USDT,0.04605,4179.0,0.04604,24411.0,0.04606,17966.0,0.04607,33251.0
1753600090209,07:08:10.209,okx,ACT/USDT:USDT,0.04605,4179.0,0.04604,24411.0,0.04606,17531.0,0.04607,33251.0
1753600090409,07:08:10.409,okx,ACT/USDT:USDT,0.04605,4179.0,0.04604,17503.0,0.04606,17522.0,0.04607,33251.0
1753600091009,07:08:11.009,okx,ACT/USDT:USDT,0.04605,4179.0,0.04604,17503.0,0.04606,17522.0,0.04607,33777.0
1753600091609,07:08:11.609,okx,ACT/USDT:USDT,0.04604,13038.0,0.04603,42247.0,0.04605,2219.0,0.04606,19492.0
1753600092009,07:08:12.009,okx,ACT/USDT:USDT,0.04604,8402.0,0.04603,46259.0,0.04605,2219.0,0.04606,19492.0
1753600092609,07:08:12.609,okx,ACT/USDT:USDT,0.04604,4351.0,0.04603,43173.0,0.04605,2219.0,0.04606,23431.0
1753600092809,07:08:12.809,okx,ACT/USDT:USDT,0.04604,4351.0,0.04603,35306.0,0.04605,5723.0,0.04606,23431.0
1753600093109,07:08:13.109,okx,ACT/USDT:USDT,0.04604,4351.0,0.04603,35306.0,0.04605,2219.0,0.04606,23431.0
1753600093209,07:08:13.209,okx,ACT/USDT:USDT,0.04604,4351.0,0.04603,35306.0,0.04605,2219.0,0.04606,23431.0
1753600093409,07:08:13.409,okx,ACT/USDT:USDT,0.04604,4351.0,0.04603,36311.0,0.04605,2219.0,0.04606,23431.0
1753600094409,07:08:14.409,okx,ACT/USDT:USDT,0.04604,4351.0,0.04603,36311.0,0.04605,2219.0,0.04606,23599.0
1753600094609,07:08:14.609,okx,ACT/USDT:USDT,0.04604,4351.0,0.04603,36311.0,0.04605,2269.0,0.04606,23599.0
1753600094709,07:08:14.709,okx,ACT/USDT:USDT,0.04604,4351.0,0.04603,36311.0,0.04605,2269.0,0.04606,23599.0
1753600095609,07:08:15.609,okx,ACT/USDT:USDT,0.04604,4362.0,0.04603,38810.0,0.04605,2269.0,0.04606,23599.0
1753600096309,07:08:16.309,okx,ACT/USDT:USDT,0.04604,4362.0,0.04603,36311.0,0.04605,2269.0,0.04606,23693.0
1753600096909,07:08:16.909,okx,ACT/USDT:USDT,0.04604,10144.0,0.04603,31783.0,0.04605,36954.0,0.04606,8819.0
1753600097109,07:08:17.109,okx,ACT/USDT:USDT,0.04604,10144.0,0.04603,25964.0,0.04605,34455.0,0.04606,8819.0
1753600097409,07:08:17.409,okx,ACT/USDT:USDT,0.04604,10144.0,0.04603,19882.0,0.04605,36954.0,0.04606,10990.0
1753600098309,07:08:18.309,okx,ACT/USDT:USDT,0.04604,8755.0,0.04603,19882.0,0.04605,36519.0,0.04606,10990.0
1753600099109,07:08:19.109,okx,ACT/USDT:USDT,0.04604,8755.0,0.04603,19882.0,0.04605,34455.0,0.04606,10990.0
1753600099209,07:08:19.209,okx,ACT/USDT:USDT,0.04604,8755.0,0.04603,19882.0,0.04605,34455.0,0.04606,11573.0
1753600100209,07:08:20.209,okx,ACT/USDT:USDT,0.04604,8755.0,0.04603,19882.0,0.04605,32656.0,0.04606,13694.0
1753600100609,07:08:20.609,okx,ACT/USDT:USDT,0.04604,4366.0,0.04603,19882.0,0.04605,32652.0,0.04606,13694.0
1753600101009,07:08:21.009,okx,ACT/USDT:USDT,0.04604,4366.0,0.04603,19882.0,0.04605,35151.0,0.04606,13726.0
1753600101509,07:08:21.509,okx,ACT/USDT:USDT,0.04604,4366.0,0.04603,19882.0,0.04605,35151.0,0.04606,13736.0
1753600101809,07:08:21.809,okx,ACT/USDT:USDT,0.04604,4363.0,0.04603,19882.0,0.04605,35151.0,0.04606,13736.0
1753600102009,07:08:22.009,okx,ACT/USDT:USDT,0.04604,4363.0,0.04603,19882.0,0.04605,39316.0,0.04606,18616.0
1753600102309,07:08:22.309,okx,ACT/USDT:USDT,0.04603,7028.0,0.04602,40996.0,0.04604,6724.0,0.04605,43659.0
1753600102409,07:08:22.409,okx,ACT/USDT:USDT,0.04603,13109.0,0.04602,42910.0,0.04604,34482.0,0.04605,7212.0
1753600103409,07:08:23.409,okx,ACT/USDT:USDT,0.04603,9746.0,0.04602,35043.0,0.04604,36251.0,0.04605,5218.0
1753600103609,07:08:23.609,okx,ACT/USDT:USDT,0.04603,9746.0,0.04602,35043.0,0.04604,35816.0,0.04605,5218.0
1753600104009,07:08:24.009,okx,ACT/USDT:USDT,0.04603,9746.0,0.04602,35043.0,0.04604,38663.0,0.04605,5218.0
1753600104609,07:08:24.609,okx,ACT/USDT:USDT,0.04603,9746.0,0.04602,35043.0,0.04604,38663.0,0.04605,5218.0
1753600106809,07:08:26.809,okx,ACT/USDT:USDT,0.04603,9746.0,0.04602,24775.0,0.04604,33028.0,0.04605,7265.0
1753600107209,07:08:27.209,okx,ACT/USDT:USDT,0.04603,9746.0,0.04602,18921.0,0.04604,33028.0,0.04605,4418.0
1753600107509,07:08:27.509,okx,ACT/USDT:USDT,0.04603,9746.0,0.04602,18486.0,0.04604,33028.0,0.04605,6830.0
1753600107609,07:08:27.609,okx,ACT/USDT:USDT,0.04603,9746.0,0.04602,18486.0,0.04604,33028.0,0.04605,6831.0
1753600107809,07:08:27.809,okx,ACT/USDT:USDT,0.04603,17380.0,0.04602,20987.0,0.04604,33028.0,0.04605,4419.0
1753600108009,07:08:28.009,okx,ACT/USDT:USDT,0.04603,17380.0,0.04602,27932.0,0.04604,33028.0,0.04605,4419.0
1753600108209,07:08:28.209,okx,ACT/USDT:USDT,0.04603,17380.0,0.04602,27932.0,0.04604,33028.0,0.04605,4419.0
1753600108309,07:08:28.309,okx,ACT/USDT:USDT,0.04603,17140.0,0.04602,27932.0,0.04604,33028.0,0.04605,4369.0
1753600108409,07:08:28.409,okx,ACT/USDT:USDT,0.04603,13966.0,0.04602,25325.0,0.04604,55678.0,0.04605,7216.0
1753600108509,07:08:28.509,okx,ACT/USDT:USDT,0.04603,9746.0,0.04602,18936.0,0.04604,59530.0,0.04605,7216.0
1753600109909,07:08:29.909,okx,ACT/USDT:USDT,0.04603,9746.0,0.04602,20651.0,0.04604,61379.0,0.04605,7386.0
1753600110909,07:08:30.909,okx,ACT/USDT:USDT,0.04603,9746.0,0.04602,20651.0,0.04604,61399.0,0.04605,7371.0
1753600111309,07:08:31.309,okx,ACT/USDT:USDT,0.04603,9746.0,0.04602,20651.0,0.04604,63571.0,0.04605,7371.0
1753600111409,07:08:31.409,okx,ACT/USDT:USDT,0.04603,9746.0,0.04602,20651.0,0.04604,63571.0,0.04605,18231.0
1753600112309,07:08:32.309,okx,ACT/USDT:USDT,0.04603,9746.0,0.04602,20651.0,0.04604,63133.0,0.04605,16783.0
1753600112409,07:08:32.409,okx,ACT/USDT:USDT,0.04603,9746.0,0.04602,20651.0,0.04604,63580.0,0.04605,18263.0
1753600112509,07:08:32.509,okx,ACT/USDT:USDT,0.04603,9746.0,0.04602,20651.0,0.04604,63580.0,0.04605,18356.0
1753600113009,07:08:33.009,okx,ACT/USDT:USDT,0.04603,9746.0,0.04602,20651.0,0.04604,63580.0,0.04605,18356.0
1753600113109,07:08:33.109,okx,ACT/USDT:USDT,0.04603,9746.0,0.04602,20651.0,0.04604,63580.0,0.04605,18356.0
1753600113609,07:08:33.609,okx,ACT/USDT:USDT,0.04603,9746.0,0.04602,20651.0,0.04604,63580.0,0.04605,19087.0
1753600114009,07:08:34.009,okx,ACT/USDT:USDT,0.04603,9746.0,0.04602,20651.0,0.04604,63580.0,0.04605,19088.0
1753600114309,07:08:34.309,okx,ACT/USDT:USDT,0.04603,9746.0,0.04602,20651.0,0.04604,63141.0,0.04605,19088.0
1753600114409,07:08:34.409,okx,ACT/USDT:USDT,0.04603,9746.0,0.04602,20651.0,0.04604,63576.0,0.04605,25604.0
1753600114709,07:08:34.709,okx,ACT/USDT:USDT,0.04603,5275.0,0.04602,18936.0,0.04604,63576.0,0.04605,27776.0
1753600115009,07:08:35.009,okx,ACT/USDT:USDT,0.04602,11083.0,0.04601,43085.0,0.04603,2654.0,0.04604,58549.0
1753600115309,07:08:35.309,okx,ACT/USDT:USDT,0.04602,9297.0,0.04601,43085.0,0.04603,2219.0,0.04604,60520.0
1753600115809,07:08:35.809,okx,ACT/USDT:USDT,0.04602,4511.0,0.04601,43085.0,0.04603,2219.0,0.04604,58055.0
1753600116509,07:08:36.509,okx,ACT/USDT:USDT,0.04602,6373.0,0.04601,33662.0,0.04603,2219.0,0.04604,58055.0
1753600117309,07:08:37.309,okx,ACT/USDT:USDT,0.04602,8838.0,0.04601,19525.0,0.04603,2219.0,0.04604,57620.0
1753600118109,07:08:38.109,okx,ACT/USDT:USDT,0.04602,6373.0,0.04601,19090.0,0.04603,2219.0,0.04604,58056.0
1753600118609,07:08:38.609,okx,ACT/USDT:USDT,0.04602,6373.0,0.04601,19090.0,0.04603,2219.0,0.04604,57621.0
1753600118709,07:08:38.709,okx,ACT/USDT:USDT,0.04602,6373.0,0.04601,19090.0,0.04603,2219.0,0.04604,57621.0
1753600118809,07:08:38.809,okx,ACT/USDT:USDT,0.04602,6373.0,0.04601,19090.0,0.04603,2219.0,0.04604,58301.0
1753600119509,07:08:39.509,okx,ACT/USDT:USDT,0.04602,6373.0,0.04601,19090.0,0.04603,2219.0,0.04604,60766.0
1753600119809,07:08:39.809,okx,ACT/USDT:USDT,0.04602,6373.0,0.04601,19090.0,0.04603,2219.0,0.04604,58301.0
1753600119909,07:08:39.909,okx,ACT/USDT:USDT,0.04602,6373.0,0.04601,19090.0,0.04603,2219.0,0.04604,60766.0
1753600120409,07:08:40.409,okx,ACT/USDT:USDT,0.04602,6373.0,0.04601,19090.0,0.04603,2219.0,0.04604,60766.0
1753600120509,07:08:40.509,okx,ACT/USDT:USDT,0.04602,6373.0,0.04601,19525.0,0.04603,2219.0,0.04604,60331.0
1753600120609,07:08:40.609,okx,ACT/USDT:USDT,0.04602,6373.0,0.04601,24058.0,0.04603,2219.0,0.04604,60331.0
1753600120809,07:08:40.809,okx,ACT/USDT:USDT,0.04603,864.0,0.04602,12445.0,0.04604,57865.0,0.04605,12934.0
1753600121009,07:08:41.009,okx,ACT/USDT:USDT,0.04603,7427.0,0.04602,17249.0,0.04604,55949.0,0.04605,19834.0
1753600121409,07:08:41.409,okx,ACT/USDT:USDT,0.04603,866.0,0.04602,13779.0,0.04604,55949.0,0.04605,23011.0
1753600121909,07:08:41.909,okx,ACT/USDT:USDT,0.04603,2341.0,0.04602,17250.0,0.04604,55949.0,0.04605,10295.0
1753600122009,07:08:42.009,okx,ACT/USDT:USDT,0.04603,6685.0,0.04602,17250.0,0.04604,55949.0,0.04605,9290.0
1753600122209,07:08:42.209,okx,ACT/USDT:USDT,0.04603,6685.0,0.04602,22987.0,0.04604,55949.0,0.04605,10410.0
1753600122809,07:08:42.809,okx,ACT/USDT:USDT,0.04603,6685.0,0.04602,22987.0,0.04604,55949.0,0.04605,10410.0
1753600123109,07:08:43.109,okx,ACT/USDT:USDT,0.04603,8732.0,0.04602,21125.0,0.04604,55949.0,0.04605,10575.0
1753600123309,07:08:43.309,okx,ACT/USDT:USDT,0.04603,12202.0,0.04602,24461.0,0.04604,55949.0,0.04605,7105.0
1753600123609,07:08:43.609,okx,ACT/USDT:USDT,0.04603,14374.0,0.04602,22289.0,0.04604,53746.0,0.04605,7113.0
1753600123809,07:08:43.809,okx,ACT/USDT:USDT,0.04603,14374.0,0.04602,22289.0,0.04604,53746.0,0.04605,7113.0
1753600124209,07:08:44.209,okx,ACT/USDT:USDT,0.04603,14374.0,0.04602,22293.0,0.04604,53746.0,0.04605,4941.0
1753600124309,07:08:44.309,okx,ACT/USDT:USDT,0.04603,14374.0,0.04602,26637.0,0.04604,53746.0,0.04605,4947.0
1753600124509,07:08:44.509,okx,ACT/USDT:USDT,0.04603,11909.0,0.04602,26637.0,0.04604,53746.0,0.04605,5473.0
1753600124709,07:08:44.709,okx,ACT/USDT:USDT,0.04603,10904.0,0.04602,26202.0,0.04604,53746.0,0.04605,7938.0
1753600125209,07:08:45.209,okx,ACT/USDT:USDT,0.04603,10904.0,0.04602,26202.0,0.04604,53746.0,0.04605,7938.0
1753600125409,07:08:45.409,okx,ACT/USDT:USDT,0.04603,14374.0,0.04602,26637.0,0.04604,53746.0,0.04605,5473.0
1753600125609,07:08:45.609,okx,ACT/USDT:USDT,0.04603,14374.0,0.04602,26637.0,0.04604,53746.0,0.04605,5473.0
1753600126709,07:08:46.709,okx,ACT/USDT:USDT,0.04603,18707.0,0.04602,50672.0,0.04604,53746.0,0.04605,5641.0
1753600126809,07:08:46.809,okx,ACT/USDT:USDT,0.04603,18707.0,0.04602,50672.0,0.04604,53746.0,0.04605,5641.0
1753600127509,07:08:47.509,okx,ACT/USDT:USDT,0.04605,3017.0,0.04604,23501.0,0.04606,3323.0,0.04607,18402.0
1753600127609,07:08:47.609,okx,ACT/USDT:USDT,0.04605,3017.0,0.04604,23501.0,0.04606,3323.0,0.04607,21079.0
1753600127709,07:08:47.709,okx,ACT/USDT:USDT,0.04605,3017.0,0.04604,20824.0,0.04606,3323.0,0.04607,21079.0
1753600127809,07:08:47.809,okx,ACT/USDT:USDT,0.04605,3017.0,0.04604,23501.0,0.04606,3323.0,0.04607,21079.0
1753600128209,07:08:48.209,okx,ACT/USDT:USDT,0.04605,3017.0,0.04604,23501.0,0.04606,3323.0,0.04607,21079.0
1753600128309,07:08:48.309,okx,ACT/USDT:USDT,0.04605,846.0,0.04604,12946.0,0.04606,3323.0,0.04607,21079.0
1753600128409,07:08:48.409,okx,ACT/USDT:USDT,0.04605,846.0,0.04604,12511.0,0.04606,3323.0,0.04607,21079.0
1753600128709,07:08:48.709,okx,ACT/USDT:USDT,0.04605,846.0,0.04604,12511.0,0.04606,3323.0,0.04607,21079.0
1753600128809,07:08:48.809,okx,ACT/USDT:USDT,0.04605,846.0,0.04604,16628.0,0.04606,3323.0,0.04607,21079.0
1753600129909,07:08:49.909,okx,ACT/USDT:USDT,0.04605,846.0,0.04604,12946.0,0.04606,3218.0,0.04607,22189.0
1753600130009,07:08:50.009,okx,ACT/USDT:USDT,0.04605,846.0,0.04604,12511.0,0.04606,3218.0,0.04607,22189.0
1753600131009,07:08:51.009,okx,ACT/USDT:USDT,0.04605,847.0,0.04604,16628.0,0.04606,3218.0,0.04607,18507.0
1753600131209,07:08:51.209,okx,ACT/USDT:USDT,0.04605,847.0,0.04604,16628.0,0.04606,3218.0,0.04607,18507.0
1753600131809,07:08:51.809,okx,ACT/USDT:USDT,0.04605,847.0,0.04604,28240.0,0.04606,3018.0,0.04607,18707.0
1753600132209,07:08:52.209,okx,ACT/USDT:USDT,0.04605,847.0,0.04604,27235.0,0.04606,1926.0,0.04607,21967.0
1753600132309,07:08:52.309,okx,ACT/USDT:USDT,0.04605,847.0,0.04604,27235.0,0.04606,1926.0,0.04607,22972.0
1753600132909,07:08:52.909,okx,ACT/USDT:USDT,0.04605,3121.0,0.04604,26513.0,0.04606,1926.0,0.04607,19290.0
1753600133209,07:08:53.209,okx,ACT/USDT:USDT,0.04605,2686.0,0.04604,25508.0,0.04606,1688.0,0.04607,13499.0
1753600133509,07:08:53.509,okx,ACT/USDT:USDT,0.04605,2686.0,0.04604,22831.0,0.04606,2197.0,0.04607,17181.0
1753600134009,07:08:54.009,okx,ACT/USDT:USDT,0.04605,2686.0,0.04604,25513.0,0.04606,2165.0,0.04607,14504.0
1753600134109,07:08:54.109,okx,ACT/USDT:USDT,0.04605,2686.0,0.04604,22836.0,0.04606,2165.0,0.04607,17213.0
1753600134709,07:08:54.709,okx,ACT/USDT:USDT,0.04605,2686.0,0.04604,22836.0,0.04606,2155.0,0.04607,17223.0
1753600135209,07:08:55.209,okx,ACT/USDT:USDT,0.04605,2686.0,0.04604,25513.0,0.04606,1903.0,0.04607,17223.0
1753600135409,07:08:55.409,okx,ACT/USDT:USDT,0.04605,2686.0,0.04604,22836.0,0.04606,1905.0,0.04607,17473.0
1753600135709,07:08:55.709,okx,ACT/USDT:USDT,0.04605,847.0,0.04604,24394.0,0.04606,57325.0,0.04607,20079.0
1753600136509,07:08:56.509,okx,ACT/USDT:USDT,0.04605,4106.0,0.04604,26083.0,0.04606,56383.0,0.04607,10711.0
1753600136609,07:08:56.609,okx,ACT/USDT:USDT,0.04605,4106.0,0.04604,23406.0,0.04606,56383.0,0.04607,13823.0
1753600136809,07:08:56.809,okx,ACT/USDT:USDT,0.04605,4106.0,0.04604,26083.0,0.04606,56383.0,0.04607,10711.0
1753600137209,07:08:57.209,okx,ACT/USDT:USDT,0.04605,5111.0,0.04604,26518.0,0.04606,56379.0,0.04607,10715.0
1753600137509,07:08:57.509,okx,ACT/USDT:USDT,0.04605,4106.0,0.04604,23406.0,0.04606,56379.0,0.04607,14397.0
1753600138009,07:08:58.009,okx,ACT/USDT:USDT,0.04605,5111.0,0.04604,26518.0,0.04606,56048.0,0.04607,13723.0
1753600138209,07:08:58.209,okx,ACT/USDT:USDT,0.04605,9954.0,0.04604,31119.0,0.04606,56048.0,0.04607,8864.0
1753600138309,07:08:58.309,okx,ACT/USDT:USDT,0.04605,5111.0,0.04604,26518.0,0.04606,56048.0,0.04607,11541.0
1753600138409,07:08:58.409,okx,ACT/USDT:USDT,0.04605,5111.0,0.04604,26083.0,0.04606,56048.0,0.04607,11541.0
1753600138509,07:08:58.509,okx,ACT/USDT:USDT,0.04605,5111.0,0.04604,26518.0,0.04606,56048.0,0.04607,11541.0
1753600138709,07:08:58.709,okx,ACT/USDT:USDT,0.04605,5111.0,0.04604,26518.0,0.04606,56048.0,0.04607,11541.0
1753600139209,07:08:59.209,okx,ACT/USDT:USDT,0.04605,3327.0,0.04604,28426.0,0.04606,56048.0,0.04607,8864.0
1753600139409,07:08:59.409,okx,ACT/USDT:USDT,0.04605,3330.0,0.04604,28426.0,0.04606,55792.0,0.04607,11541.0
1753600140109,07:09:00.109,okx,ACT/USDT:USDT,0.04605,5916.0,0.04604,27421.0,0.04606,55792.0,0.04607,9027.0
1753600140309,07:09:00.309,okx,ACT/USDT:USDT,0.04605,3330.0,0.04604,27909.0,0.04606,55792.0,0.04607,12139.0
1753600140509,07:09:00.509,okx,ACT/USDT:USDT,0.04605,3330.0,0.04604,27909.0,0.04606,55792.0,0.04607,12139.0
1753600140709,07:09:00.709,okx,ACT/USDT:USDT,0.04605,5916.0,0.04604,28344.0,0.04606,55787.0,0.04607,9024.0
1753600141009,07:09:01.009,okx,ACT/USDT:USDT,0.04605,3330.0,0.04604,28465.0,0.04606,55787.0,0.04607,9029.0
1753600141109,07:09:01.109,okx,ACT/USDT:USDT,0.04605,3330.0,0.04604,28030.0,0.04606,55787.0,0.04607,11706.0
1753600141209,07:09:01.209,okx,ACT/USDT:USDT,0.04605,3330.0,0.04604,28465.0,0.04606,55787.0,0.04607,9029.0
1753600141309,07:09:01.309,okx,ACT/USDT:USDT,0.04605,5916.0,0.04604,28465.0,0.04606,55787.0,0.04607,9029.0
1753600143209,07:09:03.209,okx,ACT/USDT:USDT,0.04605,2327.0,0.04604,39248.0,0.04606,57992.0,0.04607,10154.0
1753600143509,07:09:03.509,okx,ACT/USDT:USDT,0.04605,2327.0,0.04604,41925.0,0.04606,57557.0,0.04607,9719.0
1753600143909,07:09:03.909,okx,ACT/USDT:USDT,0.04605,5918.0,0.04604,42360.0,0.04606,55579.0,0.04607,7042.0
1753600144409,07:09:04.409,okx,ACT/USDT:USDT,0.04605,2327.0,0.04604,42361.0,0.04606,55579.0,0.04607,11526.0
1753600144609,07:09:04.609,okx,ACT/USDT:USDT,0.04605,2327.0,0.04604,42361.0,0.04606,55579.0,0.04607,11526.0
1753600145109,07:09:05.109,okx,ACT/USDT:USDT,0.04605,2327.0,0.04604,42361.0,0.04606,55569.0,0.04607,11536.0
1753600145209,07:09:05.209,okx,ACT/USDT:USDT,0.04605,2327.0,0.04604,44168.0,0.04606,55569.0,0.04607,11536.0
1753600145309,07:09:05.309,okx,ACT/USDT:USDT,0.04605,8086.0,0.04604,46339.0,0.04606,55569.0,0.04607,8859.0
1753600145509,07:09:05.509,okx,ACT/USDT:USDT,0.04605,3348.0,0.04604,46339.0,0.04606,55475.0,0.04607,8857.0
1753600145609,07:09:05.609,okx,ACT/USDT:USDT,0.04605,3348.0,0.04604,46339.0,0.04606,55475.0,0.04607,8951.0
1753600145809,07:09:05.809,okx,ACT/USDT:USDT,0.04605,3348.0,0.04604,46339.0,0.04606,55475.0,0.04607,8951.0
1753600147909,07:09:07.909,okx,ACT/USDT:USDT,0.04606,3971.0,0.04605,20842.0,0.04607,4906.0,0.04608,10262.0
1753600148009,07:09:08.009,okx,ACT/USDT:USDT,0.04606,3971.0,0.04605,20842.0,0.04607,4906.0,0.04608,10262.0
1753600148109,07:09:08.109,okx,ACT/USDT:USDT,0.04606,8620.0,0.04605,22736.0,0.04607,2689.0,0.04608,10262.0
1753600149109,07:09:09.109,okx,ACT/USDT:USDT,0.04606,8642.0,0.04605,22717.0,0.04607,2498.0,0.04608,7530.0
1753600149509,07:09:09.509,okx,ACT/USDT:USDT,0.04606,8642.0,0.04605,24887.0,0.04607,2498.0,0.04608,7530.0
1753600149709,07:09:09.709,okx,ACT/USDT:USDT,0.04606,8642.0,0.04605,24887.0,0.04607,2498.0,0.04608,7530.0
1753600150909,07:09:10.909,okx,ACT/USDT:USDT,0.04606,8642.0,0.04605,22921.0,0.04607,2499.0,0.04608,7530.0
1753600151509,07:09:11.509,okx,ACT/USDT:USDT,0.04606,10810.0,0.04605,45233.0,0.04607,2499.0,0.04608,7517.0
1753600151609,07:09:11.609,okx,ACT/USDT:USDT,0.04606,10810.0,0.04605,52887.0,0.04607,2499.0,0.04608,7517.0
1753600152309,07:09:12.309,okx,ACT/USDT:USDT,0.04606,6056.0,0.04605,46743.0,0.04607,2499.0,0.04608,7517.0
1753600152409,07:09:12.409,okx,ACT/USDT:USDT,0.04606,6056.0,0.04605,47839.0,0.04607,4716.0,0.04608,7517.0
1753600153009,07:09:13.009,okx,ACT/USDT:USDT,0.04606,20.0,0.04605,41552.0,0.04607,4714.0,0.04608,11634.0
1753600153209,07:09:13.209,okx,ACT/USDT:USDT,0.04606,2239.0,0.04605,47697.0,0.04607,4716.0,0.04608,14934.0
1753600153409,07:09:13.409,okx,ACT/USDT:USDT,0.04606,2239.0,0.04605,47697.0,0.04607,4716.0,0.04608,18616.0
1753600154209,07:09:14.209,okx,ACT/USDT:USDT,0.04606,2239.0,0.04605,45020.0,0.04607,4716.0,0.04608,18616.0
1753600154309,07:09:14.309,okx,ACT/USDT:USDT,0.04606,22.0,0.04605,43580.0,0.04607,9809.0,0.04608,17129.0
1753600154409,07:09:14.409,okx,ACT/USDT:USDT,0.04606,22.0,0.04605,43580.0,0.04607,9809.0,0.04608,17129.0
1753600154509,07:09:14.509,okx,ACT/USDT:USDT,0.04606,22.0,0.04605,43580.0,0.04607,9809.0,0.04608,23639.0
1753600154809,07:09:14.809,okx,ACT/USDT:USDT,0.04606,22.0,0.04605,46257.0,0.04607,8793.0,0.04608,23204.0
1753600155009,07:09:15.009,okx,ACT/USDT:USDT,0.04606,22.0,0.04605,45020.0,0.04607,6623.0,0.04608,16694.0
1753600155109,07:09:15.109,okx,ACT/USDT:USDT,0.04606,22.0,0.04605,47697.0,0.04607,6623.0,0.04608,16694.0
1753600155309,07:09:15.309,okx,ACT/USDT:USDT,0.04606,22.0,0.04605,45020.0,0.04607,6623.0,0.04608,16694.0
1753600155509,07:09:15.509,okx,ACT/USDT:USDT,0.04606,22.0,0.04605,47697.0,0.04607,6623.0,0.04608,16694.0
1753600156209,07:09:16.209,okx,ACT/USDT:USDT,0.04606,22.0,0.04605,47697.0,0.04607,6615.0,0.04608,18864.0
1753600156709,07:09:16.709,okx,ACT/USDT:USDT,0.04606,22.0,0.04605,44585.0,0.04607,8784.0,0.04608,27544.0
1753600156809,07:09:16.809,okx,ACT/USDT:USDT,0.04606,22.0,0.04605,44585.0,0.04607,8784.0,0.04608,27544.0
1753600156909,07:09:16.909,okx,ACT/USDT:USDT,0.04606,22.0,0.04605,44585.0,0.04607,8784.0,0.04608,27544.0
1753600157109,07:09:17.109,okx,ACT/USDT:USDT,0.04606,22.0,0.04605,44585.0,0.04607,8784.0,0.04608,27544.0
1753600157409,07:09:17.409,okx,ACT/USDT:USDT,0.04606,22.0,0.04605,41552.0,0.04607,12901.0,0.04608,35510.0
1753600157509,07:09:17.509,okx,ACT/USDT:USDT,0.04606,22.0,0.04605,41552.0,0.04607,12901.0,0.04608,35510.0
1753600157609,07:09:17.609,okx,ACT/USDT:USDT,0.04606,22.0,0.04605,41552.0,0.04607,12466.0,0.04608,35510.0
1753600157909,07:09:17.909,okx,ACT/USDT:USDT,0.04606,22.0,0.04605,41552.0,0.04607,14636.0,0.04608,37680.0
1753600158109,07:09:18.109,okx,ACT/USDT:USDT,0.04606,22.0,0.04605,41552.0,0.04607,15071.0,0.04608,37682.0
1753600158209,07:09:18.209,okx,ACT/USDT:USDT,0.04606,22.0,0.04605,41552.0,0.04607,14636.0,0.04608,37682.0
1753600158309,07:09:18.309,okx,ACT/USDT:USDT,0.04606,22.0,0.04605,41552.0,0.04607,15071.0,0.04608,39852.0
1753600158409,07:09:18.409,okx,ACT/USDT:USDT,0.04606,22.0,0.04605,41552.0,0.04607,15071.0,0.04608,39852.0
1753600158509,07:09:18.509,okx,ACT/USDT:USDT,0.04605,18905.0,0.04604,81138.0,0.04606,10241.0,0.04607,18978.0
1753600158809,07:09:18.809,okx,ACT/USDT:USDT,0.04605,18905.0,0.04604,81573.0,0.04606,5901.0,0.04607,12467.0
1753600159609,07:09:19.609,okx,ACT/USDT:USDT,0.04605,18905.0,0.04604,82578.0,0.04606,2219.0,0.04607,12467.0
1753600159809,07:09:19.809,okx,ACT/USDT:USDT,0.04605,18905.0,0.04604,81138.0,0.04606,8072.0,0.04607,12467.0
1753600160009,07:09:20.009,okx,ACT/USDT:USDT,0.04605,18921.0,0.04604,81138.0,0.04606,8070.0,0.04607,12467.0
1753600160109,07:09:20.109,okx,ACT/USDT:USDT,0.04605,18921.0,0.04604,81573.0,0.04606,8072.0,0.04607,12467.0
1753600160409,07:09:20.409,okx,ACT/USDT:USDT,0.04605,18921.0,0.04604,81573.0,0.04606,2219.0,0.04607,12699.0
1753600160509,07:09:20.509,okx,ACT/USDT:USDT,0.04605,18921.0,0.04604,81573.0,0.04606,3224.0,0.04607,12699.0
1753600160609,07:09:20.609,okx,ACT/USDT:USDT,0.04605,18921.0,0.04604,81573.0,0.04606,3224.0,0.04607,12699.0
1753600161309,07:09:21.309,okx,ACT/USDT:USDT,0.04605,3814.0,0.04604,59504.0,0.04606,8072.0,0.04607,13134.0
1753600161809,07:09:21.809,okx,ACT/USDT:USDT,0.04605,2802.0,0.04604,34444.0,0.04606,10178.0,0.04607,30920.0
1753600162009,07:09:22.009,okx,ACT/USDT:USDT,0.04605,2802.0,0.04604,34444.0,0.04606,10178.0,0.04607,31015.0
1753600162109,07:09:22.109,okx,ACT/USDT:USDT,0.04605,2802.0,0.04604,34444.0,0.04606,9743.0,0.04607,31004.0
1753600162309,07:09:22.309,okx,ACT/USDT:USDT,0.04605,2805.0,0.04604,34444.0,0.04606,11914.0,0.04607,33183.0
1753600162609,07:09:22.609,okx,ACT/USDT:USDT,0.04605,2805.0,0.04604,34444.0,0.04606,9237.0,0.04607,26670.0
1753600162709,07:09:22.709,okx,ACT/USDT:USDT,0.04605,2805.0,0.04604,34444.0,0.04606,8232.0,0.04607,24064.0
1753600162909,07:09:22.909,okx,ACT/USDT:USDT,0.04605,2805.0,0.04604,34444.0,0.04606,8232.0,0.04607,24499.0
1753600163809,07:09:23.809,okx,ACT/USDT:USDT,0.04605,627.0,0.04604,34444.0,0.04606,12349.0,0.04607,33183.0
1753600164209,07:09:24.209,okx,ACT/USDT:USDT,0.04605,627.0,0.04604,34444.0,0.04606,11914.0,0.04607,33183.0
1753600164309,07:09:24.309,okx,ACT/USDT:USDT,0.04605,627.0,0.04604,34444.0,0.04606,11914.0,0.04607,33183.0
1753600164609,07:09:24.609,okx,ACT/USDT:USDT,0.04605,627.0,0.04604,34444.0,0.04606,11914.0,0.04607,26670.0
1753600165009,07:09:25.009,okx,ACT/USDT:USDT,0.04605,627.0,0.04604,34444.0,0.04606,11914.0,0.04607,26670.0
1753600165209,07:09:25.209,okx,ACT/USDT:USDT,0.04605,627.0,0.04604,34444.0,0.04606,11914.0,0.04607,26087.0
1753600165309,07:09:25.309,okx,ACT/USDT:USDT,0.04605,627.0,0.04604,34444.0,0.04606,11914.0,0.04607,33183.0
1753600165409,07:09:25.409,okx,ACT/USDT:USDT,0.04605,627.0,0.04604,34444.0,0.04606,11914.0,0.04607,33183.0
1753600165509,07:09:25.509,okx,ACT/USDT:USDT,0.04605,627.0,0.04604,34444.0,0.04606,16691.0,0.04607,33183.0
1753600165609,07:09:25.609,okx,ACT/USDT:USDT,0.04605,627.0,0.04604,34444.0,0.04606,16691.0,0.04607,32966.0
1753600166309,07:09:26.309,okx,ACT/USDT:USDT,0.04605,627.0,0.04604,34444.0,0.04606,16691.0,0.04607,35363.0
1753600166609,07:09:26.609,okx,ACT/USDT:USDT,0.04605,626.0,0.04604,34444.0,0.04606,16692.0,0.04607,35363.0
1753600166809,07:09:26.809,okx,ACT/USDT:USDT,0.04605,626.0,0.04604,34444.0,0.04606,16692.0,0.04607,35363.0
1753600167109,07:09:27.109,okx,ACT/USDT:USDT,0.04605,626.0,0.04604,34444.0,0.04606,16692.0,0.04607,35331.0
1753600167209,07:09:27.209,okx,ACT/USDT:USDT,0.04605,626.0,0.04604,34444.0,0.04606,16692.0,0.04607,35374.0
1753600167309,07:09:27.309,okx,ACT/USDT:USDT,0.04605,626.0,0.04604,34444.0,0.04606,16692.0,0.04607,35365.0
1753600167509,07:09:27.509,okx,ACT/USDT:USDT,0.04605,626.0,0.04604,34444.0,0.04606,14015.0,0.04607,35373.0
1753600167609,07:09:27.609,okx,ACT/USDT:USDT,0.04605,626.0,0.04604,34444.0,0.04606,16692.0,0.04607,37151.0
1753600167709,07:09:27.709,okx,ACT/USDT:USDT,0.04605,626.0,0.04604,34444.0,0.04606,16692.0,0.04607,37402.0
1753600167809,07:09:27.809,okx,ACT/USDT:USDT,0.04605,626.0,0.04604,34444.0,0.04606,16692.0,0.04607,37523.0
1753600167909,07:09:27.909,okx,ACT/USDT:USDT,0.04604,32522.0,0.04603,95391.0,0.04605,1591.0,0.04606,16257.0
1753600168009,07:09:28.009,okx,ACT/USDT:USDT,0.04604,12288.0,0.04603,72991.0,0.04605,14394.0,0.04606,22199.0
1753600168109,07:09:28.109,okx,ACT/USDT:USDT,0.04604,12288.0,0.04603,74942.0,0.04605,9111.0,0.04606,9174.0
1753600168209,07:09:28.209,okx,ACT/USDT:USDT,0.04604,12288.0,0.04603,74942.0,0.04605,9111.0,0.04606,9174.0
1753600168709,07:09:28.709,okx,ACT/USDT:USDT,0.04604,12288.0,0.04603,75377.0,0.04605,2598.0,0.04606,8739.0
1753600169509,07:09:29.509,okx,ACT/USDT:USDT,0.04604,12288.0,0.04603,74942.0,0.04605,2598.0,0.04606,9174.0
1753600169709,07:09:29.709,okx,ACT/USDT:USDT,0.04604,12288.0,0.04603,78054.0,0.04605,1593.0,0.04606,9744.0
1753600170209,07:09:30.209,okx,ACT/USDT:USDT,0.04604,12288.0,0.04603,75377.0,0.04605,1593.0,0.04606,9744.0
1753600170809,07:09:30.809,okx,ACT/USDT:USDT,0.04604,4038.0,0.04603,50846.0,0.04605,1593.0,0.04606,9744.0
1753600170909,07:09:30.909,okx,ACT/USDT:USDT,0.04604,4038.0,0.04603,50846.0,0.04605,2598.0,0.04606,10075.0
1753600171009,07:09:31.009,okx,ACT/USDT:USDT,0.04604,4038.0,0.04603,53523.0,0.04605,1593.0,0.04606,10075.0
1753600171309,07:09:31.309,okx,ACT/USDT:USDT,0.04604,2327.0,0.04603,23292.0,0.04605,5275.0,0.04606,10510.0
1753600172209,07:09:32.209,okx,ACT/USDT:USDT,0.04604,4548.0,0.04603,29581.0,0.04605,1593.0,0.04606,10075.0
1753600173609,07:09:33.609,okx,ACT/USDT:USDT,0.04604,6731.0,0.04603,25237.0,0.04605,1593.0,0.04606,5083.0
1753600174109,07:09:34.109,okx,ACT/USDT:USDT,0.04604,12553.0,0.04603,23286.0,0.04605,1593.0,0.04606,6836.0
1753600174209,07:09:34.209,okx,ACT/USDT:USDT,0.04604,12553.0,0.04603,23286.0,0.04605,1593.0,0.04606,6836.0
1753600174309,07:09:34.309,okx,ACT/USDT:USDT,0.04604,12553.0,0.04603,23286.0,0.04605,1593.0,0.04606,6836.0
1753600174509,07:09:34.509,okx,ACT/USDT:USDT,0.04604,9876.0,0.04603,23286.0,0.04605,1593.0,0.04606,6836.0
1753600174809,07:09:34.809,okx,ACT/USDT:USDT,0.04605,3063.0,0.04604,27148.0,0.04606,6837.0,0.04607,6905.0
1753600174909,07:09:34.909,okx,ACT/USDT:USDT,0.04605,4122.0,0.04604,27148.0,0.04606,5084.0,0.04607,6903.0
1753600175009,07:09:35.009,okx,ACT/USDT:USDT,0.04605,4124.0,0.04604,27148.0,0.04606,5084.0,0.04607,8737.0
1753600175309,07:09:35.309,okx,ACT/USDT:USDT,0.04605,8813.0,0.04604,25443.0,0.04606,5084.0,0.04607,8737.0
1753600175709,07:09:35.709,okx,ACT/USDT:USDT,0.04605,8813.0,0.04604,25443.0,0.04606,5084.0,0.04607,8737.0
1753600176209,07:09:36.209,okx,ACT/USDT:USDT,0.04605,8813.0,0.04604,25443.0,0.04606,5084.0,0.04607,9058.0
1753600176309,07:09:36.309,okx,ACT/USDT:USDT,0.04605,8813.0,0.04604,25443.0,0.04606,5084.0,0.04607,9069.0
1753600176909,07:09:36.909,okx,ACT/USDT:USDT,0.04605,8816.0,0.04604,25442.0,0.04606,5084.0,0.04607,9069.0
1753600177009,07:09:37.009,okx,ACT/USDT:USDT,0.04605,8816.0,0.04604,25442.0,0.04606,5084.0,0.04607,9069.0
1753600177109,07:09:37.109,okx,ACT/USDT:USDT,0.04605,8816.0,0.04604,25442.0,0.04606,5084.0,0.04607,9069.0
1753600177209,07:09:37.209,okx,ACT/USDT:USDT,0.04605,8816.0,0.04604,25442.0,0.04606,5084.0,0.04607,9069.0
1753600178109,07:09:38.109,okx,ACT/USDT:USDT,0.04605,8816.0,0.04604,31417.0,0.04606,5084.0,0.04607,9069.0
1753600178309,07:09:38.309,okx,ACT/USDT:USDT,0.04605,8816.0,0.04604,31417.0,0.04606,5084.0,0.04607,9059.0
1753600179109,07:09:39.109,okx,ACT/USDT:USDT,0.04605,2061.0,0.04604,30180.0,0.04606,6963.0,0.04607,14310.0
1753600179209,07:09:39.209,okx,ACT/USDT:USDT,0.04605,2061.0,0.04604,30180.0,0.04606,6965.0,0.04607,14310.0
1753600179309,07:09:39.309,okx,ACT/USDT:USDT,0.04605,2061.0,0.04604,30180.0,0.04606,6978.0,0.04607,16987.0
1753600179509,07:09:39.509,okx,ACT/USDT:USDT,0.04605,2061.0,0.04604,30180.0,0.04606,6978.0,0.04607,16552.0
1753600179609,07:09:39.609,okx,ACT/USDT:USDT,0.04605,2061.0,0.04604,30615.0,0.04606,6978.0,0.04607,7362.0
1753600180309,07:09:40.309,okx,ACT/USDT:USDT,0.04605,2061.0,0.04604,30615.0,0.04606,6978.0,0.04607,7362.0
1753600180609,07:09:40.609,okx,ACT/USDT:USDT,0.04605,2061.0,0.04604,30615.0,0.04606,6978.0,0.04607,7362.0
1753600181009,07:09:41.009,okx,ACT/USDT:USDT,0.04605,6206.0,0.04604,30606.0,0.04606,5097.0,0.04607,7362.0
1753600181209,07:09:41.209,okx,ACT/USDT:USDT,0.04605,6206.0,0.04604,30606.0,0.04606,5097.0,0.04607,9310.0
1753600181609,07:09:41.609,okx,ACT/USDT:USDT,0.04605,3094.0,0.04604,30606.0,0.04606,5097.0,0.04607,9310.0
1753600181709,07:09:41.709,okx,ACT/USDT:USDT,0.04605,3094.0,0.04604,30606.0,0.04606,5097.0,0.04607,9310.0
1753600182009,07:09:42.009,okx,ACT/USDT:USDT,0.04605,3094.0,0.04604,30606.0,0.04606,5097.0,0.04607,9310.0
1753600182409,07:09:42.409,okx,ACT/USDT:USDT,0.04605,3094.0,0.04604,30606.0,0.04606,5099.0,0.04607,9310.0
1753600182609,07:09:42.609,okx,ACT/USDT:USDT,0.04605,3094.0,0.04604,30606.0,0.04606,5099.0,0.04607,9310.0
1753600183309,07:09:43.309,okx,ACT/USDT:USDT,0.04605,3094.0,0.04604,30171.0,0.04606,5099.0,0.04607,9745.0
1753600183909,07:09:43.909,okx,ACT/USDT:USDT,0.04605,2089.0,0.04604,30171.0,0.04606,5099.0,0.04607,12422.0
1753600184309,07:09:44.309,okx,ACT/USDT:USDT,0.04605,5771.0,0.04604,30606.0,0.04606,5099.0,0.04607,9310.0
1753600185909,07:09:45.909,okx,ACT/USDT:USDT,0.04605,2089.0,0.04604,26489.0,0.04606,8780.0,0.04607,13620.0
1753600186209,07:09:46.209,okx,ACT/USDT:USDT,0.04605,2086.0,0.04604,27494.0,0.04606,5099.0,0.04607,13620.0
1753600186409,07:09:46.409,okx,ACT/USDT:USDT,0.04605,2086.0,0.04604,26489.0,0.04606,12894.0,0.04607,20356.0
1753600186709,07:09:46.709,okx,ACT/USDT:USDT,0.04605,2086.0,0.04604,26489.0,0.04606,10217.0,0.04607,22527.0
1753600187009,07:09:47.009,okx,ACT/USDT:USDT,0.04605,2086.0,0.04604,27494.0,0.04606,10217.0,0.04607,22527.0
1753600188309,07:09:48.309,okx,ACT/USDT:USDT,0.04605,2086.0,0.04604,27494.0,0.04606,7270.0,0.04607,15704.0
1753600188409,07:09:48.409,okx,ACT/USDT:USDT,0.04605,2086.0,0.04604,27929.0,0.04606,5099.0,0.04607,15269.0
1753600189209,07:09:49.209,okx,ACT/USDT:USDT,0.04605,2086.0,0.04604,27929.0,0.04606,5099.0,0.04607,15269.0
1753600189409,07:09:49.409,okx,ACT/USDT:USDT,0.04605,2086.0,0.04604,27929.0,0.04606,5099.0,0.04607,15270.0
1753600189509,07:09:49.509,okx,ACT/USDT:USDT,0.04605,2086.0,0.04604,27929.0,0.04606,5097.0,0.04607,15270.0
1753600189609,07:09:49.609,okx,ACT/USDT:USDT,0.04605,2086.0,0.04604,26489.0,0.04606,8779.0,0.04607,15705.0
1753600189709,07:09:49.709,okx,ACT/USDT:USDT,0.04605,2086.0,0.04604,26489.0,0.04606,8779.0,0.04607,15713.0
1753600190309,07:09:50.309,okx,ACT/USDT:USDT,0.04605,2086.0,0.04604,27494.0,0.04606,5097.0,0.04607,15713.0
1753600190409,07:09:50.409,okx,ACT/USDT:USDT,0.04605,2065.0,0.04604,27494.0,0.04606,5097.0,0.04607,15713.0
1753600192609,07:09:52.609,okx,ACT/USDT:USDT,0.04605,2065.0,0.04604,26489.0,0.04606,15155.0,0.04607,13889.0
1753600192709,07:09:52.709,okx,ACT/USDT:USDT,0.04605,2065.0,0.04604,26489.0,0.04606,15155.0,0.04607,13889.0
1753600192809,07:09:52.809,okx,ACT/USDT:USDT,0.04605,2065.0,0.04604,26489.0,0.04606,15155.0,0.04607,13889.0
1753600193209,07:09:53.209,okx,ACT/USDT:USDT,0.04605,2065.0,0.04604,26489.0,0.04606,12478.0,0.04607,13890.0
1753600194409,07:09:54.409,okx,ACT/USDT:USDT,0.04605,9.0,0.04604,26489.0,0.04606,17326.0,0.04607,13864.0
1753600194709,07:09:54.709,okx,ACT/USDT:USDT,0.04605,9.0,0.04604,26489.0,0.04606,17326.0,0.04607,20678.0
1753600194809,07:09:54.809,okx,ACT/USDT:USDT,0.04605,9.0,0.04604,26489.0,0.04606,17326.0,0.04607,20678.0
1753600195209,07:09:55.209,okx,ACT/USDT:USDT,0.04605,9.0,0.04604,26489.0,0.04606,17326.0,0.04607,20419.0
1753600196009,07:09:56.009,okx,ACT/USDT:USDT,0.04605,9.0,0.04604,26489.0,0.04606,14649.0,0.04607,25021.0
1753600196309,07:09:56.309,okx,ACT/USDT:USDT,0.04605,9.0,0.04604,26489.0,0.04606,14649.0,0.04607,18508.0
1753600196709,07:09:56.709,okx,ACT/USDT:USDT,0.04605,9.0,0.04604,26489.0,0.04606,17328.0,0.04607,18508.0
1753600197709,07:09:57.709,okx,ACT/USDT:USDT,0.04605,9.0,0.04604,26489.0,0.04606,14651.0,0.04607,20244.0
1753600197909,07:09:57.909,okx,ACT/USDT:USDT,0.04605,9.0,0.04604,26489.0,0.04606,14651.0,0.04607,20679.0
1753600198709,07:09:58.709,okx,ACT/USDT:USDT,0.04605,9.0,0.04604,26489.0,0.04606,17329.0,0.04607,27430.0
1753600199109,07:09:59.109,okx,ACT/USDT:USDT,0.04605,9.0,0.04604,26489.0,0.04606,14652.0,0.04607,20917.0
1753600199209,07:09:59.209,okx,ACT/USDT:USDT,0.04605,9.0,0.04604,26489.0,0.04606,14652.0,0.04607,20917.0
1753600199309,07:09:59.309,okx,ACT/USDT:USDT,0.04605,9.0,0.04604,26489.0,0.04606,14652.0,0.04607,20917.0
1753600199409,07:09:59.409,okx,ACT/USDT:USDT,0.04605,9.0,0.04604,26489.0,0.04606,17329.0,0.04607,20917.0
1753600199809,07:09:59.809,okx,ACT/USDT:USDT,0.04605,2226.0,0.04604,29166.0,0.04606,11618.0,0.04607,20482.0
1753600200009,07:10:00.009,okx,ACT/USDT:USDT,0.04605,2226.0,0.04604,29045.0,0.04606,11618.0,0.04607,22127.0
1753600200209,07:10:00.209,okx,ACT/USDT:USDT,0.04605,2226.0,0.04604,26368.0,0.04606,11618.0,0.04607,22269.0
1753600200409,07:10:00.409,okx,ACT/USDT:USDT,0.04605,2226.0,0.04604,29098.0,0.04606,5105.0,0.04607,15895.0
1753600200909,07:10:00.909,okx,ACT/USDT:USDT,0.04605,2226.0,0.04604,26368.0,0.04606,6140.0,0.04607,15892.0
1753600201009,07:10:01.009,okx,ACT/USDT:USDT,0.04605,2226.0,0.04604,26368.0,0.04606,8870.0,0.04607,16468.0
1753600201309,07:10:01.309,okx,ACT/USDT:USDT,0.04605,2226.0,0.04604,26368.0,0.04606,6140.0,0.04607,16033.0
1753600202809,07:10:02.809,okx,ACT/USDT:USDT,0.04605,2226.0,0.04604,29098.0,0.04606,5116.0,0.04607,16033.0
1753600202909,07:10:02.909,okx,ACT/USDT:USDT,0.04605,3905.0,0.04604,28894.0,0.04606,5116.0,0.04607,13356.0
1753600203609,07:10:03.609,okx,ACT/USDT:USDT,0.04605,3905.0,0.04604,28459.0,0.04606,4785.0,0.04607,14246.0
1753600204509,07:10:04.509,okx,ACT/USDT:USDT,0.04605,5364.0,0.04604,30701.0,0.04606,4785.0,0.04607,11516.0
1753600205009,07:10:05.009,okx,ACT/USDT:USDT,0.04605,3905.0,0.04604,30701.0,0.04606,4785.0,0.04607,14246.0
1753600205109,07:10:05.109,okx,ACT/USDT:USDT,0.04605,3905.0,0.04604,28894.0,0.04606,4785.0,0.04607,14246.0
1753600205209,07:10:05.209,okx,ACT/USDT:USDT,0.04605,3905.0,0.04604,28894.0,0.04606,4785.0,0.04607,14246.0
1753600205809,07:10:05.809,okx,ACT/USDT:USDT,0.04605,4341.0,0.04604,28894.0,0.04606,4672.0,0.04607,14347.0
1753600206209,07:10:06.209,okx,ACT/USDT:USDT,0.04605,4341.0,0.04604,28894.0,0.04606,4672.0,0.04607,11617.0
1753600206509,07:10:06.509,okx,ACT/USDT:USDT,0.04605,4341.0,0.04604,28894.0,0.04606,4672.0,0.04607,11617.0
1753600206609,07:10:06.609,okx,ACT/USDT:USDT,0.04605,10.0,0.04604,25729.0,0.04606,7146.0,0.04607,14781.0
1753600206909,07:10:06.909,okx,ACT/USDT:USDT,0.04605,10.0,0.04604,24705.0,0.04606,9888.0,0.04607,21827.0
1753600207209,07:10:07.209,okx,ACT/USDT:USDT,0.04605,10.0,0.04604,26591.0,0.04606,7158.0,0.04607,21827.0
1753600207509,07:10:07.509,okx,ACT/USDT:USDT,0.04603,22778.0,0.04602,32027.0,0.04604,3243.0,0.04605,16137.0
1753600207809,07:10:07.809,okx,ACT/USDT:USDT,0.04603,22778.0,0.04602,32027.0,0.04604,3243.0,0.04605,15706.0
1753600208209,07:10:08.209,okx,ACT/USDT:USDT,0.04603,20606.0,0.04602,32027.0,0.04604,5976.0,0.04605,15706.0
1753600209009,07:10:09.009,okx,ACT/USDT:USDT,0.04603,20606.0,0.04602,32027.0,0.04604,5976.0,0.04605,15706.0
1753600209209,07:10:09.209,okx,ACT/USDT:USDT,0.04603,20606.0,0.04602,32027.0,0.04604,5976.0,0.04605,16049.0
1753600209309,07:10:09.309,okx,ACT/USDT:USDT,0.04603,20606.0,0.04602,32027.0,0.04604,5976.0,0.04605,16049.0
1753600209709,07:10:09.709,okx,ACT/USDT:USDT,0.04603,20606.0,0.04602,32027.0,0.04604,5976.0,0.04605,16070.0
1753600209809,07:10:09.809,okx,ACT/USDT:USDT,0.04603,20606.0,0.04602,32027.0,0.04604,5976.0,0.04605,16070.0
1753600210209,07:10:10.209,okx,ACT/USDT:USDT,0.04603,20622.0,0.04602,27683.0,0.04604,7701.0,0.04605,14645.0
1753600210309,07:10:10.309,okx,ACT/USDT:USDT,0.04603,20622.0,0.04602,27683.0,0.04604,7701.0,0.04605,14645.0
1753600210409,07:10:10.409,okx,ACT/USDT:USDT,0.04603,20622.0,0.04602,28118.0,0.04604,4971.0,0.04605,14210.0
1753600210509,07:10:10.509,okx,ACT/USDT:USDT,0.04603,21057.0,0.04602,25774.0,0.04604,3947.0,0.04605,13186.0
1753600210809,07:10:10.809,okx,ACT/USDT:USDT,0.04603,20622.0,0.04602,17472.0,0.04604,7701.0,0.04605,13186.0
1753600211109,07:10:11.109,okx,ACT/USDT:USDT,0.04603,20622.0,0.04602,17472.0,0.04604,7701.0,0.04605,13282.0
1753600211209,07:10:11.209,okx,ACT/USDT:USDT,0.04603,20622.0,0.04602,17472.0,0.04604,7701.0,0.04605,13407.0
1753600211709,07:10:11.709,okx,ACT/USDT:USDT,0.04603,18082.0,0.04602,19325.0,0.04604,7701.0,0.04605,13407.0
1753600212009,07:10:12.009,okx,ACT/USDT:USDT,0.04603,3316.0,0.04602,19325.0,0.04604,7701.0,0.04605,13407.0
1753600212709,07:10:12.709,okx,ACT/USDT:USDT,0.04603,3316.0,0.04602,19325.0,0.04604,7701.0,0.04605,13852.0
1753600212909,07:10:12.909,okx,ACT/USDT:USDT,0.04603,3316.0,0.04602,19325.0,0.04604,7701.0,0.04605,13417.0
1753600213309,07:10:13.309,okx,ACT/USDT:USDT,0.04603,3316.0,0.04602,19325.0,0.04604,7701.0,0.04605,13417.0
1753600213909,07:10:13.909,okx,ACT/USDT:USDT,0.04601,42021.0,0.046,24705.0,0.04602,4519.0,0.04603,12040.0
1753600214009,07:10:14.009,okx,ACT/USDT:USDT,0.04601,42021.0,0.046,24705.0,0.04602,4519.0,0.04603,12038.0
1753600214109,07:10:14.109,okx,ACT/USDT:USDT,0.04601,42021.0,0.046,32707.0,0.04602,4519.0,0.04603,11603.0
1753600214309,07:10:14.309,okx,ACT/USDT:USDT,0.04601,42021.0,0.046,32707.0,0.04602,1583.0,0.04603,11603.0
1753600214809,07:10:14.809,okx,ACT/USDT:USDT,0.04601,43694.0,0.046,31180.0,0.04602,1583.0,0.04603,12165.0
1753600214909,07:10:14.909,okx,ACT/USDT:USDT,0.04601,43694.0,0.046,31180.0,0.04602,1583.0,0.04603,12165.0
1753600215209,07:10:15.209,okx,ACT/USDT:USDT,0.04601,34883.0,0.046,22197.0,0.04602,1583.0,0.04603,12165.0
1753600215809,07:10:15.809,okx,ACT/USDT:USDT,0.04601,17160.0,0.046,25978.0,0.04602,1583.0,0.04603,12165.0
1753600216009,07:10:16.009,okx,ACT/USDT:USDT,0.04601,3892.0,0.046,23546.0,0.04602,1583.0,0.04603,9435.0
1753600216209,07:10:16.209,okx,ACT/USDT:USDT,0.04601,3892.0,0.046,23546.0,0.04602,1583.0,0.04603,9435.0
1753600216309,07:10:16.309,okx,ACT/USDT:USDT,0.04601,3892.0,0.046,23546.0,0.04602,1583.0,0.04603,9435.0
1753600216509,07:10:16.509,okx,ACT/USDT:USDT,0.04602,4034.0,0.04601,20316.0,0.04603,4967.0,0.04604,4394.0
1753600216609,07:10:16.609,okx,ACT/USDT:USDT,0.04602,4034.0,0.04601,20316.0,0.04603,4967.0,0.04604,6104.0
1753600216809,07:10:16.809,okx,ACT/USDT:USDT,0.04602,4034.0,0.04601,20316.0,0.04603,4967.0,0.04604,6104.0
1753600217309,07:10:17.309,okx,ACT/USDT:USDT,0.04602,4034.0,0.04601,20316.0,0.04603,4967.0,0.04604,6104.0
1753600217709,07:10:17.709,okx,ACT/USDT:USDT,0.04602,4034.0,0.04601,20316.0,0.04603,4967.0,0.04604,6104.0
1753600217809,07:10:17.809,okx,ACT/USDT:USDT,0.04602,4034.0,0.04601,20316.0,0.04603,4967.0,0.04604,6102.0
1753600218109,07:10:18.109,okx,ACT/USDT:USDT,0.04602,4034.0,0.04601,20316.0,0.04603,4967.0,0.04604,6102.0
1753600220509,07:10:20.509,okx,ACT/USDT:USDT,0.04602,8495.0,0.04601,27156.0,0.04603,2751.0,0.04604,6317.0
1753600220609,07:10:20.609,okx,ACT/USDT:USDT,0.04602,10551.0,0.04601,27156.0,0.04603,2751.0,0.04604,6317.0
1753600220709,07:10:20.709,okx,ACT/USDT:USDT,0.04602,10553.0,0.04601,27156.0,0.04603,2751.0,0.04604,6317.0
1753600221209,07:10:21.209,okx,ACT/USDT:USDT,0.04602,10988.0,0.04601,33700.0,0.04603,579.0,0.04604,6363.0
1753600221409,07:10:21.409,okx,ACT/USDT:USDT,0.04602,8060.0,0.04601,33700.0,0.04603,579.0,0.04604,6363.0
1753600221809,07:10:21.809,okx,ACT/USDT:USDT,0.04602,5888.0,0.04601,31768.0,0.04603,2796.0,0.04604,6365.0
1753600222109,07:10:22.109,okx,ACT/USDT:USDT,0.04602,8816.0,0.04601,31768.0,0.04603,579.0,0.04604,6365.0
1753600222209,07:10:22.209,okx,ACT/USDT:USDT,0.04602,6323.0,0.04601,31768.0,0.04603,2796.0,0.04604,6365.0
1753600222409,07:10:22.409,okx,ACT/USDT:USDT,0.04602,6323.0,0.04601,42338.0,0.04603,579.0,0.04604,6365.0
1753600222509,07:10:22.509,okx,ACT/USDT:USDT,0.04602,8814.0,0.04601,42338.0,0.04603,579.0,0.04604,6365.0
1753600223309,07:10:23.309,okx,ACT/USDT:USDT,0.04602,8381.0,0.04601,41831.0,0.04603,579.0,0.04604,6365.0
1753600223409,07:10:23.409,okx,ACT/USDT:USDT,0.04602,8381.0,0.04601,41831.0,0.04603,2796.0,0.04604,6501.0
1753600223709,07:10:23.709,okx,ACT/USDT:USDT,0.04602,8381.0,0.04601,41831.0,0.04603,2796.0,0.04604,6501.0
1753600224109,07:10:24.109,okx,ACT/USDT:USDT,0.04602,8816.0,0.04601,37295.0,0.04603,2796.0,0.04604,6501.0
1753600224509,07:10:24.509,okx,ACT/USDT:USDT,0.04602,8816.0,0.04601,37295.0,0.04603,2796.0,0.04604,6501.0
1753600224609,07:10:24.609,okx,ACT/USDT:USDT,0.04602,8816.0,0.04601,37295.0,0.04603,2796.0,0.04604,6501.0
1753600224909,07:10:24.909,okx,ACT/USDT:USDT,0.04602,8816.0,0.04601,37295.0,0.04603,2796.0,0.04604,6501.0
1753600225409,07:10:25.409,okx,ACT/USDT:USDT,0.04602,8816.0,0.04601,37295.0,0.04603,2796.0,0.04604,6501.0
1753600225609,07:10:25.609,okx,ACT/USDT:USDT,0.04602,6323.0,0.04601,37295.0,0.04603,2837.0,0.04604,6501.0
1753600225709,07:10:25.709,okx,ACT/USDT:USDT,0.04602,8381.0,0.04601,37295.0,0.04603,2837.0,0.04604,6501.0
1753600226309,07:10:26.309,okx,ACT/USDT:USDT,0.04602,5888.0,0.04601,37295.0,0.04603,2837.0,0.04604,6501.0
1753600226409,07:10:26.409,okx,ACT/USDT:USDT,0.04602,5888.0,0.04601,37295.0,0.04603,2837.0,0.04604,6501.0
1753600226509,07:10:26.509,okx,ACT/USDT:USDT,0.04602,5888.0,0.04601,37295.0,0.04603,2837.0,0.04604,6734.0
1753600226609,07:10:26.609,okx,ACT/USDT:USDT,0.04602,5888.0,0.04601,37295.0,0.04603,2837.0,0.04604,6735.0
1753600226709,07:10:26.709,okx,ACT/USDT:USDT,0.04602,5886.0,0.04601,37295.0,0.04603,2837.0,0.04604,6735.0
1753600227009,07:10:27.009,okx,ACT/USDT:USDT,0.04602,4864.0,0.04601,37295.0,0.04603,2837.0,0.04604,6735.0
1753600227109,07:10:27.109,okx,ACT/USDT:USDT,0.04602,4864.0,0.04601,37295.0,0.04603,2837.0,0.04604,6735.0
1753600227209,07:10:27.209,okx,ACT/USDT:USDT,0.04602,4864.0,0.04601,40242.0,0.04603,2837.0,0.04604,6954.0
1753600227309,07:10:27.309,okx,ACT/USDT:USDT,0.04602,794.0,0.04601,33881.0,0.04603,2837.0,0.04604,20018.0
1753600227409,07:10:27.409,okx,ACT/USDT:USDT,0.04602,794.0,0.04601,36710.0,0.04603,2837.0,0.04604,20019.0
1753600227509,07:10:27.509,okx,ACT/USDT:USDT,0.04602,794.0,0.04601,36710.0,0.04603,2837.0,0.04604,20019.0
1753600227609,07:10:27.609,okx,ACT/USDT:USDT,0.04602,794.0,0.04601,36710.0,0.04603,2837.0,0.04604,20019.0
1753600227709,07:10:27.709,okx,ACT/USDT:USDT,0.04602,794.0,0.04601,35686.0,0.04603,4734.0,0.04604,23347.0
1753600228309,07:10:28.309,okx,ACT/USDT:USDT,0.04602,794.0,0.04601,36710.0,0.04603,6906.0,0.04604,9186.0
1753600228409,07:10:28.409,okx,ACT/USDT:USDT,0.04602,794.0,0.04601,36710.0,0.04603,6906.0,0.04604,9621.0
1753600228909,07:10:28.909,okx,ACT/USDT:USDT,0.04602,2688.0,0.04601,34905.0,0.04603,5009.0,0.04604,11174.0
1753600229109,07:10:29.109,okx,ACT/USDT:USDT,0.04602,2688.0,0.04601,34905.0,0.04603,5009.0,0.04604,11443.0
1753600229809,07:10:29.809,okx,ACT/USDT:USDT,0.04602,4905.0,0.04601,38070.0,0.04603,2837.0,0.04604,7689.0
1753600229909,07:10:29.909,okx,ACT/USDT:USDT,0.04602,4905.0,0.04601,38070.0,0.04603,2837.0,0.04604,8713.0
1753600230309,07:10:30.309,okx,ACT/USDT:USDT,0.04602,4905.0,0.04601,40242.0,0.04603,2837.0,0.04604,8713.0
1753600230409,07:10:30.409,okx,ACT/USDT:USDT,0.04602,4905.0,0.04601,40242.0,0.04603,2837.0,0.04604,7689.0
1753600230509,07:10:30.509,okx,ACT/USDT:USDT,0.04602,4905.0,0.04601,37512.0,0.04603,2837.0,0.04604,11443.0
1753600230609,07:10:30.609,okx,ACT/USDT:USDT,0.04603,2217.0,0.04602,28175.0,0.04604,5700.0,0.04605,13497.0
1753600230709,07:10:30.709,okx,ACT/USDT:USDT,0.04604,2217.0,0.04603,25066.0,0.04605,6058.0,0.04606,17243.0
1753600230809,07:10:30.809,okx,ACT/USDT:USDT,0.04604,7879.0,0.04603,23181.0,0.04605,5925.0,0.04606,16837.0
1753600230909,07:10:30.909,okx,ACT/USDT:USDT,0.04604,7881.0,0.04603,23181.0,0.04605,5927.0,0.04606,12566.0
1753600231409,07:10:31.409,okx,ACT/USDT:USDT,0.04604,3243.0,0.04603,32762.0,0.04605,8154.0,0.04606,15320.0
1753600231509,07:10:31.509,okx,ACT/USDT:USDT,0.04604,3243.0,0.04603,32762.0,0.04605,8154.0,0.04606,15320.0
1753600231809,07:10:31.809,okx,ACT/USDT:USDT,0.04604,3243.0,0.04603,32327.0,0.04605,8154.0,0.04606,15320.0
1753600232109,07:10:32.109,okx,ACT/USDT:USDT,0.04604,3243.0,0.04603,33687.0,0.04605,5937.0,0.04606,15805.0
1753600232209,07:10:32.209,okx,ACT/USDT:USDT,0.04604,3243.0,0.04603,33687.0,0.04605,5937.0,0.04606,15805.0
1753600232309,07:10:32.309,okx,ACT/USDT:USDT,0.04604,5634.0,0.04603,33687.0,0.04605,5937.0,0.04606,15805.0
1753600232509,07:10:32.509,okx,ACT/USDT:USDT,0.04604,5281.0,0.04603,43075.0,0.04605,5937.0,0.04606,15805.0
1753600232909,07:10:32.909,okx,ACT/USDT:USDT,0.04604,7672.0,0.04603,43075.0,0.04605,5937.0,0.04606,16318.0
1753600233009,07:10:33.009,okx,ACT/USDT:USDT,0.04604,7729.0,0.04603,43075.0,0.04605,5937.0,0.04606,16318.0
1753600233109,07:10:33.109,okx,ACT/USDT:USDT,0.04604,8164.0,0.04603,43075.0,0.04605,5937.0,0.04606,16318.0
1753600233309,07:10:33.309,okx,ACT/USDT:USDT,0.04604,8164.0,0.04603,43075.0,0.04605,5937.0,0.04606,14147.0
1753600233509,07:10:33.509,okx,ACT/USDT:USDT,0.04604,8164.0,0.04603,43075.0,0.04605,5937.0,0.04606,14147.0
1753600233809,07:10:33.809,okx,ACT/USDT:USDT,0.04604,5338.0,0.04603,43075.0,0.04605,5952.0,0.04606,14147.0
1753600234109,07:10:34.109,okx,ACT/USDT:USDT,0.04604,5340.0,0.04603,43075.0,0.04605,5952.0,0.04606,14147.0
1753600234209,07:10:34.209,okx,ACT/USDT:USDT,0.04604,5340.0,0.04603,43075.0,0.04605,5952.0,0.04606,14147.0
1753600234409,07:10:34.409,okx,ACT/USDT:USDT,0.04604,5340.0,0.04603,43075.0,0.04605,5952.0,0.04606,14147.0
1753600234709,07:10:34.709,okx,ACT/USDT:USDT,0.04604,5340.0,0.04603,43075.0,0.04605,5952.0,0.04606,14320.0
1753600235209,07:10:35.209,okx,ACT/USDT:USDT,0.04604,2278.0,0.04603,43075.0,0.04605,5952.0,0.04606,15344.0
1753600235309,07:10:35.309,okx,ACT/USDT:USDT,0.04604,3302.0,0.04603,44917.0,0.04605,5952.0,0.04606,14320.0
1753600235609,07:10:35.609,okx,ACT/USDT:USDT,0.04604,3302.0,0.04603,44917.0,0.04605,5952.0,0.04606,15344.0
1753600236009,07:10:36.009,okx,ACT/USDT:USDT,0.04604,2278.0,0.04603,44917.0,0.04605,5952.0,0.04606,18074.0
1753600236309,07:10:36.309,okx,ACT/USDT:USDT,0.04604,2278.0,0.04603,44482.0,0.04605,8169.0,0.04606,20680.0
1753600236409,07:10:36.409,okx,ACT/USDT:USDT,0.04604,2278.0,0.04603,44482.0,0.04605,8169.0,0.04606,20680.0
1753600236509,07:10:36.509,okx,ACT/USDT:USDT,0.04604,61.0,0.04603,41752.0,0.04605,12874.0,0.04606,19118.0
1753600236609,07:10:36.609,okx,ACT/USDT:USDT,0.04604,61.0,0.04603,40728.0,0.04605,13898.0,0.04606,19118.0
1753600236709,07:10:36.709,okx,ACT/USDT:USDT,0.04604,61.0,0.04603,40728.0,0.04605,12315.0,0.04606,21289.0
1753600236909,07:10:36.909,okx,ACT/USDT:USDT,0.04604,2278.0,0.04603,44482.0,0.04605,12315.0,0.04606,21620.0
1753600237009,07:10:37.009,okx,ACT/USDT:USDT,0.04604,2278.0,0.04603,44482.0,0.04605,12315.0,0.04606,21620.0
1753600237209,07:10:37.209,okx,ACT/USDT:USDT,0.04604,2278.0,0.04603,41752.0,0.04605,12315.0,0.04606,21620.0
1753600238009,07:10:38.009,okx,ACT/USDT:USDT,0.04604,2495.0,0.04603,45340.0,0.04605,7927.0,0.04606,20633.0
1753600238109,07:10:38.109,okx,ACT/USDT:USDT,0.04604,2495.0,0.04603,45775.0,0.04605,7927.0,0.04606,21657.0
1753600238309,07:10:38.309,okx,ACT/USDT:USDT,0.04604,2495.0,0.04603,41586.0,0.04605,8170.0,0.04606,21772.0
1753600238509,07:10:38.509,okx,ACT/USDT:USDT,0.04604,2495.0,0.04603,45340.0,0.04605,8170.0,0.04606,23483.0
1753600238909,07:10:38.909,okx,ACT/USDT:USDT,0.04604,278.0,0.04603,41586.0,0.04605,12840.0,0.04606,36984.0
1753600239209,07:10:39.209,okx,ACT/USDT:USDT,0.04604,278.0,0.04603,45340.0,0.04605,12405.0,0.04606,41326.0
1753600239309,07:10:39.309,okx,ACT/USDT:USDT,0.04604,278.0,0.04603,41586.0,0.04605,19912.0,0.04606,47839.0
1753600239409,07:10:39.409,okx,ACT/USDT:USDT,0.04604,278.0,0.04603,41586.0,0.04605,19912.0,0.04606,45668.0
1753600240109,07:10:40.109,okx,ACT/USDT:USDT,0.04604,278.0,0.04603,45340.0,0.04605,14576.0,0.04606,39412.0
1753600240409,07:10:40.409,okx,ACT/USDT:USDT,0.04604,278.0,0.04603,45340.0,0.04605,14576.0,0.04606,38977.0
1753600240509,07:10:40.509,okx,ACT/USDT:USDT,0.04604,278.0,0.04603,38194.0,0.04605,14576.0,0.04606,39412.0
1753600240909,07:10:40.909,okx,ACT/USDT:USDT,0.04604,3519.0,0.04603,38629.0,0.04605,12512.0,0.04606,36247.0
1753600241009,07:10:41.009,okx,ACT/USDT:USDT,0.04604,3519.0,0.04603,38629.0,0.04605,10295.0,0.04606,37122.0
1753600241209,07:10:41.209,okx,ACT/USDT:USDT,0.04604,2495.0,0.04603,35464.0,0.04605,10295.0,0.04606,40876.0
1753600241509,07:10:41.509,okx,ACT/USDT:USDT,0.04604,2495.0,0.04603,38629.0,0.04605,5953.0,0.04606,32192.0
1753600241809,07:10:41.809,okx,ACT/USDT:USDT,0.04604,3517.0,0.04603,38629.0,0.04605,5953.0,0.04606,31168.0
1753600242009,07:10:42.009,okx,ACT/USDT:USDT,0.04604,3519.0,0.04603,38629.0,0.04605,5953.0,0.04606,28438.0
1753600242309,07:10:42.309,okx,ACT/USDT:USDT,0.04604,2495.0,0.04603,38629.0,0.04605,5606.0,0.04606,28438.0
1753600243109,07:10:43.109,okx,ACT/USDT:USDT,0.04604,7939.0,0.04603,36787.0,0.04605,5585.0,0.04606,20743.0
1753600243309,07:10:43.309,okx,ACT/USDT:USDT,0.04604,5548.0,0.04603,36787.0,0.04605,5585.0,0.04606,20765.0
1753600243509,07:10:43.509,okx,ACT/USDT:USDT,0.04604,5981.0,0.04603,36787.0,0.04605,5585.0,0.04606,20765.0
1753600243709,07:10:43.709,okx,ACT/USDT:USDT,0.04604,8374.0,0.04603,36787.0,0.04605,5366.0,0.04606,20890.0
1753600243909,07:10:43.909,okx,ACT/USDT:USDT,0.04604,8374.0,0.04603,36787.0,0.04605,5364.0,0.04606,10533.0
1753600244209,07:10:44.209,okx,ACT/USDT:USDT,0.04604,8376.0,0.04603,36787.0,0.04605,5364.0,0.04606,10533.0
1753600244409,07:10:44.409,okx,ACT/USDT:USDT,0.04604,8376.0,0.04603,36787.0,0.04605,3193.0,0.04606,10533.0
1753600244609,07:10:44.609,okx,ACT/USDT:USDT,0.04604,5985.0,0.04603,36787.0,0.04605,3193.0,0.04606,10533.0
1753600244909,07:10:44.909,okx,ACT/USDT:USDT,0.04604,5550.0,0.04603,36787.0,0.04605,3193.0,0.04606,10533.0
1753600245009,07:10:45.009,okx,ACT/USDT:USDT,0.04604,8374.0,0.04603,36787.0,0.04605,3193.0,0.04606,10533.0
1753600245309,07:10:45.309,okx,ACT/USDT:USDT,0.04604,6347.0,0.04603,38660.0,0.04605,3193.0,0.04606,16021.0
1753600245509,07:10:45.509,okx,ACT/USDT:USDT,0.04604,6359.0,0.04603,38660.0,0.04605,3183.0,0.04606,10376.0
1753600245609,07:10:45.609,okx,ACT/USDT:USDT,0.04604,2509.0,0.04603,38225.0,0.04605,7224.0,0.04606,12833.0
1753600245709,07:10:45.709,okx,ACT/USDT:USDT,0.04604,292.0,0.04603,34471.0,0.04605,13582.0,0.04606,27342.0
1753600246109,07:10:46.109,okx,ACT/USDT:USDT,0.04604,292.0,0.04603,22893.0,0.04605,15755.0,0.04606,56647.0
1753600246209,07:10:46.209,okx,ACT/USDT:USDT,0.04604,289.0,0.04603,22893.0,0.04605,15755.0,0.04606,58451.0
1753600246309,07:10:46.309,okx,ACT/USDT:USDT,0.04604,289.0,0.04603,22893.0,0.04605,22268.0,0.04606,72991.0
1753600246609,07:10:46.609,okx,ACT/USDT:USDT,0.04602,53876.0,0.04601,37104.0,0.04603,10315.0,0.04604,23105.0
1753600247009,07:10:47.009,okx,ACT/USDT:USDT,0.04602,53880.0,0.04601,37104.0,0.04603,10317.0,0.04604,23406.0
1753600247109,07:10:47.109,okx,ACT/USDT:USDT,0.04602,40300.0,0.04601,33375.0,0.04603,10317.0,0.04604,23406.0
1753600247209,07:10:47.209,okx,ACT/USDT:USDT,0.04602,40300.0,0.04601,33375.0,0.04603,12489.0,0.04604,23406.0
1753600247309,07:10:47.309,okx,ACT/USDT:USDT,0.04602,40300.0,0.04601,33375.0,0.04603,5973.0,0.04604,16890.0
1753600247409,07:10:47.409,okx,ACT/USDT:USDT,0.04602,40300.0,0.04601,33810.0,0.04603,3243.0,0.04604,16455.0
1753600247509,07:10:47.509,okx,ACT/USDT:USDT,0.04602,40300.0,0.04601,33810.0,0.04603,3243.0,0.04604,16455.0
1753600247609,07:10:47.609,okx,ACT/USDT:USDT,0.04602,40300.0,0.04601,33810.0,0.04603,3243.0,0.04604,10001.0
1753600247809,07:10:47.809,okx,ACT/USDT:USDT,0.04602,40300.0,0.04601,33810.0,0.04603,3243.0,0.04604,10001.0
1753600248109,07:10:48.109,okx,ACT/USDT:USDT,0.04602,40300.0,0.04601,33810.0,0.04603,5973.0,0.04604,10001.0
1753600248209,07:10:48.209,okx,ACT/USDT:USDT,0.04602,40300.0,0.04601,33810.0,0.04603,5973.0,0.04604,10199.0
1753600248309,07:10:48.309,okx,ACT/USDT:USDT,0.04602,40300.0,0.04601,33810.0,0.04603,5973.0,0.04604,10199.0
1753600248809,07:10:48.809,okx,ACT/USDT:USDT,0.04602,40300.0,0.04601,33810.0,0.04603,5973.0,0.04604,10199.0
1753600249209,07:10:49.209,okx,ACT/USDT:USDT,0.04602,40300.0,0.04601,33810.0,0.04603,3243.0,0.04604,10199.0
1753600249309,07:10:49.309,okx,ACT/USDT:USDT,0.04602,40735.0,0.04601,36540.0,0.04603,2219.0,0.04604,10199.0
1753600249809,07:10:49.809,okx,ACT/USDT:USDT,0.04602,40735.0,0.04601,33810.0,0.04603,2219.0,0.04604,10199.0
1753600249909,07:10:49.909,okx,ACT/USDT:USDT,0.04602,40300.0,0.04601,33810.0,0.04603,5973.0,0.04604,10199.0
1753600250309,07:10:50.309,okx,ACT/USDT:USDT,0.04602,40300.0,0.04601,33810.0,0.04603,3241.0,0.04604,10199.0
1753600250709,07:10:50.709,okx,ACT/USDT:USDT,0.04602,40735.0,0.04601,33810.0,0.04603,2219.0,0.04604,10199.0
1753600250809,07:10:50.809,okx,ACT/USDT:USDT,0.04602,31166.0,0.04601,25419.0,0.04603,2219.0,0.04604,10199.0
1753600251009,07:10:51.009,okx,ACT/USDT:USDT,0.04602,31166.0,0.04601,25419.0,0.04603,5973.0,0.04604,10199.0
1753600251809,07:10:51.809,okx,ACT/USDT:USDT,0.04602,30731.0,0.04601,25419.0,0.04603,5973.0,0.04604,10203.0
1753600251909,07:10:51.909,okx,ACT/USDT:USDT,0.04602,30731.0,0.04601,25419.0,0.04603,5973.0,0.04604,10203.0
1753600252009,07:10:52.009,okx,ACT/USDT:USDT,0.04602,5204.0,0.04601,34450.0,0.04603,5973.0,0.04604,15573.0
1753600252109,07:10:52.109,okx,ACT/USDT:USDT,0.04602,5204.0,0.04601,34450.0,0.04603,5973.0,0.04604,15573.0
1753600252409,07:10:52.409,okx,ACT/USDT:USDT,0.04602,5639.0,0.04601,34865.0,0.04603,2219.0,0.04604,15573.0
1753600253109,07:10:53.109,okx,ACT/USDT:USDT,0.04602,5639.0,0.04601,34865.0,0.04603,2219.0,0.04604,12843.0
1753600253209,07:10:53.209,okx,ACT/USDT:USDT,0.04602,7552.0,0.04601,32902.0,0.04603,2219.0,0.04604,7473.0
1753600253509,07:10:53.509,okx,ACT/USDT:USDT,0.04602,7552.0,0.04601,32902.0,0.04603,2219.0,0.04604,14538.0
1753600253609,07:10:53.609,okx,ACT/USDT:USDT,0.04602,7552.0,0.04601,32902.0,0.04603,2219.0,0.04604,14538.0
1753600253709,07:10:53.709,okx,ACT/USDT:USDT,0.04602,7117.0,0.04601,30172.0,0.04603,2219.0,0.04604,14538.0
1753600254009,07:10:54.009,okx,ACT/USDT:USDT,0.04603,2219.0,0.04602,17977.0,0.04604,8942.0,0.04605,15371.0
1753600254409,07:10:54.409,okx,ACT/USDT:USDT,0.04603,2219.0,0.04602,15587.0,0.04604,11114.0,0.04605,18209.0
1753600254809,07:10:54.809,okx,ACT/USDT:USDT,0.04603,2219.0,0.04602,15587.0,0.04604,11125.0,0.04605,18209.0
1753600255209,07:10:55.209,okx,ACT/USDT:USDT,0.04603,2219.0,0.04602,15587.0,0.04604,11125.0,0.04605,20381.0
1753600255509,07:10:55.509,okx,ACT/USDT:USDT,0.04603,2219.0,0.04602,21404.0,0.04604,11125.0,0.04605,20381.0
1753600256509,07:10:56.509,okx,ACT/USDT:USDT,0.04603,2219.0,0.04602,22255.0,0.04604,11125.0,0.04605,20381.0
1753600256709,07:10:56.709,okx,ACT/USDT:USDT,0.04603,2219.0,0.04602,22255.0,0.04604,11125.0,0.04605,20381.0
1753600256809,07:10:56.809,okx,ACT/USDT:USDT,0.04603,2219.0,0.04602,25420.0,0.04604,11125.0,0.04605,20381.0
1753600256909,07:10:56.909,okx,ACT/USDT:USDT,0.04603,2219.0,0.04602,22690.0,0.04604,11125.0,0.04605,20381.0
1753600257509,07:10:57.509,okx,ACT/USDT:USDT,0.04603,6744.0,0.04602,34085.0,0.04604,2692.0,0.04605,14455.0
1753600257609,07:10:57.609,okx,ACT/USDT:USDT,0.04603,4353.0,0.04602,31913.0,0.04604,2692.0,0.04605,14455.0
1753600257709,07:10:57.709,okx,ACT/USDT:USDT,0.04603,4353.0,0.04602,31913.0,0.04604,2692.0,0.04605,14455.0
1753600257909,07:10:57.909,okx,ACT/USDT:USDT,0.04603,6742.0,0.04602,31913.0,0.04604,2692.0,0.04605,14455.0
1753600258009,07:10:58.009,okx,ACT/USDT:USDT,0.04603,6744.0,0.04602,31913.0,0.04604,2692.0,0.04605,14455.0
1753600258809,07:10:58.809,okx,ACT/USDT:USDT,0.04603,2221.0,0.04602,27768.0,0.04604,5933.0,0.04605,18644.0
1753600259109,07:10:59.109,okx,ACT/USDT:USDT,0.04603,2656.0,0.04602,30933.0,0.04604,4909.0,0.04605,15479.0
1753600259209,07:10:59.209,okx,ACT/USDT:USDT,0.04603,4606.0,0.04602,29081.0,0.04604,2692.0,0.04605,15479.0
1753600259409,07:10:59.409,okx,ACT/USDT:USDT,0.04603,8021.0,0.04602,30105.0,0.04604,2692.0,0.04605,12554.0
1753600259809,07:10:59.809,okx,ACT/USDT:USDT,0.04603,8021.0,0.04602,30105.0,0.04604,2692.0,0.04605,12554.0
1753600259909,07:10:59.909,okx,ACT/USDT:USDT,0.04603,8021.0,0.04602,30105.0,0.04604,2692.0,0.04605,12554.0
1753600260409,07:11:00.409,okx,ACT/USDT:USDT,0.04603,4606.0,0.04602,30105.0,0.04604,2692.0,0.04605,12554.0
1753600260509,07:11:00.509,okx,ACT/USDT:USDT,0.04603,4606.0,0.04602,36960.0,0.04604,2692.0,0.04605,13578.0
1753600260609,07:11:00.609,okx,ACT/USDT:USDT,0.04603,4606.0,0.04602,36960.0,0.04604,2692.0,0.04605,16308.0
1753600260709,07:11:00.709,okx,ACT/USDT:USDT,0.04603,4171.0,0.04602,36960.0,0.04604,4909.0,0.04605,16308.0
1753600260809,07:11:00.809,okx,ACT/USDT:USDT,0.04603,4606.0,0.04602,37067.0,0.04604,2692.0,0.04605,13578.0
1753600260909,07:11:00.909,okx,ACT/USDT:USDT,0.04603,4606.0,0.04602,46888.0,0.04604,2692.0,0.04605,13578.0
1753600261409,07:11:01.409,okx,ACT/USDT:USDT,0.04603,4606.0,0.04602,48124.0,0.04604,2734.0,0.04605,13578.0
1753600261609,07:11:01.609,okx,ACT/USDT:USDT,0.04603,4171.0,0.04602,45394.0,0.04604,4951.0,0.04605,16234.0
1753600261709,07:11:01.709,okx,ACT/USDT:USDT,0.04603,4606.0,0.04602,48124.0,0.04604,2734.0,0.04605,13069.0
1753600261809,07:11:01.809,okx,ACT/USDT:USDT,0.04604,8086.0,0.04603,23809.0,0.04605,1904.0,0.04606,14461.0
1753600261909,07:11:01.909,okx,ACT/USDT:USDT,0.04604,8088.0,0.04603,23809.0,0.04605,1906.0,0.04606,16495.0
1753600262009,07:11:02.009,okx,ACT/USDT:USDT,0.04604,9968.0,0.04603,21859.0,0.04605,1906.0,0.04606,16495.0
1753600262709,07:11:02.709,okx,ACT/USDT:USDT,0.04604,9968.0,0.04603,21859.0,0.04605,3886.0,0.04606,16731.0
1753600262809,07:11:02.809,okx,ACT/USDT:USDT,0.04604,4099.0,0.04603,17670.0,0.04605,3886.0,0.04606,19896.0
1753600263609,07:11:03.609,okx,ACT/USDT:USDT,0.04604,2219.0,0.04603,19470.0,0.04605,3886.0,0.04606,20920.0
1753600264209,07:11:04.209,okx,ACT/USDT:USDT,0.04604,2219.0,0.04603,19470.0,0.04605,6616.0,0.04606,20337.0
1753600265009,07:11:05.009,okx,ACT/USDT:USDT,0.04604,2658.0,0.04603,23659.0,0.04605,13281.0,0.04606,16727.0
1753600265609,07:11:05.609,okx,ACT/USDT:USDT,0.04604,4529.0,0.04603,21859.0,0.04605,13082.0,0.04606,16915.0
1753600265809,07:11:05.809,okx,ACT/USDT:USDT,0.04604,4529.0,0.04603,21859.0,0.04605,13082.0,0.04606,16926.0
1753600265909,07:11:05.909,okx,ACT/USDT:USDT,0.04604,4529.0,0.04603,21861.0,0.04605,13082.0,0.04606,16926.0
1753600266009,07:11:06.009,okx,ACT/USDT:USDT,0.04604,4529.0,0.04603,21861.0,0.04605,13082.0,0.04606,16915.0
1753600266409,07:11:06.409,okx,ACT/USDT:USDT,0.04604,4094.0,0.04603,37842.0,0.04605,13082.0,0.04606,17017.0
1753600266509,07:11:06.509,okx,ACT/USDT:USDT,0.04604,4529.0,0.04603,37842.0,0.04605,13082.0,0.04606,17017.0
1753600266609,07:11:06.609,okx,ACT/USDT:USDT,0.04604,4529.0,0.04603,37842.0,0.04605,13082.0,0.04606,17017.0
1753600266709,07:11:06.709,okx,ACT/USDT:USDT,0.04604,4529.0,0.04603,37842.0,0.04605,13082.0,0.04606,17017.0
1753600266809,07:11:06.809,okx,ACT/USDT:USDT,0.04604,2673.0,0.04603,44851.0,0.04605,13082.0,0.04606,19747.0
1753600266909,07:11:06.909,okx,ACT/USDT:USDT,0.04604,2673.0,0.04603,46882.0,0.04605,13082.0,0.04606,17017.0
1753600267409,07:11:07.409,okx,ACT/USDT:USDT,0.04604,2673.0,0.04603,47500.0,0.04605,13082.0,0.04606,17017.0
1753600267509,07:11:07.509,okx,ACT/USDT:USDT,0.04604,2238.0,0.04603,47500.0,0.04605,13082.0,0.04606,19747.0
1753600267609,07:11:07.609,okx,ACT/USDT:USDT,0.04604,2238.0,0.04603,47500.0,0.04605,13082.0,0.04606,19747.0
1753600267909,07:11:07.909,okx,ACT/USDT:USDT,0.04604,2671.0,0.04603,47500.0,0.04605,13082.0,0.04606,16844.0
1753600268009,07:11:08.009,okx,ACT/USDT:USDT,0.04604,2671.0,0.04603,47500.0,0.04605,13082.0,0.04606,16890.0
1753600268109,07:11:08.109,okx,ACT/USDT:USDT,0.04604,4566.0,0.04603,45469.0,0.04605,13082.0,0.04606,17020.0
1753600268309,07:11:08.309,okx,ACT/USDT:USDT,0.04604,4566.0,0.04603,45469.0,0.04605,13082.0,0.04606,17020.0
1753600268509,07:11:08.509,okx,ACT/USDT:USDT,0.04604,4573.0,0.04603,45467.0,0.04605,13082.0,0.04606,17020.0
1753600268609,07:11:08.609,okx,ACT/USDT:USDT,0.04604,4573.0,0.04603,45467.0,0.04605,13082.0,0.04606,17020.0
1753600269009,07:11:09.009,okx,ACT/USDT:USDT,0.04604,4573.0,0.04603,45467.0,0.04605,13082.0,0.04606,17020.0
1753600269509,07:11:09.509,okx,ACT/USDT:USDT,0.04604,4573.0,0.04603,45467.0,0.04605,13082.0,0.04606,17020.0
1753600269809,07:11:09.809,okx,ACT/USDT:USDT,0.04604,7959.0,0.04603,45467.0,0.04605,13081.0,0.04606,17020.0
1753600270009,07:11:10.009,okx,ACT/USDT:USDT,0.04604,7959.0,0.04603,45467.0,0.04605,13081.0,0.04606,17020.0
1753600270409,07:11:10.409,okx,ACT/USDT:USDT,0.04604,7959.0,0.04603,45467.0,0.04605,13081.0,0.04606,17020.0
1753600270709,07:11:10.709,okx,ACT/USDT:USDT,0.04604,7523.0,0.04603,45467.0,0.04605,13081.0,0.04606,17020.0
1753600271009,07:11:11.009,okx,ACT/USDT:USDT,0.04604,6063.0,0.04603,47437.0,0.04605,13081.0,0.04606,17234.0
1753600271109,07:11:11.109,okx,ACT/USDT:USDT,0.04604,6063.0,0.04603,47437.0,0.04605,13081.0,0.04606,17234.0
1753600271309,07:11:11.309,okx,ACT/USDT:USDT,0.04604,5628.0,0.04603,47437.0,0.04605,13081.0,0.04606,17234.0
1753600271409,07:11:11.409,okx,ACT/USDT:USDT,0.04604,6063.0,0.04603,47437.0,0.04605,13081.0,0.04606,17234.0
1753600271509,07:11:11.509,okx,ACT/USDT:USDT,0.04604,6063.0,0.04603,47437.0,0.04605,13081.0,0.04606,16924.0
1753600271609,07:11:11.609,okx,ACT/USDT:USDT,0.04604,5628.0,0.04603,47437.0,0.04605,13081.0,0.04606,17231.0
1753600272009,07:11:12.009,okx,ACT/USDT:USDT,0.04604,6063.0,0.04603,47437.0,0.04605,13081.0,0.04606,17434.0
1753600272109,07:11:12.109,okx,ACT/USDT:USDT,0.04604,5628.0,0.04603,47437.0,0.04605,13081.0,0.04606,17434.0
1753600272309,07:11:12.309,okx,ACT/USDT:USDT,0.04604,6063.0,0.04603,47437.0,0.04605,13081.0,0.04606,17434.0
1753600272409,07:11:12.409,okx,ACT/USDT:USDT,0.04604,6063.0,0.04603,47437.0,0.04605,13081.0,0.04606,17434.0
1753600272509,07:11:12.509,okx,ACT/USDT:USDT,0.04604,6063.0,0.04603,47437.0,0.04605,13081.0,0.04606,17434.0
1753600272609,07:11:12.609,okx,ACT/USDT:USDT,0.04604,6063.0,0.04603,53327.0,0.04605,13081.0,0.04606,17434.0
1753600272709,07:11:12.709,okx,ACT/USDT:USDT,0.04604,6063.0,0.04603,53327.0,0.04605,13081.0,0.04606,17434.0
1753600272809,07:11:12.809,okx,ACT/USDT:USDT,0.04604,6063.0,0.04603,53327.0,0.04605,13081.0,0.04606,17434.0
1753600273009,07:11:13.009,okx,ACT/USDT:USDT,0.04604,6063.0,0.04603,53327.0,0.04605,13081.0,0.04606,17434.0
1753600273509,07:11:13.509,okx,ACT/USDT:USDT,0.04604,6063.0,0.04603,53327.0,0.04605,13081.0,0.04606,17434.0
1753600273609,07:11:13.609,okx,ACT/USDT:USDT,0.04604,6063.0,0.04603,53327.0,0.04605,13081.0,0.04606,17434.0
1753600273709,07:11:13.709,okx,ACT/USDT:USDT,0.04604,6063.0,0.04603,53327.0,0.04605,13081.0,0.04606,17434.0
1753600274609,07:11:14.609,okx,ACT/USDT:USDT,0.04604,5628.0,0.04603,53327.0,0.04605,13083.0,0.04606,17434.0
1753600274909,07:11:14.909,okx,ACT/USDT:USDT,0.04604,5628.0,0.04603,53327.0,0.04605,13083.0,0.04606,17434.0
1753600275209,07:11:15.209,okx,ACT/USDT:USDT,0.04604,2242.0,0.04603,52892.0,0.04605,13083.0,0.04606,19821.0
1753600275609,07:11:15.609,okx,ACT/USDT:USDT,0.04604,2242.0,0.04603,52892.0,0.04605,13083.0,0.04606,20164.0
1753600276009,07:11:16.009,okx,ACT/USDT:USDT,0.04604,5628.0,0.04603,53327.0,0.04605,13083.0,0.04606,17434.0
1753600276109,07:11:16.109,okx,ACT/USDT:USDT,0.04604,3266.0,0.04603,53327.0,0.04605,13083.0,0.04606,17412.0
1753600276209,07:11:16.209,okx,ACT/USDT:USDT,0.04604,6063.0,0.04603,53327.0,0.04605,13083.0,0.04606,17412.0
1753600276409,07:11:16.409,okx,ACT/USDT:USDT,0.04604,2242.0,0.04603,52892.0,0.04605,13083.0,0.04606,20838.0
1753600276609,07:11:16.609,okx,ACT/USDT:USDT,0.04604,2242.0,0.04603,53327.0,0.04605,13083.0,0.04606,20403.0
1753600277309,07:11:17.309,okx,ACT/USDT:USDT,0.04604,2242.0,0.04603,53327.0,0.04605,13083.0,0.04606,20399.0
1753600277709,07:11:17.709,okx,ACT/USDT:USDT,0.04604,2242.0,0.04603,52892.0,0.04605,13083.0,0.04606,20842.0
1753600278509,07:11:18.509,okx,ACT/USDT:USDT,0.04604,2242.0,0.04603,52892.0,0.04605,13083.0,0.04606,20842.0
1753600278909,07:11:18.909,okx,ACT/USDT:USDT,0.04604,2242.0,0.04603,53327.0,0.04605,13083.0,0.04606,20407.0
1753600279009,07:11:19.009,okx,ACT/USDT:USDT,0.04604,2242.0,0.04603,52892.0,0.04605,13083.0,0.04606,20842.0
1753600280109,07:11:20.109,okx,ACT/USDT:USDT,0.04604,2238.0,0.04603,52892.0,0.04605,13083.0,0.04606,20842.0
1753600280209,07:11:20.209,okx,ACT/USDT:USDT,0.04604,2240.0,0.04603,52892.0,0.04605,13083.0,0.04606,20842.0
1753600280509,07:11:20.509,okx,ACT/USDT:USDT,0.04604,2240.0,0.04603,46404.0,0.04605,13083.0,0.04606,20842.0
1753600280609,07:11:20.609,okx,ACT/USDT:USDT,0.04604,2240.0,0.04603,46404.0,0.04605,13083.0,0.04606,20842.0
1753600280709,07:11:20.709,okx,ACT/USDT:USDT,0.04604,2240.0,0.04603,46404.0,0.04605,13083.0,0.04606,20842.0
1753600281309,07:11:21.309,okx,ACT/USDT:USDT,0.04604,2240.0,0.04603,46404.0,0.04605,13083.0,0.04606,20842.0
1753600281609,07:11:21.609,okx,ACT/USDT:USDT,0.04604,2240.0,0.04603,46404.0,0.04605,13083.0,0.04606,20842.0
1753600281709,07:11:21.709,okx,ACT/USDT:USDT,0.04604,2240.0,0.04603,46404.0,0.04605,13083.0,0.04606,20849.0
1753600282209,07:11:22.209,okx,ACT/USDT:USDT,0.04604,2309.0,0.04603,46404.0,0.04605,13083.0,0.04606,20849.0
1753600282409,07:11:22.409,okx,ACT/USDT:USDT,0.04604,2309.0,0.04603,46404.0,0.04605,13083.0,0.04606,20849.0
1753600283409,07:11:23.409,okx,ACT/USDT:USDT,0.04604,90.0,0.04603,43672.0,0.04605,21119.0,0.04606,27304.0
1753600283509,07:11:23.509,okx,ACT/USDT:USDT,0.04603,13556.0,0.04602,81881.0,0.04604,9259.0,0.04605,20093.0
1753600283609,07:11:23.609,okx,ACT/USDT:USDT,0.04603,13558.0,0.04602,83854.0,0.04604,11991.0,0.04605,20094.0
1753600283709,07:11:23.709,okx,ACT/USDT:USDT,0.04603,13558.0,0.04602,70090.0,0.04604,13749.0,0.04605,26232.0
1753600284409,07:11:24.409,okx,ACT/USDT:USDT,0.04603,13558.0,0.04602,70090.0,0.04604,13749.0,0.04605,26232.0
1753600284609,07:11:24.609,okx,ACT/USDT:USDT,0.04603,13558.0,0.04602,70090.0,0.04604,13314.0,0.04605,26232.0
1753600285509,07:11:25.509,okx,ACT/USDT:USDT,0.04603,13558.0,0.04602,70090.0,0.04604,13314.0,0.04605,26232.0
1753600285609,07:11:25.609,okx,ACT/USDT:USDT,0.04602,65897.0,0.04601,44520.0,0.04603,8143.0,0.04604,16634.0
1753600285709,07:11:25.709,okx,ACT/USDT:USDT,0.04602,65899.0,0.04601,32630.0,0.04603,8145.0,0.04604,14898.0
1753600286209,07:11:26.209,okx,ACT/USDT:USDT,0.04602,65899.0,0.04601,32630.0,0.04603,7739.0,0.04604,22593.0
1753600286409,07:11:26.409,okx,ACT/USDT:USDT,0.04602,46060.0,0.04601,23932.0,0.04603,7739.0,0.04604,22593.0
1753600286609,07:11:26.609,okx,ACT/USDT:USDT,0.04602,18205.0,0.04601,34255.0,0.04603,5009.0,0.04604,22158.0
1753600287009,07:11:27.009,okx,ACT/USDT:USDT,0.04602,18205.0,0.04601,34255.0,0.04603,7739.0,0.04604,22593.0
1753600287109,07:11:27.109,okx,ACT/USDT:USDT,0.04602,18205.0,0.04601,34255.0,0.04603,7739.0,0.04604,22593.0
1753600287409,07:11:27.409,okx,ACT/USDT:USDT,0.04602,4520.0,0.04601,29113.0,0.04603,8174.0,0.04604,22841.0
1753600287709,07:11:27.709,okx,ACT/USDT:USDT,0.04602,2303.0,0.04601,29113.0,0.04603,8174.0,0.04604,22841.0
1753600287909,07:11:27.909,okx,ACT/USDT:USDT,0.04602,2303.0,0.04601,29113.0,0.04603,8174.0,0.04604,31529.0
1753600288009,07:11:28.009,okx,ACT/USDT:USDT,0.04602,2303.0,0.04601,29113.0,0.04603,8174.0,0.04604,31622.0
1753600288909,07:11:28.909,okx,ACT/USDT:USDT,0.04602,4520.0,0.04601,29113.0,0.04603,7740.0,0.04604,22934.0
1753600289009,07:11:29.009,okx,ACT/USDT:USDT,0.04602,4520.0,0.04601,29113.0,0.04603,7740.0,0.04604,22934.0
1753600289209,07:11:29.209,okx,ACT/USDT:USDT,0.04602,4520.0,0.04601,29113.0,0.04603,7740.0,0.04604,22934.0
1753600290009,07:11:30.009,okx,ACT/USDT:USDT,0.04602,4522.0,0.04601,29548.0,0.04603,7739.0,0.04604,22499.0
1753600290509,07:11:30.509,okx,ACT/USDT:USDT,0.04602,4520.0,0.04601,27595.0,0.04603,7742.0,0.04604,22506.0
1753600290909,07:11:30.909,okx,ACT/USDT:USDT,0.04602,4520.0,0.04601,27595.0,0.04603,7742.0,0.04604,22665.0
1753600291409,07:11:31.409,okx,ACT/USDT:USDT,0.04602,4955.0,0.04601,28030.0,0.04603,2222.0,0.04604,24074.0
1753600291709,07:11:31.709,okx,ACT/USDT:USDT,0.04602,4517.0,0.04601,25668.0,0.04603,4952.0,0.04604,24521.0
1753600292409,07:11:32.409,okx,ACT/USDT:USDT,0.04602,4518.0,0.04601,24773.0,0.04603,4952.0,0.04604,24521.0
1753600292509,07:11:32.509,okx,ACT/USDT:USDT,0.04602,4518.0,0.04601,24773.0,0.04603,2222.0,0.04604,24521.0
1753600292709,07:11:32.709,okx,ACT/USDT:USDT,0.04602,4518.0,0.04601,25208.0,0.04603,2222.0,0.04604,24086.0
1753600292809,07:11:32.809,okx,ACT/USDT:USDT,0.04602,4518.0,0.04601,25208.0,0.04603,2222.0,0.04604,24086.0
1753600293109,07:11:33.109,okx,ACT/USDT:USDT,0.04602,4518.0,0.04601,27938.0,0.04603,2222.0,0.04604,24321.0
1753600293409,07:11:33.409,okx,ACT/USDT:USDT,0.04602,4518.0,0.04601,24773.0,0.04603,2222.0,0.04604,24756.0
1753600293509,07:11:33.509,okx,ACT/USDT:USDT,0.04602,4518.0,0.04601,24773.0,0.04603,5976.0,0.04604,24758.0
1753600293609,07:11:33.609,okx,ACT/USDT:USDT,0.04602,4518.0,0.04601,24773.0,0.04603,5976.0,0.04604,25782.0
1753600293909,07:11:33.909,okx,ACT/USDT:USDT,0.04602,4518.0,0.04601,24773.0,0.04603,5976.0,0.04604,25782.0
1753600294609,07:11:34.609,okx,ACT/USDT:USDT,0.04602,4518.0,0.04601,27938.0,0.04603,2222.0,0.04604,25347.0
1753600294709,07:11:34.709,okx,ACT/USDT:USDT,0.04602,4953.0,0.04601,27938.0,0.04603,2222.0,0.04604,25347.0
1753600295009,07:11:35.009,okx,ACT/USDT:USDT,0.04602,4518.0,0.04601,27938.0,0.04603,2222.0,0.04604,25347.0
1753600295709,07:11:35.709,okx,ACT/USDT:USDT,0.04602,4518.0,0.04601,25208.0,0.04603,5976.0,0.04604,25782.0
1753600295809,07:11:35.809,okx,ACT/USDT:USDT,0.04602,4518.0,0.04601,24773.0,0.04603,5976.0,0.04604,26020.0
1753600296009,07:11:36.009,okx,ACT/USDT:USDT,0.04602,2301.0,0.04601,24773.0,0.04603,7690.0,0.04604,24176.0
1753600296209,07:11:36.209,okx,ACT/USDT:USDT,0.04602,2301.0,0.04601,24773.0,0.04603,8125.0,0.04604,24176.0
1753600296609,07:11:36.609,okx,ACT/USDT:USDT,0.04602,2301.0,0.04601,24773.0,0.04603,10297.0,0.04604,32864.0
1753600296909,07:11:36.909,okx,ACT/USDT:USDT,0.04602,2301.0,0.04601,24773.0,0.04603,9862.0,0.04604,32864.0
1753600297109,07:11:37.109,okx,ACT/USDT:USDT,0.04602,2301.0,0.04601,24773.0,0.04603,9862.0,0.04604,33163.0
1753600297309,07:11:37.309,okx,ACT/USDT:USDT,0.04602,2301.0,0.04601,24773.0,0.04603,10297.0,0.04604,35917.0
1753600297809,07:11:37.809,okx,ACT/USDT:USDT,0.04601,2261.0,0.046,54624.0,0.04602,8007.0,0.04603,16085.0
1753600297909,07:11:37.909,okx,ACT/USDT:USDT,0.04601,2261.0,0.046,54624.0,0.04602,8007.0,0.04603,16085.0
1753600298109,07:11:38.109,okx,ACT/USDT:USDT,0.04601,2261.0,0.046,54624.0,0.04602,7572.0,0.04603,16085.0
1753600298609,07:11:38.609,okx,ACT/USDT:USDT,0.04601,2261.0,0.046,54624.0,0.04602,7572.0,0.04603,16825.0
1753600298809,07:11:38.809,okx,ACT/USDT:USDT,0.04601,44.0,0.046,54624.0,0.04602,10179.0,0.04603,33744.0
1753600298909,07:11:38.909,okx,ACT/USDT:USDT,0.04601,44.0,0.046,54624.0,0.04602,10179.0,0.04603,33744.0
1753600299009,07:11:39.009,okx,ACT/USDT:USDT,0.04601,44.0,0.046,54624.0,0.04602,10179.0,0.04603,33744.0
1753600299209,07:11:39.209,okx,ACT/USDT:USDT,0.04601,44.0,0.046,54624.0,0.04602,10179.0,0.04603,36019.0
1753600299309,07:11:39.309,okx,ACT/USDT:USDT,0.04601,44.0,0.046,54624.0,0.04602,14523.0,0.04603,38414.0
1753600301809,07:11:41.809,okx,ACT/USDT:USDT,0.04601,44.0,0.046,30640.0,0.04602,12360.0,0.04603,27925.0
1753600302009,07:11:42.009,okx,ACT/USDT:USDT,0.04601,44.0,0.046,22037.0,0.04602,12360.0,0.04603,27925.0
1753600303309,07:11:43.309,okx,ACT/USDT:USDT,0.04601,44.0,0.046,22037.0,0.04602,12360.0,0.04603,28262.0
1753600303609,07:11:43.609,okx,ACT/USDT:USDT,0.04601,44.0,0.046,22037.0,0.04602,12360.0,0.04603,28262.0
1753600304609,07:11:44.609,okx,ACT/USDT:USDT,0.04601,44.0,0.046,22037.0,0.04602,12362.0,0.04603,28632.0
1753600305209,07:11:45.209,okx,ACT/USDT:USDT,0.04601,2261.0,0.046,22037.0,0.04602,12362.0,0.04603,30805.0
1753600306609,07:11:46.609,okx,ACT/USDT:USDT,0.04601,2261.0,0.046,22037.0,0.04602,12362.0,0.04603,28632.0
1753600306909,07:11:46.909,okx,ACT/USDT:USDT,0.04601,2261.0,0.046,22037.0,0.04602,12362.0,0.04603,29289.0
1753600307509,07:11:47.509,okx,ACT/USDT:USDT,0.04601,2261.0,0.046,22037.0,0.04602,8016.0,0.04603,29289.0
1753600307609,07:11:47.609,okx,ACT/USDT:USDT,0.04601,2261.0,0.046,22037.0,0.04602,8016.0,0.04603,29289.0
1753600308509,07:11:48.509,okx,ACT/USDT:USDT,0.04601,2261.0,0.046,22037.0,0.04602,8051.0,0.04603,29632.0
1753600308609,07:11:48.609,okx,ACT/USDT:USDT,0.04601,2261.0,0.046,22037.0,0.04602,8051.0,0.04603,29632.0
1753600309509,07:11:49.509,okx,ACT/USDT:USDT,0.04601,44.0,0.046,22037.0,0.04602,8051.0,0.04603,29632.0
1753600309709,07:11:49.709,okx,ACT/USDT:USDT,0.04601,2261.0,0.046,22037.0,0.04602,8051.0,0.04603,31935.0
1753600309909,07:11:49.909,okx,ACT/USDT:USDT,0.04601,44.0,0.046,22037.0,0.04602,8051.0,0.04603,31935.0
1753600310509,07:11:50.509,okx,ACT/USDT:USDT,0.04601,2261.0,0.046,22037.0,0.04602,8056.0,0.04603,32284.0
1753600312309,07:11:52.309,okx,ACT/USDT:USDT,0.04601,2261.0,0.046,22037.0,0.04602,8058.0,0.04603,32284.0
1753600312709,07:11:52.709,okx,ACT/USDT:USDT,0.04601,2261.0,0.046,22037.0,0.04602,8072.0,0.04603,32459.0
1753600313609,07:11:53.609,okx,ACT/USDT:USDT,0.04601,2261.0,0.046,22037.0,0.04602,8072.0,0.04603,30286.0
1753600315841,07:11:55.841,okx,ACT/USDT:USDT,0.04601,2261.0,0.046,22037.0,0.04602,7637.0,0.04603,28113.0
1753600315901,07:11:55.901,okx,ACT/USDT:USDT,0.04601,2261.0,0.046,22037.0,0.04602,7637.0,0.04603,28360.0
1753600317001,07:11:57.001,okx,ACT/USDT:USDT,0.04601,2261.0,0.046,22042.0,0.04602,5954.0,0.04603,30142.0
1753600317601,07:11:57.601,okx,ACT/USDT:USDT,0.04601,2261.0,0.046,22042.0,0.04602,6389.0,0.04603,30142.0
1753600317801,07:11:57.801,okx,ACT/USDT:USDT,0.04601,2261.0,0.046,22042.0,0.04602,5954.0,0.04603,30142.0
1753600318001,07:11:58.001,okx,ACT/USDT:USDT,0.04601,2261.0,0.046,22042.0,0.04602,6389.0,0.04603,30375.0
1753600318601,07:11:58.601,okx,ACT/USDT:USDT,0.04601,2261.0,0.046,22042.0,0.04602,3224.0,0.04603,30570.0
