timestamp,time,exchange,symbol,bid1_price,bid1_volume,bid2_price,bid2_volume,ask1_price,ask1_volume,ask2_price,ask2_volume
1753599984785,07:06:24.785,blofin,AERO/USDT:USDT,0.8989,887.0,0.8988,4.0,0.8991,38.0,0.9002,2508.0
1753599986788,07:06:26.788,blofin,AERO/USDT:USDT,0.8989,331.0,0.8988,4.0,0.8991,36.0,0.8997,1095.0
1753599987234,07:06:27.234,blofin,AERO/USDT:USDT,0.8989,331.0,0.8988,4.0,0.8991,7.0,0.8992,29.0
1753599988790,07:06:28.790,blofin,AERO/USDT:USDT,0.899,631.0,0.8988,4.0,0.8991,4.0,0.8992,10.0
1753599990789,07:06:30.789,blofin,AERO/USDT:USDT,0.899,624.0,0.8988,4.0,0.8991,4.0,0.8992,12.0
1753599991791,07:06:31.791,blofin,AERO/USDT:USDT,0.899,624.0,0.8988,4.0,0.8991,4.0,0.8992,12.0
1753599992791,07:06:32.791,blofin,AERO/USDT:USDT,0.899,964.0,0.8988,4.0,0.8991,4.0,0.8992,12.0
1753599993793,07:06:33.793,blofin,AERO/USDT:USDT,0.899,961.0,0.8988,4.0,0.8991,4.0,0.8992,8.0
1753599995793,07:06:35.793,blofin,AERO/USDT:USDT,0.899,961.0,0.8988,4.0,0.8991,4.0,0.8992,10.0
1753599996793,07:06:36.793,blofin,AERO/USDT:USDT,0.899,964.0,0.8988,4.0,0.8991,4.0,0.8992,10.0
1753599997793,07:06:37.793,blofin,AERO/USDT:USDT,0.899,962.0,0.8988,4.0,0.8991,4.0,0.8992,10.0
1753599999796,07:06:39.796,blofin,AERO/USDT:USDT,0.899,961.0,0.8988,4.0,0.8991,4.0,0.8992,75.0
1753600000434,07:06:40.434,blofin,AERO/USDT:USDT,0.899,961.0,0.8988,4.0,0.8991,4.0,0.8992,4.0
1753600000795,07:06:40.795,blofin,AERO/USDT:USDT,0.8991,882.0,0.899,2.0,0.8992,4.0,0.8993,23.0
1753600001795,07:06:41.795,blofin,AERO/USDT:USDT,0.8991,904.0,0.899,2.0,0.8993,27.0,0.9002,1684.0
1753600002797,07:06:42.797,blofin,AERO/USDT:USDT,0.8991,906.0,0.8989,6330.0,0.8993,27.0,0.8995,2782.0
1753600003811,07:06:43.811,blofin,AERO/USDT:USDT,0.8991,910.0,0.8989,6330.0,0.8993,28.0,0.8995,2782.0
1753600005799,07:06:45.799,blofin,AERO/USDT:USDT,0.8991,770.0,0.8987,1092.0,0.8993,31.0,0.8999,2609.0
1753600006802,07:06:46.802,blofin,AERO/USDT:USDT,0.8991,841.0,0.8987,1092.0,0.8993,27.0,0.8999,2609.0
1753600007802,07:06:47.802,blofin,AERO/USDT:USDT,0.8991,228.0,0.8987,1092.0,0.8993,657.0,0.8999,2609.0
1753600008810,07:06:48.810,blofin,AERO/USDT:USDT,0.8991,229.0,0.8987,1092.0,0.8993,80.0,0.8999,2609.0
1753600009805,07:06:49.805,blofin,AERO/USDT:USDT,0.8991,780.0,0.8987,1092.0,0.8993,84.0,0.8999,2180.0
1753600010805,07:06:50.805,blofin,AERO/USDT:USDT,0.8991,780.0,0.8987,1092.0,0.8993,80.0,0.8999,2180.0
1753600011805,07:06:51.805,blofin,AERO/USDT:USDT,0.8991,780.0,0.8987,1092.0,0.8993,82.0,0.8999,2180.0
1753600012806,07:06:52.806,blofin,AERO/USDT:USDT,0.8991,368.0,0.8987,1092.0,0.8993,82.0,0.8999,2180.0
1753600013810,07:06:53.810,blofin,AERO/USDT:USDT,0.8991,369.0,0.8987,1092.0,0.8993,83.0,0.8999,2180.0
1753600014810,07:06:54.810,blofin,AERO/USDT:USDT,0.8991,775.0,0.8987,1092.0,0.8993,83.0,0.8999,2180.0
1753600015504,07:06:55.504,blofin,AERO/USDT:USDT,0.8991,8.0,0.899,359.0,0.8992,716.0,0.8993,7.0
1753600015810,07:06:55.810,blofin,AERO/USDT:USDT,0.8991,8.0,0.899,64.0,0.8992,574.0,0.8993,7.0
1753600016809,07:06:56.809,blofin,AERO/USDT:USDT,0.8991,4.0,0.899,66.0,0.8992,574.0,0.8993,7.0
1753600017809,07:06:57.809,blofin,AERO/USDT:USDT,0.8991,4.0,0.899,66.0,0.8992,576.0,0.8993,3.0
1753600018814,07:06:58.814,blofin,AERO/USDT:USDT,0.8991,4.0,0.899,65.0,0.8992,579.0,0.8993,3.0
1753600019811,07:06:59.811,blofin,AERO/USDT:USDT,0.8991,4.0,0.899,760.0,0.8992,33.0,0.8993,3.0
1753600020823,07:07:00.823,blofin,AERO/USDT:USDT,0.8991,4.0,0.899,900.0,0.8992,33.0,0.8993,3.0
1753600021814,07:07:01.814,blofin,AERO/USDT:USDT,0.8991,4.0,0.899,938.0,0.8992,33.0,0.8993,3.0
1753600022215,07:07:02.215,blofin,AERO/USDT:USDT,0.8991,4.0,0.899,991.0,0.8992,5.0,0.8993,3.0
1753600022753,07:07:02.753,blofin,AERO/USDT:USDT,0.8991,847.0,0.899,2.0,0.8992,5.0,0.8993,1281.0
1753600022813,07:07:02.813,blofin,AERO/USDT:USDT,0.8991,550.0,0.899,2.0,0.8992,5.0,0.8993,14.0
1753600023815,07:07:03.815,blofin,AERO/USDT:USDT,0.8991,554.0,0.8987,1092.0,0.8993,17.0,0.8999,2180.0
1753600024113,07:07:04.113,blofin,AERO/USDT:USDT,0.8991,6.0,0.899,546.0,0.8993,17.0,0.8999,2180.0
1753600024816,07:07:04.816,blofin,AERO/USDT:USDT,0.8991,6.0,0.899,1224.0,0.8993,17.0,0.8999,2180.0
1753600025817,07:07:05.817,blofin,AERO/USDT:USDT,0.8991,6.0,0.899,1082.0,0.8993,45.0,0.8997,3670.0
1753600026821,07:07:06.821,blofin,AERO/USDT:USDT,0.8991,6.0,0.899,1153.0,0.8993,47.0,0.8998,1019.0
1753600027373,07:07:07.373,blofin,AERO/USDT:USDT,0.8991,545.0,0.8989,14858.0,0.8993,47.0,0.8995,5468.0
1753600027818,07:07:07.818,blofin,AERO/USDT:USDT,0.8991,616.0,0.8987,1092.0,0.8993,47.0,0.8999,2180.0
1753600029072,07:07:09.072,blofin,AERO/USDT:USDT,0.8991,8.0,0.899,539.0,0.8993,45.0,0.8999,2180.0
1753600029268,07:07:09.268,blofin,AERO/USDT:USDT,0.8992,1224.0,0.8991,8.0,0.8993,6.0,0.8994,39.0
1753600029626,07:07:09.626,blofin,AERO/USDT:USDT,0.8991,228.0,0.8987,1092.0,0.8993,6.0,0.8994,1123.0
1753600029820,07:07:09.820,blofin,AERO/USDT:USDT,0.8991,8.0,0.899,1082.0,0.8993,6.0,0.8994,1314.0
1753600030793,07:07:10.793,blofin,AERO/USDT:USDT,0.8991,1090.0,0.8987,1092.0,0.8993,3.0,0.8994,1315.0
1753600030857,07:07:10.857,blofin,AERO/USDT:USDT,0.8991,1090.0,0.8987,1092.0,0.8993,3.0,0.8994,1318.0
1753600031823,07:07:11.823,blofin,AERO/USDT:USDT,0.8991,75.0,0.8987,1092.0,0.8993,3.0,0.8994,1247.0
1753600032825,07:07:12.825,blofin,AERO/USDT:USDT,0.8991,75.0,0.8987,17283.0,0.8993,3.0,0.8994,1245.0
1753600033734,07:07:13.734,blofin,AERO/USDT:USDT,0.8991,5.0,0.899,67.0,0.8993,808.0,0.8994,2.0
1753600034214,07:07:14.214,blofin,AERO/USDT:USDT,0.899,1120.0,0.8989,4.0,0.8991,8.0,0.8992,163.0
1753600034328,07:07:14.328,blofin,AERO/USDT:USDT,0.8989,558.0,0.8978,1174.0,0.8991,8.0,0.8992,163.0
1753600034827,07:07:14.827,blofin,AERO/USDT:USDT,0.8989,570.0,0.8987,3378.0,0.8991,8.0,0.8992,717.0
1753600035827,07:07:15.827,blofin,AERO/USDT:USDT,0.8989,570.0,0.8983,12484.0,0.8991,8.0,0.8992,811.0
1753600036828,07:07:16.828,blofin,AERO/USDT:USDT,0.8989,213.0,0.8986,1184.0,0.8991,8.0,0.8992,811.0
1753600037345,07:07:17.345,blofin,AERO/USDT:USDT,0.8989,4.0,0.8988,209.0,0.8991,4.0,0.8992,915.0
1753600037829,07:07:17.829,blofin,AERO/USDT:USDT,0.8989,4.0,0.8988,333.0,0.8991,558.0,0.8992,5.0
1753600038835,07:07:18.835,blofin,AERO/USDT:USDT,0.8989,2.0,0.8988,338.0,0.8991,563.0,0.8996,5493.0
1753600039832,07:07:19.832,blofin,AERO/USDT:USDT,0.8989,2.0,0.8988,338.0,0.8991,588.0,0.9002,895.0
1753600040832,07:07:20.832,blofin,AERO/USDT:USDT,0.8989,2.0,0.8988,336.0,0.8991,588.0,0.9,4549.0
1753600042074,07:07:22.074,blofin,AERO/USDT:USDT,0.8989,2.0,0.8988,5.0,0.899,910.0,0.8991,6.0
1753600042832,07:07:22.832,blofin,AERO/USDT:USDT,0.8989,2.0,0.8988,5.0,0.899,722.0,0.8991,6.0
1753600043636,07:07:23.636,blofin,AERO/USDT:USDT,0.8988,5.0,0.8987,230.0,0.8989,745.0,0.899,1.0
1753600043834,07:07:23.834,blofin,AERO/USDT:USDT,0.8987,232.0,0.8978,1174.0,0.8989,747.0,0.8991,4.0
1753600044835,07:07:24.835,blofin,AERO/USDT:USDT,0.8987,9.0,0.8976,1174.0,0.8989,864.0,0.8991,4.0
1753600045833,07:07:25.833,blofin,AERO/USDT:USDT,0.8987,9.0,0.8976,1174.0,0.8989,907.0,0.8991,4.0
1753600046835,07:07:26.835,blofin,AERO/USDT:USDT,0.8987,8.0,0.8982,5660.0,0.8989,742.0,0.8991,4.0
1753600047835,07:07:27.835,blofin,AERO/USDT:USDT,0.8987,8.0,0.8981,6343.0,0.8989,835.0,0.8991,4.0
1753600048837,07:07:28.837,blofin,AERO/USDT:USDT,0.8987,10.0,0.8981,6343.0,0.8989,839.0,0.8991,4.0
1753600049837,07:07:29.837,blofin,AERO/USDT:USDT,0.8987,10.0,0.8982,5873.0,0.8989,768.0,0.8991,4.0
1753600050838,07:07:30.838,blofin,AERO/USDT:USDT,0.8987,20.0,0.898,630.0,0.8989,199.0,0.8991,4.0
1753600051841,07:07:31.841,blofin,AERO/USDT:USDT,0.8987,21.0,0.8983,9289.0,0.8989,199.0,0.8991,4.0
1753600052843,07:07:32.843,blofin,AERO/USDT:USDT,0.8987,22.0,0.898,630.0,0.8989,199.0,0.8991,4.0
1753600053841,07:07:33.841,blofin,AERO/USDT:USDT,0.8987,21.0,0.8977,1414.0,0.8989,202.0,0.8991,4.0
1753600054846,07:07:34.846,blofin,AERO/USDT:USDT,0.8987,21.0,0.8976,1174.0,0.8989,202.0,0.8991,4.0
1753600055843,07:07:35.843,blofin,AERO/USDT:USDT,0.8987,21.0,0.8981,1119.0,0.8989,186.0,0.8991,4.0
1753600056844,07:07:36.844,blofin,AERO/USDT:USDT,0.8987,21.0,0.8976,1174.0,0.8989,186.0,0.8991,4.0
1753600057846,07:07:37.846,blofin,AERO/USDT:USDT,0.8987,832.0,0.8976,1174.0,0.8989,31.0,0.8991,4.0
1753600058845,07:07:38.845,blofin,AERO/USDT:USDT,0.8987,829.0,0.8976,1174.0,0.8989,28.0,0.8991,4.0
1753600059846,07:07:39.846,blofin,AERO/USDT:USDT,0.8987,687.0,0.8984,5785.0,0.8989,30.0,0.8991,4.0
1753600061846,07:07:41.846,blofin,AERO/USDT:USDT,0.8987,760.0,0.8984,6228.0,0.8989,29.0,0.8991,4.0
1753600062847,07:07:42.847,blofin,AERO/USDT:USDT,0.8987,689.0,0.8983,9215.0,0.8989,29.0,0.8991,4.0
1753600063860,07:07:43.860,blofin,AERO/USDT:USDT,0.8987,690.0,0.8983,9215.0,0.8989,32.0,0.8993,11059.0
1753600064848,07:07:44.848,blofin,AERO/USDT:USDT,0.8987,692.0,0.8981,11792.0,0.8989,33.0,0.8995,9774.0
1753600065850,07:07:45.850,blofin,AERO/USDT:USDT,0.8987,692.0,0.8981,983.0,0.8989,33.0,0.8998,1468.0
1753600066851,07:07:46.851,blofin,AERO/USDT:USDT,0.8987,692.0,0.8981,983.0,0.8989,32.0,0.8998,1468.0
1753600067852,07:07:47.852,blofin,AERO/USDT:USDT,0.8987,692.0,0.8981,983.0,0.8989,31.0,0.8998,1468.0
1753600068183,07:07:48.183,blofin,AERO/USDT:USDT,0.8987,157.0,0.8981,983.0,0.8989,6.0,0.899,27.0
1753600068855,07:07:48.855,blofin,AERO/USDT:USDT,0.8987,154.0,0.8981,983.0,0.8989,3.0,0.899,31.0
1753600069854,07:07:49.854,blofin,AERO/USDT:USDT,0.8987,395.0,0.8981,11205.0,0.8989,3.0,0.899,662.0
1753600070855,07:07:50.855,blofin,AERO/USDT:USDT,0.8987,395.0,0.8981,983.0,0.8989,3.0,0.899,685.0
1753600071856,07:07:51.856,blofin,AERO/USDT:USDT,0.8987,395.0,0.8983,1717.0,0.8989,3.0,0.899,663.0
1753600072856,07:07:52.856,blofin,AERO/USDT:USDT,0.8987,395.0,0.8981,10983.0,0.8989,3.0,0.899,660.0
1753600075858,07:07:55.858,blofin,AERO/USDT:USDT,0.8987,956.0,0.8981,983.0,0.8989,3.0,0.899,32.0
1753600076860,07:07:56.860,blofin,AERO/USDT:USDT,0.8987,396.0,0.8981,983.0,0.8989,3.0,0.899,752.0
1753600077861,07:07:57.861,blofin,AERO/USDT:USDT,0.8987,28.0,0.8981,983.0,0.8989,3.0,0.899,752.0
1753600079604,07:07:59.604,blofin,AERO/USDT:USDT,0.8988,23.0,0.8987,5.0,0.8989,3.0,0.899,748.0
1753600079863,07:07:59.863,blofin,AERO/USDT:USDT,0.8988,10.0,0.8987,5.0,0.8989,3.0,0.899,748.0
1753600080863,07:08:00.863,blofin,AERO/USDT:USDT,0.8988,16.0,0.8987,5.0,0.8989,3.0,0.899,752.0
1753600081863,07:08:01.863,blofin,AERO/USDT:USDT,0.8988,16.0,0.8987,5.0,0.8989,3.0,0.899,681.0
1753600082664,07:08:02.664,blofin,AERO/USDT:USDT,0.8987,21.0,0.8981,983.0,0.8989,3.0,0.899,1081.0
1753600082870,07:08:02.870,blofin,AERO/USDT:USDT,0.8987,22.0,0.8984,9696.0,0.8989,1271.0,0.899,4.0
1753600083867,07:08:03.867,blofin,AERO/USDT:USDT,0.8987,20.0,0.8984,9696.0,0.8989,1274.0,0.8992,14242.0
1753600084865,07:08:04.865,blofin,AERO/USDT:USDT,0.8987,20.0,0.8981,983.0,0.8989,918.0,0.8996,682.0
1753600085865,07:08:05.865,blofin,AERO/USDT:USDT,0.8987,23.0,0.8981,983.0,0.8989,918.0,0.8996,682.0
1753600086874,07:08:06.874,blofin,AERO/USDT:USDT,0.8987,23.0,0.8985,7441.0,0.8989,915.0,0.8992,963.0
1753600087867,07:08:07.867,blofin,AERO/USDT:USDT,0.8987,23.0,0.8984,8538.0,0.8989,741.0,0.8993,1786.0
1753600088655,07:08:08.655,blofin,AERO/USDT:USDT,0.8987,845.0,0.8981,983.0,0.8989,5.0,0.899,27.0
1753600088853,07:08:08.853,blofin,AERO/USDT:USDT,0.8988,1043.0,0.8987,6.0,0.8989,5.0,0.8991,47.0
1753600088905,07:08:08.905,blofin,AERO/USDT:USDT,0.8989,1318.0,0.8987,1.0,0.8991,5.0,0.8992,9.0
1753600089870,07:08:09.870,blofin,AERO/USDT:USDT,0.899,842.0,0.8989,4.0,0.8991,5.0,0.8992,6.0
1753600090867,07:08:10.867,blofin,AERO/USDT:USDT,0.899,846.0,0.8987,1.0,0.8991,5.0,0.8992,6.0
1753600091869,07:08:11.869,blofin,AERO/USDT:USDT,0.899,846.0,0.8987,1.0,0.8992,7.0,0.8998,491.0
1753600092871,07:08:12.871,blofin,AERO/USDT:USDT,0.899,158.0,0.8987,1.0,0.8992,7.0,0.8998,491.0
1753600093883,07:08:13.883,blofin,AERO/USDT:USDT,0.899,161.0,0.8978,1176.0,0.8992,13.0,0.9002,869.0
1753600094872,07:08:14.872,blofin,AERO/USDT:USDT,0.899,766.0,0.8979,1175.0,0.8992,13.0,0.9003,873.0
1753600095873,07:08:15.873,blofin,AERO/USDT:USDT,0.899,766.0,0.8979,1175.0,0.8992,13.0,0.9003,873.0
1753600096874,07:08:16.874,blofin,AERO/USDT:USDT,0.899,695.0,0.8979,5651.0,0.8992,11.0,0.9003,7670.0
1753600097875,07:08:17.875,blofin,AERO/USDT:USDT,0.899,230.0,0.8987,9142.0,0.8992,11.0,0.8995,5705.0
1753600098877,07:08:18.877,blofin,AERO/USDT:USDT,0.899,232.0,0.8987,9142.0,0.8992,9.0,0.8995,5705.0
1753600099877,07:08:19.877,blofin,AERO/USDT:USDT,0.899,161.0,0.8986,304.0,0.8992,9.0,0.8996,8329.0
1753600100879,07:08:20.879,blofin,AERO/USDT:USDT,0.899,161.0,0.8984,924.0,0.8992,9.0,0.8999,9664.0
1753600101878,07:08:21.878,blofin,AERO/USDT:USDT,0.899,161.0,0.8982,734.0,0.8992,9.0,0.8999,91.0
1753600102553,07:08:22.553,blofin,AERO/USDT:USDT,0.899,7.0,0.8989,154.0,0.8992,9.0,0.8998,2109.0
1753600104880,07:08:24.880,blofin,AERO/USDT:USDT,0.899,3.0,0.8989,425.0,0.8992,594.0,0.9003,882.0
1753600105956,07:08:25.956,blofin,AERO/USDT:USDT,0.899,744.0,0.8989,2.0,0.8992,571.0,0.9002,621.0
1753600106882,07:08:26.882,blofin,AERO/USDT:USDT,0.899,553.0,0.8989,2.0,0.8992,35.0,0.9003,5138.0
1753600107883,07:08:27.883,blofin,AERO/USDT:USDT,0.899,553.0,0.8989,2.0,0.8992,35.0,0.9001,208.0
1753600108884,07:08:28.884,blofin,AERO/USDT:USDT,0.899,558.0,0.8982,7914.0,0.8992,35.0,0.9001,208.0
1753600109885,07:08:29.885,blofin,AERO/USDT:USDT,0.899,558.0,0.8987,4712.0,0.8992,36.0,0.8996,4113.0
1753600110886,07:08:30.886,blofin,AERO/USDT:USDT,0.899,567.0,0.8979,1175.0,0.8992,36.0,0.9003,863.0
1753600111274,07:08:31.274,blofin,AERO/USDT:USDT,0.8992,1069.0,0.899,7.0,0.8994,26.0,0.9003,863.0
1753600111354,07:08:31.354,blofin,AERO/USDT:USDT,0.8992,1069.0,0.899,7.0,0.8995,26.0,0.9003,863.0
1753600111888,07:08:31.888,blofin,AERO/USDT:USDT,0.8992,201.0,0.899,7.0,0.8995,667.0,0.9003,863.0
1753600112888,07:08:32.888,blofin,AERO/USDT:USDT,0.8992,201.0,0.899,7.0,0.8995,692.0,0.9003,863.0
1753600113889,07:08:33.889,blofin,AERO/USDT:USDT,0.8992,206.0,0.899,3.0,0.8995,694.0,0.9003,863.0
1753600114944,07:08:34.944,blofin,AERO/USDT:USDT,0.8992,4.0,0.899,204.0,0.8994,691.0,0.8995,3.0
1753600115891,07:08:35.891,blofin,AERO/USDT:USDT,0.8992,4.0,0.899,563.0,0.8994,867.0,0.8995,3.0
1753600116889,07:08:36.889,blofin,AERO/USDT:USDT,0.8992,4.0,0.899,563.0,0.8994,848.0,0.9006,878.0
1753600117890,07:08:37.890,blofin,AERO/USDT:USDT,0.8992,4.0,0.899,563.0,0.8994,706.0,0.8998,4208.0
1753600118892,07:08:38.892,blofin,AERO/USDT:USDT,0.899,565.0,0.8986,1736.0,0.8994,704.0,0.8998,4208.0
1753600119891,07:08:39.891,blofin,AERO/USDT:USDT,0.899,568.0,0.8983,707.0,0.8994,846.0,0.9001,609.0
1753600120613,07:08:40.613,blofin,AERO/USDT:USDT,0.8991,560.0,0.899,6.0,0.8994,704.0,0.9001,609.0
1753600120823,07:08:40.823,blofin,AERO/USDT:USDT,0.8991,548.0,0.899,6.0,0.8994,2.0,0.8995,154.0
1753600120886,07:08:40.886,blofin,AERO/USDT:USDT,0.8992,722.0,0.899,6.0,0.8994,2.0,0.8995,596.0
1753600121892,07:08:41.892,blofin,AERO/USDT:USDT,0.8992,975.0,0.899,3.0,0.8994,2.0,0.8995,46.0
1753600123045,07:08:43.045,blofin,AERO/USDT:USDT,0.8993,974.0,0.8992,1.0,0.8995,48.0,0.9001,609.0
1753600123254,07:08:43.254,blofin,AERO/USDT:USDT,0.8992,1.0,0.8991,288.0,0.8995,11.0,0.9001,609.0
1753600123909,07:08:43.909,blofin,AERO/USDT:USDT,0.8992,1.0,0.8991,289.0,0.8995,16.0,0.9001,609.0
1753600124894,07:08:44.894,blofin,AERO/USDT:USDT,0.8991,727.0,0.898,1188.0,0.8995,706.0,0.9006,858.0
1753600126895,07:08:46.895,blofin,AERO/USDT:USDT,0.8991,180.0,0.898,1188.0,0.8995,681.0,0.9006,858.0
1753600127896,07:08:47.896,blofin,AERO/USDT:USDT,0.8991,724.0,0.8987,2516.0,0.8995,587.0,0.8999,13296.0
1753600128897,07:08:48.897,blofin,AERO/USDT:USDT,0.8991,725.0,0.8987,2516.0,0.8995,589.0,0.8999,13296.0
1753600129897,07:08:49.897,blofin,AERO/USDT:USDT,0.8991,725.0,0.8981,308.0,0.8995,657.0,0.9002,80.0
1753600130897,07:08:50.897,blofin,AERO/USDT:USDT,0.8991,725.0,0.8981,1885.0,0.8995,658.0,0.9002,80.0
1753600131897,07:08:51.897,blofin,AERO/USDT:USDT,0.8991,725.0,0.898,1239.0,0.8995,657.0,0.9002,80.0
1753600132973,07:08:52.973,blofin,AERO/USDT:USDT,0.8992,793.0,0.8991,5.0,0.8995,586.0,0.9002,80.0
1753600133153,07:08:53.153,blofin,AERO/USDT:USDT,0.8993,548.0,0.8991,5.0,0.8995,38.0,0.9002,80.0
1753600133901,07:08:53.901,blofin,AERO/USDT:USDT,0.8993,552.0,0.8991,1.0,0.8995,40.0,0.9006,869.0
1753600134900,07:08:54.900,blofin,AERO/USDT:USDT,0.8993,574.0,0.8991,1.0,0.8995,17.0,0.8998,2388.0
1753600135901,07:08:55.901,blofin,AERO/USDT:USDT,0.8993,575.0,0.8991,1.0,0.8995,17.0,0.9005,5359.0
1753600136634,07:08:56.634,blofin,AERO/USDT:USDT,0.8993,885.0,0.8991,1.0,0.8995,6.0,0.8996,9.0
1753600136901,07:08:56.901,blofin,AERO/USDT:USDT,0.8994,558.0,0.8993,4.0,0.8995,6.0,0.8996,431.0
1753600137903,07:08:57.903,blofin,AERO/USDT:USDT,0.8994,558.0,0.8993,4.0,0.8995,6.0,0.8996,431.0
1753600138904,07:08:58.904,blofin,AERO/USDT:USDT,0.8994,562.0,0.8991,1.0,0.8995,5.0,0.8996,436.0
1753600139904,07:08:59.904,blofin,AERO/USDT:USDT,0.8994,701.0,0.8991,465.0,0.8995,5.0,0.8996,12.0
1753600140904,07:09:00.904,blofin,AERO/USDT:USDT,0.8994,861.0,0.8991,1.0,0.8995,5.0,0.8996,12.0
1753600141908,07:09:01.908,blofin,AERO/USDT:USDT,0.8994,861.0,0.8991,6215.0,0.8995,5.0,0.8996,10.0
1753600142910,07:09:02.910,blofin,AERO/USDT:USDT,0.8994,790.0,0.8992,6046.0,0.8995,5.0,0.8996,8.0
1753600143907,07:09:03.907,blofin,AERO/USDT:USDT,0.8994,794.0,0.8992,6046.0,0.8995,5.0,0.8996,11.0
1753600145907,07:09:05.907,blofin,AERO/USDT:USDT,0.8994,862.0,0.8991,1.0,0.8995,5.0,0.8996,10.0
1753600146916,07:09:06.916,blofin,AERO/USDT:USDT,0.8994,863.0,0.8991,1.0,0.8995,5.0,0.8996,10.0
1753600147910,07:09:07.910,blofin,AERO/USDT:USDT,0.8994,863.0,0.8991,1.0,0.8995,5.0,0.8996,10.0
1753600148912,07:09:08.912,blofin,AERO/USDT:USDT,0.8994,864.0,0.8991,1.0,0.8995,5.0,0.8996,12.0
1753600149912,07:09:09.912,blofin,AERO/USDT:USDT,0.8994,971.0,0.8991,1.0,0.8995,5.0,0.8996,12.0
1753600150911,07:09:10.911,blofin,AERO/USDT:USDT,0.8996,1245.0,0.8994,1.0,0.8998,240.0,0.9008,832.0
1753600151912,07:09:11.912,blofin,AERO/USDT:USDT,0.8996,1211.0,0.8991,1.0,0.8998,7.0,0.9008,832.0
1753600152356,07:09:12.356,blofin,AERO/USDT:USDT,0.8996,5.0,0.8995,1135.0,0.8997,7.0,0.9005,1436.0
1753600153024,07:09:13.024,blofin,AERO/USDT:USDT,0.8996,5.0,0.8994,549.0,0.8997,535.0,0.9008,9318.0
1753600153928,07:09:13.928,blofin,AERO/USDT:USDT,0.8996,5.0,0.8994,553.0,0.8997,540.0,0.9008,9318.0
1753600154918,07:09:14.918,blofin,AERO/USDT:USDT,0.8995,543.0,0.8994,7.0,0.8997,541.0,0.9009,832.0
1753600155918,07:09:15.918,blofin,AERO/USDT:USDT,0.8995,543.0,0.8994,7.0,0.8997,566.0,0.9004,5521.0
1753600156918,07:09:16.918,blofin,AERO/USDT:USDT,0.8995,548.0,0.8994,4.0,0.8997,566.0,0.9009,832.0
1753600157919,07:09:17.919,blofin,AERO/USDT:USDT,0.8995,5.0,0.8994,875.0,0.8997,635.0,0.9009,832.0
1753600158920,07:09:18.920,blofin,AERO/USDT:USDT,0.8994,879.0,0.8983,1188.0,0.8997,638.0,0.9009,832.0
1753600159921,07:09:19.921,blofin,AERO/USDT:USDT,0.8994,880.0,0.8983,1188.0,0.8997,638.0,0.9009,839.0
1753600160923,07:09:20.923,blofin,AERO/USDT:USDT,0.8994,880.0,0.8988,10510.0,0.8997,567.0,0.9004,523.0
1753600161784,07:09:21.784,blofin,AERO/USDT:USDT,0.8995,597.0,0.8994,6.0,0.8997,732.0,0.9009,839.0
1753600161932,07:09:21.932,blofin,AERO/USDT:USDT,0.8995,10.0,0.8994,6.0,0.8997,638.0,0.9005,7151.0
1753600162923,07:09:22.923,blofin,AERO/USDT:USDT,0.8995,144.0,0.8994,6.0,0.8997,35.0,0.9,229.0
1753600163924,07:09:23.924,blofin,AERO/USDT:USDT,0.8995,148.0,0.8994,4.0,0.8997,31.0,0.9,229.0
1753600164925,07:09:24.925,blofin,AERO/USDT:USDT,0.8995,14.0,0.8994,4.0,0.8997,634.0,0.9003,762.0
1753600165925,07:09:25.925,blofin,AERO/USDT:USDT,0.8995,14.0,0.8994,4.0,0.8997,676.0,0.9003,5437.0
1753600166926,07:09:26.926,blofin,AERO/USDT:USDT,0.8995,12.0,0.8994,4.0,0.8997,676.0,0.9002,10972.0
1753600167927,07:09:27.927,blofin,AERO/USDT:USDT,0.8995,12.0,0.8994,4.0,0.8997,676.0,0.9003,762.0
1753600168928,07:09:28.928,blofin,AERO/USDT:USDT,0.8995,15.0,0.8994,4.0,0.8997,678.0,0.9009,840.0
1753600169928,07:09:29.928,blofin,AERO/USDT:USDT,0.8995,15.0,0.8994,4.0,0.8997,717.0,0.9009,868.0
1753600170929,07:09:30.929,blofin,AERO/USDT:USDT,0.8995,15.0,0.8994,4.0,0.8997,603.0,0.9002,8653.0
1753600172929,07:09:32.929,blofin,AERO/USDT:USDT,0.8995,15.0,0.8994,4.0,0.8997,1351.0,0.9003,4970.0
1753600173930,07:09:33.930,blofin,AERO/USDT:USDT,0.8995,14.0,0.8994,4.0,0.8997,1351.0,0.9003,4970.0
1753600174930,07:09:34.930,blofin,AERO/USDT:USDT,0.8995,14.0,0.8994,4.0,0.8997,1017.0,0.9007,35.0
1753600175933,07:09:35.933,blofin,AERO/USDT:USDT,0.8995,14.0,0.8994,4.0,0.8997,1018.0,0.9007,35.0
1753600176932,07:09:36.932,blofin,AERO/USDT:USDT,0.8995,4.0,0.8994,4.0,0.8996,592.0,0.8997,5.0
1753600177932,07:09:37.932,blofin,AERO/USDT:USDT,0.8995,4.0,0.8994,4.0,0.8996,49.0,0.8997,5.0
1753600178936,07:09:38.936,blofin,AERO/USDT:USDT,0.8994,4.0,0.8993,851.0,0.8996,45.0,0.8997,5.0
1753600179934,07:09:39.934,blofin,AERO/USDT:USDT,0.8994,4.0,0.8992,1139.0,0.8995,722.0,0.8996,1.0
1753600180939,07:09:40.939,blofin,AERO/USDT:USDT,0.8994,4.0,0.8992,1139.0,0.8995,798.0,0.8997,5.0
1753600181936,07:09:41.936,blofin,AERO/USDT:USDT,0.8994,4.0,0.8992,1139.0,0.8995,727.0,0.8997,5.0
1753600182936,07:09:42.936,blofin,AERO/USDT:USDT,0.8994,4.0,0.8992,601.0,0.8995,727.0,0.8997,5.0
1753600183949,07:09:43.949,blofin,AERO/USDT:USDT,0.8992,605.0,0.8986,755.0,0.8995,726.0,0.9007,736.0
1753600184938,07:09:44.938,blofin,AERO/USDT:USDT,0.8992,605.0,0.8985,3527.0,0.8995,726.0,0.9003,7051.0
1753600185936,07:09:45.936,blofin,AERO/USDT:USDT,0.8992,55.0,0.8981,1204.0,0.8994,731.0,0.8995,4.0
1753600186938,07:09:46.938,blofin,AERO/USDT:USDT,0.8992,55.0,0.8989,8060.0,0.8994,566.0,0.8995,3.0
1753600187940,07:09:47.940,blofin,AERO/USDT:USDT,0.8992,189.0,0.899,14553.0,0.8994,39.0,0.8995,3.0
1753600188940,07:09:48.940,blofin,AERO/USDT:USDT,0.8992,189.0,0.899,14553.0,0.8994,39.0,0.8995,3.0
1753600189943,07:09:49.943,blofin,AERO/USDT:USDT,0.8992,189.0,0.8985,681.0,0.8994,39.0,0.8995,3.0
1753600190942,07:09:50.942,blofin,AERO/USDT:USDT,0.8992,189.0,0.8987,2126.0,0.8994,39.0,0.8995,3.0
1753600191942,07:09:51.942,blofin,AERO/USDT:USDT,0.8992,191.0,0.8981,1592.0,0.8994,39.0,0.8995,3.0
1753600192944,07:09:52.944,blofin,AERO/USDT:USDT,0.8992,191.0,0.8983,11932.0,0.8994,38.0,0.8995,3.0
1753600193946,07:09:53.946,blofin,AERO/USDT:USDT,0.8992,188.0,0.8983,11932.0,0.8994,40.0,0.8995,3.0
1753600194944,07:09:54.944,blofin,AERO/USDT:USDT,0.8992,188.0,0.8981,10312.0,0.8994,39.0,0.8995,3.0
1753600195945,07:09:55.945,blofin,AERO/USDT:USDT,0.8992,189.0,0.8989,12316.0,0.8994,39.0,0.8995,3.0
1753600196949,07:09:56.949,blofin,AERO/USDT:USDT,0.8992,747.0,0.8988,5259.0,0.8994,40.0,0.8995,3.0
1753600197949,07:09:57.949,blofin,AERO/USDT:USDT,0.8992,746.0,0.8981,1204.0,0.8994,40.0,0.8995,3.0
1753600198949,07:09:58.949,blofin,AERO/USDT:USDT,0.8992,745.0,0.8981,1204.0,0.8994,39.0,0.8995,3.0
1753600199948,07:09:59.948,blofin,AERO/USDT:USDT,0.8992,816.0,0.899,373.0,0.8994,39.0,0.8995,3.0
1753600200950,07:10:00.950,blofin,AERO/USDT:USDT,0.8992,839.0,0.8985,555.0,0.8994,39.0,0.8995,3.0
1753600201950,07:10:01.950,blofin,AERO/USDT:USDT,0.8992,820.0,0.8985,11136.0,0.8994,39.0,0.8995,3.0
1753600202952,07:10:02.952,blofin,AERO/USDT:USDT,0.8992,820.0,0.899,11728.0,0.8994,39.0,0.8995,3.0
1753600203952,07:10:03.952,blofin,AERO/USDT:USDT,0.8992,819.0,0.899,11728.0,0.8994,37.0,0.8995,3.0
1753600204954,07:10:04.954,blofin,AERO/USDT:USDT,0.8992,816.0,0.8987,5791.0,0.8994,37.0,0.8995,3.0
1753600205954,07:10:05.954,blofin,AERO/USDT:USDT,0.8992,615.0,0.8985,6978.0,0.8994,37.0,0.8995,3.0
1753600206956,07:10:06.956,blofin,AERO/USDT:USDT,0.8992,613.0,0.8987,2329.0,0.8994,37.0,0.8995,3.0
1753600207956,07:10:07.956,blofin,AERO/USDT:USDT,0.8992,626.0,0.899,11303.0,0.8994,37.0,0.8995,3.0
1753600208957,07:10:08.957,blofin,AERO/USDT:USDT,0.8992,624.0,0.899,11303.0,0.8994,38.0,0.8995,3.0
1753600209959,07:10:09.959,blofin,AERO/USDT:USDT,0.8992,627.0,0.8988,376.0,0.8994,79.0,0.8995,3.0
1753600211962,07:10:11.962,blofin,AERO/USDT:USDT,0.8992,695.0,0.8986,407.0,0.8994,82.0,0.8995,3.0
1753600212960,07:10:12.960,blofin,AERO/USDT:USDT,0.8992,695.0,0.8987,1188.0,0.8994,82.0,0.8995,3.0
1753600213974,07:10:13.974,blofin,AERO/USDT:USDT,0.8992,694.0,0.8987,1188.0,0.8994,84.0,0.8999,6972.0
1753600214962,07:10:14.962,blofin,AERO/USDT:USDT,0.8992,626.0,0.8983,544.0,0.8994,81.0,0.9001,1690.0
1753600215962,07:10:15.962,blofin,AERO/USDT:USDT,0.8992,626.0,0.8987,10973.0,0.8994,81.0,0.9,898.0
1753600216963,07:10:16.963,blofin,AERO/USDT:USDT,0.8992,624.0,0.899,7064.0,0.8994,81.0,0.8997,7205.0
1753600217964,07:10:17.964,blofin,AERO/USDT:USDT,0.8992,625.0,0.8983,221.0,0.8994,81.0,0.9001,1690.0
1753600218966,07:10:18.966,blofin,AERO/USDT:USDT,0.8992,627.0,0.8983,221.0,0.8994,85.0,0.9001,1690.0
1753600219966,07:10:19.966,blofin,AERO/USDT:USDT,0.8992,695.0,0.8984,9965.0,0.8994,83.0,0.9001,1690.0
1753600220967,07:10:20.967,blofin,AERO/USDT:USDT,0.8992,627.0,0.8983,221.0,0.8994,82.0,0.9001,1690.0
1753600221968,07:10:21.968,blofin,AERO/USDT:USDT,0.8992,623.0,0.8983,221.0,0.8994,82.0,0.9001,1690.0
1753600222968,07:10:22.968,blofin,AERO/USDT:USDT,0.8992,786.0,0.899,13243.0,0.8994,57.0,0.8996,11250.0
1753600223968,07:10:23.968,blofin,AERO/USDT:USDT,0.8992,784.0,0.899,13243.0,0.8994,57.0,0.8996,11250.0
1753600224970,07:10:24.970,blofin,AERO/USDT:USDT,0.8992,625.0,0.8985,541.0,0.8994,81.0,0.9001,1690.0
1753600225970,07:10:25.970,blofin,AERO/USDT:USDT,0.8992,716.0,0.8983,7253.0,0.8994,81.0,0.9001,1690.0
1753600226970,07:10:26.970,blofin,AERO/USDT:USDT,0.8992,627.0,0.8988,6762.0,0.8994,81.0,0.8999,9156.0
1753600227969,07:10:27.969,blofin,AERO/USDT:USDT,0.8992,613.0,0.8988,6956.0,0.8994,81.0,0.8998,13661.0
1753600228971,07:10:28.971,blofin,AERO/USDT:USDT,0.8992,612.0,0.8988,6956.0,0.8994,83.0,0.8998,13661.0
1753600229971,07:10:29.971,blofin,AERO/USDT:USDT,0.8992,678.0,0.8986,449.0,0.8994,83.0,0.9001,1690.0
1753600230605,07:10:30.605,blofin,AERO/USDT:USDT,0.8994,673.0,0.8992,8.0,0.8996,87.0,0.9001,1690.0
1753600230975,07:10:30.975,blofin,AERO/USDT:USDT,0.8996,884.0,0.8992,8.0,0.8998,16.0,0.9001,1690.0
1753600231974,07:10:31.974,blofin,AERO/USDT:USDT,0.8996,861.0,0.8992,8.0,0.8998,23.0,0.9001,1690.0
1753600232975,07:10:32.975,blofin,AERO/USDT:USDT,0.8996,863.0,0.8992,4126.0,0.8998,23.0,0.9001,1690.0
1753600233974,07:10:33.974,blofin,AERO/USDT:USDT,0.8996,866.0,0.8992,4126.0,0.8998,22.0,0.9001,1690.0
1753600234975,07:10:34.975,blofin,AERO/USDT:USDT,0.8996,863.0,0.8992,3.0,0.8998,22.0,0.9001,1690.0
1753600235975,07:10:35.975,blofin,AERO/USDT:USDT,0.8996,888.0,0.8992,15584.0,0.8998,22.0,0.9001,1690.0
1753600236978,07:10:36.978,blofin,AERO/USDT:USDT,0.8996,730.0,0.8992,3.0,0.8998,22.0,0.9001,1690.0
1753600237978,07:10:37.978,blofin,AERO/USDT:USDT,0.8996,730.0,0.8992,3.0,0.8998,24.0,0.9001,1690.0
1753600238182,07:10:38.182,blofin,AERO/USDT:USDT,0.8996,5.0,0.8995,181.0,0.8998,981.0,0.9001,1690.0
1753600238324,07:10:38.324,blofin,AERO/USDT:USDT,0.8996,5.0,0.8995,970.0,0.8997,976.0,0.8998,5.0
1753600238664,07:10:38.664,blofin,AERO/USDT:USDT,0.8994,555.0,0.8992,3.0,0.8996,575.0,0.8998,5.0
1753600238977,07:10:38.977,blofin,AERO/USDT:USDT,0.8994,559.0,0.8992,3.0,0.8996,577.0,0.9001,1690.0
1753600239978,07:10:39.978,blofin,AERO/USDT:USDT,0.8994,15.0,0.8992,3.0,0.8996,957.0,0.9001,1690.0
1753600240977,07:10:40.977,blofin,AERO/USDT:USDT,0.8994,16.0,0.8992,3.0,0.8996,408.0,0.9001,1690.0
1753600241978,07:10:41.978,blofin,AERO/USDT:USDT,0.8994,760.0,0.8992,3.0,0.8996,408.0,0.9001,1690.0
1753600242980,07:10:42.980,blofin,AERO/USDT:USDT,0.8994,896.0,0.8992,3.0,0.8996,41.0,0.9001,1690.0
1753600243995,07:10:43.995,blofin,AERO/USDT:USDT,0.8994,898.0,0.8989,6285.0,0.8996,42.0,0.9002,2490.0
1753600244981,07:10:44.981,blofin,AERO/USDT:USDT,0.8994,894.0,0.8988,164.0,0.8996,45.0,0.9004,352.0
1753600245984,07:10:45.984,blofin,AERO/USDT:USDT,0.8994,17.0,0.8988,164.0,0.8996,670.0,0.9004,8246.0
1753600246982,07:10:46.982,blofin,AERO/USDT:USDT,0.8994,17.0,0.8991,8355.0,0.8996,779.0,0.9,7565.0
1753600247983,07:10:47.983,blofin,AERO/USDT:USDT,0.8994,17.0,0.899,543.0,0.8996,711.0,0.9002,2019.0
1753600248985,07:10:48.985,blofin,AERO/USDT:USDT,0.8994,14.0,0.8988,10542.0,0.8996,711.0,0.9002,2019.0
1753600249984,07:10:49.984,blofin,AERO/USDT:USDT,0.8994,14.0,0.8992,8505.0,0.8996,601.0,0.8999,768.0
1753600250984,07:10:50.984,blofin,AERO/USDT:USDT,0.8994,14.0,0.899,11263.0,0.8996,601.0,0.9,3892.0
1753600251985,07:10:51.985,blofin,AERO/USDT:USDT,0.8994,14.0,0.8992,8098.0,0.8996,780.0,0.8999,14881.0
1753600252988,07:10:52.988,blofin,AERO/USDT:USDT,0.8994,14.0,0.8986,252.0,0.8996,779.0,0.9004,352.0
1753600253987,07:10:53.987,blofin,AERO/USDT:USDT,0.8994,14.0,0.8983,353.0,0.8996,780.0,0.9004,352.0
1753600254989,07:10:54.989,blofin,AERO/USDT:USDT,0.8994,825.0,0.899,4211.0,0.8996,45.0,0.9,8825.0
1753600255992,07:10:55.992,blofin,AERO/USDT:USDT,0.8994,825.0,0.8985,15.0,0.8996,45.0,0.9004,352.0
1753600256227,07:10:56.227,blofin,AERO/USDT:USDT,0.8994,823.0,0.8985,15.0,0.8996,6.0,0.8997,39.0
1753600256989,07:10:56.989,blofin,AERO/USDT:USDT,0.8995,781.0,0.8994,5.0,0.8996,6.0,0.8997,9.0
1753600257203,07:10:57.203,blofin,AERO/USDT:USDT,0.8995,849.0,0.8994,5.0,0.8996,1.0,0.8997,2.0
1753600257991,07:10:57.991,blofin,AERO/USDT:USDT,0.8996,686.0,0.8994,5.0,0.8997,2.0,0.8998,7.0
1753600258989,07:10:58.989,blofin,AERO/USDT:USDT,0.8996,689.0,0.8994,2.0,0.8998,11.0,0.9004,352.0
1753600259990,07:10:59.990,blofin,AERO/USDT:USDT,0.8996,689.0,0.8994,2.0,0.8998,11.0,0.9004,352.0
1753600261992,07:11:01.992,blofin,AERO/USDT:USDT,0.8996,689.0,0.8994,2.0,0.8998,10.0,0.9002,5116.0
1753600262414,07:11:02.414,blofin,AERO/USDT:USDT,0.8996,689.0,0.8994,2.0,0.8998,3.0,0.9,7.0
1753600262992,07:11:02.992,blofin,AERO/USDT:USDT,0.8998,731.0,0.8996,3.0,0.9,7.0,0.9004,352.0
1753600263995,07:11:03.995,blofin,AERO/USDT:USDT,0.8998,733.0,0.8994,2.0,0.9,9.0,0.9004,352.0
1753600264993,07:11:04.993,blofin,AERO/USDT:USDT,0.8998,733.0,0.8994,2.0,0.9,3350.0,0.9004,352.0
1753600265993,07:11:05.993,blofin,AERO/USDT:USDT,0.8998,733.0,0.8994,2.0,0.9,3350.0,0.9004,352.0
1753600266994,07:11:06.994,blofin,AERO/USDT:USDT,0.8998,735.0,0.8994,2.0,0.9,3350.0,0.9004,352.0
1753600267997,07:11:07.997,blofin,AERO/USDT:USDT,0.8998,735.0,0.8994,8324.0,0.9,3350.0,0.9004,352.0
1753600269000,07:11:09.000,blofin,AERO/USDT:USDT,0.8998,736.0,0.8994,8324.0,0.9,3354.0,0.9004,352.0
1753600269997,07:11:09.997,blofin,AERO/USDT:USDT,0.8998,736.0,0.8994,2.0,0.9,3354.0,0.9004,352.0
1753600270997,07:11:10.997,blofin,AERO/USDT:USDT,0.8998,752.0,0.8994,12597.0,0.9,3351.0,0.9004,352.0
1753600271997,07:11:11.997,blofin,AERO/USDT:USDT,0.8998,751.0,0.8994,2.0,0.9,3351.0,0.9004,352.0
1753600272997,07:11:12.997,blofin,AERO/USDT:USDT,0.8998,752.0,0.8994,2.0,0.9,3351.0,0.9004,352.0
1753600274999,07:11:14.999,blofin,AERO/USDT:USDT,0.8998,754.0,0.8992,1037.0,0.9,3354.0,0.9007,719.0
1753600276002,07:11:16.002,blofin,AERO/USDT:USDT,0.8998,752.0,0.8993,13900.0,0.9,3354.0,0.9006,7806.0
1753600277002,07:11:17.002,blofin,AERO/USDT:USDT,0.8998,1163.0,0.8986,1209.0,0.9,3355.0,0.9012,1259.0
1753600278005,07:11:18.005,blofin,AERO/USDT:USDT,0.8998,1163.0,0.899,2336.0,0.9,3356.0,0.9009,9978.0
1753600279005,07:11:19.005,blofin,AERO/USDT:USDT,0.8998,1165.0,0.899,2336.0,0.9,3357.0,0.9009,9978.0
1753600280006,07:11:20.006,blofin,AERO/USDT:USDT,0.8998,1233.0,0.8987,11812.0,0.9,3357.0,0.9011,8445.0
1753600281006,07:11:21.006,blofin,AERO/USDT:USDT,0.8998,1233.0,0.8986,1209.0,0.9,3356.0,0.9012,847.0
1753600282008,07:11:22.008,blofin,AERO/USDT:USDT,0.8998,1301.0,0.8987,8989.0,0.9,3356.0,0.9012,9997.0
1753600283007,07:11:23.007,blofin,AERO/USDT:USDT,0.8998,1165.0,0.8986,1209.0,0.9,3356.0,0.9012,847.0
1753600284010,07:11:24.010,blofin,AERO/USDT:USDT,0.8998,1165.0,0.8986,1209.0,0.9,3356.0,0.9012,847.0
1753600285017,07:11:25.017,blofin,AERO/USDT:USDT,0.8998,435.0,0.8993,3259.0,0.9,3447.0,0.9006,6203.0
1753600286010,07:11:26.010,blofin,AERO/USDT:USDT,0.8998,534.0,0.8986,1209.0,0.9,3447.0,0.9012,848.0
1753600287726,07:11:27.726,blofin,AERO/USDT:USDT,0.8996,526.0,0.8994,7709.0,0.8998,3728.0,0.9,7.0
1753600288010,07:11:28.010,blofin,AERO/USDT:USDT,0.8995,172.0,0.8986,1209.0,0.8997,4196.0,0.9,7.0
1753600289012,07:11:29.012,blofin,AERO/USDT:USDT,0.8995,175.0,0.8986,1209.0,0.8997,4199.0,0.9,4.0
1753600290012,07:11:30.012,blofin,AERO/USDT:USDT,0.8995,175.0,0.8991,5264.0,0.8997,3499.0,0.9,4.0
1753600291012,07:11:31.012,blofin,AERO/USDT:USDT,0.8995,127.0,0.8989,5332.0,0.8997,3499.0,0.9,4.0
1753600291554,07:11:31.554,blofin,AERO/USDT:USDT,0.8995,3.0,0.8994,124.0,0.8997,3501.0,0.9,4.0
1753600292014,07:11:32.014,blofin,AERO/USDT:USDT,0.8995,3.0,0.8994,541.0,0.8997,3501.0,0.9,4.0
1753600293014,07:11:33.014,blofin,AERO/USDT:USDT,0.8995,3.0,0.8994,541.0,0.8997,3501.0,0.9,4.0
1753600294014,07:11:34.014,blofin,AERO/USDT:USDT,0.8994,545.0,0.8984,8781.0,0.8997,3498.0,0.9,4.0
1753600295015,07:11:35.015,blofin,AERO/USDT:USDT,0.8994,681.0,0.8984,5509.0,0.8997,3500.0,0.9,4.0
1753600296204,07:11:36.204,blofin,AERO/USDT:USDT,0.8994,5.0,0.8993,541.0,0.8996,3496.0,0.8997,4.0
1753600297017,07:11:37.017,blofin,AERO/USDT:USDT,0.8994,5.0,0.8993,634.0,0.8996,553.0,0.8997,4.0
1753600298017,07:11:38.017,blofin,AERO/USDT:USDT,0.8993,636.0,0.8989,14293.0,0.8996,553.0,0.8997,4.0
1753600299020,07:11:39.020,blofin,AERO/USDT:USDT,0.8993,636.0,0.8989,14293.0,0.8996,557.0,0.9,4.0
1753600301019,07:11:41.019,blofin,AERO/USDT:USDT,0.8993,799.0,0.8988,10892.0,0.8996,557.0,0.9,4.0
1753600302019,07:11:42.019,blofin,AERO/USDT:USDT,0.8993,863.0,0.8985,459.0,0.8996,557.0,0.9,4.0
1753600303027,07:11:43.027,blofin,AERO/USDT:USDT,0.8993,863.0,0.8985,459.0,0.8996,557.0,0.9,4.0
1753600304067,07:11:44.067,blofin,AERO/USDT:USDT,0.8993,868.0,0.8985,459.0,0.8996,559.0,0.9002,274.0
1753600304434,07:11:44.434,blofin,AERO/USDT:USDT,0.8994,862.0,0.8993,6.0,0.8996,7.0,0.8997,553.0
1753600305022,07:11:45.022,blofin,AERO/USDT:USDT,0.8994,968.0,0.8993,6.0,0.8996,7.0,0.8997,3505.0
1753600306023,07:11:46.023,blofin,AERO/USDT:USDT,0.8994,1104.0,0.8993,6.0,0.8996,7.0,0.8997,3505.0
1753600306106,07:11:46.106,blofin,AERO/USDT:USDT,0.8994,971.0,0.8993,5.0,0.8996,3512.0,0.9004,561.0
1753600306616,07:11:46.616,blofin,AERO/USDT:USDT,0.8994,163.0,0.8993,5.0,0.8996,7.0,0.8997,549.0
1753600307024,07:11:47.024,blofin,AERO/USDT:USDT,0.8994,712.0,0.8993,5.0,0.8996,7.0,0.8997,3505.0
1753600308034,07:11:48.034,blofin,AERO/USDT:USDT,0.8994,713.0,0.8993,5.0,0.8996,7.0,0.8997,3505.0
1753600309024,07:11:49.024,blofin,AERO/USDT:USDT,0.8994,710.0,0.8993,5.0,0.8996,3.0,0.8997,3506.0
1753600310024,07:11:50.024,blofin,AERO/USDT:USDT,0.8994,947.0,0.8993,5.0,0.8996,3.0,0.8997,3506.0
1753600310475,07:11:50.475,blofin,AERO/USDT:USDT,0.8994,947.0,0.8993,5.0,0.8996,3508.0,0.8997,4.0
1753600311027,07:11:51.027,blofin,AERO/USDT:USDT,0.8994,171.0,0.8993,5.0,0.8996,562.0,0.8997,4.0
1753600312028,07:11:52.028,blofin,AERO/USDT:USDT,0.8994,721.0,0.8993,5.0,0.8996,13.0,0.8997,4.0
1753600313028,07:11:53.028,blofin,AERO/USDT:USDT,0.8994,721.0,0.8993,5.0,0.8996,13.0,0.8997,4.0
1753600314029,07:11:54.029,blofin,AERO/USDT:USDT,0.8994,721.0,0.8993,5.0,0.8996,18.0,0.9008,867.0
1753600315028,07:11:55.028,blofin,AERO/USDT:USDT,0.8994,789.0,0.8993,5.0,0.8996,18.0,0.9008,872.0
1753600317029,07:11:57.029,blofin,AERO/USDT:USDT,0.8994,857.0,0.8993,5.0,0.8996,18.0,0.9008,872.0
1753600318030,07:11:58.030,blofin,AERO/USDT:USDT,0.8994,857.0,0.8993,5.0,0.8996,18.0,0.9008,872.0
1753600319030,07:11:59.030,blofin,AERO/USDT:USDT,0.8994,858.0,0.8993,5.0,0.8996,16.0,0.9008,872.0
1753600320030,07:12:00.030,blofin,AERO/USDT:USDT,0.8994,857.0,0.8993,5.0,0.8996,16.0,0.9008,867.0
1753600321034,07:12:01.034,blofin,AERO/USDT:USDT,0.8994,857.0,0.8993,5.0,0.8996,16.0,0.9004,6395.0
1753600322033,07:12:02.033,blofin,AERO/USDT:USDT,0.8994,172.0,0.8993,5.0,0.8996,563.0,0.9008,867.0
1753600323035,07:12:03.035,blofin,AERO/USDT:USDT,0.8994,172.0,0.8993,5.0,0.8996,563.0,0.9005,9090.0
1753600324034,07:12:04.034,blofin,AERO/USDT:USDT,0.8994,171.0,0.8993,5.0,0.8996,563.0,0.9005,9090.0
1753600325034,07:12:05.034,blofin,AERO/USDT:USDT,0.8994,171.0,0.8993,5.0,0.8996,563.0,0.8999,3632.0
1753600326035,07:12:06.035,blofin,AERO/USDT:USDT,0.8994,897.0,0.8993,5.0,0.8996,17.0,0.9007,10464.0
1753600327035,07:12:07.035,blofin,AERO/USDT:USDT,0.8994,968.0,0.8993,5.0,0.8996,17.0,0.9005,2525.0
1753600328040,07:12:08.040,blofin,AERO/USDT:USDT,0.8994,968.0,0.8993,5.0,0.8996,16.0,0.9001,7351.0
1753600329037,07:12:09.037,blofin,AERO/USDT:USDT,0.8994,967.0,0.8993,5.0,0.8996,14.0,0.9001,7351.0
1753600330038,07:12:10.038,blofin,AERO/USDT:USDT,0.8994,967.0,0.8993,5.0,0.8996,14.0,0.9001,6822.0
1753600331038,07:12:11.038,blofin,AERO/USDT:USDT,0.8994,899.0,0.8993,5.0,0.8996,14.0,0.9004,1384.0
1753600332038,07:12:12.038,blofin,AERO/USDT:USDT,0.8994,965.0,0.8993,5.0,0.8996,14.0,0.9008,853.0
1753600333045,07:12:13.045,blofin,AERO/USDT:USDT,0.8994,967.0,0.8993,5.0,0.8996,14.0,0.9008,853.0
1753600334051,07:12:14.051,blofin,AERO/USDT:USDT,0.8994,832.0,0.8993,5.0,0.8996,14.0,0.9008,853.0
1753600335043,07:12:15.043,blofin,AERO/USDT:USDT,0.8994,1442.0,0.8985,6754.0,0.8996,14.0,0.9005,4889.0
1753600336043,07:12:16.043,blofin,AERO/USDT:USDT,0.8994,1443.0,0.8986,2527.0,0.8996,14.0,0.9004,965.0
1753600337043,07:12:17.043,blofin,AERO/USDT:USDT,0.8994,1443.0,0.8991,8965.0,0.8996,18.0,0.8999,961.0
1753600338045,07:12:18.045,blofin,AERO/USDT:USDT,0.8994,1440.0,0.899,1990.0,0.8996,18.0,0.9001,5200.0
1753600339046,07:12:19.046,blofin,AERO/USDT:USDT,0.8994,1441.0,0.899,1990.0,0.8996,15.0,0.9001,5200.0
1753600340045,07:12:20.045,blofin,AERO/USDT:USDT,0.8994,902.0,0.8988,160.0,0.8996,553.0,0.9004,524.0
1753600341045,07:12:21.045,blofin,AERO/USDT:USDT,0.8994,902.0,0.8988,160.0,0.8996,14.0,0.9004,524.0
1753600342045,07:12:22.045,blofin,AERO/USDT:USDT,0.8994,902.0,0.899,336.0,0.8996,14.0,0.9001,11788.0
1753600343046,07:12:23.046,blofin,AERO/USDT:USDT,0.8994,904.0,0.8984,11268.0,0.8996,552.0,0.9004,524.0
1753600344047,07:12:24.047,blofin,AERO/USDT:USDT,0.8994,902.0,0.8984,11268.0,0.8996,553.0,0.9007,4163.0
1753600345049,07:12:25.049,blofin,AERO/USDT:USDT,0.8994,970.0,0.8983,1214.0,0.8996,15.0,0.9008,850.0
1753600346049,07:12:26.049,blofin,AERO/USDT:USDT,0.8994,970.0,0.8983,5674.0,0.8996,15.0,0.9007,9795.0
1753600347050,07:12:27.050,blofin,AERO/USDT:USDT,0.8994,973.0,0.8991,4460.0,0.8996,15.0,0.9,10899.0
1753600348052,07:12:28.052,blofin,AERO/USDT:USDT,0.8994,1043.0,0.8991,11822.0,0.8996,15.0,0.8999,7122.0
1753600349052,07:12:29.052,blofin,AERO/USDT:USDT,0.8994,1039.0,0.8991,11822.0,0.8996,16.0,0.8999,7122.0
1753600350052,07:12:30.052,blofin,AERO/USDT:USDT,0.8994,1523.0,0.8986,2097.0,0.8996,16.0,0.9004,7780.0
1753600351053,07:12:31.053,blofin,AERO/USDT:USDT,0.8994,1527.0,0.8987,3558.0,0.8996,16.0,0.9003,6068.0
1753600352056,07:12:32.056,blofin,AERO/USDT:USDT,0.8994,1527.0,0.8992,6525.0,0.8996,14.0,0.8999,9482.0
1753600353055,07:12:33.055,blofin,AERO/USDT:USDT,0.8994,1550.0,0.8991,3420.0,0.8996,14.0,0.8999,983.0
1753600354060,07:12:34.060,blofin,AERO/USDT:USDT,0.8994,1547.0,0.8991,3420.0,0.8996,15.0,0.8999,983.0
1753600355059,07:12:35.059,blofin,AERO/USDT:USDT,0.8994,1547.0,0.8984,233.0,0.8996,16.0,0.9003,267.0
1753600356059,07:12:36.059,blofin,AERO/USDT:USDT,0.8994,1524.0,0.8984,233.0,0.8996,16.0,0.9003,267.0
1753600357059,07:12:37.059,blofin,AERO/USDT:USDT,0.8994,1524.0,0.8984,233.0,0.8996,14.0,0.9003,267.0
1753600358063,07:12:38.063,blofin,AERO/USDT:USDT,0.8994,1673.0,0.8984,233.0,0.8996,14.0,0.9003,267.0
1753600359063,07:12:39.063,blofin,AERO/USDT:USDT,0.8994,1674.0,0.8983,1214.0,0.8996,15.0,0.9008,852.0
1753600360064,07:12:40.064,blofin,AERO/USDT:USDT,0.8994,1674.0,0.8989,8032.0,0.8996,15.0,0.9002,1020.0
1753600361067,07:12:41.067,blofin,AERO/USDT:USDT,0.8994,1674.0,0.8987,16152.0,0.8996,15.0,0.9003,2476.0
1753600362074,07:12:42.074,blofin,AERO/USDT:USDT,0.8994,1939.0,0.8987,14987.0,0.8996,15.0,0.9003,3815.0
1753600363065,07:12:43.065,blofin,AERO/USDT:USDT,0.8994,1939.0,0.8983,6687.0,0.8996,15.0,0.9006,17.0
1753600364079,07:12:44.079,blofin,AERO/USDT:USDT,0.8994,1945.0,0.8983,6687.0,0.8996,14.0,0.9006,17.0
1753600365076,07:12:45.076,blofin,AERO/USDT:USDT,0.8994,2475.0,0.8985,10328.0,0.8996,15.0,0.9006,5152.0
1753600366066,07:12:46.066,blofin,AERO/USDT:USDT,0.8994,2477.0,0.8983,1211.0,0.8996,15.0,0.9007,848.0
1753600367068,07:12:47.068,blofin,AERO/USDT:USDT,0.8994,2477.0,0.8989,12034.0,0.8996,13.0,0.9001,5894.0
1753600368068,07:12:48.068,blofin,AERO/USDT:USDT,0.8994,2477.0,0.8987,3152.0,0.8996,15.0,0.9003,2019.0
1753600369071,07:12:49.071,blofin,AERO/USDT:USDT,0.8994,2477.0,0.8987,3152.0,0.8996,15.0,0.9003,2019.0
1753600370069,07:12:50.069,blofin,AERO/USDT:USDT,0.8994,2477.0,0.8983,1211.0,0.8996,16.0,0.9007,1249.0
1753600371070,07:12:51.070,blofin,AERO/USDT:USDT,0.8994,2622.0,0.8983,1211.0,0.8996,519.0,0.9007,1249.0
1753600372071,07:12:52.071,blofin,AERO/USDT:USDT,0.8994,2624.0,0.899,3340.0,0.8996,519.0,0.9,3375.0
1753600372746,07:12:52.746,blofin,AERO/USDT:USDT,0.8995,2615.0,0.8994,6.0,0.8996,3.0,0.8997,516.0
1753600373072,07:12:53.072,blofin,AERO/USDT:USDT,0.8998,545.0,0.8995,8929.0,0.9,7.0,0.9003,219.0
1753600374073,07:12:54.073,blofin,AERO/USDT:USDT,0.8998,549.0,0.8995,8929.0,0.9,10.0,0.9003,219.0
1753600375073,07:12:55.073,blofin,AERO/USDT:USDT,0.8998,832.0,0.8995,10298.0,0.9,537.0,0.9003,1660.0
1753600375874,07:12:55.874,blofin,AERO/USDT:USDT,0.8998,1.0,0.8997,1.0,0.8999,1185.0,0.9,3.0
1753600376074,07:12:56.074,blofin,AERO/USDT:USDT,0.8998,1.0,0.8997,9.0,0.8999,792.0,0.9,3.0
1753600377075,07:12:57.075,blofin,AERO/USDT:USDT,0.8998,1.0,0.8997,9.0,0.8999,645.0,0.9,3.0
1753600378076,07:12:58.076,blofin,AERO/USDT:USDT,0.8998,1.0,0.8997,9.0,0.8999,1174.0,0.9006,48.0
1753600379078,07:12:59.078,blofin,AERO/USDT:USDT,0.8997,12.0,0.8994,4.0,0.8999,1173.0,0.901,8123.0
1753600380078,07:13:00.078,blofin,AERO/USDT:USDT,0.8997,12.0,0.8994,4.0,0.8999,1587.0,0.901,860.0
1753600381081,07:13:01.081,blofin,AERO/USDT:USDT,0.8997,12.0,0.8994,4.0,0.8999,1587.0,0.901,3850.0
1753600382080,07:13:02.080,blofin,AERO/USDT:USDT,0.8997,12.0,0.8994,4.0,0.8999,1590.0,0.9007,4752.0
1753600383082,07:13:03.082,blofin,AERO/USDT:USDT,0.8997,498.0,0.8994,4.0,0.8999,1638.0,0.901,860.0
1753600384081,07:13:04.081,blofin,AERO/USDT:USDT,0.8997,497.0,0.8994,4.0,0.8999,1638.0,0.901,860.0
1753600385083,07:13:05.083,blofin,AERO/USDT:USDT,0.8997,497.0,0.8994,4.0,0.8999,1570.0,0.901,848.0
1753600386082,07:13:06.082,blofin,AERO/USDT:USDT,0.8997,497.0,0.8994,4.0,0.8999,1570.0,0.901,848.0
1753600387083,07:13:07.083,blofin,AERO/USDT:USDT,0.8997,497.0,0.8994,4.0,0.8999,1569.0,0.9009,9024.0
1753600388085,07:13:08.085,blofin,AERO/USDT:USDT,0.8997,497.0,0.8994,4.0,0.8999,1154.0,0.901,848.0
1753600389087,07:13:09.087,blofin,AERO/USDT:USDT,0.8997,496.0,0.8994,4.0,0.8999,1154.0,0.901,848.0
1753600390086,07:13:10.086,blofin,AERO/USDT:USDT,0.8997,496.0,0.8994,4.0,0.8999,1155.0,0.901,855.0
1753600391087,07:13:11.087,blofin,AERO/USDT:USDT,0.8997,506.0,0.8994,4.0,0.8999,1155.0,0.9008,1395.0
1753600392089,07:13:12.089,blofin,AERO/USDT:USDT,0.8997,505.0,0.8994,4.0,0.8999,1157.0,0.9006,6596.0
1753600393093,07:13:13.093,blofin,AERO/USDT:USDT,0.8997,1048.0,0.8995,3424.0,0.8999,532.0,0.9002,9052.0
1753600394101,07:13:14.101,blofin,AERO/USDT:USDT,0.8997,1050.0,0.8995,3424.0,0.8999,531.0,0.9002,9052.0
1753600395089,07:13:15.089,blofin,AERO/USDT:USDT,0.8997,1118.0,0.8993,5613.0,0.8999,530.0,0.9004,6332.0
1753600396090,07:13:16.090,blofin,AERO/USDT:USDT,0.8997,1118.0,0.8992,394.0,0.8999,530.0,0.9005,262.0
1753600397091,07:13:17.091,blofin,AERO/USDT:USDT,0.8997,1118.0,0.8992,394.0,0.8999,530.0,0.9005,262.0
1753600398093,07:13:18.093,blofin,AERO/USDT:USDT,0.8997,1118.0,0.8992,394.0,0.8999,530.0,0.9005,262.0
1753600399096,07:13:19.096,blofin,AERO/USDT:USDT,0.8997,1122.0,0.8992,394.0,0.8999,531.0,0.9005,262.0
1753600400094,07:13:20.094,blofin,AERO/USDT:USDT,0.8997,1054.0,0.8992,394.0,0.8999,530.0,0.9005,262.0
1753600401095,07:13:21.095,blofin,AERO/USDT:USDT,0.8997,1054.0,0.8992,394.0,0.8999,530.0,0.9005,262.0
1753600402095,07:13:22.095,blofin,AERO/USDT:USDT,0.8997,512.0,0.8992,394.0,0.8999,1224.0,0.9005,262.0
1753600403096,07:13:23.096,blofin,AERO/USDT:USDT,0.8997,512.0,0.8995,5103.0,0.8999,1065.0,0.9001,1791.0
1753600404098,07:13:24.098,blofin,AERO/USDT:USDT,0.8997,508.0,0.8995,5103.0,0.8999,1068.0,0.9001,1791.0
1753600405099,07:13:25.099,blofin,AERO/USDT:USDT,0.8997,1043.0,0.8995,4648.0,0.8999,533.0,0.9002,6663.0
1753600406099,07:13:26.099,blofin,AERO/USDT:USDT,0.8997,1104.0,0.8992,394.0,0.8999,533.0,0.9005,262.0
1753600407101,07:13:27.101,blofin,AERO/USDT:USDT,0.8997,1104.0,0.8992,394.0,0.8999,533.0,0.9005,262.0
1753600408100,07:13:28.100,blofin,AERO/USDT:USDT,0.8997,1104.0,0.8992,7923.0,0.8999,533.0,0.9004,11937.0
1753600409100,07:13:29.100,blofin,AERO/USDT:USDT,0.8997,1106.0,0.8992,7923.0,0.8999,529.0,0.9004,11937.0
1753600410101,07:13:30.101,blofin,AERO/USDT:USDT,0.8997,1040.0,0.8992,394.0,0.8999,529.0,0.9005,262.0
1753600411104,07:13:31.104,blofin,AERO/USDT:USDT,0.8997,1040.0,0.8992,394.0,0.8999,530.0,0.9005,262.0
1753600412103,07:13:32.103,blofin,AERO/USDT:USDT,0.8997,1108.0,0.8992,394.0,0.8999,530.0,0.9005,262.0
1753600413106,07:13:33.106,blofin,AERO/USDT:USDT,0.8997,1107.0,0.8992,394.0,0.8999,530.0,0.9005,262.0
1753600414106,07:13:34.106,blofin,AERO/USDT:USDT,0.8997,1106.0,0.8992,394.0,0.8999,529.0,0.9005,262.0
1753600416108,07:13:36.108,blofin,AERO/USDT:USDT,0.8997,1107.0,0.8992,394.0,0.8999,533.0,0.9005,1648.0
1753600417110,07:13:37.110,blofin,AERO/USDT:USDT,0.8997,1107.0,0.8992,394.0,0.8999,530.0,0.9005,262.0
1753600418113,07:13:38.113,blofin,AERO/USDT:USDT,0.8997,1107.0,0.8992,394.0,0.8999,530.0,0.9005,262.0
1753600419111,07:13:39.111,blofin,AERO/USDT:USDT,0.8997,1106.0,0.8992,394.0,0.8999,533.0,0.9005,262.0
1753600420111,07:13:40.111,blofin,AERO/USDT:USDT,0.8997,1106.0,0.8992,394.0,0.8999,533.0,0.9005,262.0
1753600421111,07:13:41.111,blofin,AERO/USDT:USDT,0.8997,1108.0,0.8992,394.0,0.8999,533.0,0.9005,262.0
1753600422112,07:13:42.112,blofin,AERO/USDT:USDT,0.8997,1108.0,0.8995,10579.0,0.8999,533.0,0.9001,4790.0
1753600423112,07:13:43.112,blofin,AERO/USDT:USDT,0.8997,1303.0,0.8992,394.0,0.8999,529.0,0.9005,262.0
1753600424127,07:13:44.127,blofin,AERO/USDT:USDT,0.8997,1301.0,0.8993,2205.0,0.8999,529.0,0.9004,860.0
1753600425114,07:13:45.114,blofin,AERO/USDT:USDT,0.8997,1522.0,0.8991,14.0,0.8999,533.0,0.901,834.0
1753600426114,07:13:46.114,blofin,AERO/USDT:USDT,0.8997,1605.0,0.8991,14.0,0.8999,533.0,0.9006,8396.0
1753600427116,07:13:47.116,blofin,AERO/USDT:USDT,0.8997,1623.0,0.8986,2530.0,0.8999,533.0,0.901,834.0
1753600428118,07:13:48.118,blofin,AERO/USDT:USDT,0.8997,1623.0,0.8994,2579.0,0.8999,533.0,0.9002,4635.0
1753600429121,07:13:49.121,blofin,AERO/USDT:USDT,0.8997,1627.0,0.8994,2579.0,0.8999,533.0,0.9002,4635.0
1753600430115,07:13:50.115,blofin,AERO/USDT:USDT,0.8997,1664.0,0.8993,11492.0,0.8999,533.0,0.9004,5747.0
1753600431116,07:13:51.116,blofin,AERO/USDT:USDT,0.8997,1744.0,0.8988,7278.0,0.8999,533.0,0.9007,376.0
1753600432118,07:13:52.118,blofin,AERO/USDT:USDT,0.8997,1744.0,0.8995,3966.0,0.8999,533.0,0.9002,3968.0
1753600433181,07:13:53.181,blofin,AERO/USDT:USDT,0.8997,1886.0,0.8988,11773.0,0.8999,533.0,0.9004,536.0
1753600434119,07:13:54.119,blofin,AERO/USDT:USDT,0.8997,1886.0,0.8988,11563.0,0.8999,531.0,0.9009,8384.0
1753600435120,07:13:55.120,blofin,AERO/USDT:USDT,0.8997,1883.0,0.8986,1191.0,0.8999,531.0,0.901,834.0
1753600436120,07:13:56.120,blofin,AERO/USDT:USDT,0.8997,1883.0,0.8992,297.0,0.8999,531.0,0.9004,433.0
1753600437120,07:13:57.120,blofin,AERO/USDT:USDT,0.8997,1883.0,0.8992,3017.0,0.8999,529.0,0.9005,167.0
1753600438121,07:13:58.121,blofin,AERO/USDT:USDT,0.8997,1907.0,0.8986,1191.0,0.8999,529.0,0.901,834.0
1753600439122,07:13:59.122,blofin,AERO/USDT:USDT,0.8997,1909.0,0.8986,1191.0,0.8999,532.0,0.901,834.0
1753600440124,07:14:00.124,blofin,AERO/USDT:USDT,0.8997,2240.0,0.8994,4340.0,0.8999,533.0,0.9003,1574.0
1753600441123,07:14:01.123,blofin,AERO/USDT:USDT,0.8997,2237.0,0.8987,6555.0,0.8999,533.0,0.9009,1845.0
1753600442125,07:14:02.125,blofin,AERO/USDT:USDT,0.8997,2237.0,0.899,13910.0,0.8999,532.0,0.9006,6729.0
1753600443127,07:14:03.127,blofin,AERO/USDT:USDT,0.8997,2351.0,0.8994,8919.0,0.8999,417.0,0.9002,7868.0
1753600444127,07:14:04.127,blofin,AERO/USDT:USDT,0.8997,2351.0,0.8994,8919.0,0.8999,417.0,0.9002,7868.0
1753600445132,07:14:05.132,blofin,AERO/USDT:USDT,0.8997,1432.0,0.8991,204.0,0.8999,417.0,0.9006,386.0
1753600446130,07:14:06.130,blofin,AERO/USDT:USDT,0.8997,1432.0,0.8986,1821.0,0.8999,417.0,0.9006,386.0
1753600447130,07:14:07.130,blofin,AERO/USDT:USDT,0.8997,1432.0,0.8991,10017.0,0.8999,418.0,0.9005,8743.0
1753600448130,07:14:08.130,blofin,AERO/USDT:USDT,0.8997,1430.0,0.8987,7082.0,0.8999,418.0,0.9006,386.0
1753600449130,07:14:09.130,blofin,AERO/USDT:USDT,0.8997,1430.0,0.8987,7082.0,0.8999,419.0,0.901,4574.0
1753600450131,07:14:10.131,blofin,AERO/USDT:USDT,0.8997,1430.0,0.8986,1191.0,0.8999,419.0,0.901,834.0
1753600451131,07:14:11.131,blofin,AERO/USDT:USDT,0.8997,1430.0,0.899,9710.0,0.8999,485.0,0.9006,7292.0
1753600452133,07:14:12.133,blofin,AERO/USDT:USDT,0.8997,1431.0,0.8986,1191.0,0.8999,418.0,0.901,834.0
1753600453132,07:14:13.132,blofin,AERO/USDT:USDT,0.8997,1432.0,0.8987,1184.0,0.8999,418.0,0.9009,8050.0
1753600454146,07:14:14.146,blofin,AERO/USDT:USDT,0.8997,1428.0,0.8987,1184.0,0.8999,418.0,0.9009,8050.0
1753600455132,07:14:15.132,blofin,AERO/USDT:USDT,0.8997,894.0,0.8994,7009.0,0.8999,1037.0,0.9002,4663.0
1753600456135,07:14:16.135,blofin,AERO/USDT:USDT,0.8997,894.0,0.8986,1191.0,0.8999,419.0,0.901,834.0
1753600457133,07:14:17.133,blofin,AERO/USDT:USDT,0.8997,893.0,0.8986,1191.0,0.8999,419.0,0.901,834.0
1753600458093,07:14:18.093,blofin,AERO/USDT:USDT,0.8997,893.0,0.8993,3523.0,0.8999,2.0,0.9,413.0
1753600458172,07:14:18.172,blofin,AERO/USDT:USDT,0.8997,892.0,0.8994,13670.0,0.8999,415.0,0.9003,5857.0
1753600460136,07:14:20.136,blofin,AERO/USDT:USDT,0.8997,895.0,0.8992,212.0,0.8999,1015.0,0.901,834.0
1753600461137,07:14:21.137,blofin,AERO/USDT:USDT,0.8997,892.0,0.8992,212.0,0.8999,1015.0,0.901,834.0
1753600462138,07:14:22.138,blofin,AERO/USDT:USDT,0.8997,892.0,0.8992,212.0,0.8999,943.0,0.9008,447.0
1753600463140,07:14:23.140,blofin,AERO/USDT:USDT,0.8997,960.0,0.8992,212.0,0.8999,946.0,0.901,9302.0
1753600465141,07:14:25.141,blofin,AERO/USDT:USDT,0.8997,962.0,0.8987,2178.0,0.8999,946.0,0.9009,2277.0
1753600466141,07:14:26.141,blofin,AERO/USDT:USDT,0.8997,962.0,0.8986,2089.0,0.8999,956.0,0.901,834.0
1753600467141,07:14:27.141,blofin,AERO/USDT:USDT,0.8997,894.0,0.8989,4975.0,0.8999,956.0,0.9007,9540.0
1753600468143,07:14:28.143,blofin,AERO/USDT:USDT,0.8997,894.0,0.8986,16959.0,0.8999,956.0,0.901,10508.0
1753600469144,07:14:29.144,blofin,AERO/USDT:USDT,0.8997,892.0,0.8986,16959.0,0.8999,956.0,0.901,10508.0
1753600470147,07:14:30.147,blofin,AERO/USDT:USDT,0.8997,892.0,0.8992,10166.0,0.8999,1021.0,0.9005,5682.0
1753600471147,07:14:31.147,blofin,AERO/USDT:USDT,0.8997,892.0,0.8991,11290.0,0.8999,1806.0,0.9006,9888.0
1753600472148,07:14:32.148,blofin,AERO/USDT:USDT,0.8997,892.0,0.8993,2716.0,0.8999,2659.0,0.9003,6924.0
1753600472605,07:14:32.605,blofin,AERO/USDT:USDT,0.8994,890.0,0.8986,8422.0,0.8997,2874.0,0.8999,5.0
1753600473146,07:14:33.146,blofin,AERO/USDT:USDT,0.8994,609.0,0.8986,1191.0,0.8996,2025.0,0.8999,5.0
1753600474147,07:14:34.147,blofin,AERO/USDT:USDT,0.8994,610.0,0.8986,1191.0,0.8996,2026.0,0.8999,1.0
1753600476147,07:14:36.147,blofin,AERO/USDT:USDT,0.8994,614.0,0.899,4587.0,0.8996,1563.0,0.8999,1.0
1753600477147,07:14:37.147,blofin,AERO/USDT:USDT,0.8994,610.0,0.8983,1883.0,0.8996,1563.0,0.8999,1.0
1753600478149,07:14:38.149,blofin,AERO/USDT:USDT,0.8994,612.0,0.899,5847.0,0.8996,1427.0,0.8999,1.0
1753600479152,07:14:39.152,blofin,AERO/USDT:USDT,0.8994,610.0,0.899,5847.0,0.8996,1429.0,0.8999,1.0
1753600480152,07:14:40.152,blofin,AERO/USDT:USDT,0.8994,610.0,0.8987,2610.0,0.8996,1076.0,0.8999,1.0
1753600481152,07:14:41.152,blofin,AERO/USDT:USDT,0.8994,614.0,0.8983,1883.0,0.8996,1008.0,0.8999,1.0
1753600482157,07:14:42.157,blofin,AERO/USDT:USDT,0.8994,614.0,0.8992,1011.0,0.8996,1144.0,0.8999,8565.0
1753600483156,07:14:43.156,blofin,AERO/USDT:USDT,0.8994,624.0,0.899,339.0,0.8996,1144.0,0.8999,1.0
1753600483365,07:14:43.365,blofin,AERO/USDT:USDT,0.8994,2.0,0.8993,619.0,0.8995,1562.0,0.8996,3.0
1753600483416,07:14:43.416,blofin,AERO/USDT:USDT,0.899,958.0,0.8983,1883.0,0.8992,1562.0,0.8996,3.0
1753600483867,07:14:43.867,blofin,AERO/USDT:USDT,0.899,339.0,0.8989,122.0,0.8991,1209.0,0.8996,3.0
1753600484168,07:14:44.168,blofin,AERO/USDT:USDT,0.899,339.0,0.8989,125.0,0.8991,1212.0,0.8996,3.0
1753600485156,07:14:45.156,blofin,AERO/USDT:USDT,0.8989,15.0,0.8981,5322.0,0.8991,4115.0,0.9,13331.0
1753600485906,07:14:45.906,blofin,AERO/USDT:USDT,0.8987,19.0,0.8981,3344.0,0.8989,2871.0,0.8991,7.0
1753600486167,07:14:46.167,blofin,AERO/USDT:USDT,0.8987,13.0,0.8979,3770.0,0.8989,1980.0,0.8991,7.0
1753600487163,07:14:47.163,blofin,AERO/USDT:USDT,0.8987,13.0,0.8978,1480.0,0.8989,1434.0,0.8991,3.0
1753600488164,07:14:48.164,blofin,AERO/USDT:USDT,0.8987,17.0,0.8984,6062.0,0.8989,971.0,0.8991,3.0
1753600489164,07:14:49.164,blofin,AERO/USDT:USDT,0.8987,18.0,0.8984,6062.0,0.8989,970.0,0.8991,3.0
1753600490164,07:14:50.164,blofin,AERO/USDT:USDT,0.8987,18.0,0.8983,5859.0,0.8989,2351.0,0.8991,3.0
1753600491224,07:14:51.224,blofin,AERO/USDT:USDT,0.8987,3.0,0.8986,13.0,0.8988,2238.0,0.8989,3.0
1753600492169,07:14:52.169,blofin,AERO/USDT:USDT,0.8985,7.0,0.898,671.0,0.8987,880.0,0.8989,3.0
1753600493167,07:14:53.167,blofin,AERO/USDT:USDT,0.8985,7.0,0.898,671.0,0.8987,881.0,0.8991,3.0
1753600494168,07:14:54.168,blofin,AERO/USDT:USDT,0.8985,11.0,0.8978,6136.0,0.8987,883.0,0.8991,3.0
1753600495168,07:14:55.168,blofin,AERO/USDT:USDT,0.8985,10.0,0.8978,1311.0,0.8987,1911.0,0.8991,3.0
1753600495323,07:14:55.323,blofin,AERO/USDT:USDT,0.8985,2.0,0.8983,7.0,0.8987,1911.0,0.8991,3.0
1753600496168,07:14:56.168,blofin,AERO/USDT:USDT,0.8983,7.0,0.8978,1311.0,0.8985,1214.0,0.8987,3.0
1753600497168,07:14:57.168,blofin,AERO/USDT:USDT,0.8983,7.0,0.8981,719.0,0.8985,1654.0,0.8987,9210.0
1753600498170,07:14:58.170,blofin,AERO/USDT:USDT,0.8983,7.0,0.8978,1311.0,0.8985,2073.0,0.8991,3.0
1753600499171,07:14:59.171,blofin,AERO/USDT:USDT,0.8983,8.0,0.8978,1311.0,0.8985,2075.0,0.8991,3.0
1753600500172,07:15:00.172,blofin,AERO/USDT:USDT,0.8983,555.0,0.8978,1311.0,0.8985,1341.0,0.8991,3.0
1753600501171,07:15:01.171,blofin,AERO/USDT:USDT,0.8983,619.0,0.8978,1311.0,0.8985,943.0,0.8991,3.0
1753600502173,07:15:02.173,blofin,AERO/USDT:USDT,0.8983,557.0,0.8978,1311.0,0.8985,943.0,0.8991,3.0
1753600503173,07:15:03.173,blofin,AERO/USDT:USDT,0.8983,9.0,0.8979,4142.0,0.8985,1181.0,0.899,12780.0
1753600504175,07:15:04.175,blofin,AERO/USDT:USDT,0.8983,12.0,0.8979,4142.0,0.8985,1182.0,0.899,12780.0
1753600505173,07:15:05.173,blofin,AERO/USDT:USDT,0.8983,562.0,0.8978,1311.0,0.8985,1054.0,0.8991,3.0
1753600506174,07:15:06.174,blofin,AERO/USDT:USDT,0.8983,626.0,0.8978,1311.0,0.8985,944.0,0.8991,3.0
1753600507176,07:15:07.176,blofin,AERO/USDT:USDT,0.8983,561.0,0.8978,1311.0,0.8985,944.0,0.8991,3.0
1753600508178,07:15:08.178,blofin,AERO/USDT:USDT,0.8983,561.0,0.8978,11244.0,0.8985,946.0,0.8991,11346.0
1753600509180,07:15:09.180,blofin,AERO/USDT:USDT,0.8983,562.0,0.8978,11244.0,0.8985,942.0,0.8991,11346.0
1753600510179,07:15:10.179,blofin,AERO/USDT:USDT,0.8983,10.0,0.8978,1311.0,0.8985,1491.0,0.8991,3.0
1753600511183,07:15:11.183,blofin,AERO/USDT:USDT,0.8983,10.0,0.8979,5640.0,0.8985,2609.0,0.899,13748.0
1753600512184,07:15:12.184,blofin,AERO/USDT:USDT,0.8983,695.0,0.8978,1311.0,0.8985,1620.0,0.8991,3.0
1753600513181,07:15:13.181,blofin,AERO/USDT:USDT,0.8983,695.0,0.8978,1311.0,0.8985,963.0,0.8991,3.0
1753600514201,07:15:14.201,blofin,AERO/USDT:USDT,0.8983,699.0,0.8974,10476.0,0.8985,964.0,0.8994,12181.0
1753600515184,07:15:15.184,blofin,AERO/USDT:USDT,0.8983,701.0,0.8977,6460.0,0.8985,964.0,0.8991,12120.0
1753600516184,07:15:16.184,blofin,AERO/USDT:USDT,0.8983,700.0,0.8979,6002.0,0.8985,976.0,0.899,3015.0
1753600517186,07:15:17.186,blofin,AERO/USDT:USDT,0.8983,764.0,0.8976,6158.0,0.8985,973.0,0.8992,5288.0
1753600518185,07:15:18.185,blofin,AERO/USDT:USDT,0.8983,764.0,0.898,8664.0,0.8985,973.0,0.8989,2681.0
1753600519187,07:15:19.187,blofin,AERO/USDT:USDT,0.8983,763.0,0.898,8664.0,0.8985,975.0,0.8989,2681.0
1753600520187,07:15:20.187,blofin,AERO/USDT:USDT,0.8983,14.0,0.8973,133.0,0.8985,1103.0,0.8991,534.0
1753600521189,07:15:21.189,blofin,AERO/USDT:USDT,0.8983,14.0,0.8973,133.0,0.8985,1873.0,0.8991,534.0
1753600522192,07:15:22.192,blofin,AERO/USDT:USDT,0.8983,14.0,0.898,421.0,0.8985,2426.0,0.8989,5725.0
1753600523190,07:15:23.190,blofin,AERO/USDT:USDT,0.8983,14.0,0.8973,133.0,0.8985,2535.0,0.8991,534.0
1753600524191,07:15:24.191,blofin,AERO/USDT:USDT,0.8983,15.0,0.8971,1191.0,0.8985,2531.0,0.8996,314.0
1753600525193,07:15:25.193,blofin,AERO/USDT:USDT,0.8983,12.0,0.8971,1191.0,0.8985,2531.0,0.8996,314.0
1753600526192,07:15:26.192,blofin,AERO/USDT:USDT,0.8983,13.0,0.8978,8482.0,0.8985,3020.0,0.899,2791.0
1753600527195,07:15:27.195,blofin,AERO/USDT:USDT,0.8983,13.0,0.8971,1191.0,0.8985,3023.0,0.8996,314.0
1753600529196,07:15:29.196,blofin,AERO/USDT:USDT,0.8983,16.0,0.8976,193.0,0.8985,3732.0,0.8993,18443.0
1753600530197,07:15:30.197,blofin,AERO/USDT:USDT,0.8983,16.0,0.8981,3741.0,0.8985,3736.0,0.8987,1760.0
1753600531200,07:15:31.200,blofin,AERO/USDT:USDT,0.8983,14.0,0.8971,1191.0,0.8985,3626.0,0.8995,125.0
1753600532197,07:15:32.197,blofin,AERO/USDT:USDT,0.8983,14.0,0.8977,717.0,0.8985,2441.0,0.8992,7532.0
1753600533199,07:15:33.199,blofin,AERO/USDT:USDT,0.8983,14.0,0.8971,1191.0,0.8985,2330.0,0.8996,314.0
1753600534199,07:15:34.199,blofin,AERO/USDT:USDT,0.8983,15.0,0.8971,1191.0,0.8985,2327.0,0.8996,314.0
1753600535199,07:15:35.199,blofin,AERO/USDT:USDT,0.8983,14.0,0.8972,6511.0,0.8985,3253.0,0.8996,7861.0
1753600536199,07:15:36.199,blofin,AERO/USDT:USDT,0.8983,14.0,0.8976,7432.0,0.8985,3096.0,0.8992,597.0
1753600537202,07:15:37.202,blofin,AERO/USDT:USDT,0.8983,15.0,0.8979,9605.0,0.8985,3096.0,0.8989,6895.0
1753600538201,07:15:38.201,blofin,AERO/USDT:USDT,0.8983,15.0,0.8973,679.0,0.8985,3102.0,0.8996,314.0
1753600539203,07:15:39.203,blofin,AERO/USDT:USDT,0.8983,12.0,0.8971,1191.0,0.8985,3106.0,0.8996,314.0
1753600540201,07:15:40.201,blofin,AERO/USDT:USDT,0.8983,14.0,0.8971,1191.0,0.8985,3100.0,0.8996,314.0
1753600541202,07:15:41.202,blofin,AERO/USDT:USDT,0.8983,14.0,0.8981,561.0,0.8985,3105.0,0.8988,10444.0
1753600542203,07:15:42.203,blofin,AERO/USDT:USDT,0.8983,13.0,0.8973,4499.0,0.8985,3105.0,0.8995,17180.0
1753600543204,07:15:43.204,blofin,AERO/USDT:USDT,0.8983,13.0,0.898,816.0,0.8985,3105.0,0.8989,2847.0
1753600544218,07:15:44.218,blofin,AERO/USDT:USDT,0.8983,11.0,0.898,816.0,0.8985,3105.0,0.8989,2847.0
1753600545205,07:15:45.205,blofin,AERO/USDT:USDT,0.8983,14.0,0.8978,311.0,0.8985,2896.0,0.8991,734.0
1753600546206,07:15:46.206,blofin,AERO/USDT:USDT,0.8983,14.0,0.8978,311.0,0.8985,2896.0,0.8991,734.0
1753600547210,07:15:47.210,blofin,AERO/USDT:USDT,0.8983,14.0,0.8978,311.0,0.8985,2786.0,0.8991,734.0
1753600548210,07:15:48.210,blofin,AERO/USDT:USDT,0.8983,14.0,0.8978,8613.0,0.8985,2896.0,0.8991,5788.0
1753600549207,07:15:49.207,blofin,AERO/USDT:USDT,0.8981,37.0,0.8978,311.0,0.8983,2083.0,0.8985,1.0
1753600550208,07:15:50.208,blofin,AERO/USDT:USDT,0.8981,21.0,0.8978,311.0,0.8983,1988.0,0.8985,1.0
1753600551211,07:15:51.211,blofin,AERO/USDT:USDT,0.8981,10.0,0.8978,311.0,0.8983,1813.0,0.8985,1.0
1753600552215,07:15:52.215,blofin,AERO/USDT:USDT,0.8981,10.0,0.8978,311.0,0.8983,1813.0,0.8985,1.0
1753600553212,07:15:53.212,blofin,AERO/USDT:USDT,0.8981,713.0,0.8978,12952.0,0.8983,931.0,0.8985,1.0
1753600554214,07:15:54.214,blofin,AERO/USDT:USDT,0.8981,715.0,0.8978,12952.0,0.8983,927.0,0.8985,1.0
1753600555215,07:15:55.215,blofin,AERO/USDT:USDT,0.8981,564.0,0.8978,311.0,0.8983,1208.0,0.8985,1.0
1753600556214,07:15:56.214,blofin,AERO/USDT:USDT,0.8981,932.0,0.8978,311.0,0.8983,988.0,0.8985,1.0
1753600557215,07:15:57.215,blofin,AERO/USDT:USDT,0.8981,932.0,0.8978,311.0,0.8983,991.0,0.8985,1.0
1753600558216,07:15:58.216,blofin,AERO/USDT:USDT,0.8981,932.0,0.8978,311.0,0.8983,991.0,0.8985,1.0
1753600559216,07:15:59.216,blofin,AERO/USDT:USDT,0.8981,929.0,0.8978,311.0,0.8983,988.0,0.8985,1.0
1753600560217,07:16:00.217,blofin,AERO/USDT:USDT,0.8981,928.0,0.8978,311.0,0.8983,517.0,0.8985,1.0
1753600561217,07:16:01.217,blofin,AERO/USDT:USDT,0.8981,931.0,0.8978,311.0,0.8983,517.0,0.8985,1.0
1753600561767,07:16:01.767,blofin,AERO/USDT:USDT,0.8983,927.0,0.8981,4.0,0.8985,517.0,0.8989,4416.0
1753600562217,07:16:02.217,blofin,AERO/USDT:USDT,0.8983,1133.0,0.8981,4.0,0.8985,98.0,0.8991,734.0
1753600563218,07:16:03.218,blofin,AERO/USDT:USDT,0.8983,1110.0,0.8981,4.0,0.8985,343.0,0.8991,734.0
1753600564220,07:16:04.220,blofin,AERO/USDT:USDT,0.8983,1113.0,0.8978,311.0,0.8985,345.0,0.8991,734.0
1753600565219,07:16:05.219,blofin,AERO/USDT:USDT,0.8983,1113.0,0.8978,311.0,0.8985,345.0,0.8991,734.0
1753600566222,07:16:06.222,blofin,AERO/USDT:USDT,0.8983,1049.0,0.8978,311.0,0.8985,345.0,0.8991,734.0
1753600567221,07:16:07.221,blofin,AERO/USDT:USDT,0.8983,6138.0,0.8978,311.0,0.8985,336.0,0.8991,734.0
1753600567367,07:16:07.367,blofin,AERO/USDT:USDT,0.8984,6110.0,0.8983,5.0,0.8985,4.0,0.8986,332.0
1753600568223,07:16:08.223,blofin,AERO/USDT:USDT,0.8984,1487.0,0.8983,5.0,0.8985,4.0,0.8986,12.0
1753600568867,07:16:08.867,blofin,AERO/USDT:USDT,0.8984,1488.0,0.8982,1494.0,0.8985,4.0,0.8987,12.0
1753600569226,07:16:09.226,blofin,AERO/USDT:USDT,0.8985,1492.0,0.8978,311.0,0.8987,14.0,0.8991,734.0
1753600570225,07:16:10.225,blofin,AERO/USDT:USDT,0.8985,1057.0,0.8978,311.0,0.8987,7.0,0.8991,734.0
1753600571224,07:16:11.224,blofin,AERO/USDT:USDT,0.8985,1053.0,0.8982,19543.0,0.8987,7.0,0.899,2897.0
1753600572227,07:16:12.227,blofin,AERO/USDT:USDT,0.8985,991.0,0.8978,311.0,0.8987,7.0,0.8991,734.0
1753600573227,07:16:13.227,blofin,AERO/USDT:USDT,0.8985,989.0,0.8978,14885.0,0.8987,7.0,0.8991,734.0
1753600573883,07:16:13.883,blofin,AERO/USDT:USDT,0.8987,1075.0,0.8985,1.0,0.8989,6.0,0.8991,734.0
1753600574240,07:16:14.240,blofin,AERO/USDT:USDT,0.8988,1080.0,0.8985,1.0,0.899,13.0,0.8994,2631.0
1753600575229,07:16:15.229,blofin,AERO/USDT:USDT,0.8988,555.0,0.8985,2279.0,0.899,27.0,0.8994,7294.0
1753600576229,07:16:16.229,blofin,AERO/USDT:USDT,0.8988,554.0,0.8981,1001.0,0.899,27.0,0.8996,152.0
1753600577229,07:16:17.229,blofin,AERO/USDT:USDT,0.8988,555.0,0.8983,12973.0,0.899,39.0,0.8995,9062.0
1753600578232,07:16:18.232,blofin,AERO/USDT:USDT,0.8988,555.0,0.898,17151.0,0.899,39.0,0.8996,152.0
1753600579231,07:16:19.231,blofin,AERO/USDT:USDT,0.8988,552.0,0.898,17151.0,0.899,40.0,0.8999,1045.0
1753600580232,07:16:20.232,blofin,AERO/USDT:USDT,0.8988,552.0,0.8976,3022.0,0.899,40.0,0.8999,95.0
1753600581234,07:16:21.234,blofin,AERO/USDT:USDT,0.8988,1022.0,0.8982,9266.0,0.899,43.0,0.8997,2659.0
1753600582234,07:16:22.234,blofin,AERO/USDT:USDT,0.8988,1022.0,0.8976,3022.0,0.899,42.0,0.8999,95.0
1753600584237,07:16:24.237,blofin,AERO/USDT:USDT,0.8988,1024.0,0.8984,17011.0,0.899,39.0,0.8994,6084.0
1753600585235,07:16:25.235,blofin,AERO/USDT:USDT,0.8988,1025.0,0.8986,3655.0,0.899,148.0,0.8993,4071.0
1753600586237,07:16:26.237,blofin,AERO/USDT:USDT,0.8988,1025.0,0.8986,13863.0,0.899,148.0,0.8992,5058.0
1753600587245,07:16:27.245,blofin,AERO/USDT:USDT,0.8988,1024.0,0.8984,17808.0,0.899,148.0,0.8995,11879.0
1753600588298,07:16:28.298,blofin,AERO/USDT:USDT,0.8988,1024.0,0.8981,9407.0,0.899,148.0,0.8997,7222.0
1753600589239,07:16:29.239,blofin,AERO/USDT:USDT,0.8988,1026.0,0.8981,8625.0,0.899,151.0,0.8997,6318.0
1753600590241,07:16:30.241,blofin,AERO/USDT:USDT,0.8988,1026.0,0.8979,18674.0,0.899,159.0,0.8999,95.0
1753600591241,07:16:31.241,blofin,AERO/USDT:USDT,0.8988,1026.0,0.8978,12723.0,0.899,149.0,0.8999,95.0
1753600592242,07:16:32.242,blofin,AERO/USDT:USDT,0.8988,1026.0,0.8977,738.0,0.899,149.0,0.8999,95.0
1753600593243,07:16:33.243,blofin,AERO/USDT:USDT,0.8988,1285.0,0.8977,738.0,0.899,149.0,0.8999,95.0
1753600594244,07:16:34.244,blofin,AERO/USDT:USDT,0.8988,1283.0,0.8976,2382.0,0.899,146.0,0.8999,95.0
1753600595244,07:16:35.244,blofin,AERO/USDT:USDT,0.8988,1023.0,0.8976,2382.0,0.899,156.0,0.8999,95.0
1753600596244,07:16:36.244,blofin,AERO/USDT:USDT,0.8988,477.0,0.8984,21601.0,0.899,733.0,0.8995,8949.0
1753600597248,07:16:37.248,blofin,AERO/USDT:USDT,0.8988,477.0,0.8986,3605.0,0.899,861.0,0.8992,9975.0
1753600598248,07:16:38.248,blofin,AERO/USDT:USDT,0.8988,477.0,0.8976,2382.0,0.899,861.0,0.8999,95.0
1753600599250,07:16:39.250,blofin,AERO/USDT:USDT,0.8988,480.0,0.8976,2382.0,0.899,864.0,0.8999,95.0
1753600600249,07:16:40.249,blofin,AERO/USDT:USDT,0.8988,480.0,0.8978,1373.0,0.899,1384.0,0.8999,95.0
1753600601249,07:16:41.249,blofin,AERO/USDT:USDT,0.8988,480.0,0.8982,18159.0,0.899,1297.0,0.8996,7441.0
1753600602249,07:16:42.249,blofin,AERO/USDT:USDT,0.8988,480.0,0.898,3907.0,0.899,1361.0,0.8998,2659.0
1753600603250,07:16:43.250,blofin,AERO/USDT:USDT,0.8988,480.0,0.8979,583.0,0.899,1297.0,0.8999,95.0
1753600604265,07:16:44.265,blofin,AERO/USDT:USDT,0.8988,476.0,0.8978,16799.0,0.899,1295.0,0.9001,3776.0
1753600605253,07:16:45.253,blofin,AERO/USDT:USDT,0.8988,476.0,0.8977,1222.0,0.899,1357.0,0.9001,855.0
1753600606252,07:16:46.252,blofin,AERO/USDT:USDT,0.8988,476.0,0.898,22686.0,0.899,1357.0,0.8998,855.0
1753600607252,07:16:47.252,blofin,AERO/USDT:USDT,0.8988,476.0,0.8986,14742.0,0.899,1421.0,0.8992,7828.0
1753600608252,07:16:48.252,blofin,AERO/USDT:USDT,0.8988,476.0,0.8982,15074.0,0.899,1346.0,0.8997,15680.0
1753600610254,07:16:50.254,blofin,AERO/USDT:USDT,0.8988,472.0,0.8979,931.0,0.899,1184.0,0.8999,213.0
1753600611256,07:16:51.256,blofin,AERO/USDT:USDT,0.8988,1022.0,0.8985,10811.0,0.899,630.0,0.8993,3451.0
1753600612256,07:16:52.256,blofin,AERO/USDT:USDT,0.8988,1022.0,0.8979,931.0,0.899,630.0,0.8997,32.0
1753600613257,07:16:53.257,blofin,AERO/USDT:USDT,0.8988,1019.0,0.8979,931.0,0.899,630.0,0.8997,32.0
1753600614258,07:16:54.258,blofin,AERO/USDT:USDT,0.8988,1021.0,0.8977,1222.0,0.899,630.0,0.9001,855.0
1753600615259,07:16:55.259,blofin,AERO/USDT:USDT,0.8988,473.0,0.8977,1222.0,0.899,717.0,0.9001,855.0
1753600617263,07:16:57.263,blofin,AERO/USDT:USDT,0.8988,473.0,0.8978,13615.0,0.899,1117.0,0.9,8025.0
1753600618262,07:16:58.262,blofin,AERO/USDT:USDT,0.8988,473.0,0.8985,2371.0,0.899,1117.0,0.8993,7129.0
1753600619261,07:16:59.261,blofin,AERO/USDT:USDT,0.8988,475.0,0.8985,2371.0,0.899,1113.0,0.8993,7129.0
1753600620263,07:17:00.263,blofin,AERO/USDT:USDT,0.8988,475.0,0.8986,12060.0,0.899,1113.0,0.8992,2218.0
1753600621263,07:17:01.263,blofin,AERO/USDT:USDT,0.8988,475.0,0.8977,1222.0,0.899,1179.0,0.8998,163.0
1753600622265,07:17:02.265,blofin,AERO/USDT:USDT,0.8988,475.0,0.8978,12683.0,0.899,1417.0,0.9001,6257.0
1753600623265,07:17:03.265,blofin,AERO/USDT:USDT,0.8988,475.0,0.8986,16633.0,0.899,1353.0,0.8992,1510.0
1753600624266,07:17:04.266,blofin,AERO/USDT:USDT,0.8988,472.0,0.8986,16633.0,0.899,1353.0,0.8992,1510.0
1753600625267,07:17:05.267,blofin,AERO/USDT:USDT,0.8988,472.0,0.8981,854.0,0.899,1746.0,0.8999,7713.0
1753600626268,07:17:06.268,blofin,AERO/USDT:USDT,0.8988,472.0,0.8979,346.0,0.899,1723.0,0.8999,7391.0
1753600627266,07:17:07.266,blofin,AERO/USDT:USDT,0.8988,472.0,0.8985,2512.0,0.899,2184.0,0.8993,11165.0
1753600628195,07:17:08.195,blofin,AERO/USDT:USDT,0.8988,2.0,0.8987,470.0,0.899,2404.0,0.8999,410.0
1753600628266,07:17:08.266,blofin,AERO/USDT:USDT,0.8984,114.0,0.8983,494.0,0.8986,575.0,0.899,3.0
1753600629268,07:17:09.268,blofin,AERO/USDT:USDT,0.8984,119.0,0.8977,1222.0,0.8986,577.0,0.899,2.0
1753600630268,07:17:10.268,blofin,AERO/USDT:USDT,0.8984,694.0,0.8974,2106.0,0.8986,442.0,0.899,2.0
1753600632269,07:17:12.269,blofin,AERO/USDT:USDT,0.8984,754.0,0.8977,10713.0,0.8986,442.0,0.899,2.0
1753600633272,07:17:13.272,blofin,AERO/USDT:USDT,0.8984,754.0,0.8979,16484.0,0.8986,21.0,0.899,2.0
1753600634284,07:17:14.284,blofin,AERO/USDT:USDT,0.8984,759.0,0.8979,16484.0,0.8986,23.0,0.8992,6861.0
1753600635272,07:17:15.272,blofin,AERO/USDT:USDT,0.8984,697.0,0.8979,6427.0,0.8986,23.0,0.8992,3708.0
1753600636271,07:17:16.271,blofin,AERO/USDT:USDT,0.8984,697.0,0.8978,18195.0,0.8986,25.0,0.8992,5095.0
1753600637274,07:17:17.274,blofin,AERO/USDT:USDT,0.8984,720.0,0.8977,14272.0,0.8986,25.0,0.8993,1408.0
1753600638278,07:17:18.278,blofin,AERO/USDT:USDT,0.8984,697.0,0.8977,343.0,0.8986,143.0,0.8997,12545.0
1753600639273,07:17:19.273,blofin,AERO/USDT:USDT,0.8984,695.0,0.8977,343.0,0.8986,140.0,0.8997,12450.0
1753600639919,07:17:19.919,blofin,AERO/USDT:USDT,0.8986,1311.0,0.8984,6.0,0.8988,9.0,0.8997,878.0
1753600640277,07:17:20.277,blofin,AERO/USDT:USDT,0.8986,611.0,0.8984,6.0,0.8988,9.0,0.8997,878.0
1753600640575,07:17:20.575,blofin,AERO/USDT:USDT,0.8986,611.0,0.8984,6.0,0.8989,9.0,0.8997,878.0
1753600641277,07:17:21.277,blofin,AERO/USDT:USDT,0.8987,547.0,0.8984,6.0,0.8989,180.0,0.8997,878.0
1753600642277,07:17:22.277,blofin,AERO/USDT:USDT,0.8987,550.0,0.8984,8355.0,0.8989,68.0,0.8993,1552.0
1753600644281,07:17:24.281,blofin,AERO/USDT:USDT,0.8987,612.0,0.8984,5.0,0.8989,88.0,0.8997,878.0
1753600645279,07:17:25.279,blofin,AERO/USDT:USDT,0.8987,656.0,0.8984,5.0,0.8989,69.0,0.8995,8595.0
1753600646280,07:17:26.280,blofin,AERO/USDT:USDT,0.8987,593.0,0.8984,5.0,0.8989,69.0,0.8994,4216.0
1753600647281,07:17:27.281,blofin,AERO/USDT:USDT,0.8987,593.0,0.8985,9761.0,0.8989,69.0,0.8991,2230.0
1753600648282,07:17:28.282,blofin,AERO/USDT:USDT,0.8987,657.0,0.8985,11027.0,0.8989,70.0,0.8991,2970.0
1753600649284,07:17:29.284,blofin,AERO/USDT:USDT,0.8987,656.0,0.8985,11027.0,0.8989,71.0,0.8991,2970.0
1753600650284,07:17:30.284,blofin,AERO/USDT:USDT,0.8987,592.0,0.8984,5.0,0.8989,62.0,0.8995,533.0
1753600651283,07:17:31.283,blofin,AERO/USDT:USDT,0.8987,720.0,0.8984,5.0,0.8989,62.0,0.8995,533.0
1753600652284,07:17:32.284,blofin,AERO/USDT:USDT,0.8987,727.0,0.8984,5.0,0.8989,60.0,0.8993,8372.0
1753600653286,07:17:33.286,blofin,AERO/USDT:USDT,0.8987,1054.0,0.8984,17811.0,0.8989,63.0,0.8992,6356.0
1753600654287,07:17:34.287,blofin,AERO/USDT:USDT,0.8988,1056.0,0.8984,5.0,0.899,62.0,0.8995,3876.0
1753600655287,07:17:35.287,blofin,AERO/USDT:USDT,0.8988,1147.0,0.8984,5.0,0.899,89.0,0.8998,426.0
1753600656290,07:17:36.290,blofin,AERO/USDT:USDT,0.8988,1147.0,0.8984,5.0,0.899,88.0,0.8996,10052.0
1753600657288,07:17:37.288,blofin,AERO/USDT:USDT,0.8988,1148.0,0.8984,5.0,0.899,88.0,0.8998,426.0
1753600658289,07:17:38.289,blofin,AERO/USDT:USDT,0.8988,1148.0,0.8984,5.0,0.899,87.0,0.8998,426.0
1753600659291,07:17:39.291,blofin,AERO/USDT:USDT,0.8988,1146.0,0.8984,5.0,0.899,88.0,0.8998,426.0
1753600659474,07:17:39.474,blofin,AERO/USDT:USDT,0.8988,1123.0,0.8984,5.0,0.899,2.0,0.8991,86.0
1753600659667,07:17:39.667,blofin,AERO/USDT:USDT,0.8989,1080.0,0.8988,2.0,0.899,2.0,0.8992,31.0
1753600660292,07:17:40.292,blofin,AERO/USDT:USDT,0.899,552.0,0.8988,2.0,0.8992,31.0,0.8998,426.0
1753600661290,07:17:41.290,blofin,AERO/USDT:USDT,0.899,552.0,0.8988,2.0,0.8992,33.0,0.8998,426.0
1753600662291,07:17:42.291,blofin,AERO/USDT:USDT,0.899,552.0,0.8988,2.0,0.8992,33.0,0.8998,426.0
1753600663293,07:17:43.293,blofin,AERO/USDT:USDT,0.899,616.0,0.8988,2.0,0.8992,32.0,0.8995,871.0
1753600664305,07:17:44.305,blofin,AERO/USDT:USDT,0.899,622.0,0.8987,6600.0,0.8992,36.0,0.8995,871.0
1753600665293,07:17:45.293,blofin,AERO/USDT:USDT,0.899,623.0,0.8981,1532.0,0.8992,38.0,0.8998,1740.0
1753600666294,07:17:46.294,blofin,AERO/USDT:USDT,0.899,823.0,0.8981,1532.0,0.8992,20.0,0.8998,1740.0
1753600667295,07:17:47.295,blofin,AERO/USDT:USDT,0.899,983.0,0.8981,1532.0,0.8992,19.0,0.8998,1740.0
1753600668303,07:17:48.303,blofin,AERO/USDT:USDT,0.899,720.0,0.8987,4158.0,0.8992,19.0,0.8996,864.0
1753600669296,07:17:49.296,blofin,AERO/USDT:USDT,0.899,718.0,0.8987,4158.0,0.8992,21.0,0.8996,864.0
1753600670298,07:17:50.298,blofin,AERO/USDT:USDT,0.899,782.0,0.8985,56.0,0.8992,22.0,0.8998,1740.0
1753600671297,07:17:51.297,blofin,AERO/USDT:USDT,0.899,886.0,0.8985,56.0,0.8992,22.0,0.8998,1740.0
1753600672299,07:17:52.299,blofin,AERO/USDT:USDT,0.899,886.0,0.8985,56.0,0.8992,21.0,0.8998,1740.0
1753600673301,07:17:53.301,blofin,AERO/USDT:USDT,0.899,886.0,0.8985,10062.0,0.8992,21.0,0.8997,3287.0
1753600674301,07:17:54.301,blofin,AERO/USDT:USDT,0.899,887.0,0.8985,10006.0,0.8992,20.0,0.8997,3287.0
1753600675301,07:17:55.301,blofin,AERO/USDT:USDT,0.899,887.0,0.8981,1532.0,0.8992,20.0,0.8998,1740.0
1753600676245,07:17:56.245,blofin,AERO/USDT:USDT,0.8992,877.0,0.899,7.0,0.8994,13.0,0.8998,10708.0
1753600676302,07:17:56.302,blofin,AERO/USDT:USDT,0.8992,979.0,0.899,7.0,0.8994,16.0,0.8998,1740.0
1753600677303,07:17:57.303,blofin,AERO/USDT:USDT,0.8992,1134.0,0.899,5.0,0.8994,7.0,0.8997,1963.0
1753600678304,07:17:58.304,blofin,AERO/USDT:USDT,0.8992,1111.0,0.899,5.0,0.8994,7.0,0.8998,1740.0
1753600678756,07:17:58.756,blofin,AERO/USDT:USDT,0.8993,1107.0,0.8992,3.0,0.8996,7.0,0.8998,1740.0
1753600679306,07:17:59.306,blofin,AERO/USDT:USDT,0.8994,1111.0,0.899,5.0,0.8996,12.0,0.8998,1740.0
1753600681307,07:18:01.307,blofin,AERO/USDT:USDT,0.8994,886.0,0.899,5.0,0.8996,27.0,0.8998,1740.0
1753600682333,07:18:02.333,blofin,AERO/USDT:USDT,0.8994,822.0,0.899,5.0,0.8996,27.0,0.8998,1740.0
1753600683035,07:18:03.035,blofin,AERO/USDT:USDT,0.8995,1505.0,0.8994,4.0,0.8996,4.0,0.8998,1749.0
1753600683310,07:18:03.310,blofin,AERO/USDT:USDT,0.8996,635.0,0.8994,4.0,0.8998,1762.0,0.9001,760.0
1753600684360,07:18:04.360,blofin,AERO/USDT:USDT,0.8996,550.0,0.8991,1048.0,0.8998,1774.0,0.9001,396.0
1753600685312,07:18:05.312,blofin,AERO/USDT:USDT,0.8996,678.0,0.899,717.0,0.8998,1765.0,0.9001,396.0
1753600686310,07:18:06.310,blofin,AERO/USDT:USDT,0.8996,678.0,0.899,717.0,0.8998,1765.0,0.9001,396.0
1753600687314,07:18:07.314,blofin,AERO/USDT:USDT,0.8996,678.0,0.899,11487.0,0.8998,1765.0,0.9001,396.0
1753600688312,07:18:08.312,blofin,AERO/USDT:USDT,0.8996,678.0,0.899,1155.0,0.8998,1767.0,0.9001,396.0
1753600689312,07:18:09.312,blofin,AERO/USDT:USDT,0.8996,677.0,0.899,443.0,0.8998,1768.0,0.9001,396.0
1753600690315,07:18:10.315,blofin,AERO/USDT:USDT,0.8996,677.0,0.899,5.0,0.8998,1768.0,0.9001,396.0
1753600691312,07:18:11.312,blofin,AERO/USDT:USDT,0.8996,677.0,0.8993,9421.0,0.8998,1768.0,0.9001,11326.0
1753600692314,07:18:12.314,blofin,AERO/USDT:USDT,0.8996,677.0,0.899,5.0,0.8998,1765.0,0.9001,396.0
1753600693316,07:18:13.316,blofin,AERO/USDT:USDT,0.8996,677.0,0.899,5.0,0.8998,1766.0,0.9001,396.0
1753600694329,07:18:14.329,blofin,AERO/USDT:USDT,0.8996,683.0,0.8986,586.0,0.8998,28.0,0.9009,870.0
1753600695315,07:18:15.315,blofin,AERO/USDT:USDT,0.8996,680.0,0.8988,827.0,0.8998,29.0,0.9009,870.0
1753600695875,07:18:15.875,blofin,AERO/USDT:USDT,0.8997,882.0,0.8996,6.0,0.8998,6.0,0.8999,23.0
1753600696316,07:18:16.316,blofin,AERO/USDT:USDT,0.8997,1105.0,0.8996,6.0,0.8998,6.0,0.8999,9.0
1753600697324,07:18:17.324,blofin,AERO/USDT:USDT,0.8997,1105.0,0.8996,6.0,0.8998,6.0,0.8999,9.0
1753600698318,07:18:18.318,blofin,AERO/USDT:USDT,0.8997,1041.0,0.8996,6.0,0.8998,6.0,0.8999,9.0
1753600699317,07:18:19.317,blofin,AERO/USDT:USDT,0.8997,1042.0,0.8996,2.0,0.8998,2.0,0.8999,11.0
1753600700322,07:18:20.322,blofin,AERO/USDT:USDT,0.8997,982.0,0.8996,2.0,0.8998,2.0,0.8999,11.0
1753600701321,07:18:21.321,blofin,AERO/USDT:USDT,0.8997,1046.0,0.8996,2.0,0.8998,2.0,0.8999,11.0
1753600702322,07:18:22.322,blofin,AERO/USDT:USDT,0.8997,1271.0,0.8996,2.0,0.8998,2.0,0.8999,11.0
1753600703320,07:18:23.320,blofin,AERO/USDT:USDT,0.8997,1271.0,0.8996,2.0,0.8998,2.0,0.8999,11.0
1753600704321,07:18:24.321,blofin,AERO/USDT:USDT,0.8997,1271.0,0.8996,2.0,0.8998,2.0,0.8999,13.0
1753600705321,07:18:25.321,blofin,AERO/USDT:USDT,0.8997,57.0,0.8996,2.0,0.8998,2.0,0.8999,1078.0
1753600706320,07:18:26.320,blofin,AERO/USDT:USDT,0.8997,56.0,0.8996,2.0,0.8998,2.0,0.8999,1784.0
1753600707321,07:18:27.321,blofin,AERO/USDT:USDT,0.8997,56.0,0.8996,2.0,0.8998,2.0,0.8999,1325.0
1753600708323,07:18:28.323,blofin,AERO/USDT:USDT,0.8997,56.0,0.8996,2.0,0.8998,2.0,0.8999,995.0
1753600709323,07:18:29.323,blofin,AERO/USDT:USDT,0.8997,56.0,0.8996,2.0,0.8998,2.0,0.8999,998.0
1753600710324,07:18:30.324,blofin,AERO/USDT:USDT,0.8997,56.0,0.8996,2.0,0.8998,2.0,0.8999,1836.0
1753600712325,07:18:32.325,blofin,AERO/USDT:USDT,0.8997,107.0,0.8996,2.0,0.8998,2.0,0.8999,2340.0
1753600713329,07:18:33.329,blofin,AERO/USDT:USDT,0.8997,106.0,0.8996,2.0,0.8998,2.0,0.8999,2079.0
1753600714329,07:18:34.329,blofin,AERO/USDT:USDT,0.8997,106.0,0.8996,2.0,0.8998,2.0,0.8999,2077.0
1753600715330,07:18:35.330,blofin,AERO/USDT:USDT,0.8997,106.0,0.8996,2.0,0.8998,2.0,0.8999,1880.0
1753600716331,07:18:36.331,blofin,AERO/USDT:USDT,0.8997,107.0,0.8996,2.0,0.8998,2.0,0.8999,1880.0
1753600717333,07:18:37.333,blofin,AERO/USDT:USDT,0.8997,106.0,0.8996,2.0,0.8998,2.0,0.8999,1747.0
1753600719332,07:18:39.332,blofin,AERO/USDT:USDT,0.8997,106.0,0.8996,2.0,0.8998,2.0,0.8999,1525.0
1753600720332,07:18:40.332,blofin,AERO/USDT:USDT,0.8997,108.0,0.8996,2.0,0.8998,2.0,0.8999,1305.0
1753600721335,07:18:41.335,blofin,AERO/USDT:USDT,0.8997,108.0,0.8996,2.0,0.8998,2.0,0.8999,1195.0
1753600722337,07:18:42.337,blofin,AERO/USDT:USDT,0.8997,106.0,0.8996,2.0,0.8998,2.0,0.8999,1195.0
1753600723333,07:18:43.333,blofin,AERO/USDT:USDT,0.8997,776.0,0.8996,2.0,0.8998,2.0,0.8999,457.0
1753600724350,07:18:44.350,blofin,AERO/USDT:USDT,0.8997,780.0,0.899,2873.0,0.8999,458.0,0.9007,1505.0
1753600725335,07:18:45.335,blofin,AERO/USDT:USDT,0.8997,718.0,0.8993,15938.0,0.8999,488.0,0.9004,244.0
1753600726335,07:18:46.335,blofin,AERO/USDT:USDT,0.8997,718.0,0.8987,20876.0,0.8999,489.0,0.901,12467.0
1753600727336,07:18:47.336,blofin,AERO/USDT:USDT,0.8997,697.0,0.8994,4046.0,0.8999,485.0,0.9002,2880.0
1753600728337,07:18:48.337,blofin,AERO/USDT:USDT,0.8997,862.0,0.8989,265.0,0.8999,485.0,0.901,870.0
1753600729339,07:18:49.339,blofin,AERO/USDT:USDT,0.8997,862.0,0.8986,1243.0,0.8999,489.0,0.901,870.0
1753600730339,07:18:50.339,blofin,AERO/USDT:USDT,0.8997,798.0,0.8986,1243.0,0.8999,487.0,0.901,870.0
1753600731342,07:18:51.342,blofin,AERO/USDT:USDT,0.8997,255.0,0.8992,10943.0,0.8999,1311.0,0.9004,3960.0
1753600732341,07:18:52.341,blofin,AERO/USDT:USDT,0.8997,255.0,0.8987,724.0,0.8999,1311.0,0.901,870.0
1753600733344,07:18:53.344,blofin,AERO/USDT:USDT,0.8997,255.0,0.8987,724.0,0.8999,1311.0,0.901,870.0
1753600734345,07:18:54.345,blofin,AERO/USDT:USDT,0.8997,257.0,0.8986,1243.0,0.8999,1313.0,0.901,870.0
1753600735344,07:18:55.344,blofin,AERO/USDT:USDT,0.8997,253.0,0.8987,3384.0,0.8999,1226.0,0.9009,6029.0
1753600737348,07:18:57.348,blofin,AERO/USDT:USDT,0.8997,253.0,0.8992,12405.0,0.8999,1226.0,0.9005,2297.0
1753600738345,07:18:58.345,blofin,AERO/USDT:USDT,0.8997,263.0,0.8986,1243.0,0.8999,1226.0,0.901,870.0
1753600739348,07:18:59.348,blofin,AERO/USDT:USDT,0.8997,263.0,0.8986,1243.0,0.8999,1222.0,0.901,870.0
1753600740347,07:19:00.347,blofin,AERO/USDT:USDT,0.8997,263.0,0.8986,15412.0,0.8999,1249.0,0.901,9574.0
1753600741350,07:19:01.350,blofin,AERO/USDT:USDT,0.8997,264.0,0.8986,1243.0,0.8999,1226.0,0.901,870.0
1753600742352,07:19:02.352,blofin,AERO/USDT:USDT,0.8997,265.0,0.8989,7340.0,0.8999,1313.0,0.9007,6823.0
1753600743351,07:19:03.351,blofin,AERO/USDT:USDT,0.8997,269.0,0.8993,5055.0,0.8999,1224.0,0.9003,3479.0
1753600744352,07:19:04.352,blofin,AERO/USDT:USDT,0.8997,268.0,0.8993,5055.0,0.8999,1225.0,0.9003,3479.0
1753600745352,07:19:05.352,blofin,AERO/USDT:USDT,0.8997,270.0,0.899,10655.0,0.8999,1225.0,0.9006,1590.0
1753600746359,07:19:06.359,blofin,AERO/USDT:USDT,0.8997,271.0,0.8992,15221.0,0.8999,1225.0,0.9004,5519.0
1753600747353,07:19:07.353,blofin,AERO/USDT:USDT,0.8997,271.0,0.8991,12554.0,0.8999,1225.0,0.9006,5848.0
1753600749355,07:19:09.355,blofin,AERO/USDT:USDT,0.8997,268.0,0.8986,1243.0,0.8999,1223.0,0.901,870.0
1753600750359,07:19:10.359,blofin,AERO/USDT:USDT,0.8997,232.0,0.8989,18317.0,0.8999,1709.0,0.9008,10710.0
1753600751356,07:19:11.356,blofin,AERO/USDT:USDT,0.8997,235.0,0.8992,18682.0,0.8999,1906.0,0.9005,1820.0
1753600752358,07:19:12.358,blofin,AERO/USDT:USDT,0.8997,234.0,0.8993,731.0,0.8999,1796.0,0.9003,9174.0
1753600753357,07:19:13.357,blofin,AERO/USDT:USDT,0.8997,234.0,0.8986,1243.0,0.8999,1797.0,0.901,870.0
1753600754371,07:19:14.371,blofin,AERO/USDT:USDT,0.8997,234.0,0.8991,3251.0,0.8999,1882.0,0.9006,3884.0
1753600755360,07:19:15.360,blofin,AERO/USDT:USDT,0.8997,176.0,0.8995,7958.0,0.8999,2083.0,0.9002,7234.0
1753600756359,07:19:16.359,blofin,AERO/USDT:USDT,0.8997,174.0,0.8989,10093.0,0.8999,2737.0,0.9008,1799.0
1753600757360,07:19:17.360,blofin,AERO/USDT:USDT,0.8997,175.0,0.8986,1243.0,0.8999,2515.0,0.901,870.0
1753600758362,07:19:18.362,blofin,AERO/USDT:USDT,0.8997,175.0,0.8994,17385.0,0.8999,2538.0,0.9003,8415.0
1753600759362,07:19:19.362,blofin,AERO/USDT:USDT,0.8997,174.0,0.8994,17385.0,0.8999,2541.0,0.9003,8415.0
1753600760365,07:19:20.365,blofin,AERO/USDT:USDT,0.8997,175.0,0.8992,293.0,0.8999,2628.0,0.9006,31.0
1753600761363,07:19:21.363,blofin,AERO/USDT:USDT,0.8997,175.0,0.8992,293.0,0.8999,2628.0,0.9006,31.0
1753600762364,07:19:22.364,blofin,AERO/USDT:USDT,0.8997,175.0,0.8995,7292.0,0.8999,1906.0,0.9001,3996.0
1753600763366,07:19:23.366,blofin,AERO/USDT:USDT,0.8997,239.0,0.8992,293.0,0.8999,1889.0,0.9006,31.0
1753600764369,07:19:24.369,blofin,AERO/USDT:USDT,0.8997,239.0,0.899,11640.0,0.8999,1886.0,0.9007,5054.0
1753600765367,07:19:25.367,blofin,AERO/USDT:USDT,0.8997,846.0,0.8992,14082.0,0.8999,467.0,0.9005,4134.0
1753600766368,07:19:26.368,blofin,AERO/USDT:USDT,0.8997,1011.0,0.8994,9880.0,0.8999,443.0,0.9002,3278.0
1753600766745,07:19:26.745,blofin,AERO/USDT:USDT,0.8997,1229.0,0.8991,19317.0,0.8999,6.0,0.9,438.0
1753600767408,07:19:27.408,blofin,AERO/USDT:USDT,0.9,861.0,0.8997,4.0,0.9002,37.0,0.901,870.0
1753600768369,07:19:28.369,blofin,AERO/USDT:USDT,0.9,861.0,0.8997,4.0,0.9002,16.0,0.9007,8205.0
1753600770373,07:19:30.373,blofin,AERO/USDT:USDT,0.9,862.0,0.8997,947.0,0.9002,72.0,0.9005,7826.0
1753600771374,07:19:31.374,blofin,AERO/USDT:USDT,0.9,859.0,0.8997,4.0,0.9002,1739.0,0.9011,524.0
1753600772372,07:19:32.372,blofin,AERO/USDT:USDT,0.9,861.0,0.8997,4.0,0.9002,1686.0,0.9011,524.0
1753600773372,07:19:33.372,blofin,AERO/USDT:USDT,0.9,861.0,0.8997,4.0,0.9002,1687.0,0.9006,793.0
1753600774376,07:19:34.376,blofin,AERO/USDT:USDT,0.9,861.0,0.8997,4.0,0.9002,1685.0,0.9006,793.0
1753600775374,07:19:35.374,blofin,AERO/USDT:USDT,0.9,862.0,0.8997,4.0,0.9002,1685.0,0.9012,544.0
1753600776374,07:19:36.374,blofin,AERO/USDT:USDT,0.9,862.0,0.8997,4.0,0.9002,1685.0,0.9008,2455.0
1753600777376,07:19:37.376,blofin,AERO/USDT:USDT,0.9,798.0,0.8997,4.0,0.9002,1684.0,0.9012,544.0
1753600778375,07:19:38.375,blofin,AERO/USDT:USDT,0.9,862.0,0.8997,4.0,0.9002,1684.0,0.9007,11437.0
1753600779376,07:19:39.376,blofin,AERO/USDT:USDT,0.9,861.0,0.8997,4.0,0.9002,1685.0,0.9007,11437.0
1753600780379,07:19:40.379,blofin,AERO/USDT:USDT,0.9,795.0,0.8997,4.0,0.9002,1685.0,0.9008,9.0
1753600781378,07:19:41.378,blofin,AERO/USDT:USDT,0.9,862.0,0.8997,4.0,0.9002,18.0,0.9008,9.0
1753600782379,07:19:42.379,blofin,AERO/USDT:USDT,0.9,862.0,0.8997,4.0,0.9002,17.0,0.9008,9.0
1753600783574,07:19:43.574,blofin,AERO/USDT:USDT,0.9,5.0,0.8999,729.0,0.9001,2070.0,0.9002,3.0
1753600783694,07:19:43.694,blofin,AERO/USDT:USDT,0.9,5.0,0.8998,195.0,0.9001,552.0,0.9002,3.0
1753600784024,07:19:44.024,blofin,AERO/USDT:USDT,0.8997,1004.0,0.899,16269.0,0.9,552.0,0.9002,3.0
1753600784394,07:19:44.394,blofin,AERO/USDT:USDT,0.8997,1001.0,0.899,16269.0,0.9,555.0,0.9002,3.0
1753600785382,07:19:45.382,blofin,AERO/USDT:USDT,0.8997,1117.0,0.8988,373.0,0.9,780.0,0.9009,614.0
1753600786382,07:19:46.382,blofin,AERO/USDT:USDT,0.8997,1115.0,0.8991,7563.0,0.9,780.0,0.9006,6170.0
1753600786944,07:19:46.944,blofin,AERO/USDT:USDT,0.8997,1115.0,0.8988,373.0,0.8999,772.0,0.9,4.0
1753600787385,07:19:47.385,blofin,AERO/USDT:USDT,0.8997,702.0,0.8988,373.0,0.8999,78.0,0.9,4.0
1753600788384,07:19:48.384,blofin,AERO/USDT:USDT,0.8997,702.0,0.8994,16143.0,0.8999,78.0,0.9,4.0
1753600789392,07:19:49.392,blofin,AERO/USDT:USDT,0.8997,706.0,0.8986,1215.0,0.8999,78.0,0.9,4.0
1753600790386,07:19:50.386,blofin,AERO/USDT:USDT,0.8997,708.0,0.8987,198.0,0.8999,82.0,0.9,3.0
1753600791388,07:19:51.388,blofin,AERO/USDT:USDT,0.8997,708.0,0.8986,1872.0,0.8999,82.0,0.9,3.0
1753600792388,07:19:52.388,blofin,AERO/USDT:USDT,0.8997,708.0,0.8986,1872.0,0.8999,82.0,0.9,3.0
1753600793390,07:19:53.390,blofin,AERO/USDT:USDT,0.8997,706.0,0.8992,5769.0,0.8999,82.0,0.9,3.0
1753600794575,07:19:54.575,blofin,AERO/USDT:USDT,0.8997,4.0,0.8995,704.0,0.8999,28.0,0.9,3.0
1753600795389,07:19:55.389,blofin,AERO/USDT:USDT,0.8997,4.0,0.8995,904.0,0.8999,632.0,0.9,3.0
1753600796389,07:19:56.389,blofin,AERO/USDT:USDT,0.8997,4.0,0.8995,968.0,0.8999,631.0,0.9,3.0
1753600796993,07:19:56.993,blofin,AERO/USDT:USDT,0.8997,4.0,0.8995,968.0,0.8998,629.0,0.8999,3.0
1753600797390,07:19:57.390,blofin,AERO/USDT:USDT,0.8997,4.0,0.8995,904.0,0.8998,549.0,0.8999,3.0
1753600798391,07:19:58.391,blofin,AERO/USDT:USDT,0.8997,4.0,0.8995,794.0,0.8998,552.0,0.9,3.0
1753600799391,07:19:59.391,blofin,AERO/USDT:USDT,0.8997,1.0,0.8995,797.0,0.8998,552.0,0.9,3.0
1753600800394,07:20:00.394,blofin,AERO/USDT:USDT,0.8997,1.0,0.8995,796.0,0.8998,552.0,0.9,3768.0
1753600801393,07:20:01.393,blofin,AERO/USDT:USDT,0.8997,1.0,0.8995,796.0,0.8998,550.0,0.9,3.0
1753600802613,07:20:02.613,blofin,AERO/USDT:USDT,0.8997,1.0,0.8996,794.0,0.8998,1.0,0.8999,549.0
1753600803393,07:20:03.393,blofin,AERO/USDT:USDT,0.8997,1.0,0.8996,1065.0,0.8998,56.0,0.9,3.0
1753600804543,07:20:04.543,blofin,AERO/USDT:USDT,0.8997,1.0,0.8996,1070.0,0.8998,57.0,0.9,3.0
1753600805396,07:20:05.396,blofin,AERO/USDT:USDT,0.8997,1259.0,0.8996,5.0,0.8998,2.0,0.8999,25.0
1753600806394,07:20:06.394,blofin,AERO/USDT:USDT,0.8997,1259.0,0.8996,5.0,0.8999,27.0,0.9,3.0
1753600807398,07:20:07.398,blofin,AERO/USDT:USDT,0.8997,1259.0,0.8996,5.0,0.8999,29.0,0.9,3.0
1753600808396,07:20:08.396,blofin,AERO/USDT:USDT,0.8997,1259.0,0.8996,5.0,0.8999,29.0,0.9,3.0
1753600809397,07:20:09.397,blofin,AERO/USDT:USDT,0.8997,1263.0,0.8994,13353.0,0.8999,27.0,0.9,3.0
1753600810398,07:20:10.398,blofin,AERO/USDT:USDT,0.8997,1261.0,0.899,279.0,0.8999,27.0,0.9,3.0
1753600811397,07:20:11.397,blofin,AERO/USDT:USDT,0.8997,1261.0,0.8992,3962.0,0.8999,111.0,0.9,3.0
1753600812403,07:20:12.403,blofin,AERO/USDT:USDT,0.8997,1261.0,0.8993,2618.0,0.8999,112.0,0.9,3.0
1753600813400,07:20:13.400,blofin,AERO/USDT:USDT,0.8997,1261.0,0.899,279.0,0.8999,112.0,0.9,3.0
1753600814414,07:20:14.414,blofin,AERO/USDT:USDT,0.8997,1261.0,0.899,279.0,0.8999,112.0,0.9,3.0
1753600815406,07:20:15.406,blofin,AERO/USDT:USDT,0.8997,1264.0,0.8991,12443.0,0.8999,115.0,0.9005,4221.0
1753600816402,07:20:16.402,blofin,AERO/USDT:USDT,0.8997,1264.0,0.8987,366.0,0.8999,115.0,0.9011,873.0
1753600817406,07:20:17.406,blofin,AERO/USDT:USDT,0.8997,1266.0,0.8989,9040.0,0.8999,115.0,0.9008,10108.0
1753600818404,07:20:18.404,blofin,AERO/USDT:USDT,0.8997,1267.0,0.8987,366.0,0.8999,115.0,0.9011,873.0
1753600819405,07:20:19.405,blofin,AERO/USDT:USDT,0.8997,1267.0,0.8986,1215.0,0.8999,119.0,0.9011,873.0
1753600820073,07:20:20.073,blofin,AERO/USDT:USDT,0.8998,1075.0,0.8997,9.0,0.8999,6.0,0.9001,9.0
1753600820407,07:20:20.407,blofin,AERO/USDT:USDT,0.8999,732.0,0.8997,9.0,0.9001,9.0,0.9011,10501.0
1753600821408,07:20:21.408,blofin,AERO/USDT:USDT,0.8999,737.0,0.8997,4.0,0.9001,9.0,0.9011,875.0
1753600822074,07:20:22.074,blofin,AERO/USDT:USDT,0.8999,796.0,0.8997,4.0,0.9002,9.0,0.9011,875.0
1753600822413,07:20:22.413,blofin,AERO/USDT:USDT,0.8999,1173.0,0.8997,4.0,0.9002,25.0,0.9011,875.0
1753600823410,07:20:23.410,blofin,AERO/USDT:USDT,0.8999,1173.0,0.8997,4.0,0.9002,27.0,0.9011,875.0
1753600824412,07:20:24.412,blofin,AERO/USDT:USDT,0.8999,1171.0,0.8997,4.0,0.9002,30.0,0.9011,875.0
1753600825410,07:20:25.410,blofin,AERO/USDT:USDT,0.8999,1171.0,0.8997,4.0,0.9002,27.0,0.9013,2060.0
1753600826412,07:20:26.412,blofin,AERO/USDT:USDT,0.8999,1007.0,0.8997,4.0,0.9002,661.0,0.9013,2060.0
1753600827412,07:20:27.412,blofin,AERO/USDT:USDT,0.8999,1066.0,0.8997,4.0,0.9002,661.0,0.9013,4126.0
1753600828413,07:20:28.413,blofin,AERO/USDT:USDT,0.8999,1066.0,0.8997,4.0,0.9002,662.0,0.9013,2060.0
1753600829414,07:20:29.414,blofin,AERO/USDT:USDT,0.8999,1067.0,0.8997,4.0,0.9002,660.0,0.9013,2060.0
1753600830344,07:20:30.344,blofin,AERO/USDT:USDT,0.9,1004.0,0.8999,4.0,0.9002,660.0,0.9005,9161.0
1753600830416,07:20:30.416,blofin,AERO/USDT:USDT,0.9,17.0,0.8999,4.0,0.9002,660.0,0.9013,12385.0
1753600831416,07:20:31.416,blofin,AERO/USDT:USDT,0.9,17.0,0.8999,4.0,0.9002,658.0,0.9013,2059.0
1753600832416,07:20:32.416,blofin,AERO/USDT:USDT,0.9,17.0,0.8999,4.0,0.9002,658.0,0.9006,4540.0
1753600833419,07:20:33.419,blofin,AERO/USDT:USDT,0.9,556.0,0.8997,4.0,0.9002,123.0,0.9013,2059.0
1753600834418,07:20:34.418,blofin,AERO/USDT:USDT,0.9,553.0,0.8997,4.0,0.9002,123.0,0.9013,2059.0
1753600835418,07:20:35.418,blofin,AERO/USDT:USDT,0.9,553.0,0.8997,4.0,0.9002,124.0,0.901,2634.0
1753600836419,07:20:36.419,blofin,AERO/USDT:USDT,0.9,555.0,0.8997,4.0,0.9002,124.0,0.9013,1207.0
1753600837458,07:20:37.458,blofin,AERO/USDT:USDT,0.9002,1496.0,0.9,3.0,0.9004,7.0,0.9013,1207.0
1753600838421,07:20:38.421,blofin,AERO/USDT:USDT,0.9002,1034.0,0.9,3.0,0.9004,7.0,0.9013,1207.0
1753600839427,07:20:39.427,blofin,AERO/USDT:USDT,0.9002,1037.0,0.9,10457.0,0.9004,9.0,0.9007,7462.0
1753600840420,07:20:40.420,blofin,AERO/USDT:USDT,0.9002,978.0,0.8997,4.0,0.9004,3978.0,0.9013,1207.0
1753600841424,07:20:41.424,blofin,AERO/USDT:USDT,0.9002,978.0,0.8997,4.0,0.9004,3978.0,0.9013,1207.0
1753600842422,07:20:42.422,blofin,AERO/USDT:USDT,0.9002,978.0,0.8997,4.0,0.9004,3978.0,0.9013,1207.0
1753600843425,07:20:43.425,blofin,AERO/USDT:USDT,0.9002,978.0,0.8997,4.0,0.9004,3978.0,0.9012,2444.0
1753600844436,07:20:44.436,blofin,AERO/USDT:USDT,0.9002,979.0,0.8994,6143.0,0.9004,3982.0,0.9012,2444.0
1753600845425,07:20:45.425,blofin,AERO/USDT:USDT,0.9002,1038.0,0.8993,1014.0,0.9004,3981.0,0.9013,2152.0
1753600846426,07:20:46.426,blofin,AERO/USDT:USDT,0.9002,1038.0,0.8991,1771.0,0.9004,3981.0,0.9013,808.0
1753600847428,07:20:47.428,blofin,AERO/USDT:USDT,0.9002,1038.0,0.8992,10400.0,0.9004,3982.0,0.9013,808.0
1753600848428,07:20:48.428,blofin,AERO/USDT:USDT,0.9002,1039.0,0.8995,13967.0,0.9004,3982.0,0.9011,1251.0
1753600849430,07:20:49.430,blofin,AERO/USDT:USDT,0.9002,1039.0,0.8995,13967.0,0.9004,3981.0,0.9011,1251.0
1753600850430,07:20:50.430,blofin,AERO/USDT:USDT,0.9002,1196.0,0.8991,1369.0,0.9004,3981.0,0.9013,1152.0
1753600851431,07:20:51.431,blofin,AERO/USDT:USDT,0.9002,1137.0,0.8991,1369.0,0.9004,3985.0,0.9013,1152.0
1753600852430,07:20:52.430,blofin,AERO/USDT:USDT,0.9002,1137.0,0.9,966.0,0.9004,3983.0,0.9006,7955.0
1753600853431,07:20:53.431,blofin,AERO/USDT:USDT,0.9002,940.0,0.8993,3249.0,0.9004,3985.0,0.9013,1152.0
1753600855432,07:20:55.432,blofin,AERO/USDT:USDT,0.9002,944.0,0.8998,10684.0,0.9004,3983.0,0.9009,4560.0
1753600856432,07:20:56.432,blofin,AERO/USDT:USDT,0.9002,944.0,0.8997,9017.0,0.9004,3985.0,0.9009,10814.0
1753600857433,07:20:57.433,blofin,AERO/USDT:USDT,0.9002,944.0,0.8994,6545.0,0.9004,3985.0,0.9012,1461.0
1753600858434,07:20:58.434,blofin,AERO/USDT:USDT,0.9002,1003.0,0.8993,451.0,0.9004,3985.0,0.9013,808.0
1753600859435,07:20:59.435,blofin,AERO/USDT:USDT,0.9002,999.0,0.8993,451.0,0.9004,3982.0,0.9013,808.0
1753600860440,07:21:00.440,blofin,AERO/USDT:USDT,0.9002,940.0,0.8994,6920.0,0.9004,3982.0,0.9013,4900.0
1753600861436,07:21:01.436,blofin,AERO/USDT:USDT,0.9002,1185.0,0.8999,3455.0,0.9004,3982.0,0.9008,2371.0
1753600862444,07:21:02.444,blofin,AERO/USDT:USDT,0.9002,1185.0,0.8991,1208.0,0.9004,3982.0,0.9013,808.0
1753600863437,07:21:03.437,blofin,AERO/USDT:USDT,0.9002,1187.0,0.8991,1208.0,0.9004,3982.0,0.9013,808.0
1753600864439,07:21:04.439,blofin,AERO/USDT:USDT,0.9002,1188.0,0.8991,1208.0,0.9004,3981.0,0.9013,808.0
1753600865437,07:21:05.437,blofin,AERO/USDT:USDT,0.9002,1188.0,0.8991,1208.0,0.9004,3985.0,0.9013,808.0
1753600866440,07:21:06.440,blofin,AERO/USDT:USDT,0.9002,1188.0,0.8991,1208.0,0.9004,3984.0,0.9013,808.0
1753600867439,07:21:07.439,blofin,AERO/USDT:USDT,0.9002,1186.0,0.8993,3080.0,0.9004,3984.0,0.9013,808.0
1753600868441,07:21:08.441,blofin,AERO/USDT:USDT,0.9002,1002.0,0.8999,6080.0,0.9004,3984.0,0.9007,7160.0
1753600869440,07:21:09.440,blofin,AERO/USDT:USDT,0.9002,1001.0,0.8999,6080.0,0.9004,3981.0,0.9007,7160.0
1753600870441,07:21:10.441,blofin,AERO/USDT:USDT,0.9002,537.0,0.8993,7207.0,0.9004,4063.0,0.9013,839.0
1753600871477,07:21:11.477,blofin,AERO/USDT:USDT,0.9002,561.0,0.8999,8452.0,0.9004,4063.0,0.9007,2373.0
1753600872444,07:21:12.444,blofin,AERO/USDT:USDT,0.9002,561.0,0.8993,300.0,0.9004,4562.0,0.9013,1067.0
1753600873445,07:21:13.445,blofin,AERO/USDT:USDT,0.9002,560.0,0.8998,4324.0,0.9004,4539.0,0.9009,2187.0
1753600874461,07:21:14.461,blofin,AERO/USDT:USDT,0.9002,562.0,0.8998,4324.0,0.9004,4536.0,0.9009,2187.0
1753600875447,07:21:15.447,blofin,AERO/USDT:USDT,0.9002,560.0,0.8998,555.0,0.9004,3994.0,0.9011,725.0
1753600876445,07:21:16.445,blofin,AERO/USDT:USDT,0.9002,560.0,0.8998,555.0,0.9004,3979.0,0.901,7590.0
1753600877447,07:21:17.447,blofin,AERO/USDT:USDT,0.9002,560.0,0.8999,10888.0,0.9004,3979.0,0.9007,6322.0
1753600878448,07:21:18.448,blofin,AERO/USDT:USDT,0.9002,561.0,0.8995,650.0,0.9004,3979.0,0.9011,725.0
1753600879449,07:21:19.449,blofin,AERO/USDT:USDT,0.9002,563.0,0.8995,650.0,0.9004,3978.0,0.9013,340.0
1753600880450,07:21:20.450,blofin,AERO/USDT:USDT,0.9002,561.0,0.8995,650.0,0.9004,3978.0,0.9013,340.0
1753600881450,07:21:21.450,blofin,AERO/USDT:USDT,0.9002,679.0,0.8995,650.0,0.9004,3978.0,0.9013,340.0
1753600882451,07:21:22.451,blofin,AERO/USDT:USDT,0.9002,561.0,0.8995,650.0,0.9004,3978.0,0.9013,340.0
1753600883452,07:21:23.452,blofin,AERO/USDT:USDT,0.9002,679.0,0.9,10834.0,0.9004,3981.0,0.9007,6130.0
1753600884454,07:21:24.454,blofin,AERO/USDT:USDT,0.9002,678.0,0.9,10834.0,0.9004,3980.0,0.9007,6130.0
1753600885454,07:21:25.454,blofin,AERO/USDT:USDT,0.9002,678.0,0.8995,2630.0,0.9004,4374.0,0.9012,4080.0
1753600886456,07:21:26.456,blofin,AERO/USDT:USDT,0.9002,619.0,0.8999,2875.0,0.9004,4374.0,0.9007,8951.0
1753600887453,07:21:27.453,blofin,AERO/USDT:USDT,0.9002,619.0,0.8997,8991.0,0.9004,4374.0,0.9009,7922.0
1753600888456,07:21:28.456,blofin,AERO/USDT:USDT,0.9002,679.0,0.8995,650.0,0.9004,4374.0,0.9012,139.0
1753600889456,07:21:29.456,blofin,AERO/USDT:USDT,0.9002,679.0,0.8995,650.0,0.9004,4373.0,0.9013,340.0
1753600890458,07:21:30.458,blofin,AERO/USDT:USDT,0.9002,682.0,0.8995,2321.0,0.9004,4373.0,0.9011,5789.0
1753600891458,07:21:31.458,blofin,AERO/USDT:USDT,0.9002,680.0,0.8998,655.0,0.9004,4373.0,0.9009,188.0
1753600892458,07:21:32.458,blofin,AERO/USDT:USDT,0.9002,570.0,0.8995,650.0,0.9004,4373.0,0.9013,340.0
1753600893460,07:21:33.460,blofin,AERO/USDT:USDT,0.9002,570.0,0.8995,650.0,0.9004,4371.0,0.9013,10463.0
1753600894461,07:21:34.461,blofin,AERO/USDT:USDT,0.9002,572.0,0.8995,650.0,0.9004,4375.0,0.9013,10463.0
1753600895463,07:21:35.463,blofin,AERO/USDT:USDT,0.9002,641.0,0.8995,1454.0,0.9004,4375.0,0.9011,9929.0
1753600896464,07:21:36.464,blofin,AERO/USDT:USDT,0.9002,582.0,0.8997,1609.0,0.9004,4396.0,0.9009,9561.0
1753600897464,07:21:37.464,blofin,AERO/USDT:USDT,0.9002,582.0,0.8995,650.0,0.9004,4374.0,0.9013,340.0
1753600898465,07:21:38.465,blofin,AERO/USDT:USDT,0.9002,700.0,0.8997,16671.0,0.9004,4375.0,0.901,3122.0
1753600899465,07:21:39.465,blofin,AERO/USDT:USDT,0.9002,701.0,0.8997,16671.0,0.9004,4375.0,0.901,3122.0
1753600900467,07:21:40.467,blofin,AERO/USDT:USDT,0.9002,701.0,0.9,2874.0,0.9004,4375.0,0.9007,3955.0
1753600901467,07:21:41.467,blofin,AERO/USDT:USDT,0.9002,583.0,0.8997,8693.0,0.9004,4398.0,0.901,244.0
1753600902467,07:21:42.467,blofin,AERO/USDT:USDT,0.9002,592.0,0.8997,9583.0,0.9004,4457.0,0.901,3120.0
1753600903472,07:21:43.472,blofin,AERO/USDT:USDT,0.9002,592.0,0.8996,718.0,0.9004,4457.0,0.9013,340.0
1753600904481,07:21:44.481,blofin,AERO/USDT:USDT,0.9002,596.0,0.8992,658.0,0.9004,4457.0,0.9015,1059.0
1753600905468,07:21:45.468,blofin,AERO/USDT:USDT,0.9002,50.0,0.9,8467.0,0.9004,4737.0,0.9007,4018.0
1753600906470,07:21:46.470,blofin,AERO/USDT:USDT,0.9002,50.0,0.8993,136.0,0.9004,4737.0,0.9015,3045.0
1753600906793,07:21:46.793,blofin,AERO/USDT:USDT,0.9,44.0,0.8993,136.0,0.9002,4732.0,0.9004,5.0
1753600907470,07:21:47.470,blofin,AERO/USDT:USDT,0.9,714.0,0.8993,13919.0,0.9002,3969.0,0.9004,5.0
1753600908471,07:21:48.471,blofin,AERO/USDT:USDT,0.9,832.0,0.8993,136.0,0.9002,3970.0,0.9004,1.0
1753600909471,07:21:49.471,blofin,AERO/USDT:USDT,0.9,837.0,0.8991,1199.0,0.9002,3971.0,0.9004,1.0
1753600910471,07:21:50.471,blofin,AERO/USDT:USDT,0.9,837.0,0.8989,1199.0,0.9002,3974.0,0.9004,1.0
1753600911471,07:21:51.471,blofin,AERO/USDT:USDT,0.9,837.0,0.8994,2556.0,0.9002,3974.0,0.9004,1.0
1753600912472,07:21:52.472,blofin,AERO/USDT:USDT,0.9,836.0,0.8993,3138.0,0.9002,3974.0,0.9004,1.0
1753600913477,07:21:53.477,blofin,AERO/USDT:USDT,0.9,836.0,0.8998,860.0,0.9002,3973.0,0.9004,1.0
1753600914475,07:21:54.475,blofin,AERO/USDT:USDT,0.9,835.0,0.8998,860.0,0.9002,3971.0,0.9004,1.0
1753600915475,07:21:55.475,blofin,AERO/USDT:USDT,0.9,834.0,0.8995,14272.0,0.9002,3971.0,0.9004,1.0
1753600916477,07:21:56.477,blofin,AERO/USDT:USDT,0.9,834.0,0.8994,451.0,0.9002,3974.0,0.9004,1.0
1753600917478,07:21:57.478,blofin,AERO/USDT:USDT,0.9,837.0,0.8994,451.0,0.9002,3974.0,0.9004,1.0
1753600918478,07:21:58.478,blofin,AERO/USDT:USDT,0.9,837.0,0.8994,451.0,0.9002,3973.0,0.9004,1.0
1753600918695,07:21:58.695,blofin,AERO/USDT:USDT,0.9,837.0,0.8995,12631.0,0.9002,4.0,0.9004,3970.0
1753600919480,07:21:59.480,blofin,AERO/USDT:USDT,0.9002,835.0,0.8989,1199.0,0.9004,3973.0,0.9013,844.0
1753600919594,07:21:59.594,blofin,AERO/USDT:USDT,0.9002,3.0,0.9001,553.0,0.9004,4393.0,0.9015,839.0
1753600920481,07:22:00.481,blofin,AERO/USDT:USDT,0.9002,3.0,0.9001,930.0,0.9004,4393.0,0.9006,3678.0
1753600921482,07:22:01.482,blofin,AERO/USDT:USDT,0.9002,3.0,0.9001,812.0,0.9004,4456.0,0.9011,8914.0
1753600922482,07:22:02.482,blofin,AERO/USDT:USDT,0.9002,3.0,0.9001,812.0,0.9004,4397.0,0.9015,839.0
1753600922934,07:22:02.934,blofin,AERO/USDT:USDT,0.9001,817.0,0.8991,1306.0,0.9003,4391.0,0.9004,6.0
1753600923483,07:22:03.483,blofin,AERO/USDT:USDT,0.9001,567.0,0.8994,5800.0,0.9003,388.0,0.9004,6.0
1753600924483,07:22:04.483,blofin,AERO/USDT:USDT,0.9001,565.0,0.8994,5800.0,0.9003,391.0,0.9004,1.0
1753600925482,07:22:05.482,blofin,AERO/USDT:USDT,0.9001,683.0,0.8999,10953.0,0.9003,391.0,0.9004,1.0
1753600926483,07:22:06.483,blofin,AERO/USDT:USDT,0.9001,565.0,0.8998,3127.0,0.9003,391.0,0.9004,1.0
1753600927485,07:22:07.485,blofin,AERO/USDT:USDT,0.9001,565.0,0.8991,886.0,0.9003,393.0,0.9004,1.0
1753600929486,07:22:09.486,blofin,AERO/USDT:USDT,0.9001,684.0,0.8999,10125.0,0.9003,390.0,0.9004,1.0
1753600930487,07:22:10.487,blofin,AERO/USDT:USDT,0.9001,683.0,0.8994,497.0,0.9003,390.0,0.9004,1.0
1753600931487,07:22:11.487,blofin,AERO/USDT:USDT,0.9001,624.0,0.8994,5128.0,0.9003,389.0,0.9004,1.0
1753600932488,07:22:12.488,blofin,AERO/USDT:USDT,0.9001,565.0,0.8996,2883.0,0.9003,389.0,0.9004,1.0
1753600933490,07:22:13.490,blofin,AERO/USDT:USDT,0.9001,1109.0,0.899,1199.0,0.9003,388.0,0.9004,1.0
1753600934505,07:22:14.505,blofin,AERO/USDT:USDT,0.9001,1113.0,0.899,1199.0,0.9003,395.0,0.901,430.0
1753600935491,07:22:15.491,blofin,AERO/USDT:USDT,0.9001,1114.0,0.899,1199.0,0.9003,392.0,0.9014,840.0
1753600936489,07:22:16.489,blofin,AERO/USDT:USDT,0.9001,1114.0,0.8998,6868.0,0.9003,314.0,0.9007,5432.0
