timestamp,time,exchange,symbol,bid1_price,bid1_volume,bid2_price,bid2_volume,ask1_price,ask1_volume,ask2_price,ask2_volume
1753599992008,07:06:32.008,okx,1INCH/USDT:USDT,0.289,152.0,0.2889,29370.0,0.2891,4170.0,0.2892,12351.0
1753599992208,07:06:32.208,okx,1INCH/USDT:USDT,0.289,152.0,0.2889,29370.0,0.2891,4170.0,0.2892,12351.0
1753599992708,07:06:32.708,okx,1INCH/USDT:USDT,0.289,554.0,0.2889,29370.0,0.2891,3349.0,0.2892,12351.0
1753599992808,07:06:32.808,okx,1INCH/USDT:USDT,0.289,554.0,0.2889,29370.0,0.2891,3348.0,0.2892,12351.0
1753599993808,07:06:33.808,okx,1INCH/USDT:USDT,0.289,554.0,0.2889,28624.0,0.2891,3288.0,0.2892,12351.0
1753599994208,07:06:34.208,okx,1INCH/USDT:USDT,0.289,554.0,0.2889,28624.0,0.2891,3288.0,0.2892,12351.0
1753599995308,07:06:35.308,okx,1INCH/USDT:USDT,0.289,554.0,0.2889,28624.0,0.2891,3288.0,0.2892,12351.0
1753599995608,07:06:35.608,okx,1INCH/USDT:USDT,0.289,554.0,0.2889,29370.0,0.2891,3288.0,0.2892,12264.0
1753599995808,07:06:35.808,okx,1INCH/USDT:USDT,0.289,554.0,0.2889,28624.0,0.2891,3288.0,0.2892,13072.0
1753599996308,07:06:36.308,okx,1INCH/USDT:USDT,0.289,1339.0,0.2889,29370.0,0.2891,1112.0,0.2892,13072.0
1753599996508,07:06:36.508,okx,1INCH/USDT:USDT,0.289,1071.0,0.2889,29370.0,0.2891,1587.0,0.2892,13072.0
1753599997008,07:06:37.008,okx,1INCH/USDT:USDT,0.289,469.0,0.2889,28624.0,0.2891,4621.0,0.2892,13072.0
1753599997108,07:06:37.108,okx,1INCH/USDT:USDT,0.289,469.0,0.2889,28624.0,0.2891,3744.0,0.2892,13072.0
1753599997208,07:06:37.208,okx,1INCH/USDT:USDT,0.289,469.0,0.2889,28624.0,0.2891,1588.0,0.2892,13072.0
1753599997308,07:06:37.308,okx,1INCH/USDT:USDT,0.289,882.0,0.2889,28624.0,0.2891,1587.0,0.2892,13072.0
1753599997808,07:06:37.808,okx,1INCH/USDT:USDT,0.289,713.0,0.2889,25828.0,0.2891,1587.0,0.2892,13072.0
1753599998508,07:06:38.508,okx,1INCH/USDT:USDT,0.289,713.0,0.2889,25828.0,0.2891,1587.0,0.2892,13072.0
1753599998608,07:06:38.608,okx,1INCH/USDT:USDT,0.289,713.0,0.2889,25828.0,0.2891,1587.0,0.2892,13072.0
1753599998808,07:06:38.808,okx,1INCH/USDT:USDT,0.289,705.0,0.2889,25082.0,0.2891,1587.0,0.2892,13072.0
1753599999008,07:06:39.008,okx,1INCH/USDT:USDT,0.289,701.0,0.2889,25082.0,0.2891,1587.0,0.2892,13072.0
1753599999308,07:06:39.308,okx,1INCH/USDT:USDT,0.289,297.0,0.2889,25828.0,0.2891,3929.0,0.2892,13072.0
1753599999408,07:06:39.408,okx,1INCH/USDT:USDT,0.289,297.0,0.2889,25082.0,0.2891,3929.0,0.2892,13072.0
1753599999808,07:06:39.808,okx,1INCH/USDT:USDT,0.289,297.0,0.2889,25828.0,0.2891,3929.0,0.2892,13072.0
1753599999908,07:06:39.908,okx,1INCH/USDT:USDT,0.289,297.0,0.2889,25828.0,0.2891,3929.0,0.2892,13072.0
1753600000108,07:06:40.108,okx,1INCH/USDT:USDT,0.289,297.0,0.2889,25828.0,0.2891,3929.0,0.2892,13072.0
1753600000308,07:06:40.308,okx,1INCH/USDT:USDT,0.289,297.0,0.2889,25828.0,0.2891,3929.0,0.2892,13072.0
1753600000508,07:06:40.508,okx,1INCH/USDT:USDT,0.289,2178.0,0.2889,27556.0,0.2891,3928.0,0.2892,11372.0
1753600000908,07:06:40.908,okx,1INCH/USDT:USDT,0.289,2180.0,0.2889,27556.0,0.2891,3908.0,0.2892,10564.0
1753600001108,07:06:41.108,okx,1INCH/USDT:USDT,0.289,1892.0,0.2889,27556.0,0.2891,3908.0,0.2892,11310.0
1753600001308,07:06:41.308,okx,1INCH/USDT:USDT,0.289,1329.0,0.2889,27556.0,0.2891,4972.0,0.2892,11310.0
1753600001408,07:06:41.408,okx,1INCH/USDT:USDT,0.289,1594.0,0.2889,27556.0,0.2891,4972.0,0.2892,11310.0
1753600001708,07:06:41.708,okx,1INCH/USDT:USDT,0.289,1862.0,0.2889,27556.0,0.2891,4972.0,0.2892,11310.0
1753600002008,07:06:42.008,okx,1INCH/USDT:USDT,0.289,1862.0,0.2889,27556.0,0.2891,4972.0,0.2892,11310.0
1753600002808,07:06:42.808,okx,1INCH/USDT:USDT,0.289,1862.0,0.2889,27556.0,0.2891,10102.0,0.2892,7260.0
1753600003008,07:06:43.008,okx,1INCH/USDT:USDT,0.289,1862.0,0.2889,27556.0,0.2891,10102.0,0.2892,7260.0
1753600003508,07:06:43.508,okx,1INCH/USDT:USDT,0.289,1862.0,0.2889,27556.0,0.2891,10569.0,0.2892,7384.0
1753600004108,07:06:44.108,okx,1INCH/USDT:USDT,0.289,2150.0,0.2889,27556.0,0.2891,10569.0,0.2892,7384.0
1753600004508,07:06:44.508,okx,1INCH/USDT:USDT,0.289,1862.0,0.2889,27556.0,0.2891,10569.0,0.2892,7384.0
1753600005108,07:06:45.108,okx,1INCH/USDT:USDT,0.289,1862.0,0.2889,27556.0,0.2891,10569.0,0.2892,7384.0
1753600005308,07:06:45.308,okx,1INCH/USDT:USDT,0.289,1592.0,0.2889,27556.0,0.2891,10569.0,0.2892,8648.0
1753600005508,07:06:45.508,okx,1INCH/USDT:USDT,0.289,1862.0,0.2889,27556.0,0.2891,10569.0,0.2892,8648.0
1753600007008,07:06:47.008,okx,1INCH/USDT:USDT,0.289,1594.0,0.2889,27556.0,0.2891,10569.0,0.2892,8648.0
1753600007208,07:06:47.208,okx,1INCH/USDT:USDT,0.289,1008.0,0.2889,23123.0,0.2891,11583.0,0.2892,9259.0
1753600007308,07:06:47.308,okx,1INCH/USDT:USDT,0.2889,1.0,0.2888,79689.0,0.289,240.0,0.2891,16248.0
1753600007708,07:06:47.708,okx,1INCH/USDT:USDT,0.2888,80441.0,0.2887,11260.0,0.289,2141.0,0.2891,18550.0
1753600007908,07:06:47.908,okx,1INCH/USDT:USDT,0.2889,1417.0,0.2888,85794.0,0.289,1902.0,0.2891,18173.0
1753600008408,07:06:48.408,okx,1INCH/USDT:USDT,0.2889,733.0,0.2888,85794.0,0.289,6490.0,0.2891,13879.0
1753600008908,07:06:48.908,okx,1INCH/USDT:USDT,0.2889,733.0,0.2888,85794.0,0.289,6490.0,0.2891,13879.0
1753600009308,07:06:49.308,okx,1INCH/USDT:USDT,0.2889,733.0,0.2888,85794.0,0.289,6490.0,0.2891,13445.0
1753600009708,07:06:49.708,okx,1INCH/USDT:USDT,0.2889,733.0,0.2888,85794.0,0.289,6490.0,0.2891,13445.0
1753600009908,07:06:49.908,okx,1INCH/USDT:USDT,0.2889,733.0,0.2888,85794.0,0.289,6490.0,0.2891,13445.0
1753600010408,07:06:50.408,okx,1INCH/USDT:USDT,0.2889,3.0,0.2888,84609.0,0.289,6490.0,0.2891,13445.0
1753600010508,07:06:50.508,okx,1INCH/USDT:USDT,0.2889,3.0,0.2888,84609.0,0.289,6490.0,0.2891,13445.0
1753600010608,07:06:50.608,okx,1INCH/USDT:USDT,0.2889,3.0,0.2888,86197.0,0.289,6956.0,0.2891,13445.0
1753600010708,07:06:50.708,okx,1INCH/USDT:USDT,0.2889,3.0,0.2888,86197.0,0.289,6956.0,0.2891,13445.0
1753600010808,07:06:50.808,okx,1INCH/USDT:USDT,0.2889,182.0,0.2888,86197.0,0.289,6956.0,0.2891,13445.0
1753600011008,07:06:51.008,okx,1INCH/USDT:USDT,0.2889,182.0,0.2888,86197.0,0.289,6956.0,0.2891,13445.0
1753600011708,07:06:51.708,okx,1INCH/USDT:USDT,0.2889,857.0,0.2888,86197.0,0.289,6490.0,0.2891,12699.0
1753600012208,07:06:52.208,okx,1INCH/USDT:USDT,0.2889,857.0,0.2888,86197.0,0.289,6490.0,0.2891,12699.0
1753600012508,07:06:52.508,okx,1INCH/USDT:USDT,0.2889,1145.0,0.2888,86197.0,0.289,6489.0,0.2891,12699.0
1753600012708,07:06:52.708,okx,1INCH/USDT:USDT,0.2889,589.0,0.2888,86197.0,0.289,6490.0,0.2891,13445.0
1753600012808,07:06:52.808,okx,1INCH/USDT:USDT,0.2889,589.0,0.2888,86197.0,0.289,6490.0,0.2891,13445.0
1753600013108,07:06:53.108,okx,1INCH/USDT:USDT,0.2889,589.0,0.2888,86197.0,0.289,6489.0,0.2891,13445.0
1753600013308,07:06:53.308,okx,1INCH/USDT:USDT,0.2889,180.0,0.2888,86197.0,0.289,11880.0,0.2891,8315.0
1753600013408,07:06:53.408,okx,1INCH/USDT:USDT,0.2889,182.0,0.2888,86197.0,0.289,11879.0,0.2891,8315.0
1753600013908,07:06:53.908,okx,1INCH/USDT:USDT,0.2889,182.0,0.2888,86197.0,0.289,11880.0,0.2891,8315.0
1753600014108,07:06:54.108,okx,1INCH/USDT:USDT,0.2889,182.0,0.2888,86197.0,0.289,11880.0,0.2891,8315.0
1753600014308,07:06:54.308,okx,1INCH/USDT:USDT,0.2889,582.0,0.2888,86197.0,0.289,11880.0,0.2891,8315.0
1753600014608,07:06:54.608,okx,1INCH/USDT:USDT,0.2889,890.0,0.2888,86197.0,0.289,11880.0,0.2891,8315.0
1753600014708,07:06:54.708,okx,1INCH/USDT:USDT,0.2889,1158.0,0.2888,86197.0,0.289,11880.0,0.2891,7569.0
1753600015008,07:06:55.008,okx,1INCH/USDT:USDT,0.2889,602.0,0.2888,86197.0,0.289,11886.0,0.2891,8315.0
1753600015408,07:06:55.408,okx,1INCH/USDT:USDT,0.2889,3.0,0.2888,83950.0,0.289,12900.0,0.2891,8498.0
1753600015508,07:06:55.508,okx,1INCH/USDT:USDT,0.2889,3.0,0.2888,82362.0,0.289,12900.0,0.2891,8498.0
1753600015608,07:06:55.608,okx,1INCH/USDT:USDT,0.2889,3.0,0.2888,84522.0,0.289,12900.0,0.2891,8498.0
1753600015808,07:06:55.808,okx,1INCH/USDT:USDT,0.2889,3.0,0.2888,86481.0,0.289,12154.0,0.2891,8498.0
1753600016208,07:06:56.208,okx,1INCH/USDT:USDT,0.289,269.0,0.2889,21781.0,0.2891,927.0,0.2892,7768.0
1753600016608,07:06:56.608,okx,1INCH/USDT:USDT,0.2889,20633.0,0.2888,87311.0,0.2891,1145.0,0.2892,7021.0
1753600016708,07:06:56.708,okx,1INCH/USDT:USDT,0.289,1250.0,0.2889,20445.0,0.2891,929.0,0.2892,7021.0
1753600016908,07:06:56.908,okx,1INCH/USDT:USDT,0.289,822.0,0.2889,22173.0,0.2891,929.0,0.2892,7021.0
1753600017308,07:06:57.308,okx,1INCH/USDT:USDT,0.289,842.0,0.2889,22173.0,0.2891,929.0,0.2892,7539.0
1753600017408,07:06:57.408,okx,1INCH/USDT:USDT,0.2889,994.0,0.2888,87311.0,0.2891,1640.0,0.2892,11474.0
1753600017508,07:06:57.508,okx,1INCH/USDT:USDT,0.2889,3.0,0.2888,82483.0,0.289,2014.0,0.2891,9402.0
1753600017908,07:06:57.908,okx,1INCH/USDT:USDT,0.2889,3.0,0.2888,83229.0,0.289,1345.0,0.2891,12781.0
1753600018108,07:06:58.108,okx,1INCH/USDT:USDT,0.2889,3.0,0.2888,82483.0,0.289,1345.0,0.2891,12781.0
1753600018508,07:06:58.508,okx,1INCH/USDT:USDT,0.2889,3.0,0.2888,82483.0,0.289,4693.0,0.2891,12780.0
1753600019008,07:06:59.008,okx,1INCH/USDT:USDT,0.2889,3.0,0.2888,82483.0,0.289,2314.0,0.2891,11323.0
1753600019108,07:06:59.108,okx,1INCH/USDT:USDT,0.2889,3.0,0.2888,82483.0,0.289,2314.0,0.2891,11323.0
1753600019208,07:06:59.208,okx,1INCH/USDT:USDT,0.2889,3.0,0.2888,82483.0,0.289,2046.0,0.2891,11323.0
1753600019308,07:06:59.308,okx,1INCH/USDT:USDT,0.2889,3.0,0.2888,82483.0,0.289,2046.0,0.2891,11323.0
1753600019508,07:06:59.508,okx,1INCH/USDT:USDT,0.2889,415.0,0.2888,82483.0,0.289,365.0,0.2891,11323.0
1753600019708,07:06:59.708,okx,1INCH/USDT:USDT,0.2889,415.0,0.2888,85188.0,0.289,1586.0,0.2891,11323.0
1753600019808,07:06:59.808,okx,1INCH/USDT:USDT,0.2889,415.0,0.2888,85188.0,0.289,1586.0,0.2891,11323.0
1753600020008,07:07:00.008,okx,1INCH/USDT:USDT,0.2889,415.0,0.2888,85189.0,0.289,1586.0,0.2891,11323.0
1753600020108,07:07:00.108,okx,1INCH/USDT:USDT,0.2889,6.0,0.2888,85189.0,0.289,1816.0,0.2891,11323.0
1753600020208,07:07:00.208,okx,1INCH/USDT:USDT,0.2889,3.0,0.2888,83230.0,0.289,1817.0,0.2891,11323.0
1753600020308,07:07:00.308,okx,1INCH/USDT:USDT,0.2889,3.0,0.2888,83230.0,0.289,1817.0,0.2891,11323.0
1753600020408,07:07:00.408,okx,1INCH/USDT:USDT,0.2889,3.0,0.2888,83230.0,0.289,1817.0,0.2891,11323.0
1753600020608,07:07:00.608,okx,1INCH/USDT:USDT,0.2889,3.0,0.2888,83230.0,0.289,1817.0,0.2891,11323.0
1753600020708,07:07:00.708,okx,1INCH/USDT:USDT,0.2889,3.0,0.2888,82484.0,0.289,1817.0,0.2891,11323.0
1753600021108,07:07:01.108,okx,1INCH/USDT:USDT,0.2888,76134.0,0.2887,11265.0,0.289,2498.0,0.2891,10826.0
1753600021408,07:07:01.408,okx,1INCH/USDT:USDT,0.2889,1.0,0.2888,78708.0,0.289,2501.0,0.2891,10080.0
1753600021508,07:07:01.508,okx,1INCH/USDT:USDT,0.2889,44.0,0.2888,85344.0,0.289,2980.0,0.2891,11094.0
1753600021608,07:07:01.608,okx,1INCH/USDT:USDT,0.2889,44.0,0.2888,84869.0,0.289,1892.0,0.2891,11094.0
1753600022308,07:07:02.308,okx,1INCH/USDT:USDT,0.2889,44.0,0.2888,84123.0,0.289,2330.0,0.2891,11094.0
1753600022608,07:07:02.608,okx,1INCH/USDT:USDT,0.2889,45.0,0.2888,84123.0,0.289,3076.0,0.2891,11094.0
1753600023108,07:07:03.108,okx,1INCH/USDT:USDT,0.2889,45.0,0.2888,82502.0,0.289,3076.0,0.2891,11094.0
1753600023208,07:07:03.208,okx,1INCH/USDT:USDT,0.2889,45.0,0.2888,82502.0,0.289,2330.0,0.2891,11094.0
1753600024008,07:07:04.008,okx,1INCH/USDT:USDT,0.2889,44.0,0.2888,82502.0,0.289,3076.0,0.2891,13135.0
1753600024108,07:07:04.108,okx,1INCH/USDT:USDT,0.2887,1960.0,0.2886,12750.0,0.2888,362.0,0.2889,10200.0
1753600024208,07:07:04.208,okx,1INCH/USDT:USDT,0.2887,1.0,0.2886,9960.0,0.2888,674.0,0.2889,9526.0
1753600024308,07:07:04.308,okx,1INCH/USDT:USDT,0.2886,613.0,0.2885,9230.0,0.2888,1288.0,0.2889,9358.0
1753600024508,07:07:04.508,okx,1INCH/USDT:USDT,0.2886,1008.0,0.2885,9976.0,0.2888,1020.0,0.2889,10104.0
1753600024908,07:07:04.908,okx,1INCH/USDT:USDT,0.2886,977.0,0.2885,10244.0,0.2887,275.0,0.2888,10265.0
1753600025208,07:07:05.208,okx,1INCH/USDT:USDT,0.2886,977.0,0.2885,11152.0,0.2888,2715.0,0.2889,9948.0
1753600025308,07:07:05.308,okx,1INCH/USDT:USDT,0.2886,976.0,0.2885,11152.0,0.2888,5129.0,0.2889,9948.0
1753600025608,07:07:05.608,okx,1INCH/USDT:USDT,0.2886,977.0,0.2885,11152.0,0.2888,1481.0,0.2889,9948.0
1753600025708,07:07:05.708,okx,1INCH/USDT:USDT,0.2886,976.0,0.2885,9498.0,0.2888,3215.0,0.2889,9948.0
1753600025808,07:07:05.808,okx,1INCH/USDT:USDT,0.2886,976.0,0.2885,9498.0,0.2888,3215.0,0.2889,9948.0
1753600026308,07:07:06.308,okx,1INCH/USDT:USDT,0.2885,628.0,0.2884,7653.0,0.2887,2408.0,0.2888,10101.0
1753600026508,07:07:06.508,okx,1INCH/USDT:USDT,0.2885,454.0,0.2884,6907.0,0.2887,4218.0,0.2888,11567.0
1753600026608,07:07:06.608,okx,1INCH/USDT:USDT,0.2885,454.0,0.2884,6907.0,0.2887,4218.0,0.2888,11567.0
1753600026808,07:07:06.808,okx,1INCH/USDT:USDT,0.2885,977.0,0.2884,5984.0,0.2887,8272.0,0.2888,11567.0
1753600026908,07:07:06.908,okx,1INCH/USDT:USDT,0.2885,977.0,0.2884,5076.0,0.2886,232.0,0.2887,3896.0
1753600027008,07:07:07.008,okx,1INCH/USDT:USDT,0.2885,977.0,0.2884,5076.0,0.2887,8272.0,0.2888,11048.0
1753600027208,07:07:07.208,okx,1INCH/USDT:USDT,0.2885,426.0,0.2884,5076.0,0.2886,487.0,0.2887,10262.0
1753600027308,07:07:07.308,okx,1INCH/USDT:USDT,0.2885,978.0,0.2884,5076.0,0.2886,104.0,0.2887,8302.0
1753600027608,07:07:07.608,okx,1INCH/USDT:USDT,0.2885,417.0,0.2884,5076.0,0.2886,657.0,0.2887,11805.0
1753600027808,07:07:07.808,okx,1INCH/USDT:USDT,0.2885,24.0,0.2884,5076.0,0.2886,2566.0,0.2887,12324.0
1753600028008,07:07:08.008,okx,1INCH/USDT:USDT,0.2885,11.0,0.2884,3117.0,0.2886,4765.0,0.2887,12324.0
1753600028408,07:07:08.408,okx,1INCH/USDT:USDT,0.2883,3575.0,0.2882,13655.0,0.2884,6.0,0.2885,946.0
1753600028508,07:07:08.508,okx,1INCH/USDT:USDT,0.2883,3574.0,0.2882,13655.0,0.2884,6.0,0.2885,946.0
1753600029108,07:07:09.108,okx,1INCH/USDT:USDT,0.2883,3574.0,0.2882,13655.0,0.2884,6.0,0.2885,3422.0
1753600029308,07:07:09.308,okx,1INCH/USDT:USDT,0.2883,3142.0,0.2882,11927.0,0.2884,6.0,0.2885,3422.0
1753600029608,07:07:09.608,okx,1INCH/USDT:USDT,0.2885,855.0,0.2884,5622.0,0.2886,1602.0,0.2887,8128.0
1753600029808,07:07:09.808,okx,1INCH/USDT:USDT,0.2885,622.0,0.2884,4898.0,0.2886,1602.0,0.2887,10122.0
1753600029908,07:07:09.908,okx,1INCH/USDT:USDT,0.2885,622.0,0.2884,4898.0,0.2886,1602.0,0.2887,9376.0
1753600030108,07:07:10.108,okx,1INCH/USDT:USDT,0.2884,1542.0,0.2883,13273.0,0.2886,2773.0,0.2887,9854.0
1753600030808,07:07:10.808,okx,1INCH/USDT:USDT,0.2883,1640.0,0.2882,12897.0,0.2884,487.0,0.2885,3654.0
1753600031008,07:07:11.008,okx,1INCH/USDT:USDT,0.2883,1523.0,0.2882,12897.0,0.2884,88.0,0.2885,5390.0
1753600031108,07:07:11.108,okx,1INCH/USDT:USDT,0.2883,1095.0,0.2882,12897.0,0.2884,524.0,0.2885,3654.0
1753600031308,07:07:11.308,okx,1INCH/USDT:USDT,0.2882,3939.0,0.2881,11655.0,0.2884,1258.0,0.2885,5442.0
1753600031408,07:07:11.408,okx,1INCH/USDT:USDT,0.2882,4066.0,0.2881,11655.0,0.2884,1258.0,0.2885,6228.0
1753600031608,07:07:11.608,okx,1INCH/USDT:USDT,0.2882,4369.0,0.2881,11655.0,0.2884,1258.0,0.2885,6228.0
1753600031708,07:07:11.708,okx,1INCH/USDT:USDT,0.2882,4348.0,0.2881,11655.0,0.2884,1258.0,0.2885,6228.0
1753600031808,07:07:11.808,okx,1INCH/USDT:USDT,0.2882,4320.0,0.2881,11655.0,0.2884,1258.0,0.2885,6228.0
1753600031908,07:07:11.908,okx,1INCH/USDT:USDT,0.2882,3908.0,0.2881,11655.0,0.2884,1258.0,0.2885,6974.0
1753600032008,07:07:12.008,okx,1INCH/USDT:USDT,0.2882,3507.0,0.2881,11655.0,0.2884,1258.0,0.2885,6228.0
1753600032308,07:07:12.308,okx,1INCH/USDT:USDT,0.2885,588.0,0.2884,8486.0,0.2886,1661.0,0.2887,10034.0
1753600032508,07:07:12.508,okx,1INCH/USDT:USDT,0.2885,427.0,0.2884,6527.0,0.2886,1641.0,0.2887,10034.0
1753600032808,07:07:12.808,okx,1INCH/USDT:USDT,0.2885,826.0,0.2884,789.0,0.2886,3626.0,0.2887,10034.0
1753600033008,07:07:13.008,okx,1INCH/USDT:USDT,0.2885,592.0,0.2884,6020.0,0.2886,1825.0,0.2887,10034.0
1753600033108,07:07:13.108,okx,1INCH/USDT:USDT,0.2886,762.0,0.2885,1152.0,0.2887,1897.0,0.2888,12074.0
1753600033208,07:07:13.208,okx,1INCH/USDT:USDT,0.2886,886.0,0.2885,15021.0,0.2887,2300.0,0.2888,12430.0
1753600033308,07:07:13.308,okx,1INCH/USDT:USDT,0.2885,4125.0,0.2884,5945.0,0.2887,2300.0,0.2888,12430.0
1753600033708,07:07:13.708,okx,1INCH/USDT:USDT,0.2885,2927.0,0.2884,5945.0,0.2887,3314.0,0.2888,12948.0
1753600033808,07:07:13.808,okx,1INCH/USDT:USDT,0.2885,968.0,0.2884,5945.0,0.2887,3314.0,0.2888,12948.0
1753600033908,07:07:13.908,okx,1INCH/USDT:USDT,0.2885,968.0,0.2884,5945.0,0.2887,5421.0,0.2888,12948.0
1753600034008,07:07:14.008,okx,1INCH/USDT:USDT,0.2885,968.0,0.2884,6691.0,0.2887,5421.0,0.2888,12948.0
1753600034108,07:07:14.108,okx,1INCH/USDT:USDT,0.2885,1420.0,0.2884,6691.0,0.2887,4407.0,0.2888,12948.0
1753600034208,07:07:14.208,okx,1INCH/USDT:USDT,0.2885,1692.0,0.2884,6691.0,0.2887,2300.0,0.2888,12948.0
1753600034308,07:07:14.308,okx,1INCH/USDT:USDT,0.2885,1692.0,0.2884,6691.0,0.2887,2300.0,0.2888,12948.0
1753600034508,07:07:14.508,okx,1INCH/USDT:USDT,0.2885,1152.0,0.2884,6691.0,0.2887,3315.0,0.2888,12948.0
1753600034608,07:07:14.608,okx,1INCH/USDT:USDT,0.2885,1152.0,0.2884,6691.0,0.2887,3895.0,0.2888,12948.0
1753600034708,07:07:14.708,okx,1INCH/USDT:USDT,0.2885,968.0,0.2884,6691.0,0.2887,3895.0,0.2888,12948.0
1753600034808,07:07:14.808,okx,1INCH/USDT:USDT,0.2885,968.0,0.2884,6691.0,0.2887,3895.0,0.2888,12948.0
1753600035008,07:07:15.008,okx,1INCH/USDT:USDT,0.2885,968.0,0.2884,6691.0,0.2887,3895.0,0.2888,12948.0
1753600035108,07:07:15.108,okx,1INCH/USDT:USDT,0.2885,968.0,0.2884,6691.0,0.2887,3895.0,0.2888,12948.0
1753600035408,07:07:15.408,okx,1INCH/USDT:USDT,0.2885,968.0,0.2884,6145.0,0.2886,450.0,0.2887,7631.0
1753600035608,07:07:15.608,okx,1INCH/USDT:USDT,0.2885,932.0,0.2884,6145.0,0.2886,450.0,0.2887,7051.0
1753600036308,07:07:16.308,okx,1INCH/USDT:USDT,0.2885,592.0,0.2884,5399.0,0.2886,1588.0,0.2887,7468.0
1753600036408,07:07:16.408,okx,1INCH/USDT:USDT,0.2885,592.0,0.2884,5399.0,0.2886,1296.0,0.2887,7468.0
1753600036508,07:07:16.508,okx,1INCH/USDT:USDT,0.2885,929.0,0.2884,6145.0,0.2886,1296.0,0.2887,7468.0
1753600036708,07:07:16.708,okx,1INCH/USDT:USDT,0.2885,592.0,0.2884,5399.0,0.2886,1296.0,0.2887,6116.0
1753600036808,07:07:16.808,okx,1INCH/USDT:USDT,0.2884,598.0,0.2883,12622.0,0.2886,2158.0,0.2887,8838.0
1753600036908,07:07:16.908,okx,1INCH/USDT:USDT,0.2884,598.0,0.2883,12622.0,0.2886,2158.0,0.2887,8838.0
1753600037108,07:07:17.108,okx,1INCH/USDT:USDT,0.2884,598.0,0.2883,12622.0,0.2886,2158.0,0.2887,8838.0
1753600037208,07:07:17.208,okx,1INCH/USDT:USDT,0.2884,598.0,0.2883,12622.0,0.2886,2904.0,0.2887,8838.0
1753600037408,07:07:17.408,okx,1INCH/USDT:USDT,0.2884,598.0,0.2883,12622.0,0.2886,2821.0,0.2887,8838.0
1753600037508,07:07:17.508,okx,1INCH/USDT:USDT,0.2884,598.0,0.2883,12622.0,0.2886,2821.0,0.2887,8838.0
1753600037708,07:07:17.708,okx,1INCH/USDT:USDT,0.2884,598.0,0.2883,12622.0,0.2886,2075.0,0.2887,8838.0
1753600037908,07:07:17.908,okx,1INCH/USDT:USDT,0.2884,866.0,0.2883,12622.0,0.2886,2075.0,0.2887,7427.0
1753600038008,07:07:18.008,okx,1INCH/USDT:USDT,0.2884,866.0,0.2883,12622.0,0.2886,2075.0,0.2887,7427.0
1753600038208,07:07:18.208,okx,1INCH/USDT:USDT,0.2884,866.0,0.2883,12622.0,0.2886,2075.0,0.2887,7427.0
1753600038808,07:07:18.808,okx,1INCH/USDT:USDT,0.2884,1571.0,0.2883,12622.0,0.2886,1881.0,0.2887,6367.0
1753600038908,07:07:18.908,okx,1INCH/USDT:USDT,0.2884,1146.0,0.2883,12622.0,0.2886,1613.0,0.2887,5620.0
1753600039008,07:07:19.008,okx,1INCH/USDT:USDT,0.2884,1146.0,0.2883,12622.0,0.2886,1613.0,0.2887,5620.0
1753600039108,07:07:19.108,okx,1INCH/USDT:USDT,0.2884,1146.0,0.2883,12622.0,0.2886,1613.0,0.2887,6366.0
1753600039208,07:07:19.208,okx,1INCH/USDT:USDT,0.2884,1146.0,0.2883,12622.0,0.2886,1433.0,0.2887,7426.0
1753600040108,07:07:20.108,okx,1INCH/USDT:USDT,0.2884,1146.0,0.2883,12622.0,0.2886,1303.0,0.2887,6680.0
1753600040208,07:07:20.208,okx,1INCH/USDT:USDT,0.2884,1146.0,0.2883,12622.0,0.2886,1290.0,0.2887,6680.0
1753600040708,07:07:20.708,okx,1INCH/USDT:USDT,0.2884,1146.0,0.2883,12622.0,0.2886,1271.0,0.2887,6680.0
1753600040908,07:07:20.908,okx,1INCH/USDT:USDT,0.2884,1146.0,0.2883,12622.0,0.2886,1238.0,0.2887,6680.0
1753600041108,07:07:21.108,okx,1INCH/USDT:USDT,0.2884,1146.0,0.2883,12622.0,0.2886,1093.0,0.2887,6680.0
1753600041208,07:07:21.208,okx,1INCH/USDT:USDT,0.2884,1146.0,0.2883,12622.0,0.2886,1093.0,0.2887,6680.0
1753600041408,07:07:21.408,okx,1INCH/USDT:USDT,0.2884,606.0,0.2883,12890.0,0.2885,248.0,0.2886,6657.0
1753600041708,07:07:21.708,okx,1INCH/USDT:USDT,0.2884,606.0,0.2883,12890.0,0.2885,228.0,0.2886,9575.0
1753600041808,07:07:21.808,okx,1INCH/USDT:USDT,0.2884,606.0,0.2883,12890.0,0.2885,228.0,0.2886,7616.0
1753600041908,07:07:21.908,okx,1INCH/USDT:USDT,0.2884,606.0,0.2883,12890.0,0.2885,208.0,0.2886,7616.0
1753600042208,07:07:22.208,okx,1INCH/USDT:USDT,0.2884,606.0,0.2883,12890.0,0.2885,208.0,0.2886,7616.0
1753600042508,07:07:22.508,okx,1INCH/USDT:USDT,0.2884,606.0,0.2883,12890.0,0.2885,160.0,0.2886,9575.0
1753600042708,07:07:22.708,okx,1INCH/USDT:USDT,0.2884,606.0,0.2883,12890.0,0.2885,406.0,0.2886,8617.0
1753600043008,07:07:23.008,okx,1INCH/USDT:USDT,0.2884,606.0,0.2883,12862.0,0.2885,133.0,0.2886,8617.0
1753600043108,07:07:23.108,okx,1INCH/USDT:USDT,0.2884,606.0,0.2883,12862.0,0.2885,120.0,0.2886,8617.0
1753600043408,07:07:23.408,okx,1INCH/USDT:USDT,0.2884,551.0,0.2883,9496.0,0.2885,986.0,0.2886,10817.0
1753600043508,07:07:23.508,okx,1INCH/USDT:USDT,0.2884,11.0,0.2883,9496.0,0.2885,1943.0,0.2886,10817.0
1753600043608,07:07:23.608,okx,1INCH/USDT:USDT,0.2884,11.0,0.2883,9228.0,0.2885,2086.0,0.2886,11775.0
1753600043908,07:07:23.908,okx,1INCH/USDT:USDT,0.2884,11.0,0.2883,9228.0,0.2885,2272.0,0.2886,12294.0
1753600044008,07:07:24.008,okx,1INCH/USDT:USDT,0.2884,11.0,0.2883,9228.0,0.2885,2272.0,0.2886,12294.0
1753600044208,07:07:24.208,okx,1INCH/USDT:USDT,0.2884,13.0,0.2883,8515.0,0.2885,3023.0,0.2886,14446.0
1753600044408,07:07:24.408,okx,1INCH/USDT:USDT,0.2884,13.0,0.2883,8515.0,0.2885,3023.0,0.2886,14446.0
1753600044508,07:07:24.508,okx,1INCH/USDT:USDT,0.2884,13.0,0.2883,8515.0,0.2885,2396.0,0.2886,14446.0
1753600044608,07:07:24.608,okx,1INCH/USDT:USDT,0.2884,13.0,0.2883,8515.0,0.2885,2396.0,0.2886,14446.0
1753600044908,07:07:24.908,okx,1INCH/USDT:USDT,0.2884,13.0,0.2883,8515.0,0.2885,2396.0,0.2886,14446.0
1753600045008,07:07:25.008,okx,1INCH/USDT:USDT,0.2884,13.0,0.2883,8515.0,0.2885,2396.0,0.2886,14446.0
1753600045308,07:07:25.308,okx,1INCH/USDT:USDT,0.2884,13.0,0.2883,8515.0,0.2885,2987.0,0.2886,14446.0
1753600045408,07:07:25.408,okx,1INCH/USDT:USDT,0.2884,13.0,0.2883,8515.0,0.2885,3929.0,0.2886,14446.0
1753600045508,07:07:25.508,okx,1INCH/USDT:USDT,0.2884,13.0,0.2883,8515.0,0.2885,3338.0,0.2886,14446.0
1753600045608,07:07:25.608,okx,1INCH/USDT:USDT,0.2884,13.0,0.2883,8515.0,0.2885,3338.0,0.2886,14446.0
1753600045908,07:07:25.908,okx,1INCH/USDT:USDT,0.2884,13.0,0.2883,8515.0,0.2885,3338.0,0.2886,14446.0
1753600046108,07:07:26.108,okx,1INCH/USDT:USDT,0.2884,13.0,0.2883,8515.0,0.2885,3338.0,0.2886,14446.0
1753600046208,07:07:26.208,okx,1INCH/USDT:USDT,0.2884,951.0,0.2883,11848.0,0.2885,1716.0,0.2886,14307.0
1753600046608,07:07:26.608,okx,1INCH/USDT:USDT,0.2883,841.0,0.2882,17502.0,0.2884,225.0,0.2885,8464.0
1753600046808,07:07:26.808,okx,1INCH/USDT:USDT,0.2883,1022.0,0.2882,18664.0,0.2884,225.0,0.2885,7609.0
1753600047108,07:07:27.108,okx,1INCH/USDT:USDT,0.2883,867.0,0.2882,12926.0,0.2884,340.0,0.2885,8477.0
1753600047208,07:07:27.208,okx,1INCH/USDT:USDT,0.2883,869.0,0.2882,12926.0,0.2884,340.0,0.2885,8477.0
1753600047408,07:07:27.408,okx,1INCH/USDT:USDT,0.2883,29.0,0.2882,10967.0,0.2884,738.0,0.2885,8957.0
1753600047508,07:07:27.508,okx,1INCH/USDT:USDT,0.2883,812.0,0.2882,12926.0,0.2884,306.0,0.2885,8957.0
1753600047608,07:07:27.608,okx,1INCH/USDT:USDT,0.2883,812.0,0.2882,12926.0,0.2884,306.0,0.2885,8957.0
1753600047808,07:07:27.808,okx,1INCH/USDT:USDT,0.2883,29.0,0.2882,12393.0,0.2884,988.0,0.2885,8957.0
1753600047908,07:07:27.908,okx,1INCH/USDT:USDT,0.2883,29.0,0.2882,10434.0,0.2884,988.0,0.2885,8957.0
1753600048008,07:07:28.008,okx,1INCH/USDT:USDT,0.2883,29.0,0.2882,9382.0,0.2884,1701.0,0.2885,8957.0
1753600048108,07:07:28.108,okx,1INCH/USDT:USDT,0.2883,29.0,0.2882,9382.0,0.2884,1701.0,0.2885,8957.0
1753600048408,07:07:28.408,okx,1INCH/USDT:USDT,0.2883,29.0,0.2882,9382.0,0.2884,1701.0,0.2885,9476.0
1753600048708,07:07:28.708,okx,1INCH/USDT:USDT,0.2881,6940.0,0.288,14599.0,0.2883,2844.0,0.2884,10376.0
1753600048808,07:07:28.808,okx,1INCH/USDT:USDT,0.2881,5388.0,0.288,14599.0,0.2883,2844.0,0.2884,10376.0
1753600048908,07:07:28.908,okx,1INCH/USDT:USDT,0.2881,5733.0,0.288,14598.0,0.2883,2844.0,0.2884,10974.0
1753600049008,07:07:29.008,okx,1INCH/USDT:USDT,0.2882,287.0,0.2881,8543.0,0.2883,326.0,0.2884,10974.0
1753600049208,07:07:29.208,okx,1INCH/USDT:USDT,0.2882,553.0,0.2881,13389.0,0.2883,326.0,0.2884,9881.0
1753600049808,07:07:29.808,okx,1INCH/USDT:USDT,0.2882,281.0,0.2881,13392.0,0.2883,326.0,0.2884,9881.0
1753600049908,07:07:29.908,okx,1INCH/USDT:USDT,0.2882,281.0,0.2881,13392.0,0.2883,313.0,0.2884,9867.0
1753600050908,07:07:30.908,okx,1INCH/USDT:USDT,0.2882,531.0,0.2881,13392.0,0.2883,313.0,0.2884,7663.0
1753600051008,07:07:31.008,okx,1INCH/USDT:USDT,0.2882,531.0,0.2881,13392.0,0.2883,313.0,0.2884,7663.0
1753600051208,07:07:31.208,okx,1INCH/USDT:USDT,0.2882,967.0,0.2881,14210.0,0.2883,1346.0,0.2884,6992.0
1753600051908,07:07:31.908,okx,1INCH/USDT:USDT,0.2882,714.0,0.2881,14210.0,0.2883,1326.0,0.2884,9510.0
1753600052108,07:07:32.108,okx,1INCH/USDT:USDT,0.2882,967.0,0.2881,14210.0,0.2883,1460.0,0.2884,9510.0
1753600052208,07:07:32.208,okx,1INCH/USDT:USDT,0.2882,967.0,0.2881,14210.0,0.2883,478.0,0.2884,5033.0
1753600052308,07:07:32.308,okx,1INCH/USDT:USDT,0.2882,714.0,0.2881,14210.0,0.2883,414.0,0.2884,5033.0
1753600052408,07:07:32.408,okx,1INCH/USDT:USDT,0.2882,714.0,0.2881,14210.0,0.2883,394.0,0.2884,6992.0
1753600052908,07:07:32.908,okx,1INCH/USDT:USDT,0.2882,714.0,0.2881,14210.0,0.2883,394.0,0.2884,6992.0
1753600053308,07:07:33.308,okx,1INCH/USDT:USDT,0.2882,714.0,0.2881,14210.0,0.2883,533.0,0.2884,6992.0
1753600053408,07:07:33.408,okx,1INCH/USDT:USDT,0.2882,714.0,0.2881,14210.0,0.2883,533.0,0.2884,6992.0
1753600053508,07:07:33.508,okx,1INCH/USDT:USDT,0.2882,967.0,0.2881,14210.0,0.2883,533.0,0.2884,6992.0
1753600053708,07:07:33.708,okx,1INCH/USDT:USDT,0.2882,967.0,0.2881,14210.0,0.2883,533.0,0.2884,6992.0
1753600054108,07:07:34.108,okx,1INCH/USDT:USDT,0.2882,2451.0,0.2881,14210.0,0.2883,463.0,0.2884,4850.0
1753600054208,07:07:34.208,okx,1INCH/USDT:USDT,0.2882,2451.0,0.2881,14210.0,0.2883,461.0,0.2884,5959.0
1753600054308,07:07:34.308,okx,1INCH/USDT:USDT,0.2882,2451.0,0.2881,14210.0,0.2883,463.0,0.2884,5959.0
1753600054708,07:07:34.708,okx,1INCH/USDT:USDT,0.2882,2451.0,0.2881,14210.0,0.2883,463.0,0.2884,4850.0
1753600055008,07:07:35.008,okx,1INCH/USDT:USDT,0.2882,2451.0,0.2881,14210.0,0.2883,450.0,0.2884,4850.0
1753600055208,07:07:35.208,okx,1INCH/USDT:USDT,0.2882,2451.0,0.2881,14210.0,0.2883,450.0,0.2884,4850.0
1753600055308,07:07:35.308,okx,1INCH/USDT:USDT,0.2882,2451.0,0.2881,14210.0,0.2883,450.0,0.2884,4850.0
1753600055408,07:07:35.408,okx,1INCH/USDT:USDT,0.2882,2451.0,0.2881,14210.0,0.2883,411.0,0.2884,4850.0
1753600055508,07:07:35.508,okx,1INCH/USDT:USDT,0.2882,2451.0,0.2881,14210.0,0.2883,411.0,0.2884,4850.0
1753600055908,07:07:35.908,okx,1INCH/USDT:USDT,0.2883,1184.0,0.2882,14420.0,0.2884,1660.0,0.2885,11283.0
1753600056208,07:07:36.208,okx,1INCH/USDT:USDT,0.2883,1186.0,0.2882,14420.0,0.2884,1647.0,0.2885,11283.0
1753600056408,07:07:36.408,okx,1INCH/USDT:USDT,0.2883,1186.0,0.2882,14420.0,0.2884,1724.0,0.2885,11283.0
1753600056508,07:07:36.508,okx,1INCH/USDT:USDT,0.2883,1186.0,0.2882,15162.0,0.2884,1655.0,0.2885,11283.0
1753600056708,07:07:36.708,okx,1INCH/USDT:USDT,0.2883,1186.0,0.2882,15162.0,0.2884,1609.0,0.2885,11283.0
1753600057208,07:07:37.208,okx,1INCH/USDT:USDT,0.2883,1186.0,0.2882,15162.0,0.2884,493.0,0.2885,10567.0
1753600057308,07:07:37.308,okx,1INCH/USDT:USDT,0.2883,3340.0,0.2882,15162.0,0.2884,66.0,0.2885,8214.0
1753600057608,07:07:37.608,okx,1INCH/USDT:USDT,0.2883,3340.0,0.2882,15166.0,0.2884,40.0,0.2885,8214.0
1753600057708,07:07:37.708,okx,1INCH/USDT:USDT,0.2883,3340.0,0.2882,15166.0,0.2884,27.0,0.2885,8214.0
1753600057908,07:07:37.908,okx,1INCH/USDT:USDT,0.2883,3340.0,0.2882,15166.0,0.2884,14.0,0.2885,8214.0
1753600058108,07:07:38.108,okx,1INCH/USDT:USDT,0.2883,3340.0,0.2882,15166.0,0.2884,8.0,0.2885,8214.0
1753600058208,07:07:38.208,okx,1INCH/USDT:USDT,0.2883,3340.0,0.2882,15166.0,0.2884,8.0,0.2885,8214.0
1753600058408,07:07:38.408,okx,1INCH/USDT:USDT,0.2884,1646.0,0.2883,15000.0,0.2885,1304.0,0.2886,13776.0
1753600058508,07:07:38.508,okx,1INCH/USDT:USDT,0.2884,981.0,0.2883,13578.0,0.2885,2915.0,0.2886,13776.0
1753600059208,07:07:39.208,okx,1INCH/USDT:USDT,0.2884,828.0,0.2883,13578.0,0.2885,3633.0,0.2886,14492.0
1753600059308,07:07:39.308,okx,1INCH/USDT:USDT,0.2884,828.0,0.2883,13578.0,0.2885,3633.0,0.2886,14492.0
1753600060308,07:07:40.308,okx,1INCH/USDT:USDT,0.2884,828.0,0.2883,12836.0,0.2885,3628.0,0.2886,14734.0
1753600060408,07:07:40.408,okx,1INCH/USDT:USDT,0.2884,828.0,0.2883,12836.0,0.2885,3628.0,0.2886,14734.0
1753600060608,07:07:40.608,okx,1INCH/USDT:USDT,0.2884,826.0,0.2883,12836.0,0.2885,3580.0,0.2886,14730.0
1753600061008,07:07:41.008,okx,1INCH/USDT:USDT,0.2884,828.0,0.2883,12836.0,0.2885,3580.0,0.2886,14730.0
1753600061108,07:07:41.108,okx,1INCH/USDT:USDT,0.2884,828.0,0.2883,12836.0,0.2885,3580.0,0.2886,14730.0
1753600061408,07:07:41.408,okx,1INCH/USDT:USDT,0.2884,2137.0,0.2883,12836.0,0.2885,3580.0,0.2886,14730.0
1753600061508,07:07:41.508,okx,1INCH/USDT:USDT,0.2884,2137.0,0.2883,12836.0,0.2885,3580.0,0.2886,14730.0
1753600062108,07:07:42.108,okx,1INCH/USDT:USDT,0.2884,2137.0,0.2883,12836.0,0.2885,3554.0,0.2886,14492.0
1753600062308,07:07:42.308,okx,1INCH/USDT:USDT,0.2884,1899.0,0.2883,12836.0,0.2885,3555.0,0.2886,14722.0
1753600062508,07:07:42.508,okx,1INCH/USDT:USDT,0.2884,1899.0,0.2883,12836.0,0.2885,3558.0,0.2886,14722.0
1753600062608,07:07:42.608,okx,1INCH/USDT:USDT,0.2884,1899.0,0.2883,12836.0,0.2885,3538.0,0.2886,14722.0
1753600062908,07:07:42.908,okx,1INCH/USDT:USDT,0.2884,1899.0,0.2883,12836.0,0.2885,3538.0,0.2886,14722.0
1753600063008,07:07:43.008,okx,1INCH/USDT:USDT,0.2884,1899.0,0.2883,12836.0,0.2885,3538.0,0.2886,14722.0
1753600063108,07:07:43.108,okx,1INCH/USDT:USDT,0.2884,1071.0,0.2883,8243.0,0.2885,3632.0,0.2886,14203.0
1753600063208,07:07:43.208,okx,1INCH/USDT:USDT,0.2884,1073.0,0.2883,10202.0,0.2885,6087.0,0.2886,14203.0
1753600063408,07:07:43.408,okx,1INCH/USDT:USDT,0.2884,1073.0,0.2883,10202.0,0.2885,8829.0,0.2886,14203.0
1753600063508,07:07:43.508,okx,1INCH/USDT:USDT,0.2884,1073.0,0.2883,10202.0,0.2885,8829.0,0.2886,14203.0
1753600063708,07:07:43.708,okx,1INCH/USDT:USDT,0.2884,1073.0,0.2883,10202.0,0.2885,8781.0,0.2886,13973.0
1753600063808,07:07:43.808,okx,1INCH/USDT:USDT,0.2884,1073.0,0.2883,10202.0,0.2885,8563.0,0.2886,13973.0
1753600063908,07:07:43.908,okx,1INCH/USDT:USDT,0.2884,1073.0,0.2883,10202.0,0.2885,8563.0,0.2886,13973.0
1753600064008,07:07:44.008,okx,1INCH/USDT:USDT,0.2884,1073.0,0.2883,10202.0,0.2885,8563.0,0.2886,13973.0
1753600064308,07:07:44.308,okx,1INCH/USDT:USDT,0.2884,1073.0,0.2883,10202.0,0.2885,8550.0,0.2886,13973.0
1753600064408,07:07:44.408,okx,1INCH/USDT:USDT,0.2884,1073.0,0.2883,10202.0,0.2885,8680.0,0.2886,13973.0
1753600065008,07:07:45.008,okx,1INCH/USDT:USDT,0.2884,1073.0,0.2883,10202.0,0.2885,8456.0,0.2886,13973.0
1753600065108,07:07:45.108,okx,1INCH/USDT:USDT,0.2884,1073.0,0.2883,10202.0,0.2885,8456.0,0.2886,13973.0
1753600065208,07:07:45.208,okx,1INCH/USDT:USDT,0.2884,1073.0,0.2883,10202.0,0.2885,8456.0,0.2886,13973.0
1753600065408,07:07:45.408,okx,1INCH/USDT:USDT,0.2884,1073.0,0.2883,10202.0,0.2885,8456.0,0.2886,13973.0
1753600065508,07:07:45.508,okx,1INCH/USDT:USDT,0.2883,1055.0,0.2882,11949.0,0.2885,13020.0,0.2886,13973.0
1753600065708,07:07:45.708,okx,1INCH/USDT:USDT,0.2883,676.0,0.2882,11949.0,0.2885,13258.0,0.2886,13973.0
1753600065808,07:07:45.808,okx,1INCH/USDT:USDT,0.2883,676.0,0.2882,11949.0,0.2885,13258.0,0.2886,13973.0
1753600065908,07:07:45.908,okx,1INCH/USDT:USDT,0.2883,676.0,0.2882,11949.0,0.2885,13021.0,0.2886,13973.0
1753600066008,07:07:46.008,okx,1INCH/USDT:USDT,0.2883,676.0,0.2882,11949.0,0.2885,13021.0,0.2886,13973.0
1753600066108,07:07:46.108,okx,1INCH/USDT:USDT,0.2883,676.0,0.2882,11949.0,0.2885,13021.0,0.2886,13973.0
1753600066408,07:07:46.408,okx,1INCH/USDT:USDT,0.2883,678.0,0.2882,12186.0,0.2884,179.0,0.2885,11686.0
1753600066608,07:07:46.608,okx,1INCH/USDT:USDT,0.2885,1670.0,0.2884,6720.0,0.2887,6128.0,0.2888,17749.0
1753600066708,07:07:46.708,okx,1INCH/USDT:USDT,0.2885,1670.0,0.2884,8871.0,0.2887,596.0,0.2888,8141.0
1753600067108,07:07:47.108,okx,1INCH/USDT:USDT,0.2885,1417.0,0.2884,8871.0,0.2887,4858.0,0.2888,9660.0
1753600067308,07:07:47.308,okx,1INCH/USDT:USDT,0.2885,1417.0,0.2884,8871.0,0.2887,5589.0,0.2888,12231.0
1753600067408,07:07:47.408,okx,1INCH/USDT:USDT,0.2885,1417.0,0.2884,8871.0,0.2887,4500.0,0.2888,12231.0
1753600067908,07:07:47.908,okx,1INCH/USDT:USDT,0.2885,1426.0,0.2884,7982.0,0.2887,5019.0,0.2888,12231.0
1753600068108,07:07:48.108,okx,1INCH/USDT:USDT,0.2885,1426.0,0.2884,7982.0,0.2887,5019.0,0.2888,12231.0
1753600068208,07:07:48.208,okx,1INCH/USDT:USDT,0.2885,1247.0,0.2884,7982.0,0.2887,5019.0,0.2888,12231.0
1753600068408,07:07:48.408,okx,1INCH/USDT:USDT,0.2885,1249.0,0.2884,7982.0,0.2886,319.0,0.2887,9429.0
1753600068508,07:07:48.508,okx,1INCH/USDT:USDT,0.2885,837.0,0.2884,7364.0,0.2886,1063.0,0.2887,11388.0
1753600068708,07:07:48.708,okx,1INCH/USDT:USDT,0.2885,837.0,0.2884,7364.0,0.2886,1063.0,0.2887,11388.0
1753600069608,07:07:49.608,okx,1INCH/USDT:USDT,0.2885,837.0,0.2884,1419.0,0.2886,3508.0,0.2887,12822.0
1753600069708,07:07:49.708,okx,1INCH/USDT:USDT,0.2885,837.0,0.2884,1419.0,0.2886,3508.0,0.2887,12822.0
1753600069808,07:07:49.808,okx,1INCH/USDT:USDT,0.2885,837.0,0.2884,1419.0,0.2886,3508.0,0.2887,12822.0
1753600070008,07:07:50.008,okx,1INCH/USDT:USDT,0.2885,837.0,0.2884,1419.0,0.2886,3508.0,0.2887,12822.0
1753600070208,07:07:50.208,okx,1INCH/USDT:USDT,0.2885,837.0,0.2884,1240.0,0.2886,2970.0,0.2887,12785.0
1753600070308,07:07:50.308,okx,1INCH/USDT:USDT,0.2885,11.0,0.2884,1240.0,0.2886,3364.0,0.2887,12785.0
1753600070708,07:07:50.708,okx,1INCH/USDT:USDT,0.2885,11.0,0.2884,1240.0,0.2886,3364.0,0.2887,12785.0
1753600070908,07:07:50.908,okx,1INCH/USDT:USDT,0.2885,11.0,0.2884,1240.0,0.2886,3364.0,0.2887,12785.0
1753600071208,07:07:51.208,okx,1INCH/USDT:USDT,0.2885,11.0,0.2884,1240.0,0.2886,4082.0,0.2887,12785.0
1753600071408,07:07:51.408,okx,1INCH/USDT:USDT,0.2885,11.0,0.2884,1240.0,0.2886,4082.0,0.2887,12785.0
1753600071808,07:07:51.808,okx,1INCH/USDT:USDT,0.2885,11.0,0.2884,1240.0,0.2886,4082.0,0.2887,12785.0
1753600071908,07:07:51.908,okx,1INCH/USDT:USDT,0.2885,11.0,0.2884,1240.0,0.2886,4082.0,0.2887,12785.0
1753600072208,07:07:52.208,okx,1INCH/USDT:USDT,0.2885,11.0,0.2884,1240.0,0.2886,4082.0,0.2887,12785.0
1753600072308,07:07:52.308,okx,1INCH/USDT:USDT,0.2885,11.0,0.2884,1240.0,0.2886,4082.0,0.2887,15448.0
1753600072708,07:07:52.708,okx,1INCH/USDT:USDT,0.2885,11.0,0.2884,1240.0,0.2886,4082.0,0.2887,15448.0
1753600073108,07:07:53.108,okx,1INCH/USDT:USDT,0.2885,11.0,0.2884,1240.0,0.2886,4479.0,0.2887,15448.0
1753600073208,07:07:53.208,okx,1INCH/USDT:USDT,0.2885,11.0,0.2884,1240.0,0.2886,4497.0,0.2887,15448.0
1753600073908,07:07:53.908,okx,1INCH/USDT:USDT,0.2885,11.0,0.2884,1240.0,0.2886,6050.0,0.2887,15452.0
1753600074008,07:07:54.008,okx,1INCH/USDT:USDT,0.2885,11.0,0.2884,1240.0,0.2886,6050.0,0.2887,15452.0
1753600074208,07:07:54.208,okx,1INCH/USDT:USDT,0.2885,11.0,0.2884,1240.0,0.2886,6050.0,0.2887,15452.0
1753600074608,07:07:54.608,okx,1INCH/USDT:USDT,0.2885,11.0,0.2884,1240.0,0.2886,7835.0,0.2887,15452.0
1753600074808,07:07:54.808,okx,1INCH/USDT:USDT,0.2882,6033.0,0.2881,15316.0,0.2884,5032.0,0.2885,12278.0
1753600074908,07:07:54.908,okx,1INCH/USDT:USDT,0.2882,6447.0,0.2881,15316.0,0.2884,5032.0,0.2885,12278.0
1753600075208,07:07:55.208,okx,1INCH/USDT:USDT,0.2882,6674.0,0.2881,15316.0,0.2884,3459.0,0.2885,12278.0
1753600075308,07:07:55.308,okx,1INCH/USDT:USDT,0.2882,6674.0,0.2881,15316.0,0.2884,3459.0,0.2885,12278.0
1753600075508,07:07:55.508,okx,1INCH/USDT:USDT,0.2882,6674.0,0.2881,15316.0,0.2884,3459.0,0.2885,12278.0
1753600075808,07:07:55.808,okx,1INCH/USDT:USDT,0.2882,6672.0,0.2881,14796.0,0.2884,3459.0,0.2885,10683.0
1753600075908,07:07:55.908,okx,1INCH/USDT:USDT,0.2882,6672.0,0.2881,14796.0,0.2884,3459.0,0.2885,10683.0
1753600076208,07:07:56.208,okx,1INCH/USDT:USDT,0.2882,6259.0,0.2881,14796.0,0.2884,3459.0,0.2885,10683.0
1753600076308,07:07:56.308,okx,1INCH/USDT:USDT,0.2882,3160.0,0.2881,15173.0,0.2883,607.0,0.2884,6210.0
1753600076408,07:07:56.408,okx,1INCH/USDT:USDT,0.2882,1613.0,0.2881,15173.0,0.2883,607.0,0.2884,6215.0
1753600076808,07:07:56.808,okx,1INCH/USDT:USDT,0.2882,1205.0,0.2881,14796.0,0.2883,607.0,0.2884,6215.0
1753600076908,07:07:56.908,okx,1INCH/USDT:USDT,0.2882,1232.0,0.2881,15240.0,0.2883,660.0,0.2884,6215.0
1753600077008,07:07:57.008,okx,1INCH/USDT:USDT,0.2882,1232.0,0.2881,15240.0,0.2883,660.0,0.2884,6215.0
1753600077508,07:07:57.508,okx,1INCH/USDT:USDT,0.2882,1232.0,0.2881,15240.0,0.2883,660.0,0.2884,6215.0
1753600078008,07:07:58.008,okx,1INCH/USDT:USDT,0.2882,1644.0,0.2881,15240.0,0.2883,660.0,0.2884,6215.0
1753600079108,07:07:59.108,okx,1INCH/USDT:USDT,0.2882,1232.0,0.2881,15240.0,0.2883,660.0,0.2884,6215.0
1753600079308,07:07:59.308,okx,1INCH/USDT:USDT,0.2882,1232.0,0.2881,15240.0,0.2883,660.0,0.2884,6215.0
1753600079708,07:07:59.708,okx,1INCH/USDT:USDT,0.2882,1870.0,0.2881,15240.0,0.2883,660.0,0.2884,6215.0
1753600079908,07:07:59.908,okx,1INCH/USDT:USDT,0.2882,1870.0,0.2881,15240.0,0.2883,660.0,0.2884,6215.0
1753600080208,07:08:00.208,okx,1INCH/USDT:USDT,0.2882,1584.0,0.2881,16508.0,0.2883,660.0,0.2884,7176.0
1753600080308,07:08:00.308,okx,1INCH/USDT:USDT,0.2883,828.0,0.2882,19461.0,0.2884,2069.0,0.2885,10270.0
1753600080708,07:08:00.708,okx,1INCH/USDT:USDT,0.2883,828.0,0.2882,19191.0,0.2884,1809.0,0.2885,10270.0
1753600081008,07:08:01.008,okx,1INCH/USDT:USDT,0.2883,869.0,0.2882,19606.0,0.2884,1809.0,0.2885,10270.0
1753600081108,07:08:01.108,okx,1INCH/USDT:USDT,0.2883,869.0,0.2882,19199.0,0.2884,1809.0,0.2885,10270.0
1753600081208,07:08:01.208,okx,1INCH/USDT:USDT,0.2883,869.0,0.2882,19199.0,0.2884,1809.0,0.2885,10270.0
1753600081408,07:08:01.408,okx,1INCH/USDT:USDT,0.2883,869.0,0.2882,19199.0,0.2884,1809.0,0.2885,10270.0
1753600081708,07:08:01.708,okx,1INCH/USDT:USDT,0.2883,881.0,0.2882,19199.0,0.2884,1809.0,0.2885,10270.0
1753600082108,07:08:02.108,okx,1INCH/USDT:USDT,0.2883,55.0,0.2882,16688.0,0.2884,2461.0,0.2885,10270.0
1753600082608,07:08:02.608,okx,1INCH/USDT:USDT,0.2883,55.0,0.2882,8261.0,0.2884,2760.0,0.2885,10270.0
1753600083108,07:08:03.108,okx,1INCH/USDT:USDT,0.2883,55.0,0.2882,8261.0,0.2884,8141.0,0.2885,11238.0
1753600083208,07:08:03.208,okx,1INCH/USDT:USDT,0.2883,55.0,0.2882,8261.0,0.2884,8141.0,0.2885,11238.0
1753600083308,07:08:03.308,okx,1INCH/USDT:USDT,0.2883,55.0,0.2882,8261.0,0.2884,8141.0,0.2885,11238.0
1753600083908,07:08:03.908,okx,1INCH/USDT:USDT,0.2883,55.0,0.2882,8261.0,0.2884,8141.0,0.2885,11238.0
1753600084208,07:08:04.208,okx,1INCH/USDT:USDT,0.2883,55.0,0.2882,8261.0,0.2884,7598.0,0.2885,11238.0
1753600084408,07:08:04.408,okx,1INCH/USDT:USDT,0.2883,55.0,0.2882,8261.0,0.2884,7842.0,0.2885,11238.0
1753600085908,07:08:05.908,okx,1INCH/USDT:USDT,0.2883,55.0,0.2882,8261.0,0.2884,7842.0,0.2885,12436.0
1753600086008,07:08:06.008,okx,1INCH/USDT:USDT,0.2883,55.0,0.2882,8261.0,0.2884,7842.0,0.2885,13002.0
1753600086408,07:08:06.408,okx,1INCH/USDT:USDT,0.2883,55.0,0.2882,8261.0,0.2884,7959.0,0.2885,13002.0
1753600086608,07:08:06.608,okx,1INCH/USDT:USDT,0.2883,431.0,0.2882,8261.0,0.2884,6188.0,0.2885,13002.0
1753600086908,07:08:06.908,okx,1INCH/USDT:USDT,0.2883,445.0,0.2882,10627.0,0.2884,1609.0,0.2885,12436.0
1753600087008,07:08:07.008,okx,1INCH/USDT:USDT,0.2883,446.0,0.2882,10627.0,0.2884,1611.0,0.2885,12436.0
1753600087308,07:08:07.308,okx,1INCH/USDT:USDT,0.2883,55.0,0.2882,8261.0,0.2884,2437.0,0.2885,12436.0
1753600087908,07:08:07.908,okx,1INCH/USDT:USDT,0.2883,430.0,0.2882,10627.0,0.2884,1786.0,0.2885,12436.0
1753600088208,07:08:08.208,okx,1INCH/USDT:USDT,0.2883,982.0,0.2882,13850.0,0.2884,432.0,0.2885,11804.0
1753600088408,07:08:08.408,okx,1INCH/USDT:USDT,0.2883,982.0,0.2882,13850.0,0.2884,222.0,0.2885,10831.0
1753600088508,07:08:08.508,okx,1INCH/USDT:USDT,0.2883,982.0,0.2882,13850.0,0.2884,155.0,0.2885,10831.0
1753600089108,07:08:09.108,okx,1INCH/USDT:USDT,0.2883,887.0,0.2882,13850.0,0.2884,482.0,0.2885,10831.0
1753600089208,07:08:09.208,okx,1INCH/USDT:USDT,0.2883,887.0,0.2882,13850.0,0.2884,482.0,0.2885,10831.0
1753600089308,07:08:09.308,okx,1INCH/USDT:USDT,0.2883,1157.0,0.2882,13850.0,0.2884,482.0,0.2885,10831.0
1753600089908,07:08:09.908,okx,1INCH/USDT:USDT,0.2883,1157.0,0.2882,13850.0,0.2884,482.0,0.2885,10831.0
1753600090108,07:08:10.108,okx,1INCH/USDT:USDT,0.2883,887.0,0.2882,13850.0,0.2884,482.0,0.2885,10831.0
1753600090308,07:08:10.308,okx,1INCH/USDT:USDT,0.2883,1157.0,0.2882,13850.0,0.2884,482.0,0.2885,10831.0
1753600090408,07:08:10.408,okx,1INCH/USDT:USDT,0.2883,1157.0,0.2882,13850.0,0.2884,482.0,0.2885,10831.0
1753600090908,07:08:10.908,okx,1INCH/USDT:USDT,0.2883,1157.0,0.2882,13850.0,0.2884,482.0,0.2885,10831.0
1753600091108,07:08:11.108,okx,1INCH/USDT:USDT,0.2883,1157.0,0.2882,13850.0,0.2884,482.0,0.2885,10831.0
1753600091208,07:08:11.208,okx,1INCH/USDT:USDT,0.2883,1157.0,0.2882,13850.0,0.2884,657.0,0.2885,10831.0
1753600091408,07:08:11.408,okx,1INCH/USDT:USDT,0.2883,2095.0,0.2882,13850.0,0.2884,657.0,0.2885,10831.0
1753600092008,07:08:12.008,okx,1INCH/USDT:USDT,0.2883,1851.0,0.2882,13850.0,0.2884,657.0,0.2885,11238.0
1753600092208,07:08:12.208,okx,1INCH/USDT:USDT,0.2883,1851.0,0.2882,13850.0,0.2884,657.0,0.2885,11238.0
1753600092808,07:08:12.808,okx,1INCH/USDT:USDT,0.2883,1851.0,0.2882,13443.0,0.2884,1098.0,0.2885,11238.0
1753600093108,07:08:13.108,okx,1INCH/USDT:USDT,0.2883,1851.0,0.2882,13850.0,0.2884,1098.0,0.2885,11238.0
1753600093208,07:08:13.208,okx,1INCH/USDT:USDT,0.2883,1851.0,0.2882,13850.0,0.2884,1098.0,0.2885,11238.0
1753600093808,07:08:13.808,okx,1INCH/USDT:USDT,0.2883,1851.0,0.2882,15118.0,0.2884,679.0,0.2885,11238.0
1753600093908,07:08:13.908,okx,1INCH/USDT:USDT,0.2883,1851.0,0.2882,15118.0,0.2884,679.0,0.2885,11238.0
1753600094408,07:08:14.408,okx,1INCH/USDT:USDT,0.2883,1851.0,0.2882,15118.0,0.2884,1199.0,0.2885,11238.0
1753600095308,07:08:15.308,okx,1INCH/USDT:USDT,0.2883,1851.0,0.2882,15118.0,0.2884,1199.0,0.2885,11238.0
1753600095508,07:08:15.508,okx,1INCH/USDT:USDT,0.2883,1851.0,0.2882,15118.0,0.2884,1204.0,0.2885,11238.0
1753600095808,07:08:15.808,okx,1INCH/USDT:USDT,0.2883,1851.0,0.2882,15118.0,0.2884,1204.0,0.2885,11238.0
1753600095908,07:08:15.908,okx,1INCH/USDT:USDT,0.2883,1851.0,0.2882,14711.0,0.2884,960.0,0.2885,11238.0
1753600096408,07:08:16.408,okx,1INCH/USDT:USDT,0.2883,1851.0,0.2882,15118.0,0.2884,970.0,0.2885,11238.0
1753600096908,07:08:16.908,okx,1INCH/USDT:USDT,0.2883,1851.0,0.2882,15118.0,0.2884,970.0,0.2885,11238.0
1753600097308,07:08:17.308,okx,1INCH/USDT:USDT,0.2883,1851.0,0.2882,15118.0,0.2884,970.0,0.2885,11238.0
1753600097808,07:08:17.808,okx,1INCH/USDT:USDT,0.2883,3321.0,0.2882,15118.0,0.2884,970.0,0.2885,11238.0
1753600099108,07:08:19.108,okx,1INCH/USDT:USDT,0.2883,3336.0,0.2882,15118.0,0.2884,970.0,0.2885,11238.0
1753600100108,07:08:20.108,okx,1INCH/USDT:USDT,0.2883,3336.0,0.2882,15118.0,0.2884,972.0,0.2885,11238.0
1753600101108,07:08:21.108,okx,1INCH/USDT:USDT,0.2883,3336.0,0.2882,15118.0,0.2884,1011.0,0.2885,11238.0
1753600101208,07:08:21.208,okx,1INCH/USDT:USDT,0.2883,3336.0,0.2882,15118.0,0.2884,1011.0,0.2885,11238.0
1753600101308,07:08:21.308,okx,1INCH/USDT:USDT,0.2883,3336.0,0.2882,15118.0,0.2884,1011.0,0.2885,11238.0
1753600101408,07:08:21.408,okx,1INCH/USDT:USDT,0.2883,3336.0,0.2882,15118.0,0.2884,1011.0,0.2885,11238.0
1753600101508,07:08:21.508,okx,1INCH/USDT:USDT,0.2883,3336.0,0.2882,15118.0,0.2884,1011.0,0.2885,11238.0
1753600102208,07:08:22.208,okx,1INCH/USDT:USDT,0.2883,3336.0,0.2882,15118.0,0.2884,1011.0,0.2885,11238.0
1753600102408,07:08:22.408,okx,1INCH/USDT:USDT,0.2883,3336.0,0.2882,15118.0,0.2884,1011.0,0.2885,11238.0
1753600102508,07:08:22.508,okx,1INCH/USDT:USDT,0.2883,3336.0,0.2882,15118.0,0.2884,1255.0,0.2885,11238.0
1753600102608,07:08:22.608,okx,1INCH/USDT:USDT,0.2883,2924.0,0.2882,15118.0,0.2884,1255.0,0.2885,11238.0
1753600102808,07:08:22.808,okx,1INCH/USDT:USDT,0.2883,2924.0,0.2882,15118.0,0.2884,1255.0,0.2885,11238.0
1753600103008,07:08:23.008,okx,1INCH/USDT:USDT,0.2883,2924.0,0.2882,15118.0,0.2884,1011.0,0.2885,11238.0
1753600103108,07:08:23.108,okx,1INCH/USDT:USDT,0.2883,2924.0,0.2882,15118.0,0.2884,1255.0,0.2885,11238.0
1753600103708,07:08:23.708,okx,1INCH/USDT:USDT,0.2883,2928.0,0.2882,15118.0,0.2884,1255.0,0.2885,11238.0
1753600105108,07:08:25.108,okx,1INCH/USDT:USDT,0.2883,2928.0,0.2882,15118.0,0.2884,1026.0,0.2885,11238.0
1753600105208,07:08:25.208,okx,1INCH/USDT:USDT,0.2883,2928.0,0.2882,15118.0,0.2884,1623.0,0.2885,11238.0
1753600105308,07:08:25.308,okx,1INCH/USDT:USDT,0.2883,2928.0,0.2882,15118.0,0.2884,1623.0,0.2885,11238.0
1753600105908,07:08:25.908,okx,1INCH/USDT:USDT,0.2883,3198.0,0.2882,15118.0,0.2884,1379.0,0.2885,10831.0
1753600106008,07:08:26.008,okx,1INCH/USDT:USDT,0.2883,3198.0,0.2882,15118.0,0.2884,1379.0,0.2885,11238.0
1753600106608,07:08:26.608,okx,1INCH/USDT:USDT,0.2883,3198.0,0.2882,15118.0,0.2884,1379.0,0.2885,10831.0
1753600107408,07:08:27.408,okx,1INCH/USDT:USDT,0.2883,3198.0,0.2882,15118.0,0.2884,1379.0,0.2885,10831.0
1753600107608,07:08:27.608,okx,1INCH/USDT:USDT,0.2883,2928.0,0.2882,12489.0,0.2884,1379.0,0.2885,11238.0
1753600107708,07:08:27.708,okx,1INCH/USDT:USDT,0.2883,2928.0,0.2882,12489.0,0.2884,1379.0,0.2885,11614.0
1753600109108,07:08:29.108,okx,1INCH/USDT:USDT,0.2883,2928.0,0.2882,13559.0,0.2884,1379.0,0.2885,11614.0
1753600109708,07:08:29.708,okx,1INCH/USDT:USDT,0.2883,2928.0,0.2882,13559.0,0.2884,1379.0,0.2885,11614.0
1753600109808,07:08:29.808,okx,1INCH/USDT:USDT,0.2883,2887.0,0.2882,13559.0,0.2884,1379.0,0.2885,11614.0
1753600110008,07:08:30.008,okx,1INCH/USDT:USDT,0.2883,2887.0,0.2882,13559.0,0.2884,1379.0,0.2885,11614.0
1753600110308,07:08:30.308,okx,1INCH/USDT:USDT,0.2883,2887.0,0.2882,13559.0,0.2884,1379.0,0.2885,11614.0
1753600110908,07:08:30.908,okx,1INCH/USDT:USDT,0.2883,2887.0,0.2882,13559.0,0.2884,1379.0,0.2885,11614.0
1753600113708,07:08:33.708,okx,1INCH/USDT:USDT,0.2883,2887.0,0.2882,13559.0,0.2884,1798.0,0.2885,11614.0
1753600114608,07:08:34.608,okx,1INCH/USDT:USDT,0.2883,2886.0,0.2882,13604.0,0.2884,2118.0,0.2885,13209.0
1753600114808,07:08:34.808,okx,1INCH/USDT:USDT,0.2883,2886.0,0.2882,10814.0,0.2884,2168.0,0.2885,13209.0
1753600114908,07:08:34.908,okx,1INCH/USDT:USDT,0.2882,41.0,0.2881,16678.0,0.2883,762.0,0.2884,11563.0
1753600115008,07:08:35.008,okx,1INCH/USDT:USDT,0.2882,453.0,0.2881,17132.0,0.2883,283.0,0.2884,11564.0
1753600115208,07:08:35.208,okx,1INCH/USDT:USDT,0.2882,1843.0,0.2881,17544.0,0.2883,105.0,0.2884,5026.0
1753600115508,07:08:35.508,okx,1INCH/USDT:USDT,0.2882,1845.0,0.2881,17132.0,0.2883,107.0,0.2884,7601.0
1753600115608,07:08:35.608,okx,1INCH/USDT:USDT,0.2882,1845.0,0.2881,17132.0,0.2883,107.0,0.2884,7601.0
1753600116308,07:08:36.308,okx,1INCH/USDT:USDT,0.2882,1845.0,0.2881,17132.0,0.2883,107.0,0.2884,7425.0
1753600116408,07:08:36.408,okx,1INCH/USDT:USDT,0.2882,1845.0,0.2881,17132.0,0.2883,651.0,0.2884,6893.0
1753600116608,07:08:36.608,okx,1INCH/USDT:USDT,0.2882,3113.0,0.2881,17132.0,0.2883,651.0,0.2884,6893.0
1753600116708,07:08:36.708,okx,1INCH/USDT:USDT,0.2882,2845.0,0.2881,17132.0,0.2883,651.0,0.2884,6893.0
1753600117408,07:08:37.408,okx,1INCH/USDT:USDT,0.2882,2844.0,0.2881,17132.0,0.2883,2555.0,0.2884,6893.0
1753600117608,07:08:37.608,okx,1INCH/USDT:USDT,0.2882,2844.0,0.2881,17132.0,0.2883,2555.0,0.2884,6893.0
1753600117708,07:08:37.708,okx,1INCH/USDT:USDT,0.2882,2844.0,0.2881,17132.0,0.2883,2555.0,0.2884,6893.0
1753600117808,07:08:37.808,okx,1INCH/USDT:USDT,0.2882,2844.0,0.2881,17132.0,0.2883,2555.0,0.2884,8852.0
1753600117908,07:08:37.908,okx,1INCH/USDT:USDT,0.2882,2844.0,0.2881,17132.0,0.2883,2555.0,0.2884,8852.0
1753600118308,07:08:38.308,okx,1INCH/USDT:USDT,0.2882,2844.0,0.2881,17132.0,0.2883,2555.0,0.2884,8852.0
1753600118808,07:08:38.808,okx,1INCH/USDT:USDT,0.2882,2844.0,0.2881,17132.0,0.2883,2555.0,0.2884,8852.0
1753600119408,07:08:39.408,okx,1INCH/USDT:USDT,0.2882,3112.0,0.2881,17132.0,0.2883,2745.0,0.2884,8852.0
1753600120108,07:08:40.108,okx,1INCH/USDT:USDT,0.2882,3112.0,0.2881,17132.0,0.2883,2745.0,0.2884,8852.0
1753600120208,07:08:40.208,okx,1INCH/USDT:USDT,0.2882,4380.0,0.2881,19389.0,0.2883,2745.0,0.2884,8852.0
1753600120308,07:08:40.308,okx,1INCH/USDT:USDT,0.2882,4380.0,0.2881,19389.0,0.2883,2745.0,0.2884,8852.0
1753600120508,07:08:40.508,okx,1INCH/USDT:USDT,0.2882,4380.0,0.2881,19389.0,0.2883,2745.0,0.2884,8852.0
1753600120808,07:08:40.808,okx,1INCH/USDT:USDT,0.2883,2014.0,0.2882,13637.0,0.2884,653.0,0.2885,10831.0
1753600121008,07:08:41.008,okx,1INCH/USDT:USDT,0.2884,1077.0,0.2883,2014.0,0.2885,7220.0,0.2886,11446.0
1753600121108,07:08:41.108,okx,1INCH/USDT:USDT,0.2884,1426.0,0.2883,20283.0,0.2885,835.0,0.2886,8468.0
1753600121308,07:08:41.308,okx,1INCH/USDT:USDT,0.2884,1838.0,0.2883,20283.0,0.2885,4.0,0.2886,8468.0
1753600121608,07:08:41.608,okx,1INCH/USDT:USDT,0.2884,1838.0,0.2883,20283.0,0.2885,4.0,0.2886,6509.0
1753600122508,07:08:42.508,okx,1INCH/USDT:USDT,0.2884,1838.0,0.2883,20283.0,0.2885,4.0,0.2886,6509.0
1753600122908,07:08:42.908,okx,1INCH/USDT:USDT,0.2884,1838.0,0.2883,20283.0,0.2885,4.0,0.2886,6509.0
1753600123408,07:08:43.408,okx,1INCH/USDT:USDT,0.2884,1601.0,0.2883,20283.0,0.2885,1150.0,0.2886,6509.0
1753600124008,07:08:44.008,okx,1INCH/USDT:USDT,0.2884,1601.0,0.2883,20557.0,0.2885,1159.0,0.2886,6509.0
1753600124108,07:08:44.108,okx,1INCH/USDT:USDT,0.2884,1601.0,0.2883,20557.0,0.2885,1159.0,0.2886,6509.0
1753600124308,07:08:44.308,okx,1INCH/USDT:USDT,0.2884,1601.0,0.2883,20557.0,0.2885,1159.0,0.2886,6509.0
1753600124508,07:08:44.508,okx,1INCH/USDT:USDT,0.2884,1601.0,0.2883,20557.0,0.2885,1159.0,0.2886,6509.0
1753600125108,07:08:45.108,okx,1INCH/USDT:USDT,0.2884,1601.0,0.2883,20557.0,0.2885,1159.0,0.2886,6509.0
1753600125908,07:08:45.908,okx,1INCH/USDT:USDT,0.2884,1601.0,0.2883,20557.0,0.2885,1159.0,0.2886,6509.0
1753600126008,07:08:46.008,okx,1INCH/USDT:USDT,0.2884,1601.0,0.2883,20557.0,0.2885,1159.0,0.2886,6509.0
1753600126608,07:08:46.608,okx,1INCH/USDT:USDT,0.2884,1601.0,0.2883,20557.0,0.2885,1159.0,0.2886,6509.0
1753600126908,07:08:46.908,okx,1INCH/USDT:USDT,0.2884,1601.0,0.2883,20557.0,0.2885,1159.0,0.2886,6509.0
1753600127108,07:08:47.108,okx,1INCH/USDT:USDT,0.2884,2013.0,0.2883,20557.0,0.2885,1159.0,0.2886,5858.0
1753600127208,07:08:47.208,okx,1INCH/USDT:USDT,0.2884,2013.0,0.2883,20557.0,0.2885,1159.0,0.2886,5858.0
1753600127308,07:08:47.308,okx,1INCH/USDT:USDT,0.2885,1425.0,0.2884,6307.0,0.2886,653.0,0.2887,12699.0
1753600127408,07:08:47.408,okx,1INCH/USDT:USDT,0.2885,1425.0,0.2884,8675.0,0.2886,1226.0,0.2887,12699.0
1753600127608,07:08:47.608,okx,1INCH/USDT:USDT,0.2885,1426.0,0.2884,8675.0,0.2886,453.0,0.2887,12699.0
1753600127708,07:08:47.708,okx,1INCH/USDT:USDT,0.2885,1426.0,0.2884,8675.0,0.2886,453.0,0.2887,12699.0
1753600127808,07:08:47.808,okx,1INCH/USDT:USDT,0.2885,1426.0,0.2884,8675.0,0.2886,453.0,0.2887,12699.0
1753600128008,07:08:48.008,okx,1INCH/USDT:USDT,0.2885,1426.0,0.2884,8675.0,0.2886,453.0,0.2887,12699.0
1753600128208,07:08:48.208,okx,1INCH/USDT:USDT,0.2885,1426.0,0.2884,8675.0,0.2886,453.0,0.2887,12699.0
1753600128308,07:08:48.308,okx,1INCH/USDT:USDT,0.2885,1426.0,0.2884,8675.0,0.2886,470.0,0.2887,12699.0
1753600128408,07:08:48.408,okx,1INCH/USDT:USDT,0.2885,1426.0,0.2884,8675.0,0.2886,470.0,0.2887,12699.0
1753600129008,07:08:49.008,okx,1INCH/USDT:USDT,0.2885,1426.0,0.2884,8675.0,0.2886,470.0,0.2887,12699.0
1753600130008,07:08:50.008,okx,1INCH/USDT:USDT,0.2885,828.0,0.2884,8675.0,0.2886,651.0,0.2887,13227.0
1753600130108,07:08:50.108,okx,1INCH/USDT:USDT,0.2885,828.0,0.2884,8675.0,0.2886,651.0,0.2887,13227.0
1753600130408,07:08:50.408,okx,1INCH/USDT:USDT,0.2885,1456.0,0.2884,8675.0,0.2886,651.0,0.2887,12699.0
1753600131708,07:08:51.708,okx,1INCH/USDT:USDT,0.2885,1456.0,0.2884,8675.0,0.2886,651.0,0.2887,12699.0
1753600132108,07:08:52.108,okx,1INCH/USDT:USDT,0.2885,1866.0,0.2884,8675.0,0.2886,470.0,0.2887,12699.0
1753600132308,07:08:52.308,okx,1INCH/USDT:USDT,0.2885,1456.0,0.2884,8675.0,0.2886,470.0,0.2887,12699.0
1753600132408,07:08:52.408,okx,1INCH/USDT:USDT,0.2885,1456.0,0.2884,8675.0,0.2886,470.0,0.2887,12699.0
1753600132608,07:08:52.608,okx,1INCH/USDT:USDT,0.2885,1456.0,0.2884,8675.0,0.2886,470.0,0.2887,11894.0
1753600132908,07:08:52.908,okx,1INCH/USDT:USDT,0.2885,1637.0,0.2884,8675.0,0.2886,470.0,0.2887,9935.0
1753600133208,07:08:53.208,okx,1INCH/USDT:USDT,0.2885,1636.0,0.2884,8675.0,0.2886,648.0,0.2887,9935.0
1753600133608,07:08:53.608,okx,1INCH/USDT:USDT,0.2885,1039.0,0.2884,8675.0,0.2886,648.0,0.2887,10463.0
1753600133708,07:08:53.708,okx,1INCH/USDT:USDT,0.2885,1307.0,0.2884,8675.0,0.2886,648.0,0.2887,10463.0
1753600134208,07:08:54.208,okx,1INCH/USDT:USDT,0.2885,1636.0,0.2884,8675.0,0.2886,648.0,0.2887,9935.0
1753600134908,07:08:54.908,okx,1INCH/USDT:USDT,0.2885,1636.0,0.2884,8675.0,0.2886,648.0,0.2887,9935.0
1753600135008,07:08:55.008,okx,1INCH/USDT:USDT,0.2885,1636.0,0.2884,8675.0,0.2886,648.0,0.2887,9935.0
1753600136108,07:08:56.108,okx,1INCH/USDT:USDT,0.2885,32.0,0.2884,5843.0,0.2886,1040.0,0.2887,12191.0
1753600136308,07:08:56.308,okx,1INCH/USDT:USDT,0.2885,953.0,0.2884,6739.0,0.2886,824.0,0.2887,12191.0
1753600136408,07:08:56.408,okx,1INCH/USDT:USDT,0.2885,1282.0,0.2884,8231.0,0.2886,648.0,0.2887,11663.0
1753600136508,07:08:56.508,okx,1INCH/USDT:USDT,0.2885,1284.0,0.2884,8231.0,0.2886,648.0,0.2887,11663.0
1753600137108,07:08:57.108,okx,1INCH/USDT:USDT,0.2885,1553.0,0.2884,8231.0,0.2886,648.0,0.2887,12877.0
1753600137208,07:08:57.208,okx,1INCH/USDT:USDT,0.2885,1553.0,0.2884,8231.0,0.2886,648.0,0.2887,12877.0
1753600137308,07:08:57.308,okx,1INCH/USDT:USDT,0.2885,1553.0,0.2884,8231.0,0.2886,648.0,0.2887,12877.0
1753600137508,07:08:57.508,okx,1INCH/USDT:USDT,0.2885,1553.0,0.2884,8231.0,0.2886,648.0,0.2887,12877.0
1753600137908,07:08:57.908,okx,1INCH/USDT:USDT,0.2885,1553.0,0.2884,8231.0,0.2886,648.0,0.2887,12877.0
1753600138208,07:08:58.208,okx,1INCH/USDT:USDT,0.2885,1729.0,0.2884,8231.0,0.2886,648.0,0.2887,12877.0
1753600138308,07:08:58.308,okx,1INCH/USDT:USDT,0.2885,1729.0,0.2884,8231.0,0.2886,648.0,0.2887,12877.0
1753600138408,07:08:58.408,okx,1INCH/USDT:USDT,0.2885,955.0,0.2884,8231.0,0.2886,648.0,0.2887,13405.0
1753600138608,07:08:58.608,okx,1INCH/USDT:USDT,0.2885,583.0,0.2884,8231.0,0.2886,648.0,0.2887,13405.0
1753600138908,07:08:58.908,okx,1INCH/USDT:USDT,0.2885,1587.0,0.2884,8231.0,0.2886,648.0,0.2887,12877.0
1753600139608,07:08:59.608,okx,1INCH/USDT:USDT,0.2885,1180.0,0.2884,8231.0,0.2886,859.0,0.2887,13405.0
1753600139708,07:08:59.708,okx,1INCH/USDT:USDT,0.2885,851.0,0.2884,8231.0,0.2886,859.0,0.2887,13405.0
1753600140108,07:09:00.108,okx,1INCH/USDT:USDT,0.2885,1180.0,0.2884,8231.0,0.2886,1742.0,0.2887,12877.0
1753600140308,07:09:00.308,okx,1INCH/USDT:USDT,0.2885,851.0,0.2884,8231.0,0.2886,1754.0,0.2887,13405.0
1753600140808,07:09:00.808,okx,1INCH/USDT:USDT,0.2885,583.0,0.2884,8231.0,0.2886,1816.0,0.2887,13751.0
1753600140908,07:09:00.908,okx,1INCH/USDT:USDT,0.2885,583.0,0.2884,8231.0,0.2886,1817.0,0.2887,13763.0
1753600141308,07:09:01.308,okx,1INCH/USDT:USDT,0.2885,583.0,0.2884,8231.0,0.2886,1817.0,0.2887,13763.0
1753600141408,07:09:01.408,okx,1INCH/USDT:USDT,0.2885,583.0,0.2884,8231.0,0.2886,1817.0,0.2887,13763.0
1753600142008,07:09:02.008,okx,1INCH/USDT:USDT,0.2885,579.0,0.2884,8231.0,0.2886,6571.0,0.2887,12834.0
1753600142108,07:09:02.108,okx,1INCH/USDT:USDT,0.2885,579.0,0.2884,8231.0,0.2886,6571.0,0.2887,12834.0
1753600142608,07:09:02.608,okx,1INCH/USDT:USDT,0.2885,579.0,0.2884,8231.0,0.2886,6571.0,0.2887,12834.0
1753600142708,07:09:02.708,okx,1INCH/USDT:USDT,0.2885,315.0,0.2884,6460.0,0.2886,6839.0,0.2887,12834.0
1753600143108,07:09:03.108,okx,1INCH/USDT:USDT,0.2885,315.0,0.2884,6460.0,0.2886,6571.0,0.2887,12834.0
1753600143208,07:09:03.208,okx,1INCH/USDT:USDT,0.2885,315.0,0.2884,6460.0,0.2886,6839.0,0.2887,12834.0
1753600143408,07:09:03.408,okx,1INCH/USDT:USDT,0.2885,315.0,0.2884,6460.0,0.2886,6571.0,0.2887,12834.0
1753600143608,07:09:03.608,okx,1INCH/USDT:USDT,0.2885,315.0,0.2884,6460.0,0.2886,6571.0,0.2887,12834.0
1753600143808,07:09:03.808,okx,1INCH/USDT:USDT,0.2885,315.0,0.2884,6460.0,0.2886,6571.0,0.2887,12834.0
1753600144008,07:09:04.008,okx,1INCH/USDT:USDT,0.2885,315.0,0.2884,6460.0,0.2886,6571.0,0.2887,12834.0
1753600144108,07:09:04.108,okx,1INCH/USDT:USDT,0.2885,315.0,0.2884,6460.0,0.2886,6571.0,0.2887,12834.0
1753600144208,07:09:04.208,okx,1INCH/USDT:USDT,0.2885,3930.0,0.2884,7151.0,0.2886,5365.0,0.2887,9953.0
1753600144508,07:09:04.508,okx,1INCH/USDT:USDT,0.2885,2254.0,0.2884,8419.0,0.2886,5365.0,0.2887,8739.0
1753600144908,07:09:04.908,okx,1INCH/USDT:USDT,0.2885,3522.0,0.2884,7151.0,0.2886,5365.0,0.2887,8739.0
1753600145108,07:09:05.108,okx,1INCH/USDT:USDT,0.2885,3603.0,0.2884,7334.0,0.2886,5417.0,0.2887,8739.0
1753600145208,07:09:05.208,okx,1INCH/USDT:USDT,0.2885,3603.0,0.2884,7334.0,0.2886,5417.0,0.2887,8739.0
1753600145408,07:09:05.408,okx,1INCH/USDT:USDT,0.2885,3603.0,0.2884,7334.0,0.2886,5418.0,0.2887,8739.0
1753600145508,07:09:05.508,okx,1INCH/USDT:USDT,0.2885,3603.0,0.2884,7334.0,0.2886,5655.0,0.2887,8910.0
1753600145608,07:09:05.608,okx,1INCH/USDT:USDT,0.2885,3603.0,0.2884,7334.0,0.2886,5655.0,0.2887,8910.0
1753600145908,07:09:05.908,okx,1INCH/USDT:USDT,0.2885,3603.0,0.2884,7334.0,0.2886,5655.0,0.2887,8910.0
1753600146208,07:09:06.208,okx,1INCH/USDT:USDT,0.2885,3603.0,0.2884,7334.0,0.2886,5657.0,0.2887,8910.0
1753600146508,07:09:06.508,okx,1INCH/USDT:USDT,0.2885,3603.0,0.2884,7334.0,0.2886,5657.0,0.2887,8910.0
1753600146608,07:09:06.608,okx,1INCH/USDT:USDT,0.2885,3603.0,0.2884,7334.0,0.2886,5657.0,0.2887,8910.0
1753600147308,07:09:07.308,okx,1INCH/USDT:USDT,0.2885,3259.0,0.2884,7334.0,0.2886,5657.0,0.2887,8910.0
1753600148808,07:09:08.808,okx,1INCH/USDT:USDT,0.2885,3603.0,0.2884,7334.0,0.2886,5657.0,0.2887,8393.0
1753600149308,07:09:09.308,okx,1INCH/USDT:USDT,0.2885,3603.0,0.2884,7334.0,0.2886,5657.0,0.2887,8393.0
1753600149508,07:09:09.508,okx,1INCH/USDT:USDT,0.2885,3603.0,0.2884,7334.0,0.2886,5657.0,0.2887,8393.0
1753600149608,07:09:09.608,okx,1INCH/USDT:USDT,0.2885,3603.0,0.2884,7334.0,0.2886,5657.0,0.2887,8393.0
1753600149808,07:09:09.808,okx,1INCH/USDT:USDT,0.2885,3603.0,0.2884,7334.0,0.2886,5657.0,0.2887,8393.0
1753600150008,07:09:10.008,okx,1INCH/USDT:USDT,0.2885,3603.0,0.2884,7334.0,0.2886,5657.0,0.2887,8393.0
1753600150308,07:09:10.308,okx,1INCH/USDT:USDT,0.2885,3603.0,0.2884,7334.0,0.2886,5657.0,0.2887,8393.0
1753600150708,07:09:10.708,okx,1INCH/USDT:USDT,0.2885,3603.0,0.2884,7334.0,0.2886,5657.0,0.2887,8393.0
1753600150808,07:09:10.808,okx,1INCH/USDT:USDT,0.2885,3603.0,0.2884,7334.0,0.2886,5657.0,0.2887,8393.0
1753600150908,07:09:10.908,okx,1INCH/USDT:USDT,0.2885,3603.0,0.2884,7334.0,0.2886,5657.0,0.2887,8393.0
1753600151408,07:09:11.408,okx,1INCH/USDT:USDT,0.2886,1576.0,0.2885,15272.0,0.2887,873.0,0.2888,14689.0
1753600151508,07:09:11.508,okx,1INCH/USDT:USDT,0.2886,1576.0,0.2885,15272.0,0.2887,872.0,0.2888,14060.0
1753600152008,07:09:12.008,okx,1INCH/USDT:USDT,0.2886,267.0,0.2885,14176.0,0.2887,1056.0,0.2888,14689.0
1753600152308,07:09:12.308,okx,1INCH/USDT:USDT,0.2886,267.0,0.2885,14176.0,0.2887,1056.0,0.2888,14689.0
1753600152408,07:09:12.408,okx,1INCH/USDT:USDT,0.2886,267.0,0.2885,14176.0,0.2887,1065.0,0.2888,14689.0
1753600152708,07:09:12.708,okx,1INCH/USDT:USDT,0.2886,267.0,0.2885,12217.0,0.2887,1065.0,0.2888,14689.0
1753600152908,07:09:12.908,okx,1INCH/USDT:USDT,0.2886,267.0,0.2885,12217.0,0.2887,1333.0,0.2888,14689.0
1753600153108,07:09:13.108,okx,1INCH/USDT:USDT,0.2885,2179.0,0.2884,10235.0,0.2886,1.0,0.2887,5292.0
1753600153508,07:09:13.508,okx,1INCH/USDT:USDT,0.2885,1835.0,0.2884,10864.0,0.2886,1.0,0.2887,5292.0
1753600153708,07:09:13.708,okx,1INCH/USDT:USDT,0.2885,1835.0,0.2884,10864.0,0.2886,1.0,0.2887,5292.0
1753600154308,07:09:14.308,okx,1INCH/USDT:USDT,0.2885,1833.0,0.2884,10864.0,0.2886,1.0,0.2887,5921.0
1753600154408,07:09:14.408,okx,1INCH/USDT:USDT,0.2885,1423.0,0.2884,10864.0,0.2886,449.0,0.2887,8493.0
1753600154908,07:09:14.908,okx,1INCH/USDT:USDT,0.2885,1833.0,0.2884,10864.0,0.2886,194.0,0.2887,8493.0
1753600155408,07:09:15.408,okx,1INCH/USDT:USDT,0.2885,1425.0,0.2884,10864.0,0.2886,208.0,0.2887,8493.0
1753600155508,07:09:15.508,okx,1INCH/USDT:USDT,0.2885,1425.0,0.2884,10864.0,0.2886,208.0,0.2887,8493.0
1753600155708,07:09:15.708,okx,1INCH/USDT:USDT,0.2885,1833.0,0.2884,10864.0,0.2886,29.0,0.2887,8493.0
1753600156308,07:09:16.308,okx,1INCH/USDT:USDT,0.2885,1833.0,0.2884,10864.0,0.2886,29.0,0.2887,8493.0
1753600156608,07:09:16.608,okx,1INCH/USDT:USDT,0.2885,1833.0,0.2884,11266.0,0.2886,29.0,0.2887,8225.0
1753600156908,07:09:16.908,okx,1INCH/USDT:USDT,0.2885,1425.0,0.2884,11266.0,0.2886,29.0,0.2887,8225.0
1753600157408,07:09:17.408,okx,1INCH/USDT:USDT,0.2885,1425.0,0.2884,11266.0,0.2886,29.0,0.2887,8225.0
1753600157608,07:09:17.608,okx,1INCH/USDT:USDT,0.2885,1425.0,0.2884,11266.0,0.2886,29.0,0.2887,8225.0
1753600157708,07:09:17.708,okx,1INCH/USDT:USDT,0.2885,1425.0,0.2884,11266.0,0.2886,29.0,0.2887,8225.0
1753600158108,07:09:18.108,okx,1INCH/USDT:USDT,0.2885,2175.0,0.2884,11266.0,0.2886,29.0,0.2887,7596.0
1753600158208,07:09:18.208,okx,1INCH/USDT:USDT,0.2885,2445.0,0.2884,11266.0,0.2886,29.0,0.2887,7596.0
1753600159108,07:09:19.108,okx,1INCH/USDT:USDT,0.2885,2037.0,0.2884,11266.0,0.2886,29.0,0.2887,7596.0
1753600159308,07:09:19.308,okx,1INCH/USDT:USDT,0.2885,1693.0,0.2884,11266.0,0.2886,29.0,0.2887,8225.0
1753600159408,07:09:19.408,okx,1INCH/USDT:USDT,0.2885,1425.0,0.2884,11266.0,0.2886,29.0,0.2887,8225.0
1753600159508,07:09:19.508,okx,1INCH/USDT:USDT,0.2885,2445.0,0.2884,11266.0,0.2886,29.0,0.2887,7596.0
1753600159808,07:09:19.808,okx,1INCH/USDT:USDT,0.2885,2037.0,0.2884,11266.0,0.2886,29.0,0.2887,7596.0
1753600161208,07:09:21.208,okx,1INCH/USDT:USDT,0.2885,2112.0,0.2884,11266.0,0.2886,15.0,0.2887,7596.0
1753600161508,07:09:21.508,okx,1INCH/USDT:USDT,0.2885,1500.0,0.2884,10864.0,0.2886,194.0,0.2887,8225.0
1753600161608,07:09:21.608,okx,1INCH/USDT:USDT,0.2885,1500.0,0.2884,10864.0,0.2886,194.0,0.2887,8225.0
1753600161708,07:09:21.708,okx,1INCH/USDT:USDT,0.2885,1500.0,0.2884,10864.0,0.2886,194.0,0.2887,8231.0
1753600161808,07:09:21.808,okx,1INCH/USDT:USDT,0.2885,1500.0,0.2884,10864.0,0.2886,194.0,0.2887,8231.0
1753600163308,07:09:23.308,okx,1INCH/USDT:USDT,0.2885,1500.0,0.2884,10864.0,0.2886,194.0,0.2887,8231.0
1753600163608,07:09:23.608,okx,1INCH/USDT:USDT,0.2885,1500.0,0.2884,10864.0,0.2886,224.0,0.2887,8231.0
1753600163808,07:09:23.808,okx,1INCH/USDT:USDT,0.2885,1500.0,0.2884,10864.0,0.2886,224.0,0.2887,8231.0
1753600164408,07:09:24.408,okx,1INCH/USDT:USDT,0.2886,2125.0,0.2885,15361.0,0.2887,189.0,0.2888,7930.0
1753600164508,07:09:24.508,okx,1INCH/USDT:USDT,0.2886,829.0,0.2885,15333.0,0.2887,189.0,0.2888,7930.0
1753600164808,07:09:24.808,okx,1INCH/USDT:USDT,0.2886,829.0,0.2885,14629.0,0.2887,189.0,0.2888,7930.0
1753600165208,07:09:25.208,okx,1INCH/USDT:USDT,0.2886,869.0,0.2885,15258.0,0.2887,189.0,0.2888,7930.0
1753600165508,07:09:25.508,okx,1INCH/USDT:USDT,0.2886,869.0,0.2885,15258.0,0.2887,189.0,0.2888,7930.0
1753600166008,07:09:26.008,okx,1INCH/USDT:USDT,0.2886,869.0,0.2885,15258.0,0.2887,189.0,0.2888,7930.0
1753600166308,07:09:26.308,okx,1INCH/USDT:USDT,0.2886,869.0,0.2885,15258.0,0.2887,189.0,0.2888,7930.0
1753600166408,07:09:26.408,okx,1INCH/USDT:USDT,0.2886,869.0,0.2885,15258.0,0.2887,189.0,0.2888,7930.0
1753600166608,07:09:26.608,okx,1INCH/USDT:USDT,0.2886,869.0,0.2885,15258.0,0.2887,189.0,0.2888,7930.0
1753600166908,07:09:26.908,okx,1INCH/USDT:USDT,0.2886,869.0,0.2885,15258.0,0.2887,189.0,0.2888,7930.0
1753600167108,07:09:27.108,okx,1INCH/USDT:USDT,0.2886,869.0,0.2885,15258.0,0.2887,189.0,0.2888,7930.0
1753600168208,07:09:28.208,okx,1INCH/USDT:USDT,0.2886,869.0,0.2885,15258.0,0.2887,189.0,0.2888,7930.0
1753600169208,07:09:29.208,okx,1INCH/USDT:USDT,0.2886,1427.0,0.2885,15258.0,0.2887,189.0,0.2888,7226.0
1753600169508,07:09:29.508,okx,1INCH/USDT:USDT,0.2886,1083.0,0.2885,15258.0,0.2887,189.0,0.2888,7930.0
1753600169908,07:09:29.908,okx,1INCH/USDT:USDT,0.2886,1083.0,0.2885,15258.0,0.2887,189.0,0.2888,7930.0
1753600170108,07:09:30.108,okx,1INCH/USDT:USDT,0.2886,1083.0,0.2885,15258.0,0.2887,189.0,0.2888,7930.0
1753600170208,07:09:30.208,okx,1INCH/USDT:USDT,0.2886,1083.0,0.2885,15258.0,0.2887,189.0,0.2888,7930.0
1753600170608,07:09:30.608,okx,1INCH/USDT:USDT,0.2886,1083.0,0.2885,15258.0,0.2887,189.0,0.2888,7930.0
1753600171308,07:09:31.308,okx,1INCH/USDT:USDT,0.2886,1083.0,0.2885,15258.0,0.2887,189.0,0.2888,7930.0
1753600171408,07:09:31.408,okx,1INCH/USDT:USDT,0.2886,1083.0,0.2885,15232.0,0.2887,189.0,0.2888,7930.0
1753600171908,07:09:31.908,okx,1INCH/USDT:USDT,0.2886,1436.0,0.2885,15646.0,0.2887,189.0,0.2888,7226.0
1753600172008,07:09:32.008,okx,1INCH/USDT:USDT,0.2886,1436.0,0.2885,15646.0,0.2887,189.0,0.2888,7226.0
1753600172108,07:09:32.108,okx,1INCH/USDT:USDT,0.2886,1094.0,0.2885,15646.0,0.2887,189.0,0.2888,7930.0
1753600173508,07:09:33.508,okx,1INCH/USDT:USDT,0.2886,1093.0,0.2885,15232.0,0.2887,210.0,0.2888,7930.0
1753600173808,07:09:33.808,okx,1INCH/USDT:USDT,0.2886,1093.0,0.2885,15232.0,0.2887,210.0,0.2888,7930.0
1753600174108,07:09:34.108,okx,1INCH/USDT:USDT,0.2886,1093.0,0.2885,15232.0,0.2887,210.0,0.2888,7930.0
1753600174508,07:09:34.508,okx,1INCH/USDT:USDT,0.2886,1083.0,0.2885,15232.0,0.2887,210.0,0.2888,7930.0
1753600174708,07:09:34.708,okx,1INCH/USDT:USDT,0.2886,1083.0,0.2885,15232.0,0.2887,210.0,0.2888,7930.0
1753600174808,07:09:34.808,okx,1INCH/USDT:USDT,0.2886,1083.0,0.2885,15232.0,0.2887,210.0,0.2888,7930.0
1753600175308,07:09:35.308,okx,1INCH/USDT:USDT,0.2886,2156.0,0.2885,16602.0,0.2887,263.0,0.2888,7226.0
1753600175408,07:09:35.408,okx,1INCH/USDT:USDT,0.2886,2156.0,0.2885,16602.0,0.2887,263.0,0.2888,7226.0
1753600176008,07:09:36.008,okx,1INCH/USDT:USDT,0.2886,2156.0,0.2885,16602.0,0.2887,263.0,0.2888,7226.0
1753600176108,07:09:36.108,okx,1INCH/USDT:USDT,0.2886,2156.0,0.2885,16602.0,0.2887,263.0,0.2888,7226.0
1753600176308,07:09:36.308,okx,1INCH/USDT:USDT,0.2886,2156.0,0.2885,16602.0,0.2887,269.0,0.2888,7225.0
1753600176808,07:09:36.808,okx,1INCH/USDT:USDT,0.2886,1190.0,0.2885,16870.0,0.2887,472.0,0.2888,7929.0
1753600177408,07:09:37.408,okx,1INCH/USDT:USDT,0.2886,1532.0,0.2885,16870.0,0.2887,497.0,0.2888,7225.0
1753600177608,07:09:37.608,okx,1INCH/USDT:USDT,0.2886,922.0,0.2885,16870.0,0.2887,498.0,0.2888,7929.0
1753600178008,07:09:38.008,okx,1INCH/USDT:USDT,0.2886,1330.0,0.2885,16870.0,0.2887,498.0,0.2888,7929.0
1753600178908,07:09:38.908,okx,1INCH/USDT:USDT,0.2886,922.0,0.2885,15898.0,0.2887,1468.0,0.2888,7929.0
1753600179108,07:09:39.108,okx,1INCH/USDT:USDT,0.2886,922.0,0.2885,16177.0,0.2887,766.0,0.2888,8197.0
1753600179508,07:09:39.508,okx,1INCH/USDT:USDT,0.2886,941.0,0.2885,16177.0,0.2887,472.0,0.2888,8197.0
1753600179608,07:09:39.608,okx,1INCH/USDT:USDT,0.2886,941.0,0.2885,16177.0,0.2887,472.0,0.2888,8197.0
1753600179708,07:09:39.708,okx,1INCH/USDT:USDT,0.2886,941.0,0.2885,16177.0,0.2887,472.0,0.2888,8197.0
1753600181908,07:09:41.908,okx,1INCH/USDT:USDT,0.2886,902.0,0.2885,16177.0,0.2887,903.0,0.2888,8197.0
1753600182108,07:09:42.108,okx,1INCH/USDT:USDT,0.2886,902.0,0.2885,16177.0,0.2887,903.0,0.2888,8197.0
1753600182208,07:09:42.208,okx,1INCH/USDT:USDT,0.2886,902.0,0.2885,16177.0,0.2887,903.0,0.2888,8197.0
1753600182408,07:09:42.408,okx,1INCH/USDT:USDT,0.2886,902.0,0.2885,16177.0,0.2887,903.0,0.2888,8197.0
1753600182808,07:09:42.808,okx,1INCH/USDT:USDT,0.2886,902.0,0.2885,16177.0,0.2887,903.0,0.2888,8197.0
1753600183108,07:09:43.108,okx,1INCH/USDT:USDT,0.2886,883.0,0.2885,16177.0,0.2887,1458.0,0.2888,8197.0
1753600183408,07:09:43.408,okx,1INCH/USDT:USDT,0.2886,883.0,0.2885,16177.0,0.2887,1458.0,0.2888,8197.0
1753600183608,07:09:43.608,okx,1INCH/USDT:USDT,0.2886,883.0,0.2885,14218.0,0.2887,1458.0,0.2888,8197.0
1753600183708,07:09:43.708,okx,1INCH/USDT:USDT,0.2886,883.0,0.2885,14218.0,0.2887,1458.0,0.2888,8197.0
1753600183808,07:09:43.808,okx,1INCH/USDT:USDT,0.2886,883.0,0.2885,14218.0,0.2887,1458.0,0.2888,8197.0
1753600183908,07:09:43.908,okx,1INCH/USDT:USDT,0.2886,883.0,0.2885,14218.0,0.2887,1458.0,0.2888,8197.0
1753600184008,07:09:44.008,okx,1INCH/USDT:USDT,0.2886,883.0,0.2885,16177.0,0.2887,1458.0,0.2888,8197.0
1753600184708,07:09:44.708,okx,1INCH/USDT:USDT,0.2886,883.0,0.2885,16177.0,0.2887,1972.0,0.2888,8197.0
1753600186008,07:09:46.008,okx,1INCH/USDT:USDT,0.2886,883.0,0.2885,16177.0,0.2887,1972.0,0.2888,8197.0
1753600186408,07:09:46.408,okx,1INCH/USDT:USDT,0.2886,883.0,0.2885,16177.0,0.2887,1972.0,0.2888,8197.0
1753600186608,07:09:46.608,okx,1INCH/USDT:USDT,0.2886,883.0,0.2885,16177.0,0.2887,1972.0,0.2888,8197.0
1753600187508,07:09:47.508,okx,1INCH/USDT:USDT,0.2886,883.0,0.2885,16177.0,0.2887,1972.0,0.2888,8197.0
1753600188008,07:09:48.008,okx,1INCH/USDT:USDT,0.2886,57.0,0.2885,16177.0,0.2887,1478.0,0.2888,8275.0
1753600188108,07:09:48.108,okx,1INCH/USDT:USDT,0.2886,434.0,0.2885,16177.0,0.2887,1478.0,0.2888,8275.0
1753600188208,07:09:48.208,okx,1INCH/USDT:USDT,0.2886,436.0,0.2885,16177.0,0.2887,1478.0,0.2888,8275.0
1753600188508,07:09:48.508,okx,1INCH/USDT:USDT,0.2886,704.0,0.2885,16177.0,0.2887,1482.0,0.2888,7571.0
1753600188608,07:09:48.608,okx,1INCH/USDT:USDT,0.2886,1046.0,0.2885,16177.0,0.2887,1462.0,0.2888,7571.0
1753600189508,07:09:49.508,okx,1INCH/USDT:USDT,0.2886,1046.0,0.2885,16177.0,0.2887,1462.0,0.2888,7571.0
1753600189908,07:09:49.908,okx,1INCH/USDT:USDT,0.2886,1046.0,0.2885,16177.0,0.2887,1462.0,0.2888,7571.0
1753600190008,07:09:50.008,okx,1INCH/USDT:USDT,0.2886,1046.0,0.2885,16177.0,0.2887,1462.0,0.2888,7571.0
1753600190108,07:09:50.108,okx,1INCH/USDT:USDT,0.2886,704.0,0.2885,16177.0,0.2887,1462.0,0.2888,8275.0
1753600190408,07:09:50.408,okx,1INCH/USDT:USDT,0.2886,1932.0,0.2885,16177.0,0.2887,1283.0,0.2888,7571.0
1753600190808,07:09:50.808,okx,1INCH/USDT:USDT,0.2886,1664.0,0.2885,16177.0,0.2887,1597.0,0.2888,8275.0
1753600191108,07:09:51.108,okx,1INCH/USDT:USDT,0.2886,1322.0,0.2885,16177.0,0.2887,1597.0,0.2888,8275.0
1753600192108,07:09:52.108,okx,1INCH/USDT:USDT,0.2886,1322.0,0.2885,16177.0,0.2887,1597.0,0.2888,8275.0
1753600192408,07:09:52.408,okx,1INCH/USDT:USDT,0.2886,1322.0,0.2885,16177.0,0.2887,1597.0,0.2888,8275.0
1753600193108,07:09:53.108,okx,1INCH/USDT:USDT,0.2886,1322.0,0.2885,16177.0,0.2887,1630.0,0.2888,8275.0
1753600193308,07:09:53.308,okx,1INCH/USDT:USDT,0.2886,1322.0,0.2885,16177.0,0.2887,1630.0,0.2888,8275.0
1753600193408,07:09:53.408,okx,1INCH/USDT:USDT,0.2886,1932.0,0.2885,16177.0,0.2887,1630.0,0.2888,7571.0
1753600194308,07:09:54.308,okx,1INCH/USDT:USDT,0.2886,436.0,0.2885,15114.0,0.2887,1630.0,0.2888,8275.0
1753600194508,07:09:54.508,okx,1INCH/USDT:USDT,0.2886,704.0,0.2885,15114.0,0.2887,1630.0,0.2888,8275.0
1753600195608,07:09:55.608,okx,1INCH/USDT:USDT,0.2886,704.0,0.2885,15114.0,0.2887,1630.0,0.2888,8275.0
1753600195908,07:09:55.908,okx,1INCH/USDT:USDT,0.2886,704.0,0.2885,15114.0,0.2887,1630.0,0.2888,7571.0
1753600196208,07:09:56.208,okx,1INCH/USDT:USDT,0.2886,436.0,0.2885,15114.0,0.2887,1630.0,0.2888,8275.0
1753600196508,07:09:56.508,okx,1INCH/USDT:USDT,0.2886,57.0,0.2885,11298.0,0.2887,1813.0,0.2888,8275.0
1753600196908,07:09:56.908,okx,1INCH/USDT:USDT,0.2886,431.0,0.2885,13257.0,0.2887,1813.0,0.2888,8275.0
1753600197408,07:09:57.408,okx,1INCH/USDT:USDT,0.2886,431.0,0.2885,13257.0,0.2887,1813.0,0.2888,8275.0
1753600197508,07:09:57.508,okx,1INCH/USDT:USDT,0.2886,431.0,0.2885,13257.0,0.2887,1813.0,0.2888,8275.0
1753600197608,07:09:57.608,okx,1INCH/USDT:USDT,0.2886,431.0,0.2885,13257.0,0.2887,1813.0,0.2888,8275.0
1753600198108,07:09:58.108,okx,1INCH/USDT:USDT,0.2886,431.0,0.2885,13257.0,0.2887,2699.0,0.2888,8275.0
1753600198208,07:09:58.208,okx,1INCH/USDT:USDT,0.2886,431.0,0.2885,13257.0,0.2887,2699.0,0.2888,8275.0
1753600198308,07:09:58.308,okx,1INCH/USDT:USDT,0.2886,57.0,0.2885,11298.0,0.2887,2699.0,0.2888,8275.0
1753600198408,07:09:58.408,okx,1INCH/USDT:USDT,0.2886,57.0,0.2885,11298.0,0.2887,2699.0,0.2888,8275.0
1753600198608,07:09:58.608,okx,1INCH/USDT:USDT,0.2886,57.0,0.2885,11298.0,0.2887,2699.0,0.2888,8275.0
1753600198708,07:09:58.708,okx,1INCH/USDT:USDT,0.2886,431.0,0.2885,11298.0,0.2887,2699.0,0.2888,8275.0
1753600199108,07:09:59.108,okx,1INCH/USDT:USDT,0.2886,431.0,0.2885,13257.0,0.2887,2699.0,0.2888,8275.0
1753600199208,07:09:59.208,okx,1INCH/USDT:USDT,0.2886,699.0,0.2885,13257.0,0.2887,2699.0,0.2888,7571.0
1753600199408,07:09:59.408,okx,1INCH/USDT:USDT,0.2886,1041.0,0.2885,13257.0,0.2887,3347.0,0.2888,7571.0
1753600199708,07:09:59.708,okx,1INCH/USDT:USDT,0.2886,325.0,0.2885,13257.0,0.2887,3347.0,0.2888,8275.0
1753600199808,07:09:59.808,okx,1INCH/USDT:USDT,0.2886,325.0,0.2885,13257.0,0.2887,3347.0,0.2888,8275.0
1753600200108,07:10:00.108,okx,1INCH/USDT:USDT,0.2886,712.0,0.2885,13257.0,0.2887,3347.0,0.2888,7571.0
1753600200308,07:10:00.308,okx,1INCH/USDT:USDT,0.2886,1041.0,0.2885,13257.0,0.2887,3347.0,0.2888,7571.0
1753600200908,07:10:00.908,okx,1INCH/USDT:USDT,0.2886,775.0,0.2885,13257.0,0.2887,3350.0,0.2888,8359.0
1753600201008,07:10:01.008,okx,1INCH/USDT:USDT,0.2886,775.0,0.2885,13257.0,0.2887,3350.0,0.2888,8359.0
1753600201808,07:10:01.808,okx,1INCH/USDT:USDT,0.2886,388.0,0.2885,13257.0,0.2887,4043.0,0.2888,8359.0
1753600202108,07:10:02.108,okx,1INCH/USDT:USDT,0.2886,782.0,0.2885,13257.0,0.2887,4043.0,0.2888,8359.0
1753600203808,07:10:03.808,okx,1INCH/USDT:USDT,0.2886,782.0,0.2885,13257.0,0.2887,4043.0,0.2888,8359.0
1753600204308,07:10:04.308,okx,1INCH/USDT:USDT,0.2886,1111.0,0.2885,13257.0,0.2887,4043.0,0.2888,7655.0
1753600204408,07:10:04.408,okx,1INCH/USDT:USDT,0.2886,782.0,0.2885,13257.0,0.2887,4043.0,0.2888,8359.0
1753600204608,07:10:04.608,okx,1INCH/USDT:USDT,0.2886,1111.0,0.2885,13257.0,0.2887,4043.0,0.2888,8359.0
1753600205008,07:10:05.008,okx,1INCH/USDT:USDT,0.2886,388.0,0.2885,13257.0,0.2887,4332.0,0.2888,8359.0
1753600205508,07:10:05.508,okx,1INCH/USDT:USDT,0.2886,778.0,0.2885,13257.0,0.2887,4332.0,0.2888,8359.0
1753600205608,07:10:05.608,okx,1INCH/USDT:USDT,0.2886,1107.0,0.2885,14119.0,0.2887,4332.0,0.2888,8359.0
1753600205708,07:10:05.708,okx,1INCH/USDT:USDT,0.2886,778.0,0.2885,14119.0,0.2887,4332.0,0.2888,8359.0
1753600205908,07:10:05.908,okx,1INCH/USDT:USDT,0.2886,778.0,0.2885,14119.0,0.2887,4332.0,0.2888,8359.0
1753600206508,07:10:06.508,okx,1INCH/USDT:USDT,0.2886,782.0,0.2885,14119.0,0.2887,4332.0,0.2888,8359.0
1753600206708,07:10:06.708,okx,1INCH/USDT:USDT,0.2886,61.0,0.2885,12160.0,0.2887,4332.0,0.2888,8359.0
1753600206908,07:10:06.908,okx,1INCH/USDT:USDT,0.2886,61.0,0.2885,12160.0,0.2887,4332.0,0.2888,8359.0
1753600207208,07:10:07.208,okx,1INCH/USDT:USDT,0.2886,61.0,0.2885,12160.0,0.2887,4332.0,0.2888,8359.0
1753600207408,07:10:07.408,okx,1INCH/USDT:USDT,0.2884,974.0,0.2883,14597.0,0.2886,9586.0,0.2887,12384.0
1753600207708,07:10:07.708,okx,1INCH/USDT:USDT,0.2884,976.0,0.2883,14542.0,0.2886,7926.0,0.2887,14524.0
1753600208108,07:10:08.108,okx,1INCH/USDT:USDT,0.2884,976.0,0.2883,14927.0,0.2886,9635.0,0.2887,13064.0
1753600208208,07:10:08.208,okx,1INCH/USDT:USDT,0.2884,976.0,0.2883,15339.0,0.2886,7938.0,0.2887,13064.0
1753600208308,07:10:08.308,okx,1INCH/USDT:USDT,0.2884,976.0,0.2883,14927.0,0.2886,5640.0,0.2887,11680.0
1753600208508,07:10:08.508,okx,1INCH/USDT:USDT,0.2884,976.0,0.2883,14542.0,0.2886,5640.0,0.2887,12596.0
1753600208608,07:10:08.608,okx,1INCH/USDT:USDT,0.2884,976.0,0.2883,14927.0,0.2886,5640.0,0.2887,12596.0
1753600208708,07:10:08.708,okx,1INCH/USDT:USDT,0.2884,976.0,0.2883,14542.0,0.2886,6556.0,0.2887,11680.0
1753600208808,07:10:08.808,okx,1INCH/USDT:USDT,0.2884,976.0,0.2883,13626.0,0.2886,7103.0,0.2887,11614.0
1753600209008,07:10:09.008,okx,1INCH/USDT:USDT,0.2884,976.0,0.2883,14927.0,0.2886,8904.0,0.2887,11614.0
1753600209108,07:10:09.108,okx,1INCH/USDT:USDT,0.2884,976.0,0.2883,14927.0,0.2886,9050.0,0.2887,10698.0
1753600209308,07:10:09.308,okx,1INCH/USDT:USDT,0.2884,976.0,0.2883,14011.0,0.2886,7362.0,0.2887,11614.0
1753600209408,07:10:09.408,okx,1INCH/USDT:USDT,0.2884,976.0,0.2883,14542.0,0.2886,7362.0,0.2887,10698.0
1753600209508,07:10:09.508,okx,1INCH/USDT:USDT,0.2884,976.0,0.2883,14927.0,0.2886,7362.0,0.2887,11614.0
1753600209608,07:10:09.608,okx,1INCH/USDT:USDT,0.2884,976.0,0.2883,14927.0,0.2886,7362.0,0.2887,11614.0
1753600209708,07:10:09.708,okx,1INCH/USDT:USDT,0.2884,976.0,0.2883,14927.0,0.2886,7362.0,0.2887,11614.0
1753600209808,07:10:09.808,okx,1INCH/USDT:USDT,0.2884,976.0,0.2883,14927.0,0.2886,7362.0,0.2887,11614.0
1753600210008,07:10:10.008,okx,1INCH/USDT:USDT,0.2884,976.0,0.2883,14011.0,0.2886,8132.0,0.2887,11614.0
1753600210208,07:10:10.208,okx,1INCH/USDT:USDT,0.2884,976.0,0.2883,14927.0,0.2886,8132.0,0.2887,11614.0
1753600210308,07:10:10.308,okx,1INCH/USDT:USDT,0.2884,976.0,0.2883,14542.0,0.2886,8132.0,0.2887,11614.0
1753600210408,07:10:10.408,okx,1INCH/USDT:USDT,0.2884,976.0,0.2883,14542.0,0.2886,7362.0,0.2887,11614.0
1753600210508,07:10:10.508,okx,1INCH/USDT:USDT,0.2884,976.0,0.2883,14542.0,0.2886,7362.0,0.2887,11614.0
1753600210608,07:10:10.608,okx,1INCH/USDT:USDT,0.2884,976.0,0.2883,14542.0,0.2886,8132.0,0.2887,11614.0
1753600210808,07:10:10.808,okx,1INCH/USDT:USDT,0.2884,976.0,0.2883,14011.0,0.2886,8517.0,0.2887,11614.0
1753600211008,07:10:11.008,okx,1INCH/USDT:USDT,0.2884,976.0,0.2883,14542.0,0.2886,6716.0,0.2887,11614.0
1753600211308,07:10:11.308,okx,1INCH/USDT:USDT,0.2884,566.0,0.2883,13626.0,0.2885,1825.0,0.2886,9435.0
1753600211408,07:10:11.408,okx,1INCH/USDT:USDT,0.2884,566.0,0.2883,13626.0,0.2885,1825.0,0.2886,9435.0
1753600211708,07:10:11.708,okx,1INCH/USDT:USDT,0.2884,978.0,0.2883,14927.0,0.2885,1827.0,0.2886,9050.0
1753600212008,07:10:12.008,okx,1INCH/USDT:USDT,0.2884,978.0,0.2883,14927.0,0.2885,1827.0,0.2886,9050.0
1753600212108,07:10:12.108,okx,1INCH/USDT:USDT,0.2884,978.0,0.2883,14927.0,0.2885,1827.0,0.2886,9050.0
1753600212308,07:10:12.308,okx,1INCH/USDT:USDT,0.2884,566.0,0.2883,14927.0,0.2885,2520.0,0.2886,8742.0
1753600212408,07:10:12.408,okx,1INCH/USDT:USDT,0.2884,565.0,0.2883,14927.0,0.2885,2520.0,0.2886,8742.0
1753600212608,07:10:12.608,okx,1INCH/USDT:USDT,0.2884,565.0,0.2883,14927.0,0.2885,2520.0,0.2886,8742.0
1753600212808,07:10:12.808,okx,1INCH/USDT:USDT,0.2884,973.0,0.2883,14927.0,0.2885,2520.0,0.2886,8357.0
1753600213408,07:10:13.408,okx,1INCH/USDT:USDT,0.2884,973.0,0.2883,14927.0,0.2885,2520.0,0.2886,8742.0
1753600213608,07:10:13.608,okx,1INCH/USDT:USDT,0.2884,973.0,0.2883,14542.0,0.2885,2520.0,0.2886,8742.0
1753600213808,07:10:13.808,okx,1INCH/USDT:USDT,0.2884,565.0,0.2883,14927.0,0.2885,2016.0,0.2886,8737.0
1753600213908,07:10:13.908,okx,1INCH/USDT:USDT,0.2884,978.0,0.2883,14927.0,0.2885,2016.0,0.2886,8737.0
1753600214108,07:10:14.108,okx,1INCH/USDT:USDT,0.2884,978.0,0.2883,14927.0,0.2885,2016.0,0.2886,8737.0
1753600214208,07:10:14.208,okx,1INCH/USDT:USDT,0.2884,978.0,0.2883,14927.0,0.2885,2016.0,0.2886,8737.0
1753600214308,07:10:14.308,okx,1INCH/USDT:USDT,0.2884,978.0,0.2883,14927.0,0.2885,2016.0,0.2886,7826.0
1753600214708,07:10:14.708,okx,1INCH/USDT:USDT,0.2884,978.0,0.2883,14927.0,0.2885,2016.0,0.2886,8737.0
1753600215108,07:10:15.108,okx,1INCH/USDT:USDT,0.2884,565.0,0.2883,14927.0,0.2885,2016.0,0.2886,8737.0
1753600215208,07:10:15.208,okx,1INCH/USDT:USDT,0.2884,565.0,0.2883,14922.0,0.2885,2016.0,0.2886,8737.0
1753600215408,07:10:15.408,okx,1INCH/USDT:USDT,0.2884,565.0,0.2883,14922.0,0.2885,2490.0,0.2886,8737.0
1753600215708,07:10:15.708,okx,1INCH/USDT:USDT,0.2884,389.0,0.2883,12052.0,0.2885,3164.0,0.2886,8737.0
1753600215808,07:10:15.808,okx,1INCH/USDT:USDT,0.2884,389.0,0.2883,12052.0,0.2885,3164.0,0.2886,8737.0
1753600215908,07:10:15.908,okx,1INCH/USDT:USDT,0.2884,389.0,0.2883,12052.0,0.2885,3164.0,0.2886,8737.0
1753600216108,07:10:16.108,okx,1INCH/USDT:USDT,0.2884,389.0,0.2883,5242.0,0.2885,3164.0,0.2886,8949.0
1753600216208,07:10:16.208,okx,1INCH/USDT:USDT,0.2884,389.0,0.2883,6918.0,0.2885,3164.0,0.2886,8949.0
1753600216408,07:10:16.408,okx,1INCH/USDT:USDT,0.2884,389.0,0.2883,8877.0,0.2885,3934.0,0.2886,8949.0
1753600216608,07:10:16.608,okx,1INCH/USDT:USDT,0.2884,389.0,0.2883,8877.0,0.2885,3934.0,0.2886,8949.0
1753600216808,07:10:16.808,okx,1INCH/USDT:USDT,0.2884,389.0,0.2883,8877.0,0.2885,3934.0,0.2886,8949.0
1753600217108,07:10:17.108,okx,1INCH/USDT:USDT,0.2884,389.0,0.2883,8877.0,0.2885,3934.0,0.2886,8949.0
1753600217308,07:10:17.308,okx,1INCH/USDT:USDT,0.2884,389.0,0.2883,8877.0,0.2885,3164.0,0.2886,8949.0
1753600217608,07:10:17.608,okx,1INCH/USDT:USDT,0.2884,389.0,0.2883,8877.0,0.2885,4218.0,0.2886,8949.0
1753600218508,07:10:18.508,okx,1INCH/USDT:USDT,0.2884,389.0,0.2883,8877.0,0.2885,4218.0,0.2886,8949.0
1753600219008,07:10:19.008,okx,1INCH/USDT:USDT,0.2884,389.0,0.2883,8877.0,0.2885,4111.0,0.2886,8949.0
1753600219108,07:10:19.108,okx,1INCH/USDT:USDT,0.2883,2140.0,0.2882,10476.0,0.2884,306.0,0.2885,7897.0
1753600219208,07:10:19.208,okx,1INCH/USDT:USDT,0.2883,2554.0,0.2882,11383.0,0.2884,308.0,0.2885,6742.0
1753600219308,07:10:19.308,okx,1INCH/USDT:USDT,0.2883,3214.0,0.2882,11383.0,0.2884,308.0,0.2885,6747.0
1753600219408,07:10:19.408,okx,1INCH/USDT:USDT,0.2883,3214.0,0.2882,11383.0,0.2884,308.0,0.2885,6747.0
1753600219508,07:10:19.508,okx,1INCH/USDT:USDT,0.2883,2883.0,0.2882,11383.0,0.2884,344.0,0.2885,6704.0
1753600219608,07:10:19.608,okx,1INCH/USDT:USDT,0.2883,2473.0,0.2882,11383.0,0.2884,344.0,0.2885,6704.0
1753600219708,07:10:19.708,okx,1INCH/USDT:USDT,0.2883,2802.0,0.2882,11383.0,0.2884,344.0,0.2885,6704.0
1753600219808,07:10:19.808,okx,1INCH/USDT:USDT,0.2883,2802.0,0.2882,11383.0,0.2884,344.0,0.2885,6704.0
1753600219908,07:10:19.908,okx,1INCH/USDT:USDT,0.2883,2473.0,0.2882,11383.0,0.2884,344.0,0.2885,6704.0
1753600220008,07:10:20.008,okx,1INCH/USDT:USDT,0.2883,2473.0,0.2882,11383.0,0.2884,344.0,0.2885,6704.0
1753600220108,07:10:20.108,okx,1INCH/USDT:USDT,0.2883,2473.0,0.2882,11383.0,0.2884,344.0,0.2885,6704.0
1753600220208,07:10:20.208,okx,1INCH/USDT:USDT,0.2883,2473.0,0.2882,11383.0,0.2884,344.0,0.2885,6704.0
1753600220408,07:10:20.408,okx,1INCH/USDT:USDT,0.2883,2802.0,0.2882,11383.0,0.2884,344.0,0.2885,6704.0
1753600220708,07:10:20.708,okx,1INCH/USDT:USDT,0.2883,2802.0,0.2882,11383.0,0.2884,344.0,0.2885,6704.0
1753600220908,07:10:20.908,okx,1INCH/USDT:USDT,0.2883,2142.0,0.2882,11383.0,0.2884,344.0,0.2885,6135.0
1753600221008,07:10:21.008,okx,1INCH/USDT:USDT,0.2883,2142.0,0.2882,11383.0,0.2884,344.0,0.2885,5228.0
1753600221308,07:10:21.308,okx,1INCH/USDT:USDT,0.2883,2142.0,0.2882,11383.0,0.2884,344.0,0.2885,5228.0
1753600221608,07:10:21.608,okx,1INCH/USDT:USDT,0.2883,2142.0,0.2882,10863.0,0.2884,344.0,0.2885,5228.0
1753600222008,07:10:22.008,okx,1INCH/USDT:USDT,0.2883,2473.0,0.2882,10863.0,0.2884,344.0,0.2885,5228.0
1753600222208,07:10:22.208,okx,1INCH/USDT:USDT,0.2884,1270.0,0.2883,14099.0,0.2885,2705.0,0.2886,6925.0
1753600222308,07:10:22.308,okx,1INCH/USDT:USDT,0.2884,1270.0,0.2883,14099.0,0.2885,2705.0,0.2886,6925.0
1753600222408,07:10:22.408,okx,1INCH/USDT:USDT,0.2884,940.0,0.2883,14099.0,0.2885,2705.0,0.2886,6925.0
1753600222908,07:10:22.908,okx,1INCH/USDT:USDT,0.2884,1270.0,0.2883,13081.0,0.2885,2705.0,0.2886,8653.0
1753600223108,07:10:23.108,okx,1INCH/USDT:USDT,0.2884,1270.0,0.2883,13081.0,0.2885,2705.0,0.2886,8653.0
1753600223308,07:10:23.308,okx,1INCH/USDT:USDT,0.2884,1270.0,0.2883,13081.0,0.2885,2785.0,0.2886,8653.0
1753600223708,07:10:23.708,okx,1INCH/USDT:USDT,0.2884,1271.0,0.2883,13081.0,0.2885,2785.0,0.2886,8653.0
1753600223908,07:10:23.908,okx,1INCH/USDT:USDT,0.2884,610.0,0.2883,12459.0,0.2885,2785.0,0.2886,9544.0
1753600224108,07:10:24.108,okx,1INCH/USDT:USDT,0.2884,608.0,0.2883,12459.0,0.2885,2787.0,0.2886,9890.0
1753600224308,07:10:24.308,okx,1INCH/USDT:USDT,0.2884,180.0,0.2883,12113.0,0.2885,2787.0,0.2886,9890.0
1753600224408,07:10:24.408,okx,1INCH/USDT:USDT,0.2884,180.0,0.2883,12113.0,0.2885,2787.0,0.2886,9890.0
1753600224808,07:10:24.808,okx,1INCH/USDT:USDT,0.2884,180.0,0.2883,12113.0,0.2885,2787.0,0.2886,9890.0
1753600225308,07:10:25.308,okx,1INCH/USDT:USDT,0.2884,180.0,0.2883,12113.0,0.2885,2917.0,0.2886,9890.0
1753600225408,07:10:25.408,okx,1INCH/USDT:USDT,0.2884,180.0,0.2883,12113.0,0.2885,2917.0,0.2886,9890.0
1753600225608,07:10:25.608,okx,1INCH/USDT:USDT,0.2884,180.0,0.2883,12113.0,0.2885,2917.0,0.2886,9890.0
1753600225708,07:10:25.708,okx,1INCH/USDT:USDT,0.2884,180.0,0.2883,12113.0,0.2885,2917.0,0.2886,9890.0
1753600226108,07:10:26.108,okx,1INCH/USDT:USDT,0.2884,180.0,0.2883,12113.0,0.2885,2917.0,0.2886,9890.0
1753600226308,07:10:26.308,okx,1INCH/USDT:USDT,0.2884,180.0,0.2883,12113.0,0.2885,2917.0,0.2886,9890.0
1753600226408,07:10:26.408,okx,1INCH/USDT:USDT,0.2884,180.0,0.2883,12113.0,0.2885,2917.0,0.2886,9890.0
1753600226808,07:10:26.808,okx,1INCH/USDT:USDT,0.2884,180.0,0.2883,12113.0,0.2885,2917.0,0.2886,9890.0
1753600227108,07:10:27.108,okx,1INCH/USDT:USDT,0.2884,180.0,0.2883,12113.0,0.2885,2917.0,0.2886,9890.0
1753600227308,07:10:27.308,okx,1INCH/USDT:USDT,0.2884,1.0,0.2883,9440.0,0.2885,4072.0,0.2886,9890.0
1753600227408,07:10:27.408,okx,1INCH/USDT:USDT,0.2884,1.0,0.2883,9440.0,0.2885,4072.0,0.2886,10742.0
1753600227508,07:10:27.508,okx,1INCH/USDT:USDT,0.2884,1.0,0.2883,9468.0,0.2885,4072.0,0.2886,10742.0
1753600227608,07:10:27.608,okx,1INCH/USDT:USDT,0.2884,1.0,0.2883,9468.0,0.2885,4418.0,0.2886,11261.0
1753600227708,07:10:27.708,okx,1INCH/USDT:USDT,0.2884,1.0,0.2883,9062.0,0.2885,4418.0,0.2886,11261.0
1753600227808,07:10:27.808,okx,1INCH/USDT:USDT,0.2884,1.0,0.2883,9062.0,0.2885,4418.0,0.2886,11261.0
1753600228008,07:10:28.008,okx,1INCH/USDT:USDT,0.2884,1.0,0.2883,9062.0,0.2885,4418.0,0.2886,11261.0
1753600228108,07:10:28.108,okx,1INCH/USDT:USDT,0.2884,1.0,0.2883,9062.0,0.2885,4418.0,0.2886,11261.0
1753600228208,07:10:28.208,okx,1INCH/USDT:USDT,0.2884,1.0,0.2883,9062.0,0.2885,4418.0,0.2886,11261.0
1753600228308,07:10:28.308,okx,1INCH/USDT:USDT,0.2884,1.0,0.2883,9062.0,0.2885,4418.0,0.2886,11261.0
1753600228508,07:10:28.508,okx,1INCH/USDT:USDT,0.2884,2.0,0.2883,9062.0,0.2885,3648.0,0.2886,11261.0
1753600228608,07:10:28.608,okx,1INCH/USDT:USDT,0.2884,2.0,0.2883,9062.0,0.2885,3648.0,0.2886,11261.0
1753600228708,07:10:28.708,okx,1INCH/USDT:USDT,0.2884,1.0,0.2883,9062.0,0.2885,3263.0,0.2886,11261.0
1753600229108,07:10:29.108,okx,1INCH/USDT:USDT,0.2884,1.0,0.2883,9062.0,0.2885,3263.0,0.2886,11261.0
1753600229208,07:10:29.208,okx,1INCH/USDT:USDT,0.2884,1.0,0.2883,9062.0,0.2885,3648.0,0.2886,11261.0
1753600229508,07:10:29.508,okx,1INCH/USDT:USDT,0.2884,376.0,0.2883,9953.0,0.2885,3263.0,0.2886,11261.0
1753600229608,07:10:29.608,okx,1INCH/USDT:USDT,0.2884,554.0,0.2883,9953.0,0.2885,3263.0,0.2886,10742.0
1753600229708,07:10:29.708,okx,1INCH/USDT:USDT,0.2884,554.0,0.2883,9953.0,0.2885,3263.0,0.2886,10742.0
1753600229808,07:10:29.808,okx,1INCH/USDT:USDT,0.2884,181.0,0.2883,9953.0,0.2885,3263.0,0.2886,10742.0
1753600229908,07:10:29.908,okx,1INCH/USDT:USDT,0.2884,899.0,0.2883,9953.0,0.2885,2917.0,0.2886,9851.0
1753600230008,07:10:30.008,okx,1INCH/USDT:USDT,0.2884,181.0,0.2883,9953.0,0.2885,2917.0,0.2886,10742.0
1753600230408,07:10:30.408,okx,1INCH/USDT:USDT,0.2884,1743.0,0.2883,9953.0,0.2885,2917.0,0.2886,10742.0
1753600230508,07:10:30.508,okx,1INCH/USDT:USDT,0.2884,1744.0,0.2883,9953.0,0.2885,2916.0,0.2886,10742.0
1753600230608,07:10:30.608,okx,1INCH/USDT:USDT,0.2884,2349.0,0.2883,9953.0,0.2885,2916.0,0.2886,9851.0
1753600230708,07:10:30.708,okx,1INCH/USDT:USDT,0.2884,2349.0,0.2883,9953.0,0.2885,2916.0,0.2886,9851.0
1753600230808,07:10:30.808,okx,1INCH/USDT:USDT,0.2884,2349.0,0.2883,9953.0,0.2885,2916.0,0.2886,9851.0
1753600230908,07:10:30.908,okx,1INCH/USDT:USDT,0.2884,2349.0,0.2883,10299.0,0.2885,2916.0,0.2886,5230.0
1753600231008,07:10:31.008,okx,1INCH/USDT:USDT,0.2884,2349.0,0.2883,10299.0,0.2885,2916.0,0.2886,5230.0
1753600231408,07:10:31.408,okx,1INCH/USDT:USDT,0.2884,1743.0,0.2883,10684.0,0.2885,2921.0,0.2886,7849.0
1753600231608,07:10:31.608,okx,1INCH/USDT:USDT,0.2884,1743.0,0.2883,10684.0,0.2885,2921.0,0.2886,7849.0
1753600232408,07:10:32.408,okx,1INCH/USDT:USDT,0.2884,1743.0,0.2883,10684.0,0.2885,2921.0,0.2886,6958.0
1753600233108,07:10:33.108,okx,1INCH/USDT:USDT,0.2884,2045.0,0.2883,10684.0,0.2885,2921.0,0.2886,6958.0
1753600233308,07:10:33.308,okx,1INCH/USDT:USDT,0.2884,2348.0,0.2883,10299.0,0.2885,2953.0,0.2886,6958.0
1753600233508,07:10:33.508,okx,1INCH/USDT:USDT,0.2884,2348.0,0.2883,10299.0,0.2885,2953.0,0.2886,6958.0
1753600233708,07:10:33.708,okx,1INCH/USDT:USDT,0.2884,2348.0,0.2883,10299.0,0.2885,2954.0,0.2886,6958.0
1753600234808,07:10:34.808,okx,1INCH/USDT:USDT,0.2884,1743.0,0.2883,10299.0,0.2885,2957.0,0.2886,7849.0
1753600235008,07:10:35.008,okx,1INCH/USDT:USDT,0.2884,1743.0,0.2883,10299.0,0.2885,2957.0,0.2886,7849.0
1753600235708,07:10:35.708,okx,1INCH/USDT:USDT,0.2884,1743.0,0.2883,10299.0,0.2885,2957.0,0.2886,7849.0
1753600236108,07:10:36.108,okx,1INCH/USDT:USDT,0.2884,1743.0,0.2883,10299.0,0.2885,2960.0,0.2886,7849.0
1753600237208,07:10:37.208,okx,1INCH/USDT:USDT,0.2884,1.0,0.2883,10862.0,0.2885,3011.0,0.2886,8547.0
1753600237308,07:10:37.308,okx,1INCH/USDT:USDT,0.2884,1.0,0.2883,6210.0,0.2885,3344.0,0.2886,9263.0
1753600237408,07:10:37.408,okx,1INCH/USDT:USDT,0.2883,10090.0,0.2882,9958.0,0.2885,3344.0,0.2886,9263.0
1753600237608,07:10:37.608,okx,1INCH/USDT:USDT,0.2884,1.0,0.2883,10862.0,0.2885,3011.0,0.2886,9263.0
1753600237708,07:10:37.708,okx,1INCH/USDT:USDT,0.2884,1.0,0.2883,10862.0,0.2885,3011.0,0.2886,9263.0
1753600238008,07:10:38.008,okx,1INCH/USDT:USDT,0.2884,1.0,0.2883,10862.0,0.2885,3011.0,0.2886,9263.0
1753600238208,07:10:38.208,okx,1INCH/USDT:USDT,0.2884,1.0,0.2883,10862.0,0.2885,3011.0,0.2886,9263.0
1753600238408,07:10:38.408,okx,1INCH/USDT:USDT,0.2884,1.0,0.2883,10862.0,0.2885,3011.0,0.2886,9263.0
1753600238508,07:10:38.508,okx,1INCH/USDT:USDT,0.2884,1.0,0.2883,9668.0,0.2885,3803.0,0.2886,9263.0
1753600238608,07:10:38.608,okx,1INCH/USDT:USDT,0.2884,1.0,0.2883,9668.0,0.2885,3803.0,0.2886,9263.0
1753600238708,07:10:38.708,okx,1INCH/USDT:USDT,0.2884,1.0,0.2883,9668.0,0.2885,3803.0,0.2886,9263.0
1753600238808,07:10:38.808,okx,1INCH/USDT:USDT,0.2884,1.0,0.2883,9668.0,0.2885,3803.0,0.2886,9263.0
1753600238908,07:10:38.908,okx,1INCH/USDT:USDT,0.2884,1.0,0.2883,5269.0,0.2885,4479.0,0.2886,9263.0
1753600239008,07:10:39.008,okx,1INCH/USDT:USDT,0.2884,1.0,0.2883,442.0,0.2885,4188.0,0.2886,9638.0
1753600239208,07:10:39.208,okx,1INCH/USDT:USDT,0.2884,1.0,0.2883,442.0,0.2885,4492.0,0.2886,9638.0
1753600239308,07:10:39.308,okx,1INCH/USDT:USDT,0.2884,1.0,0.2883,5094.0,0.2885,4340.0,0.2886,10023.0
1753600239408,07:10:39.408,okx,1INCH/USDT:USDT,0.2884,1.0,0.2883,5094.0,0.2885,4340.0,0.2886,10023.0
1753600239608,07:10:39.608,okx,1INCH/USDT:USDT,0.2884,1.0,0.2883,5094.0,0.2885,4340.0,0.2886,10023.0
1753600239808,07:10:39.808,okx,1INCH/USDT:USDT,0.2884,1.0,0.2883,5094.0,0.2885,4340.0,0.2886,10023.0
1753600240108,07:10:40.108,okx,1INCH/USDT:USDT,0.2884,1.0,0.2883,5094.0,0.2885,3256.0,0.2886,10023.0
1753600240208,07:10:40.208,okx,1INCH/USDT:USDT,0.2884,1.0,0.2883,5094.0,0.2885,4036.0,0.2886,10023.0
1753600240608,07:10:40.608,okx,1INCH/USDT:USDT,0.2884,1.0,0.2883,5094.0,0.2885,4036.0,0.2886,10023.0
1753600240708,07:10:40.708,okx,1INCH/USDT:USDT,0.2884,1.0,0.2883,442.0,0.2885,4034.0,0.2886,9504.0
1753600241008,07:10:41.008,okx,1INCH/USDT:USDT,0.2884,1.0,0.2883,10008.0,0.2885,3256.0,0.2886,8613.0
1753600241608,07:10:41.608,okx,1INCH/USDT:USDT,0.2884,1.0,0.2883,10008.0,0.2885,3256.0,0.2886,9483.0
1753600241708,07:10:41.708,okx,1INCH/USDT:USDT,0.2884,1.0,0.2883,10008.0,0.2885,3256.0,0.2886,10002.0
1753600242008,07:10:42.008,okx,1INCH/USDT:USDT,0.2884,1.0,0.2883,3189.0,0.2885,3256.0,0.2886,10002.0
1753600242108,07:10:42.108,okx,1INCH/USDT:USDT,0.2884,1.0,0.2883,5094.0,0.2885,4036.0,0.2886,10002.0
1753600242308,07:10:42.308,okx,1INCH/USDT:USDT,0.2884,1.0,0.2883,5094.0,0.2885,3256.0,0.2886,10002.0
1753600242808,07:10:42.808,okx,1INCH/USDT:USDT,0.2884,1.0,0.2883,5964.0,0.2885,3256.0,0.2886,10002.0
1753600243108,07:10:43.108,okx,1INCH/USDT:USDT,0.2884,1.0,0.2883,5964.0,0.2885,3256.0,0.2886,10002.0
1753600243208,07:10:43.208,okx,1INCH/USDT:USDT,0.2884,1.0,0.2883,5964.0,0.2885,3256.0,0.2886,10002.0
1753600243308,07:10:43.308,okx,1INCH/USDT:USDT,0.2884,1.0,0.2883,5964.0,0.2885,3840.0,0.2886,10002.0
1753600243808,07:10:43.808,okx,1INCH/USDT:USDT,0.2884,1.0,0.2883,5964.0,0.2885,3840.0,0.2886,10002.0
1753600244508,07:10:44.508,okx,1INCH/USDT:USDT,0.2884,1.0,0.2883,5094.0,0.2885,4225.0,0.2886,10002.0
1753600244608,07:10:44.608,okx,1INCH/USDT:USDT,0.2884,1.0,0.2883,5094.0,0.2885,4225.0,0.2886,10002.0
1753600244708,07:10:44.708,okx,1INCH/USDT:USDT,0.2884,1.0,0.2883,5094.0,0.2885,4225.0,0.2886,10002.0
1753600244908,07:10:44.908,okx,1INCH/USDT:USDT,0.2884,1.0,0.2883,5094.0,0.2885,4225.0,0.2886,10002.0
1753600245008,07:10:45.008,okx,1INCH/USDT:USDT,0.2884,1.0,0.2883,5094.0,0.2885,4225.0,0.2886,10002.0
1753600245108,07:10:45.108,okx,1INCH/USDT:USDT,0.2884,1.0,0.2883,2243.0,0.2885,5005.0,0.2886,10002.0
1753600245208,07:10:45.208,okx,1INCH/USDT:USDT,0.2884,1.0,0.2883,2243.0,0.2885,5005.0,0.2886,10002.0
1753600245308,07:10:45.308,okx,1INCH/USDT:USDT,0.2884,1.0,0.2883,5094.0,0.2885,5005.0,0.2886,10002.0
1753600245408,07:10:45.408,okx,1INCH/USDT:USDT,0.2884,1.0,0.2883,5094.0,0.2885,5005.0,0.2886,10002.0
1753600245708,07:10:45.708,okx,1INCH/USDT:USDT,0.2884,1.0,0.2883,5287.0,0.2885,5913.0,0.2886,10857.0
1753600245808,07:10:45.808,okx,1INCH/USDT:USDT,0.2884,1.0,0.2883,5287.0,0.2885,5913.0,0.2886,10857.0
1753600246308,07:10:46.308,okx,1INCH/USDT:USDT,0.2884,1.0,0.2883,5287.0,0.2885,5913.0,0.2886,10857.0
1753600246408,07:10:46.408,okx,1INCH/USDT:USDT,0.2884,1.0,0.2883,5287.0,0.2885,5913.0,0.2886,10857.0
1753600246508,07:10:46.508,okx,1INCH/USDT:USDT,0.2884,1.0,0.2883,5287.0,0.2885,5942.0,0.2886,10857.0
1753600248308,07:10:48.308,okx,1INCH/USDT:USDT,0.2884,1.0,0.2883,5287.0,0.2885,5942.0,0.2886,10857.0
1753600249208,07:10:49.208,okx,1INCH/USDT:USDT,0.2884,1.0,0.2883,5287.0,0.2885,5942.0,0.2886,10857.0
1753600249308,07:10:49.308,okx,1INCH/USDT:USDT,0.2884,1.0,0.2883,5287.0,0.2885,5162.0,0.2886,10857.0
1753600249408,07:10:49.408,okx,1INCH/USDT:USDT,0.2884,1.0,0.2883,5287.0,0.2885,5162.0,0.2886,10857.0
1753600250408,07:10:50.408,okx,1INCH/USDT:USDT,0.2884,1.0,0.2883,5287.0,0.2885,5985.0,0.2886,10857.0
1753600250808,07:10:50.808,okx,1INCH/USDT:USDT,0.2884,1.0,0.2883,5287.0,0.2885,5985.0,0.2886,10857.0
1753600252008,07:10:52.008,okx,1INCH/USDT:USDT,0.2884,1.0,0.2883,5287.0,0.2885,5985.0,0.2886,10859.0
1753600252208,07:10:52.208,okx,1INCH/USDT:USDT,0.2884,1.0,0.2883,5287.0,0.2885,5985.0,0.2886,10859.0
1753600252508,07:10:52.508,okx,1INCH/USDT:USDT,0.2884,1.0,0.2883,5287.0,0.2885,6548.0,0.2886,10859.0
1753600252608,07:10:52.608,okx,1INCH/USDT:USDT,0.2884,1.0,0.2883,5287.0,0.2885,6548.0,0.2886,10859.0
1753600253208,07:10:53.208,okx,1INCH/USDT:USDT,0.2884,1.0,0.2883,5287.0,0.2885,5768.0,0.2886,10859.0
1753600253308,07:10:53.308,okx,1INCH/USDT:USDT,0.2884,1.0,0.2883,5287.0,0.2885,5164.0,0.2886,10857.0
1753600253808,07:10:53.808,okx,1INCH/USDT:USDT,0.2884,1.0,0.2883,5287.0,0.2885,6705.0,0.2886,10472.0
1753600254008,07:10:54.008,okx,1INCH/USDT:USDT,0.2884,678.0,0.2883,9985.0,0.2885,5540.0,0.2886,9602.0
1753600254108,07:10:54.108,okx,1INCH/USDT:USDT,0.2884,678.0,0.2883,9985.0,0.2885,5540.0,0.2886,9602.0
1753600254208,07:10:54.208,okx,1INCH/USDT:USDT,0.2884,678.0,0.2883,9985.0,0.2885,5540.0,0.2886,9602.0
1753600254408,07:10:54.408,okx,1INCH/USDT:USDT,0.2884,376.0,0.2883,9985.0,0.2885,5540.0,0.2886,9602.0
1753600254508,07:10:54.508,okx,1INCH/USDT:USDT,0.2884,678.0,0.2883,9985.0,0.2885,5540.0,0.2886,9602.0
1753600254608,07:10:54.608,okx,1INCH/USDT:USDT,0.2884,678.0,0.2883,9985.0,0.2885,5540.0,0.2886,9602.0
1753600255008,07:10:55.008,okx,1INCH/USDT:USDT,0.2884,678.0,0.2883,9985.0,0.2885,5540.0,0.2886,9602.0
1753600255108,07:10:55.108,okx,1INCH/USDT:USDT,0.2884,376.0,0.2883,9985.0,0.2885,5540.0,0.2886,10472.0
1753600255608,07:10:55.608,okx,1INCH/USDT:USDT,0.2884,376.0,0.2883,9985.0,0.2885,5540.0,0.2886,10472.0
1753600256008,07:10:56.008,okx,1INCH/USDT:USDT,0.2884,376.0,0.2883,9985.0,0.2885,5540.0,0.2886,10472.0
1753600256108,07:10:56.108,okx,1INCH/USDT:USDT,0.2884,376.0,0.2883,9985.0,0.2885,5540.0,0.2886,10472.0
1753600256608,07:10:56.608,okx,1INCH/USDT:USDT,0.2884,1.0,0.2883,9985.0,0.2885,5540.0,0.2886,10472.0
1753600256808,07:10:56.808,okx,1INCH/USDT:USDT,0.2884,1.0,0.2883,9985.0,0.2885,5540.0,0.2886,10472.0
1753600257608,07:10:57.608,okx,1INCH/USDT:USDT,0.2884,980.0,0.2883,11758.0,0.2885,5255.0,0.2886,9602.0
1753600257708,07:10:57.708,okx,1INCH/USDT:USDT,0.2884,980.0,0.2883,11758.0,0.2885,5076.0,0.2886,9602.0
1753600257808,07:10:57.808,okx,1INCH/USDT:USDT,0.2884,980.0,0.2883,11758.0,0.2885,5076.0,0.2886,9602.0
1753600258208,07:10:58.208,okx,1INCH/USDT:USDT,0.2884,980.0,0.2883,11758.0,0.2885,5076.0,0.2886,9602.0
1753600258408,07:10:58.408,okx,1INCH/USDT:USDT,0.2884,1.0,0.2883,11758.0,0.2885,5076.0,0.2886,10472.0
1753600258508,07:10:58.508,okx,1INCH/USDT:USDT,0.2884,1.0,0.2883,11758.0,0.2885,6241.0,0.2886,10472.0
1753600258608,07:10:58.608,okx,1INCH/USDT:USDT,0.2884,1.0,0.2883,10888.0,0.2885,6241.0,0.2886,10472.0
1753600258708,07:10:58.708,okx,1INCH/USDT:USDT,0.2884,1.0,0.2883,11758.0,0.2885,6239.0,0.2886,10472.0
1753600258808,07:10:58.808,okx,1INCH/USDT:USDT,0.2884,1.0,0.2883,11758.0,0.2885,6241.0,0.2886,10472.0
1753600259208,07:10:59.208,okx,1INCH/USDT:USDT,0.2884,1.0,0.2883,11758.0,0.2885,6241.0,0.2886,10472.0
1753600259308,07:10:59.308,okx,1INCH/USDT:USDT,0.2884,1.0,0.2883,11758.0,0.2885,5076.0,0.2886,10472.0
1753600259508,07:10:59.508,okx,1INCH/USDT:USDT,0.2884,1.0,0.2883,11758.0,0.2885,5076.0,0.2886,10472.0
1753600259708,07:10:59.708,okx,1INCH/USDT:USDT,0.2884,1.0,0.2883,11758.0,0.2885,5076.0,0.2886,10472.0
1753600260008,07:11:00.008,okx,1INCH/USDT:USDT,0.2884,1.0,0.2883,11758.0,0.2885,5076.0,0.2886,10472.0
1753600260208,07:11:00.208,okx,1INCH/USDT:USDT,0.2884,1.0,0.2883,11758.0,0.2885,5076.0,0.2886,10472.0
1753600260508,07:11:00.508,okx,1INCH/USDT:USDT,0.2884,372.0,0.2883,11758.0,0.2885,5078.0,0.2886,9756.0
1753600260808,07:11:00.808,okx,1INCH/USDT:USDT,0.2884,1.0,0.2883,8977.0,0.2885,6318.0,0.2886,9756.0
1753600261008,07:11:01.008,okx,1INCH/USDT:USDT,0.2884,1.0,0.2883,9847.0,0.2885,5463.0,0.2886,9756.0
1753600261408,07:11:01.408,okx,1INCH/USDT:USDT,0.2884,5.0,0.2883,11806.0,0.2885,5078.0,0.2886,9756.0
1753600261508,07:11:01.508,okx,1INCH/USDT:USDT,0.2884,377.0,0.2883,11806.0,0.2885,5078.0,0.2886,9756.0
1753600261708,07:11:01.708,okx,1INCH/USDT:USDT,0.2884,377.0,0.2883,11806.0,0.2885,5078.0,0.2886,9756.0
1753600261808,07:11:01.808,okx,1INCH/USDT:USDT,0.2884,377.0,0.2883,11806.0,0.2885,5078.0,0.2886,9756.0
1753600261908,07:11:01.908,okx,1INCH/USDT:USDT,0.2884,649.0,0.2883,11806.0,0.2885,5078.0,0.2886,9756.0
1753600262008,07:11:02.008,okx,1INCH/USDT:USDT,0.2884,651.0,0.2883,11806.0,0.2885,5078.0,0.2886,9756.0
1753600262208,07:11:02.208,okx,1INCH/USDT:USDT,0.2884,651.0,0.2883,11806.0,0.2885,5078.0,0.2886,9756.0
