timestamp,time,exchange,symbol,bid1_price,bid1_volume,bid2_price,bid2_volume,ask1_price,ask1_volume,ask2_price,ask2_volume
1753599983755,07:06:23.755,blofin,ACE/USDT:USDT,0.5925,129.0,0.5924,6.0,0.5929,8.0,0.5931,2592.0
1753599984256,07:06:24.256,blofin,ACE/USDT:USDT,0.5925,131.0,0.5924,6.0,0.5929,8.0,0.593,45.0
1753599985127,07:06:25.127,blofin,ACE/USDT:USDT,0.5925,128.0,0.5924,4.0,0.5929,8.0,0.593,45.0
1753599986257,07:06:26.257,blofin,ACE/USDT:USDT,0.5925,127.0,0.5924,2218.0,0.5929,11.0,0.5934,2434.0
1753599986757,07:06:26.757,blofin,ACE/USDT:USDT,0.5925,127.0,0.5924,2218.0,0.5929,12.0,0.5934,2434.0
1753599988261,07:06:28.261,blofin,ACE/USDT:USDT,0.5925,131.0,0.5924,4.0,0.5929,8.0,0.5932,855.0
1753599989262,07:06:29.262,blofin,ACE/USDT:USDT,0.5925,127.0,0.5924,4.0,0.5929,8.0,0.5932,81.0
1753599991767,07:06:31.767,blofin,ACE/USDT:USDT,0.5924,4.0,0.5922,71.0,0.5926,1453.0,0.5929,2353.0
1753599992267,07:06:32.267,blofin,ACE/USDT:USDT,0.5924,4.0,0.5922,71.0,0.5926,1453.0,0.5929,2.0
1753599993267,07:06:33.267,blofin,ACE/USDT:USDT,0.5924,4.0,0.5922,71.0,0.5926,1300.0,0.5929,3026.0
1753599993777,07:06:33.777,blofin,ACE/USDT:USDT,0.5924,4.0,0.5922,71.0,0.5926,1325.0,0.5929,2.0
1753599994269,07:06:34.269,blofin,ACE/USDT:USDT,0.5924,4.0,0.5922,71.0,0.5926,1289.0,0.5929,2.0
1753599995139,07:06:35.139,blofin,ACE/USDT:USDT,0.5924,4.0,0.5922,71.0,0.5926,1289.0,0.5929,2.0
1753599995770,07:06:35.770,blofin,ACE/USDT:USDT,0.5924,4.0,0.5922,71.0,0.5926,1271.0,0.5927,4967.0
1753599996271,07:06:36.271,blofin,ACE/USDT:USDT,0.5924,4.0,0.5922,71.0,0.5926,1271.0,0.5928,5265.0
1753599997138,07:06:37.138,blofin,ACE/USDT:USDT,0.5924,4.0,0.5922,71.0,0.5925,1270.0,0.5926,3571.0
1753599997774,07:06:37.774,blofin,ACE/USDT:USDT,0.5924,4.0,0.5922,71.0,0.5925,1270.0,0.5926,3571.0
1753599998275,07:06:38.275,blofin,ACE/USDT:USDT,0.5924,4.0,0.5922,71.0,0.5926,1271.0,0.5929,4821.0
1753599998778,07:06:38.778,blofin,ACE/USDT:USDT,0.5924,4.0,0.5922,71.0,0.5926,1271.0,0.5929,4821.0
1753599999276,07:06:39.276,blofin,ACE/USDT:USDT,0.5924,4.0,0.5922,71.0,0.5926,1272.0,0.5928,6996.0
1753600000143,07:06:40.143,blofin,ACE/USDT:USDT,0.5924,4.0,0.5922,71.0,0.5926,1271.0,0.5928,6996.0
1753600000780,07:06:40.780,blofin,ACE/USDT:USDT,0.5924,4.0,0.5922,71.0,0.5927,1273.0,0.5929,2.0
1753600001279,07:06:41.279,blofin,ACE/USDT:USDT,0.5924,4.0,0.5922,71.0,0.5926,8601.0,0.5927,502.0
1753600002144,07:06:42.144,blofin,ACE/USDT:USDT,0.5924,4.0,0.5922,71.0,0.5926,383.0,0.5927,3980.0
1753600003281,07:06:43.281,blofin,ACE/USDT:USDT,0.5924,4.0,0.5922,71.0,0.5926,446.0,0.5927,3.0
1753600003783,07:06:43.783,blofin,ACE/USDT:USDT,0.5924,4.0,0.5922,71.0,0.5926,446.0,0.5927,3.0
1753600004282,07:06:44.282,blofin,ACE/USDT:USDT,0.5924,4.0,0.5922,71.0,0.5926,446.0,0.5927,4311.0
1753600005159,07:06:45.159,blofin,ACE/USDT:USDT,0.5919,443.0,0.5917,1402.0,0.5926,453.0,0.5927,4308.0
1753600005789,07:06:45.789,blofin,ACE/USDT:USDT,0.5919,139.0,0.5918,745.0,0.5926,456.0,0.5929,484.0
1753600006285,07:06:46.285,blofin,ACE/USDT:USDT,0.5919,3.0,0.5918,749.0,0.5926,456.0,0.5927,4826.0
1753600007022,07:06:47.022,blofin,ACE/USDT:USDT,0.5919,3.0,0.5918,1.0,0.5924,1.0,0.5926,6851.0
1753600007373,07:06:47.373,blofin,ACE/USDT:USDT,0.5919,3.0,0.5917,2.0,0.5924,253.0,0.5925,220.0
1753600008289,07:06:48.289,blofin,ACE/USDT:USDT,0.5919,3.0,0.5917,2.0,0.5924,16.0,0.5926,5.0
1753600008789,07:06:48.789,blofin,ACE/USDT:USDT,0.5919,3.0,0.5917,2.0,0.5924,16.0,0.5926,5.0
1753600009291,07:06:49.291,blofin,ACE/USDT:USDT,0.5919,3.0,0.5917,2.0,0.5924,16.0,0.5926,5.0
1753600010152,07:06:50.152,blofin,ACE/USDT:USDT,0.5919,3.0,0.5917,3.0,0.5924,15.0,0.5926,5.0
1753600010791,07:06:50.791,blofin,ACE/USDT:USDT,0.5919,3.0,0.5917,3.0,0.5924,16.0,0.5926,5.0
1753600011291,07:06:51.291,blofin,ACE/USDT:USDT,0.5919,3.0,0.5917,4.0,0.5924,16.0,0.5926,5875.0
1753600011791,07:06:51.791,blofin,ACE/USDT:USDT,0.5919,3.0,0.5917,5.0,0.5924,16.0,0.5926,5875.0
1753600012292,07:06:52.292,blofin,ACE/USDT:USDT,0.5919,3.0,0.5917,5.0,0.5924,16.0,0.5926,5.0
1753600013153,07:06:53.153,blofin,ACE/USDT:USDT,0.5919,3.0,0.5917,5.0,0.5924,16.0,0.5926,5.0
1753600013795,07:06:53.795,blofin,ACE/USDT:USDT,0.5919,3.0,0.5917,5.0,0.5924,16.0,0.5926,5.0
1753600014298,07:06:54.298,blofin,ACE/USDT:USDT,0.5919,165.0,0.5917,4.0,0.5924,3.0,0.5925,13.0
1753600014796,07:06:54.796,blofin,ACE/USDT:USDT,0.5919,165.0,0.5917,184.0,0.5924,3.0,0.5925,13.0
1753600015523,07:06:55.523,blofin,ACE/USDT:USDT,0.5919,7.0,0.5918,474.0,0.5925,18.0,0.5926,2026.0
1753600015799,07:06:55.799,blofin,ACE/USDT:USDT,0.5919,7.0,0.5918,275.0,0.5925,18.0,0.5926,2026.0
1753600016802,07:06:56.802,blofin,ACE/USDT:USDT,0.5919,7.0,0.5918,336.0,0.5925,17.0,0.5926,5.0
1753600017304,07:06:57.304,blofin,ACE/USDT:USDT,0.5919,7.0,0.5918,336.0,0.5925,17.0,0.5926,5.0
1753600017805,07:06:57.805,blofin,ACE/USDT:USDT,0.5919,7.0,0.5918,336.0,0.5925,17.0,0.5926,5.0
1753600018806,07:06:58.806,blofin,ACE/USDT:USDT,0.5919,3.0,0.5918,338.0,0.5925,17.0,0.5926,5.0
1753600019306,07:06:59.306,blofin,ACE/USDT:USDT,0.5919,3.0,0.5918,338.0,0.5925,17.0,0.5926,5.0
1753600019887,07:06:59.887,blofin,ACE/USDT:USDT,0.5924,44.0,0.592,587.0,0.5925,4.0,0.5926,5.0
1753600020309,07:07:00.309,blofin,ACE/USDT:USDT,0.5928,36.0,0.5924,491.0,0.5929,484.0,0.5931,271.0
1753600021155,07:07:01.155,blofin,ACE/USDT:USDT,0.5928,1.0,0.5923,371.0,0.5929,504.0,0.5931,1639.0
1753600021917,07:07:01.917,blofin,ACE/USDT:USDT,0.5923,35.0,0.5922,4.0,0.5929,511.0,0.5931,180.0
1753600022312,07:07:02.312,blofin,ACE/USDT:USDT,0.5923,35.0,0.5921,172.0,0.5929,511.0,0.5931,180.0
1753600022811,07:07:02.811,blofin,ACE/USDT:USDT,0.5923,35.0,0.5921,172.0,0.5929,515.0,0.5931,180.0
1753600023813,07:07:03.813,blofin,ACE/USDT:USDT,0.5923,35.0,0.5921,173.0,0.5928,31.0,0.5929,2511.0
1753600024313,07:07:04.313,blofin,ACE/USDT:USDT,0.5923,35.0,0.5921,173.0,0.5929,513.0,0.5931,549.0
1753600024814,07:07:04.814,blofin,ACE/USDT:USDT,0.5923,35.0,0.5921,171.0,0.5929,513.0,0.5931,549.0
1753600025314,07:07:05.314,blofin,ACE/USDT:USDT,0.5921,171.0,0.592,1878.0,0.5929,514.0,0.593,545.0
1753600026162,07:07:06.162,blofin,ACE/USDT:USDT,0.5921,171.0,0.5919,3.0,0.5929,682.0,0.593,3601.0
1753600026810,07:07:06.810,blofin,ACE/USDT:USDT,0.592,5.0,0.5919,17.0,0.5928,336.0,0.5929,487.0
1753600027317,07:07:07.317,blofin,ACE/USDT:USDT,0.592,5.0,0.5919,17.0,0.5928,934.0,0.5929,484.0
1753600027817,07:07:07.817,blofin,ACE/USDT:USDT,0.592,5.0,0.5919,17.0,0.5928,936.0,0.5929,484.0
1753600028324,07:07:08.324,blofin,ACE/USDT:USDT,0.5919,22.0,0.5916,34.0,0.5928,768.0,0.5929,484.0
1753600029164,07:07:09.164,blofin,ACE/USDT:USDT,0.5919,190.0,0.5916,34.0,0.5928,883.0,0.5929,484.0
1753600029822,07:07:09.822,blofin,ACE/USDT:USDT,0.5919,186.0,0.5916,34.0,0.5928,883.0,0.5929,484.0
1753600030323,07:07:10.323,blofin,ACE/USDT:USDT,0.592,170.0,0.5919,3.0,0.5928,134.0,0.5929,484.0
1753600030825,07:07:10.825,blofin,ACE/USDT:USDT,0.592,2.0,0.5919,171.0,0.5928,131.0,0.5929,893.0
1753600031326,07:07:11.326,blofin,ACE/USDT:USDT,0.592,352.0,0.5919,3.0,0.5928,133.0,0.5929,1835.0
1753600031825,07:07:11.825,blofin,ACE/USDT:USDT,0.5919,175.0,0.5918,1236.0,0.5928,133.0,0.5929,484.0
1753600032511,07:07:12.511,blofin,ACE/USDT:USDT,0.592,168.0,0.5919,1389.0,0.5928,3.0,0.5929,485.0
1753600033170,07:07:13.170,blofin,ACE/USDT:USDT,0.5921,168.0,0.592,5.0,0.5928,3.0,0.5929,485.0
1753600033827,07:07:13.827,blofin,ACE/USDT:USDT,0.592,173.0,0.5919,3.0,0.5929,486.0,0.5931,814.0
1753600034419,07:07:14.419,blofin,ACE/USDT:USDT,0.5921,168.0,0.592,5.0,0.5929,486.0,0.593,713.0
1753600035181,07:07:15.181,blofin,ACE/USDT:USDT,0.5921,169.0,0.592,5.0,0.5929,4.0,0.593,713.0
1753600035829,07:07:15.829,blofin,ACE/USDT:USDT,0.5921,19.0,0.5918,970.0,0.5929,20.0,0.5933,661.0
1753600036330,07:07:16.330,blofin,ACE/USDT:USDT,0.5921,19.0,0.5916,618.0,0.5929,20.0,0.5932,490.0
1753600036845,07:07:16.845,blofin,ACE/USDT:USDT,0.5921,19.0,0.592,146.0,0.5929,20.0,0.5932,490.0
1753600037333,07:07:17.333,blofin,ACE/USDT:USDT,0.5921,18.0,0.592,146.0,0.5929,20.0,0.5933,661.0
1753600038170,07:07:18.170,blofin,ACE/USDT:USDT,0.5921,18.0,0.592,146.0,0.5929,24.0,0.5932,1415.0
1753600038334,07:07:18.334,blofin,ACE/USDT:USDT,0.5921,18.0,0.5917,1584.0,0.5929,24.0,0.5932,1415.0
1753600039171,07:07:19.171,blofin,ACE/USDT:USDT,0.5921,16.0,0.5919,743.0,0.5928,92.0,0.5929,3.0
1753600039834,07:07:19.834,blofin,ACE/USDT:USDT,0.5921,16.0,0.5919,743.0,0.5928,94.0,0.5929,2.0
1753600040336,07:07:20.336,blofin,ACE/USDT:USDT,0.5921,20.0,0.5919,391.0,0.5928,5.0,0.5929,94.0
1753600040838,07:07:20.838,blofin,ACE/USDT:USDT,0.5921,20.0,0.5919,391.0,0.5929,99.0,0.5933,483.0
1753600041338,07:07:21.338,blofin,ACE/USDT:USDT,0.5921,20.0,0.592,1743.0,0.5928,92.0,0.5929,2566.0
1753600041839,07:07:21.839,blofin,ACE/USDT:USDT,0.5921,17.0,0.592,1743.0,0.5928,92.0,0.5929,2566.0
1753600042341,07:07:22.341,blofin,ACE/USDT:USDT,0.5921,17.0,0.5919,90.0,0.5929,267.0,0.5933,2027.0
1753600043173,07:07:23.173,blofin,ACE/USDT:USDT,0.5921,17.0,0.5917,484.0,0.5929,267.0,0.5932,2162.0
1753600043843,07:07:23.843,blofin,ACE/USDT:USDT,0.5921,16.0,0.5917,484.0,0.5929,265.0,0.5932,2162.0
1753600044344,07:07:24.344,blofin,ACE/USDT:USDT,0.5921,16.0,0.5916,938.0,0.5929,267.0,0.5931,4570.0
1753600045345,07:07:25.345,blofin,ACE/USDT:USDT,0.5921,18.0,0.5918,253.0,0.5929,267.0,0.593,5769.0
1753600046175,07:07:26.175,blofin,ACE/USDT:USDT,0.5921,18.0,0.5916,181.0,0.5929,267.0,0.5933,3446.0
1753600046846,07:07:26.846,blofin,ACE/USDT:USDT,0.5921,18.0,0.5916,181.0,0.5929,263.0,0.5933,3446.0
1753600047347,07:07:27.347,blofin,ACE/USDT:USDT,0.5921,18.0,0.5917,707.0,0.5929,263.0,0.5931,3494.0
1753600047848,07:07:27.848,blofin,ACE/USDT:USDT,0.5921,18.0,0.5917,707.0,0.5929,263.0,0.5931,3494.0
1753600048349,07:07:28.349,blofin,ACE/USDT:USDT,0.5921,18.0,0.5917,470.0,0.5928,263.0,0.5929,2.0
1753600049177,07:07:29.177,blofin,ACE/USDT:USDT,0.5921,18.0,0.5917,754.0,0.5928,3.0,0.5929,434.0
1753600049851,07:07:29.851,blofin,ACE/USDT:USDT,0.5921,16.0,0.5917,754.0,0.5928,3.0,0.5929,434.0
1753600050352,07:07:30.352,blofin,ACE/USDT:USDT,0.5921,19.0,0.5919,212.0,0.5929,267.0,0.5933,483.0
1753600050853,07:07:30.853,blofin,ACE/USDT:USDT,0.5921,19.0,0.5919,212.0,0.5929,266.0,0.5933,483.0
1753600051353,07:07:31.353,blofin,ACE/USDT:USDT,0.5921,18.0,0.5918,104.0,0.5929,206.0,0.5932,1474.0
1753600052181,07:07:32.181,blofin,ACE/USDT:USDT,0.5921,18.0,0.592,111.0,0.5929,38.0,0.5933,1879.0
1753600052853,07:07:32.853,blofin,ACE/USDT:USDT,0.5921,18.0,0.592,111.0,0.5929,38.0,0.5933,1879.0
1753600053353,07:07:33.353,blofin,ACE/USDT:USDT,0.5921,172.0,0.5918,1992.0,0.5929,38.0,0.593,1151.0
1753600053854,07:07:33.854,blofin,ACE/USDT:USDT,0.5922,14.0,0.5921,109.0,0.5929,38.0,0.5933,1241.0
1753600054355,07:07:34.355,blofin,ACE/USDT:USDT,0.5922,173.0,0.5921,106.0,0.5929,38.0,0.593,1552.0
1753600055181,07:07:35.181,blofin,ACE/USDT:USDT,0.5922,171.0,0.5921,1.0,0.5929,37.0,0.593,1552.0
1753600055358,07:07:35.358,blofin,ACE/USDT:USDT,0.5922,170.0,0.5921,1.0,0.5929,37.0,0.593,1725.0
1753600056183,07:07:36.183,blofin,ACE/USDT:USDT,0.5922,338.0,0.5921,1.0,0.5929,36.0,0.5931,1153.0
1753600057249,07:07:37.249,blofin,ACE/USDT:USDT,0.5923,840.0,0.5922,2.0,0.5929,46.0,0.5933,2210.0
1753600057860,07:07:37.860,blofin,ACE/USDT:USDT,0.5923,845.0,0.5921,1.0,0.5929,46.0,0.5933,2210.0
1753600058362,07:07:38.362,blofin,ACE/USDT:USDT,0.5923,19.0,0.5921,1.0,0.5929,22.0,0.593,377.0
1753600059185,07:07:39.185,blofin,ACE/USDT:USDT,0.5923,15.0,0.5921,1.0,0.5929,22.0,0.5932,172.0
1753600059363,07:07:39.363,blofin,ACE/USDT:USDT,0.5923,15.0,0.5921,1.0,0.5929,22.0,0.5932,172.0
1753600060374,07:07:40.374,blofin,ACE/USDT:USDT,0.5923,354.0,0.5921,1.0,0.5929,23.0,0.5932,2309.0
1753600060866,07:07:40.866,blofin,ACE/USDT:USDT,0.5923,351.0,0.5921,1.0,0.5929,23.0,0.5932,2309.0
1753600061367,07:07:41.367,blofin,ACE/USDT:USDT,0.5923,855.0,0.5921,1.0,0.5929,23.0,0.5932,1685.0
1753600061867,07:07:41.867,blofin,ACE/USDT:USDT,0.5923,855.0,0.5922,35.0,0.5929,23.0,0.5932,1685.0
1753600062369,07:07:42.369,blofin,ACE/USDT:USDT,0.5923,855.0,0.5922,476.0,0.5929,24.0,0.5933,483.0
1753600063187,07:07:43.187,blofin,ACE/USDT:USDT,0.5923,855.0,0.5922,35.0,0.5929,20.0,0.5933,483.0
1753600063870,07:07:43.870,blofin,ACE/USDT:USDT,0.5923,856.0,0.5922,35.0,0.5929,20.0,0.5933,483.0
1753600064373,07:07:44.373,blofin,ACE/USDT:USDT,0.5923,857.0,0.5922,2002.0,0.5929,20.0,0.5932,1651.0
1753600064873,07:07:44.873,blofin,ACE/USDT:USDT,0.5923,857.0,0.5922,1967.0,0.5929,20.0,0.5932,1651.0
1753600065373,07:07:45.373,blofin,ACE/USDT:USDT,0.5923,860.0,0.5922,945.0,0.5928,17.0,0.5929,6.0
1753600065874,07:07:45.874,blofin,ACE/USDT:USDT,0.5923,860.0,0.5922,945.0,0.5928,17.0,0.5929,6.0
1753600066375,07:07:46.375,blofin,ACE/USDT:USDT,0.5923,857.0,0.5918,2562.0,0.5929,23.0,0.5932,471.0
1753600067192,07:07:47.192,blofin,ACE/USDT:USDT,0.5923,857.0,0.592,2818.0,0.5929,23.0,0.593,367.0
1753600067376,07:07:47.376,blofin,ACE/USDT:USDT,0.5923,859.0,0.592,2818.0,0.5929,23.0,0.593,367.0
1753600068192,07:07:48.192,blofin,ACE/USDT:USDT,0.5923,20.0,0.5918,4003.0,0.5929,23.0,0.5933,250.0
1753600069380,07:07:49.380,blofin,ACE/USDT:USDT,0.5923,18.0,0.592,3940.0,0.5929,24.0,0.5934,1710.0
1753600069880,07:07:49.880,blofin,ACE/USDT:USDT,0.5923,19.0,0.592,3940.0,0.5929,24.0,0.5934,1710.0
1753600070380,07:07:50.380,blofin,ACE/USDT:USDT,0.5923,21.0,0.592,17.0,0.5929,25.0,0.5931,1638.0
1753600071382,07:07:51.382,blofin,ACE/USDT:USDT,0.5923,21.0,0.5921,377.0,0.5929,24.0,0.5933,473.0
1753600071882,07:07:51.882,blofin,ACE/USDT:USDT,0.5923,22.0,0.5921,377.0,0.5929,24.0,0.5933,473.0
1753600072383,07:07:52.383,blofin,ACE/USDT:USDT,0.5923,22.0,0.5922,2146.0,0.5929,22.0,0.5932,1590.0
1753600073203,07:07:53.203,blofin,ACE/USDT:USDT,0.5923,189.0,0.592,42.0,0.5928,17.0,0.5929,299.0
1753600073383,07:07:53.383,blofin,ACE/USDT:USDT,0.5923,186.0,0.592,42.0,0.5928,17.0,0.5929,299.0
1753600074385,07:07:54.385,blofin,ACE/USDT:USDT,0.5923,186.0,0.5922,3423.0,0.5929,27.0,0.593,1465.0
1753600074885,07:07:54.885,blofin,ACE/USDT:USDT,0.5923,186.0,0.5922,3423.0,0.5929,27.0,0.593,1465.0
1753600075386,07:07:55.386,blofin,ACE/USDT:USDT,0.5923,189.0,0.5921,135.0,0.5929,25.0,0.593,221.0
1753600076199,07:07:56.199,blofin,ACE/USDT:USDT,0.5923,357.0,0.5921,135.0,0.5929,26.0,0.593,1664.0
1753600076387,07:07:56.387,blofin,ACE/USDT:USDT,0.5923,357.0,0.5921,135.0,0.5929,25.0,0.593,1664.0
1753600077389,07:07:57.389,blofin,ACE/USDT:USDT,0.5923,354.0,0.5921,135.0,0.5929,25.0,0.5933,882.0
1753600077891,07:07:57.891,blofin,ACE/USDT:USDT,0.5923,354.0,0.5921,135.0,0.5929,26.0,0.5933,882.0
1753600078391,07:07:58.391,blofin,ACE/USDT:USDT,0.5923,186.0,0.5921,473.0,0.5929,25.0,0.5933,1765.0
1753600079392,07:07:59.392,blofin,ACE/USDT:USDT,0.5923,355.0,0.592,314.0,0.5929,25.0,0.5931,1450.0
1753600079898,07:07:59.898,blofin,ACE/USDT:USDT,0.5923,355.0,0.592,314.0,0.5929,27.0,0.5931,1450.0
1753600080395,07:08:00.395,blofin,ACE/USDT:USDT,0.5923,357.0,0.5918,206.0,0.5929,27.0,0.5933,1356.0
1753600081203,07:08:01.203,blofin,ACE/USDT:USDT,0.5923,21.0,0.5921,373.0,0.5929,25.0,0.5933,252.0
1753600081396,07:08:01.396,blofin,ACE/USDT:USDT,0.5923,21.0,0.5921,373.0,0.5929,23.0,0.5933,252.0
1753600082399,07:08:02.399,blofin,ACE/USDT:USDT,0.5923,22.0,0.5922,135.0,0.5929,23.0,0.5934,303.0
1753600083205,07:08:03.205,blofin,ACE/USDT:USDT,0.5923,9.0,0.5922,135.0,0.5928,14.0,0.5929,4076.0
1753600083909,07:08:03.909,blofin,ACE/USDT:USDT,0.5923,9.0,0.5922,135.0,0.5927,24.0,0.5929,5.0
1753600084400,07:08:04.400,blofin,ACE/USDT:USDT,0.5923,9.0,0.5922,135.0,0.5927,142.0,0.5929,5.0
1753600085209,07:08:05.209,blofin,ACE/USDT:USDT,0.5923,4.0,0.5921,6.0,0.5927,142.0,0.5929,5.0
1753600085401,07:08:05.401,blofin,ACE/USDT:USDT,0.5923,4.0,0.5921,6.0,0.5926,137.0,0.5927,5.0
1753600086209,07:08:06.209,blofin,ACE/USDT:USDT,0.5923,4.0,0.5921,6.0,0.5926,5.0,0.5927,14.0
1753600086904,07:08:06.904,blofin,ACE/USDT:USDT,0.5923,4.0,0.5921,6.0,0.5927,17.0,0.5929,656.0
1753600087404,07:08:07.404,blofin,ACE/USDT:USDT,0.5923,4.0,0.5921,6.0,0.5927,16.0,0.5929,5.0
1753600088212,07:08:08.212,blofin,ACE/USDT:USDT,0.5923,4.0,0.5921,6.0,0.5927,18.0,0.5929,5.0
1753600088406,07:08:08.406,blofin,ACE/USDT:USDT,0.5923,4.0,0.5921,3.0,0.5927,18.0,0.5929,5.0
1753600089407,07:08:09.407,blofin,ACE/USDT:USDT,0.5923,4.0,0.5921,6.0,0.5927,18.0,0.5929,5.0
1753600090409,07:08:10.409,blofin,ACE/USDT:USDT,0.5923,4.0,0.5921,3.0,0.5927,18.0,0.5929,1433.0
1753600091213,07:08:11.213,blofin,ACE/USDT:USDT,0.5923,4.0,0.5921,5.0,0.5927,18.0,0.5929,5.0
1753600091911,07:08:11.911,blofin,ACE/USDT:USDT,0.5923,4.0,0.5921,5.0,0.5927,17.0,0.5929,5.0
1753600092412,07:08:12.412,blofin,ACE/USDT:USDT,0.5923,4.0,0.5921,5.0,0.5927,17.0,0.5929,5.0
1753600093215,07:08:13.215,blofin,ACE/USDT:USDT,0.5923,4.0,0.5921,3.0,0.5927,17.0,0.5928,1734.0
1753600093413,07:08:13.413,blofin,ACE/USDT:USDT,0.5923,4.0,0.5921,6.0,0.5927,17.0,0.5928,1734.0
1753600094416,07:08:14.416,blofin,ACE/USDT:USDT,0.5923,4.0,0.5921,3.0,0.5927,17.0,0.5929,5.0
1753600095068,07:08:15.068,blofin,ACE/USDT:USDT,0.5923,4.0,0.5921,3.0,0.5926,14.0,0.5927,2.0
1753600095416,07:08:15.416,blofin,ACE/USDT:USDT,0.5921,12.0,0.5919,445.0,0.5926,212.0,0.5927,4127.0
1753600095919,07:08:15.919,blofin,ACE/USDT:USDT,0.5921,8.0,0.5919,445.0,0.5926,212.0,0.5927,4127.0
1753600096419,07:08:16.419,blofin,ACE/USDT:USDT,0.5921,8.0,0.5917,986.0,0.5926,212.0,0.5931,6688.0
1753600097217,07:08:17.217,blofin,ACE/USDT:USDT,0.5921,8.0,0.5916,832.0,0.5926,212.0,0.593,4500.0
1753600097922,07:08:17.922,blofin,ACE/USDT:USDT,0.5921,8.0,0.5918,137.0,0.5926,212.0,0.593,4500.0
1753600098425,07:08:18.425,blofin,ACE/USDT:USDT,0.5921,8.0,0.5918,137.0,0.5926,21.0,0.5928,5974.0
1753600098924,07:08:18.924,blofin,ACE/USDT:USDT,0.5921,8.0,0.5918,138.0,0.5926,21.0,0.5928,5974.0
1753600099925,07:08:19.925,blofin,ACE/USDT:USDT,0.5921,8.0,0.5919,496.0,0.5926,21.0,0.593,4885.0
1753600100427,07:08:20.427,blofin,ACE/USDT:USDT,0.5921,12.0,0.5919,804.0,0.5926,18.0,0.5928,1647.0
1753600100929,07:08:20.929,blofin,ACE/USDT:USDT,0.5921,12.0,0.5919,804.0,0.5926,18.0,0.5928,1647.0
1753600101430,07:08:21.430,blofin,ACE/USDT:USDT,0.5921,12.0,0.5918,1221.0,0.5926,11.0,0.5927,78.0
1753600102221,07:08:22.221,blofin,ACE/USDT:USDT,0.5921,10.0,0.5917,282.0,0.5926,11.0,0.5927,6406.0
1753600102431,07:08:22.431,blofin,ACE/USDT:USDT,0.5921,10.0,0.5917,282.0,0.5926,14.0,0.5927,6406.0
1753600103220,07:08:23.220,blofin,ACE/USDT:USDT,0.5921,10.0,0.5919,140.0,0.5926,14.0,0.593,4079.0
1753600103932,07:08:23.932,blofin,ACE/USDT:USDT,0.5921,10.0,0.5919,140.0,0.5926,14.0,0.593,4079.0
1753600104436,07:08:24.436,blofin,ACE/USDT:USDT,0.5921,10.0,0.5918,192.0,0.5926,14.0,0.5929,1005.0
1753600104935,07:08:24.935,blofin,ACE/USDT:USDT,0.5921,8.0,0.5918,192.0,0.5926,14.0,0.5929,1005.0
1753600105435,07:08:25.435,blofin,ACE/USDT:USDT,0.5921,9.0,0.5916,615.0,0.5926,12.0,0.5927,3126.0
1753600106224,07:08:26.224,blofin,ACE/USDT:USDT,0.5921,10.0,0.592,47.0,0.5926,34.0,0.5928,3433.0
1753600106437,07:08:26.437,blofin,ACE/USDT:USDT,0.5921,8.0,0.592,47.0,0.5926,34.0,0.5928,3433.0
1753600107440,07:08:27.440,blofin,ACE/USDT:USDT,0.5921,8.0,0.5917,462.0,0.5926,33.0,0.5931,3617.0
1753600107940,07:08:27.940,blofin,ACE/USDT:USDT,0.5921,9.0,0.5917,462.0,0.5926,33.0,0.5931,3617.0
1753600108440,07:08:28.440,blofin,ACE/USDT:USDT,0.5921,9.0,0.5919,1297.0,0.5926,33.0,0.5927,2575.0
1753600109224,07:08:29.224,blofin,ACE/USDT:USDT,0.5921,9.0,0.592,1452.0,0.5926,35.0,0.593,349.0
1753600109441,07:08:29.441,blofin,ACE/USDT:USDT,0.5921,9.0,0.592,1452.0,0.5926,36.0,0.593,349.0
1753600110225,07:08:30.225,blofin,ACE/USDT:USDT,0.5921,11.0,0.592,1452.0,0.5926,32.0,0.593,349.0
1753600110943,07:08:30.943,blofin,ACE/USDT:USDT,0.5921,11.0,0.5919,1507.0,0.5926,34.0,0.5927,2063.0
1753600111443,07:08:31.443,blofin,ACE/USDT:USDT,0.5921,11.0,0.5918,512.0,0.5926,34.0,0.5927,3125.0
1753600112445,07:08:32.445,blofin,ACE/USDT:USDT,0.5921,11.0,0.5918,1399.0,0.5926,49.0,0.5928,972.0
1753600112946,07:08:32.946,blofin,ACE/USDT:USDT,0.5921,10.0,0.5918,1399.0,0.5926,49.0,0.5928,972.0
1753600113447,07:08:33.447,blofin,ACE/USDT:USDT,0.5921,10.0,0.5917,730.0,0.5926,36.0,0.5928,2577.0
1753600114228,07:08:34.228,blofin,ACE/USDT:USDT,0.5921,12.0,0.5917,712.0,0.5926,36.0,0.593,1666.0
1753600114448,07:08:34.448,blofin,ACE/USDT:USDT,0.5921,8.0,0.5917,712.0,0.5926,36.0,0.593,1666.0
1753600115447,07:08:35.447,blofin,ACE/USDT:USDT,0.5921,9.0,0.5919,318.0,0.5926,35.0,0.5928,302.0
1753600115947,07:08:35.947,blofin,ACE/USDT:USDT,0.5921,10.0,0.5919,318.0,0.5926,35.0,0.5928,302.0
1753600116449,07:08:36.449,blofin,ACE/USDT:USDT,0.5921,10.0,0.5919,398.0,0.5926,36.0,0.5928,6017.0
1753600116951,07:08:36.951,blofin,ACE/USDT:USDT,0.5921,11.0,0.5919,398.0,0.5926,36.0,0.5928,6017.0
1753600117451,07:08:37.451,blofin,ACE/USDT:USDT,0.5921,11.0,0.5918,1013.0,0.5926,36.0,0.5927,2342.0
1753600117950,07:08:37.950,blofin,ACE/USDT:USDT,0.5921,11.0,0.5918,1216.0,0.5926,36.0,0.5927,2342.0
1753600118451,07:08:38.451,blofin,ACE/USDT:USDT,0.5921,8.0,0.5918,1904.0,0.5926,36.0,0.5927,3332.0
1753600119453,07:08:39.453,blofin,ACE/USDT:USDT,0.5921,8.0,0.5918,203.0,0.5926,910.0,0.5929,1049.0
1753600119965,07:08:39.965,blofin,ACE/USDT:USDT,0.5921,8.0,0.5918,145.0,0.5926,910.0,0.5929,1049.0
1753600120454,07:08:40.454,blofin,ACE/USDT:USDT,0.5921,11.0,0.5917,58.0,0.5926,744.0,0.5928,3253.0
1753600120955,07:08:40.955,blofin,ACE/USDT:USDT,0.5921,11.0,0.5917,58.0,0.5926,744.0,0.5928,3253.0
1753600121457,07:08:41.457,blofin,ACE/USDT:USDT,0.5921,11.0,0.5916,579.0,0.5926,913.0,0.5928,6155.0
1753600122234,07:08:42.234,blofin,ACE/USDT:USDT,0.5921,11.0,0.5917,856.0,0.5926,909.0,0.5927,8627.0
1753600122457,07:08:42.457,blofin,ACE/USDT:USDT,0.5921,11.0,0.5917,856.0,0.5926,913.0,0.5927,8627.0
1753600123459,07:08:43.459,blofin,ACE/USDT:USDT,0.5921,11.0,0.5917,1043.0,0.5926,913.0,0.5928,2541.0
1753600123959,07:08:43.959,blofin,ACE/USDT:USDT,0.5921,12.0,0.5917,1043.0,0.5926,913.0,0.5928,2541.0
1753600124461,07:08:44.461,blofin,ACE/USDT:USDT,0.5921,11.0,0.5919,167.0,0.5926,744.0,0.5928,5222.0
1753600125251,07:08:45.251,blofin,ACE/USDT:USDT,0.5921,9.0,0.5919,167.0,0.5926,743.0,0.5928,5222.0
1753600125463,07:08:45.463,blofin,ACE/USDT:USDT,0.5921,10.0,0.5917,556.0,0.5926,743.0,0.593,2427.0
1753600126466,07:08:46.466,blofin,ACE/USDT:USDT,0.5921,9.0,0.5919,378.0,0.5926,738.0,0.5929,1267.0
1753600126967,07:08:46.967,blofin,ACE/USDT:USDT,0.5921,9.0,0.5919,378.0,0.5926,738.0,0.5929,1267.0
1753600127468,07:08:47.468,blofin,ACE/USDT:USDT,0.5921,9.0,0.5919,1186.0,0.5926,736.0,0.5928,2831.0
1753600128241,07:08:48.241,blofin,ACE/USDT:USDT,0.5921,10.0,0.5918,70.0,0.5926,701.0,0.5931,1085.0
1753600128473,07:08:48.473,blofin,ACE/USDT:USDT,0.5921,10.0,0.5918,70.0,0.5926,701.0,0.5931,1085.0
1753600129474,07:08:49.474,blofin,ACE/USDT:USDT,0.5921,7.0,0.592,484.0,0.5926,702.0,0.5927,2582.0
1753600129975,07:08:49.975,blofin,ACE/USDT:USDT,0.5921,7.0,0.592,484.0,0.5926,704.0,0.5927,2582.0
1753600130475,07:08:50.475,blofin,ACE/USDT:USDT,0.5921,8.0,0.5919,842.0,0.5926,703.0,0.5927,1850.0
1753600130975,07:08:50.975,blofin,ACE/USDT:USDT,0.5921,8.0,0.592,33.0,0.5926,703.0,0.5927,1850.0
1753600131477,07:08:51.477,blofin,ACE/USDT:USDT,0.5921,8.0,0.592,33.0,0.5926,703.0,0.5928,3162.0
1753600131979,07:08:51.979,blofin,ACE/USDT:USDT,0.5921,6.0,0.592,33.0,0.5926,703.0,0.5928,3162.0
1753600132482,07:08:52.482,blofin,ACE/USDT:USDT,0.5921,6.0,0.592,33.0,0.5926,704.0,0.5928,2331.0
1753600133241,07:08:53.241,blofin,ACE/USDT:USDT,0.5921,6.0,0.592,33.0,0.5926,704.0,0.5929,3274.0
1753600133479,07:08:53.479,blofin,ACE/USDT:USDT,0.5921,6.0,0.592,33.0,0.5926,701.0,0.5929,3274.0
1753600134482,07:08:54.482,blofin,ACE/USDT:USDT,0.5921,6.0,0.5917,569.0,0.5926,703.0,0.5929,197.0
1753600134982,07:08:54.982,blofin,ACE/USDT:USDT,0.5921,6.0,0.5917,569.0,0.5926,701.0,0.5929,197.0
1753600135482,07:08:55.482,blofin,ACE/USDT:USDT,0.5921,9.0,0.5919,160.0,0.5926,705.0,0.5931,2503.0
1753600135983,07:08:55.983,blofin,ACE/USDT:USDT,0.5921,9.0,0.5919,160.0,0.5926,703.0,0.5931,2503.0
1753600136483,07:08:56.483,blofin,ACE/USDT:USDT,0.5921,9.0,0.5919,160.0,0.5926,703.0,0.5931,1416.0
1753600137243,07:08:57.243,blofin,ACE/USDT:USDT,0.5921,9.0,0.5919,160.0,0.5926,703.0,0.5931,849.0
1753600137492,07:08:57.492,blofin,ACE/USDT:USDT,0.5921,9.0,0.5919,160.0,0.5926,702.0,0.5931,849.0
1753600138487,07:08:58.487,blofin,ACE/USDT:USDT,0.5921,8.0,0.5918,3145.0,0.5926,702.0,0.5927,619.0
1753600138987,07:08:58.987,blofin,ACE/USDT:USDT,0.5921,7.0,0.5918,3145.0,0.5926,702.0,0.5927,619.0
1753600139490,07:08:59.490,blofin,ACE/USDT:USDT,0.5921,7.0,0.592,1079.0,0.5926,702.0,0.5929,1227.0
1753600140246,07:09:00.246,blofin,ACE/USDT:USDT,0.5921,3.0,0.5919,663.0,0.5926,701.0,0.5927,715.0
1753600140490,07:09:00.490,blofin,ACE/USDT:USDT,0.5921,3.0,0.5919,663.0,0.5926,701.0,0.593,1680.0
1753600141489,07:09:01.489,blofin,ACE/USDT:USDT,0.5921,3.0,0.5919,664.0,0.5926,701.0,0.5929,785.0
1753600141990,07:09:01.990,blofin,ACE/USDT:USDT,0.5921,3.0,0.5919,664.0,0.5926,701.0,0.5929,785.0
1753600142494,07:09:02.494,blofin,ACE/USDT:USDT,0.5921,3.0,0.5919,150.0,0.5926,701.0,0.5928,1658.0
1753600143259,07:09:03.259,blofin,ACE/USDT:USDT,0.5921,3.0,0.5919,150.0,0.5926,701.0,0.5929,3292.0
1753600143494,07:09:03.494,blofin,ACE/USDT:USDT,0.5921,3.0,0.5919,150.0,0.5926,701.0,0.5929,3292.0
1753600144250,07:09:04.250,blofin,ACE/USDT:USDT,0.5921,3.0,0.5919,150.0,0.5926,700.0,0.5931,1886.0
1753600144500,07:09:04.500,blofin,ACE/USDT:USDT,0.5921,3.0,0.5919,150.0,0.5926,700.0,0.5931,1886.0
1753600145509,07:09:05.509,blofin,ACE/USDT:USDT,0.5921,3.0,0.5919,150.0,0.5926,700.0,0.5927,360.0
1753600145997,07:09:05.997,blofin,ACE/USDT:USDT,0.5921,3.0,0.5919,147.0,0.5926,700.0,0.5927,360.0
1753600146497,07:09:06.497,blofin,ACE/USDT:USDT,0.5921,3.0,0.5919,147.0,0.5926,707.0,0.5931,2713.0
1753600147252,07:09:07.252,blofin,ACE/USDT:USDT,0.5921,3.0,0.5919,147.0,0.5926,709.0,0.5929,1448.0
1753600148251,07:09:08.251,blofin,ACE/USDT:USDT,0.5921,3.0,0.5919,147.0,0.5926,709.0,0.5928,1498.0
1753600149001,07:09:09.001,blofin,ACE/USDT:USDT,0.5921,3.0,0.5919,150.0,0.5926,709.0,0.5928,1498.0
1753600149503,07:09:09.503,blofin,ACE/USDT:USDT,0.5921,3.0,0.592,132.0,0.5926,674.0,0.5928,971.0
1753600150006,07:09:10.006,blofin,ACE/USDT:USDT,0.5921,3.0,0.592,132.0,0.5926,675.0,0.5928,971.0
1753600151253,07:09:11.253,blofin,ACE/USDT:USDT,0.5921,3.0,0.592,144.0,0.5926,672.0,0.593,243.0
1753600152254,07:09:12.254,blofin,ACE/USDT:USDT,0.5921,3.0,0.592,37.0,0.5926,673.0,0.5929,534.0
1753600153010,07:09:13.010,blofin,ACE/USDT:USDT,0.5921,3.0,0.592,38.0,0.5926,673.0,0.5929,534.0
1753600153255,07:09:13.255,blofin,ACE/USDT:USDT,0.5921,3.0,0.592,38.0,0.5925,670.0,0.5926,3.0
1753600153511,07:09:13.511,blofin,ACE/USDT:USDT,0.5921,3.0,0.592,38.0,0.5925,671.0,0.5926,1.0
1753600154256,07:09:14.256,blofin,ACE/USDT:USDT,0.5921,3.0,0.592,212.0,0.5925,1.0,0.5926,671.0
1753600155013,07:09:15.013,blofin,ACE/USDT:USDT,0.5921,3.0,0.592,212.0,0.5926,672.0,0.5928,74.0
1753600155514,07:09:15.514,blofin,ACE/USDT:USDT,0.592,210.0,0.5919,11.0,0.5925,675.0,0.5926,3.0
1753600156015,07:09:16.015,blofin,ACE/USDT:USDT,0.592,210.0,0.5918,170.0,0.5925,675.0,0.5926,3.0
1753600156515,07:09:16.515,blofin,ACE/USDT:USDT,0.592,210.0,0.5919,199.0,0.5925,5.0,0.5926,673.0
1753600157259,07:09:17.259,blofin,ACE/USDT:USDT,0.592,211.0,0.5918,398.0,0.5925,5.0,0.5926,673.0
1753600157517,07:09:17.517,blofin,ACE/USDT:USDT,0.592,211.0,0.5918,398.0,0.5925,5.0,0.5926,673.0
1753600158261,07:09:18.261,blofin,ACE/USDT:USDT,0.592,211.0,0.5918,170.0,0.5925,5.0,0.5926,673.0
1753600159012,07:09:19.012,blofin,ACE/USDT:USDT,0.592,6.0,0.5919,132.0,0.5925,5.0,0.5926,673.0
1753600159523,07:09:19.523,blofin,ACE/USDT:USDT,0.592,3.0,0.5919,553.0,0.5925,5.0,0.5926,673.0
1753600160169,07:09:20.169,blofin,ACE/USDT:USDT,0.592,3.0,0.5919,1.0,0.5926,675.0,0.5927,2912.0
1753600160523,07:09:20.523,blofin,ACE/USDT:USDT,0.592,3.0,0.5918,632.0,0.5926,677.0,0.5929,23.0
1753600161589,07:09:21.589,blofin,ACE/USDT:USDT,0.592,3.0,0.5918,172.0,0.5926,28.0,0.5929,628.0
1753600162261,07:09:22.261,blofin,ACE/USDT:USDT,0.592,3.0,0.5918,172.0,0.5926,680.0,0.5927,925.0
1753600163027,07:09:23.027,blofin,ACE/USDT:USDT,0.592,3.0,0.5918,170.0,0.5926,680.0,0.5927,925.0
1753600163528,07:09:23.528,blofin,ACE/USDT:USDT,0.592,3.0,0.5918,170.0,0.5926,1037.0,0.5928,2848.0
1753600164261,07:09:24.261,blofin,ACE/USDT:USDT,0.592,3.0,0.5918,170.0,0.5925,367.0,0.5926,7.0
1753600164531,07:09:24.531,blofin,ACE/USDT:USDT,0.592,3.0,0.5918,170.0,0.5925,368.0,0.5926,3.0
1753600165271,07:09:25.271,blofin,ACE/USDT:USDT,0.592,3.0,0.5918,170.0,0.5925,368.0,0.5926,3.0
1753600165532,07:09:25.532,blofin,ACE/USDT:USDT,0.592,3.0,0.5918,170.0,0.5925,371.0,0.5926,3316.0
1753600166532,07:09:26.532,blofin,ACE/USDT:USDT,0.592,3.0,0.5918,170.0,0.5924,726.0,0.5925,2099.0
1753600167034,07:09:27.034,blofin,ACE/USDT:USDT,0.592,3.0,0.5918,170.0,0.5924,726.0,0.5925,2099.0
1753600167534,07:09:27.534,blofin,ACE/USDT:USDT,0.592,3.0,0.5918,170.0,0.5924,112.0,0.5926,3.0
1753600168267,07:09:28.267,blofin,ACE/USDT:USDT,0.592,3.0,0.5918,170.0,0.5924,172.0,0.5926,288.0
1753600168534,07:09:28.534,blofin,ACE/USDT:USDT,0.592,3.0,0.5918,170.0,0.5924,174.0,0.5926,288.0
1753600169266,07:09:29.266,blofin,ACE/USDT:USDT,0.592,3.0,0.5918,170.0,0.5924,164.0,0.5926,3.0
1753600170037,07:09:30.037,blofin,ACE/USDT:USDT,0.592,3.0,0.5918,170.0,0.5924,164.0,0.5926,3.0
1753600170538,07:09:30.538,blofin,ACE/USDT:USDT,0.592,3.0,0.5918,170.0,0.5924,163.0,0.5926,5518.0
1753600171039,07:09:31.039,blofin,ACE/USDT:USDT,0.592,3.0,0.5918,170.0,0.5924,163.0,0.5926,5518.0
1753600171539,07:09:31.539,blofin,ACE/USDT:USDT,0.592,3.0,0.5918,170.0,0.5924,163.0,0.5926,3.0
1753600172269,07:09:32.269,blofin,ACE/USDT:USDT,0.592,3.0,0.5918,170.0,0.5924,163.0,0.5926,3.0
1753600172769,07:09:32.769,blofin,ACE/USDT:USDT,0.592,3.0,0.5918,170.0,0.5923,161.0,0.5924,5.0
1753600173544,07:09:33.544,blofin,ACE/USDT:USDT,0.592,3.0,0.5918,170.0,0.5923,127.0,0.5926,3.0
1753600174042,07:09:34.042,blofin,ACE/USDT:USDT,0.592,3.0,0.5918,170.0,0.5923,125.0,0.5926,3.0
1753600174543,07:09:34.543,blofin,ACE/USDT:USDT,0.592,3.0,0.5918,170.0,0.5923,125.0,0.5926,3.0
1753600175272,07:09:35.272,blofin,ACE/USDT:USDT,0.592,3.0,0.5918,170.0,0.5923,128.0,0.5926,3.0
1753600175545,07:09:35.545,blofin,ACE/USDT:USDT,0.592,3.0,0.5918,170.0,0.5923,128.0,0.5925,3914.0
1753600176272,07:09:36.272,blofin,ACE/USDT:USDT,0.592,3.0,0.5918,170.0,0.5923,128.0,0.5926,480.0
1753600176649,07:09:36.649,blofin,ACE/USDT:USDT,0.592,3.0,0.5918,170.0,0.5923,20.0,0.5926,3.0
1753600177547,07:09:37.547,blofin,ACE/USDT:USDT,0.592,3.0,0.5918,170.0,0.5923,19.0,0.5925,2590.0
1753600178273,07:09:38.273,blofin,ACE/USDT:USDT,0.592,3.0,0.5918,170.0,0.5923,19.0,0.5924,1378.0
1753600178549,07:09:38.549,blofin,ACE/USDT:USDT,0.592,3.0,0.5918,170.0,0.5923,19.0,0.5924,1378.0
1753600179273,07:09:39.273,blofin,ACE/USDT:USDT,0.592,3.0,0.5918,170.0,0.5923,32.0,0.5924,1246.0
1753600180051,07:09:40.051,blofin,ACE/USDT:USDT,0.592,3.0,0.5918,170.0,0.5923,28.0,0.5924,1246.0
1753600180551,07:09:40.551,blofin,ACE/USDT:USDT,0.592,3.0,0.5918,170.0,0.5923,53.0,0.5926,3.0
1753600181273,07:09:41.273,blofin,ACE/USDT:USDT,0.592,3.0,0.5918,170.0,0.5923,19.0,0.5926,3.0
1753600181552,07:09:41.552,blofin,ACE/USDT:USDT,0.592,3.0,0.5918,170.0,0.5923,18.0,0.5926,3.0
1753600182276,07:09:42.276,blofin,ACE/USDT:USDT,0.592,3.0,0.5918,170.0,0.5923,52.0,0.5926,1270.0
1753600183557,07:09:43.557,blofin,ACE/USDT:USDT,0.592,3.0,0.5918,170.0,0.5923,52.0,0.5924,253.0
1753600184057,07:09:44.057,blofin,ACE/USDT:USDT,0.592,3.0,0.5918,170.0,0.5923,49.0,0.5924,253.0
1753600184556,07:09:44.556,blofin,ACE/USDT:USDT,0.592,3.0,0.5918,170.0,0.5923,49.0,0.5925,4010.0
1753600185292,07:09:45.292,blofin,ACE/USDT:USDT,0.5916,521.0,0.5915,75.0,0.5923,56.0,0.5925,4010.0
1753600185562,07:09:45.562,blofin,ACE/USDT:USDT,0.5916,517.0,0.5915,75.0,0.5923,45.0,0.5927,3930.0
1753600186281,07:09:46.281,blofin,ACE/USDT:USDT,0.5916,517.0,0.5915,354.0,0.5923,699.0,0.5926,2088.0
1753600187060,07:09:47.060,blofin,ACE/USDT:USDT,0.5916,519.0,0.5915,354.0,0.5923,699.0,0.5926,2088.0
1753600187561,07:09:47.561,blofin,ACE/USDT:USDT,0.5916,519.0,0.5915,75.0,0.5923,699.0,0.5926,2229.0
1753600188560,07:09:48.560,blofin,ACE/USDT:USDT,0.5916,519.0,0.5915,75.0,0.5923,699.0,0.5924,3675.0
1753600189282,07:09:49.282,blofin,ACE/USDT:USDT,0.5916,519.0,0.5915,75.0,0.5923,701.0,0.5924,3683.0
1753600190284,07:09:50.284,blofin,ACE/USDT:USDT,0.5916,520.0,0.5915,75.0,0.5923,701.0,0.5924,3683.0
1753600191063,07:09:51.063,blofin,ACE/USDT:USDT,0.5916,520.0,0.5915,75.0,0.5923,699.0,0.5927,84.0
1753600191563,07:09:51.563,blofin,ACE/USDT:USDT,0.5916,520.0,0.5915,1405.0,0.5923,701.0,0.5924,1847.0
1753600192567,07:09:52.567,blofin,ACE/USDT:USDT,0.5916,517.0,0.5915,75.0,0.5923,701.0,0.5927,1772.0
1753600193283,07:09:53.283,blofin,ACE/USDT:USDT,0.5916,517.0,0.5915,75.0,0.5923,701.0,0.5927,2070.0
1753600193567,07:09:53.567,blofin,ACE/USDT:USDT,0.5916,517.0,0.5915,75.0,0.5923,702.0,0.5927,2070.0
1753600194067,07:09:54.067,blofin,ACE/USDT:USDT,0.5916,517.0,0.5915,75.0,0.5923,703.0,0.5927,2070.0
1753600194567,07:09:54.567,blofin,ACE/USDT:USDT,0.5916,518.0,0.5915,75.0,0.5923,703.0,0.5924,4552.0
1753600195069,07:09:55.069,blofin,ACE/USDT:USDT,0.5916,518.0,0.5915,75.0,0.5923,702.0,0.5924,4552.0
1753600195569,07:09:55.569,blofin,ACE/USDT:USDT,0.5916,521.0,0.5915,75.0,0.5923,702.0,0.5924,4209.0
1753600196070,07:09:56.070,blofin,ACE/USDT:USDT,0.5916,518.0,0.5915,75.0,0.5923,702.0,0.5924,4209.0
1753600196570,07:09:56.570,blofin,ACE/USDT:USDT,0.5916,518.0,0.5915,75.0,0.5923,702.0,0.5927,1131.0
1753600197286,07:09:57.286,blofin,ACE/USDT:USDT,0.5916,518.0,0.5915,75.0,0.5923,703.0,0.5925,1181.0
1753600197574,07:09:57.574,blofin,ACE/USDT:USDT,0.5916,518.0,0.5915,75.0,0.5923,700.0,0.5925,1181.0
1753600198287,07:09:58.287,blofin,ACE/USDT:USDT,0.5916,518.0,0.5915,75.0,0.5923,701.0,0.5924,4000.0
1753600199076,07:09:59.076,blofin,ACE/USDT:USDT,0.5916,521.0,0.5915,75.0,0.5923,701.0,0.5924,4000.0
1753600199580,07:09:59.580,blofin,ACE/USDT:USDT,0.5916,522.0,0.5915,75.0,0.5923,700.0,0.5928,2131.0
1753600200578,07:10:00.578,blofin,ACE/USDT:USDT,0.5916,521.0,0.5915,75.0,0.5923,702.0,0.5926,3962.0
1753600201077,07:10:01.077,blofin,ACE/USDT:USDT,0.5916,523.0,0.5915,75.0,0.5923,702.0,0.5926,3962.0
1753600201291,07:10:01.291,blofin,ACE/USDT:USDT,0.5916,608.0,0.5915,75.0,0.5922,672.0,0.5923,7.0
1753600202080,07:10:02.080,blofin,ACE/USDT:USDT,0.5916,608.0,0.5915,75.0,0.5922,675.0,0.5923,4.0
1753600202581,07:10:02.581,blofin,ACE/USDT:USDT,0.5916,611.0,0.5915,75.0,0.5923,679.0,0.5924,2407.0
1753600203080,07:10:03.080,blofin,ACE/USDT:USDT,0.5916,611.0,0.5915,75.0,0.5923,679.0,0.5924,2407.0
1753600203581,07:10:03.581,blofin,ACE/USDT:USDT,0.5916,611.0,0.5915,75.0,0.5923,680.0,0.5925,1754.0
1753600204291,07:10:04.291,blofin,ACE/USDT:USDT,0.5916,611.0,0.5915,75.0,0.5923,733.0,0.5924,1867.0
1753600204583,07:10:04.583,blofin,ACE/USDT:USDT,0.5916,608.0,0.5915,75.0,0.5923,733.0,0.5924,1867.0
1753600205290,07:10:05.290,blofin,ACE/USDT:USDT,0.5916,609.0,0.5915,75.0,0.5923,732.0,0.5924,1867.0
1753600206086,07:10:06.086,blofin,ACE/USDT:USDT,0.5916,609.0,0.5915,75.0,0.5923,734.0,0.5928,731.0
1753600206586,07:10:06.586,blofin,ACE/USDT:USDT,0.5916,608.0,0.5915,75.0,0.5923,734.0,0.5925,1259.0
1753600207087,07:10:07.087,blofin,ACE/USDT:USDT,0.5916,609.0,0.5915,75.0,0.5923,734.0,0.5925,1259.0
1753600207590,07:10:07.590,blofin,ACE/USDT:USDT,0.5916,607.0,0.5915,75.0,0.5923,738.0,0.5926,1266.0
1753600208588,07:10:08.588,blofin,ACE/USDT:USDT,0.5916,611.0,0.5915,75.0,0.5923,736.0,0.5928,2319.0
1753600209590,07:10:09.590,blofin,ACE/USDT:USDT,0.5916,611.0,0.5915,75.0,0.5923,690.0,0.5925,84.0
1753600210090,07:10:10.090,blofin,ACE/USDT:USDT,0.5916,611.0,0.5915,75.0,0.5923,690.0,0.5925,84.0
1753600210591,07:10:10.591,blofin,ACE/USDT:USDT,0.5916,607.0,0.5915,1651.0,0.5923,688.0,0.5926,39.0
1753600211293,07:10:11.293,blofin,ACE/USDT:USDT,0.5916,607.0,0.5915,75.0,0.5923,690.0,0.5925,352.0
1753600211593,07:10:11.593,blofin,ACE/USDT:USDT,0.5916,607.0,0.5915,75.0,0.5923,689.0,0.5925,352.0
1753600212293,07:10:12.293,blofin,ACE/USDT:USDT,0.5916,607.0,0.5915,179.0,0.5923,689.0,0.5926,39.0
1753600212595,07:10:12.595,blofin,ACE/USDT:USDT,0.5916,607.0,0.5915,75.0,0.5923,689.0,0.5926,39.0
1753600213295,07:10:13.295,blofin,ACE/USDT:USDT,0.5916,607.0,0.5915,1693.0,0.5923,687.0,0.5924,427.0
1753600214097,07:10:14.097,blofin,ACE/USDT:USDT,0.5916,609.0,0.5915,514.0,0.5922,682.0,0.5923,4214.0
1753600214597,07:10:14.597,blofin,ACE/USDT:USDT,0.5916,609.0,0.5915,75.0,0.5922,205.0,0.5923,5.0
1753600215312,07:10:15.312,blofin,ACE/USDT:USDT,0.5916,606.0,0.5915,325.0,0.5922,210.0,0.5923,1.0
1753600215604,07:10:15.604,blofin,ACE/USDT:USDT,0.5916,607.0,0.5915,325.0,0.5922,215.0,0.5926,3089.0
1753600216101,07:10:16.101,blofin,ACE/USDT:USDT,0.5916,608.0,0.5915,325.0,0.5922,215.0,0.5926,3089.0
1753600216297,07:10:16.297,blofin,ACE/USDT:USDT,0.5916,608.0,0.5915,1744.0,0.5922,69.0,0.5923,2568.0
1753600217603,07:10:17.603,blofin,ACE/USDT:USDT,0.5916,608.0,0.5915,1979.0,0.5922,69.0,0.5927,3804.0
1753600218298,07:10:18.298,blofin,ACE/USDT:USDT,0.5916,608.0,0.5915,325.0,0.5922,21.0,0.5926,1545.0
1753600218605,07:10:18.605,blofin,ACE/USDT:USDT,0.5916,608.0,0.5915,325.0,0.5922,21.0,0.5926,1545.0
1753600219300,07:10:19.300,blofin,ACE/USDT:USDT,0.5916,608.0,0.5915,325.0,0.5922,20.0,0.5926,3059.0
1753600220115,07:10:20.115,blofin,ACE/USDT:USDT,0.5916,608.0,0.5915,325.0,0.5922,5.0,0.5923,3.0
1753600220608,07:10:20.608,blofin,ACE/USDT:USDT,0.5916,606.0,0.5915,415.0,0.5922,5.0,0.5923,659.0
1753600221110,07:10:21.110,blofin,ACE/USDT:USDT,0.5916,606.0,0.5915,325.0,0.5922,5.0,0.5924,662.0
1753600221610,07:10:21.610,blofin,ACE/USDT:USDT,0.5916,606.0,0.5915,325.0,0.5922,5.0,0.5924,828.0
1753600222303,07:10:22.303,blofin,ACE/USDT:USDT,0.5916,606.0,0.5915,2691.0,0.5922,5.0,0.5924,872.0
1753600223114,07:10:23.114,blofin,ACE/USDT:USDT,0.5916,606.0,0.5915,2610.0,0.5922,5.0,0.5924,872.0
1753600223676,07:10:23.676,blofin,ACE/USDT:USDT,0.5916,606.0,0.5915,325.0,0.5922,5.0,0.5923,883.0
1753600224304,07:10:24.304,blofin,ACE/USDT:USDT,0.5916,606.0,0.5915,325.0,0.5921,4.0,0.5922,5.0
1753600224615,07:10:24.615,blofin,ACE/USDT:USDT,0.5916,606.0,0.5915,325.0,0.5922,5.0,0.5923,147.0
1753600225305,07:10:25.305,blofin,ACE/USDT:USDT,0.5916,607.0,0.5915,529.0,0.5922,5.0,0.5923,150.0
1753600226117,07:10:26.117,blofin,ACE/USDT:USDT,0.5916,606.0,0.5915,529.0,0.5922,5.0,0.5923,19.0
1753600226618,07:10:26.618,blofin,ACE/USDT:USDT,0.5916,605.0,0.5915,1530.0,0.5922,5.0,0.5923,98.0
1753600227118,07:10:27.118,blofin,ACE/USDT:USDT,0.5916,608.0,0.5915,1530.0,0.5922,5.0,0.5923,98.0
1753600227620,07:10:27.620,blofin,ACE/USDT:USDT,0.5916,7.0,0.5915,325.0,0.5917,462.0,0.592,5608.0
1753600228491,07:10:28.491,blofin,ACE/USDT:USDT,0.5915,325.0,0.5912,704.0,0.5916,391.0,0.5919,2498.0
1753600229125,07:10:29.125,blofin,ACE/USDT:USDT,0.5915,325.0,0.5912,704.0,0.5916,392.0,0.5919,2498.0
1753600229624,07:10:29.624,blofin,ACE/USDT:USDT,0.5915,325.0,0.5912,704.0,0.5916,183.0,0.5921,2494.0
1753600230307,07:10:30.307,blofin,ACE/USDT:USDT,0.5915,325.0,0.5912,523.0,0.5916,185.0,0.5921,2494.0
1753600231125,07:10:31.125,blofin,ACE/USDT:USDT,0.5915,325.0,0.5912,523.0,0.5916,195.0,0.5921,4642.0
1753600232310,07:10:32.310,blofin,ACE/USDT:USDT,0.5915,325.0,0.5912,523.0,0.5916,36.0,0.5918,735.0
1753600233128,07:10:33.128,blofin,ACE/USDT:USDT,0.5915,325.0,0.5912,523.0,0.5916,36.0,0.5918,735.0
1753600233630,07:10:33.630,blofin,ACE/USDT:USDT,0.5915,325.0,0.5912,523.0,0.5916,36.0,0.5919,122.0
1753600234312,07:10:34.312,blofin,ACE/USDT:USDT,0.5915,325.0,0.5912,523.0,0.5916,215.0,0.5917,632.0
1753600234631,07:10:34.631,blofin,ACE/USDT:USDT,0.5915,325.0,0.5912,523.0,0.5916,215.0,0.5919,2913.0
1753600235313,07:10:35.313,blofin,ACE/USDT:USDT,0.5915,325.0,0.5912,523.0,0.5916,217.0,0.5919,2791.0
1753600235635,07:10:35.635,blofin,ACE/USDT:USDT,0.5915,325.0,0.5912,523.0,0.5916,385.0,0.5918,473.0
1753600236636,07:10:36.636,blofin,ACE/USDT:USDT,0.5915,325.0,0.5912,523.0,0.5916,757.0,0.5918,651.0
1753600237313,07:10:37.313,blofin,ACE/USDT:USDT,0.5915,325.0,0.5912,523.0,0.5916,755.0,0.592,2147.0
1753600238135,07:10:38.135,blofin,ACE/USDT:USDT,0.5915,325.0,0.5912,523.0,0.5916,755.0,0.592,2147.0
1753600238636,07:10:38.636,blofin,ACE/USDT:USDT,0.5915,325.0,0.5912,523.0,0.5916,383.0,0.592,1426.0
1753600239315,07:10:39.315,blofin,ACE/USDT:USDT,0.5915,325.0,0.5912,523.0,0.5916,833.0,0.5921,218.0
1753600240138,07:10:40.138,blofin,ACE/USDT:USDT,0.5915,325.0,0.5912,523.0,0.5916,835.0,0.5921,218.0
1753600240315,07:10:40.315,blofin,ACE/USDT:USDT,0.5915,325.0,0.5912,523.0,0.5916,834.0,0.5921,89.0
1753600240639,07:10:40.639,blofin,ACE/USDT:USDT,0.5915,325.0,0.5912,523.0,0.5916,539.0,0.5917,2601.0
1753600241316,07:10:41.316,blofin,ACE/USDT:USDT,0.5915,325.0,0.5912,523.0,0.5916,542.0,0.5918,425.0
1753600241640,07:10:41.640,blofin,ACE/USDT:USDT,0.5915,325.0,0.5912,523.0,0.5916,542.0,0.5918,425.0
1753600242645,07:10:42.645,blofin,ACE/USDT:USDT,0.5915,325.0,0.5912,523.0,0.5916,795.0,0.5919,2384.0
1753600243268,07:10:43.268,blofin,ACE/USDT:USDT,0.5912,523.0,0.591,85.0,0.5916,399.0,0.5918,2080.0
1753600243646,07:10:43.646,blofin,ACE/USDT:USDT,0.5912,523.0,0.591,85.0,0.5915,395.0,0.5916,4.0
1753600244320,07:10:44.320,blofin,ACE/USDT:USDT,0.5912,523.0,0.591,85.0,0.5915,61.0,0.5916,4.0
1753600245148,07:10:45.148,blofin,ACE/USDT:USDT,0.5912,523.0,0.591,85.0,0.5916,116.0,0.5919,427.0
1753600245648,07:10:45.648,blofin,ACE/USDT:USDT,0.5909,22.0,0.5906,837.0,0.5916,155.0,0.592,627.0
1753600246321,07:10:46.321,blofin,ACE/USDT:USDT,0.5909,19.0,0.5906,1738.0,0.5916,155.0,0.5921,1615.0
1753600246648,07:10:46.648,blofin,ACE/USDT:USDT,0.5909,19.0,0.5906,1738.0,0.5916,153.0,0.5921,1615.0
1753600247149,07:10:47.149,blofin,ACE/USDT:USDT,0.5909,19.0,0.5906,1738.0,0.5916,155.0,0.5921,1615.0
1753600247651,07:10:47.651,blofin,ACE/USDT:USDT,0.5909,19.0,0.5908,53.0,0.5916,155.0,0.592,1539.0
1753600248654,07:10:48.654,blofin,ACE/USDT:USDT,0.5909,19.0,0.5908,53.0,0.5916,154.0,0.5917,2366.0
1753600249322,07:10:49.322,blofin,ACE/USDT:USDT,0.5909,19.0,0.5908,53.0,0.5916,156.0,0.592,3063.0
1753600250154,07:10:50.154,blofin,ACE/USDT:USDT,0.5909,19.0,0.5906,117.0,0.5916,156.0,0.592,3063.0
1753600250326,07:10:50.326,blofin,ACE/USDT:USDT,0.5909,19.0,0.5906,117.0,0.5916,155.0,0.592,3063.0
1753600251325,07:10:51.325,blofin,ACE/USDT:USDT,0.5909,21.0,0.5908,1684.0,0.5916,156.0,0.5919,4192.0
1753600251657,07:10:51.657,blofin,ACE/USDT:USDT,0.5909,21.0,0.5908,1684.0,0.5916,155.0,0.5919,4192.0
1753600252326,07:10:52.326,blofin,ACE/USDT:USDT,0.5909,21.0,0.5908,254.0,0.5916,156.0,0.5917,446.0
1753600252659,07:10:52.659,blofin,ACE/USDT:USDT,0.5909,21.0,0.5908,254.0,0.5916,156.0,0.5917,446.0
1753600253661,07:10:53.661,blofin,ACE/USDT:USDT,0.5909,21.0,0.5904,447.0,0.5916,153.0,0.5921,4866.0
1753600254664,07:10:54.664,blofin,ACE/USDT:USDT,0.5911,17.0,0.5909,497.0,0.5916,153.0,0.5921,2867.0
1753600255329,07:10:55.329,blofin,ACE/USDT:USDT,0.5909,7.0,0.5908,566.0,0.5916,154.0,0.5921,1709.0
1753600255666,07:10:55.666,blofin,ACE/USDT:USDT,0.5909,154.0,0.5908,9.0,0.5916,154.0,0.5917,584.0
1753600256329,07:10:56.329,blofin,ACE/USDT:USDT,0.5909,154.0,0.5908,9.0,0.5916,154.0,0.5917,1794.0
1753600256667,07:10:56.667,blofin,ACE/USDT:USDT,0.591,146.0,0.5909,4.0,0.5916,56.0,0.5919,610.0
1753600257580,07:10:57.580,blofin,ACE/USDT:USDT,0.5913,255.0,0.5911,3843.0,0.5916,16.0,0.5919,252.0
1753600258169,07:10:58.169,blofin,ACE/USDT:USDT,0.5915,255.0,0.5914,4697.0,0.5922,67.0,0.5923,357.0
1753600258670,07:10:58.670,blofin,ACE/USDT:USDT,0.5915,186.0,0.5914,159.0,0.5922,60.0,0.5923,357.0
1753600259329,07:10:59.329,blofin,ACE/USDT:USDT,0.5915,117.0,0.5914,1673.0,0.5922,10.0,0.5923,357.0
1753600259673,07:10:59.673,blofin,ACE/USDT:USDT,0.5915,122.0,0.5914,1673.0,0.5922,10.0,0.5923,357.0
1753600260674,07:11:00.674,blofin,ACE/USDT:USDT,0.5915,1.0,0.5914,319.0,0.5922,8.0,0.5923,357.0
1753600261333,07:11:01.333,blofin,ACE/USDT:USDT,0.5917,6.0,0.5915,364.0,0.5921,5.0,0.5922,4719.0
1753600261680,07:11:01.680,blofin,ACE/USDT:USDT,0.5917,7.0,0.5915,363.0,0.5921,5.0,0.5922,4719.0
1753600262336,07:11:02.336,blofin,ACE/USDT:USDT,0.5917,9.0,0.5913,147.0,0.5922,7.0,0.5923,357.0
1753600262678,07:11:02.678,blofin,ACE/USDT:USDT,0.5917,9.0,0.5913,147.0,0.5922,9.0,0.5923,357.0
1753600263681,07:11:03.681,blofin,ACE/USDT:USDT,0.5917,9.0,0.5914,1284.0,0.5922,22.0,0.5923,357.0
1753600264180,07:11:04.180,blofin,ACE/USDT:USDT,0.5917,9.0,0.5914,1284.0,0.5922,22.0,0.5923,357.0
1753600264684,07:11:04.684,blofin,ACE/USDT:USDT,0.5917,7.0,0.5914,1023.0,0.5922,22.0,0.5923,357.0
1753600265336,07:11:05.336,blofin,ACE/USDT:USDT,0.5917,10.0,0.5914,1023.0,0.5922,22.0,0.5923,357.0
1753600265683,07:11:05.683,blofin,ACE/USDT:USDT,0.5917,9.0,0.5916,158.0,0.5922,22.0,0.5923,357.0
1753600266338,07:11:06.338,blofin,ACE/USDT:USDT,0.5917,8.0,0.5916,633.0,0.5921,20.0,0.5922,3.0
1753600267190,07:11:07.190,blofin,ACE/USDT:USDT,0.5917,9.0,0.5916,633.0,0.5921,20.0,0.5922,3.0
1753600267686,07:11:07.686,blofin,ACE/USDT:USDT,0.5917,9.0,0.5916,72.0,0.5922,23.0,0.5923,4244.0
1753600268337,07:11:08.337,blofin,ACE/USDT:USDT,0.5917,9.0,0.5915,145.0,0.5922,9.0,0.5923,357.0
1753600269690,07:11:09.690,blofin,ACE/USDT:USDT,0.5917,9.0,0.5915,145.0,0.5922,7.0,0.5923,3458.0
1753600270338,07:11:10.338,blofin,ACE/USDT:USDT,0.5917,10.0,0.5914,1244.0,0.5922,7.0,0.5923,3458.0
1753600270687,07:11:10.687,blofin,ACE/USDT:USDT,0.5917,10.0,0.5916,613.0,0.5922,11.0,0.5923,357.0
1753600271338,07:11:11.338,blofin,ACE/USDT:USDT,0.5917,10.0,0.5913,690.0,0.5921,6.0,0.5922,3395.0
1753600271688,07:11:11.688,blofin,ACE/USDT:USDT,0.5917,11.0,0.5913,690.0,0.5921,6.0,0.5922,3395.0
1753600272340,07:11:12.340,blofin,ACE/USDT:USDT,0.5917,11.0,0.5912,72.0,0.5921,4.0,0.5922,6.0
1753600273191,07:11:13.191,blofin,ACE/USDT:USDT,0.5917,10.0,0.5915,104.0,0.5921,4.0,0.5922,6.0
1753600273689,07:11:13.689,blofin,ACE/USDT:USDT,0.5918,123.0,0.5917,4.0,0.5921,4.0,0.5922,668.0
1753600274342,07:11:14.342,blofin,ACE/USDT:USDT,0.5918,118.0,0.5915,104.0,0.5922,672.0,0.5923,357.0
1753600275354,07:11:15.354,blofin,ACE/USDT:USDT,0.5918,126.0,0.5915,265.0,0.5922,675.0,0.5924,425.0
1753600276195,07:11:16.195,blofin,ACE/USDT:USDT,0.5918,124.0,0.5917,18.0,0.5922,674.0,0.5924,944.0
1753600276696,07:11:16.696,blofin,ACE/USDT:USDT,0.5918,123.0,0.5917,18.0,0.5922,674.0,0.5923,1633.0
1753600277343,07:11:17.343,blofin,ACE/USDT:USDT,0.5918,123.0,0.5917,18.0,0.5922,675.0,0.5923,710.0
1753600277697,07:11:17.697,blofin,ACE/USDT:USDT,0.5918,127.0,0.5917,18.0,0.5922,675.0,0.5923,710.0
1753600278700,07:11:18.700,blofin,ACE/USDT:USDT,0.5918,127.0,0.5917,18.0,0.5922,675.0,0.5923,1167.0
1753600279201,07:11:19.201,blofin,ACE/USDT:USDT,0.5918,127.0,0.5916,1620.0,0.5922,675.0,0.5923,1167.0
1753600279701,07:11:19.701,blofin,ACE/USDT:USDT,0.5918,10.0,0.5917,7.0,0.5922,675.0,0.5924,486.0
1753600280346,07:11:20.346,blofin,ACE/USDT:USDT,0.5918,5.0,0.5917,8.0,0.5922,676.0,0.5924,486.0
1753600280703,07:11:20.703,blofin,ACE/USDT:USDT,0.5918,5.0,0.5917,7.0,0.5922,676.0,0.5923,1692.0
1753600281705,07:11:21.705,blofin,ACE/USDT:USDT,0.5918,5.0,0.5917,10.0,0.5922,675.0,0.5925,1390.0
1753600282348,07:11:22.348,blofin,ACE/USDT:USDT,0.5918,5.0,0.5917,127.0,0.5922,675.0,0.5927,2147.0
1753600282908,07:11:22.908,blofin,ACE/USDT:USDT,0.5918,5.0,0.5917,1.0,0.5919,669.0,0.5922,6.0
1753600283709,07:11:23.709,blofin,ACE/USDT:USDT,0.5918,5.0,0.5916,11.0,0.5921,29.0,0.5922,2237.0
1753600284349,07:11:24.349,blofin,ACE/USDT:USDT,0.5918,5.0,0.5916,11.0,0.5921,31.0,0.5922,6.0
1753600284798,07:11:24.798,blofin,ACE/USDT:USDT,0.5918,5.0,0.5917,6.0,0.5921,31.0,0.5922,6.0
1753600285350,07:11:25.350,blofin,ACE/USDT:USDT,0.5918,5.0,0.5916,9.0,0.5921,35.0,0.5922,3.0
1753600286213,07:11:26.213,blofin,ACE/USDT:USDT,0.5918,5.0,0.5916,8.0,0.5921,67.0,0.5922,270.0
1753600286713,07:11:26.713,blofin,ACE/USDT:USDT,0.5918,5.0,0.5916,8.0,0.5921,5.0,0.5922,65.0
1753600287352,07:11:27.352,blofin,ACE/USDT:USDT,0.5918,5.0,0.5916,8.0,0.5921,5.0,0.5922,666.0
1753600287716,07:11:27.716,blofin,ACE/USDT:USDT,0.5918,5.0,0.5916,10.0,0.5921,5.0,0.5922,666.0
1753600288719,07:11:28.719,blofin,ACE/USDT:USDT,0.5918,5.0,0.5916,10.0,0.5921,5.0,0.5922,666.0
1753600289355,07:11:29.355,blofin,ACE/USDT:USDT,0.5918,5.0,0.5916,11.0,0.5921,5.0,0.5922,666.0
1753600289719,07:11:29.719,blofin,ACE/USDT:USDT,0.5918,5.0,0.5916,11.0,0.5922,668.0,0.5924,2803.0
1753600290353,07:11:30.353,blofin,ACE/USDT:USDT,0.5918,5.0,0.5916,8.0,0.5922,671.0,0.5924,2803.0
1753600291219,07:11:31.219,blofin,ACE/USDT:USDT,0.5918,5.0,0.5916,10.0,0.5922,671.0,0.5926,2598.0
1753600291721,07:11:31.721,blofin,ACE/USDT:USDT,0.5918,5.0,0.5916,58.0,0.5922,671.0,0.5924,1441.0
1753600292354,07:11:32.354,blofin,ACE/USDT:USDT,0.5918,5.0,0.5916,58.0,0.5922,671.0,0.5926,422.0
1753600292723,07:11:32.723,blofin,ACE/USDT:USDT,0.5918,5.0,0.5916,57.0,0.5922,671.0,0.5926,422.0
1753600293464,07:11:33.464,blofin,ACE/USDT:USDT,0.5918,5.0,0.5916,57.0,0.5922,667.0,0.5926,797.0
1753600294226,07:11:34.226,blofin,ACE/USDT:USDT,0.5918,5.0,0.5916,58.0,0.5922,667.0,0.5924,2181.0
1753600294357,07:11:34.357,blofin,ACE/USDT:USDT,0.5918,5.0,0.5916,58.0,0.5922,668.0,0.5925,2279.0
1753600294726,07:11:34.726,blofin,ACE/USDT:USDT,0.5918,5.0,0.5916,58.0,0.5922,672.0,0.5925,2279.0
1753600295358,07:11:35.358,blofin,ACE/USDT:USDT,0.5918,5.0,0.5916,60.0,0.5922,668.0,0.5925,2279.0
1753600295728,07:11:35.728,blofin,ACE/USDT:USDT,0.5918,5.0,0.5916,61.0,0.5922,670.0,0.5924,1383.0
1753600296730,07:11:36.730,blofin,ACE/USDT:USDT,0.5918,5.0,0.5916,11.0,0.5921,666.0,0.5922,3471.0
1753600297358,07:11:37.358,blofin,ACE/USDT:USDT,0.5918,5.0,0.5916,11.0,0.5921,2.0,0.5922,667.0
1753600298231,07:11:38.231,blofin,ACE/USDT:USDT,0.5918,5.0,0.5916,8.0,0.5922,669.0,0.5927,3958.0
1753600298731,07:11:38.731,blofin,ACE/USDT:USDT,0.5918,5.0,0.5916,8.0,0.5922,672.0,0.5923,6957.0
1753600299360,07:11:39.360,blofin,ACE/USDT:USDT,0.5918,5.0,0.5916,9.0,0.5921,664.0,0.5922,7843.0
1753600299734,07:11:39.734,blofin,ACE/USDT:USDT,0.5918,5.0,0.5916,7.0,0.5921,664.0,0.5922,7843.0
1753600300233,07:11:40.233,blofin,ACE/USDT:USDT,0.5918,5.0,0.5916,8.0,0.5921,664.0,0.5922,7843.0
1753600300735,07:11:40.735,blofin,ACE/USDT:USDT,0.5918,5.0,0.5916,9.0,0.5922,670.0,0.5925,5196.0
1753600301364,07:11:41.364,blofin,ACE/USDT:USDT,0.5918,5.0,0.5916,9.0,0.5922,670.0,0.5924,4124.0
1753600301736,07:11:41.736,blofin,ACE/USDT:USDT,0.5918,5.0,0.5916,9.0,0.5922,668.0,0.5924,4124.0
1753600302737,07:11:42.737,blofin,ACE/USDT:USDT,0.5918,5.0,0.5916,9.0,0.5922,678.0,0.5926,2954.0
1753600303365,07:11:43.365,blofin,ACE/USDT:USDT,0.5924,99.0,0.5922,1112.0,0.5927,208.0,0.5929,118.0
1753600303737,07:11:43.737,blofin,ACE/USDT:USDT,0.5924,99.0,0.5922,1112.0,0.5927,208.0,0.5929,118.0
1753600304367,07:11:44.367,blofin,ACE/USDT:USDT,0.5924,100.0,0.5921,1330.0,0.5927,208.0,0.5929,118.0
1753600305240,07:11:45.240,blofin,ACE/USDT:USDT,0.5924,100.0,0.5922,22.0,0.5927,212.0,0.5929,118.0
1753600305863,07:11:45.863,blofin,ACE/USDT:USDT,0.5924,5.0,0.5923,590.0,0.5927,7.0,0.593,1762.0
1753600306369,07:11:46.369,blofin,ACE/USDT:USDT,0.5924,1.0,0.5923,443.0,0.5927,7.0,0.593,812.0
1753600306899,07:11:46.899,blofin,ACE/USDT:USDT,0.5924,1.0,0.5923,590.0,0.5927,10.0,0.5932,1380.0
1753600307509,07:11:47.509,blofin,ACE/USDT:USDT,0.5924,1.0,0.5923,443.0,0.5927,10.0,0.593,193.0
1753600308244,07:11:48.244,blofin,ACE/USDT:USDT,0.5924,1.0,0.5923,443.0,0.5927,10.0,0.593,193.0
1753600308743,07:11:48.743,blofin,ACE/USDT:USDT,0.5924,1.0,0.5923,443.0,0.5927,10.0,0.5929,1948.0
1753600309371,07:11:49.371,blofin,ACE/USDT:USDT,0.5924,1.0,0.5923,443.0,0.5927,10.0,0.5932,1431.0
1753600309744,07:11:49.744,blofin,ACE/USDT:USDT,0.5924,1.0,0.5923,443.0,0.5927,10.0,0.5932,1431.0
1753600310661,07:11:50.661,blofin,ACE/USDT:USDT,0.5924,1.0,0.5923,443.0,0.5927,7.0,0.5929,1461.0
1753600311245,07:11:51.245,blofin,ACE/USDT:USDT,0.5924,506.0,0.5923,443.0,0.5926,7.0,0.5927,1.0
1753600311373,07:11:51.373,blofin,ACE/USDT:USDT,0.5924,100.0,0.5923,3115.0,0.5926,3.0,0.5927,5.0
1753600312374,07:11:52.374,blofin,ACE/USDT:USDT,0.5924,1.0,0.5923,443.0,0.5926,3.0,0.5927,5.0
1753600312749,07:11:52.749,blofin,ACE/USDT:USDT,0.5924,1.0,0.5923,443.0,0.5927,7.0,0.5931,924.0
1753600313750,07:11:53.750,blofin,ACE/USDT:USDT,0.5924,1.0,0.5923,443.0,0.5927,7.0,0.5929,1082.0
1753600314376,07:11:54.376,blofin,ACE/USDT:USDT,0.5924,1.0,0.5923,443.0,0.5927,7.0,0.593,1413.0
1753600314749,07:11:54.749,blofin,ACE/USDT:USDT,0.5924,1.0,0.5923,443.0,0.5927,7.0,0.593,1413.0
1753600315376,07:11:55.376,blofin,ACE/USDT:USDT,0.5924,1.0,0.5923,443.0,0.5927,8.0,0.593,1413.0
1753600316252,07:11:56.252,blofin,ACE/USDT:USDT,0.5924,1.0,0.5923,443.0,0.5927,8.0,0.5928,632.0
1753600317377,07:11:57.377,blofin,ACE/USDT:USDT,0.5924,1.0,0.5923,443.0,0.5927,8.0,0.593,621.0
1753600317755,07:11:57.755,blofin,ACE/USDT:USDT,0.5924,1.0,0.5923,443.0,0.5927,8.0,0.593,621.0
1753600318759,07:11:58.759,blofin,ACE/USDT:USDT,0.5925,76.0,0.5924,1.0,0.5931,2.0,0.5932,1251.0
1753600319378,07:11:59.378,blofin,ACE/USDT:USDT,0.5924,1157.0,0.5923,443.0,0.5931,2.0,0.5934,173.0
1753600319759,07:11:59.759,blofin,ACE/USDT:USDT,0.5924,1157.0,0.5923,443.0,0.5931,2.0,0.5934,173.0
1753600320381,07:12:00.381,blofin,ACE/USDT:USDT,0.5924,1160.0,0.5923,443.0,0.5931,6.0,0.5936,511.0
1753600320874,07:12:00.874,blofin,ACE/USDT:USDT,0.5927,652.0,0.5924,5.0,0.593,2.0,0.5931,116.0
1753600321763,07:12:01.763,blofin,ACE/USDT:USDT,0.5927,5.0,0.5924,4.0,0.593,4.0,0.5934,4174.0
1753600322382,07:12:02.382,blofin,ACE/USDT:USDT,0.5927,5.0,0.5924,77.0,0.593,16.0,0.5931,1510.0
1753600322769,07:12:02.769,blofin,ACE/USDT:USDT,0.5924,81.0,0.5923,443.0,0.593,16.0,0.5931,1510.0
1753600323382,07:12:03.382,blofin,ACE/USDT:USDT,0.5924,81.0,0.5923,443.0,0.593,16.0,0.5934,1374.0
1753600324771,07:12:04.771,blofin,ACE/USDT:USDT,0.5924,81.0,0.5923,443.0,0.593,16.0,0.5932,1221.0
1753600325384,07:12:05.384,blofin,ACE/USDT:USDT,0.5925,81.0,0.5924,1.0,0.593,15.0,0.5931,2087.0
1753600325775,07:12:05.775,blofin,ACE/USDT:USDT,0.5925,78.0,0.5924,41.0,0.593,15.0,0.5932,2330.0
1753600326383,07:12:06.383,blofin,ACE/USDT:USDT,0.5925,78.0,0.5924,1.0,0.593,15.0,0.5933,200.0
1753600326771,07:12:06.771,blofin,ACE/USDT:USDT,0.5925,78.0,0.5924,1.0,0.593,17.0,0.5933,200.0
1753600327533,07:12:07.533,blofin,ACE/USDT:USDT,0.5925,2.0,0.5924,1.0,0.593,17.0,0.5933,2680.0
1753600328273,07:12:08.273,blofin,ACE/USDT:USDT,0.5925,78.0,0.5924,1.0,0.593,19.0,0.5934,87.0
1753600328783,07:12:08.783,blofin,ACE/USDT:USDT,0.5925,78.0,0.5924,1.0,0.593,19.0,0.5934,87.0
1753600329386,07:12:09.386,blofin,ACE/USDT:USDT,0.5925,79.0,0.5924,1.0,0.593,19.0,0.5934,2475.0
1753600329775,07:12:09.775,blofin,ACE/USDT:USDT,0.5925,79.0,0.5924,1.0,0.593,16.0,0.5934,2475.0
1753600330776,07:12:10.776,blofin,ACE/USDT:USDT,0.5925,80.0,0.5924,23.0,0.593,19.0,0.5933,742.0
1753600331777,07:12:11.777,blofin,ACE/USDT:USDT,0.5925,77.0,0.5924,23.0,0.593,19.0,0.5935,2881.0
1753600332389,07:12:12.389,blofin,ACE/USDT:USDT,0.5925,78.0,0.5924,439.0,0.593,19.0,0.5934,812.0
1753600332786,07:12:12.786,blofin,ACE/USDT:USDT,0.5925,78.0,0.5924,439.0,0.593,16.0,0.5934,812.0
1753600333393,07:12:13.393,blofin,ACE/USDT:USDT,0.5925,80.0,0.5924,23.0,0.593,16.0,0.5932,2558.0
1753600333779,07:12:13.779,blofin,ACE/USDT:USDT,0.5925,80.0,0.5924,1.0,0.593,16.0,0.5932,2558.0
1753600334780,07:12:14.780,blofin,ACE/USDT:USDT,0.5925,80.0,0.5924,1.0,0.593,16.0,0.5935,345.0
1753600335280,07:12:15.280,blofin,ACE/USDT:USDT,0.5925,81.0,0.5924,1.0,0.593,16.0,0.5935,345.0
1753600335784,07:12:15.784,blofin,ACE/USDT:USDT,0.5925,82.0,0.5923,296.0,0.593,22.0,0.5935,2514.0
1753600336282,07:12:16.282,blofin,ACE/USDT:USDT,0.5925,82.0,0.5923,296.0,0.593,24.0,0.5935,2514.0
1753600336781,07:12:16.781,blofin,ACE/USDT:USDT,0.5925,82.0,0.5923,1530.0,0.593,24.0,0.5931,28.0
1753600337393,07:12:17.393,blofin,ACE/USDT:USDT,0.5925,79.0,0.5924,1592.0,0.593,24.0,0.5932,2319.0
1753600337785,07:12:17.785,blofin,ACE/USDT:USDT,0.5925,79.0,0.5924,1592.0,0.593,24.0,0.5932,2319.0
1753600338486,07:12:18.486,blofin,ACE/USDT:USDT,0.5925,3.0,0.5924,76.0,0.593,22.0,0.5935,4009.0
1753600338844,07:12:18.844,blofin,ACE/USDT:USDT,0.5925,3.0,0.5923,131.0,0.5928,1.0,0.5929,102.0
1753600339786,07:12:19.786,blofin,ACE/USDT:USDT,0.5925,2.0,0.5924,80.0,0.5928,1.0,0.5929,102.0
1753600340395,07:12:20.395,blofin,ACE/USDT:USDT,0.5925,2.0,0.5924,80.0,0.5929,105.0,0.593,515.0
1753600340787,07:12:20.787,blofin,ACE/USDT:USDT,0.5925,2.0,0.5924,80.0,0.5929,105.0,0.593,5.0
1753600341396,07:12:21.396,blofin,ACE/USDT:USDT,0.5925,2.0,0.5924,80.0,0.5929,5.0,0.593,5.0
1753600341788,07:12:21.788,blofin,ACE/USDT:USDT,0.5925,2.0,0.5924,80.0,0.5929,5.0,0.593,5.0
1753600342789,07:12:22.789,blofin,ACE/USDT:USDT,0.5925,2.0,0.5924,77.0,0.5929,4.0,0.593,5.0
1753600343401,07:12:23.401,blofin,ACE/USDT:USDT,0.5925,2.0,0.5924,77.0,0.5929,3.0,0.593,5.0
1753600343790,07:12:23.790,blofin,ACE/USDT:USDT,0.5925,2.0,0.5924,79.0,0.5929,3.0,0.593,5.0
1753600344401,07:12:24.401,blofin,ACE/USDT:USDT,0.5925,2.0,0.5924,79.0,0.5929,7.0,0.593,5.0
1753600344791,07:12:24.791,blofin,ACE/USDT:USDT,0.5925,2.0,0.5924,3.0,0.5929,7.0,0.593,5.0
1753600345293,07:12:25.293,blofin,ACE/USDT:USDT,0.5925,2.0,0.5923,136.0,0.5929,7.0,0.593,5.0
1753600345792,07:12:25.792,blofin,ACE/USDT:USDT,0.5925,2.0,0.5922,136.0,0.5929,88.0,0.593,5.0
1753600346401,07:12:26.401,blofin,ACE/USDT:USDT,0.5925,2.0,0.5922,133.0,0.5929,88.0,0.593,5.0
1753600346794,07:12:26.794,blofin,ACE/USDT:USDT,0.5925,2.0,0.5922,135.0,0.5929,88.0,0.593,5.0
1753600347403,07:12:27.403,blofin,ACE/USDT:USDT,0.5925,2.0,0.5922,136.0,0.5929,88.0,0.593,5.0
1753600347796,07:12:27.796,blofin,ACE/USDT:USDT,0.5925,2.0,0.5922,136.0,0.5929,90.0,0.593,5.0
1753600348797,07:12:28.797,blofin,ACE/USDT:USDT,0.5925,2.0,0.5922,134.0,0.5928,8.0,0.5929,1135.0
1753600349404,07:12:29.404,blofin,ACE/USDT:USDT,0.5925,2.0,0.5924,78.0,0.5928,5.0,0.5929,3.0
1753600349799,07:12:29.799,blofin,ACE/USDT:USDT,0.5925,2.0,0.5924,78.0,0.5929,6.0,0.593,5.0
1753600350405,07:12:30.405,blofin,ACE/USDT:USDT,0.5925,2.0,0.5924,79.0,0.5929,7.0,0.593,5.0
1753600351300,07:12:31.300,blofin,ACE/USDT:USDT,0.5925,2.0,0.5924,79.0,0.5929,7.0,0.593,5.0
1753600351808,07:12:31.808,blofin,ACE/USDT:USDT,0.5925,2.0,0.5924,79.0,0.5929,5.0,0.593,5.0
1753600352404,07:12:32.404,blofin,ACE/USDT:USDT,0.5925,2.0,0.5924,79.0,0.5929,5.0,0.593,5.0
1753600352802,07:12:32.802,blofin,ACE/USDT:USDT,0.5925,2.0,0.5924,79.0,0.5929,4.0,0.593,5.0
1753600353303,07:12:33.303,blofin,ACE/USDT:USDT,0.5925,2.0,0.5924,79.0,0.5929,5.0,0.593,5.0
1753600353807,07:12:33.807,blofin,ACE/USDT:USDT,0.5925,2.0,0.5924,79.0,0.5929,5.0,0.593,5.0
1753600354407,07:12:34.407,blofin,ACE/USDT:USDT,0.5925,2.0,0.5924,79.0,0.5929,5.0,0.593,1933.0
1753600354807,07:12:34.807,blofin,ACE/USDT:USDT,0.5925,2.0,0.5924,79.0,0.5929,5.0,0.593,1933.0
1753600355808,07:12:35.808,blofin,ACE/USDT:USDT,0.5925,2.0,0.5924,79.0,0.5929,7.0,0.593,1483.0
1753600356408,07:12:36.408,blofin,ACE/USDT:USDT,0.5925,2.0,0.5924,79.0,0.5929,8.0,0.593,5.0
1753600356809,07:12:36.809,blofin,ACE/USDT:USDT,0.5925,2.0,0.5924,79.0,0.5929,8.0,0.593,5.0
1753600357411,07:12:37.411,blofin,ACE/USDT:USDT,0.5925,2.0,0.5924,79.0,0.5929,4.0,0.593,5.0
1753600358313,07:12:38.313,blofin,ACE/USDT:USDT,0.5925,2.0,0.5924,78.0,0.5929,4.0,0.593,5.0
1753600358814,07:12:38.814,blofin,ACE/USDT:USDT,0.5925,2.0,0.5924,78.0,0.5929,8.0,0.593,5.0
1753600359815,07:12:39.815,blofin,ACE/USDT:USDT,0.5925,2.0,0.5924,81.0,0.5929,7.0,0.593,5.0
1753600360411,07:12:40.411,blofin,ACE/USDT:USDT,0.5925,2.0,0.5924,77.0,0.5929,5.0,0.593,5.0
1753600361317,07:12:41.317,blofin,ACE/USDT:USDT,0.5925,2.0,0.5924,79.0,0.5929,5.0,0.593,5.0
1753600361819,07:12:41.819,blofin,ACE/USDT:USDT,0.5925,2.0,0.5924,81.0,0.5929,3.0,0.593,5.0
1753600362413,07:12:42.413,blofin,ACE/USDT:USDT,0.5925,2.0,0.5924,81.0,0.5929,3.0,0.593,143.0
1753600362820,07:12:42.820,blofin,ACE/USDT:USDT,0.5925,2.0,0.5924,81.0,0.5929,3.0,0.593,143.0
1753600363820,07:12:43.820,blofin,ACE/USDT:USDT,0.5925,2.0,0.5924,81.0,0.5928,1.0,0.5929,4.0
1753600364427,07:12:44.427,blofin,ACE/USDT:USDT,0.5925,2.0,0.5924,5.0,0.5929,5.0,0.593,5.0
1753600364824,07:12:44.824,blofin,ACE/USDT:USDT,0.5925,2.0,0.5924,8.0,0.5929,5.0,0.593,5.0
1753600365427,07:12:45.427,blofin,ACE/USDT:USDT,0.5924,7.0,0.5922,930.0,0.5929,9.0,0.5931,1418.0
1753600366325,07:12:46.325,blofin,ACE/USDT:USDT,0.5924,10.0,0.5922,287.0,0.5929,7.0,0.5931,2731.0
1753600366824,07:12:46.824,blofin,ACE/USDT:USDT,0.5924,10.0,0.5923,5.0,0.5928,1.0,0.5929,6.0
1753600367416,07:12:47.416,blofin,ACE/USDT:USDT,0.5924,83.0,0.5923,1358.0,0.5928,1.0,0.5929,6.0
1753600367825,07:12:47.825,blofin,ACE/USDT:USDT,0.5924,86.0,0.5923,1358.0,0.5928,1.0,0.5929,6.0
1753600368327,07:12:48.327,blofin,ACE/USDT:USDT,0.5924,86.0,0.5923,1358.0,0.5928,6.0,0.5929,4.0
1753600368827,07:12:48.827,blofin,ACE/USDT:USDT,0.5924,86.0,0.5922,1197.0,0.5928,5.0,0.5929,5.0
1753600369418,07:12:49.418,blofin,ACE/USDT:USDT,0.5924,85.0,0.5922,505.0,0.5928,5.0,0.5929,5.0
1753600369828,07:12:49.828,blofin,ACE/USDT:USDT,0.5924,85.0,0.5922,505.0,0.5928,5.0,0.5929,5.0
1753600370829,07:12:50.829,blofin,ACE/USDT:USDT,0.5924,85.0,0.592,987.0,0.5929,9.0,0.5934,1227.0
1753600371329,07:12:51.329,blofin,ACE/USDT:USDT,0.5924,85.0,0.592,987.0,0.5929,6.0,0.5934,1227.0
1753600371830,07:12:51.830,blofin,ACE/USDT:USDT,0.5924,84.0,0.592,1161.0,0.5929,6.0,0.5932,543.0
1753600372421,07:12:52.421,blofin,ACE/USDT:USDT,0.5924,84.0,0.5923,882.0,0.5929,6.0,0.5934,1515.0
1753600372840,07:12:52.840,blofin,ACE/USDT:USDT,0.5924,84.0,0.5923,882.0,0.5929,6.0,0.5934,1515.0
1753600373832,07:12:53.832,blofin,ACE/USDT:USDT,0.5924,83.0,0.592,1271.0,0.5929,8.0,0.593,523.0
1753600374333,07:12:54.333,blofin,ACE/USDT:USDT,0.5924,86.0,0.592,1271.0,0.5929,8.0,0.593,523.0
1753600374834,07:12:54.834,blofin,ACE/USDT:USDT,0.5924,86.0,0.5923,811.0,0.5929,8.0,0.5932,562.0
1753600375424,07:12:55.424,blofin,ACE/USDT:USDT,0.5924,86.0,0.5923,811.0,0.5929,8.0,0.5932,562.0
1753600375836,07:12:55.836,blofin,ACE/USDT:USDT,0.5924,83.0,0.5919,1279.0,0.5929,8.0,0.5932,657.0
1753600376424,07:12:56.424,blofin,ACE/USDT:USDT,0.5924,8.0,0.5922,1066.0,0.5929,8.0,0.5933,1055.0
1753600376844,07:12:56.844,blofin,ACE/USDT:USDT,0.5924,8.0,0.5922,1066.0,0.5929,7.0,0.5933,1055.0
1753600377840,07:12:57.840,blofin,ACE/USDT:USDT,0.5924,8.0,0.5919,820.0,0.5929,105.0,0.5933,2860.0
1753600378427,07:12:58.427,blofin,ACE/USDT:USDT,0.5924,8.0,0.592,858.0,0.5929,104.0,0.593,809.0
1753600379428,07:12:59.428,blofin,ACE/USDT:USDT,0.5924,8.0,0.5919,1433.0,0.5928,99.0,0.5929,555.0
1753600380343,07:13:00.343,blofin,ACE/USDT:USDT,0.5924,8.0,0.5919,1433.0,0.5928,99.0,0.5929,555.0
1753600380843,07:13:00.843,blofin,ACE/USDT:USDT,0.5924,11.0,0.5922,440.0,0.5929,107.0,0.5932,206.0
1753600381432,07:13:01.432,blofin,ACE/USDT:USDT,0.5925,3.0,0.5924,7.0,0.5929,23.0,0.5933,1354.0
1753600381844,07:13:01.844,blofin,ACE/USDT:USDT,0.5925,3.0,0.5924,7.0,0.5929,23.0,0.5933,1354.0
1753600382429,07:13:02.429,blofin,ACE/USDT:USDT,0.5925,3.0,0.5924,1283.0,0.5929,23.0,0.5931,1869.0
1753600383345,07:13:03.345,blofin,ACE/USDT:USDT,0.5925,3.0,0.5924,1283.0,0.5929,21.0,0.5931,1869.0
1753600383846,07:13:03.846,blofin,ACE/USDT:USDT,0.5925,3.0,0.5924,1371.0,0.5929,21.0,0.5934,5959.0
1753600384431,07:13:04.431,blofin,ACE/USDT:USDT,0.5925,3.0,0.5924,7.0,0.5929,21.0,0.5931,3806.0
1753600384848,07:13:04.848,blofin,ACE/USDT:USDT,0.5925,3.0,0.5924,7.0,0.5929,23.0,0.5931,3806.0
1753600385850,07:13:05.850,blofin,ACE/USDT:USDT,0.5925,4.0,0.5924,2.0,0.5929,108.0,0.593,6103.0
1753600386431,07:13:06.431,blofin,ACE/USDT:USDT,0.5925,8.0,0.5924,2.0,0.5929,10.0,0.593,3252.0
1753600386862,07:13:06.862,blofin,ACE/USDT:USDT,0.5925,8.0,0.5924,2.0,0.5929,10.0,0.593,3252.0
1753600387435,07:13:07.435,blofin,ACE/USDT:USDT,0.5925,6.0,0.5924,2.0,0.5929,10.0,0.5933,1918.0
1753600387853,07:13:07.853,blofin,ACE/USDT:USDT,0.5925,6.0,0.5924,2.0,0.5929,9.0,0.5933,1918.0
1753600388855,07:13:08.855,blofin,ACE/USDT:USDT,0.5925,6.0,0.5924,1395.0,0.5929,9.0,0.593,786.0
1753600389436,07:13:09.436,blofin,ACE/USDT:USDT,0.5925,6.0,0.5924,2.0,0.5929,7.0,0.5931,2440.0
1753600389858,07:13:09.858,blofin,ACE/USDT:USDT,0.5925,6.0,0.5924,2.0,0.5929,9.0,0.5931,2440.0
1753600390359,07:13:10.359,blofin,ACE/USDT:USDT,0.5925,6.0,0.5924,2.0,0.5929,9.0,0.5931,2440.0
1753600391069,07:13:11.069,blofin,ACE/USDT:USDT,0.5924,2.0,0.5922,76.0,0.5927,109.0,0.5928,4357.0
1753600391436,07:13:11.436,blofin,ACE/USDT:USDT,0.5924,2.0,0.592,132.0,0.5929,224.0,0.5932,3062.0
1753600391861,07:13:11.861,blofin,ACE/USDT:USDT,0.5924,2.0,0.592,132.0,0.5929,224.0,0.5932,3062.0
1753600392437,07:13:12.437,blofin,ACE/USDT:USDT,0.5924,2.0,0.592,146.0,0.5929,224.0,0.593,1842.0
1753600393439,07:13:13.439,blofin,ACE/USDT:USDT,0.5924,2.0,0.592,316.0,0.5929,225.0,0.593,630.0
1753600393864,07:13:13.864,blofin,ACE/USDT:USDT,0.5924,2.0,0.592,315.0,0.5929,225.0,0.593,630.0
1753600394441,07:13:14.441,blofin,ACE/USDT:USDT,0.5924,2.0,0.592,147.0,0.5929,226.0,0.5933,2047.0
1753600394864,07:13:14.864,blofin,ACE/USDT:USDT,0.5924,2.0,0.592,147.0,0.5929,226.0,0.5933,2047.0
1753600395865,07:13:15.865,blofin,ACE/USDT:USDT,0.592,154.0,0.5915,589.0,0.5929,226.0,0.5933,295.0
1753600396443,07:13:16.443,blofin,ACE/USDT:USDT,0.592,154.0,0.5915,2201.0,0.5929,226.0,0.5933,989.0
1753600397367,07:13:17.367,blofin,ACE/USDT:USDT,0.592,154.0,0.5915,2193.0,0.5929,226.0,0.5933,989.0
1753600397867,07:13:17.867,blofin,ACE/USDT:USDT,0.5921,145.0,0.592,1631.0,0.5929,226.0,0.593,1192.0
1753600398447,07:13:18.447,blofin,ACE/USDT:USDT,0.5921,1.0,0.592,9.0,0.5929,223.0,0.5933,1481.0
1753600398869,07:13:18.869,blofin,ACE/USDT:USDT,0.5921,6.0,0.592,5.0,0.5929,223.0,0.5933,1481.0
1753600399871,07:13:19.871,blofin,ACE/USDT:USDT,0.5921,6.0,0.592,5.0,0.5928,224.0,0.5929,3.0
1753600400446,07:13:20.446,blofin,ACE/USDT:USDT,0.5921,5.0,0.592,5.0,0.5928,225.0,0.5929,3.0
1753600400873,07:13:20.873,blofin,ACE/USDT:USDT,0.5921,5.0,0.592,5.0,0.5928,85.0,0.5929,658.0
1753600401654,07:13:21.654,blofin,ACE/USDT:USDT,0.5921,3.0,0.592,6.0,0.5928,85.0,0.5929,3624.0
1753600402363,07:13:22.363,blofin,ACE/USDT:USDT,0.592,22.0,0.5917,519.0,0.5927,84.0,0.5928,1.0
1753600402878,07:13:22.878,blofin,ACE/USDT:USDT,0.592,5.0,0.5919,15.0,0.5927,168.0,0.5929,3.0
1753600403449,07:13:23.449,blofin,ACE/USDT:USDT,0.592,239.0,0.5915,1062.0,0.5927,1.0,0.5929,8.0
1753600404378,07:13:24.378,blofin,ACE/USDT:USDT,0.5921,400.0,0.592,1100.0,0.5927,1.0,0.5929,8.0
1753600404878,07:13:24.878,blofin,ACE/USDT:USDT,0.5923,215.0,0.5921,1.0,0.5929,9.0,0.5931,583.0
1753600405451,07:13:25.451,blofin,ACE/USDT:USDT,0.5923,220.0,0.592,74.0,0.5929,9.0,0.5931,583.0
1753600405881,07:13:25.881,blofin,ACE/USDT:USDT,0.5923,232.0,0.5921,1185.0,0.5929,9.0,0.5931,1833.0
1753600406449,07:13:26.449,blofin,ACE/USDT:USDT,0.5923,233.0,0.592,2185.0,0.5929,9.0,0.5932,1431.0
1753600406883,07:13:26.883,blofin,ACE/USDT:USDT,0.5923,234.0,0.592,2185.0,0.5929,9.0,0.5932,1431.0
1753600407449,07:13:27.449,blofin,ACE/USDT:USDT,0.5923,233.0,0.5922,1569.0,0.5929,9.0,0.5932,1300.0
1753600407882,07:13:27.882,blofin,ACE/USDT:USDT,0.5923,233.0,0.5922,1569.0,0.5929,11.0,0.5932,1300.0
1753600408452,07:13:28.452,blofin,ACE/USDT:USDT,0.5923,231.0,0.592,74.0,0.5929,11.0,0.593,1069.0
1753600409385,07:13:29.385,blofin,ACE/USDT:USDT,0.5923,232.0,0.592,74.0,0.5929,9.0,0.593,1069.0
1753600409885,07:13:29.885,blofin,ACE/USDT:USDT,0.5923,232.0,0.5922,151.0,0.5928,5.0,0.5929,4.0
1753600410452,07:13:30.452,blofin,ACE/USDT:USDT,0.5923,233.0,0.5922,24.0,0.5928,7.0,0.5929,3.0
1753600410887,07:13:30.887,blofin,ACE/USDT:USDT,0.5923,233.0,0.5922,24.0,0.5928,2.0,0.5929,8.0
1753600411455,07:13:31.455,blofin,ACE/USDT:USDT,0.5923,233.0,0.5922,24.0,0.5929,11.0,0.5933,1123.0
1753600411888,07:13:31.888,blofin,ACE/USDT:USDT,0.5923,231.0,0.5922,24.0,0.5929,11.0,0.5933,1123.0
1753600412453,07:13:32.453,blofin,ACE/USDT:USDT,0.5923,231.0,0.5921,1424.0,0.5929,11.0,0.593,1817.0
1753600412889,07:13:32.889,blofin,ACE/USDT:USDT,0.5923,231.0,0.5921,1460.0,0.5929,11.0,0.593,1817.0
1753600413454,07:13:33.454,blofin,ACE/USDT:USDT,0.5923,231.0,0.5921,90.0,0.5929,11.0,0.5932,928.0
1753600414893,07:13:34.893,blofin,ACE/USDT:USDT,0.5923,231.0,0.592,5.0,0.5929,11.0,0.5933,27.0
1753600415456,07:13:35.456,blofin,ACE/USDT:USDT,0.5923,234.0,0.592,5.0,0.5929,12.0,0.5933,27.0
1753600415894,07:13:35.894,blofin,ACE/USDT:USDT,0.5923,232.0,0.592,5.0,0.5929,12.0,0.5931,1929.0
1753600416458,07:13:36.458,blofin,ACE/USDT:USDT,0.5923,230.0,0.5922,513.0,0.5929,12.0,0.5932,2352.0
1753600416896,07:13:36.896,blofin,ACE/USDT:USDT,0.5923,230.0,0.5922,513.0,0.5929,12.0,0.5932,2352.0
1753600417458,07:13:37.458,blofin,ACE/USDT:USDT,0.5923,234.0,0.5921,1212.0,0.5929,12.0,0.5933,1219.0
1753600417897,07:13:37.897,blofin,ACE/USDT:USDT,0.5923,234.0,0.5921,1212.0,0.5929,12.0,0.5933,1219.0
1753600418459,07:13:38.459,blofin,ACE/USDT:USDT,0.5923,15.0,0.592,1041.0,0.5929,12.0,0.593,1451.0
1753600418935,07:13:38.935,blofin,ACE/USDT:USDT,0.5923,19.0,0.592,1041.0,0.5929,12.0,0.593,1451.0
1753600419461,07:13:39.461,blofin,ACE/USDT:USDT,0.5923,5.0,0.5922,14.0,0.5929,13.0,0.5932,836.0
1753600420399,07:13:40.399,blofin,ACE/USDT:USDT,0.5922,17.0,0.5921,1296.0,0.5929,13.0,0.5932,836.0
1753600420899,07:13:40.899,blofin,ACE/USDT:USDT,0.5922,16.0,0.5921,1208.0,0.5929,11.0,0.5934,2424.0
1753600421462,07:13:41.462,blofin,ACE/USDT:USDT,0.5922,16.0,0.592,31.0,0.5929,11.0,0.593,1303.0
1753600422464,07:13:42.464,blofin,ACE/USDT:USDT,0.5922,231.0,0.592,458.0,0.5929,11.0,0.5933,105.0
1753600422901,07:13:42.901,blofin,ACE/USDT:USDT,0.5922,233.0,0.592,458.0,0.5929,11.0,0.5933,105.0
1753600423905,07:13:43.905,blofin,ACE/USDT:USDT,0.5922,233.0,0.5921,3515.0,0.5929,10.0,0.5933,142.0
1753600424465,07:13:44.465,blofin,ACE/USDT:USDT,0.5922,233.0,0.592,5.0,0.5929,10.0,0.5931,1657.0
1753600424910,07:13:44.910,blofin,ACE/USDT:USDT,0.5922,232.0,0.592,5.0,0.5929,10.0,0.5931,1657.0
1753600425478,07:13:45.478,blofin,ACE/USDT:USDT,0.5922,236.0,0.5919,2880.0,0.5929,8.0,0.5931,1657.0
1753600425909,07:13:45.909,blofin,ACE/USDT:USDT,0.5922,236.0,0.5919,794.0,0.5929,11.0,0.5931,18.0
1753600426910,07:13:46.910,blofin,ACE/USDT:USDT,0.5924,229.0,0.5922,1401.0,0.5929,7.0,0.5932,230.0
1753600427411,07:13:47.411,blofin,ACE/USDT:USDT,0.5924,230.0,0.5922,1398.0,0.5929,7.0,0.5932,230.0
1753600427912,07:13:47.912,blofin,ACE/USDT:USDT,0.5924,216.0,0.5923,2887.0,0.5929,7.0,0.5932,1578.0
1753600428470,07:13:48.470,blofin,ACE/USDT:USDT,0.5924,216.0,0.5923,157.0,0.5929,8.0,0.593,231.0
1753600428914,07:13:48.914,blofin,ACE/USDT:USDT,0.5924,216.0,0.5923,17.0,0.5929,8.0,0.593,231.0
1753600429471,07:13:49.471,blofin,ACE/USDT:USDT,0.5924,217.0,0.5923,17.0,0.5929,11.0,0.5933,94.0
1753600429916,07:13:49.916,blofin,ACE/USDT:USDT,0.5924,217.0,0.5922,4.0,0.5929,11.0,0.5933,94.0
1753600430919,07:13:50.919,blofin,ACE/USDT:USDT,0.5924,217.0,0.5922,4.0,0.5929,14.0,0.593,650.0
1753600431471,07:13:51.471,blofin,ACE/USDT:USDT,0.5924,217.0,0.5922,4.0,0.5929,14.0,0.5934,811.0
1753600432420,07:13:52.420,blofin,ACE/USDT:USDT,0.5924,219.0,0.5922,4.0,0.5929,14.0,0.5934,811.0
1753600432925,07:13:52.925,blofin,ACE/USDT:USDT,0.5924,219.0,0.5922,7493.0,0.5929,14.0,0.5932,973.0
1753600433422,07:13:53.422,blofin,ACE/USDT:USDT,0.5924,219.0,0.5922,7493.0,0.5929,12.0,0.5932,973.0
1753600433925,07:13:53.925,blofin,ACE/USDT:USDT,0.5924,220.0,0.5922,4.0,0.5929,12.0,0.5931,973.0
1753600434426,07:13:54.426,blofin,ACE/USDT:USDT,0.5924,220.0,0.5922,4.0,0.5929,14.0,0.5931,973.0
1753600434925,07:13:54.925,blofin,ACE/USDT:USDT,0.5924,218.0,0.5922,1283.0,0.5929,14.0,0.5931,529.0
1753600435926,07:13:55.926,blofin,ACE/USDT:USDT,0.5924,220.0,0.5923,6245.0,0.5929,12.0,0.5932,1124.0
1753600436428,07:13:56.428,blofin,ACE/USDT:USDT,0.5924,217.0,0.5923,6245.0,0.5929,12.0,0.5932,1124.0
1753600436929,07:13:56.929,blofin,ACE/USDT:USDT,0.5924,217.0,0.5923,150.0,0.5929,12.0,0.5933,1754.0
1753600437428,07:13:57.428,blofin,ACE/USDT:USDT,0.5924,217.0,0.5923,150.0,0.5929,14.0,0.5933,1754.0
1753600438405,07:13:58.405,blofin,ACE/USDT:USDT,0.5924,2.0,0.5923,365.0,0.5929,11.0,0.5932,96.0
1753600438932,07:13:58.932,blofin,ACE/USDT:USDT,0.5923,593.0,0.5922,4.0,0.5929,11.0,0.593,357.0
1753600439432,07:13:59.432,blofin,ACE/USDT:USDT,0.5923,593.0,0.5922,4.0,0.5929,11.0,0.593,357.0
1753600439933,07:13:59.933,blofin,ACE/USDT:USDT,0.5923,593.0,0.5922,1511.0,0.5929,10.0,0.5932,12.0
1753600440487,07:14:00.487,blofin,ACE/USDT:USDT,0.5923,592.0,0.5922,4.0,0.5929,14.0,0.5931,628.0
1753600441435,07:14:01.435,blofin,ACE/USDT:USDT,0.5924,89.0,0.5922,4.0,0.5929,14.0,0.5934,424.0
1753600441937,07:14:01.937,blofin,ACE/USDT:USDT,0.5924,7.0,0.5922,4.0,0.5929,14.0,0.5934,1558.0
1753600442439,07:14:02.439,blofin,ACE/USDT:USDT,0.5924,4.0,0.5922,4.0,0.5929,14.0,0.5934,1558.0
1753600442938,07:14:02.938,blofin,ACE/USDT:USDT,0.5924,7.0,0.5922,4.0,0.5929,14.0,0.593,1812.0
1753600443439,07:14:03.439,blofin,ACE/USDT:USDT,0.5924,7.0,0.5922,4.0,0.5929,12.0,0.593,1812.0
1753600443940,07:14:03.940,blofin,ACE/USDT:USDT,0.5924,7.0,0.5922,4.0,0.5929,14.0,0.5931,1729.0
1753600444941,07:14:04.941,blofin,ACE/USDT:USDT,0.5924,6.0,0.5923,1330.0,0.5929,12.0,0.593,548.0
1753600445493,07:14:05.493,blofin,ACE/USDT:USDT,0.5924,7.0,0.5922,4.0,0.5929,15.0,0.5931,116.0
1753600446443,07:14:06.443,blofin,ACE/USDT:USDT,0.5924,7.0,0.5922,4.0,0.5929,14.0,0.5931,116.0
1753600446943,07:14:06.943,blofin,ACE/USDT:USDT,0.5924,4.0,0.5922,4.0,0.5929,14.0,0.5932,1987.0
1753600447944,07:14:07.944,blofin,ACE/USDT:USDT,0.5924,4.0,0.5923,1233.0,0.5929,14.0,0.5933,65.0
1753600448445,07:14:08.445,blofin,ACE/USDT:USDT,0.5924,4.0,0.5923,1233.0,0.5929,14.0,0.5933,65.0
1753600448946,07:14:08.946,blofin,ACE/USDT:USDT,0.5924,4.0,0.5922,186.0,0.5929,15.0,0.5933,65.0
1753600449446,07:14:09.446,blofin,ACE/USDT:USDT,0.5924,4.0,0.5922,186.0,0.5929,15.0,0.5934,1149.0
1753600449948,07:14:09.948,blofin,ACE/USDT:USDT,0.5924,4.0,0.5922,186.0,0.5929,15.0,0.5931,4899.0
1753600450450,07:14:10.450,blofin,ACE/USDT:USDT,0.5924,5.0,0.5922,186.0,0.5929,15.0,0.5931,4899.0
1753600450950,07:14:10.950,blofin,ACE/USDT:USDT,0.5924,7.0,0.5922,4.0,0.5929,14.0,0.5933,2134.0
1753600451952,07:14:11.952,blofin,ACE/USDT:USDT,0.5924,7.0,0.5922,4.0,0.5929,15.0,0.5931,3289.0
1753600452453,07:14:12.453,blofin,ACE/USDT:USDT,0.5924,7.0,0.5922,4.0,0.5929,14.0,0.5931,3289.0
1753600452953,07:14:12.953,blofin,ACE/USDT:USDT,0.5924,4.0,0.5922,4.0,0.5929,14.0,0.5932,1213.0
1753600453454,07:14:13.454,blofin,ACE/USDT:USDT,0.5924,4.0,0.5922,4.0,0.5929,16.0,0.5932,1213.0
1753600453953,07:14:13.953,blofin,ACE/USDT:USDT,0.5924,4.0,0.5922,4.0,0.5929,16.0,0.593,4236.0
1753600454956,07:14:14.956,blofin,ACE/USDT:USDT,0.5924,4.0,0.5922,436.0,0.5929,16.0,0.5931,4227.0
1753600455454,07:14:15.454,blofin,ACE/USDT:USDT,0.5924,4.0,0.5922,436.0,0.5929,13.0,0.5931,4227.0
1753600455956,07:14:15.956,blofin,ACE/USDT:USDT,0.5924,10.0,0.5919,1554.0,0.5929,17.0,0.5933,1230.0
1753600456456,07:14:16.456,blofin,ACE/USDT:USDT,0.5924,10.0,0.5919,1554.0,0.5929,16.0,0.5933,1230.0
1753600456957,07:14:16.957,blofin,ACE/USDT:USDT,0.5924,10.0,0.5922,810.0,0.5929,17.0,0.5934,776.0
1753600457457,07:14:17.457,blofin,ACE/USDT:USDT,0.5924,9.0,0.5922,810.0,0.5929,17.0,0.5934,776.0
1753600457958,07:14:17.958,blofin,ACE/USDT:USDT,0.5924,13.0,0.5923,487.0,0.5929,17.0,0.5934,2513.0
1753600458958,07:14:18.958,blofin,ACE/USDT:USDT,0.5924,13.0,0.5923,55.0,0.5929,19.0,0.5932,2592.0
1753600459459,07:14:19.459,blofin,ACE/USDT:USDT,0.5924,13.0,0.5922,126.0,0.5929,19.0,0.5932,2592.0
1753600459964,07:14:19.964,blofin,ACE/USDT:USDT,0.5924,9.0,0.5922,126.0,0.5929,19.0,0.5931,538.0
1753600460462,07:14:20.462,blofin,ACE/USDT:USDT,0.5924,9.0,0.5922,126.0,0.5929,15.0,0.5931,538.0
1753600460960,07:14:20.960,blofin,ACE/USDT:USDT,0.5924,13.0,0.5919,1789.0,0.5929,22.0,0.5932,2519.0
1753600461963,07:14:21.963,blofin,ACE/USDT:USDT,0.5924,9.0,0.5921,1541.0,0.5929,22.0,0.5934,2556.0
1753600462465,07:14:22.465,blofin,ACE/USDT:USDT,0.5924,9.0,0.5921,1541.0,0.5929,20.0,0.5934,2556.0
1753600462975,07:14:22.975,blofin,ACE/USDT:USDT,0.5924,13.0,0.592,1320.0,0.5929,20.0,0.5933,2080.0
1753600463465,07:14:23.465,blofin,ACE/USDT:USDT,0.5924,12.0,0.592,1320.0,0.5929,20.0,0.5933,2080.0
1753600463966,07:14:23.966,blofin,ACE/USDT:USDT,0.5924,12.0,0.5923,1058.0,0.5929,22.0,0.593,557.0
1753600464968,07:14:24.968,blofin,ACE/USDT:USDT,0.5924,12.0,0.5919,1064.0,0.5929,18.0,0.593,1027.0
1753600465968,07:14:25.968,blofin,ACE/USDT:USDT,0.5924,12.0,0.5923,765.0,0.5929,22.0,0.5933,2110.0
1753600466470,07:14:26.470,blofin,ACE/USDT:USDT,0.5924,13.0,0.5923,765.0,0.5929,22.0,0.5933,2110.0
1753600466972,07:14:26.972,blofin,ACE/USDT:USDT,0.5924,13.0,0.5921,292.0,0.5929,18.0,0.5933,80.0
1753600467473,07:14:27.473,blofin,ACE/USDT:USDT,0.5924,9.0,0.5921,292.0,0.5929,18.0,0.5933,80.0
1753600468473,07:14:28.473,blofin,ACE/USDT:USDT,0.5924,10.0,0.5921,35.0,0.5929,18.0,0.5931,911.0
1753600468976,07:14:28.976,blofin,ACE/USDT:USDT,0.5924,10.0,0.5921,35.0,0.5929,18.0,0.5931,1539.0
1753600469476,07:14:29.476,blofin,ACE/USDT:USDT,0.5924,10.0,0.5919,1035.0,0.5929,18.0,0.5931,1539.0
1753600469976,07:14:29.976,blofin,ACE/USDT:USDT,0.5924,12.0,0.592,1600.0,0.5929,18.0,0.5932,3479.0
1753600470979,07:14:30.979,blofin,ACE/USDT:USDT,0.5924,10.0,0.5921,1119.0,0.5929,20.0,0.5933,1986.0
1753600471480,07:14:31.480,blofin,ACE/USDT:USDT,0.5924,10.0,0.5921,1119.0,0.5929,21.0,0.5933,1986.0
1753600471984,07:14:31.984,blofin,ACE/USDT:USDT,0.5924,10.0,0.5921,898.0,0.5929,21.0,0.5931,4711.0
1753600472981,07:14:32.981,blofin,ACE/USDT:USDT,0.5924,10.0,0.5923,447.0,0.5929,22.0,0.5934,3138.0
1753600473983,07:14:33.983,blofin,ACE/USDT:USDT,0.5924,13.0,0.5923,1012.0,0.5929,22.0,0.5933,4147.0
1753600474484,07:14:34.484,blofin,ACE/USDT:USDT,0.5924,13.0,0.5923,1012.0,0.5929,23.0,0.5933,4147.0
1753600474983,07:14:34.983,blofin,ACE/USDT:USDT,0.5924,13.0,0.592,1743.0,0.5929,21.0,0.5932,963.0
1753600475483,07:14:35.483,blofin,ACE/USDT:USDT,0.5924,13.0,0.592,1975.0,0.5929,21.0,0.5932,963.0
1753600475984,07:14:35.984,blofin,ACE/USDT:USDT,0.5924,10.0,0.5923,621.0,0.5929,19.0,0.5932,5156.0
1753600476485,07:14:36.485,blofin,ACE/USDT:USDT,0.5924,10.0,0.5923,621.0,0.5929,23.0,0.5932,5156.0
1753600477485,07:14:37.485,blofin,ACE/USDT:USDT,0.5924,9.0,0.5923,1417.0,0.5929,22.0,0.5931,2510.0
1753600477985,07:14:37.985,blofin,ACE/USDT:USDT,0.5924,9.0,0.5922,209.0,0.5929,22.0,0.5931,3890.0
1753600478486,07:14:38.486,blofin,ACE/USDT:USDT,0.5924,13.0,0.5922,209.0,0.5929,22.0,0.5931,3890.0
1753600478987,07:14:38.987,blofin,ACE/USDT:USDT,0.5924,13.0,0.5922,1435.0,0.5929,19.0,0.5934,3711.0
1753600479487,07:14:39.487,blofin,ACE/USDT:USDT,0.5924,13.0,0.5922,1435.0,0.5929,20.0,0.5934,3711.0
1753600480490,07:14:40.490,blofin,ACE/USDT:USDT,0.5924,13.0,0.5922,209.0,0.5929,22.0,0.5934,656.0
1753600480990,07:14:40.990,blofin,ACE/USDT:USDT,0.5924,9.0,0.5922,431.0,0.5929,19.0,0.593,910.0
1753600481492,07:14:41.492,blofin,ACE/USDT:USDT,0.5924,10.0,0.5922,431.0,0.5929,19.0,0.593,910.0
1753600481992,07:14:41.992,blofin,ACE/USDT:USDT,0.5924,10.0,0.5922,738.0,0.5929,19.0,0.593,5993.0
1753600482492,07:14:42.492,blofin,ACE/USDT:USDT,0.5924,10.0,0.5922,738.0,0.5929,22.0,0.593,5993.0
1753600483377,07:14:43.377,blofin,ACE/USDT:USDT,0.5924,9.0,0.5922,644.0,0.5927,16.0,0.5929,7.0
1753600483995,07:14:43.995,blofin,ACE/USDT:USDT,0.5924,9.0,0.5923,3.0,0.5926,85.0,0.5927,7329.0
1753600484497,07:14:44.497,blofin,ACE/USDT:USDT,0.5924,5.0,0.5923,7.0,0.5926,85.0,0.5927,7329.0
1753600485000,07:14:45.000,blofin,ACE/USDT:USDT,0.5924,5.0,0.5923,5.0,0.5926,91.0,0.5929,7.0
1753600485506,07:14:45.506,blofin,ACE/USDT:USDT,0.5924,5.0,0.5923,5.0,0.5926,92.0,0.5929,3.0
1753600486501,07:14:46.501,blofin,ACE/USDT:USDT,0.5923,10.0,0.5918,756.0,0.5926,351.0,0.593,6685.0
1753600487000,07:14:47.000,blofin,ACE/USDT:USDT,0.5923,11.0,0.5922,1236.0,0.5926,276.0,0.5931,6220.0
1753600487502,07:14:47.502,blofin,ACE/USDT:USDT,0.5923,10.0,0.5922,1236.0,0.5926,276.0,0.5931,6220.0
1753600488090,07:14:48.090,blofin,ACE/USDT:USDT,0.5923,7.0,0.5918,479.0,0.5924,99.0,0.5925,6598.0
1753600488581,07:14:48.581,blofin,ACE/USDT:USDT,0.5923,7.0,0.5918,553.0,0.5925,335.0,0.5926,5.0
1753600489173,07:14:49.173,blofin,ACE/USDT:USDT,0.5923,7.0,0.5919,131.0,0.5925,336.0,0.5926,2.0
1753600489504,07:14:49.504,blofin,ACE/USDT:USDT,0.5923,5.0,0.5919,136.0,0.5925,336.0,0.5926,2.0
1753600490311,07:14:50.311,blofin,ACE/USDT:USDT,0.5923,5.0,0.5919,261.0,0.5925,1.0,0.5926,347.0
1753600491012,07:14:51.012,blofin,ACE/USDT:USDT,0.5923,5.0,0.5918,557.0,0.5926,348.0,0.593,1936.0
1753600491501,07:14:51.501,blofin,ACE/USDT:USDT,0.5923,5.0,0.5919,99.0,0.5926,116.0,0.5927,1941.0
1753600492009,07:14:52.009,blofin,ACE/USDT:USDT,0.5923,5.0,0.5919,99.0,0.5926,118.0,0.5928,2337.0
1753600493010,07:14:53.010,blofin,ACE/USDT:USDT,0.5923,5.0,0.5919,19.0,0.5925,23.0,0.5926,5.0
1753600493509,07:14:53.509,blofin,ACE/USDT:USDT,0.5923,5.0,0.5919,19.0,0.5926,28.0,0.5931,368.0
1753600494508,07:14:54.508,blofin,ACE/USDT:USDT,0.5923,5.0,0.5919,19.0,0.5926,30.0,0.5927,2696.0
1753600495013,07:14:55.013,blofin,ACE/USDT:USDT,0.5923,5.0,0.5919,19.0,0.5926,30.0,0.5927,2696.0
1753600495509,07:14:55.509,blofin,ACE/USDT:USDT,0.5923,5.0,0.5918,439.0,0.5925,26.0,0.5926,2.0
1753600496142,07:14:56.142,blofin,ACE/USDT:USDT,0.5918,424.0,0.5917,177.0,0.5923,295.0,0.5925,5.0
1753600496512,07:14:56.512,blofin,ACE/USDT:USDT,0.5918,423.0,0.5917,177.0,0.5922,178.0,0.5925,5.0
1753600497510,07:14:57.510,blofin,ACE/USDT:USDT,0.5918,422.0,0.5917,177.0,0.5923,188.0,0.5925,896.0
1753600498018,07:14:58.018,blofin,ACE/USDT:USDT,0.5918,422.0,0.5917,177.0,0.5923,190.0,0.5925,891.0
1753600498510,07:14:58.510,blofin,ACE/USDT:USDT,0.5918,422.0,0.5917,177.0,0.5923,14.0,0.5925,2059.0
1753600499019,07:14:59.019,blofin,ACE/USDT:USDT,0.5918,422.0,0.5917,177.0,0.5923,15.0,0.5925,2059.0
1753600499510,07:14:59.510,blofin,ACE/USDT:USDT,0.5918,422.0,0.5917,177.0,0.5923,25.0,0.5925,704.0
1753600500490,07:15:00.490,blofin,ACE/USDT:USDT,0.5918,422.0,0.5917,276.0,0.5922,41.0,0.5923,1015.0
1753600501021,07:15:01.021,blofin,ACE/USDT:USDT,0.5918,524.0,0.5917,177.0,0.5923,26.0,0.5926,2.0
1753600501647,07:15:01.647,blofin,ACE/USDT:USDT,0.592,3.0,0.5918,424.0,0.5923,16.0,0.5926,2.0
1753600502021,07:15:02.021,blofin,ACE/USDT:USDT,0.592,3.0,0.5918,424.0,0.5923,16.0,0.5926,2.0
1753600502515,07:15:02.515,blofin,ACE/USDT:USDT,0.592,3.0,0.5918,424.0,0.5923,16.0,0.5926,1927.0
1753600503512,07:15:03.512,blofin,ACE/USDT:USDT,0.592,4.0,0.5918,422.0,0.5923,17.0,0.5925,2605.0
1753600504171,07:15:04.171,blofin,ACE/USDT:USDT,0.5918,422.0,0.5917,177.0,0.5923,17.0,0.5926,2.0
1753600504514,07:15:04.514,blofin,ACE/USDT:USDT,0.5918,422.0,0.5917,177.0,0.5923,17.0,0.5926,2.0
1753600505516,07:15:05.516,blofin,ACE/USDT:USDT,0.5918,422.0,0.5917,177.0,0.5923,14.0,0.5926,2.0
1753600506026,07:15:06.026,blofin,ACE/USDT:USDT,0.5918,422.0,0.5917,177.0,0.5923,21.0,0.5925,1359.0
1753600506517,07:15:06.517,blofin,ACE/USDT:USDT,0.5918,422.0,0.5917,177.0,0.5922,20.0,0.5923,914.0
1753600507028,07:15:07.028,blofin,ACE/USDT:USDT,0.5918,422.0,0.5917,177.0,0.5922,21.0,0.5923,913.0
1753600507516,07:15:07.516,blofin,ACE/USDT:USDT,0.5918,422.0,0.5917,177.0,0.5922,1.0,0.5923,20.0
1753600508517,07:15:08.517,blofin,ACE/USDT:USDT,0.5918,422.0,0.5917,177.0,0.5923,21.0,0.5926,1203.0
1753600509031,07:15:09.031,blofin,ACE/USDT:USDT,0.5918,422.0,0.5917,177.0,0.5923,25.0,0.5926,1203.0
1753600510031,07:15:10.031,blofin,ACE/USDT:USDT,0.5918,422.0,0.5917,177.0,0.5923,23.0,0.5926,2.0
1753600510517,07:15:10.517,blofin,ACE/USDT:USDT,0.5918,422.0,0.5917,177.0,0.592,88.0,0.5922,2214.0
1753600511047,07:15:11.047,blofin,ACE/USDT:USDT,0.5918,422.0,0.5917,177.0,0.592,42.0,0.5923,1228.0
1753600511855,07:15:11.855,blofin,ACE/USDT:USDT,0.5918,422.0,0.5917,177.0,0.592,12.0,0.5925,568.0
1753600512520,07:15:12.520,blofin,ACE/USDT:USDT,0.5918,422.0,0.5917,177.0,0.592,230.0,0.5921,558.0
1753600513034,07:15:13.034,blofin,ACE/USDT:USDT,0.5918,422.0,0.5917,177.0,0.592,231.0,0.5921,558.0
1753600513650,07:15:13.650,blofin,ACE/USDT:USDT,0.5918,422.0,0.5917,177.0,0.592,231.0,0.5924,138.0
1753600514038,07:15:14.038,blofin,ACE/USDT:USDT,0.5918,422.0,0.5917,177.0,0.592,231.0,0.5924,138.0
1753600514520,07:15:14.520,blofin,ACE/USDT:USDT,0.5918,422.0,0.5917,177.0,0.592,231.0,0.5921,868.0
1753600515532,07:15:15.532,blofin,ACE/USDT:USDT,0.5914,2.0,0.5913,4.0,0.592,230.0,0.5921,868.0
1753600516041,07:15:16.041,blofin,ACE/USDT:USDT,0.5914,4.0,0.5913,518.0,0.592,228.0,0.5923,1398.0
1753600516522,07:15:16.522,blofin,ACE/USDT:USDT,0.5914,4.0,0.5911,497.0,0.592,228.0,0.5921,1746.0
1753600517041,07:15:17.041,blofin,ACE/USDT:USDT,0.5914,4.0,0.5913,4.0,0.592,229.0,0.5921,1746.0
1753600518042,07:15:18.042,blofin,ACE/USDT:USDT,0.5914,4.0,0.5913,4.0,0.592,231.0,0.5923,1270.0
1753600518522,07:15:18.522,blofin,ACE/USDT:USDT,0.5914,4.0,0.5913,4.0,0.592,274.0,0.5922,346.0
1753600519044,07:15:19.044,blofin,ACE/USDT:USDT,0.5914,3.0,0.5911,835.0,0.592,274.0,0.5922,346.0
1753600519523,07:15:19.523,blofin,ACE/USDT:USDT,0.5914,3.0,0.5912,381.0,0.592,274.0,0.5925,1334.0
1753600520046,07:15:20.046,blofin,ACE/USDT:USDT,0.5914,2.0,0.5913,1.0,0.592,274.0,0.5924,2160.0
1753600520524,07:15:20.524,blofin,ACE/USDT:USDT,0.5914,1.0,0.5913,3.0,0.592,272.0,0.5924,2160.0
1753600521048,07:15:21.048,blofin,ACE/USDT:USDT,0.5914,1.0,0.5913,104.0,0.592,272.0,0.5921,1404.0
1753600522050,07:15:22.050,blofin,ACE/USDT:USDT,0.5914,1.0,0.5913,104.0,0.592,285.0,0.5924,3345.0
1753600522524,07:15:22.524,blofin,ACE/USDT:USDT,0.5914,1.0,0.5913,17.0,0.592,285.0,0.5924,1569.0
1753600523055,07:15:23.055,blofin,ACE/USDT:USDT,0.5914,1.0,0.5913,15.0,0.592,285.0,0.5924,1569.0
1753600523526,07:15:23.526,blofin,ACE/USDT:USDT,0.5914,1.0,0.5913,15.0,0.592,285.0,0.5921,2574.0
1753600524528,07:15:24.528,blofin,ACE/USDT:USDT,0.5914,1.0,0.5913,15.0,0.592,284.0,0.5925,5361.0
1753600525054,07:15:25.054,blofin,ACE/USDT:USDT,0.5914,1.0,0.5913,19.0,0.592,284.0,0.5925,5361.0
1753600525532,07:15:25.532,blofin,ACE/USDT:USDT,0.5914,1.0,0.5913,18.0,0.592,287.0,0.5925,5361.0
1753600526058,07:15:26.058,blofin,ACE/USDT:USDT,0.5914,1.0,0.5913,5.0,0.5918,101.0,0.592,1.0
1753600526529,07:15:26.529,blofin,ACE/USDT:USDT,0.5914,1.0,0.5913,5.0,0.5917,284.0,0.5918,2167.0
1753600527529,07:15:27.529,blofin,ACE/USDT:USDT,0.5914,1.0,0.5913,5.0,0.5917,285.0,0.5918,2266.0
1753600528061,07:15:28.061,blofin,ACE/USDT:USDT,0.5914,1.0,0.5911,103.0,0.5917,284.0,0.5918,2266.0
1753600528529,07:15:28.529,blofin,ACE/USDT:USDT,0.5914,1.0,0.5911,103.0,0.5917,197.0,0.5918,1213.0
1753600529233,07:15:29.233,blofin,ACE/USDT:USDT,0.5914,1.0,0.5911,4.0,0.5917,871.0,0.592,2157.0
1753600530064,07:15:30.064,blofin,ACE/USDT:USDT,0.5914,1.0,0.5911,4.0,0.5916,216.0,0.5917,1.0
1753600531068,07:15:31.068,blofin,ACE/USDT:USDT,0.5914,1.0,0.5909,479.0,0.5917,273.0,0.592,1.0
1753600531532,07:15:31.532,blofin,ACE/USDT:USDT,0.5914,1.0,0.5909,479.0,0.5917,442.0,0.5919,928.0
1753600532163,07:15:32.163,blofin,ACE/USDT:USDT,0.5914,1.0,0.591,229.0,0.5917,444.0,0.592,1.0
1753600532532,07:15:32.532,blofin,ACE/USDT:USDT,0.5914,1.0,0.5911,99.0,0.5917,327.0,0.592,1.0
1753600533072,07:15:33.072,blofin,ACE/USDT:USDT,0.5914,1.0,0.5911,101.0,0.5917,327.0,0.592,1.0
1753600533534,07:15:33.534,blofin,ACE/USDT:USDT,0.5914,1.0,0.5911,101.0,0.5917,327.0,0.5919,1066.0
1753600534533,07:15:34.533,blofin,ACE/USDT:USDT,0.5914,1.0,0.5911,101.0,0.5917,327.0,0.5919,142.0
1753600535076,07:15:35.076,blofin,ACE/USDT:USDT,0.5914,1.0,0.591,104.0,0.5916,325.0,0.592,1.0
1753600535535,07:15:35.535,blofin,ACE/USDT:USDT,0.5914,1.0,0.591,103.0,0.5916,326.0,0.592,1.0
1753600536077,07:15:36.077,blofin,ACE/USDT:USDT,0.5914,1.0,0.591,18.0,0.5917,328.0,0.5918,1119.0
1753600536536,07:15:36.536,blofin,ACE/USDT:USDT,0.5914,1.0,0.591,18.0,0.5917,328.0,0.5919,4396.0
1753600537538,07:15:37.538,blofin,ACE/USDT:USDT,0.5914,1.0,0.591,18.0,0.5917,328.0,0.592,1.0
1753600538081,07:15:38.081,blofin,ACE/USDT:USDT,0.5914,1.0,0.591,18.0,0.5917,328.0,0.592,1.0
1753600538537,07:15:38.537,blofin,ACE/USDT:USDT,0.5914,1.0,0.591,18.0,0.5917,328.0,0.592,1.0
1753600539082,07:15:39.082,blofin,ACE/USDT:USDT,0.5914,1.0,0.591,18.0,0.5917,326.0,0.592,1.0
1753600540084,07:15:40.084,blofin,ACE/USDT:USDT,0.5914,1.0,0.591,16.0,0.5917,327.0,0.592,1.0
1753600540664,07:15:40.664,blofin,ACE/USDT:USDT,0.5914,1.0,0.591,15.0,0.5916,323.0,0.5917,5.0
1753600541086,07:15:41.086,blofin,ACE/USDT:USDT,0.5914,1.0,0.5909,260.0,0.5915,86.0,0.5917,5.0
1753600541721,07:15:41.721,blofin,ACE/USDT:USDT,0.5914,1.0,0.5909,246.0,0.5915,198.0,0.5916,152.0
1753600542540,07:15:42.540,blofin,ACE/USDT:USDT,0.5914,1.0,0.591,303.0,0.5915,198.0,0.5917,4179.0
1753600543091,07:15:43.091,blofin,ACE/USDT:USDT,0.5914,1.0,0.591,306.0,0.5915,199.0,0.5917,4179.0
1753600543542,07:15:43.542,blofin,ACE/USDT:USDT,0.5914,1.0,0.591,391.0,0.5915,199.0,0.592,1807.0
1753600544091,07:15:44.091,blofin,ACE/USDT:USDT,0.5914,1.0,0.591,393.0,0.5915,199.0,0.592,1807.0
1753600544542,07:15:44.542,blofin,ACE/USDT:USDT,0.5914,1.0,0.591,393.0,0.5915,199.0,0.592,2617.0
1753600545093,07:15:45.093,blofin,ACE/USDT:USDT,0.5914,1.0,0.591,393.0,0.5915,201.0,0.592,2617.0
1753600546093,07:15:46.093,blofin,ACE/USDT:USDT,0.591,392.0,0.5907,347.0,0.5915,201.0,0.5916,1478.0
1753600546544,07:15:46.544,blofin,ACE/USDT:USDT,0.591,307.0,0.5907,347.0,0.5915,224.0,0.5916,533.0
1753600547094,07:15:47.094,blofin,ACE/USDT:USDT,0.591,308.0,0.5907,347.0,0.5915,224.0,0.5916,533.0
1753600547595,07:15:47.595,blofin,ACE/USDT:USDT,0.591,308.0,0.5907,251.0,0.5915,211.0,0.5919,327.0
1753600548545,07:15:48.545,blofin,ACE/USDT:USDT,0.591,308.0,0.5909,514.0,0.5915,211.0,0.5916,164.0
1753600549097,07:15:49.097,blofin,ACE/USDT:USDT,0.591,311.0,0.5909,514.0,0.5915,213.0,0.5916,164.0
1753600549598,07:15:49.598,blofin,ACE/USDT:USDT,0.591,311.0,0.5907,251.0,0.5915,209.0,0.592,2574.0
1753600550099,07:15:50.099,blofin,ACE/USDT:USDT,0.591,311.0,0.5907,244.0,0.5915,209.0,0.592,2574.0
1753600550599,07:15:50.599,blofin,ACE/USDT:USDT,0.591,307.0,0.5907,2022.0,0.5915,210.0,0.5916,2148.0
1753600551601,07:15:51.601,blofin,ACE/USDT:USDT,0.591,308.0,0.5907,244.0,0.5915,210.0,0.5919,2608.0
1753600552105,07:15:52.105,blofin,ACE/USDT:USDT,0.591,308.0,0.5907,244.0,0.5915,213.0,0.5919,2608.0
1753600552603,07:15:52.603,blofin,ACE/USDT:USDT,0.591,308.0,0.5908,821.0,0.5915,213.0,0.5919,1241.0
1753600553103,07:15:53.103,blofin,ACE/USDT:USDT,0.591,308.0,0.5908,821.0,0.5915,210.0,0.5919,1241.0
1753600554105,07:15:54.105,blofin,ACE/USDT:USDT,0.591,308.0,0.5907,244.0,0.5915,212.0,0.5919,467.0
1753600554604,07:15:54.604,blofin,ACE/USDT:USDT,0.591,308.0,0.5909,1988.0,0.5915,212.0,0.5919,1748.0
1753600555105,07:15:55.105,blofin,ACE/USDT:USDT,0.591,308.0,0.5909,1988.0,0.5915,211.0,0.5919,1748.0
1753600555606,07:15:55.606,blofin,ACE/USDT:USDT,0.591,310.0,0.5908,26.0,0.5915,209.0,0.5916,1413.0
1753600556107,07:15:56.107,blofin,ACE/USDT:USDT,0.591,310.0,0.5908,26.0,0.5915,209.0,0.5916,1413.0
1753600556607,07:15:56.607,blofin,ACE/USDT:USDT,0.591,310.0,0.5908,5085.0,0.5915,201.0,0.5919,332.0
1753600557108,07:15:57.108,blofin,ACE/USDT:USDT,0.591,308.0,0.5908,5085.0,0.5915,201.0,0.5919,332.0
1753600557608,07:15:57.608,blofin,ACE/USDT:USDT,0.591,308.0,0.5908,26.0,0.5915,201.0,0.592,997.0
1753600558109,07:15:58.109,blofin,ACE/USDT:USDT,0.591,308.0,0.5908,26.0,0.5915,203.0,0.592,997.0
1753600559000,07:15:59.000,blofin,ACE/USDT:USDT,0.5911,303.0,0.591,5.0,0.5915,203.0,0.592,368.0
1753600559611,07:15:59.611,blofin,ACE/USDT:USDT,0.5911,84.0,0.591,5.0,0.5915,202.0,0.5916,1311.0
1753600560261,07:16:00.261,blofin,ACE/USDT:USDT,0.5912,84.0,0.5911,1.0,0.5915,202.0,0.5917,1353.0
1753600560613,07:16:00.613,blofin,ACE/USDT:USDT,0.5912,8.0,0.591,5263.0,0.5915,203.0,0.5918,1432.0
1753600561113,07:16:01.113,blofin,ACE/USDT:USDT,0.5912,8.0,0.591,5263.0,0.5915,199.0,0.5918,1432.0
1753600561614,07:16:01.614,blofin,ACE/USDT:USDT,0.5912,8.0,0.591,3.0,0.5915,249.0,0.5917,229.0
1753600562615,07:16:02.615,blofin,ACE/USDT:USDT,0.5912,11.0,0.591,4350.0,0.5915,249.0,0.5918,1309.0
1753600563116,07:16:03.116,blofin,ACE/USDT:USDT,0.5912,11.0,0.591,4350.0,0.5915,249.0,0.5918,1309.0
1753600563617,07:16:03.617,blofin,ACE/USDT:USDT,0.5912,11.0,0.5911,612.0,0.5915,249.0,0.592,813.0
1753600565121,07:16:05.121,blofin,ACE/USDT:USDT,0.5912,11.0,0.591,3.0,0.5915,248.0,0.5916,1025.0
1753600565620,07:16:05.620,blofin,ACE/USDT:USDT,0.5912,10.0,0.5911,23.0,0.5915,247.0,0.5918,652.0
1753600566121,07:16:06.121,blofin,ACE/USDT:USDT,0.5912,12.0,0.5911,23.0,0.5915,247.0,0.5918,652.0
1753600566622,07:16:06.622,blofin,ACE/USDT:USDT,0.5912,12.0,0.5911,23.0,0.5915,247.0,0.592,996.0
1753600567124,07:16:07.124,blofin,ACE/USDT:USDT,0.5912,12.0,0.5911,23.0,0.5915,247.0,0.592,996.0
1753600567623,07:16:07.623,blofin,ACE/USDT:USDT,0.5912,12.0,0.5911,1610.0,0.5915,247.0,0.592,1759.0
1753600568626,07:16:08.626,blofin,ACE/USDT:USDT,0.5912,12.0,0.591,3.0,0.5915,248.0,0.592,611.0
1753600569129,07:16:09.129,blofin,ACE/USDT:USDT,0.5912,13.0,0.591,3.0,0.5915,248.0,0.592,611.0
1753600569630,07:16:09.630,blofin,ACE/USDT:USDT,0.5912,11.0,0.591,1024.0,0.5915,248.0,0.592,1213.0
1753600570128,07:16:10.128,blofin,ACE/USDT:USDT,0.5912,11.0,0.591,1024.0,0.5915,248.0,0.592,1213.0
1753600570630,07:16:10.630,blofin,ACE/USDT:USDT,0.5912,11.0,0.591,3.0,0.5915,215.0,0.5918,496.0
1753600571521,07:16:11.521,blofin,ACE/USDT:USDT,0.5912,3.0,0.591,306.0,0.5914,209.0,0.5915,6.0
1753600571630,07:16:11.630,blofin,ACE/USDT:USDT,0.5912,3.0,0.591,306.0,0.5914,166.0,0.5915,2.0
1753600573872,07:16:13.872,blofin,ACE/USDT:USDT,0.5913,100.0,0.591,6801.0,0.5914,3.0,0.5915,2.0
1753600574453,07:16:14.453,blofin,ACE/USDT:USDT,0.5916,237.0,0.5913,2546.0,0.5922,173.0,0.5924,187.0
1753600575101,07:16:15.101,blofin,ACE/USDT:USDT,0.5916,151.0,0.5914,1174.0,0.5922,173.0,0.5924,334.0
1753600575640,07:16:15.640,blofin,ACE/USDT:USDT,0.5916,82.0,0.5913,1040.0,0.5923,147.0,0.5924,3029.0
1753600576138,07:16:16.138,blofin,ACE/USDT:USDT,0.5916,85.0,0.5913,1040.0,0.5923,147.0,0.5924,3029.0
1753600576639,07:16:16.639,blofin,ACE/USDT:USDT,0.5916,22.0,0.5912,1930.0,0.5924,108.0,0.5929,3161.0
1753600577639,07:16:17.639,blofin,ACE/USDT:USDT,0.5916,24.0,0.5912,103.0,0.5924,107.0,0.5926,5135.0
1753600578639,07:16:18.639,blofin,ACE/USDT:USDT,0.5916,24.0,0.5914,223.0,0.5924,108.0,0.5928,1578.0
1753600579643,07:16:19.643,blofin,ACE/USDT:USDT,0.5916,21.0,0.5914,1338.0,0.5924,108.0,0.5927,3168.0
1753600580142,07:16:20.142,blofin,ACE/USDT:USDT,0.5916,7.0,0.5913,18.0,0.5922,151.0,0.5924,2725.0
1753600580731,07:16:20.731,blofin,ACE/USDT:USDT,0.5916,5.0,0.5914,217.0,0.5922,67.0,0.5924,1639.0
1753600581145,07:16:21.145,blofin,ACE/USDT:USDT,0.5916,5.0,0.5914,217.0,0.5922,71.0,0.5924,1639.0
1753600581647,07:16:21.647,blofin,ACE/USDT:USDT,0.5916,5.0,0.5914,161.0,0.5922,71.0,0.5923,1447.0
1753600582578,07:16:22.578,blofin,ACE/USDT:USDT,0.5916,66.0,0.5914,4.0,0.5922,222.0,0.5924,3160.0
1753600583144,07:16:23.144,blofin,ACE/USDT:USDT,0.5916,7.0,0.5914,385.0,0.5922,222.0,0.5924,4.0
1753600583651,07:16:23.651,blofin,ACE/USDT:USDT,0.5916,5.0,0.5914,165.0,0.5922,92.0,0.5924,479.0
1753600584149,07:16:24.149,blofin,ACE/USDT:USDT,0.5916,5.0,0.5914,162.0,0.5922,92.0,0.5924,479.0
1753600584649,07:16:24.649,blofin,ACE/USDT:USDT,0.5916,5.0,0.5914,162.0,0.5922,92.0,0.5924,150.0
1753600585653,07:16:25.653,blofin,ACE/USDT:USDT,0.5916,5.0,0.5914,162.0,0.5922,89.0,0.5923,1053.0
1753600586152,07:16:26.152,blofin,ACE/USDT:USDT,0.5916,5.0,0.5914,162.0,0.5922,89.0,0.5923,1053.0
1753600586653,07:16:26.653,blofin,ACE/USDT:USDT,0.5916,5.0,0.5914,162.0,0.5922,176.0,0.5924,4.0
1753600587578,07:16:27.578,blofin,ACE/USDT:USDT,0.5916,5.0,0.5914,162.0,0.5922,94.0,0.5924,4.0
1753600588156,07:16:28.156,blofin,ACE/USDT:USDT,0.5916,5.0,0.5915,163.0,0.5922,94.0,0.5924,4.0
1753600588654,07:16:28.654,blofin,ACE/USDT:USDT,0.5916,5.0,0.5915,163.0,0.5922,409.0,0.5924,4.0
1753600589657,07:16:29.657,blofin,ACE/USDT:USDT,0.5916,5.0,0.5915,162.0,0.5922,409.0,0.5924,4.0
1753600590584,07:16:30.584,blofin,ACE/USDT:USDT,0.5916,5.0,0.5915,164.0,0.5922,413.0,0.5924,4.0
1753600591162,07:16:31.162,blofin,ACE/USDT:USDT,0.5916,5.0,0.5915,161.0,0.5922,413.0,0.5924,4.0
1753600591660,07:16:31.660,blofin,ACE/USDT:USDT,0.5916,5.0,0.5915,161.0,0.5921,343.0,0.5922,5.0
1753600592181,07:16:32.181,blofin,ACE/USDT:USDT,0.5916,5.0,0.5915,161.0,0.5921,343.0,0.5922,5.0
1753600592664,07:16:32.664,blofin,ACE/USDT:USDT,0.5916,5.0,0.5915,161.0,0.592,728.0,0.5921,5660.0
1753600593665,07:16:33.665,blofin,ACE/USDT:USDT,0.5916,5.0,0.5915,161.0,0.592,3.0,0.5921,726.0
1753600594203,07:16:34.203,blofin,ACE/USDT:USDT,0.5916,5.0,0.5915,1.0,0.592,924.0,0.5923,2489.0
1753600594666,07:16:34.666,blofin,ACE/USDT:USDT,0.5916,5.0,0.5912,215.0,0.592,133.0,0.5921,209.0
1753600595166,07:16:35.166,blofin,ACE/USDT:USDT,0.5916,5.0,0.5912,211.0,0.592,133.0,0.5921,209.0
1753600596169,07:16:36.169,blofin,ACE/USDT:USDT,0.5916,5.0,0.5912,121.0,0.592,486.0,0.5922,2172.0
1753600596670,07:16:36.670,blofin,ACE/USDT:USDT,0.5916,5.0,0.5912,120.0,0.5918,159.0,0.592,3.0
1753600597173,07:16:37.173,blofin,ACE/USDT:USDT,0.5916,5.0,0.5912,120.0,0.5918,159.0,0.592,3.0
1753600597671,07:16:37.671,blofin,ACE/USDT:USDT,0.5916,5.0,0.5912,120.0,0.5919,255.0,0.592,82.0
1753600598673,07:16:38.673,blofin,ACE/USDT:USDT,0.5916,5.0,0.5912,120.0,0.5919,180.0,0.592,3.0
1753600599176,07:16:39.176,blofin,ACE/USDT:USDT,0.5916,5.0,0.5912,120.0,0.5919,181.0,0.5921,4.0
1753600599675,07:16:39.675,blofin,ACE/USDT:USDT,0.5916,5.0,0.5912,120.0,0.5919,181.0,0.5922,1427.0
1753600600175,07:16:40.175,blofin,ACE/USDT:USDT,0.5916,5.0,0.5912,120.0,0.5919,182.0,0.5922,1427.0
1753600601177,07:16:41.177,blofin,ACE/USDT:USDT,0.5916,5.0,0.5912,120.0,0.5919,181.0,0.5921,125.0
1753600601678,07:16:41.678,blofin,ACE/USDT:USDT,0.5916,5.0,0.5912,120.0,0.5919,22.0,0.5923,1101.0
1753600602180,07:16:42.180,blofin,ACE/USDT:USDT,0.5916,5.0,0.5912,121.0,0.5919,22.0,0.5923,1101.0
1753600602683,07:16:42.683,blofin,ACE/USDT:USDT,0.5916,5.0,0.5912,120.0,0.5919,12.0,0.5921,1351.0
1753600603686,07:16:43.686,blofin,ACE/USDT:USDT,0.5916,5.0,0.5912,122.0,0.5919,12.0,0.592,750.0
1753600604590,07:16:44.590,blofin,ACE/USDT:USDT,0.5916,5.0,0.5912,122.0,0.5919,22.0,0.5923,99.0
1753600605183,07:16:45.183,blofin,ACE/USDT:USDT,0.5916,5.0,0.5912,122.0,0.5919,23.0,0.5923,99.0
1753600605685,07:16:45.685,blofin,ACE/USDT:USDT,0.5912,20.0,0.5909,83.0,0.5919,117.0,0.5924,1246.0
1753600606811,07:16:46.811,blofin,ACE/USDT:USDT,0.5912,6.0,0.591,471.0,0.5917,569.0,0.5918,5.0
1753600607685,07:16:47.685,blofin,ACE/USDT:USDT,0.5912,2.0,0.591,305.0,0.5916,185.0,0.5918,5.0
1753600608185,07:16:48.185,blofin,ACE/USDT:USDT,0.5912,2.0,0.591,305.0,0.5916,185.0,0.5918,5.0
1753600608688,07:16:48.688,blofin,ACE/USDT:USDT,0.5912,2.0,0.591,305.0,0.5916,186.0,0.5919,5.0
1753600609189,07:16:49.189,blofin,ACE/USDT:USDT,0.5912,2.0,0.591,305.0,0.5916,189.0,0.5919,5.0
1753600610594,07:16:50.594,blofin,ACE/USDT:USDT,0.5912,2.0,0.591,305.0,0.5916,190.0,0.5918,3418.0
1753600611189,07:16:51.189,blofin,ACE/USDT:USDT,0.5912,2.0,0.591,305.0,0.5916,168.0,0.5919,5.0
1753600611691,07:16:51.691,blofin,ACE/USDT:USDT,0.5912,2.0,0.591,305.0,0.5916,168.0,0.5919,5.0
1753600612494,07:16:52.494,blofin,ACE/USDT:USDT,0.5912,2.0,0.591,305.0,0.5914,163.0,0.5916,5.0
1753600612746,07:16:52.746,blofin,ACE/USDT:USDT,0.5912,2.0,0.591,2.0,0.5914,105.0,0.5917,3690.0
1753600613693,07:16:53.693,blofin,ACE/USDT:USDT,0.5912,2.0,0.5907,65.0,0.5914,40.0,0.5919,1154.0
1753600614195,07:16:54.195,blofin,ACE/USDT:USDT,0.5912,2.0,0.5907,65.0,0.5914,40.0,0.5919,1154.0
