timestamp,time,exchange,symbol,bid1_price,bid1_volume,bid2_price,bid2_volume,ask1_price,ask1_volume,ask2_price,ask2_volume
1753599984666,07:06:24.666,bybit,1INCH/USDT:USDT,0.2893,1.1,0.2892,9291.1,0.2894,2155.0,0.2895,23037.3
1753599984966,07:06:24.966,bybit,1INCH/USDT:USDT,0.2893,1.1,0.2892,9291.1,0.2894,2155.0,0.2895,23037.3
1753599985266,07:06:25.266,bybit,1INCH/USDT:USDT,0.2893,1.1,0.2892,9291.1,0.2894,3155.0,0.2895,23037.3
1753599985367,07:06:25.367,bybit,1INCH/USDT:USDT,0.2893,1.1,0.2892,9291.1,0.2894,3155.0,0.2895,23037.3
1753599985466,07:06:25.466,bybit,1INCH/USDT:USDT,0.2893,1.1,0.2892,9291.1,0.2894,3155.0,0.2895,23037.3
1753599985566,07:06:25.566,bybit,1INCH/USDT:USDT,0.2893,1.1,0.2892,9291.1,0.2894,3155.0,0.2895,23037.3
1753599985667,07:06:25.667,bybit,1INCH/USDT:USDT,0.2893,1.1,0.2892,9291.1,0.2894,3155.0,0.2895,23037.3
1753599986267,07:06:26.267,bybit,1INCH/USDT:USDT,0.2893,1.1,0.2892,9291.1,0.2894,3130.9,0.2895,23037.3
1753599986667,07:06:26.667,bybit,1INCH/USDT:USDT,0.2893,1.1,0.2892,9291.1,0.2894,3130.9,0.2895,23037.3
1753599989367,07:06:29.367,bybit,1INCH/USDT:USDT,0.2893,1.1,0.2892,9291.1,0.2894,11105.4,0.2895,15096.7
1753599989467,07:06:29.467,bybit,1INCH/USDT:USDT,0.2893,1.1,0.2892,9291.1,0.2894,11105.4,0.2895,15096.7
1753599989767,07:06:29.767,bybit,1INCH/USDT:USDT,0.2893,8.2,0.2892,9291.1,0.2894,11105.4,0.2895,15096.7
1753599990167,07:06:30.167,bybit,1INCH/USDT:USDT,0.2893,8.2,0.2892,9291.1,0.2894,11105.4,0.2895,15096.7
1753599990269,07:06:30.269,bybit,1INCH/USDT:USDT,0.2893,8.2,0.2892,9291.1,0.2894,11105.4,0.2895,15096.7
1753599990466,07:06:30.466,bybit,1INCH/USDT:USDT,0.2893,8.2,0.2892,9291.1,0.2894,11105.4,0.2895,15096.7
1753599991067,07:06:31.067,bybit,1INCH/USDT:USDT,0.2893,8.2,0.2892,7186.7,0.2894,45186.1,0.2895,17518.5
1753599991367,07:06:31.367,bybit,1INCH/USDT:USDT,0.2893,8.2,0.2892,3357.0,0.2894,45186.1,0.2895,17518.5
1753599991967,07:06:31.967,bybit,1INCH/USDT:USDT,0.2893,8.5,0.2892,7185.9,0.2894,45186.1,0.2895,17518.5
1753599992067,07:06:32.067,bybit,1INCH/USDT:USDT,0.2893,8.5,0.2892,7185.9,0.2894,45186.1,0.2895,17518.5
1753599992167,07:06:32.167,bybit,1INCH/USDT:USDT,0.2893,8.5,0.2892,7185.9,0.2894,45186.1,0.2895,17518.5
1753599992269,07:06:32.269,bybit,1INCH/USDT:USDT,0.2893,8.5,0.2892,7185.9,0.2894,45186.1,0.2895,17518.5
1753599993268,07:06:33.268,bybit,1INCH/USDT:USDT,0.2893,8.5,0.2892,7185.9,0.2894,45187.2,0.2895,17420.4
1753599993367,07:06:33.367,bybit,1INCH/USDT:USDT,0.2893,8.5,0.2892,7185.9,0.2894,45187.2,0.2895,17420.4
1753599994367,07:06:34.367,bybit,1INCH/USDT:USDT,0.2893,8.5,0.2892,7185.9,0.2894,45196.0,0.2895,17420.4
1753599994767,07:06:34.767,bybit,1INCH/USDT:USDT,0.2893,8.5,0.2892,7185.9,0.2894,45198.7,0.2895,17420.4
1753599995066,07:06:35.066,bybit,1INCH/USDT:USDT,0.2893,8.5,0.2892,7185.9,0.2894,45198.7,0.2895,17420.4
1753599995567,07:06:35.567,bybit,1INCH/USDT:USDT,0.2893,8.5,0.2892,7185.9,0.2894,45198.7,0.2895,17420.4
1753599995867,07:06:35.867,bybit,1INCH/USDT:USDT,0.2893,8.5,0.2892,7185.9,0.2894,45198.7,0.2895,17420.4
1753599996367,07:06:36.367,bybit,1INCH/USDT:USDT,0.2893,8.5,0.2892,7185.9,0.2894,45198.7,0.2895,17828.3
1753599996667,07:06:36.667,bybit,1INCH/USDT:USDT,0.2893,10.8,0.2892,7185.9,0.2894,45198.7,0.2895,17828.3
1753599997167,07:06:37.167,bybit,1INCH/USDT:USDT,0.2893,10.8,0.2892,7185.9,0.2894,45198.7,0.2895,17828.3
1753599997567,07:06:37.567,bybit,1INCH/USDT:USDT,0.2893,10.8,0.2892,5736.8,0.2894,45198.7,0.2895,17828.3
1753599997767,07:06:37.767,bybit,1INCH/USDT:USDT,0.2893,10.8,0.2892,5736.8,0.2894,45198.7,0.2895,17946.0
1753599998467,07:06:38.467,bybit,1INCH/USDT:USDT,0.2893,10.8,0.2892,5736.8,0.2894,45198.7,0.2895,17946.0
1753599998566,07:06:38.566,bybit,1INCH/USDT:USDT,0.2893,10.8,0.2892,5736.8,0.2894,45198.7,0.2895,17946.0
1753599999367,07:06:39.367,bybit,1INCH/USDT:USDT,0.2893,10.8,0.2892,5736.8,0.2894,45198.7,0.2895,17946.0
1753599999867,07:06:39.867,bybit,1INCH/USDT:USDT,0.2893,10.8,0.2892,5736.8,0.2894,45198.7,0.2895,17946.0
1753600000467,07:06:40.467,bybit,1INCH/USDT:USDT,0.2893,10.8,0.2892,5736.8,0.2894,45002.5,0.2895,17538.1
1753600000567,07:06:40.567,bybit,1INCH/USDT:USDT,0.2893,10.8,0.2892,5736.8,0.2894,45100.6,0.2895,18848.1
1753600000667,07:06:40.667,bybit,1INCH/USDT:USDT,0.2893,10.8,0.2892,5736.8,0.2894,45100.6,0.2895,18848.1
1753600000767,07:06:40.767,bybit,1INCH/USDT:USDT,0.2893,10.8,0.2892,5736.8,0.2894,45091.8,0.2895,18848.1
1753600000867,07:06:40.867,bybit,1INCH/USDT:USDT,0.2893,10.8,0.2892,5736.8,0.2894,45100.4,0.2895,18848.1
1753600001168,07:06:41.168,bybit,1INCH/USDT:USDT,0.2893,10.8,0.2892,5736.8,0.2894,45198.5,0.2895,18848.1
1753600001767,07:06:41.767,bybit,1INCH/USDT:USDT,0.2893,10.8,0.2892,5736.8,0.2894,45198.0,0.2895,18848.1
1753600002367,07:06:42.367,bybit,1INCH/USDT:USDT,0.2893,10.8,0.2892,5736.8,0.2894,45099.9,0.2895,18848.1
1753600002767,07:06:42.767,bybit,1INCH/USDT:USDT,0.2893,10.8,0.2892,5736.8,0.2894,45099.9,0.2895,18848.1
1753600003066,07:06:43.066,bybit,1INCH/USDT:USDT,0.2893,10.8,0.2892,5736.8,0.2894,45099.9,0.2895,18848.1
1753600003566,07:06:43.566,bybit,1INCH/USDT:USDT,0.2893,18.2,0.2892,5736.8,0.2894,45099.9,0.2895,18848.1
1753600004567,07:06:44.567,bybit,1INCH/USDT:USDT,0.2893,18.2,0.2892,5736.8,0.2894,45099.9,0.2895,18848.1
1753600004667,07:06:44.667,bybit,1INCH/USDT:USDT,0.2893,18.2,0.2892,5736.8,0.2894,45099.9,0.2895,18848.1
1753600004768,07:06:44.768,bybit,1INCH/USDT:USDT,0.2893,18.2,0.2892,5736.8,0.2894,45099.9,0.2895,18848.1
1753600004867,07:06:44.867,bybit,1INCH/USDT:USDT,0.2893,20.7,0.2892,5736.8,0.2894,45198.0,0.2895,18848.1
1753600005067,07:06:45.067,bybit,1INCH/USDT:USDT,0.2893,20.7,0.2892,5736.8,0.2894,45099.9,0.2895,19256.0
1753600005367,07:06:45.367,bybit,1INCH/USDT:USDT,0.2893,20.7,0.2892,5736.8,0.2894,45198.0,0.2895,19256.0
1753600005767,07:06:45.767,bybit,1INCH/USDT:USDT,0.2893,20.7,0.2892,5736.8,0.2894,45199.7,0.2895,19256.0
1753600006466,07:06:46.466,bybit,1INCH/USDT:USDT,0.2893,20.7,0.2892,5736.8,0.2894,45199.7,0.2895,18848.1
1753600006567,07:06:46.567,bybit,1INCH/USDT:USDT,0.2893,20.7,0.2892,5736.8,0.2894,45201.7,0.2895,18848.1
1753600006667,07:06:46.667,bybit,1INCH/USDT:USDT,0.2893,20.7,0.2892,5736.8,0.2894,45201.7,0.2895,18848.1
1753600006967,07:06:46.967,bybit,1INCH/USDT:USDT,0.2893,20.7,0.2892,5736.8,0.2894,45201.7,0.2895,18848.1
1753600007167,07:06:47.167,bybit,1INCH/USDT:USDT,0.2893,20.7,0.2892,5736.8,0.2894,45254.8,0.2895,18848.1
1753600007268,07:06:47.268,bybit,1INCH/USDT:USDT,0.2891,2575.0,0.289,12411.1,0.2892,1713.8,0.2893,14787.2
1753600007367,07:06:47.367,bybit,1INCH/USDT:USDT,0.2891,412.9,0.289,10674.6,0.2892,1368.0,0.2893,18187.4
1753600007467,07:06:47.467,bybit,1INCH/USDT:USDT,0.2891,412.9,0.289,10674.6,0.2892,1368.0,0.2893,18187.4
1753600007567,07:06:47.567,bybit,1INCH/USDT:USDT,0.2891,360.9,0.289,10674.6,0.2892,1466.1,0.2893,18187.4
1753600007667,07:06:47.667,bybit,1INCH/USDT:USDT,0.2891,360.9,0.289,10674.6,0.2892,1466.1,0.2893,18187.4
1753600007767,07:06:47.767,bybit,1INCH/USDT:USDT,0.2891,885.7,0.289,10772.7,0.2892,1368.0,0.2893,6321.4
1753600007867,07:06:47.867,bybit,1INCH/USDT:USDT,0.2891,885.7,0.289,10772.7,0.2892,1368.0,0.2893,14750.4
1753600008067,07:06:48.067,bybit,1INCH/USDT:USDT,0.2891,787.6,0.289,10772.7,0.2892,1368.0,0.2893,20092.5
1753600008269,07:06:48.269,bybit,1INCH/USDT:USDT,0.2891,787.6,0.289,12302.6,0.2892,1368.0,0.2893,20856.6
1753600008367,07:06:48.367,bybit,1INCH/USDT:USDT,0.2891,787.6,0.289,12302.6,0.2892,1368.0,0.2893,20856.6
1753600008567,07:06:48.567,bybit,1INCH/USDT:USDT,0.2891,787.6,0.289,12302.6,0.2892,1368.0,0.2893,20856.6
1753600008767,07:06:48.767,bybit,1INCH/USDT:USDT,0.2891,787.6,0.289,12302.6,0.2892,1368.0,0.2893,20856.6
1753600008966,07:06:48.966,bybit,1INCH/USDT:USDT,0.2891,787.6,0.289,12302.6,0.2892,1368.0,0.2893,23448.2
1753600009367,07:06:49.367,bybit,1INCH/USDT:USDT,0.2891,787.6,0.289,12302.6,0.2892,1368.0,0.2893,23448.2
1753600009467,07:06:49.467,bybit,1INCH/USDT:USDT,0.2891,787.6,0.289,12302.6,0.2892,1368.0,0.2893,23448.2
1753600010267,07:06:50.267,bybit,1INCH/USDT:USDT,0.2891,360.9,0.289,9151.6,0.2892,1368.0,0.2893,23448.2
1753600010566,07:06:50.566,bybit,1INCH/USDT:USDT,0.2891,360.9,0.289,9151.6,0.2892,1368.0,0.2893,23448.2
1753600010767,07:06:50.767,bybit,1INCH/USDT:USDT,0.2891,360.9,0.289,12866.5,0.2892,1368.0,0.2893,23448.2
1753600010967,07:06:50.967,bybit,1INCH/USDT:USDT,0.2891,360.9,0.289,12866.5,0.2892,1368.0,0.2893,23448.2
1753600011467,07:06:51.467,bybit,1INCH/USDT:USDT,0.2891,1281.0,0.289,12866.5,0.2892,1368.0,0.2893,23448.2
1753600011767,07:06:51.767,bybit,1INCH/USDT:USDT,0.2891,1281.0,0.289,12866.5,0.2892,1368.0,0.2893,23448.2
1753600012067,07:06:52.067,bybit,1INCH/USDT:USDT,0.2891,1320.2,0.289,12866.5,0.2892,1368.0,0.2893,23448.2
1753600012167,07:06:52.167,bybit,1INCH/USDT:USDT,0.2891,1320.2,0.289,12866.5,0.2892,1368.0,0.2893,23448.2
1753600012267,07:06:52.267,bybit,1INCH/USDT:USDT,0.2891,1320.2,0.289,12866.5,0.2892,1368.0,0.2893,23350.1
1753600012567,07:06:52.567,bybit,1INCH/USDT:USDT,0.2891,2674.4,0.289,12866.5,0.2892,1368.0,0.2893,20758.5
1753600012667,07:06:52.667,bybit,1INCH/USDT:USDT,0.2891,2576.3,0.289,12866.5,0.2892,1368.0,0.2893,20758.5
1753600013367,07:06:53.367,bybit,1INCH/USDT:USDT,0.2891,2576.3,0.289,12866.5,0.2892,1368.0,0.2893,20758.5
1753600013467,07:06:53.467,bybit,1INCH/USDT:USDT,0.2891,2576.3,0.289,12866.5,0.2892,1368.0,0.2893,20758.5
1753600013568,07:06:53.568,bybit,1INCH/USDT:USDT,0.2891,2576.3,0.289,12866.5,0.2892,1368.0,0.2893,23350.1
1753600013769,07:06:53.769,bybit,1INCH/USDT:USDT,0.2891,2576.3,0.289,12866.5,0.2892,1442.2,0.2893,23350.1
1753600014266,07:06:54.266,bybit,1INCH/USDT:USDT,0.2891,2576.3,0.289,12866.5,0.2892,1442.2,0.2893,23350.1
1753600014366,07:06:54.366,bybit,1INCH/USDT:USDT,0.2891,2576.3,0.289,12866.5,0.2892,1442.2,0.2893,23350.1
1753600014467,07:06:54.467,bybit,1INCH/USDT:USDT,0.2891,2674.4,0.289,12768.4,0.2892,1442.2,0.2893,20758.5
1753600014667,07:06:54.667,bybit,1INCH/USDT:USDT,0.2891,2674.4,0.289,12768.4,0.2892,1442.2,0.2893,20758.5
1753600015166,07:06:55.166,bybit,1INCH/USDT:USDT,0.2891,2674.4,0.289,12768.4,0.2892,1442.2,0.2893,20758.5
1753600015266,07:06:55.266,bybit,1INCH/USDT:USDT,0.2891,2674.4,0.289,12768.4,0.2892,1442.2,0.2893,20758.5
1753600015367,07:06:55.367,bybit,1INCH/USDT:USDT,0.2891,1222.1,0.289,12768.4,0.2892,1442.2,0.2893,20758.5
1753600015467,07:06:55.467,bybit,1INCH/USDT:USDT,0.2891,400.1,0.289,11309.4,0.2892,1540.3,0.2893,23350.2
1753600015567,07:06:55.567,bybit,1INCH/USDT:USDT,0.2891,400.1,0.289,11309.4,0.2892,1540.3,0.2893,23350.2
1753600015768,07:06:55.768,bybit,1INCH/USDT:USDT,0.2891,400.1,0.289,11309.4,0.2892,1540.3,0.2893,23350.2
1753600015967,07:06:55.967,bybit,1INCH/USDT:USDT,0.2891,400.1,0.289,11309.4,0.2892,1540.3,0.2893,23350.2
1753600016067,07:06:56.067,bybit,1INCH/USDT:USDT,0.2892,2711.3,0.2891,8694.2,0.2893,1432.7,0.2894,51172.4
1753600016267,07:06:56.267,bybit,1INCH/USDT:USDT,0.2892,922.2,0.2891,10655.5,0.2893,1432.7,0.2894,51172.4
1753600016367,07:06:56.367,bybit,1INCH/USDT:USDT,0.2892,341.0,0.2891,10655.5,0.2893,1432.7,0.2894,51172.4
1753600016467,07:06:56.467,bybit,1INCH/USDT:USDT,0.2892,1123.8,0.2891,10655.5,0.2893,1432.7,0.2894,51172.4
1753600016566,07:06:56.566,bybit,1INCH/USDT:USDT,0.2892,1123.8,0.2891,10655.5,0.2893,1432.7,0.2894,53763.1
1753600016667,07:06:56.667,bybit,1INCH/USDT:USDT,0.2892,1123.8,0.2891,10655.5,0.2893,1432.7,0.2894,53763.1
1753600016867,07:06:56.867,bybit,1INCH/USDT:USDT,0.2892,1123.8,0.2891,10655.5,0.2893,2432.7,0.2894,53763.1
1753600016967,07:06:56.967,bybit,1INCH/USDT:USDT,0.2892,1123.8,0.2891,10655.5,0.2893,2432.7,0.2894,53763.1
1753600017067,07:06:57.067,bybit,1INCH/USDT:USDT,0.2892,1163.0,0.2891,10401.7,0.2893,2432.7,0.2894,53763.1
1753600017167,07:06:57.167,bybit,1INCH/USDT:USDT,0.2892,1163.0,0.2891,10401.7,0.2893,2432.7,0.2894,53763.1
1753600017267,07:06:57.267,bybit,1INCH/USDT:USDT,0.2892,1163.0,0.2891,10401.7,0.2893,2432.7,0.2894,53763.1
1753600017367,07:06:57.367,bybit,1INCH/USDT:USDT,0.289,9707.6,0.2889,17094.3,0.2892,1378.4,0.2893,16491.9
1753600017467,07:06:57.467,bybit,1INCH/USDT:USDT,0.289,4703.3,0.2889,15281.7,0.2891,1354.2,0.2892,16790.0
1753600017567,07:06:57.567,bybit,1INCH/USDT:USDT,0.289,527.4,0.2889,10741.8,0.2891,1354.2,0.2892,17158.6
1753600017667,07:06:57.667,bybit,1INCH/USDT:USDT,0.289,527.4,0.2889,12200.8,0.2891,1354.2,0.2892,17158.6
1753600017967,07:06:57.967,bybit,1INCH/USDT:USDT,0.289,527.4,0.2889,12200.8,0.2891,1354.2,0.2892,18005.5
1753600018167,07:06:58.167,bybit,1INCH/USDT:USDT,0.289,413.6,0.2889,12298.9,0.2891,9341.0,0.2892,10022.3
1753600018267,07:06:58.267,bybit,1INCH/USDT:USDT,0.289,413.6,0.2889,10839.9,0.2891,9341.0,0.2892,10120.4
1753600018467,07:06:58.467,bybit,1INCH/USDT:USDT,0.289,413.6,0.2889,10741.8,0.2891,9344.7,0.2892,10120.4
1753600018567,07:06:58.567,bybit,1INCH/USDT:USDT,0.289,413.6,0.2889,10741.8,0.2891,9344.7,0.2892,10120.4
1753600018667,07:06:58.667,bybit,1INCH/USDT:USDT,0.289,413.6,0.2889,8428.0,0.2891,9344.7,0.2892,10120.4
1753600018767,07:06:58.767,bybit,1INCH/USDT:USDT,0.289,413.6,0.2889,8526.1,0.2891,9344.7,0.2892,10120.4
1753600018867,07:06:58.867,bybit,1INCH/USDT:USDT,0.289,413.6,0.2889,8526.1,0.2891,9344.7,0.2892,10120.4
1753600018967,07:06:58.967,bybit,1INCH/USDT:USDT,0.289,801.1,0.2889,8526.1,0.2891,9344.7,0.2892,10022.3
1753600019267,07:06:59.267,bybit,1INCH/USDT:USDT,0.289,801.1,0.2889,8526.1,0.2891,9344.7,0.2892,10022.3
1753600019367,07:06:59.367,bybit,1INCH/USDT:USDT,0.289,801.1,0.2889,8526.1,0.2891,9353.4,0.2892,10022.3
1753600019466,07:06:59.466,bybit,1INCH/USDT:USDT,0.289,801.1,0.2889,8526.1,0.2891,9353.4,0.2892,10022.3
1753600019567,07:06:59.567,bybit,1INCH/USDT:USDT,0.289,899.2,0.2889,8526.1,0.2891,9353.4,0.2892,10022.3
1753600019667,07:06:59.667,bybit,1INCH/USDT:USDT,0.289,997.3,0.2889,8526.1,0.2891,9353.4,0.2892,10022.3
1753600019767,07:06:59.767,bybit,1INCH/USDT:USDT,0.289,997.3,0.2889,8526.1,0.2891,10801.6,0.2892,10022.3
1753600019867,07:06:59.867,bybit,1INCH/USDT:USDT,0.289,1997.3,0.2889,8526.1,0.2891,10801.6,0.2892,10022.3
1753600019967,07:06:59.967,bybit,1INCH/USDT:USDT,0.289,1997.3,0.2889,8526.1,0.2891,10801.6,0.2892,10022.3
1753600020167,07:07:00.167,bybit,1INCH/USDT:USDT,0.289,1899.2,0.2889,8526.1,0.2891,10801.6,0.2892,10022.3
1753600020467,07:07:00.467,bybit,1INCH/USDT:USDT,0.289,1899.2,0.2889,8526.1,0.2891,10801.6,0.2892,12614.7
1753600020667,07:07:00.667,bybit,1INCH/USDT:USDT,0.289,1899.2,0.2889,8526.1,0.2891,10801.6,0.2892,12614.7
1753600020766,07:07:00.766,bybit,1INCH/USDT:USDT,0.289,1801.1,0.2889,8428.0,0.2891,10801.6,0.2892,12614.7
1753600020867,07:07:00.867,bybit,1INCH/USDT:USDT,0.289,801.1,0.2889,8428.0,0.2891,10801.6,0.2892,12614.7
1753600020967,07:07:00.967,bybit,1INCH/USDT:USDT,0.289,413.6,0.2889,8428.0,0.2891,10801.6,0.2892,12614.7
1753600021067,07:07:01.067,bybit,1INCH/USDT:USDT,0.289,413.6,0.2889,8428.0,0.2891,10801.6,0.2892,12614.7
1753600021467,07:07:01.467,bybit,1INCH/USDT:USDT,0.289,413.6,0.2889,8428.0,0.2891,10812.1,0.2892,12614.7
1753600021967,07:07:01.967,bybit,1INCH/USDT:USDT,0.289,413.6,0.2889,8428.0,0.2891,10812.1,0.2892,12614.7
1753600022267,07:07:02.267,bybit,1INCH/USDT:USDT,0.289,413.6,0.2889,8428.0,0.2891,10812.1,0.2892,12614.7
1753600022966,07:07:02.966,bybit,1INCH/USDT:USDT,0.289,801.1,0.2889,8428.0,0.2891,10863.3,0.2892,12614.7
1753600023066,07:07:03.066,bybit,1INCH/USDT:USDT,0.289,824.0,0.2889,8428.0,0.2891,10863.3,0.2892,12614.7
1753600023768,07:07:03.768,bybit,1INCH/USDT:USDT,0.289,857.1,0.2889,8428.0,0.2891,10863.3,0.2892,12614.7
1753600023867,07:07:03.867,bybit,1INCH/USDT:USDT,0.289,857.1,0.2889,8428.0,0.2891,10863.3,0.2892,12614.7
1753600024167,07:07:04.167,bybit,1INCH/USDT:USDT,0.2888,767.2,0.2887,12426.2,0.2889,1960.9,0.289,11537.5
1753600024269,07:07:04.269,bybit,1INCH/USDT:USDT,0.2888,71.1,0.2887,8176.6,0.2889,1960.9,0.289,11537.5
1753600024366,07:07:04.366,bybit,1INCH/USDT:USDT,0.2888,71.1,0.2887,7433.0,0.2889,1965.7,0.289,11635.6
1753600024467,07:07:04.467,bybit,1INCH/USDT:USDT,0.2888,71.1,0.2887,7433.0,0.2889,1965.7,0.289,11635.6
1753600024567,07:07:04.567,bybit,1INCH/USDT:USDT,0.2888,71.1,0.2887,7433.0,0.2889,1965.7,0.289,11635.6
1753600024667,07:07:04.667,bybit,1INCH/USDT:USDT,0.2888,19.1,0.2887,8152.7,0.2889,2063.8,0.289,11635.6
1753600024767,07:07:04.767,bybit,1INCH/USDT:USDT,0.2888,19.1,0.2887,8152.7,0.2889,1965.7,0.289,11635.6
1753600024867,07:07:04.867,bybit,1INCH/USDT:USDT,0.2887,2665.8,0.2886,8851.2,0.2888,819.8,0.2889,5326.8
1753600024967,07:07:04.967,bybit,1INCH/USDT:USDT,0.2887,2319.1,0.2886,8851.2,0.2888,819.8,0.2889,9158.4
1753600025067,07:07:05.067,bybit,1INCH/USDT:USDT,0.2887,2358.4,0.2886,8851.2,0.2888,819.8,0.2889,9158.4
1753600025267,07:07:05.267,bybit,1INCH/USDT:USDT,0.2887,2358.4,0.2886,8224.3,0.2888,819.8,0.2889,9158.4
1753600025367,07:07:05.367,bybit,1INCH/USDT:USDT,0.2887,2358.4,0.2886,8224.3,0.2888,819.8,0.2889,9158.4
1753600025567,07:07:05.567,bybit,1INCH/USDT:USDT,0.2887,2358.4,0.2886,8224.3,0.2888,819.8,0.2889,9158.4
1753600025666,07:07:05.666,bybit,1INCH/USDT:USDT,0.2887,2358.4,0.2886,8224.3,0.2888,819.8,0.2889,10073.4
1753600025767,07:07:05.767,bybit,1INCH/USDT:USDT,0.2887,3358.4,0.2886,9224.3,0.2888,819.8,0.2889,10073.4
1753600025867,07:07:05.867,bybit,1INCH/USDT:USDT,0.2887,3358.4,0.2886,9224.3,0.2888,819.8,0.2889,10073.4
1753600026270,07:07:06.270,bybit,1INCH/USDT:USDT,0.2887,3260.3,0.2886,8953.2,0.2888,2148.7,0.2889,10948.5
1753600026366,07:07:06.366,bybit,1INCH/USDT:USDT,0.2887,3260.3,0.2886,9051.3,0.2888,2148.7,0.2889,10948.5
1753600026467,07:07:06.467,bybit,1INCH/USDT:USDT,0.2887,3260.3,0.2886,9051.3,0.2888,2148.7,0.2889,10125.4
1753600026567,07:07:06.567,bybit,1INCH/USDT:USDT,0.2887,531.3,0.2886,6506.2,0.2888,2246.8,0.2889,13543.6
1753600026667,07:07:06.667,bybit,1INCH/USDT:USDT,0.2887,531.3,0.2886,8829.7,0.2888,2344.9,0.2889,13543.6
1753600026867,07:07:06.867,bybit,1INCH/USDT:USDT,0.2887,531.3,0.2886,6506.2,0.2888,2246.8,0.2889,13641.7
1753600026967,07:07:06.967,bybit,1INCH/USDT:USDT,0.2887,531.3,0.2886,6506.2,0.2888,2246.8,0.2889,13641.7
1753600027066,07:07:07.066,bybit,1INCH/USDT:USDT,0.2887,492.0,0.2886,8745.9,0.2888,2246.8,0.2889,13641.7
1753600027167,07:07:07.167,bybit,1INCH/USDT:USDT,0.2887,492.0,0.2886,6506.2,0.2888,2590.4,0.2889,13641.7
1753600027267,07:07:07.267,bybit,1INCH/USDT:USDT,0.2887,457.4,0.2886,6506.2,0.2888,2590.4,0.2889,13641.7
1753600027467,07:07:07.467,bybit,1INCH/USDT:USDT,0.2887,457.4,0.2886,8402.0,0.2888,2655.3,0.2889,13641.7
1753600027567,07:07:07.567,bybit,1INCH/USDT:USDT,0.2887,457.4,0.2886,4153.5,0.2888,3347.7,0.2889,13543.6
1753600027667,07:07:07.667,bybit,1INCH/USDT:USDT,0.2887,457.4,0.2886,6453.8,0.2888,3347.7,0.2889,13543.6
1753600027767,07:07:07.767,bybit,1INCH/USDT:USDT,0.2887,457.4,0.2886,8246.0,0.2888,2655.3,0.2889,13543.6
1753600027866,07:07:07.866,bybit,1INCH/USDT:USDT,0.2887,457.4,0.2886,6454.1,0.2888,4040.1,0.2889,13544.3
1753600027968,07:07:07.968,bybit,1INCH/USDT:USDT,0.2887,457.4,0.2886,6454.1,0.2888,4386.3,0.2889,13544.3
1753600028066,07:07:08.066,bybit,1INCH/USDT:USDT,0.2887,457.4,0.2886,6454.1,0.2888,4827.5,0.2889,13544.3
1753600028166,07:07:08.166,bybit,1INCH/USDT:USDT,0.2887,457.4,0.2886,6454.1,0.2888,2655.3,0.2889,13544.3
1753600028270,07:07:08.270,bybit,1INCH/USDT:USDT,0.2886,365.5,0.2885,5627.2,0.2887,1679.0,0.2888,8300.9
1753600028367,07:07:08.367,bybit,1INCH/USDT:USDT,0.2886,21.1,0.2885,4299.9,0.2887,3260.7,0.2888,11080.4
1753600028466,07:07:08.466,bybit,1INCH/USDT:USDT,0.2886,21.1,0.2885,4299.9,0.2887,3358.8,0.2888,11080.4
1753600028567,07:07:08.567,bybit,1INCH/USDT:USDT,0.2886,21.1,0.2885,7353.0,0.2887,3260.7,0.2888,11080.4
1753600028967,07:07:08.967,bybit,1INCH/USDT:USDT,0.2886,21.1,0.2885,7353.0,0.2887,3358.8,0.2888,11080.4
1753600029067,07:07:09.067,bybit,1INCH/USDT:USDT,0.2886,21.1,0.2885,7353.0,0.2887,6758.6,0.2888,13774.6
1753600029167,07:07:09.167,bybit,1INCH/USDT:USDT,0.2886,21.1,0.2885,7353.0,0.2887,13186.9,0.2888,13774.6
1753600029267,07:07:09.267,bybit,1INCH/USDT:USDT,0.2886,21.1,0.2885,7353.0,0.2887,13091.9,0.2888,13774.6
1753600029367,07:07:09.367,bybit,1INCH/USDT:USDT,0.2886,21.1,0.2885,5050.1,0.2887,13190.0,0.2888,13774.6
1753600029466,07:07:09.466,bybit,1INCH/USDT:USDT,0.2886,21.1,0.2885,7352.1,0.2887,13190.0,0.2888,13774.6
1753600029568,07:07:09.568,bybit,1INCH/USDT:USDT,0.2886,3321.7,0.2885,9360.9,0.2887,9740.4,0.2888,9618.9
1753600029667,07:07:09.667,bybit,1INCH/USDT:USDT,0.2886,3809.4,0.2885,9360.9,0.2887,9740.4,0.2888,10947.2
1753600029767,07:07:09.767,bybit,1INCH/USDT:USDT,0.2886,4809.4,0.2885,8548.3,0.2887,9740.4,0.2888,10947.2
1753600029867,07:07:09.867,bybit,1INCH/USDT:USDT,0.2886,4499.8,0.2885,8548.3,0.2887,9740.4,0.2888,10947.2
1753600030269,07:07:10.269,bybit,1INCH/USDT:USDT,0.2886,60.4,0.2885,1855.7,0.2887,10182.1,0.2888,11440.9
1753600030367,07:07:10.367,bybit,1INCH/USDT:USDT,0.2886,60.4,0.2885,5263.9,0.2887,11319.4,0.2888,12535.3
1753600030466,07:07:10.466,bybit,1INCH/USDT:USDT,0.2886,60.4,0.2885,5263.9,0.2887,10280.2,0.2888,12535.3
1753600030568,07:07:10.568,bybit,1INCH/USDT:USDT,0.2886,60.4,0.2885,7661.6,0.2887,11492.6,0.2888,12535.3
1753600030666,07:07:10.666,bybit,1INCH/USDT:USDT,0.2886,60.4,0.2885,7661.6,0.2887,11657.1,0.2888,12633.4
1753600030867,07:07:10.867,bybit,1INCH/USDT:USDT,0.2886,60.4,0.2885,7661.6,0.2887,11559.0,0.2888,12633.4
1753600030967,07:07:10.967,bybit,1INCH/USDT:USDT,0.2886,60.4,0.2885,7661.6,0.2887,11657.1,0.2888,12633.4
1753600031066,07:07:11.066,bybit,1INCH/USDT:USDT,0.2886,60.4,0.2885,7661.6,0.2887,11657.1,0.2888,15229.5
1753600031267,07:07:11.267,bybit,1INCH/USDT:USDT,0.2886,60.4,0.2885,7661.6,0.2887,11559.0,0.2888,15229.5
1753600031367,07:07:11.367,bybit,1INCH/USDT:USDT,0.2886,60.4,0.2885,5264.0,0.2887,11657.1,0.2888,15229.5
1753600031666,07:07:11.666,bybit,1INCH/USDT:USDT,0.2886,60.4,0.2885,5264.0,0.2887,11657.1,0.2888,15229.5
1753600031767,07:07:11.767,bybit,1INCH/USDT:USDT,0.2886,60.4,0.2885,5264.0,0.2887,11665.2,0.2888,15229.5
1753600032067,07:07:12.067,bybit,1INCH/USDT:USDT,0.2886,21.1,0.2885,5264.0,0.2887,11665.2,0.2888,15229.5
1753600032166,07:07:12.166,bybit,1INCH/USDT:USDT,0.2886,1837.0,0.2885,8409.5,0.2887,9751.2,0.2888,12093.6
1753600032266,07:07:12.266,bybit,1INCH/USDT:USDT,0.2886,1935.1,0.2885,9868.5,0.2887,9751.2,0.2888,10634.6
1753600032367,07:07:12.367,bybit,1INCH/USDT:USDT,0.2886,1837.0,0.2885,9920.5,0.2887,9751.2,0.2888,12093.6
1753600032466,07:07:12.466,bybit,1INCH/USDT:USDT,0.2886,3895.4,0.2885,9920.5,0.2887,9751.2,0.2888,12093.6
1753600032666,07:07:12.666,bybit,1INCH/USDT:USDT,0.2886,3895.4,0.2885,9920.5,0.2887,9751.2,0.2888,12093.6
1753600032767,07:07:12.767,bybit,1INCH/USDT:USDT,0.2886,3895.4,0.2885,9920.5,0.2887,9751.2,0.2888,12093.6
1753600032866,07:07:12.866,bybit,1INCH/USDT:USDT,0.2886,3833.6,0.2885,9822.4,0.2887,9751.2,0.2888,12093.6
1753600033068,07:07:13.068,bybit,1INCH/USDT:USDT,0.2886,3872.9,0.2885,9822.4,0.2887,9751.2,0.2888,12093.6
1753600033267,07:07:13.267,bybit,1INCH/USDT:USDT,0.2887,1914.0,0.2886,8779.6,0.2888,1328.9,0.2889,9237.7
1753600033367,07:07:13.367,bybit,1INCH/USDT:USDT,0.2887,1914.0,0.2886,8779.6,0.2888,1328.9,0.2889,9237.7
1753600033467,07:07:13.467,bybit,1INCH/USDT:USDT,0.2887,1914.0,0.2886,9716.1,0.2888,1328.9,0.2889,9237.7
1753600033566,07:07:13.566,bybit,1INCH/USDT:USDT,0.2887,1914.0,0.2886,9716.1,0.2888,1328.9,0.2889,9237.7
1753600033666,07:07:13.666,bybit,1INCH/USDT:USDT,0.2887,1815.9,0.2886,9618.0,0.2888,1328.9,0.2889,9237.7
1753600033767,07:07:13.767,bybit,1INCH/USDT:USDT,0.2887,1717.8,0.2886,5632.9,0.2888,1328.9,0.2889,9335.8
1753600033867,07:07:13.867,bybit,1INCH/USDT:USDT,0.2887,1717.8,0.2886,7873.7,0.2888,1648.8,0.2889,10060.8
1753600033967,07:07:13.967,bybit,1INCH/USDT:USDT,0.2887,1717.8,0.2886,7873.7,0.2888,1648.8,0.2889,10060.8
1753600034067,07:07:14.067,bybit,1INCH/USDT:USDT,0.2887,1757.1,0.2886,7834.4,0.2888,1648.8,0.2889,10060.8
1753600034167,07:07:14.167,bybit,1INCH/USDT:USDT,0.2887,1855.2,0.2886,7932.5,0.2888,1452.6,0.2889,9237.7
1753600034267,07:07:14.267,bybit,1INCH/USDT:USDT,0.2887,1953.3,0.2886,7932.5,0.2888,1452.6,0.2889,9237.7
1753600034367,07:07:14.367,bybit,1INCH/USDT:USDT,0.2887,1953.3,0.2886,7932.5,0.2888,1452.6,0.2889,9237.7
1753600034466,07:07:14.466,bybit,1INCH/USDT:USDT,0.2887,1953.3,0.2886,7932.5,0.2888,1452.6,0.2889,9962.7
1753600034667,07:07:14.667,bybit,1INCH/USDT:USDT,0.2887,1757.1,0.2886,7932.5,0.2888,1452.6,0.2889,9962.7
1753600035067,07:07:15.067,bybit,1INCH/USDT:USDT,0.2887,1757.1,0.2886,7984.5,0.2888,1452.6,0.2889,9962.7
1753600035166,07:07:15.166,bybit,1INCH/USDT:USDT,0.2887,1757.1,0.2886,7984.5,0.2888,1452.6,0.2889,9962.7
1753600035467,07:07:15.467,bybit,1INCH/USDT:USDT,0.2887,1757.1,0.2886,7984.5,0.2888,1550.7,0.2889,9962.7
1753600035566,07:07:15.566,bybit,1INCH/USDT:USDT,0.2887,1757.1,0.2886,7984.5,0.2888,1452.6,0.2889,10060.8
1753600036167,07:07:16.167,bybit,1INCH/USDT:USDT,0.2887,1757.1,0.2886,7984.5,0.2888,1452.6,0.2889,10060.8
1753600036267,07:07:16.267,bybit,1INCH/USDT:USDT,0.2887,1757.1,0.2886,7984.5,0.2888,1452.6,0.2889,10060.8
1753600036367,07:07:16.367,bybit,1INCH/USDT:USDT,0.2887,1757.1,0.2886,7984.5,0.2888,1648.8,0.2889,9335.8
1753600036467,07:07:16.467,bybit,1INCH/USDT:USDT,0.2887,1757.1,0.2886,7984.5,0.2888,1550.7,0.2889,9335.8
1753600036566,07:07:16.566,bybit,1INCH/USDT:USDT,0.2887,1757.1,0.2886,7984.5,0.2888,1550.7,0.2889,10060.8
1753600036667,07:07:16.667,bybit,1INCH/USDT:USDT,0.2887,1757.1,0.2886,7984.5,0.2888,1452.6,0.2889,10060.8
1753600036867,07:07:16.867,bybit,1INCH/USDT:USDT,0.2887,39.3,0.2886,5547.5,0.2888,1648.8,0.2889,12558.2
1753600036967,07:07:16.967,bybit,1INCH/USDT:USDT,0.2887,39.3,0.2886,5547.5,0.2888,1648.8,0.2889,12558.2
1753600037667,07:07:17.667,bybit,1INCH/USDT:USDT,0.2887,39.3,0.2886,5547.5,0.2888,2648.8,0.2889,13558.2
1753600038167,07:07:18.167,bybit,1INCH/USDT:USDT,0.2887,39.3,0.2886,5547.5,0.2888,2648.8,0.2889,13558.2
1753600038269,07:07:18.269,bybit,1INCH/USDT:USDT,0.2887,39.3,0.2886,5547.5,0.2888,2654.8,0.2889,13558.2
1753600038767,07:07:18.767,bybit,1INCH/USDT:USDT,0.2887,95.3,0.2886,5547.5,0.2888,2654.8,0.2889,13558.2
1753600038967,07:07:18.967,bybit,1INCH/USDT:USDT,0.2887,95.3,0.2886,5547.5,0.2888,2556.7,0.2889,12558.2
1753600039067,07:07:19.067,bybit,1INCH/USDT:USDT,0.2887,95.3,0.2886,5547.5,0.2888,2556.7,0.2889,12558.2
1753600039366,07:07:19.366,bybit,1INCH/USDT:USDT,0.2887,1469.5,0.2886,5547.5,0.2888,2458.6,0.2889,12558.2
1753600039567,07:07:19.567,bybit,1INCH/USDT:USDT,0.2887,1469.5,0.2886,5547.5,0.2888,2458.6,0.2889,12558.2
1753600039667,07:07:19.667,bybit,1INCH/USDT:USDT,0.2887,1469.5,0.2886,5547.5,0.2888,2458.6,0.2889,12558.2
1753600039867,07:07:19.867,bybit,1INCH/USDT:USDT,0.2887,1469.5,0.2886,5547.5,0.2888,2458.6,0.2889,12558.2
1753600039967,07:07:19.967,bybit,1INCH/USDT:USDT,0.2887,1469.5,0.2886,5547.5,0.2888,2458.6,0.2889,12558.2
1753600040269,07:07:20.269,bybit,1INCH/USDT:USDT,0.2887,1469.5,0.2886,5547.5,0.2888,2464.0,0.2889,12553.4
1753600040866,07:07:20.866,bybit,1INCH/USDT:USDT,0.2887,1469.5,0.2886,5547.5,0.2888,2464.0,0.2889,12553.4
1753600040967,07:07:20.967,bybit,1INCH/USDT:USDT,0.2887,1469.5,0.2886,5547.5,0.2888,2464.0,0.2889,12553.4
1753600041267,07:07:21.267,bybit,1INCH/USDT:USDT,0.2887,1567.6,0.2886,5547.5,0.2888,2464.0,0.2889,12553.4
1753600041467,07:07:21.467,bybit,1INCH/USDT:USDT,0.2887,95.3,0.2886,5547.5,0.2888,2465.1,0.2889,12553.4
1753600041567,07:07:21.567,bybit,1INCH/USDT:USDT,0.2887,95.3,0.2886,5547.5,0.2888,2465.1,0.2889,12553.4
1753600041667,07:07:21.667,bybit,1INCH/USDT:USDT,0.2887,95.3,0.2886,5547.5,0.2888,2465.1,0.2889,13553.4
1753600041767,07:07:21.767,bybit,1INCH/USDT:USDT,0.2887,95.3,0.2886,5547.5,0.2888,2465.1,0.2889,13553.4
1753600041866,07:07:21.866,bybit,1INCH/USDT:USDT,0.2887,95.3,0.2886,5547.5,0.2888,2465.1,0.2889,13553.4
1753600041967,07:07:21.967,bybit,1INCH/USDT:USDT,0.2887,95.3,0.2886,5547.5,0.2888,2465.1,0.2889,13553.4
1753600042067,07:07:22.067,bybit,1INCH/USDT:USDT,0.2887,95.3,0.2886,5547.5,0.2888,2465.1,0.2889,13553.4
1753600042267,07:07:22.267,bybit,1INCH/USDT:USDT,0.2887,95.3,0.2886,5547.5,0.2888,2466.5,0.2889,13553.4
1753600042466,07:07:22.466,bybit,1INCH/USDT:USDT,0.2887,95.3,0.2886,5547.5,0.2888,2473.0,0.2889,13553.4
1753600042668,07:07:22.668,bybit,1INCH/USDT:USDT,0.2887,95.3,0.2886,5547.5,0.2888,2669.2,0.2889,13553.4
1753600042767,07:07:22.767,bybit,1INCH/USDT:USDT,0.2887,96.6,0.2886,5547.5,0.2888,2669.2,0.2889,13553.4
1753600043266,07:07:23.266,bybit,1INCH/USDT:USDT,0.2886,1790.9,0.2885,11614.5,0.2887,3235.1,0.2888,13603.2
1753600043366,07:07:23.366,bybit,1INCH/USDT:USDT,0.2886,1790.9,0.2885,11614.5,0.2887,1679.0,0.2888,15141.0
1753600043567,07:07:23.567,bybit,1INCH/USDT:USDT,0.2886,1738.9,0.2885,11614.5,0.2887,1875.2,0.2888,15141.0
1753600043667,07:07:23.667,bybit,1INCH/USDT:USDT,0.2886,364.7,0.2885,11614.5,0.2887,3231.7,0.2888,15141.0
1753600043767,07:07:23.767,bybit,1INCH/USDT:USDT,0.2886,21.1,0.2885,6169.5,0.2887,3575.3,0.2888,16087.7
1753600043867,07:07:23.867,bybit,1INCH/USDT:USDT,0.2886,21.1,0.2885,6169.5,0.2887,3575.3,0.2888,16087.7
1753600043967,07:07:23.967,bybit,1INCH/USDT:USDT,0.2886,21.1,0.2885,6169.5,0.2887,3575.3,0.2888,16087.7
1753600044067,07:07:24.067,bybit,1INCH/USDT:USDT,0.2886,21.1,0.2885,6169.5,0.2887,3575.3,0.2888,16087.7
1753600044167,07:07:24.167,bybit,1INCH/USDT:USDT,0.2886,21.1,0.2885,6169.5,0.2887,3575.3,0.2888,16087.7
1753600044269,07:07:24.269,bybit,1INCH/USDT:USDT,0.2886,21.1,0.2885,6169.5,0.2887,3575.3,0.2888,16087.7
1753600044367,07:07:24.367,bybit,1INCH/USDT:USDT,0.2886,21.1,0.2885,6169.5,0.2887,3699.0,0.2888,15964.0
1753600044466,07:07:24.466,bybit,1INCH/USDT:USDT,0.2886,21.1,0.2885,6169.5,0.2887,3699.0,0.2888,15964.0
1753600044567,07:07:24.567,bybit,1INCH/USDT:USDT,0.2886,87.3,0.2885,6169.5,0.2887,4699.0,0.2888,15961.5
1753600044967,07:07:24.967,bybit,1INCH/USDT:USDT,0.2886,87.3,0.2885,6169.5,0.2887,4699.0,0.2888,15961.5
1753600045566,07:07:25.566,bybit,1INCH/USDT:USDT,0.2886,87.3,0.2885,6169.5,0.2887,4699.0,0.2888,15961.5
1753600045768,07:07:25.768,bybit,1INCH/USDT:USDT,0.2886,92.0,0.2885,6169.5,0.2887,4699.0,0.2888,15961.5
1753600045866,07:07:25.866,bybit,1INCH/USDT:USDT,0.2886,92.0,0.2885,6169.5,0.2887,4699.0,0.2888,15961.5
1753600046066,07:07:26.066,bybit,1INCH/USDT:USDT,0.2886,92.0,0.2885,6169.5,0.2887,4699.0,0.2888,15961.5
1753600046267,07:07:26.267,bybit,1INCH/USDT:USDT,0.2886,92.0,0.2885,7357.0,0.2887,4502.8,0.2888,16059.6
1753600046367,07:07:26.367,bybit,1INCH/USDT:USDT,0.2886,92.0,0.2885,7357.0,0.2887,4502.8,0.2888,16059.6
1753600046467,07:07:26.467,bybit,1INCH/USDT:USDT,0.2885,2408.2,0.2884,12034.1,0.2886,1679.0,0.2887,12856.3
1753600046566,07:07:26.566,bybit,1INCH/USDT:USDT,0.2885,2506.3,0.2884,12034.1,0.2886,1679.0,0.2887,13483.2
1753600046669,07:07:26.669,bybit,1INCH/USDT:USDT,0.2885,2506.3,0.2884,12034.1,0.2886,1679.0,0.2887,12810.2
1753600046767,07:07:26.767,bybit,1INCH/USDT:USDT,0.2885,2604.4,0.2884,12034.1,0.2886,1679.0,0.2887,12810.2
1753600046867,07:07:26.867,bybit,1INCH/USDT:USDT,0.2884,1913.7,0.2883,14462.6,0.2885,632.0,0.2886,8199.1
1753600046967,07:07:26.967,bybit,1INCH/USDT:USDT,0.2884,1798.2,0.2883,12650.0,0.2885,632.0,0.2886,10100.1
1753600047067,07:07:27.067,bybit,1INCH/USDT:USDT,0.2884,1935.6,0.2883,12303.3,0.2885,632.0,0.2886,8199.1
1753600047170,07:07:27.170,bybit,1INCH/USDT:USDT,0.2884,1935.6,0.2883,12303.3,0.2885,632.0,0.2886,10100.1
1753600047367,07:07:27.367,bybit,1INCH/USDT:USDT,0.2884,1835.0,0.2883,12401.4,0.2885,1414.8,0.2886,10100.1
1753600047466,07:07:27.466,bybit,1INCH/USDT:USDT,0.2884,1835.0,0.2883,8706.4,0.2885,1538.5,0.2886,10100.1
1753600047567,07:07:27.567,bybit,1INCH/USDT:USDT,0.2884,2933.1,0.2883,10813.7,0.2885,1538.5,0.2886,10100.1
1753600047767,07:07:27.767,bybit,1INCH/USDT:USDT,0.2884,2835.0,0.2883,10813.7,0.2885,1538.5,0.2886,10100.1
1753600047867,07:07:27.867,bybit,1INCH/USDT:USDT,0.2884,2835.0,0.2883,9706.4,0.2885,1538.5,0.2886,10100.1
1753600047967,07:07:27.967,bybit,1INCH/USDT:USDT,0.2884,2736.9,0.2883,9706.4,0.2885,1538.5,0.2886,10100.1
1753600048067,07:07:28.067,bybit,1INCH/USDT:USDT,0.2884,2097.0,0.2883,9706.4,0.2885,1538.5,0.2886,10100.1
1753600048167,07:07:28.167,bybit,1INCH/USDT:USDT,0.2884,2097.0,0.2883,9706.4,0.2885,1538.5,0.2886,10100.1
1753600048270,07:07:28.270,bybit,1INCH/USDT:USDT,0.2884,1900.8,0.2883,9706.4,0.2885,1538.5,0.2886,10100.1
1753600048366,07:07:28.366,bybit,1INCH/USDT:USDT,0.2884,1998.9,0.2883,9706.4,0.2885,1538.5,0.2886,10100.1
1753600048467,07:07:28.467,bybit,1INCH/USDT:USDT,0.2884,1865.8,0.2883,9706.4,0.2885,1538.5,0.2886,10100.1
1753600048567,07:07:28.567,bybit,1INCH/USDT:USDT,0.2883,1875.3,0.2882,13039.0,0.2884,1414.8,0.2885,8098.5
1753600048667,07:07:28.667,bybit,1INCH/USDT:USDT,0.2883,3731.6,0.2882,11715.9,0.2884,1414.8,0.2885,7174.8
1753600048767,07:07:28.767,bybit,1INCH/USDT:USDT,0.2883,658.7,0.2882,10990.9,0.2884,1414.8,0.2885,7174.8
1753600048967,07:07:28.967,bybit,1INCH/USDT:USDT,0.2882,7115.3,0.2881,12515.0,0.2883,632.0,0.2884,7088.5
1753600049066,07:07:29.066,bybit,1INCH/USDT:USDT,0.2882,7105.7,0.2881,14327.6,0.2883,632.0,0.2884,7088.5
1753600049267,07:07:29.267,bybit,1INCH/USDT:USDT,0.2882,8042.7,0.2881,14327.6,0.2883,316.0,0.2884,1700.3
1753600049366,07:07:29.366,bybit,1INCH/USDT:USDT,0.2882,7572.8,0.2881,12515.0,0.2883,316.0,0.2884,4778.8
1753600049467,07:07:29.467,bybit,1INCH/USDT:USDT,0.2882,6683.8,0.2881,12613.1,0.2883,1098.8,0.2884,7090.9
1753600049567,07:07:29.567,bybit,1INCH/USDT:USDT,0.2882,4949.2,0.2881,12613.1,0.2883,439.7,0.2884,7090.9
1753600049667,07:07:29.667,bybit,1INCH/USDT:USDT,0.2882,5244.0,0.2881,12613.1,0.2883,439.7,0.2884,7090.9
1753600049767,07:07:29.767,bybit,1INCH/USDT:USDT,0.2882,3829.7,0.2881,13814.6,0.2883,439.7,0.2884,7090.9
1753600049867,07:07:29.867,bybit,1INCH/USDT:USDT,0.2882,3633.0,0.2881,13814.6,0.2883,439.7,0.2884,7090.9
1753600049967,07:07:29.967,bybit,1INCH/USDT:USDT,0.2882,3806.3,0.2881,13814.6,0.2883,439.7,0.2884,7090.9
1753600050066,07:07:30.066,bybit,1INCH/USDT:USDT,0.2882,3806.3,0.2881,13715.8,0.2883,439.7,0.2884,7090.9
1753600050270,07:07:30.270,bybit,1INCH/USDT:USDT,0.2882,4003.0,0.2881,13715.8,0.2884,5734.4,0.2885,11340.1
1753600050368,07:07:30.368,bybit,1INCH/USDT:USDT,0.2883,4273.1,0.2882,9095.9,0.2884,632.0,0.2885,4616.1
1753600050467,07:07:30.467,bybit,1INCH/USDT:USDT,0.2883,4231.1,0.2882,9095.9,0.2884,632.0,0.2885,4616.1
1753600050567,07:07:30.567,bybit,1INCH/USDT:USDT,0.2883,3863.3,0.2882,9095.9,0.2884,1414.8,0.2885,4616.1
1753600050667,07:07:30.667,bybit,1INCH/USDT:USDT,0.2883,1539.0,0.2882,8004.2,0.2884,1414.8,0.2885,7201.7
1753600050767,07:07:30.767,bybit,1INCH/USDT:USDT,0.2883,2322.6,0.2882,8004.2,0.2884,1414.8,0.2885,7201.7
1753600050867,07:07:30.867,bybit,1INCH/USDT:USDT,0.2883,2420.7,0.2882,8004.2,0.2884,1414.8,0.2885,7201.7
1753600050967,07:07:30.967,bybit,1INCH/USDT:USDT,0.2883,2273.7,0.2882,7906.1,0.2884,1414.8,0.2885,7201.7
1753600051066,07:07:31.066,bybit,1INCH/USDT:USDT,0.2883,2599.5,0.2882,7906.1,0.2884,1414.8,0.2885,7201.7
1753600051166,07:07:31.166,bybit,1INCH/USDT:USDT,0.2883,2568.6,0.2882,7866.7,0.2884,1414.8,0.2885,7201.7
1753600051266,07:07:31.266,bybit,1INCH/USDT:USDT,0.2883,2568.6,0.2882,7866.7,0.2884,1414.8,0.2885,7201.7
1753600051367,07:07:31.367,bybit,1INCH/USDT:USDT,0.2883,2568.6,0.2882,7866.7,0.2884,1414.8,0.2885,7201.7
1753600051467,07:07:31.467,bybit,1INCH/USDT:USDT,0.2883,2529.4,0.2882,7866.7,0.2884,1414.8,0.2885,7201.7
1753600051568,07:07:31.568,bybit,1INCH/USDT:USDT,0.2883,2529.4,0.2882,7866.7,0.2884,1414.8,0.2885,7201.7
1753600051967,07:07:31.967,bybit,1INCH/USDT:USDT,0.2883,2529.4,0.2882,7866.7,0.2884,1414.8,0.2885,7201.7
1753600052067,07:07:32.067,bybit,1INCH/USDT:USDT,0.2883,2529.4,0.2882,7866.7,0.2884,1414.8,0.2885,7201.7
1753600052166,07:07:32.166,bybit,1INCH/USDT:USDT,0.2883,2529.4,0.2882,7866.7,0.2884,632.0,0.2885,7201.7
1753600052267,07:07:32.267,bybit,1INCH/USDT:USDT,0.2883,2529.4,0.2882,7866.7,0.2884,632.0,0.2885,4616.1
1753600052367,07:07:32.367,bybit,1INCH/USDT:USDT,0.2883,2529.4,0.2882,7866.7,0.2884,632.0,0.2885,4616.1
1753600052567,07:07:32.567,bybit,1INCH/USDT:USDT,0.2883,2529.4,0.2882,7866.7,0.2884,632.0,0.2885,4616.1
1753600052667,07:07:32.667,bybit,1INCH/USDT:USDT,0.2883,2737.9,0.2882,7866.7,0.2884,632.0,0.2885,4616.1
1753600052767,07:07:32.767,bybit,1INCH/USDT:USDT,0.2883,2946.4,0.2882,7866.7,0.2884,632.0,0.2885,4616.1
1753600052867,07:07:32.867,bybit,1INCH/USDT:USDT,0.2883,2737.9,0.2882,7866.7,0.2884,632.0,0.2885,7201.7
1753600052966,07:07:32.966,bybit,1INCH/USDT:USDT,0.2883,2529.4,0.2882,7866.7,0.2884,632.0,0.2885,7201.7
1753600053067,07:07:33.067,bybit,1INCH/USDT:USDT,0.2883,2529.4,0.2882,7866.7,0.2884,632.0,0.2885,7201.7
1753600053267,07:07:33.267,bybit,1INCH/USDT:USDT,0.2883,2737.9,0.2882,7866.7,0.2884,632.0,0.2885,7201.7
1753600053367,07:07:33.367,bybit,1INCH/USDT:USDT,0.2883,2529.4,0.2882,7866.7,0.2884,632.0,0.2885,7201.7
1753600053467,07:07:33.467,bybit,1INCH/USDT:USDT,0.2883,2529.4,0.2882,7866.7,0.2884,632.0,0.2885,7201.7
1753600053567,07:07:33.567,bybit,1INCH/USDT:USDT,0.2883,3128.4,0.2882,7866.7,0.2884,632.0,0.2885,7201.7
1753600053767,07:07:33.767,bybit,1INCH/USDT:USDT,0.2883,3336.9,0.2882,7866.7,0.2884,632.0,0.2885,7201.7
1753600053966,07:07:33.966,bybit,1INCH/USDT:USDT,0.2883,3128.4,0.2882,7866.7,0.2884,632.0,0.2885,7201.7
1753600054067,07:07:34.067,bybit,1INCH/USDT:USDT,0.2883,3128.4,0.2882,7866.7,0.2884,632.0,0.2885,7201.7
1753600054167,07:07:34.167,bybit,1INCH/USDT:USDT,0.2883,3128.4,0.2882,7866.7,0.2884,632.0,0.2885,4616.1
1753600054269,07:07:34.269,bybit,1INCH/USDT:USDT,0.2883,3336.9,0.2882,7866.7,0.2884,632.0,0.2885,4616.1
1753600054367,07:07:34.367,bybit,1INCH/USDT:USDT,0.2883,3128.4,0.2882,7866.7,0.2884,632.0,0.2885,4616.1
1753600054567,07:07:34.567,bybit,1INCH/USDT:USDT,0.2883,3128.4,0.2882,7866.7,0.2884,633.5,0.2885,4616.1
1753600054667,07:07:34.667,bybit,1INCH/USDT:USDT,0.2883,3336.9,0.2882,7866.7,0.2884,633.5,0.2885,4616.1
1753600054967,07:07:34.967,bybit,1INCH/USDT:USDT,0.2883,3336.9,0.2882,7866.7,0.2884,633.5,0.2885,4616.1
1753600055067,07:07:35.067,bybit,1INCH/USDT:USDT,0.2883,3336.9,0.2882,7866.7,0.2884,633.5,0.2885,4616.1
1753600055267,07:07:35.267,bybit,1INCH/USDT:USDT,0.2883,3545.4,0.2882,7866.7,0.2884,633.5,0.2885,4616.1
1753600055367,07:07:35.367,bybit,1INCH/USDT:USDT,0.2883,3128.4,0.2882,7866.7,0.2884,633.5,0.2885,4616.1
1753600055467,07:07:35.467,bybit,1INCH/USDT:USDT,0.2883,3128.4,0.2882,7866.7,0.2884,633.5,0.2885,4616.1
1753600055567,07:07:35.567,bybit,1INCH/USDT:USDT,0.2883,3336.9,0.2882,7866.7,0.2884,633.5,0.2885,4616.1
1753600055666,07:07:35.666,bybit,1INCH/USDT:USDT,0.2883,3336.9,0.2882,7866.7,0.2884,633.5,0.2885,4616.1
1753600055867,07:07:35.867,bybit,1INCH/USDT:USDT,0.2884,2826.0,0.2883,9486.9,0.2885,1284.4,0.2886,12005.5
1753600056067,07:07:36.067,bybit,1INCH/USDT:USDT,0.2884,2865.3,0.2883,9447.6,0.2885,1284.4,0.2886,12005.5
1753600056167,07:07:36.167,bybit,1INCH/USDT:USDT,0.2884,2865.3,0.2883,9447.6,0.2885,1284.4,0.2886,12005.5
1753600056266,07:07:36.266,bybit,1INCH/USDT:USDT,0.2884,2865.3,0.2883,9447.6,0.2885,1284.4,0.2886,12005.5
1753600056667,07:07:36.667,bybit,1INCH/USDT:USDT,0.2884,2865.3,0.2883,9447.6,0.2885,1284.4,0.2886,12005.5
1753600056767,07:07:36.767,bybit,1INCH/USDT:USDT,0.2884,2865.3,0.2883,9447.6,0.2885,1284.4,0.2886,12005.5
1753600056867,07:07:36.867,bybit,1INCH/USDT:USDT,0.2884,2865.3,0.2883,9447.6,0.2885,1284.4,0.2886,12005.5
1753600057067,07:07:37.067,bybit,1INCH/USDT:USDT,0.2884,2865.3,0.2883,9447.6,0.2885,1284.4,0.2886,12005.5
1753600057167,07:07:37.167,bybit,1INCH/USDT:USDT,0.2884,2865.3,0.2883,9447.6,0.2885,501.6,0.2886,10546.5
1753600057267,07:07:37.267,bybit,1INCH/USDT:USDT,0.2884,2865.3,0.2883,9447.6,0.2885,501.6,0.2886,10546.5
1753600057468,07:07:37.468,bybit,1INCH/USDT:USDT,0.2885,2826.0,0.2884,5285.1,0.2886,1375.6,0.2887,11436.1
1753600057866,07:07:37.866,bybit,1INCH/USDT:USDT,0.2885,2826.0,0.2884,7229.9,0.2886,1375.6,0.2887,11436.1
1753600057967,07:07:37.967,bybit,1INCH/USDT:USDT,0.2885,2826.0,0.2884,7229.9,0.2886,1375.6,0.2887,11436.1
1753600058066,07:07:38.066,bybit,1INCH/USDT:USDT,0.2885,2826.0,0.2884,7229.9,0.2886,1375.6,0.2887,11436.1
1753600058167,07:07:38.167,bybit,1INCH/USDT:USDT,0.2885,2865.3,0.2884,7190.6,0.2886,1375.6,0.2887,11436.1
1753600058266,07:07:38.266,bybit,1INCH/USDT:USDT,0.2885,2865.3,0.2884,7190.6,0.2886,1375.6,0.2887,11436.1
1753600058367,07:07:38.367,bybit,1INCH/USDT:USDT,0.2885,2865.3,0.2884,7190.6,0.2886,1375.6,0.2887,11436.1
1753600058467,07:07:38.467,bybit,1INCH/USDT:USDT,0.2885,2865.3,0.2884,7190.6,0.2886,1375.5,0.2887,11634.7
1753600058666,07:07:38.666,bybit,1INCH/USDT:USDT,0.2885,2865.3,0.2884,7190.6,0.2886,1375.5,0.2887,11634.7
1753600058767,07:07:38.767,bybit,1INCH/USDT:USDT,0.2885,2865.3,0.2884,7190.6,0.2886,1375.5,0.2887,11634.7
1753600059067,07:07:39.067,bybit,1INCH/USDT:USDT,0.2885,2865.3,0.2884,7190.6,0.2886,1375.5,0.2887,11634.7
1753600059167,07:07:39.167,bybit,1INCH/USDT:USDT,0.2885,2865.3,0.2884,7190.6,0.2886,1375.5,0.2887,11634.7
1753600059867,07:07:39.867,bybit,1INCH/USDT:USDT,0.2885,2865.3,0.2884,7190.6,0.2886,1306.2,0.2887,11634.7
1753600059967,07:07:39.967,bybit,1INCH/USDT:USDT,0.2885,2865.3,0.2884,7190.6,0.2886,1306.2,0.2887,11634.7
1753600060066,07:07:40.066,bybit,1INCH/USDT:USDT,0.2885,2865.3,0.2884,7190.6,0.2886,1306.2,0.2887,11634.7
1753600060167,07:07:40.167,bybit,1INCH/USDT:USDT,0.2885,2865.3,0.2884,7190.6,0.2886,1306.2,0.2887,11634.7
1753600060267,07:07:40.267,bybit,1INCH/USDT:USDT,0.2885,2865.3,0.2884,7190.6,0.2886,1306.2,0.2887,11634.7
1753600060366,07:07:40.366,bybit,1INCH/USDT:USDT,0.2885,2865.3,0.2884,7190.6,0.2886,19.1,0.2887,11634.7
1753600060467,07:07:40.467,bybit,1INCH/USDT:USDT,0.2885,2865.3,0.2884,7190.6,0.2886,19.1,0.2887,11634.7
1753600060567,07:07:40.567,bybit,1INCH/USDT:USDT,0.2885,2865.3,0.2884,7190.6,0.2886,19.1,0.2887,11634.7
1753600060768,07:07:40.768,bybit,1INCH/USDT:USDT,0.2885,3896.3,0.2884,7190.6,0.2887,6194.8,0.2888,14448.8
1753600061066,07:07:41.066,bybit,1INCH/USDT:USDT,0.2885,3896.3,0.2884,7190.6,0.2887,6194.8,0.2888,14448.8
1753600061166,07:07:41.166,bybit,1INCH/USDT:USDT,0.2885,3896.3,0.2884,7190.6,0.2887,6194.8,0.2888,14448.8
1753600061467,07:07:41.467,bybit,1INCH/USDT:USDT,0.2885,2728.5,0.2884,7190.6,0.2886,1414.8,0.2887,11583.6
1753600061566,07:07:41.566,bybit,1INCH/USDT:USDT,0.2885,2826.6,0.2884,7190.6,0.2886,1414.8,0.2887,11583.6
1753600062267,07:07:42.267,bybit,1INCH/USDT:USDT,0.2885,2728.5,0.2884,7190.6,0.2886,1414.8,0.2887,11583.6
1753600062367,07:07:42.367,bybit,1INCH/USDT:USDT,0.2885,2728.5,0.2884,7190.6,0.2886,1414.8,0.2887,11583.6
1753600062467,07:07:42.467,bybit,1INCH/USDT:USDT,0.2885,2728.5,0.2884,7190.6,0.2886,1414.8,0.2887,11583.6
1753600062567,07:07:42.567,bybit,1INCH/USDT:USDT,0.2885,2826.6,0.2884,7092.5,0.2886,1414.8,0.2887,9195.2
1753600062667,07:07:42.667,bybit,1INCH/USDT:USDT,0.2885,2826.6,0.2884,7092.5,0.2886,1414.8,0.2887,9195.2
1753600062967,07:07:42.967,bybit,1INCH/USDT:USDT,0.2885,2924.7,0.2884,7092.5,0.2886,1373.3,0.2887,9195.2
1753600063167,07:07:43.167,bybit,1INCH/USDT:USDT,0.2885,1382.1,0.2884,6019.7,0.2886,1719.9,0.2887,12366.3
1753600063267,07:07:43.267,bybit,1INCH/USDT:USDT,0.2885,1382.1,0.2884,6019.7,0.2886,1719.9,0.2887,11641.3
1753600063367,07:07:43.367,bybit,1INCH/USDT:USDT,0.2885,1382.1,0.2884,6366.3,0.2886,1699.2,0.2887,11641.3
1753600063566,07:07:43.566,bybit,1INCH/USDT:USDT,0.2885,1382.1,0.2884,6366.3,0.2886,1699.2,0.2887,11641.3
1753600063666,07:07:43.666,bybit,1INCH/USDT:USDT,0.2885,1382.1,0.2884,6366.3,0.2886,1699.2,0.2887,11641.3
1753600063768,07:07:43.768,bybit,1INCH/USDT:USDT,0.2885,1382.1,0.2884,6366.3,0.2886,1699.2,0.2887,11641.3
1753600063967,07:07:43.967,bybit,1INCH/USDT:USDT,0.2885,1382.1,0.2884,6366.3,0.2886,1699.2,0.2887,11641.3
1753600064067,07:07:44.067,bybit,1INCH/USDT:USDT,0.2885,1382.1,0.2884,6366.3,0.2886,1664.6,0.2887,11641.3
1753600064467,07:07:44.467,bybit,1INCH/USDT:USDT,0.2885,1383.1,0.2884,6366.3,0.2886,1664.6,0.2887,11641.3
1753600064767,07:07:44.767,bybit,1INCH/USDT:USDT,0.2885,1383.1,0.2884,6366.3,0.2886,1664.6,0.2887,11641.3
1753600064867,07:07:44.867,bybit,1INCH/USDT:USDT,0.2885,1383.1,0.2884,6366.3,0.2886,1664.6,0.2887,11641.3
1753600065067,07:07:45.067,bybit,1INCH/USDT:USDT,0.2885,1383.1,0.2884,6366.3,0.2886,1664.6,0.2887,11641.3
1753600065167,07:07:45.167,bybit,1INCH/USDT:USDT,0.2885,1343.8,0.2884,6366.3,0.2886,1664.6,0.2887,11641.3
1753600065367,07:07:45.367,bybit,1INCH/USDT:USDT,0.2885,1343.8,0.2884,6366.3,0.2886,1665.6,0.2887,11641.3
1753600065468,07:07:45.468,bybit,1INCH/USDT:USDT,0.2885,1.0,0.2884,6366.3,0.2886,3210.4,0.2887,14230.9
1753600065566,07:07:45.566,bybit,1INCH/USDT:USDT,0.2885,1.0,0.2884,6366.3,0.2886,3210.4,0.2887,12418.3
1753600065767,07:07:45.767,bybit,1INCH/USDT:USDT,0.2885,1.0,0.2884,6366.3,0.2886,3210.4,0.2887,12418.3
1753600066167,07:07:46.167,bybit,1INCH/USDT:USDT,0.2885,1.0,0.2884,6366.3,0.2886,3210.4,0.2887,12418.3
1753600066367,07:07:46.367,bybit,1INCH/USDT:USDT,0.2885,1.0,0.2884,6366.3,0.2886,4210.4,0.2887,13418.3
1753600066467,07:07:46.467,bybit,1INCH/USDT:USDT,0.2885,1.0,0.2884,6366.3,0.2886,3427.6,0.2887,13418.3
1753600066567,07:07:46.567,bybit,1INCH/USDT:USDT,0.2885,1794.3,0.2884,7091.3,0.2886,536.2,0.2887,5900.2
1753600066667,07:07:46.667,bybit,1INCH/USDT:USDT,0.2886,2883.4,0.2885,10864.2,0.2887,648.9,0.2888,8001.5
1753600066767,07:07:46.767,bybit,1INCH/USDT:USDT,0.2886,2883.4,0.2885,10864.2,0.2887,648.9,0.2888,8001.5
1753600066967,07:07:46.967,bybit,1INCH/USDT:USDT,0.2886,2883.4,0.2885,10864.2,0.2887,648.9,0.2888,8209.2
1753600067066,07:07:47.066,bybit,1INCH/USDT:USDT,0.2886,2922.7,0.2885,10864.2,0.2887,648.9,0.2888,8209.2
1753600067268,07:07:47.268,bybit,1INCH/USDT:USDT,0.2886,2922.7,0.2885,10864.2,0.2887,648.9,0.2888,8978.8
1753600067367,07:07:47.367,bybit,1INCH/USDT:USDT,0.2886,2922.7,0.2885,10864.2,0.2887,648.9,0.2888,12058.4
1753600067467,07:07:47.467,bybit,1INCH/USDT:USDT,0.2886,2922.7,0.2885,10864.2,0.2887,648.9,0.2888,12058.4
1753600067566,07:07:47.566,bybit,1INCH/USDT:USDT,0.2886,2922.7,0.2885,10864.2,0.2887,648.9,0.2888,13600.5
1753600067666,07:07:47.666,bybit,1INCH/USDT:USDT,0.2886,2922.7,0.2885,10864.2,0.2887,648.9,0.2888,12934.7
1753600067767,07:07:47.767,bybit,1INCH/USDT:USDT,0.2886,2824.6,0.2885,10864.2,0.2887,648.9,0.2888,12934.7
1753600067867,07:07:47.867,bybit,1INCH/USDT:USDT,0.2886,2922.7,0.2885,10864.2,0.2887,648.9,0.2888,12934.7
1753600067967,07:07:47.967,bybit,1INCH/USDT:USDT,0.2886,1824.6,0.2885,11976.2,0.2887,621.2,0.2888,12934.7
1753600068167,07:07:48.167,bybit,1INCH/USDT:USDT,0.2886,1578.4,0.2885,11976.2,0.2887,1969.8,0.2888,12934.7
1753600068270,07:07:48.270,bybit,1INCH/USDT:USDT,0.2886,1578.4,0.2885,11976.2,0.2887,1969.8,0.2888,12934.7
1753600068667,07:07:48.667,bybit,1INCH/USDT:USDT,0.2886,1578.4,0.2885,11976.2,0.2887,1969.8,0.2888,12934.7
1753600068967,07:07:48.967,bybit,1INCH/USDT:USDT,0.2886,1578.4,0.2885,11976.2,0.2887,1969.8,0.2888,12934.7
1753600069268,07:07:49.268,bybit,1INCH/USDT:USDT,0.2886,39.3,0.2885,8705.0,0.2887,3414.5,0.2888,12986.7
1753600069467,07:07:49.467,bybit,1INCH/USDT:USDT,0.2886,39.3,0.2885,8705.0,0.2887,3414.5,0.2888,12986.7
1753600069567,07:07:49.567,bybit,1INCH/USDT:USDT,0.2886,39.3,0.2885,8705.0,0.2887,3414.5,0.2888,12986.7
1753600070067,07:07:50.067,bybit,1INCH/USDT:USDT,0.2886,39.3,0.2885,8705.0,0.2887,3414.5,0.2888,12986.7
1753600070167,07:07:50.167,bybit,1INCH/USDT:USDT,0.2885,2860.6,0.2884,9436.9,0.2886,632.0,0.2887,11102.6
1753600070268,07:07:50.268,bybit,1INCH/USDT:USDT,0.2885,2597.4,0.2884,9436.9,0.2886,632.0,0.2887,11102.6
1753600070367,07:07:50.367,bybit,1INCH/USDT:USDT,0.2885,3452.9,0.2884,9436.9,0.2886,632.0,0.2887,11102.6
1753600070567,07:07:50.567,bybit,1INCH/USDT:USDT,0.2885,3452.9,0.2884,9436.9,0.2886,632.0,0.2887,11102.6
1753600070767,07:07:50.767,bybit,1INCH/USDT:USDT,0.2885,3452.9,0.2884,9436.9,0.2886,767.9,0.2887,11102.6
1753600071167,07:07:51.167,bybit,1INCH/USDT:USDT,0.2885,3492.2,0.2884,9436.9,0.2886,747.2,0.2887,11102.6
1753600071268,07:07:51.268,bybit,1INCH/USDT:USDT,0.2885,3492.2,0.2884,9436.9,0.2886,747.2,0.2887,11102.6
1753600071366,07:07:51.366,bybit,1INCH/USDT:USDT,0.2885,3738.2,0.2884,9436.9,0.2886,719.5,0.2887,11102.6
1753600071467,07:07:51.467,bybit,1INCH/USDT:USDT,0.2885,3738.2,0.2884,9436.9,0.2886,684.9,0.2887,11102.6
1753600071567,07:07:51.567,bybit,1INCH/USDT:USDT,0.2885,3738.2,0.2884,9436.9,0.2886,684.9,0.2887,11102.6
1753600071666,07:07:51.666,bybit,1INCH/USDT:USDT,0.2885,3738.2,0.2884,9436.9,0.2886,664.2,0.2887,11102.6
1753600072067,07:07:52.067,bybit,1INCH/USDT:USDT,0.2885,3738.2,0.2884,9436.9,0.2886,636.5,0.2887,11102.6
1753600072167,07:07:52.167,bybit,1INCH/USDT:USDT,0.2885,3738.2,0.2884,9436.9,0.2886,636.5,0.2887,11102.6
1753600072367,07:07:52.367,bybit,1INCH/USDT:USDT,0.2885,3836.3,0.2884,9436.9,0.2886,636.5,0.2887,11102.6
1753600073167,07:07:53.167,bybit,1INCH/USDT:USDT,0.2885,3836.3,0.2884,9436.9,0.2886,636.5,0.2887,11102.6
1753600074270,07:07:54.270,bybit,1INCH/USDT:USDT,0.2886,246.0,0.2885,9165.1,0.2887,2414.6,0.2888,11988.5
1753600074367,07:07:54.367,bybit,1INCH/USDT:USDT,0.2886,246.0,0.2885,9067.0,0.2887,2414.6,0.2888,11988.5
1753600074467,07:07:54.467,bybit,1INCH/USDT:USDT,0.2886,246.0,0.2885,9067.0,0.2887,2414.6,0.2888,11988.5
1753600074667,07:07:54.667,bybit,1INCH/USDT:USDT,0.2886,246.0,0.2885,8968.9,0.2887,2414.6,0.2888,12086.6
1753600074767,07:07:54.767,bybit,1INCH/USDT:USDT,0.2884,2413.9,0.2883,14310.8,0.2885,1992.4,0.2886,12192.1
1753600074867,07:07:54.867,bybit,1INCH/USDT:USDT,0.2884,3245.1,0.2883,14310.8,0.2885,1992.4,0.2886,12192.1
1753600074967,07:07:54.967,bybit,1INCH/USDT:USDT,0.2884,3343.2,0.2883,14310.8,0.2885,1992.4,0.2886,12192.1
1753600075068,07:07:55.068,bybit,1INCH/USDT:USDT,0.2884,2453.2,0.2883,14310.8,0.2885,1992.4,0.2886,10351.9
1753600075167,07:07:55.167,bybit,1INCH/USDT:USDT,0.2884,2551.3,0.2883,14310.8,0.2885,1992.4,0.2886,10351.9
1753600075767,07:07:55.767,bybit,1INCH/USDT:USDT,0.2884,2551.3,0.2883,14310.8,0.2885,1992.4,0.2886,10697.9
1753600075867,07:07:55.867,bybit,1INCH/USDT:USDT,0.2884,2551.3,0.2883,13154.6,0.2885,1992.4,0.2886,10697.9
1753600075967,07:07:55.967,bybit,1INCH/USDT:USDT,0.2884,2551.3,0.2883,13154.6,0.2885,1992.4,0.2886,10697.9
1753600076167,07:07:56.167,bybit,1INCH/USDT:USDT,0.2884,2512.0,0.2883,13154.6,0.2885,1992.4,0.2886,10697.9
1753600076367,07:07:56.367,bybit,1INCH/USDT:USDT,0.2884,2413.9,0.2883,13154.6,0.2885,1992.4,0.2886,10697.9
1753600076467,07:07:56.467,bybit,1INCH/USDT:USDT,0.2884,2413.9,0.2883,13154.6,0.2885,1992.4,0.2886,10697.9
1753600076667,07:07:56.667,bybit,1INCH/USDT:USDT,0.2884,1071.1,0.2883,13056.5,0.2885,2090.5,0.2886,10750.1
1753600076867,07:07:56.867,bybit,1INCH/USDT:USDT,0.2884,1071.1,0.2883,13056.5,0.2885,2090.5,0.2886,10750.1
1753600076966,07:07:56.966,bybit,1INCH/USDT:USDT,0.2884,1071.1,0.2883,13056.5,0.2885,2090.5,0.2886,10750.1
1753600077066,07:07:57.066,bybit,1INCH/USDT:USDT,0.2884,71.1,0.2883,13056.5,0.2885,1945.0,0.2886,10750.1
1753600077167,07:07:57.167,bybit,1INCH/USDT:USDT,0.2884,71.1,0.2883,13056.5,0.2885,1846.9,0.2886,10750.1
1753600077267,07:07:57.267,bybit,1INCH/USDT:USDT,0.2884,71.1,0.2883,13056.5,0.2885,1805.4,0.2886,10750.1
1753600077367,07:07:57.367,bybit,1INCH/USDT:USDT,0.2884,71.1,0.2883,13056.5,0.2885,1784.9,0.2886,10750.1
1753600077467,07:07:57.467,bybit,1INCH/USDT:USDT,0.2884,71.1,0.2883,13056.5,0.2885,1757.2,0.2886,10750.1
1753600077567,07:07:57.567,bybit,1INCH/USDT:USDT,0.2884,71.1,0.2883,13056.5,0.2885,1736.5,0.2886,10750.1
1753600078067,07:07:58.067,bybit,1INCH/USDT:USDT,0.2884,71.1,0.2883,13056.5,0.2885,1736.5,0.2886,10750.1
1753600078567,07:07:58.567,bybit,1INCH/USDT:USDT,0.2884,71.1,0.2883,13056.5,0.2885,1835.6,0.2886,10750.1
1753600078666,07:07:58.666,bybit,1INCH/USDT:USDT,0.2884,71.1,0.2883,13056.5,0.2885,1848.3,0.2886,10750.1
1753600079267,07:07:59.267,bybit,1INCH/USDT:USDT,0.2884,71.1,0.2883,13056.5,0.2885,1954.0,0.2886,10750.1
1753600079567,07:07:59.567,bybit,1INCH/USDT:USDT,0.2884,1417.3,0.2883,13056.5,0.2885,1757.8,0.2886,10848.2
1753600079668,07:07:59.668,bybit,1INCH/USDT:USDT,0.2884,1417.3,0.2883,13056.5,0.2885,1757.8,0.2886,10750.1
1753600080267,07:08:00.267,bybit,1INCH/USDT:USDT,0.2884,1613.5,0.2883,13056.5,0.2885,1757.8,0.2886,10750.1
1753600080367,07:08:00.367,bybit,1INCH/USDT:USDT,0.2884,1613.5,0.2883,13124.0,0.2885,1757.8,0.2886,10750.1
1753600080567,07:08:00.567,bybit,1INCH/USDT:USDT,0.2884,1515.4,0.2883,13124.0,0.2885,1757.8,0.2886,10750.1
1753600080667,07:08:00.667,bybit,1INCH/USDT:USDT,0.2884,1613.5,0.2883,13124.0,0.2885,1757.8,0.2886,10750.1
1753600080967,07:08:00.967,bybit,1INCH/USDT:USDT,0.2884,1613.5,0.2883,13124.0,0.2885,1757.8,0.2886,10750.1
1753600081066,07:08:01.066,bybit,1INCH/USDT:USDT,0.2884,1613.5,0.2883,13124.0,0.2885,1757.8,0.2886,10750.1
1753600081567,07:08:01.567,bybit,1INCH/USDT:USDT,0.2884,1613.5,0.2883,13124.0,0.2885,1745.1,0.2886,10750.1
1753600081666,07:08:01.666,bybit,1INCH/USDT:USDT,0.2884,1515.4,0.2883,13124.0,0.2885,1758.0,0.2886,10750.1
1753600081766,07:08:01.766,bybit,1INCH/USDT:USDT,0.2884,1417.3,0.2883,13124.0,0.2885,1758.0,0.2886,10750.1
1753600081966,07:08:01.966,bybit,1INCH/USDT:USDT,0.2884,1417.3,0.2883,13124.0,0.2885,1856.1,0.2886,10750.1
1753600082166,07:08:02.166,bybit,1INCH/USDT:USDT,0.2884,1417.3,0.2883,13124.0,0.2885,1856.1,0.2886,10750.1
1753600082269,07:08:02.269,bybit,1INCH/USDT:USDT,0.2884,1417.3,0.2883,13124.0,0.2885,1758.0,0.2886,10750.1
1753600082367,07:08:02.367,bybit,1INCH/USDT:USDT,0.2884,1417.3,0.2883,13124.0,0.2885,1758.0,0.2886,10750.1
1753600082566,07:08:02.566,bybit,1INCH/USDT:USDT,0.2884,1417.3,0.2883,13124.0,0.2885,1758.0,0.2886,10750.1
1753600082680,07:08:02.680,bybit,1INCH/USDT:USDT,0.2884,71.1,0.2883,12124.0,0.2885,2299.8,0.2886,10750.1
1753600082867,07:08:02.867,bybit,1INCH/USDT:USDT,0.2884,71.1,0.2883,9424.3,0.2885,2299.8,0.2886,10750.1
1753600082966,07:08:02.966,bybit,1INCH/USDT:USDT,0.2884,71.1,0.2883,6977.1,0.2885,2299.8,0.2886,10750.1
1753600083067,07:08:03.067,bybit,1INCH/USDT:USDT,0.2884,71.1,0.2883,6977.1,0.2885,2299.8,0.2886,10750.1
1753600083166,07:08:03.166,bybit,1INCH/USDT:USDT,0.2884,71.1,0.2883,6977.1,0.2885,3339.1,0.2886,11750.1
1753600083267,07:08:03.267,bybit,1INCH/USDT:USDT,0.2884,71.1,0.2883,6977.1,0.2885,3339.1,0.2886,11750.1
1753600083966,07:08:03.966,bybit,1INCH/USDT:USDT,0.2884,71.1,0.2883,6977.1,0.2885,3339.1,0.2886,11750.1
1753600084270,07:08:04.270,bybit,1INCH/USDT:USDT,0.2884,71.1,0.2883,6977.1,0.2885,3339.1,0.2886,11750.1
1753600084667,07:08:04.667,bybit,1INCH/USDT:USDT,0.2884,71.1,0.2883,6977.1,0.2885,3339.1,0.2886,11750.1
1753600084867,07:08:04.867,bybit,1INCH/USDT:USDT,0.2884,71.1,0.2883,6977.1,0.2885,3339.1,0.2886,11750.1
1753600085466,07:08:05.466,bybit,1INCH/USDT:USDT,0.2884,71.1,0.2883,6977.1,0.2885,3339.1,0.2886,11750.1
1753600085767,07:08:05.767,bybit,1INCH/USDT:USDT,0.2884,71.1,0.2883,6977.1,0.2885,3339.1,0.2886,11750.1
1753600085866,07:08:05.866,bybit,1INCH/USDT:USDT,0.2884,71.1,0.2883,6977.1,0.2885,3339.1,0.2886,11750.1
1753600085966,07:08:05.966,bybit,1INCH/USDT:USDT,0.2884,71.1,0.2883,6977.1,0.2885,3339.1,0.2886,11750.1
1753600086066,07:08:06.066,bybit,1INCH/USDT:USDT,0.2884,71.1,0.2883,6977.1,0.2885,3339.1,0.2886,11750.1
1753600086270,07:08:06.270,bybit,1INCH/USDT:USDT,0.2884,71.1,0.2883,6977.1,0.2885,3339.1,0.2886,11750.1
1753600086467,07:08:06.467,bybit,1INCH/USDT:USDT,0.2884,71.1,0.2883,6977.1,0.2885,3304.5,0.2886,11750.1
1753600086667,07:08:06.667,bybit,1INCH/USDT:USDT,0.2884,71.1,0.2883,6977.1,0.2885,3304.5,0.2886,11750.1
1753600086768,07:08:06.768,bybit,1INCH/USDT:USDT,0.2884,71.1,0.2883,7993.4,0.2885,3304.5,0.2886,11750.1
1753600086867,07:08:06.867,bybit,1INCH/USDT:USDT,0.2884,71.1,0.2883,9806.0,0.2885,3206.4,0.2886,11750.1
1753600086967,07:08:06.967,bybit,1INCH/USDT:USDT,0.2884,71.1,0.2883,9904.1,0.2885,3108.3,0.2886,11750.1
1753600087267,07:08:07.267,bybit,1INCH/USDT:USDT,0.2884,71.1,0.2883,9904.1,0.2885,3108.3,0.2886,11750.1
1753600087366,07:08:07.366,bybit,1INCH/USDT:USDT,0.2884,71.1,0.2883,9904.1,0.2885,3206.4,0.2886,11750.1
1753600087867,07:08:07.867,bybit,1INCH/USDT:USDT,0.2884,71.1,0.2883,9904.1,0.2885,3108.3,0.2886,11848.2
1753600087967,07:08:07.967,bybit,1INCH/USDT:USDT,0.2884,1515.4,0.2883,9904.1,0.2885,1762.7,0.2886,10750.1
1753600088068,07:08:08.068,bybit,1INCH/USDT:USDT,0.2884,1613.5,0.2883,9921.5,0.2885,1762.7,0.2886,10750.1
1753600088167,07:08:08.167,bybit,1INCH/USDT:USDT,0.2884,1613.5,0.2883,9921.5,0.2885,1762.7,0.2886,10750.1
1753600088367,07:08:08.367,bybit,1INCH/USDT:USDT,0.2884,1613.5,0.2883,9921.5,0.2885,1762.7,0.2886,10750.1
1753600088467,07:08:08.467,bybit,1INCH/USDT:USDT,0.2884,1613.5,0.2883,9921.5,0.2885,1762.7,0.2886,9291.1
1753600088666,07:08:08.666,bybit,1INCH/USDT:USDT,0.2884,1613.5,0.2883,9921.5,0.2885,1762.7,0.2886,9291.1
1753600088767,07:08:08.767,bybit,1INCH/USDT:USDT,0.2884,1613.5,0.2883,9921.5,0.2885,1762.7,0.2886,9291.1
1753600089066,07:08:09.066,bybit,1INCH/USDT:USDT,0.2884,2613.5,0.2883,10921.5,0.2885,363.0,0.2886,9291.1
1753600089166,07:08:09.166,bybit,1INCH/USDT:USDT,0.2884,2613.5,0.2883,10921.5,0.2885,363.0,0.2886,10750.1
1753600089267,07:08:09.267,bybit,1INCH/USDT:USDT,0.2884,2613.5,0.2883,10921.5,0.2885,354.4,0.2886,10750.1
1753600089366,07:08:09.366,bybit,1INCH/USDT:USDT,0.2884,2613.5,0.2883,10921.5,0.2885,363.2,0.2886,10750.1
1753600089866,07:08:09.866,bybit,1INCH/USDT:USDT,0.2884,2613.5,0.2883,10921.5,0.2885,363.2,0.2886,10750.1
1753600090067,07:08:10.067,bybit,1INCH/USDT:USDT,0.2884,2613.5,0.2883,10921.5,0.2885,363.4,0.2886,10750.1
1753600090167,07:08:10.167,bybit,1INCH/USDT:USDT,0.2884,2613.5,0.2883,10921.5,0.2885,363.4,0.2886,10750.1
1753600091267,07:08:11.267,bybit,1INCH/USDT:USDT,0.2884,2515.4,0.2883,10921.5,0.2885,363.4,0.2886,10750.1
1753600091367,07:08:11.367,bybit,1INCH/USDT:USDT,0.2884,2613.5,0.2883,10921.5,0.2885,363.4,0.2886,10750.1
1753600091567,07:08:11.567,bybit,1INCH/USDT:USDT,0.2884,2417.3,0.2883,10921.5,0.2885,1716.4,0.2886,10750.1
1753600092167,07:08:12.167,bybit,1INCH/USDT:USDT,0.2884,2417.3,0.2883,9905.2,0.2885,1716.4,0.2886,10750.1
1753600092266,07:08:12.266,bybit,1INCH/USDT:USDT,0.2884,1417.3,0.2883,8905.2,0.2885,1716.4,0.2886,10750.1
1753600092367,07:08:12.367,bybit,1INCH/USDT:USDT,0.2884,1417.3,0.2883,8905.2,0.2885,1716.4,0.2886,10750.1
1753600092567,07:08:12.567,bybit,1INCH/USDT:USDT,0.2884,1417.3,0.2883,8905.2,0.2885,1716.4,0.2886,10750.1
1753600092767,07:08:12.767,bybit,1INCH/USDT:USDT,0.2884,71.1,0.2883,8807.1,0.2885,1716.4,0.2886,10750.1
1753600093166,07:08:13.166,bybit,1INCH/USDT:USDT,0.2884,71.1,0.2883,8807.1,0.2885,1755.7,0.2886,10750.1
1753600093866,07:08:13.866,bybit,1INCH/USDT:USDT,0.2884,71.1,0.2883,8807.1,0.2885,1755.7,0.2886,10750.1
1753600094366,07:08:14.366,bybit,1INCH/USDT:USDT,0.2884,1071.1,0.2883,9807.1,0.2885,1825.9,0.2886,10750.1
1753600094567,07:08:14.567,bybit,1INCH/USDT:USDT,0.2884,1071.1,0.2883,9807.1,0.2885,1825.9,0.2886,10750.1
1753600094667,07:08:14.667,bybit,1INCH/USDT:USDT,0.2884,1071.1,0.2883,9807.1,0.2885,1825.9,0.2886,10750.1
1753600094866,07:08:14.866,bybit,1INCH/USDT:USDT,0.2884,1071.1,0.2883,9807.1,0.2885,1825.9,0.2886,10750.1
1753600095167,07:08:15.167,bybit,1INCH/USDT:USDT,0.2884,1071.1,0.2883,9807.1,0.2885,1865.2,0.2886,10750.1
1753600095667,07:08:15.667,bybit,1INCH/USDT:USDT,0.2884,2522.2,0.2883,9807.1,0.2885,1304.9,0.2886,10750.1
1753600095966,07:08:15.966,bybit,1INCH/USDT:USDT,0.2884,2620.3,0.2883,9807.1,0.2885,161.7,0.2886,10750.1
1753600096066,07:08:16.066,bybit,1INCH/USDT:USDT,0.2884,2620.3,0.2883,9338.3,0.2885,161.7,0.2886,10750.1
1753600096166,07:08:16.166,bybit,1INCH/USDT:USDT,0.2884,2620.3,0.2883,9338.3,0.2885,122.4,0.2886,10750.1
1753600096467,07:08:16.467,bybit,1INCH/USDT:USDT,0.2884,2424.1,0.2883,10509.9,0.2885,1475.4,0.2886,10750.1
1753600096667,07:08:16.667,bybit,1INCH/USDT:USDT,0.2884,2424.1,0.2883,10509.9,0.2885,1475.4,0.2886,10750.1
1753600097267,07:08:17.267,bybit,1INCH/USDT:USDT,0.2884,2424.1,0.2883,9509.9,0.2885,1475.4,0.2886,10750.1
1753600097567,07:08:17.567,bybit,1INCH/USDT:USDT,0.2884,2522.2,0.2883,9509.9,0.2885,1475.4,0.2886,10750.1
1753600097667,07:08:17.667,bybit,1INCH/USDT:USDT,0.2884,2620.3,0.2883,9509.9,0.2885,1475.4,0.2886,10750.1
1753600097766,07:08:17.766,bybit,1INCH/USDT:USDT,0.2884,2620.3,0.2883,9509.9,0.2885,1475.4,0.2886,10750.1
1753600097867,07:08:17.867,bybit,1INCH/USDT:USDT,0.2884,2620.3,0.2883,9509.9,0.2885,1493.6,0.2886,10750.1
1753600098270,07:08:18.270,bybit,1INCH/USDT:USDT,0.2884,2620.3,0.2883,9509.9,0.2885,1493.6,0.2886,10750.1
1753600098467,07:08:18.467,bybit,1INCH/USDT:USDT,0.2884,2620.3,0.2883,9509.9,0.2885,1493.6,0.2886,10750.1
1753600099067,07:08:19.067,bybit,1INCH/USDT:USDT,0.2884,2620.3,0.2883,9509.9,0.2885,1493.6,0.2886,10750.1
1753600099372,07:08:19.372,bybit,1INCH/USDT:USDT,0.2884,2620.3,0.2883,9509.9,0.2885,1493.6,0.2886,10750.1
1753600099966,07:08:19.966,bybit,1INCH/USDT:USDT,0.2884,2620.3,0.2883,9509.9,0.2885,1493.6,0.2886,10750.1
1753600100467,07:08:20.467,bybit,1INCH/USDT:USDT,0.2884,2620.3,0.2883,9509.9,0.2885,1493.6,0.2886,10750.1
1753600101667,07:08:21.667,bybit,1INCH/USDT:USDT,0.2884,2620.3,0.2883,9509.9,0.2885,1493.6,0.2886,10750.1
1753600102167,07:08:22.167,bybit,1INCH/USDT:USDT,0.2884,2620.3,0.2883,9509.9,0.2885,1493.6,0.2886,10750.1
1753600102367,07:08:22.367,bybit,1INCH/USDT:USDT,0.2884,1522.2,0.2883,9509.9,0.2885,1493.6,0.2886,10750.1
1753600102467,07:08:22.467,bybit,1INCH/USDT:USDT,0.2884,1620.3,0.2883,9509.9,0.2885,1680.1,0.2886,10750.1
1753600102567,07:08:22.567,bybit,1INCH/USDT:USDT,0.2884,71.1,0.2883,9509.9,0.2885,1680.1,0.2886,10750.1
1753600102666,07:08:22.666,bybit,1INCH/USDT:USDT,0.2884,71.1,0.2883,10517.0,0.2885,1680.1,0.2886,10750.1
1753600102767,07:08:22.767,bybit,1INCH/USDT:USDT,0.2884,71.1,0.2883,10517.0,0.2885,1686.7,0.2886,10750.1
1753600102967,07:08:22.967,bybit,1INCH/USDT:USDT,0.2884,71.1,0.2883,10517.0,0.2885,1686.7,0.2886,10750.1
1753600103067,07:08:23.067,bybit,1INCH/USDT:USDT,0.2884,71.1,0.2883,7697.3,0.2885,1686.7,0.2886,10750.1
1753600103167,07:08:23.167,bybit,1INCH/USDT:USDT,0.2884,71.1,0.2883,7697.3,0.2885,1686.7,0.2886,10750.1
1753600103267,07:08:23.267,bybit,1INCH/USDT:USDT,0.2884,71.1,0.2883,7697.3,0.2885,1686.7,0.2886,10750.1
1753600103367,07:08:23.367,bybit,1INCH/USDT:USDT,0.2884,71.1,0.2883,9509.9,0.2885,1686.7,0.2886,10750.1
1753600103466,07:08:23.466,bybit,1INCH/USDT:USDT,0.2884,267.3,0.2883,9509.9,0.2885,1686.7,0.2886,10750.1
1753600103567,07:08:23.567,bybit,1INCH/USDT:USDT,0.2884,169.2,0.2883,9509.9,0.2885,1686.7,0.2886,10750.1
1753600103666,07:08:23.666,bybit,1INCH/USDT:USDT,0.2884,71.1,0.2883,9509.9,0.2885,1686.7,0.2886,10750.1
1753600103767,07:08:23.767,bybit,1INCH/USDT:USDT,0.2884,267.3,0.2883,9509.9,0.2885,1686.7,0.2886,10750.1
1753600103867,07:08:23.867,bybit,1INCH/USDT:USDT,0.2884,267.3,0.2883,9509.9,0.2885,1686.7,0.2886,10750.1
1753600104167,07:08:24.167,bybit,1INCH/USDT:USDT,0.2884,267.3,0.2883,9509.9,0.2885,1686.7,0.2886,10750.1
1753600104367,07:08:24.367,bybit,1INCH/USDT:USDT,0.2884,267.3,0.2883,9509.9,0.2885,1686.7,0.2886,10750.1
1753600104567,07:08:24.567,bybit,1INCH/USDT:USDT,0.2884,169.2,0.2883,9509.9,0.2885,1686.7,0.2886,10750.1
1753600104966,07:08:24.966,bybit,1INCH/USDT:USDT,0.2884,1489.2,0.2883,9509.9,0.2885,1686.7,0.2886,10750.1
1753600105067,07:08:25.067,bybit,1INCH/USDT:USDT,0.2884,1587.3,0.2883,9509.9,0.2885,1686.7,0.2886,10750.1
1753600105166,07:08:25.166,bybit,1INCH/USDT:USDT,0.2884,1587.3,0.2883,9509.9,0.2885,1686.7,0.2886,10750.1
1753600105267,07:08:25.267,bybit,1INCH/USDT:USDT,0.2884,1587.3,0.2883,9509.9,0.2885,1686.7,0.2886,10750.1
1753600105467,07:08:25.467,bybit,1INCH/USDT:USDT,0.2884,1587.3,0.2883,9509.9,0.2885,1686.7,0.2886,10750.1
1753600105667,07:08:25.667,bybit,1INCH/USDT:USDT,0.2884,1391.1,0.2883,9509.9,0.2885,1686.7,0.2886,10750.1
1753600105967,07:08:25.967,bybit,1INCH/USDT:USDT,0.2884,1587.3,0.2883,9509.9,0.2885,1686.7,0.2886,10750.1
1753600106167,07:08:26.167,bybit,1INCH/USDT:USDT,0.2884,1587.3,0.2883,9509.9,0.2885,1686.7,0.2886,10750.1
1753600106269,07:08:26.269,bybit,1INCH/USDT:USDT,0.2884,1587.3,0.2883,9509.9,0.2885,1686.7,0.2886,10750.1
1753600106767,07:08:26.767,bybit,1INCH/USDT:USDT,0.2884,1587.3,0.2883,9509.9,0.2885,1686.7,0.2886,10750.1
1753600106867,07:08:26.867,bybit,1INCH/USDT:USDT,0.2884,2587.3,0.2883,10509.9,0.2885,1686.7,0.2886,10750.1
1753600107067,07:08:27.067,bybit,1INCH/USDT:USDT,0.2884,2587.3,0.2883,10509.9,0.2885,333.7,0.2886,10750.1
1753600107167,07:08:27.167,bybit,1INCH/USDT:USDT,0.2884,2587.3,0.2883,10509.9,0.2885,333.7,0.2886,10750.1
1753600107466,07:08:27.466,bybit,1INCH/USDT:USDT,0.2884,2587.3,0.2883,10509.9,0.2885,333.7,0.2886,10750.1
1753600107667,07:08:27.667,bybit,1INCH/USDT:USDT,0.2884,1391.1,0.2883,9509.9,0.2885,2593.5,0.2886,10750.1
1753600107767,07:08:27.767,bybit,1INCH/USDT:USDT,0.2884,1391.1,0.2883,9509.9,0.2885,2593.5,0.2886,10750.1
1753600108667,07:08:28.667,bybit,1INCH/USDT:USDT,0.2884,1391.1,0.2883,9509.9,0.2885,2593.5,0.2886,10750.1
1753600108767,07:08:28.767,bybit,1INCH/USDT:USDT,0.2884,1391.1,0.2883,9509.9,0.2885,2593.5,0.2886,10750.1
1753600108867,07:08:28.867,bybit,1INCH/USDT:USDT,0.2884,1489.2,0.2883,9509.9,0.2885,2593.5,0.2886,10750.1
1753600109566,07:08:29.566,bybit,1INCH/USDT:USDT,0.2884,1391.1,0.2883,9509.9,0.2885,2593.5,0.2886,10750.1
1753600109767,07:08:29.767,bybit,1INCH/USDT:USDT,0.2884,1391.1,0.2883,9509.9,0.2885,2083.3,0.2886,10750.1
1753600109867,07:08:29.867,bybit,1INCH/USDT:USDT,0.2884,1391.1,0.2883,9509.9,0.2885,2083.3,0.2886,10750.1
1753600109967,07:08:29.967,bybit,1INCH/USDT:USDT,0.2884,1450.3,0.2883,9509.9,0.2885,2083.3,0.2886,10750.1
1753600110067,07:08:30.067,bybit,1INCH/USDT:USDT,0.2884,1450.3,0.2883,9509.9,0.2885,2083.3,0.2886,10750.1
1753600110269,07:08:30.269,bybit,1INCH/USDT:USDT,0.2884,1450.3,0.2883,9509.9,0.2885,2083.3,0.2886,10750.1
1753600110467,07:08:30.467,bybit,1INCH/USDT:USDT,0.2884,1450.3,0.2883,9509.9,0.2885,2083.3,0.2886,10750.1
1753600111167,07:08:31.167,bybit,1INCH/USDT:USDT,0.2884,1450.3,0.2883,9509.9,0.2885,2083.3,0.2886,10750.1
1753600111666,07:08:31.666,bybit,1INCH/USDT:USDT,0.2884,1450.3,0.2883,9509.9,0.2885,2190.5,0.2886,10750.1
1753600112566,07:08:32.566,bybit,1INCH/USDT:USDT,0.2884,1450.3,0.2883,9509.9,0.2885,2092.4,0.2886,10750.1
1753600113066,07:08:33.066,bybit,1INCH/USDT:USDT,0.2884,1450.3,0.2883,9509.9,0.2885,2131.7,0.2886,10750.1
1753600114567,07:08:34.567,bybit,1INCH/USDT:USDT,0.2884,1450.3,0.2883,9509.9,0.2885,2229.8,0.2886,10750.1
1753600114667,07:08:34.667,bybit,1INCH/USDT:USDT,0.2884,131.3,0.2883,6525.7,0.2885,2575.4,0.2886,10920.1
1753600114767,07:08:34.767,bybit,1INCH/USDT:USDT,0.2884,131.3,0.2883,6525.7,0.2885,3575.4,0.2886,11920.1
1753600114967,07:08:34.967,bybit,1INCH/USDT:USDT,0.2884,131.3,0.2883,6525.7,0.2885,3673.5,0.2886,11920.1
1753600115267,07:08:35.267,bybit,1INCH/USDT:USDT,0.2884,2068.3,0.2883,10511.4,0.2885,3477.3,0.2886,11920.1
1753600115367,07:08:35.367,bybit,1INCH/USDT:USDT,0.2884,1409.3,0.2883,10511.4,0.2885,3477.3,0.2886,11920.1
1753600115567,07:08:35.567,bybit,1INCH/USDT:USDT,0.2884,1409.3,0.2883,10511.4,0.2885,3477.3,0.2886,11920.1
1753600115667,07:08:35.667,bybit,1INCH/USDT:USDT,0.2884,1409.3,0.2883,10511.4,0.2885,3477.3,0.2886,11920.1
1753600115767,07:08:35.767,bybit,1INCH/USDT:USDT,0.2884,1409.3,0.2883,10511.4,0.2885,3477.3,0.2886,10920.1
1753600115866,07:08:35.866,bybit,1INCH/USDT:USDT,0.2884,1408.3,0.2883,10511.4,0.2885,3477.3,0.2886,10920.1
1753600115966,07:08:35.966,bybit,1INCH/USDT:USDT,0.2884,1408.3,0.2883,10511.4,0.2885,2477.3,0.2886,10920.1
1753600116067,07:08:36.067,bybit,1INCH/USDT:USDT,0.2884,1408.3,0.2883,9509.9,0.2885,2477.3,0.2886,10920.1
1753600116267,07:08:36.267,bybit,1INCH/USDT:USDT,0.2884,1408.3,0.2883,9509.9,0.2885,2477.3,0.2886,10920.1
1753600116366,07:08:36.366,bybit,1INCH/USDT:USDT,0.2884,1408.3,0.2883,9509.9,0.2885,2477.3,0.2886,10920.1
1753600116467,07:08:36.467,bybit,1INCH/USDT:USDT,0.2884,1408.3,0.2883,9509.9,0.2885,2477.3,0.2886,10920.1
1753600116666,07:08:36.666,bybit,1INCH/USDT:USDT,0.2884,1408.3,0.2883,9509.9,0.2885,2477.3,0.2886,10920.1
1753600116967,07:08:36.967,bybit,1INCH/USDT:USDT,0.2884,1349.1,0.2883,9509.9,0.2885,2477.3,0.2886,10920.1
1753600117067,07:08:37.067,bybit,1INCH/USDT:USDT,0.2884,1349.1,0.2883,9509.9,0.2885,2477.3,0.2886,10920.1
1753600117167,07:08:37.167,bybit,1INCH/USDT:USDT,0.2884,1349.1,0.2883,9509.9,0.2885,2438.0,0.2886,10920.1
1753600117567,07:08:37.567,bybit,1INCH/USDT:USDT,0.2884,1349.1,0.2883,9509.9,0.2885,2438.0,0.2886,10920.1
1753600118467,07:08:38.467,bybit,1INCH/USDT:USDT,0.2884,1349.1,0.2883,9509.9,0.2885,2438.0,0.2886,10920.1
1753600118567,07:08:38.567,bybit,1INCH/USDT:USDT,0.2884,1349.1,0.2883,9509.9,0.2885,2438.0,0.2886,10920.1
1753600118666,07:08:38.666,bybit,1INCH/USDT:USDT,0.2884,1349.1,0.2883,9509.9,0.2885,2438.0,0.2886,10920.1
1753600119167,07:08:39.167,bybit,1INCH/USDT:USDT,0.2884,1349.1,0.2883,9509.9,0.2885,2438.0,0.2886,10920.1
1753600119567,07:08:39.567,bybit,1INCH/USDT:USDT,0.2884,1349.1,0.2883,9509.9,0.2885,2438.0,0.2886,10920.1
1753600120067,07:08:40.067,bybit,1INCH/USDT:USDT,0.2884,1349.1,0.2883,9509.9,0.2885,2438.0,0.2886,10920.1
1753600120167,07:08:40.167,bybit,1INCH/USDT:USDT,0.2884,1349.1,0.2883,9509.9,0.2885,2438.0,0.2886,10920.1
1753600120267,07:08:40.267,bybit,1INCH/USDT:USDT,0.2884,1349.1,0.2883,9509.9,0.2885,2438.0,0.2886,10920.1
1753600120567,07:08:40.567,bybit,1INCH/USDT:USDT,0.2884,1838.6,0.2883,9509.9,0.2885,512.7,0.2886,10920.1
1753600120767,07:08:40.767,bybit,1INCH/USDT:USDT,0.2884,2838.6,0.2883,10509.9,0.2885,512.7,0.2886,10920.1
1753600120867,07:08:40.867,bybit,1INCH/USDT:USDT,0.2884,2838.6,0.2883,10509.9,0.2885,512.7,0.2886,10920.1
1753600121067,07:08:41.067,bybit,1INCH/USDT:USDT,0.2885,2569.1,0.2884,6554.1,0.2886,2577.4,0.2887,10787.9
1753600121267,07:08:41.267,bybit,1INCH/USDT:USDT,0.2885,2569.1,0.2884,7318.4,0.2886,1530.4,0.2887,10787.9
1753600121466,07:08:41.466,bybit,1INCH/USDT:USDT,0.2885,2569.1,0.2884,7318.4,0.2886,1530.4,0.2887,10787.9
1753600121666,07:08:41.666,bybit,1INCH/USDT:USDT,0.2885,2570.1,0.2884,7318.4,0.2886,1530.4,0.2887,10787.9
1753600122067,07:08:42.067,bybit,1INCH/USDT:USDT,0.2885,2570.1,0.2884,6593.4,0.2886,1530.4,0.2887,10787.9
1753600122167,07:08:42.167,bybit,1INCH/USDT:USDT,0.2885,2570.1,0.2884,6554.1,0.2886,1530.4,0.2887,10787.9
1753600122266,07:08:42.266,bybit,1INCH/USDT:USDT,0.2885,2570.1,0.2884,6554.1,0.2886,1530.4,0.2887,10787.9
1753600122367,07:08:42.367,bybit,1INCH/USDT:USDT,0.2885,2570.1,0.2884,7279.1,0.2886,1530.4,0.2887,10787.9
1753600122967,07:08:42.967,bybit,1INCH/USDT:USDT,0.2885,2570.1,0.2884,7279.1,0.2886,1530.4,0.2887,10787.9
1753600123066,07:08:43.066,bybit,1INCH/USDT:USDT,0.2885,2570.1,0.2884,7279.1,0.2886,1530.4,0.2887,10787.9
1753600123166,07:08:43.166,bybit,1INCH/USDT:USDT,0.2885,2570.1,0.2884,7279.1,0.2886,170.0,0.2887,10787.9
1753600123267,07:08:43.267,bybit,1INCH/USDT:USDT,0.2885,2570.1,0.2884,7279.1,0.2886,170.0,0.2887,10787.9
1753600123566,07:08:43.566,bybit,1INCH/USDT:USDT,0.2885,2570.1,0.2884,7279.1,0.2886,170.0,0.2887,10787.9
1753600123666,07:08:43.666,bybit,1INCH/USDT:USDT,0.2885,2570.1,0.2884,7279.1,0.2886,170.0,0.2887,10787.9
1753600123767,07:08:43.767,bybit,1INCH/USDT:USDT,0.2885,2570.1,0.2884,7279.1,0.2886,170.0,0.2887,10787.9
1753600124367,07:08:44.367,bybit,1INCH/USDT:USDT,0.2885,2570.1,0.2884,7279.1,0.2886,170.0,0.2887,10787.9
1753600124467,07:08:44.467,bybit,1INCH/USDT:USDT,0.2885,2570.1,0.2884,7279.1,0.2886,170.0,0.2887,10787.9
1753600124867,07:08:44.867,bybit,1INCH/USDT:USDT,0.2885,2570.1,0.2884,7279.1,0.2886,170.0,0.2887,10787.9
1753600125066,07:08:45.066,bybit,1INCH/USDT:USDT,0.2885,2609.4,0.2884,7279.1,0.2886,170.0,0.2887,10787.9
1753600125866,07:08:45.866,bybit,1INCH/USDT:USDT,0.2885,2609.4,0.2884,7279.1,0.2886,170.0,0.2887,10787.9
1753600126367,07:08:46.367,bybit,1INCH/USDT:USDT,0.2885,2609.4,0.2884,7279.1,0.2886,170.0,0.2887,10787.9
1753600126766,07:08:46.766,bybit,1INCH/USDT:USDT,0.2885,2609.4,0.2884,7279.1,0.2886,170.0,0.2887,10787.9
1753600127167,07:08:47.167,bybit,1INCH/USDT:USDT,0.2885,2609.4,0.2884,7279.1,0.2886,170.0,0.2887,10787.9
1753600127267,07:08:47.267,bybit,1INCH/USDT:USDT,0.2885,2609.4,0.2884,7279.1,0.2886,170.0,0.2887,10787.9
1753600127368,07:08:47.368,bybit,1INCH/USDT:USDT,0.2886,3555.6,0.2885,11051.2,0.2887,1706.4,0.2888,12794.2
1753600127466,07:08:47.466,bybit,1INCH/USDT:USDT,0.2886,3555.6,0.2885,9238.6,0.2887,1706.4,0.2888,12001.2
1753600127566,07:08:47.566,bybit,1INCH/USDT:USDT,0.2886,3555.6,0.2885,9238.6,0.2887,1706.4,0.2888,12001.2
1753600127767,07:08:47.767,bybit,1INCH/USDT:USDT,0.2886,3555.6,0.2885,9238.6,0.2887,1706.4,0.2888,12001.2
1753600127867,07:08:47.867,bybit,1INCH/USDT:USDT,0.2886,3555.6,0.2885,9238.6,0.2887,1706.4,0.2888,12001.2
1753600128067,07:08:48.067,bybit,1INCH/USDT:USDT,0.2886,3555.6,0.2885,11051.2,0.2887,1706.4,0.2888,12001.2
1753600128167,07:08:48.167,bybit,1INCH/USDT:USDT,0.2886,3555.6,0.2885,11011.9,0.2887,1706.4,0.2888,12001.2
1753600128267,07:08:48.267,bybit,1INCH/USDT:USDT,0.2886,3555.6,0.2885,11011.9,0.2887,1706.4,0.2888,12001.2
1753600128367,07:08:48.367,bybit,1INCH/USDT:USDT,0.2886,3555.6,0.2885,11011.9,0.2887,1706.4,0.2888,12001.2
1753600128667,07:08:48.667,bybit,1INCH/USDT:USDT,0.2886,3555.6,0.2885,11011.9,0.2887,1706.4,0.2888,12001.2
1753600128767,07:08:48.767,bybit,1INCH/USDT:USDT,0.2886,3457.5,0.2885,11011.9,0.2887,1706.4,0.2888,12001.2
1753600128866,07:08:48.866,bybit,1INCH/USDT:USDT,0.2886,3457.5,0.2885,11011.9,0.2887,1706.4,0.2888,12001.2
1753600128967,07:08:48.967,bybit,1INCH/USDT:USDT,0.2886,3457.5,0.2885,11011.9,0.2887,1706.4,0.2888,12001.2
1753600129067,07:08:49.067,bybit,1INCH/USDT:USDT,0.2886,3457.5,0.2885,11011.9,0.2887,1706.4,0.2888,12001.2
1753600129167,07:08:49.167,bybit,1INCH/USDT:USDT,0.2886,3555.6,0.2885,11011.9,0.2887,1706.4,0.2888,12001.2
1753600129267,07:08:49.267,bybit,1INCH/USDT:USDT,0.2886,3555.6,0.2885,11011.9,0.2887,1706.4,0.2888,12001.2
1753600129367,07:08:49.367,bybit,1INCH/USDT:USDT,0.2886,3555.6,0.2885,11011.9,0.2887,1706.4,0.2888,12001.2
1753600129566,07:08:49.566,bybit,1INCH/USDT:USDT,0.2886,3555.6,0.2885,11011.9,0.2887,1706.4,0.2888,12001.2
1753600129666,07:08:49.666,bybit,1INCH/USDT:USDT,0.2886,3555.6,0.2885,11011.9,0.2887,1706.4,0.2888,12001.2
1753600129866,07:08:49.866,bybit,1INCH/USDT:USDT,0.2886,3555.6,0.2885,11011.9,0.2887,1706.4,0.2888,12001.2
1753600130067,07:08:50.067,bybit,1INCH/USDT:USDT,0.2886,3457.5,0.2885,11011.9,0.2887,1706.4,0.2888,12001.2
1753600130166,07:08:50.166,bybit,1INCH/USDT:USDT,0.2886,3555.6,0.2885,11011.9,0.2887,1706.4,0.2888,12001.2
1753600130269,07:08:50.269,bybit,1INCH/USDT:USDT,0.2886,3555.6,0.2885,11011.9,0.2887,1706.4,0.2888,12001.2
1753600130367,07:08:50.367,bybit,1INCH/USDT:USDT,0.2886,3555.6,0.2885,11011.9,0.2887,1706.4,0.2888,12001.2
1753600131367,07:08:51.367,bybit,1INCH/USDT:USDT,0.2886,3555.6,0.2885,11011.9,0.2887,1706.4,0.2888,12001.2
1753600131567,07:08:51.567,bybit,1INCH/USDT:USDT,0.2886,3555.6,0.2885,11011.9,0.2887,1706.4,0.2888,12001.2
1753600131666,07:08:51.666,bybit,1INCH/USDT:USDT,0.2886,3555.6,0.2885,11011.9,0.2887,1706.4,0.2888,12001.2
1753600131766,07:08:51.766,bybit,1INCH/USDT:USDT,0.2886,3555.6,0.2885,11011.9,0.2887,1706.4,0.2888,12001.2
1753600132167,07:08:52.167,bybit,1INCH/USDT:USDT,0.2886,3555.6,0.2885,11011.9,0.2887,1706.4,0.2888,12001.2
1753600132367,07:08:52.367,bybit,1INCH/USDT:USDT,0.2886,3555.6,0.2885,11011.9,0.2887,1706.4,0.2888,12001.2
1753600132466,07:08:52.466,bybit,1INCH/USDT:USDT,0.2886,3555.6,0.2885,11011.9,0.2887,1706.4,0.2888,12001.2
1753600132567,07:08:52.567,bybit,1INCH/USDT:USDT,0.2886,3555.6,0.2885,11011.9,0.2887,1706.4,0.2888,12001.2
1753600132867,07:08:52.867,bybit,1INCH/USDT:USDT,0.2886,3555.6,0.2885,11011.9,0.2887,346.0,0.2888,12001.2
1753600133067,07:08:53.067,bybit,1INCH/USDT:USDT,0.2886,3555.6,0.2885,11011.9,0.2887,346.0,0.2888,12001.2
1753600133167,07:08:53.167,bybit,1INCH/USDT:USDT,0.2886,3555.6,0.2885,11011.9,0.2887,346.0,0.2888,12001.2
1753600133267,07:08:53.267,bybit,1INCH/USDT:USDT,0.2886,3555.6,0.2885,11011.9,0.2887,346.0,0.2888,12001.2
1753600133367,07:08:53.367,bybit,1INCH/USDT:USDT,0.2886,3555.6,0.2885,11011.9,0.2887,346.0,0.2888,12001.2
1753600133467,07:08:53.467,bybit,1INCH/USDT:USDT,0.2886,3555.6,0.2885,11011.9,0.2887,346.0,0.2888,12001.2
1753600133566,07:08:53.566,bybit,1INCH/USDT:USDT,0.2886,3555.6,0.2885,11011.9,0.2887,346.0,0.2888,12001.2
1753600133767,07:08:53.767,bybit,1INCH/USDT:USDT,0.2886,3555.6,0.2885,11011.9,0.2887,346.0,0.2888,12001.2
1753600133867,07:08:53.867,bybit,1INCH/USDT:USDT,0.2886,3555.6,0.2885,11011.9,0.2887,346.0,0.2888,12001.2
1753600133967,07:08:53.967,bybit,1INCH/USDT:USDT,0.2886,3555.6,0.2885,11011.9,0.2888,12001.2,0.2889,9940.2
1753600134067,07:08:54.067,bybit,1INCH/USDT:USDT,0.2886,2862.4,0.2885,11011.9,0.2887,24.2,0.2888,12813.2
1753600134167,07:08:54.167,bybit,1INCH/USDT:USDT,0.2886,2862.4,0.2885,11011.9,0.2887,24.2,0.2888,12020.6
1753600134367,07:08:54.367,bybit,1INCH/USDT:USDT,0.2886,2862.4,0.2885,11011.9,0.2887,24.2,0.2888,12020.6
1753600134467,07:08:54.467,bybit,1INCH/USDT:USDT,0.2886,2862.4,0.2885,11011.9,0.2887,24.2,0.2888,12020.6
1753600134667,07:08:54.667,bybit,1INCH/USDT:USDT,0.2886,2862.4,0.2885,11011.9,0.2887,24.2,0.2888,12020.6
1753600134767,07:08:54.767,bybit,1INCH/USDT:USDT,0.2886,2862.4,0.2885,11011.9,0.2887,24.2,0.2888,12020.6
1753600134866,07:08:54.866,bybit,1INCH/USDT:USDT,0.2886,2862.4,0.2885,11011.9,0.2887,24.2,0.2888,12020.6
1753600135067,07:08:55.067,bybit,1INCH/USDT:USDT,0.2886,2862.4,0.2885,11011.9,0.2887,24.2,0.2888,11981.3
1753600135666,07:08:55.666,bybit,1INCH/USDT:USDT,0.2886,2862.4,0.2885,11011.9,0.2887,24.2,0.2888,11981.3
1753600135767,07:08:55.767,bybit,1INCH/USDT:USDT,0.2886,1666.2,0.2885,9199.3,0.2887,2338.5,0.2888,11981.3
1753600135866,07:08:55.866,bybit,1INCH/USDT:USDT,0.2886,1666.2,0.2885,9199.3,0.2887,2338.5,0.2888,11981.3
1753600135967,07:08:55.967,bybit,1INCH/USDT:USDT,0.2886,1666.2,0.2885,9199.3,0.2887,2436.6,0.2888,11981.3
1753600136367,07:08:56.367,bybit,1INCH/USDT:USDT,0.2886,1764.3,0.2885,9199.3,0.2887,2338.5,0.2888,11981.3
1753600136467,07:08:56.467,bybit,1INCH/USDT:USDT,0.2886,1764.3,0.2885,9199.3,0.2887,2338.5,0.2888,11981.3
1753600136567,07:08:56.567,bybit,1INCH/USDT:USDT,0.2886,1764.3,0.2885,9199.3,0.2887,2338.5,0.2888,11981.3
1753600136667,07:08:56.667,bybit,1INCH/USDT:USDT,0.2886,1666.2,0.2885,9199.3,0.2887,2338.5,0.2888,11981.3
1753600137067,07:08:57.067,bybit,1INCH/USDT:USDT,0.2886,1862.4,0.2885,9199.3,0.2887,2338.5,0.2888,11981.3
1753600137267,07:08:57.267,bybit,1INCH/USDT:USDT,0.2886,1862.4,0.2885,9199.3,0.2887,2338.5,0.2888,11981.3
1753600137367,07:08:57.367,bybit,1INCH/USDT:USDT,0.2886,1862.4,0.2885,9199.3,0.2887,2338.5,0.2888,11981.3
1753600137467,07:08:57.467,bybit,1INCH/USDT:USDT,0.2886,1862.4,0.2885,9199.3,0.2887,2338.5,0.2888,11981.3
1753600137567,07:08:57.567,bybit,1INCH/USDT:USDT,0.2886,1862.4,0.2885,10199.6,0.2887,2338.5,0.2888,11981.3
1753600137767,07:08:57.767,bybit,1INCH/USDT:USDT,0.2886,1862.4,0.2885,10199.6,0.2887,2338.5,0.2888,11981.3
1753600137867,07:08:57.867,bybit,1INCH/USDT:USDT,0.2886,1764.3,0.2885,10199.6,0.2887,2338.5,0.2888,11981.3
1753600137967,07:08:57.967,bybit,1INCH/USDT:USDT,0.2886,1862.4,0.2885,10199.6,0.2887,2338.5,0.2888,11981.3
1753600138167,07:08:58.167,bybit,1INCH/USDT:USDT,0.2886,1862.4,0.2885,10199.6,0.2887,577.5,0.2888,10061.7
1753600138267,07:08:58.267,bybit,1INCH/USDT:USDT,0.2886,1862.4,0.2885,10199.6,0.2887,24.2,0.2888,12525.1
1753600138467,07:08:58.467,bybit,1INCH/USDT:USDT,0.2886,1764.3,0.2885,10199.6,0.2887,1397.7,0.2888,12525.1
1753600138567,07:08:58.567,bybit,1INCH/USDT:USDT,0.2886,1764.3,0.2885,10199.6,0.2887,1397.7,0.2888,12525.1
1753600138666,07:08:58.666,bybit,1INCH/USDT:USDT,0.2886,1764.3,0.2885,10198.6,0.2887,1397.7,0.2888,12525.1
1753600138767,07:08:58.767,bybit,1INCH/USDT:USDT,0.2886,1764.3,0.2885,10198.6,0.2887,1397.7,0.2888,12525.1
1753600138967,07:08:58.967,bybit,1INCH/USDT:USDT,0.2886,1862.4,0.2885,10198.6,0.2887,1397.7,0.2888,12525.1
1753600139267,07:08:59.267,bybit,1INCH/USDT:USDT,0.2886,1862.4,0.2885,10198.6,0.2887,1397.7,0.2888,12525.1
1753600139767,07:08:59.767,bybit,1INCH/USDT:USDT,0.2886,1764.3,0.2885,10198.6,0.2887,1397.7,0.2888,12525.1
1753600140066,07:09:00.066,bybit,1INCH/USDT:USDT,0.2886,1862.4,0.2885,10198.6,0.2887,1397.7,0.2888,12525.1
1753600140269,07:09:00.269,bybit,1INCH/USDT:USDT,0.2886,1666.2,0.2885,9198.3,0.2887,1397.7,0.2888,12525.1
1753600140667,07:09:00.667,bybit,1INCH/USDT:USDT,0.2886,1666.2,0.2885,9198.3,0.2887,1397.7,0.2888,12525.1
1753600140767,07:09:00.767,bybit,1INCH/USDT:USDT,0.2886,1666.2,0.2885,9198.3,0.2887,1397.7,0.2888,12525.1
1753600140867,07:09:00.867,bybit,1INCH/USDT:USDT,0.2886,1666.2,0.2885,9198.3,0.2887,1397.7,0.2888,12525.1
1753600140968,07:09:00.968,bybit,1INCH/USDT:USDT,0.2886,1666.2,0.2885,9198.3,0.2887,1397.7,0.2888,12525.1
1753600141067,07:09:01.067,bybit,1INCH/USDT:USDT,0.2886,1666.2,0.2885,9198.3,0.2887,1397.7,0.2888,12525.1
1753600141266,07:09:01.266,bybit,1INCH/USDT:USDT,0.2886,1666.2,0.2885,9198.3,0.2887,1397.7,0.2888,12525.1
1753600141366,07:09:01.366,bybit,1INCH/USDT:USDT,0.2886,1666.2,0.2885,9198.3,0.2887,1397.7,0.2888,12525.1
1753600141467,07:09:01.467,bybit,1INCH/USDT:USDT,0.2886,1666.2,0.2885,9198.3,0.2887,1397.7,0.2888,12525.1
1753600141567,07:09:01.567,bybit,1INCH/USDT:USDT,0.2886,1666.2,0.2885,9198.3,0.2887,1397.7,0.2888,12525.1
1753600141667,07:09:01.667,bybit,1INCH/USDT:USDT,0.2886,1666.2,0.2885,9198.3,0.2887,1397.7,0.2888,12525.1
1753600142067,07:09:02.067,bybit,1INCH/USDT:USDT,0.2886,1666.2,0.2885,9198.3,0.2887,1535.1,0.2888,12525.1
1753600142271,07:09:02.271,bybit,1INCH/USDT:USDT,0.2886,1666.2,0.2885,9198.3,0.2887,1535.1,0.2888,12525.1
1753600142467,07:09:02.467,bybit,1INCH/USDT:USDT,0.2886,1666.2,0.2885,9198.3,0.2887,1437.0,0.2888,12525.1
1753600142666,07:09:02.666,bybit,1INCH/USDT:USDT,0.2886,1666.2,0.2885,9198.3,0.2887,1535.1,0.2888,12525.1
1753600142967,07:09:02.967,bybit,1INCH/USDT:USDT,0.2886,1666.2,0.2885,9198.3,0.2887,1535.1,0.2888,12525.1
1753600143067,07:09:03.067,bybit,1INCH/USDT:USDT,0.2886,1666.2,0.2885,9198.3,0.2887,1535.1,0.2888,12525.1
1753600143267,07:09:03.267,bybit,1INCH/USDT:USDT,0.2886,1666.2,0.2885,9198.3,0.2887,1633.2,0.2888,12525.1
1753600144068,07:09:04.068,bybit,1INCH/USDT:USDT,0.2886,1666.2,0.2885,9198.3,0.2887,1535.1,0.2888,12525.1
1753600144167,07:09:04.167,bybit,1INCH/USDT:USDT,0.2886,1666.2,0.2885,9198.3,0.2887,161.6,0.2888,12525.1
1753600144267,07:09:04.267,bybit,1INCH/USDT:USDT,0.2886,2208.2,0.2885,11796.5,0.2887,63.5,0.2888,10453.0
1753600144367,07:09:04.367,bybit,1INCH/USDT:USDT,0.2886,2208.2,0.2885,11796.5,0.2887,63.5,0.2888,10453.0
1753600144466,07:09:04.466,bybit,1INCH/USDT:USDT,0.2886,3208.2,0.2885,11796.5,0.2887,63.5,0.2888,10453.0
1753600144567,07:09:04.567,bybit,1INCH/USDT:USDT,0.2886,3208.2,0.2885,11796.5,0.2887,63.5,0.2888,10453.0
1753600144667,07:09:04.667,bybit,1INCH/USDT:USDT,0.2886,3208.2,0.2885,11796.5,0.2887,63.5,0.2888,10453.0
1753600145067,07:09:05.067,bybit,1INCH/USDT:USDT,0.2886,3208.2,0.2885,11813.9,0.2887,63.5,0.2888,10574.3
1753600145167,07:09:05.167,bybit,1INCH/USDT:USDT,0.2886,3208.2,0.2885,11813.9,0.2887,24.2,0.2888,10574.3
1753600145267,07:09:05.267,bybit,1INCH/USDT:USDT,0.2886,3208.2,0.2885,11813.9,0.2887,24.2,0.2888,10574.3
1753600145567,07:09:05.567,bybit,1INCH/USDT:USDT,0.2886,3495.2,0.2885,11813.9,0.2887,24.2,0.2888,10574.3
1753600145766,07:09:05.766,bybit,1INCH/USDT:USDT,0.2886,3807.2,0.2885,11813.9,0.2887,24.2,0.2888,10574.3
1753600145866,07:09:05.866,bybit,1INCH/USDT:USDT,0.2886,3807.2,0.2885,11813.9,0.2887,24.2,0.2888,10574.3
1753600145966,07:09:05.966,bybit,1INCH/USDT:USDT,0.2886,3807.2,0.2885,11813.9,0.2887,24.2,0.2888,10574.3
1753600146067,07:09:06.067,bybit,1INCH/USDT:USDT,0.2886,3807.2,0.2885,11813.9,0.2887,24.2,0.2888,10574.3
1753600146667,07:09:06.667,bybit,1INCH/USDT:USDT,0.2886,3807.2,0.2885,11813.9,0.2887,24.2,0.2888,10574.3
1753600146767,07:09:06.767,bybit,1INCH/USDT:USDT,0.2886,3807.2,0.2885,11813.9,0.2887,24.2,0.2888,10574.3
1753600146967,07:09:06.967,bybit,1INCH/USDT:USDT,0.2886,3807.2,0.2885,11813.9,0.2887,24.2,0.2888,10574.3
1753600147067,07:09:07.067,bybit,1INCH/USDT:USDT,0.2886,3807.2,0.2885,11813.9,0.2887,24.2,0.2888,8380.4
1753600147167,07:09:07.167,bybit,1INCH/USDT:USDT,0.2886,3807.2,0.2885,11813.9,0.2887,24.2,0.2888,8380.4
1753600147267,07:09:07.267,bybit,1INCH/USDT:USDT,0.2886,3807.2,0.2885,11813.9,0.2887,24.2,0.2888,10791.8
1753600147967,07:09:07.967,bybit,1INCH/USDT:USDT,0.2886,3807.2,0.2885,11813.9,0.2887,24.2,0.2888,10791.8
1753600148067,07:09:08.067,bybit,1INCH/USDT:USDT,0.2886,3807.2,0.2885,11813.9,0.2887,24.2,0.2888,10791.8
1753600148269,07:09:08.269,bybit,1INCH/USDT:USDT,0.2886,3807.2,0.2885,11813.9,0.2887,24.2,0.2888,10791.8
1753600148367,07:09:08.367,bybit,1INCH/USDT:USDT,0.2886,3807.2,0.2885,11813.9,0.2887,24.2,0.2888,10791.8
1753600148867,07:09:08.867,bybit,1INCH/USDT:USDT,0.2886,3807.2,0.2885,11813.9,0.2887,24.2,0.2888,10791.8
1753600149067,07:09:09.067,bybit,1INCH/USDT:USDT,0.2886,3807.2,0.2885,11813.9,0.2887,24.2,0.2888,10791.8
1753600149167,07:09:09.167,bybit,1INCH/USDT:USDT,0.2886,3846.5,0.2885,11813.9,0.2887,24.2,0.2888,10791.8
1753600149366,07:09:09.366,bybit,1INCH/USDT:USDT,0.2886,3846.5,0.2885,11813.9,0.2887,24.2,0.2888,10791.8
1753600149466,07:09:09.466,bybit,1INCH/USDT:USDT,0.2886,3846.5,0.2885,11813.9,0.2887,24.2,0.2888,10791.8
1753600149566,07:09:09.566,bybit,1INCH/USDT:USDT,0.2886,3846.5,0.2885,11813.9,0.2887,24.2,0.2888,10791.8
1753600149967,07:09:09.967,bybit,1INCH/USDT:USDT,0.2886,3846.5,0.2885,11813.9,0.2887,24.2,0.2888,10791.8
1753600150167,07:09:10.167,bybit,1INCH/USDT:USDT,0.2886,3846.5,0.2885,11813.9,0.2887,24.2,0.2888,10791.8
1753600150367,07:09:10.367,bybit,1INCH/USDT:USDT,0.2886,3846.5,0.2885,11813.9,0.2887,24.2,0.2888,10791.8
1753600150767,07:09:10.767,bybit,1INCH/USDT:USDT,0.2886,3846.5,0.2885,11813.9,0.2887,24.2,0.2888,10791.8
1753600150867,07:09:10.867,bybit,1INCH/USDT:USDT,0.2886,3846.5,0.2885,11813.9,0.2887,24.2,0.2888,10791.8
1753600150967,07:09:10.967,bybit,1INCH/USDT:USDT,0.2886,3846.5,0.2885,11813.9,0.2887,24.2,0.2888,10791.8
1753600151066,07:09:11.066,bybit,1INCH/USDT:USDT,0.2886,3846.5,0.2885,11813.9,0.2887,24.2,0.2888,10791.8
1753600151167,07:09:11.167,bybit,1INCH/USDT:USDT,0.2887,2649.6,0.2886,11486.4,0.2888,140.4,0.2889,11841.4
1753600151267,07:09:11.267,bybit,1INCH/USDT:USDT,0.2887,2845.8,0.2886,11486.4,0.2888,140.4,0.2889,10743.0
1753600151366,07:09:11.366,bybit,1INCH/USDT:USDT,0.2887,3019.0,0.2886,11486.4,0.2888,140.4,0.2889,10743.0
1753600151467,07:09:11.467,bybit,1INCH/USDT:USDT,0.2887,3312.3,0.2886,11193.1,0.2888,140.4,0.2889,10743.0
1753600151567,07:09:11.567,bybit,1INCH/USDT:USDT,0.2887,3312.3,0.2886,11193.1,0.2888,140.4,0.2889,10743.0
1753600151666,07:09:11.666,bybit,1INCH/USDT:USDT,0.2887,3139.1,0.2886,11193.1,0.2888,140.4,0.2889,10743.0
1753600151866,07:09:11.866,bybit,1INCH/USDT:USDT,0.2887,2942.9,0.2886,11193.1,0.2888,1503.0,0.2889,10743.0
1753600152066,07:09:12.066,bybit,1INCH/USDT:USDT,0.2887,2942.9,0.2886,11153.8,0.2888,1503.0,0.2889,10743.0
1753600152166,07:09:12.166,bybit,1INCH/USDT:USDT,0.2887,2942.9,0.2886,11153.8,0.2888,1503.0,0.2889,10841.1
1753600152367,07:09:12.367,bybit,1INCH/USDT:USDT,0.2887,1942.9,0.2886,11153.8,0.2888,1468.4,0.2889,10841.1
1753600152467,07:09:12.467,bybit,1INCH/USDT:USDT,0.2887,1942.9,0.2886,11055.7,0.2888,1468.4,0.2889,10841.1
1753600152566,07:09:12.566,bybit,1INCH/USDT:USDT,0.2887,1942.9,0.2886,11055.7,0.2888,1468.4,0.2889,10841.1
1753600152667,07:09:12.667,bybit,1INCH/USDT:USDT,0.2887,1942.9,0.2886,10055.7,0.2888,1468.4,0.2889,10841.1
1753600152766,07:09:12.766,bybit,1INCH/USDT:USDT,0.2887,1942.9,0.2886,10055.7,0.2888,1468.4,0.2889,10841.1
1753600152866,07:09:12.866,bybit,1INCH/USDT:USDT,0.2887,1942.9,0.2886,10055.7,0.2888,1468.4,0.2889,10841.1
1753600152970,07:09:12.970,bybit,1INCH/USDT:USDT,0.2887,580.3,0.2886,10055.7,0.2888,1468.4,0.2889,12653.7
1753600153067,07:09:13.067,bybit,1INCH/USDT:USDT,0.2887,580.3,0.2886,9330.7,0.2888,1664.6,0.2889,12653.7
1753600153167,07:09:13.167,bybit,1INCH/USDT:USDT,0.2887,580.3,0.2886,9330.7,0.2888,1703.9,0.2889,12653.7
1753600153367,07:09:13.367,bybit,1INCH/USDT:USDT,0.2887,580.3,0.2886,9330.7,0.2888,2703.9,0.2889,12653.7
1753600153467,07:09:13.467,bybit,1INCH/USDT:USDT,0.2887,580.3,0.2886,9330.7,0.2888,2703.9,0.2889,12653.7
1753600153566,07:09:13.566,bybit,1INCH/USDT:USDT,0.2887,580.3,0.2886,9330.7,0.2888,2703.9,0.2889,12653.7
1753600153967,07:09:13.967,bybit,1INCH/USDT:USDT,0.2887,580.3,0.2886,9330.7,0.2888,2703.9,0.2889,12653.7
1753600154166,07:09:14.166,bybit,1INCH/USDT:USDT,0.2887,580.3,0.2886,9330.7,0.2888,2703.9,0.2889,12653.7
1753600154267,07:09:14.267,bybit,1INCH/USDT:USDT,0.2887,580.3,0.2886,9330.7,0.2888,2703.9,0.2889,12653.7
1753600154367,07:09:14.367,bybit,1INCH/USDT:USDT,0.2887,580.3,0.2886,9330.7,0.2888,2703.9,0.2889,13653.7
1753600154467,07:09:14.467,bybit,1INCH/USDT:USDT,0.2887,580.3,0.2886,9330.7,0.2888,2703.9,0.2889,13653.7
1753600154867,07:09:14.867,bybit,1INCH/USDT:USDT,0.2887,580.3,0.2886,9330.7,0.2888,2507.7,0.2889,13653.7
1753600155167,07:09:15.167,bybit,1INCH/USDT:USDT,0.2887,580.3,0.2886,9330.7,0.2888,2605.8,0.2889,13555.6
1753600155567,07:09:15.567,bybit,1INCH/USDT:USDT,0.2887,580.3,0.2886,9330.7,0.2888,2605.8,0.2889,13555.6
1753600155666,07:09:15.666,bybit,1INCH/USDT:USDT,0.2887,580.3,0.2886,9330.7,0.2888,2605.8,0.2889,13555.6
1753600155767,07:09:15.767,bybit,1INCH/USDT:USDT,0.2887,580.3,0.2886,9330.7,0.2888,2605.8,0.2889,13555.6
1753600155866,07:09:15.866,bybit,1INCH/USDT:USDT,0.2887,581.7,0.2886,9330.7,0.2888,2507.7,0.2889,13555.6
1753600156067,07:09:16.067,bybit,1INCH/USDT:USDT,0.2887,581.7,0.2886,11154.8,0.2888,2605.8,0.2889,13555.6
1753600156270,07:09:16.270,bybit,1INCH/USDT:USDT,0.2887,581.7,0.2886,11154.8,0.2888,2605.8,0.2889,13555.6
1753600156467,07:09:16.467,bybit,1INCH/USDT:USDT,0.2887,581.7,0.2886,11154.8,0.2888,2507.7,0.2889,13555.6
1753600156567,07:09:16.567,bybit,1INCH/USDT:USDT,0.2887,581.7,0.2886,11154.8,0.2888,2507.7,0.2889,13555.6
1753600156667,07:09:16.667,bybit,1INCH/USDT:USDT,0.2887,581.7,0.2886,11154.8,0.2888,2507.7,0.2889,13555.6
1753600156767,07:09:16.767,bybit,1INCH/USDT:USDT,0.2887,581.7,0.2886,11154.8,0.2888,2507.7,0.2889,13555.6
1753600156867,07:09:16.867,bybit,1INCH/USDT:USDT,0.2887,581.7,0.2886,11154.8,0.2888,2605.8,0.2889,13555.6
1753600157366,07:09:17.366,bybit,1INCH/USDT:USDT,0.2887,581.7,0.2886,11154.8,0.2888,2703.9,0.2889,13555.6
1753600157467,07:09:17.467,bybit,1INCH/USDT:USDT,0.2887,605.9,0.2886,11154.8,0.2888,2605.8,0.2889,13555.6
1753600158766,07:09:18.766,bybit,1INCH/USDT:USDT,0.2887,605.9,0.2886,11154.8,0.2888,2605.8,0.2889,13555.6
1753600159067,07:09:19.067,bybit,1INCH/USDT:USDT,0.2887,605.9,0.2886,11154.8,0.2888,2507.7,0.2889,13555.6
1753600159166,07:09:19.166,bybit,1INCH/USDT:USDT,0.2887,605.9,0.2886,8557.0,0.2888,2507.7,0.2889,13555.6
1753600159267,07:09:19.267,bybit,1INCH/USDT:USDT,0.2887,605.9,0.2886,8557.0,0.2888,2605.8,0.2889,13555.6
1753600159367,07:09:19.367,bybit,1INCH/USDT:USDT,0.2887,605.9,0.2886,8557.0,0.2888,2605.8,0.2889,13555.6
1753600159466,07:09:19.466,bybit,1INCH/USDT:USDT,0.2887,605.9,0.2886,8557.0,0.2888,2605.8,0.2889,11743.0
1753600159567,07:09:19.567,bybit,1INCH/USDT:USDT,0.2887,605.9,0.2886,8557.0,0.2888,2507.7,0.2889,11743.0
1753600159667,07:09:19.667,bybit,1INCH/USDT:USDT,0.2887,605.9,0.2886,8557.0,0.2888,2507.7,0.2889,11743.0
1753600160067,07:09:20.067,bybit,1INCH/USDT:USDT,0.2887,605.9,0.2886,8557.0,0.2888,2605.8,0.2889,11743.0
1753600161266,07:09:21.266,bybit,1INCH/USDT:USDT,0.2887,605.9,0.2886,8557.0,0.2888,2605.8,0.2889,11743.0
1753600161467,07:09:21.467,bybit,1INCH/USDT:USDT,0.2887,605.9,0.2886,8557.0,0.2888,2703.9,0.2889,13555.6
1753600161566,07:09:21.566,bybit,1INCH/USDT:USDT,0.2887,605.9,0.2886,8557.0,0.2888,2703.9,0.2889,13555.6
1753600162667,07:09:22.667,bybit,1INCH/USDT:USDT,0.2887,605.9,0.2886,8557.0,0.2888,2704.9,0.2889,13555.6
1753600163566,07:09:23.566,bybit,1INCH/USDT:USDT,0.2887,605.9,0.2886,8557.0,0.2888,2606.8,0.2889,13555.6
1753600164269,07:09:24.269,bybit,1INCH/USDT:USDT,0.2887,3153.6,0.2886,9282.0,0.2888,1492.8,0.2889,7159.2
1753600164367,07:09:24.367,bybit,1INCH/USDT:USDT,0.2887,3153.6,0.2886,9282.0,0.2888,1492.8,0.2889,7159.2
1753600164467,07:09:24.467,bybit,1INCH/USDT:USDT,0.2887,3153.6,0.2886,9282.0,0.2888,1492.8,0.2889,9777.7
1753600164567,07:09:24.567,bybit,1INCH/USDT:USDT,0.2887,3153.6,0.2886,9282.0,0.2888,1492.8,0.2889,9777.7
1753600164667,07:09:24.667,bybit,1INCH/USDT:USDT,0.2887,3153.6,0.2886,9282.0,0.2888,1492.8,0.2889,9777.7
1753600164967,07:09:24.967,bybit,1INCH/USDT:USDT,0.2887,3153.6,0.2886,9282.0,0.2888,1492.8,0.2889,9777.7
1753600165066,07:09:25.066,bybit,1INCH/USDT:USDT,0.2887,3153.6,0.2886,11879.2,0.2888,1492.8,0.2889,9777.7
1753600165167,07:09:25.167,bybit,1INCH/USDT:USDT,0.2887,3153.6,0.2886,11879.2,0.2888,1453.5,0.2889,9777.7
1753600165267,07:09:25.267,bybit,1INCH/USDT:USDT,0.2887,3153.6,0.2886,11879.2,0.2888,1453.5,0.2889,9777.7
1753600165767,07:09:25.767,bybit,1INCH/USDT:USDT,0.2887,3153.6,0.2886,9282.0,0.2888,1453.5,0.2889,9777.7
1753600166067,07:09:26.067,bybit,1INCH/USDT:USDT,0.2887,3055.5,0.2886,9282.0,0.2888,1453.5,0.2889,9777.7
1753600166167,07:09:26.167,bybit,1INCH/USDT:USDT,0.2887,3055.5,0.2886,9282.0,0.2888,1453.5,0.2889,9777.7
1753600166367,07:09:26.367,bybit,1INCH/USDT:USDT,0.2887,3055.5,0.2886,9282.0,0.2888,1453.5,0.2889,9777.7
1753600166467,07:09:26.467,bybit,1INCH/USDT:USDT,0.2887,2396.5,0.2886,9282.0,0.2888,1453.5,0.2889,9777.7
1753600166566,07:09:26.566,bybit,1INCH/USDT:USDT,0.2887,2298.4,0.2886,9282.0,0.2888,1453.5,0.2889,9777.7
1753600166667,07:09:26.667,bybit,1INCH/USDT:USDT,0.2887,2298.4,0.2886,9282.0,0.2888,1453.5,0.2889,9777.7
1753600166766,07:09:26.766,bybit,1INCH/USDT:USDT,0.2887,2494.6,0.2886,9282.0,0.2888,1453.5,0.2889,9777.7
1753600169266,07:09:29.266,bybit,1INCH/USDT:USDT,0.2887,2494.6,0.2886,9282.0,0.2888,1453.5,0.2889,9777.7
1753600169367,07:09:29.367,bybit,1INCH/USDT:USDT,0.2887,2494.6,0.2886,9282.0,0.2888,1453.5,0.2889,9777.7
1753600169467,07:09:29.467,bybit,1INCH/USDT:USDT,0.2887,2494.6,0.2886,9282.0,0.2888,1453.5,0.2889,9777.7
1753600169966,07:09:29.966,bybit,1INCH/USDT:USDT,0.2887,2494.6,0.2886,9282.0,0.2888,1453.5,0.2889,9777.7
1753600170166,07:09:30.166,bybit,1INCH/USDT:USDT,0.2887,2533.9,0.2886,9282.0,0.2888,1453.5,0.2889,9777.7
1753600170367,07:09:30.367,bybit,1INCH/USDT:USDT,0.2887,2533.9,0.2886,9282.0,0.2888,1453.5,0.2889,9777.7
1753600171167,07:09:31.167,bybit,1INCH/USDT:USDT,0.2887,2533.9,0.2886,9282.0,0.2888,1453.5,0.2889,9777.7
1753600171866,07:09:31.866,bybit,1INCH/USDT:USDT,0.2887,2533.9,0.2886,9282.0,0.2888,1453.5,0.2889,9777.7
1753600171966,07:09:31.966,bybit,1INCH/USDT:USDT,0.2887,2533.9,0.2886,9282.0,0.2888,1453.5,0.2889,9777.7
1753600172467,07:09:32.467,bybit,1INCH/USDT:USDT,0.2887,2533.9,0.2886,9282.0,0.2888,1453.5,0.2889,9777.7
1753600172967,07:09:32.967,bybit,1INCH/USDT:USDT,0.2887,2533.9,0.2886,9282.0,0.2888,1453.5,0.2889,9777.7
1753600173267,07:09:33.267,bybit,1INCH/USDT:USDT,0.2887,2494.6,0.2886,9282.0,0.2888,1453.5,0.2889,9777.7
1753600174067,07:09:34.067,bybit,1INCH/USDT:USDT,0.2887,2494.6,0.2886,9282.0,0.2888,1453.5,0.2889,9777.7
1753600175266,07:09:35.266,bybit,1INCH/USDT:USDT,0.2887,2396.5,0.2886,11879.7,0.2888,1453.5,0.2889,9777.7
1753600175367,07:09:35.367,bybit,1INCH/USDT:USDT,0.2887,2494.6,0.2886,11879.7,0.2888,1453.5,0.2889,9777.7
1753600176367,07:09:36.367,bybit,1INCH/USDT:USDT,0.2887,2494.6,0.2886,11879.7,0.2888,1453.5,0.2889,9777.7
1753600176468,07:09:36.468,bybit,1INCH/USDT:USDT,0.2887,2494.6,0.2886,11879.7,0.2888,1453.5,0.2889,9777.7
1753600176866,07:09:36.866,bybit,1INCH/USDT:USDT,0.2887,2495.3,0.2886,11879.7,0.2888,1453.5,0.2889,9777.7
1753600177567,07:09:37.567,bybit,1INCH/USDT:USDT,0.2887,2397.2,0.2886,11879.7,0.2888,1453.5,0.2889,9777.7
1753600178066,07:09:38.066,bybit,1INCH/USDT:USDT,0.2887,2495.3,0.2886,11879.7,0.2888,1453.5,0.2889,9777.7
1753600178166,07:09:38.166,bybit,1INCH/USDT:USDT,0.2887,2397.2,0.2886,11879.7,0.2888,1453.5,0.2889,9777.7
1753600178867,07:09:38.867,bybit,1INCH/USDT:USDT,0.2887,2495.3,0.2886,11879.7,0.2888,1453.5,0.2889,9777.7
1753600178967,07:09:38.967,bybit,1INCH/USDT:USDT,0.2887,952.4,0.2886,11879.7,0.2888,1551.6,0.2889,9777.7
1753600179067,07:09:39.067,bybit,1INCH/USDT:USDT,0.2887,952.4,0.2886,11879.7,0.2888,2551.6,0.2889,10777.7
1753600179267,07:09:39.267,bybit,1INCH/USDT:USDT,0.2887,952.4,0.2886,11879.7,0.2888,2551.6,0.2889,10777.7
1753600179567,07:09:39.567,bybit,1INCH/USDT:USDT,0.2887,952.4,0.2886,11879.7,0.2888,2453.5,0.2889,10777.7
1753600180367,07:09:40.367,bybit,1INCH/USDT:USDT,0.2887,952.4,0.2886,11879.7,0.2888,2551.6,0.2889,10777.7
1753600180466,07:09:40.466,bybit,1INCH/USDT:USDT,0.2887,952.4,0.2886,11879.7,0.2888,2560.1,0.2889,10777.7
1753600180966,07:09:40.966,bybit,1INCH/USDT:USDT,0.2887,952.4,0.2886,11879.7,0.2888,2560.1,0.2889,10777.7
1753600181067,07:09:41.067,bybit,1INCH/USDT:USDT,0.2887,952.4,0.2886,11879.7,0.2888,2462.0,0.2889,10777.7
1753600181367,07:09:41.367,bybit,1INCH/USDT:USDT,0.2887,952.4,0.2886,11879.7,0.2888,2463.0,0.2889,10777.7
1753600181667,07:09:41.667,bybit,1INCH/USDT:USDT,0.2887,952.4,0.2886,11879.7,0.2888,2463.0,0.2889,10777.7
1753600182067,07:09:42.067,bybit,1INCH/USDT:USDT,0.2887,952.4,0.2886,11879.7,0.2888,2600.4,0.2889,10777.7
1753600182367,07:09:42.367,bybit,1INCH/USDT:USDT,0.2887,952.4,0.2886,11879.7,0.2888,2600.4,0.2889,10777.7
1753600183166,07:09:43.166,bybit,1INCH/USDT:USDT,0.2887,952.4,0.2886,11879.7,0.2888,2502.3,0.2889,10777.7
1753600183268,07:09:43.268,bybit,1INCH/USDT:USDT,0.2887,952.4,0.2886,11879.7,0.2888,2600.4,0.2889,10777.7
1753600183467,07:09:43.467,bybit,1INCH/USDT:USDT,0.2887,952.4,0.2886,11879.7,0.2888,2600.4,0.2889,10777.7
1753600183667,07:09:43.667,bybit,1INCH/USDT:USDT,0.2887,2291.5,0.2886,11879.7,0.2888,1502.3,0.2889,9777.7
1753600183767,07:09:43.767,bybit,1INCH/USDT:USDT,0.2887,2291.5,0.2886,11879.7,0.2888,1502.3,0.2889,9777.7
1753600183867,07:09:43.867,bybit,1INCH/USDT:USDT,0.2887,2291.5,0.2886,11879.7,0.2888,1502.3,0.2889,9777.7
1753600184067,07:09:44.067,bybit,1INCH/USDT:USDT,0.2887,2291.5,0.2886,11879.7,0.2888,1463.0,0.2889,9777.7
1753600184367,07:09:44.367,bybit,1INCH/USDT:USDT,0.2887,2291.5,0.2886,11879.7,0.2888,1463.0,0.2889,9777.7
1753600186067,07:09:46.067,bybit,1INCH/USDT:USDT,0.2887,2291.5,0.2886,11879.7,0.2888,1561.1,0.2889,9777.7
1753600187367,07:09:47.367,bybit,1INCH/USDT:USDT,0.2887,2291.5,0.2886,11879.7,0.2888,1463.0,0.2889,9777.7
1753600187867,07:09:47.867,bybit,1INCH/USDT:USDT,0.2887,2389.6,0.2886,11879.7,0.2888,1463.0,0.2889,9777.7
1753600187967,07:09:47.967,bybit,1INCH/USDT:USDT,0.2887,2487.7,0.2886,11879.7,0.2888,1463.0,0.2889,9777.7
1753600188067,07:09:48.067,bybit,1INCH/USDT:USDT,0.2887,2291.5,0.2886,11879.7,0.2888,1463.0,0.2889,9777.7
1753600188167,07:09:48.167,bybit,1INCH/USDT:USDT,0.2887,2291.5,0.2886,11879.7,0.2888,1463.0,0.2889,9777.7
1753600188467,07:09:48.467,bybit,1INCH/USDT:USDT,0.2887,2291.5,0.2886,11879.7,0.2888,1463.0,0.2889,9777.7
1753600188567,07:09:48.567,bybit,1INCH/USDT:USDT,0.2887,2487.7,0.2886,11879.7,0.2888,1463.0,0.2889,9777.7
1753600189766,07:09:49.766,bybit,1INCH/USDT:USDT,0.2887,2490.2,0.2886,11879.7,0.2888,1463.0,0.2889,9777.7
1753600189867,07:09:49.867,bybit,1INCH/USDT:USDT,0.2887,2490.0,0.2886,11879.7,0.2888,1463.0,0.2889,9777.7
1753600190067,07:09:50.067,bybit,1INCH/USDT:USDT,0.2888,1618.0,0.2887,12419.8,0.2889,2402.0,0.289,10958.8
