timestamp,time,exchange,symbol,bid1_price,bid1_volume,bid2_price,bid2_volume,ask1_price,ask1_volume,ask2_price,ask2_volume
1753599984133,07:06:24.133,binance,ACE/USDT:USDT,0.5928,618.9,0.5927,43.46,0.5929,75.82,0.593,184.81
1753599984802,07:06:24.802,binance,ACE/USDT:USDT,0.5928,618.9,0.5927,43.46,0.5929,75.82,0.593,184.81
1753599984934,07:06:24.934,binance,ACE/USDT:USDT,0.5928,618.9,0.5927,43.46,0.5929,75.82,0.593,184.81
1753599985049,07:06:25.049,binance,ACE/USDT:USDT,0.5928,618.9,0.5927,43.46,0.5929,75.82,0.593,184.81
1753599985211,07:06:25.211,binance,ACE/USDT:USDT,0.5928,618.9,0.5927,43.46,0.5929,75.82,0.593,184.81
1753599986260,07:06:26.260,binance,ACE/USDT:USDT,0.5928,618.9,0.5927,43.46,0.5929,75.82,0.593,218.55
1753599986902,07:06:26.902,binance,ACE/USDT:USDT,0.5928,618.9,0.5927,43.46,0.5929,75.82,0.593,218.55
1753599987009,07:06:27.009,binance,ACE/USDT:USDT,0.5928,618.9,0.5927,43.46,0.5929,75.82,0.593,218.55
1753599988587,07:06:28.587,binance,ACE/USDT:USDT,0.5928,618.9,0.5927,43.46,0.5929,75.82,0.593,218.55
1753599988702,07:06:28.702,binance,ACE/USDT:USDT,0.5928,618.9,0.5927,43.46,0.5929,75.82,0.593,218.55
1753599989302,07:06:29.302,binance,ACE/USDT:USDT,0.5928,618.9,0.5927,43.46,0.5929,75.82,0.593,218.55
1753599989456,07:06:29.456,binance,ACE/USDT:USDT,0.5928,618.9,0.5927,43.46,0.5929,109.56,0.593,218.55
1753599990339,07:06:30.339,binance,ACE/USDT:USDT,0.5928,632.23,0.5927,34.6,0.5929,75.82,0.593,218.55
1753599990443,07:06:30.443,binance,ACE/USDT:USDT,0.5926,13.73,0.5925,28.71,0.5927,163.15,0.5928,353.99
1753599991188,07:06:31.188,binance,ACE/USDT:USDT,0.5921,200.42,0.592,102.73,0.5923,75.82,0.5924,217.31
1753599991291,07:06:31.291,binance,ACE/USDT:USDT,0.5921,200.42,0.592,102.73,0.5923,75.82,0.5924,217.31
1753599991502,07:06:31.502,binance,ACE/USDT:USDT,0.5921,200.42,0.592,102.73,0.5923,75.82,0.5924,217.31
1753599992102,07:06:32.102,binance,ACE/USDT:USDT,0.5921,200.42,0.592,102.73,0.5923,84.54,0.5924,217.31
1753599992342,07:06:32.342,binance,ACE/USDT:USDT,0.5921,200.42,0.592,102.73,0.5923,84.54,0.5924,217.31
1753599992587,07:06:32.587,binance,ACE/USDT:USDT,0.5921,200.42,0.592,102.73,0.5923,84.54,0.5924,217.31
1753599992721,07:06:32.721,binance,ACE/USDT:USDT,0.5921,200.42,0.592,102.73,0.5923,84.54,0.5924,217.31
1753599992902,07:06:32.902,binance,ACE/USDT:USDT,0.5921,200.42,0.592,102.73,0.5923,84.54,0.5924,217.31
1753599993094,07:06:33.094,binance,ACE/USDT:USDT,0.5921,200.42,0.592,102.73,0.5923,84.54,0.5924,217.31
1753599993648,07:06:33.648,binance,ACE/USDT:USDT,0.5924,53.4,0.5923,336.75,0.5926,287.78,0.5927,456.16
1753599993751,07:06:33.751,binance,ACE/USDT:USDT,0.5924,53.4,0.5923,336.75,0.5926,287.78,0.5927,456.16
1753599994002,07:06:34.002,binance,ACE/USDT:USDT,0.5924,53.4,0.5923,336.75,0.5926,287.78,0.5927,456.16
1753599994109,07:06:34.109,binance,ACE/USDT:USDT,0.5924,53.4,0.5923,336.75,0.5926,274.41,0.5927,456.16
1753599994218,07:06:34.218,binance,ACE/USDT:USDT,0.5924,53.4,0.5923,421.17,0.5926,274.41,0.5927,456.16
1753599994321,07:06:34.321,binance,ACE/USDT:USDT,0.5924,53.4,0.5923,421.17,0.5926,274.41,0.5927,456.16
1753599994534,07:06:34.534,binance,ACE/USDT:USDT,0.5924,53.4,0.5923,421.17,0.5926,274.41,0.5927,456.16
1753599994639,07:06:34.639,binance,ACE/USDT:USDT,0.5924,53.4,0.5923,421.17,0.5926,274.41,0.5927,456.16
1753599994764,07:06:34.764,binance,ACE/USDT:USDT,0.5924,53.4,0.5923,440.61,0.5926,274.41,0.5927,456.16
1753599994891,07:06:34.891,binance,ACE/USDT:USDT,0.5924,53.4,0.5923,469.77,0.5926,274.41,0.5927,456.16
1753599995201,07:06:35.201,binance,ACE/USDT:USDT,0.5924,53.4,0.5923,554.12,0.5926,249.36,0.5927,456.15
1753599995302,07:06:35.302,binance,ACE/USDT:USDT,0.5924,53.4,0.5923,609.38,0.5926,249.36,0.5927,456.15
1753599995417,07:06:35.417,binance,ACE/USDT:USDT,0.5924,53.4,0.5923,638.54,0.5926,249.36,0.5927,456.15
1753599995731,07:06:35.731,binance,ACE/USDT:USDT,0.5924,53.4,0.5923,638.54,0.5926,249.36,0.5927,456.15
1753599995902,07:06:35.902,binance,ACE/USDT:USDT,0.5924,53.4,0.5923,638.54,0.5926,249.36,0.5927,456.15
1753599996302,07:06:36.302,binance,ACE/USDT:USDT,0.5924,53.4,0.5923,638.54,0.5926,249.36,0.5927,456.15
1753599996412,07:06:36.412,binance,ACE/USDT:USDT,0.5924,53.4,0.5923,638.54,0.5926,249.36,0.5927,456.15
1753599996902,07:06:36.902,binance,ACE/USDT:USDT,0.5924,53.4,0.5923,638.54,0.5926,249.36,0.5927,456.15
1753599997008,07:06:37.008,binance,ACE/USDT:USDT,0.5924,53.4,0.5923,638.54,0.5926,249.36,0.5927,456.15
1753599997442,07:06:37.442,binance,ACE/USDT:USDT,0.5924,53.4,0.5923,638.54,0.5926,249.36,0.5927,489.91
1753599997602,07:06:37.602,binance,ACE/USDT:USDT,0.5924,53.4,0.5923,638.54,0.5926,249.36,0.5927,489.91
1753599997829,07:06:37.829,binance,ACE/USDT:USDT,0.5924,53.4,0.5923,638.54,0.5926,249.36,0.5927,489.91
1753599997960,07:06:37.960,binance,ACE/USDT:USDT,0.5924,53.4,0.5923,638.54,0.5926,249.36,0.5927,489.91
1753599998502,07:06:38.502,binance,ACE/USDT:USDT,0.5924,53.4,0.5923,460.05,0.5926,249.36,0.5927,489.91
1753599998751,07:06:38.751,binance,ACE/USDT:USDT,0.5924,53.4,0.5923,469.77,0.5926,260.48,0.5927,489.91
1753599998856,07:06:38.856,binance,ACE/USDT:USDT,0.5924,53.4,0.5923,336.75,0.5926,260.48,0.5927,489.91
1753599998998,07:06:38.998,binance,ACE/USDT:USDT,0.5924,53.4,0.5923,460.05,0.5926,260.48,0.5927,489.91
1753599999101,07:06:39.101,binance,ACE/USDT:USDT,0.5924,53.4,0.5923,460.05,0.5926,260.48,0.5927,489.91
1753599999707,07:06:39.707,binance,ACE/USDT:USDT,0.5924,53.4,0.5923,460.05,0.5926,260.48,0.5927,489.91
1753600000164,07:06:40.164,binance,ACE/USDT:USDT,0.5924,53.4,0.5923,460.05,0.5926,294.24,0.5927,489.91
1753600000267,07:06:40.267,binance,ACE/USDT:USDT,0.5924,53.4,0.5923,336.75,0.5926,294.24,0.5927,489.91
1753600000419,07:06:40.419,binance,ACE/USDT:USDT,0.5924,53.4,0.5923,336.75,0.5926,118.87,0.5927,489.91
1753600000531,07:06:40.531,binance,ACE/USDT:USDT,0.5924,53.4,0.5923,505.52,0.5926,85.11,0.5927,456.15
1753600000681,07:06:40.681,binance,ACE/USDT:USDT,0.5924,53.4,0.5923,515.24,0.5926,85.11,0.5927,456.15
1753600000790,07:06:40.790,binance,ACE/USDT:USDT,0.5924,53.4,0.5923,524.96,0.5926,85.11,0.5927,456.15
1753600000909,07:06:40.909,binance,ACE/USDT:USDT,0.5924,53.4,0.5923,544.4,0.5926,85.11,0.5927,456.15
1753600001183,07:06:41.183,binance,ACE/USDT:USDT,0.5924,53.4,0.5923,336.75,0.5925,211.54,0.5926,90.87
1753600001350,07:06:41.350,binance,ACE/USDT:USDT,0.5924,53.4,0.5923,375.63,0.5925,211.54,0.5926,90.87
1753600001451,07:06:41.451,binance,ACE/USDT:USDT,0.5924,53.4,0.5923,469.77,0.5925,211.54,0.5926,90.87
1753600001554,07:06:41.554,binance,ACE/USDT:USDT,0.5924,53.4,0.5923,469.77,0.5925,211.54,0.5926,90.87
1753600001731,07:06:41.731,binance,ACE/USDT:USDT,0.5924,53.4,0.5923,469.77,0.5925,211.54,0.5926,90.87
1753600001856,07:06:41.856,binance,ACE/USDT:USDT,0.5924,53.4,0.5923,469.77,0.5925,211.54,0.5926,90.87
1753600002002,07:06:42.002,binance,ACE/USDT:USDT,0.5924,53.4,0.5923,469.77,0.5925,211.54,0.5926,90.87
1753600002608,07:06:42.608,binance,ACE/USDT:USDT,0.5924,53.4,0.5923,479.49,0.5925,211.54,0.5926,124.63
1753600003102,07:06:43.102,binance,ACE/USDT:USDT,0.5924,53.4,0.5923,479.49,0.5925,211.54,0.5926,124.63
1753600003325,07:06:43.325,binance,ACE/USDT:USDT,0.5924,53.4,0.5923,479.49,0.5925,211.54,0.5926,90.87
1753600003661,07:06:43.661,binance,ACE/USDT:USDT,0.5924,53.4,0.5923,479.49,0.5925,211.54,0.5926,90.87
1753600003766,07:06:43.766,binance,ACE/USDT:USDT,0.5924,53.4,0.5923,479.49,0.5925,211.54,0.5926,90.87
1753600003869,07:06:43.869,binance,ACE/USDT:USDT,0.5924,53.4,0.5923,479.49,0.5925,211.54,0.5926,90.87
1753600004083,07:06:44.083,binance,ACE/USDT:USDT,0.5924,53.4,0.5923,479.49,0.5925,211.54,0.5926,124.63
1753600004242,07:06:44.242,binance,ACE/USDT:USDT,0.5924,62.27,0.5923,346.47,0.5925,211.54,0.5926,90.87
1753600004391,07:06:44.391,binance,ACE/USDT:USDT,0.5924,62.27,0.5923,469.77,0.5925,211.54,0.5926,90.87
1753600004581,07:06:44.581,binance,ACE/USDT:USDT,0.5924,50.97,0.5923,356.19,0.5925,211.54,0.5926,90.87
1753600004730,07:06:44.730,binance,ACE/USDT:USDT,0.5924,50.97,0.5923,460.05,0.5925,211.54,0.5926,90.87
1753600004859,07:06:44.859,binance,ACE/USDT:USDT,0.5924,50.97,0.5923,469.77,0.5925,211.54,0.5926,90.87
1753600005195,07:06:45.195,binance,ACE/USDT:USDT,0.5924,50.97,0.5923,479.49,0.5925,211.54,0.5926,90.87
1753600005402,07:06:45.402,binance,ACE/USDT:USDT,0.5924,50.97,0.5923,479.49,0.5925,211.54,0.5926,90.87
1753600005514,07:06:45.514,binance,ACE/USDT:USDT,0.5924,50.97,0.5923,194.53,0.5925,211.54,0.5926,90.87
1753600005626,07:06:45.626,binance,ACE/USDT:USDT,0.5924,50.97,0.5923,194.53,0.5925,211.54,0.5926,90.87
1753600005800,07:06:45.800,binance,ACE/USDT:USDT,0.5924,50.97,0.5923,194.53,0.5925,211.54,0.5926,90.87
1753600005911,07:06:45.911,binance,ACE/USDT:USDT,0.5924,50.97,0.5923,204.25,0.5925,211.54,0.5926,90.87
1753600006062,07:06:46.062,binance,ACE/USDT:USDT,0.5924,50.97,0.5923,213.97,0.5925,211.54,0.5926,259.66
1753600006502,07:06:46.502,binance,ACE/USDT:USDT,0.5924,50.97,0.5923,213.97,0.5925,211.54,0.5926,293.42
1753600006633,07:06:46.633,binance,ACE/USDT:USDT,0.5924,50.97,0.5923,213.97,0.5925,211.54,0.5926,293.42
1753600006931,07:06:46.931,binance,ACE/USDT:USDT,0.5922,46.8,0.5921,255.45,0.5923,329.82,0.5924,196.83
1753600007035,07:06:47.035,binance,ACE/USDT:USDT,0.5922,56.52,0.5921,31.08,0.5923,340.94,0.5924,228.98
1753600007139,07:06:47.139,binance,ACE/USDT:USDT,0.5922,46.8,0.5921,31.08,0.5923,340.94,0.5924,228.98
1753600007366,07:06:47.366,binance,ACE/USDT:USDT,0.5921,14.2,0.592,235.02,0.5922,140.52,0.5923,217.3
1753600007481,07:06:47.481,binance,ACE/USDT:USDT,0.5921,14.2,0.592,28.71,0.5922,140.52,0.5923,217.3
1753600007611,07:06:47.611,binance,ACE/USDT:USDT,0.5921,14.2,0.592,28.71,0.5922,140.52,0.5923,217.3
1753600007716,07:06:47.716,binance,ACE/USDT:USDT,0.5921,14.2,0.592,28.71,0.5922,140.52,0.5923,217.3
1753600007820,07:06:47.820,binance,ACE/USDT:USDT,0.5921,14.2,0.592,28.71,0.5922,140.52,0.5923,16.88
1753600007946,07:06:47.946,binance,ACE/USDT:USDT,0.5921,14.2,0.592,28.71,0.5922,149.39,0.5923,16.88
1753600008066,07:06:48.066,binance,ACE/USDT:USDT,0.5921,14.2,0.592,28.71,0.5922,149.39,0.5923,16.88
1753600008202,07:06:48.202,binance,ACE/USDT:USDT,0.5921,14.2,0.592,28.71,0.5922,149.39,0.5923,16.88
1753600008431,07:06:48.431,binance,ACE/USDT:USDT,0.5921,14.2,0.592,28.71,0.5922,149.39,0.5923,16.88
1753600008661,07:06:48.661,binance,ACE/USDT:USDT,0.5921,14.2,0.592,28.71,0.5922,149.39,0.5923,16.88
1753600008802,07:06:48.802,binance,ACE/USDT:USDT,0.5921,14.2,0.592,28.71,0.5922,149.39,0.5923,16.88
1753600009202,07:06:49.202,binance,ACE/USDT:USDT,0.5921,14.2,0.592,28.71,0.5922,138.73,0.5923,16.88
1753600009308,07:06:49.308,binance,ACE/USDT:USDT,0.5921,14.2,0.592,28.71,0.5922,138.73,0.5923,16.88
1753600009455,07:06:49.455,binance,ACE/USDT:USDT,0.5921,14.2,0.592,28.71,0.5922,138.73,0.5923,16.88
1753600009559,07:06:49.559,binance,ACE/USDT:USDT,0.5921,14.2,0.592,28.71,0.5922,138.73,0.5923,16.88
1753600009778,07:06:49.778,binance,ACE/USDT:USDT,0.5921,14.2,0.592,28.71,0.5922,138.73,0.5923,16.88
1753600009901,07:06:49.901,binance,ACE/USDT:USDT,0.5921,14.2,0.592,28.71,0.5922,138.73,0.5923,16.88
1753600010002,07:06:50.002,binance,ACE/USDT:USDT,0.5921,14.2,0.592,28.71,0.5922,138.73,0.5923,16.88
1753600010391,07:06:50.391,binance,ACE/USDT:USDT,0.5921,14.2,0.592,28.71,0.5922,138.73,0.5923,16.88
1753600010493,07:06:50.493,binance,ACE/USDT:USDT,0.5921,14.2,0.592,28.71,0.5922,138.73,0.5923,16.88
1753600010902,07:06:50.902,binance,ACE/USDT:USDT,0.5921,14.2,0.592,28.71,0.5922,138.73,0.5923,16.88
1753600011015,07:06:51.015,binance,ACE/USDT:USDT,0.5921,14.2,0.592,28.71,0.5922,138.73,0.5923,16.88
1753600011121,07:06:51.121,binance,ACE/USDT:USDT,0.5921,14.2,0.592,28.71,0.5922,138.73,0.5923,16.88
1753600011502,07:06:51.502,binance,ACE/USDT:USDT,0.5921,14.2,0.592,28.71,0.5922,138.73,0.5923,16.88
1753600011641,07:06:51.641,binance,ACE/USDT:USDT,0.5921,14.2,0.592,28.71,0.5922,138.73,0.5923,16.88
1753600012029,07:06:52.029,binance,ACE/USDT:USDT,0.5921,14.2,0.592,28.71,0.5922,138.73,0.5923,16.88
1753600012132,07:06:52.132,binance,ACE/USDT:USDT,0.5921,14.2,0.592,28.71,0.5922,138.73,0.5923,16.88
1753600012477,07:06:52.477,binance,ACE/USDT:USDT,0.5921,14.2,0.592,28.71,0.5922,138.73,0.5923,16.88
1753600012602,07:06:52.602,binance,ACE/USDT:USDT,0.5921,14.2,0.592,28.71,0.5922,138.73,0.5923,16.88
1753600012752,07:06:52.752,binance,ACE/USDT:USDT,0.5921,14.2,0.592,28.71,0.5922,138.73,0.5923,16.88
1753600012859,07:06:52.859,binance,ACE/USDT:USDT,0.5921,14.2,0.592,28.71,0.5922,138.73,0.5923,16.88
1753600012964,07:06:52.964,binance,ACE/USDT:USDT,0.5921,14.2,0.592,28.71,0.5922,138.73,0.5923,16.88
1753600013202,07:06:53.202,binance,ACE/USDT:USDT,0.5921,14.2,0.592,28.71,0.5922,138.73,0.5923,16.88
1753600013311,07:06:53.311,binance,ACE/USDT:USDT,0.5921,14.2,0.592,28.71,0.5922,138.73,0.5923,16.88
1753600013588,07:06:53.588,binance,ACE/USDT:USDT,0.5921,14.2,0.592,28.71,0.5922,138.73,0.5923,16.88
1753600013802,07:06:53.802,binance,ACE/USDT:USDT,0.5921,14.2,0.592,28.71,0.5922,138.73,0.5923,16.88
1753600013942,07:06:53.942,binance,ACE/USDT:USDT,0.5919,159.45,0.5918,515.24,0.5923,200.42,0.5924,282.04
1753600014046,07:06:54.046,binance,ACE/USDT:USDT,0.5919,159.45,0.5918,1262.28,0.5923,200.42,0.5924,113.21
1753600014150,07:06:54.150,binance,ACE/USDT:USDT,0.592,635.17,0.5919,159.45,0.5924,96.32,0.5925,346.88
1753600014253,07:06:54.253,binance,ACE/USDT:USDT,0.592,635.17,0.5919,159.45,0.5924,96.32,0.5925,346.88
1753600014354,07:06:54.354,binance,ACE/USDT:USDT,0.592,635.17,0.5919,328.31,0.5924,96.32,0.5925,346.88
1753600014512,07:06:54.512,binance,ACE/USDT:USDT,0.592,635.17,0.5919,328.31,0.5924,96.32,0.5925,346.88
1753600014649,07:06:54.649,binance,ACE/USDT:USDT,0.592,635.17,0.5919,328.31,0.5924,96.32,0.5925,346.88
1753600014902,07:06:54.902,binance,ACE/USDT:USDT,0.592,635.17,0.5919,328.31,0.5924,96.32,0.5925,346.88
1753600015033,07:06:55.033,binance,ACE/USDT:USDT,0.592,635.17,0.5919,328.31,0.5924,96.32,0.5925,346.88
1753600015202,07:06:55.202,binance,ACE/USDT:USDT,0.592,635.17,0.5919,328.31,0.5924,96.32,0.5925,346.88
1753600015325,07:06:55.325,binance,ACE/USDT:USDT,0.592,635.17,0.5919,328.31,0.5924,96.32,0.5925,346.88
1753600015433,07:06:55.433,binance,ACE/USDT:USDT,0.592,389.08,0.5919,241.49,0.5923,200.42,0.5924,113.21
1753600015569,07:06:55.569,binance,ACE/USDT:USDT,0.592,389.08,0.5919,72.63,0.5923,200.42,0.5924,113.21
1753600015687,07:06:55.687,binance,ACE/USDT:USDT,0.592,389.08,0.5919,72.63,0.5923,200.42,0.5924,113.21
1753600015789,07:06:55.789,binance,ACE/USDT:USDT,0.592,389.08,0.5919,72.63,0.5923,200.42,0.5924,113.21
1753600015908,07:06:55.908,binance,ACE/USDT:USDT,0.592,389.08,0.5919,72.63,0.5923,200.42,0.5924,113.21
1753600016010,07:06:56.010,binance,ACE/USDT:USDT,0.592,389.08,0.5919,72.63,0.5923,200.42,0.5924,113.21
1753600016184,07:06:56.184,binance,ACE/USDT:USDT,0.592,410.56,0.5919,72.63,0.5923,200.42,0.5924,113.21
1753600016290,07:06:56.290,binance,ACE/USDT:USDT,0.592,410.56,0.5919,72.63,0.5923,200.42,0.5924,113.21
1753600016581,07:06:56.581,binance,ACE/USDT:USDT,0.592,410.56,0.5919,72.63,0.5923,200.42,0.5924,113.21
1753600016692,07:06:56.692,binance,ACE/USDT:USDT,0.592,410.56,0.5919,72.63,0.5923,200.42,0.5924,113.21
1753600017141,07:06:57.141,binance,ACE/USDT:USDT,0.592,410.56,0.5919,72.63,0.5923,200.42,0.5924,113.21
1753600017271,07:06:57.271,binance,ACE/USDT:USDT,0.592,410.56,0.5919,72.63,0.5923,200.42,0.5924,113.21
1753600017441,07:06:57.441,binance,ACE/USDT:USDT,0.592,410.56,0.5919,72.63,0.5923,200.42,0.5924,113.21
1753600017702,07:06:57.702,binance,ACE/USDT:USDT,0.592,221.9,0.5919,72.63,0.5923,200.42,0.5924,113.21
1753600017833,07:06:57.833,binance,ACE/USDT:USDT,0.592,221.9,0.5919,72.63,0.5923,200.42,0.5924,113.21
1753600018207,07:06:58.207,binance,ACE/USDT:USDT,0.592,221.9,0.5919,72.63,0.5923,200.42,0.5924,113.21
1753600018309,07:06:58.309,binance,ACE/USDT:USDT,0.592,221.9,0.5919,72.63,0.5923,200.42,0.5924,113.21
1753600018481,07:06:58.481,binance,ACE/USDT:USDT,0.592,221.9,0.5919,72.63,0.5923,200.42,0.5924,113.21
1753600018802,07:06:58.802,binance,ACE/USDT:USDT,0.592,221.9,0.5919,72.63,0.5923,200.42,0.5924,113.21
1753600018928,07:06:58.928,binance,ACE/USDT:USDT,0.592,221.9,0.5919,72.63,0.5923,200.42,0.5924,113.21
1753600019402,07:06:59.402,binance,ACE/USDT:USDT,0.592,221.9,0.5919,72.63,0.5923,200.42,0.5924,113.21
1753600019538,07:06:59.538,binance,ACE/USDT:USDT,0.592,221.9,0.5919,72.63,0.5923,200.42,0.5924,113.21
1753600019650,07:06:59.650,binance,ACE/USDT:USDT,0.592,221.9,0.5919,159.99,0.5924,96.32,0.5925,357.88
1753600019753,07:06:59.753,binance,ACE/USDT:USDT,0.5922,138.59,0.5921,387.15,0.5927,483.8,0.5928,2642.35
1753600019854,07:06:59.854,binance,ACE/USDT:USDT,0.5926,200.42,0.5925,434.05,0.593,84.7,0.5931,1470.45
1753600019957,07:06:59.957,binance,ACE/USDT:USDT,0.5928,348.42,0.5927,261.98,0.593,47.06,0.5931,89.8
1753600020061,07:07:00.061,binance,ACE/USDT:USDT,0.5928,348.42,0.5927,261.98,0.593,47.06,0.5931,89.77
1753600020175,07:07:00.175,binance,ACE/USDT:USDT,0.5928,348.42,0.5927,261.98,0.5931,55.95,0.5932,101.58
1753600020277,07:07:00.277,binance,ACE/USDT:USDT,0.5928,348.42,0.5927,261.98,0.5931,55.95,0.5932,101.58
1753600020400,07:07:00.400,binance,ACE/USDT:USDT,0.5928,348.42,0.5927,261.98,0.5931,55.95,0.5932,101.58
1753600020504,07:07:00.504,binance,ACE/USDT:USDT,0.5928,348.42,0.5927,261.98,0.5931,55.95,0.5932,101.58
1753600020607,07:07:00.607,binance,ACE/USDT:USDT,0.5928,348.42,0.5927,261.98,0.5931,55.95,0.5932,101.58
1753600020761,07:07:00.761,binance,ACE/USDT:USDT,0.5928,348.42,0.5927,261.98,0.5931,55.95,0.5932,101.58
1753600020863,07:07:00.863,binance,ACE/USDT:USDT,0.5928,348.42,0.5927,261.98,0.5931,55.95,0.5932,101.58
1753600020980,07:07:00.980,binance,ACE/USDT:USDT,0.5928,348.42,0.5927,261.98,0.593,200.42,0.5931,72.82
1753600021084,07:07:01.084,binance,ACE/USDT:USDT,0.5926,200.42,0.5925,354.47,0.5928,86.27,0.5929,72.73
1753600021188,07:07:01.188,binance,ACE/USDT:USDT,0.5926,200.42,0.5925,16.87,0.5928,86.27,0.5929,89.6
1753600021293,07:07:01.293,binance,ACE/USDT:USDT,0.5926,200.42,0.5925,16.87,0.5928,86.27,0.5929,89.6
1753600021541,07:07:01.541,binance,ACE/USDT:USDT,0.5926,200.42,0.5925,16.87,0.5928,86.27,0.5929,89.6
1753600021772,07:07:01.772,binance,ACE/USDT:USDT,0.5924,200.42,0.5923,266.03,0.5927,234.18,0.5928,105.88
1753600021878,07:07:01.878,binance,ACE/USDT:USDT,0.5924,200.42,0.5923,266.03,0.5927,234.18,0.5928,105.88
1753600021986,07:07:01.986,binance,ACE/USDT:USDT,0.5924,200.42,0.5923,266.03,0.5927,234.18,0.5928,105.88
1753600022097,07:07:02.097,binance,ACE/USDT:USDT,0.5924,200.42,0.5923,266.03,0.5927,234.18,0.5928,105.88
1753600022201,07:07:02.201,binance,ACE/USDT:USDT,0.5924,200.42,0.5923,266.03,0.5927,234.18,0.5928,105.88
1753600022310,07:07:02.310,binance,ACE/USDT:USDT,0.5924,200.42,0.5923,266.03,0.5927,234.18,0.5928,105.88
1753600022414,07:07:02.414,binance,ACE/USDT:USDT,0.5924,200.42,0.5923,266.03,0.5927,234.18,0.5928,105.88
1753600022533,07:07:02.533,binance,ACE/USDT:USDT,0.5924,200.42,0.5923,266.03,0.5927,234.18,0.5928,105.88
1753600022702,07:07:02.702,binance,ACE/USDT:USDT,0.5924,200.42,0.5923,266.03,0.5927,234.18,0.5928,105.88
1753600022834,07:07:02.834,binance,ACE/USDT:USDT,0.5924,200.42,0.5923,266.03,0.5927,234.18,0.5928,105.88
1753600022938,07:07:02.938,binance,ACE/USDT:USDT,0.5923,249.14,0.5922,155.48,0.5927,234.18,0.5928,274.65
1753600023040,07:07:03.040,binance,ACE/USDT:USDT,0.5923,249.14,0.5922,227.93,0.5927,234.18,0.5928,274.65
1753600023251,07:07:03.251,binance,ACE/USDT:USDT,0.5924,200.42,0.5923,266.02,0.5927,200.42,0.5928,105.88
1753600023502,07:07:03.502,binance,ACE/USDT:USDT,0.5924,200.42,0.5923,266.02,0.5927,200.42,0.5928,105.88
1753600023791,07:07:03.791,binance,ACE/USDT:USDT,0.5924,200.42,0.5923,266.02,0.5927,200.42,0.5928,105.88
1753600023900,07:07:03.900,binance,ACE/USDT:USDT,0.5924,200.42,0.5923,266.02,0.5927,200.42,0.5928,105.88
1753600024041,07:07:04.041,binance,ACE/USDT:USDT,0.5924,200.42,0.5923,266.02,0.5927,200.42,0.5928,105.88
1753600024302,07:07:04.302,binance,ACE/USDT:USDT,0.5924,200.42,0.5923,266.02,0.5927,200.42,0.5928,105.88
1753600024519,07:07:04.519,binance,ACE/USDT:USDT,0.5924,186.61,0.5923,266.02,0.5927,200.42,0.5928,105.88
1753600024622,07:07:04.622,binance,ACE/USDT:USDT,0.5924,186.61,0.5923,266.02,0.5927,200.42,0.5928,105.88
1753600024881,07:07:04.881,binance,ACE/USDT:USDT,0.5924,186.61,0.5923,266.02,0.5927,200.42,0.5928,105.88
1753600024983,07:07:04.983,binance,ACE/USDT:USDT,0.5924,186.61,0.5923,266.02,0.5927,234.18,0.5928,105.88
1753600025102,07:07:05.102,binance,ACE/USDT:USDT,0.5924,186.61,0.5923,266.02,0.5927,234.18,0.5928,105.88
1753600025431,07:07:05.431,binance,ACE/USDT:USDT,0.5924,186.61,0.5923,266.02,0.5927,234.18,0.5928,105.88
1753600025567,07:07:05.567,binance,ACE/USDT:USDT,0.5924,186.61,0.5923,266.02,0.5927,234.18,0.5928,105.88
1753600025670,07:07:05.670,binance,ACE/USDT:USDT,0.5924,186.61,0.5923,266.02,0.5927,234.18,0.5928,105.88
1753600025781,07:07:05.781,binance,ACE/USDT:USDT,0.5924,186.61,0.5923,266.02,0.5927,234.18,0.5928,105.88
1753600026105,07:07:06.105,binance,ACE/USDT:USDT,0.5923,88.74,0.5922,89.34,0.5925,234.19,0.5926,16.89
1753600026207,07:07:06.207,binance,ACE/USDT:USDT,0.5923,88.74,0.5922,89.34,0.5925,234.19,0.5926,16.89
1753600026334,07:07:06.334,binance,ACE/USDT:USDT,0.5923,88.74,0.5922,89.34,0.5925,234.19,0.5926,16.89
1753600026571,07:07:06.571,binance,ACE/USDT:USDT,0.5923,88.74,0.5922,324.07,0.5925,200.42,0.5926,50.66
1753600026691,07:07:06.691,binance,ACE/USDT:USDT,0.5923,88.74,0.5922,324.07,0.5925,200.42,0.5926,52.73
1753600027042,07:07:07.042,binance,ACE/USDT:USDT,0.5923,88.74,0.5922,324.07,0.5925,200.42,0.5926,52.73
1753600027148,07:07:07.148,binance,ACE/USDT:USDT,0.5923,88.74,0.5922,354.13,0.5925,200.42,0.5926,52.73
1753600027336,07:07:07.336,binance,ACE/USDT:USDT,0.5923,88.74,0.5922,354.13,0.5925,200.42,0.5926,52.73
1753600027582,07:07:07.582,binance,ACE/USDT:USDT,0.5923,88.74,0.5922,354.13,0.5925,200.42,0.5926,18.96
1753600027692,07:07:07.692,binance,ACE/USDT:USDT,0.5923,88.74,0.5922,354.13,0.5925,200.42,0.5926,18.96
1753600028102,07:07:08.102,binance,ACE/USDT:USDT,0.5923,88.74,0.5922,354.13,0.5925,200.42,0.5926,18.96
1753600028271,07:07:08.271,binance,ACE/USDT:USDT,0.5924,8.87,0.5923,16.89,0.5925,200.42,0.5926,18.96
1753600028376,07:07:08.376,binance,ACE/USDT:USDT,0.5924,8.87,0.5923,16.89,0.5925,200.42,0.5926,18.96
1753600028481,07:07:08.481,binance,ACE/USDT:USDT,0.5924,8.87,0.5923,16.89,0.5925,200.42,0.5926,18.96
1753600028845,07:07:08.845,binance,ACE/USDT:USDT,0.5924,8.87,0.5923,16.89,0.5925,261.91,0.5926,18.96
1753600028974,07:07:08.974,binance,ACE/USDT:USDT,0.5924,8.87,0.5923,16.89,0.5925,261.91,0.5926,18.96
1753600029076,07:07:09.076,binance,ACE/USDT:USDT,0.5924,8.87,0.5923,16.89,0.5925,261.91,0.5926,18.96
1753600029252,07:07:09.252,binance,ACE/USDT:USDT,0.5924,8.87,0.5923,16.89,0.5925,261.91,0.5926,18.96
1753600029356,07:07:09.356,binance,ACE/USDT:USDT,0.5924,8.87,0.5923,16.89,0.5925,261.91,0.5926,18.96
1753600029474,07:07:09.474,binance,ACE/USDT:USDT,0.5924,8.87,0.5923,16.89,0.5925,261.91,0.5926,52.72
1753600029586,07:07:09.586,binance,ACE/USDT:USDT,0.5924,8.87,0.5923,16.89,0.5925,261.91,0.5926,52.72
1753600029961,07:07:09.961,binance,ACE/USDT:USDT,0.5924,8.87,0.5923,16.89,0.5925,261.91,0.5926,52.72
1753600030087,07:07:10.087,binance,ACE/USDT:USDT,0.5924,8.87,0.5923,16.89,0.5925,61.49,0.5926,52.72
1753600030191,07:07:10.191,binance,ACE/USDT:USDT,0.5924,8.87,0.5923,16.89,0.5925,61.49,0.5926,52.72
1753600030293,07:07:10.293,binance,ACE/USDT:USDT,0.5924,8.87,0.5923,16.89,0.5925,61.49,0.5926,52.72
1753600030394,07:07:10.394,binance,ACE/USDT:USDT,0.5924,8.87,0.5923,16.89,0.5925,61.49,0.5926,52.72
1753600030502,07:07:10.502,binance,ACE/USDT:USDT,0.5924,8.87,0.5923,16.89,0.5925,61.49,0.5926,52.72
1753600030709,07:07:10.709,binance,ACE/USDT:USDT,0.5924,8.87,0.5923,16.89,0.5925,61.49,0.5926,52.72
1753600030831,07:07:10.831,binance,ACE/USDT:USDT,0.5924,8.87,0.5923,16.89,0.5925,61.49,0.5926,52.72
1753600030977,07:07:10.977,binance,ACE/USDT:USDT,0.5924,8.87,0.5923,16.89,0.5925,61.49,0.5926,52.72
1753600031174,07:07:11.174,binance,ACE/USDT:USDT,0.5924,8.87,0.5923,16.89,0.5925,61.49,0.5926,52.72
1753600031291,07:07:11.291,binance,ACE/USDT:USDT,0.5924,8.87,0.5923,16.89,0.5925,131.76,0.5926,52.72
1753600031399,07:07:11.399,binance,ACE/USDT:USDT,0.5924,8.87,0.5923,16.89,0.5925,131.76,0.5926,52.72
1753600031501,07:07:11.501,binance,ACE/USDT:USDT,0.5924,8.87,0.5923,16.89,0.5925,131.76,0.5926,52.72
1753600031902,07:07:11.902,binance,ACE/USDT:USDT,0.5924,8.87,0.5923,16.89,0.5925,131.76,0.5926,52.72
1753600032101,07:07:12.101,binance,ACE/USDT:USDT,0.5924,8.87,0.5923,16.89,0.5925,131.76,0.5926,52.72
1753600032419,07:07:12.419,binance,ACE/USDT:USDT,0.5924,42.63,0.5923,185.65,0.5927,244.49,0.5928,121.93
1753600032522,07:07:12.522,binance,ACE/USDT:USDT,0.5924,42.63,0.5923,215.7,0.5927,244.49,0.5928,121.93
1753600032721,07:07:12.721,binance,ACE/USDT:USDT,0.5924,42.63,0.5923,215.7,0.5927,244.49,0.5928,121.93
1753600032824,07:07:12.824,binance,ACE/USDT:USDT,0.5924,42.63,0.5923,215.7,0.5927,244.49,0.5928,121.93
1753600033043,07:07:13.043,binance,ACE/USDT:USDT,0.5924,42.63,0.5923,215.7,0.5927,244.49,0.5928,121.93
1753600033151,07:07:13.151,binance,ACE/USDT:USDT,0.5924,42.63,0.5923,215.7,0.5927,244.49,0.5928,121.93
1753600033371,07:07:13.371,binance,ACE/USDT:USDT,0.5924,42.63,0.5923,215.7,0.5927,244.49,0.5928,121.93
1753600033474,07:07:13.474,binance,ACE/USDT:USDT,0.5924,42.63,0.5923,216.49,0.5927,233.11,0.5928,121.93
1753600033602,07:07:13.602,binance,ACE/USDT:USDT,0.5924,8.87,0.5923,171.67,0.5927,233.11,0.5928,290.69
1753600033723,07:07:13.723,binance,ACE/USDT:USDT,0.5924,8.87,0.5923,171.67,0.5926,138.59,0.5927,233.11
1753600033833,07:07:13.833,binance,ACE/USDT:USDT,0.5924,8.87,0.5923,171.67,0.5926,155.47,0.5927,260.99
1753600033936,07:07:13.936,binance,ACE/USDT:USDT,0.5924,8.87,0.5923,140.53,0.5926,138.59,0.5927,260.99
1753600034039,07:07:14.039,binance,ACE/USDT:USDT,0.5924,8.87,0.5923,140.53,0.5927,75.79,0.5928,174.08
1753600034142,07:07:14.142,binance,ACE/USDT:USDT,0.5925,200.42,0.5924,43.13,0.5927,75.79,0.5928,174.08
1753600034245,07:07:14.245,binance,ACE/USDT:USDT,0.5926,8.86,0.5925,217.3,0.5928,130.06,0.5929,103.5
1753600034359,07:07:14.359,binance,ACE/USDT:USDT,0.5926,8.86,0.5925,217.3,0.5927,599.12,0.5928,108.95
1753600034464,07:07:14.464,binance,ACE/USDT:USDT,0.5926,8.86,0.5925,217.3,0.5927,200.42,0.5928,108.95
1753600034571,07:07:14.571,binance,ACE/USDT:USDT,0.5926,8.86,0.5925,217.3,0.5927,200.42,0.5928,108.95
1753600034674,07:07:14.674,binance,ACE/USDT:USDT,0.5926,8.86,0.5925,217.3,0.5927,200.42,0.5928,108.95
1753600035041,07:07:15.041,binance,ACE/USDT:USDT,0.5923,273.19,0.5922,490.6,0.5927,200.42,0.5928,365.67
1753600035142,07:07:15.142,binance,ACE/USDT:USDT,0.5924,200.42,0.5923,85.2,0.5927,200.42,0.5928,365.67
1753600035260,07:07:15.260,binance,ACE/USDT:USDT,0.5924,436.98,0.5923,85.2,0.5927,200.42,0.5928,365.67
1753600035661,07:07:15.661,binance,ACE/USDT:USDT,0.5924,436.98,0.5923,85.2,0.5927,200.42,0.5928,365.67
1753600035796,07:07:15.796,binance,ACE/USDT:USDT,0.5924,436.98,0.5923,85.2,0.5927,200.42,0.5928,365.67
1753600035903,07:07:15.903,binance,ACE/USDT:USDT,0.5924,436.98,0.5923,85.2,0.5927,200.42,0.5928,365.67
1753600036134,07:07:16.134,binance,ACE/USDT:USDT,0.5924,473.18,0.5923,85.2,0.5927,200.42,0.5928,365.67
1753600036239,07:07:16.239,binance,ACE/USDT:USDT,0.5924,473.18,0.5923,85.2,0.5927,200.42,0.5928,365.67
1753600036792,07:07:16.792,binance,ACE/USDT:USDT,0.5924,473.18,0.5923,85.2,0.5927,200.42,0.5928,365.67
1753600037302,07:07:17.302,binance,ACE/USDT:USDT,0.5924,473.18,0.5923,85.2,0.5927,234.18,0.5928,399.43
1753600037409,07:07:17.409,binance,ACE/USDT:USDT,0.5924,473.18,0.5923,118.96,0.5927,234.18,0.5928,399.43
1753600037880,07:07:17.880,binance,ACE/USDT:USDT,0.5924,406.14,0.5923,118.96,0.5927,234.18,0.5928,399.43
1753600038202,07:07:18.202,binance,ACE/USDT:USDT,0.5924,436.19,0.5923,50.64,0.5927,200.42,0.5928,399.43
1753600038317,07:07:18.317,binance,ACE/USDT:USDT,0.5924,500.0,0.5923,50.64,0.5927,200.42,0.5928,399.43
1753600038421,07:07:18.421,binance,ACE/USDT:USDT,0.5924,500.0,0.5923,50.64,0.5927,200.42,0.5928,399.43
1753600038764,07:07:18.764,binance,ACE/USDT:USDT,0.5924,500.0,0.5923,50.64,0.5927,200.42,0.5928,399.43
1753600038867,07:07:18.867,binance,ACE/USDT:USDT,0.5924,500.0,0.5923,50.64,0.5927,200.42,0.5928,399.43
1753600038983,07:07:18.983,binance,ACE/USDT:USDT,0.5924,397.55,0.5923,50.64,0.5927,234.18,0.5928,399.43
1753600039111,07:07:19.111,binance,ACE/USDT:USDT,0.5924,427.6,0.5923,50.64,0.5927,234.18,0.5928,399.43
1753600039402,07:07:19.402,binance,ACE/USDT:USDT,0.5924,427.6,0.5923,50.64,0.5927,234.18,0.5928,399.43
1753600039602,07:07:19.602,binance,ACE/USDT:USDT,0.5924,465.33,0.5923,50.64,0.5927,234.18,0.5928,399.43
1753600039705,07:07:19.705,binance,ACE/USDT:USDT,0.5924,578.25,0.5923,50.64,0.5927,200.42,0.5928,196.93
1753600039925,07:07:19.925,binance,ACE/USDT:USDT,0.5924,578.25,0.5923,50.64,0.5927,200.42,0.5928,196.93
1753600040109,07:07:20.109,binance,ACE/USDT:USDT,0.5924,672.18,0.5923,50.64,0.5927,200.42,0.5928,196.93
1753600040221,07:07:20.221,binance,ACE/USDT:USDT,0.5924,738.78,0.5923,50.64,0.5927,200.42,0.5928,196.93
1753600040441,07:07:20.441,binance,ACE/USDT:USDT,0.5924,738.78,0.5923,50.64,0.5927,200.42,0.5928,196.93
1753600040691,07:07:20.691,binance,ACE/USDT:USDT,0.5924,738.78,0.5923,50.64,0.5927,200.42,0.5928,196.93
1753600041002,07:07:21.002,binance,ACE/USDT:USDT,0.5924,738.78,0.5923,50.64,0.5927,200.42,0.5928,196.93
1753600041202,07:07:21.202,binance,ACE/USDT:USDT,0.5924,800.76,0.5923,50.64,0.5927,200.42,0.5928,196.93
1753600041591,07:07:21.591,binance,ACE/USDT:USDT,0.5924,800.76,0.5923,50.64,0.5927,200.42,0.5928,196.93
1753600041728,07:07:21.728,binance,ACE/USDT:USDT,0.5924,800.76,0.5923,50.64,0.5927,200.42,0.5928,196.93
1753600041831,07:07:21.831,binance,ACE/USDT:USDT,0.5924,800.76,0.5923,50.64,0.5927,200.42,0.5928,196.93
1753600042102,07:07:22.102,binance,ACE/USDT:USDT,0.5924,800.76,0.5923,50.64,0.5927,200.42,0.5928,196.93
1753600042251,07:07:22.251,binance,ACE/USDT:USDT,0.5924,800.76,0.5923,50.64,0.5927,200.42,0.5928,196.93
1753600042404,07:07:22.404,binance,ACE/USDT:USDT,0.5924,800.76,0.5923,50.64,0.5927,200.42,0.5928,196.93
1753600042802,07:07:22.802,binance,ACE/USDT:USDT,0.5924,800.76,0.5923,50.64,0.5927,200.42,0.5928,230.69
1753600042905,07:07:22.905,binance,ACE/USDT:USDT,0.5924,600.34,0.5923,50.64,0.5927,200.42,0.5928,399.45
1753600043009,07:07:23.009,binance,ACE/USDT:USDT,0.5924,566.58,0.5923,16.88,0.5927,200.42,0.5928,399.45
1753600043300,07:07:23.300,binance,ACE/USDT:USDT,0.5924,596.63,0.5923,16.88,0.5927,200.42,0.5928,365.69
1753600043433,07:07:23.433,binance,ACE/USDT:USDT,0.5924,596.63,0.5923,16.88,0.5927,200.42,0.5928,365.69
1753600043902,07:07:23.902,binance,ACE/USDT:USDT,0.5924,596.63,0.5923,16.88,0.5927,200.42,0.5928,365.69
1753600044097,07:07:24.097,binance,ACE/USDT:USDT,0.5924,596.63,0.5923,16.88,0.5927,200.42,0.5928,365.69
1753600044235,07:07:24.235,binance,ACE/USDT:USDT,0.5924,596.63,0.5923,16.88,0.5927,200.42,0.5928,365.69
1753600044802,07:07:24.802,binance,ACE/USDT:USDT,0.5924,596.63,0.5923,16.88,0.5927,200.42,0.5928,365.69
1753600045102,07:07:25.102,binance,ACE/USDT:USDT,0.5924,630.39,0.5923,16.88,0.5927,200.42,0.5928,365.69
1753600045402,07:07:25.402,binance,ACE/USDT:USDT,0.5924,630.39,0.5923,16.88,0.5927,200.42,0.5928,365.69
1753600045681,07:07:25.681,binance,ACE/USDT:USDT,0.5924,630.39,0.5923,16.88,0.5927,200.42,0.5928,365.69
1753600046002,07:07:26.002,binance,ACE/USDT:USDT,0.5924,630.39,0.5923,16.88,0.5927,200.42,0.5928,365.69
1753600046159,07:07:26.159,binance,ACE/USDT:USDT,0.5924,630.39,0.5923,16.88,0.5927,209.28,0.5928,365.69
1753600046301,07:07:26.301,binance,ACE/USDT:USDT,0.5924,630.39,0.5923,16.88,0.5927,209.28,0.5928,365.69
1753600046462,07:07:26.462,binance,ACE/USDT:USDT,0.5924,630.39,0.5923,16.88,0.5927,209.28,0.5928,365.69
1753600046602,07:07:26.602,binance,ACE/USDT:USDT,0.5924,630.39,0.5923,16.88,0.5927,209.28,0.5928,365.69
1753600046802,07:07:26.802,binance,ACE/USDT:USDT,0.5924,630.39,0.5923,16.88,0.5927,209.28,0.5928,365.69
1753600047202,07:07:27.202,binance,ACE/USDT:USDT,0.5924,630.39,0.5923,16.88,0.5927,209.28,0.5928,365.69
1753600047311,07:07:27.311,binance,ACE/USDT:USDT,0.5924,630.39,0.5923,16.88,0.5927,209.28,0.5928,365.69
1753600047754,07:07:27.754,binance,ACE/USDT:USDT,0.5924,596.63,0.5923,16.88,0.5927,243.04,0.5928,399.45
1753600047871,07:07:27.871,binance,ACE/USDT:USDT,0.5924,596.63,0.5923,16.88,0.5927,243.04,0.5928,399.45
1753600048302,07:07:28.302,binance,ACE/USDT:USDT,0.5924,596.63,0.5923,16.88,0.5927,243.04,0.5928,399.45
1753600048411,07:07:28.411,binance,ACE/USDT:USDT,0.5924,596.63,0.5923,16.88,0.5927,243.04,0.5928,399.45
1753600048533,07:07:28.533,binance,ACE/USDT:USDT,0.5924,596.63,0.5923,50.64,0.5927,243.04,0.5928,399.45
1753600048637,07:07:28.637,binance,ACE/USDT:USDT,0.5924,630.39,0.5923,50.64,0.5927,243.04,0.5928,399.45
1753600048902,07:07:28.902,binance,ACE/USDT:USDT,0.5924,630.39,0.5923,50.64,0.5927,243.04,0.5928,399.45
1753600049101,07:07:29.101,binance,ACE/USDT:USDT,0.5924,630.39,0.5923,50.64,0.5927,243.04,0.5928,399.45
1753600049290,07:07:29.290,binance,ACE/USDT:USDT,0.5924,630.39,0.5923,50.64,0.5927,243.04,0.5928,399.45
1753600049445,07:07:29.445,binance,ACE/USDT:USDT,0.5924,630.39,0.5923,50.64,0.5927,243.04,0.5928,399.45
1753600049551,07:07:29.551,binance,ACE/USDT:USDT,0.5924,630.39,0.5923,50.64,0.5927,243.04,0.5928,399.45
1753600049694,07:07:29.694,binance,ACE/USDT:USDT,0.5924,630.39,0.5923,50.64,0.5927,243.04,0.5928,399.45
1753600049902,07:07:29.902,binance,ACE/USDT:USDT,0.5924,630.39,0.5923,50.64,0.5927,243.04,0.5928,399.45
1753600050102,07:07:30.102,binance,ACE/USDT:USDT,0.5924,630.39,0.5923,50.64,0.5927,243.04,0.5928,399.45
1753600050320,07:07:30.320,binance,ACE/USDT:USDT,0.5924,230.47,0.5923,216.32,0.5926,119.71,0.5927,36.74
1753600050425,07:07:30.425,binance,ACE/USDT:USDT,0.5924,200.42,0.5923,107.03,0.5926,119.71,0.5927,36.74
1753600050527,07:07:30.527,binance,ACE/USDT:USDT,0.5924,200.42,0.5923,16.88,0.5926,119.71,0.5927,36.74
1753600050630,07:07:30.630,binance,ACE/USDT:USDT,0.5924,200.42,0.5923,16.88,0.5926,119.71,0.5927,36.74
1753600050734,07:07:30.734,binance,ACE/USDT:USDT,0.5924,200.42,0.5923,16.88,0.5926,8.86,0.5927,36.74
1753600050857,07:07:30.857,binance,ACE/USDT:USDT,0.5924,200.42,0.5923,104.94,0.5926,8.86,0.5927,25.74
1753600051021,07:07:31.021,binance,ACE/USDT:USDT,0.5924,200.42,0.5923,104.94,0.5926,8.86,0.5927,25.74
1753600051131,07:07:31.131,binance,ACE/USDT:USDT,0.5924,200.42,0.5923,346.55,0.5926,8.86,0.5927,25.74
1753600051369,07:07:31.369,binance,ACE/USDT:USDT,0.5924,200.42,0.5923,346.55,0.5926,8.86,0.5927,25.74
1753600051681,07:07:31.681,binance,ACE/USDT:USDT,0.5924,200.42,0.5923,346.55,0.5926,8.86,0.5927,25.74
1753600051850,07:07:31.850,binance,ACE/USDT:USDT,0.5924,200.42,0.5923,346.55,0.5925,8.87,0.5926,16.88
1753600051956,07:07:31.956,binance,ACE/USDT:USDT,0.5924,200.42,0.5923,346.55,0.5925,8.87,0.5926,16.88
1753600052202,07:07:32.202,binance,ACE/USDT:USDT,0.5924,200.42,0.5923,346.55,0.5925,8.87,0.5926,16.88
1753600052308,07:07:32.308,binance,ACE/USDT:USDT,0.5924,200.42,0.5923,346.55,0.5925,8.87,0.5926,16.88
1753600052416,07:07:32.416,binance,ACE/USDT:USDT,0.5924,200.42,0.5923,346.55,0.5927,22.86,0.5928,417.84
1753600052522,07:07:32.522,binance,ACE/USDT:USDT,0.5924,200.42,0.5923,346.55,0.5927,22.86,0.5928,451.6
1753600052628,07:07:32.628,binance,ACE/USDT:USDT,0.5924,200.42,0.5923,346.55,0.5927,22.86,0.5928,451.6
1753600052740,07:07:32.740,binance,ACE/USDT:USDT,0.5924,200.42,0.5923,346.55,0.5927,22.86,0.5928,451.6
1753600052961,07:07:32.961,binance,ACE/USDT:USDT,0.5924,200.42,0.5923,346.55,0.5927,22.86,0.5928,451.6
1753600053143,07:07:33.143,binance,ACE/USDT:USDT,0.5924,200.42,0.5923,346.55,0.5927,22.86,0.5928,451.6
1753600053251,07:07:33.251,binance,ACE/USDT:USDT,0.5924,200.42,0.5923,346.55,0.5927,22.86,0.5928,451.6
1753600053532,07:07:33.532,binance,ACE/USDT:USDT,0.5924,200.42,0.5923,346.55,0.5927,22.86,0.5928,451.6
1753600053802,07:07:33.802,binance,ACE/USDT:USDT,0.5924,200.42,0.5923,346.55,0.5927,22.86,0.5928,451.6
1753600054102,07:07:34.102,binance,ACE/USDT:USDT,0.5924,200.42,0.5923,346.55,0.5927,56.62,0.5928,451.6
1753600054314,07:07:34.314,binance,ACE/USDT:USDT,0.5924,209.29,0.5923,346.55,0.5927,22.86,0.5928,417.84
1753600054441,07:07:34.441,binance,ACE/USDT:USDT,0.5924,209.29,0.5923,346.55,0.5927,22.86,0.5928,417.84
1753600054661,07:07:34.661,binance,ACE/USDT:USDT,0.5924,209.29,0.5923,346.55,0.5927,22.86,0.5928,417.84
1753600055181,07:07:35.181,binance,ACE/USDT:USDT,0.5924,209.29,0.5923,346.55,0.5927,22.86,0.5928,451.6
1753600055501,07:07:35.501,binance,ACE/USDT:USDT,0.5924,209.29,0.5923,346.55,0.5927,22.86,0.5928,451.6
1753600055702,07:07:35.702,binance,ACE/USDT:USDT,0.5924,209.29,0.5923,346.55,0.5927,22.86,0.5928,451.6
1753600056102,07:07:36.102,binance,ACE/USDT:USDT,0.5924,209.29,0.5923,346.55,0.5927,22.86,0.5928,451.6
1753600056205,07:07:36.205,binance,ACE/USDT:USDT,0.5924,209.29,0.5923,346.55,0.5927,22.86,0.5928,451.6
1753600056313,07:07:36.313,binance,ACE/USDT:USDT,0.5924,220.71,0.5923,346.55,0.5927,22.86,0.5928,451.6
1753600056681,07:07:36.681,binance,ACE/USDT:USDT,0.5924,220.71,0.5923,346.55,0.5927,22.86,0.5928,451.6
1753600056802,07:07:36.802,binance,ACE/USDT:USDT,0.5924,220.71,0.5923,346.55,0.5927,22.86,0.5928,451.6
1753600057116,07:07:37.116,binance,ACE/USDT:USDT,0.5926,200.42,0.5925,138.59,0.5927,22.86,0.5928,417.84
1753600057218,07:07:37.218,binance,ACE/USDT:USDT,0.5926,200.42,0.5925,324.17,0.5929,88.05,0.593,246.15
1753600057322,07:07:37.322,binance,ACE/USDT:USDT,0.5926,210.33,0.5925,565.78,0.5929,71.9,0.593,196.57
1753600057447,07:07:37.447,binance,ACE/USDT:USDT,0.5926,210.33,0.5925,565.78,0.5929,71.9,0.593,196.57
1753600057741,07:07:37.741,binance,ACE/USDT:USDT,0.5926,210.33,0.5925,565.78,0.5929,71.9,0.593,196.57
1753600057844,07:07:37.844,binance,ACE/USDT:USDT,0.5926,222.57,0.5925,397.08,0.5929,71.9,0.593,196.57
1753600058302,07:07:38.302,binance,ACE/USDT:USDT,0.5926,222.57,0.5925,397.08,0.5929,71.9,0.593,196.57
1753600058421,07:07:38.421,binance,ACE/USDT:USDT,0.5926,245.56,0.5925,397.08,0.5929,71.9,0.593,196.57
1753600058565,07:07:38.565,binance,ACE/USDT:USDT,0.5926,245.56,0.5925,397.08,0.5929,71.9,0.593,196.57
1753600058734,07:07:38.734,binance,ACE/USDT:USDT,0.5926,245.56,0.5925,397.08,0.5929,71.9,0.593,196.57
1753600058902,07:07:38.902,binance,ACE/USDT:USDT,0.5926,245.56,0.5925,397.08,0.5929,71.9,0.593,196.57
1753600059503,07:07:39.503,binance,ACE/USDT:USDT,0.5926,245.56,0.5925,397.08,0.5929,71.9,0.593,196.57
1753600059701,07:07:39.701,binance,ACE/USDT:USDT,0.5926,245.56,0.5925,397.08,0.5929,71.9,0.593,196.57
1753600059806,07:07:39.806,binance,ACE/USDT:USDT,0.5926,245.56,0.5925,397.08,0.5929,71.9,0.593,196.57
1753600060102,07:07:40.102,binance,ACE/USDT:USDT,0.5926,245.56,0.5925,397.08,0.5929,71.9,0.593,196.57
1753600060309,07:07:40.309,binance,ACE/USDT:USDT,0.5927,8.86,0.5926,504.05,0.5929,71.9,0.593,196.57
1753600060434,07:07:40.434,binance,ACE/USDT:USDT,0.5927,8.86,0.5926,504.05,0.5929,71.9,0.593,196.57
1753600060702,07:07:40.702,binance,ACE/USDT:USDT,0.5927,8.86,0.5926,504.05,0.5929,71.9,0.593,196.57
1753600060902,07:07:40.902,binance,ACE/USDT:USDT,0.5927,8.86,0.5926,504.05,0.5929,71.9,0.593,196.57
1753600061301,07:07:41.301,binance,ACE/USDT:USDT,0.5927,8.86,0.5926,504.05,0.5929,82.85,0.593,196.57
1753600061459,07:07:41.459,binance,ACE/USDT:USDT,0.5927,8.86,0.5926,504.05,0.5929,82.85,0.593,196.57
1753600061642,07:07:41.642,binance,ACE/USDT:USDT,0.5927,8.86,0.5926,504.05,0.5929,82.85,0.593,196.57
1753600061902,07:07:41.902,binance,ACE/USDT:USDT,0.5927,8.86,0.5926,504.05,0.5929,82.85,0.593,196.57
1753600062005,07:07:42.005,binance,ACE/USDT:USDT,0.5927,8.86,0.5926,504.05,0.5929,82.85,0.593,196.57
1753600062420,07:07:42.420,binance,ACE/USDT:USDT,0.5927,35.1,0.5926,481.06,0.5929,82.85,0.593,196.57
1753600062523,07:07:42.523,binance,ACE/USDT:USDT,0.5927,35.1,0.5926,481.06,0.5929,82.85,0.593,196.57
1753600062702,07:07:42.702,binance,ACE/USDT:USDT,0.5927,35.1,0.5926,481.06,0.5929,82.85,0.593,196.57
1753600063002,07:07:43.002,binance,ACE/USDT:USDT,0.5927,35.1,0.5926,481.06,0.5929,82.85,0.593,196.57
1753600063166,07:07:43.166,binance,ACE/USDT:USDT,0.5927,35.1,0.5926,481.06,0.5929,82.85,0.593,196.57
1753600063479,07:07:43.479,binance,ACE/USDT:USDT,0.5927,39.37,0.5926,481.06,0.5929,82.85,0.593,196.57
1753600063583,07:07:43.583,binance,ACE/USDT:USDT,0.5927,39.37,0.5926,481.06,0.5929,82.85,0.593,196.57
1753600063791,07:07:43.791,binance,ACE/USDT:USDT,0.5927,39.37,0.5926,481.06,0.5929,82.85,0.593,196.57
1753600064102,07:07:44.102,binance,ACE/USDT:USDT,0.5927,39.37,0.5926,481.06,0.5929,82.85,0.593,196.57
1753600064219,07:07:44.219,binance,ACE/USDT:USDT,0.5927,39.37,0.5926,481.06,0.5929,82.85,0.593,196.57
1753600064402,07:07:44.402,binance,ACE/USDT:USDT,0.5927,39.37,0.5926,481.06,0.5929,82.85,0.593,230.31
1753600064506,07:07:44.506,binance,ACE/USDT:USDT,0.5927,39.37,0.5926,481.06,0.5929,82.85,0.593,230.31
1753600064703,07:07:44.703,binance,ACE/USDT:USDT,0.5927,39.37,0.5926,481.06,0.5929,82.85,0.593,230.31
1753600065091,07:07:45.091,binance,ACE/USDT:USDT,0.5927,39.37,0.5926,481.06,0.5929,82.85,0.593,230.31
1753600065202,07:07:45.202,binance,ACE/USDT:USDT,0.5927,39.37,0.5926,481.06,0.5929,82.85,0.593,230.31
1753600065385,07:07:45.385,binance,ACE/USDT:USDT,0.5927,54.3,0.5926,468.82,0.5929,82.85,0.593,230.31
1753600065602,07:07:45.602,binance,ACE/USDT:USDT,0.5927,54.3,0.5926,468.82,0.5929,82.85,0.593,230.31
1753600065863,07:07:45.863,binance,ACE/USDT:USDT,0.5927,54.3,0.5926,468.82,0.5929,82.85,0.593,230.31
1753600066202,07:07:46.202,binance,ACE/USDT:USDT,0.5927,54.3,0.5926,468.82,0.5929,82.85,0.593,230.31
1753600066402,07:07:46.402,binance,ACE/USDT:USDT,0.5927,54.3,0.5926,468.82,0.5929,82.85,0.593,230.31
1753600066567,07:07:46.567,binance,ACE/USDT:USDT,0.5927,54.3,0.5926,468.82,0.5929,82.85,0.593,230.31
1753600066802,07:07:46.802,binance,ACE/USDT:USDT,0.5927,54.3,0.5926,468.82,0.5929,82.85,0.593,230.31
1753600066951,07:07:46.951,binance,ACE/USDT:USDT,0.5927,54.3,0.5926,468.82,0.5929,82.85,0.593,230.31
1753600067054,07:07:47.054,binance,ACE/USDT:USDT,0.5927,54.3,0.5926,468.82,0.5929,82.85,0.593,196.57
1753600067401,07:07:47.401,binance,ACE/USDT:USDT,0.5927,54.3,0.5926,468.82,0.5929,82.85,0.593,196.57
1753600067502,07:07:47.502,binance,ACE/USDT:USDT,0.5927,54.3,0.5926,468.82,0.5929,82.85,0.593,196.57
1753600067691,07:07:47.691,binance,ACE/USDT:USDT,0.5927,54.3,0.5926,468.82,0.5929,82.85,0.593,230.31
1753600067797,07:07:47.797,binance,ACE/USDT:USDT,0.5927,54.3,0.5926,468.82,0.5929,82.85,0.593,230.31
1753600068001,07:07:48.001,binance,ACE/USDT:USDT,0.5927,54.3,0.5926,468.82,0.5929,82.85,0.593,230.31
1753600068202,07:07:48.202,binance,ACE/USDT:USDT,0.5927,54.3,0.5926,468.82,0.5929,82.85,0.593,230.31
1753600068326,07:07:48.326,binance,ACE/USDT:USDT,0.5927,67.09,0.5926,468.82,0.5929,82.85,0.593,196.57
1753600068581,07:07:48.581,binance,ACE/USDT:USDT,0.5927,67.09,0.5926,468.82,0.5929,82.85,0.593,196.57
1753600068802,07:07:48.802,binance,ACE/USDT:USDT,0.5927,67.09,0.5926,468.82,0.5929,82.85,0.593,196.57
1753600069102,07:07:49.102,binance,ACE/USDT:USDT,0.5927,67.09,0.5926,468.82,0.5929,82.85,0.593,196.57
1753600069296,07:07:49.296,binance,ACE/USDT:USDT,0.5927,67.09,0.5926,468.82,0.5929,82.85,0.593,196.57
1753600069402,07:07:49.402,binance,ACE/USDT:USDT,0.5927,67.09,0.5926,468.82,0.5929,82.85,0.593,196.57
1753600069602,07:07:49.602,binance,ACE/USDT:USDT,0.5927,67.09,0.5926,468.82,0.5929,82.85,0.593,196.57
1753600069704,07:07:49.704,binance,ACE/USDT:USDT,0.5927,67.09,0.5926,468.82,0.5929,82.85,0.593,230.31
1753600069941,07:07:49.941,binance,ACE/USDT:USDT,0.5927,67.09,0.5926,468.82,0.5929,82.85,0.593,230.31
1753600070071,07:07:50.071,binance,ACE/USDT:USDT,0.5927,67.09,0.5926,468.82,0.5929,82.85,0.593,230.31
1753600070502,07:07:50.502,binance,ACE/USDT:USDT,0.5927,67.09,0.5926,468.82,0.5929,82.85,0.593,230.31
1753600070802,07:07:50.802,binance,ACE/USDT:USDT,0.5927,67.09,0.5926,468.82,0.5929,82.85,0.593,230.31
1753600071102,07:07:51.102,binance,ACE/USDT:USDT,0.5927,67.09,0.5926,468.82,0.5929,82.85,0.593,230.31
1753600071368,07:07:51.368,binance,ACE/USDT:USDT,0.5927,67.09,0.5926,468.82,0.5929,82.85,0.593,230.31
1753600071501,07:07:51.501,binance,ACE/USDT:USDT,0.5927,67.09,0.5926,468.82,0.5929,82.85,0.593,230.31
1753600071702,07:07:51.702,binance,ACE/USDT:USDT,0.5927,67.09,0.5926,468.82,0.5929,82.85,0.593,230.31
1753600071902,07:07:51.902,binance,ACE/USDT:USDT,0.5927,67.09,0.5926,468.82,0.5929,82.85,0.593,230.31
1753600072300,07:07:52.300,binance,ACE/USDT:USDT,0.5927,67.09,0.5926,468.82,0.5929,82.85,0.593,230.31
1753600072402,07:07:52.402,binance,ACE/USDT:USDT,0.5927,67.09,0.5926,468.82,0.5929,82.85,0.593,230.31
1753600072504,07:07:52.504,binance,ACE/USDT:USDT,0.5927,67.09,0.5926,468.82,0.5929,82.85,0.593,230.31
1753600072740,07:07:52.740,binance,ACE/USDT:USDT,0.5927,67.09,0.5926,468.82,0.5929,82.85,0.593,230.31
1753600072842,07:07:52.842,binance,ACE/USDT:USDT,0.5927,67.09,0.5926,468.82,0.5929,82.85,0.593,230.31
1753600073147,07:07:53.147,binance,ACE/USDT:USDT,0.5927,67.09,0.5926,468.82,0.5929,82.85,0.593,196.57
1753600073381,07:07:53.381,binance,ACE/USDT:USDT,0.5927,67.09,0.5926,468.82,0.5929,82.85,0.593,196.57
1753600073501,07:07:53.501,binance,ACE/USDT:USDT,0.5927,67.09,0.5926,468.82,0.5929,82.85,0.593,196.57
1753600073902,07:07:53.902,binance,ACE/USDT:USDT,0.5927,67.09,0.5926,468.82,0.5929,82.85,0.593,196.57
1753600074263,07:07:54.263,binance,ACE/USDT:USDT,0.5927,67.09,0.5926,468.82,0.5929,82.85,0.593,196.57
1753600074502,07:07:54.502,binance,ACE/USDT:USDT,0.5927,67.09,0.5926,468.82,0.5929,82.85,0.593,196.57
1753600075054,07:07:55.054,binance,ACE/USDT:USDT,0.5927,67.09,0.5926,468.82,0.5929,82.85,0.593,196.57
1753600075171,07:07:55.171,binance,ACE/USDT:USDT,0.5927,67.09,0.5926,468.82,0.5929,82.85,0.593,196.57
1753600075602,07:07:55.602,binance,ACE/USDT:USDT,0.5927,67.09,0.5926,468.82,0.5929,82.85,0.593,196.57
1753600075913,07:07:55.913,binance,ACE/USDT:USDT,0.5927,67.09,0.5926,468.82,0.5929,82.85,0.593,196.57
1753600076066,07:07:56.066,binance,ACE/USDT:USDT,0.5927,67.09,0.5926,468.82,0.5929,82.85,0.593,196.57
1753600076802,07:07:56.802,binance,ACE/USDT:USDT,0.5927,67.09,0.5926,468.82,0.5929,82.85,0.593,196.57
1753600076904,07:07:56.904,binance,ACE/USDT:USDT,0.5927,67.09,0.5926,468.82,0.5929,82.85,0.593,196.57
1753600077381,07:07:57.381,binance,ACE/USDT:USDT,0.5927,67.09,0.5926,468.82,0.5929,82.85,0.593,196.57
1753600077531,07:07:57.531,binance,ACE/USDT:USDT,0.5927,67.09,0.5926,468.82,0.5929,82.85,0.593,196.57
1753600077902,07:07:57.902,binance,ACE/USDT:USDT,0.5927,67.09,0.5926,468.82,0.5929,82.85,0.593,196.57
1753600078102,07:07:58.102,binance,ACE/USDT:USDT,0.5927,67.09,0.5926,468.82,0.5929,82.85,0.593,196.57
1753600078322,07:07:58.322,binance,ACE/USDT:USDT,0.5927,67.09,0.5926,468.82,0.5928,211.37,0.5929,16.87
1753600078429,07:07:58.429,binance,ACE/USDT:USDT,0.5927,100.26,0.5926,468.82,0.5928,211.37,0.5929,16.87
1753600078672,07:07:58.672,binance,ACE/USDT:USDT,0.5927,100.26,0.5926,468.82,0.5928,10.95,0.5929,16.87
1753600078814,07:07:58.814,binance,ACE/USDT:USDT,0.5927,100.26,0.5926,468.82,0.5928,10.95,0.5929,16.87
1753600078931,07:07:58.931,binance,ACE/USDT:USDT,0.5927,100.26,0.5926,468.82,0.5928,10.95,0.5929,16.87
1753600079102,07:07:59.102,binance,ACE/USDT:USDT,0.5927,100.26,0.5926,468.82,0.5928,10.95,0.5929,16.87
1753600079433,07:07:59.433,binance,ACE/USDT:USDT,0.5927,100.26,0.5926,468.82,0.5928,10.95,0.5929,16.87
1753600079541,07:07:59.541,binance,ACE/USDT:USDT,0.5927,100.26,0.5926,468.82,0.5928,10.95,0.5929,16.87
1753600080002,07:08:00.002,binance,ACE/USDT:USDT,0.5927,100.26,0.5926,468.82,0.5928,10.95,0.5929,16.87
1753600080152,07:08:00.152,binance,ACE/USDT:USDT,0.5927,100.26,0.5926,468.82,0.5928,10.95,0.5929,16.87
1753600080325,07:08:00.325,binance,ACE/USDT:USDT,0.5927,100.26,0.5926,468.82,0.5928,10.95,0.5929,16.87
1753600080476,07:08:00.476,binance,ACE/USDT:USDT,0.5927,100.42,0.5926,468.82,0.5928,97.22,0.5929,16.87
1753600080642,07:08:00.642,binance,ACE/USDT:USDT,0.5927,100.42,0.5926,468.82,0.5928,97.22,0.5929,16.87
1753600080791,07:08:00.791,binance,ACE/USDT:USDT,0.5927,100.42,0.5926,468.82,0.5928,97.22,0.5929,16.87
1753600081171,07:08:01.171,binance,ACE/USDT:USDT,0.5927,100.42,0.5926,468.82,0.5928,97.22,0.5929,16.87
1753600081301,07:08:01.301,binance,ACE/USDT:USDT,0.5927,100.42,0.5926,468.82,0.5928,97.22,0.5929,16.87
1753600081472,07:08:01.472,binance,ACE/USDT:USDT,0.5927,100.42,0.5926,468.82,0.5928,97.22,0.5929,16.87
1753600081702,07:08:01.702,binance,ACE/USDT:USDT,0.5927,100.42,0.5926,468.82,0.5928,97.22,0.5929,16.87
1753600081808,07:08:01.808,binance,ACE/USDT:USDT,0.5927,100.42,0.5926,468.82,0.5928,130.97,0.5929,16.87
1753600081980,07:08:01.980,binance,ACE/USDT:USDT,0.5927,100.42,0.5926,268.4,0.5928,130.97,0.5929,16.87
1753600082092,07:08:02.092,binance,ACE/USDT:USDT,0.5927,100.42,0.5926,268.4,0.5928,130.97,0.5929,16.87
1753600082213,07:08:02.213,binance,ACE/USDT:USDT,0.5927,100.42,0.5926,268.4,0.5928,130.97,0.5929,16.87
1753600082381,07:08:02.381,binance,ACE/USDT:USDT,0.5927,100.42,0.5926,268.4,0.5928,130.97,0.5929,16.87
1753600082693,07:08:02.693,binance,ACE/USDT:USDT,0.5924,227.43,0.5923,240.23,0.5926,190.04,0.5927,228.25
1753600082814,07:08:02.814,binance,ACE/USDT:USDT,0.5924,10.13,0.5923,16.88,0.5925,71.59,0.5926,16.88
1753600083057,07:08:03.057,binance,ACE/USDT:USDT,0.5924,10.13,0.5923,16.88,0.5925,71.59,0.5926,16.88
1753600083371,07:08:03.371,binance,ACE/USDT:USDT,0.5923,200.42,0.5922,81.4,0.5924,71.59,0.5926,50.05
1753600083472,07:08:03.472,binance,ACE/USDT:USDT,0.5923,200.42,0.5922,16.88,0.5924,71.59,0.5925,16.88
1753600083580,07:08:03.580,binance,ACE/USDT:USDT,0.5923,200.42,0.5922,16.88,0.5924,71.59,0.5925,16.88
1753600083700,07:08:03.700,binance,ACE/USDT:USDT,0.5923,200.42,0.5922,16.88,0.5924,71.59,0.5925,50.65
1753600083817,07:08:03.817,binance,ACE/USDT:USDT,0.5923,200.42,0.5922,16.88,0.5924,71.59,0.5925,50.65
1753600084038,07:08:04.038,binance,ACE/USDT:USDT,0.5923,200.42,0.5922,16.88,0.5925,33.77,0.5926,47.4
1753600084142,07:08:04.142,binance,ACE/USDT:USDT,0.5923,200.42,0.5922,16.88,0.5925,33.77,0.5926,47.4
1753600084287,07:08:04.287,binance,ACE/USDT:USDT,0.5923,200.42,0.5922,16.88,0.5925,33.77,0.5926,47.4
1753600084391,07:08:04.391,binance,ACE/USDT:USDT,0.5923,200.42,0.5922,16.88,0.5925,33.77,0.5926,47.4
1753600084641,07:08:04.641,binance,ACE/USDT:USDT,0.5923,200.42,0.5922,16.88,0.5925,33.77,0.5926,47.4
1753600084749,07:08:04.749,binance,ACE/USDT:USDT,0.5923,200.42,0.5922,16.88,0.5925,33.77,0.5926,47.4
1753600085002,07:08:05.002,binance,ACE/USDT:USDT,0.5923,200.42,0.5922,16.88,0.5925,33.77,0.5926,47.4
1753600085602,07:08:05.602,binance,ACE/USDT:USDT,0.5923,200.42,0.5922,16.88,0.5926,53.29,0.5927,315.13
1753600085706,07:08:05.706,binance,ACE/USDT:USDT,0.5923,200.42,0.5922,197.45,0.5926,65.48,0.5927,240.57
1753600086171,07:08:06.171,binance,ACE/USDT:USDT,0.5923,200.42,0.5922,197.45,0.5926,65.48,0.5927,324.93
1753600086302,07:08:06.302,binance,ACE/USDT:USDT,0.5923,200.42,0.5922,197.45,0.5926,65.48,0.5927,324.93
1753600086448,07:08:06.448,binance,ACE/USDT:USDT,0.5923,200.42,0.5922,197.45,0.5926,65.48,0.5927,324.93
1753600086577,07:08:06.577,binance,ACE/USDT:USDT,0.5923,200.42,0.5922,197.45,0.5926,65.48,0.5927,324.93
1753600086812,07:08:06.812,binance,ACE/USDT:USDT,0.5923,176.89,0.5922,88.47,0.5925,101.71,0.5926,115.9
1753600086916,07:08:06.916,binance,ACE/USDT:USDT,0.5923,176.89,0.5922,88.47,0.5925,101.71,0.5926,115.9
1753600087020,07:08:07.020,binance,ACE/USDT:USDT,0.5923,176.89,0.5922,88.47,0.5925,101.71,0.5926,115.9
1753600087188,07:08:07.188,binance,ACE/USDT:USDT,0.5923,176.89,0.5922,88.47,0.5925,101.71,0.5926,115.9
1753600087301,07:08:07.301,binance,ACE/USDT:USDT,0.5923,176.89,0.5922,88.47,0.5925,101.71,0.5926,115.9
1753600087802,07:08:07.802,binance,ACE/USDT:USDT,0.5923,176.89,0.5922,88.47,0.5925,101.71,0.5926,115.9
1753600087921,07:08:07.921,binance,ACE/USDT:USDT,0.5923,176.89,0.5922,88.47,0.5925,101.71,0.5926,115.9
1753600088392,07:08:08.392,binance,ACE/USDT:USDT,0.5923,176.89,0.5922,88.47,0.5925,101.71,0.5926,115.9
1753600088495,07:08:08.495,binance,ACE/USDT:USDT,0.5923,176.89,0.5922,88.47,0.5925,101.71,0.5926,115.9
1753600088602,07:08:08.602,binance,ACE/USDT:USDT,0.5923,176.89,0.5922,88.47,0.5925,101.71,0.5926,115.9
1753600088719,07:08:08.719,binance,ACE/USDT:USDT,0.5923,176.89,0.5922,88.47,0.5925,101.71,0.5926,115.9
1753600089002,07:08:09.002,binance,ACE/USDT:USDT,0.5923,176.89,0.5922,88.47,0.5925,109.3,0.5926,115.9
1753600089122,07:08:09.122,binance,ACE/USDT:USDT,0.5923,176.89,0.5922,88.47,0.5925,109.3,0.5926,115.9
1753600089302,07:08:09.302,binance,ACE/USDT:USDT,0.5923,176.89,0.5922,88.47,0.5925,109.3,0.5926,115.9
1753600089602,07:08:09.602,binance,ACE/USDT:USDT,0.5923,176.89,0.5922,88.47,0.5925,109.3,0.5926,115.9
1753600089802,07:08:09.802,binance,ACE/USDT:USDT,0.5923,176.89,0.5922,88.47,0.5925,109.3,0.5926,115.9
1753600090202,07:08:10.202,binance,ACE/USDT:USDT,0.5923,176.89,0.5922,88.47,0.5925,109.3,0.5926,115.9
1753600090802,07:08:10.802,binance,ACE/USDT:USDT,0.5923,176.89,0.5922,88.47,0.5925,109.3,0.5926,115.9
1753600091001,07:08:11.001,binance,ACE/USDT:USDT,0.5923,176.89,0.5922,88.47,0.5925,109.3,0.5926,115.9
1753600091174,07:08:11.174,binance,ACE/USDT:USDT,0.5923,176.89,0.5922,88.47,0.5925,109.3,0.5926,115.9
1753600091381,07:08:11.381,binance,ACE/USDT:USDT,0.5923,176.89,0.5922,88.47,0.5925,109.3,0.5926,115.9
1753600091484,07:08:11.484,binance,ACE/USDT:USDT,0.5923,176.89,0.5922,88.47,0.5925,109.3,0.5926,115.9
1753600091602,07:08:11.602,binance,ACE/USDT:USDT,0.5923,176.89,0.5922,88.47,0.5925,109.3,0.5926,115.9
1753600091789,07:08:11.789,binance,ACE/USDT:USDT,0.5923,176.89,0.5922,88.47,0.5925,109.3,0.5926,115.9
1753600092184,07:08:12.184,binance,ACE/USDT:USDT,0.5923,176.89,0.5922,88.47,0.5925,109.3,0.5926,115.9
1753600092287,07:08:12.287,binance,ACE/USDT:USDT,0.5922,71.59,0.5921,1105.7,0.5925,143.07,0.5926,115.9
1753600092391,07:08:12.391,binance,ACE/USDT:USDT,0.5922,71.59,0.5921,1105.7,0.5925,143.07,0.5926,129.27
1753600092602,07:08:12.602,binance,ACE/USDT:USDT,0.5922,71.59,0.5921,1105.7,0.5925,143.07,0.5926,129.27
1753600092705,07:08:12.705,binance,ACE/USDT:USDT,0.5922,71.59,0.5921,1105.7,0.5925,143.07,0.5926,129.27
1753600092808,07:08:12.808,binance,ACE/USDT:USDT,0.5922,71.59,0.5921,1105.7,0.5925,143.07,0.5926,129.27
1753600092912,07:08:12.912,binance,ACE/USDT:USDT,0.5922,71.59,0.5921,1105.7,0.5925,143.07,0.5926,129.27
1753600093392,07:08:13.392,binance,ACE/USDT:USDT,0.5922,71.59,0.5921,1105.7,0.5925,143.07,0.5926,129.27
1753600093502,07:08:13.502,binance,ACE/USDT:USDT,0.5922,71.59,0.5921,1105.7,0.5925,143.07,0.5926,298.08
1753600093606,07:08:13.606,binance,ACE/USDT:USDT,0.5922,71.59,0.5921,1105.7,0.5925,143.07,0.5926,298.08
1753600093931,07:08:13.931,binance,ACE/USDT:USDT,0.5922,71.59,0.5921,1105.7,0.5925,143.07,0.5926,129.27
1753600094502,07:08:14.502,binance,ACE/USDT:USDT,0.5922,71.59,0.5921,1105.7,0.5925,143.07,0.5926,129.27
1753600094605,07:08:14.605,binance,ACE/USDT:USDT,0.5922,71.59,0.5921,1105.7,0.5925,143.07,0.5926,129.27
1753600094891,07:08:14.891,binance,ACE/USDT:USDT,0.5921,138.59,0.592,88.74,0.5924,234.19,0.5925,497.64
1753600094993,07:08:14.993,binance,ACE/USDT:USDT,0.5921,138.59,0.592,88.74,0.5923,72.32,0.5924,251.08
1753600095101,07:08:15.101,binance,ACE/USDT:USDT,0.5921,200.42,0.592,88.75,0.5923,106.1,0.5924,251.08
1753600095206,07:08:15.206,binance,ACE/USDT:USDT,0.5921,200.42,0.592,88.75,0.5923,106.1,0.5924,251.08
1753600095361,07:08:15.361,binance,ACE/USDT:USDT,0.5921,200.42,0.592,88.75,0.5923,106.1,0.5924,251.08
1753600095502,07:08:15.502,binance,ACE/USDT:USDT,0.5921,200.42,0.592,88.75,0.5923,106.1,0.5924,251.08
1753600095702,07:08:15.702,binance,ACE/USDT:USDT,0.5921,200.42,0.592,88.75,0.5923,106.1,0.5924,251.08
1753600095804,07:08:15.804,binance,ACE/USDT:USDT,0.5921,200.42,0.592,88.75,0.5923,106.1,0.5924,251.08
1753600096009,07:08:16.009,binance,ACE/USDT:USDT,0.5921,200.42,0.592,88.75,0.5923,72.32,0.5924,251.08
1753600096121,07:08:16.121,binance,ACE/USDT:USDT,0.5921,200.42,0.592,88.75,0.5923,72.32,0.5924,251.08
1753600096302,07:08:16.302,binance,ACE/USDT:USDT,0.5921,200.42,0.592,88.75,0.5923,72.32,0.5924,251.08
1753600096602,07:08:16.602,binance,ACE/USDT:USDT,0.5921,284.86,0.592,88.75,0.5923,72.32,0.5924,217.31
1753600096902,07:08:16.902,binance,ACE/USDT:USDT,0.5921,284.86,0.592,88.75,0.5923,72.32,0.5924,217.31
1753600097203,07:08:17.203,binance,ACE/USDT:USDT,0.5921,284.86,0.592,88.75,0.5923,72.32,0.5924,217.31
1753600097402,07:08:17.402,binance,ACE/USDT:USDT,0.5921,284.86,0.592,88.75,0.5923,72.32,0.5924,217.31
1753600097541,07:08:17.541,binance,ACE/USDT:USDT,0.5921,284.86,0.592,88.75,0.5923,72.32,0.5924,251.09
1753600097651,07:08:17.651,binance,ACE/USDT:USDT,0.5921,284.86,0.592,88.75,0.5923,72.32,0.5924,251.09
1753600098102,07:08:18.102,binance,ACE/USDT:USDT,0.5921,284.86,0.592,88.75,0.5923,72.32,0.5924,251.09
1753600098368,07:08:18.368,binance,ACE/USDT:USDT,0.5921,284.86,0.592,88.75,0.5923,72.32,0.5924,251.09
1753600098702,07:08:18.702,binance,ACE/USDT:USDT,0.5921,284.86,0.592,88.75,0.5923,72.32,0.5924,251.09
1753600098831,07:08:18.831,binance,ACE/USDT:USDT,0.5921,284.86,0.592,88.75,0.5923,72.32,0.5924,251.09
1753600099302,07:08:19.302,binance,ACE/USDT:USDT,0.5921,284.86,0.592,88.75,0.5923,72.32,0.5924,251.09
1753600099501,07:08:19.501,binance,ACE/USDT:USDT,0.5921,284.86,0.592,88.75,0.5923,72.32,0.5924,251.09
1753600099866,07:08:19.866,binance,ACE/USDT:USDT,0.5921,284.86,0.592,88.75,0.5923,72.32,0.5924,251.09
1753600099969,07:08:19.969,binance,ACE/USDT:USDT,0.5921,284.86,0.592,88.75,0.5923,72.32,0.5924,251.09
1753600100502,07:08:20.502,binance,ACE/USDT:USDT,0.5921,284.86,0.592,88.75,0.5923,72.32,0.5924,251.09
1753600100964,07:08:20.964,binance,ACE/USDT:USDT,0.5921,284.86,0.592,88.75,0.5923,72.32,0.5924,251.09
1753600101071,07:08:21.071,binance,ACE/USDT:USDT,0.5921,284.86,0.592,88.75,0.5923,72.32,0.5924,251.09
1753600101602,07:08:21.602,binance,ACE/USDT:USDT,0.5921,284.86,0.592,88.75,0.5923,72.32,0.5924,251.09
1753600102181,07:08:22.181,binance,ACE/USDT:USDT,0.5921,284.86,0.592,88.75,0.5923,72.32,0.5924,251.09
1753600102385,07:08:22.385,binance,ACE/USDT:USDT,0.5921,284.86,0.592,88.75,0.5923,72.32,0.5924,251.09
1753600102629,07:08:22.629,binance,ACE/USDT:USDT,0.5921,84.44,0.592,88.75,0.5923,72.32,0.5924,251.09
1753600102802,07:08:22.802,binance,ACE/USDT:USDT,0.5921,84.44,0.592,88.75,0.5923,72.32,0.5924,251.09
1753600102945,07:08:22.945,binance,ACE/USDT:USDT,0.5921,84.44,0.592,88.75,0.5923,72.32,0.5924,251.09
1753600103150,07:08:23.150,binance,ACE/USDT:USDT,0.5921,84.44,0.592,88.75,0.5923,72.32,0.5924,251.09
1753600103302,07:08:23.302,binance,ACE/USDT:USDT,0.5921,84.44,0.592,88.75,0.5923,72.32,0.5924,251.09
1753600103623,07:08:23.623,binance,ACE/USDT:USDT,0.5921,84.44,0.592,88.75,0.5923,72.32,0.5924,251.09
1753600103902,07:08:23.902,binance,ACE/USDT:USDT,0.5921,84.44,0.592,88.75,0.5923,72.32,0.5924,251.09
1753600104151,07:08:24.151,binance,ACE/USDT:USDT,0.5921,84.44,0.592,88.75,0.5923,72.32,0.5924,251.09
1753600104402,07:08:24.402,binance,ACE/USDT:USDT,0.5921,84.44,0.592,88.75,0.5923,88.47,0.5924,251.09
1753600104551,07:08:24.551,binance,ACE/USDT:USDT,0.5921,84.44,0.592,88.75,0.5923,88.47,0.5924,251.09
1753600104672,07:08:24.672,binance,ACE/USDT:USDT,0.5921,84.44,0.592,88.75,0.5923,72.32,0.5924,419.95
1753600104825,07:08:24.825,binance,ACE/USDT:USDT,0.5921,84.44,0.592,88.75,0.5923,72.32,0.5924,419.95
1753600105002,07:08:25.002,binance,ACE/USDT:USDT,0.5921,84.44,0.592,88.75,0.5923,72.32,0.5924,251.09
1753600105106,07:08:25.106,binance,ACE/USDT:USDT,0.5921,84.44,0.592,88.75,0.5923,72.32,0.5924,251.09
1753600105555,07:08:25.555,binance,ACE/USDT:USDT,0.5921,135.4,0.592,88.75,0.5923,72.32,0.5924,217.31
1753600105702,07:08:25.702,binance,ACE/USDT:USDT,0.5921,135.4,0.592,88.75,0.5923,72.32,0.5924,217.31
1753600105950,07:08:25.950,binance,ACE/USDT:USDT,0.5922,200.42,0.5921,152.29,0.5923,72.32,0.5924,217.31
1753600106059,07:08:26.059,binance,ACE/USDT:USDT,0.5922,200.42,0.5921,152.29,0.5923,72.32,0.5924,217.31
1753600106602,07:08:26.602,binance,ACE/USDT:USDT,0.5921,135.4,0.592,226.39,0.5923,72.32,0.5924,217.31
1753600106736,07:08:26.736,binance,ACE/USDT:USDT,0.5921,135.4,0.592,16.89,0.5923,72.32,0.5924,217.31
1753600107162,07:08:27.162,binance,ACE/USDT:USDT,0.5921,135.4,0.592,16.89,0.5923,72.32,0.5924,217.31
1753600107267,07:08:27.267,binance,ACE/USDT:USDT,0.5921,135.4,0.592,16.89,0.5923,72.32,0.5924,251.09
1753600107702,07:08:27.702,binance,ACE/USDT:USDT,0.5921,135.4,0.592,16.89,0.5923,72.32,0.5924,251.09
1753600107849,07:08:27.849,binance,ACE/USDT:USDT,0.5921,135.4,0.592,16.89,0.5923,72.32,0.5924,251.09
1753600108633,07:08:28.633,binance,ACE/USDT:USDT,0.5921,135.4,0.592,16.89,0.5923,72.32,0.5924,251.09
1753600108902,07:08:28.902,binance,ACE/USDT:USDT,0.5921,135.4,0.592,16.89,0.5923,106.1,0.5924,251.09
1753600109008,07:08:29.008,binance,ACE/USDT:USDT,0.5921,135.4,0.592,16.89,0.5923,72.32,0.5924,251.09
1753600109502,07:08:29.502,binance,ACE/USDT:USDT,0.5921,135.4,0.592,16.89,0.5923,106.1,0.5924,251.09
1753600110102,07:08:30.102,binance,ACE/USDT:USDT,0.5921,135.4,0.592,16.89,0.5923,106.1,0.5924,251.09
1753600110634,07:08:30.634,binance,ACE/USDT:USDT,0.5921,135.4,0.592,16.89,0.5923,106.1,0.5924,251.09
1753600110737,07:08:30.737,binance,ACE/USDT:USDT,0.5921,135.4,0.592,16.89,0.5923,106.1,0.5924,251.09
1753600111038,07:08:31.038,binance,ACE/USDT:USDT,0.5921,135.4,0.592,16.89,0.5923,106.1,0.5924,251.09
1753600111202,07:08:31.202,binance,ACE/USDT:USDT,0.5921,135.4,0.592,16.89,0.5923,106.1,0.5924,251.09
1753600111421,07:08:31.421,binance,ACE/USDT:USDT,0.5921,135.4,0.592,16.89,0.5923,106.1,0.5924,419.95
1753600111527,07:08:31.527,binance,ACE/USDT:USDT,0.5921,135.4,0.592,16.89,0.5922,200.42,0.5923,122.99
1753600111633,07:08:31.633,binance,ACE/USDT:USDT,0.5921,135.4,0.592,16.89,0.5922,200.42,0.5923,122.99
1753600111762,07:08:31.762,binance,ACE/USDT:USDT,0.5921,135.4,0.592,16.89,0.5922,200.42,0.5923,122.99
1753600111865,07:08:31.865,binance,ACE/USDT:USDT,0.5921,313.96,0.592,66.37,0.5924,61.75,0.5925,126.19
1753600112091,07:08:32.091,binance,ACE/USDT:USDT,0.5921,145.12,0.592,16.89,0.5924,45.6,0.5925,214.27
1753600112402,07:08:32.402,binance,ACE/USDT:USDT,0.5921,145.12,0.592,16.89,0.5924,45.6,0.5925,214.27
1753600112602,07:08:32.602,binance,ACE/USDT:USDT,0.5922,66.36,0.5921,152.29,0.5924,45.6,0.5925,214.27
1753600112736,07:08:32.736,binance,ACE/USDT:USDT,0.5922,66.36,0.5921,162.01,0.5924,11.83,0.5925,214.27
1753600112961,07:08:32.961,binance,ACE/USDT:USDT,0.5922,66.36,0.5921,171.73,0.5924,11.83,0.5925,214.27
1753600113067,07:08:33.067,binance,ACE/USDT:USDT,0.5922,66.36,0.5921,171.73,0.5924,11.83,0.5925,214.27
1753600113202,07:08:33.202,binance,ACE/USDT:USDT,0.5922,66.36,0.5921,171.73,0.5924,11.83,0.5925,214.27
1753600113502,07:08:33.502,binance,ACE/USDT:USDT,0.5922,66.36,0.5921,171.73,0.5924,11.83,0.5925,214.27
1753600113742,07:08:33.742,binance,ACE/USDT:USDT,0.5922,150.8,0.5921,87.29,0.5924,11.83,0.5925,214.27
1753600113845,07:08:33.845,binance,ACE/USDT:USDT,0.5922,150.8,0.5921,87.29,0.5924,11.83,0.5925,248.04
1753600114102,07:08:34.102,binance,ACE/USDT:USDT,0.5922,150.8,0.5921,87.29,0.5924,11.83,0.5925,248.04
1753600114247,07:08:34.247,binance,ACE/USDT:USDT,0.5922,150.8,0.5921,87.29,0.5924,11.83,0.5925,248.04
1753600114402,07:08:34.402,binance,ACE/USDT:USDT,0.5922,150.8,0.5921,87.29,0.5924,11.83,0.5925,248.04
1753600114643,07:08:34.643,binance,ACE/USDT:USDT,0.5922,66.36,0.5921,67.85,0.5924,11.83,0.5925,248.04
1753600114762,07:08:34.762,binance,ACE/USDT:USDT,0.5922,66.36,0.5921,67.85,0.5924,20.7,0.5925,416.87
1753600114895,07:08:34.895,binance,ACE/USDT:USDT,0.5922,66.36,0.5921,67.85,0.5924,20.7,0.5925,585.7
1753600115054,07:08:35.054,binance,ACE/USDT:USDT,0.5922,66.36,0.5921,67.85,0.5924,20.7,0.5925,585.7
1753600115158,07:08:35.158,binance,ACE/USDT:USDT,0.5922,66.36,0.5921,67.85,0.5924,20.7,0.5925,585.7
1753600115302,07:08:35.302,binance,ACE/USDT:USDT,0.5922,66.36,0.5921,67.85,0.5924,54.47,0.5925,585.7
1753600115485,07:08:35.485,binance,ACE/USDT:USDT,0.5923,66.36,0.5922,16.89,0.5924,20.7,0.5925,551.93
1753600115588,07:08:35.588,binance,ACE/USDT:USDT,0.5923,66.36,0.5922,16.89,0.5924,20.7,0.5925,551.93
1753600115700,07:08:35.700,binance,ACE/USDT:USDT,0.5923,66.36,0.5922,16.89,0.5924,20.7,0.5925,551.93
1753600115861,07:08:35.861,binance,ACE/USDT:USDT,0.5923,66.36,0.5922,16.89,0.5924,20.7,0.5925,551.93
1753600115964,07:08:35.964,binance,ACE/USDT:USDT,0.5923,66.36,0.5922,16.89,0.5924,20.7,0.5925,551.93
1753600116378,07:08:36.378,binance,ACE/USDT:USDT,0.5923,66.36,0.5922,16.89,0.5924,20.7,0.5925,214.27
1753600116502,07:08:36.502,binance,ACE/USDT:USDT,0.5923,66.36,0.5922,16.89,0.5924,20.7,0.5925,214.27
1753600116833,07:08:36.833,binance,ACE/USDT:USDT,0.5923,66.36,0.5922,16.89,0.5924,20.7,0.5925,248.04
1753600117102,07:08:37.102,binance,ACE/USDT:USDT,0.5923,66.36,0.5922,16.89,0.5924,20.7,0.5925,248.04
1753600117204,07:08:37.204,binance,ACE/USDT:USDT,0.5923,66.36,0.5922,16.89,0.5924,20.7,0.5925,248.04
1753600117702,07:08:37.702,binance,ACE/USDT:USDT,0.5923,66.36,0.5922,16.89,0.5924,20.7,0.5925,248.04
1753600118174,07:08:38.174,binance,ACE/USDT:USDT,0.5921,70.4,0.592,104.99,0.5923,357.99,0.5924,1234.52
1753600118276,07:08:38.276,binance,ACE/USDT:USDT,0.5921,70.4,0.592,104.99,0.5923,407.92,0.5924,1403.41
1753600118396,07:08:38.396,binance,ACE/USDT:USDT,0.5921,70.4,0.592,104.99,0.5923,374.14,0.5924,1065.69
1753600118517,07:08:38.517,binance,ACE/USDT:USDT,0.5921,70.4,0.592,104.99,0.5923,374.14,0.5924,1234.55
1753600118630,07:08:38.630,binance,ACE/USDT:USDT,0.5921,70.4,0.592,104.99,0.5923,374.14,0.5924,1234.55
1753600118733,07:08:38.733,binance,ACE/USDT:USDT,0.5921,70.4,0.592,104.99,0.5923,374.14,0.5924,1234.55
1753600118855,07:08:38.855,binance,ACE/USDT:USDT,0.5921,70.4,0.592,104.99,0.5923,357.99,0.5924,1065.69
1753600118965,07:08:38.965,binance,ACE/USDT:USDT,0.5921,70.4,0.592,104.99,0.5923,391.77,0.5924,1234.55
1753600119151,07:08:39.151,binance,ACE/USDT:USDT,0.5921,70.4,0.592,104.99,0.5922,200.42,0.5923,279.26
1753600119255,07:08:39.255,binance,ACE/USDT:USDT,0.5921,70.4,0.592,104.99,0.5922,200.42,0.5923,279.26
1753600119521,07:08:39.521,binance,ACE/USDT:USDT,0.5921,186.74,0.592,104.99,0.5923,262.37,0.5924,1261.71
1753600119625,07:08:39.625,binance,ACE/USDT:USDT,0.5921,186.74,0.592,104.99,0.5923,262.37,0.5924,1261.71
1753600119733,07:08:39.733,binance,ACE/USDT:USDT,0.5921,186.74,0.592,104.99,0.5923,262.37,0.5924,1261.71
1753600119870,07:08:39.870,binance,ACE/USDT:USDT,0.5922,116.34,0.5921,50.96,0.5924,1233.81,0.5925,159.97
1753600119974,07:08:39.974,binance,ACE/USDT:USDT,0.5922,116.34,0.5921,67.85,0.5924,1064.95,0.5925,497.63
1753600120081,07:08:40.081,binance,ACE/USDT:USDT,0.5922,116.34,0.5921,87.29,0.5924,1064.95,0.5925,497.63
1753600120241,07:08:40.241,binance,ACE/USDT:USDT,0.5922,116.34,0.5921,87.29,0.5924,1064.95,0.5925,497.63
1753600120381,07:08:40.381,binance,ACE/USDT:USDT,0.5922,116.34,0.5921,87.29,0.5924,1064.95,0.5925,497.63
1753600120548,07:08:40.548,binance,ACE/USDT:USDT,0.5922,116.34,0.5921,67.85,0.5924,1015.03,0.5925,497.63
1753600120661,07:08:40.661,binance,ACE/USDT:USDT,0.5922,116.34,0.5921,67.85,0.5923,379.16,0.5924,1031.92
1753600120764,07:08:40.764,binance,ACE/USDT:USDT,0.5922,116.34,0.5921,67.85,0.5923,379.16,0.5924,1031.92
1753600120898,07:08:40.898,binance,ACE/USDT:USDT,0.5922,116.34,0.5921,67.85,0.5923,379.16,0.5924,1020.09
1753600121302,07:08:41.302,binance,ACE/USDT:USDT,0.5922,116.34,0.5921,87.29,0.5923,379.16,0.5924,1020.09
1753600121471,07:08:41.471,binance,ACE/USDT:USDT,0.5922,116.34,0.5921,87.29,0.5923,379.16,0.5924,1020.09
1753600121902,07:08:41.902,binance,ACE/USDT:USDT,0.5922,116.34,0.5921,87.29,0.5923,379.16,0.5924,1053.86
1753600122004,07:08:42.004,binance,ACE/USDT:USDT,0.5922,116.34,0.5921,87.29,0.5923,379.16,0.5924,1053.86
1753600122502,07:08:42.502,binance,ACE/USDT:USDT,0.5922,116.34,0.5921,87.29,0.5923,379.16,0.5924,1053.86
1753600123350,07:08:43.350,binance,ACE/USDT:USDT,0.5922,116.34,0.5921,87.29,0.5923,389.22,0.5924,1053.86
1753600123457,07:08:43.457,binance,ACE/USDT:USDT,0.5922,116.34,0.5921,67.85,0.5923,40.74,0.5924,1020.09
1753600123592,07:08:43.592,binance,ACE/USDT:USDT,0.5922,116.34,0.5921,77.57,0.5923,40.74,0.5924,1020.09
1753600123702,07:08:43.702,binance,ACE/USDT:USDT,0.5922,116.34,0.5921,87.29,0.5923,40.74,0.5924,1020.09
1753600124271,07:08:44.271,binance,ACE/USDT:USDT,0.5922,116.34,0.5921,87.29,0.5923,40.74,0.5924,1020.09
1753600124902,07:08:44.902,binance,ACE/USDT:USDT,0.5922,116.34,0.5921,87.29,0.5923,40.74,0.5924,1020.09
1753600125352,07:08:45.352,binance,ACE/USDT:USDT,0.5922,116.34,0.5921,87.29,0.5923,40.74,0.5924,1020.09
1753600125458,07:08:45.458,binance,ACE/USDT:USDT,0.5922,116.34,0.5921,87.29,0.5923,40.74,0.5924,1020.09
1753600125655,07:08:45.655,binance,ACE/USDT:USDT,0.5922,116.34,0.5921,87.29,0.5923,40.74,0.5924,1020.09
1753600126002,07:08:46.002,binance,ACE/USDT:USDT,0.5922,116.34,0.5921,87.29,0.5923,40.74,0.5924,1053.86
1753600127171,07:08:47.171,binance,ACE/USDT:USDT,0.5922,200.42,0.5921,67.85,0.5923,40.74,0.5924,1053.86
1753600127318,07:08:47.318,binance,ACE/USDT:USDT,0.5922,200.42,0.5921,67.85,0.5924,1003.2,0.5925,170.96
1753600127442,07:08:47.442,binance,ACE/USDT:USDT,0.5922,200.42,0.5921,67.85,0.5924,1003.2,0.5925,170.96
1753600127627,07:08:47.627,binance,ACE/USDT:USDT,0.5922,200.42,0.5921,67.85,0.5924,1003.2,0.5925,170.96
1753600127729,07:08:47.729,binance,ACE/USDT:USDT,0.5922,200.42,0.5921,236.66,0.5925,109.3,0.5926,158.79
1753600127831,07:08:47.831,binance,ACE/USDT:USDT,0.5922,200.42,0.5921,236.66,0.5925,67.94,0.5926,314.23
1753600128118,07:08:48.118,binance,ACE/USDT:USDT,0.5922,200.42,0.5921,67.85,0.5925,67.94,0.5926,314.23
1753600128281,07:08:48.281,binance,ACE/USDT:USDT,0.5922,200.42,0.5921,67.85,0.5925,67.94,0.5926,385.11
1753600128433,07:08:48.433,binance,ACE/USDT:USDT,0.5922,200.42,0.5921,67.85,0.5925,67.94,0.5926,385.11
1753600128538,07:08:48.538,binance,ACE/USDT:USDT,0.5922,227.24,0.5921,16.89,0.5925,67.94,0.5926,418.88
1753600128706,07:08:48.706,binance,ACE/USDT:USDT,0.5922,227.24,0.5921,16.89,0.5925,67.94,0.5926,418.88
1753600128881,07:08:48.881,binance,ACE/USDT:USDT,0.5922,227.24,0.5921,16.89,0.5925,67.94,0.5926,418.88
1753600129001,07:08:49.001,binance,ACE/USDT:USDT,0.5922,227.24,0.5921,16.89,0.5925,67.94,0.5926,418.88
1753600129402,07:08:49.402,binance,ACE/USDT:USDT,0.5922,227.24,0.5921,16.89,0.5925,67.94,0.5926,418.88
1753600129980,07:08:49.980,binance,ACE/USDT:USDT,0.5922,218.5,0.5921,16.89,0.5925,101.71,0.5926,418.88
1753600130134,07:08:50.134,binance,ACE/USDT:USDT,0.5922,218.5,0.5921,16.89,0.5925,101.71,0.5926,418.88
1753600130235,07:08:50.235,binance,ACE/USDT:USDT,0.5922,218.5,0.5921,16.89,0.5925,101.71,0.5926,418.88
1753600130602,07:08:50.602,binance,ACE/USDT:USDT,0.5922,218.5,0.5921,16.89,0.5925,101.71,0.5926,418.88
1753600131202,07:08:51.202,binance,ACE/USDT:USDT,0.5922,218.5,0.5921,16.89,0.5925,101.71,0.5926,418.88
1753600131633,07:08:51.633,binance,ACE/USDT:USDT,0.5922,218.5,0.5921,16.89,0.5925,101.71,0.5926,418.88
1753600131739,07:08:51.739,binance,ACE/USDT:USDT,0.5922,218.5,0.5921,16.89,0.5925,67.94,0.5926,418.88
1753600132041,07:08:52.041,binance,ACE/USDT:USDT,0.5922,218.5,0.5921,16.89,0.5925,67.94,0.5926,418.88
1753600132145,07:08:52.145,binance,ACE/USDT:USDT,0.5922,218.5,0.5921,16.89,0.5925,67.94,0.5926,418.88
1753600132302,07:08:52.302,binance,ACE/USDT:USDT,0.5922,218.5,0.5921,16.89,0.5925,67.94,0.5926,418.88
1753600132672,07:08:52.672,binance,ACE/USDT:USDT,0.5922,219.02,0.5921,16.89,0.5925,67.94,0.5926,418.88
1753600132902,07:08:52.902,binance,ACE/USDT:USDT,0.5922,219.02,0.5921,16.89,0.5925,67.94,0.5926,418.88
1753600133003,07:08:53.003,binance,ACE/USDT:USDT,0.5922,219.02,0.5921,16.89,0.5925,67.94,0.5926,418.88
1753600133481,07:08:53.481,binance,ACE/USDT:USDT,0.5922,219.02,0.5921,16.89,0.5925,67.94,0.5926,418.88
1753600133601,07:08:53.601,binance,ACE/USDT:USDT,0.5922,219.02,0.5921,16.89,0.5925,67.94,0.5926,418.88
1753600134452,07:08:54.452,binance,ACE/USDT:USDT,0.5922,219.02,0.5921,16.89,0.5925,67.94,0.5926,418.88
1753600134555,07:08:54.555,binance,ACE/USDT:USDT,0.5922,202.14,0.5921,16.89,0.5925,67.94,0.5926,778.89
1753600134659,07:08:54.659,binance,ACE/USDT:USDT,0.5922,202.14,0.5921,16.89,0.5925,67.94,0.5926,778.89
1753600134871,07:08:54.871,binance,ACE/USDT:USDT,0.5922,202.14,0.5921,16.89,0.5925,67.94,0.5926,778.89
1753600135102,07:08:55.102,binance,ACE/USDT:USDT,0.5922,202.14,0.5921,16.89,0.5925,67.94,0.5926,778.89
1753600135502,07:08:55.502,binance,ACE/USDT:USDT,0.5922,202.14,0.5921,16.89,0.5925,67.94,0.5926,778.89
1753600135612,07:08:55.612,binance,ACE/USDT:USDT,0.5922,202.14,0.5921,16.89,0.5925,67.94,0.5926,778.89
1753600136102,07:08:56.102,binance,ACE/USDT:USDT,0.5922,202.14,0.5921,16.89,0.5925,67.94,0.5926,778.89
1753600136302,07:08:56.302,binance,ACE/USDT:USDT,0.5922,202.14,0.5921,16.89,0.5925,67.94,0.5926,778.89
1753600136506,07:08:56.506,binance,ACE/USDT:USDT,0.5922,202.14,0.5921,185.7,0.5925,42.32,0.5926,745.12
1753600136731,07:08:56.731,binance,ACE/USDT:USDT,0.5922,202.14,0.5921,185.7,0.5925,42.32,0.5926,745.12
1753600137301,07:08:57.301,binance,ACE/USDT:USDT,0.5922,202.14,0.5921,185.7,0.5925,42.32,0.5926,745.12
1753600137411,07:08:57.411,binance,ACE/USDT:USDT,0.5922,202.14,0.5921,185.7,0.5925,42.32,0.5926,745.12
1753600137902,07:08:57.902,binance,ACE/USDT:USDT,0.5922,202.14,0.5921,185.7,0.5925,42.32,0.5926,745.12
1753600138006,07:08:58.006,binance,ACE/USDT:USDT,0.5922,202.14,0.5921,185.7,0.5925,42.32,0.5926,745.12
1753600138204,07:08:58.204,binance,ACE/USDT:USDT,0.5924,200.42,0.5923,155.48,0.5926,188.42,0.5927,374.57
1753600138310,07:08:58.310,binance,ACE/USDT:USDT,0.5924,200.42,0.5923,155.48,0.5926,117.54,0.5927,374.57
1753600138434,07:08:58.434,binance,ACE/USDT:USDT,0.5924,200.42,0.5923,155.48,0.5926,117.54,0.5927,374.57
1753600138802,07:08:58.802,binance,ACE/USDT:USDT,0.5924,200.42,0.5923,155.48,0.5926,117.54,0.5927,374.57
1753600138910,07:08:58.910,binance,ACE/USDT:USDT,0.5924,200.42,0.5923,155.48,0.5926,117.54,0.5927,374.57
1753600139058,07:08:59.058,binance,ACE/USDT:USDT,0.5923,138.59,0.5922,219.03,0.5926,117.54,0.5927,374.57
1753600139160,07:08:59.160,binance,ACE/USDT:USDT,0.5923,138.59,0.5922,219.03,0.5926,117.54,0.5927,374.57
1753600139333,07:08:59.333,binance,ACE/USDT:USDT,0.5922,219.03,0.5921,508.14,0.5926,117.54,0.5927,374.57
1753600139434,07:08:59.434,binance,ACE/USDT:USDT,0.5922,202.14,0.5921,273.68,0.5926,117.54,0.5927,1154.44
1753600139541,07:08:59.541,binance,ACE/USDT:USDT,0.5922,202.14,0.5921,273.68,0.5926,117.54,0.5927,1154.44
1753600139702,07:08:59.702,binance,ACE/USDT:USDT,0.5922,202.14,0.5921,273.68,0.5926,117.54,0.5927,1154.44
1753600140110,07:09:00.110,binance,ACE/USDT:USDT,0.5922,202.14,0.5921,104.87,0.5926,286.34,0.5927,1154.44
1753600140397,07:09:00.397,binance,ACE/USDT:USDT,0.5924,40.07,0.5923,16.89,0.5926,214.53,0.5927,374.57
1753600140503,07:09:00.503,binance,ACE/USDT:USDT,0.5924,40.07,0.5923,16.89,0.5926,214.53,0.5927,374.57
1753600140611,07:09:00.611,binance,ACE/USDT:USDT,0.5924,40.07,0.5923,16.89,0.5926,214.53,0.5927,374.57
1753600140902,07:09:00.902,binance,ACE/USDT:USDT,0.5924,40.07,0.5923,16.89,0.5926,214.53,0.5927,374.57
1753600141027,07:09:01.027,binance,ACE/USDT:USDT,0.5924,40.07,0.5923,16.89,0.5926,214.53,0.5927,374.57
1753600141189,07:09:01.189,binance,ACE/USDT:USDT,0.5924,40.07,0.5923,16.89,0.5925,200.42,0.5926,231.41
1753600141306,07:09:01.306,binance,ACE/USDT:USDT,0.5924,40.07,0.5923,16.89,0.5926,214.53,0.5927,385.57
1753600141409,07:09:01.409,binance,ACE/USDT:USDT,0.5924,40.07,0.5923,16.89,0.5926,214.53,0.5927,385.57
1753600141530,07:09:01.530,binance,ACE/USDT:USDT,0.5924,40.07,0.5923,16.89,0.5926,214.53,0.5927,723.11
1753600141641,07:09:01.641,binance,ACE/USDT:USDT,0.5924,40.07,0.5923,16.89,0.5926,214.53,0.5927,723.11
1753600141818,07:09:01.818,binance,ACE/USDT:USDT,0.5924,40.07,0.5923,16.89,0.5926,214.53,0.5927,723.11
1753600142091,07:09:02.091,binance,ACE/USDT:USDT,0.5924,40.07,0.5923,16.89,0.5926,214.53,0.5927,723.11
1753600142233,07:09:02.233,binance,ACE/USDT:USDT,0.5924,40.07,0.5923,16.89,0.5926,214.53,0.5927,723.11
1753600142602,07:09:02.602,binance,ACE/USDT:USDT,0.5924,40.07,0.5923,16.89,0.5925,200.42,0.5926,265.17
1753600142712,07:09:02.712,binance,ACE/USDT:USDT,0.5924,40.07,0.5923,16.89,0.5925,242.65,0.5926,265.17
1753600142833,07:09:02.833,binance,ACE/USDT:USDT,0.5924,40.07,0.5923,16.89,0.5925,208.89,0.5926,265.17
1753600143002,07:09:03.002,binance,ACE/USDT:USDT,0.5924,40.07,0.5923,16.89,0.5925,208.89,0.5926,265.17
1753600143244,07:09:03.244,binance,ACE/USDT:USDT,0.5924,40.07,0.5923,16.89,0.5925,208.89,0.5926,265.17
1753600143372,07:09:03.372,binance,ACE/USDT:USDT,0.5924,48.94,0.5923,16.89,0.5925,8.47,0.5926,265.17
1753600143476,07:09:03.476,binance,ACE/USDT:USDT,0.5924,48.94,0.5923,16.89,0.5925,8.47,0.5926,265.17
1753600143601,07:09:03.601,binance,ACE/USDT:USDT,0.5924,48.94,0.5923,16.89,0.5925,131.68,0.5926,265.17
1753600143706,07:09:03.706,binance,ACE/USDT:USDT,0.5924,48.94,0.5923,16.89,0.5925,131.68,0.5926,265.17
1753600143809,07:09:03.809,binance,ACE/USDT:USDT,0.5924,48.94,0.5923,51.47,0.5925,131.68,0.5926,265.17
1753600144188,07:09:04.188,binance,ACE/USDT:USDT,0.5925,205.87,0.5924,65.82,0.5926,45.73,0.5927,385.57
1753600144291,07:09:04.291,binance,ACE/USDT:USDT,0.5925,205.87,0.5924,65.82,0.5926,45.73,0.5927,385.57
1753600144401,07:09:04.401,binance,ACE/USDT:USDT,0.5925,205.87,0.5924,65.82,0.5926,45.73,0.5927,385.57
1753600144502,07:09:04.502,binance,ACE/USDT:USDT,0.5925,205.87,0.5924,65.82,0.5926,45.73,0.5927,491.2
1753600144611,07:09:04.611,binance,ACE/USDT:USDT,0.5925,205.87,0.5924,65.82,0.5926,45.73,0.5927,491.2
1753600144719,07:09:04.719,binance,ACE/USDT:USDT,0.5925,205.87,0.5924,65.82,0.5926,45.73,0.5927,491.2
1753600144861,07:09:04.861,binance,ACE/USDT:USDT,0.5925,205.87,0.5924,65.82,0.5926,45.73,0.5927,491.2
1753600145102,07:09:05.102,binance,ACE/USDT:USDT,0.5925,205.87,0.5924,65.82,0.5926,45.73,0.5927,491.2
1753600145229,07:09:05.229,binance,ACE/USDT:USDT,0.5925,205.87,0.5924,65.82,0.5926,45.73,0.5927,491.2
1753600145332,07:09:05.332,binance,ACE/USDT:USDT,0.5925,205.87,0.5924,65.82,0.5926,45.73,0.5927,491.2
1753600145502,07:09:05.502,binance,ACE/USDT:USDT,0.5925,205.87,0.5924,65.82,0.5926,45.73,0.5927,524.96
1753600145608,07:09:05.608,binance,ACE/USDT:USDT,0.5925,205.87,0.5924,65.82,0.5926,45.73,0.5927,524.96
1753600145902,07:09:05.902,binance,ACE/USDT:USDT,0.5925,205.87,0.5924,65.82,0.5926,45.73,0.5927,524.96
1753600146055,07:09:06.055,binance,ACE/USDT:USDT,0.5925,205.87,0.5924,65.82,0.5926,45.73,0.5927,491.2
1753600146202,07:09:06.202,binance,ACE/USDT:USDT,0.5925,205.87,0.5924,65.82,0.5926,45.73,0.5927,524.96
1753600146502,07:09:06.502,binance,ACE/USDT:USDT,0.5925,205.87,0.5924,65.82,0.5926,45.73,0.5927,524.96
1753600146803,07:09:06.803,binance,ACE/USDT:USDT,0.5925,205.87,0.5924,65.82,0.5926,45.73,0.5927,524.96
1753600147102,07:09:07.102,binance,ACE/USDT:USDT,0.5925,205.87,0.5924,65.82,0.5926,45.73,0.5927,491.2
1753600147232,07:09:07.232,binance,ACE/USDT:USDT,0.5925,205.87,0.5924,65.82,0.5926,45.73,0.5927,491.2
1753600147702,07:09:07.702,binance,ACE/USDT:USDT,0.5925,205.87,0.5924,65.82,0.5926,45.73,0.5927,491.2
1753600147902,07:09:07.902,binance,ACE/USDT:USDT,0.5925,205.87,0.5924,65.82,0.5926,45.73,0.5927,491.2
1753600148262,07:09:08.262,binance,ACE/USDT:USDT,0.5925,205.87,0.5924,65.82,0.5926,45.73,0.5927,491.2
1753600148392,07:09:08.392,binance,ACE/USDT:USDT,0.5925,235.32,0.5924,39.42,0.5926,45.73,0.5927,491.2
1753600148494,07:09:08.494,binance,ACE/USDT:USDT,0.5925,235.32,0.5924,39.42,0.5927,16.21,0.5928,630.03
1753600148597,07:09:08.597,binance,ACE/USDT:USDT,0.5925,235.32,0.5924,75.4,0.5927,16.21,0.5928,695.31
1753600148704,07:09:08.704,binance,ACE/USDT:USDT,0.5926,200.42,0.5925,252.2,0.5927,16.21,0.5928,695.31
1753600148829,07:09:08.829,binance,ACE/USDT:USDT,0.5926,200.42,0.5925,252.2,0.5927,16.21,0.5928,695.31
1753600148960,07:09:08.960,binance,ACE/USDT:USDT,0.5926,209.28,0.5925,252.2,0.5927,16.21,0.5928,695.31
1753600149123,07:09:09.123,binance,ACE/USDT:USDT,0.5926,209.28,0.5925,252.2,0.5927,16.21,0.5928,695.31
1753600149234,07:09:09.234,binance,ACE/USDT:USDT,0.5926,209.28,0.5925,252.2,0.5927,16.21,0.5928,695.31
1753600149402,07:09:09.402,binance,ACE/USDT:USDT,0.5926,209.28,0.5925,252.2,0.5927,16.21,0.5928,695.31
1753600149701,07:09:09.701,binance,ACE/USDT:USDT,0.5926,209.28,0.5925,252.2,0.5927,16.21,0.5928,695.31
1753600150002,07:09:10.002,binance,ACE/USDT:USDT,0.5926,209.28,0.5925,252.2,0.5927,16.21,0.5928,695.31
1753600150180,07:09:10.180,binance,ACE/USDT:USDT,0.5926,8.86,0.5925,252.2,0.5927,102.48,0.5928,695.31
1753600150282,07:09:10.282,binance,ACE/USDT:USDT,0.5926,8.86,0.5925,252.2,0.5927,102.48,0.5928,695.31
1753600150397,07:09:10.397,binance,ACE/USDT:USDT,0.5926,8.86,0.5925,252.2,0.5927,111.34,0.5928,695.31
1753600150572,07:09:10.572,binance,ACE/USDT:USDT,0.5926,8.86,0.5925,252.2,0.5927,111.34,0.5928,695.31
1753600150701,07:09:10.701,binance,ACE/USDT:USDT,0.5926,8.86,0.5925,252.2,0.5927,111.34,0.5928,729.06
1753600150875,07:09:10.875,binance,ACE/USDT:USDT,0.5926,8.86,0.5925,252.2,0.5927,111.34,0.5928,729.06
1753600150982,07:09:10.982,binance,ACE/USDT:USDT,0.5926,8.86,0.5925,252.2,0.5927,111.34,0.5928,729.06
1753600151102,07:09:11.102,binance,ACE/USDT:USDT,0.5926,8.86,0.5925,252.2,0.5927,111.34,0.5928,729.06
1753600151461,07:09:11.461,binance,ACE/USDT:USDT,0.5926,8.86,0.5925,252.2,0.5927,111.34,0.5928,729.06
1753600151602,07:09:11.602,binance,ACE/USDT:USDT,0.5926,8.86,0.5925,252.2,0.5927,111.34,0.5928,729.06
1753600151712,07:09:11.712,binance,ACE/USDT:USDT,0.5926,8.86,0.5925,252.2,0.5927,25.07,0.5928,695.31
1753600151902,07:09:11.902,binance,ACE/USDT:USDT,0.5926,8.86,0.5925,252.2,0.5927,25.07,0.5928,695.31
1753600152231,07:09:12.231,binance,ACE/USDT:USDT,0.5926,8.86,0.5925,252.2,0.5927,25.07,0.5928,695.31
1753600152502,07:09:12.502,binance,ACE/USDT:USDT,0.5926,8.86,0.5925,252.2,0.5927,25.07,0.5928,695.31
1753600153084,07:09:13.084,binance,ACE/USDT:USDT,0.5926,8.86,0.5925,252.2,0.5927,25.07,0.5928,695.31
1753600153190,07:09:13.190,binance,ACE/USDT:USDT,0.5926,8.86,0.5925,252.2,0.5927,25.07,0.5928,695.31
1753600153367,07:09:13.367,binance,ACE/USDT:USDT,0.5926,8.86,0.5925,252.2,0.5927,25.07,0.5928,695.31
1753600153470,07:09:13.470,binance,ACE/USDT:USDT,0.5926,8.86,0.5925,252.2,0.5927,33.93,0.5928,695.31
1753600153602,07:09:13.602,binance,ACE/USDT:USDT,0.5926,8.86,0.5925,252.2,0.5927,33.93,0.5928,695.31
1753600153777,07:09:13.777,binance,ACE/USDT:USDT,0.5926,8.86,0.5925,252.2,0.5927,33.93,0.5928,695.31
1753600153931,07:09:13.931,binance,ACE/USDT:USDT,0.5926,8.86,0.5925,252.2,0.5927,33.93,0.5928,695.31
1753600154061,07:09:14.061,binance,ACE/USDT:USDT,0.5926,8.86,0.5925,252.2,0.5927,33.93,0.5928,695.31
1753600154164,07:09:14.164,binance,ACE/USDT:USDT,0.5926,8.86,0.5925,252.2,0.5927,33.93,0.5928,695.31
1753600154291,07:09:14.291,binance,ACE/USDT:USDT,0.5925,235.32,0.5924,30.55,0.5926,258.25,0.5927,33.93
1753600154394,07:09:14.394,binance,ACE/USDT:USDT,0.5925,235.32,0.5924,65.14,0.5926,258.25,0.5927,50.81
1753600154502,07:09:14.502,binance,ACE/USDT:USDT,0.5925,235.32,0.5924,65.14,0.5926,258.25,0.5927,50.81
1753600154815,07:09:14.815,binance,ACE/USDT:USDT,0.5925,235.32,0.5924,65.14,0.5926,258.25,0.5927,50.81
1753600154918,07:09:14.918,binance,ACE/USDT:USDT,0.5925,235.32,0.5924,65.14,0.5926,258.25,0.5927,121.11
1753600155021,07:09:15.021,binance,ACE/USDT:USDT,0.5925,235.32,0.5924,65.14,0.5926,258.25,0.5927,121.11
1753600155124,07:09:15.124,binance,ACE/USDT:USDT,0.5925,235.32,0.5924,65.14,0.5926,258.25,0.5927,154.87
1753600155234,07:09:15.234,binance,ACE/USDT:USDT,0.5925,235.32,0.5924,65.14,0.5926,258.25,0.5927,154.87
1753600155366,07:09:15.366,binance,ACE/USDT:USDT,0.5925,244.19,0.5924,65.14,0.5926,267.11,0.5927,154.87
1753600155475,07:09:15.475,binance,ACE/USDT:USDT,0.5925,244.19,0.5924,65.14,0.5926,267.11,0.5927,154.87
1753600155602,07:09:15.602,binance,ACE/USDT:USDT,0.5925,244.19,0.5924,65.14,0.5926,267.11,0.5927,154.87
1753600155705,07:09:15.705,binance,ACE/USDT:USDT,0.5925,253.06,0.5924,30.55,0.5926,267.11,0.5927,154.87
1753600156087,07:09:16.087,binance,ACE/USDT:USDT,0.5925,253.06,0.5924,30.55,0.5926,267.11,0.5927,154.87
1753600156191,07:09:16.191,binance,ACE/USDT:USDT,0.5925,253.06,0.5924,30.55,0.5926,267.11,0.5927,154.87
1753600156317,07:09:16.317,binance,ACE/USDT:USDT,0.5925,253.06,0.5924,30.55,0.5926,267.11,0.5927,154.87
1753600156423,07:09:16.423,binance,ACE/USDT:USDT,0.5925,253.06,0.5924,30.55,0.5926,267.11,0.5927,154.87
1753600156702,07:09:16.702,binance,ACE/USDT:USDT,0.5925,253.06,0.5924,30.55,0.5926,267.11,0.5927,154.87
1753600157302,07:09:17.302,binance,ACE/USDT:USDT,0.5925,253.06,0.5924,30.55,0.5926,267.11,0.5927,154.87
1753600157818,07:09:17.818,binance,ACE/USDT:USDT,0.5925,253.06,0.5924,30.55,0.5926,267.11,0.5927,154.87
1753600157922,07:09:17.922,binance,ACE/USDT:USDT,0.5925,253.06,0.5924,30.55,0.5926,267.11,0.5927,154.87
1753600158391,07:09:18.391,binance,ACE/USDT:USDT,0.5925,253.06,0.5924,30.55,0.5926,267.11,0.5927,154.87
1753600158501,07:09:18.501,binance,ACE/USDT:USDT,0.5925,253.06,0.5924,30.55,0.5926,267.11,0.5927,154.87
1753600158830,07:09:18.830,binance,ACE/USDT:USDT,0.5924,13.67,0.5923,228.3,0.5925,200.42,0.5926,306.5
1753600158933,07:09:18.933,binance,ACE/USDT:USDT,0.5924,13.67,0.5923,16.89,0.5925,234.18,0.5926,323.38
1753600159067,07:09:19.067,binance,ACE/USDT:USDT,0.5924,13.67,0.5923,16.89,0.5925,234.18,0.5926,323.38
1753600159220,07:09:19.220,binance,ACE/USDT:USDT,0.5924,13.67,0.5923,16.89,0.5925,243.05,0.5926,323.38
1753600159372,07:09:19.372,binance,ACE/USDT:USDT,0.5924,13.67,0.5923,16.89,0.5925,251.92,0.5926,314.52
1753600159482,07:09:19.482,binance,ACE/USDT:USDT,0.5924,13.67,0.5923,16.89,0.5925,251.92,0.5926,314.52
1753600159608,07:09:19.608,binance,ACE/USDT:USDT,0.5922,174.8,0.5921,185.68,0.5925,251.92,0.5926,652.12
1753600159714,07:09:19.714,binance,ACE/USDT:USDT,0.5922,174.8,0.5921,185.68,0.5924,71.32,0.5925,279.24
1753600159820,07:09:19.820,binance,ACE/USDT:USDT,0.5922,174.8,0.5921,185.68,0.5924,105.09,0.5925,279.24
1753600159931,07:09:19.931,binance,ACE/USDT:USDT,0.5922,174.8,0.5921,185.68,0.5924,105.09,0.5925,291.06
1753600160041,07:09:20.041,binance,ACE/USDT:USDT,0.5922,174.8,0.5921,185.68,0.5924,105.09,0.5925,291.06
1753600160142,07:09:20.142,binance,ACE/USDT:USDT,0.5922,174.8,0.5921,185.68,0.5924,105.09,0.5925,291.06
1753600160321,07:09:20.321,binance,ACE/USDT:USDT,0.5922,149.72,0.5921,185.68,0.5924,105.09,0.5925,282.19
1753600160430,07:09:20.430,binance,ACE/USDT:USDT,0.5922,149.72,0.5921,185.68,0.5924,105.09,0.5925,282.19
1753600160533,07:09:20.533,binance,ACE/USDT:USDT,0.5922,149.72,0.5921,185.68,0.5924,105.09,0.5925,282.19
1753600160715,07:09:20.715,binance,ACE/USDT:USDT,0.5922,149.72,0.5921,185.68,0.5924,105.09,0.5925,619.85
1753600160979,07:09:20.979,binance,ACE/USDT:USDT,0.5922,149.72,0.5921,185.68,0.5924,105.09,0.5925,282.19
1753600161081,07:09:21.081,binance,ACE/USDT:USDT,0.5922,149.72,0.5921,185.68,0.5924,71.32,0.5925,282.19
1753600161504,07:09:21.504,binance,ACE/USDT:USDT,0.5921,200.42,0.592,678.01,0.5923,200.42,0.5924,97.08
1753600161607,07:09:21.607,binance,ACE/USDT:USDT,0.5921,200.42,0.592,678.01,0.5923,200.42,0.5924,97.08
1753600162019,07:09:22.019,binance,ACE/USDT:USDT,0.5921,200.42,0.592,678.01,0.5923,200.42,0.5924,97.08
1753600162121,07:09:22.121,binance,ACE/USDT:USDT,0.5921,200.42,0.592,678.01,0.5922,65.28,0.5923,251.09
1753600162232,07:09:22.232,binance,ACE/USDT:USDT,0.5921,200.42,0.592,678.01,0.5922,106.64,0.5923,251.09
1753600162600,07:09:22.600,binance,ACE/USDT:USDT,0.5921,200.42,0.592,678.01,0.5922,106.64,0.5923,251.09
1753600162702,07:09:22.702,binance,ACE/USDT:USDT,0.5921,200.42,0.592,678.01,0.5922,106.64,0.5923,251.09
1753600163087,07:09:23.087,binance,ACE/USDT:USDT,0.5921,200.42,0.592,678.01,0.5922,106.64,0.5923,251.09
1753600163190,07:09:23.190,binance,ACE/USDT:USDT,0.5921,200.42,0.592,678.01,0.5922,106.64,0.5923,251.09
1753600163301,07:09:23.301,binance,ACE/USDT:USDT,0.5921,200.42,0.592,678.01,0.5922,106.64,0.5923,251.09
1753600164109,07:09:24.109,binance,ACE/USDT:USDT,0.592,661.12,0.5919,185.74,0.5922,106.64,0.5923,251.09
1753600164211,07:09:24.211,binance,ACE/USDT:USDT,0.592,661.12,0.5919,185.74,0.5922,140.42,0.5923,251.09
1753600164538,07:09:24.538,binance,ACE/USDT:USDT,0.592,765.04,0.5919,409.42,0.5922,106.64,0.5923,217.31
1753600164651,07:09:24.651,binance,ACE/USDT:USDT,0.592,794.23,0.5919,409.42,0.5922,106.64,0.5923,217.31
1753600164761,07:09:24.761,binance,ACE/USDT:USDT,0.592,794.23,0.5919,409.42,0.5922,106.64,0.5923,217.31
1753600164871,07:09:24.871,binance,ACE/USDT:USDT,0.592,794.23,0.5919,409.42,0.5922,106.64,0.5923,217.31
1753600165121,07:09:25.121,binance,ACE/USDT:USDT,0.592,794.23,0.5919,409.42,0.5922,106.64,0.5923,251.09
1753600165265,07:09:25.265,binance,ACE/USDT:USDT,0.592,803.96,0.5919,409.42,0.5922,106.64,0.5923,251.09
1753600165367,07:09:25.367,binance,ACE/USDT:USDT,0.592,803.96,0.5919,409.42,0.5922,106.64,0.5923,251.09
1753600165675,07:09:25.675,binance,ACE/USDT:USDT,0.592,803.96,0.5919,409.42,0.5922,106.64,0.5923,251.09
1753600165802,07:09:25.802,binance,ACE/USDT:USDT,0.592,142.84,0.5919,240.56,0.5921,200.42,0.5922,118.47
1753600165909,07:09:25.909,binance,ACE/USDT:USDT,0.592,142.84,0.5919,16.88,0.5921,200.42,0.5922,135.36
1753600166235,07:09:26.235,binance,ACE/USDT:USDT,0.592,142.84,0.5919,16.88,0.5921,200.42,0.5922,135.36
1753600166391,07:09:26.391,binance,ACE/USDT:USDT,0.592,142.84,0.5919,16.88,0.5921,200.42,0.5922,169.15
1753600166502,07:09:26.502,binance,ACE/USDT:USDT,0.592,142.84,0.5919,16.88,0.5921,200.42,0.5922,169.15
1753600166603,07:09:26.603,binance,ACE/USDT:USDT,0.592,142.84,0.5919,16.88,0.5921,200.42,0.5922,169.15
1753600166902,07:09:26.902,binance,ACE/USDT:USDT,0.592,142.84,0.5919,16.88,0.5921,200.42,0.5922,169.15
1753600167502,07:09:27.502,binance,ACE/USDT:USDT,0.592,142.84,0.5919,16.88,0.5921,200.42,0.5922,169.15
1753600167700,07:09:27.700,binance,ACE/USDT:USDT,0.592,142.84,0.5919,54.4,0.5921,200.42,0.5922,169.15
1753600167801,07:09:27.801,binance,ACE/USDT:USDT,0.592,9.73,0.5919,16.88,0.5921,200.42,0.5922,169.15
1753600167945,07:09:27.945,binance,ACE/USDT:USDT,0.592,19.46,0.5919,54.4,0.5921,200.42,0.5922,169.15
1753600168102,07:09:28.102,binance,ACE/USDT:USDT,0.592,19.46,0.5919,54.4,0.5921,200.42,0.5922,169.15
1753600168242,07:09:28.242,binance,ACE/USDT:USDT,0.592,19.46,0.5919,54.4,0.5921,200.42,0.5922,169.15
1753600168402,07:09:28.402,binance,ACE/USDT:USDT,0.592,19.46,0.5919,54.4,0.5921,200.42,0.5922,169.15
1753600168506,07:09:28.506,binance,ACE/USDT:USDT,0.592,19.46,0.5919,54.4,0.5921,200.42,0.5922,169.15
1753600168702,07:09:28.702,binance,ACE/USDT:USDT,0.592,19.46,0.5919,54.4,0.5921,200.42,0.5922,169.15
1753600168805,07:09:28.805,binance,ACE/USDT:USDT,0.592,19.46,0.5919,54.4,0.5921,200.42,0.5922,169.15
1753600168934,07:09:28.934,binance,ACE/USDT:USDT,0.592,9.73,0.5919,54.4,0.5921,200.42,0.5922,200.4
1753600169502,07:09:29.502,binance,ACE/USDT:USDT,0.592,9.73,0.5919,54.4,0.5921,200.42,0.5922,169.15
1753600169608,07:09:29.608,binance,ACE/USDT:USDT,0.592,9.73,0.5919,16.88,0.5922,152.26,0.5923,306.23
1753600169709,07:09:29.709,binance,ACE/USDT:USDT,0.592,9.73,0.5919,16.88,0.5922,140.43,0.5923,306.23
1753600169902,07:09:29.902,binance,ACE/USDT:USDT,0.592,9.73,0.5919,16.88,0.5922,140.43,0.5923,306.23
1753600170017,07:09:30.017,binance,ACE/USDT:USDT,0.592,9.73,0.5919,16.88,0.5922,151.35,0.5923,306.23
1753600170303,07:09:30.303,binance,ACE/USDT:USDT,0.592,9.73,0.5919,16.88,0.5922,151.35,0.5923,306.23
1753600170406,07:09:30.406,binance,ACE/USDT:USDT,0.592,9.73,0.5919,16.88,0.5922,151.35,0.5923,306.23
1753600170851,07:09:30.851,binance,ACE/USDT:USDT,0.592,9.73,0.5919,16.88,0.5922,151.35,0.5923,306.23
1753600170975,07:09:30.975,binance,ACE/USDT:USDT,0.592,19.46,0.5919,16.88,0.5922,151.35,0.5923,306.23
1753600171105,07:09:31.105,binance,ACE/USDT:USDT,0.592,29.19,0.5919,16.88,0.5922,151.35,0.5923,306.23
1753600171208,07:09:31.208,binance,ACE/USDT:USDT,0.592,29.19,0.5919,16.88,0.5922,151.35,0.5923,257.83
1753600171341,07:09:31.341,binance,ACE/USDT:USDT,0.592,29.19,0.5919,16.88,0.5922,117.56,0.5923,257.83
1753600171444,07:09:31.444,binance,ACE/USDT:USDT,0.592,29.19,0.5919,16.88,0.5922,117.56,0.5923,291.61
1753600171602,07:09:31.602,binance,ACE/USDT:USDT,0.592,29.19,0.5919,16.88,0.5922,117.56,0.5923,291.61
1753600172002,07:09:32.002,binance,ACE/USDT:USDT,0.592,29.19,0.5919,16.88,0.5922,117.56,0.5923,291.61
1753600172202,07:09:32.202,binance,ACE/USDT:USDT,0.592,29.19,0.5919,16.88,0.5922,117.56,0.5923,291.61
1753600172582,07:09:32.582,binance,ACE/USDT:USDT,0.592,29.19,0.5919,16.88,0.5922,117.56,0.5923,291.61
1753600172685,07:09:32.685,binance,ACE/USDT:USDT,0.592,29.19,0.5919,16.88,0.5922,117.56,0.5923,291.61
1753600172799,07:09:32.799,binance,ACE/USDT:USDT,0.5919,200.42,0.5918,302.96,0.592,128.85,0.5921,211.34
1753600172902,07:09:32.902,binance,ACE/USDT:USDT,0.5919,200.42,0.5918,189.28,0.592,139.77,0.5921,217.32
1753600173005,07:09:33.005,binance,ACE/USDT:USDT,0.5919,200.42,0.5918,160.09,0.592,139.77,0.5921,217.32
1753600173114,07:09:33.114,binance,ACE/USDT:USDT,0.5919,200.42,0.5918,160.09,0.592,139.77,0.5921,217.32
1753600173218,07:09:33.218,binance,ACE/USDT:USDT,0.5919,200.42,0.5918,160.09,0.592,139.77,0.5921,217.32
1753600173333,07:09:33.333,binance,ACE/USDT:USDT,0.5919,200.42,0.5918,160.09,0.592,139.77,0.5921,217.32
1753600173610,07:09:33.610,binance,ACE/USDT:USDT,0.5919,200.42,0.5918,160.09,0.592,139.77,0.5921,217.32
1753600173802,07:09:33.802,binance,ACE/USDT:USDT,0.5919,200.42,0.5918,160.09,0.592,139.77,0.5921,217.32
1753600173954,07:09:33.954,binance,ACE/USDT:USDT,0.5919,200.42,0.5918,160.09,0.592,139.77,0.5921,16.9
1753600174063,07:09:34.063,binance,ACE/USDT:USDT,0.5919,200.42,0.5918,160.09,0.592,139.77,0.5921,16.9
1753600174555,07:09:34.555,binance,ACE/USDT:USDT,0.5919,200.42,0.5918,160.09,0.592,139.77,0.5921,50.69
1753600175002,07:09:35.002,binance,ACE/USDT:USDT,0.5919,200.42,0.5918,160.09,0.592,139.77,0.5921,50.69
1753600175201,07:09:35.201,binance,ACE/USDT:USDT,0.5919,200.42,0.5918,160.09,0.592,139.77,0.5921,50.69
1753600175602,07:09:35.602,binance,ACE/USDT:USDT,0.5919,200.42,0.5918,160.09,0.592,139.77,0.5921,50.69
1753600175709,07:09:35.709,binance,ACE/USDT:USDT,0.5919,200.42,0.5918,160.09,0.592,139.77,0.5921,50.69
1753600176202,07:09:36.202,binance,ACE/USDT:USDT,0.5919,200.42,0.5918,160.09,0.592,139.77,0.5921,50.69
1753600176355,07:09:36.355,binance,ACE/USDT:USDT,0.5919,200.42,0.5918,160.09,0.5922,118.47,0.5923,246.83
1753600176459,07:09:36.459,binance,ACE/USDT:USDT,0.5919,200.42,0.5918,160.09,0.5922,106.64,0.5923,280.62
1753600176564,07:09:36.564,binance,ACE/USDT:USDT,0.5919,200.42,0.5918,160.09,0.5922,106.64,0.5923,280.62
1753600176719,07:09:36.719,binance,ACE/USDT:USDT,0.5919,200.42,0.5918,160.09,0.5922,106.64,0.5923,280.62
1753600177259,07:09:37.259,binance,ACE/USDT:USDT,0.5919,200.42,0.5918,160.09,0.5922,106.64,0.5923,280.62
1753600177362,07:09:37.362,binance,ACE/USDT:USDT,0.5919,200.42,0.5918,160.09,0.5922,106.64,0.5923,280.62
1753600177802,07:09:37.802,binance,ACE/USDT:USDT,0.5919,200.42,0.5918,160.09,0.5922,140.43,0.5923,280.62
1753600177951,07:09:37.951,binance,ACE/USDT:USDT,0.5919,200.42,0.5918,160.09,0.5922,140.43,0.5923,280.62
1753600178131,07:09:38.131,binance,ACE/USDT:USDT,0.5919,200.42,0.5918,160.09,0.5922,140.43,0.5923,280.62
1753600178347,07:09:38.347,binance,ACE/USDT:USDT,0.5919,200.42,0.5918,160.09,0.5922,140.43,0.5923,280.62
1753600178449,07:09:38.449,binance,ACE/USDT:USDT,0.5919,200.42,0.5918,160.09,0.5922,140.43,0.5923,280.62
1753600178621,07:09:38.621,binance,ACE/USDT:USDT,0.5919,200.42,0.5918,160.09,0.5921,8.87,0.5922,140.43
1753600178733,07:09:38.733,binance,ACE/USDT:USDT,0.5919,200.42,0.5918,160.09,0.5921,8.87,0.5922,157.33
1753600179029,07:09:39.029,binance,ACE/USDT:USDT,0.5919,200.42,0.5918,160.09,0.5921,8.87,0.5922,157.33
1753600179136,07:09:39.136,binance,ACE/USDT:USDT,0.5919,200.42,0.5918,160.09,0.5921,8.87,0.5922,157.33
1753600179239,07:09:39.239,binance,ACE/USDT:USDT,0.5919,200.42,0.5918,160.09,0.5921,42.66,0.5922,157.33
1753600179351,07:09:39.351,binance,ACE/USDT:USDT,0.5919,200.42,0.5918,160.09,0.5921,42.66,0.5922,157.33
1753600179484,07:09:39.484,binance,ACE/USDT:USDT,0.5919,200.42,0.5918,160.09,0.5921,42.66,0.5922,157.33
1753600179601,07:09:39.601,binance,ACE/USDT:USDT,0.5919,200.42,0.5918,160.09,0.5921,42.66,0.5922,157.33
1753600179802,07:09:39.802,binance,ACE/USDT:USDT,0.5919,200.42,0.5918,160.09,0.5921,42.66,0.5922,157.33
1753600179919,07:09:39.919,binance,ACE/USDT:USDT,0.5919,200.42,0.5918,160.09,0.5921,42.66,0.5922,157.33
1753600180102,07:09:40.102,binance,ACE/USDT:USDT,0.5919,200.42,0.5918,160.09,0.5921,42.66,0.5922,157.33
1753600180402,07:09:40.402,binance,ACE/USDT:USDT,0.5919,200.42,0.5918,160.09,0.5921,42.66,0.5922,157.33
1753600180602,07:09:40.602,binance,ACE/USDT:USDT,0.5919,200.42,0.5918,160.09,0.5921,42.66,0.5922,157.33
1753600180896,07:09:40.896,binance,ACE/USDT:USDT,0.5919,200.42,0.5918,160.09,0.5921,42.66,0.5922,157.33
1753600181008,07:09:41.008,binance,ACE/USDT:USDT,0.5919,200.42,0.5918,160.09,0.5921,42.66,0.5922,157.33
1753600181137,07:09:41.137,binance,ACE/USDT:USDT,0.5919,200.42,0.5918,160.09,0.5921,8.87,0.5922,157.33
1753600181241,07:09:41.241,binance,ACE/USDT:USDT,0.5919,200.42,0.5918,160.09,0.5921,8.87,0.5922,157.33
1753600181502,07:09:41.502,binance,ACE/USDT:USDT,0.5919,200.42,0.5918,160.09,0.5921,8.87,0.5922,157.33
1753600181751,07:09:41.751,binance,ACE/USDT:USDT,0.5919,200.42,0.5918,160.09,0.5921,8.87,0.5922,157.33
1753600182081,07:09:42.081,binance,ACE/USDT:USDT,0.5919,200.42,0.5918,160.09,0.5921,8.87,0.5922,157.33
1753600182201,07:09:42.201,binance,ACE/USDT:USDT,0.5919,131.75,0.5918,160.09,0.5921,42.66,0.5922,326.24
1753600182306,07:09:42.306,binance,ACE/USDT:USDT,0.5919,131.75,0.5918,160.09,0.5921,42.66,0.5922,326.24
1753600182466,07:09:42.466,binance,ACE/USDT:USDT,0.5919,131.75,0.5918,160.09,0.5921,8.87,0.5922,326.24
1753600182641,07:09:42.641,binance,ACE/USDT:USDT,0.5919,131.75,0.5918,160.09,0.5921,8.87,0.5922,326.24
1753600182802,07:09:42.802,binance,ACE/USDT:USDT,0.5919,131.75,0.5918,160.09,0.5921,8.87,0.5922,326.24
1753600183131,07:09:43.131,binance,ACE/USDT:USDT,0.5919,131.75,0.5918,160.09,0.5921,42.66,0.5922,326.24
1753600183234,07:09:43.234,binance,ACE/USDT:USDT,0.5919,131.75,0.5918,160.09,0.5921,42.66,0.5922,326.24
1753600183402,07:09:43.402,binance,ACE/USDT:USDT,0.5919,131.75,0.5918,160.09,0.5921,42.66,0.5922,326.24
1753600183781,07:09:43.781,binance,ACE/USDT:USDT,0.5919,131.75,0.5918,160.09,0.5921,42.66,0.5922,326.24
1753600184002,07:09:44.002,binance,ACE/USDT:USDT,0.5919,131.75,0.5918,160.09,0.5921,42.66,0.5922,326.24
1753600184402,07:09:44.402,binance,ACE/USDT:USDT,0.5919,131.75,0.5918,160.09,0.5921,8.87,0.5922,326.24
1753600184531,07:09:44.531,binance,ACE/USDT:USDT,0.5919,131.75,0.5918,160.09,0.5921,8.87,0.5922,326.24
1753600185002,07:09:45.002,binance,ACE/USDT:USDT,0.5919,131.75,0.5918,160.09,0.5921,8.87,0.5922,326.24
