timestamp,time,exchange,symbol,bid1_price,bid1_volume,bid2_price,bid2_volume,ask1_price,ask1_volume,ask2_price,ask2_volume
1753599985097,07:06:25.097,bybit,AERGO/USDT:USDT,0.13345,1234.0,0.13344,470.0,0.13347,378.0,0.13348,57.0
1753599985697,07:06:25.697,bybit,AERGO/USDT:USDT,0.13345,1004.0,0.13344,470.0,0.13347,378.0,0.13348,57.0
1753599986297,07:06:26.297,bybit,AERGO/USDT:USDT,0.13345,1119.0,0.13344,470.0,0.13347,378.0,0.13348,57.0
1753599986597,07:06:26.597,bybit,AERGO/USDT:USDT,0.13345,1119.0,0.13344,470.0,0.13347,378.0,0.13348,57.0
1753599987197,07:06:27.197,bybit,AERGO/USDT:USDT,0.13345,1004.0,0.13344,470.0,0.13347,378.0,0.13348,57.0
1753599987296,07:06:27.296,bybit,AERGO/USDT:USDT,0.13345,1119.0,0.13344,470.0,0.13347,378.0,0.13348,57.0
1753599988997,07:06:28.997,bybit,AERGO/USDT:USDT,0.13345,1004.0,0.13344,470.0,0.13347,378.0,0.13348,57.0
1753599989297,07:06:29.297,bybit,AERGO/USDT:USDT,0.13345,1119.0,0.13344,470.0,0.13347,378.0,0.13348,57.0
1753599989397,07:06:29.397,bybit,AERGO/USDT:USDT,0.13345,1119.0,0.13344,470.0,0.13347,378.0,0.13348,57.0
1753599989498,07:06:29.498,bybit,AERGO/USDT:USDT,0.13345,1119.0,0.13344,470.0,0.13347,378.0,0.13348,57.0
1753599990297,07:06:30.297,bybit,AERGO/USDT:USDT,0.13345,1119.0,0.13344,470.0,0.13347,378.0,0.13348,57.0
1753599994597,07:06:34.597,bybit,AERGO/USDT:USDT,0.13346,196.0,0.13345,1291.0,0.13347,378.0,0.13348,57.0
1753599994696,07:06:34.696,bybit,AERGO/USDT:USDT,0.13346,196.0,0.13345,1291.0,0.13347,378.0,0.13348,57.0
1753599997597,07:06:37.597,bybit,AERGO/USDT:USDT,0.13346,196.0,0.13345,1291.0,0.13347,378.0,0.13348,57.0
1753599997697,07:06:37.697,bybit,AERGO/USDT:USDT,0.13346,196.0,0.13345,1291.0,0.13347,378.0,0.13348,57.0
1753599997797,07:06:37.797,bybit,AERGO/USDT:USDT,0.13346,196.0,0.13345,1291.0,0.13347,378.0,0.13348,57.0
1753599998097,07:06:38.097,bybit,AERGO/USDT:USDT,0.13346,196.0,0.13345,1291.0,0.13347,378.0,0.13348,57.0
1753599998496,07:06:38.496,bybit,AERGO/USDT:USDT,0.13346,196.0,0.13345,1291.0,0.13347,378.0,0.13348,57.0
1753599998697,07:06:38.697,bybit,AERGO/USDT:USDT,0.13346,196.0,0.13344,57.0,0.13347,378.0,0.13348,239.0
1753599998797,07:06:38.797,bybit,AERGO/USDT:USDT,0.13346,196.0,0.13344,57.0,0.13347,378.0,0.13348,239.0
1753599998897,07:06:38.897,bybit,AERGO/USDT:USDT,0.13346,633.0,0.13344,57.0,0.13347,378.0,0.13348,239.0
1753599998996,07:06:38.996,bybit,AERGO/USDT:USDT,0.13346,633.0,0.13344,57.0,0.13347,493.0,0.13348,354.0
1753599999097,07:06:39.097,bybit,AERGO/USDT:USDT,0.13346,633.0,0.13344,57.0,0.13347,378.0,0.13348,354.0
1753599999197,07:06:39.197,bybit,AERGO/USDT:USDT,0.13346,633.0,0.13344,57.0,0.13347,378.0,0.13348,354.0
1753599999297,07:06:39.297,bybit,AERGO/USDT:USDT,0.13346,633.0,0.13344,57.0,0.13347,378.0,0.13348,354.0
1753600000396,07:06:40.396,bybit,AERGO/USDT:USDT,0.13346,674.0,0.13344,57.0,0.13347,378.0,0.13348,67.0
1753600000497,07:06:40.497,bybit,AERGO/USDT:USDT,0.13346,674.0,0.13344,57.0,0.13347,378.0,0.13348,67.0
1753600000597,07:06:40.597,bybit,AERGO/USDT:USDT,0.13346,674.0,0.13344,172.0,0.13347,378.0,0.13348,67.0
1753600000696,07:06:40.696,bybit,AERGO/USDT:USDT,0.13346,674.0,0.13344,172.0,0.13347,378.0,0.13348,124.0
1753600000797,07:06:40.797,bybit,AERGO/USDT:USDT,0.13346,674.0,0.13344,172.0,0.13347,378.0,0.13348,124.0
1753600000897,07:06:40.897,bybit,AERGO/USDT:USDT,0.13346,674.0,0.13344,172.0,0.13347,378.0,0.13348,124.0
1753600001097,07:06:41.097,bybit,AERGO/USDT:USDT,0.13346,674.0,0.13344,287.0,0.13347,378.0,0.13348,124.0
1753600001196,07:06:41.196,bybit,AERGO/USDT:USDT,0.13346,674.0,0.13344,57.0,0.13347,378.0,0.13348,124.0
1753600001297,07:06:41.297,bybit,AERGO/USDT:USDT,0.13346,674.0,0.13344,57.0,0.13347,378.0,0.13348,124.0
1753600001797,07:06:41.797,bybit,AERGO/USDT:USDT,0.13346,237.0,0.13344,57.0,0.13347,378.0,0.13348,354.0
1753600002097,07:06:42.097,bybit,AERGO/USDT:USDT,0.13346,694.0,0.13344,57.0,0.13347,493.0,0.13348,354.0
1753600002896,07:06:42.896,bybit,AERGO/USDT:USDT,0.13346,694.0,0.13344,57.0,0.13347,378.0,0.13348,354.0
1753600002997,07:06:42.997,bybit,AERGO/USDT:USDT,0.13346,694.0,0.13344,57.0,0.13347,378.0,0.13348,354.0
1753600003097,07:06:43.097,bybit,AERGO/USDT:USDT,0.13346,694.0,0.13344,57.0,0.13347,378.0,0.13348,354.0
1753600003197,07:06:43.197,bybit,AERGO/USDT:USDT,0.13346,694.0,0.13343,57.0,0.13347,378.0,0.13348,354.0
1753600003496,07:06:43.496,bybit,AERGO/USDT:USDT,0.13346,694.0,0.13343,57.0,0.13347,378.0,0.13348,354.0
1753600003597,07:06:43.597,bybit,AERGO/USDT:USDT,0.13346,694.0,0.13343,57.0,0.13347,378.0,0.13348,124.0
1753600003797,07:06:43.797,bybit,AERGO/USDT:USDT,0.13346,694.0,0.13343,57.0,0.13347,378.0,0.13348,124.0
1753600003997,07:06:43.997,bybit,AERGO/USDT:USDT,0.13346,694.0,0.13343,57.0,0.13347,378.0,0.13348,239.0
1753600004096,07:06:44.096,bybit,AERGO/USDT:USDT,0.13346,694.0,0.13343,57.0,0.13347,378.0,0.13348,124.0
1753600004797,07:06:44.797,bybit,AERGO/USDT:USDT,0.13346,704.0,0.13343,57.0,0.13347,378.0,0.13348,124.0
1753600006997,07:06:46.997,bybit,AERGO/USDT:USDT,0.13346,247.0,0.13343,57.0,0.13347,493.0,0.13348,287.0
1753600007096,07:06:47.096,bybit,AERGO/USDT:USDT,0.13346,247.0,0.13343,57.0,0.13347,608.0,0.13348,287.0
1753600007997,07:06:47.997,bybit,AERGO/USDT:USDT,0.13346,247.0,0.13345,395.0,0.13347,493.0,0.13348,230.0
1753600010297,07:06:50.297,bybit,AERGO/USDT:USDT,0.13346,247.0,0.13345,395.0,0.13347,493.0,0.13348,230.0
1753600010397,07:06:50.397,bybit,AERGO/USDT:USDT,0.13346,247.0,0.13345,395.0,0.13347,493.0,0.13348,230.0
1753600011396,07:06:51.396,bybit,AERGO/USDT:USDT,0.13346,247.0,0.13345,395.0,0.13347,493.0,0.13348,230.0
1753600011896,07:06:51.896,bybit,AERGO/USDT:USDT,0.13346,288.0,0.13345,395.0,0.13347,493.0,0.13348,230.0
1753600012297,07:06:52.297,bybit,AERGO/USDT:USDT,0.13346,288.0,0.13345,395.0,0.13347,378.0,0.13348,230.0
1753600012697,07:06:52.697,bybit,AERGO/USDT:USDT,0.13346,288.0,0.13345,395.0,0.13347,378.0,0.13348,115.0
1753600012896,07:06:52.896,bybit,AERGO/USDT:USDT,0.13346,288.0,0.13345,395.0,0.13347,378.0,0.13348,230.0
1753600013296,07:06:53.296,bybit,AERGO/USDT:USDT,0.13346,288.0,0.13345,395.0,0.13347,378.0,0.13348,115.0
1753600013497,07:06:53.497,bybit,AERGO/USDT:USDT,0.13346,278.0,0.13345,395.0,0.13347,378.0,0.13348,115.0
1753600013597,07:06:53.597,bybit,AERGO/USDT:USDT,0.13346,278.0,0.13345,395.0,0.13347,425.0,0.13348,230.0
1753600014198,07:06:54.198,bybit,AERGO/USDT:USDT,0.13346,278.0,0.13345,395.0,0.13347,655.0,0.13348,230.0
1753600014297,07:06:54.297,bybit,AERGO/USDT:USDT,0.13346,278.0,0.13345,395.0,0.13347,655.0,0.13348,230.0
1753600014397,07:06:54.397,bybit,AERGO/USDT:USDT,0.13346,278.0,0.13345,395.0,0.13347,540.0,0.13348,230.0
1753600014497,07:06:54.497,bybit,AERGO/USDT:USDT,0.13346,278.0,0.13345,395.0,0.13347,540.0,0.13348,230.0
1753600014597,07:06:54.597,bybit,AERGO/USDT:USDT,0.13346,331.0,0.13345,395.0,0.13347,540.0,0.13348,230.0
1753600014796,07:06:54.796,bybit,AERGO/USDT:USDT,0.13346,331.0,0.13345,395.0,0.13347,540.0,0.13348,230.0
1753600014897,07:06:54.897,bybit,AERGO/USDT:USDT,0.13346,331.0,0.13345,395.0,0.13347,540.0,0.13348,230.0
1753600015296,07:06:55.296,bybit,AERGO/USDT:USDT,0.13346,331.0,0.13345,395.0,0.13347,540.0,0.13348,287.0
1753600015497,07:06:55.497,bybit,AERGO/USDT:USDT,0.13346,331.0,0.13342,177.0,0.13347,1347.0,0.13348,287.0
1753600015597,07:06:55.597,bybit,AERGO/USDT:USDT,0.13346,331.0,0.13342,177.0,0.13347,655.0,0.13348,399.0
1753600015697,07:06:55.697,bybit,AERGO/USDT:USDT,0.13346,331.0,0.13344,433.0,0.13347,655.0,0.13348,399.0
1753600015797,07:06:55.797,bybit,AERGO/USDT:USDT,0.13346,331.0,0.13344,433.0,0.13347,655.0,0.13348,399.0
1753600015897,07:06:55.897,bybit,AERGO/USDT:USDT,0.13346,331.0,0.13344,433.0,0.13347,655.0,0.13348,399.0
1753600015997,07:06:55.997,bybit,AERGO/USDT:USDT,0.13346,331.0,0.13344,433.0,0.13347,655.0,0.13348,399.0
1753600016098,07:06:56.098,bybit,AERGO/USDT:USDT,0.13346,331.0,0.13344,433.0,0.13347,655.0,0.13348,399.0
1753600016197,07:06:56.197,bybit,AERGO/USDT:USDT,0.13346,331.0,0.13344,433.0,0.13347,655.0,0.13348,399.0
1753600016696,07:06:56.696,bybit,AERGO/USDT:USDT,0.13346,331.0,0.13344,433.0,0.13347,655.0,0.13348,399.0
1753600017097,07:06:57.097,bybit,AERGO/USDT:USDT,0.13346,331.0,0.13344,433.0,0.13347,655.0,0.13348,399.0
1753600017196,07:06:57.196,bybit,AERGO/USDT:USDT,0.13346,763.0,0.13342,177.0,0.13347,655.0,0.13348,399.0
1753600018697,07:06:58.697,bybit,AERGO/USDT:USDT,0.13346,763.0,0.13342,177.0,0.13347,655.0,0.13348,399.0
1753600019397,07:06:59.397,bybit,AERGO/USDT:USDT,0.13346,337.0,0.13342,177.0,0.13347,652.0,0.13348,399.0
1753600019597,07:06:59.597,bybit,AERGO/USDT:USDT,0.13346,337.0,0.13345,424.0,0.13347,652.0,0.13348,399.0
1753600019697,07:06:59.697,bybit,AERGO/USDT:USDT,0.13346,337.0,0.13345,424.0,0.13347,652.0,0.13348,399.0
1753600019797,07:06:59.797,bybit,AERGO/USDT:USDT,0.13346,337.0,0.13345,424.0,0.13347,652.0,0.13348,399.0
1753600020397,07:07:00.397,bybit,AERGO/USDT:USDT,0.13346,337.0,0.13345,424.0,0.13347,537.0,0.13348,287.0
1753600020497,07:07:00.497,bybit,AERGO/USDT:USDT,0.13346,337.0,0.13345,424.0,0.13347,652.0,0.13348,287.0
1753600020597,07:07:00.597,bybit,AERGO/USDT:USDT,0.13346,337.0,0.13345,424.0,0.13347,422.0,0.13348,287.0
1753600020696,07:07:00.696,bybit,AERGO/USDT:USDT,0.13346,337.0,0.13345,424.0,0.13347,422.0,0.13348,287.0
1753600020797,07:07:00.797,bybit,AERGO/USDT:USDT,0.13346,337.0,0.13345,424.0,0.13347,422.0,0.13348,287.0
1753600020897,07:07:00.897,bybit,AERGO/USDT:USDT,0.13346,337.0,0.13345,424.0,0.13347,422.0,0.13348,287.0
1753600021196,07:07:01.196,bybit,AERGO/USDT:USDT,0.13346,337.0,0.13345,424.0,0.13347,422.0,0.13348,287.0
1753600021298,07:07:01.298,bybit,AERGO/USDT:USDT,0.13346,337.0,0.13345,424.0,0.13347,422.0,0.13348,287.0
1753600021397,07:07:01.397,bybit,AERGO/USDT:USDT,0.13346,337.0,0.13345,424.0,0.13347,422.0,0.13348,287.0
1753600021497,07:07:01.497,bybit,AERGO/USDT:USDT,0.13346,337.0,0.13345,424.0,0.13347,422.0,0.13348,287.0
1753600022496,07:07:02.496,bybit,AERGO/USDT:USDT,0.13346,337.0,0.13345,424.0,0.13347,422.0,0.13348,287.0
1753600022597,07:07:02.597,bybit,AERGO/USDT:USDT,0.13346,337.0,0.13345,424.0,0.13347,422.0,0.13348,172.0
1753600022796,07:07:02.796,bybit,AERGO/USDT:USDT,0.13346,337.0,0.13345,424.0,0.13347,422.0,0.13348,172.0
1753600023297,07:07:03.297,bybit,AERGO/USDT:USDT,0.13346,337.0,0.13342,177.0,0.13347,652.0,0.13348,287.0
1753600023397,07:07:03.397,bybit,AERGO/USDT:USDT,0.13346,337.0,0.13342,177.0,0.13347,652.0,0.13348,287.0
1753600023497,07:07:03.497,bybit,AERGO/USDT:USDT,0.13346,734.0,0.13342,177.0,0.13347,652.0,0.13348,287.0
1753600023597,07:07:03.597,bybit,AERGO/USDT:USDT,0.13346,734.0,0.13342,177.0,0.13347,652.0,0.13348,287.0
1753600023697,07:07:03.697,bybit,AERGO/USDT:USDT,0.13346,734.0,0.13342,177.0,0.13347,537.0,0.13348,287.0
1753600023804,07:07:03.804,bybit,AERGO/USDT:USDT,0.13346,734.0,0.13342,177.0,0.13347,537.0,0.13348,287.0
1753600025197,07:07:05.197,bybit,AERGO/USDT:USDT,0.13346,734.0,0.13342,177.0,0.13347,422.0,0.13348,287.0
1753600026097,07:07:06.097,bybit,AERGO/USDT:USDT,0.13346,734.0,0.13342,215.0,0.13347,422.0,0.13348,287.0
1753600026697,07:07:06.697,bybit,AERGO/USDT:USDT,0.13346,734.0,0.13342,215.0,0.13347,652.0,0.13348,287.0
1753600027197,07:07:07.197,bybit,AERGO/USDT:USDT,0.13346,734.0,0.13342,215.0,0.13347,652.0,0.13348,287.0
1753600028097,07:07:08.097,bybit,AERGO/USDT:USDT,0.13346,734.0,0.13342,215.0,0.13347,537.0,0.13348,287.0
1753600028297,07:07:08.297,bybit,AERGO/USDT:USDT,0.13346,734.0,0.13342,215.0,0.13347,537.0,0.13348,287.0
1753600028497,07:07:08.497,bybit,AERGO/USDT:USDT,0.13346,734.0,0.13342,215.0,0.13347,537.0,0.13348,287.0
1753600030796,07:07:10.796,bybit,AERGO/USDT:USDT,0.13346,747.0,0.13342,215.0,0.13347,652.0,0.13348,287.0
1753600033298,07:07:13.298,bybit,AERGO/USDT:USDT,0.13346,747.0,0.13342,278.0,0.13347,537.0,0.13348,287.0
1753600033396,07:07:13.396,bybit,AERGO/USDT:USDT,0.13342,215.0,0.13341,57.0,0.13347,652.0,0.13348,287.0
1753600033497,07:07:13.497,bybit,AERGO/USDT:USDT,0.13342,215.0,0.13341,57.0,0.13347,652.0,0.13348,287.0
1753600033597,07:07:13.597,bybit,AERGO/USDT:USDT,0.13343,422.0,0.13342,215.0,0.13347,1252.0,0.13348,354.0
1753600033697,07:07:13.697,bybit,AERGO/USDT:USDT,0.13343,422.0,0.13342,215.0,0.13347,1252.0,0.13348,354.0
1753600033797,07:07:13.797,bybit,AERGO/USDT:USDT,0.13342,215.0,0.1334,78.0,0.13344,397.0,0.13345,57.0
1753600033997,07:07:13.997,bybit,AERGO/USDT:USDT,0.13343,391.0,0.13342,215.0,0.13344,397.0,0.13345,57.0
1753600034101,07:07:14.101,bybit,AERGO/USDT:USDT,0.13343,391.0,0.13342,215.0,0.13344,397.0,0.13345,57.0
1753600034997,07:07:14.997,bybit,AERGO/USDT:USDT,0.13343,391.0,0.13342,215.0,0.13344,397.0,0.13345,172.0
1753600035397,07:07:15.397,bybit,AERGO/USDT:USDT,0.13343,401.0,0.13342,215.0,0.13344,397.0,0.13345,57.0
1753600035697,07:07:15.697,bybit,AERGO/USDT:USDT,0.13343,401.0,0.13342,215.0,0.13344,1699.0,0.13345,172.0
1753600037497,07:07:17.497,bybit,AERGO/USDT:USDT,0.13343,401.0,0.13342,215.0,0.13344,1731.0,0.13345,172.0
1753600040197,07:07:20.197,bybit,AERGO/USDT:USDT,0.13343,401.0,0.13342,215.0,0.13344,1763.0,0.13345,172.0
1753600042097,07:07:22.097,bybit,AERGO/USDT:USDT,0.13343,391.0,0.13342,215.0,0.13344,1763.0,0.13345,172.0
1753600042197,07:07:22.197,bybit,AERGO/USDT:USDT,0.13343,413.0,0.13342,215.0,0.13344,1763.0,0.13345,172.0
1753600043297,07:07:23.297,bybit,AERGO/USDT:USDT,0.13343,413.0,0.13342,215.0,0.13344,1763.0,0.13345,57.0
1753600044497,07:07:24.497,bybit,AERGO/USDT:USDT,0.13343,413.0,0.13342,215.0,0.13344,1763.0,0.13345,57.0
1753600044697,07:07:24.697,bybit,AERGO/USDT:USDT,0.13343,413.0,0.13342,215.0,0.13344,1763.0,0.13345,57.0
1753600048598,07:07:28.598,bybit,AERGO/USDT:USDT,0.13343,413.0,0.13342,215.0,0.13344,1763.0,0.13345,172.0
1753600048697,07:07:28.697,bybit,AERGO/USDT:USDT,0.13343,413.0,0.13342,215.0,0.13344,1763.0,0.13345,287.0
1753600048797,07:07:28.797,bybit,AERGO/USDT:USDT,0.13343,413.0,0.13342,215.0,0.13344,1763.0,0.13345,287.0
1753600048897,07:07:28.897,bybit,AERGO/USDT:USDT,0.13343,413.0,0.13342,215.0,0.13344,1763.0,0.13345,172.0
1753600048997,07:07:28.997,bybit,AERGO/USDT:USDT,0.13343,413.0,0.13342,215.0,0.13344,1763.0,0.13345,172.0
1753600049197,07:07:29.197,bybit,AERGO/USDT:USDT,0.13343,413.0,0.13342,215.0,0.13344,1763.0,0.13345,287.0
1753600050497,07:07:30.497,bybit,AERGO/USDT:USDT,0.13343,413.0,0.13342,215.0,0.13344,1763.0,0.13345,172.0
1753600051797,07:07:31.797,bybit,AERGO/USDT:USDT,0.13343,413.0,0.13342,215.0,0.13344,1993.0,0.13345,354.0
1753600051897,07:07:31.897,bybit,AERGO/USDT:USDT,0.13343,413.0,0.13342,215.0,0.13344,1366.0,0.13345,239.0
1753600052097,07:07:32.097,bybit,AERGO/USDT:USDT,0.13343,413.0,0.13342,215.0,0.13344,1749.0,0.13345,354.0
1753600052197,07:07:32.197,bybit,AERGO/USDT:USDT,0.13343,413.0,0.13342,215.0,0.13344,1749.0,0.13345,354.0
1753600052498,07:07:32.498,bybit,AERGO/USDT:USDT,0.13343,413.0,0.13342,215.0,0.13344,1979.0,0.13345,354.0
1753600052597,07:07:32.597,bybit,AERGO/USDT:USDT,0.13343,413.0,0.13342,215.0,0.13344,1979.0,0.13345,354.0
1753600052697,07:07:32.697,bybit,AERGO/USDT:USDT,0.13343,413.0,0.13342,215.0,0.13344,1979.0,0.13345,354.0
1753600052797,07:07:32.797,bybit,AERGO/USDT:USDT,0.13343,413.0,0.13342,215.0,0.13344,1979.0,0.13345,354.0
1753600053297,07:07:33.297,bybit,AERGO/USDT:USDT,0.13343,413.0,0.13342,215.0,0.13344,1979.0,0.13345,354.0
1753600053397,07:07:33.397,bybit,AERGO/USDT:USDT,0.13343,391.0,0.13342,215.0,0.13344,1979.0,0.13345,354.0
1753600053497,07:07:33.497,bybit,AERGO/USDT:USDT,0.13343,424.0,0.13342,215.0,0.13344,1864.0,0.13345,354.0
1753600054099,07:07:34.099,bybit,AERGO/USDT:USDT,0.13343,424.0,0.13342,215.0,0.13344,1864.0,0.13345,354.0
1753600054796,07:07:34.796,bybit,AERGO/USDT:USDT,0.13343,424.0,0.13342,215.0,0.13344,1979.0,0.13345,354.0
1753600056696,07:07:36.696,bybit,AERGO/USDT:USDT,0.13343,424.0,0.13342,215.0,0.13344,2098.0,0.13345,354.0
1753600059097,07:07:39.097,bybit,AERGO/USDT:USDT,0.13343,424.0,0.13342,215.0,0.13344,2098.0,0.13345,354.0
1753600059297,07:07:39.297,bybit,AERGO/USDT:USDT,0.13343,424.0,0.13342,215.0,0.13344,1983.0,0.13345,354.0
1753600060198,07:07:40.198,bybit,AERGO/USDT:USDT,0.13343,424.0,0.13342,215.0,0.13344,2136.0,0.13345,354.0
1753600060297,07:07:40.297,bybit,AERGO/USDT:USDT,0.13343,424.0,0.13342,215.0,0.13344,2135.0,0.13345,354.0
1753600061097,07:07:41.097,bybit,AERGO/USDT:USDT,0.13343,424.0,0.13342,215.0,0.13344,2135.0,0.13345,354.0
1753600066197,07:07:46.197,bybit,AERGO/USDT:USDT,0.13343,391.0,0.13342,215.0,0.13344,2135.0,0.13345,354.0
1753600066297,07:07:46.297,bybit,AERGO/USDT:USDT,0.13343,432.0,0.13342,215.0,0.13344,1905.0,0.13345,354.0
1753600066796,07:07:46.796,bybit,AERGO/USDT:USDT,0.13343,432.0,0.13342,215.0,0.13344,2135.0,0.13345,354.0
1753600066897,07:07:46.897,bybit,AERGO/USDT:USDT,0.13343,432.0,0.13342,215.0,0.13344,2135.0,0.13345,354.0
1753600066996,07:07:46.996,bybit,AERGO/USDT:USDT,0.13343,41.0,0.13342,215.0,0.13344,2135.0,0.13345,354.0
1753600067396,07:07:47.396,bybit,AERGO/USDT:USDT,0.13343,41.0,0.13342,593.0,0.13344,2135.0,0.13345,354.0
1753600067997,07:07:47.997,bybit,AERGO/USDT:USDT,0.13343,41.0,0.13342,593.0,0.13344,2135.0,0.13345,354.0
1753600068099,07:07:48.099,bybit,AERGO/USDT:USDT,0.13343,41.0,0.13342,593.0,0.13344,2135.0,0.13345,354.0
1753600070398,07:07:50.398,bybit,AERGO/USDT:USDT,0.13343,41.0,0.13342,593.0,0.13344,928.0,0.13345,354.0
1753600070497,07:07:50.497,bybit,AERGO/USDT:USDT,0.13343,41.0,0.13342,593.0,0.13344,1043.0,0.13345,354.0
1753600075297,07:07:55.297,bybit,AERGO/USDT:USDT,0.13343,40.0,0.13342,593.0,0.13344,928.0,0.13345,287.0
1753600077098,07:07:57.098,bybit,AERGO/USDT:USDT,0.13343,40.0,0.13342,593.0,0.13344,928.0,0.13345,287.0
1753600077497,07:07:57.497,bybit,AERGO/USDT:USDT,0.13343,40.0,0.13342,593.0,0.13344,813.0,0.13345,287.0
1753600078100,07:07:58.100,bybit,AERGO/USDT:USDT,0.13343,40.0,0.13342,555.0,0.13344,813.0,0.13345,287.0
1753600078701,07:07:58.701,bybit,AERGO/USDT:USDT,0.13343,40.0,0.13342,555.0,0.13344,813.0,0.13345,287.0
1753600080099,07:08:00.099,bybit,AERGO/USDT:USDT,0.13343,40.0,0.13342,555.0,0.13344,813.0,0.13345,172.0
1753600080696,07:08:00.696,bybit,AERGO/USDT:USDT,0.13343,40.0,0.13342,555.0,0.13344,813.0,0.13345,172.0
1753600080897,07:08:00.897,bybit,AERGO/USDT:USDT,0.13343,40.0,0.13342,555.0,0.13344,813.0,0.13345,287.0
1753600083597,07:08:03.597,bybit,AERGO/USDT:USDT,0.13343,40.0,0.13342,555.0,0.13344,813.0,0.13345,172.0
1753600084096,07:08:04.096,bybit,AERGO/USDT:USDT,0.13343,40.0,0.13342,555.0,0.13344,813.0,0.13345,57.0
1753600084297,07:08:04.297,bybit,AERGO/USDT:USDT,0.13343,40.0,0.13342,555.0,0.13344,813.0,0.13345,57.0
1753600084397,07:08:04.397,bybit,AERGO/USDT:USDT,0.13343,40.0,0.13342,555.0,0.13344,813.0,0.13345,57.0
1753600084497,07:08:04.497,bybit,AERGO/USDT:USDT,0.13343,40.0,0.13342,555.0,0.13344,813.0,0.13345,172.0
1753600086297,07:08:06.297,bybit,AERGO/USDT:USDT,0.13343,40.0,0.13342,555.0,0.13344,813.0,0.13345,57.0
1753600086897,07:08:06.897,bybit,AERGO/USDT:USDT,0.13343,40.0,0.13342,670.0,0.13344,739.0,0.13345,57.0
1753600086997,07:08:06.997,bybit,AERGO/USDT:USDT,0.13343,40.0,0.13342,670.0,0.13344,739.0,0.13345,57.0
1753600087097,07:08:07.097,bybit,AERGO/USDT:USDT,0.13343,40.0,0.13342,670.0,0.13344,739.0,0.13345,57.0
1753600087198,07:08:07.198,bybit,AERGO/USDT:USDT,0.13343,40.0,0.13342,555.0,0.13344,739.0,0.13345,57.0
1753600087297,07:08:07.297,bybit,AERGO/USDT:USDT,0.13343,40.0,0.13342,555.0,0.13344,739.0,0.13345,57.0
1753600089196,07:08:09.196,bybit,AERGO/USDT:USDT,0.13343,155.0,0.13342,670.0,0.13344,689.0,0.13345,57.0
1753600089297,07:08:09.297,bybit,AERGO/USDT:USDT,0.13343,155.0,0.13342,670.0,0.13344,689.0,0.13345,57.0
1753600089597,07:08:09.597,bybit,AERGO/USDT:USDT,0.13343,161.0,0.13342,670.0,0.13344,689.0,0.13345,57.0
1753600089696,07:08:09.696,bybit,AERGO/USDT:USDT,0.13343,171.0,0.13342,670.0,0.13344,572.0,0.13345,57.0
1753600090397,07:08:10.397,bybit,AERGO/USDT:USDT,0.13343,174.0,0.13342,670.0,0.13344,572.0,0.13345,57.0
1753600091797,07:08:11.797,bybit,AERGO/USDT:USDT,0.13343,774.0,0.13342,785.0,0.13344,311.0,0.13345,57.0
1753600091996,07:08:11.996,bybit,AERGO/USDT:USDT,0.13343,889.0,0.13342,875.0,0.13344,709.0,0.13345,57.0
1753600092397,07:08:12.397,bybit,AERGO/USDT:USDT,0.13343,889.0,0.13342,875.0,0.13344,709.0,0.13345,57.0
1753600092496,07:08:12.496,bybit,AERGO/USDT:USDT,0.13343,774.0,0.13342,785.0,0.13344,709.0,0.13345,57.0
1753600092997,07:08:12.997,bybit,AERGO/USDT:USDT,0.13343,774.0,0.13342,670.0,0.13344,709.0,0.13345,57.0
1753600093097,07:08:13.097,bybit,AERGO/USDT:USDT,0.13343,774.0,0.13342,785.0,0.13344,709.0,0.13345,57.0
1753600094099,07:08:14.099,bybit,AERGO/USDT:USDT,0.13343,774.0,0.13342,785.0,0.13344,709.0,0.13345,57.0
1753600094197,07:08:14.197,bybit,AERGO/USDT:USDT,0.13343,774.0,0.13342,785.0,0.13344,709.0,0.13345,57.0
1753600094697,07:08:14.697,bybit,AERGO/USDT:USDT,0.13343,659.0,0.13342,555.0,0.13344,709.0,0.13345,57.0
1753600095297,07:08:15.297,bybit,AERGO/USDT:USDT,0.13343,774.0,0.13342,785.0,0.13344,709.0,0.13345,57.0
1753600096596,07:08:16.596,bybit,AERGO/USDT:USDT,0.13343,774.0,0.13342,785.0,0.13344,709.0,0.13345,57.0
1753600097097,07:08:17.097,bybit,AERGO/USDT:USDT,0.13343,774.0,0.13342,785.0,0.13344,709.0,0.13345,57.0
1753600097297,07:08:17.297,bybit,AERGO/USDT:USDT,0.13343,59.0,0.13342,670.0,0.13344,709.0,0.13345,57.0
1753600099097,07:08:19.097,bybit,AERGO/USDT:USDT,0.13343,59.0,0.13342,785.0,0.13344,709.0,0.13345,57.0
1753600102197,07:08:22.197,bybit,AERGO/USDT:USDT,0.13343,59.0,0.13342,785.0,0.13344,709.0,0.13345,57.0
1753600102397,07:08:22.397,bybit,AERGO/USDT:USDT,0.13343,59.0,0.13342,785.0,0.13344,709.0,0.13345,57.0
1753600102497,07:08:22.497,bybit,AERGO/USDT:USDT,0.13343,69.0,0.13342,785.0,0.13344,709.0,0.13345,57.0
1753600102598,07:08:22.598,bybit,AERGO/USDT:USDT,0.13343,69.0,0.13342,670.0,0.13344,709.0,0.13345,57.0
1753600102697,07:08:22.697,bybit,AERGO/USDT:USDT,0.13343,69.0,0.13342,555.0,0.13344,709.0,0.13345,57.0
1753600102797,07:08:22.797,bybit,AERGO/USDT:USDT,0.13343,69.0,0.13342,670.0,0.13344,709.0,0.13345,57.0
1753600103697,07:08:23.697,bybit,AERGO/USDT:USDT,0.13343,69.0,0.13342,670.0,0.13344,709.0,0.13345,57.0
1753600105697,07:08:25.697,bybit,AERGO/USDT:USDT,0.13343,69.0,0.13342,785.0,0.13344,709.0,0.13345,57.0
1753600105897,07:08:25.897,bybit,AERGO/USDT:USDT,0.13343,69.0,0.13342,785.0,0.13344,311.0,0.13345,57.0
1753600105997,07:08:25.997,bybit,AERGO/USDT:USDT,0.13343,299.0,0.13342,785.0,0.13344,311.0,0.13345,57.0
1753600106197,07:08:26.197,bybit,AERGO/USDT:USDT,0.13343,299.0,0.13342,785.0,0.13344,311.0,0.13345,470.0
1753600106598,07:08:26.598,bybit,AERGO/USDT:USDT,0.13343,69.0,0.13342,670.0,0.13344,311.0,0.13345,470.0
1753600106697,07:08:26.697,bybit,AERGO/USDT:USDT,0.13343,69.0,0.13342,670.0,0.13344,311.0,0.13345,470.0
1753600107397,07:08:27.397,bybit,AERGO/USDT:USDT,0.13343,69.0,0.13342,555.0,0.13344,311.0,0.13345,470.0
1753600107497,07:08:27.497,bybit,AERGO/USDT:USDT,0.13343,69.0,0.13342,555.0,0.13344,311.0,0.13345,470.0
1753600107597,07:08:27.597,bybit,AERGO/USDT:USDT,0.13343,69.0,0.13342,555.0,0.13344,311.0,0.13345,470.0
1753600107897,07:08:27.897,bybit,AERGO/USDT:USDT,0.13343,69.0,0.13342,555.0,0.13344,312.0,0.13345,470.0
1753600108098,07:08:28.098,bybit,AERGO/USDT:USDT,0.13343,69.0,0.13342,555.0,0.13344,427.0,0.13345,700.0
1753600108196,07:08:28.196,bybit,AERGO/USDT:USDT,0.13343,69.0,0.13342,555.0,0.13344,427.0,0.13345,700.0
1753600108597,07:08:28.597,bybit,AERGO/USDT:USDT,0.13343,69.0,0.13342,555.0,0.13344,426.0,0.13345,700.0
1753600109398,07:08:29.398,bybit,AERGO/USDT:USDT,0.13343,69.0,0.13342,555.0,0.13344,311.0,0.13345,585.0
1753600109497,07:08:29.497,bybit,AERGO/USDT:USDT,0.13343,69.0,0.13342,555.0,0.13344,311.0,0.13345,585.0
1753600111097,07:08:31.097,bybit,AERGO/USDT:USDT,0.13343,69.0,0.13342,555.0,0.13344,311.0,0.13345,585.0
1753600111197,07:08:31.197,bybit,AERGO/USDT:USDT,0.13343,69.0,0.13342,555.0,0.13344,311.0,0.13345,470.0
1753600111297,07:08:31.297,bybit,AERGO/USDT:USDT,0.13343,69.0,0.13342,555.0,0.13344,311.0,0.13345,470.0
1753600112797,07:08:32.797,bybit,AERGO/USDT:USDT,0.13343,69.0,0.13342,555.0,0.13344,311.0,0.13345,470.0
1753600113197,07:08:33.197,bybit,AERGO/USDT:USDT,0.13343,69.0,0.13342,785.0,0.13344,311.0,0.13345,470.0
1753600114099,07:08:34.099,bybit,AERGO/USDT:USDT,0.13345,112.0,0.13344,67.0,0.13349,76.0,0.1335,138.0
1753600114196,07:08:34.196,bybit,AERGO/USDT:USDT,0.13345,342.0,0.13344,354.0,0.13349,76.0,0.1335,138.0
1753600114397,07:08:34.397,bybit,AERGO/USDT:USDT,0.13345,342.0,0.13344,354.0,0.13347,439.0,0.13348,57.0
1753600114497,07:08:34.497,bybit,AERGO/USDT:USDT,0.13346,613.0,0.13345,399.0,0.13347,439.0,0.13348,57.0
1753600114597,07:08:34.597,bybit,AERGO/USDT:USDT,0.13346,613.0,0.13345,399.0,0.13347,439.0,0.13348,57.0
1753600115697,07:08:35.697,bybit,AERGO/USDT:USDT,0.13346,613.0,0.13345,399.0,0.13347,439.0,0.13348,57.0
1753600115997,07:08:35.997,bybit,AERGO/USDT:USDT,0.13346,613.0,0.13345,399.0,0.13347,439.0,0.13348,57.0
1753600117497,07:08:37.497,bybit,AERGO/USDT:USDT,0.13346,613.0,0.13345,399.0,0.13349,19.0,0.1335,138.0
1753600117597,07:08:37.597,bybit,AERGO/USDT:USDT,0.13347,366.0,0.13346,1382.0,0.13349,19.0,0.1335,138.0
1753600117696,07:08:37.696,bybit,AERGO/USDT:USDT,0.13347,366.0,0.13346,1382.0,0.13349,19.0,0.1335,138.0
1753600117896,07:08:37.896,bybit,AERGO/USDT:USDT,0.13348,694.0,0.13347,423.0,0.13349,399.0,0.1335,138.0
1753600119097,07:08:39.097,bybit,AERGO/USDT:USDT,0.13348,694.0,0.13347,423.0,0.13349,399.0,0.1335,138.0
1753600120397,07:08:40.397,bybit,AERGO/USDT:USDT,0.13348,694.0,0.13347,423.0,0.13349,437.0,0.1335,138.0
1753600121296,07:08:41.296,bybit,AERGO/USDT:USDT,0.13348,694.0,0.13347,423.0,0.13349,437.0,0.1335,138.0
1753600121397,07:08:41.397,bybit,AERGO/USDT:USDT,0.13348,694.0,0.13347,423.0,0.13349,437.0,0.1335,138.0
1753600122997,07:08:42.997,bybit,AERGO/USDT:USDT,0.13348,694.0,0.13347,423.0,0.13349,437.0,0.1335,138.0
1753600125098,07:08:45.098,bybit,AERGO/USDT:USDT,0.13348,694.0,0.13347,423.0,0.13349,437.0,0.1335,138.0
1753600125298,07:08:45.298,bybit,AERGO/USDT:USDT,0.13348,774.0,0.13347,423.0,0.13349,437.0,0.1335,138.0
1753600127496,07:08:47.496,bybit,AERGO/USDT:USDT,0.13348,774.0,0.13347,423.0,0.13349,477.0,0.1335,138.0
1753600128100,07:08:48.100,bybit,AERGO/USDT:USDT,0.13348,774.0,0.13347,423.0,0.13349,477.0,0.1335,138.0
1753600128897,07:08:48.897,bybit,AERGO/USDT:USDT,0.13348,774.0,0.13347,423.0,0.13349,477.0,0.1335,138.0
1753600128996,07:08:48.996,bybit,AERGO/USDT:USDT,0.13348,774.0,0.13347,423.0,0.13349,477.0,0.1335,138.0
1753600130697,07:08:50.697,bybit,AERGO/USDT:USDT,0.13348,774.0,0.13347,423.0,0.13349,477.0,0.1335,138.0
1753600133397,07:08:53.397,bybit,AERGO/USDT:USDT,0.13348,774.0,0.13347,423.0,0.13349,477.0,0.1335,138.0
1753600133597,07:08:53.597,bybit,AERGO/USDT:USDT,0.13348,774.0,0.13347,423.0,0.13349,97.0,0.1335,138.0
1753600133797,07:08:53.797,bybit,AERGO/USDT:USDT,0.13348,659.0,0.13347,308.0,0.13352,124.0,0.13353,152.0
1753600133898,07:08:53.898,bybit,AERGO/USDT:USDT,0.13348,659.0,0.13347,308.0,0.13352,124.0,0.13353,152.0
1753600133997,07:08:53.997,bybit,AERGO/USDT:USDT,0.13348,544.0,0.13347,308.0,0.13352,124.0,0.13353,152.0
1753600134101,07:08:54.101,bybit,AERGO/USDT:USDT,0.13348,544.0,0.13347,193.0,0.13352,124.0,0.13353,267.0
1753600134198,07:08:54.198,bybit,AERGO/USDT:USDT,0.13348,544.0,0.13347,193.0,0.13351,383.0,0.13352,239.0
1753600135097,07:08:55.097,bybit,AERGO/USDT:USDT,0.13348,544.0,0.13347,193.0,0.13351,383.0,0.13352,239.0
1753600135196,07:08:55.196,bybit,AERGO/USDT:USDT,0.13348,544.0,0.13347,308.0,0.13351,383.0,0.13352,124.0
1753600135597,07:08:55.597,bybit,AERGO/USDT:USDT,0.13348,544.0,0.13347,193.0,0.13351,383.0,0.13352,124.0
1753600135697,07:08:55.697,bybit,AERGO/USDT:USDT,0.13348,544.0,0.13347,423.0,0.13351,383.0,0.13352,124.0
1753600135797,07:08:55.797,bybit,AERGO/USDT:USDT,0.13348,544.0,0.13347,308.0,0.13351,383.0,0.13352,124.0
1753600135898,07:08:55.898,bybit,AERGO/USDT:USDT,0.13348,659.0,0.13347,423.0,0.13351,383.0,0.13352,124.0
1753600136697,07:08:56.697,bybit,AERGO/USDT:USDT,0.13348,659.0,0.13347,423.0,0.13351,383.0,0.13352,124.0
1753600136797,07:08:56.797,bybit,AERGO/USDT:USDT,0.13348,675.0,0.13347,423.0,0.13351,383.0,0.13352,124.0
1753600136997,07:08:56.997,bybit,AERGO/USDT:USDT,0.13348,675.0,0.13347,423.0,0.13351,383.0,0.13352,124.0
1753600137097,07:08:57.097,bybit,AERGO/USDT:USDT,0.13348,675.0,0.13347,308.0,0.13351,383.0,0.13352,124.0
1753600138197,07:08:58.197,bybit,AERGO/USDT:USDT,0.13348,675.0,0.13347,308.0,0.13351,383.0,0.13352,67.0
1753600138297,07:08:58.297,bybit,AERGO/USDT:USDT,0.13348,675.0,0.13347,308.0,0.13351,383.0,0.13352,67.0
1753600138697,07:08:58.697,bybit,AERGO/USDT:USDT,0.13348,675.0,0.13347,308.0,0.13351,383.0,0.13352,67.0
1753600138797,07:08:58.797,bybit,AERGO/USDT:USDT,0.1335,383.0,0.13349,88.0,0.13351,383.0,0.13352,239.0
1753600138896,07:08:58.896,bybit,AERGO/USDT:USDT,0.1335,383.0,0.13349,88.0,0.13351,383.0,0.13352,239.0
1753600139297,07:08:59.297,bybit,AERGO/USDT:USDT,0.1335,383.0,0.13349,88.0,0.13351,383.0,0.13352,239.0
1753600139497,07:08:59.497,bybit,AERGO/USDT:USDT,0.1335,383.0,0.13349,88.0,0.13351,383.0,0.13352,239.0
1753600139596,07:08:59.596,bybit,AERGO/USDT:USDT,0.1335,383.0,0.13349,88.0,0.13351,383.0,0.13352,239.0
1753600139797,07:08:59.797,bybit,AERGO/USDT:USDT,0.1335,383.0,0.13349,88.0,0.13351,383.0,0.13352,239.0
1753600139897,07:08:59.897,bybit,AERGO/USDT:USDT,0.1335,383.0,0.13349,88.0,0.13351,383.0,0.13352,239.0
1753600140697,07:09:00.697,bybit,AERGO/USDT:USDT,0.1335,383.0,0.13349,88.0,0.13351,383.0,0.13352,239.0
1753600140798,07:09:00.798,bybit,AERGO/USDT:USDT,0.1335,383.0,0.13349,88.0,0.13351,383.0,0.13352,124.0
1753600140897,07:09:00.897,bybit,AERGO/USDT:USDT,0.1335,383.0,0.13349,88.0,0.13351,383.0,0.13352,124.0
1753600140997,07:09:00.997,bybit,AERGO/USDT:USDT,0.1335,383.0,0.13349,88.0,0.13351,383.0,0.13352,124.0
1753600141397,07:09:01.397,bybit,AERGO/USDT:USDT,0.1335,383.0,0.13349,88.0,0.13351,383.0,0.13352,124.0
1753600141998,07:09:01.998,bybit,AERGO/USDT:USDT,0.13351,112.0,0.1335,1325.0,0.13355,241.0,0.13356,124.0
1753600142097,07:09:02.097,bybit,AERGO/USDT:USDT,0.13351,342.0,0.1335,1382.0,0.13355,241.0,0.13356,124.0
1753600142197,07:09:02.197,bybit,AERGO/USDT:USDT,0.13352,610.0,0.13351,399.0,0.13355,703.0,0.13356,124.0
1753600142297,07:09:02.297,bybit,AERGO/USDT:USDT,0.13352,610.0,0.13351,399.0,0.13355,703.0,0.13356,124.0
1753600142397,07:09:02.397,bybit,AERGO/USDT:USDT,0.13352,610.0,0.13351,399.0,0.13355,703.0,0.13356,124.0
1753600142497,07:09:02.497,bybit,AERGO/USDT:USDT,0.13352,610.0,0.13351,399.0,0.13355,703.0,0.13356,124.0
1753600142597,07:09:02.597,bybit,AERGO/USDT:USDT,0.13352,230.0,0.13351,399.0,0.13353,408.0,0.13355,241.0
1753600142696,07:09:02.696,bybit,AERGO/USDT:USDT,0.13352,571.0,0.13351,399.0,0.13353,408.0,0.13355,241.0
1753600143097,07:09:03.097,bybit,AERGO/USDT:USDT,0.13352,571.0,0.13351,399.0,0.13353,408.0,0.13355,241.0
1753600143296,07:09:03.296,bybit,AERGO/USDT:USDT,0.13352,571.0,0.13351,399.0,0.13353,408.0,0.13355,241.0
1753600143396,07:09:03.396,bybit,AERGO/USDT:USDT,0.13352,686.0,0.13351,399.0,0.13355,241.0,0.13356,124.0
1753600143497,07:09:03.497,bybit,AERGO/USDT:USDT,0.13352,686.0,0.13351,399.0,0.13355,241.0,0.13356,124.0
1753600143597,07:09:03.597,bybit,AERGO/USDT:USDT,0.13352,686.0,0.13351,399.0,0.13355,241.0,0.13356,124.0
1753600143797,07:09:03.797,bybit,AERGO/USDT:USDT,0.13352,686.0,0.13351,399.0,0.13354,394.0,0.13355,241.0
1753600144099,07:09:04.099,bybit,AERGO/USDT:USDT,0.13352,686.0,0.13351,399.0,0.13354,394.0,0.13355,241.0
1753600145597,07:09:05.597,bybit,AERGO/USDT:USDT,0.13352,686.0,0.13351,399.0,0.13354,394.0,0.13355,241.0
1753600147198,07:09:07.198,bybit,AERGO/USDT:USDT,0.13353,2967.0,0.13352,686.0,0.13357,82.0,0.13358,231.0
1753600147297,07:09:07.297,bybit,AERGO/USDT:USDT,0.13353,3079.0,0.13352,855.0,0.13357,82.0,0.13358,231.0
1753600147397,07:09:07.397,bybit,AERGO/USDT:USDT,0.13354,669.0,0.13353,3136.0,0.13357,545.0,0.13358,231.0
1753600147497,07:09:07.497,bybit,AERGO/USDT:USDT,0.13354,669.0,0.13353,3136.0,0.13357,545.0,0.13358,231.0
1753600147596,07:09:07.596,bybit,AERGO/USDT:USDT,0.13354,669.0,0.13353,3136.0,0.13357,545.0,0.13358,231.0
1753600147996,07:09:07.996,bybit,AERGO/USDT:USDT,0.13354,669.0,0.13353,3136.0,0.13357,545.0,0.13358,231.0
1753600148197,07:09:08.197,bybit,AERGO/USDT:USDT,0.13354,669.0,0.13353,3136.0,0.13357,545.0,0.13358,231.0
1753600148997,07:09:08.997,bybit,AERGO/USDT:USDT,0.13354,669.0,0.13353,3136.0,0.13357,545.0,0.13358,231.0
1753600149097,07:09:09.097,bybit,AERGO/USDT:USDT,0.13354,2806.0,0.13353,3136.0,0.13357,82.0,0.13358,231.0
1753600149297,07:09:09.297,bybit,AERGO/USDT:USDT,0.13354,2806.0,0.13353,999.0,0.13357,82.0,0.13358,231.0
1753600149397,07:09:09.397,bybit,AERGO/USDT:USDT,0.13354,2806.0,0.13353,999.0,0.13357,489.0,0.13358,231.0
1753600149497,07:09:09.497,bybit,AERGO/USDT:USDT,0.13354,2806.0,0.13353,999.0,0.13357,489.0,0.13358,231.0
1753600149798,07:09:09.798,bybit,AERGO/USDT:USDT,0.13354,2806.0,0.13353,999.0,0.13357,489.0,0.13358,231.0
1753600150099,07:09:10.099,bybit,AERGO/USDT:USDT,0.13354,2806.0,0.13353,999.0,0.13357,489.0,0.13358,231.0
1753600150697,07:09:10.697,bybit,AERGO/USDT:USDT,0.13356,442.0,0.13355,268.0,0.13357,489.0,0.13358,231.0
1753600150797,07:09:10.797,bybit,AERGO/USDT:USDT,0.13356,672.0,0.13355,268.0,0.13357,82.0,0.13358,231.0
1753600151097,07:09:11.097,bybit,AERGO/USDT:USDT,0.13356,672.0,0.13355,325.0,0.13357,82.0,0.13358,635.0
1753600151497,07:09:11.497,bybit,AERGO/USDT:USDT,0.13356,672.0,0.13355,325.0,0.13357,82.0,0.13358,635.0
1753600151597,07:09:11.597,bybit,AERGO/USDT:USDT,0.13356,672.0,0.13355,325.0,0.13357,82.0,0.13358,635.0
1753600151697,07:09:11.697,bybit,AERGO/USDT:USDT,0.13356,672.0,0.13355,325.0,0.13357,82.0,0.13358,635.0
1753600151797,07:09:11.797,bybit,AERGO/USDT:USDT,0.13356,672.0,0.13355,325.0,0.13357,82.0,0.13358,635.0
1753600151897,07:09:11.897,bybit,AERGO/USDT:USDT,0.13356,672.0,0.13355,325.0,0.13357,82.0,0.13358,635.0
1753600152297,07:09:12.297,bybit,AERGO/USDT:USDT,0.13356,672.0,0.13355,325.0,0.13357,25.0,0.13358,635.0
1753600152397,07:09:12.397,bybit,AERGO/USDT:USDT,0.13356,442.0,0.13355,325.0,0.13357,25.0,0.13358,635.0
1753600153096,07:09:13.096,bybit,AERGO/USDT:USDT,0.13356,442.0,0.13355,38.0,0.13357,25.0,0.13358,635.0
1753600153197,07:09:13.197,bybit,AERGO/USDT:USDT,0.13356,442.0,0.13355,268.0,0.13357,25.0,0.13358,635.0
1753600153397,07:09:13.397,bybit,AERGO/USDT:USDT,0.13356,557.0,0.13355,268.0,0.13357,25.0,0.13358,635.0
1753600154296,07:09:14.296,bybit,AERGO/USDT:USDT,0.13356,442.0,0.13355,38.0,0.13357,25.0,0.13358,635.0
1753600155598,07:09:15.598,bybit,AERGO/USDT:USDT,0.13356,442.0,0.13355,268.0,0.13357,25.0,0.13358,635.0
1753600155697,07:09:15.697,bybit,AERGO/USDT:USDT,0.13356,442.0,0.13355,268.0,0.13357,25.0,0.13358,635.0
1753600156297,07:09:16.297,bybit,AERGO/USDT:USDT,0.13356,442.0,0.13355,268.0,0.13357,25.0,0.13358,635.0
1753600157397,07:09:17.397,bybit,AERGO/USDT:USDT,0.13356,442.0,0.13355,153.0,0.13357,25.0,0.13358,635.0
1753600157897,07:09:17.897,bybit,AERGO/USDT:USDT,0.13356,442.0,0.13355,153.0,0.13357,25.0,0.13358,635.0
1753600157997,07:09:17.997,bybit,AERGO/USDT:USDT,0.13356,442.0,0.13355,268.0,0.13357,25.0,0.13358,635.0
1753600158597,07:09:18.597,bybit,AERGO/USDT:USDT,0.13356,557.0,0.13355,268.0,0.13357,25.0,0.13358,635.0
1753600158697,07:09:18.697,bybit,AERGO/USDT:USDT,0.13356,557.0,0.13355,268.0,0.13357,25.0,0.13358,635.0
1753600158797,07:09:18.797,bybit,AERGO/USDT:USDT,0.13356,557.0,0.13355,268.0,0.13357,25.0,0.13358,635.0
1753600159097,07:09:19.097,bybit,AERGO/USDT:USDT,0.13356,627.0,0.13355,268.0,0.13357,25.0,0.13358,635.0
1753600159297,07:09:19.297,bybit,AERGO/USDT:USDT,0.13356,627.0,0.13355,268.0,0.13357,25.0,0.13358,635.0
1753600159397,07:09:19.397,bybit,AERGO/USDT:USDT,0.13356,512.0,0.13355,268.0,0.13357,25.0,0.13358,635.0
1753600159697,07:09:19.697,bybit,AERGO/USDT:USDT,0.13356,627.0,0.13355,268.0,0.13357,25.0,0.13358,635.0
1753600159797,07:09:19.797,bybit,AERGO/USDT:USDT,0.13356,627.0,0.13355,268.0,0.13357,25.0,0.13358,635.0
1753600160097,07:09:20.097,bybit,AERGO/USDT:USDT,0.13356,512.0,0.13355,268.0,0.13357,25.0,0.13358,231.0
1753600160297,07:09:20.297,bybit,AERGO/USDT:USDT,0.13356,512.0,0.13355,268.0,0.13357,25.0,0.13358,231.0
1753600160397,07:09:20.397,bybit,AERGO/USDT:USDT,0.13356,512.0,0.13355,268.0,0.13357,25.0,0.13358,117.0
1753600161297,07:09:21.297,bybit,AERGO/USDT:USDT,0.13356,512.0,0.13355,325.0,0.13357,25.0,0.13358,117.0
1753600161497,07:09:21.497,bybit,AERGO/USDT:USDT,0.13356,512.0,0.13355,325.0,0.13357,25.0,0.13358,117.0
1753600161598,07:09:21.598,bybit,AERGO/USDT:USDT,0.13356,573.0,0.13355,325.0,0.13357,25.0,0.13358,117.0
1753600162099,07:09:22.099,bybit,AERGO/USDT:USDT,0.13356,503.0,0.13355,325.0,0.13357,25.0,0.13358,117.0
1753600162797,07:09:22.797,bybit,AERGO/USDT:USDT,0.13356,636.0,0.13355,325.0,0.13357,25.0,0.13358,117.0
1753600163797,07:09:23.797,bybit,AERGO/USDT:USDT,0.13356,636.0,0.13355,325.0,0.13357,25.0,0.13358,117.0
1753600164598,07:09:24.598,bybit,AERGO/USDT:USDT,0.13356,751.0,0.13355,325.0,0.13357,25.0,0.13358,117.0
1753600164697,07:09:24.697,bybit,AERGO/USDT:USDT,0.13356,751.0,0.13355,325.0,0.13357,25.0,0.13358,117.0
1753600165097,07:09:25.097,bybit,AERGO/USDT:USDT,0.13356,751.0,0.13355,325.0,0.13357,25.0,0.13358,117.0
1753600165598,07:09:25.598,bybit,AERGO/USDT:USDT,0.13356,751.0,0.13355,325.0,0.13357,25.0,0.13358,117.0
1753600165697,07:09:25.697,bybit,AERGO/USDT:USDT,0.13356,636.0,0.13355,325.0,0.13357,25.0,0.13358,117.0
1753600167297,07:09:27.297,bybit,AERGO/USDT:USDT,0.13356,751.0,0.13355,325.0,0.13357,25.0,0.13358,117.0
1753600167797,07:09:27.797,bybit,AERGO/USDT:USDT,0.13356,751.0,0.13355,325.0,0.13357,25.0,0.13358,117.0
1753600168297,07:09:28.297,bybit,AERGO/USDT:USDT,0.13356,790.0,0.13355,287.0,0.13357,25.0,0.13358,117.0
1753600168396,07:09:28.396,bybit,AERGO/USDT:USDT,0.13356,790.0,0.13355,287.0,0.13357,25.0,0.13358,117.0
1753600169297,07:09:29.297,bybit,AERGO/USDT:USDT,0.13356,790.0,0.13355,287.0,0.13357,25.0,0.13358,117.0
1753600169397,07:09:29.397,bybit,AERGO/USDT:USDT,0.13356,560.0,0.13355,287.0,0.13357,25.0,0.13358,117.0
1753600169496,07:09:29.496,bybit,AERGO/USDT:USDT,0.13356,790.0,0.13355,287.0,0.13357,25.0,0.13358,117.0
1753600170098,07:09:30.098,bybit,AERGO/USDT:USDT,0.13356,860.0,0.13355,287.0,0.13357,25.0,0.13358,117.0
1753600170196,07:09:30.196,bybit,AERGO/USDT:USDT,0.13356,860.0,0.13355,287.0,0.13357,25.0,0.13358,117.0
1753600170797,07:09:30.797,bybit,AERGO/USDT:USDT,0.13356,860.0,0.13355,287.0,0.13357,25.0,0.13358,117.0
1753600170897,07:09:30.897,bybit,AERGO/USDT:USDT,0.13356,860.0,0.13355,287.0,0.13357,25.0,0.13358,117.0
1753600171497,07:09:31.497,bybit,AERGO/USDT:USDT,0.13356,860.0,0.13355,287.0,0.13357,25.0,0.13358,117.0
1753600171597,07:09:31.597,bybit,AERGO/USDT:USDT,0.13356,630.0,0.13355,287.0,0.13357,25.0,0.13358,117.0
1753600173097,07:09:33.097,bybit,AERGO/USDT:USDT,0.13356,630.0,0.13355,57.0,0.13357,25.0,0.13358,117.0
1753600174100,07:09:34.100,bybit,AERGO/USDT:USDT,0.13356,560.0,0.13355,172.0,0.13357,25.0,0.13358,117.0
1753600174597,07:09:34.597,bybit,AERGO/USDT:USDT,0.13356,567.0,0.13355,172.0,0.13357,25.0,0.13358,117.0
1753600176798,07:09:36.798,bybit,AERGO/USDT:USDT,0.13356,559.0,0.13355,172.0,0.13357,25.0,0.13358,117.0
1753600177096,07:09:37.096,bybit,AERGO/USDT:USDT,0.13356,559.0,0.13355,172.0,0.13357,25.0,0.13358,117.0
1753600178397,07:09:38.397,bybit,AERGO/USDT:USDT,0.13356,674.0,0.13355,287.0,0.13357,25.0,0.13358,117.0
1753600180897,07:09:40.897,bybit,AERGO/USDT:USDT,0.13356,559.0,0.13355,287.0,0.13357,25.0,0.13358,117.0
1753600183597,07:09:43.597,bybit,AERGO/USDT:USDT,0.13356,559.0,0.13355,287.0,0.13357,25.0,0.13358,117.0
1753600183697,07:09:43.697,bybit,AERGO/USDT:USDT,0.13356,559.0,0.13355,287.0,0.13357,25.0,0.13358,117.0
1753600183996,07:09:43.996,bybit,AERGO/USDT:USDT,0.13356,559.0,0.13355,287.0,0.13357,25.0,0.13358,117.0
1753600184398,07:09:44.398,bybit,AERGO/USDT:USDT,0.13356,559.0,0.13355,287.0,0.13357,25.0,0.13358,117.0
1753600184597,07:09:44.597,bybit,AERGO/USDT:USDT,0.13356,559.0,0.13355,57.0,0.13357,25.0,0.13358,117.0
1753600185297,07:09:45.297,bybit,AERGO/USDT:USDT,0.13356,559.0,0.13355,172.0,0.13357,25.0,0.13358,117.0
1753600185598,07:09:45.598,bybit,AERGO/USDT:USDT,0.13356,559.0,0.13355,57.0,0.13357,25.0,0.13358,117.0
1753600185797,07:09:45.797,bybit,AERGO/USDT:USDT,0.13356,559.0,0.13355,172.0,0.13357,25.0,0.13358,117.0
1753600185897,07:09:45.897,bybit,AERGO/USDT:USDT,0.13356,559.0,0.13355,57.0,0.13357,25.0,0.13358,117.0
1753600186099,07:09:46.099,bybit,AERGO/USDT:USDT,0.13356,559.0,0.13355,57.0,0.13357,25.0,0.13358,117.0
1753600186196,07:09:46.196,bybit,AERGO/USDT:USDT,0.13356,559.0,0.13355,172.0,0.13357,25.0,0.13358,117.0
1753600186397,07:09:46.397,bybit,AERGO/USDT:USDT,0.13356,559.0,0.13355,172.0,0.13357,25.0,0.13358,117.0
1753600186497,07:09:46.497,bybit,AERGO/USDT:USDT,0.13356,559.0,0.13355,172.0,0.13357,25.0,0.13358,117.0
1753600186897,07:09:46.897,bybit,AERGO/USDT:USDT,0.13356,559.0,0.13355,172.0,0.13357,25.0,0.13358,117.0
1753600186996,07:09:46.996,bybit,AERGO/USDT:USDT,0.13356,559.0,0.13355,172.0,0.13357,25.0,0.13358,117.0
1753600187297,07:09:47.297,bybit,AERGO/USDT:USDT,0.13356,559.0,0.13355,172.0,0.13357,25.0,0.13358,117.0
1753600187397,07:09:47.397,bybit,AERGO/USDT:USDT,0.13356,559.0,0.13355,172.0,0.13357,25.0,0.13358,117.0
1753600187696,07:09:47.696,bybit,AERGO/USDT:USDT,0.13356,559.0,0.13355,172.0,0.13357,25.0,0.13358,117.0
1753600188197,07:09:48.197,bybit,AERGO/USDT:USDT,0.13356,559.0,0.13355,172.0,0.13357,25.0,0.13358,117.0
1753600188297,07:09:48.297,bybit,AERGO/USDT:USDT,0.13356,559.0,0.13355,172.0,0.13357,25.0,0.13358,117.0
1753600188397,07:09:48.397,bybit,AERGO/USDT:USDT,0.13356,674.0,0.13355,397.0,0.13357,25.0,0.13358,117.0
1753600188497,07:09:48.497,bybit,AERGO/USDT:USDT,0.13356,789.0,0.13355,397.0,0.13357,25.0,0.13358,117.0
1753600188597,07:09:48.597,bybit,AERGO/USDT:USDT,0.13356,559.0,0.13355,397.0,0.13357,25.0,0.13358,117.0
1753600188696,07:09:48.696,bybit,AERGO/USDT:USDT,0.13356,559.0,0.13355,397.0,0.13357,25.0,0.13358,117.0
1753600189197,07:09:49.197,bybit,AERGO/USDT:USDT,0.13356,744.0,0.13355,397.0,0.13357,25.0,0.13358,117.0
1753600189497,07:09:49.497,bybit,AERGO/USDT:USDT,0.13356,629.0,0.13355,397.0,0.13357,25.0,0.13358,117.0
1753600189696,07:09:49.696,bybit,AERGO/USDT:USDT,0.13356,629.0,0.13355,397.0,0.13357,25.0,0.13358,117.0
1753600189797,07:09:49.797,bybit,AERGO/USDT:USDT,0.13356,629.0,0.13355,397.0,0.13357,25.0,0.13358,117.0
1753600189897,07:09:49.897,bybit,AERGO/USDT:USDT,0.13356,629.0,0.13355,397.0,0.13357,25.0,0.13358,117.0
1753600190598,07:09:50.598,bybit,AERGO/USDT:USDT,0.13356,629.0,0.13355,397.0,0.13357,25.0,0.13358,117.0
1753600190697,07:09:50.697,bybit,AERGO/USDT:USDT,0.13356,629.0,0.13355,397.0,0.13357,25.0,0.13358,117.0
1753600191296,07:09:51.296,bybit,AERGO/USDT:USDT,0.13356,629.0,0.13355,397.0,0.13357,25.0,0.13358,117.0
1753600191397,07:09:51.397,bybit,AERGO/USDT:USDT,0.13356,629.0,0.13355,397.0,0.13357,25.0,0.13358,117.0
1753600191697,07:09:51.697,bybit,AERGO/USDT:USDT,0.13356,629.0,0.13355,397.0,0.13357,25.0,0.13358,117.0
1753600191797,07:09:51.797,bybit,AERGO/USDT:USDT,0.13356,629.0,0.13355,282.0,0.13357,25.0,0.13358,117.0
1753600191896,07:09:51.896,bybit,AERGO/USDT:USDT,0.13356,629.0,0.13355,397.0,0.13357,25.0,0.13358,117.0
1753600191997,07:09:51.997,bybit,AERGO/USDT:USDT,0.13356,744.0,0.13355,397.0,0.13357,25.0,0.13358,117.0
1753600192398,07:09:52.398,bybit,AERGO/USDT:USDT,0.13356,744.0,0.13355,397.0,0.13357,25.0,0.13358,117.0
1753600194997,07:09:54.997,bybit,AERGO/USDT:USDT,0.13356,744.0,0.13355,397.0,0.13357,25.0,0.13358,117.0
1753600195097,07:09:55.097,bybit,AERGO/USDT:USDT,0.13356,629.0,0.13355,282.0,0.13357,25.0,0.13358,117.0
1753600195297,07:09:55.297,bybit,AERGO/USDT:USDT,0.13356,629.0,0.13355,397.0,0.13357,25.0,0.13358,117.0
1753600195597,07:09:55.597,bybit,AERGO/USDT:USDT,0.13356,629.0,0.13355,397.0,0.13357,25.0,0.13358,117.0
1753600195697,07:09:55.697,bybit,AERGO/USDT:USDT,0.13356,744.0,0.13355,397.0,0.13357,25.0,0.13358,117.0
1753600195897,07:09:55.897,bybit,AERGO/USDT:USDT,0.13356,629.0,0.13355,397.0,0.13357,25.0,0.13358,117.0
1753600195997,07:09:55.997,bybit,AERGO/USDT:USDT,0.13356,629.0,0.13355,397.0,0.13357,25.0,0.13358,117.0
1753600196099,07:09:56.099,bybit,AERGO/USDT:USDT,0.13356,629.0,0.13355,397.0,0.13357,25.0,0.13358,117.0
1753600196497,07:09:56.497,bybit,AERGO/USDT:USDT,0.13356,629.0,0.13355,397.0,0.13357,25.0,0.13358,117.0
1753600196597,07:09:56.597,bybit,AERGO/USDT:USDT,0.13356,629.0,0.13355,397.0,0.13357,25.0,0.13358,117.0
1753600196797,07:09:56.797,bybit,AERGO/USDT:USDT,0.13356,744.0,0.13355,397.0,0.13357,25.0,0.13358,117.0
1753600197197,07:09:57.197,bybit,AERGO/USDT:USDT,0.13356,577.0,0.13355,397.0,0.13357,25.0,0.13358,117.0
1753600197296,07:09:57.296,bybit,AERGO/USDT:USDT,0.13356,577.0,0.13355,397.0,0.13357,25.0,0.13358,117.0
1753600197597,07:09:57.597,bybit,AERGO/USDT:USDT,0.13356,577.0,0.13355,397.0,0.13357,25.0,0.13358,522.0
1753600197697,07:09:57.697,bybit,AERGO/USDT:USDT,0.13356,135.0,0.13355,57.0,0.13357,25.0,0.13358,632.0
1753600197797,07:09:57.797,bybit,AERGO/USDT:USDT,0.13356,135.0,0.13355,57.0,0.13357,25.0,0.13358,747.0
1753600197897,07:09:57.897,bybit,AERGO/USDT:USDT,0.13356,575.0,0.13355,57.0,0.13357,25.0,0.13358,747.0
1753600197997,07:09:57.997,bybit,AERGO/USDT:USDT,0.13356,575.0,0.13355,57.0,0.13357,25.0,0.13358,747.0
1753600198099,07:09:58.099,bybit,AERGO/USDT:USDT,0.13356,505.0,0.13355,57.0,0.13357,140.0,0.13358,862.0
1753600198197,07:09:58.197,bybit,AERGO/USDT:USDT,0.13356,505.0,0.13355,57.0,0.13357,140.0,0.13358,752.0
1753600198397,07:09:58.397,bybit,AERGO/USDT:USDT,0.13356,505.0,0.13355,57.0,0.13357,25.0,0.13358,637.0
1753600198697,07:09:58.697,bybit,AERGO/USDT:USDT,0.13356,505.0,0.13355,57.0,0.13357,25.0,0.13358,637.0
1753600198897,07:09:58.897,bybit,AERGO/USDT:USDT,0.13356,505.0,0.13355,57.0,0.13357,25.0,0.13358,522.0
1753600198997,07:09:58.997,bybit,AERGO/USDT:USDT,0.13356,505.0,0.13355,57.0,0.13357,25.0,0.13358,522.0
1753600200497,07:10:00.497,bybit,AERGO/USDT:USDT,0.13356,505.0,0.13355,57.0,0.13357,25.0,0.13358,522.0
1753600200597,07:10:00.597,bybit,AERGO/USDT:USDT,0.13356,505.0,0.13355,57.0,0.13357,25.0,0.13358,522.0
1753600200697,07:10:00.697,bybit,AERGO/USDT:USDT,0.13356,505.0,0.13355,57.0,0.13357,25.0,0.13358,522.0
1753600200797,07:10:00.797,bybit,AERGO/USDT:USDT,0.13356,515.0,0.13355,57.0,0.13357,25.0,0.13358,522.0
1753600200897,07:10:00.897,bybit,AERGO/USDT:USDT,0.13356,515.0,0.13355,165.0,0.13357,25.0,0.13358,522.0
1753600200997,07:10:00.997,bybit,AERGO/USDT:USDT,0.13356,515.0,0.13355,165.0,0.13357,25.0,0.13358,522.0
1753600201197,07:10:01.197,bybit,AERGO/USDT:USDT,0.13356,515.0,0.13355,57.0,0.13357,25.0,0.13358,522.0
1753600201397,07:10:01.397,bybit,AERGO/USDT:USDT,0.13356,515.0,0.13355,57.0,0.13357,25.0,0.13358,522.0
1753600203097,07:10:03.097,bybit,AERGO/USDT:USDT,0.13356,515.0,0.13355,57.0,0.13357,25.0,0.13358,522.0
1753600203197,07:10:03.197,bybit,AERGO/USDT:USDT,0.13356,515.0,0.13355,165.0,0.13357,25.0,0.13358,522.0
1753600203897,07:10:03.897,bybit,AERGO/USDT:USDT,0.13356,515.0,0.13355,165.0,0.13357,25.0,0.13358,522.0
1753600204096,07:10:04.096,bybit,AERGO/USDT:USDT,0.13356,515.0,0.13355,165.0,0.13357,25.0,0.13358,522.0
1753600204796,07:10:04.796,bybit,AERGO/USDT:USDT,0.13356,515.0,0.13355,165.0,0.13357,25.0,0.13358,522.0
1753600205597,07:10:05.597,bybit,AERGO/USDT:USDT,0.13356,515.0,0.13355,273.0,0.13357,25.0,0.13358,522.0
1753600205697,07:10:05.697,bybit,AERGO/USDT:USDT,0.13356,515.0,0.13355,273.0,0.13357,25.0,0.13358,522.0
1753600205797,07:10:05.797,bybit,AERGO/USDT:USDT,0.13356,515.0,0.13355,273.0,0.13357,25.0,0.13358,522.0
1753600206997,07:10:06.997,bybit,AERGO/USDT:USDT,0.13356,515.0,0.13355,165.0,0.13357,25.0,0.13358,522.0
1753600207098,07:10:07.098,bybit,AERGO/USDT:USDT,0.13356,515.0,0.13355,165.0,0.13357,25.0,0.13358,522.0
1753600207697,07:10:07.697,bybit,AERGO/USDT:USDT,0.13356,515.0,0.13355,165.0,0.13357,25.0,0.13358,522.0
1753600208897,07:10:08.897,bybit,AERGO/USDT:USDT,0.13356,1115.0,0.13355,165.0,0.13357,787.0,0.13358,522.0
1753600208998,07:10:08.998,bybit,AERGO/USDT:USDT,0.13356,1115.0,0.13355,165.0,0.13357,787.0,0.13358,522.0
1753600209097,07:10:09.097,bybit,AERGO/USDT:USDT,0.13356,1115.0,0.13355,165.0,0.13357,787.0,0.13358,522.0
1753600210397,07:10:10.397,bybit,AERGO/USDT:USDT,0.13356,1223.0,0.13355,273.0,0.13357,787.0,0.13358,522.0
1753600210797,07:10:10.797,bybit,AERGO/USDT:USDT,0.13356,1119.0,0.13355,165.0,0.13357,787.0,0.13358,522.0
1753600211898,07:10:11.898,bybit,AERGO/USDT:USDT,0.13356,1119.0,0.13355,273.0,0.13357,787.0,0.13358,522.0
1753600211997,07:10:11.997,bybit,AERGO/USDT:USDT,0.13356,1119.0,0.13355,273.0,0.13357,787.0,0.13358,522.0
1753600212101,07:10:12.101,bybit,AERGO/USDT:USDT,0.13356,1119.0,0.13355,57.0,0.13357,787.0,0.13358,522.0
1753600212296,07:10:12.296,bybit,AERGO/USDT:USDT,0.13356,1119.0,0.13355,57.0,0.13357,787.0,0.13358,522.0
1753600213597,07:10:13.597,bybit,AERGO/USDT:USDT,0.13356,1119.0,0.13355,57.0,0.13357,807.0,0.13358,630.0
1753600214598,07:10:14.598,bybit,AERGO/USDT:USDT,0.13356,1119.0,0.13355,57.0,0.13357,807.0,0.13358,738.0
1753600217297,07:10:17.297,bybit,AERGO/USDT:USDT,0.13356,1119.0,0.13355,57.0,0.13357,807.0,0.13358,738.0
1753600217897,07:10:17.897,bybit,AERGO/USDT:USDT,0.13356,1119.0,0.13355,57.0,0.13357,807.0,0.13358,738.0
1753600218597,07:10:18.597,bybit,AERGO/USDT:USDT,0.13356,1115.0,0.13355,57.0,0.13357,807.0,0.13358,738.0
1753600219397,07:10:19.397,bybit,AERGO/USDT:USDT,0.13356,1115.0,0.13355,57.0,0.13357,825.0,0.13358,738.0
1753600219497,07:10:19.497,bybit,AERGO/USDT:USDT,0.13356,1115.0,0.13355,57.0,0.13357,825.0,0.13358,738.0
1753600221597,07:10:21.597,bybit,AERGO/USDT:USDT,0.13356,1115.0,0.13355,57.0,0.13357,933.0,0.13358,738.0
1753600222197,07:10:22.197,bybit,AERGO/USDT:USDT,0.13356,1115.0,0.13355,57.0,0.13357,933.0,0.13358,738.0
1753600222297,07:10:22.297,bybit,AERGO/USDT:USDT,0.13356,1115.0,0.13355,57.0,0.13357,825.0,0.13358,522.0
1753600222397,07:10:22.397,bybit,AERGO/USDT:USDT,0.13356,1115.0,0.13355,57.0,0.13357,825.0,0.13358,522.0
1753600222496,07:10:22.496,bybit,AERGO/USDT:USDT,0.13356,1115.0,0.13355,57.0,0.13357,825.0,0.13358,522.0
1753600222597,07:10:22.597,bybit,AERGO/USDT:USDT,0.13356,1115.0,0.13355,57.0,0.13357,825.0,0.13358,738.0
1753600224196,07:10:24.196,bybit,AERGO/USDT:USDT,0.13356,1115.0,0.13355,57.0,0.13357,825.0,0.13358,738.0
1753600225697,07:10:25.697,bybit,AERGO/USDT:USDT,0.13356,1115.0,0.13355,57.0,0.13357,1041.0,0.13358,738.0
1753600226197,07:10:26.197,bybit,AERGO/USDT:USDT,0.13356,1115.0,0.13355,57.0,0.13357,1041.0,0.13358,738.0
1753600227396,07:10:27.396,bybit,AERGO/USDT:USDT,0.13356,1115.0,0.13355,57.0,0.13357,1041.0,0.13358,738.0
1753600228097,07:10:28.097,bybit,AERGO/USDT:USDT,0.13356,515.0,0.13355,57.0,0.13357,1041.0,0.13358,738.0
1753600228497,07:10:28.497,bybit,AERGO/USDT:USDT,0.13356,504.0,0.13355,57.0,0.13357,1041.0,0.13358,738.0
1753600228597,07:10:28.597,bybit,AERGO/USDT:USDT,0.13356,504.0,0.13355,57.0,0.13357,933.0,0.13358,738.0
1753600228697,07:10:28.697,bybit,AERGO/USDT:USDT,0.13356,504.0,0.13355,57.0,0.13357,825.0,0.13358,738.0
1753600228797,07:10:28.797,bybit,AERGO/USDT:USDT,0.13356,504.0,0.13355,57.0,0.13357,1041.0,0.13358,738.0
1753600229097,07:10:29.097,bybit,AERGO/USDT:USDT,0.13356,504.0,0.13355,57.0,0.13357,1111.0,0.13358,738.0
1753600229397,07:10:29.397,bybit,AERGO/USDT:USDT,0.13356,504.0,0.13355,57.0,0.13357,1111.0,0.13358,738.0
1753600230100,07:10:30.100,bybit,AERGO/USDT:USDT,0.13356,504.0,0.13355,57.0,0.13357,825.0,0.13358,738.0
1753600230596,07:10:30.596,bybit,AERGO/USDT:USDT,0.13356,1104.0,0.13355,57.0,0.13357,825.0,0.13358,522.0
1753600230696,07:10:30.696,bybit,AERGO/USDT:USDT,0.13356,1104.0,0.13355,57.0,0.13357,825.0,0.13358,738.0
1753600230798,07:10:30.798,bybit,AERGO/USDT:USDT,0.13356,1104.0,0.13355,57.0,0.13357,825.0,0.13358,522.0
1753600230897,07:10:30.897,bybit,AERGO/USDT:USDT,0.13356,1104.0,0.13355,57.0,0.13357,825.0,0.13358,630.0
1753600231297,07:10:31.297,bybit,AERGO/USDT:USDT,0.13356,1104.0,0.13355,57.0,0.13357,825.0,0.13358,630.0
1753600231397,07:10:31.397,bybit,AERGO/USDT:USDT,0.13356,1104.0,0.13355,57.0,0.13357,825.0,0.13358,630.0
1753600231896,07:10:31.896,bybit,AERGO/USDT:USDT,0.13356,1104.0,0.13355,57.0,0.13357,825.0,0.13358,522.0
1753600232099,07:10:32.099,bybit,AERGO/USDT:USDT,0.13356,1104.0,0.13355,57.0,0.13357,825.0,0.13358,630.0
1753600232196,07:10:32.196,bybit,AERGO/USDT:USDT,0.13356,1104.0,0.13355,57.0,0.13357,825.0,0.13358,738.0
1753600233097,07:10:33.097,bybit,AERGO/USDT:USDT,0.13356,1104.0,0.13355,57.0,0.13357,825.0,0.13358,738.0
1753600233597,07:10:33.597,bybit,AERGO/USDT:USDT,0.13356,1116.0,0.13355,57.0,0.13357,825.0,0.13358,738.0
1753600234297,07:10:34.297,bybit,AERGO/USDT:USDT,0.13356,1116.0,0.13355,57.0,0.13357,825.0,0.13358,630.0
1753600235497,07:10:35.497,bybit,AERGO/USDT:USDT,0.13356,1116.0,0.13355,57.0,0.13357,825.0,0.13358,738.0
1753600235597,07:10:35.597,bybit,AERGO/USDT:USDT,0.13356,1116.0,0.13355,165.0,0.13357,825.0,0.13358,630.0
1753600236697,07:10:36.697,bybit,AERGO/USDT:USDT,0.13356,1116.0,0.13355,57.0,0.13357,933.0,0.13358,738.0
1753600236897,07:10:36.897,bybit,AERGO/USDT:USDT,0.13356,1116.0,0.13355,57.0,0.13357,933.0,0.13358,738.0
1753600237097,07:10:37.097,bybit,AERGO/USDT:USDT,0.13356,1116.0,0.13355,57.0,0.13357,825.0,0.13358,738.0
1753600237897,07:10:37.897,bybit,AERGO/USDT:USDT,0.13356,1118.0,0.13355,57.0,0.13357,933.0,0.13358,738.0
1753600238396,07:10:38.396,bybit,AERGO/USDT:USDT,0.13356,1118.0,0.13355,57.0,0.13357,933.0,0.13358,738.0
1753600238497,07:10:38.497,bybit,AERGO/USDT:USDT,0.13356,1118.0,0.13355,57.0,0.13357,1041.0,0.13358,738.0
1753600239496,07:10:39.496,bybit,AERGO/USDT:USDT,0.13356,1118.0,0.13355,57.0,0.13357,1041.0,0.13358,738.0
1753600239598,07:10:39.598,bybit,AERGO/USDT:USDT,0.13356,1118.0,0.13355,57.0,0.13357,993.0,0.13358,738.0
1753600239804,07:10:39.804,bybit,AERGO/USDT:USDT,0.13356,1305.0,0.13355,57.0,0.13357,885.0,0.13358,738.0
1753600240297,07:10:40.297,bybit,AERGO/USDT:USDT,0.13356,1305.0,0.13355,57.0,0.13357,993.0,0.13358,738.0
1753600240898,07:10:40.898,bybit,AERGO/USDT:USDT,0.13356,1305.0,0.13355,57.0,0.13357,992.0,0.13358,738.0
1753600241997,07:10:41.997,bybit,AERGO/USDT:USDT,0.13356,1316.0,0.13355,57.0,0.13357,992.0,0.13358,738.0
1753600242100,07:10:42.100,bybit,AERGO/USDT:USDT,0.13356,1316.0,0.13355,57.0,0.13357,884.0,0.13358,738.0
1753600242597,07:10:42.597,bybit,AERGO/USDT:USDT,0.13356,1316.0,0.13355,57.0,0.13357,992.0,0.13358,738.0
1753600242697,07:10:42.697,bybit,AERGO/USDT:USDT,0.13356,1356.0,0.13355,57.0,0.13357,992.0,0.13358,738.0
1753600242797,07:10:42.797,bybit,AERGO/USDT:USDT,0.13356,1356.0,0.13355,57.0,0.13357,884.0,0.13358,738.0
1753600245197,07:10:45.197,bybit,AERGO/USDT:USDT,0.13356,1356.0,0.13355,57.0,0.13357,884.0,0.13358,738.0
1753600245297,07:10:45.297,bybit,AERGO/USDT:USDT,0.13356,1356.0,0.13355,57.0,0.13357,987.0,0.13358,738.0
1753600245397,07:10:45.397,bybit,AERGO/USDT:USDT,0.13356,1356.0,0.13355,57.0,0.13357,771.0,0.13358,738.0
1753600245697,07:10:45.697,bybit,AERGO/USDT:USDT,0.13353,38.0,0.13351,2137.0,0.13356,282.0,0.13357,1710.0
1753600245798,07:10:45.798,bybit,AERGO/USDT:USDT,0.13353,38.0,0.13351,2194.0,0.13356,282.0,0.13357,1710.0
1753600245897,07:10:45.897,bybit,AERGO/USDT:USDT,0.13353,464.0,0.13351,57.0,0.13355,591.0,0.13356,339.0
1753600245997,07:10:45.997,bybit,AERGO/USDT:USDT,0.13353,464.0,0.13351,57.0,0.13355,591.0,0.13356,339.0
1753600246497,07:10:46.497,bybit,AERGO/USDT:USDT,0.13353,464.0,0.13351,57.0,0.13355,591.0,0.13356,339.0
1753600247097,07:10:47.097,bybit,AERGO/USDT:USDT,0.13353,464.0,0.13351,57.0,0.13355,591.0,0.13356,339.0
1753600247297,07:10:47.297,bybit,AERGO/USDT:USDT,0.13353,464.0,0.13351,57.0,0.13355,591.0,0.13356,339.0
1753600248197,07:10:48.197,bybit,AERGO/USDT:USDT,0.13353,464.0,0.13351,57.0,0.13355,591.0,0.13356,339.0
1753600248397,07:10:48.397,bybit,AERGO/USDT:USDT,0.1335,78.0,0.13349,263.0,0.13354,816.0,0.13355,758.0
1753600248497,07:10:48.497,bybit,AERGO/USDT:USDT,0.1335,78.0,0.13349,263.0,0.13354,816.0,0.13355,758.0
1753600248597,07:10:48.597,bybit,AERGO/USDT:USDT,0.1335,78.0,0.13349,725.0,0.13353,595.0,0.13354,873.0
1753600248897,07:10:48.897,bybit,AERGO/USDT:USDT,0.1335,78.0,0.13349,725.0,0.13353,595.0,0.13354,873.0
1753600248997,07:10:48.997,bybit,AERGO/USDT:USDT,0.1335,78.0,0.13349,725.0,0.13353,595.0,0.13354,873.0
1753600249098,07:10:49.098,bybit,AERGO/USDT:USDT,0.1335,78.0,0.13349,725.0,0.13353,595.0,0.13354,939.0
1753600249297,07:10:49.297,bybit,AERGO/USDT:USDT,0.1335,78.0,0.13349,725.0,0.13353,595.0,0.13354,939.0
1753600249397,07:10:49.397,bybit,AERGO/USDT:USDT,0.1335,78.0,0.13349,462.0,0.13353,595.0,0.13354,939.0
1753600250097,07:10:50.097,bybit,AERGO/USDT:USDT,0.1335,78.0,0.13349,462.0,0.13353,595.0,0.13354,939.0
1753600250397,07:10:50.397,bybit,AERGO/USDT:USDT,0.1335,78.0,0.13349,462.0,0.13353,595.0,0.13354,939.0
1753600250897,07:10:50.897,bybit,AERGO/USDT:USDT,0.1335,78.0,0.13349,462.0,0.13353,595.0,0.13354,939.0
1753600251297,07:10:51.297,bybit,AERGO/USDT:USDT,0.13351,11.0,0.1335,78.0,0.13353,595.0,0.13354,939.0
1753600252697,07:10:52.697,bybit,AERGO/USDT:USDT,0.13352,12.0,0.1335,78.0,0.13353,595.0,0.13354,939.0
1753600253297,07:10:53.297,bybit,AERGO/USDT:USDT,0.13352,12.0,0.13351,423.0,0.13353,595.0,0.13354,939.0
1753600253397,07:10:53.397,bybit,AERGO/USDT:USDT,0.13352,12.0,0.13351,423.0,0.13353,595.0,0.13354,939.0
1753600253997,07:10:53.997,bybit,AERGO/USDT:USDT,0.13352,12.0,0.13351,423.0,0.13353,487.0,0.13354,939.0
1753600254297,07:10:54.297,bybit,AERGO/USDT:USDT,0.13352,12.0,0.13351,423.0,0.13353,595.0,0.13354,939.0
1753600254696,07:10:54.696,bybit,AERGO/USDT:USDT,0.13352,12.0,0.13351,423.0,0.13353,595.0,0.13354,939.0
1753600255397,07:10:55.397,bybit,AERGO/USDT:USDT,0.13352,12.0,0.13351,423.0,0.13353,595.0,0.13354,939.0
1753600256296,07:10:56.296,bybit,AERGO/USDT:USDT,0.13352,12.0,0.13351,423.0,0.13353,595.0,0.13354,939.0
1753600256397,07:10:56.397,bybit,AERGO/USDT:USDT,0.13352,12.0,0.13351,423.0,0.13353,595.0,0.13354,939.0
1753600257097,07:10:57.097,bybit,AERGO/USDT:USDT,0.13352,12.0,0.13351,423.0,0.13353,665.0,0.13354,939.0
1753600257197,07:10:57.197,bybit,AERGO/USDT:USDT,0.13352,12.0,0.13351,423.0,0.13353,665.0,0.13354,939.0
1753600257497,07:10:57.497,bybit,AERGO/USDT:USDT,0.13352,12.0,0.13351,423.0,0.13353,665.0,0.13354,939.0
1753600257597,07:10:57.597,bybit,AERGO/USDT:USDT,0.13352,12.0,0.13351,423.0,0.13353,665.0,0.13354,939.0
1753600257797,07:10:57.797,bybit,AERGO/USDT:USDT,0.13352,12.0,0.13351,423.0,0.13353,665.0,0.13354,939.0
1753600258497,07:10:58.497,bybit,AERGO/USDT:USDT,0.13352,12.0,0.1335,78.0,0.13353,557.0,0.13354,873.0
1753600258597,07:10:58.597,bybit,AERGO/USDT:USDT,0.13352,12.0,0.1335,78.0,0.13353,557.0,0.13354,873.0
1753600258697,07:10:58.697,bybit,AERGO/USDT:USDT,0.13352,12.0,0.13351,428.0,0.13353,665.0,0.13354,873.0
1753600258797,07:10:58.797,bybit,AERGO/USDT:USDT,0.13352,12.0,0.13351,428.0,0.13353,557.0,0.13354,873.0
1753600258897,07:10:58.897,bybit,AERGO/USDT:USDT,0.13352,12.0,0.13351,428.0,0.13353,557.0,0.13354,765.0
1753600259097,07:10:59.097,bybit,AERGO/USDT:USDT,0.13352,12.0,0.13351,428.0,0.13353,487.0,0.13354,765.0
1753600260099,07:11:00.099,bybit,AERGO/USDT:USDT,0.13352,12.0,0.13351,428.0,0.13353,487.0,0.13354,765.0
1753600260197,07:11:00.197,bybit,AERGO/USDT:USDT,0.13352,12.0,0.13351,428.0,0.13353,487.0,0.13354,765.0
1753600260697,07:11:00.697,bybit,AERGO/USDT:USDT,0.13352,12.0,0.13351,428.0,0.13353,487.0,0.13354,765.0
1753600260797,07:11:00.797,bybit,AERGO/USDT:USDT,0.13352,12.0,0.13351,428.0,0.13353,595.0,0.13354,873.0
1753600260897,07:11:00.897,bybit,AERGO/USDT:USDT,0.13352,12.0,0.13351,428.0,0.13353,595.0,0.13354,873.0
1753600260997,07:11:00.997,bybit,AERGO/USDT:USDT,0.13352,12.0,0.13351,428.0,0.13353,595.0,0.13354,873.0
1753600261098,07:11:01.098,bybit,AERGO/USDT:USDT,0.13352,12.0,0.13351,428.0,0.13353,665.0,0.13354,873.0
1753600261797,07:11:01.797,bybit,AERGO/USDT:USDT,0.13352,12.0,0.13351,428.0,0.13353,449.0,0.13354,873.0
1753600262197,07:11:02.197,bybit,AERGO/USDT:USDT,0.13352,12.0,0.13351,428.0,0.13353,449.0,0.13354,873.0
1753600262297,07:11:02.297,bybit,AERGO/USDT:USDT,0.13352,12.0,0.13351,428.0,0.13353,449.0,0.13354,873.0
1753600262397,07:11:02.397,bybit,AERGO/USDT:USDT,0.13352,12.0,0.13351,428.0,0.13353,449.0,0.13354,873.0
1753600262896,07:11:02.896,bybit,AERGO/USDT:USDT,0.13352,12.0,0.13351,428.0,0.13353,449.0,0.13354,873.0
1753600262996,07:11:02.996,bybit,AERGO/USDT:USDT,0.13352,12.0,0.13351,428.0,0.13353,557.0,0.13354,873.0
1753600263097,07:11:03.097,bybit,AERGO/USDT:USDT,0.13352,12.0,0.13351,428.0,0.13353,487.0,0.13354,873.0
1753600263597,07:11:03.597,bybit,AERGO/USDT:USDT,0.13352,12.0,0.13351,428.0,0.13353,379.0,0.13354,873.0
1753600265497,07:11:05.497,bybit,AERGO/USDT:USDT,0.13352,12.0,0.13351,428.0,0.13353,379.0,0.13354,873.0
1753600265797,07:11:05.797,bybit,AERGO/USDT:USDT,0.13352,12.0,0.13351,428.0,0.13353,379.0,0.13354,657.0
1753600265897,07:11:05.897,bybit,AERGO/USDT:USDT,0.13352,12.0,0.13351,428.0,0.13353,379.0,0.13354,765.0
1753600265998,07:11:05.998,bybit,AERGO/USDT:USDT,0.13352,12.0,0.13351,428.0,0.13353,379.0,0.13354,765.0
1753600266297,07:11:06.297,bybit,AERGO/USDT:USDT,0.13352,12.0,0.13351,428.0,0.13353,379.0,0.13354,765.0
1753600266597,07:11:06.597,bybit,AERGO/USDT:USDT,0.13352,12.0,0.13351,428.0,0.13353,379.0,0.13354,765.0
1753600267597,07:11:07.597,bybit,AERGO/USDT:USDT,0.13352,12.0,0.13351,428.0,0.13353,1122.0,0.13354,765.0
1753600267697,07:11:07.697,bybit,AERGO/USDT:USDT,0.13352,12.0,0.13351,428.0,0.13353,1122.0,0.13354,765.0
1753600268099,07:11:08.099,bybit,AERGO/USDT:USDT,0.13352,12.0,0.13351,428.0,0.13353,1192.0,0.13354,765.0
1753600268297,07:11:08.297,bybit,AERGO/USDT:USDT,0.13352,12.0,0.13351,428.0,0.13353,1192.0,0.13354,765.0
1753600269098,07:11:09.098,bybit,AERGO/USDT:USDT,0.13352,12.0,0.13351,428.0,0.13353,1122.0,0.13354,765.0
1753600269197,07:11:09.197,bybit,AERGO/USDT:USDT,0.13352,12.0,0.13351,428.0,0.13353,1122.0,0.13354,765.0
1753600269297,07:11:09.297,bybit,AERGO/USDT:USDT,0.13352,12.0,0.13351,428.0,0.13353,1122.0,0.13354,765.0
1753600269597,07:11:09.597,bybit,AERGO/USDT:USDT,0.13352,12.0,0.13351,428.0,0.13353,1122.0,0.13354,765.0
1753600269797,07:11:09.797,bybit,AERGO/USDT:USDT,0.13352,12.0,0.13351,428.0,0.13353,1122.0,0.13354,765.0
1753600270497,07:11:10.497,bybit,AERGO/USDT:USDT,0.13352,12.0,0.13351,428.0,0.13353,1122.0,0.13354,765.0
1753600270897,07:11:10.897,bybit,AERGO/USDT:USDT,0.13352,12.0,0.13351,428.0,0.13353,1230.0,0.13354,873.0
1753600270997,07:11:10.997,bybit,AERGO/USDT:USDT,0.13352,22.0,0.13351,428.0,0.13353,1122.0,0.13354,873.0
1753600272297,07:11:12.297,bybit,AERGO/USDT:USDT,0.13352,22.0,0.13351,428.0,0.13353,1133.0,0.13354,657.0
1753600272397,07:11:12.397,bybit,AERGO/USDT:USDT,0.13352,22.0,0.13351,428.0,0.13353,1133.0,0.13354,657.0
1753600273297,07:11:13.297,bybit,AERGO/USDT:USDT,0.13352,22.0,0.13351,536.0,0.13353,1133.0,0.13354,657.0
1753600273497,07:11:13.497,bybit,AERGO/USDT:USDT,0.13352,22.0,0.13351,536.0,0.13353,1133.0,0.13354,657.0
1753600273697,07:11:13.697,bybit,AERGO/USDT:USDT,0.13352,22.0,0.13351,536.0,0.13353,1133.0,0.13354,657.0
1753600273797,07:11:13.797,bybit,AERGO/USDT:USDT,0.13352,22.0,0.13351,428.0,0.13353,1133.0,0.13354,657.0
1753600274897,07:11:14.897,bybit,AERGO/USDT:USDT,0.13352,22.0,0.13351,428.0,0.13353,1133.0,0.13354,657.0
1753600275097,07:11:15.097,bybit,AERGO/USDT:USDT,0.13352,22.0,0.13351,428.0,0.13353,1133.0,0.13354,657.0
1753600275196,07:11:15.196,bybit,AERGO/USDT:USDT,0.13352,22.0,0.13351,428.0,0.13353,1133.0,0.13354,657.0
1753600275297,07:11:15.297,bybit,AERGO/USDT:USDT,0.13352,22.0,0.13351,428.0,0.13353,1133.0,0.13354,657.0
1753600275397,07:11:15.397,bybit,AERGO/USDT:USDT,0.13352,22.0,0.13351,536.0,0.13353,1133.0,0.13354,657.0
1753600275597,07:11:15.597,bybit,AERGO/USDT:USDT,0.13352,22.0,0.13351,536.0,0.13353,1133.0,0.13354,657.0
1753600275798,07:11:15.798,bybit,AERGO/USDT:USDT,0.13352,22.0,0.13351,536.0,0.13353,1133.0,0.13354,657.0
1753600276197,07:11:16.197,bybit,AERGO/USDT:USDT,0.13352,22.0,0.13351,536.0,0.13353,1133.0,0.13354,657.0
1753600278100,07:11:18.100,bybit,AERGO/USDT:USDT,0.13352,22.0,0.13351,536.0,0.13353,1133.0,0.13354,657.0
1753600278197,07:11:18.197,bybit,AERGO/USDT:USDT,0.13352,22.0,0.13351,536.0,0.13353,1133.0,0.13354,657.0
1753600278297,07:11:18.297,bybit,AERGO/USDT:USDT,0.13352,22.0,0.13351,536.0,0.13353,1133.0,0.13354,657.0
1753600279196,07:11:19.196,bybit,AERGO/USDT:USDT,0.13352,22.0,0.13351,644.0,0.13353,1133.0,0.13354,657.0
1753600279297,07:11:19.297,bybit,AERGO/USDT:USDT,0.13352,130.0,0.13351,644.0,0.13353,1133.0,0.13354,657.0
1753600281197,07:11:21.197,bybit,AERGO/USDT:USDT,0.13352,22.0,0.13351,536.0,0.13353,1133.0,0.13354,657.0
1753600281597,07:11:21.597,bybit,AERGO/USDT:USDT,0.13352,22.0,0.13351,536.0,0.13353,1133.0,0.13354,657.0
1753600281797,07:11:21.797,bybit,AERGO/USDT:USDT,0.13352,22.0,0.13351,536.0,0.13353,1133.0,0.13354,657.0
1753600282996,07:11:22.996,bybit,AERGO/USDT:USDT,0.13352,32.0,0.13351,536.0,0.13353,1133.0,0.13354,657.0
1753600284297,07:11:24.297,bybit,AERGO/USDT:USDT,0.13352,32.0,0.13351,536.0,0.13353,1133.0,0.13354,657.0
1753600284696,07:11:24.696,bybit,AERGO/USDT:USDT,0.13352,32.0,0.13351,536.0,0.13353,1133.0,0.13354,657.0
1753600284897,07:11:24.897,bybit,AERGO/USDT:USDT,0.13352,32.0,0.13351,536.0,0.13353,1133.0,0.13354,657.0
1753600286100,07:11:26.100,bybit,AERGO/USDT:USDT,0.13352,32.0,0.13351,428.0,0.13353,1133.0,0.13354,765.0
1753600286298,07:11:26.298,bybit,AERGO/USDT:USDT,0.13352,32.0,0.13351,428.0,0.13353,1133.0,0.13354,765.0
1753600286397,07:11:26.397,bybit,AERGO/USDT:USDT,0.13352,32.0,0.13351,428.0,0.13353,1133.0,0.13354,765.0
1753600287697,07:11:27.697,bybit,AERGO/USDT:USDT,0.13352,32.0,0.13351,428.0,0.13353,1166.0,0.13354,765.0
1753600288397,07:11:28.397,bybit,AERGO/USDT:USDT,0.13352,32.0,0.13351,428.0,0.13353,1166.0,0.13354,657.0
1753600288497,07:11:28.497,bybit,AERGO/USDT:USDT,0.13352,32.0,0.13351,536.0,0.13353,1166.0,0.13354,657.0
1753600288698,07:11:28.698,bybit,AERGO/USDT:USDT,0.13352,32.0,0.13351,428.0,0.13353,1165.0,0.13354,657.0
1753600289297,07:11:29.297,bybit,AERGO/USDT:USDT,0.13352,32.0,0.13351,536.0,0.13353,1165.0,0.13354,657.0
1753600289397,07:11:29.397,bybit,AERGO/USDT:USDT,0.13352,248.0,0.13351,644.0,0.13353,1165.0,0.13354,657.0
1753600289497,07:11:29.497,bybit,AERGO/USDT:USDT,0.13352,248.0,0.13351,644.0,0.13353,1165.0,0.13354,657.0
1753600289697,07:11:29.697,bybit,AERGO/USDT:USDT,0.13352,248.0,0.13351,644.0,0.13353,1165.0,0.13354,657.0
1753600289897,07:11:29.897,bybit,AERGO/USDT:USDT,0.13352,248.0,0.13351,644.0,0.13353,1165.0,0.13354,57.0
1753600289996,07:11:29.996,bybit,AERGO/USDT:USDT,0.13352,248.0,0.13351,644.0,0.13353,1165.0,0.13354,57.0
1753600290197,07:11:30.197,bybit,AERGO/USDT:USDT,0.13352,248.0,0.13351,644.0,0.13353,1165.0,0.13354,57.0
1753600290397,07:11:30.397,bybit,AERGO/USDT:USDT,0.13352,248.0,0.13351,644.0,0.13353,1165.0,0.13354,57.0
1753600290897,07:11:30.897,bybit,AERGO/USDT:USDT,0.13352,248.0,0.13351,644.0,0.13353,1165.0,0.13354,57.0
1753600291097,07:11:31.097,bybit,AERGO/USDT:USDT,0.13352,248.0,0.13351,644.0,0.13353,1165.0,0.13354,57.0
1753600293797,07:11:33.797,bybit,AERGO/USDT:USDT,0.13352,248.0,0.13351,644.0,0.13353,1165.0,0.13354,57.0
1753600296497,07:11:36.497,bybit,AERGO/USDT:USDT,0.13352,248.0,0.13351,644.0,0.13353,1165.0,0.13354,57.0
1753600296997,07:11:36.997,bybit,AERGO/USDT:USDT,0.13352,249.0,0.13351,644.0,0.13353,1165.0,0.13354,57.0
1753600299598,07:11:39.598,bybit,AERGO/USDT:USDT,0.13352,166.0,0.13351,644.0,0.13353,1163.0,0.13354,57.0
1753600299697,07:11:39.697,bybit,AERGO/USDT:USDT,0.13352,274.0,0.13351,644.0,0.13353,1163.0,0.13354,57.0
1753600302197,07:11:42.197,bybit,AERGO/USDT:USDT,0.13352,58.0,0.13351,428.0,0.13353,1163.0,0.13354,57.0
1753600305597,07:11:45.597,bybit,AERGO/USDT:USDT,0.13352,58.0,0.13351,428.0,0.13353,1163.0,0.13354,57.0
1753600305697,07:11:45.697,bybit,AERGO/USDT:USDT,0.13352,33.0,0.13351,536.0,0.13353,1163.0,0.13354,57.0
1753600305797,07:11:45.797,bybit,AERGO/USDT:USDT,0.13352,33.0,0.13351,536.0,0.13353,1163.0,0.13354,57.0
1753600305896,07:11:45.896,bybit,AERGO/USDT:USDT,0.13352,33.0,0.13351,644.0,0.13353,1163.0,0.13354,57.0
1753600309197,07:11:49.197,bybit,AERGO/USDT:USDT,0.13352,33.0,0.13351,536.0,0.13353,1163.0,0.13354,57.0
1753600309797,07:11:49.797,bybit,AERGO/USDT:USDT,0.13352,33.0,0.13351,428.0,0.13353,1163.0,0.13354,57.0
1753600311196,07:11:51.196,bybit,AERGO/USDT:USDT,0.13352,33.0,0.13351,428.0,0.13353,1163.0,0.13354,57.0
1753600311396,07:11:51.396,bybit,AERGO/USDT:USDT,0.13352,33.0,0.13351,428.0,0.13353,1163.0,0.13354,273.0
1753600311597,07:11:51.597,bybit,AERGO/USDT:USDT,0.13352,33.0,0.13351,428.0,0.13353,1153.0,0.13354,165.0
1753600311696,07:11:51.696,bybit,AERGO/USDT:USDT,0.13352,49.0,0.13351,428.0,0.13353,1153.0,0.13354,57.0
1753600311797,07:11:51.797,bybit,AERGO/USDT:USDT,0.13352,49.0,0.13351,428.0,0.13353,1153.0,0.13354,57.0
1753600313397,07:11:53.397,bybit,AERGO/USDT:USDT,0.13352,53.0,0.13351,428.0,0.13353,1153.0,0.13354,57.0
1753600313497,07:11:53.497,bybit,AERGO/USDT:USDT,0.13352,53.0,0.13351,428.0,0.13353,1153.0,0.13354,57.0
1753600313897,07:11:53.897,bybit,AERGO/USDT:USDT,0.13352,53.0,0.13351,428.0,0.13353,1153.0,0.13354,57.0
1753600313997,07:11:53.997,bybit,AERGO/USDT:USDT,0.13352,53.0,0.13351,536.0,0.13353,1153.0,0.13354,57.0
1753600314100,07:11:54.100,bybit,AERGO/USDT:USDT,0.13352,53.0,0.13351,536.0,0.13353,1153.0,0.13354,57.0
1753600314197,07:11:54.197,bybit,AERGO/USDT:USDT,0.13352,53.0,0.13351,536.0,0.13353,1153.0,0.13354,57.0
1753600315997,07:11:55.997,bybit,AERGO/USDT:USDT,0.13352,53.0,0.13351,536.0,0.13353,1153.0,0.13354,57.0
1753600317197,07:11:57.197,bybit,AERGO/USDT:USDT,0.13352,53.0,0.13351,536.0,0.13353,1153.0,0.13354,57.0
1753600317496,07:11:57.496,bybit,AERGO/USDT:USDT,0.13352,58.0,0.13351,536.0,0.13353,1153.0,0.13354,57.0
1753600317597,07:11:57.597,bybit,AERGO/USDT:USDT,0.13352,58.0,0.13351,536.0,0.13353,1153.0,0.13354,57.0
1753600317697,07:11:57.697,bybit,AERGO/USDT:USDT,0.13352,58.0,0.13351,536.0,0.13353,1153.0,0.13354,57.0
1753600317797,07:11:57.797,bybit,AERGO/USDT:USDT,0.13352,58.0,0.13351,536.0,0.13353,1153.0,0.13354,57.0
1753600318697,07:11:58.697,bybit,AERGO/USDT:USDT,0.13352,58.0,0.13351,536.0,0.13353,1153.0,0.13354,57.0
1753600319397,07:11:59.397,bybit,AERGO/USDT:USDT,0.13352,58.0,0.13351,536.0,0.13353,1153.0,0.13354,57.0
1753600319498,07:11:59.498,bybit,AERGO/USDT:USDT,0.13352,58.0,0.1335,243.0,0.13353,1153.0,0.13354,275.0
1753600319597,07:11:59.597,bybit,AERGO/USDT:USDT,0.13352,58.0,0.1335,135.0,0.13353,1261.0,0.13354,273.0
1753600319697,07:11:59.697,bybit,AERGO/USDT:USDT,0.13352,58.0,0.13351,440.0,0.13353,1261.0,0.13354,273.0
1753600319797,07:11:59.797,bybit,AERGO/USDT:USDT,0.13352,58.0,0.13351,440.0,0.13353,1261.0,0.13354,273.0
1753600320397,07:12:00.397,bybit,AERGO/USDT:USDT,0.13352,58.0,0.13351,440.0,0.13353,1261.0,0.13354,273.0
1753600320496,07:12:00.496,bybit,AERGO/USDT:USDT,0.13352,58.0,0.13351,440.0,0.13353,1369.0,0.13354,273.0
1753600320997,07:12:00.997,bybit,AERGO/USDT:USDT,0.13352,58.0,0.13351,440.0,0.13353,1369.0,0.13354,273.0
1753600321997,07:12:01.997,bybit,AERGO/USDT:USDT,0.13352,180.0,0.13351,440.0,0.13353,1369.0,0.13354,273.0
1753600322101,07:12:02.101,bybit,AERGO/USDT:USDT,0.13352,180.0,0.13351,440.0,0.13353,1138.0,0.13354,273.0
1753600322397,07:12:02.397,bybit,AERGO/USDT:USDT,0.13352,180.0,0.13351,440.0,0.13353,1246.0,0.13354,273.0
1753600322497,07:12:02.497,bybit,AERGO/USDT:USDT,0.13352,180.0,0.13351,440.0,0.13353,1246.0,0.13354,273.0
1753600322597,07:12:02.597,bybit,AERGO/USDT:USDT,0.13352,180.0,0.13351,440.0,0.13353,1286.0,0.13354,273.0
1753600323297,07:12:03.297,bybit,AERGO/USDT:USDT,0.13352,180.0,0.13351,440.0,0.13353,1286.0,0.13354,273.0
1753600324098,07:12:04.098,bybit,AERGO/USDT:USDT,0.13352,180.0,0.13351,440.0,0.13353,1286.0,0.13354,273.0
1753600324297,07:12:04.297,bybit,AERGO/USDT:USDT,0.13352,180.0,0.13351,440.0,0.13353,1286.0,0.13354,273.0
1753600324397,07:12:04.397,bybit,AERGO/USDT:USDT,0.13352,180.0,0.13351,440.0,0.13353,1286.0,0.13354,273.0
1753600324497,07:12:04.497,bybit,AERGO/USDT:USDT,0.13352,180.0,0.13351,440.0,0.13353,1286.0,0.13354,273.0
1753600324796,07:12:04.796,bybit,AERGO/USDT:USDT,0.13352,180.0,0.13351,440.0,0.13353,1286.0,0.13354,273.0
1753600324898,07:12:04.898,bybit,AERGO/USDT:USDT,0.13352,180.0,0.13351,440.0,0.13353,1178.0,0.13354,273.0
1753600325396,07:12:05.396,bybit,AERGO/USDT:USDT,0.13352,180.0,0.13351,440.0,0.13353,1178.0,0.13354,273.0
1753600325497,07:12:05.497,bybit,AERGO/USDT:USDT,0.13352,180.0,0.13351,440.0,0.13353,1286.0,0.13354,273.0
1753600325598,07:12:05.598,bybit,AERGO/USDT:USDT,0.13352,180.0,0.13351,440.0,0.13353,1286.0,0.13354,273.0
1753600325697,07:12:05.697,bybit,AERGO/USDT:USDT,0.13352,180.0,0.13351,440.0,0.13353,1286.0,0.13354,273.0
1753600325898,07:12:05.898,bybit,AERGO/USDT:USDT,0.13352,180.0,0.13351,440.0,0.13353,1070.0,0.13354,273.0
1753600327497,07:12:07.497,bybit,AERGO/USDT:USDT,0.13352,180.0,0.13351,440.0,0.13353,1070.0,0.13354,273.0
1753600327898,07:12:07.898,bybit,AERGO/USDT:USDT,0.13353,2215.0,0.13352,1106.0,0.13358,174.0,0.13359,57.0
1753600327997,07:12:07.997,bybit,AERGO/USDT:USDT,0.13353,2431.0,0.13352,1232.0,0.13358,174.0,0.13359,57.0
1753600328099,07:12:08.099,bybit,AERGO/USDT:USDT,0.13355,600.0,0.13354,507.0,0.13358,563.0,0.13359,57.0
1753600328197,07:12:08.197,bybit,AERGO/USDT:USDT,0.13356,563.0,0.13355,708.0,0.13359,479.0,0.1336,172.0
1753600328298,07:12:08.298,bybit,AERGO/USDT:USDT,0.13355,708.0,0.13354,165.0,0.13357,443.0,0.13358,57.0
1753600328397,07:12:08.397,bybit,AERGO/USDT:USDT,0.13356,436.0,0.13355,708.0,0.13357,443.0,0.13358,57.0
1753600328497,07:12:08.497,bybit,AERGO/USDT:USDT,0.13356,436.0,0.13355,708.0,0.13357,443.0,0.13358,57.0
1753600328797,07:12:08.797,bybit,AERGO/USDT:USDT,0.13356,436.0,0.13355,708.0,0.13357,443.0,0.13358,57.0
1753600329197,07:12:09.197,bybit,AERGO/USDT:USDT,0.13356,436.0,0.13355,708.0,0.13357,443.0,0.13358,57.0
1753600329897,07:12:09.897,bybit,AERGO/USDT:USDT,0.13356,436.0,0.13355,708.0,0.13357,443.0,0.13358,57.0
1753600330197,07:12:10.197,bybit,AERGO/USDT:USDT,0.13356,436.0,0.13355,708.0,0.13357,443.0,0.13358,57.0
1753600331097,07:12:11.097,bybit,AERGO/USDT:USDT,0.13356,436.0,0.13355,600.0,0.13357,551.0,0.13358,165.0
1753600331597,07:12:11.597,bybit,AERGO/USDT:USDT,0.13356,436.0,0.13355,600.0,0.13357,551.0,0.13358,165.0
1753600333196,07:12:13.196,bybit,AERGO/USDT:USDT,0.13356,436.0,0.13355,600.0,0.13357,551.0,0.13358,165.0
1753600333297,07:12:13.297,bybit,AERGO/USDT:USDT,0.13356,436.0,0.13355,600.0,0.13357,551.0,0.13358,165.0
1753600333397,07:12:13.397,bybit,AERGO/USDT:USDT,0.13356,558.0,0.13355,600.0,0.13357,551.0,0.13358,165.0
1753600333497,07:12:13.497,bybit,AERGO/USDT:USDT,0.13356,558.0,0.13355,600.0,0.13357,551.0,0.13358,165.0
1753600335301,07:12:15.301,bybit,AERGO/USDT:USDT,0.13356,578.0,0.13355,600.0,0.13357,443.0,0.13358,165.0
1753600335397,07:12:15.397,bybit,AERGO/USDT:USDT,0.13356,578.0,0.13355,600.0,0.13357,443.0,0.13358,165.0
1753600335497,07:12:15.497,bybit,AERGO/USDT:USDT,0.13356,606.0,0.13355,600.0,0.13357,443.0,0.13358,165.0
1753600335697,07:12:15.697,bybit,AERGO/USDT:USDT,0.13356,606.0,0.13355,600.0,0.13357,443.0,0.13358,165.0
1753600335797,07:12:15.797,bybit,AERGO/USDT:USDT,0.13356,606.0,0.13355,600.0,0.13357,443.0,0.13358,165.0
1753600335907,07:12:15.907,bybit,AERGO/USDT:USDT,0.13356,606.0,0.13355,600.0,0.13357,443.0,0.13358,165.0
1753600336197,07:12:16.197,bybit,AERGO/USDT:USDT,0.13356,606.0,0.13355,600.0,0.13357,443.0,0.13358,165.0
1753600336597,07:12:16.597,bybit,AERGO/USDT:USDT,0.13356,606.0,0.13355,600.0,0.13357,443.0,0.13358,165.0
1753600336698,07:12:16.698,bybit,AERGO/USDT:USDT,0.13356,606.0,0.13355,600.0,0.13357,443.0,0.13358,57.0
1753600337996,07:12:17.996,bybit,AERGO/USDT:USDT,0.13356,616.0,0.13355,600.0,0.13357,443.0,0.13358,165.0
1753600338398,07:12:18.398,bybit,AERGO/USDT:USDT,0.13356,616.0,0.13355,708.0,0.13357,443.0,0.13358,57.0
1753600338497,07:12:18.497,bybit,AERGO/USDT:USDT,0.13356,616.0,0.13355,600.0,0.13357,443.0,0.13358,57.0
1753600339297,07:12:19.297,bybit,AERGO/USDT:USDT,0.13356,616.0,0.13355,600.0,0.13357,443.0,0.13358,57.0
1753600341097,07:12:21.097,bybit,AERGO/USDT:USDT,0.13356,616.0,0.13355,600.0,0.13357,443.0,0.13358,57.0
1753600341197,07:12:21.197,bybit,AERGO/USDT:USDT,0.13356,596.0,0.13355,600.0,0.13357,464.0,0.13358,57.0
1753600341397,07:12:21.397,bybit,AERGO/USDT:USDT,0.13356,596.0,0.13355,600.0,0.13357,464.0,0.13358,165.0
1753600341698,07:12:21.698,bybit,AERGO/USDT:USDT,0.13356,596.0,0.13355,600.0,0.13357,464.0,0.13358,57.0
1753600342196,07:12:22.196,bybit,AERGO/USDT:USDT,0.13356,596.0,0.13355,600.0,0.13357,464.0,0.13358,57.0
1753600342397,07:12:22.397,bybit,AERGO/USDT:USDT,0.13356,596.0,0.13355,600.0,0.13357,464.0,0.13358,57.0
1753600342997,07:12:22.997,bybit,AERGO/USDT:USDT,0.13356,596.0,0.13353,2272.0,0.13357,464.0,0.13358,57.0
1753600343097,07:12:23.097,bybit,AERGO/USDT:USDT,0.13356,596.0,0.13353,2272.0,0.13357,464.0,0.13358,165.0
1753600344497,07:12:24.497,bybit,AERGO/USDT:USDT,0.13353,538.0,0.13352,879.0,0.13357,680.0,0.13358,383.0
1753600344596,07:12:24.596,bybit,AERGO/USDT:USDT,0.13353,430.0,0.13352,771.0,0.13357,1280.0,0.13358,383.0
1753600344797,07:12:24.797,bybit,AERGO/USDT:USDT,0.13353,430.0,0.13352,771.0,0.13357,1280.0,0.13358,383.0
1753600345497,07:12:25.497,bybit,AERGO/USDT:USDT,0.13353,430.0,0.13352,714.0,0.13357,1280.0,0.13358,383.0
1753600345597,07:12:25.597,bybit,AERGO/USDT:USDT,0.13352,714.0,0.13351,123.0,0.13354,517.0,0.13355,273.0
1753600345697,07:12:25.697,bybit,AERGO/USDT:USDT,0.13353,377.0,0.13352,714.0,0.13354,409.0,0.13355,165.0
1753600346100,07:12:26.100,bybit,AERGO/USDT:USDT,0.13353,377.0,0.13352,714.0,0.13354,409.0,0.13355,57.0
1753600346197,07:12:26.197,bybit,AERGO/USDT:USDT,0.13353,377.0,0.13352,714.0,0.13354,409.0,0.13355,57.0
1753600346597,07:12:26.597,bybit,AERGO/USDT:USDT,0.13353,377.0,0.13352,714.0,0.13354,409.0,0.13355,57.0
1753600346697,07:12:26.697,bybit,AERGO/USDT:USDT,0.13353,377.0,0.13352,714.0,0.13354,409.0,0.13355,57.0
1753600347197,07:12:27.197,bybit,AERGO/USDT:USDT,0.13353,377.0,0.13352,714.0,0.13354,409.0,0.13355,57.0
1753600347297,07:12:27.297,bybit,AERGO/USDT:USDT,0.13353,377.0,0.13352,114.0,0.13354,409.0,0.13355,57.0
1753600347397,07:12:27.397,bybit,AERGO/USDT:USDT,0.13353,377.0,0.13352,114.0,0.13354,409.0,0.13355,57.0
1753600347597,07:12:27.597,bybit,AERGO/USDT:USDT,0.13353,377.0,0.13352,114.0,0.13354,409.0,0.13355,57.0
1753600348397,07:12:28.397,bybit,AERGO/USDT:USDT,0.13353,377.0,0.13352,114.0,0.13354,409.0,0.13355,57.0
1753600348496,07:12:28.496,bybit,AERGO/USDT:USDT,0.13353,391.0,0.13352,210.0,0.13354,409.0,0.13355,57.0
1753600348697,07:12:28.697,bybit,AERGO/USDT:USDT,0.13353,391.0,0.13352,194.0,0.13354,409.0,0.13355,57.0
1753600348797,07:12:28.797,bybit,AERGO/USDT:USDT,0.13353,408.0,0.13352,194.0,0.13354,409.0,0.13355,57.0
1753600350597,07:12:30.597,bybit,AERGO/USDT:USDT,0.13353,408.0,0.13352,194.0,0.13354,409.0,0.13355,57.0
1753600351197,07:12:31.197,bybit,AERGO/USDT:USDT,0.13353,408.0,0.13352,194.0,0.13354,409.0,0.13355,57.0
1753600351296,07:12:31.296,bybit,AERGO/USDT:USDT,0.13353,408.0,0.13352,194.0,0.13354,409.0,0.13355,57.0
1753600352197,07:12:32.197,bybit,AERGO/USDT:USDT,0.13353,408.0,0.13352,194.0,0.13354,409.0,0.13355,57.0
1753600352297,07:12:32.297,bybit,AERGO/USDT:USDT,0.13353,408.0,0.13352,86.0,0.13354,409.0,0.13355,57.0
1753600352597,07:12:32.597,bybit,AERGO/USDT:USDT,0.13355,110.0,0.13354,2292.0,0.13358,57.0,0.13359,57.0
1753600352797,07:12:32.797,bybit,AERGO/USDT:USDT,0.13356,816.0,0.13355,383.0,0.13358,57.0,0.13359,57.0
1753600352897,07:12:32.897,bybit,AERGO/USDT:USDT,0.13357,664.0,0.13356,816.0,0.13358,57.0,0.13359,440.0
1753600352997,07:12:32.997,bybit,AERGO/USDT:USDT,0.13357,664.0,0.13356,816.0,0.13358,57.0,0.13359,440.0
1753600353097,07:12:33.097,bybit,AERGO/USDT:USDT,0.13357,664.0,0.13356,816.0,0.13358,57.0,0.13359,440.0
1753600353197,07:12:33.197,bybit,AERGO/USDT:USDT,0.13357,664.0,0.13356,816.0,0.13358,57.0,0.13359,440.0
1753600353997,07:12:33.997,bybit,AERGO/USDT:USDT,0.13357,664.0,0.13356,816.0,0.13358,57.0,0.13359,440.0
1753600354099,07:12:34.099,bybit,AERGO/USDT:USDT,0.13357,664.0,0.13356,816.0,0.13358,57.0,0.13359,440.0
1753600354197,07:12:34.197,bybit,AERGO/USDT:USDT,0.13357,664.0,0.13356,816.0,0.13358,57.0,0.13359,440.0
1753600354497,07:12:34.497,bybit,AERGO/USDT:USDT,0.13357,664.0,0.13356,816.0,0.13358,57.0,0.13359,440.0
1753600354597,07:12:34.597,bybit,AERGO/USDT:USDT,0.13357,664.0,0.13356,816.0,0.13359,440.0,0.1336,105.0
1753600354696,07:12:34.696,bybit,AERGO/USDT:USDT,0.13357,664.0,0.13356,873.0,0.13359,440.0,0.1336,105.0
1753600355799,07:12:35.799,bybit,AERGO/USDT:USDT,0.13357,664.0,0.13356,873.0,0.13359,440.0,0.1336,105.0
1753600356596,07:12:36.596,bybit,AERGO/USDT:USDT,0.13357,664.0,0.13356,873.0,0.13359,440.0,0.1336,105.0
1753600356697,07:12:36.697,bybit,AERGO/USDT:USDT,0.13357,664.0,0.13356,873.0,0.13359,440.0,0.1336,105.0
1753600357598,07:12:37.598,bybit,AERGO/USDT:USDT,0.13357,659.0,0.13356,873.0,0.13359,440.0,0.1336,105.0
1753600357696,07:12:37.696,bybit,AERGO/USDT:USDT,0.13357,659.0,0.13356,873.0,0.13359,440.0,0.1336,105.0
1753600358397,07:12:38.397,bybit,AERGO/USDT:USDT,0.13357,659.0,0.13356,939.0,0.13359,440.0,0.1336,105.0
1753600360197,07:12:40.197,bybit,AERGO/USDT:USDT,0.13357,659.0,0.13356,939.0,0.13359,440.0,0.1336,105.0
1753600361397,07:12:41.397,bybit,AERGO/USDT:USDT,0.13357,659.0,0.13356,939.0,0.13359,440.0,0.1336,105.0
1753600362996,07:12:42.996,bybit,AERGO/USDT:USDT,0.13357,659.0,0.13356,939.0,0.1336,105.0,0.13361,141.0
1753600363098,07:12:43.098,bybit,AERGO/USDT:USDT,0.13357,659.0,0.13356,939.0,0.1336,105.0,0.13361,141.0
1753600363197,07:12:43.197,bybit,AERGO/USDT:USDT,0.13357,659.0,0.13356,939.0,0.1336,105.0,0.13361,141.0
1753600363296,07:12:43.296,bybit,AERGO/USDT:USDT,0.13357,659.0,0.13356,939.0,0.1336,105.0,0.13361,599.0
1753600364397,07:12:44.397,bybit,AERGO/USDT:USDT,0.13357,551.0,0.13356,939.0,0.1336,105.0,0.13361,141.0
1753600364796,07:12:44.796,bybit,AERGO/USDT:USDT,0.13357,551.0,0.13356,939.0,0.1336,484.0,0.13361,141.0
1753600368197,07:12:48.197,bybit,AERGO/USDT:USDT,0.13359,376.0,0.13358,121.0,0.1336,484.0,0.13361,141.0
1753600368297,07:12:48.297,bybit,AERGO/USDT:USDT,0.13359,376.0,0.13358,121.0,0.1336,484.0,0.13361,141.0
1753600368398,07:12:48.398,bybit,AERGO/USDT:USDT,0.13359,376.0,0.13358,121.0,0.1336,105.0,0.13361,141.0
1753600368496,07:12:48.496,bybit,AERGO/USDT:USDT,0.13359,376.0,0.13358,121.0,0.1336,105.0,0.13361,141.0
1753600368597,07:12:48.597,bybit,AERGO/USDT:USDT,0.13359,376.0,0.13358,121.0,0.1336,105.0,0.13361,141.0
1753600368697,07:12:48.697,bybit,AERGO/USDT:USDT,0.13359,376.0,0.13358,121.0,0.1336,105.0,0.13361,521.0
1753600370297,07:12:50.297,bybit,AERGO/USDT:USDT,0.13359,376.0,0.13358,13.0,0.1336,3006.0,0.13361,521.0
1753600371897,07:12:51.897,bybit,AERGO/USDT:USDT,0.13359,376.0,0.13358,13.0,0.1336,3006.0,0.13361,521.0
1753600371997,07:12:51.997,bybit,AERGO/USDT:USDT,0.13359,376.0,0.13358,13.0,0.1336,3006.0,0.13361,521.0
1753600372897,07:12:52.897,bybit,AERGO/USDT:USDT,0.13359,484.0,0.13358,296.0,0.1336,3006.0,0.13361,454.0
1753600372997,07:12:52.997,bybit,AERGO/USDT:USDT,0.13359,484.0,0.13358,296.0,0.1336,3006.0,0.13361,454.0
1753600373098,07:12:53.098,bybit,AERGO/USDT:USDT,0.13359,592.0,0.13358,296.0,0.1336,3006.0,0.13361,454.0
1753600374099,07:12:54.099,bybit,AERGO/USDT:USDT,0.13359,592.0,0.13358,296.0,0.1336,3006.0,0.13361,454.0
1753600374297,07:12:54.297,bybit,AERGO/USDT:USDT,0.13359,592.0,0.13358,296.0,0.1336,3006.0,0.13361,454.0
1753600374597,07:12:54.597,bybit,AERGO/USDT:USDT,0.13359,592.0,0.13358,296.0,0.1336,3006.0,0.13361,454.0
1753600374697,07:12:54.697,bybit,AERGO/USDT:USDT,0.13359,376.0,0.13358,296.0,0.1336,3006.0,0.13361,454.0
1753600374797,07:12:54.797,bybit,AERGO/USDT:USDT,0.13359,376.0,0.13358,296.0,0.1336,3006.0,0.13361,454.0
1753600377497,07:12:57.497,bybit,AERGO/USDT:USDT,0.13359,376.0,0.13358,296.0,0.1336,3027.0,0.13361,454.0
1753600378696,07:12:58.696,bybit,AERGO/USDT:USDT,0.13359,376.0,0.13358,296.0,0.1336,3027.0,0.13361,454.0
1753600380099,07:13:00.099,bybit,AERGO/USDT:USDT,0.13359,376.0,0.13358,296.0,0.1336,3027.0,0.13361,454.0
1753600380496,07:13:00.496,bybit,AERGO/USDT:USDT,0.13359,1192.0,0.13358,296.0,0.1336,3027.0,0.13361,454.0
1753600380696,07:13:00.696,bybit,AERGO/USDT:USDT,0.13359,1192.0,0.13358,296.0,0.1336,3027.0,0.13361,454.0
1753600380997,07:13:00.997,bybit,AERGO/USDT:USDT,0.13359,1192.0,0.13358,296.0,0.1336,3027.0,0.13361,454.0
1753600381197,07:13:01.197,bybit,AERGO/USDT:USDT,0.13359,1084.0,0.13358,296.0,0.1336,3027.0,0.13361,454.0
1753600381396,07:13:01.396,bybit,AERGO/USDT:USDT,0.13359,1084.0,0.13358,296.0,0.1336,3027.0,0.13361,454.0
1753600381797,07:13:01.797,bybit,AERGO/USDT:USDT,0.13359,1084.0,0.13358,296.0,0.1336,3027.0,0.13361,454.0
1753600381898,07:13:01.898,bybit,AERGO/USDT:USDT,0.13359,1192.0,0.13358,296.0,0.1336,3027.0,0.13361,454.0
1753600382997,07:13:02.997,bybit,AERGO/USDT:USDT,0.13359,1192.0,0.13358,296.0,0.1336,3027.0,0.13361,454.0
1753600383097,07:13:03.097,bybit,AERGO/USDT:USDT,0.13359,976.0,0.13358,296.0,0.1336,3027.0,0.13361,454.0
1753600383897,07:13:03.897,bybit,AERGO/USDT:USDT,0.13359,1192.0,0.13358,296.0,0.1336,3027.0,0.13361,454.0
1753600384097,07:13:04.097,bybit,AERGO/USDT:USDT,0.13359,1192.0,0.13358,296.0,0.1336,3027.0,0.13361,74.0
1753600384297,07:13:04.297,bybit,AERGO/USDT:USDT,0.13359,1192.0,0.13358,296.0,0.1336,3027.0,0.13361,74.0
1753600385797,07:13:05.797,bybit,AERGO/USDT:USDT,0.13359,1192.0,0.13358,296.0,0.1336,3027.0,0.13361,74.0
1753600385897,07:13:05.897,bybit,AERGO/USDT:USDT,0.13359,1192.0,0.13358,296.0,0.1336,3027.0,0.13361,74.0
1753600385997,07:13:05.997,bybit,AERGO/USDT:USDT,0.13359,1084.0,0.13358,296.0,0.1336,3027.0,0.13361,74.0
1753600386597,07:13:06.597,bybit,AERGO/USDT:USDT,0.13359,1084.0,0.13358,296.0,0.1336,3027.0,0.13361,74.0
1753600386797,07:13:06.797,bybit,AERGO/USDT:USDT,0.13359,1084.0,0.13358,296.0,0.1336,3027.0,0.13361,74.0
1753600387497,07:13:07.497,bybit,AERGO/USDT:USDT,0.13359,1084.0,0.13358,296.0,0.1336,3027.0,0.13361,74.0
1753600387597,07:13:07.597,bybit,AERGO/USDT:USDT,0.13359,1107.0,0.13358,296.0,0.1336,3027.0,0.13361,74.0
1753600388397,07:13:08.397,bybit,AERGO/USDT:USDT,0.13359,1107.0,0.13358,296.0,0.1336,3027.0,0.13361,74.0
1753600388497,07:13:08.497,bybit,AERGO/USDT:USDT,0.13359,999.0,0.13358,296.0,0.1336,3027.0,0.13361,74.0
1753600390197,07:13:10.197,bybit,AERGO/USDT:USDT,0.13359,999.0,0.13358,296.0,0.1336,3027.0,0.13361,74.0
1753600390297,07:13:10.297,bybit,AERGO/USDT:USDT,0.13359,1215.0,0.13358,296.0,0.1336,3027.0,0.13361,74.0
1753600392297,07:13:12.297,bybit,AERGO/USDT:USDT,0.13359,1215.0,0.13358,296.0,0.1336,3027.0,0.13361,74.0
1753600393598,07:13:13.598,bybit,AERGO/USDT:USDT,0.13359,1215.0,0.13358,296.0,0.1336,2979.0,0.13361,74.0
1753600393697,07:13:13.697,bybit,AERGO/USDT:USDT,0.13359,1325.0,0.13358,296.0,0.1336,2979.0,0.13361,74.0
1753600395097,07:13:15.097,bybit,AERGO/USDT:USDT,0.13359,1325.0,0.13358,296.0,0.1336,2979.0,0.13361,74.0
1753600395897,07:13:15.897,bybit,AERGO/USDT:USDT,0.13359,1325.0,0.13358,296.0,0.1336,2979.0,0.13361,74.0
1753600396797,07:13:16.797,bybit,AERGO/USDT:USDT,0.13359,1337.0,0.13358,283.0,0.1336,2979.0,0.13361,74.0
1753600396897,07:13:16.897,bybit,AERGO/USDT:USDT,0.13359,1337.0,0.13358,283.0,0.1336,2979.0,0.13361,74.0
1753600398697,07:13:18.697,bybit,AERGO/USDT:USDT,0.13359,1337.0,0.13358,283.0,0.1336,2979.0,0.13361,74.0
1753600398796,07:13:18.796,bybit,AERGO/USDT:USDT,0.13359,1337.0,0.13358,283.0,0.1336,2979.0,0.13361,74.0
1753600401597,07:13:21.597,bybit,AERGO/USDT:USDT,0.13359,1121.0,0.13358,175.0,0.1336,3408.0,0.13361,74.0
1753600402197,07:13:22.197,bybit,AERGO/USDT:USDT,0.13359,1121.0,0.13358,283.0,0.1336,3408.0,0.13361,74.0
1753600402697,07:13:22.697,bybit,AERGO/USDT:USDT,0.13359,1337.0,0.13358,283.0,0.1336,2979.0,0.13361,74.0
1753600402797,07:13:22.797,bybit,AERGO/USDT:USDT,0.13359,1337.0,0.13358,283.0,0.1336,2979.0,0.13361,74.0
1753600402897,07:13:22.897,bybit,AERGO/USDT:USDT,0.13359,1011.0,0.13357,2297.0,0.1336,3360.0,0.13361,249.0
1753600403096,07:13:23.096,bybit,AERGO/USDT:USDT,0.13359,1011.0,0.13357,2297.0,0.1336,3360.0,0.13361,249.0
1753600403297,07:13:23.297,bybit,AERGO/USDT:USDT,0.13359,1119.0,0.13358,273.0,0.1336,2922.0,0.13361,141.0
1753600403397,07:13:23.397,bybit,AERGO/USDT:USDT,0.13359,1227.0,0.13358,273.0,0.1336,2922.0,0.13361,141.0
1753600403497,07:13:23.497,bybit,AERGO/USDT:USDT,0.13359,1119.0,0.13358,273.0,0.1336,2922.0,0.13361,141.0
1753600404297,07:13:24.297,bybit,AERGO/USDT:USDT,0.13359,1155.0,0.13358,273.0,0.1336,2922.0,0.13361,141.0
1753600404396,07:13:24.396,bybit,AERGO/USDT:USDT,0.13359,1263.0,0.13358,273.0,0.1336,2922.0,0.13361,141.0
1753600406598,07:13:26.598,bybit,AERGO/USDT:USDT,0.13359,1047.0,0.13358,165.0,0.1336,2922.0,0.13361,141.0
1753600408797,07:13:28.797,bybit,AERGO/USDT:USDT,0.13359,1047.0,0.13358,165.0,0.1336,2922.0,0.13361,141.0
1753600408896,07:13:28.896,bybit,AERGO/USDT:USDT,0.13359,1066.0,0.13358,165.0,0.1336,2922.0,0.13361,249.0
1753600410297,07:13:30.297,bybit,AERGO/USDT:USDT,0.13359,1066.0,0.13358,165.0,0.1336,2922.0,0.13361,249.0
1753600410397,07:13:30.397,bybit,AERGO/USDT:USDT,0.13359,1392.0,0.13358,383.0,0.1336,2922.0,0.13361,74.0
1753600410496,07:13:30.496,bybit,AERGO/USDT:USDT,0.13359,1392.0,0.13358,383.0,0.1336,2922.0,0.13361,74.0
1753600410598,07:13:30.598,bybit,AERGO/USDT:USDT,0.13359,1392.0,0.13358,383.0,0.1336,2922.0,0.13361,74.0
1753600410697,07:13:30.697,bybit,AERGO/USDT:USDT,0.13359,1392.0,0.13358,383.0,0.1336,2922.0,0.13361,74.0
1753600410797,07:13:30.797,bybit,AERGO/USDT:USDT,0.13359,1392.0,0.13358,383.0,0.1336,2922.0,0.13361,74.0
1753600412597,07:13:32.597,bybit,AERGO/USDT:USDT,0.13359,1282.0,0.13358,383.0,0.1336,2922.0,0.13361,17.0
1753600412697,07:13:32.697,bybit,AERGO/USDT:USDT,0.13359,1282.0,0.13358,383.0,0.1336,2922.0,0.13361,17.0
1753600412996,07:13:32.996,bybit,AERGO/USDT:USDT,0.13359,1282.0,0.13358,383.0,0.1336,2922.0,0.13361,17.0
1753600413197,07:13:33.197,bybit,AERGO/USDT:USDT,0.13359,1163.0,0.13358,383.0,0.1336,2922.0,0.13361,17.0
1753600413697,07:13:33.697,bybit,AERGO/USDT:USDT,0.13359,1163.0,0.13358,383.0,0.1336,2932.0,0.13361,17.0
1753600414296,07:13:34.296,bybit,AERGO/USDT:USDT,0.13359,1163.0,0.13358,383.0,0.1336,2932.0,0.13361,17.0
1753600414697,07:13:34.697,bybit,AERGO/USDT:USDT,0.13359,1163.0,0.13358,383.0,0.1336,2932.0,0.13361,17.0
1753600416100,07:13:36.100,bybit,AERGO/USDT:USDT,0.13359,1163.0,0.13358,383.0,0.1336,2932.0,0.13361,17.0
1753600416196,07:13:36.196,bybit,AERGO/USDT:USDT,0.13359,1055.0,0.13358,167.0,0.1336,2932.0,0.13361,17.0
1753600416497,07:13:36.497,bybit,AERGO/USDT:USDT,0.13359,1055.0,0.13358,275.0,0.1336,2932.0,0.13361,17.0
1753600416597,07:13:36.597,bybit,AERGO/USDT:USDT,0.13359,1072.0,0.13358,275.0,0.1336,2932.0,0.13361,17.0
1753600416797,07:13:36.797,bybit,AERGO/USDT:USDT,0.13359,1072.0,0.13358,275.0,0.1336,2932.0,0.13361,17.0
1753600417297,07:13:37.297,bybit,AERGO/USDT:USDT,0.13359,1072.0,0.13358,383.0,0.1336,2932.0,0.13361,17.0
1753600417397,07:13:37.397,bybit,AERGO/USDT:USDT,0.13359,1072.0,0.13358,383.0,0.1336,3426.0,0.13361,17.0
1753600418497,07:13:38.497,bybit,AERGO/USDT:USDT,0.13359,1282.0,0.13358,383.0,0.1336,3426.0,0.13361,17.0
1753600418797,07:13:38.797,bybit,AERGO/USDT:USDT,0.13359,1282.0,0.13358,383.0,0.1336,3426.0,0.13361,17.0
1753600418896,07:13:38.896,bybit,AERGO/USDT:USDT,0.13359,1174.0,0.13358,383.0,0.1336,3426.0,0.13361,17.0
1753600419197,07:13:39.197,bybit,AERGO/USDT:USDT,0.13359,1174.0,0.13358,383.0,0.1336,3426.0,0.13361,17.0
1753600419297,07:13:39.297,bybit,AERGO/USDT:USDT,0.13359,1174.0,0.13358,383.0,0.1336,3426.0,0.13361,17.0
1753600419397,07:13:39.397,bybit,AERGO/USDT:USDT,0.13359,1174.0,0.13358,383.0,0.1336,3426.0,0.13361,17.0
1753600419796,07:13:39.796,bybit,AERGO/USDT:USDT,0.13359,1173.0,0.13358,383.0,0.1336,3426.0,0.13361,17.0
1753600421697,07:13:41.697,bybit,AERGO/USDT:USDT,0.13359,1281.0,0.13358,383.0,0.1336,3426.0,0.13361,17.0
1753600422397,07:13:42.397,bybit,AERGO/USDT:USDT,0.13359,1173.0,0.13358,383.0,0.1336,3426.0,0.13361,17.0
1753600422797,07:13:42.797,bybit,AERGO/USDT:USDT,0.13359,1173.0,0.13358,383.0,0.1336,3426.0,0.13361,17.0
1753600423697,07:13:43.697,bybit,AERGO/USDT:USDT,0.13359,1173.0,0.13358,383.0,0.1336,3426.0,0.13361,17.0
1753600423797,07:13:43.797,bybit,AERGO/USDT:USDT,0.13359,1173.0,0.13358,275.0,0.1336,3426.0,0.13361,588.0
1753600423897,07:13:43.897,bybit,AERGO/USDT:USDT,0.13359,1173.0,0.13358,383.0,0.1336,3426.0,0.13361,17.0
1753600424097,07:13:44.097,bybit,AERGO/USDT:USDT,0.13359,1173.0,0.13358,383.0,0.1336,3426.0,0.13361,17.0
1753600425197,07:13:45.197,bybit,AERGO/USDT:USDT,0.13359,1173.0,0.13358,383.0,0.1336,3426.0,0.13361,17.0
1753600425297,07:13:45.297,bybit,AERGO/USDT:USDT,0.13359,1173.0,0.13358,383.0,0.1336,3426.0,0.13361,17.0
1753600425397,07:13:45.397,bybit,AERGO/USDT:USDT,0.13359,1173.0,0.13358,383.0,0.1336,3426.0,0.13361,17.0
1753600425797,07:13:45.797,bybit,AERGO/USDT:USDT,0.13359,1173.0,0.13358,383.0,0.1336,3426.0,0.13361,17.0
1753600426397,07:13:46.397,bybit,AERGO/USDT:USDT,0.13359,1173.0,0.13358,383.0,0.1336,3395.0,0.13361,17.0
1753600426497,07:13:46.497,bybit,AERGO/USDT:USDT,0.13359,1173.0,0.13358,383.0,0.1336,3428.0,0.13361,17.0
1753600428797,07:13:48.797,bybit,AERGO/USDT:USDT,0.13359,1173.0,0.13358,383.0,0.1336,3428.0,0.13361,17.0
1753600428897,07:13:48.897,bybit,AERGO/USDT:USDT,0.13359,1173.0,0.13358,275.0,0.1336,3428.0,0.13361,17.0
1753600429197,07:13:49.197,bybit,AERGO/USDT:USDT,0.13359,1173.0,0.13358,383.0,0.1336,3428.0,0.13361,17.0
1753600430598,07:13:50.598,bybit,AERGO/USDT:USDT,0.13359,1173.0,0.13358,383.0,0.1336,3428.0,0.13361,17.0
1753600430897,07:13:50.897,bybit,AERGO/USDT:USDT,0.13359,1173.0,0.13358,383.0,0.1336,3428.0,0.13361,17.0
1753600431098,07:13:51.098,bybit,AERGO/USDT:USDT,0.13359,1173.0,0.13358,383.0,0.1336,3428.0,0.13361,17.0
1753600431197,07:13:51.197,bybit,AERGO/USDT:USDT,0.13359,1281.0,0.13358,383.0,0.1336,3428.0,0.13361,17.0
1753600432497,07:13:52.497,bybit,AERGO/USDT:USDT,0.13359,1280.0,0.13358,383.0,0.1336,3428.0,0.13361,17.0
1753600432597,07:13:52.597,bybit,AERGO/USDT:USDT,0.13359,1172.0,0.13358,383.0,0.1336,3428.0,0.13361,17.0
1753600434197,07:13:54.197,bybit,AERGO/USDT:USDT,0.13359,1280.0,0.13358,383.0,0.1336,3428.0,0.13361,17.0
1753600435197,07:13:55.197,bybit,AERGO/USDT:USDT,0.13359,1172.0,0.13358,383.0,0.1336,3428.0,0.13361,17.0
1753600435997,07:13:55.997,bybit,AERGO/USDT:USDT,0.13359,1172.0,0.13358,383.0,0.1336,3428.0,0.13361,17.0
1753600436896,07:13:56.896,bybit,AERGO/USDT:USDT,0.13359,1172.0,0.13358,383.0,0.1336,3428.0,0.13361,17.0
1753600437198,07:13:57.198,bybit,AERGO/USDT:USDT,0.13359,1172.0,0.13358,383.0,0.1336,3428.0,0.13361,17.0
1753600437497,07:13:57.497,bybit,AERGO/USDT:USDT,0.13359,1172.0,0.13358,383.0,0.1336,3428.0,0.13361,17.0
1753600437897,07:13:57.897,bybit,AERGO/USDT:USDT,0.13359,1280.0,0.13358,383.0,0.1336,3428.0,0.13361,17.0
1753600437997,07:13:57.997,bybit,AERGO/USDT:USDT,0.13359,1280.0,0.13358,383.0,0.1336,3428.0,0.13361,17.0
1753600438697,07:13:58.697,bybit,AERGO/USDT:USDT,0.13359,1280.0,0.13358,383.0,0.1336,3428.0,0.13361,17.0
1753600438797,07:13:58.797,bybit,AERGO/USDT:USDT,0.13359,1064.0,0.13358,383.0,0.1336,3428.0,0.13361,17.0
1753600439098,07:13:59.098,bybit,AERGO/USDT:USDT,0.13362,2864.0,0.13361,326.0,0.13364,47.0,0.13365,103.0
1753600439197,07:13:59.197,bybit,AERGO/USDT:USDT,0.13362,2864.0,0.13361,452.0,0.13364,47.0,0.13365,103.0
1753600439297,07:13:59.297,bybit,AERGO/USDT:USDT,0.13363,437.0,0.13362,2921.0,0.13364,57.0,0.13365,103.0
1753600439397,07:13:59.397,bybit,AERGO/USDT:USDT,0.13363,437.0,0.13362,2921.0,0.13364,57.0,0.13365,103.0
1753600439497,07:13:59.497,bybit,AERGO/USDT:USDT,0.13363,437.0,0.13362,2921.0,0.13364,57.0,0.13365,508.0
1753600439598,07:13:59.598,bybit,AERGO/USDT:USDT,0.13363,437.0,0.13362,2921.0,0.13364,57.0,0.13365,508.0
1753600439697,07:13:59.697,bybit,AERGO/USDT:USDT,0.13363,437.0,0.13362,2921.0,0.13364,57.0,0.13365,508.0
1753600440497,07:14:00.497,bybit,AERGO/USDT:USDT,0.13363,437.0,0.13362,2921.0,0.13364,57.0,0.13365,508.0
1753600440597,07:14:00.597,bybit,AERGO/USDT:USDT,0.13363,437.0,0.13362,2921.0,0.13364,57.0,0.13365,508.0
1753600440996,07:14:00.996,bybit,AERGO/USDT:USDT,0.13363,437.0,0.13362,2921.0,0.13364,57.0,0.13365,508.0
1753600441397,07:14:01.397,bybit,AERGO/USDT:USDT,0.13363,437.0,0.13362,2921.0,0.13364,57.0,0.13365,508.0
1753600441697,07:14:01.697,bybit,AERGO/USDT:USDT,0.13363,437.0,0.13362,2921.0,0.13364,57.0,0.13365,508.0
1753600442098,07:14:02.098,bybit,AERGO/USDT:USDT,0.13363,437.0,0.13362,2921.0,0.13364,57.0,0.13365,508.0
1753600442696,07:14:02.696,bybit,AERGO/USDT:USDT,0.13363,437.0,0.13362,2921.0,0.13364,57.0,0.13365,508.0
1753600442997,07:14:02.997,bybit,AERGO/USDT:USDT,0.13363,447.0,0.13362,2921.0,0.13364,57.0,0.13365,508.0
1753600443197,07:14:03.197,bybit,AERGO/USDT:USDT,0.13363,447.0,0.13362,2921.0,0.13364,57.0,0.13365,508.0
1753600443297,07:14:03.297,bybit,AERGO/USDT:USDT,0.13363,447.0,0.13362,2921.0,0.13364,57.0,0.13365,508.0
1753600443397,07:14:03.397,bybit,AERGO/USDT:USDT,0.13363,447.0,0.13362,2921.0,0.13364,57.0,0.13365,508.0
1753600443796,07:14:03.796,bybit,AERGO/USDT:USDT,0.13363,447.0,0.13362,2921.0,0.13364,57.0,0.13365,508.0
1753600445199,07:14:05.199,bybit,AERGO/USDT:USDT,0.13377,600.0,0.13376,386.0,0.13379,67.0,0.1338,142.0
1753600445298,07:14:05.298,bybit,AERGO/USDT:USDT,0.13375,285.0,0.13374,765.0,0.13379,124.0,0.1338,142.0
1753600445397,07:14:05.397,bybit,AERGO/USDT:USDT,0.13376,761.0,0.13375,285.0,0.13378,401.0,0.13379,57.0
1753600445497,07:14:05.497,bybit,AERGO/USDT:USDT,0.13376,761.0,0.13375,285.0,0.13378,401.0,0.13379,57.0
1753600445597,07:14:05.597,bybit,AERGO/USDT:USDT,0.13376,761.0,0.13375,342.0,0.13378,401.0,0.13379,57.0
1753600445797,07:14:05.797,bybit,AERGO/USDT:USDT,0.13376,545.0,0.13375,165.0,0.13378,401.0,0.13379,122.0
1753600445897,07:14:05.897,bybit,AERGO/USDT:USDT,0.13376,545.0,0.13375,165.0,0.13378,401.0,0.13379,122.0
1753600445997,07:14:05.997,bybit,AERGO/USDT:USDT,0.13376,545.0,0.13375,57.0,0.13378,401.0,0.13379,122.0
1753600446097,07:14:06.097,bybit,AERGO/USDT:USDT,0.13376,545.0,0.13375,57.0,0.13378,471.0,0.13379,122.0
1753600446197,07:14:06.197,bybit,AERGO/USDT:USDT,0.13376,545.0,0.13375,57.0,0.13378,1071.0,0.13379,122.0
1753600446297,07:14:06.297,bybit,AERGO/USDT:USDT,0.13376,545.0,0.13375,57.0,0.13378,1071.0,0.13379,122.0
1753600446497,07:14:06.497,bybit,AERGO/USDT:USDT,0.13376,545.0,0.13375,57.0,0.13378,1071.0,0.13379,122.0
1753600446697,07:14:06.697,bybit,AERGO/USDT:USDT,0.13376,545.0,0.13375,165.0,0.13378,1071.0,0.13379,122.0
1753600446797,07:14:06.797,bybit,AERGO/USDT:USDT,0.13376,545.0,0.13375,165.0,0.13378,1071.0,0.13379,122.0
1753600446997,07:14:06.997,bybit,AERGO/USDT:USDT,0.13376,545.0,0.13375,165.0,0.13378,1071.0,0.13379,122.0
1753600447097,07:14:07.097,bybit,AERGO/USDT:USDT,0.13376,545.0,0.13375,165.0,0.13378,1001.0,0.13379,122.0
1753600447197,07:14:07.197,bybit,AERGO/USDT:USDT,0.13376,545.0,0.13375,165.0,0.13378,1001.0,0.13379,122.0
1753600447297,07:14:07.297,bybit,AERGO/USDT:USDT,0.13376,545.0,0.13375,165.0,0.13378,1001.0,0.13379,122.0
1753600447397,07:14:07.397,bybit,AERGO/USDT:USDT,0.13376,545.0,0.13375,165.0,0.13378,1001.0,0.13379,122.0
