timestamp,time,exchange,symbol,bid1_price,bid1_volume,bid2_price,bid2_volume,ask1_price,ask1_volume,ask2_price,ask2_volume
1753599994474,07:06:34.474,bitmex,AEVO/USDT:USDT,0.1117,134.0,0.1112,202.0,0.1125,203.0,0.1128,132.0
1753599994524,07:06:34.524,bitmex,AEVO/USDT:USDT,0.1117,134.0,0.1112,202.0,0.1125,203.0,0.1128,132.0
1753599995672,07:06:35.672,bitmex,AEVO/USDT:USDT,0.1117,134.0,0.1112,202.0,0.1125,203.0,0.1128,132.0
1753599995721,07:06:35.721,bitmex,AEVO/USDT:USDT,0.1117,134.0,0.1112,202.0,0.1125,203.0,0.1128,132.0
1753599996769,07:06:36.769,bitmex,AEVO/USDT:USDT,0.1117,134.0,0.1112,202.0,0.1125,203.0,0.1128,132.0
1753599996819,07:06:36.819,bitmex,AEVO/USDT:USDT,0.1117,134.0,0.1112,202.0,0.1125,203.0,0.1128,132.0
1753599998055,07:06:38.055,bitmex,AEVO/USDT:USDT,0.1117,134.0,0.1112,202.0,0.1125,203.0,0.1128,132.0
1753599998104,07:06:38.104,bitmex,AEVO/USDT:USDT,0.1117,134.0,0.1112,202.0,0.1125,203.0,0.1128,132.0
1753599999186,07:06:39.186,bitmex,AEVO/USDT:USDT,0.1117,134.0,0.1112,202.0,0.1125,203.0,0.1128,132.0
1753599999235,07:06:39.235,bitmex,AEVO/USDT:USDT,0.1117,134.0,0.1112,202.0,0.1125,203.0,0.1128,132.0
1753599999473,07:06:39.473,bitmex,AEVO/USDT:USDT,0.1117,134.0,0.1112,202.0,0.1125,203.0,0.1128,132.0
1753599999522,07:06:39.522,bitmex,AEVO/USDT:USDT,0.1117,134.0,0.1112,202.0,0.1125,203.0,0.1128,132.0
1753599999848,07:06:39.848,bitmex,AEVO/USDT:USDT,0.1117,134.0,0.1112,202.0,0.1125,203.0,0.1128,132.0
1753599999897,07:06:39.897,bitmex,AEVO/USDT:USDT,0.1117,134.0,0.1112,202.0,0.1125,203.0,0.1128,132.0
1753600000284,07:06:40.284,bitmex,AEVO/USDT:USDT,0.1117,134.0,0.1112,202.0,0.1125,203.0,0.1128,132.0
1753600000965,07:06:40.965,bitmex,AEVO/USDT:USDT,0.1117,134.0,0.1112,202.0,0.1125,203.0,0.1137,442.0
1753600001454,07:06:41.454,bitmex,AEVO/USDT:USDT,0.1117,134.0,0.1112,202.0,0.1125,336.0,0.1137,442.0
1753600001575,07:06:41.575,bitmex,AEVO/USDT:USDT,0.1117,134.0,0.1112,202.0,0.1125,336.0,0.1137,442.0
1753600001624,07:06:41.624,bitmex,AEVO/USDT:USDT,0.1117,134.0,0.1112,202.0,0.1125,336.0,0.1137,442.0
1753600002623,07:06:42.623,bitmex,AEVO/USDT:USDT,0.1117,134.0,0.1112,202.0,0.1125,336.0,0.1137,442.0
1753600002672,07:06:42.672,bitmex,AEVO/USDT:USDT,0.1117,134.0,0.1112,202.0,0.1125,336.0,0.1137,442.0
1753600003865,07:06:43.865,bitmex,AEVO/USDT:USDT,0.1117,134.0,0.1112,202.0,0.1125,336.0,0.1137,442.0
1753600003944,07:06:43.944,bitmex,AEVO/USDT:USDT,0.1117,134.0,0.1112,202.0,0.1125,336.0,0.1137,442.0
1753600005048,07:06:45.048,bitmex,AEVO/USDT:USDT,0.1117,134.0,0.1112,202.0,0.1125,336.0,0.1137,442.0
1753600005105,07:06:45.105,bitmex,AEVO/USDT:USDT,0.1117,134.0,0.1112,202.0,0.1125,336.0,0.1136,441.0
1753600006167,07:06:46.167,bitmex,AEVO/USDT:USDT,0.1117,134.0,0.1112,202.0,0.1125,336.0,0.1136,441.0
1753600006217,07:06:46.217,bitmex,AEVO/USDT:USDT,0.1117,134.0,0.1113,197.0,0.1125,133.0,0.1126,195.0
1753600007372,07:06:47.372,bitmex,AEVO/USDT:USDT,0.1117,134.0,0.1113,197.0,0.1125,133.0,0.1126,195.0
1753600007421,07:06:47.421,bitmex,AEVO/USDT:USDT,0.1117,134.0,0.1113,197.0,0.1125,133.0,0.1126,195.0
1753600008400,07:06:48.400,bitmex,AEVO/USDT:USDT,0.1117,134.0,0.1113,197.0,0.1125,133.0,0.1127,196.0
1753600008449,07:06:48.449,bitmex,AEVO/USDT:USDT,0.1117,134.0,0.1114,203.0,0.1125,133.0,0.1127,196.0
1753600008504,07:06:48.504,bitmex,AEVO/USDT:USDT,0.1117,134.0,0.1114,203.0,0.1125,133.0,0.1127,196.0
1753600009874,07:06:49.874,bitmex,AEVO/USDT:USDT,0.1117,134.0,0.1114,203.0,0.1125,133.0,0.1127,196.0
1753600010996,07:06:50.996,bitmex,AEVO/USDT:USDT,0.1117,134.0,0.1114,203.0,0.1127,196.0,0.1136,441.0
1753600011063,07:06:51.063,bitmex,AEVO/USDT:USDT,0.1117,134.0,0.1114,203.0,0.1127,196.0,0.1136,441.0
1753600011113,07:06:51.113,bitmex,AEVO/USDT:USDT,0.1117,134.0,0.1114,203.0,0.1127,196.0,0.1136,441.0
1753600012057,07:06:52.057,bitmex,AEVO/USDT:USDT,0.1117,134.0,0.1114,203.0,0.1127,196.0,0.1136,441.0
1753600012106,07:06:52.106,bitmex,AEVO/USDT:USDT,0.1117,134.0,0.1114,203.0,0.1127,196.0,0.1136,441.0
1753600013154,07:06:53.154,bitmex,AEVO/USDT:USDT,0.1117,134.0,0.1114,203.0,0.1127,196.0,0.1136,441.0
1753600013204,07:06:53.204,bitmex,AEVO/USDT:USDT,0.1117,134.0,0.1114,203.0,0.1127,196.0,0.1136,441.0
1753600014402,07:06:54.402,bitmex,AEVO/USDT:USDT,0.1117,134.0,0.1114,203.0,0.1127,196.0,0.1136,441.0
1753600014451,07:06:54.451,bitmex,AEVO/USDT:USDT,0.1117,134.0,0.1114,203.0,0.1127,196.0,0.1136,441.0
1753600015600,07:06:55.600,bitmex,AEVO/USDT:USDT,0.1117,134.0,0.1114,203.0,0.1127,196.0,0.1136,441.0
1753600015649,07:06:55.649,bitmex,AEVO/USDT:USDT,0.1117,134.0,0.1114,203.0,0.1127,196.0,0.1136,441.0
1753600017055,07:06:57.055,bitmex,AEVO/USDT:USDT,0.1117,134.0,0.1114,203.0,0.1127,196.0,0.1136,441.0
1753600017105,07:06:57.105,bitmex,AEVO/USDT:USDT,0.1117,134.0,0.1114,203.0,0.1127,196.0,0.1136,441.0
1753600018014,07:06:58.014,bitmex,AEVO/USDT:USDT,0.1117,134.0,0.1114,203.0,0.1127,196.0,0.1136,441.0
1753600018063,07:06:58.063,bitmex,AEVO/USDT:USDT,0.1117,134.0,0.1114,203.0,0.1127,196.0,0.1136,441.0
1753600019098,07:06:59.098,bitmex,AEVO/USDT:USDT,0.1117,134.0,0.1114,203.0,0.1127,196.0,0.1136,441.0
1753600019148,07:06:59.148,bitmex,AEVO/USDT:USDT,0.1117,134.0,0.1114,203.0,0.1127,196.0,0.1136,441.0
1753600020289,07:07:00.289,bitmex,AEVO/USDT:USDT,0.1117,134.0,0.1114,203.0,0.1127,196.0,0.1138,449.0
1753600020339,07:07:00.339,bitmex,AEVO/USDT:USDT,0.1117,134.0,0.1114,203.0,0.1127,196.0,0.1138,449.0
1753600021685,07:07:01.685,bitmex,AEVO/USDT:USDT,0.1117,134.0,0.1114,203.0,0.1127,196.0,0.1138,449.0
1753600021747,07:07:01.747,bitmex,AEVO/USDT:USDT,0.1117,134.0,0.1114,203.0,0.1127,196.0,0.1138,449.0
1753600022608,07:07:02.608,bitmex,AEVO/USDT:USDT,0.1117,134.0,0.1114,203.0,0.1127,196.0,0.1138,449.0
1753600022657,07:07:02.657,bitmex,AEVO/USDT:USDT,0.1117,134.0,0.1114,203.0,0.1127,196.0,0.1138,449.0
1753600023763,07:07:03.763,bitmex,AEVO/USDT:USDT,0.1117,134.0,0.1114,203.0,0.1127,196.0,0.1138,449.0
1753600023813,07:07:03.813,bitmex,AEVO/USDT:USDT,0.1117,134.0,0.1113,197.0,0.1126,191.0,0.1138,449.0
1753600023862,07:07:03.862,bitmex,AEVO/USDT:USDT,0.1117,134.0,0.1113,197.0,0.1126,191.0,0.1138,449.0
1753600024961,07:07:04.961,bitmex,AEVO/USDT:USDT,0.1117,134.0,0.1113,197.0,0.1126,191.0,0.1138,449.0
1753600025010,07:07:05.010,bitmex,AEVO/USDT:USDT,0.1117,134.0,0.1113,197.0,0.1126,191.0,0.1138,449.0
1753600026107,07:07:06.107,bitmex,AEVO/USDT:USDT,0.1117,134.0,0.1113,197.0,0.1126,191.0,0.1138,449.0
1753600026156,07:07:06.156,bitmex,AEVO/USDT:USDT,0.1117,134.0,0.1113,197.0,0.1126,191.0,0.1138,449.0
1753600026205,07:07:06.205,bitmex,AEVO/USDT:USDT,0.1117,134.0,0.1113,197.0,0.1126,191.0,0.1127,133.0
1753600027542,07:07:07.542,bitmex,AEVO/USDT:USDT,0.1117,134.0,0.1113,197.0,0.1126,191.0,0.1127,133.0
1753600027615,07:07:07.615,bitmex,AEVO/USDT:USDT,0.1117,134.0,0.1113,197.0,0.1126,191.0,0.1127,133.0
1753600028444,07:07:08.444,bitmex,AEVO/USDT:USDT,0.1117,134.0,0.1113,197.0,0.1126,191.0,0.1127,133.0
1753600028494,07:07:08.494,bitmex,AEVO/USDT:USDT,0.1117,134.0,0.1113,197.0,0.1126,191.0,0.1127,133.0
1753600029635,07:07:09.635,bitmex,AEVO/USDT:USDT,0.1117,134.0,0.1113,197.0,0.1126,191.0,0.1127,133.0
1753600029684,07:07:09.684,bitmex,AEVO/USDT:USDT,0.1117,134.0,0.1113,197.0,0.1126,191.0,0.1127,133.0
1753600030826,07:07:10.826,bitmex,AEVO/USDT:USDT,0.1117,134.0,0.1113,197.0,0.1126,191.0,0.1127,133.0
1753600030895,07:07:10.895,bitmex,AEVO/USDT:USDT,0.1117,134.0,0.1113,197.0,0.1126,191.0,0.1127,133.0
1753600031907,07:07:11.907,bitmex,AEVO/USDT:USDT,0.1117,134.0,0.1113,197.0,0.1126,191.0,0.1127,133.0
1753600031957,07:07:11.957,bitmex,AEVO/USDT:USDT,0.1117,134.0,0.1113,197.0,0.1126,191.0,0.1127,133.0
1753600033315,07:07:13.315,bitmex,AEVO/USDT:USDT,0.1117,134.0,0.1112,209.0,0.1126,191.0,0.1127,133.0
1753600033364,07:07:13.364,bitmex,AEVO/USDT:USDT,0.1117,134.0,0.1112,209.0,0.1125,195.0,0.1127,133.0
1753600033413,07:07:13.413,bitmex,AEVO/USDT:USDT,0.1117,134.0,0.1112,209.0,0.1125,195.0,0.1127,133.0
1753600034619,07:07:14.619,bitmex,AEVO/USDT:USDT,0.1117,134.0,0.1112,209.0,0.1125,195.0,0.1127,133.0
1753600035583,07:07:15.583,bitmex,AEVO/USDT:USDT,0.1117,134.0,0.1112,209.0,0.1125,195.0,0.1127,133.0
1753600035638,07:07:15.638,bitmex,AEVO/USDT:USDT,0.1117,134.0,0.1112,209.0,0.1125,195.0,0.1127,133.0
1753600036652,07:07:16.652,bitmex,AEVO/USDT:USDT,0.1117,134.0,0.1112,209.0,0.1125,195.0,0.1127,133.0
1753600036736,07:07:16.736,bitmex,AEVO/USDT:USDT,0.1117,134.0,0.1112,209.0,0.1125,195.0,0.1127,133.0
1753600037875,07:07:17.875,bitmex,AEVO/USDT:USDT,0.1117,134.0,0.1111,204.0,0.1124,199.0,0.1127,133.0
1753600039196,07:07:19.196,bitmex,AEVO/USDT:USDT,0.1117,134.0,0.1111,204.0,0.1124,199.0,0.1127,133.0
1753600039245,07:07:19.245,bitmex,AEVO/USDT:USDT,0.1117,134.0,0.1111,204.0,0.1124,199.0,0.1127,133.0
1753600040157,07:07:20.157,bitmex,AEVO/USDT:USDT,0.1117,134.0,0.1111,204.0,0.1124,199.0,0.1127,133.0
1753600040207,07:07:20.207,bitmex,AEVO/USDT:USDT,0.1117,134.0,0.1111,204.0,0.1124,199.0,0.1127,133.0
1753600041253,07:07:21.253,bitmex,AEVO/USDT:USDT,0.1117,134.0,0.1111,204.0,0.1124,199.0,0.1127,133.0
1753600041302,07:07:21.302,bitmex,AEVO/USDT:USDT,0.1117,134.0,0.1111,204.0,0.1124,199.0,0.1127,133.0
1753600042473,07:07:22.473,bitmex,AEVO/USDT:USDT,0.1117,134.0,0.1111,204.0,0.1124,199.0,0.1127,133.0
1753600042523,07:07:22.523,bitmex,AEVO/USDT:USDT,0.1117,134.0,0.1111,204.0,0.1124,199.0,0.1127,133.0
1753600043769,07:07:23.769,bitmex,AEVO/USDT:USDT,0.1117,134.0,0.1113,194.0,0.1124,199.0,0.1127,133.0
1753600043819,07:07:23.819,bitmex,AEVO/USDT:USDT,0.1117,134.0,0.1113,194.0,0.1124,199.0,0.1127,133.0
1753600043868,07:07:23.868,bitmex,AEVO/USDT:USDT,0.1117,134.0,0.1113,194.0,0.1126,206.0,0.1127,133.0
1753600044934,07:07:24.934,bitmex,AEVO/USDT:USDT,0.1117,134.0,0.1113,194.0,0.1126,206.0,0.1127,133.0
1753600044983,07:07:24.983,bitmex,AEVO/USDT:USDT,0.1117,134.0,0.1112,202.0,0.1125,190.0,0.1127,133.0
1753600046094,07:07:26.094,bitmex,AEVO/USDT:USDT,0.1117,134.0,0.1112,202.0,0.1125,190.0,0.1127,133.0
1753600046143,07:07:26.143,bitmex,AEVO/USDT:USDT,0.1117,134.0,0.1112,202.0,0.1125,190.0,0.1127,133.0
1753600047171,07:07:27.171,bitmex,AEVO/USDT:USDT,0.1117,134.0,0.1112,202.0,0.1125,190.0,0.1127,133.0
1753600047235,07:07:27.235,bitmex,AEVO/USDT:USDT,0.1117,134.0,0.1112,202.0,0.1125,190.0,0.1127,133.0
1753600048404,07:07:28.404,bitmex,AEVO/USDT:USDT,0.1117,134.0,0.1112,202.0,0.1125,190.0,0.1127,133.0
1753600048466,07:07:28.466,bitmex,AEVO/USDT:USDT,0.1117,134.0,0.1112,202.0,0.1125,190.0,0.1127,133.0
1753600049515,07:07:29.515,bitmex,AEVO/USDT:USDT,0.1117,134.0,0.1112,202.0,0.1125,190.0,0.1127,133.0
1753600049564,07:07:29.564,bitmex,AEVO/USDT:USDT,0.1117,134.0,0.1112,202.0,0.1125,190.0,0.1127,133.0
1753600050844,07:07:30.844,bitmex,AEVO/USDT:USDT,0.1117,134.0,0.1112,202.0,0.1126,198.0,0.1127,133.0
1753600050894,07:07:30.894,bitmex,AEVO/USDT:USDT,0.1117,134.0,0.1113,207.0,0.1126,198.0,0.1127,133.0
1753600050943,07:07:30.943,bitmex,AEVO/USDT:USDT,0.1117,134.0,0.1113,207.0,0.1126,198.0,0.1127,133.0
1753600051991,07:07:31.991,bitmex,AEVO/USDT:USDT,0.1117,134.0,0.1113,207.0,0.1126,198.0,0.1127,133.0
1753600052040,07:07:32.040,bitmex,AEVO/USDT:USDT,0.1117,134.0,0.1113,207.0,0.1126,198.0,0.1127,133.0
1753600053038,07:07:33.038,bitmex,AEVO/USDT:USDT,0.1117,134.0,0.1113,207.0,0.1126,198.0,0.1127,133.0
1753600053087,07:07:33.087,bitmex,AEVO/USDT:USDT,0.1117,134.0,0.1113,207.0,0.1126,198.0,0.1127,133.0
1753600054307,07:07:34.307,bitmex,AEVO/USDT:USDT,0.1117,134.0,0.1113,207.0,0.1126,198.0,0.1127,133.0
1753600054356,07:07:34.356,bitmex,AEVO/USDT:USDT,0.1117,134.0,0.1113,207.0,0.1126,198.0,0.1127,133.0
1753600055435,07:07:35.435,bitmex,AEVO/USDT:USDT,0.1117,134.0,0.1113,207.0,0.1126,198.0,0.1127,133.0
1753600055485,07:07:35.485,bitmex,AEVO/USDT:USDT,0.1117,134.0,0.1113,207.0,0.1126,198.0,0.1127,133.0
1753600056665,07:07:36.665,bitmex,AEVO/USDT:USDT,0.1117,134.0,0.1113,207.0,0.1126,198.0,0.1127,133.0
1753600056715,07:07:36.715,bitmex,AEVO/USDT:USDT,0.1117,134.0,0.1113,207.0,0.1126,198.0,0.1127,133.0
1753600058021,07:07:38.021,bitmex,AEVO/USDT:USDT,0.1117,134.0,0.1114,202.0,0.1126,198.0,0.1127,133.0
1753600058070,07:07:38.070,bitmex,AEVO/USDT:USDT,0.1117,134.0,0.1114,202.0,0.1127,340.0,0.1137,456.0
1753600058999,07:07:38.999,bitmex,AEVO/USDT:USDT,0.1117,134.0,0.1114,202.0,0.1127,340.0,0.1137,456.0
1753600059049,07:07:39.049,bitmex,AEVO/USDT:USDT,0.1117,134.0,0.1114,202.0,0.1127,340.0,0.1137,456.0
1753600060124,07:07:40.124,bitmex,AEVO/USDT:USDT,0.1117,134.0,0.1114,202.0,0.1127,340.0,0.1137,456.0
1753600060173,07:07:40.173,bitmex,AEVO/USDT:USDT,0.1117,134.0,0.1114,202.0,0.1127,340.0,0.1137,456.0
1753600061283,07:07:41.283,bitmex,AEVO/USDT:USDT,0.1117,134.0,0.1114,202.0,0.1127,340.0,0.1137,456.0
1753600061332,07:07:41.332,bitmex,AEVO/USDT:USDT,0.1117,134.0,0.1114,202.0,0.1127,340.0,0.1137,456.0
1753600062804,07:07:42.804,bitmex,AEVO/USDT:USDT,0.1117,134.0,0.1114,202.0,0.1127,340.0,0.1137,456.0
1753600062854,07:07:42.854,bitmex,AEVO/USDT:USDT,0.1117,134.0,0.1114,202.0,0.1127,340.0,0.1137,456.0
1753600063973,07:07:43.973,bitmex,AEVO/USDT:USDT,0.1117,134.0,0.1114,202.0,0.1127,340.0,0.1137,456.0
1753600064023,07:07:44.023,bitmex,AEVO/USDT:USDT,0.1117,134.0,0.1114,202.0,0.1127,340.0,0.1137,456.0
1753600065153,07:07:45.153,bitmex,AEVO/USDT:USDT,0.1117,134.0,0.1114,202.0,0.1127,340.0,0.1137,456.0
1753600065203,07:07:45.203,bitmex,AEVO/USDT:USDT,0.1117,134.0,0.1114,202.0,0.1127,340.0,0.1137,456.0
1753600066456,07:07:46.456,bitmex,AEVO/USDT:USDT,0.1117,134.0,0.1114,202.0,0.1127,340.0,0.1137,456.0
1753600066515,07:07:46.515,bitmex,AEVO/USDT:USDT,0.1117,134.0,0.1114,202.0,0.1127,340.0,0.1138,453.0
1753600067565,07:07:47.565,bitmex,AEVO/USDT:USDT,0.1117,134.0,0.1114,202.0,0.1127,340.0,0.1138,453.0
1753600067615,07:07:47.615,bitmex,AEVO/USDT:USDT,0.1117,134.0,0.1114,202.0,0.1127,340.0,0.1138,453.0
1753600068663,07:07:48.663,bitmex,AEVO/USDT:USDT,0.1117,134.0,0.1114,202.0,0.1127,340.0,0.1138,453.0
1753600068712,07:07:48.712,bitmex,AEVO/USDT:USDT,0.1117,134.0,0.1114,202.0,0.1127,340.0,0.1138,453.0
1753600069841,07:07:49.841,bitmex,AEVO/USDT:USDT,0.1117,134.0,0.1114,202.0,0.1127,340.0,0.1138,453.0
1753600069891,07:07:49.891,bitmex,AEVO/USDT:USDT,0.1117,134.0,0.1114,202.0,0.1127,340.0,0.1138,453.0
1753600071005,07:07:51.005,bitmex,AEVO/USDT:USDT,0.1117,134.0,0.1114,202.0,0.1127,340.0,0.1138,453.0
1753600071054,07:07:51.054,bitmex,AEVO/USDT:USDT,0.1117,134.0,0.1114,202.0,0.1127,340.0,0.1138,453.0
1753600072175,07:07:52.175,bitmex,AEVO/USDT:USDT,0.1117,134.0,0.1114,202.0,0.1127,340.0,0.1138,453.0
1753600072224,07:07:52.224,bitmex,AEVO/USDT:USDT,0.1117,134.0,0.1114,202.0,0.1127,340.0,0.1138,453.0
1753600073449,07:07:53.449,bitmex,AEVO/USDT:USDT,0.1117,134.0,0.1114,202.0,0.1127,340.0,0.1138,453.0
1753600073498,07:07:53.498,bitmex,AEVO/USDT:USDT,0.1117,134.0,0.1114,202.0,0.1127,340.0,0.1138,453.0
1753600074523,07:07:54.523,bitmex,AEVO/USDT:USDT,0.1117,134.0,0.1114,202.0,0.1127,340.0,0.1138,453.0
1753600074573,07:07:54.573,bitmex,AEVO/USDT:USDT,0.1117,134.0,0.1115,200.0,0.1127,133.0,0.1128,193.0
1753600075697,07:07:55.697,bitmex,AEVO/USDT:USDT,0.1117,134.0,0.1115,200.0,0.1127,133.0,0.1128,193.0
1753600075747,07:07:55.747,bitmex,AEVO/USDT:USDT,0.1117,134.0,0.1115,200.0,0.1127,133.0,0.1128,193.0
1753600076868,07:07:56.868,bitmex,AEVO/USDT:USDT,0.1117,134.0,0.1115,200.0,0.1127,133.0,0.1128,193.0
1753600076918,07:07:56.918,bitmex,AEVO/USDT:USDT,0.1117,134.0,0.1115,200.0,0.1127,133.0,0.1128,193.0
1753600078047,07:07:58.047,bitmex,AEVO/USDT:USDT,0.1117,134.0,0.1114,206.0,0.1127,133.0,0.1128,193.0
1753600078097,07:07:58.097,bitmex,AEVO/USDT:USDT,0.1117,134.0,0.1114,206.0,0.1127,325.0,0.1138,453.0
1753600078146,07:07:58.146,bitmex,AEVO/USDT:USDT,0.1117,134.0,0.1114,206.0,0.1127,325.0,0.1138,453.0
1753600079384,07:07:59.384,bitmex,AEVO/USDT:USDT,0.1117,134.0,0.1114,206.0,0.1127,325.0,0.1138,453.0
1753600079434,07:07:59.434,bitmex,AEVO/USDT:USDT,0.1117,134.0,0.1114,206.0,0.1127,325.0,0.1138,453.0
1753600080383,07:08:00.383,bitmex,AEVO/USDT:USDT,0.1117,134.0,0.1114,206.0,0.1127,325.0,0.1138,453.0
1753600080433,07:08:00.433,bitmex,AEVO/USDT:USDT,0.1117,134.0,0.1114,206.0,0.1127,325.0,0.1138,453.0
1753600081553,07:08:01.553,bitmex,AEVO/USDT:USDT,0.1117,134.0,0.1114,206.0,0.1127,325.0,0.1138,453.0
1753600081603,07:08:01.603,bitmex,AEVO/USDT:USDT,0.1117,134.0,0.1114,206.0,0.1127,325.0,0.1138,436.0
1753600082737,07:08:02.737,bitmex,AEVO/USDT:USDT,0.1117,134.0,0.1113,207.0,0.1127,325.0,0.1138,436.0
1753600082786,07:08:02.786,bitmex,AEVO/USDT:USDT,0.1117,134.0,0.1113,207.0,0.1126,195.0,0.1127,133.0
1753600083902,07:08:03.902,bitmex,AEVO/USDT:USDT,0.1117,134.0,0.1113,207.0,0.1126,195.0,0.1127,133.0
1753600083951,07:08:03.951,bitmex,AEVO/USDT:USDT,0.1117,134.0,0.1113,207.0,0.1126,195.0,0.1127,133.0
1753600085474,07:08:05.474,bitmex,AEVO/USDT:USDT,0.1117,134.0,0.1113,207.0,0.1126,195.0,0.1127,133.0
1753600085524,07:08:05.524,bitmex,AEVO/USDT:USDT,0.1117,134.0,0.1113,207.0,0.1126,195.0,0.1127,133.0
1753600086376,07:08:06.376,bitmex,AEVO/USDT:USDT,0.1117,134.0,0.1113,207.0,0.1126,195.0,0.1127,133.0
1753600086425,07:08:06.425,bitmex,AEVO/USDT:USDT,0.1117,134.0,0.1113,207.0,0.1126,195.0,0.1127,133.0
1753600087607,07:08:07.607,bitmex,AEVO/USDT:USDT,0.1117,134.0,0.1113,207.0,0.1126,195.0,0.1127,133.0
1753600088714,07:08:08.714,bitmex,AEVO/USDT:USDT,0.1117,134.0,0.1113,207.0,0.1126,195.0,0.1127,133.0
1753600088764,07:08:08.764,bitmex,AEVO/USDT:USDT,0.1117,134.0,0.1113,207.0,0.1126,195.0,0.1127,133.0
1753600089957,07:08:09.957,bitmex,AEVO/USDT:USDT,0.1117,134.0,0.1113,207.0,0.1126,195.0,0.1127,133.0
1753600090007,07:08:10.007,bitmex,AEVO/USDT:USDT,0.1117,134.0,0.1113,207.0,0.1126,195.0,0.1127,133.0
1753600091258,07:08:11.258,bitmex,AEVO/USDT:USDT,0.1117,134.0,0.1113,207.0,0.1126,195.0,0.1127,133.0
1753600091307,07:08:11.307,bitmex,AEVO/USDT:USDT,0.1117,134.0,0.1113,207.0,0.1126,195.0,0.1127,133.0
1753600092390,07:08:12.390,bitmex,AEVO/USDT:USDT,0.1117,134.0,0.1113,207.0,0.1126,195.0,0.1127,133.0
1753600092439,07:08:12.439,bitmex,AEVO/USDT:USDT,0.1117,134.0,0.1113,207.0,0.1126,195.0,0.1127,133.0
1753600094135,07:08:14.135,bitmex,AEVO/USDT:USDT,0.1117,134.0,0.1113,207.0,0.1126,195.0,0.1127,133.0
1753600094185,07:08:14.185,bitmex,AEVO/USDT:USDT,0.1117,134.0,0.1113,207.0,0.1126,195.0,0.1127,133.0
1753600094882,07:08:14.882,bitmex,AEVO/USDT:USDT,0.1117,134.0,0.1113,207.0,0.1126,195.0,0.1127,133.0
1753600094931,07:08:14.931,bitmex,AEVO/USDT:USDT,0.1117,134.0,0.1113,207.0,0.1126,195.0,0.1127,133.0
1753600096057,07:08:16.057,bitmex,AEVO/USDT:USDT,0.1117,134.0,0.1113,207.0,0.1126,195.0,0.1127,133.0
1753600096106,07:08:16.106,bitmex,AEVO/USDT:USDT,0.1117,134.0,0.1113,207.0,0.1126,195.0,0.1127,133.0
1753600097155,07:08:17.155,bitmex,AEVO/USDT:USDT,0.1117,134.0,0.1113,207.0,0.1126,195.0,0.1127,133.0
1753600097204,07:08:17.204,bitmex,AEVO/USDT:USDT,0.1117,134.0,0.1113,207.0,0.1126,195.0,0.1127,133.0
1753600098450,07:08:18.450,bitmex,AEVO/USDT:USDT,0.1117,134.0,0.1113,207.0,0.1126,195.0,0.1127,133.0
1753600099558,07:08:19.558,bitmex,AEVO/USDT:USDT,0.1117,134.0,0.1113,207.0,0.1126,195.0,0.1127,133.0
1753600099608,07:08:19.608,bitmex,AEVO/USDT:USDT,0.1117,134.0,0.1114,200.0,0.1127,324.0,0.1137,475.0
1753600100683,07:08:20.683,bitmex,AEVO/USDT:USDT,0.1117,134.0,0.1114,200.0,0.1127,324.0,0.1137,475.0
1753600100733,07:08:20.733,bitmex,AEVO/USDT:USDT,0.1117,134.0,0.1114,200.0,0.1127,324.0,0.1137,475.0
1753600101846,07:08:21.846,bitmex,AEVO/USDT:USDT,0.1117,134.0,0.1114,200.0,0.1127,324.0,0.1137,475.0
1753600101906,07:08:21.906,bitmex,AEVO/USDT:USDT,0.1117,134.0,0.1114,200.0,0.1127,324.0,0.1137,475.0
1753600103632,07:08:23.632,bitmex,AEVO/USDT:USDT,0.1117,134.0,0.1114,200.0,0.1127,324.0,0.1137,475.0
1753600103681,07:08:23.681,bitmex,AEVO/USDT:USDT,0.1117,134.0,0.1114,200.0,0.1127,324.0,0.1137,475.0
1753600104424,07:08:24.424,bitmex,AEVO/USDT:USDT,0.1117,134.0,0.1114,200.0,0.1127,324.0,0.1137,475.0
1753600105562,07:08:25.562,bitmex,AEVO/USDT:USDT,0.1117,134.0,0.1113,204.0,0.1127,324.0,0.1137,475.0
1753600105611,07:08:25.611,bitmex,AEVO/USDT:USDT,0.1117,134.0,0.1113,204.0,0.1127,324.0,0.1137,475.0
1753600105660,07:08:25.660,bitmex,AEVO/USDT:USDT,0.1117,134.0,0.1113,204.0,0.1126,190.0,0.1127,133.0
1753600106715,07:08:26.715,bitmex,AEVO/USDT:USDT,0.1117,134.0,0.1113,204.0,0.1126,190.0,0.1127,133.0
1753600106765,07:08:26.765,bitmex,AEVO/USDT:USDT,0.1117,134.0,0.1113,204.0,0.1126,190.0,0.1127,133.0
1753600107943,07:08:27.943,bitmex,AEVO/USDT:USDT,0.1117,134.0,0.1113,204.0,0.1126,190.0,0.1127,133.0
1753600107992,07:08:27.992,bitmex,AEVO/USDT:USDT,0.1117,134.0,0.1113,204.0,0.1126,190.0,0.1127,133.0
1753600109024,07:08:29.024,bitmex,AEVO/USDT:USDT,0.1117,134.0,0.1113,204.0,0.1127,340.0,0.1137,475.0
1753600109074,07:08:29.074,bitmex,AEVO/USDT:USDT,0.1117,134.0,0.1114,197.0,0.1127,340.0,0.1137,475.0
1753600109929,07:08:29.929,bitmex,AEVO/USDT:USDT,0.1117,134.0,0.1114,197.0,0.1127,340.0,0.1137,475.0
1753600109979,07:08:29.979,bitmex,AEVO/USDT:USDT,0.1117,134.0,0.1114,197.0,0.1127,340.0,0.1137,475.0
1753600110240,07:08:30.240,bitmex,AEVO/USDT:USDT,0.1117,134.0,0.1114,197.0,0.1127,340.0,0.1137,475.0
1753600110289,07:08:30.289,bitmex,AEVO/USDT:USDT,0.1117,134.0,0.1114,197.0,0.1127,340.0,0.1137,475.0
1753600110338,07:08:30.338,bitmex,AEVO/USDT:USDT,0.1117,134.0,0.1114,197.0,0.1127,340.0,0.1137,475.0
1753600111396,07:08:31.396,bitmex,AEVO/USDT:USDT,0.1117,134.0,0.1114,197.0,0.1127,340.0,0.1137,475.0
1753600111446,07:08:31.446,bitmex,AEVO/USDT:USDT,0.1117,134.0,0.1114,197.0,0.1127,340.0,0.1137,475.0
1753600112578,07:08:32.578,bitmex,AEVO/USDT:USDT,0.1117,134.0,0.1114,197.0,0.1127,340.0,0.1137,475.0
1753600112628,07:08:32.628,bitmex,AEVO/USDT:USDT,0.1117,134.0,0.1114,197.0,0.1127,340.0,0.1138,471.0
1753600113743,07:08:33.743,bitmex,AEVO/USDT:USDT,0.1117,134.0,0.1114,197.0,0.1127,340.0,0.1138,471.0
1753600114970,07:08:34.970,bitmex,AEVO/USDT:USDT,0.1117,134.0,0.1114,197.0,0.1127,340.0,0.1138,471.0
1753600115019,07:08:35.019,bitmex,AEVO/USDT:USDT,0.1117,134.0,0.1114,197.0,0.1127,340.0,0.1138,471.0
1753600115068,07:08:35.068,bitmex,AEVO/USDT:USDT,0.1117,134.0,0.1114,197.0,0.1127,340.0,0.1138,471.0
1753600115320,07:08:35.320,bitmex,AEVO/USDT:USDT,0.1117,134.0,0.1114,197.0,0.1127,340.0,0.1138,471.0
1753600115369,07:08:35.369,bitmex,AEVO/USDT:USDT,0.1117,134.0,0.1114,197.0,0.1127,340.0,0.1138,471.0
1753600116301,07:08:36.301,bitmex,AEVO/USDT:USDT,0.1117,134.0,0.1113,200.0,0.1127,340.0,0.1138,471.0
1753600116351,07:08:36.351,bitmex,AEVO/USDT:USDT,0.1117,134.0,0.1113,200.0,0.1126,209.0,0.1127,133.0
1753600116400,07:08:36.400,bitmex,AEVO/USDT:USDT,0.1117,134.0,0.1113,200.0,0.1126,209.0,0.1127,133.0
1753600116772,07:08:36.772,bitmex,AEVO/USDT:USDT,0.1117,134.0,0.1113,200.0,0.1126,209.0,0.1127,133.0
1753600116822,07:08:36.822,bitmex,AEVO/USDT:USDT,0.1117,134.0,0.1113,200.0,0.1126,209.0,0.1127,133.0
1753600117262,07:08:37.262,bitmex,AEVO/USDT:USDT,0.1117,134.0,0.1112,201.0,0.1126,209.0,0.1127,133.0
1753600117313,07:08:37.313,bitmex,AEVO/USDT:USDT,0.1117,134.0,0.1112,201.0,0.1125,201.0,0.1127,133.0
1753600117363,07:08:37.363,bitmex,AEVO/USDT:USDT,0.1117,134.0,0.1112,201.0,0.1125,201.0,0.1127,133.0
1753600118431,07:08:38.431,bitmex,AEVO/USDT:USDT,0.1117,134.0,0.1112,201.0,0.1125,201.0,0.1127,133.0
1753600118480,07:08:38.480,bitmex,AEVO/USDT:USDT,0.1117,134.0,0.1112,201.0,0.1125,201.0,0.1127,133.0
1753600119618,07:08:39.618,bitmex,AEVO/USDT:USDT,0.1117,134.0,0.1112,201.0,0.1125,201.0,0.1127,133.0
1753600119668,07:08:39.668,bitmex,AEVO/USDT:USDT,0.1117,134.0,0.1112,201.0,0.1125,201.0,0.1127,133.0
1753600120785,07:08:40.785,bitmex,AEVO/USDT:USDT,0.1117,134.0,0.1112,201.0,0.1125,201.0,0.1127,133.0
1753600120834,07:08:40.834,bitmex,AEVO/USDT:USDT,0.1117,134.0,0.1112,201.0,0.1125,201.0,0.1127,133.0
1753600120973,07:08:40.973,bitmex,AEVO/USDT:USDT,0.1117,134.0,0.1112,201.0,0.1125,201.0,0.1127,133.0
1753600121126,07:08:41.126,bitmex,AEVO/USDT:USDT,0.1117,134.0,0.1112,201.0,0.1125,201.0,0.1127,133.0
1753600121176,07:08:41.176,bitmex,AEVO/USDT:USDT,0.1117,134.0,0.1112,201.0,0.1125,201.0,0.1127,133.0
1753600122714,07:08:42.714,bitmex,AEVO/USDT:USDT,0.1117,134.0,0.1112,201.0,0.1125,201.0,0.1127,133.0
1753600122763,07:08:42.763,bitmex,AEVO/USDT:USDT,0.1117,134.0,0.1112,201.0,0.1125,201.0,0.1127,133.0
1753600123455,07:08:43.455,bitmex,AEVO/USDT:USDT,0.1117,134.0,0.1112,201.0,0.1125,201.0,0.1127,133.0
1753600123506,07:08:43.506,bitmex,AEVO/USDT:USDT,0.1117,134.0,0.1112,201.0,0.1125,201.0,0.1127,133.0
1753600123555,07:08:43.555,bitmex,AEVO/USDT:USDT,0.1117,134.0,0.1112,201.0,0.1125,201.0,0.1127,133.0
1753600124673,07:08:44.673,bitmex,AEVO/USDT:USDT,0.1117,134.0,0.1112,201.0,0.1125,201.0,0.1127,133.0
1753600124723,07:08:44.723,bitmex,AEVO/USDT:USDT,0.1117,134.0,0.1112,201.0,0.1125,201.0,0.1127,133.0
1753600125794,07:08:45.794,bitmex,AEVO/USDT:USDT,0.1117,134.0,0.1112,201.0,0.1125,201.0,0.1127,133.0
1753600125845,07:08:45.845,bitmex,AEVO/USDT:USDT,0.1117,134.0,0.1112,201.0,0.1125,201.0,0.1127,133.0
1753600126994,07:08:46.994,bitmex,AEVO/USDT:USDT,0.1117,134.0,0.1113,201.0,0.1125,201.0,0.1127,133.0
1753600127044,07:08:47.044,bitmex,AEVO/USDT:USDT,0.1117,134.0,0.1113,201.0,0.1126,209.0,0.1127,133.0
1753600128255,07:08:48.255,bitmex,AEVO/USDT:USDT,0.1117,134.0,0.1113,201.0,0.1126,209.0,0.1127,133.0
1753600128305,07:08:48.305,bitmex,AEVO/USDT:USDT,0.1117,134.0,0.1113,201.0,0.1126,209.0,0.1127,133.0
1753600129963,07:08:49.963,bitmex,AEVO/USDT:USDT,0.1117,134.0,0.1113,201.0,0.1126,209.0,0.1127,133.0
1753600130026,07:08:50.026,bitmex,AEVO/USDT:USDT,0.1117,134.0,0.1113,201.0,0.1126,209.0,0.1127,133.0
1753600130925,07:08:50.925,bitmex,AEVO/USDT:USDT,0.1117,134.0,0.1113,201.0,0.1126,209.0,0.1127,133.0
1753600130975,07:08:50.975,bitmex,AEVO/USDT:USDT,0.1117,134.0,0.1113,201.0,0.1126,209.0,0.1127,133.0
1753600130975,07:08:50.975,bitmex,AEVO/USDT:USDT,0.1117,134.0,0.1113,201.0,0.1126,209.0,0.1127,133.0
1753600132106,07:08:52.106,bitmex,AEVO/USDT:USDT,0.1117,134.0,0.1113,201.0,0.1126,209.0,0.1127,133.0
1753600132155,07:08:52.155,bitmex,AEVO/USDT:USDT,0.1117,134.0,0.1113,201.0,0.1126,209.0,0.1127,133.0
1753600133310,07:08:53.310,bitmex,AEVO/USDT:USDT,0.1117,134.0,0.1113,201.0,0.1126,209.0,0.1127,133.0
1753600133360,07:08:53.360,bitmex,AEVO/USDT:USDT,0.1117,134.0,0.1113,201.0,0.1126,209.0,0.1127,133.0
1753600134534,07:08:54.534,bitmex,AEVO/USDT:USDT,0.1117,134.0,0.1113,201.0,0.1126,209.0,0.1127,133.0
1753600134584,07:08:54.584,bitmex,AEVO/USDT:USDT,0.1117,134.0,0.1113,201.0,0.1126,209.0,0.1127,133.0
1753600135523,07:08:55.523,bitmex,AEVO/USDT:USDT,0.1117,134.0,0.1115,200.0,0.1126,209.0,0.1127,133.0
1753600135627,07:08:55.627,bitmex,AEVO/USDT:USDT,0.1117,134.0,0.1115,200.0,0.1127,133.0,0.1128,193.0
1753600136915,07:08:56.915,bitmex,AEVO/USDT:USDT,0.1117,134.0,0.1115,200.0,0.1127,133.0,0.1128,193.0
1753600136965,07:08:56.965,bitmex,AEVO/USDT:USDT,0.1117,134.0,0.1115,200.0,0.1127,133.0,0.1128,193.0
1753600137954,07:08:57.954,bitmex,AEVO/USDT:USDT,0.1117,134.0,0.1115,200.0,0.1127,133.0,0.1128,193.0
1753600138003,07:08:58.003,bitmex,AEVO/USDT:USDT,0.1117,134.0,0.1115,200.0,0.1127,133.0,0.1128,193.0
1753600139194,07:08:59.194,bitmex,AEVO/USDT:USDT,0.1117,134.0,0.1115,200.0,0.1127,133.0,0.1128,193.0
1753600139244,07:08:59.244,bitmex,AEVO/USDT:USDT,0.1117,134.0,0.1115,200.0,0.1127,133.0,0.1128,193.0
1753600140218,07:09:00.218,bitmex,AEVO/USDT:USDT,0.1117,134.0,0.1115,200.0,0.1127,133.0,0.1128,193.0
1753600140268,07:09:00.268,bitmex,AEVO/USDT:USDT,0.1117,134.0,0.1115,200.0,0.1127,133.0,0.1128,193.0
1753600141374,07:09:01.374,bitmex,AEVO/USDT:USDT,0.1117,134.0,0.1115,200.0,0.1128,193.0,0.1137,460.0
1753600142037,07:09:02.037,bitmex,AEVO/USDT:USDT,0.1117,134.0,0.1115,200.0,0.1128,193.0,0.1137,460.0
1753600142094,07:09:02.094,bitmex,AEVO/USDT:USDT,0.1117,134.0,0.1115,200.0,0.1128,193.0,0.1137,460.0
1753600142836,07:09:02.836,bitmex,AEVO/USDT:USDT,0.1117,134.0,0.1115,200.0,0.1128,193.0,0.1137,460.0
1753600142895,07:09:02.895,bitmex,AEVO/USDT:USDT,0.1117,134.0,0.1115,200.0,0.1128,193.0,0.1137,460.0
1753600144117,07:09:04.117,bitmex,AEVO/USDT:USDT,0.1117,134.0,0.1115,200.0,0.1128,193.0,0.1137,460.0
1753600144185,07:09:04.185,bitmex,AEVO/USDT:USDT,0.1117,134.0,0.1115,200.0,0.1128,193.0,0.1139,435.0
1753600145229,07:09:05.229,bitmex,AEVO/USDT:USDT,0.1117,134.0,0.1115,200.0,0.1128,193.0,0.1139,435.0
1753600145279,07:09:05.279,bitmex,AEVO/USDT:USDT,0.1117,134.0,0.1115,200.0,0.1128,193.0,0.1139,435.0
1753600146458,07:09:06.458,bitmex,AEVO/USDT:USDT,0.1117,134.0,0.1115,200.0,0.1128,193.0,0.1139,435.0
1753600146508,07:09:06.508,bitmex,AEVO/USDT:USDT,0.1117,134.0,0.1115,200.0,0.1128,193.0,0.1139,435.0
1753600146856,07:09:06.856,bitmex,AEVO/USDT:USDT,0.1117,134.0,0.1115,200.0,0.1127,133.0,0.1128,193.0
1753600147637,07:09:07.637,bitmex,AEVO/USDT:USDT,0.1117,134.0,0.1115,200.0,0.1127,133.0,0.1128,193.0
1753600147724,07:09:07.724,bitmex,AEVO/USDT:USDT,0.1117,134.0,0.1115,200.0,0.1127,133.0,0.1128,193.0
1753600148908,07:09:08.908,bitmex,AEVO/USDT:USDT,0.1117,134.0,0.1115,200.0,0.1127,133.0,0.1128,193.0
1753600148957,07:09:08.957,bitmex,AEVO/USDT:USDT,0.1117,134.0,0.1115,200.0,0.1127,133.0,0.1128,193.0
1753600149852,07:09:09.852,bitmex,AEVO/USDT:USDT,0.1117,134.0,0.1115,200.0,0.1127,133.0,0.1128,193.0
1753600149923,07:09:09.923,bitmex,AEVO/USDT:USDT,0.1117,134.0,0.1115,200.0,0.1127,133.0,0.1128,193.0
1753600151089,07:09:11.089,bitmex,AEVO/USDT:USDT,0.1117,134.0,0.1115,200.0,0.1127,133.0,0.1128,193.0
1753600151138,07:09:11.138,bitmex,AEVO/USDT:USDT,0.1117,134.0,0.1115,200.0,0.1127,133.0,0.1128,193.0
1753600152264,07:09:12.264,bitmex,AEVO/USDT:USDT,0.1117,134.0,0.1115,200.0,0.1127,133.0,0.1128,193.0
1753600152313,07:09:12.313,bitmex,AEVO/USDT:USDT,0.1117,134.0,0.1115,200.0,0.1127,133.0,0.1128,193.0
1753600153559,07:09:13.559,bitmex,AEVO/USDT:USDT,0.1117,134.0,0.1115,200.0,0.1127,133.0,0.1128,193.0
1753600153608,07:09:13.608,bitmex,AEVO/USDT:USDT,0.1117,134.0,0.1115,200.0,0.1127,133.0,0.1128,193.0
1753600154642,07:09:14.642,bitmex,AEVO/USDT:USDT,0.1117,134.0,0.1115,200.0,0.1127,133.0,0.1128,193.0
1753600154692,07:09:14.692,bitmex,AEVO/USDT:USDT,0.1117,134.0,0.1115,200.0,0.1127,133.0,0.1128,193.0
1753600155847,07:09:15.847,bitmex,AEVO/USDT:USDT,0.1117,134.0,0.1115,200.0,0.1127,133.0,0.1128,193.0
1753600155896,07:09:15.896,bitmex,AEVO/USDT:USDT,0.1117,134.0,0.1115,200.0,0.1127,133.0,0.1128,193.0
1753600157004,07:09:17.004,bitmex,AEVO/USDT:USDT,0.1117,134.0,0.1115,200.0,0.1127,133.0,0.1128,193.0
1753600158254,07:09:18.254,bitmex,AEVO/USDT:USDT,0.1117,134.0,0.1115,200.0,0.1127,133.0,0.1128,193.0
1753600160096,07:09:20.096,bitmex,AEVO/USDT:USDT,0.1117,134.0,0.1115,200.0,0.1127,133.0,0.1128,193.0
1753600160165,07:09:20.165,bitmex,AEVO/USDT:USDT,0.1117,134.0,0.1115,200.0,0.1127,133.0,0.1128,193.0
1753600160901,07:09:20.901,bitmex,AEVO/USDT:USDT,0.1117,134.0,0.1114,191.0,0.1127,133.0,0.1128,193.0
1753600160950,07:09:20.950,bitmex,AEVO/USDT:USDT,0.1117,134.0,0.1114,191.0,0.1127,133.0,0.1139,439.0
1753600160950,07:09:20.950,bitmex,AEVO/USDT:USDT,0.1117,134.0,0.1114,191.0,0.1127,328.0,0.1139,439.0
1753600162054,07:09:22.054,bitmex,AEVO/USDT:USDT,0.1117,134.0,0.1114,191.0,0.1127,328.0,0.1139,439.0
1753600162103,07:09:22.103,bitmex,AEVO/USDT:USDT,0.1117,134.0,0.1114,191.0,0.1127,328.0,0.1139,439.0
1753600163236,07:09:23.236,bitmex,AEVO/USDT:USDT,0.1117,134.0,0.1114,191.0,0.1127,328.0,0.1139,439.0
1753600163293,07:09:23.293,bitmex,AEVO/USDT:USDT,0.1117,134.0,0.1114,191.0,0.1127,328.0,0.1139,439.0
1753600164385,07:09:24.385,bitmex,AEVO/USDT:USDT,0.1117,134.0,0.1114,191.0,0.1127,328.0,0.1139,439.0
1753600164474,07:09:24.474,bitmex,AEVO/USDT:USDT,0.1117,134.0,0.1114,191.0,0.1127,328.0,0.1139,439.0
1753600165619,07:09:25.619,bitmex,AEVO/USDT:USDT,0.1117,134.0,0.1114,191.0,0.1127,328.0,0.1139,439.0
1753600165668,07:09:25.668,bitmex,AEVO/USDT:USDT,0.1117,134.0,0.1114,191.0,0.1127,328.0,0.1139,439.0
1753600167899,07:09:27.899,bitmex,AEVO/USDT:USDT,0.1117,134.0,0.1114,191.0,0.1127,328.0,0.1139,439.0
1753600167949,07:09:27.949,bitmex,AEVO/USDT:USDT,0.1117,134.0,0.1114,191.0,0.1127,328.0,0.1139,439.0
1753600169149,07:09:29.149,bitmex,AEVO/USDT:USDT,0.1117,134.0,0.1114,191.0,0.1127,328.0,0.1139,439.0
1753600169199,07:09:29.199,bitmex,AEVO/USDT:USDT,0.1117,134.0,0.1114,191.0,0.1127,328.0,0.1139,439.0
1753600170195,07:09:30.195,bitmex,AEVO/USDT:USDT,0.1117,134.0,0.1114,191.0,0.1127,133.0,0.1129,193.0
1753600170244,07:09:30.244,bitmex,AEVO/USDT:USDT,0.1117,134.0,0.1116,198.0,0.1127,133.0,0.1129,193.0
1753600170293,07:09:30.293,bitmex,AEVO/USDT:USDT,0.1117,134.0,0.1116,198.0,0.1127,133.0,0.1129,193.0
1753600171433,07:09:31.433,bitmex,AEVO/USDT:USDT,0.1117,134.0,0.1116,198.0,0.1127,133.0,0.1129,193.0
1753600171494,07:09:31.494,bitmex,AEVO/USDT:USDT,0.1117,134.0,0.1116,198.0,0.1127,133.0,0.1129,193.0
1753600172595,07:09:32.595,bitmex,AEVO/USDT:USDT,0.1117,134.0,0.1116,198.0,0.1127,133.0,0.1129,193.0
1753600172644,07:09:32.644,bitmex,AEVO/USDT:USDT,0.1117,134.0,0.1116,198.0,0.1127,133.0,0.1129,193.0
1753600173856,07:09:33.856,bitmex,AEVO/USDT:USDT,0.1117,134.0,0.1116,198.0,0.1127,133.0,0.1129,193.0
1753600173923,07:09:33.923,bitmex,AEVO/USDT:USDT,0.1117,134.0,0.1116,198.0,0.1127,133.0,0.1129,193.0
1753600174878,07:09:34.878,bitmex,AEVO/USDT:USDT,0.1117,134.0,0.1116,198.0,0.1127,133.0,0.1129,193.0
1753600174928,07:09:34.928,bitmex,AEVO/USDT:USDT,0.1117,134.0,0.1116,198.0,0.1127,133.0,0.1129,193.0
1753600176175,07:09:36.175,bitmex,AEVO/USDT:USDT,0.1117,134.0,0.1116,198.0,0.1127,133.0,0.1129,193.0
1753600176411,07:09:36.411,bitmex,AEVO/USDT:USDT,0.1117,134.0,0.1116,198.0,0.1129,193.0,0.114,475.0
1753600177284,07:09:37.284,bitmex,AEVO/USDT:USDT,0.1117,134.0,0.1116,198.0,0.1129,193.0,0.114,475.0
1753600177334,07:09:37.334,bitmex,AEVO/USDT:USDT,0.1117,134.0,0.1116,198.0,0.1129,193.0,0.114,475.0
1753600178337,07:09:38.337,bitmex,AEVO/USDT:USDT,0.1117,134.0,0.1116,198.0,0.1129,193.0,0.114,475.0
1753600178386,07:09:38.386,bitmex,AEVO/USDT:USDT,0.1117,134.0,0.1116,228.0,0.1129,193.0,0.114,475.0
1753600178504,07:09:38.504,bitmex,AEVO/USDT:USDT,0.1117,134.0,0.1116,228.0,0.1129,193.0,0.114,475.0
1753600179898,07:09:39.898,bitmex,AEVO/USDT:USDT,0.1117,134.0,0.1116,198.0,0.1129,193.0,0.114,475.0
1753600179947,07:09:39.947,bitmex,AEVO/USDT:USDT,0.1117,134.0,0.1116,198.0,0.1129,193.0,0.114,475.0
1753600179996,07:09:39.996,bitmex,AEVO/USDT:USDT,0.1117,134.0,0.1116,228.0,0.1129,193.0,0.114,475.0
1753600180806,07:09:40.806,bitmex,AEVO/USDT:USDT,0.1117,134.0,0.1116,228.0,0.1129,193.0,0.114,475.0
1753600180856,07:09:40.856,bitmex,AEVO/USDT:USDT,0.1117,134.0,0.1116,228.0,0.1129,193.0,0.114,475.0
1753600180856,07:09:40.856,bitmex,AEVO/USDT:USDT,0.1117,134.0,0.1116,228.0,0.1129,193.0,0.114,475.0
1753600181966,07:09:41.966,bitmex,AEVO/USDT:USDT,0.1117,134.0,0.1116,228.0,0.1129,193.0,0.114,475.0
1753600182016,07:09:42.016,bitmex,AEVO/USDT:USDT,0.1117,134.0,0.1116,228.0,0.1129,193.0,0.114,475.0
1753600183155,07:09:43.155,bitmex,AEVO/USDT:USDT,0.1117,134.0,0.1116,228.0,0.1129,193.0,0.114,475.0
1753600183205,07:09:43.205,bitmex,AEVO/USDT:USDT,0.1117,134.0,0.1116,228.0,0.1129,193.0,0.114,475.0
1753600184246,07:09:44.246,bitmex,AEVO/USDT:USDT,0.1117,134.0,0.1116,228.0,0.1129,193.0,0.114,475.0
1753600184295,07:09:44.295,bitmex,AEVO/USDT:USDT,0.1117,134.0,0.1116,228.0,0.1129,193.0,0.114,475.0
1753600186297,07:09:46.297,bitmex,AEVO/USDT:USDT,0.1117,134.0,0.1116,228.0,0.1129,193.0,0.114,475.0
1753600186347,07:09:46.347,bitmex,AEVO/USDT:USDT,0.1117,134.0,0.1116,228.0,0.1129,193.0,0.114,475.0
1753600187386,07:09:47.386,bitmex,AEVO/USDT:USDT,0.1117,134.0,0.1116,228.0,0.1129,193.0,0.114,475.0
1753600187435,07:09:47.435,bitmex,AEVO/USDT:USDT,0.1117,134.0,0.1116,228.0,0.1129,193.0,0.114,475.0
1753600188525,07:09:48.525,bitmex,AEVO/USDT:USDT,0.1117,134.0,0.1116,228.0,0.1129,193.0,0.114,475.0
1753600188574,07:09:48.574,bitmex,AEVO/USDT:USDT,0.1117,134.0,0.1116,228.0,0.1129,193.0,0.114,475.0
1753600189735,07:09:49.735,bitmex,AEVO/USDT:USDT,0.1117,134.0,0.1116,228.0,0.1129,193.0,0.114,475.0
1753600189784,07:09:49.784,bitmex,AEVO/USDT:USDT,0.1117,134.0,0.1116,228.0,0.1129,193.0,0.114,475.0
1753600190918,07:09:50.918,bitmex,AEVO/USDT:USDT,0.1117,134.0,0.1116,228.0,0.1129,193.0,0.114,475.0
1753600190968,07:09:50.968,bitmex,AEVO/USDT:USDT,0.1117,134.0,0.1116,228.0,0.1129,193.0,0.114,458.0
1753600192018,07:09:52.018,bitmex,AEVO/USDT:USDT,0.1117,134.0,0.1116,228.0,0.1129,193.0,0.114,458.0
1753600192067,07:09:52.067,bitmex,AEVO/USDT:USDT,0.1117,134.0,0.1116,228.0,0.1129,193.0,0.114,458.0
1753600192116,07:09:52.116,bitmex,AEVO/USDT:USDT,0.1117,134.0,0.1116,228.0,0.1129,325.0,0.114,458.0
1753600193181,07:09:53.181,bitmex,AEVO/USDT:USDT,0.1117,134.0,0.1116,228.0,0.1129,325.0,0.114,458.0
1753600193230,07:09:53.230,bitmex,AEVO/USDT:USDT,0.1117,134.0,0.1116,228.0,0.1129,325.0,0.114,458.0
1753600194493,07:09:54.493,bitmex,AEVO/USDT:USDT,0.1117,134.0,0.1116,30.0,0.1129,325.0,0.114,458.0
1753600194543,07:09:54.543,bitmex,AEVO/USDT:USDT,0.1117,134.0,0.1116,30.0,0.1128,202.0,0.1129,132.0
1753600194592,07:09:54.592,bitmex,AEVO/USDT:USDT,0.1117,134.0,0.1116,30.0,0.1128,202.0,0.1129,132.0
1753600195594,07:09:55.594,bitmex,AEVO/USDT:USDT,0.1117,134.0,0.1116,30.0,0.1128,202.0,0.1129,132.0
1753600195644,07:09:55.644,bitmex,AEVO/USDT:USDT,0.1117,134.0,0.1116,30.0,0.1127,206.0,0.1129,132.0
1753600196765,07:09:56.765,bitmex,AEVO/USDT:USDT,0.1117,134.0,0.1116,30.0,0.1127,206.0,0.1129,132.0
1753600196823,07:09:56.823,bitmex,AEVO/USDT:USDT,0.1117,134.0,0.1116,30.0,0.1127,206.0,0.1129,132.0
1753600197926,07:09:57.926,bitmex,AEVO/USDT:USDT,0.1117,134.0,0.1116,30.0,0.1127,206.0,0.1129,132.0
1753600197975,07:09:57.975,bitmex,AEVO/USDT:USDT,0.1117,134.0,0.1116,30.0,0.1127,206.0,0.1129,132.0
1753600199124,07:09:59.124,bitmex,AEVO/USDT:USDT,0.1117,134.0,0.1116,30.0,0.1127,206.0,0.1129,132.0
1753600199173,07:09:59.173,bitmex,AEVO/USDT:USDT,0.1117,134.0,0.1116,30.0,0.1127,206.0,0.1129,132.0
1753600200349,07:10:00.349,bitmex,AEVO/USDT:USDT,0.1117,134.0,0.1116,30.0,0.1127,206.0,0.1129,132.0
1753600200444,07:10:00.444,bitmex,AEVO/USDT:USDT,0.1117,134.0,0.1116,30.0,0.1127,206.0,0.1129,132.0
1753600201446,07:10:01.446,bitmex,AEVO/USDT:USDT,0.1117,134.0,0.1116,30.0,0.1127,206.0,0.1129,132.0
1753600201505,07:10:01.505,bitmex,AEVO/USDT:USDT,0.1117,134.0,0.1116,30.0,0.1127,206.0,0.1129,132.0
1753600201505,07:10:01.505,bitmex,AEVO/USDT:USDT,0.1117,134.0,0.1116,30.0,0.1127,206.0,0.1129,132.0
1753600202559,07:10:02.559,bitmex,AEVO/USDT:USDT,0.1117,134.0,0.1116,30.0,0.1127,206.0,0.1129,132.0
1753600202608,07:10:02.608,bitmex,AEVO/USDT:USDT,0.1117,134.0,0.1116,30.0,0.1127,206.0,0.1129,132.0
1753600203801,07:10:03.801,bitmex,AEVO/USDT:USDT,0.1117,134.0,0.1116,30.0,0.1127,206.0,0.1129,132.0
1753600203850,07:10:03.850,bitmex,AEVO/USDT:USDT,0.1117,134.0,0.1116,30.0,0.1127,206.0,0.1129,132.0
1753600205018,07:10:05.018,bitmex,AEVO/USDT:USDT,0.1117,134.0,0.1116,30.0,0.1127,206.0,0.1129,132.0
1753600205067,07:10:05.067,bitmex,AEVO/USDT:USDT,0.1117,134.0,0.1116,30.0,0.1127,206.0,0.1129,132.0
1753600206364,07:10:06.364,bitmex,AEVO/USDT:USDT,0.1117,134.0,0.1116,30.0,0.1127,206.0,0.1129,132.0
1753600206413,07:10:06.413,bitmex,AEVO/USDT:USDT,0.1117,134.0,0.1116,30.0,0.1127,206.0,0.1129,132.0
1753600207414,07:10:07.414,bitmex,AEVO/USDT:USDT,0.1117,134.0,0.1116,30.0,0.1127,206.0,0.1129,132.0
1753600207464,07:10:07.464,bitmex,AEVO/USDT:USDT,0.1117,134.0,0.1116,30.0,0.1127,206.0,0.1129,132.0
1753600208438,07:10:08.438,bitmex,AEVO/USDT:USDT,0.1117,134.0,0.1116,30.0,0.1127,206.0,0.1129,132.0
1753600209604,07:10:09.604,bitmex,AEVO/USDT:USDT,0.1117,134.0,0.1116,30.0,0.1127,206.0,0.1129,132.0
1753600209654,07:10:09.654,bitmex,AEVO/USDT:USDT,0.1117,134.0,0.1116,30.0,0.1127,206.0,0.1129,132.0
1753600210835,07:10:10.835,bitmex,AEVO/USDT:USDT,0.1117,134.0,0.1116,30.0,0.1127,206.0,0.1129,132.0
1753600212024,07:10:12.024,bitmex,AEVO/USDT:USDT,0.1117,134.0,0.1116,30.0,0.1127,206.0,0.1129,132.0
1753600213469,07:10:13.469,bitmex,AEVO/USDT:USDT,0.1117,134.0,0.1116,30.0,0.1127,206.0,0.1129,132.0
1753600213518,07:10:13.518,bitmex,AEVO/USDT:USDT,0.1117,134.0,0.1116,30.0,0.1127,206.0,0.1129,132.0
1753600214420,07:10:14.420,bitmex,AEVO/USDT:USDT,0.1117,134.0,0.1116,30.0,0.1127,206.0,0.1129,132.0
1753600214420,07:10:14.420,bitmex,AEVO/USDT:USDT,0.1117,134.0,0.1116,30.0,0.1127,206.0,0.1129,132.0
1753600214470,07:10:14.470,bitmex,AEVO/USDT:USDT,0.1117,134.0,0.1116,30.0,0.1126,194.0,0.1129,132.0
1753600215616,07:10:15.616,bitmex,AEVO/USDT:USDT,0.1117,134.0,0.1116,30.0,0.1126,194.0,0.1129,132.0
1753600215666,07:10:15.666,bitmex,AEVO/USDT:USDT,0.1117,134.0,0.1116,30.0,0.1126,194.0,0.1129,132.0
1753600216724,07:10:16.724,bitmex,AEVO/USDT:USDT,0.1117,134.0,0.1116,30.0,0.1126,194.0,0.1129,132.0
1753600216774,07:10:16.774,bitmex,AEVO/USDT:USDT,0.1117,134.0,0.1116,30.0,0.1126,194.0,0.1129,132.0
1753600217901,07:10:17.901,bitmex,AEVO/USDT:USDT,0.1117,134.0,0.1116,30.0,0.1126,194.0,0.1129,132.0
1753600217950,07:10:17.950,bitmex,AEVO/USDT:USDT,0.1117,134.0,0.1116,30.0,0.1126,194.0,0.1129,132.0
1753600219124,07:10:19.124,bitmex,AEVO/USDT:USDT,0.1117,134.0,0.1116,30.0,0.1126,194.0,0.1129,132.0
1753600219174,07:10:19.174,bitmex,AEVO/USDT:USDT,0.1117,134.0,0.1116,30.0,0.1126,194.0,0.1129,132.0
1753600220375,07:10:20.375,bitmex,AEVO/USDT:USDT,0.1117,134.0,0.1116,30.0,0.1126,194.0,0.1129,132.0
1753600220425,07:10:20.425,bitmex,AEVO/USDT:USDT,0.1117,134.0,0.1116,30.0,0.1126,194.0,0.1129,132.0
1753600221514,07:10:21.514,bitmex,AEVO/USDT:USDT,0.1117,134.0,0.1116,30.0,0.1126,194.0,0.1129,132.0
1753600222585,07:10:22.585,bitmex,AEVO/USDT:USDT,0.1117,134.0,0.1116,30.0,0.1126,194.0,0.1129,132.0
1753600222635,07:10:22.635,bitmex,AEVO/USDT:USDT,0.1117,134.0,0.1116,30.0,0.1126,194.0,0.1129,132.0
1753600223743,07:10:23.743,bitmex,AEVO/USDT:USDT,0.1117,134.0,0.1116,30.0,0.1126,194.0,0.1129,132.0
1753600223792,07:10:23.792,bitmex,AEVO/USDT:USDT,0.1117,134.0,0.1116,30.0,0.1126,194.0,0.1129,132.0
1753600225704,07:10:25.704,bitmex,AEVO/USDT:USDT,0.1117,134.0,0.1116,30.0,0.1126,194.0,0.1129,132.0
1753600225753,07:10:25.753,bitmex,AEVO/USDT:USDT,0.1117,134.0,0.1116,30.0,0.1126,194.0,0.1129,132.0
1753600226457,07:10:26.457,bitmex,AEVO/USDT:USDT,0.1117,134.0,0.1116,30.0,0.1126,194.0,0.1129,132.0
1753600226506,07:10:26.506,bitmex,AEVO/USDT:USDT,0.1117,134.0,0.1116,30.0,0.1126,194.0,0.1129,132.0
1753600226556,07:10:26.556,bitmex,AEVO/USDT:USDT,0.1117,134.0,0.1116,30.0,0.1126,194.0,0.1137,449.0
1753600226711,07:10:26.711,bitmex,AEVO/USDT:USDT,0.1117,134.0,0.1116,30.0,0.1126,327.0,0.1137,449.0
1753600227575,07:10:27.575,bitmex,AEVO/USDT:USDT,0.1117,134.0,0.1116,30.0,0.1126,327.0,0.1137,449.0
1753600227624,07:10:27.624,bitmex,AEVO/USDT:USDT,0.1117,134.0,0.1116,30.0,0.1126,327.0,0.1137,449.0
1753600228805,07:10:28.805,bitmex,AEVO/USDT:USDT,0.1117,134.0,0.1116,30.0,0.1126,327.0,0.1137,449.0
1753600228866,07:10:28.866,bitmex,AEVO/USDT:USDT,0.1117,134.0,0.1116,30.0,0.1126,327.0,0.1137,449.0
1753600229975,07:10:29.975,bitmex,AEVO/USDT:USDT,0.1117,134.0,0.1116,30.0,0.1126,327.0,0.1137,449.0
1753600230025,07:10:30.025,bitmex,AEVO/USDT:USDT,0.1117,134.0,0.1116,30.0,0.1126,327.0,0.1137,449.0
1753600231234,07:10:31.234,bitmex,AEVO/USDT:USDT,0.1117,134.0,0.1116,30.0,0.1126,327.0,0.1137,449.0
1753600231284,07:10:31.284,bitmex,AEVO/USDT:USDT,0.1117,134.0,0.1116,30.0,0.1126,327.0,0.1137,449.0
1753600232773,07:10:32.773,bitmex,AEVO/USDT:USDT,0.1117,134.0,0.1116,30.0,0.1126,327.0,0.1137,449.0
1753600232823,07:10:32.823,bitmex,AEVO/USDT:USDT,0.1117,134.0,0.1116,30.0,0.1126,327.0,0.1137,449.0
1753600233607,07:10:33.607,bitmex,AEVO/USDT:USDT,0.1117,134.0,0.1116,30.0,0.1126,327.0,0.1137,449.0
1753600233656,07:10:33.656,bitmex,AEVO/USDT:USDT,0.1117,134.0,0.1116,30.0,0.1125,203.0,0.1126,133.0
1753600233705,07:10:33.705,bitmex,AEVO/USDT:USDT,0.1117,134.0,0.1116,30.0,0.1125,203.0,0.1126,133.0
1753600234688,07:10:34.688,bitmex,AEVO/USDT:USDT,0.1117,134.0,0.1116,30.0,0.1125,203.0,0.1126,133.0
1753600234737,07:10:34.737,bitmex,AEVO/USDT:USDT,0.1117,134.0,0.1116,30.0,0.1125,203.0,0.1126,133.0
1753600235796,07:10:35.796,bitmex,AEVO/USDT:USDT,0.1117,134.0,0.1116,30.0,0.1125,203.0,0.1126,133.0
1753600235865,07:10:35.865,bitmex,AEVO/USDT:USDT,0.1117,134.0,0.1116,30.0,0.1125,203.0,0.1126,133.0
1753600237145,07:10:37.145,bitmex,AEVO/USDT:USDT,0.1117,134.0,0.1116,30.0,0.1125,203.0,0.1126,133.0
1753600237195,07:10:37.195,bitmex,AEVO/USDT:USDT,0.1117,134.0,0.1116,30.0,0.1125,203.0,0.1126,133.0
1753600238291,07:10:38.291,bitmex,AEVO/USDT:USDT,0.1117,134.0,0.1116,30.0,0.1125,203.0,0.1126,133.0
1753600238341,07:10:38.341,bitmex,AEVO/USDT:USDT,0.1117,134.0,0.1116,30.0,0.1125,203.0,0.1126,133.0
1753600239474,07:10:39.474,bitmex,AEVO/USDT:USDT,0.1117,134.0,0.1116,30.0,0.1125,203.0,0.1126,133.0
1753600239523,07:10:39.523,bitmex,AEVO/USDT:USDT,0.1117,134.0,0.1116,30.0,0.1125,203.0,0.1126,133.0
1753600240831,07:10:40.831,bitmex,AEVO/USDT:USDT,0.1117,134.0,0.1116,30.0,0.1125,203.0,0.1126,133.0
1753600241882,07:10:41.882,bitmex,AEVO/USDT:USDT,0.1117,134.0,0.1116,30.0,0.1125,203.0,0.1126,133.0
1753600241931,07:10:41.931,bitmex,AEVO/USDT:USDT,0.1117,134.0,0.1116,30.0,0.1125,203.0,0.1126,133.0
1753600243245,07:10:43.245,bitmex,AEVO/USDT:USDT,0.1117,134.0,0.1116,30.0,0.1125,203.0,0.1126,133.0
1753600243295,07:10:43.295,bitmex,AEVO/USDT:USDT,0.1117,134.0,0.1116,30.0,0.1125,203.0,0.1126,133.0
1753600244299,07:10:44.299,bitmex,AEVO/USDT:USDT,0.1117,134.0,0.1116,30.0,0.1125,203.0,0.1126,133.0
1753600244348,07:10:44.348,bitmex,AEVO/USDT:USDT,0.1117,134.0,0.1116,30.0,0.1125,203.0,0.1126,133.0
1753600245346,07:10:45.346,bitmex,AEVO/USDT:USDT,0.1117,134.0,0.1116,30.0,0.1125,203.0,0.1126,133.0
1753600245395,07:10:45.395,bitmex,AEVO/USDT:USDT,0.1117,134.0,0.1116,30.0,0.1125,203.0,0.1126,133.0
1753600245665,07:10:45.665,bitmex,AEVO/USDT:USDT,0.1117,134.0,0.1116,30.0,0.1125,203.0,0.1126,133.0
1753600245715,07:10:45.715,bitmex,AEVO/USDT:USDT,0.1117,134.0,0.1113,30.0,0.1125,203.0,0.1126,133.0
1753600246714,07:10:46.714,bitmex,AEVO/USDT:USDT,0.1117,134.0,0.1113,30.0,0.1124,191.0,0.1126,133.0
1753600246764,07:10:46.764,bitmex,AEVO/USDT:USDT,0.1117,134.0,0.1113,30.0,0.1124,191.0,0.1126,133.0
1753600246813,07:10:46.813,bitmex,AEVO/USDT:USDT,0.1117,134.0,0.1113,30.0,0.1124,191.0,0.1126,133.0
1753600247825,07:10:47.825,bitmex,AEVO/USDT:USDT,0.1117,134.0,0.1113,30.0,0.1124,191.0,0.1126,133.0
1753600247888,07:10:47.888,bitmex,AEVO/USDT:USDT,0.1117,134.0,0.1113,30.0,0.1124,191.0,0.1126,133.0
1753600248935,07:10:48.935,bitmex,AEVO/USDT:USDT,0.1117,134.0,0.1113,30.0,0.1124,191.0,0.1126,133.0
1753600248985,07:10:48.985,bitmex,AEVO/USDT:USDT,0.1117,134.0,0.1113,30.0,0.1124,191.0,0.1126,133.0
1753600250305,07:10:50.305,bitmex,AEVO/USDT:USDT,0.1117,134.0,0.1113,30.0,0.1124,191.0,0.1126,133.0
1753600250354,07:10:50.354,bitmex,AEVO/USDT:USDT,0.1117,134.0,0.1113,30.0,0.1124,191.0,0.1126,133.0
1753600251283,07:10:51.283,bitmex,AEVO/USDT:USDT,0.1117,134.0,0.1113,30.0,0.1124,191.0,0.1126,133.0
1753600251333,07:10:51.333,bitmex,AEVO/USDT:USDT,0.1117,134.0,0.1113,30.0,0.1124,191.0,0.1126,133.0
1753600252396,07:10:52.396,bitmex,AEVO/USDT:USDT,0.1117,134.0,0.1113,30.0,0.1124,191.0,0.1126,133.0
1753600252464,07:10:52.464,bitmex,AEVO/USDT:USDT,0.1117,134.0,0.1113,30.0,0.1124,191.0,0.1126,133.0
1753600253505,07:10:53.505,bitmex,AEVO/USDT:USDT,0.1117,134.0,0.1113,30.0,0.1124,191.0,0.1126,133.0
1753600253564,07:10:53.564,bitmex,AEVO/USDT:USDT,0.1117,134.0,0.1113,30.0,0.1124,191.0,0.1126,133.0
1753600254797,07:10:54.797,bitmex,AEVO/USDT:USDT,0.1117,134.0,0.1113,30.0,0.1124,191.0,0.1126,133.0
1753600254854,07:10:54.854,bitmex,AEVO/USDT:USDT,0.1117,134.0,0.1113,30.0,0.1124,191.0,0.1126,133.0
1753600255964,07:10:55.964,bitmex,AEVO/USDT:USDT,0.1117,134.0,0.1113,30.0,0.1124,191.0,0.1126,133.0
1753600256014,07:10:56.014,bitmex,AEVO/USDT:USDT,0.1117,134.0,0.1113,30.0,0.1123,198.0,0.1126,133.0
1753600257135,07:10:57.135,bitmex,AEVO/USDT:USDT,0.1117,134.0,0.1113,30.0,0.1123,198.0,0.1126,133.0
1753600257184,07:10:57.184,bitmex,AEVO/USDT:USDT,0.1117,134.0,0.1113,30.0,0.1123,198.0,0.1126,133.0
1753600258327,07:10:58.327,bitmex,AEVO/USDT:USDT,0.1117,134.0,0.1113,30.0,0.1123,198.0,0.1126,133.0
1753600258377,07:10:58.377,bitmex,AEVO/USDT:USDT,0.1117,134.0,0.1113,30.0,0.1124,192.0,0.1126,133.0
1753600258426,07:10:58.426,bitmex,AEVO/USDT:USDT,0.1117,134.0,0.1113,30.0,0.1124,192.0,0.1126,133.0
1753600259502,07:10:59.502,bitmex,AEVO/USDT:USDT,0.1117,134.0,0.1113,30.0,0.1124,192.0,0.1126,133.0
1753600259552,07:10:59.552,bitmex,AEVO/USDT:USDT,0.1117,134.0,0.1113,30.0,0.1124,192.0,0.1126,133.0
1753600260625,07:11:00.625,bitmex,AEVO/USDT:USDT,0.1117,134.0,0.1113,30.0,0.1124,192.0,0.1126,133.0
1753600260685,07:11:00.685,bitmex,AEVO/USDT:USDT,0.1117,134.0,0.1113,30.0,0.1124,192.0,0.1126,133.0
1753600261985,07:11:01.985,bitmex,AEVO/USDT:USDT,0.1117,134.0,0.1113,30.0,0.1124,192.0,0.1126,133.0
1753600262035,07:11:02.035,bitmex,AEVO/USDT:USDT,0.1117,134.0,0.1113,30.0,0.1124,192.0,0.1126,133.0
1753600263028,07:11:03.028,bitmex,AEVO/USDT:USDT,0.1117,134.0,0.1113,30.0,0.1124,192.0,0.1126,133.0
1753600264243,07:11:04.243,bitmex,AEVO/USDT:USDT,0.1117,134.0,0.1113,30.0,0.1124,192.0,0.1126,133.0
1753600264293,07:11:04.293,bitmex,AEVO/USDT:USDT,0.1117,134.0,0.1113,30.0,0.1124,192.0,0.1126,133.0
1753600265355,07:11:05.355,bitmex,AEVO/USDT:USDT,0.1117,134.0,0.1113,30.0,0.1124,192.0,0.1126,133.0
1753600266528,07:11:06.528,bitmex,AEVO/USDT:USDT,0.1117,134.0,0.1113,30.0,0.1124,192.0,0.1126,133.0
1753600266578,07:11:06.578,bitmex,AEVO/USDT:USDT,0.1117,134.0,0.1113,30.0,0.1124,192.0,0.1126,133.0
1753600267843,07:11:07.843,bitmex,AEVO/USDT:USDT,0.1117,134.0,0.1113,30.0,0.1124,192.0,0.1126,133.0
1753600268925,07:11:08.925,bitmex,AEVO/USDT:USDT,0.1117,134.0,0.1113,30.0,0.1124,192.0,0.1126,133.0
1753600270037,07:11:10.037,bitmex,AEVO/USDT:USDT,0.1117,134.0,0.1113,30.0,0.1124,192.0,0.1126,133.0
1753600271203,07:11:11.203,bitmex,AEVO/USDT:USDT,0.1117,134.0,0.1113,30.0,0.1124,192.0,0.1126,133.0
1753600271252,07:11:11.252,bitmex,AEVO/USDT:USDT,0.1117,134.0,0.1113,30.0,0.1124,192.0,0.1126,133.0
1753600272335,07:11:12.335,bitmex,AEVO/USDT:USDT,0.1117,134.0,0.1113,30.0,0.1124,192.0,0.1126,133.0
1753600272395,07:11:12.395,bitmex,AEVO/USDT:USDT,0.1117,134.0,0.1113,30.0,0.1124,192.0,0.1126,133.0
1753600273685,07:11:13.685,bitmex,AEVO/USDT:USDT,0.1117,134.0,0.1113,30.0,0.1124,192.0,0.1126,133.0
1753600274715,07:11:14.715,bitmex,AEVO/USDT:USDT,0.1117,134.0,0.1113,30.0,0.1124,192.0,0.1126,133.0
1753600274764,07:11:14.764,bitmex,AEVO/USDT:USDT,0.1117,134.0,0.1113,30.0,0.1124,192.0,0.1126,133.0
1753600275902,07:11:15.902,bitmex,AEVO/USDT:USDT,0.1117,134.0,0.1113,30.0,0.1124,192.0,0.1126,133.0
1753600275952,07:11:15.952,bitmex,AEVO/USDT:USDT,0.1117,134.0,0.1113,30.0,0.1124,192.0,0.1126,133.0
1753600277014,07:11:17.014,bitmex,AEVO/USDT:USDT,0.1117,134.0,0.1113,30.0,0.1124,192.0,0.1126,133.0
1753600277065,07:11:17.065,bitmex,AEVO/USDT:USDT,0.1117,134.0,0.1113,30.0,0.1124,192.0,0.1126,133.0
1753600278943,07:11:18.943,bitmex,AEVO/USDT:USDT,0.1117,134.0,0.1113,30.0,0.1124,192.0,0.1126,133.0
1753600279949,07:11:19.949,bitmex,AEVO/USDT:USDT,0.1117,134.0,0.1113,30.0,0.1124,192.0,0.1126,133.0
1753600281109,07:11:21.109,bitmex,AEVO/USDT:USDT,0.1117,134.0,0.1113,30.0,0.1124,192.0,0.1126,133.0
1753600282233,07:11:22.233,bitmex,AEVO/USDT:USDT,0.1117,134.0,0.1113,30.0,0.1124,192.0,0.1126,133.0
1753600282285,07:11:22.285,bitmex,AEVO/USDT:USDT,0.1117,134.0,0.1113,30.0,0.1124,192.0,0.1126,133.0
1753600283507,07:11:23.507,bitmex,AEVO/USDT:USDT,0.1117,134.0,0.1113,30.0,0.1124,192.0,0.1126,133.0
1753600283556,07:11:23.556,bitmex,AEVO/USDT:USDT,0.1117,134.0,0.1113,30.0,0.1124,192.0,0.1126,133.0
1753600284585,07:11:24.585,bitmex,AEVO/USDT:USDT,0.1117,134.0,0.1113,30.0,0.1124,192.0,0.1126,133.0
1753600284655,07:11:24.655,bitmex,AEVO/USDT:USDT,0.1117,134.0,0.1113,30.0,0.1124,192.0,0.1126,133.0
1753600285745,07:11:25.745,bitmex,AEVO/USDT:USDT,0.1117,134.0,0.1113,30.0,0.1124,192.0,0.1126,133.0
1753600285794,07:11:25.794,bitmex,AEVO/USDT:USDT,0.1117,134.0,0.1113,30.0,0.1124,192.0,0.1126,133.0
1753600286855,07:11:26.855,bitmex,AEVO/USDT:USDT,0.1117,134.0,0.1113,30.0,0.1124,192.0,0.1126,133.0
1753600286914,07:11:26.914,bitmex,AEVO/USDT:USDT,0.1117,134.0,0.1113,30.0,0.1124,192.0,0.1126,133.0
1753600291616,07:11:31.616,bitmex,AEVO/USDT:USDT,0.1117,134.0,0.1113,30.0,0.1124,192.0,0.1126,133.0
1753600291665,07:11:31.665,bitmex,AEVO/USDT:USDT,0.1117,134.0,0.1113,30.0,0.1124,192.0,0.1126,133.0
1753600292717,07:11:32.717,bitmex,AEVO/USDT:USDT,0.1117,134.0,0.1113,30.0,0.1124,192.0,0.1126,133.0
1753600292767,07:11:32.767,bitmex,AEVO/USDT:USDT,0.1117,134.0,0.1113,30.0,0.1124,192.0,0.1126,133.0
1753600293955,07:11:33.955,bitmex,AEVO/USDT:USDT,0.1117,134.0,0.1113,30.0,0.1124,192.0,0.1126,133.0
1753600294005,07:11:34.005,bitmex,AEVO/USDT:USDT,0.1117,134.0,0.1113,30.0,0.1124,192.0,0.1126,133.0
1753600295141,07:11:35.141,bitmex,AEVO/USDT:USDT,0.1117,134.0,0.1113,30.0,0.1124,192.0,0.1126,133.0
1753600295190,07:11:35.190,bitmex,AEVO/USDT:USDT,0.1117,134.0,0.1113,30.0,0.1124,192.0,0.1126,133.0
1753600296258,07:11:36.258,bitmex,AEVO/USDT:USDT,0.1117,134.0,0.1113,30.0,0.1124,192.0,0.1126,133.0
1753600297530,07:11:37.530,bitmex,AEVO/USDT:USDT,0.1117,134.0,0.1113,30.0,0.1124,192.0,0.1126,133.0
1753600297580,07:11:37.580,bitmex,AEVO/USDT:USDT,0.1117,134.0,0.1113,30.0,0.1124,192.0,0.1126,133.0
1753600298586,07:11:38.586,bitmex,AEVO/USDT:USDT,0.1117,134.0,0.1113,30.0,0.1124,192.0,0.1126,133.0
1753600298644,07:11:38.644,bitmex,AEVO/USDT:USDT,0.1117,134.0,0.1113,30.0,0.1124,192.0,0.1126,133.0
1753600298693,07:11:38.693,bitmex,AEVO/USDT:USDT,0.1117,134.0,0.1113,30.0,0.1123,201.0,0.1126,133.0
1753600299809,07:11:39.809,bitmex,AEVO/USDT:USDT,0.1117,134.0,0.1113,30.0,0.1123,201.0,0.1126,133.0
1753600299858,07:11:39.858,bitmex,AEVO/USDT:USDT,0.1117,134.0,0.1113,30.0,0.1123,201.0,0.1126,133.0
1753600301067,07:11:41.067,bitmex,AEVO/USDT:USDT,0.1117,134.0,0.1113,30.0,0.1123,201.0,0.1126,133.0
1753600301116,07:11:41.116,bitmex,AEVO/USDT:USDT,0.1117,134.0,0.1113,30.0,0.1123,201.0,0.1126,133.0
1753600302165,07:11:42.165,bitmex,AEVO/USDT:USDT,0.1117,134.0,0.1113,30.0,0.1123,201.0,0.1126,133.0
1753600302214,07:11:42.214,bitmex,AEVO/USDT:USDT,0.1117,134.0,0.1113,30.0,0.1123,201.0,0.1126,133.0
1753600303383,07:11:43.383,bitmex,AEVO/USDT:USDT,0.1117,134.0,0.1113,30.0,0.1123,201.0,0.1126,133.0
1753600303432,07:11:43.432,bitmex,AEVO/USDT:USDT,0.1117,134.0,0.1113,30.0,0.1123,201.0,0.1126,133.0
1753600304536,07:11:44.536,bitmex,AEVO/USDT:USDT,0.1117,134.0,0.1113,30.0,0.1123,201.0,0.1126,133.0
1753600304585,07:11:44.585,bitmex,AEVO/USDT:USDT,0.1117,134.0,0.1113,30.0,0.1123,201.0,0.1126,133.0
1753600305669,07:11:45.669,bitmex,AEVO/USDT:USDT,0.1117,134.0,0.1113,30.0,0.1122,207.0,0.1126,133.0
1753600305718,07:11:45.718,bitmex,AEVO/USDT:USDT,0.1117,134.0,0.1113,30.0,0.1122,207.0,0.1126,133.0
1753600306994,07:11:46.994,bitmex,AEVO/USDT:USDT,0.1117,134.0,0.1113,30.0,0.1122,207.0,0.1126,133.0
1753600307043,07:11:47.043,bitmex,AEVO/USDT:USDT,0.1117,134.0,0.1113,30.0,0.1122,207.0,0.1126,133.0
1753600307995,07:11:47.995,bitmex,AEVO/USDT:USDT,0.1117,134.0,0.1113,30.0,0.1122,207.0,0.1126,133.0
1753600308044,07:11:48.044,bitmex,AEVO/USDT:USDT,0.1117,134.0,0.1113,30.0,0.1122,207.0,0.1126,133.0
1753600309185,07:11:49.185,bitmex,AEVO/USDT:USDT,0.1117,134.0,0.1113,30.0,0.1122,207.0,0.1126,133.0
1753600309235,07:11:49.235,bitmex,AEVO/USDT:USDT,0.1117,134.0,0.1113,30.0,0.1122,207.0,0.1126,133.0
1753600310308,07:11:50.308,bitmex,AEVO/USDT:USDT,0.1117,134.0,0.1113,30.0,0.1122,207.0,0.1126,133.0
1753600310357,07:11:50.357,bitmex,AEVO/USDT:USDT,0.1117,134.0,0.1113,30.0,0.1122,207.0,0.1126,133.0
1753600311514,07:11:51.514,bitmex,AEVO/USDT:USDT,0.1117,134.0,0.1113,30.0,0.1122,207.0,0.1126,133.0
1753600311564,07:11:51.564,bitmex,AEVO/USDT:USDT,0.1117,134.0,0.1113,30.0,0.1122,207.0,0.1126,133.0
1753600311766,07:11:51.766,bitmex,AEVO/USDT:USDT,0.1117,134.0,0.1113,30.0,0.1122,207.0,0.1134,472.0
1753600312250,07:11:52.250,bitmex,AEVO/USDT:USDT,0.1117,134.0,0.1113,30.0,0.1122,207.0,0.1123,133.0
1753600312664,07:11:52.664,bitmex,AEVO/USDT:USDT,0.1117,134.0,0.1113,30.0,0.1122,207.0,0.1123,133.0
1753600312714,07:11:52.714,bitmex,AEVO/USDT:USDT,0.1117,134.0,0.1113,30.0,0.1122,207.0,0.1123,133.0
1753600313871,07:11:53.871,bitmex,AEVO/USDT:USDT,0.1117,134.0,0.1113,30.0,0.1122,207.0,0.1123,133.0
1753600313921,07:11:53.921,bitmex,AEVO/USDT:USDT,0.1117,134.0,0.1113,30.0,0.1122,207.0,0.1123,133.0
1753600315095,07:11:55.095,bitmex,AEVO/USDT:USDT,0.1117,134.0,0.1113,30.0,0.1122,207.0,0.1123,133.0
1753600316174,07:11:56.174,bitmex,AEVO/USDT:USDT,0.1117,134.0,0.1113,30.0,0.1122,207.0,0.1123,133.0
1753600316224,07:11:56.224,bitmex,AEVO/USDT:USDT,0.1117,134.0,0.1113,30.0,0.1122,207.0,0.1123,133.0
1753600316273,07:11:56.273,bitmex,AEVO/USDT:USDT,0.1117,134.0,0.1113,30.0,0.1122,206.0,0.1123,133.0
1753600317434,07:11:57.434,bitmex,AEVO/USDT:USDT,0.1117,134.0,0.1113,30.0,0.1122,206.0,0.1123,133.0
1753600317484,07:11:57.484,bitmex,AEVO/USDT:USDT,0.1117,134.0,0.1113,30.0,0.1122,206.0,0.1123,133.0
1753600318578,07:11:58.578,bitmex,AEVO/USDT:USDT,0.1117,134.0,0.1113,30.0,0.1122,206.0,0.1123,133.0
1753600318627,07:11:58.627,bitmex,AEVO/USDT:USDT,0.1117,134.0,0.1113,30.0,0.1122,206.0,0.1123,133.0
1753600319814,07:11:59.814,bitmex,AEVO/USDT:USDT,0.1117,134.0,0.1113,30.0,0.1122,206.0,0.1123,133.0
1753600319863,07:11:59.863,bitmex,AEVO/USDT:USDT,0.1117,134.0,0.1113,30.0,0.1122,206.0,0.1123,133.0
1753600321026,07:12:01.026,bitmex,AEVO/USDT:USDT,0.1117,134.0,0.1113,30.0,0.1122,206.0,0.1123,133.0
1753600321076,07:12:01.076,bitmex,AEVO/USDT:USDT,0.1117,134.0,0.111,30.0,0.1122,206.0,0.1123,133.0
1753600322155,07:12:02.155,bitmex,AEVO/USDT:USDT,0.1117,134.0,0.111,30.0,0.1122,206.0,0.1123,133.0
1753600322205,07:12:02.205,bitmex,AEVO/USDT:USDT,0.1117,134.0,0.111,30.0,0.1122,206.0,0.1123,133.0
1753600324473,07:12:04.473,bitmex,AEVO/USDT:USDT,0.1117,134.0,0.111,30.0,0.1122,206.0,0.1123,133.0
1753600326842,07:12:06.842,bitmex,AEVO/USDT:USDT,0.1117,134.0,0.111,30.0,0.1122,206.0,0.1123,133.0
1753600326891,07:12:06.891,bitmex,AEVO/USDT:USDT,0.1117,134.0,0.111,30.0,0.1122,206.0,0.1123,133.0
1753600328003,07:12:08.003,bitmex,AEVO/USDT:USDT,0.1117,134.0,0.111,30.0,0.1122,206.0,0.1123,133.0
1753600328053,07:12:08.053,bitmex,AEVO/USDT:USDT,0.1117,134.0,0.111,30.0,0.1122,206.0,0.1123,133.0
1753600329116,07:12:09.116,bitmex,AEVO/USDT:USDT,0.1117,134.0,0.111,30.0,0.1122,206.0,0.1123,133.0
1753600329194,07:12:09.194,bitmex,AEVO/USDT:USDT,0.1117,134.0,0.111,30.0,0.1122,206.0,0.1123,133.0
1753600330296,07:12:10.296,bitmex,AEVO/USDT:USDT,0.1117,134.0,0.111,30.0,0.1122,206.0,0.1123,133.0
1753600330346,07:12:10.346,bitmex,AEVO/USDT:USDT,0.1117,134.0,0.111,30.0,0.1122,206.0,0.1123,133.0
1753600331615,07:12:11.615,bitmex,AEVO/USDT:USDT,0.1117,134.0,0.111,30.0,0.1122,206.0,0.1123,133.0
1753600331665,07:12:11.665,bitmex,AEVO/USDT:USDT,0.1117,134.0,0.111,30.0,0.1122,206.0,0.1123,133.0
1753600332681,07:12:12.681,bitmex,AEVO/USDT:USDT,0.1117,134.0,0.111,30.0,0.1122,206.0,0.1123,133.0
1753600332731,07:12:12.731,bitmex,AEVO/USDT:USDT,0.1117,134.0,0.111,30.0,0.1122,206.0,0.1123,133.0
1753600333854,07:12:13.854,bitmex,AEVO/USDT:USDT,0.1117,134.0,0.111,30.0,0.1122,206.0,0.1123,133.0
1753600333952,07:12:13.952,bitmex,AEVO/USDT:USDT,0.1117,134.0,0.1112,30.0,0.1123,133.0,0.1124,191.0
1753600335034,07:12:15.034,bitmex,AEVO/USDT:USDT,0.1117,134.0,0.1112,30.0,0.1123,133.0,0.1124,191.0
1753600335084,07:12:15.084,bitmex,AEVO/USDT:USDT,0.1117,134.0,0.1112,30.0,0.1123,133.0,0.1124,191.0
1753600336147,07:12:16.147,bitmex,AEVO/USDT:USDT,0.1117,134.0,0.1112,30.0,0.1123,133.0,0.1124,191.0
1753600336197,07:12:16.197,bitmex,AEVO/USDT:USDT,0.1117,134.0,0.1112,30.0,0.1123,133.0,0.1124,191.0
1753600336827,07:12:16.827,bitmex,AEVO/USDT:USDT,0.1117,134.0,0.1112,30.0,0.1124,191.0,0.1133,464.0
1753600337438,07:12:17.438,bitmex,AEVO/USDT:USDT,0.1117,134.0,0.1112,30.0,0.1124,191.0,0.1133,464.0
1753600337488,07:12:17.488,bitmex,AEVO/USDT:USDT,0.1117,134.0,0.1112,30.0,0.1124,191.0,0.1133,464.0
1753600338624,07:12:18.624,bitmex,AEVO/USDT:USDT,0.1117,134.0,0.1112,30.0,0.1124,191.0,0.1133,464.0
1753600338673,07:12:18.673,bitmex,AEVO/USDT:USDT,0.1117,134.0,0.1112,30.0,0.1124,191.0,0.1133,464.0
1753600339659,07:12:19.659,bitmex,AEVO/USDT:USDT,0.1117,134.0,0.1112,30.0,0.1124,191.0,0.1133,464.0
1753600339708,07:12:19.708,bitmex,AEVO/USDT:USDT,0.1117,134.0,0.1112,30.0,0.1124,191.0,0.1133,464.0
1753600340914,07:12:20.914,bitmex,AEVO/USDT:USDT,0.1117,134.0,0.1112,30.0,0.1124,191.0,0.1133,464.0
1753600340963,07:12:20.963,bitmex,AEVO/USDT:USDT,0.1117,134.0,0.1112,30.0,0.1124,191.0,0.1133,464.0
1753600342052,07:12:22.052,bitmex,AEVO/USDT:USDT,0.1117,134.0,0.1112,30.0,0.1124,191.0,0.1133,464.0
1753600342102,07:12:22.102,bitmex,AEVO/USDT:USDT,0.1117,134.0,0.1112,30.0,0.1124,191.0,0.1133,464.0
1753600342274,07:12:22.274,bitmex,AEVO/USDT:USDT,0.1117,134.0,0.1112,30.0,0.1124,324.0,0.1133,464.0
1753600343405,07:12:23.405,bitmex,AEVO/USDT:USDT,0.1117,134.0,0.1112,30.0,0.1124,324.0,0.1133,464.0
1753600343454,07:12:23.454,bitmex,AEVO/USDT:USDT,0.1117,134.0,0.1112,30.0,0.1124,324.0,0.1133,464.0
1753600344586,07:12:24.586,bitmex,AEVO/USDT:USDT,0.1117,134.0,0.1112,30.0,0.1124,324.0,0.1133,464.0
1753600344635,07:12:24.635,bitmex,AEVO/USDT:USDT,0.1117,134.0,0.1112,30.0,0.1124,324.0,0.1135,471.0
1753600345525,07:12:25.525,bitmex,AEVO/USDT:USDT,0.1117,134.0,0.1112,30.0,0.1124,324.0,0.1135,471.0
1753600346743,07:12:26.743,bitmex,AEVO/USDT:USDT,0.1117,134.0,0.1112,30.0,0.1124,324.0,0.1135,471.0
1753600347916,07:12:27.916,bitmex,AEVO/USDT:USDT,0.1117,134.0,0.1112,30.0,0.1124,324.0,0.1135,471.0
1753600347994,07:12:27.994,bitmex,AEVO/USDT:USDT,0.1117,134.0,0.1112,30.0,0.1124,324.0,0.1135,471.0
1753600349088,07:12:29.088,bitmex,AEVO/USDT:USDT,0.1117,134.0,0.1112,30.0,0.1124,324.0,0.1135,471.0
1753600349137,07:12:29.137,bitmex,AEVO/USDT:USDT,0.1117,134.0,0.1112,30.0,0.1124,324.0,0.1135,471.0
1753600350362,07:12:30.362,bitmex,AEVO/USDT:USDT,0.1117,134.0,0.1112,30.0,0.1124,324.0,0.1135,471.0
1753600350411,07:12:30.411,bitmex,AEVO/USDT:USDT,0.1117,134.0,0.1112,30.0,0.1124,324.0,0.1135,471.0
1753600351440,07:12:31.440,bitmex,AEVO/USDT:USDT,0.1117,134.0,0.1112,30.0,0.1124,324.0,0.1135,471.0
1753600351490,07:12:31.490,bitmex,AEVO/USDT:USDT,0.1117,134.0,0.1112,30.0,0.1124,324.0,0.1135,471.0
1753600352603,07:12:32.603,bitmex,AEVO/USDT:USDT,0.1117,134.0,0.1112,30.0,0.1124,324.0,0.1135,471.0
1753600352652,07:12:32.652,bitmex,AEVO/USDT:USDT,0.1117,134.0,0.1112,30.0,0.1124,324.0,0.1135,471.0
1753600353846,07:12:33.846,bitmex,AEVO/USDT:USDT,0.1117,134.0,0.1112,30.0,0.1124,324.0,0.1135,471.0
1753600353895,07:12:33.895,bitmex,AEVO/USDT:USDT,0.1117,134.0,0.1112,30.0,0.1124,324.0,0.1135,471.0
1753600354968,07:12:34.968,bitmex,AEVO/USDT:USDT,0.1117,134.0,0.1112,30.0,0.1124,324.0,0.1135,471.0
1753600355017,07:12:35.017,bitmex,AEVO/USDT:USDT,0.1117,134.0,0.1112,30.0,0.1124,324.0,0.1135,471.0
1753600356335,07:12:36.335,bitmex,AEVO/USDT:USDT,0.1117,134.0,0.1112,30.0,0.1124,324.0,0.1135,471.0
1753600356385,07:12:36.385,bitmex,AEVO/USDT:USDT,0.1117,134.0,0.1112,30.0,0.1124,324.0,0.1135,471.0
1753600357305,07:12:37.305,bitmex,AEVO/USDT:USDT,0.1117,134.0,0.1112,30.0,0.1124,324.0,0.1135,471.0
1753600357354,07:12:37.354,bitmex,AEVO/USDT:USDT,0.1117,134.0,0.1112,30.0,0.1124,324.0,0.1135,471.0
1753600358474,07:12:38.474,bitmex,AEVO/USDT:USDT,0.1117,134.0,0.1112,30.0,0.1124,324.0,0.1135,471.0
1753600358535,07:12:38.535,bitmex,AEVO/USDT:USDT,0.1117,134.0,0.1112,30.0,0.1124,324.0,0.1135,471.0
1753600359636,07:12:39.636,bitmex,AEVO/USDT:USDT,0.1117,134.0,0.1112,30.0,0.1124,324.0,0.1135,454.0
1753600359685,07:12:39.685,bitmex,AEVO/USDT:USDT,0.1117,134.0,0.1112,30.0,0.1124,324.0,0.1135,454.0
1753600360817,07:12:40.817,bitmex,AEVO/USDT:USDT,0.1117,134.0,0.1112,30.0,0.1124,324.0,0.1135,454.0
1753600362125,07:12:42.125,bitmex,AEVO/USDT:USDT,0.1117,134.0,0.1112,30.0,0.1124,324.0,0.1135,454.0
1753600362175,07:12:42.175,bitmex,AEVO/USDT:USDT,0.1117,134.0,0.1112,30.0,0.1124,324.0,0.1135,454.0
1753600364555,07:12:44.555,bitmex,AEVO/USDT:USDT,0.1117,134.0,0.1112,30.0,0.1124,324.0,0.1135,454.0
1753600364605,07:12:44.605,bitmex,AEVO/USDT:USDT,0.1117,134.0,0.1112,30.0,0.1124,324.0,0.1135,454.0
1753600365886,07:12:45.886,bitmex,AEVO/USDT:USDT,0.1117,134.0,0.1112,30.0,0.1124,324.0,0.1135,454.0
1753600365935,07:12:45.935,bitmex,AEVO/USDT:USDT,0.1117,134.0,0.1112,30.0,0.1124,324.0,0.1135,454.0
1753600366895,07:12:46.895,bitmex,AEVO/USDT:USDT,0.1117,134.0,0.1112,30.0,0.1124,324.0,0.1135,454.0
1753600366945,07:12:46.945,bitmex,AEVO/USDT:USDT,0.1117,134.0,0.1112,30.0,0.1124,324.0,0.1135,454.0
1753600368062,07:12:48.062,bitmex,AEVO/USDT:USDT,0.1117,134.0,0.1112,30.0,0.1124,324.0,0.1135,454.0
1753600368115,07:12:48.115,bitmex,AEVO/USDT:USDT,0.1117,134.0,0.1112,30.0,0.1124,324.0,0.1135,454.0
1753600369254,07:12:49.254,bitmex,AEVO/USDT:USDT,0.1117,134.0,0.1112,30.0,0.1124,324.0,0.1135,454.0
1753600369304,07:12:49.304,bitmex,AEVO/USDT:USDT,0.1117,134.0,0.1112,30.0,0.1124,324.0,0.1135,454.0
1753600370414,07:12:50.414,bitmex,AEVO/USDT:USDT,0.1117,134.0,0.1112,30.0,0.1124,324.0,0.1135,454.0
1753600370464,07:12:50.464,bitmex,AEVO/USDT:USDT,0.1117,134.0,0.1112,30.0,0.1124,324.0,0.1135,454.0
1753600372947,07:12:52.947,bitmex,AEVO/USDT:USDT,0.1117,134.0,0.1112,30.0,0.1124,324.0,0.1135,454.0
1753600373015,07:12:53.015,bitmex,AEVO/USDT:USDT,0.1117,134.0,0.1112,30.0,0.1124,324.0,0.1135,454.0
1753600373934,07:12:53.934,bitmex,AEVO/USDT:USDT,0.1117,134.0,0.1112,30.0,0.1124,324.0,0.1135,454.0
1753600373984,07:12:53.984,bitmex,AEVO/USDT:USDT,0.1117,134.0,0.1112,30.0,0.1124,324.0,0.1135,454.0
1753600375054,07:12:55.054,bitmex,AEVO/USDT:USDT,0.1117,134.0,0.1112,30.0,0.1124,324.0,0.1135,454.0
1753600375110,07:12:55.110,bitmex,AEVO/USDT:USDT,0.1117,134.0,0.1112,30.0,0.1124,324.0,0.1135,454.0
1753600376165,07:12:56.165,bitmex,AEVO/USDT:USDT,0.1117,134.0,0.1112,30.0,0.1124,324.0,0.1135,454.0
1753600377321,07:12:57.321,bitmex,AEVO/USDT:USDT,0.1117,134.0,0.1112,30.0,0.1124,324.0,0.1135,454.0
1753600377395,07:12:57.395,bitmex,AEVO/USDT:USDT,0.1117,134.0,0.1112,30.0,0.1124,324.0,0.1135,472.0
1753600378435,07:12:58.435,bitmex,AEVO/USDT:USDT,0.1117,134.0,0.1112,30.0,0.1124,324.0,0.1135,472.0
1753600378493,07:12:58.493,bitmex,AEVO/USDT:USDT,0.1117,134.0,0.1112,30.0,0.1124,324.0,0.1135,472.0
1753600379725,07:12:59.725,bitmex,AEVO/USDT:USDT,0.1117,134.0,0.1112,30.0,0.1124,324.0,0.1135,472.0
1753600379775,07:12:59.775,bitmex,AEVO/USDT:USDT,0.1117,134.0,0.1112,30.0,0.1124,324.0,0.1135,472.0
1753600381333,07:13:01.333,bitmex,AEVO/USDT:USDT,0.1117,134.0,0.1112,30.0,0.1124,324.0,0.1135,472.0
1753600381383,07:13:01.383,bitmex,AEVO/USDT:USDT,0.1117,134.0,0.1112,30.0,0.1124,324.0,0.1135,472.0
1753600383794,07:13:03.794,bitmex,AEVO/USDT:USDT,0.1117,134.0,0.1112,30.0,0.1124,324.0,0.1135,472.0
1753600383844,07:13:03.844,bitmex,AEVO/USDT:USDT,0.1117,134.0,0.1112,30.0,0.1124,324.0,0.1135,472.0
1753600385511,07:13:05.511,bitmex,AEVO/USDT:USDT,0.1117,134.0,0.1112,30.0,0.1124,324.0,0.1135,472.0
1753600385560,07:13:05.560,bitmex,AEVO/USDT:USDT,0.1117,134.0,0.1112,30.0,0.1124,324.0,0.1135,472.0
1753600387454,07:13:07.454,bitmex,AEVO/USDT:USDT,0.1117,134.0,0.1112,30.0,0.1124,324.0,0.1135,472.0
1753600387504,07:13:07.504,bitmex,AEVO/USDT:USDT,0.1117,134.0,0.1112,30.0,0.1124,324.0,0.1135,472.0
1753600389009,07:13:09.009,bitmex,AEVO/USDT:USDT,0.1117,134.0,0.1112,30.0,0.1124,324.0,0.1135,472.0
1753600389059,07:13:09.059,bitmex,AEVO/USDT:USDT,0.1117,134.0,0.1112,30.0,0.1124,324.0,0.1135,472.0
1753600389826,07:13:09.826,bitmex,AEVO/USDT:USDT,0.1117,134.0,0.1112,30.0,0.1124,324.0,0.1135,472.0
1753600389876,07:13:09.876,bitmex,AEVO/USDT:USDT,0.1117,134.0,0.1112,30.0,0.1124,324.0,0.1135,472.0
1753600390997,07:13:10.997,bitmex,AEVO/USDT:USDT,0.1117,134.0,0.1112,30.0,0.1124,324.0,0.1135,472.0
1753600391047,07:13:11.047,bitmex,AEVO/USDT:USDT,0.1117,134.0,0.1112,30.0,0.1124,324.0,0.1135,472.0
1753600392225,07:13:12.225,bitmex,AEVO/USDT:USDT,0.1117,134.0,0.1112,30.0,0.1124,324.0,0.1135,472.0
1753600392275,07:13:12.275,bitmex,AEVO/USDT:USDT,0.1117,134.0,0.1112,30.0,0.1124,324.0,0.1135,472.0
1753600393443,07:13:13.443,bitmex,AEVO/USDT:USDT,0.1117,134.0,0.1112,225.0,0.1124,324.0,0.1135,472.0
1753600393506,07:13:13.506,bitmex,AEVO/USDT:USDT,0.1117,134.0,0.1112,225.0,0.1124,324.0,0.1135,472.0
1753600393556,07:13:13.556,bitmex,AEVO/USDT:USDT,0.1117,134.0,0.1112,225.0,0.1124,133.0,0.1125,193.0
1753600394554,07:13:14.554,bitmex,AEVO/USDT:USDT,0.1117,134.0,0.1112,225.0,0.1124,133.0,0.1125,193.0
1753600394603,07:13:14.603,bitmex,AEVO/USDT:USDT,0.1117,134.0,0.1112,225.0,0.1124,133.0,0.1125,193.0
1753600395700,07:13:15.700,bitmex,AEVO/USDT:USDT,0.1117,134.0,0.1112,225.0,0.1124,133.0,0.1125,193.0
1753600395775,07:13:15.775,bitmex,AEVO/USDT:USDT,0.1117,134.0,0.1112,225.0,0.1124,133.0,0.1125,193.0
1753600396903,07:13:16.903,bitmex,AEVO/USDT:USDT,0.1117,134.0,0.1112,225.0,0.1124,133.0,0.1125,193.0
1753600396953,07:13:16.953,bitmex,AEVO/USDT:USDT,0.1117,134.0,0.1112,225.0,0.1124,133.0,0.1125,193.0
1753600398025,07:13:18.025,bitmex,AEVO/USDT:USDT,0.1117,134.0,0.1112,225.0,0.1124,133.0,0.1125,193.0
1753600398075,07:13:18.075,bitmex,AEVO/USDT:USDT,0.1117,134.0,0.1112,225.0,0.1124,133.0,0.1125,193.0
1753600399185,07:13:19.185,bitmex,AEVO/USDT:USDT,0.1117,134.0,0.1112,225.0,0.1124,133.0,0.1125,193.0
1753600399243,07:13:19.243,bitmex,AEVO/USDT:USDT,0.1117,134.0,0.1112,225.0,0.1124,133.0,0.1125,193.0
1753600400484,07:13:20.484,bitmex,AEVO/USDT:USDT,0.1117,134.0,0.1112,225.0,0.1124,133.0,0.1125,193.0
1753600400533,07:13:20.533,bitmex,AEVO/USDT:USDT,0.1117,134.0,0.1112,225.0,0.1124,133.0,0.1125,193.0
1753600401621,07:13:21.621,bitmex,AEVO/USDT:USDT,0.1117,134.0,0.1112,225.0,0.1124,133.0,0.1125,193.0
1753600401699,07:13:21.699,bitmex,AEVO/USDT:USDT,0.1117,134.0,0.1112,225.0,0.1124,133.0,0.1125,193.0
1753600402803,07:13:22.803,bitmex,AEVO/USDT:USDT,0.1117,134.0,0.1112,30.0,0.1124,133.0,0.1125,193.0
1753600402853,07:13:22.853,bitmex,AEVO/USDT:USDT,0.1117,134.0,0.1112,30.0,0.1124,325.0,0.1136,460.0
1753600402902,07:13:22.902,bitmex,AEVO/USDT:USDT,0.1117,134.0,0.1112,30.0,0.1124,325.0,0.1136,460.0
1753600404030,07:13:24.030,bitmex,AEVO/USDT:USDT,0.1117,134.0,0.1112,30.0,0.1124,325.0,0.1136,460.0
1753600404080,07:13:24.080,bitmex,AEVO/USDT:USDT,0.1117,134.0,0.1112,30.0,0.1124,325.0,0.1136,460.0
1753600405216,07:13:25.216,bitmex,AEVO/USDT:USDT,0.1117,134.0,0.1112,30.0,0.1124,325.0,0.1136,460.0
1753600406275,07:13:26.275,bitmex,AEVO/USDT:USDT,0.1117,134.0,0.1112,30.0,0.1124,325.0,0.1136,460.0
1753600406324,07:13:26.324,bitmex,AEVO/USDT:USDT,0.1117,134.0,0.1112,30.0,0.1124,325.0,0.1136,460.0
1753600407396,07:13:27.396,bitmex,AEVO/USDT:USDT,0.1117,134.0,0.1112,30.0,0.1124,133.0,0.1125,209.0
1753600407445,07:13:27.445,bitmex,AEVO/USDT:USDT,0.1117,134.0,0.1112,236.0,0.1124,133.0,0.1125,209.0
1753600407494,07:13:27.494,bitmex,AEVO/USDT:USDT,0.1117,134.0,0.1112,236.0,0.1124,133.0,0.1125,209.0
1753600408746,07:13:28.746,bitmex,AEVO/USDT:USDT,0.1117,134.0,0.1112,236.0,0.1124,133.0,0.1125,209.0
1753600408796,07:13:28.796,bitmex,AEVO/USDT:USDT,0.1117,134.0,0.1112,236.0,0.1124,133.0,0.1125,209.0
1753600409801,07:13:29.801,bitmex,AEVO/USDT:USDT,0.1117,134.0,0.1112,236.0,0.1124,133.0,0.1125,209.0
1753600409850,07:13:29.850,bitmex,AEVO/USDT:USDT,0.1117,134.0,0.1112,236.0,0.1124,133.0,0.1125,209.0
1753600410983,07:13:30.983,bitmex,AEVO/USDT:USDT,0.1117,134.0,0.1112,236.0,0.1124,133.0,0.1125,209.0
1753600411032,07:13:31.032,bitmex,AEVO/USDT:USDT,0.1117,134.0,0.1112,236.0,0.1124,133.0,0.1125,209.0
1753600412140,07:13:32.140,bitmex,AEVO/USDT:USDT,0.1117,134.0,0.1112,236.0,0.1124,133.0,0.1125,209.0
1753600412189,07:13:32.189,bitmex,AEVO/USDT:USDT,0.1117,134.0,0.1112,236.0,0.1124,133.0,0.1125,209.0
1753600413359,07:13:33.359,bitmex,AEVO/USDT:USDT,0.1117,134.0,0.1112,236.0,0.1124,133.0,0.1125,209.0
1753600414475,07:13:34.475,bitmex,AEVO/USDT:USDT,0.1117,134.0,0.1112,236.0,0.1124,133.0,0.1125,209.0
1753600414525,07:13:34.525,bitmex,AEVO/USDT:USDT,0.1117,134.0,0.1112,236.0,0.1124,133.0,0.1125,209.0
1753600415715,07:13:35.715,bitmex,AEVO/USDT:USDT,0.1117,134.0,0.1112,236.0,0.1124,133.0,0.1125,209.0
1753600415765,07:13:35.765,bitmex,AEVO/USDT:USDT,0.1117,134.0,0.1112,236.0,0.1124,133.0,0.1125,209.0
1753600416768,07:13:36.768,bitmex,AEVO/USDT:USDT,0.1117,134.0,0.1112,236.0,0.1124,133.0,0.1125,209.0
1753600417915,07:13:37.915,bitmex,AEVO/USDT:USDT,0.1117,134.0,0.1112,236.0,0.1124,133.0,0.1125,209.0
1753600417965,07:13:37.965,bitmex,AEVO/USDT:USDT,0.1117,134.0,0.1112,236.0,0.1124,133.0,0.1125,209.0
1753600419105,07:13:39.105,bitmex,AEVO/USDT:USDT,0.1117,134.0,0.1112,236.0,0.1124,133.0,0.1125,209.0
1753600419158,07:13:39.158,bitmex,AEVO/USDT:USDT,0.1117,134.0,0.1112,236.0,0.1124,133.0,0.1125,209.0
1753600420284,07:13:40.284,bitmex,AEVO/USDT:USDT,0.1117,134.0,0.1112,236.0,0.1124,133.0,0.1125,209.0
1753600420333,07:13:40.333,bitmex,AEVO/USDT:USDT,0.1117,134.0,0.1112,236.0,0.1124,133.0,0.1125,209.0
1753600421424,07:13:41.424,bitmex,AEVO/USDT:USDT,0.1117,134.0,0.1112,236.0,0.1124,133.0,0.1125,209.0
1753600421474,07:13:41.474,bitmex,AEVO/USDT:USDT,0.1117,134.0,0.1112,236.0,0.1124,133.0,0.1125,209.0
1753600422783,07:13:42.783,bitmex,AEVO/USDT:USDT,0.1117,134.0,0.1112,236.0,0.1124,133.0,0.1125,209.0
1753600422832,07:13:42.832,bitmex,AEVO/USDT:USDT,0.1117,134.0,0.1112,236.0,0.1124,133.0,0.1125,209.0
1753600423906,07:13:43.906,bitmex,AEVO/USDT:USDT,0.1117,134.0,0.1112,236.0,0.1124,133.0,0.1125,209.0
1753600423955,07:13:43.955,bitmex,AEVO/USDT:USDT,0.1117,134.0,0.1112,236.0,0.1124,133.0,0.1125,209.0
1753600424981,07:13:44.981,bitmex,AEVO/USDT:USDT,0.1117,134.0,0.1112,236.0,0.1124,133.0,0.1125,209.0
1753600425031,07:13:45.031,bitmex,AEVO/USDT:USDT,0.1117,134.0,0.1112,236.0,0.1124,133.0,0.1125,209.0
1753600427315,07:13:47.315,bitmex,AEVO/USDT:USDT,0.1117,134.0,0.1112,236.0,0.1124,133.0,0.1125,209.0
1753600427365,07:13:47.365,bitmex,AEVO/USDT:USDT,0.1117,134.0,0.1112,236.0,0.1124,133.0,0.1125,209.0
1753600428481,07:13:48.481,bitmex,AEVO/USDT:USDT,0.1117,134.0,0.1112,236.0,0.1124,133.0,0.1125,209.0
1753600428573,07:13:48.573,bitmex,AEVO/USDT:USDT,0.1117,134.0,0.1112,236.0,0.1124,133.0,0.1125,209.0
1753600429688,07:13:49.688,bitmex,AEVO/USDT:USDT,0.1117,134.0,0.1112,236.0,0.1124,133.0,0.1125,209.0
1753600429737,07:13:49.737,bitmex,AEVO/USDT:USDT,0.1117,134.0,0.1112,236.0,0.1124,133.0,0.1125,209.0
1753600430853,07:13:50.853,bitmex,AEVO/USDT:USDT,0.1117,134.0,0.1112,236.0,0.1124,133.0,0.1125,209.0
1753600430903,07:13:50.903,bitmex,AEVO/USDT:USDT,0.1117,134.0,0.1112,236.0,0.1124,133.0,0.1125,209.0
1753600431936,07:13:51.936,bitmex,AEVO/USDT:USDT,0.1117,134.0,0.1112,236.0,0.1124,133.0,0.1125,209.0
1753600431995,07:13:51.995,bitmex,AEVO/USDT:USDT,0.1117,134.0,0.1112,236.0,0.1124,133.0,0.1125,209.0
1753600433231,07:13:53.231,bitmex,AEVO/USDT:USDT,0.1117,134.0,0.1112,236.0,0.1124,133.0,0.1125,209.0
1753600433281,07:13:53.281,bitmex,AEVO/USDT:USDT,0.1117,134.0,0.1112,236.0,0.1124,133.0,0.1125,209.0
1753600435436,07:13:55.436,bitmex,AEVO/USDT:USDT,0.1117,134.0,0.1112,236.0,0.1124,133.0,0.1125,209.0
1753600436374,07:13:56.374,bitmex,AEVO/USDT:USDT,0.1117,134.0,0.1112,236.0,0.1124,133.0,0.1125,209.0
1753600436444,07:13:56.444,bitmex,AEVO/USDT:USDT,0.1117,134.0,0.1112,236.0,0.1124,133.0,0.1125,209.0
1753600437596,07:13:57.596,bitmex,AEVO/USDT:USDT,0.1117,134.0,0.1112,236.0,0.1124,133.0,0.1125,209.0
1753600437645,07:13:57.645,bitmex,AEVO/USDT:USDT,0.1117,134.0,0.1112,236.0,0.1124,133.0,0.1125,209.0
1753600438975,07:13:58.975,bitmex,AEVO/USDT:USDT,0.1117,134.0,0.1112,236.0,0.1124,133.0,0.1125,209.0
1753600439024,07:13:59.024,bitmex,AEVO/USDT:USDT,0.1117,134.0,0.1112,236.0,0.1124,133.0,0.1125,209.0
1753600439885,07:13:59.885,bitmex,AEVO/USDT:USDT,0.1117,134.0,0.1112,236.0,0.1124,133.0,0.1125,209.0
1753600441124,07:14:01.124,bitmex,AEVO/USDT:USDT,0.1117,134.0,0.1112,236.0,0.1124,133.0,0.1125,209.0
1753600441199,07:14:01.199,bitmex,AEVO/USDT:USDT,0.1117,134.0,0.1112,236.0,0.1124,133.0,0.1125,209.0
1753600442271,07:14:02.271,bitmex,AEVO/USDT:USDT,0.1117,134.0,0.1112,236.0,0.1124,133.0,0.1125,209.0
1753600442320,07:14:02.320,bitmex,AEVO/USDT:USDT,0.1117,134.0,0.1112,236.0,0.1124,133.0,0.1125,209.0
1753600443440,07:14:03.440,bitmex,AEVO/USDT:USDT,0.1117,134.0,0.1112,236.0,0.1124,133.0,0.1125,209.0
1753600443490,07:14:03.490,bitmex,AEVO/USDT:USDT,0.1117,134.0,0.1112,236.0,0.1124,133.0,0.1136,466.0
1753600443490,07:14:03.490,bitmex,AEVO/USDT:USDT,0.1117,134.0,0.1112,30.0,0.1124,340.0,0.1136,466.0
1753600444674,07:14:04.674,bitmex,AEVO/USDT:USDT,0.1117,134.0,0.1112,220.0,0.1124,340.0,0.1136,466.0
1753600444724,07:14:04.724,bitmex,AEVO/USDT:USDT,0.1117,134.0,0.1112,220.0,0.1124,133.0,0.1125,198.0
1753600445799,07:14:05.799,bitmex,AEVO/USDT:USDT,0.1117,134.0,0.1112,220.0,0.1124,133.0,0.1125,198.0
1753600445849,07:14:05.849,bitmex,AEVO/USDT:USDT,0.1117,134.0,0.1112,220.0,0.1124,133.0,0.1125,198.0
1753600446935,07:14:06.935,bitmex,AEVO/USDT:USDT,0.1117,134.0,0.1112,220.0,0.1124,133.0,0.1125,198.0
1753600446985,07:14:06.985,bitmex,AEVO/USDT:USDT,0.1117,134.0,0.1112,220.0,0.1124,133.0,0.1125,198.0
1753600448134,07:14:08.134,bitmex,AEVO/USDT:USDT,0.1117,134.0,0.1112,220.0,0.1124,133.0,0.1125,198.0
1753600448184,07:14:08.184,bitmex,AEVO/USDT:USDT,0.1117,134.0,0.1112,220.0,0.1124,133.0,0.1125,198.0
1753600449374,07:14:09.374,bitmex,AEVO/USDT:USDT,0.1117,134.0,0.1112,220.0,0.1124,133.0,0.1125,198.0
1753600449424,07:14:09.424,bitmex,AEVO/USDT:USDT,0.1117,134.0,0.1112,30.0,0.1124,334.0,0.1136,466.0
1753600450474,07:14:10.474,bitmex,AEVO/USDT:USDT,0.1117,134.0,0.1112,30.0,0.1124,334.0,0.1136,466.0
1753600451732,07:14:11.732,bitmex,AEVO/USDT:USDT,0.1117,134.0,0.1112,30.0,0.1124,334.0,0.1136,466.0
1753600451782,07:14:11.782,bitmex,AEVO/USDT:USDT,0.1117,134.0,0.1112,30.0,0.1124,334.0,0.1136,466.0
1753600452827,07:14:12.827,bitmex,AEVO/USDT:USDT,0.1117,134.0,0.1112,30.0,0.1124,334.0,0.1136,466.0
1753600452876,07:14:12.876,bitmex,AEVO/USDT:USDT,0.1117,134.0,0.1112,30.0,0.1124,334.0,0.1136,466.0
1753600453959,07:14:13.959,bitmex,AEVO/USDT:USDT,0.1117,134.0,0.1112,30.0,0.1124,334.0,0.1136,466.0
1753600454008,07:14:14.008,bitmex,AEVO/USDT:USDT,0.1117,134.0,0.1112,30.0,0.1124,334.0,0.1136,466.0
1753600455118,07:14:15.118,bitmex,AEVO/USDT:USDT,0.1117,134.0,0.1112,30.0,0.1124,334.0,0.1136,466.0
1753600455167,07:14:15.167,bitmex,AEVO/USDT:USDT,0.1117,134.0,0.1112,30.0,0.1124,334.0,0.1136,466.0
1753600456346,07:14:16.346,bitmex,AEVO/USDT:USDT,0.1117,134.0,0.1112,30.0,0.1124,334.0,0.1136,466.0
1753600456412,07:14:16.412,bitmex,AEVO/USDT:USDT,0.1117,134.0,0.1112,30.0,0.1124,334.0,0.1135,465.0
1753600457602,07:14:17.602,bitmex,AEVO/USDT:USDT,0.1117,134.0,0.1112,30.0,0.1124,334.0,0.1135,465.0
1753600457651,07:14:17.651,bitmex,AEVO/USDT:USDT,0.1117,134.0,0.1112,30.0,0.1124,334.0,0.1135,465.0
1753600458646,07:14:18.646,bitmex,AEVO/USDT:USDT,0.1117,134.0,0.1112,30.0,0.1124,334.0,0.1135,465.0
1753600459842,07:14:19.842,bitmex,AEVO/USDT:USDT,0.1117,134.0,0.1112,30.0,0.1124,334.0,0.1135,465.0
1753600459891,07:14:19.891,bitmex,AEVO/USDT:USDT,0.1117,134.0,0.1112,30.0,0.1124,334.0,0.1135,465.0
1753600460999,07:14:20.999,bitmex,AEVO/USDT:USDT,0.1117,134.0,0.1112,30.0,0.1124,334.0,0.1135,465.0
1753600461049,07:14:21.049,bitmex,AEVO/USDT:USDT,0.1117,134.0,0.1112,30.0,0.1124,334.0,0.1135,465.0
1753600462135,07:14:22.135,bitmex,AEVO/USDT:USDT,0.1117,134.0,0.1112,232.0,0.1124,334.0,0.1135,465.0
1753600462202,07:14:22.202,bitmex,AEVO/USDT:USDT,0.1117,134.0,0.1112,232.0,0.1124,334.0,0.1135,465.0
1753600462251,07:14:22.251,bitmex,AEVO/USDT:USDT,0.1117,134.0,0.1112,232.0,0.1124,133.0,0.1125,205.0
1753600462300,07:14:22.300,bitmex,AEVO/USDT:USDT,0.1117,134.0,0.1112,232.0,0.1124,133.0,0.1125,205.0
1753600463594,07:14:23.594,bitmex,AEVO/USDT:USDT,0.1117,134.0,0.1112,232.0,0.1124,133.0,0.1125,205.0
1753600463643,07:14:23.643,bitmex,AEVO/USDT:USDT,0.1117,134.0,0.1112,232.0,0.1124,133.0,0.1125,205.0
1753600464465,07:14:24.465,bitmex,AEVO/USDT:USDT,0.1117,134.0,0.1112,232.0,0.1124,133.0,0.1125,205.0
1753600464514,07:14:24.514,bitmex,AEVO/USDT:USDT,0.1117,134.0,0.1112,232.0,0.1124,133.0,0.1125,205.0
1753600465643,07:14:25.643,bitmex,AEVO/USDT:USDT,0.1117,134.0,0.1112,232.0,0.1124,133.0,0.1125,205.0
1753600465694,07:14:25.694,bitmex,AEVO/USDT:USDT,0.1117,134.0,0.1112,232.0,0.1124,133.0,0.1125,205.0
1753600466837,07:14:26.837,bitmex,AEVO/USDT:USDT,0.1117,134.0,0.1112,232.0,0.1124,133.0,0.1125,205.0
1753600466886,07:14:26.886,bitmex,AEVO/USDT:USDT,0.1117,134.0,0.1112,232.0,0.1124,133.0,0.1125,205.0
1753600468622,07:14:28.622,bitmex,AEVO/USDT:USDT,0.1117,134.0,0.1112,30.0,0.1124,324.0,0.1135,465.0
1753600468671,07:14:28.671,bitmex,AEVO/USDT:USDT,0.1117,134.0,0.1112,30.0,0.1124,324.0,0.1135,465.0
1753600469445,07:14:29.445,bitmex,AEVO/USDT:USDT,0.1117,134.0,0.1112,30.0,0.1124,324.0,0.1135,465.0
1753600469495,07:14:29.495,bitmex,AEVO/USDT:USDT,0.1117,134.0,0.1112,30.0,0.1124,324.0,0.1135,465.0
1753600470671,07:14:30.671,bitmex,AEVO/USDT:USDT,0.1117,134.0,0.1112,30.0,0.1124,324.0,0.1135,465.0
1753600471784,07:14:31.784,bitmex,AEVO/USDT:USDT,0.1117,134.0,0.1112,30.0,0.1124,324.0,0.1135,465.0
1753600471834,07:14:31.834,bitmex,AEVO/USDT:USDT,0.1117,134.0,0.1112,30.0,0.1124,324.0,0.1135,442.0
1753600472901,07:14:32.901,bitmex,AEVO/USDT:USDT,0.1117,134.0,0.1112,30.0,0.1124,324.0,0.1135,442.0
1753600472950,07:14:32.950,bitmex,AEVO/USDT:USDT,0.1117,134.0,0.1112,30.0,0.1124,324.0,0.1135,442.0
1753600474012,07:14:34.012,bitmex,AEVO/USDT:USDT,0.1117,134.0,0.1112,30.0,0.1124,324.0,0.1135,442.0
1753600475356,07:14:35.356,bitmex,AEVO/USDT:USDT,0.1117,134.0,0.1112,30.0,0.1124,324.0,0.1135,442.0
1753600476423,07:14:36.423,bitmex,AEVO/USDT:USDT,0.1117,134.0,0.1112,30.0,0.1124,324.0,0.1135,442.0
1753600476473,07:14:36.473,bitmex,AEVO/USDT:USDT,0.1117,134.0,0.1112,30.0,0.1124,324.0,0.1135,442.0
1753600477772,07:14:37.772,bitmex,AEVO/USDT:USDT,0.1117,134.0,0.1112,30.0,0.1124,324.0,0.1135,442.0
1753600478764,07:14:38.764,bitmex,AEVO/USDT:USDT,0.1117,134.0,0.1112,30.0,0.1124,324.0,0.1135,442.0
1753600478814,07:14:38.814,bitmex,AEVO/USDT:USDT,0.1117,134.0,0.1112,30.0,0.1124,324.0,0.1135,442.0
1753600480001,07:14:40.001,bitmex,AEVO/USDT:USDT,0.1117,134.0,0.1112,30.0,0.1124,324.0,0.1135,442.0
1753600480050,07:14:40.050,bitmex,AEVO/USDT:USDT,0.1117,134.0,0.1112,30.0,0.1124,324.0,0.1135,442.0
1753600481194,07:14:41.194,bitmex,AEVO/USDT:USDT,0.1117,134.0,0.1112,30.0,0.1124,324.0,0.1135,442.0
1753600481243,07:14:41.243,bitmex,AEVO/USDT:USDT,0.1117,134.0,0.1112,30.0,0.1124,324.0,0.1135,442.0
1753600482423,07:14:42.423,bitmex,AEVO/USDT:USDT,0.1117,134.0,0.1112,30.0,0.1124,324.0,0.1135,442.0
1753600482473,07:14:42.473,bitmex,AEVO/USDT:USDT,0.1117,134.0,0.1112,30.0,0.1124,324.0,0.1135,442.0
1753600483428,07:14:43.428,bitmex,AEVO/USDT:USDT,0.1117,134.0,0.1112,30.0,0.1124,324.0,0.1135,442.0
1753600483664,07:14:43.664,bitmex,AEVO/USDT:USDT,0.1117,134.0,0.1112,30.0,0.1124,324.0,0.1135,442.0
1753600484839,07:14:44.839,bitmex,AEVO/USDT:USDT,0.1117,134.0,0.1112,30.0,0.1124,324.0,0.1135,442.0
1753600484888,07:14:44.888,bitmex,AEVO/USDT:USDT,0.1117,134.0,0.1112,30.0,0.1123,193.0,0.1124,133.0
1753600485965,07:14:45.965,bitmex,AEVO/USDT:USDT,0.1117,134.0,0.1112,30.0,0.1123,193.0,0.1124,133.0
1753600486014,07:14:46.014,bitmex,AEVO/USDT:USDT,0.1117,134.0,0.1112,30.0,0.1123,193.0,0.1124,133.0
1753600487224,07:14:47.224,bitmex,AEVO/USDT:USDT,0.1117,134.0,0.1112,30.0,0.1123,193.0,0.1124,133.0
1753600487274,07:14:47.274,bitmex,AEVO/USDT:USDT,0.1117,134.0,0.1112,30.0,0.1123,193.0,0.1124,133.0
1753600488184,07:14:48.184,bitmex,AEVO/USDT:USDT,0.1117,134.0,0.1112,30.0,0.1123,193.0,0.1124,133.0
1753600488234,07:14:48.234,bitmex,AEVO/USDT:USDT,0.1117,134.0,0.1112,30.0,0.1123,193.0,0.1124,133.0
1753600489356,07:14:49.356,bitmex,AEVO/USDT:USDT,0.1117,134.0,0.1112,30.0,0.1123,193.0,0.1124,133.0
1753600489405,07:14:49.405,bitmex,AEVO/USDT:USDT,0.1117,134.0,0.1112,30.0,0.1123,193.0,0.1124,133.0
1753600490515,07:14:50.515,bitmex,AEVO/USDT:USDT,0.1117,134.0,0.1112,30.0,0.1122,200.0,0.1124,133.0
1753600490564,07:14:50.564,bitmex,AEVO/USDT:USDT,0.1117,134.0,0.1112,30.0,0.1122,200.0,0.1124,133.0
1753600490613,07:14:50.613,bitmex,AEVO/USDT:USDT,0.1117,134.0,0.1112,30.0,0.1122,200.0,0.1124,133.0
1753600491837,07:14:51.837,bitmex,AEVO/USDT:USDT,0.1117,134.0,0.1112,30.0,0.1122,200.0,0.1124,133.0
1753600491886,07:14:51.886,bitmex,AEVO/USDT:USDT,0.1117,134.0,0.1112,30.0,0.1122,200.0,0.1124,133.0
1753600493124,07:14:53.124,bitmex,AEVO/USDT:USDT,0.1117,134.0,0.1112,30.0,0.1122,200.0,0.1124,133.0
1753600493983,07:14:53.983,bitmex,AEVO/USDT:USDT,0.1117,134.0,0.1112,30.0,0.1122,200.0,0.1124,133.0
1753600494046,07:14:54.046,bitmex,AEVO/USDT:USDT,0.1117,134.0,0.1112,30.0,0.1122,200.0,0.1124,133.0
1753600495566,07:14:55.566,bitmex,AEVO/USDT:USDT,0.1117,134.0,0.1112,30.0,0.1122,200.0,0.1124,133.0
1753600495616,07:14:55.616,bitmex,AEVO/USDT:USDT,0.1117,134.0,0.1112,30.0,0.1122,200.0,0.1124,133.0
1753600496747,07:14:56.747,bitmex,AEVO/USDT:USDT,0.1117,134.0,0.1112,30.0,0.1122,200.0,0.1124,133.0
1753600496796,07:14:56.796,bitmex,AEVO/USDT:USDT,0.1117,134.0,0.1112,30.0,0.1122,200.0,0.1124,133.0
1753600497655,07:14:57.655,bitmex,AEVO/USDT:USDT,0.1117,134.0,0.1112,30.0,0.1122,200.0,0.1124,133.0
1753600497744,07:14:57.744,bitmex,AEVO/USDT:USDT,0.1117,134.0,0.1112,30.0,0.1122,200.0,0.1124,133.0
1753600498746,07:14:58.746,bitmex,AEVO/USDT:USDT,0.1117,134.0,0.1112,30.0,0.1122,200.0,0.1124,133.0
1753600498795,07:14:58.795,bitmex,AEVO/USDT:USDT,0.1117,134.0,0.1112,30.0,0.1122,200.0,0.1124,133.0
1753600499964,07:14:59.964,bitmex,AEVO/USDT:USDT,0.1117,134.0,0.1112,30.0,0.1122,200.0,0.1124,133.0
1753600500014,07:15:00.014,bitmex,AEVO/USDT:USDT,0.1117,134.0,0.1112,30.0,0.1122,200.0,0.1124,133.0
1753600501082,07:15:01.082,bitmex,AEVO/USDT:USDT,0.1117,134.0,0.1112,30.0,0.1122,200.0,0.1124,133.0
1753600501131,07:15:01.131,bitmex,AEVO/USDT:USDT,0.1117,134.0,0.1112,30.0,0.1122,200.0,0.1124,133.0
1753600502447,07:15:02.447,bitmex,AEVO/USDT:USDT,0.1117,134.0,0.1112,30.0,0.1122,200.0,0.1124,133.0
1753600502497,07:15:02.497,bitmex,AEVO/USDT:USDT,0.1117,134.0,0.1112,30.0,0.1122,200.0,0.1124,133.0
1753600503704,07:15:03.704,bitmex,AEVO/USDT:USDT,0.1117,134.0,0.1112,30.0,0.1122,200.0,0.1124,133.0
1753600503754,07:15:03.754,bitmex,AEVO/USDT:USDT,0.1117,134.0,0.1112,30.0,0.1121,190.0,0.1124,133.0
1753600503803,07:15:03.803,bitmex,AEVO/USDT:USDT,0.1117,134.0,0.1112,30.0,0.1121,190.0,0.1124,133.0
1753600504719,07:15:04.719,bitmex,AEVO/USDT:USDT,0.1117,134.0,0.1112,30.0,0.1121,190.0,0.1124,133.0
1753600504769,07:15:04.769,bitmex,AEVO/USDT:USDT,0.1117,134.0,0.1112,30.0,0.1121,190.0,0.1124,133.0
1753600506696,07:15:06.696,bitmex,AEVO/USDT:USDT,0.1117,134.0,0.1112,30.0,0.1121,190.0,0.1124,133.0
1753600506745,07:15:06.745,bitmex,AEVO/USDT:USDT,0.1117,134.0,0.1112,30.0,0.1121,190.0,0.1124,133.0
1753600507534,07:15:07.534,bitmex,AEVO/USDT:USDT,0.1117,134.0,0.1112,30.0,0.1121,190.0,0.1124,133.0
1753600508663,07:15:08.663,bitmex,AEVO/USDT:USDT,0.1117,134.0,0.1112,30.0,0.1121,190.0,0.1124,133.0
1753600508713,07:15:08.713,bitmex,AEVO/USDT:USDT,0.1117,134.0,0.1112,30.0,0.1121,190.0,0.1124,133.0
1753600509787,07:15:09.787,bitmex,AEVO/USDT:USDT,0.1117,134.0,0.1112,30.0,0.1121,190.0,0.1124,133.0
1753600509836,07:15:09.836,bitmex,AEVO/USDT:USDT,0.1117,134.0,0.1112,30.0,0.1121,190.0,0.1124,133.0
1753600511305,07:15:11.305,bitmex,AEVO/USDT:USDT,0.1117,134.0,0.1112,30.0,0.1121,190.0,0.1124,133.0
1753600511420,07:15:11.420,bitmex,AEVO/USDT:USDT,0.1117,134.0,0.1112,30.0,0.1121,190.0,0.1124,133.0
1753600511489,07:15:11.489,bitmex,AEVO/USDT:USDT,0.1117,134.0,0.1108,204.0,0.1121,190.0,0.1124,133.0
1753600511538,07:15:11.538,bitmex,AEVO/USDT:USDT,0.1117,134.0,0.1109,30.0,0.1121,190.0,0.1124,133.0
1753600512144,07:15:12.144,bitmex,AEVO/USDT:USDT,0.1117,134.0,0.1109,30.0,0.1121,190.0,0.1124,133.0
1753600512193,07:15:12.193,bitmex,AEVO/USDT:USDT,0.1117,134.0,0.1109,30.0,0.112,206.0,0.1124,133.0
1753600512242,07:15:12.242,bitmex,AEVO/USDT:USDT,0.1117,134.0,0.1109,30.0,0.112,206.0,0.1124,133.0
1753600513369,07:15:13.369,bitmex,AEVO/USDT:USDT,0.1117,134.0,0.1109,30.0,0.112,206.0,0.1124,133.0
1753600513418,07:15:13.418,bitmex,AEVO/USDT:USDT,0.1117,134.0,0.1109,30.0,0.112,206.0,0.1124,133.0
1753600514411,07:15:14.411,bitmex,AEVO/USDT:USDT,0.1117,134.0,0.1109,30.0,0.112,206.0,0.1124,133.0
1753600514461,07:15:14.461,bitmex,AEVO/USDT:USDT,0.1117,134.0,0.1109,30.0,0.112,206.0,0.1124,133.0
1753600515621,07:15:15.621,bitmex,AEVO/USDT:USDT,0.1117,134.0,0.1109,30.0,0.112,206.0,0.1124,133.0
1753600515671,07:15:15.671,bitmex,AEVO/USDT:USDT,0.1117,134.0,0.1109,30.0,0.112,206.0,0.1124,133.0
1753600516836,07:15:16.836,bitmex,AEVO/USDT:USDT,0.1117,134.0,0.1109,30.0,0.112,206.0,0.1124,133.0
1753600516886,07:15:16.886,bitmex,AEVO/USDT:USDT,0.1117,134.0,0.1109,30.0,0.112,206.0,0.1124,133.0
1753600517300,07:15:17.300,bitmex,AEVO/USDT:USDT,0.1117,134.0,0.1109,30.0,0.112,206.0,0.1133,449.0
1753600517783,07:15:17.783,bitmex,AEVO/USDT:USDT,0.1117,134.0,0.1109,30.0,0.112,206.0,0.1121,133.0
1753600517927,07:15:17.927,bitmex,AEVO/USDT:USDT,0.1117,134.0,0.1109,30.0,0.112,206.0,0.1121,133.0
1753600518004,07:15:18.004,bitmex,AEVO/USDT:USDT,0.1117,134.0,0.1109,30.0,0.112,206.0,0.1121,133.0
1753600519168,07:15:19.168,bitmex,AEVO/USDT:USDT,0.1117,134.0,0.1109,30.0,0.112,206.0,0.1121,133.0
1753600519218,07:15:19.218,bitmex,AEVO/USDT:USDT,0.1117,134.0,0.1109,30.0,0.112,206.0,0.1121,133.0
1753600520334,07:15:20.334,bitmex,AEVO/USDT:USDT,0.1117,134.0,0.1109,30.0,0.112,206.0,0.1121,133.0
1753600520383,07:15:20.383,bitmex,AEVO/USDT:USDT,0.1117,134.0,0.1109,30.0,0.112,206.0,0.1121,133.0
1753600521405,07:15:21.405,bitmex,AEVO/USDT:USDT,0.1117,134.0,0.1109,30.0,0.112,206.0,0.1121,133.0
1753600521455,07:15:21.455,bitmex,AEVO/USDT:USDT,0.1117,134.0,0.1109,30.0,0.112,206.0,0.1121,133.0
1753600522909,07:15:22.909,bitmex,AEVO/USDT:USDT,0.1117,134.0,0.1109,30.0,0.112,206.0,0.1121,133.0
1753600522958,07:15:22.958,bitmex,AEVO/USDT:USDT,0.1117,134.0,0.1109,30.0,0.112,206.0,0.1121,133.0
1753600523834,07:15:23.834,bitmex,AEVO/USDT:USDT,0.1117,134.0,0.1109,30.0,0.112,206.0,0.1121,133.0
1753600524965,07:15:24.965,bitmex,AEVO/USDT:USDT,0.1117,134.0,0.1109,30.0,0.112,206.0,0.1121,133.0
1753600525015,07:15:25.015,bitmex,AEVO/USDT:USDT,0.1117,134.0,0.1109,30.0,0.112,206.0,0.1121,133.0
1753600526144,07:15:26.144,bitmex,AEVO/USDT:USDT,0.1117,134.0,0.1109,30.0,0.112,206.0,0.1121,133.0
1753600526194,07:15:26.194,bitmex,AEVO/USDT:USDT,0.1117,134.0,0.1109,30.0,0.112,206.0,0.1121,133.0
1753600527432,07:15:27.432,bitmex,AEVO/USDT:USDT,0.1117,134.0,0.1109,30.0,0.112,206.0,0.1121,133.0
1753600527482,07:15:27.482,bitmex,AEVO/USDT:USDT,0.1117,134.0,0.1109,30.0,0.1119,191.0,0.1121,133.0
1753600527531,07:15:27.531,bitmex,AEVO/USDT:USDT,0.1117,134.0,0.1109,30.0,0.1119,191.0,0.1121,133.0
1753600528616,07:15:28.616,bitmex,AEVO/USDT:USDT,0.1117,134.0,0.1109,30.0,0.1119,191.0,0.1121,133.0
1753600528737,07:15:28.737,bitmex,AEVO/USDT:USDT,0.1117,134.0,0.1109,30.0,0.1119,191.0,0.1121,133.0
1753600529623,07:15:29.623,bitmex,AEVO/USDT:USDT,0.1117,134.0,0.1109,30.0,0.1119,191.0,0.1121,133.0
1753600529716,07:15:29.716,bitmex,AEVO/USDT:USDT,0.1117,134.0,0.1109,30.0,0.1119,191.0,0.1121,133.0
1753600531144,07:15:31.144,bitmex,AEVO/USDT:USDT,0.1117,134.0,0.1109,30.0,0.1119,191.0,0.1121,133.0
1753600531204,07:15:31.204,bitmex,AEVO/USDT:USDT,0.1117,134.0,0.1109,30.0,0.1119,191.0,0.1121,133.0
1753600532006,07:15:32.006,bitmex,AEVO/USDT:USDT,0.1117,134.0,0.1109,30.0,0.1119,191.0,0.1121,133.0
1753600532061,07:15:32.061,bitmex,AEVO/USDT:USDT,0.1117,134.0,0.1109,30.0,0.1119,191.0,0.1121,133.0
1753600533717,07:15:33.717,bitmex,AEVO/USDT:USDT,0.1117,134.0,0.1109,30.0,0.1119,191.0,0.1121,133.0
1753600533767,07:15:33.767,bitmex,AEVO/USDT:USDT,0.1117,134.0,0.1109,30.0,0.1119,191.0,0.1121,133.0
1753600534405,07:15:34.405,bitmex,AEVO/USDT:USDT,0.1117,134.0,0.1109,30.0,0.1119,191.0,0.1121,133.0
1753600534454,07:15:34.454,bitmex,AEVO/USDT:USDT,0.1117,134.0,0.1109,30.0,0.1119,191.0,0.1121,133.0
1753600535611,07:15:35.611,bitmex,AEVO/USDT:USDT,0.1117,134.0,0.1109,30.0,0.1119,191.0,0.1121,133.0
1753600535661,07:15:35.661,bitmex,AEVO/USDT:USDT,0.1117,134.0,0.1109,30.0,0.1119,191.0,0.1121,133.0
1753600536787,07:15:36.787,bitmex,AEVO/USDT:USDT,0.1117,134.0,0.1109,30.0,0.1119,191.0,0.1121,133.0
1753600536837,07:15:36.837,bitmex,AEVO/USDT:USDT,0.1117,134.0,0.1109,30.0,0.1119,191.0,0.1121,133.0
1753600537952,07:15:37.952,bitmex,AEVO/USDT:USDT,0.1117,134.0,0.1109,30.0,0.1119,191.0,0.1121,133.0
1753600538002,07:15:38.002,bitmex,AEVO/USDT:USDT,0.1117,134.0,0.1109,30.0,0.1119,191.0,0.1121,133.0
1753600539189,07:15:39.189,bitmex,AEVO/USDT:USDT,0.1117,134.0,0.1109,30.0,0.1119,191.0,0.1121,133.0
1753600539239,07:15:39.239,bitmex,AEVO/USDT:USDT,0.1117,134.0,0.1109,30.0,0.1119,191.0,0.1121,133.0
1753600540295,07:15:40.295,bitmex,AEVO/USDT:USDT,0.1117,134.0,0.1109,30.0,0.1119,191.0,0.1121,133.0
1753600540344,07:15:40.344,bitmex,AEVO/USDT:USDT,0.1117,134.0,0.1109,30.0,0.1119,191.0,0.1121,133.0
1753600541484,07:15:41.484,bitmex,AEVO/USDT:USDT,0.1117,134.0,0.1109,30.0,0.1119,191.0,0.1121,133.0
1753600542692,07:15:42.692,bitmex,AEVO/USDT:USDT,0.1117,134.0,0.1109,30.0,0.1118,196.0,0.1121,133.0
1753600542742,07:15:42.742,bitmex,AEVO/USDT:USDT,0.1117,134.0,0.1109,30.0,0.1118,196.0,0.1121,133.0
1753600543814,07:15:43.814,bitmex,AEVO/USDT:USDT,0.1117,134.0,0.1109,30.0,0.1118,196.0,0.1121,133.0
1753600543863,07:15:43.863,bitmex,AEVO/USDT:USDT,0.1117,134.0,0.1109,30.0,0.1118,196.0,0.1121,133.0
1753600545065,07:15:45.065,bitmex,AEVO/USDT:USDT,0.1117,134.0,0.1109,30.0,0.1118,196.0,0.1121,133.0
1753600545129,07:15:45.129,bitmex,AEVO/USDT:USDT,0.1117,134.0,0.1109,30.0,0.1118,196.0,0.1121,133.0
1753600546333,07:15:46.333,bitmex,AEVO/USDT:USDT,0.1117,134.0,0.1109,30.0,0.1118,196.0,0.1121,133.0
1753600546383,07:15:46.383,bitmex,AEVO/USDT:USDT,0.1117,134.0,0.1109,30.0,0.1118,196.0,0.1121,133.0
1753600547334,07:15:47.334,bitmex,AEVO/USDT:USDT,0.1117,134.0,0.1109,30.0,0.1118,196.0,0.1121,133.0
1753600547384,07:15:47.384,bitmex,AEVO/USDT:USDT,0.1117,134.0,0.1109,30.0,0.1118,196.0,0.1121,133.0
1753600548816,07:15:48.816,bitmex,AEVO/USDT:USDT,0.1117,134.0,0.1109,30.0,0.1118,196.0,0.1121,133.0
1753600548869,07:15:48.869,bitmex,AEVO/USDT:USDT,0.1117,134.0,0.1109,30.0,0.1118,196.0,0.1121,133.0
1753600549899,07:15:49.899,bitmex,AEVO/USDT:USDT,0.1117,134.0,0.1109,30.0,0.1118,196.0,0.1121,133.0
1753600549949,07:15:49.949,bitmex,AEVO/USDT:USDT,0.1117,134.0,0.1109,30.0,0.1118,196.0,0.1121,133.0
1753600551166,07:15:51.166,bitmex,AEVO/USDT:USDT,0.1117,134.0,0.1109,30.0,0.1118,196.0,0.1121,133.0
1753600551215,07:15:51.215,bitmex,AEVO/USDT:USDT,0.1117,134.0,0.1109,30.0,0.1118,196.0,0.1121,133.0
1753600552168,07:15:52.168,bitmex,AEVO/USDT:USDT,0.1117,134.0,0.1109,30.0,0.1118,196.0,0.1121,133.0
1753600552217,07:15:52.217,bitmex,AEVO/USDT:USDT,0.1117,134.0,0.1109,30.0,0.1118,196.0,0.1121,133.0
1753600552475,07:15:52.475,bitmex,AEVO/USDT:USDT,0.1117,134.0,0.1109,30.0,0.1118,196.0,0.1129,476.0
1753600553352,07:15:53.352,bitmex,AEVO/USDT:USDT,0.1117,134.0,0.1109,30.0,0.1118,330.0,0.1129,476.0
1753600553494,07:15:53.494,bitmex,AEVO/USDT:USDT,0.1117,134.0,0.1109,30.0,0.1118,330.0,0.1129,476.0
1753600553543,07:15:53.543,bitmex,AEVO/USDT:USDT,0.1117,134.0,0.1109,30.0,0.1118,134.0,0.1119,204.0
1753600553616,07:15:53.616,bitmex,AEVO/USDT:USDT,0.1117,134.0,0.1109,30.0,0.1118,134.0,0.1119,204.0
1753600554709,07:15:54.709,bitmex,AEVO/USDT:USDT,0.1117,134.0,0.1109,30.0,0.1118,134.0,0.1119,204.0
1753600554759,07:15:54.759,bitmex,AEVO/USDT:USDT,0.1117,134.0,0.1109,30.0,0.1118,134.0,0.1119,204.0
1753600555868,07:15:55.868,bitmex,AEVO/USDT:USDT,0.1117,134.0,0.1109,30.0,0.1118,134.0,0.1119,204.0
1753600557124,07:15:57.124,bitmex,AEVO/USDT:USDT,0.1117,134.0,0.1109,30.0,0.1118,134.0,0.1119,204.0
1753600557174,07:15:57.174,bitmex,AEVO/USDT:USDT,0.1117,134.0,0.1109,30.0,0.1118,134.0,0.112,207.0
1753600557483,07:15:57.483,bitmex,AEVO/USDT:USDT,0.1117,134.0,0.1109,30.0,0.112,207.0,0.1129,476.0
1753600558224,07:15:58.224,bitmex,AEVO/USDT:USDT,0.1117,134.0,0.1109,30.0,0.112,207.0,0.1129,476.0
1753600558274,07:15:58.274,bitmex,AEVO/USDT:USDT,0.1117,134.0,0.1109,30.0,0.112,207.0,0.1129,476.0
1753600559327,07:15:59.327,bitmex,AEVO/USDT:USDT,0.1117,134.0,0.1109,30.0,0.112,207.0,0.1129,476.0
1753600559376,07:15:59.376,bitmex,AEVO/USDT:USDT,0.1117,134.0,0.1109,30.0,0.112,207.0,0.1129,476.0
1753600560563,07:16:00.563,bitmex,AEVO/USDT:USDT,0.1117,134.0,0.1109,30.0,0.112,207.0,0.1129,476.0
1753600561674,07:16:01.674,bitmex,AEVO/USDT:USDT,0.1117,134.0,0.1109,30.0,0.112,207.0,0.1129,476.0
1753600561741,07:16:01.741,bitmex,AEVO/USDT:USDT,0.1117,134.0,0.1109,30.0,0.112,207.0,0.1129,476.0
1753600563103,07:16:03.103,bitmex,AEVO/USDT:USDT,0.1117,134.0,0.1109,30.0,0.112,207.0,0.1129,476.0
1753600563152,07:16:03.152,bitmex,AEVO/USDT:USDT,0.1117,134.0,0.1109,30.0,0.112,207.0,0.1129,476.0
1753600563463,07:16:03.463,bitmex,AEVO/USDT:USDT,0.1117,134.0,0.1109,30.0,0.112,340.0,0.1129,476.0
1753600564025,07:16:04.025,bitmex,AEVO/USDT:USDT,0.1117,134.0,0.1109,30.0,0.112,340.0,0.1129,476.0
1753600564074,07:16:04.074,bitmex,AEVO/USDT:USDT,0.1117,134.0,0.1109,30.0,0.112,340.0,0.1131,459.0
1753600565183,07:16:05.183,bitmex,AEVO/USDT:USDT,0.1117,134.0,0.1109,30.0,0.112,340.0,0.1131,459.0
1753600565232,07:16:05.232,bitmex,AEVO/USDT:USDT,0.1117,134.0,0.1109,30.0,0.112,340.0,0.1131,459.0
1753600566294,07:16:06.294,bitmex,AEVO/USDT:USDT,0.1117,134.0,0.1109,30.0,0.112,340.0,0.1131,459.0
1753600566344,07:16:06.344,bitmex,AEVO/USDT:USDT,0.1117,134.0,0.1109,30.0,0.112,340.0,0.1131,459.0
1753600568008,07:16:08.008,bitmex,AEVO/USDT:USDT,0.1117,134.0,0.1109,30.0,0.112,340.0,0.1131,459.0
1753600568824,07:16:08.824,bitmex,AEVO/USDT:USDT,0.1117,134.0,0.1109,30.0,0.112,340.0,0.1131,459.0
1753600568874,07:16:08.874,bitmex,AEVO/USDT:USDT,0.1117,134.0,0.1109,30.0,0.112,340.0,0.1131,459.0
1753600570106,07:16:10.106,bitmex,AEVO/USDT:USDT,0.1117,134.0,0.1109,30.0,0.112,340.0,0.1131,459.0
1753600570156,07:16:10.156,bitmex,AEVO/USDT:USDT,0.1117,134.0,0.1109,30.0,0.112,340.0,0.1131,459.0
1753600571225,07:16:11.225,bitmex,AEVO/USDT:USDT,0.1117,134.0,0.1109,30.0,0.112,340.0,0.1131,459.0
1753600571275,07:16:11.275,bitmex,AEVO/USDT:USDT,0.1117,134.0,0.1109,30.0,0.112,340.0,0.1131,459.0
1753600572451,07:16:12.451,bitmex,AEVO/USDT:USDT,0.1117,134.0,0.1109,30.0,0.112,340.0,0.1131,459.0
1753600572501,07:16:12.501,bitmex,AEVO/USDT:USDT,0.1117,134.0,0.1109,30.0,0.112,340.0,0.1131,459.0
1753600573569,07:16:13.569,bitmex,AEVO/USDT:USDT,0.1117,134.0,0.1109,30.0,0.112,340.0,0.1131,459.0
1753600573618,07:16:13.618,bitmex,AEVO/USDT:USDT,0.1117,134.0,0.1109,30.0,0.112,340.0,0.1131,459.0
1753600574864,07:16:14.864,bitmex,AEVO/USDT:USDT,0.1117,134.0,0.1109,30.0,0.112,340.0,0.1131,459.0
1753600574913,07:16:14.913,bitmex,AEVO/USDT:USDT,0.1117,134.0,0.1109,30.0,0.112,340.0,0.1131,459.0
1753600575912,07:16:15.912,bitmex,AEVO/USDT:USDT,0.1117,134.0,0.1109,30.0,0.112,340.0,0.1131,459.0
1753600577095,07:16:17.095,bitmex,AEVO/USDT:USDT,0.1117,134.0,0.1109,30.0,0.112,340.0,0.1131,459.0
1753600577145,07:16:17.145,bitmex,AEVO/USDT:USDT,0.1117,134.0,0.1109,30.0,0.112,340.0,0.1131,459.0
