timestamp,time,exchange,symbol,bid1_price,bid1_volume,bid2_price,bid2_volume,ask1_price,ask1_volume,ask2_price,ask2_volume
1753599993335,07:06:33.335,bitmex,A/USDT:USDT,0.466,5500.0,0.4643,800.0,0.6992,5200.0,0.7029,10800.0
1753599994095,07:06:34.095,bitmex,A/USDT:USDT,0.466,5500.0,0.4643,800.0,0.6992,5200.0,0.7029,10800.0
1753599994145,07:06:34.145,bitmex,A/USDT:USDT,0.466,5500.0,0.4643,800.0,0.6992,5200.0,0.7029,10800.0
1753599996055,07:06:36.055,bitmex,A/USDT:USDT,0.466,5500.0,0.4643,800.0,0.6992,5200.0,0.7029,10800.0
1753599996105,07:06:36.105,bitmex,A/USDT:USDT,0.466,5500.0,0.4643,800.0,0.6992,5200.0,0.7029,10800.0
1753599998375,07:06:38.375,bitmex,A/USDT:USDT,0.466,5500.0,0.4643,800.0,0.6992,5200.0,0.7029,10800.0
1753599998425,07:06:38.425,bitmex,A/USDT:USDT,0.466,5500.0,0.4643,800.0,0.6992,5200.0,0.7029,10800.0
1753599999955,07:06:39.955,bitmex,A/USDT:USDT,0.466,5500.0,0.4643,800.0,0.6992,5200.0,0.7029,10800.0
1753600000005,07:06:40.005,bitmex,A/USDT:USDT,0.466,5500.0,0.4643,800.0,0.6992,5200.0,0.7029,10800.0
1753600002117,07:06:42.117,bitmex,A/USDT:USDT,0.466,5500.0,0.4643,800.0,0.6992,5200.0,0.7029,10800.0
1753600002167,07:06:42.167,bitmex,A/USDT:USDT,0.466,5500.0,0.4643,800.0,0.699,5200.0,0.7029,10800.0
1753600002216,07:06:42.216,bitmex,A/USDT:USDT,0.4659,5600.0,0.4643,800.0,0.699,5200.0,0.7029,10800.0
1753600004175,07:06:44.175,bitmex,A/USDT:USDT,0.4659,5600.0,0.4643,800.0,0.699,5500.0,0.7029,10800.0
1753600004225,07:06:44.225,bitmex,A/USDT:USDT,0.4659,5200.0,0.4643,800.0,0.699,5500.0,0.7029,10800.0
1753600004274,07:06:44.274,bitmex,A/USDT:USDT,0.4659,5200.0,0.4643,800.0,0.699,5500.0,0.7029,10800.0
1753600005843,07:06:45.843,bitmex,A/USDT:USDT,0.4659,5200.0,0.4643,800.0,0.699,5500.0,0.7029,10800.0
1753600005926,07:06:45.926,bitmex,A/USDT:USDT,0.4659,5200.0,0.4643,800.0,0.699,5500.0,0.7029,10800.0
1753600007999,07:06:47.999,bitmex,A/USDT:USDT,0.4659,5200.0,0.4643,800.0,0.6985,5300.0,0.7029,10800.0
1753600008049,07:06:48.049,bitmex,A/USDT:USDT,0.4656,5400.0,0.4643,800.0,0.6985,5300.0,0.7029,10800.0
1753600008098,07:06:48.098,bitmex,A/USDT:USDT,0.4656,5400.0,0.4643,800.0,0.6985,5300.0,0.7029,10800.0
1753600010126,07:06:50.126,bitmex,A/USDT:USDT,0.4656,5200.0,0.4643,800.0,0.6985,5300.0,0.7029,10800.0
1753600010175,07:06:50.175,bitmex,A/USDT:USDT,0.4656,5200.0,0.4643,800.0,0.6985,5300.0,0.7029,10800.0
1753600010224,07:06:50.224,bitmex,A/USDT:USDT,0.4656,5200.0,0.4643,800.0,0.6985,5600.0,0.702,10900.0
1753600011734,07:06:51.734,bitmex,A/USDT:USDT,0.4656,5300.0,0.4643,800.0,0.6985,5600.0,0.702,10900.0
1753600011784,07:06:51.784,bitmex,A/USDT:USDT,0.4656,5300.0,0.4643,800.0,0.6985,5200.0,0.702,10900.0
1753600013714,07:06:53.714,bitmex,A/USDT:USDT,0.4653,5600.0,0.4643,800.0,0.6985,5200.0,0.702,10900.0
1753600013784,07:06:53.784,bitmex,A/USDT:USDT,0.4653,5600.0,0.4643,800.0,0.6981,5500.0,0.702,10900.0
1753600013833,07:06:53.833,bitmex,A/USDT:USDT,0.4653,5600.0,0.4643,800.0,0.6981,5500.0,0.702,10900.0
1753600015917,07:06:55.917,bitmex,A/USDT:USDT,0.4653,5600.0,0.4643,800.0,0.6981,5500.0,0.702,10900.0
1753600015966,07:06:55.966,bitmex,A/USDT:USDT,0.4653,5600.0,0.4643,800.0,0.6981,5500.0,0.702,10900.0
1753600017655,07:06:57.655,bitmex,A/USDT:USDT,0.4653,5400.0,0.4643,800.0,0.6981,5500.0,0.702,10900.0
1753600017705,07:06:57.705,bitmex,A/USDT:USDT,0.4653,5400.0,0.4643,800.0,0.6981,5200.0,0.702,10900.0
1753600017754,07:06:57.754,bitmex,A/USDT:USDT,0.4653,5400.0,0.4643,800.0,0.6981,5200.0,0.702,10900.0
1753600019614,07:06:59.614,bitmex,A/USDT:USDT,0.4653,5200.0,0.4643,800.0,0.6981,5200.0,0.702,10900.0
1753600019664,07:06:59.664,bitmex,A/USDT:USDT,0.4653,5200.0,0.4643,800.0,0.6981,5400.0,0.702,10900.0
1753600021791,07:07:01.791,bitmex,A/USDT:USDT,0.4653,5200.0,0.4643,800.0,0.6981,5400.0,0.702,10900.0
1753600021840,07:07:01.840,bitmex,A/USDT:USDT,0.4653,5200.0,0.4643,800.0,0.6981,5400.0,0.702,10900.0
1753600023383,07:07:03.383,bitmex,A/USDT:USDT,0.4653,5200.0,0.4643,800.0,0.6981,5400.0,0.702,10900.0
1753600023433,07:07:03.433,bitmex,A/USDT:USDT,0.4653,5200.0,0.4643,800.0,0.6981,5400.0,0.702,10900.0
1753600025398,07:07:05.398,bitmex,A/USDT:USDT,0.4653,5200.0,0.4643,800.0,0.6981,5400.0,0.702,10900.0
1753600025447,07:07:05.447,bitmex,A/USDT:USDT,0.4653,5200.0,0.4643,800.0,0.6981,5400.0,0.702,10900.0
1753600027597,07:07:07.597,bitmex,A/USDT:USDT,0.4653,5200.0,0.4643,800.0,0.6981,5400.0,0.702,10900.0
1753600027646,07:07:07.646,bitmex,A/USDT:USDT,0.4653,5200.0,0.4643,800.0,0.6981,5400.0,0.702,10900.0
1753600029247,07:07:09.247,bitmex,A/USDT:USDT,0.4653,5200.0,0.4643,800.0,0.6981,5400.0,0.702,10900.0
1753600029297,07:07:09.297,bitmex,A/USDT:USDT,0.4653,5200.0,0.4643,800.0,0.6981,5400.0,0.702,10900.0
1753600031306,07:07:11.306,bitmex,A/USDT:USDT,0.4653,5200.0,0.4643,800.0,0.6981,5400.0,0.702,10900.0
1753600031355,07:07:11.355,bitmex,A/USDT:USDT,0.4653,5200.0,0.4643,800.0,0.6981,5400.0,0.702,10900.0
1753600033435,07:07:13.435,bitmex,A/USDT:USDT,0.4653,5200.0,0.4643,800.0,0.6981,5400.0,0.702,10900.0
1753600035226,07:07:15.226,bitmex,A/USDT:USDT,0.4651,5600.0,0.4643,800.0,0.6981,5400.0,0.7016,10500.0
1753600035275,07:07:15.275,bitmex,A/USDT:USDT,0.4651,5600.0,0.4643,800.0,0.6981,5400.0,0.7016,10500.0
1753600035324,07:07:15.324,bitmex,A/USDT:USDT,0.4651,5600.0,0.4643,800.0,0.6978,5600.0,0.7016,10500.0
1753600037099,07:07:17.099,bitmex,A/USDT:USDT,0.4651,5600.0,0.4643,800.0,0.6977,5600.0,0.7016,10500.0
1753600037161,07:07:17.161,bitmex,A/USDT:USDT,0.4651,5600.0,0.4643,800.0,0.6977,5600.0,0.7016,10500.0
1753600037211,07:07:17.211,bitmex,A/USDT:USDT,0.4651,5600.0,0.4643,800.0,0.6977,5600.0,0.7016,10500.0
1753600039355,07:07:19.355,bitmex,A/USDT:USDT,0.4651,5600.0,0.4643,800.0,0.6977,5600.0,0.7016,10500.0
1753600039405,07:07:19.405,bitmex,A/USDT:USDT,0.4651,5600.0,0.4643,800.0,0.6977,5500.0,0.7016,10500.0
1753600039454,07:07:19.454,bitmex,A/USDT:USDT,0.4651,5600.0,0.4643,800.0,0.6977,5500.0,0.7016,10500.0
1753600040957,07:07:20.957,bitmex,A/USDT:USDT,0.4651,5400.0,0.4643,800.0,0.6977,5500.0,0.7016,10500.0
1753600041006,07:07:21.006,bitmex,A/USDT:USDT,0.4651,5400.0,0.4643,800.0,0.6977,5200.0,0.7016,10500.0
1753600042915,07:07:22.915,bitmex,A/USDT:USDT,0.4651,5400.0,0.4643,800.0,0.6977,5300.0,0.7016,10500.0
1753600042964,07:07:22.964,bitmex,A/USDT:USDT,0.4651,5200.0,0.4643,800.0,0.6977,5300.0,0.7016,10500.0
1753600045264,07:07:25.264,bitmex,A/USDT:USDT,0.465,5500.0,0.4643,800.0,0.6977,5300.0,0.7016,10500.0
1753600045313,07:07:25.313,bitmex,A/USDT:USDT,0.465,5500.0,0.4643,800.0,0.6977,5200.0,0.7016,10500.0
1753600045362,07:07:25.362,bitmex,A/USDT:USDT,0.465,5500.0,0.4643,800.0,0.6977,5200.0,0.7016,10500.0
1753600045411,07:07:25.411,bitmex,A/USDT:USDT,0.465,5500.0,0.4643,800.0,0.6977,5200.0,0.7016,10500.0
1753600046906,07:07:26.906,bitmex,A/USDT:USDT,0.465,5500.0,0.4643,800.0,0.6977,5600.0,0.7016,10500.0
1753600046955,07:07:26.955,bitmex,A/USDT:USDT,0.465,5500.0,0.4643,800.0,0.6977,5600.0,0.7016,10500.0
1753600047004,07:07:27.004,bitmex,A/USDT:USDT,0.465,5200.0,0.4643,800.0,0.6977,5600.0,0.7016,10500.0
1753600048836,07:07:28.836,bitmex,A/USDT:USDT,0.465,5200.0,0.4643,800.0,0.6977,5600.0,0.7016,10500.0
1753600048896,07:07:28.896,bitmex,A/USDT:USDT,0.465,5200.0,0.4643,800.0,0.6977,5600.0,0.7016,10500.0
1753600051166,07:07:31.166,bitmex,A/USDT:USDT,0.465,5600.0,0.4643,800.0,0.6977,5600.0,0.7016,10500.0
1753600051215,07:07:31.215,bitmex,A/USDT:USDT,0.465,5600.0,0.4643,800.0,0.6977,5600.0,0.7016,10500.0
1753600051264,07:07:31.264,bitmex,A/USDT:USDT,0.465,5600.0,0.4643,800.0,0.6977,5600.0,0.7016,10500.0
1753600052744,07:07:32.744,bitmex,A/USDT:USDT,0.465,5600.0,0.4643,800.0,0.6977,5600.0,0.7016,10500.0
1753600052793,07:07:32.793,bitmex,A/USDT:USDT,0.465,5600.0,0.4643,800.0,0.6977,5600.0,0.7016,10500.0
1753600054693,07:07:34.693,bitmex,A/USDT:USDT,0.4651,5500.0,0.4643,800.0,0.6977,5600.0,0.7016,10500.0
1753600054743,07:07:34.743,bitmex,A/USDT:USDT,0.4651,5500.0,0.4643,800.0,0.6977,5200.0,0.7016,10500.0
1753600054792,07:07:34.792,bitmex,A/USDT:USDT,0.4651,5500.0,0.4643,800.0,0.6977,5200.0,0.7016,10500.0
1753600054841,07:07:34.841,bitmex,A/USDT:USDT,0.4651,5500.0,0.4643,800.0,0.6977,5200.0,0.7016,10500.0
1753600056969,07:07:36.969,bitmex,A/USDT:USDT,0.4651,5400.0,0.4643,800.0,0.6977,5200.0,0.7016,10500.0
1753600057019,07:07:37.019,bitmex,A/USDT:USDT,0.4651,5400.0,0.4643,800.0,0.6977,5300.0,0.7012,10600.0
1753600058674,07:07:38.674,bitmex,A/USDT:USDT,0.465,5200.0,0.4643,800.0,0.6977,5300.0,0.7012,10600.0
1753600058723,07:07:38.723,bitmex,A/USDT:USDT,0.465,5200.0,0.4643,800.0,0.6977,5300.0,0.7012,10600.0
1753600060604,07:07:40.604,bitmex,A/USDT:USDT,0.465,5200.0,0.4643,800.0,0.6976,5200.0,0.7012,10600.0
1753600060653,07:07:40.653,bitmex,A/USDT:USDT,0.465,5200.0,0.4643,800.0,0.6976,5200.0,0.7012,10600.0
1753600062572,07:07:42.572,bitmex,A/USDT:USDT,0.465,5200.0,0.4643,800.0,0.6976,5300.0,0.7012,10600.0
1753600062622,07:07:42.622,bitmex,A/USDT:USDT,0.465,5600.0,0.4643,800.0,0.6976,5300.0,0.7012,10600.0
1753600062671,07:07:42.671,bitmex,A/USDT:USDT,0.465,5600.0,0.4643,800.0,0.6976,5300.0,0.7012,10600.0
1753600064528,07:07:44.528,bitmex,A/USDT:USDT,0.465,5600.0,0.4643,800.0,0.6976,5300.0,0.7012,10600.0
1753600064578,07:07:44.578,bitmex,A/USDT:USDT,0.465,5600.0,0.4643,800.0,0.6976,5300.0,0.7012,10600.0
1753600066608,07:07:46.608,bitmex,A/USDT:USDT,0.465,5600.0,0.4643,800.0,0.6976,5300.0,0.7012,10600.0
1753600068565,07:07:48.565,bitmex,A/USDT:USDT,0.465,5600.0,0.4643,800.0,0.6976,5300.0,0.7012,10600.0
1753600068614,07:07:48.614,bitmex,A/USDT:USDT,0.465,5600.0,0.4643,800.0,0.6976,5300.0,0.7012,10600.0
1753600070505,07:07:50.505,bitmex,A/USDT:USDT,0.465,5600.0,0.4643,800.0,0.6976,5300.0,0.7012,10600.0
1753600070554,07:07:50.554,bitmex,A/USDT:USDT,0.465,5600.0,0.4643,800.0,0.6976,5300.0,0.7012,10600.0
1753600072475,07:07:52.475,bitmex,A/USDT:USDT,0.465,5600.0,0.4643,800.0,0.6976,5300.0,0.7012,10600.0
1753600072524,07:07:52.524,bitmex,A/USDT:USDT,0.465,5600.0,0.4643,800.0,0.6976,5300.0,0.7012,10600.0
1753600074398,07:07:54.398,bitmex,A/USDT:USDT,0.465,5600.0,0.4643,800.0,0.6976,5300.0,0.7012,10600.0
1753600074447,07:07:54.447,bitmex,A/USDT:USDT,0.465,5600.0,0.4643,800.0,0.6976,5300.0,0.7012,10600.0
1753600076415,07:07:56.415,bitmex,A/USDT:USDT,0.465,5600.0,0.4643,800.0,0.6976,5300.0,0.7012,10600.0
1753600076464,07:07:56.464,bitmex,A/USDT:USDT,0.465,5600.0,0.4643,800.0,0.6976,5300.0,0.7012,10600.0
1753600078365,07:07:58.365,bitmex,A/USDT:USDT,0.465,5600.0,0.4643,800.0,0.6977,5500.0,0.7012,10600.0
1753600078414,07:07:58.414,bitmex,A/USDT:USDT,0.4651,5500.0,0.4643,800.0,0.6977,5500.0,0.7012,10600.0
1753600078463,07:07:58.463,bitmex,A/USDT:USDT,0.4651,5500.0,0.4643,800.0,0.6977,5500.0,0.7012,10600.0
1753600080270,07:08:00.270,bitmex,A/USDT:USDT,0.4651,5500.0,0.4643,800.0,0.6977,5500.0,0.7012,10600.0
1753600082363,07:08:02.363,bitmex,A/USDT:USDT,0.465,5500.0,0.4643,800.0,0.6977,5500.0,0.7012,10600.0
1753600082427,07:08:02.427,bitmex,A/USDT:USDT,0.465,5500.0,0.4643,800.0,0.6977,5600.0,0.7012,10600.0
1753600082477,07:08:02.477,bitmex,A/USDT:USDT,0.465,5500.0,0.4643,800.0,0.6977,5600.0,0.7012,10600.0
1753600084345,07:08:04.345,bitmex,A/USDT:USDT,0.465,5500.0,0.4643,800.0,0.6977,5600.0,0.7012,10600.0
1753600084394,07:08:04.394,bitmex,A/USDT:USDT,0.465,5500.0,0.4643,800.0,0.6974,5400.0,0.7012,10600.0
1753600084443,07:08:04.443,bitmex,A/USDT:USDT,0.4649,5600.0,0.4643,800.0,0.6974,5400.0,0.7012,10600.0
1753600086175,07:08:06.175,bitmex,A/USDT:USDT,0.4649,5600.0,0.4643,800.0,0.6974,5400.0,0.7012,10600.0
1753600086225,07:08:06.225,bitmex,A/USDT:USDT,0.4649,5600.0,0.4643,800.0,0.6974,5400.0,0.7012,10600.0
1753600088155,07:08:08.155,bitmex,A/USDT:USDT,0.4649,5600.0,0.4643,800.0,0.6974,5400.0,0.7012,10600.0
1753600088204,07:08:08.204,bitmex,A/USDT:USDT,0.4649,5600.0,0.4643,800.0,0.6974,5400.0,0.7012,10600.0
1753600090374,07:08:10.374,bitmex,A/USDT:USDT,0.4649,5600.0,0.4643,800.0,0.6969,5200.0,0.7012,10600.0
1753600090424,07:08:10.424,bitmex,A/USDT:USDT,0.4645,5500.0,0.4643,800.0,0.6969,5200.0,0.7012,10600.0
1753600090934,07:08:10.934,bitmex,A/USDT:USDT,0.4645,5500.0,0.4627,10300.0,0.6969,5200.0,0.7012,10600.0
1753600090983,07:08:10.983,bitmex,A/USDT:USDT,0.4645,5500.0,0.4628,800.0,0.6969,5200.0,0.7012,10600.0
1753600092082,07:08:12.082,bitmex,A/USDT:USDT,0.4645,5500.0,0.4628,800.0,0.6967,5200.0,0.7012,10600.0
1753600092131,07:08:12.131,bitmex,A/USDT:USDT,0.4644,5300.0,0.4628,800.0,0.6967,5200.0,0.7012,10600.0
1753600094314,07:08:14.314,bitmex,A/USDT:USDT,0.4644,5300.0,0.4628,800.0,0.6967,5200.0,0.7012,10600.0
1753600094363,07:08:14.363,bitmex,A/USDT:USDT,0.4642,5400.0,0.4628,800.0,0.6964,5500.0,0.7012,10600.0
1753600096121,07:08:16.121,bitmex,A/USDT:USDT,0.4641,5300.0,0.4628,800.0,0.6964,5500.0,0.7012,10600.0
1753600096171,07:08:16.171,bitmex,A/USDT:USDT,0.4641,5300.0,0.4628,800.0,0.6963,5600.0,0.7012,10600.0
1753600096220,07:08:16.220,bitmex,A/USDT:USDT,0.4641,5300.0,0.4628,800.0,0.6963,5600.0,0.7012,10600.0
1753600097826,07:08:17.826,bitmex,A/USDT:USDT,0.4641,5300.0,0.4628,800.0,0.6963,5600.0,0.7012,10600.0
1753600097876,07:08:17.876,bitmex,A/USDT:USDT,0.4641,5300.0,0.4628,800.0,0.6963,5200.0,0.7012,10600.0
1753600100094,07:08:20.094,bitmex,A/USDT:USDT,0.4641,5500.0,0.4628,800.0,0.6963,5200.0,0.7012,10600.0
1753600100144,07:08:20.144,bitmex,A/USDT:USDT,0.4641,5500.0,0.4628,800.0,0.6963,5600.0,0.7012,10600.0
1753600100193,07:08:20.193,bitmex,A/USDT:USDT,0.4641,5500.0,0.4628,800.0,0.6963,5600.0,0.7012,10600.0
1753600101964,07:08:21.964,bitmex,A/USDT:USDT,0.4641,5500.0,0.4628,800.0,0.6959,5300.0,0.7012,10600.0
1753600102013,07:08:22.013,bitmex,A/USDT:USDT,0.4639,5300.0,0.4628,800.0,0.6959,5300.0,0.7012,10600.0
1753600102062,07:08:22.062,bitmex,A/USDT:USDT,0.4639,5300.0,0.4628,800.0,0.6959,5300.0,0.7012,10600.0
1753600103933,07:08:23.933,bitmex,A/USDT:USDT,0.4639,5300.0,0.4628,800.0,0.6958,5400.0,0.7012,10600.0
1753600103983,07:08:23.983,bitmex,A/USDT:USDT,0.4638,5300.0,0.4628,800.0,0.6958,5400.0,0.6993,10900.0
1753600105822,07:08:25.822,bitmex,A/USDT:USDT,0.4638,5200.0,0.4628,800.0,0.6958,5400.0,0.6993,10900.0
1753600105871,07:08:25.871,bitmex,A/USDT:USDT,0.4638,5200.0,0.4628,800.0,0.6958,5500.0,0.6993,10900.0
1753600108066,07:08:28.066,bitmex,A/USDT:USDT,0.4638,5200.0,0.4628,800.0,0.6958,5500.0,0.6993,10900.0
1753600109724,07:08:29.724,bitmex,A/USDT:USDT,0.4638,5400.0,0.4628,800.0,0.6958,5500.0,0.6993,10900.0
1753600109774,07:08:29.774,bitmex,A/USDT:USDT,0.4638,5400.0,0.4628,800.0,0.6958,5500.0,0.6993,10900.0
1753600111685,07:08:31.685,bitmex,A/USDT:USDT,0.4638,5400.0,0.4628,800.0,0.6958,5500.0,0.6993,10900.0
1753600111734,07:08:31.734,bitmex,A/USDT:USDT,0.4638,5400.0,0.4628,800.0,0.6958,5500.0,0.6993,10900.0
1753600113827,07:08:33.827,bitmex,A/USDT:USDT,0.4638,5400.0,0.4628,800.0,0.6958,5500.0,0.6993,10900.0
1753600113884,07:08:33.884,bitmex,A/USDT:USDT,0.4638,5400.0,0.4628,800.0,0.6958,5500.0,0.6993,10900.0
1753600115590,07:08:35.590,bitmex,A/USDT:USDT,0.4637,5200.0,0.4628,800.0,0.6958,5500.0,0.6993,10900.0
1753600115639,07:08:35.639,bitmex,A/USDT:USDT,0.4637,5200.0,0.4628,800.0,0.6957,5500.0,0.6993,10900.0
1753600115688,07:08:35.688,bitmex,A/USDT:USDT,0.4637,5200.0,0.4628,800.0,0.6957,5500.0,0.6993,10900.0
1753600117586,07:08:37.586,bitmex,A/USDT:USDT,0.4637,5200.0,0.4628,800.0,0.6957,5500.0,0.6993,10900.0
1753600117635,07:08:37.635,bitmex,A/USDT:USDT,0.4637,5200.0,0.4628,800.0,0.6957,5500.0,0.6993,10900.0
1753600119734,07:08:39.734,bitmex,A/USDT:USDT,0.4633,5600.0,0.4628,800.0,0.6957,5500.0,0.6993,10900.0
1753600119794,07:08:39.794,bitmex,A/USDT:USDT,0.4633,5600.0,0.4628,800.0,0.6957,5500.0,0.6993,10900.0
1753600119843,07:08:39.843,bitmex,A/USDT:USDT,0.4633,5600.0,0.4628,800.0,0.6951,5200.0,0.6993,10900.0
1753600122103,07:08:42.103,bitmex,A/USDT:USDT,0.4633,5500.0,0.4628,800.0,0.6951,5200.0,0.6993,10900.0
1753600122152,07:08:42.152,bitmex,A/USDT:USDT,0.4633,5500.0,0.4628,800.0,0.6951,5200.0,0.6993,10900.0
1753600122202,07:08:42.202,bitmex,A/USDT:USDT,0.4633,5500.0,0.4628,800.0,0.695,5200.0,0.6993,10900.0
1753600123910,07:08:43.910,bitmex,A/USDT:USDT,0.4633,5300.0,0.4628,800.0,0.695,5200.0,0.6993,10900.0
1753600123960,07:08:43.960,bitmex,A/USDT:USDT,0.4633,5300.0,0.4628,800.0,0.695,5300.0,0.6993,10900.0
1753600124009,07:08:44.009,bitmex,A/USDT:USDT,0.4633,5300.0,0.4628,800.0,0.695,5300.0,0.6993,10900.0
1753600125926,07:08:45.926,bitmex,A/USDT:USDT,0.4632,5500.0,0.4628,800.0,0.695,5300.0,0.6993,10900.0
1753600125976,07:08:45.976,bitmex,A/USDT:USDT,0.4632,5500.0,0.4628,800.0,0.695,5300.0,0.6993,10900.0
1753600126025,07:08:46.025,bitmex,A/USDT:USDT,0.4632,5500.0,0.4628,800.0,0.6949,5600.0,0.6993,10900.0
1753600127816,07:08:47.816,bitmex,A/USDT:USDT,0.4632,5500.0,0.4628,800.0,0.6949,5600.0,0.6984,10200.0
1753600127865,07:08:47.865,bitmex,A/USDT:USDT,0.4632,5400.0,0.4628,800.0,0.6949,5600.0,0.6984,10200.0
1753600130078,07:08:50.078,bitmex,A/USDT:USDT,0.4632,5400.0,0.4628,800.0,0.6949,5600.0,0.6984,10200.0
1753600130155,07:08:50.155,bitmex,A/USDT:USDT,0.4632,5400.0,0.4628,800.0,0.6949,5600.0,0.6984,10200.0
1753600131728,07:08:51.728,bitmex,A/USDT:USDT,0.4632,5400.0,0.4628,800.0,0.6949,5600.0,0.6984,10200.0
1753600131777,07:08:51.777,bitmex,A/USDT:USDT,0.4632,5400.0,0.4628,800.0,0.6949,5600.0,0.6984,10200.0
1753600133673,07:08:53.673,bitmex,A/USDT:USDT,0.4636,5300.0,0.4628,800.0,0.6949,5600.0,0.6984,10200.0
1753600133725,07:08:53.725,bitmex,A/USDT:USDT,0.4636,5300.0,0.4628,800.0,0.6955,5600.0,0.6984,10200.0
1753600133775,07:08:53.775,bitmex,A/USDT:USDT,0.4636,5300.0,0.4628,800.0,0.6955,5600.0,0.6984,10200.0
1753600135835,07:08:55.835,bitmex,A/USDT:USDT,0.4636,5300.0,0.4628,800.0,0.6954,5600.0,0.6984,10200.0
1753600135884,07:08:55.884,bitmex,A/USDT:USDT,0.4635,5200.0,0.4628,800.0,0.6954,5600.0,0.6984,10200.0
1753600137598,07:08:57.598,bitmex,A/USDT:USDT,0.4635,5200.0,0.4628,800.0,0.6954,5600.0,0.6984,10200.0
1753600137647,07:08:57.647,bitmex,A/USDT:USDT,0.4635,5200.0,0.4628,800.0,0.6954,5600.0,0.6984,10200.0
1753600139633,07:08:59.633,bitmex,A/USDT:USDT,0.4635,5200.0,0.4628,800.0,0.6954,5600.0,0.6984,10200.0
1753600139683,07:08:59.683,bitmex,A/USDT:USDT,0.4635,5200.0,0.4628,800.0,0.6954,5600.0,0.6984,10200.0
1753600142104,07:09:02.104,bitmex,A/USDT:USDT,0.4635,5200.0,0.4628,800.0,0.6954,5600.0,0.6984,10200.0
1753600142163,07:09:02.163,bitmex,A/USDT:USDT,0.4635,5200.0,0.4628,800.0,0.6954,5600.0,0.6984,10200.0
1753600143564,07:09:03.564,bitmex,A/USDT:USDT,0.4635,5200.0,0.4628,800.0,0.6954,5600.0,0.6984,10200.0
1753600143633,07:09:03.633,bitmex,A/USDT:USDT,0.4635,5200.0,0.4628,800.0,0.6954,5600.0,0.6984,10200.0
1753600145409,07:09:05.409,bitmex,A/USDT:USDT,0.4635,5200.0,0.4628,800.0,0.6954,5600.0,0.6984,10200.0
1753600145465,07:09:05.465,bitmex,A/USDT:USDT,0.4635,5200.0,0.4628,800.0,0.6954,5600.0,0.6984,10200.0
1753600147757,07:09:07.757,bitmex,A/USDT:USDT,0.4635,5200.0,0.4628,800.0,0.6954,5600.0,0.6984,10200.0
1753600147807,07:09:07.807,bitmex,A/USDT:USDT,0.4634,5200.0,0.4628,800.0,0.6953,5500.0,0.6984,10200.0
1753600147856,07:09:07.856,bitmex,A/USDT:USDT,0.4634,5200.0,0.4628,800.0,0.6953,5500.0,0.6984,10200.0
1753600149344,07:09:09.344,bitmex,A/USDT:USDT,0.4635,5400.0,0.4628,800.0,0.6953,5500.0,0.6984,10200.0
1753600149394,07:09:09.394,bitmex,A/USDT:USDT,0.4635,5400.0,0.4628,800.0,0.6953,5500.0,0.6984,10200.0
1753600151267,07:09:11.267,bitmex,A/USDT:USDT,0.4635,5400.0,0.4628,800.0,0.6953,5500.0,0.6984,10200.0
1753600151316,07:09:11.316,bitmex,A/USDT:USDT,0.4635,5600.0,0.4628,800.0,0.6953,5500.0,0.6984,10200.0
1753600151365,07:09:11.365,bitmex,A/USDT:USDT,0.4635,5600.0,0.4628,800.0,0.6953,5500.0,0.6988,10600.0
1753600153686,07:09:13.686,bitmex,A/USDT:USDT,0.4635,5600.0,0.4628,800.0,0.6953,5500.0,0.6988,10600.0
1753600153736,07:09:13.736,bitmex,A/USDT:USDT,0.4634,5400.0,0.4628,800.0,0.6953,5500.0,0.6988,10600.0
1753600155164,07:09:15.164,bitmex,A/USDT:USDT,0.4634,5300.0,0.4628,800.0,0.6953,5500.0,0.6988,10600.0
1753600155213,07:09:15.213,bitmex,A/USDT:USDT,0.4634,5300.0,0.4628,800.0,0.6952,5300.0,0.6988,10600.0
1753600157124,07:09:17.124,bitmex,A/USDT:USDT,0.4633,5400.0,0.4628,800.0,0.6952,5300.0,0.6988,10600.0
1753600157174,07:09:17.174,bitmex,A/USDT:USDT,0.4633,5400.0,0.4628,800.0,0.6951,5400.0,0.6988,10600.0
1753600157223,07:09:17.223,bitmex,A/USDT:USDT,0.4633,5400.0,0.4628,800.0,0.6951,5400.0,0.6988,10600.0
1753600159645,07:09:19.645,bitmex,A/USDT:USDT,0.4633,5500.0,0.4628,800.0,0.6951,5400.0,0.6988,10600.0
1753600159708,07:09:19.708,bitmex,A/USDT:USDT,0.4633,5500.0,0.4628,800.0,0.6951,5400.0,0.6988,10600.0
1753600159757,07:09:19.757,bitmex,A/USDT:USDT,0.4633,5500.0,0.4628,800.0,0.695,5500.0,0.6988,10600.0
1753600161414,07:09:21.414,bitmex,A/USDT:USDT,0.4633,5500.0,0.4628,800.0,0.695,5500.0,0.6988,10600.0
1753600161463,07:09:21.463,bitmex,A/USDT:USDT,0.4633,5500.0,0.4628,800.0,0.695,5500.0,0.6988,10600.0
1753600163374,07:09:23.374,bitmex,A/USDT:USDT,0.4633,5500.0,0.4628,800.0,0.695,5500.0,0.6988,10600.0
1753600163424,07:09:23.424,bitmex,A/USDT:USDT,0.4632,5200.0,0.4628,800.0,0.695,5500.0,0.6988,10600.0
1753600163473,07:09:23.473,bitmex,A/USDT:USDT,0.4632,5200.0,0.4628,800.0,0.695,5600.0,0.6988,10600.0
1753600165318,07:09:25.318,bitmex,A/USDT:USDT,0.4632,5200.0,0.4628,800.0,0.6949,5500.0,0.6988,10600.0
1753600165367,07:09:25.367,bitmex,A/USDT:USDT,0.4632,5200.0,0.4628,800.0,0.6949,5500.0,0.6988,10600.0
1753600165416,07:09:25.416,bitmex,A/USDT:USDT,0.4632,5200.0,0.4628,800.0,0.6949,5500.0,0.6988,10600.0
1753600167318,07:09:27.318,bitmex,A/USDT:USDT,0.4632,5400.0,0.4628,800.0,0.6949,5500.0,0.6988,10600.0
1753600167368,07:09:27.368,bitmex,A/USDT:USDT,0.4632,5400.0,0.4628,800.0,0.6949,5600.0,0.6988,10600.0
1753600167417,07:09:27.417,bitmex,A/USDT:USDT,0.4632,5400.0,0.4628,800.0,0.6949,5600.0,0.6988,10600.0
1753600169605,07:09:29.605,bitmex,A/USDT:USDT,0.4632,5400.0,0.4628,800.0,0.6949,5600.0,0.6988,10600.0
1753600169655,07:09:29.655,bitmex,A/USDT:USDT,0.4632,5400.0,0.4628,800.0,0.6949,5600.0,0.6988,10600.0
1753600171556,07:09:31.556,bitmex,A/USDT:USDT,0.4632,5400.0,0.4628,800.0,0.6949,5600.0,0.6988,10600.0
1753600171615,07:09:31.615,bitmex,A/USDT:USDT,0.4632,5500.0,0.4628,800.0,0.6949,5600.0,0.6988,10600.0
1753600171665,07:09:31.665,bitmex,A/USDT:USDT,0.4632,5500.0,0.4628,800.0,0.695,5500.0,0.6988,10600.0
1753600173363,07:09:33.363,bitmex,A/USDT:USDT,0.4632,5500.0,0.4628,800.0,0.695,5500.0,0.6988,10600.0
1753600173412,07:09:33.412,bitmex,A/USDT:USDT,0.4632,5500.0,0.4628,800.0,0.6949,5300.0,0.6988,10600.0
1753600175315,07:09:35.315,bitmex,A/USDT:USDT,0.4632,5500.0,0.4628,800.0,0.6949,5300.0,0.6988,10600.0
1753600175365,07:09:35.365,bitmex,A/USDT:USDT,0.4632,5200.0,0.4628,800.0,0.6949,5300.0,0.6988,10600.0
1753600175414,07:09:35.414,bitmex,A/USDT:USDT,0.4632,5200.0,0.4628,800.0,0.6949,5300.0,0.6984,10400.0
1753600177371,07:09:37.371,bitmex,A/USDT:USDT,0.4632,5200.0,0.4628,800.0,0.6949,5600.0,0.6984,10400.0
1753600177421,07:09:37.421,bitmex,A/USDT:USDT,0.4632,5600.0,0.4628,800.0,0.6949,5600.0,0.6984,10400.0
1753600177470,07:09:37.470,bitmex,A/USDT:USDT,0.4632,5600.0,0.4628,800.0,0.6949,5600.0,0.6984,10400.0
1753600177543,07:09:37.543,bitmex,A/USDT:USDT,0.4632,5600.0,0.4628,800.0,0.6949,5600.0,0.6984,10400.0
1753600179230,07:09:39.230,bitmex,A/USDT:USDT,0.4632,5600.0,0.4628,800.0,0.6949,5200.0,0.6984,10400.0
1753600179279,07:09:39.279,bitmex,A/USDT:USDT,0.4632,5500.0,0.4628,800.0,0.6949,5200.0,0.6984,10400.0
1753600179328,07:09:39.328,bitmex,A/USDT:USDT,0.4632,5500.0,0.4628,800.0,0.6949,5200.0,0.6984,10400.0
1753600181178,07:09:41.178,bitmex,A/USDT:USDT,0.4632,5500.0,0.4628,800.0,0.6954,5300.0,0.6984,10400.0
1753600181228,07:09:41.228,bitmex,A/USDT:USDT,0.4635,5500.0,0.4628,800.0,0.6954,5300.0,0.6984,10400.0
1753600183335,07:09:43.335,bitmex,A/USDT:USDT,0.4635,5500.0,0.4628,800.0,0.6954,5300.0,0.6984,10400.0
1753600183384,07:09:43.384,bitmex,A/USDT:USDT,0.4635,5500.0,0.4628,800.0,0.6954,5300.0,0.6984,10400.0
1753600185086,07:09:45.086,bitmex,A/USDT:USDT,0.4635,5500.0,0.4628,800.0,0.6956,5600.0,0.6984,10400.0
1753600185135,07:09:45.135,bitmex,A/USDT:USDT,0.4636,5400.0,0.4628,800.0,0.6956,5600.0,0.6984,10400.0
1753600185184,07:09:45.184,bitmex,A/USDT:USDT,0.4636,5400.0,0.4628,800.0,0.6956,5600.0,0.6984,10400.0
1753600187033,07:09:47.033,bitmex,A/USDT:USDT,0.4636,5400.0,0.4628,800.0,0.6956,5600.0,0.6984,10400.0
1753600187083,07:09:47.083,bitmex,A/USDT:USDT,0.4636,5400.0,0.4628,800.0,0.6956,5600.0,0.6984,10400.0
1753600188984,07:09:48.984,bitmex,A/USDT:USDT,0.4636,5400.0,0.4628,800.0,0.6956,5600.0,0.6984,10400.0
1753600189033,07:09:49.033,bitmex,A/USDT:USDT,0.4636,5400.0,0.4628,800.0,0.6956,5600.0,0.6984,10400.0
1753600191035,07:09:51.035,bitmex,A/USDT:USDT,0.4636,5400.0,0.4628,800.0,0.6956,5600.0,0.6984,10400.0
1753600191116,07:09:51.116,bitmex,A/USDT:USDT,0.4636,5400.0,0.4628,800.0,0.6956,5600.0,0.6984,10400.0
1753600192892,07:09:52.892,bitmex,A/USDT:USDT,0.4636,5400.0,0.4628,800.0,0.6956,5600.0,0.6984,10400.0
1753600192941,07:09:52.941,bitmex,A/USDT:USDT,0.4636,5200.0,0.4628,800.0,0.6956,5300.0,0.6984,10400.0
1753600194844,07:09:54.844,bitmex,A/USDT:USDT,0.4637,5500.0,0.4628,800.0,0.6956,5300.0,0.6984,10400.0
1753600194893,07:09:54.893,bitmex,A/USDT:USDT,0.4637,5500.0,0.4628,800.0,0.6956,5300.0,0.6984,10400.0
1753600196876,07:09:56.876,bitmex,A/USDT:USDT,0.4636,5300.0,0.4628,800.0,0.6956,5300.0,0.6984,10400.0
1753600196965,07:09:56.965,bitmex,A/USDT:USDT,0.4636,5300.0,0.4628,800.0,0.6956,5300.0,0.6984,10400.0
1753600197014,07:09:57.014,bitmex,A/USDT:USDT,0.4636,5300.0,0.4628,800.0,0.6956,5300.0,0.6984,10400.0
1753600198750,07:09:58.750,bitmex,A/USDT:USDT,0.4636,5300.0,0.4628,800.0,0.6956,5300.0,0.6984,10400.0
1753600198799,07:09:58.799,bitmex,A/USDT:USDT,0.4636,5300.0,0.4628,800.0,0.6956,5300.0,0.6991,10000.0
1753600200715,07:10:00.715,bitmex,A/USDT:USDT,0.4636,5400.0,0.4628,800.0,0.6956,5300.0,0.6991,10000.0
1753600200764,07:10:00.764,bitmex,A/USDT:USDT,0.4636,5400.0,0.4628,800.0,0.6956,5600.0,0.6991,10000.0
1753600200813,07:10:00.813,bitmex,A/USDT:USDT,0.4636,5400.0,0.4628,800.0,0.6956,5600.0,0.6991,10000.0
1753600202697,07:10:02.697,bitmex,A/USDT:USDT,0.4636,5400.0,0.4628,800.0,0.6956,5600.0,0.6991,10000.0
1753600202746,07:10:02.746,bitmex,A/USDT:USDT,0.4636,5400.0,0.4628,800.0,0.6956,5600.0,0.6991,10000.0
1753600204671,07:10:04.671,bitmex,A/USDT:USDT,0.4636,5400.0,0.4628,800.0,0.6956,5600.0,0.6991,10000.0
1753600204721,07:10:04.721,bitmex,A/USDT:USDT,0.4636,5400.0,0.4628,800.0,0.6956,5600.0,0.6991,10000.0
1753600206565,07:10:06.565,bitmex,A/USDT:USDT,0.4636,5400.0,0.4628,800.0,0.6956,5600.0,0.6991,10000.0
1753600206615,07:10:06.615,bitmex,A/USDT:USDT,0.4636,5400.0,0.4628,800.0,0.6956,5600.0,0.6991,10000.0
1753600208613,07:10:08.613,bitmex,A/USDT:USDT,0.4636,5400.0,0.4628,800.0,0.6956,5600.0,0.6991,10000.0
1753600208663,07:10:08.663,bitmex,A/USDT:USDT,0.4636,5400.0,0.4628,800.0,0.6956,5600.0,0.6991,10000.0
1753600210471,07:10:10.471,bitmex,A/USDT:USDT,0.4636,5400.0,0.4628,800.0,0.6956,5600.0,0.6991,10000.0
1753600210521,07:10:10.521,bitmex,A/USDT:USDT,0.4636,5400.0,0.4628,800.0,0.6956,5600.0,0.6991,10000.0
1753600213088,07:10:13.088,bitmex,A/USDT:USDT,0.4636,5400.0,0.4628,800.0,0.6956,5600.0,0.6991,10000.0
1753600213137,07:10:13.137,bitmex,A/USDT:USDT,0.4636,5400.0,0.4628,800.0,0.6956,5600.0,0.6991,10000.0
1753600214973,07:10:14.973,bitmex,A/USDT:USDT,0.4636,5200.0,0.4628,800.0,0.6955,5500.0,0.6991,10000.0
1753600216873,07:10:16.873,bitmex,A/USDT:USDT,0.4636,5500.0,0.4628,800.0,0.6955,5500.0,0.6991,10000.0
1753600216922,07:10:16.922,bitmex,A/USDT:USDT,0.4636,5500.0,0.4628,800.0,0.6955,5500.0,0.6991,10000.0
1753600216971,07:10:16.971,bitmex,A/USDT:USDT,0.4636,5500.0,0.4628,800.0,0.6955,5500.0,0.6991,10000.0
1753600218824,07:10:18.824,bitmex,A/USDT:USDT,0.4636,5500.0,0.4628,800.0,0.6955,5500.0,0.6991,10000.0
1753600218874,07:10:18.874,bitmex,A/USDT:USDT,0.4636,5500.0,0.4628,800.0,0.6955,5500.0,0.6991,10000.0
1753600220785,07:10:20.785,bitmex,A/USDT:USDT,0.4636,5500.0,0.4628,800.0,0.6955,5500.0,0.6991,10000.0
1753600220834,07:10:20.834,bitmex,A/USDT:USDT,0.4636,5500.0,0.4628,800.0,0.6955,5500.0,0.6991,10000.0
1753600222784,07:10:22.784,bitmex,A/USDT:USDT,0.4636,5500.0,0.4628,800.0,0.6955,5500.0,0.699,10900.0
1753600222833,07:10:22.833,bitmex,A/USDT:USDT,0.4636,5500.0,0.4628,800.0,0.6955,5500.0,0.699,10900.0
1753600225165,07:10:25.165,bitmex,A/USDT:USDT,0.4636,5500.0,0.4628,800.0,0.6955,5500.0,0.699,10900.0
1753600225215,07:10:25.215,bitmex,A/USDT:USDT,0.4636,5500.0,0.4628,800.0,0.6955,5500.0,0.699,10900.0
1753600226919,07:10:26.919,bitmex,A/USDT:USDT,0.4636,5400.0,0.4628,800.0,0.6955,5500.0,0.699,10900.0
1753600226968,07:10:26.968,bitmex,A/USDT:USDT,0.4636,5400.0,0.4628,800.0,0.6955,5500.0,0.699,10900.0
1753600227017,07:10:27.017,bitmex,A/USDT:USDT,0.4636,5400.0,0.4628,800.0,0.6955,5500.0,0.699,10900.0
1753600229002,07:10:29.002,bitmex,A/USDT:USDT,0.4636,5400.0,0.4628,800.0,0.6955,5500.0,0.699,10900.0
1753600229052,07:10:29.052,bitmex,A/USDT:USDT,0.4636,5300.0,0.4628,800.0,0.6955,5400.0,0.699,10900.0
1753600229101,07:10:29.101,bitmex,A/USDT:USDT,0.4636,5300.0,0.4628,800.0,0.6955,5400.0,0.699,10900.0
1753600230857,07:10:30.857,bitmex,A/USDT:USDT,0.4636,5200.0,0.4628,800.0,0.6955,5400.0,0.699,10900.0
1753600230906,07:10:30.906,bitmex,A/USDT:USDT,0.4636,5200.0,0.4628,800.0,0.6955,5400.0,0.699,10900.0
1753600230958,07:10:30.958,bitmex,A/USDT:USDT,0.4636,5200.0,0.4628,800.0,0.6955,5300.0,0.699,10900.0
1753600232935,07:10:32.935,bitmex,A/USDT:USDT,0.4636,5500.0,0.4628,800.0,0.6955,5300.0,0.699,10900.0
1753600232985,07:10:32.985,bitmex,A/USDT:USDT,0.4636,5500.0,0.4628,800.0,0.6955,5200.0,0.699,10900.0
1753600233034,07:10:33.034,bitmex,A/USDT:USDT,0.4636,5500.0,0.4628,800.0,0.6955,5200.0,0.699,10900.0
1753600234805,07:10:34.805,bitmex,A/USDT:USDT,0.4636,5500.0,0.4628,800.0,0.6955,5200.0,0.699,10900.0
1753600234854,07:10:34.854,bitmex,A/USDT:USDT,0.4636,5500.0,0.4628,800.0,0.6955,5200.0,0.699,10900.0
1753600236696,07:10:36.696,bitmex,A/USDT:USDT,0.4636,5400.0,0.4628,800.0,0.6955,5200.0,0.699,10900.0
1753600236745,07:10:36.745,bitmex,A/USDT:USDT,0.4636,5400.0,0.4628,800.0,0.6955,5600.0,0.699,10900.0
1753600238635,07:10:38.635,bitmex,A/USDT:USDT,0.4636,5400.0,0.4628,800.0,0.6955,5600.0,0.699,10900.0
1753600238684,07:10:38.684,bitmex,A/USDT:USDT,0.4636,5400.0,0.4628,800.0,0.6955,5200.0,0.699,10900.0
1753600240894,07:10:40.894,bitmex,A/USDT:USDT,0.4636,5600.0,0.4628,800.0,0.6955,5200.0,0.699,10900.0
1753600240943,07:10:40.943,bitmex,A/USDT:USDT,0.4636,5600.0,0.4628,800.0,0.6955,5300.0,0.699,10900.0
1753600242604,07:10:42.604,bitmex,A/USDT:USDT,0.4636,5600.0,0.4628,800.0,0.6955,5300.0,0.699,10900.0
1753600242654,07:10:42.654,bitmex,A/USDT:USDT,0.4636,5400.0,0.4628,800.0,0.6955,5200.0,0.699,10900.0
1753600244502,07:10:44.502,bitmex,A/USDT:USDT,0.4636,5400.0,0.4628,800.0,0.6955,5300.0,0.699,10900.0
1753600244551,07:10:44.551,bitmex,A/USDT:USDT,0.4636,5500.0,0.4628,800.0,0.6955,5300.0,0.699,10900.0
1753600244600,07:10:44.600,bitmex,A/USDT:USDT,0.4636,5500.0,0.4628,800.0,0.6955,5300.0,0.699,10900.0
1753600245674,07:10:45.674,bitmex,A/USDT:USDT,0.4636,6300.0,0.4628,800.0,0.6955,5300.0,0.699,10900.0
1753600245724,07:10:45.724,bitmex,A/USDT:USDT,0.4636,6300.0,0.4613,9900.0,0.6955,5300.0,0.699,10900.0
1753600246122,07:10:46.122,bitmex,A/USDT:USDT,0.4636,6300.0,0.4614,800.0,0.6955,5300.0,0.699,10900.0
1753600246172,07:10:46.172,bitmex,A/USDT:USDT,0.4636,5500.0,0.4614,800.0,0.6955,5300.0,0.699,10900.0
1753600246775,07:10:46.775,bitmex,A/USDT:USDT,0.4643,5300.0,0.4614,800.0,0.6955,5300.0,0.699,10900.0
1753600246844,07:10:46.844,bitmex,A/USDT:USDT,0.4643,5300.0,0.4614,800.0,0.6955,5300.0,0.699,10900.0
1753600246893,07:10:46.893,bitmex,A/USDT:USDT,0.4643,5300.0,0.4614,800.0,0.6965,5500.0,0.7,10200.0
1753600248402,07:10:48.402,bitmex,A/USDT:USDT,0.4641,5500.0,0.4614,800.0,0.6965,5500.0,0.7,10200.0
1753600248452,07:10:48.452,bitmex,A/USDT:USDT,0.4641,5500.0,0.4614,800.0,0.6963,5500.0,0.7,10200.0
1753600248501,07:10:48.501,bitmex,A/USDT:USDT,0.4641,5500.0,0.4614,800.0,0.6963,5500.0,0.7,10200.0
1753600250368,07:10:50.368,bitmex,A/USDT:USDT,0.4641,5500.0,0.4614,800.0,0.6963,5500.0,0.7,10200.0
1753600250418,07:10:50.418,bitmex,A/USDT:USDT,0.4641,5500.0,0.4614,800.0,0.6963,5500.0,0.7,10200.0
1753600252526,07:10:52.526,bitmex,A/USDT:USDT,0.4653,5600.0,0.4614,800.0,0.6963,5500.0,0.7,10200.0
1753600252576,07:10:52.576,bitmex,A/USDT:USDT,0.4653,5600.0,0.4614,800.0,0.6981,5400.0,0.7,10200.0
1753600254305,07:10:54.305,bitmex,A/USDT:USDT,0.4653,5600.0,0.4614,800.0,0.6979,5400.0,0.7,10200.0
1753600254354,07:10:54.354,bitmex,A/USDT:USDT,0.4652,5200.0,0.4614,800.0,0.6979,5400.0,0.7,10200.0
1753600256219,07:10:56.219,bitmex,A/USDT:USDT,0.4652,5200.0,0.4614,800.0,0.6979,5400.0,0.7,10200.0
1753600256269,07:10:56.269,bitmex,A/USDT:USDT,0.4652,5200.0,0.4614,800.0,0.6979,5400.0,0.7,10200.0
1753600258504,07:10:58.504,bitmex,A/USDT:USDT,0.4652,5200.0,0.4629,10000.0,0.6979,5400.0,0.7,10200.0
1753600258553,07:10:58.553,bitmex,A/USDT:USDT,0.4652,5200.0,0.4629,10000.0,0.6979,5400.0,0.7,10200.0
1753600259199,07:10:59.199,bitmex,A/USDT:USDT,0.4652,5200.0,0.4629,10000.0,0.6979,5400.0,0.7,10200.0
1753600259250,07:10:59.250,bitmex,A/USDT:USDT,0.4652,5200.0,0.463,800.0,0.6979,5400.0,0.7,10200.0
1753600260123,07:11:00.123,bitmex,A/USDT:USDT,0.4658,5500.0,0.463,800.0,0.6979,5400.0,0.7,10200.0
1753600260173,07:11:00.173,bitmex,A/USDT:USDT,0.4658,5500.0,0.463,800.0,0.6988,5400.0,0.7,10200.0
1753600260222,07:11:00.222,bitmex,A/USDT:USDT,0.4658,5500.0,0.463,800.0,0.6988,5400.0,0.7,10200.0
1753600262153,07:11:02.153,bitmex,A/USDT:USDT,0.4658,5500.0,0.463,800.0,0.6988,5400.0,0.7,10200.0
1753600262203,07:11:02.203,bitmex,A/USDT:USDT,0.4657,5300.0,0.463,800.0,0.6986,5200.0,0.7,10200.0
1753600264304,07:11:04.304,bitmex,A/USDT:USDT,0.4657,5300.0,0.463,800.0,0.6986,5200.0,0.7,10200.0
1753600264354,07:11:04.354,bitmex,A/USDT:USDT,0.4657,5300.0,0.463,800.0,0.6986,5200.0,0.7,10200.0
1753600265980,07:11:05.980,bitmex,A/USDT:USDT,0.4654,5600.0,0.463,800.0,0.6986,5200.0,0.7,10200.0
1753600266030,07:11:06.030,bitmex,A/USDT:USDT,0.4654,5600.0,0.463,800.0,0.6983,5200.0,0.7,10200.0
1753600266079,07:11:06.079,bitmex,A/USDT:USDT,0.4654,5600.0,0.463,800.0,0.6983,5200.0,0.7,10200.0
1753600267948,07:11:07.948,bitmex,A/USDT:USDT,0.4654,5300.0,0.463,800.0,0.6983,5200.0,0.7,10200.0
1753600267998,07:11:07.998,bitmex,A/USDT:USDT,0.4654,5300.0,0.463,800.0,0.6983,5200.0,0.7,10200.0
1753600270157,07:11:10.157,bitmex,A/USDT:USDT,0.4654,5300.0,0.463,800.0,0.6983,5200.0,0.7,10200.0
1753600270206,07:11:10.206,bitmex,A/USDT:USDT,0.4654,5300.0,0.463,800.0,0.6983,5500.0,0.7,10200.0
1753600270255,07:11:10.255,bitmex,A/USDT:USDT,0.4654,5300.0,0.463,800.0,0.6983,5500.0,0.7018,10300.0
1753600271876,07:11:11.876,bitmex,A/USDT:USDT,0.4651,5200.0,0.463,800.0,0.6983,5500.0,0.7018,10300.0
1753600271925,07:11:11.925,bitmex,A/USDT:USDT,0.4651,5200.0,0.463,800.0,0.6978,5400.0,0.7018,10300.0
1753600273805,07:11:13.805,bitmex,A/USDT:USDT,0.4652,5600.0,0.463,800.0,0.6978,5400.0,0.7018,10300.0
1753600273864,07:11:13.864,bitmex,A/USDT:USDT,0.4652,5600.0,0.463,800.0,0.6979,5400.0,0.7018,10300.0
1753600273913,07:11:13.913,bitmex,A/USDT:USDT,0.4652,5600.0,0.463,800.0,0.6979,5400.0,0.7018,10300.0
1753600276036,07:11:16.036,bitmex,A/USDT:USDT,0.4652,5600.0,0.463,800.0,0.6979,5400.0,0.7018,10300.0
1753600276086,07:11:16.086,bitmex,A/USDT:USDT,0.4652,5600.0,0.463,800.0,0.6979,5400.0,0.7018,10300.0
1753600277696,07:11:17.696,bitmex,A/USDT:USDT,0.4652,5500.0,0.463,800.0,0.6979,5400.0,0.7018,10300.0
1753600277745,07:11:17.745,bitmex,A/USDT:USDT,0.4652,5500.0,0.463,800.0,0.6979,5200.0,0.7018,10300.0
1753600277794,07:11:17.794,bitmex,A/USDT:USDT,0.4652,5500.0,0.463,800.0,0.6979,5200.0,0.7018,10300.0
1753600280052,07:11:20.052,bitmex,A/USDT:USDT,0.4652,5200.0,0.463,800.0,0.6979,5600.0,0.7018,10300.0
1753600281614,07:11:21.614,bitmex,A/USDT:USDT,0.4652,5200.0,0.463,800.0,0.6979,5600.0,0.7018,10300.0
1753600281684,07:11:21.684,bitmex,A/USDT:USDT,0.4652,5200.0,0.463,800.0,0.6979,5600.0,0.7018,10300.0
1753600283585,07:11:23.585,bitmex,A/USDT:USDT,0.4647,5200.0,0.463,800.0,0.6979,5600.0,0.7018,10300.0
1753600283634,07:11:23.634,bitmex,A/USDT:USDT,0.4647,5200.0,0.463,800.0,0.6979,5600.0,0.7018,10300.0
1753600283683,07:11:23.683,bitmex,A/USDT:USDT,0.4647,5200.0,0.463,800.0,0.6972,5200.0,0.7018,10300.0
1753600285802,07:11:25.802,bitmex,A/USDT:USDT,0.4647,5200.0,0.463,800.0,0.6972,5200.0,0.7018,10300.0
1753600285851,07:11:25.851,bitmex,A/USDT:USDT,0.4644,5300.0,0.463,800.0,0.6967,5200.0,0.7018,10300.0
1753600285900,07:11:25.900,bitmex,A/USDT:USDT,0.4644,5300.0,0.463,800.0,0.6967,5200.0,0.7018,10300.0
1753600287462,07:11:27.462,bitmex,A/USDT:USDT,0.4644,5300.0,0.463,800.0,0.6968,5500.0,0.7018,10300.0
1753600287511,07:11:27.511,bitmex,A/USDT:USDT,0.4645,5500.0,0.463,800.0,0.6968,5500.0,0.7018,10300.0
1753600287560,07:11:27.560,bitmex,A/USDT:USDT,0.4645,5500.0,0.463,800.0,0.6968,5500.0,0.7018,10300.0
1753600289557,07:11:29.557,bitmex,A/USDT:USDT,0.4645,5500.0,0.463,800.0,0.6968,5200.0,0.7018,10300.0
1753600289607,07:11:29.607,bitmex,A/USDT:USDT,0.4645,5200.0,0.463,800.0,0.6968,5200.0,0.7018,10300.0
1753600289656,07:11:29.656,bitmex,A/USDT:USDT,0.4645,5200.0,0.463,800.0,0.6968,5200.0,0.7018,10300.0
1753600291365,07:11:31.365,bitmex,A/USDT:USDT,0.4645,5200.0,0.463,800.0,0.6968,5500.0,0.7018,10300.0
1753600291414,07:11:31.414,bitmex,A/USDT:USDT,0.4645,5200.0,0.463,800.0,0.6968,5500.0,0.7018,10300.0
1753600291463,07:11:31.463,bitmex,A/USDT:USDT,0.4645,5200.0,0.463,800.0,0.6968,5500.0,0.7018,10300.0
1753600293324,07:11:33.324,bitmex,A/USDT:USDT,0.4645,5200.0,0.463,800.0,0.6968,5500.0,0.7003,11000.0
1753600293373,07:11:33.373,bitmex,A/USDT:USDT,0.4645,5200.0,0.463,800.0,0.6968,5500.0,0.7003,11000.0
1753600295285,07:11:35.285,bitmex,A/USDT:USDT,0.4644,5600.0,0.463,800.0,0.6968,5500.0,0.7003,11000.0
1753600295335,07:11:35.335,bitmex,A/USDT:USDT,0.4644,5600.0,0.463,800.0,0.6968,5500.0,0.7003,11000.0
1753600295384,07:11:35.384,bitmex,A/USDT:USDT,0.4644,5600.0,0.463,800.0,0.6967,5300.0,0.7003,11000.0
1753600297274,07:11:37.274,bitmex,A/USDT:USDT,0.4643,5500.0,0.463,800.0,0.6967,5300.0,0.7003,11000.0
1753600297323,07:11:37.323,bitmex,A/USDT:USDT,0.4643,5500.0,0.463,800.0,0.6965,5500.0,0.7003,11000.0
1753600299185,07:11:39.185,bitmex,A/USDT:USDT,0.4642,5200.0,0.463,800.0,0.6965,5500.0,0.7003,11000.0
1753600299234,07:11:39.234,bitmex,A/USDT:USDT,0.4642,5200.0,0.463,800.0,0.6965,5500.0,0.7003,11000.0
1753600299283,07:11:39.283,bitmex,A/USDT:USDT,0.4642,5200.0,0.463,800.0,0.6965,5200.0,0.7003,11000.0
1753600301230,07:11:41.230,bitmex,A/USDT:USDT,0.4642,5200.0,0.463,800.0,0.6965,5200.0,0.7003,11000.0
1753600301288,07:11:41.288,bitmex,A/USDT:USDT,0.4642,5200.0,0.463,800.0,0.6965,5200.0,0.7003,11000.0
1753600303084,07:11:43.084,bitmex,A/USDT:USDT,0.4642,5200.0,0.463,800.0,0.6965,5200.0,0.7003,11000.0
1753600303134,07:11:43.134,bitmex,A/USDT:USDT,0.4642,5200.0,0.463,800.0,0.6965,5200.0,0.7003,11000.0
1753600305033,07:11:45.033,bitmex,A/USDT:USDT,0.4642,5200.0,0.463,800.0,0.6962,5300.0,0.7003,11000.0
1753600305083,07:11:45.083,bitmex,A/USDT:USDT,0.464,5600.0,0.463,800.0,0.6962,5300.0,0.7003,11000.0
1753600307124,07:11:47.124,bitmex,A/USDT:USDT,0.464,5400.0,0.463,800.0,0.6962,5300.0,0.7003,11000.0
1753600307173,07:11:47.173,bitmex,A/USDT:USDT,0.464,5400.0,0.463,800.0,0.6962,5300.0,0.7003,11000.0
1753600307222,07:11:47.222,bitmex,A/USDT:USDT,0.464,5400.0,0.463,800.0,0.6961,5500.0,0.7003,11000.0
1753600308945,07:11:48.945,bitmex,A/USDT:USDT,0.4639,5500.0,0.463,800.0,0.6961,5500.0,0.7003,11000.0
1753600308994,07:11:48.994,bitmex,A/USDT:USDT,0.4639,5500.0,0.463,800.0,0.6961,5500.0,0.7003,11000.0
1753600309043,07:11:49.043,bitmex,A/USDT:USDT,0.4639,5500.0,0.463,800.0,0.696,5200.0,0.7003,11000.0
1753600310893,07:11:50.893,bitmex,A/USDT:USDT,0.4639,5500.0,0.463,800.0,0.6959,5400.0,0.7003,11000.0
1753600310943,07:11:50.943,bitmex,A/USDT:USDT,0.4639,5300.0,0.463,800.0,0.6959,5400.0,0.7003,11000.0
1753600313056,07:11:53.056,bitmex,A/USDT:USDT,0.4639,5500.0,0.463,800.0,0.6959,5400.0,0.7003,11000.0
1753600313105,07:11:53.105,bitmex,A/USDT:USDT,0.4639,5500.0,0.463,800.0,0.696,5500.0,0.7003,11000.0
1753600313154,07:11:53.154,bitmex,A/USDT:USDT,0.4639,5500.0,0.463,800.0,0.696,5500.0,0.7003,11000.0
1753600314804,07:11:54.804,bitmex,A/USDT:USDT,0.4639,5500.0,0.463,800.0,0.696,5500.0,0.7003,11000.0
1753600314854,07:11:54.854,bitmex,A/USDT:USDT,0.4639,5500.0,0.463,800.0,0.696,5500.0,0.7003,11000.0
1753600316757,07:11:56.757,bitmex,A/USDT:USDT,0.4639,5500.0,0.463,800.0,0.6959,5300.0,0.7003,11000.0
1753600316807,07:11:56.807,bitmex,A/USDT:USDT,0.4639,5500.0,0.463,800.0,0.6959,5300.0,0.6994,10000.0
1753600318934,07:11:58.934,bitmex,A/USDT:USDT,0.4639,5500.0,0.463,800.0,0.6959,5300.0,0.6994,10000.0
1753600318985,07:11:58.985,bitmex,A/USDT:USDT,0.4638,5200.0,0.463,800.0,0.6959,5300.0,0.6994,10000.0
1753600319035,07:11:59.035,bitmex,A/USDT:USDT,0.4638,5200.0,0.463,800.0,0.6959,5300.0,0.6994,10000.0
1753600320663,07:12:00.663,bitmex,A/USDT:USDT,0.4638,5200.0,0.463,800.0,0.6959,5400.0,0.6994,10000.0
1753600320712,07:12:00.712,bitmex,A/USDT:USDT,0.4639,5600.0,0.463,800.0,0.6959,5400.0,0.6994,10000.0
1753600320761,07:12:00.761,bitmex,A/USDT:USDT,0.4639,5600.0,0.463,800.0,0.6959,5400.0,0.6994,10000.0
1753600322612,07:12:02.612,bitmex,A/USDT:USDT,0.4639,5600.0,0.463,800.0,0.6959,5400.0,0.6994,10000.0
1753600322662,07:12:02.662,bitmex,A/USDT:USDT,0.464,5300.0,0.463,800.0,0.6961,5300.0,0.6994,10000.0
1753600324735,07:12:04.735,bitmex,A/USDT:USDT,0.4639,5600.0,0.463,800.0,0.6961,5300.0,0.6994,10000.0
1753600324785,07:12:04.785,bitmex,A/USDT:USDT,0.4639,5600.0,0.463,800.0,0.696,5200.0,0.6994,10000.0
1753600324834,07:12:04.834,bitmex,A/USDT:USDT,0.4639,5600.0,0.463,800.0,0.696,5200.0,0.6994,10000.0
1753600326520,07:12:06.520,bitmex,A/USDT:USDT,0.4639,5600.0,0.463,800.0,0.696,5200.0,0.6994,10000.0
1753600326569,07:12:06.569,bitmex,A/USDT:USDT,0.4639,5500.0,0.463,800.0,0.696,5200.0,0.6994,10000.0
1753600328595,07:12:08.595,bitmex,A/USDT:USDT,0.4639,5500.0,0.463,800.0,0.696,5600.0,0.6994,10000.0
1753600328645,07:12:08.645,bitmex,A/USDT:USDT,0.4639,5400.0,0.463,800.0,0.696,5600.0,0.6994,10000.0
1753600328694,07:12:08.694,bitmex,A/USDT:USDT,0.4639,5400.0,0.463,800.0,0.696,5600.0,0.6994,10000.0
1753600330683,07:12:10.683,bitmex,A/USDT:USDT,0.4639,5600.0,0.463,800.0,0.696,5600.0,0.6994,10000.0
1753600330733,07:12:10.733,bitmex,A/USDT:USDT,0.4639,5600.0,0.463,800.0,0.696,5300.0,0.6994,10000.0
1753600332373,07:12:12.373,bitmex,A/USDT:USDT,0.4639,5500.0,0.463,800.0,0.696,5300.0,0.6994,10000.0
1753600332422,07:12:12.422,bitmex,A/USDT:USDT,0.4639,5500.0,0.463,800.0,0.696,5200.0,0.6994,10000.0
1753600332471,07:12:12.471,bitmex,A/USDT:USDT,0.4639,5500.0,0.463,800.0,0.696,5200.0,0.6994,10000.0
1753600334335,07:12:14.335,bitmex,A/USDT:USDT,0.4639,5500.0,0.463,800.0,0.696,5200.0,0.6994,10000.0
1753600334385,07:12:14.385,bitmex,A/USDT:USDT,0.4639,5500.0,0.463,800.0,0.696,5200.0,0.6994,10000.0
1753600336438,07:12:16.438,bitmex,A/USDT:USDT,0.4637,5300.0,0.463,800.0,0.696,5200.0,0.6994,10000.0
1753600336512,07:12:16.512,bitmex,A/USDT:USDT,0.4637,5300.0,0.463,800.0,0.6956,5600.0,0.6994,10000.0
1753600336561,07:12:16.561,bitmex,A/USDT:USDT,0.4637,5300.0,0.4617,800.0,0.6956,5600.0,0.6994,10000.0
1753600338314,07:12:18.314,bitmex,A/USDT:USDT,0.4637,5300.0,0.4617,800.0,0.6957,5600.0,0.6994,10000.0
1753600338363,07:12:18.363,bitmex,A/USDT:USDT,0.4637,5300.0,0.4617,800.0,0.6957,5600.0,0.6994,10000.0
1753600338412,07:12:18.412,bitmex,A/USDT:USDT,0.4637,5300.0,0.4617,800.0,0.6957,5600.0,0.6994,10000.0
1753600340226,07:12:20.226,bitmex,A/USDT:USDT,0.4637,5400.0,0.4617,800.0,0.6957,5600.0,0.6994,10000.0
1753600340284,07:12:20.284,bitmex,A/USDT:USDT,0.4637,5400.0,0.4617,800.0,0.6956,5300.0,0.6994,10000.0
1753600340334,07:12:20.334,bitmex,A/USDT:USDT,0.4637,5400.0,0.4617,800.0,0.6956,5300.0,0.6991,10300.0
1753600342396,07:12:22.396,bitmex,A/USDT:USDT,0.4636,5600.0,0.4617,800.0,0.6956,5300.0,0.6991,10300.0
1753600342446,07:12:22.446,bitmex,A/USDT:USDT,0.4636,5600.0,0.4617,800.0,0.6956,5300.0,0.6991,10300.0
1753600342495,07:12:22.495,bitmex,A/USDT:USDT,0.4636,5600.0,0.4617,800.0,0.6956,5400.0,0.6991,10300.0
1753600344212,07:12:24.212,bitmex,A/USDT:USDT,0.4636,5600.0,0.4617,800.0,0.6956,5400.0,0.6991,10300.0
1753600344262,07:12:24.262,bitmex,A/USDT:USDT,0.4636,5500.0,0.4617,800.0,0.6955,5200.0,0.6991,10300.0
1753600346143,07:12:26.143,bitmex,A/USDT:USDT,0.4636,5600.0,0.4617,800.0,0.6955,5200.0,0.6991,10300.0
1753600346194,07:12:26.194,bitmex,A/USDT:USDT,0.4636,5600.0,0.4617,800.0,0.6955,5200.0,0.6991,10300.0
1753600346244,07:12:26.244,bitmex,A/USDT:USDT,0.4636,5600.0,0.4617,800.0,0.6956,5600.0,0.6991,10300.0
1753600348251,07:12:28.251,bitmex,A/USDT:USDT,0.4636,5200.0,0.4617,800.0,0.6956,5600.0,0.6991,10300.0
1753600348301,07:12:28.301,bitmex,A/USDT:USDT,0.4636,5200.0,0.4617,800.0,0.6955,5200.0,0.6991,10300.0
1753600348350,07:12:28.350,bitmex,A/USDT:USDT,0.4636,5200.0,0.4617,800.0,0.6955,5200.0,0.6991,10300.0
1753600348399,07:12:28.399,bitmex,A/USDT:USDT,0.4636,5200.0,0.4617,800.0,0.6955,5200.0,0.6991,10300.0
1753600350062,07:12:30.062,bitmex,A/USDT:USDT,0.4636,5200.0,0.4617,800.0,0.6955,5200.0,0.6991,10300.0
1753600350112,07:12:30.112,bitmex,A/USDT:USDT,0.4636,5200.0,0.4617,800.0,0.6955,5200.0,0.6991,10300.0
1753600352034,07:12:32.034,bitmex,A/USDT:USDT,0.4636,5200.0,0.4617,800.0,0.6955,5200.0,0.6991,10300.0
1753600352083,07:12:32.083,bitmex,A/USDT:USDT,0.4636,5200.0,0.4617,800.0,0.6955,5200.0,0.6991,10300.0
1753600354287,07:12:34.287,bitmex,A/USDT:USDT,0.4637,5600.0,0.4617,800.0,0.6955,5200.0,0.6991,10300.0
1753600354336,07:12:34.336,bitmex,A/USDT:USDT,0.4637,5600.0,0.4617,800.0,0.6957,5500.0,0.6991,10300.0
1753600354385,07:12:34.385,bitmex,A/USDT:USDT,0.4637,5600.0,0.4617,800.0,0.6957,5500.0,0.6991,10300.0
1753600354434,07:12:34.434,bitmex,A/USDT:USDT,0.4637,5600.0,0.4617,800.0,0.6957,5500.0,0.6991,10300.0
1753600355967,07:12:35.967,bitmex,A/USDT:USDT,0.4636,5500.0,0.4617,800.0,0.6957,5500.0,0.6991,10300.0
1753600356016,07:12:36.016,bitmex,A/USDT:USDT,0.4636,5500.0,0.4617,800.0,0.6956,5200.0,0.6991,10300.0
1753600356065,07:12:36.065,bitmex,A/USDT:USDT,0.4636,5500.0,0.4617,800.0,0.6956,5200.0,0.6991,10300.0
1753600357934,07:12:37.934,bitmex,A/USDT:USDT,0.4636,5500.0,0.4617,800.0,0.6955,5200.0,0.6991,10300.0
1753600357984,07:12:37.984,bitmex,A/USDT:USDT,0.4636,5200.0,0.4617,800.0,0.6955,5200.0,0.6991,10300.0
1753600358033,07:12:38.033,bitmex,A/USDT:USDT,0.4636,5200.0,0.4617,800.0,0.6955,5200.0,0.6991,10300.0
1753600359904,07:12:39.904,bitmex,A/USDT:USDT,0.4636,5200.0,0.4617,800.0,0.6955,5200.0,0.6991,10300.0
1753600359957,07:12:39.957,bitmex,A/USDT:USDT,0.4636,5200.0,0.4617,800.0,0.6955,5200.0,0.6991,10300.0
1753600361672,07:12:41.672,bitmex,A/USDT:USDT,0.4636,5200.0,0.4617,800.0,0.6955,5200.0,0.6991,10300.0
1753600361722,07:12:41.722,bitmex,A/USDT:USDT,0.4636,5200.0,0.4617,800.0,0.6955,5200.0,0.6991,10300.0
1753600363624,07:12:43.624,bitmex,A/USDT:USDT,0.4636,5200.0,0.4617,800.0,0.6955,5200.0,0.6991,10300.0
1753600363674,07:12:43.674,bitmex,A/USDT:USDT,0.4636,5200.0,0.4617,800.0,0.6955,5200.0,0.699,10900.0
1753600365585,07:12:45.585,bitmex,A/USDT:USDT,0.4636,5200.0,0.4617,800.0,0.6955,5200.0,0.699,10900.0
1753600365635,07:12:45.635,bitmex,A/USDT:USDT,0.4636,5200.0,0.4617,800.0,0.6955,5200.0,0.699,10900.0
1753600367533,07:12:47.533,bitmex,A/USDT:USDT,0.4636,5200.0,0.4617,800.0,0.6955,5200.0,0.699,10900.0
1753600367582,07:12:47.582,bitmex,A/USDT:USDT,0.4636,5200.0,0.4617,800.0,0.6955,5200.0,0.699,10900.0
1753600369484,07:12:49.484,bitmex,A/USDT:USDT,0.4636,5200.0,0.4617,800.0,0.6955,5200.0,0.699,10900.0
1753600369533,07:12:49.533,bitmex,A/USDT:USDT,0.4636,5200.0,0.4617,800.0,0.6955,5200.0,0.699,10900.0
1753600371441,07:12:51.441,bitmex,A/USDT:USDT,0.4636,5200.0,0.4617,800.0,0.6955,5200.0,0.699,10900.0
1753600371490,07:12:51.490,bitmex,A/USDT:USDT,0.4636,5200.0,0.4617,800.0,0.6955,5200.0,0.699,10900.0
1753600373395,07:12:53.395,bitmex,A/USDT:USDT,0.4636,5200.0,0.4617,800.0,0.6955,5200.0,0.699,10900.0
1753600373444,07:12:53.444,bitmex,A/USDT:USDT,0.4636,5200.0,0.4617,800.0,0.6955,5200.0,0.699,10900.0
1753600375343,07:12:55.343,bitmex,A/USDT:USDT,0.4636,5200.0,0.4617,800.0,0.6955,5200.0,0.699,10900.0
1753600375392,07:12:55.392,bitmex,A/USDT:USDT,0.4636,5200.0,0.4617,800.0,0.6955,5200.0,0.699,10900.0
1753600377524,07:12:57.524,bitmex,A/USDT:USDT,0.4636,5200.0,0.4617,800.0,0.6955,5200.0,0.699,10900.0
1753600377604,07:12:57.604,bitmex,A/USDT:USDT,0.4636,5200.0,0.4617,800.0,0.6955,5200.0,0.699,10900.0
1753600379260,07:12:59.260,bitmex,A/USDT:USDT,0.4636,5200.0,0.4617,800.0,0.6955,5200.0,0.699,10900.0
1753600379310,07:12:59.310,bitmex,A/USDT:USDT,0.4636,5200.0,0.4617,800.0,0.6955,5200.0,0.699,10900.0
1753600381397,07:13:01.397,bitmex,A/USDT:USDT,0.4639,5200.0,0.4617,800.0,0.6955,5200.0,0.699,10900.0
1753600381446,07:13:01.446,bitmex,A/USDT:USDT,0.4639,5200.0,0.4617,800.0,0.6955,5200.0,0.699,10900.0
1753600381495,07:13:01.495,bitmex,A/USDT:USDT,0.4639,5200.0,0.4617,800.0,0.696,5400.0,0.699,10900.0
1753600383556,07:13:03.556,bitmex,A/USDT:USDT,0.4639,5200.0,0.4617,800.0,0.696,5400.0,0.699,10900.0
1753600385567,07:13:05.567,bitmex,A/USDT:USDT,0.4639,5200.0,0.4617,800.0,0.696,5400.0,0.699,10900.0
1753600385616,07:13:05.616,bitmex,A/USDT:USDT,0.4639,5200.0,0.4617,800.0,0.696,5400.0,0.699,10900.0
1753600387575,07:13:07.575,bitmex,A/USDT:USDT,0.4639,5200.0,0.4617,800.0,0.696,5400.0,0.699,10900.0
1753600387624,07:13:07.624,bitmex,A/USDT:USDT,0.4639,5200.0,0.4617,800.0,0.696,5400.0,0.6995,9900.0
1753600389134,07:13:09.134,bitmex,A/USDT:USDT,0.4639,5200.0,0.4617,800.0,0.696,5400.0,0.6995,9900.0
1753600389184,07:13:09.184,bitmex,A/USDT:USDT,0.4639,5400.0,0.4617,800.0,0.6959,5400.0,0.6995,9900.0
1753600391116,07:13:11.116,bitmex,A/USDT:USDT,0.4639,5400.0,0.4617,800.0,0.6959,5500.0,0.6995,9900.0
1753600391166,07:13:11.166,bitmex,A/USDT:USDT,0.4639,5500.0,0.4617,800.0,0.6959,5500.0,0.6995,9900.0
1753600391215,07:13:11.215,bitmex,A/USDT:USDT,0.4639,5500.0,0.4617,800.0,0.6959,5500.0,0.6995,9900.0
1753600392923,07:13:12.923,bitmex,A/USDT:USDT,0.4639,5500.0,0.4617,800.0,0.696,5600.0,0.6995,9900.0
1753600392972,07:13:12.972,bitmex,A/USDT:USDT,0.4639,5300.0,0.4617,800.0,0.696,5600.0,0.6995,9900.0
1753600394974,07:13:14.974,bitmex,A/USDT:USDT,0.4639,5300.0,0.4617,800.0,0.696,5600.0,0.6995,9900.0
1753600395023,07:13:15.023,bitmex,A/USDT:USDT,0.4639,5300.0,0.4617,800.0,0.696,5600.0,0.6995,9900.0
1753600397024,07:13:17.024,bitmex,A/USDT:USDT,0.4639,5300.0,0.4617,800.0,0.696,5600.0,0.6995,9900.0
1753600397073,07:13:17.073,bitmex,A/USDT:USDT,0.4639,5300.0,0.4617,800.0,0.696,5600.0,0.6995,9900.0
1753600398784,07:13:18.784,bitmex,A/USDT:USDT,0.4639,5300.0,0.4617,800.0,0.696,5600.0,0.6995,9900.0
1753600398834,07:13:18.834,bitmex,A/USDT:USDT,0.4639,5300.0,0.4617,800.0,0.696,5600.0,0.6995,9900.0
1753600400733,07:13:20.733,bitmex,A/USDT:USDT,0.4639,5300.0,0.4616,10300.0,0.696,5600.0,0.6995,9900.0
1753600400782,07:13:20.782,bitmex,A/USDT:USDT,0.4639,6100.0,0.4616,10300.0,0.696,5600.0,0.6995,9900.0
1753600400846,07:13:20.846,bitmex,A/USDT:USDT,0.4639,6100.0,0.4616,10300.0,0.6963,5300.0,0.6995,9900.0
1753600400895,07:13:20.895,bitmex,A/USDT:USDT,0.4641,5200.0,0.4639,800.0,0.6963,5300.0,0.6995,9900.0
1753600400944,07:13:20.944,bitmex,A/USDT:USDT,0.4641,5200.0,0.4639,800.0,0.6963,5300.0,0.6995,9900.0
1753600401344,07:13:21.344,bitmex,A/USDT:USDT,0.4641,6000.0,0.4639,800.0,0.6963,5300.0,0.6995,9900.0
1753600401394,07:13:21.394,bitmex,A/USDT:USDT,0.4641,6000.0,0.4616,10300.0,0.6963,5300.0,0.6995,9900.0
1753600402248,07:13:22.248,bitmex,A/USDT:USDT,0.4641,6000.0,0.4617,800.0,0.6963,5300.0,0.6995,9900.0
1753600402298,07:13:22.298,bitmex,A/USDT:USDT,0.4641,5200.0,0.4617,800.0,0.6963,5300.0,0.6995,9900.0
1753600402906,07:13:22.906,bitmex,A/USDT:USDT,0.4641,5500.0,0.4617,800.0,0.6963,5300.0,0.6995,9900.0
1753600402965,07:13:22.965,bitmex,A/USDT:USDT,0.4641,5500.0,0.4617,800.0,0.6962,5500.0,0.6995,9900.0
1753600403015,07:13:23.015,bitmex,A/USDT:USDT,0.4641,5500.0,0.4617,800.0,0.6962,5500.0,0.6995,9900.0
1753600404685,07:13:24.685,bitmex,A/USDT:USDT,0.4641,5300.0,0.4617,800.0,0.6962,5500.0,0.6995,9900.0
1753600404734,07:13:24.734,bitmex,A/USDT:USDT,0.4641,5300.0,0.4617,800.0,0.6963,5500.0,0.6995,9900.0
1753600406708,07:13:26.708,bitmex,A/USDT:USDT,0.464,5200.0,0.4617,800.0,0.6963,5500.0,0.6995,9900.0
1753600406757,07:13:26.757,bitmex,A/USDT:USDT,0.464,5200.0,0.4617,800.0,0.6962,5300.0,0.6995,9900.0
1753600406806,07:13:26.806,bitmex,A/USDT:USDT,0.464,5200.0,0.4617,800.0,0.6962,5300.0,0.6995,9900.0
1753600408884,07:13:28.884,bitmex,A/USDT:USDT,0.464,5200.0,0.4617,800.0,0.6962,5300.0,0.6995,9900.0
1753600408934,07:13:28.934,bitmex,A/USDT:USDT,0.464,5200.0,0.4617,800.0,0.6962,5300.0,0.6995,9900.0
1753600410533,07:13:30.533,bitmex,A/USDT:USDT,0.464,5200.0,0.4617,800.0,0.6962,5300.0,0.6998,10200.0
1753600410583,07:13:30.583,bitmex,A/USDT:USDT,0.4641,5300.0,0.4617,800.0,0.6963,5600.0,0.6998,10200.0
1753600412496,07:13:32.496,bitmex,A/USDT:USDT,0.4641,5300.0,0.4617,800.0,0.6963,5600.0,0.6998,10200.0
1753600412545,07:13:32.545,bitmex,A/USDT:USDT,0.4641,5300.0,0.4617,800.0,0.6963,5600.0,0.6998,10200.0
1753600414754,07:13:34.754,bitmex,A/USDT:USDT,0.4641,5300.0,0.4617,800.0,0.6963,5600.0,0.6998,10200.0
1753600414804,07:13:34.804,bitmex,A/USDT:USDT,0.4641,5300.0,0.4617,800.0,0.6963,5600.0,0.6998,10200.0
1753600416439,07:13:36.439,bitmex,A/USDT:USDT,0.4641,5300.0,0.4617,800.0,0.6963,5600.0,0.6998,10200.0
1753600416489,07:13:36.489,bitmex,A/USDT:USDT,0.4641,5300.0,0.4617,800.0,0.6963,5600.0,0.6998,10200.0
1753600418302,07:13:38.302,bitmex,A/USDT:USDT,0.4641,5300.0,0.4617,800.0,0.6963,5600.0,0.6998,10200.0
1753600418352,07:13:38.352,bitmex,A/USDT:USDT,0.4641,5300.0,0.4617,800.0,0.6963,5600.0,0.6998,10200.0
1753600420457,07:13:40.457,bitmex,A/USDT:USDT,0.4641,5300.0,0.4617,800.0,0.6963,5600.0,0.6998,10200.0
1753600420506,07:13:40.506,bitmex,A/USDT:USDT,0.4641,5300.0,0.4617,800.0,0.6963,5600.0,0.6998,10200.0
1753600422202,07:13:42.202,bitmex,A/USDT:USDT,0.4639,5600.0,0.4617,800.0,0.6963,5600.0,0.6998,10200.0
1753600422252,07:13:42.252,bitmex,A/USDT:USDT,0.4639,5600.0,0.4617,800.0,0.696,5600.0,0.6998,10200.0
1753600424145,07:13:44.145,bitmex,A/USDT:USDT,0.464,5400.0,0.4617,800.0,0.696,5600.0,0.6998,10200.0
1753600424195,07:13:44.195,bitmex,A/USDT:USDT,0.464,5400.0,0.4617,800.0,0.696,5600.0,0.6998,10200.0
1753600424244,07:13:44.244,bitmex,A/USDT:USDT,0.464,5400.0,0.4617,800.0,0.696,5600.0,0.6998,10200.0
1753600426324,07:13:46.324,bitmex,A/USDT:USDT,0.4639,5300.0,0.4617,800.0,0.696,5600.0,0.6998,10200.0
1753600426374,07:13:46.374,bitmex,A/USDT:USDT,0.4639,5300.0,0.4617,800.0,0.696,5400.0,0.6998,10200.0
1753600428054,07:13:48.054,bitmex,A/USDT:USDT,0.4639,5300.0,0.4617,800.0,0.696,5400.0,0.6998,10200.0
1753600428103,07:13:48.103,bitmex,A/USDT:USDT,0.4639,5300.0,0.4617,800.0,0.696,5400.0,0.6998,10200.0
1753600430014,07:13:50.014,bitmex,A/USDT:USDT,0.4639,5300.0,0.4617,800.0,0.696,5400.0,0.6998,10200.0
1753600430064,07:13:50.064,bitmex,A/USDT:USDT,0.4639,5300.0,0.4617,800.0,0.696,5400.0,0.6998,10200.0
1753600432062,07:13:52.062,bitmex,A/USDT:USDT,0.4639,5300.0,0.4617,800.0,0.696,5400.0,0.6998,10200.0
1753600432111,07:13:52.111,bitmex,A/USDT:USDT,0.4639,5300.0,0.4617,800.0,0.696,5400.0,0.6998,10200.0
1753600433913,07:13:53.913,bitmex,A/USDT:USDT,0.4639,5300.0,0.4617,800.0,0.696,5400.0,0.6998,10200.0
1753600433962,07:13:53.962,bitmex,A/USDT:USDT,0.4639,5300.0,0.4617,800.0,0.696,5400.0,0.6995,10400.0
1753600435864,07:13:55.864,bitmex,A/USDT:USDT,0.4639,5300.0,0.4617,800.0,0.696,5400.0,0.6995,10400.0
1753600435913,07:13:55.913,bitmex,A/USDT:USDT,0.4639,5300.0,0.4617,800.0,0.696,5400.0,0.6995,10400.0
1753600438583,07:13:58.583,bitmex,A/USDT:USDT,0.4639,5300.0,0.4617,800.0,0.696,5400.0,0.6995,10400.0
1753600438633,07:13:58.633,bitmex,A/USDT:USDT,0.4639,5300.0,0.4617,800.0,0.696,5400.0,0.6995,10400.0
1753600440407,07:14:00.407,bitmex,A/USDT:USDT,0.4639,5300.0,0.4617,800.0,0.696,5400.0,0.6995,10400.0
1753600440457,07:14:00.457,bitmex,A/USDT:USDT,0.4639,5300.0,0.4617,800.0,0.696,5400.0,0.6995,10400.0
1753600442546,07:14:02.546,bitmex,A/USDT:USDT,0.4639,5300.0,0.4617,800.0,0.696,5400.0,0.6995,10400.0
1753600442596,07:14:02.596,bitmex,A/USDT:USDT,0.4639,5300.0,0.4617,800.0,0.696,5400.0,0.6995,10400.0
1753600444316,07:14:04.316,bitmex,A/USDT:USDT,0.4639,5400.0,0.4617,800.0,0.696,5400.0,0.6995,10400.0
1753600444365,07:14:04.365,bitmex,A/USDT:USDT,0.4639,5400.0,0.4617,800.0,0.696,5200.0,0.6995,10400.0
1753600444414,07:14:04.414,bitmex,A/USDT:USDT,0.4639,5400.0,0.4617,800.0,0.696,5200.0,0.6995,10400.0
1753600446284,07:14:06.284,bitmex,A/USDT:USDT,0.463,5200.0,0.4617,800.0,0.696,5200.0,0.6995,10400.0
1753600446334,07:14:06.334,bitmex,A/USDT:USDT,0.463,5200.0,0.4617,800.0,0.696,5200.0,0.6995,10400.0
1753600446383,07:14:06.383,bitmex,A/USDT:USDT,0.463,5200.0,0.4617,800.0,0.6947,5300.0,0.6995,10400.0
1753600448246,07:14:08.246,bitmex,A/USDT:USDT,0.463,5200.0,0.4617,800.0,0.6947,5300.0,0.6995,10400.0
1753600448296,07:14:08.296,bitmex,A/USDT:USDT,0.4629,5500.0,0.4617,800.0,0.6944,5300.0,0.6995,10400.0
1753600448350,07:14:08.350,bitmex,A/USDT:USDT,0.4629,5500.0,0.4617,800.0,0.6944,5300.0,0.6995,10400.0
1753600450175,07:14:10.175,bitmex,A/USDT:USDT,0.4629,5500.0,0.4617,800.0,0.6944,5300.0,0.6995,10400.0
1753600450235,07:14:10.235,bitmex,A/USDT:USDT,0.4629,5500.0,0.4617,800.0,0.6944,5300.0,0.6995,10400.0
1753600452125,07:14:12.125,bitmex,A/USDT:USDT,0.4628,5600.0,0.4617,800.0,0.6944,5300.0,0.6995,10400.0
1753600452186,07:14:12.186,bitmex,A/USDT:USDT,0.4628,5600.0,0.4617,800.0,0.6943,5400.0,0.6995,10400.0
1753600452235,07:14:12.235,bitmex,A/USDT:USDT,0.4628,5600.0,0.4617,800.0,0.6943,5400.0,0.6995,10400.0
1753600454115,07:14:14.115,bitmex,A/USDT:USDT,0.4628,5600.0,0.4617,800.0,0.6943,5400.0,0.6995,10400.0
1753600454194,07:14:14.194,bitmex,A/USDT:USDT,0.4628,5600.0,0.4617,800.0,0.6943,5400.0,0.6995,10400.0
1753600456031,07:14:16.031,bitmex,A/USDT:USDT,0.4628,5600.0,0.4617,800.0,0.6944,5200.0,0.6995,10400.0
1753600456080,07:14:16.080,bitmex,A/USDT:USDT,0.4628,5300.0,0.4617,800.0,0.6944,5200.0,0.6995,10400.0
1753600456129,07:14:16.129,bitmex,A/USDT:USDT,0.4628,5300.0,0.4617,800.0,0.6944,5200.0,0.6995,10400.0
1753600457989,07:14:17.989,bitmex,A/USDT:USDT,0.4629,5300.0,0.4617,800.0,0.6944,5200.0,0.6995,10400.0
1753600458045,07:14:18.045,bitmex,A/USDT:USDT,0.4629,5300.0,0.4617,800.0,0.6945,5200.0,0.6995,10400.0
1753600458095,07:14:18.095,bitmex,A/USDT:USDT,0.4629,5300.0,0.4617,800.0,0.6945,5200.0,0.698,10400.0
1753600459958,07:14:19.958,bitmex,A/USDT:USDT,0.4629,5300.0,0.4617,800.0,0.6945,5200.0,0.698,10400.0
1753600460024,07:14:20.024,bitmex,A/USDT:USDT,0.4629,5300.0,0.4617,800.0,0.6945,5200.0,0.698,10400.0
1753600461944,07:14:21.944,bitmex,A/USDT:USDT,0.4631,5500.0,0.4617,800.0,0.6948,5600.0,0.698,10400.0
1753600461993,07:14:21.993,bitmex,A/USDT:USDT,0.4631,5500.0,0.4617,800.0,0.6948,5600.0,0.698,10400.0
1753600463844,07:14:23.844,bitmex,A/USDT:USDT,0.4631,5500.0,0.4617,800.0,0.6948,5600.0,0.698,10400.0
1753600463893,07:14:23.893,bitmex,A/USDT:USDT,0.4631,5500.0,0.4617,800.0,0.6948,5600.0,0.698,10400.0
1753600465857,07:14:25.857,bitmex,A/USDT:USDT,0.4631,5500.0,0.4617,800.0,0.6948,5600.0,0.698,10400.0
1753600465906,07:14:25.906,bitmex,A/USDT:USDT,0.4635,5300.0,0.4617,800.0,0.6953,5200.0,0.698,10400.0
1753600468154,07:14:28.154,bitmex,A/USDT:USDT,0.4635,5300.0,0.4617,800.0,0.6953,5200.0,0.698,10400.0
1753600468204,07:14:28.204,bitmex,A/USDT:USDT,0.4635,5600.0,0.4617,800.0,0.6954,5200.0,0.698,10400.0
1753600469918,07:14:29.918,bitmex,A/USDT:USDT,0.4635,5600.0,0.4617,800.0,0.6954,5200.0,0.698,10400.0
1753600469968,07:14:29.968,bitmex,A/USDT:USDT,0.4635,5600.0,0.4617,800.0,0.6954,5200.0,0.698,10400.0
1753600471965,07:14:31.965,bitmex,A/USDT:USDT,0.4635,5300.0,0.4617,800.0,0.6954,5200.0,0.698,10400.0
1753600472035,07:14:32.035,bitmex,A/USDT:USDT,0.4635,5300.0,0.4617,800.0,0.6954,5200.0,0.698,10400.0
1753600472084,07:14:32.084,bitmex,A/USDT:USDT,0.4635,5300.0,0.4617,800.0,0.6953,5600.0,0.698,10400.0
1753600473823,07:14:33.823,bitmex,A/USDT:USDT,0.4635,5300.0,0.4617,800.0,0.6953,5600.0,0.698,10400.0
1753600473873,07:14:33.873,bitmex,A/USDT:USDT,0.4635,5300.0,0.4617,800.0,0.6953,5600.0,0.698,10400.0
1753600475790,07:14:35.790,bitmex,A/USDT:USDT,0.4635,5600.0,0.4617,800.0,0.6953,5600.0,0.698,10400.0
1753600475845,07:14:35.845,bitmex,A/USDT:USDT,0.4635,5600.0,0.4617,800.0,0.6953,5600.0,0.698,10400.0
1753600475894,07:14:35.894,bitmex,A/USDT:USDT,0.4635,5600.0,0.4617,800.0,0.6953,5600.0,0.698,10400.0
1753600477757,07:14:37.757,bitmex,A/USDT:USDT,0.4635,5600.0,0.4617,800.0,0.6953,5500.0,0.698,10400.0
1753600477807,07:14:37.807,bitmex,A/USDT:USDT,0.4635,5600.0,0.4617,800.0,0.6953,5500.0,0.698,10400.0
1753600477856,07:14:37.856,bitmex,A/USDT:USDT,0.4635,5600.0,0.4617,800.0,0.6953,5500.0,0.698,10400.0
1753600479684,07:14:39.684,bitmex,A/USDT:USDT,0.4635,5600.0,0.4617,800.0,0.6953,5500.0,0.698,10400.0
1753600479765,07:14:39.765,bitmex,A/USDT:USDT,0.4635,5600.0,0.4617,800.0,0.6953,5500.0,0.698,10400.0
1753600481644,07:14:41.644,bitmex,A/USDT:USDT,0.4634,5200.0,0.4617,800.0,0.6953,5500.0,0.698,10400.0
1753600481694,07:14:41.694,bitmex,A/USDT:USDT,0.4634,5200.0,0.4617,800.0,0.6952,5500.0,0.698,10400.0
1753600481744,07:14:41.744,bitmex,A/USDT:USDT,0.4634,5200.0,0.4617,800.0,0.6952,5500.0,0.6987,10900.0
1753600483685,07:14:43.685,bitmex,A/USDT:USDT,0.4634,5200.0,0.4617,800.0,0.6952,5200.0,0.6987,10900.0
1753600483736,07:14:43.736,bitmex,A/USDT:USDT,0.4634,5200.0,0.4617,800.0,0.6952,5200.0,0.6987,10900.0
1753600483786,07:14:43.786,bitmex,A/USDT:USDT,0.4634,5200.0,0.4617,800.0,0.6952,5200.0,0.6987,10900.0
1753600485548,07:14:45.548,bitmex,A/USDT:USDT,0.4634,5200.0,0.4617,800.0,0.695,5600.0,0.6987,10900.0
1753600485597,07:14:45.597,bitmex,A/USDT:USDT,0.4633,5600.0,0.4617,800.0,0.695,5600.0,0.6987,10900.0
1753600485646,07:14:45.646,bitmex,A/USDT:USDT,0.4633,5600.0,0.4617,800.0,0.695,5600.0,0.6987,10900.0
1753600487497,07:14:47.497,bitmex,A/USDT:USDT,0.4633,5600.0,0.4617,800.0,0.695,5600.0,0.6987,10900.0
1753600487563,07:14:47.563,bitmex,A/USDT:USDT,0.4633,5600.0,0.4617,800.0,0.695,5600.0,0.6987,10900.0
1753600489513,07:14:49.513,bitmex,A/USDT:USDT,0.4633,5500.0,0.4617,800.0,0.695,5600.0,0.6987,10900.0
1753600489562,07:14:49.562,bitmex,A/USDT:USDT,0.4633,5500.0,0.4617,800.0,0.6951,5400.0,0.6987,10900.0
1753600489611,07:14:49.611,bitmex,A/USDT:USDT,0.4633,5500.0,0.4617,800.0,0.6951,5400.0,0.6987,10900.0
1753600491402,07:14:51.402,bitmex,A/USDT:USDT,0.4633,5200.0,0.4617,800.0,0.6951,5400.0,0.6987,10900.0
1753600491463,07:14:51.463,bitmex,A/USDT:USDT,0.4633,5200.0,0.4617,800.0,0.6951,5400.0,0.6987,10900.0
1753600491512,07:14:51.512,bitmex,A/USDT:USDT,0.4633,5200.0,0.4617,800.0,0.695,5200.0,0.6987,10900.0
1753600493355,07:14:53.355,bitmex,A/USDT:USDT,0.4633,5200.0,0.4617,800.0,0.695,5200.0,0.6987,10900.0
1753600493404,07:14:53.404,bitmex,A/USDT:USDT,0.4633,5200.0,0.4617,800.0,0.695,5200.0,0.6987,10900.0
1753600495587,07:14:55.587,bitmex,A/USDT:USDT,0.4633,5600.0,0.4617,800.0,0.695,5200.0,0.6987,10900.0
1753600495636,07:14:55.636,bitmex,A/USDT:USDT,0.4633,5600.0,0.4617,800.0,0.695,5600.0,0.6987,10900.0
1753600495686,07:14:55.686,bitmex,A/USDT:USDT,0.4633,5600.0,0.4617,800.0,0.695,5600.0,0.6987,10900.0
1753600497295,07:14:57.295,bitmex,A/USDT:USDT,0.4633,5600.0,0.4617,800.0,0.695,5600.0,0.6987,10900.0
1753600497357,07:14:57.357,bitmex,A/USDT:USDT,0.4633,5600.0,0.4617,800.0,0.695,5600.0,0.6987,10900.0
1753600497406,07:14:57.406,bitmex,A/USDT:USDT,0.4632,5500.0,0.4617,800.0,0.6949,5300.0,0.6987,10900.0
1753600499295,07:14:59.295,bitmex,A/USDT:USDT,0.4632,5400.0,0.4617,800.0,0.6949,5300.0,0.6987,10900.0
1753600499365,07:14:59.365,bitmex,A/USDT:USDT,0.4632,5400.0,0.4617,800.0,0.695,5600.0,0.6987,10900.0
1753600499415,07:14:59.415,bitmex,A/USDT:USDT,0.4632,5400.0,0.4617,800.0,0.695,5600.0,0.6987,10900.0
1753600501505,07:15:01.505,bitmex,A/USDT:USDT,0.4632,5400.0,0.4617,800.0,0.695,5200.0,0.6987,10900.0
1753600501555,07:15:01.555,bitmex,A/USDT:USDT,0.4633,5200.0,0.4617,800.0,0.695,5200.0,0.6987,10900.0
1753600501604,07:15:01.604,bitmex,A/USDT:USDT,0.4633,5200.0,0.4617,800.0,0.695,5200.0,0.6987,10900.0
1753600503213,07:15:03.213,bitmex,A/USDT:USDT,0.4632,5600.0,0.4617,800.0,0.695,5200.0,0.6987,10900.0
1753600503263,07:15:03.263,bitmex,A/USDT:USDT,0.4632,5600.0,0.4617,800.0,0.695,5600.0,0.6987,10900.0
1753600503312,07:15:03.312,bitmex,A/USDT:USDT,0.4632,5600.0,0.4617,800.0,0.695,5600.0,0.6987,10900.0
1753600506164,07:15:06.164,bitmex,A/USDT:USDT,0.4632,5200.0,0.4617,800.0,0.695,5600.0,0.6987,10900.0
1753600506227,07:15:06.227,bitmex,A/USDT:USDT,0.4632,5200.0,0.4617,800.0,0.695,5600.0,0.6987,10900.0
1753600506276,07:15:06.276,bitmex,A/USDT:USDT,0.4632,5200.0,0.4617,800.0,0.695,5300.0,0.6984,10800.0
1753600507919,07:15:07.919,bitmex,A/USDT:USDT,0.4632,5200.0,0.4617,800.0,0.695,5300.0,0.6984,10800.0
1753600507969,07:15:07.969,bitmex,A/USDT:USDT,0.4632,5200.0,0.4617,800.0,0.695,5300.0,0.6984,10800.0
1753600510655,07:15:10.655,bitmex,A/USDT:USDT,0.4632,5600.0,0.4617,800.0,0.695,5300.0,0.6984,10800.0
1753600510718,07:15:10.718,bitmex,A/USDT:USDT,0.4632,5600.0,0.4617,800.0,0.695,5300.0,0.6984,10800.0
1753600510767,07:15:10.767,bitmex,A/USDT:USDT,0.4632,5600.0,0.4617,800.0,0.6949,5600.0,0.6984,10800.0
1753600512484,07:15:12.484,bitmex,A/USDT:USDT,0.4632,5600.0,0.4617,800.0,0.6949,5600.0,0.6984,10800.0
1753600512533,07:15:12.533,bitmex,A/USDT:USDT,0.4631,5500.0,0.4617,800.0,0.6948,5400.0,0.6984,10800.0
1753600514523,07:15:14.523,bitmex,A/USDT:USDT,0.4631,5500.0,0.4617,800.0,0.6948,5400.0,0.6984,10800.0
1753600514573,07:15:14.573,bitmex,A/USDT:USDT,0.4631,5500.0,0.4617,800.0,0.6948,5600.0,0.6984,10800.0
1753600514622,07:15:14.622,bitmex,A/USDT:USDT,0.4631,5500.0,0.4617,800.0,0.6948,5600.0,0.6984,10800.0
1753600516332,07:15:16.332,bitmex,A/USDT:USDT,0.4631,5500.0,0.4617,800.0,0.6948,5200.0,0.6984,10800.0
1753600516383,07:15:16.383,bitmex,A/USDT:USDT,0.4631,5500.0,0.4617,800.0,0.6948,5200.0,0.6984,10800.0
1753600516432,07:15:16.432,bitmex,A/USDT:USDT,0.4631,5500.0,0.4617,800.0,0.6948,5200.0,0.6984,10800.0
1753600518346,07:15:18.346,bitmex,A/USDT:USDT,0.4631,5500.0,0.4617,800.0,0.6948,5200.0,0.6984,10800.0
1753600518396,07:15:18.396,bitmex,A/USDT:USDT,0.4631,5500.0,0.4617,800.0,0.6948,5200.0,0.6984,10800.0
1753600520455,07:15:20.455,bitmex,A/USDT:USDT,0.4631,5500.0,0.4617,800.0,0.6948,5200.0,0.6984,10800.0
1753600520505,07:15:20.505,bitmex,A/USDT:USDT,0.4631,5500.0,0.4617,800.0,0.6948,5200.0,0.6984,10800.0
1753600522187,07:15:22.187,bitmex,A/USDT:USDT,0.4631,5500.0,0.4617,800.0,0.6948,5200.0,0.6984,10800.0
1753600522244,07:15:22.244,bitmex,A/USDT:USDT,0.4631,5500.0,0.4617,800.0,0.6948,5200.0,0.6984,10800.0
1753600524184,07:15:24.184,bitmex,A/USDT:USDT,0.4631,5500.0,0.4617,800.0,0.6948,5200.0,0.6984,10800.0
1753600524233,07:15:24.233,bitmex,A/USDT:USDT,0.4631,5500.0,0.4617,800.0,0.6948,5200.0,0.6984,10800.0
1753600526391,07:15:26.391,bitmex,A/USDT:USDT,0.4631,5500.0,0.4617,800.0,0.6948,5200.0,0.6984,10800.0
1753600526447,07:15:26.447,bitmex,A/USDT:USDT,0.4631,5500.0,0.4617,800.0,0.6948,5200.0,0.6984,10800.0
1753600526497,07:15:26.497,bitmex,A/USDT:USDT,0.4631,5600.0,0.4617,800.0,0.6948,5400.0,0.6984,10800.0
1753600528054,07:15:28.054,bitmex,A/USDT:USDT,0.4631,5300.0,0.4617,800.0,0.6948,5400.0,0.6984,10800.0
1753600528103,07:15:28.103,bitmex,A/USDT:USDT,0.4631,5300.0,0.4617,800.0,0.6948,5400.0,0.6984,10800.0
1753600528152,07:15:28.152,bitmex,A/USDT:USDT,0.4631,5300.0,0.4617,800.0,0.6948,5200.0,0.6984,10800.0
1753600528201,07:15:28.201,bitmex,A/USDT:USDT,0.4631,5300.0,0.4617,800.0,0.6948,5200.0,0.6984,10800.0
1753600530644,07:15:30.644,bitmex,A/USDT:USDT,0.4631,5300.0,0.4617,800.0,0.6948,5200.0,0.6984,10800.0
1753600530693,07:15:30.693,bitmex,A/USDT:USDT,0.4631,5200.0,0.4617,800.0,0.6948,5200.0,0.6984,10800.0
1753600530742,07:15:30.742,bitmex,A/USDT:USDT,0.4631,5200.0,0.4617,800.0,0.6948,5200.0,0.6983,10900.0
1753600533145,07:15:33.145,bitmex,A/USDT:USDT,0.4631,5200.0,0.4617,800.0,0.6948,5200.0,0.6983,10900.0
1753600533214,07:15:33.214,bitmex,A/USDT:USDT,0.4631,5200.0,0.4617,800.0,0.6948,5200.0,0.6983,10900.0
1753600534925,07:15:34.925,bitmex,A/USDT:USDT,0.4631,5200.0,0.4617,800.0,0.6948,5400.0,0.6983,10900.0
1753600534974,07:15:34.974,bitmex,A/USDT:USDT,0.4631,5200.0,0.4617,800.0,0.6948,5400.0,0.6983,10900.0
1753600535023,07:15:35.023,bitmex,A/USDT:USDT,0.4631,5500.0,0.4617,800.0,0.6948,5400.0,0.6983,10900.0
1753600536967,07:15:36.967,bitmex,A/USDT:USDT,0.4631,5500.0,0.4617,800.0,0.6948,5400.0,0.6983,10900.0
1753600537034,07:15:37.034,bitmex,A/USDT:USDT,0.4631,5500.0,0.4617,800.0,0.6948,5400.0,0.6983,10900.0
1753600538885,07:15:38.885,bitmex,A/USDT:USDT,0.4631,5500.0,0.4617,800.0,0.6948,5400.0,0.6983,10900.0
1753600538934,07:15:38.934,bitmex,A/USDT:USDT,0.4631,5500.0,0.4617,800.0,0.6948,5400.0,0.6983,10900.0
1753600540786,07:15:40.786,bitmex,A/USDT:USDT,0.4631,5500.0,0.4617,800.0,0.6948,5400.0,0.6983,10900.0
1753600540836,07:15:40.836,bitmex,A/USDT:USDT,0.4631,5500.0,0.4617,800.0,0.6948,5400.0,0.6983,10900.0
1753600542903,07:15:42.903,bitmex,A/USDT:USDT,0.4631,5500.0,0.4617,800.0,0.6946,5500.0,0.6983,10900.0
1753600542953,07:15:42.953,bitmex,A/USDT:USDT,0.463,5600.0,0.4617,800.0,0.6946,5500.0,0.6983,10900.0
1753600544684,07:15:44.684,bitmex,A/USDT:USDT,0.4631,5500.0,0.4617,800.0,0.6946,5500.0,0.6983,10900.0
1753600544734,07:15:44.734,bitmex,A/USDT:USDT,0.4631,5500.0,0.4617,800.0,0.6947,5500.0,0.6983,10900.0
1753600544783,07:15:44.783,bitmex,A/USDT:USDT,0.4631,5500.0,0.4617,800.0,0.6947,5500.0,0.6983,10900.0
1753600544832,07:15:44.832,bitmex,A/USDT:USDT,0.4631,5500.0,0.4617,800.0,0.6947,5500.0,0.6983,10900.0
1753600546645,07:15:46.645,bitmex,A/USDT:USDT,0.4631,5500.0,0.4617,800.0,0.6946,5200.0,0.6983,10900.0
1753600546695,07:15:46.695,bitmex,A/USDT:USDT,0.463,5600.0,0.4617,800.0,0.6946,5200.0,0.6983,10900.0
1753600546744,07:15:46.744,bitmex,A/USDT:USDT,0.463,5600.0,0.4617,800.0,0.6946,5200.0,0.6983,10900.0
1753600548924,07:15:48.924,bitmex,A/USDT:USDT,0.463,5600.0,0.4617,800.0,0.6946,5200.0,0.6983,10900.0
1753600548973,07:15:48.973,bitmex,A/USDT:USDT,0.463,5600.0,0.4617,800.0,0.6946,5200.0,0.6983,10900.0
1753600550543,07:15:50.543,bitmex,A/USDT:USDT,0.463,5600.0,0.4617,800.0,0.6946,5200.0,0.6983,10900.0
1753600550593,07:15:50.593,bitmex,A/USDT:USDT,0.463,5600.0,0.4617,800.0,0.6946,5200.0,0.6983,10900.0
1753600552559,07:15:52.559,bitmex,A/USDT:USDT,0.463,5600.0,0.4617,800.0,0.6946,5200.0,0.6983,10900.0
1753600552608,07:15:52.608,bitmex,A/USDT:USDT,0.463,5600.0,0.4617,800.0,0.6946,5200.0,0.6983,10900.0
1753600554825,07:15:54.825,bitmex,A/USDT:USDT,0.463,5400.0,0.4617,800.0,0.6946,5200.0,0.6983,10900.0
1753600554874,07:15:54.874,bitmex,A/USDT:USDT,0.463,5400.0,0.4617,800.0,0.6947,5200.0,0.6981,10200.0
1753600556405,07:15:56.405,bitmex,A/USDT:USDT,0.4629,5300.0,0.4617,800.0,0.6947,5200.0,0.6981,10200.0
1753600556455,07:15:56.455,bitmex,A/USDT:USDT,0.4629,5300.0,0.4617,800.0,0.6945,5500.0,0.6981,10200.0
1753600556504,07:15:56.504,bitmex,A/USDT:USDT,0.4629,5300.0,0.4617,800.0,0.6945,5500.0,0.6981,10200.0
1753600558413,07:15:58.413,bitmex,A/USDT:USDT,0.4629,5300.0,0.4617,800.0,0.6945,5500.0,0.6981,10200.0
1753600558463,07:15:58.463,bitmex,A/USDT:USDT,0.4629,5300.0,0.4617,800.0,0.6945,5500.0,0.6981,10200.0
1753600560654,07:16:00.654,bitmex,A/USDT:USDT,0.4629,5300.0,0.4617,800.0,0.6945,5500.0,0.6981,10200.0
1753600560704,07:16:00.704,bitmex,A/USDT:USDT,0.4629,5300.0,0.4617,800.0,0.6945,5500.0,0.6981,10200.0
1753600562319,07:16:02.319,bitmex,A/USDT:USDT,0.4629,5300.0,0.4617,800.0,0.6945,5500.0,0.6981,10200.0
1753600562369,07:16:02.369,bitmex,A/USDT:USDT,0.4629,5400.0,0.4617,800.0,0.6945,5500.0,0.6981,10200.0
1753600564275,07:16:04.275,bitmex,A/USDT:USDT,0.4629,5400.0,0.4617,800.0,0.6945,5500.0,0.6981,10200.0
1753600564324,07:16:04.324,bitmex,A/USDT:USDT,0.4629,5400.0,0.4617,800.0,0.6945,5500.0,0.6981,10200.0
1753600566417,07:16:06.417,bitmex,A/USDT:USDT,0.4629,5400.0,0.4617,800.0,0.6945,5500.0,0.6981,10200.0
1753600566467,07:16:06.467,bitmex,A/USDT:USDT,0.4629,5300.0,0.4617,800.0,0.6945,5400.0,0.6981,10200.0
1753600568226,07:16:08.226,bitmex,A/USDT:USDT,0.4629,5300.0,0.4617,800.0,0.6945,5400.0,0.6981,10200.0
1753600568276,07:16:08.276,bitmex,A/USDT:USDT,0.4629,5300.0,0.4617,800.0,0.6945,5400.0,0.6981,10200.0
1753600570229,07:16:10.229,bitmex,A/USDT:USDT,0.4629,5300.0,0.4617,800.0,0.6945,5400.0,0.6981,10200.0
1753600570278,07:16:10.278,bitmex,A/USDT:USDT,0.4629,5300.0,0.4617,800.0,0.6945,5400.0,0.6981,10200.0
1753600572032,07:16:12.032,bitmex,A/USDT:USDT,0.4629,5300.0,0.4617,800.0,0.6945,5400.0,0.6981,10200.0
1753600572081,07:16:12.081,bitmex,A/USDT:USDT,0.4629,5300.0,0.4617,800.0,0.6945,5400.0,0.6981,10200.0
1753600574369,07:16:14.369,bitmex,A/USDT:USDT,0.4631,5600.0,0.4617,800.0,0.6945,5400.0,0.6981,10200.0
1753600574418,07:16:14.418,bitmex,A/USDT:USDT,0.4631,5600.0,0.4617,800.0,0.6948,5600.0,0.6981,10200.0
1753600576228,07:16:16.228,bitmex,A/USDT:USDT,0.4631,5600.0,0.4617,800.0,0.6948,5600.0,0.6981,10200.0
1753600576278,07:16:16.278,bitmex,A/USDT:USDT,0.4631,5400.0,0.4617,800.0,0.6948,5600.0,0.6981,10200.0
1753600578042,07:16:18.042,bitmex,A/USDT:USDT,0.4631,5400.0,0.4617,800.0,0.6948,5600.0,0.6981,10200.0
1753600578092,07:16:18.092,bitmex,A/USDT:USDT,0.4631,5400.0,0.4617,800.0,0.6948,5500.0,0.6983,10700.0
1753600579893,07:16:19.893,bitmex,A/USDT:USDT,0.4631,5400.0,0.4617,800.0,0.6948,5300.0,0.6983,10700.0
1753600579943,07:16:19.943,bitmex,A/USDT:USDT,0.4631,5200.0,0.4617,800.0,0.6948,5300.0,0.6983,10700.0
1753600582005,07:16:22.005,bitmex,A/USDT:USDT,0.4631,5200.0,0.4617,800.0,0.6948,5300.0,0.6983,10700.0
1753600582055,07:16:22.055,bitmex,A/USDT:USDT,0.4631,5600.0,0.4617,800.0,0.6948,5600.0,0.6983,10700.0
1753600583759,07:16:23.759,bitmex,A/USDT:USDT,0.4631,5600.0,0.4617,800.0,0.6948,5600.0,0.6983,10700.0
1753600583848,07:16:23.848,bitmex,A/USDT:USDT,0.4631,5600.0,0.4617,800.0,0.6948,5600.0,0.6983,10700.0
1753600585715,07:16:25.715,bitmex,A/USDT:USDT,0.4631,5600.0,0.4617,800.0,0.6948,5600.0,0.6983,10700.0
1753600585775,07:16:25.775,bitmex,A/USDT:USDT,0.4631,5600.0,0.4617,800.0,0.6948,5600.0,0.6983,10700.0
1753600587932,07:16:27.932,bitmex,A/USDT:USDT,0.4631,5600.0,0.4617,800.0,0.6948,5600.0,0.6983,10700.0
1753600587982,07:16:27.982,bitmex,A/USDT:USDT,0.4631,5600.0,0.4617,800.0,0.6948,5600.0,0.6983,10700.0
1753600589618,07:16:29.618,bitmex,A/USDT:USDT,0.4631,5600.0,0.4617,800.0,0.6948,5600.0,0.6983,10700.0
1753600589668,07:16:29.668,bitmex,A/USDT:USDT,0.4631,5600.0,0.4617,800.0,0.6948,5600.0,0.6983,10700.0
1753600591573,07:16:31.573,bitmex,A/USDT:USDT,0.4631,5600.0,0.4617,800.0,0.6948,5600.0,0.6983,10700.0
1753600591643,07:16:31.643,bitmex,A/USDT:USDT,0.4631,5600.0,0.4617,800.0,0.6948,5600.0,0.6983,10700.0
1753600593805,07:16:33.805,bitmex,A/USDT:USDT,0.4631,5600.0,0.4617,800.0,0.6948,5600.0,0.6983,10700.0
1753600593866,07:16:33.866,bitmex,A/USDT:USDT,0.4631,5600.0,0.4617,800.0,0.6948,5600.0,0.6983,10700.0
1753600595538,07:16:35.538,bitmex,A/USDT:USDT,0.4631,5600.0,0.4617,800.0,0.6948,5600.0,0.6983,10700.0
1753600595587,07:16:35.587,bitmex,A/USDT:USDT,0.4631,5600.0,0.4617,800.0,0.6948,5600.0,0.6983,10700.0
1753600597624,07:16:37.624,bitmex,A/USDT:USDT,0.4631,5600.0,0.4617,800.0,0.6948,5600.0,0.6983,10700.0
1753600597722,07:16:37.722,bitmex,A/USDT:USDT,0.4631,5500.0,0.4617,800.0,0.6947,5500.0,0.6983,10700.0
1753600600157,07:16:40.157,bitmex,A/USDT:USDT,0.4631,5500.0,0.4617,800.0,0.6947,5500.0,0.6983,10700.0
1753600600207,07:16:40.207,bitmex,A/USDT:USDT,0.4631,5500.0,0.4617,800.0,0.6947,5500.0,0.6983,10700.0
1753600601914,07:16:41.914,bitmex,A/USDT:USDT,0.4631,5500.0,0.4617,800.0,0.6947,5300.0,0.6983,10700.0
1753600601963,07:16:41.963,bitmex,A/USDT:USDT,0.4631,5500.0,0.4617,800.0,0.6947,5300.0,0.6983,10700.0
1753600602012,07:16:42.012,bitmex,A/USDT:USDT,0.4631,5500.0,0.4617,800.0,0.6947,5300.0,0.6982,10800.0
1753600604184,07:16:44.184,bitmex,A/USDT:USDT,0.4631,5500.0,0.4617,800.0,0.6947,5300.0,0.6982,10800.0
1753600604233,07:16:44.233,bitmex,A/USDT:USDT,0.4631,5500.0,0.4617,800.0,0.6947,5300.0,0.6982,10800.0
1753600605818,07:16:45.818,bitmex,A/USDT:USDT,0.4631,5500.0,0.4617,800.0,0.6947,5300.0,0.6982,10800.0
1753600605867,07:16:45.867,bitmex,A/USDT:USDT,0.4631,5500.0,0.4617,800.0,0.6947,5300.0,0.6982,10800.0
1753600607832,07:16:47.832,bitmex,A/USDT:USDT,0.4631,5500.0,0.4617,800.0,0.6947,5300.0,0.6982,10800.0
1753600607882,07:16:47.882,bitmex,A/USDT:USDT,0.4631,5500.0,0.4617,800.0,0.6947,5300.0,0.6982,10800.0
1753600609983,07:16:49.983,bitmex,A/USDT:USDT,0.4631,5500.0,0.4617,800.0,0.6947,5300.0,0.6982,10800.0
1753600610033,07:16:50.033,bitmex,A/USDT:USDT,0.4631,5500.0,0.4617,800.0,0.6947,5300.0,0.6982,10800.0
1753600611716,07:16:51.716,bitmex,A/USDT:USDT,0.4631,5500.0,0.4617,800.0,0.6947,5300.0,0.6982,10800.0
1753600611765,07:16:51.765,bitmex,A/USDT:USDT,0.4631,5500.0,0.4617,800.0,0.6947,5300.0,0.6982,10800.0
1753600613634,07:16:53.634,bitmex,A/USDT:USDT,0.4631,5500.0,0.4617,800.0,0.6947,5300.0,0.6982,10800.0
1753600615826,07:16:55.826,bitmex,A/USDT:USDT,0.463,5300.0,0.4617,800.0,0.6947,5300.0,0.6982,10800.0
1753600615896,07:16:55.896,bitmex,A/USDT:USDT,0.463,5300.0,0.4617,800.0,0.6947,5300.0,0.6982,10800.0
1753600615946,07:16:55.946,bitmex,A/USDT:USDT,0.463,5300.0,0.4617,800.0,0.6947,5500.0,0.6982,10800.0
1753600617596,07:16:57.596,bitmex,A/USDT:USDT,0.463,5200.0,0.4617,800.0,0.6947,5500.0,0.6982,10800.0
1753600617645,07:16:57.645,bitmex,A/USDT:USDT,0.463,5200.0,0.4617,800.0,0.6946,5600.0,0.6982,10800.0
1753600619487,07:16:59.487,bitmex,A/USDT:USDT,0.463,5500.0,0.4617,800.0,0.6946,5600.0,0.6982,10800.0
1753600619563,07:16:59.563,bitmex,A/USDT:USDT,0.463,5500.0,0.4617,800.0,0.6946,5600.0,0.6982,10800.0
1753600619613,07:16:59.613,bitmex,A/USDT:USDT,0.463,5500.0,0.4617,800.0,0.6946,5400.0,0.6982,10800.0
1753600621745,07:17:01.745,bitmex,A/USDT:USDT,0.463,5500.0,0.4617,800.0,0.6946,5400.0,0.6982,10800.0
1753600621794,07:17:01.794,bitmex,A/USDT:USDT,0.463,5500.0,0.4617,800.0,0.6946,5400.0,0.6982,10800.0
1753600623455,07:17:03.455,bitmex,A/USDT:USDT,0.4629,5200.0,0.4617,800.0,0.6946,5400.0,0.6982,10800.0
1753600623505,07:17:03.505,bitmex,A/USDT:USDT,0.4629,5200.0,0.4617,800.0,0.6945,5200.0,0.6982,10800.0
1753600625404,07:17:05.404,bitmex,A/USDT:USDT,0.4629,5200.0,0.4617,800.0,0.6945,5200.0,0.6982,10800.0
1753600625453,07:17:05.453,bitmex,A/USDT:USDT,0.4629,5400.0,0.4617,800.0,0.6945,5300.0,0.698,10300.0
1753600627597,07:17:07.597,bitmex,A/USDT:USDT,0.4629,5400.0,0.4617,800.0,0.6945,5300.0,0.698,10300.0
1753600627646,07:17:07.646,bitmex,A/USDT:USDT,0.4629,5400.0,0.4617,800.0,0.6945,5300.0,0.698,10300.0
1753600629263,07:17:09.263,bitmex,A/USDT:USDT,0.4629,5500.0,0.4617,800.0,0.6945,5300.0,0.698,10300.0
1753600629315,07:17:09.315,bitmex,A/USDT:USDT,0.4629,5500.0,0.4617,800.0,0.6945,5300.0,0.698,10300.0
1753600629364,07:17:09.364,bitmex,A/USDT:USDT,0.4629,5500.0,0.4617,800.0,0.6945,5600.0,0.698,10300.0
1753600631203,07:17:11.203,bitmex,A/USDT:USDT,0.4634,5400.0,0.4617,800.0,0.6945,5600.0,0.698,10300.0
1753600631252,07:17:11.252,bitmex,A/USDT:USDT,0.4634,5400.0,0.4617,800.0,0.6952,5300.0,0.698,10300.0
1753600631301,07:17:11.301,bitmex,A/USDT:USDT,0.4634,5400.0,0.4617,800.0,0.6952,5300.0,0.698,10300.0
1753600633415,07:17:13.415,bitmex,A/USDT:USDT,0.4634,5400.0,0.4617,800.0,0.6952,5300.0,0.698,10300.0
1753600633465,07:17:13.465,bitmex,A/USDT:USDT,0.4633,5200.0,0.4617,800.0,0.6951,5400.0,0.698,10300.0
1753600635115,07:17:15.115,bitmex,A/USDT:USDT,0.4633,5200.0,0.4617,800.0,0.6951,5400.0,0.698,10300.0
1753600635173,07:17:15.173,bitmex,A/USDT:USDT,0.4633,5200.0,0.4617,800.0,0.6951,5400.0,0.698,10300.0
1753600637634,07:17:17.634,bitmex,A/USDT:USDT,0.4632,5500.0,0.4617,800.0,0.6951,5400.0,0.698,10300.0
1753600637684,07:17:17.684,bitmex,A/USDT:USDT,0.4632,5500.0,0.4617,800.0,0.695,5400.0,0.698,10300.0
1753600637733,07:17:17.733,bitmex,A/USDT:USDT,0.4632,5500.0,0.4617,800.0,0.695,5400.0,0.698,10300.0
1753600639178,07:17:19.178,bitmex,A/USDT:USDT,0.4632,5300.0,0.4617,800.0,0.695,5400.0,0.698,10300.0
1753600639227,07:17:19.227,bitmex,A/USDT:USDT,0.4632,5300.0,0.4617,800.0,0.6949,5200.0,0.698,10300.0
1753600639276,07:17:19.276,bitmex,A/USDT:USDT,0.4632,5300.0,0.4617,800.0,0.6949,5200.0,0.698,10300.0
1753600641099,07:17:21.099,bitmex,A/USDT:USDT,0.4632,5600.0,0.4617,800.0,0.6949,5200.0,0.698,10300.0
1753600641204,07:17:21.204,bitmex,A/USDT:USDT,0.4632,5600.0,0.4617,800.0,0.6949,5200.0,0.698,10300.0
1753600641253,07:17:21.253,bitmex,A/USDT:USDT,0.4632,5600.0,0.4617,800.0,0.6949,5300.0,0.698,10300.0
1753600643427,07:17:23.427,bitmex,A/USDT:USDT,0.4632,5600.0,0.4617,800.0,0.6949,5500.0,0.698,10300.0
1753600643476,07:17:23.476,bitmex,A/USDT:USDT,0.4632,5400.0,0.4617,800.0,0.6949,5500.0,0.698,10300.0
1753600643525,07:17:23.525,bitmex,A/USDT:USDT,0.4632,5400.0,0.4617,800.0,0.6949,5500.0,0.698,10300.0
1753600645011,07:17:25.011,bitmex,A/USDT:USDT,0.4632,5400.0,0.4617,800.0,0.6949,5500.0,0.698,10300.0
1753600645060,07:17:25.060,bitmex,A/USDT:USDT,0.4632,5300.0,0.4617,800.0,0.695,5600.0,0.698,10300.0
1753600645109,07:17:25.109,bitmex,A/USDT:USDT,0.4632,5300.0,0.4617,800.0,0.695,5600.0,0.698,10300.0
1753600646986,07:17:26.986,bitmex,A/USDT:USDT,0.4632,5600.0,0.4617,800.0,0.695,5600.0,0.698,10300.0
1753600647035,07:17:27.035,bitmex,A/USDT:USDT,0.4632,5600.0,0.4617,800.0,0.695,5200.0,0.698,10300.0
1753600649256,07:17:29.256,bitmex,A/USDT:USDT,0.4632,5600.0,0.4617,800.0,0.695,5200.0,0.698,10300.0
1753600649305,07:17:29.305,bitmex,A/USDT:USDT,0.4632,5600.0,0.4617,800.0,0.695,5200.0,0.6985,10400.0
1753600650863,07:17:30.863,bitmex,A/USDT:USDT,0.4632,5600.0,0.4617,800.0,0.695,5200.0,0.6985,10400.0
1753600650913,07:17:30.913,bitmex,A/USDT:USDT,0.4632,5600.0,0.4617,800.0,0.695,5600.0,0.6985,10400.0
1753600650962,07:17:30.962,bitmex,A/USDT:USDT,0.4632,5600.0,0.4617,800.0,0.695,5600.0,0.6985,10400.0
1753600652749,07:17:32.749,bitmex,A/USDT:USDT,0.4632,5600.0,0.4617,800.0,0.695,5600.0,0.6985,10400.0
1753600652799,07:17:32.799,bitmex,A/USDT:USDT,0.4632,5400.0,0.4617,800.0,0.695,5300.0,0.6985,10400.0
1753600654901,07:17:34.901,bitmex,A/USDT:USDT,0.4633,5300.0,0.4617,800.0,0.695,5300.0,0.6985,10400.0
1753600654950,07:17:34.950,bitmex,A/USDT:USDT,0.4633,5300.0,0.4617,800.0,0.695,5600.0,0.6985,10400.0
1753600654999,07:17:34.999,bitmex,A/USDT:USDT,0.4633,5300.0,0.4617,800.0,0.695,5600.0,0.6985,10400.0
1753600655048,07:17:35.048,bitmex,A/USDT:USDT,0.4633,5300.0,0.4617,800.0,0.695,5600.0,0.6985,10400.0
1753600657134,07:17:37.134,bitmex,A/USDT:USDT,0.4633,5500.0,0.4617,800.0,0.695,5600.0,0.6985,10400.0
1753600657183,07:17:37.183,bitmex,A/USDT:USDT,0.4633,5500.0,0.4617,800.0,0.6951,5200.0,0.6985,10400.0
1753600658969,07:17:38.969,bitmex,A/USDT:USDT,0.4633,5500.0,0.4617,800.0,0.6951,5200.0,0.6985,10400.0
1753600659018,07:17:39.018,bitmex,A/USDT:USDT,0.4633,5500.0,0.4617,800.0,0.6951,5200.0,0.6985,10400.0
1753600660963,07:17:40.963,bitmex,A/USDT:USDT,0.4633,5500.0,0.4617,800.0,0.695,5500.0,0.6985,10400.0
1753600661013,07:17:41.013,bitmex,A/USDT:USDT,0.4633,5500.0,0.4617,800.0,0.695,5500.0,0.6985,10400.0
1753600662816,07:17:42.816,bitmex,A/USDT:USDT,0.4633,5400.0,0.4617,800.0,0.695,5500.0,0.6985,10400.0
1753600662878,07:17:42.878,bitmex,A/USDT:USDT,0.4633,5400.0,0.4617,800.0,0.695,5500.0,0.6985,10400.0
1753600662927,07:17:42.927,bitmex,A/USDT:USDT,0.4633,5400.0,0.4617,800.0,0.695,5600.0,0.6985,10400.0
1753600664775,07:17:44.775,bitmex,A/USDT:USDT,0.4633,5400.0,0.4617,800.0,0.695,5200.0,0.6985,10400.0
1753600664843,07:17:44.843,bitmex,A/USDT:USDT,0.4633,5500.0,0.4617,800.0,0.695,5200.0,0.6985,10400.0
1753600664893,07:17:44.893,bitmex,A/USDT:USDT,0.4633,5500.0,0.4617,800.0,0.695,5200.0,0.6985,10400.0
1753600664942,07:17:44.942,bitmex,A/USDT:USDT,0.4633,5500.0,0.4617,800.0,0.695,5200.0,0.6985,10400.0
1753600666742,07:17:46.742,bitmex,A/USDT:USDT,0.4633,5500.0,0.4617,800.0,0.695,5200.0,0.6985,10400.0
1753600666791,07:17:46.791,bitmex,A/USDT:USDT,0.4633,5500.0,0.4617,800.0,0.695,5200.0,0.6985,10400.0
1753600669097,07:17:49.097,bitmex,A/USDT:USDT,0.4633,5500.0,0.4617,800.0,0.695,5200.0,0.6985,10400.0
1753600669146,07:17:49.146,bitmex,A/USDT:USDT,0.4633,5500.0,0.4617,800.0,0.695,5200.0,0.6985,10400.0
1753600671056,07:17:51.056,bitmex,A/USDT:USDT,0.4633,5500.0,0.4617,800.0,0.695,5200.0,0.6985,10400.0
1753600671105,07:17:51.105,bitmex,A/USDT:USDT,0.4634,5500.0,0.4617,800.0,0.6952,5300.0,0.6985,10400.0
1753600672983,07:17:52.983,bitmex,A/USDT:USDT,0.4634,5500.0,0.4617,800.0,0.6952,5600.0,0.6985,10400.0
1753600673033,07:17:53.033,bitmex,A/USDT:USDT,0.4634,5200.0,0.4617,800.0,0.6952,5600.0,0.6987,10200.0
1753600674946,07:17:54.946,bitmex,A/USDT:USDT,0.4634,5200.0,0.4617,800.0,0.6952,5600.0,0.6987,10200.0
1753600674995,07:17:54.995,bitmex,A/USDT:USDT,0.4634,5500.0,0.4617,800.0,0.6952,5600.0,0.6987,10200.0
1753600677025,07:17:57.025,bitmex,A/USDT:USDT,0.4634,5500.0,0.4617,800.0,0.6952,5600.0,0.6987,10200.0
1753600678854,07:17:58.854,bitmex,A/USDT:USDT,0.4634,5500.0,0.4617,800.0,0.6952,5500.0,0.6987,10200.0
1753600678903,07:17:58.903,bitmex,A/USDT:USDT,0.4634,5400.0,0.4617,800.0,0.6952,5500.0,0.6987,10200.0
1753600678952,07:17:58.952,bitmex,A/USDT:USDT,0.4634,5400.0,0.4617,800.0,0.6952,5500.0,0.6987,10200.0
1753600680845,07:18:00.845,bitmex,A/USDT:USDT,0.4634,5300.0,0.4617,800.0,0.6952,5500.0,0.6987,10200.0
1753600680896,07:18:00.896,bitmex,A/USDT:USDT,0.4634,5300.0,0.4617,800.0,0.6953,5400.0,0.6987,10200.0
1753600680945,07:18:00.945,bitmex,A/USDT:USDT,0.4634,5300.0,0.4617,800.0,0.6953,5400.0,0.6987,10200.0
1753600682836,07:18:02.836,bitmex,A/USDT:USDT,0.4634,5300.0,0.4617,800.0,0.6953,5400.0,0.6987,10200.0
1753600682885,07:18:02.885,bitmex,A/USDT:USDT,0.4634,5300.0,0.4617,800.0,0.6953,5400.0,0.6987,10200.0
1753600684742,07:18:04.742,bitmex,A/USDT:USDT,0.4634,5300.0,0.4617,800.0,0.6953,5600.0,0.6987,10200.0
1753600684791,07:18:04.791,bitmex,A/USDT:USDT,0.4635,5200.0,0.4617,800.0,0.6953,5600.0,0.6987,10200.0
1753600684840,07:18:04.840,bitmex,A/USDT:USDT,0.4635,5200.0,0.4617,800.0,0.6953,5600.0,0.6987,10200.0
1753600686654,07:18:06.654,bitmex,A/USDT:USDT,0.4635,5400.0,0.4617,800.0,0.6953,5600.0,0.6987,10200.0
1753600686714,07:18:06.714,bitmex,A/USDT:USDT,0.4635,5400.0,0.4617,800.0,0.6953,5600.0,0.6987,10200.0
1753600686764,07:18:06.764,bitmex,A/USDT:USDT,0.4635,5400.0,0.4617,800.0,0.6953,5500.0,0.6987,10200.0
1753600688784,07:18:08.784,bitmex,A/USDT:USDT,0.4635,5400.0,0.4617,800.0,0.6953,5500.0,0.6987,10200.0
1753600688834,07:18:08.834,bitmex,A/USDT:USDT,0.4635,5400.0,0.4617,800.0,0.6953,5500.0,0.6987,10200.0
1753600690664,07:18:10.664,bitmex,A/USDT:USDT,0.4635,5400.0,0.4617,800.0,0.6953,5500.0,0.6987,10200.0
1753600692575,07:18:12.575,bitmex,A/USDT:USDT,0.4635,5400.0,0.4617,800.0,0.6953,5500.0,0.6987,10200.0
1753600692624,07:18:12.624,bitmex,A/USDT:USDT,0.4635,5400.0,0.4617,800.0,0.6953,5500.0,0.6987,10200.0
1753600694566,07:18:14.566,bitmex,A/USDT:USDT,0.4635,5400.0,0.4617,800.0,0.6953,5500.0,0.6987,10200.0
1753600694615,07:18:14.615,bitmex,A/USDT:USDT,0.4635,5400.0,0.4617,800.0,0.6953,5500.0,0.6987,10200.0
1753600696596,07:18:16.596,bitmex,A/USDT:USDT,0.4635,5400.0,0.4617,800.0,0.6953,5500.0,0.6987,10200.0
1753600696645,07:18:16.645,bitmex,A/USDT:USDT,0.4635,5400.0,0.4617,800.0,0.6953,5500.0,0.6988,11000.0
1753600698405,07:18:18.405,bitmex,A/USDT:USDT,0.4635,5400.0,0.4617,800.0,0.6953,5400.0,0.6988,11000.0
1753600698454,07:18:18.454,bitmex,A/USDT:USDT,0.4635,5300.0,0.4617,800.0,0.6953,5400.0,0.6988,11000.0
1753600700414,07:18:20.414,bitmex,A/USDT:USDT,0.4635,5300.0,0.4617,800.0,0.6953,5400.0,0.6988,11000.0
1753600700473,07:18:20.473,bitmex,A/USDT:USDT,0.4635,5300.0,0.4617,800.0,0.6953,5400.0,0.6988,11000.0
1753600702385,07:18:22.385,bitmex,A/USDT:USDT,0.4635,5600.0,0.4617,800.0,0.6953,5400.0,0.6988,11000.0
1753600702455,07:18:22.455,bitmex,A/USDT:USDT,0.4635,5600.0,0.4617,800.0,0.6954,5600.0,0.6988,11000.0
1753600702505,07:18:22.505,bitmex,A/USDT:USDT,0.4635,5600.0,0.4617,800.0,0.6954,5600.0,0.6988,11000.0
1753600704348,07:18:24.348,bitmex,A/USDT:USDT,0.4635,5600.0,0.4617,800.0,0.6954,5300.0,0.6988,11000.0
1753600704398,07:18:24.398,bitmex,A/USDT:USDT,0.4635,5400.0,0.4617,800.0,0.6954,5300.0,0.6988,11000.0
1753600706372,07:18:26.372,bitmex,A/USDT:USDT,0.4635,5400.0,0.4617,800.0,0.6954,5300.0,0.6988,11000.0
1753600706422,07:18:26.422,bitmex,A/USDT:USDT,0.4635,5400.0,0.4617,800.0,0.6954,5300.0,0.6988,11000.0
1753600708344,07:18:28.344,bitmex,A/USDT:USDT,0.4635,5400.0,0.4617,800.0,0.6954,5300.0,0.6988,11000.0
1753600708394,07:18:28.394,bitmex,A/USDT:USDT,0.4635,5400.0,0.4617,800.0,0.6954,5300.0,0.6988,11000.0
1753600710262,07:18:30.262,bitmex,A/USDT:USDT,0.4635,5400.0,0.4617,800.0,0.6954,5300.0,0.6988,11000.0
1753600710312,07:18:30.312,bitmex,A/USDT:USDT,0.4635,5400.0,0.4617,800.0,0.6954,5300.0,0.6988,11000.0
1753600712119,07:18:32.119,bitmex,A/USDT:USDT,0.4635,5400.0,0.4617,800.0,0.6954,5300.0,0.6988,11000.0
1753600712168,07:18:32.168,bitmex,A/USDT:USDT,0.4635,5400.0,0.4617,800.0,0.6954,5300.0,0.6988,11000.0
1753600714046,07:18:34.046,bitmex,A/USDT:USDT,0.4635,5400.0,0.4617,800.0,0.6954,5300.0,0.6988,11000.0
1753600714095,07:18:34.095,bitmex,A/USDT:USDT,0.4635,5400.0,0.4617,800.0,0.6954,5300.0,0.6988,11000.0
1753600715963,07:18:35.963,bitmex,A/USDT:USDT,0.4635,5400.0,0.4617,800.0,0.6954,5300.0,0.6988,11000.0
1753600716012,07:18:36.012,bitmex,A/USDT:USDT,0.4635,5400.0,0.4617,800.0,0.6954,5300.0,0.6988,11000.0
1753600717909,07:18:37.909,bitmex,A/USDT:USDT,0.4635,5400.0,0.4617,800.0,0.6954,5300.0,0.6988,11000.0
1753600717959,07:18:37.959,bitmex,A/USDT:USDT,0.4635,5400.0,0.4617,800.0,0.6954,5300.0,0.6988,11000.0
1753600719854,07:18:39.854,bitmex,A/USDT:USDT,0.4635,5400.0,0.4617,800.0,0.6954,5300.0,0.6988,10500.0
1753600719903,07:18:39.903,bitmex,A/USDT:USDT,0.4635,5400.0,0.4617,800.0,0.6954,5300.0,0.6988,10500.0
1753600722575,07:18:42.575,bitmex,A/USDT:USDT,0.4635,5400.0,0.4617,800.0,0.6954,5600.0,0.6988,10500.0
1753600722624,07:18:42.624,bitmex,A/USDT:USDT,0.4635,5600.0,0.4617,800.0,0.6954,5600.0,0.6988,10500.0
1753600722673,07:18:42.673,bitmex,A/USDT:USDT,0.4635,5600.0,0.4617,800.0,0.6954,5600.0,0.6988,10500.0
1753600724403,07:18:44.403,bitmex,A/USDT:USDT,0.4637,5600.0,0.4617,800.0,0.6954,5600.0,0.6988,10500.0
1753600724453,07:18:44.453,bitmex,A/USDT:USDT,0.4637,5600.0,0.4617,800.0,0.6956,5500.0,0.6988,10500.0
1753600726416,07:18:46.416,bitmex,A/USDT:USDT,0.4637,5600.0,0.4617,800.0,0.6956,5500.0,0.6988,10500.0
1753600726466,07:18:46.466,bitmex,A/USDT:USDT,0.4637,5600.0,0.4617,800.0,0.6956,5500.0,0.6988,10500.0
1753600728309,07:18:48.309,bitmex,A/USDT:USDT,0.4637,5600.0,0.4617,800.0,0.6956,5500.0,0.6988,10500.0
1753600728359,07:18:48.359,bitmex,A/USDT:USDT,0.4637,5600.0,0.4617,800.0,0.6956,5500.0,0.6988,10500.0
1753600730263,07:18:50.263,bitmex,A/USDT:USDT,0.4637,5600.0,0.4617,800.0,0.6956,5500.0,0.6988,10500.0
1753600730312,07:18:50.312,bitmex,A/USDT:USDT,0.4637,5600.0,0.4617,800.0,0.6956,5500.0,0.6988,10500.0
1753600732254,07:18:52.254,bitmex,A/USDT:USDT,0.4636,5200.0,0.4617,800.0,0.6956,5500.0,0.6988,10500.0
1753600732304,07:18:52.304,bitmex,A/USDT:USDT,0.4636,5200.0,0.4617,800.0,0.6955,5300.0,0.6988,10500.0
1753600734175,07:18:54.175,bitmex,A/USDT:USDT,0.4636,5200.0,0.4617,800.0,0.6955,5300.0,0.6988,10500.0
1753600734225,07:18:54.225,bitmex,A/USDT:USDT,0.4636,5200.0,0.4617,800.0,0.6955,5300.0,0.6988,10500.0
1753600736133,07:18:56.133,bitmex,A/USDT:USDT,0.4636,5200.0,0.4617,800.0,0.6955,5300.0,0.6988,10500.0
1753600736183,07:18:56.183,bitmex,A/USDT:USDT,0.4636,5200.0,0.4617,800.0,0.6955,5300.0,0.6988,10500.0
1753600738074,07:18:58.074,bitmex,A/USDT:USDT,0.4636,5200.0,0.4617,800.0,0.6955,5300.0,0.6988,10500.0
1753600740029,07:19:00.029,bitmex,A/USDT:USDT,0.4636,5200.0,0.4617,800.0,0.6955,5300.0,0.6988,10500.0
1753600740079,07:19:00.079,bitmex,A/USDT:USDT,0.4636,5200.0,0.4617,800.0,0.6955,5600.0,0.6988,10500.0
1753600741983,07:19:01.983,bitmex,A/USDT:USDT,0.4636,5200.0,0.4617,800.0,0.6955,5600.0,0.6988,10500.0
1753600742033,07:19:02.033,bitmex,A/USDT:USDT,0.4636,5200.0,0.4617,800.0,0.6955,5300.0,0.6988,10500.0
1753600743994,07:19:03.994,bitmex,A/USDT:USDT,0.4636,5200.0,0.4617,800.0,0.6955,5300.0,0.6988,10500.0
1753600744044,07:19:04.044,bitmex,A/USDT:USDT,0.4636,5200.0,0.4617,800.0,0.6955,5300.0,0.6989,10500.0
1753600745890,07:19:05.890,bitmex,A/USDT:USDT,0.4636,5200.0,0.4617,800.0,0.6955,5300.0,0.6989,10500.0
1753600745940,07:19:05.940,bitmex,A/USDT:USDT,0.4636,5200.0,0.4617,800.0,0.6955,5300.0,0.6989,10500.0
1753600747841,07:19:07.841,bitmex,A/USDT:USDT,0.4636,5200.0,0.4617,800.0,0.6955,5300.0,0.6989,10500.0
1753600747891,07:19:07.891,bitmex,A/USDT:USDT,0.4636,5200.0,0.4617,800.0,0.6955,5300.0,0.6989,10500.0
1753600749825,07:19:09.825,bitmex,A/USDT:USDT,0.4636,5200.0,0.4617,800.0,0.6955,5300.0,0.6989,10500.0
1753600749874,07:19:09.874,bitmex,A/USDT:USDT,0.4636,5200.0,0.4617,800.0,0.6955,5300.0,0.6989,10500.0
1753600751745,07:19:11.745,bitmex,A/USDT:USDT,0.4636,5200.0,0.4617,800.0,0.6955,5300.0,0.6989,10500.0
1753600751794,07:19:11.794,bitmex,A/USDT:USDT,0.4636,5200.0,0.4617,800.0,0.6955,5300.0,0.6989,10500.0
1753600753699,07:19:13.699,bitmex,A/USDT:USDT,0.4636,5200.0,0.4617,800.0,0.6955,5200.0,0.6989,10500.0
1753600753748,07:19:13.748,bitmex,A/USDT:USDT,0.4636,5500.0,0.4617,800.0,0.6955,5200.0,0.6989,10500.0
1753600755695,07:19:15.695,bitmex,A/USDT:USDT,0.4636,5500.0,0.4617,800.0,0.6955,5200.0,0.6989,10500.0
1753600755744,07:19:15.744,bitmex,A/USDT:USDT,0.4636,5500.0,0.4617,800.0,0.6955,5200.0,0.6989,10500.0
1753600758092,07:19:18.092,bitmex,A/USDT:USDT,0.4636,5500.0,0.4617,800.0,0.6955,5300.0,0.6989,10500.0
1753600758142,07:19:18.142,bitmex,A/USDT:USDT,0.4636,5400.0,0.4617,800.0,0.6955,5300.0,0.6989,10500.0
1753600758191,07:19:18.191,bitmex,A/USDT:USDT,0.4636,5400.0,0.4617,800.0,0.6955,5300.0,0.6989,10500.0
1753600758240,07:19:18.240,bitmex,A/USDT:USDT,0.4636,5400.0,0.4617,800.0,0.6955,5300.0,0.6989,10500.0
1753600759916,07:19:19.916,bitmex,A/USDT:USDT,0.4636,5400.0,0.4617,800.0,0.6955,5300.0,0.6989,10500.0
1753600759965,07:19:19.965,bitmex,A/USDT:USDT,0.4636,5400.0,0.4617,800.0,0.6955,5300.0,0.6989,10500.0
1753600761869,07:19:21.869,bitmex,A/USDT:USDT,0.4636,5600.0,0.4617,800.0,0.6955,5300.0,0.6989,10500.0
1753600761919,07:19:21.919,bitmex,A/USDT:USDT,0.4636,5600.0,0.4617,800.0,0.6955,5400.0,0.6989,10500.0
1753600763823,07:19:23.823,bitmex,A/USDT:USDT,0.4636,5600.0,0.4617,800.0,0.6955,5400.0,0.6989,10500.0
1753600763873,07:19:23.873,bitmex,A/USDT:USDT,0.4636,5400.0,0.4617,800.0,0.6955,5200.0,0.6989,10500.0
1753600766073,07:19:26.073,bitmex,A/USDT:USDT,0.4636,5400.0,0.4617,800.0,0.6955,5200.0,0.6989,10500.0
1753600766123,07:19:26.123,bitmex,A/USDT:USDT,0.4636,5400.0,0.4617,800.0,0.6956,5200.0,0.6989,10500.0
1753600767724,07:19:27.724,bitmex,A/USDT:USDT,0.4636,5400.0,0.4617,800.0,0.6961,5500.0,0.6989,10500.0
1753600767773,07:19:27.773,bitmex,A/USDT:USDT,0.464,5200.0,0.4617,800.0,0.6961,5500.0,0.6989,10500.0
1753600767822,07:19:27.822,bitmex,A/USDT:USDT,0.464,5200.0,0.4617,800.0,0.6961,5500.0,0.6996,10700.0
1753600769707,07:19:29.707,bitmex,A/USDT:USDT,0.464,5200.0,0.4617,800.0,0.6961,5500.0,0.6996,10700.0
1753600769757,07:19:29.757,bitmex,A/USDT:USDT,0.464,5200.0,0.4617,800.0,0.6961,5500.0,0.6996,10700.0
1753600771856,07:19:31.856,bitmex,A/USDT:USDT,0.464,5200.0,0.4617,800.0,0.6961,5500.0,0.6996,10700.0
1753600771905,07:19:31.905,bitmex,A/USDT:USDT,0.464,5400.0,0.4617,800.0,0.6961,5500.0,0.6996,10700.0
1753600773726,07:19:33.726,bitmex,A/USDT:USDT,0.464,5400.0,0.4617,800.0,0.6961,5500.0,0.6996,10700.0
1753600773776,07:19:33.776,bitmex,A/USDT:USDT,0.464,5400.0,0.4617,800.0,0.6961,5500.0,0.6996,10700.0
1753600775916,07:19:35.916,bitmex,A/USDT:USDT,0.464,5400.0,0.4617,800.0,0.6961,5500.0,0.6996,10700.0
1753600775966,07:19:35.966,bitmex,A/USDT:USDT,0.4641,5200.0,0.4617,800.0,0.6963,5400.0,0.6996,10700.0
1753600777494,07:19:37.494,bitmex,A/USDT:USDT,0.4641,5200.0,0.4617,800.0,0.6963,5400.0,0.6996,10700.0
1753600777543,07:19:37.543,bitmex,A/USDT:USDT,0.4641,5600.0,0.4617,800.0,0.6963,5400.0,0.6996,10700.0
1753600779458,07:19:39.458,bitmex,A/USDT:USDT,0.4641,5200.0,0.4617,800.0,0.6963,5400.0,0.6996,10700.0
1753600779508,07:19:39.508,bitmex,A/USDT:USDT,0.4641,5200.0,0.4618,9900.0,0.6963,5600.0,0.6996,10700.0
1753600780416,07:19:40.416,bitmex,A/USDT:USDT,0.4641,5200.0,0.4619,800.0,0.6963,5600.0,0.6996,10700.0
1753600780465,07:19:40.465,bitmex,A/USDT:USDT,0.4641,5200.0,0.4619,800.0,0.6963,5600.0,0.6996,10700.0
1753600781657,07:19:41.657,bitmex,A/USDT:USDT,0.4641,5300.0,0.4619,800.0,0.6963,5600.0,0.6996,10700.0
1753600781707,07:19:41.707,bitmex,A/USDT:USDT,0.4641,5300.0,0.4619,800.0,0.6963,5300.0,0.6996,10700.0
1753600781756,07:19:41.756,bitmex,A/USDT:USDT,0.4641,5300.0,0.4619,800.0,0.6963,5300.0,0.6996,10700.0
1753600781805,07:19:41.805,bitmex,A/USDT:USDT,0.4641,5300.0,0.4619,800.0,0.6963,5300.0,0.6996,10700.0
1753600783359,07:19:43.359,bitmex,A/USDT:USDT,0.4641,5300.0,0.4619,800.0,0.6963,5300.0,0.6996,10700.0
1753600783408,07:19:43.408,bitmex,A/USDT:USDT,0.4641,5300.0,0.4619,800.0,0.6963,5300.0,0.6996,10700.0
1753600785475,07:19:45.475,bitmex,A/USDT:USDT,0.4641,5300.0,0.4619,800.0,0.696,5400.0,0.6996,10700.0
1753600785525,07:19:45.525,bitmex,A/USDT:USDT,0.4639,5400.0,0.4619,800.0,0.696,5400.0,0.6996,10700.0
1753600785575,07:19:45.575,bitmex,A/USDT:USDT,0.4639,5400.0,0.4619,800.0,0.696,5400.0,0.6996,10700.0
1753600787624,07:19:47.624,bitmex,A/USDT:USDT,0.464,5200.0,0.4619,800.0,0.696,5400.0,0.6996,10700.0
1753600787674,07:19:47.674,bitmex,A/USDT:USDT,0.464,5200.0,0.4619,800.0,0.6961,5200.0,0.6996,10700.0
1753600787723,07:19:47.723,bitmex,A/USDT:USDT,0.464,5200.0,0.4619,800.0,0.6961,5200.0,0.6996,10700.0
1753600789286,07:19:49.286,bitmex,A/USDT:USDT,0.464,5200.0,0.4619,800.0,0.6961,5200.0,0.6996,10700.0
1753600789335,07:19:49.335,bitmex,A/USDT:USDT,0.464,5600.0,0.4619,800.0,0.6961,5600.0,0.6996,10700.0
1753600791232,07:19:51.232,bitmex,A/USDT:USDT,0.464,5600.0,0.4619,800.0,0.6961,5600.0,0.6996,10700.0
1753600793374,07:19:53.374,bitmex,A/USDT:USDT,0.464,5600.0,0.4619,800.0,0.6961,5600.0,0.6996,10700.0
1753600793424,07:19:53.424,bitmex,A/USDT:USDT,0.464,5600.0,0.4619,800.0,0.6961,5600.0,0.6996,10700.0
1753600795258,07:19:55.258,bitmex,A/USDT:USDT,0.464,5600.0,0.4619,800.0,0.6961,5600.0,0.6996,10700.0
1753600797144,07:19:57.144,bitmex,A/USDT:USDT,0.464,5600.0,0.4619,800.0,0.6961,5600.0,0.6996,10700.0
1753600797193,07:19:57.193,bitmex,A/USDT:USDT,0.464,5600.0,0.4619,800.0,0.6961,5600.0,0.6996,10700.0
1753600799295,07:19:59.295,bitmex,A/USDT:USDT,0.464,5600.0,0.4619,800.0,0.6961,5600.0,0.6996,10700.0
1753600799345,07:19:59.345,bitmex,A/USDT:USDT,0.464,5600.0,0.4619,800.0,0.6961,5600.0,0.6996,10700.0
1753600801473,07:20:01.473,bitmex,A/USDT:USDT,0.464,5600.0,0.4619,800.0,0.6961,5600.0,0.6996,10700.0
1753600801533,07:20:01.533,bitmex,A/USDT:USDT,0.464,5600.0,0.4619,800.0,0.6961,5600.0,0.6996,10700.0
1753600803413,07:20:03.413,bitmex,A/USDT:USDT,0.464,5600.0,0.4619,800.0,0.6961,5600.0,0.6996,10700.0
1753600803462,07:20:03.462,bitmex,A/USDT:USDT,0.464,5600.0,0.4619,800.0,0.6961,5600.0,0.6996,10700.0
