timestamp,time,exchange,symbol,bid1_price,bid1_volume,bid2_price,bid2_volume,ask1_price,ask1_volume,ask2_price,ask2_volume
1753599992006,07:06:32.006,okx,AAVE/USDT:USDT,296.07,24.4,296.06,13.2,296.08,37.7,296.1,13.8
1753599992106,07:06:32.106,okx,AAVE/USDT:USDT,296.07,38.3,296.06,13.2,296.08,13.0,296.1,13.8
1753599992206,07:06:32.206,okx,AAVE/USDT:USDT,296.07,171.2,296.06,13.2,296.08,29.6,296.1,13.8
1753599992306,07:06:32.306,okx,AAVE/USDT:USDT,296.07,171.4,296.06,13.2,296.08,29.6,296.1,13.8
1753599992406,07:06:32.406,okx,AAVE/USDT:USDT,296.07,195.1,296.06,82.6,296.08,29.8,296.1,0.6
1753599992506,07:06:32.506,okx,AAVE/USDT:USDT,296.07,195.1,296.06,82.6,296.08,29.8,296.1,0.6
1753599992806,07:06:32.806,okx,AAVE/USDT:USDT,296.07,194.9,296.06,82.6,296.08,29.8,296.1,0.6
1753599993006,07:06:33.006,okx,AAVE/USDT:USDT,296.07,195.1,296.06,82.6,296.08,29.8,296.1,0.6
1753599993306,07:06:33.306,okx,AAVE/USDT:USDT,296.07,193.7,296.06,82.6,296.08,29.8,296.1,0.6
1753599993406,07:06:33.406,okx,AAVE/USDT:USDT,296.07,193.7,296.06,82.6,296.08,29.8,296.1,0.6
1753599993806,07:06:33.806,okx,AAVE/USDT:USDT,296.07,61.5,296.06,13.2,296.08,0.2,296.1,13.2
1753599993906,07:06:33.906,okx,AAVE/USDT:USDT,296.07,61.3,296.06,49.4,296.08,33.7,296.1,13.2
1753599994206,07:06:34.206,okx,AAVE/USDT:USDT,296.07,4.4,296.06,12.6,296.08,47.8,296.1,13.2
1753599994306,07:06:34.306,okx,AAVE/USDT:USDT,296.07,4.4,296.06,12.6,296.08,47.8,296.1,13.2
1753599994406,07:06:34.406,okx,AAVE/USDT:USDT,296.07,4.4,296.06,12.6,296.08,47.8,296.09,0.7
1753599994606,07:06:34.606,okx,AAVE/USDT:USDT,296.07,4.4,296.06,12.6,296.08,26.7,296.1,13.2
1753599994806,07:06:34.806,okx,AAVE/USDT:USDT,296.07,4.4,296.06,12.6,296.08,26.7,296.1,13.2
1753599994906,07:06:34.906,okx,AAVE/USDT:USDT,296.07,4.4,296.06,12.6,296.08,26.7,296.1,13.2
1753599995006,07:06:35.006,okx,AAVE/USDT:USDT,296.07,5.7,296.06,12.6,296.08,26.7,296.1,13.2
1753599995206,07:06:35.206,okx,AAVE/USDT:USDT,296.07,5.7,296.06,12.6,296.08,26.7,296.1,13.2
1753599995306,07:06:35.306,okx,AAVE/USDT:USDT,296.07,27.5,296.06,12.6,296.08,26.7,296.1,13.2
1753599995406,07:06:35.406,okx,AAVE/USDT:USDT,296.07,27.5,296.06,12.6,296.08,26.7,296.1,13.2
1753599995506,07:06:35.506,okx,AAVE/USDT:USDT,296.07,27.5,296.06,12.6,296.08,26.7,296.1,13.2
1753599995706,07:06:35.706,okx,AAVE/USDT:USDT,296.07,27.5,296.06,12.6,296.08,26.7,296.1,13.2
1753599995806,07:06:35.806,okx,AAVE/USDT:USDT,296.07,26.4,296.05,7.1,296.08,180.5,296.09,110.6
1753599995906,07:06:35.906,okx,AAVE/USDT:USDT,296.04,3.4,296.03,0.3,296.05,79.8,296.06,90.0
1753599996006,07:06:36.006,okx,AAVE/USDT:USDT,296.04,3.4,296.03,0.3,296.05,79.8,296.06,96.7
1753599996106,07:06:36.106,okx,AAVE/USDT:USDT,296.04,3.4,296.03,0.3,296.05,79.8,296.06,96.7
1753599996506,07:06:36.506,okx,AAVE/USDT:USDT,296.04,3.4,296.03,0.3,296.05,79.8,296.06,19.3
1753599996606,07:06:36.606,okx,AAVE/USDT:USDT,296.04,3.4,296.03,0.3,296.05,79.8,296.06,19.3
1753599996706,07:06:36.706,okx,AAVE/USDT:USDT,296.05,22.5,296.04,22.3,296.06,12.8,296.07,34.9
1753599996806,07:06:36.806,okx,AAVE/USDT:USDT,296.05,22.7,296.04,22.3,296.06,12.8,296.07,34.9
1753599996906,07:06:36.906,okx,AAVE/USDT:USDT,296.05,39.7,296.04,67.7,296.06,12.8,296.07,5.2
1753599997006,07:06:37.006,okx,AAVE/USDT:USDT,296.05,39.7,296.04,67.7,296.06,12.8,296.07,5.2
1753599997106,07:06:37.106,okx,AAVE/USDT:USDT,296.05,39.7,296.04,68.4,296.06,12.8,296.08,32.2
1753599997206,07:06:37.206,okx,AAVE/USDT:USDT,296.05,45.8,296.04,68.4,296.06,39.7,296.08,32.2
1753599997406,07:06:37.406,okx,AAVE/USDT:USDT,296.05,50.9,296.04,68.4,296.06,38.6,296.08,13.0
1753599997506,07:06:37.506,okx,AAVE/USDT:USDT,296.05,51.1,296.04,68.4,296.06,12.8,296.08,13.0
1753599997606,07:06:37.606,okx,AAVE/USDT:USDT,296.05,74.8,296.04,104.6,296.08,13.0,296.09,0.3
1753599997706,07:06:37.706,okx,AAVE/USDT:USDT,296.07,40.1,296.06,13.7,296.08,12.8,296.1,13.2
1753599997806,07:06:37.806,okx,AAVE/USDT:USDT,296.07,40.1,296.06,13.7,296.08,12.8,296.1,13.2
1753599998006,07:06:38.006,okx,AAVE/USDT:USDT,296.07,33.3,296.06,13.7,296.08,13.1,296.1,13.2
1753599998106,07:06:38.106,okx,AAVE/USDT:USDT,296.07,33.3,296.06,13.7,296.08,13.1,296.1,13.2
1753599998206,07:06:38.206,okx,AAVE/USDT:USDT,296.07,39.8,296.06,13.7,296.08,13.1,296.1,13.2
1753599998306,07:06:38.306,okx,AAVE/USDT:USDT,296.07,39.9,296.06,13.7,296.08,13.1,296.1,13.2
1753599998506,07:06:38.506,okx,AAVE/USDT:USDT,296.07,39.9,296.06,13.7,296.08,13.1,296.1,13.2
1753599998806,07:06:38.806,okx,AAVE/USDT:USDT,296.07,6.8,296.06,12.6,296.08,151.0,296.09,110.4
1753599999006,07:06:39.006,okx,AAVE/USDT:USDT,296.07,6.8,296.06,12.6,296.08,41.8,296.09,6.7
1753599999106,07:06:39.106,okx,AAVE/USDT:USDT,296.07,6.8,296.06,12.6,296.08,41.8,296.09,6.7
1753599999206,07:06:39.206,okx,AAVE/USDT:USDT,296.07,6.8,296.06,12.6,296.08,41.8,296.09,6.7
1753599999306,07:06:39.306,okx,AAVE/USDT:USDT,296.07,6.8,296.06,12.6,296.08,150.3,296.09,106.7
1753599999406,07:06:39.406,okx,AAVE/USDT:USDT,296.07,6.8,296.06,12.6,296.08,150.3,296.09,100.0
1753599999506,07:06:39.506,okx,AAVE/USDT:USDT,296.07,6.8,296.06,12.6,296.08,150.3,296.09,99.3
1753599999606,07:06:39.606,okx,AAVE/USDT:USDT,296.07,6.8,296.06,12.6,296.08,150.3,296.09,99.3
1753599999806,07:06:39.806,okx,AAVE/USDT:USDT,296.07,6.8,296.06,12.6,296.08,150.3,296.1,45.6
1753599999906,07:06:39.906,okx,AAVE/USDT:USDT,296.07,6.8,296.06,12.6,296.08,150.3,296.1,45.6
1753600000006,07:06:40.006,okx,AAVE/USDT:USDT,296.07,6.8,296.06,12.6,296.08,150.3,296.1,35.7
1753600000106,07:06:40.106,okx,AAVE/USDT:USDT,296.07,6.8,296.06,12.6,296.08,150.3,296.1,35.7
1753600000306,07:06:40.306,okx,AAVE/USDT:USDT,296.07,7.9,296.06,12.6,296.08,31.9,296.1,13.2
1753600000406,07:06:40.406,okx,AAVE/USDT:USDT,296.12,151.5,296.11,52.6,296.13,30.4,296.14,37.9
1753600000506,07:06:40.506,okx,AAVE/USDT:USDT,296.12,151.5,296.11,81.2,296.13,25.5,296.14,12.7
1753600000606,07:06:40.606,okx,AAVE/USDT:USDT,296.12,238.0,296.11,88.1,296.13,2.7,296.14,0.1
1753600000706,07:06:40.706,okx,AAVE/USDT:USDT,296.12,279.1,296.11,51.9,296.13,2.7,296.14,0.1
1753600000806,07:06:40.806,okx,AAVE/USDT:USDT,296.12,279.1,296.11,88.8,296.13,2.7,296.14,0.1
1753600000906,07:06:40.906,okx,AAVE/USDT:USDT,296.12,279.7,296.11,88.8,296.13,2.7,296.14,0.1
1753600001006,07:06:41.006,okx,AAVE/USDT:USDT,296.12,279.7,296.11,88.8,296.13,2.7,296.14,0.1
1753600001106,07:06:41.106,okx,AAVE/USDT:USDT,296.12,129.3,296.11,17.0,296.13,9.5,296.14,12.7
1753600001206,07:06:41.206,okx,AAVE/USDT:USDT,296.12,64.6,296.1,105.0,296.13,9.5,296.14,55.9
1753600001406,07:06:41.406,okx,AAVE/USDT:USDT,296.12,23.8,296.1,105.0,296.13,32.2,296.14,12.7
1753600001506,07:06:41.506,okx,AAVE/USDT:USDT,296.11,7.0,296.1,105.0,296.12,26.8,296.13,32.0
1753600001706,07:06:41.706,okx,AAVE/USDT:USDT,296.11,16.8,296.1,105.0,296.12,21.6,296.13,32.0
1753600001806,07:06:41.806,okx,AAVE/USDT:USDT,296.1,3.7,296.09,30.4,296.11,78.8,296.12,125.3
1753600002006,07:06:42.006,okx,AAVE/USDT:USDT,296.1,18.8,296.09,30.4,296.11,28.1,296.12,59.9
1753600002106,07:06:42.106,okx,AAVE/USDT:USDT,296.1,19.0,296.09,30.4,296.11,29.7,296.12,94.3
1753600002206,07:06:42.206,okx,AAVE/USDT:USDT,296.1,23.9,296.09,30.4,296.11,22.9,296.12,44.1
1753600002506,07:06:42.506,okx,AAVE/USDT:USDT,296.11,95.4,296.1,67.2,296.12,31.8,296.13,32.0
1753600002606,07:06:42.606,okx,AAVE/USDT:USDT,296.11,12.4,296.1,67.2,296.12,140.4,296.13,32.0
1753600002706,07:06:42.706,okx,AAVE/USDT:USDT,296.11,48.1,296.1,103.4,296.12,140.6,296.13,2.5
1753600002806,07:06:42.806,okx,AAVE/USDT:USDT,296.11,48.1,296.1,103.4,296.12,140.6,296.13,2.5
1753600002906,07:06:42.906,okx,AAVE/USDT:USDT,296.11,48.3,296.1,103.4,296.12,140.6,296.13,2.5
1753600003006,07:06:43.006,okx,AAVE/USDT:USDT,296.11,48.3,296.1,103.4,296.12,140.6,296.13,2.5
1753600003206,07:06:43.206,okx,AAVE/USDT:USDT,296.11,66.1,296.1,103.4,296.12,140.6,296.13,2.5
1753600003306,07:06:43.306,okx,AAVE/USDT:USDT,296.11,156.6,296.1,103.4,296.12,140.6,296.13,2.5
1753600003406,07:06:43.406,okx,AAVE/USDT:USDT,296.11,48.1,296.1,103.4,296.12,140.6,296.13,2.5
1753600003706,07:06:43.706,okx,AAVE/USDT:USDT,296.11,49.5,296.1,67.2,296.12,140.6,296.13,2.5
1753600003906,07:06:43.906,okx,AAVE/USDT:USDT,296.11,49.5,296.1,67.2,296.12,140.6,296.13,2.5
1753600004006,07:06:44.006,okx,AAVE/USDT:USDT,296.11,32.5,296.1,36.3,296.12,140.6,296.13,2.5
1753600004206,07:06:44.206,okx,AAVE/USDT:USDT,296.11,13.8,296.1,36.3,296.12,140.6,296.13,2.5
1753600004306,07:06:44.306,okx,AAVE/USDT:USDT,296.11,13.8,296.1,36.3,296.12,140.6,296.13,2.5
1753600004406,07:06:44.406,okx,AAVE/USDT:USDT,296.11,254.2,296.1,103.4,296.12,140.6,296.13,2.5
1753600004506,07:06:44.506,okx,AAVE/USDT:USDT,296.11,254.2,296.1,103.4,296.12,140.6,296.13,2.5
1753600004606,07:06:44.606,okx,AAVE/USDT:USDT,296.11,254.2,296.1,103.4,296.12,140.6,296.13,2.5
1753600004806,07:06:44.806,okx,AAVE/USDT:USDT,296.11,230.5,296.1,67.2,296.12,140.6,296.13,2.5
1753600004906,07:06:44.906,okx,AAVE/USDT:USDT,296.11,88.5,296.1,36.3,296.12,140.6,296.13,2.5
1753600005006,07:06:45.006,okx,AAVE/USDT:USDT,296.11,112.2,296.1,103.4,296.12,140.6,296.13,2.5
1753600005106,07:06:45.106,okx,AAVE/USDT:USDT,296.11,112.4,296.1,103.4,296.12,140.9,296.13,2.5
1753600005206,07:06:45.206,okx,AAVE/USDT:USDT,296.11,88.7,296.1,67.2,296.12,140.9,296.13,2.5
1753600005306,07:06:45.306,okx,AAVE/USDT:USDT,296.11,115.3,296.1,36.3,296.12,140.9,296.13,2.5
1753600005406,07:06:45.406,okx,AAVE/USDT:USDT,296.11,88.7,296.1,36.3,296.12,140.9,296.13,2.5
1753600005506,07:06:45.506,okx,AAVE/USDT:USDT,296.11,69.5,296.1,17.6,296.12,143.3,296.14,0.4
1753600005606,07:06:45.606,okx,AAVE/USDT:USDT,296.11,1.6,296.1,0.5,296.12,311.8,296.13,121.7
1753600005706,07:06:45.706,okx,AAVE/USDT:USDT,296.11,1.8,296.1,0.5,296.12,312.0,296.13,121.7
1753600005806,07:06:45.806,okx,AAVE/USDT:USDT,296.11,1.8,296.1,0.5,296.12,312.0,296.13,121.7
1753600005906,07:06:45.906,okx,AAVE/USDT:USDT,296.11,1.8,296.1,0.5,296.12,312.0,296.13,121.7
1753600006006,07:06:46.006,okx,AAVE/USDT:USDT,296.11,1.8,296.1,0.5,296.12,283.7,296.13,88.1
1753600006106,07:06:46.106,okx,AAVE/USDT:USDT,296.11,1.8,296.1,0.5,296.12,283.7,296.13,88.1
1753600006206,07:06:46.206,okx,AAVE/USDT:USDT,296.11,1.8,296.1,0.5,296.12,310.8,296.13,121.7
1753600006306,07:06:46.306,okx,AAVE/USDT:USDT,296.11,1.8,296.1,0.5,296.12,310.8,296.13,121.7
1753600006406,07:06:46.406,okx,AAVE/USDT:USDT,296.11,1.8,296.1,0.5,296.12,310.8,296.13,121.7
1753600006506,07:06:46.506,okx,AAVE/USDT:USDT,296.11,1.8,296.1,0.5,296.12,310.8,296.13,121.7
1753600006606,07:06:46.606,okx,AAVE/USDT:USDT,296.11,1.8,296.1,0.5,296.12,310.8,296.13,121.7
1753600006706,07:06:46.706,okx,AAVE/USDT:USDT,296.11,1.8,296.1,0.5,296.12,310.8,296.13,121.7
1753600006806,07:06:46.806,okx,AAVE/USDT:USDT,296.11,1.8,296.1,0.5,296.12,310.8,296.13,121.7
1753600006906,07:06:46.906,okx,AAVE/USDT:USDT,296.04,32.3,296.02,30.3,296.05,203.5,296.06,119.9
1753600007006,07:06:47.006,okx,AAVE/USDT:USDT,296.04,39.3,296.02,30.3,296.05,175.0,296.06,80.9
1753600007106,07:06:47.106,okx,AAVE/USDT:USDT,296.04,32.5,296.02,30.3,296.05,201.5,296.06,124.8
1753600007206,07:06:47.206,okx,AAVE/USDT:USDT,296.02,0.1,296.01,0.3,296.03,218.4,296.04,176.8
1753600007306,07:06:47.306,okx,AAVE/USDT:USDT,296.02,0.1,296.01,0.3,296.03,240.5,296.04,176.8
1753600007406,07:06:47.406,okx,AAVE/USDT:USDT,296.02,0.1,296.01,0.3,296.03,240.7,296.04,176.9
1753600007606,07:06:47.606,okx,AAVE/USDT:USDT,296.02,0.1,296.01,0.3,296.03,240.0,296.04,176.9
1753600007706,07:06:47.706,okx,AAVE/USDT:USDT,296.02,5.0,296.01,0.3,296.03,130.3,296.04,176.9
1753600007806,07:06:47.806,okx,AAVE/USDT:USDT,296.04,231.6,296.03,54.3,296.05,29.7,296.07,0.3
1753600007906,07:06:47.906,okx,AAVE/USDT:USDT,296.04,251.5,296.03,54.3,296.05,29.9,296.07,0.3
1753600008006,07:06:48.006,okx,AAVE/USDT:USDT,296.04,120.7,296.03,19.4,296.05,14.9,296.07,0.3
1753600008106,07:06:48.106,okx,AAVE/USDT:USDT,296.04,51.8,296.03,19.4,296.05,14.9,296.07,43.5
1753600008206,07:06:48.206,okx,AAVE/USDT:USDT,296.04,51.8,296.03,19.4,296.05,15.9,296.07,0.3
1753600008306,07:06:48.306,okx,AAVE/USDT:USDT,296.04,51.8,296.03,19.4,296.05,15.9,296.07,71.6
1753600008406,07:06:48.406,okx,AAVE/USDT:USDT,296.04,51.8,296.03,19.4,296.05,15.9,296.07,71.6
1753600008506,07:06:48.506,okx,AAVE/USDT:USDT,296.04,51.8,296.03,12.0,296.05,15.9,296.07,71.6
1753600008606,07:06:48.606,okx,AAVE/USDT:USDT,296.04,55.4,296.03,12.0,296.05,22.7,296.07,71.6
1753600008706,07:06:48.706,okx,AAVE/USDT:USDT,296.04,55.4,296.03,12.0,296.05,22.7,296.07,0.3
1753600008906,07:06:48.906,okx,AAVE/USDT:USDT,296.04,55.4,296.03,12.0,296.05,45.3,296.07,0.3
1753600009106,07:06:49.106,okx,AAVE/USDT:USDT,296.04,103.2,296.03,6.8,296.05,15.9,296.07,0.3
1753600009206,07:06:49.206,okx,AAVE/USDT:USDT,296.04,39.6,296.03,6.8,296.05,15.9,296.07,0.3
1753600009306,07:06:49.306,okx,AAVE/USDT:USDT,296.04,197.4,296.03,77.9,296.05,15.9,296.07,0.3
1753600009406,07:06:49.406,okx,AAVE/USDT:USDT,296.04,197.6,296.03,78.6,296.05,15.9,296.07,0.3
1753600009506,07:06:49.506,okx,AAVE/USDT:USDT,296.04,197.6,296.03,78.6,296.05,15.9,296.07,0.3
1753600009606,07:06:49.606,okx,AAVE/USDT:USDT,296.04,213.4,296.03,78.6,296.05,15.9,296.07,0.3
1753600009706,07:06:49.706,okx,AAVE/USDT:USDT,296.04,213.4,296.03,77.9,296.05,15.9,296.07,0.3
1753600009806,07:06:49.806,okx,AAVE/USDT:USDT,296.04,213.4,296.03,77.9,296.05,15.9,296.07,0.3
1753600009906,07:06:49.906,okx,AAVE/USDT:USDT,296.04,191.3,296.03,6.8,296.05,15.9,296.07,0.3
1753600010006,07:06:50.006,okx,AAVE/USDT:USDT,296.04,191.3,296.03,6.8,296.05,15.9,296.07,0.3
1753600010106,07:06:50.106,okx,AAVE/USDT:USDT,296.04,191.3,296.03,6.8,296.05,15.9,296.07,0.3
1753600010306,07:06:50.306,okx,AAVE/USDT:USDT,296.04,191.4,296.03,6.8,296.05,15.9,296.07,0.3
1753600010406,07:06:50.406,okx,AAVE/USDT:USDT,296.04,191.4,296.03,6.8,296.05,15.9,296.07,0.3
1753600010506,07:06:50.506,okx,AAVE/USDT:USDT,296.04,191.4,296.03,6.8,296.05,15.9,296.07,0.3
1753600010606,07:06:50.606,okx,AAVE/USDT:USDT,296.04,82.9,296.03,6.8,296.05,15.9,296.07,0.3
1753600010706,07:06:50.706,okx,AAVE/USDT:USDT,296.04,82.7,296.03,6.8,296.05,12.9,296.07,0.3
1753600010806,07:06:50.806,okx,AAVE/USDT:USDT,296.04,237.0,296.03,77.9,296.05,12.9,296.07,0.3
1753600010906,07:06:50.906,okx,AAVE/USDT:USDT,296.04,237.2,296.03,77.9,296.05,12.9,296.07,0.3
1753600011006,07:06:51.006,okx,AAVE/USDT:USDT,296.04,237.2,296.03,77.9,296.05,12.9,296.07,0.3
1753600011106,07:06:51.106,okx,AAVE/USDT:USDT,296.04,82.9,296.03,6.8,296.05,12.9,296.07,0.3
1753600011406,07:06:51.406,okx,AAVE/USDT:USDT,296.04,215.9,296.03,43.0,296.05,12.9,296.07,0.3
1753600011606,07:06:51.606,okx,AAVE/USDT:USDT,296.04,238.0,296.03,77.9,296.05,12.9,296.07,0.3
1753600011706,07:06:51.706,okx,AAVE/USDT:USDT,296.04,129.5,296.03,77.9,296.05,12.9,296.07,0.3
1753600011806,07:06:51.806,okx,AAVE/USDT:USDT,296.04,129.6,296.03,77.9,296.05,12.9,296.07,0.3
1753600012006,07:06:52.006,okx,AAVE/USDT:USDT,296.04,238.3,296.03,77.9,296.05,12.9,296.07,0.3
1753600012206,07:06:52.206,okx,AAVE/USDT:USDT,296.04,238.3,296.03,78.6,296.05,12.9,296.07,0.3
1753600012306,07:06:52.306,okx,AAVE/USDT:USDT,296.04,238.3,296.03,78.6,296.05,12.9,296.07,0.3
1753600012406,07:06:52.406,okx,AAVE/USDT:USDT,296.04,238.3,296.03,78.6,296.05,12.9,296.07,0.3
1753600012506,07:06:52.506,okx,AAVE/USDT:USDT,296.06,231.9,296.05,48.4,296.07,0.3,296.08,0.4
1753600012606,07:06:52.606,okx,AAVE/USDT:USDT,296.09,9.0,296.08,42.6,296.1,39.6,296.11,12.0
1753600012706,07:06:52.706,okx,AAVE/USDT:USDT,296.08,42.6,296.07,121.3,296.09,13.7,296.1,32.8
1753600012806,07:06:52.806,okx,AAVE/USDT:USDT,296.09,114.3,296.08,113.8,296.1,32.4,296.12,15.1
1753600012906,07:06:52.906,okx,AAVE/USDT:USDT,296.09,199.1,296.08,77.6,296.1,22.4,296.12,15.1
1753600013006,07:06:53.006,okx,AAVE/USDT:USDT,296.09,199.1,296.08,77.6,296.1,22.4,296.12,15.1
1753600013106,07:06:53.106,okx,AAVE/USDT:USDT,296.09,242.7,296.08,113.8,296.1,22.4,296.12,15.1
1753600013206,07:06:53.206,okx,AAVE/USDT:USDT,296.14,51.4,296.13,0.2,296.15,35.3,296.16,7.7
1753600013306,07:06:53.306,okx,AAVE/USDT:USDT,296.11,46.6,296.1,42.8,296.12,54.0,296.13,30.1
1753600013406,07:06:53.406,okx,AAVE/USDT:USDT,296.11,35.0,296.1,42.8,296.12,39.0,296.13,30.1
1753600013506,07:06:53.506,okx,AAVE/USDT:USDT,296.11,11.0,296.1,19.7,296.12,46.5,296.13,30.1
1753600013706,07:06:53.706,okx,AAVE/USDT:USDT,296.11,11.0,296.1,19.5,296.12,46.5,296.13,30.1
1753600013806,07:06:53.806,okx,AAVE/USDT:USDT,296.11,31.0,296.1,19.5,296.12,39.0,296.13,30.1
1753600013906,07:06:53.906,okx,AAVE/USDT:USDT,296.11,31.0,296.1,19.5,296.12,39.0,296.13,30.1
1753600014106,07:06:54.106,okx,AAVE/USDT:USDT,296.11,31.0,296.1,19.5,296.12,39.0,296.13,30.1
1753600014206,07:06:54.206,okx,AAVE/USDT:USDT,296.11,31.0,296.1,19.5,296.12,147.5,296.13,30.1
1753600014306,07:06:54.306,okx,AAVE/USDT:USDT,296.13,85.7,296.12,90.5,296.14,11.3,296.15,23.4
1753600014506,07:06:54.506,okx,AAVE/USDT:USDT,296.15,7.0,296.14,19.4,296.16,7.9,296.17,23.6
1753600014606,07:06:54.606,okx,AAVE/USDT:USDT,296.15,30.7,296.14,55.6,296.16,7.9,296.17,23.6
1753600014706,07:06:54.706,okx,AAVE/USDT:USDT,296.15,25.8,296.14,19.4,296.16,7.9,296.17,23.6
1753600014806,07:06:54.806,okx,AAVE/USDT:USDT,296.15,7.0,296.14,19.4,296.16,14.7,296.17,23.3
1753600014906,07:06:54.906,okx,AAVE/USDT:USDT,296.15,7.0,296.14,19.4,296.16,14.7,296.17,23.3
1753600015006,07:06:55.006,okx,AAVE/USDT:USDT,296.15,7.0,296.14,19.4,296.16,24.4,296.17,23.3
1753600015306,07:06:55.306,okx,AAVE/USDT:USDT,296.15,7.0,296.14,19.4,296.16,132.9,296.17,23.3
1753600015406,07:06:55.406,okx,AAVE/USDT:USDT,296.11,10.8,296.1,19.8,296.12,55.5,296.13,94.8
1753600015506,07:06:55.506,okx,AAVE/USDT:USDT,296.11,11.1,296.1,0.2,296.12,193.2,296.13,119.2
1753600015606,07:06:55.606,okx,AAVE/USDT:USDT,296.11,11.3,296.1,0.2,296.12,193.4,296.13,135.8
1753600015706,07:06:55.706,okx,AAVE/USDT:USDT,296.11,11.3,296.1,0.2,296.12,167.1,296.13,51.6
1753600015806,07:06:55.806,okx,AAVE/USDT:USDT,296.11,11.3,296.1,0.2,296.12,39.6,296.13,20.6
1753600015906,07:06:55.906,okx,AAVE/USDT:USDT,296.11,11.3,296.1,0.2,296.12,39.6,296.13,20.6
1753600016006,07:06:56.006,okx,AAVE/USDT:USDT,296.11,11.3,296.1,0.2,296.12,46.4,296.13,20.6
1753600016106,07:06:56.106,okx,AAVE/USDT:USDT,296.11,11.3,296.1,0.2,296.12,46.4,296.13,20.6
1753600016206,07:06:56.206,okx,AAVE/USDT:USDT,296.11,16.0,296.1,0.2,296.12,172.5,296.13,20.6
1753600016306,07:06:56.306,okx,AAVE/USDT:USDT,296.11,16.2,296.1,0.2,296.12,64.2,296.13,20.6
1753600016406,07:06:56.406,okx,AAVE/USDT:USDT,296.11,17.0,296.1,0.2,296.12,154.9,296.13,20.6
1753600016506,07:06:56.506,okx,AAVE/USDT:USDT,296.11,17.0,296.1,0.2,296.12,154.9,296.13,122.3
1753600016606,07:06:56.606,okx,AAVE/USDT:USDT,296.11,17.0,296.1,0.2,296.12,154.9,296.13,122.3
1753600016706,07:06:56.706,okx,AAVE/USDT:USDT,296.11,17.0,296.1,0.2,296.12,154.9,296.13,20.6
1753600016806,07:06:56.806,okx,AAVE/USDT:USDT,296.11,17.0,296.1,0.2,296.12,46.4,296.13,63.8
1753600016906,07:06:56.906,okx,AAVE/USDT:USDT,296.11,17.3,296.1,0.2,296.12,149.7,296.13,63.8
1753600017006,07:06:57.006,okx,AAVE/USDT:USDT,296.11,17.3,296.1,0.2,296.12,41.2,296.13,20.6
1753600017106,07:06:57.106,okx,AAVE/USDT:USDT,296.11,17.3,296.1,12.8,296.12,41.2,296.13,20.6
1753600017206,07:06:57.206,okx,AAVE/USDT:USDT,296.11,17.3,296.1,12.8,296.12,41.2,296.13,20.6
1753600017306,07:06:57.306,okx,AAVE/USDT:USDT,296.11,21.8,296.1,12.8,296.12,34.4,296.13,20.6
1753600017406,07:06:57.406,okx,AAVE/USDT:USDT,296.11,12.7,296.1,12.8,296.12,44.8,296.13,20.6
1753600017506,07:06:57.506,okx,AAVE/USDT:USDT,296.11,12.7,296.1,12.8,296.12,44.8,296.13,20.6
1753600017606,07:06:57.606,okx,AAVE/USDT:USDT,296.11,12.7,296.1,12.8,296.12,44.8,296.13,20.6
1753600017806,07:06:57.806,okx,AAVE/USDT:USDT,296.11,12.9,296.1,12.8,296.12,200.0,296.13,125.3
1753600017906,07:06:57.906,okx,AAVE/USDT:USDT,296.11,12.9,296.1,12.8,296.12,200.2,296.13,125.3
1753600018106,07:06:58.106,okx,AAVE/USDT:USDT,296.11,13.1,296.1,12.8,296.12,171.9,296.13,91.5
1753600018206,07:06:58.206,okx,AAVE/USDT:USDT,296.11,13.1,296.1,0.2,296.12,171.9,296.13,91.5
1753600018406,07:06:58.406,okx,AAVE/USDT:USDT,296.11,13.1,296.1,0.2,296.12,171.9,296.13,48.3
1753600018506,07:06:58.506,okx,AAVE/USDT:USDT,296.11,13.1,296.1,0.2,296.12,44.8,296.13,20.6
1753600018706,07:06:58.706,okx,AAVE/USDT:USDT,296.11,13.1,296.1,12.8,296.12,44.8,296.13,20.6
1753600019006,07:06:59.006,okx,AAVE/USDT:USDT,296.11,13.1,296.1,12.8,296.12,44.8,296.13,20.6
1753600019206,07:06:59.206,okx,AAVE/USDT:USDT,296.11,13.1,296.1,12.8,296.12,44.8,296.13,20.6
1753600019306,07:06:59.306,okx,AAVE/USDT:USDT,296.11,13.1,296.1,12.8,296.12,44.8,296.13,20.6
1753600019406,07:06:59.406,okx,AAVE/USDT:USDT,296.11,26.9,296.1,12.8,296.12,38.0,296.13,5.4
1753600019506,07:06:59.506,okx,AAVE/USDT:USDT,296.11,27.3,296.1,12.8,296.12,38.0,296.13,5.4
1753600019606,07:06:59.606,okx,AAVE/USDT:USDT,296.11,105.9,296.1,49.0,296.12,14.7,296.13,5.4
1753600019706,07:06:59.706,okx,AAVE/USDT:USDT,296.11,67.6,296.1,49.0,296.12,9.8,296.14,0.3
1753600019906,07:06:59.906,okx,AAVE/USDT:USDT,296.11,67.6,296.1,49.0,296.12,9.8,296.14,0.3
1753600020006,07:07:00.006,okx,AAVE/USDT:USDT,296.11,43.9,296.1,12.8,296.12,9.8,296.14,0.3
1753600020106,07:07:00.106,okx,AAVE/USDT:USDT,296.11,59.5,296.1,12.8,296.12,9.8,296.14,0.3
1753600020206,07:07:00.206,okx,AAVE/USDT:USDT,296.11,42.6,296.1,12.8,296.12,9.8,296.14,0.3
1753600020306,07:07:00.306,okx,AAVE/USDT:USDT,296.11,216.6,296.1,80.7,296.12,9.8,296.14,0.3
1753600020406,07:07:00.406,okx,AAVE/USDT:USDT,296.11,216.6,296.1,80.7,296.12,9.8,296.14,0.3
1753600020506,07:07:00.506,okx,AAVE/USDT:USDT,296.11,216.6,296.1,80.7,296.12,9.8,296.14,0.3
1753600020606,07:07:00.606,okx,AAVE/USDT:USDT,296.11,217.9,296.1,80.7,296.12,9.8,296.14,0.3
1753600020706,07:07:00.706,okx,AAVE/USDT:USDT,296.11,195.3,296.1,46.4,296.12,9.8,296.14,0.3
1753600020806,07:07:00.806,okx,AAVE/USDT:USDT,296.11,30.6,296.1,12.8,296.12,9.8,296.14,0.3
1753600020906,07:07:00.906,okx,AAVE/USDT:USDT,296.11,20.7,296.1,13.0,296.12,45.8,296.14,98.4
1753600021006,07:07:01.006,okx,AAVE/USDT:USDT,296.11,22.0,296.1,13.0,296.12,29.4,296.14,28.2
1753600021106,07:07:01.106,okx,AAVE/USDT:USDT,296.11,22.4,296.1,13.0,296.12,29.4,296.14,0.3
1753600021206,07:07:01.206,okx,AAVE/USDT:USDT,296.11,22.4,296.1,13.0,296.12,29.4,296.14,0.3
1753600021306,07:07:01.306,okx,AAVE/USDT:USDT,296.11,22.4,296.1,13.0,296.12,29.4,296.14,0.3
1753600021406,07:07:01.406,okx,AAVE/USDT:USDT,296.11,29.2,296.1,13.0,296.12,29.4,296.14,0.3
1753600021506,07:07:01.506,okx,AAVE/USDT:USDT,296.11,29.2,296.1,13.0,296.12,29.4,296.13,1.3
1753600021606,07:07:01.606,okx,AAVE/USDT:USDT,296.11,24.5,296.1,13.0,296.12,29.4,296.13,1.3
1753600021706,07:07:01.706,okx,AAVE/USDT:USDT,296.11,17.7,296.1,13.0,296.12,29.4,296.13,1.3
1753600021806,07:07:01.806,okx,AAVE/USDT:USDT,296.1,11.0,296.09,0.5,296.11,170.0,296.12,84.8
1753600022106,07:07:02.106,okx,AAVE/USDT:USDT,296.14,10.4,296.11,17.5,296.15,147.6,296.16,53.8
1753600022206,07:07:02.206,okx,AAVE/USDT:USDT,296.14,4.1,296.11,0.3,296.15,165.1,296.16,53.8
1753600022306,07:07:02.306,okx,AAVE/USDT:USDT,296.1,7.0,296.09,24.2,296.11,38.7,296.13,39.5
1753600022506,07:07:02.506,okx,AAVE/USDT:USDT,296.08,19.8,296.07,18.7,296.09,39.1,296.1,12.1
1753600022706,07:07:02.706,okx,AAVE/USDT:USDT,296.08,19.8,296.07,18.7,296.09,39.1,296.1,12.1
1753600022906,07:07:02.906,okx,AAVE/USDT:USDT,296.08,19.8,296.07,18.7,296.09,36.1,296.1,6.9
1753600023106,07:07:03.106,okx,AAVE/USDT:USDT,296.08,22.0,296.07,18.7,296.09,36.1,296.1,6.9
1753600023206,07:07:03.206,okx,AAVE/USDT:USDT,296.08,155.3,296.07,18.7,296.09,0.2,296.1,0.1
1753600023406,07:07:03.406,okx,AAVE/USDT:USDT,296.09,74.2,296.08,51.0,296.1,0.1,296.11,7.5
1753600023506,07:07:03.506,okx,AAVE/USDT:USDT,296.09,160.3,296.08,51.0,296.1,0.1,296.11,7.5
1753600023606,07:07:03.606,okx,AAVE/USDT:USDT,296.09,160.5,296.08,51.0,296.1,0.1,296.11,7.5
1753600023706,07:07:03.706,okx,AAVE/USDT:USDT,296.1,146.0,296.09,34.9,296.11,40.2,296.13,0.5
1753600023806,07:07:03.806,okx,AAVE/USDT:USDT,296.1,30.9,296.09,29.7,296.11,19.7,296.12,39.2
1753600023906,07:07:03.906,okx,AAVE/USDT:USDT,296.1,30.9,296.09,29.7,296.11,19.7,296.12,39.2
1753600024006,07:07:04.006,okx,AAVE/USDT:USDT,296.1,30.9,296.09,29.7,296.11,19.7,296.12,39.2
1753600024106,07:07:04.106,okx,AAVE/USDT:USDT,296.1,25.8,296.09,22.9,296.11,19.7,296.12,39.2
1753600024206,07:07:04.206,okx,AAVE/USDT:USDT,296.1,165.6,296.09,22.9,296.11,19.7,296.13,0.5
1753600024306,07:07:04.306,okx,AAVE/USDT:USDT,296.1,57.1,296.09,22.9,296.11,19.7,296.13,65.0
1753600024406,07:07:04.406,okx,AAVE/USDT:USDT,296.1,37.7,296.09,22.9,296.11,19.7,296.13,25.8
1753600024506,07:07:04.506,okx,AAVE/USDT:USDT,296.1,37.7,296.09,22.9,296.11,19.7,296.13,0.5
1753600024606,07:07:04.606,okx,AAVE/USDT:USDT,296.1,37.7,296.09,22.9,296.11,19.7,296.13,0.5
1753600024906,07:07:04.906,okx,AAVE/USDT:USDT,296.1,39.0,296.09,22.9,296.11,19.7,296.13,0.5
1753600025006,07:07:05.006,okx,AAVE/USDT:USDT,296.1,56.9,296.09,22.9,296.11,19.7,296.13,0.5
1753600025206,07:07:05.206,okx,AAVE/USDT:USDT,296.12,11.9,296.11,6.8,296.13,9.5,296.14,30.1
1753600025306,07:07:05.306,okx,AAVE/USDT:USDT,296.12,12.1,296.11,6.8,296.13,15.3,296.14,29.8
1753600025406,07:07:05.406,okx,AAVE/USDT:USDT,296.1,32.1,296.09,22.9,296.11,24.0,296.12,63.0
1753600025506,07:07:05.506,okx,AAVE/USDT:USDT,296.12,18.7,296.11,26.6,296.13,26.5,296.14,29.8
1753600025606,07:07:05.606,okx,AAVE/USDT:USDT,296.12,18.9,296.11,26.6,296.13,26.7,296.14,29.8
1753600025706,07:07:05.706,okx,AAVE/USDT:USDT,296.12,12.1,296.11,26.6,296.13,26.7,296.14,29.8
1753600025806,07:07:05.806,okx,AAVE/USDT:USDT,296.12,12.1,296.11,26.6,296.13,20.3,296.14,29.8
1753600025906,07:07:05.906,okx,AAVE/USDT:USDT,296.11,0.3,296.1,32.1,296.12,186.9,296.13,152.8
1753600026006,07:07:06.006,okx,AAVE/USDT:USDT,296.11,0.3,296.1,32.1,296.12,78.4,296.13,152.8
1753600026106,07:07:06.106,okx,AAVE/USDT:USDT,296.11,0.3,296.1,32.1,296.12,78.6,296.13,152.8
1753600026206,07:07:06.206,okx,AAVE/USDT:USDT,296.11,0.3,296.1,32.1,296.12,78.6,296.13,152.8
1753600026306,07:07:06.306,okx,AAVE/USDT:USDT,296.11,7.1,296.1,32.1,296.12,47.7,296.13,120.2
1753600026406,07:07:06.406,okx,AAVE/USDT:USDT,296.11,7.1,296.1,32.1,296.12,23.7,296.13,20.1
1753600026506,07:07:06.506,okx,AAVE/USDT:USDT,296.11,0.3,296.1,32.1,296.12,182.6,296.13,125.0
1753600026606,07:07:06.606,okx,AAVE/USDT:USDT,296.11,0.3,296.1,32.1,296.12,74.1,296.13,125.0
1753600026806,07:07:06.806,okx,AAVE/USDT:USDT,296.1,13.6,296.09,22.9,296.11,7.0,296.12,85.0
1753600026906,07:07:06.906,okx,AAVE/USDT:USDT,296.1,13.6,296.09,22.9,296.11,7.0,296.12,85.0
1753600027006,07:07:07.006,okx,AAVE/USDT:USDT,296.1,13.6,296.09,22.9,296.11,7.0,296.12,85.0
1753600027106,07:07:07.106,okx,AAVE/USDT:USDT,296.1,13.6,296.09,22.9,296.11,7.0,296.12,85.0
1753600027306,07:07:07.306,okx,AAVE/USDT:USDT,296.1,13.6,296.09,22.9,296.11,7.0,296.12,32.5
1753600027406,07:07:07.406,okx,AAVE/USDT:USDT,296.11,7.0,296.1,20.3,296.12,7.3,296.13,20.1
1753600027506,07:07:07.506,okx,AAVE/USDT:USDT,296.13,137.9,296.12,51.7,296.14,0.1,296.16,8.4
1753600027606,07:07:07.606,okx,AAVE/USDT:USDT,296.13,44.7,296.12,80.9,296.14,1.1,296.16,8.4
1753600027706,07:07:07.706,okx,AAVE/USDT:USDT,296.13,44.7,296.12,80.9,296.14,1.1,296.16,8.4
1753600027806,07:07:07.806,okx,AAVE/USDT:USDT,296.13,48.6,296.12,80.9,296.14,0.1,296.16,8.4
1753600027906,07:07:07.906,okx,AAVE/USDT:USDT,296.12,12.1,296.11,26.2,296.13,34.1,296.14,50.1
1753600028106,07:07:08.106,okx,AAVE/USDT:USDT,296.12,36.4,296.11,26.2,296.13,12.1,296.14,26.1
1753600028406,07:07:08.406,okx,AAVE/USDT:USDT,296.12,36.4,296.11,26.2,296.13,12.1,296.14,26.1
1753600028506,07:07:08.506,okx,AAVE/USDT:USDT,296.12,36.4,296.11,26.2,296.13,12.1,296.14,26.1
1753600028806,07:07:08.806,okx,AAVE/USDT:USDT,296.12,36.4,296.11,26.2,296.13,6.9,296.14,26.1
1753600029206,07:07:09.206,okx,AAVE/USDT:USDT,296.12,6.6,296.11,6.8,296.13,46.0,296.14,99.3
1753600029306,07:07:09.306,okx,AAVE/USDT:USDT,296.12,6.6,296.1,36.3,296.13,181.1,296.14,132.6
1753600029506,07:07:09.506,okx,AAVE/USDT:USDT,296.12,6.6,296.1,36.3,296.13,163.3,296.14,131.9
1753600029606,07:07:09.606,okx,AAVE/USDT:USDT,296.12,6.6,296.1,29.5,296.13,180.4,296.14,132.6
1753600029706,07:07:09.706,okx,AAVE/USDT:USDT,296.12,6.6,296.1,29.5,296.13,180.4,296.14,132.6
1753600030106,07:07:10.106,okx,AAVE/USDT:USDT,296.12,8.4,296.1,29.5,296.13,45.5,296.14,26.1
1753600030206,07:07:10.206,okx,AAVE/USDT:USDT,296.12,8.4,296.1,29.5,296.13,45.5,296.14,91.5
1753600030306,07:07:10.306,okx,AAVE/USDT:USDT,296.12,8.4,296.1,29.5,296.13,45.5,296.14,91.5
1753600030406,07:07:10.406,okx,AAVE/USDT:USDT,296.12,8.4,296.1,29.5,296.13,45.5,296.14,91.5
1753600030506,07:07:10.506,okx,AAVE/USDT:USDT,296.12,8.4,296.1,29.5,296.13,45.3,296.14,91.5
1753600030606,07:07:10.606,okx,AAVE/USDT:USDT,296.12,8.4,296.1,29.5,296.13,45.5,296.14,91.5
1753600030706,07:07:10.706,okx,AAVE/USDT:USDT,296.12,8.4,296.1,29.5,296.13,45.5,296.14,91.5
1753600030806,07:07:10.806,okx,AAVE/USDT:USDT,296.12,8.4,296.1,1.1,296.13,180.2,296.14,124.1
1753600030906,07:07:10.906,okx,AAVE/USDT:USDT,296.12,8.4,296.1,1.1,296.13,180.4,296.14,124.1
1753600031106,07:07:11.106,okx,AAVE/USDT:USDT,296.12,8.4,296.1,30.2,296.13,45.0,296.14,52.3
1753600031306,07:07:11.306,okx,AAVE/USDT:USDT,296.12,19.3,296.1,30.2,296.13,45.0,296.14,26.1
1753600031406,07:07:11.406,okx,AAVE/USDT:USDT,296.12,19.3,296.1,30.2,296.13,45.0,296.14,26.1
1753600031606,07:07:11.606,okx,AAVE/USDT:USDT,296.12,19.3,296.1,30.2,296.13,153.5,296.14,26.1
1753600031706,07:07:11.706,okx,AAVE/USDT:USDT,296.12,7.4,296.1,30.2,296.13,195.5,296.14,118.5
1753600031906,07:07:11.906,okx,AAVE/USDT:USDT,296.12,7.4,296.1,30.2,296.13,62.8,296.14,55.3
1753600032006,07:07:12.006,okx,AAVE/USDT:USDT,296.12,14.2,296.1,30.2,296.13,171.5,296.14,55.3
1753600032106,07:07:12.106,okx,AAVE/USDT:USDT,296.12,14.2,296.1,30.2,296.13,153.5,296.14,26.1
1753600032306,07:07:12.306,okx,AAVE/USDT:USDT,296.12,37.9,296.1,30.0,296.13,9.9,296.14,26.1
1753600032506,07:07:12.506,okx,AAVE/USDT:USDT,296.12,38.3,296.1,29.6,296.13,32.4,296.14,26.1
1753600033106,07:07:13.106,okx,AAVE/USDT:USDT,296.12,20.1,296.1,29.6,296.13,32.2,296.14,26.1
1753600033306,07:07:13.306,okx,AAVE/USDT:USDT,296.15,16.6,296.13,32.6,296.16,6.7,296.17,32.6
1753600033406,07:07:13.406,okx,AAVE/USDT:USDT,296.14,12.1,296.13,6.8,296.15,7.0,296.16,11.2
1753600033506,07:07:13.506,okx,AAVE/USDT:USDT,296.14,12.1,296.13,6.8,296.15,7.0,296.16,11.2
1753600033606,07:07:13.606,okx,AAVE/USDT:USDT,296.12,8.0,296.1,29.7,296.13,167.1,296.14,125.5
1753600033806,07:07:13.806,okx,AAVE/USDT:USDT,296.07,2.2,296.06,12.5,296.08,272.4,296.09,147.6
1753600034006,07:07:14.006,okx,AAVE/USDT:USDT,296.07,4.2,296.06,12.5,296.08,47.8,296.09,15.2
1753600034306,07:07:14.306,okx,AAVE/USDT:USDT,296.09,22.6,296.08,18.8,296.1,36.7,296.12,39.6
1753600034406,07:07:14.406,okx,AAVE/USDT:USDT,296.09,5.9,296.08,12.0,296.1,166.9,296.11,39.2
1753600034506,07:07:14.506,okx,AAVE/USDT:USDT,296.09,5.9,296.08,0.1,296.1,195.3,296.11,62.3
1753600034606,07:07:14.606,okx,AAVE/USDT:USDT,296.09,33.9,296.08,0.1,296.1,195.3,296.11,62.3
1753600034806,07:07:14.806,okx,AAVE/USDT:USDT,296.09,33.9,296.08,0.1,296.1,167.0,296.11,39.2
1753600034906,07:07:14.906,okx,AAVE/USDT:USDT,296.09,33.9,296.08,0.1,296.1,167.0,296.11,39.2
1753600035006,07:07:15.006,okx,AAVE/USDT:USDT,296.09,35.1,296.08,0.1,296.1,167.0,296.11,64.6
1753600035106,07:07:15.106,okx,AAVE/USDT:USDT,296.09,35.1,296.08,0.1,296.1,167.0,296.11,64.6
1753600035206,07:07:15.206,okx,AAVE/USDT:USDT,296.09,35.1,296.08,0.1,296.1,167.0,296.11,64.6
1753600035306,07:07:15.306,okx,AAVE/USDT:USDT,296.09,29.4,296.08,0.1,296.1,170.5,296.11,64.6
1753600035406,07:07:15.406,okx,AAVE/USDT:USDT,296.09,29.4,296.08,0.1,296.1,170.5,296.11,64.6
1753600035506,07:07:15.506,okx,AAVE/USDT:USDT,296.09,33.1,296.08,0.1,296.1,170.5,296.11,64.6
1753600035606,07:07:15.606,okx,AAVE/USDT:USDT,296.09,33.3,296.08,0.1,296.1,146.5,296.11,25.4
1753600035706,07:07:15.706,okx,AAVE/USDT:USDT,296.09,33.3,296.08,0.1,296.1,20.2,296.12,17.2
1753600035806,07:07:15.806,okx,AAVE/USDT:USDT,296.09,33.3,296.08,11.4,296.1,25.8,296.12,17.2
1753600035906,07:07:15.906,okx,AAVE/USDT:USDT,296.09,33.3,296.08,11.4,296.1,25.8,296.12,17.2
1753600036006,07:07:16.006,okx,AAVE/USDT:USDT,296.09,33.3,296.08,11.4,296.1,25.8,296.12,56.4
1753600036106,07:07:16.106,okx,AAVE/USDT:USDT,296.09,33.3,296.08,11.4,296.1,134.3,296.12,84.7
1753600036206,07:07:16.206,okx,AAVE/USDT:USDT,296.09,33.3,296.08,11.4,296.1,158.3,296.11,64.6
1753600036306,07:07:16.306,okx,AAVE/USDT:USDT,296.09,33.3,296.08,11.4,296.1,49.6,296.11,64.6
1753600036406,07:07:16.406,okx,AAVE/USDT:USDT,296.09,33.3,296.08,11.4,296.1,158.1,296.11,64.6
1753600036506,07:07:16.506,okx,AAVE/USDT:USDT,296.09,33.3,296.08,11.4,296.1,158.3,296.11,64.6
1753600036606,07:07:16.606,okx,AAVE/USDT:USDT,296.09,28.0,296.08,0.1,296.1,158.1,296.11,64.6
1753600036706,07:07:16.706,okx,AAVE/USDT:USDT,296.09,28.0,296.08,0.1,296.1,175.5,296.11,64.6
1753600036806,07:07:16.806,okx,AAVE/USDT:USDT,296.09,28.0,296.08,0.1,296.1,175.5,296.11,64.6
1753600037006,07:07:17.006,okx,AAVE/USDT:USDT,296.09,28.0,296.08,0.1,296.1,175.5,296.11,64.6
1753600037106,07:07:17.106,okx,AAVE/USDT:USDT,296.09,22.9,296.08,0.1,296.1,175.5,296.11,64.6
1753600037206,07:07:17.206,okx,AAVE/USDT:USDT,296.09,23.1,296.08,0.1,296.1,175.5,296.11,64.6
1753600037406,07:07:17.406,okx,AAVE/USDT:USDT,296.09,23.1,296.08,0.1,296.1,175.5,296.11,64.6
1753600037506,07:07:17.506,okx,AAVE/USDT:USDT,296.09,23.1,296.08,0.1,296.1,175.5,296.11,64.6
1753600037606,07:07:17.606,okx,AAVE/USDT:USDT,296.09,23.1,296.08,0.1,296.1,175.5,296.11,64.6
1753600037706,07:07:17.706,okx,AAVE/USDT:USDT,296.09,23.1,296.08,11.4,296.1,25.8,296.12,17.3
1753600037806,07:07:17.806,okx,AAVE/USDT:USDT,296.09,6.0,296.08,0.1,296.1,134.3,296.11,39.2
1753600037906,07:07:17.906,okx,AAVE/USDT:USDT,296.09,6.0,296.08,0.1,296.1,25.8,296.12,17.3
1753600038006,07:07:18.006,okx,AAVE/USDT:USDT,296.09,6.0,296.08,0.1,296.1,25.8,296.12,17.3
1753600038106,07:07:18.106,okx,AAVE/USDT:USDT,296.09,6.0,296.08,0.1,296.1,134.3,296.11,64.4
1753600038206,07:07:18.206,okx,AAVE/USDT:USDT,296.09,6.0,296.08,0.1,296.1,134.3,296.11,64.4
1753600038306,07:07:18.306,okx,AAVE/USDT:USDT,296.09,6.0,296.08,0.1,296.1,134.3,296.11,64.4
1753600038506,07:07:18.506,okx,AAVE/USDT:USDT,296.09,6.0,296.08,0.1,296.1,134.3,296.11,64.4
1753600038806,07:07:18.806,okx,AAVE/USDT:USDT,296.09,6.0,296.08,11.4,296.1,134.3,296.11,64.4
1753600038906,07:07:18.906,okx,AAVE/USDT:USDT,296.09,6.0,296.08,11.4,296.1,25.8,296.12,44.9
1753600039006,07:07:19.006,okx,AAVE/USDT:USDT,296.09,6.0,296.08,11.4,296.1,134.3,296.12,67.2
1753600039106,07:07:19.106,okx,AAVE/USDT:USDT,296.09,6.0,296.08,11.4,296.1,134.3,296.12,67.2
1753600039206,07:07:19.206,okx,AAVE/USDT:USDT,296.09,6.0,296.08,11.4,296.1,25.8,296.12,17.3
1753600039306,07:07:19.306,okx,AAVE/USDT:USDT,296.09,6.0,296.08,11.4,296.1,134.3,296.12,17.1
1753600039406,07:07:19.406,okx,AAVE/USDT:USDT,296.09,6.0,296.08,11.4,296.1,134.3,296.12,17.1
1753600039606,07:07:19.606,okx,AAVE/USDT:USDT,296.09,6.0,296.08,11.4,296.1,134.3,296.11,64.4
1753600039706,07:07:19.706,okx,AAVE/USDT:USDT,296.09,6.0,296.08,11.4,296.1,134.3,296.11,64.4
1753600039906,07:07:19.906,okx,AAVE/USDT:USDT,296.09,6.0,296.08,11.4,296.1,134.3,296.11,64.4
1753600040006,07:07:20.006,okx,AAVE/USDT:USDT,296.09,6.0,296.08,11.4,296.1,134.3,296.11,64.4
1753600040106,07:07:20.106,okx,AAVE/USDT:USDT,296.09,6.0,296.08,11.4,296.1,134.2,296.11,64.4
1753600040206,07:07:20.206,okx,AAVE/USDT:USDT,296.09,7.1,296.08,11.4,296.1,134.2,296.11,64.4
1753600040306,07:07:20.306,okx,AAVE/USDT:USDT,296.09,7.1,296.08,11.4,296.1,134.2,296.12,72.8
1753600040406,07:07:20.406,okx,AAVE/USDT:USDT,296.09,7.1,296.08,11.4,296.1,134.2,296.12,72.8
1753600040706,07:07:20.706,okx,AAVE/USDT:USDT,296.09,7.1,296.08,11.4,296.1,25.7,296.12,17.1
1753600040806,07:07:20.806,okx,AAVE/USDT:USDT,296.09,7.1,296.08,11.4,296.1,134.2,296.11,64.4
1753600040906,07:07:20.906,okx,AAVE/USDT:USDT,296.09,7.1,296.08,0.1,296.1,134.2,296.11,64.4
1753600041006,07:07:21.006,okx,AAVE/USDT:USDT,296.09,7.1,296.08,0.1,296.1,134.2,296.11,64.4
1753600041206,07:07:21.206,okx,AAVE/USDT:USDT,296.09,7.1,296.08,0.1,296.1,134.2,296.12,68.0
1753600041306,07:07:21.306,okx,AAVE/USDT:USDT,296.09,8.4,296.08,11.4,296.1,22.3,296.12,44.7
1753600041406,07:07:21.406,okx,AAVE/USDT:USDT,296.09,8.4,296.08,11.4,296.1,130.6,296.12,44.7
1753600041506,07:07:21.506,okx,AAVE/USDT:USDT,296.09,10.1,296.08,11.4,296.1,130.8,296.12,17.1
1753600041606,07:07:21.606,okx,AAVE/USDT:USDT,296.09,10.1,296.08,11.4,296.1,22.1,296.12,17.1
1753600041706,07:07:21.706,okx,AAVE/USDT:USDT,296.09,10.1,296.08,11.4,296.1,22.3,296.12,56.3
1753600041806,07:07:21.806,okx,AAVE/USDT:USDT,296.09,10.1,296.08,11.4,296.1,154.8,296.11,64.4
1753600041906,07:07:21.906,okx,AAVE/USDT:USDT,296.09,10.1,296.08,11.4,296.1,154.8,296.11,64.4
1753600042106,07:07:22.106,okx,AAVE/USDT:USDT,296.09,10.1,296.08,11.4,296.1,154.8,296.11,64.4
1753600042206,07:07:22.206,okx,AAVE/USDT:USDT,296.09,10.1,296.08,11.4,296.1,154.8,296.11,64.4
1753600042406,07:07:22.406,okx,AAVE/USDT:USDT,296.09,13.8,296.08,11.4,296.1,199.3,296.11,93.9
1753600042506,07:07:22.506,okx,AAVE/USDT:USDT,296.09,13.8,296.08,11.4,296.1,199.3,296.11,93.9
1753600042606,07:07:22.606,okx,AAVE/USDT:USDT,296.09,13.8,296.08,0.1,296.1,199.3,296.11,93.9
1753600042806,07:07:22.806,okx,AAVE/USDT:USDT,296.09,13.8,296.08,0.1,296.1,199.3,296.11,93.9
1753600042906,07:07:22.906,okx,AAVE/USDT:USDT,296.09,13.8,296.08,0.1,296.1,156.3,296.11,29.5
1753600043006,07:07:23.006,okx,AAVE/USDT:USDT,296.07,2.2,296.06,0.6,296.08,216.6,296.09,132.4
1753600043106,07:07:23.106,okx,AAVE/USDT:USDT,296.07,2.4,296.06,0.6,296.08,152.5,296.09,34.1
1753600043206,07:07:23.206,okx,AAVE/USDT:USDT,296.07,2.4,296.06,0.6,296.08,152.5,296.09,34.1
1753600043306,07:07:23.306,okx,AAVE/USDT:USDT,296.07,2.4,296.06,0.6,296.08,152.5,296.09,34.1
1753600043406,07:07:23.406,okx,AAVE/USDT:USDT,296.07,2.4,296.06,0.6,296.08,152.5,296.09,34.8
1753600043506,07:07:23.506,okx,AAVE/USDT:USDT,296.07,2.4,296.06,0.6,296.08,152.5,296.09,73.3
1753600043606,07:07:23.606,okx,AAVE/USDT:USDT,296.04,0.6,296.03,0.3,296.05,228.7,296.06,133.6
1753600043706,07:07:23.706,okx,AAVE/USDT:USDT,296.04,0.6,296.03,0.3,296.05,228.9,296.06,133.6
1753600043806,07:07:23.806,okx,AAVE/USDT:USDT,296.04,0.6,296.03,0.3,296.05,228.9,296.06,132.9
1753600044006,07:07:24.006,okx,AAVE/USDT:USDT,296.04,0.6,296.03,0.3,296.05,96.4,296.06,93.7
1753600044106,07:07:24.106,okx,AAVE/USDT:USDT,296.04,0.6,296.03,0.3,296.05,224.6,296.06,94.4
1753600044306,07:07:24.306,okx,AAVE/USDT:USDT,296.04,0.6,296.03,0.3,296.05,252.1,296.06,93.7
1753600044406,07:07:24.406,okx,AAVE/USDT:USDT,296.04,0.6,296.03,0.3,296.05,276.1,296.06,132.9
1753600044506,07:07:24.506,okx,AAVE/USDT:USDT,296.04,0.6,296.03,0.3,296.05,276.1,296.06,132.9
1753600044606,07:07:24.606,okx,AAVE/USDT:USDT,296.04,0.6,296.03,0.3,296.05,276.1,296.06,132.9
1753600044706,07:07:24.706,okx,AAVE/USDT:USDT,296.04,0.6,296.03,0.3,296.05,252.1,296.06,93.7
1753600044906,07:07:24.906,okx,AAVE/USDT:USDT,296.04,0.6,296.03,0.3,296.05,223.9,296.06,93.7
1753600045006,07:07:25.006,okx,AAVE/USDT:USDT,296.04,0.6,296.03,0.3,296.05,223.9,296.06,93.7
1753600045106,07:07:25.106,okx,AAVE/USDT:USDT,296.04,0.6,296.03,0.3,296.05,223.9,296.06,93.7
1753600045306,07:07:25.306,okx,AAVE/USDT:USDT,296.04,0.6,296.03,0.3,296.05,224.7,296.06,132.9
1753600045406,07:07:25.406,okx,AAVE/USDT:USDT,296.04,1.9,296.03,0.3,296.05,224.7,296.06,132.9
1753600045506,07:07:25.506,okx,AAVE/USDT:USDT,296.04,1.9,296.03,0.3,296.05,227.1,296.06,132.9
1753600045906,07:07:25.906,okx,AAVE/USDT:USDT,296.04,1.9,296.03,0.3,296.05,233.8,296.06,132.9
1753600046006,07:07:26.006,okx,AAVE/USDT:USDT,296.04,1.9,296.03,0.3,296.05,233.8,296.06,132.9
1753600046106,07:07:26.106,okx,AAVE/USDT:USDT,296.04,1.9,296.03,0.3,296.05,106.1,296.06,31.6
1753600046206,07:07:26.206,okx,AAVE/USDT:USDT,296.04,1.9,296.03,0.3,296.05,214.8,296.06,58.4
1753600046306,07:07:26.306,okx,AAVE/USDT:USDT,296.04,1.9,296.03,0.3,296.05,214.8,296.06,58.4
1753600046406,07:07:26.406,okx,AAVE/USDT:USDT,296.04,1.9,296.03,0.3,296.05,234.2,296.06,58.4
1753600046506,07:07:26.506,okx,AAVE/USDT:USDT,296.04,1.9,296.03,0.3,296.05,234.2,296.06,58.4
1753600046606,07:07:26.606,okx,AAVE/USDT:USDT,296.04,1.9,296.03,0.3,296.05,234.2,296.06,58.4
1753600046706,07:07:26.706,okx,AAVE/USDT:USDT,296.04,1.9,296.03,0.3,296.05,234.2,296.06,58.4
1753600046806,07:07:26.806,okx,AAVE/USDT:USDT,296.04,1.9,296.03,0.3,296.05,234.2,296.06,58.4
1753600046906,07:07:26.906,okx,AAVE/USDT:USDT,296.04,1.9,296.03,0.3,296.05,234.2,296.06,58.4
1753600047006,07:07:27.006,okx,AAVE/USDT:USDT,296.04,1.9,296.03,0.3,296.05,234.2,296.06,58.4
1753600047106,07:07:27.106,okx,AAVE/USDT:USDT,296.04,1.9,296.03,0.3,296.05,258.2,296.06,97.6
1753600047206,07:07:27.206,okx,AAVE/USDT:USDT,296.04,1.9,296.03,0.3,296.05,258.2,296.06,97.6
1753600047306,07:07:27.306,okx,AAVE/USDT:USDT,296.04,1.9,296.03,0.3,296.05,258.2,296.06,97.6
1753600047406,07:07:27.406,okx,AAVE/USDT:USDT,296.02,0.1,296.01,2.5,296.03,186.7,296.04,160.2
1753600047506,07:07:27.506,okx,AAVE/USDT:USDT,296.01,2.2,296.0,0.7,296.02,241.3,296.03,98.5
1753600047606,07:07:27.606,okx,AAVE/USDT:USDT,296.01,2.4,296.0,0.7,296.02,261.5,296.03,98.5
1753600047706,07:07:27.706,okx,AAVE/USDT:USDT,296.01,2.4,296.0,0.7,296.02,261.5,296.03,74.5
1753600047806,07:07:27.806,okx,AAVE/USDT:USDT,296.01,2.4,296.0,0.7,296.02,261.5,296.03,53.8
1753600047906,07:07:27.906,okx,AAVE/USDT:USDT,296.01,2.4,296.0,0.7,296.02,261.5,296.03,93.7
1753600048006,07:07:28.006,okx,AAVE/USDT:USDT,296.0,0.3,295.99,0.3,296.01,242.1,296.02,157.4
1753600048106,07:07:28.106,okx,AAVE/USDT:USDT,296.0,0.3,295.99,0.3,296.01,235.9,296.02,45.0
1753600048206,07:07:28.206,okx,AAVE/USDT:USDT,296.0,0.3,295.99,0.3,296.01,235.9,296.02,45.0
1753600048306,07:07:28.306,okx,AAVE/USDT:USDT,296.0,0.3,295.99,0.3,296.01,235.9,296.02,45.0
1753600048406,07:07:28.406,okx,AAVE/USDT:USDT,296.0,0.4,295.99,0.3,296.01,235.9,296.02,106.4
1753600048506,07:07:28.506,okx,AAVE/USDT:USDT,296.0,0.4,295.99,0.3,296.01,235.9,296.02,45.0
1753600048606,07:07:28.606,okx,AAVE/USDT:USDT,296.0,0.3,295.99,0.3,296.01,210.2,296.02,18.3
1753600048906,07:07:28.906,okx,AAVE/USDT:USDT,296.0,15.3,295.99,34.3,296.01,26.0,296.02,5.3
1753600049006,07:07:29.006,okx,AAVE/USDT:USDT,296.0,15.3,295.99,34.3,296.01,26.0,296.02,5.3
1753600049106,07:07:29.106,okx,AAVE/USDT:USDT,296.0,15.3,295.98,53.7,296.01,26.0,296.02,5.3
1753600049206,07:07:29.206,okx,AAVE/USDT:USDT,296.0,15.3,295.98,27.7,296.01,141.8,296.02,5.3
1753600049306,07:07:29.306,okx,AAVE/USDT:USDT,296.0,16.3,295.98,27.7,296.01,33.3,296.02,5.3
1753600049406,07:07:29.406,okx,AAVE/USDT:USDT,296.0,1.4,295.98,27.7,296.01,161.4,296.02,92.5
1753600049506,07:07:29.506,okx,AAVE/USDT:USDT,296.0,1.4,295.98,27.7,296.01,141.8,296.02,31.3
1753600049606,07:07:29.606,okx,AAVE/USDT:USDT,296.0,8.2,295.98,27.7,296.01,33.1,296.02,31.3
1753600049806,07:07:29.806,okx,AAVE/USDT:USDT,296.0,19.5,295.99,34.3,296.01,30.1,296.02,5.3
1753600050006,07:07:30.006,okx,AAVE/USDT:USDT,296.0,19.5,295.99,34.3,296.01,30.1,296.02,5.3
1753600050106,07:07:30.106,okx,AAVE/USDT:USDT,296.0,19.5,295.99,34.3,296.01,30.1,296.02,5.3
1753600050306,07:07:30.306,okx,AAVE/USDT:USDT,296.0,85.2,295.99,59.2,296.01,2.5,296.02,0.1
1753600050406,07:07:30.406,okx,AAVE/USDT:USDT,296.0,193.9,295.99,59.2,296.01,2.7,296.02,0.1
1753600050806,07:07:30.806,okx,AAVE/USDT:USDT,296.0,44.9,295.98,27.7,296.01,19.4,296.02,0.1
1753600050906,07:07:30.906,okx,AAVE/USDT:USDT,296.0,44.9,295.98,27.7,296.01,19.2,296.02,62.4
1753600051006,07:07:31.006,okx,AAVE/USDT:USDT,296.0,21.0,295.98,27.7,296.01,135.5,296.02,85.3
1753600051106,07:07:31.106,okx,AAVE/USDT:USDT,296.0,21.0,295.98,27.7,296.01,27.2,296.02,26.1
1753600051206,07:07:31.206,okx,AAVE/USDT:USDT,296.0,21.0,295.98,27.7,296.01,27.2,296.02,26.1
1753600051306,07:07:31.306,okx,AAVE/USDT:USDT,296.0,21.0,295.98,27.7,296.01,27.2,296.02,26.1
1753600051406,07:07:31.406,okx,AAVE/USDT:USDT,296.0,21.0,295.98,27.7,296.01,27.2,296.02,0.1
1753600051806,07:07:31.806,okx,AAVE/USDT:USDT,296.0,104.6,295.99,58.5,296.01,4.3,296.02,0.1
1753600051906,07:07:31.906,okx,AAVE/USDT:USDT,296.0,43.8,295.99,32.5,296.01,4.3,296.02,0.1
1753600052106,07:07:32.106,okx,AAVE/USDT:USDT,296.0,149.0,295.99,32.5,296.01,4.3,296.02,0.1
1753600052306,07:07:32.306,okx,AAVE/USDT:USDT,296.0,172.7,295.99,59.2,296.01,26.1,296.02,0.1
1753600052406,07:07:32.406,okx,AAVE/USDT:USDT,296.0,64.4,295.99,59.2,296.01,4.3,296.02,0.1
1753600052506,07:07:32.506,okx,AAVE/USDT:USDT,296.0,172.2,295.99,58.5,296.01,30.1,296.02,0.1
1753600052606,07:07:32.606,okx,AAVE/USDT:USDT,296.0,172.9,295.99,59.2,296.01,28.5,296.02,0.1
1753600052706,07:07:32.706,okx,AAVE/USDT:USDT,296.0,64.2,295.99,59.2,296.01,29.7,296.02,0.1
1753600052806,07:07:32.806,okx,AAVE/USDT:USDT,296.0,64.2,295.99,59.2,296.01,4.1,296.02,0.1
1753600052906,07:07:32.906,okx,AAVE/USDT:USDT,296.0,64.4,295.99,59.2,296.01,4.1,296.02,0.1
1753600053006,07:07:33.006,okx,AAVE/USDT:USDT,296.0,64.4,295.99,33.2,296.01,4.3,296.02,0.1
1753600053106,07:07:33.106,okx,AAVE/USDT:USDT,296.0,74.4,295.99,33.2,296.01,4.3,296.02,0.1
1753600053206,07:07:33.206,okx,AAVE/USDT:USDT,296.0,74.4,295.99,59.2,296.01,4.3,296.02,0.1
1753600053306,07:07:33.306,okx,AAVE/USDT:USDT,296.0,76.7,295.99,59.2,296.01,2.7,296.02,0.1
1753600053506,07:07:33.506,okx,AAVE/USDT:USDT,296.0,175.2,295.99,59.2,296.01,2.7,296.02,0.1
1753600053606,07:07:33.606,okx,AAVE/USDT:USDT,296.0,175.2,295.99,59.2,296.01,2.7,296.02,0.1
1753600053806,07:07:33.806,okx,AAVE/USDT:USDT,296.0,66.5,295.99,59.2,296.01,2.7,296.02,0.1
1753600053906,07:07:33.906,okx,AAVE/USDT:USDT,296.0,175.0,295.99,59.2,296.01,2.7,296.02,0.1
1753600054006,07:07:34.006,okx,AAVE/USDT:USDT,296.0,66.5,295.99,59.2,296.01,2.7,296.02,0.1
1753600054106,07:07:34.106,okx,AAVE/USDT:USDT,296.0,175.2,295.99,59.2,296.01,2.7,296.02,0.1
1753600054206,07:07:34.206,okx,AAVE/USDT:USDT,296.0,175.2,295.99,59.2,296.01,2.7,296.02,0.1
1753600054306,07:07:34.306,okx,AAVE/USDT:USDT,296.0,175.2,295.99,59.2,296.01,2.7,296.02,0.1
1753600054406,07:07:34.406,okx,AAVE/USDT:USDT,296.0,175.2,295.99,59.2,296.01,2.7,296.02,0.1
1753600054506,07:07:34.506,okx,AAVE/USDT:USDT,296.0,175.2,295.99,33.2,296.01,2.7,296.02,0.1
1753600054706,07:07:34.706,okx,AAVE/USDT:USDT,296.0,46.1,295.98,28.4,296.01,5.9,296.02,0.1
1753600054806,07:07:34.806,okx,AAVE/USDT:USDT,296.0,46.1,295.98,28.4,296.01,5.9,296.02,0.1
1753600054906,07:07:34.906,okx,AAVE/USDT:USDT,296.0,46.1,295.99,32.5,296.01,29.9,296.02,0.1
1753600055006,07:07:35.006,okx,AAVE/USDT:USDT,296.0,174.8,295.99,33.2,296.01,31.5,296.02,0.1
1753600055106,07:07:35.106,okx,AAVE/USDT:USDT,296.0,66.5,295.99,33.2,296.01,2.7,296.02,0.1
1753600055206,07:07:35.206,okx,AAVE/USDT:USDT,296.0,67.5,295.99,59.2,296.01,31.2,296.02,0.1
1753600055306,07:07:35.306,okx,AAVE/USDT:USDT,296.0,72.2,295.99,59.2,296.01,2.5,296.02,0.1
1753600055406,07:07:35.406,okx,AAVE/USDT:USDT,296.0,72.2,295.99,33.2,296.01,30.2,296.02,0.1
1753600055506,07:07:35.506,okx,AAVE/USDT:USDT,296.0,72.2,295.99,33.2,296.01,29.3,296.02,0.1
1753600055606,07:07:35.606,okx,AAVE/USDT:USDT,296.0,180.9,295.99,59.2,296.01,29.6,296.02,0.1
1753600055706,07:07:35.706,okx,AAVE/USDT:USDT,296.0,180.9,295.99,59.2,296.01,27.7,296.02,0.1
1753600055806,07:07:35.806,okx,AAVE/USDT:USDT,296.0,161.0,295.99,59.2,296.01,31.3,296.02,0.1
1753600055906,07:07:35.906,okx,AAVE/USDT:USDT,296.0,180.0,295.99,33.2,296.01,2.5,296.02,0.1
1753600056006,07:07:36.006,okx,AAVE/USDT:USDT,296.0,71.3,295.99,59.2,296.01,26.8,296.02,0.1
1753600056106,07:07:36.106,okx,AAVE/USDT:USDT,296.0,180.0,295.99,33.2,296.01,27.5,296.02,0.1
1753600056206,07:07:36.206,okx,AAVE/USDT:USDT,296.0,71.5,295.99,33.2,296.01,27.7,296.02,0.1
1753600056306,07:07:36.306,okx,AAVE/USDT:USDT,296.0,156.6,295.99,32.5,296.01,29.7,296.02,0.1
1753600056506,07:07:36.506,okx,AAVE/USDT:USDT,296.0,156.8,295.99,32.5,296.01,29.7,296.02,0.1
1753600056606,07:07:36.606,okx,AAVE/USDT:USDT,296.0,179.3,295.99,32.5,296.01,29.7,296.02,0.1
1753600056706,07:07:36.706,okx,AAVE/USDT:USDT,296.0,162.1,295.99,32.5,296.01,2.7,296.02,0.1
1753600056806,07:07:36.806,okx,AAVE/USDT:USDT,296.0,179.1,295.99,32.5,296.01,2.5,296.02,0.1
1753600056906,07:07:36.906,okx,AAVE/USDT:USDT,296.0,70.8,295.99,58.5,296.01,2.7,296.02,0.1
1753600057006,07:07:37.006,okx,AAVE/USDT:USDT,296.0,70.8,295.99,58.5,296.01,2.7,296.02,0.1
1753600057106,07:07:37.106,okx,AAVE/USDT:USDT,296.0,179.8,295.99,59.2,296.01,27.0,296.02,0.1
1753600057206,07:07:37.206,okx,AAVE/USDT:USDT,296.0,180.0,295.99,59.2,296.01,27.1,296.02,0.1
1753600057406,07:07:37.406,okx,AAVE/USDT:USDT,296.03,123.1,296.02,73.8,296.04,28.3,296.06,0.4
1753600057506,07:07:37.506,okx,AAVE/USDT:USDT,296.03,189.9,296.02,73.8,296.04,28.0,296.06,0.4
1753600057606,07:07:37.606,okx,AAVE/USDT:USDT,296.03,154.1,296.02,73.8,296.04,28.2,296.06,0.4
1753600057706,07:07:37.706,okx,AAVE/USDT:USDT,296.03,142.1,296.02,73.8,296.04,28.2,296.06,0.4
1753600057806,07:07:37.806,okx,AAVE/USDT:USDT,296.03,121.1,296.02,41.3,296.04,28.2,296.06,0.4
1753600057906,07:07:37.906,okx,AAVE/USDT:USDT,296.03,121.1,296.02,41.3,296.04,28.2,296.06,0.4
1753600058006,07:07:38.006,okx,AAVE/USDT:USDT,296.03,121.1,296.02,41.3,296.04,28.2,296.06,0.4
1753600058106,07:07:38.106,okx,AAVE/USDT:USDT,296.03,187.2,296.02,73.8,296.04,28.2,296.06,0.4
1753600058206,07:07:38.206,okx,AAVE/USDT:USDT,296.03,141.9,296.02,73.8,296.04,28.2,296.06,0.4
1753600058306,07:07:38.306,okx,AAVE/USDT:USDT,296.03,175.4,296.02,73.8,296.04,28.2,296.06,0.4
1753600058406,07:07:38.406,okx,AAVE/USDT:USDT,296.03,141.5,296.02,73.8,296.04,28.2,296.06,0.4
1753600058506,07:07:38.506,okx,AAVE/USDT:USDT,296.03,101.6,296.02,11.4,296.04,28.2,296.06,0.4
1753600058606,07:07:38.606,okx,AAVE/USDT:USDT,296.03,101.6,296.02,11.4,296.04,28.2,296.06,0.4
1753600058706,07:07:38.706,okx,AAVE/USDT:USDT,296.03,133.6,296.02,11.4,296.04,28.2,296.06,0.4
1753600058906,07:07:38.906,okx,AAVE/USDT:USDT,296.03,154.4,296.02,43.9,296.04,28.2,296.06,0.4
1753600059006,07:07:39.006,okx,AAVE/USDT:USDT,296.03,283.2,296.02,71.8,296.04,28.2,296.06,0.4
1753600059206,07:07:39.206,okx,AAVE/USDT:USDT,296.03,282.2,296.02,71.8,296.04,28.2,296.06,0.4
1753600059306,07:07:39.306,okx,AAVE/USDT:USDT,296.03,270.3,296.02,43.9,296.04,28.2,296.06,0.4
1753600059406,07:07:39.406,okx,AAVE/USDT:USDT,296.03,225.6,296.02,43.9,296.04,28.2,296.06,0.4
1753600059506,07:07:39.506,okx,AAVE/USDT:USDT,296.03,270.3,296.02,43.9,296.04,28.2,296.06,0.4
1753600059606,07:07:39.606,okx,AAVE/USDT:USDT,296.03,69.1,296.02,11.4,296.04,0.2,296.06,0.4
1753600059706,07:07:39.706,okx,AAVE/USDT:USDT,296.03,66.8,296.02,11.4,296.04,0.2,296.06,0.4
1753600059806,07:07:39.806,okx,AAVE/USDT:USDT,296.06,11.3,296.04,7.3,296.07,59.3,296.08,56.4
1753600059906,07:07:39.906,okx,AAVE/USDT:USDT,296.06,11.5,296.04,18.6,296.07,45.3,296.08,20.2
1753600060106,07:07:40.106,okx,AAVE/USDT:USDT,296.06,7.8,296.04,18.1,296.07,154.7,296.08,57.2
1753600060206,07:07:40.206,okx,AAVE/USDT:USDT,296.06,8.0,296.04,18.1,296.07,46.2,296.08,101.8
1753600060306,07:07:40.306,okx,AAVE/USDT:USDT,296.06,8.0,296.04,18.1,296.07,25.5,296.08,20.2
1753600060606,07:07:40.606,okx,AAVE/USDT:USDT,296.06,61.9,296.04,18.4,296.07,97.5,296.08,44.9
1753600060706,07:07:40.706,okx,AAVE/USDT:USDT,296.06,61.9,296.04,18.4,296.07,97.5,296.08,44.9
1753600060806,07:07:40.806,okx,AAVE/USDT:USDT,296.06,61.9,296.04,18.4,296.07,97.5,296.08,20.2
1753600060906,07:07:40.906,okx,AAVE/USDT:USDT,296.06,61.9,296.04,18.4,296.07,97.5,296.08,20.2
1753600061006,07:07:41.006,okx,AAVE/USDT:USDT,296.06,61.9,296.04,18.4,296.07,97.5,296.08,20.2
1753600061206,07:07:41.206,okx,AAVE/USDT:USDT,296.06,61.9,296.04,18.4,296.07,97.5,296.08,20.2
1753600061306,07:07:41.306,okx,AAVE/USDT:USDT,296.06,61.9,296.04,18.4,296.07,206.0,296.08,0.9
1753600061406,07:07:41.406,okx,AAVE/USDT:USDT,296.06,61.9,296.04,18.4,296.07,97.5,296.08,63.9
1753600061506,07:07:41.506,okx,AAVE/USDT:USDT,296.06,61.9,296.04,18.4,296.07,97.3,296.08,0.9
1753600061606,07:07:41.606,okx,AAVE/USDT:USDT,296.06,61.9,296.04,18.4,296.07,97.5,296.08,0.9
1753600061706,07:07:41.706,okx,AAVE/USDT:USDT,296.06,61.9,296.04,18.4,296.07,97.5,296.08,0.9
1753600061806,07:07:41.806,okx,AAVE/USDT:USDT,296.06,61.9,296.04,18.4,296.07,206.0,296.08,0.9
1753600062006,07:07:42.006,okx,AAVE/USDT:USDT,296.06,63.1,296.04,18.4,296.07,97.3,296.08,0.9
1753600062106,07:07:42.106,okx,AAVE/USDT:USDT,296.06,63.6,296.04,18.4,296.07,97.3,296.08,0.9
1753600062206,07:07:42.206,okx,AAVE/USDT:USDT,296.06,63.6,296.04,18.4,296.07,97.5,296.08,63.9
1753600062306,07:07:42.306,okx,AAVE/USDT:USDT,296.06,63.6,296.04,18.4,296.07,206.0,296.08,63.9
1753600062506,07:07:42.506,okx,AAVE/USDT:USDT,296.06,81.2,296.04,18.4,296.07,99.0,296.08,63.9
1753600062606,07:07:42.606,okx,AAVE/USDT:USDT,296.06,81.2,296.04,18.4,296.07,99.2,296.08,63.9
1753600062706,07:07:42.706,okx,AAVE/USDT:USDT,296.06,81.2,296.04,18.4,296.07,99.2,296.08,63.9
1753600062906,07:07:42.906,okx,AAVE/USDT:USDT,296.06,81.2,296.04,18.4,296.07,99.2,296.08,0.9
1753600063006,07:07:43.006,okx,AAVE/USDT:USDT,296.06,81.2,296.04,18.4,296.07,99.0,296.08,87.0
1753600063106,07:07:43.106,okx,AAVE/USDT:USDT,296.06,63.5,296.04,18.4,296.07,99.0,296.08,87.0
1753600063206,07:07:43.206,okx,AAVE/USDT:USDT,296.06,63.5,296.04,18.4,296.07,99.0,296.08,87.0
1753600063306,07:07:43.306,okx,AAVE/USDT:USDT,296.06,64.5,296.04,18.4,296.07,207.5,296.08,87.0
1753600063406,07:07:43.406,okx,AAVE/USDT:USDT,296.06,64.5,296.04,18.4,296.07,99.4,296.08,87.0
1753600063506,07:07:43.506,okx,AAVE/USDT:USDT,296.06,64.5,296.04,18.4,296.07,99.4,296.08,86.3
1753600063606,07:07:43.606,okx,AAVE/USDT:USDT,296.06,64.5,296.04,18.4,296.07,99.4,296.08,86.3
1753600063706,07:07:43.706,okx,AAVE/USDT:USDT,296.06,64.5,296.04,18.4,296.07,103.0,296.08,86.3
1753600063806,07:07:43.806,okx,AAVE/USDT:USDT,296.06,64.5,296.04,18.4,296.07,212.2,296.08,87.0
1753600063906,07:07:43.906,okx,AAVE/USDT:USDT,296.06,64.5,296.04,18.4,296.07,212.2,296.08,87.0
1753600064106,07:07:44.106,okx,AAVE/USDT:USDT,296.06,64.5,296.04,18.4,296.07,212.4,296.08,87.0
1753600064206,07:07:44.206,okx,AAVE/USDT:USDT,296.06,64.5,296.04,18.4,296.07,212.4,296.08,87.0
1753600064306,07:07:44.306,okx,AAVE/USDT:USDT,296.06,64.5,296.04,18.4,296.07,212.4,296.08,87.0
1753600064406,07:07:44.406,okx,AAVE/USDT:USDT,296.06,64.5,296.04,18.4,296.07,212.4,296.08,87.0
1753600064706,07:07:44.706,okx,AAVE/USDT:USDT,296.06,64.5,296.04,18.4,296.07,103.2,296.08,86.3
1753600064806,07:07:44.806,okx,AAVE/USDT:USDT,296.06,64.5,296.04,18.4,296.07,103.2,296.08,86.3
1753600064906,07:07:44.906,okx,AAVE/USDT:USDT,296.06,64.5,296.04,18.4,296.07,211.7,296.08,86.3
1753600065106,07:07:45.106,okx,AAVE/USDT:USDT,296.06,63.3,296.04,18.4,296.07,211.6,296.08,86.3
1753600065206,07:07:45.206,okx,AAVE/USDT:USDT,296.06,62.9,296.04,18.4,296.07,123.3,296.08,87.0
1753600065306,07:07:45.306,okx,AAVE/USDT:USDT,296.06,63.1,296.04,18.4,296.07,231.8,296.08,87.0
1753600065406,07:07:45.406,okx,AAVE/USDT:USDT,296.06,63.1,296.04,18.4,296.07,123.3,296.08,87.0
1753600065506,07:07:45.506,okx,AAVE/USDT:USDT,296.06,63.1,296.04,18.4,296.07,231.8,296.08,87.0
1753600065606,07:07:45.606,okx,AAVE/USDT:USDT,296.06,63.1,296.04,18.4,296.07,231.8,296.08,87.0
1753600065706,07:07:45.706,okx,AAVE/USDT:USDT,296.06,63.1,296.04,18.4,296.07,231.8,296.08,87.0
1753600065906,07:07:45.906,okx,AAVE/USDT:USDT,296.06,63.1,296.04,18.4,296.07,123.1,296.08,87.0
1753600066006,07:07:46.006,okx,AAVE/USDT:USDT,296.06,63.1,296.04,18.4,296.07,100.6,296.08,87.0
1753600066106,07:07:46.106,okx,AAVE/USDT:USDT,296.06,63.1,296.04,18.4,296.07,231.6,296.08,87.0
1753600066206,07:07:46.206,okx,AAVE/USDT:USDT,296.06,63.1,296.04,18.4,296.07,231.8,296.08,87.0
1753600066306,07:07:46.306,okx,AAVE/USDT:USDT,296.06,63.1,296.04,18.4,296.07,231.8,296.08,87.0
1753600066406,07:07:46.406,okx,AAVE/USDT:USDT,296.06,63.1,296.04,18.4,296.07,238.5,296.08,87.0
1753600066506,07:07:46.506,okx,AAVE/USDT:USDT,296.06,63.1,296.04,18.4,296.07,238.5,296.08,87.0
1753600066606,07:07:46.606,okx,AAVE/USDT:USDT,296.06,63.1,296.04,18.4,296.07,238.5,296.08,87.0
1753600066706,07:07:46.706,okx,AAVE/USDT:USDT,296.06,63.1,296.04,18.4,296.07,107.5,296.08,87.0
1753600067106,07:07:47.106,okx,AAVE/USDT:USDT,296.06,63.1,296.04,18.4,296.07,278.7,296.08,87.0
1753600067306,07:07:47.306,okx,AAVE/USDT:USDT,296.06,63.1,296.04,18.4,296.07,278.7,296.08,86.1
1753600067406,07:07:47.406,okx,AAVE/USDT:USDT,296.06,63.1,296.04,18.4,296.07,278.7,296.08,86.1
1753600067506,07:07:47.506,okx,AAVE/USDT:USDT,296.06,63.4,296.04,18.4,296.07,234.0,296.08,27.6
1753600067606,07:07:47.606,okx,AAVE/USDT:USDT,296.06,63.4,296.04,18.4,296.07,278.7,296.08,86.1
1753600067806,07:07:47.806,okx,AAVE/USDT:USDT,296.06,63.4,296.04,18.4,296.07,278.7,296.08,86.1
1753600068106,07:07:48.106,okx,AAVE/USDT:USDT,296.06,63.1,296.04,0.3,296.07,278.7,296.08,86.1
1753600068206,07:07:48.206,okx,AAVE/USDT:USDT,296.06,63.1,296.04,0.3,296.07,278.7,296.08,86.1
1753600068406,07:07:48.406,okx,AAVE/USDT:USDT,296.06,64.1,296.04,0.3,296.07,278.7,296.08,86.1
1753600068506,07:07:48.506,okx,AAVE/USDT:USDT,296.06,64.1,296.04,0.3,296.07,285.3,296.08,86.1
1753600068606,07:07:48.606,okx,AAVE/USDT:USDT,296.06,64.3,296.04,0.3,296.07,285.3,296.08,86.1
1753600068706,07:07:48.706,okx,AAVE/USDT:USDT,296.06,64.3,296.04,0.3,296.07,285.3,296.08,86.1
1753600069106,07:07:49.106,okx,AAVE/USDT:USDT,296.06,64.3,296.04,0.3,296.07,285.7,296.08,86.1
1753600069206,07:07:49.206,okx,AAVE/USDT:USDT,296.06,64.3,296.04,0.3,296.07,286.1,296.08,86.1
1753600069306,07:07:49.306,okx,AAVE/USDT:USDT,296.06,64.3,296.04,0.3,296.07,286.1,296.08,86.1
1753600069406,07:07:49.406,okx,AAVE/USDT:USDT,296.06,64.3,296.04,0.3,296.07,286.1,296.08,86.1
1753600069506,07:07:49.506,okx,AAVE/USDT:USDT,296.06,64.3,296.04,0.3,296.07,286.1,296.08,86.1
1753600069606,07:07:49.606,okx,AAVE/USDT:USDT,296.02,0.1,296.01,26.3,296.03,174.9,296.04,109.7
1753600069806,07:07:49.806,okx,AAVE/USDT:USDT,296.02,11.6,296.01,20.9,296.03,174.3,296.04,29.2
1753600069906,07:07:49.906,okx,AAVE/USDT:USDT,296.02,11.6,296.01,20.9,296.03,174.5,296.04,29.2
1753600070006,07:07:50.006,okx,AAVE/USDT:USDT,296.02,11.6,296.01,20.9,296.03,155.1,296.04,66.2
1753600070106,07:07:50.106,okx,AAVE/USDT:USDT,296.02,11.6,296.01,20.9,296.03,177.6,296.04,88.9
1753600070206,07:07:50.206,okx,AAVE/USDT:USDT,296.02,11.6,296.01,20.9,296.03,69.1,296.04,88.9
1753600070306,07:07:50.306,okx,AAVE/USDT:USDT,296.02,11.6,296.01,20.9,296.03,177.6,296.04,88.9
1753600070406,07:07:50.406,okx,AAVE/USDT:USDT,296.02,19.6,296.01,20.9,296.03,46.6,296.04,88.9
1753600070506,07:07:50.506,okx,AAVE/USDT:USDT,296.02,19.6,296.01,20.9,296.03,45.9,296.04,29.2
1753600070706,07:07:50.706,okx,AAVE/USDT:USDT,296.02,19.6,296.01,20.9,296.03,163.6,296.04,65.5
1753600070806,07:07:50.806,okx,AAVE/USDT:USDT,296.02,19.6,296.01,20.9,296.03,186.1,296.04,88.2
1753600070906,07:07:50.906,okx,AAVE/USDT:USDT,296.02,19.6,296.01,20.9,296.03,55.1,296.04,83.0
1753600071106,07:07:51.106,okx,AAVE/USDT:USDT,296.02,19.6,296.01,20.9,296.03,55.1,296.04,24.0
1753600071206,07:07:51.206,okx,AAVE/USDT:USDT,296.02,22.1,296.01,20.9,296.03,55.1,296.04,61.0
1753600071306,07:07:51.306,okx,AAVE/USDT:USDT,296.02,22.3,296.01,20.9,296.03,55.1,296.04,24.0
1753600071406,07:07:51.406,okx,AAVE/USDT:USDT,296.02,22.3,296.01,20.9,296.03,55.1,296.04,24.0
1753600071506,07:07:51.506,okx,AAVE/USDT:USDT,296.02,22.3,296.01,20.9,296.03,55.1,296.04,24.0
1753600071806,07:07:51.806,okx,AAVE/USDT:USDT,296.02,22.3,296.01,20.9,296.03,163.6,296.04,61.0
1753600071906,07:07:51.906,okx,AAVE/USDT:USDT,296.02,18.7,296.01,4.1,296.03,163.6,296.04,24.0
1753600072006,07:07:52.006,okx,AAVE/USDT:USDT,296.02,18.7,296.01,4.1,296.03,163.6,296.04,24.0
1753600072106,07:07:52.106,okx,AAVE/USDT:USDT,296.02,18.7,296.01,4.1,296.03,55.1,296.04,24.0
1753600072306,07:07:52.306,okx,AAVE/USDT:USDT,296.02,109.4,296.01,4.1,296.03,39.1,296.04,1.7
1753600072406,07:07:52.406,okx,AAVE/USDT:USDT,296.02,111.6,296.01,26.5,296.03,16.5,296.04,1.7
1753600072606,07:07:52.606,okx,AAVE/USDT:USDT,296.02,45.0,296.01,4.1,296.03,16.5,296.04,1.7
1753600073006,07:07:53.006,okx,AAVE/USDT:USDT,296.02,45.0,296.01,4.1,296.03,16.5,296.04,1.7
1753600073206,07:07:53.206,okx,AAVE/USDT:USDT,296.02,64.7,296.01,59.0,296.03,9.5,296.04,1.7
1753600073306,07:07:53.306,okx,AAVE/USDT:USDT,296.02,173.0,296.01,59.0,296.03,35.6,296.04,1.7
1753600073406,07:07:53.406,okx,AAVE/USDT:USDT,296.02,100.8,296.01,26.5,296.03,9.5,296.04,1.7
1753600073506,07:07:53.506,okx,AAVE/USDT:USDT,296.02,85.4,296.01,26.5,296.03,9.5,296.04,1.7
1753600073606,07:07:53.606,okx,AAVE/USDT:USDT,296.02,64.7,296.01,26.5,296.03,9.5,296.04,1.7
1753600073706,07:07:53.706,okx,AAVE/USDT:USDT,296.02,64.7,296.01,26.5,296.03,9.5,296.04,1.7
1753600073806,07:07:53.806,okx,AAVE/USDT:USDT,296.02,173.2,296.01,26.5,296.03,9.5,296.04,1.7
1753600073906,07:07:53.906,okx,AAVE/USDT:USDT,296.02,64.7,296.01,26.5,296.03,9.5,296.04,1.7
1753600074106,07:07:54.106,okx,AAVE/USDT:USDT,296.02,64.7,296.01,26.5,296.03,9.5,296.04,1.7
1753600074206,07:07:54.206,okx,AAVE/USDT:USDT,296.02,64.7,296.01,26.5,296.03,9.5,296.04,1.7
1753600074306,07:07:54.306,okx,AAVE/USDT:USDT,296.02,93.5,296.01,26.5,296.03,9.5,296.04,1.7
1753600074406,07:07:54.406,okx,AAVE/USDT:USDT,296.02,94.2,296.01,59.7,296.03,9.5,296.04,1.7
1753600074506,07:07:54.506,okx,AAVE/USDT:USDT,296.02,173.9,296.01,59.7,296.03,9.5,296.04,1.7
1753600074706,07:07:54.706,okx,AAVE/USDT:USDT,296.02,157.1,296.01,59.7,296.03,9.5,296.04,1.7
1753600074806,07:07:54.806,okx,AAVE/USDT:USDT,296.02,154.9,296.01,59.0,296.03,9.3,296.04,1.7
1753600074906,07:07:54.906,okx,AAVE/USDT:USDT,296.02,173.7,296.01,27.2,296.03,35.6,296.04,1.7
1753600075006,07:07:55.006,okx,AAVE/USDT:USDT,296.02,65.2,296.01,27.2,296.03,35.5,296.04,1.7
1753600075106,07:07:55.106,okx,AAVE/USDT:USDT,296.02,65.2,296.01,27.2,296.03,31.7,296.04,1.7
1753600075206,07:07:55.206,okx,AAVE/USDT:USDT,296.02,64.5,296.01,26.5,296.03,81.3,296.04,1.7
1753600075306,07:07:55.306,okx,AAVE/USDT:USDT,296.02,64.7,296.01,4.1,296.03,81.5,296.04,1.7
1753600075406,07:07:55.406,okx,AAVE/USDT:USDT,296.02,64.7,296.01,4.1,296.03,81.5,296.04,1.7
1753600075606,07:07:55.606,okx,AAVE/USDT:USDT,296.02,64.7,296.01,26.5,296.03,81.5,296.04,1.7
1753600075706,07:07:55.706,okx,AAVE/USDT:USDT,296.02,64.7,296.01,26.5,296.03,81.5,296.04,1.7
1753600075806,07:07:55.806,okx,AAVE/USDT:USDT,296.02,64.7,296.01,26.5,296.03,81.5,296.04,1.7
1753600075906,07:07:55.906,okx,AAVE/USDT:USDT,296.02,64.7,296.01,26.5,296.03,81.5,296.04,1.7
1753600076006,07:07:56.006,okx,AAVE/USDT:USDT,296.02,82.8,296.01,27.2,296.03,81.5,296.04,1.7
1753600076106,07:07:56.106,okx,AAVE/USDT:USDT,296.02,64.7,296.01,26.5,296.03,81.5,296.04,1.7
1753600076206,07:07:56.206,okx,AAVE/USDT:USDT,296.02,64.7,296.01,26.5,296.03,59.4,296.04,1.7
1753600076406,07:07:56.406,okx,AAVE/USDT:USDT,296.02,64.7,296.01,26.5,296.03,59.4,296.04,1.7
1753600076506,07:07:56.506,okx,AAVE/USDT:USDT,296.02,64.7,296.01,26.5,296.03,59.4,296.04,1.7
1753600076606,07:07:56.606,okx,AAVE/USDT:USDT,296.02,64.7,296.01,4.1,296.03,59.4,296.04,1.7
1753600076806,07:07:56.806,okx,AAVE/USDT:USDT,296.02,25.7,296.01,4.1,296.03,59.4,296.04,1.7
1753600077006,07:07:57.006,okx,AAVE/USDT:USDT,296.02,25.7,296.01,4.1,296.03,59.4,296.04,1.7
1753600077106,07:07:57.106,okx,AAVE/USDT:USDT,296.02,18.9,296.01,4.1,296.03,59.4,296.04,1.7
1753600077206,07:07:57.206,okx,AAVE/USDT:USDT,296.02,18.9,296.01,4.1,296.03,59.4,296.04,1.7
1753600077306,07:07:57.306,okx,AAVE/USDT:USDT,296.02,18.9,296.01,4.1,296.03,63.6,296.04,1.7
1753600077406,07:07:57.406,okx,AAVE/USDT:USDT,296.02,18.9,296.01,4.1,296.03,63.6,296.04,1.7
1753600077506,07:07:57.506,okx,AAVE/USDT:USDT,296.02,18.9,296.01,4.1,296.03,63.6,296.04,1.7
1753600077706,07:07:57.706,okx,AAVE/USDT:USDT,296.02,18.9,296.01,4.1,296.03,63.6,296.04,1.7
1753600077906,07:07:57.906,okx,AAVE/USDT:USDT,296.02,18.9,296.01,4.1,296.03,63.6,296.04,2.4
1753600078006,07:07:58.006,okx,AAVE/USDT:USDT,296.02,18.9,296.01,4.1,296.03,63.6,296.04,2.4
1753600078106,07:07:58.106,okx,AAVE/USDT:USDT,296.02,18.9,296.01,4.1,296.03,63.6,296.04,2.4
1753600078206,07:07:58.206,okx,AAVE/USDT:USDT,296.02,19.8,296.01,4.1,296.03,63.6,296.04,1.7
1753600078306,07:07:58.306,okx,AAVE/USDT:USDT,296.02,18.9,296.01,4.1,296.03,172.1,296.04,2.4
1753600078506,07:07:58.506,okx,AAVE/USDT:USDT,296.02,18.9,296.01,4.1,296.03,59.2,296.04,2.4
1753600078706,07:07:58.706,okx,AAVE/USDT:USDT,296.02,66.6,296.01,4.1,296.03,59.4,296.04,1.7
1753600078806,07:07:58.806,okx,AAVE/USDT:USDT,296.02,66.6,296.01,4.1,296.03,59.4,296.04,1.7
1753600079006,07:07:59.006,okx,AAVE/USDT:USDT,296.02,66.6,296.01,4.1,296.03,59.4,296.04,1.7
1753600079106,07:07:59.106,okx,AAVE/USDT:USDT,296.02,66.6,296.01,4.1,296.03,59.4,296.04,1.7
1753600079206,07:07:59.206,okx,AAVE/USDT:USDT,296.02,66.6,296.01,4.1,296.03,59.4,296.04,1.7
1753600079406,07:07:59.406,okx,AAVE/USDT:USDT,296.02,66.6,296.01,4.1,296.03,59.4,296.04,1.7
1753600079606,07:07:59.606,okx,AAVE/USDT:USDT,296.02,66.6,296.01,4.1,296.03,59.4,296.04,1.7
1753600079706,07:07:59.706,okx,AAVE/USDT:USDT,296.02,58.8,296.01,4.1,296.03,167.9,296.04,38.7
1753600079806,07:07:59.806,okx,AAVE/USDT:USDT,296.02,58.8,296.01,4.1,296.03,59.4,296.04,38.0
1753600079906,07:07:59.906,okx,AAVE/USDT:USDT,296.02,58.9,296.01,4.1,296.03,59.4,296.04,1.7
1753600080006,07:08:00.006,okx,AAVE/USDT:USDT,296.02,70.2,296.01,4.1,296.03,59.4,296.04,1.7
1753600080106,07:08:00.106,okx,AAVE/USDT:USDT,296.02,68.3,296.01,4.1,296.03,66.3,296.04,1.7
1753600080206,07:08:00.206,okx,AAVE/USDT:USDT,296.02,74.8,296.01,4.1,296.03,66.3,296.04,1.7
1753600080306,07:08:00.306,okx,AAVE/USDT:USDT,296.02,75.0,296.01,4.1,296.03,66.3,296.04,1.7
1753600080406,07:08:00.406,okx,AAVE/USDT:USDT,296.02,111.5,296.01,4.1,296.03,66.3,296.04,1.7
1753600080506,07:08:00.506,okx,AAVE/USDT:USDT,296.02,111.5,296.01,4.1,296.03,66.3,296.04,1.7
1753600080606,07:08:00.606,okx,AAVE/USDT:USDT,296.02,111.5,296.01,4.1,296.03,66.3,296.04,1.7
1753600080706,07:08:00.706,okx,AAVE/USDT:USDT,296.02,111.5,296.01,4.1,296.03,66.3,296.04,1.7
1753600080806,07:08:00.806,okx,AAVE/USDT:USDT,296.02,111.5,296.01,4.1,296.03,66.3,296.04,1.7
1753600080906,07:08:00.906,okx,AAVE/USDT:USDT,296.02,111.5,296.01,4.1,296.03,66.5,296.04,1.9
1753600081306,07:08:01.306,okx,AAVE/USDT:USDT,296.02,112.7,296.01,26.0,296.03,66.4,296.04,1.9
1753600081406,07:08:01.406,okx,AAVE/USDT:USDT,296.02,118.4,296.01,26.4,296.03,66.4,296.04,1.9
1753600081706,07:08:01.706,okx,AAVE/USDT:USDT,296.02,118.4,296.01,26.4,296.03,66.4,296.04,1.9
1753600081806,07:08:01.806,okx,AAVE/USDT:USDT,296.02,111.6,296.01,26.4,296.03,66.4,296.04,1.9
1753600081906,07:08:01.906,okx,AAVE/USDT:USDT,296.02,111.6,296.01,26.4,296.03,66.4,296.04,1.9
1753600082006,07:08:02.006,okx,AAVE/USDT:USDT,296.02,100.1,296.01,0.4,296.03,73.2,296.04,1.9
1753600082106,07:08:02.106,okx,AAVE/USDT:USDT,296.02,101.3,296.01,0.4,296.03,212.4,296.04,36.4
1753600082206,07:08:02.206,okx,AAVE/USDT:USDT,296.02,101.3,296.01,0.4,296.03,222.6,296.04,1.9
1753600082306,07:08:02.306,okx,AAVE/USDT:USDT,296.02,101.3,296.01,0.4,296.03,95.6,296.04,1.9
1753600082506,07:08:02.506,okx,AAVE/USDT:USDT,296.02,101.7,296.01,0.4,296.03,95.6,296.04,1.9
1753600082606,07:08:02.606,okx,AAVE/USDT:USDT,296.07,0.1,296.06,0.1,296.09,31.5,296.1,33.9
1753600082706,07:08:02.706,okx,AAVE/USDT:USDT,296.02,133.5,296.01,0.4,296.03,189.8,296.04,76.4
1753600082806,07:08:02.806,okx,AAVE/USDT:USDT,296.02,133.5,296.01,0.4,296.03,81.3,296.04,104.5
1753600082906,07:08:02.906,okx,AAVE/USDT:USDT,296.02,133.5,296.01,0.4,296.03,13.2,296.04,5.1
1753600083006,07:08:03.006,okx,AAVE/USDT:USDT,296.02,133.5,296.01,0.4,296.03,29.9,296.05,0.3
1753600083106,07:08:03.106,okx,AAVE/USDT:USDT,296.02,126.8,296.01,0.4,296.03,0.4,296.05,34.8
1753600083206,07:08:03.206,okx,AAVE/USDT:USDT,296.02,126.8,296.01,0.4,296.03,199.6,296.04,70.6
1753600083406,07:08:03.406,okx,AAVE/USDT:USDT,296.02,126.8,296.01,0.4,296.03,91.3,296.04,70.6
1753600083506,07:08:03.506,okx,AAVE/USDT:USDT,296.02,126.8,296.01,0.4,296.03,91.3,296.04,70.6
1753600083606,07:08:03.606,okx,AAVE/USDT:USDT,296.02,126.8,296.01,0.4,296.03,91.3,296.04,70.6
1753600083706,07:08:03.706,okx,AAVE/USDT:USDT,296.02,106.3,296.01,0.4,296.03,199.8,296.04,70.6
1753600083806,07:08:03.806,okx,AAVE/USDT:USDT,296.02,106.3,296.01,0.4,296.03,91.3,296.04,70.6
1753600083906,07:08:03.906,okx,AAVE/USDT:USDT,296.02,123.4,296.01,0.4,296.03,45.7,296.05,35.3
1753600084006,07:08:04.006,okx,AAVE/USDT:USDT,296.02,123.4,296.01,0.4,296.03,32.6,296.05,2.7
1753600084106,07:08:04.106,okx,AAVE/USDT:USDT,296.02,123.4,296.01,0.4,296.03,36.8,296.05,2.7
1753600084206,07:08:04.206,okx,AAVE/USDT:USDT,296.02,123.4,296.01,0.4,296.03,32.6,296.05,2.7
1753600084306,07:08:04.306,okx,AAVE/USDT:USDT,296.02,123.0,296.01,0.4,296.03,32.6,296.05,58.3
1753600084406,07:08:04.406,okx,AAVE/USDT:USDT,296.02,121.8,296.01,0.4,296.03,32.6,296.05,58.3
1753600084506,07:08:04.506,okx,AAVE/USDT:USDT,296.02,78.5,296.01,0.4,296.03,54.0,296.04,70.6
1753600084606,07:08:04.606,okx,AAVE/USDT:USDT,296.02,77.8,296.01,0.4,296.03,169.6,296.04,70.6
1753600084706,07:08:04.706,okx,AAVE/USDT:USDT,296.02,77.8,296.01,0.4,296.03,60.9,296.04,70.6
1753600084806,07:08:04.806,okx,AAVE/USDT:USDT,296.02,76.6,296.01,0.4,296.03,61.1,296.04,70.6
1753600084906,07:08:04.906,okx,AAVE/USDT:USDT,296.02,76.6,296.01,0.4,296.03,61.1,296.04,70.6
1753600085006,07:08:05.006,okx,AAVE/USDT:USDT,296.02,77.0,296.01,0.4,296.03,51.6,296.04,70.6
1753600085106,07:08:05.106,okx,AAVE/USDT:USDT,296.02,76.2,296.01,0.4,296.03,160.1,296.04,70.6
1753600085206,07:08:05.206,okx,AAVE/USDT:USDT,296.02,69.9,296.01,0.4,296.03,160.1,296.04,70.6
1753600085306,07:08:05.306,okx,AAVE/USDT:USDT,296.02,70.1,296.01,0.4,296.03,136.5,296.05,32.9
1753600085406,07:08:05.406,okx,AAVE/USDT:USDT,296.02,70.1,296.01,0.4,296.03,7.1,296.05,30.5
1753600085506,07:08:05.506,okx,AAVE/USDT:USDT,296.02,70.1,296.01,0.4,296.03,15.9,296.05,60.8
1753600085606,07:08:05.606,okx,AAVE/USDT:USDT,296.02,70.1,296.01,0.4,296.03,148.0,296.04,68.0
1753600085706,07:08:05.706,okx,AAVE/USDT:USDT,296.02,96.9,296.01,0.4,296.03,7.1,296.05,30.5
1753600085806,07:08:05.806,okx,AAVE/USDT:USDT,296.02,96.9,296.01,0.4,296.03,7.7,296.05,30.5
1753600085906,07:08:05.906,okx,AAVE/USDT:USDT,296.02,96.9,296.01,0.4,296.03,7.9,296.05,30.5
1753600086006,07:08:06.006,okx,AAVE/USDT:USDT,296.02,96.9,296.01,0.4,296.03,7.9,296.05,0.3
1753600086106,07:08:06.106,okx,AAVE/USDT:USDT,296.02,96.9,296.01,0.4,296.03,7.9,296.05,0.3
1753600086206,07:08:06.206,okx,AAVE/USDT:USDT,296.02,96.9,296.01,0.4,296.03,7.9,296.05,0.3
1753600086306,07:08:06.306,okx,AAVE/USDT:USDT,296.02,96.9,296.01,0.4,296.03,7.9,296.05,0.3
1753600086406,07:08:06.406,okx,AAVE/USDT:USDT,296.02,97.3,296.01,0.4,296.03,7.9,296.04,34.5
1753600086506,07:08:06.506,okx,AAVE/USDT:USDT,296.02,90.9,296.01,0.4,296.03,1.0,296.04,34.5
1753600086606,07:08:06.606,okx,AAVE/USDT:USDT,296.02,90.9,296.01,0.4,296.03,1.2,296.04,36.2
1753600086806,07:08:06.806,okx,AAVE/USDT:USDT,296.02,90.9,296.01,0.4,296.03,1.2,296.04,36.2
1753600087006,07:08:07.006,okx,AAVE/USDT:USDT,296.02,90.9,296.01,0.4,296.03,1.0,296.04,1.7
1753600087106,07:08:07.106,okx,AAVE/USDT:USDT,296.02,90.9,296.01,0.4,296.03,1.0,296.04,1.7
1753600087206,07:08:07.206,okx,AAVE/USDT:USDT,296.02,94.0,296.01,0.5,296.03,1.0,296.04,1.7
1753600087306,07:08:07.306,okx,AAVE/USDT:USDT,296.02,94.2,296.01,17.3,296.03,1.0,296.04,1.7
1753600087406,07:08:07.406,okx,AAVE/USDT:USDT,296.02,94.2,296.01,17.3,296.03,1.0,296.04,1.7
1753600087506,07:08:07.506,okx,AAVE/USDT:USDT,296.02,94.2,296.01,17.3,296.03,1.0,296.04,1.7
1753600087606,07:08:07.606,okx,AAVE/USDT:USDT,296.02,94.2,296.01,17.3,296.03,1.0,296.04,1.7
1753600087706,07:08:07.706,okx,AAVE/USDT:USDT,296.02,94.2,296.01,17.3,296.03,1.0,296.04,1.7
1753600087806,07:08:07.806,okx,AAVE/USDT:USDT,296.02,94.2,296.01,17.3,296.03,1.0,296.04,1.7
1753600087906,07:08:07.906,okx,AAVE/USDT:USDT,296.05,69.3,296.04,97.2,296.06,25.4,296.07,0.3
1753600088006,07:08:08.006,okx,AAVE/USDT:USDT,296.06,44.4,296.05,23.6,296.07,11.1,296.08,0.5
1753600088206,07:08:08.206,okx,AAVE/USDT:USDT,296.06,122.0,296.05,23.6,296.07,33.8,296.08,0.2
1753600088406,07:08:08.406,okx,AAVE/USDT:USDT,296.06,138.8,296.05,55.0,296.07,33.8,296.08,0.2
1753600088506,07:08:08.506,okx,AAVE/USDT:USDT,296.06,288.4,296.05,86.5,296.07,27.1,296.08,0.2
1753600088606,07:08:08.606,okx,AAVE/USDT:USDT,296.08,315.8,296.07,66.4,296.09,42.6,296.1,0.8
1753600088706,07:08:08.706,okx,AAVE/USDT:USDT,296.09,39.9,296.08,32.3,296.1,0.8,296.11,0.3
1753600088806,07:08:08.806,okx,AAVE/USDT:USDT,296.09,208.9,296.08,63.7,296.1,0.7,296.12,0.2
1753600088906,07:08:08.906,okx,AAVE/USDT:USDT,296.09,209.1,296.08,63.7,296.1,42.0,296.12,0.5
1753600089006,07:08:09.006,okx,AAVE/USDT:USDT,296.09,209.8,296.08,63.7,296.1,25.8,296.12,0.5
1753600089106,07:08:09.106,okx,AAVE/USDT:USDT,296.09,209.8,296.08,63.7,296.1,26.0,296.12,0.6
1753600089206,07:08:09.206,okx,AAVE/USDT:USDT,296.09,209.8,296.08,63.7,296.1,26.0,296.12,0.6
1753600089306,07:08:09.306,okx,AAVE/USDT:USDT,296.11,265.3,296.1,25.5,296.12,0.6,296.13,0.7
1753600089406,07:08:09.406,okx,AAVE/USDT:USDT,296.11,334.6,296.1,115.3,296.12,42.9,296.13,0.3
1753600089506,07:08:09.506,okx,AAVE/USDT:USDT,296.11,204.0,296.1,53.1,296.12,43.1,296.13,0.3
1753600089606,07:08:09.606,okx,AAVE/USDT:USDT,296.11,312.5,296.1,25.7,296.12,43.1,296.13,0.3
1753600089706,07:08:09.706,okx,AAVE/USDT:USDT,296.11,332.7,296.1,55.4,296.12,26.6,296.13,0.3
1753600089806,07:08:09.806,okx,AAVE/USDT:USDT,296.11,332.7,296.1,82.8,296.12,25.6,296.13,0.3
1753600089906,07:08:09.906,okx,AAVE/USDT:USDT,296.11,224.2,296.1,82.8,296.12,25.8,296.13,0.3
1753600090006,07:08:10.006,okx,AAVE/USDT:USDT,296.11,225.3,296.1,56.1,296.12,25.8,296.13,0.3
1753600090106,07:08:10.106,okx,AAVE/USDT:USDT,296.11,313.6,296.1,26.4,296.12,25.8,296.13,0.3
1753600090206,07:08:10.206,okx,AAVE/USDT:USDT,296.11,365.6,296.1,112.7,296.12,25.8,296.13,0.3
1753600090406,07:08:10.406,okx,AAVE/USDT:USDT,296.11,365.6,296.1,112.7,296.12,25.8,296.13,0.3
1753600090506,07:08:10.506,okx,AAVE/USDT:USDT,296.11,215.3,296.1,53.1,296.12,25.8,296.13,0.3
1753600090606,07:08:10.606,okx,AAVE/USDT:USDT,296.11,215.3,296.1,53.1,296.12,25.8,296.13,0.3
1753600090706,07:08:10.706,okx,AAVE/USDT:USDT,296.11,323.8,296.1,53.1,296.12,25.8,296.13,0.3
1753600090806,07:08:10.806,okx,AAVE/USDT:USDT,296.11,257.1,296.1,112.7,296.12,25.8,296.13,0.3
1753600090906,07:08:10.906,okx,AAVE/USDT:USDT,296.11,365.6,296.1,112.7,296.12,25.8,296.13,0.3
1753600091006,07:08:11.006,okx,AAVE/USDT:USDT,296.11,365.6,296.1,112.7,296.12,25.8,296.13,0.3
1753600091106,07:08:11.106,okx,AAVE/USDT:USDT,296.11,365.6,296.1,112.7,296.12,25.8,296.13,0.3
1753600091206,07:08:11.206,okx,AAVE/USDT:USDT,296.11,345.9,296.1,53.1,296.12,25.8,296.13,0.3
1753600091306,07:08:11.306,okx,AAVE/USDT:USDT,296.11,237.4,296.1,25.7,296.12,25.8,296.13,0.3
1753600091406,07:08:11.406,okx,AAVE/USDT:USDT,296.11,347.6,296.1,57.8,296.12,25.8,296.13,0.3
1753600091506,07:08:11.506,okx,AAVE/USDT:USDT,296.11,236.4,296.1,26.4,296.12,25.8,296.13,0.3
1753600091606,07:08:11.606,okx,AAVE/USDT:USDT,296.11,216.9,296.1,25.7,296.12,25.8,296.13,0.3
1753600091806,07:08:11.806,okx,AAVE/USDT:USDT,296.11,272.9,296.1,25.7,296.12,25.8,296.13,0.3
1753600091906,07:08:11.906,okx,AAVE/USDT:USDT,296.11,346.8,296.1,57.8,296.12,25.8,296.13,0.3
1753600092006,07:08:12.006,okx,AAVE/USDT:USDT,296.11,238.3,296.1,26.4,296.12,25.8,296.13,0.3
1753600092106,07:08:12.106,okx,AAVE/USDT:USDT,296.11,238.3,296.1,26.4,296.12,25.8,296.13,0.3
1753600092206,07:08:12.206,okx,AAVE/USDT:USDT,296.11,143.8,296.1,11.5,296.12,151.3,296.13,35.5
1753600092306,07:08:12.306,okx,AAVE/USDT:USDT,296.11,143.8,296.1,11.5,296.12,174.8,296.13,63.9
1753600092406,07:08:12.406,okx,AAVE/USDT:USDT,296.11,152.0,296.1,0.2,296.12,222.7,296.13,63.9
1753600092506,07:08:12.506,okx,AAVE/USDT:USDT,296.11,152.0,296.1,0.2,296.12,259.9,296.13,87.7
1753600092606,07:08:12.606,okx,AAVE/USDT:USDT,296.05,6.8,296.04,10.1,296.07,10.9,296.08,154.9
1753600092706,07:08:12.706,okx,AAVE/USDT:USDT,296.04,16.6,296.03,51.8,296.05,43.4,296.06,24.4
1753600092806,07:08:12.806,okx,AAVE/USDT:USDT,296.04,7.1,296.03,51.8,296.05,43.5,296.06,24.4
1753600092906,07:08:12.906,okx,AAVE/USDT:USDT,296.04,7.1,296.03,51.8,296.05,43.5,296.06,24.4
1753600093106,07:08:13.106,okx,AAVE/USDT:USDT,296.04,7.1,296.03,51.8,296.05,37.8,296.06,23.7
1753600093206,07:08:13.206,okx,AAVE/USDT:USDT,296.04,7.1,296.03,51.8,296.05,37.8,296.06,23.7
1753600093306,07:08:13.306,okx,AAVE/USDT:USDT,296.06,226.8,296.05,81.7,296.07,0.1,296.08,0.5
1753600093406,07:08:13.406,okx,AAVE/USDT:USDT,296.06,102.9,296.05,35.8,296.07,17.5,296.08,0.5
1753600093506,07:08:13.506,okx,AAVE/USDT:USDT,296.06,18.3,296.05,30.7,296.07,17.7,296.08,56.6
1753600093606,07:08:13.606,okx,AAVE/USDT:USDT,296.06,18.3,296.05,30.7,296.07,17.7,296.08,56.6
1753600093706,07:08:13.706,okx,AAVE/USDT:USDT,296.06,35.3,296.05,30.7,296.07,0.1,296.08,0.2
1753600093806,07:08:13.806,okx,AAVE/USDT:USDT,296.08,44.6,296.07,0.1,296.09,29.2,296.1,0.3
1753600094006,07:08:14.006,okx,AAVE/USDT:USDT,296.09,33.4,296.08,11.5,296.1,28.1,296.11,29.2
1753600094106,07:08:14.106,okx,AAVE/USDT:USDT,296.09,33.4,296.08,11.5,296.1,28.1,296.11,29.2
1753600094206,07:08:14.206,okx,AAVE/USDT:USDT,296.09,33.4,296.08,11.5,296.1,28.1,296.11,29.2
1753600094306,07:08:14.306,okx,AAVE/USDT:USDT,296.09,0.5,296.08,11.5,296.1,136.6,296.11,86.7
1753600094406,07:08:14.406,okx,AAVE/USDT:USDT,296.09,0.5,296.08,11.5,296.1,136.6,296.11,108.6
1753600094506,07:08:14.506,okx,AAVE/USDT:USDT,296.09,0.5,296.08,0.2,296.1,136.6,296.11,108.6
1753600094606,07:08:14.606,okx,AAVE/USDT:USDT,296.09,0.5,296.08,0.2,296.1,136.6,296.11,108.6
1753600094706,07:08:14.706,okx,AAVE/USDT:USDT,296.09,0.5,296.08,0.2,296.1,136.6,296.11,108.6
1753600094806,07:08:14.806,okx,AAVE/USDT:USDT,296.09,0.5,296.08,0.2,296.1,136.4,296.11,64.4
1753600094906,07:08:14.906,okx,AAVE/USDT:USDT,296.09,0.5,296.08,0.2,296.1,28.0,296.11,29.9
1753600095006,07:08:15.006,okx,AAVE/USDT:USDT,296.09,0.5,296.08,0.2,296.1,136.5,296.11,108.7
1753600095106,07:08:15.106,okx,AAVE/USDT:USDT,296.09,1.9,296.08,0.2,296.1,28.0,296.11,108.7
1753600095206,07:08:15.206,okx,AAVE/USDT:USDT,296.09,1.9,296.08,0.2,296.1,27.8,296.11,108.7
1753600095306,07:08:15.306,okx,AAVE/USDT:USDT,296.09,1.9,296.08,0.2,296.1,136.3,296.11,108.7
1753600095406,07:08:15.406,okx,AAVE/USDT:USDT,296.09,2.0,296.08,0.2,296.1,137.1,296.11,108.7
1753600095506,07:08:15.506,okx,AAVE/USDT:USDT,296.09,2.0,296.08,0.2,296.1,137.1,296.11,29.9
1753600095606,07:08:15.606,okx,AAVE/USDT:USDT,296.09,6.9,296.08,0.2,296.1,28.6,296.11,29.2
1753600095706,07:08:15.706,okx,AAVE/USDT:USDT,296.09,6.9,296.08,0.2,296.1,137.1,296.11,29.2
1753600095806,07:08:15.806,okx,AAVE/USDT:USDT,296.09,6.9,296.08,0.2,296.1,137.1,296.11,29.2
1753600095906,07:08:15.906,okx,AAVE/USDT:USDT,296.09,6.9,296.08,0.2,296.1,137.1,296.11,29.2
1753600096006,07:08:16.006,okx,AAVE/USDT:USDT,296.09,6.9,296.08,0.2,296.1,137.1,296.11,29.2
1753600096106,07:08:16.106,okx,AAVE/USDT:USDT,296.09,6.9,296.08,0.2,296.1,137.1,296.11,29.2
1753600096506,07:08:16.506,okx,AAVE/USDT:USDT,296.09,2.0,296.08,0.2,296.1,158.2,296.11,29.9
1753600096606,07:08:16.606,okx,AAVE/USDT:USDT,296.09,2.0,296.08,0.2,296.1,158.2,296.11,29.9
1753600096806,07:08:16.806,okx,AAVE/USDT:USDT,296.09,2.0,296.08,0.2,296.1,158.2,296.11,29.9
1753600096906,07:08:16.906,okx,AAVE/USDT:USDT,296.09,2.0,296.08,0.2,296.1,158.2,296.11,29.9
1753600097106,07:08:17.106,okx,AAVE/USDT:USDT,296.09,2.0,296.08,0.2,296.1,158.2,296.11,29.9
1753600097206,07:08:17.206,okx,AAVE/USDT:USDT,296.09,2.7,296.08,0.2,296.1,158.2,296.11,29.9
1753600097306,07:08:17.306,okx,AAVE/USDT:USDT,296.09,2.7,296.08,0.2,296.1,158.2,296.11,29.9
1753600097406,07:08:17.406,okx,AAVE/USDT:USDT,296.09,2.7,296.08,0.2,296.1,171.6,296.11,83.1
1753600097506,07:08:17.506,okx,AAVE/USDT:USDT,296.09,2.7,296.08,0.2,296.1,171.6,296.11,83.1
1753600097606,07:08:17.606,okx,AAVE/USDT:USDT,296.09,2.7,296.08,0.2,296.1,164.9,296.11,29.9
1753600097806,07:08:17.806,okx,AAVE/USDT:USDT,296.09,2.7,296.08,0.2,296.1,144.3,296.11,29.9
1753600097906,07:08:17.906,okx,AAVE/USDT:USDT,296.09,2.7,296.08,0.2,296.1,144.3,296.11,29.9
1753600098006,07:08:18.006,okx,AAVE/USDT:USDT,296.09,2.7,296.08,0.2,296.1,144.3,296.11,86.7
1753600098106,07:08:18.106,okx,AAVE/USDT:USDT,296.09,2.7,296.08,0.2,296.1,144.3,296.11,86.7
1753600098206,07:08:18.206,okx,AAVE/USDT:USDT,296.09,277.7,296.08,0.2,296.1,66.6,296.11,63.7
1753600098306,07:08:18.306,okx,AAVE/USDT:USDT,296.09,277.7,296.08,0.2,296.1,66.8,296.11,29.2
1753600098506,07:08:18.506,okx,AAVE/USDT:USDT,296.09,277.7,296.08,0.2,296.1,66.8,296.11,29.2
1753600098706,07:08:18.706,okx,AAVE/USDT:USDT,296.09,277.7,296.08,0.2,296.1,66.8,296.11,29.2
1753600099106,07:08:19.106,okx,AAVE/USDT:USDT,296.09,277.7,296.08,0.2,296.1,66.8,296.11,29.9
1753600099206,07:08:19.206,okx,AAVE/USDT:USDT,296.09,277.0,296.08,0.2,296.1,176.4,296.11,29.9
1753600099306,07:08:19.306,okx,AAVE/USDT:USDT,296.09,277.0,296.08,0.2,296.1,67.9,296.11,86.7
1753600099406,07:08:19.406,okx,AAVE/USDT:USDT,296.09,277.0,296.08,0.2,296.1,67.9,296.11,52.2
1753600099606,07:08:19.606,okx,AAVE/USDT:USDT,296.09,277.0,296.08,0.2,296.1,67.9,296.11,86.7
1753600099706,07:08:19.706,okx,AAVE/USDT:USDT,296.09,277.0,296.08,0.2,296.1,176.2,296.11,86.7
1753600099806,07:08:19.806,okx,AAVE/USDT:USDT,296.09,277.0,296.08,0.2,296.1,176.4,296.11,86.7
1753600099906,07:08:19.906,okx,AAVE/USDT:USDT,296.09,277.0,296.08,0.2,296.1,176.4,296.11,86.7
1753600100006,07:08:20.006,okx,AAVE/USDT:USDT,296.09,277.0,296.08,0.2,296.1,67.7,296.11,86.7
1753600100206,07:08:20.206,okx,AAVE/USDT:USDT,296.09,278.2,296.08,0.2,296.1,67.9,296.11,86.7
1753600100306,07:08:20.306,okx,AAVE/USDT:USDT,296.09,278.2,296.08,0.2,296.1,67.9,296.11,52.2
1753600100406,07:08:20.406,okx,AAVE/USDT:USDT,296.09,278.2,296.08,0.2,296.1,67.9,296.11,86.7
1753600100906,07:08:20.906,okx,AAVE/USDT:USDT,296.09,278.2,296.08,0.2,296.1,67.8,296.11,29.2
1753600101006,07:08:21.006,okx,AAVE/USDT:USDT,296.09,278.2,296.08,0.2,296.1,67.8,296.11,29.2
1753600101306,07:08:21.306,okx,AAVE/USDT:USDT,296.09,278.2,296.08,0.2,296.1,67.8,296.11,63.7
1753600101406,07:08:21.406,okx,AAVE/USDT:USDT,296.09,278.2,296.08,0.2,296.1,90.1,296.11,86.0
1753600101506,07:08:21.506,okx,AAVE/USDT:USDT,296.09,278.2,296.08,0.2,296.1,90.1,296.11,86.7
1753600101606,07:08:21.606,okx,AAVE/USDT:USDT,296.09,278.2,296.08,0.2,296.1,90.1,296.11,86.7
1753600101706,07:08:21.706,okx,AAVE/USDT:USDT,296.09,278.4,296.08,0.2,296.1,112.1,296.11,86.7
1753600101906,07:08:21.906,okx,AAVE/USDT:USDT,296.09,278.4,296.08,0.2,296.1,67.8,296.11,86.0
1753600102106,07:08:22.106,okx,AAVE/USDT:USDT,296.09,278.4,296.08,0.2,296.1,67.8,296.11,51.5
1753600102206,07:08:22.206,okx,AAVE/USDT:USDT,296.09,274.0,296.08,0.2,296.1,67.8,296.11,52.2
1753600102306,07:08:22.306,okx,AAVE/USDT:USDT,296.09,274.0,296.08,0.2,296.1,220.6,296.11,86.7
1753600102706,07:08:22.706,okx,AAVE/USDT:USDT,296.06,0.4,296.05,0.4,296.07,209.4,296.08,119.4
1753600102806,07:08:22.806,okx,AAVE/USDT:USDT,296.05,0.1,296.04,7.3,296.06,323.9,296.07,100.3
1753600103106,07:08:23.106,okx,AAVE/USDT:USDT,296.05,7.1,296.04,7.3,296.06,250.7,296.07,77.5
1753600103206,07:08:23.206,okx,AAVE/USDT:USDT,296.05,7.1,296.04,7.3,296.06,228.7,296.07,77.5
1753600103306,07:08:23.306,okx,AAVE/USDT:USDT,296.05,7.1,296.04,7.3,296.06,228.7,296.07,43.0
1753600103406,07:08:23.406,okx,AAVE/USDT:USDT,296.05,7.1,296.04,7.3,296.06,233.5,296.07,43.0
1753600103606,07:08:23.606,okx,AAVE/USDT:USDT,296.05,7.1,296.04,7.3,296.06,233.5,296.07,43.0
1753600103706,07:08:23.706,okx,AAVE/USDT:USDT,296.05,7.1,296.04,7.3,296.06,233.5,296.07,43.0
1753600103806,07:08:23.806,okx,AAVE/USDT:USDT,296.05,7.1,296.04,7.3,296.06,233.5,296.07,43.0
1753600103906,07:08:23.906,okx,AAVE/USDT:USDT,296.05,7.1,296.04,7.3,296.06,233.5,296.07,43.0
1753600104006,07:08:24.006,okx,AAVE/USDT:USDT,296.05,7.1,296.04,7.3,296.06,233.5,296.07,43.0
1753600104106,07:08:24.106,okx,AAVE/USDT:USDT,296.05,0.1,296.04,7.3,296.06,250.1,296.07,43.0
1753600104206,07:08:24.206,okx,AAVE/USDT:USDT,296.05,132.0,296.04,7.0,296.06,247.0,296.07,43.0
1753600104306,07:08:24.306,okx,AAVE/USDT:USDT,296.05,132.0,296.04,7.0,296.06,179.2,296.07,18.7
1753600104406,07:08:24.406,okx,AAVE/USDT:USDT,296.05,132.0,296.04,7.0,296.06,203.0,296.07,45.1
1753600104606,07:08:24.606,okx,AAVE/USDT:USDT,296.05,132.0,296.04,7.0,296.06,225.7,296.07,80.3
1753600104806,07:08:24.806,okx,AAVE/USDT:USDT,296.05,132.0,296.04,7.0,296.06,64.1,296.07,6.8
1753600104906,07:08:24.906,okx,AAVE/USDT:USDT,296.05,133.1,296.04,7.0,296.06,44.7,296.07,6.8
1753600105006,07:08:25.006,okx,AAVE/USDT:USDT,296.05,133.1,296.04,7.0,296.06,44.7,296.07,6.8
1753600105106,07:08:25.106,okx,AAVE/USDT:USDT,296.05,133.1,296.04,7.0,296.06,44.7,296.07,0.1
1753600105306,07:08:25.306,okx,AAVE/USDT:USDT,296.05,133.1,296.04,7.0,296.06,44.7,296.07,0.1
1753600105406,07:08:25.406,okx,AAVE/USDT:USDT,296.05,144.1,296.04,18.3,296.06,59.5,296.07,0.1
1753600105506,07:08:25.506,okx,AAVE/USDT:USDT,296.05,161.9,296.04,18.3,296.06,59.7,296.07,0.1
1753600105606,07:08:25.606,okx,AAVE/USDT:USDT,296.05,161.9,296.04,18.3,296.06,59.7,296.07,0.1
1753600105806,07:08:25.806,okx,AAVE/USDT:USDT,296.05,161.9,296.04,18.3,296.06,60.4,296.07,0.1
1753600105906,07:08:25.906,okx,AAVE/USDT:USDT,296.05,237.5,296.04,74.7,296.06,0.9,296.07,0.1
1753600106106,07:08:26.106,okx,AAVE/USDT:USDT,296.09,147.6,296.08,35.6,296.1,4.4,296.11,0.1
1753600106206,07:08:26.206,okx,AAVE/USDT:USDT,296.09,126.7,296.08,35.6,296.1,31.7,296.11,0.1
1753600106306,07:08:26.306,okx,AAVE/USDT:USDT,296.09,256.2,296.08,67.0,296.1,31.7,296.11,0.1
1753600106406,07:08:26.406,okx,AAVE/USDT:USDT,296.09,147.7,296.08,67.0,296.1,31.7,296.11,0.1
1753600106506,07:08:26.506,okx,AAVE/USDT:USDT,296.09,175.1,296.08,67.0,296.1,4.1,296.11,0.1
1753600106606,07:08:26.606,okx,AAVE/USDT:USDT,296.09,175.1,296.08,67.0,296.1,4.1,296.11,0.1
1753600106706,07:08:26.706,okx,AAVE/USDT:USDT,296.09,154.2,296.08,35.6,296.1,4.1,296.11,0.1
1753600106806,07:08:26.806,okx,AAVE/USDT:USDT,296.09,153.5,296.08,35.6,296.1,4.1,296.11,0.1
1753600106906,07:08:26.906,okx,AAVE/USDT:USDT,296.09,153.5,296.08,35.6,296.1,4.0,296.11,0.1
1753600107006,07:08:27.006,okx,AAVE/USDT:USDT,296.09,174.4,296.08,67.0,296.1,4.0,296.11,0.1
1753600107306,07:08:27.306,okx,AAVE/USDT:USDT,296.09,174.5,296.08,91.3,296.1,4.3,296.11,0.1
1753600107406,07:08:27.406,okx,AAVE/USDT:USDT,296.09,153.6,296.08,59.9,296.1,4.0,296.11,0.1
1753600107506,07:08:27.506,okx,AAVE/USDT:USDT,296.09,3.5,296.08,11.4,296.1,27.3,296.11,24.0
1753600107606,07:08:27.606,okx,AAVE/USDT:USDT,296.09,2.5,296.08,11.4,296.1,158.3,296.11,24.7
1753600107806,07:08:27.806,okx,AAVE/USDT:USDT,296.09,48.7,296.08,66.7,296.1,24.4,296.11,0.1
1753600107906,07:08:27.906,okx,AAVE/USDT:USDT,296.09,48.7,296.08,66.7,296.1,27.0,296.11,0.1
1753600108006,07:08:28.006,okx,AAVE/USDT:USDT,296.09,107.0,296.08,66.7,296.1,0.1,296.11,0.1
1753600108106,07:08:28.106,okx,AAVE/USDT:USDT,296.09,155.2,296.08,35.3,296.1,32.3,296.11,0.1
1753600108206,07:08:28.206,okx,AAVE/USDT:USDT,296.09,155.4,296.08,66.7,296.1,0.1,296.11,0.1
1753600108306,07:08:28.306,okx,AAVE/USDT:USDT,296.09,155.4,296.08,35.3,296.1,0.1,296.11,0.1
1753600108406,07:08:28.406,okx,AAVE/USDT:USDT,296.09,53.6,296.08,35.3,296.1,0.1,296.11,0.1
1753600108506,07:08:28.506,okx,AAVE/USDT:USDT,296.09,162.5,296.08,66.7,296.1,0.1,296.11,0.1
1753600108706,07:08:28.706,okx,AAVE/USDT:USDT,296.09,162.5,296.08,66.7,296.1,0.1,296.11,0.1
1753600108806,07:08:28.806,okx,AAVE/USDT:USDT,296.09,54.0,296.08,35.3,296.1,0.1,296.11,0.1
1753600108906,07:08:28.906,okx,AAVE/USDT:USDT,296.09,54.0,296.08,35.3,296.1,0.1,296.11,0.1
1753600109006,07:08:29.006,okx,AAVE/USDT:USDT,296.09,54.0,296.08,11.4,296.1,27.0,296.11,0.1
1753600109506,07:08:29.506,okx,AAVE/USDT:USDT,296.09,170.6,296.08,11.4,296.1,51.3,296.11,0.1
1753600109606,07:08:29.606,okx,AAVE/USDT:USDT,296.09,170.6,296.08,11.4,296.1,51.3,296.11,0.1
1753600109706,07:08:29.706,okx,AAVE/USDT:USDT,296.09,170.6,296.08,11.4,296.1,51.3,296.11,0.1
1753600109806,07:08:29.806,okx,AAVE/USDT:USDT,296.09,170.6,296.08,11.4,296.1,51.3,296.11,0.1
1753600109906,07:08:29.906,okx,AAVE/USDT:USDT,296.09,170.6,296.08,11.4,296.1,51.3,296.11,0.1
1753600110006,07:08:30.006,okx,AAVE/USDT:USDT,296.09,170.6,296.08,11.4,296.1,51.3,296.11,0.1
1753600110106,07:08:30.106,okx,AAVE/USDT:USDT,296.09,170.6,296.08,11.4,296.1,51.3,296.11,0.1
1753600110206,07:08:30.206,okx,AAVE/USDT:USDT,296.09,171.7,296.08,11.4,296.1,58.9,296.11,0.1
1753600110406,07:08:30.406,okx,AAVE/USDT:USDT,296.09,170.6,296.08,11.4,296.1,169.1,296.11,0.1
1753600110506,07:08:30.506,okx,AAVE/USDT:USDT,296.09,170.4,296.08,11.4,296.1,61.5,296.11,49.8
1753600110606,07:08:30.606,okx,AAVE/USDT:USDT,296.09,170.4,296.08,11.4,296.1,62.2,296.11,49.8
1753600110706,07:08:30.706,okx,AAVE/USDT:USDT,296.12,112.6,296.11,33.9,296.13,30.1,296.14,0.1
1753600110806,07:08:30.806,okx,AAVE/USDT:USDT,296.12,193.8,296.11,33.9,296.13,30.3,296.14,0.1
1753600110906,07:08:30.906,okx,AAVE/USDT:USDT,296.12,129.4,296.11,33.9,296.13,21.9,296.14,0.1
1753600111006,07:08:31.006,okx,AAVE/USDT:USDT,296.14,122.1,296.13,50.2,296.15,29.5,296.16,20.4
1753600111106,07:08:31.106,okx,AAVE/USDT:USDT,296.14,140.1,296.13,24.8,296.15,41.4,296.16,20.4
1753600111206,07:08:31.206,okx,AAVE/USDT:USDT,296.14,140.1,296.13,24.8,296.15,13.7,296.16,20.3
1753600111306,07:08:31.306,okx,AAVE/USDT:USDT,296.14,140.1,296.13,24.8,296.15,13.7,296.16,20.3
1753600111406,07:08:31.406,okx,AAVE/USDT:USDT,296.14,140.1,296.13,24.8,296.15,13.7,296.16,20.3
1753600111506,07:08:31.506,okx,AAVE/USDT:USDT,296.14,141.2,296.13,24.8,296.15,13.7,296.16,20.3
1753600111706,07:08:31.706,okx,AAVE/USDT:USDT,296.14,141.2,296.13,24.8,296.15,13.7,296.16,20.3
1753600111806,07:08:31.806,okx,AAVE/USDT:USDT,296.14,134.6,296.13,24.8,296.15,13.7,296.16,0.3
1753600111906,07:08:31.906,okx,AAVE/USDT:USDT,296.14,134.6,296.13,24.8,296.15,13.7,296.16,0.3
1753600112006,07:08:32.006,okx,AAVE/USDT:USDT,296.14,134.6,296.13,24.8,296.15,13.7,296.16,0.3
1753600112106,07:08:32.106,okx,AAVE/USDT:USDT,296.14,134.6,296.13,24.8,296.15,13.7,296.16,0.3
1753600112206,07:08:32.206,okx,AAVE/USDT:USDT,296.14,134.6,296.13,24.8,296.15,13.7,296.16,0.3
1753600112606,07:08:32.606,okx,AAVE/USDT:USDT,296.14,82.3,296.13,24.8,296.15,91.8,296.16,0.3
1753600112706,07:08:32.706,okx,AAVE/USDT:USDT,296.15,33.1,296.14,82.3,296.16,6.9,296.17,0.4
1753600113006,07:08:33.006,okx,AAVE/USDT:USDT,296.15,179.3,296.14,12.4,296.16,53.8,296.18,6.7
1753600113106,07:08:33.106,okx,AAVE/USDT:USDT,296.15,196.3,296.14,12.4,296.16,54.0,296.18,6.7
1753600113206,07:08:33.206,okx,AAVE/USDT:USDT,296.15,196.3,296.14,12.4,296.16,54.0,296.18,6.7
1753600113306,07:08:33.306,okx,AAVE/USDT:USDT,296.15,196.3,296.14,12.4,296.16,54.0,296.18,6.7
1753600113406,07:08:33.406,okx,AAVE/USDT:USDT,296.15,196.4,296.14,12.4,296.16,50.7,296.18,6.7
1753600113506,07:08:33.506,okx,AAVE/USDT:USDT,296.15,197.5,296.14,12.4,296.16,50.7,296.18,6.7
1753600113606,07:08:33.606,okx,AAVE/USDT:USDT,296.15,197.5,296.14,12.4,296.16,50.7,296.18,6.7
1753600113706,07:08:33.706,okx,AAVE/USDT:USDT,296.15,197.5,296.14,12.4,296.16,50.7,296.18,6.7
1753600113906,07:08:33.906,okx,AAVE/USDT:USDT,296.15,197.5,296.14,12.4,296.16,50.7,296.18,6.7
1753600114106,07:08:34.106,okx,AAVE/USDT:USDT,296.15,197.5,296.14,12.4,296.16,50.7,296.18,6.7
1753600114206,07:08:34.206,okx,AAVE/USDT:USDT,296.15,197.5,296.14,12.4,296.16,50.7,296.18,6.7
1753600114306,07:08:34.306,okx,AAVE/USDT:USDT,296.15,197.5,296.14,12.4,296.16,50.7,296.18,6.7
1753600114406,07:08:34.406,okx,AAVE/USDT:USDT,296.15,197.5,296.14,12.4,296.16,50.7,296.18,6.7
1753600114506,07:08:34.506,okx,AAVE/USDT:USDT,296.15,197.5,296.14,12.4,296.16,50.7,296.18,29.2
1753600114606,07:08:34.606,okx,AAVE/USDT:USDT,296.15,197.5,296.14,12.4,296.16,132.8,296.18,29.2
1753600114706,07:08:34.706,okx,AAVE/USDT:USDT,296.15,197.5,296.14,12.4,296.16,163.1,296.17,57.1
1753600114806,07:08:34.806,okx,AAVE/USDT:USDT,296.15,180.5,296.14,12.4,296.16,163.3,296.17,57.8
1753600114906,07:08:34.906,okx,AAVE/USDT:USDT,296.14,1.1,296.13,0.4,296.15,193.0,296.16,34.3
1753600115006,07:08:35.006,okx,AAVE/USDT:USDT,296.12,11.4,296.11,16.3,296.13,13.4,296.14,37.3
1753600115106,07:08:35.106,okx,AAVE/USDT:USDT,296.12,11.5,296.11,16.3,296.13,13.6,296.14,37.3
1753600115206,07:08:35.206,okx,AAVE/USDT:USDT,296.12,11.5,296.11,16.3,296.13,13.6,296.14,6.8
1753600115306,07:08:35.306,okx,AAVE/USDT:USDT,296.12,19.1,296.11,16.3,296.13,13.6,296.14,6.8
1753600115406,07:08:35.406,okx,AAVE/USDT:USDT,296.12,21.7,296.11,16.3,296.13,13.6,296.14,6.8
1753600115506,07:08:35.506,okx,AAVE/USDT:USDT,296.12,36.4,296.11,16.3,296.13,7.0,296.14,6.8
1753600115606,07:08:35.606,okx,AAVE/USDT:USDT,296.12,36.4,296.11,16.3,296.13,7.0,296.14,6.8
1753600115806,07:08:35.806,okx,AAVE/USDT:USDT,296.12,36.4,296.11,16.3,296.13,7.0,296.14,6.8
1753600115906,07:08:35.906,okx,AAVE/USDT:USDT,296.12,36.4,296.11,16.3,296.13,7.0,296.14,6.8
1753600116006,07:08:36.006,okx,AAVE/USDT:USDT,296.12,36.4,296.11,16.3,296.13,7.0,296.14,6.8
1753600116106,07:08:36.106,okx,AAVE/USDT:USDT,296.12,36.4,296.11,16.3,296.13,7.0,296.14,6.8
1753600116306,07:08:36.306,okx,AAVE/USDT:USDT,296.13,165.5,296.12,70.6,296.14,23.3,296.15,6.8
1753600116406,07:08:36.406,okx,AAVE/USDT:USDT,296.14,50.9,296.13,49.2,296.15,7.0,296.16,7.4
1753600116506,07:08:36.506,okx,AAVE/USDT:USDT,296.15,33.1,296.14,17.8,296.16,6.9,296.17,0.3
1753600116606,07:08:36.606,okx,AAVE/USDT:USDT,296.15,33.3,296.14,17.8,296.16,7.1,296.17,0.3
1753600116706,07:08:36.706,okx,AAVE/USDT:USDT,296.15,33.3,296.14,17.1,296.16,10.9,296.17,0.3
1753600116806,07:08:36.806,okx,AAVE/USDT:USDT,296.15,33.3,296.14,17.1,296.16,10.9,296.17,0.3
1753600116906,07:08:36.906,okx,AAVE/USDT:USDT,296.15,33.3,296.14,17.1,296.16,10.9,296.17,0.3
1753600117006,07:08:37.006,okx,AAVE/USDT:USDT,296.15,33.3,296.14,17.1,296.16,10.9,296.17,0.3
1753600117106,07:08:37.106,okx,AAVE/USDT:USDT,296.15,33.3,296.14,17.1,296.16,10.9,296.17,0.3
1753600117206,07:08:37.206,okx,AAVE/USDT:USDT,296.15,69.6,296.14,50.8,296.16,0.1,296.17,0.3
1753600117306,07:08:37.306,okx,AAVE/USDT:USDT,296.17,99.0,296.16,256.1,296.18,8.0,296.19,0.6
1753600117406,07:08:37.406,okx,AAVE/USDT:USDT,296.17,32.4,296.16,68.6,296.18,33.1,296.19,24.8
1753600117506,07:08:37.506,okx,AAVE/USDT:USDT,296.17,8.4,296.16,42.6,296.18,31.5,296.19,24.8
1753600117606,07:08:37.606,okx,AAVE/USDT:USDT,296.17,8.4,296.16,42.6,296.18,31.9,296.19,24.8
1753600117706,07:08:37.706,okx,AAVE/USDT:USDT,296.17,8.4,296.16,42.6,296.18,31.5,296.19,24.8
1753600117906,07:08:37.906,okx,AAVE/USDT:USDT,296.17,27.1,296.16,42.6,296.18,31.5,296.19,24.8
1753600118006,07:08:38.006,okx,AAVE/USDT:USDT,296.17,27.1,296.16,42.6,296.18,31.5,296.19,24.8
1753600118106,07:08:38.106,okx,AAVE/USDT:USDT,296.17,27.1,296.16,42.6,296.18,31.9,296.19,24.8
1753600118206,07:08:38.206,okx,AAVE/USDT:USDT,296.17,26.8,296.16,42.6,296.18,31.5,296.19,24.8
1753600118406,07:08:38.406,okx,AAVE/USDT:USDT,296.17,26.8,296.16,42.6,296.18,31.5,296.19,24.8
1753600118606,07:08:38.606,okx,AAVE/USDT:USDT,296.17,31.7,296.16,42.6,296.18,33.1,296.19,24.8
1753600118706,07:08:38.706,okx,AAVE/USDT:USDT,296.17,31.7,296.16,42.6,296.18,33.1,296.19,24.8
1753600118806,07:08:38.806,okx,AAVE/USDT:USDT,296.17,31.7,296.16,42.6,296.18,31.5,296.19,24.8
1753600118906,07:08:38.906,okx,AAVE/USDT:USDT,296.17,31.7,296.16,42.6,296.18,31.5,296.19,24.8
1753600119006,07:08:39.006,okx,AAVE/USDT:USDT,296.17,31.7,296.16,42.6,296.18,31.9,296.19,24.8
1753600119106,07:08:39.106,okx,AAVE/USDT:USDT,296.17,31.7,296.16,42.6,296.18,33.1,296.19,24.8
1753600119306,07:08:39.306,okx,AAVE/USDT:USDT,296.17,12.3,296.16,42.6,296.18,21.6,296.19,24.8
1753600119406,07:08:39.406,okx,AAVE/USDT:USDT,296.17,34.2,296.16,42.6,296.18,14.8,296.19,24.8
1753600119706,07:08:39.706,okx,AAVE/USDT:USDT,296.17,34.4,296.16,42.6,296.18,13.2,296.19,24.8
1753600119806,07:08:39.806,okx,AAVE/USDT:USDT,296.17,34.4,296.16,42.6,296.18,13.6,296.19,24.8
1753600119906,07:08:39.906,okx,AAVE/USDT:USDT,296.17,34.4,296.16,42.6,296.18,14.8,296.19,24.8
1753600120106,07:08:40.106,okx,AAVE/USDT:USDT,296.17,51.9,296.16,42.6,296.18,14.8,296.19,24.8
1753600120206,07:08:40.206,okx,AAVE/USDT:USDT,296.17,185.0,296.16,100.8,296.18,8.0,296.19,24.8
1753600120406,07:08:40.406,okx,AAVE/USDT:USDT,296.17,186.1,296.16,100.8,296.18,8.0,296.19,24.8
1753600120506,07:08:40.506,okx,AAVE/USDT:USDT,296.17,77.6,296.16,100.8,296.18,8.0,296.19,24.8
1753600120606,07:08:40.606,okx,AAVE/USDT:USDT,296.17,53.7,296.16,67.1,296.18,8.0,296.19,24.8
1753600120806,07:08:40.806,okx,AAVE/USDT:USDT,296.17,186.1,296.16,100.9,296.18,8.0,296.2,82.6
1753600120906,07:08:40.906,okx,AAVE/USDT:USDT,296.17,186.1,296.16,100.9,296.18,6.4,296.2,82.6
1753600121006,07:08:41.006,okx,AAVE/USDT:USDT,296.17,186.1,296.16,100.9,296.18,6.4,296.2,82.6
1753600121306,07:08:41.306,okx,AAVE/USDT:USDT,296.19,148.8,296.18,101.5,296.2,82.4,296.22,0.8
1753600121506,07:08:41.506,okx,AAVE/USDT:USDT,296.19,179.2,296.18,67.8,296.2,82.4,296.22,0.8
1753600121606,07:08:41.606,okx,AAVE/USDT:USDT,296.19,179.2,296.18,67.8,296.2,82.4,296.22,0.8
1753600121706,07:08:41.706,okx,AAVE/USDT:USDT,296.19,179.2,296.18,67.8,296.2,82.4,296.22,0.8
1753600121806,07:08:41.806,okx,AAVE/USDT:USDT,296.19,40.4,296.18,43.4,296.2,82.4,296.22,0.8
1753600122006,07:08:42.006,okx,AAVE/USDT:USDT,296.19,40.4,296.18,43.4,296.2,82.3,296.22,0.8
1753600122106,07:08:42.106,okx,AAVE/USDT:USDT,296.19,40.4,296.18,43.4,296.2,82.3,296.22,0.8
1753600122206,07:08:42.206,okx,AAVE/USDT:USDT,296.19,40.4,296.18,43.4,296.2,82.3,296.22,0.8
1753600122306,07:08:42.306,okx,AAVE/USDT:USDT,296.19,40.4,296.18,43.4,296.2,82.3,296.22,0.8
1753600122406,07:08:42.406,okx,AAVE/USDT:USDT,296.19,40.4,296.18,43.4,296.2,82.3,296.22,0.8
1753600122506,07:08:42.506,okx,AAVE/USDT:USDT,296.19,44.3,296.18,43.4,296.2,82.3,296.22,0.8
1753600122606,07:08:42.606,okx,AAVE/USDT:USDT,296.19,68.2,296.18,77.1,296.2,82.3,296.22,0.8
1753600122706,07:08:42.706,okx,AAVE/USDT:USDT,296.19,81.5,296.18,77.1,296.2,82.3,296.22,0.8
1753600122806,07:08:42.806,okx,AAVE/USDT:USDT,296.19,44.3,296.18,43.4,296.2,82.3,296.22,0.8
1753600122906,07:08:42.906,okx,AAVE/USDT:USDT,296.19,44.3,296.18,43.4,296.2,82.3,296.22,0.8
1753600123106,07:08:43.106,okx,AAVE/USDT:USDT,296.19,44.3,296.18,43.4,296.2,82.3,296.22,0.8
1753600123206,07:08:43.206,okx,AAVE/USDT:USDT,296.19,44.3,296.18,43.4,296.2,82.3,296.22,0.8
1753600123406,07:08:43.406,okx,AAVE/USDT:USDT,296.19,98.1,296.18,77.8,296.2,82.3,296.22,0.8
1753600123506,07:08:43.506,okx,AAVE/USDT:USDT,296.19,98.1,296.18,101.0,296.2,82.3,296.22,0.8
1753600123606,07:08:43.606,okx,AAVE/USDT:USDT,296.19,206.6,296.18,101.0,296.2,82.3,296.22,0.8
1753600123806,07:08:43.806,okx,AAVE/USDT:USDT,296.19,98.1,296.18,101.0,296.2,82.3,296.22,0.8
1753600123906,07:08:43.906,okx,AAVE/USDT:USDT,296.19,206.6,296.18,101.0,296.2,82.3,296.22,0.8
1753600124106,07:08:44.106,okx,AAVE/USDT:USDT,296.19,98.1,296.18,101.0,296.2,82.3,296.22,0.8
1753600124306,07:08:44.306,okx,AAVE/USDT:USDT,296.19,206.6,296.18,101.0,296.2,82.3,296.22,0.8
1753600124506,07:08:44.506,okx,AAVE/USDT:USDT,296.19,74.2,296.18,44.1,296.2,82.3,296.22,0.8
1753600124606,07:08:44.606,okx,AAVE/USDT:USDT,296.19,57.3,296.18,43.4,296.2,82.3,296.22,0.8
1753600124706,07:08:44.706,okx,AAVE/USDT:USDT,296.19,57.3,296.18,43.4,296.2,82.3,296.22,28.8
1753600124806,07:08:44.806,okx,AAVE/USDT:USDT,296.19,57.3,296.18,43.4,296.2,82.3,296.22,0.8
1753600124906,07:08:44.906,okx,AAVE/USDT:USDT,296.19,57.3,296.18,43.4,296.2,82.3,296.22,0.8
1753600125006,07:08:45.006,okx,AAVE/USDT:USDT,296.19,57.3,296.18,43.4,296.2,82.3,296.22,0.8
1753600125106,07:08:45.106,okx,AAVE/USDT:USDT,296.19,57.3,296.18,43.4,296.2,82.3,296.22,0.8
