timestamp,time,exchange,symbol,bid1_price,bid1_volume,bid2_price,bid2_volume,ask1_price,ask1_volume,ask2_price,ask2_volume
1753599983650,07:06:23.650,binance,AEVO/USDT:USDT,0.1121,42684.5,0.112,157453.4,0.1122,51369.6,0.1123,84182.0
1753599983792,07:06:23.792,binance,AEVO/USDT:USDT,0.1121,42684.5,0.112,157453.4,0.1122,51369.6,0.1123,84182.0
1753599983902,07:06:23.902,binance,AEVO/USDT:USDT,0.1121,42684.5,0.112,157453.4,0.1122,51369.6,0.1123,84182.0
1753599984038,07:06:24.038,binance,AEVO/USDT:USDT,0.1121,42684.5,0.112,157453.4,0.1122,51369.6,0.1123,84182.0
1753599984143,07:06:24.143,binance,AEVO/USDT:USDT,0.1121,46801.4,0.112,157453.4,0.1122,41413.4,0.1123,84182.0
1753599984502,07:06:24.502,binance,AEVO/USDT:USDT,0.1121,46801.4,0.112,157453.4,0.1122,41127.8,0.1123,84182.0
1753599984806,07:06:24.806,binance,AEVO/USDT:USDT,0.1121,46801.4,0.112,157453.4,0.1122,41127.8,0.1123,84182.0
1753599984962,07:06:24.962,binance,AEVO/USDT:USDT,0.1121,46801.4,0.112,157453.4,0.1122,41127.8,0.1123,84182.0
1753599985074,07:06:25.074,binance,AEVO/USDT:USDT,0.1121,46801.4,0.112,157453.4,0.1122,41127.8,0.1123,96065.2
1753599985541,07:06:25.541,binance,AEVO/USDT:USDT,0.1121,46893.7,0.112,157453.4,0.1122,39358.4,0.1123,84182.0
1753599986140,07:06:26.140,binance,AEVO/USDT:USDT,0.1119,40559.5,0.1118,148385.3,0.112,31562.8,0.1121,80363.4
1753599986246,07:06:26.246,binance,AEVO/USDT:USDT,0.1119,36889.5,0.1118,150731.5,0.112,31460.1,0.1121,80068.6
1753599986464,07:06:26.464,binance,AEVO/USDT:USDT,0.1119,40251.0,0.1118,131330.6,0.112,26115.1,0.1121,80363.4
1753599986566,07:06:26.566,binance,AEVO/USDT:USDT,0.1119,42469.6,0.1118,135800.7,0.112,26115.1,0.1121,80363.4
1753599986892,07:06:26.892,binance,AEVO/USDT:USDT,0.1119,38351.9,0.1118,135800.7,0.112,26115.1,0.1121,81259.9
1753599987062,07:06:27.062,binance,AEVO/USDT:USDT,0.1119,39760.3,0.1118,135800.7,0.112,26115.1,0.1121,86003.9
1753599987298,07:06:27.298,binance,AEVO/USDT:USDT,0.1119,38381.2,0.1118,135800.7,0.112,26115.1,0.1121,98262.9
1753599987402,07:06:27.402,binance,AEVO/USDT:USDT,0.1119,49968.3,0.1118,135800.7,0.112,24744.7,0.1121,81259.9
1753599988350,07:06:28.350,binance,AEVO/USDT:USDT,0.1119,12302.2,0.1118,127565.4,0.112,36247.3,0.1121,121623.1
1753599988464,07:06:28.464,binance,AEVO/USDT:USDT,0.1119,11598.7,0.1118,129911.6,0.112,38033.8,0.1121,121623.1
1753599988582,07:06:28.582,binance,AEVO/USDT:USDT,0.1119,11598.7,0.1118,129911.6,0.112,38033.8,0.1121,129511.4
1753599988765,07:06:28.765,binance,AEVO/USDT:USDT,0.1119,11598.7,0.1118,129911.6,0.112,38033.8,0.1121,138274.9
1753599988905,07:06:28.905,binance,AEVO/USDT:USDT,0.1119,11598.7,0.1118,130711.6,0.112,38033.8,0.1121,138274.9
1753599989572,07:06:29.572,binance,AEVO/USDT:USDT,0.1119,11643.4,0.1118,130711.6,0.112,40807.6,0.1121,143018.9
1753599990258,07:06:30.258,binance,AEVO/USDT:USDT,0.1119,11643.4,0.1118,130779.5,0.112,40807.6,0.1121,143018.9
1753599990416,07:06:30.416,binance,AEVO/USDT:USDT,0.1119,11643.4,0.1118,130779.5,0.112,40807.6,0.1121,143018.9
1753599991233,07:06:31.233,binance,AEVO/USDT:USDT,0.1118,61308.6,0.1117,102903.8,0.1119,50014.0,0.112,118055.8
1753599991387,07:06:31.387,binance,AEVO/USDT:USDT,0.1118,61355.6,0.1117,104796.7,0.1119,48894.6,0.112,118055.8
1753599991746,07:06:31.746,binance,AEVO/USDT:USDT,0.1118,61355.6,0.1117,112985.8,0.1119,47122.8,0.112,133369.2
1753599991862,07:06:31.862,binance,AEVO/USDT:USDT,0.1118,61355.6,0.1117,112778.2,0.1119,47122.8,0.112,133369.2
1753599992026,07:06:32.026,binance,AEVO/USDT:USDT,0.1118,61355.6,0.1117,112778.2,0.1119,47122.8,0.112,133369.2
1753599992197,07:06:32.197,binance,AEVO/USDT:USDT,0.1118,61663.2,0.1117,112778.2,0.1119,47122.8,0.112,133369.2
1753599992323,07:06:32.323,binance,AEVO/USDT:USDT,0.1118,61661.9,0.1117,112778.2,0.1119,47122.8,0.112,133369.2
1753599992570,07:06:32.570,binance,AEVO/USDT:USDT,0.1118,61689.1,0.1117,112778.2,0.1119,47122.8,0.112,133369.2
1753599992676,07:06:32.676,binance,AEVO/USDT:USDT,0.1118,62958.4,0.1117,112778.2,0.1119,47122.8,0.112,133369.2
1753599992942,07:06:32.942,binance,AEVO/USDT:USDT,0.1118,62976.0,0.1117,112778.2,0.1119,47122.8,0.112,133369.2
1753599993088,07:06:33.088,binance,AEVO/USDT:USDT,0.1118,85805.5,0.1117,126023.8,0.1119,12838.9,0.112,88111.9
1753599993304,07:06:33.304,binance,AEVO/USDT:USDT,0.1118,91537.7,0.1117,146714.0,0.1119,12838.9,0.112,95095.3
1753599993788,07:06:33.788,binance,AEVO/USDT:USDT,0.1118,80536.7,0.1117,161699.2,0.1119,27470.8,0.112,95095.3
1753599993942,07:06:33.942,binance,AEVO/USDT:USDT,0.1118,80536.7,0.1117,161699.2,0.1119,28789.7,0.112,95095.3
1753599994223,07:06:34.223,binance,AEVO/USDT:USDT,0.1118,88833.5,0.1117,152052.1,0.1119,27470.8,0.112,95095.3
1753599994342,07:06:34.342,binance,AEVO/USDT:USDT,0.1118,89403.3,0.1117,151459.5,0.1119,27470.8,0.112,95095.3
1753599994445,07:06:34.445,binance,AEVO/USDT:USDT,0.1118,89403.3,0.1117,151459.5,0.1119,27470.8,0.112,95095.3
1753599994572,07:06:34.572,binance,AEVO/USDT:USDT,0.1118,91181.2,0.1117,151459.5,0.1119,25593.7,0.112,95095.3
1753599994825,07:06:34.825,binance,AEVO/USDT:USDT,0.1118,92500.1,0.1117,151459.5,0.1119,25593.7,0.112,95095.3
1753599994929,07:06:34.929,binance,AEVO/USDT:USDT,0.1118,94808.7,0.1117,151459.5,0.1119,12838.9,0.112,95095.3
1753599995065,07:06:35.065,binance,AEVO/USDT:USDT,0.1118,94808.7,0.1117,151459.5,0.1119,12838.9,0.112,95095.3
1753599995221,07:06:35.221,binance,AEVO/USDT:USDT,0.1118,82844.4,0.1117,158880.1,0.1119,14113.5,0.112,95095.3
1753599995332,07:06:35.332,binance,AEVO/USDT:USDT,0.1118,82844.4,0.1117,158880.1,0.1119,14113.5,0.112,95095.3
1753599995663,07:06:35.663,binance,AEVO/USDT:USDT,0.1118,94808.7,0.1117,149224.4,0.1119,12838.9,0.112,95095.3
1753599995810,07:06:35.810,binance,AEVO/USDT:USDT,0.1118,92810.1,0.1117,149224.4,0.1119,14157.8,0.112,95095.3
1753599995920,07:06:35.920,binance,AEVO/USDT:USDT,0.1118,95163.5,0.1117,149224.4,0.1119,12838.9,0.112,95095.3
1753599996036,07:06:36.036,binance,AEVO/USDT:USDT,0.1118,83154.4,0.1117,158880.1,0.1119,12838.9,0.112,95095.3
1753599996222,07:06:36.222,binance,AEVO/USDT:USDT,0.1118,83154.4,0.1117,158880.1,0.1119,12838.9,0.112,95095.3
1753599996324,07:06:36.324,binance,AEVO/USDT:USDT,0.1118,85463.0,0.1117,158880.1,0.1119,12838.9,0.112,95095.3
1753599996437,07:06:36.437,binance,AEVO/USDT:USDT,0.1118,95163.5,0.1117,149224.4,0.1119,12838.9,0.112,95095.3
1753599996541,07:06:36.541,binance,AEVO/USDT:USDT,0.1118,95166.7,0.1117,149224.4,0.1119,12838.9,0.112,95095.3
1753599996662,07:06:36.662,binance,AEVO/USDT:USDT,0.1118,95166.7,0.1117,149224.4,0.1119,12838.9,0.112,95095.3
1753599996822,07:06:36.822,binance,AEVO/USDT:USDT,0.1118,95166.7,0.1117,149224.4,0.1119,12838.9,0.112,95095.3
1753599996942,07:06:36.942,binance,AEVO/USDT:USDT,0.1118,95166.7,0.1117,149224.4,0.1119,14113.0,0.112,95095.3
1753599997152,07:06:37.152,binance,AEVO/USDT:USDT,0.1118,95166.7,0.1117,151373.0,0.1119,14113.0,0.112,95095.3
1753599997474,07:06:37.474,binance,AEVO/USDT:USDT,0.1118,95166.7,0.1117,149224.4,0.1119,12838.9,0.112,95095.3
1753599997622,07:06:37.622,binance,AEVO/USDT:USDT,0.1118,96485.6,0.1117,149224.4,0.1119,12838.9,0.112,95095.3
1753599997801,07:06:37.801,binance,AEVO/USDT:USDT,0.1118,96485.6,0.1117,149224.4,0.1119,14113.0,0.112,95095.3
1753599997920,07:06:37.920,binance,AEVO/USDT:USDT,0.1118,95166.7,0.1117,150567.2,0.1119,14157.8,0.112,95095.3
1753599998022,07:06:38.022,binance,AEVO/USDT:USDT,0.1118,95166.7,0.1117,152715.8,0.1119,14113.0,0.112,95095.3
1753599998222,07:06:38.222,binance,AEVO/USDT:USDT,0.1118,95166.7,0.1117,152715.8,0.1119,12838.9,0.112,95095.3
1753599998324,07:06:38.324,binance,AEVO/USDT:USDT,0.1118,93847.8,0.1117,152715.8,0.1119,12838.9,0.112,95095.3
1753599998593,07:06:38.593,binance,AEVO/USDT:USDT,0.1118,93847.8,0.1117,152715.8,0.1119,12838.9,0.112,95095.3
1753599998713,07:06:38.713,binance,AEVO/USDT:USDT,0.1118,92533.7,0.1117,152715.8,0.1119,12838.9,0.112,89015.8
1753599998822,07:06:38.822,binance,AEVO/USDT:USDT,0.1118,92588.0,0.1117,152715.8,0.1119,12838.9,0.112,89015.8
1753599999025,07:06:39.025,binance,AEVO/USDT:USDT,0.1118,91109.7,0.1117,152715.8,0.1119,12838.9,0.112,89015.8
1753599999136,07:06:39.136,binance,AEVO/USDT:USDT,0.1118,83492.2,0.1117,132935.3,0.1119,38317.8,0.112,101325.4
1753599999306,07:06:39.306,binance,AEVO/USDT:USDT,0.1118,86175.5,0.1117,132935.3,0.1119,37062.7,0.112,105788.1
1753599999622,07:06:39.622,binance,AEVO/USDT:USDT,0.1118,71429.0,0.1117,134915.1,0.1119,36963.6,0.112,105788.1
1753599999735,07:06:39.735,binance,AEVO/USDT:USDT,0.1118,71429.0,0.1117,134915.1,0.1119,36963.6,0.112,105788.1
1753599999838,07:06:39.838,binance,AEVO/USDT:USDT,0.1118,74900.6,0.1117,134915.1,0.1119,37008.4,0.112,105788.1
1753599999942,07:06:39.942,binance,AEVO/USDT:USDT,0.1118,78593.8,0.1117,132229.4,0.1119,34827.1,0.112,105788.1
1753600000045,07:06:40.045,binance,AEVO/USDT:USDT,0.1118,76240.4,0.1117,132229.4,0.1119,34827.1,0.112,93478.5
1753600000193,07:06:40.193,binance,AEVO/USDT:USDT,0.1118,76240.4,0.1117,132229.4,0.1119,36626.2,0.112,93478.5
1753600000300,07:06:40.300,binance,AEVO/USDT:USDT,0.1118,75472.1,0.1117,132997.7,0.1119,37136.5,0.112,105279.6
1753600000409,07:06:40.409,binance,AEVO/USDT:USDT,0.1118,75472.1,0.1117,132997.7,0.1119,25437.4,0.112,105279.6
1753600000513,07:06:40.513,binance,AEVO/USDT:USDT,0.1118,77825.5,0.1117,132997.7,0.1119,8046.6,0.112,93478.5
1753600000616,07:06:40.616,binance,AEVO/USDT:USDT,0.1118,83044.4,0.1117,150185.1,0.1119,8046.6,0.112,89015.8
1753600000739,07:06:40.739,binance,AEVO/USDT:USDT,0.1118,80496.2,0.1117,150185.1,0.1119,8194.2,0.112,89015.8
1753600001124,07:06:41.124,binance,AEVO/USDT:USDT,0.1118,78978.1,0.1117,149416.8,0.1119,20064.8,0.112,89015.8
1753600001233,07:06:41.233,binance,AEVO/USDT:USDT,0.1118,76790.3,0.1117,149416.8,0.1119,20064.8,0.112,93478.7
1753600001342,07:06:41.342,binance,AEVO/USDT:USDT,0.1118,78086.8,0.1117,141282.5,0.1119,18592.6,0.112,105279.8
1753600001469,07:06:41.469,binance,AEVO/USDT:USDT,0.1118,75478.0,0.1117,141282.5,0.1119,19966.2,0.112,105279.8
1753600001572,07:06:41.572,binance,AEVO/USDT:USDT,0.1118,74181.5,0.1117,141282.5,0.1119,20011.0,0.112,93478.7
1753600001709,07:06:41.709,binance,AEVO/USDT:USDT,0.1118,78569.1,0.1117,143968.2,0.1119,18592.6,0.112,93478.7
1753600001823,07:06:41.823,binance,AEVO/USDT:USDT,0.1118,78569.1,0.1117,143968.2,0.1119,18592.6,0.112,93478.7
1753600001925,07:06:41.925,binance,AEVO/USDT:USDT,0.1118,75330.6,0.1117,143968.2,0.1119,18592.6,0.112,93478.7
1753600002033,07:06:42.033,binance,AEVO/USDT:USDT,0.1118,78145.2,0.1117,142071.8,0.1119,18592.6,0.112,93478.7
1753600002143,07:06:42.143,binance,AEVO/USDT:USDT,0.1118,78145.2,0.1117,142071.8,0.1119,18592.6,0.112,93478.7
1753600002432,07:06:42.432,binance,AEVO/USDT:USDT,0.1118,78100.4,0.1117,142071.8,0.1119,18285.0,0.112,93478.7
1753600002535,07:06:42.535,binance,AEVO/USDT:USDT,0.1118,76848.7,0.1117,142071.8,0.1119,18440.8,0.112,93478.7
1753600002699,07:06:42.699,binance,AEVO/USDT:USDT,0.1118,74495.3,0.1117,142071.8,0.1119,19800.5,0.112,93478.7
1753600002819,07:06:42.819,binance,AEVO/USDT:USDT,0.1118,74495.3,0.1117,139923.2,0.1119,19845.3,0.112,93478.7
1753600002932,07:06:42.932,binance,AEVO/USDT:USDT,0.1118,74495.3,0.1117,139923.2,0.1119,19845.3,0.112,93478.7
1753600003040,07:06:43.040,binance,AEVO/USDT:USDT,0.1118,72864.8,0.1117,139923.2,0.1119,21141.8,0.112,93478.7
1753600003203,07:06:43.203,binance,AEVO/USDT:USDT,0.1118,71568.3,0.1117,140761.5,0.1119,33657.2,0.112,105279.8
1753600003306,07:06:43.306,binance,AEVO/USDT:USDT,0.1118,74451.5,0.1117,140761.5,0.1119,32360.7,0.112,105279.8
1753600003422,07:06:43.422,binance,AEVO/USDT:USDT,0.1118,75703.2,0.1117,140761.5,0.1119,32360.7,0.112,93478.7
1753600003622,07:06:43.622,binance,AEVO/USDT:USDT,0.1118,74251.6,0.1117,140761.5,0.1119,32360.7,0.112,93478.7
1753600003736,07:06:43.736,binance,AEVO/USDT:USDT,0.1118,72453.4,0.1117,140761.5,0.1119,32360.7,0.112,93478.7
1753600003878,07:06:43.878,binance,AEVO/USDT:USDT,0.1118,75648.7,0.1117,143447.2,0.1119,32360.7,0.112,93478.7
1753600004002,07:06:44.002,binance,AEVO/USDT:USDT,0.1118,77338.7,0.1117,143447.2,0.1119,32360.7,0.112,93478.7
1753600004173,07:06:44.173,binance,AEVO/USDT:USDT,0.1118,76042.2,0.1117,143447.2,0.1119,32360.7,0.112,93478.7
1753600004282,07:06:44.282,binance,AEVO/USDT:USDT,0.1118,77293.9,0.1117,143447.2,0.1119,32360.7,0.112,93478.7
1753600004385,07:06:44.385,binance,AEVO/USDT:USDT,0.1118,77293.9,0.1117,143447.2,0.1119,32360.7,0.112,93478.7
1753600004573,07:06:44.573,binance,AEVO/USDT:USDT,0.1118,76935.0,0.1117,143447.2,0.1119,32360.7,0.112,93478.7
1753600004986,07:06:44.986,binance,AEVO/USDT:USDT,0.1119,18141.4,0.1118,105842.3,0.112,44179.7,0.1121,141340.4
1753600005093,07:06:45.093,binance,AEVO/USDT:USDT,0.1119,19974.8,0.1118,99677.4,0.112,44179.7,0.1121,141340.4
1753600005216,07:06:45.216,binance,AEVO/USDT:USDT,0.1119,22877.9,0.1118,96707.9,0.112,44224.4,0.1121,141340.4
1753600005323,07:06:45.323,binance,AEVO/USDT:USDT,0.1119,22877.9,0.1118,101174.8,0.112,44224.4,0.1121,145801.1
1753600005489,07:06:45.489,binance,AEVO/USDT:USDT,0.1119,22877.9,0.1118,101174.8,0.112,44224.4,0.1121,145801.1
1753600005609,07:06:45.609,binance,AEVO/USDT:USDT,0.1119,26599.9,0.1118,101913.7,0.112,29865.3,0.1121,145801.1
1753600005713,07:06:45.713,binance,AEVO/USDT:USDT,0.1119,36998.3,0.1118,113699.2,0.112,28189.0,0.1121,123490.9
1753600005830,07:06:45.830,binance,AEVO/USDT:USDT,0.1119,38336.6,0.1118,113699.2,0.112,27292.5,0.1121,123490.9
1753600005949,07:06:45.949,binance,AEVO/USDT:USDT,0.1119,41905.3,0.1118,113699.2,0.112,25042.4,0.1121,123490.9
1753600006082,07:06:46.082,binance,AEVO/USDT:USDT,0.1119,46051.8,0.1118,113699.2,0.112,25042.4,0.1121,123490.9
1753600006201,07:06:46.201,binance,AEVO/USDT:USDT,0.1119,44713.5,0.1118,113699.2,0.112,25042.4,0.1121,123490.9
1753600006351,07:06:46.351,binance,AEVO/USDT:USDT,0.1119,49131.9,0.1118,113699.2,0.112,25042.4,0.1121,123490.9
1753600006512,07:06:46.512,binance,AEVO/USDT:USDT,0.1119,52564.8,0.1118,113559.9,0.112,25042.4,0.1121,123490.9
1753600006613,07:06:46.613,binance,AEVO/USDT:USDT,0.1119,52520.1,0.1118,113559.9,0.112,25042.4,0.1121,123490.9
1753600006722,07:06:46.722,binance,AEVO/USDT:USDT,0.1119,51181.8,0.1118,113559.9,0.112,25042.4,0.1121,123490.9
1753600006904,07:06:46.904,binance,AEVO/USDT:USDT,0.1119,51181.8,0.1118,113413.4,0.112,25042.4,0.1121,123490.9
1753600007133,07:06:47.133,binance,AEVO/USDT:USDT,0.1119,51181.8,0.1118,113413.4,0.112,25042.4,0.1121,123490.9
1753600007272,07:06:47.272,binance,AEVO/USDT:USDT,0.1119,51181.8,0.1118,113413.4,0.112,25042.4,0.1121,123490.9
1753600007387,07:06:47.387,binance,AEVO/USDT:USDT,0.1119,51181.8,0.1118,112460.0,0.112,25042.4,0.1121,123490.9
1753600007665,07:06:47.665,binance,AEVO/USDT:USDT,0.1119,47667.2,0.1118,112460.0,0.112,26530.0,0.1121,123490.9
1753600007773,07:06:47.773,binance,AEVO/USDT:USDT,0.1119,47667.2,0.1118,112460.0,0.112,26530.0,0.1121,123490.9
1753600007881,07:06:47.881,binance,AEVO/USDT:USDT,0.1119,64137.7,0.1118,111867.6,0.112,8294.9,0.1121,102039.7
1753600008004,07:06:48.004,binance,AEVO/USDT:USDT,0.112,14528.5,0.1119,111963.1,0.1121,48652.9,0.1122,155801.5
1753600008107,07:06:48.107,binance,AEVO/USDT:USDT,0.112,17543.5,0.1119,96634.2,0.1121,48800.2,0.1122,155801.5
1753600008230,07:06:48.230,binance,AEVO/USDT:USDT,0.112,13784.1,0.1119,97132.4,0.1121,48800.2,0.1122,155801.5
1753600008344,07:06:48.344,binance,AEVO/USDT:USDT,0.112,13784.1,0.1119,97427.0,0.1121,48800.2,0.1122,155801.5
1753600008524,07:06:48.524,binance,AEVO/USDT:USDT,0.112,13784.1,0.1119,97427.0,0.1121,48800.2,0.1122,155801.5
1753600008638,07:06:48.638,binance,AEVO/USDT:USDT,0.112,13784.1,0.1119,97427.0,0.1121,48800.2,0.1122,155801.5
1753600008759,07:06:48.759,binance,AEVO/USDT:USDT,0.112,13784.1,0.1119,97427.0,0.1121,48800.2,0.1122,155801.5
1753600008862,07:06:48.862,binance,AEVO/USDT:USDT,0.112,13784.1,0.1119,97427.0,0.1121,47200.2,0.1122,156698.0
1753600009084,07:06:49.084,binance,AEVO/USDT:USDT,0.112,13873.5,0.1119,97427.0,0.1121,44994.9,0.1122,156698.0
1753600009238,07:06:49.238,binance,AEVO/USDT:USDT,0.112,13873.5,0.1119,97427.0,0.1121,44994.9,0.1122,156698.0
1753600009341,07:06:49.341,binance,AEVO/USDT:USDT,0.112,13873.5,0.1119,97427.0,0.1121,44994.9,0.1122,156698.0
1753600009589,07:06:49.589,binance,AEVO/USDT:USDT,0.112,13873.5,0.1119,97427.0,0.1121,44994.9,0.1122,156698.0
1753600009793,07:06:49.793,binance,AEVO/USDT:USDT,0.112,13873.5,0.1119,97427.0,0.1121,44994.9,0.1122,156698.0
1753600009902,07:06:49.902,binance,AEVO/USDT:USDT,0.112,13873.5,0.1119,97427.0,0.1121,44994.9,0.1122,156698.0
1753600010348,07:06:50.348,binance,AEVO/USDT:USDT,0.112,13932.2,0.1119,97493.8,0.1121,44994.9,0.1122,156698.0
1753600010469,07:06:50.469,binance,AEVO/USDT:USDT,0.112,15390.5,0.1119,97493.8,0.1121,44994.9,0.1122,156698.0
1753600010583,07:06:50.583,binance,AEVO/USDT:USDT,0.112,15816.6,0.1119,97619.0,0.1121,44994.9,0.1122,156698.0
1753600010983,07:06:50.983,binance,AEVO/USDT:USDT,0.112,13958.2,0.1119,97619.0,0.1121,44994.9,0.1122,156698.0
1753600011256,07:06:51.256,binance,AEVO/USDT:USDT,0.112,13958.2,0.1119,97619.0,0.1121,52787.7,0.1122,156698.0
1753600011476,07:06:51.476,binance,AEVO/USDT:USDT,0.112,16121.1,0.1119,97619.0,0.1121,53838.8,0.1122,156698.0
1753600011597,07:06:51.597,binance,AEVO/USDT:USDT,0.112,1681.1,0.1119,97619.0,0.1121,53838.8,0.1122,194083.5
1753600011704,07:06:51.704,binance,AEVO/USDT:USDT,0.112,1681.1,0.1119,97619.0,0.1121,53838.8,0.1122,194083.5
1753600012076,07:06:52.076,binance,AEVO/USDT:USDT,0.112,1681.1,0.1119,110482.9,0.1121,53930.7,0.1122,194083.5
1753600012232,07:06:52.232,binance,AEVO/USDT:USDT,0.112,1681.1,0.1119,110482.9,0.1121,53930.7,0.1122,194083.5
1753600012521,07:06:52.521,binance,AEVO/USDT:USDT,0.112,18895.1,0.1119,94913.3,0.1121,57895.0,0.1122,154677.0
1753600012623,07:06:52.623,binance,AEVO/USDT:USDT,0.112,19729.7,0.1119,106527.1,0.1121,57895.0,0.1122,154677.0
1753600012730,07:06:52.730,binance,AEVO/USDT:USDT,0.112,19729.7,0.1119,106587.0,0.1121,57895.0,0.1122,145053.3
1753600012865,07:06:52.865,binance,AEVO/USDT:USDT,0.112,30217.5,0.1119,112947.5,0.1121,57895.0,0.1122,145053.3
1753600013173,07:06:53.173,binance,AEVO/USDT:USDT,0.112,30217.5,0.1119,112947.5,0.1121,57895.0,0.1122,145053.3
1753600013428,07:06:53.428,binance,AEVO/USDT:USDT,0.112,30217.5,0.1119,112947.5,0.1121,57895.0,0.1122,145053.3
1753600013582,07:06:53.582,binance,AEVO/USDT:USDT,0.112,30217.5,0.1119,101333.7,0.1121,55644.6,0.1122,145053.3
1753600013733,07:06:53.733,binance,AEVO/USDT:USDT,0.112,30217.5,0.1119,101333.7,0.1121,55644.6,0.1122,145053.3
1753600013964,07:06:53.964,binance,AEVO/USDT:USDT,0.112,33399.1,0.1119,110172.1,0.1121,42819.1,0.1122,122561.7
1753600014197,07:06:54.197,binance,AEVO/USDT:USDT,0.112,33488.5,0.1119,110172.1,0.1121,47616.9,0.1122,122561.7
1753600014322,07:06:54.322,binance,AEVO/USDT:USDT,0.112,33488.5,0.1119,110172.1,0.1121,46479.2,0.1122,122561.7
1753600014453,07:06:54.453,binance,AEVO/USDT:USDT,0.112,33488.5,0.1119,110172.1,0.1121,46479.2,0.1122,122561.7
1753600014802,07:06:54.802,binance,AEVO/USDT:USDT,0.112,30810.0,0.1119,112853.0,0.1121,46479.2,0.1122,122561.7
1753600015002,07:06:55.002,binance,AEVO/USDT:USDT,0.112,30810.0,0.1119,112853.0,0.1121,46479.2,0.1122,122561.7
1753600015289,07:06:55.289,binance,AEVO/USDT:USDT,0.112,30810.0,0.1119,112853.0,0.1121,46479.2,0.1122,122561.7
1753600015392,07:06:55.392,binance,AEVO/USDT:USDT,0.112,30217.5,0.1119,113350.9,0.1121,46479.2,0.1122,122561.7
1753600015608,07:06:55.608,binance,AEVO/USDT:USDT,0.112,18806.8,0.1119,82167.4,0.1121,48264.1,0.1122,121858.2
1753600015713,07:06:55.713,binance,AEVO/USDT:USDT,0.112,18806.8,0.1119,98246.7,0.1121,48264.1,0.1122,121858.2
1753600015843,07:06:55.843,binance,AEVO/USDT:USDT,0.112,18806.8,0.1119,98246.7,0.1121,48264.1,0.1122,121858.2
1753600016028,07:06:56.028,binance,AEVO/USDT:USDT,0.112,18806.8,0.1119,95565.8,0.1121,48264.1,0.1122,121858.2
1753600016383,07:06:56.383,binance,AEVO/USDT:USDT,0.112,18806.8,0.1119,95565.8,0.1121,48264.1,0.1122,121858.2
1753600016524,07:06:56.524,binance,AEVO/USDT:USDT,0.112,18806.8,0.1119,95565.8,0.1121,48264.1,0.1122,121858.2
1753600016634,07:06:56.634,binance,AEVO/USDT:USDT,0.112,18806.8,0.1119,95565.8,0.1121,48264.1,0.1122,133581.8
1753600016942,07:06:56.942,binance,AEVO/USDT:USDT,0.112,18806.8,0.1119,98246.7,0.1121,48264.1,0.1122,133581.8
1753600017162,07:06:57.162,binance,AEVO/USDT:USDT,0.112,18806.8,0.1119,98246.7,0.1121,48264.1,0.1122,133581.8
1753600017463,07:06:57.463,binance,AEVO/USDT:USDT,0.112,18896.2,0.1119,97407.8,0.1121,50095.9,0.1122,133581.8
1753600017572,07:06:57.572,binance,AEVO/USDT:USDT,0.112,18896.2,0.1119,98247.0,0.1121,50744.5,0.1122,133581.8
1753600017682,07:06:57.682,binance,AEVO/USDT:USDT,0.112,18896.2,0.1119,98247.0,0.1121,50744.5,0.1122,133581.8
1753600018222,07:06:58.222,binance,AEVO/USDT:USDT,0.112,18896.2,0.1119,95337.3,0.1121,49044.9,0.1122,133581.8
1753600018398,07:06:58.398,binance,AEVO/USDT:USDT,0.112,18896.2,0.1119,95337.3,0.1121,49044.9,0.1122,133581.8
1753600018595,07:06:58.595,binance,AEVO/USDT:USDT,0.112,18896.2,0.1119,95337.3,0.1121,49044.9,0.1122,133581.8
1753600018733,07:06:58.733,binance,AEVO/USDT:USDT,0.112,18896.2,0.1119,95337.3,0.1121,49044.9,0.1122,133581.8
1753600018845,07:06:58.845,binance,AEVO/USDT:USDT,0.112,18896.2,0.1119,95337.3,0.1121,50092.4,0.1122,133581.8
1753600019080,07:06:59.080,binance,AEVO/USDT:USDT,0.112,18896.2,0.1119,95337.3,0.1121,50092.4,0.1122,133581.8
1753600019212,07:06:59.212,binance,AEVO/USDT:USDT,0.112,18896.2,0.1119,98018.2,0.1121,50092.4,0.1122,133581.8
1753600019342,07:06:59.342,binance,AEVO/USDT:USDT,0.112,18896.2,0.1119,98018.2,0.1121,50092.4,0.1122,133581.8
1753600019458,07:06:59.458,binance,AEVO/USDT:USDT,0.112,20912.9,0.1119,98018.2,0.1121,50092.4,0.1122,133581.8
1753600019566,07:06:59.566,binance,AEVO/USDT:USDT,0.112,31400.7,0.1119,98018.2,0.1121,50092.4,0.1122,133581.8
1753600019703,07:06:59.703,binance,AEVO/USDT:USDT,0.112,32106.7,0.1119,110185.8,0.1121,44174.4,0.1122,121858.2
1753600019824,07:06:59.824,binance,AEVO/USDT:USDT,0.112,31400.7,0.1119,111024.7,0.1121,44174.4,0.1122,121858.2
1753600020033,07:07:00.033,binance,AEVO/USDT:USDT,0.112,31400.7,0.1119,111024.7,0.1121,44174.4,0.1122,121858.2
1753600020141,07:07:00.141,binance,AEVO/USDT:USDT,0.112,32375.8,0.1119,102524.8,0.1121,41269.0,0.1122,121983.9
1753600020243,07:07:00.243,binance,AEVO/USDT:USDT,0.112,32375.8,0.1119,99246.6,0.1121,41416.3,0.1122,128748.2
1753600020349,07:07:00.349,binance,AEVO/USDT:USDT,0.112,32375.8,0.1119,111032.1,0.1121,38692.3,0.1122,117504.7
1753600020452,07:07:00.452,binance,AEVO/USDT:USDT,0.112,32375.8,0.1119,111032.1,0.1121,41063.5,0.1122,117504.7
1753600020574,07:07:00.574,binance,AEVO/USDT:USDT,0.112,34105.3,0.1119,98407.7,0.1121,39067.6,0.1122,117504.7
1753600020746,07:07:00.746,binance,AEVO/USDT:USDT,0.112,34105.3,0.1119,98407.7,0.1121,39067.6,0.1122,117504.7
1753600020963,07:07:00.963,binance,AEVO/USDT:USDT,0.112,34105.3,0.1119,110242.6,0.1121,40975.4,0.1122,117504.7
1753600021182,07:07:01.182,binance,AEVO/USDT:USDT,0.112,34105.3,0.1119,110242.6,0.1121,40975.4,0.1122,117504.7
1753600021429,07:07:01.429,binance,AEVO/USDT:USDT,0.112,34105.3,0.1119,114318.3,0.1121,40975.4,0.1122,117504.7
1753600021532,07:07:01.532,binance,AEVO/USDT:USDT,0.112,34105.3,0.1119,114318.3,0.1121,40975.4,0.1122,117581.7
1753600021707,07:07:01.707,binance,AEVO/USDT:USDT,0.112,33214.1,0.1119,102483.4,0.1121,40975.4,0.1122,117581.7
1753600021833,07:07:01.833,binance,AEVO/USDT:USDT,0.112,33214.1,0.1119,102483.4,0.1121,40975.4,0.1122,117581.7
1753600021950,07:07:01.950,binance,AEVO/USDT:USDT,0.112,33214.1,0.1119,102483.4,0.1121,40975.4,0.1122,117581.7
1753600022052,07:07:02.052,binance,AEVO/USDT:USDT,0.112,33214.1,0.1119,102483.4,0.1121,40975.4,0.1122,117581.7
1753600022252,07:07:02.252,binance,AEVO/USDT:USDT,0.112,33214.1,0.1119,99205.2,0.1121,40975.4,0.1122,117581.7
1753600022467,07:07:02.467,binance,AEVO/USDT:USDT,0.112,6235.1,0.1119,100747.3,0.1121,48336.6,0.1122,122325.7
1753600022573,07:07:02.573,binance,AEVO/USDT:USDT,0.112,6235.1,0.1119,100747.3,0.1121,52798.4,0.1122,126783.4
1753600022812,07:07:02.812,binance,AEVO/USDT:USDT,0.112,6235.1,0.1119,100747.3,0.1121,52798.4,0.1122,126783.4
1753600022952,07:07:02.952,binance,AEVO/USDT:USDT,0.1119,52884.6,0.1118,149729.2,0.112,23041.3,0.1121,103356.5
1753600023053,07:07:03.053,binance,AEVO/USDT:USDT,0.1119,49502.3,0.1118,144358.4,0.112,36755.7,0.1121,104371.3
1753600023165,07:07:03.165,binance,AEVO/USDT:USDT,0.1119,49910.5,0.1118,144358.4,0.112,35372.6,0.1121,104371.3
1753600023502,07:07:03.502,binance,AEVO/USDT:USDT,0.1119,50699.3,0.1118,148082.2,0.112,19228.1,0.1121,104371.3
1753600023712,07:07:03.712,binance,AEVO/USDT:USDT,0.1119,51591.4,0.1118,144509.6,0.112,19228.1,0.1121,104371.3
1753600023865,07:07:03.865,binance,AEVO/USDT:USDT,0.1119,51591.4,0.1118,144509.6,0.112,19228.1,0.1121,104371.3
1753600024033,07:07:04.033,binance,AEVO/USDT:USDT,0.1119,51591.4,0.1118,144509.6,0.112,19228.1,0.1121,104371.3
1753600024202,07:07:04.202,binance,AEVO/USDT:USDT,0.1119,48910.5,0.1118,147192.9,0.112,20522.0,0.1121,104371.3
1753600024319,07:07:04.319,binance,AEVO/USDT:USDT,0.1119,48910.5,0.1118,147192.9,0.112,20522.0,0.1121,104371.3
1753600024424,07:07:04.424,binance,AEVO/USDT:USDT,0.1119,48910.5,0.1118,151660.8,0.112,20522.0,0.1121,104371.3
1753600024553,07:07:04.553,binance,AEVO/USDT:USDT,0.1119,48910.5,0.1118,151660.8,0.112,20522.0,0.1121,104371.3
1753600024669,07:07:04.669,binance,AEVO/USDT:USDT,0.1119,69193.3,0.1118,151660.8,0.112,19228.1,0.1121,104371.3
1753600024772,07:07:04.772,binance,AEVO/USDT:USDT,0.1119,70085.4,0.1118,151660.8,0.112,19228.1,0.1121,104371.3
1753600024904,07:07:04.904,binance,AEVO/USDT:USDT,0.1119,69931.8,0.1118,151660.8,0.112,19228.1,0.1121,104371.3
1753600025047,07:07:05.047,binance,AEVO/USDT:USDT,0.1119,71269.6,0.1118,151660.8,0.112,14684.5,0.1121,104371.3
1753600025152,07:07:05.152,binance,AEVO/USDT:USDT,0.1119,71067.6,0.1118,151660.8,0.112,14684.5,0.1121,104371.3
1753600025295,07:07:05.295,binance,AEVO/USDT:USDT,0.1119,75086.3,0.1118,148977.5,0.112,14684.5,0.1121,104371.3
1753600025423,07:07:05.423,binance,AEVO/USDT:USDT,0.1119,75086.3,0.1118,148977.5,0.112,14684.5,0.1121,104371.3
1753600025538,07:07:05.538,binance,AEVO/USDT:USDT,0.1119,74640.9,0.1118,148977.5,0.112,14684.5,0.1121,104371.3
1753600025640,07:07:05.640,binance,AEVO/USDT:USDT,0.1119,76418.0,0.1118,148977.5,0.112,14684.5,0.1121,104371.3
1753600025765,07:07:05.765,binance,AEVO/USDT:USDT,0.1119,76418.0,0.1118,148977.5,0.112,14684.5,0.1121,104371.3
1753600026016,07:07:06.016,binance,AEVO/USDT:USDT,0.1119,73737.1,0.1118,151660.8,0.112,14684.5,0.1121,104371.3
1753600026147,07:07:06.147,binance,AEVO/USDT:USDT,0.1119,73737.1,0.1118,151660.8,0.112,14741.4,0.1121,104371.3
1753600026272,07:07:06.272,binance,AEVO/USDT:USDT,0.1119,73797.5,0.1118,151660.8,0.112,14741.4,0.1121,104371.3
1753600026435,07:07:06.435,binance,AEVO/USDT:USDT,0.1119,73797.5,0.1118,151660.8,0.112,14741.4,0.1121,104371.3
1753600026598,07:07:06.598,binance,AEVO/USDT:USDT,0.1119,73797.5,0.1118,151660.8,0.112,14741.4,0.1121,104371.3
1753600026770,07:07:06.770,binance,AEVO/USDT:USDT,0.1119,72905.1,0.1118,151660.8,0.112,14741.4,0.1121,104371.3
1753600026939,07:07:06.939,binance,AEVO/USDT:USDT,0.1119,70882.1,0.1118,142013.7,0.112,14741.4,0.1121,104371.3
1753600027108,07:07:07.108,binance,AEVO/USDT:USDT,0.1119,69990.0,0.1118,139330.4,0.112,14741.4,0.1121,104371.3
1753600027511,07:07:07.511,binance,AEVO/USDT:USDT,0.1119,69098.4,0.1118,151660.8,0.112,14741.4,0.1121,104371.3
1753600027621,07:07:07.621,binance,AEVO/USDT:USDT,0.1119,69098.4,0.1118,151660.8,0.112,14832.7,0.1121,104371.3
1753600027738,07:07:07.738,binance,AEVO/USDT:USDT,0.1119,67316.2,0.1118,151660.8,0.112,14832.7,0.1121,104371.3
1753600027902,07:07:07.902,binance,AEVO/USDT:USDT,0.1119,67316.2,0.1118,151660.8,0.112,14832.7,0.1121,104371.3
1753600028005,07:07:08.005,binance,AEVO/USDT:USDT,0.1119,53329.3,0.1118,122714.3,0.112,27626.2,0.1121,103427.4
1753600028108,07:07:08.108,binance,AEVO/USDT:USDT,0.1119,49569.9,0.1118,100647.4,0.112,27626.2,0.1121,103427.4
1753600028230,07:07:08.230,binance,AEVO/USDT:USDT,0.1119,49616.9,0.1118,100647.4,0.112,27626.2,0.1121,103427.4
1753600028358,07:07:08.358,binance,AEVO/USDT:USDT,0.1119,49616.9,0.1118,100647.4,0.112,27626.2,0.1121,109296.9
1753600028502,07:07:08.502,binance,AEVO/USDT:USDT,0.1119,49616.9,0.1118,103330.7,0.112,27626.2,0.1121,109296.9
1753600028902,07:07:08.902,binance,AEVO/USDT:USDT,0.1119,50160.1,0.1118,114656.3,0.112,27626.2,0.1121,109296.9
1753600029009,07:07:09.009,binance,AEVO/USDT:USDT,0.1119,49456.6,0.1118,114656.3,0.112,27626.2,0.1121,103427.4
1753600029147,07:07:09.147,binance,AEVO/USDT:USDT,0.1119,51803.6,0.1118,114656.3,0.112,27626.2,0.1121,103427.4
1753600029370,07:07:09.370,binance,AEVO/USDT:USDT,0.1119,51803.6,0.1118,114656.3,0.112,23106.5,0.1121,103427.4
1753600029473,07:07:09.473,binance,AEVO/USDT:USDT,0.1119,51803.6,0.1118,114656.3,0.112,24606.9,0.1121,103427.4
1753600029962,07:07:09.962,binance,AEVO/USDT:USDT,0.112,16087.6,0.1119,103661.0,0.1121,66748.6,0.1122,116511.7
1753600030064,07:07:10.064,binance,AEVO/USDT:USDT,0.112,16234.9,0.1119,105540.7,0.1121,68680.8,0.1122,123215.6
1753600030173,07:07:10.173,binance,AEVO/USDT:USDT,0.1119,60323.2,0.1118,109376.0,0.112,26592.1,0.1121,114284.9
1753600030277,07:07:10.277,binance,AEVO/USDT:USDT,0.1119,47725.2,0.1118,103153.2,0.112,28574.6,0.1121,119099.7
1753600030380,07:07:10.380,binance,AEVO/USDT:USDT,0.1119,47725.2,0.1118,103153.2,0.112,28860.1,0.1121,106841.9
1753600030483,07:07:10.483,binance,AEVO/USDT:USDT,0.1119,47725.2,0.1118,103153.2,0.112,28860.1,0.1121,106841.9
1753600030861,07:07:10.861,binance,AEVO/USDT:USDT,0.1119,47725.2,0.1118,103153.2,0.112,28860.1,0.1121,106841.9
1753600030973,07:07:10.973,binance,AEVO/USDT:USDT,0.1119,47725.2,0.1118,103153.2,0.112,28860.1,0.1121,104591.3
1753600031142,07:07:11.142,binance,AEVO/USDT:USDT,0.1119,47725.2,0.1118,103153.2,0.112,28860.1,0.1121,105487.8
1753600031243,07:07:11.243,binance,AEVO/USDT:USDT,0.1119,50406.1,0.1118,100469.9,0.112,28860.1,0.1121,109948.4
1753600031344,07:07:11.344,binance,AEVO/USDT:USDT,0.1119,41195.9,0.1118,100469.9,0.112,28904.8,0.1121,109948.4
1753600031512,07:07:11.512,binance,AEVO/USDT:USDT,0.1119,41195.9,0.1118,100469.9,0.112,28904.8,0.1121,109948.4
1753600031899,07:07:11.899,binance,AEVO/USDT:USDT,0.1119,42135.0,0.1118,100632.3,0.112,28904.8,0.1121,109948.4
1753600032004,07:07:12.004,binance,AEVO/USDT:USDT,0.1118,66006.0,0.1117,218946.4,0.1119,17289.2,0.112,82907.7
1753600032105,07:07:12.105,binance,AEVO/USDT:USDT,0.1118,22498.8,0.1117,120644.1,0.1119,30240.2,0.112,89718.7
1753600032318,07:07:12.318,binance,AEVO/USDT:USDT,0.1118,27743.8,0.1117,127397.6,0.1119,30387.8,0.112,94183.4
1753600032422,07:07:12.422,binance,AEVO/USDT:USDT,0.1118,27788.6,0.1117,127397.6,0.1119,30432.6,0.112,94183.4
1753600032524,07:07:12.524,binance,AEVO/USDT:USDT,0.1118,25422.8,0.1117,128294.1,0.1119,30432.6,0.112,94183.4
1753600032635,07:07:12.635,binance,AEVO/USDT:USDT,0.1118,25422.8,0.1117,128294.1,0.1119,31843.9,0.112,100527.6
1753600032765,07:07:12.765,binance,AEVO/USDT:USDT,0.1118,25422.8,0.1117,128294.1,0.1119,31843.9,0.112,100527.6
1753600032866,07:07:12.866,binance,AEVO/USDT:USDT,0.1118,25422.8,0.1117,137465.5,0.1119,30432.6,0.112,100527.6
1753600032968,07:07:12.968,binance,AEVO/USDT:USDT,0.1118,25422.8,0.1117,137465.5,0.1119,30432.6,0.112,100527.6
1753600033083,07:07:13.083,binance,AEVO/USDT:USDT,0.1118,25422.8,0.1117,137465.5,0.1119,31888.7,0.112,100527.6
1753600033212,07:07:13.212,binance,AEVO/USDT:USDT,0.1118,25422.8,0.1117,137465.5,0.1119,31888.7,0.112,100527.6
1753600033485,07:07:13.485,binance,AEVO/USDT:USDT,0.1118,25422.8,0.1117,137465.5,0.1119,31888.7,0.112,100527.6
1753600033664,07:07:13.664,binance,AEVO/USDT:USDT,0.1118,25422.8,0.1117,137465.5,0.1119,32220.7,0.112,102773.3
1753600033826,07:07:13.826,binance,AEVO/USDT:USDT,0.1118,11778.3,0.1117,137465.5,0.1119,40726.2,0.112,102773.3
1753600033930,07:07:13.930,binance,AEVO/USDT:USDT,0.1118,11778.3,0.1117,117968.8,0.1119,40681.4,0.112,115830.0
1753600034179,07:07:14.179,binance,AEVO/USDT:USDT,0.1118,35322.9,0.1117,117968.8,0.1119,40726.2,0.112,115830.0
1753600034295,07:07:14.295,binance,AEVO/USDT:USDT,0.1118,37414.2,0.1117,117968.8,0.1119,32220.7,0.112,103700.3
1753600034782,07:07:14.782,binance,AEVO/USDT:USDT,0.1118,35278.1,0.1117,117968.8,0.1119,32220.7,0.112,109340.8
1753600034932,07:07:14.932,binance,AEVO/USDT:USDT,0.1118,37526.0,0.1117,118102.8,0.1119,32220.7,0.112,109340.8
1753600035190,07:07:15.190,binance,AEVO/USDT:USDT,0.1118,37526.0,0.1117,118102.8,0.1119,32220.7,0.112,109340.8
1753600035293,07:07:15.293,binance,AEVO/USDT:USDT,0.1118,37526.0,0.1117,118102.8,0.1119,34008.8,0.112,109340.8
1753600035395,07:07:15.395,binance,AEVO/USDT:USDT,0.1118,35322.9,0.1117,118102.8,0.1119,34008.8,0.112,109340.8
1753600035682,07:07:15.682,binance,AEVO/USDT:USDT,0.1118,35322.9,0.1117,118102.8,0.1119,34008.8,0.112,109340.8
1753600035802,07:07:15.802,binance,AEVO/USDT:USDT,0.1118,35322.9,0.1117,118102.8,0.1119,34008.8,0.112,109340.8
1753600036016,07:07:16.016,binance,AEVO/USDT:USDT,0.1118,35322.9,0.1117,118102.8,0.1119,34008.8,0.112,109340.8
1753600036144,07:07:16.144,binance,AEVO/USDT:USDT,0.1118,35322.9,0.1117,118102.8,0.1119,34008.8,0.112,109340.8
1753600036302,07:07:16.302,binance,AEVO/USDT:USDT,0.1118,35322.9,0.1117,118102.8,0.1119,34008.8,0.112,109340.8
1753600036444,07:07:16.444,binance,AEVO/USDT:USDT,0.1118,35322.9,0.1117,118102.8,0.1119,34008.8,0.112,109340.8
1753600036737,07:07:16.737,binance,AEVO/USDT:USDT,0.1118,35322.9,0.1117,118102.8,0.1119,34008.8,0.112,109340.8
1753600036852,07:07:16.852,binance,AEVO/USDT:USDT,0.1118,35322.9,0.1117,118102.8,0.1119,34008.8,0.112,109340.8
1753600037001,07:07:17.001,binance,AEVO/USDT:USDT,0.1118,35322.9,0.1117,118102.8,0.1119,34008.8,0.112,109340.8
1753600037116,07:07:17.116,binance,AEVO/USDT:USDT,0.1117,48398.5,0.1116,150771.6,0.1118,4474.3,0.1119,78133.0
1753600037219,07:07:17.219,binance,AEVO/USDT:USDT,0.1117,62400.4,0.1116,150771.6,0.1118,4907.5,0.1119,77847.5
1753600037367,07:07:17.367,binance,AEVO/USDT:USDT,0.1117,62164.2,0.1116,152903.2,0.1118,4952.3,0.1119,77847.5
1753600037471,07:07:17.471,binance,AEVO/USDT:USDT,0.1117,62164.2,0.1116,155591.3,0.1118,4952.3,0.1119,77847.5
1753600037584,07:07:17.584,binance,AEVO/USDT:USDT,0.1117,62164.2,0.1116,155591.3,0.1118,4952.3,0.1119,77847.5
1753600037706,07:07:17.706,binance,AEVO/USDT:USDT,0.1117,62164.2,0.1116,155591.3,0.1118,4952.3,0.1119,77847.5
1753600037824,07:07:17.824,binance,AEVO/USDT:USDT,0.1117,63697.0,0.1116,155591.3,0.1118,4952.3,0.1119,77847.5
1753600037927,07:07:17.927,binance,AEVO/USDT:USDT,0.1117,62164.2,0.1116,160067.2,0.1118,4952.3,0.1119,82314.7
1753600038177,07:07:18.177,binance,AEVO/USDT:USDT,0.1117,59481.0,0.1116,160067.2,0.1118,4952.3,0.1119,80054.6
1753600038326,07:07:18.326,binance,AEVO/USDT:USDT,0.1117,59481.0,0.1116,155589.9,0.1118,4952.3,0.1119,80054.6
1753600038671,07:07:18.671,binance,AEVO/USDT:USDT,0.1117,60373.4,0.1116,155589.9,0.1118,4952.3,0.1119,80054.6
1753600038781,07:07:18.781,binance,AEVO/USDT:USDT,0.1117,60373.4,0.1116,155589.9,0.1118,4952.3,0.1119,80054.6
1753600038915,07:07:18.915,binance,AEVO/USDT:USDT,0.1117,63148.4,0.1116,152901.8,0.1118,4952.3,0.1119,80054.6
1753600039063,07:07:19.063,binance,AEVO/USDT:USDT,0.1117,63148.4,0.1116,154797.6,0.1118,4952.3,0.1119,80054.6
1753600039165,07:07:19.165,binance,AEVO/USDT:USDT,0.1117,63148.4,0.1116,154797.6,0.1118,4952.3,0.1119,80054.6
1753600039278,07:07:19.278,binance,AEVO/USDT:USDT,0.1117,63148.4,0.1116,159273.2,0.1118,4952.3,0.1119,80054.6
1753600039464,07:07:19.464,binance,AEVO/USDT:USDT,0.1117,63148.4,0.1116,159273.2,0.1118,4952.3,0.1119,80054.6
1753600039703,07:07:19.703,binance,AEVO/USDT:USDT,0.1117,63148.4,0.1116,159273.2,0.1118,4952.3,0.1119,80054.6
1753600039813,07:07:19.813,binance,AEVO/USDT:USDT,0.1117,63148.4,0.1116,159273.2,0.1118,4952.3,0.1119,80054.6
1753600040002,07:07:20.002,binance,AEVO/USDT:USDT,0.1117,63148.4,0.1116,159273.2,0.1118,4952.3,0.1119,80054.6
1753600040105,07:07:20.105,binance,AEVO/USDT:USDT,0.1117,65421.5,0.1116,154797.3,0.1118,4952.3,0.1119,80054.6
1753600040353,07:07:20.353,binance,AEVO/USDT:USDT,0.1117,65421.5,0.1116,154797.3,0.1118,4952.3,0.1119,80054.6
1753600040454,07:07:20.454,binance,AEVO/USDT:USDT,0.1117,65421.5,0.1116,154797.3,0.1118,4952.3,0.1119,80054.6
1753600040965,07:07:20.965,binance,AEVO/USDT:USDT,0.1117,63193.2,0.1116,159272.9,0.1118,4952.3,0.1119,80054.6
1753600041221,07:07:21.221,binance,AEVO/USDT:USDT,0.1117,63193.2,0.1116,159272.9,0.1118,4907.5,0.1119,80054.6
1753600041323,07:07:21.323,binance,AEVO/USDT:USDT,0.1117,63193.2,0.1116,159272.9,0.1118,4952.3,0.1119,80054.6
1753600041438,07:07:21.438,binance,AEVO/USDT:USDT,0.1117,63193.2,0.1116,159272.9,0.1118,4952.3,0.1119,87721.8
1753600041916,07:07:21.916,binance,AEVO/USDT:USDT,0.1117,63193.2,0.1116,159272.9,0.1118,4952.3,0.1119,87721.8
1753600042062,07:07:22.062,binance,AEVO/USDT:USDT,0.1117,63193.2,0.1116,159272.9,0.1118,2552.5,0.1119,87721.8
1753600042391,07:07:22.391,binance,AEVO/USDT:USDT,0.1117,62300.8,0.1116,159272.9,0.1118,2731.4,0.1119,87721.8
1753600042502,07:07:22.502,binance,AEVO/USDT:USDT,0.1117,62300.8,0.1116,159272.9,0.1118,2731.4,0.1119,87721.8
1753600042766,07:07:22.766,binance,AEVO/USDT:USDT,0.1117,64452.5,0.1116,159272.9,0.1118,2776.2,0.1119,87721.8
1753600042887,07:07:22.887,binance,AEVO/USDT:USDT,0.1117,62975.1,0.1116,160616.9,0.1118,2776.2,0.1119,87721.8
1753600043038,07:07:23.038,binance,AEVO/USDT:USDT,0.1118,16882.2,0.1117,117135.1,0.1119,54795.8,0.112,117793.7
1753600043148,07:07:23.148,binance,AEVO/USDT:USDT,0.1119,31130.9,0.1118,85242.0,0.112,14403.4,0.1121,140091.9
1753600043250,07:07:23.250,binance,AEVO/USDT:USDT,0.1119,32057.3,0.1118,97612.2,0.112,27159.4,0.1121,138021.6
1753600043359,07:07:23.359,binance,AEVO/USDT:USDT,0.1119,32057.3,0.1118,98033.9,0.112,27159.4,0.1121,138021.6
1753600043464,07:07:23.464,binance,AEVO/USDT:USDT,0.1119,32057.3,0.1118,98033.9,0.112,26262.9,0.1121,142482.3
1753600043723,07:07:23.723,binance,AEVO/USDT:USDT,0.1119,19114.3,0.1118,98033.9,0.112,26307.6,0.1121,142482.3
1753600043837,07:07:23.837,binance,AEVO/USDT:USDT,0.1118,33865.7,0.1117,139621.3,0.1119,17090.2,0.112,95088.1
1753600043941,07:07:23.941,binance,AEVO/USDT:USDT,0.1118,49009.8,0.1117,137833.2,0.1119,15590.0,0.112,95088.1
1753600044058,07:07:24.058,binance,AEVO/USDT:USDT,0.1118,50787.7,0.1117,138520.9,0.1119,15590.0,0.112,95088.1
1753600044172,07:07:24.172,binance,AEVO/USDT:USDT,0.1118,50787.7,0.1117,135835.2,0.1119,15590.0,0.112,94329.3
1753600044318,07:07:24.318,binance,AEVO/USDT:USDT,0.1118,50787.7,0.1117,135835.2,0.1119,15590.0,0.112,94329.3
1753600044464,07:07:24.464,binance,AEVO/USDT:USDT,0.1118,50787.7,0.1117,135835.2,0.1119,15590.0,0.112,101109.6
1753600044682,07:07:24.682,binance,AEVO/USDT:USDT,0.1118,53935.1,0.1117,136309.7,0.1119,15634.8,0.112,89111.0
1753600044794,07:07:24.794,binance,AEVO/USDT:USDT,0.1118,54067.3,0.1117,136309.7,0.1119,15634.8,0.112,101384.6
1753600044932,07:07:24.932,binance,AEVO/USDT:USDT,0.1118,53512.5,0.1117,103071.2,0.1119,17250.8,0.112,94604.3
1753600045035,07:07:25.035,binance,AEVO/USDT:USDT,0.1118,49753.1,0.1117,115791.2,0.1119,17295.6,0.112,94604.3
1753600045148,07:07:25.148,binance,AEVO/USDT:USDT,0.1118,49753.1,0.1117,115791.2,0.1119,18774.7,0.112,94604.3
1753600045251,07:07:25.251,binance,AEVO/USDT:USDT,0.1118,49753.1,0.1117,115791.2,0.1119,17295.6,0.112,94604.3
1753600045486,07:07:25.486,binance,AEVO/USDT:USDT,0.1118,48861.1,0.1117,115791.2,0.1119,17295.6,0.112,94604.3
1753600045621,07:07:25.621,binance,AEVO/USDT:USDT,0.1118,47069.8,0.1117,115791.2,0.1119,17295.6,0.112,82330.7
1753600046064,07:07:26.064,binance,AEVO/USDT:USDT,0.1118,47069.8,0.1117,115791.2,0.1119,17295.6,0.112,82330.7
1753600046201,07:07:26.201,binance,AEVO/USDT:USDT,0.1118,47069.8,0.1117,115791.2,0.1119,17295.6,0.112,82330.7
1753600046348,07:07:26.348,binance,AEVO/USDT:USDT,0.1118,47069.8,0.1117,115791.2,0.1119,17295.6,0.112,82330.7
1753600046583,07:07:26.583,binance,AEVO/USDT:USDT,0.1118,47069.8,0.1117,115791.2,0.1119,17295.6,0.112,82330.7
1753600046702,07:07:26.702,binance,AEVO/USDT:USDT,0.1118,47069.8,0.1117,115791.2,0.1119,17295.6,0.112,82330.7
1753600046882,07:07:26.882,binance,AEVO/USDT:USDT,0.1118,47069.8,0.1117,115791.2,0.1119,17295.6,0.112,82330.7
1753600046988,07:07:26.988,binance,AEVO/USDT:USDT,0.1118,47069.8,0.1117,115791.2,0.1119,17295.6,0.112,82330.7
1753600047302,07:07:27.302,binance,AEVO/USDT:USDT,0.1118,43166.4,0.1117,127725.2,0.1119,29904.2,0.112,94604.3
1753600047413,07:07:27.413,binance,AEVO/USDT:USDT,0.1118,43166.4,0.1117,134477.8,0.1119,29904.2,0.112,82330.7
1753600047556,07:07:27.556,binance,AEVO/USDT:USDT,0.1118,38702.6,0.1117,134477.8,0.1119,29904.2,0.112,90078.8
1753600047698,07:07:27.698,binance,AEVO/USDT:USDT,0.1118,37817.5,0.1117,134477.8,0.1119,29904.2,0.112,90078.8
1753600047905,07:07:27.905,binance,AEVO/USDT:USDT,0.1118,38373.1,0.1117,133968.7,0.1119,30003.6,0.112,90078.8
1753600048169,07:07:28.169,binance,AEVO/USDT:USDT,0.1118,38373.1,0.1117,133968.7,0.1119,30003.6,0.112,90078.8
1753600048285,07:07:28.285,binance,AEVO/USDT:USDT,0.1118,38373.1,0.1117,133968.7,0.1119,30003.6,0.112,90078.8
1753600048500,07:07:28.500,binance,AEVO/USDT:USDT,0.1118,38373.1,0.1117,133968.7,0.1119,30003.6,0.112,90078.8
1753600048761,07:07:28.761,binance,AEVO/USDT:USDT,0.1118,41609.5,0.1117,133968.7,0.1119,10214.8,0.112,74918.0
1753600048864,07:07:28.864,binance,AEVO/USDT:USDT,0.1118,46063.2,0.1117,146686.5,0.1119,10214.8,0.112,74918.0
1753600049062,07:07:29.062,binance,AEVO/USDT:USDT,0.1118,46955.2,0.1117,146686.5,0.1119,10214.8,0.112,74918.0
1753600049184,07:07:29.184,binance,AEVO/USDT:USDT,0.1118,51381.1,0.1117,142213.2,0.1119,10214.8,0.112,74918.0
1753600049464,07:07:29.464,binance,AEVO/USDT:USDT,0.1119,16877.2,0.1118,90855.7,0.112,39537.9,0.1121,161771.4
1753600049565,07:07:29.565,binance,AEVO/USDT:USDT,0.1119,29148.9,0.1118,100857.6,0.112,25737.2,0.1121,138773.4
1753600049666,07:07:29.666,binance,AEVO/USDT:USDT,0.1119,30233.7,0.1118,99071.6,0.112,25737.2,0.1121,138773.4
1753600049773,07:07:29.773,binance,AEVO/USDT:USDT,0.1119,27365.9,0.1118,99071.6,0.112,25737.2,0.1121,138773.4
1753600049965,07:07:29.965,binance,AEVO/USDT:USDT,0.1119,27365.9,0.1118,99071.6,0.112,25737.2,0.1121,138773.4
1753600050207,07:07:30.207,binance,AEVO/USDT:USDT,0.1119,27365.9,0.1118,99071.6,0.112,25737.2,0.1121,138773.4
1753600050440,07:07:30.440,binance,AEVO/USDT:USDT,0.1119,27365.9,0.1118,103547.8,0.112,25737.2,0.1121,138773.4
1753600050557,07:07:30.557,binance,AEVO/USDT:USDT,0.1119,24741.9,0.1118,103547.8,0.112,25781.9,0.1121,138773.4
1753600050672,07:07:30.672,binance,AEVO/USDT:USDT,0.1119,24741.9,0.1118,99077.1,0.112,25781.9,0.1121,138773.4
1753600051202,07:07:31.202,binance,AEVO/USDT:USDT,0.1119,24741.9,0.1118,99077.1,0.112,25781.9,0.1121,138773.4
1753600051339,07:07:31.339,binance,AEVO/USDT:USDT,0.1119,24741.9,0.1118,99077.1,0.112,25781.9,0.1121,138773.4
1753600051602,07:07:31.602,binance,AEVO/USDT:USDT,0.1119,24741.9,0.1118,99077.1,0.112,25781.9,0.1121,138850.4
1753600051714,07:07:31.714,binance,AEVO/USDT:USDT,0.1119,24741.9,0.1118,99077.1,0.112,25781.9,0.1121,138850.4
1753600052364,07:07:32.364,binance,AEVO/USDT:USDT,0.1119,24741.9,0.1118,99077.1,0.112,25781.9,0.1121,138850.4
1753600052902,07:07:32.902,binance,AEVO/USDT:USDT,0.1119,24741.9,0.1118,99077.1,0.112,25781.9,0.1121,138850.4
1753600053012,07:07:33.012,binance,AEVO/USDT:USDT,0.1119,24741.9,0.1118,99077.1,0.112,25781.9,0.1121,138850.4
1753600053463,07:07:33.463,binance,AEVO/USDT:USDT,0.1119,24741.9,0.1118,99077.1,0.112,25781.9,0.1121,138850.4
1753600053572,07:07:33.572,binance,AEVO/USDT:USDT,0.1119,24741.9,0.1118,99077.1,0.112,25869.8,0.1121,138850.4
1753600053702,07:07:33.702,binance,AEVO/USDT:USDT,0.1119,24741.9,0.1118,91120.8,0.112,25869.8,0.1121,138850.4
1753600053869,07:07:33.869,binance,AEVO/USDT:USDT,0.1119,24741.9,0.1118,91120.8,0.112,25869.8,0.1121,138850.4
1753600053982,07:07:33.982,binance,AEVO/USDT:USDT,0.1119,24741.9,0.1118,91120.8,0.112,25869.8,0.1121,138850.4
1753600054141,07:07:34.141,binance,AEVO/USDT:USDT,0.1119,24741.9,0.1118,86652.9,0.112,25869.8,0.1121,137895.3
1753600054371,07:07:34.371,binance,AEVO/USDT:USDT,0.1119,24741.9,0.1118,86652.9,0.112,25869.8,0.1121,137895.3
1753600054785,07:07:34.785,binance,AEVO/USDT:USDT,0.1119,24741.9,0.1118,86652.9,0.112,25869.8,0.1121,137895.3
1753600055222,07:07:35.222,binance,AEVO/USDT:USDT,0.1119,24741.9,0.1118,99077.0,0.112,25869.8,0.1121,132238.0
1753600055392,07:07:35.392,binance,AEVO/USDT:USDT,0.1119,24741.9,0.1118,86652.9,0.112,25869.8,0.1121,132238.0
1753600055569,07:07:35.569,binance,AEVO/USDT:USDT,0.1119,24741.9,0.1118,86652.9,0.112,25869.8,0.1121,133191.4
1753600055692,07:07:35.692,binance,AEVO/USDT:USDT,0.1119,24741.9,0.1118,86652.9,0.112,25869.8,0.1121,133191.4
1753600056202,07:07:36.202,binance,AEVO/USDT:USDT,0.1119,24741.9,0.1118,86652.9,0.112,25869.8,0.1121,133191.4
1753600056334,07:07:36.334,binance,AEVO/USDT:USDT,0.1119,24741.9,0.1118,91120.8,0.112,25869.8,0.1121,133191.4
1753600056462,07:07:36.462,binance,AEVO/USDT:USDT,0.1119,24741.9,0.1118,91120.8,0.112,25869.8,0.1121,133191.4
1753600056569,07:07:36.569,binance,AEVO/USDT:USDT,0.1119,24741.9,0.1118,103544.9,0.112,28443.4,0.1121,108075.7
1753600056670,07:07:36.670,binance,AEVO/USDT:USDT,0.1119,43953.1,0.1118,126248.2,0.112,5289.0,0.1121,103615.0
1753600056771,07:07:36.771,binance,AEVO/USDT:USDT,0.1119,40986.0,0.1118,126248.2,0.112,5436.4,0.1121,94395.0
1753600056898,07:07:36.898,binance,AEVO/USDT:USDT,0.1119,40986.0,0.1118,126248.2,0.112,5436.4,0.1121,94395.0
1753600057068,07:07:37.068,binance,AEVO/USDT:USDT,0.1119,48574.9,0.1118,126248.2,0.112,5436.4,0.1121,94395.0
1753600057202,07:07:37.202,binance,AEVO/USDT:USDT,0.1119,50352.0,0.1118,126248.2,0.112,5436.4,0.1121,94395.0
1753600057416,07:07:37.416,binance,AEVO/USDT:USDT,0.112,39617.0,0.1119,98982.9,0.1121,49129.8,0.1122,135607.0
1753600057517,07:07:37.517,binance,AEVO/USDT:USDT,0.112,35856.8,0.1119,100166.0,0.1121,49129.8,0.1122,144971.6
1753600057693,07:07:37.693,binance,AEVO/USDT:USDT,0.112,35856.8,0.1119,96820.8,0.1121,48426.3,0.1122,144971.6
1753600057795,07:07:37.795,binance,AEVO/USDT:USDT,0.112,35856.8,0.1119,108933.6,0.1121,48426.3,0.1122,144971.6
1753600057905,07:07:37.905,binance,AEVO/USDT:USDT,0.112,35856.8,0.1119,96820.8,0.1121,48426.3,0.1122,144971.6
1753600058065,07:07:38.065,binance,AEVO/USDT:USDT,0.112,35856.8,0.1119,108933.6,0.1121,48426.3,0.1122,144971.6
1753600058202,07:07:38.202,binance,AEVO/USDT:USDT,0.112,35856.8,0.1119,96820.8,0.1121,48426.3,0.1122,135324.5
1753600058545,07:07:38.545,binance,AEVO/USDT:USDT,0.112,35288.3,0.1119,108933.6,0.1121,46117.6,0.1122,142289.3
1753600058762,07:07:38.762,binance,AEVO/USDT:USDT,0.112,38480.0,0.1119,96820.8,0.1121,46117.6,0.1122,142289.3
1753600058872,07:07:38.872,binance,AEVO/USDT:USDT,0.112,38480.0,0.1119,108933.6,0.1121,46117.6,0.1122,142289.3
1753600059045,07:07:39.045,binance,AEVO/USDT:USDT,0.112,38524.7,0.1119,96820.8,0.1121,48480.0,0.1122,142289.3
1753600059151,07:07:39.151,binance,AEVO/USDT:USDT,0.112,38524.7,0.1119,108933.6,0.1121,48480.0,0.1122,142289.3
1753600059253,07:07:39.253,binance,AEVO/USDT:USDT,0.112,38524.7,0.1119,96820.8,0.1121,46117.6,0.1122,142289.3
1753600059402,07:07:39.402,binance,AEVO/USDT:USDT,0.112,38524.7,0.1119,96820.8,0.1121,46117.6,0.1122,142289.3
1753600059589,07:07:39.589,binance,AEVO/USDT:USDT,0.112,38524.7,0.1119,96820.8,0.1121,46117.6,0.1122,142289.3
1753600059728,07:07:39.728,binance,AEVO/USDT:USDT,0.112,38524.7,0.1119,96820.8,0.1121,46117.6,0.1122,132650.8
1753600059842,07:07:39.842,binance,AEVO/USDT:USDT,0.112,38524.7,0.1119,96820.8,0.1121,46117.6,0.1122,132650.8
1753600059962,07:07:39.962,binance,AEVO/USDT:USDT,0.112,38524.7,0.1119,96558.1,0.1121,46117.6,0.1122,132650.8
1753600060064,07:07:40.064,binance,AEVO/USDT:USDT,0.112,38524.7,0.1119,96558.1,0.1121,46117.6,0.1122,132650.8
1753600060250,07:07:40.250,binance,AEVO/USDT:USDT,0.112,38524.7,0.1119,96558.1,0.1121,45221.1,0.1122,132650.8
1753600060355,07:07:40.355,binance,AEVO/USDT:USDT,0.112,25278.1,0.1119,96558.1,0.1121,54300.9,0.1122,139786.7
1753600060502,07:07:40.502,binance,AEVO/USDT:USDT,0.112,25278.1,0.1119,96558.1,0.1121,54300.9,0.1122,149425.2
1753600060736,07:07:40.736,binance,AEVO/USDT:USDT,0.112,25278.1,0.1119,96558.1,0.1121,53755.8,0.1122,149425.2
1753600060855,07:07:40.855,binance,AEVO/USDT:USDT,0.112,25278.1,0.1119,96558.1,0.1121,53755.8,0.1122,139786.7
1753600060958,07:07:40.958,binance,AEVO/USDT:USDT,0.112,25278.1,0.1119,96558.1,0.1121,53755.8,0.1122,137113.0
1753600061602,07:07:41.602,binance,AEVO/USDT:USDT,0.112,25278.1,0.1119,96558.1,0.1121,53755.8,0.1122,137113.0
1753600061802,07:07:41.802,binance,AEVO/USDT:USDT,0.112,25278.1,0.1119,96558.1,0.1121,53755.8,0.1122,137113.0
1753600061994,07:07:41.994,binance,AEVO/USDT:USDT,0.112,25278.1,0.1119,96654.6,0.1121,54708.3,0.1122,137113.0
1753600062202,07:07:42.202,binance,AEVO/USDT:USDT,0.112,25278.1,0.1119,96654.6,0.1121,54708.3,0.1122,137113.0
1753600062385,07:07:42.385,binance,AEVO/USDT:USDT,0.112,29924.2,0.1119,96654.6,0.1121,52345.9,0.1122,137113.0
1753600062802,07:07:42.802,binance,AEVO/USDT:USDT,0.112,30203.1,0.1119,96654.6,0.1121,52345.9,0.1122,137113.0
1753600062964,07:07:42.964,binance,AEVO/USDT:USDT,0.112,30203.1,0.1119,96560.3,0.1121,52345.9,0.1122,137113.0
1753600063096,07:07:43.096,binance,AEVO/USDT:USDT,0.112,30203.1,0.1119,96560.3,0.1121,52345.9,0.1122,146751.5
1753600063377,07:07:43.377,binance,AEVO/USDT:USDT,0.112,30250.0,0.1119,96560.3,0.1121,52345.9,0.1122,149425.2
1753600063562,07:07:43.562,binance,AEVO/USDT:USDT,0.112,30250.0,0.1119,96560.3,0.1121,52345.9,0.1122,149425.2
1753600063868,07:07:43.868,binance,AEVO/USDT:USDT,0.112,30250.0,0.1119,96655.1,0.1121,52345.9,0.1122,149425.2
1753600064101,07:07:44.101,binance,AEVO/USDT:USDT,0.112,30250.0,0.1119,96655.1,0.1121,52345.9,0.1122,149425.2
1753600064300,07:07:44.300,binance,AEVO/USDT:USDT,0.112,30250.0,0.1119,96655.1,0.1121,52345.9,0.1122,139786.7
1753600064465,07:07:44.465,binance,AEVO/USDT:USDT,0.112,30250.0,0.1119,96655.1,0.1121,52345.9,0.1122,149385.5
1753600064582,07:07:44.582,binance,AEVO/USDT:USDT,0.112,30250.0,0.1119,96655.1,0.1121,52345.9,0.1122,159024.0
1753600064684,07:07:44.684,binance,AEVO/USDT:USDT,0.112,30151.8,0.1119,96655.1,0.1121,54664.0,0.1122,159024.0
1753600064843,07:07:44.843,binance,AEVO/USDT:USDT,0.112,30151.8,0.1119,96655.1,0.1121,54664.0,0.1122,159024.0
1753600065064,07:07:45.064,binance,AEVO/USDT:USDT,0.112,40030.0,0.1119,96655.1,0.1121,52345.9,0.1122,159024.0
1753600065165,07:07:45.165,binance,AEVO/USDT:USDT,0.112,40030.0,0.1119,96655.1,0.1121,52345.9,0.1122,159024.0
1753600065327,07:07:45.327,binance,AEVO/USDT:USDT,0.112,40030.0,0.1119,96655.1,0.1121,45628.5,0.1122,148915.6
1753600065592,07:07:45.592,binance,AEVO/USDT:USDT,0.112,40030.0,0.1119,96655.1,0.1121,45628.5,0.1122,148915.6
1753600065701,07:07:45.701,binance,AEVO/USDT:USDT,0.112,40030.0,0.1119,96655.1,0.1121,45628.5,0.1122,148915.6
1753600065910,07:07:45.910,binance,AEVO/USDT:USDT,0.112,40030.0,0.1119,96655.1,0.1121,45628.5,0.1122,148915.6
1753600066065,07:07:46.065,binance,AEVO/USDT:USDT,0.112,40030.0,0.1119,96655.1,0.1121,45628.5,0.1122,148915.6
1753600066301,07:07:46.301,binance,AEVO/USDT:USDT,0.112,40268.3,0.1119,96655.1,0.1121,45628.5,0.1122,148915.6
1753600066453,07:07:46.453,binance,AEVO/USDT:USDT,0.112,40268.3,0.1119,108625.1,0.1121,45628.5,0.1122,148915.6
1753600066557,07:07:46.557,binance,AEVO/USDT:USDT,0.112,40282.7,0.1119,108625.1,0.1121,45628.5,0.1122,148915.6
1753600066923,07:07:46.923,binance,AEVO/USDT:USDT,0.112,40282.7,0.1119,96816.2,0.1121,45628.5,0.1122,148915.6
1753600067092,07:07:47.092,binance,AEVO/USDT:USDT,0.112,40282.7,0.1119,96816.2,0.1121,45628.5,0.1122,148915.6
1753600067302,07:07:47.302,binance,AEVO/USDT:USDT,0.112,40282.7,0.1119,96816.2,0.1121,45628.5,0.1122,148915.6
1753600067572,07:07:47.572,binance,AEVO/USDT:USDT,0.112,40282.7,0.1119,96816.2,0.1121,45628.5,0.1122,148915.6
1753600067702,07:07:47.702,binance,AEVO/USDT:USDT,0.112,40282.7,0.1119,96816.2,0.1121,45628.5,0.1122,148915.6
1753600067902,07:07:47.902,binance,AEVO/USDT:USDT,0.112,40282.7,0.1119,96816.2,0.1121,47991.3,0.1122,148915.6
1753600068032,07:07:48.032,binance,AEVO/USDT:USDT,0.112,40282.7,0.1119,96816.2,0.1121,47991.3,0.1122,148915.6
1753600068135,07:07:48.135,binance,AEVO/USDT:USDT,0.112,40282.7,0.1119,96816.2,0.1121,47991.3,0.1122,148915.6
1753600068270,07:07:48.270,binance,AEVO/USDT:USDT,0.112,40282.7,0.1119,96816.2,0.1121,47991.3,0.1122,148915.6
1753600068502,07:07:48.502,binance,AEVO/USDT:USDT,0.112,40282.7,0.1119,96816.2,0.1121,47991.3,0.1122,148915.6
1753600068682,07:07:48.682,binance,AEVO/USDT:USDT,0.112,40282.7,0.1119,96816.2,0.1121,47998.4,0.1122,148915.6
1753600068814,07:07:48.814,binance,AEVO/USDT:USDT,0.112,60329.8,0.1119,135343.7,0.1121,37770.2,0.1122,90017.8
1753600068918,07:07:48.918,binance,AEVO/USDT:USDT,0.112,53759.7,0.1119,149686.5,0.1121,37917.5,0.1122,108414.6
1753600069020,07:07:49.020,binance,AEVO/USDT:USDT,0.112,53759.7,0.1119,149686.5,0.1121,37917.5,0.1122,108414.6
1753600069157,07:07:49.157,binance,AEVO/USDT:USDT,0.112,53759.7,0.1119,149686.5,0.1121,37917.5,0.1122,108414.6
1753600069533,07:07:49.533,binance,AEVO/USDT:USDT,0.112,53759.7,0.1119,149686.5,0.1121,37917.5,0.1122,108414.6
1753600069664,07:07:49.664,binance,AEVO/USDT:USDT,0.112,54651.4,0.1119,149686.5,0.1121,50158.5,0.1122,108414.6
1753600069765,07:07:49.765,binance,AEVO/USDT:USDT,0.112,54651.4,0.1119,128117.7,0.1121,47795.7,0.1122,108414.6
1753600069879,07:07:49.879,binance,AEVO/USDT:USDT,0.112,53759.7,0.1119,128117.7,0.1121,47863.8,0.1122,108414.6
1753600069986,07:07:49.986,binance,AEVO/USDT:USDT,0.112,53759.7,0.1119,128117.7,0.1121,47863.8,0.1122,108414.6
1753600070101,07:07:50.101,binance,AEVO/USDT:USDT,0.112,53759.7,0.1119,128117.7,0.1121,47863.8,0.1122,108414.6
1753600070316,07:07:50.316,binance,AEVO/USDT:USDT,0.112,53759.7,0.1119,124839.5,0.1121,47863.8,0.1122,97144.9
1753600070426,07:07:50.426,binance,AEVO/USDT:USDT,0.112,53759.7,0.1119,125527.2,0.1121,47863.8,0.1122,96441.4
1753600070602,07:07:50.602,binance,AEVO/USDT:USDT,0.112,53759.7,0.1119,125527.2,0.1121,47863.8,0.1122,96441.4
1753600070724,07:07:50.724,binance,AEVO/USDT:USDT,0.112,55496.4,0.1119,125527.2,0.1121,47863.8,0.1122,96441.4
1753600070852,07:07:50.852,binance,AEVO/USDT:USDT,0.112,55496.4,0.1119,125527.2,0.1121,47863.8,0.1122,96441.4
1753600070973,07:07:50.973,binance,AEVO/USDT:USDT,0.112,57380.6,0.1119,125527.2,0.1121,56478.1,0.1122,96441.4
1753600071342,07:07:51.342,binance,AEVO/USDT:USDT,0.112,57380.6,0.1119,125527.2,0.1121,56628.0,0.1122,96441.4
1753600071732,07:07:51.732,binance,AEVO/USDT:USDT,0.112,57380.6,0.1119,125527.2,0.1121,56628.0,0.1122,96441.4
1753600072017,07:07:52.017,binance,AEVO/USDT:USDT,0.112,57380.6,0.1119,125527.2,0.1121,56628.0,0.1122,96441.4
1753600072302,07:07:52.302,binance,AEVO/USDT:USDT,0.112,57380.6,0.1119,125527.2,0.1121,46749.8,0.1122,96441.4
1753600072423,07:07:52.423,binance,AEVO/USDT:USDT,0.112,57380.6,0.1119,127312.1,0.1121,46749.8,0.1122,93767.7
1753600072543,07:07:52.543,binance,AEVO/USDT:USDT,0.112,57434.2,0.1119,127312.1,0.1121,46749.8,0.1122,81976.1
1753600072673,07:07:52.673,binance,AEVO/USDT:USDT,0.112,60102.5,0.1119,127312.1,0.1121,46749.8,0.1122,81976.1
1753600072789,07:07:52.789,binance,AEVO/USDT:USDT,0.112,60102.5,0.1119,127312.1,0.1121,33872.4,0.1122,81976.1
1753600072901,07:07:52.901,binance,AEVO/USDT:USDT,0.112,58326.2,0.1119,127312.1,0.1121,33872.4,0.1122,81976.1
1753600073032,07:07:53.032,binance,AEVO/USDT:USDT,0.112,58326.2,0.1119,127312.1,0.1121,33872.4,0.1122,81976.1
1753600073172,07:07:53.172,binance,AEVO/USDT:USDT,0.112,60057.8,0.1119,127312.1,0.1121,33872.4,0.1122,81976.1
1753600073392,07:07:53.392,binance,AEVO/USDT:USDT,0.112,60057.8,0.1119,127312.1,0.1121,33872.4,0.1122,84649.8
1753600073495,07:07:53.495,binance,AEVO/USDT:USDT,0.112,61887.3,0.1119,127312.1,0.1121,33872.4,0.1122,84649.8
1753600073634,07:07:53.634,binance,AEVO/USDT:USDT,0.112,61887.3,0.1119,127312.1,0.1121,33872.4,0.1122,84649.8
1753600073743,07:07:53.743,binance,AEVO/USDT:USDT,0.1121,38816.6,0.112,112126.6,0.1122,44786.2,0.1123,142574.9
1753600073849,07:07:53.849,binance,AEVO/USDT:USDT,0.1121,34368.9,0.112,108456.5,0.1122,44786.2,0.1123,113154.1
1753600073957,07:07:53.957,binance,AEVO/USDT:USDT,0.1121,34516.1,0.112,112916.7,0.1122,44933.4,0.1123,115825.5
1753600074061,07:07:54.061,binance,AEVO/USDT:USDT,0.1121,34516.1,0.112,112916.7,0.1122,42259.7,0.1123,119448.6
1753600074201,07:07:54.201,binance,AEVO/USDT:USDT,0.1121,34516.1,0.112,108455.2,0.1122,41363.2,0.1123,120345.1
1753600074411,07:07:54.411,binance,AEVO/USDT:USDT,0.1121,39296.5,0.112,108224.5,0.1122,41407.9,0.1123,123016.5
1753600074601,07:07:54.601,binance,AEVO/USDT:USDT,0.1121,39296.5,0.112,108224.5,0.1122,41407.9,0.1123,123016.5
1753600074703,07:07:54.703,binance,AEVO/USDT:USDT,0.1121,39296.5,0.112,108224.5,0.1122,41407.9,0.1123,123016.5
1753600074866,07:07:54.866,binance,AEVO/USDT:USDT,0.1121,41960.3,0.112,108224.5,0.1122,41407.9,0.1123,123016.5
1753600074969,07:07:54.969,binance,AEVO/USDT:USDT,0.1121,41960.3,0.112,108224.5,0.1122,41407.9,0.1123,120345.1
1753600075106,07:07:55.106,binance,AEVO/USDT:USDT,0.1121,41960.3,0.112,108224.5,0.1122,41407.9,0.1123,120345.1
1753600075268,07:07:55.268,binance,AEVO/USDT:USDT,0.1121,42049.7,0.112,108224.5,0.1122,44081.6,0.1123,120345.1
1753600075464,07:07:55.464,binance,AEVO/USDT:USDT,0.1121,40266.5,0.112,108224.5,0.1122,44081.6,0.1123,120345.1
1753600075754,07:07:55.754,binance,AEVO/USDT:USDT,0.1121,40266.5,0.112,96282.6,0.1122,44081.6,0.1123,120345.1
1753600075962,07:07:55.962,binance,AEVO/USDT:USDT,0.1121,40266.5,0.112,96282.6,0.1122,44081.6,0.1123,120345.1
1753600076101,07:07:56.101,binance,AEVO/USDT:USDT,0.1121,40266.5,0.112,96282.6,0.1122,44081.6,0.1123,120345.1
1753600076267,07:07:56.267,binance,AEVO/USDT:USDT,0.1121,40266.5,0.112,96282.6,0.1122,44081.6,0.1123,120345.1
1753600076488,07:07:56.488,binance,AEVO/USDT:USDT,0.1121,40266.5,0.112,96282.6,0.1122,44034.8,0.1123,120345.1
1753600076602,07:07:56.602,binance,AEVO/USDT:USDT,0.1121,40266.5,0.112,96282.6,0.1122,44034.8,0.1123,119641.6
1753600076819,07:07:56.819,binance,AEVO/USDT:USDT,0.1121,40266.5,0.112,96282.6,0.1122,44079.5,0.1123,132465.0
1753600076921,07:07:56.921,binance,AEVO/USDT:USDT,0.1121,40266.5,0.112,96282.6,0.1122,44079.5,0.1123,142359.0
1753600077133,07:07:57.133,binance,AEVO/USDT:USDT,0.112,52332.8,0.1119,134664.3,0.1121,24602.1,0.1122,89975.4
1753600077239,07:07:57.239,binance,AEVO/USDT:USDT,0.112,59061.4,0.1119,136747.8,0.1121,22902.9,0.1122,94430.7
1753600077342,07:07:57.342,binance,AEVO/USDT:USDT,0.112,59061.4,0.1119,136747.8,0.1121,22902.9,0.1122,94430.7
1753600077535,07:07:57.535,binance,AEVO/USDT:USDT,0.112,59061.4,0.1119,136747.8,0.1121,22902.9,0.1122,94427.7
1753600077965,07:07:57.965,binance,AEVO/USDT:USDT,0.112,58643.6,0.1119,136394.4,0.1121,24890.0,0.1122,94459.7
1753600078118,07:07:58.118,binance,AEVO/USDT:USDT,0.112,58643.6,0.1119,136394.4,0.1121,24890.0,0.1122,82611.6
1753600078221,07:07:58.221,binance,AEVO/USDT:USDT,0.112,58643.6,0.1119,136394.4,0.1121,24890.0,0.1122,82611.6
1753600078325,07:07:58.325,binance,AEVO/USDT:USDT,0.112,58643.6,0.1119,134609.5,0.1121,24890.0,0.1122,82611.6
1753600078433,07:07:58.433,binance,AEVO/USDT:USDT,0.112,29252.7,0.1119,96897.9,0.1121,31562.7,0.1122,94459.7
1753600078556,07:07:58.556,binance,AEVO/USDT:USDT,0.112,26991.2,0.1119,103482.4,0.1121,31607.4,0.1122,98917.1
1753600078684,07:07:58.684,binance,AEVO/USDT:USDT,0.112,26991.2,0.1119,103482.4,0.1121,31607.4,0.1122,98917.1
1753600078801,07:07:58.801,binance,AEVO/USDT:USDT,0.112,26991.2,0.1119,103482.4,0.1121,31607.4,0.1122,98917.1
1753600078904,07:07:58.904,binance,AEVO/USDT:USDT,0.112,26991.2,0.1119,103911.8,0.1121,31607.4,0.1122,98917.1
1753600079013,07:07:59.013,binance,AEVO/USDT:USDT,0.112,26991.2,0.1119,103911.8,0.1121,31607.4,0.1122,98917.1
1753600079117,07:07:59.117,binance,AEVO/USDT:USDT,0.112,26850.1,0.1119,98278.2,0.1121,31607.4,0.1122,113123.7
1753600079258,07:07:59.258,binance,AEVO/USDT:USDT,0.112,27015.9,0.1119,98278.2,0.1121,31607.4,0.1122,113123.7
1753600079732,07:07:59.732,binance,AEVO/USDT:USDT,0.112,27084.5,0.1119,98278.2,0.1121,31607.4,0.1122,113123.7
1753600079864,07:07:59.864,binance,AEVO/USDT:USDT,0.112,25614.4,0.1119,98167.2,0.1121,31607.4,0.1122,113123.7
1753600080012,07:08:00.012,binance,AEVO/USDT:USDT,0.112,35447.9,0.1119,98292.4,0.1121,31607.4,0.1122,113123.7
1753600080212,07:08:00.212,binance,AEVO/USDT:USDT,0.112,35447.9,0.1119,110133.6,0.1121,31607.4,0.1122,101275.6
1753600080362,07:08:00.362,binance,AEVO/USDT:USDT,0.112,35447.9,0.1119,110133.6,0.1121,31607.4,0.1122,101275.6
1753600080463,07:08:00.463,binance,AEVO/USDT:USDT,0.112,37141.1,0.1119,110133.6,0.1121,31858.3,0.1122,101275.6
1753600080657,07:08:00.657,binance,AEVO/USDT:USDT,0.112,37141.1,0.1119,110133.6,0.1121,31858.3,0.1122,96818.2
1753600080763,07:08:00.763,binance,AEVO/USDT:USDT,0.112,37141.1,0.1119,110133.6,0.1121,31858.3,0.1122,96818.2
1753600081061,07:08:01.061,binance,AEVO/USDT:USDT,0.112,37141.1,0.1119,109347.7,0.1121,31858.3,0.1122,105962.5
1753600081402,07:08:01.402,binance,AEVO/USDT:USDT,0.112,37141.1,0.1119,109347.7,0.1121,31858.3,0.1122,105962.5
1753600081883,07:08:01.883,binance,AEVO/USDT:USDT,0.112,25502.5,0.1119,109466.9,0.1121,31858.3,0.1122,110420.1
1753600082043,07:08:02.043,binance,AEVO/USDT:USDT,0.112,12477.0,0.1119,97625.7,0.1121,31858.3,0.1122,110420.1
1753600082144,07:08:02.144,binance,AEVO/USDT:USDT,0.1119,29229.5,0.1118,143945.4,0.112,30293.5,0.1121,90110.7
1753600082246,07:08:02.246,binance,AEVO/USDT:USDT,0.1119,28101.6,0.1118,119308.5,0.112,31552.8,0.1121,90110.7
1753600082375,07:08:02.375,binance,AEVO/USDT:USDT,0.1119,24342.2,0.1118,125862.5,0.112,31552.8,0.1121,97384.2
1753600082508,07:08:02.508,binance,AEVO/USDT:USDT,0.1119,24342.2,0.1118,126212.2,0.112,31552.8,0.1121,97384.2
1753600082611,07:08:02.611,binance,AEVO/USDT:USDT,0.1119,15909.0,0.1118,126212.2,0.112,31151.1,0.1121,85628.1
1753600082716,07:08:02.716,binance,AEVO/USDT:USDT,0.1119,1536.7,0.1118,109166.8,0.112,39659.8,0.1121,116978.3
1753600082820,07:08:02.820,binance,AEVO/USDT:USDT,0.1119,3141.9,0.1118,120792.4,0.112,47123.4,0.1121,121440.8
1753600082934,07:08:02.934,binance,AEVO/USDT:USDT,0.1119,3097.2,0.1118,118949.7,0.112,47971.1,0.1121,121440.8
1753600083060,07:08:03.060,binance,AEVO/USDT:USDT,0.1119,3097.2,0.1118,118949.7,0.112,47971.1,0.1121,121440.8
1753600083202,07:08:03.202,binance,AEVO/USDT:USDT,0.1119,3097.2,0.1118,118949.7,0.112,47210.9,0.1121,121440.8
1753600083602,07:08:03.602,binance,AEVO/USDT:USDT,0.1119,3409.7,0.1118,118949.7,0.112,47255.6,0.1121,121440.8
1753600083764,07:08:03.764,binance,AEVO/USDT:USDT,0.1119,3409.7,0.1118,118949.7,0.112,51673.6,0.1121,116978.3
1753600083888,07:08:03.888,binance,AEVO/USDT:USDT,0.1119,3409.7,0.1118,118949.7,0.112,51673.6,0.1121,136146.4
1753600083991,07:08:03.991,binance,AEVO/USDT:USDT,0.1119,3409.7,0.1118,118949.7,0.112,51673.6,0.1121,153293.8
1753600084109,07:08:04.109,binance,AEVO/USDT:USDT,0.1119,3409.7,0.1118,118949.7,0.112,51673.6,0.1121,158037.8
1753600084219,07:08:04.219,binance,AEVO/USDT:USDT,0.1119,3409.7,0.1118,118949.7,0.112,47255.6,0.1121,162500.4
1753600084323,07:08:04.323,binance,AEVO/USDT:USDT,0.1119,2722.0,0.1118,118949.7,0.112,47255.6,0.1121,162500.4
1753600084424,07:08:04.424,binance,AEVO/USDT:USDT,0.1119,3265.9,0.1118,119244.3,0.112,49046.9,0.1121,162500.4
1753600084564,07:08:04.564,binance,AEVO/USDT:USDT,0.1119,3265.9,0.1118,119244.3,0.112,49046.9,0.1121,162500.4
1753600084702,07:08:04.702,binance,AEVO/USDT:USDT,0.1119,3265.9,0.1118,119244.3,0.112,49046.9,0.1121,162500.4
1753600084886,07:08:04.886,binance,AEVO/USDT:USDT,0.1119,3265.9,0.1118,119244.3,0.112,49046.9,0.1121,162500.4
1753600085019,07:08:05.019,binance,AEVO/USDT:USDT,0.1119,3310.6,0.1118,119244.3,0.112,49046.9,0.1121,162500.4
1753600085135,07:08:05.135,binance,AEVO/USDT:USDT,0.1119,3310.6,0.1118,107583.0,0.112,49988.8,0.1121,162500.4
1753600085252,07:08:05.252,binance,AEVO/USDT:USDT,0.1119,3310.6,0.1118,107583.0,0.112,49988.8,0.1121,162500.4
1753600085354,07:08:05.354,binance,AEVO/USDT:USDT,0.1119,3310.6,0.1118,107583.0,0.112,49988.8,0.1121,162500.4
1753600085487,07:08:05.487,binance,AEVO/USDT:USDT,0.1119,3533.7,0.1118,107583.0,0.112,49988.8,0.1121,162500.4
1753600085601,07:08:05.601,binance,AEVO/USDT:USDT,0.1119,3478.0,0.1118,107583.0,0.112,49988.8,0.1121,162500.4
1753600085787,07:08:05.787,binance,AEVO/USDT:USDT,0.1119,3478.0,0.1118,107583.0,0.112,49046.9,0.1121,162500.4
1753600085994,07:08:05.994,binance,AEVO/USDT:USDT,0.1119,26847.2,0.1118,112000.2,0.112,45967.2,0.1121,128344.4
1753600086113,07:08:06.113,binance,AEVO/USDT:USDT,0.1119,27039.3,0.1118,112000.2,0.112,34878.4,0.1121,128344.4
1753600086382,07:08:06.382,binance,AEVO/USDT:USDT,0.1119,27039.3,0.1118,112000.2,0.112,34878.4,0.1121,128344.4
1753600086492,07:08:06.492,binance,AEVO/USDT:USDT,0.1119,27039.3,0.1118,112000.2,0.112,34878.4,0.1121,128344.4
1753600086602,07:08:06.602,binance,AEVO/USDT:USDT,0.1119,27039.3,0.1118,112000.2,0.112,34878.4,0.1121,128344.4
1753600086745,07:08:06.745,binance,AEVO/USDT:USDT,0.1119,27039.3,0.1118,112000.2,0.112,34878.4,0.1121,131020.5
1753600086886,07:08:06.886,binance,AEVO/USDT:USDT,0.1119,27039.3,0.1118,112000.2,0.112,34878.4,0.1121,131020.5
1753600087001,07:08:07.001,binance,AEVO/USDT:USDT,0.1119,27039.3,0.1118,112000.2,0.112,34878.4,0.1121,131020.5
1753600087172,07:08:07.172,binance,AEVO/USDT:USDT,0.1119,27039.3,0.1118,112000.2,0.112,34878.4,0.1121,140667.6
1753600087365,07:08:07.365,binance,AEVO/USDT:USDT,0.1119,27039.3,0.1118,112000.2,0.112,34878.4,0.1121,140667.6
1753600087501,07:08:07.501,binance,AEVO/USDT:USDT,0.1119,28640.3,0.1118,112000.2,0.112,34878.4,0.1121,140667.6
1753600087692,07:08:07.692,binance,AEVO/USDT:USDT,0.1119,28640.3,0.1118,112000.2,0.112,34878.4,0.1121,140667.6
1753600087965,07:08:07.965,binance,AEVO/USDT:USDT,0.1119,28640.3,0.1118,112000.2,0.112,34878.4,0.1121,140667.6
1753600088156,07:08:08.156,binance,AEVO/USDT:USDT,0.1119,28640.3,0.1118,112000.2,0.112,34878.4,0.1121,140667.6
1753600088262,07:08:08.262,binance,AEVO/USDT:USDT,0.1119,28640.3,0.1118,112000.2,0.112,25814.9,0.1121,118214.1
1753600088365,07:08:08.365,binance,AEVO/USDT:USDT,0.1119,27747.3,0.1118,124972.1,0.112,17897.0,0.1121,98847.8
1753600088470,07:08:08.470,binance,AEVO/USDT:USDT,0.1119,28638.9,0.1118,112953.6,0.112,15936.7,0.1121,110809.2
1753600088745,07:08:08.745,binance,AEVO/USDT:USDT,0.1119,28638.9,0.1118,112953.6,0.112,15936.7,0.1121,101162.1
1753600088879,07:08:08.879,binance,AEVO/USDT:USDT,0.1119,28638.9,0.1118,124954.5,0.112,15936.7,0.1121,101162.1
1753600089037,07:08:09.037,binance,AEVO/USDT:USDT,0.1119,28638.9,0.1118,124954.5,0.112,15936.7,0.1121,101162.1
1753600089502,07:08:09.502,binance,AEVO/USDT:USDT,0.1119,28906.7,0.1118,124954.5,0.112,15983.6,0.1121,89200.7
1753600089654,07:08:09.654,binance,AEVO/USDT:USDT,0.1119,28906.7,0.1118,124954.5,0.112,15983.6,0.1121,89200.7
1753600089852,07:08:09.852,binance,AEVO/USDT:USDT,0.1119,29331.0,0.1118,124954.5,0.112,15983.6,0.1121,89200.7
1753600090102,07:08:10.102,binance,AEVO/USDT:USDT,0.1119,29331.0,0.1118,124954.5,0.112,15983.6,0.1121,89200.7
1753600090283,07:08:10.283,binance,AEVO/USDT:USDT,0.1119,29331.0,0.1118,124954.5,0.112,15983.6,0.1121,89200.7
1753600090633,07:08:10.633,binance,AEVO/USDT:USDT,0.1119,29375.7,0.1118,124954.5,0.112,17754.4,0.1121,89200.7
1753600090734,07:08:10.734,binance,AEVO/USDT:USDT,0.1119,29375.7,0.1118,124954.5,0.112,17754.4,0.1121,89200.7
1753600090837,07:08:10.837,binance,AEVO/USDT:USDT,0.1119,29375.7,0.1118,124954.5,0.112,17754.4,0.1121,101201.8
1753600090964,07:08:10.964,binance,AEVO/USDT:USDT,0.1119,29375.7,0.1118,124954.5,0.112,17754.4,0.1121,101201.8
1753600091086,07:08:11.086,binance,AEVO/USDT:USDT,0.1119,29375.7,0.1118,124954.5,0.112,17754.4,0.1121,101201.8
1753600091202,07:08:11.202,binance,AEVO/USDT:USDT,0.1119,29375.7,0.1118,112953.6,0.112,17754.4,0.1121,101201.8
1753600091357,07:08:11.357,binance,AEVO/USDT:USDT,0.1119,28484.1,0.1118,112953.6,0.112,27587.9,0.1121,101201.8
1753600091463,07:08:11.463,binance,AEVO/USDT:USDT,0.1119,28751.9,0.1118,112953.6,0.112,27632.6,0.1121,101201.8
1753600091618,07:08:11.618,binance,AEVO/USDT:USDT,0.1119,28751.9,0.1118,112953.6,0.112,27556.3,0.1121,101201.8
1753600091802,07:08:11.802,binance,AEVO/USDT:USDT,0.1119,28751.9,0.1118,112953.6,0.112,27556.3,0.1121,101201.8
1753600091926,07:08:11.926,binance,AEVO/USDT:USDT,0.1119,28751.9,0.1118,112953.6,0.112,27556.3,0.1121,101201.8
1753600092073,07:08:12.073,binance,AEVO/USDT:USDT,0.1119,28751.9,0.1118,112953.6,0.112,27556.3,0.1121,110848.9
1753600092214,07:08:12.214,binance,AEVO/USDT:USDT,0.1119,28967.0,0.1118,112953.6,0.112,27556.3,0.1121,110848.9
1753600092373,07:08:12.373,binance,AEVO/USDT:USDT,0.1119,29014.0,0.1118,112953.6,0.112,27556.3,0.1121,110848.9
1753600092547,07:08:12.547,binance,AEVO/USDT:USDT,0.1119,29014.0,0.1118,112953.6,0.112,30190.1,0.1121,108172.8
1753600092658,07:08:12.658,binance,AEVO/USDT:USDT,0.1119,29014.0,0.1118,112953.6,0.112,30190.1,0.1121,108172.8
1753600092841,07:08:12.841,binance,AEVO/USDT:USDT,0.1119,29014.0,0.1118,112000.2,0.112,30190.1,0.1121,108172.8
1753600092942,07:08:12.942,binance,AEVO/USDT:USDT,0.1119,29014.0,0.1118,112000.2,0.112,30190.1,0.1121,108172.8
1753600093156,07:08:13.156,binance,AEVO/USDT:USDT,0.1119,29014.0,0.1118,112000.2,0.112,30190.1,0.1121,108172.8
1753600093258,07:08:13.258,binance,AEVO/USDT:USDT,0.1119,29014.0,0.1118,112000.2,0.112,30190.1,0.1121,108172.8
1753600093365,07:08:13.365,binance,AEVO/USDT:USDT,0.1119,29047.9,0.1118,112000.2,0.112,30234.8,0.1121,108172.8
1753600093501,07:08:13.501,binance,AEVO/USDT:USDT,0.1119,29146.6,0.1118,112000.2,0.112,27556.3,0.1121,110848.9
1753600093694,07:08:13.694,binance,AEVO/USDT:USDT,0.1119,29146.6,0.1118,112000.2,0.112,27556.3,0.1121,115136.5
1753600094002,07:08:14.002,binance,AEVO/USDT:USDT,0.1119,29146.6,0.1118,112000.2,0.112,27556.3,0.1121,115136.5
1753600094638,07:08:14.638,binance,AEVO/USDT:USDT,0.1119,29146.6,0.1118,119155.8,0.112,27639.9,0.1121,115136.5
1753600094752,07:08:14.752,binance,AEVO/USDT:USDT,0.1119,29146.6,0.1118,119155.8,0.112,27639.9,0.1121,115136.5
1753600095023,07:08:15.023,binance,AEVO/USDT:USDT,0.1119,29146.6,0.1118,119155.8,0.112,27639.9,0.1121,115136.5
1753600095202,07:08:15.202,binance,AEVO/USDT:USDT,0.1119,29146.6,0.1118,119155.8,0.112,27639.9,0.1121,115136.5
1753600096251,07:08:16.251,binance,AEVO/USDT:USDT,0.1119,29016.3,0.1118,119155.8,0.112,27639.9,0.1121,115136.5
1753600096353,07:08:16.353,binance,AEVO/USDT:USDT,0.1119,29016.3,0.1118,119155.8,0.112,27639.9,0.1121,115136.5
1753600096493,07:08:16.493,binance,AEVO/USDT:USDT,0.1119,29016.3,0.1118,120109.2,0.112,27639.9,0.1121,115136.5
1753600096640,07:08:16.640,binance,AEVO/USDT:USDT,0.1119,28816.6,0.1118,120109.2,0.112,27639.9,0.1121,115136.5
1753600096772,07:08:16.772,binance,AEVO/USDT:USDT,0.1119,28816.6,0.1118,119155.8,0.112,27639.9,0.1121,115136.5
1753600097240,07:08:17.240,binance,AEVO/USDT:USDT,0.1119,28816.6,0.1118,120109.2,0.112,27639.9,0.1121,115136.5
1753600097373,07:08:17.373,binance,AEVO/USDT:USDT,0.1119,28816.6,0.1118,120109.2,0.112,27639.9,0.1121,115136.5
1753600097483,07:08:17.483,binance,AEVO/USDT:USDT,0.1119,28816.6,0.1118,120109.2,0.112,27639.9,0.1121,115136.5
1753600097743,07:08:17.743,binance,AEVO/USDT:USDT,0.1119,28816.6,0.1118,119155.8,0.112,27639.9,0.1121,119598.0
1753600097852,07:08:17.852,binance,AEVO/USDT:USDT,0.1119,28816.6,0.1118,119155.8,0.112,27639.9,0.1121,119598.0
1753600098064,07:08:18.064,binance,AEVO/USDT:USDT,0.1119,28816.6,0.1118,119155.8,0.112,27639.9,0.1121,119598.0
1753600098187,07:08:18.187,binance,AEVO/USDT:USDT,0.1119,28861.3,0.1118,119155.8,0.112,27639.9,0.1121,119598.0
1753600098352,07:08:18.352,binance,AEVO/USDT:USDT,0.1119,28861.3,0.1118,119155.8,0.112,27639.9,0.1121,119598.0
1753600098518,07:08:18.518,binance,AEVO/USDT:USDT,0.112,3298.4,0.1119,86770.2,0.1121,44655.1,0.1122,89624.9
1753600098620,07:08:18.620,binance,AEVO/USDT:USDT,0.112,6522.4,0.1119,81318.3,0.1121,46593.7,0.1122,107522.8
1753600098722,07:08:18.722,binance,AEVO/USDT:USDT,0.112,941.7,0.1119,69658.0,0.1121,62566.0,0.1122,107522.8
1753600098826,07:08:18.826,binance,AEVO/USDT:USDT,0.112,941.7,0.1119,69658.0,0.1121,62566.0,0.1122,107522.8
1753600098934,07:08:18.934,binance,AEVO/USDT:USDT,0.112,941.7,0.1119,69658.0,0.1121,62566.0,0.1122,107522.8
1753600099065,07:08:19.065,binance,AEVO/USDT:USDT,0.112,941.7,0.1119,69658.0,0.1121,62566.0,0.1122,143444.2
1753600099202,07:08:19.202,binance,AEVO/USDT:USDT,0.112,941.7,0.1119,69658.0,0.1121,62566.0,0.1122,143444.2
1753600099362,07:08:19.362,binance,AEVO/USDT:USDT,0.112,941.7,0.1119,69658.0,0.1121,62566.0,0.1122,143444.2
1753600099469,07:08:19.469,binance,AEVO/USDT:USDT,0.112,941.7,0.1119,69658.0,0.1121,62566.0,0.1122,143444.2
1753600099583,07:08:19.583,binance,AEVO/USDT:USDT,0.112,941.7,0.1119,70008.9,0.1121,61806.2,0.1122,143444.2
1753600099728,07:08:19.728,binance,AEVO/USDT:USDT,0.112,941.7,0.1119,70008.9,0.1121,60909.7,0.1122,143444.2
1753600099834,07:08:19.834,binance,AEVO/USDT:USDT,0.112,941.7,0.1119,70008.9,0.1121,60909.7,0.1122,149635.5
1753600099937,07:08:19.937,binance,AEVO/USDT:USDT,0.112,941.7,0.1119,70008.9,0.1121,60909.7,0.1122,149635.5
1753600100094,07:08:20.094,binance,AEVO/USDT:USDT,0.112,941.7,0.1119,70008.9,0.1121,60909.7,0.1122,149635.5
1753600100302,07:08:20.302,binance,AEVO/USDT:USDT,0.112,986.4,0.1119,70008.9,0.1121,61846.4,0.1122,149635.5
1753600100423,07:08:20.423,binance,AEVO/USDT:USDT,0.112,986.4,0.1119,70008.9,0.1121,61846.4,0.1122,149635.5
1753600100584,07:08:20.584,binance,AEVO/USDT:USDT,0.112,986.4,0.1119,70008.9,0.1121,62738.8,0.1122,149635.5
1753600100882,07:08:20.882,binance,AEVO/USDT:USDT,0.112,986.4,0.1119,69918.5,0.1121,72807.0,0.1122,149635.5
1753600101103,07:08:21.103,binance,AEVO/USDT:USDT,0.112,986.4,0.1119,69918.5,0.1121,72807.0,0.1122,149635.5
1753600101220,07:08:21.220,binance,AEVO/USDT:USDT,0.112,986.4,0.1119,69918.5,0.1121,72184.0,0.1122,149635.5
1753600101402,07:08:21.402,binance,AEVO/USDT:USDT,0.112,1083.5,0.1119,69869.2,0.1121,72228.7,0.1122,149635.5
1753600101532,07:08:21.532,binance,AEVO/USDT:USDT,0.112,1083.5,0.1119,69869.2,0.1121,72851.7,0.1122,149635.5
1753600101933,07:08:21.933,binance,AEVO/USDT:USDT,0.112,1083.5,0.1119,69869.2,0.1121,72851.7,0.1122,149635.5
1753600102087,07:08:22.087,binance,AEVO/USDT:USDT,0.112,1083.5,0.1119,69869.2,0.1121,72851.7,0.1122,149635.5
1753600102427,07:08:22.427,binance,AEVO/USDT:USDT,0.112,1083.5,0.1119,69869.2,0.1121,76189.6,0.1122,146779.7
1753600102668,07:08:22.668,binance,AEVO/USDT:USDT,0.112,1109.4,0.1119,69869.2,0.1121,78182.9,0.1122,143918.8
1753600102918,07:08:22.918,binance,AEVO/USDT:USDT,0.112,1154.1,0.1119,69869.2,0.1121,80152.6,0.1122,143918.8
1753600103392,07:08:23.392,binance,AEVO/USDT:USDT,0.112,1154.1,0.1119,69869.2,0.1121,80152.6,0.1122,143918.8
1753600103553,07:08:23.553,binance,AEVO/USDT:USDT,0.112,1377.2,0.1119,69601.4,0.1121,80152.6,0.1122,143918.8
1753600103682,07:08:23.682,binance,AEVO/USDT:USDT,0.112,1377.2,0.1119,69601.4,0.1121,80152.6,0.1122,143918.8
1753600103817,07:08:23.817,binance,AEVO/USDT:USDT,0.112,1377.2,0.1119,69601.4,0.1121,80152.6,0.1122,143918.8
1753600103975,07:08:23.975,binance,AEVO/USDT:USDT,0.112,1377.2,0.1119,69601.4,0.1121,80152.6,0.1122,143918.8
1753600104572,07:08:24.572,binance,AEVO/USDT:USDT,0.112,1421.9,0.1119,69601.4,0.1121,81044.1,0.1122,144807.1
1753600104705,07:08:24.705,binance,AEVO/USDT:USDT,0.1119,42173.4,0.1118,177313.4,0.112,17978.4,0.1121,100359.0
1753600104810,07:08:24.810,binance,AEVO/USDT:USDT,0.1119,41466.8,0.1118,156802.6,0.112,25164.2,0.1121,90039.2
1753600104913,07:08:24.913,binance,AEVO/USDT:USDT,0.1119,41466.8,0.1118,156802.6,0.112,25263.7,0.1121,89150.5
1753600105065,07:08:25.065,binance,AEVO/USDT:USDT,0.1119,41466.8,0.1118,156802.6,0.112,25263.7,0.1121,89150.5
1753600105201,07:08:25.201,binance,AEVO/USDT:USDT,0.1119,41466.8,0.1118,156802.6,0.112,25263.7,0.1121,89150.5
1753600105348,07:08:25.348,binance,AEVO/USDT:USDT,0.1119,41466.8,0.1118,156802.6,0.112,25263.7,0.1121,89150.5
1753600105479,07:08:25.479,binance,AEVO/USDT:USDT,0.1119,42403.1,0.1118,156802.6,0.112,25308.4,0.1121,89150.5
1753600105904,07:08:25.904,binance,AEVO/USDT:USDT,0.1119,42724.5,0.1118,151780.9,0.112,23341.6,0.1121,89150.5
1753600106140,07:08:26.140,binance,AEVO/USDT:USDT,0.1119,45637.8,0.1118,151780.9,0.112,22424.4,0.1121,89150.5
1753600106241,07:08:26.241,binance,AEVO/USDT:USDT,0.1119,49441.9,0.1118,151780.9,0.112,22424.4,0.1121,89150.5
1753600106364,07:08:26.364,binance,AEVO/USDT:USDT,0.1119,49441.9,0.1118,151780.9,0.112,22424.4,0.1121,89150.5
1753600106882,07:08:26.882,binance,AEVO/USDT:USDT,0.1119,49441.9,0.1118,151780.9,0.112,22424.4,0.1121,89150.5
1753600107067,07:08:27.067,binance,AEVO/USDT:USDT,0.1119,49572.7,0.1118,151780.9,0.112,22424.4,0.1121,89150.5
1753600107371,07:08:27.371,binance,AEVO/USDT:USDT,0.1119,54086.4,0.1118,152055.8,0.112,22424.4,0.1121,89150.5
1753600107501,07:08:27.501,binance,AEVO/USDT:USDT,0.1119,54086.4,0.1118,152055.8,0.112,22424.4,0.1121,89150.5
1753600107769,07:08:27.769,binance,AEVO/USDT:USDT,0.112,26452.4,0.1119,106828.7,0.1121,50946.9,0.1122,136809.7
1753600107877,07:08:27.877,binance,AEVO/USDT:USDT,0.112,27490.9,0.1119,101348.2,0.1121,49302.9,0.1122,120933.5
1753600107978,07:08:27.978,binance,AEVO/USDT:USDT,0.112,26599.7,0.1119,101348.2,0.1121,51094.2,0.1122,120933.5
1753600108192,07:08:28.192,binance,AEVO/USDT:USDT,0.112,26599.7,0.1119,90452.6,0.1121,51094.2,0.1122,120933.5
1753600108742,07:08:28.742,binance,AEVO/USDT:USDT,0.112,26599.7,0.1119,90452.6,0.1121,51094.2,0.1122,120933.5
1753600108955,07:08:28.955,binance,AEVO/USDT:USDT,0.112,28166.7,0.1119,90452.6,0.1121,46993.2,0.1122,120933.5
1753600109058,07:08:29.058,binance,AEVO/USDT:USDT,0.112,28166.7,0.1119,90452.6,0.1121,49347.0,0.1122,120933.5
1753600109286,07:08:29.286,binance,AEVO/USDT:USDT,0.112,28166.7,0.1119,90452.6,0.1121,49347.0,0.1122,120933.5
1753600109551,07:08:29.551,binance,AEVO/USDT:USDT,0.112,28434.5,0.1119,90184.8,0.1121,49347.0,0.1122,120933.5
1753600109883,07:08:29.883,binance,AEVO/USDT:USDT,0.112,28434.5,0.1119,90184.8,0.1121,49347.0,0.1122,120933.5
1753600110217,07:08:30.217,binance,AEVO/USDT:USDT,0.112,28434.5,0.1119,94649.2,0.1121,49347.0,0.1122,120933.5
1753600110479,07:08:30.479,binance,AEVO/USDT:USDT,0.112,28434.5,0.1119,94649.2,0.1121,49347.0,0.1122,120933.5
1753600110651,07:08:30.651,binance,AEVO/USDT:USDT,0.112,28434.5,0.1119,94649.2,0.1121,49347.0,0.1122,120933.5
1753600110962,07:08:30.962,binance,AEVO/USDT:USDT,0.112,28434.5,0.1119,94649.2,0.1121,49347.0,0.1122,120933.5
1753600111702,07:08:31.702,binance,AEVO/USDT:USDT,0.112,28702.3,0.1119,94381.4,0.1121,47163.2,0.1122,110144.4
1753600111803,07:08:31.803,binance,AEVO/USDT:USDT,0.112,28702.3,0.1119,94381.4,0.1121,47163.2,0.1122,110144.4
1753600111989,07:08:31.989,binance,AEVO/USDT:USDT,0.112,28702.3,0.1119,94381.4,0.1121,47163.2,0.1122,110144.4
1753600112102,07:08:32.102,binance,AEVO/USDT:USDT,0.112,28702.3,0.1119,94381.4,0.1121,47163.2,0.1122,110144.4
1753600112278,07:08:32.278,binance,AEVO/USDT:USDT,0.112,28702.3,0.1119,94381.4,0.1121,47163.2,0.1122,110144.4
1753600112382,07:08:32.382,binance,AEVO/USDT:USDT,0.112,28702.3,0.1119,94381.4,0.1121,47163.2,0.1122,110144.4
1753600112492,07:08:32.492,binance,AEVO/USDT:USDT,0.112,28702.3,0.1119,94381.4,0.1121,47163.2,0.1122,110144.4
1753600112682,07:08:32.682,binance,AEVO/USDT:USDT,0.112,28812.9,0.1119,94381.4,0.1121,47163.2,0.1122,110144.4
1753600112855,07:08:32.855,binance,AEVO/USDT:USDT,0.112,28812.9,0.1119,94381.4,0.1121,47163.2,0.1122,110144.4
1753600113002,07:08:33.002,binance,AEVO/USDT:USDT,0.112,28812.9,0.1119,94381.4,0.1121,47163.2,0.1122,110144.4
1753600113152,07:08:33.152,binance,AEVO/USDT:USDT,0.112,28847.6,0.1119,94381.4,0.1121,47163.2,0.1122,110144.4
1753600113272,07:08:33.272,binance,AEVO/USDT:USDT,0.112,28847.6,0.1119,94381.4,0.1121,47163.2,0.1122,110144.4
1753600113457,07:08:33.457,binance,AEVO/USDT:USDT,0.112,29115.4,0.1119,94113.6,0.1121,47163.2,0.1122,110144.4
1753600113604,07:08:33.604,binance,AEVO/USDT:USDT,0.112,29115.4,0.1119,94113.6,0.1121,47163.2,0.1122,110144.4
1753600113762,07:08:33.762,binance,AEVO/USDT:USDT,0.112,29115.4,0.1119,94113.6,0.1121,47163.2,0.1122,110144.4
1753600113865,07:08:33.865,binance,AEVO/USDT:USDT,0.112,29115.4,0.1119,94113.6,0.1121,47163.2,0.1122,110144.4
1753600113976,07:08:33.976,binance,AEVO/USDT:USDT,0.112,29115.4,0.1119,94113.6,0.1121,47163.2,0.1122,110144.4
1753600114101,07:08:34.101,binance,AEVO/USDT:USDT,0.112,29115.4,0.1119,94113.6,0.1121,47163.2,0.1122,110144.4
1753600114302,07:08:34.302,binance,AEVO/USDT:USDT,0.112,29115.4,0.1119,94113.6,0.1121,47163.2,0.1122,110144.4
1753600114411,07:08:34.411,binance,AEVO/USDT:USDT,0.112,29115.4,0.1119,94113.6,0.1121,47163.2,0.1122,110144.4
1753600114583,07:08:34.583,binance,AEVO/USDT:USDT,0.112,29115.4,0.1119,94113.6,0.1121,47163.2,0.1122,110144.4
1753600114848,07:08:34.848,binance,AEVO/USDT:USDT,0.112,19732.1,0.1119,89941.5,0.1121,49472.3,0.1122,110144.4
1753600114950,07:08:34.950,binance,AEVO/USDT:USDT,0.1119,53591.4,0.1118,180983.6,0.112,5777.7,0.1121,80889.5
1753600115052,07:08:35.052,binance,AEVO/USDT:USDT,0.1119,51253.4,0.1118,161631.0,0.112,1039.8,0.1121,78954.5
1753600115156,07:08:35.156,binance,AEVO/USDT:USDT,0.1119,64509.6,0.1118,161631.0,0.112,2825.9,0.1121,78894.6
1753600115260,07:08:35.260,binance,AEVO/USDT:USDT,0.1119,65401.7,0.1118,161631.0,0.112,2825.9,0.1121,78954.5
1753600115371,07:08:35.371,binance,AEVO/USDT:USDT,0.1119,66291.8,0.1118,161631.0,0.112,2825.9,0.1121,81020.4
1753600115571,07:08:35.571,binance,AEVO/USDT:USDT,0.1119,69906.9,0.1118,161631.0,0.112,2943.3,0.1121,82803.5
1753600115683,07:08:35.683,binance,AEVO/USDT:USDT,0.1119,71684.0,0.1118,161631.0,0.112,2943.3,0.1121,82803.5
1753600115866,07:08:35.866,binance,AEVO/USDT:USDT,0.1119,63370.8,0.1118,161435.3,0.112,4224.0,0.1121,82803.5
1753600116309,07:08:36.309,binance,AEVO/USDT:USDT,0.1119,69576.5,0.1118,161435.3,0.112,2943.3,0.1121,82803.5
1753600116423,07:08:36.423,binance,AEVO/USDT:USDT,0.1119,70088.2,0.1118,161435.3,0.112,2943.3,0.1121,82803.5
1753600116781,07:08:36.781,binance,AEVO/USDT:USDT,0.1118,54116.3,0.1117,103941.4,0.1119,22324.1,0.112,295501.1
1753600116883,07:08:36.883,binance,AEVO/USDT:USDT,0.1118,43755.7,0.1117,109656.5,0.1119,22471.7,0.112,310548.4
1753600116992,07:08:36.992,binance,AEVO/USDT:USDT,0.1118,52714.5,0.1117,116233.1,0.1119,22471.7,0.112,333596.8
1753600117097,07:08:37.097,binance,AEVO/USDT:USDT,0.1118,52759.3,0.1117,116343.9,0.1119,15799.1,0.112,338843.4
1753600117309,07:08:37.309,binance,AEVO/USDT:USDT,0.1118,52759.3,0.1117,116343.9,0.1119,15799.1,0.112,348319.1
1753600117417,07:08:37.417,binance,AEVO/USDT:USDT,0.1118,52759.3,0.1117,120817.2,0.1119,15799.1,0.112,348319.1
1753600117519,07:08:37.519,binance,AEVO/USDT:USDT,0.1118,52759.3,0.1117,120817.2,0.1119,15799.1,0.112,348319.1
1753600117662,07:08:37.662,binance,AEVO/USDT:USDT,0.1118,55820.8,0.1117,120817.2,0.1119,15799.1,0.112,348319.1
1753600117852,07:08:37.852,binance,AEVO/USDT:USDT,0.1118,55865.6,0.1117,120817.2,0.1119,15037.4,0.112,353063.1
1753600118000,07:08:38.000,binance,AEVO/USDT:USDT,0.1118,55865.6,0.1117,120817.2,0.1119,15037.4,0.112,353063.1
1753600118115,07:08:38.115,binance,AEVO/USDT:USDT,0.1118,55865.6,0.1117,120817.2,0.1119,15037.4,0.112,353063.1
1753600118344,07:08:38.344,binance,AEVO/USDT:USDT,0.1118,55865.6,0.1117,120817.2,0.1119,15037.4,0.112,353063.1
1753600118612,07:08:38.612,binance,AEVO/USDT:USDT,0.1118,55865.6,0.1117,121771.4,0.1119,15037.4,0.112,353063.1
1753600118901,07:08:38.901,binance,AEVO/USDT:USDT,0.1118,55865.6,0.1117,121771.4,0.1119,15037.4,0.112,353959.6
1753600119039,07:08:39.039,binance,AEVO/USDT:USDT,0.1118,55865.6,0.1117,121771.4,0.1119,15037.4,0.112,353959.6
1753600119192,07:08:39.192,binance,AEVO/USDT:USDT,0.1118,55865.6,0.1117,121771.4,0.1119,15037.4,0.112,353959.6
1753600119299,07:08:39.299,binance,AEVO/USDT:USDT,0.1118,55865.6,0.1117,121771.4,0.1119,15037.4,0.112,353959.6
1753600119412,07:08:39.412,binance,AEVO/USDT:USDT,0.1118,55865.6,0.1117,121771.4,0.1119,15037.4,0.112,353959.6
1753600119643,07:08:39.643,binance,AEVO/USDT:USDT,0.1118,55865.6,0.1117,121771.4,0.1119,15037.4,0.112,353959.6
1753600119765,07:08:39.765,binance,AEVO/USDT:USDT,0.1118,55865.6,0.1117,121771.4,0.1119,15037.4,0.112,353959.6
1753600119942,07:08:39.942,binance,AEVO/USDT:USDT,0.1118,55177.9,0.1117,121771.4,0.1119,15037.4,0.112,353959.6
1753600120130,07:08:40.130,binance,AEVO/USDT:USDT,0.1118,55177.9,0.1117,121771.4,0.1119,15037.4,0.112,353959.6
1753600120252,07:08:40.252,binance,AEVO/USDT:USDT,0.1118,55177.9,0.1117,121771.4,0.1119,15622.7,0.112,353959.6
1753600120440,07:08:40.440,binance,AEVO/USDT:USDT,0.1118,55177.9,0.1117,121771.4,0.1119,16241.5,0.112,353959.6
1753600120743,07:08:40.743,binance,AEVO/USDT:USDT,0.1118,55177.9,0.1117,121771.4,0.1119,16241.5,0.112,351281.1
1753600120914,07:08:40.914,binance,AEVO/USDT:USDT,0.1118,55177.9,0.1117,121771.4,0.1119,16241.5,0.112,351281.1
1753600121163,07:08:41.163,binance,AEVO/USDT:USDT,0.1118,55177.9,0.1117,121511.3,0.1119,16286.3,0.112,351281.1
1753600121284,07:08:41.284,binance,AEVO/USDT:USDT,0.1118,55177.9,0.1117,122854.1,0.1119,16286.3,0.112,351281.1
1753600121387,07:08:41.387,binance,AEVO/USDT:USDT,0.1118,55177.9,0.1117,122854.1,0.1119,16286.3,0.112,351281.1
1753600121490,07:08:41.490,binance,AEVO/USDT:USDT,0.1118,55177.9,0.1117,123002.7,0.1119,16286.3,0.112,351281.1
1753600121594,07:08:41.594,binance,AEVO/USDT:USDT,0.1118,55177.9,0.1117,123002.7,0.1119,16286.3,0.112,351281.1
1753600121980,07:08:41.980,binance,AEVO/USDT:USDT,0.1118,55177.9,0.1117,123002.7,0.1119,16286.3,0.112,351281.1
1753600122093,07:08:42.093,binance,AEVO/USDT:USDT,0.1118,55177.9,0.1117,123002.7,0.1119,16286.3,0.112,351281.1
1753600122311,07:08:42.311,binance,AEVO/USDT:USDT,0.1118,55177.9,0.1117,123002.7,0.1119,16828.9,0.112,351281.1
1753600122421,07:08:42.421,binance,AEVO/USDT:USDT,0.1118,55177.9,0.1117,123002.7,0.1119,16742.4,0.112,351281.1
1753600122702,07:08:42.702,binance,AEVO/USDT:USDT,0.1118,55177.9,0.1117,123002.7,0.1119,16742.4,0.112,351281.1
1753600122808,07:08:42.808,binance,AEVO/USDT:USDT,0.1118,55177.9,0.1117,123002.7,0.1119,16742.4,0.112,351281.1
1753600122911,07:08:42.911,binance,AEVO/USDT:USDT,0.1118,55177.9,0.1117,123113.7,0.1119,16742.4,0.112,351281.1
1753600123252,07:08:43.252,binance,AEVO/USDT:USDT,0.1118,55177.9,0.1117,123113.7,0.1119,16742.4,0.112,351281.1
1753600123401,07:08:43.401,binance,AEVO/USDT:USDT,0.1118,55177.9,0.1117,123113.7,0.1119,16417.7,0.112,332697.3
1753600123510,07:08:43.510,binance,AEVO/USDT:USDT,0.1118,55079.7,0.1117,123113.7,0.1119,16334.4,0.112,332697.3
1753600123611,07:08:43.611,binance,AEVO/USDT:USDT,0.1118,55079.7,0.1117,123113.7,0.1119,16431.8,0.112,332697.3
1753600123755,07:08:43.755,binance,AEVO/USDT:USDT,0.1118,55079.7,0.1117,123113.7,0.1119,16431.8,0.112,332697.3
1753600123865,07:08:43.865,binance,AEVO/USDT:USDT,0.1118,55079.7,0.1117,123003.2,0.1119,16431.8,0.112,332697.3
1753600123999,07:08:43.999,binance,AEVO/USDT:USDT,0.1118,55079.7,0.1117,124896.5,0.1119,16431.8,0.112,332697.3
1753600124101,07:08:44.101,binance,AEVO/USDT:USDT,0.1118,55079.7,0.1117,124896.5,0.1119,16431.8,0.112,332697.3
1753600124204,07:08:44.204,binance,AEVO/USDT:USDT,0.1118,55079.7,0.1117,124896.5,0.1119,16431.8,0.112,332697.3
1753600124372,07:08:44.372,binance,AEVO/USDT:USDT,0.1118,61797.1,0.1117,124896.5,0.1119,777.2,0.112,332637.4
1753600124473,07:08:44.473,binance,AEVO/USDT:USDT,0.1118,61946.2,0.1117,128025.6,0.1119,924.8,0.112,328718.9
1753600124575,07:08:44.575,binance,AEVO/USDT:USDT,0.1118,66388.9,0.1117,132769.6,0.1119,924.8,0.112,328718.9
1753600124752,07:08:44.752,binance,AEVO/USDT:USDT,0.1118,59671.5,0.1117,132769.6,0.1119,924.8,0.112,328718.9
1753600125032,07:08:45.032,binance,AEVO/USDT:USDT,0.1118,59782.3,0.1117,134557.7,0.1119,969.6,0.112,328718.9
1753600125219,07:08:45.219,binance,AEVO/USDT:USDT,0.1118,59782.3,0.1117,134557.7,0.1119,1036.9,0.112,328646.2
1753600125420,07:08:45.420,binance,AEVO/USDT:USDT,0.1118,59782.3,0.1117,134557.7,0.1119,1036.9,0.112,327883.9
1753600125624,07:08:45.624,binance,AEVO/USDT:USDT,0.1119,32334.3,0.1118,108974.7,0.112,299890.2,0.1121,148589.7
1753600125727,07:08:45.727,binance,AEVO/USDT:USDT,0.1119,28100.8,0.1118,110766.0,0.112,299890.2,0.1121,149486.2
1753600125847,07:08:45.847,binance,AEVO/USDT:USDT,0.1119,28248.2,0.1118,115158.1,0.112,293348.9,0.1121,156027.4
1753600126142,07:08:46.142,binance,AEVO/USDT:USDT,0.1119,28248.2,0.1118,115158.1,0.112,291557.6,0.1121,156332.7
1753600126311,07:08:46.311,binance,AEVO/USDT:USDT,0.1119,31490.0,0.1118,112051.8,0.112,291649.2,0.1121,156332.7
1753600126445,07:08:46.445,binance,AEVO/USDT:USDT,0.1119,31490.0,0.1118,112051.8,0.112,291649.2,0.1121,165979.8
1753600126548,07:08:46.548,binance,AEVO/USDT:USDT,0.1119,31445.3,0.1118,112051.8,0.112,291780.4,0.1121,161517.6
1753600126831,07:08:46.831,binance,AEVO/USDT:USDT,0.1119,31445.3,0.1118,112051.8,0.112,290887.2,0.1121,151870.5
1753600127102,07:08:47.102,binance,AEVO/USDT:USDT,0.1119,31445.3,0.1118,112130.4,0.112,290887.2,0.1121,151870.5
1753600127469,07:08:47.469,binance,AEVO/USDT:USDT,0.1119,31445.3,0.1118,112130.4,0.112,281632.3,0.1121,132929.7
1753600127571,07:08:47.571,binance,AEVO/USDT:USDT,0.1119,31490.0,0.1118,112130.4,0.112,290887.2,0.1121,130071.3
1753600127674,07:08:47.674,binance,AEVO/USDT:USDT,0.1119,31490.0,0.1118,112130.4,0.112,290887.2,0.1121,130071.3
1753600127822,07:08:47.822,binance,AEVO/USDT:USDT,0.1119,31490.0,0.1118,112130.4,0.112,289523.7,0.1121,130071.3
1753600127996,07:08:47.996,binance,AEVO/USDT:USDT,0.1119,28121.6,0.1118,112130.4,0.112,289990.7,0.1121,130071.3
1753600128112,07:08:48.112,binance,AEVO/USDT:USDT,0.1119,28121.6,0.1118,112130.4,0.112,289990.7,0.1121,130071.3
1753600128265,07:08:48.265,binance,AEVO/USDT:USDT,0.1119,28103.1,0.1118,112130.4,0.112,289990.7,0.1121,140015.1
1753600128379,07:08:48.379,binance,AEVO/USDT:USDT,0.1119,26789.5,0.1118,112130.4,0.112,290883.9,0.1121,140015.1
1753600128550,07:08:48.550,binance,AEVO/USDT:USDT,0.1119,26789.5,0.1118,112130.4,0.112,290883.9,0.1121,140015.1
1753600128663,07:08:48.663,binance,AEVO/USDT:USDT,0.1119,26789.5,0.1118,112130.4,0.112,290883.9,0.1121,140015.1
1753600128807,07:08:48.807,binance,AEVO/USDT:USDT,0.1119,26789.5,0.1118,112130.4,0.112,289990.7,0.1121,140015.1
1753600129282,07:08:49.282,binance,AEVO/USDT:USDT,0.1119,26789.5,0.1118,112130.4,0.112,289990.7,0.1121,140015.1
1753600129466,07:08:49.466,binance,AEVO/USDT:USDT,0.1119,26789.5,0.1118,112130.4,0.112,289990.7,0.1121,142691.2
1753600129600,07:08:49.600,binance,AEVO/USDT:USDT,0.1119,26789.5,0.1118,112130.4,0.112,289990.7,0.1121,142691.2
1753600129703,07:08:49.703,binance,AEVO/USDT:USDT,0.1119,28094.7,0.1118,112130.4,0.112,289990.7,0.1121,142691.2
1753600129832,07:08:49.832,binance,AEVO/USDT:USDT,0.1119,28094.7,0.1118,112130.4,0.112,289990.7,0.1121,142691.2
1753600130273,07:08:50.273,binance,AEVO/USDT:USDT,0.1119,28094.7,0.1118,112130.4,0.112,289990.7,0.1121,144476.8
1753600130376,07:08:50.376,binance,AEVO/USDT:USDT,0.1119,28094.7,0.1118,112130.4,0.112,289990.7,0.1121,144476.8
1753600130502,07:08:50.502,binance,AEVO/USDT:USDT,0.1119,28094.7,0.1118,112130.4,0.112,289990.7,0.1121,144476.8
1753600130910,07:08:50.910,binance,AEVO/USDT:USDT,0.1119,28139.4,0.1118,112130.4,0.112,298315.2,0.1121,140015.1
1753600131014,07:08:51.014,binance,AEVO/USDT:USDT,0.1119,27095.3,0.1118,112130.4,0.112,302681.3,0.1121,140015.1
1753600131165,07:08:51.165,binance,AEVO/USDT:USDT,0.1119,27095.3,0.1118,112130.4,0.112,302681.3,0.1121,153898.5
1753600131280,07:08:51.280,binance,AEVO/USDT:USDT,0.1119,27095.3,0.1118,112130.4,0.112,302681.3,0.1121,156574.6
1753600131403,07:08:51.403,binance,AEVO/USDT:USDT,0.1119,27050.4,0.1118,112130.4,0.112,302681.3,0.1121,156574.6
1753600131934,07:08:51.934,binance,AEVO/USDT:USDT,0.1119,27095.1,0.1118,112019.9,0.112,302726.2,0.1121,137209.1
1753600132082,07:08:52.082,binance,AEVO/USDT:USDT,0.1119,27095.1,0.1118,112019.9,0.112,302259.2,0.1121,134533.0
1753600132223,07:08:52.223,binance,AEVO/USDT:USDT,0.1119,27095.1,0.1118,112019.9,0.112,302259.2,0.1121,134533.0
1753600132525,07:08:52.525,binance,AEVO/USDT:USDT,0.1119,27095.1,0.1118,112019.9,0.112,302726.2,0.1121,134533.0
1753600132722,07:08:52.722,binance,AEVO/USDT:USDT,0.1119,27095.1,0.1118,112019.9,0.112,302259.2,0.1121,134533.0
1753600132991,07:08:52.991,binance,AEVO/USDT:USDT,0.1119,27095.1,0.1118,112130.9,0.112,302259.2,0.1121,130071.3
1753600133265,07:08:53.265,binance,AEVO/USDT:USDT,0.1119,27095.1,0.1118,123262.5,0.112,293004.3,0.1121,114163.6
1753600133602,07:08:53.602,binance,AEVO/USDT:USDT,0.1119,27095.1,0.1118,112130.9,0.112,293004.3,0.1121,114163.6
1753600134202,07:08:54.202,binance,AEVO/USDT:USDT,0.1119,27095.1,0.1118,112130.9,0.112,293004.3,0.1121,114163.6
1753600134313,07:08:54.313,binance,AEVO/USDT:USDT,0.1119,27095.1,0.1118,112130.9,0.112,293004.3,0.1121,114163.6
1753600134438,07:08:54.438,binance,AEVO/USDT:USDT,0.1121,42526.4,0.112,123875.6,0.1122,26646.1,0.1123,64364.1
1753600134539,07:08:54.539,binance,AEVO/USDT:USDT,0.1121,53150.4,0.112,129575.7,0.1122,28268.3,0.1123,59911.4
1753600134643,07:08:54.643,binance,AEVO/USDT:USDT,0.1121,46433.0,0.112,134036.6,0.1122,28178.3,0.1123,66561.8
1753600134747,07:08:54.747,binance,AEVO/USDT:USDT,0.1121,34870.2,0.112,130081.8,0.1122,47311.6,0.1123,66561.8
1753600134850,07:08:54.850,binance,AEVO/USDT:USDT,0.1121,36741.9,0.112,130228.9,0.1122,47684.6,0.1123,66561.8
1753600134972,07:08:54.972,binance,AEVO/USDT:USDT,0.1121,32982.5,0.112,130228.9,0.1122,47684.6,0.1123,66561.8
1753600135106,07:08:55.106,binance,AEVO/USDT:USDT,0.1121,31110.8,0.112,130228.9,0.1122,47765.3,0.1123,75966.6
1753600135472,07:08:55.472,binance,AEVO/USDT:USDT,0.1121,31110.8,0.112,130228.9,0.1122,48232.3,0.1123,80710.6
1753600135576,07:08:55.576,binance,AEVO/USDT:USDT,0.1121,32886.8,0.112,130228.9,0.1122,48232.3,0.1123,80710.6
1753600135764,07:08:55.764,binance,AEVO/USDT:USDT,0.1121,32886.8,0.112,130228.9,0.1122,48232.3,0.1123,81607.1
1753600135896,07:08:55.896,binance,AEVO/USDT:USDT,0.1121,32886.8,0.112,130335.8,0.1122,48232.3,0.1123,81607.1
1753600136217,07:08:56.217,binance,AEVO/USDT:USDT,0.1121,31110.8,0.112,130335.8,0.1122,50549.1,0.1123,81607.1
1753600136322,07:08:56.322,binance,AEVO/USDT:USDT,0.1121,32831.4,0.112,130335.8,0.1122,48232.3,0.1123,81607.1
1753600136432,07:08:56.432,binance,AEVO/USDT:USDT,0.1121,31066.1,0.112,130335.8,0.1122,47765.3,0.1123,81607.1
1753600136534,07:08:56.534,binance,AEVO/USDT:USDT,0.1121,33157.7,0.112,130335.8,0.1122,47765.3,0.1123,81607.1
1753600136884,07:08:56.884,binance,AEVO/USDT:USDT,0.1121,33157.7,0.112,130335.8,0.1122,47765.3,0.1123,81607.1
1753600137002,07:08:57.002,binance,AEVO/USDT:USDT,0.1121,33157.7,0.112,130335.8,0.1122,47765.3,0.1123,81607.1
1753600137297,07:08:57.297,binance,AEVO/USDT:USDT,0.1121,33157.7,0.112,130335.8,0.1122,47765.3,0.1123,81607.1
1753600137465,07:08:57.465,binance,AEVO/USDT:USDT,0.1121,33164.5,0.112,130335.8,0.1122,47765.3,0.1123,81607.1
1753600137671,07:08:57.671,binance,AEVO/USDT:USDT,0.1121,33209.2,0.112,130335.8,0.1122,48656.9,0.1123,81607.1
1753600137784,07:08:57.784,binance,AEVO/USDT:USDT,0.1121,33463.2,0.112,130081.8,0.1122,48656.9,0.1123,81607.1
1753600138032,07:08:58.032,binance,AEVO/USDT:USDT,0.1121,33463.2,0.112,130081.8,0.1122,48656.9,0.1123,81607.1
1753600138185,07:08:58.185,binance,AEVO/USDT:USDT,0.1121,33463.2,0.112,130081.8,0.1122,48656.9,0.1123,81607.1
1753600138413,07:08:58.413,binance,AEVO/USDT:USDT,0.1121,33463.2,0.112,130081.8,0.1122,49548.5,0.1123,81605.4
1753600138592,07:08:58.592,binance,AEVO/USDT:USDT,0.1121,33463.2,0.112,130081.8,0.1122,49548.5,0.1123,81605.4
1753600138743,07:08:58.743,binance,AEVO/USDT:USDT,0.1121,31015.1,0.112,130335.8,0.1122,53523.4,0.1123,98691.4
1753600138862,07:08:58.862,binance,AEVO/USDT:USDT,0.1121,32950.1,0.112,130335.8,0.1122,53523.4,0.1123,97739.7
1753600138994,07:08:58.994,binance,AEVO/USDT:USDT,0.1121,32950.1,0.112,130335.8,0.1122,53523.4,0.1123,97739.7
1753600139107,07:08:59.107,binance,AEVO/USDT:USDT,0.1121,32952.0,0.112,130335.8,0.1122,53523.4,0.1123,97739.7
1753600139237,07:08:59.237,binance,AEVO/USDT:USDT,0.1121,32952.0,0.112,130335.8,0.1122,53523.4,0.1123,97739.7
1753600139517,07:08:59.517,binance,AEVO/USDT:USDT,0.1121,32910.3,0.112,130335.8,0.1122,53523.4,0.1123,97739.7
1753600139662,07:08:59.662,binance,AEVO/USDT:USDT,0.1121,32910.3,0.112,130335.8,0.1122,53523.4,0.1123,97739.7
1753600139764,07:08:59.764,binance,AEVO/USDT:USDT,0.1121,32910.3,0.112,130335.8,0.1122,53523.4,0.1123,97739.7
1753600139902,07:08:59.902,binance,AEVO/USDT:USDT,0.1121,32910.3,0.112,130335.8,0.1122,53523.4,0.1123,97739.7
1753600140011,07:09:00.011,binance,AEVO/USDT:USDT,0.1121,32910.3,0.112,130335.8,0.1122,53523.4,0.1123,97739.7
1753600140165,07:09:00.165,binance,AEVO/USDT:USDT,0.1121,32955.0,0.112,130335.8,0.1122,53990.4,0.1123,97739.7
1753600140271,07:09:00.271,binance,AEVO/USDT:USDT,0.1121,18308.8,0.112,130335.8,0.1122,54415.0,0.1123,97739.7
1753600140373,07:09:00.373,binance,AEVO/USDT:USDT,0.1121,18051.1,0.112,124003.0,0.1122,54882.0,0.1123,102198.0
1753600140496,07:09:00.496,binance,AEVO/USDT:USDT,0.112,82569.6,0.1119,147758.7,0.1121,19610.3,0.1122,93393.7
1753600140607,07:09:00.607,binance,AEVO/USDT:USDT,0.112,86329.0,0.1119,137046.7,0.1121,892.4,0.1122,90698.1
1753600140714,07:09:00.714,binance,AEVO/USDT:USDT,0.1121,17795.5,0.112,121194.0,0.1122,69527.7,0.1123,98152.9
1753600140817,07:09:00.817,binance,AEVO/USDT:USDT,0.1121,35741.9,0.112,128922.8,0.1122,58335.3,0.1123,93701.4
1753600140948,07:09:00.948,binance,AEVO/USDT:USDT,0.1121,47954.8,0.112,150063.1,0.1122,55533.2,0.1123,68443.9
1753600141057,07:09:01.057,binance,AEVO/USDT:USDT,0.1121,55718.8,0.112,164386.8,0.1122,50711.4,0.1123,69395.6
1753600141165,07:09:01.165,binance,AEVO/USDT:USDT,0.1121,49001.4,0.112,179962.0,0.1122,50711.4,0.1123,76015.5
1753600141292,07:09:01.292,binance,AEVO/USDT:USDT,0.1121,49001.4,0.112,179962.0,0.1122,50711.4,0.1123,76015.5
1753600141406,07:09:01.406,binance,AEVO/USDT:USDT,0.1121,49001.4,0.112,180565.7,0.1122,50711.4,0.1123,76015.5
1753600141512,07:09:01.512,binance,AEVO/USDT:USDT,0.1121,49001.4,0.112,180565.7,0.1122,50711.4,0.1123,76015.5
1753600141635,07:09:01.635,binance,AEVO/USDT:USDT,0.1121,49001.4,0.112,180860.1,0.1122,47465.6,0.1123,89344.2
1753600141737,07:09:01.737,binance,AEVO/USDT:USDT,0.1121,45259.1,0.112,180860.1,0.1122,47465.6,0.1123,76015.5
1753600141847,07:09:01.847,binance,AEVO/USDT:USDT,0.1121,45516.6,0.112,180860.1,0.1122,47465.6,0.1123,76015.5
1753600142104,07:09:02.104,binance,AEVO/USDT:USDT,0.1121,45516.6,0.112,180800.1,0.1122,47434.9,0.1123,76015.5
1753600142423,07:09:02.423,binance,AEVO/USDT:USDT,0.1121,46024.7,0.112,180800.1,0.1122,47479.6,0.1123,89406.7
1753600142527,07:09:02.527,binance,AEVO/USDT:USDT,0.1121,46024.7,0.112,179258.7,0.1122,47479.6,0.1123,88719.0
1753600142649,07:09:02.649,binance,AEVO/USDT:USDT,0.1121,45767.2,0.112,151906.1,0.1122,49883.6,0.1123,88719.0
1753600142773,07:09:02.773,binance,AEVO/USDT:USDT,0.1121,42007.8,0.112,151906.1,0.1122,49883.6,0.1123,88719.0
