timestamp,time,exchange,symbol,bid1_price,bid1_volume,bid2_price,bid2_volume,ask1_price,ask1_volume,ask2_price,ask2_volume
1753599983804,07:06:23.804,binance,ACH/USDT:USDT,0.023178,15719.0,0.023177,4569.0,0.023179,781.0,0.023181,1033.0
1753599983932,07:06:23.932,binance,ACH/USDT:USDT,0.023178,15719.0,0.023177,4569.0,0.023179,781.0,0.02318,640.0
1753599984072,07:06:24.072,binance,ACH/USDT:USDT,0.023178,15719.0,0.023177,4569.0,0.023179,781.0,0.02318,640.0
1753599984177,07:06:24.177,binance,ACH/USDT:USDT,0.023178,15719.0,0.023177,4569.0,0.023179,781.0,0.02318,640.0
1753599984288,07:06:24.288,binance,ACH/USDT:USDT,0.023178,15719.0,0.023177,4569.0,0.023179,781.0,0.02318,640.0
1753599984730,07:06:24.730,binance,ACH/USDT:USDT,0.023178,14380.0,0.023177,4569.0,0.023179,781.0,0.02318,640.0
1753599984833,07:06:24.833,binance,ACH/USDT:USDT,0.023178,14380.0,0.023177,4569.0,0.023179,781.0,0.02318,640.0
1753599984966,07:06:24.966,binance,ACH/USDT:USDT,0.023178,14380.0,0.023177,4569.0,0.023179,781.0,0.02318,640.0
1753599985216,07:06:25.216,binance,ACH/USDT:USDT,0.023178,14380.0,0.023177,4569.0,0.023179,781.0,0.02318,640.0
1753599985318,07:06:25.318,binance,ACH/USDT:USDT,0.023178,14380.0,0.023177,4569.0,0.023179,1008.0,0.02318,640.0
1753599985422,07:06:25.422,binance,ACH/USDT:USDT,0.023178,14380.0,0.023177,4569.0,0.023179,1008.0,0.02318,640.0
1753599985546,07:06:25.546,binance,ACH/USDT:USDT,0.023178,14380.0,0.023177,4569.0,0.023179,1008.0,0.02318,640.0
1753599986224,07:06:26.224,binance,ACH/USDT:USDT,0.023178,13006.0,0.023177,4569.0,0.023179,1008.0,0.02318,640.0
1753599986402,07:06:26.402,binance,ACH/USDT:USDT,0.023178,13006.0,0.023177,4569.0,0.023179,1008.0,0.02318,640.0
1753599986602,07:06:26.602,binance,ACH/USDT:USDT,0.023178,13006.0,0.023177,4569.0,0.023179,1008.0,0.02318,640.0
1753599987002,07:06:27.002,binance,ACH/USDT:USDT,0.023178,13006.0,0.023177,4569.0,0.023179,1008.0,0.02318,640.0
1753599987107,07:06:27.107,binance,ACH/USDT:USDT,0.023177,4569.0,0.023176,7327.0,0.023179,1008.0,0.02318,640.0
1753599987216,07:06:27.216,binance,ACH/USDT:USDT,0.023177,14021.0,0.023176,7327.0,0.023179,1008.0,0.02318,640.0
1753599987453,07:06:27.453,binance,ACH/USDT:USDT,0.023177,14021.0,0.023176,7327.0,0.023179,1008.0,0.02318,640.0
1753599988081,07:06:28.081,binance,ACH/USDT:USDT,0.023177,14021.0,0.023176,9851.0,0.023179,1008.0,0.02318,640.0
1753599988417,07:06:28.417,binance,ACH/USDT:USDT,0.023177,18309.0,0.023176,9851.0,0.023179,1390.0,0.02318,640.0
1753599988573,07:06:28.573,binance,ACH/USDT:USDT,0.023177,18309.0,0.023176,9851.0,0.023179,1390.0,0.02318,640.0
1753599988699,07:06:28.699,binance,ACH/USDT:USDT,0.023177,18309.0,0.023176,9851.0,0.023179,1390.0,0.02318,640.0
1753599989516,07:06:29.516,binance,ACH/USDT:USDT,0.023177,18309.0,0.023176,6895.0,0.023179,250085.0,0.02318,640.0
1753599990206,07:06:30.206,binance,ACH/USDT:USDT,0.023177,18006.0,0.023176,5812.0,0.023178,1538.0,0.023179,250073.0
1753599990325,07:06:30.325,binance,ACH/USDT:USDT,0.023177,18006.0,0.023176,5812.0,0.023178,1538.0,0.023179,250073.0
1753599991302,07:06:31.302,binance,ACH/USDT:USDT,0.023177,18006.0,0.023176,5812.0,0.023178,1538.0,0.023179,250073.0
1753599991448,07:06:31.448,binance,ACH/USDT:USDT,0.023177,18006.0,0.023176,5812.0,0.023178,1538.0,0.023179,250073.0
1753599991902,07:06:31.902,binance,ACH/USDT:USDT,0.023177,5000.0,0.023176,5812.0,0.023178,1538.0,0.023179,250073.0
1753599992014,07:06:32.014,binance,ACH/USDT:USDT,0.023177,18006.0,0.023176,5812.0,0.023178,1538.0,0.023179,250073.0
1753599992212,07:06:32.212,binance,ACH/USDT:USDT,0.023177,18006.0,0.023176,5812.0,0.023178,1538.0,0.023179,250073.0
1753599992386,07:06:32.386,binance,ACH/USDT:USDT,0.023177,18006.0,0.023176,5812.0,0.023178,1538.0,0.023179,250073.0
1753599992515,07:06:32.515,binance,ACH/USDT:USDT,0.023177,18006.0,0.023176,5812.0,0.023178,250299.0,0.023179,1378.0
1753599992617,07:06:32.617,binance,ACH/USDT:USDT,0.023179,8598.0,0.023178,9117.0,0.02318,970.0,0.023181,651.0
1753599992719,07:06:32.719,binance,ACH/USDT:USDT,0.02318,4938.0,0.023179,8824.0,0.023184,1073.0,0.023185,651.0
1753599992831,07:06:32.831,binance,ACH/USDT:USDT,0.023182,3855.0,0.023181,4741.0,0.023188,634.0,0.023189,11081.0
1753599992933,07:06:32.933,binance,ACH/USDT:USDT,0.023182,4718.0,0.023181,4741.0,0.023188,332.0,0.023189,15969.0
1753599993083,07:06:33.083,binance,ACH/USDT:USDT,0.023182,4718.0,0.023181,4741.0,0.023188,332.0,0.023189,15969.0
1753599993214,07:06:33.214,binance,ACH/USDT:USDT,0.023182,17724.0,0.023181,4741.0,0.023188,332.0,0.023189,23204.0
1753599993383,07:06:33.383,binance,ACH/USDT:USDT,0.023182,17724.0,0.023181,4741.0,0.023188,332.0,0.023189,23204.0
1753599993708,07:06:33.708,binance,ACH/USDT:USDT,0.023182,17724.0,0.023181,4741.0,0.023188,332.0,0.023189,23204.0
1753599993833,07:06:33.833,binance,ACH/USDT:USDT,0.023182,17724.0,0.023181,4741.0,0.023188,332.0,0.023189,23204.0
1753599994104,07:06:34.104,binance,ACH/USDT:USDT,0.023182,17724.0,0.023181,4741.0,0.023188,332.0,0.023189,23204.0
1753599994207,07:06:34.207,binance,ACH/USDT:USDT,0.023183,2610.0,0.023182,16586.0,0.023188,2810.0,0.023189,22772.0
1753599994429,07:06:34.429,binance,ACH/USDT:USDT,0.023183,14533.0,0.023182,3580.0,0.023188,2810.0,0.023189,22772.0
1753599994602,07:06:34.602,binance,ACH/USDT:USDT,0.023183,14533.0,0.023182,3580.0,0.023188,2478.0,0.023189,22772.0
1753599994705,07:06:34.705,binance,ACH/USDT:USDT,0.023183,14533.0,0.023182,3580.0,0.023188,2478.0,0.023189,22772.0
1753599994807,07:06:34.807,binance,ACH/USDT:USDT,0.023183,14533.0,0.023182,3580.0,0.023188,2478.0,0.023189,22772.0
1753599994910,07:06:34.910,binance,ACH/USDT:USDT,0.023183,13006.0,0.023181,2671.0,0.023187,15902.0,0.023188,8449.0
1753599995014,07:06:35.014,binance,ACH/USDT:USDT,0.023183,13006.0,0.023181,2671.0,0.023187,15902.0,0.023188,8449.0
1753599995124,07:06:35.124,binance,ACH/USDT:USDT,0.023183,13006.0,0.023181,2671.0,0.023187,15902.0,0.023188,8449.0
1753599995227,07:06:35.227,binance,ACH/USDT:USDT,0.023183,13006.0,0.023181,2671.0,0.023187,15902.0,0.023188,8449.0
1753599995343,07:06:35.343,binance,ACH/USDT:USDT,0.023183,13006.0,0.023181,2671.0,0.023187,15902.0,0.023188,8449.0
1753599995445,07:06:35.445,binance,ACH/USDT:USDT,0.023181,712.0,0.02318,1083.0,0.023187,15902.0,0.023188,8449.0
1753599995549,07:06:35.549,binance,ACH/USDT:USDT,0.023181,13718.0,0.02318,2629.0,0.023187,15902.0,0.023188,8751.0
1753599995664,07:06:35.664,binance,ACH/USDT:USDT,0.023181,13718.0,0.02318,2629.0,0.023187,15902.0,0.023188,8751.0
1753599995818,07:06:35.818,binance,ACH/USDT:USDT,0.023181,13718.0,0.02318,1546.0,0.023182,14982.0,0.023184,6061.0
1753599995921,07:06:35.921,binance,ACH/USDT:USDT,0.023181,13718.0,0.023179,17422.0,0.023182,14982.0,0.023184,6363.0
1753599996102,07:06:36.102,binance,ACH/USDT:USDT,0.023181,13718.0,0.023179,17422.0,0.023182,14982.0,0.023184,6363.0
1753599996293,07:06:36.293,binance,ACH/USDT:USDT,0.023181,13718.0,0.023179,17422.0,0.023182,14982.0,0.023184,6363.0
1753599996398,07:06:36.398,binance,ACH/USDT:USDT,0.023181,13718.0,0.023179,17422.0,0.023182,14982.0,0.023183,342.0
1753599996703,07:06:36.703,binance,ACH/USDT:USDT,0.023181,712.0,0.023179,12912.0,0.023182,14982.0,0.023183,342.0
1753599996808,07:06:36.808,binance,ACH/USDT:USDT,0.023181,13718.0,0.023179,12912.0,0.023182,14982.0,0.023183,342.0
1753599996925,07:06:36.925,binance,ACH/USDT:USDT,0.023181,13718.0,0.023179,12912.0,0.023182,14982.0,0.023184,734.0
1753599997071,07:06:37.071,binance,ACH/USDT:USDT,0.023181,13718.0,0.023179,12912.0,0.023182,14982.0,0.023184,734.0
1753599997222,07:06:37.222,binance,ACH/USDT:USDT,0.023181,13718.0,0.023179,12912.0,0.023182,17004.0,0.023184,734.0
1753599997324,07:06:37.324,binance,ACH/USDT:USDT,0.023181,13718.0,0.023179,12912.0,0.023182,17004.0,0.023184,734.0
1753599997428,07:06:37.428,binance,ACH/USDT:USDT,0.023181,13718.0,0.023179,12912.0,0.023182,17004.0,0.023183,822.0
1753599997531,07:06:37.531,binance,ACH/USDT:USDT,0.023181,13718.0,0.023179,12912.0,0.023182,17004.0,0.023183,822.0
1753599997687,07:06:37.687,binance,ACH/USDT:USDT,0.023181,13718.0,0.023179,12912.0,0.023182,17004.0,0.023183,822.0
1753599997870,07:06:37.870,binance,ACH/USDT:USDT,0.023181,712.0,0.023179,12912.0,0.023182,18582.0,0.023183,822.0
1753599997972,07:06:37.972,binance,ACH/USDT:USDT,0.023181,13718.0,0.023179,12912.0,0.023182,18582.0,0.023183,822.0
1753599998075,07:06:38.075,binance,ACH/USDT:USDT,0.023181,13718.0,0.023179,12912.0,0.023182,18582.0,0.023183,822.0
1753599998328,07:06:38.328,binance,ACH/USDT:USDT,0.023181,13718.0,0.023179,12912.0,0.023182,31482.0,0.023184,6363.0
1753599998431,07:06:38.431,binance,ACH/USDT:USDT,0.023181,13718.0,0.023179,12912.0,0.023182,31482.0,0.023184,6363.0
1753599998551,07:06:38.551,binance,ACH/USDT:USDT,0.023181,13718.0,0.023179,12912.0,0.023182,31482.0,0.023184,6363.0
1753599998654,07:06:38.654,binance,ACH/USDT:USDT,0.023181,13718.0,0.023179,12912.0,0.023182,31482.0,0.023184,6363.0
1753599998926,07:06:38.926,binance,ACH/USDT:USDT,0.023181,13718.0,0.023179,2483.0,0.023182,31482.0,0.023183,815.0
1753599999083,07:06:39.083,binance,ACH/USDT:USDT,0.023181,712.0,0.023179,2483.0,0.023182,31482.0,0.023183,815.0
1753599999193,07:06:39.193,binance,ACH/USDT:USDT,0.023181,13718.0,0.023179,5231.0,0.023182,31482.0,0.023183,815.0
1753599999302,07:06:39.302,binance,ACH/USDT:USDT,0.023181,13718.0,0.023179,5231.0,0.023182,31480.0,0.023184,734.0
1753599999480,07:06:39.480,binance,ACH/USDT:USDT,0.023181,13718.0,0.023179,5231.0,0.023182,38611.0,0.023184,734.0
1753599999584,07:06:39.584,binance,ACH/USDT:USDT,0.023181,13718.0,0.023179,5231.0,0.023182,38611.0,0.023184,734.0
1753599999809,07:06:39.809,binance,ACH/USDT:USDT,0.023181,7925.0,0.023179,2483.0,0.023182,38611.0,0.023183,805.0
1753599999912,07:06:39.912,binance,ACH/USDT:USDT,0.023181,7925.0,0.023179,2483.0,0.023182,38611.0,0.023183,805.0
1753600000020,07:06:40.020,binance,ACH/USDT:USDT,0.023181,7925.0,0.023179,2483.0,0.023182,38611.0,0.023183,805.0
1753600000202,07:06:40.202,binance,ACH/USDT:USDT,0.023181,7925.0,0.023179,2483.0,0.023182,38611.0,0.023183,805.0
1753600000313,07:06:40.313,binance,ACH/USDT:USDT,0.023179,2051.0,0.023177,2951.0,0.023182,38613.0,0.023183,1024.0
1753600000415,07:06:40.415,binance,ACH/USDT:USDT,0.02318,1083.0,0.023179,21963.0,0.023182,19590.0,0.023183,1024.0
1753600000525,07:06:40.525,binance,ACH/USDT:USDT,0.02318,18318.0,0.023179,14691.0,0.023182,19590.0,0.023183,219.0
1753600000632,07:06:40.632,binance,ACH/USDT:USDT,0.02318,18318.0,0.023179,15912.0,0.023182,9222.0,0.023183,219.0
1753600000859,07:06:40.859,binance,ACH/USDT:USDT,0.02318,16127.0,0.023179,14385.0,0.023182,9222.0,0.023183,219.0
1753600001007,07:06:41.007,binance,ACH/USDT:USDT,0.02318,17654.0,0.023179,17102.0,0.023182,9222.0,0.023183,219.0
1753600001148,07:06:41.148,binance,ACH/USDT:USDT,0.02318,863.0,0.023179,8637.0,0.023182,10021.0,0.023183,219.0
1753600001252,07:06:41.252,binance,ACH/USDT:USDT,0.02318,863.0,0.023179,8637.0,0.023182,10021.0,0.023183,219.0
1753600001384,07:06:41.384,binance,ACH/USDT:USDT,0.02318,863.0,0.023179,8637.0,0.023182,10290.0,0.023183,219.0
1753600001516,07:06:41.516,binance,ACH/USDT:USDT,0.02318,8788.0,0.023179,712.0,0.023182,10290.0,0.023183,219.0
1753600001769,07:06:41.769,binance,ACH/USDT:USDT,0.02318,8788.0,0.023179,712.0,0.023182,9491.0,0.023183,219.0
1753600001875,07:06:41.875,binance,ACH/USDT:USDT,0.02318,8788.0,0.023179,712.0,0.023182,9491.0,0.023183,219.0
1753600002302,07:06:42.302,binance,ACH/USDT:USDT,0.02318,8788.0,0.023179,712.0,0.023182,10285.0,0.023183,219.0
1753600002491,07:06:42.491,binance,ACH/USDT:USDT,0.02318,8788.0,0.023179,712.0,0.023182,10285.0,0.023183,219.0
1753600002715,07:06:42.715,binance,ACH/USDT:USDT,0.02318,863.0,0.023179,712.0,0.023182,10285.0,0.023183,219.0
1753600002823,07:06:42.823,binance,ACH/USDT:USDT,0.02318,8788.0,0.023179,3429.0,0.023182,10285.0,0.023183,219.0
1753600002926,07:06:42.926,binance,ACH/USDT:USDT,0.02318,8788.0,0.023179,6177.0,0.023182,9491.0,0.023183,219.0
1753600003033,07:06:43.033,binance,ACH/USDT:USDT,0.02318,8788.0,0.023179,6177.0,0.023182,9491.0,0.023183,219.0
1753600003150,07:06:43.150,binance,ACH/USDT:USDT,0.02318,8788.0,0.023179,6177.0,0.023182,9491.0,0.023183,219.0
1753600003402,07:06:43.402,binance,ACH/USDT:USDT,0.02318,8788.0,0.023179,6177.0,0.023182,9491.0,0.023183,219.0
1753600003528,07:06:43.528,binance,ACH/USDT:USDT,0.02318,8788.0,0.023179,7516.0,0.023182,10278.0,0.023183,219.0
1753600003631,07:06:43.631,binance,ACH/USDT:USDT,0.02318,8788.0,0.023179,7516.0,0.023182,10278.0,0.023183,219.0
1753600004016,07:06:44.016,binance,ACH/USDT:USDT,0.023179,9976.0,0.023177,2341.0,0.023182,9491.0,0.023183,219.0
1753600004121,07:06:44.121,binance,ACH/USDT:USDT,0.023179,9976.0,0.023177,5089.0,0.023182,9491.0,0.023183,219.0
1753600004502,07:06:44.502,binance,ACH/USDT:USDT,0.023179,9976.0,0.023177,5089.0,0.023182,10281.0,0.023183,219.0
1753600004606,07:06:44.606,binance,ACH/USDT:USDT,0.023179,13530.0,0.023177,5089.0,0.023182,12759.0,0.023183,219.0
1753600004989,07:06:44.989,binance,ACH/USDT:USDT,0.023179,17447.0,0.023178,5465.0,0.023182,12759.0,0.023183,219.0
1753600005091,07:06:45.091,binance,ACH/USDT:USDT,0.023179,9522.0,0.023178,5465.0,0.023182,12759.0,0.023183,219.0
1753600005203,07:06:45.203,binance,ACH/USDT:USDT,0.023179,17447.0,0.023178,5465.0,0.023182,11969.0,0.023183,219.0
1753600005713,07:06:45.713,binance,ACH/USDT:USDT,0.023179,13530.0,0.023177,2341.0,0.023182,12764.0,0.023183,219.0
1753600005821,07:06:45.821,binance,ACH/USDT:USDT,0.023179,13530.0,0.023177,2341.0,0.023182,12764.0,0.023183,219.0
1753600005938,07:06:45.938,binance,ACH/USDT:USDT,0.023179,13530.0,0.023177,2341.0,0.023182,12764.0,0.023183,219.0
1753600006042,07:06:46.042,binance,ACH/USDT:USDT,0.023179,13530.0,0.023177,2341.0,0.023182,12764.0,0.023183,219.0
1753600006149,07:06:46.149,binance,ACH/USDT:USDT,0.023179,13530.0,0.023177,5089.0,0.023182,12764.0,0.023183,219.0
1753600006252,07:06:46.252,binance,ACH/USDT:USDT,0.023179,5605.0,0.023177,5089.0,0.023182,12764.0,0.023183,219.0
1753600006417,07:06:46.417,binance,ACH/USDT:USDT,0.023179,13530.0,0.023177,5089.0,0.023182,12764.0,0.023183,219.0
1753600006802,07:06:46.802,binance,ACH/USDT:USDT,0.023179,13530.0,0.023177,2341.0,0.023182,12764.0,0.023183,219.0
1753600006907,07:06:46.907,binance,ACH/USDT:USDT,0.023179,13530.0,0.023177,2341.0,0.023182,15764.0,0.023183,219.0
1753600007025,07:06:47.025,binance,ACH/USDT:USDT,0.023179,13530.0,0.023177,2341.0,0.023182,15764.0,0.023183,219.0
1753600007252,07:06:47.252,binance,ACH/USDT:USDT,0.023179,12818.0,0.023177,2341.0,0.023181,10326.0,0.023182,15764.0
1753600007365,07:06:47.365,binance,ACH/USDT:USDT,0.023177,1690.0,0.023176,1332.0,0.023178,14018.0,0.023179,13326.0
1753600007469,07:06:47.469,binance,ACH/USDT:USDT,0.023177,1690.0,0.023176,1332.0,0.023178,14405.0,0.023179,13326.0
1753600007578,07:06:47.578,binance,ACH/USDT:USDT,0.023177,1690.0,0.023176,1332.0,0.023178,14405.0,0.023179,13326.0
1753600007688,07:06:47.688,binance,ACH/USDT:USDT,0.023177,1690.0,0.023176,1332.0,0.023178,14405.0,0.023179,13326.0
1753600007893,07:06:47.893,binance,ACH/USDT:USDT,0.023177,1690.0,0.023176,4080.0,0.023178,387.0,0.02318,9695.0
1753600007996,07:06:47.996,binance,ACH/USDT:USDT,0.023177,978.0,0.023176,1332.0,0.023181,3000.0,0.023182,12764.0
1753600008302,07:06:48.302,binance,ACH/USDT:USDT,0.023177,978.0,0.023176,1332.0,0.023181,4543.0,0.023182,12764.0
1753600008404,07:06:48.404,binance,ACH/USDT:USDT,0.023177,978.0,0.023176,1332.0,0.023181,4543.0,0.023182,12764.0
1753600008702,07:06:48.702,binance,ACH/USDT:USDT,0.023177,978.0,0.023176,1332.0,0.023181,4543.0,0.023182,12764.0
1753600008808,07:06:48.808,binance,ACH/USDT:USDT,0.023177,978.0,0.023176,1332.0,0.023181,4543.0,0.023182,12764.0
1753600008918,07:06:48.918,binance,ACH/USDT:USDT,0.023177,978.0,0.023176,1332.0,0.023181,4543.0,0.023182,12764.0
1753600009020,07:06:49.020,binance,ACH/USDT:USDT,0.023177,978.0,0.023176,1332.0,0.023181,4543.0,0.023182,12764.0
1753600009132,07:06:49.132,binance,ACH/USDT:USDT,0.023177,978.0,0.023176,1332.0,0.023181,4543.0,0.023182,12764.0
1753600009302,07:06:49.302,binance,ACH/USDT:USDT,0.023177,978.0,0.023176,1332.0,0.023181,1543.0,0.023182,12764.0
1753600009513,07:06:49.513,binance,ACH/USDT:USDT,0.023177,978.0,0.023176,1332.0,0.023181,1543.0,0.023182,12764.0
1753600009720,07:06:49.720,binance,ACH/USDT:USDT,0.023177,978.0,0.023176,1332.0,0.023182,12764.0,0.023183,219.0
1753600009863,07:06:49.863,binance,ACH/USDT:USDT,0.023177,978.0,0.023176,1332.0,0.023182,12764.0,0.023183,219.0
1753600010002,07:06:50.002,binance,ACH/USDT:USDT,0.023177,978.0,0.023176,1332.0,0.023182,12764.0,0.023183,219.0
1753600010105,07:06:50.105,binance,ACH/USDT:USDT,0.023177,978.0,0.023176,5102.0,0.023182,12764.0,0.023183,219.0
1753600010244,07:06:50.244,binance,ACH/USDT:USDT,0.023177,1413.0,0.023176,5102.0,0.023182,12764.0,0.023183,219.0
1753600010353,07:06:50.353,binance,ACH/USDT:USDT,0.023177,1413.0,0.023176,5102.0,0.023182,12764.0,0.023183,219.0
1753600010532,07:06:50.532,binance,ACH/USDT:USDT,0.023177,2934.0,0.023176,7850.0,0.023182,12764.0,0.023183,219.0
1753600010635,07:06:50.635,binance,ACH/USDT:USDT,0.023177,2934.0,0.023176,7850.0,0.023182,11969.0,0.023183,219.0
1753600010802,07:06:50.802,binance,ACH/USDT:USDT,0.023177,13242.0,0.023176,7850.0,0.023182,11969.0,0.023183,219.0
1753600010907,07:06:50.907,binance,ACH/USDT:USDT,0.023177,13242.0,0.023176,7850.0,0.023182,11969.0,0.023183,219.0
1753600011086,07:06:51.086,binance,ACH/USDT:USDT,0.023177,11715.0,0.023176,3770.0,0.023181,1622.0,0.023182,12345.0
1753600011193,07:06:51.193,binance,ACH/USDT:USDT,0.023177,11715.0,0.023176,3770.0,0.023181,1622.0,0.023182,12345.0
1753600011302,07:06:51.302,binance,ACH/USDT:USDT,0.023177,11715.0,0.023176,3770.0,0.023181,1622.0,0.023182,12345.0
1753600011418,07:06:51.418,binance,ACH/USDT:USDT,0.023177,12578.0,0.023176,3770.0,0.023181,10845.0,0.023182,3123.0
1753600011618,07:06:51.618,binance,ACH/USDT:USDT,0.023177,12578.0,0.023176,3770.0,0.023181,10845.0,0.023182,3123.0
1753600011802,07:06:51.802,binance,ACH/USDT:USDT,0.023177,12578.0,0.023176,3770.0,0.023181,10845.0,0.023182,3123.0
1753600012136,07:06:52.136,binance,ACH/USDT:USDT,0.023177,12578.0,0.023176,6518.0,0.023181,10845.0,0.023182,3123.0
1753600012302,07:06:52.302,binance,ACH/USDT:USDT,0.023177,12578.0,0.023176,6518.0,0.023181,9223.0,0.023182,2747.0
1753600012403,07:06:52.403,binance,ACH/USDT:USDT,0.023177,12275.0,0.023176,6518.0,0.023181,9240.0,0.023182,2747.0
1753600012507,07:06:52.507,binance,ACH/USDT:USDT,0.02318,13668.0,0.023179,863.0,0.023181,9240.0,0.023182,2747.0
1753600012617,07:06:52.617,binance,ACH/USDT:USDT,0.02318,13668.0,0.023179,863.0,0.023181,9240.0,0.023182,2747.0
1753600012812,07:06:52.812,binance,ACH/USDT:USDT,0.02318,13668.0,0.023179,863.0,0.023181,9240.0,0.023182,2747.0
1753600013002,07:06:53.002,binance,ACH/USDT:USDT,0.02318,13668.0,0.023179,863.0,0.023181,9240.0,0.023182,2747.0
1753600013264,07:06:53.264,binance,ACH/USDT:USDT,0.02318,19303.0,0.023179,3611.0,0.023181,7041.0,0.023182,3290.0
1753600013367,07:06:53.367,binance,ACH/USDT:USDT,0.02318,19303.0,0.023179,3611.0,0.023181,7041.0,0.023182,4479.0
1753600013562,07:06:53.562,binance,ACH/USDT:USDT,0.02318,19303.0,0.023179,4280.0,0.023181,7041.0,0.023182,4479.0
1753600013801,07:06:53.801,binance,ACH/USDT:USDT,0.02318,19735.0,0.023179,4280.0,0.023181,7041.0,0.023182,4479.0
1753600014147,07:06:54.147,binance,ACH/USDT:USDT,0.02318,19735.0,0.023179,4280.0,0.023181,7041.0,0.023182,4479.0
1753600014263,07:06:54.263,binance,ACH/USDT:USDT,0.02318,19735.0,0.023179,1532.0,0.023181,7041.0,0.023182,4479.0
1753600014433,07:06:54.433,binance,ACH/USDT:USDT,0.02318,19735.0,0.023179,1532.0,0.023181,7041.0,0.023182,4479.0
1753600014547,07:06:54.547,binance,ACH/USDT:USDT,0.02318,19735.0,0.023179,1532.0,0.023181,7041.0,0.023182,4479.0
1753600014714,07:06:54.714,binance,ACH/USDT:USDT,0.02318,19735.0,0.023179,4280.0,0.023181,7041.0,0.023182,4479.0
1753600014817,07:06:54.817,binance,ACH/USDT:USDT,0.02318,19735.0,0.023179,4280.0,0.023181,7041.0,0.023182,4479.0
1753600014946,07:06:54.946,binance,ACH/USDT:USDT,0.02318,19735.0,0.023179,4280.0,0.023181,7041.0,0.023182,4479.0
1753600015050,07:06:55.050,binance,ACH/USDT:USDT,0.02318,19735.0,0.023179,4280.0,0.023181,7041.0,0.023182,4479.0
1753600015207,07:06:55.207,binance,ACH/USDT:USDT,0.02318,19735.0,0.023179,4280.0,0.023181,7041.0,0.023182,3667.0
1753600015308,07:06:55.308,binance,ACH/USDT:USDT,0.02318,19735.0,0.023179,4280.0,0.023181,7041.0,0.023182,3667.0
1753600015420,07:06:55.420,binance,ACH/USDT:USDT,0.02318,14838.0,0.023179,669.0,0.023181,7041.0,0.023182,1189.0
1753600015527,07:06:55.527,binance,ACH/USDT:USDT,0.02318,4530.0,0.023179,669.0,0.023181,9519.0,0.023182,1189.0
1753600015630,07:06:55.630,binance,ACH/USDT:USDT,0.02318,4530.0,0.023179,669.0,0.023181,9519.0,0.023182,2001.0
1753600015837,07:06:55.837,binance,ACH/USDT:USDT,0.02318,4530.0,0.023179,669.0,0.023181,9519.0,0.023182,2001.0
1753600015940,07:06:55.940,binance,ACH/USDT:USDT,0.02318,4530.0,0.023179,669.0,0.023181,9519.0,0.023182,2001.0
1753600016102,07:06:56.102,binance,ACH/USDT:USDT,0.02318,4530.0,0.023179,669.0,0.023181,9519.0,0.023182,2001.0
1753600016254,07:06:56.254,binance,ACH/USDT:USDT,0.02318,4530.0,0.023179,669.0,0.023181,9519.0,0.023182,2001.0
1753600016381,07:06:56.381,binance,ACH/USDT:USDT,0.02318,4887.0,0.023179,669.0,0.023181,9519.0,0.023182,2001.0
1753600016491,07:06:56.491,binance,ACH/USDT:USDT,0.02318,4887.0,0.023179,669.0,0.023181,9519.0,0.023182,2001.0
1753600016702,07:06:56.702,binance,ACH/USDT:USDT,0.02318,3805.0,0.023179,669.0,0.023181,9519.0,0.023182,1189.0
1753600016908,07:06:56.908,binance,ACH/USDT:USDT,0.02318,3805.0,0.023179,669.0,0.023181,9519.0,0.023182,1189.0
1753600017064,07:06:57.064,binance,ACH/USDT:USDT,0.02318,3805.0,0.023179,669.0,0.023181,9519.0,0.023182,1189.0
1753600017302,07:06:57.302,binance,ACH/USDT:USDT,0.02318,3805.0,0.023179,669.0,0.023181,9519.0,0.023182,1189.0
1753600017502,07:06:57.502,binance,ACH/USDT:USDT,0.02318,3805.0,0.023179,669.0,0.023181,9519.0,0.023182,1189.0
1753600018035,07:06:58.035,binance,ACH/USDT:USDT,0.02318,3805.0,0.023179,669.0,0.023181,9519.0,0.023182,1189.0
1753600018202,07:06:58.202,binance,ACH/USDT:USDT,0.02318,3805.0,0.023179,669.0,0.023181,9519.0,0.023182,1189.0
1753600018502,07:06:58.502,binance,ACH/USDT:USDT,0.02318,3805.0,0.023179,669.0,0.023181,9519.0,0.023182,1189.0
1753600018648,07:06:58.648,binance,ACH/USDT:USDT,0.02318,3805.0,0.023179,669.0,0.023181,9519.0,0.023182,1189.0
1753600018893,07:06:58.893,binance,ACH/USDT:USDT,0.02318,3805.0,0.023179,669.0,0.023181,9519.0,0.023182,1189.0
1753600018996,07:06:58.996,binance,ACH/USDT:USDT,0.02318,3805.0,0.023179,669.0,0.023181,9519.0,0.023182,1189.0
1753600019128,07:06:59.128,binance,ACH/USDT:USDT,0.02318,3448.0,0.023179,669.0,0.023181,9519.0,0.023182,1189.0
1753600019302,07:06:59.302,binance,ACH/USDT:USDT,0.02318,3448.0,0.023179,669.0,0.023181,9519.0,0.023182,1189.0
1753600019502,07:06:59.502,binance,ACH/USDT:USDT,0.02318,3448.0,0.023179,669.0,0.023181,9519.0,0.023182,1189.0
1753600019646,07:06:59.646,binance,ACH/USDT:USDT,0.02318,14119.0,0.023179,669.0,0.023181,9519.0,0.023182,1189.0
1753600019747,07:06:59.747,binance,ACH/USDT:USDT,0.02318,14119.0,0.023179,669.0,0.023181,9519.0,0.023182,1189.0
1753600019872,07:06:59.872,binance,ACH/USDT:USDT,0.02318,14119.0,0.023179,669.0,0.023181,9519.0,0.023182,1189.0
1753600020051,07:07:00.051,binance,ACH/USDT:USDT,0.02318,14476.0,0.023179,669.0,0.023181,9519.0,0.023182,1189.0
1753600020203,07:07:00.203,binance,ACH/USDT:USDT,0.02318,14476.0,0.023179,669.0,0.023181,9519.0,0.023182,1189.0
1753600020383,07:07:00.383,binance,ACH/USDT:USDT,0.02318,14476.0,0.023179,669.0,0.023181,9519.0,0.023182,1189.0
1753600020557,07:07:00.557,binance,ACH/USDT:USDT,0.02318,14476.0,0.023179,669.0,0.023181,9519.0,0.023182,1189.0
1753600020666,07:07:00.666,binance,ACH/USDT:USDT,0.02318,14476.0,0.023179,669.0,0.023181,9519.0,0.023182,2001.0
1753600020833,07:07:00.833,binance,ACH/USDT:USDT,0.02318,14476.0,0.023179,669.0,0.023181,9519.0,0.023182,2001.0
1753600020946,07:07:00.946,binance,ACH/USDT:USDT,0.02318,14476.0,0.023179,669.0,0.023181,9519.0,0.023182,2001.0
1753600021052,07:07:01.052,binance,ACH/USDT:USDT,0.02318,14476.0,0.023179,3445.0,0.023181,6245.0,0.023182,2001.0
1753600021160,07:07:01.160,binance,ACH/USDT:USDT,0.02318,14476.0,0.023179,3445.0,0.023181,6245.0,0.023182,1189.0
1753600021288,07:07:01.288,binance,ACH/USDT:USDT,0.02318,14476.0,0.023179,3445.0,0.023181,6245.0,0.023182,1189.0
1753600021391,07:07:01.391,binance,ACH/USDT:USDT,0.02318,14476.0,0.023179,3445.0,0.023181,6245.0,0.023182,1189.0
1753600021497,07:07:01.497,binance,ACH/USDT:USDT,0.02318,14476.0,0.023179,3445.0,0.023181,6328.0,0.023182,1189.0
1753600021602,07:07:01.602,binance,ACH/USDT:USDT,0.02318,3448.0,0.023179,669.0,0.023181,193627.0,0.023182,2002.0
1753600021704,07:07:01.704,binance,ACH/USDT:USDT,0.023179,669.0,0.023178,12881.0,0.02318,14574.0,0.023181,196627.0
1753600021805,07:07:01.805,binance,ACH/USDT:USDT,0.023179,669.0,0.023178,12881.0,0.02318,14574.0,0.023181,196627.0
1753600021907,07:07:01.907,binance,ACH/USDT:USDT,0.023178,12449.0,0.023177,931.0,0.02318,14574.0,0.023181,196846.0
1753600022010,07:07:02.010,binance,ACH/USDT:USDT,0.023178,12449.0,0.023177,931.0,0.02318,14574.0,0.023181,196846.0
1753600022184,07:07:02.184,binance,ACH/USDT:USDT,0.023178,12449.0,0.023177,931.0,0.02318,14574.0,0.023181,196846.0
1753600022303,07:07:02.303,binance,ACH/USDT:USDT,0.023178,13754.0,0.023177,931.0,0.02318,14574.0,0.023181,196846.0
1753600022404,07:07:02.404,binance,ACH/USDT:USDT,0.023178,12449.0,0.023177,931.0,0.02318,14574.0,0.023181,196846.0
1753600022508,07:07:02.508,binance,ACH/USDT:USDT,0.023178,12449.0,0.023177,931.0,0.02318,14574.0,0.023181,196846.0
1753600022611,07:07:02.611,binance,ACH/USDT:USDT,0.023178,12449.0,0.023177,931.0,0.02318,14574.0,0.023181,196846.0
1753600022802,07:07:02.802,binance,ACH/USDT:USDT,0.023178,12449.0,0.023177,931.0,0.02318,14574.0,0.023181,196846.0
1753600022979,07:07:02.979,binance,ACH/USDT:USDT,0.023175,2569.0,0.023173,1144.0,0.023176,3549.0,0.023178,6061.0
1753600023085,07:07:03.085,binance,ACH/USDT:USDT,0.023175,2569.0,0.023173,1144.0,0.023176,4399.0,0.023178,6061.0
1753600023188,07:07:03.188,binance,ACH/USDT:USDT,0.023175,2569.0,0.023173,1144.0,0.023176,4399.0,0.023178,6061.0
1753600023294,07:07:03.294,binance,ACH/USDT:USDT,0.023175,2569.0,0.023173,1144.0,0.023176,4399.0,0.023178,5756.0
1753600023402,07:07:03.402,binance,ACH/USDT:USDT,0.023175,2569.0,0.023173,1144.0,0.023176,4399.0,0.023178,5756.0
1753600023610,07:07:03.610,binance,ACH/USDT:USDT,0.023175,2569.0,0.023174,2749.0,0.023179,24117.0,0.02318,40617.0
1753600023721,07:07:03.721,binance,ACH/USDT:USDT,0.023175,2569.0,0.023174,2749.0,0.023178,13569.0,0.023179,24985.0
1753600023825,07:07:03.825,binance,ACH/USDT:USDT,0.023175,2569.0,0.023174,2749.0,0.023178,13569.0,0.023179,24985.0
1753600024002,07:07:04.002,binance,ACH/USDT:USDT,0.023175,2569.0,0.023174,2749.0,0.023178,13569.0,0.023179,24985.0
1753600024131,07:07:04.131,binance,ACH/USDT:USDT,0.023175,2569.0,0.023173,3672.0,0.023178,13569.0,0.023179,24985.0
1753600024237,07:07:04.237,binance,ACH/USDT:USDT,0.023175,2569.0,0.023173,3672.0,0.023178,13569.0,0.023179,24985.0
1753600024340,07:07:04.340,binance,ACH/USDT:USDT,0.023175,2569.0,0.023173,3672.0,0.023178,13569.0,0.023179,24985.0
1753600024514,07:07:04.514,binance,ACH/USDT:USDT,0.023175,2569.0,0.023173,3672.0,0.023178,13569.0,0.023179,24985.0
1753600024667,07:07:04.667,binance,ACH/USDT:USDT,0.023175,2569.0,0.023173,3672.0,0.023178,13569.0,0.023179,24985.0
1753600024787,07:07:04.787,binance,ACH/USDT:USDT,0.023175,2569.0,0.023173,3672.0,0.023178,13569.0,0.023179,24985.0
1753600024890,07:07:04.890,binance,ACH/USDT:USDT,0.023175,2569.0,0.023173,3672.0,0.023178,13569.0,0.023179,24985.0
1753600025261,07:07:05.261,binance,ACH/USDT:USDT,0.023175,2569.0,0.023174,2749.0,0.023178,13569.0,0.023179,24985.0
1753600025364,07:07:05.364,binance,ACH/USDT:USDT,0.023175,2569.0,0.023174,2749.0,0.023178,13569.0,0.023179,24985.0
1753600025467,07:07:05.467,binance,ACH/USDT:USDT,0.023175,2569.0,0.023174,2749.0,0.023178,13569.0,0.023179,24985.0
1753600025726,07:07:05.726,binance,ACH/USDT:USDT,0.023175,2569.0,0.023174,5525.0,0.023178,13569.0,0.023179,24985.0
1753600025902,07:07:05.902,binance,ACH/USDT:USDT,0.023175,2569.0,0.023174,5525.0,0.023178,13569.0,0.023179,24985.0
1753600026102,07:07:06.102,binance,ACH/USDT:USDT,0.023175,950.0,0.023174,2776.0,0.023178,13569.0,0.023179,24985.0
1753600026263,07:07:06.263,binance,ACH/USDT:USDT,0.023175,950.0,0.023174,2776.0,0.023178,13569.0,0.023179,24985.0
1753600026502,07:07:06.502,binance,ACH/USDT:USDT,0.023175,950.0,0.023174,5525.0,0.023178,13569.0,0.023179,24985.0
1753600026833,07:07:06.833,binance,ACH/USDT:USDT,0.023175,950.0,0.023174,5525.0,0.023178,13569.0,0.023179,24985.0
1753600027102,07:07:07.102,binance,ACH/USDT:USDT,0.023175,950.0,0.023174,5525.0,0.023178,13569.0,0.023179,24985.0
1753600027244,07:07:07.244,binance,ACH/USDT:USDT,0.023175,950.0,0.023174,5525.0,0.023178,13569.0,0.023179,24985.0
1753600027519,07:07:07.519,binance,ACH/USDT:USDT,0.023175,950.0,0.023174,5525.0,0.023178,13569.0,0.023179,11539.0
1753600027623,07:07:07.623,binance,ACH/USDT:USDT,0.023175,950.0,0.023174,5525.0,0.023178,13569.0,0.023179,11539.0
1753600027742,07:07:07.742,binance,ACH/USDT:USDT,0.023175,950.0,0.023174,5525.0,0.023178,13569.0,0.023179,11539.0
1753600027889,07:07:07.889,binance,ACH/USDT:USDT,0.023175,950.0,0.023174,2749.0,0.023178,3346.0,0.023179,868.0
1753600028007,07:07:08.007,binance,ACH/USDT:USDT,0.023175,950.0,0.023174,2749.0,0.023178,3346.0,0.023179,868.0
1753600028130,07:07:08.130,binance,ACH/USDT:USDT,0.023175,6353.0,0.023174,8401.0,0.023178,3346.0,0.023179,868.0
1753600028233,07:07:08.233,binance,ACH/USDT:USDT,0.023175,5358.0,0.023174,5625.0,0.023178,3346.0,0.023179,868.0
1753600028539,07:07:08.539,binance,ACH/USDT:USDT,0.023175,5358.0,0.023174,5625.0,0.023178,3346.0,0.023179,868.0
1753600028699,07:07:08.699,binance,ACH/USDT:USDT,0.023175,1619.0,0.023173,4953.0,0.023178,3346.0,0.023179,868.0
1753600028807,07:07:08.807,binance,ACH/USDT:USDT,0.023175,1619.0,0.023173,4953.0,0.023178,3595.0,0.023179,868.0
1753600029129,07:07:09.129,binance,ACH/USDT:USDT,0.023175,1619.0,0.023173,7702.0,0.023178,3595.0,0.023179,868.0
1753600029235,07:07:09.235,binance,ACH/USDT:USDT,0.023175,1619.0,0.023173,4953.0,0.023178,2727.0,0.023179,868.0
1753600029338,07:07:09.338,binance,ACH/USDT:USDT,0.023175,950.0,0.023173,4953.0,0.023178,2727.0,0.023179,868.0
1753600029445,07:07:09.445,binance,ACH/USDT:USDT,0.023175,950.0,0.023173,4953.0,0.023178,2727.0,0.023179,868.0
1753600029611,07:07:09.611,binance,ACH/USDT:USDT,0.023175,950.0,0.023173,4953.0,0.023178,2727.0,0.023179,868.0
1753600029733,07:07:09.733,binance,ACH/USDT:USDT,0.023175,950.0,0.023173,4953.0,0.023178,2727.0,0.023179,868.0
1753600029902,07:07:09.902,binance,ACH/USDT:USDT,0.023175,950.0,0.023173,4953.0,0.023178,2727.0,0.023179,868.0
1753600030019,07:07:10.019,binance,ACH/USDT:USDT,0.023175,950.0,0.023174,2749.0,0.023178,2727.0,0.023179,868.0
1753600030258,07:07:10.258,binance,ACH/USDT:USDT,0.023175,950.0,0.023174,2749.0,0.023178,2727.0,0.023179,868.0
1753600030361,07:07:10.361,binance,ACH/USDT:USDT,0.023175,950.0,0.023174,2749.0,0.023178,2727.0,0.023179,868.0
1753600030687,07:07:10.687,binance,ACH/USDT:USDT,0.023176,1224.0,0.023175,3726.0,0.023178,2727.0,0.023179,868.0
1753600030902,07:07:10.902,binance,ACH/USDT:USDT,0.023176,1224.0,0.023175,3726.0,0.023178,2727.0,0.023179,868.0
1753600031011,07:07:11.011,binance,ACH/USDT:USDT,0.023176,1224.0,0.023175,3726.0,0.023178,2727.0,0.023179,868.0
1753600031203,07:07:11.203,binance,ACH/USDT:USDT,0.023176,1224.0,0.023175,3726.0,0.023178,2727.0,0.023179,9127.0
1753600031502,07:07:11.502,binance,ACH/USDT:USDT,0.023176,1224.0,0.023175,3726.0,0.023178,2727.0,0.023179,9127.0
1753600031680,07:07:11.680,binance,ACH/USDT:USDT,0.023176,1224.0,0.023175,950.0,0.023178,2954.0,0.023179,9127.0
1753600031843,07:07:11.843,binance,ACH/USDT:USDT,0.023176,1224.0,0.023175,950.0,0.023178,2954.0,0.023179,9127.0
1753600031948,07:07:11.948,binance,ACH/USDT:USDT,0.023176,1224.0,0.023175,3726.0,0.023178,2954.0,0.023179,9127.0
1753600032102,07:07:12.102,binance,ACH/USDT:USDT,0.023176,1224.0,0.023175,3726.0,0.023178,2954.0,0.023179,9127.0
1753600032257,07:07:12.257,binance,ACH/USDT:USDT,0.023176,2888.0,0.023175,9362.0,0.023178,655.0,0.023179,868.0
1753600032360,07:07:12.360,binance,ACH/USDT:USDT,0.023176,4420.0,0.023175,9362.0,0.023178,655.0,0.023179,868.0
1753600032534,07:07:12.534,binance,ACH/USDT:USDT,0.023176,4420.0,0.023175,9362.0,0.023178,655.0,0.023179,868.0
1753600032720,07:07:12.720,binance,ACH/USDT:USDT,0.023177,4339.0,0.023176,1893.0,0.023178,655.0,0.023179,868.0
1753600032822,07:07:12.822,binance,ACH/USDT:USDT,0.023177,4339.0,0.023176,1893.0,0.023178,655.0,0.023179,868.0
1753600033224,07:07:13.224,binance,ACH/USDT:USDT,0.023177,4338.0,0.023176,1893.0,0.023178,655.0,0.023179,868.0
1753600033330,07:07:13.330,binance,ACH/USDT:USDT,0.023177,4338.0,0.023176,1893.0,0.023178,1185.0,0.023179,868.0
1753600033735,07:07:13.735,binance,ACH/USDT:USDT,0.023175,238.0,0.023174,19752.0,0.023176,3549.0,0.023177,12503.0
1753600033838,07:07:13.838,binance,ACH/USDT:USDT,0.023175,238.0,0.023173,712.0,0.023176,23045.0,0.023177,11398.0
1753600033940,07:07:13.940,binance,ACH/USDT:USDT,0.023175,238.0,0.023173,712.0,0.023176,23045.0,0.023177,11398.0
1753600034078,07:07:14.078,binance,ACH/USDT:USDT,0.023175,238.0,0.023173,3488.0,0.023176,12741.0,0.023177,11398.0
1753600034196,07:07:14.196,binance,ACH/USDT:USDT,0.023175,238.0,0.023173,3920.0,0.023176,12741.0,0.023177,11398.0
1753600034303,07:07:14.303,binance,ACH/USDT:USDT,0.023175,238.0,0.023173,3920.0,0.023176,12741.0,0.023177,11398.0
1753600034446,07:07:14.446,binance,ACH/USDT:USDT,0.023175,238.0,0.023173,3920.0,0.023176,12741.0,0.023177,11398.0
1753600034572,07:07:14.572,binance,ACH/USDT:USDT,0.023175,238.0,0.023173,3920.0,0.023176,12741.0,0.023177,11398.0
1753600034802,07:07:14.802,binance,ACH/USDT:USDT,0.023175,238.0,0.023173,3920.0,0.023176,12741.0,0.023177,11398.0
1753600034906,07:07:14.906,binance,ACH/USDT:USDT,0.023175,238.0,0.023173,3920.0,0.023176,12741.0,0.023177,11398.0
1753600035163,07:07:15.163,binance,ACH/USDT:USDT,0.023175,238.0,0.023173,3920.0,0.023176,12741.0,0.023177,11398.0
1753600035402,07:07:15.402,binance,ACH/USDT:USDT,0.023175,238.0,0.023173,3920.0,0.023176,13876.0,0.023177,11398.0
1753600035537,07:07:15.537,binance,ACH/USDT:USDT,0.023175,238.0,0.023173,1144.0,0.023176,18040.0,0.023177,11398.0
1753600035644,07:07:15.644,binance,ACH/USDT:USDT,0.023175,238.0,0.023173,1144.0,0.023176,18040.0,0.023177,11398.0
1753600035853,07:07:15.853,binance,ACH/USDT:USDT,0.023175,238.0,0.023173,1144.0,0.023176,16905.0,0.023177,11398.0
1753600036002,07:07:16.002,binance,ACH/USDT:USDT,0.023175,238.0,0.023173,1144.0,0.023176,16905.0,0.023177,12032.0
1753600036202,07:07:16.202,binance,ACH/USDT:USDT,0.023175,238.0,0.023173,1144.0,0.023176,16905.0,0.023177,12032.0
1753600036465,07:07:16.465,binance,ACH/USDT:USDT,0.023175,238.0,0.023173,1144.0,0.023176,16930.0,0.023177,120893.0
1753600036575,07:07:16.575,binance,ACH/USDT:USDT,0.023171,2089.0,0.02317,522.0,0.023172,3549.0,0.023173,10304.0
1753600036680,07:07:16.680,binance,ACH/USDT:USDT,0.023171,2089.0,0.02317,522.0,0.023172,4684.0,0.023173,10304.0
1753600036782,07:07:16.782,binance,ACH/USDT:USDT,0.023171,2089.0,0.02317,522.0,0.023172,4684.0,0.023173,10304.0
1753600037049,07:07:17.049,binance,ACH/USDT:USDT,0.023171,8593.0,0.02317,3298.0,0.023172,4684.0,0.023173,10304.0
1753600037157,07:07:17.157,binance,ACH/USDT:USDT,0.023171,8593.0,0.02317,3298.0,0.023172,4684.0,0.023173,10304.0
1753600037260,07:07:17.260,binance,ACH/USDT:USDT,0.023171,7691.0,0.02317,3298.0,0.023172,5873.0,0.023173,10304.0
1753600037466,07:07:17.466,binance,ACH/USDT:USDT,0.023171,7691.0,0.02317,3298.0,0.023172,4738.0,0.023173,10304.0
1753600037568,07:07:17.568,binance,ACH/USDT:USDT,0.023171,7691.0,0.02317,3298.0,0.023172,4738.0,0.023173,10304.0
1753600037704,07:07:17.704,binance,ACH/USDT:USDT,0.023171,7691.0,0.02317,3298.0,0.023172,1189.0,0.023174,651.0
1753600037933,07:07:17.933,binance,ACH/USDT:USDT,0.023171,7691.0,0.02317,3298.0,0.023172,1189.0,0.023174,1772.0
1753600038103,07:07:18.103,binance,ACH/USDT:USDT,0.023171,1187.0,0.02317,3298.0,0.023172,1189.0,0.023174,1772.0
1753600038217,07:07:18.217,binance,ACH/USDT:USDT,0.023171,7691.0,0.02317,3298.0,0.023172,3667.0,0.023174,1772.0
1753600038367,07:07:18.367,binance,ACH/USDT:USDT,0.023171,9039.0,0.02317,3298.0,0.023172,3667.0,0.023174,1772.0
1753600038498,07:07:18.498,binance,ACH/USDT:USDT,0.023171,9039.0,0.02317,3298.0,0.023172,3667.0,0.023174,1772.0
1753600038605,07:07:18.605,binance,ACH/USDT:USDT,0.023171,9039.0,0.02317,3298.0,0.023172,3667.0,0.023174,1772.0
1753600038773,07:07:18.773,binance,ACH/USDT:USDT,0.023171,9039.0,0.02317,3298.0,0.023172,3667.0,0.023174,1772.0
1753600039253,07:07:19.253,binance,ACH/USDT:USDT,0.023171,2535.0,0.02317,3298.0,0.023172,3667.0,0.023174,1772.0
1753600039414,07:07:19.414,binance,ACH/USDT:USDT,0.023171,9039.0,0.02317,3298.0,0.023172,3667.0,0.023174,1772.0
1753600039702,07:07:19.702,binance,ACH/USDT:USDT,0.023171,9039.0,0.02317,3298.0,0.023172,3667.0,0.023174,1772.0
1753600039902,07:07:19.902,binance,ACH/USDT:USDT,0.023171,9039.0,0.02317,3298.0,0.023172,3667.0,0.023174,1772.0
1753600040302,07:07:20.302,binance,ACH/USDT:USDT,0.023171,9039.0,0.02317,3298.0,0.023172,3667.0,0.023174,1772.0
1753600040407,07:07:20.407,binance,ACH/USDT:USDT,0.023171,9039.0,0.02317,3298.0,0.023172,3667.0,0.023174,1772.0
1753600040515,07:07:20.515,binance,ACH/USDT:USDT,0.023171,9039.0,0.02317,3298.0,0.023172,3962.0,0.023174,1772.0
1753600040813,07:07:20.813,binance,ACH/USDT:USDT,0.023171,9039.0,0.02317,522.0,0.023172,3962.0,0.023174,1772.0
1753600041003,07:07:21.003,binance,ACH/USDT:USDT,0.023171,9039.0,0.02317,3298.0,0.023172,3962.0,0.023174,1772.0
1753600041402,07:07:21.402,binance,ACH/USDT:USDT,0.023171,9039.0,0.02317,3298.0,0.023172,3962.0,0.023174,1772.0
1753600041508,07:07:21.508,binance,ACH/USDT:USDT,0.023171,9039.0,0.02317,3298.0,0.023172,3962.0,0.023174,1772.0
1753600041702,07:07:21.702,binance,ACH/USDT:USDT,0.023171,2535.0,0.02317,3298.0,0.023172,3962.0,0.023174,1772.0
1753600041814,07:07:21.814,binance,ACH/USDT:USDT,0.023171,9039.0,0.02317,3298.0,0.023172,3962.0,0.023174,1772.0
1753600042002,07:07:22.002,binance,ACH/USDT:USDT,0.023171,9039.0,0.02317,3298.0,0.023172,3962.0,0.023174,1772.0
1753600042105,07:07:22.105,binance,ACH/USDT:USDT,0.023171,9039.0,0.02317,6047.0,0.023172,3962.0,0.023174,1772.0
1753600042374,07:07:22.374,binance,ACH/USDT:USDT,0.023171,9039.0,0.02317,6047.0,0.023172,3962.0,0.023174,1772.0
1753600042485,07:07:22.485,binance,ACH/USDT:USDT,0.023171,9039.0,0.02317,6047.0,0.023172,3962.0,0.023174,1772.0
1753600042588,07:07:22.588,binance,ACH/USDT:USDT,0.023171,9039.0,0.02317,6047.0,0.023172,3962.0,0.023174,1772.0
1753600042702,07:07:22.702,binance,ACH/USDT:USDT,0.023171,9865.0,0.02317,6047.0,0.023172,3962.0,0.023174,1772.0
1753600042804,07:07:22.804,binance,ACH/USDT:USDT,0.023171,9865.0,0.02317,6047.0,0.023172,3962.0,0.023174,1772.0
1753600042915,07:07:22.915,binance,ACH/USDT:USDT,0.023171,3361.0,0.02317,522.0,0.023172,14273.0,0.023174,1772.0
1753600043025,07:07:23.025,binance,ACH/USDT:USDT,0.023171,9865.0,0.02317,522.0,0.023172,14273.0,0.023174,1772.0
1753600043128,07:07:23.128,binance,ACH/USDT:USDT,0.023171,9865.0,0.02317,522.0,0.023172,14273.0,0.023174,1772.0
1753600043438,07:07:23.438,binance,ACH/USDT:USDT,0.023171,9865.0,0.02317,522.0,0.023172,14273.0,0.023174,1772.0
1753600043563,07:07:23.563,binance,ACH/USDT:USDT,0.023169,2992.0,0.023168,219.0,0.02317,3549.0,0.023171,10311.0
1753600043804,07:07:23.804,binance,ACH/USDT:USDT,0.023169,2992.0,0.023168,219.0,0.02317,3549.0,0.023171,10311.0
1753600044006,07:07:24.006,binance,ACH/USDT:USDT,0.023169,4656.0,0.023168,6608.0,0.023172,9631.0,0.023174,1772.0
1753600044502,07:07:24.502,binance,ACH/USDT:USDT,0.023169,4656.0,0.023168,6608.0,0.023172,9631.0,0.023174,1772.0
1753600044702,07:07:24.702,binance,ACH/USDT:USDT,0.023169,4656.0,0.023168,10434.0,0.023172,9631.0,0.023174,1772.0
1753600044813,07:07:24.813,binance,ACH/USDT:USDT,0.023169,4656.0,0.023168,10434.0,0.023172,9631.0,0.023174,1772.0
1753600045302,07:07:25.302,binance,ACH/USDT:USDT,0.023169,2992.0,0.023168,4045.0,0.023171,187300.0,0.023172,9631.0
1753600045410,07:07:25.410,binance,ACH/USDT:USDT,0.023169,2992.0,0.023168,219.0,0.023171,187300.0,0.023172,9631.0
1753600045576,07:07:25.576,binance,ACH/USDT:USDT,0.023169,2992.0,0.023168,219.0,0.023171,187300.0,0.023172,9336.0
1753600045680,07:07:25.680,binance,ACH/USDT:USDT,0.023169,2992.0,0.023168,219.0,0.023171,234471.0,0.023172,9336.0
1753600045902,07:07:25.902,binance,ACH/USDT:USDT,0.023169,4656.0,0.023168,2995.0,0.02317,9440.0,0.023171,234471.0
1753600046003,07:07:26.003,binance,ACH/USDT:USDT,0.023169,2992.0,0.023168,219.0,0.02317,9440.0,0.023171,234471.0
1753600046232,07:07:26.232,binance,ACH/USDT:USDT,0.023169,4656.0,0.023168,2995.0,0.023171,234471.0,0.023172,9336.0
1753600046337,07:07:26.337,binance,ACH/USDT:USDT,0.023169,4656.0,0.023168,2995.0,0.023171,235105.0,0.023172,9336.0
1753600046484,07:07:26.484,binance,ACH/USDT:USDT,0.023169,3283.0,0.023168,2995.0,0.023171,235105.0,0.023172,9336.0
1753600046593,07:07:26.593,binance,ACH/USDT:USDT,0.023169,3283.0,0.023168,2995.0,0.023171,187934.0,0.023172,9336.0
1753600047102,07:07:27.102,binance,ACH/USDT:USDT,0.023169,3283.0,0.023168,2995.0,0.023171,235106.0,0.023172,9336.0
1753600047395,07:07:27.395,binance,ACH/USDT:USDT,0.023169,1619.0,0.023168,219.0,0.023171,235106.0,0.023172,9336.0
1753600047501,07:07:27.501,binance,ACH/USDT:USDT,0.023169,1619.0,0.023168,219.0,0.02317,14459.0,0.023171,235106.0
1753600047605,07:07:27.605,binance,ACH/USDT:USDT,0.023169,1619.0,0.023168,219.0,0.02317,14459.0,0.023171,235106.0
1753600047748,07:07:27.748,binance,ACH/USDT:USDT,0.023169,1619.0,0.023168,219.0,0.02317,14459.0,0.023171,235106.0
1753600047946,07:07:27.946,binance,ACH/USDT:USDT,0.023169,1619.0,0.023168,219.0,0.02317,14459.0,0.023171,235106.0
1753600048153,07:07:28.153,binance,ACH/USDT:USDT,0.023169,1619.0,0.023168,219.0,0.02317,14459.0,0.023171,235106.0
1753600048261,07:07:28.261,binance,ACH/USDT:USDT,0.023169,1619.0,0.023168,219.0,0.02317,201760.0,0.023171,47806.0
1753600048364,07:07:28.364,binance,ACH/USDT:USDT,0.023169,1619.0,0.023168,219.0,0.02317,201760.0,0.023171,47806.0
1753600048471,07:07:28.471,binance,ACH/USDT:USDT,0.023169,1619.0,0.023168,219.0,0.02317,205153.0,0.023171,47806.0
1753600048572,07:07:28.572,binance,ACH/USDT:USDT,0.023169,1619.0,0.023168,219.0,0.02317,205153.0,0.023171,47806.0
1753600048702,07:07:28.702,binance,ACH/USDT:USDT,0.023169,1619.0,0.023168,219.0,0.02317,252326.0,0.023171,634.0
1753600049302,07:07:29.302,binance,ACH/USDT:USDT,0.023169,1619.0,0.023168,219.0,0.02317,252326.0,0.023171,634.0
1753600049409,07:07:29.409,binance,ACH/USDT:USDT,0.023169,1619.0,0.023168,219.0,0.02317,251444.0,0.023171,634.0
1753600049515,07:07:29.515,binance,ACH/USDT:USDT,0.023169,1619.0,0.023168,219.0,0.02317,251444.0,0.023171,634.0
1753600049829,07:07:29.829,binance,ACH/USDT:USDT,0.023169,1619.0,0.023168,219.0,0.02317,251444.0,0.023171,634.0
1753600050002,07:07:30.002,binance,ACH/USDT:USDT,0.023169,1619.0,0.023168,219.0,0.02317,251444.0,0.023171,634.0
1753600050309,07:07:30.309,binance,ACH/USDT:USDT,0.023169,1619.0,0.023168,219.0,0.02317,252326.0,0.023171,634.0
1753600050414,07:07:30.414,binance,ACH/USDT:USDT,0.023169,1619.0,0.023168,219.0,0.02317,252326.0,0.023171,634.0
1753600050555,07:07:30.555,binance,ACH/USDT:USDT,0.023169,1619.0,0.023168,219.0,0.02317,252326.0,0.023171,634.0
1753600050661,07:07:30.661,binance,ACH/USDT:USDT,0.023169,1619.0,0.023168,219.0,0.02317,251444.0,0.023171,634.0
1753600050818,07:07:30.818,binance,ACH/USDT:USDT,0.023169,1289.0,0.023168,219.0,0.02317,251444.0,0.023171,634.0
1753600050957,07:07:30.957,binance,ACH/USDT:USDT,0.023169,1289.0,0.023168,219.0,0.02317,251444.0,0.023171,634.0
1753600051060,07:07:31.060,binance,ACH/USDT:USDT,0.023169,1289.0,0.023168,219.0,0.02317,251444.0,0.023171,634.0
1753600051163,07:07:31.163,binance,ACH/USDT:USDT,0.023169,1289.0,0.023168,219.0,0.02317,251444.0,0.023171,634.0
1753600051357,07:07:31.357,binance,ACH/USDT:USDT,0.023169,1289.0,0.023168,219.0,0.02317,251446.0,0.023171,634.0
1753600051459,07:07:31.459,binance,ACH/USDT:USDT,0.023169,1289.0,0.023168,2754.0,0.02317,251446.0,0.023171,634.0
1753600051563,07:07:31.563,binance,ACH/USDT:USDT,0.023169,1289.0,0.023168,2754.0,0.02317,241223.0,0.023171,634.0
1753600051720,07:07:31.720,binance,ACH/USDT:USDT,0.023169,1289.0,0.023168,2754.0,0.02317,241223.0,0.023171,634.0
1753600051832,07:07:31.832,binance,ACH/USDT:USDT,0.023169,1289.0,0.023168,2754.0,0.02317,241223.0,0.023171,634.0
1753600052002,07:07:32.002,binance,ACH/USDT:USDT,0.023169,1289.0,0.023168,2754.0,0.02317,241223.0,0.023171,634.0
1753600052233,07:07:32.233,binance,ACH/USDT:USDT,0.023169,1289.0,0.023168,2754.0,0.02317,245714.0,0.023171,634.0
1753600052507,07:07:32.507,binance,ACH/USDT:USDT,0.023169,1289.0,0.023168,2754.0,0.02317,245714.0,0.023171,634.0
1753600052612,07:07:32.612,binance,ACH/USDT:USDT,0.023169,1289.0,0.023168,2754.0,0.02317,245714.0,0.023171,634.0
1753600052935,07:07:32.935,binance,ACH/USDT:USDT,0.023169,1289.0,0.023168,2754.0,0.02317,245714.0,0.023171,634.0
1753600053368,07:07:33.368,binance,ACH/USDT:USDT,0.023169,1289.0,0.023168,2754.0,0.02317,244387.0,0.023171,634.0
1753600053502,07:07:33.502,binance,ACH/USDT:USDT,0.023169,1289.0,0.023168,2754.0,0.02317,244556.0,0.023171,634.0
1753600053623,07:07:33.623,binance,ACH/USDT:USDT,0.023169,13183.0,0.023168,5264.0,0.02317,173080.0,0.023171,634.0
1753600054007,07:07:34.007,binance,ACH/USDT:USDT,0.023169,14047.0,0.023168,6128.0,0.02317,173080.0,0.023171,634.0
1753600054268,07:07:34.268,binance,ACH/USDT:USDT,0.023169,14488.0,0.023168,6128.0,0.02317,173080.0,0.023171,634.0
1753600054453,07:07:34.453,binance,ACH/USDT:USDT,0.023169,14488.0,0.023168,6128.0,0.02317,173080.0,0.023171,634.0
1753600054572,07:07:34.572,binance,ACH/USDT:USDT,0.023169,14488.0,0.023168,6128.0,0.02317,173080.0,0.023171,634.0
1753600054677,07:07:34.677,binance,ACH/USDT:USDT,0.023169,14488.0,0.023168,6128.0,0.02317,173080.0,0.023171,634.0
1753600054836,07:07:34.836,binance,ACH/USDT:USDT,0.023169,14488.0,0.023168,6128.0,0.02317,173080.0,0.023171,634.0
1753600055102,07:07:35.102,binance,ACH/USDT:USDT,0.023169,14488.0,0.023168,6128.0,0.02317,173080.0,0.023171,634.0
1753600056007,07:07:36.007,binance,ACH/USDT:USDT,0.023169,13624.0,0.023168,5264.0,0.02317,173080.0,0.023171,634.0
1753600056273,07:07:36.273,binance,ACH/USDT:USDT,0.023169,13624.0,0.023168,5264.0,0.02317,173080.0,0.023171,634.0
1753600056379,07:07:36.379,binance,ACH/USDT:USDT,0.023169,13624.0,0.023168,5264.0,0.02317,173080.0,0.023171,634.0
1753600056563,07:07:36.563,binance,ACH/USDT:USDT,0.023169,13624.0,0.023168,5264.0,0.02317,173080.0,0.023171,634.0
1753600056779,07:07:36.779,binance,ACH/USDT:USDT,0.023169,13624.0,0.023168,5264.0,0.02317,173714.0,0.023172,1621.0
1753600056883,07:07:36.883,binance,ACH/USDT:USDT,0.023169,13624.0,0.023168,5264.0,0.02317,173714.0,0.023172,1621.0
1753600057253,07:07:37.253,binance,ACH/USDT:USDT,0.023171,15749.0,0.02317,5123.0,0.023172,1189.0,0.023173,432.0
1753600057356,07:07:37.356,binance,ACH/USDT:USDT,0.023172,16054.0,0.023171,4065.0,0.023177,67791.0,0.023178,1938.0
1753600057458,07:07:37.458,binance,ACH/USDT:USDT,0.023174,12977.0,0.023173,14429.0,0.023177,55382.0,0.023178,1225.0
1753600057561,07:07:37.561,binance,ACH/USDT:USDT,0.023174,13647.0,0.023173,4065.0,0.023177,55382.0,0.023178,1225.0
1753600057665,07:07:37.665,binance,ACH/USDT:USDT,0.023174,13647.0,0.023173,4065.0,0.023177,55382.0,0.023178,1225.0
1753600057934,07:07:37.934,binance,ACH/USDT:USDT,0.023174,13647.0,0.023173,4065.0,0.023177,55382.0,0.023178,1225.0
1753600058071,07:07:38.071,binance,ACH/USDT:USDT,0.023174,12117.0,0.023173,1530.0,0.023177,55382.0,0.023178,1225.0
1753600058174,07:07:38.174,binance,ACH/USDT:USDT,0.023174,12117.0,0.023173,1530.0,0.023177,55382.0,0.023178,2400.0
1753600058293,07:07:38.293,binance,ACH/USDT:USDT,0.023174,670.0,0.023172,23912.0,0.023176,47161.0,0.023177,55382.0
1753600058397,07:07:38.397,binance,ACH/USDT:USDT,0.023174,670.0,0.023172,23912.0,0.023176,47161.0,0.023177,55382.0
1753600058503,07:07:38.503,binance,ACH/USDT:USDT,0.023174,670.0,0.023172,23912.0,0.023176,47161.0,0.023177,55382.0
1753600058607,07:07:38.607,binance,ACH/USDT:USDT,0.023172,22397.0,0.023171,712.0,0.023176,47161.0,0.023177,61011.0
1753600058710,07:07:38.710,binance,ACH/USDT:USDT,0.023172,22397.0,0.023171,712.0,0.023176,47161.0,0.023177,61011.0
1753600058850,07:07:38.850,binance,ACH/USDT:USDT,0.023172,22397.0,0.023171,712.0,0.023176,47161.0,0.023177,61011.0
1753600059001,07:07:39.001,binance,ACH/USDT:USDT,0.023172,22397.0,0.023171,712.0,0.023176,47161.0,0.023177,61011.0
1753600059188,07:07:39.188,binance,ACH/USDT:USDT,0.023172,22397.0,0.023171,712.0,0.023176,47161.0,0.023177,61011.0
1753600059302,07:07:39.302,binance,ACH/USDT:USDT,0.023172,2828.0,0.023171,712.0,0.023176,47161.0,0.023177,61011.0
1753600059405,07:07:39.405,binance,ACH/USDT:USDT,0.023172,2828.0,0.023171,712.0,0.023175,828.0,0.023176,47380.0
1753600059509,07:07:39.509,binance,ACH/USDT:USDT,0.023172,2828.0,0.023171,712.0,0.023175,1238.0,0.023176,47380.0
1753600059613,07:07:39.613,binance,ACH/USDT:USDT,0.023172,2828.0,0.023171,712.0,0.023175,1238.0,0.023176,47380.0
1753600060139,07:07:40.139,binance,ACH/USDT:USDT,0.023172,2828.0,0.023171,712.0,0.023175,1238.0,0.023176,47380.0
1753600060263,07:07:40.263,binance,ACH/USDT:USDT,0.023172,2828.0,0.023171,712.0,0.023175,1238.0,0.023176,47380.0
1753600060371,07:07:40.371,binance,ACH/USDT:USDT,0.023172,3747.0,0.023171,712.0,0.023175,1238.0,0.023176,47380.0
1753600060477,07:07:40.477,binance,ACH/USDT:USDT,0.023172,5277.0,0.023171,3247.0,0.023175,1238.0,0.023176,47380.0
1753600060625,07:07:40.625,binance,ACH/USDT:USDT,0.023172,6807.0,0.023171,5757.0,0.023175,1238.0,0.023176,47380.0
1753600060743,07:07:40.743,binance,ACH/USDT:USDT,0.023172,6807.0,0.023171,5757.0,0.023175,1238.0,0.023176,47380.0
1753600060933,07:07:40.933,binance,ACH/USDT:USDT,0.023172,6807.0,0.023171,5757.0,0.023175,1238.0,0.023176,47380.0
1753600061545,07:07:41.545,binance,ACH/USDT:USDT,0.023172,3747.0,0.023171,712.0,0.023175,1238.0,0.023176,47380.0
1753600062006,07:07:42.006,binance,ACH/USDT:USDT,0.023172,5277.0,0.023171,5757.0,0.023175,1238.0,0.023176,47380.0
1753600062148,07:07:42.148,binance,ACH/USDT:USDT,0.023172,5277.0,0.023171,5757.0,0.023175,1238.0,0.023176,47380.0
1753600062254,07:07:42.254,binance,ACH/USDT:USDT,0.023172,3747.0,0.023171,712.0,0.023175,1238.0,0.023176,47380.0
1753600062358,07:07:42.358,binance,ACH/USDT:USDT,0.023172,3747.0,0.023171,712.0,0.023175,1238.0,0.023176,47380.0
1753600063102,07:07:43.102,binance,ACH/USDT:USDT,0.023172,3747.0,0.023171,712.0,0.023175,1238.0,0.023176,47380.0
1753600063207,07:07:43.207,binance,ACH/USDT:USDT,0.023172,6807.0,0.023171,5757.0,0.023175,1238.0,0.023176,47380.0
1753600063418,07:07:43.418,binance,ACH/USDT:USDT,0.023172,5277.0,0.023171,3222.0,0.023175,1238.0,0.023176,47380.0
1753600063650,07:07:43.650,binance,ACH/USDT:USDT,0.023173,11.0,0.023172,8676.0,0.023175,410.0,0.023176,47380.0
1753600063752,07:07:43.752,binance,ACH/USDT:USDT,0.023173,11.0,0.023172,8676.0,0.023175,410.0,0.023176,47380.0
1753600064638,07:07:44.638,binance,ACH/USDT:USDT,0.023173,11.0,0.023172,8676.0,0.023175,410.0,0.023176,47380.0
1753600065002,07:07:45.002,binance,ACH/USDT:USDT,0.023173,11.0,0.023172,6141.0,0.023175,410.0,0.023176,47380.0
1753600065141,07:07:45.141,binance,ACH/USDT:USDT,0.023173,11.0,0.023172,4611.0,0.023175,410.0,0.023176,47380.0
1753600065271,07:07:45.271,binance,ACH/USDT:USDT,0.023173,11.0,0.023172,6282.0,0.023175,410.0,0.023176,47380.0
1753600065902,07:07:45.902,binance,ACH/USDT:USDT,0.023173,11.0,0.023172,8792.0,0.023175,410.0,0.023176,47380.0
1753600066502,07:07:46.502,binance,ACH/USDT:USDT,0.023173,11.0,0.023172,8792.0,0.023175,410.0,0.023176,28024.0
1753600066702,07:07:46.702,binance,ACH/USDT:USDT,0.023173,11.0,0.023172,8792.0,0.023175,410.0,0.023176,28024.0
1753600066948,07:07:46.948,binance,ACH/USDT:USDT,0.023173,11.0,0.023172,8792.0,0.023175,410.0,0.023176,28024.0
1753600067051,07:07:47.051,binance,ACH/USDT:USDT,0.023173,11.0,0.023172,6257.0,0.023175,410.0,0.023176,28024.0
1753600067204,07:07:47.204,binance,ACH/USDT:USDT,0.023173,1541.0,0.023172,8792.0,0.023175,410.0,0.023176,28024.0
1753600067313,07:07:47.313,binance,ACH/USDT:USDT,0.023173,1541.0,0.023172,8792.0,0.023175,410.0,0.023176,28024.0
1753600067440,07:07:47.440,binance,ACH/USDT:USDT,0.023173,1541.0,0.023172,8792.0,0.023175,410.0,0.023176,28024.0
1753600067594,07:07:47.594,binance,ACH/USDT:USDT,0.023173,1541.0,0.023172,8792.0,0.023175,410.0,0.023176,28024.0
1753600067697,07:07:47.697,binance,ACH/USDT:USDT,0.023169,12612.0,0.023168,5090.0,0.023174,19845.0,0.023175,410.0
1753600067800,07:07:47.800,binance,ACH/USDT:USDT,0.023169,12612.0,0.023168,5090.0,0.023174,19845.0,0.023175,410.0
1753600067904,07:07:47.904,binance,ACH/USDT:USDT,0.023169,12612.0,0.023168,5090.0,0.023174,19845.0,0.023175,410.0
1753600068283,07:07:48.283,binance,ACH/USDT:USDT,0.023169,12612.0,0.023168,5090.0,0.023174,19845.0,0.023175,410.0
1753600068407,07:07:48.407,binance,ACH/USDT:USDT,0.023169,12612.0,0.023168,5090.0,0.023174,19845.0,0.023175,410.0
1753600068578,07:07:48.578,binance,ACH/USDT:USDT,0.023169,12612.0,0.023168,5090.0,0.023174,19845.0,0.023175,410.0
1753600068763,07:07:48.763,binance,ACH/USDT:USDT,0.023169,12612.0,0.023168,5090.0,0.023174,19845.0,0.023175,410.0
1753600068902,07:07:48.902,binance,ACH/USDT:USDT,0.023169,12612.0,0.023168,5090.0,0.023174,19845.0,0.023175,410.0
1753600069129,07:07:49.129,binance,ACH/USDT:USDT,0.023169,12612.0,0.023168,7600.0,0.023174,19845.0,0.023175,410.0
1753600069404,07:07:49.404,binance,ACH/USDT:USDT,0.023169,12612.0,0.023168,5090.0,0.023172,27806.0,0.023174,20496.0
1753600069902,07:07:49.902,binance,ACH/USDT:USDT,0.023169,12612.0,0.023168,5090.0,0.023172,27806.0,0.023174,20496.0
1753600070301,07:07:50.301,binance,ACH/USDT:USDT,0.023169,14782.0,0.023168,5090.0,0.023172,27806.0,0.023174,20496.0
1753600070404,07:07:50.404,binance,ACH/USDT:USDT,0.023169,14782.0,0.023168,5954.0,0.023172,27806.0,0.023174,20496.0
1753600070602,07:07:50.602,binance,ACH/USDT:USDT,0.023169,14242.0,0.023168,5954.0,0.023172,27806.0,0.023174,20496.0
1753600070728,07:07:50.728,binance,ACH/USDT:USDT,0.023169,14242.0,0.023168,4522.0,0.023172,27806.0,0.023174,20496.0
1753600071318,07:07:51.318,binance,ACH/USDT:USDT,0.023169,14242.0,0.023168,2754.0,0.023172,27906.0,0.023174,1151.0
1753600071430,07:07:51.430,binance,ACH/USDT:USDT,0.023169,14242.0,0.023168,2754.0,0.023172,27906.0,0.023174,1802.0
1753600071532,07:07:51.532,binance,ACH/USDT:USDT,0.023169,14242.0,0.023168,2754.0,0.023172,27906.0,0.023174,1802.0
1753600071646,07:07:51.646,binance,ACH/USDT:USDT,0.023169,14242.0,0.023168,2754.0,0.023172,27906.0,0.023174,1802.0
1753600071748,07:07:51.748,binance,ACH/USDT:USDT,0.023169,14242.0,0.023168,2754.0,0.023172,27906.0,0.023174,1802.0
1753600071929,07:07:51.929,binance,ACH/USDT:USDT,0.023169,14242.0,0.023168,2754.0,0.023172,27906.0,0.023174,1802.0
1753600072102,07:07:52.102,binance,ACH/USDT:USDT,0.023169,14242.0,0.023168,3618.0,0.023172,27906.0,0.023174,1802.0
1753600072206,07:07:52.206,binance,ACH/USDT:USDT,0.023169,14242.0,0.023168,3618.0,0.023172,28212.0,0.023174,1479.0
1753600072528,07:07:52.528,binance,ACH/USDT:USDT,0.023169,9521.0,0.023168,2754.0,0.023171,80402.0,0.023172,306.0
1753600072688,07:07:52.688,binance,ACH/USDT:USDT,0.023169,9521.0,0.023168,2754.0,0.023171,80402.0,0.023172,306.0
1753600072793,07:07:52.793,binance,ACH/USDT:USDT,0.023169,9521.0,0.023168,2754.0,0.023171,80402.0,0.023172,306.0
1753600073273,07:07:53.273,binance,ACH/USDT:USDT,0.023169,9521.0,0.023168,2754.0,0.023171,79227.0,0.023172,306.0
1753600073383,07:07:53.383,binance,ACH/USDT:USDT,0.023169,9521.0,0.023168,2754.0,0.023171,79227.0,0.023172,306.0
1753600073802,07:07:53.802,binance,ACH/USDT:USDT,0.023169,9521.0,0.023168,2754.0,0.023171,79227.0,0.023172,306.0
1753600074001,07:07:54.001,binance,ACH/USDT:USDT,0.023169,9521.0,0.023168,2754.0,0.023171,79227.0,0.023172,306.0
1753600074283,07:07:54.283,binance,ACH/USDT:USDT,0.023169,9521.0,0.023168,2754.0,0.023171,79227.0,0.023172,306.0
1753600074489,07:07:54.489,binance,ACH/USDT:USDT,0.023169,9521.0,0.023168,2754.0,0.023171,79227.0,0.023172,306.0
1753600074773,07:07:54.773,binance,ACH/USDT:USDT,0.023169,9521.0,0.023168,2754.0,0.023171,79227.0,0.023172,306.0
1753600074902,07:07:54.902,binance,ACH/USDT:USDT,0.023169,9521.0,0.023168,2754.0,0.023171,79227.0,0.023172,306.0
1753600075102,07:07:55.102,binance,ACH/USDT:USDT,0.023169,9521.0,0.023168,2754.0,0.023171,79227.0,0.023172,306.0
1753600075337,07:07:55.337,binance,ACH/USDT:USDT,0.023169,9521.0,0.023168,2754.0,0.02317,43106.0,0.023171,79227.0
1753600075439,07:07:55.439,binance,ACH/USDT:USDT,0.023169,9521.0,0.023168,2754.0,0.02317,43106.0,0.023171,80402.0
1753600075543,07:07:55.543,binance,ACH/USDT:USDT,0.023169,9521.0,0.023168,2754.0,0.02317,43106.0,0.023171,80402.0
1753600075702,07:07:55.702,binance,ACH/USDT:USDT,0.023169,9521.0,0.023168,2754.0,0.02317,43106.0,0.023171,80402.0
1753600075929,07:07:55.929,binance,ACH/USDT:USDT,0.023169,9521.0,0.023168,2754.0,0.02317,43106.0,0.023171,79227.0
1753600076035,07:07:56.035,binance,ACH/USDT:USDT,0.023169,9521.0,0.023168,2754.0,0.02317,43106.0,0.023171,79227.0
1753600076202,07:07:56.202,binance,ACH/USDT:USDT,0.023169,9521.0,0.023168,2754.0,0.02317,43106.0,0.023171,79227.0
1753600076402,07:07:56.402,binance,ACH/USDT:USDT,0.023169,9521.0,0.023168,2754.0,0.02317,43106.0,0.023171,79227.0
1753600076547,07:07:56.547,binance,ACH/USDT:USDT,0.023169,9521.0,0.023168,2754.0,0.02317,43106.0,0.023171,79227.0
1753600076681,07:07:56.681,binance,ACH/USDT:USDT,0.023169,9521.0,0.023168,219.0,0.02317,44345.0,0.023171,79227.0
1753600076785,07:07:56.785,binance,ACH/USDT:USDT,0.023167,2883.0,0.023166,760.0,0.023169,33382.0,0.02317,59103.0
1753600076891,07:07:56.891,binance,ACH/USDT:USDT,0.023167,2883.0,0.023166,760.0,0.023168,16801.0,0.023169,29833.0
1753600076996,07:07:56.996,binance,ACH/USDT:USDT,0.023163,238.0,0.023162,432.0,0.023166,10720.0,0.023167,25840.0
1753600077102,07:07:57.102,binance,ACH/USDT:USDT,0.023163,238.0,0.023162,432.0,0.023165,828.0,0.023166,10720.0
1753600077312,07:07:57.312,binance,ACH/USDT:USDT,0.023163,238.0,0.023162,432.0,0.023165,828.0,0.023166,10720.0
1753600077525,07:07:57.525,binance,ACH/USDT:USDT,0.023163,238.0,0.023162,432.0,0.023166,10720.0,0.023167,15120.0
1753600077630,07:07:57.630,binance,ACH/USDT:USDT,0.023163,238.0,0.023162,432.0,0.023166,10720.0,0.023167,15120.0
1753600077736,07:07:57.736,binance,ACH/USDT:USDT,0.023163,238.0,0.023162,432.0,0.023166,10720.0,0.023167,15120.0
1753600077878,07:07:57.878,binance,ACH/USDT:USDT,0.023163,238.0,0.023162,432.0,0.023166,10720.0,0.023167,15120.0
1753600078097,07:07:58.097,binance,ACH/USDT:USDT,0.023163,1768.0,0.023162,7909.0,0.023166,10720.0,0.023167,15120.0
1753600078204,07:07:58.204,binance,ACH/USDT:USDT,0.023163,1768.0,0.023162,7909.0,0.023166,10720.0,0.023167,15120.0
1753600078307,07:07:58.307,binance,ACH/USDT:USDT,0.023163,1768.0,0.023162,5399.0,0.023166,10720.0,0.023167,15120.0
1753600078439,07:07:58.439,binance,ACH/USDT:USDT,0.023163,1768.0,0.023162,5399.0,0.023165,79226.0,0.023166,10720.0
1753600078673,07:07:58.673,binance,ACH/USDT:USDT,0.023163,1768.0,0.023162,2967.0,0.023165,79226.0,0.023166,10720.0
1753600078783,07:07:58.783,binance,ACH/USDT:USDT,0.023163,1768.0,0.023162,2967.0,0.023165,79226.0,0.023166,10720.0
1753600078902,07:07:58.902,binance,ACH/USDT:USDT,0.023163,1768.0,0.023162,2967.0,0.023165,79226.0,0.023166,10720.0
1753600079007,07:07:59.007,binance,ACH/USDT:USDT,0.023163,1768.0,0.023162,2967.0,0.023165,79226.0,0.023166,10720.0
1753600079202,07:07:59.202,binance,ACH/USDT:USDT,0.023163,1768.0,0.023162,2967.0,0.023165,79226.0,0.023166,10720.0
1753600079307,07:07:59.307,binance,ACH/USDT:USDT,0.023163,3927.0,0.023162,2535.0,0.023165,79226.0,0.023166,10720.0
1753600079644,07:07:59.644,binance,ACH/USDT:USDT,0.023163,3927.0,0.023162,3035.0,0.023165,79226.0,0.023166,10720.0
1753600079802,07:07:59.802,binance,ACH/USDT:USDT,0.023163,3927.0,0.023162,3035.0,0.023165,79226.0,0.023166,10720.0
1753600080002,07:08:00.002,binance,ACH/USDT:USDT,0.023163,3927.0,0.023162,3035.0,0.023165,79226.0,0.023166,10720.0
1753600080118,07:08:00.118,binance,ACH/USDT:USDT,0.023163,3927.0,0.023162,3035.0,0.023165,79226.0,0.023166,10720.0
1753600080393,07:08:00.393,binance,ACH/USDT:USDT,0.023163,3927.0,0.023162,3035.0,0.023165,79226.0,0.023166,10720.0
1753600080502,07:08:00.502,binance,ACH/USDT:USDT,0.023163,3927.0,0.023162,3035.0,0.023165,79226.0,0.023166,10720.0
1753600080628,07:08:00.628,binance,ACH/USDT:USDT,0.023163,3927.0,0.023162,3035.0,0.023165,79226.0,0.023166,10720.0
1753600080902,07:08:00.902,binance,ACH/USDT:USDT,0.023163,3927.0,0.023162,3035.0,0.023165,79226.0,0.023167,651.0
1753600081011,07:08:01.011,binance,ACH/USDT:USDT,0.023163,3927.0,0.023162,3035.0,0.023165,79226.0,0.023167,651.0
1753600081154,07:08:01.154,binance,ACH/USDT:USDT,0.023163,2397.0,0.023162,750.0,0.023165,79226.0,0.023167,651.0
1753600081294,07:08:01.294,binance,ACH/USDT:USDT,0.023163,2397.0,0.023162,750.0,0.023164,43105.0,0.023165,79226.0
1753600081397,07:08:01.397,binance,ACH/USDT:USDT,0.023163,4556.0,0.023162,750.0,0.023164,43105.0,0.023165,79226.0
1753600081513,07:08:01.513,binance,ACH/USDT:USDT,0.023163,4556.0,0.023162,750.0,0.023164,43105.0,0.023165,79226.0
1753600081623,07:08:01.623,binance,ACH/USDT:USDT,0.023163,4556.0,0.023162,750.0,0.023164,43105.0,0.023165,79226.0
1753600081736,07:08:01.736,binance,ACH/USDT:USDT,0.023163,4556.0,0.023162,750.0,0.023164,43105.0,0.023165,79226.0
1753600081876,07:08:01.876,binance,ACH/USDT:USDT,0.023161,2808.0,0.02316,6920.0,0.023164,43105.0,0.023165,79226.0
1753600081977,07:08:01.977,binance,ACH/USDT:USDT,0.023159,713.0,0.023158,1555.0,0.02316,3549.0,0.023161,7828.0
1753600082080,07:08:02.080,binance,ACH/USDT:USDT,0.023159,713.0,0.023158,1555.0,0.02316,3549.0,0.023161,7828.0
1753600082181,07:08:02.181,binance,ACH/USDT:USDT,0.023159,713.0,0.023158,1555.0,0.02316,3549.0,0.023161,7828.0
1753600082287,07:08:02.287,binance,ACH/USDT:USDT,0.023157,10386.0,0.023155,7648.0,0.023158,3549.0,0.023159,16009.0
1753600082407,07:08:02.407,binance,ACH/USDT:USDT,0.023157,5432.0,0.023155,7648.0,0.023158,4849.0,0.023159,16009.0
1753600082510,07:08:02.510,binance,ACH/USDT:USDT,0.023157,5432.0,0.023155,7648.0,0.023158,4849.0,0.023159,16009.0
1753600082836,07:08:02.836,binance,ACH/USDT:USDT,0.023155,2179.0,0.023154,1517.0,0.023156,3549.0,0.023157,540.0
1753600082950,07:08:02.950,binance,ACH/USDT:USDT,0.023155,2179.0,0.023154,1517.0,0.023156,3549.0,0.023158,15273.0
1753600083064,07:08:03.064,binance,ACH/USDT:USDT,0.023155,2179.0,0.023154,1517.0,0.023156,3549.0,0.023158,12273.0
1753600083206,07:08:03.206,binance,ACH/USDT:USDT,0.023155,2179.0,0.023154,1517.0,0.023156,3549.0,0.023158,12273.0
1753600083351,07:08:03.351,binance,ACH/USDT:USDT,0.023155,2179.0,0.023154,1517.0,0.023156,46680.0,0.023158,12273.0
1753600083456,07:08:03.456,binance,ACH/USDT:USDT,0.023155,2179.0,0.023154,1517.0,0.023156,46680.0,0.023158,12273.0
1753600083627,07:08:03.627,binance,ACH/USDT:USDT,0.023155,2179.0,0.023154,1517.0,0.023156,46680.0,0.023158,12273.0
1753600083975,07:08:03.975,binance,ACH/USDT:USDT,0.023155,2179.0,0.023154,1517.0,0.023156,46680.0,0.023158,12273.0
1753600084117,07:08:04.117,binance,ACH/USDT:USDT,0.023155,2179.0,0.023154,1517.0,0.023156,46680.0,0.023158,1732.0
1753600084221,07:08:04.221,binance,ACH/USDT:USDT,0.023155,2179.0,0.023154,1517.0,0.023156,46680.0,0.023158,1732.0
1753600084357,07:08:04.357,binance,ACH/USDT:USDT,0.023155,2179.0,0.023154,1517.0,0.023156,43157.0,0.023158,1732.0
1753600084468,07:08:04.468,binance,ACH/USDT:USDT,0.023155,2179.0,0.023154,1517.0,0.023156,43157.0,0.023158,1732.0
1753600084608,07:08:04.608,binance,ACH/USDT:USDT,0.023155,2179.0,0.023154,1517.0,0.023156,43157.0,0.023158,1732.0
1753600084982,07:08:04.982,binance,ACH/USDT:USDT,0.023155,2179.0,0.023154,1517.0,0.023156,43157.0,0.023158,1951.0
1753600085087,07:08:05.087,binance,ACH/USDT:USDT,0.023155,2179.0,0.023154,1517.0,0.023156,43157.0,0.023158,1951.0
1753600085302,07:08:05.302,binance,ACH/USDT:USDT,0.023155,2179.0,0.023154,1517.0,0.023156,43157.0,0.023158,1951.0
1753600085476,07:08:05.476,binance,ACH/USDT:USDT,0.023155,713.0,0.023154,1517.0,0.023156,43157.0,0.023158,1951.0
1753600085577,07:08:05.577,binance,ACH/USDT:USDT,0.023155,713.0,0.023154,1517.0,0.023156,43157.0,0.023158,1951.0
1753600085802,07:08:05.802,binance,ACH/USDT:USDT,0.023155,713.0,0.023154,1517.0,0.023156,43157.0,0.023158,1951.0
1753600085910,07:08:05.910,binance,ACH/USDT:USDT,0.023155,713.0,0.023154,1517.0,0.023156,43157.0,0.023158,1951.0
1753600086102,07:08:06.102,binance,ACH/USDT:USDT,0.023155,713.0,0.023154,1517.0,0.023156,43157.0,0.023158,1951.0
1753600086415,07:08:06.415,binance,ACH/USDT:USDT,0.023155,713.0,0.023154,3938.0,0.023156,43157.0,0.023158,1951.0
1753600086518,07:08:06.518,binance,ACH/USDT:USDT,0.023155,713.0,0.023154,3938.0,0.023156,43157.0,0.023158,1951.0
1753600086938,07:08:06.938,binance,ACH/USDT:USDT,0.023155,713.0,0.023154,3181.0,0.023156,43157.0,0.023158,651.0
1753600087147,07:08:07.147,binance,ACH/USDT:USDT,0.023155,713.0,0.023154,3181.0,0.023156,43157.0,0.023158,651.0
1753600087286,07:08:07.286,binance,ACH/USDT:USDT,0.023155,713.0,0.023154,3181.0,0.023156,43157.0,0.023158,651.0
1753600087389,07:08:07.389,binance,ACH/USDT:USDT,0.023155,713.0,0.023154,3181.0,0.023156,43157.0,0.023158,651.0
1753600087602,07:08:07.602,binance,ACH/USDT:USDT,0.023155,713.0,0.023154,3181.0,0.023156,43157.0,0.023158,651.0
1753600087749,07:08:07.749,binance,ACH/USDT:USDT,0.023155,713.0,0.023154,3181.0,0.023156,43157.0,0.023158,651.0
1753600087853,07:08:07.853,binance,ACH/USDT:USDT,0.023155,713.0,0.023154,3181.0,0.023156,43157.0,0.023158,651.0
1753600087957,07:08:07.957,binance,ACH/USDT:USDT,0.023155,713.0,0.023154,3181.0,0.023156,43157.0,0.023158,651.0
1753600088096,07:08:08.096,binance,ACH/USDT:USDT,0.023155,713.0,0.023154,3181.0,0.023156,43157.0,0.023157,634.0
1753600088202,07:08:08.202,binance,ACH/USDT:USDT,0.023155,713.0,0.023154,3181.0,0.023156,43157.0,0.023157,634.0
1753600088358,07:08:08.358,binance,ACH/USDT:USDT,0.023156,11747.0,0.023155,3112.0,0.023157,634.0,0.023158,651.0
1753600088462,07:08:08.462,binance,ACH/USDT:USDT,0.023156,12611.0,0.023155,3112.0,0.023157,634.0,0.023158,651.0
1753600088566,07:08:08.566,binance,ACH/USDT:USDT,0.023156,12611.0,0.023155,3112.0,0.023157,634.0,0.023158,651.0
1753600088744,07:08:08.744,binance,ACH/USDT:USDT,0.023156,12611.0,0.023155,3112.0,0.023157,634.0,0.023158,651.0
1753600089003,07:08:09.003,binance,ACH/USDT:USDT,0.023156,12611.0,0.023155,3112.0,0.023157,634.0,0.023158,651.0
1753600089409,07:08:09.409,binance,ACH/USDT:USDT,0.023156,12611.0,0.023155,3112.0,0.023157,634.0,0.023158,651.0
1753600089556,07:08:09.556,binance,ACH/USDT:USDT,0.023156,12201.0,0.023155,3112.0,0.023157,634.0,0.023158,651.0
1753600089658,07:08:09.658,binance,ACH/USDT:USDT,0.023156,12201.0,0.023155,3112.0,0.023157,634.0,0.023158,651.0
1753600090077,07:08:10.077,binance,ACH/USDT:USDT,0.023155,713.0,0.023154,1192.0,0.023157,979.0,0.023158,867.0
1753600090181,07:08:10.181,binance,ACH/USDT:USDT,0.023155,713.0,0.023154,1192.0,0.023157,979.0,0.023158,867.0
1753600090418,07:08:10.418,binance,ACH/USDT:USDT,0.023155,713.0,0.023154,1192.0,0.023157,979.0,0.023158,867.0
1753600090521,07:08:10.521,binance,ACH/USDT:USDT,0.023155,713.0,0.023154,2705.0,0.023157,979.0,0.023158,867.0
1753600090702,07:08:10.702,binance,ACH/USDT:USDT,0.023155,713.0,0.023154,2705.0,0.023157,4664.0,0.023158,435.0
1753600091006,07:08:11.006,binance,ACH/USDT:USDT,0.023155,713.0,0.023154,3613.0,0.023157,4664.0,0.023158,435.0
1753600091273,07:08:11.273,binance,ACH/USDT:USDT,0.023155,713.0,0.023154,3613.0,0.023157,4664.0,0.023158,435.0
1753600091405,07:08:11.405,binance,ACH/USDT:USDT,0.023155,713.0,0.023154,1192.0,0.023157,4664.0,0.023158,435.0
1753600091506,07:08:11.506,binance,ACH/USDT:USDT,0.023155,713.0,0.023154,1192.0,0.023157,4664.0,0.023158,435.0
1753600091643,07:08:11.643,binance,ACH/USDT:USDT,0.023155,713.0,0.023154,1192.0,0.023157,4664.0,0.023158,435.0
1753600091924,07:08:11.924,binance,ACH/USDT:USDT,0.023155,713.0,0.023154,1192.0,0.023157,4664.0,0.023158,435.0
1753600092202,07:08:12.202,binance,ACH/USDT:USDT,0.023153,713.0,0.023152,219.0,0.023154,3549.0,0.023156,14761.0
1753600092304,07:08:12.304,binance,ACH/USDT:USDT,0.023153,713.0,0.023152,219.0,0.023154,3549.0,0.023156,14761.0
1753600092407,07:08:12.407,binance,ACH/USDT:USDT,0.023153,713.0,0.023152,219.0,0.023154,3549.0,0.023156,14761.0
1753600092549,07:08:12.549,binance,ACH/USDT:USDT,0.023153,713.0,0.023152,219.0,0.023154,3549.0,0.023156,19632.0
1753600092654,07:08:12.654,binance,ACH/USDT:USDT,0.023153,713.0,0.023152,219.0,0.023154,3549.0,0.023156,19632.0
1753600092764,07:08:12.764,binance,ACH/USDT:USDT,0.023151,2160.0,0.023149,1365.0,0.023154,3549.0,0.023155,5848.0
1753600092865,07:08:12.865,binance,ACH/USDT:USDT,0.023151,2160.0,0.023149,1365.0,0.023154,3549.0,0.023155,5848.0
1753600093002,07:08:13.002,binance,ACH/USDT:USDT,0.023151,2160.0,0.023149,1365.0,0.023154,3549.0,0.023155,219.0
1753600093105,07:08:13.105,binance,ACH/USDT:USDT,0.023151,2160.0,0.02315,394.0,0.023154,3549.0,0.023155,219.0
1753600093312,07:08:13.312,binance,ACH/USDT:USDT,0.023151,2160.0,0.02315,394.0,0.023153,76233.0,0.023155,219.0
1753600093415,07:08:13.415,binance,ACH/USDT:USDT,0.023151,2160.0,0.023149,1365.0,0.023153,76233.0,0.023155,652.0
1753600093519,07:08:13.519,binance,ACH/USDT:USDT,0.023151,2160.0,0.023149,1365.0,0.023153,76233.0,0.023155,652.0
1753600093702,07:08:13.702,binance,ACH/USDT:USDT,0.023151,2160.0,0.023149,1365.0,0.023153,79910.0,0.023155,652.0
1753600093900,07:08:13.900,binance,ACH/USDT:USDT,0.023151,2160.0,0.023149,1365.0,0.023153,79910.0,0.023155,652.0
1753600094038,07:08:14.038,binance,ACH/USDT:USDT,0.023151,2160.0,0.02315,2421.0,0.023153,79910.0,0.023155,652.0
1753600094143,07:08:14.143,binance,ACH/USDT:USDT,0.023153,10291.0,0.023152,31970.0,0.023156,14978.0,0.023157,979.0
1753600094245,07:08:14.245,binance,ACH/USDT:USDT,0.023153,10291.0,0.023152,31970.0,0.023156,1189.0,0.023157,979.0
1753600094353,07:08:14.353,binance,ACH/USDT:USDT,0.023153,10291.0,0.023152,31970.0,0.023156,1189.0,0.023157,979.0
1753600094702,07:08:14.702,binance,ACH/USDT:USDT,0.023153,10291.0,0.023152,31970.0,0.023156,1189.0,0.023157,979.0
1753600094896,07:08:14.896,binance,ACH/USDT:USDT,0.023153,10291.0,0.023152,32237.0,0.023156,1189.0,0.023157,979.0
1753600095015,07:08:15.015,binance,ACH/USDT:USDT,0.023153,10291.0,0.023152,32237.0,0.023155,639.0,0.023156,1589.0
1753600095157,07:08:15.157,binance,ACH/USDT:USDT,0.023153,10291.0,0.023152,32237.0,0.023155,639.0,0.023156,1589.0
1753600095260,07:08:15.260,binance,ACH/USDT:USDT,0.023153,10291.0,0.023152,32237.0,0.023155,639.0,0.023156,1589.0
1753600095402,07:08:15.402,binance,ACH/USDT:USDT,0.023153,10291.0,0.023152,32237.0,0.023155,639.0,0.023156,1589.0
1753600095546,07:08:15.546,binance,ACH/USDT:USDT,0.023153,10291.0,0.023152,32237.0,0.023155,639.0,0.023156,1589.0
1753600095710,07:08:15.710,binance,ACH/USDT:USDT,0.023153,10291.0,0.023152,32237.0,0.023155,639.0,0.023156,1589.0
1753600095813,07:08:15.813,binance,ACH/USDT:USDT,0.023153,10291.0,0.023152,32237.0,0.023155,639.0,0.023156,1589.0
1753600095978,07:08:15.978,binance,ACH/USDT:USDT,0.023153,10291.0,0.023152,32237.0,0.023155,639.0,0.023156,1589.0
1753600096188,07:08:16.188,binance,ACH/USDT:USDT,0.023153,10291.0,0.023152,32237.0,0.023155,639.0,0.023156,1589.0
1753600096627,07:08:16.627,binance,ACH/USDT:USDT,0.023153,10291.0,0.023152,32237.0,0.023155,639.0,0.023156,1589.0
1753600096821,07:08:16.821,binance,ACH/USDT:USDT,0.023153,10291.0,0.023152,32237.0,0.023155,639.0,0.023156,1589.0
1753600097002,07:08:17.002,binance,ACH/USDT:USDT,0.023153,10291.0,0.023152,32237.0,0.023155,639.0,0.023156,1589.0
1753600097145,07:08:17.145,binance,ACH/USDT:USDT,0.023153,10291.0,0.023152,32237.0,0.023155,639.0,0.023156,1589.0
1753600097321,07:08:17.321,binance,ACH/USDT:USDT,0.023152,25461.0,0.023151,1799.0,0.023155,639.0,0.023156,1589.0
1753600097425,07:08:17.425,binance,ACH/USDT:USDT,0.023152,25461.0,0.023151,1799.0,0.023155,639.0,0.023156,1589.0
1753600097602,07:08:17.602,binance,ACH/USDT:USDT,0.023152,25461.0,0.023151,4220.0,0.023155,639.0,0.023156,1189.0
1753600097719,07:08:17.719,binance,ACH/USDT:USDT,0.023152,25461.0,0.023151,4220.0,0.023155,639.0,0.023156,1189.0
1753600097902,07:08:17.902,binance,ACH/USDT:USDT,0.023152,27621.0,0.023151,4220.0,0.023155,639.0,0.023156,1189.0
1753600098083,07:08:18.083,binance,ACH/USDT:USDT,0.023152,27621.0,0.023151,4220.0,0.023155,639.0,0.023156,1189.0
1753600098370,07:08:18.370,binance,ACH/USDT:USDT,0.023152,27621.0,0.023151,1799.0,0.023154,4401.0,0.023155,858.0
1753600098478,07:08:18.478,binance,ACH/USDT:USDT,0.023152,28611.0,0.023151,4220.0,0.023154,5035.0,0.023155,858.0
1753600098581,07:08:18.581,binance,ACH/USDT:USDT,0.023152,28611.0,0.023151,4220.0,0.023154,5035.0,0.023155,858.0
1753600098946,07:08:18.946,binance,ACH/USDT:USDT,0.023152,28611.0,0.023151,4220.0,0.023154,5035.0,0.023155,858.0
1753600099050,07:08:19.050,binance,ACH/USDT:USDT,0.023152,29106.0,0.023151,4220.0,0.023154,5035.0,0.023155,858.0
1753600099233,07:08:19.233,binance,ACH/USDT:USDT,0.023152,29106.0,0.023151,4220.0,0.023154,5035.0,0.023155,858.0
1753600099441,07:08:19.441,binance,ACH/USDT:USDT,0.023152,29106.0,0.023151,4220.0,0.023154,5035.0,0.023155,858.0
1753600099553,07:08:19.553,binance,ACH/USDT:USDT,0.023152,29106.0,0.023151,4220.0,0.023154,5035.0,0.023155,858.0
1753600099668,07:08:19.668,binance,ACH/USDT:USDT,0.023152,29106.0,0.023151,4220.0,0.023154,5262.0,0.023155,858.0
1753600099826,07:08:19.826,binance,ACH/USDT:USDT,0.023152,29106.0,0.023151,4220.0,0.023154,5262.0,0.023155,858.0
1753600100090,07:08:20.090,binance,ACH/USDT:USDT,0.023152,29106.0,0.023151,4220.0,0.023154,5262.0,0.023155,219.0
1753600100367,07:08:20.367,binance,ACH/USDT:USDT,0.023152,29106.0,0.023151,4220.0,0.023154,5262.0,0.023155,219.0
1753600100657,07:08:20.657,binance,ACH/USDT:USDT,0.023152,29106.0,0.023151,4220.0,0.023154,5262.0,0.023155,219.0
1753600100760,07:08:20.760,binance,ACH/USDT:USDT,0.023152,29106.0,0.023151,4220.0,0.023154,5262.0,0.023155,219.0
1753600101258,07:08:21.258,binance,ACH/USDT:USDT,0.023152,28611.0,0.023151,4220.0,0.023154,5262.0,0.023155,219.0
1753600101378,07:08:21.378,binance,ACH/USDT:USDT,0.023152,28611.0,0.023151,4220.0,0.023154,5262.0,0.023155,219.0
1753600101636,07:08:21.636,binance,ACH/USDT:USDT,0.023152,31266.0,0.023151,7483.0,0.023154,5262.0,0.023155,219.0
1753600101763,07:08:21.763,binance,ACH/USDT:USDT,0.023152,30276.0,0.023151,7483.0,0.023154,5262.0,0.023155,219.0
1753600101978,07:08:21.978,binance,ACH/USDT:USDT,0.023152,30276.0,0.023151,7483.0,0.023154,5262.0,0.023155,219.0
1753600102122,07:08:22.122,binance,ACH/USDT:USDT,0.023152,29781.0,0.023151,6635.0,0.023154,5262.0,0.023155,219.0
1753600102302,07:08:22.302,binance,ACH/USDT:USDT,0.023152,29781.0,0.023151,6635.0,0.023154,5262.0,0.023155,219.0
1753600102520,07:08:22.520,binance,ACH/USDT:USDT,0.023152,30276.0,0.023151,951.0,0.023153,130547.0,0.023154,5262.0
1753600102637,07:08:22.637,binance,ACH/USDT:USDT,0.02315,4998.0,0.023149,932.0,0.023151,3549.0,0.023153,131199.0
1753600102744,07:08:22.744,binance,ACH/USDT:USDT,0.02315,6204.0,0.023149,932.0,0.023151,3549.0,0.023153,131199.0
1753600102859,07:08:22.859,binance,ACH/USDT:USDT,0.02315,10173.0,0.023149,932.0,0.023153,130547.0,0.023154,5262.0
1753600102968,07:08:22.968,binance,ACH/USDT:USDT,0.02315,11629.0,0.023149,3353.0,0.023153,130547.0,0.023154,5262.0
1753600103141,07:08:23.141,binance,ACH/USDT:USDT,0.02315,11629.0,0.023149,3353.0,0.023153,130547.0,0.023154,5262.0
1753600103383,07:08:23.383,binance,ACH/USDT:USDT,0.02315,11629.0,0.023149,3353.0,0.023153,130547.0,0.023154,5262.0
1753600103485,07:08:23.485,binance,ACH/USDT:USDT,0.02315,10173.0,0.023149,932.0,0.023153,130547.0,0.023154,5262.0
1753600103610,07:08:23.610,binance,ACH/USDT:USDT,0.02315,12333.0,0.023149,932.0,0.023153,130547.0,0.023154,5262.0
1753600104002,07:08:24.002,binance,ACH/USDT:USDT,0.02315,12333.0,0.023149,932.0,0.023153,130547.0,0.023154,5262.0
1753600104138,07:08:24.138,binance,ACH/USDT:USDT,0.02315,12333.0,0.023149,932.0,0.023153,130547.0,0.023154,5262.0
1753600104244,07:08:24.244,binance,ACH/USDT:USDT,0.02315,12333.0,0.023149,932.0,0.023153,130547.0,0.023154,5262.0
1753600104383,07:08:24.383,binance,ACH/USDT:USDT,0.02315,12333.0,0.023149,932.0,0.023153,130547.0,0.023154,5262.0
1753600104523,07:08:24.523,binance,ACH/USDT:USDT,0.02315,12333.0,0.023149,932.0,0.023153,130547.0,0.023154,5262.0
1753600105086,07:08:25.086,binance,ACH/USDT:USDT,0.02315,12333.0,0.023149,932.0,0.023153,130547.0,0.023154,5262.0
1753600105571,07:08:25.571,binance,ACH/USDT:USDT,0.02315,12333.0,0.023149,932.0,0.023153,130547.0,0.023154,5262.0
1753600105683,07:08:25.683,binance,ACH/USDT:USDT,0.02315,12333.0,0.023149,932.0,0.023153,130547.0,0.023154,5262.0
1753600105942,07:08:25.942,binance,ACH/USDT:USDT,0.023153,10697.0,0.023152,4727.0,0.023156,1189.0,0.023157,671.0
1753600106045,07:08:26.045,binance,ACH/USDT:USDT,0.023154,13609.0,0.023153,9476.0,0.023156,1189.0,0.023157,671.0
1753600106151,07:08:26.151,binance,ACH/USDT:USDT,0.023154,14473.0,0.023153,10079.0,0.023156,1189.0,0.023157,671.0
1753600106269,07:08:26.269,binance,ACH/USDT:USDT,0.023154,14473.0,0.023153,9476.0,0.023156,1189.0,0.023157,671.0
1753600106389,07:08:26.389,binance,ACH/USDT:USDT,0.023154,16633.0,0.023153,9476.0,0.023156,1189.0,0.023157,671.0
1753600106502,07:08:26.502,binance,ACH/USDT:USDT,0.023154,16633.0,0.023153,9476.0,0.023156,1189.0,0.023157,671.0
1753600106617,07:08:26.617,binance,ACH/USDT:USDT,0.023154,14473.0,0.023153,9476.0,0.023156,1189.0,0.023157,671.0
1753600106949,07:08:26.949,binance,ACH/USDT:USDT,0.023154,14473.0,0.023153,9476.0,0.023156,1189.0,0.023157,671.0
1753600107102,07:08:27.102,binance,ACH/USDT:USDT,0.023155,10697.0,0.023154,3776.0,0.023156,1189.0,0.023157,671.0
1753600107207,07:08:27.207,binance,ACH/USDT:USDT,0.023155,10697.0,0.023154,3776.0,0.023156,1189.0,0.023157,671.0
1753600107479,07:08:27.479,binance,ACH/USDT:USDT,0.023155,10697.0,0.023154,3776.0,0.023156,1189.0,0.023157,671.0
1753600107986,07:08:27.986,binance,ACH/USDT:USDT,0.023155,10697.0,0.023154,3776.0,0.023156,1189.0,0.023157,671.0
1753600108436,07:08:28.436,binance,ACH/USDT:USDT,0.023155,10697.0,0.023154,2320.0,0.023156,1189.0,0.023157,671.0
1753600108560,07:08:28.560,binance,ACH/USDT:USDT,0.023155,10697.0,0.023154,2320.0,0.023156,1189.0,0.023157,671.0
1753600108845,07:08:28.845,binance,ACH/USDT:USDT,0.023155,10697.0,0.023154,2320.0,0.023156,1189.0,0.023157,671.0
1753600108988,07:08:28.988,binance,ACH/USDT:USDT,0.023155,10697.0,0.023154,2320.0,0.023156,1189.0,0.023157,671.0
1753600109502,07:08:29.502,binance,ACH/USDT:USDT,0.023155,10697.0,0.023154,4741.0,0.023156,1189.0,0.023157,671.0
1753600109617,07:08:29.617,binance,ACH/USDT:USDT,0.023155,10697.0,0.023154,4741.0,0.023156,1189.0,0.023157,671.0
1753600109747,07:08:29.747,binance,ACH/USDT:USDT,0.023155,10697.0,0.023154,4741.0,0.023156,2515.0,0.023157,238.0
1753600109853,07:08:29.853,binance,ACH/USDT:USDT,0.023155,10697.0,0.023154,3877.0,0.023156,2515.0,0.023157,238.0
1753600110043,07:08:30.043,binance,ACH/USDT:USDT,0.023155,10697.0,0.023154,1456.0,0.023156,3058.0,0.023157,238.0
1753600110153,07:08:30.153,binance,ACH/USDT:USDT,0.023155,10697.0,0.023154,1456.0,0.023156,3058.0,0.023157,238.0
1753600110277,07:08:30.277,binance,ACH/USDT:USDT,0.023155,10697.0,0.023154,1456.0,0.023156,3058.0,0.023157,238.0
1753600110491,07:08:30.491,binance,ACH/USDT:USDT,0.023155,10697.0,0.023154,1456.0,0.023156,3058.0,0.023157,238.0
1753600110611,07:08:30.611,binance,ACH/USDT:USDT,0.023153,6059.0,0.023152,4561.0,0.023156,3058.0,0.023157,238.0
1753600110715,07:08:30.715,binance,ACH/USDT:USDT,0.023153,8129.0,0.023152,4561.0,0.023156,3058.0,0.023157,238.0
1753600110902,07:08:30.902,binance,ACH/USDT:USDT,0.023153,8129.0,0.023152,4561.0,0.023156,3058.0,0.023157,238.0
1753600111102,07:08:31.102,binance,ACH/USDT:USDT,0.023153,8129.0,0.023152,4561.0,0.023156,3058.0,0.023157,238.0
1753600111205,07:08:31.205,binance,ACH/USDT:USDT,0.023153,8129.0,0.023152,4561.0,0.023156,3058.0,0.023157,238.0
1753600111342,07:08:31.342,binance,ACH/USDT:USDT,0.023153,8129.0,0.023152,4561.0,0.023156,3058.0,0.023157,238.0
1753600111469,07:08:31.469,binance,ACH/USDT:USDT,0.023153,8129.0,0.023152,4561.0,0.023156,3058.0,0.023157,238.0
1753600111702,07:08:31.702,binance,ACH/USDT:USDT,0.023153,8129.0,0.023152,4561.0,0.023156,3058.0,0.023157,238.0
1753600111805,07:08:31.805,binance,ACH/USDT:USDT,0.023153,8129.0,0.023152,4561.0,0.023156,3058.0,0.023157,238.0
1753600112178,07:08:32.178,binance,ACH/USDT:USDT,0.023153,8129.0,0.023152,4561.0,0.023156,3058.0,0.023157,238.0
1753600112408,07:08:32.408,binance,ACH/USDT:USDT,0.023153,8993.0,0.023152,7730.0,0.023156,3058.0,0.023157,238.0
1753600112558,07:08:32.558,binance,ACH/USDT:USDT,0.023153,8993.0,0.023152,7730.0,0.023156,3058.0,0.023157,238.0
1753600112902,07:08:32.902,binance,ACH/USDT:USDT,0.023153,8993.0,0.023152,7730.0,0.023156,3058.0,0.023157,238.0
1753600113007,07:08:33.007,binance,ACH/USDT:USDT,0.023153,8993.0,0.023152,7730.0,0.023156,3058.0,0.023157,238.0
1753600113178,07:08:33.178,binance,ACH/USDT:USDT,0.023153,8993.0,0.023152,7730.0,0.023156,3058.0,0.023157,238.0
1753600113380,07:08:33.380,binance,ACH/USDT:USDT,0.023153,8129.0,0.023152,5308.0,0.023155,227.0,0.023156,3058.0
1753600113482,07:08:33.482,binance,ACH/USDT:USDT,0.023153,8129.0,0.023152,5308.0,0.023155,227.0,0.023156,3058.0
1753600113618,07:08:33.618,binance,ACH/USDT:USDT,0.023153,8129.0,0.023152,5308.0,0.023155,227.0,0.023156,3058.0
1753600113946,07:08:33.946,binance,ACH/USDT:USDT,0.023153,8129.0,0.023152,5308.0,0.023155,227.0,0.023156,3058.0
1753600114159,07:08:34.159,binance,ACH/USDT:USDT,0.023154,2702.0,0.023153,7439.0,0.023155,227.0,0.023156,3058.0
1753600114288,07:08:34.288,binance,ACH/USDT:USDT,0.023154,2702.0,0.023153,8129.0,0.023155,227.0,0.023156,3058.0
1753600114390,07:08:34.390,binance,ACH/USDT:USDT,0.023154,4504.0,0.023153,8481.0,0.023155,227.0,0.023156,3058.0
1753600114602,07:08:34.602,binance,ACH/USDT:USDT,0.023154,4504.0,0.023153,7791.0,0.023155,227.0,0.023156,3058.0
1753600114706,07:08:34.706,binance,ACH/USDT:USDT,0.023154,4504.0,0.023153,7791.0,0.023155,227.0,0.023156,3058.0
1753600114821,07:08:34.821,binance,ACH/USDT:USDT,0.023154,2980.0,0.023153,5369.0,0.023155,227.0,0.023156,3058.0
1753600114926,07:08:34.926,binance,ACH/USDT:USDT,0.023154,2980.0,0.023153,10296.0,0.023155,227.0,0.023156,3058.0
1753600115043,07:08:35.043,binance,ACH/USDT:USDT,0.023154,2980.0,0.023153,10296.0,0.023155,227.0,0.023156,2515.0
1753600115156,07:08:35.156,binance,ACH/USDT:USDT,0.023154,2980.0,0.023153,10296.0,0.023155,227.0,0.023156,2515.0
1753600115266,07:08:35.266,binance,ACH/USDT:USDT,0.023154,2980.0,0.023153,10296.0,0.023155,227.0,0.023156,2515.0
1753600115502,07:08:35.502,binance,ACH/USDT:USDT,0.023154,2980.0,0.023153,10296.0,0.023155,227.0,0.023156,2515.0
1753600115668,07:08:35.668,binance,ACH/USDT:USDT,0.023154,2980.0,0.023153,10296.0,0.023155,227.0,0.023156,2515.0
1753600115978,07:08:35.978,binance,ACH/USDT:USDT,0.023154,2980.0,0.023153,12718.0,0.023155,227.0,0.023156,2515.0
1753600116081,07:08:36.081,binance,ACH/USDT:USDT,0.023154,3844.0,0.023153,12718.0,0.023155,227.0,0.023156,2515.0
1753600116201,07:08:36.201,binance,ACH/USDT:USDT,0.023154,3844.0,0.023153,7791.0,0.023155,227.0,0.023156,2515.0
1753600116334,07:08:36.334,binance,ACH/USDT:USDT,0.023154,3844.0,0.023153,12408.0,0.023155,227.0,0.023156,2515.0
1753600116549,07:08:36.549,binance,ACH/USDT:USDT,0.023154,3844.0,0.023153,12408.0,0.023155,227.0,0.023156,2515.0
1753600116673,07:08:36.673,binance,ACH/USDT:USDT,0.023154,3844.0,0.023153,12408.0,0.023155,227.0,0.023156,2515.0
1753600117202,07:08:37.202,binance,ACH/USDT:USDT,0.023154,3844.0,0.023153,12408.0,0.023155,227.0,0.023156,2515.0
1753600117748,07:08:37.748,binance,ACH/USDT:USDT,0.023154,2980.0,0.023153,12408.0,0.023155,227.0,0.023156,2515.0
1753600117850,07:08:37.850,binance,ACH/USDT:USDT,0.023154,2980.0,0.023153,10587.0,0.023155,227.0,0.023156,2515.0
1753600117955,07:08:37.955,binance,ACH/USDT:USDT,0.023154,2980.0,0.023153,13683.0,0.023155,227.0,0.023156,2515.0
1753600118073,07:08:38.073,binance,ACH/USDT:USDT,0.023154,31615.0,0.023153,7791.0,0.023155,227.0,0.023156,2515.0
1753600118418,07:08:38.418,binance,ACH/USDT:USDT,0.023154,32479.0,0.023153,7791.0,0.023155,227.0,0.023156,2515.0
1753600118521,07:08:38.521,binance,ACH/USDT:USDT,0.023154,32479.0,0.023153,7791.0,0.023155,227.0,0.023156,2515.0
1753600118702,07:08:38.702,binance,ACH/USDT:USDT,0.023154,32479.0,0.023153,7791.0,0.023155,227.0,0.023156,2515.0
1753600119551,07:08:39.551,binance,ACH/USDT:USDT,0.023154,32479.0,0.023153,7791.0,0.023155,227.0,0.023156,2515.0
1753600119673,07:08:39.673,binance,ACH/USDT:USDT,0.023154,32479.0,0.023153,7791.0,0.023155,227.0,0.023156,2515.0
1753600119802,07:08:39.802,binance,ACH/USDT:USDT,0.023154,32479.0,0.023153,7791.0,0.023155,227.0,0.023156,2515.0
1753600119946,07:08:39.946,binance,ACH/USDT:USDT,0.023154,32479.0,0.023153,7791.0,0.023155,227.0,0.023156,2515.0
1753600120053,07:08:40.053,binance,ACH/USDT:USDT,0.023154,32479.0,0.023153,7791.0,0.023155,227.0,0.023156,2515.0
1753600120196,07:08:40.196,binance,ACH/USDT:USDT,0.023154,32479.0,0.023153,7791.0,0.023155,227.0,0.023156,2515.0
1753600120344,07:08:40.344,binance,ACH/USDT:USDT,0.023154,31615.0,0.023153,7791.0,0.023155,1148.0,0.023156,2515.0
1753600120489,07:08:40.489,binance,ACH/USDT:USDT,0.023154,31615.0,0.023153,7791.0,0.023155,1148.0,0.023156,2515.0
1753600120602,07:08:40.602,binance,ACH/USDT:USDT,0.023154,31615.0,0.023153,7791.0,0.023155,1148.0,0.023156,2515.0
1753600120703,07:08:40.703,binance,ACH/USDT:USDT,0.023155,12217.0,0.023154,38561.0,0.023156,1542.0,0.023157,238.0
1753600120805,07:08:40.805,binance,ACH/USDT:USDT,0.023159,10693.0,0.023157,8582.0,0.02316,238.0,0.023161,432.0
1753600120906,07:08:40.906,binance,ACH/USDT:USDT,0.023164,14113.0,0.023163,16741.0,0.023166,150.0,0.023167,219.0
1753600121234,07:08:41.234,binance,ACH/USDT:USDT,0.023164,15547.0,0.023163,4524.0,0.023166,150.0,0.023167,219.0
1753600121349,07:08:41.349,binance,ACH/USDT:USDT,0.023164,17706.0,0.023163,6946.0,0.023166,150.0,0.023167,219.0
1753600121474,07:08:41.474,binance,ACH/USDT:USDT,0.023164,17706.0,0.023163,6946.0,0.023166,150.0,0.023167,219.0
1753600121602,07:08:41.602,binance,ACH/USDT:USDT,0.023164,17706.0,0.023163,6946.0,0.023166,150.0,0.023167,219.0
1753600121710,07:08:41.710,binance,ACH/USDT:USDT,0.023164,17706.0,0.023163,6946.0,0.023166,150.0,0.023167,219.0
1753600121863,07:08:41.863,binance,ACH/USDT:USDT,0.023165,10693.0,0.023164,17706.0,0.023166,150.0,0.023167,219.0
1753600121979,07:08:41.979,binance,ACH/USDT:USDT,0.023165,13208.0,0.023164,3420.0,0.023166,150.0,0.023167,219.0
1753600122274,07:08:42.274,binance,ACH/USDT:USDT,0.023165,13922.0,0.023164,3420.0,0.023166,150.0,0.023167,219.0
1753600122413,07:08:42.413,binance,ACH/USDT:USDT,0.023165,13922.0,0.023164,3420.0,0.023166,150.0,0.023167,219.0
1753600122543,07:08:42.543,binance,ACH/USDT:USDT,0.023165,13922.0,0.023164,3420.0,0.023166,150.0,0.023167,219.0
1753600122690,07:08:42.690,binance,ACH/USDT:USDT,0.023165,13565.0,0.023164,3420.0,0.023166,150.0,0.023167,219.0
1753600122801,07:08:42.801,binance,ACH/USDT:USDT,0.023165,13565.0,0.023164,3420.0,0.023166,150.0,0.023167,219.0
1753600122906,07:08:42.906,binance,ACH/USDT:USDT,0.023165,13565.0,0.023164,3420.0,0.023166,150.0,0.023167,219.0
1753600123102,07:08:43.102,binance,ACH/USDT:USDT,0.023165,13565.0,0.023164,3420.0,0.023166,150.0,0.023167,219.0
1753600123302,07:08:43.302,binance,ACH/USDT:USDT,0.023165,13565.0,0.023164,3420.0,0.023166,150.0,0.023167,219.0
1753600123482,07:08:43.482,binance,ACH/USDT:USDT,0.023167,14150.0,0.023166,7824.0,0.023168,9844.0,0.023169,673.0
1753600123586,07:08:43.586,binance,ACH/USDT:USDT,0.023167,11102.0,0.023166,3000.0,0.023168,9844.0,0.023169,673.0
1753600123689,07:08:43.689,binance,ACH/USDT:USDT,0.023167,11102.0,0.023166,3000.0,0.023168,9844.0,0.023169,673.0
1753600123790,07:08:43.790,binance,ACH/USDT:USDT,0.023167,11102.0,0.023165,2669.0,0.023168,9844.0,0.023169,673.0
1753600123914,07:08:43.914,binance,ACH/USDT:USDT,0.023167,11102.0,0.023166,864.0,0.023168,9844.0,0.023169,673.0
1753600124302,07:08:44.302,binance,ACH/USDT:USDT,0.023167,11102.0,0.023166,864.0,0.023168,9844.0,0.023169,673.0
1753600124541,07:08:44.541,binance,ACH/USDT:USDT,0.023167,409.0,0.023165,1145.0,0.023168,9844.0,0.023169,673.0
1753600124648,07:08:44.648,binance,ACH/USDT:USDT,0.023167,409.0,0.023165,1145.0,0.023168,9844.0,0.023169,673.0
1753600125006,07:08:45.006,binance,ACH/USDT:USDT,0.023167,409.0,0.023165,1145.0,0.023168,9844.0,0.023169,673.0
1753600125291,07:08:45.291,binance,ACH/USDT:USDT,0.023167,409.0,0.023165,1145.0,0.023168,9844.0,0.023169,673.0
1753600125403,07:08:45.403,binance,ACH/USDT:USDT,0.023167,409.0,0.023165,1145.0,0.023168,9844.0,0.023169,673.0
1753600125507,07:08:45.507,binance,ACH/USDT:USDT,0.023167,409.0,0.023165,1145.0,0.023168,9844.0,0.023169,673.0
1753600125875,07:08:45.875,binance,ACH/USDT:USDT,0.023167,3111.0,0.023165,1145.0,0.023168,9844.0,0.023169,673.0
1753600125978,07:08:45.978,binance,ACH/USDT:USDT,0.023167,3111.0,0.023165,1145.0,0.023168,9844.0,0.023169,673.0
1753600126079,07:08:46.079,binance,ACH/USDT:USDT,0.023167,3111.0,0.023165,1145.0,0.023168,9844.0,0.023169,673.0
1753600126190,07:08:46.190,binance,ACH/USDT:USDT,0.023167,3111.0,0.023165,1145.0,0.023168,9844.0,0.023169,673.0
1753600126502,07:08:46.502,binance,ACH/USDT:USDT,0.023167,3111.0,0.023165,1145.0,0.023168,9844.0,0.023169,673.0
1753600126673,07:08:46.673,binance,ACH/USDT:USDT,0.023167,3111.0,0.023165,1145.0,0.023168,9844.0,0.023169,673.0
1753600126794,07:08:46.794,binance,ACH/USDT:USDT,0.023167,3111.0,0.023165,1145.0,0.023168,9844.0,0.023169,673.0
1753600126907,07:08:46.907,binance,ACH/USDT:USDT,0.023167,3111.0,0.023165,1145.0,0.023168,9844.0,0.023169,673.0
1753600127012,07:08:47.012,binance,ACH/USDT:USDT,0.023167,3111.0,0.023165,1145.0,0.023168,9844.0,0.023169,673.0
1753600127299,07:08:47.299,binance,ACH/USDT:USDT,0.023167,3111.0,0.023165,1145.0,0.023168,9844.0,0.023169,673.0
1753600127602,07:08:47.602,binance,ACH/USDT:USDT,0.023167,3111.0,0.023165,1145.0,0.023168,9844.0,0.023169,673.0
1753600127958,07:08:47.958,binance,ACH/USDT:USDT,0.023167,3111.0,0.023165,1145.0,0.023168,9844.0,0.023169,673.0
1753600128202,07:08:48.202,binance,ACH/USDT:USDT,0.023167,3111.0,0.023165,1145.0,0.023168,9844.0,0.023169,673.0
1753600128348,07:08:48.348,binance,ACH/USDT:USDT,0.023167,3111.0,0.023165,1145.0,0.023168,9844.0,0.023169,673.0
1753600128519,07:08:48.519,binance,ACH/USDT:USDT,0.023167,3111.0,0.023165,1145.0,0.023168,9844.0,0.023169,673.0
1753600128797,07:08:48.797,binance,ACH/USDT:USDT,0.023167,3111.0,0.023165,1145.0,0.023168,9844.0,0.023169,673.0
1753600128902,07:08:48.902,binance,ACH/USDT:USDT,0.023167,3111.0,0.023165,1145.0,0.023168,9844.0,0.023169,673.0
1753600129004,07:08:49.004,binance,ACH/USDT:USDT,0.023167,3111.0,0.023165,1145.0,0.023168,9844.0,0.023169,673.0
1753600129254,07:08:49.254,binance,ACH/USDT:USDT,0.023161,10489.0,0.023159,6101.0,0.023168,20904.0,0.023169,6302.0
1753600129357,07:08:49.357,binance,ACH/USDT:USDT,0.023161,10489.0,0.02316,2422.0,0.023168,9844.0,0.023169,6474.0
1753600129462,07:08:49.462,binance,ACH/USDT:USDT,0.023161,10489.0,0.02316,8372.0,0.023168,9844.0,0.023169,6474.0
1753600129628,07:08:49.628,binance,ACH/USDT:USDT,0.023161,13489.0,0.02316,8372.0,0.023168,9844.0,0.023169,6474.0
1753600129763,07:08:49.763,binance,ACH/USDT:USDT,0.023161,13489.0,0.02316,8372.0,0.023168,9844.0,0.023169,673.0
1753600130028,07:08:50.028,binance,ACH/USDT:USDT,0.023161,13489.0,0.02316,8372.0,0.023168,9844.0,0.023169,673.0
1753600130174,07:08:50.174,binance,ACH/USDT:USDT,0.023161,13489.0,0.02316,8372.0,0.023168,9844.0,0.023169,673.0
1753600130278,07:08:50.278,binance,ACH/USDT:USDT,0.023161,17502.0,0.02316,8372.0,0.023168,9844.0,0.023169,673.0
1753600130380,07:08:50.380,binance,ACH/USDT:USDT,0.023161,17502.0,0.02316,8372.0,0.023168,9844.0,0.023169,673.0
1753600130610,07:08:50.610,binance,ACH/USDT:USDT,0.023161,21239.0,0.02316,8372.0,0.023168,9844.0,0.023169,673.0
1753600130743,07:08:50.743,binance,ACH/USDT:USDT,0.023161,50151.0,0.02316,8372.0,0.023168,9844.0,0.023169,673.0
1753600130847,07:08:50.847,binance,ACH/USDT:USDT,0.023161,50151.0,0.02316,8372.0,0.023168,9844.0,0.023169,673.0
1753600130950,07:08:50.950,binance,ACH/USDT:USDT,0.023161,50151.0,0.02316,8372.0,0.023168,9844.0,0.023169,673.0
1753600131053,07:08:51.053,binance,ACH/USDT:USDT,0.023161,50151.0,0.02316,8372.0,0.023168,9844.0,0.023169,673.0
1753600131156,07:08:51.156,binance,ACH/USDT:USDT,0.023161,50151.0,0.02316,8372.0,0.023168,9844.0,0.023169,673.0
1753600131302,07:08:51.302,binance,ACH/USDT:USDT,0.023161,50151.0,0.02316,8372.0,0.023168,9844.0,0.023169,673.0
1753600131553,07:08:51.553,binance,ACH/USDT:USDT,0.023161,50151.0,0.02316,8372.0,0.023168,9844.0,0.023169,673.0
1753600131655,07:08:51.655,binance,ACH/USDT:USDT,0.023161,50151.0,0.02316,8372.0,0.023168,9844.0,0.023169,673.0
1753600131763,07:08:51.763,binance,ACH/USDT:USDT,0.023161,50151.0,0.02316,8372.0,0.023168,9844.0,0.023169,673.0
1753600131867,07:08:51.867,binance,ACH/USDT:USDT,0.023161,50151.0,0.02316,8372.0,0.023168,9844.0,0.023169,673.0
1753600132191,07:08:52.191,binance,ACH/USDT:USDT,0.023161,50151.0,0.02316,8372.0,0.023168,9844.0,0.023169,673.0
1753600132294,07:08:52.294,binance,ACH/USDT:USDT,0.023161,50151.0,0.02316,8372.0,0.023168,9844.0,0.023169,673.0
1753600132397,07:08:52.397,binance,ACH/USDT:USDT,0.023164,109554.0,0.023163,4824.0,0.023168,9844.0,0.023169,673.0
1753600132499,07:08:52.499,binance,ACH/USDT:USDT,0.023164,109554.0,0.023163,4824.0,0.023168,9844.0,0.023169,673.0
1753600132618,07:08:52.618,binance,ACH/USDT:USDT,0.023164,109554.0,0.023163,4824.0,0.023168,9844.0,0.023169,673.0
1753600132726,07:08:52.726,binance,ACH/USDT:USDT,0.023164,109554.0,0.023163,4824.0,0.023168,9844.0,0.023169,673.0
1753600132829,07:08:52.829,binance,ACH/USDT:USDT,0.023164,109554.0,0.023163,4824.0,0.023168,9844.0,0.023169,673.0
1753600132962,07:08:52.962,binance,ACH/USDT:USDT,0.023164,109554.0,0.023163,4824.0,0.023168,9844.0,0.023169,673.0
1753600133258,07:08:53.258,binance,ACH/USDT:USDT,0.023164,109554.0,0.023163,4824.0,0.023168,9844.0,0.023169,673.0
1753600133383,07:08:53.383,binance,ACH/USDT:USDT,0.023164,109554.0,0.023163,4824.0,0.023168,9844.0,0.023169,673.0
1753600133485,07:08:53.485,binance,ACH/USDT:USDT,0.023164,108030.0,0.023163,2402.0,0.023168,10194.0,0.023169,673.0
1753600133617,07:08:53.617,binance,ACH/USDT:USDT,0.023164,108030.0,0.023163,2402.0,0.023168,10194.0,0.023169,673.0
1753600133727,07:08:53.727,binance,ACH/USDT:USDT,0.023164,108030.0,0.023163,2402.0,0.023168,10194.0,0.023169,673.0
1753600133859,07:08:53.859,binance,ACH/USDT:USDT,0.023164,108030.0,0.023163,2402.0,0.023168,10194.0,0.023169,673.0
1753600134207,07:08:54.207,binance,ACH/USDT:USDT,0.023164,108030.0,0.023163,2402.0,0.023168,10194.0,0.023169,673.0
1753600134473,07:08:54.473,binance,ACH/USDT:USDT,0.023164,108030.0,0.023163,2402.0,0.023168,10194.0,0.023169,673.0
1753600134736,07:08:54.736,binance,ACH/USDT:USDT,0.023164,108030.0,0.023163,2402.0,0.023168,10194.0,0.023169,673.0
1753600135551,07:08:55.551,binance,ACH/USDT:USDT,0.023164,108030.0,0.023163,2402.0,0.023168,10194.0,0.023169,673.0
1753600135654,07:08:55.654,binance,ACH/USDT:USDT,0.023164,108030.0,0.023163,2402.0,0.023168,10194.0,0.023169,673.0
1753600135804,07:08:55.804,binance,ACH/USDT:USDT,0.023164,110189.0,0.023163,4824.0,0.023168,10194.0,0.023169,673.0
1753600136008,07:08:56.008,binance,ACH/USDT:USDT,0.023164,110189.0,0.023163,4824.0,0.023168,10194.0,0.023169,673.0
1753600136133,07:08:56.133,binance,ACH/USDT:USDT,0.023164,108030.0,0.023163,4824.0,0.023168,10194.0,0.023169,673.0
1753600136237,07:08:56.237,binance,ACH/USDT:USDT,0.023164,110189.0,0.023163,2402.0,0.023168,10194.0,0.023169,673.0
1753600136408,07:08:56.408,binance,ACH/USDT:USDT,0.023164,111713.0,0.023163,4824.0,0.023168,10194.0,0.023169,673.0
1753600136510,07:08:56.510,binance,ACH/USDT:USDT,0.023164,111951.0,0.023163,4824.0,0.023168,10194.0,0.023169,673.0
1753600136623,07:08:56.623,binance,ACH/USDT:USDT,0.023164,111951.0,0.023163,4824.0,0.023168,10194.0,0.023169,673.0
1753600136802,07:08:56.802,binance,ACH/USDT:USDT,0.023164,111951.0,0.023163,4824.0,0.023168,10194.0,0.023169,673.0
1753600136983,07:08:56.983,binance,ACH/USDT:USDT,0.023164,111951.0,0.023163,4824.0,0.023168,10194.0,0.023169,673.0
1753600137119,07:08:57.119,binance,ACH/USDT:USDT,0.023165,16964.0,0.023164,111951.0,0.023168,10194.0,0.023169,673.0
1753600137420,07:08:57.420,binance,ACH/USDT:USDT,0.023165,16964.0,0.023164,111951.0,0.023168,10194.0,0.023169,673.0
1753600137614,07:08:57.614,binance,ACH/USDT:USDT,0.023165,10489.0,0.023164,111951.0,0.023168,10194.0,0.023169,673.0
1753600137802,07:08:57.802,binance,ACH/USDT:USDT,0.023165,10489.0,0.023164,111951.0,0.023168,10194.0,0.023169,673.0
1753600138007,07:08:58.007,binance,ACH/USDT:USDT,0.023165,10489.0,0.023164,110427.0,0.023168,10194.0,0.023169,673.0
1753600138197,07:08:58.197,binance,ACH/USDT:USDT,0.023166,22549.0,0.023165,3926.0,0.023169,454.0,0.02317,432.0
1753600138299,07:08:58.299,binance,ACH/USDT:USDT,0.023166,22549.0,0.023165,3926.0,0.023169,454.0,0.02317,432.0
1753600138437,07:08:58.437,binance,ACH/USDT:USDT,0.023166,23668.0,0.023165,3926.0,0.023169,454.0,0.02317,432.0
1753600138557,07:08:58.557,binance,ACH/USDT:USDT,0.023166,23668.0,0.023165,2402.0,0.023169,454.0,0.02317,432.0
1753600138706,07:08:58.706,binance,ACH/USDT:USDT,0.023166,21025.0,0.023164,113651.0,0.023169,454.0,0.02317,432.0
1753600138810,07:08:58.810,binance,ACH/USDT:USDT,0.023166,21025.0,0.023164,113651.0,0.023169,454.0,0.02317,432.0
1753600139035,07:08:59.035,binance,ACH/USDT:USDT,0.023166,21025.0,0.023164,113651.0,0.023169,454.0,0.02317,432.0
1753600139270,07:08:59.270,binance,ACH/USDT:USDT,0.023166,21025.0,0.023164,113651.0,0.023169,454.0,0.02317,432.0
1753600139493,07:08:59.493,binance,ACH/USDT:USDT,0.023166,21025.0,0.023164,113651.0,0.023169,454.0,0.02317,432.0
1753600139671,07:08:59.671,binance,ACH/USDT:USDT,0.023166,22146.0,0.023164,113651.0,0.023169,454.0,0.02317,432.0
1753600140002,07:09:00.002,binance,ACH/USDT:USDT,0.023166,21025.0,0.023164,113651.0,0.023169,454.0,0.02317,432.0
1753600140111,07:09:00.111,binance,ACH/USDT:USDT,0.023166,21025.0,0.023164,113651.0,0.023168,634.0,0.023169,238.0
1753600140212,07:09:00.212,binance,ACH/USDT:USDT,0.023166,14334.0,0.023165,6888.0,0.023168,634.0,0.023169,457.0
1753600140363,07:09:00.363,binance,ACH/USDT:USDT,0.023166,14334.0,0.023165,6888.0,0.023167,2688.0,0.023168,4868.0
1753600140581,07:09:00.581,binance,ACH/USDT:USDT,0.023166,43998.0,0.023164,111263.0,0.023167,2688.0,0.023168,4868.0
