timestamp,time,exchange,symbol,bid1_price,bid1_volume,bid2_price,bid2_volume,ask1_price,ask1_volume,ask2_price,ask2_volume
1753599985019,07:06:25.019,bybit,ACT/USDT:USDT,0.04614,693.0,0.04613,1442.0,0.04615,7025.0,0.04616,10735.0
1753599985520,07:06:25.520,bybit,ACT/USDT:USDT,0.04614,693.0,0.04613,1442.0,0.04615,7025.0,0.04616,10735.0
1753599985619,07:06:25.619,bybit,ACT/USDT:USDT,0.04614,693.0,0.04613,1442.0,0.04615,7025.0,0.04616,10735.0
1753599986219,07:06:26.219,bybit,ACT/USDT:USDT,0.04614,693.0,0.04613,1442.0,0.04615,7025.0,0.04616,10735.0
1753599986918,07:06:26.918,bybit,ACT/USDT:USDT,0.04614,693.0,0.04613,1442.0,0.04615,7025.0,0.04616,10735.0
1753599988918,07:06:28.918,bybit,ACT/USDT:USDT,0.04614,693.0,0.04613,1442.0,0.04615,7039.0,0.04616,10735.0
1753599989519,07:06:29.519,bybit,ACT/USDT:USDT,0.04614,693.0,0.04613,1442.0,0.04615,7268.0,0.04616,10735.0
1753599990419,07:06:30.419,bybit,ACT/USDT:USDT,0.04614,693.0,0.04613,1442.0,0.04615,7268.0,0.04616,10735.0
1753599991818,07:06:31.818,bybit,ACT/USDT:USDT,0.04614,693.0,0.04613,1442.0,0.04615,7268.0,0.04616,10735.0
1753599992318,07:06:32.318,bybit,ACT/USDT:USDT,0.04614,693.0,0.04613,1442.0,0.04615,7268.0,0.04616,10735.0
1753599992419,07:06:32.419,bybit,ACT/USDT:USDT,0.04614,693.0,0.04613,1442.0,0.04615,7268.0,0.04616,10735.0
1753599992918,07:06:32.918,bybit,ACT/USDT:USDT,0.04614,693.0,0.04613,1442.0,0.04615,7268.0,0.04616,10735.0
1753599993020,07:06:33.020,bybit,ACT/USDT:USDT,0.04614,693.0,0.04613,1442.0,0.04615,7268.0,0.04616,10735.0
1753599993819,07:06:33.819,bybit,ACT/USDT:USDT,0.04614,693.0,0.04613,1442.0,0.04615,7268.0,0.04616,10735.0
1753599994218,07:06:34.218,bybit,ACT/USDT:USDT,0.04614,693.0,0.04613,1442.0,0.04615,7268.0,0.04616,10735.0
1753599994718,07:06:34.718,bybit,ACT/USDT:USDT,0.04614,693.0,0.04613,1442.0,0.04615,7268.0,0.04616,10735.0
1753599994819,07:06:34.819,bybit,ACT/USDT:USDT,0.04614,693.0,0.04613,1442.0,0.04615,7268.0,0.04616,10735.0
1753599995219,07:06:35.219,bybit,ACT/USDT:USDT,0.04614,693.0,0.04613,1442.0,0.04615,7268.0,0.04616,10735.0
1753599995319,07:06:35.319,bybit,ACT/USDT:USDT,0.04614,693.0,0.04613,1442.0,0.04615,7268.0,0.04616,10735.0
1753599995819,07:06:35.819,bybit,ACT/USDT:USDT,0.04614,693.0,0.04613,1442.0,0.04615,7268.0,0.04616,10735.0
1753599995919,07:06:35.919,bybit,ACT/USDT:USDT,0.04614,693.0,0.04613,1442.0,0.04615,7268.0,0.04616,10735.0
1753599996418,07:06:36.418,bybit,ACT/USDT:USDT,0.04614,693.0,0.04613,1442.0,0.04615,7268.0,0.04616,10735.0
1753599996524,07:06:36.524,bybit,ACT/USDT:USDT,0.04614,693.0,0.04613,1442.0,0.04615,7268.0,0.04616,10735.0
1753599997018,07:06:37.018,bybit,ACT/USDT:USDT,0.04614,693.0,0.04613,1442.0,0.04615,7268.0,0.04616,10735.0
1753599997119,07:06:37.119,bybit,ACT/USDT:USDT,0.04614,693.0,0.04613,1442.0,0.04615,7268.0,0.04616,10735.0
1753599997519,07:06:37.519,bybit,ACT/USDT:USDT,0.04614,693.0,0.04613,1442.0,0.04615,7268.0,0.04616,10735.0
1753599997618,07:06:37.618,bybit,ACT/USDT:USDT,0.04614,693.0,0.04613,1442.0,0.04615,7268.0,0.04616,10735.0
1753599998118,07:06:38.118,bybit,ACT/USDT:USDT,0.04614,693.0,0.04613,1442.0,0.04615,7268.0,0.04616,10735.0
1753599998219,07:06:38.219,bybit,ACT/USDT:USDT,0.04614,693.0,0.04613,1442.0,0.04615,7268.0,0.04616,10735.0
1753599998719,07:06:38.719,bybit,ACT/USDT:USDT,0.04614,693.0,0.04613,1442.0,0.04615,7268.0,0.04616,10735.0
1753599998819,07:06:38.819,bybit,ACT/USDT:USDT,0.04614,693.0,0.04613,1442.0,0.04615,7268.0,0.04616,10735.0
1753599999319,07:06:39.319,bybit,ACT/USDT:USDT,0.04614,693.0,0.04613,1442.0,0.04615,7268.0,0.04616,10735.0
1753599999418,07:06:39.418,bybit,ACT/USDT:USDT,0.04614,693.0,0.04613,1442.0,0.04615,7268.0,0.04616,10735.0
1753599999819,07:06:39.819,bybit,ACT/USDT:USDT,0.04614,693.0,0.04613,1442.0,0.04615,7268.0,0.04616,10735.0
1753599999918,07:06:39.918,bybit,ACT/USDT:USDT,0.04614,693.0,0.04613,1442.0,0.04615,7268.0,0.04616,10735.0
1753600000527,07:06:40.527,bybit,ACT/USDT:USDT,0.04614,1234.0,0.04613,1442.0,0.04615,2934.0,0.04617,30491.0
1753600000619,07:06:40.619,bybit,ACT/USDT:USDT,0.04614,1234.0,0.04613,1442.0,0.04615,2934.0,0.04616,1442.0
1753600001020,07:06:41.020,bybit,ACT/USDT:USDT,0.04614,1234.0,0.04613,1442.0,0.04615,2934.0,0.04616,1442.0
1753600001519,07:06:41.519,bybit,ACT/USDT:USDT,0.04614,852.0,0.04613,1442.0,0.04615,7268.0,0.04616,1442.0
1753600001618,07:06:41.618,bybit,ACT/USDT:USDT,0.04614,852.0,0.04613,1442.0,0.04615,7268.0,0.04616,1442.0
1753600001719,07:06:41.719,bybit,ACT/USDT:USDT,0.04614,908.0,0.04613,1442.0,0.04615,7268.0,0.04616,1442.0
1753600003219,07:06:43.219,bybit,ACT/USDT:USDT,0.04614,908.0,0.04613,1442.0,0.04615,7268.0,0.04616,1442.0
1753600003719,07:06:43.719,bybit,ACT/USDT:USDT,0.04614,908.0,0.04613,1442.0,0.04615,7268.0,0.04616,1442.0
1753600004317,07:06:44.317,bybit,ACT/USDT:USDT,0.04614,908.0,0.04613,1442.0,0.04615,7268.0,0.04616,1442.0
1753600004419,07:06:44.419,bybit,ACT/USDT:USDT,0.04614,908.0,0.04613,1442.0,0.04615,7268.0,0.04616,1442.0
1753600005418,07:06:45.418,bybit,ACT/USDT:USDT,0.04614,908.0,0.04613,1442.0,0.04615,7268.0,0.04616,1442.0
1753600005519,07:06:45.519,bybit,ACT/USDT:USDT,0.04614,908.0,0.04613,1442.0,0.04615,7268.0,0.04616,1442.0
1753600005918,07:06:45.918,bybit,ACT/USDT:USDT,0.04614,908.0,0.04613,1442.0,0.04615,7268.0,0.04616,1442.0
1753600006019,07:06:46.019,bybit,ACT/USDT:USDT,0.04614,908.0,0.04613,1442.0,0.04615,7268.0,0.04616,1442.0
1753600006521,07:06:46.521,bybit,ACT/USDT:USDT,0.04614,908.0,0.04613,1442.0,0.04615,7268.0,0.04616,1442.0
1753600006619,07:06:46.619,bybit,ACT/USDT:USDT,0.04614,908.0,0.04613,1442.0,0.04615,7268.0,0.04616,1442.0
1753600007020,07:06:47.020,bybit,ACT/USDT:USDT,0.04614,908.0,0.04612,12230.0,0.04615,7268.0,0.04616,12277.0
1753600007218,07:06:47.218,bybit,ACT/USDT:USDT,0.04614,215.0,0.04612,5661.0,0.04615,7268.0,0.04616,12277.0
1753600007520,07:06:47.520,bybit,ACT/USDT:USDT,0.04614,215.0,0.04612,5661.0,0.04615,7268.0,0.04616,12277.0
1753600007819,07:06:47.819,bybit,ACT/USDT:USDT,0.04614,756.0,0.04612,13340.0,0.04615,7268.0,0.04616,1442.0
1753600008020,07:06:48.020,bybit,ACT/USDT:USDT,0.04614,756.0,0.04613,1442.0,0.04615,2934.0,0.04616,1442.0
1753600008219,07:06:48.219,bybit,ACT/USDT:USDT,0.04614,756.0,0.04613,1442.0,0.04615,7268.0,0.04616,1442.0
1753600008720,07:06:48.720,bybit,ACT/USDT:USDT,0.04614,756.0,0.04613,1442.0,0.04615,7268.0,0.04616,1442.0
1753600009118,07:06:49.118,bybit,ACT/USDT:USDT,0.04614,756.0,0.04613,1442.0,0.04615,7268.0,0.04616,1442.0
1753600009219,07:06:49.219,bybit,ACT/USDT:USDT,0.04614,756.0,0.04613,1442.0,0.04615,7268.0,0.04616,1442.0
1753600009519,07:06:49.519,bybit,ACT/USDT:USDT,0.04614,757.0,0.04613,1442.0,0.04615,7268.0,0.04616,1442.0
1753600009719,07:06:49.719,bybit,ACT/USDT:USDT,0.04614,757.0,0.04613,1442.0,0.04615,7268.0,0.04616,1442.0
1753600010319,07:06:50.319,bybit,ACT/USDT:USDT,0.04614,720.0,0.04613,1442.0,0.04615,7268.0,0.04616,1442.0
1753600010418,07:06:50.418,bybit,ACT/USDT:USDT,0.04614,720.0,0.04613,1442.0,0.04615,7268.0,0.04616,1442.0
1753600011319,07:06:51.319,bybit,ACT/USDT:USDT,0.04614,720.0,0.04613,1442.0,0.04615,7271.0,0.04616,1442.0
1753600011419,07:06:51.419,bybit,ACT/USDT:USDT,0.04614,720.0,0.04613,1442.0,0.04615,7271.0,0.04616,1442.0
1753600012719,07:06:52.719,bybit,ACT/USDT:USDT,0.04614,720.0,0.04613,1442.0,0.04615,2937.0,0.04616,1442.0
1753600013117,07:06:53.117,bybit,ACT/USDT:USDT,0.04614,720.0,0.04613,1442.0,0.04615,2937.0,0.04616,1442.0
1753600013218,07:06:53.218,bybit,ACT/USDT:USDT,0.04614,720.0,0.04613,1442.0,0.04615,2937.0,0.04616,1442.0
1753600013718,07:06:53.718,bybit,ACT/USDT:USDT,0.04614,720.0,0.04613,1442.0,0.04615,2937.0,0.04616,1442.0
1753600013819,07:06:53.819,bybit,ACT/USDT:USDT,0.04614,720.0,0.04613,1442.0,0.04615,2937.0,0.04616,1442.0
1753600014818,07:06:54.818,bybit,ACT/USDT:USDT,0.04614,720.0,0.04613,1442.0,0.04615,2937.0,0.04616,1442.0
1753600014918,07:06:54.918,bybit,ACT/USDT:USDT,0.04614,720.0,0.04613,1442.0,0.04615,2937.0,0.04616,1442.0
1753600015919,07:06:55.919,bybit,ACT/USDT:USDT,0.04614,720.0,0.04613,1442.0,0.04615,2933.0,0.04616,1442.0
1753600016418,07:06:56.418,bybit,ACT/USDT:USDT,0.04614,720.0,0.04613,1442.0,0.04615,2933.0,0.04616,1442.0
1753600016523,07:06:56.523,bybit,ACT/USDT:USDT,0.04614,720.0,0.04613,1442.0,0.04615,2933.0,0.04616,1442.0
1753600017119,07:06:57.119,bybit,ACT/USDT:USDT,0.04614,720.0,0.04613,1442.0,0.04615,2933.0,0.04616,1442.0
1753600017519,07:06:57.519,bybit,ACT/USDT:USDT,0.04614,720.0,0.04613,1442.0,0.04615,2933.0,0.04616,1442.0
1753600018119,07:06:58.119,bybit,ACT/USDT:USDT,0.04614,720.0,0.04613,1442.0,0.04615,2933.0,0.04616,1442.0
1753600018218,07:06:58.218,bybit,ACT/USDT:USDT,0.04614,720.0,0.04613,1442.0,0.04615,2933.0,0.04616,1442.0
1753600018718,07:06:58.718,bybit,ACT/USDT:USDT,0.04614,720.0,0.04613,1442.0,0.04615,2933.0,0.04616,1442.0
1753600019219,07:06:59.219,bybit,ACT/USDT:USDT,0.04614,720.0,0.04613,1442.0,0.04615,2933.0,0.04616,1442.0
1753600019318,07:06:59.318,bybit,ACT/USDT:USDT,0.04614,720.0,0.04613,1442.0,0.04615,2933.0,0.04616,1442.0
1753600020819,07:07:00.819,bybit,ACT/USDT:USDT,0.04614,2214.0,0.04613,1442.0,0.04615,264.0,0.04617,15423.0
1753600020918,07:07:00.918,bybit,ACT/USDT:USDT,0.04614,2214.0,0.04613,1442.0,0.04615,264.0,0.04617,15423.0
1753600021619,07:07:01.619,bybit,ACT/USDT:USDT,0.04614,2214.0,0.04613,1442.0,0.04615,264.0,0.04617,15423.0
1753600022020,07:07:02.020,bybit,ACT/USDT:USDT,0.04614,2214.0,0.04613,1442.0,0.04615,264.0,0.04617,15423.0
1753600022521,07:07:02.521,bybit,ACT/USDT:USDT,0.04614,2214.0,0.04613,1442.0,0.04615,264.0,0.04617,15423.0
1753600023619,07:07:03.619,bybit,ACT/USDT:USDT,0.04614,2214.0,0.04613,1442.0,0.04615,268.0,0.04617,15423.0
1753600023718,07:07:03.718,bybit,ACT/USDT:USDT,0.04614,2214.0,0.04613,1442.0,0.04615,268.0,0.04617,15423.0
1753600024118,07:07:04.118,bybit,ACT/USDT:USDT,0.04614,2214.0,0.04613,1442.0,0.04615,268.0,0.04617,15423.0
1753600024219,07:07:04.219,bybit,ACT/USDT:USDT,0.04614,2214.0,0.04613,1442.0,0.04615,268.0,0.04617,15423.0
1753600024523,07:07:04.523,bybit,ACT/USDT:USDT,0.04614,2214.0,0.04613,1442.0,0.04615,268.0,0.04617,15423.0
1753600024718,07:07:04.718,bybit,ACT/USDT:USDT,0.04614,2214.0,0.04613,1442.0,0.04615,268.0,0.04617,15423.0
1753600024819,07:07:04.819,bybit,ACT/USDT:USDT,0.04614,2214.0,0.04613,1442.0,0.04615,268.0,0.04617,15423.0
1753600025419,07:07:05.419,bybit,ACT/USDT:USDT,0.04614,2214.0,0.04613,1442.0,0.04615,268.0,0.04617,15423.0
1753600025819,07:07:05.819,bybit,ACT/USDT:USDT,0.04614,2214.0,0.04613,1442.0,0.04615,268.0,0.04617,15423.0
1753600025919,07:07:05.919,bybit,ACT/USDT:USDT,0.04614,2214.0,0.04613,1442.0,0.04615,268.0,0.04617,15423.0
1753600026420,07:07:06.420,bybit,ACT/USDT:USDT,0.04614,2214.0,0.04613,1442.0,0.04615,268.0,0.04617,15423.0
1753600026521,07:07:06.521,bybit,ACT/USDT:USDT,0.04614,2214.0,0.04613,1442.0,0.04615,268.0,0.04617,15423.0
1753600027020,07:07:07.020,bybit,ACT/USDT:USDT,0.04614,2214.0,0.04613,1442.0,0.04615,268.0,0.04617,15423.0
1753600027118,07:07:07.118,bybit,ACT/USDT:USDT,0.04614,2214.0,0.04613,1442.0,0.04615,268.0,0.04617,15423.0
1753600027919,07:07:07.919,bybit,ACT/USDT:USDT,0.04614,2288.0,0.04613,1442.0,0.04615,268.0,0.04617,15423.0
1753600028019,07:07:08.019,bybit,ACT/USDT:USDT,0.04614,2288.0,0.04613,1442.0,0.04615,268.0,0.04617,15423.0
1753600028118,07:07:08.118,bybit,ACT/USDT:USDT,0.04614,2288.0,0.04613,1442.0,0.04615,268.0,0.04617,15423.0
1753600028218,07:07:08.218,bybit,ACT/USDT:USDT,0.04614,2288.0,0.04613,1442.0,0.04615,268.0,0.04617,15423.0
1753600029019,07:07:09.019,bybit,ACT/USDT:USDT,0.04614,2288.0,0.04613,1442.0,0.04615,268.0,0.04616,1341.0
1753600029118,07:07:09.118,bybit,ACT/USDT:USDT,0.04614,2288.0,0.04613,1442.0,0.04615,268.0,0.04616,1341.0
1753600029218,07:07:09.218,bybit,ACT/USDT:USDT,0.04614,2288.0,0.04613,1442.0,0.04615,268.0,0.04616,1341.0
1753600029319,07:07:09.319,bybit,ACT/USDT:USDT,0.04614,2288.0,0.04613,1442.0,0.04615,268.0,0.04616,1341.0
1753600029619,07:07:09.619,bybit,ACT/USDT:USDT,0.04614,794.0,0.04613,1442.0,0.04615,268.0,0.04616,1341.0
1753600029819,07:07:09.819,bybit,ACT/USDT:USDT,0.04614,794.0,0.04613,1442.0,0.04615,268.0,0.04616,1341.0
1753600030419,07:07:10.419,bybit,ACT/USDT:USDT,0.04614,794.0,0.04613,1442.0,0.04615,268.0,0.04616,1341.0
1753600030522,07:07:10.522,bybit,ACT/USDT:USDT,0.04614,794.0,0.04613,1442.0,0.04615,268.0,0.04616,1341.0
1753600031020,07:07:11.020,bybit,ACT/USDT:USDT,0.04614,794.0,0.04613,1442.0,0.04615,268.0,0.04616,1341.0
1753600031118,07:07:11.118,bybit,ACT/USDT:USDT,0.04614,794.0,0.04613,1442.0,0.04615,268.0,0.04616,1341.0
1753600031218,07:07:11.218,bybit,ACT/USDT:USDT,0.04614,794.0,0.04613,1442.0,0.04615,268.0,0.04616,1341.0
1753600031520,07:07:11.520,bybit,ACT/USDT:USDT,0.04614,794.0,0.04613,1442.0,0.04615,268.0,0.04616,1341.0
1753600031619,07:07:11.619,bybit,ACT/USDT:USDT,0.04614,794.0,0.04613,1442.0,0.04615,268.0,0.04616,1341.0
1753600032019,07:07:12.019,bybit,ACT/USDT:USDT,0.04614,794.0,0.04613,1442.0,0.04615,268.0,0.04616,1341.0
1753600032119,07:07:12.119,bybit,ACT/USDT:USDT,0.04614,794.0,0.04613,1442.0,0.04615,268.0,0.04616,1341.0
1753600032719,07:07:12.719,bybit,ACT/USDT:USDT,0.04614,794.0,0.04613,1442.0,0.04615,268.0,0.04616,1341.0
1753600033118,07:07:13.118,bybit,ACT/USDT:USDT,0.04614,794.0,0.04613,1442.0,0.04615,268.0,0.04616,1341.0
1753600033218,07:07:13.218,bybit,ACT/USDT:USDT,0.04614,794.0,0.04613,1442.0,0.04615,268.0,0.04616,1341.0
1753600033520,07:07:13.520,bybit,ACT/USDT:USDT,0.04614,794.0,0.04613,1442.0,0.04615,268.0,0.04616,1341.0
1753600033720,07:07:13.720,bybit,ACT/USDT:USDT,0.04614,253.0,0.04612,1551.0,0.04615,6642.0,0.04616,1341.0
1753600033819,07:07:13.819,bybit,ACT/USDT:USDT,0.04614,253.0,0.04612,1551.0,0.04615,9311.0,0.04616,1341.0
1753600034419,07:07:14.419,bybit,ACT/USDT:USDT,0.04614,253.0,0.04612,1551.0,0.04615,9311.0,0.04616,1341.0
1753600034522,07:07:14.522,bybit,ACT/USDT:USDT,0.04612,109.0,0.04611,5076.0,0.04615,9311.0,0.04616,1341.0
1753600034619,07:07:14.619,bybit,ACT/USDT:USDT,0.04612,109.0,0.04611,5076.0,0.04613,6141.0,0.04614,1442.0
1753600034718,07:07:14.718,bybit,ACT/USDT:USDT,0.04612,109.0,0.04611,5076.0,0.04613,4647.0,0.04614,1442.0
1753600034819,07:07:14.819,bybit,ACT/USDT:USDT,0.04612,109.0,0.04611,5076.0,0.04613,4647.0,0.04614,1442.0
1753600035619,07:07:15.619,bybit,ACT/USDT:USDT,0.04612,109.0,0.04611,5076.0,0.04613,4647.0,0.04614,1442.0
1753600035719,07:07:15.719,bybit,ACT/USDT:USDT,0.04612,109.0,0.04611,5076.0,0.04613,4647.0,0.04614,1442.0
1753600036018,07:07:16.018,bybit,ACT/USDT:USDT,0.04612,109.0,0.04611,5076.0,0.04613,4647.0,0.04614,1442.0
1753600036119,07:07:16.119,bybit,ACT/USDT:USDT,0.04612,109.0,0.04611,5076.0,0.04613,4647.0,0.04614,1442.0
1753600036218,07:07:16.218,bybit,ACT/USDT:USDT,0.04612,109.0,0.04611,5076.0,0.04613,4647.0,0.04614,1442.0
1753600036318,07:07:16.318,bybit,ACT/USDT:USDT,0.04612,109.0,0.04611,5076.0,0.04613,4647.0,0.04614,1442.0
1753600036818,07:07:16.818,bybit,ACT/USDT:USDT,0.04612,109.0,0.04611,5076.0,0.04613,4647.0,0.04614,1442.0
1753600037019,07:07:17.019,bybit,ACT/USDT:USDT,0.04612,109.0,0.04611,5076.0,0.04613,4647.0,0.04614,1442.0
1753600037417,07:07:17.417,bybit,ACT/USDT:USDT,0.04612,109.0,0.04611,5076.0,0.04613,4647.0,0.04614,1442.0
1753600038019,07:07:18.019,bybit,ACT/USDT:USDT,0.04612,109.0,0.04611,5076.0,0.04613,4647.0,0.04614,1442.0
1753600038521,07:07:18.521,bybit,ACT/USDT:USDT,0.04612,109.0,0.04611,5076.0,0.04613,4647.0,0.04614,1442.0
1753600038619,07:07:18.619,bybit,ACT/USDT:USDT,0.04612,109.0,0.04611,5076.0,0.04613,4647.0,0.04614,1442.0
1753600039020,07:07:19.020,bybit,ACT/USDT:USDT,0.04612,109.0,0.04611,5076.0,0.04613,4647.0,0.04614,1442.0
1753600039119,07:07:19.119,bybit,ACT/USDT:USDT,0.04612,109.0,0.04611,5076.0,0.04613,4647.0,0.04614,1442.0
1753600039519,07:07:19.519,bybit,ACT/USDT:USDT,0.04612,109.0,0.04611,5076.0,0.04613,4647.0,0.04614,1442.0
1753600039619,07:07:19.619,bybit,ACT/USDT:USDT,0.04612,109.0,0.04611,5076.0,0.04613,4647.0,0.04614,1442.0
1753600039718,07:07:19.718,bybit,ACT/USDT:USDT,0.04612,109.0,0.04611,5076.0,0.04613,4647.0,0.04614,1442.0
1753600040719,07:07:20.719,bybit,ACT/USDT:USDT,0.04612,109.0,0.04611,5076.0,0.04613,4647.0,0.04614,1442.0
1753600040828,07:07:20.828,bybit,ACT/USDT:USDT,0.04612,109.0,0.04611,5076.0,0.04613,4647.0,0.04614,1442.0
1753600041020,07:07:21.020,bybit,ACT/USDT:USDT,0.04612,109.0,0.04611,5076.0,0.04613,4647.0,0.04614,2442.0
1753600041819,07:07:21.819,bybit,ACT/USDT:USDT,0.04612,109.0,0.04611,5076.0,0.04613,4647.0,0.04614,2442.0
1753600041918,07:07:21.918,bybit,ACT/USDT:USDT,0.04612,109.0,0.04611,5076.0,0.04613,4647.0,0.04614,2442.0
1753600042419,07:07:22.419,bybit,ACT/USDT:USDT,0.04612,109.0,0.04611,5076.0,0.04613,6141.0,0.04614,2442.0
1753600042525,07:07:22.525,bybit,ACT/USDT:USDT,0.04612,109.0,0.04611,2947.0,0.04613,6141.0,0.04614,2442.0
1753600042719,07:07:22.719,bybit,ACT/USDT:USDT,0.04612,109.0,0.04611,2947.0,0.04613,6141.0,0.04614,2442.0
1753600042819,07:07:22.819,bybit,ACT/USDT:USDT,0.04612,109.0,0.04611,2947.0,0.04613,6141.0,0.04614,2442.0
1753600043219,07:07:23.219,bybit,ACT/USDT:USDT,0.04611,2947.0,0.0461,1441.0,0.04612,3400.0,0.04613,14207.0
1753600043319,07:07:23.319,bybit,ACT/USDT:USDT,0.04611,2947.0,0.0461,1441.0,0.04612,3400.0,0.04613,14207.0
1753600043419,07:07:23.419,bybit,ACT/USDT:USDT,0.04611,2947.0,0.0461,1441.0,0.04612,3400.0,0.04613,14207.0
1753600043519,07:07:23.519,bybit,ACT/USDT:USDT,0.04611,2947.0,0.0461,1441.0,0.04612,3400.0,0.04613,14207.0
1753600043619,07:07:23.619,bybit,ACT/USDT:USDT,0.04611,2947.0,0.0461,1441.0,0.04612,3400.0,0.04613,14207.0
1753600044118,07:07:24.118,bybit,ACT/USDT:USDT,0.04611,2947.0,0.0461,1441.0,0.04612,3400.0,0.04613,14207.0
1753600044219,07:07:24.219,bybit,ACT/USDT:USDT,0.04611,2947.0,0.0461,1441.0,0.04612,3400.0,0.04613,14207.0
1753600044524,07:07:24.524,bybit,ACT/USDT:USDT,0.04611,2947.0,0.0461,1441.0,0.04612,3400.0,0.04613,14207.0
1753600044619,07:07:24.619,bybit,ACT/USDT:USDT,0.04611,2947.0,0.0461,1441.0,0.04612,3400.0,0.04613,14207.0
1753600045118,07:07:25.118,bybit,ACT/USDT:USDT,0.04611,2947.0,0.0461,1441.0,0.04612,3400.0,0.04613,14207.0
1753600045218,07:07:25.218,bybit,ACT/USDT:USDT,0.04611,2947.0,0.0461,1441.0,0.04612,3400.0,0.04613,14207.0
1753600045819,07:07:25.819,bybit,ACT/USDT:USDT,0.04611,2947.0,0.0461,1441.0,0.04612,3400.0,0.04613,14207.0
1753600046319,07:07:26.319,bybit,ACT/USDT:USDT,0.04611,2947.0,0.0461,1441.0,0.04612,3400.0,0.04613,14207.0
1753600046525,07:07:26.525,bybit,ACT/USDT:USDT,0.04611,2947.0,0.0461,1441.0,0.04612,3400.0,0.04613,14207.0
1753600046819,07:07:26.819,bybit,ACT/USDT:USDT,0.04611,2947.0,0.0461,1441.0,0.04612,3400.0,0.04613,14207.0
1753600046919,07:07:26.919,bybit,ACT/USDT:USDT,0.04611,2947.0,0.0461,1441.0,0.04612,3400.0,0.04613,14207.0
1753600047020,07:07:27.020,bybit,ACT/USDT:USDT,0.04609,1968.0,0.04608,13237.0,0.04611,1441.0,0.04612,10741.0
1753600047119,07:07:27.119,bybit,ACT/USDT:USDT,0.04609,1968.0,0.04608,13237.0,0.04611,4110.0,0.04612,10741.0
1753600047219,07:07:27.219,bybit,ACT/USDT:USDT,0.04609,1968.0,0.04608,13237.0,0.04611,4110.0,0.04612,10741.0
1753600047318,07:07:27.318,bybit,ACT/USDT:USDT,0.04609,1968.0,0.04608,13237.0,0.04611,4110.0,0.04612,10741.0
1753600047418,07:07:27.418,bybit,ACT/USDT:USDT,0.04609,1968.0,0.04608,13237.0,0.04611,4110.0,0.04612,10741.0
1753600047519,07:07:27.519,bybit,ACT/USDT:USDT,0.04609,1968.0,0.04608,13237.0,0.04611,2669.0,0.04612,10741.0
1753600047619,07:07:27.619,bybit,ACT/USDT:USDT,0.04609,1968.0,0.04608,13237.0,0.04611,2669.0,0.04612,10741.0
1753600047919,07:07:27.919,bybit,ACT/USDT:USDT,0.04609,1968.0,0.04608,13237.0,0.04611,2669.0,0.04612,10741.0
1753600048019,07:07:28.019,bybit,ACT/USDT:USDT,0.04609,1968.0,0.04608,13237.0,0.04611,2669.0,0.04612,10741.0
1753600048218,07:07:28.218,bybit,ACT/USDT:USDT,0.0461,2896.0,0.04609,3410.0,0.04611,2669.0,0.04612,4336.0
1753600048319,07:07:28.319,bybit,ACT/USDT:USDT,0.0461,2896.0,0.04609,3410.0,0.04611,2669.0,0.04612,4336.0
1753600048419,07:07:28.419,bybit,ACT/USDT:USDT,0.0461,2896.0,0.04609,3410.0,0.04611,2669.0,0.04612,4336.0
1753600048818,07:07:28.818,bybit,ACT/USDT:USDT,0.0461,2896.0,0.04609,3410.0,0.04611,2669.0,0.04612,4336.0
1753600049020,07:07:29.020,bybit,ACT/USDT:USDT,0.0461,2896.0,0.04609,3410.0,0.04611,2669.0,0.04612,4336.0
1753600049119,07:07:29.119,bybit,ACT/USDT:USDT,0.0461,2896.0,0.04609,3410.0,0.04611,2669.0,0.04612,4336.0
1753600049419,07:07:29.419,bybit,ACT/USDT:USDT,0.0461,693.0,0.04609,3410.0,0.04611,2669.0,0.04612,4336.0
1753600049519,07:07:29.519,bybit,ACT/USDT:USDT,0.0461,693.0,0.04609,3410.0,0.04611,2669.0,0.04612,4336.0
1753600049618,07:07:29.618,bybit,ACT/USDT:USDT,0.0461,693.0,0.04609,3410.0,0.04612,7005.0,0.04613,21760.0
1753600050119,07:07:30.119,bybit,ACT/USDT:USDT,0.0461,693.0,0.04609,3410.0,0.04612,7005.0,0.04613,21760.0
1753600050219,07:07:30.219,bybit,ACT/USDT:USDT,0.0461,693.0,0.04609,3410.0,0.04612,7005.0,0.04613,21760.0
1753600050319,07:07:30.319,bybit,ACT/USDT:USDT,0.04611,693.0,0.0461,693.0,0.04612,7005.0,0.04613,21760.0
1753600050524,07:07:30.524,bybit,ACT/USDT:USDT,0.04611,693.0,0.04609,3410.0,0.04612,7005.0,0.04613,21760.0
1753600050719,07:07:30.719,bybit,ACT/USDT:USDT,0.04611,693.0,0.04609,3410.0,0.04612,7005.0,0.04613,21760.0
1753600050918,07:07:30.918,bybit,ACT/USDT:USDT,0.04611,693.0,0.0461,1444.0,0.04612,7005.0,0.04613,21760.0
1753600051219,07:07:31.219,bybit,ACT/USDT:USDT,0.04611,693.0,0.0461,1444.0,0.04612,7005.0,0.04613,21760.0
1753600051719,07:07:31.719,bybit,ACT/USDT:USDT,0.04611,693.0,0.0461,1444.0,0.04612,7005.0,0.04613,21760.0
1753600051819,07:07:31.819,bybit,ACT/USDT:USDT,0.04611,693.0,0.0461,1444.0,0.04612,7005.0,0.04613,21760.0
1753600052818,07:07:32.818,bybit,ACT/USDT:USDT,0.04611,693.0,0.0461,1444.0,0.04612,7005.0,0.04613,21760.0
1753600052918,07:07:32.918,bybit,ACT/USDT:USDT,0.04611,693.0,0.0461,1444.0,0.04612,7005.0,0.04613,21760.0
1753600053020,07:07:33.020,bybit,ACT/USDT:USDT,0.04611,693.0,0.0461,1444.0,0.04612,7005.0,0.04613,21760.0
1753600053419,07:07:33.419,bybit,ACT/USDT:USDT,0.04611,693.0,0.0461,1444.0,0.04612,7005.0,0.04613,21760.0
1753600053519,07:07:33.519,bybit,ACT/USDT:USDT,0.04611,693.0,0.0461,1444.0,0.04612,7005.0,0.04613,21760.0
1753600053719,07:07:33.719,bybit,ACT/USDT:USDT,0.04611,693.0,0.0461,1444.0,0.04612,7005.0,0.04613,21760.0
1753600053819,07:07:33.819,bybit,ACT/USDT:USDT,0.04611,2189.0,0.0461,1444.0,0.04613,11025.0,0.04614,13230.0
1753600053918,07:07:33.918,bybit,ACT/USDT:USDT,0.04612,693.0,0.04611,1496.0,0.04613,4647.0,0.04614,13230.0
1753600054020,07:07:34.020,bybit,ACT/USDT:USDT,0.04612,693.0,0.04611,1496.0,0.04613,4647.0,0.04614,13230.0
1753600054218,07:07:34.218,bybit,ACT/USDT:USDT,0.04612,693.0,0.04611,1496.0,0.04613,4647.0,0.04614,9050.0
1753600054523,07:07:34.523,bybit,ACT/USDT:USDT,0.04612,693.0,0.04611,1496.0,0.04613,4647.0,0.04614,9050.0
1753600054618,07:07:34.618,bybit,ACT/USDT:USDT,0.04612,693.0,0.04611,1496.0,0.04613,4647.0,0.04614,9050.0
1753600055219,07:07:35.219,bybit,ACT/USDT:USDT,0.04612,693.0,0.04611,1496.0,0.04613,15382.0,0.04614,9050.0
1753600055618,07:07:35.618,bybit,ACT/USDT:USDT,0.04612,693.0,0.04611,1496.0,0.04613,15382.0,0.04614,9050.0
1753600055719,07:07:35.719,bybit,ACT/USDT:USDT,0.04612,693.0,0.04611,1496.0,0.04613,15382.0,0.04614,9050.0
1753600055818,07:07:35.818,bybit,ACT/USDT:USDT,0.04612,693.0,0.04611,1496.0,0.04613,19718.0,0.04614,9050.0
1753600055919,07:07:35.919,bybit,ACT/USDT:USDT,0.04612,693.0,0.04611,1496.0,0.04613,19718.0,0.04614,9050.0
1753600056119,07:07:36.119,bybit,ACT/USDT:USDT,0.04612,693.0,0.04611,1496.0,0.04613,19718.0,0.04614,9050.0
1753600056218,07:07:36.218,bybit,ACT/USDT:USDT,0.04612,693.0,0.04611,1496.0,0.04613,19718.0,0.04614,9050.0
1753600056618,07:07:36.618,bybit,ACT/USDT:USDT,0.04612,693.0,0.04611,1496.0,0.04613,19718.0,0.04614,9050.0
1753600056719,07:07:36.719,bybit,ACT/USDT:USDT,0.04612,693.0,0.04611,1496.0,0.04613,19718.0,0.04614,9050.0
1753600057118,07:07:37.118,bybit,ACT/USDT:USDT,0.04612,693.0,0.04611,1496.0,0.04613,19718.0,0.04614,9050.0
1753600057219,07:07:37.219,bybit,ACT/USDT:USDT,0.04612,693.0,0.04611,1496.0,0.04613,19718.0,0.04614,9050.0
1753600057319,07:07:37.319,bybit,ACT/USDT:USDT,0.04612,693.0,0.04611,1496.0,0.04613,8983.0,0.04614,9050.0
1753600057520,07:07:37.520,bybit,ACT/USDT:USDT,0.04612,693.0,0.04611,1496.0,0.04613,4647.0,0.04614,9050.0
1753600057719,07:07:37.719,bybit,ACT/USDT:USDT,0.04612,693.0,0.04611,1496.0,0.04613,4647.0,0.04614,9050.0
1753600057819,07:07:37.819,bybit,ACT/USDT:USDT,0.04612,693.0,0.04611,1496.0,0.04613,4647.0,0.04614,9050.0
1753600058219,07:07:38.219,bybit,ACT/USDT:USDT,0.04612,693.0,0.04611,1496.0,0.04613,4647.0,0.04614,9050.0
1753600058318,07:07:38.318,bybit,ACT/USDT:USDT,0.04612,693.0,0.04611,1496.0,0.04613,4647.0,0.04614,9050.0
1753600058419,07:07:38.419,bybit,ACT/USDT:USDT,0.04612,693.0,0.04611,1496.0,0.04613,4647.0,0.04614,9050.0
1753600058619,07:07:38.619,bybit,ACT/USDT:USDT,0.04612,693.0,0.04611,1496.0,0.04613,4647.0,0.04614,9050.0
1753600058718,07:07:38.718,bybit,ACT/USDT:USDT,0.04612,693.0,0.04611,1496.0,0.04613,4647.0,0.04614,9050.0
1753600059019,07:07:39.019,bybit,ACT/USDT:USDT,0.04611,1496.0,0.0461,5624.0,0.04613,15382.0,0.04614,9050.0
1753600059119,07:07:39.119,bybit,ACT/USDT:USDT,0.04611,1496.0,0.0461,5624.0,0.04613,15382.0,0.04614,9050.0
1753600059219,07:07:39.219,bybit,ACT/USDT:USDT,0.04611,1496.0,0.0461,5624.0,0.04612,2696.0,0.04613,12713.0
1753600059319,07:07:39.319,bybit,ACT/USDT:USDT,0.04611,1496.0,0.0461,5624.0,0.04612,2696.0,0.04613,12713.0
1753600059418,07:07:39.418,bybit,ACT/USDT:USDT,0.0461,5624.0,0.04609,16856.0,0.04612,2696.0,0.04613,12713.0
1753600059819,07:07:39.819,bybit,ACT/USDT:USDT,0.0461,5624.0,0.04609,16856.0,0.04612,2696.0,0.04613,12713.0
1753600059918,07:07:39.918,bybit,ACT/USDT:USDT,0.0461,5624.0,0.04609,16856.0,0.04612,2696.0,0.04613,12713.0
1753600060318,07:07:40.318,bybit,ACT/USDT:USDT,0.0461,5624.0,0.04609,16856.0,0.04612,7033.0,0.04613,12713.0
1753600060419,07:07:40.419,bybit,ACT/USDT:USDT,0.0461,5624.0,0.04609,16856.0,0.04612,7033.0,0.04613,12713.0
1753600060526,07:07:40.526,bybit,ACT/USDT:USDT,0.0461,5624.0,0.04609,16856.0,0.04612,7033.0,0.04613,12713.0
1753600060720,07:07:40.720,bybit,ACT/USDT:USDT,0.0461,5624.0,0.04609,16856.0,0.04612,7033.0,0.04613,12713.0
1753600060919,07:07:40.919,bybit,ACT/USDT:USDT,0.0461,5624.0,0.04609,16856.0,0.04612,7033.0,0.04613,12713.0
1753600061018,07:07:41.018,bybit,ACT/USDT:USDT,0.0461,5624.0,0.04609,16856.0,0.04612,7033.0,0.04613,12713.0
1753600061319,07:07:41.319,bybit,ACT/USDT:USDT,0.0461,5624.0,0.04609,16856.0,0.04612,7033.0,0.04613,12713.0
1753600061519,07:07:41.519,bybit,ACT/USDT:USDT,0.04611,612.0,0.0461,5624.0,0.04612,7033.0,0.04613,12713.0
1753600061620,07:07:41.620,bybit,ACT/USDT:USDT,0.04611,612.0,0.0461,5624.0,0.04612,7033.0,0.04613,12713.0
1753600062019,07:07:42.019,bybit,ACT/USDT:USDT,0.04611,612.0,0.0461,5624.0,0.04612,7033.0,0.04613,12713.0
1753600062118,07:07:42.118,bybit,ACT/USDT:USDT,0.04611,612.0,0.0461,5624.0,0.04612,7033.0,0.04613,12713.0
1753600063118,07:07:43.118,bybit,ACT/USDT:USDT,0.04611,612.0,0.0461,5624.0,0.04612,7033.0,0.04613,12713.0
1753600063219,07:07:43.219,bybit,ACT/USDT:USDT,0.04611,612.0,0.0461,5624.0,0.04612,7033.0,0.04613,12713.0
1753600063618,07:07:43.618,bybit,ACT/USDT:USDT,0.04611,612.0,0.0461,5624.0,0.04612,7033.0,0.04613,12713.0
1753600063718,07:07:43.718,bybit,ACT/USDT:USDT,0.04611,612.0,0.0461,5624.0,0.04612,7033.0,0.04613,12713.0
1753600064218,07:07:44.218,bybit,ACT/USDT:USDT,0.04611,612.0,0.0461,5624.0,0.04612,7033.0,0.04613,12713.0
1753600064319,07:07:44.319,bybit,ACT/USDT:USDT,0.04611,612.0,0.0461,5624.0,0.04612,7032.0,0.04613,12713.0
1753600064718,07:07:44.718,bybit,ACT/USDT:USDT,0.04611,612.0,0.0461,5624.0,0.04612,7032.0,0.04613,12713.0
1753600064818,07:07:44.818,bybit,ACT/USDT:USDT,0.04611,612.0,0.0461,5624.0,0.04612,7032.0,0.04613,12713.0
1753600064918,07:07:44.918,bybit,ACT/USDT:USDT,0.04611,612.0,0.0461,5624.0,0.04612,7032.0,0.04613,12713.0
1753600065219,07:07:45.219,bybit,ACT/USDT:USDT,0.04611,612.0,0.0461,5624.0,0.04612,7032.0,0.04613,12713.0
1753600065318,07:07:45.318,bybit,ACT/USDT:USDT,0.04611,612.0,0.0461,5624.0,0.04612,7032.0,0.04613,12713.0
1753600065520,07:07:45.520,bybit,ACT/USDT:USDT,0.04611,612.0,0.0461,5624.0,0.04612,7032.0,0.04613,18995.0
1753600065719,07:07:45.719,bybit,ACT/USDT:USDT,0.04611,612.0,0.0461,5624.0,0.04612,7032.0,0.04613,18995.0
1753600065819,07:07:45.819,bybit,ACT/USDT:USDT,0.04611,612.0,0.0461,5624.0,0.04612,7032.0,0.04613,18995.0
1753600065918,07:07:45.918,bybit,ACT/USDT:USDT,0.04611,612.0,0.0461,5624.0,0.04612,7032.0,0.04613,18995.0
1753600066219,07:07:46.219,bybit,ACT/USDT:USDT,0.04611,612.0,0.0461,5624.0,0.04612,7032.0,0.04613,18995.0
1753600066319,07:07:46.319,bybit,ACT/USDT:USDT,0.04611,612.0,0.0461,5624.0,0.04612,7032.0,0.04613,18995.0
1753600066419,07:07:46.419,bybit,ACT/USDT:USDT,0.04611,612.0,0.0461,5624.0,0.04612,7032.0,0.04613,18995.0
1753600066919,07:07:46.919,bybit,ACT/USDT:USDT,0.04611,612.0,0.0461,5624.0,0.04612,7032.0,0.04613,18995.0
1753600067020,07:07:47.020,bybit,ACT/USDT:USDT,0.04611,612.0,0.0461,5624.0,0.04612,7032.0,0.04613,18995.0
1753600067119,07:07:47.119,bybit,ACT/USDT:USDT,0.04611,612.0,0.0461,1444.0,0.04612,7032.0,0.04613,18995.0
1753600067219,07:07:47.219,bybit,ACT/USDT:USDT,0.04611,612.0,0.0461,1444.0,0.04612,7032.0,0.04613,18995.0
1753600067418,07:07:47.418,bybit,ACT/USDT:USDT,0.04611,612.0,0.0461,1444.0,0.04612,7032.0,0.04613,18995.0
1753600068019,07:07:48.019,bybit,ACT/USDT:USDT,0.04611,612.0,0.0461,1444.0,0.04612,7032.0,0.04613,18995.0
1753600068219,07:07:48.219,bybit,ACT/USDT:USDT,0.04611,612.0,0.0461,1444.0,0.04612,7032.0,0.04613,18995.0
1753600068619,07:07:48.619,bybit,ACT/USDT:USDT,0.04611,612.0,0.0461,1444.0,0.04612,7032.0,0.04613,18995.0
1753600068719,07:07:48.719,bybit,ACT/USDT:USDT,0.04611,612.0,0.0461,1444.0,0.04612,7032.0,0.04613,18995.0
1753600069118,07:07:49.118,bybit,ACT/USDT:USDT,0.04611,612.0,0.0461,1444.0,0.04612,7032.0,0.04613,18995.0
1753600069218,07:07:49.218,bybit,ACT/USDT:USDT,0.04611,612.0,0.0461,1444.0,0.04612,7032.0,0.04613,18995.0
1753600069318,07:07:49.318,bybit,ACT/USDT:USDT,0.04611,612.0,0.0461,1444.0,0.04612,7032.0,0.04613,18995.0
1753600069818,07:07:49.818,bybit,ACT/USDT:USDT,0.04611,611.0,0.0461,1444.0,0.04612,7032.0,0.04613,18995.0
1753600069935,07:07:49.935,bybit,ACT/USDT:USDT,0.04611,611.0,0.0461,1444.0,0.04612,7032.0,0.04613,18995.0
1753600070319,07:07:50.319,bybit,ACT/USDT:USDT,0.04611,611.0,0.0461,1444.0,0.04612,7032.0,0.04613,18995.0
1753600070419,07:07:50.419,bybit,ACT/USDT:USDT,0.04611,611.0,0.0461,1444.0,0.04612,7032.0,0.04613,18995.0
1753600070918,07:07:50.918,bybit,ACT/USDT:USDT,0.04611,611.0,0.0461,1444.0,0.04612,7032.0,0.04613,18995.0
1753600071021,07:07:51.021,bybit,ACT/USDT:USDT,0.04611,611.0,0.0461,1444.0,0.04612,7032.0,0.04613,18995.0
1753600071519,07:07:51.519,bybit,ACT/USDT:USDT,0.04611,611.0,0.0461,1444.0,0.04612,7032.0,0.04613,18995.0
1753600071620,07:07:51.620,bybit,ACT/USDT:USDT,0.04611,611.0,0.0461,1444.0,0.04612,7032.0,0.04613,18995.0
1753600072020,07:07:52.020,bybit,ACT/USDT:USDT,0.04611,611.0,0.0461,1444.0,0.04612,7032.0,0.04613,18995.0
1753600072118,07:07:52.118,bybit,ACT/USDT:USDT,0.04611,611.0,0.0461,1444.0,0.04612,7032.0,0.04613,18995.0
1753600072818,07:07:52.818,bybit,ACT/USDT:USDT,0.04611,611.0,0.0461,1444.0,0.04612,7032.0,0.04613,18995.0
1753600072919,07:07:52.919,bybit,ACT/USDT:USDT,0.04611,611.0,0.0461,1444.0,0.04612,7032.0,0.04613,18995.0
1753600074219,07:07:54.219,bybit,ACT/USDT:USDT,0.04611,611.0,0.0461,1444.0,0.04612,7032.0,0.04613,18995.0
1753600074318,07:07:54.318,bybit,ACT/USDT:USDT,0.04611,611.0,0.0461,1444.0,0.04612,7032.0,0.04613,18995.0
1753600074819,07:07:54.819,bybit,ACT/USDT:USDT,0.04611,611.0,0.0461,1444.0,0.04612,7032.0,0.04613,18995.0
1753600074918,07:07:54.918,bybit,ACT/USDT:USDT,0.04611,611.0,0.0461,1444.0,0.04612,7032.0,0.04613,18995.0
1753600075520,07:07:55.520,bybit,ACT/USDT:USDT,0.04611,611.0,0.0461,1444.0,0.04612,7032.0,0.04613,18995.0
1753600075918,07:07:55.918,bybit,ACT/USDT:USDT,0.04611,611.0,0.0461,1444.0,0.04612,7032.0,0.04613,18995.0
1753600076020,07:07:56.020,bybit,ACT/USDT:USDT,0.04611,611.0,0.0461,1444.0,0.04612,7032.0,0.04613,18995.0
1753600076219,07:07:56.219,bybit,ACT/USDT:USDT,0.04611,611.0,0.0461,1444.0,0.04612,7032.0,0.04613,18995.0
1753600076419,07:07:56.419,bybit,ACT/USDT:USDT,0.04611,611.0,0.0461,1444.0,0.04612,7032.0,0.04613,18995.0
1753600076525,07:07:56.525,bybit,ACT/USDT:USDT,0.04611,611.0,0.0461,1444.0,0.04612,7032.0,0.04613,18995.0
1753600076917,07:07:56.917,bybit,ACT/USDT:USDT,0.04611,611.0,0.0461,1444.0,0.04612,7032.0,0.04613,18995.0
1753600077118,07:07:57.118,bybit,ACT/USDT:USDT,0.04611,611.0,0.0461,1444.0,0.04612,7032.0,0.04613,18995.0
1753600077219,07:07:57.219,bybit,ACT/USDT:USDT,0.04611,611.0,0.0461,1444.0,0.04612,7032.0,0.04613,18995.0
1753600077618,07:07:57.618,bybit,ACT/USDT:USDT,0.04611,611.0,0.0461,1444.0,0.04612,7032.0,0.04613,18995.0
1753600077819,07:07:57.819,bybit,ACT/USDT:USDT,0.04611,611.0,0.0461,1444.0,0.04612,7032.0,0.04613,18995.0
1753600078118,07:07:58.118,bybit,ACT/USDT:USDT,0.04611,611.0,0.0461,1444.0,0.04612,7032.0,0.04613,18995.0
1753600078218,07:07:58.218,bybit,ACT/USDT:USDT,0.04611,611.0,0.0461,1444.0,0.04612,7032.0,0.04613,18995.0
1753600078418,07:07:58.418,bybit,ACT/USDT:USDT,0.04611,70.0,0.0461,1444.0,0.04612,12166.0,0.04613,18308.0
1753600078717,07:07:58.717,bybit,ACT/USDT:USDT,0.04611,70.0,0.0461,1444.0,0.04612,12166.0,0.04613,27367.0
1753600078817,07:07:58.817,bybit,ACT/USDT:USDT,0.04611,70.0,0.0461,1444.0,0.04612,12166.0,0.04613,27367.0
1753600079319,07:07:59.319,bybit,ACT/USDT:USDT,0.04611,70.0,0.0461,1444.0,0.04612,12166.0,0.04613,27367.0
1753600079419,07:07:59.419,bybit,ACT/USDT:USDT,0.04611,70.0,0.0461,1444.0,0.04612,12166.0,0.04613,27367.0
1753600080918,07:08:00.918,bybit,ACT/USDT:USDT,0.04611,70.0,0.0461,1444.0,0.04612,12166.0,0.04613,27367.0
1753600081519,07:08:01.519,bybit,ACT/USDT:USDT,0.04611,70.0,0.0461,1444.0,0.04612,12166.0,0.04613,27367.0
1753600081618,07:08:01.618,bybit,ACT/USDT:USDT,0.04611,70.0,0.0461,1444.0,0.04612,12166.0,0.04613,27367.0
1753600081919,07:08:01.919,bybit,ACT/USDT:USDT,0.04611,70.0,0.0461,1444.0,0.04612,12166.0,0.04613,38209.0
1753600082021,07:08:02.021,bybit,ACT/USDT:USDT,0.04609,1968.0,0.04608,19051.0,0.04611,3662.0,0.04612,9497.0
1753600082119,07:08:02.119,bybit,ACT/USDT:USDT,0.04609,1968.0,0.04608,19051.0,0.04611,3662.0,0.04612,9497.0
1753600082521,07:08:02.521,bybit,ACT/USDT:USDT,0.04609,1968.0,0.04608,19051.0,0.04611,3662.0,0.04612,9497.0
1753600082619,07:08:02.619,bybit,ACT/USDT:USDT,0.04609,1968.0,0.04608,19051.0,0.04611,8778.0,0.04612,5820.0
1753600082818,07:08:02.818,bybit,ACT/USDT:USDT,0.04607,1578.0,0.04606,17818.0,0.04609,1457.0,0.0461,4126.0
1753600082918,07:08:02.918,bybit,ACT/USDT:USDT,0.04608,693.0,0.04607,3628.0,0.04609,2669.0,0.0461,1457.0
1753600083219,07:08:03.219,bybit,ACT/USDT:USDT,0.04608,693.0,0.04607,8238.0,0.04609,2669.0,0.0461,1457.0
1753600083819,07:08:03.819,bybit,ACT/USDT:USDT,0.04608,693.0,0.04607,8238.0,0.04609,2669.0,0.0461,1457.0
1753600083919,07:08:03.919,bybit,ACT/USDT:USDT,0.04608,693.0,0.04607,8238.0,0.04609,2669.0,0.0461,1457.0
1753600084219,07:08:04.219,bybit,ACT/USDT:USDT,0.04608,693.0,0.04607,8238.0,0.0461,4126.0,0.04611,6109.0
1753600084319,07:08:04.319,bybit,ACT/USDT:USDT,0.04608,693.0,0.04607,8238.0,0.0461,4126.0,0.04611,6109.0
1753600084534,07:08:04.534,bybit,ACT/USDT:USDT,0.04608,693.0,0.04607,8238.0,0.0461,4126.0,0.04611,6109.0
1753600084619,07:08:04.619,bybit,ACT/USDT:USDT,0.04608,693.0,0.04607,8238.0,0.0461,4126.0,0.04611,6109.0
1753600084719,07:08:04.719,bybit,ACT/USDT:USDT,0.04608,693.0,0.04607,8238.0,0.0461,4126.0,0.04611,6109.0
1753600085319,07:08:05.319,bybit,ACT/USDT:USDT,0.04608,693.0,0.04607,8238.0,0.0461,4126.0,0.04611,6109.0
1753600085419,07:08:05.419,bybit,ACT/USDT:USDT,0.04608,693.0,0.04607,8238.0,0.0461,4126.0,0.04611,6109.0
1753600085520,07:08:05.520,bybit,ACT/USDT:USDT,0.04608,693.0,0.04607,8238.0,0.0461,8764.0,0.04611,993.0
1753600085919,07:08:05.919,bybit,ACT/USDT:USDT,0.04608,693.0,0.04607,8238.0,0.0461,8764.0,0.04611,993.0
1753600086119,07:08:06.119,bybit,ACT/USDT:USDT,0.04608,693.0,0.04607,8238.0,0.0461,8764.0,0.04611,6698.0
1753600086418,07:08:06.418,bybit,ACT/USDT:USDT,0.04608,693.0,0.04607,8238.0,0.0461,8764.0,0.04611,6698.0
1753600086522,07:08:06.522,bybit,ACT/USDT:USDT,0.04608,693.0,0.04607,8238.0,0.0461,8764.0,0.04611,6698.0
1753600087020,07:08:07.020,bybit,ACT/USDT:USDT,0.04609,1400.0,0.04608,1525.0,0.0461,2669.0,0.04611,11201.0
1753600087119,07:08:07.119,bybit,ACT/USDT:USDT,0.04609,1400.0,0.04608,1525.0,0.0461,2669.0,0.04611,11201.0
1753600087319,07:08:07.319,bybit,ACT/USDT:USDT,0.04609,1400.0,0.04608,1525.0,0.04611,11201.0,0.04612,26082.0
1753600087418,07:08:07.418,bybit,ACT/USDT:USDT,0.04609,1400.0,0.04608,1525.0,0.04611,11201.0,0.04612,26082.0
1753600087520,07:08:07.520,bybit,ACT/USDT:USDT,0.04609,1400.0,0.04608,1525.0,0.04611,11201.0,0.04612,26082.0
1753600087619,07:08:07.619,bybit,ACT/USDT:USDT,0.04609,1400.0,0.04608,1525.0,0.04611,11201.0,0.04612,26082.0
1753600088318,07:08:08.318,bybit,ACT/USDT:USDT,0.04609,1440.0,0.04608,1525.0,0.04611,13870.0,0.04612,24625.0
1753600088618,07:08:08.618,bybit,ACT/USDT:USDT,0.04609,1440.0,0.04608,1525.0,0.04611,13870.0,0.04612,24625.0
1753600089219,07:08:09.219,bybit,ACT/USDT:USDT,0.04609,1440.0,0.04608,1525.0,0.04611,13870.0,0.04612,24625.0
1753600089520,07:08:09.520,bybit,ACT/USDT:USDT,0.04609,1440.0,0.04608,1525.0,0.04611,13870.0,0.04612,24625.0
1753600089718,07:08:09.718,bybit,ACT/USDT:USDT,0.04609,1440.0,0.04608,1525.0,0.04611,13870.0,0.04612,24625.0
1753600089819,07:08:09.819,bybit,ACT/USDT:USDT,0.04609,1440.0,0.04608,1525.0,0.04611,13870.0,0.04612,24625.0
1753600090118,07:08:10.118,bybit,ACT/USDT:USDT,0.04609,1440.0,0.04608,1525.0,0.04611,8165.0,0.04612,20445.0
1753600090319,07:08:10.319,bybit,ACT/USDT:USDT,0.04609,1440.0,0.04608,1525.0,0.04611,8165.0,0.04612,20418.0
1753600090419,07:08:10.419,bybit,ACT/USDT:USDT,0.04609,1440.0,0.04608,1525.0,0.0461,2699.0,0.04611,5496.0
1753600090524,07:08:10.524,bybit,ACT/USDT:USDT,0.04609,1440.0,0.04608,1525.0,0.0461,2699.0,0.04611,5496.0
1753600090819,07:08:10.819,bybit,ACT/USDT:USDT,0.04609,1440.0,0.04608,1525.0,0.0461,2699.0,0.04611,5496.0
1753600091418,07:08:11.418,bybit,ACT/USDT:USDT,0.04609,1440.0,0.04608,1525.0,0.0461,2699.0,0.04611,5496.0
1753600091719,07:08:11.719,bybit,ACT/USDT:USDT,0.04609,1440.0,0.04608,1525.0,0.0461,2699.0,0.04611,5496.0
1753600091918,07:08:11.918,bybit,ACT/USDT:USDT,0.04609,1440.0,0.04608,1525.0,0.0461,2699.0,0.04611,5496.0
1753600092020,07:08:12.020,bybit,ACT/USDT:USDT,0.04609,1440.0,0.04608,1525.0,0.0461,2699.0,0.04611,5496.0
1753600092119,07:08:12.119,bybit,ACT/USDT:USDT,0.04609,1440.0,0.04608,1525.0,0.0461,2699.0,0.04611,5496.0
1753600092526,07:08:12.526,bybit,ACT/USDT:USDT,0.04609,1440.0,0.04608,1525.0,0.0461,2699.0,0.04611,5496.0
1753600092619,07:08:12.619,bybit,ACT/USDT:USDT,0.04609,1440.0,0.04608,1525.0,0.0461,2699.0,0.04611,5496.0
1753600092919,07:08:12.919,bybit,ACT/USDT:USDT,0.04609,1440.0,0.04608,1525.0,0.0461,2699.0,0.04611,5496.0
1753600093020,07:08:13.020,bybit,ACT/USDT:USDT,0.04609,1440.0,0.04608,1525.0,0.0461,2699.0,0.04611,5496.0
1753600093619,07:08:13.619,bybit,ACT/USDT:USDT,0.04609,1440.0,0.04608,1525.0,0.0461,2699.0,0.04611,10759.0
1753600094419,07:08:14.419,bybit,ACT/USDT:USDT,0.04609,1440.0,0.04608,1525.0,0.0461,2699.0,0.04611,10759.0
1753600094522,07:08:14.522,bybit,ACT/USDT:USDT,0.04609,1440.0,0.04608,1525.0,0.0461,2699.0,0.04611,10759.0
1753600094619,07:08:14.619,bybit,ACT/USDT:USDT,0.04609,1440.0,0.04608,1525.0,0.0461,2699.0,0.04611,10759.0
1753600095119,07:08:15.119,bybit,ACT/USDT:USDT,0.04609,1440.0,0.04608,1525.0,0.0461,2699.0,0.04611,10759.0
1753600095218,07:08:15.218,bybit,ACT/USDT:USDT,0.04609,1440.0,0.04608,1525.0,0.0461,2699.0,0.04611,10759.0
1753600095719,07:08:15.719,bybit,ACT/USDT:USDT,0.04609,1440.0,0.04608,1525.0,0.0461,2699.0,0.04611,10759.0
1753600095818,07:08:15.818,bybit,ACT/USDT:USDT,0.04609,1440.0,0.04608,1525.0,0.0461,2699.0,0.04611,10759.0
1753600096218,07:08:16.218,bybit,ACT/USDT:USDT,0.04609,1440.0,0.04608,1525.0,0.0461,2699.0,0.04611,10759.0
1753600096318,07:08:16.318,bybit,ACT/USDT:USDT,0.04609,1440.0,0.04608,1525.0,0.0461,2699.0,0.04611,10759.0
1753600096419,07:08:16.419,bybit,ACT/USDT:USDT,0.04609,1440.0,0.04608,1525.0,0.0461,7362.0,0.04611,6055.0
1753600096523,07:08:16.523,bybit,ACT/USDT:USDT,0.04609,40.0,0.04608,1525.0,0.0461,7362.0,0.04611,6055.0
1753600096718,07:08:16.718,bybit,ACT/USDT:USDT,0.04609,40.0,0.04608,1525.0,0.0461,7362.0,0.04611,6055.0
1753600096818,07:08:16.818,bybit,ACT/USDT:USDT,0.04609,40.0,0.04608,1525.0,0.0461,7362.0,0.04611,6055.0
1753600097319,07:08:17.319,bybit,ACT/USDT:USDT,0.04609,40.0,0.04608,1525.0,0.0461,7362.0,0.04611,6055.0
1753600097419,07:08:17.419,bybit,ACT/USDT:USDT,0.04609,40.0,0.04608,1525.0,0.0461,7362.0,0.04611,6055.0
1753600097819,07:08:17.819,bybit,ACT/USDT:USDT,0.04609,40.0,0.04608,1525.0,0.0461,7362.0,0.04611,6055.0
1753600097919,07:08:17.919,bybit,ACT/USDT:USDT,0.04609,40.0,0.04608,1525.0,0.0461,7362.0,0.04611,6055.0
1753600098419,07:08:18.419,bybit,ACT/USDT:USDT,0.04609,40.0,0.04608,1525.0,0.0461,7362.0,0.04611,6055.0
1753600098525,07:08:18.525,bybit,ACT/USDT:USDT,0.04609,40.0,0.04608,1525.0,0.0461,7362.0,0.04611,6055.0
1753600099020,07:08:19.020,bybit,ACT/USDT:USDT,0.04609,40.0,0.04608,1525.0,0.0461,7362.0,0.04611,6055.0
1753600099318,07:08:19.318,bybit,ACT/USDT:USDT,0.04609,40.0,0.04608,1525.0,0.0461,7362.0,0.04611,6055.0
1753600099418,07:08:19.418,bybit,ACT/USDT:USDT,0.04609,40.0,0.04608,1525.0,0.0461,7362.0,0.04611,6055.0
1753600099619,07:08:19.619,bybit,ACT/USDT:USDT,0.04609,40.0,0.04608,1525.0,0.0461,7362.0,0.04611,6055.0
1753600099718,07:08:19.718,bybit,ACT/USDT:USDT,0.04609,40.0,0.04608,1525.0,0.0461,7362.0,0.04611,6055.0
1753600100119,07:08:20.119,bybit,ACT/USDT:USDT,0.04609,40.0,0.04608,1525.0,0.0461,7362.0,0.04611,6055.0
1753600100218,07:08:20.218,bybit,ACT/USDT:USDT,0.04609,40.0,0.04608,1525.0,0.0461,7362.0,0.04611,6055.0
1753600101219,07:08:21.219,bybit,ACT/USDT:USDT,0.04609,40.0,0.04608,1525.0,0.0461,7362.0,0.04611,6055.0
1753600101318,07:08:21.318,bybit,ACT/USDT:USDT,0.04609,40.0,0.04608,1525.0,0.0461,7362.0,0.04611,6055.0
1753600102019,07:08:22.019,bybit,ACT/USDT:USDT,0.04609,40.0,0.04608,1525.0,0.0461,7362.0,0.04611,27749.0
1753600102218,07:08:22.218,bybit,ACT/USDT:USDT,0.04609,40.0,0.04608,1525.0,0.0461,7362.0,0.04611,27749.0
1753600102319,07:08:22.319,bybit,ACT/USDT:USDT,0.04609,40.0,0.04608,1525.0,0.0461,7362.0,0.04611,27749.0
1753600102418,07:08:22.418,bybit,ACT/USDT:USDT,0.04608,76.0,0.04607,2050.0,0.04609,15992.0,0.0461,6776.0
1753600102525,07:08:22.525,bybit,ACT/USDT:USDT,0.04608,76.0,0.04607,2050.0,0.04609,15992.0,0.0461,6776.0
1753600102819,07:08:22.819,bybit,ACT/USDT:USDT,0.04608,76.0,0.04607,2050.0,0.04609,15992.0,0.0461,6776.0
1753600102918,07:08:22.918,bybit,ACT/USDT:USDT,0.04608,76.0,0.04607,2050.0,0.04609,15992.0,0.0461,6776.0
1753600103718,07:08:23.718,bybit,ACT/USDT:USDT,0.04608,76.0,0.04607,2050.0,0.04609,15992.0,0.0461,6776.0
1753600104020,07:08:24.020,bybit,ACT/USDT:USDT,0.04608,76.0,0.04607,2050.0,0.04609,15992.0,0.0461,6776.0
1753600104525,07:08:24.525,bybit,ACT/USDT:USDT,0.04608,76.0,0.04607,2050.0,0.04609,15992.0,0.0461,6776.0
1753600104618,07:08:24.618,bybit,ACT/USDT:USDT,0.04608,76.0,0.04607,2050.0,0.04609,15992.0,0.0461,6776.0
1753600105218,07:08:25.218,bybit,ACT/USDT:USDT,0.04608,76.0,0.04607,2050.0,0.04609,15992.0,0.0461,6776.0
1753600105520,07:08:25.520,bybit,ACT/USDT:USDT,0.04608,76.0,0.04607,2050.0,0.04609,15992.0,0.0461,6776.0
1753600105719,07:08:25.719,bybit,ACT/USDT:USDT,0.04608,76.0,0.04607,2050.0,0.04609,15992.0,0.0461,6776.0
1753600106119,07:08:26.119,bybit,ACT/USDT:USDT,0.04608,76.0,0.04607,3501.0,0.04609,15261.0,0.0461,6776.0
1753600106219,07:08:26.219,bybit,ACT/USDT:USDT,0.04608,76.0,0.04607,3501.0,0.04609,15261.0,0.0461,6776.0
1753600106319,07:08:26.319,bybit,ACT/USDT:USDT,0.04608,76.0,0.04607,3501.0,0.04609,15261.0,0.0461,6776.0
1753600106718,07:08:26.718,bybit,ACT/USDT:USDT,0.04608,76.0,0.04607,3501.0,0.04609,15261.0,0.0461,6776.0
1753600106819,07:08:26.819,bybit,ACT/USDT:USDT,0.04608,76.0,0.04607,3501.0,0.04609,15261.0,0.0461,6776.0
1753600106919,07:08:26.919,bybit,ACT/USDT:USDT,0.04608,76.0,0.04607,3501.0,0.04609,15261.0,0.0461,6776.0
1753600107318,07:08:27.318,bybit,ACT/USDT:USDT,0.04608,76.0,0.04607,3501.0,0.04609,15261.0,0.0461,6776.0
1753600107418,07:08:27.418,bybit,ACT/USDT:USDT,0.04608,76.0,0.04607,3501.0,0.04609,15261.0,0.0461,6776.0
1753600107919,07:08:27.919,bybit,ACT/USDT:USDT,0.04608,76.0,0.04607,3501.0,0.04609,15261.0,0.0461,6776.0
1753600108020,07:08:28.020,bybit,ACT/USDT:USDT,0.04608,76.0,0.04607,3501.0,0.04609,15261.0,0.0461,6776.0
1753600108525,07:08:28.525,bybit,ACT/USDT:USDT,0.04608,76.0,0.04607,3501.0,0.04609,19600.0,0.0461,6776.0
1753600109020,07:08:29.020,bybit,ACT/USDT:USDT,0.04608,76.0,0.04607,3501.0,0.04609,19600.0,0.0461,6776.0
1753600109119,07:08:29.119,bybit,ACT/USDT:USDT,0.04608,76.0,0.04607,3501.0,0.04609,19600.0,0.0461,6776.0
1753600110117,07:08:30.117,bybit,ACT/USDT:USDT,0.04608,76.0,0.04607,3501.0,0.04609,19600.0,0.0461,6776.0
1753600110217,07:08:30.217,bybit,ACT/USDT:USDT,0.04608,76.0,0.04607,3501.0,0.04609,19600.0,0.0461,6776.0
1753600110717,07:08:30.717,bybit,ACT/USDT:USDT,0.04608,76.0,0.04607,3501.0,0.04609,19600.0,0.0461,6776.0
1753600111218,07:08:31.218,bybit,ACT/USDT:USDT,0.04608,76.0,0.04607,3501.0,0.04609,19600.0,0.0461,6776.0
1753600111319,07:08:31.319,bybit,ACT/USDT:USDT,0.04608,76.0,0.04607,3501.0,0.04609,19600.0,0.0461,6776.0
1753600111919,07:08:31.919,bybit,ACT/USDT:USDT,0.04608,76.0,0.04607,3501.0,0.04609,19600.0,0.0461,6776.0
1753600112020,07:08:32.020,bybit,ACT/USDT:USDT,0.04608,76.0,0.04607,3501.0,0.04609,19600.0,0.0461,6776.0
1753600112819,07:08:32.819,bybit,ACT/USDT:USDT,0.04608,76.0,0.04607,3501.0,0.04609,19600.0,0.0461,6776.0
1753600113418,07:08:33.418,bybit,ACT/USDT:USDT,0.04608,76.0,0.04607,3501.0,0.04609,19600.0,0.0461,6776.0
1753600113519,07:08:33.519,bybit,ACT/USDT:USDT,0.04608,76.0,0.04607,3501.0,0.04609,19600.0,0.0461,6776.0
1753600113719,07:08:33.719,bybit,ACT/USDT:USDT,0.04608,76.0,0.04607,3501.0,0.04609,19600.0,0.0461,6776.0
1753600114020,07:08:34.020,bybit,ACT/USDT:USDT,0.04608,76.0,0.04607,3501.0,0.04609,19600.0,0.0461,6776.0
1753600114119,07:08:34.119,bybit,ACT/USDT:USDT,0.04608,76.0,0.04607,3501.0,0.04609,19600.0,0.0461,6776.0
1753600114525,07:08:34.525,bybit,ACT/USDT:USDT,0.04608,76.0,0.04606,17818.0,0.04609,19600.0,0.0461,6776.0
1753600114618,07:08:34.618,bybit,ACT/USDT:USDT,0.04608,76.0,0.04606,9015.0,0.04609,19600.0,0.0461,6776.0
1753600114718,07:08:34.718,bybit,ACT/USDT:USDT,0.04608,76.0,0.04606,9015.0,0.04609,19600.0,0.0461,6776.0
1753600115619,07:08:35.619,bybit,ACT/USDT:USDT,0.04608,76.0,0.04606,10466.0,0.04609,30335.0,0.0461,17625.0
1753600115719,07:08:35.719,bybit,ACT/USDT:USDT,0.04608,76.0,0.04606,10466.0,0.04609,30335.0,0.0461,17625.0
1753600116219,07:08:36.219,bybit,ACT/USDT:USDT,0.04608,76.0,0.04606,10466.0,0.04609,30335.0,0.0461,17625.0
1753600116319,07:08:36.319,bybit,ACT/USDT:USDT,0.04608,76.0,0.04606,10466.0,0.04609,30335.0,0.0461,17625.0
1753600116619,07:08:36.619,bybit,ACT/USDT:USDT,0.04608,76.0,0.04606,10466.0,0.04609,30335.0,0.0461,17625.0
1753600116718,07:08:36.718,bybit,ACT/USDT:USDT,0.04608,76.0,0.04606,10466.0,0.04609,30335.0,0.0461,17625.0
1753600116818,07:08:36.818,bybit,ACT/USDT:USDT,0.04608,76.0,0.04606,10466.0,0.04609,30335.0,0.0461,17625.0
1753600116918,07:08:36.918,bybit,ACT/USDT:USDT,0.04608,76.0,0.04607,1451.0,0.04609,30335.0,0.0461,17625.0
1753600117719,07:08:37.719,bybit,ACT/USDT:USDT,0.04608,76.0,0.04607,1451.0,0.04609,30335.0,0.0461,17625.0
1753600117819,07:08:37.819,bybit,ACT/USDT:USDT,0.04608,76.0,0.04607,1451.0,0.04609,30335.0,0.0461,17625.0
1753600118319,07:08:38.319,bybit,ACT/USDT:USDT,0.04608,76.0,0.04607,1451.0,0.04609,30335.0,0.0461,17625.0
1753600118919,07:08:38.919,bybit,ACT/USDT:USDT,0.04608,76.0,0.04607,1451.0,0.04609,30335.0,0.0461,17625.0
1753600119019,07:08:39.019,bybit,ACT/USDT:USDT,0.04608,76.0,0.04607,1451.0,0.04609,30335.0,0.0461,17625.0
1753600119520,07:08:39.520,bybit,ACT/USDT:USDT,0.04608,76.0,0.04607,1451.0,0.04609,30335.0,0.0461,17625.0
1753600119819,07:08:39.819,bybit,ACT/USDT:USDT,0.04608,76.0,0.04607,1451.0,0.04609,30335.0,0.0461,17625.0
1753600120019,07:08:40.019,bybit,ACT/USDT:USDT,0.04608,76.0,0.04607,1451.0,0.04609,30335.0,0.0461,17625.0
1753600120619,07:08:40.619,bybit,ACT/USDT:USDT,0.04608,76.0,0.04607,1451.0,0.04609,30335.0,0.0461,6776.0
1753600120819,07:08:40.819,bybit,ACT/USDT:USDT,0.04608,76.0,0.04607,1451.0,0.04609,27666.0,0.0461,6776.0
1753600120919,07:08:40.919,bybit,ACT/USDT:USDT,0.04608,76.0,0.04607,1451.0,0.04609,30335.0,0.0461,6776.0
1753600121719,07:08:41.719,bybit,ACT/USDT:USDT,0.04608,168.0,0.04607,1451.0,0.04609,30335.0,0.0461,6776.0
1753600121819,07:08:41.819,bybit,ACT/USDT:USDT,0.04608,168.0,0.04607,1451.0,0.04609,30335.0,0.0461,6776.0
1753600122318,07:08:42.318,bybit,ACT/USDT:USDT,0.04608,168.0,0.04607,1451.0,0.04609,25174.0,0.0461,6776.0
1753600122419,07:08:42.419,bybit,ACT/USDT:USDT,0.04608,168.0,0.04607,1451.0,0.04609,25174.0,0.0461,6776.0
1753600123418,07:08:43.418,bybit,ACT/USDT:USDT,0.04608,168.0,0.04607,1451.0,0.04609,25174.0,0.0461,6776.0
1753600123520,07:08:43.520,bybit,ACT/USDT:USDT,0.04608,168.0,0.04607,1451.0,0.04609,14439.0,0.0461,6776.0
1753600123920,07:08:43.920,bybit,ACT/USDT:USDT,0.04608,168.0,0.04607,1451.0,0.04609,14439.0,0.0461,6776.0
1753600124020,07:08:44.020,bybit,ACT/USDT:USDT,0.04608,168.0,0.04607,1451.0,0.04609,14439.0,0.0461,6776.0
1753600125020,07:08:45.020,bybit,ACT/USDT:USDT,0.04608,168.0,0.04607,1451.0,0.04609,14439.0,0.0461,6776.0
1753600125119,07:08:45.119,bybit,ACT/USDT:USDT,0.04608,168.0,0.04607,1451.0,0.04609,14439.0,0.0461,6776.0
1753600125618,07:08:45.618,bybit,ACT/USDT:USDT,0.04608,168.0,0.04607,1451.0,0.04609,14439.0,0.0461,6776.0
1753600126218,07:08:46.218,bybit,ACT/USDT:USDT,0.04608,168.0,0.04607,1451.0,0.04609,14439.0,0.0461,6776.0
1753600127218,07:08:47.218,bybit,ACT/USDT:USDT,0.04609,693.0,0.04608,2744.0,0.0461,2699.0,0.04611,10686.0
1753600127319,07:08:47.319,bybit,ACT/USDT:USDT,0.04609,693.0,0.04608,1662.0,0.0461,8791.0,0.04611,5263.0
1753600127520,07:08:47.520,bybit,ACT/USDT:USDT,0.04609,693.0,0.04608,1662.0,0.0461,8791.0,0.04611,7211.0
1753600127718,07:08:47.718,bybit,ACT/USDT:USDT,0.04609,693.0,0.04608,1662.0,0.0461,8791.0,0.04611,7211.0
1753600127819,07:08:47.819,bybit,ACT/USDT:USDT,0.04609,693.0,0.04608,1662.0,0.0461,8791.0,0.04611,7211.0
1753600128219,07:08:48.219,bybit,ACT/USDT:USDT,0.04609,693.0,0.04608,1662.0,0.0461,8791.0,0.04611,7211.0
1753600128819,07:08:48.819,bybit,ACT/USDT:USDT,0.04609,693.0,0.04608,1662.0,0.0461,8791.0,0.04611,7211.0
1753600128919,07:08:48.919,bybit,ACT/USDT:USDT,0.04609,693.0,0.04608,1662.0,0.0461,8791.0,0.04611,7211.0
1753600129318,07:08:49.318,bybit,ACT/USDT:USDT,0.04609,693.0,0.04608,1662.0,0.0461,8791.0,0.04611,7211.0
1753600129419,07:08:49.419,bybit,ACT/USDT:USDT,0.04609,693.0,0.04608,1662.0,0.0461,8791.0,0.04611,7211.0
1753600129519,07:08:49.519,bybit,ACT/USDT:USDT,0.04609,784.0,0.04608,1570.0,0.0461,8791.0,0.04611,7211.0
1753600130419,07:08:50.419,bybit,ACT/USDT:USDT,0.04609,784.0,0.04608,1570.0,0.0461,8791.0,0.04611,7211.0
1753600130521,07:08:50.521,bybit,ACT/USDT:USDT,0.04609,784.0,0.04608,1570.0,0.0461,8791.0,0.04611,7211.0
1753600130919,07:08:50.919,bybit,ACT/USDT:USDT,0.04609,784.0,0.04608,1570.0,0.0461,8791.0,0.04611,7211.0
1753600131019,07:08:51.019,bybit,ACT/USDT:USDT,0.04609,784.0,0.04608,1570.0,0.0461,8791.0,0.04611,7211.0
1753600131319,07:08:51.319,bybit,ACT/USDT:USDT,0.04609,784.0,0.04608,1570.0,0.0461,8789.0,0.04611,7211.0
1753600131520,07:08:51.520,bybit,ACT/USDT:USDT,0.04609,2640.0,0.04608,1570.0,0.0461,2697.0,0.04611,7211.0
1753600131619,07:08:51.619,bybit,ACT/USDT:USDT,0.04609,2640.0,0.04608,1570.0,0.0461,2697.0,0.04611,7211.0
1753600132020,07:08:52.020,bybit,ACT/USDT:USDT,0.04609,2640.0,0.04608,1570.0,0.0461,2697.0,0.04611,7211.0
1753600132118,07:08:52.118,bybit,ACT/USDT:USDT,0.04609,2640.0,0.04608,1570.0,0.0461,2697.0,0.04611,7211.0
1753600132618,07:08:52.618,bybit,ACT/USDT:USDT,0.04609,2640.0,0.04608,1570.0,0.0461,2697.0,0.04611,7211.0
1753600132719,07:08:52.719,bybit,ACT/USDT:USDT,0.04609,2640.0,0.04608,1570.0,0.0461,2697.0,0.04611,7211.0
1753600132918,07:08:52.918,bybit,ACT/USDT:USDT,0.04609,2640.0,0.04608,1570.0,0.0461,2697.0,0.04611,7211.0
1753600133020,07:08:53.020,bybit,ACT/USDT:USDT,0.04609,2640.0,0.04608,1570.0,0.0461,7333.0,0.04611,7211.0
1753600133119,07:08:53.119,bybit,ACT/USDT:USDT,0.04609,2640.0,0.04608,1570.0,0.0461,7333.0,0.04611,7211.0
1753600133219,07:08:53.219,bybit,ACT/USDT:USDT,0.04609,2640.0,0.04608,1570.0,0.0461,7333.0,0.04611,7211.0
1753600133319,07:08:53.319,bybit,ACT/USDT:USDT,0.04609,2640.0,0.04608,1570.0,0.0461,2697.0,0.04611,13186.0
1753600133618,07:08:53.618,bybit,ACT/USDT:USDT,0.04609,2640.0,0.04608,1570.0,0.0461,2697.0,0.04611,13186.0
1753600133719,07:08:53.719,bybit,ACT/USDT:USDT,0.04609,2640.0,0.04608,1570.0,0.0461,2697.0,0.04611,13186.0
1753600134219,07:08:54.219,bybit,ACT/USDT:USDT,0.04609,2640.0,0.04608,1570.0,0.0461,2697.0,0.04611,13186.0
1753600134318,07:08:54.318,bybit,ACT/USDT:USDT,0.04609,2640.0,0.04608,1570.0,0.0461,2697.0,0.04611,13186.0
1753600134818,07:08:54.818,bybit,ACT/USDT:USDT,0.04609,2640.0,0.04608,1570.0,0.0461,2697.0,0.04611,13186.0
1753600134919,07:08:54.919,bybit,ACT/USDT:USDT,0.04609,2640.0,0.04608,1570.0,0.0461,2697.0,0.04611,13186.0
1753600135419,07:08:55.419,bybit,ACT/USDT:USDT,0.04609,2640.0,0.04608,1570.0,0.0461,2697.0,0.04611,13186.0
1753600135518,07:08:55.518,bybit,ACT/USDT:USDT,0.04609,2640.0,0.04608,1570.0,0.0461,2697.0,0.04611,13186.0
1753600135619,07:08:55.619,bybit,ACT/USDT:USDT,0.04609,2640.0,0.04608,1570.0,0.0461,7035.0,0.04611,34880.0
1753600135819,07:08:55.819,bybit,ACT/USDT:USDT,0.04609,784.0,0.04608,1570.0,0.0461,12002.0,0.04611,28905.0
1753600135918,07:08:55.918,bybit,ACT/USDT:USDT,0.04609,784.0,0.04608,1570.0,0.0461,12002.0,0.04611,28905.0
1753600136418,07:08:56.418,bybit,ACT/USDT:USDT,0.04609,784.0,0.04608,3479.0,0.0461,7035.0,0.04611,33872.0
1753600136522,07:08:56.522,bybit,ACT/USDT:USDT,0.04609,784.0,0.04608,3479.0,0.0461,7035.0,0.04611,33872.0
1753600137020,07:08:57.020,bybit,ACT/USDT:USDT,0.04609,784.0,0.04608,3479.0,0.0461,7035.0,0.04611,33872.0
1753600137119,07:08:57.119,bybit,ACT/USDT:USDT,0.04609,784.0,0.04608,3479.0,0.0461,7035.0,0.04611,33872.0
1753600137520,07:08:57.520,bybit,ACT/USDT:USDT,0.04609,784.0,0.04608,3479.0,0.0461,7035.0,0.04611,33872.0
1753600137619,07:08:57.619,bybit,ACT/USDT:USDT,0.04609,784.0,0.04608,3479.0,0.0461,7035.0,0.04611,33872.0
1753600138619,07:08:58.619,bybit,ACT/USDT:USDT,0.04609,784.0,0.04608,3479.0,0.0461,7035.0,0.04611,33872.0
1753600139118,07:08:59.118,bybit,ACT/USDT:USDT,0.04609,784.0,0.04608,3479.0,0.0461,7035.0,0.04611,33872.0
1753600139218,07:08:59.218,bybit,ACT/USDT:USDT,0.04609,784.0,0.04608,3479.0,0.0461,7035.0,0.04611,33872.0
1753600139718,07:08:59.718,bybit,ACT/USDT:USDT,0.04609,784.0,0.04608,3479.0,0.0461,7035.0,0.04611,33872.0
1753600139819,07:08:59.819,bybit,ACT/USDT:USDT,0.04609,784.0,0.04608,3479.0,0.0461,7035.0,0.04611,33872.0
1753600140819,07:09:00.819,bybit,ACT/USDT:USDT,0.04609,784.0,0.04608,3479.0,0.0461,7035.0,0.04611,33872.0
1753600140918,07:09:00.918,bybit,ACT/USDT:USDT,0.04609,784.0,0.04608,3479.0,0.0461,7035.0,0.04611,33872.0
1753600141419,07:09:01.419,bybit,ACT/USDT:USDT,0.04609,784.0,0.04608,3479.0,0.0461,7035.0,0.04611,33872.0
1753600141519,07:09:01.519,bybit,ACT/USDT:USDT,0.04609,784.0,0.04608,3479.0,0.0461,7035.0,0.04611,33872.0
1753600141619,07:09:01.619,bybit,ACT/USDT:USDT,0.04609,1252.0,0.04608,3479.0,0.0461,7007.0,0.04611,33872.0
1753600141919,07:09:01.919,bybit,ACT/USDT:USDT,0.04609,1252.0,0.04608,3479.0,0.0461,7007.0,0.04611,33872.0
1753600142019,07:09:02.019,bybit,ACT/USDT:USDT,0.04609,1252.0,0.04608,3479.0,0.0461,7007.0,0.04611,33872.0
1753600142618,07:09:02.618,bybit,ACT/USDT:USDT,0.04609,1252.0,0.04608,3479.0,0.0461,7007.0,0.04611,33872.0
1753600143019,07:09:03.019,bybit,ACT/USDT:USDT,0.04609,1252.0,0.04608,3479.0,0.0461,7007.0,0.04611,33872.0
1753600143526,07:09:03.526,bybit,ACT/USDT:USDT,0.04609,1252.0,0.04608,3479.0,0.0461,7007.0,0.04611,33872.0
1753600143619,07:09:03.619,bybit,ACT/USDT:USDT,0.04609,1252.0,0.04608,3479.0,0.0461,7007.0,0.04611,33872.0
1753600144020,07:09:04.020,bybit,ACT/USDT:USDT,0.04609,1252.0,0.04608,3479.0,0.0461,7007.0,0.04611,33872.0
1753600144619,07:09:04.619,bybit,ACT/USDT:USDT,0.04609,1252.0,0.04608,3479.0,0.0461,7007.0,0.04611,33872.0
1753600144719,07:09:04.719,bybit,ACT/USDT:USDT,0.04609,1252.0,0.04608,3479.0,0.0461,7007.0,0.04611,33872.0
1753600145020,07:09:05.020,bybit,ACT/USDT:USDT,0.04609,1252.0,0.04608,3479.0,0.0461,7007.0,0.04611,33981.0
1753600145119,07:09:05.119,bybit,ACT/USDT:USDT,0.04609,1252.0,0.04608,3479.0,0.0461,7007.0,0.04611,33981.0
1753600145218,07:09:05.218,bybit,ACT/USDT:USDT,0.04609,1252.0,0.04608,3479.0,0.0461,7007.0,0.04611,33981.0
1753600146218,07:09:06.218,bybit,ACT/USDT:USDT,0.04609,1252.0,0.04608,3479.0,0.0461,7007.0,0.04611,33981.0
1753600146318,07:09:06.318,bybit,ACT/USDT:USDT,0.04609,1252.0,0.04608,3479.0,0.0461,7007.0,0.04611,33981.0
1753600146818,07:09:06.818,bybit,ACT/USDT:USDT,0.04609,1252.0,0.04608,3479.0,0.0461,7007.0,0.04611,33981.0
1753600146919,07:09:06.919,bybit,ACT/USDT:USDT,0.04609,1252.0,0.04608,3479.0,0.0461,7007.0,0.04611,33981.0
1753600147120,07:09:07.120,bybit,ACT/USDT:USDT,0.04609,2746.0,0.04608,3479.0,0.0461,2669.0,0.04611,109.0
1753600147319,07:09:07.319,bybit,ACT/USDT:USDT,0.0461,1400.0,0.04609,2053.0,0.04611,2778.0,0.04612,11182.0
1753600147418,07:09:07.418,bybit,ACT/USDT:USDT,0.0461,1400.0,0.04609,2053.0,0.04611,2778.0,0.04612,11182.0
1753600147818,07:09:07.818,bybit,ACT/USDT:USDT,0.0461,1400.0,0.04609,2053.0,0.04611,2778.0,0.04612,11182.0
1753600147919,07:09:07.919,bybit,ACT/USDT:USDT,0.0461,1400.0,0.04609,2053.0,0.04611,2778.0,0.04612,11182.0
1753600148019,07:09:08.019,bybit,ACT/USDT:USDT,0.0461,1434.0,0.04609,2053.0,0.04611,2778.0,0.04612,11182.0
1753600148418,07:09:08.418,bybit,ACT/USDT:USDT,0.0461,1434.0,0.04609,2053.0,0.04611,2778.0,0.04612,11182.0
1753600148521,07:09:08.521,bybit,ACT/USDT:USDT,0.0461,1434.0,0.04609,2053.0,0.04611,2778.0,0.04612,11182.0
1753600148618,07:09:08.618,bybit,ACT/USDT:USDT,0.0461,1434.0,0.04609,2053.0,0.04611,2778.0,0.04612,11182.0
1753600149120,07:09:09.120,bybit,ACT/USDT:USDT,0.0461,1434.0,0.04609,2053.0,0.04611,2778.0,0.04612,15897.0
1753600149520,07:09:09.520,bybit,ACT/USDT:USDT,0.0461,1434.0,0.04609,2053.0,0.04611,2778.0,0.04612,15897.0
1753600151719,07:09:11.719,bybit,ACT/USDT:USDT,0.0461,1434.0,0.04609,2053.0,0.04611,2778.0,0.04612,15897.0
1753600152318,07:09:12.318,bybit,ACT/USDT:USDT,0.0461,1434.0,0.04609,2053.0,0.04611,2778.0,0.04612,15897.0
1753600152419,07:09:12.419,bybit,ACT/USDT:USDT,0.0461,1434.0,0.04609,2053.0,0.04611,2778.0,0.04612,15897.0
1753600152819,07:09:12.819,bybit,ACT/USDT:USDT,0.0461,1434.0,0.04609,2053.0,0.04611,2778.0,0.04612,15897.0
1753600152919,07:09:12.919,bybit,ACT/USDT:USDT,0.0461,1434.0,0.04609,2053.0,0.04611,2778.0,0.04612,15897.0
1753600154020,07:09:14.020,bybit,ACT/USDT:USDT,0.0461,727.0,0.04609,2053.0,0.04611,2778.0,0.04612,16631.0
1753600154527,07:09:14.527,bybit,ACT/USDT:USDT,0.0461,727.0,0.04609,2053.0,0.04611,3459.0,0.04612,16631.0
1753600154919,07:09:14.919,bybit,ACT/USDT:USDT,0.0461,727.0,0.04609,2053.0,0.04611,3459.0,0.04612,16631.0
1753600155019,07:09:15.019,bybit,ACT/USDT:USDT,0.0461,727.0,0.04609,2053.0,0.04611,3459.0,0.04612,16631.0
1753600155519,07:09:15.519,bybit,ACT/USDT:USDT,0.0461,727.0,0.04609,2053.0,0.04611,3459.0,0.04612,16631.0
1753600155618,07:09:15.618,bybit,ACT/USDT:USDT,0.0461,727.0,0.04609,2053.0,0.04611,3459.0,0.04612,16631.0
1753600156120,07:09:16.120,bybit,ACT/USDT:USDT,0.0461,727.0,0.04609,2053.0,0.04611,3459.0,0.04612,16631.0
1753600156619,07:09:16.619,bybit,ACT/USDT:USDT,0.0461,727.0,0.04609,2053.0,0.04611,3459.0,0.04612,16631.0
1753600157418,07:09:17.418,bybit,ACT/USDT:USDT,0.0461,34.0,0.04609,2053.0,0.04611,8133.0,0.04612,11182.0
1753600157618,07:09:17.618,bybit,ACT/USDT:USDT,0.0461,34.0,0.04609,2053.0,0.04611,8133.0,0.04612,11182.0
1753600158118,07:09:18.118,bybit,ACT/USDT:USDT,0.0461,34.0,0.04609,2053.0,0.04611,8133.0,0.04612,11182.0
1753600158319,07:09:18.319,bybit,ACT/USDT:USDT,0.0461,34.0,0.04609,2053.0,0.04611,8133.0,0.04612,11182.0
1753600158419,07:09:18.419,bybit,ACT/USDT:USDT,0.0461,34.0,0.04609,2053.0,0.04611,8133.0,0.04612,17656.0
1753600158719,07:09:18.719,bybit,ACT/USDT:USDT,0.0461,34.0,0.04609,559.0,0.04611,8133.0,0.04612,15519.0
1753600158917,07:09:18.917,bybit,ACT/USDT:USDT,0.0461,34.0,0.04609,559.0,0.04611,8133.0,0.04612,15519.0
1753600159019,07:09:19.019,bybit,ACT/USDT:USDT,0.0461,34.0,0.04609,559.0,0.04611,8133.0,0.04612,15519.0
1753600159219,07:09:19.219,bybit,ACT/USDT:USDT,0.0461,34.0,0.04609,559.0,0.04611,8133.0,0.04612,15519.0
1753600159318,07:09:19.318,bybit,ACT/USDT:USDT,0.0461,34.0,0.04609,559.0,0.04611,8133.0,0.04612,15519.0
1753600159719,07:09:19.719,bybit,ACT/USDT:USDT,0.0461,34.0,0.04609,559.0,0.04611,8133.0,0.04612,15519.0
1753600159818,07:09:19.818,bybit,ACT/USDT:USDT,0.0461,34.0,0.04609,559.0,0.04611,8133.0,0.04612,15519.0
1753600160318,07:09:20.318,bybit,ACT/USDT:USDT,0.0461,34.0,0.04609,559.0,0.04611,8133.0,0.04612,15519.0
1753600160417,07:09:20.417,bybit,ACT/USDT:USDT,0.0461,34.0,0.04609,559.0,0.04611,8133.0,0.04612,15519.0
1753600160919,07:09:20.919,bybit,ACT/USDT:USDT,0.0461,34.0,0.04609,559.0,0.04611,8133.0,0.04612,15519.0
1753600161520,07:09:21.520,bybit,ACT/USDT:USDT,0.0461,34.0,0.04609,559.0,0.04611,8133.0,0.04612,21993.0
1753600162019,07:09:22.019,bybit,ACT/USDT:USDT,0.0461,34.0,0.04609,559.0,0.04611,8133.0,0.04612,21993.0
1753600162318,07:09:22.318,bybit,ACT/USDT:USDT,0.0461,34.0,0.04609,559.0,0.04611,8133.0,0.04612,21993.0
1753600162418,07:09:22.418,bybit,ACT/USDT:USDT,0.0461,34.0,0.04609,559.0,0.04611,8133.0,0.04612,21993.0
1753600162525,07:09:22.525,bybit,ACT/USDT:USDT,0.0461,34.0,0.04609,559.0,0.04611,8133.0,0.04612,21993.0
1753600163020,07:09:23.020,bybit,ACT/USDT:USDT,0.0461,34.0,0.04609,559.0,0.04611,8133.0,0.04612,21993.0
1753600163118,07:09:23.118,bybit,ACT/USDT:USDT,0.0461,34.0,0.04609,559.0,0.04611,8133.0,0.04612,21993.0
1753600163718,07:09:23.718,bybit,ACT/USDT:USDT,0.0461,34.0,0.04609,559.0,0.04611,8133.0,0.04612,21993.0
1753600164319,07:09:24.319,bybit,ACT/USDT:USDT,0.0461,34.0,0.04609,559.0,0.04611,8133.0,0.04612,21993.0
1753600164718,07:09:24.718,bybit,ACT/USDT:USDT,0.0461,34.0,0.04609,559.0,0.04611,8133.0,0.04612,21993.0
1753600164818,07:09:24.818,bybit,ACT/USDT:USDT,0.0461,34.0,0.04609,559.0,0.04611,8133.0,0.04612,21993.0
1753600165817,07:09:25.817,bybit,ACT/USDT:USDT,0.0461,34.0,0.04609,559.0,0.04611,8133.0,0.04612,21993.0
1753600165919,07:09:25.919,bybit,ACT/USDT:USDT,0.0461,34.0,0.04609,559.0,0.04611,8133.0,0.04612,21993.0
1753600166319,07:09:26.319,bybit,ACT/USDT:USDT,0.0461,34.0,0.04609,559.0,0.04611,8133.0,0.04612,21993.0
1753600166419,07:09:26.419,bybit,ACT/USDT:USDT,0.0461,34.0,0.04609,559.0,0.04611,8133.0,0.04612,21993.0
1753600166818,07:09:26.818,bybit,ACT/USDT:USDT,0.0461,34.0,0.04609,559.0,0.04611,8133.0,0.04612,21993.0
1753600166919,07:09:26.919,bybit,ACT/USDT:USDT,0.0461,34.0,0.04609,559.0,0.04611,8133.0,0.04612,21993.0
1753600167519,07:09:27.519,bybit,ACT/USDT:USDT,0.04609,91.0,0.04608,11524.0,0.04611,14283.0,0.04612,21993.0
1753600167618,07:09:27.618,bybit,ACT/USDT:USDT,0.04609,91.0,0.04608,11524.0,0.04611,14283.0,0.04612,21993.0
1753600167920,07:09:27.920,bybit,ACT/USDT:USDT,0.04609,91.0,0.04608,11524.0,0.04611,14283.0,0.04612,32838.0
1753600168019,07:09:28.019,bybit,ACT/USDT:USDT,0.04609,91.0,0.04608,1985.0,0.0461,10405.0,0.04611,14091.0
1753600168318,07:09:28.318,bybit,ACT/USDT:USDT,0.04609,91.0,0.04608,1985.0,0.0461,10405.0,0.04611,14091.0
1753600168521,07:09:28.521,bybit,ACT/USDT:USDT,0.04609,91.0,0.04608,1985.0,0.0461,10405.0,0.04611,14091.0
1753600168618,07:09:28.618,bybit,ACT/USDT:USDT,0.04609,91.0,0.04608,1985.0,0.0461,10405.0,0.04611,14091.0
1753600169118,07:09:29.118,bybit,ACT/USDT:USDT,0.04609,91.0,0.04608,1985.0,0.0461,10405.0,0.04611,14091.0
1753600169218,07:09:29.218,bybit,ACT/USDT:USDT,0.04609,91.0,0.04608,1985.0,0.0461,10405.0,0.04611,14091.0
1753600169618,07:09:29.618,bybit,ACT/USDT:USDT,0.04609,91.0,0.04608,1985.0,0.0461,10405.0,0.04611,14091.0
1753600169718,07:09:29.718,bybit,ACT/USDT:USDT,0.04609,91.0,0.04608,1985.0,0.0461,10405.0,0.04611,14091.0
1753600170319,07:09:30.319,bybit,ACT/USDT:USDT,0.04609,91.0,0.04608,1985.0,0.0461,10405.0,0.04611,14091.0
1753600171319,07:09:31.319,bybit,ACT/USDT:USDT,0.04609,91.0,0.04608,1985.0,0.0461,10405.0,0.04611,14091.0
1753600171418,07:09:31.418,bybit,ACT/USDT:USDT,0.04609,91.0,0.04608,1985.0,0.0461,10405.0,0.04611,14091.0
1753600171919,07:09:31.919,bybit,ACT/USDT:USDT,0.04609,91.0,0.04608,1985.0,0.0461,10405.0,0.04611,14091.0
1753600172418,07:09:32.418,bybit,ACT/USDT:USDT,0.04609,91.0,0.04608,1985.0,0.0461,10405.0,0.04611,14091.0
1753600172526,07:09:32.526,bybit,ACT/USDT:USDT,0.04609,91.0,0.04608,1985.0,0.0461,10405.0,0.04611,14091.0
1753600172821,07:09:32.821,bybit,ACT/USDT:USDT,0.04609,91.0,0.04608,1985.0,0.0461,10405.0,0.04611,14091.0
1753600172919,07:09:32.919,bybit,ACT/USDT:USDT,0.04609,91.0,0.04608,1985.0,0.0461,10405.0,0.04611,14091.0
1753600173020,07:09:33.020,bybit,ACT/USDT:USDT,0.04609,91.0,0.04608,1985.0,0.0461,10405.0,0.04611,14091.0
1753600173119,07:09:33.119,bybit,ACT/USDT:USDT,0.04609,91.0,0.04608,1985.0,0.0461,10405.0,0.04611,14091.0
1753600173418,07:09:33.418,bybit,ACT/USDT:USDT,0.04609,91.0,0.04608,1985.0,0.0461,10405.0,0.04611,14091.0
1753600173519,07:09:33.519,bybit,ACT/USDT:USDT,0.04609,91.0,0.04608,1985.0,0.0461,10405.0,0.04611,14091.0
1753600173617,07:09:33.617,bybit,ACT/USDT:USDT,0.04609,632.0,0.04608,3439.0,0.0461,8917.0,0.04611,12597.0
1753600173919,07:09:33.919,bybit,ACT/USDT:USDT,0.04609,632.0,0.04608,3439.0,0.0461,8917.0,0.04611,12597.0
1753600174119,07:09:34.119,bybit,ACT/USDT:USDT,0.04609,632.0,0.04608,3439.0,0.0461,8917.0,0.04611,12597.0
1753600174419,07:09:34.419,bybit,ACT/USDT:USDT,0.04609,632.0,0.04608,3439.0,0.0461,8186.0,0.04611,12597.0
1753600174819,07:09:34.819,bybit,ACT/USDT:USDT,0.0461,693.0,0.04609,91.0,0.04611,8102.0,0.04612,36927.0
1753600175219,07:09:35.219,bybit,ACT/USDT:USDT,0.0461,693.0,0.04609,91.0,0.04611,8102.0,0.04612,36927.0
1753600175319,07:09:35.319,bybit,ACT/USDT:USDT,0.0461,693.0,0.04609,91.0,0.04611,8102.0,0.04612,36927.0
1753600175418,07:09:35.418,bybit,ACT/USDT:USDT,0.0461,693.0,0.04609,1547.0,0.04611,8102.0,0.04612,32589.0
1753600175718,07:09:35.718,bybit,ACT/USDT:USDT,0.0461,693.0,0.04609,1547.0,0.04611,8102.0,0.04612,32589.0
1753600175818,07:09:35.818,bybit,ACT/USDT:USDT,0.0461,693.0,0.04609,1547.0,0.04611,8102.0,0.04612,32589.0
1753600175919,07:09:35.919,bybit,ACT/USDT:USDT,0.0461,693.0,0.04609,1547.0,0.04611,8102.0,0.04612,32589.0
1753600176417,07:09:36.417,bybit,ACT/USDT:USDT,0.0461,693.0,0.04609,1547.0,0.04611,8102.0,0.04612,32589.0
1753600176524,07:09:36.524,bybit,ACT/USDT:USDT,0.0461,693.0,0.04609,1547.0,0.04611,8102.0,0.04612,32589.0
1753600176619,07:09:36.619,bybit,ACT/USDT:USDT,0.0461,693.0,0.04609,1547.0,0.04611,8102.0,0.04612,32589.0
1753600177119,07:09:37.119,bybit,ACT/USDT:USDT,0.0461,693.0,0.04609,1547.0,0.04611,8102.0,0.04612,32589.0
1753600177520,07:09:37.520,bybit,ACT/USDT:USDT,0.0461,693.0,0.04609,1547.0,0.04611,8102.0,0.04612,32589.0
1753600177618,07:09:37.618,bybit,ACT/USDT:USDT,0.0461,693.0,0.04609,1547.0,0.04611,8102.0,0.04612,32589.0
1753600178119,07:09:38.119,bybit,ACT/USDT:USDT,0.0461,693.0,0.04609,1547.0,0.04611,8102.0,0.04612,32589.0
1753600178218,07:09:38.218,bybit,ACT/USDT:USDT,0.0461,693.0,0.04609,1547.0,0.04611,8102.0,0.04612,32589.0
1753600178619,07:09:38.619,bybit,ACT/USDT:USDT,0.0461,693.0,0.04609,1547.0,0.04611,8102.0,0.04612,32589.0
1753600178718,07:09:38.718,bybit,ACT/USDT:USDT,0.0461,693.0,0.04609,1547.0,0.04611,8102.0,0.04612,32589.0
1753600179318,07:09:39.318,bybit,ACT/USDT:USDT,0.0461,693.0,0.04609,1547.0,0.04611,8102.0,0.04612,32589.0
1753600179719,07:09:39.719,bybit,ACT/USDT:USDT,0.0461,693.0,0.04609,1547.0,0.04611,8102.0,0.04612,32589.0
1753600179819,07:09:39.819,bybit,ACT/USDT:USDT,0.0461,693.0,0.04609,1547.0,0.04611,8102.0,0.04612,32589.0
1753600179919,07:09:39.919,bybit,ACT/USDT:USDT,0.0461,693.0,0.04609,1547.0,0.04611,8102.0,0.04612,32589.0
1753600180318,07:09:40.318,bybit,ACT/USDT:USDT,0.0461,693.0,0.04609,1547.0,0.04611,8102.0,0.04612,32589.0
1753600180918,07:09:40.918,bybit,ACT/USDT:USDT,0.0461,693.0,0.04609,1547.0,0.04611,8102.0,0.04612,32589.0
1753600181319,07:09:41.319,bybit,ACT/USDT:USDT,0.0461,693.0,0.04609,1547.0,0.04611,8102.0,0.04612,32589.0
1753600181419,07:09:41.419,bybit,ACT/USDT:USDT,0.0461,693.0,0.04609,1547.0,0.04611,8102.0,0.04612,32589.0
1753600181818,07:09:41.818,bybit,ACT/USDT:USDT,0.0461,868.0,0.04609,1456.0,0.04611,8102.0,0.04612,32589.0
1753600182319,07:09:42.319,bybit,ACT/USDT:USDT,0.0461,868.0,0.04609,1456.0,0.04611,8102.0,0.04612,32589.0
1753600182521,07:09:42.521,bybit,ACT/USDT:USDT,0.0461,868.0,0.04609,1456.0,0.04611,8102.0,0.04612,32589.0
1753600182720,07:09:42.720,bybit,ACT/USDT:USDT,0.0461,868.0,0.04609,1456.0,0.04611,8102.0,0.04612,27416.0
1753600182919,07:09:42.919,bybit,ACT/USDT:USDT,0.0461,868.0,0.04609,1456.0,0.04611,8102.0,0.04612,27416.0
1753600183520,07:09:43.520,bybit,ACT/USDT:USDT,0.0461,868.0,0.04609,1456.0,0.04611,8102.0,0.04612,27416.0
1753600183618,07:09:43.618,bybit,ACT/USDT:USDT,0.0461,868.0,0.04609,1456.0,0.04611,8102.0,0.04612,27416.0
1753600184118,07:09:44.118,bybit,ACT/USDT:USDT,0.0461,868.0,0.04609,1456.0,0.04611,8102.0,0.04612,27416.0
1753600184523,07:09:44.523,bybit,ACT/USDT:USDT,0.0461,868.0,0.04609,1456.0,0.04611,8102.0,0.04612,27416.0
1753600184618,07:09:44.618,bybit,ACT/USDT:USDT,0.0461,868.0,0.04609,1456.0,0.04611,8102.0,0.04612,27416.0
1753600185118,07:09:45.118,bybit,ACT/USDT:USDT,0.0461,868.0,0.04609,1456.0,0.04611,8102.0,0.04612,27416.0
1753600185218,07:09:45.218,bybit,ACT/USDT:USDT,0.0461,868.0,0.04609,1456.0,0.04611,8102.0,0.04612,27416.0
1753600185718,07:09:45.718,bybit,ACT/USDT:USDT,0.0461,868.0,0.04609,1456.0,0.04611,8102.0,0.04612,27416.0
1753600185819,07:09:45.819,bybit,ACT/USDT:USDT,0.0461,868.0,0.04609,1456.0,0.04611,8102.0,0.04612,27416.0
1753600186318,07:09:46.318,bybit,ACT/USDT:USDT,0.0461,868.0,0.04609,1456.0,0.04611,8102.0,0.04612,27416.0
1753600186419,07:09:46.419,bybit,ACT/USDT:USDT,0.0461,868.0,0.04609,1456.0,0.04611,8102.0,0.04612,27416.0
1753600186918,07:09:46.918,bybit,ACT/USDT:USDT,0.0461,868.0,0.04609,1456.0,0.04611,8102.0,0.04612,27416.0
1753600187019,07:09:47.019,bybit,ACT/USDT:USDT,0.0461,868.0,0.04609,1456.0,0.04611,8102.0,0.04612,27416.0
1753600188118,07:09:48.118,bybit,ACT/USDT:USDT,0.0461,868.0,0.04609,1456.0,0.04611,8102.0,0.04612,27416.0
1753600188219,07:09:48.219,bybit,ACT/USDT:USDT,0.0461,868.0,0.04609,1456.0,0.04611,8102.0,0.04612,27416.0
1753600188619,07:09:48.619,bybit,ACT/USDT:USDT,0.0461,868.0,0.04609,1456.0,0.04611,8102.0,0.04612,27416.0
1753600188719,07:09:48.719,bybit,ACT/USDT:USDT,0.0461,868.0,0.04609,1456.0,0.04611,8102.0,0.04612,27416.0
1753600189218,07:09:49.218,bybit,ACT/USDT:USDT,0.0461,868.0,0.04609,1456.0,0.04611,8102.0,0.04612,27416.0
1753600189318,07:09:49.318,bybit,ACT/USDT:USDT,0.0461,868.0,0.04609,1456.0,0.04611,8102.0,0.04612,27416.0
1753600189519,07:09:49.519,bybit,ACT/USDT:USDT,0.0461,868.0,0.04609,1456.0,0.04611,8614.0,0.04612,27416.0
1753600189719,07:09:49.719,bybit,ACT/USDT:USDT,0.0461,868.0,0.04609,1456.0,0.04611,8614.0,0.04612,27416.0
1753600190319,07:09:50.319,bybit,ACT/USDT:USDT,0.0461,868.0,0.04609,1456.0,0.04611,8614.0,0.04612,27416.0
1753600190419,07:09:50.419,bybit,ACT/USDT:USDT,0.0461,868.0,0.04609,1456.0,0.04611,8614.0,0.04612,27416.0
1753600190819,07:09:50.819,bybit,ACT/USDT:USDT,0.0461,868.0,0.04609,1456.0,0.04611,8614.0,0.04612,27416.0
1753600191418,07:09:51.418,bybit,ACT/USDT:USDT,0.0461,868.0,0.04609,1456.0,0.04611,8614.0,0.04612,27416.0
1753600192019,07:09:52.019,bybit,ACT/USDT:USDT,0.0461,868.0,0.04609,1456.0,0.04611,8614.0,0.04612,27416.0
1753600192118,07:09:52.118,bybit,ACT/USDT:USDT,0.0461,868.0,0.04609,1456.0,0.04611,8614.0,0.04612,27416.0
1753600192524,07:09:52.524,bybit,ACT/USDT:USDT,0.0461,868.0,0.04609,1456.0,0.04611,8614.0,0.04612,27416.0
1753600192619,07:09:52.619,bybit,ACT/USDT:USDT,0.0461,868.0,0.04609,1456.0,0.04611,8614.0,0.04612,27416.0
1753600193020,07:09:53.020,bybit,ACT/USDT:USDT,0.0461,868.0,0.04609,1456.0,0.04611,8614.0,0.04612,27416.0
1753600193419,07:09:53.419,bybit,ACT/USDT:USDT,0.0461,868.0,0.04609,1456.0,0.04611,8614.0,0.04612,27416.0
1753600193619,07:09:53.619,bybit,ACT/USDT:USDT,0.0461,868.0,0.04609,1456.0,0.04611,8614.0,0.04612,27416.0
1753600193718,07:09:53.718,bybit,ACT/USDT:USDT,0.0461,868.0,0.04609,1456.0,0.04611,8614.0,0.04612,27416.0
1753600193818,07:09:53.818,bybit,ACT/USDT:USDT,0.0461,868.0,0.04609,1456.0,0.04611,8614.0,0.04612,27416.0
1753600194219,07:09:54.219,bybit,ACT/USDT:USDT,0.0461,868.0,0.04609,1456.0,0.04611,8614.0,0.04612,27416.0
1753600194319,07:09:54.319,bybit,ACT/USDT:USDT,0.0461,868.0,0.04609,1456.0,0.04611,8614.0,0.04612,27416.0
1753600195118,07:09:55.118,bybit,ACT/USDT:USDT,0.0461,868.0,0.04609,1456.0,0.04611,8614.0,0.04612,32462.0
1753600195319,07:09:55.319,bybit,ACT/USDT:USDT,0.0461,868.0,0.04609,1456.0,0.04611,8614.0,0.04612,32462.0
1753600195419,07:09:55.419,bybit,ACT/USDT:USDT,0.0461,868.0,0.04609,1456.0,0.04611,8614.0,0.04612,32462.0
1753600195818,07:09:55.818,bybit,ACT/USDT:USDT,0.0461,868.0,0.04609,1456.0,0.04611,8614.0,0.04612,32462.0
1753600195919,07:09:55.919,bybit,ACT/USDT:USDT,0.0461,868.0,0.04609,1456.0,0.04611,8614.0,0.04612,32462.0
1753600196525,07:09:56.525,bybit,ACT/USDT:USDT,0.0461,868.0,0.04609,1456.0,0.04611,8614.0,0.04612,32462.0
1753600196919,07:09:56.919,bybit,ACT/USDT:USDT,0.0461,868.0,0.04609,1456.0,0.04611,8614.0,0.04612,32462.0
1753600197020,07:09:57.020,bybit,ACT/USDT:USDT,0.0461,868.0,0.04609,1456.0,0.04611,8614.0,0.04612,32462.0
1753600197118,07:09:57.118,bybit,ACT/USDT:USDT,0.0461,868.0,0.04609,1456.0,0.04611,8505.0,0.04612,32462.0
1753600197318,07:09:57.318,bybit,ACT/USDT:USDT,0.0461,868.0,0.04609,1456.0,0.04611,8505.0,0.04612,32462.0
1753600197519,07:09:57.519,bybit,ACT/USDT:USDT,0.0461,868.0,0.04609,1456.0,0.04611,8505.0,0.04612,32462.0
1753600197619,07:09:57.619,bybit,ACT/USDT:USDT,0.0461,868.0,0.04609,1456.0,0.04611,8505.0,0.04612,32462.0
1753600198118,07:09:58.118,bybit,ACT/USDT:USDT,0.0461,868.0,0.04609,1456.0,0.04611,8505.0,0.04612,32462.0
1753600198219,07:09:58.219,bybit,ACT/USDT:USDT,0.0461,868.0,0.04609,1456.0,0.04611,8505.0,0.04612,32462.0
1753600198618,07:09:58.618,bybit,ACT/USDT:USDT,0.0461,868.0,0.04609,1456.0,0.04611,8505.0,0.04612,32462.0
1753600198719,07:09:58.719,bybit,ACT/USDT:USDT,0.0461,868.0,0.04609,1456.0,0.04611,8505.0,0.04612,32462.0
1753600199020,07:09:59.020,bybit,ACT/USDT:USDT,0.0461,868.0,0.04609,1456.0,0.04611,8505.0,0.04612,32462.0
1753600199719,07:09:59.719,bybit,ACT/USDT:USDT,0.0461,868.0,0.04609,1456.0,0.04611,8505.0,0.04612,32462.0
1753600199819,07:09:59.819,bybit,ACT/USDT:USDT,0.0461,868.0,0.04609,1456.0,0.04611,8505.0,0.04612,32462.0
1753600200418,07:10:00.418,bybit,ACT/USDT:USDT,0.0461,868.0,0.04609,1456.0,0.04611,8505.0,0.04612,32462.0
1753600200819,07:10:00.819,bybit,ACT/USDT:USDT,0.0461,868.0,0.04609,1456.0,0.04611,8505.0,0.04612,32462.0
1753600200919,07:10:00.919,bybit,ACT/USDT:USDT,0.0461,868.0,0.04609,1456.0,0.04611,8505.0,0.04612,32462.0
1753600201419,07:10:01.419,bybit,ACT/USDT:USDT,0.0461,868.0,0.04609,1456.0,0.04611,8505.0,0.04612,32462.0
1753600202021,07:10:02.021,bybit,ACT/USDT:USDT,0.0461,868.0,0.04609,1456.0,0.04611,8505.0,0.04612,32462.0
1753600202525,07:10:02.525,bybit,ACT/USDT:USDT,0.0461,868.0,0.04609,1456.0,0.04611,8505.0,0.04612,32462.0
1753600202634,07:10:02.634,bybit,ACT/USDT:USDT,0.0461,868.0,0.04609,1456.0,0.04611,8505.0,0.04612,27039.0
1753600203019,07:10:03.019,bybit,ACT/USDT:USDT,0.0461,868.0,0.04609,1456.0,0.04611,8505.0,0.04612,27039.0
1753600203118,07:10:03.118,bybit,ACT/USDT:USDT,0.0461,868.0,0.04609,1456.0,0.04611,8505.0,0.04612,27039.0
1753600203219,07:10:03.219,bybit,ACT/USDT:USDT,0.0461,868.0,0.04609,1456.0,0.04611,8505.0,0.04612,21993.0
1753600203619,07:10:03.619,bybit,ACT/USDT:USDT,0.0461,868.0,0.04609,1456.0,0.04611,8531.0,0.04612,21993.0
1753600203719,07:10:03.719,bybit,ACT/USDT:USDT,0.0461,868.0,0.04609,1456.0,0.04611,8531.0,0.04612,21993.0
1753600204019,07:10:04.019,bybit,ACT/USDT:USDT,0.0461,868.0,0.04609,1456.0,0.04611,8531.0,0.04612,21993.0
1753600204219,07:10:04.219,bybit,ACT/USDT:USDT,0.0461,868.0,0.04609,1456.0,0.04611,8531.0,0.04612,21993.0
1753600204719,07:10:04.719,bybit,ACT/USDT:USDT,0.0461,868.0,0.04609,1456.0,0.04611,8531.0,0.04612,21993.0
1753600204820,07:10:04.820,bybit,ACT/USDT:USDT,0.0461,868.0,0.04609,1456.0,0.04611,8531.0,0.04612,21993.0
1753600205319,07:10:05.319,bybit,ACT/USDT:USDT,0.0461,868.0,0.04609,1456.0,0.04611,8531.0,0.04612,21993.0
1753600205819,07:10:05.819,bybit,ACT/USDT:USDT,0.0461,868.0,0.04609,1456.0,0.04611,8531.0,0.04612,21993.0
1753600205919,07:10:05.919,bybit,ACT/USDT:USDT,0.0461,868.0,0.04609,1456.0,0.04611,8531.0,0.04612,21993.0
1753600206317,07:10:06.317,bybit,ACT/USDT:USDT,0.0461,868.0,0.04609,1456.0,0.04611,8531.0,0.04612,21993.0
1753600206419,07:10:06.419,bybit,ACT/USDT:USDT,0.0461,868.0,0.04609,1456.0,0.04611,8531.0,0.04612,21993.0
1753600207419,07:10:07.419,bybit,ACT/USDT:USDT,0.04608,76.0,0.04607,14183.0,0.04609,3400.0,0.0461,2187.0
1753600207618,07:10:07.618,bybit,ACT/USDT:USDT,0.04608,76.0,0.04607,7030.0,0.04609,3400.0,0.0461,2187.0
1753600207719,07:10:07.719,bybit,ACT/USDT:USDT,0.04608,76.0,0.04607,7030.0,0.04609,3400.0,0.0461,2187.0
1753600207919,07:10:07.919,bybit,ACT/USDT:USDT,0.04608,76.0,0.04607,7030.0,0.04609,3400.0,0.0461,2187.0
1753600208020,07:10:08.020,bybit,ACT/USDT:USDT,0.04608,115.0,0.04607,7030.0,0.04609,3400.0,0.0461,2187.0
1753600208525,07:10:08.525,bybit,ACT/USDT:USDT,0.04608,115.0,0.04607,7030.0,0.04609,3400.0,0.0461,2187.0
1753600208618,07:10:08.618,bybit,ACT/USDT:USDT,0.04608,115.0,0.04607,7030.0,0.04609,3400.0,0.0461,2187.0
1753600209020,07:10:09.020,bybit,ACT/USDT:USDT,0.04608,115.0,0.04607,7030.0,0.04609,8625.0,0.0461,2187.0
1753600209619,07:10:09.619,bybit,ACT/USDT:USDT,0.04608,115.0,0.04607,7030.0,0.04609,8625.0,0.0461,2187.0
1753600209719,07:10:09.719,bybit,ACT/USDT:USDT,0.04608,115.0,0.04607,7030.0,0.04609,8625.0,0.0461,2187.0
1753600210219,07:10:10.219,bybit,ACT/USDT:USDT,0.04608,115.0,0.04607,1857.0,0.04609,8647.0,0.0461,7611.0
1753600210521,07:10:10.521,bybit,ACT/USDT:USDT,0.04608,115.0,0.04607,1857.0,0.04609,8647.0,0.0461,7611.0
1753600210818,07:10:10.818,bybit,ACT/USDT:USDT,0.04608,115.0,0.04607,1857.0,0.04609,8647.0,0.0461,7611.0
1753600210919,07:10:10.919,bybit,ACT/USDT:USDT,0.04608,115.0,0.04607,1857.0,0.04609,8647.0,0.0461,2187.0
1753600211319,07:10:11.319,bybit,ACT/USDT:USDT,0.04608,115.0,0.04607,1857.0,0.04609,8647.0,0.0461,2187.0
1753600211419,07:10:11.419,bybit,ACT/USDT:USDT,0.04608,115.0,0.04607,1857.0,0.04609,8647.0,0.0461,2187.0
1753600212219,07:10:12.219,bybit,ACT/USDT:USDT,0.04608,115.0,0.04607,1857.0,0.04609,8647.0,0.0461,2187.0
1753600212418,07:10:12.418,bybit,ACT/USDT:USDT,0.04608,115.0,0.04607,1857.0,0.04609,8647.0,0.0461,2187.0
1753600212517,07:10:12.517,bybit,ACT/USDT:USDT,0.04608,115.0,0.04607,1857.0,0.04609,8647.0,0.0461,2187.0
1753600212619,07:10:12.619,bybit,ACT/USDT:USDT,0.04608,115.0,0.04607,1857.0,0.04609,8647.0,0.0461,2187.0
1753600212918,07:10:12.918,bybit,ACT/USDT:USDT,0.04608,115.0,0.04607,1857.0,0.04609,8647.0,0.0461,2187.0
1753600213019,07:10:13.019,bybit,ACT/USDT:USDT,0.04608,115.0,0.04607,1857.0,0.04609,8647.0,0.0461,2187.0
1753600213419,07:10:13.419,bybit,ACT/USDT:USDT,0.04608,115.0,0.04607,1857.0,0.04609,8647.0,0.0461,7611.0
1753600213520,07:10:13.520,bybit,ACT/USDT:USDT,0.04608,115.0,0.04606,18029.0,0.04609,8647.0,0.0461,7611.0
1753600213619,07:10:13.619,bybit,ACT/USDT:USDT,0.04608,115.0,0.04606,9015.0,0.04609,19382.0,0.0461,18460.0
1753600213819,07:10:13.819,bybit,ACT/USDT:USDT,0.04605,3494.0,0.04604,1458.0,0.04606,3984.0,0.04607,2888.0
1753600213918,07:10:13.918,bybit,ACT/USDT:USDT,0.04605,3494.0,0.04604,1458.0,0.04606,3984.0,0.04607,2888.0
1753600214018,07:10:14.018,bybit,ACT/USDT:USDT,0.04605,3494.0,0.04604,1458.0,0.04606,3984.0,0.04607,2888.0
1753600214119,07:10:14.119,bybit,ACT/USDT:USDT,0.04605,3603.0,0.04604,1458.0,0.04606,3984.0,0.04607,2888.0
1753600214219,07:10:14.219,bybit,ACT/USDT:USDT,0.04605,3603.0,0.04604,1458.0,0.04606,3253.0,0.04607,2888.0
1753600214917,07:10:14.917,bybit,ACT/USDT:USDT,0.04605,3603.0,0.04604,1458.0,0.04606,3253.0,0.04607,2888.0
1753600215019,07:10:15.019,bybit,ACT/USDT:USDT,0.04605,3603.0,0.04604,1458.0,0.04606,9094.0,0.04607,2888.0
1753600215118,07:10:15.118,bybit,ACT/USDT:USDT,0.04605,3494.0,0.04604,1458.0,0.04606,9094.0,0.04607,2888.0
1753600215519,07:10:15.519,bybit,ACT/USDT:USDT,0.04605,3494.0,0.04604,1458.0,0.04606,9094.0,0.04607,2888.0
1753600216319,07:10:16.319,bybit,ACT/USDT:USDT,0.04605,3494.0,0.04604,1458.0,0.04606,9094.0,0.04607,2888.0
1753600216418,07:10:16.418,bybit,ACT/USDT:USDT,0.04605,3494.0,0.04604,1458.0,0.04606,9094.0,0.04607,2888.0
1753600216718,07:10:16.718,bybit,ACT/USDT:USDT,0.04605,3494.0,0.04604,1458.0,0.04606,677.0,0.04607,6285.0
1753600217318,07:10:17.318,bybit,ACT/USDT:USDT,0.04605,3494.0,0.04604,1458.0,0.04606,1218.0,0.04607,6285.0
1753600217419,07:10:17.419,bybit,ACT/USDT:USDT,0.04605,3494.0,0.04604,1458.0,0.04606,1218.0,0.04607,6285.0
1753600217519,07:10:17.519,bybit,ACT/USDT:USDT,0.04605,3494.0,0.04604,1458.0,0.04606,1218.0,0.04607,6285.0
1753600217619,07:10:17.619,bybit,ACT/USDT:USDT,0.04605,3494.0,0.04604,1458.0,0.04606,1218.0,0.04607,6285.0
1753600218019,07:10:18.019,bybit,ACT/USDT:USDT,0.04605,3494.0,0.04604,1458.0,0.04606,1218.0,0.04607,6285.0
1753600218619,07:10:18.619,bybit,ACT/USDT:USDT,0.04605,3494.0,0.04604,1458.0,0.04606,1218.0,0.04607,6285.0
1753600218719,07:10:18.719,bybit,ACT/USDT:USDT,0.04605,3494.0,0.04604,1458.0,0.04606,1218.0,0.04607,6285.0
1753600219219,07:10:19.219,bybit,ACT/USDT:USDT,0.04605,3494.0,0.04604,1458.0,0.04606,1218.0,0.04607,6285.0
1753600219319,07:10:19.319,bybit,ACT/USDT:USDT,0.04605,3494.0,0.04604,1458.0,0.04606,1218.0,0.04607,6285.0
1753600219618,07:10:19.618,bybit,ACT/USDT:USDT,0.04605,3494.0,0.04604,1458.0,0.04606,1218.0,0.04607,6285.0
1753600219818,07:10:19.818,bybit,ACT/USDT:USDT,0.04605,3494.0,0.04604,1458.0,0.04606,1218.0,0.04607,6285.0
1753600221319,07:10:21.319,bybit,ACT/USDT:USDT,0.04605,3494.0,0.04604,1458.0,0.04606,1218.0,0.04607,6285.0
1753600221419,07:10:21.419,bybit,ACT/USDT:USDT,0.04605,3494.0,0.04604,1458.0,0.04606,1218.0,0.04607,6285.0
1753600221719,07:10:21.719,bybit,ACT/USDT:USDT,0.04605,3494.0,0.04604,1458.0,0.04606,1218.0,0.04608,10988.0
1753600221819,07:10:21.819,bybit,ACT/USDT:USDT,0.04605,3494.0,0.04604,1458.0,0.04606,6332.0,0.04608,10988.0
1753600221918,07:10:21.918,bybit,ACT/USDT:USDT,0.04605,3494.0,0.04604,1458.0,0.04606,6332.0,0.04608,10988.0
1753600222318,07:10:22.318,bybit,ACT/USDT:USDT,0.04605,3494.0,0.04604,1458.0,0.04606,6332.0,0.04608,10988.0
1753600222419,07:10:22.419,bybit,ACT/USDT:USDT,0.04605,3494.0,0.04604,1458.0,0.04606,6332.0,0.04608,10988.0
1753600223720,07:10:23.720,bybit,ACT/USDT:USDT,0.04605,3494.0,0.04604,1458.0,0.04606,1218.0,0.04608,10988.0
1753600223819,07:10:23.819,bybit,ACT/USDT:USDT,0.04605,3494.0,0.04604,1458.0,0.04606,1218.0,0.04608,10988.0
1753600223919,07:10:23.919,bybit,ACT/USDT:USDT,0.04605,3494.0,0.04604,1458.0,0.04606,1218.0,0.04608,10988.0
1753600224019,07:10:24.019,bybit,ACT/USDT:USDT,0.04605,3494.0,0.04604,1458.0,0.04606,1218.0,0.04608,10988.0
1753600224618,07:10:24.618,bybit,ACT/USDT:USDT,0.04605,3494.0,0.04604,1458.0,0.04606,1218.0,0.04608,10988.0
1753600224719,07:10:24.719,bybit,ACT/USDT:USDT,0.04605,3494.0,0.04604,1458.0,0.04606,1218.0,0.04608,10988.0
1753600225319,07:10:25.319,bybit,ACT/USDT:USDT,0.04605,3494.0,0.04604,1458.0,0.04606,1218.0,0.04608,10988.0
1753600225519,07:10:25.519,bybit,ACT/USDT:USDT,0.04605,3494.0,0.04604,1458.0,0.04606,1218.0,0.04608,10988.0
1753600226020,07:10:26.020,bybit,ACT/USDT:USDT,0.04605,3494.0,0.04604,1458.0,0.04606,1218.0,0.04608,10988.0
1753600226119,07:10:26.119,bybit,ACT/USDT:USDT,0.04605,3494.0,0.04604,1458.0,0.04606,1218.0,0.04608,10988.0
1753600227618,07:10:27.618,bybit,ACT/USDT:USDT,0.04605,3494.0,0.04604,1458.0,0.04606,1218.0,0.04608,12437.0
1753600227719,07:10:27.719,bybit,ACT/USDT:USDT,0.04605,3494.0,0.04604,1458.0,0.04606,1218.0,0.04608,12437.0
1753600228219,07:10:28.219,bybit,ACT/USDT:USDT,0.04605,3494.0,0.04604,1458.0,0.04606,1218.0,0.04608,12437.0
1753600228319,07:10:28.319,bybit,ACT/USDT:USDT,0.04605,3494.0,0.04604,1458.0,0.04606,1218.0,0.04608,12437.0
1753600228419,07:10:28.419,bybit,ACT/USDT:USDT,0.04605,3494.0,0.04604,1458.0,0.04606,1218.0,0.04608,12437.0
1753600228818,07:10:28.818,bybit,ACT/USDT:USDT,0.04605,3494.0,0.04604,1458.0,0.04606,1218.0,0.04608,12437.0
1753600229819,07:10:29.819,bybit,ACT/USDT:USDT,0.04605,3494.0,0.04604,1458.0,0.04606,1218.0,0.04608,12437.0
1753600229918,07:10:29.918,bybit,ACT/USDT:USDT,0.04605,3494.0,0.04604,1458.0,0.04606,1218.0,0.04608,12437.0
1753600230319,07:10:30.319,bybit,ACT/USDT:USDT,0.04605,3494.0,0.04604,1458.0,0.04606,1218.0,0.04607,1449.0
1753600230521,07:10:30.521,bybit,ACT/USDT:USDT,0.04605,3494.0,0.04604,1458.0,0.04606,1218.0,0.04607,1449.0
1753600230619,07:10:30.619,bybit,ACT/USDT:USDT,0.04607,707.0,0.04606,1449.0,0.04609,18260.0,0.0461,30443.0
1753600231918,07:10:31.918,bybit,ACT/USDT:USDT,0.04608,1248.0,0.04607,1448.0,0.04609,5240.0,0.0461,8997.0
1753600232020,07:10:32.020,bybit,ACT/USDT:USDT,0.04608,1248.0,0.04607,1448.0,0.04609,5240.0,0.0461,8997.0
1753600232319,07:10:32.319,bybit,ACT/USDT:USDT,0.04608,1248.0,0.04607,1448.0,0.04609,3275.0,0.0461,8997.0
1753600232419,07:10:32.419,bybit,ACT/USDT:USDT,0.04608,1248.0,0.04607,1448.0,0.04609,3275.0,0.0461,8997.0
1753600232524,07:10:32.524,bybit,ACT/USDT:USDT,0.04608,1248.0,0.04607,1448.0,0.04609,3275.0,0.0461,8997.0
1753600232618,07:10:32.618,bybit,ACT/USDT:USDT,0.04608,1248.0,0.04607,1448.0,0.04609,3275.0,0.0461,8997.0
1753600232719,07:10:32.719,bybit,ACT/USDT:USDT,0.04608,1248.0,0.04607,1448.0,0.04609,3275.0,0.0461,8997.0
1753600233419,07:10:33.419,bybit,ACT/USDT:USDT,0.04608,1248.0,0.04607,1448.0,0.04609,3275.0,0.0461,8997.0
1753600233518,07:10:33.518,bybit,ACT/USDT:USDT,0.04608,1248.0,0.04607,1448.0,0.04609,3275.0,0.0461,8997.0
1753600233618,07:10:33.618,bybit,ACT/USDT:USDT,0.04608,1248.0,0.04607,1448.0,0.04609,3275.0,0.0461,8997.0
1753600234617,07:10:34.617,bybit,ACT/USDT:USDT,0.04608,1248.0,0.04607,1448.0,0.04609,3275.0,0.0461,8997.0
1753600234719,07:10:34.719,bybit,ACT/USDT:USDT,0.04608,1248.0,0.04607,1448.0,0.04609,3275.0,0.0461,8997.0
1753600235119,07:10:35.119,bybit,ACT/USDT:USDT,0.04608,1248.0,0.04607,1448.0,0.04609,3275.0,0.0461,8997.0
1753600235219,07:10:35.219,bybit,ACT/USDT:USDT,0.04608,1248.0,0.04607,1448.0,0.04609,3275.0,0.0461,8997.0
1753600235618,07:10:35.618,bybit,ACT/USDT:USDT,0.04608,707.0,0.04607,1448.0,0.04609,3275.0,0.0461,8997.0
1753600236719,07:10:36.719,bybit,ACT/USDT:USDT,0.04608,707.0,0.04607,1448.0,0.04609,3275.0,0.0461,8997.0
1753600236818,07:10:36.818,bybit,ACT/USDT:USDT,0.04608,707.0,0.04607,1448.0,0.04609,3275.0,0.0461,8997.0
1753600237218,07:10:37.218,bybit,ACT/USDT:USDT,0.04608,707.0,0.04607,1448.0,0.04609,3275.0,0.0461,8997.0
1753600237319,07:10:37.319,bybit,ACT/USDT:USDT,0.04608,707.0,0.04607,1448.0,0.04609,3275.0,0.0461,8997.0
1753600237519,07:10:37.519,bybit,ACT/USDT:USDT,0.04608,707.0,0.04607,1448.0,0.04609,3275.0,0.0461,8997.0
1753600238619,07:10:38.619,bybit,ACT/USDT:USDT,0.04608,707.0,0.04607,1448.0,0.04609,3275.0,0.0461,8997.0
1753600238718,07:10:38.718,bybit,ACT/USDT:USDT,0.04608,707.0,0.04607,1448.0,0.04609,3275.0,0.0461,8997.0
1753600238819,07:10:38.819,bybit,ACT/USDT:USDT,0.04608,707.0,0.04607,1448.0,0.04609,3275.0,0.0461,8997.0
1753600239119,07:10:39.119,bybit,ACT/USDT:USDT,0.04608,707.0,0.04607,1448.0,0.04609,3275.0,0.0461,8997.0
1753600239918,07:10:39.918,bybit,ACT/USDT:USDT,0.04608,707.0,0.04607,1448.0,0.04609,3295.0,0.0461,8997.0
1753600240019,07:10:40.019,bybit,ACT/USDT:USDT,0.04608,707.0,0.04607,1448.0,0.04609,3295.0,0.0461,8997.0
1753600240525,07:10:40.525,bybit,ACT/USDT:USDT,0.04608,707.0,0.04607,1448.0,0.04609,3295.0,0.0461,8997.0
1753600240619,07:10:40.619,bybit,ACT/USDT:USDT,0.04608,707.0,0.04607,1448.0,0.04609,3295.0,0.0461,8997.0
1753600241118,07:10:41.118,bybit,ACT/USDT:USDT,0.04608,707.0,0.04607,1448.0,0.04609,3295.0,0.0461,8997.0
1753600241319,07:10:41.319,bybit,ACT/USDT:USDT,0.04608,738.0,0.04607,1448.0,0.04609,3273.0,0.0461,8997.0
1753600241520,07:10:41.520,bybit,ACT/USDT:USDT,0.04608,738.0,0.04607,1448.0,0.04609,3273.0,0.0461,8997.0
1753600241619,07:10:41.619,bybit,ACT/USDT:USDT,0.04608,738.0,0.04607,1448.0,0.04609,3273.0,0.0461,8997.0
1753600242119,07:10:42.119,bybit,ACT/USDT:USDT,0.04608,738.0,0.04607,1448.0,0.04609,3273.0,0.0461,8997.0
1753600242219,07:10:42.219,bybit,ACT/USDT:USDT,0.04608,738.0,0.04607,1448.0,0.04609,3273.0,0.0461,8997.0
1753600242718,07:10:42.718,bybit,ACT/USDT:USDT,0.04608,738.0,0.04607,1448.0,0.04609,3273.0,0.0461,8997.0
1753600243618,07:10:43.618,bybit,ACT/USDT:USDT,0.04608,738.0,0.04607,1448.0,0.04609,3273.0,0.0461,8997.0
1753600243719,07:10:43.719,bybit,ACT/USDT:USDT,0.04608,738.0,0.04607,1448.0,0.04609,3273.0,0.0461,8997.0
1753600243819,07:10:43.819,bybit,ACT/USDT:USDT,0.04608,738.0,0.04607,1448.0,0.04609,4632.0,0.0461,8997.0
1753600245719,07:10:45.719,bybit,ACT/USDT:USDT,0.04607,1448.0,0.04606,15782.0,0.04609,4632.0,0.0461,8997.0
1753600245920,07:10:45.920,bybit,ACT/USDT:USDT,0.04606,1449.0,0.04605,22120.0,0.04607,693.0,0.04608,1500.0
1753600246020,07:10:46.020,bybit,ACT/USDT:USDT,0.04606,1449.0,0.04605,22120.0,0.04607,693.0,0.04608,1500.0
1753600246225,07:10:46.225,bybit,ACT/USDT:USDT,0.04606,1449.0,0.04605,22120.0,0.04607,693.0,0.04608,1500.0
1753600246419,07:10:46.419,bybit,ACT/USDT:USDT,0.04605,7171.0,0.04604,18049.0,0.04606,693.0,0.04607,1440.0
1753600246719,07:10:46.719,bybit,ACT/USDT:USDT,0.04605,1998.0,0.04604,9023.0,0.04606,693.0,0.04607,3616.0
1753600246818,07:10:46.818,bybit,ACT/USDT:USDT,0.04605,1998.0,0.04604,9023.0,0.04606,2052.0,0.04607,3616.0
1753600246918,07:10:46.918,bybit,ACT/USDT:USDT,0.04605,1998.0,0.04604,9023.0,0.04606,2052.0,0.04607,3616.0
1753600247019,07:10:47.019,bybit,ACT/USDT:USDT,0.04605,1998.0,0.04604,9023.0,0.04606,2052.0,0.04607,3616.0
1753600247318,07:10:47.318,bybit,ACT/USDT:USDT,0.04605,1998.0,0.04604,9023.0,0.04606,2052.0,0.04607,3616.0
1753600247419,07:10:47.419,bybit,ACT/USDT:USDT,0.04605,1998.0,0.04604,9023.0,0.04606,2052.0,0.04607,3616.0
1753600247518,07:10:47.518,bybit,ACT/USDT:USDT,0.04605,1998.0,0.04604,14858.0,0.04606,2052.0,0.04607,3616.0
1753600247719,07:10:47.719,bybit,ACT/USDT:USDT,0.04605,1998.0,0.04604,14858.0,0.04606,2052.0,0.04607,3616.0
1753600247919,07:10:47.919,bybit,ACT/USDT:USDT,0.04605,1998.0,0.04604,14858.0,0.04606,2052.0,0.04607,3616.0
1753600248017,07:10:48.017,bybit,ACT/USDT:USDT,0.04605,1998.0,0.04604,14858.0,0.04606,2052.0,0.04607,3616.0
1753600248119,07:10:48.119,bybit,ACT/USDT:USDT,0.04605,1998.0,0.04604,14858.0,0.04606,2052.0,0.04607,3616.0
1753600248418,07:10:48.418,bybit,ACT/USDT:USDT,0.04605,1998.0,0.04604,14858.0,0.04606,2052.0,0.04607,3616.0
1753600249419,07:10:49.419,bybit,ACT/USDT:USDT,0.04605,1998.0,0.04604,14858.0,0.04606,2052.0,0.04607,3616.0
1753600249519,07:10:49.519,bybit,ACT/USDT:USDT,0.04605,1998.0,0.04604,14858.0,0.04606,2052.0,0.04607,3616.0
1753600249619,07:10:49.619,bybit,ACT/USDT:USDT,0.04605,1998.0,0.04604,14858.0,0.04606,2052.0,0.04607,3616.0
1753600250020,07:10:50.020,bybit,ACT/USDT:USDT,0.04605,1998.0,0.04604,14858.0,0.04606,2052.0,0.04607,3616.0
1753600250119,07:10:50.119,bybit,ACT/USDT:USDT,0.04605,1998.0,0.04604,14858.0,0.04606,2052.0,0.04607,3616.0
1753600250525,07:10:50.525,bybit,ACT/USDT:USDT,0.04605,1998.0,0.04604,14858.0,0.04606,2052.0,0.04607,8907.0
1753600250619,07:10:50.619,bybit,ACT/USDT:USDT,0.04605,1998.0,0.04604,14858.0,0.04606,2052.0,0.04607,8907.0
1753600250717,07:10:50.717,bybit,ACT/USDT:USDT,0.04605,1998.0,0.04604,14858.0,0.04606,2052.0,0.04607,8907.0
1753600250919,07:10:50.919,bybit,ACT/USDT:USDT,0.04605,1998.0,0.04604,14858.0,0.04606,7343.0,0.04607,3616.0
1753600251319,07:10:51.319,bybit,ACT/USDT:USDT,0.04605,1998.0,0.04604,14858.0,0.04606,7343.0,0.04607,3616.0
1753600251619,07:10:51.619,bybit,ACT/USDT:USDT,0.04605,1998.0,0.04604,14858.0,0.04606,7343.0,0.04607,3616.0
1753600251717,07:10:51.717,bybit,ACT/USDT:USDT,0.04605,1998.0,0.04604,14858.0,0.04606,7343.0,0.04607,3616.0
1753600251818,07:10:51.818,bybit,ACT/USDT:USDT,0.04605,1998.0,0.04604,14858.0,0.04606,7343.0,0.04607,3616.0
1753600252119,07:10:52.119,bybit,ACT/USDT:USDT,0.04605,1998.0,0.04604,14858.0,0.04606,2052.0,0.04607,3616.0
1753600252219,07:10:52.219,bybit,ACT/USDT:USDT,0.04605,1998.0,0.04604,14858.0,0.04606,2052.0,0.04607,3616.0
1753600252319,07:10:52.319,bybit,ACT/USDT:USDT,0.04605,1998.0,0.04604,14858.0,0.04606,2052.0,0.04607,3616.0
1753600253418,07:10:53.418,bybit,ACT/USDT:USDT,0.04605,1998.0,0.04604,14858.0,0.04606,2052.0,0.04607,3616.0
1753600253819,07:10:53.819,bybit,ACT/USDT:USDT,0.04605,1998.0,0.04604,14858.0,0.04606,2052.0,0.04607,3616.0
1753600253919,07:10:53.919,bybit,ACT/USDT:USDT,0.04605,1998.0,0.04604,14858.0,0.04606,693.0,0.04607,3616.0
1753600254119,07:10:54.119,bybit,ACT/USDT:USDT,0.04605,2107.0,0.04604,14858.0,0.04606,693.0,0.04607,3616.0
1753600254419,07:10:54.419,bybit,ACT/USDT:USDT,0.04605,2107.0,0.04604,14858.0,0.04606,693.0,0.04607,3616.0
1753600254523,07:10:54.523,bybit,ACT/USDT:USDT,0.04605,2107.0,0.04604,14858.0,0.04606,693.0,0.04607,3616.0
1753600255119,07:10:55.119,bybit,ACT/USDT:USDT,0.04605,2107.0,0.04604,14858.0,0.04606,693.0,0.04607,3616.0
1753600255618,07:10:55.618,bybit,ACT/USDT:USDT,0.04605,2107.0,0.04604,14858.0,0.04606,693.0,0.04607,3616.0
1753600255717,07:10:55.717,bybit,ACT/USDT:USDT,0.04605,2107.0,0.04604,14858.0,0.04606,693.0,0.04607,3616.0
1753600256119,07:10:56.119,bybit,ACT/USDT:USDT,0.04605,2107.0,0.04604,14858.0,0.04606,693.0,0.04607,3616.0
1753600256319,07:10:56.319,bybit,ACT/USDT:USDT,0.04605,2107.0,0.04604,14858.0,0.04606,693.0,0.04607,3616.0
1753600256819,07:10:56.819,bybit,ACT/USDT:USDT,0.04605,2107.0,0.04604,14858.0,0.04606,693.0,0.04607,3616.0
1753600256919,07:10:56.919,bybit,ACT/USDT:USDT,0.04605,2107.0,0.04604,14858.0,0.04606,693.0,0.04607,3616.0
1753600257919,07:10:57.919,bybit,ACT/USDT:USDT,0.04605,2107.0,0.04604,14858.0,0.04606,693.0,0.04607,3616.0
1753600258522,07:10:58.522,bybit,ACT/USDT:USDT,0.04605,2107.0,0.04604,14858.0,0.04606,693.0,0.04607,3616.0
1753600258918,07:10:58.918,bybit,ACT/USDT:USDT,0.04605,2107.0,0.04604,14858.0,0.04606,693.0,0.04607,3616.0
1753600259019,07:10:59.019,bybit,ACT/USDT:USDT,0.04605,2107.0,0.04604,14858.0,0.04606,693.0,0.04607,3616.0
1753600259718,07:10:59.718,bybit,ACT/USDT:USDT,0.04605,3601.0,0.04604,14858.0,0.04606,693.0,0.04608,9871.0
1753600260117,07:11:00.117,bybit,ACT/USDT:USDT,0.04605,3601.0,0.04604,14858.0,0.04606,693.0,0.04608,9871.0
1753600260526,07:11:00.526,bybit,ACT/USDT:USDT,0.04605,3601.0,0.04604,21127.0,0.04606,693.0,0.04608,9871.0
1753600260629,07:11:00.629,bybit,ACT/USDT:USDT,0.04605,3601.0,0.04604,21127.0,0.04606,693.0,0.04608,9871.0
1753600260719,07:11:00.719,bybit,ACT/USDT:USDT,0.04605,3601.0,0.04604,21127.0,0.04606,693.0,0.04608,15044.0
1753600261719,07:11:01.719,bybit,ACT/USDT:USDT,0.04605,3601.0,0.04604,21127.0,0.04606,693.0,0.04608,8676.0
1753600261819,07:11:01.819,bybit,ACT/USDT:USDT,0.04607,707.0,0.04606,6789.0,0.04608,2140.0,0.04609,25911.0
1753600262020,07:11:02.020,bybit,ACT/USDT:USDT,0.04607,707.0,0.04606,6789.0,0.04608,2140.0,0.04609,25911.0
1753600262118,07:11:02.118,bybit,ACT/USDT:USDT,0.04607,707.0,0.04606,6789.0,0.04608,2140.0,0.04609,25911.0
1753600263020,07:11:03.020,bybit,ACT/USDT:USDT,0.04607,707.0,0.04606,6789.0,0.04608,2140.0,0.04609,25911.0
1753600263318,07:11:03.318,bybit,ACT/USDT:USDT,0.04607,707.0,0.04606,6789.0,0.04608,2140.0,0.04609,25911.0
1753600263718,07:11:03.718,bybit,ACT/USDT:USDT,0.04607,707.0,0.04606,6789.0,0.04608,2140.0,0.04609,25911.0
1753600263818,07:11:03.818,bybit,ACT/USDT:USDT,0.04607,707.0,0.04606,6789.0,0.04608,2140.0,0.04609,25911.0
1753600263918,07:11:03.918,bybit,ACT/USDT:USDT,0.04607,707.0,0.04606,6789.0,0.04608,2244.0,0.04609,25911.0
1753600264218,07:11:04.218,bybit,ACT/USDT:USDT,0.04607,707.0,0.04606,6789.0,0.04608,2244.0,0.04609,25911.0
1753600265319,07:11:05.319,bybit,ACT/USDT:USDT,0.04607,707.0,0.04606,6789.0,0.04608,2244.0,0.04609,25911.0
1753600265418,07:11:05.418,bybit,ACT/USDT:USDT,0.04607,707.0,0.04606,6789.0,0.04608,2244.0,0.04609,25911.0
1753600265818,07:11:05.818,bybit,ACT/USDT:USDT,0.04607,707.0,0.04606,6789.0,0.04608,2244.0,0.04609,25911.0
1753600265918,07:11:05.918,bybit,ACT/USDT:USDT,0.04607,707.0,0.04606,6789.0,0.04608,2244.0,0.04609,25911.0
1753600266119,07:11:06.119,bybit,ACT/USDT:USDT,0.04607,707.0,0.04606,6789.0,0.04608,2244.0,0.04609,25911.0
1753600267918,07:11:07.918,bybit,ACT/USDT:USDT,0.04607,707.0,0.04606,6789.0,0.04608,2244.0,0.04609,25911.0
1753600268020,07:11:08.020,bybit,ACT/USDT:USDT,0.04607,717.0,0.04606,6789.0,0.04608,2244.0,0.04609,25911.0
1753600268119,07:11:08.119,bybit,ACT/USDT:USDT,0.04607,826.0,0.04606,6789.0,0.04608,2244.0,0.04609,25911.0
1753600268418,07:11:08.418,bybit,ACT/USDT:USDT,0.04607,826.0,0.04606,6789.0,0.04608,2244.0,0.04609,25911.0
1753600268523,07:11:08.523,bybit,ACT/USDT:USDT,0.04607,826.0,0.04606,6789.0,0.04608,2244.0,0.04609,25911.0
1753600269119,07:11:09.119,bybit,ACT/USDT:USDT,0.04607,717.0,0.04606,6789.0,0.04608,2244.0,0.04609,25911.0
1753600269319,07:11:09.319,bybit,ACT/USDT:USDT,0.04607,717.0,0.04606,6789.0,0.04608,2244.0,0.04609,25911.0
1753600269518,07:11:09.518,bybit,ACT/USDT:USDT,0.04607,717.0,0.04606,6789.0,0.04608,2244.0,0.04609,25911.0
1753600269618,07:11:09.618,bybit,ACT/USDT:USDT,0.04607,717.0,0.04606,6789.0,0.04608,2244.0,0.04609,25911.0
1753600269718,07:11:09.718,bybit,ACT/USDT:USDT,0.04607,717.0,0.04606,6789.0,0.04608,2244.0,0.04609,15176.0
1753600270019,07:11:10.019,bybit,ACT/USDT:USDT,0.04607,717.0,0.04606,6789.0,0.04608,2244.0,0.04609,15176.0
1753600270119,07:11:10.119,bybit,ACT/USDT:USDT,0.04607,717.0,0.04606,6789.0,0.04608,2244.0,0.04609,15176.0
1753600271118,07:11:11.118,bybit,ACT/USDT:USDT,0.04607,717.0,0.04606,6789.0,0.04608,2244.0,0.04609,15176.0
1753600271219,07:11:11.219,bybit,ACT/USDT:USDT,0.04607,717.0,0.04606,6789.0,0.04608,2244.0,0.04609,15176.0
1753600271519,07:11:11.519,bybit,ACT/USDT:USDT,0.04607,717.0,0.04606,6789.0,0.04608,2272.0,0.04609,15176.0
1753600271619,07:11:11.619,bybit,ACT/USDT:USDT,0.04607,717.0,0.04606,6789.0,0.04608,2272.0,0.04609,15176.0
1753600271719,07:11:11.719,bybit,ACT/USDT:USDT,0.04607,717.0,0.04606,6789.0,0.04608,2272.0,0.04609,15176.0
1753600273219,07:11:13.219,bybit,ACT/USDT:USDT,0.04607,717.0,0.04606,6789.0,0.04608,2272.0,0.04609,15176.0
1753600273319,07:11:13.319,bybit,ACT/USDT:USDT,0.04607,717.0,0.04606,6789.0,0.04608,2272.0,0.04609,15176.0
