timestamp,time,exchange,symbol,bid1_price,bid1_volume,bid2_price,bid2_volume,ask1_price,ask1_volume,ask2_price,ask2_volume
1753599985164,07:06:25.164,bybit,AEVO/USDT:USDT,0.1121,1838.6,0.112,102875.3,0.1122,10063.1,0.1123,37173.2
1753599985265,07:06:25.265,bybit,AEVO/USDT:USDT,0.1121,1838.6,0.112,102875.3,0.1122,10063.1,0.1123,37173.2
1753599985364,07:06:25.364,bybit,AEVO/USDT:USDT,0.1121,1838.6,0.112,102875.3,0.1122,10063.1,0.1123,37173.2
1753599985564,07:06:25.564,bybit,AEVO/USDT:USDT,0.1121,1838.6,0.112,102875.3,0.1122,9586.2,0.1123,37173.2
1753599985764,07:06:25.764,bybit,AEVO/USDT:USDT,0.1121,1838.6,0.112,102875.3,0.1122,7781.0,0.1123,37173.2
1753599986165,07:06:26.165,bybit,AEVO/USDT:USDT,0.1118,11740.7,0.1117,72695.6,0.1119,1841.4,0.112,29147.5
1753599986264,07:06:26.264,bybit,AEVO/USDT:USDT,0.1118,17954.3,0.1117,72218.7,0.112,19144.6,0.1121,38048.1
1753599986365,07:06:26.365,bybit,AEVO/USDT:USDT,0.1118,39947.7,0.1117,76686.9,0.1119,62.6,0.112,21019.4
1753599986464,07:06:26.464,bybit,AEVO/USDT:USDT,0.1118,18598.1,0.1117,77010.5,0.1119,606.3,0.112,26562.0
1753599986564,07:06:26.564,bybit,AEVO/USDT:USDT,0.1118,20964.1,0.1117,77010.5,0.1119,606.3,0.112,26562.0
1753599986665,07:06:26.665,bybit,AEVO/USDT:USDT,0.1118,19776.0,0.1117,77010.5,0.1119,606.3,0.112,26562.0
1753599986765,07:06:26.765,bybit,AEVO/USDT:USDT,0.1118,19776.0,0.1117,77010.5,0.1119,606.3,0.112,26562.0
1753599986865,07:06:26.865,bybit,AEVO/USDT:USDT,0.1118,20964.1,0.1117,81480.7,0.1119,606.3,0.112,24775.5
1753599986969,07:06:26.969,bybit,AEVO/USDT:USDT,0.1118,20964.1,0.1117,81480.7,0.1119,606.3,0.112,24328.5
1753599987065,07:06:27.065,bybit,AEVO/USDT:USDT,0.1118,20964.1,0.1117,81480.7,0.1119,606.3,0.112,23403.0
1753599987165,07:06:27.165,bybit,AEVO/USDT:USDT,0.1118,20974.5,0.1117,81480.7,0.1119,606.3,0.112,23403.0
1753599987264,07:06:27.264,bybit,AEVO/USDT:USDT,0.1118,21153.3,0.1117,81641.4,0.1119,1194.8,0.112,23403.0
1753599987365,07:06:27.365,bybit,AEVO/USDT:USDT,0.1118,22341.4,0.1117,81641.4,0.1119,1194.8,0.112,23403.0
1753599987465,07:06:27.465,bybit,AEVO/USDT:USDT,0.1118,29052.8,0.1117,81641.4,0.1119,606.3,0.112,16691.6
1753599988464,07:06:28.464,bybit,AEVO/USDT:USDT,0.1118,19303.0,0.1117,54481.9,0.1119,6841.4,0.112,25634.9
1753599988764,07:06:28.764,bybit,AEVO/USDT:USDT,0.1118,19303.0,0.1117,54481.9,0.1119,6841.4,0.112,27867.8
1753599989464,07:06:29.464,bybit,AEVO/USDT:USDT,0.1118,19303.0,0.1117,54005.0,0.1119,6841.4,0.112,27867.8
1753599989565,07:06:29.565,bybit,AEVO/USDT:USDT,0.1118,19303.0,0.1117,54005.0,0.1119,6841.4,0.112,27867.8
1753599989665,07:06:29.665,bybit,AEVO/USDT:USDT,0.1118,19303.0,0.1117,54005.0,0.1119,6841.4,0.112,27867.8
1753599990264,07:06:30.264,bybit,AEVO/USDT:USDT,0.1118,19303.0,0.1117,54061.3,0.1119,8909.2,0.112,27867.8
1753599990365,07:06:30.365,bybit,AEVO/USDT:USDT,0.1118,19303.0,0.1117,54061.3,0.1119,8909.2,0.112,27867.8
1753599991365,07:06:31.365,bybit,AEVO/USDT:USDT,0.1117,20958.4,0.1116,120603.2,0.1118,5301.4,0.1119,33613.1
1753599991465,07:06:31.465,bybit,AEVO/USDT:USDT,0.1117,20958.4,0.1116,133437.2,0.1118,5301.4,0.1119,35848.1
1753599991565,07:06:31.565,bybit,AEVO/USDT:USDT,0.1117,20958.4,0.1116,133437.2,0.1118,5545.4,0.1119,36294.5
1753599991865,07:06:31.865,bybit,AEVO/USDT:USDT,0.1117,20958.4,0.1116,133417.5,0.1118,4853.3,0.1119,38084.2
1753599991964,07:06:31.964,bybit,AEVO/USDT:USDT,0.1117,20958.4,0.1116,133417.5,0.1118,4853.3,0.1119,38084.2
1753599992064,07:06:32.064,bybit,AEVO/USDT:USDT,0.1117,20958.4,0.1116,133417.5,0.1118,4853.3,0.1119,38084.2
1753599992264,07:06:32.264,bybit,AEVO/USDT:USDT,0.1117,20958.4,0.1116,133417.5,0.1118,4853.3,0.1119,38084.2
1753599992365,07:06:32.365,bybit,AEVO/USDT:USDT,0.1117,20958.4,0.1116,133417.5,0.1118,4853.3,0.1119,38084.2
1753599992465,07:06:32.465,bybit,AEVO/USDT:USDT,0.1117,20958.4,0.1116,133417.5,0.1118,4853.3,0.1119,38084.2
1753599992665,07:06:32.665,bybit,AEVO/USDT:USDT,0.1117,21435.3,0.1116,133417.5,0.1118,4853.3,0.1119,36294.5
1753599992765,07:06:32.765,bybit,AEVO/USDT:USDT,0.1117,21435.3,0.1116,133417.5,0.1118,3011.9,0.1119,36294.5
1753599992865,07:06:32.865,bybit,AEVO/USDT:USDT,0.1117,22623.4,0.1116,133417.5,0.1118,2084.2,0.1119,36294.5
1753599992965,07:06:32.965,bybit,AEVO/USDT:USDT,0.1117,22623.4,0.1116,133417.5,0.1118,2084.2,0.1119,36294.5
1753599993065,07:06:33.065,bybit,AEVO/USDT:USDT,0.1117,22623.4,0.1116,137891.7,0.1118,897.0,0.1119,29583.1
1753599993265,07:06:33.265,bybit,AEVO/USDT:USDT,0.1117,29334.8,0.1116,148631.7,0.1118,897.0,0.1119,27795.0
1753599993665,07:06:33.665,bybit,AEVO/USDT:USDT,0.1117,29334.8,0.1116,148631.7,0.1118,2084.2,0.1119,27795.0
1753599993765,07:06:33.765,bybit,AEVO/USDT:USDT,0.1117,29458.9,0.1116,148527.2,0.1118,2084.2,0.1119,27795.0
1753599993865,07:06:33.865,bybit,AEVO/USDT:USDT,0.1117,29334.8,0.1116,148658.7,0.1118,2084.2,0.1119,27795.0
1753599993964,07:06:33.964,bybit,AEVO/USDT:USDT,0.1117,29563.9,0.1116,148658.7,0.1118,2084.2,0.1119,27795.0
1753599994065,07:06:34.065,bybit,AEVO/USDT:USDT,0.1117,29563.9,0.1116,148658.7,0.1118,2084.2,0.1119,27795.0
1753599994166,07:06:34.166,bybit,AEVO/USDT:USDT,0.1117,29334.8,0.1116,148658.7,0.1118,2084.2,0.1119,27795.0
1753599994365,07:06:34.365,bybit,AEVO/USDT:USDT,0.1117,29334.8,0.1116,148658.7,0.1118,2084.2,0.1119,27795.0
1753599994464,07:06:34.464,bybit,AEVO/USDT:USDT,0.1117,29334.8,0.1116,148658.7,0.1118,2084.2,0.1119,27795.0
1753599994564,07:06:34.564,bybit,AEVO/USDT:USDT,0.1117,29334.8,0.1116,148658.7,0.1118,2276.2,0.1119,27795.0
1753599994665,07:06:34.665,bybit,AEVO/USDT:USDT,0.1117,29444.3,0.1116,148534.6,0.1118,2276.2,0.1119,27795.0
1753599994864,07:06:34.864,bybit,AEVO/USDT:USDT,0.1117,29673.4,0.1116,148534.6,0.1118,2276.2,0.1119,27795.0
1753599994964,07:06:34.964,bybit,AEVO/USDT:USDT,0.1117,29444.3,0.1116,148534.6,0.1118,2276.2,0.1119,27795.0
1753599995564,07:06:35.564,bybit,AEVO/USDT:USDT,0.1117,29444.3,0.1116,159985.1,0.1118,2276.2,0.1119,27795.0
1753599995665,07:06:35.665,bybit,AEVO/USDT:USDT,0.1117,29489.7,0.1116,159985.1,0.1118,2276.2,0.1119,27795.0
1753599995765,07:06:35.765,bybit,AEVO/USDT:USDT,0.1117,29699.4,0.1116,159985.1,0.1118,2276.2,0.1119,27795.0
1753599995865,07:06:35.865,bybit,AEVO/USDT:USDT,0.1117,29699.4,0.1116,159985.1,0.1118,2276.2,0.1119,27795.0
1753599996764,07:06:36.764,bybit,AEVO/USDT:USDT,0.1117,29699.4,0.1116,159985.1,0.1118,2276.2,0.1119,27795.0
1753599996865,07:06:36.865,bybit,AEVO/USDT:USDT,0.1117,29699.4,0.1116,159985.1,0.1118,2276.2,0.1119,27795.0
1753599996965,07:06:36.965,bybit,AEVO/USDT:USDT,0.1117,29699.4,0.1116,159985.1,0.1118,2276.2,0.1119,27795.0
1753599997364,07:06:37.364,bybit,AEVO/USDT:USDT,0.1117,29699.4,0.1116,159985.1,0.1118,2276.2,0.1119,27795.0
1753599997465,07:06:37.465,bybit,AEVO/USDT:USDT,0.1117,29699.4,0.1116,159985.1,0.1118,2276.2,0.1119,27795.0
1753599997664,07:06:37.664,bybit,AEVO/USDT:USDT,0.1117,29699.4,0.1116,159985.1,0.1118,2276.2,0.1119,27795.0
1753599997864,07:06:37.864,bybit,AEVO/USDT:USDT,0.1117,29699.4,0.1116,159985.1,0.1118,2276.2,0.1119,27795.0
1753599997965,07:06:37.965,bybit,AEVO/USDT:USDT,0.1117,29699.4,0.1116,159985.1,0.1118,2276.2,0.1119,27795.0
1753599998167,07:06:38.167,bybit,AEVO/USDT:USDT,0.1117,28511.3,0.1116,159985.1,0.1118,2276.2,0.1119,27795.0
1753599998265,07:06:38.265,bybit,AEVO/USDT:USDT,0.1117,28958.9,0.1116,159985.1,0.1118,2276.2,0.1119,27795.0
1753599998364,07:06:38.364,bybit,AEVO/USDT:USDT,0.1117,29937.3,0.1116,159985.1,0.1118,2276.2,0.1119,27795.0
1753599998564,07:06:38.564,bybit,AEVO/USDT:USDT,0.1117,30142.4,0.1116,159985.1,0.1118,2276.2,0.1119,27795.0
1753599999065,07:06:39.065,bybit,AEVO/USDT:USDT,0.1117,29937.3,0.1116,159985.1,0.1118,2276.2,0.1119,27795.0
1753599999164,07:06:39.164,bybit,AEVO/USDT:USDT,0.1117,28146.7,0.1116,156133.1,0.1118,2276.2,0.1119,27795.0
1753599999264,07:06:39.264,bybit,AEVO/USDT:USDT,0.1117,28146.7,0.1116,156133.1,0.1118,2276.2,0.1119,27795.0
1753599999564,07:06:39.564,bybit,AEVO/USDT:USDT,0.1117,29334.8,0.1116,156133.1,0.1118,2276.2,0.1119,27795.0
1753599999664,07:06:39.664,bybit,AEVO/USDT:USDT,0.1117,29334.8,0.1116,156133.1,0.1118,2276.2,0.1119,27795.0
1753599999865,07:06:39.865,bybit,AEVO/USDT:USDT,0.1117,29513.7,0.1116,156133.1,0.1118,2276.2,0.1119,27795.0
1753599999965,07:06:39.965,bybit,AEVO/USDT:USDT,0.1117,29688.7,0.1116,155958.3,0.1118,2276.2,0.1119,27795.0
1753600000167,07:06:40.167,bybit,AEVO/USDT:USDT,0.1117,28500.6,0.1116,155958.3,0.1118,2276.2,0.1119,27795.0
1753600000264,07:06:40.264,bybit,AEVO/USDT:USDT,0.1117,28500.6,0.1116,152151.0,0.1118,2276.2,0.1119,27795.0
1753600000465,07:06:40.465,bybit,AEVO/USDT:USDT,0.1117,29688.7,0.1116,151703.6,0.1118,774.5,0.1119,29560.3
1753600000565,07:06:40.565,bybit,AEVO/USDT:USDT,0.1117,29688.7,0.1116,156177.8,0.1118,774.5,0.1119,29560.3
1753600000664,07:06:40.664,bybit,AEVO/USDT:USDT,0.1117,30392.7,0.1116,158413.0,0.1118,192.0,0.1119,29560.3
1753600000764,07:06:40.764,bybit,AEVO/USDT:USDT,0.1117,30392.7,0.1116,158413.0,0.1118,192.0,0.1119,29560.3
1753600000864,07:06:40.864,bybit,AEVO/USDT:USDT,0.1117,30392.7,0.1116,160651.3,0.1118,774.5,0.1119,29560.3
1753600000965,07:06:40.965,bybit,AEVO/USDT:USDT,0.1117,30392.7,0.1116,160651.3,0.1118,774.5,0.1119,29560.3
1753600001064,07:06:41.064,bybit,AEVO/USDT:USDT,0.1117,30392.7,0.1116,156177.1,0.1118,866.0,0.1119,29560.3
1753600001165,07:06:41.165,bybit,AEVO/USDT:USDT,0.1117,30392.7,0.1116,152150.3,0.1118,866.0,0.1119,29560.3
1753600001264,07:06:41.264,bybit,AEVO/USDT:USDT,0.1117,30392.7,0.1116,152150.3,0.1118,866.0,0.1119,29560.3
1753600001465,07:06:41.465,bybit,AEVO/USDT:USDT,0.1117,30392.7,0.1116,152150.3,0.1118,2059.2,0.1119,29560.3
1753600001564,07:06:41.564,bybit,AEVO/USDT:USDT,0.1117,30392.7,0.1116,152150.3,0.1118,2059.2,0.1119,29560.3
1753600001665,07:06:41.665,bybit,AEVO/USDT:USDT,0.1117,30392.7,0.1116,152150.3,0.1118,2059.2,0.1119,29560.3
1753600001764,07:06:41.764,bybit,AEVO/USDT:USDT,0.1117,30392.7,0.1116,152150.3,0.1118,2059.2,0.1119,29560.3
1753600002065,07:06:42.065,bybit,AEVO/USDT:USDT,0.1117,29204.6,0.1116,152150.3,0.1118,2059.2,0.1119,29560.3
1753600002168,07:06:42.168,bybit,AEVO/USDT:USDT,0.1117,29204.6,0.1116,152150.3,0.1118,2059.2,0.1119,29560.3
1753600002264,07:06:42.264,bybit,AEVO/USDT:USDT,0.1117,30392.7,0.1116,152150.3,0.1118,2059.2,0.1119,29560.3
1753600002564,07:06:42.564,bybit,AEVO/USDT:USDT,0.1117,29204.6,0.1116,152150.3,0.1118,2059.2,0.1119,29560.3
1753600002864,07:06:42.864,bybit,AEVO/USDT:USDT,0.1117,30392.7,0.1116,152150.3,0.1118,2059.2,0.1119,29560.3
1753600003064,07:06:43.064,bybit,AEVO/USDT:USDT,0.1117,30392.7,0.1116,152150.3,0.1118,2059.2,0.1119,29560.3
1753600003164,07:06:43.164,bybit,AEVO/USDT:USDT,0.1117,29204.6,0.1116,152150.3,0.1118,2059.2,0.1119,29560.3
1753600003265,07:06:43.265,bybit,AEVO/USDT:USDT,0.1117,30392.7,0.1116,152150.3,0.1118,2059.2,0.1119,29560.3
1753600003364,07:06:43.364,bybit,AEVO/USDT:USDT,0.1117,30392.7,0.1116,152150.3,0.1118,2059.2,0.1119,29560.3
1753600003865,07:06:43.865,bybit,AEVO/USDT:USDT,0.1117,30392.7,0.1116,152150.3,0.1118,2059.2,0.1119,29560.3
1753600003964,07:06:43.964,bybit,AEVO/USDT:USDT,0.1117,30392.7,0.1116,152150.3,0.1118,2059.2,0.1119,29560.3
1753600004065,07:06:44.065,bybit,AEVO/USDT:USDT,0.1117,30392.7,0.1116,152150.3,0.1118,1967.7,0.1119,29560.3
1753600004364,07:06:44.364,bybit,AEVO/USDT:USDT,0.1117,30392.7,0.1116,152150.3,0.1118,1967.7,0.1119,29560.3
1753600004465,07:06:44.465,bybit,AEVO/USDT:USDT,0.1117,30392.7,0.1116,152150.3,0.1118,1967.7,0.1119,29560.3
1753600004865,07:06:44.865,bybit,AEVO/USDT:USDT,0.1118,6488.0,0.1117,72373.1,0.1119,4174.1,0.112,37427.1
1753600004965,07:06:44.965,bybit,AEVO/USDT:USDT,0.1118,5834.3,0.1117,71185.0,0.1119,3458.8,0.112,38323.6
1753600005065,07:06:45.065,bybit,AEVO/USDT:USDT,0.1118,5834.3,0.1117,71185.0,0.1119,3458.8,0.112,37880.0
1753600005165,07:06:45.165,bybit,AEVO/USDT:USDT,0.1118,5834.3,0.1117,71185.0,0.1119,3458.8,0.112,41048.0
1753600005265,07:06:45.265,bybit,AEVO/USDT:USDT,0.1118,7022.4,0.1117,71185.0,0.1119,3458.8,0.112,39258.3
1753600005364,07:06:45.364,bybit,AEVO/USDT:USDT,0.1118,7022.4,0.1117,77509.2,0.1119,3458.8,0.112,39258.3
1753600005464,07:06:45.464,bybit,AEVO/USDT:USDT,0.1118,7022.4,0.1117,77509.2,0.1119,3458.8,0.112,39258.3
1753600005567,07:06:45.567,bybit,AEVO/USDT:USDT,0.1118,7022.4,0.1117,72509.2,0.1119,3458.8,0.112,39258.3
1753600005665,07:06:45.665,bybit,AEVO/USDT:USDT,0.1118,13408.6,0.1117,71857.3,0.1119,1373.6,0.112,29378.9
1753600005765,07:06:45.765,bybit,AEVO/USDT:USDT,0.1118,13190.7,0.1117,74094.4,0.1119,1373.6,0.112,29378.9
1753600005864,07:06:45.864,bybit,AEVO/USDT:USDT,0.1118,13190.7,0.1117,74094.4,0.1119,1373.6,0.112,29378.9
1753600005964,07:06:45.964,bybit,AEVO/USDT:USDT,0.1118,12972.8,0.1117,74094.4,0.1119,1373.6,0.112,29378.9
1753600006064,07:06:46.064,bybit,AEVO/USDT:USDT,0.1118,13190.7,0.1117,74094.4,0.1119,1373.6,0.112,23895.1
1753600006164,07:06:46.164,bybit,AEVO/USDT:USDT,0.1118,13190.7,0.1117,74094.4,0.1119,1373.6,0.112,23895.1
1753600006265,07:06:46.265,bybit,AEVO/USDT:USDT,0.1118,13626.5,0.1117,74094.4,0.1119,1373.6,0.112,23895.1
1753600006365,07:06:46.365,bybit,AEVO/USDT:USDT,0.1118,13314.3,0.1117,74094.4,0.1119,1373.6,0.112,23895.1
1753600006465,07:06:46.465,bybit,AEVO/USDT:USDT,0.1118,13491.1,0.1117,73915.5,0.1119,1373.6,0.112,23895.1
1753600006564,07:06:46.564,bybit,AEVO/USDT:USDT,0.1118,13273.2,0.1117,73915.5,0.1119,1373.6,0.112,23895.1
1753600006665,07:06:46.665,bybit,AEVO/USDT:USDT,0.1118,13273.2,0.1117,74812.0,0.1119,446.4,0.112,23895.1
1753600006865,07:06:46.865,bybit,AEVO/USDT:USDT,0.1118,13487.1,0.1117,74812.0,0.1119,446.4,0.112,23895.1
1753600006965,07:06:46.965,bybit,AEVO/USDT:USDT,0.1118,13487.1,0.1117,74812.0,0.1119,1633.6,0.112,30606.5
1753600007065,07:06:47.065,bybit,AEVO/USDT:USDT,0.1118,13273.2,0.1117,74812.0,0.1119,1725.0,0.112,30606.5
1753600007165,07:06:47.165,bybit,AEVO/USDT:USDT,0.1118,13273.2,0.1117,74812.0,0.1119,1725.0,0.112,30606.5
1753600007265,07:06:47.265,bybit,AEVO/USDT:USDT,0.1118,13487.1,0.1117,72574.9,0.1119,1725.0,0.112,30606.5
1753600007466,07:06:47.466,bybit,AEVO/USDT:USDT,0.1118,13487.1,0.1117,72574.9,0.1119,1725.0,0.112,35606.5
1753600007564,07:06:47.564,bybit,AEVO/USDT:USDT,0.1118,13273.2,0.1117,72574.9,0.1119,1725.0,0.112,35606.5
1753600007665,07:06:47.665,bybit,AEVO/USDT:USDT,0.1118,13149.6,0.1117,72574.9,0.1119,1725.0,0.112,35606.5
1753600007764,07:06:47.764,bybit,AEVO/USDT:USDT,0.1118,13149.6,0.1117,72574.9,0.1119,1120.3,0.112,30606.5
1753600007864,07:06:47.864,bybit,AEVO/USDT:USDT,0.1118,20184.3,0.1117,78835.3,0.1119,537.8,0.112,22107.8
1753600007965,07:06:47.965,bybit,AEVO/USDT:USDT,0.1119,1119.3,0.1118,46917.1,0.112,9389.0,0.1121,46731.6
1753600008065,07:06:48.065,bybit,AEVO/USDT:USDT,0.1119,2705.7,0.1118,46419.0,0.112,9389.0,0.1121,42045.0
1753600008169,07:06:48.169,bybit,AEVO/USDT:USDT,0.1119,2705.7,0.1118,46419.0,0.112,9389.0,0.1121,42045.0
1753600008264,07:06:48.264,bybit,AEVO/USDT:USDT,0.1119,8806.8,0.1118,46419.0,0.112,9389.0,0.1121,42045.0
1753600008365,07:06:48.365,bybit,AEVO/USDT:USDT,0.1119,8806.8,0.1118,46419.0,0.112,11175.5,0.1121,42045.0
1753600008465,07:06:48.465,bybit,AEVO/USDT:USDT,0.1119,8806.8,0.1118,46419.0,0.112,10279.0,0.1121,40255.3
1753600008565,07:06:48.565,bybit,AEVO/USDT:USDT,0.1119,8806.8,0.1118,46419.0,0.112,10279.0,0.1121,40255.3
1753600008665,07:06:48.665,bybit,AEVO/USDT:USDT,0.1119,8806.8,0.1118,46419.0,0.112,10279.0,0.1121,40255.3
1753600008764,07:06:48.764,bybit,AEVO/USDT:USDT,0.1119,8806.8,0.1118,46419.0,0.112,10279.0,0.1121,40255.3
1753600008964,07:06:48.964,bybit,AEVO/USDT:USDT,0.1119,8806.8,0.1118,46419.0,0.112,9352.6,0.1121,40255.3
1753600009065,07:06:49.065,bybit,AEVO/USDT:USDT,0.1119,8806.8,0.1118,46419.0,0.112,8905.1,0.1121,40255.3
1753600009164,07:06:49.164,bybit,AEVO/USDT:USDT,0.1119,8806.8,0.1118,46419.0,0.112,8905.1,0.1121,40255.3
1753600009265,07:06:49.265,bybit,AEVO/USDT:USDT,0.1119,8806.8,0.1118,48654.3,0.112,8905.1,0.1121,40255.3
1753600009365,07:06:49.365,bybit,AEVO/USDT:USDT,0.1119,2705.7,0.1118,54754.2,0.112,8905.1,0.1121,40255.3
1753600009565,07:06:49.565,bybit,AEVO/USDT:USDT,0.1119,2705.7,0.1118,54754.2,0.112,8905.1,0.1121,40255.3
1753600009665,07:06:49.665,bybit,AEVO/USDT:USDT,0.1119,2705.7,0.1118,54754.2,0.112,8905.1,0.1121,40255.3
1753600009765,07:06:49.765,bybit,AEVO/USDT:USDT,0.1119,2705.7,0.1118,54754.2,0.112,8905.1,0.1121,40255.3
1753600009865,07:06:49.865,bybit,AEVO/USDT:USDT,0.1119,2705.7,0.1118,54754.2,0.112,8905.1,0.1121,40255.3
1753600010065,07:06:50.065,bybit,AEVO/USDT:USDT,0.1119,2705.7,0.1118,54809.1,0.112,8996.5,0.1121,40255.3
1753600010167,07:06:50.167,bybit,AEVO/USDT:USDT,0.1119,2705.7,0.1118,55705.6,0.112,8996.5,0.1121,40255.3
1753600010264,07:06:50.264,bybit,AEVO/USDT:USDT,0.1119,4939.0,0.1118,55705.6,0.112,8996.5,0.1121,40255.3
1753600010465,07:06:50.465,bybit,AEVO/USDT:USDT,0.1119,4939.0,0.1118,55705.6,0.112,8996.5,0.1121,40255.3
1753600011164,07:06:51.164,bybit,AEVO/USDT:USDT,0.1119,4939.0,0.1118,55705.6,0.112,8996.5,0.1121,40255.3
1753600011465,07:06:51.465,bybit,AEVO/USDT:USDT,0.1119,4939.0,0.1118,55705.6,0.112,3106.0,0.1121,40255.3
1753600011564,07:06:51.564,bybit,AEVO/USDT:USDT,0.1119,4939.0,0.1118,55705.6,0.112,3106.0,0.1121,38465.6
1753600011665,07:06:51.665,bybit,AEVO/USDT:USDT,0.1119,4939.0,0.1118,55705.6,0.112,3582.9,0.1121,40255.3
1753600011765,07:06:51.765,bybit,AEVO/USDT:USDT,0.1119,4939.0,0.1118,55705.6,0.112,3582.9,0.1121,40255.3
1753600011864,07:06:51.864,bybit,AEVO/USDT:USDT,0.1119,4939.0,0.1118,55705.6,0.112,3582.9,0.1121,40255.3
1753600011964,07:06:51.964,bybit,AEVO/USDT:USDT,0.1119,4939.0,0.1118,55705.6,0.112,3582.9,0.1121,40255.3
1753600012364,07:06:52.364,bybit,AEVO/USDT:USDT,0.1119,4939.0,0.1118,55705.6,0.112,3106.0,0.1121,40255.3
1753600012465,07:06:52.465,bybit,AEVO/USDT:USDT,0.1119,4939.0,0.1118,54714.8,0.112,7066.8,0.1121,40255.3
1753600012565,07:06:52.565,bybit,AEVO/USDT:USDT,0.1119,10422.9,0.1118,55608.1,0.112,3106.0,0.1121,38465.6
1753600012665,07:06:52.665,bybit,AEVO/USDT:USDT,0.1119,10422.9,0.1118,57394.6,0.112,3106.0,0.1121,38465.6
1753600012765,07:06:52.765,bybit,AEVO/USDT:USDT,0.1119,10422.9,0.1118,57394.6,0.112,2971.8,0.1121,38465.6
1753600012864,07:06:52.864,bybit,AEVO/USDT:USDT,0.1119,10422.9,0.1118,57394.6,0.112,2971.8,0.1121,38465.6
1753600012965,07:06:52.965,bybit,AEVO/USDT:USDT,0.1119,10899.8,0.1118,67068.0,0.112,2971.8,0.1121,38465.6
1753600013265,07:06:53.265,bybit,AEVO/USDT:USDT,0.1119,10422.9,0.1118,67068.0,0.112,2971.8,0.1121,38465.6
1753600013365,07:06:53.365,bybit,AEVO/USDT:USDT,0.1119,10899.8,0.1118,67068.0,0.112,2971.8,0.1121,38465.6
1753600013465,07:06:53.465,bybit,AEVO/USDT:USDT,0.1119,10899.8,0.1118,67068.0,0.112,2971.8,0.1121,38465.6
1753600013565,07:06:53.565,bybit,AEVO/USDT:USDT,0.1119,10899.8,0.1118,67068.0,0.112,2971.8,0.1121,38465.6
1753600013764,07:06:53.764,bybit,AEVO/USDT:USDT,0.1119,10509.3,0.1118,67068.0,0.112,1130.4,0.1121,38465.6
1753600013865,07:06:53.865,bybit,AEVO/USDT:USDT,0.1119,10986.2,0.1118,69303.0,0.112,1130.4,0.1121,38465.6
1753600013965,07:06:53.965,bybit,AEVO/USDT:USDT,0.1119,12174.3,0.1118,69303.0,0.112,1130.4,0.1121,38465.6
1753600014065,07:06:54.065,bybit,AEVO/USDT:USDT,0.1119,12174.3,0.1118,69303.0,0.112,1039.0,0.1121,38465.6
1753600014164,07:06:54.164,bybit,AEVO/USDT:USDT,0.1119,12877.3,0.1118,69303.0,0.112,1039.0,0.1121,38465.6
1753600014264,07:06:54.264,bybit,AEVO/USDT:USDT,0.1119,12877.3,0.1118,69303.0,0.112,1621.5,0.1121,38465.6
1753600014365,07:06:54.365,bybit,AEVO/USDT:USDT,0.1119,11689.2,0.1118,69303.0,0.112,1621.5,0.1121,38465.6
1753600014565,07:06:54.565,bybit,AEVO/USDT:USDT,0.1119,11689.2,0.1118,69303.0,0.112,1621.5,0.1121,33465.6
1753600015065,07:06:55.065,bybit,AEVO/USDT:USDT,0.1119,11689.2,0.1118,69303.0,0.112,1712.9,0.1121,33465.6
1753600015165,07:06:55.165,bybit,AEVO/USDT:USDT,0.1119,11689.2,0.1118,69303.0,0.112,2317.6,0.1121,33465.6
1753600015264,07:06:55.264,bybit,AEVO/USDT:USDT,0.1119,11689.2,0.1118,69303.0,0.112,2317.6,0.1121,33465.6
1753600015465,07:06:55.465,bybit,AEVO/USDT:USDT,0.1119,10735.4,0.1118,62601.8,0.112,4759.5,0.1121,33465.6
1753600015565,07:06:55.565,bybit,AEVO/USDT:USDT,0.1119,10032.4,0.1118,57394.6,0.112,5713.3,0.1121,33465.6
1753600015664,07:06:55.664,bybit,AEVO/USDT:USDT,0.1119,5025.4,0.1118,57394.6,0.112,8496.2,0.1121,33465.6
1753600015764,07:06:55.764,bybit,AEVO/USDT:USDT,0.1119,5025.4,0.1118,57394.6,0.112,8496.2,0.1121,38465.6
1753600015965,07:06:55.965,bybit,AEVO/USDT:USDT,0.1119,5091.3,0.1118,57394.6,0.112,8496.2,0.1121,38465.6
1753600016065,07:06:56.065,bybit,AEVO/USDT:USDT,0.1119,5091.3,0.1118,57394.6,0.112,8404.8,0.1121,38465.6
1753600016168,07:06:56.168,bybit,AEVO/USDT:USDT,0.1119,5091.3,0.1118,57394.6,0.112,8404.8,0.1121,38465.6
1753600016265,07:06:56.265,bybit,AEVO/USDT:USDT,0.1119,5091.3,0.1118,57394.6,0.112,8404.8,0.1121,38465.6
1753600016765,07:06:56.765,bybit,AEVO/USDT:USDT,0.1119,5091.3,0.1118,57394.6,0.112,8404.8,0.1121,38465.6
1753600016865,07:06:56.865,bybit,AEVO/USDT:USDT,0.1119,5091.3,0.1118,57394.6,0.112,8404.8,0.1121,38465.6
1753600017165,07:06:57.165,bybit,AEVO/USDT:USDT,0.1119,5091.3,0.1118,57394.6,0.112,8404.8,0.1121,40255.3
1753600017265,07:06:57.265,bybit,AEVO/USDT:USDT,0.1119,5091.3,0.1118,57394.6,0.112,7927.9,0.1121,40255.3
1753600017365,07:06:57.365,bybit,AEVO/USDT:USDT,0.1119,5091.3,0.1118,57394.6,0.112,7927.9,0.1121,40255.3
1753600017564,07:06:57.564,bybit,AEVO/USDT:USDT,0.1119,4939.0,0.1118,57547.0,0.112,7927.9,0.1121,40255.3
1753600017666,07:06:57.666,bybit,AEVO/USDT:USDT,0.1119,4939.0,0.1118,57505.4,0.112,7927.9,0.1121,40255.3
1753600017764,07:06:57.764,bybit,AEVO/USDT:USDT,0.1119,4939.0,0.1118,57505.4,0.112,4400.1,0.1121,40255.3
1753600017865,07:06:57.865,bybit,AEVO/USDT:USDT,0.1119,4939.0,0.1118,57505.4,0.112,4400.1,0.1121,40255.3
1753600017965,07:06:57.965,bybit,AEVO/USDT:USDT,0.1119,4939.0,0.1118,57505.4,0.112,4877.0,0.1121,40255.3
1753600018064,07:06:58.064,bybit,AEVO/USDT:USDT,0.1119,4939.0,0.1118,57505.4,0.112,4272.3,0.1121,40255.3
1753600018167,07:06:58.167,bybit,AEVO/USDT:USDT,0.1119,5049.8,0.1118,57394.6,0.112,4749.2,0.1121,40255.3
1753600018264,07:06:58.264,bybit,AEVO/USDT:USDT,0.1119,5049.8,0.1118,57394.6,0.112,4749.2,0.1121,40255.3
1753600018364,07:06:58.364,bybit,AEVO/USDT:USDT,0.1119,5049.8,0.1118,57394.6,0.112,3795.4,0.1121,40255.3
1753600018764,07:06:58.764,bybit,AEVO/USDT:USDT,0.1119,5181.1,0.1118,57217.8,0.112,3795.4,0.1121,40255.3
1753600018864,07:06:58.864,bybit,AEVO/USDT:USDT,0.1119,5181.1,0.1118,57346.0,0.112,4272.3,0.1121,40255.3
1753600018964,07:06:58.964,bybit,AEVO/USDT:USDT,0.1119,5181.1,0.1118,57346.0,0.112,4272.3,0.1121,40255.3
1753600019064,07:06:59.064,bybit,AEVO/USDT:USDT,0.1119,5181.1,0.1118,57346.0,0.112,4749.2,0.1121,40255.3
1753600019165,07:06:59.165,bybit,AEVO/USDT:USDT,0.1119,5181.1,0.1118,57346.0,0.112,4749.2,0.1121,40255.3
1753600019365,07:06:59.365,bybit,AEVO/USDT:USDT,0.1119,5181.1,0.1118,57346.0,0.112,4749.2,0.1121,40255.3
1753600019464,07:06:59.464,bybit,AEVO/USDT:USDT,0.1119,5309.3,0.1118,57217.8,0.112,3795.4,0.1121,40255.3
1753600019665,07:06:59.665,bybit,AEVO/USDT:USDT,0.1119,11270.1,0.1118,66891.2,0.112,771.0,0.1121,38465.6
1753600019764,07:06:59.764,bybit,AEVO/USDT:USDT,0.1119,12458.2,0.1118,69126.2,0.112,771.0,0.1121,38465.6
1753600019865,07:06:59.865,bybit,AEVO/USDT:USDT,0.1119,12458.2,0.1118,69126.2,0.112,771.0,0.1121,38465.6
1753600019964,07:06:59.964,bybit,AEVO/USDT:USDT,0.1119,12458.2,0.1118,69126.2,0.112,771.0,0.1121,38465.6
1753600020065,07:07:00.065,bybit,AEVO/USDT:USDT,0.1119,12616.2,0.1118,69126.2,0.112,771.0,0.1121,33465.6
1753600020167,07:07:00.167,bybit,AEVO/USDT:USDT,0.1119,19485.6,0.1118,78058.6,0.112,771.0,0.1121,26754.2
1753600020264,07:07:00.264,bybit,AEVO/USDT:USDT,0.1119,19327.6,0.1118,78058.6,0.112,771.0,0.1121,26754.2
1753600020364,07:07:00.364,bybit,AEVO/USDT:USDT,0.1119,19327.6,0.1118,78058.6,0.112,771.0,0.1121,26754.2
1753600020565,07:07:00.565,bybit,AEVO/USDT:USDT,0.1119,19169.6,0.1118,78058.6,0.112,771.0,0.1121,26754.2
1753600020664,07:07:00.664,bybit,AEVO/USDT:USDT,0.1119,19169.6,0.1118,78058.6,0.112,771.0,0.1121,31754.2
1753600020965,07:07:00.965,bybit,AEVO/USDT:USDT,0.1119,19169.6,0.1118,78058.6,0.112,771.0,0.1121,31754.2
1753600021065,07:07:01.065,bybit,AEVO/USDT:USDT,0.1119,19169.6,0.1118,78058.6,0.112,771.0,0.1121,31754.2
1753600021166,07:07:01.166,bybit,AEVO/USDT:USDT,0.1119,12752.3,0.1118,78058.6,0.112,771.0,0.1121,31754.2
1753600021264,07:07:01.264,bybit,AEVO/USDT:USDT,0.1119,12130.3,0.1118,78058.6,0.112,1958.2,0.1121,31754.2
1753600021364,07:07:01.364,bybit,AEVO/USDT:USDT,0.1119,12458.2,0.1118,78058.6,0.112,1958.2,0.1121,31754.2
1753600021666,07:07:01.666,bybit,AEVO/USDT:USDT,0.1119,11981.3,0.1118,78058.6,0.112,1958.2,0.1121,31754.2
1753600021964,07:07:01.964,bybit,AEVO/USDT:USDT,0.1119,11981.3,0.1118,78058.6,0.112,1958.2,0.1121,33984.6
1753600022168,07:07:02.168,bybit,AEVO/USDT:USDT,0.1119,11981.3,0.1118,78058.6,0.112,1958.2,0.1121,33984.6
1753600022265,07:07:02.265,bybit,AEVO/USDT:USDT,0.1119,11981.3,0.1118,78058.6,0.112,1958.2,0.1121,33984.6
1753600022365,07:07:02.365,bybit,AEVO/USDT:USDT,0.1119,11853.1,0.1118,78211.0,0.112,1958.2,0.1121,33984.6
1753600022465,07:07:02.465,bybit,AEVO/USDT:USDT,0.1119,11376.2,0.1118,59605.2,0.112,5363.8,0.1121,42485.7
1753600022564,07:07:02.564,bybit,AEVO/USDT:USDT,0.1119,5181.1,0.1118,57370.2,0.112,10130.5,0.1121,40255.3
1753600022666,07:07:02.666,bybit,AEVO/USDT:USDT,0.1119,2947.8,0.1118,59605.5,0.112,10130.5,0.1121,40255.3
1753600022764,07:07:02.764,bybit,AEVO/USDT:USDT,0.1119,3100.1,0.1118,59453.1,0.112,10130.5,0.1121,40255.3
1753600022965,07:07:02.965,bybit,AEVO/USDT:USDT,0.1119,242.1,0.1118,56925.7,0.112,20597.7,0.1121,40255.3
1753600023065,07:07:03.065,bybit,AEVO/USDT:USDT,0.1119,300.6,0.1118,57477.1,0.112,20597.7,0.1121,40255.3
1753600023166,07:07:03.166,bybit,AEVO/USDT:USDT,0.1119,300.6,0.1118,57477.1,0.112,20597.7,0.1121,40255.3
1753600023264,07:07:03.264,bybit,AEVO/USDT:USDT,0.1119,300.6,0.1118,55242.0,0.112,20597.7,0.1121,40255.3
1753600023466,07:07:03.466,bybit,AEVO/USDT:USDT,0.1119,300.6,0.1118,55242.0,0.112,11917.0,0.1121,40255.3
1753600023565,07:07:03.565,bybit,AEVO/USDT:USDT,0.1119,2163.9,0.1118,55242.0,0.112,11917.0,0.1121,40255.3
1753600023964,07:07:03.964,bybit,AEVO/USDT:USDT,0.1119,2163.9,0.1118,55242.0,0.112,11917.0,0.1121,40255.3
1753600024064,07:07:04.064,bybit,AEVO/USDT:USDT,0.1119,2163.9,0.1118,55242.0,0.112,11917.0,0.1121,40255.3
1753600024265,07:07:04.265,bybit,AEVO/USDT:USDT,0.1119,2163.9,0.1118,55242.0,0.112,11917.0,0.1121,40255.3
1753600024465,07:07:04.465,bybit,AEVO/USDT:USDT,0.1119,2163.9,0.1118,55242.0,0.112,11918.0,0.1121,40255.3
1753600024765,07:07:04.765,bybit,AEVO/USDT:USDT,0.1119,2163.9,0.1118,55242.0,0.112,11441.1,0.1121,40255.3
1753600024864,07:07:04.864,bybit,AEVO/USDT:USDT,0.1119,2163.9,0.1118,55242.0,0.112,11918.0,0.1121,40255.3
1753600025065,07:07:05.065,bybit,AEVO/USDT:USDT,0.1119,2163.9,0.1118,55242.0,0.112,11441.1,0.1121,40255.3
1753600025166,07:07:05.166,bybit,AEVO/USDT:USDT,0.1119,2163.9,0.1118,54345.5,0.112,11918.0,0.1121,41151.8
1753600025264,07:07:05.264,bybit,AEVO/USDT:USDT,0.1119,2163.9,0.1118,54345.5,0.112,11441.1,0.1121,41151.8
1753600025364,07:07:05.364,bybit,AEVO/USDT:USDT,0.1119,2163.9,0.1118,54345.5,0.112,11441.1,0.1121,41151.8
1753600025465,07:07:05.465,bybit,AEVO/USDT:USDT,0.1119,2163.9,0.1118,54345.5,0.112,11441.1,0.1121,41151.8
1753600025765,07:07:05.765,bybit,AEVO/USDT:USDT,0.1119,2163.9,0.1118,54898.7,0.112,11441.1,0.1121,41151.8
1753600025865,07:07:05.865,bybit,AEVO/USDT:USDT,0.1119,2163.9,0.1118,55450.9,0.112,11441.1,0.1121,41151.8
1753600025965,07:07:05.965,bybit,AEVO/USDT:USDT,0.1119,2163.9,0.1118,55450.9,0.112,11441.1,0.1121,41151.8
1753600026065,07:07:06.065,bybit,AEVO/USDT:USDT,0.1119,2163.9,0.1118,55450.9,0.112,11918.0,0.1121,41151.8
1753600026164,07:07:06.164,bybit,AEVO/USDT:USDT,0.1119,2163.9,0.1118,55450.9,0.112,11918.0,0.1121,41151.8
1753600026264,07:07:06.264,bybit,AEVO/USDT:USDT,0.1119,2163.9,0.1118,55450.9,0.112,11918.0,0.1121,41151.8
1753600026465,07:07:06.465,bybit,AEVO/USDT:USDT,0.1119,2163.9,0.1118,55450.9,0.112,11918.0,0.1121,41151.8
1753600026565,07:07:06.565,bybit,AEVO/USDT:USDT,0.1119,2163.9,0.1118,55450.9,0.112,11918.0,0.1121,41151.8
1753600026765,07:07:06.765,bybit,AEVO/USDT:USDT,0.1119,2163.9,0.1118,55411.2,0.112,11918.0,0.1121,41151.8
1753600027065,07:07:07.065,bybit,AEVO/USDT:USDT,0.1119,2163.9,0.1118,55411.2,0.112,11918.0,0.1121,41151.8
1753600027165,07:07:07.165,bybit,AEVO/USDT:USDT,0.1119,2163.9,0.1118,55411.2,0.112,11918.0,0.1121,41151.8
1753600027265,07:07:07.265,bybit,AEVO/USDT:USDT,0.1119,2163.9,0.1118,55411.2,0.112,11918.0,0.1121,41151.8
1753600027365,07:07:07.365,bybit,AEVO/USDT:USDT,0.1119,2163.9,0.1118,55411.2,0.112,11441.1,0.1121,41151.8
1753600027564,07:07:07.564,bybit,AEVO/USDT:USDT,0.1119,2163.9,0.1118,55411.2,0.112,11441.1,0.1121,41151.8
1753600027664,07:07:07.664,bybit,AEVO/USDT:USDT,0.1119,2163.9,0.1118,55411.2,0.112,11441.1,0.1121,41151.8
1753600027964,07:07:07.964,bybit,AEVO/USDT:USDT,0.1118,18593.4,0.1117,82043.4,0.1119,2354.2,0.112,35884.7
1753600028064,07:07:08.064,bybit,AEVO/USDT:USDT,0.1118,23600.4,0.1117,82043.4,0.1119,2585.0,0.112,29173.3
1753600028264,07:07:08.264,bybit,AEVO/USDT:USDT,0.1118,24788.5,0.1117,82043.4,0.1119,2585.0,0.112,24827.0
1753600028365,07:07:08.365,bybit,AEVO/USDT:USDT,0.1118,24788.5,0.1117,82043.4,0.1119,2585.0,0.112,24827.0
1753600028464,07:07:08.464,bybit,AEVO/USDT:USDT,0.1118,24788.5,0.1117,82043.4,0.1119,2585.0,0.112,24827.0
1753600028565,07:07:08.565,bybit,AEVO/USDT:USDT,0.1118,24887.1,0.1117,81930.7,0.1119,2607.2,0.112,24827.0
1753600028864,07:07:08.864,bybit,AEVO/USDT:USDT,0.1118,24175.9,0.1117,85953.9,0.1119,2607.2,0.112,24827.0
1753600028965,07:07:08.965,bybit,AEVO/USDT:USDT,0.1118,24175.9,0.1117,85953.9,0.1119,3794.4,0.112,24827.0
1753600029064,07:07:09.064,bybit,AEVO/USDT:USDT,0.1118,24175.9,0.1117,85953.9,0.1119,3794.4,0.112,24827.0
1753600029165,07:07:09.165,bybit,AEVO/USDT:USDT,0.1118,24175.9,0.1117,85953.9,0.1119,3794.4,0.112,24827.0
1753600029364,07:07:09.364,bybit,AEVO/USDT:USDT,0.1118,24175.9,0.1117,85953.9,0.1119,253.0,0.112,19827.0
1753600029464,07:07:09.464,bybit,AEVO/USDT:USDT,0.1118,25364.0,0.1117,85953.9,0.1119,113.6,0.112,19827.0
1753600029565,07:07:09.565,bybit,AEVO/USDT:USDT,0.1118,25364.0,0.1117,85953.9,0.1119,113.6,0.112,24827.0
1753600029666,07:07:09.666,bybit,AEVO/USDT:USDT,0.1118,25364.0,0.1117,85953.9,0.1119,113.6,0.112,24827.0
1753600029764,07:07:09.764,bybit,AEVO/USDT:USDT,0.1118,25364.0,0.1117,85953.9,0.1119,113.6,0.112,24827.0
1753600029865,07:07:09.865,bybit,AEVO/USDT:USDT,0.1118,32075.4,0.1117,85953.9,0.1119,113.6,0.112,24827.0
1753600029965,07:07:09.965,bybit,AEVO/USDT:USDT,0.1119,10682.3,0.1118,58789.8,0.112,4116.7,0.1121,49303.1
1753600030064,07:07:10.064,bybit,AEVO/USDT:USDT,0.1119,10682.3,0.1118,58789.8,0.112,4116.7,0.1121,49303.1
1753600030166,07:07:10.166,bybit,AEVO/USDT:USDT,0.1118,44395.1,0.1117,99634.4,0.112,8640.8,0.1121,47071.9
1753600030265,07:07:10.265,bybit,AEVO/USDT:USDT,0.1118,22553.2,0.1117,80743.2,0.1119,3639.0,0.112,32974.5
1753600030365,07:07:10.365,bybit,AEVO/USDT:USDT,0.1118,22553.2,0.1117,80743.2,0.1119,3639.0,0.112,32974.5
1753600030564,07:07:10.564,bybit,AEVO/USDT:USDT,0.1118,22553.2,0.1117,80743.2,0.1119,3760.1,0.112,32974.5
1753600030765,07:07:10.765,bybit,AEVO/USDT:USDT,0.1118,22637.4,0.1117,80659.7,0.1119,3760.1,0.112,32974.5
1753600030864,07:07:10.864,bybit,AEVO/USDT:USDT,0.1118,22637.4,0.1117,80659.7,0.1119,3760.1,0.112,32974.5
1753600030964,07:07:10.964,bybit,AEVO/USDT:USDT,0.1118,22637.4,0.1117,80659.7,0.1119,3639.0,0.112,32974.5
1753600031065,07:07:11.065,bybit,AEVO/USDT:USDT,0.1118,22637.4,0.1117,80659.7,0.1119,3851.5,0.112,32974.5
1753600031165,07:07:11.165,bybit,AEVO/USDT:USDT,0.1118,22637.4,0.1117,82447.8,0.1119,3851.5,0.112,32974.5
1753600031264,07:07:11.264,bybit,AEVO/USDT:USDT,0.1118,24872.7,0.1117,82447.8,0.1119,3730.4,0.112,36996.5
1753600031365,07:07:11.365,bybit,AEVO/USDT:USDT,0.1118,24872.7,0.1117,82447.8,0.1119,3730.4,0.112,36996.5
1753600031465,07:07:11.465,bybit,AEVO/USDT:USDT,0.1118,25349.6,0.1117,82447.8,0.1119,3730.4,0.112,36996.5
1753600031565,07:07:11.565,bybit,AEVO/USDT:USDT,0.1118,24872.7,0.1117,82447.8,0.1119,3851.5,0.112,36996.5
1753600031664,07:07:11.664,bybit,AEVO/USDT:USDT,0.1118,24872.7,0.1117,82447.8,0.1119,3730.4,0.112,36996.5
1753600031765,07:07:11.765,bybit,AEVO/USDT:USDT,0.1118,25373.8,0.1117,82447.8,0.1119,3851.5,0.112,36996.5
1753600031865,07:07:11.865,bybit,AEVO/USDT:USDT,0.1118,25373.8,0.1117,82447.8,0.1119,3730.4,0.112,36996.5
1753600031964,07:07:11.964,bybit,AEVO/USDT:USDT,0.1118,25373.8,0.1117,82447.8,0.1119,3851.5,0.112,36996.5
1753600032065,07:07:12.065,bybit,AEVO/USDT:USDT,0.1118,2899.8,0.1117,53815.1,0.1119,10630.6,0.112,39363.2
1753600032167,07:07:12.167,bybit,AEVO/USDT:USDT,0.1118,1711.7,0.1117,50834.5,0.1119,17220.9,0.112,39363.2
1753600032264,07:07:12.264,bybit,AEVO/USDT:USDT,0.1118,1711.7,0.1117,50834.5,0.1119,10630.6,0.112,39363.2
1753600032365,07:07:12.365,bybit,AEVO/USDT:USDT,0.1118,1711.7,0.1117,50834.5,0.1119,10509.5,0.112,39363.2
1753600032465,07:07:12.465,bybit,AEVO/USDT:USDT,0.1118,1711.7,0.1117,57545.9,0.1119,10509.5,0.112,39363.2
1753600032564,07:07:12.564,bybit,AEVO/USDT:USDT,0.1118,1711.7,0.1117,57545.9,0.1119,10509.5,0.112,39363.2
1753600032666,07:07:12.666,bybit,AEVO/USDT:USDT,0.1118,1711.7,0.1117,57646.9,0.1119,10509.5,0.112,39363.2
1753600032765,07:07:12.765,bybit,AEVO/USDT:USDT,0.1118,1711.7,0.1117,57646.9,0.1119,12742.8,0.112,39363.2
1753600032965,07:07:12.965,bybit,AEVO/USDT:USDT,0.1118,1711.7,0.1117,57646.9,0.1119,14530.9,0.112,39363.2
1753600033065,07:07:13.065,bybit,AEVO/USDT:USDT,0.1118,1711.7,0.1117,57646.9,0.1119,14439.5,0.112,39363.2
1753600033165,07:07:13.165,bybit,AEVO/USDT:USDT,0.1118,1711.7,0.1117,57646.9,0.1119,14439.5,0.112,39363.2
1753600033265,07:07:13.265,bybit,AEVO/USDT:USDT,0.1118,1711.7,0.1117,57646.9,0.1119,14439.5,0.112,39363.2
1753600033365,07:07:13.365,bybit,AEVO/USDT:USDT,0.1118,1711.7,0.1117,57646.9,0.1119,14448.1,0.112,39363.2
1753600033464,07:07:13.464,bybit,AEVO/USDT:USDT,0.1118,1711.7,0.1117,56750.4,0.1119,14448.1,0.112,40259.7
1753600033664,07:07:13.664,bybit,AEVO/USDT:USDT,0.1117,56750.4,0.1116,99779.9,0.1119,14448.1,0.112,40259.7
1753600033765,07:07:13.765,bybit,AEVO/USDT:USDT,0.1117,14415.4,0.1116,115084.6,0.1118,5711.4,0.1119,45075.4
1753600033865,07:07:13.865,bybit,AEVO/USDT:USDT,0.1117,14415.4,0.1116,107864.0,0.1118,6188.3,0.1119,43733.7
1753600034064,07:07:14.064,bybit,AEVO/USDT:USDT,0.1117,8926.2,0.1116,113857.5,0.1118,6408.8,0.1119,43733.7
1753600034164,07:07:14.164,bybit,AEVO/USDT:USDT,0.1117,8926.2,0.1116,118331.7,0.1118,5931.9,0.1119,43733.7
1753600034265,07:07:14.265,bybit,AEVO/USDT:USDT,0.1117,13933.6,0.1116,127200.1,0.1118,5931.9,0.1119,41944.0
1753600034366,07:07:14.366,bybit,AEVO/USDT:USDT,0.1117,13933.6,0.1116,133464.0,0.1118,5931.9,0.1119,41944.0
1753600034464,07:07:14.464,bybit,AEVO/USDT:USDT,0.1117,13933.6,0.1116,129884.6,0.1118,5931.9,0.1119,41944.0
1753600034565,07:07:14.565,bybit,AEVO/USDT:USDT,0.1117,13933.6,0.1116,129884.6,0.1118,5802.9,0.1119,41944.0
1753600034664,07:07:14.664,bybit,AEVO/USDT:USDT,0.1117,13933.6,0.1116,129884.6,0.1118,5802.9,0.1119,41944.0
1753600034765,07:07:14.765,bybit,AEVO/USDT:USDT,0.1117,13933.6,0.1116,129884.6,0.1118,5931.9,0.1119,43285.4
1753600034865,07:07:14.865,bybit,AEVO/USDT:USDT,0.1117,13933.6,0.1116,129884.6,0.1118,5823.2,0.1119,43276.8
1753600034965,07:07:14.965,bybit,AEVO/USDT:USDT,0.1117,14410.5,0.1116,135703.0,0.1118,5823.2,0.1119,43276.8
1753600035065,07:07:15.065,bybit,AEVO/USDT:USDT,0.1117,13933.6,0.1116,135756.6,0.1118,5823.2,0.1119,43276.8
1753600035165,07:07:15.165,bybit,AEVO/USDT:USDT,0.1117,13933.6,0.1116,135756.6,0.1118,5952.2,0.1119,43276.8
1753600035265,07:07:15.265,bybit,AEVO/USDT:USDT,0.1117,13933.6,0.1116,135756.6,0.1118,5952.2,0.1119,43276.8
1753600035364,07:07:15.364,bybit,AEVO/USDT:USDT,0.1117,13933.6,0.1116,132177.4,0.1118,5823.2,0.1119,43276.8
1753600035564,07:07:15.564,bybit,AEVO/USDT:USDT,0.1117,13933.6,0.1116,132177.4,0.1118,5823.2,0.1119,43276.8
1753600035665,07:07:15.665,bybit,AEVO/USDT:USDT,0.1117,13933.6,0.1116,132177.4,0.1118,5823.2,0.1119,43276.8
1753600035765,07:07:15.765,bybit,AEVO/USDT:USDT,0.1117,14034.6,0.1116,132093.7,0.1118,5952.2,0.1119,43276.8
1753600035865,07:07:15.865,bybit,AEVO/USDT:USDT,0.1117,13933.6,0.1116,132093.7,0.1118,5952.2,0.1119,43276.8
1753600035964,07:07:15.964,bybit,AEVO/USDT:USDT,0.1117,13933.6,0.1116,132093.7,0.1118,5823.2,0.1119,43276.8
1753600036065,07:07:16.065,bybit,AEVO/USDT:USDT,0.1117,13933.6,0.1116,132093.7,0.1118,5952.2,0.1119,43276.8
1753600036264,07:07:16.264,bybit,AEVO/USDT:USDT,0.1117,13933.6,0.1116,132194.7,0.1118,5952.2,0.1119,43276.8
1753600036364,07:07:16.364,bybit,AEVO/USDT:USDT,0.1117,13933.6,0.1116,132194.7,0.1118,5823.2,0.1119,43276.8
1753600036665,07:07:16.665,bybit,AEVO/USDT:USDT,0.1117,13933.6,0.1116,132194.7,0.1118,5823.2,0.1119,43276.8
1753600036765,07:07:16.765,bybit,AEVO/USDT:USDT,0.1117,13933.6,0.1116,132194.7,0.1118,5952.2,0.1119,43276.8
1753600036864,07:07:16.864,bybit,AEVO/USDT:USDT,0.1117,13933.6,0.1116,132194.7,0.1118,5952.2,0.1119,43276.8
1753600036965,07:07:16.965,bybit,AEVO/USDT:USDT,0.1117,13933.6,0.1116,132194.7,0.1118,5823.2,0.1119,43276.8
1753600037064,07:07:17.064,bybit,AEVO/USDT:USDT,0.1117,2186.5,0.1116,104690.2,0.1118,11487.1,0.1119,42799.9
1753600037165,07:07:17.165,bybit,AEVO/USDT:USDT,0.1117,2186.5,0.1116,106708.6,0.1118,13593.4,0.1119,47408.5
1753600037264,07:07:17.264,bybit,AEVO/USDT:USDT,0.1117,2186.5,0.1116,106637.1,0.1118,13593.4,0.1119,47408.5
1753600037364,07:07:17.364,bybit,AEVO/USDT:USDT,0.1117,2186.5,0.1116,106637.1,0.1118,13593.4,0.1119,47408.5
1753600037464,07:07:17.464,bybit,AEVO/USDT:USDT,0.1117,2186.5,0.1116,106637.1,0.1118,13593.4,0.1119,47408.5
1753600037764,07:07:17.764,bybit,AEVO/USDT:USDT,0.1117,2186.5,0.1116,106738.1,0.1118,13593.4,0.1119,47408.5
1753600037865,07:07:17.865,bybit,AEVO/USDT:USDT,0.1117,2186.5,0.1116,106738.1,0.1118,13593.4,0.1119,47408.5
1753600037965,07:07:17.965,bybit,AEVO/USDT:USDT,0.1117,2186.5,0.1116,106738.1,0.1118,13593.4,0.1119,47408.5
1753600038064,07:07:18.064,bybit,AEVO/USDT:USDT,0.1117,2186.5,0.1116,106738.1,0.1118,13501.9,0.1119,47408.5
1753600038167,07:07:18.167,bybit,AEVO/USDT:USDT,0.1117,2186.5,0.1116,105841.6,0.1118,13501.9,0.1119,48305.0
1753600038465,07:07:18.465,bybit,AEVO/USDT:USDT,0.1117,2186.5,0.1116,105841.6,0.1118,13501.9,0.1119,48305.0
1753600038564,07:07:18.564,bybit,AEVO/USDT:USDT,0.1117,2186.5,0.1116,105841.6,0.1118,13501.9,0.1119,48305.0
1753600038765,07:07:18.765,bybit,AEVO/USDT:USDT,0.1117,2186.5,0.1116,105841.6,0.1118,13630.9,0.1119,48305.0
1753600038865,07:07:18.865,bybit,AEVO/USDT:USDT,0.1117,2186.5,0.1116,105841.6,0.1118,13630.9,0.1119,48305.0
1753600039064,07:07:19.064,bybit,AEVO/USDT:USDT,0.1117,2186.5,0.1116,105841.6,0.1118,13722.4,0.1119,48305.0
1753600039165,07:07:19.165,bybit,AEVO/USDT:USDT,0.1117,2186.5,0.1116,105841.6,0.1118,13593.4,0.1119,48305.0
1753600039264,07:07:19.264,bybit,AEVO/USDT:USDT,0.1117,2186.5,0.1116,105841.6,0.1118,9141.3,0.1119,48305.0
1753600039564,07:07:19.564,bybit,AEVO/USDT:USDT,0.1117,2186.5,0.1116,105841.6,0.1118,9141.3,0.1119,48305.0
1753600039665,07:07:19.665,bybit,AEVO/USDT:USDT,0.1117,2186.5,0.1116,105841.6,0.1118,9141.3,0.1119,48305.0
1753600040064,07:07:20.064,bybit,AEVO/USDT:USDT,0.1117,2186.5,0.1116,105841.6,0.1118,9141.3,0.1119,48305.0
1753600040167,07:07:20.167,bybit,AEVO/USDT:USDT,0.1117,2186.5,0.1116,105841.6,0.1118,9141.3,0.1119,48305.0
1753600040264,07:07:20.264,bybit,AEVO/USDT:USDT,0.1117,2186.5,0.1116,105841.6,0.1118,9141.3,0.1119,48305.0
1753600040464,07:07:20.464,bybit,AEVO/USDT:USDT,0.1117,2186.5,0.1116,105841.6,0.1118,9141.3,0.1119,48305.0
1753600040564,07:07:20.564,bybit,AEVO/USDT:USDT,0.1117,2186.5,0.1116,105841.6,0.1118,9141.3,0.1119,48305.0
1753600040865,07:07:20.865,bybit,AEVO/USDT:USDT,0.1117,2186.5,0.1116,105841.6,0.1118,9012.3,0.1119,48305.0
1753600040965,07:07:20.965,bybit,AEVO/USDT:USDT,0.1117,2186.5,0.1116,105841.6,0.1118,9141.3,0.1119,48305.0
1753600041065,07:07:21.065,bybit,AEVO/USDT:USDT,0.1117,2186.5,0.1116,105841.6,0.1118,9049.8,0.1119,48305.0
1753600041165,07:07:21.165,bybit,AEVO/USDT:USDT,0.1117,2186.5,0.1116,105841.6,0.1118,8920.8,0.1119,48305.0
1753600041565,07:07:21.565,bybit,AEVO/USDT:USDT,0.1117,2186.5,0.1116,105841.6,0.1118,8920.8,0.1119,48305.0
1753600041665,07:07:21.665,bybit,AEVO/USDT:USDT,0.1117,2186.5,0.1116,105841.6,0.1118,8920.8,0.1119,48305.0
1753600041764,07:07:21.764,bybit,AEVO/USDT:USDT,0.1117,2186.5,0.1116,105841.6,0.1118,9045.6,0.1119,48305.0
1753600042064,07:07:22.064,bybit,AEVO/USDT:USDT,0.1117,2186.5,0.1116,105841.6,0.1118,8920.8,0.1119,48305.0
1753600042168,07:07:22.168,bybit,AEVO/USDT:USDT,0.1117,2186.5,0.1116,105841.6,0.1118,8920.8,0.1119,48305.0
1753600042264,07:07:22.264,bybit,AEVO/USDT:USDT,0.1117,2186.5,0.1116,105841.6,0.1118,8920.8,0.1119,48305.0
1753600042465,07:07:22.465,bybit,AEVO/USDT:USDT,0.1117,2186.5,0.1116,105841.6,0.1118,8920.8,0.1119,48305.0
1753600042665,07:07:22.665,bybit,AEVO/USDT:USDT,0.1117,2186.5,0.1116,105817.3,0.1118,8920.8,0.1119,48305.0
1753600042765,07:07:22.765,bybit,AEVO/USDT:USDT,0.1117,2186.5,0.1116,105817.3,0.1118,8920.8,0.1119,48305.0
1753600042864,07:07:22.864,bybit,AEVO/USDT:USDT,0.1117,2186.5,0.1116,105817.3,0.1118,8920.8,0.1119,48305.0
1753600042965,07:07:22.965,bybit,AEVO/USDT:USDT,0.1117,2251.4,0.1116,105817.3,0.1118,12152.2,0.1119,48305.0
1753600043065,07:07:23.065,bybit,AEVO/USDT:USDT,0.1117,11758.2,0.1116,104473.0,0.1119,20799.4,0.112,68021.4
1753600043164,07:07:23.164,bybit,AEVO/USDT:USDT,0.1118,17992.2,0.1117,64773.5,0.1119,1477.3,0.112,30797.7
1753600043265,07:07:23.265,bybit,AEVO/USDT:USDT,0.1118,23806.1,0.1117,78502.9,0.1119,1342.9,0.112,30797.7
1753600043364,07:07:23.364,bybit,AEVO/USDT:USDT,0.1118,23729.0,0.1117,78502.9,0.1119,1342.9,0.112,32587.4
1753600043464,07:07:23.464,bybit,AEVO/USDT:USDT,0.1118,23729.0,0.1117,78502.9,0.1119,1342.9,0.112,37587.4
1753600043564,07:07:23.564,bybit,AEVO/USDT:USDT,0.1118,23729.0,0.1117,83184.0,0.1119,1342.9,0.112,37587.4
1753600043664,07:07:23.664,bybit,AEVO/USDT:USDT,0.1118,23729.0,0.1117,78502.9,0.1119,1342.9,0.112,37587.4
1753600043764,07:07:23.764,bybit,AEVO/USDT:USDT,0.1118,23098.4,0.1117,79399.4,0.1119,1051.1,0.112,36690.9
1753600043865,07:07:23.865,bybit,AEVO/USDT:USDT,0.1118,1887.3,0.1117,59683.4,0.1119,7704.4,0.112,43402.3
1753600043964,07:07:23.964,bybit,AEVO/USDT:USDT,0.1118,1887.3,0.1117,65701.1,0.1119,7704.4,0.112,43402.3
1753600044167,07:07:24.167,bybit,AEVO/USDT:USDT,0.1118,1887.3,0.1117,65777.6,0.1119,7704.4,0.112,43402.3
1753600044265,07:07:24.265,bybit,AEVO/USDT:USDT,0.1118,1887.3,0.1117,65777.6,0.1119,7704.4,0.112,43402.3
1753600044564,07:07:24.564,bybit,AEVO/USDT:USDT,0.1118,1887.3,0.1117,65777.6,0.1119,7227.5,0.112,43402.3
1753600044664,07:07:24.664,bybit,AEVO/USDT:USDT,0.1118,1887.3,0.1117,65777.6,0.1119,7227.5,0.112,43402.3
1753600044764,07:07:24.764,bybit,AEVO/USDT:USDT,0.1118,1887.3,0.1117,65777.6,0.1119,7704.4,0.112,43402.3
1753600044965,07:07:24.965,bybit,AEVO/USDT:USDT,0.1117,69727.9,0.1116,124079.4,0.1119,17106.4,0.112,43402.3
1753600045065,07:07:25.065,bybit,AEVO/USDT:USDT,0.1117,69881.6,0.1116,124079.4,0.1119,17473.4,0.112,43402.3
1753600045166,07:07:25.166,bybit,AEVO/USDT:USDT,0.1117,69881.6,0.1116,124079.4,0.1119,17473.4,0.112,43402.3
1753600045264,07:07:25.264,bybit,AEVO/USDT:USDT,0.1117,70726.6,0.1116,124079.4,0.1119,17473.4,0.112,43402.3
1753600045365,07:07:25.365,bybit,AEVO/USDT:USDT,0.1117,70726.6,0.1116,124975.9,0.1119,17473.4,0.112,44298.8
1753600045565,07:07:25.565,bybit,AEVO/USDT:USDT,0.1117,32303.5,0.1116,124975.9,0.1118,84.0,0.1119,23399.8
1753600045665,07:07:25.665,bybit,AEVO/USDT:USDT,0.1117,31996.1,0.1116,113528.5,0.1118,237.7,0.1119,23399.8
1753600045764,07:07:25.764,bybit,AEVO/USDT:USDT,0.1117,31996.1,0.1116,113528.5,0.1118,1430.9,0.1119,23399.8
1753600045865,07:07:25.865,bybit,AEVO/USDT:USDT,0.1117,31996.1,0.1116,124961.5,0.1118,1430.9,0.1119,23399.8
1753600046166,07:07:26.166,bybit,AEVO/USDT:USDT,0.1117,31996.1,0.1116,124961.5,0.1118,1522.4,0.1119,23308.3
1753600046264,07:07:26.264,bybit,AEVO/USDT:USDT,0.1117,31996.1,0.1116,124961.5,0.1118,1522.4,0.1119,23308.3
1753600046365,07:07:26.365,bybit,AEVO/USDT:USDT,0.1117,31996.1,0.1116,124961.5,0.1118,1522.4,0.1119,23308.3
1753600046464,07:07:26.464,bybit,AEVO/USDT:USDT,0.1117,31996.1,0.1116,124961.5,0.1118,1522.4,0.1119,23308.3
1753600046865,07:07:26.865,bybit,AEVO/USDT:USDT,0.1117,32020.5,0.1116,124961.5,0.1118,1522.4,0.1119,23308.3
1753600046964,07:07:26.964,bybit,AEVO/USDT:USDT,0.1117,31124.0,0.1116,124961.5,0.1118,1522.4,0.1119,23308.3
1753600047365,07:07:27.365,bybit,AEVO/USDT:USDT,0.1117,28858.2,0.1116,124961.5,0.1118,1522.4,0.1119,30098.0
1753600047464,07:07:27.464,bybit,AEVO/USDT:USDT,0.1117,28858.2,0.1116,124961.5,0.1118,1522.4,0.1119,30098.0
1753600047565,07:07:27.565,bybit,AEVO/USDT:USDT,0.1117,28858.2,0.1116,124961.5,0.1118,1522.4,0.1119,30037.1
1753600047964,07:07:27.964,bybit,AEVO/USDT:USDT,0.1117,28858.2,0.1116,124961.5,0.1118,1509.7,0.1119,30037.1
1753600048065,07:07:28.065,bybit,AEVO/USDT:USDT,0.1117,28858.2,0.1116,137820.9,0.1118,1509.7,0.1119,30037.1
1753600048365,07:07:28.365,bybit,AEVO/USDT:USDT,0.1117,28858.2,0.1116,137820.9,0.1118,1509.7,0.1119,30037.1
1753600048764,07:07:28.764,bybit,AEVO/USDT:USDT,0.1117,32914.5,0.1116,141847.7,0.1118,162.8,0.1119,23247.4
1753600048864,07:07:28.864,bybit,AEVO/USDT:USDT,0.1117,34704.2,0.1116,141847.7,0.1118,767.5,0.1119,23247.4
1753600048965,07:07:28.965,bybit,AEVO/USDT:USDT,0.1117,34704.2,0.1116,141847.7,0.1118,767.5,0.1119,23247.4
1753600049065,07:07:29.065,bybit,AEVO/USDT:USDT,0.1117,34704.2,0.1116,141847.7,0.1118,777.2,0.1119,23247.4
1753600049166,07:07:29.166,bybit,AEVO/USDT:USDT,0.1117,34704.2,0.1116,141847.7,0.1118,1365.7,0.1119,23247.4
1753600049364,07:07:29.364,bybit,AEVO/USDT:USDT,0.1117,34704.2,0.1116,146321.9,0.1118,1264.5,0.1119,23247.4
1753600049565,07:07:29.565,bybit,AEVO/USDT:USDT,0.1118,11729.4,0.1117,83093.3,0.1119,703.9,0.112,39298.8
1753600049664,07:07:29.664,bybit,AEVO/USDT:USDT,0.1118,12810.4,0.1117,83093.3,0.1119,703.9,0.112,39298.8
1753600049765,07:07:29.765,bybit,AEVO/USDT:USDT,0.1118,12810.4,0.1117,83093.3,0.1119,703.9,0.112,39298.8
1753600049865,07:07:29.865,bybit,AEVO/USDT:USDT,0.1118,12810.4,0.1117,85330.5,0.1119,703.9,0.112,39298.8
1753600049965,07:07:29.965,bybit,AEVO/USDT:USDT,0.1118,12810.4,0.1117,83093.3,0.1119,703.9,0.112,39298.8
1753600050065,07:07:30.065,bybit,AEVO/USDT:USDT,0.1118,12810.4,0.1117,83145.7,0.1119,643.0,0.112,39298.8
1753600050167,07:07:30.167,bybit,AEVO/USDT:USDT,0.1118,12810.4,0.1117,83145.7,0.1119,643.0,0.112,39298.8
1753600050364,07:07:30.364,bybit,AEVO/USDT:USDT,0.1118,12810.4,0.1117,85382.9,0.1119,643.0,0.112,39298.8
1753600050564,07:07:30.564,bybit,AEVO/USDT:USDT,0.1118,12911.2,0.1117,85282.0,0.1119,1247.7,0.112,39298.8
1753600050665,07:07:30.665,bybit,AEVO/USDT:USDT,0.1118,12911.2,0.1117,85282.0,0.1119,1836.2,0.112,39298.8
1753600050764,07:07:30.764,bybit,AEVO/USDT:USDT,0.1118,11723.1,0.1117,85282.0,0.1119,1836.2,0.112,39298.8
1753600050864,07:07:30.864,bybit,AEVO/USDT:USDT,0.1118,12911.2,0.1117,85282.0,0.1119,1836.2,0.112,39298.8
1753600051065,07:07:31.065,bybit,AEVO/USDT:USDT,0.1118,12911.2,0.1117,85282.0,0.1119,1913.0,0.112,39298.8
1753600051168,07:07:31.168,bybit,AEVO/USDT:USDT,0.1118,12911.2,0.1117,85282.0,0.1119,1836.2,0.112,39298.8
1753600051265,07:07:31.265,bybit,AEVO/USDT:USDT,0.1118,12911.2,0.1117,85282.0,0.1119,1836.2,0.112,39298.8
1753600051365,07:07:31.365,bybit,AEVO/USDT:USDT,0.1118,11723.1,0.1117,85282.0,0.1119,1836.2,0.112,39298.8
1753600051465,07:07:31.465,bybit,AEVO/USDT:USDT,0.1118,11723.1,0.1117,85282.0,0.1119,1913.0,0.112,39298.8
1753600051765,07:07:31.765,bybit,AEVO/USDT:USDT,0.1118,11723.1,0.1117,85282.0,0.1119,1913.0,0.112,39298.8
1753600051865,07:07:31.865,bybit,AEVO/USDT:USDT,0.1118,11723.1,0.1117,85282.0,0.1119,1913.0,0.112,39298.8
1753600052064,07:07:32.064,bybit,AEVO/USDT:USDT,0.1118,11723.1,0.1117,85282.0,0.1119,2004.4,0.112,39298.8
1753600052165,07:07:32.165,bybit,AEVO/USDT:USDT,0.1118,11723.1,0.1117,86178.5,0.1119,2004.4,0.112,39298.8
1753600052364,07:07:32.364,bybit,AEVO/USDT:USDT,0.1118,11723.1,0.1117,86178.5,0.1119,2004.4,0.112,39298.8
1753600052464,07:07:32.464,bybit,AEVO/USDT:USDT,0.1118,11723.1,0.1117,86178.5,0.1119,1927.6,0.112,39298.8
1753600052665,07:07:32.665,bybit,AEVO/USDT:USDT,0.1118,11723.1,0.1117,86178.5,0.1119,2004.4,0.112,39298.8
1753600052864,07:07:32.864,bybit,AEVO/USDT:USDT,0.1118,11723.1,0.1117,86178.5,0.1119,2004.4,0.112,39298.8
1753600052965,07:07:32.965,bybit,AEVO/USDT:USDT,0.1118,11723.1,0.1117,86178.5,0.1119,2004.4,0.112,39298.8
1753600053066,07:07:33.066,bybit,AEVO/USDT:USDT,0.1118,11723.1,0.1117,86178.5,0.1119,2004.4,0.112,39298.8
1753600053365,07:07:33.365,bybit,AEVO/USDT:USDT,0.1118,11723.1,0.1117,86178.5,0.1119,2004.4,0.112,39298.8
1753600053565,07:07:33.565,bybit,AEVO/USDT:USDT,0.1118,11723.1,0.1117,86178.5,0.1119,2004.4,0.112,39298.8
1753600053964,07:07:33.964,bybit,AEVO/USDT:USDT,0.1118,11723.1,0.1117,86178.5,0.1119,2004.4,0.112,39298.8
1753600054064,07:07:34.064,bybit,AEVO/USDT:USDT,0.1118,11723.1,0.1117,86178.5,0.1119,2004.4,0.112,39298.8
1753600054365,07:07:34.365,bybit,AEVO/USDT:USDT,0.1118,11723.1,0.1117,86178.5,0.1119,1927.6,0.112,39298.8
1753600054565,07:07:34.565,bybit,AEVO/USDT:USDT,0.1118,11723.1,0.1117,86178.5,0.1119,2004.4,0.112,39298.8
1753600054765,07:07:34.765,bybit,AEVO/USDT:USDT,0.1118,11723.1,0.1117,86178.5,0.1119,1927.6,0.112,39298.8
1753600055064,07:07:35.064,bybit,AEVO/USDT:USDT,0.1118,11723.1,0.1117,86178.5,0.1119,1913.0,0.112,39298.8
1753600055165,07:07:35.165,bybit,AEVO/USDT:USDT,0.1118,11723.1,0.1117,86178.5,0.1119,1836.2,0.112,39298.8
1753600055265,07:07:35.265,bybit,AEVO/USDT:USDT,0.1118,12568.1,0.1117,86178.5,0.1119,1836.2,0.112,39298.8
1753600055665,07:07:35.665,bybit,AEVO/USDT:USDT,0.1118,12568.1,0.1117,86178.5,0.1119,1836.2,0.112,39298.8
1753600055765,07:07:35.765,bybit,AEVO/USDT:USDT,0.1118,12568.1,0.1117,86178.5,0.1119,1836.2,0.112,39298.8
1753600056064,07:07:36.064,bybit,AEVO/USDT:USDT,0.1118,12568.1,0.1117,86178.5,0.1119,1836.2,0.112,39298.8
1753600056168,07:07:36.168,bybit,AEVO/USDT:USDT,0.1118,12568.1,0.1117,86178.5,0.1119,1836.2,0.112,39298.8
1753600056264,07:07:36.264,bybit,AEVO/USDT:USDT,0.1118,12568.1,0.1117,86178.5,0.1119,1836.2,0.112,39298.8
1753600056365,07:07:36.365,bybit,AEVO/USDT:USDT,0.1118,12568.1,0.1117,86178.5,0.1119,1913.0,0.112,39298.8
1753600056465,07:07:36.465,bybit,AEVO/USDT:USDT,0.1118,12568.1,0.1117,86178.5,0.1119,1836.2,0.112,39298.8
1753600056664,07:07:36.664,bybit,AEVO/USDT:USDT,0.1118,21514.6,0.1117,86178.5,0.1119,719.8,0.112,19874.3
1753600056765,07:07:36.765,bybit,AEVO/USDT:USDT,0.1118,22702.7,0.1117,86178.5,0.1119,643.0,0.112,19874.3
1753600056865,07:07:36.865,bybit,AEVO/USDT:USDT,0.1118,22702.7,0.1117,86178.5,0.1119,643.0,0.112,19874.3
1753600056965,07:07:36.965,bybit,AEVO/USDT:USDT,0.1118,22702.7,0.1117,86178.5,0.1119,643.0,0.112,19874.3
1753600057265,07:07:37.265,bybit,AEVO/USDT:USDT,0.1118,22702.7,0.1117,86178.5,0.1119,643.0,0.112,17642.0
1753600057364,07:07:37.364,bybit,AEVO/USDT:USDT,0.1119,12102.5,0.1118,74597.7,0.112,5982.8,0.1121,53124.1
1753600057464,07:07:37.464,bybit,AEVO/USDT:USDT,0.1119,12102.5,0.1118,74731.7,0.112,3570.3,0.1121,53124.1
1753600057565,07:07:37.565,bybit,AEVO/USDT:USDT,0.1119,12102.5,0.1118,74731.7,0.112,3436.1,0.1121,53124.1
1753600057666,07:07:37.666,bybit,AEVO/USDT:USDT,0.1119,18050.0,0.1118,76966.9,0.112,3436.1,0.1121,53124.1
1753600058365,07:07:38.365,bybit,AEVO/USDT:USDT,0.1119,18050.0,0.1118,76966.9,0.112,2539.6,0.1121,53124.1
1753600058465,07:07:38.465,bybit,AEVO/USDT:USDT,0.1119,18050.0,0.1118,72496.7,0.112,2091.5,0.1121,53124.1
1753600058564,07:07:38.564,bybit,AEVO/USDT:USDT,0.1119,18050.0,0.1118,72496.7,0.112,2696.2,0.1121,53124.1
1753600058865,07:07:38.865,bybit,AEVO/USDT:USDT,0.1119,18050.0,0.1118,72496.7,0.112,2696.2,0.1121,53124.1
1753600058965,07:07:38.965,bybit,AEVO/USDT:USDT,0.1119,18050.0,0.1118,72496.7,0.112,2696.2,0.1121,53124.1
1753600059064,07:07:39.064,bybit,AEVO/USDT:USDT,0.1119,18050.0,0.1118,72496.7,0.112,2696.2,0.1121,53124.1
1753600059365,07:07:39.365,bybit,AEVO/USDT:USDT,0.1119,18050.0,0.1118,72496.7,0.112,2696.2,0.1121,53124.1
1753600059765,07:07:39.765,bybit,AEVO/USDT:USDT,0.1119,18022.4,0.1118,72496.7,0.112,2696.2,0.1121,53124.1
1753600060064,07:07:40.064,bybit,AEVO/USDT:USDT,0.1119,18022.4,0.1118,72548.4,0.112,2696.2,0.1121,53124.1
1753600060367,07:07:40.367,bybit,AEVO/USDT:USDT,0.1119,17545.5,0.1118,74332.8,0.112,2696.2,0.1121,53124.1
1753600060465,07:07:40.465,bybit,AEVO/USDT:USDT,0.1119,17489.5,0.1118,74389.3,0.112,2696.2,0.1121,53124.1
1753600060565,07:07:40.565,bybit,AEVO/USDT:USDT,0.1119,17489.5,0.1118,74389.3,0.112,2696.2,0.1121,53124.1
1753600060665,07:07:40.665,bybit,AEVO/USDT:USDT,0.1119,17489.5,0.1118,69921.1,0.112,2696.2,0.1121,53124.1
1753600060965,07:07:40.965,bybit,AEVO/USDT:USDT,0.1119,17489.5,0.1118,69921.1,0.112,2696.2,0.1121,53124.1
1753600061065,07:07:41.065,bybit,AEVO/USDT:USDT,0.1119,17489.5,0.1118,69921.1,0.112,2696.2,0.1121,53124.1
1753600061164,07:07:41.164,bybit,AEVO/USDT:USDT,0.1119,17489.5,0.1118,69921.1,0.112,2696.2,0.1121,53124.1
1753600061664,07:07:41.664,bybit,AEVO/USDT:USDT,0.1119,19428.6,0.1118,69939.0,0.112,2696.2,0.1121,53124.1
1753600061864,07:07:41.864,bybit,AEVO/USDT:USDT,0.1119,19428.6,0.1118,69939.0,0.112,2696.2,0.1121,53124.1
1753600062168,07:07:42.168,bybit,AEVO/USDT:USDT,0.1119,19428.6,0.1118,69939.0,0.112,2696.2,0.1121,53124.1
1753600062264,07:07:42.264,bybit,AEVO/USDT:USDT,0.1119,18951.7,0.1118,69939.0,0.112,2696.2,0.1121,53124.1
1753600062365,07:07:42.365,bybit,AEVO/USDT:USDT,0.1119,19428.6,0.1118,69939.0,0.112,2696.2,0.1121,53124.1
1753600062465,07:07:42.465,bybit,AEVO/USDT:USDT,0.1119,19428.6,0.1118,69939.0,0.112,2696.2,0.1121,53124.1
1753600062764,07:07:42.764,bybit,AEVO/USDT:USDT,0.1119,19428.6,0.1118,69939.0,0.112,2696.2,0.1121,53124.1
1753600062864,07:07:42.864,bybit,AEVO/USDT:USDT,0.1119,19428.6,0.1118,69939.0,0.112,2696.2,0.1121,53124.1
1753600062964,07:07:42.964,bybit,AEVO/USDT:USDT,0.1119,19428.6,0.1118,65915.8,0.112,2696.2,0.1121,53124.1
1753600063064,07:07:43.064,bybit,AEVO/USDT:USDT,0.1119,18951.7,0.1118,68148.9,0.112,2696.2,0.1121,53124.1
1753600063964,07:07:43.964,bybit,AEVO/USDT:USDT,0.1119,18951.7,0.1118,68148.9,0.112,2696.2,0.1121,53124.1
1753600064065,07:07:44.065,bybit,AEVO/USDT:USDT,0.1119,18951.7,0.1118,68148.9,0.112,2696.2,0.1121,53124.1
1753600064164,07:07:44.164,bybit,AEVO/USDT:USDT,0.1119,19428.6,0.1118,68148.9,0.112,2696.2,0.1121,53124.1
1753600064465,07:07:44.465,bybit,AEVO/USDT:USDT,0.1119,19428.6,0.1118,68148.9,0.112,2696.2,0.1121,53124.1
1753600064564,07:07:44.564,bybit,AEVO/USDT:USDT,0.1119,19428.6,0.1118,68148.9,0.112,2696.2,0.1121,53124.1
1753600064665,07:07:44.665,bybit,AEVO/USDT:USDT,0.1119,18951.7,0.1118,68148.9,0.112,2696.2,0.1121,53124.1
1753600064865,07:07:44.865,bybit,AEVO/USDT:USDT,0.1119,18951.7,0.1118,68148.9,0.112,2696.2,0.1121,53124.1
1753600064964,07:07:44.964,bybit,AEVO/USDT:USDT,0.1119,18951.7,0.1118,68148.9,0.112,2696.2,0.1121,53124.1
1753600065064,07:07:45.064,bybit,AEVO/USDT:USDT,0.1119,19905.5,0.1118,67672.0,0.112,2696.2,0.1121,53124.1
1753600065165,07:07:45.165,bybit,AEVO/USDT:USDT,0.1119,19905.5,0.1118,69907.2,0.112,2696.2,0.1121,53124.1
1753600065265,07:07:45.265,bybit,AEVO/USDT:USDT,0.1119,19905.5,0.1118,74373.4,0.112,832.9,0.1121,51334.4
1753600065365,07:07:45.365,bybit,AEVO/USDT:USDT,0.1119,19980.0,0.1118,74299.0,0.112,832.9,0.1121,53124.1
1753600065464,07:07:45.464,bybit,AEVO/USDT:USDT,0.1119,21168.1,0.1118,74299.0,0.112,832.9,0.1121,53124.1
1753600065765,07:07:45.765,bybit,AEVO/USDT:USDT,0.1119,19980.0,0.1118,74299.0,0.112,832.9,0.1121,53124.1
1753600065865,07:07:45.865,bybit,AEVO/USDT:USDT,0.1119,19980.0,0.1118,75195.5,0.112,1421.4,0.1121,53124.1
1753600066264,07:07:46.264,bybit,AEVO/USDT:USDT,0.1119,19980.0,0.1118,75195.5,0.112,1421.4,0.1121,53124.1
1753600066364,07:07:46.364,bybit,AEVO/USDT:USDT,0.1119,19980.0,0.1118,75195.5,0.112,1421.4,0.1121,53124.1
1753600066464,07:07:46.464,bybit,AEVO/USDT:USDT,0.1119,19980.0,0.1118,75195.5,0.112,1421.4,0.1121,53124.1
1753600066665,07:07:46.665,bybit,AEVO/USDT:USDT,0.1119,20005.6,0.1118,75195.5,0.112,1421.4,0.1121,53124.1
1753600066764,07:07:46.764,bybit,AEVO/USDT:USDT,0.1119,20005.6,0.1118,75195.5,0.112,1421.4,0.1121,53124.1
1753600066866,07:07:46.866,bybit,AEVO/USDT:USDT,0.1119,20005.6,0.1118,75195.5,0.112,1421.4,0.1121,53124.1
1753600067064,07:07:47.064,bybit,AEVO/USDT:USDT,0.1119,20005.6,0.1118,75195.5,0.112,1421.4,0.1121,53124.1
1753600067265,07:07:47.265,bybit,AEVO/USDT:USDT,0.1119,20005.6,0.1118,75195.5,0.112,1421.4,0.1121,53124.1
1753600067364,07:07:47.364,bybit,AEVO/USDT:USDT,0.1119,20005.6,0.1118,75195.5,0.112,1421.4,0.1121,53124.1
1753600067464,07:07:47.464,bybit,AEVO/USDT:USDT,0.1119,20005.6,0.1118,75195.5,0.112,1421.4,0.1121,53124.1
1753600067865,07:07:47.865,bybit,AEVO/USDT:USDT,0.1119,19528.7,0.1118,75195.5,0.112,3250.9,0.1121,53124.1
1753600067964,07:07:47.964,bybit,AEVO/USDT:USDT,0.1119,20005.6,0.1118,75195.5,0.112,3250.9,0.1121,53124.1
1753600068465,07:07:48.465,bybit,AEVO/USDT:USDT,0.1119,20005.6,0.1118,75195.5,0.112,3250.9,0.1121,53124.1
1753600068565,07:07:48.565,bybit,AEVO/USDT:USDT,0.1119,20005.6,0.1118,75195.5,0.112,3250.9,0.1121,53124.1
1753600068764,07:07:48.764,bybit,AEVO/USDT:USDT,0.1119,26717.0,0.1118,75195.5,0.112,228.2,0.1121,33702.9
1753600068865,07:07:48.865,bybit,AEVO/USDT:USDT,0.1119,28503.5,0.1118,79661.7,0.112,228.2,0.1121,33702.9
1753600068964,07:07:48.964,bybit,AEVO/USDT:USDT,0.1119,29691.6,0.1118,79661.7,0.112,228.2,0.1121,33702.9
1753600069064,07:07:49.064,bybit,AEVO/USDT:USDT,0.1119,29691.6,0.1118,79661.7,0.112,228.2,0.1121,33702.9
1753600069164,07:07:49.164,bybit,AEVO/USDT:USDT,0.1119,29691.6,0.1118,79661.7,0.112,228.2,0.1121,33702.9
1753600069365,07:07:49.365,bybit,AEVO/USDT:USDT,0.1119,29691.6,0.1118,79661.7,0.112,228.2,0.1121,33702.9
1753600069564,07:07:49.564,bybit,AEVO/USDT:USDT,0.1119,29691.6,0.1118,79661.7,0.112,228.2,0.1121,33702.9
1753600069664,07:07:49.664,bybit,AEVO/USDT:USDT,0.1119,29691.6,0.1118,79661.7,0.112,228.2,0.1121,33702.9
1753600069765,07:07:49.765,bybit,AEVO/USDT:USDT,0.1119,27905.1,0.1118,79661.7,0.112,228.2,0.1121,33702.9
1753600069864,07:07:49.864,bybit,AEVO/USDT:USDT,0.1119,27905.1,0.1118,79661.7,0.112,228.2,0.1121,32806.4
1753600069965,07:07:49.965,bybit,AEVO/USDT:USDT,0.1119,27905.1,0.1118,79661.7,0.112,228.2,0.1121,32806.4
1753600070065,07:07:50.065,bybit,AEVO/USDT:USDT,0.1119,27905.1,0.1118,79661.7,0.112,228.2,0.1121,32806.4
1753600070565,07:07:50.565,bybit,AEVO/USDT:USDT,0.1119,27905.1,0.1118,79661.7,0.112,228.2,0.1121,32806.4
1753600070664,07:07:50.664,bybit,AEVO/USDT:USDT,0.1119,27905.1,0.1118,79661.7,0.112,228.2,0.1121,32806.4
1753600070864,07:07:50.864,bybit,AEVO/USDT:USDT,0.1119,27905.1,0.1118,79661.7,0.112,816.7,0.1121,32806.4
1753600070965,07:07:50.965,bybit,AEVO/USDT:USDT,0.1119,27905.1,0.1118,79661.7,0.112,1421.4,0.1121,34596.1
1753600071065,07:07:51.065,bybit,AEVO/USDT:USDT,0.1119,27905.1,0.1118,79661.7,0.112,1479.1,0.1121,34596.1
1753600071164,07:07:51.164,bybit,AEVO/USDT:USDT,0.1119,21193.7,0.1118,79661.7,0.112,1421.4,0.1121,39596.1
1753600071264,07:07:51.264,bybit,AEVO/USDT:USDT,0.1119,20716.8,0.1118,79661.7,0.112,1421.4,0.1121,39596.1
1753600071364,07:07:51.364,bybit,AEVO/USDT:USDT,0.1119,21193.7,0.1118,79661.7,0.112,1421.4,0.1121,41826.1
1753600071564,07:07:51.564,bybit,AEVO/USDT:USDT,0.1119,22980.2,0.1118,79661.7,0.112,1421.4,0.1121,41826.1
1753600071664,07:07:51.664,bybit,AEVO/USDT:USDT,0.1119,22980.2,0.1118,79661.7,0.112,1421.4,0.1121,41826.1
1753600071764,07:07:51.764,bybit,AEVO/USDT:USDT,0.1119,21792.1,0.1118,79661.7,0.112,1421.4,0.1121,41826.1
1753600072264,07:07:52.264,bybit,AEVO/USDT:USDT,0.1119,21792.1,0.1118,79661.7,0.112,1421.4,0.1121,41826.1
1753600072365,07:07:52.365,bybit,AEVO/USDT:USDT,0.1119,21792.1,0.1118,79661.7,0.112,1421.4,0.1121,36826.1
1753600072764,07:07:52.764,bybit,AEVO/USDT:USDT,0.1119,21792.1,0.1118,79661.7,0.112,1421.4,0.1121,35036.4
1753600072865,07:07:52.865,bybit,AEVO/USDT:USDT,0.1119,21792.1,0.1118,79661.7,0.112,1421.4,0.1121,35036.4
1753600073064,07:07:53.064,bybit,AEVO/USDT:USDT,0.1119,21792.1,0.1118,79661.7,0.112,816.7,0.1121,35036.4
1753600073166,07:07:53.166,bybit,AEVO/USDT:USDT,0.1119,24766.7,0.1118,79661.7,0.112,816.7,0.1121,35036.4
1753600073265,07:07:53.265,bybit,AEVO/USDT:USDT,0.1119,23578.6,0.1118,79661.7,0.112,816.7,0.1121,35036.4
1753600073364,07:07:53.364,bybit,AEVO/USDT:USDT,0.1119,23578.6,0.1118,79661.7,0.112,816.7,0.1121,35036.4
1753600073464,07:07:53.464,bybit,AEVO/USDT:USDT,0.1119,23578.6,0.1118,79661.7,0.112,816.7,0.1121,35036.4
1753600073765,07:07:53.765,bybit,AEVO/USDT:USDT,0.112,10101.7,0.1119,54008.1,0.1121,1902.4,0.1122,58119.3
1753600073865,07:07:53.865,bybit,AEVO/USDT:USDT,0.112,10101.7,0.1119,54779.1,0.1121,3095.6,0.1122,57680.0
1753600073965,07:07:53.965,bybit,AEVO/USDT:USDT,0.112,11563.9,0.1119,54779.1,0.1121,3095.6,0.1122,57680.0
1753600074166,07:07:54.166,bybit,AEVO/USDT:USDT,0.112,11563.9,0.1119,54779.1,0.1121,3095.6,0.1122,57680.0
1753600074266,07:07:54.266,bybit,AEVO/USDT:USDT,0.112,11648.0,0.1119,61210.0,0.1121,3095.6,0.1122,57680.0
1753600074364,07:07:54.364,bybit,AEVO/USDT:USDT,0.112,11648.0,0.1119,62106.5,0.1121,3095.6,0.1122,57680.0
1753600074565,07:07:54.565,bybit,AEVO/USDT:USDT,0.112,11648.0,0.1119,62106.5,0.1121,3095.6,0.1122,57680.0
1753600074764,07:07:54.764,bybit,AEVO/USDT:USDT,0.112,11648.0,0.1119,62106.5,0.1121,3095.6,0.1122,57680.0
1753600074865,07:07:54.865,bybit,AEVO/USDT:USDT,0.112,11648.0,0.1119,74945.6,0.1121,3541.6,0.1122,57680.0
1753600075065,07:07:55.065,bybit,AEVO/USDT:USDT,0.112,11648.0,0.1119,74996.4,0.1121,3541.6,0.1122,57680.0
1753600075465,07:07:55.465,bybit,AEVO/USDT:USDT,0.112,11648.0,0.1119,74996.4,0.1121,3541.6,0.1122,57680.0
1753600075564,07:07:55.564,bybit,AEVO/USDT:USDT,0.112,11648.0,0.1119,74996.4,0.1121,3541.6,0.1122,57680.0
1753600076065,07:07:56.065,bybit,AEVO/USDT:USDT,0.112,11648.0,0.1119,74996.4,0.1121,3541.6,0.1122,57680.0
1753600076565,07:07:56.565,bybit,AEVO/USDT:USDT,0.112,11648.0,0.1119,74996.4,0.1121,3541.6,0.1122,57680.0
1753600076664,07:07:56.664,bybit,AEVO/USDT:USDT,0.112,11648.0,0.1119,74996.4,0.1121,3541.6,0.1122,57680.0
1753600077064,07:07:57.064,bybit,AEVO/USDT:USDT,0.112,3542.6,0.1119,56826.5,0.1121,8197.1,0.1122,57680.0
1753600077166,07:07:57.166,bybit,AEVO/USDT:USDT,0.112,1546.3,0.1119,54491.5,0.1121,8197.1,0.1122,57680.0
1753600077264,07:07:57.264,bybit,AEVO/USDT:USDT,0.112,1546.3,0.1119,60341.6,0.1121,8197.1,0.1122,57680.0
1753600077364,07:07:57.364,bybit,AEVO/USDT:USDT,0.112,1546.3,0.1119,60341.6,0.1121,8197.1,0.1122,57680.0
1753600077665,07:07:57.665,bybit,AEVO/USDT:USDT,0.112,1546.3,0.1119,60341.6,0.1121,8197.1,0.1122,57680.0
1753600077764,07:07:57.764,bybit,AEVO/USDT:USDT,0.112,1546.3,0.1119,60435.8,0.1121,8197.1,0.1122,57680.0
1753600077864,07:07:57.864,bybit,AEVO/USDT:USDT,0.112,1546.3,0.1119,60435.8,0.1121,8197.1,0.1122,57680.0
1753600078064,07:07:58.064,bybit,AEVO/USDT:USDT,0.112,1546.3,0.1119,60435.8,0.1121,8197.1,0.1122,57680.0
1753600078165,07:07:58.165,bybit,AEVO/USDT:USDT,0.112,1546.3,0.1119,60435.8,0.1121,10426.4,0.1122,57680.0
1753600078264,07:07:58.264,bybit,AEVO/USDT:USDT,0.112,1546.3,0.1119,59539.3,0.1121,10426.4,0.1122,58576.5
1753600078365,07:07:58.365,bybit,AEVO/USDT:USDT,0.112,1546.3,0.1119,38703.2,0.1121,10426.4,0.1122,58576.5
1753600078465,07:07:58.465,bybit,AEVO/USDT:USDT,0.1119,14356.7,0.1118,77296.0,0.112,5699.3,0.1121,33681.8
1753600078565,07:07:58.565,bybit,AEVO/USDT:USDT,0.1119,20207.5,0.1118,70596.4,0.112,3006.3,0.1121,33681.8
1753600078665,07:07:58.665,bybit,AEVO/USDT:USDT,0.1119,19082.3,0.1118,70596.4,0.112,3006.3,0.1121,33681.8
1753600078764,07:07:58.764,bybit,AEVO/USDT:USDT,0.1119,19082.3,0.1118,70596.4,0.112,3006.3,0.1121,33681.8
1753600078865,07:07:58.865,bybit,AEVO/USDT:USDT,0.1119,19082.3,0.1118,70596.4,0.112,3078.3,0.1121,33681.8
1753600078965,07:07:58.965,bybit,AEVO/USDT:USDT,0.1119,19082.3,0.1118,70596.4,0.112,3006.3,0.1121,31896.1
1753600079065,07:07:59.065,bybit,AEVO/USDT:USDT,0.1119,20270.4,0.1118,70596.4,0.112,3078.3,0.1121,34127.0
1753600079164,07:07:59.164,bybit,AEVO/USDT:USDT,0.1119,20270.4,0.1118,70596.4,0.112,3169.7,0.1121,40451.0
1753600079265,07:07:59.265,bybit,AEVO/USDT:USDT,0.1119,20270.4,0.1118,70596.4,0.112,3169.7,0.1121,40451.0
1753600079365,07:07:59.365,bybit,AEVO/USDT:USDT,0.1119,19082.3,0.1118,70596.4,0.112,3169.7,0.1121,40451.0
1753600079465,07:07:59.465,bybit,AEVO/USDT:USDT,0.1119,20270.4,0.1118,70596.4,0.112,3097.7,0.1121,40451.0
1753600079565,07:07:59.565,bybit,AEVO/USDT:USDT,0.1119,19082.3,0.1118,70596.4,0.112,3097.7,0.1121,40451.0
1753600079664,07:07:59.664,bybit,AEVO/USDT:USDT,0.1119,19082.3,0.1118,70596.4,0.112,3097.7,0.1121,40451.0
1753600079767,07:07:59.767,bybit,AEVO/USDT:USDT,0.1119,20036.1,0.1118,70572.1,0.112,3097.7,0.1121,40451.0
1753600079865,07:07:59.865,bybit,AEVO/USDT:USDT,0.1119,19082.3,0.1118,61633.7,0.112,3097.7,0.1121,40451.0
1753600079965,07:07:59.965,bybit,AEVO/USDT:USDT,0.1119,19082.3,0.1118,61633.7,0.112,3097.7,0.1121,40451.0
1753600080167,07:08:00.167,bybit,AEVO/USDT:USDT,0.1119,19082.3,0.1118,61633.7,0.112,3006.3,0.1121,40451.0
1753600080364,07:08:00.364,bybit,AEVO/USDT:USDT,0.1119,20270.4,0.1118,61872.3,0.112,3006.3,0.1121,40451.0
1753600080464,07:08:00.464,bybit,AEVO/USDT:USDT,0.1119,20747.3,0.1118,61872.3,0.112,3006.3,0.1121,34127.0
1753600080565,07:08:00.565,bybit,AEVO/USDT:USDT,0.1119,20270.4,0.1118,61872.3,0.112,3006.3,0.1121,34127.0
1753600080764,07:08:00.764,bybit,AEVO/USDT:USDT,0.1119,20270.4,0.1118,61896.6,0.112,3006.3,0.1121,34127.0
1753600080865,07:08:00.865,bybit,AEVO/USDT:USDT,0.1119,20270.4,0.1118,61896.6,0.112,3006.3,0.1121,34127.0
1753600080965,07:08:00.965,bybit,AEVO/USDT:USDT,0.1119,19559.2,0.1118,61896.6,0.112,3006.3,0.1121,34127.0
1753600081064,07:08:01.064,bybit,AEVO/USDT:USDT,0.1119,19082.3,0.1118,61896.6,0.112,3006.3,0.1121,34127.0
1753600081164,07:08:01.164,bybit,AEVO/USDT:USDT,0.1119,20270.4,0.1118,61896.6,0.112,3006.3,0.1121,34127.0
1753600081265,07:08:01.265,bybit,AEVO/USDT:USDT,0.1119,20270.4,0.1118,61896.6,0.112,3006.3,0.1121,34127.0
1753600081365,07:08:01.365,bybit,AEVO/USDT:USDT,0.1119,20747.3,0.1118,61896.6,0.112,3006.3,0.1121,34127.0
1753600081464,07:08:01.464,bybit,AEVO/USDT:USDT,0.1119,20270.4,0.1118,61896.6,0.112,3006.3,0.1121,34127.0
1753600081965,07:08:01.965,bybit,AEVO/USDT:USDT,0.1119,20270.4,0.1118,66362.8,0.112,3006.3,0.1121,34127.0
1753600082065,07:08:02.065,bybit,AEVO/USDT:USDT,0.1119,19082.3,0.1118,66362.8,0.112,3006.3,0.1121,34127.0
1753600082166,07:08:02.166,bybit,AEVO/USDT:USDT,0.1118,11852.8,0.1117,77057.2,0.1119,4924.5,0.112,42251.6
1753600082265,07:08:02.265,bybit,AEVO/USDT:USDT,0.1118,11852.8,0.1117,74821.9,0.1119,4924.5,0.112,54376.8
1753600082365,07:08:02.365,bybit,AEVO/USDT:USDT,0.1118,18866.7,0.1117,57835.1,0.1119,5401.4,0.112,53899.9
1753600082464,07:08:02.464,bybit,AEVO/USDT:USDT,0.1118,18866.7,0.1117,57835.1,0.1119,5401.4,0.112,53899.9
1753600082565,07:08:02.565,bybit,AEVO/USDT:USDT,0.1118,18866.7,0.1117,65881.5,0.1119,4924.5,0.112,53899.9
1753600082664,07:08:02.664,bybit,AEVO/USDT:USDT,0.1118,17678.6,0.1117,58991.3,0.1119,5878.3,0.112,56132.7
1753600082765,07:08:02.765,bybit,AEVO/USDT:USDT,0.1118,12757.1,0.1117,54968.1,0.1119,5878.3,0.112,56713.3
1753600082865,07:08:02.865,bybit,AEVO/USDT:USDT,0.1118,14546.8,0.1117,54968.1,0.1119,5878.3,0.112,56713.3
1753600082964,07:08:02.964,bybit,AEVO/USDT:USDT,0.1118,8721.0,0.1117,60820.5,0.1119,5878.3,0.112,56713.3
1753600083264,07:08:03.264,bybit,AEVO/USDT:USDT,0.1118,8721.0,0.1117,60820.5,0.1119,5878.3,0.112,56713.3
1753600083365,07:08:03.365,bybit,AEVO/USDT:USDT,0.1118,8721.0,0.1117,60820.5,0.1119,5878.3,0.112,56713.3
1753600083465,07:08:03.465,bybit,AEVO/USDT:USDT,0.1118,8721.0,0.1117,60820.5,0.1119,5878.3,0.112,56713.3
1753600083665,07:08:03.665,bybit,AEVO/USDT:USDT,0.1118,8798.0,0.1117,62980.6,0.1119,8111.6,0.112,56713.3
1753600083765,07:08:03.765,bybit,AEVO/USDT:USDT,0.1118,8798.0,0.1117,62980.6,0.1119,8111.6,0.112,56713.3
1753600083864,07:08:03.864,bybit,AEVO/USDT:USDT,0.1118,8798.0,0.1117,62980.6,0.1119,8111.6,0.112,56713.3
1753600084168,07:08:04.168,bybit,AEVO/USDT:USDT,0.1118,8798.0,0.1117,62980.6,0.1119,8111.6,0.112,56713.3
1753600084264,07:08:04.264,bybit,AEVO/USDT:USDT,0.1118,8798.0,0.1117,62980.6,0.1119,8111.6,0.112,56713.3
1753600084364,07:08:04.364,bybit,AEVO/USDT:USDT,0.1118,8798.0,0.1117,62980.6,0.1119,8111.6,0.112,56713.3
1753600084665,07:08:04.665,bybit,AEVO/USDT:USDT,0.1118,8798.0,0.1117,62980.6,0.1119,8111.6,0.112,56713.3
1753600084764,07:08:04.764,bybit,AEVO/USDT:USDT,0.1118,8798.0,0.1117,62980.6,0.1119,8516.6,0.112,56713.3
1753600084864,07:08:04.864,bybit,AEVO/USDT:USDT,0.1118,8798.0,0.1117,62980.6,0.1119,8516.6,0.112,56713.3
1753600084965,07:08:04.965,bybit,AEVO/USDT:USDT,0.1118,8798.0,0.1117,62980.6,0.1119,8516.6,0.112,56713.3
1753600085064,07:08:05.064,bybit,AEVO/USDT:USDT,0.1118,8798.0,0.1117,63031.1,0.1119,8516.6,0.112,56713.3
1753600085265,07:08:05.265,bybit,AEVO/USDT:USDT,0.1118,8798.0,0.1117,63031.1,0.1119,8516.6,0.112,56713.3
1753600085364,07:08:05.364,bybit,AEVO/USDT:USDT,0.1118,8798.0,0.1117,63031.1,0.1119,8516.6,0.112,56713.3
1753600085464,07:08:05.464,bybit,AEVO/USDT:USDT,0.1118,8798.0,0.1117,63031.1,0.1119,8516.6,0.112,56713.3
1753600085665,07:08:05.665,bybit,AEVO/USDT:USDT,0.1118,8721.0,0.1117,63125.5,0.1119,8516.6,0.112,56713.3
1753600085964,07:08:05.964,bybit,AEVO/USDT:USDT,0.1118,10956.3,0.1117,63125.5,0.1119,6283.3,0.112,58946.5
1753600086064,07:08:06.064,bybit,AEVO/USDT:USDT,0.1118,11987.1,0.1117,63031.1,0.1119,2262.0,0.112,58946.5
1753600086168,07:08:06.168,bybit,AEVO/USDT:USDT,0.1118,11987.1,0.1117,68242.9,0.1119,2262.0,0.112,58946.5
1753600086265,07:08:06.265,bybit,AEVO/USDT:USDT,0.1118,11987.1,0.1117,68242.9,0.1119,2262.0,0.112,58946.5
1753600086465,07:08:06.465,bybit,AEVO/USDT:USDT,0.1118,11987.1,0.1117,68242.9,0.1119,2262.0,0.112,58946.5
1753600086565,07:08:06.565,bybit,AEVO/USDT:USDT,0.1118,11987.1,0.1117,68242.9,0.1119,2262.0,0.112,58946.5
1753600086764,07:08:06.764,bybit,AEVO/USDT:USDT,0.1118,12021.3,0.1117,68242.9,0.1119,2262.0,0.112,58946.5
1753600087165,07:08:07.165,bybit,AEVO/USDT:USDT,0.1118,12021.3,0.1117,68242.9,0.1119,2262.0,0.112,58946.5
1753600087264,07:08:07.264,bybit,AEVO/USDT:USDT,0.1118,12021.3,0.1117,68242.9,0.1119,2262.0,0.112,58946.5
1753600087564,07:08:07.564,bybit,AEVO/USDT:USDT,0.1118,12021.3,0.1117,68242.9,0.1119,2866.7,0.112,58946.5
1753600087665,07:08:07.665,bybit,AEVO/USDT:USDT,0.1118,12021.3,0.1117,72266.1,0.1119,2866.7,0.112,58946.5
1753600087765,07:08:07.765,bybit,AEVO/USDT:USDT,0.1118,12021.3,0.1117,72266.1,0.1119,2866.7,0.112,58946.5
1753600087965,07:08:07.965,bybit,AEVO/USDT:USDT,0.1118,12021.3,0.1117,72266.1,0.1119,2866.7,0.112,58946.5
1753600088065,07:08:08.065,bybit,AEVO/USDT:USDT,0.1118,12021.3,0.1117,72266.1,0.1119,2866.7,0.112,58946.5
1753600088265,07:08:08.265,bybit,AEVO/USDT:USDT,0.1118,12021.3,0.1117,78973.2,0.1119,2866.7,0.112,58946.5
1753600088365,07:08:08.365,bybit,AEVO/USDT:USDT,0.1118,18732.7,0.1117,83443.4,0.1119,405.0,0.112,52235.1
1753600088465,07:08:08.465,bybit,AEVO/USDT:USDT,0.1118,19843.8,0.1117,83537.7,0.1119,405.0,0.112,52235.1
1753600089165,07:08:09.165,bybit,AEVO/USDT:USDT,0.1118,19938.0,0.1117,83443.4,0.1119,405.0,0.112,52235.1
1753600089365,07:08:09.365,bybit,AEVO/USDT:USDT,0.1118,19938.0,0.1117,83443.4,0.1119,405.0,0.112,52235.1
1753600089665,07:08:09.665,bybit,AEVO/USDT:USDT,0.1118,19938.0,0.1117,83443.4,0.1119,405.0,0.112,52235.1
1753600089764,07:08:09.764,bybit,AEVO/USDT:USDT,0.1118,19938.0,0.1117,83443.4,0.1119,405.0,0.112,52235.1
1753600090465,07:08:10.465,bybit,AEVO/USDT:USDT,0.1118,19938.0,0.1117,83443.4,0.1119,405.0,0.112,52235.1
1753600090565,07:08:10.565,bybit,AEVO/USDT:USDT,0.1118,19843.8,0.1117,83443.4,0.1119,405.0,0.112,52235.1
1753600090764,07:08:10.764,bybit,AEVO/USDT:USDT,0.1118,19843.8,0.1117,83443.4,0.1119,405.0,0.112,52235.1
1753600090864,07:08:10.864,bybit,AEVO/USDT:USDT,0.1118,19843.8,0.1117,83443.4,0.1119,405.0,0.112,52235.1
1753600090965,07:08:10.965,bybit,AEVO/USDT:USDT,0.1118,19843.8,0.1117,83443.4,0.1119,405.0,0.112,52235.1
1753600091165,07:08:11.165,bybit,AEVO/USDT:USDT,0.1118,19843.8,0.1117,83443.4,0.1119,405.0,0.112,52235.1
1753600091264,07:08:11.264,bybit,AEVO/USDT:USDT,0.1118,19843.8,0.1117,83443.4,0.1119,405.0,0.112,52235.1
1753600091365,07:08:11.365,bybit,AEVO/USDT:USDT,0.1118,13227.2,0.1117,83443.4,0.1119,3455.2,0.112,52235.1
1753600091464,07:08:11.464,bybit,AEVO/USDT:USDT,0.1118,12039.1,0.1117,83443.4,0.1119,3455.2,0.112,52235.1
1753600091764,07:08:11.764,bybit,AEVO/USDT:USDT,0.1118,12039.1,0.1117,83443.4,0.1119,3455.2,0.112,52235.1
1753600091864,07:08:11.864,bybit,AEVO/USDT:USDT,0.1118,12039.1,0.1117,83443.4,0.1119,3455.2,0.112,52235.1
1753600091965,07:08:11.965,bybit,AEVO/USDT:USDT,0.1118,12039.1,0.1117,83443.4,0.1119,3455.2,0.112,52235.1
1753600092064,07:08:12.064,bybit,AEVO/USDT:USDT,0.1118,12041.7,0.1117,83443.4,0.1119,3455.2,0.112,52235.1
1753600092264,07:08:12.264,bybit,AEVO/USDT:USDT,0.1118,12041.7,0.1117,83443.4,0.1119,3455.2,0.112,52235.1
1753600092364,07:08:12.364,bybit,AEVO/USDT:USDT,0.1118,12041.7,0.1117,83443.4,0.1119,3455.2,0.112,52235.1
1753600092465,07:08:12.465,bybit,AEVO/USDT:USDT,0.1118,12041.7,0.1117,83443.4,0.1119,3455.2,0.112,52235.1
1753600092565,07:08:12.565,bybit,AEVO/USDT:USDT,0.1118,12041.7,0.1117,83443.4,0.1119,3455.2,0.112,52235.1
1753600092865,07:08:12.865,bybit,AEVO/USDT:USDT,0.1118,11564.8,0.1117,83443.4,0.1119,3455.2,0.112,52235.1
1753600092964,07:08:12.964,bybit,AEVO/USDT:USDT,0.1118,11564.8,0.1117,83443.4,0.1119,3455.2,0.112,52235.1
1753600093064,07:08:13.064,bybit,AEVO/USDT:USDT,0.1118,12041.7,0.1117,83443.4,0.1119,3455.2,0.112,52235.1
1753600093165,07:08:13.165,bybit,AEVO/USDT:USDT,0.1118,12041.7,0.1117,83443.4,0.1119,3455.2,0.112,58946.5
1753600093365,07:08:13.365,bybit,AEVO/USDT:USDT,0.1118,11087.9,0.1117,83443.4,0.1119,3459.7,0.112,58946.5
1753600093465,07:08:13.465,bybit,AEVO/USDT:USDT,0.1118,12041.7,0.1117,83443.4,0.1119,3459.7,0.112,58946.5
1753600093564,07:08:13.564,bybit,AEVO/USDT:USDT,0.1118,12041.7,0.1117,83443.4,0.1119,3459.7,0.112,58946.5
1753600093665,07:08:13.665,bybit,AEVO/USDT:USDT,0.1118,12017.5,0.1117,83443.4,0.1119,3459.7,0.112,58946.5
1753600094065,07:08:14.065,bybit,AEVO/USDT:USDT,0.1118,12017.5,0.1117,83443.4,0.1119,3459.7,0.112,58946.5
1753600094168,07:08:14.168,bybit,AEVO/USDT:USDT,0.1118,12017.5,0.1117,83443.4,0.1119,3459.7,0.112,58946.5
1753600094465,07:08:14.465,bybit,AEVO/USDT:USDT,0.1118,12017.5,0.1117,83443.4,0.1119,3459.7,0.112,58946.5
1753600094565,07:08:14.565,bybit,AEVO/USDT:USDT,0.1118,12017.5,0.1117,83443.4,0.1119,3459.7,0.112,58946.5
1753600094665,07:08:14.665,bybit,AEVO/USDT:USDT,0.1118,12017.5,0.1117,83443.4,0.1119,3459.7,0.112,58946.5
1753600094764,07:08:14.764,bybit,AEVO/USDT:USDT,0.1118,11946.9,0.1117,83443.4,0.1119,3459.7,0.112,58946.5
1753600094864,07:08:14.864,bybit,AEVO/USDT:USDT,0.1118,11946.9,0.1117,83514.0,0.1119,3459.7,0.112,58946.5
1753600095264,07:08:15.264,bybit,AEVO/USDT:USDT,0.1118,11946.9,0.1117,83514.0,0.1119,3459.7,0.112,58946.5
1753600095765,07:08:15.765,bybit,AEVO/USDT:USDT,0.1118,12039.2,0.1117,83443.4,0.1119,3466.2,0.112,58946.5
1753600095865,07:08:15.865,bybit,AEVO/USDT:USDT,0.1118,12039.2,0.1117,83443.4,0.1119,3466.2,0.112,58946.5
1753600096169,07:08:16.169,bybit,AEVO/USDT:USDT,0.1118,12039.2,0.1117,83443.4,0.1119,3466.2,0.112,58946.5
1753600096264,07:08:16.264,bybit,AEVO/USDT:USDT,0.1118,11944.3,0.1117,83538.3,0.1119,3466.2,0.112,58946.5
1753600096364,07:08:16.364,bybit,AEVO/USDT:USDT,0.1118,11944.3,0.1117,83538.3,0.1119,3466.2,0.112,58946.5
1753600096464,07:08:16.464,bybit,AEVO/USDT:USDT,0.1118,11944.3,0.1117,83538.3,0.1119,3466.2,0.112,58946.5
1753600096865,07:08:16.865,bybit,AEVO/USDT:USDT,0.1118,12039.2,0.1117,83443.4,0.1119,3466.2,0.112,58946.5
1753600096965,07:08:16.965,bybit,AEVO/USDT:USDT,0.1118,12039.2,0.1117,83443.4,0.1119,3466.2,0.112,58946.5
1753600097064,07:08:17.064,bybit,AEVO/USDT:USDT,0.1118,12039.2,0.1117,83443.4,0.1119,3466.2,0.112,58946.5
1753600097165,07:08:17.165,bybit,AEVO/USDT:USDT,0.1118,12039.2,0.1117,83443.4,0.1119,5529.2,0.112,58946.5
1753600097364,07:08:17.364,bybit,AEVO/USDT:USDT,0.1118,12039.2,0.1117,83443.4,0.1119,5529.2,0.112,58946.5
1753600097465,07:08:17.465,bybit,AEVO/USDT:USDT,0.1118,11085.4,0.1117,83443.4,0.1119,5529.2,0.112,58946.5
1753600097565,07:08:17.565,bybit,AEVO/USDT:USDT,0.1118,12039.2,0.1117,83443.4,0.1119,5529.2,0.112,58946.5
1753600097665,07:08:17.665,bybit,AEVO/USDT:USDT,0.1118,11562.3,0.1117,81206.5,0.1119,5529.2,0.112,58946.5
1753600097865,07:08:17.865,bybit,AEVO/USDT:USDT,0.1118,11562.3,0.1117,81206.5,0.1119,5529.2,0.112,58946.5
1753600097964,07:08:17.964,bybit,AEVO/USDT:USDT,0.1118,11562.3,0.1117,81206.5,0.1119,5529.2,0.112,58946.5
1753600098064,07:08:18.064,bybit,AEVO/USDT:USDT,0.1118,11085.4,0.1117,81206.5,0.1119,5529.2,0.112,58946.5
1753600098167,07:08:18.167,bybit,AEVO/USDT:USDT,0.1118,11562.3,0.1117,81206.5,0.1119,5529.2,0.112,58946.5
1753600098365,07:08:18.365,bybit,AEVO/USDT:USDT,0.1118,11562.3,0.1117,81206.5,0.1119,5529.2,0.112,58946.5
1753600098465,07:08:18.465,bybit,AEVO/USDT:USDT,0.1119,6760.5,0.1118,30302.5,0.112,7143.7,0.1121,40471.2
1753600098565,07:08:18.565,bybit,AEVO/USDT:USDT,0.1119,2097.9,0.1118,35487.3,0.112,6908.8,0.1121,37789.0
1753600098666,07:08:18.666,bybit,AEVO/USDT:USDT,0.1119,909.8,0.1118,49304.3,0.112,7385.7,0.1121,37789.0
1753600098765,07:08:18.765,bybit,AEVO/USDT:USDT,0.1119,909.8,0.1118,43028.7,0.112,7385.7,0.1121,37789.0
1753600099064,07:08:19.064,bybit,AEVO/USDT:USDT,0.1119,909.8,0.1118,45262.4,0.112,7385.7,0.1121,37789.0
1753600099165,07:08:19.165,bybit,AEVO/USDT:USDT,0.1119,1001.2,0.1118,45262.4,0.112,7385.7,0.1121,37789.0
1753600099264,07:08:19.264,bybit,AEVO/USDT:USDT,0.1119,1001.2,0.1118,45262.4,0.112,7385.7,0.1121,37789.0
1753600099365,07:08:19.365,bybit,AEVO/USDT:USDT,0.1119,1001.2,0.1118,45262.4,0.112,7385.7,0.1121,37789.0
1753600099465,07:08:19.465,bybit,AEVO/USDT:USDT,0.1119,1001.2,0.1118,45262.4,0.112,7385.7,0.1121,37789.0
1753600100065,07:08:20.065,bybit,AEVO/USDT:USDT,0.1119,1001.2,0.1118,45311.7,0.112,7385.7,0.1121,37789.0
1753600100166,07:08:20.166,bybit,AEVO/USDT:USDT,0.1119,909.8,0.1118,45311.7,0.112,7385.7,0.1121,37789.0
1753600100265,07:08:20.265,bybit,AEVO/USDT:USDT,0.1119,909.8,0.1118,48423.7,0.112,7385.7,0.1121,37789.0
1753600100364,07:08:20.364,bybit,AEVO/USDT:USDT,0.1119,909.8,0.1118,47530.4,0.112,7385.7,0.1121,37789.0
1753600100464,07:08:20.464,bybit,AEVO/USDT:USDT,0.1119,909.8,0.1118,47530.4,0.112,7385.7,0.1121,37789.0
1753600100566,07:08:20.566,bybit,AEVO/USDT:USDT,0.1119,909.8,0.1118,47530.4,0.112,7385.7,0.1121,37789.0
1753600100666,07:08:20.666,bybit,AEVO/USDT:USDT,0.1119,909.8,0.1118,47530.4,0.112,7385.7,0.1121,37789.0
1753600100864,07:08:20.864,bybit,AEVO/USDT:USDT,0.1119,909.8,0.1118,47530.4,0.112,7385.7,0.1121,37789.0
1753600100965,07:08:20.965,bybit,AEVO/USDT:USDT,0.1119,909.8,0.1118,47530.4,0.112,7385.7,0.1121,37789.0
1753600101166,07:08:21.166,bybit,AEVO/USDT:USDT,0.1119,1001.2,0.1118,47530.4,0.112,7385.7,0.1121,37789.0
1753600101265,07:08:21.265,bybit,AEVO/USDT:USDT,0.1119,1001.2,0.1118,47530.4,0.112,7385.7,0.1121,37789.0
1753600101364,07:08:21.364,bybit,AEVO/USDT:USDT,0.1119,1001.2,0.1118,47530.4,0.112,7385.7,0.1121,37789.0
1753600101564,07:08:21.564,bybit,AEVO/USDT:USDT,0.1119,1001.2,0.1118,47530.4,0.112,7385.7,0.1121,37789.0
1753600101865,07:08:21.865,bybit,AEVO/USDT:USDT,0.1119,1001.2,0.1118,47530.4,0.112,7385.7,0.1121,37789.0
1753600102167,07:08:22.167,bybit,AEVO/USDT:USDT,0.1119,1001.2,0.1118,47530.4,0.112,7385.7,0.1121,37789.0
1753600102264,07:08:22.264,bybit,AEVO/USDT:USDT,0.1119,91.4,0.1118,47530.4,0.112,7385.7,0.1121,37789.0
1753600102365,07:08:22.365,bybit,AEVO/USDT:USDT,0.1119,227.7,0.1118,47530.4,0.112,7474.9,0.1121,44011.5
1753600102465,07:08:22.465,bybit,AEVO/USDT:USDT,0.1119,227.7,0.1118,47530.4,0.112,7385.7,0.1121,44011.5
1753600102564,07:08:22.564,bybit,AEVO/USDT:USDT,0.1119,227.7,0.1118,47530.4,0.112,7385.7,0.1121,44011.5
1753600102764,07:08:22.764,bybit,AEVO/USDT:USDT,0.1119,286.0,0.1118,47530.4,0.112,7385.7,0.1121,44011.5
1753600102864,07:08:22.864,bybit,AEVO/USDT:USDT,0.1119,286.0,0.1118,47530.4,0.112,7385.7,0.1121,44011.5
1753600102964,07:08:22.964,bybit,AEVO/USDT:USDT,0.1119,286.0,0.1118,47530.4,0.112,7385.7,0.1121,44011.5
1753600103065,07:08:23.065,bybit,AEVO/USDT:USDT,0.1119,194.6,0.1118,47530.4,0.112,7385.7,0.1121,44011.5
1753600103364,07:08:23.364,bybit,AEVO/USDT:USDT,0.1119,194.6,0.1118,47530.4,0.112,7385.7,0.1121,44011.5
1753600103465,07:08:23.465,bybit,AEVO/USDT:USDT,0.1119,194.6,0.1118,47530.4,0.112,7385.7,0.1121,44011.5
1753600103565,07:08:23.565,bybit,AEVO/USDT:USDT,0.1119,194.6,0.1118,47530.4,0.112,7385.7,0.1121,44011.5
1753600103665,07:08:23.665,bybit,AEVO/USDT:USDT,0.1119,194.6,0.1118,47530.4,0.112,7385.7,0.1121,44011.5
1753600103865,07:08:23.865,bybit,AEVO/USDT:USDT,0.1119,194.6,0.1118,47530.4,0.112,7385.7,0.1121,44011.5
1753600104065,07:08:24.065,bybit,AEVO/USDT:USDT,0.1119,194.6,0.1118,47530.4,0.112,7385.7,0.1121,44011.5
1753600104265,07:08:24.265,bybit,AEVO/USDT:USDT,0.1119,194.6,0.1118,47530.4,0.112,7385.7,0.1121,44011.5
1753600104465,07:08:24.465,bybit,AEVO/USDT:USDT,0.1119,194.6,0.1118,47530.4,0.112,7385.7,0.1121,44011.5
1753600104564,07:08:24.564,bybit,AEVO/USDT:USDT,0.1119,194.6,0.1118,47530.4,0.112,7385.7,0.1121,44011.5
1753600104665,07:08:24.665,bybit,AEVO/USDT:USDT,0.1119,194.6,0.1118,47530.4,0.112,7385.7,0.1121,44011.5
1753600104765,07:08:24.765,bybit,AEVO/USDT:USDT,0.1118,28988.9,0.1117,124582.0,0.1119,588.5,0.112,40138.3
1753600104864,07:08:24.864,bybit,AEVO/USDT:USDT,0.1118,30177.0,0.1117,76374.7,0.1119,588.5,0.112,41928.0
1753600104964,07:08:24.964,bybit,AEVO/USDT:USDT,0.1118,30177.0,0.1117,89413.0,0.1119,588.5,0.112,41928.0
1753600105065,07:08:25.065,bybit,AEVO/USDT:USDT,0.1118,30177.0,0.1117,89413.0,0.1119,588.5,0.112,41928.0
1753600105164,07:08:25.164,bybit,AEVO/USDT:USDT,0.1118,30177.0,0.1117,89413.0,0.1119,649.0,0.112,41928.0
1753600105264,07:08:25.264,bybit,AEVO/USDT:USDT,0.1118,31020.0,0.1117,89413.0,0.1119,588.5,0.112,41928.0
1753600105565,07:08:25.565,bybit,AEVO/USDT:USDT,0.1118,31020.0,0.1117,89413.0,0.1119,588.5,0.112,41928.0
1753600105765,07:08:25.765,bybit,AEVO/USDT:USDT,0.1118,31090.1,0.1117,89343.0,0.1119,588.5,0.112,41928.0
1753600105865,07:08:25.865,bybit,AEVO/USDT:USDT,0.1118,24378.7,0.1117,90237.1,0.1119,2412.1,0.112,48639.4
1753600105964,07:08:25.964,bybit,AEVO/USDT:USDT,0.1118,25270.3,0.1117,89343.0,0.1119,588.5,0.112,48639.4
1753600106065,07:08:26.065,bybit,AEVO/USDT:USDT,0.1118,23482.2,0.1117,90237.1,0.1119,588.5,0.112,48639.4
1753600106264,07:08:26.264,bybit,AEVO/USDT:USDT,0.1118,34216.8,0.1117,93366.2,0.1119,588.5,0.112,41928.0
1753600106364,07:08:26.364,bybit,AEVO/USDT:USDT,0.1118,34216.8,0.1117,93366.2,0.1119,588.5,0.112,41928.0
1753600106465,07:08:26.465,bybit,AEVO/USDT:USDT,0.1118,34216.8,0.1117,93366.2,0.1119,588.5,0.112,41928.0
1753600106564,07:08:26.564,bybit,AEVO/USDT:USDT,0.1118,34216.8,0.1117,93366.2,0.1119,588.5,0.112,41928.0
1753600106665,07:08:26.665,bybit,AEVO/USDT:USDT,0.1118,32428.7,0.1117,93366.2,0.1119,588.5,0.112,41928.0
1753600106764,07:08:26.764,bybit,AEVO/USDT:USDT,0.1118,34216.8,0.1117,93366.2,0.1119,588.5,0.112,41928.0
1753600107065,07:08:27.065,bybit,AEVO/USDT:USDT,0.1118,34216.8,0.1117,93366.2,0.1119,588.5,0.112,41928.0
1753600107165,07:08:27.165,bybit,AEVO/USDT:USDT,0.1118,34216.8,0.1117,93366.2,0.1119,588.5,0.112,41928.0
1753600107665,07:08:27.665,bybit,AEVO/USDT:USDT,0.1118,34216.8,0.1117,93366.2,0.1119,588.5,0.112,41928.0
1753600107765,07:08:27.765,bybit,AEVO/USDT:USDT,0.1119,4533.8,0.1118,74456.7,0.112,7419.2,0.1121,37789.0
1753600107864,07:08:27.864,bybit,AEVO/USDT:USDT,0.1119,4056.9,0.1118,77317.6,0.112,7419.2,0.1121,37789.0
1753600107965,07:08:27.965,bybit,AEVO/USDT:USDT,0.1119,6323.5,0.1118,78210.9,0.112,5238.7,0.1121,37789.0
1753600108064,07:08:28.064,bybit,AEVO/USDT:USDT,0.1119,5846.6,0.1118,77317.6,0.112,5238.7,0.1121,37789.0
1753600108364,07:08:28.364,bybit,AEVO/USDT:USDT,0.1119,5846.6,0.1118,77317.6,0.112,5238.7,0.1121,37789.0
1753600108464,07:08:28.464,bybit,AEVO/USDT:USDT,0.1119,5846.6,0.1118,77317.6,0.112,5238.7,0.1121,37789.0
1753600108864,07:08:28.864,bybit,AEVO/USDT:USDT,0.1119,5846.6,0.1118,77317.6,0.112,5238.7,0.1121,37789.0
1753600108965,07:08:28.965,bybit,AEVO/USDT:USDT,0.1119,5846.6,0.1118,77317.6,0.112,5238.7,0.1121,37789.0
1753600109065,07:08:29.065,bybit,AEVO/USDT:USDT,0.1119,5846.6,0.1118,78210.9,0.112,5238.7,0.1121,37789.0
1753600109364,07:08:29.364,bybit,AEVO/USDT:USDT,0.1119,5846.6,0.1118,78210.9,0.112,5238.7,0.1121,37789.0
1753600109465,07:08:29.465,bybit,AEVO/USDT:USDT,0.1119,5846.6,0.1118,78210.9,0.112,5238.7,0.1121,37789.0
1753600109565,07:08:29.565,bybit,AEVO/USDT:USDT,0.1119,5846.6,0.1118,77317.6,0.112,5238.7,0.1121,37789.0
1753600109665,07:08:29.665,bybit,AEVO/USDT:USDT,0.1119,5846.6,0.1118,77317.6,0.112,5238.7,0.1121,37789.0
1753600110064,07:08:30.064,bybit,AEVO/USDT:USDT,0.1119,12138.5,0.1118,77317.6,0.112,5238.7,0.1121,37789.0
1753600110465,07:08:30.465,bybit,AEVO/USDT:USDT,0.1119,12138.5,0.1118,77317.6,0.112,5238.7,0.1121,37789.0
1753600110564,07:08:30.564,bybit,AEVO/USDT:USDT,0.1119,12138.5,0.1118,77317.6,0.112,5238.7,0.1121,37789.0
1753600110665,07:08:30.665,bybit,AEVO/USDT:USDT,0.1119,11661.6,0.1118,77317.6,0.112,5238.7,0.1121,37789.0
1753600110964,07:08:30.964,bybit,AEVO/USDT:USDT,0.1119,11661.6,0.1118,77317.6,0.112,5238.7,0.1121,37789.0
1753600111065,07:08:31.065,bybit,AEVO/USDT:USDT,0.1119,11661.6,0.1118,77317.6,0.112,5238.7,0.1121,37789.0
1753600111365,07:08:31.365,bybit,AEVO/USDT:USDT,0.1119,17566.4,0.1118,77734.0,0.112,2249.5,0.1121,37789.0
1753600111465,07:08:31.465,bybit,AEVO/USDT:USDT,0.1119,17788.8,0.1118,77734.0,0.112,2249.5,0.1121,37789.0
1753600111564,07:08:31.564,bybit,AEVO/USDT:USDT,0.1119,17788.8,0.1118,76840.7,0.112,2249.5,0.1121,37789.0
1753600111664,07:08:31.664,bybit,AEVO/USDT:USDT,0.1119,17788.8,0.1118,76840.7,0.112,2249.5,0.1121,37789.0
1753600111765,07:08:31.765,bybit,AEVO/USDT:USDT,0.1119,17788.8,0.1118,76840.7,0.112,3442.7,0.1121,37789.0
1753600111864,07:08:31.864,bybit,AEVO/USDT:USDT,0.1119,17788.8,0.1118,76840.7,0.112,3442.7,0.1121,37789.0
1753600112065,07:08:32.065,bybit,AEVO/USDT:USDT,0.1119,17788.8,0.1118,76840.7,0.112,3442.7,0.1121,37789.0
1753600112167,07:08:32.167,bybit,AEVO/USDT:USDT,0.1119,17788.8,0.1118,76840.7,0.112,3442.7,0.1121,37789.0
1753600112364,07:08:32.364,bybit,AEVO/USDT:USDT,0.1119,17788.8,0.1118,76840.7,0.112,3442.7,0.1121,37789.0
1753600112664,07:08:32.664,bybit,AEVO/USDT:USDT,0.1119,17788.8,0.1118,77734.0,0.112,3442.7,0.1121,37789.0
1753600112764,07:08:32.764,bybit,AEVO/USDT:USDT,0.1119,17788.8,0.1118,76840.7,0.112,3442.7,0.1121,37789.0
1753600112864,07:08:32.864,bybit,AEVO/USDT:USDT,0.1119,17788.8,0.1118,76840.7,0.112,3442.7,0.1121,37789.0
1753600112965,07:08:32.965,bybit,AEVO/USDT:USDT,0.1119,17788.8,0.1118,76840.7,0.112,3442.7,0.1121,37789.0
1753600113065,07:08:33.065,bybit,AEVO/USDT:USDT,0.1119,17788.8,0.1118,76840.7,0.112,3442.7,0.1121,37789.0
1753600113376,07:08:33.376,bybit,AEVO/USDT:USDT,0.1119,17788.8,0.1118,76840.7,0.112,3442.7,0.1121,37789.0
1753600113565,07:08:33.565,bybit,AEVO/USDT:USDT,0.1119,17788.8,0.1118,77734.0,0.112,3442.7,0.1121,37789.0
1753600113664,07:08:33.664,bybit,AEVO/USDT:USDT,0.1119,17788.8,0.1118,77734.0,0.112,3442.7,0.1121,37789.0
1753600113865,07:08:33.865,bybit,AEVO/USDT:USDT,0.1119,17788.8,0.1118,77734.0,0.112,3442.7,0.1121,37789.0
1753600113964,07:08:33.964,bybit,AEVO/USDT:USDT,0.1119,17788.8,0.1118,77734.0,0.112,3442.7,0.1121,37789.0
1753600114065,07:08:34.065,bybit,AEVO/USDT:USDT,0.1119,17788.8,0.1118,77734.0,0.112,3442.7,0.1121,37789.0
1753600114165,07:08:34.165,bybit,AEVO/USDT:USDT,0.1119,17788.8,0.1118,77734.0,0.112,3442.7,0.1121,37789.0
1753600114265,07:08:34.265,bybit,AEVO/USDT:USDT,0.1119,17788.8,0.1118,77734.0,0.112,3442.7,0.1121,37789.0
1753600114364,07:08:34.364,bybit,AEVO/USDT:USDT,0.1119,17788.8,0.1118,77734.0,0.112,3442.7,0.1121,37789.0
1753600114465,07:08:34.465,bybit,AEVO/USDT:USDT,0.1119,17788.8,0.1118,77734.0,0.112,3442.7,0.1121,37789.0
1753600114864,07:08:34.864,bybit,AEVO/USDT:USDT,0.1119,11884.0,0.1118,71898.4,0.112,6823.0,0.1121,37789.0
1753600114965,07:08:34.965,bybit,AEVO/USDT:USDT,0.1119,222.4,0.1118,49960.8,0.112,15302.9,0.1121,37789.0
1753600115066,07:08:35.066,bybit,AEVO/USDT:USDT,0.1119,222.4,0.1118,47725.7,0.112,15302.9,0.1121,43989.6
1753600115165,07:08:35.165,bybit,AEVO/USDT:USDT,0.1118,61426.1,0.1117,87513.8,0.112,15302.9,0.1121,43989.6
1753600115265,07:08:35.265,bybit,AEVO/USDT:USDT,0.1118,63091.1,0.1117,87513.8,0.112,14826.0,0.1121,43989.6
1753600115365,07:08:35.365,bybit,AEVO/USDT:USDT,0.1118,63091.1,0.1117,88407.5,0.112,14826.0,0.1121,43989.6
1753600115465,07:08:35.465,bybit,AEVO/USDT:USDT,0.1118,63091.1,0.1117,88407.5,0.112,14349.1,0.1121,43989.6
1753600115564,07:08:35.564,bybit,AEVO/USDT:USDT,0.1118,63091.1,0.1117,88407.5,0.112,14826.0,0.1121,43989.6
1753600115664,07:08:35.664,bybit,AEVO/USDT:USDT,0.1118,56388.8,0.1117,87513.8,0.112,14826.0,0.1121,43989.6
1753600115764,07:08:35.764,bybit,AEVO/USDT:USDT,0.1118,56388.8,0.1117,87513.8,0.112,14349.1,0.1121,43989.6
1753600115865,07:08:35.865,bybit,AEVO/USDT:USDT,0.1118,56388.8,0.1117,87513.8,0.112,15302.9,0.1121,43989.6
1753600116167,07:08:36.167,bybit,AEVO/USDT:USDT,0.1118,56448.6,0.1117,87513.8,0.112,15302.9,0.1121,43989.6
1753600116265,07:08:36.265,bybit,AEVO/USDT:USDT,0.1118,58624.1,0.1117,88407.5,0.112,14826.0,0.1121,43989.6
1753600116365,07:08:36.365,bybit,AEVO/USDT:USDT,0.1118,58624.1,0.1117,87513.8,0.112,14349.1,0.1121,43989.6
1753600116465,07:08:36.465,bybit,AEVO/USDT:USDT,0.1118,58683.9,0.1117,87513.8,0.112,14826.0,0.1121,43989.6
1753600116564,07:08:36.564,bybit,AEVO/USDT:USDT,0.1118,56390.0,0.1117,87513.8,0.112,14349.1,0.1121,37789.0
1753600116765,07:08:36.765,bybit,AEVO/USDT:USDT,0.1118,2009.6,0.1117,50521.4,0.1119,10790.1,0.112,54593.1
1753600116865,07:08:36.865,bybit,AEVO/USDT:USDT,0.1117,14587.8,0.1116,104210.4,0.1118,6711.7,0.1119,31725.7
1753600116965,07:08:36.965,bybit,AEVO/USDT:USDT,0.1117,14587.8,0.1116,104210.4,0.1118,6651.9,0.1119,31725.7
1753600117065,07:08:37.065,bybit,AEVO/USDT:USDT,0.1117,20399.3,0.1116,125997.3,0.1118,6651.9,0.1119,31725.7
1753600117165,07:08:37.165,bybit,AEVO/USDT:USDT,0.1117,20490.8,0.1116,135276.3,0.1118,6651.9,0.1119,31725.7
1753600117265,07:08:37.265,bybit,AEVO/USDT:USDT,0.1117,20490.8,0.1116,131368.1,0.1118,6651.9,0.1119,32172.1
1753600117365,07:08:37.365,bybit,AEVO/USDT:USDT,0.1117,20490.8,0.1116,131368.1,0.1118,6651.9,0.1119,32172.1
1753600117464,07:08:37.464,bybit,AEVO/USDT:USDT,0.1117,20490.8,0.1116,131368.1,0.1118,6651.9,0.1119,34406.5
1753600117565,07:08:37.565,bybit,AEVO/USDT:USDT,0.1117,20490.8,0.1116,134870.0,0.1118,6651.9,0.1119,34406.5
1753600117664,07:08:37.664,bybit,AEVO/USDT:USDT,0.1117,20967.7,0.1116,134870.0,0.1118,6651.9,0.1119,34406.5
1753600117764,07:08:37.764,bybit,AEVO/USDT:USDT,0.1117,26782.6,0.1116,139344.2,0.1118,7548.4,0.1119,27695.1
1753600117865,07:08:37.865,bybit,AEVO/USDT:USDT,0.1117,26782.6,0.1116,139344.2,0.1118,7548.4,0.1119,27245.8
1753600117964,07:08:37.964,bybit,AEVO/USDT:USDT,0.1117,26782.6,0.1116,139344.2,0.1118,7548.4,0.1119,27245.8
1753600118164,07:08:38.164,bybit,AEVO/USDT:USDT,0.1117,26691.1,0.1116,139344.2,0.1118,7548.4,0.1119,27245.8
1753600118265,07:08:38.265,bybit,AEVO/USDT:USDT,0.1117,26691.1,0.1116,139344.2,0.1118,7548.4,0.1119,29480.2
1753600118365,07:08:38.365,bybit,AEVO/USDT:USDT,0.1117,26691.1,0.1116,139344.2,0.1118,7548.4,0.1119,29480.2
1753600118465,07:08:38.465,bybit,AEVO/USDT:USDT,0.1117,26691.1,0.1116,139344.2,0.1118,7548.4,0.1119,29480.2
1753600118565,07:08:38.565,bybit,AEVO/USDT:USDT,0.1117,26691.1,0.1116,139344.2,0.1118,7548.4,0.1119,29480.2
1753600118664,07:08:38.664,bybit,AEVO/USDT:USDT,0.1117,26691.1,0.1116,139401.3,0.1118,7548.4,0.1119,29480.2
1753600118765,07:08:38.765,bybit,AEVO/USDT:USDT,0.1117,19979.7,0.1116,139401.3,0.1118,7548.4,0.1119,36191.6
1753600118865,07:08:38.865,bybit,AEVO/USDT:USDT,0.1117,19979.7,0.1116,139401.3,0.1118,7548.4,0.1119,36191.6
1753600118964,07:08:38.964,bybit,AEVO/USDT:USDT,0.1117,19979.7,0.1116,139401.3,0.1118,7548.4,0.1119,36191.6
1753600119364,07:08:39.364,bybit,AEVO/USDT:USDT,0.1117,19979.7,0.1116,139401.3,0.1118,7548.4,0.1119,36191.6
1753600119565,07:08:39.565,bybit,AEVO/USDT:USDT,0.1117,19979.7,0.1116,140297.8,0.1118,7548.4,0.1119,36191.6
1753600119665,07:08:39.665,bybit,AEVO/USDT:USDT,0.1117,19979.7,0.1116,140297.8,0.1118,7548.4,0.1119,36191.6
1753600119964,07:08:39.964,bybit,AEVO/USDT:USDT,0.1117,19979.7,0.1116,141192.7,0.1118,7548.4,0.1119,36191.6
1753600120064,07:08:40.064,bybit,AEVO/USDT:USDT,0.1117,19979.7,0.1116,141240.9,0.1118,7548.4,0.1119,36191.6
1753600120270,07:08:40.270,bybit,AEVO/USDT:USDT,0.1117,20036.8,0.1116,141183.8,0.1118,7548.4,0.1119,36191.6
1753600120364,07:08:40.364,bybit,AEVO/USDT:USDT,0.1117,19559.9,0.1116,140288.9,0.1118,7548.4,0.1119,36191.6
1753600120465,07:08:40.465,bybit,AEVO/USDT:USDT,0.1117,19979.7,0.1116,140346.0,0.1118,7548.4,0.1119,36191.6
1753600120665,07:08:40.665,bybit,AEVO/USDT:USDT,0.1117,19502.8,0.1116,140346.0,0.1118,7548.4,0.1119,36191.6
1753600120765,07:08:40.765,bybit,AEVO/USDT:USDT,0.1117,19979.7,0.1116,140346.0,0.1118,7548.4,0.1119,36191.6
1753600120865,07:08:40.865,bybit,AEVO/USDT:USDT,0.1117,20036.7,0.1116,140288.9,0.1118,7548.4,0.1119,31191.6
1753600120964,07:08:40.964,bybit,AEVO/USDT:USDT,0.1117,20036.7,0.1116,140288.9,0.1118,6651.9,0.1119,31191.6
1753600121364,07:08:41.364,bybit,AEVO/USDT:USDT,0.1117,20036.7,0.1116,141183.8,0.1118,6651.9,0.1119,31191.6
1753600121565,07:08:41.565,bybit,AEVO/USDT:USDT,0.1117,19502.8,0.1116,139001.9,0.1118,10005.9,0.1119,31191.6
1753600121765,07:08:41.765,bybit,AEVO/USDT:USDT,0.1117,19502.8,0.1116,139001.9,0.1118,10005.9,0.1119,31191.6
1753600121864,07:08:41.864,bybit,AEVO/USDT:USDT,0.1117,19502.8,0.1116,139001.9,0.1118,10005.9,0.1119,31191.6
1753600121964,07:08:41.964,bybit,AEVO/USDT:USDT,0.1117,19502.8,0.1116,139001.9,0.1118,10005.9,0.1119,31191.6
1753600122064,07:08:42.064,bybit,AEVO/USDT:USDT,0.1117,19502.8,0.1116,139001.9,0.1118,10005.9,0.1119,31191.6
1753600122264,07:08:42.264,bybit,AEVO/USDT:USDT,0.1117,19502.8,0.1116,138107.0,0.1118,10005.9,0.1119,31191.6
1753600122364,07:08:42.364,bybit,AEVO/USDT:USDT,0.1117,19502.8,0.1116,138107.0,0.1118,10005.9,0.1119,31191.6
1753600122465,07:08:42.465,bybit,AEVO/USDT:USDT,0.1117,19502.8,0.1116,139001.9,0.1118,10005.9,0.1119,31191.6
1753600122765,07:08:42.765,bybit,AEVO/USDT:USDT,0.1117,19511.9,0.1116,139001.9,0.1118,10005.9,0.1119,31191.6
1753600123165,07:08:43.165,bybit,AEVO/USDT:USDT,0.1117,19511.9,0.1116,139001.9,0.1118,10005.9,0.1119,31191.6
1753600123364,07:08:43.364,bybit,AEVO/USDT:USDT,0.1117,19511.9,0.1116,139001.9,0.1118,10005.9,0.1119,31191.6
1753600123465,07:08:43.465,bybit,AEVO/USDT:USDT,0.1117,26700.2,0.1116,150453.4,0.1118,4773.0,0.1119,24480.2
1753600123564,07:08:43.564,bybit,AEVO/USDT:USDT,0.1117,26700.2,0.1116,149558.5,0.1118,4773.0,0.1119,24480.2
1753600123664,07:08:43.664,bybit,AEVO/USDT:USDT,0.1117,26700.2,0.1116,150396.4,0.1118,4773.0,0.1119,24480.2
1753600123865,07:08:43.865,bybit,AEVO/USDT:USDT,0.1117,26700.2,0.1116,150396.4,0.1118,4773.0,0.1119,24480.2
1753600124064,07:08:44.064,bybit,AEVO/USDT:USDT,0.1117,26700.2,0.1116,150396.4,0.1118,4773.0,0.1119,24480.2
1753600124465,07:08:44.465,bybit,AEVO/USDT:USDT,0.1117,28489.9,0.1116,154423.2,0.1118,4773.0,0.1119,24480.2
1753600124566,07:08:44.566,bybit,AEVO/USDT:USDT,0.1117,26700.2,0.1116,154423.2,0.1118,4773.0,0.1119,24480.2
1753600124665,07:08:44.665,bybit,AEVO/USDT:USDT,0.1117,26700.2,0.1116,154423.2,0.1118,4773.0,0.1119,24480.2
1753600124765,07:08:44.765,bybit,AEVO/USDT:USDT,0.1117,26700.2,0.1116,153528.3,0.1118,4773.0,0.1119,24480.2
1753600124965,07:08:44.965,bybit,AEVO/USDT:USDT,0.1117,26700.2,0.1116,154423.2,0.1118,4773.0,0.1119,24480.2
1753600125065,07:08:45.065,bybit,AEVO/USDT:USDT,0.1117,26700.2,0.1116,154423.2,0.1118,4773.0,0.1119,24480.2
1753600125165,07:08:45.165,bybit,AEVO/USDT:USDT,0.1117,26700.2,0.1116,153528.3,0.1118,4773.0,0.1119,24480.2
1753600125264,07:08:45.264,bybit,AEVO/USDT:USDT,0.1117,26700.2,0.1116,153528.3,0.1118,4773.0,0.1119,24480.2
1753600125364,07:08:45.364,bybit,AEVO/USDT:USDT,0.1117,26700.2,0.1116,153528.3,0.1118,4773.0,0.1119,24480.2
1753600125464,07:08:45.464,bybit,AEVO/USDT:USDT,0.1117,26700.2,0.1116,153528.3,0.1118,4773.0,0.1119,24480.2
1753600125565,07:08:45.565,bybit,AEVO/USDT:USDT,0.1118,4648.6,0.1117,39294.8,0.1119,5322.4,0.112,43830.2
1753600125665,07:08:45.665,bybit,AEVO/USDT:USDT,0.1118,4648.6,0.1117,40212.6,0.1119,5322.4,0.112,43830.2
1753600125765,07:08:45.765,bybit,AEVO/USDT:USDT,0.1118,4648.6,0.1117,39735.7,0.1119,5322.4,0.112,43830.2
1753600125865,07:08:45.865,bybit,AEVO/USDT:USDT,0.1118,4648.6,0.1117,39735.7,0.1119,5322.4,0.112,43830.2
1753600126065,07:08:46.065,bybit,AEVO/USDT:USDT,0.1118,6529.7,0.1117,64450.9,0.1119,2802.2,0.112,43830.2
1753600126167,07:08:46.167,bybit,AEVO/USDT:USDT,0.1118,6529.7,0.1117,64450.9,0.1119,2325.3,0.112,43830.2
1753600126265,07:08:46.265,bybit,AEVO/USDT:USDT,0.1118,6529.7,0.1117,64585.1,0.1119,2325.3,0.112,43830.2
1753600126365,07:08:46.365,bybit,AEVO/USDT:USDT,0.1118,6529.7,0.1117,64585.1,0.1119,3995.4,0.112,43830.2
1753600126565,07:08:46.565,bybit,AEVO/USDT:USDT,0.1118,8765.0,0.1117,62348.2,0.1119,3518.5,0.112,43830.2
1753600126664,07:08:46.664,bybit,AEVO/USDT:USDT,0.1118,8765.0,0.1117,62348.2,0.1119,3518.5,0.112,43830.2
1753600126764,07:08:46.764,bybit,AEVO/USDT:USDT,0.1118,8765.0,0.1117,62348.2,0.1119,3518.5,0.112,43830.2
1753600127065,07:08:47.065,bybit,AEVO/USDT:USDT,0.1118,8673.6,0.1117,62348.2,0.1119,3518.5,0.112,43830.2
1753600127165,07:08:47.165,bybit,AEVO/USDT:USDT,0.1118,8673.6,0.1117,62348.2,0.1119,3518.5,0.112,43830.2
1753600127264,07:08:47.264,bybit,AEVO/USDT:USDT,0.1118,8673.6,0.1117,62348.2,0.1119,3518.5,0.112,43830.2
1753600127364,07:08:47.364,bybit,AEVO/USDT:USDT,0.1118,8673.6,0.1117,62348.2,0.1119,3518.5,0.112,43830.2
1753600127464,07:08:47.464,bybit,AEVO/USDT:USDT,0.1118,8673.6,0.1117,62348.2,0.1119,3518.5,0.112,43830.2
1753600127565,07:08:47.565,bybit,AEVO/USDT:USDT,0.1118,8673.6,0.1117,62348.2,0.1119,3518.5,0.112,43830.2
1753600128064,07:08:48.064,bybit,AEVO/USDT:USDT,0.1118,8673.6,0.1117,62348.2,0.1119,3995.4,0.112,43830.2
1753600128265,07:08:48.265,bybit,AEVO/USDT:USDT,0.1118,8673.6,0.1117,56066.4,0.1119,4472.3,0.112,43830.2
1753600128364,07:08:48.364,bybit,AEVO/USDT:USDT,0.1118,8673.6,0.1117,56066.4,0.1119,4472.3,0.112,43830.2
1753600129165,07:08:49.165,bybit,AEVO/USDT:USDT,0.1118,8673.6,0.1117,56066.4,0.1119,4472.3,0.112,43830.2
1753600129365,07:08:49.365,bybit,AEVO/USDT:USDT,0.1118,8673.6,0.1117,56066.4,0.1119,4472.3,0.112,43830.2
1753600129464,07:08:49.464,bybit,AEVO/USDT:USDT,0.1118,8673.6,0.1117,56066.4,0.1119,4472.3,0.112,43830.2
1753600129665,07:08:49.665,bybit,AEVO/USDT:USDT,0.1118,8673.6,0.1117,56066.4,0.1119,3995.4,0.112,43830.2
1753600129767,07:08:49.767,bybit,AEVO/USDT:USDT,0.1118,8673.6,0.1117,56066.4,0.1119,4472.3,0.112,43830.2
