timestamp,time,exchange,symbol,bid1_price,bid1_volume,bid2_price,bid2_volume,ask1_price,ask1_volume,ask2_price,ask2_volume
1753599993666,07:06:33.666,bitmex,ADA/USDT:USDT,0.8272,8000.0,0.8271,14000.0,0.8277,8000.0,0.8279,57000.0
1753599993826,07:06:33.826,bitmex,ADA/USDT:USDT,0.8272,8000.0,0.8271,14000.0,0.8277,8000.0,0.8279,57000.0
1753599993875,07:06:33.875,bitmex,ADA/USDT:USDT,0.8272,8000.0,0.8271,14000.0,0.8277,8000.0,0.8279,57000.0
1753599993952,07:06:33.952,bitmex,ADA/USDT:USDT,0.8272,8000.0,0.8271,14000.0,0.8277,8000.0,0.8279,57000.0
1753599995374,07:06:35.374,bitmex,ADA/USDT:USDT,0.8272,8000.0,0.8271,14000.0,0.8277,8000.0,0.8279,57000.0
1753599996531,07:06:36.531,bitmex,ADA/USDT:USDT,0.8272,8000.0,0.8271,14000.0,0.8277,8000.0,0.8279,57000.0
1753599996580,07:06:36.580,bitmex,ADA/USDT:USDT,0.8273,8000.0,0.8272,14000.0,0.8278,8000.0,0.8279,57000.0
1753599996629,07:06:36.629,bitmex,ADA/USDT:USDT,0.8273,8000.0,0.8272,14000.0,0.8278,8000.0,0.8279,8000.0
1753599996678,07:06:36.678,bitmex,ADA/USDT:USDT,0.8273,8000.0,0.8272,14000.0,0.8278,8000.0,0.8279,8000.0
1753599996727,07:06:36.727,bitmex,ADA/USDT:USDT,0.8273,8000.0,0.8272,14000.0,0.8279,8000.0,0.828,57000.0
1753599996776,07:06:36.776,bitmex,ADA/USDT:USDT,0.8273,8000.0,0.8272,14000.0,0.8279,8000.0,0.828,57000.0
1753599996825,07:06:36.825,bitmex,ADA/USDT:USDT,0.8273,8000.0,0.8272,14000.0,0.8279,8000.0,0.828,57000.0
1753599996948,07:06:36.948,bitmex,ADA/USDT:USDT,0.8273,8000.0,0.8272,14000.0,0.8279,8000.0,0.828,57000.0
1753599996998,07:06:36.998,bitmex,ADA/USDT:USDT,0.8273,8000.0,0.8272,14000.0,0.8279,8000.0,0.828,57000.0
1753599997121,07:06:37.121,bitmex,ADA/USDT:USDT,0.8273,8000.0,0.8272,14000.0,0.8279,8000.0,0.828,57000.0
1753599997170,07:06:37.170,bitmex,ADA/USDT:USDT,0.8273,8000.0,0.8272,14000.0,0.8279,8000.0,0.828,57000.0
1753599997250,07:06:37.250,bitmex,ADA/USDT:USDT,0.8273,8000.0,0.8272,14000.0,0.8279,8000.0,0.828,57000.0
1753599997300,07:06:37.300,bitmex,ADA/USDT:USDT,0.8273,8000.0,0.8272,14000.0,0.8279,8000.0,0.828,57000.0
1753599997459,07:06:37.459,bitmex,ADA/USDT:USDT,0.8273,8000.0,0.8272,14000.0,0.8279,8000.0,0.828,57000.0
1753599998454,07:06:38.454,bitmex,ADA/USDT:USDT,0.8273,8000.0,0.8272,14000.0,0.8279,8000.0,0.828,57000.0
1753599998746,07:06:38.746,bitmex,ADA/USDT:USDT,0.8273,8000.0,0.8272,14000.0,0.8279,8000.0,0.828,57000.0
1753599998826,07:06:38.826,bitmex,ADA/USDT:USDT,0.8273,8000.0,0.8272,8000.0,0.8279,8000.0,0.828,57000.0
1753599998875,07:06:38.875,bitmex,ADA/USDT:USDT,0.8272,8000.0,0.8271,14000.0,0.8279,8000.0,0.828,57000.0
1753599999009,07:06:39.009,bitmex,ADA/USDT:USDT,0.8272,14000.0,0.8271,8000.0,0.8279,8000.0,0.828,57000.0
1753599999058,07:06:39.058,bitmex,ADA/USDT:USDT,0.8273,8000.0,0.8272,14000.0,0.8279,8000.0,0.828,57000.0
1753600000158,07:06:40.158,bitmex,ADA/USDT:USDT,0.8273,8000.0,0.8272,14000.0,0.8279,8000.0,0.828,57000.0
1753600000207,07:06:40.207,bitmex,ADA/USDT:USDT,0.8273,8000.0,0.8272,14000.0,0.8279,8000.0,0.828,57000.0
1753600000433,07:06:40.433,bitmex,ADA/USDT:USDT,0.8273,8000.0,0.8272,14000.0,0.8279,8000.0,0.828,57000.0
1753600000495,07:06:40.495,bitmex,ADA/USDT:USDT,0.8273,8000.0,0.8272,14000.0,0.8279,8000.0,0.828,57000.0
1753600000570,07:06:40.570,bitmex,ADA/USDT:USDT,0.8274,8000.0,0.8273,14000.0,0.8279,8000.0,0.828,57000.0
1753600000623,07:06:40.623,bitmex,ADA/USDT:USDT,0.8274,8000.0,0.8273,14000.0,0.8279,8000.0,0.828,57000.0
1753600000672,07:06:40.672,bitmex,ADA/USDT:USDT,0.8273,8000.0,0.8272,9000.0,0.8279,8000.0,0.828,57000.0
1753600000722,07:06:40.722,bitmex,ADA/USDT:USDT,0.8273,8000.0,0.8272,9000.0,0.8279,8000.0,0.828,57000.0
1753600000772,07:06:40.772,bitmex,ADA/USDT:USDT,0.8273,8000.0,0.8272,9000.0,0.8279,8000.0,0.828,57000.0
1753600000821,07:06:40.821,bitmex,ADA/USDT:USDT,0.8273,8000.0,0.8272,9000.0,0.8279,8000.0,0.828,57000.0
1753600000870,07:06:40.870,bitmex,ADA/USDT:USDT,0.8273,8000.0,0.8272,9000.0,0.8279,8000.0,0.828,57000.0
1753600000919,07:06:40.919,bitmex,ADA/USDT:USDT,0.8275,8000.0,0.8274,14000.0,0.8279,8000.0,0.828,57000.0
1753600000968,07:06:40.968,bitmex,ADA/USDT:USDT,0.8275,8000.0,0.8274,14000.0,0.828,8000.0,0.8281,57000.0
1753600001017,07:06:41.017,bitmex,ADA/USDT:USDT,0.8275,8000.0,0.8274,8000.0,0.828,8000.0,0.8281,57000.0
1753600001069,07:06:41.069,bitmex,ADA/USDT:USDT,0.8274,8000.0,0.8273,14000.0,0.828,8000.0,0.8281,57000.0
1753600001118,07:06:41.118,bitmex,ADA/USDT:USDT,0.8274,8000.0,0.8273,14000.0,0.828,8000.0,0.8281,57000.0
1753600001210,07:06:41.210,bitmex,ADA/USDT:USDT,0.8274,8000.0,0.8273,14000.0,0.828,8000.0,0.8281,57000.0
1753600001260,07:06:41.260,bitmex,ADA/USDT:USDT,0.8274,8000.0,0.8273,14000.0,0.828,8000.0,0.8281,57000.0
1753600001309,07:06:41.309,bitmex,ADA/USDT:USDT,0.8274,8000.0,0.8273,14000.0,0.828,8000.0,0.8281,57000.0
1753600001358,07:06:41.358,bitmex,ADA/USDT:USDT,0.8274,8000.0,0.8273,14000.0,0.828,8000.0,0.8281,57000.0
1753600001495,07:06:41.495,bitmex,ADA/USDT:USDT,0.8274,8000.0,0.8273,14000.0,0.828,8000.0,0.8281,57000.0
1753600001545,07:06:41.545,bitmex,ADA/USDT:USDT,0.8274,8000.0,0.8273,14000.0,0.828,8000.0,0.8281,57000.0
1753600001604,07:06:41.604,bitmex,ADA/USDT:USDT,0.8274,8000.0,0.8273,14000.0,0.828,8000.0,0.8281,57000.0
1753600001653,07:06:41.653,bitmex,ADA/USDT:USDT,0.8274,8000.0,0.8273,14000.0,0.828,8000.0,0.8281,57000.0
1753600001748,07:06:41.748,bitmex,ADA/USDT:USDT,0.8274,8000.0,0.8273,14000.0,0.828,8000.0,0.8281,57000.0
1753600001797,07:06:41.797,bitmex,ADA/USDT:USDT,0.8274,8000.0,0.8273,14000.0,0.828,8000.0,0.8281,57000.0
1753600001846,07:06:41.846,bitmex,ADA/USDT:USDT,0.8274,8000.0,0.8273,14000.0,0.828,8000.0,0.8281,57000.0
1753600001994,07:06:41.994,bitmex,ADA/USDT:USDT,0.8274,8000.0,0.8273,14000.0,0.828,8000.0,0.8281,57000.0
1753600002044,07:06:42.044,bitmex,ADA/USDT:USDT,0.8273,8000.0,0.8272,14000.0,0.828,8000.0,0.8281,57000.0
1753600002788,07:06:42.788,bitmex,ADA/USDT:USDT,0.8273,8000.0,0.8272,14000.0,0.828,8000.0,0.8281,57000.0
1753600002904,07:06:42.904,bitmex,ADA/USDT:USDT,0.8273,14000.0,0.8272,8000.0,0.828,8000.0,0.8281,57000.0
1753600002954,07:06:42.954,bitmex,ADA/USDT:USDT,0.8274,8000.0,0.8273,14000.0,0.828,8000.0,0.8281,57000.0
1753600003013,07:06:43.013,bitmex,ADA/USDT:USDT,0.8274,8000.0,0.8273,8000.0,0.828,8000.0,0.8281,57000.0
1753600003066,07:06:43.066,bitmex,ADA/USDT:USDT,0.8273,8000.0,0.8272,14000.0,0.828,8000.0,0.8281,57000.0
1753600003116,07:06:43.116,bitmex,ADA/USDT:USDT,0.8274,8000.0,0.8273,8000.0,0.828,8000.0,0.8281,57000.0
1753600003243,07:06:43.243,bitmex,ADA/USDT:USDT,0.8273,8000.0,0.8272,14000.0,0.828,8000.0,0.8281,57000.0
1753600003293,07:06:43.293,bitmex,ADA/USDT:USDT,0.8274,8000.0,0.8273,14000.0,0.828,8000.0,0.8281,57000.0
1753600003342,07:06:43.342,bitmex,ADA/USDT:USDT,0.8274,8000.0,0.8273,14000.0,0.828,8000.0,0.8281,57000.0
1753600003539,07:06:43.539,bitmex,ADA/USDT:USDT,0.8274,8000.0,0.8273,14000.0,0.828,8000.0,0.8281,57000.0
1753600003843,07:06:43.843,bitmex,ADA/USDT:USDT,0.8274,8000.0,0.8273,14000.0,0.828,8000.0,0.8281,57000.0
1753600003892,07:06:43.892,bitmex,ADA/USDT:USDT,0.8274,8000.0,0.8273,14000.0,0.828,8000.0,0.8281,57000.0
1753600004151,07:06:44.151,bitmex,ADA/USDT:USDT,0.8274,8000.0,0.8273,14000.0,0.828,8000.0,0.8281,57000.0
1753600004410,07:06:44.410,bitmex,ADA/USDT:USDT,0.8274,8000.0,0.8273,14000.0,0.828,8000.0,0.8281,57000.0
1753600004524,07:06:44.524,bitmex,ADA/USDT:USDT,0.8274,8000.0,0.8273,14000.0,0.828,8000.0,0.8281,57000.0
1753600004957,07:06:44.957,bitmex,ADA/USDT:USDT,0.8274,8000.0,0.8273,14000.0,0.828,8000.0,0.8281,57000.0
1753600005056,07:06:45.056,bitmex,ADA/USDT:USDT,0.8274,8000.0,0.8273,14000.0,0.828,8000.0,0.8281,57000.0
1753600005116,07:06:45.116,bitmex,ADA/USDT:USDT,0.8274,8000.0,0.8273,14000.0,0.828,8000.0,0.8281,57000.0
1753600005419,07:06:45.419,bitmex,ADA/USDT:USDT,0.8274,8000.0,0.8273,14000.0,0.828,8000.0,0.8281,57000.0
1753600005554,07:06:45.554,bitmex,ADA/USDT:USDT,0.8274,8000.0,0.8273,14000.0,0.828,8000.0,0.8281,57000.0
1753600005603,07:06:45.603,bitmex,ADA/USDT:USDT,0.8273,8000.0,0.8272,15000.0,0.828,8000.0,0.8281,57000.0
1753600005652,07:06:45.652,bitmex,ADA/USDT:USDT,0.8273,8000.0,0.8272,8000.0,0.828,8000.0,0.8281,57000.0
1753600005701,07:06:45.701,bitmex,ADA/USDT:USDT,0.8272,8000.0,0.8271,14000.0,0.828,8000.0,0.8281,58000.0
1753600005750,07:06:45.750,bitmex,ADA/USDT:USDT,0.8272,8000.0,0.8271,14000.0,0.828,8000.0,0.8281,58000.0
1753600005812,07:06:45.812,bitmex,ADA/USDT:USDT,0.8272,14000.0,0.8271,8000.0,0.828,8000.0,0.8281,58000.0
1753600005861,07:06:45.861,bitmex,ADA/USDT:USDT,0.8273,8000.0,0.8272,8000.0,0.828,8000.0,0.8281,58000.0
1753600005974,07:06:45.974,bitmex,ADA/USDT:USDT,0.8272,8000.0,0.8271,14000.0,0.828,8000.0,0.8281,58000.0
1753600006146,07:06:46.146,bitmex,ADA/USDT:USDT,0.8272,14000.0,0.8271,8000.0,0.828,8000.0,0.8281,58000.0
1753600006195,07:06:46.195,bitmex,ADA/USDT:USDT,0.8273,8000.0,0.8272,14000.0,0.828,8000.0,0.8281,58000.0
1753600006297,07:06:46.297,bitmex,ADA/USDT:USDT,0.8273,8000.0,0.8272,14000.0,0.828,8000.0,0.8281,58000.0
1753600006347,07:06:46.347,bitmex,ADA/USDT:USDT,0.8273,8000.0,0.8272,14000.0,0.828,8000.0,0.8281,58000.0
1753600006588,07:06:46.588,bitmex,ADA/USDT:USDT,0.8273,8000.0,0.8272,14000.0,0.828,8000.0,0.8281,58000.0
1753600006637,07:06:46.637,bitmex,ADA/USDT:USDT,0.8273,8000.0,0.8272,14000.0,0.828,8000.0,0.8281,58000.0
1753600006907,07:06:46.907,bitmex,ADA/USDT:USDT,0.8272,14000.0,0.8271,14000.0,0.828,8000.0,0.8281,58000.0
1753600006958,07:06:46.958,bitmex,ADA/USDT:USDT,0.8272,8000.0,0.8271,14000.0,0.828,8000.0,0.8281,64000.0
1753600007007,07:06:47.007,bitmex,ADA/USDT:USDT,0.8271,8000.0,0.827,82000.0,0.8279,8000.0,0.828,14000.0
1753600007057,07:06:47.057,bitmex,ADA/USDT:USDT,0.8271,8000.0,0.827,70000.0,0.8279,8000.0,0.828,14000.0
1753600007175,07:06:47.175,bitmex,ADA/USDT:USDT,0.8271,8000.0,0.827,70000.0,0.8279,8000.0,0.828,14000.0
1753600007250,07:06:47.250,bitmex,ADA/USDT:USDT,0.8271,8000.0,0.827,82000.0,0.8279,8000.0,0.828,14000.0
1753600007300,07:06:47.300,bitmex,ADA/USDT:USDT,0.8271,8000.0,0.827,63000.0,0.8278,8000.0,0.8279,9000.0
1753600007349,07:06:47.349,bitmex,ADA/USDT:USDT,0.8271,8000.0,0.827,63000.0,0.8277,8000.0,0.8278,57000.0
1753600007398,07:06:47.398,bitmex,ADA/USDT:USDT,0.8271,8000.0,0.827,63000.0,0.8277,8000.0,0.8278,57000.0
1753600007482,07:06:47.482,bitmex,ADA/USDT:USDT,0.8271,8000.0,0.827,63000.0,0.8277,8000.0,0.8278,57000.0
1753600007531,07:06:47.531,bitmex,ADA/USDT:USDT,0.8271,8000.0,0.827,63000.0,0.8277,8000.0,0.8278,63000.0
1753600007603,07:06:47.603,bitmex,ADA/USDT:USDT,0.827,63000.0,0.8269,6000.0,0.8277,8000.0,0.8278,63000.0
1753600007652,07:06:47.652,bitmex,ADA/USDT:USDT,0.8271,8000.0,0.827,63000.0,0.8276,8000.0,0.8277,8000.0
1753600007701,07:06:47.701,bitmex,ADA/USDT:USDT,0.8271,8000.0,0.827,63000.0,0.8276,8000.0,0.8277,9000.0
1753600007750,07:06:47.750,bitmex,ADA/USDT:USDT,0.8271,8000.0,0.827,63000.0,0.8276,8000.0,0.8277,9000.0
1753600007802,07:06:47.802,bitmex,ADA/USDT:USDT,0.8271,8000.0,0.827,63000.0,0.8276,8000.0,0.8277,14000.0
1753600007851,07:06:47.851,bitmex,ADA/USDT:USDT,0.8271,8000.0,0.827,63000.0,0.8277,8000.0,0.8278,473000.0
1753600007901,07:06:47.901,bitmex,ADA/USDT:USDT,0.8271,8000.0,0.827,63000.0,0.8277,8000.0,0.8278,467000.0
1753600007951,07:06:47.951,bitmex,ADA/USDT:USDT,0.8271,8000.0,0.827,63000.0,0.8277,8000.0,0.8278,467000.0
1753600008000,07:06:48.000,bitmex,ADA/USDT:USDT,0.8271,8000.0,0.827,63000.0,0.8277,8000.0,0.8278,467000.0
1753600008112,07:06:48.112,bitmex,ADA/USDT:USDT,0.8271,8000.0,0.827,63000.0,0.8277,8000.0,0.8278,467000.0
1753600008285,07:06:48.285,bitmex,ADA/USDT:USDT,0.8271,8000.0,0.827,63000.0,0.8277,8000.0,0.8278,467000.0
1753600008374,07:06:48.374,bitmex,ADA/USDT:USDT,0.8271,8000.0,0.827,63000.0,0.8277,8000.0,0.8278,467000.0
1753600008702,07:06:48.702,bitmex,ADA/USDT:USDT,0.8271,8000.0,0.827,63000.0,0.8277,8000.0,0.8278,467000.0
1753600008886,07:06:48.886,bitmex,ADA/USDT:USDT,0.8271,8000.0,0.827,63000.0,0.8277,8000.0,0.8278,467000.0
1753600009852,07:06:49.852,bitmex,ADA/USDT:USDT,0.8271,8000.0,0.827,63000.0,0.8277,8000.0,0.8278,467000.0
1753600010033,07:06:50.033,bitmex,ADA/USDT:USDT,0.8271,8000.0,0.827,63000.0,0.8277,8000.0,0.8278,467000.0
1753600010354,07:06:50.354,bitmex,ADA/USDT:USDT,0.8271,8000.0,0.827,63000.0,0.8277,8000.0,0.8278,467000.0
1753600010696,07:06:50.696,bitmex,ADA/USDT:USDT,0.8271,8000.0,0.827,63000.0,0.8277,8000.0,0.8278,467000.0
1753600011002,07:06:51.002,bitmex,ADA/USDT:USDT,0.8271,8000.0,0.827,63000.0,0.8277,8000.0,0.8278,467000.0
1753600011096,07:06:51.096,bitmex,ADA/USDT:USDT,0.8271,8000.0,0.827,63000.0,0.8277,8000.0,0.8278,467000.0
1753600011145,07:06:51.145,bitmex,ADA/USDT:USDT,0.8271,8000.0,0.827,63000.0,0.8277,8000.0,0.8278,467000.0
1753600011359,07:06:51.359,bitmex,ADA/USDT:USDT,0.8271,8000.0,0.827,63000.0,0.8277,8000.0,0.8278,467000.0
1753600012002,07:06:52.002,bitmex,ADA/USDT:USDT,0.8271,8000.0,0.827,63000.0,0.8277,8000.0,0.8278,467000.0
1753600012051,07:06:52.051,bitmex,ADA/USDT:USDT,0.8271,8000.0,0.827,63000.0,0.8277,8000.0,0.8278,467000.0
1753600012976,07:06:52.976,bitmex,ADA/USDT:USDT,0.8271,8000.0,0.827,63000.0,0.8277,8000.0,0.8278,467000.0
1753600013025,07:06:53.025,bitmex,ADA/USDT:USDT,0.8271,8000.0,0.827,63000.0,0.8277,8000.0,0.8278,467000.0
1753600013240,07:06:53.240,bitmex,ADA/USDT:USDT,0.8271,8000.0,0.827,63000.0,0.8277,8000.0,0.8278,467000.0
1753600013289,07:06:53.289,bitmex,ADA/USDT:USDT,0.8272,8000.0,0.8271,14000.0,0.8277,8000.0,0.8278,467000.0
1753600013338,07:06:53.338,bitmex,ADA/USDT:USDT,0.8272,8000.0,0.8271,14000.0,0.8277,8000.0,0.8278,467000.0
1753600013387,07:06:53.387,bitmex,ADA/USDT:USDT,0.8272,8000.0,0.8271,14000.0,0.8277,8000.0,0.8278,467000.0
1753600013436,07:06:53.436,bitmex,ADA/USDT:USDT,0.8272,8000.0,0.8271,14000.0,0.8277,8000.0,0.8278,57000.0
1753600013485,07:06:53.485,bitmex,ADA/USDT:USDT,0.8272,8000.0,0.8271,14000.0,0.8277,8000.0,0.8278,57000.0
1753600013534,07:06:53.534,bitmex,ADA/USDT:USDT,0.8272,8000.0,0.8271,14000.0,0.8277,8000.0,0.8278,57000.0
1753600014202,07:06:54.202,bitmex,ADA/USDT:USDT,0.8272,8000.0,0.8271,14000.0,0.8277,8000.0,0.8278,57000.0
1753600014251,07:06:54.251,bitmex,ADA/USDT:USDT,0.8272,8000.0,0.8271,14000.0,0.8277,8000.0,0.8278,57000.0
1753600014328,07:06:54.328,bitmex,ADA/USDT:USDT,0.8272,8000.0,0.8271,14000.0,0.8277,8000.0,0.8278,57000.0
1753600014378,07:06:54.378,bitmex,ADA/USDT:USDT,0.8272,8000.0,0.8271,14000.0,0.8277,8000.0,0.8278,57000.0
1753600014427,07:06:54.427,bitmex,ADA/USDT:USDT,0.8272,8000.0,0.8271,14000.0,0.8277,8000.0,0.8278,57000.0
1753600014476,07:06:54.476,bitmex,ADA/USDT:USDT,0.8272,8000.0,0.8271,14000.0,0.8277,8000.0,0.8278,57000.0
1753600014525,07:06:54.525,bitmex,ADA/USDT:USDT,0.8272,8000.0,0.8271,14000.0,0.8277,8000.0,0.8278,57000.0
1753600014574,07:06:54.574,bitmex,ADA/USDT:USDT,0.8273,8000.0,0.8272,14000.0,0.8278,57000.0,0.8279,8000.0
1753600014623,07:06:54.623,bitmex,ADA/USDT:USDT,0.8273,8000.0,0.8272,14000.0,0.8277,8000.0,0.8278,57000.0
1753600014672,07:06:54.672,bitmex,ADA/USDT:USDT,0.8273,8000.0,0.8272,14000.0,0.8277,8000.0,0.8278,57000.0
1753600014721,07:06:54.721,bitmex,ADA/USDT:USDT,0.8273,8000.0,0.8272,14000.0,0.8277,8000.0,0.8278,57000.0
1753600014770,07:06:54.770,bitmex,ADA/USDT:USDT,0.8273,8000.0,0.8272,14000.0,0.8277,8000.0,0.8278,57000.0
1753600014825,07:06:54.825,bitmex,ADA/USDT:USDT,0.8273,8000.0,0.8272,14000.0,0.8277,8000.0,0.8278,57000.0
1753600014990,07:06:54.990,bitmex,ADA/USDT:USDT,0.8273,8000.0,0.8272,14000.0,0.8277,8000.0,0.8278,57000.0
1753600015040,07:06:55.040,bitmex,ADA/USDT:USDT,0.8273,8000.0,0.8272,14000.0,0.8277,8000.0,0.8278,57000.0
1753600015130,07:06:55.130,bitmex,ADA/USDT:USDT,0.8273,8000.0,0.8272,14000.0,0.8277,8000.0,0.8278,57000.0
1753600015179,07:06:55.179,bitmex,ADA/USDT:USDT,0.8273,8000.0,0.8272,14000.0,0.8277,8000.0,0.8278,57000.0
1753600015457,07:06:55.457,bitmex,ADA/USDT:USDT,0.8271,8000.0,0.827,76000.0,0.8277,8000.0,0.8278,57000.0
1753600015507,07:06:55.507,bitmex,ADA/USDT:USDT,0.8271,8000.0,0.827,64000.0,0.8277,8000.0,0.8278,57000.0
1753600015609,07:06:55.609,bitmex,ADA/USDT:USDT,0.8271,8000.0,0.827,63000.0,0.8277,8000.0,0.8278,57000.0
1753600015658,07:06:55.658,bitmex,ADA/USDT:USDT,0.827,63000.0,0.8269,20000.0,0.8277,8000.0,0.8278,57000.0
1753600015707,07:06:55.707,bitmex,ADA/USDT:USDT,0.8271,8000.0,0.827,63000.0,0.8277,8000.0,0.8278,57000.0
1753600015761,07:06:55.761,bitmex,ADA/USDT:USDT,0.8271,8000.0,0.827,63000.0,0.8277,8000.0,0.8278,63000.0
1753600015810,07:06:55.810,bitmex,ADA/USDT:USDT,0.8271,8000.0,0.827,63000.0,0.8277,8000.0,0.8278,57000.0
1753600015859,07:06:55.859,bitmex,ADA/USDT:USDT,0.8271,8000.0,0.827,63000.0,0.8277,8000.0,0.8278,57000.0
1753600015908,07:06:55.908,bitmex,ADA/USDT:USDT,0.8271,8000.0,0.827,63000.0,0.8277,8000.0,0.8278,57000.0
1753600015957,07:06:55.957,bitmex,ADA/USDT:USDT,0.8271,8000.0,0.827,63000.0,0.8277,8000.0,0.8278,57000.0
1753600016010,07:06:56.010,bitmex,ADA/USDT:USDT,0.8271,8000.0,0.827,63000.0,0.8277,8000.0,0.8278,57000.0
1753600016074,07:06:56.074,bitmex,ADA/USDT:USDT,0.8271,8000.0,0.827,63000.0,0.8277,8000.0,0.8278,57000.0
1753600016851,07:06:56.851,bitmex,ADA/USDT:USDT,0.8271,8000.0,0.827,63000.0,0.8277,8000.0,0.8278,57000.0
1753600016900,07:06:56.900,bitmex,ADA/USDT:USDT,0.8271,8000.0,0.827,63000.0,0.8277,8000.0,0.8278,57000.0
1753600017010,07:06:57.010,bitmex,ADA/USDT:USDT,0.8271,8000.0,0.827,63000.0,0.8277,8000.0,0.8278,57000.0
1753600017297,07:06:57.297,bitmex,ADA/USDT:USDT,0.8271,8000.0,0.827,63000.0,0.8277,8000.0,0.8278,57000.0
1753600017347,07:06:57.347,bitmex,ADA/USDT:USDT,0.8271,8000.0,0.827,63000.0,0.8277,8000.0,0.8278,57000.0
1753600017558,07:06:57.558,bitmex,ADA/USDT:USDT,0.8271,8000.0,0.827,63000.0,0.8277,8000.0,0.8278,57000.0
1753600017715,07:06:57.715,bitmex,ADA/USDT:USDT,0.8271,8000.0,0.827,63000.0,0.8277,8000.0,0.8278,57000.0
1753600017801,07:06:57.801,bitmex,ADA/USDT:USDT,0.8271,8000.0,0.827,63000.0,0.8277,8000.0,0.8278,57000.0
1753600017850,07:06:57.850,bitmex,ADA/USDT:USDT,0.8271,8000.0,0.827,63000.0,0.8277,8000.0,0.8278,57000.0
1753600018156,07:06:58.156,bitmex,ADA/USDT:USDT,0.8271,8000.0,0.827,63000.0,0.8277,8000.0,0.8278,57000.0
1753600018206,07:06:58.206,bitmex,ADA/USDT:USDT,0.8271,8000.0,0.827,63000.0,0.8277,8000.0,0.8278,57000.0
1753600018701,07:06:58.701,bitmex,ADA/USDT:USDT,0.8271,8000.0,0.827,63000.0,0.8277,8000.0,0.8278,57000.0
1753600018751,07:06:58.751,bitmex,ADA/USDT:USDT,0.8271,8000.0,0.827,63000.0,0.8277,8000.0,0.8278,57000.0
1753600019501,07:06:59.501,bitmex,ADA/USDT:USDT,0.8271,8000.0,0.827,63000.0,0.8277,8000.0,0.8278,57000.0
1753600019550,07:06:59.550,bitmex,ADA/USDT:USDT,0.8271,8000.0,0.827,63000.0,0.8277,8000.0,0.8278,57000.0
1753600020061,07:07:00.061,bitmex,ADA/USDT:USDT,0.8271,8000.0,0.827,63000.0,0.8277,8000.0,0.8278,57000.0
1753600020254,07:07:00.254,bitmex,ADA/USDT:USDT,0.8271,8000.0,0.827,63000.0,0.8277,8000.0,0.8278,57000.0
1753600020696,07:07:00.696,bitmex,ADA/USDT:USDT,0.8271,8000.0,0.827,63000.0,0.8277,8000.0,0.8278,57000.0
1753600020746,07:07:00.746,bitmex,ADA/USDT:USDT,0.8271,8000.0,0.827,63000.0,0.8277,8000.0,0.8278,57000.0
1753600021034,07:07:01.034,bitmex,ADA/USDT:USDT,0.8271,8000.0,0.827,63000.0,0.8277,8000.0,0.8278,57000.0
1753600021083,07:07:01.083,bitmex,ADA/USDT:USDT,0.8271,8000.0,0.827,63000.0,0.8277,8000.0,0.8278,57000.0
1753600021274,07:07:01.274,bitmex,ADA/USDT:USDT,0.8271,8000.0,0.827,63000.0,0.8277,8000.0,0.8278,57000.0
1753600021323,07:07:01.323,bitmex,ADA/USDT:USDT,0.8271,8000.0,0.827,63000.0,0.8277,8000.0,0.8278,57000.0
1753600021865,07:07:01.865,bitmex,ADA/USDT:USDT,0.8271,8000.0,0.827,63000.0,0.8277,8000.0,0.8278,57000.0
1753600021915,07:07:01.915,bitmex,ADA/USDT:USDT,0.8271,8000.0,0.827,63000.0,0.8277,8000.0,0.8278,57000.0
1753600022751,07:07:02.751,bitmex,ADA/USDT:USDT,0.8271,8000.0,0.827,63000.0,0.8277,8000.0,0.8278,57000.0
1753600022801,07:07:02.801,bitmex,ADA/USDT:USDT,0.8271,8000.0,0.827,63000.0,0.8277,8000.0,0.8278,57000.0
1753600023754,07:07:03.754,bitmex,ADA/USDT:USDT,0.8271,8000.0,0.827,63000.0,0.8277,8000.0,0.8278,57000.0
1753600023804,07:07:03.804,bitmex,ADA/USDT:USDT,0.8271,8000.0,0.827,63000.0,0.8277,8000.0,0.8278,57000.0
1753600024087,07:07:04.087,bitmex,ADA/USDT:USDT,0.8271,8000.0,0.827,63000.0,0.8277,8000.0,0.8278,57000.0
1753600024207,07:07:04.207,bitmex,ADA/USDT:USDT,0.8271,8000.0,0.827,63000.0,0.8277,8000.0,0.8278,63000.0
1753600024257,07:07:04.257,bitmex,ADA/USDT:USDT,0.8271,8000.0,0.827,63000.0,0.8277,8000.0,0.8278,57000.0
1753600024409,07:07:04.409,bitmex,ADA/USDT:USDT,0.8271,8000.0,0.827,63000.0,0.8277,8000.0,0.8278,63000.0
1753600024458,07:07:04.458,bitmex,ADA/USDT:USDT,0.8271,8000.0,0.827,63000.0,0.8277,8000.0,0.8278,63000.0
1753600024541,07:07:04.541,bitmex,ADA/USDT:USDT,0.8271,8000.0,0.827,63000.0,0.8277,8000.0,0.8278,57000.0
1753600024622,07:07:04.622,bitmex,ADA/USDT:USDT,0.8271,8000.0,0.827,63000.0,0.8277,8000.0,0.8278,57000.0
1753600024671,07:07:04.671,bitmex,ADA/USDT:USDT,0.8271,8000.0,0.827,63000.0,0.8277,8000.0,0.8278,57000.0
1753600024720,07:07:04.720,bitmex,ADA/USDT:USDT,0.8271,8000.0,0.827,63000.0,0.8277,8000.0,0.8278,57000.0
1753600024963,07:07:04.963,bitmex,ADA/USDT:USDT,0.8271,8000.0,0.827,8000.0,0.8277,8000.0,0.8278,57000.0
1753600025012,07:07:05.012,bitmex,ADA/USDT:USDT,0.827,8000.0,0.8269,14000.0,0.8277,8000.0,0.8278,57000.0
1753600025496,07:07:05.496,bitmex,ADA/USDT:USDT,0.827,8000.0,0.8269,14000.0,0.8277,8000.0,0.8278,57000.0
1753600025545,07:07:05.545,bitmex,ADA/USDT:USDT,0.827,8000.0,0.8269,14000.0,0.8277,8000.0,0.8278,57000.0
1753600025594,07:07:05.594,bitmex,ADA/USDT:USDT,0.827,8000.0,0.8269,14000.0,0.8277,8000.0,0.8278,57000.0
1753600026747,07:07:06.747,bitmex,ADA/USDT:USDT,0.827,8000.0,0.8269,14000.0,0.8277,8000.0,0.8278,57000.0
1753600026797,07:07:06.797,bitmex,ADA/USDT:USDT,0.827,8000.0,0.8269,14000.0,0.8277,8000.0,0.8278,57000.0
1753600027403,07:07:07.403,bitmex,ADA/USDT:USDT,0.827,8000.0,0.8269,14000.0,0.8277,8000.0,0.8278,57000.0
1753600027801,07:07:07.801,bitmex,ADA/USDT:USDT,0.827,8000.0,0.8269,14000.0,0.8277,8000.0,0.8278,57000.0
1753600027988,07:07:07.988,bitmex,ADA/USDT:USDT,0.827,8000.0,0.8269,14000.0,0.8277,8000.0,0.8278,57000.0
1753600028079,07:07:08.079,bitmex,ADA/USDT:USDT,0.827,8000.0,0.8269,26000.0,0.8277,8000.0,0.8278,57000.0
1753600028157,07:07:08.157,bitmex,ADA/USDT:USDT,0.827,8000.0,0.8269,14000.0,0.8277,8000.0,0.8278,57000.0
1753600028501,07:07:08.501,bitmex,ADA/USDT:USDT,0.827,8000.0,0.8269,14000.0,0.8277,8000.0,0.8278,57000.0
1753600029102,07:07:09.102,bitmex,ADA/USDT:USDT,0.827,8000.0,0.8269,14000.0,0.8277,8000.0,0.8278,57000.0
1753600029176,07:07:09.176,bitmex,ADA/USDT:USDT,0.827,8000.0,0.8269,14000.0,0.8277,8000.0,0.8278,57000.0
1753600029295,07:07:09.295,bitmex,ADA/USDT:USDT,0.827,8000.0,0.8269,14000.0,0.8277,8000.0,0.8278,58000.0
1753600029522,07:07:09.522,bitmex,ADA/USDT:USDT,0.827,8000.0,0.8269,14000.0,0.8277,8000.0,0.8278,58000.0
1753600029584,07:07:09.584,bitmex,ADA/USDT:USDT,0.827,8000.0,0.8269,14000.0,0.8277,8000.0,0.8278,58000.0
1753600029633,07:07:09.633,bitmex,ADA/USDT:USDT,0.827,8000.0,0.8269,14000.0,0.8277,8000.0,0.8278,58000.0
1753600029928,07:07:09.928,bitmex,ADA/USDT:USDT,0.827,8000.0,0.8269,14000.0,0.8277,8000.0,0.8278,58000.0
1753600029977,07:07:09.977,bitmex,ADA/USDT:USDT,0.827,8000.0,0.8269,14000.0,0.8277,8000.0,0.8278,58000.0
1753600030074,07:07:10.074,bitmex,ADA/USDT:USDT,0.827,8000.0,0.8269,14000.0,0.8277,8000.0,0.8278,58000.0
1753600030296,07:07:10.296,bitmex,ADA/USDT:USDT,0.827,8000.0,0.8269,14000.0,0.8277,8000.0,0.8278,58000.0
1753600030346,07:07:10.346,bitmex,ADA/USDT:USDT,0.827,8000.0,0.8269,14000.0,0.8277,8000.0,0.8278,58000.0
1753600031175,07:07:11.175,bitmex,ADA/USDT:USDT,0.827,8000.0,0.8269,14000.0,0.8277,8000.0,0.8278,58000.0
1753600031224,07:07:11.224,bitmex,ADA/USDT:USDT,0.8271,8000.0,0.827,14000.0,0.8277,8000.0,0.8278,58000.0
1753600031273,07:07:11.273,bitmex,ADA/USDT:USDT,0.8271,8000.0,0.827,14000.0,0.8277,8000.0,0.8278,58000.0
1753600031388,07:07:11.388,bitmex,ADA/USDT:USDT,0.8271,8000.0,0.827,14000.0,0.8277,8000.0,0.8278,58000.0
1753600031437,07:07:11.437,bitmex,ADA/USDT:USDT,0.8271,8000.0,0.827,14000.0,0.8277,8000.0,0.8278,58000.0
1753600031486,07:07:11.486,bitmex,ADA/USDT:USDT,0.8271,8000.0,0.827,14000.0,0.8277,8000.0,0.8278,57000.0
1753600031570,07:07:11.570,bitmex,ADA/USDT:USDT,0.8271,8000.0,0.827,14000.0,0.8277,8000.0,0.8278,57000.0
1753600031619,07:07:11.619,bitmex,ADA/USDT:USDT,0.8271,8000.0,0.827,14000.0,0.8277,8000.0,0.8278,57000.0
1753600031937,07:07:11.937,bitmex,ADA/USDT:USDT,0.8271,8000.0,0.827,14000.0,0.8277,8000.0,0.8278,57000.0
1753600031986,07:07:11.986,bitmex,ADA/USDT:USDT,0.8271,8000.0,0.827,14000.0,0.8277,8000.0,0.8278,57000.0
1753600032467,07:07:12.467,bitmex,ADA/USDT:USDT,0.8271,8000.0,0.827,14000.0,0.8277,8000.0,0.8278,57000.0
1753600032517,07:07:12.517,bitmex,ADA/USDT:USDT,0.8272,8000.0,0.8271,8000.0,0.8277,8000.0,0.8278,57000.0
1753600032632,07:07:12.632,bitmex,ADA/USDT:USDT,0.8271,8000.0,0.827,14000.0,0.8277,8000.0,0.8278,57000.0
1753600032681,07:07:12.681,bitmex,ADA/USDT:USDT,0.8271,8000.0,0.827,14000.0,0.8277,8000.0,0.8278,57000.0
1753600033745,07:07:13.745,bitmex,ADA/USDT:USDT,0.8271,8000.0,0.827,14000.0,0.8277,8000.0,0.8278,57000.0
1753600033799,07:07:13.799,bitmex,ADA/USDT:USDT,0.827,8000.0,0.8269,8000.0,0.8277,8000.0,0.8278,58000.0
1753600033848,07:07:13.848,bitmex,ADA/USDT:USDT,0.8269,8000.0,0.8268,81000.0,0.8277,8000.0,0.8278,58000.0
1753600033897,07:07:13.897,bitmex,ADA/USDT:USDT,0.8269,8000.0,0.8268,81000.0,0.8277,8000.0,0.8278,64000.0
1753600033946,07:07:13.946,bitmex,ADA/USDT:USDT,0.8269,8000.0,0.8268,81000.0,0.8277,8000.0,0.8278,64000.0
1753600034061,07:07:14.061,bitmex,ADA/USDT:USDT,0.8269,8000.0,0.8268,81000.0,0.8277,8000.0,0.8278,64000.0
1753600034110,07:07:14.110,bitmex,ADA/USDT:USDT,0.8269,14000.0,0.8268,75000.0,0.8277,8000.0,0.8278,64000.0
1753600034159,07:07:14.159,bitmex,ADA/USDT:USDT,0.827,8000.0,0.8269,14000.0,0.8277,8000.0,0.8278,64000.0
1753600034362,07:07:14.362,bitmex,ADA/USDT:USDT,0.827,8000.0,0.8269,14000.0,0.8277,8000.0,0.8278,64000.0
1753600034563,07:07:14.563,bitmex,ADA/USDT:USDT,0.8269,8000.0,0.8268,81000.0,0.8276,8000.0,0.8277,14000.0
1753600034668,07:07:14.668,bitmex,ADA/USDT:USDT,0.8269,8000.0,0.8268,81000.0,0.8276,8000.0,0.8277,14000.0
1753600034752,07:07:14.752,bitmex,ADA/USDT:USDT,0.8269,8000.0,0.8268,81000.0,0.8276,8000.0,0.8277,14000.0
1753600034801,07:07:14.801,bitmex,ADA/USDT:USDT,0.8269,8000.0,0.8268,81000.0,0.8277,8000.0,0.8278,64000.0
1753600035096,07:07:15.096,bitmex,ADA/USDT:USDT,0.8269,8000.0,0.8268,81000.0,0.8277,8000.0,0.8278,64000.0
1753600035146,07:07:15.146,bitmex,ADA/USDT:USDT,0.8269,8000.0,0.8268,69000.0,0.8276,8000.0,0.8277,57000.0
1753600035195,07:07:15.195,bitmex,ADA/USDT:USDT,0.8269,8000.0,0.8268,63000.0,0.8276,8000.0,0.8277,57000.0
1753600035277,07:07:15.277,bitmex,ADA/USDT:USDT,0.8269,8000.0,0.8268,63000.0,0.8276,8000.0,0.8277,57000.0
1753600035520,07:07:15.520,bitmex,ADA/USDT:USDT,0.8269,8000.0,0.8268,63000.0,0.8276,8000.0,0.8277,63000.0
1753600035569,07:07:15.569,bitmex,ADA/USDT:USDT,0.8269,8000.0,0.8268,63000.0,0.8276,8000.0,0.8277,63000.0
1753600035619,07:07:15.619,bitmex,ADA/USDT:USDT,0.8269,8000.0,0.8268,63000.0,0.8276,8000.0,0.8277,63000.0
1753600035701,07:07:15.701,bitmex,ADA/USDT:USDT,0.8269,8000.0,0.8268,63000.0,0.8276,8000.0,0.8277,63000.0
1753600035754,07:07:15.754,bitmex,ADA/USDT:USDT,0.8269,8000.0,0.8268,63000.0,0.8276,8000.0,0.8277,63000.0
1753600035804,07:07:15.804,bitmex,ADA/USDT:USDT,0.8269,8000.0,0.8268,63000.0,0.8276,8000.0,0.8277,63000.0
1753600035945,07:07:15.945,bitmex,ADA/USDT:USDT,0.8269,8000.0,0.8268,63000.0,0.8276,8000.0,0.8277,63000.0
1753600036372,07:07:16.372,bitmex,ADA/USDT:USDT,0.8269,8000.0,0.8268,63000.0,0.8276,8000.0,0.8277,63000.0
1753600036473,07:07:16.473,bitmex,ADA/USDT:USDT,0.8269,8000.0,0.8268,63000.0,0.8276,57000.0,0.8277,14000.0
1753600036523,07:07:16.523,bitmex,ADA/USDT:USDT,0.8269,8000.0,0.8268,63000.0,0.8275,8000.0,0.8276,58000.0
1753600036572,07:07:16.572,bitmex,ADA/USDT:USDT,0.8269,8000.0,0.8268,63000.0,0.8275,8000.0,0.8276,58000.0
1753600036654,07:07:16.654,bitmex,ADA/USDT:USDT,0.8269,8000.0,0.8268,63000.0,0.8275,8000.0,0.8276,58000.0
1753600036703,07:07:16.703,bitmex,ADA/USDT:USDT,0.8269,8000.0,0.8268,63000.0,0.8275,8000.0,0.8276,58000.0
1753600037084,07:07:17.084,bitmex,ADA/USDT:USDT,0.8269,8000.0,0.8268,63000.0,0.8275,8000.0,0.8276,58000.0
1753600037134,07:07:17.134,bitmex,ADA/USDT:USDT,0.8269,8000.0,0.8268,63000.0,0.8275,8000.0,0.8276,58000.0
1753600037183,07:07:17.183,bitmex,ADA/USDT:USDT,0.8269,8000.0,0.8268,63000.0,0.8275,8000.0,0.8276,58000.0
1753600037359,07:07:17.359,bitmex,ADA/USDT:USDT,0.8269,8000.0,0.8268,63000.0,0.8275,8000.0,0.8276,58000.0
1753600037488,07:07:17.488,bitmex,ADA/USDT:USDT,0.8268,63000.0,0.8267,8000.0,0.8275,8000.0,0.8276,58000.0
1753600037538,07:07:17.538,bitmex,ADA/USDT:USDT,0.8268,63000.0,0.8267,8000.0,0.8275,8000.0,0.8276,58000.0
1753600037683,07:07:17.683,bitmex,ADA/USDT:USDT,0.8269,8000.0,0.8268,63000.0,0.8275,8000.0,0.8276,58000.0
1753600037732,07:07:17.732,bitmex,ADA/USDT:USDT,0.8269,8000.0,0.8268,63000.0,0.8275,8000.0,0.8276,58000.0
1753600038302,07:07:18.302,bitmex,ADA/USDT:USDT,0.8269,8000.0,0.8268,63000.0,0.8275,8000.0,0.8276,58000.0
1753600038351,07:07:18.351,bitmex,ADA/USDT:USDT,0.8269,8000.0,0.8268,63000.0,0.8275,8000.0,0.8276,58000.0
1753600038801,07:07:18.801,bitmex,ADA/USDT:USDT,0.8269,8000.0,0.8268,63000.0,0.8275,8000.0,0.8276,58000.0
1753600038851,07:07:18.851,bitmex,ADA/USDT:USDT,0.8269,8000.0,0.8268,63000.0,0.8275,8000.0,0.8276,58000.0
1753600039368,07:07:19.368,bitmex,ADA/USDT:USDT,0.8269,8000.0,0.8268,63000.0,0.8275,8000.0,0.8276,58000.0
1753600039417,07:07:19.417,bitmex,ADA/USDT:USDT,0.8269,8000.0,0.8268,63000.0,0.8275,8000.0,0.8276,58000.0
1753600039737,07:07:19.737,bitmex,ADA/USDT:USDT,0.8269,8000.0,0.8268,63000.0,0.8275,8000.0,0.8276,58000.0
1753600039897,07:07:19.897,bitmex,ADA/USDT:USDT,0.8269,8000.0,0.8268,63000.0,0.8275,8000.0,0.8276,58000.0
1753600039947,07:07:19.947,bitmex,ADA/USDT:USDT,0.8269,8000.0,0.8268,63000.0,0.8275,8000.0,0.8276,58000.0
1753600041355,07:07:21.355,bitmex,ADA/USDT:USDT,0.8269,8000.0,0.8268,63000.0,0.8275,8000.0,0.8276,58000.0
1753600041405,07:07:21.405,bitmex,ADA/USDT:USDT,0.8269,8000.0,0.8268,63000.0,0.8275,8000.0,0.8276,58000.0
1753600042978,07:07:22.978,bitmex,ADA/USDT:USDT,0.8268,63000.0,0.8267,8000.0,0.8275,8000.0,0.8276,58000.0
1753600043027,07:07:23.027,bitmex,ADA/USDT:USDT,0.8268,63000.0,0.8267,8000.0,0.8275,8000.0,0.8276,64000.0
1753600043076,07:07:23.076,bitmex,ADA/USDT:USDT,0.8268,63000.0,0.8267,8000.0,0.8275,8000.0,0.8276,64000.0
1753600043125,07:07:23.125,bitmex,ADA/USDT:USDT,0.8269,8000.0,0.8268,63000.0,0.8275,8000.0,0.8276,64000.0
1753600043174,07:07:23.174,bitmex,ADA/USDT:USDT,0.8269,8000.0,0.8268,63000.0,0.8275,8000.0,0.8276,64000.0
1753600043254,07:07:23.254,bitmex,ADA/USDT:USDT,0.8269,8000.0,0.8268,63000.0,0.8275,8000.0,0.8276,64000.0
1753600043304,07:07:23.304,bitmex,ADA/USDT:USDT,0.8269,8000.0,0.8268,63000.0,0.8275,8000.0,0.8276,64000.0
1753600043353,07:07:23.353,bitmex,ADA/USDT:USDT,0.8269,8000.0,0.8268,63000.0,0.8275,8000.0,0.8276,64000.0
1753600043435,07:07:23.435,bitmex,ADA/USDT:USDT,0.8269,8000.0,0.8268,63000.0,0.8275,8000.0,0.8276,64000.0
1753600043484,07:07:23.484,bitmex,ADA/USDT:USDT,0.8269,8000.0,0.8268,63000.0,0.8275,8000.0,0.8276,64000.0
1753600043533,07:07:23.533,bitmex,ADA/USDT:USDT,0.8269,8000.0,0.8268,63000.0,0.8275,8000.0,0.8276,64000.0
1753600043582,07:07:23.582,bitmex,ADA/USDT:USDT,0.8268,63000.0,0.8267,8000.0,0.8275,8000.0,0.8276,64000.0
1753600043631,07:07:23.631,bitmex,ADA/USDT:USDT,0.8268,55000.0,0.8267,8000.0,0.8275,8000.0,0.8276,64000.0
1753600043680,07:07:23.680,bitmex,ADA/USDT:USDT,0.8268,55000.0,0.8267,8000.0,0.8273,8000.0,0.8274,9000.0
1753600043778,07:07:23.778,bitmex,ADA/USDT:USDT,0.8265,8000.0,0.8264,26000.0,0.8273,8000.0,0.8274,15000.0
1753600043827,07:07:23.827,bitmex,ADA/USDT:USDT,0.8265,8000.0,0.8264,26000.0,0.8273,8000.0,0.8274,15000.0
1753600043891,07:07:23.891,bitmex,ADA/USDT:USDT,0.8265,8000.0,0.8264,26000.0,0.8273,8000.0,0.8274,15000.0
1753600044003,07:07:24.003,bitmex,ADA/USDT:USDT,0.8265,8000.0,0.8264,26000.0,0.8273,8000.0,0.8274,15000.0
1753600044101,07:07:24.101,bitmex,ADA/USDT:USDT,0.8265,8000.0,0.8264,26000.0,0.8273,8000.0,0.8274,15000.0
1753600044610,07:07:24.610,bitmex,ADA/USDT:USDT,0.8265,8000.0,0.8264,26000.0,0.8273,8000.0,0.8274,15000.0
1753600044660,07:07:24.660,bitmex,ADA/USDT:USDT,0.8265,8000.0,0.8264,26000.0,0.8273,8000.0,0.8274,15000.0
1753600044717,07:07:24.717,bitmex,ADA/USDT:USDT,0.8265,8000.0,0.8264,26000.0,0.8273,8000.0,0.8274,15000.0
1753600044767,07:07:24.767,bitmex,ADA/USDT:USDT,0.8265,8000.0,0.8264,26000.0,0.8273,8000.0,0.8274,15000.0
1753600044846,07:07:24.846,bitmex,ADA/USDT:USDT,0.8265,8000.0,0.8264,26000.0,0.8273,8000.0,0.8274,15000.0
1753600044896,07:07:24.896,bitmex,ADA/USDT:USDT,0.8265,8000.0,0.8264,26000.0,0.8273,8000.0,0.8274,15000.0
1753600044945,07:07:24.945,bitmex,ADA/USDT:USDT,0.8265,8000.0,0.8264,26000.0,0.8273,8000.0,0.8274,15000.0
1753600044994,07:07:24.994,bitmex,ADA/USDT:USDT,0.8265,8000.0,0.8264,26000.0,0.8273,8000.0,0.8274,15000.0
1753600045128,07:07:25.128,bitmex,ADA/USDT:USDT,0.8265,8000.0,0.8264,26000.0,0.8273,8000.0,0.8274,15000.0
1753600045702,07:07:25.702,bitmex,ADA/USDT:USDT,0.8265,8000.0,0.8264,26000.0,0.8273,8000.0,0.8274,15000.0
1753600045751,07:07:25.751,bitmex,ADA/USDT:USDT,0.8265,8000.0,0.8264,26000.0,0.8273,8000.0,0.8274,15000.0
1753600045935,07:07:25.935,bitmex,ADA/USDT:USDT,0.8265,8000.0,0.8264,26000.0,0.8273,8000.0,0.8274,15000.0
1753600046297,07:07:26.297,bitmex,ADA/USDT:USDT,0.8265,8000.0,0.8264,26000.0,0.8273,8000.0,0.8274,15000.0
1753600046347,07:07:26.347,bitmex,ADA/USDT:USDT,0.8265,8000.0,0.8264,26000.0,0.8273,8000.0,0.8274,15000.0
1753600046551,07:07:26.551,bitmex,ADA/USDT:USDT,0.8265,8000.0,0.8264,26000.0,0.8273,8000.0,0.8274,15000.0
1753600047388,07:07:27.388,bitmex,ADA/USDT:USDT,0.8265,8000.0,0.8264,26000.0,0.8273,8000.0,0.8274,15000.0
1753600047440,07:07:27.440,bitmex,ADA/USDT:USDT,0.8265,8000.0,0.8264,26000.0,0.8273,8000.0,0.8274,15000.0
1753600047489,07:07:27.489,bitmex,ADA/USDT:USDT,0.8265,8000.0,0.8264,14000.0,0.8273,8000.0,0.8274,15000.0
1753600047538,07:07:27.538,bitmex,ADA/USDT:USDT,0.8265,8000.0,0.8264,26000.0,0.8272,8000.0,0.8273,14000.0
1753600047679,07:07:27.679,bitmex,ADA/USDT:USDT,0.8265,8000.0,0.8264,26000.0,0.8272,8000.0,0.8273,14000.0
1753600047729,07:07:27.729,bitmex,ADA/USDT:USDT,0.8265,8000.0,0.8264,26000.0,0.8272,8000.0,0.8273,14000.0
1753600047778,07:07:27.778,bitmex,ADA/USDT:USDT,0.8265,8000.0,0.8264,26000.0,0.8272,9000.0,0.8273,14000.0
1753600047827,07:07:27.827,bitmex,ADA/USDT:USDT,0.8265,8000.0,0.8264,14000.0,0.8271,8000.0,0.8272,9000.0
1753600047890,07:07:27.890,bitmex,ADA/USDT:USDT,0.8265,8000.0,0.8264,8000.0,0.8271,8000.0,0.8272,9000.0
1753600047940,07:07:27.940,bitmex,ADA/USDT:USDT,0.8264,8000.0,0.8263,1741000.0,0.8271,8000.0,0.8272,9000.0
1753600048079,07:07:28.079,bitmex,ADA/USDT:USDT,0.8264,8000.0,0.8263,1741000.0,0.8271,8000.0,0.8272,9000.0
1753600048129,07:07:28.129,bitmex,ADA/USDT:USDT,0.8264,8000.0,0.8263,1741000.0,0.8271,8000.0,0.8272,9000.0
1753600048178,07:07:28.178,bitmex,ADA/USDT:USDT,0.8264,8000.0,0.8263,1741000.0,0.8271,8000.0,0.8272,9000.0
1753600048339,07:07:28.339,bitmex,ADA/USDT:USDT,0.8264,8000.0,0.8263,1741000.0,0.8271,8000.0,0.8272,15000.0
1753600048389,07:07:28.389,bitmex,ADA/USDT:USDT,0.8264,8000.0,0.8263,1741000.0,0.8271,8000.0,0.8272,15000.0
1753600048438,07:07:28.438,bitmex,ADA/USDT:USDT,0.8264,8000.0,0.8263,1741000.0,0.8271,8000.0,0.8272,15000.0
1753600048499,07:07:28.499,bitmex,ADA/USDT:USDT,0.8264,8000.0,0.8263,1741000.0,0.8271,8000.0,0.8272,15000.0
1753600048548,07:07:28.548,bitmex,ADA/USDT:USDT,0.8264,8000.0,0.8263,1741000.0,0.8271,8000.0,0.8272,15000.0
1753600048617,07:07:28.617,bitmex,ADA/USDT:USDT,0.8264,8000.0,0.8263,1741000.0,0.8271,8000.0,0.8272,9000.0
1753600048830,07:07:28.830,bitmex,ADA/USDT:USDT,0.8264,8000.0,0.8263,1741000.0,0.8271,8000.0,0.8272,9000.0
1753600048879,07:07:28.879,bitmex,ADA/USDT:USDT,0.8265,8000.0,0.8264,14000.0,0.8271,8000.0,0.8272,9000.0
1753600049151,07:07:29.151,bitmex,ADA/USDT:USDT,0.8265,8000.0,0.8264,14000.0,0.8271,8000.0,0.8272,9000.0
1753600049201,07:07:29.201,bitmex,ADA/USDT:USDT,0.8265,8000.0,0.8264,14000.0,0.8271,8000.0,0.8272,9000.0
1753600049552,07:07:29.552,bitmex,ADA/USDT:USDT,0.8265,8000.0,0.8264,14000.0,0.8271,8000.0,0.8272,9000.0
1753600049850,07:07:29.850,bitmex,ADA/USDT:USDT,0.8265,8000.0,0.8264,14000.0,0.8271,8000.0,0.8272,9000.0
1753600049953,07:07:29.953,bitmex,ADA/USDT:USDT,0.8265,8000.0,0.8264,14000.0,0.8271,8000.0,0.8272,9000.0
1753600050002,07:07:30.002,bitmex,ADA/USDT:USDT,0.8265,8000.0,0.8264,14000.0,0.8271,8000.0,0.8272,9000.0
1753600050289,07:07:30.289,bitmex,ADA/USDT:USDT,0.8265,8000.0,0.8264,14000.0,0.8271,8000.0,0.8272,9000.0
1753600050339,07:07:30.339,bitmex,ADA/USDT:USDT,0.8266,8000.0,0.8265,14000.0,0.8272,8000.0,0.8273,14000.0
1753600050388,07:07:30.388,bitmex,ADA/USDT:USDT,0.8266,8000.0,0.8265,14000.0,0.8273,8000.0,0.8274,15000.0
1753600050437,07:07:30.437,bitmex,ADA/USDT:USDT,0.8266,8000.0,0.8265,14000.0,0.8273,8000.0,0.8274,15000.0
1753600050632,07:07:30.632,bitmex,ADA/USDT:USDT,0.8266,8000.0,0.8265,14000.0,0.8273,8000.0,0.8274,15000.0
1753600050681,07:07:30.681,bitmex,ADA/USDT:USDT,0.8266,8000.0,0.8265,14000.0,0.8273,8000.0,0.8274,15000.0
1753600050840,07:07:30.840,bitmex,ADA/USDT:USDT,0.8266,8000.0,0.8265,14000.0,0.8273,8000.0,0.8274,15000.0
1753600050889,07:07:30.889,bitmex,ADA/USDT:USDT,0.8266,8000.0,0.8265,14000.0,0.8273,8000.0,0.8274,15000.0
1753600051097,07:07:31.097,bitmex,ADA/USDT:USDT,0.8266,8000.0,0.8265,14000.0,0.8273,8000.0,0.8274,15000.0
1753600051147,07:07:31.147,bitmex,ADA/USDT:USDT,0.8266,8000.0,0.8265,14000.0,0.8273,8000.0,0.8274,15000.0
1753600051251,07:07:31.251,bitmex,ADA/USDT:USDT,0.8266,8000.0,0.8265,14000.0,0.8273,8000.0,0.8274,15000.0
1753600051300,07:07:31.300,bitmex,ADA/USDT:USDT,0.8266,8000.0,0.8265,14000.0,0.8273,8000.0,0.8274,15000.0
1753600051356,07:07:31.356,bitmex,ADA/USDT:USDT,0.8266,8000.0,0.8265,14000.0,0.8273,8000.0,0.8274,15000.0
1753600051405,07:07:31.405,bitmex,ADA/USDT:USDT,0.8266,8000.0,0.8265,14000.0,0.8273,8000.0,0.8274,15000.0
1753600051603,07:07:31.603,bitmex,ADA/USDT:USDT,0.8266,8000.0,0.8265,14000.0,0.8273,8000.0,0.8274,15000.0
1753600051653,07:07:31.653,bitmex,ADA/USDT:USDT,0.8266,8000.0,0.8265,14000.0,0.8273,8000.0,0.8274,15000.0
1753600051898,07:07:31.898,bitmex,ADA/USDT:USDT,0.8266,8000.0,0.8265,14000.0,0.8273,8000.0,0.8274,15000.0
1753600052052,07:07:32.052,bitmex,ADA/USDT:USDT,0.8266,8000.0,0.8265,14000.0,0.8273,8000.0,0.8274,15000.0
1753600052102,07:07:32.102,bitmex,ADA/USDT:USDT,0.8266,8000.0,0.8265,14000.0,0.8273,8000.0,0.8274,15000.0
1753600052534,07:07:32.534,bitmex,ADA/USDT:USDT,0.8266,8000.0,0.8265,8000.0,0.8273,8000.0,0.8274,15000.0
1753600052583,07:07:32.583,bitmex,ADA/USDT:USDT,0.8266,8000.0,0.8265,14000.0,0.8273,8000.0,0.8274,15000.0
1753600053444,07:07:33.444,bitmex,ADA/USDT:USDT,0.8266,8000.0,0.8265,14000.0,0.8273,8000.0,0.8274,15000.0
1753600053494,07:07:33.494,bitmex,ADA/USDT:USDT,0.8266,8000.0,0.8265,14000.0,0.8273,8000.0,0.8274,15000.0
1753600053543,07:07:33.543,bitmex,ADA/USDT:USDT,0.8267,8000.0,0.8266,14000.0,0.8274,8000.0,0.8275,63000.0
1753600053592,07:07:33.592,bitmex,ADA/USDT:USDT,0.8267,8000.0,0.8266,14000.0,0.8274,8000.0,0.8275,63000.0
1753600053641,07:07:33.641,bitmex,ADA/USDT:USDT,0.8268,8000.0,0.8267,14000.0,0.8274,8000.0,0.8275,63000.0
1753600053690,07:07:33.690,bitmex,ADA/USDT:USDT,0.8268,8000.0,0.8267,14000.0,0.8274,8000.0,0.8275,57000.0
1753600054399,07:07:34.399,bitmex,ADA/USDT:USDT,0.8268,8000.0,0.8267,14000.0,0.8274,8000.0,0.8275,57000.0
1753600054448,07:07:34.448,bitmex,ADA/USDT:USDT,0.8268,8000.0,0.8267,14000.0,0.8274,8000.0,0.8275,57000.0
1753600054648,07:07:34.648,bitmex,ADA/USDT:USDT,0.8268,8000.0,0.8267,14000.0,0.8274,8000.0,0.8275,57000.0
1753600054738,07:07:34.738,bitmex,ADA/USDT:USDT,0.8268,8000.0,0.8267,14000.0,0.8274,8000.0,0.8275,57000.0
1753600054788,07:07:34.788,bitmex,ADA/USDT:USDT,0.8268,8000.0,0.8267,14000.0,0.8274,8000.0,0.8275,57000.0
1753600055035,07:07:35.035,bitmex,ADA/USDT:USDT,0.8268,8000.0,0.8267,14000.0,0.8274,8000.0,0.8275,57000.0
1753600055149,07:07:35.149,bitmex,ADA/USDT:USDT,0.8268,8000.0,0.8267,14000.0,0.8274,8000.0,0.8275,57000.0
1753600055199,07:07:35.199,bitmex,ADA/USDT:USDT,0.8268,8000.0,0.8267,14000.0,0.8274,8000.0,0.8275,57000.0
1753600055830,07:07:35.830,bitmex,ADA/USDT:USDT,0.8268,8000.0,0.8267,14000.0,0.8274,8000.0,0.8275,57000.0
1753600055906,07:07:35.906,bitmex,ADA/USDT:USDT,0.8268,8000.0,0.8267,14000.0,0.8274,8000.0,0.8275,57000.0
1753600055956,07:07:35.956,bitmex,ADA/USDT:USDT,0.8268,8000.0,0.8267,14000.0,0.8274,8000.0,0.8275,57000.0
1753600056574,07:07:36.574,bitmex,ADA/USDT:USDT,0.8268,8000.0,0.8267,14000.0,0.8274,8000.0,0.8275,57000.0
1753600056624,07:07:36.624,bitmex,ADA/USDT:USDT,0.8268,8000.0,0.8267,14000.0,0.8274,8000.0,0.8275,57000.0
1753600056810,07:07:36.810,bitmex,ADA/USDT:USDT,0.8268,8000.0,0.8267,14000.0,0.8274,8000.0,0.8275,57000.0
1753600056859,07:07:36.859,bitmex,ADA/USDT:USDT,0.8268,8000.0,0.8267,14000.0,0.8274,8000.0,0.8275,57000.0
1753600057190,07:07:37.190,bitmex,ADA/USDT:USDT,0.8268,8000.0,0.8267,14000.0,0.8274,8000.0,0.8275,57000.0
1753600057240,07:07:37.240,bitmex,ADA/USDT:USDT,0.8269,8000.0,0.8268,14000.0,0.8274,8000.0,0.8275,57000.0
1753600057289,07:07:37.289,bitmex,ADA/USDT:USDT,0.8269,8000.0,0.8268,14000.0,0.8274,8000.0,0.8275,57000.0
1753600057338,07:07:37.338,bitmex,ADA/USDT:USDT,0.8269,8000.0,0.8268,14000.0,0.8274,8000.0,0.8275,57000.0
1753600057387,07:07:37.387,bitmex,ADA/USDT:USDT,0.8269,8000.0,0.8268,14000.0,0.8274,8000.0,0.8275,57000.0
1753600057436,07:07:37.436,bitmex,ADA/USDT:USDT,0.8269,8000.0,0.8268,14000.0,0.8274,8000.0,0.8275,57000.0
1753600058350,07:07:38.350,bitmex,ADA/USDT:USDT,0.8269,8000.0,0.8268,14000.0,0.8274,8000.0,0.8275,57000.0
1753600058399,07:07:38.399,bitmex,ADA/USDT:USDT,0.8269,8000.0,0.8268,14000.0,0.8274,8000.0,0.8275,57000.0
1753600058669,07:07:38.669,bitmex,ADA/USDT:USDT,0.8269,8000.0,0.8268,14000.0,0.8274,8000.0,0.8275,57000.0
1753600058871,07:07:38.871,bitmex,ADA/USDT:USDT,0.8269,8000.0,0.8268,14000.0,0.8274,8000.0,0.8275,57000.0
1753600058920,07:07:38.920,bitmex,ADA/USDT:USDT,0.8269,8000.0,0.8268,14000.0,0.8275,8000.0,0.8276,57000.0
1753600059257,07:07:39.257,bitmex,ADA/USDT:USDT,0.8269,8000.0,0.8268,14000.0,0.8275,8000.0,0.8276,57000.0
1753600059480,07:07:39.480,bitmex,ADA/USDT:USDT,0.8269,8000.0,0.8268,14000.0,0.8275,8000.0,0.8276,57000.0
1753600059530,07:07:39.530,bitmex,ADA/USDT:USDT,0.8269,8000.0,0.8268,14000.0,0.8275,8000.0,0.8276,57000.0
1753600059801,07:07:39.801,bitmex,ADA/USDT:USDT,0.8269,8000.0,0.8268,14000.0,0.8275,8000.0,0.8276,57000.0
1753600059850,07:07:39.850,bitmex,ADA/USDT:USDT,0.8269,8000.0,0.8268,14000.0,0.8275,8000.0,0.8276,57000.0
1753600059911,07:07:39.911,bitmex,ADA/USDT:USDT,0.8269,8000.0,0.8268,8000.0,0.8275,8000.0,0.8276,57000.0
1753600059960,07:07:39.960,bitmex,ADA/USDT:USDT,0.8268,8000.0,0.8267,15000.0,0.8275,8000.0,0.8276,57000.0
1753600060097,07:07:40.097,bitmex,ADA/USDT:USDT,0.8268,8000.0,0.8267,15000.0,0.8275,8000.0,0.8276,57000.0
1753600060147,07:07:40.147,bitmex,ADA/USDT:USDT,0.8268,8000.0,0.8267,15000.0,0.8275,8000.0,0.8276,57000.0
1753600060366,07:07:40.366,bitmex,ADA/USDT:USDT,0.8268,8000.0,0.8267,15000.0,0.8275,8000.0,0.8276,57000.0
1753600060698,07:07:40.698,bitmex,ADA/USDT:USDT,0.8268,8000.0,0.8267,15000.0,0.8275,8000.0,0.8276,57000.0
1753600060747,07:07:40.747,bitmex,ADA/USDT:USDT,0.8268,8000.0,0.8267,15000.0,0.8275,8000.0,0.8276,57000.0
1753600061382,07:07:41.382,bitmex,ADA/USDT:USDT,0.8268,8000.0,0.8267,15000.0,0.8275,8000.0,0.8276,57000.0
1753600061432,07:07:41.432,bitmex,ADA/USDT:USDT,0.8268,8000.0,0.8267,15000.0,0.8275,8000.0,0.8276,57000.0
1753600061863,07:07:41.863,bitmex,ADA/USDT:USDT,0.8268,14000.0,0.8267,9000.0,0.8275,8000.0,0.8276,57000.0
1753600061913,07:07:41.913,bitmex,ADA/USDT:USDT,0.8269,8000.0,0.8268,14000.0,0.8275,8000.0,0.8276,57000.0
1753600062317,07:07:42.317,bitmex,ADA/USDT:USDT,0.8269,8000.0,0.8268,14000.0,0.8275,8000.0,0.8276,57000.0
1753600062554,07:07:42.554,bitmex,ADA/USDT:USDT,0.8269,8000.0,0.8268,14000.0,0.8275,8000.0,0.8276,57000.0
1753600062604,07:07:42.604,bitmex,ADA/USDT:USDT,0.8269,8000.0,0.8268,14000.0,0.8275,8000.0,0.8276,57000.0
1753600063022,07:07:43.022,bitmex,ADA/USDT:USDT,0.8269,8000.0,0.8268,8000.0,0.8275,8000.0,0.8276,57000.0
1753600063071,07:07:43.071,bitmex,ADA/USDT:USDT,0.8268,8000.0,0.8267,27000.0,0.8275,8000.0,0.8276,57000.0
1753600063120,07:07:43.120,bitmex,ADA/USDT:USDT,0.8269,8000.0,0.8268,14000.0,0.8275,8000.0,0.8276,57000.0
1753600064802,07:07:44.802,bitmex,ADA/USDT:USDT,0.8269,8000.0,0.8268,14000.0,0.8275,8000.0,0.8276,57000.0
1753600064851,07:07:44.851,bitmex,ADA/USDT:USDT,0.8269,8000.0,0.8268,14000.0,0.8275,8000.0,0.8276,57000.0
1753600065413,07:07:45.413,bitmex,ADA/USDT:USDT,0.8269,8000.0,0.8268,14000.0,0.8275,8000.0,0.8276,57000.0
1753600065498,07:07:45.498,bitmex,ADA/USDT:USDT,0.8269,8000.0,0.8268,14000.0,0.8275,8000.0,0.8276,57000.0
1753600065548,07:07:45.548,bitmex,ADA/USDT:USDT,0.8269,8000.0,0.8268,14000.0,0.8275,8000.0,0.8276,57000.0
1753600065597,07:07:45.597,bitmex,ADA/USDT:USDT,0.8269,8000.0,0.8268,14000.0,0.8275,8000.0,0.8276,57000.0
1753600065661,07:07:45.661,bitmex,ADA/USDT:USDT,0.8269,8000.0,0.8268,14000.0,0.8275,8000.0,0.8276,57000.0
1753600065714,07:07:45.714,bitmex,ADA/USDT:USDT,0.8269,8000.0,0.8268,14000.0,0.8275,8000.0,0.8276,57000.0
1753600066845,07:07:46.845,bitmex,ADA/USDT:USDT,0.8269,8000.0,0.8268,14000.0,0.8275,8000.0,0.8276,57000.0
1753600066895,07:07:46.895,bitmex,ADA/USDT:USDT,0.8269,8000.0,0.8268,14000.0,0.8275,8000.0,0.8276,57000.0
1753600066944,07:07:46.944,bitmex,ADA/USDT:USDT,0.8269,8000.0,0.8268,14000.0,0.8275,8000.0,0.8276,57000.0
1753600067152,07:07:47.152,bitmex,ADA/USDT:USDT,0.8269,8000.0,0.8268,14000.0,0.8275,8000.0,0.8276,57000.0
1753600067290,07:07:47.290,bitmex,ADA/USDT:USDT,0.8269,8000.0,0.8268,14000.0,0.8275,8000.0,0.8276,57000.0
1753600067339,07:07:47.339,bitmex,ADA/USDT:USDT,0.8269,8000.0,0.8268,14000.0,0.8275,8000.0,0.8276,57000.0
1753600067700,07:07:47.700,bitmex,ADA/USDT:USDT,0.8269,8000.0,0.8268,8000.0,0.8275,8000.0,0.8276,57000.0
1753600067750,07:07:47.750,bitmex,ADA/USDT:USDT,0.8269,8000.0,0.8268,14000.0,0.8275,8000.0,0.8276,57000.0
1753600067814,07:07:47.814,bitmex,ADA/USDT:USDT,0.8269,8000.0,0.8268,8000.0,0.8275,8000.0,0.8276,57000.0
1753600067892,07:07:47.892,bitmex,ADA/USDT:USDT,0.8268,8000.0,0.8267,15000.0,0.8275,8000.0,0.8276,57000.0
1753600067941,07:07:47.941,bitmex,ADA/USDT:USDT,0.8269,8000.0,0.8268,14000.0,0.8275,8000.0,0.8276,57000.0
1753600067990,07:07:47.990,bitmex,ADA/USDT:USDT,0.8269,8000.0,0.8268,8000.0,0.8275,8000.0,0.8276,57000.0
1753600068039,07:07:48.039,bitmex,ADA/USDT:USDT,0.8269,8000.0,0.8268,8000.0,0.8275,8000.0,0.8276,57000.0
1753600068089,07:07:48.089,bitmex,ADA/USDT:USDT,0.8268,8000.0,0.8267,15000.0,0.8275,8000.0,0.8276,57000.0
1753600068368,07:07:48.368,bitmex,ADA/USDT:USDT,0.8268,14000.0,0.8267,9000.0,0.8275,8000.0,0.8276,57000.0
1753600068418,07:07:48.418,bitmex,ADA/USDT:USDT,0.8269,8000.0,0.8268,14000.0,0.8275,8000.0,0.8276,57000.0
1753600068591,07:07:48.591,bitmex,ADA/USDT:USDT,0.8269,8000.0,0.8268,8000.0,0.8275,8000.0,0.8276,57000.0
1753600068641,07:07:48.641,bitmex,ADA/USDT:USDT,0.8269,8000.0,0.8268,14000.0,0.8275,8000.0,0.8276,57000.0
1753600068690,07:07:48.690,bitmex,ADA/USDT:USDT,0.8269,8000.0,0.8268,14000.0,0.8275,8000.0,0.8276,57000.0
1753600068739,07:07:48.739,bitmex,ADA/USDT:USDT,0.8269,8000.0,0.8268,14000.0,0.8275,8000.0,0.8276,57000.0
1753600068974,07:07:48.974,bitmex,ADA/USDT:USDT,0.8269,8000.0,0.8268,8000.0,0.8275,8000.0,0.8276,57000.0
1753600069023,07:07:49.023,bitmex,ADA/USDT:USDT,0.8269,8000.0,0.8268,14000.0,0.8275,8000.0,0.8276,57000.0
1753600069760,07:07:49.760,bitmex,ADA/USDT:USDT,0.8269,8000.0,0.8268,14000.0,0.8275,8000.0,0.8276,57000.0
1753600069809,07:07:49.809,bitmex,ADA/USDT:USDT,0.8268,8000.0,0.8267,15000.0,0.8275,8000.0,0.8276,57000.0
1753600069858,07:07:49.858,bitmex,ADA/USDT:USDT,0.8268,8000.0,0.8267,15000.0,0.8275,8000.0,0.8276,57000.0
1753600070298,07:07:50.298,bitmex,ADA/USDT:USDT,0.8268,8000.0,0.8267,15000.0,0.8275,8000.0,0.8276,57000.0
1753600070348,07:07:50.348,bitmex,ADA/USDT:USDT,0.8268,8000.0,0.8267,15000.0,0.8275,8000.0,0.8276,57000.0
1753600070400,07:07:50.400,bitmex,ADA/USDT:USDT,0.8268,14000.0,0.8267,9000.0,0.8275,8000.0,0.8276,57000.0
1753600070450,07:07:50.450,bitmex,ADA/USDT:USDT,0.8269,8000.0,0.8268,14000.0,0.8275,8000.0,0.8276,57000.0
1753600070628,07:07:50.628,bitmex,ADA/USDT:USDT,0.8269,8000.0,0.8268,14000.0,0.8275,8000.0,0.8276,57000.0
1753600070677,07:07:50.677,bitmex,ADA/USDT:USDT,0.8269,8000.0,0.8268,14000.0,0.8275,8000.0,0.8276,57000.0
1753600071297,07:07:51.297,bitmex,ADA/USDT:USDT,0.8269,8000.0,0.8268,14000.0,0.8275,8000.0,0.8276,57000.0
1753600071346,07:07:51.346,bitmex,ADA/USDT:USDT,0.8269,8000.0,0.8268,14000.0,0.8275,8000.0,0.8276,57000.0
1753600071395,07:07:51.395,bitmex,ADA/USDT:USDT,0.8269,8000.0,0.8268,14000.0,0.8275,8000.0,0.8276,57000.0
1753600071444,07:07:51.444,bitmex,ADA/USDT:USDT,0.8269,8000.0,0.8268,14000.0,0.8275,8000.0,0.8276,57000.0
1753600072350,07:07:52.350,bitmex,ADA/USDT:USDT,0.8269,8000.0,0.8268,14000.0,0.8275,8000.0,0.8276,57000.0
1753600072400,07:07:52.400,bitmex,ADA/USDT:USDT,0.8269,8000.0,0.8268,14000.0,0.8275,8000.0,0.8276,57000.0
1753600073119,07:07:53.119,bitmex,ADA/USDT:USDT,0.8269,8000.0,0.8268,14000.0,0.8275,8000.0,0.8276,57000.0
1753600073169,07:07:53.169,bitmex,ADA/USDT:USDT,0.8269,8000.0,0.8268,14000.0,0.8275,8000.0,0.8276,57000.0
1753600073746,07:07:53.746,bitmex,ADA/USDT:USDT,0.8269,8000.0,0.8268,14000.0,0.8275,8000.0,0.8276,57000.0
1753600073795,07:07:53.795,bitmex,ADA/USDT:USDT,0.8269,8000.0,0.8268,14000.0,0.8275,8000.0,0.8276,57000.0
1753600074081,07:07:54.081,bitmex,ADA/USDT:USDT,0.8269,8000.0,0.8268,14000.0,0.8275,8000.0,0.8276,57000.0
1753600074130,07:07:54.130,bitmex,ADA/USDT:USDT,0.8269,8000.0,0.8268,14000.0,0.8276,8000.0,0.8277,57000.0
1753600074180,07:07:54.180,bitmex,ADA/USDT:USDT,0.8269,8000.0,0.8268,14000.0,0.8276,8000.0,0.8277,57000.0
1753600074524,07:07:54.524,bitmex,ADA/USDT:USDT,0.8269,8000.0,0.8268,14000.0,0.8276,8000.0,0.8277,57000.0
1753600074594,07:07:54.594,bitmex,ADA/USDT:USDT,0.8269,8000.0,0.8268,14000.0,0.8276,8000.0,0.8277,57000.0
1753600074644,07:07:54.644,bitmex,ADA/USDT:USDT,0.8269,8000.0,0.8268,14000.0,0.8276,8000.0,0.8277,57000.0
1753600074839,07:07:54.839,bitmex,ADA/USDT:USDT,0.8269,8000.0,0.8268,14000.0,0.8276,8000.0,0.8277,57000.0
1753600074888,07:07:54.888,bitmex,ADA/USDT:USDT,0.8269,8000.0,0.8268,14000.0,0.8276,8000.0,0.8277,57000.0
1753600075037,07:07:55.037,bitmex,ADA/USDT:USDT,0.8269,8000.0,0.8268,14000.0,0.8276,8000.0,0.8277,57000.0
1753600075087,07:07:55.087,bitmex,ADA/USDT:USDT,0.8269,8000.0,0.8268,14000.0,0.8276,8000.0,0.8277,57000.0
1753600075136,07:07:55.136,bitmex,ADA/USDT:USDT,0.8269,8000.0,0.8268,14000.0,0.8276,8000.0,0.8277,57000.0
1753600075563,07:07:55.563,bitmex,ADA/USDT:USDT,0.8269,8000.0,0.8268,14000.0,0.8276,8000.0,0.8277,57000.0
1753600075613,07:07:55.613,bitmex,ADA/USDT:USDT,0.827,8000.0,0.8269,14000.0,0.8276,8000.0,0.8277,57000.0
1753600075796,07:07:55.796,bitmex,ADA/USDT:USDT,0.827,8000.0,0.8269,14000.0,0.8276,8000.0,0.8277,57000.0
1753600076119,07:07:56.119,bitmex,ADA/USDT:USDT,0.827,8000.0,0.8269,14000.0,0.8276,8000.0,0.8277,57000.0
1753600076383,07:07:56.383,bitmex,ADA/USDT:USDT,0.827,8000.0,0.8269,14000.0,0.8276,8000.0,0.8277,57000.0
1753600076706,07:07:56.706,bitmex,ADA/USDT:USDT,0.827,8000.0,0.8269,14000.0,0.8276,8000.0,0.8277,57000.0
1753600076756,07:07:56.756,bitmex,ADA/USDT:USDT,0.8269,8000.0,0.8268,14000.0,0.8276,8000.0,0.8277,57000.0
1753600076805,07:07:56.805,bitmex,ADA/USDT:USDT,0.8269,8000.0,0.8268,14000.0,0.8276,8000.0,0.8277,63000.0
1753600076976,07:07:56.976,bitmex,ADA/USDT:USDT,0.8269,8000.0,0.8268,14000.0,0.8276,8000.0,0.8277,63000.0
1753600077071,07:07:57.071,bitmex,ADA/USDT:USDT,0.8269,8000.0,0.8268,14000.0,0.8276,8000.0,0.8277,63000.0
1753600077120,07:07:57.120,bitmex,ADA/USDT:USDT,0.8269,8000.0,0.8268,14000.0,0.8276,8000.0,0.8277,63000.0
1753600077846,07:07:57.846,bitmex,ADA/USDT:USDT,0.8269,8000.0,0.8268,14000.0,0.8276,8000.0,0.8277,63000.0
1753600077990,07:07:57.990,bitmex,ADA/USDT:USDT,0.8269,8000.0,0.8268,14000.0,0.8276,8000.0,0.8277,63000.0
1753600079269,07:07:59.269,bitmex,ADA/USDT:USDT,0.8269,8000.0,0.8268,14000.0,0.8276,8000.0,0.8277,63000.0
1753600079319,07:07:59.319,bitmex,ADA/USDT:USDT,0.8269,8000.0,0.8268,14000.0,0.8276,8000.0,0.8277,63000.0
1753600079658,07:07:59.658,bitmex,ADA/USDT:USDT,0.8269,8000.0,0.8268,14000.0,0.8276,8000.0,0.8277,63000.0
1753600079707,07:07:59.707,bitmex,ADA/USDT:USDT,0.8269,8000.0,0.8268,14000.0,0.8276,8000.0,0.8277,63000.0
1753600079898,07:07:59.898,bitmex,ADA/USDT:USDT,0.8269,8000.0,0.8268,14000.0,0.8276,8000.0,0.8277,63000.0
1753600079948,07:07:59.948,bitmex,ADA/USDT:USDT,0.8269,8000.0,0.8268,14000.0,0.8276,8000.0,0.8277,63000.0
1753600080633,07:08:00.633,bitmex,ADA/USDT:USDT,0.8269,8000.0,0.8268,14000.0,0.8276,8000.0,0.8277,63000.0
1753600080925,07:08:00.925,bitmex,ADA/USDT:USDT,0.8269,8000.0,0.8268,14000.0,0.8276,8000.0,0.8277,63000.0
1753600081999,07:08:01.999,bitmex,ADA/USDT:USDT,0.8269,8000.0,0.8268,14000.0,0.8276,8000.0,0.8277,63000.0
1753600082049,07:08:02.049,bitmex,ADA/USDT:USDT,0.8268,8000.0,0.8267,8000.0,0.8275,8000.0,0.8276,9000.0
1753600082099,07:08:02.099,bitmex,ADA/USDT:USDT,0.8267,8000.0,0.8266,20000.0,0.8275,8000.0,0.8276,15000.0
1753600082148,07:08:02.148,bitmex,ADA/USDT:USDT,0.8266,8000.0,0.8265,19000.0,0.8275,8000.0,0.8276,15000.0
1753600082197,07:08:02.197,bitmex,ADA/USDT:USDT,0.8267,8000.0,0.8266,14000.0,0.8275,8000.0,0.8276,15000.0
1753600082246,07:08:02.246,bitmex,ADA/USDT:USDT,0.8267,8000.0,0.8266,14000.0,0.8275,8000.0,0.8276,15000.0
1753600082385,07:08:02.385,bitmex,ADA/USDT:USDT,0.8267,8000.0,0.8266,14000.0,0.8275,8000.0,0.8276,15000.0
1753600082434,07:08:02.434,bitmex,ADA/USDT:USDT,0.8267,8000.0,0.8266,14000.0,0.8275,8000.0,0.8276,15000.0
1753600082504,07:08:02.504,bitmex,ADA/USDT:USDT,0.8267,8000.0,0.8266,14000.0,0.8275,8000.0,0.8276,15000.0
1753600082554,07:08:02.554,bitmex,ADA/USDT:USDT,0.8266,8000.0,0.8265,27000.0,0.8273,8000.0,0.8274,1000.0
1753600082603,07:08:02.603,bitmex,ADA/USDT:USDT,0.8266,8000.0,0.8265,27000.0,0.8273,8000.0,0.8274,1000.0
1753600082653,07:08:02.653,bitmex,ADA/USDT:USDT,0.8266,8000.0,0.8265,27000.0,0.8273,8000.0,0.8274,1000.0
1753600082702,07:08:02.702,bitmex,ADA/USDT:USDT,0.8266,8000.0,0.8265,21000.0,0.8273,8000.0,0.8274,50000.0
1753600082751,07:08:02.751,bitmex,ADA/USDT:USDT,0.8266,8000.0,0.8265,8000.0,0.8273,8000.0,0.8274,50000.0
1753600082800,07:08:02.800,bitmex,ADA/USDT:USDT,0.8266,8000.0,0.8265,8000.0,0.8273,8000.0,0.8274,56000.0
1753600082849,07:08:02.849,bitmex,ADA/USDT:USDT,0.8266,8000.0,0.8265,8000.0,0.8273,8000.0,0.8274,56000.0
1753600082898,07:08:02.898,bitmex,ADA/USDT:USDT,0.8265,8000.0,0.8264,81000.0,0.8273,8000.0,0.8274,56000.0
1753600083011,07:08:03.011,bitmex,ADA/USDT:USDT,0.8265,8000.0,0.8264,81000.0,0.8273,8000.0,0.8274,56000.0
1753600083061,07:08:03.061,bitmex,ADA/USDT:USDT,0.8265,8000.0,0.8264,81000.0,0.8273,8000.0,0.8274,56000.0
1753600083379,07:08:03.379,bitmex,ADA/USDT:USDT,0.8265,8000.0,0.8264,81000.0,0.8273,8000.0,0.8274,56000.0
1753600083429,07:08:03.429,bitmex,ADA/USDT:USDT,0.8265,8000.0,0.8264,81000.0,0.8273,8000.0,0.8274,56000.0
1753600083478,07:08:03.478,bitmex,ADA/USDT:USDT,0.8265,8000.0,0.8264,81000.0,0.8273,8000.0,0.8274,56000.0
1753600083830,07:08:03.830,bitmex,ADA/USDT:USDT,0.8265,8000.0,0.8264,81000.0,0.8273,8000.0,0.8274,56000.0
1753600083985,07:08:03.985,bitmex,ADA/USDT:USDT,0.8265,14000.0,0.8264,75000.0,0.8273,8000.0,0.8274,56000.0
1753600084034,07:08:04.034,bitmex,ADA/USDT:USDT,0.8266,8000.0,0.8265,14000.0,0.8273,8000.0,0.8274,56000.0
1753600084083,07:08:04.083,bitmex,ADA/USDT:USDT,0.8266,8000.0,0.8265,14000.0,0.8273,8000.0,0.8274,56000.0
1753600084155,07:08:04.155,bitmex,ADA/USDT:USDT,0.8266,8000.0,0.8265,14000.0,0.8273,8000.0,0.8274,56000.0
1753600084205,07:08:04.205,bitmex,ADA/USDT:USDT,0.8267,8000.0,0.8266,14000.0,0.8273,8000.0,0.8274,56000.0
1753600084254,07:08:04.254,bitmex,ADA/USDT:USDT,0.8267,8000.0,0.8266,14000.0,0.8273,8000.0,0.8274,56000.0
1753600084341,07:08:04.341,bitmex,ADA/USDT:USDT,0.8267,8000.0,0.8266,8000.0,0.8273,8000.0,0.8274,56000.0
1753600084391,07:08:04.391,bitmex,ADA/USDT:USDT,0.8266,8000.0,0.8265,14000.0,0.8273,8000.0,0.8274,56000.0
1753600084686,07:08:04.686,bitmex,ADA/USDT:USDT,0.8266,8000.0,0.8265,14000.0,0.8273,8000.0,0.8274,56000.0
1753600084735,07:08:04.735,bitmex,ADA/USDT:USDT,0.8266,8000.0,0.8265,14000.0,0.8273,8000.0,0.8274,56000.0
1753600084955,07:08:04.955,bitmex,ADA/USDT:USDT,0.8266,8000.0,0.8265,14000.0,0.8273,8000.0,0.8274,56000.0
1753600085352,07:08:05.352,bitmex,ADA/USDT:USDT,0.8266,8000.0,0.8265,14000.0,0.8273,8000.0,0.8274,56000.0
1753600085402,07:08:05.402,bitmex,ADA/USDT:USDT,0.8266,8000.0,0.8265,14000.0,0.8273,8000.0,0.8274,56000.0
1753600085979,07:08:05.979,bitmex,ADA/USDT:USDT,0.8266,8000.0,0.8265,14000.0,0.8273,8000.0,0.8274,56000.0
1753600086029,07:08:06.029,bitmex,ADA/USDT:USDT,0.8266,8000.0,0.8265,14000.0,0.8273,8000.0,0.8274,56000.0
1753600086078,07:08:06.078,bitmex,ADA/USDT:USDT,0.8267,8000.0,0.8266,14000.0,0.8273,8000.0,0.8274,50000.0
1753600086127,07:08:06.127,bitmex,ADA/USDT:USDT,0.8267,8000.0,0.8266,14000.0,0.8273,8000.0,0.8274,56000.0
1753600086225,07:08:06.225,bitmex,ADA/USDT:USDT,0.8266,8000.0,0.8265,14000.0,0.8273,8000.0,0.8274,50000.0
1753600086274,07:08:06.274,bitmex,ADA/USDT:USDT,0.8266,8000.0,0.8265,14000.0,0.8273,8000.0,0.8274,56000.0
1753600086479,07:08:06.479,bitmex,ADA/USDT:USDT,0.8266,8000.0,0.8265,14000.0,0.8273,8000.0,0.8274,56000.0
1753600086528,07:08:06.528,bitmex,ADA/USDT:USDT,0.8266,8000.0,0.8265,14000.0,0.8273,8000.0,0.8274,56000.0
1753600086766,07:08:06.766,bitmex,ADA/USDT:USDT,0.8266,8000.0,0.8265,14000.0,0.8273,8000.0,0.8274,56000.0
1753600086816,07:08:06.816,bitmex,ADA/USDT:USDT,0.8266,8000.0,0.8265,14000.0,0.8273,8000.0,0.8274,56000.0
1753600087209,07:08:07.209,bitmex,ADA/USDT:USDT,0.8266,14000.0,0.8265,8000.0,0.8273,8000.0,0.8274,56000.0
1753600087259,07:08:07.259,bitmex,ADA/USDT:USDT,0.8267,8000.0,0.8266,14000.0,0.8273,8000.0,0.8274,56000.0
1753600087308,07:08:07.308,bitmex,ADA/USDT:USDT,0.8267,8000.0,0.8266,14000.0,0.8273,8000.0,0.8274,50000.0
1753600087421,07:08:07.421,bitmex,ADA/USDT:USDT,0.8267,8000.0,0.8266,14000.0,0.8273,8000.0,0.8274,50000.0
1753600087851,07:08:07.851,bitmex,ADA/USDT:USDT,0.8267,8000.0,0.8266,14000.0,0.8273,8000.0,0.8274,50000.0
1753600088265,07:08:08.265,bitmex,ADA/USDT:USDT,0.8267,8000.0,0.8266,14000.0,0.8273,8000.0,0.8274,50000.0
1753600088315,07:08:08.315,bitmex,ADA/USDT:USDT,0.8268,8000.0,0.8267,14000.0,0.8273,8000.0,0.8275,63000.0
1753600088364,07:08:08.364,bitmex,ADA/USDT:USDT,0.8268,8000.0,0.8267,14000.0,0.8273,8000.0,0.8275,57000.0
1753600088413,07:08:08.413,bitmex,ADA/USDT:USDT,0.8268,8000.0,0.8267,14000.0,0.8274,8000.0,0.8275,57000.0
1753600088462,07:08:08.462,bitmex,ADA/USDT:USDT,0.8268,8000.0,0.8267,14000.0,0.8274,8000.0,0.8275,57000.0
1753600088609,07:08:08.609,bitmex,ADA/USDT:USDT,0.8269,8000.0,0.8268,14000.0,0.8275,8000.0,0.8276,9000.0
1753600088658,07:08:08.658,bitmex,ADA/USDT:USDT,0.8269,8000.0,0.8268,14000.0,0.8275,8000.0,0.8276,9000.0
1753600088777,07:08:08.777,bitmex,ADA/USDT:USDT,0.8269,8000.0,0.8268,14000.0,0.8275,8000.0,0.8276,9000.0
1753600088971,07:08:08.971,bitmex,ADA/USDT:USDT,0.8269,8000.0,0.8268,14000.0,0.8275,8000.0,0.8276,9000.0
1753600089136,07:08:09.136,bitmex,ADA/USDT:USDT,0.8269,8000.0,0.8268,14000.0,0.8275,8000.0,0.8276,9000.0
1753600089186,07:08:09.186,bitmex,ADA/USDT:USDT,0.8269,8000.0,0.8268,14000.0,0.8275,8000.0,0.8276,9000.0
1753600089430,07:08:09.430,bitmex,ADA/USDT:USDT,0.8269,8000.0,0.8268,14000.0,0.8275,8000.0,0.8276,9000.0
1753600089480,07:08:09.480,bitmex,ADA/USDT:USDT,0.8269,8000.0,0.8268,14000.0,0.8275,8000.0,0.8276,9000.0
1753600089529,07:08:09.529,bitmex,ADA/USDT:USDT,0.8269,8000.0,0.8268,14000.0,0.8275,8000.0,0.8276,9000.0
1753600089599,07:08:09.599,bitmex,ADA/USDT:USDT,0.8269,8000.0,0.8268,14000.0,0.8275,8000.0,0.8276,9000.0
1753600089649,07:08:09.649,bitmex,ADA/USDT:USDT,0.8269,8000.0,0.8268,14000.0,0.8275,8000.0,0.8276,9000.0
1753600090301,07:08:10.301,bitmex,ADA/USDT:USDT,0.8269,8000.0,0.8268,14000.0,0.8275,8000.0,0.8276,9000.0
1753600090351,07:08:10.351,bitmex,ADA/USDT:USDT,0.8269,8000.0,0.8268,14000.0,0.8275,8000.0,0.8276,9000.0
1753600090400,07:08:10.400,bitmex,ADA/USDT:USDT,0.8269,8000.0,0.8268,14000.0,0.8275,8000.0,0.8276,9000.0
1753600090449,07:08:10.449,bitmex,ADA/USDT:USDT,0.8269,8000.0,0.8268,14000.0,0.8276,8000.0,0.8277,57000.0
1753600090498,07:08:10.498,bitmex,ADA/USDT:USDT,0.8269,8000.0,0.8268,14000.0,0.8276,8000.0,0.8277,57000.0
1753600090547,07:08:10.547,bitmex,ADA/USDT:USDT,0.8269,8000.0,0.8268,14000.0,0.8276,8000.0,0.8277,57000.0
1753600090964,07:08:10.964,bitmex,ADA/USDT:USDT,0.8269,8000.0,0.8268,14000.0,0.8276,8000.0,0.8277,57000.0
1753600091013,07:08:11.013,bitmex,ADA/USDT:USDT,0.827,8000.0,0.8269,14000.0,0.8276,8000.0,0.8277,14000.0
1753600091062,07:08:11.062,bitmex,ADA/USDT:USDT,0.827,8000.0,0.8269,14000.0,0.8276,8000.0,0.8277,8000.0
1753600091111,07:08:11.111,bitmex,ADA/USDT:USDT,0.827,8000.0,0.8269,14000.0,0.8276,8000.0,0.8277,8000.0
1753600091160,07:08:11.160,bitmex,ADA/USDT:USDT,0.827,8000.0,0.8269,14000.0,0.8277,8000.0,0.8278,411000.0
1753600091209,07:08:11.209,bitmex,ADA/USDT:USDT,0.827,8000.0,0.8269,14000.0,0.8277,8000.0,0.8278,411000.0
1753600091308,07:08:11.308,bitmex,ADA/USDT:USDT,0.827,8000.0,0.8269,14000.0,0.8277,8000.0,0.8278,417000.0
1753600091834,07:08:11.834,bitmex,ADA/USDT:USDT,0.827,8000.0,0.8269,14000.0,0.8277,8000.0,0.8278,417000.0
1753600091884,07:08:11.884,bitmex,ADA/USDT:USDT,0.827,8000.0,0.8269,14000.0,0.8277,8000.0,0.8278,417000.0
1753600091951,07:08:11.951,bitmex,ADA/USDT:USDT,0.827,8000.0,0.8269,14000.0,0.8277,8000.0,0.8278,417000.0
1753600092001,07:08:12.001,bitmex,ADA/USDT:USDT,0.827,8000.0,0.8269,14000.0,0.8277,8000.0,0.8278,417000.0
1753600092050,07:08:12.050,bitmex,ADA/USDT:USDT,0.827,8000.0,0.8269,8000.0,0.8277,8000.0,0.8278,417000.0
1753600092099,07:08:12.099,bitmex,ADA/USDT:USDT,0.8269,8000.0,0.8268,14000.0,0.8277,8000.0,0.8278,417000.0
1753600092156,07:08:12.156,bitmex,ADA/USDT:USDT,0.8269,8000.0,0.8268,14000.0,0.8277,8000.0,0.8278,417000.0
1753600092220,07:08:12.220,bitmex,ADA/USDT:USDT,0.8269,8000.0,0.8268,14000.0,0.8277,8000.0,0.8278,417000.0
1753600092269,07:08:12.269,bitmex,ADA/USDT:USDT,0.8269,8000.0,0.8268,14000.0,0.8277,8000.0,0.8278,417000.0
1753600092344,07:08:12.344,bitmex,ADA/USDT:USDT,0.8269,8000.0,0.8268,14000.0,0.8277,8000.0,0.8278,417000.0
1753600092394,07:08:12.394,bitmex,ADA/USDT:USDT,0.8268,8000.0,0.8267,27000.0,0.8276,8000.0,0.8277,14000.0
1753600092443,07:08:12.443,bitmex,ADA/USDT:USDT,0.8268,8000.0,0.8267,15000.0,0.8276,8000.0,0.8277,14000.0
1753600092644,07:08:12.644,bitmex,ADA/USDT:USDT,0.8268,8000.0,0.8267,15000.0,0.8276,8000.0,0.8277,14000.0
1753600092693,07:08:12.693,bitmex,ADA/USDT:USDT,0.8268,8000.0,0.8267,15000.0,0.8275,8000.0,0.8276,9000.0
1753600092851,07:08:12.851,bitmex,ADA/USDT:USDT,0.8268,8000.0,0.8267,15000.0,0.8275,8000.0,0.8276,9000.0
1753600093752,07:08:13.752,bitmex,ADA/USDT:USDT,0.8268,8000.0,0.8267,15000.0,0.8275,8000.0,0.8276,9000.0
1753600093801,07:08:13.801,bitmex,ADA/USDT:USDT,0.8268,8000.0,0.8267,15000.0,0.8275,8000.0,0.8276,9000.0
1753600094167,07:08:14.167,bitmex,ADA/USDT:USDT,0.8268,8000.0,0.8267,15000.0,0.8275,8000.0,0.8276,9000.0
1753600094299,07:08:14.299,bitmex,ADA/USDT:USDT,0.8268,8000.0,0.8267,15000.0,0.8275,8000.0,0.8276,9000.0
1753600094349,07:08:14.349,bitmex,ADA/USDT:USDT,0.8268,8000.0,0.8267,15000.0,0.8275,8000.0,0.8276,9000.0
1753600094448,07:08:14.448,bitmex,ADA/USDT:USDT,0.8268,8000.0,0.8267,15000.0,0.8275,8000.0,0.8276,9000.0
1753600094497,07:08:14.497,bitmex,ADA/USDT:USDT,0.8268,8000.0,0.8267,15000.0,0.8275,8000.0,0.8276,9000.0
1753600094844,07:08:14.844,bitmex,ADA/USDT:USDT,0.8268,8000.0,0.8267,15000.0,0.8275,8000.0,0.8276,9000.0
1753600095151,07:08:15.151,bitmex,ADA/USDT:USDT,0.8268,8000.0,0.8267,15000.0,0.8275,8000.0,0.8276,9000.0
1753600095200,07:08:15.200,bitmex,ADA/USDT:USDT,0.8268,8000.0,0.8267,15000.0,0.8275,8000.0,0.8276,9000.0
1753600095873,07:08:15.873,bitmex,ADA/USDT:USDT,0.8268,8000.0,0.8267,15000.0,0.8275,8000.0,0.8276,9000.0
1753600096125,07:08:16.125,bitmex,ADA/USDT:USDT,0.8268,8000.0,0.8267,15000.0,0.8275,8000.0,0.8276,9000.0
1753600096680,07:08:16.680,bitmex,ADA/USDT:USDT,0.8268,8000.0,0.8267,15000.0,0.8275,8000.0,0.8276,9000.0
1753600096729,07:08:16.729,bitmex,ADA/USDT:USDT,0.8268,8000.0,0.8267,14000.0,0.8275,8000.0,0.8276,9000.0
1753600097253,07:08:17.253,bitmex,ADA/USDT:USDT,0.8268,8000.0,0.8267,14000.0,0.8275,8000.0,0.8276,9000.0
1753600097302,07:08:17.302,bitmex,ADA/USDT:USDT,0.8267,8000.0,0.8266,14000.0,0.8275,8000.0,0.8276,15000.0
1753600097351,07:08:17.351,bitmex,ADA/USDT:USDT,0.8266,8000.0,0.8265,82000.0,0.8274,8000.0,0.8275,8000.0
1753600097400,07:08:17.400,bitmex,ADA/USDT:USDT,0.8266,8000.0,0.8265,82000.0,0.8273,8000.0,0.8274,57000.0
1753600097449,07:08:17.449,bitmex,ADA/USDT:USDT,0.8266,8000.0,0.8265,82000.0,0.8273,8000.0,0.8274,57000.0
1753600097498,07:08:17.498,bitmex,ADA/USDT:USDT,0.8267,8000.0,0.8266,14000.0,0.8273,8000.0,0.8274,57000.0
1753600097701,07:08:17.701,bitmex,ADA/USDT:USDT,0.8267,8000.0,0.8266,14000.0,0.8273,8000.0,0.8274,57000.0
1753600098180,07:08:18.180,bitmex,ADA/USDT:USDT,0.8267,8000.0,0.8266,14000.0,0.8273,8000.0,0.8274,57000.0
1753600098290,07:08:18.290,bitmex,ADA/USDT:USDT,0.8267,8000.0,0.8266,14000.0,0.8273,8000.0,0.8274,57000.0
1753600098351,07:08:18.351,bitmex,ADA/USDT:USDT,0.8267,8000.0,0.8266,14000.0,0.8273,8000.0,0.8274,57000.0
1753600098401,07:08:18.401,bitmex,ADA/USDT:USDT,0.8267,8000.0,0.8266,14000.0,0.8273,8000.0,0.8274,57000.0
1753600098458,07:08:18.458,bitmex,ADA/USDT:USDT,0.8267,8000.0,0.8266,14000.0,0.8273,8000.0,0.8274,57000.0
1753600098679,07:08:18.679,bitmex,ADA/USDT:USDT,0.8267,8000.0,0.8266,14000.0,0.8273,8000.0,0.8274,57000.0
1753600098728,07:08:18.728,bitmex,ADA/USDT:USDT,0.8267,8000.0,0.8266,26000.0,0.8273,8000.0,0.8274,57000.0
1753600098777,07:08:18.777,bitmex,ADA/USDT:USDT,0.8268,8000.0,0.8267,14000.0,0.8273,8000.0,0.8274,57000.0
1753600099003,07:08:19.003,bitmex,ADA/USDT:USDT,0.8268,8000.0,0.8267,14000.0,0.8273,8000.0,0.8274,57000.0
1753600099100,07:08:19.100,bitmex,ADA/USDT:USDT,0.8268,8000.0,0.8267,14000.0,0.8273,8000.0,0.8274,57000.0
1753600099149,07:08:19.149,bitmex,ADA/USDT:USDT,0.8268,8000.0,0.8267,14000.0,0.8273,8000.0,0.8274,57000.0
1753600099601,07:08:19.601,bitmex,ADA/USDT:USDT,0.8268,8000.0,0.8267,14000.0,0.8273,8000.0,0.8274,57000.0
1753600099650,07:08:19.650,bitmex,ADA/USDT:USDT,0.8268,8000.0,0.8267,14000.0,0.8273,8000.0,0.8274,57000.0
1753600100250,07:08:20.250,bitmex,ADA/USDT:USDT,0.8268,8000.0,0.8267,14000.0,0.8273,8000.0,0.8274,57000.0
1753600100300,07:08:20.300,bitmex,ADA/USDT:USDT,0.8268,8000.0,0.8267,14000.0,0.8273,8000.0,0.8274,57000.0
1753600100444,07:08:20.444,bitmex,ADA/USDT:USDT,0.8268,8000.0,0.8267,14000.0,0.8273,8000.0,0.8274,57000.0
1753600100493,07:08:20.493,bitmex,ADA/USDT:USDT,0.8268,8000.0,0.8267,14000.0,0.8274,8000.0,0.8275,57000.0
1753600100602,07:08:20.602,bitmex,ADA/USDT:USDT,0.8268,8000.0,0.8267,8000.0,0.8274,8000.0,0.8275,57000.0
1753600100651,07:08:20.651,bitmex,ADA/USDT:USDT,0.8268,8000.0,0.8267,14000.0,0.8274,8000.0,0.8275,57000.0
1753600101678,07:08:21.678,bitmex,ADA/USDT:USDT,0.8268,8000.0,0.8267,14000.0,0.8274,8000.0,0.8275,57000.0
1753600101952,07:08:21.952,bitmex,ADA/USDT:USDT,0.8268,8000.0,0.8267,14000.0,0.8274,8000.0,0.8275,57000.0
1753600102253,07:08:22.253,bitmex,ADA/USDT:USDT,0.8268,8000.0,0.8267,14000.0,0.8274,8000.0,0.8275,57000.0
1753600102470,07:08:22.470,bitmex,ADA/USDT:USDT,0.8268,8000.0,0.8267,14000.0,0.8274,8000.0,0.8275,57000.0
1753600102538,07:08:22.538,bitmex,ADA/USDT:USDT,0.8268,8000.0,0.8267,8000.0,0.8274,8000.0,0.8275,57000.0
1753600102588,07:08:22.588,bitmex,ADA/USDT:USDT,0.8267,8000.0,0.8266,14000.0,0.8274,8000.0,0.8275,57000.0
1753600102653,07:08:22.653,bitmex,ADA/USDT:USDT,0.8267,8000.0,0.8266,14000.0,0.8274,8000.0,0.8275,57000.0
1753600102705,07:08:22.705,bitmex,ADA/USDT:USDT,0.8267,8000.0,0.8266,14000.0,0.8274,8000.0,0.8275,57000.0
1753600102810,07:08:22.810,bitmex,ADA/USDT:USDT,0.8267,8000.0,0.8266,14000.0,0.8274,8000.0,0.8275,57000.0
1753600102878,07:08:22.878,bitmex,ADA/USDT:USDT,0.8267,8000.0,0.8266,14000.0,0.8274,8000.0,0.8275,57000.0
1753600103170,07:08:23.170,bitmex,ADA/USDT:USDT,0.8267,8000.0,0.8266,14000.0,0.8274,8000.0,0.8275,57000.0
1753600103219,07:08:23.219,bitmex,ADA/USDT:USDT,0.8267,8000.0,0.8266,14000.0,0.8274,8000.0,0.8275,57000.0
1753600103824,07:08:23.824,bitmex,ADA/USDT:USDT,0.8267,8000.0,0.8266,14000.0,0.8274,8000.0,0.8275,57000.0
1753600103874,07:08:23.874,bitmex,ADA/USDT:USDT,0.8267,8000.0,0.8266,14000.0,0.8274,8000.0,0.8275,57000.0
1753600103923,07:08:23.923,bitmex,ADA/USDT:USDT,0.8267,8000.0,0.8266,14000.0,0.8274,8000.0,0.8275,57000.0
1753600104096,07:08:24.096,bitmex,ADA/USDT:USDT,0.8267,8000.0,0.8266,14000.0,0.8274,8000.0,0.8275,57000.0
1753600104145,07:08:24.145,bitmex,ADA/USDT:USDT,0.8267,8000.0,0.8266,14000.0,0.8274,8000.0,0.8275,57000.0
1753600104424,07:08:24.424,bitmex,ADA/USDT:USDT,0.8267,8000.0,0.8266,8000.0,0.8274,8000.0,0.8275,57000.0
1753600104474,07:08:24.474,bitmex,ADA/USDT:USDT,0.8266,14000.0,0.8265,75000.0,0.8274,8000.0,0.8275,57000.0
1753600104523,07:08:24.523,bitmex,ADA/USDT:USDT,0.8267,8000.0,0.8266,14000.0,0.8274,8000.0,0.8275,57000.0
1753600104599,07:08:24.599,bitmex,ADA/USDT:USDT,0.8267,8000.0,0.8266,8000.0,0.8274,8000.0,0.8275,57000.0
1753600104649,07:08:24.649,bitmex,ADA/USDT:USDT,0.8266,8000.0,0.8265,81000.0,0.8274,8000.0,0.8275,57000.0
1753600104729,07:08:24.729,bitmex,ADA/USDT:USDT,0.8266,8000.0,0.8265,88000.0,0.8274,8000.0,0.8275,57000.0
1753600104779,07:08:24.779,bitmex,ADA/USDT:USDT,0.8266,8000.0,0.8265,88000.0,0.8274,8000.0,0.8275,57000.0
1753600104828,07:08:24.828,bitmex,ADA/USDT:USDT,0.8266,14000.0,0.8265,82000.0,0.8274,8000.0,0.8275,57000.0
1753600104877,07:08:24.877,bitmex,ADA/USDT:USDT,0.8267,8000.0,0.8266,14000.0,0.8274,8000.0,0.8275,57000.0
1753600105252,07:08:25.252,bitmex,ADA/USDT:USDT,0.8267,8000.0,0.8266,14000.0,0.8274,8000.0,0.8275,57000.0
1753600105430,07:08:25.430,bitmex,ADA/USDT:USDT,0.8267,8000.0,0.8266,14000.0,0.8274,8000.0,0.8275,57000.0
1753600105999,07:08:25.999,bitmex,ADA/USDT:USDT,0.8267,8000.0,0.8266,14000.0,0.8274,8000.0,0.8275,57000.0
1753600106048,07:08:26.048,bitmex,ADA/USDT:USDT,0.8267,8000.0,0.8266,14000.0,0.8274,8000.0,0.8275,57000.0
1753600106102,07:08:26.102,bitmex,ADA/USDT:USDT,0.8267,8000.0,0.8266,14000.0,0.8274,8000.0,0.8275,57000.0
1753600106152,07:08:26.152,bitmex,ADA/USDT:USDT,0.8267,8000.0,0.8266,14000.0,0.8274,8000.0,0.8275,57000.0
1753600106201,07:08:26.201,bitmex,ADA/USDT:USDT,0.8267,8000.0,0.8266,26000.0,0.8274,8000.0,0.8275,57000.0
1753600106250,07:08:26.250,bitmex,ADA/USDT:USDT,0.8267,8000.0,0.8266,14000.0,0.8274,8000.0,0.8275,57000.0
1753600106383,07:08:26.383,bitmex,ADA/USDT:USDT,0.8267,8000.0,0.8266,14000.0,0.8274,8000.0,0.8275,57000.0
1753600106433,07:08:26.433,bitmex,ADA/USDT:USDT,0.8268,8000.0,0.8267,14000.0,0.8274,8000.0,0.8275,57000.0
1753600107100,07:08:27.100,bitmex,ADA/USDT:USDT,0.8268,8000.0,0.8267,14000.0,0.8274,8000.0,0.8275,57000.0
1753600107150,07:08:27.150,bitmex,ADA/USDT:USDT,0.8268,8000.0,0.8267,14000.0,0.8274,8000.0,0.8275,57000.0
1753600107341,07:08:27.341,bitmex,ADA/USDT:USDT,0.8268,8000.0,0.8267,14000.0,0.8274,8000.0,0.8275,57000.0
1753600107390,07:08:27.390,bitmex,ADA/USDT:USDT,0.8268,8000.0,0.8267,14000.0,0.8274,8000.0,0.8275,57000.0
1753600107886,07:08:27.886,bitmex,ADA/USDT:USDT,0.8268,8000.0,0.8267,14000.0,0.8274,8000.0,0.8275,57000.0
1753600107935,07:08:27.935,bitmex,ADA/USDT:USDT,0.8269,8000.0,0.8268,14000.0,0.8274,8000.0,0.8275,57000.0
1753600107984,07:08:27.984,bitmex,ADA/USDT:USDT,0.8269,8000.0,0.8268,14000.0,0.8275,8000.0,0.8276,64000.0
1753600108033,07:08:28.033,bitmex,ADA/USDT:USDT,0.8269,8000.0,0.8268,14000.0,0.8275,8000.0,0.8276,64000.0
1753600108104,07:08:28.104,bitmex,ADA/USDT:USDT,0.8269,8000.0,0.8268,14000.0,0.8275,8000.0,0.8276,64000.0
1753600108153,07:08:28.153,bitmex,ADA/USDT:USDT,0.8269,8000.0,0.8268,14000.0,0.8275,8000.0,0.8276,58000.0
1753600108700,07:08:28.700,bitmex,ADA/USDT:USDT,0.8269,8000.0,0.8268,14000.0,0.8275,8000.0,0.8276,58000.0
1753600108749,07:08:28.749,bitmex,ADA/USDT:USDT,0.8269,8000.0,0.8268,14000.0,0.8275,8000.0,0.8276,58000.0
1753600108806,07:08:28.806,bitmex,ADA/USDT:USDT,0.8269,8000.0,0.8268,14000.0,0.8275,8000.0,0.8276,58000.0
1753600108855,07:08:28.855,bitmex,ADA/USDT:USDT,0.8269,8000.0,0.8268,14000.0,0.8275,8000.0,0.8276,58000.0
1753600108904,07:08:28.904,bitmex,ADA/USDT:USDT,0.8269,8000.0,0.8268,14000.0,0.8275,8000.0,0.8276,58000.0
1753600109016,07:08:29.016,bitmex,ADA/USDT:USDT,0.8269,8000.0,0.8268,14000.0,0.8275,8000.0,0.8276,58000.0
1753600109065,07:08:29.065,bitmex,ADA/USDT:USDT,0.8269,8000.0,0.8268,14000.0,0.8275,8000.0,0.8276,58000.0
1753600109143,07:08:29.143,bitmex,ADA/USDT:USDT,0.8269,8000.0,0.8268,14000.0,0.8275,8000.0,0.8276,58000.0
1753600109199,07:08:29.199,bitmex,ADA/USDT:USDT,0.8269,8000.0,0.8268,14000.0,0.8275,8000.0,0.8276,58000.0
1753600109350,07:08:29.350,bitmex,ADA/USDT:USDT,0.8269,8000.0,0.8268,14000.0,0.8275,8000.0,0.8276,58000.0
1753600109399,07:08:29.399,bitmex,ADA/USDT:USDT,0.8269,8000.0,0.8268,14000.0,0.8275,8000.0,0.8276,58000.0
1753600109449,07:08:29.449,bitmex,ADA/USDT:USDT,0.8269,8000.0,0.8268,14000.0,0.8275,8000.0,0.8276,58000.0
1753600109498,07:08:29.498,bitmex,ADA/USDT:USDT,0.8269,8000.0,0.8268,14000.0,0.8275,8000.0,0.8276,58000.0
1753600109796,07:08:29.796,bitmex,ADA/USDT:USDT,0.8269,8000.0,0.8268,14000.0,0.8275,8000.0,0.8276,58000.0
1753600110271,07:08:30.271,bitmex,ADA/USDT:USDT,0.8269,8000.0,0.8268,14000.0,0.8275,8000.0,0.8276,58000.0
1753600110383,07:08:30.383,bitmex,ADA/USDT:USDT,0.8269,8000.0,0.8268,14000.0,0.8275,8000.0,0.8276,58000.0
1753600110432,07:08:30.432,bitmex,ADA/USDT:USDT,0.8269,8000.0,0.8268,14000.0,0.8275,8000.0,0.8276,58000.0
1753600110572,07:08:30.572,bitmex,ADA/USDT:USDT,0.8269,8000.0,0.8268,8000.0,0.8275,8000.0,0.8276,58000.0
1753600110622,07:08:30.622,bitmex,ADA/USDT:USDT,0.8268,8000.0,0.8267,14000.0,0.8275,8000.0,0.8276,58000.0
1753600110671,07:08:30.671,bitmex,ADA/USDT:USDT,0.8268,8000.0,0.8267,14000.0,0.8275,8000.0,0.8276,58000.0
1753600111049,07:08:31.049,bitmex,ADA/USDT:USDT,0.8268,8000.0,0.8267,14000.0,0.8275,8000.0,0.8276,58000.0
1753600111098,07:08:31.098,bitmex,ADA/USDT:USDT,0.8268,8000.0,0.8267,14000.0,0.8275,8000.0,0.8276,58000.0
1753600111427,07:08:31.427,bitmex,ADA/USDT:USDT,0.8268,8000.0,0.8267,14000.0,0.8275,8000.0,0.8276,58000.0
1753600111477,07:08:31.477,bitmex,ADA/USDT:USDT,0.8267,8000.0,0.8266,15000.0,0.8275,8000.0,0.8276,64000.0
1753600111526,07:08:31.526,bitmex,ADA/USDT:USDT,0.8267,8000.0,0.8266,14000.0,0.8275,8000.0,0.8276,64000.0
1753600111580,07:08:31.580,bitmex,ADA/USDT:USDT,0.8267,8000.0,0.8266,14000.0,0.8275,8000.0,0.8276,64000.0
1753600111629,07:08:31.629,bitmex,ADA/USDT:USDT,0.8267,8000.0,0.8266,14000.0,0.8275,8000.0,0.8276,71000.0
1753600111774,07:08:31.774,bitmex,ADA/USDT:USDT,0.8267,8000.0,0.8266,14000.0,0.8275,8000.0,0.8276,71000.0
1753600111823,07:08:31.823,bitmex,ADA/USDT:USDT,0.8267,8000.0,0.8266,14000.0,0.8275,8000.0,0.8276,71000.0
1753600111977,07:08:31.977,bitmex,ADA/USDT:USDT,0.8267,8000.0,0.8266,14000.0,0.8275,8000.0,0.8276,71000.0
1753600112026,07:08:32.026,bitmex,ADA/USDT:USDT,0.8267,8000.0,0.8266,14000.0,0.8275,8000.0,0.8276,71000.0
1753600112151,07:08:32.151,bitmex,ADA/USDT:USDT,0.8267,8000.0,0.8266,14000.0,0.8275,8000.0,0.8276,71000.0
1753600112201,07:08:32.201,bitmex,ADA/USDT:USDT,0.8267,8000.0,0.8266,14000.0,0.8275,8000.0,0.8276,71000.0
1753600112250,07:08:32.250,bitmex,ADA/USDT:USDT,0.8267,8000.0,0.8266,14000.0,0.8275,8000.0,0.8276,71000.0
1753600112322,07:08:32.322,bitmex,ADA/USDT:USDT,0.8267,8000.0,0.8266,14000.0,0.8275,8000.0,0.8276,71000.0
1753600112372,07:08:32.372,bitmex,ADA/USDT:USDT,0.8267,8000.0,0.8266,14000.0,0.8274,8000.0,0.8275,57000.0
1753600112455,07:08:32.455,bitmex,ADA/USDT:USDT,0.8267,8000.0,0.8266,14000.0,0.8274,8000.0,0.8275,63000.0
1753600112505,07:08:32.505,bitmex,ADA/USDT:USDT,0.8267,8000.0,0.8266,14000.0,0.8274,8000.0,0.8275,63000.0
1753600112776,07:08:32.776,bitmex,ADA/USDT:USDT,0.8267,8000.0,0.8266,14000.0,0.8274,8000.0,0.8275,57000.0
1753600113263,07:08:33.263,bitmex,ADA/USDT:USDT,0.8267,8000.0,0.8266,14000.0,0.8274,8000.0,0.8275,57000.0
1753600113312,07:08:33.312,bitmex,ADA/USDT:USDT,0.8267,8000.0,0.8266,14000.0,0.8274,8000.0,0.8275,57000.0
1753600113361,07:08:33.361,bitmex,ADA/USDT:USDT,0.8267,8000.0,0.8266,14000.0,0.8274,8000.0,0.8275,57000.0
1753600113500,07:08:33.500,bitmex,ADA/USDT:USDT,0.8267,8000.0,0.8266,14000.0,0.8274,8000.0,0.8275,57000.0
1753600113549,07:08:33.549,bitmex,ADA/USDT:USDT,0.8267,8000.0,0.8266,14000.0,0.8274,8000.0,0.8275,57000.0
1753600113848,07:08:33.848,bitmex,ADA/USDT:USDT,0.8267,8000.0,0.8266,14000.0,0.8274,8000.0,0.8275,57000.0
1753600113897,07:08:33.897,bitmex,ADA/USDT:USDT,0.8267,8000.0,0.8266,14000.0,0.8274,8000.0,0.8275,57000.0
1753600114038,07:08:34.038,bitmex,ADA/USDT:USDT,0.8267,8000.0,0.8266,14000.0,0.8274,8000.0,0.8275,57000.0
1753600114087,07:08:34.087,bitmex,ADA/USDT:USDT,0.8267,8000.0,0.8266,14000.0,0.8274,8000.0,0.8275,57000.0
1753600114267,07:08:34.267,bitmex,ADA/USDT:USDT,0.8267,8000.0,0.8266,14000.0,0.8274,8000.0,0.8275,57000.0
1753600114738,07:08:34.738,bitmex,ADA/USDT:USDT,0.8267,8000.0,0.8266,8000.0,0.8274,8000.0,0.8275,57000.0
1753600114788,07:08:34.788,bitmex,ADA/USDT:USDT,0.8266,8000.0,0.8265,26000.0,0.8274,8000.0,0.8275,57000.0
1753600114845,07:08:34.845,bitmex,ADA/USDT:USDT,0.8266,8000.0,0.8265,26000.0,0.8274,8000.0,0.8275,57000.0
1753600114894,07:08:34.894,bitmex,ADA/USDT:USDT,0.8266,8000.0,0.8265,26000.0,0.8273,8000.0,0.8274,9000.0
1753600114943,07:08:34.943,bitmex,ADA/USDT:USDT,0.8266,8000.0,0.8265,20000.0,0.8273,8000.0,0.8274,15000.0
1753600115041,07:08:35.041,bitmex,ADA/USDT:USDT,0.8266,8000.0,0.8265,8000.0,0.8273,8000.0,0.8274,9000.0
1753600115090,07:08:35.090,bitmex,ADA/USDT:USDT,0.8266,8000.0,0.8265,8000.0,0.8273,8000.0,0.8274,15000.0
1753600115139,07:08:35.139,bitmex,ADA/USDT:USDT,0.8266,8000.0,0.8265,14000.0,0.8273,8000.0,0.8274,9000.0
1753600115203,07:08:35.203,bitmex,ADA/USDT:USDT,0.8266,8000.0,0.8265,14000.0,0.8273,8000.0,0.8274,9000.0
1753600115411,07:08:35.411,bitmex,ADA/USDT:USDT,0.8266,8000.0,0.8265,8000.0,0.8273,8000.0,0.8274,9000.0
1753600115461,07:08:35.461,bitmex,ADA/USDT:USDT,0.8265,8000.0,0.8264,27000.0,0.8273,8000.0,0.8274,9000.0
1753600115511,07:08:35.511,bitmex,ADA/USDT:USDT,0.8265,8000.0,0.8264,27000.0,0.8273,8000.0,0.8274,9000.0
1753600115560,07:08:35.560,bitmex,ADA/USDT:USDT,0.8265,8000.0,0.8264,27000.0,0.8273,8000.0,0.8274,9000.0
1753600115950,07:08:35.950,bitmex,ADA/USDT:USDT,0.8265,8000.0,0.8264,27000.0,0.8273,8000.0,0.8274,9000.0
1753600115999,07:08:35.999,bitmex,ADA/USDT:USDT,0.8265,8000.0,0.8264,34000.0,0.8273,8000.0,0.8274,9000.0
1753600116223,07:08:36.223,bitmex,ADA/USDT:USDT,0.8265,14000.0,0.8264,28000.0,0.8273,8000.0,0.8274,9000.0
1753600116272,07:08:36.272,bitmex,ADA/USDT:USDT,0.8266,8000.0,0.8265,8000.0,0.8273,8000.0,0.8274,9000.0
1753600116321,07:08:36.321,bitmex,ADA/USDT:USDT,0.8266,8000.0,0.8265,8000.0,0.8273,8000.0,0.8274,9000.0
1753600116385,07:08:36.385,bitmex,ADA/USDT:USDT,0.8265,8000.0,0.8264,34000.0,0.8273,8000.0,0.8274,9000.0
1753600116435,07:08:36.435,bitmex,ADA/USDT:USDT,0.8266,8000.0,0.8265,14000.0,0.8273,8000.0,0.8274,9000.0
1753600116485,07:08:36.485,bitmex,ADA/USDT:USDT,0.8266,8000.0,0.8265,14000.0,0.8273,8000.0,0.8274,9000.0
1753600116571,07:08:36.571,bitmex,ADA/USDT:USDT,0.8266,8000.0,0.8265,14000.0,0.8273,8000.0,0.8274,9000.0
1753600116700,07:08:36.700,bitmex,ADA/USDT:USDT,0.8266,8000.0,0.8265,14000.0,0.8273,8000.0,0.8274,9000.0
1753600117100,07:08:37.100,bitmex,ADA/USDT:USDT,0.8266,8000.0,0.8265,14000.0,0.8273,8000.0,0.8274,9000.0
1753600117150,07:08:37.150,bitmex,ADA/USDT:USDT,0.8266,8000.0,0.8265,14000.0,0.8273,8000.0,0.8274,9000.0
1753600118263,07:08:38.263,bitmex,ADA/USDT:USDT,0.8266,8000.0,0.8265,14000.0,0.8273,8000.0,0.8274,9000.0
1753600118313,07:08:38.313,bitmex,ADA/USDT:USDT,0.8266,8000.0,0.8265,14000.0,0.8273,8000.0,0.8274,9000.0
1753600119284,07:08:39.284,bitmex,ADA/USDT:USDT,0.8266,8000.0,0.8265,14000.0,0.8273,8000.0,0.8274,9000.0
1753600119632,07:08:39.632,bitmex,ADA/USDT:USDT,0.8266,8000.0,0.8265,14000.0,0.8273,8000.0,0.8274,9000.0
1753600120755,07:08:40.755,bitmex,ADA/USDT:USDT,0.8266,8000.0,0.8265,14000.0,0.8273,8000.0,0.8274,9000.0
1753600120805,07:08:40.805,bitmex,ADA/USDT:USDT,0.8267,8000.0,0.8266,14000.0,0.8273,8000.0,0.8274,9000.0
1753600120883,07:08:40.883,bitmex,ADA/USDT:USDT,0.8267,8000.0,0.8266,14000.0,0.8273,8000.0,0.8274,9000.0
1753600120933,07:08:40.933,bitmex,ADA/USDT:USDT,0.8267,8000.0,0.8266,14000.0,0.8273,8000.0,0.8274,9000.0
1753600121032,07:08:41.032,bitmex,ADA/USDT:USDT,0.8267,8000.0,0.8266,14000.0,0.8274,8000.0,0.8275,63000.0
1753600121336,07:08:41.336,bitmex,ADA/USDT:USDT,0.8267,8000.0,0.8266,14000.0,0.8274,8000.0,0.8275,63000.0
1753600121385,07:08:41.385,bitmex,ADA/USDT:USDT,0.8267,8000.0,0.8266,14000.0,0.8274,8000.0,0.8275,63000.0
1753600121912,07:08:41.912,bitmex,ADA/USDT:USDT,0.8267,14000.0,0.8266,8000.0,0.8274,8000.0,0.8275,63000.0
1753600121961,07:08:41.961,bitmex,ADA/USDT:USDT,0.8268,8000.0,0.8267,8000.0,0.8274,8000.0,0.8275,63000.0
1753600122077,07:08:42.077,bitmex,ADA/USDT:USDT,0.8267,8000.0,0.8266,14000.0,0.8274,8000.0,0.8275,63000.0
1753600122126,07:08:42.126,bitmex,ADA/USDT:USDT,0.8268,8000.0,0.8267,8000.0,0.8274,8000.0,0.8275,63000.0
1753600122222,07:08:42.222,bitmex,ADA/USDT:USDT,0.8268,8000.0,0.8267,8000.0,0.8274,8000.0,0.8275,63000.0
1753600122271,07:08:42.271,bitmex,ADA/USDT:USDT,0.8268,8000.0,0.8267,14000.0,0.8274,8000.0,0.8275,63000.0
1753600122320,07:08:42.320,bitmex,ADA/USDT:USDT,0.8268,8000.0,0.8267,14000.0,0.8274,8000.0,0.8275,57000.0
1753600122408,07:08:42.408,bitmex,ADA/USDT:USDT,0.8268,8000.0,0.8267,14000.0,0.8274,8000.0,0.8275,57000.0
1753600122755,07:08:42.755,bitmex,ADA/USDT:USDT,0.8268,8000.0,0.8267,14000.0,0.8274,8000.0,0.8275,57000.0
1753600122878,07:08:42.878,bitmex,ADA/USDT:USDT,0.8268,8000.0,0.8267,14000.0,0.8274,8000.0,0.8275,57000.0
1753600122928,07:08:42.928,bitmex,ADA/USDT:USDT,0.8268,8000.0,0.8267,14000.0,0.8274,8000.0,0.8275,57000.0
1753600123024,07:08:43.024,bitmex,ADA/USDT:USDT,0.8268,8000.0,0.8267,14000.0,0.8274,8000.0,0.8275,57000.0
1753600123099,07:08:43.099,bitmex,ADA/USDT:USDT,0.8268,8000.0,0.8267,14000.0,0.8274,8000.0,0.8275,57000.0
1753600123149,07:08:43.149,bitmex,ADA/USDT:USDT,0.8268,8000.0,0.8267,14000.0,0.8274,8000.0,0.8275,57000.0
1753600123378,07:08:43.378,bitmex,ADA/USDT:USDT,0.8268,8000.0,0.8267,14000.0,0.8274,8000.0,0.8275,63000.0
1753600123428,07:08:43.428,bitmex,ADA/USDT:USDT,0.8268,8000.0,0.8267,14000.0,0.8274,8000.0,0.8275,57000.0
1753600123478,07:08:43.478,bitmex,ADA/USDT:USDT,0.8268,8000.0,0.8267,14000.0,0.8274,8000.0,0.8275,57000.0
1753600123527,07:08:43.527,bitmex,ADA/USDT:USDT,0.8268,8000.0,0.8267,14000.0,0.8274,8000.0,0.8275,57000.0
1753600123576,07:08:43.576,bitmex,ADA/USDT:USDT,0.8269,8000.0,0.8268,14000.0,0.8274,8000.0,0.8275,57000.0
1753600123625,07:08:43.625,bitmex,ADA/USDT:USDT,0.8269,8000.0,0.8268,14000.0,0.8274,8000.0,0.8275,57000.0
1753600123674,07:08:43.674,bitmex,ADA/USDT:USDT,0.8269,8000.0,0.8268,14000.0,0.8274,8000.0,0.8275,57000.0
1753600123723,07:08:43.723,bitmex,ADA/USDT:USDT,0.8269,8000.0,0.8268,14000.0,0.8274,8000.0,0.8275,57000.0
1753600123774,07:08:43.774,bitmex,ADA/USDT:USDT,0.8269,8000.0,0.8268,14000.0,0.8274,8000.0,0.8275,57000.0
1753600124202,07:08:44.202,bitmex,ADA/USDT:USDT,0.8269,8000.0,0.8268,14000.0,0.8274,8000.0,0.8275,57000.0
1753600124349,07:08:44.349,bitmex,ADA/USDT:USDT,0.8269,8000.0,0.8268,14000.0,0.8274,8000.0,0.8275,57000.0
1753600124398,07:08:44.398,bitmex,ADA/USDT:USDT,0.8269,8000.0,0.8268,14000.0,0.8274,8000.0,0.8275,57000.0
1753600124678,07:08:44.678,bitmex,ADA/USDT:USDT,0.8269,8000.0,0.8268,8000.0,0.8274,8000.0,0.8275,57000.0
1753600124727,07:08:44.727,bitmex,ADA/USDT:USDT,0.8268,8000.0,0.8267,14000.0,0.8274,8000.0,0.8275,57000.0
1753600124900,07:08:44.900,bitmex,ADA/USDT:USDT,0.8268,8000.0,0.8267,14000.0,0.8274,8000.0,0.8275,57000.0
1753600125422,07:08:45.422,bitmex,ADA/USDT:USDT,0.8268,8000.0,0.8267,14000.0,0.8274,8000.0,0.8275,57000.0
1753600125471,07:08:45.471,bitmex,ADA/USDT:USDT,0.8268,8000.0,0.8267,14000.0,0.8274,8000.0,0.8275,57000.0
1753600125520,07:08:45.520,bitmex,ADA/USDT:USDT,0.8268,8000.0,0.8267,14000.0,0.8274,8000.0,0.8275,57000.0
1753600125852,07:08:45.852,bitmex,ADA/USDT:USDT,0.8268,8000.0,0.8267,14000.0,0.8274,8000.0,0.8275,57000.0
1753600125964,07:08:45.964,bitmex,ADA/USDT:USDT,0.8268,14000.0,0.8267,8000.0,0.8274,8000.0,0.8275,57000.0
1753600126013,07:08:46.013,bitmex,ADA/USDT:USDT,0.8269,8000.0,0.8268,14000.0,0.8274,8000.0,0.8275,57000.0
1753600126122,07:08:46.122,bitmex,ADA/USDT:USDT,0.8269,8000.0,0.8268,8000.0,0.8274,8000.0,0.8275,57000.0
1753600126172,07:08:46.172,bitmex,ADA/USDT:USDT,0.8269,8000.0,0.8268,14000.0,0.8274,8000.0,0.8275,57000.0
1753600126400,07:08:46.400,bitmex,ADA/USDT:USDT,0.8269,8000.0,0.8268,14000.0,0.8274,8000.0,0.8275,57000.0
1753600126449,07:08:46.449,bitmex,ADA/USDT:USDT,0.8269,8000.0,0.8268,14000.0,0.8274,8000.0,0.8275,57000.0
1753600126969,07:08:46.969,bitmex,ADA/USDT:USDT,0.8269,8000.0,0.8268,14000.0,0.8274,8000.0,0.8275,57000.0
1753600127432,07:08:47.432,bitmex,ADA/USDT:USDT,0.8269,8000.0,0.8268,14000.0,0.8275,57000.0,0.8276,9000.0
1753600127482,07:08:47.482,bitmex,ADA/USDT:USDT,0.8269,8000.0,0.8268,14000.0,0.8275,57000.0,0.8276,8000.0
1753600127531,07:08:47.531,bitmex,ADA/USDT:USDT,0.827,8000.0,0.8269,14000.0,0.8275,57000.0,0.8276,8000.0
1753600127580,07:08:47.580,bitmex,ADA/USDT:USDT,0.827,8000.0,0.8269,14000.0,0.8275,57000.0,0.8276,8000.0
1753600127629,07:08:47.629,bitmex,ADA/USDT:USDT,0.827,8000.0,0.8269,14000.0,0.8275,57000.0,0.8276,8000.0
1753600127678,07:08:47.678,bitmex,ADA/USDT:USDT,0.827,8000.0,0.8269,14000.0,0.8275,57000.0,0.8276,8000.0
1753600127727,07:08:47.727,bitmex,ADA/USDT:USDT,0.827,8000.0,0.8269,14000.0,0.8275,57000.0,0.8276,8000.0
1753600127900,07:08:47.900,bitmex,ADA/USDT:USDT,0.827,8000.0,0.8269,14000.0,0.8275,57000.0,0.8276,8000.0
1753600127950,07:08:47.950,bitmex,ADA/USDT:USDT,0.827,8000.0,0.8269,14000.0,0.8275,57000.0,0.8276,8000.0
1753600127999,07:08:47.999,bitmex,ADA/USDT:USDT,0.827,8000.0,0.8269,14000.0,0.8275,57000.0,0.8276,8000.0
1753600128048,07:08:48.048,bitmex,ADA/USDT:USDT,0.827,8000.0,0.8269,14000.0,0.8274,8000.0,0.8275,57000.0
1753600128203,07:08:48.203,bitmex,ADA/USDT:USDT,0.827,8000.0,0.8269,14000.0,0.8275,57000.0,0.8276,8000.0
1753600128252,07:08:48.252,bitmex,ADA/USDT:USDT,0.827,8000.0,0.8269,14000.0,0.8276,8000.0,0.8277,63000.0
1753600128301,07:08:48.301,bitmex,ADA/USDT:USDT,0.827,8000.0,0.8269,14000.0,0.8276,8000.0,0.8277,57000.0
1753600128350,07:08:48.350,bitmex,ADA/USDT:USDT,0.827,8000.0,0.8269,14000.0,0.8276,8000.0,0.8277,57000.0
1753600128518,07:08:48.518,bitmex,ADA/USDT:USDT,0.827,8000.0,0.8269,14000.0,0.8276,8000.0,0.8277,57000.0
1753600128751,07:08:48.751,bitmex,ADA/USDT:USDT,0.827,8000.0,0.8269,14000.0,0.8276,8000.0,0.8277,57000.0
1753600128801,07:08:48.801,bitmex,ADA/USDT:USDT,0.827,8000.0,0.8269,14000.0,0.8276,8000.0,0.8277,57000.0
1753600129283,07:08:49.283,bitmex,ADA/USDT:USDT,0.827,8000.0,0.8269,14000.0,0.8276,8000.0,0.8277,57000.0
1753600129333,07:08:49.333,bitmex,ADA/USDT:USDT,0.827,8000.0,0.8269,14000.0,0.8276,8000.0,0.8277,57000.0
1753600130120,07:08:50.120,bitmex,ADA/USDT:USDT,0.827,8000.0,0.8269,14000.0,0.8276,8000.0,0.8277,57000.0
1753600130169,07:08:50.169,bitmex,ADA/USDT:USDT,0.827,8000.0,0.8269,14000.0,0.8276,8000.0,0.8277,57000.0
1753600131845,07:08:51.845,bitmex,ADA/USDT:USDT,0.827,8000.0,0.8269,14000.0,0.8276,8000.0,0.8277,57000.0
1753600131895,07:08:51.895,bitmex,ADA/USDT:USDT,0.827,8000.0,0.8269,14000.0,0.8276,8000.0,0.8277,57000.0
1753600131944,07:08:51.944,bitmex,ADA/USDT:USDT,0.8271,8000.0,0.827,14000.0,0.8276,8000.0,0.8277,57000.0
1753600132096,07:08:52.096,bitmex,ADA/USDT:USDT,0.8271,8000.0,0.827,14000.0,0.8276,8000.0,0.8277,57000.0
1753600132170,07:08:52.170,bitmex,ADA/USDT:USDT,0.8271,8000.0,0.827,14000.0,0.8276,8000.0,0.8277,57000.0
1753600132220,07:08:52.220,bitmex,ADA/USDT:USDT,0.8271,8000.0,0.827,14000.0,0.8276,8000.0,0.8277,57000.0
1753600132269,07:08:52.269,bitmex,ADA/USDT:USDT,0.8271,8000.0,0.827,14000.0,0.8276,8000.0,0.8277,57000.0
1753600132318,07:08:52.318,bitmex,ADA/USDT:USDT,0.8271,8000.0,0.827,14000.0,0.8276,8000.0,0.8277,57000.0
1753600132576,07:08:52.576,bitmex,ADA/USDT:USDT,0.8271,8000.0,0.827,14000.0,0.8276,8000.0,0.8277,57000.0
1753600132701,07:08:52.701,bitmex,ADA/USDT:USDT,0.8271,8000.0,0.827,14000.0,0.8276,8000.0,0.8277,57000.0
1753600132750,07:08:52.750,bitmex,ADA/USDT:USDT,0.8271,8000.0,0.827,14000.0,0.8276,8000.0,0.8277,57000.0
1753600132799,07:08:52.799,bitmex,ADA/USDT:USDT,0.8271,8000.0,0.827,14000.0,0.8276,8000.0,0.8277,57000.0
1753600132924,07:08:52.924,bitmex,ADA/USDT:USDT,0.8271,8000.0,0.827,14000.0,0.8276,8000.0,0.8277,57000.0
1753600132973,07:08:52.973,bitmex,ADA/USDT:USDT,0.8271,8000.0,0.827,14000.0,0.8276,8000.0,0.8277,57000.0
1753600133024,07:08:53.024,bitmex,ADA/USDT:USDT,0.8271,8000.0,0.827,14000.0,0.8276,8000.0,0.8277,57000.0
1753600133073,07:08:53.073,bitmex,ADA/USDT:USDT,0.8271,8000.0,0.827,14000.0,0.8276,8000.0,0.8277,57000.0
1753600133122,07:08:53.122,bitmex,ADA/USDT:USDT,0.8271,8000.0,0.827,14000.0,0.8276,8000.0,0.8277,57000.0
1753600133171,07:08:53.171,bitmex,ADA/USDT:USDT,0.8271,8000.0,0.827,14000.0,0.8276,8000.0,0.8277,57000.0
1753600133220,07:08:53.220,bitmex,ADA/USDT:USDT,0.8271,8000.0,0.827,14000.0,0.8276,8000.0,0.8277,57000.0
1753600133408,07:08:53.408,bitmex,ADA/USDT:USDT,0.8271,8000.0,0.827,14000.0,0.8276,8000.0,0.8277,57000.0
1753600133458,07:08:53.458,bitmex,ADA/USDT:USDT,0.8271,8000.0,0.827,14000.0,0.8276,8000.0,0.8277,57000.0
1753600133749,07:08:53.749,bitmex,ADA/USDT:USDT,0.8271,8000.0,0.827,14000.0,0.8276,8000.0,0.8277,57000.0
1753600133799,07:08:53.799,bitmex,ADA/USDT:USDT,0.8271,8000.0,0.827,14000.0,0.8276,8000.0,0.8277,57000.0
1753600134439,07:08:54.439,bitmex,ADA/USDT:USDT,0.8271,8000.0,0.827,14000.0,0.8276,8000.0,0.8277,57000.0
1753600134489,07:08:54.489,bitmex,ADA/USDT:USDT,0.8271,8000.0,0.827,14000.0,0.8276,8000.0,0.8277,57000.0
1753600134538,07:08:54.538,bitmex,ADA/USDT:USDT,0.8271,8000.0,0.827,14000.0,0.8276,8000.0,0.8277,57000.0
1753600134857,07:08:54.857,bitmex,ADA/USDT:USDT,0.8271,8000.0,0.827,14000.0,0.8276,8000.0,0.8277,57000.0
1753600134907,07:08:54.907,bitmex,ADA/USDT:USDT,0.8271,8000.0,0.827,14000.0,0.8276,8000.0,0.8277,57000.0
1753600134956,07:08:54.956,bitmex,ADA/USDT:USDT,0.8271,8000.0,0.827,14000.0,0.8276,8000.0,0.8277,57000.0
1753600135533,07:08:55.533,bitmex,ADA/USDT:USDT,0.8271,8000.0,0.827,14000.0,0.8276,8000.0,0.8277,57000.0
1753600136038,07:08:56.038,bitmex,ADA/USDT:USDT,0.8271,8000.0,0.827,14000.0,0.8276,8000.0,0.8277,57000.0
1753600136087,07:08:56.087,bitmex,ADA/USDT:USDT,0.8271,8000.0,0.827,14000.0,0.8276,8000.0,0.8277,57000.0
1753600136454,07:08:56.454,bitmex,ADA/USDT:USDT,0.8271,8000.0,0.827,14000.0,0.8277,57000.0,0.8279,15000.0
1753600136504,07:08:56.504,bitmex,ADA/USDT:USDT,0.8271,8000.0,0.827,14000.0,0.8277,57000.0,0.8279,15000.0
1753600136553,07:08:56.553,bitmex,ADA/USDT:USDT,0.8272,8000.0,0.8271,14000.0,0.8277,57000.0,0.8279,9000.0
1753600136602,07:08:56.602,bitmex,ADA/USDT:USDT,0.8272,8000.0,0.8271,14000.0,0.8277,57000.0,0.8279,9000.0
1753600136702,07:08:56.702,bitmex,ADA/USDT:USDT,0.8272,8000.0,0.8271,14000.0,0.8277,57000.0,0.8279,9000.0
1753600136751,07:08:56.751,bitmex,ADA/USDT:USDT,0.8272,8000.0,0.8271,14000.0,0.8276,8000.0,0.8277,57000.0
1753600136896,07:08:56.896,bitmex,ADA/USDT:USDT,0.8272,8000.0,0.8271,14000.0,0.8277,57000.0,0.8279,9000.0
1753600137063,07:08:57.063,bitmex,ADA/USDT:USDT,0.8272,8000.0,0.8271,14000.0,0.8277,57000.0,0.8279,9000.0
1753600137112,07:08:57.112,bitmex,ADA/USDT:USDT,0.8272,8000.0,0.8271,14000.0,0.8277,57000.0,0.8279,9000.0
1753600137161,07:08:57.161,bitmex,ADA/USDT:USDT,0.8272,8000.0,0.8271,14000.0,0.8277,57000.0,0.8279,9000.0
1753600137399,07:08:57.399,bitmex,ADA/USDT:USDT,0.8272,8000.0,0.8271,14000.0,0.8277,57000.0,0.8279,9000.0
1753600137539,07:08:57.539,bitmex,ADA/USDT:USDT,0.8272,8000.0,0.8271,8000.0,0.8276,8000.0,0.8277,57000.0
1753600137589,07:08:57.589,bitmex,ADA/USDT:USDT,0.8271,8000.0,0.827,15000.0,0.8276,8000.0,0.8277,57000.0
1753600137678,07:08:57.678,bitmex,ADA/USDT:USDT,0.8271,14000.0,0.827,9000.0,0.8276,8000.0,0.8277,57000.0
1753600137728,07:08:57.728,bitmex,ADA/USDT:USDT,0.8272,8000.0,0.8271,14000.0,0.8276,8000.0,0.8277,57000.0
1753600137801,07:08:57.801,bitmex,ADA/USDT:USDT,0.8272,8000.0,0.8271,14000.0,0.8276,8000.0,0.8277,57000.0
1753600137850,07:08:57.850,bitmex,ADA/USDT:USDT,0.8272,8000.0,0.8271,14000.0,0.8276,8000.0,0.8277,57000.0
1753600138173,07:08:58.173,bitmex,ADA/USDT:USDT,0.8272,8000.0,0.8271,14000.0,0.8276,8000.0,0.8277,57000.0
1753600138225,07:08:58.225,bitmex,ADA/USDT:USDT,0.8272,8000.0,0.8271,14000.0,0.8277,57000.0,0.8279,8000.0
1753600138274,07:08:58.274,bitmex,ADA/USDT:USDT,0.8272,8000.0,0.8271,14000.0,0.8277,57000.0,0.8279,8000.0
1753600138324,07:08:58.324,bitmex,ADA/USDT:USDT,0.8273,8000.0,0.8272,8000.0,0.8277,57000.0,0.8279,8000.0
1753600138452,07:08:58.452,bitmex,ADA/USDT:USDT,0.8272,8000.0,0.8271,14000.0,0.8277,57000.0,0.8279,8000.0
1753600138502,07:08:58.502,bitmex,ADA/USDT:USDT,0.8273,8000.0,0.8272,8000.0,0.8277,57000.0,0.8279,8000.0
1753600138608,07:08:58.608,bitmex,ADA/USDT:USDT,0.8272,8000.0,0.8271,14000.0,0.8277,57000.0,0.8279,8000.0
1753600138687,07:08:58.687,bitmex,ADA/USDT:USDT,0.8272,8000.0,0.8271,14000.0,0.8277,57000.0,0.8279,8000.0
1753600138798,07:08:58.798,bitmex,ADA/USDT:USDT,0.8272,8000.0,0.8271,14000.0,0.8277,57000.0,0.8279,8000.0
1753600138848,07:08:58.848,bitmex,ADA/USDT:USDT,0.8272,8000.0,0.8271,14000.0,0.8277,57000.0,0.8279,8000.0
1753600139003,07:08:59.003,bitmex,ADA/USDT:USDT,0.8272,8000.0,0.8271,14000.0,0.8277,8000.0,0.8279,57000.0
1753600139052,07:08:59.052,bitmex,ADA/USDT:USDT,0.8272,8000.0,0.8271,14000.0,0.8278,8000.0,0.8279,57000.0
1753600139101,07:08:59.101,bitmex,ADA/USDT:USDT,0.8272,8000.0,0.8271,14000.0,0.8278,8000.0,0.8279,57000.0
1753600139190,07:08:59.190,bitmex,ADA/USDT:USDT,0.8272,8000.0,0.8271,14000.0,0.8278,8000.0,0.8279,57000.0
1753600139275,07:08:59.275,bitmex,ADA/USDT:USDT,0.8272,8000.0,0.8271,14000.0,0.8278,8000.0,0.8279,57000.0
1753600139324,07:08:59.324,bitmex,ADA/USDT:USDT,0.8272,8000.0,0.8271,14000.0,0.8278,8000.0,0.8279,57000.0
1753600139523,07:08:59.523,bitmex,ADA/USDT:USDT,0.8272,8000.0,0.8271,14000.0,0.8278,8000.0,0.8279,57000.0
1753600139739,07:08:59.739,bitmex,ADA/USDT:USDT,0.8272,8000.0,0.8271,14000.0,0.8278,8000.0,0.8279,57000.0
1753600139788,07:08:59.788,bitmex,ADA/USDT:USDT,0.8272,8000.0,0.8271,14000.0,0.8278,8000.0,0.8279,57000.0
1753600140311,07:09:00.311,bitmex,ADA/USDT:USDT,0.8272,8000.0,0.8271,14000.0,0.8278,8000.0,0.8279,57000.0
1753600140360,07:09:00.360,bitmex,ADA/USDT:USDT,0.8272,8000.0,0.8271,14000.0,0.8278,8000.0,0.8279,57000.0
1753600140733,07:09:00.733,bitmex,ADA/USDT:USDT,0.8272,8000.0,0.8271,8000.0,0.8278,8000.0,0.8279,57000.0
1753600140782,07:09:00.782,bitmex,ADA/USDT:USDT,0.8271,8000.0,0.827,15000.0,0.8278,8000.0,0.8279,57000.0
1753600141488,07:09:01.488,bitmex,ADA/USDT:USDT,0.8271,8000.0,0.827,15000.0,0.8278,8000.0,0.8279,57000.0
1753600141537,07:09:01.537,bitmex,ADA/USDT:USDT,0.8271,8000.0,0.827,21000.0,0.8278,8000.0,0.8279,57000.0
1753600142019,07:09:02.019,bitmex,ADA/USDT:USDT,0.8271,8000.0,0.827,21000.0,0.8278,8000.0,0.8279,57000.0
1753600142068,07:09:02.068,bitmex,ADA/USDT:USDT,0.8271,8000.0,0.827,21000.0,0.8278,8000.0,0.8279,57000.0
1753600142117,07:09:02.117,bitmex,ADA/USDT:USDT,0.8272,8000.0,0.8271,14000.0,0.8278,8000.0,0.8279,57000.0
1753600142166,07:09:02.166,bitmex,ADA/USDT:USDT,0.8272,8000.0,0.8271,8000.0,0.8278,8000.0,0.8279,57000.0
1753600142267,07:09:02.267,bitmex,ADA/USDT:USDT,0.8271,8000.0,0.827,15000.0,0.8278,8000.0,0.8279,57000.0
1753600142321,07:09:02.321,bitmex,ADA/USDT:USDT,0.8271,14000.0,0.827,9000.0,0.8278,8000.0,0.8279,57000.0
1753600142370,07:09:02.370,bitmex,ADA/USDT:USDT,0.8272,8000.0,0.8271,14000.0,0.8278,8000.0,0.8279,57000.0
1753600142486,07:09:02.486,bitmex,ADA/USDT:USDT,0.8272,8000.0,0.8271,8000.0,0.8278,8000.0,0.8279,57000.0
1753600142535,07:09:02.535,bitmex,ADA/USDT:USDT,0.8271,8000.0,0.827,21000.0,0.8278,8000.0,0.8279,57000.0
1753600142615,07:09:02.615,bitmex,ADA/USDT:USDT,0.8271,8000.0,0.827,21000.0,0.8278,8000.0,0.8279,57000.0
1753600142665,07:09:02.665,bitmex,ADA/USDT:USDT,0.8271,8000.0,0.827,15000.0,0.8278,8000.0,0.8279,57000.0
1753600142714,07:09:02.714,bitmex,ADA/USDT:USDT,0.8271,8000.0,0.827,21000.0,0.8278,8000.0,0.8279,57000.0
1753600142763,07:09:02.763,bitmex,ADA/USDT:USDT,0.8271,8000.0,0.827,14000.0,0.8278,8000.0,0.8279,58000.0
1753600142812,07:09:02.812,bitmex,ADA/USDT:USDT,0.827,8000.0,0.8269,69000.0,0.8278,8000.0,0.8279,64000.0
1753600142861,07:09:02.861,bitmex,ADA/USDT:USDT,0.827,8000.0,0.8269,69000.0,0.8278,8000.0,0.8279,64000.0
1753600142910,07:09:02.910,bitmex,ADA/USDT:USDT,0.827,8000.0,0.8269,69000.0,0.8278,8000.0,0.8279,64000.0
1753600142959,07:09:02.959,bitmex,ADA/USDT:USDT,0.827,8000.0,0.8269,69000.0,0.8278,8000.0,0.8279,64000.0
1753600143029,07:09:03.029,bitmex,ADA/USDT:USDT,0.827,8000.0,0.8269,69000.0,0.8278,8000.0,0.8279,64000.0
1753600143079,07:09:03.079,bitmex,ADA/USDT:USDT,0.827,8000.0,0.8269,69000.0,0.8278,8000.0,0.8279,64000.0
1753600143170,07:09:03.170,bitmex,ADA/USDT:USDT,0.827,8000.0,0.8269,69000.0,0.8278,8000.0,0.8279,64000.0
1753600143222,07:09:03.222,bitmex,ADA/USDT:USDT,0.827,8000.0,0.8269,69000.0,0.8278,8000.0,0.8279,64000.0
1753600143445,07:09:03.445,bitmex,ADA/USDT:USDT,0.827,8000.0,0.8269,69000.0,0.8278,8000.0,0.8279,64000.0
1753600143494,07:09:03.494,bitmex,ADA/USDT:USDT,0.8271,8000.0,0.827,14000.0,0.8278,8000.0,0.8279,64000.0
1753600143550,07:09:03.550,bitmex,ADA/USDT:USDT,0.8271,8000.0,0.827,14000.0,0.8278,8000.0,0.8279,64000.0
1753600143600,07:09:03.600,bitmex,ADA/USDT:USDT,0.8271,8000.0,0.827,14000.0,0.8278,8000.0,0.8279,64000.0
1753600144100,07:09:04.100,bitmex,ADA/USDT:USDT,0.8271,8000.0,0.827,14000.0,0.8278,8000.0,0.8279,64000.0
1753600144150,07:09:04.150,bitmex,ADA/USDT:USDT,0.8271,8000.0,0.827,14000.0,0.8278,8000.0,0.8279,64000.0
1753600144675,07:09:04.675,bitmex,ADA/USDT:USDT,0.8271,8000.0,0.827,14000.0,0.8278,8000.0,0.8279,64000.0
1753600144724,07:09:04.724,bitmex,ADA/USDT:USDT,0.8272,8000.0,0.8271,14000.0,0.8278,8000.0,0.8279,64000.0
1753600144793,07:09:04.793,bitmex,ADA/USDT:USDT,0.8272,8000.0,0.8271,14000.0,0.8278,8000.0,0.8279,64000.0
1753600144842,07:09:04.842,bitmex,ADA/USDT:USDT,0.8272,8000.0,0.8271,14000.0,0.8278,8000.0,0.8279,58000.0
1753600145599,07:09:05.599,bitmex,ADA/USDT:USDT,0.8272,8000.0,0.8271,14000.0,0.8278,8000.0,0.8279,58000.0
