timestamp,time,exchange,symbol,bid1_price,bid1_volume,bid2_price,bid2_volume,ask1_price,ask1_volume,ask2_price,ask2_volume
1753599983266,07:06:23.266,bitget,ACT/USDT:USDT,0.04612,10000.0,0.04611,25109.0,0.04614,55348.0,0.04615,55087.0
1753599983416,07:06:23.416,bitget,ACT/USDT:USDT,0.04612,10000.0,0.04611,25109.0,0.04614,55348.0,0.04615,55087.0
1753599983566,07:06:23.566,bitget,ACT/USDT:USDT,0.04612,10000.0,0.04611,25109.0,0.04614,55348.0,0.04615,55087.0
1753599983866,07:06:23.866,bitget,ACT/USDT:USDT,0.04612,10000.0,0.04611,25109.0,0.04614,55348.0,0.04615,55087.0
1753599984016,07:06:24.016,bitget,ACT/USDT:USDT,0.04612,10000.0,0.04611,25109.0,0.04614,55348.0,0.04615,55087.0
1753599984166,07:06:24.166,bitget,ACT/USDT:USDT,0.04612,11568.0,0.04611,25109.0,0.04614,55348.0,0.04615,55087.0
1753599984767,07:06:24.767,bitget,ACT/USDT:USDT,0.04612,10000.0,0.04611,25109.0,0.04614,55348.0,0.04615,55087.0
1753599984917,07:06:24.917,bitget,ACT/USDT:USDT,0.04612,10000.0,0.04611,25109.0,0.04614,55348.0,0.04615,55087.0
1753599985067,07:06:25.067,bitget,ACT/USDT:USDT,0.04612,10000.0,0.04611,25109.0,0.04614,55348.0,0.04615,55087.0
1753599985217,07:06:25.217,bitget,ACT/USDT:USDT,0.04612,10000.0,0.04611,25109.0,0.04614,55348.0,0.04615,55087.0
1753599985367,07:06:25.367,bitget,ACT/USDT:USDT,0.04612,10000.0,0.04611,25109.0,0.04614,55348.0,0.04615,55087.0
1753599985517,07:06:25.517,bitget,ACT/USDT:USDT,0.04612,10000.0,0.04611,25109.0,0.04614,55348.0,0.04615,55087.0
1753599985667,07:06:25.667,bitget,ACT/USDT:USDT,0.04612,10000.0,0.04611,25109.0,0.04614,55348.0,0.04615,55087.0
1753599986268,07:06:26.268,bitget,ACT/USDT:USDT,0.04612,10000.0,0.04611,25109.0,0.04614,55348.0,0.04615,55087.0
1753599986417,07:06:26.417,bitget,ACT/USDT:USDT,0.04612,10000.0,0.04611,25109.0,0.04614,55348.0,0.04615,55087.0
1753599986568,07:06:26.568,bitget,ACT/USDT:USDT,0.04612,10000.0,0.04611,25109.0,0.04614,55348.0,0.04615,55087.0
1753599986868,07:06:26.868,bitget,ACT/USDT:USDT,0.04612,10000.0,0.04611,25109.0,0.04614,55348.0,0.04615,55087.0
1753599987018,07:06:27.018,bitget,ACT/USDT:USDT,0.04612,10000.0,0.04611,25109.0,0.04614,55348.0,0.04615,55087.0
1753599987318,07:06:27.318,bitget,ACT/USDT:USDT,0.04612,10000.0,0.04611,25109.0,0.04614,55348.0,0.04615,55087.0
1753599987468,07:06:27.468,bitget,ACT/USDT:USDT,0.04612,10000.0,0.04611,25109.0,0.04614,55348.0,0.04615,55087.0
1753599988369,07:06:28.369,bitget,ACT/USDT:USDT,0.04612,10000.0,0.04611,25109.0,0.04614,55348.0,0.04615,55087.0
1753599988519,07:06:28.519,bitget,ACT/USDT:USDT,0.04612,10000.0,0.04611,25109.0,0.04614,55348.0,0.04615,55087.0
1753599988669,07:06:28.669,bitget,ACT/USDT:USDT,0.04612,10000.0,0.04611,25109.0,0.04614,55348.0,0.04615,55087.0
1753599988819,07:06:28.819,bitget,ACT/USDT:USDT,0.04612,10000.0,0.04611,25109.0,0.04614,55348.0,0.04615,55087.0
1753599988969,07:06:28.969,bitget,ACT/USDT:USDT,0.04612,10000.0,0.04611,25109.0,0.04614,55348.0,0.04615,55087.0
1753599989420,07:06:29.420,bitget,ACT/USDT:USDT,0.04612,10000.0,0.04611,25109.0,0.04614,55348.0,0.04615,55087.0
1753599989570,07:06:29.570,bitget,ACT/USDT:USDT,0.04612,10000.0,0.04611,25109.0,0.04614,55348.0,0.04615,55087.0
1753599990320,07:06:30.320,bitget,ACT/USDT:USDT,0.04612,10000.0,0.04611,25109.0,0.04614,55348.0,0.04615,55087.0
1753599991221,07:06:31.221,bitget,ACT/USDT:USDT,0.04612,10000.0,0.04611,25109.0,0.04614,55348.0,0.04615,55087.0
1753599991371,07:06:31.371,bitget,ACT/USDT:USDT,0.04612,10000.0,0.04611,25109.0,0.04614,55348.0,0.04615,55087.0
1753599991521,07:06:31.521,bitget,ACT/USDT:USDT,0.04612,10000.0,0.04611,25109.0,0.04614,55348.0,0.04615,55087.0
1753599991821,07:06:31.821,bitget,ACT/USDT:USDT,0.04612,10000.0,0.04611,25109.0,0.04614,55348.0,0.04615,55087.0
1753599991971,07:06:31.971,bitget,ACT/USDT:USDT,0.04612,10000.0,0.04611,25109.0,0.04614,55348.0,0.04615,55087.0
1753599992121,07:06:32.121,bitget,ACT/USDT:USDT,0.04612,10000.0,0.04611,25109.0,0.04614,55348.0,0.04615,55087.0
1753599992271,07:06:32.271,bitget,ACT/USDT:USDT,0.04612,10000.0,0.04611,25109.0,0.04614,55348.0,0.04615,55087.0
1753599992422,07:06:32.422,bitget,ACT/USDT:USDT,0.04612,10000.0,0.04611,25109.0,0.04614,55348.0,0.04615,55087.0
1753599992572,07:06:32.572,bitget,ACT/USDT:USDT,0.04612,10000.0,0.04611,25109.0,0.04614,55348.0,0.04615,55087.0
1753599992722,07:06:32.722,bitget,ACT/USDT:USDT,0.04612,10000.0,0.04611,25109.0,0.04614,55348.0,0.04615,55087.0
1753599992872,07:06:32.872,bitget,ACT/USDT:USDT,0.04612,10000.0,0.04611,25109.0,0.04614,55348.0,0.04615,55087.0
1753599993022,07:06:33.022,bitget,ACT/USDT:USDT,0.04612,10000.0,0.04611,25109.0,0.04614,55348.0,0.04615,55087.0
1753599993322,07:06:33.322,bitget,ACT/USDT:USDT,0.04612,10000.0,0.04611,25109.0,0.04614,55348.0,0.04615,55087.0
1753599993772,07:06:33.772,bitget,ACT/USDT:USDT,0.04612,10000.0,0.04611,25109.0,0.04614,55348.0,0.04615,55087.0
1753599993922,07:06:33.922,bitget,ACT/USDT:USDT,0.04612,10000.0,0.04611,25109.0,0.04614,55348.0,0.04615,55087.0
1753599994073,07:06:34.073,bitget,ACT/USDT:USDT,0.04612,10000.0,0.04611,25109.0,0.04614,55348.0,0.04615,55087.0
1753599994223,07:06:34.223,bitget,ACT/USDT:USDT,0.04612,10000.0,0.04611,25109.0,0.04614,55348.0,0.04615,55087.0
1753599994373,07:06:34.373,bitget,ACT/USDT:USDT,0.04612,10000.0,0.04611,25109.0,0.04614,55348.0,0.04615,55087.0
1753599994523,07:06:34.523,bitget,ACT/USDT:USDT,0.04612,10000.0,0.04611,25109.0,0.04614,55348.0,0.04615,55087.0
1753599994673,07:06:34.673,bitget,ACT/USDT:USDT,0.04612,10000.0,0.04611,25109.0,0.04614,55348.0,0.04615,55087.0
1753599994823,07:06:34.823,bitget,ACT/USDT:USDT,0.04612,10000.0,0.04611,25109.0,0.04614,55348.0,0.04615,55087.0
1753599994973,07:06:34.973,bitget,ACT/USDT:USDT,0.04612,10000.0,0.04611,25109.0,0.04614,55348.0,0.04615,55087.0
1753599995123,07:06:35.123,bitget,ACT/USDT:USDT,0.04612,10000.0,0.04611,25109.0,0.04614,55348.0,0.04615,55087.0
1753599995273,07:06:35.273,bitget,ACT/USDT:USDT,0.04612,10000.0,0.04611,25109.0,0.04614,55348.0,0.04615,55087.0
1753599995423,07:06:35.423,bitget,ACT/USDT:USDT,0.04612,10000.0,0.04611,25109.0,0.04614,55348.0,0.04615,55087.0
1753599995573,07:06:35.573,bitget,ACT/USDT:USDT,0.04612,10000.0,0.04611,25109.0,0.04614,55348.0,0.04615,55087.0
1753599995724,07:06:35.724,bitget,ACT/USDT:USDT,0.04612,10000.0,0.04611,25109.0,0.04614,55348.0,0.04615,55087.0
1753599995874,07:06:35.874,bitget,ACT/USDT:USDT,0.04612,10000.0,0.04611,25109.0,0.04614,55348.0,0.04615,55087.0
1753599996024,07:06:36.024,bitget,ACT/USDT:USDT,0.04612,10000.0,0.04611,25109.0,0.04614,55348.0,0.04615,55087.0
1753599996174,07:06:36.174,bitget,ACT/USDT:USDT,0.04612,10000.0,0.04611,25109.0,0.04614,55348.0,0.04615,55087.0
1753599996324,07:06:36.324,bitget,ACT/USDT:USDT,0.04612,10000.0,0.04611,25109.0,0.04614,55348.0,0.04615,55087.0
1753599996474,07:06:36.474,bitget,ACT/USDT:USDT,0.04612,10000.0,0.04611,25109.0,0.04614,55348.0,0.04615,55087.0
1753599996624,07:06:36.624,bitget,ACT/USDT:USDT,0.04612,10000.0,0.04611,25109.0,0.04614,55348.0,0.04615,55087.0
1753599996774,07:06:36.774,bitget,ACT/USDT:USDT,0.04612,10000.0,0.04611,25109.0,0.04614,55348.0,0.04615,55087.0
1753599996924,07:06:36.924,bitget,ACT/USDT:USDT,0.04612,10000.0,0.04611,25109.0,0.04614,55348.0,0.04615,55087.0
1753599997074,07:06:37.074,bitget,ACT/USDT:USDT,0.04612,10000.0,0.04611,25109.0,0.04614,55348.0,0.04615,55087.0
1753599997225,07:06:37.225,bitget,ACT/USDT:USDT,0.04612,10000.0,0.04611,25109.0,0.04614,55348.0,0.04615,55087.0
1753599997375,07:06:37.375,bitget,ACT/USDT:USDT,0.04612,10000.0,0.04611,25109.0,0.04614,55348.0,0.04615,55087.0
1753599997525,07:06:37.525,bitget,ACT/USDT:USDT,0.04612,10000.0,0.04611,25109.0,0.04614,55348.0,0.04615,55087.0
1753599997825,07:06:37.825,bitget,ACT/USDT:USDT,0.04612,10000.0,0.04611,25109.0,0.04614,55348.0,0.04615,55087.0
1753599997975,07:06:37.975,bitget,ACT/USDT:USDT,0.04612,10000.0,0.04611,25109.0,0.04614,55348.0,0.04615,55087.0
1753599998125,07:06:38.125,bitget,ACT/USDT:USDT,0.04612,10000.0,0.04611,25109.0,0.04614,55348.0,0.04615,55087.0
1753599998275,07:06:38.275,bitget,ACT/USDT:USDT,0.04612,10000.0,0.04611,25109.0,0.04614,55348.0,0.04615,55087.0
1753599998425,07:06:38.425,bitget,ACT/USDT:USDT,0.04612,10000.0,0.04611,25109.0,0.04614,55348.0,0.04615,55087.0
1753599998575,07:06:38.575,bitget,ACT/USDT:USDT,0.04612,10000.0,0.04611,25109.0,0.04614,55348.0,0.04615,55087.0
1753599998726,07:06:38.726,bitget,ACT/USDT:USDT,0.04612,10000.0,0.04611,25109.0,0.04614,55348.0,0.04615,55087.0
1753599998876,07:06:38.876,bitget,ACT/USDT:USDT,0.04612,10000.0,0.04611,25109.0,0.04614,55348.0,0.04615,55087.0
1753599999026,07:06:39.026,bitget,ACT/USDT:USDT,0.04612,10000.0,0.04611,25109.0,0.04614,55348.0,0.04615,55087.0
1753599999176,07:06:39.176,bitget,ACT/USDT:USDT,0.04612,10000.0,0.04611,25109.0,0.04614,55348.0,0.04615,55087.0
1753599999326,07:06:39.326,bitget,ACT/USDT:USDT,0.04612,10000.0,0.04611,25109.0,0.04614,55348.0,0.04615,55087.0
1753599999476,07:06:39.476,bitget,ACT/USDT:USDT,0.04612,10000.0,0.04611,25109.0,0.04614,55348.0,0.04615,55087.0
1753599999626,07:06:39.626,bitget,ACT/USDT:USDT,0.04612,10000.0,0.04611,25109.0,0.04614,55348.0,0.04615,55087.0
1753599999776,07:06:39.776,bitget,ACT/USDT:USDT,0.04612,10000.0,0.04611,25109.0,0.04614,55348.0,0.04615,55087.0
1753600000076,07:06:40.076,bitget,ACT/USDT:USDT,0.04612,10000.0,0.04611,25109.0,0.04614,55348.0,0.04615,55087.0
1753600000227,07:06:40.227,bitget,ACT/USDT:USDT,0.04612,10000.0,0.04611,25109.0,0.04614,55348.0,0.04615,55087.0
1753600000377,07:06:40.377,bitget,ACT/USDT:USDT,0.04612,10000.0,0.04611,25109.0,0.04614,55348.0,0.04615,55087.0
1753600000527,07:06:40.527,bitget,ACT/USDT:USDT,0.04612,11568.0,0.04611,57619.0,0.04615,44360.0,0.04616,45289.0
1753600000677,07:06:40.677,bitget,ACT/USDT:USDT,0.04612,11568.0,0.04611,57619.0,0.04614,10223.0,0.04615,42792.0
1753600000827,07:06:40.827,bitget,ACT/USDT:USDT,0.04612,11568.0,0.04611,25109.0,0.04614,42733.0,0.04615,53519.0
1753600000977,07:06:40.977,bitget,ACT/USDT:USDT,0.04612,11568.0,0.04611,25109.0,0.04614,42733.0,0.04615,53519.0
1753600001127,07:06:41.127,bitget,ACT/USDT:USDT,0.04612,11568.0,0.04611,25109.0,0.04613,32510.0,0.04614,42733.0
1753600001277,07:06:41.277,bitget,ACT/USDT:USDT,0.04612,11568.0,0.04611,16385.0,0.04614,42733.0,0.04615,53519.0
1753600001427,07:06:41.427,bitget,ACT/USDT:USDT,0.04612,11568.0,0.04611,25173.0,0.04614,42733.0,0.04615,53519.0
1753600001577,07:06:41.577,bitget,ACT/USDT:USDT,0.04612,11568.0,0.04611,25173.0,0.04614,42733.0,0.04615,53519.0
1753600001728,07:06:41.728,bitget,ACT/USDT:USDT,0.04612,11568.0,0.04611,25173.0,0.04614,42733.0,0.04615,53519.0
1753600001878,07:06:41.878,bitget,ACT/USDT:USDT,0.04612,11568.0,0.04611,25173.0,0.04614,42733.0,0.04615,53519.0
1753600002028,07:06:42.028,bitget,ACT/USDT:USDT,0.04612,11568.0,0.04611,25173.0,0.04614,52733.0,0.04615,53519.0
1753600002178,07:06:42.178,bitget,ACT/USDT:USDT,0.04612,11568.0,0.04611,25173.0,0.04614,52733.0,0.04615,53519.0
1753600002328,07:06:42.328,bitget,ACT/USDT:USDT,0.04612,11568.0,0.04611,25173.0,0.04614,52733.0,0.04615,53519.0
1753600002478,07:06:42.478,bitget,ACT/USDT:USDT,0.04612,11568.0,0.04611,25173.0,0.04614,52733.0,0.04615,53519.0
1753600002628,07:06:42.628,bitget,ACT/USDT:USDT,0.04612,11568.0,0.04611,25173.0,0.04614,52733.0,0.04615,53519.0
1753600002778,07:06:42.778,bitget,ACT/USDT:USDT,0.04612,11568.0,0.04611,25173.0,0.04614,52733.0,0.04615,53519.0
1753600002928,07:06:42.928,bitget,ACT/USDT:USDT,0.04612,11568.0,0.04611,25173.0,0.04614,52733.0,0.04615,53519.0
1753600003078,07:06:43.078,bitget,ACT/USDT:USDT,0.04612,11568.0,0.04611,25173.0,0.04614,52733.0,0.04615,53519.0
1753600003228,07:06:43.228,bitget,ACT/USDT:USDT,0.04612,11568.0,0.04611,25173.0,0.04614,52733.0,0.04615,53519.0
1753600003379,07:06:43.379,bitget,ACT/USDT:USDT,0.04612,11568.0,0.04611,25173.0,0.04614,52733.0,0.04615,53519.0
1753600003529,07:06:43.529,bitget,ACT/USDT:USDT,0.04612,11568.0,0.04611,25173.0,0.04614,52733.0,0.04615,53519.0
1753600003679,07:06:43.679,bitget,ACT/USDT:USDT,0.04612,11568.0,0.04611,25173.0,0.04614,52733.0,0.04615,53519.0
1753600003829,07:06:43.829,bitget,ACT/USDT:USDT,0.04612,11568.0,0.04611,25173.0,0.04614,52733.0,0.04615,53519.0
1753600003979,07:06:43.979,bitget,ACT/USDT:USDT,0.04612,11568.0,0.04611,25173.0,0.04614,52733.0,0.04615,53519.0
1753600004129,07:06:44.129,bitget,ACT/USDT:USDT,0.04612,11568.0,0.04611,25173.0,0.04614,52733.0,0.04615,53519.0
1753600004279,07:06:44.279,bitget,ACT/USDT:USDT,0.04612,11568.0,0.04611,25173.0,0.04614,52733.0,0.04615,53519.0
1753600004429,07:06:44.429,bitget,ACT/USDT:USDT,0.04612,11568.0,0.04611,25173.0,0.04614,52733.0,0.04615,53519.0
1753600004579,07:06:44.579,bitget,ACT/USDT:USDT,0.04612,11568.0,0.04611,25173.0,0.04614,52733.0,0.04615,53519.0
1753600004729,07:06:44.729,bitget,ACT/USDT:USDT,0.04612,11568.0,0.04611,25173.0,0.04614,52733.0,0.04615,53519.0
1753600004880,07:06:44.880,bitget,ACT/USDT:USDT,0.04612,11568.0,0.04611,25173.0,0.04614,52733.0,0.04615,53519.0
1753600005030,07:06:45.030,bitget,ACT/USDT:USDT,0.04612,11568.0,0.04611,25173.0,0.04614,52733.0,0.04615,53519.0
1753600005180,07:06:45.180,bitget,ACT/USDT:USDT,0.04612,11568.0,0.04611,25173.0,0.04614,52733.0,0.04615,53519.0
1753600005330,07:06:45.330,bitget,ACT/USDT:USDT,0.04612,11568.0,0.04611,25173.0,0.04614,52733.0,0.04615,53519.0
1753600005480,07:06:45.480,bitget,ACT/USDT:USDT,0.04612,11568.0,0.04611,25173.0,0.04614,52733.0,0.04615,53519.0
1753600005630,07:06:45.630,bitget,ACT/USDT:USDT,0.04612,11568.0,0.04611,25173.0,0.04614,52733.0,0.04615,53519.0
1753600005780,07:06:45.780,bitget,ACT/USDT:USDT,0.04612,11568.0,0.04611,25173.0,0.04614,52733.0,0.04615,53519.0
1753600005930,07:06:45.930,bitget,ACT/USDT:USDT,0.04612,11568.0,0.04611,25173.0,0.04614,52733.0,0.04615,53519.0
1753600006080,07:06:46.080,bitget,ACT/USDT:USDT,0.04612,11568.0,0.04611,25173.0,0.04613,10000.0,0.04614,52733.0
1753600006230,07:06:46.230,bitget,ACT/USDT:USDT,0.04612,11568.0,0.04611,25173.0,0.04613,10000.0,0.04614,52733.0
1753600006381,07:06:46.381,bitget,ACT/USDT:USDT,0.04612,11568.0,0.04611,25173.0,0.04613,10000.0,0.04614,52733.0
1753600006531,07:06:46.531,bitget,ACT/USDT:USDT,0.04612,11568.0,0.04611,25173.0,0.04613,10000.0,0.04614,52733.0
1753600006681,07:06:46.681,bitget,ACT/USDT:USDT,0.04612,11568.0,0.04611,25173.0,0.04613,10000.0,0.04614,52733.0
1753600006831,07:06:46.831,bitget,ACT/USDT:USDT,0.04612,11568.0,0.04611,25173.0,0.04613,10000.0,0.04614,52733.0
1753600006981,07:06:46.981,bitget,ACT/USDT:USDT,0.04612,1568.0,0.04611,25173.0,0.04613,10000.0,0.04614,52733.0
1753600007131,07:06:47.131,bitget,ACT/USDT:USDT,0.04611,25173.0,0.0461,64895.0,0.04613,22753.0,0.04614,54301.0
1753600007281,07:06:47.281,bitget,ACT/USDT:USDT,0.04611,15173.0,0.0461,64895.0,0.04613,22753.0,0.04614,54301.0
1753600007431,07:06:47.431,bitget,ACT/USDT:USDT,0.0461,64895.0,0.04609,46900.0,0.04613,22753.0,0.04614,52733.0
1753600007581,07:06:47.581,bitget,ACT/USDT:USDT,0.0461,64895.0,0.04609,46900.0,0.04612,11609.0,0.04613,22753.0
1753600007731,07:06:47.731,bitget,ACT/USDT:USDT,0.0461,64895.0,0.04609,46900.0,0.04612,11609.0,0.04613,20815.0
1753600007881,07:06:47.881,bitget,ACT/USDT:USDT,0.0461,66463.0,0.04609,46900.0,0.04612,1609.0,0.04613,10000.0
1753600008182,07:06:48.182,bitget,ACT/USDT:USDT,0.04611,20298.0,0.0461,66463.0,0.04613,23577.0,0.04614,55481.0
1753600008332,07:06:48.332,bitget,ACT/USDT:USDT,0.04611,20298.0,0.0461,66463.0,0.04613,23577.0,0.04614,55481.0
1753600008482,07:06:48.482,bitget,ACT/USDT:USDT,0.04611,20298.0,0.0461,66463.0,0.04613,23577.0,0.04614,55481.0
1753600008632,07:06:48.632,bitget,ACT/USDT:USDT,0.04611,20298.0,0.0461,66463.0,0.04613,23577.0,0.04614,55481.0
1753600008782,07:06:48.782,bitget,ACT/USDT:USDT,0.04611,20298.0,0.0461,66463.0,0.04613,23577.0,0.04614,55481.0
1753600008932,07:06:48.932,bitget,ACT/USDT:USDT,0.04611,20298.0,0.0461,66463.0,0.04613,23577.0,0.04614,55481.0
1753600009082,07:06:49.082,bitget,ACT/USDT:USDT,0.04611,20298.0,0.0461,66463.0,0.04613,23577.0,0.04614,55481.0
1753600009232,07:06:49.232,bitget,ACT/USDT:USDT,0.04611,20298.0,0.0461,66463.0,0.04613,23577.0,0.04614,55481.0
1753600009382,07:06:49.382,bitget,ACT/USDT:USDT,0.04611,20298.0,0.0461,66463.0,0.04613,23577.0,0.04614,55481.0
1753600009533,07:06:49.533,bitget,ACT/USDT:USDT,0.04611,20298.0,0.0461,66463.0,0.04613,10000.0,0.04614,55481.0
1753600009683,07:06:49.683,bitget,ACT/USDT:USDT,0.04611,20298.0,0.0461,66463.0,0.04613,22753.0,0.04614,55481.0
1753600009833,07:06:49.833,bitget,ACT/USDT:USDT,0.04611,20298.0,0.0461,66463.0,0.04613,22753.0,0.04614,55481.0
1753600010133,07:06:50.133,bitget,ACT/USDT:USDT,0.04611,20298.0,0.0461,66463.0,0.04613,10000.0,0.04614,55481.0
1753600010283,07:06:50.283,bitget,ACT/USDT:USDT,0.04611,20298.0,0.0461,66463.0,0.04613,10000.0,0.04614,55481.0
1753600010433,07:06:50.433,bitget,ACT/USDT:USDT,0.04611,20298.0,0.0461,66463.0,0.04613,10000.0,0.04614,55481.0
1753600010583,07:06:50.583,bitget,ACT/USDT:USDT,0.04611,20298.0,0.0461,66463.0,0.04613,10000.0,0.04614,55481.0
1753600010733,07:06:50.733,bitget,ACT/USDT:USDT,0.04611,20298.0,0.0461,66463.0,0.04613,22753.0,0.04614,55481.0
1753600010883,07:06:50.883,bitget,ACT/USDT:USDT,0.04611,20298.0,0.0461,66463.0,0.04613,10000.0,0.04614,55481.0
1753600011033,07:06:51.033,bitget,ACT/USDT:USDT,0.04611,20298.0,0.0461,66463.0,0.04613,10000.0,0.04614,55481.0
1753600011184,07:06:51.184,bitget,ACT/USDT:USDT,0.04611,20298.0,0.0461,66463.0,0.04613,10000.0,0.04614,55481.0
1753600011334,07:06:51.334,bitget,ACT/USDT:USDT,0.04611,20298.0,0.0461,66463.0,0.04613,10000.0,0.04614,55481.0
1753600011484,07:06:51.484,bitget,ACT/USDT:USDT,0.04611,20298.0,0.0461,66463.0,0.04613,22753.0,0.04614,55481.0
1753600011634,07:06:51.634,bitget,ACT/USDT:USDT,0.04611,20298.0,0.0461,66463.0,0.04613,22753.0,0.04614,55481.0
1753600011784,07:06:51.784,bitget,ACT/USDT:USDT,0.04611,20298.0,0.0461,66463.0,0.04613,22753.0,0.04614,55481.0
1753600011934,07:06:51.934,bitget,ACT/USDT:USDT,0.04611,20298.0,0.0461,66463.0,0.04613,22753.0,0.04614,55481.0
1753600012084,07:06:52.084,bitget,ACT/USDT:USDT,0.04611,20298.0,0.0461,66463.0,0.04613,22753.0,0.04614,55481.0
1753600012234,07:06:52.234,bitget,ACT/USDT:USDT,0.04611,20298.0,0.0461,66463.0,0.04613,22753.0,0.04614,55481.0
1753600012535,07:06:52.535,bitget,ACT/USDT:USDT,0.04611,20298.0,0.0461,66463.0,0.04614,55481.0,0.04615,53519.0
1753600012685,07:06:52.685,bitget,ACT/USDT:USDT,0.04611,20298.0,0.0461,66463.0,0.04613,12753.0,0.04614,55481.0
1753600012835,07:06:52.835,bitget,ACT/USDT:USDT,0.04611,20298.0,0.0461,66463.0,0.04613,12753.0,0.04614,55481.0
1753600012985,07:06:52.985,bitget,ACT/USDT:USDT,0.04611,25154.0,0.0461,66463.0,0.04614,55481.0,0.04615,53519.0
1753600013135,07:06:53.135,bitget,ACT/USDT:USDT,0.04611,25154.0,0.0461,66463.0,0.04614,55481.0,0.04615,53519.0
1753600013285,07:06:53.285,bitget,ACT/USDT:USDT,0.04611,25154.0,0.0461,66463.0,0.04614,55481.0,0.04615,53519.0
1753600013435,07:06:53.435,bitget,ACT/USDT:USDT,0.04611,25154.0,0.0461,66463.0,0.04614,55481.0,0.04615,53519.0
1753600013585,07:06:53.585,bitget,ACT/USDT:USDT,0.04611,25154.0,0.0461,66463.0,0.04614,55481.0,0.04615,53519.0
1753600013735,07:06:53.735,bitget,ACT/USDT:USDT,0.04611,25154.0,0.0461,66463.0,0.04614,55481.0,0.04615,53519.0
1753600013885,07:06:53.885,bitget,ACT/USDT:USDT,0.04611,25154.0,0.0461,66463.0,0.04614,55481.0,0.04615,53519.0
1753600014035,07:06:54.035,bitget,ACT/USDT:USDT,0.04611,25154.0,0.0461,66463.0,0.04614,55481.0,0.04615,53519.0
1753600014185,07:06:54.185,bitget,ACT/USDT:USDT,0.04611,25154.0,0.0461,66463.0,0.04614,55481.0,0.04615,53519.0
1753600014336,07:06:54.336,bitget,ACT/USDT:USDT,0.04611,25154.0,0.0461,66463.0,0.04614,55481.0,0.04615,53519.0
1753600014486,07:06:54.486,bitget,ACT/USDT:USDT,0.04611,25154.0,0.0461,66463.0,0.04614,55481.0,0.04615,53519.0
1753600014636,07:06:54.636,bitget,ACT/USDT:USDT,0.04611,25154.0,0.0461,66463.0,0.04614,55481.0,0.04615,53519.0
1753600014786,07:06:54.786,bitget,ACT/USDT:USDT,0.04611,25154.0,0.0461,66463.0,0.04614,55481.0,0.04615,53519.0
1753600014936,07:06:54.936,bitget,ACT/USDT:USDT,0.04611,25154.0,0.0461,66463.0,0.04614,55481.0,0.04615,53519.0
1753600015236,07:06:55.236,bitget,ACT/USDT:USDT,0.04611,25154.0,0.0461,66463.0,0.04614,55481.0,0.04615,53519.0
1753600015386,07:06:55.386,bitget,ACT/USDT:USDT,0.04611,25154.0,0.0461,66463.0,0.04614,55481.0,0.04615,53519.0
1753600015686,07:06:55.686,bitget,ACT/USDT:USDT,0.04611,25154.0,0.0461,66463.0,0.04613,1609.0,0.04614,55481.0
1753600015836,07:06:55.836,bitget,ACT/USDT:USDT,0.04611,25154.0,0.0461,66463.0,0.04613,11609.0,0.04614,55481.0
1753600015987,07:06:55.987,bitget,ACT/USDT:USDT,0.04611,25154.0,0.0461,66463.0,0.04613,11609.0,0.04614,55481.0
1753600016137,07:06:56.137,bitget,ACT/USDT:USDT,0.04611,25154.0,0.0461,66463.0,0.04613,11609.0,0.04614,55481.0
1753600016287,07:06:56.287,bitget,ACT/USDT:USDT,0.04611,25154.0,0.0461,66463.0,0.04613,11609.0,0.04614,55481.0
1753600016437,07:06:56.437,bitget,ACT/USDT:USDT,0.04611,25154.0,0.0461,66463.0,0.04613,11609.0,0.04614,55481.0
1753600016587,07:06:56.587,bitget,ACT/USDT:USDT,0.04611,25154.0,0.0461,66463.0,0.04613,11609.0,0.04614,55481.0
1753600016887,07:06:56.887,bitget,ACT/USDT:USDT,0.04611,25154.0,0.0461,66463.0,0.04613,11609.0,0.04614,55481.0
1753600017037,07:06:57.037,bitget,ACT/USDT:USDT,0.04611,25154.0,0.0461,66463.0,0.04613,11609.0,0.04614,55481.0
1753600017187,07:06:57.187,bitget,ACT/USDT:USDT,0.04611,25154.0,0.0461,66463.0,0.04613,11609.0,0.04614,55481.0
1753600017337,07:06:57.337,bitget,ACT/USDT:USDT,0.04611,25154.0,0.0461,66463.0,0.04613,11609.0,0.04614,55481.0
1753600017638,07:06:57.638,bitget,ACT/USDT:USDT,0.04611,25154.0,0.0461,66463.0,0.04613,11609.0,0.04614,55481.0
1753600017788,07:06:57.788,bitget,ACT/USDT:USDT,0.04611,25154.0,0.0461,66463.0,0.04613,11609.0,0.04614,55481.0
1753600017938,07:06:57.938,bitget,ACT/USDT:USDT,0.04611,25154.0,0.0461,66463.0,0.04613,11609.0,0.04614,55481.0
1753600018088,07:06:58.088,bitget,ACT/USDT:USDT,0.04611,25154.0,0.0461,66463.0,0.04613,11609.0,0.04614,55481.0
1753600018238,07:06:58.238,bitget,ACT/USDT:USDT,0.04611,25154.0,0.0461,66463.0,0.04613,11609.0,0.04614,55481.0
1753600018388,07:06:58.388,bitget,ACT/USDT:USDT,0.04611,25154.0,0.0461,66463.0,0.04613,11609.0,0.04614,55481.0
1753600018538,07:06:58.538,bitget,ACT/USDT:USDT,0.04611,25154.0,0.0461,66463.0,0.04613,11609.0,0.04614,55481.0
1753600018688,07:06:58.688,bitget,ACT/USDT:USDT,0.04611,25154.0,0.0461,66463.0,0.04613,11609.0,0.04614,55481.0
1753600018838,07:06:58.838,bitget,ACT/USDT:USDT,0.04611,25154.0,0.0461,66463.0,0.04613,11609.0,0.04614,55481.0
1753600018988,07:06:58.988,bitget,ACT/USDT:USDT,0.04611,25154.0,0.0461,66463.0,0.04613,11609.0,0.04614,55481.0
1753600019139,07:06:59.139,bitget,ACT/USDT:USDT,0.04611,25154.0,0.0461,66463.0,0.04613,11609.0,0.04614,55481.0
1753600019289,07:06:59.289,bitget,ACT/USDT:USDT,0.04611,25154.0,0.0461,66463.0,0.04613,11609.0,0.04614,55481.0
1753600019439,07:06:59.439,bitget,ACT/USDT:USDT,0.04611,25154.0,0.0461,66463.0,0.04613,11609.0,0.04614,55481.0
1753600019589,07:06:59.589,bitget,ACT/USDT:USDT,0.04611,25154.0,0.0461,66463.0,0.04613,11609.0,0.04614,55481.0
1753600019739,07:06:59.739,bitget,ACT/USDT:USDT,0.04611,25154.0,0.0461,66463.0,0.04613,1609.0,0.04614,55481.0
1753600019889,07:06:59.889,bitget,ACT/USDT:USDT,0.04611,25154.0,0.0461,66463.0,0.04613,1609.0,0.04614,55481.0
1753600020039,07:07:00.039,bitget,ACT/USDT:USDT,0.04611,25154.0,0.0461,66463.0,0.04613,1609.0,0.04614,55481.0
1753600020339,07:07:00.339,bitget,ACT/USDT:USDT,0.04611,25154.0,0.0461,66463.0,0.04613,1609.0,0.04614,55481.0
1753600020489,07:07:00.489,bitget,ACT/USDT:USDT,0.04611,25154.0,0.0461,66463.0,0.04613,1609.0,0.04614,55481.0
1753600020639,07:07:00.639,bitget,ACT/USDT:USDT,0.04611,25154.0,0.0461,66463.0,0.04613,1609.0,0.04614,55481.0
1753600020790,07:07:00.790,bitget,ACT/USDT:USDT,0.04613,10000.0,0.04612,24233.0,0.04615,52792.0,0.04616,45289.0
1753600020940,07:07:00.940,bitget,ACT/USDT:USDT,0.04613,10000.0,0.04612,67316.0,0.04615,52792.0,0.04616,45289.0
1753600021090,07:07:01.090,bitget,ACT/USDT:USDT,0.04613,10000.0,0.04612,67316.0,0.04615,52792.0,0.04616,45289.0
1753600021240,07:07:01.240,bitget,ACT/USDT:USDT,0.04613,10000.0,0.04612,67316.0,0.04615,52792.0,0.04616,45289.0
1753600021390,07:07:01.390,bitget,ACT/USDT:USDT,0.04613,10000.0,0.04612,67316.0,0.04615,52792.0,0.04616,45289.0
1753600021540,07:07:01.540,bitget,ACT/USDT:USDT,0.04613,10000.0,0.04612,67316.0,0.04615,52792.0,0.04616,45289.0
1753600021690,07:07:01.690,bitget,ACT/USDT:USDT,0.04613,10000.0,0.04612,67316.0,0.04615,52792.0,0.04616,45289.0
1753600021840,07:07:01.840,bitget,ACT/USDT:USDT,0.04613,10000.0,0.04612,67316.0,0.04615,52792.0,0.04616,45289.0
1753600021990,07:07:01.990,bitget,ACT/USDT:USDT,0.04613,10000.0,0.04612,67316.0,0.04615,52792.0,0.04616,45289.0
1753600022291,07:07:02.291,bitget,ACT/USDT:USDT,0.04613,10000.0,0.04612,67316.0,0.04615,52792.0,0.04616,45289.0
1753600022591,07:07:02.591,bitget,ACT/USDT:USDT,0.04613,10000.0,0.04612,67316.0,0.04615,52792.0,0.04616,45289.0
1753600022741,07:07:02.741,bitget,ACT/USDT:USDT,0.04612,67316.0,0.04611,57664.0,0.04614,10000.0,0.04615,52792.0
1753600022891,07:07:02.891,bitget,ACT/USDT:USDT,0.04612,67316.0,0.04611,57664.0,0.04614,10000.0,0.04615,52792.0
1753600023041,07:07:03.041,bitget,ACT/USDT:USDT,0.04612,67316.0,0.04611,57664.0,0.04614,10000.0,0.04615,52792.0
1753600023191,07:07:03.191,bitget,ACT/USDT:USDT,0.04612,67316.0,0.04611,57664.0,0.04614,10000.0,0.04615,52792.0
1753600023341,07:07:03.341,bitget,ACT/USDT:USDT,0.04612,67316.0,0.04611,57664.0,0.04614,10000.0,0.04615,52792.0
1753600023491,07:07:03.491,bitget,ACT/USDT:USDT,0.04612,67316.0,0.04611,57664.0,0.04614,10000.0,0.04615,52792.0
1753600023642,07:07:03.642,bitget,ACT/USDT:USDT,0.04612,67316.0,0.04611,57664.0,0.04614,10000.0,0.04615,52792.0
1753600023792,07:07:03.792,bitget,ACT/USDT:USDT,0.04612,67316.0,0.04611,57664.0,0.04614,10000.0,0.04615,52792.0
1753600023942,07:07:03.942,bitget,ACT/USDT:USDT,0.04612,67316.0,0.04611,57664.0,0.04614,10000.0,0.04615,52792.0
1753600024092,07:07:04.092,bitget,ACT/USDT:USDT,0.04612,67316.0,0.04611,57664.0,0.04614,10000.0,0.04615,52792.0
1753600024242,07:07:04.242,bitget,ACT/USDT:USDT,0.04612,67316.0,0.04611,57664.0,0.04614,10000.0,0.04615,52792.0
1753600024392,07:07:04.392,bitget,ACT/USDT:USDT,0.04612,67316.0,0.04611,57664.0,0.04614,10000.0,0.04615,52792.0
1753600024542,07:07:04.542,bitget,ACT/USDT:USDT,0.04612,67316.0,0.04611,57664.0,0.04614,10000.0,0.04615,52792.0
1753600024692,07:07:04.692,bitget,ACT/USDT:USDT,0.04612,67316.0,0.04611,57664.0,0.04614,10000.0,0.04615,52792.0
1753600024842,07:07:04.842,bitget,ACT/USDT:USDT,0.04612,67316.0,0.04611,57664.0,0.04614,10000.0,0.04615,52792.0
1753600024992,07:07:04.992,bitget,ACT/USDT:USDT,0.04612,67316.0,0.04611,57664.0,0.04614,10000.0,0.04615,52792.0
1753600025142,07:07:05.142,bitget,ACT/USDT:USDT,0.04612,67316.0,0.04611,57664.0,0.04614,10000.0,0.04615,52792.0
1753600025292,07:07:05.292,bitget,ACT/USDT:USDT,0.04612,67316.0,0.04611,57664.0,0.04614,10000.0,0.04615,52792.0
1753600025443,07:07:05.443,bitget,ACT/USDT:USDT,0.04612,67316.0,0.04611,57664.0,0.04614,10000.0,0.04615,52792.0
1753600025593,07:07:05.593,bitget,ACT/USDT:USDT,0.04612,67316.0,0.04611,57664.0,0.04614,10000.0,0.04615,52792.0
1753600025743,07:07:05.743,bitget,ACT/USDT:USDT,0.04612,67316.0,0.04611,57664.0,0.04614,10000.0,0.04615,52792.0
1753600025893,07:07:05.893,bitget,ACT/USDT:USDT,0.04612,67316.0,0.04611,57664.0,0.04614,10000.0,0.04615,52792.0
1753600026043,07:07:06.043,bitget,ACT/USDT:USDT,0.04612,67316.0,0.04611,57664.0,0.04614,10000.0,0.04615,52792.0
1753600026193,07:07:06.193,bitget,ACT/USDT:USDT,0.04612,67316.0,0.04611,57664.0,0.04614,10000.0,0.04615,52792.0
1753600026343,07:07:06.343,bitget,ACT/USDT:USDT,0.04612,67316.0,0.04611,57664.0,0.04614,10000.0,0.04615,52792.0
1753600026493,07:07:06.493,bitget,ACT/USDT:USDT,0.04612,67316.0,0.04611,57664.0,0.04614,10000.0,0.04615,52792.0
1753600026643,07:07:06.643,bitget,ACT/USDT:USDT,0.04612,67316.0,0.04611,57664.0,0.04614,10000.0,0.04615,52792.0
1753600026793,07:07:06.793,bitget,ACT/USDT:USDT,0.04612,67316.0,0.04611,57664.0,0.04614,10000.0,0.04615,52792.0
1753600026944,07:07:06.944,bitget,ACT/USDT:USDT,0.04612,67316.0,0.04611,57664.0,0.04614,10000.0,0.04615,52792.0
1753600027094,07:07:07.094,bitget,ACT/USDT:USDT,0.04612,67316.0,0.04611,57664.0,0.04614,10000.0,0.04615,52792.0
1753600027244,07:07:07.244,bitget,ACT/USDT:USDT,0.04612,67316.0,0.04611,57664.0,0.04614,10000.0,0.04615,52792.0
1753600027394,07:07:07.394,bitget,ACT/USDT:USDT,0.04612,67316.0,0.04611,57664.0,0.04614,10000.0,0.04615,52792.0
1753600027544,07:07:07.544,bitget,ACT/USDT:USDT,0.04612,67316.0,0.04611,57664.0,0.04614,10000.0,0.04615,52792.0
1753600027694,07:07:07.694,bitget,ACT/USDT:USDT,0.04613,10000.0,0.04612,67316.0,0.04614,10000.0,0.04615,52792.0
1753600027844,07:07:07.844,bitget,ACT/USDT:USDT,0.04613,10000.0,0.04612,67316.0,0.04614,10000.0,0.04615,52792.0
1753600027994,07:07:07.994,bitget,ACT/USDT:USDT,0.04612,67316.0,0.04611,57664.0,0.04614,10000.0,0.04615,52792.0
1753600028144,07:07:08.144,bitget,ACT/USDT:USDT,0.04612,67316.0,0.04611,57664.0,0.04614,10000.0,0.04615,52792.0
1753600028294,07:07:08.294,bitget,ACT/USDT:USDT,0.04612,67316.0,0.04611,57664.0,0.04614,10000.0,0.04615,52792.0
1753600028444,07:07:08.444,bitget,ACT/USDT:USDT,0.04612,67316.0,0.04611,57664.0,0.04614,10000.0,0.04615,52792.0
1753600028745,07:07:08.745,bitget,ACT/USDT:USDT,0.04612,67316.0,0.04611,57664.0,0.04614,10000.0,0.04615,52792.0
1753600028895,07:07:08.895,bitget,ACT/USDT:USDT,0.04612,67316.0,0.04611,57664.0,0.04614,10000.0,0.04615,52792.0
1753600029045,07:07:09.045,bitget,ACT/USDT:USDT,0.04612,34806.0,0.04611,57664.0,0.04614,10000.0,0.04615,52792.0
1753600029195,07:07:09.195,bitget,ACT/USDT:USDT,0.04612,34806.0,0.04611,57664.0,0.04614,10000.0,0.04615,52792.0
1753600029345,07:07:09.345,bitget,ACT/USDT:USDT,0.04612,34806.0,0.04611,57664.0,0.04614,10000.0,0.04615,52792.0
1753600029495,07:07:09.495,bitget,ACT/USDT:USDT,0.04612,34806.0,0.04611,57664.0,0.04614,10000.0,0.04615,52792.0
1753600029645,07:07:09.645,bitget,ACT/USDT:USDT,0.04612,24079.0,0.04611,57664.0,0.04614,10000.0,0.04615,52792.0
1753600029795,07:07:09.795,bitget,ACT/USDT:USDT,0.04612,24079.0,0.04611,57664.0,0.04613,1609.0,0.04614,10000.0
1753600029945,07:07:09.945,bitget,ACT/USDT:USDT,0.04612,11568.0,0.04611,57664.0,0.04613,1609.0,0.04614,22753.0
1753600030096,07:07:10.096,bitget,ACT/USDT:USDT,0.04612,11568.0,0.04611,57664.0,0.04613,1609.0,0.04614,22753.0
1753600030246,07:07:10.246,bitget,ACT/USDT:USDT,0.04612,11568.0,0.04611,57664.0,0.04613,1609.0,0.04614,22753.0
1753600030396,07:07:10.396,bitget,ACT/USDT:USDT,0.04612,11568.0,0.04611,57664.0,0.04613,1609.0,0.04614,22753.0
1753600030546,07:07:10.546,bitget,ACT/USDT:USDT,0.04612,11568.0,0.04611,57664.0,0.04613,1609.0,0.04614,22753.0
1753600030696,07:07:10.696,bitget,ACT/USDT:USDT,0.04612,11568.0,0.04611,57664.0,0.04613,1609.0,0.04614,22753.0
1753600030846,07:07:10.846,bitget,ACT/USDT:USDT,0.04612,11568.0,0.04611,57664.0,0.04613,1609.0,0.04614,22753.0
1753600030996,07:07:10.996,bitget,ACT/USDT:USDT,0.04612,11568.0,0.04611,57664.0,0.04613,1609.0,0.04614,22753.0
1753600031146,07:07:11.146,bitget,ACT/USDT:USDT,0.04612,11568.0,0.04611,57664.0,0.04613,1609.0,0.04614,22753.0
1753600031296,07:07:11.296,bitget,ACT/USDT:USDT,0.04612,11568.0,0.04611,57664.0,0.04613,1609.0,0.04614,22753.0
1753600031446,07:07:11.446,bitget,ACT/USDT:USDT,0.04612,11568.0,0.04611,57664.0,0.04613,1609.0,0.04614,22753.0
1753600031597,07:07:11.597,bitget,ACT/USDT:USDT,0.04612,11568.0,0.04611,57664.0,0.04613,1609.0,0.04614,22753.0
1753600031747,07:07:11.747,bitget,ACT/USDT:USDT,0.04612,11568.0,0.04611,57664.0,0.04613,1609.0,0.04614,22753.0
1753600031897,07:07:11.897,bitget,ACT/USDT:USDT,0.04612,11568.0,0.04611,57664.0,0.04613,1609.0,0.04614,22753.0
1753600032047,07:07:12.047,bitget,ACT/USDT:USDT,0.04612,11568.0,0.04611,57664.0,0.04613,1609.0,0.04614,22753.0
1753600032197,07:07:12.197,bitget,ACT/USDT:USDT,0.04612,11568.0,0.04611,57664.0,0.04613,1609.0,0.04614,22753.0
1753600032347,07:07:12.347,bitget,ACT/USDT:USDT,0.04612,11568.0,0.04611,57664.0,0.04613,1609.0,0.04614,22753.0
1753600032497,07:07:12.497,bitget,ACT/USDT:USDT,0.04612,11568.0,0.04611,57664.0,0.04613,1609.0,0.04614,22753.0
1753600032647,07:07:12.647,bitget,ACT/USDT:USDT,0.04612,11568.0,0.04611,57664.0,0.04613,1609.0,0.04614,22753.0
1753600032797,07:07:12.797,bitget,ACT/USDT:USDT,0.04612,11568.0,0.04611,57664.0,0.04613,1609.0,0.04614,22753.0
1753600032947,07:07:12.947,bitget,ACT/USDT:USDT,0.04612,11568.0,0.04611,57664.0,0.04613,1609.0,0.04614,22753.0
1753600033097,07:07:13.097,bitget,ACT/USDT:USDT,0.04612,11568.0,0.04611,57664.0,0.04613,1609.0,0.04614,22753.0
1753600033248,07:07:13.248,bitget,ACT/USDT:USDT,0.04612,11568.0,0.04611,57664.0,0.04613,1609.0,0.04614,22753.0
1753600033548,07:07:13.548,bitget,ACT/USDT:USDT,0.04612,1568.0,0.04611,57664.0,0.04613,1609.0,0.04614,22753.0
1753600033698,07:07:13.698,bitget,ACT/USDT:USDT,0.04611,57664.0,0.0461,54895.0,0.04613,11609.0,0.04614,24321.0
1753600033998,07:07:13.998,bitget,ACT/USDT:USDT,0.0461,10000.0,0.04609,56549.0,0.04611,11609.0,0.04612,27012.0
1753600034148,07:07:14.148,bitget,ACT/USDT:USDT,0.0461,10000.0,0.04609,56549.0,0.04611,1609.0,0.04612,28580.0
1753600034448,07:07:14.448,bitget,ACT/USDT:USDT,0.0461,10000.0,0.04609,59404.0,0.04611,1609.0,0.04612,27012.0
1753600034598,07:07:14.598,bitget,ACT/USDT:USDT,0.0461,10000.0,0.04609,59404.0,0.04611,11609.0,0.04612,28580.0
1753600034749,07:07:14.749,bitget,ACT/USDT:USDT,0.0461,10000.0,0.04609,26894.0,0.04611,11609.0,0.04612,61090.0
1753600034899,07:07:14.899,bitget,ACT/USDT:USDT,0.0461,10000.0,0.04609,26894.0,0.04611,11609.0,0.04612,61090.0
1753600035199,07:07:15.199,bitget,ACT/USDT:USDT,0.04609,26894.0,0.04608,45575.0,0.04611,24832.0,0.04612,61090.0
1753600035349,07:07:15.349,bitget,ACT/USDT:USDT,0.04609,26894.0,0.04608,45575.0,0.04611,24832.0,0.04612,61090.0
1753600035499,07:07:15.499,bitget,ACT/USDT:USDT,0.04609,26894.0,0.04608,45575.0,0.04611,24832.0,0.04612,61090.0
1753600035649,07:07:15.649,bitget,ACT/USDT:USDT,0.04609,26894.0,0.04608,45575.0,0.04611,24832.0,0.04612,61090.0
1753600035799,07:07:15.799,bitget,ACT/USDT:USDT,0.04609,26894.0,0.04608,45575.0,0.04611,24832.0,0.04612,61090.0
1753600035949,07:07:15.949,bitget,ACT/USDT:USDT,0.04609,26894.0,0.04608,45575.0,0.04611,11609.0,0.04612,61090.0
1753600036099,07:07:16.099,bitget,ACT/USDT:USDT,0.04609,29709.0,0.04608,45575.0,0.04611,11609.0,0.04612,61090.0
1753600036400,07:07:16.400,bitget,ACT/USDT:USDT,0.04609,29709.0,0.04608,45575.0,0.04611,11609.0,0.04612,61090.0
1753600036700,07:07:16.700,bitget,ACT/USDT:USDT,0.04609,29709.0,0.04608,45575.0,0.04611,11609.0,0.04612,61090.0
1753600036850,07:07:16.850,bitget,ACT/USDT:USDT,0.04609,29709.0,0.04608,45575.0,0.04611,11609.0,0.04612,61090.0
1753600037000,07:07:17.000,bitget,ACT/USDT:USDT,0.04609,29709.0,0.04608,45575.0,0.04611,11609.0,0.04612,61090.0
1753600037150,07:07:17.150,bitget,ACT/USDT:USDT,0.04609,29709.0,0.04608,45575.0,0.04611,11609.0,0.04612,61090.0
1753600037450,07:07:17.450,bitget,ACT/USDT:USDT,0.04609,29709.0,0.04608,45575.0,0.04611,11609.0,0.04612,61090.0
1753600037750,07:07:17.750,bitget,ACT/USDT:USDT,0.04609,29709.0,0.04608,45575.0,0.04611,11609.0,0.04612,61090.0
1753600037901,07:07:17.901,bitget,ACT/USDT:USDT,0.04609,29709.0,0.04608,45575.0,0.04611,11609.0,0.04612,61090.0
1753600038201,07:07:18.201,bitget,ACT/USDT:USDT,0.04609,29709.0,0.04608,45575.0,0.04611,24832.0,0.04612,61090.0
1753600038351,07:07:18.351,bitget,ACT/USDT:USDT,0.04609,29709.0,0.04608,45575.0,0.04611,24832.0,0.04612,61090.0
1753600038501,07:07:18.501,bitget,ACT/USDT:USDT,0.04609,29709.0,0.04608,45575.0,0.04611,24832.0,0.04612,61090.0
1753600038651,07:07:18.651,bitget,ACT/USDT:USDT,0.04609,29709.0,0.04608,45575.0,0.04611,24832.0,0.04612,61090.0
1753600038801,07:07:18.801,bitget,ACT/USDT:USDT,0.04609,29709.0,0.04608,45575.0,0.04611,24832.0,0.04612,61090.0
1753600038951,07:07:18.951,bitget,ACT/USDT:USDT,0.04609,29709.0,0.04608,45575.0,0.04611,24832.0,0.04612,61090.0
1753600039101,07:07:19.101,bitget,ACT/USDT:USDT,0.04609,29709.0,0.04608,45575.0,0.04611,24832.0,0.04612,61090.0
1753600039251,07:07:19.251,bitget,ACT/USDT:USDT,0.04609,29709.0,0.04608,45575.0,0.04611,24832.0,0.04612,61090.0
1753600039552,07:07:19.552,bitget,ACT/USDT:USDT,0.04609,29709.0,0.04608,45575.0,0.04611,24832.0,0.04612,61090.0
1753600039702,07:07:19.702,bitget,ACT/USDT:USDT,0.04609,29709.0,0.04608,45575.0,0.04611,24832.0,0.04612,61090.0
1753600039852,07:07:19.852,bitget,ACT/USDT:USDT,0.04609,29709.0,0.04608,45575.0,0.04611,24832.0,0.04612,61090.0
1753600040002,07:07:20.002,bitget,ACT/USDT:USDT,0.04609,29709.0,0.04608,45575.0,0.04611,24832.0,0.04612,61090.0
1753600040152,07:07:20.152,bitget,ACT/USDT:USDT,0.04609,29709.0,0.04608,45575.0,0.04611,24832.0,0.04612,61090.0
1753600040452,07:07:20.452,bitget,ACT/USDT:USDT,0.04609,29709.0,0.04608,45575.0,0.04611,24832.0,0.04612,61090.0
1753600040602,07:07:20.602,bitget,ACT/USDT:USDT,0.04609,29709.0,0.04608,45575.0,0.04611,24832.0,0.04612,61090.0
1753600040752,07:07:20.752,bitget,ACT/USDT:USDT,0.04609,29709.0,0.04608,45575.0,0.04611,24832.0,0.04612,61090.0
1753600040902,07:07:20.902,bitget,ACT/USDT:USDT,0.04609,29709.0,0.04608,45575.0,0.04611,24832.0,0.04612,61090.0
1753600041052,07:07:21.052,bitget,ACT/USDT:USDT,0.04609,29709.0,0.04608,45575.0,0.04611,24832.0,0.04612,61090.0
1753600041203,07:07:21.203,bitget,ACT/USDT:USDT,0.04609,29709.0,0.04608,45575.0,0.04611,24832.0,0.04612,61090.0
1753600041353,07:07:21.353,bitget,ACT/USDT:USDT,0.04609,29709.0,0.04608,45575.0,0.04611,24832.0,0.04612,61090.0
1753600041503,07:07:21.503,bitget,ACT/USDT:USDT,0.04609,29709.0,0.04608,45575.0,0.04611,24832.0,0.04612,61090.0
1753600041653,07:07:21.653,bitget,ACT/USDT:USDT,0.04609,29709.0,0.04608,45575.0,0.04611,24832.0,0.04612,61090.0
1753600041803,07:07:21.803,bitget,ACT/USDT:USDT,0.04609,29709.0,0.04608,45575.0,0.04611,24832.0,0.04612,61090.0
1753600041953,07:07:21.953,bitget,ACT/USDT:USDT,0.04609,29709.0,0.04608,45575.0,0.04611,24832.0,0.04612,61090.0
1753600042103,07:07:22.103,bitget,ACT/USDT:USDT,0.04609,29709.0,0.04608,45575.0,0.04611,24832.0,0.04612,61090.0
1753600042403,07:07:22.403,bitget,ACT/USDT:USDT,0.04608,56302.0,0.04607,47704.0,0.0461,1609.0,0.04611,55733.0
1753600042553,07:07:22.553,bitget,ACT/USDT:USDT,0.04608,20238.0,0.04607,47704.0,0.0461,11609.0,0.04611,55733.0
1753600042704,07:07:22.704,bitget,ACT/USDT:USDT,0.04608,20238.0,0.04607,47704.0,0.0461,11609.0,0.04611,55733.0
1753600042854,07:07:22.854,bitget,ACT/USDT:USDT,0.04608,20238.0,0.04607,47704.0,0.0461,11609.0,0.04611,55733.0
1753600043004,07:07:23.004,bitget,ACT/USDT:USDT,0.04608,20238.0,0.04607,47704.0,0.0461,24362.0,0.04611,55733.0
1753600043154,07:07:23.154,bitget,ACT/USDT:USDT,0.04608,20238.0,0.04607,47704.0,0.0461,11609.0,0.04611,55733.0
1753600043454,07:07:23.454,bitget,ACT/USDT:USDT,0.04608,20238.0,0.04607,47704.0,0.0461,11609.0,0.04611,55733.0
1753600043604,07:07:23.604,bitget,ACT/USDT:USDT,0.04608,20238.0,0.04607,47704.0,0.0461,11609.0,0.04611,55733.0
1753600043754,07:07:23.754,bitget,ACT/USDT:USDT,0.04608,9511.0,0.04607,47704.0,0.04609,1609.0,0.0461,44078.0
1753600043904,07:07:23.904,bitget,ACT/USDT:USDT,0.04607,47704.0,0.04606,52748.0,0.04609,11609.0,0.0461,56831.0
1753600044054,07:07:24.054,bitget,ACT/USDT:USDT,0.04607,47704.0,0.04606,52748.0,0.04609,11609.0,0.0461,56831.0
1753600044205,07:07:24.205,bitget,ACT/USDT:USDT,0.04607,47704.0,0.04606,52748.0,0.04609,11609.0,0.0461,56831.0
1753600044355,07:07:24.355,bitget,ACT/USDT:USDT,0.04607,47704.0,0.04606,52748.0,0.04609,11609.0,0.0461,56831.0
1753600044505,07:07:24.505,bitget,ACT/USDT:USDT,0.04607,57704.0,0.04606,52748.0,0.04609,11609.0,0.0461,56831.0
1753600044655,07:07:24.655,bitget,ACT/USDT:USDT,0.04607,57704.0,0.04606,52748.0,0.04609,11609.0,0.0461,56831.0
1753600044805,07:07:24.805,bitget,ACT/USDT:USDT,0.04607,57704.0,0.04606,52748.0,0.04609,11609.0,0.0461,56831.0
1753600044955,07:07:24.955,bitget,ACT/USDT:USDT,0.04607,57704.0,0.04606,52748.0,0.04609,11609.0,0.0461,56831.0
1753600045105,07:07:25.105,bitget,ACT/USDT:USDT,0.04607,57704.0,0.04606,52748.0,0.04609,11609.0,0.0461,56831.0
1753600045255,07:07:25.255,bitget,ACT/USDT:USDT,0.04607,57704.0,0.04606,52748.0,0.04609,11609.0,0.0461,56831.0
1753600045405,07:07:25.405,bitget,ACT/USDT:USDT,0.04607,57704.0,0.04606,52748.0,0.04609,11609.0,0.0461,56831.0
1753600045555,07:07:25.555,bitget,ACT/USDT:USDT,0.04607,57704.0,0.04606,52748.0,0.04609,11609.0,0.0461,56831.0
1753600045706,07:07:25.706,bitget,ACT/USDT:USDT,0.04607,57704.0,0.04606,52748.0,0.04609,11609.0,0.0461,56831.0
1753600045856,07:07:25.856,bitget,ACT/USDT:USDT,0.04607,57704.0,0.04606,52748.0,0.04609,11609.0,0.0461,56831.0
1753600046006,07:07:26.006,bitget,ACT/USDT:USDT,0.04607,57704.0,0.04606,52748.0,0.04609,11609.0,0.0461,56831.0
1753600046156,07:07:26.156,bitget,ACT/USDT:USDT,0.04607,57704.0,0.04606,52748.0,0.04609,11609.0,0.0461,56831.0
1753600046306,07:07:26.306,bitget,ACT/USDT:USDT,0.04607,57704.0,0.04606,52748.0,0.04609,11609.0,0.0461,56831.0
1753600046456,07:07:26.456,bitget,ACT/USDT:USDT,0.04607,57704.0,0.04606,52748.0,0.04609,11609.0,0.0461,56831.0
1753600046606,07:07:26.606,bitget,ACT/USDT:USDT,0.04607,57704.0,0.04606,52748.0,0.04609,11609.0,0.0461,56831.0
1753600046756,07:07:26.756,bitget,ACT/USDT:USDT,0.04607,57704.0,0.04606,52748.0,0.04609,11609.0,0.0461,56831.0
1753600046906,07:07:26.906,bitget,ACT/USDT:USDT,0.04607,57704.0,0.04606,52748.0,0.04609,11609.0,0.0461,56831.0
1753600047056,07:07:27.056,bitget,ACT/USDT:USDT,0.04607,25194.0,0.04606,20238.0,0.04608,1609.0,0.04609,42510.0
1753600047206,07:07:27.206,bitget,ACT/USDT:USDT,0.04607,10000.0,0.04606,20238.0,0.04608,1609.0,0.04609,55733.0
1753600047357,07:07:27.357,bitget,ACT/USDT:USDT,0.04607,10000.0,0.04606,20238.0,0.04608,3177.0,0.04609,57301.0
1753600047507,07:07:27.507,bitget,ACT/USDT:USDT,0.04607,10000.0,0.04606,30238.0,0.04608,13177.0,0.04609,57301.0
1753600047657,07:07:27.657,bitget,ACT/USDT:USDT,0.04607,10000.0,0.04606,30238.0,0.04608,13177.0,0.04609,57301.0
1753600047807,07:07:27.807,bitget,ACT/USDT:USDT,0.04607,10000.0,0.04606,30238.0,0.04608,13177.0,0.04609,57301.0
1753600047957,07:07:27.957,bitget,ACT/USDT:USDT,0.04607,10000.0,0.04606,30238.0,0.04608,13177.0,0.04609,57301.0
1753600048107,07:07:28.107,bitget,ACT/USDT:USDT,0.04607,10000.0,0.04606,30238.0,0.04608,13177.0,0.04609,57301.0
1753600048257,07:07:28.257,bitget,ACT/USDT:USDT,0.04607,10000.0,0.04606,30238.0,0.04608,13177.0,0.04609,57301.0
1753600048407,07:07:28.407,bitget,ACT/USDT:USDT,0.04607,10000.0,0.04606,64316.0,0.04609,11568.0,0.0461,42510.0
1753600048557,07:07:28.557,bitget,ACT/USDT:USDT,0.04607,25664.0,0.04606,64316.0,0.04609,11568.0,0.0461,55481.0
1753600048857,07:07:28.857,bitget,ACT/USDT:USDT,0.04607,25664.0,0.04606,64316.0,0.04609,11568.0,0.0461,55481.0
1753600049007,07:07:29.007,bitget,ACT/USDT:USDT,0.04607,25664.0,0.04606,64316.0,0.04609,11568.0,0.0461,55481.0
1753600049158,07:07:29.158,bitget,ACT/USDT:USDT,0.04607,25664.0,0.04606,64316.0,0.04609,11568.0,0.0461,55481.0
1753600049308,07:07:29.308,bitget,ACT/USDT:USDT,0.04607,25664.0,0.04606,64316.0,0.04609,11568.0,0.0461,55481.0
1753600049458,07:07:29.458,bitget,ACT/USDT:USDT,0.04607,25664.0,0.04606,64316.0,0.04609,11568.0,0.0461,55481.0
1753600049608,07:07:29.608,bitget,ACT/USDT:USDT,0.04607,25664.0,0.04606,64316.0,0.04609,24321.0,0.0461,55481.0
1753600049908,07:07:29.908,bitget,ACT/USDT:USDT,0.04607,25664.0,0.04606,64316.0,0.04609,24321.0,0.0461,55481.0
1753600050058,07:07:30.058,bitget,ACT/USDT:USDT,0.04607,25664.0,0.04606,64316.0,0.04609,24321.0,0.0461,55481.0
1753600050208,07:07:30.208,bitget,ACT/USDT:USDT,0.04607,25664.0,0.04606,64316.0,0.04609,24321.0,0.0461,55481.0
1753600050359,07:07:30.359,bitget,ACT/USDT:USDT,0.04607,25664.0,0.04606,64316.0,0.04609,11568.0,0.0461,55481.0
1753600050509,07:07:30.509,bitget,ACT/USDT:USDT,0.04607,25664.0,0.04606,64316.0,0.04609,11568.0,0.0461,55481.0
1753600050809,07:07:30.809,bitget,ACT/USDT:USDT,0.04607,25664.0,0.04606,64316.0,0.04609,22429.0,0.0461,55481.0
1753600050959,07:07:30.959,bitget,ACT/USDT:USDT,0.04607,58174.0,0.04606,64316.0,0.04609,10000.0,0.0461,55481.0
1753600051109,07:07:31.109,bitget,ACT/USDT:USDT,0.04607,58174.0,0.04606,64316.0,0.04609,10000.0,0.0461,55481.0
1753600051259,07:07:31.259,bitget,ACT/USDT:USDT,0.04607,58174.0,0.04606,64316.0,0.04609,10000.0,0.0461,55481.0
1753600051409,07:07:31.409,bitget,ACT/USDT:USDT,0.04607,58174.0,0.04606,64316.0,0.04609,10000.0,0.0461,55481.0
1753600051709,07:07:31.709,bitget,ACT/USDT:USDT,0.04607,58174.0,0.04606,64316.0,0.04609,10000.0,0.0461,55481.0
1753600051859,07:07:31.859,bitget,ACT/USDT:USDT,0.04607,58174.0,0.04606,64316.0,0.04609,10000.0,0.0461,55481.0
1753600052010,07:07:32.010,bitget,ACT/USDT:USDT,0.04607,58174.0,0.04606,64316.0,0.04609,10000.0,0.0461,55481.0
1753600052310,07:07:32.310,bitget,ACT/USDT:USDT,0.04607,58174.0,0.04606,64316.0,0.04609,10000.0,0.0461,55481.0
1753600052460,07:07:32.460,bitget,ACT/USDT:USDT,0.04607,58174.0,0.04606,64316.0,0.04609,10000.0,0.0461,55481.0
1753600052610,07:07:32.610,bitget,ACT/USDT:USDT,0.04607,58174.0,0.04606,64316.0,0.04609,10000.0,0.0461,55481.0
1753600052760,07:07:32.760,bitget,ACT/USDT:USDT,0.04607,58174.0,0.04606,64316.0,0.04609,10000.0,0.0461,55481.0
1753600052910,07:07:32.910,bitget,ACT/USDT:USDT,0.04607,58174.0,0.04606,64316.0,0.04609,10000.0,0.0461,55481.0
1753600053060,07:07:33.060,bitget,ACT/USDT:USDT,0.04607,58174.0,0.04606,64316.0,0.04609,10000.0,0.0461,55481.0
1753600053210,07:07:33.210,bitget,ACT/USDT:USDT,0.04607,58174.0,0.04606,64316.0,0.04609,10000.0,0.0461,55481.0
1753600053360,07:07:33.360,bitget,ACT/USDT:USDT,0.04608,1235.0,0.04607,58174.0,0.0461,55481.0,0.04611,52748.0
1753600053510,07:07:33.510,bitget,ACT/USDT:USDT,0.04608,12803.0,0.04607,58174.0,0.0461,55481.0,0.04611,52748.0
1753600053661,07:07:33.661,bitget,ACT/USDT:USDT,0.04608,12803.0,0.04607,58174.0,0.0461,55481.0,0.04611,52748.0
1753600053811,07:07:33.811,bitget,ACT/USDT:USDT,0.04608,23530.0,0.04607,58174.0,0.0461,12971.0,0.04611,42021.0
1753600054111,07:07:34.111,bitget,ACT/USDT:USDT,0.04609,11235.0,0.04608,65492.0,0.04611,42021.0,0.04612,49522.0
1753600054261,07:07:34.261,bitget,ACT/USDT:USDT,0.04609,11235.0,0.04608,65492.0,0.04611,42021.0,0.04612,49522.0
1753600054561,07:07:34.561,bitget,ACT/USDT:USDT,0.04609,11235.0,0.04608,65492.0,0.04611,52021.0,0.04612,49522.0
1753600054711,07:07:34.711,bitget,ACT/USDT:USDT,0.04609,11235.0,0.04608,32982.0,0.04611,52021.0,0.04612,49522.0
1753600054861,07:07:34.861,bitget,ACT/USDT:USDT,0.04609,11235.0,0.04608,32982.0,0.04611,52021.0,0.04612,49522.0
1753600055011,07:07:35.011,bitget,ACT/USDT:USDT,0.04609,11235.0,0.04608,32982.0,0.04611,52021.0,0.04612,49522.0
1753600055312,07:07:35.312,bitget,ACT/USDT:USDT,0.04609,11235.0,0.04608,32982.0,0.04611,52021.0,0.04612,49522.0
1753600055462,07:07:35.462,bitget,ACT/USDT:USDT,0.04609,11235.0,0.04608,32982.0,0.0461,10000.0,0.04611,52021.0
1753600055612,07:07:35.612,bitget,ACT/USDT:USDT,0.04609,11235.0,0.04608,32982.0,0.0461,10000.0,0.04611,52021.0
1753600055762,07:07:35.762,bitget,ACT/USDT:USDT,0.04609,11235.0,0.04608,32982.0,0.0461,10000.0,0.04611,52021.0
1753600055912,07:07:35.912,bitget,ACT/USDT:USDT,0.04609,11235.0,0.04608,32982.0,0.0461,10000.0,0.04611,52021.0
1753600056062,07:07:36.062,bitget,ACT/USDT:USDT,0.04609,11235.0,0.04608,32982.0,0.0461,10000.0,0.04611,52021.0
1753600056212,07:07:36.212,bitget,ACT/USDT:USDT,0.04609,11235.0,0.04608,32982.0,0.0461,10000.0,0.04611,52021.0
1753600056362,07:07:36.362,bitget,ACT/USDT:USDT,0.04609,11235.0,0.04608,32982.0,0.0461,10000.0,0.04611,52021.0
1753600056512,07:07:36.512,bitget,ACT/USDT:USDT,0.04609,11235.0,0.04608,32982.0,0.0461,10000.0,0.04611,52021.0
1753600056662,07:07:36.662,bitget,ACT/USDT:USDT,0.04609,11235.0,0.04608,32982.0,0.0461,10000.0,0.04611,52021.0
1753600056813,07:07:36.813,bitget,ACT/USDT:USDT,0.04609,11235.0,0.04608,32982.0,0.0461,10000.0,0.04611,52021.0
1753600056963,07:07:36.963,bitget,ACT/USDT:USDT,0.04609,11235.0,0.04608,32982.0,0.0461,10000.0,0.04611,52021.0
1753600057413,07:07:37.413,bitget,ACT/USDT:USDT,0.04609,11235.0,0.04608,65492.0,0.04611,42021.0,0.04612,49522.0
1753600057863,07:07:37.863,bitget,ACT/USDT:USDT,0.04609,11235.0,0.04608,65492.0,0.04611,42021.0,0.04612,49522.0
1753600058164,07:07:38.164,bitget,ACT/USDT:USDT,0.04609,11235.0,0.04608,65492.0,0.04611,42021.0,0.04612,49522.0
1753600058313,07:07:38.313,bitget,ACT/USDT:USDT,0.04609,11235.0,0.04608,65492.0,0.04611,42021.0,0.04612,49522.0
1753600058464,07:07:38.464,bitget,ACT/USDT:USDT,0.04609,11235.0,0.04608,65492.0,0.04611,42021.0,0.04612,49522.0
1753600058764,07:07:38.764,bitget,ACT/USDT:USDT,0.04609,11235.0,0.04608,65492.0,0.04611,42021.0,0.04612,49522.0
1753600058914,07:07:38.914,bitget,ACT/USDT:USDT,0.04609,11235.0,0.04608,65492.0,0.04611,42021.0,0.04612,49522.0
1753600059064,07:07:39.064,bitget,ACT/USDT:USDT,0.04609,11235.0,0.04608,32982.0,0.04611,42021.0,0.04612,49522.0
1753600059214,07:07:39.214,bitget,ACT/USDT:USDT,0.04609,11235.0,0.04608,32982.0,0.04611,42021.0,0.04612,49522.0
1753600059364,07:07:39.364,bitget,ACT/USDT:USDT,0.04609,11235.0,0.04608,31414.0,0.04611,53589.0,0.04612,49522.0
1753600059514,07:07:39.514,bitget,ACT/USDT:USDT,0.04609,11235.0,0.04608,31414.0,0.04611,53589.0,0.04612,49522.0
1753600059664,07:07:39.664,bitget,ACT/USDT:USDT,0.04609,11235.0,0.04608,31414.0,0.04611,53589.0,0.04612,49522.0
1753600059965,07:07:39.965,bitget,ACT/USDT:USDT,0.04609,11235.0,0.04608,31414.0,0.04611,53589.0,0.04612,49522.0
1753600060115,07:07:40.115,bitget,ACT/USDT:USDT,0.04609,11235.0,0.04608,31414.0,0.04611,53589.0,0.04612,49522.0
1753600060265,07:07:40.265,bitget,ACT/USDT:USDT,0.04609,11235.0,0.04608,31414.0,0.04611,53589.0,0.04612,49522.0
1753600060565,07:07:40.565,bitget,ACT/USDT:USDT,0.04609,11235.0,0.04608,31414.0,0.04611,53589.0,0.04612,49522.0
1753600060715,07:07:40.715,bitget,ACT/USDT:USDT,0.04609,11235.0,0.04608,31414.0,0.04611,53589.0,0.04612,49522.0
1753600061015,07:07:41.015,bitget,ACT/USDT:USDT,0.04609,11235.0,0.04608,31414.0,0.04611,53589.0,0.04612,49522.0
1753600061466,07:07:41.466,bitget,ACT/USDT:USDT,0.04609,11235.0,0.04608,31414.0,0.04611,53589.0,0.04612,49522.0
1753600061766,07:07:41.766,bitget,ACT/USDT:USDT,0.04609,11235.0,0.04608,31414.0,0.04611,53589.0,0.04612,49522.0
1753600061916,07:07:41.916,bitget,ACT/USDT:USDT,0.04609,11235.0,0.04608,31414.0,0.04611,53589.0,0.04612,49522.0
1753600062066,07:07:42.066,bitget,ACT/USDT:USDT,0.04609,11235.0,0.04608,31414.0,0.04611,53589.0,0.04612,49522.0
1753600062516,07:07:42.516,bitget,ACT/USDT:USDT,0.04609,11235.0,0.04608,31414.0,0.04611,53589.0,0.04612,49522.0
1753600062666,07:07:42.666,bitget,ACT/USDT:USDT,0.04609,11235.0,0.04608,31414.0,0.04611,53589.0,0.04612,49522.0
1753600062816,07:07:42.816,bitget,ACT/USDT:USDT,0.04609,11235.0,0.04608,31414.0,0.04611,53589.0,0.04612,49522.0
1753600062967,07:07:42.967,bitget,ACT/USDT:USDT,0.04609,11235.0,0.04608,31414.0,0.04611,53589.0,0.04612,49522.0
1753600063117,07:07:43.117,bitget,ACT/USDT:USDT,0.04609,11235.0,0.04608,31414.0,0.04611,53589.0,0.04612,49522.0
1753600063267,07:07:43.267,bitget,ACT/USDT:USDT,0.04609,11235.0,0.04608,31414.0,0.04611,53589.0,0.04612,49522.0
1753600063567,07:07:43.567,bitget,ACT/USDT:USDT,0.04609,11235.0,0.04608,31414.0,0.04611,53589.0,0.04612,49522.0
1753600063717,07:07:43.717,bitget,ACT/USDT:USDT,0.04609,11235.0,0.04608,31414.0,0.04611,53589.0,0.04612,49522.0
1753600063867,07:07:43.867,bitget,ACT/USDT:USDT,0.04609,11235.0,0.04608,31414.0,0.04611,53589.0,0.04612,49522.0
1753600064017,07:07:44.017,bitget,ACT/USDT:USDT,0.04609,11235.0,0.04608,31414.0,0.04611,53589.0,0.04612,49522.0
1753600064167,07:07:44.167,bitget,ACT/USDT:USDT,0.04609,11235.0,0.04608,31414.0,0.04611,53589.0,0.04612,49522.0
1753600064317,07:07:44.317,bitget,ACT/USDT:USDT,0.04609,11235.0,0.04608,31414.0,0.04611,53589.0,0.04612,49522.0
1753600064467,07:07:44.467,bitget,ACT/USDT:USDT,0.04609,11235.0,0.04608,31414.0,0.04611,53589.0,0.04612,49522.0
1753600064618,07:07:44.618,bitget,ACT/USDT:USDT,0.04609,11235.0,0.04608,31414.0,0.04611,53589.0,0.04612,49522.0
1753600064768,07:07:44.768,bitget,ACT/USDT:USDT,0.04609,11235.0,0.04608,31414.0,0.04611,53589.0,0.04612,49522.0
1753600064918,07:07:44.918,bitget,ACT/USDT:USDT,0.04609,11235.0,0.04608,31414.0,0.04611,53589.0,0.04612,49522.0
1753600065068,07:07:45.068,bitget,ACT/USDT:USDT,0.04609,11235.0,0.04608,31414.0,0.04611,53589.0,0.04612,49522.0
1753600065218,07:07:45.218,bitget,ACT/USDT:USDT,0.04609,11235.0,0.04608,31414.0,0.04611,53589.0,0.04612,49522.0
1753600065368,07:07:45.368,bitget,ACT/USDT:USDT,0.04609,11235.0,0.04608,31414.0,0.04611,53589.0,0.04612,49522.0
1753600065518,07:07:45.518,bitget,ACT/USDT:USDT,0.04609,11235.0,0.04608,31414.0,0.04611,53589.0,0.04612,49522.0
1753600065819,07:07:45.819,bitget,ACT/USDT:USDT,0.04609,11235.0,0.04608,31414.0,0.04611,53589.0,0.04612,49522.0
1753600066119,07:07:46.119,bitget,ACT/USDT:USDT,0.04609,11235.0,0.04608,31414.0,0.04611,53589.0,0.04612,49522.0
1753600066569,07:07:46.569,bitget,ACT/USDT:USDT,0.04609,11235.0,0.04608,31414.0,0.04611,53589.0,0.04612,49522.0
1753600066869,07:07:46.869,bitget,ACT/USDT:USDT,0.04609,11235.0,0.04608,31414.0,0.04611,53589.0,0.04612,49522.0
1753600067019,07:07:47.019,bitget,ACT/USDT:USDT,0.04609,11235.0,0.04608,31414.0,0.04611,53589.0,0.04612,49522.0
1753600067169,07:07:47.169,bitget,ACT/USDT:USDT,0.04609,11235.0,0.04608,31414.0,0.0461,10000.0,0.04611,53589.0
1753600067319,07:07:47.319,bitget,ACT/USDT:USDT,0.04609,11235.0,0.04608,31414.0,0.0461,10000.0,0.04611,53589.0
1753600067470,07:07:47.470,bitget,ACT/USDT:USDT,0.04609,11235.0,0.04608,32982.0,0.04611,53589.0,0.04612,49522.0
1753600067620,07:07:47.620,bitget,ACT/USDT:USDT,0.04609,11235.0,0.04608,32982.0,0.04611,53589.0,0.04612,49522.0
1753600067770,07:07:47.770,bitget,ACT/USDT:USDT,0.04609,11235.0,0.04608,32982.0,0.04611,53589.0,0.04612,49522.0
1753600067920,07:07:47.920,bitget,ACT/USDT:USDT,0.04609,11235.0,0.04608,32982.0,0.04611,53589.0,0.04612,49522.0
1753600068070,07:07:48.070,bitget,ACT/USDT:USDT,0.04609,11235.0,0.04608,32982.0,0.04611,53589.0,0.04612,49522.0
1753600068220,07:07:48.220,bitget,ACT/USDT:USDT,0.04609,11235.0,0.04608,32982.0,0.04611,53589.0,0.04612,49522.0
1753600068520,07:07:48.520,bitget,ACT/USDT:USDT,0.04609,11235.0,0.04608,32982.0,0.04611,53589.0,0.04612,49522.0
1753600068670,07:07:48.670,bitget,ACT/USDT:USDT,0.04609,11235.0,0.04608,32982.0,0.04611,53589.0,0.04612,49522.0
1753600068820,07:07:48.820,bitget,ACT/USDT:USDT,0.04609,11235.0,0.04608,32982.0,0.04611,53589.0,0.04612,49522.0
1753600068970,07:07:48.970,bitget,ACT/USDT:USDT,0.04609,11235.0,0.04608,32982.0,0.04611,53589.0,0.04612,49522.0
1753600069271,07:07:49.271,bitget,ACT/USDT:USDT,0.04609,11235.0,0.04608,32982.0,0.04611,53589.0,0.04612,49522.0
1753600069571,07:07:49.571,bitget,ACT/USDT:USDT,0.04609,11235.0,0.04608,32982.0,0.04611,53589.0,0.04612,49522.0
1753600069871,07:07:49.871,bitget,ACT/USDT:USDT,0.04609,11235.0,0.04608,32982.0,0.04611,53589.0,0.04612,49522.0
1753600070021,07:07:50.021,bitget,ACT/USDT:USDT,0.04609,11235.0,0.04608,32982.0,0.04611,53589.0,0.04612,49522.0
1753600070171,07:07:50.171,bitget,ACT/USDT:USDT,0.04609,11235.0,0.04608,32982.0,0.04611,53589.0,0.04612,49522.0
1753600070321,07:07:50.321,bitget,ACT/USDT:USDT,0.04609,11235.0,0.04608,32982.0,0.04611,53589.0,0.04612,49522.0
1753600070471,07:07:50.471,bitget,ACT/USDT:USDT,0.04609,11235.0,0.04608,32982.0,0.04611,53589.0,0.04612,49522.0
1753600070621,07:07:50.621,bitget,ACT/USDT:USDT,0.04609,1235.0,0.04608,32982.0,0.04611,53589.0,0.04612,49522.0
1753600070772,07:07:50.772,bitget,ACT/USDT:USDT,0.04609,1235.0,0.04608,32982.0,0.04611,53589.0,0.04612,49522.0
1753600070922,07:07:50.922,bitget,ACT/USDT:USDT,0.04609,1235.0,0.04608,32982.0,0.04611,53589.0,0.04612,49522.0
1753600071072,07:07:51.072,bitget,ACT/USDT:USDT,0.04609,1235.0,0.04608,32982.0,0.04611,53589.0,0.04612,49522.0
1753600071372,07:07:51.372,bitget,ACT/USDT:USDT,0.04609,1235.0,0.04608,32982.0,0.0461,10000.0,0.04611,53589.0
1753600071522,07:07:51.522,bitget,ACT/USDT:USDT,0.04609,1235.0,0.04608,32982.0,0.0461,10000.0,0.04611,53589.0
1753600071822,07:07:51.822,bitget,ACT/USDT:USDT,0.04609,1235.0,0.04608,32982.0,0.0461,10000.0,0.04611,53589.0
1753600071972,07:07:51.972,bitget,ACT/USDT:USDT,0.04609,1235.0,0.04608,32982.0,0.0461,10000.0,0.04611,53589.0
1753600072123,07:07:52.123,bitget,ACT/USDT:USDT,0.04609,1235.0,0.04608,32982.0,0.0461,10000.0,0.04611,53589.0
1753600072423,07:07:52.423,bitget,ACT/USDT:USDT,0.04609,1235.0,0.04608,32982.0,0.0461,10000.0,0.04611,53589.0
1753600072573,07:07:52.573,bitget,ACT/USDT:USDT,0.04609,1235.0,0.04608,32982.0,0.0461,10000.0,0.04611,53589.0
1753600072723,07:07:52.723,bitget,ACT/USDT:USDT,0.04609,1235.0,0.04608,32982.0,0.0461,10000.0,0.04611,53589.0
1753600073173,07:07:53.173,bitget,ACT/USDT:USDT,0.04609,11235.0,0.04608,32982.0,0.0461,10000.0,0.04611,53589.0
1753600073323,07:07:53.323,bitget,ACT/USDT:USDT,0.04609,11235.0,0.04608,32982.0,0.0461,10000.0,0.04611,53589.0
1753600073473,07:07:53.473,bitget,ACT/USDT:USDT,0.04609,11235.0,0.04608,32982.0,0.0461,10000.0,0.04611,53589.0
1753600073774,07:07:53.774,bitget,ACT/USDT:USDT,0.04609,11235.0,0.04608,32982.0,0.0461,10000.0,0.04611,53589.0
1753600073924,07:07:53.924,bitget,ACT/USDT:USDT,0.04609,11235.0,0.04608,32982.0,0.0461,10000.0,0.04611,53589.0
1753600074074,07:07:54.074,bitget,ACT/USDT:USDT,0.04609,11235.0,0.04608,32982.0,0.0461,10000.0,0.04611,53589.0
1753600074224,07:07:54.224,bitget,ACT/USDT:USDT,0.04609,11235.0,0.04608,32982.0,0.0461,10000.0,0.04611,53589.0
1753600074824,07:07:54.824,bitget,ACT/USDT:USDT,0.04609,11235.0,0.04608,32982.0,0.0461,10000.0,0.04611,53589.0
1753600074974,07:07:54.974,bitget,ACT/USDT:USDT,0.04609,11235.0,0.04608,32982.0,0.0461,10000.0,0.04611,53589.0
1753600075124,07:07:55.124,bitget,ACT/USDT:USDT,0.04609,11235.0,0.04608,32982.0,0.0461,10000.0,0.04611,53589.0
1753600075725,07:07:55.725,bitget,ACT/USDT:USDT,0.04609,11235.0,0.04608,32982.0,0.0461,10000.0,0.04611,53589.0
1753600075875,07:07:55.875,bitget,ACT/USDT:USDT,0.04609,11235.0,0.04608,32982.0,0.0461,10000.0,0.04611,53589.0
1753600076175,07:07:56.175,bitget,ACT/USDT:USDT,0.04609,11235.0,0.04608,32982.0,0.0461,10000.0,0.04611,53589.0
1753600076325,07:07:56.325,bitget,ACT/USDT:USDT,0.04609,11235.0,0.04608,32982.0,0.0461,10000.0,0.04611,53589.0
1753600076475,07:07:56.475,bitget,ACT/USDT:USDT,0.04609,11235.0,0.04608,32982.0,0.0461,10000.0,0.04611,53589.0
1753600076626,07:07:56.626,bitget,ACT/USDT:USDT,0.04609,11235.0,0.04608,32982.0,0.0461,10000.0,0.04611,53589.0
1753600076776,07:07:56.776,bitget,ACT/USDT:USDT,0.04609,11235.0,0.04608,32982.0,0.0461,10000.0,0.04611,53589.0
1753600077076,07:07:57.076,bitget,ACT/USDT:USDT,0.04609,1235.0,0.04608,32982.0,0.0461,10000.0,0.04611,53589.0
1753600077226,07:07:57.226,bitget,ACT/USDT:USDT,0.04609,1235.0,0.04608,22255.0,0.0461,10000.0,0.04611,64316.0
1753600077376,07:07:57.376,bitget,ACT/USDT:USDT,0.04608,22255.0,0.04607,58174.0,0.0461,26442.0,0.04611,64316.0
1753600077526,07:07:57.526,bitget,ACT/USDT:USDT,0.04608,22255.0,0.04607,58174.0,0.0461,26442.0,0.04611,64316.0
1753600078126,07:07:58.126,bitget,ACT/USDT:USDT,0.04608,22255.0,0.04607,58174.0,0.0461,26442.0,0.04611,64316.0
1753600078277,07:07:58.277,bitget,ACT/USDT:USDT,0.04608,20687.0,0.04607,58174.0,0.0461,26442.0,0.04611,64316.0
1753600078577,07:07:58.577,bitget,ACT/USDT:USDT,0.04608,10000.0,0.04607,58174.0,0.0461,58952.0,0.04611,64316.0
1753600079027,07:07:59.027,bitget,ACT/USDT:USDT,0.04608,10000.0,0.04607,58174.0,0.0461,58952.0,0.04611,64316.0
1753600079177,07:07:59.177,bitget,ACT/USDT:USDT,0.04608,10000.0,0.04607,58174.0,0.0461,58952.0,0.04611,64316.0
1753600079477,07:07:59.477,bitget,ACT/USDT:USDT,0.04608,10000.0,0.04607,58174.0,0.0461,58952.0,0.04611,64316.0
1753600079627,07:07:59.627,bitget,ACT/USDT:USDT,0.04608,10000.0,0.04607,58174.0,0.0461,58952.0,0.04611,64316.0
1753600079777,07:07:59.777,bitget,ACT/USDT:USDT,0.04608,10000.0,0.04607,58174.0,0.0461,58952.0,0.04611,64316.0
1753600079928,07:07:59.928,bitget,ACT/USDT:USDT,0.04608,10000.0,0.04607,58174.0,0.0461,58952.0,0.04611,64316.0
1753600080228,07:08:00.228,bitget,ACT/USDT:USDT,0.04608,10000.0,0.04607,58174.0,0.0461,58952.0,0.04611,64316.0
1753600080828,07:08:00.828,bitget,ACT/USDT:USDT,0.04608,10000.0,0.04607,58174.0,0.0461,58952.0,0.04611,64316.0
1753600081278,07:08:01.278,bitget,ACT/USDT:USDT,0.04608,10000.0,0.04607,58174.0,0.0461,58952.0,0.04611,64316.0
1753600081428,07:08:01.428,bitget,ACT/USDT:USDT,0.04608,10000.0,0.04607,58174.0,0.0461,58952.0,0.04611,64316.0
1753600081579,07:08:01.579,bitget,ACT/USDT:USDT,0.04608,10000.0,0.04607,58174.0,0.0461,58952.0,0.04611,64316.0
1753600081729,07:08:01.729,bitget,ACT/USDT:USDT,0.04608,10000.0,0.04607,58174.0,0.0461,58952.0,0.04611,64316.0
1753600082029,07:08:02.029,bitget,ACT/USDT:USDT,0.04607,25664.0,0.04606,52748.0,0.0461,58952.0,0.04611,64316.0
1753600082179,07:08:02.179,bitget,ACT/USDT:USDT,0.04607,25664.0,0.04606,52748.0,0.0461,58952.0,0.04611,64316.0
1753600082329,07:08:02.329,bitget,ACT/USDT:USDT,0.04607,25664.0,0.04606,52748.0,0.04609,12753.0,0.0461,58952.0
1753600082479,07:08:02.479,bitget,ACT/USDT:USDT,0.04607,25664.0,0.04606,52748.0,0.04609,22753.0,0.0461,58952.0
1753600082629,07:08:02.629,bitget,ACT/USDT:USDT,0.04607,25664.0,0.04606,52748.0,0.04609,55263.0,0.0461,58952.0
1753600082779,07:08:02.779,bitget,ACT/USDT:USDT,0.04607,10000.0,0.04606,20238.0,0.04609,56831.0,0.0461,58952.0
1753600082929,07:08:02.929,bitget,ACT/USDT:USDT,0.04606,20238.0,0.04605,45481.0,0.04609,56831.0,0.0461,58952.0
1753600083080,07:08:03.080,bitget,ACT/USDT:USDT,0.04606,19511.0,0.04605,45481.0,0.04608,10000.0,0.04609,67558.0
1753600083530,07:08:03.530,bitget,ACT/USDT:USDT,0.04606,19511.0,0.04605,45481.0,0.04608,27049.0,0.04609,67558.0
1753600083680,07:08:03.680,bitget,ACT/USDT:USDT,0.04606,19511.0,0.04605,45481.0,0.04608,27049.0,0.04609,67558.0
1753600083980,07:08:03.980,bitget,ACT/USDT:USDT,0.04606,19511.0,0.04605,45481.0,0.04608,27049.0,0.04609,67558.0
1753600084280,07:08:04.280,bitget,ACT/USDT:USDT,0.04606,19511.0,0.04605,45481.0,0.04608,27049.0,0.04609,67558.0
1753600084431,07:08:04.431,bitget,ACT/USDT:USDT,0.04606,19511.0,0.04605,45481.0,0.04608,27049.0,0.04609,67558.0
1753600084581,07:08:04.581,bitget,ACT/USDT:USDT,0.04606,19511.0,0.04605,45481.0,0.04608,27049.0,0.04609,67558.0
1753600084731,07:08:04.731,bitget,ACT/USDT:USDT,0.04606,19511.0,0.04605,45481.0,0.04608,27049.0,0.04609,67558.0
1753600084881,07:08:04.881,bitget,ACT/USDT:USDT,0.04606,19511.0,0.04605,45481.0,0.04608,27049.0,0.04609,67558.0
1753600085031,07:08:05.031,bitget,ACT/USDT:USDT,0.04606,19511.0,0.04605,45481.0,0.04608,27049.0,0.04609,67558.0
1753600085181,07:08:05.181,bitget,ACT/USDT:USDT,0.04606,19511.0,0.04605,45481.0,0.04608,27049.0,0.04609,67558.0
1753600085331,07:08:05.331,bitget,ACT/USDT:USDT,0.04606,19511.0,0.04605,45481.0,0.04608,27049.0,0.04609,67558.0
1753600085481,07:08:05.481,bitget,ACT/USDT:USDT,0.04606,19511.0,0.04605,45481.0,0.04608,27049.0,0.04609,67558.0
1753600085631,07:08:05.631,bitget,ACT/USDT:USDT,0.04606,19511.0,0.04605,45481.0,0.04608,27049.0,0.04609,67558.0
1753600086082,07:08:06.082,bitget,ACT/USDT:USDT,0.04606,19511.0,0.04605,45481.0,0.04608,27049.0,0.04609,67558.0
1753600086232,07:08:06.232,bitget,ACT/USDT:USDT,0.04606,19511.0,0.04605,45481.0,0.04608,27049.0,0.04609,67558.0
1753600086832,07:08:06.832,bitget,ACT/USDT:USDT,0.04606,19511.0,0.04605,45481.0,0.04608,27049.0,0.04609,67558.0
1753600086982,07:08:06.982,bitget,ACT/USDT:USDT,0.04606,19511.0,0.04605,45481.0,0.04608,27049.0,0.04609,67558.0
1753600087132,07:08:07.132,bitget,ACT/USDT:USDT,0.04606,31806.0,0.04605,45481.0,0.04608,27049.0,0.04609,55263.0
1753600087282,07:08:07.282,bitget,ACT/USDT:USDT,0.04606,31806.0,0.04605,45481.0,0.04608,10000.0,0.04609,55263.0
1753600087733,07:08:07.733,bitget,ACT/USDT:USDT,0.04606,31806.0,0.04605,45481.0,0.04608,10000.0,0.04609,55263.0
1753600088333,07:08:08.333,bitget,ACT/USDT:USDT,0.04607,10000.0,0.04606,31806.0,0.04609,55263.0,0.0461,58952.0
1753600088483,07:08:08.483,bitget,ACT/USDT:USDT,0.04607,10000.0,0.04606,31806.0,0.04609,55263.0,0.0461,58952.0
1753600088633,07:08:08.633,bitget,ACT/USDT:USDT,0.04607,10000.0,0.04606,31806.0,0.04609,55263.0,0.0461,58952.0
1753600088783,07:08:08.783,bitget,ACT/USDT:USDT,0.04607,10000.0,0.04606,31806.0,0.04609,45263.0,0.0461,58952.0
1753600088933,07:08:08.933,bitget,ACT/USDT:USDT,0.04607,10000.0,0.04606,31806.0,0.04609,45263.0,0.0461,58952.0
1753600089084,07:08:09.084,bitget,ACT/USDT:USDT,0.04607,10000.0,0.04606,31806.0,0.04609,45263.0,0.0461,58952.0
1753600089234,07:08:09.234,bitget,ACT/USDT:USDT,0.04607,10000.0,0.04606,31806.0,0.04609,45263.0,0.0461,58952.0
1753600089384,07:08:09.384,bitget,ACT/USDT:USDT,0.04607,10000.0,0.04606,31806.0,0.04609,45263.0,0.0461,58952.0
1753600089534,07:08:09.534,bitget,ACT/USDT:USDT,0.04607,10000.0,0.04606,31806.0,0.04609,45263.0,0.0461,58952.0
1753600089684,07:08:09.684,bitget,ACT/USDT:USDT,0.04607,10000.0,0.04606,31806.0,0.04609,45263.0,0.0461,58952.0
1753600089834,07:08:09.834,bitget,ACT/USDT:USDT,0.04607,10000.0,0.04606,31806.0,0.04609,45263.0,0.0461,58952.0
1753600089984,07:08:09.984,bitget,ACT/USDT:USDT,0.04607,10000.0,0.04606,31806.0,0.04609,45263.0,0.0461,58952.0
1753600090134,07:08:10.134,bitget,ACT/USDT:USDT,0.04607,10000.0,0.04606,31806.0,0.04609,45263.0,0.0461,58952.0
1753600090434,07:08:10.434,bitget,ACT/USDT:USDT,0.04607,10000.0,0.04606,31806.0,0.04609,45263.0,0.0461,58952.0
1753600090584,07:08:10.584,bitget,ACT/USDT:USDT,0.04607,10000.0,0.04606,31806.0,0.04609,45263.0,0.0461,58952.0
1753600091035,07:08:11.035,bitget,ACT/USDT:USDT,0.04607,10000.0,0.04606,31806.0,0.04609,45263.0,0.0461,58952.0
1753600091185,07:08:11.185,bitget,ACT/USDT:USDT,0.04607,10000.0,0.04606,31806.0,0.04609,45263.0,0.0461,58952.0
1753600091335,07:08:11.335,bitget,ACT/USDT:USDT,0.04607,10000.0,0.04606,31806.0,0.04609,45263.0,0.0461,58952.0
1753600091485,07:08:11.485,bitget,ACT/USDT:USDT,0.04607,10000.0,0.04606,31806.0,0.04609,46831.0,0.0461,58952.0
1753600091635,07:08:11.635,bitget,ACT/USDT:USDT,0.04607,10000.0,0.04606,31806.0,0.04609,46831.0,0.0461,58952.0
1753600091785,07:08:11.785,bitget,ACT/USDT:USDT,0.04607,10000.0,0.04606,31806.0,0.04609,46831.0,0.0461,58952.0
1753600091935,07:08:11.935,bitget,ACT/USDT:USDT,0.04607,10000.0,0.04606,31806.0,0.04609,56831.0,0.0461,58952.0
1753600092085,07:08:12.085,bitget,ACT/USDT:USDT,0.04607,10000.0,0.04606,31806.0,0.04609,56831.0,0.0461,58952.0
1753600092236,07:08:12.236,bitget,ACT/USDT:USDT,0.04607,10000.0,0.04606,31806.0,0.04609,56831.0,0.0461,58952.0
1753600092386,07:08:12.386,bitget,ACT/USDT:USDT,0.04607,10000.0,0.04606,31806.0,0.04609,56831.0,0.0461,58952.0
1753600092536,07:08:12.536,bitget,ACT/USDT:USDT,0.04607,10000.0,0.04606,31806.0,0.04609,56831.0,0.0461,58952.0
1753600092686,07:08:12.686,bitget,ACT/USDT:USDT,0.04607,10000.0,0.04606,30238.0,0.04609,56831.0,0.0461,58952.0
1753600092836,07:08:12.836,bitget,ACT/USDT:USDT,0.04607,10000.0,0.04606,30238.0,0.04609,56831.0,0.0461,58952.0
1753600093586,07:08:13.586,bitget,ACT/USDT:USDT,0.04607,10000.0,0.04606,30238.0,0.04608,10000.0,0.04609,56831.0
1753600093736,07:08:13.736,bitget,ACT/USDT:USDT,0.04607,10000.0,0.04606,30238.0,0.04608,10000.0,0.04609,56831.0
1753600093887,07:08:13.887,bitget,ACT/USDT:USDT,0.04607,10000.0,0.04606,30238.0,0.04608,10000.0,0.04609,56831.0
1753600094037,07:08:14.037,bitget,ACT/USDT:USDT,0.04607,10000.0,0.04606,30238.0,0.04608,10000.0,0.04609,56831.0
1753600094187,07:08:14.187,bitget,ACT/USDT:USDT,0.04607,10000.0,0.04606,30238.0,0.04608,10000.0,0.04609,56831.0
1753600094337,07:08:14.337,bitget,ACT/USDT:USDT,0.04607,10000.0,0.04606,30238.0,0.04608,10000.0,0.04609,56831.0
1753600094487,07:08:14.487,bitget,ACT/USDT:USDT,0.04607,10000.0,0.04606,30238.0,0.04608,10000.0,0.04609,56831.0
1753600094637,07:08:14.637,bitget,ACT/USDT:USDT,0.04607,10000.0,0.04606,30238.0,0.04608,10000.0,0.04609,56831.0
1753600094787,07:08:14.787,bitget,ACT/USDT:USDT,0.04607,10000.0,0.04606,30238.0,0.04608,10000.0,0.04609,56831.0
1753600095087,07:08:15.087,bitget,ACT/USDT:USDT,0.04607,10000.0,0.04606,30238.0,0.04608,10000.0,0.04609,56831.0
1753600095237,07:08:15.237,bitget,ACT/USDT:USDT,0.04607,10000.0,0.04606,30238.0,0.04608,10000.0,0.04609,56831.0
1753600095387,07:08:15.387,bitget,ACT/USDT:USDT,0.04607,10000.0,0.04606,30238.0,0.04608,10000.0,0.04609,56831.0
1753600095538,07:08:15.538,bitget,ACT/USDT:USDT,0.04607,10000.0,0.04606,30238.0,0.04608,10000.0,0.04609,56831.0
1753600095688,07:08:15.688,bitget,ACT/USDT:USDT,0.04607,10000.0,0.04606,30238.0,0.04608,10000.0,0.04609,56831.0
1753600095838,07:08:15.838,bitget,ACT/USDT:USDT,0.04607,10000.0,0.04606,30238.0,0.04608,10000.0,0.04609,56831.0
1753600095988,07:08:15.988,bitget,ACT/USDT:USDT,0.04607,10000.0,0.04606,30238.0,0.04608,10000.0,0.04609,56831.0
1753600096138,07:08:16.138,bitget,ACT/USDT:USDT,0.04607,10000.0,0.04606,30238.0,0.04608,10000.0,0.04609,56831.0
1753600096288,07:08:16.288,bitget,ACT/USDT:USDT,0.04607,10000.0,0.04606,30238.0,0.04608,10000.0,0.04609,56831.0
1753600096438,07:08:16.438,bitget,ACT/USDT:USDT,0.04607,10000.0,0.04606,30238.0,0.04608,10000.0,0.04609,56831.0
1753600096588,07:08:16.588,bitget,ACT/USDT:USDT,0.04606,30238.0,0.04605,45481.0,0.04608,10000.0,0.04609,56831.0
1753600096738,07:08:16.738,bitget,ACT/USDT:USDT,0.04606,30238.0,0.04605,45481.0,0.04608,55733.0,0.04609,67558.0
1753600096888,07:08:16.888,bitget,ACT/USDT:USDT,0.04606,30238.0,0.04605,45481.0,0.04608,55733.0,0.04609,67558.0
1753600097038,07:08:17.038,bitget,ACT/USDT:USDT,0.04606,30238.0,0.04605,45481.0,0.04608,55733.0,0.04609,67558.0
1753600097189,07:08:17.189,bitget,ACT/USDT:USDT,0.04606,30238.0,0.04605,45481.0,0.04608,55733.0,0.04609,67558.0
1753600097339,07:08:17.339,bitget,ACT/USDT:USDT,0.04606,30238.0,0.04605,45481.0,0.04608,55733.0,0.04609,67558.0
1753600097489,07:08:17.489,bitget,ACT/USDT:USDT,0.04606,30238.0,0.04605,45481.0,0.04608,55733.0,0.04609,67558.0
1753600097639,07:08:17.639,bitget,ACT/USDT:USDT,0.04606,30238.0,0.04605,45481.0,0.04608,55733.0,0.04609,67558.0
1753600097789,07:08:17.789,bitget,ACT/USDT:USDT,0.04606,30238.0,0.04605,45481.0,0.04608,55733.0,0.04609,67558.0
1753600097939,07:08:17.939,bitget,ACT/USDT:USDT,0.04606,30238.0,0.04605,45481.0,0.04608,55733.0,0.04609,67558.0
1753600098089,07:08:18.089,bitget,ACT/USDT:USDT,0.04606,30238.0,0.04605,45481.0,0.04608,55733.0,0.04609,67558.0
1753600098239,07:08:18.239,bitget,ACT/USDT:USDT,0.04606,30238.0,0.04605,45481.0,0.04608,55733.0,0.04609,67558.0
1753600098389,07:08:18.389,bitget,ACT/USDT:USDT,0.04606,30238.0,0.04605,45481.0,0.04608,55733.0,0.04609,67558.0
1753600098540,07:08:18.540,bitget,ACT/USDT:USDT,0.04606,30238.0,0.04605,45481.0,0.04608,55733.0,0.04609,67558.0
1753600098690,07:08:18.690,bitget,ACT/USDT:USDT,0.04606,30238.0,0.04605,45481.0,0.04608,55733.0,0.04609,67558.0
1753600098840,07:08:18.840,bitget,ACT/USDT:USDT,0.04606,30238.0,0.04605,45481.0,0.04608,55733.0,0.04609,67558.0
1753600098990,07:08:18.990,bitget,ACT/USDT:USDT,0.04606,30238.0,0.04605,45481.0,0.04608,55733.0,0.04609,67558.0
1753600099140,07:08:19.140,bitget,ACT/USDT:USDT,0.04606,30238.0,0.04605,45481.0,0.04608,55733.0,0.04609,67558.0
1753600099290,07:08:19.290,bitget,ACT/USDT:USDT,0.04606,30238.0,0.04605,45481.0,0.04608,55733.0,0.04609,67558.0
1753600099440,07:08:19.440,bitget,ACT/USDT:USDT,0.04606,30238.0,0.04605,45481.0,0.04608,55733.0,0.04609,67558.0
1753600099590,07:08:19.590,bitget,ACT/USDT:USDT,0.04606,30238.0,0.04605,45481.0,0.04608,55733.0,0.04609,67558.0
1753600099740,07:08:19.740,bitget,ACT/USDT:USDT,0.04606,19511.0,0.04605,45481.0,0.04608,55733.0,0.04609,67558.0
1753600100040,07:08:20.040,bitget,ACT/USDT:USDT,0.04606,19511.0,0.04605,45481.0,0.04608,55733.0,0.04609,67558.0
1753600100191,07:08:20.191,bitget,ACT/USDT:USDT,0.04606,19511.0,0.04605,45481.0,0.04608,55733.0,0.04609,67558.0
1753600100341,07:08:20.341,bitget,ACT/USDT:USDT,0.04606,10000.0,0.04605,45481.0,0.04608,55733.0,0.04609,67558.0
1753600100641,07:08:20.641,bitget,ACT/USDT:USDT,0.04606,10000.0,0.04605,45481.0,0.04608,55733.0,0.04609,67558.0
1753600100941,07:08:20.941,bitget,ACT/USDT:USDT,0.04606,10000.0,0.04605,45481.0,0.04608,55733.0,0.04609,67558.0
1753600101091,07:08:21.091,bitget,ACT/USDT:USDT,0.04606,10000.0,0.04605,45481.0,0.04608,55733.0,0.04609,67558.0
1753600101241,07:08:21.241,bitget,ACT/USDT:USDT,0.04606,10000.0,0.04605,45481.0,0.04608,55733.0,0.04609,67558.0
1753600101391,07:08:21.391,bitget,ACT/USDT:USDT,0.04606,10000.0,0.04605,45481.0,0.04608,55733.0,0.04609,67558.0
1753600101541,07:08:21.541,bitget,ACT/USDT:USDT,0.04606,10000.0,0.04605,45481.0,0.04608,55733.0,0.04609,67558.0
1753600101842,07:08:21.842,bitget,ACT/USDT:USDT,0.04606,10000.0,0.04605,45481.0,0.04608,55733.0,0.04609,67558.0
1753600101992,07:08:21.992,bitget,ACT/USDT:USDT,0.04606,10000.0,0.04605,45481.0,0.04608,55733.0,0.04609,67558.0
1753600102292,07:08:22.292,bitget,ACT/USDT:USDT,0.04606,10000.0,0.04605,45481.0,0.04608,55733.0,0.04609,67558.0
1753600102442,07:08:22.442,bitget,ACT/USDT:USDT,0.04605,12971.0,0.04604,55990.0,0.04608,55733.0,0.04609,67558.0
1753600102592,07:08:22.592,bitget,ACT/USDT:USDT,0.04605,12971.0,0.04604,55990.0,0.04607,12753.0,0.04608,55733.0
1753600102742,07:08:22.742,bitget,ACT/USDT:USDT,0.04605,12971.0,0.04604,55990.0,0.04607,55263.0,0.04608,55733.0
1753600102892,07:08:22.892,bitget,ACT/USDT:USDT,0.04605,12971.0,0.04604,55990.0,0.04607,55263.0,0.04608,55733.0
1753600103042,07:08:23.042,bitget,ACT/USDT:USDT,0.04605,12971.0,0.04604,55990.0,0.04607,55263.0,0.04608,55733.0
1753600103192,07:08:23.192,bitget,ACT/USDT:USDT,0.04605,12971.0,0.04604,55990.0,0.04607,55263.0,0.04608,55733.0
1753600103342,07:08:23.342,bitget,ACT/USDT:USDT,0.04605,12971.0,0.04604,55990.0,0.04607,55263.0,0.04608,55733.0
1753600103493,07:08:23.493,bitget,ACT/USDT:USDT,0.04605,12971.0,0.04604,55990.0,0.04607,55263.0,0.04608,55733.0
1753600103643,07:08:23.643,bitget,ACT/USDT:USDT,0.04605,12971.0,0.04604,55990.0,0.04607,55263.0,0.04608,55733.0
1753600103793,07:08:23.793,bitget,ACT/USDT:USDT,0.04605,22971.0,0.04604,55990.0,0.04607,55263.0,0.04608,55733.0
1753600103943,07:08:23.943,bitget,ACT/USDT:USDT,0.04605,22971.0,0.04604,55990.0,0.04607,55263.0,0.04608,55733.0
1753600104243,07:08:24.243,bitget,ACT/USDT:USDT,0.04605,22971.0,0.04604,55990.0,0.04607,55263.0,0.04608,55733.0
1753600104393,07:08:24.393,bitget,ACT/USDT:USDT,0.04605,22971.0,0.04604,55990.0,0.04607,55263.0,0.04608,55733.0
1753600104543,07:08:24.543,bitget,ACT/USDT:USDT,0.04605,22971.0,0.04604,55990.0,0.04607,55263.0,0.04608,55733.0
1753600104693,07:08:24.693,bitget,ACT/USDT:USDT,0.04605,22971.0,0.04604,55990.0,0.04607,55263.0,0.04608,55733.0
1753600104844,07:08:24.844,bitget,ACT/USDT:USDT,0.04605,22971.0,0.04604,55990.0,0.04607,55263.0,0.04608,55733.0
1753600105144,07:08:25.144,bitget,ACT/USDT:USDT,0.04605,22971.0,0.04604,55990.0,0.04607,55263.0,0.04608,55733.0
1753600105294,07:08:25.294,bitget,ACT/USDT:USDT,0.04605,22971.0,0.04604,55990.0,0.04607,55263.0,0.04608,55733.0
1753600105444,07:08:25.444,bitget,ACT/USDT:USDT,0.04605,22971.0,0.04604,55990.0,0.04607,55263.0,0.04608,55733.0
1753600105594,07:08:25.594,bitget,ACT/USDT:USDT,0.04605,22971.0,0.04604,55990.0,0.04607,55263.0,0.04608,55733.0
1753600105744,07:08:25.744,bitget,ACT/USDT:USDT,0.04605,22971.0,0.04604,55990.0,0.04607,55263.0,0.04608,55733.0
1753600106044,07:08:26.044,bitget,ACT/USDT:USDT,0.04605,22971.0,0.04604,55990.0,0.04607,55263.0,0.04608,55733.0
1753600106344,07:08:26.344,bitget,ACT/USDT:USDT,0.04605,22971.0,0.04604,55990.0,0.04607,55263.0,0.04608,55733.0
1753600106495,07:08:26.495,bitget,ACT/USDT:USDT,0.04605,22971.0,0.04604,55990.0,0.04607,55263.0,0.04608,55733.0
1753600106645,07:08:26.645,bitget,ACT/USDT:USDT,0.04605,22971.0,0.04604,55990.0,0.04607,55263.0,0.04608,55733.0
1753600106945,07:08:26.945,bitget,ACT/USDT:USDT,0.04605,22971.0,0.04604,55990.0,0.04607,55263.0,0.04608,55733.0
1753600107095,07:08:27.095,bitget,ACT/USDT:USDT,0.04605,22971.0,0.04604,55990.0,0.04607,55263.0,0.04608,55733.0
1753600107245,07:08:27.245,bitget,ACT/USDT:USDT,0.04605,22971.0,0.04604,55990.0,0.04607,55263.0,0.04608,55733.0
1753600107395,07:08:27.395,bitget,ACT/USDT:USDT,0.04605,22971.0,0.04604,55990.0,0.04607,55263.0,0.04608,55733.0
1753600107545,07:08:27.545,bitget,ACT/USDT:USDT,0.04605,22971.0,0.04604,55990.0,0.04607,55263.0,0.04608,55733.0
1753600107695,07:08:27.695,bitget,ACT/USDT:USDT,0.04605,22971.0,0.04604,55990.0,0.04607,55263.0,0.04608,55733.0
1753600107845,07:08:27.845,bitget,ACT/USDT:USDT,0.04605,22971.0,0.04604,55990.0,0.04607,55263.0,0.04608,55733.0
1753600107996,07:08:27.996,bitget,ACT/USDT:USDT,0.04605,22971.0,0.04604,55990.0,0.04607,55263.0,0.04608,55733.0
1753600108296,07:08:28.296,bitget,ACT/USDT:USDT,0.04605,22971.0,0.04604,55990.0,0.04607,55263.0,0.04608,55733.0
1753600108446,07:08:28.446,bitget,ACT/USDT:USDT,0.04605,22971.0,0.04604,55990.0,0.04607,55263.0,0.04608,55733.0
1753600108746,07:08:28.746,bitget,ACT/USDT:USDT,0.04605,22971.0,0.04604,55990.0,0.04607,55263.0,0.04608,55733.0
1753600108896,07:08:28.896,bitget,ACT/USDT:USDT,0.04605,22971.0,0.04604,55990.0,0.04607,55263.0,0.04608,55733.0
1753600109046,07:08:29.046,bitget,ACT/USDT:USDT,0.04605,22971.0,0.04604,55990.0,0.04607,55263.0,0.04608,55733.0
1753600109196,07:08:29.196,bitget,ACT/USDT:USDT,0.04605,22971.0,0.04604,55990.0,0.04607,55263.0,0.04608,55733.0
1753600109346,07:08:29.346,bitget,ACT/USDT:USDT,0.04605,22971.0,0.04604,55990.0,0.04607,55263.0,0.04608,55733.0
1753600109497,07:08:29.497,bitget,ACT/USDT:USDT,0.04605,22971.0,0.04604,55990.0,0.04607,55263.0,0.04608,55733.0
1753600109647,07:08:29.647,bitget,ACT/USDT:USDT,0.04605,22971.0,0.04604,55990.0,0.04607,55263.0,0.04608,55733.0
1753600109797,07:08:29.797,bitget,ACT/USDT:USDT,0.04605,22971.0,0.04604,55990.0,0.04607,55263.0,0.04608,55733.0
1753600109947,07:08:29.947,bitget,ACT/USDT:USDT,0.04605,22971.0,0.04604,55990.0,0.04607,55263.0,0.04608,55733.0
1753600110097,07:08:30.097,bitget,ACT/USDT:USDT,0.04605,22971.0,0.04604,55990.0,0.04607,55263.0,0.04608,55733.0
1753600110247,07:08:30.247,bitget,ACT/USDT:USDT,0.04605,22971.0,0.04604,55990.0,0.04607,55263.0,0.04608,55733.0
1753600110397,07:08:30.397,bitget,ACT/USDT:USDT,0.04605,22971.0,0.04604,55990.0,0.04607,55263.0,0.04608,55733.0
1753600110697,07:08:30.697,bitget,ACT/USDT:USDT,0.04605,22971.0,0.04604,55990.0,0.04607,55263.0,0.04608,55733.0
1753600110848,07:08:30.848,bitget,ACT/USDT:USDT,0.04605,22971.0,0.04604,55990.0,0.04607,55263.0,0.04608,55733.0
1753600110998,07:08:30.998,bitget,ACT/USDT:USDT,0.04605,22971.0,0.04604,55990.0,0.04607,55263.0,0.04608,55733.0
1753600111148,07:08:31.148,bitget,ACT/USDT:USDT,0.04605,22971.0,0.04604,55990.0,0.04607,55263.0,0.04608,55733.0
1753600111448,07:08:31.448,bitget,ACT/USDT:USDT,0.04605,22971.0,0.04604,55990.0,0.04607,55263.0,0.04608,55733.0
1753600111598,07:08:31.598,bitget,ACT/USDT:USDT,0.04605,22971.0,0.04604,55990.0,0.04607,55263.0,0.04608,55733.0
1753600111748,07:08:31.748,bitget,ACT/USDT:USDT,0.04605,22971.0,0.04604,55990.0,0.04607,55263.0,0.04608,55733.0
1753600111898,07:08:31.898,bitget,ACT/USDT:USDT,0.04605,22971.0,0.04604,55990.0,0.04607,55263.0,0.04608,55733.0
1753600112048,07:08:32.048,bitget,ACT/USDT:USDT,0.04605,22971.0,0.04604,55990.0,0.04607,55263.0,0.04608,55733.0
1753600112198,07:08:32.198,bitget,ACT/USDT:USDT,0.04605,22971.0,0.04604,55990.0,0.04607,55263.0,0.04608,55733.0
1753600112349,07:08:32.349,bitget,ACT/USDT:USDT,0.04605,22971.0,0.04604,55990.0,0.04607,55263.0,0.04608,55733.0
1753600112499,07:08:32.499,bitget,ACT/USDT:USDT,0.04605,22971.0,0.04604,55990.0,0.04607,55263.0,0.04608,55733.0
1753600112649,07:08:32.649,bitget,ACT/USDT:USDT,0.04605,22971.0,0.04604,55990.0,0.04607,55263.0,0.04608,55733.0
1753600112949,07:08:32.949,bitget,ACT/USDT:USDT,0.04605,22971.0,0.04604,55990.0,0.04607,55263.0,0.04608,55733.0
1753600113099,07:08:33.099,bitget,ACT/USDT:USDT,0.04605,22971.0,0.04604,55990.0,0.04607,55263.0,0.04608,55733.0
1753600113249,07:08:33.249,bitget,ACT/USDT:USDT,0.04605,22971.0,0.04604,55990.0,0.04607,55263.0,0.04608,55733.0
1753600113399,07:08:33.399,bitget,ACT/USDT:USDT,0.04605,22971.0,0.04604,55990.0,0.04607,55263.0,0.04608,55733.0
1753600113549,07:08:33.549,bitget,ACT/USDT:USDT,0.04605,22971.0,0.04604,55990.0,0.04607,55263.0,0.04608,55733.0
1753600113699,07:08:33.699,bitget,ACT/USDT:USDT,0.04605,12971.0,0.04604,55990.0,0.04606,10000.0,0.04607,55263.0
1753600113849,07:08:33.849,bitget,ACT/USDT:USDT,0.04604,55990.0,0.04603,48930.0,0.04606,10000.0,0.04607,55263.0
1753600114000,07:08:34.000,bitget,ACT/USDT:USDT,0.04604,55990.0,0.04603,48930.0,0.04606,10000.0,0.04607,55263.0
1753600114150,07:08:34.150,bitget,ACT/USDT:USDT,0.04604,55990.0,0.04603,48930.0,0.04606,10000.0,0.04607,55263.0
1753600114300,07:08:34.300,bitget,ACT/USDT:USDT,0.04604,55990.0,0.04603,48930.0,0.04606,10000.0,0.04607,55263.0
1753600114450,07:08:34.450,bitget,ACT/USDT:USDT,0.04604,23480.0,0.04603,48930.0,0.04606,10000.0,0.04607,55263.0
1753600114600,07:08:34.600,bitget,ACT/USDT:USDT,0.04604,23480.0,0.04603,48930.0,0.04606,10000.0,0.04607,55263.0
1753600114750,07:08:34.750,bitget,ACT/USDT:USDT,0.04604,33480.0,0.04603,48930.0,0.04606,10000.0,0.04607,55263.0
1753600115050,07:08:35.050,bitget,ACT/USDT:USDT,0.04604,12753.0,0.04603,48930.0,0.04606,10000.0,0.04607,55263.0
1753600115200,07:08:35.200,bitget,ACT/USDT:USDT,0.04604,12753.0,0.04603,48930.0,0.04606,22753.0,0.04607,55263.0
1753600115350,07:08:35.350,bitget,ACT/USDT:USDT,0.04604,12753.0,0.04603,48930.0,0.04606,22753.0,0.04607,55263.0
1753600115500,07:08:35.500,bitget,ACT/USDT:USDT,0.04604,12753.0,0.04603,48930.0,0.04606,22753.0,0.04607,55263.0
1753600115651,07:08:35.651,bitget,ACT/USDT:USDT,0.04604,12753.0,0.04603,48930.0,0.04606,10000.0,0.04607,55263.0
1753600115801,07:08:35.801,bitget,ACT/USDT:USDT,0.04604,22753.0,0.04603,48930.0,0.04606,10000.0,0.04607,55263.0
1753600115951,07:08:35.951,bitget,ACT/USDT:USDT,0.04604,22753.0,0.04603,48930.0,0.04606,10000.0,0.04607,55263.0
1753600116101,07:08:36.101,bitget,ACT/USDT:USDT,0.04604,22753.0,0.04603,48930.0,0.04606,10000.0,0.04607,55263.0
1753600116251,07:08:36.251,bitget,ACT/USDT:USDT,0.04604,22753.0,0.04603,48930.0,0.04606,10000.0,0.04607,55263.0
1753600116401,07:08:36.401,bitget,ACT/USDT:USDT,0.04604,22753.0,0.04603,48930.0,0.04606,10000.0,0.04607,55263.0
1753600116551,07:08:36.551,bitget,ACT/USDT:USDT,0.04604,22753.0,0.04603,48930.0,0.04606,10000.0,0.04607,55263.0
1753600116701,07:08:36.701,bitget,ACT/USDT:USDT,0.04604,22753.0,0.04603,48930.0,0.04606,10000.0,0.04607,55263.0
1753600116851,07:08:36.851,bitget,ACT/USDT:USDT,0.04604,22753.0,0.04603,48930.0,0.04606,10000.0,0.04607,55263.0
1753600117001,07:08:37.001,bitget,ACT/USDT:USDT,0.04604,22753.0,0.04603,48930.0,0.04606,10000.0,0.04607,55263.0
1753600117152,07:08:37.152,bitget,ACT/USDT:USDT,0.04604,22753.0,0.04603,48930.0,0.04606,10000.0,0.04607,55263.0
1753600117302,07:08:37.302,bitget,ACT/USDT:USDT,0.04604,22753.0,0.04603,48930.0,0.04606,10000.0,0.04607,55263.0
1753600117452,07:08:37.452,bitget,ACT/USDT:USDT,0.04604,22753.0,0.04603,48930.0,0.04606,10000.0,0.04607,55263.0
1753600117602,07:08:37.602,bitget,ACT/USDT:USDT,0.04604,22753.0,0.04603,48930.0,0.04606,10000.0,0.04607,55263.0
1753600117902,07:08:37.902,bitget,ACT/USDT:USDT,0.04604,22753.0,0.04603,48930.0,0.04606,10000.0,0.04607,55263.0
1753600118052,07:08:38.052,bitget,ACT/USDT:USDT,0.04604,22753.0,0.04603,48930.0,0.04606,10000.0,0.04607,55263.0
1753600118803,07:08:38.803,bitget,ACT/USDT:USDT,0.04604,22753.0,0.04603,48930.0,0.04606,10000.0,0.04607,55263.0
1753600118953,07:08:38.953,bitget,ACT/USDT:USDT,0.04604,22753.0,0.04603,48930.0,0.04606,10000.0,0.04607,55263.0
1753600119103,07:08:39.103,bitget,ACT/USDT:USDT,0.04604,22753.0,0.04603,48930.0,0.04606,10000.0,0.04607,55263.0
1753600119253,07:08:39.253,bitget,ACT/USDT:USDT,0.04604,22753.0,0.04603,48930.0,0.04606,10000.0,0.04607,55263.0
1753600119403,07:08:39.403,bitget,ACT/USDT:USDT,0.04604,22753.0,0.04603,48930.0,0.04606,10000.0,0.04607,55263.0
1753600119553,07:08:39.553,bitget,ACT/USDT:USDT,0.04604,22753.0,0.04603,48930.0,0.04606,10000.0,0.04607,55263.0
1753600119703,07:08:39.703,bitget,ACT/USDT:USDT,0.04604,22753.0,0.04603,48930.0,0.04606,10000.0,0.04607,55263.0
1753600120003,07:08:40.003,bitget,ACT/USDT:USDT,0.04604,22753.0,0.04603,48930.0,0.04606,42510.0,0.04607,55263.0
1753600120153,07:08:40.153,bitget,ACT/USDT:USDT,0.04604,22753.0,0.04603,48930.0,0.04606,42510.0,0.04607,55263.0
1753600120454,07:08:40.454,bitget,ACT/USDT:USDT,0.04604,22753.0,0.04603,48930.0,0.04606,42510.0,0.04607,55263.0
1753600120604,07:08:40.604,bitget,ACT/USDT:USDT,0.04604,22753.0,0.04603,48930.0,0.04606,42510.0,0.04607,55263.0
1753600120754,07:08:40.754,bitget,ACT/USDT:USDT,0.04604,22753.0,0.04603,48930.0,0.04606,42510.0,0.04607,55263.0
1753600120904,07:08:40.904,bitget,ACT/USDT:USDT,0.04604,22753.0,0.04603,48930.0,0.04606,32510.0,0.04607,55263.0
1753600121504,07:08:41.504,bitget,ACT/USDT:USDT,0.04604,33480.0,0.04603,48930.0,0.04607,55263.0,0.04608,55733.0
1753600121654,07:08:41.654,bitget,ACT/USDT:USDT,0.04605,10000.0,0.04604,33480.0,0.04607,55263.0,0.04608,55733.0
1753600121805,07:08:41.805,bitget,ACT/USDT:USDT,0.04605,10000.0,0.04604,33480.0,0.04607,55263.0,0.04608,55733.0
1753600121955,07:08:41.955,bitget,ACT/USDT:USDT,0.04605,10000.0,0.04604,33480.0,0.04607,55263.0,0.04608,55733.0
1753600122255,07:08:42.255,bitget,ACT/USDT:USDT,0.04605,10000.0,0.04604,33480.0,0.04607,55263.0,0.04608,55733.0
1753600122405,07:08:42.405,bitget,ACT/USDT:USDT,0.04605,10000.0,0.04604,33480.0,0.04607,55263.0,0.04608,55733.0
1753600122555,07:08:42.555,bitget,ACT/USDT:USDT,0.04605,10000.0,0.04604,33480.0,0.04607,55263.0,0.04608,55733.0
1753600122705,07:08:42.705,bitget,ACT/USDT:USDT,0.04605,10000.0,0.04604,33480.0,0.04607,55263.0,0.04608,55733.0
1753600122855,07:08:42.855,bitget,ACT/USDT:USDT,0.04605,10000.0,0.04604,33480.0,0.04607,55263.0,0.04608,55733.0
1753600123005,07:08:43.005,bitget,ACT/USDT:USDT,0.04605,10000.0,0.04604,33480.0,0.04607,55263.0,0.04608,55733.0
1753600123155,07:08:43.155,bitget,ACT/USDT:USDT,0.04605,10000.0,0.04604,33480.0,0.04607,55263.0,0.04608,55733.0
1753600123306,07:08:43.306,bitget,ACT/USDT:USDT,0.04605,10000.0,0.04604,33480.0,0.04607,55263.0,0.04608,55733.0
1753600123456,07:08:43.456,bitget,ACT/USDT:USDT,0.04605,10000.0,0.04604,33480.0,0.04607,45263.0,0.04608,55733.0
1753600123606,07:08:43.606,bitget,ACT/USDT:USDT,0.04605,11568.0,0.04604,65990.0,0.04607,45263.0,0.04608,55733.0
1753600123756,07:08:43.756,bitget,ACT/USDT:USDT,0.04605,11568.0,0.04604,65990.0,0.04607,45263.0,0.04608,55733.0
1753600124506,07:08:44.506,bitget,ACT/USDT:USDT,0.04605,11568.0,0.04604,65990.0,0.04607,45263.0,0.04608,55733.0
1753600124656,07:08:44.656,bitget,ACT/USDT:USDT,0.04605,11568.0,0.04604,65990.0,0.04607,45263.0,0.04608,55733.0
1753600124807,07:08:44.807,bitget,ACT/USDT:USDT,0.04605,11568.0,0.04604,65990.0,0.04607,45263.0,0.04608,55733.0
1753600124957,07:08:44.957,bitget,ACT/USDT:USDT,0.04605,11568.0,0.04604,65990.0,0.04607,45263.0,0.04608,55733.0
1753600125107,07:08:45.107,bitget,ACT/USDT:USDT,0.04605,11568.0,0.04604,65990.0,0.04607,45263.0,0.04608,55733.0
1753600125257,07:08:45.257,bitget,ACT/USDT:USDT,0.04605,11568.0,0.04604,65990.0,0.04607,45263.0,0.04608,55733.0
1753600125407,07:08:45.407,bitget,ACT/USDT:USDT,0.04605,11568.0,0.04604,65990.0,0.04607,34402.0,0.04608,55733.0
1753600125557,07:08:45.557,bitget,ACT/USDT:USDT,0.04605,22932.0,0.04604,65990.0,0.04607,32510.0,0.04608,55733.0
1753600125707,07:08:45.707,bitget,ACT/USDT:USDT,0.04605,22932.0,0.04604,65990.0,0.04607,45263.0,0.04608,55733.0
1753600125857,07:08:45.857,bitget,ACT/USDT:USDT,0.04605,22932.0,0.04604,65990.0,0.04607,45263.0,0.04608,55733.0
1753600126007,07:08:46.007,bitget,ACT/USDT:USDT,0.04605,22932.0,0.04604,65990.0,0.04607,45263.0,0.04608,55733.0
1753600126157,07:08:46.157,bitget,ACT/USDT:USDT,0.04605,22932.0,0.04604,65990.0,0.04607,45263.0,0.04608,55733.0
1753600126307,07:08:46.307,bitget,ACT/USDT:USDT,0.04605,22932.0,0.04604,65990.0,0.04607,45263.0,0.04608,55733.0
1753600126608,07:08:46.608,bitget,ACT/USDT:USDT,0.04605,22932.0,0.04604,65990.0,0.04607,45263.0,0.04608,55733.0
1753600126758,07:08:46.758,bitget,ACT/USDT:USDT,0.04605,22932.0,0.04604,65990.0,0.04607,45263.0,0.04608,55733.0
1753600126908,07:08:46.908,bitget,ACT/USDT:USDT,0.04605,22932.0,0.04604,65990.0,0.04607,45263.0,0.04608,55733.0
1753600127058,07:08:47.058,bitget,ACT/USDT:USDT,0.04605,22932.0,0.04604,65990.0,0.04607,45263.0,0.04608,55733.0
1753600127208,07:08:47.208,bitget,ACT/USDT:USDT,0.04605,22932.0,0.04604,65990.0,0.04607,45263.0,0.04608,55733.0
1753600127358,07:08:47.358,bitget,ACT/USDT:USDT,0.04607,1235.0,0.04606,20727.0,0.04608,13223.0,0.04609,45263.0
1753600127508,07:08:47.508,bitget,ACT/USDT:USDT,0.04607,11235.0,0.04606,32601.0,0.04609,45263.0,0.0461,60889.0
1753600127658,07:08:47.658,bitget,ACT/USDT:USDT,0.04607,11235.0,0.04606,32601.0,0.04609,55263.0,0.0461,48952.0
1753600127808,07:08:47.808,bitget,ACT/USDT:USDT,0.04607,11235.0,0.04606,32601.0,0.04609,55263.0,0.0461,55877.0
1753600127959,07:08:47.959,bitget,ACT/USDT:USDT,0.04607,11235.0,0.04606,32601.0,0.04609,55263.0,0.0461,55877.0
1753600128109,07:08:48.109,bitget,ACT/USDT:USDT,0.04607,11235.0,0.04606,32601.0,0.04609,55263.0,0.0461,55877.0
1753600128259,07:08:48.259,bitget,ACT/USDT:USDT,0.04607,11235.0,0.04606,32601.0,0.04609,55263.0,0.0461,55877.0
1753600128409,07:08:48.409,bitget,ACT/USDT:USDT,0.04607,11235.0,0.04606,32601.0,0.04609,55263.0,0.0461,55877.0
1753600128709,07:08:48.709,bitget,ACT/USDT:USDT,0.04607,11235.0,0.04606,32601.0,0.04609,55263.0,0.0461,55877.0
1753600128859,07:08:48.859,bitget,ACT/USDT:USDT,0.04607,11235.0,0.04606,32601.0,0.04609,55263.0,0.0461,55877.0
1753600129009,07:08:49.009,bitget,ACT/USDT:USDT,0.04607,11235.0,0.04606,32601.0,0.04609,55263.0,0.0461,55877.0
1753600129159,07:08:49.159,bitget,ACT/USDT:USDT,0.04607,11235.0,0.04606,32601.0,0.04609,55263.0,0.0461,55877.0
1753600129309,07:08:49.309,bitget,ACT/USDT:USDT,0.04607,11235.0,0.04606,32601.0,0.04609,55263.0,0.0461,55877.0
1753600129610,07:08:49.610,bitget,ACT/USDT:USDT,0.04607,11235.0,0.04606,32601.0,0.04609,55263.0,0.0461,55877.0
1753600129760,07:08:49.760,bitget,ACT/USDT:USDT,0.04607,11235.0,0.04606,32601.0,0.04609,55263.0,0.0461,55877.0
1753600129910,07:08:49.910,bitget,ACT/USDT:USDT,0.04607,11235.0,0.04606,32601.0,0.04609,55263.0,0.0461,55877.0
1753600130060,07:08:50.060,bitget,ACT/USDT:USDT,0.04607,11235.0,0.04606,32601.0,0.04609,55263.0,0.0461,55877.0
1753600130210,07:08:50.210,bitget,ACT/USDT:USDT,0.04607,11235.0,0.04606,32601.0,0.04609,55263.0,0.0461,55877.0
1753600130360,07:08:50.360,bitget,ACT/USDT:USDT,0.04607,11235.0,0.04606,32601.0,0.04609,55263.0,0.0461,55877.0
1753600130510,07:08:50.510,bitget,ACT/USDT:USDT,0.04607,11235.0,0.04606,32601.0,0.04609,55263.0,0.0461,55877.0
1753600130810,07:08:50.810,bitget,ACT/USDT:USDT,0.04607,11235.0,0.04606,32601.0,0.04609,55263.0,0.0461,55877.0
1753600130960,07:08:50.960,bitget,ACT/USDT:USDT,0.04607,11235.0,0.04606,32601.0,0.04609,55263.0,0.0461,55877.0
1753600131110,07:08:51.110,bitget,ACT/USDT:USDT,0.04607,11235.0,0.04606,32601.0,0.04609,55263.0,0.0461,55877.0
1753600131261,07:08:51.261,bitget,ACT/USDT:USDT,0.04607,11235.0,0.04606,32601.0,0.04609,55263.0,0.0461,55877.0
1753600131411,07:08:51.411,bitget,ACT/USDT:USDT,0.04607,11235.0,0.04606,32601.0,0.04609,55263.0,0.0461,55877.0
1753600131561,07:08:51.561,bitget,ACT/USDT:USDT,0.04607,11235.0,0.04606,32601.0,0.04609,55263.0,0.0461,55877.0
1753600131861,07:08:51.861,bitget,ACT/USDT:USDT,0.04607,11235.0,0.04606,32601.0,0.04609,55263.0,0.0461,55877.0
1753600132011,07:08:52.011,bitget,ACT/USDT:USDT,0.04607,11235.0,0.04606,32601.0,0.04609,55263.0,0.0461,55877.0
1753600132311,07:08:52.311,bitget,ACT/USDT:USDT,0.04607,11235.0,0.04606,32601.0,0.04609,55263.0,0.0461,55877.0
1753600132611,07:08:52.611,bitget,ACT/USDT:USDT,0.04607,11235.0,0.04606,32601.0,0.04609,55263.0,0.0461,55877.0
1753600132762,07:08:52.762,bitget,ACT/USDT:USDT,0.04607,11235.0,0.04606,32601.0,0.04609,55263.0,0.0461,55877.0
1753600132912,07:08:52.912,bitget,ACT/USDT:USDT,0.04607,11235.0,0.04606,32601.0,0.04609,55263.0,0.0461,55877.0
1753600133062,07:08:53.062,bitget,ACT/USDT:USDT,0.04607,11235.0,0.04606,32601.0,0.04609,55263.0,0.0461,55877.0
1753600133362,07:08:53.362,bitget,ACT/USDT:USDT,0.04607,11235.0,0.04606,32601.0,0.04609,55263.0,0.0461,55877.0
1753600133512,07:08:53.512,bitget,ACT/USDT:USDT,0.04607,11235.0,0.04606,32601.0,0.04609,55263.0,0.0461,55877.0
1753600133812,07:08:53.812,bitget,ACT/USDT:USDT,0.04607,11235.0,0.04606,32601.0,0.04609,55263.0,0.0461,55877.0
1753600133962,07:08:53.962,bitget,ACT/USDT:USDT,0.04607,11235.0,0.04606,32601.0,0.04609,55263.0,0.0461,55877.0
1753600134112,07:08:54.112,bitget,ACT/USDT:USDT,0.04607,11235.0,0.04606,32601.0,0.04609,55263.0,0.0461,55877.0
1753600134263,07:08:54.263,bitget,ACT/USDT:USDT,0.04607,11235.0,0.04606,32601.0,0.04609,55263.0,0.0461,55877.0
1753600134413,07:08:54.413,bitget,ACT/USDT:USDT,0.04607,11235.0,0.04606,32601.0,0.04609,55263.0,0.0461,55877.0
1753600134563,07:08:54.563,bitget,ACT/USDT:USDT,0.04607,11235.0,0.04606,32601.0,0.04609,55263.0,0.0461,55877.0
1753600134713,07:08:54.713,bitget,ACT/USDT:USDT,0.04607,11235.0,0.04606,32601.0,0.04609,55263.0,0.0461,55877.0
1753600134863,07:08:54.863,bitget,ACT/USDT:USDT,0.04607,11235.0,0.04606,32601.0,0.04609,55263.0,0.0461,55877.0
1753600135013,07:08:55.013,bitget,ACT/USDT:USDT,0.04607,11235.0,0.04606,32601.0,0.04609,55263.0,0.0461,55877.0
1753600135163,07:08:55.163,bitget,ACT/USDT:USDT,0.04607,11235.0,0.04606,32601.0,0.04609,55263.0,0.0461,55877.0
1753600135463,07:08:55.463,bitget,ACT/USDT:USDT,0.04607,11235.0,0.04606,32601.0,0.04609,55263.0,0.0461,55877.0
1753600135613,07:08:55.613,bitget,ACT/USDT:USDT,0.04607,11235.0,0.04606,32601.0,0.04609,55263.0,0.0461,55877.0
1753600135764,07:08:55.764,bitget,ACT/USDT:USDT,0.04607,11235.0,0.04606,32601.0,0.04609,55263.0,0.0461,55877.0
1753600135914,07:08:55.914,bitget,ACT/USDT:USDT,0.04607,11235.0,0.04606,32601.0,0.04609,55263.0,0.0461,55877.0
1753600136064,07:08:56.064,bitget,ACT/USDT:USDT,0.04607,11235.0,0.04606,32601.0,0.04609,55263.0,0.0461,55877.0
1753600136214,07:08:56.214,bitget,ACT/USDT:USDT,0.04607,11235.0,0.04606,32601.0,0.04609,55263.0,0.0461,55877.0
1753600136514,07:08:56.514,bitget,ACT/USDT:USDT,0.04608,11235.0,0.04607,11568.0,0.04609,45263.0,0.0461,55877.0
1753600136664,07:08:56.664,bitget,ACT/USDT:USDT,0.04608,11235.0,0.04607,11568.0,0.04609,45263.0,0.0461,48952.0
1753600136814,07:08:56.814,bitget,ACT/USDT:USDT,0.04608,11235.0,0.04607,11568.0,0.04609,45263.0,0.0461,48952.0
1753600136964,07:08:56.964,bitget,ACT/USDT:USDT,0.04608,11235.0,0.04607,11568.0,0.04609,45263.0,0.0461,48952.0
1753600137114,07:08:57.114,bitget,ACT/USDT:USDT,0.04608,11235.0,0.04607,11568.0,0.04609,45263.0,0.0461,48952.0
1753600137265,07:08:57.265,bitget,ACT/USDT:USDT,0.04608,11235.0,0.04607,11568.0,0.04609,45263.0,0.0461,48952.0
1753600137565,07:08:57.565,bitget,ACT/USDT:USDT,0.04608,11235.0,0.04607,11568.0,0.04609,45263.0,0.0461,48952.0
1753600137715,07:08:57.715,bitget,ACT/USDT:USDT,0.04608,11235.0,0.04607,11568.0,0.04609,45263.0,0.0461,48952.0
1753600137865,07:08:57.865,bitget,ACT/USDT:USDT,0.04608,11235.0,0.04607,11568.0,0.04609,45263.0,0.0461,48952.0
1753600138015,07:08:58.015,bitget,ACT/USDT:USDT,0.04608,11235.0,0.04607,11568.0,0.04609,45263.0,0.0461,48952.0
1753600138165,07:08:58.165,bitget,ACT/USDT:USDT,0.04608,11235.0,0.04607,11568.0,0.04609,45263.0,0.0461,48952.0
1753600138315,07:08:58.315,bitget,ACT/USDT:USDT,0.04608,11235.0,0.04607,11568.0,0.04609,45263.0,0.0461,48952.0
1753600138465,07:08:58.465,bitget,ACT/USDT:USDT,0.04608,11235.0,0.04607,11568.0,0.04609,45263.0,0.0461,48952.0
1753600138765,07:08:58.765,bitget,ACT/USDT:USDT,0.04608,11235.0,0.04607,11568.0,0.04609,45263.0,0.0461,48952.0
1753600138916,07:08:58.916,bitget,ACT/USDT:USDT,0.04608,11235.0,0.04607,11568.0,0.04609,45263.0,0.0461,48952.0
1753600139216,07:08:59.216,bitget,ACT/USDT:USDT,0.04608,11235.0,0.04607,11568.0,0.04609,45263.0,0.0461,48952.0
1753600139516,07:08:59.516,bitget,ACT/USDT:USDT,0.04608,11235.0,0.04607,11568.0,0.04609,45263.0,0.0461,48952.0
1753600139816,07:08:59.816,bitget,ACT/USDT:USDT,0.04608,11235.0,0.04607,11568.0,0.04609,45263.0,0.0461,50520.0
1753600139966,07:08:59.966,bitget,ACT/USDT:USDT,0.04608,11235.0,0.04607,11568.0,0.04609,45263.0,0.0461,50520.0
1753600140116,07:09:00.116,bitget,ACT/USDT:USDT,0.04608,11235.0,0.04607,11568.0,0.04609,45263.0,0.0461,50520.0
1753600140266,07:09:00.266,bitget,ACT/USDT:USDT,0.04608,11235.0,0.04607,11568.0,0.04609,45263.0,0.0461,50520.0
1753600140417,07:09:00.417,bitget,ACT/USDT:USDT,0.04608,11235.0,0.04607,11568.0,0.04609,45263.0,0.0461,50520.0
1753600140567,07:09:00.567,bitget,ACT/USDT:USDT,0.04608,11235.0,0.04607,11568.0,0.04609,45263.0,0.0461,50520.0
1753600140717,07:09:00.717,bitget,ACT/USDT:USDT,0.04608,11235.0,0.04607,11568.0,0.04609,45263.0,0.0461,50520.0
1753600140867,07:09:00.867,bitget,ACT/USDT:USDT,0.04608,11235.0,0.04607,11568.0,0.04609,45263.0,0.0461,50520.0
1753600141017,07:09:01.017,bitget,ACT/USDT:USDT,0.04608,11235.0,0.04607,11568.0,0.04609,45263.0,0.0461,50520.0
1753600141167,07:09:01.167,bitget,ACT/USDT:USDT,0.04608,11235.0,0.04607,11568.0,0.04609,45263.0,0.0461,50520.0
1753600141317,07:09:01.317,bitget,ACT/USDT:USDT,0.04608,11235.0,0.04607,11568.0,0.04609,45263.0,0.0461,50520.0
1753600141467,07:09:01.467,bitget,ACT/USDT:USDT,0.04608,11235.0,0.04607,11568.0,0.04609,45263.0,0.0461,50520.0
1753600141617,07:09:01.617,bitget,ACT/USDT:USDT,0.04608,11235.0,0.04607,11568.0,0.04609,45263.0,0.0461,50520.0
1753600141767,07:09:01.767,bitget,ACT/USDT:USDT,0.04608,11235.0,0.04607,11568.0,0.04609,45263.0,0.0461,50520.0
1753600141917,07:09:01.917,bitget,ACT/USDT:USDT,0.04608,11235.0,0.04607,11568.0,0.04609,45263.0,0.0461,50520.0
1753600142368,07:09:02.368,bitget,ACT/USDT:USDT,0.04608,11235.0,0.04607,11568.0,0.04609,45263.0,0.0461,50520.0
1753600142518,07:09:02.518,bitget,ACT/USDT:USDT,0.04608,11235.0,0.04607,11568.0,0.04609,45263.0,0.0461,50520.0
1753600142668,07:09:02.668,bitget,ACT/USDT:USDT,0.04608,11235.0,0.04607,11568.0,0.04609,45263.0,0.0461,50520.0
1753600142818,07:09:02.818,bitget,ACT/USDT:USDT,0.04608,11235.0,0.04607,11568.0,0.04609,45263.0,0.0461,50520.0
1753600142968,07:09:02.968,bitget,ACT/USDT:USDT,0.04608,11235.0,0.04607,11568.0,0.04609,45263.0,0.0461,50520.0
1753600143118,07:09:03.118,bitget,ACT/USDT:USDT,0.04608,11235.0,0.04607,11568.0,0.04609,45263.0,0.0461,50520.0
1753600143418,07:09:03.418,bitget,ACT/USDT:USDT,0.04608,1235.0,0.04607,11568.0,0.04609,55263.0,0.0461,50520.0
1753600143568,07:09:03.568,bitget,ACT/USDT:USDT,0.04608,1235.0,0.04607,11568.0,0.04609,55263.0,0.0461,50520.0
1753600143719,07:09:03.719,bitget,ACT/USDT:USDT,0.04608,1235.0,0.04607,11568.0,0.04609,55263.0,0.0461,50520.0
1753600143869,07:09:03.869,bitget,ACT/USDT:USDT,0.04608,1235.0,0.04607,11568.0,0.04609,55263.0,0.0461,50520.0
1753600144019,07:09:04.019,bitget,ACT/USDT:USDT,0.04608,1235.0,0.04607,11568.0,0.04609,55263.0,0.0461,50520.0
1753600144319,07:09:04.319,bitget,ACT/USDT:USDT,0.04608,1235.0,0.04607,11568.0,0.04609,55263.0,0.0461,50520.0
1753600144469,07:09:04.469,bitget,ACT/USDT:USDT,0.04608,1235.0,0.04607,11568.0,0.04609,55263.0,0.0461,50520.0
