timestamp,time,exchange,symbol,bid1_price,bid1_volume,bid2_price,bid2_volume,ask1_price,ask1_volume,ask2_price,ask2_volume
1753599991500,07:06:31.500,okx,ACH/USDT:USDT,0.02317,631.0,0.02316,2220.0,0.02318,367.0,0.02319,2714.0
1753599992300,07:06:32.300,okx,ACH/USDT:USDT,0.02317,631.0,0.02316,2220.0,0.02318,359.0,0.02319,2714.0
1753599992400,07:06:32.400,okx,ACH/USDT:USDT,0.02317,631.0,0.02316,2220.0,0.02318,365.0,0.02319,2714.0
1753599992700,07:06:32.700,okx,ACH/USDT:USDT,0.02317,846.0,0.02316,2094.0,0.02318,173.0,0.02319,1680.0
1753599992900,07:06:32.900,okx,ACH/USDT:USDT,0.02317,889.0,0.02316,2094.0,0.02318,40.0,0.02319,1417.0
1753599993000,07:06:33.000,okx,ACH/USDT:USDT,0.02317,889.0,0.02316,2094.0,0.02318,40.0,0.02319,1417.0
1753599993100,07:06:33.100,okx,ACH/USDT:USDT,0.02317,889.0,0.02316,2094.0,0.02318,40.0,0.02319,1417.0
1753599993200,07:06:33.200,okx,ACH/USDT:USDT,0.02317,889.0,0.02316,2094.0,0.02318,40.0,0.02319,1417.0
1753599993300,07:06:33.300,okx,ACH/USDT:USDT,0.02317,889.0,0.02316,2388.0,0.02318,40.0,0.02319,1417.0
1753599993900,07:06:33.900,okx,ACH/USDT:USDT,0.02317,889.0,0.02316,2388.0,0.02318,40.0,0.02319,1417.0
1753599994100,07:06:34.100,okx,ACH/USDT:USDT,0.02317,889.0,0.02316,2388.0,0.02318,14.0,0.02319,1417.0
1753599995000,07:06:35.000,okx,ACH/USDT:USDT,0.02317,889.0,0.02316,2388.0,0.02318,14.0,0.02319,1417.0
1753599995100,07:06:35.100,okx,ACH/USDT:USDT,0.02317,889.0,0.02316,2388.0,0.02318,14.0,0.02319,1417.0
1753599995200,07:06:35.200,okx,ACH/USDT:USDT,0.02317,889.0,0.02316,2388.0,0.02318,14.0,0.02319,1417.0
1753599995500,07:06:35.500,okx,ACH/USDT:USDT,0.02317,889.0,0.02316,2388.0,0.02318,14.0,0.02319,1417.0
1753599995800,07:06:35.800,okx,ACH/USDT:USDT,0.02317,813.0,0.02316,2388.0,0.02318,61.0,0.02319,1595.0
1753599995900,07:06:35.900,okx,ACH/USDT:USDT,0.02317,813.0,0.02316,2388.0,0.02318,61.0,0.02319,1595.0
1753599996000,07:06:36.000,okx,ACH/USDT:USDT,0.02317,813.0,0.02316,2388.0,0.02318,61.0,0.02319,1595.0
1753599996300,07:06:36.300,okx,ACH/USDT:USDT,0.02317,813.0,0.02316,2388.0,0.02318,61.0,0.02319,1595.0
1753599996400,07:06:36.400,okx,ACH/USDT:USDT,0.02317,813.0,0.02316,2388.0,0.02318,61.0,0.02319,1595.0
1753599996500,07:06:36.500,okx,ACH/USDT:USDT,0.02317,834.0,0.02316,2388.0,0.02318,61.0,0.02319,1595.0
1753599996800,07:06:36.800,okx,ACH/USDT:USDT,0.02317,889.0,0.02316,2388.0,0.02318,40.0,0.02319,1595.0
1753599996900,07:06:36.900,okx,ACH/USDT:USDT,0.02317,889.0,0.02316,2388.0,0.02318,40.0,0.02319,1595.0
1753599997000,07:06:37.000,okx,ACH/USDT:USDT,0.02317,889.0,0.02316,2388.0,0.02318,40.0,0.02319,1595.0
1753599997200,07:06:37.200,okx,ACH/USDT:USDT,0.02317,889.0,0.02316,2388.0,0.02318,40.0,0.02319,1595.0
1753599997400,07:06:37.400,okx,ACH/USDT:USDT,0.02317,889.0,0.02316,2388.0,0.02318,41.0,0.02319,1595.0
1753599997800,07:06:37.800,okx,ACH/USDT:USDT,0.02317,889.0,0.02316,2388.0,0.02318,41.0,0.02319,1595.0
1753599997900,07:06:37.900,okx,ACH/USDT:USDT,0.02317,868.0,0.02316,2388.0,0.02318,41.0,0.02319,1595.0
1753599998000,07:06:38.000,okx,ACH/USDT:USDT,0.02317,889.0,0.02316,2388.0,0.02318,41.0,0.02319,1595.0
1753599998500,07:06:38.500,okx,ACH/USDT:USDT,0.02317,889.0,0.02316,2388.0,0.02318,41.0,0.02319,1595.0
1753599999000,07:06:39.000,okx,ACH/USDT:USDT,0.02317,889.0,0.02316,2388.0,0.02318,41.0,0.02319,1595.0
1753599999100,07:06:39.100,okx,ACH/USDT:USDT,0.02317,889.0,0.02316,2388.0,0.02318,41.0,0.02319,1595.0
1753599999500,07:06:39.500,okx,ACH/USDT:USDT,0.02317,834.0,0.02316,2388.0,0.02318,41.0,0.02319,1595.0
1753599999700,07:06:39.700,okx,ACH/USDT:USDT,0.02317,813.0,0.02316,2388.0,0.02318,227.0,0.02319,1595.0
1753599999800,07:06:39.800,okx,ACH/USDT:USDT,0.02317,813.0,0.02316,2388.0,0.02318,363.0,0.02319,1595.0
1753599999900,07:06:39.900,okx,ACH/USDT:USDT,0.02317,430.0,0.02316,2388.0,0.02318,363.0,0.02319,1457.0
1753600000100,07:06:40.100,okx,ACH/USDT:USDT,0.02317,430.0,0.02316,2388.0,0.02318,308.0,0.02319,1457.0
1753600000200,07:06:40.200,okx,ACH/USDT:USDT,0.02317,430.0,0.02316,2388.0,0.02318,363.0,0.02319,1457.0
1753600000600,07:06:40.600,okx,ACH/USDT:USDT,0.02317,877.0,0.02316,2137.0,0.02318,30.0,0.02319,1804.0
1753600000700,07:06:40.700,okx,ACH/USDT:USDT,0.02317,877.0,0.02316,2137.0,0.02318,30.0,0.02319,1804.0
1753600000900,07:06:40.900,okx,ACH/USDT:USDT,0.02317,877.0,0.02316,2137.0,0.02318,30.0,0.02319,1806.0
1753600001300,07:06:41.300,okx,ACH/USDT:USDT,0.02317,688.0,0.02316,2094.0,0.02318,435.0,0.02319,1806.0
1753600001400,07:06:41.400,okx,ACH/USDT:USDT,0.02317,881.0,0.02316,2094.0,0.02318,435.0,0.02319,1806.0
1753600001600,07:06:41.600,okx,ACH/USDT:USDT,0.02317,881.0,0.02316,2094.0,0.02318,380.0,0.02319,1806.0
1753600002700,07:06:42.700,okx,ACH/USDT:USDT,0.02317,881.0,0.02316,2094.0,0.02318,435.0,0.02319,1806.0
1753600002800,07:06:42.800,okx,ACH/USDT:USDT,0.02317,881.0,0.02316,2094.0,0.02318,380.0,0.02319,1806.0
1753600003600,07:06:43.600,okx,ACH/USDT:USDT,0.02317,881.0,0.02316,2094.0,0.02318,435.0,0.02319,1806.0
1753600003700,07:06:43.700,okx,ACH/USDT:USDT,0.02317,881.0,0.02316,2094.0,0.02318,435.0,0.02319,1806.0
1753600004000,07:06:44.000,okx,ACH/USDT:USDT,0.02317,881.0,0.02316,2094.0,0.02318,380.0,0.02319,1806.0
1753600004500,07:06:44.500,okx,ACH/USDT:USDT,0.02317,881.0,0.02316,2094.0,0.02318,384.0,0.02319,1806.0
1753600004600,07:06:44.600,okx,ACH/USDT:USDT,0.02317,881.0,0.02316,2094.0,0.02318,439.0,0.02319,1806.0
1753600005400,07:06:45.400,okx,ACH/USDT:USDT,0.02317,883.0,0.02316,2094.0,0.02318,439.0,0.02319,1806.0
1753600005600,07:06:45.600,okx,ACH/USDT:USDT,0.02317,500.0,0.02316,2094.0,0.02318,556.0,0.02319,1681.0
1753600005700,07:06:45.700,okx,ACH/USDT:USDT,0.02317,500.0,0.02316,2094.0,0.02318,556.0,0.02319,1681.0
1753600005900,07:06:45.900,okx,ACH/USDT:USDT,0.02317,500.0,0.02316,2094.0,0.02318,556.0,0.02319,1681.0
1753600006200,07:06:46.200,okx,ACH/USDT:USDT,0.02317,500.0,0.02316,2094.0,0.02318,556.0,0.02319,1681.0
1753600006300,07:06:46.300,okx,ACH/USDT:USDT,0.02317,500.0,0.02316,2094.0,0.02318,556.0,0.02319,1681.0
1753600007300,07:06:47.300,okx,ACH/USDT:USDT,0.02317,335.0,0.02316,1935.0,0.02318,738.0,0.02319,1723.0
1753600007500,07:06:47.500,okx,ACH/USDT:USDT,0.02317,348.0,0.02316,1856.0,0.02318,738.0,0.02319,1980.0
1753600007600,07:06:47.600,okx,ACH/USDT:USDT,0.02317,348.0,0.02316,1856.0,0.02318,738.0,0.02319,1980.0
1753600007700,07:06:47.700,okx,ACH/USDT:USDT,0.02317,348.0,0.02316,1856.0,0.02318,738.0,0.02319,1980.0
1753600007900,07:06:47.900,okx,ACH/USDT:USDT,0.02317,455.0,0.02316,2015.0,0.02318,554.0,0.02319,1883.0
1753600008000,07:06:48.000,okx,ACH/USDT:USDT,0.02317,457.0,0.02316,2153.0,0.02318,556.0,0.02319,1883.0
1753600009500,07:06:49.500,okx,ACH/USDT:USDT,0.02317,458.0,0.02316,2153.0,0.02318,554.0,0.02319,1499.0
1753600009700,07:06:49.700,okx,ACH/USDT:USDT,0.02317,458.0,0.02316,2153.0,0.02318,554.0,0.02319,1699.0
1753600009800,07:06:49.800,okx,ACH/USDT:USDT,0.02317,458.0,0.02316,2153.0,0.02318,554.0,0.02319,1699.0
1753600010900,07:06:50.900,okx,ACH/USDT:USDT,0.02317,458.0,0.02316,2153.0,0.02318,554.0,0.02319,1521.0
1753600011300,07:06:51.300,okx,ACH/USDT:USDT,0.02317,458.0,0.02316,2153.0,0.02318,554.0,0.02319,1521.0
1753600011800,07:06:51.800,okx,ACH/USDT:USDT,0.02317,1334.0,0.02316,2015.0,0.02318,499.0,0.02319,1479.0
1753600012300,07:06:52.300,okx,ACH/USDT:USDT,0.02317,1334.0,0.02316,2015.0,0.02318,651.0,0.02319,1479.0
1753600012400,07:06:52.400,okx,ACH/USDT:USDT,0.02317,1334.0,0.02316,2015.0,0.02318,653.0,0.02319,1479.0
1753600012600,07:06:52.600,okx,ACH/USDT:USDT,0.02317,1394.0,0.02316,2015.0,0.02318,32.0,0.02319,1279.0
1753600012800,07:06:52.800,okx,ACH/USDT:USDT,0.02317,1394.0,0.02316,2015.0,0.02318,32.0,0.02319,1279.0
1753600013400,07:06:53.400,okx,ACH/USDT:USDT,0.02317,1437.0,0.02316,2289.0,0.02318,3.0,0.02319,1398.0
1753600013700,07:06:53.700,okx,ACH/USDT:USDT,0.02317,1437.0,0.02316,2289.0,0.02318,3.0,0.02319,1398.0
1753600013800,07:06:53.800,okx,ACH/USDT:USDT,0.02317,1437.0,0.02316,2289.0,0.02318,3.0,0.02319,1398.0
1753600014200,07:06:54.200,okx,ACH/USDT:USDT,0.02317,1437.0,0.02316,2289.0,0.02318,3.0,0.02319,1576.0
1753600014300,07:06:54.300,okx,ACH/USDT:USDT,0.02317,1437.0,0.02316,2289.0,0.02318,29.0,0.02319,1576.0
1753600014400,07:06:54.400,okx,ACH/USDT:USDT,0.02317,1437.0,0.02316,2289.0,0.02318,31.0,0.02319,1576.0
1753600015300,07:06:55.300,okx,ACH/USDT:USDT,0.02317,1437.0,0.02316,2289.0,0.02318,3.0,0.02319,1576.0
1753600015500,07:06:55.500,okx,ACH/USDT:USDT,0.02317,997.0,0.02316,2289.0,0.02318,450.0,0.02319,1457.0
1753600015700,07:06:55.700,okx,ACH/USDT:USDT,0.02317,999.0,0.02316,2289.0,0.02318,452.0,0.02319,1657.0
1753600016100,07:06:56.100,okx,ACH/USDT:USDT,0.02317,999.0,0.02316,2289.0,0.02318,452.0,0.02319,1657.0
1753600016200,07:06:56.200,okx,ACH/USDT:USDT,0.02317,999.0,0.02316,2289.0,0.02318,452.0,0.02319,1657.0
1753600016400,07:06:56.400,okx,ACH/USDT:USDT,0.02317,999.0,0.02316,2289.0,0.02318,397.0,0.02319,1657.0
1753600019300,07:06:59.300,okx,ACH/USDT:USDT,0.02317,999.0,0.02316,2289.0,0.02318,452.0,0.02319,1657.0
1753600020000,07:07:00.000,okx,ACH/USDT:USDT,0.02317,1394.0,0.02316,2289.0,0.02318,3.0,0.02319,1599.0
1753600020200,07:07:00.200,okx,ACH/USDT:USDT,0.02317,1394.0,0.02316,2289.0,0.02318,3.0,0.02319,1598.0
1753600020300,07:07:00.300,okx,ACH/USDT:USDT,0.02317,1394.0,0.02316,2289.0,0.02318,3.0,0.02319,1598.0
1753600020700,07:07:00.700,okx,ACH/USDT:USDT,0.02317,1394.0,0.02316,2289.0,0.02318,3.0,0.02319,1598.0
1753600021100,07:07:01.100,okx,ACH/USDT:USDT,0.02317,1440.0,0.02316,2290.0,0.02318,32.0,0.02319,1598.0
1753600021200,07:07:01.200,okx,ACH/USDT:USDT,0.02317,1440.0,0.02316,2373.0,0.02318,32.0,0.02319,1598.0
1753600021600,07:07:01.600,okx,ACH/USDT:USDT,0.02317,1057.0,0.02316,2487.0,0.02318,466.0,0.02319,1843.0
1753600021700,07:07:01.700,okx,ACH/USDT:USDT,0.02317,1057.0,0.02316,2487.0,0.02318,466.0,0.02319,1843.0
1753600021800,07:07:01.800,okx,ACH/USDT:USDT,0.02317,930.0,0.02316,2487.0,0.02318,466.0,0.02319,1843.0
1753600022000,07:07:02.000,okx,ACH/USDT:USDT,0.02317,930.0,0.02316,2606.0,0.02318,466.0,0.02319,1843.0
1753600022100,07:07:02.100,okx,ACH/USDT:USDT,0.02317,930.0,0.02316,2606.0,0.02318,466.0,0.02319,1843.0
1753600022300,07:07:02.300,okx,ACH/USDT:USDT,0.02317,930.0,0.02316,2332.0,0.02318,466.0,0.02319,1843.0
1753600022400,07:07:02.400,okx,ACH/USDT:USDT,0.02317,930.0,0.02316,2332.0,0.02318,466.0,0.02319,1843.0
1753600023400,07:07:03.400,okx,ACH/USDT:USDT,0.02317,766.0,0.02316,2249.0,0.02318,754.0,0.02319,2104.0
1753600023500,07:07:03.500,okx,ACH/USDT:USDT,0.02317,766.0,0.02316,2249.0,0.02318,754.0,0.02319,2104.0
1753600023600,07:07:03.600,okx,ACH/USDT:USDT,0.02317,766.0,0.02316,2249.0,0.02318,579.0,0.02319,2104.0
1753600023800,07:07:03.800,okx,ACH/USDT:USDT,0.02317,766.0,0.02316,2249.0,0.02318,579.0,0.02319,2104.0
1753600025000,07:07:05.000,okx,ACH/USDT:USDT,0.02317,766.0,0.02316,2249.0,0.02318,579.0,0.02319,2104.0
1753600025100,07:07:05.100,okx,ACH/USDT:USDT,0.02317,766.0,0.02316,2249.0,0.02318,579.0,0.02319,2104.0
1753600025200,07:07:05.200,okx,ACH/USDT:USDT,0.02317,766.0,0.02316,2249.0,0.02318,579.0,0.02319,2104.0
1753600025700,07:07:05.700,okx,ACH/USDT:USDT,0.02317,766.0,0.02316,2249.0,0.02318,579.0,0.02319,2104.0
1753600026700,07:07:06.700,okx,ACH/USDT:USDT,0.02317,766.0,0.02316,2249.0,0.02318,579.0,0.02319,2146.0
1753600027500,07:07:07.500,okx,ACH/USDT:USDT,0.02317,779.0,0.02316,2249.0,0.02318,579.0,0.02319,2146.0
1753600028300,07:07:08.300,okx,ACH/USDT:USDT,0.02317,779.0,0.02316,2249.0,0.02318,579.0,0.02319,2104.0
1753600028900,07:07:08.900,okx,ACH/USDT:USDT,0.02317,779.0,0.02316,2249.0,0.02318,579.0,0.02319,2104.0
1753600029500,07:07:09.500,okx,ACH/USDT:USDT,0.02317,779.0,0.02316,2249.0,0.02318,579.0,0.02319,2104.0
1753600030100,07:07:10.100,okx,ACH/USDT:USDT,0.02317,779.0,0.02316,2249.0,0.02318,579.0,0.02319,2104.0
1753600030500,07:07:10.500,okx,ACH/USDT:USDT,0.02317,779.0,0.02316,2249.0,0.02318,579.0,0.02319,2104.0
1753600031700,07:07:11.700,okx,ACH/USDT:USDT,0.02317,779.0,0.02316,2249.0,0.02318,579.0,0.02319,2104.0
1753600032200,07:07:12.200,okx,ACH/USDT:USDT,0.02317,779.0,0.02316,2249.0,0.02318,579.0,0.02319,2104.0
1753600032300,07:07:12.300,okx,ACH/USDT:USDT,0.02317,779.0,0.02316,2249.0,0.02318,579.0,0.02319,2104.0
1753600032400,07:07:12.400,okx,ACH/USDT:USDT,0.02317,779.0,0.02316,2249.0,0.02318,579.0,0.02319,2488.0
1753600032800,07:07:12.800,okx,ACH/USDT:USDT,0.02317,779.0,0.02316,2249.0,0.02318,579.0,0.02319,2488.0
1753600033100,07:07:13.100,okx,ACH/USDT:USDT,0.02317,779.0,0.02316,2249.0,0.02318,579.0,0.02319,2488.0
1753600033700,07:07:13.700,okx,ACH/USDT:USDT,0.02317,65.0,0.02316,1419.0,0.02318,867.0,0.02319,2530.0
1753600033900,07:07:13.900,okx,ACH/USDT:USDT,0.02317,94.0,0.02316,1881.0,0.02318,869.0,0.02319,2530.0
1753600034000,07:07:14.000,okx,ACH/USDT:USDT,0.02317,94.0,0.02316,2171.0,0.02318,869.0,0.02319,2530.0
1753600034200,07:07:14.200,okx,ACH/USDT:USDT,0.02317,206.0,0.02316,2171.0,0.02318,772.0,0.02319,2530.0
1753600034300,07:07:14.300,okx,ACH/USDT:USDT,0.02317,206.0,0.02316,2171.0,0.02318,772.0,0.02319,2572.0
1753600034400,07:07:14.400,okx,ACH/USDT:USDT,0.02317,94.0,0.02316,2171.0,0.02318,772.0,0.02319,2572.0
1753600034500,07:07:14.500,okx,ACH/USDT:USDT,0.02317,94.0,0.02316,2171.0,0.02318,772.0,0.02319,2572.0
1753600034600,07:07:14.600,okx,ACH/USDT:USDT,0.02317,94.0,0.02316,2171.0,0.02318,772.0,0.02319,2572.0
1753600035200,07:07:15.200,okx,ACH/USDT:USDT,0.02317,67.0,0.02316,2171.0,0.02318,942.0,0.02319,2948.0
1753600036200,07:07:16.200,okx,ACH/USDT:USDT,0.02317,67.0,0.02316,2171.0,0.02318,942.0,0.02319,2948.0
1753600036300,07:07:16.300,okx,ACH/USDT:USDT,0.02317,67.0,0.02316,2171.0,0.02318,942.0,0.02319,2948.0
1753600036400,07:07:16.400,okx,ACH/USDT:USDT,0.02317,67.0,0.02316,2171.0,0.02318,942.0,0.02319,2990.0
1753600038300,07:07:18.300,okx,ACH/USDT:USDT,0.02317,12.0,0.02316,1890.0,0.02318,942.0,0.02319,2990.0
1753600038400,07:07:18.400,okx,ACH/USDT:USDT,0.02317,12.0,0.02316,1890.0,0.02318,951.0,0.02319,2990.0
1753600040100,07:07:20.100,okx,ACH/USDT:USDT,0.02317,12.0,0.02316,1890.0,0.02318,951.0,0.02319,2990.0
1753600040300,07:07:20.300,okx,ACH/USDT:USDT,0.02317,12.0,0.02316,1890.0,0.02318,951.0,0.02319,2990.0
1753600040600,07:07:20.600,okx,ACH/USDT:USDT,0.02317,12.0,0.02316,1890.0,0.02318,951.0,0.02319,2990.0
1753600041500,07:07:21.500,okx,ACH/USDT:USDT,0.02317,12.0,0.02316,1890.0,0.02318,951.0,0.02319,2990.0
1753600041700,07:07:21.700,okx,ACH/USDT:USDT,0.02317,12.0,0.02316,1890.0,0.02318,951.0,0.02319,2990.0
1753600042700,07:07:22.700,okx,ACH/USDT:USDT,0.02317,12.0,0.02316,1890.0,0.02318,951.0,0.02319,2990.0
1753600043000,07:07:23.000,okx,ACH/USDT:USDT,0.02316,714.0,0.02315,2802.0,0.02317,132.0,0.02318,1981.0
1753600043100,07:07:23.100,okx,ACH/USDT:USDT,0.02316,594.0,0.02315,2923.0,0.02317,154.0,0.02318,1846.0
1753600043200,07:07:23.200,okx,ACH/USDT:USDT,0.02316,594.0,0.02315,2923.0,0.02317,154.0,0.02318,1846.0
1753600043700,07:07:23.700,okx,ACH/USDT:USDT,0.02316,594.0,0.02315,2923.0,0.02317,154.0,0.02318,1846.0
1753600044000,07:07:24.000,okx,ACH/USDT:USDT,0.02316,767.0,0.02315,2802.0,0.02317,47.0,0.02318,1361.0
1753600045100,07:07:25.100,okx,ACH/USDT:USDT,0.02316,712.0,0.02315,2802.0,0.02317,47.0,0.02318,1651.0
1753600045500,07:07:25.500,okx,ACH/USDT:USDT,0.02316,712.0,0.02315,2802.0,0.02317,258.0,0.02318,1866.0
1753600045600,07:07:25.600,okx,ACH/USDT:USDT,0.02316,712.0,0.02315,2802.0,0.02317,123.0,0.02318,1866.0
1753600046000,07:07:26.000,okx,ACH/USDT:USDT,0.02316,712.0,0.02315,2802.0,0.02317,47.0,0.02318,1866.0
1753600046300,07:07:26.300,okx,ACH/USDT:USDT,0.02316,712.0,0.02315,2802.0,0.02317,47.0,0.02318,2044.0
1753600047100,07:07:27.100,okx,ACH/USDT:USDT,0.02316,712.0,0.02315,2802.0,0.02317,175.0,0.02318,2044.0
1753600047800,07:07:27.800,okx,ACH/USDT:USDT,0.02316,594.0,0.02315,2802.0,0.02317,230.0,0.02318,2044.0
1753600047900,07:07:27.900,okx,ACH/USDT:USDT,0.02316,594.0,0.02315,2946.0,0.02317,389.0,0.02318,2044.0
1753600048000,07:07:28.000,okx,ACH/USDT:USDT,0.02316,594.0,0.02315,2946.0,0.02317,389.0,0.02318,2044.0
1753600048400,07:07:28.400,okx,ACH/USDT:USDT,0.02316,594.0,0.02315,2946.0,0.02317,389.0,0.02318,2044.0
1753600048700,07:07:28.700,okx,ACH/USDT:USDT,0.02316,254.0,0.02315,2946.0,0.02317,389.0,0.02318,2044.0
1753600048900,07:07:28.900,okx,ACH/USDT:USDT,0.02316,254.0,0.02315,2946.0,0.02317,389.0,0.02318,2044.0
1753600049000,07:07:29.000,okx,ACH/USDT:USDT,0.02316,254.0,0.02315,2946.0,0.02317,389.0,0.02318,2044.0
1753600049100,07:07:29.100,okx,ACH/USDT:USDT,0.02316,254.0,0.02315,2946.0,0.02317,389.0,0.02318,2044.0
1753600049300,07:07:29.300,okx,ACH/USDT:USDT,0.02316,254.0,0.02315,2946.0,0.02317,389.0,0.02318,2044.0
1753600049700,07:07:29.700,okx,ACH/USDT:USDT,0.02316,254.0,0.02315,2946.0,0.02317,389.0,0.02318,2044.0
1753600050300,07:07:30.300,okx,ACH/USDT:USDT,0.02316,254.0,0.02315,2946.0,0.02317,313.0,0.02318,2044.0
1753600051300,07:07:31.300,okx,ACH/USDT:USDT,0.02316,254.0,0.02315,2946.0,0.02317,313.0,0.02318,2044.0
1753600052000,07:07:32.000,okx,ACH/USDT:USDT,0.02316,633.0,0.02315,2946.0,0.02317,154.0,0.02318,2044.0
1753600053900,07:07:33.900,okx,ACH/USDT:USDT,0.02316,850.0,0.02315,2802.0,0.02317,194.0,0.02318,2044.0
1753600054300,07:07:34.300,okx,ACH/USDT:USDT,0.02316,850.0,0.02315,2802.0,0.02317,47.0,0.02318,2044.0
1753600054400,07:07:34.400,okx,ACH/USDT:USDT,0.02316,811.0,0.02315,2802.0,0.02317,47.0,0.02318,2044.0
1753600054500,07:07:34.500,okx,ACH/USDT:USDT,0.02316,873.0,0.02315,2802.0,0.02317,47.0,0.02318,2044.0
1753600054600,07:07:34.600,okx,ACH/USDT:USDT,0.02316,873.0,0.02315,2802.0,0.02317,47.0,0.02318,2044.0
1753600055300,07:07:35.300,okx,ACH/USDT:USDT,0.02316,873.0,0.02315,2802.0,0.02317,47.0,0.02318,1754.0
1753600056000,07:07:36.000,okx,ACH/USDT:USDT,0.02316,894.0,0.02315,2802.0,0.02317,23.0,0.02318,1754.0
1753600056300,07:07:36.300,okx,ACH/USDT:USDT,0.02316,894.0,0.02315,2802.0,0.02317,23.0,0.02318,1754.0
1753600057300,07:07:37.300,okx,ACH/USDT:USDT,0.02316,894.0,0.02315,2998.0,0.02317,1.0,0.02318,1369.0
1753600057500,07:07:37.500,okx,ACH/USDT:USDT,0.02317,114.0,0.02316,2412.0,0.02318,341.0,0.02319,2449.0
1753600057600,07:07:37.600,okx,ACH/USDT:USDT,0.02317,138.0,0.02316,2412.0,0.02318,489.0,0.02319,2833.0
1753600058300,07:07:38.300,okx,ACH/USDT:USDT,0.02317,138.0,0.02316,2412.0,0.02318,489.0,0.02319,3263.0
1753600058400,07:07:38.400,okx,ACH/USDT:USDT,0.02317,27.0,0.02316,2391.0,0.02318,730.0,0.02319,3043.0
1753600058600,07:07:38.600,okx,ACH/USDT:USDT,0.02317,27.0,0.02316,2391.0,0.02318,732.0,0.02319,3043.0
1753600058900,07:07:38.900,okx,ACH/USDT:USDT,0.02317,27.0,0.02316,2101.0,0.02318,732.0,0.02319,3043.0
1753600059400,07:07:39.400,okx,ACH/USDT:USDT,0.02317,27.0,0.02316,2391.0,0.02318,677.0,0.02319,3043.0
1753600059800,07:07:39.800,okx,ACH/USDT:USDT,0.02317,26.0,0.02316,2391.0,0.02318,753.0,0.02319,3043.0
1753600060200,07:07:40.200,okx,ACH/USDT:USDT,0.02317,26.0,0.02316,2391.0,0.02318,753.0,0.02319,3043.0
1753600060300,07:07:40.300,okx,ACH/USDT:USDT,0.02317,26.0,0.02316,2391.0,0.02318,732.0,0.02319,3043.0
1753600060500,07:07:40.500,okx,ACH/USDT:USDT,0.02317,27.0,0.02316,2391.0,0.02318,680.0,0.02319,3085.0
1753600060600,07:07:40.600,okx,ACH/USDT:USDT,0.02317,26.0,0.02316,2391.0,0.02318,680.0,0.02319,3085.0
1753600060900,07:07:40.900,okx,ACH/USDT:USDT,0.02317,26.0,0.02316,2391.0,0.02318,680.0,0.02319,3043.0
1753600062000,07:07:42.000,okx,ACH/USDT:USDT,0.02317,26.0,0.02316,2391.0,0.02318,680.0,0.02319,3043.0
1753600063100,07:07:43.100,okx,ACH/USDT:USDT,0.02317,27.0,0.02316,2391.0,0.02318,680.0,0.02319,3043.0
1753600063200,07:07:43.200,okx,ACH/USDT:USDT,0.02317,27.0,0.02316,2391.0,0.02318,492.0,0.02319,3043.0
1753600063600,07:07:43.600,okx,ACH/USDT:USDT,0.02317,138.0,0.02316,2391.0,0.02318,492.0,0.02319,3043.0
1753600063900,07:07:43.900,okx,ACH/USDT:USDT,0.02317,138.0,0.02316,2391.0,0.02318,179.0,0.02319,2708.0
1753600064100,07:07:44.100,okx,ACH/USDT:USDT,0.02317,138.0,0.02316,2391.0,0.02318,179.0,0.02319,2708.0
1753600064200,07:07:44.200,okx,ACH/USDT:USDT,0.02317,138.0,0.02316,2391.0,0.02318,179.0,0.02319,2666.0
1753600066200,07:07:46.200,okx,ACH/USDT:USDT,0.02317,138.0,0.02316,2391.0,0.02318,258.0,0.02319,2666.0
1753600066400,07:07:46.400,okx,ACH/USDT:USDT,0.02317,138.0,0.02316,2391.0,0.02318,447.0,0.02319,2666.0
1753600067200,07:07:47.200,okx,ACH/USDT:USDT,0.02317,138.0,0.02316,2391.0,0.02318,371.0,0.02319,2666.0
1753600067300,07:07:47.300,okx,ACH/USDT:USDT,0.02317,138.0,0.02316,2391.0,0.02318,371.0,0.02319,2666.0
1753600067500,07:07:47.500,okx,ACH/USDT:USDT,0.02317,550.0,0.02316,2329.0,0.02318,293.0,0.02319,2666.0
1753600067600,07:07:47.600,okx,ACH/USDT:USDT,0.02317,550.0,0.02316,2329.0,0.02318,293.0,0.02319,2666.0
1753600067700,07:07:47.700,okx,ACH/USDT:USDT,0.02317,186.0,0.02316,2274.0,0.02318,442.0,0.02319,2666.0
1753600067800,07:07:47.800,okx,ACH/USDT:USDT,0.02317,186.0,0.02316,2274.0,0.02318,444.0,0.02319,2666.0
1753600068000,07:07:48.000,okx,ACH/USDT:USDT,0.02317,75.0,0.02316,2274.0,0.02318,644.0,0.02319,2908.0
1753600068100,07:07:48.100,okx,ACH/USDT:USDT,0.02317,75.0,0.02316,2274.0,0.02318,644.0,0.02319,2950.0
1753600068200,07:07:48.200,okx,ACH/USDT:USDT,0.02317,75.0,0.02316,2274.0,0.02318,644.0,0.02319,2950.0
1753600068400,07:07:48.400,okx,ACH/USDT:USDT,0.02317,75.0,0.02316,2274.0,0.02318,644.0,0.02319,2950.0
1753600068500,07:07:48.500,okx,ACH/USDT:USDT,0.02317,75.0,0.02316,2274.0,0.02318,645.0,0.02319,2950.0
1753600069000,07:07:49.000,okx,ACH/USDT:USDT,0.02317,75.0,0.02316,2274.0,0.02318,645.0,0.02319,2950.0
1753600069400,07:07:49.400,okx,ACH/USDT:USDT,0.02317,75.0,0.02316,1984.0,0.02318,828.0,0.02319,2992.0
1753600071400,07:07:51.400,okx,ACH/USDT:USDT,0.02317,75.0,0.02316,1984.0,0.02318,645.0,0.02319,3337.0
1753600072300,07:07:52.300,okx,ACH/USDT:USDT,0.02317,159.0,0.02316,2274.0,0.02318,645.0,0.02319,3337.0
1753600072400,07:07:52.400,okx,ACH/USDT:USDT,0.02317,159.0,0.02316,2274.0,0.02318,645.0,0.02319,3337.0
1753600072600,07:07:52.600,okx,ACH/USDT:USDT,0.02317,159.0,0.02316,2274.0,0.02318,645.0,0.02319,3337.0
1753600072700,07:07:52.700,okx,ACH/USDT:USDT,0.02317,159.0,0.02316,2274.0,0.02318,645.0,0.02319,3337.0
1753600072900,07:07:52.900,okx,ACH/USDT:USDT,0.02317,159.0,0.02316,2274.0,0.02318,645.0,0.02319,3337.0
1753600073200,07:07:53.200,okx,ACH/USDT:USDT,0.02317,173.0,0.02316,2274.0,0.02318,456.0,0.02319,3337.0
1753600073300,07:07:53.300,okx,ACH/USDT:USDT,0.02317,173.0,0.02316,2274.0,0.02318,456.0,0.02319,3296.0
1753600073700,07:07:53.700,okx,ACH/USDT:USDT,0.02317,173.0,0.02316,2274.0,0.02318,456.0,0.02319,3296.0
1753600073800,07:07:53.800,okx,ACH/USDT:USDT,0.02317,173.0,0.02316,2274.0,0.02318,456.0,0.02319,3296.0
1753600075100,07:07:55.100,okx,ACH/USDT:USDT,0.02317,175.0,0.02316,2274.0,0.02318,456.0,0.02319,3296.0
1753600075400,07:07:55.400,okx,ACH/USDT:USDT,0.02317,175.0,0.02316,2274.0,0.02318,456.0,0.02319,3296.0
1753600076400,07:07:56.400,okx,ACH/USDT:USDT,0.02317,175.0,0.02316,2274.0,0.02318,456.0,0.02319,3296.0
1753600076600,07:07:56.600,okx,ACH/USDT:USDT,0.02317,150.0,0.02316,2274.0,0.02318,456.0,0.02319,3296.0
1753600076700,07:07:56.700,okx,ACH/USDT:USDT,0.02316,568.0,0.02315,2802.0,0.02317,150.0,0.02318,2155.0
1753600076800,07:07:56.800,okx,ACH/USDT:USDT,0.02316,597.0,0.02315,2650.0,0.02317,207.0,0.02318,2134.0
1753600076900,07:07:56.900,okx,ACH/USDT:USDT,0.02316,597.0,0.02315,2650.0,0.02317,207.0,0.02318,2134.0
1753600077000,07:07:57.000,okx,ACH/USDT:USDT,0.02316,257.0,0.02315,2186.0,0.02317,283.0,0.02318,2134.0
1753600078000,07:07:58.000,okx,ACH/USDT:USDT,0.02316,257.0,0.02315,2186.0,0.02317,283.0,0.02318,2134.0
1753600078100,07:07:58.100,okx,ACH/USDT:USDT,0.02316,257.0,0.02315,2186.0,0.02317,189.0,0.02318,1956.0
1753600078600,07:07:58.600,okx,ACH/USDT:USDT,0.02316,257.0,0.02315,2186.0,0.02317,397.0,0.02318,1956.0
1753600078700,07:07:58.700,okx,ACH/USDT:USDT,0.02316,257.0,0.02315,2186.0,0.02317,397.0,0.02318,1956.0
1753600079300,07:07:59.300,okx,ACH/USDT:USDT,0.02316,257.0,0.02315,2186.0,0.02317,397.0,0.02318,1956.0
1753600079400,07:07:59.400,okx,ACH/USDT:USDT,0.02316,257.0,0.02315,2186.0,0.02317,397.0,0.02318,1956.0
1753600080000,07:08:00.000,okx,ACH/USDT:USDT,0.02316,257.0,0.02315,2186.0,0.02317,397.0,0.02318,1956.0
1753600080100,07:08:00.100,okx,ACH/USDT:USDT,0.02316,142.0,0.02315,2186.0,0.02317,342.0,0.02318,1956.0
1753600080200,07:08:00.200,okx,ACH/USDT:USDT,0.02316,142.0,0.02315,2186.0,0.02317,342.0,0.02318,1956.0
1753600080300,07:08:00.300,okx,ACH/USDT:USDT,0.02316,142.0,0.02315,2186.0,0.02317,399.0,0.02318,1956.0
1753600080900,07:08:00.900,okx,ACH/USDT:USDT,0.02316,142.0,0.02315,2187.0,0.02317,399.0,0.02318,1756.0
1753600081000,07:08:01.000,okx,ACH/USDT:USDT,0.02316,142.0,0.02315,2187.0,0.02317,399.0,0.02318,1756.0
1753600081300,07:08:01.300,okx,ACH/USDT:USDT,0.02316,142.0,0.02315,2187.0,0.02317,246.0,0.02318,1756.0
1753600081400,07:08:01.400,okx,ACH/USDT:USDT,0.02316,142.0,0.02315,2187.0,0.02317,386.0,0.02318,1756.0
1753600081500,07:08:01.500,okx,ACH/USDT:USDT,0.02316,32.0,0.02315,2187.0,0.02317,386.0,0.02318,1798.0
1753600081800,07:08:01.800,okx,ACH/USDT:USDT,0.02316,32.0,0.02315,2187.0,0.02317,386.0,0.02318,1798.0
1753600082000,07:08:02.000,okx,ACH/USDT:USDT,0.02316,1.0,0.02315,1510.0,0.02317,958.0,0.02318,2175.0
1753600082100,07:08:02.100,okx,ACH/USDT:USDT,0.02316,1.0,0.02315,1510.0,0.02317,958.0,0.02318,2472.0
1753600082200,07:08:02.200,okx,ACH/USDT:USDT,0.02316,1.0,0.02315,1510.0,0.02317,958.0,0.02318,2472.0
1753600082300,07:08:02.300,okx,ACH/USDT:USDT,0.02316,1.0,0.02315,1510.0,0.02317,958.0,0.02318,2513.0
1753600082400,07:08:02.400,okx,ACH/USDT:USDT,0.02316,1.0,0.02315,1510.0,0.02317,958.0,0.02318,2513.0
1753600082500,07:08:02.500,okx,ACH/USDT:USDT,0.02316,1.0,0.02315,1510.0,0.02317,958.0,0.02318,2513.0
1753600082700,07:08:02.700,okx,ACH/USDT:USDT,0.02316,1.0,0.02315,456.0,0.02317,958.0,0.02318,3053.0
1753600082800,07:08:02.800,okx,ACH/USDT:USDT,0.02316,1.0,0.02315,456.0,0.02317,958.0,0.02318,3364.0
1753600083500,07:08:03.500,okx,ACH/USDT:USDT,0.02316,1.0,0.02315,1018.0,0.02317,958.0,0.02318,3204.0
1753600084300,07:08:04.300,okx,ACH/USDT:USDT,0.02316,2.0,0.02315,1018.0,0.02317,956.0,0.02318,3204.0
1753600084400,07:08:04.400,okx,ACH/USDT:USDT,0.02316,2.0,0.02315,1018.0,0.02317,956.0,0.02318,3204.0
1753600084500,07:08:04.500,okx,ACH/USDT:USDT,0.02316,2.0,0.02315,1018.0,0.02317,956.0,0.02318,3204.0
1753600084600,07:08:04.600,okx,ACH/USDT:USDT,0.02316,2.0,0.02315,1018.0,0.02317,956.0,0.02318,3763.0
1753600084800,07:08:04.800,okx,ACH/USDT:USDT,0.02316,2.0,0.02315,1018.0,0.02317,956.0,0.02318,3763.0
1753600085900,07:08:05.900,okx,ACH/USDT:USDT,0.02316,2.0,0.02315,1018.0,0.02317,956.0,0.02318,3763.0
1753600087400,07:08:07.400,okx,ACH/USDT:USDT,0.02316,2.0,0.02315,1018.0,0.02317,956.0,0.02318,3763.0
1753600088100,07:08:08.100,okx,ACH/USDT:USDT,0.02316,2.0,0.02315,1018.0,0.02317,956.0,0.02318,3763.0
1753600088300,07:08:08.300,okx,ACH/USDT:USDT,0.02316,28.0,0.02315,1148.0,0.02317,740.0,0.02318,3382.0
1753600088500,07:08:08.500,okx,ACH/USDT:USDT,0.02315,539.0,0.02314,2038.0,0.02316,145.0,0.02317,2080.0
1753600088800,07:08:08.800,okx,ACH/USDT:USDT,0.02315,539.0,0.02314,2038.0,0.02316,145.0,0.02317,2080.0
1753600089000,07:08:09.000,okx,ACH/USDT:USDT,0.02315,560.0,0.02314,2038.0,0.02316,118.0,0.02317,2080.0
1753600089300,07:08:09.300,okx,ACH/USDT:USDT,0.02315,560.0,0.02314,2038.0,0.02316,118.0,0.02317,1996.0
1753600090000,07:08:10.000,okx,ACH/USDT:USDT,0.02315,672.0,0.02314,1908.0,0.02316,146.0,0.02317,1808.0
1753600091400,07:08:11.400,okx,ACH/USDT:USDT,0.02315,484.0,0.02314,1908.0,0.02316,256.0,0.02317,1808.0
1753600091500,07:08:11.500,okx,ACH/USDT:USDT,0.02315,484.0,0.02314,2030.0,0.02316,400.0,0.02317,1808.0
1753600091600,07:08:11.600,okx,ACH/USDT:USDT,0.02315,484.0,0.02314,2030.0,0.02316,400.0,0.02317,1850.0
1753600091800,07:08:11.800,okx,ACH/USDT:USDT,0.02315,484.0,0.02314,2030.0,0.02316,400.0,0.02317,1850.0
1753600092300,07:08:12.300,okx,ACH/USDT:USDT,0.02315,32.0,0.02314,1987.0,0.02316,672.0,0.02317,1850.0
1753600092500,07:08:12.500,okx,ACH/USDT:USDT,0.02315,32.0,0.02314,1987.0,0.02316,672.0,0.02317,1850.0
1753600092700,07:08:12.700,okx,ACH/USDT:USDT,0.02315,32.0,0.02314,1987.0,0.02316,672.0,0.02317,1850.0
1753600092800,07:08:12.800,okx,ACH/USDT:USDT,0.02315,32.0,0.02314,1987.0,0.02316,672.0,0.02317,1850.0
1753600094100,07:08:14.100,okx,ACH/USDT:USDT,0.02315,632.0,0.02314,2030.0,0.02316,146.0,0.02317,1934.0
1753600094200,07:08:14.200,okx,ACH/USDT:USDT,0.02315,632.0,0.02314,2030.0,0.02316,291.0,0.02317,2028.0
1753600094400,07:08:14.400,okx,ACH/USDT:USDT,0.02315,833.0,0.02314,1908.0,0.02316,146.0,0.02317,1854.0
1753600095100,07:08:15.100,okx,ACH/USDT:USDT,0.02315,812.0,0.02314,1908.0,0.02316,146.0,0.02317,1854.0
1753600095200,07:08:15.200,okx,ACH/USDT:USDT,0.02315,812.0,0.02314,1908.0,0.02316,146.0,0.02317,1812.0
1753600096600,07:08:16.600,okx,ACH/USDT:USDT,0.02315,757.0,0.02314,1908.0,0.02316,146.0,0.02317,1812.0
1753600097200,07:08:17.200,okx,ACH/USDT:USDT,0.02315,757.0,0.02314,1908.0,0.02316,257.0,0.02317,1812.0
1753600098100,07:08:18.100,okx,ACH/USDT:USDT,0.02315,708.0,0.02314,2027.0,0.02316,272.0,0.02317,1812.0
1753600099300,07:08:19.300,okx,ACH/USDT:USDT,0.02315,632.0,0.02314,2027.0,0.02316,417.0,0.02317,1812.0
1753600099500,07:08:19.500,okx,ACH/USDT:USDT,0.02315,632.0,0.02314,2027.0,0.02316,417.0,0.02317,1812.0
1753600101800,07:08:21.800,okx,ACH/USDT:USDT,0.02315,639.0,0.02314,2027.0,0.02316,418.0,0.02317,1812.0
1753600102100,07:08:22.100,okx,ACH/USDT:USDT,0.02315,639.0,0.02314,2027.0,0.02316,439.0,0.02317,1812.0
1753600102700,07:08:22.700,okx,ACH/USDT:USDT,0.02315,188.0,0.02314,1984.0,0.02316,891.0,0.02317,1854.0
1753600103500,07:08:23.500,okx,ACH/USDT:USDT,0.02315,197.0,0.02314,1984.0,0.02316,709.0,0.02317,2152.0
1753600103700,07:08:23.700,okx,ACH/USDT:USDT,0.02315,197.0,0.02314,1984.0,0.02316,709.0,0.02317,2152.0
1753600104100,07:08:24.100,okx,ACH/USDT:USDT,0.02315,197.0,0.02314,1984.0,0.02316,709.0,0.02317,2152.0
1753600105100,07:08:25.100,okx,ACH/USDT:USDT,0.02315,197.0,0.02314,1984.0,0.02316,709.0,0.02317,2152.0
1753600106200,07:08:26.200,okx,ACH/USDT:USDT,0.02315,886.0,0.02314,1908.0,0.02316,257.0,0.02317,2026.0
1753600107300,07:08:27.300,okx,ACH/USDT:USDT,0.02315,886.0,0.02314,1908.0,0.02316,257.0,0.02317,2026.0
1753600109200,07:08:29.200,okx,ACH/USDT:USDT,0.02315,945.0,0.02314,1908.0,0.02316,219.0,0.02317,2048.0
1753600109700,07:08:29.700,okx,ACH/USDT:USDT,0.02315,945.0,0.02314,1908.0,0.02316,219.0,0.02317,2048.0
1753600109800,07:08:29.800,okx,ACH/USDT:USDT,0.02315,945.0,0.02314,1908.0,0.02316,238.0,0.02317,2026.0
1753600110000,07:08:30.000,okx,ACH/USDT:USDT,0.02315,945.0,0.02314,1908.0,0.02316,238.0,0.02317,2026.0
1753600110100,07:08:30.100,okx,ACH/USDT:USDT,0.02315,945.0,0.02314,1908.0,0.02316,238.0,0.02317,2026.0
1753600110600,07:08:30.600,okx,ACH/USDT:USDT,0.02315,924.0,0.02314,1908.0,0.02316,253.0,0.02317,2026.0
1753600110700,07:08:30.700,okx,ACH/USDT:USDT,0.02315,945.0,0.02314,1908.0,0.02316,253.0,0.02317,2026.0
1753600112100,07:08:32.100,okx,ACH/USDT:USDT,0.02315,945.0,0.02314,1908.0,0.02316,253.0,0.02317,2026.0
1753600113800,07:08:33.800,okx,ACH/USDT:USDT,0.02315,945.0,0.02314,1908.0,0.02316,253.0,0.02317,2026.0
1753600114000,07:08:34.000,okx,ACH/USDT:USDT,0.02315,1059.0,0.02314,1908.0,0.02316,253.0,0.02317,2026.0
1753600114100,07:08:34.100,okx,ACH/USDT:USDT,0.02315,1059.0,0.02314,1908.0,0.02316,253.0,0.02317,2026.0
1753600114900,07:08:34.900,okx,ACH/USDT:USDT,0.02315,940.0,0.02314,1908.0,0.02316,308.0,0.02317,2026.0
1753600116600,07:08:36.600,okx,ACH/USDT:USDT,0.02315,1016.0,0.02314,1908.0,0.02316,253.0,0.02317,2026.0
1753600116700,07:08:36.700,okx,ACH/USDT:USDT,0.02315,1016.0,0.02314,1908.0,0.02316,253.0,0.02317,2026.0
1753600119600,07:08:39.600,okx,ACH/USDT:USDT,0.02315,1015.0,0.02314,1908.0,0.02316,253.0,0.02317,2026.0
1753600120100,07:08:40.100,okx,ACH/USDT:USDT,0.02315,1015.0,0.02314,1908.0,0.02316,253.0,0.02317,2026.0
1753600120500,07:08:40.500,okx,ACH/USDT:USDT,0.02315,1026.0,0.02314,1908.0,0.02316,346.0,0.02317,2026.0
1753600120800,07:08:40.800,okx,ACH/USDT:USDT,0.02316,521.0,0.02315,1984.0,0.02317,996.0,0.02318,2324.0
1753600120900,07:08:40.900,okx,ACH/USDT:USDT,0.02316,1087.0,0.02315,2194.0,0.02317,287.0,0.02318,1554.0
1753600121000,07:08:41.000,okx,ACH/USDT:USDT,0.02316,1087.0,0.02315,2194.0,0.02317,268.0,0.02318,1778.0
1753600121700,07:08:41.700,okx,ACH/USDT:USDT,0.02316,1087.0,0.02315,2194.0,0.02317,268.0,0.02318,1799.0
1753600122000,07:08:42.000,okx,ACH/USDT:USDT,0.02316,1087.0,0.02315,2198.0,0.02317,268.0,0.02318,1799.0
1753600124600,07:08:44.600,okx,ACH/USDT:USDT,0.02316,1129.0,0.02315,2171.0,0.02317,282.0,0.02318,1597.0
1753600124700,07:08:44.700,okx,ACH/USDT:USDT,0.02316,1129.0,0.02315,2171.0,0.02317,282.0,0.02318,1597.0
1753600124900,07:08:44.900,okx,ACH/USDT:USDT,0.02316,1129.0,0.02315,2171.0,0.02317,282.0,0.02318,1597.0
1753600125500,07:08:45.500,okx,ACH/USDT:USDT,0.02316,1129.0,0.02315,2171.0,0.02317,282.0,0.02318,1597.0
1753600127600,07:08:47.600,okx,ACH/USDT:USDT,0.02316,1126.0,0.02315,2171.0,0.02317,282.0,0.02318,1597.0
1753600128600,07:08:48.600,okx,ACH/USDT:USDT,0.02316,1126.0,0.02315,2456.0,0.02317,282.0,0.02318,1775.0
1753600128700,07:08:48.700,okx,ACH/USDT:USDT,0.02316,1126.0,0.02315,2456.0,0.02317,282.0,0.02318,1775.0
1753600129100,07:08:49.100,okx,ACH/USDT:USDT,0.02316,1126.0,0.02315,2456.0,0.02317,282.0,0.02318,1775.0
1753600129200,07:08:49.200,okx,ACH/USDT:USDT,0.02316,442.0,0.02315,1787.0,0.02317,282.0,0.02318,2110.0
1753600129500,07:08:49.500,okx,ACH/USDT:USDT,0.02316,1031.0,0.02315,1729.0,0.02317,410.0,0.02318,2304.0
1753600129800,07:08:49.800,okx,ACH/USDT:USDT,0.02316,1052.0,0.02315,1729.0,0.02317,410.0,0.02318,1754.0
1753600130500,07:08:50.500,okx,ACH/USDT:USDT,0.02316,1052.0,0.02315,1729.0,0.02317,410.0,0.02318,1754.0
1753600131300,07:08:51.300,okx,ACH/USDT:USDT,0.02316,1052.0,0.02315,1729.0,0.02317,410.0,0.02318,1754.0
1753600132600,07:08:52.600,okx,ACH/USDT:USDT,0.02316,1053.0,0.02315,1729.0,0.02317,392.0,0.02318,1776.0
1753600133000,07:08:53.000,okx,ACH/USDT:USDT,0.02316,1053.0,0.02315,1729.0,0.02317,363.0,0.02318,1776.0
1753600133300,07:08:53.300,okx,ACH/USDT:USDT,0.02316,1053.0,0.02315,1729.0,0.02317,363.0,0.02318,1776.0
1753600133500,07:08:53.500,okx,ACH/USDT:USDT,0.02316,1053.0,0.02315,1729.0,0.02317,363.0,0.02318,1776.0
1753600134200,07:08:54.200,okx,ACH/USDT:USDT,0.02316,1053.0,0.02315,1729.0,0.02317,363.0,0.02318,1776.0
1753600134400,07:08:54.400,okx,ACH/USDT:USDT,0.02316,1062.0,0.02315,1905.0,0.02317,363.0,0.02318,1598.0
1753600134800,07:08:54.800,okx,ACH/USDT:USDT,0.02316,1062.0,0.02315,1905.0,0.02317,363.0,0.02318,1598.0
1753600135100,07:08:55.100,okx,ACH/USDT:USDT,0.02316,1062.0,0.02315,1905.0,0.02317,248.0,0.02318,1598.0
1753600135700,07:08:55.700,okx,ACH/USDT:USDT,0.02316,1062.0,0.02315,1905.0,0.02317,248.0,0.02318,1598.0
1753600136100,07:08:56.100,okx,ACH/USDT:USDT,0.02316,1062.0,0.02315,1905.0,0.02317,248.0,0.02318,1598.0
1753600136700,07:08:56.700,okx,ACH/USDT:USDT,0.02316,1062.0,0.02315,1905.0,0.02317,248.0,0.02318,1356.0
1753600137100,07:08:57.100,okx,ACH/USDT:USDT,0.02316,1062.0,0.02315,1905.0,0.02317,248.0,0.02318,1356.0
1753600137300,07:08:57.300,okx,ACH/USDT:USDT,0.02316,1062.0,0.02315,2119.0,0.02317,248.0,0.02318,1356.0
1753600137800,07:08:57.800,okx,ACH/USDT:USDT,0.02316,1074.0,0.02315,2119.0,0.02317,248.0,0.02318,1356.0
1753600138400,07:08:58.400,okx,ACH/USDT:USDT,0.02316,1115.0,0.02315,2119.0,0.02317,136.0,0.02318,1356.0
1753600138900,07:08:58.900,okx,ACH/USDT:USDT,0.02316,1115.0,0.02315,2119.0,0.02317,160.0,0.02318,1356.0
1753600139400,07:08:59.400,okx,ACH/USDT:USDT,0.02316,1115.0,0.02315,2119.0,0.02317,160.0,0.02318,1356.0
1753600139600,07:08:59.600,okx,ACH/USDT:USDT,0.02316,1115.0,0.02315,2213.0,0.02317,160.0,0.02318,1356.0
1753600140100,07:09:00.100,okx,ACH/USDT:USDT,0.02316,1115.0,0.02315,2212.0,0.02317,160.0,0.02318,1356.0
1753600140300,07:09:00.300,okx,ACH/USDT:USDT,0.02316,1120.0,0.02315,2212.0,0.02317,160.0,0.02318,1534.0
1753600140500,07:09:00.500,okx,ACH/USDT:USDT,0.02316,1120.0,0.02315,2212.0,0.02317,160.0,0.02318,1534.0
1753600140600,07:09:00.600,okx,ACH/USDT:USDT,0.02316,1120.0,0.02315,2212.0,0.02317,160.0,0.02318,1534.0
1753600140900,07:09:00.900,okx,ACH/USDT:USDT,0.02316,1120.0,0.02315,2212.0,0.02317,251.0,0.02318,1534.0
1753600141300,07:09:01.300,okx,ACH/USDT:USDT,0.02316,1120.0,0.02315,2212.0,0.02317,251.0,0.02318,1534.0
1753600143300,07:09:03.300,okx,ACH/USDT:USDT,0.02316,1122.0,0.02315,2212.0,0.02317,251.0,0.02318,1534.0
1753600144100,07:09:04.100,okx,ACH/USDT:USDT,0.02316,1122.0,0.02315,2212.0,0.02317,227.0,0.02318,1534.0
1753600144600,07:09:04.600,okx,ACH/USDT:USDT,0.02316,1122.0,0.02315,2212.0,0.02317,227.0,0.02318,1534.0
1753600144800,07:09:04.800,okx,ACH/USDT:USDT,0.02316,1122.0,0.02315,2212.0,0.02317,227.0,0.02318,1534.0
1753600145400,07:09:05.400,okx,ACH/USDT:USDT,0.02317,456.0,0.02316,1833.0,0.02318,901.0,0.02319,3174.0
1753600145800,07:09:05.800,okx,ACH/USDT:USDT,0.02317,458.0,0.02316,2040.0,0.02318,524.0,0.02319,2644.0
1753600146000,07:09:06.000,okx,ACH/USDT:USDT,0.02317,458.0,0.02316,2040.0,0.02318,524.0,0.02319,2644.0
1753600146100,07:09:06.100,okx,ACH/USDT:USDT,0.02317,458.0,0.02316,2040.0,0.02318,524.0,0.02319,2644.0
1753600146200,07:09:06.200,okx,ACH/USDT:USDT,0.02317,458.0,0.02316,2040.0,0.02318,524.0,0.02319,2644.0
1753600146400,07:09:06.400,okx,ACH/USDT:USDT,0.02317,458.0,0.02316,2040.0,0.02318,524.0,0.02319,2644.0
1753600147100,07:09:07.100,okx,ACH/USDT:USDT,0.02317,940.0,0.02316,1913.0,0.02318,293.0,0.02319,2644.0
1753600147200,07:09:07.200,okx,ACH/USDT:USDT,0.02317,942.0,0.02316,1913.0,0.02318,414.0,0.02319,2601.0
1753600148300,07:09:08.300,okx,ACH/USDT:USDT,0.02317,942.0,0.02316,2297.0,0.02318,414.0,0.02319,2559.0
1753600149400,07:09:09.400,okx,ACH/USDT:USDT,0.02317,942.0,0.02316,2297.0,0.02318,414.0,0.02319,2559.0
1753600150800,07:09:10.800,okx,ACH/USDT:USDT,0.02317,942.0,0.02316,2297.0,0.02318,414.0,0.02319,2559.0
1753600151900,07:09:11.900,okx,ACH/USDT:USDT,0.02317,602.0,0.02316,2297.0,0.02318,414.0,0.02319,2559.0
1753600153000,07:09:13.000,okx,ACH/USDT:USDT,0.02317,403.0,0.02316,2297.0,0.02318,459.0,0.02319,2559.0
1753600153100,07:09:13.100,okx,ACH/USDT:USDT,0.02317,403.0,0.02316,2418.0,0.02318,406.0,0.02319,2559.0
1753600154500,07:09:14.500,okx,ACH/USDT:USDT,0.02317,819.0,0.02316,2418.0,0.02318,406.0,0.02319,2559.0
1753600154600,07:09:14.600,okx,ACH/USDT:USDT,0.02317,960.0,0.02316,2297.0,0.02318,406.0,0.02319,2559.0
1753600155300,07:09:15.300,okx,ACH/USDT:USDT,0.02317,960.0,0.02316,2297.0,0.02318,226.0,0.02319,2559.0
1753600155800,07:09:15.800,okx,ACH/USDT:USDT,0.02317,1021.0,0.02316,2238.0,0.02318,226.0,0.02319,2559.0
1753600160300,07:09:20.300,okx,ACH/USDT:USDT,0.02317,1092.0,0.02316,2243.0,0.02318,204.0,0.02319,2291.0
1753600163800,07:09:23.800,okx,ACH/USDT:USDT,0.02317,1092.0,0.02316,2528.0,0.02318,204.0,0.02319,2291.0
1753600164100,07:09:24.100,okx,ACH/USDT:USDT,0.02317,1092.0,0.02316,2528.0,0.02318,204.0,0.02319,2291.0
1753600164900,07:09:24.900,okx,ACH/USDT:USDT,0.02317,1092.0,0.02316,2528.0,0.02318,204.0,0.02319,2291.0
1753600165700,07:09:25.700,okx,ACH/USDT:USDT,0.02317,1099.0,0.02316,2528.0,0.02318,204.0,0.02319,2291.0
1753600167900,07:09:27.900,okx,ACH/USDT:USDT,0.02317,1099.0,0.02316,2528.0,0.02318,204.0,0.02319,2291.0
1753600169600,07:09:29.600,okx,ACH/USDT:USDT,0.02317,1100.0,0.02316,2528.0,0.02318,204.0,0.02319,2291.0
1753600169700,07:09:29.700,okx,ACH/USDT:USDT,0.02317,1100.0,0.02316,2528.0,0.02318,204.0,0.02319,2291.0
1753600169800,07:09:29.800,okx,ACH/USDT:USDT,0.02317,1100.0,0.02316,2528.0,0.02318,177.0,0.02319,2291.0
1753600170200,07:09:30.200,okx,ACH/USDT:USDT,0.02317,1100.0,0.02316,2528.0,0.02318,177.0,0.02319,2291.0
1753600170300,07:09:30.300,okx,ACH/USDT:USDT,0.02317,1100.0,0.02316,2528.0,0.02318,177.0,0.02319,2291.0
1753600171600,07:09:31.600,okx,ACH/USDT:USDT,0.02317,1100.0,0.02316,2528.0,0.02318,177.0,0.02319,2291.0
1753600173000,07:09:33.000,okx,ACH/USDT:USDT,0.02317,1045.0,0.02316,2528.0,0.02318,201.0,0.02319,2291.0
1753600173200,07:09:33.200,okx,ACH/USDT:USDT,0.02317,1045.0,0.02316,2528.0,0.02318,201.0,0.02319,2291.0
1753600174400,07:09:34.400,okx,ACH/USDT:USDT,0.02317,1045.0,0.02316,2528.0,0.02318,201.0,0.02319,2291.0
1753600174500,07:09:34.500,okx,ACH/USDT:USDT,0.02317,1045.0,0.02316,2528.0,0.02318,201.0,0.02319,2291.0
1753600175000,07:09:35.000,okx,ACH/USDT:USDT,0.02317,1100.0,0.02316,2528.0,0.02318,177.0,0.02319,2291.0
1753600175100,07:09:35.100,okx,ACH/USDT:USDT,0.02317,1100.0,0.02316,2528.0,0.02318,177.0,0.02319,2291.0
1753600177000,07:09:37.000,okx,ACH/USDT:USDT,0.02317,1100.0,0.02316,2528.0,0.02318,177.0,0.02319,2291.0
1753600177700,07:09:37.700,okx,ACH/USDT:USDT,0.02317,1100.0,0.02316,2528.0,0.02318,203.0,0.02319,2291.0
1753600178500,07:09:38.500,okx,ACH/USDT:USDT,0.02317,1045.0,0.02316,2528.0,0.02318,203.0,0.02319,2291.0
1753600178900,07:09:38.900,okx,ACH/USDT:USDT,0.02317,431.0,0.02316,2243.0,0.02318,289.0,0.02319,2091.0
1753600179000,07:09:39.000,okx,ACH/USDT:USDT,0.02317,431.0,0.02316,2243.0,0.02318,289.0,0.02319,2306.0
1753600179100,07:09:39.100,okx,ACH/USDT:USDT,0.02317,431.0,0.02316,2385.0,0.02318,291.0,0.02319,2306.0
1753600181300,07:09:41.300,okx,ACH/USDT:USDT,0.02317,1135.0,0.02316,2243.0,0.02318,307.0,0.02319,2091.0
1753600181800,07:09:41.800,okx,ACH/USDT:USDT,0.02317,1080.0,0.02316,2243.0,0.02318,307.0,0.02319,2091.0
1753600182200,07:09:42.200,okx,ACH/USDT:USDT,0.02317,1080.0,0.02316,2243.0,0.02318,307.0,0.02319,2091.0
1753600182400,07:09:42.400,okx,ACH/USDT:USDT,0.02317,1080.0,0.02316,2243.0,0.02318,307.0,0.02319,2091.0
1753600183300,07:09:43.300,okx,ACH/USDT:USDT,0.02317,719.0,0.02316,2243.0,0.02318,383.0,0.02319,2091.0
1753600184400,07:09:44.400,okx,ACH/USDT:USDT,0.02317,719.0,0.02316,2243.0,0.02318,383.0,0.02319,2091.0
1753600184900,07:09:44.900,okx,ACH/USDT:USDT,0.02317,1059.0,0.02316,2243.0,0.02318,326.0,0.02319,1749.0
1753600185900,07:09:45.900,okx,ACH/USDT:USDT,0.02317,837.0,0.02316,2171.0,0.02318,556.0,0.02319,2132.0
1753600186000,07:09:46.000,okx,ACH/USDT:USDT,0.02317,837.0,0.02316,2296.0,0.02318,556.0,0.02319,2347.0
1753600186200,07:09:46.200,okx,ACH/USDT:USDT,0.02317,837.0,0.02316,2296.0,0.02318,556.0,0.02319,2347.0
1753600187200,07:09:47.200,okx,ACH/USDT:USDT,0.02317,837.0,0.02316,2296.0,0.02318,756.0,0.02319,2589.0
1753600187800,07:09:47.800,okx,ACH/USDT:USDT,0.02317,837.0,0.02316,2296.0,0.02318,756.0,0.02319,2589.0
1753600188300,07:09:48.300,okx,ACH/USDT:USDT,0.02317,837.0,0.02316,2296.0,0.02318,756.0,0.02319,2589.0
1753600188700,07:09:48.700,okx,ACH/USDT:USDT,0.02317,837.0,0.02316,2296.0,0.02318,756.0,0.02319,2589.0
1753600188900,07:09:48.900,okx,ACH/USDT:USDT,0.02317,837.0,0.02316,2296.0,0.02318,756.0,0.02319,2589.0
1753600189000,07:09:49.000,okx,ACH/USDT:USDT,0.02317,837.0,0.02316,2296.0,0.02318,756.0,0.02319,2589.0
1753600189300,07:09:49.300,okx,ACH/USDT:USDT,0.02317,837.0,0.02316,2296.0,0.02318,756.0,0.02319,2589.0
1753600190000,07:09:50.000,okx,ACH/USDT:USDT,0.02317,837.0,0.02316,2296.0,0.02318,756.0,0.02319,2589.0
1753600190600,07:09:50.600,okx,ACH/USDT:USDT,0.02317,837.0,0.02316,2296.0,0.02318,756.0,0.02319,2589.0
1753600191200,07:09:51.200,okx,ACH/USDT:USDT,0.02317,837.0,0.02316,1912.0,0.02318,756.0,0.02319,2589.0
1753600192500,07:09:52.500,okx,ACH/USDT:USDT,0.02317,839.0,0.02316,1912.0,0.02318,756.0,0.02319,2589.0
1753600192600,07:09:52.600,okx,ACH/USDT:USDT,0.02317,839.0,0.02316,1912.0,0.02318,756.0,0.02319,2589.0
1753600192700,07:09:52.700,okx,ACH/USDT:USDT,0.02317,839.0,0.02316,1912.0,0.02318,756.0,0.02319,2589.0
1753600193000,07:09:53.000,okx,ACH/USDT:USDT,0.02317,839.0,0.02316,1912.0,0.02318,756.0,0.02319,2589.0
1753600193200,07:09:53.200,okx,ACH/USDT:USDT,0.02317,839.0,0.02316,1912.0,0.02318,583.0,0.02319,2767.0
1753600193700,07:09:53.700,okx,ACH/USDT:USDT,0.02317,839.0,0.02316,1912.0,0.02318,583.0,0.02319,2552.0
1753600195900,07:09:55.900,okx,ACH/USDT:USDT,0.02317,1234.0,0.02316,1912.0,0.02318,426.0,0.02319,2131.0
1753600197400,07:09:57.400,okx,ACH/USDT:USDT,0.02317,837.0,0.02316,1912.0,0.02318,289.0,0.02319,2514.0
1753600198500,07:09:58.500,okx,ACH/USDT:USDT,0.02317,837.0,0.02316,1912.0,0.02318,408.0,0.02319,2514.0
1753600198700,07:09:58.700,okx,ACH/USDT:USDT,0.02317,837.0,0.02316,1912.0,0.02318,587.0,0.02319,2514.0
1753600199100,07:09:59.100,okx,ACH/USDT:USDT,0.02317,837.0,0.02316,1916.0,0.02318,408.0,0.02319,2514.0
1753600200600,07:10:00.600,okx,ACH/USDT:USDT,0.02317,1022.0,0.02316,1791.0,0.02318,491.0,0.02319,2514.0
1753600200800,07:10:00.800,okx,ACH/USDT:USDT,0.02317,1022.0,0.02316,1791.0,0.02318,491.0,0.02319,2514.0
1753600202100,07:10:02.100,okx,ACH/USDT:USDT,0.02317,1359.0,0.02316,1791.0,0.02318,436.0,0.02319,2050.0
1753600202700,07:10:02.700,okx,ACH/USDT:USDT,0.02317,1019.0,0.02316,1791.0,0.02318,436.0,0.02319,2050.0
1753600203300,07:10:03.300,okx,ACH/USDT:USDT,0.02317,967.0,0.02316,1791.0,0.02318,488.0,0.02319,2050.0
1753600205100,07:10:05.100,okx,ACH/USDT:USDT,0.02317,1019.0,0.02316,1791.0,0.02318,436.0,0.02319,2050.0
1753600206300,07:10:06.300,okx,ACH/USDT:USDT,0.02317,961.0,0.02316,1791.0,0.02318,488.0,0.02319,2050.0
1753600207100,07:10:07.100,okx,ACH/USDT:USDT,0.02317,831.0,0.02316,1933.0,0.02318,488.0,0.02319,2092.0
1753600208100,07:10:08.100,okx,ACH/USDT:USDT,0.02317,831.0,0.02316,1933.0,0.02318,488.0,0.02319,2092.0
1753600209500,07:10:09.500,okx,ACH/USDT:USDT,0.02317,831.0,0.02316,1933.0,0.02318,488.0,0.02319,2092.0
1753600209600,07:10:09.600,okx,ACH/USDT:USDT,0.02317,831.0,0.02316,1933.0,0.02318,488.0,0.02319,2092.0
1753600211100,07:10:11.100,okx,ACH/USDT:USDT,0.02317,1001.0,0.02316,1791.0,0.02318,436.0,0.02319,2092.0
1753600211200,07:10:11.200,okx,ACH/USDT:USDT,0.02317,1020.0,0.02316,1791.0,0.02318,417.0,0.02319,2050.0
1753600212000,07:10:12.000,okx,ACH/USDT:USDT,0.02317,1001.0,0.02316,1791.0,0.02318,488.0,0.02319,2050.0
1753600213000,07:10:13.000,okx,ACH/USDT:USDT,0.02317,949.0,0.02316,1791.0,0.02318,488.0,0.02319,2050.0
1753600213700,07:10:13.700,okx,ACH/USDT:USDT,0.02317,831.0,0.02316,1934.0,0.02318,488.0,0.02319,2092.0
1753600214400,07:10:14.400,okx,ACH/USDT:USDT,0.02317,831.0,0.02316,1934.0,0.02318,488.0,0.02319,2134.0
1753600215000,07:10:15.000,okx,ACH/USDT:USDT,0.02317,831.0,0.02316,1934.0,0.02318,488.0,0.02319,2134.0
1753600215700,07:10:15.700,okx,ACH/USDT:USDT,0.02317,831.0,0.02316,1934.0,0.02318,488.0,0.02319,2353.0
1753600216700,07:10:16.700,okx,ACH/USDT:USDT,0.02317,831.0,0.02316,1934.0,0.02318,488.0,0.02319,2353.0
1753600217100,07:10:17.100,okx,ACH/USDT:USDT,0.02317,831.0,0.02316,1934.0,0.02318,488.0,0.02319,2353.0
1753600217400,07:10:17.400,okx,ACH/USDT:USDT,0.02317,831.0,0.02316,1934.0,0.02318,488.0,0.02319,2353.0
1753600217800,07:10:17.800,okx,ACH/USDT:USDT,0.02317,832.0,0.02316,1934.0,0.02318,488.0,0.02319,2353.0
1753600217900,07:10:17.900,okx,ACH/USDT:USDT,0.02317,832.0,0.02316,1934.0,0.02318,488.0,0.02319,2353.0
1753600218400,07:10:18.400,okx,ACH/USDT:USDT,0.02316,481.0,0.02315,2142.0,0.02317,279.0,0.02318,1650.0
1753600218500,07:10:18.500,okx,ACH/USDT:USDT,0.02316,481.0,0.02315,2142.0,0.02317,279.0,0.02318,1650.0
1753600218600,07:10:18.600,okx,ACH/USDT:USDT,0.02316,481.0,0.02315,2142.0,0.02317,279.0,0.02318,1650.0
1753600218900,07:10:18.900,okx,ACH/USDT:USDT,0.02316,481.0,0.02315,2142.0,0.02317,279.0,0.02318,1650.0
1753600219000,07:10:19.000,okx,ACH/USDT:USDT,0.02316,481.0,0.02315,2142.0,0.02317,193.0,0.02318,1650.0
1753600219200,07:10:19.200,okx,ACH/USDT:USDT,0.02316,608.0,0.02315,2014.0,0.02317,83.0,0.02318,1650.0
1753600219400,07:10:19.400,okx,ACH/USDT:USDT,0.02316,608.0,0.02315,2014.0,0.02317,31.0,0.02318,1650.0
1753600219600,07:10:19.600,okx,ACH/USDT:USDT,0.02316,608.0,0.02315,2014.0,0.02317,5.0,0.02318,1360.0
1753600219800,07:10:19.800,okx,ACH/USDT:USDT,0.02316,660.0,0.02315,2014.0,0.02317,4.0,0.02318,1360.0
1753600220800,07:10:20.800,okx,ACH/USDT:USDT,0.02316,665.0,0.02315,2014.0,0.02317,4.0,0.02318,1360.0
1753600221500,07:10:21.500,okx,ACH/USDT:USDT,0.02317,128.0,0.02316,1969.0,0.02318,649.0,0.02319,2783.0
1753600221600,07:10:21.600,okx,ACH/USDT:USDT,0.02317,238.0,0.02316,1969.0,0.02318,649.0,0.02319,2783.0
1753600221700,07:10:21.700,okx,ACH/USDT:USDT,0.02317,238.0,0.02316,1969.0,0.02318,649.0,0.02319,2741.0
1753600221800,07:10:21.800,okx,ACH/USDT:USDT,0.02317,238.0,0.02316,1969.0,0.02318,649.0,0.02319,2741.0
1753600222400,07:10:22.400,okx,ACH/USDT:USDT,0.02317,238.0,0.02316,1790.0,0.02318,385.0,0.02319,2783.0
1753600222600,07:10:22.600,okx,ACH/USDT:USDT,0.02317,238.0,0.02316,1930.0,0.02318,381.0,0.02319,2396.0
1753600222800,07:10:22.800,okx,ACH/USDT:USDT,0.02317,238.0,0.02316,1930.0,0.02318,381.0,0.02319,2396.0
1753600223900,07:10:23.900,okx,ACH/USDT:USDT,0.02317,238.0,0.02316,1930.0,0.02318,452.0,0.02319,2783.0
1753600224000,07:10:24.000,okx,ACH/USDT:USDT,0.02317,238.0,0.02316,1930.0,0.02318,452.0,0.02319,2783.0
1753600224800,07:10:24.800,okx,ACH/USDT:USDT,0.02317,238.0,0.02316,1930.0,0.02318,452.0,0.02319,2783.0
1753600224900,07:10:24.900,okx,ACH/USDT:USDT,0.02317,238.0,0.02316,1930.0,0.02318,433.0,0.02319,2783.0
1753600225000,07:10:25.000,okx,ACH/USDT:USDT,0.02317,238.0,0.02316,1930.0,0.02318,381.0,0.02319,2783.0
1753600225100,07:10:25.100,okx,ACH/USDT:USDT,0.02317,238.0,0.02316,1930.0,0.02318,381.0,0.02319,2783.0
1753600225700,07:10:25.700,okx,ACH/USDT:USDT,0.02317,238.0,0.02316,1930.0,0.02318,452.0,0.02319,2783.0
1753600225900,07:10:25.900,okx,ACH/USDT:USDT,0.02317,140.0,0.02316,1930.0,0.02318,626.0,0.02319,2783.0
1753600226000,07:10:26.000,okx,ACH/USDT:USDT,0.02317,140.0,0.02316,1930.0,0.02318,626.0,0.02319,2783.0
1753600226100,07:10:26.100,okx,ACH/USDT:USDT,0.02317,140.0,0.02316,1930.0,0.02318,626.0,0.02319,2783.0
1753600226500,07:10:26.500,okx,ACH/USDT:USDT,0.02317,140.0,0.02316,1930.0,0.02318,626.0,0.02319,2867.0
1753600226800,07:10:26.800,okx,ACH/USDT:USDT,0.02317,30.0,0.02316,1930.0,0.02318,626.0,0.02319,3229.0
1753600226900,07:10:26.900,okx,ACH/USDT:USDT,0.02317,30.0,0.02316,1930.0,0.02318,626.0,0.02319,3229.0
1753600227200,07:10:27.200,okx,ACH/USDT:USDT,0.02317,30.0,0.02316,1930.0,0.02318,626.0,0.02319,3229.0
1753600227400,07:10:27.400,okx,ACH/USDT:USDT,0.02317,1.0,0.02316,1640.0,0.02318,626.0,0.02319,3312.0
1753600227500,07:10:27.500,okx,ACH/USDT:USDT,0.02317,1.0,0.02316,1640.0,0.02318,626.0,0.02319,3312.0
1753600227600,07:10:27.600,okx,ACH/USDT:USDT,0.02317,1.0,0.02316,1023.0,0.02318,626.0,0.02319,3312.0
1753600227700,07:10:27.700,okx,ACH/USDT:USDT,0.02317,1.0,0.02316,1023.0,0.02318,626.0,0.02319,3312.0
1753600227800,07:10:27.800,okx,ACH/USDT:USDT,0.02317,1.0,0.02316,459.0,0.02318,804.0,0.02319,3134.0
1753600228100,07:10:28.100,okx,ACH/USDT:USDT,0.02317,1.0,0.02316,1023.0,0.02318,804.0,0.02319,3134.0
1753600228300,07:10:28.300,okx,ACH/USDT:USDT,0.02317,1.0,0.02316,1023.0,0.02318,1004.0,0.02319,3134.0
1753600228900,07:10:28.900,okx,ACH/USDT:USDT,0.02317,1.0,0.02316,1023.0,0.02318,1004.0,0.02319,3134.0
1753600229100,07:10:29.100,okx,ACH/USDT:USDT,0.02317,1.0,0.02316,1023.0,0.02318,1004.0,0.02319,3134.0
1753600229400,07:10:29.400,okx,ACH/USDT:USDT,0.02317,1.0,0.02316,1023.0,0.02318,1004.0,0.02319,3134.0
1753600229500,07:10:29.500,okx,ACH/USDT:USDT,0.02317,1.0,0.02316,1140.0,0.02318,1004.0,0.02319,3177.0
1753600229700,07:10:29.700,okx,ACH/USDT:USDT,0.02317,1.0,0.02316,1478.0,0.02318,1004.0,0.02319,3177.0
1753600230700,07:10:30.700,okx,ACH/USDT:USDT,0.02317,145.0,0.02316,1763.0,0.02318,559.0,0.02319,3177.0
1753600230800,07:10:30.800,okx,ACH/USDT:USDT,0.02317,627.0,0.02316,1646.0,0.02318,308.0,0.02319,3314.0
1753600231100,07:10:31.100,okx,ACH/USDT:USDT,0.02317,558.0,0.02316,1689.0,0.02318,281.0,0.02319,2931.0
1753600231200,07:10:31.200,okx,ACH/USDT:USDT,0.02317,558.0,0.02316,1689.0,0.02318,281.0,0.02319,2889.0
1753600233100,07:10:33.100,okx,ACH/USDT:USDT,0.02317,500.0,0.02316,1832.0,0.02318,471.0,0.02319,2569.0
1753600233200,07:10:33.200,okx,ACH/USDT:USDT,0.02317,552.0,0.02316,1832.0,0.02318,471.0,0.02319,2526.0
1753600234500,07:10:34.500,okx,ACH/USDT:USDT,0.02317,680.0,0.02316,1832.0,0.02318,471.0,0.02319,2526.0
1753600234600,07:10:34.600,okx,ACH/USDT:USDT,0.02317,680.0,0.02316,1828.0,0.02318,471.0,0.02319,2526.0
1753600235700,07:10:35.700,okx,ACH/USDT:USDT,0.02317,680.0,0.02316,1828.0,0.02318,471.0,0.02319,2526.0
1753600236900,07:10:36.900,okx,ACH/USDT:USDT,0.02317,680.0,0.02316,1832.0,0.02318,542.0,0.02319,2526.0
1753600237000,07:10:37.000,okx,ACH/USDT:USDT,0.02317,680.0,0.02316,1832.0,0.02318,542.0,0.02319,2526.0
1753600237300,07:10:37.300,okx,ACH/USDT:USDT,0.02317,340.0,0.02316,1832.0,0.02318,542.0,0.02319,2526.0
1753600237400,07:10:37.400,okx,ACH/USDT:USDT,0.02317,902.0,0.02316,1693.0,0.02318,315.0,0.02319,2698.0
1753600237500,07:10:37.500,okx,ACH/USDT:USDT,0.02317,902.0,0.02316,1693.0,0.02318,329.0,0.02319,2656.0
1753600237700,07:10:37.700,okx,ACH/USDT:USDT,0.02317,902.0,0.02316,1693.0,0.02318,518.0,0.02319,2656.0
1753600238300,07:10:38.300,okx,ACH/USDT:USDT,0.02317,902.0,0.02316,1693.0,0.02318,518.0,0.02319,2656.0
1753600238400,07:10:38.400,okx,ACH/USDT:USDT,0.02317,510.0,0.02316,1693.0,0.02318,518.0,0.02319,2656.0
1753600238500,07:10:38.500,okx,ACH/USDT:USDT,0.02317,510.0,0.02316,1693.0,0.02318,570.0,0.02319,2698.0
1753600239000,07:10:39.000,okx,ACH/USDT:USDT,0.02317,204.0,0.02316,1831.0,0.02318,630.0,0.02319,2740.0
1753600239100,07:10:39.100,okx,ACH/USDT:USDT,0.02317,204.0,0.02316,1541.0,0.02318,830.0,0.02319,2782.0
1753600239200,07:10:39.200,okx,ACH/USDT:USDT,0.02317,204.0,0.02316,1541.0,0.02318,830.0,0.02319,2824.0
1753600239400,07:10:39.400,okx,ACH/USDT:USDT,0.02317,204.0,0.02316,1541.0,0.02318,830.0,0.02319,3176.0
1753600239600,07:10:39.600,okx,ACH/USDT:USDT,0.02317,204.0,0.02316,1537.0,0.02318,830.0,0.02319,3176.0
1753600239700,07:10:39.700,okx,ACH/USDT:USDT,0.02317,204.0,0.02316,1537.0,0.02318,829.0,0.02319,3176.0
1753600239800,07:10:39.800,okx,ACH/USDT:USDT,0.02317,204.0,0.02316,1537.0,0.02318,829.0,0.02319,3176.0
1753600240300,07:10:40.300,okx,ACH/USDT:USDT,0.02316,616.0,0.02315,1884.0,0.02317,137.0,0.02318,1919.0
1753600240500,07:10:40.500,okx,ACH/USDT:USDT,0.02316,616.0,0.02315,1884.0,0.02317,137.0,0.02318,1919.0
1753600240600,07:10:40.600,okx,ACH/USDT:USDT,0.02316,616.0,0.02315,1884.0,0.02317,137.0,0.02318,1919.0
1753600242000,07:10:42.000,okx,ACH/USDT:USDT,0.02316,476.0,0.02315,1888.0,0.02317,157.0,0.02318,2254.0
1753600242200,07:10:42.200,okx,ACH/USDT:USDT,0.02316,688.0,0.02315,1888.0,0.02317,120.0,0.02318,1440.0
1753600242500,07:10:42.500,okx,ACH/USDT:USDT,0.02316,669.0,0.02315,1888.0,0.02317,101.0,0.02318,1440.0
1753600243000,07:10:43.000,okx,ACH/USDT:USDT,0.02316,669.0,0.02315,1888.0,0.02317,1.0,0.02318,1440.0
1753600243100,07:10:43.100,okx,ACH/USDT:USDT,0.02316,688.0,0.02315,1888.0,0.02317,1.0,0.02318,1440.0
1753600245900,07:10:45.900,okx,ACH/USDT:USDT,0.02316,478.0,0.02315,2303.0,0.02317,345.0,0.02318,1730.0
1753600246100,07:10:46.100,okx,ACH/USDT:USDT,0.02316,138.0,0.02315,2303.0,0.02317,345.0,0.02318,1730.0
1753600246300,07:10:46.300,okx,ACH/USDT:USDT,0.02316,138.0,0.02315,2303.0,0.02317,345.0,0.02318,1730.0
1753600246600,07:10:46.600,okx,ACH/USDT:USDT,0.02316,478.0,0.02315,2303.0,0.02317,210.0,0.02318,1730.0
1753600247800,07:10:47.800,okx,ACH/USDT:USDT,0.02316,485.0,0.02315,2303.0,0.02317,197.0,0.02318,1730.0
1753600249700,07:10:49.700,okx,ACH/USDT:USDT,0.02316,676.0,0.02315,2173.0,0.02317,126.0,0.02318,1730.0
1753600249800,07:10:49.800,okx,ACH/USDT:USDT,0.02316,676.0,0.02315,2173.0,0.02317,126.0,0.02318,1730.0
1753600250100,07:10:50.100,okx,ACH/USDT:USDT,0.02316,624.0,0.02315,2173.0,0.02317,126.0,0.02318,1730.0
1753600250300,07:10:50.300,okx,ACH/USDT:USDT,0.02316,676.0,0.02315,2173.0,0.02317,126.0,0.02318,1730.0
1753600250400,07:10:50.400,okx,ACH/USDT:USDT,0.02316,676.0,0.02315,2173.0,0.02317,126.0,0.02318,1730.0
1753600252800,07:10:52.800,okx,ACH/USDT:USDT,0.02316,628.0,0.02315,2173.0,0.02317,126.0,0.02318,1730.0
1753600253000,07:10:53.000,okx,ACH/USDT:USDT,0.02316,628.0,0.02315,2173.0,0.02317,126.0,0.02318,1730.0
1753600253500,07:10:53.500,okx,ACH/USDT:USDT,0.02316,654.0,0.02315,2173.0,0.02317,126.0,0.02318,1730.0
1753600254600,07:10:54.600,okx,ACH/USDT:USDT,0.02318,726.0,0.02317,1828.0,0.02319,39.0,0.0232,2054.0
1753600255000,07:10:55.000,okx,ACH/USDT:USDT,0.02318,778.0,0.02317,1828.0,0.02319,39.0,0.0232,2054.0
1753600256200,07:10:56.200,okx,ACH/USDT:USDT,0.02318,778.0,0.02317,1828.0,0.02319,39.0,0.0232,2012.0
1753600257500,07:10:57.500,okx,ACH/USDT:USDT,0.02318,778.0,0.02317,1828.0,0.02319,158.0,0.0232,2012.0
1753600257600,07:10:57.600,okx,ACH/USDT:USDT,0.02318,778.0,0.02317,1828.0,0.02319,158.0,0.0232,2012.0
1753600257900,07:10:57.900,okx,ACH/USDT:USDT,0.02318,778.0,0.02317,2211.0,0.02319,158.0,0.0232,2012.0
1753600258300,07:10:58.300,okx,ACH/USDT:USDT,0.02318,726.0,0.02317,2211.0,0.02319,159.0,0.0232,2012.0
1753600258600,07:10:58.600,okx,ACH/USDT:USDT,0.02318,778.0,0.02317,2211.0,0.02319,159.0,0.0232,2012.0
1753600258700,07:10:58.700,okx,ACH/USDT:USDT,0.02318,726.0,0.02317,2211.0,0.02319,159.0,0.0232,2012.0
1753600258900,07:10:58.900,okx,ACH/USDT:USDT,0.02318,778.0,0.02317,1828.0,0.02319,159.0,0.0232,2012.0
1753600261900,07:11:01.900,okx,ACH/USDT:USDT,0.02318,833.0,0.02317,1830.0,0.02319,159.0,0.0232,2012.0
1753600262000,07:11:02.000,okx,ACH/USDT:USDT,0.02318,833.0,0.02317,1830.0,0.02319,159.0,0.0232,2012.0
1753600263600,07:11:03.600,okx,ACH/USDT:USDT,0.02318,823.0,0.02317,1830.0,0.02319,159.0,0.0232,2012.0
1753600267000,07:11:07.000,okx,ACH/USDT:USDT,0.02318,823.0,0.02317,2115.0,0.02319,161.0,0.0232,2222.0
1753600268700,07:11:08.700,okx,ACH/USDT:USDT,0.02318,823.0,0.02317,2115.0,0.02319,161.0,0.0232,2222.0
1753600268900,07:11:08.900,okx,ACH/USDT:USDT,0.02318,823.0,0.02317,2115.0,0.02319,161.0,0.0232,2222.0
1753600269000,07:11:09.000,okx,ACH/USDT:USDT,0.02318,823.0,0.02317,2115.0,0.02319,161.0,0.0232,2222.0
1753600269200,07:11:09.200,okx,ACH/USDT:USDT,0.02318,823.0,0.02317,2115.0,0.02319,135.0,0.0232,2007.0
1753600269800,07:11:09.800,okx,ACH/USDT:USDT,0.02318,823.0,0.02317,2115.0,0.02319,134.0,0.0232,2007.0
1753600270000,07:11:10.000,okx,ACH/USDT:USDT,0.02318,823.0,0.02317,2115.0,0.02319,134.0,0.0232,2007.0
1753600270200,07:11:10.200,okx,ACH/USDT:USDT,0.02318,823.0,0.02317,2115.0,0.02319,161.0,0.0232,2007.0
1753600270300,07:11:10.300,okx,ACH/USDT:USDT,0.02318,804.0,0.02317,2115.0,0.02319,160.0,0.0232,2007.0
1753600270400,07:11:10.400,okx,ACH/USDT:USDT,0.02318,823.0,0.02317,2115.0,0.02319,160.0,0.0232,2007.0
1753600270500,07:11:10.500,okx,ACH/USDT:USDT,0.02318,823.0,0.02317,2115.0,0.02319,160.0,0.0232,2007.0
1753600272300,07:11:12.300,okx,ACH/USDT:USDT,0.02318,823.0,0.02317,2115.0,0.02319,160.0,0.0232,2007.0
1753600273000,07:11:13.000,okx,ACH/USDT:USDT,0.02318,823.0,0.02317,2115.0,0.02319,160.0,0.0232,2007.0
1753600274000,07:11:14.000,okx,ACH/USDT:USDT,0.02318,823.0,0.02317,2115.0,0.02319,160.0,0.0232,2007.0
1753600274200,07:11:14.200,okx,ACH/USDT:USDT,0.02318,823.0,0.02317,2115.0,0.02319,160.0,0.0232,2007.0
1753600275300,07:11:15.300,okx,ACH/USDT:USDT,0.02318,752.0,0.02317,2115.0,0.02319,160.0,0.0232,2007.0
1753600276000,07:11:16.000,okx,ACH/USDT:USDT,0.02318,752.0,0.02317,2115.0,0.02319,212.0,0.0232,2007.0
1753600276100,07:11:16.100,okx,ACH/USDT:USDT,0.02318,752.0,0.02317,2115.0,0.02319,231.0,0.0232,2007.0
1753600276600,07:11:16.600,okx,ACH/USDT:USDT,0.02318,412.0,0.02317,1830.0,0.02319,224.0,0.0232,2557.0
1753600276700,07:11:16.700,okx,ACH/USDT:USDT,0.02318,314.0,0.02317,1830.0,0.02319,399.0,0.0232,2771.0
1753600276800,07:11:16.800,okx,ACH/USDT:USDT,0.02318,314.0,0.02317,1830.0,0.02319,399.0,0.0232,2813.0
1753600276900,07:11:16.900,okx,ACH/USDT:USDT,0.02318,314.0,0.02317,1830.0,0.02319,399.0,0.0232,2813.0
1753600277300,07:11:17.300,okx,ACH/USDT:USDT,0.02318,314.0,0.02317,1830.0,0.02319,399.0,0.0232,2852.0
1753600277500,07:11:17.500,okx,ACH/USDT:USDT,0.02318,181.0,0.02317,1830.0,0.02319,397.0,0.0232,2852.0
1753600277700,07:11:17.700,okx,ACH/USDT:USDT,0.02318,73.0,0.02317,1830.0,0.02319,398.0,0.0232,2852.0
1753600277800,07:11:17.800,okx,ACH/USDT:USDT,0.02318,73.0,0.02317,1830.0,0.02319,398.0,0.0232,2852.0
1753600278300,07:11:18.300,okx,ACH/USDT:USDT,0.02318,73.0,0.02317,1830.0,0.02319,398.0,0.0232,3239.0
1753600278400,07:11:18.400,okx,ACH/USDT:USDT,0.02318,73.0,0.02317,1830.0,0.02319,398.0,0.0232,3239.0
1753600278500,07:11:18.500,okx,ACH/USDT:USDT,0.02318,48.0,0.02317,1948.0,0.02319,398.0,0.0232,3239.0
1753600279200,07:11:19.200,okx,ACH/USDT:USDT,0.02318,50.0,0.02317,1948.0,0.02319,397.0,0.0232,3239.0
1753600279800,07:11:19.800,okx,ACH/USDT:USDT,0.02318,50.0,0.02317,1948.0,0.02319,397.0,0.0232,3239.0
1753600280000,07:11:20.000,okx,ACH/USDT:USDT,0.02318,50.0,0.02317,1948.0,0.02319,397.0,0.0232,3239.0
1753600280300,07:11:20.300,okx,ACH/USDT:USDT,0.02318,50.0,0.02317,1948.0,0.02319,397.0,0.0232,3239.0
1753600281200,07:11:21.200,okx,ACH/USDT:USDT,0.02318,186.0,0.02317,1952.0,0.02319,397.0,0.0232,3239.0
1753600282500,07:11:22.500,okx,ACH/USDT:USDT,0.02318,161.0,0.02317,1952.0,0.02319,397.0,0.0232,3239.0
1753600282700,07:11:22.700,okx,ACH/USDT:USDT,0.02318,162.0,0.02317,1952.0,0.02319,397.0,0.0232,3239.0
1753600283200,07:11:23.200,okx,ACH/USDT:USDT,0.02318,162.0,0.02317,1952.0,0.02319,397.0,0.0232,3239.0
1753600283400,07:11:23.400,okx,ACH/USDT:USDT,0.02318,67.0,0.02317,1952.0,0.02319,397.0,0.0232,3281.0
1753600283500,07:11:23.500,okx,ACH/USDT:USDT,0.02318,69.0,0.02317,1952.0,0.02319,397.0,0.0232,3281.0
1753600283600,07:11:23.600,okx,ACH/USDT:USDT,0.02318,69.0,0.02317,1948.0,0.02319,397.0,0.0232,3417.0
1753600283700,07:11:23.700,okx,ACH/USDT:USDT,0.02318,69.0,0.02317,1948.0,0.02319,397.0,0.0232,3417.0
1753600283800,07:11:23.800,okx,ACH/USDT:USDT,0.02318,69.0,0.02317,1948.0,0.02319,397.0,0.0232,3417.0
1753600283900,07:11:23.900,okx,ACH/USDT:USDT,0.02318,69.0,0.02317,1658.0,0.02319,397.0,0.0232,3417.0
1753600284000,07:11:24.000,okx,ACH/USDT:USDT,0.02318,69.0,0.02317,1658.0,0.02319,397.0,0.0232,3417.0
1753600284300,07:11:24.300,okx,ACH/USDT:USDT,0.02318,69.0,0.02317,1948.0,0.02319,397.0,0.0232,3417.0
1753600285300,07:11:25.300,okx,ACH/USDT:USDT,0.02318,69.0,0.02317,1658.0,0.02319,779.0,0.0232,3417.0
1753600285600,07:11:25.600,okx,ACH/USDT:USDT,0.02318,69.0,0.02317,1658.0,0.02319,779.0,0.0232,3889.0
1753600286500,07:11:26.500,okx,ACH/USDT:USDT,0.02318,69.0,0.02317,1658.0,0.02319,779.0,0.0232,3931.0
1753600287400,07:11:27.400,okx,ACH/USDT:USDT,0.02318,69.0,0.02317,1658.0,0.02319,778.0,0.0232,3931.0
1753600288000,07:11:28.000,okx,ACH/USDT:USDT,0.02317,31.0,0.02316,2202.0,0.02318,579.0,0.02319,2138.0
1753600288500,07:11:28.500,okx,ACH/USDT:USDT,0.02317,141.0,0.02316,2202.0,0.02318,579.0,0.02319,2058.0
1753600288700,07:11:28.700,okx,ACH/USDT:USDT,0.02317,141.0,0.02316,2202.0,0.02318,579.0,0.02319,2058.0
1753600289100,07:11:29.100,okx,ACH/USDT:USDT,0.02317,141.0,0.02316,2202.0,0.02318,579.0,0.02319,2058.0
1753600289200,07:11:29.200,okx,ACH/USDT:USDT,0.02317,142.0,0.02316,2202.0,0.02318,579.0,0.02319,2058.0
1753600290000,07:11:30.000,okx,ACH/USDT:USDT,0.02317,142.0,0.02316,2202.0,0.02318,527.0,0.02319,2258.0
1753600291400,07:11:31.400,okx,ACH/USDT:USDT,0.02317,142.0,0.02316,2202.0,0.02318,579.0,0.02319,2258.0
1753600292600,07:11:32.600,okx,ACH/USDT:USDT,0.02317,142.0,0.02316,2202.0,0.02318,579.0,0.02319,2258.0
1753600293100,07:11:33.100,okx,ACH/USDT:USDT,0.02317,144.0,0.02316,1917.0,0.02318,579.0,0.02319,2436.0
1753600294000,07:11:34.000,okx,ACH/USDT:USDT,0.02317,144.0,0.02316,1917.0,0.02318,579.0,0.02319,2436.0
1753600295000,07:11:35.000,okx,ACH/USDT:USDT,0.02317,144.0,0.02316,1917.0,0.02318,579.0,0.02319,2436.0
1753600297300,07:11:37.300,okx,ACH/USDT:USDT,0.02317,7.0,0.02316,1917.0,0.02318,580.0,0.02319,3000.0
1753600297400,07:11:37.400,okx,ACH/USDT:USDT,0.02317,7.0,0.02316,1917.0,0.02318,580.0,0.02319,3084.0
1753600297800,07:11:37.800,okx,ACH/USDT:USDT,0.02317,7.0,0.02316,1627.0,0.02318,580.0,0.02319,3084.0
1753600298100,07:11:38.100,okx,ACH/USDT:USDT,0.02317,7.0,0.02316,1627.0,0.02318,580.0,0.02319,3084.0
1753600298200,07:11:38.200,okx,ACH/USDT:USDT,0.02317,7.0,0.02316,1917.0,0.02318,580.0,0.02319,3084.0
1753600298300,07:11:38.300,okx,ACH/USDT:USDT,0.02317,7.0,0.02316,1917.0,0.02318,580.0,0.02319,3084.0
1753600298600,07:11:38.600,okx,ACH/USDT:USDT,0.02317,7.0,0.02316,1627.0,0.02318,580.0,0.02319,3084.0
1753600299000,07:11:39.000,okx,ACH/USDT:USDT,0.02316,141.0,0.02315,2646.0,0.02317,471.0,0.02318,2326.0
1753600299100,07:11:39.100,okx,ACH/USDT:USDT,0.02316,141.0,0.02315,2646.0,0.02317,471.0,0.02318,2326.0
1753600299300,07:11:39.300,okx,ACH/USDT:USDT,0.02316,141.0,0.02315,2646.0,0.02317,471.0,0.02318,2081.0
1753600299700,07:11:39.700,okx,ACH/USDT:USDT,0.02316,141.0,0.02315,2646.0,0.02317,471.0,0.02318,2081.0
1753600300500,07:11:40.500,okx,ACH/USDT:USDT,0.02316,149.0,0.02315,2646.0,0.02317,212.0,0.02318,2081.0
1753600300600,07:11:40.600,okx,ACH/USDT:USDT,0.02316,149.0,0.02315,2646.0,0.02317,212.0,0.02318,2081.0
1753600302408,07:11:42.408,okx,ACH/USDT:USDT,0.02316,141.0,0.02315,2646.0,0.02317,160.0,0.02318,2081.0
1753600303208,07:11:43.208,okx,ACH/USDT:USDT,0.02316,155.0,0.02315,2646.0,0.02317,160.0,0.02318,2039.0
1753600307008,07:11:47.008,okx,ACH/USDT:USDT,0.02316,158.0,0.02315,2646.0,0.02317,212.0,0.02318,2039.0
1753600307308,07:11:47.308,okx,ACH/USDT:USDT,0.02316,659.0,0.02315,2508.0,0.02317,141.0,0.02318,1462.0
1753600307908,07:11:47.908,okx,ACH/USDT:USDT,0.02316,640.0,0.02315,2508.0,0.02317,206.0,0.02318,1844.0
1753600309808,07:11:49.808,okx,ACH/USDT:USDT,0.02316,640.0,0.02315,2508.0,0.02317,201.0,0.02318,1844.0
1753600310408,07:11:50.408,okx,ACH/USDT:USDT,0.02316,640.0,0.02315,2508.0,0.02317,309.0,0.02318,1844.0
1753600310508,07:11:50.508,okx,ACH/USDT:USDT,0.02316,640.0,0.02315,2508.0,0.02317,309.0,0.02318,1844.0
1753600311508,07:11:51.508,okx,ACH/USDT:USDT,0.02316,640.0,0.02315,2508.0,0.02317,309.0,0.02318,2179.0
1753600313808,07:11:53.808,okx,ACH/USDT:USDT,0.02316,640.0,0.02315,2508.0,0.02317,309.0,0.02318,2179.0
1753600313908,07:11:53.908,okx,ACH/USDT:USDT,0.02316,642.0,0.02315,2508.0,0.02317,309.0,0.02318,2179.0
1753600314508,07:11:54.508,okx,ACH/USDT:USDT,0.02316,651.0,0.02315,2508.0,0.02317,309.0,0.02318,2179.0
1753600315008,07:11:55.008,okx,ACH/USDT:USDT,0.02316,651.0,0.02315,2508.0,0.02317,309.0,0.02318,2179.0
1753600315308,07:11:55.308,okx,ACH/USDT:USDT,0.02316,169.0,0.02315,2508.0,0.02317,206.0,0.02318,2179.0
1753600315408,07:11:55.408,okx,ACH/USDT:USDT,0.02316,169.0,0.02315,2508.0,0.02317,206.0,0.02318,2179.0
1753600316108,07:11:56.108,okx,ACH/USDT:USDT,0.02316,507.0,0.02315,2652.0,0.02317,154.0,0.02318,2245.0
1753600316208,07:11:56.208,okx,ACH/USDT:USDT,0.02316,507.0,0.02315,2652.0,0.02317,249.0,0.02318,2245.0
1753600316608,07:11:56.608,okx,ACH/USDT:USDT,0.02316,507.0,0.02315,2652.0,0.02317,206.0,0.02318,2245.0
1753600317508,07:11:57.508,okx,ACH/USDT:USDT,0.02316,507.0,0.02315,2652.0,0.02317,206.0,0.02318,2245.0
1753600317708,07:11:57.708,okx,ACH/USDT:USDT,0.02316,482.0,0.02315,2652.0,0.02317,206.0,0.02318,2245.0
1753600317808,07:11:57.808,okx,ACH/USDT:USDT,0.02316,512.0,0.02315,2652.0,0.02317,206.0,0.02318,2245.0
1753600318008,07:11:58.008,okx,ACH/USDT:USDT,0.02316,512.0,0.02315,2652.0,0.02317,206.0,0.02318,2245.0
1753600319408,07:11:59.408,okx,ACH/USDT:USDT,0.02317,1031.0,0.02316,2669.0,0.02318,1.0,0.02319,992.0
1753600319508,07:11:59.508,okx,ACH/USDT:USDT,0.02317,1031.0,0.02316,2669.0,0.02318,1.0,0.02319,992.0
1753600319608,07:11:59.608,okx,ACH/USDT:USDT,0.02317,1031.0,0.02316,2669.0,0.02318,1.0,0.02319,992.0
1753600319708,07:11:59.708,okx,ACH/USDT:USDT,0.02317,1031.0,0.02316,2934.0,0.02318,2.0,0.02319,992.0
1753600319808,07:11:59.808,okx,ACH/USDT:USDT,0.02317,1031.0,0.02316,2934.0,0.02318,2.0,0.02319,992.0
1753600320108,07:12:00.108,okx,ACH/USDT:USDT,0.02317,1012.0,0.02316,2933.0,0.02318,1.0,0.02319,992.0
1753600320808,07:12:00.808,okx,ACH/USDT:USDT,0.02317,1031.0,0.02316,2933.0,0.02318,1.0,0.02319,992.0
1753600321008,07:12:01.008,okx,ACH/USDT:USDT,0.02317,1012.0,0.02316,2933.0,0.02318,2.0,0.02319,992.0
1753600321608,07:12:01.608,okx,ACH/USDT:USDT,0.02317,999.0,0.02316,2933.0,0.02318,3.0,0.02319,992.0
1753600322608,07:12:02.608,okx,ACH/USDT:USDT,0.02319,403.0,0.02318,2063.0,0.0232,408.0,0.02321,1707.0
1753600322708,07:12:02.708,okx,ACH/USDT:USDT,0.02319,424.0,0.02318,2024.0,0.0232,582.0,0.02321,2089.0
1753600323008,07:12:03.008,okx,ACH/USDT:USDT,0.02319,424.0,0.02318,1864.0,0.0232,465.0,0.02321,2089.0
1753600323508,07:12:03.508,okx,ACH/USDT:USDT,0.02319,424.0,0.02318,1864.0,0.0232,465.0,0.02321,2304.0
1753600324208,07:12:04.208,okx,ACH/USDT:USDT,0.02319,762.0,0.02318,1816.0,0.0232,291.0,0.02321,2304.0
1753600325008,07:12:05.008,okx,ACH/USDT:USDT,0.02319,814.0,0.02318,1816.0,0.0232,291.0,0.02321,2304.0
1753600325108,07:12:05.108,okx,ACH/USDT:USDT,0.02319,814.0,0.02318,1816.0,0.0232,291.0,0.02321,2304.0
1753600325608,07:12:05.608,okx,ACH/USDT:USDT,0.02319,814.0,0.02318,1816.0,0.0232,291.0,0.02321,2304.0
1753600325808,07:12:05.808,okx,ACH/USDT:USDT,0.02319,814.0,0.02318,1816.0,0.0232,291.0,0.02321,2294.0
1753600326208,07:12:06.208,okx,ACH/USDT:USDT,0.02319,762.0,0.02318,1816.0,0.0232,471.0,0.02321,2294.0
1753600326908,07:12:06.908,okx,ACH/USDT:USDT,0.02319,814.0,0.02318,1816.0,0.0232,471.0,0.02321,2294.0
1753600328208,07:12:08.208,okx,ACH/USDT:USDT,0.02319,843.0,0.02318,1816.0,0.0232,471.0,0.02321,2294.0
1753600328308,07:12:08.308,okx,ACH/USDT:USDT,0.02319,791.0,0.02318,1816.0,0.0232,471.0,0.02321,2294.0
1753600328508,07:12:08.508,okx,ACH/USDT:USDT,0.02319,791.0,0.02318,1816.0,0.0232,291.0,0.02321,2294.0
1753600329308,07:12:09.308,okx,ACH/USDT:USDT,0.02319,843.0,0.02318,1816.0,0.0232,291.0,0.02321,2251.0
1753600330008,07:12:10.008,okx,ACH/USDT:USDT,0.02319,166.0,0.02318,1225.0,0.0232,977.0,0.02321,2346.0
1753600330108,07:12:10.108,okx,ACH/USDT:USDT,0.02319,168.0,0.02318,1904.0,0.0232,979.0,0.02321,2304.0
1753600331208,07:12:11.208,okx,ACH/USDT:USDT,0.02319,647.0,0.02318,1769.0,0.0232,425.0,0.02321,2277.0
1753600331308,07:12:11.308,okx,ACH/USDT:USDT,0.02319,649.0,0.02318,1769.0,0.0232,425.0,0.02321,2277.0
1753600331808,07:12:11.808,okx,ACH/USDT:USDT,0.02319,649.0,0.02318,1769.0,0.0232,425.0,0.02321,2277.0
1753600332208,07:12:12.208,okx,ACH/USDT:USDT,0.02319,701.0,0.02318,1769.0,0.0232,425.0,0.02321,2277.0
1753600332308,07:12:12.308,okx,ACH/USDT:USDT,0.02319,701.0,0.02318,1769.0,0.0232,425.0,0.02321,2047.0
1753600333108,07:12:13.108,okx,ACH/USDT:USDT,0.02319,701.0,0.02318,1769.0,0.0232,425.0,0.02321,2047.0
1753600333808,07:12:13.808,okx,ACH/USDT:USDT,0.02319,649.0,0.02318,1769.0,0.0232,425.0,0.02321,2047.0
1753600334608,07:12:14.608,okx,ACH/USDT:USDT,0.02319,701.0,0.02318,1769.0,0.0232,425.0,0.02321,2047.0
1753600337108,07:12:17.108,okx,ACH/USDT:USDT,0.02319,649.0,0.02318,1769.0,0.0232,597.0,0.02321,2047.0
1753600338508,07:12:18.508,okx,ACH/USDT:USDT,0.02319,649.0,0.02318,1769.0,0.0232,442.0,0.02321,2047.0
1753600338608,07:12:18.608,okx,ACH/USDT:USDT,0.02319,630.0,0.02318,1769.0,0.0232,616.0,0.02321,2047.0
1753600338708,07:12:18.708,okx,ACH/USDT:USDT,0.02319,630.0,0.02318,1769.0,0.0232,618.0,0.02321,2047.0
1753600338908,07:12:18.908,okx,ACH/USDT:USDT,0.02319,630.0,0.02318,1769.0,0.0232,618.0,0.02321,2047.0
1753600339608,07:12:19.608,okx,ACH/USDT:USDT,0.02319,630.0,0.02318,1769.0,0.0232,618.0,0.02321,2047.0
1753600340308,07:12:20.308,okx,ACH/USDT:USDT,0.02319,635.0,0.02318,1769.0,0.0232,618.0,0.02321,2047.0
1753600340908,07:12:20.908,okx,ACH/USDT:USDT,0.02319,654.0,0.02318,1769.0,0.0232,599.0,0.02321,2047.0
1753600341308,07:12:21.308,okx,ACH/USDT:USDT,0.02319,706.0,0.02318,1769.0,0.0232,599.0,0.02321,2047.0
1753600342208,07:12:22.208,okx,ACH/USDT:USDT,0.02319,654.0,0.02318,1769.0,0.0232,599.0,0.02321,2047.0
1753600342608,07:12:22.608,okx,ACH/USDT:USDT,0.02319,635.0,0.02318,2054.0,0.0232,618.0,0.02321,2047.0
1753600342908,07:12:22.908,okx,ACH/USDT:USDT,0.02319,297.0,0.02318,2054.0,0.0232,670.0,0.02321,2262.0
1753600343008,07:12:23.008,okx,ACH/USDT:USDT,0.02319,297.0,0.02318,2054.0,0.0232,670.0,0.02321,2262.0
1753600343108,07:12:23.108,okx,ACH/USDT:USDT,0.02319,173.0,0.02318,2054.0,0.0232,670.0,0.02321,2262.0
1753600343208,07:12:23.208,okx,ACH/USDT:USDT,0.02319,173.0,0.02318,2054.0,0.0232,670.0,0.02321,2262.0
1753600343408,07:12:23.408,okx,ACH/USDT:USDT,0.02319,173.0,0.02318,2054.0,0.0232,670.0,0.02321,2553.0
1753600343508,07:12:23.508,okx,ACH/USDT:USDT,0.02319,173.0,0.02318,2054.0,0.0232,670.0,0.02321,2553.0
1753600345208,07:12:25.208,okx,ACH/USDT:USDT,0.02319,173.0,0.02318,2176.0,0.0232,671.0,0.02321,2553.0
1753600345708,07:12:25.708,okx,ACH/USDT:USDT,0.02319,721.0,0.02318,1812.0,0.0232,337.0,0.02321,2511.0
1753600346108,07:12:26.108,okx,ACH/USDT:USDT,0.02319,650.0,0.02318,1812.0,0.0232,337.0,0.02321,2254.0
1753600346208,07:12:26.208,okx,ACH/USDT:USDT,0.02319,669.0,0.02318,1812.0,0.0232,337.0,0.02321,2254.0
1753600346608,07:12:26.608,okx,ACH/USDT:USDT,0.02319,669.0,0.02318,1812.0,0.0232,337.0,0.02321,2047.0
1753600347708,07:12:27.708,okx,ACH/USDT:USDT,0.02319,650.0,0.02318,1812.0,0.0232,576.0,0.02321,2047.0
1753600348408,07:12:28.408,okx,ACH/USDT:USDT,0.02319,650.0,0.02318,1812.0,0.0232,576.0,0.02321,2047.0
1753600348908,07:12:28.908,okx,ACH/USDT:USDT,0.02319,650.0,0.02318,1812.0,0.0232,576.0,0.02321,2047.0
1753600350908,07:12:30.908,okx,ACH/USDT:USDT,0.02319,650.0,0.02318,1812.0,0.0232,576.0,0.02321,2047.0
1753600352808,07:12:32.808,okx,ACH/USDT:USDT,0.02319,921.0,0.02318,2012.0,0.0232,337.0,0.02321,2047.0
1753600352908,07:12:32.908,okx,ACH/USDT:USDT,0.02319,921.0,0.02318,2012.0,0.0232,309.0,0.02321,2047.0
1753600353008,07:12:33.008,okx,ACH/USDT:USDT,0.02319,921.0,0.02318,2012.0,0.0232,309.0,0.02321,2047.0
1753600356508,07:12:36.508,okx,ACH/USDT:USDT,0.02318,768.0,0.02317,1818.0,0.02319,108.0,0.0232,1567.0
1753600356808,07:12:36.808,okx,ACH/USDT:USDT,0.02318,697.0,0.02317,1818.0,0.02319,227.0,0.0232,1767.0
1753600357008,07:12:37.008,okx,ACH/USDT:USDT,0.02318,768.0,0.02317,1818.0,0.02319,227.0,0.0232,1767.0
1753600357608,07:12:37.608,okx,ACH/USDT:USDT,0.02318,768.0,0.02317,1818.0,0.02319,173.0,0.0232,1767.0
1753600358408,07:12:38.408,okx,ACH/USDT:USDT,0.02318,768.0,0.02317,1818.0,0.02319,173.0,0.0232,1767.0
1753600359408,07:12:39.408,okx,ACH/USDT:USDT,0.02318,697.0,0.02317,1818.0,0.02319,173.0,0.0232,1767.0
1753600359608,07:12:39.608,okx,ACH/USDT:USDT,0.02318,749.0,0.02317,1818.0,0.02319,173.0,0.0232,1596.0
1753600360508,07:12:40.508,okx,ACH/USDT:USDT,0.02318,768.0,0.02317,1818.0,0.02319,173.0,0.0232,1596.0
1753600360708,07:12:40.708,okx,ACH/USDT:USDT,0.02318,768.0,0.02317,1818.0,0.02319,173.0,0.0232,1596.0
1753600360908,07:12:40.908,okx,ACH/USDT:USDT,0.02318,697.0,0.02317,1818.0,0.02319,247.0,0.0232,1518.0
1753600361008,07:12:41.008,okx,ACH/USDT:USDT,0.02318,768.0,0.02317,1818.0,0.02319,247.0,0.0232,1518.0
1753600361408,07:12:41.408,okx,ACH/USDT:USDT,0.02318,781.0,0.02317,1818.0,0.02319,247.0,0.0232,1518.0
1753600362608,07:12:42.608,okx,ACH/USDT:USDT,0.02318,782.0,0.02317,1818.0,0.02319,247.0,0.0232,1518.0
1753600364208,07:12:44.208,okx,ACH/USDT:USDT,0.02318,763.0,0.02317,1818.0,0.02319,370.0,0.0232,1518.0
1753600365308,07:12:45.308,okx,ACH/USDT:USDT,0.02318,782.0,0.02317,1818.0,0.02319,372.0,0.0232,1517.0
1753600366308,07:12:46.308,okx,ACH/USDT:USDT,0.02318,711.0,0.02317,1818.0,0.02319,372.0,0.0232,1517.0
1753600366408,07:12:46.408,okx,ACH/USDT:USDT,0.02318,782.0,0.02317,1818.0,0.02319,372.0,0.0232,1517.0
1753600366508,07:12:46.508,okx,ACH/USDT:USDT,0.02318,782.0,0.02317,1818.0,0.02319,372.0,0.0232,1517.0
1753600366708,07:12:46.708,okx,ACH/USDT:USDT,0.02318,711.0,0.02317,1818.0,0.02319,372.0,0.0232,1517.0
1753600367108,07:12:47.108,okx,ACH/USDT:USDT,0.02318,711.0,0.02317,1818.0,0.02319,372.0,0.0232,1517.0
1753600367408,07:12:47.408,okx,ACH/USDT:USDT,0.02318,712.0,0.02317,1818.0,0.02319,370.0,0.0232,1517.0
1753600367808,07:12:47.808,okx,ACH/USDT:USDT,0.02318,764.0,0.02317,1818.0,0.02319,370.0,0.0232,1517.0
1753600368608,07:12:48.608,okx,ACH/USDT:USDT,0.02318,348.0,0.02317,1861.0,0.02319,598.0,0.0232,1517.0
1753600368808,07:12:48.808,okx,ACH/USDT:USDT,0.02318,348.0,0.02317,1819.0,0.02319,598.0,0.0232,1517.0
1753600369408,07:12:49.408,okx,ACH/USDT:USDT,0.02318,347.0,0.02317,1819.0,0.02319,598.0,0.0232,1517.0
1753600369508,07:12:49.508,okx,ACH/USDT:USDT,0.02318,351.0,0.02317,1819.0,0.02319,598.0,0.0232,1517.0
1753600370708,07:12:50.708,okx,ACH/USDT:USDT,0.02318,324.0,0.02317,1819.0,0.02319,598.0,0.0232,1559.0
1753600371208,07:12:51.208,okx,ACH/USDT:USDT,0.02318,253.0,0.02317,1819.0,0.02319,598.0,0.0232,1517.0
1753600372408,07:12:52.408,okx,ACH/USDT:USDT,0.02318,253.0,0.02317,1819.0,0.02319,598.0,0.0232,1853.0
1753600372508,07:12:52.508,okx,ACH/USDT:USDT,0.02318,263.0,0.02317,1819.0,0.02319,598.0,0.0232,1853.0
1753600374908,07:12:54.908,okx,ACH/USDT:USDT,0.02318,140.0,0.02317,1819.0,0.02319,598.0,0.0232,2068.0
1753600375008,07:12:55.008,okx,ACH/USDT:USDT,0.02318,140.0,0.02317,1960.0,0.02319,669.0,0.0232,2068.0
1753600375908,07:12:55.908,okx,ACH/USDT:USDT,0.02318,140.0,0.02317,1960.0,0.02319,669.0,0.0232,2152.0
1753600376308,07:12:56.308,okx,ACH/USDT:USDT,0.02318,140.0,0.02317,1960.0,0.02319,669.0,0.0232,2414.0
1753600378908,07:12:58.908,okx,ACH/USDT:USDT,0.02318,140.0,0.02317,1960.0,0.02319,669.0,0.0232,2372.0
1753600379508,07:12:59.508,okx,ACH/USDT:USDT,0.02318,140.0,0.02317,1960.0,0.02319,617.0,0.0232,2330.0
1753600380208,07:13:00.208,okx,ACH/USDT:USDT,0.02318,141.0,0.02317,1960.0,0.02319,669.0,0.0232,2330.0
1753600380508,07:13:00.508,okx,ACH/USDT:USDT,0.02318,143.0,0.02317,1960.0,0.02319,617.0,0.0232,2330.0
1753600380908,07:13:00.908,okx,ACH/USDT:USDT,0.02318,143.0,0.02317,1962.0,0.02319,669.0,0.0232,2130.0
1753600381608,07:13:01.608,okx,ACH/USDT:USDT,0.02318,694.0,0.02317,1821.0,0.02319,247.0,0.0232,1915.0
1753600383308,07:13:03.308,okx,ACH/USDT:USDT,0.02318,287.0,0.02317,1821.0,0.02319,630.0,0.0232,1517.0
1753600383908,07:13:03.908,okx,ACH/USDT:USDT,0.02318,143.0,0.02317,1821.0,0.02319,630.0,0.0232,1517.0
1753600384008,07:13:04.008,okx,ACH/USDT:USDT,0.02318,141.0,0.02317,1967.0,0.02319,661.0,0.0232,1732.0
1753600384108,07:13:04.108,okx,ACH/USDT:USDT,0.02318,143.0,0.02317,1967.0,0.02319,661.0,0.0232,1732.0
1753600384508,07:13:04.508,okx,ACH/USDT:USDT,0.02318,618.0,0.02317,1821.0,0.02319,247.0,0.0232,1517.0
1753600384908,07:13:04.908,okx,ACH/USDT:USDT,0.02318,599.0,0.02317,1821.0,0.02319,390.0,0.0232,1517.0
1753600385208,07:13:05.208,okx,ACH/USDT:USDT,0.02318,599.0,0.02317,1821.0,0.02319,318.0,0.0232,1475.0
1753600385808,07:13:05.808,okx,ACH/USDT:USDT,0.02318,599.0,0.02317,1821.0,0.02319,387.0,0.0232,1475.0
1753600385908,07:13:05.908,okx,ACH/USDT:USDT,0.02318,599.0,0.02317,1821.0,0.02319,318.0,0.0232,1475.0
1753600386208,07:13:06.208,okx,ACH/USDT:USDT,0.02318,651.0,0.02317,1821.0,0.02319,387.0,0.0232,1475.0
1753600386308,07:13:06.308,okx,ACH/USDT:USDT,0.02318,603.0,0.02317,1821.0,0.02319,439.0,0.0232,1475.0
1753600391008,07:13:11.008,okx,ACH/USDT:USDT,0.02318,603.0,0.02317,1821.0,0.02319,387.0,0.0232,1475.0
1753600392008,07:13:12.008,okx,ACH/USDT:USDT,0.02318,603.0,0.02317,1821.0,0.02319,318.0,0.0232,1475.0
1753600392308,07:13:12.308,okx,ACH/USDT:USDT,0.02318,674.0,0.02317,1903.0,0.02319,28.0,0.0232,1544.0
1753600392508,07:13:12.508,okx,ACH/USDT:USDT,0.02318,674.0,0.02317,1903.0,0.02319,28.0,0.0232,1544.0
1753600393108,07:13:13.108,okx,ACH/USDT:USDT,0.02318,674.0,0.02317,1903.0,0.02319,28.0,0.0232,1544.0
1753600393208,07:13:13.208,okx,ACH/USDT:USDT,0.02318,674.0,0.02317,1903.0,0.02319,28.0,0.0232,1544.0
1753600393508,07:13:13.508,okx,ACH/USDT:USDT,0.02318,674.0,0.02317,1903.0,0.02319,28.0,0.0232,1544.0
1753600395208,07:13:15.208,okx,ACH/USDT:USDT,0.02318,674.0,0.02317,1903.0,0.02319,138.0,0.0232,1544.0
1753600395908,07:13:15.908,okx,ACH/USDT:USDT,0.02318,674.0,0.02317,1903.0,0.02319,27.0,0.0232,1544.0
1753600398308,07:13:18.308,okx,ACH/USDT:USDT,0.02318,675.0,0.02317,1903.0,0.02319,27.0,0.0232,1544.0
1753600398508,07:13:18.508,okx,ACH/USDT:USDT,0.02318,675.0,0.02317,1903.0,0.02319,164.0,0.0232,1544.0
1753600398908,07:13:18.908,okx,ACH/USDT:USDT,0.02318,675.0,0.02317,1903.0,0.02319,164.0,0.0232,1544.0
1753600399708,07:13:19.708,okx,ACH/USDT:USDT,0.02318,268.0,0.02317,1903.0,0.02319,613.0,0.0232,1690.0
1753600400708,07:13:20.708,okx,ACH/USDT:USDT,0.02318,148.0,0.02317,1953.0,0.02319,561.0,0.0232,1732.0
1753600401408,07:13:21.408,okx,ACH/USDT:USDT,0.02318,148.0,0.02317,1953.0,0.02319,450.0,0.0232,1732.0
1753600401708,07:13:21.708,okx,ACH/USDT:USDT,0.02318,148.0,0.02317,1953.0,0.02319,502.0,0.0232,1732.0
1753600402108,07:13:22.108,okx,ACH/USDT:USDT,0.02318,148.0,0.02317,1953.0,0.02319,502.0,0.0232,1732.0
1753600402508,07:13:22.508,okx,ACH/USDT:USDT,0.02318,148.0,0.02317,1953.0,0.02319,502.0,0.0232,1732.0
1753600403708,07:13:23.708,okx,ACH/USDT:USDT,0.02318,147.0,0.02317,1953.0,0.02319,502.0,0.0232,1517.0
1753600404408,07:13:24.408,okx,ACH/USDT:USDT,0.02318,147.0,0.02317,1953.0,0.02319,450.0,0.0232,1517.0
1753600404608,07:13:24.608,okx,ACH/USDT:USDT,0.02318,689.0,0.02317,1821.0,0.02319,228.0,0.0232,1475.0
1753600405308,07:13:25.308,okx,ACH/USDT:USDT,0.02318,618.0,0.02317,1821.0,0.02319,228.0,0.0232,1475.0
1753600405508,07:13:25.508,okx,ACH/USDT:USDT,0.02318,637.0,0.02317,1821.0,0.02319,247.0,0.0232,1475.0
1753600405908,07:13:25.908,okx,ACH/USDT:USDT,0.02318,689.0,0.02317,1821.0,0.02319,227.0,0.0232,1475.0
1753600406308,07:13:26.308,okx,ACH/USDT:USDT,0.02318,689.0,0.02317,1821.0,0.02319,147.0,0.0232,1551.0
1753600408508,07:13:28.508,okx,ACH/USDT:USDT,0.02318,689.0,0.02317,1821.0,0.02319,27.0,0.0232,1551.0
1753600408808,07:13:28.808,okx,ACH/USDT:USDT,0.02318,637.0,0.02317,1821.0,0.02319,56.0,0.0232,1551.0
1753600410408,07:13:30.408,okx,ACH/USDT:USDT,0.02318,689.0,0.02317,1821.0,0.02319,27.0,0.0232,1441.0
1753600411408,07:13:31.408,okx,ACH/USDT:USDT,0.02318,685.0,0.02317,2106.0,0.02319,56.0,0.0232,1441.0
1753600413308,07:13:33.308,okx,ACH/USDT:USDT,0.02318,685.0,0.02317,2106.0,0.02319,27.0,0.0232,1441.0
1753600414408,07:13:34.408,okx,ACH/USDT:USDT,0.02318,674.0,0.02317,2106.0,0.02319,54.0,0.0232,1441.0
1753600416508,07:13:36.508,okx,ACH/USDT:USDT,0.02318,622.0,0.02317,2106.0,0.02319,54.0,0.0232,1441.0
1753600421608,07:13:41.608,okx,ACH/USDT:USDT,0.02318,674.0,0.02317,2106.0,0.02319,54.0,0.0232,1441.0
1753600421808,07:13:41.808,okx,ACH/USDT:USDT,0.02318,674.0,0.02317,2106.0,0.02319,54.0,0.0232,1441.0
1753600422008,07:13:42.008,okx,ACH/USDT:USDT,0.02318,674.0,0.02317,2106.0,0.02319,53.0,0.0232,1441.0
1753600422608,07:13:42.608,okx,ACH/USDT:USDT,0.02318,875.0,0.02317,2283.0,0.02319,28.0,0.0232,1441.0
1753600422708,07:13:42.708,okx,ACH/USDT:USDT,0.02318,875.0,0.02317,2283.0,0.02319,28.0,0.0232,1441.0
1753600422908,07:13:42.908,okx,ACH/USDT:USDT,0.02318,875.0,0.02317,2283.0,0.02319,28.0,0.0232,1441.0
1753600423208,07:13:43.208,okx,ACH/USDT:USDT,0.02319,828.0,0.02318,2031.0,0.0232,483.0,0.02321,2330.0
1753600423308,07:13:43.308,okx,ACH/USDT:USDT,0.02319,828.0,0.02318,2031.0,0.0232,483.0,0.02321,2330.0
1753600423408,07:13:43.408,okx,ACH/USDT:USDT,0.02319,828.0,0.02318,2031.0,0.0232,483.0,0.02321,2330.0
1753600424108,07:13:44.108,okx,ACH/USDT:USDT,0.02319,828.0,0.02318,2031.0,0.0232,483.0,0.02321,1948.0
1753600424308,07:13:44.308,okx,ACH/USDT:USDT,0.02319,776.0,0.02318,2031.0,0.0232,483.0,0.02321,1948.0
1753600424608,07:13:44.608,okx,ACH/USDT:USDT,0.02319,776.0,0.02318,2031.0,0.0232,483.0,0.02321,1948.0
1753600425208,07:13:45.208,okx,ACH/USDT:USDT,0.02319,776.0,0.02318,2031.0,0.0232,483.0,0.02321,1948.0
1753600426508,07:13:46.508,okx,ACH/USDT:USDT,0.02319,496.0,0.02318,1988.0,0.0232,483.0,0.02321,1948.0
1753600427108,07:13:47.108,okx,ACH/USDT:USDT,0.02319,278.0,0.02318,1988.0,0.0232,727.0,0.02321,2163.0
1753600427408,07:13:47.408,okx,ACH/USDT:USDT,0.02319,278.0,0.02318,1988.0,0.0232,727.0,0.02321,2205.0
1753600427508,07:13:47.508,okx,ACH/USDT:USDT,0.02319,283.0,0.02318,1973.0,0.0232,727.0,0.02321,2205.0
1753600428208,07:13:48.208,okx,ACH/USDT:USDT,0.02319,283.0,0.02318,2092.0,0.0232,727.0,0.02321,2205.0
1753600431508,07:13:51.508,okx,ACH/USDT:USDT,0.02319,295.0,0.02318,2092.0,0.0232,727.0,0.02321,2541.0
1753600432908,07:13:52.908,okx,ACH/USDT:USDT,0.02319,295.0,0.02318,2092.0,0.0232,727.0,0.02321,2541.0
1753600433508,07:13:53.508,okx,ACH/USDT:USDT,0.02319,305.0,0.02318,2092.0,0.0232,727.0,0.02321,2541.0
1753600436808,07:13:56.808,okx,ACH/USDT:USDT,0.02319,305.0,0.02318,2092.0,0.0232,727.0,0.02321,2499.0
1753600436908,07:13:56.908,okx,ACH/USDT:USDT,0.02319,305.0,0.02318,2092.0,0.0232,727.0,0.02321,2499.0
1753600437508,07:13:57.508,okx,ACH/USDT:USDT,0.02319,305.0,0.02318,2092.0,0.0232,727.0,0.02321,2499.0
1753600438008,07:13:58.008,okx,ACH/USDT:USDT,0.02319,305.0,0.02318,2092.0,0.0232,727.0,0.02321,2499.0
1753600439908,07:13:59.908,okx,ACH/USDT:USDT,0.02319,308.0,0.02318,2092.0,0.0232,727.0,0.02321,2499.0
1753600440508,07:14:00.508,okx,ACH/USDT:USDT,0.02319,315.0,0.02318,2092.0,0.0232,675.0,0.02321,2499.0
1753600440608,07:14:00.608,okx,ACH/USDT:USDT,0.02319,386.0,0.02318,2092.0,0.0232,656.0,0.02321,2499.0
1753600440808,07:14:00.808,okx,ACH/USDT:USDT,0.02319,386.0,0.02318,2092.0,0.0232,656.0,0.02321,2499.0
1753600440908,07:14:00.908,okx,ACH/USDT:USDT,0.02319,386.0,0.02318,2092.0,0.0232,656.0,0.02321,2499.0
1753600441208,07:14:01.208,okx,ACH/USDT:USDT,0.02319,386.0,0.02318,2092.0,0.0232,656.0,0.02321,2499.0
1753600441408,07:14:01.408,okx,ACH/USDT:USDT,0.02319,367.0,0.02318,2092.0,0.0232,656.0,0.02321,2499.0
1753600441708,07:14:01.708,okx,ACH/USDT:USDT,0.02319,315.0,0.02318,2092.0,0.0232,656.0,0.02321,2499.0
1753600441908,07:14:01.908,okx,ACH/USDT:USDT,0.02319,315.0,0.02318,2092.0,0.0232,656.0,0.02321,2284.0
1753600442108,07:14:02.108,okx,ACH/USDT:USDT,0.02319,386.0,0.02318,2092.0,0.0232,656.0,0.02321,2284.0
1753600442508,07:14:02.508,okx,ACH/USDT:USDT,0.02319,543.0,0.02318,1886.0,0.0232,481.0,0.02321,2326.0
1753600442908,07:14:02.908,okx,ACH/USDT:USDT,0.02319,524.0,0.02318,1886.0,0.0232,554.0,0.02321,2326.0
1753600443208,07:14:03.208,okx,ACH/USDT:USDT,0.02319,524.0,0.02318,1886.0,0.0232,502.0,0.02321,2242.0
1753600443508,07:14:03.508,okx,ACH/USDT:USDT,0.02319,524.0,0.02318,1886.0,0.0232,554.0,0.02321,2242.0
1753600443608,07:14:03.608,okx,ACH/USDT:USDT,0.02319,524.0,0.02318,1886.0,0.0232,554.0,0.02321,2242.0
1753600444408,07:14:04.408,okx,ACH/USDT:USDT,0.02319,524.0,0.02318,1886.0,0.0232,554.0,0.02321,2326.0
1753600446308,07:14:06.308,okx,ACH/USDT:USDT,0.02319,524.0,0.02318,1886.0,0.0232,554.0,0.02321,2368.0
1753600446908,07:14:06.908,okx,ACH/USDT:USDT,0.02319,524.0,0.02318,1886.0,0.0232,554.0,0.02321,2368.0
1753600447308,07:14:07.308,okx,ACH/USDT:USDT,0.02319,249.0,0.02318,2007.0,0.0232,864.0,0.02321,2846.0
1753600448108,07:14:08.108,okx,ACH/USDT:USDT,0.02319,249.0,0.02318,1722.0,0.0232,1245.0,0.02321,3024.0
1753600448308,07:14:08.308,okx,ACH/USDT:USDT,0.02318,416.0,0.02317,2056.0,0.02319,294.0,0.0232,1220.0
1753600448408,07:14:08.408,okx,ACH/USDT:USDT,0.02318,112.0,0.02317,2243.0,0.02319,564.0,0.0232,1939.0
1753600448508,07:14:08.508,okx,ACH/USDT:USDT,0.02318,114.0,0.02317,2243.0,0.02319,564.0,0.0232,1981.0
1753600448608,07:14:08.608,okx,ACH/USDT:USDT,0.02318,114.0,0.02317,2243.0,0.02319,564.0,0.0232,1981.0
1753600448808,07:14:08.808,okx,ACH/USDT:USDT,0.02318,114.0,0.02317,2243.0,0.02319,764.0,0.0232,2220.0
1753600449408,07:14:09.408,okx,ACH/USDT:USDT,0.02318,113.0,0.02317,2243.0,0.02319,764.0,0.0232,2220.0
1753600449508,07:14:09.508,okx,ACH/USDT:USDT,0.02318,114.0,0.02317,2243.0,0.02319,764.0,0.0232,2220.0
1753600450708,07:14:10.708,okx,ACH/USDT:USDT,0.02318,1.0,0.02317,1915.0,0.02319,764.0,0.0232,2359.0
1753600451008,07:14:11.008,okx,ACH/USDT:USDT,0.02318,1.0,0.02317,1625.0,0.02319,764.0,0.0232,2440.0
1753600451208,07:14:11.208,okx,ACH/USDT:USDT,0.02318,1.0,0.02317,1915.0,0.02319,764.0,0.0232,2482.0
1753600451408,07:14:11.408,okx,ACH/USDT:USDT,0.02318,1.0,0.02317,1915.0,0.02319,764.0,0.0232,2790.0
1753600451908,07:14:11.908,okx,ACH/USDT:USDT,0.02318,1.0,0.02317,1915.0,0.02319,764.0,0.0232,2790.0
1753600452508,07:14:12.508,okx,ACH/USDT:USDT,0.02318,1.0,0.02317,1915.0,0.02319,764.0,0.0232,2790.0
1753600452708,07:14:12.708,okx,ACH/USDT:USDT,0.02318,1.0,0.02317,1915.0,0.02319,764.0,0.0232,2790.0
1753600452808,07:14:12.808,okx,ACH/USDT:USDT,0.02318,1.0,0.02317,1915.0,0.02319,764.0,0.0232,2790.0
1753600454608,07:14:14.608,okx,ACH/USDT:USDT,0.02318,1.0,0.02317,1915.0,0.02319,764.0,0.0232,2832.0
1753600454908,07:14:14.908,okx,ACH/USDT:USDT,0.02318,1.0,0.02317,1915.0,0.02319,764.0,0.0232,2790.0
1753600455008,07:14:15.008,okx,ACH/USDT:USDT,0.02318,1.0,0.02317,1915.0,0.02319,764.0,0.0232,2790.0
1753600455408,07:14:15.408,okx,ACH/USDT:USDT,0.02318,1.0,0.02317,1915.0,0.02319,764.0,0.0232,2790.0
1753600455608,07:14:15.608,okx,ACH/USDT:USDT,0.02318,1.0,0.02317,1915.0,0.02319,764.0,0.0232,2790.0
1753600456208,07:14:16.208,okx,ACH/USDT:USDT,0.02317,285.0,0.02316,1655.0,0.02318,512.0,0.02319,2297.0
1753600456408,07:14:16.408,okx,ACH/USDT:USDT,0.02317,287.0,0.02316,1655.0,0.02318,460.0,0.02319,2255.0
1753600457008,07:14:17.008,okx,ACH/USDT:USDT,0.02317,287.0,0.02316,1655.0,0.02318,460.0,0.02319,2216.0
1753600457408,07:14:17.408,okx,ACH/USDT:USDT,0.02317,287.0,0.02316,1655.0,0.02318,531.0,0.02319,2111.0
1753600457508,07:14:17.508,okx,ACH/USDT:USDT,0.02317,287.0,0.02316,1655.0,0.02318,460.0,0.02319,2111.0
1753600457708,07:14:17.708,okx,ACH/USDT:USDT,0.02317,287.0,0.02316,1655.0,0.02318,710.0,0.02319,2111.0
1753600457808,07:14:17.808,okx,ACH/USDT:USDT,0.02317,287.0,0.02316,1655.0,0.02318,531.0,0.02319,2111.0
1753600458108,07:14:18.108,okx,ACH/USDT:USDT,0.02317,287.0,0.02316,1655.0,0.02318,531.0,0.02319,2111.0
1753600459708,07:14:19.708,okx,ACH/USDT:USDT,0.02317,178.0,0.02316,1655.0,0.02318,713.0,0.02319,2153.0
1753600460308,07:14:20.308,okx,ACH/USDT:USDT,0.02317,178.0,0.02316,1655.0,0.02318,713.0,0.02319,2195.0
1753600460608,07:14:20.608,okx,ACH/USDT:USDT,0.02317,181.0,0.02316,1655.0,0.02318,719.0,0.02319,2373.0
1753600460808,07:14:20.808,okx,ACH/USDT:USDT,0.02317,181.0,0.02316,1655.0,0.02318,529.0,0.02319,2373.0
1753600461208,07:14:21.208,okx,ACH/USDT:USDT,0.02317,290.0,0.02316,1655.0,0.02318,458.0,0.02319,2289.0
1753600461308,07:14:21.308,okx,ACH/USDT:USDT,0.02317,290.0,0.02316,1655.0,0.02318,840.0,0.02319,2062.0
1753600461608,07:14:21.608,okx,ACH/USDT:USDT,0.02317,290.0,0.02316,1655.0,0.02318,911.0,0.02319,2062.0
1753600462708,07:14:22.708,okx,ACH/USDT:USDT,0.02317,828.0,0.02316,1536.0,0.02318,588.0,0.02319,2062.0
1753600462808,07:14:22.808,okx,ACH/USDT:USDT,0.02317,828.0,0.02316,1536.0,0.02318,309.0,0.02319,2444.0
1753600463208,07:14:23.208,okx,ACH/USDT:USDT,0.02317,828.0,0.02316,1536.0,0.02318,309.0,0.02319,2402.0
1753600463508,07:14:23.508,okx,ACH/USDT:USDT,0.02317,837.0,0.02316,1536.0,0.02318,309.0,0.02319,2402.0
1753600466908,07:14:26.908,okx,ACH/USDT:USDT,0.02317,304.0,0.02316,1536.0,0.02318,677.0,0.02319,2402.0
1753600468208,07:14:28.208,okx,ACH/USDT:USDT,0.02317,195.0,0.02316,1668.0,0.02318,677.0,0.02319,2444.0
1753600468308,07:14:28.308,okx,ACH/USDT:USDT,0.02317,195.0,0.02316,1668.0,0.02318,625.0,0.02319,2444.0
1753600469708,07:14:29.708,okx,ACH/USDT:USDT,0.02317,305.0,0.02316,1668.0,0.02318,606.0,0.02319,2444.0
1753600469808,07:14:29.808,okx,ACH/USDT:USDT,0.02317,850.0,0.02316,1536.0,0.02318,309.0,0.02319,2402.0
1753600470308,07:14:30.308,okx,ACH/USDT:USDT,0.02317,305.0,0.02316,1536.0,0.02318,645.0,0.02319,2402.0
1753600470908,07:14:30.908,okx,ACH/USDT:USDT,0.02317,305.0,0.02316,1655.0,0.02318,645.0,0.02319,2402.0
1753600471208,07:14:31.208,okx,ACH/USDT:USDT,0.02317,305.0,0.02316,1655.0,0.02318,645.0,0.02319,2444.0
1753600471508,07:14:31.508,okx,ACH/USDT:USDT,0.02317,305.0,0.02316,1655.0,0.02318,645.0,0.02319,2444.0
1753600472808,07:14:32.808,okx,ACH/USDT:USDT,0.02317,305.0,0.02316,1655.0,0.02318,645.0,0.02319,2444.0
1753600473108,07:14:33.108,okx,ACH/USDT:USDT,0.02317,195.0,0.02316,1655.0,0.02318,645.0,0.02319,2444.0
1753600473508,07:14:33.508,okx,ACH/USDT:USDT,0.02317,195.0,0.02316,1655.0,0.02318,645.0,0.02319,2444.0
1753600473908,07:14:33.908,okx,ACH/USDT:USDT,0.02317,305.0,0.02316,1655.0,0.02318,593.0,0.02319,2444.0
1753600475608,07:14:35.608,okx,ACH/USDT:USDT,0.02317,305.0,0.02316,1655.0,0.02318,645.0,0.02319,2444.0
1753600477408,07:14:37.408,okx,ACH/USDT:USDT,0.02317,305.0,0.02316,1655.0,0.02318,645.0,0.02319,2444.0
1753600477808,07:14:37.808,okx,ACH/USDT:USDT,0.02317,305.0,0.02316,1655.0,0.02318,645.0,0.02319,2402.0
1753600479308,07:14:39.308,okx,ACH/USDT:USDT,0.02317,292.0,0.02316,1655.0,0.02318,645.0,0.02319,2402.0
1753600479608,07:14:39.608,okx,ACH/USDT:USDT,0.02317,441.0,0.02316,1536.0,0.02318,574.0,0.02319,2402.0
1753600480308,07:14:40.308,okx,ACH/USDT:USDT,0.02317,418.0,0.02316,1536.0,0.02318,650.0,0.02319,2402.0
1753600480508,07:14:40.508,okx,ACH/USDT:USDT,0.02317,418.0,0.02316,1536.0,0.02318,650.0,0.02319,2402.0
1753600481408,07:14:41.408,okx,ACH/USDT:USDT,0.02317,418.0,0.02316,1536.0,0.02318,650.0,0.02319,2444.0
1753600483108,07:14:43.108,okx,ACH/USDT:USDT,0.02317,421.0,0.02316,1536.0,0.02318,575.0,0.02319,2402.0
1753600483908,07:14:43.908,okx,ACH/USDT:USDT,0.02316,264.0,0.02315,1679.0,0.02317,681.0,0.02318,1990.0
1753600484008,07:14:44.008,okx,ACH/USDT:USDT,0.02316,264.0,0.02315,1679.0,0.02317,752.0,0.02318,1990.0
1753600484308,07:14:44.308,okx,ACH/USDT:USDT,0.02316,264.0,0.02315,1679.0,0.02317,752.0,0.02318,2162.0
1753600484408,07:14:44.408,okx,ACH/USDT:USDT,0.02316,264.0,0.02315,1679.0,0.02317,752.0,0.02318,2204.0
1753600485608,07:14:45.608,okx,ACH/USDT:USDT,0.02316,265.0,0.02315,1679.0,0.02317,752.0,0.02318,2204.0
1753600486408,07:14:46.408,okx,ACH/USDT:USDT,0.02316,145.0,0.02315,1636.0,0.02317,754.0,0.02318,2203.0
1753600486508,07:14:46.508,okx,ACH/USDT:USDT,0.02316,144.0,0.02315,1636.0,0.02317,754.0,0.02318,2203.0
1753600487008,07:14:47.008,okx,ACH/USDT:USDT,0.02316,475.0,0.02315,1824.0,0.02317,359.0,0.02318,2161.0
1753600487508,07:14:47.508,okx,ACH/USDT:USDT,0.02316,475.0,0.02315,1824.0,0.02317,215.0,0.02318,2161.0
1753600490008,07:14:50.008,okx,ACH/USDT:USDT,0.02316,615.0,0.02315,1679.0,0.02317,416.0,0.02318,2283.0
1753600490608,07:14:50.608,okx,ACH/USDT:USDT,0.02316,615.0,0.02315,1679.0,0.02317,240.0,0.02318,2283.0
1753600490808,07:14:50.808,okx,ACH/USDT:USDT,0.02316,285.0,0.02315,1679.0,0.02317,812.0,0.02318,2283.0
1753600492908,07:14:52.908,okx,ACH/USDT:USDT,0.02316,285.0,0.02315,2203.0,0.02317,960.0,0.02318,2161.0
1753600493408,07:14:53.408,okx,ACH/USDT:USDT,0.02316,285.0,0.02315,2203.0,0.02317,908.0,0.02318,2161.0
1753600494308,07:14:54.308,okx,ACH/USDT:USDT,0.02316,285.0,0.02315,2203.0,0.02317,960.0,0.02318,2161.0
1753600494508,07:14:54.508,okx,ACH/USDT:USDT,0.02316,291.0,0.02315,2203.0,0.02317,958.0,0.02318,2161.0
1753600494708,07:14:54.708,okx,ACH/USDT:USDT,0.02316,290.0,0.02315,2203.0,0.02317,1340.0,0.02318,1978.0
1753600495308,07:14:55.308,okx,ACH/USDT:USDT,0.02316,12.0,0.02315,1266.0,0.02317,958.0,0.02318,2706.0
1753600495408,07:14:55.408,okx,ACH/USDT:USDT,0.02316,12.0,0.02315,912.0,0.02317,958.0,0.02318,2745.0
1753600495508,07:14:55.508,okx,ACH/USDT:USDT,0.02316,153.0,0.02315,1856.0,0.02317,774.0,0.02318,2745.0
1753600495708,07:14:55.708,okx,ACH/USDT:USDT,0.02316,152.0,0.02315,1856.0,0.02317,980.0,0.02318,2745.0
1753600495808,07:14:55.808,okx,ACH/USDT:USDT,0.02316,296.0,0.02315,1734.0,0.02317,721.0,0.02318,2580.0
1753600496208,07:14:56.208,okx,ACH/USDT:USDT,0.02316,42.0,0.02315,1869.0,0.02317,1177.0,0.02318,2664.0
1753600496608,07:14:56.608,okx,ACH/USDT:USDT,0.02316,14.0,0.02315,2087.0,0.02317,1181.0,0.02318,3019.0
1753600496908,07:14:56.908,okx,ACH/USDT:USDT,0.02316,14.0,0.02315,2087.0,0.02317,1181.0,0.02318,3019.0
1753600497008,07:14:57.008,okx,ACH/USDT:USDT,0.02316,14.0,0.02315,2087.0,0.02317,1181.0,0.02318,3019.0
1753600497308,07:14:57.308,okx,ACH/USDT:USDT,0.02316,14.0,0.02315,2087.0,0.02317,1181.0,0.02318,3402.0
1753600497508,07:14:57.508,okx,ACH/USDT:USDT,0.02316,15.0,0.02315,2087.0,0.02317,1181.0,0.02318,3402.0
1753600497608,07:14:57.608,okx,ACH/USDT:USDT,0.02316,15.0,0.02315,2087.0,0.02317,1181.0,0.02318,3402.0
1753600497708,07:14:57.708,okx,ACH/USDT:USDT,0.02316,15.0,0.02315,2087.0,0.02317,1181.0,0.02318,3402.0
1753600497808,07:14:57.808,okx,ACH/USDT:USDT,0.02316,43.0,0.02315,2087.0,0.02317,1181.0,0.02318,3402.0
1753600497908,07:14:57.908,okx,ACH/USDT:USDT,0.02316,43.0,0.02315,2087.0,0.02317,1181.0,0.02318,3402.0
1753600498408,07:14:58.408,okx,ACH/USDT:USDT,0.02316,154.0,0.02315,2087.0,0.02317,910.0,0.02318,3319.0
1753600498608,07:14:58.608,okx,ACH/USDT:USDT,0.02316,153.0,0.02315,2087.0,0.02317,981.0,0.02318,3277.0
1753600498908,07:14:58.908,okx,ACH/USDT:USDT,0.02316,153.0,0.02315,2087.0,0.02317,981.0,0.02318,3277.0
1753600499008,07:14:59.008,okx,ACH/USDT:USDT,0.02316,153.0,0.02315,2087.0,0.02317,929.0,0.02318,3277.0
1753600500308,07:15:00.308,okx,ACH/USDT:USDT,0.02316,296.0,0.02315,1952.0,0.02317,706.0,0.02318,2682.0
1753600500608,07:15:00.608,okx,ACH/USDT:USDT,0.02316,700.0,0.02315,1995.0,0.02317,281.0,0.02318,2682.0
1753600500908,07:15:00.908,okx,ACH/USDT:USDT,0.02316,702.0,0.02315,1996.0,0.02317,281.0,0.02318,2604.0
1753600501308,07:15:01.308,okx,ACH/USDT:USDT,0.02316,702.0,0.02315,1996.0,0.02317,281.0,0.02318,2288.0
1753600501808,07:15:01.808,okx,ACH/USDT:USDT,0.02316,702.0,0.02315,1996.0,0.02317,281.0,0.02318,2288.0
1753600501908,07:15:01.908,okx,ACH/USDT:USDT,0.02316,648.0,0.02315,1996.0,0.02317,281.0,0.02318,2288.0
1753600502108,07:15:02.108,okx,ACH/USDT:USDT,0.02316,298.0,0.02315,1996.0,0.02317,960.0,0.02318,2166.0
1753600502408,07:15:02.408,okx,ACH/USDT:USDT,0.02316,17.0,0.02315,1953.0,0.02317,960.0,0.02318,2469.0
1753600503308,07:15:03.308,okx,ACH/USDT:USDT,0.02316,44.0,0.02315,2094.0,0.02317,960.0,0.02318,2591.0
1753600503808,07:15:03.808,okx,ACH/USDT:USDT,0.02316,45.0,0.02315,2094.0,0.02317,906.0,0.02318,2549.0
1753600504408,07:15:04.408,okx,ACH/USDT:USDT,0.02316,686.0,0.02315,2285.0,0.02317,30.0,0.02318,2091.0
1753600504508,07:15:04.508,okx,ACH/USDT:USDT,0.02316,686.0,0.02315,2285.0,0.02317,30.0,0.02318,1914.0
1753600504908,07:15:04.908,okx,ACH/USDT:USDT,0.02316,686.0,0.02315,2285.0,0.02317,4.0,0.02318,1914.0
1753600505208,07:15:05.208,okx,ACH/USDT:USDT,0.02316,686.0,0.02315,2285.0,0.02317,31.0,0.02318,1914.0
1753600505908,07:15:05.908,okx,ACH/USDT:USDT,0.02316,686.0,0.02315,2285.0,0.02317,4.0,0.02318,1922.0
1753600507608,07:15:07.608,okx,ACH/USDT:USDT,0.02316,729.0,0.02315,2285.0,0.02317,4.0,0.02318,1922.0
1753600507708,07:15:07.708,okx,ACH/USDT:USDT,0.02316,729.0,0.02315,2285.0,0.02317,4.0,0.02318,1922.0
1753600510308,07:15:10.308,okx,ACH/USDT:USDT,0.02316,612.0,0.02315,2285.0,0.02317,343.0,0.02318,2135.0
1753600511008,07:15:11.008,okx,ACH/USDT:USDT,0.02316,612.0,0.02315,2285.0,0.02317,135.0,0.02318,2135.0
1753600511208,07:15:11.208,okx,ACH/USDT:USDT,0.02316,612.0,0.02315,2285.0,0.02317,137.0,0.02318,2135.0
1753600511808,07:15:11.808,okx,ACH/USDT:USDT,0.02316,610.0,0.02315,2285.0,0.02317,202.0,0.02318,1996.0
1753600511908,07:15:11.908,okx,ACH/USDT:USDT,0.02316,610.0,0.02315,2285.0,0.02317,202.0,0.02318,2082.0
1753600512008,07:15:12.008,okx,ACH/USDT:USDT,0.02316,612.0,0.02315,2285.0,0.02317,216.0,0.02318,2082.0
1753600512208,07:15:12.208,okx,ACH/USDT:USDT,0.02316,612.0,0.02315,2285.0,0.02317,270.0,0.02318,2082.0
1753600512608,07:15:12.608,okx,ACH/USDT:USDT,0.02316,612.0,0.02315,2285.0,0.02317,270.0,0.02318,2082.0
1753600513908,07:15:13.908,okx,ACH/USDT:USDT,0.02316,686.0,0.02315,2285.0,0.02317,195.0,0.02318,2082.0
1753600514108,07:15:14.108,okx,ACH/USDT:USDT,0.02316,686.0,0.02315,2285.0,0.02317,195.0,0.02318,2082.0
