timestamp,time,exchange,symbol,bid1_price,bid1_volume,bid2_price,bid2_volume,ask1_price,ask1_volume,ask2_price,ask2_volume
1753599982975,07:06:22.975,blofin,A/USDT:USDT,0.58306,354.0,0.58304,1380.0,0.58308,166.0,0.58309,1365.0
1753599984015,07:06:24.015,blofin,A/USDT:USDT,0.58306,163.0,0.58304,144.0,0.58309,143.0,0.5831,125.0
1753599985018,07:06:25.018,blofin,A/USDT:USDT,0.58306,166.0,0.58303,757.0,0.58309,143.0,0.58311,361.0
1753599986018,07:06:26.018,blofin,A/USDT:USDT,0.5829,54.0,0.58289,161.0,0.58291,186.0,0.58295,136.0
1753599988021,07:06:28.021,blofin,A/USDT:USDT,0.58266,264.0,0.58265,83.0,0.58267,3.0,0.58268,72.0
1753599990528,07:06:30.528,blofin,A/USDT:USDT,0.58266,264.0,0.58265,272.0,0.58267,142.0,0.58272,119.0
1753599991706,07:06:31.706,blofin,A/USDT:USDT,0.5826,55.0,0.58259,252.0,0.58262,125.0,0.58263,191.0
1753599993532,07:06:33.532,blofin,A/USDT:USDT,0.5826,402.0,0.58259,61.0,0.58262,124.0,0.58267,210.0
1753599994530,07:06:34.530,blofin,A/USDT:USDT,0.5826,402.0,0.58259,61.0,0.58262,124.0,0.58267,310.0
1753599995532,07:06:35.532,blofin,A/USDT:USDT,0.5826,402.0,0.58259,61.0,0.58262,332.0,0.58263,174.0
1753599996534,07:06:36.534,blofin,A/USDT:USDT,0.5826,261.0,0.58259,61.0,0.58262,339.0,0.58263,147.0
1753599997535,07:06:37.535,blofin,A/USDT:USDT,0.5826,401.0,0.58259,61.0,0.58262,339.0,0.58264,273.0
1753599998537,07:06:38.537,blofin,A/USDT:USDT,0.5826,402.0,0.58259,61.0,0.58262,399.0,0.58265,252.0
1753599999540,07:06:39.540,blofin,A/USDT:USDT,0.5826,401.0,0.58259,61.0,0.58262,399.0,0.58267,277.0
1753600000730,07:06:40.730,blofin,A/USDT:USDT,0.58256,210.0,0.58252,117.0,0.58259,1931.0,0.58261,512.0
1753600001729,07:06:41.729,blofin,A/USDT:USDT,0.58245,90.0,0.58244,183.0,0.58247,186.0,0.58251,1.0
1753600002542,07:06:42.542,blofin,A/USDT:USDT,0.58245,90.0,0.58244,183.0,0.58247,3.0,0.58251,33.0
1753600003543,07:06:43.543,blofin,A/USDT:USDT,0.58241,27.0,0.58237,1352.0,0.58251,150.0,0.58254,59.0
1753600005044,07:06:45.044,blofin,A/USDT:USDT,0.58245,10.0,0.58242,750.0,0.58247,158.0,0.58249,602.0
1753600006046,07:06:46.046,blofin,A/USDT:USDT,0.58245,5.0,0.58241,8503.0,0.58246,1980.0,0.5825,966.0
1753600007049,07:06:47.049,blofin,A/USDT:USDT,0.58205,178.0,0.58203,913.0,0.58207,145.0,0.58208,419.0
1753600008054,07:06:48.054,blofin,A/USDT:USDT,0.58205,13.0,0.58204,578.0,0.58207,2.0,0.58209,145.0
1753600009054,07:06:49.054,blofin,A/USDT:USDT,0.58205,13.0,0.58203,362.0,0.58209,131.0,0.58211,1027.0
1753600010553,07:06:50.553,blofin,A/USDT:USDT,0.58205,175.0,0.58203,1080.0,0.58209,4.0,0.5821,127.0
1753600011555,07:06:51.555,blofin,A/USDT:USDT,0.58205,175.0,0.58203,362.0,0.58207,127.0,0.5821,2.0
1753600012556,07:06:52.556,blofin,A/USDT:USDT,0.58205,177.0,0.58203,362.0,0.58207,131.0,0.58211,847.0
1753600013555,07:06:53.555,blofin,A/USDT:USDT,0.58175,47.0,0.58174,169.0,0.58177,96.0,0.5818,520.0
1753600014556,07:06:54.556,blofin,A/USDT:USDT,0.58175,47.0,0.58174,169.0,0.58177,96.0,0.58179,173.0
1753600015560,07:06:55.560,blofin,A/USDT:USDT,0.58175,47.0,0.58174,169.0,0.58177,100.0,0.5818,393.0
1753600016558,07:06:56.558,blofin,A/USDT:USDT,0.58174,169.0,0.58172,230.0,0.58175,41.0,0.58177,544.0
1753600017707,07:06:57.707,blofin,A/USDT:USDT,0.58166,41.0,0.58165,33.0,0.58169,41.0,0.5817,2.0
1753600018560,07:06:58.560,blofin,A/USDT:USDT,0.58166,43.0,0.58165,33.0,0.58169,186.0,0.5817,2.0
1753600019560,07:06:59.560,blofin,A/USDT:USDT,0.58166,43.0,0.58165,33.0,0.58168,41.0,0.58169,5.0
1753600020561,07:07:00.561,blofin,A/USDT:USDT,0.58166,96.0,0.58165,33.0,0.58168,45.0,0.58172,132.0
1753600022074,07:07:02.074,blofin,A/USDT:USDT,0.58166,97.0,0.58165,33.0,0.58168,55.0,0.58172,729.0
1753600023074,07:07:03.074,blofin,A/USDT:USDT,0.58166,339.0,0.58165,33.0,0.58168,696.0,0.58172,998.0
1753600024076,07:07:04.076,blofin,A/USDT:USDT,0.58166,339.0,0.58165,33.0,0.58169,550.0,0.58174,448.0
1753600025077,07:07:05.077,blofin,A/USDT:USDT,0.58166,339.0,0.58165,33.0,0.58169,695.0,0.5817,978.0
1753600026079,07:07:06.079,blofin,A/USDT:USDT,0.58166,392.0,0.58165,210.0,0.58168,547.0,0.58169,3.0
1753600027081,07:07:07.081,blofin,A/USDT:USDT,0.58166,391.0,0.58165,33.0,0.58168,692.0,0.58169,946.0
1753600028080,07:07:08.080,blofin,A/USDT:USDT,0.58166,391.0,0.58165,33.0,0.58168,551.0,0.58169,256.0
1753600029082,07:07:09.082,blofin,A/USDT:USDT,0.58166,395.0,0.58165,33.0,0.58168,561.0,0.58172,890.0
1753600030085,07:07:10.085,blofin,A/USDT:USDT,0.58166,393.0,0.58165,33.0,0.58168,561.0,0.5817,449.0
1753600031085,07:07:11.085,blofin,A/USDT:USDT,0.58166,394.0,0.58165,33.0,0.58168,706.0,0.5817,228.0
1753600032091,07:07:12.091,blofin,A/USDT:USDT,0.58166,516.0,0.58165,33.0,0.58168,561.0,0.5817,247.0
1753600033090,07:07:13.090,blofin,A/USDT:USDT,0.58166,537.0,0.58161,501.0,0.58168,562.0,0.58172,98.0
1753600034313,07:07:14.313,blofin,A/USDT:USDT,0.58157,76.0,0.58154,21.0,0.58159,41.0,0.5816,546.0
1753600035369,07:07:15.369,blofin,A/USDT:USDT,0.58144,9.0,0.58142,136.0,0.58146,41.0,0.58147,3.0
1753600036094,07:07:16.094,blofin,A/USDT:USDT,0.58144,9.0,0.58142,136.0,0.58145,43.0,0.58146,20.0
1753600037578,07:07:17.578,blofin,A/USDT:USDT,0.58139,14.0,0.58138,48.0,0.58142,43.0,0.58145,381.0
1753600038577,07:07:18.577,blofin,A/USDT:USDT,0.58139,11.0,0.58138,381.0,0.58141,41.0,0.58142,2.0
1753600039579,07:07:19.579,blofin,A/USDT:USDT,0.58139,13.0,0.58138,48.0,0.58141,45.0,0.58145,611.0
1753600040812,07:07:20.812,blofin,A/USDT:USDT,0.58138,48.0,0.58134,160.0,0.58141,45.0,0.58146,1457.0
1753600041580,07:07:21.580,blofin,A/USDT:USDT,0.58138,48.0,0.58134,150.0,0.58141,42.0,0.58143,1107.0
1753600042582,07:07:22.582,blofin,A/USDT:USDT,0.58138,48.0,0.58134,150.0,0.58141,46.0,0.58143,1107.0
1753600043581,07:07:23.581,blofin,A/USDT:USDT,0.58138,48.0,0.58134,150.0,0.58141,73.0,0.58144,589.0
1753600044930,07:07:24.930,blofin,A/USDT:USDT,0.58134,150.0,0.58133,12.0,0.58138,41.0,0.58139,2.0
1753600045583,07:07:25.583,blofin,A/USDT:USDT,0.58134,150.0,0.58133,238.0,0.58136,44.0,0.5814,847.0
1753600046586,07:07:26.586,blofin,A/USDT:USDT,0.58134,150.0,0.58133,238.0,0.58136,43.0,0.5814,168.0
1753600048586,07:07:28.586,blofin,A/USDT:USDT,0.58134,150.0,0.58133,239.0,0.58136,44.0,0.58137,625.0
1753600050049,07:07:30.049,blofin,A/USDT:USDT,0.58134,507.0,0.58133,4.0,0.58136,137.0,0.58138,288.0
1753600050587,07:07:30.587,blofin,A/USDT:USDT,0.58134,289.0,0.58133,4.0,0.58136,2012.0,0.58137,565.0
1753600052118,07:07:32.118,blofin,A/USDT:USDT,0.58134,261.0,0.5813,150.0,0.58136,2026.0,0.5814,643.0
1753600053119,07:07:33.119,blofin,A/USDT:USDT,0.58134,258.0,0.5813,145.0,0.58136,2242.0,0.5814,150.0
1753600054119,07:07:34.119,blofin,A/USDT:USDT,0.58139,400.0,0.58136,428.0,0.58141,29.0,0.58143,44.0
1753600055119,07:07:35.119,blofin,A/USDT:USDT,0.58137,141.0,0.58135,731.0,0.58141,29.0,0.58143,117.0
1753600056193,07:07:36.193,blofin,A/USDT:USDT,0.58138,141.0,0.58137,5.0,0.58141,2.0,0.58142,27.0
1753600057113,07:07:37.113,blofin,A/USDT:USDT,0.58139,10.0,0.58137,4.0,0.58141,29.0,0.58143,44.0
1753600058123,07:07:38.123,blofin,A/USDT:USDT,0.58134,152.0,0.5813,145.0,0.5814,2235.0,0.58144,1112.0
1753600059124,07:07:39.124,blofin,A/USDT:USDT,0.58134,152.0,0.5813,145.0,0.58135,366.0,0.58137,454.0
1753600060125,07:07:40.125,blofin,A/USDT:USDT,0.5813,145.0,0.58129,116.0,0.58134,219.0,0.58138,2520.0
1753600061131,07:07:41.131,blofin,A/USDT:USDT,0.5813,145.0,0.58129,120.0,0.58131,214.0,0.58134,5.0
1753600062130,07:07:42.130,blofin,A/USDT:USDT,0.5813,145.0,0.58129,120.0,0.58131,318.0,0.58134,1974.0
1753600063130,07:07:43.130,blofin,A/USDT:USDT,0.58129,121.0,0.58123,131.0,0.58131,316.0,0.58136,1538.0
1753600064131,07:07:44.131,blofin,A/USDT:USDT,0.58129,121.0,0.58125,57.0,0.58131,378.0,0.58134,1831.0
1753600065133,07:07:45.133,blofin,A/USDT:USDT,0.58129,120.0,0.58126,113.0,0.58131,1216.0,0.58133,1659.0
1753600066135,07:07:46.135,blofin,A/USDT:USDT,0.58129,120.0,0.58124,195.0,0.58131,1216.0,0.58135,2587.0
1753600067137,07:07:47.137,blofin,A/USDT:USDT,0.58129,120.0,0.58126,169.0,0.58131,1216.0,0.58133,2072.0
1753600068137,07:07:48.137,blofin,A/USDT:USDT,0.58129,119.0,0.58125,128.0,0.58131,1426.0,0.58134,977.0
1753600069139,07:07:49.139,blofin,A/USDT:USDT,0.58129,123.0,0.58125,216.0,0.58131,1182.0,0.58134,2119.0
1753600070140,07:07:50.140,blofin,A/USDT:USDT,0.58129,123.0,0.58128,310.0,0.58131,1182.0,0.58132,1138.0
1753600071142,07:07:51.142,blofin,A/USDT:USDT,0.58129,352.0,0.58127,266.0,0.58131,4.0,0.58132,1348.0
1753600072142,07:07:52.142,blofin,A/USDT:USDT,0.58129,348.0,0.58124,200.0,0.58131,1529.0,0.58132,2.0
1753600073144,07:07:53.144,blofin,A/USDT:USDT,0.58129,351.0,0.58126,221.0,0.58131,1319.0,0.58133,845.0
1753600074145,07:07:54.145,blofin,A/USDT:USDT,0.58129,404.0,0.58127,267.0,0.58131,4.0,0.58132,1315.0
1753600075147,07:07:55.147,blofin,A/USDT:USDT,0.58129,403.0,0.58123,204.0,0.58131,1144.0,0.58136,1032.0
1753600076148,07:07:56.148,blofin,A/USDT:USDT,0.58129,403.0,0.58127,787.0,0.58131,1145.0,0.58132,139.0
1753600077151,07:07:57.151,blofin,A/USDT:USDT,0.58134,141.0,0.58131,340.0,0.58148,281.0,0.5815,704.0
1753600078151,07:07:58.151,blofin,A/USDT:USDT,0.58133,11.0,0.58131,447.0,0.58141,141.0,0.58142,1027.0
1753600078606,07:07:58.606,blofin,A/USDT:USDT,0.58133,64.0,0.58129,2.0,0.58141,398.0,0.58145,293.0
1753600079609,07:07:59.609,blofin,A/USDT:USDT,0.58133,64.0,0.58129,2.0,0.58141,399.0,0.58145,183.0
1753600080748,07:08:00.748,blofin,A/USDT:USDT,0.58133,64.0,0.58129,2.0,0.58136,257.0,0.58141,257.0
1753600081608,07:08:01.608,blofin,A/USDT:USDT,0.58133,64.0,0.58131,255.0,0.58135,25.0,0.58136,493.0
1753600082825,07:08:02.825,blofin,A/USDT:USDT,0.5812,20.0,0.58118,294.0,0.58121,214.0,0.58123,1115.0
1753600083661,07:08:03.661,blofin,A/USDT:USDT,0.58116,56.0,0.58115,168.0,0.58117,214.0,0.58121,744.0
1753600084662,07:08:04.662,blofin,A/USDT:USDT,0.58116,56.0,0.58115,170.0,0.58118,261.0,0.58121,210.0
1753600085664,07:08:05.664,blofin,A/USDT:USDT,0.58116,56.0,0.58115,170.0,0.58117,353.0,0.58118,2.0
1753600086667,07:08:06.667,blofin,A/USDT:USDT,0.58116,56.0,0.58115,173.0,0.58117,139.0,0.58118,2.0
1753600087668,07:08:07.668,blofin,A/USDT:USDT,0.58116,56.0,0.58115,226.0,0.58117,143.0,0.58122,507.0
1753600088668,07:08:08.668,blofin,A/USDT:USDT,0.58077,40.0,0.58076,50.0,0.58081,19.0,0.58084,868.0
1753600089669,07:08:09.669,blofin,A/USDT:USDT,0.58076,50.0,0.58075,50.0,0.58077,344.0,0.58079,278.0
1753600090827,07:08:10.827,blofin,A/USDT:USDT,0.58076,50.0,0.58075,50.0,0.58077,344.0,0.58078,1.0
1753600092090,07:08:12.090,blofin,A/USDT:USDT,0.58054,233.0,0.58052,59.0,0.58055,19.0,0.58059,258.0
1753600092673,07:08:12.673,blofin,A/USDT:USDT,0.58031,15.0,0.58028,69.0,0.58033,309.0,0.58034,5.0
1753600094175,07:08:14.175,blofin,A/USDT:USDT,0.58031,283.0,0.58025,114.0,0.58033,23.0,0.58034,5.0
1753600095231,07:08:15.231,blofin,A/USDT:USDT,0.58021,138.0,0.58019,6.0,0.58027,91.0,0.58032,915.0
1753600096262,07:08:16.262,blofin,A/USDT:USDT,0.58021,129.0,0.58019,6.0,0.58026,24.0,0.58027,1551.0
1753600097234,07:08:17.234,blofin,A/USDT:USDT,0.58021,129.0,0.58019,6.0,0.58026,59.0,0.5803,986.0
1753600098185,07:08:18.185,blofin,A/USDT:USDT,0.58021,123.0,0.58018,53.0,0.58024,5.0,0.58025,344.0
1753600099184,07:08:19.184,blofin,A/USDT:USDT,0.58021,123.0,0.58018,53.0,0.58022,215.0,0.58026,395.0
1753600100186,07:08:20.186,blofin,A/USDT:USDT,0.58021,123.0,0.58018,53.0,0.58022,219.0,0.58023,951.0
1753600101120,07:08:21.120,blofin,A/USDT:USDT,0.57989,49.0,0.57988,41.0,0.5799,19.0,0.57993,132.0
1753600101687,07:08:21.687,blofin,A/USDT:USDT,0.57988,128.0,0.57986,26.0,0.5799,959.0,0.57994,166.0
1753600103189,07:08:23.189,blofin,A/USDT:USDT,0.57985,32.0,0.57982,191.0,0.57988,347.0,0.57993,1065.0
1753600104239,07:08:24.239,blofin,A/USDT:USDT,0.57985,32.0,0.57982,191.0,0.57989,731.0,0.57993,2157.0
1753600105195,07:08:25.195,blofin,A/USDT:USDT,0.57977,77.0,0.57975,184.0,0.57981,215.0,0.57983,3072.0
1753600106199,07:08:26.199,blofin,A/USDT:USDT,0.57977,207.0,0.57975,626.0,0.5799,1303.0,0.57992,1105.0
1753600106977,07:08:26.977,blofin,A/USDT:USDT,0.57977,80.0,0.57975,184.0,0.57986,189.0,0.57988,785.0
1753600107697,07:08:27.697,blofin,A/USDT:USDT,0.57977,134.0,0.57976,25.0,0.57982,15.0,0.57983,2573.0
1753600108700,07:08:28.700,blofin,A/USDT:USDT,0.57977,133.0,0.57975,188.0,0.5798,139.0,0.57982,195.0
1753600109701,07:08:29.701,blofin,A/USDT:USDT,0.57977,132.0,0.57975,184.0,0.57979,139.0,0.5798,5.0
1753600110703,07:08:30.703,blofin,A/USDT:USDT,0.57977,244.0,0.57975,184.0,0.57979,353.0,0.5798,5.0
1753600111705,07:08:31.705,blofin,A/USDT:USDT,0.57977,244.0,0.57975,184.0,0.57979,457.0,0.57983,1473.0
1753600112706,07:08:32.706,blofin,A/USDT:USDT,0.57977,296.0,0.57976,147.0,0.57979,265.0,0.5798,1762.0
1753600113709,07:08:33.709,blofin,A/USDT:USDT,0.57977,296.0,0.57975,184.0,0.57979,267.0,0.57982,589.0
1753600115044,07:08:35.044,blofin,A/USDT:USDT,0.5797,61.0,0.57969,115.0,0.57974,2.0,0.57976,75.0
1753600115711,07:08:35.711,blofin,A/USDT:USDT,0.5797,61.0,0.57969,120.0,0.57974,2.0,0.57978,587.0
1753600116947,07:08:36.947,blofin,A/USDT:USDT,0.57974,87.0,0.5797,61.0,0.57978,590.0,0.57982,1418.0
1753600118213,07:08:38.213,blofin,A/USDT:USDT,0.5797,61.0,0.57969,197.0,0.57978,604.0,0.57981,93.0
1753600119215,07:08:39.215,blofin,A/USDT:USDT,0.57915,4302.0,0.57914,432.0,0.57925,142.0,0.57929,150.0
1753600120216,07:08:40.216,blofin,A/USDT:USDT,0.57915,4302.0,0.57914,173.0,0.57919,139.0,0.57924,1016.0
1753600121645,07:08:41.645,blofin,A/USDT:USDT,0.57915,4302.0,0.57914,173.0,0.57919,186.0,0.57922,69.0
1753600122719,07:08:42.719,blofin,A/USDT:USDT,0.57911,95.0,0.57906,123.0,0.5792,144.0,0.57925,236.0
1753600123722,07:08:43.722,blofin,A/USDT:USDT,0.57911,97.0,0.57908,638.0,0.5792,159.0,0.57923,82.0
1753600124697,07:08:44.697,blofin,A/USDT:USDT,0.57905,77.0,0.57901,181.0,0.57908,51.0,0.57913,1217.0
1753600125725,07:08:45.725,blofin,A/USDT:USDT,0.57906,18.0,0.57905,4.0,0.57909,51.0,0.57913,1842.0
1753600126727,07:08:46.727,blofin,A/USDT:USDT,0.57906,20.0,0.57903,88.0,0.57909,237.0,0.57911,2171.0
1753600128228,07:08:48.228,blofin,A/USDT:USDT,0.57906,19.0,0.57904,86.0,0.57908,117.0,0.57909,1489.0
1753600129231,07:08:49.231,blofin,A/USDT:USDT,0.57906,21.0,0.57901,194.0,0.57908,435.0,0.57912,1382.0
1753600130231,07:08:50.231,blofin,A/USDT:USDT,0.57906,21.0,0.57905,3.0,0.57908,5.0,0.57909,430.0
1753600131233,07:08:51.233,blofin,A/USDT:USDT,0.57906,21.0,0.57902,143.0,0.57908,648.0,0.57911,74.0
1753600132234,07:08:52.234,blofin,A/USDT:USDT,0.57906,23.0,0.57901,362.0,0.57908,648.0,0.57912,66.0
1753600133533,07:08:53.533,blofin,A/USDT:USDT,0.57941,9.0,0.57936,356.0,0.5796,402.0,0.57961,192.0
1753600134648,07:08:54.648,blofin,A/USDT:USDT,0.57941,12.0,0.57937,144.0,0.57943,769.0,0.57946,160.0
1753600135651,07:08:55.651,blofin,A/USDT:USDT,0.57941,12.0,0.57939,857.0,0.57943,3.0,0.57944,909.0
1753600136649,07:08:56.649,blofin,A/USDT:USDT,0.57941,30.0,0.57935,1365.0,0.57943,909.0,0.57944,3.0
1753600137651,07:08:57.651,blofin,A/USDT:USDT,0.57941,30.0,0.57935,1365.0,0.57943,913.0,0.57948,543.0
1753600138243,07:08:58.243,blofin,A/USDT:USDT,0.57941,28.0,0.57936,589.0,0.57943,923.0,0.57947,324.0
1753600139247,07:08:59.247,blofin,A/USDT:USDT,0.57941,29.0,0.57936,1234.0,0.57943,923.0,0.57947,328.0
1753600140245,07:09:00.245,blofin,A/USDT:USDT,0.57941,151.0,0.57939,1282.0,0.57943,1075.0,0.57944,17.0
1753600141247,07:09:01.247,blofin,A/USDT:USDT,0.57941,150.0,0.57938,1002.0,0.57943,501.0,0.57945,252.0
1753600142667,07:09:02.667,blofin,A/USDT:USDT,0.57941,150.0,0.57938,515.0,0.57943,501.0,0.57945,53.0
1753600144749,07:09:04.749,blofin,A/USDT:USDT,0.57941,256.0,0.57935,138.0,0.57943,511.0,0.57944,5.0
1753600145751,07:09:05.751,blofin,A/USDT:USDT,0.57941,434.0,0.57938,650.0,0.57943,512.0,0.57945,306.0
1753600146750,07:09:06.750,blofin,A/USDT:USDT,0.57932,41.0,0.57929,25.0,0.57934,140.0,0.57939,86.0
1753600147751,07:09:07.751,blofin,A/USDT:USDT,0.57932,42.0,0.57929,422.0,0.57934,141.0,0.57936,1754.0
1753600148898,07:09:08.898,blofin,A/USDT:USDT,0.57932,42.0,0.57927,820.0,0.57934,3.0,0.57938,139.0
1753600149756,07:09:09.756,blofin,A/USDT:USDT,0.57935,9.0,0.57932,17.0,0.57942,2159.0,0.57943,262.0
1753600150837,07:09:10.837,blofin,A/USDT:USDT,0.57935,214.0,0.57933,53.0,0.57939,3.0,0.5794,139.0
1753600151757,07:09:11.757,blofin,A/USDT:USDT,0.57935,321.0,0.5793,235.0,0.57939,3.0,0.5794,400.0
1753600152758,07:09:12.758,blofin,A/USDT:USDT,0.57935,325.0,0.57934,32.0,0.5794,2.0,0.57941,400.0
1753600153760,07:09:13.760,blofin,A/USDT:USDT,0.57935,324.0,0.57929,321.0,0.57939,139.0,0.5794,2.0
1753600154761,07:09:14.761,blofin,A/USDT:USDT,0.57931,43.0,0.57929,214.0,0.57933,1.0,0.57934,343.0
1753600155761,07:09:15.761,blofin,A/USDT:USDT,0.5792,34.0,0.57919,1061.0,0.57926,139.0,0.57928,643.0
1753600156766,07:09:16.766,blofin,A/USDT:USDT,0.5792,34.0,0.57919,1061.0,0.57921,293.0,0.57925,17.0
1753600157764,07:09:17.764,blofin,A/USDT:USDT,0.57912,1073.0,0.57911,20.0,0.57916,271.0,0.57917,674.0
1753600158766,07:09:18.766,blofin,A/USDT:USDT,0.57913,314.0,0.57912,1073.0,0.57915,358.0,0.57917,621.0
1753600159672,07:09:19.672,blofin,A/USDT:USDT,0.57913,314.0,0.57912,1073.0,0.57915,142.0,0.57917,74.0
1753600160671,07:09:20.671,blofin,A/USDT:USDT,0.57913,314.0,0.57912,1402.0,0.57915,2.0,0.57916,139.0
1753600161669,07:09:21.669,blofin,A/USDT:USDT,0.57912,1073.0,0.57909,222.0,0.57913,343.0,0.57914,4309.0
1753600162671,07:09:22.671,blofin,A/USDT:USDT,0.57912,1073.0,0.57909,222.0,0.57913,346.0,0.57914,4309.0
1753600163674,07:09:23.674,blofin,A/USDT:USDT,0.57912,1073.0,0.57909,222.0,0.57913,344.0,0.57917,2709.0
1753600164674,07:09:24.674,blofin,A/USDT:USDT,0.57912,1073.0,0.57909,222.0,0.57913,5.0,0.57914,343.0
1753600165674,07:09:25.674,blofin,A/USDT:USDT,0.57905,972.0,0.57903,1176.0,0.57907,2.0,0.5791,190.0
1753600166676,07:09:26.676,blofin,A/USDT:USDT,0.57905,1079.0,0.57904,26.0,0.57907,2.0,0.57908,139.0
1753600167674,07:09:27.674,blofin,A/USDT:USDT,0.57905,1080.0,0.57904,26.0,0.57908,144.0,0.57912,731.0
1753600168676,07:09:28.676,blofin,A/USDT:USDT,0.57905,1080.0,0.57903,878.0,0.57907,142.0,0.57909,2552.0
1753600169282,07:09:29.282,blofin,A/USDT:USDT,0.57905,1080.0,0.57903,878.0,0.57907,143.0,0.57909,2552.0
1753600170283,07:09:30.283,blofin,A/USDT:USDT,0.57905,1079.0,0.57903,878.0,0.57907,354.0,0.57911,332.0
1753600171286,07:09:31.286,blofin,A/USDT:USDT,0.57908,128.0,0.57905,953.0,0.5791,356.0,0.57913,3258.0
1753600172632,07:09:32.632,blofin,A/USDT:USDT,0.57905,1081.0,0.57903,878.0,0.57909,214.0,0.5791,3.0
1753600173680,07:09:33.680,blofin,A/USDT:USDT,0.57905,1079.0,0.57903,878.0,0.57907,5.0,0.5791,202.0
1753600174791,07:09:34.791,blofin,A/USDT:USDT,0.57905,1078.0,0.57903,878.0,0.57907,5.0,0.5791,202.0
1753600175791,07:09:35.791,blofin,A/USDT:USDT,0.57908,87.0,0.57907,5.0,0.5791,205.0,0.57913,2377.0
1753600177011,07:09:37.011,blofin,A/USDT:USDT,0.57907,92.0,0.57905,948.0,0.5791,299.0,0.57912,807.0
1753600177794,07:09:37.794,blofin,A/USDT:USDT,0.57908,157.0,0.57906,163.0,0.5791,3.0,0.57911,510.0
1753600179103,07:09:39.103,blofin,A/USDT:USDT,0.57902,103.0,0.579,389.0,0.57908,353.0,0.5791,3.0
1753600180297,07:09:40.297,blofin,A/USDT:USDT,0.57901,89.0,0.579,1666.0,0.57905,139.0,0.57907,2154.0
1753600181301,07:09:41.301,blofin,A/USDT:USDT,0.57941,28.0,0.57935,593.0,0.57942,96.0,0.57943,68.0
1753600182299,07:09:42.299,blofin,A/USDT:USDT,0.57941,92.0,0.57937,150.0,0.57942,96.0,0.57943,13810.0
1753600183301,07:09:43.301,blofin,A/USDT:USDT,0.57941,91.0,0.57938,143.0,0.57943,13990.0,0.57945,640.0
1753600184563,07:09:44.563,blofin,A/USDT:USDT,0.57958,249.0,0.57953,523.0,0.5796,13988.0,0.57961,111.0
1753600185306,07:09:45.306,blofin,A/USDT:USDT,0.57958,130.0,0.57956,611.0,0.5796,5.0,0.57961,215.0
1753600186307,07:09:46.307,blofin,A/USDT:USDT,0.57958,128.0,0.57956,345.0,0.5796,294.0,0.57961,872.0
1753600187309,07:09:47.309,blofin,A/USDT:USDT,0.57958,95.0,0.57954,189.0,0.5796,513.0,0.57961,111.0
1753600188310,07:09:48.310,blofin,A/USDT:USDT,0.57958,237.0,0.57954,57.0,0.5796,294.0,0.57961,111.0
1753600189313,07:09:49.313,blofin,A/USDT:USDT,0.57958,235.0,0.57956,656.0,0.5796,294.0,0.57961,314.0
1753600190315,07:09:50.315,blofin,A/USDT:USDT,0.57958,199.0,0.57955,455.0,0.5796,573.0,0.57961,111.0
1753600191316,07:09:51.316,blofin,A/USDT:USDT,0.57958,198.0,0.57953,189.0,0.5796,573.0,0.57961,111.0
1753600193319,07:09:53.319,blofin,A/USDT:USDT,0.57963,87.0,0.57961,558.0,0.57966,19.0,0.57967,36.0
1753600194322,07:09:54.322,blofin,A/USDT:USDT,0.57963,87.0,0.57959,4.0,0.57965,23.0,0.57967,36.0
1753600195322,07:09:55.322,blofin,A/USDT:USDT,0.57961,524.0,0.5796,201.0,0.57963,154.0,0.57964,904.0
1753600196324,07:09:56.324,blofin,A/USDT:USDT,0.57961,2.0,0.57959,87.0,0.57963,318.0,0.57966,236.0
1753600197325,07:09:57.325,blofin,A/USDT:USDT,0.57959,529.0,0.57955,251.0,0.57962,140.0,0.57965,380.0
1753600197826,07:09:57.826,blofin,A/USDT:USDT,0.57959,529.0,0.57957,11.0,0.57962,3.0,0.57963,201.0
1753600199177,07:09:59.177,blofin,A/USDT:USDT,0.5796,524.0,0.57959,5.0,0.57963,142.0,0.57964,90.0
1753600200246,07:10:00.246,blofin,A/USDT:USDT,0.57961,524.0,0.57959,5.0,0.57963,175.0,0.57966,67.0
1753600201831,07:10:01.831,blofin,A/USDT:USDT,0.5796,272.0,0.57956,988.0,0.57962,3938.0,0.57965,143.0
1753600202833,07:10:02.833,blofin,A/USDT:USDT,0.5796,441.0,0.57956,124.0,0.57962,4019.0,0.57966,188.0
1753600203834,07:10:03.834,blofin,A/USDT:USDT,0.5796,441.0,0.57956,606.0,0.57962,4021.0,0.57965,859.0
1753600204836,07:10:04.836,blofin,A/USDT:USDT,0.5796,766.0,0.57955,45.0,0.57962,4019.0,0.57967,29.0
1753600205839,07:10:05.839,blofin,A/USDT:USDT,0.5796,552.0,0.57957,311.0,0.57962,4017.0,0.57964,58.0
1753600206840,07:10:06.840,blofin,A/USDT:USDT,0.5796,573.0,0.57956,727.0,0.57962,4017.0,0.57966,137.0
1753600207840,07:10:07.840,blofin,A/USDT:USDT,0.5796,629.0,0.57957,522.0,0.57962,4028.0,0.57964,73.0
1753600208842,07:10:08.842,blofin,A/USDT:USDT,0.5796,682.0,0.57956,576.0,0.57962,4028.0,0.57965,266.0
1753600209851,07:10:09.851,blofin,A/USDT:USDT,0.5796,678.0,0.57954,587.0,0.57962,4031.0,0.57967,35.0
1753600210846,07:10:10.846,blofin,A/USDT:USDT,0.5796,625.0,0.57955,31.0,0.57962,4124.0,0.57966,261.0
1753600211847,07:10:11.847,blofin,A/USDT:USDT,0.5796,626.0,0.57954,380.0,0.57962,4124.0,0.57967,324.0
1753600212848,07:10:12.848,blofin,A/USDT:USDT,0.5796,633.0,0.57958,309.0,0.57962,5.0,0.57963,4119.0
1753600213849,07:10:13.849,blofin,A/USDT:USDT,0.57952,74.0,0.57951,85.0,0.57959,62.0,0.57962,5.0
1753600214849,07:10:14.849,blofin,A/USDT:USDT,0.57952,74.0,0.57951,84.0,0.57956,230.0,0.57959,2797.0
1753600216350,07:10:16.350,blofin,A/USDT:USDT,0.57954,30.0,0.57952,74.0,0.57956,230.0,0.57959,710.0
1753600217352,07:10:17.352,blofin,A/USDT:USDT,0.57954,88.0,0.57952,74.0,0.57956,232.0,0.57959,1663.0
1753600218354,07:10:18.354,blofin,A/USDT:USDT,0.57954,88.0,0.57952,74.0,0.57956,232.0,0.57958,1062.0
1753600219378,07:10:19.378,blofin,A/USDT:USDT,0.57954,209.0,0.57952,74.0,0.57956,244.0,0.57959,196.0
1753600220356,07:10:20.356,blofin,A/USDT:USDT,0.57954,388.0,0.57952,710.0,0.57956,246.0,0.57958,883.0
1753600221357,07:10:21.357,blofin,A/USDT:USDT,0.57954,122.0,0.57952,74.0,0.57956,242.0,0.5796,88.0
1753600221860,07:10:21.860,blofin,A/USDT:USDT,0.57954,122.0,0.57952,74.0,0.57956,252.0,0.5796,1213.0
1753600222861,07:10:22.861,blofin,A/USDT:USDT,0.57954,337.0,0.57952,74.0,0.57956,258.0,0.5796,2178.0
1753600223866,07:10:23.866,blofin,A/USDT:USDT,0.57954,124.0,0.57952,74.0,0.57956,261.0,0.57959,2321.0
1753600224864,07:10:24.864,blofin,A/USDT:USDT,0.57954,124.0,0.57952,855.0,0.57957,262.0,0.57961,75.0
1753600226142,07:10:26.142,blofin,A/USDT:USDT,0.57954,3.0,0.57952,74.0,0.57956,257.0,0.57957,3.0
1753600226871,07:10:26.871,blofin,A/USDT:USDT,0.57952,74.0,0.57951,30.0,0.57956,257.0,0.57957,3.0
1753600227870,07:10:27.870,blofin,A/USDT:USDT,0.57952,74.0,0.57951,30.0,0.57955,202.0,0.5796,1066.0
1753600228872,07:10:28.872,blofin,A/USDT:USDT,0.57952,74.0,0.57951,30.0,0.57954,154.0,0.57957,570.0
1753600230871,07:10:30.871,blofin,A/USDT:USDT,0.5796,2.0,0.57959,130.0,0.57962,34.0,0.57967,1927.0
1753600231876,07:10:31.876,blofin,A/USDT:USDT,0.57952,74.0,0.57951,53.0,0.57961,780.0,0.57962,16.0
1753600232876,07:10:32.876,blofin,A/USDT:USDT,0.57952,74.0,0.57951,54.0,0.57961,783.0,0.57962,3.0
1753600233878,07:10:33.878,blofin,A/USDT:USDT,0.57952,74.0,0.57951,54.0,0.57961,782.0,0.57962,3.0
1753600234878,07:10:34.878,blofin,A/USDT:USDT,0.57952,74.0,0.57951,54.0,0.57961,782.0,0.57962,3.0
1753600235878,07:10:35.878,blofin,A/USDT:USDT,0.57952,74.0,0.57951,54.0,0.57961,783.0,0.57962,3632.0
1753600236883,07:10:36.883,blofin,A/USDT:USDT,0.57952,74.0,0.57951,30.0,0.57955,65.0,0.57959,968.0
1753600237880,07:10:37.880,blofin,A/USDT:USDT,0.57952,74.0,0.57951,30.0,0.57955,4.0,0.57956,139.0
1753600238882,07:10:38.882,blofin,A/USDT:USDT,0.57949,204.0,0.57948,59.0,0.57951,81.0,0.57954,433.0
1753600239883,07:10:39.883,blofin,A/USDT:USDT,0.57949,205.0,0.57948,59.0,0.57951,139.0,0.57952,5.0
1753600241010,07:10:41.010,blofin,A/USDT:USDT,0.57949,419.0,0.57948,1254.0,0.57952,5.0,0.57953,139.0
1753600241884,07:10:41.884,blofin,A/USDT:USDT,0.57951,87.0,0.57949,86.0,0.57953,80.0,0.57957,1798.0
1753600243154,07:10:43.154,blofin,A/USDT:USDT,0.57951,5.0,0.5795,119.0,0.57953,80.0,0.57958,1180.0
1753600245391,07:10:45.391,blofin,A/USDT:USDT,0.57949,124.0,0.57944,273.0,0.57951,3803.0,0.57953,3.0
1753600246443,07:10:46.443,blofin,A/USDT:USDT,0.58029,44.0,0.58026,962.0,0.58046,262.0,0.58048,1632.0
1753600247397,07:10:47.397,blofin,A/USDT:USDT,0.58019,9.0,0.58013,108.0,0.58021,266.0,0.58026,611.0
1753600248399,07:10:48.399,blofin,A/USDT:USDT,0.58019,12.0,0.58015,137.0,0.58021,327.0,0.58024,267.0
1753600249400,07:10:49.400,blofin,A/USDT:USDT,0.58019,12.0,0.58013,14.0,0.58021,329.0,0.58026,573.0
1753600250742,07:10:50.742,blofin,A/USDT:USDT,0.58019,12.0,0.58013,275.0,0.58021,68.0,0.58026,813.0
1753600251741,07:10:51.741,blofin,A/USDT:USDT,0.58019,132.0,0.58013,228.0,0.58025,143.0,0.58029,15.0
1753600252743,07:10:52.743,blofin,A/USDT:USDT,0.58156,191.0,0.58152,656.0,0.58158,285.0,0.58161,933.0
1753600253743,07:10:53.743,blofin,A/USDT:USDT,0.58156,144.0,0.58154,777.0,0.58158,2.0,0.58159,172.0
1753600254408,07:10:54.408,blofin,A/USDT:USDT,0.58156,144.0,0.58154,777.0,0.58159,177.0,0.58164,483.0
1753600255411,07:10:55.411,blofin,A/USDT:USDT,0.58149,169.0,0.58146,35.0,0.58158,11714.0,0.58159,5.0
1753600256412,07:10:56.412,blofin,A/USDT:USDT,0.5815,164.0,0.58149,5.0,0.58158,11714.0,0.58159,2.0
1753600257414,07:10:57.414,blofin,A/USDT:USDT,0.58156,87.0,0.58154,91.0,0.58158,12400.0,0.58159,120.0
1753600258415,07:10:58.415,blofin,A/USDT:USDT,0.58156,143.0,0.58152,620.0,0.58158,12404.0,0.58161,374.0
1753600259621,07:10:59.621,blofin,A/USDT:USDT,0.58224,87.0,0.58219,393.0,0.58225,84.0,0.58226,170.0
1753600260661,07:11:00.661,blofin,A/USDT:USDT,0.58214,2.0,0.58205,87.0,0.58223,638.0,0.58226,1305.0
1753600261419,07:11:01.419,blofin,A/USDT:USDT,0.58211,89.0,0.58206,577.0,0.58213,214.0,0.58217,1288.0
1753600262421,07:11:02.421,blofin,A/USDT:USDT,0.58211,91.0,0.58206,324.0,0.58213,578.0,0.58217,94.0
1753600263423,07:11:03.423,blofin,A/USDT:USDT,0.58211,295.0,0.58205,356.0,0.58213,366.0,0.58218,455.0
1753600264426,07:11:04.426,blofin,A/USDT:USDT,0.58211,401.0,0.58207,187.0,0.58213,838.0,0.58216,410.0
1753600265600,07:11:05.600,blofin,A/USDT:USDT,0.58193,3.0,0.58192,20.0,0.58194,139.0,0.58198,1096.0
1753600266431,07:11:06.431,blofin,A/USDT:USDT,0.58185,10.0,0.58183,14.0,0.58188,148.0,0.58192,197.0
1753600268503,07:11:08.503,blofin,A/USDT:USDT,0.58183,263.0,0.5818,82.0,0.58186,145.0,0.58188,104.0
1753600269436,07:11:09.436,blofin,A/USDT:USDT,0.58183,265.0,0.58178,86.0,0.58186,30.0,0.5819,315.0
1753600270438,07:11:10.438,blofin,A/USDT:USDT,0.58183,265.0,0.58179,263.0,0.58186,28.0,0.58189,17.0
1753600271436,07:11:11.436,blofin,A/USDT:USDT,0.5815,27.0,0.58148,6.0,0.58151,143.0,0.58156,684.0
1753600272440,07:11:12.440,blofin,A/USDT:USDT,0.5815,27.0,0.58148,6.0,0.58151,4.0,0.58154,126.0
1753600272942,07:11:12.942,blofin,A/USDT:USDT,0.5815,160.0,0.58145,334.0,0.58154,151.0,0.58158,78.0
1753600273943,07:11:13.943,blofin,A/USDT:USDT,0.5815,201.0,0.58147,541.0,0.58154,148.0,0.58157,514.0
1753600274943,07:11:14.943,blofin,A/USDT:USDT,0.5815,201.0,0.58147,38.0,0.58154,148.0,0.58156,28.0
1753600276188,07:11:16.188,blofin,A/USDT:USDT,0.58151,470.0,0.5815,6.0,0.58154,148.0,0.58157,675.0
1753600277448,07:11:17.448,blofin,A/USDT:USDT,0.58152,90.0,0.5815,538.0,0.58154,2.0,0.58155,147.0
1753600278414,07:11:18.414,blofin,A/USDT:USDT,0.5815,4.0,0.58145,260.0,0.58154,141.0,0.58155,4.0
1753600279760,07:11:19.760,blofin,A/USDT:USDT,0.58151,18.0,0.5815,4.0,0.58154,210.0,0.58155,380.0
1753600280810,07:11:20.810,blofin,A/USDT:USDT,0.58151,125.0,0.5815,4.0,0.58154,221.0,0.58158,829.0
1753600282759,07:11:22.759,blofin,A/USDT:USDT,0.5812,19.0,0.58118,163.0,0.58121,278.0,0.58126,68.0
1753600283959,07:11:23.959,blofin,A/USDT:USDT,0.58102,116.0,0.581,180.0,0.58105,336.0,0.58108,1278.0
1753600284993,07:11:24.993,blofin,A/USDT:USDT,0.58085,57.0,0.58082,58.0,0.58086,336.0,0.58088,1562.0
1753600285767,07:11:25.767,blofin,A/USDT:USDT,0.58058,48.0,0.58056,108.0,0.58059,23.0,0.58062,302.0
1753600286963,07:11:26.963,blofin,A/USDT:USDT,0.58058,48.0,0.58056,108.0,0.58066,31.0,0.5807,756.0
1753600287964,07:11:27.964,blofin,A/USDT:USDT,0.58061,51.0,0.58057,171.0,0.58066,338.0,0.58069,1192.0
1753600288966,07:11:28.966,blofin,A/USDT:USDT,0.58062,87.0,0.58061,3.0,0.58065,142.0,0.5807,517.0
1753600289967,07:11:29.967,blofin,A/USDT:USDT,0.58061,152.0,0.58058,204.0,0.58064,170.0,0.58066,360.0
1753600290968,07:11:30.968,blofin,A/USDT:USDT,0.58061,154.0,0.58059,40.0,0.58063,156.0,0.58065,713.0
1753600291969,07:11:31.969,blofin,A/USDT:USDT,0.58061,161.0,0.5806,172.0,0.58063,154.0,0.58065,670.0
1753600292970,07:11:32.970,blofin,A/USDT:USDT,0.58061,493.0,0.58058,76.0,0.58063,157.0,0.58065,544.0
1753600294091,07:11:34.091,blofin,A/USDT:USDT,0.58051,189.0,0.5805,146.0,0.58053,139.0,0.58055,182.0
1753600294973,07:11:34.973,blofin,A/USDT:USDT,0.58051,316.0,0.5805,146.0,0.58053,307.0,0.58058,787.0
1753600296196,07:11:36.196,blofin,A/USDT:USDT,0.58051,2.0,0.5805,511.0,0.58053,1043.0,0.58057,798.0
1753600297365,07:11:37.365,blofin,A/USDT:USDT,0.5804,48.0,0.58039,53.0,0.58042,214.0,0.58045,58.0
1753600297979,07:11:37.979,blofin,A/USDT:USDT,0.5804,44.0,0.58037,196.0,0.58042,219.0,0.58045,766.0
1753600298980,07:11:38.980,blofin,A/USDT:USDT,0.58036,86.0,0.58032,31.0,0.58037,214.0,0.5804,1605.0
1753600299982,07:11:39.982,blofin,A/USDT:USDT,0.58036,86.0,0.58032,88.0,0.58037,143.0,0.58038,17.0
1753600300983,07:11:40.983,blofin,A/USDT:USDT,0.58032,88.0,0.58031,999.0,0.58037,140.0,0.58039,1237.0
1753600301982,07:11:41.982,blofin,A/USDT:USDT,0.58032,59.0,0.58031,2064.0,0.58037,140.0,0.58039,229.0
1753600303273,07:11:43.273,blofin,A/USDT:USDT,0.58032,147.0,0.58027,1182.0,0.58035,139.0,0.58037,6.0
1753600304385,07:11:44.385,blofin,A/USDT:USDT,0.58007,478.0,0.58006,549.0,0.58012,214.0,0.58016,890.0
1753600305488,07:11:45.488,blofin,A/USDT:USDT,0.58007,522.0,0.58006,549.0,0.58011,143.0,0.58013,323.0
1753600307490,07:11:47.490,blofin,A/USDT:USDT,0.58007,439.0,0.58006,549.0,0.58008,140.0,0.58011,881.0
1753600307991,07:11:47.991,blofin,A/USDT:USDT,0.58007,313.0,0.58006,549.0,0.58008,144.0,0.5801,830.0
1753600308992,07:11:48.992,blofin,A/USDT:USDT,0.57988,568.0,0.57987,131.0,0.5799,98.0,0.57991,781.0
1753600310988,07:11:50.988,blofin,A/USDT:USDT,0.57988,568.0,0.57987,367.0,0.57989,3.0,0.57993,139.0
1753600311994,07:11:51.994,blofin,A/USDT:USDT,0.57991,418.0,0.57988,1253.0,0.57993,146.0,0.57995,437.0
1753600312996,07:11:52.996,blofin,A/USDT:USDT,0.57991,497.0,0.57989,90.0,0.57994,149.0,0.57995,321.0
1753600314085,07:11:54.085,blofin,A/USDT:USDT,0.57991,2.0,0.57988,568.0,0.57993,148.0,0.57996,390.0
1753600314999,07:11:54.999,blofin,A/USDT:USDT,0.57991,87.0,0.57987,51.0,0.57993,672.0,0.57996,23.0
1753600316001,07:11:56.001,blofin,A/USDT:USDT,0.57991,240.0,0.57987,389.0,0.57993,668.0,0.57996,41.0
1753600317003,07:11:57.003,blofin,A/USDT:USDT,0.57991,3.0,0.57984,3.0,0.57992,2466.0,0.57995,212.0
1753600318071,07:11:58.071,blofin,A/USDT:USDT,0.57985,88.0,0.57983,3.0,0.57988,45.0,0.57992,1903.0
1753600319005,07:11:59.005,blofin,A/USDT:USDT,0.57985,32.0,0.57981,615.0,0.57988,13574.0,0.57991,266.0
1753600320005,07:12:00.005,blofin,A/USDT:USDT,0.57985,30.0,0.57979,92.0,0.57988,13575.0,0.57993,1201.0
1753600322009,07:12:02.009,blofin,A/USDT:USDT,0.57986,521.0,0.57985,3.0,0.57988,10519.0,0.57991,906.0
1753600323009,07:12:03.009,blofin,A/USDT:USDT,0.57995,11.0,0.57993,2874.0,0.58005,141.0,0.58008,408.0
1753600325011,07:12:05.011,blofin,A/USDT:USDT,0.57991,2.0,0.57989,10.0,0.57998,139.0,0.58,1006.0
1753600326295,07:12:06.295,blofin,A/USDT:USDT,0.57992,4.0,0.57991,2.0,0.57998,144.0,0.58002,72.0
1753600327017,07:12:07.017,blofin,A/USDT:USDT,0.57991,193.0,0.57987,1084.0,0.57998,5.0,0.58,139.0
1753600328018,07:12:08.018,blofin,A/USDT:USDT,0.57991,92.0,0.57988,72.0,0.58,128.0,0.58002,884.0
1753600329018,07:12:09.018,blofin,A/USDT:USDT,0.57991,123.0,0.57988,37.0,0.57999,139.0,0.58,4.0
1753600330294,07:12:10.294,blofin,A/USDT:USDT,0.57991,184.0,0.57988,341.0,0.57994,40.0,0.57996,316.0
1753600331022,07:12:11.022,blofin,A/USDT:USDT,0.57991,185.0,0.57989,340.0,0.57994,166.0,0.57995,743.0
1753600332025,07:12:12.025,blofin,A/USDT:USDT,0.57991,204.0,0.57986,508.0,0.57994,166.0,0.57998,376.0
1753600333024,07:12:13.024,blofin,A/USDT:USDT,0.57991,206.0,0.5799,144.0,0.57994,7.0,0.57995,166.0
1753600334026,07:12:14.026,blofin,A/USDT:USDT,0.57991,370.0,0.57988,435.0,0.57994,171.0,0.57995,1.0
1753600335200,07:12:15.200,blofin,A/USDT:USDT,0.57962,87.0,0.57961,257.0,0.57969,168.0,0.57972,622.0
1753600336031,07:12:16.031,blofin,A/USDT:USDT,0.57961,257.0,0.57959,249.0,0.57969,378.0,0.5797,5.0
1753600336984,07:12:16.984,blofin,A/USDT:USDT,0.57965,87.0,0.57961,374.0,0.57967,214.0,0.5797,5.0
1753600338034,07:12:18.034,blofin,A/USDT:USDT,0.57966,220.0,0.57965,50.0,0.57968,354.0,0.5797,480.0
1753600339036,07:12:19.036,blofin,A/USDT:USDT,0.5796,108.0,0.57959,227.0,0.57965,214.0,0.57967,917.0
1753600339990,07:12:19.990,blofin,A/USDT:USDT,0.5796,197.0,0.57959,227.0,0.57964,188.0,0.57968,1510.0
1753600341004,07:12:21.004,blofin,A/USDT:USDT,0.5796,251.0,0.57959,227.0,0.57965,214.0,0.57968,1.0
1753600341805,07:12:21.805,blofin,A/USDT:USDT,0.5796,310.0,0.57959,227.0,0.57962,214.0,0.57967,761.0
1753600342804,07:12:22.804,blofin,A/USDT:USDT,0.57956,164.0,0.57954,168.0,0.57958,219.0,0.57962,423.0
1753600343805,07:12:23.805,blofin,A/USDT:USDT,0.57956,164.0,0.57954,168.0,0.57958,217.0,0.57961,520.0
1753600344806,07:12:24.806,blofin,A/USDT:USDT,0.57956,164.0,0.57955,87.0,0.57958,3.0,0.5796,13.0
1753600345808,07:12:25.808,blofin,A/USDT:USDT,0.57956,164.0,0.57955,182.0,0.57961,15.0,0.57963,354.0
1753600346808,07:12:26.808,blofin,A/USDT:USDT,0.57956,164.0,0.57955,62.0,0.57959,32.0,0.5796,724.0
1753600347811,07:12:27.811,blofin,A/USDT:USDT,0.57956,164.0,0.57955,870.0,0.57957,748.0,0.57959,2479.0
1753600348809,07:12:28.809,blofin,A/USDT:USDT,0.57956,164.0,0.57955,938.0,0.57957,183.0,0.57959,1647.0
1753600349810,07:12:29.810,blofin,A/USDT:USDT,0.57956,164.0,0.57955,938.0,0.57957,1.0,0.57958,182.0
1753600350810,07:12:30.810,blofin,A/USDT:USDT,0.57956,164.0,0.57955,1009.0,0.57957,218.0,0.57961,1009.0
1753600352055,07:12:32.055,blofin,A/USDT:USDT,0.57956,164.0,0.57955,1118.0,0.57957,264.0,0.57961,45.0
1753600353059,07:12:33.059,blofin,A/USDT:USDT,0.57968,131.0,0.57963,1652.0,0.5797,13.0,0.57973,84.0
1753600354109,07:12:34.109,blofin,A/USDT:USDT,0.57956,164.0,0.57955,307.0,0.57966,139.0,0.57968,727.0
1753600356060,07:12:36.060,blofin,A/USDT:USDT,0.57956,164.0,0.57955,1269.0,0.57961,139.0,0.57965,1082.0
1753600357062,07:12:37.062,blofin,A/USDT:USDT,0.57956,164.0,0.57955,1303.0,0.57959,139.0,0.57961,4.0
1753600358116,07:12:38.116,blofin,A/USDT:USDT,0.57956,1565.0,0.57955,691.0,0.57958,377.0,0.57959,3.0
1753600359064,07:12:39.064,blofin,A/USDT:USDT,0.57956,251.0,0.57955,305.0,0.57958,4.0,0.57959,239.0
1753600360065,07:12:40.065,blofin,A/USDT:USDT,0.57956,278.0,0.57955,161.0,0.57959,240.0,0.5796,19.0
1753600361066,07:12:41.066,blofin,A/USDT:USDT,0.57956,1258.0,0.57955,1.0,0.57958,139.0,0.57962,338.0
1753600363069,07:12:43.069,blofin,A/USDT:USDT,0.57956,1348.0,0.57952,593.0,0.57958,152.0,0.57961,23.0
1753600364071,07:12:44.071,blofin,A/USDT:USDT,0.57956,1283.0,0.57951,563.0,0.57958,153.0,0.57962,163.0
1753600366074,07:12:46.074,blofin,A/USDT:USDT,0.57956,1371.0,0.57953,203.0,0.57958,571.0,0.5796,771.0
1753600367075,07:12:47.075,blofin,A/USDT:USDT,0.57956,1373.0,0.57954,553.0,0.57958,6.0,0.57959,569.0
1753600368077,07:12:48.077,blofin,A/USDT:USDT,0.57956,1371.0,0.57953,66.0,0.57958,1016.0,0.57959,1.0
1753600369082,07:12:49.082,blofin,A/USDT:USDT,0.57956,1443.0,0.5795,505.0,0.57958,1021.0,0.57963,290.0
1753600371085,07:12:51.085,blofin,A/USDT:USDT,0.57956,1443.0,0.57951,949.0,0.57958,1019.0,0.57962,86.0
1753600372086,07:12:52.086,blofin,A/USDT:USDT,0.57956,1717.0,0.5795,518.0,0.57958,1028.0,0.57963,377.0
1753600372830,07:12:52.830,blofin,A/USDT:USDT,0.57956,1719.0,0.5795,518.0,0.57958,1030.0,0.57963,377.0
1753600374088,07:12:54.088,blofin,A/USDT:USDT,0.57956,1914.0,0.57951,927.0,0.57958,1030.0,0.57962,654.0
1753600374829,07:12:54.829,blofin,A/USDT:USDT,0.57956,1914.0,0.57954,283.0,0.57958,1031.0,0.5796,385.0
1753600375831,07:12:55.831,blofin,A/USDT:USDT,0.57956,2034.0,0.57954,716.0,0.57958,1031.0,0.57959,616.0
1753600376831,07:12:56.831,blofin,A/USDT:USDT,0.57956,2068.0,0.57951,555.0,0.57958,1241.0,0.57962,426.0
1753600377833,07:12:57.833,blofin,A/USDT:USDT,0.57956,2069.0,0.57951,549.0,0.57958,1241.0,0.57962,426.0
1753600378834,07:12:58.834,blofin,A/USDT:USDT,0.57956,6472.0,0.57953,754.0,0.57958,577.0,0.5796,526.0
1753600379834,07:12:59.834,blofin,A/USDT:USDT,0.57956,6643.0,0.57954,438.0,0.57958,750.0,0.57959,77.0
1753600380836,07:13:00.836,blofin,A/USDT:USDT,0.57998,150.0,0.57993,265.0,0.58,134.0,0.58001,53.0
1753600381835,07:13:01.835,blofin,A/USDT:USDT,0.57998,1035.0,0.57996,373.0,0.58,150.0,0.58001,412.0
1753600382836,07:13:02.836,blofin,A/USDT:USDT,0.57998,1035.0,0.57996,373.0,0.58,140.0,0.58001,412.0
1753600383839,07:13:03.839,blofin,A/USDT:USDT,0.57998,1185.0,0.57995,311.0,0.58,353.0,0.58001,53.0
1753600384839,07:13:04.839,blofin,A/USDT:USDT,0.57998,1185.0,0.57992,388.0,0.58,140.0,0.58001,53.0
1753600385839,07:13:05.839,blofin,A/USDT:USDT,0.57998,1187.0,0.57995,131.0,0.58,354.0,0.58001,53.0
1753600386840,07:13:06.840,blofin,A/USDT:USDT,0.57998,1218.0,0.57996,312.0,0.58,352.0,0.58001,111.0
1753600387841,07:13:07.841,blofin,A/USDT:USDT,0.57987,30.0,0.57985,131.0,0.57996,216.0,0.58001,1365.0
1753600389841,07:13:09.841,blofin,A/USDT:USDT,0.57987,593.0,0.57983,107.0,0.57994,325.0,0.57995,3.0
1753600390842,07:13:10.842,blofin,A/USDT:USDT,0.57987,641.0,0.57982,646.0,0.57994,325.0,0.57995,3.0
1753600391843,07:13:11.843,blofin,A/USDT:USDT,0.57994,48.0,0.57992,784.0,0.57995,3.0,0.57996,223.0
1753600392859,07:13:12.859,blofin,A/USDT:USDT,0.57994,52.0,0.57992,784.0,0.57995,3.0,0.57996,226.0
1753600393845,07:13:13.845,blofin,A/USDT:USDT,0.57994,291.0,0.57992,1149.0,0.57996,6.0,0.57997,26.0
1753600394846,07:13:14.846,blofin,A/USDT:USDT,0.57994,379.0,0.57993,188.0,0.57996,39.0,0.57997,4.0
1753600395846,07:13:15.846,blofin,A/USDT:USDT,0.57994,547.0,0.57989,53.0,0.57996,39.0,0.57997,4.0
1753600396848,07:13:16.848,blofin,A/USDT:USDT,0.57994,601.0,0.57993,25.0,0.57996,42.0,0.58001,328.0
1753600397849,07:13:17.849,blofin,A/USDT:USDT,0.57994,605.0,0.57993,25.0,0.57996,41.0,0.58001,328.0
1753600398848,07:13:18.848,blofin,A/USDT:USDT,0.57994,857.0,0.57989,516.0,0.57996,210.0,0.58,351.0
1753600399848,07:13:19.848,blofin,A/USDT:USDT,0.58012,140.0,0.58011,2158.0,0.58021,202.0,0.58022,409.0
1753600400849,07:13:20.849,blofin,A/USDT:USDT,0.58012,143.0,0.58007,358.0,0.58021,202.0,0.58022,414.0
1753600401850,07:13:21.850,blofin,A/USDT:USDT,0.58012,30.0,0.58007,271.0,0.58018,408.0,0.58021,202.0
1753600402978,07:13:22.978,blofin,A/USDT:USDT,0.58013,87.0,0.5801,915.0,0.5802,12.0,0.58021,202.0
1753600404004,07:13:24.004,blofin,A/USDT:USDT,0.58015,87.0,0.58014,264.0,0.5802,5.0,0.58021,211.0
1753600404856,07:13:24.856,blofin,A/USDT:USDT,0.58017,193.0,0.58013,489.0,0.58019,13.0,0.58021,202.0
1753600405853,07:13:25.853,blofin,A/USDT:USDT,0.58017,247.0,0.58012,361.0,0.58019,13.0,0.58021,202.0
1753600406853,07:13:26.853,blofin,A/USDT:USDT,0.58008,29.0,0.58002,18.0,0.58016,334.0,0.5802,1052.0
1753600407854,07:13:27.854,blofin,A/USDT:USDT,0.58001,271.0,0.57996,883.0,0.58016,336.0,0.5802,1052.0
1753600408855,07:13:28.855,blofin,A/USDT:USDT,0.58001,443.0,0.57997,698.0,0.58016,335.0,0.58019,10000.0
1753600409855,07:13:29.855,blofin,A/USDT:USDT,0.58017,63.0,0.58013,634.0,0.58019,19816.0,0.58021,202.0
1753600410856,07:13:30.856,blofin,A/USDT:USDT,0.58017,150.0,0.58015,1349.0,0.58019,19858.0,0.5802,1016.0
1753600411856,07:13:31.856,blofin,A/USDT:USDT,0.58017,238.0,0.58011,445.0,0.58019,19858.0,0.58021,202.0
1753600412857,07:13:32.857,blofin,A/USDT:USDT,0.58017,238.0,0.58011,445.0,0.58019,19858.0,0.58021,202.0
1753600413860,07:13:33.860,blofin,A/USDT:USDT,0.58017,503.0,0.58012,895.0,0.58019,19643.0,0.58021,202.0
1753600414858,07:13:34.858,blofin,A/USDT:USDT,0.58017,503.0,0.58014,320.0,0.58019,19857.0,0.58021,4405.0
1753600416646,07:13:36.646,blofin,A/USDT:USDT,0.58017,503.0,0.58015,622.0,0.58019,19854.0,0.58021,1339.0
1753600417648,07:13:37.648,blofin,A/USDT:USDT,0.58017,676.0,0.58013,419.0,0.58019,19642.0,0.58021,202.0
1753600418649,07:13:38.649,blofin,A/USDT:USDT,0.58017,791.0,0.58011,641.0,0.58019,19641.0,0.58021,202.0
1753600419650,07:13:39.650,blofin,A/USDT:USDT,0.58017,1226.0,0.58015,736.0,0.58019,19642.0,0.58021,942.0
1753600420534,07:13:40.534,blofin,A/USDT:USDT,0.58003,145.0,0.58001,34.0,0.58005,423.0,0.58008,1357.0
1753600421151,07:13:41.151,blofin,A/USDT:USDT,0.58003,145.0,0.58001,34.0,0.58004,683.0,0.58008,69.0
1753600422328,07:13:42.328,blofin,A/USDT:USDT,0.58003,145.0,0.58001,34.0,0.58004,683.0,0.58008,947.0
1753600423154,07:13:43.154,blofin,A/USDT:USDT,0.57995,14.0,0.5799,627.0,0.58004,542.0,0.58008,2010.0
1753600424656,07:13:44.656,blofin,A/USDT:USDT,0.57995,14.0,0.57991,337.0,0.57997,191.0,0.58,1038.0
1753600425657,07:13:45.657,blofin,A/USDT:USDT,0.57995,14.0,0.57991,763.0,0.57997,4.0,0.57999,186.0
1753600426659,07:13:46.659,blofin,A/USDT:USDT,0.57995,17.0,0.57993,90.0,0.57999,187.0,0.58,330.0
1753600427661,07:13:47.661,blofin,A/USDT:USDT,0.57995,119.0,0.5799,438.0,0.57998,186.0,0.58,1.0
1753600428661,07:13:48.661,blofin,A/USDT:USDT,0.57996,175.0,0.57995,3.0,0.57998,36.0,0.58,72.0
1753600429662,07:13:49.662,blofin,A/USDT:USDT,0.57996,349.0,0.57995,3.0,0.57998,209.0,0.57999,1897.0
1753600430164,07:13:50.164,blofin,A/USDT:USDT,0.57996,451.0,0.57995,3.0,0.57998,208.0,0.58003,182.0
1753600431167,07:13:51.167,blofin,A/USDT:USDT,0.57996,478.0,0.57995,3.0,0.57998,208.0,0.58002,1430.0
1753600432165,07:13:52.165,blofin,A/USDT:USDT,0.57996,566.0,0.57995,3.0,0.57998,34.0,0.58001,1547.0
1753600434169,07:13:54.169,blofin,A/USDT:USDT,0.57996,854.0,0.57995,3.0,0.57998,35.0,0.58,1790.0
1753600435169,07:13:55.169,blofin,A/USDT:USDT,0.57996,854.0,0.57995,3.0,0.57998,208.0,0.58,1373.0
1753600436171,07:13:56.171,blofin,A/USDT:USDT,0.57996,888.0,0.57995,3.0,0.57998,237.0,0.58001,959.0
1753600436874,07:13:56.874,blofin,A/USDT:USDT,0.57996,1031.0,0.57995,3.0,0.57998,237.0,0.58001,488.0
1753600437875,07:13:57.875,blofin,A/USDT:USDT,0.57996,1030.0,0.57995,3.0,0.57998,235.0,0.58001,488.0
1753600438875,07:13:58.875,blofin,A/USDT:USDT,0.57996,1087.0,0.57995,3.0,0.57998,283.0,0.58002,343.0
1753600439874,07:13:59.874,blofin,A/USDT:USDT,0.57996,1086.0,0.57995,3.0,0.57998,2.0,0.57999,343.0
1753600440875,07:14:00.875,blofin,A/USDT:USDT,0.57996,1084.0,0.57995,3.0,0.57998,345.0,0.58002,2618.0
1753600441876,07:14:01.876,blofin,A/USDT:USDT,0.57996,1206.0,0.57995,3.0,0.57998,347.0,0.58002,84.0
1753600442877,07:14:02.877,blofin,A/USDT:USDT,0.57995,3.0,0.57989,1206.0,0.57996,385.0,0.58001,1317.0
1753600443877,07:14:03.877,blofin,A/USDT:USDT,0.57995,3.0,0.57989,72.0,0.57996,407.0,0.58,692.0
1753600445132,07:14:05.132,blofin,A/USDT:USDT,0.57892,25.0,0.57889,37.0,0.57894,192.0,0.57896,1941.0
1753600446188,07:14:06.188,blofin,A/USDT:USDT,0.57886,4342.0,0.57885,954.0,0.57887,203.0,0.57891,17824.0
1753600447189,07:14:07.189,blofin,A/USDT:USDT,0.57862,4441.0,0.57861,728.0,0.57863,331.0,0.57865,480.0
1753600448190,07:14:08.190,blofin,A/USDT:USDT,0.57861,727.0,0.57859,254.0,0.57863,335.0,0.57867,251.0
1753600448886,07:14:08.886,blofin,A/USDT:USDT,0.57861,843.0,0.57859,254.0,0.57863,355.0,0.57867,127.0
1753600449882,07:14:09.882,blofin,A/USDT:USDT,0.57861,974.0,0.57859,254.0,0.57863,355.0,0.57866,238.0
1753600450881,07:14:10.881,blofin,A/USDT:USDT,0.57851,668.0,0.5785,80.0,0.57854,351.0,0.57856,1222.0
1753600451883,07:14:11.883,blofin,A/USDT:USDT,0.57851,81.0,0.5785,80.0,0.57854,150.0,0.57858,1035.0
1753600452901,07:14:12.901,blofin,A/USDT:USDT,0.57851,244.0,0.5785,80.0,0.57854,159.0,0.57857,80.0
1753600453883,07:14:13.883,blofin,A/USDT:USDT,0.57851,293.0,0.57845,332.0,0.57854,155.0,0.57859,1312.0
1753600454884,07:14:14.884,blofin,A/USDT:USDT,0.57851,293.0,0.57845,1078.0,0.57854,156.0,0.57859,1668.0
1753600455831,07:14:15.831,blofin,A/USDT:USDT,0.57851,395.0,0.57846,1149.0,0.57854,7.0,0.57857,10.0
1753600456775,07:14:16.775,blofin,A/USDT:USDT,0.57865,87.0,0.57863,1315.0,0.57866,82.0,0.57868,117.0
1753600457704,07:14:17.704,blofin,A/USDT:USDT,0.57865,140.0,0.5786,580.0,0.57866,82.0,0.57868,117.0
1753600458707,07:14:18.707,blofin,A/USDT:USDT,0.57865,141.0,0.57864,89.0,0.57868,117.0,0.57872,388.0
1753600459709,07:14:19.709,blofin,A/USDT:USDT,0.57865,225.0,0.57863,149.0,0.57868,117.0,0.57872,384.0
1753600460694,07:14:20.694,blofin,A/USDT:USDT,0.57878,356.0,0.57877,2223.0,0.57879,518.0,0.57883,978.0
1753600461211,07:14:21.211,blofin,A/USDT:USDT,0.57898,139.0,0.57896,359.0,0.57899,380.0,0.579,39039.0
1753600462213,07:14:22.213,blofin,A/USDT:USDT,0.57898,423.0,0.57893,339.0,0.57899,380.0,0.579,34244.0
1753600463214,07:14:23.214,blofin,A/USDT:USDT,0.57898,281.0,0.57895,853.0,0.579,34240.0,0.57901,329.0
1753600464217,07:14:24.217,blofin,A/USDT:USDT,0.57898,2.0,0.57897,437.0,0.579,34243.0,0.57901,329.0
1753600465207,07:14:25.207,blofin,A/USDT:USDT,0.57946,91.0,0.57945,87.0,0.57953,216.0,0.57958,397.0
1753600466219,07:14:26.219,blofin,A/USDT:USDT,0.57938,91.0,0.57936,323.0,0.57943,139.0,0.57944,200.0
1753600467221,07:14:27.221,blofin,A/USDT:USDT,0.57942,157.0,0.57939,623.0,0.57944,139.0,0.57947,34.0
1753600468223,07:14:28.223,blofin,A/USDT:USDT,0.57938,202.0,0.57934,699.0,0.57943,140.0,0.57946,1299.0
1753600469227,07:14:29.227,blofin,A/USDT:USDT,0.57942,89.0,0.57936,31.0,0.57943,1.0,0.57944,91.0
1753600470226,07:14:30.226,blofin,A/USDT:USDT,0.57942,122.0,0.57936,721.0,0.57944,92.0,0.57949,336.0
1753600471228,07:14:31.228,blofin,A/USDT:USDT,0.57942,1.0,0.57938,293.0,0.57943,331.0,0.57947,807.0
1753600471898,07:14:31.898,blofin,A/USDT:USDT,0.57938,297.0,0.57935,345.0,0.57943,331.0,0.57945,1140.0
1753600472898,07:14:32.898,blofin,A/USDT:USDT,0.57938,295.0,0.57935,345.0,0.57943,332.0,0.57945,1140.0
1753600473899,07:14:33.899,blofin,A/USDT:USDT,0.57942,87.0,0.57939,829.0,0.57943,5.0,0.57944,91.0
1753600474904,07:14:34.904,blofin,A/USDT:USDT,0.57942,88.0,0.57937,225.0,0.57943,5.0,0.57944,93.0
1753600475900,07:14:35.900,blofin,A/USDT:USDT,0.57938,492.0,0.57933,211.0,0.57941,192.0,0.57945,1063.0
1753600476901,07:14:36.901,blofin,A/USDT:USDT,0.57938,608.0,0.57934,10.0,0.57941,233.0,0.57944,983.0
1753600477902,07:14:37.902,blofin,A/USDT:USDT,0.57938,714.0,0.57932,449.0,0.5794,237.0,0.57945,1038.0
1753600478902,07:14:38.902,blofin,A/USDT:USDT,0.57938,714.0,0.57933,36.0,0.5794,189.0,0.57941,3.0
1753600479739,07:14:39.739,blofin,A/USDT:USDT,0.57938,715.0,0.57932,328.0,0.5794,189.0,0.57941,3.0
1753600480741,07:14:40.741,blofin,A/USDT:USDT,0.57938,890.0,0.57932,529.0,0.5794,190.0,0.57945,1579.0
1753600481309,07:14:41.309,blofin,A/USDT:USDT,0.57929,885.0,0.57924,416.0,0.57938,189.0,0.5794,1.0
1753600482500,07:14:42.500,blofin,A/USDT:USDT,0.57934,87.0,0.57929,1594.0,0.5794,44.0,0.57944,2244.0
1753600483577,07:14:43.577,blofin,A/USDT:USDT,0.57927,219.0,0.57926,18.0,0.57933,182.0,0.57935,4165.0
1753600484485,07:14:44.485,blofin,A/USDT:USDT,0.57919,2.0,0.57918,163.0,0.5792,137.0,0.57924,569.0
1753600485247,07:14:45.247,blofin,A/USDT:USDT,0.57919,2.0,0.57918,163.0,0.5792,196.0,0.57922,195.0
1753600486250,07:14:46.250,blofin,A/USDT:USDT,0.57915,29.0,0.57913,131.0,0.57916,169.0,0.57918,1006.0
1753600487249,07:14:47.249,blofin,A/USDT:USDT,0.57915,29.0,0.57913,131.0,0.57916,172.0,0.57917,477.0
1753600488249,07:14:48.249,blofin,A/USDT:USDT,0.57913,131.0,0.57912,345.0,0.57916,31.0,0.57919,469.0
1753600489454,07:14:49.454,blofin,A/USDT:USDT,0.57919,4.0,0.57913,131.0,0.5792,377.0,0.57921,64.0
1753600490325,07:14:50.325,blofin,A/USDT:USDT,0.57911,616.0,0.57908,636.0,0.57919,116.0,0.57921,64.0
1753600492257,07:14:52.257,blofin,A/USDT:USDT,0.57911,692.0,0.57908,623.0,0.57919,337.0,0.57921,64.0
1753600493256,07:14:53.256,blofin,A/USDT:USDT,0.57911,693.0,0.5791,321.0,0.57919,5.0,0.5792,333.0
1753600494259,07:14:54.259,blofin,A/USDT:USDT,0.57911,729.0,0.57908,925.0,0.57918,333.0,0.5792,34.0
1753600495322,07:14:55.322,blofin,A/USDT:USDT,0.57911,542.0,0.57908,623.0,0.57912,575.0,0.57917,897.0
1753600496260,07:14:56.260,blofin,A/USDT:USDT,0.57904,400.0,0.57903,66.0,0.57908,401.0,0.57912,1825.0
1753600497262,07:14:57.262,blofin,A/USDT:USDT,0.57904,400.0,0.579,112.0,0.57908,333.0,0.5791,726.0
1753600498440,07:14:58.440,blofin,A/USDT:USDT,0.57904,410.0,0.57903,5.0,0.57908,337.0,0.57912,258.0
1753600499215,07:14:59.215,blofin,A/USDT:USDT,0.57904,607.0,0.57903,5.0,0.57911,194.0,0.57912,3.0
1753600500319,07:15:00.319,blofin,A/USDT:USDT,0.57907,129.0,0.57904,401.0,0.57911,334.0,0.57914,84.0
1753600501269,07:15:01.269,blofin,A/USDT:USDT,0.57913,895.0,0.57907,824.0,0.57915,360.0,0.57916,100.0
1753600502332,07:15:02.332,blofin,A/USDT:USDT,0.57905,934.0,0.57904,400.0,0.57913,602.0,0.57914,369.0
1753600503281,07:15:03.281,blofin,A/USDT:USDT,0.57905,74.0,0.57904,400.0,0.57911,331.0,0.57913,2219.0
1753600504623,07:15:04.623,blofin,A/USDT:USDT,0.57908,3.0,0.57906,214.0,0.57911,192.0,0.57916,781.0
1753600506927,07:15:06.927,blofin,A/USDT:USDT,0.57909,465.0,0.57904,400.0,0.57914,535.0,0.57915,4.0
1753600507927,07:15:07.927,blofin,A/USDT:USDT,0.57904,860.0,0.57901,206.0,0.57912,749.0,0.57914,1666.0
1753600508927,07:15:08.927,blofin,A/USDT:USDT,0.57904,534.0,0.57899,707.0,0.5791,329.0,0.57912,2.0
1753600510043,07:15:10.043,blofin,A/USDT:USDT,0.57899,523.0,0.57898,76.0,0.57903,539.0,0.57907,2883.0
1753600510931,07:15:10.931,blofin,A/USDT:USDT,0.57895,221.0,0.57894,40.0,0.57897,214.0,0.579,1293.0
1753600511924,07:15:11.924,blofin,A/USDT:USDT,0.57893,1.0,0.57892,236.0,0.57894,194.0,0.57899,288.0
1753600512947,07:15:12.947,blofin,A/USDT:USDT,0.57893,1.0,0.57892,15.0,0.57895,194.0,0.579,306.0
1753600513992,07:15:13.992,blofin,A/USDT:USDT,0.57894,200.0,0.57891,5.0,0.57895,5.0,0.57897,209.0
1753600514932,07:15:14.932,blofin,A/USDT:USDT,0.57898,226.0,0.57895,4.0,0.579,356.0,0.57903,287.0
1753600515935,07:15:15.935,blofin,A/USDT:USDT,0.57898,230.0,0.57896,606.0,0.579,356.0,0.57902,890.0
1753600516946,07:15:16.946,blofin,A/USDT:USDT,0.57898,143.0,0.57893,328.0,0.579,356.0,0.57904,181.0
1753600517939,07:15:17.939,blofin,A/USDT:USDT,0.57898,142.0,0.57893,328.0,0.579,354.0,0.57904,174.0
1753600518936,07:15:18.936,blofin,A/USDT:USDT,0.57898,262.0,0.57895,924.0,0.579,383.0,0.57902,343.0
1753600519936,07:15:19.936,blofin,A/USDT:USDT,0.57898,358.0,0.57894,357.0,0.579,383.0,0.57904,1279.0
1753600520938,07:15:20.938,blofin,A/USDT:USDT,0.57898,406.0,0.57896,464.0,0.579,385.0,0.57901,1746.0
1753600521941,07:15:21.941,blofin,A/USDT:USDT,0.57898,466.0,0.57895,240.0,0.579,385.0,0.57902,721.0
1753600522939,07:15:22.939,blofin,A/USDT:USDT,0.57898,467.0,0.57895,240.0,0.579,383.0,0.57902,721.0
1753600523939,07:15:23.939,blofin,A/USDT:USDT,0.57898,624.0,0.57893,88.0,0.579,383.0,0.57905,687.0
1753600524939,07:15:24.939,blofin,A/USDT:USDT,0.57898,624.0,0.57895,120.0,0.579,381.0,0.57902,1107.0
1753600525940,07:15:25.940,blofin,A/USDT:USDT,0.57898,2.0,0.57893,878.0,0.57899,380.0,0.579,3.0
1753600526941,07:15:26.941,blofin,A/USDT:USDT,0.57893,162.0,0.57891,3.0,0.57898,484.0,0.579,3.0
1753600527941,07:15:27.941,blofin,A/USDT:USDT,0.57893,72.0,0.57891,3.0,0.57898,487.0,0.57902,1368.0
1753600528899,07:15:28.899,blofin,A/USDT:USDT,0.57896,2.0,0.57895,87.0,0.57898,191.0,0.57902,1406.0
1753600529907,07:15:29.907,blofin,A/USDT:USDT,0.57896,237.0,0.57894,55.0,0.57898,5.0,0.57899,188.0
1753600530942,07:15:30.942,blofin,A/USDT:USDT,0.57898,155.0,0.57896,2.0,0.579,428.0,0.57903,1480.0
1753600531944,07:15:31.944,blofin,A/USDT:USDT,0.57898,282.0,0.57896,2.0,0.579,430.0,0.57903,656.0
1753600532945,07:15:32.945,blofin,A/USDT:USDT,0.57898,286.0,0.57894,184.0,0.579,429.0,0.57903,656.0
1753600533945,07:15:33.945,blofin,A/USDT:USDT,0.57898,154.0,0.57895,615.0,0.579,441.0,0.57902,284.0
1753600534945,07:15:34.945,blofin,A/USDT:USDT,0.57893,308.0,0.57891,3.0,0.57896,332.0,0.579,2048.0
1753600535946,07:15:35.946,blofin,A/USDT:USDT,0.57893,370.0,0.57891,375.0,0.57897,193.0,0.57898,1591.0
1753600536948,07:15:36.948,blofin,A/USDT:USDT,0.57893,625.0,0.57891,3.0,0.57896,204.0,0.57897,4.0
1753600538319,07:15:38.319,blofin,A/USDT:USDT,0.57893,692.0,0.57891,3.0,0.57896,220.0,0.57901,287.0
1753600539320,07:15:39.320,blofin,A/USDT:USDT,0.57893,794.0,0.57891,3.0,0.57896,210.0,0.57901,1231.0
1753600540339,07:15:40.339,blofin,A/USDT:USDT,0.57893,848.0,0.57891,3.0,0.57896,211.0,0.579,655.0
1753600541324,07:15:41.324,blofin,A/USDT:USDT,0.57882,45.0,0.57881,36.0,0.57883,328.0,0.57887,2784.0
1753600542328,07:15:42.328,blofin,A/USDT:USDT,0.57882,45.0,0.57881,36.0,0.57883,328.0,0.57888,1159.0
1753600543328,07:15:43.328,blofin,A/USDT:USDT,0.57875,182.0,0.5787,333.0,0.57883,333.0,0.57887,496.0
1753600544433,07:15:44.433,blofin,A/USDT:USDT,0.57886,148.0,0.57883,567.0,0.57889,215.0,0.57891,1338.0
1753600545442,07:15:45.442,blofin,A/USDT:USDT,0.57881,87.0,0.57876,50.0,0.57885,29.0,0.57889,1070.0
1753600546334,07:15:46.334,blofin,A/USDT:USDT,0.57881,180.0,0.57878,303.0,0.57884,29.0,0.57885,5.0
1753600547335,07:15:47.335,blofin,A/USDT:USDT,0.57881,282.0,0.57876,410.0,0.57883,62.0,0.57887,713.0
1753600548336,07:15:48.336,blofin,A/USDT:USDT,0.57881,283.0,0.5788,239.0,0.57883,64.0,0.57884,659.0
1753600549338,07:15:49.338,blofin,A/USDT:USDT,0.57881,545.0,0.57879,445.0,0.57884,125.0,0.57889,19.0
1753600550340,07:15:50.340,blofin,A/USDT:USDT,0.57881,419.0,0.57875,804.0,0.57883,122.0,0.57884,3.0
1753600551341,07:15:51.341,blofin,A/USDT:USDT,0.57881,745.0,0.5788,274.0,0.57883,126.0,0.57885,533.0
1753600552342,07:15:52.342,blofin,A/USDT:USDT,0.57881,588.0,0.57875,204.0,0.57883,126.0,0.57888,324.0
1753600553344,07:15:53.344,blofin,A/USDT:USDT,0.57882,584.0,0.57881,4.0,0.57883,5.0,0.57885,122.0
1753600554565,07:15:54.565,blofin,A/USDT:USDT,0.57881,185.0,0.57876,593.0,0.57883,5.0,0.57884,29.0
1753600555324,07:15:55.324,blofin,A/USDT:USDT,0.57881,5.0,0.57875,65.0,0.57883,144.0,0.57888,581.0
1753600556350,07:15:56.350,blofin,A/USDT:USDT,0.57875,65.0,0.57869,200.0,0.57876,139.0,0.57877,3.0
1753600557349,07:15:57.349,blofin,A/USDT:USDT,0.57875,65.0,0.57869,256.0,0.57877,350.0,0.5788,5440.0
1753600558350,07:15:58.350,blofin,A/USDT:USDT,0.57875,5.0,0.57869,363.0,0.57876,348.0,0.57881,6252.0
1753600559354,07:15:59.354,blofin,A/USDT:USDT,0.57875,5.0,0.57869,363.0,0.57876,349.0,0.57877,5514.0
1753600560853,07:16:00.853,blofin,A/USDT:USDT,0.57875,5.0,0.57869,597.0,0.57877,349.0,0.5788,6361.0
1753600561965,07:16:01.965,blofin,A/USDT:USDT,0.57869,757.0,0.57867,236.0,0.57873,426.0,0.57877,4076.0
1753600562969,07:16:02.969,blofin,A/USDT:USDT,0.57869,758.0,0.57867,236.0,0.57873,429.0,0.57877,4072.0
1753600563964,07:16:03.964,blofin,A/USDT:USDT,0.57869,757.0,0.57867,1244.0,0.57873,4.0,0.57874,426.0
1753600564964,07:16:04.964,blofin,A/USDT:USDT,0.57869,825.0,0.57867,236.0,0.57872,81.0,0.57875,1649.0
1753600565965,07:16:05.965,blofin,A/USDT:USDT,0.57869,961.0,0.57868,447.0,0.57872,4.0,0.57873,77.0
1753600566967,07:16:06.967,blofin,A/USDT:USDT,0.57869,971.0,0.57867,236.0,0.57872,81.0,0.57875,3911.0
1753600567863,07:16:07.863,blofin,A/USDT:USDT,0.57869,1005.0,0.57867,660.0,0.57872,80.0,0.57873,3094.0
1753600568864,07:16:08.864,blofin,A/USDT:USDT,0.57869,1099.0,0.57867,236.0,0.57872,79.0,0.57877,5344.0
1753600569865,07:16:09.865,blofin,A/USDT:USDT,0.57869,1154.0,0.57867,236.0,0.57872,99.0,0.57877,8309.0
1753600570368,07:16:10.368,blofin,A/USDT:USDT,0.57869,486.0,0.57867,463.0,0.57872,99.0,0.57873,5352.0
1753600571369,07:16:11.369,blofin,A/USDT:USDT,0.57869,602.0,0.57867,236.0,0.57872,101.0,0.57876,3222.0
1753600572445,07:16:12.445,blofin,A/USDT:USDT,0.57898,4.0,0.57895,214.0,0.57899,168.0,0.579,319.0
1753600573635,07:16:13.635,blofin,A/USDT:USDT,0.57896,187.0,0.57895,2.0,0.579,321.0,0.57902,1951.0
1753600574372,07:16:14.372,blofin,A/USDT:USDT,0.57895,218.0,0.57893,160.0,0.579,321.0,0.57901,1724.0
1753600575373,07:16:15.373,blofin,A/USDT:USDT,0.57895,193.0,0.57891,343.0,0.579,321.0,0.57904,1561.0
1753600576375,07:16:16.375,blofin,A/USDT:USDT,0.57895,418.0,0.57894,555.0,0.579,321.0,0.57905,1111.0
1753600577339,07:16:17.339,blofin,A/USDT:USDT,0.57895,486.0,0.5789,803.0,0.57898,319.0,0.579,6.0
1753600578378,07:16:18.378,blofin,A/USDT:USDT,0.57896,219.0,0.57895,1.0,0.57898,19.0,0.579,1.0
1753600579380,07:16:19.380,blofin,A/USDT:USDT,0.57896,201.0,0.57895,1.0,0.57898,19.0,0.579,1.0
1753600580382,07:16:20.382,blofin,A/USDT:USDT,0.57898,485.0,0.57896,437.0,0.579,1.0,0.57901,16.0
1753600581383,07:16:21.383,blofin,A/USDT:USDT,0.57898,272.0,0.57895,1.0,0.579,111.0,0.57905,317.0
1753600581991,07:16:21.991,blofin,A/USDT:USDT,0.57898,319.0,0.57895,1.0,0.579,111.0,0.57904,371.0
1753600582979,07:16:22.979,blofin,A/USDT:USDT,0.57898,320.0,0.57895,1.0,0.579,108.0,0.57904,371.0
1753600583982,07:16:23.982,blofin,A/USDT:USDT,0.57898,311.0,0.57896,222.0,0.579,3.0,0.57901,105.0
1753600584984,07:16:24.984,blofin,A/USDT:USDT,0.57898,372.0,0.57895,1.0,0.579,106.0,0.57901,5.0
1753600585981,07:16:25.981,blofin,A/USDT:USDT,0.57898,456.0,0.57895,1.0,0.579,124.0,0.57903,599.0
1753600586982,07:16:26.982,blofin,A/USDT:USDT,0.57898,522.0,0.57895,1.0,0.579,123.0,0.57903,896.0
1753600587984,07:16:27.984,blofin,A/USDT:USDT,0.57898,520.0,0.57895,1.0,0.579,122.0,0.57903,896.0
1753600588984,07:16:28.984,blofin,A/USDT:USDT,0.57898,754.0,0.57895,1.0,0.579,168.0,0.57905,356.0
1753600589987,07:16:29.987,blofin,A/USDT:USDT,0.57898,1090.0,0.57895,1.0,0.579,185.0,0.57904,642.0
1753600590985,07:16:30.985,blofin,A/USDT:USDT,0.57898,1092.0,0.57895,291.0,0.579,185.0,0.57902,334.0
1753600592896,07:16:32.896,blofin,A/USDT:USDT,0.57898,1192.0,0.57897,629.0,0.579,185.0,0.57901,733.0
1753600593900,07:16:33.900,blofin,A/USDT:USDT,0.57898,1312.0,0.57896,650.0,0.579,6.0,0.57901,183.0
1753600594991,07:16:34.991,blofin,A/USDT:USDT,0.57898,1565.0,0.57895,1.0,0.579,199.0,0.57903,746.0
1753600595989,07:16:35.989,blofin,A/USDT:USDT,0.57898,1563.0,0.57895,1.0,0.579,201.0,0.57903,2227.0
1753600596990,07:16:36.990,blofin,A/USDT:USDT,0.57888,597.0,0.57887,12.0,0.57895,428.0,0.57899,263.0
1753600598406,07:16:38.406,blofin,A/USDT:USDT,0.57888,514.0,0.57887,127.0,0.57895,308.0,0.57899,382.0
1753600599406,07:16:39.406,blofin,A/USDT:USDT,0.57888,514.0,0.57887,188.0,0.57894,308.0,0.57896,1074.0
1753600600407,07:16:40.407,blofin,A/USDT:USDT,0.57888,514.0,0.57887,187.0,0.57894,308.0,0.57899,247.0
1753600601504,07:16:41.504,blofin,A/USDT:USDT,0.57888,729.0,0.57886,6.0,0.5789,56.0,0.57894,247.0
1753600602426,07:16:42.426,blofin,A/USDT:USDT,0.57888,731.0,0.57887,672.0,0.5789,56.0,0.57893,476.0
1753600603428,07:16:43.428,blofin,A/USDT:USDT,0.57888,205.0,0.57886,205.0,0.5789,63.0,0.57891,307.0
1753600604429,07:16:44.429,blofin,A/USDT:USDT,0.57888,202.0,0.57884,64.0,0.5789,65.0,0.57893,1137.0
1753600605430,07:16:45.430,blofin,A/USDT:USDT,0.57888,348.0,0.57886,111.0,0.5789,4.0,0.57891,313.0
1753600606432,07:16:46.432,blofin,A/USDT:USDT,0.57888,345.0,0.57882,344.0,0.5789,316.0,0.57891,1.0
1753600607433,07:16:47.433,blofin,A/USDT:USDT,0.57888,729.0,0.57883,462.0,0.5789,1157.0,0.57894,304.0
1753600608934,07:16:48.934,blofin,A/USDT:USDT,0.57888,733.0,0.57883,126.0,0.5789,1159.0,0.57894,635.0
1753600609997,07:16:49.997,blofin,A/USDT:USDT,0.57888,348.0,0.57887,602.0,0.5789,1540.0,0.57891,2057.0
1753600610939,07:16:50.939,blofin,A/USDT:USDT,0.57888,348.0,0.57887,602.0,0.5789,1536.0,0.57891,2057.0
1753600612002,07:16:52.002,blofin,A/USDT:USDT,0.57888,348.0,0.57885,17.0,0.5789,1538.0,0.57892,1191.0
1753600613001,07:16:53.001,blofin,A/USDT:USDT,0.57888,349.0,0.57885,17.0,0.5789,1539.0,0.57892,1191.0
1753600614000,07:16:54.000,blofin,A/USDT:USDT,0.57881,726.0,0.57879,134.0,0.57887,1531.0,0.5789,1781.0
1753600615001,07:16:55.001,blofin,A/USDT:USDT,0.57881,294.0,0.57879,134.0,0.57885,189.0,0.57888,4030.0
1753600616002,07:16:56.002,blofin,A/USDT:USDT,0.57881,297.0,0.57879,134.0,0.57884,189.0,0.57888,2247.0
1753600617002,07:16:57.002,blofin,A/USDT:USDT,0.57881,465.0,0.57879,134.0,0.57884,255.0,0.57889,1441.0
1753600618182,07:16:58.182,blofin,A/USDT:USDT,0.57881,628.0,0.57879,134.0,0.57883,250.0,0.57884,2.0
1753600619004,07:16:59.004,blofin,A/USDT:USDT,0.57881,628.0,0.57879,556.0,0.57883,62.0,0.57884,2306.0
1753600621004,07:17:01.004,blofin,A/USDT:USDT,0.57881,791.0,0.57879,134.0,0.57883,351.0,0.57887,2706.0
1753600622452,07:17:02.452,blofin,A/USDT:USDT,0.57881,206.0,0.57879,134.0,0.57882,541.0,0.57885,1343.0
1753600623456,07:17:03.456,blofin,A/USDT:USDT,0.57874,52.0,0.57871,243.0,0.57875,139.0,0.57876,4.0
1753600624695,07:17:04.695,blofin,A/USDT:USDT,0.57871,243.0,0.57869,259.0,0.57875,193.0,0.57878,1037.0
1753600625459,07:17:05.459,blofin,A/USDT:USDT,0.57871,243.0,0.5787,353.0,0.57876,75.0,0.57877,771.0
1753600626460,07:17:06.460,blofin,A/USDT:USDT,0.57871,243.0,0.5787,371.0,0.57876,71.0,0.57879,1772.0
1753600627463,07:17:07.463,blofin,A/USDT:USDT,0.57871,243.0,0.5787,170.0,0.57876,71.0,0.57879,2577.0
1753600628965,07:17:08.965,blofin,A/USDT:USDT,0.57871,243.0,0.5787,300.0,0.57876,74.0,0.5788,3582.0
1753600629969,07:17:09.969,blofin,A/USDT:USDT,0.57871,243.0,0.5787,160.0,0.57875,161.0,0.57876,4.0
1753600631008,07:17:11.008,blofin,A/USDT:USDT,0.57919,139.0,0.57914,163.0,0.57923,210.0,0.57924,118.0
1753600631969,07:17:11.969,blofin,A/USDT:USDT,0.57929,142.0,0.57923,289.0,0.57931,4147.0,0.57932,263.0
1753600633027,07:17:13.027,blofin,A/USDT:USDT,0.57915,19.0,0.57909,150.0,0.57921,111.0,0.57926,67.0
1753600633971,07:17:13.971,blofin,A/USDT:USDT,0.57915,132.0,0.57913,304.0,0.57921,115.0,0.57922,512.0
1753600636474,07:17:16.474,blofin,A/USDT:USDT,0.57904,20.0,0.579,305.0,0.57917,139.0,0.57918,34.0
1753600637477,07:17:17.477,blofin,A/USDT:USDT,0.57904,20.0,0.579,305.0,0.57909,326.0,0.57911,351.0
1753600638480,07:17:18.480,blofin,A/USDT:USDT,0.57904,20.0,0.579,237.0,0.57909,41.0,0.57911,1024.0
1753600639480,07:17:19.480,blofin,A/USDT:USDT,0.57904,20.0,0.579,271.0,0.57909,41.0,0.57911,11.0
1753600640482,07:17:20.482,blofin,A/USDT:USDT,0.57904,20.0,0.57901,187.0,0.57909,41.0,0.57912,922.0
1753600642484,07:17:22.484,blofin,A/USDT:USDT,0.57904,20.0,0.57902,83.0,0.57909,42.0,0.57913,752.0
1753600643487,07:17:23.487,blofin,A/USDT:USDT,0.57905,404.0,0.57904,20.0,0.57909,2.0,0.57915,20.0
1753600644488,07:17:24.488,blofin,A/USDT:USDT,0.57905,195.0,0.57904,20.0,0.57915,30.0,0.57917,761.0
1753600645488,07:17:25.488,blofin,A/USDT:USDT,0.57905,291.0,0.57904,20.0,0.57915,31.0,0.57919,534.0
1753600646492,07:17:26.492,blofin,A/USDT:USDT,0.57906,143.0,0.57904,158.0,0.57915,2.0,0.57916,29.0
1753600647492,07:17:27.492,blofin,A/USDT:USDT,0.57906,140.0,0.57904,20.0,0.57915,31.0,0.57917,848.0
1753600648658,07:17:28.658,blofin,A/USDT:USDT,0.57906,214.0,0.57904,20.0,0.57914,29.0,0.57915,3.0
1753600649499,07:17:29.499,blofin,A/USDT:USDT,0.57906,76.0,0.57904,20.0,0.57911,139.0,0.57914,1.0
1753600650821,07:17:30.821,blofin,A/USDT:USDT,0.57908,180.0,0.57906,5.0,0.57911,101.0,0.57914,1.0
1753600651497,07:17:31.497,blofin,A/USDT:USDT,0.57908,55.0,0.57906,5.0,0.57911,105.0,0.57914,560.0
1753600652499,07:17:32.499,blofin,A/USDT:USDT,0.57908,170.0,0.57906,5.0,0.5791,106.0,0.57913,172.0
1753600653500,07:17:33.500,blofin,A/USDT:USDT,0.57908,173.0,0.57905,464.0,0.5791,25.0,0.57912,359.0
1753600654783,07:17:34.783,blofin,A/USDT:USDT,0.57914,403.0,0.57909,595.0,0.57918,5.0,0.57921,89.0
1753600655502,07:17:35.502,blofin,A/USDT:USDT,0.57916,214.0,0.57913,660.0,0.57918,5.0,0.57921,75.0
1753600656502,07:17:36.502,blofin,A/USDT:USDT,0.57916,127.0,0.5791,348.0,0.57918,5.0,0.57921,72.0
1753600657502,07:17:37.502,blofin,A/USDT:USDT,0.57916,179.0,0.57913,354.0,0.57918,5.0,0.57921,72.0
1753600658505,07:17:38.505,blofin,A/USDT:USDT,0.57916,251.0,0.57912,212.0,0.57921,79.0,0.57924,300.0
1753600659509,07:17:39.509,blofin,A/USDT:USDT,0.57917,69.0,0.57916,4.0,0.57919,14.0,0.57921,1.0
1753600660507,07:17:40.507,blofin,A/USDT:USDT,0.57916,4.0,0.57911,546.0,0.57917,10.0,0.57919,171.0
1753600661509,07:17:41.509,blofin,A/USDT:USDT,0.57916,4.0,0.57912,77.0,0.57917,15.0,0.57921,1.0
1753600662510,07:17:42.510,blofin,A/USDT:USDT,0.57916,4.0,0.57912,310.0,0.57917,16.0,0.57918,573.0
1753600663512,07:17:43.512,blofin,A/USDT:USDT,0.57913,310.0,0.57912,4.0,0.57915,16.0,0.57917,3.0
1753600664514,07:17:44.514,blofin,A/USDT:USDT,0.57914,2.0,0.57913,214.0,0.57916,8.0,0.57917,3.0
1753600666015,07:17:46.015,blofin,A/USDT:USDT,0.57914,267.0,0.57912,2.0,0.57916,42.0,0.57917,3.0
1753600667016,07:17:47.016,blofin,A/USDT:USDT,0.57914,369.0,0.57912,2.0,0.57916,42.0,0.57917,3.0
1753600668017,07:17:48.017,blofin,A/USDT:USDT,0.57914,426.0,0.57912,2.0,0.57916,42.0,0.57917,3.0
1753600669020,07:17:49.020,blofin,A/USDT:USDT,0.57914,541.0,0.57912,206.0,0.57916,4.0,0.57917,41.0
1753600670087,07:17:50.087,blofin,A/USDT:USDT,0.57924,190.0,0.57918,1060.0,0.57926,6.0,0.57927,79.0
1753600671021,07:17:51.021,blofin,A/USDT:USDT,0.57924,194.0,0.57918,1060.0,0.57926,6.0,0.57927,79.0
1753600672022,07:17:52.022,blofin,A/USDT:USDT,0.57924,195.0,0.57921,1895.0,0.57926,6.0,0.57927,79.0
1753600673033,07:17:53.033,blofin,A/USDT:USDT,0.57926,329.0,0.57925,2382.0,0.57927,79.0,0.57929,184.0
1753600674027,07:17:54.027,blofin,A/USDT:USDT,0.57927,102.0,0.57926,3.0,0.57929,111.0,0.57933,14.0
1753600675027,07:17:55.027,blofin,A/USDT:USDT,0.57927,140.0,0.57923,355.0,0.57929,111.0,0.57933,14.0
1753600676033,07:17:56.033,blofin,A/USDT:USDT,0.57928,187.0,0.57927,1008.0,0.57929,111.0,0.57934,77.0
1753600677031,07:17:57.031,blofin,A/USDT:USDT,0.57928,271.0,0.57927,699.0,0.57929,111.0,0.57933,10.0
1753600679033,07:17:59.033,blofin,A/USDT:USDT,0.57931,216.0,0.57928,525.0,0.57933,15.0,0.57934,63.0
1753600680239,07:18:00.239,blofin,A/USDT:USDT,0.57931,193.0,0.57928,383.0,0.57933,5.0,0.57934,63.0
1753600681037,07:18:01.037,blofin,A/USDT:USDT,0.57932,88.0,0.57931,58.0,0.57934,261.0,0.57938,297.0
1753600682037,07:18:02.037,blofin,A/USDT:USDT,0.57932,201.0,0.57927,504.0,0.57934,259.0,0.57938,546.0
1753600683210,07:18:03.210,blofin,A/USDT:USDT,0.57936,139.0,0.57934,1166.0,0.57939,102.0,0.5794,10.0
1753600684329,07:18:04.329,blofin,A/USDT:USDT,0.57937,143.0,0.57936,4.0,0.57939,111.0,0.5794,1.0
1753600685093,07:18:05.093,blofin,A/USDT:USDT,0.57937,143.0,0.57936,3.0,0.57939,111.0,0.5794,1.0
1753600686044,07:18:06.044,blofin,A/USDT:USDT,0.57937,143.0,0.57936,3.0,0.57939,116.0,0.57942,499.0
1753600687045,07:18:07.045,blofin,A/USDT:USDT,0.57937,275.0,0.57934,237.0,0.57939,113.0,0.57941,723.0
1753600688046,07:18:08.046,blofin,A/USDT:USDT,0.57937,503.0,0.57933,98.0,0.57939,113.0,0.57942,781.0
1753600689046,07:18:09.046,blofin,A/USDT:USDT,0.57937,503.0,0.57935,213.0,0.57939,101.0,0.5794,15.0
1753600690049,07:18:10.049,blofin,A/USDT:USDT,0.57937,628.0,0.57932,746.0,0.57939,114.0,0.57943,777.0
1753600691053,07:18:11.053,blofin,A/USDT:USDT,0.57937,638.0,0.57934,639.0,0.57939,112.0,0.57941,465.0
1753600692049,07:18:12.049,blofin,A/USDT:USDT,0.57937,727.0,0.57933,1192.0,0.57939,115.0,0.57942,197.0
1753600692549,07:18:12.549,blofin,A/USDT:USDT,0.57937,727.0,0.57934,607.0,0.57939,115.0,0.57941,552.0
1753600693552,07:18:13.552,blofin,A/USDT:USDT,0.57937,733.0,0.57933,950.0,0.57939,19.0,0.57943,320.0
1753600694551,07:18:14.551,blofin,A/USDT:USDT,0.57937,805.0,0.57933,832.0,0.57939,19.0,0.57942,271.0
1753600695553,07:18:15.553,blofin,A/USDT:USDT,0.57937,833.0,0.57934,1264.0,0.57939,16.0,0.57941,600.0
1753600696554,07:18:16.554,blofin,A/USDT:USDT,0.57937,1023.0,0.57933,17.0,0.57939,33.0,0.57943,973.0
1753600697556,07:18:17.556,blofin,A/USDT:USDT,0.57938,190.0,0.57937,9.0,0.57943,335.0,0.57945,361.0
1753600698557,07:18:18.557,blofin,A/USDT:USDT,0.57938,241.0,0.57937,4.0,0.57943,334.0,0.57947,621.0
1753600699558,07:18:19.558,blofin,A/USDT:USDT,0.57938,313.0,0.57937,4.0,0.57943,330.0,0.57944,5.0
1753600700559,07:18:20.559,blofin,A/USDT:USDT,0.57938,531.0,0.57937,4.0,0.57943,331.0,0.57947,191.0
1753600701526,07:18:21.526,blofin,A/USDT:USDT,0.5794,565.0,0.57938,3.0,0.57943,331.0,0.57947,244.0
1753600702563,07:18:22.563,blofin,A/USDT:USDT,0.5794,13.0,0.57937,395.0,0.57943,331.0,0.57945,571.0
1753600703687,07:18:23.687,blofin,A/USDT:USDT,0.5794,134.0,0.57938,708.0,0.57943,4.0,0.57944,330.0
1753600704569,07:18:24.569,blofin,A/USDT:USDT,0.57941,148.0,0.57939,893.0,0.57943,334.0,0.57944,312.0
1753600705568,07:18:25.568,blofin,A/USDT:USDT,0.57941,570.0,0.57938,486.0,0.57943,334.0,0.57945,1072.0
1753600706571,07:18:26.571,blofin,A/USDT:USDT,0.57941,668.0,0.57939,511.0,0.57944,335.0,0.57947,1091.0
1753600707573,07:18:27.573,blofin,A/USDT:USDT,0.57941,857.0,0.57938,1023.0,0.57943,331.0,0.57945,289.0
1753600709578,07:18:29.578,blofin,A/USDT:USDT,0.57941,901.0,0.5794,451.0,0.57943,348.0,0.57947,432.0
1753600710072,07:18:30.072,blofin,A/USDT:USDT,0.57941,901.0,0.57938,743.0,0.57943,348.0,0.57945,538.0
1753600711073,07:18:31.073,blofin,A/USDT:USDT,0.57941,962.0,0.57937,4.0,0.57943,359.0,0.57947,191.0
1753600712080,07:18:32.080,blofin,A/USDT:USDT,0.57941,1154.0,0.5794,878.0,0.57943,360.0,0.57947,382.0
1753600713075,07:18:33.075,blofin,A/USDT:USDT,0.57941,1155.0,0.5794,878.0,0.57943,362.0,0.57947,382.0
1753600714076,07:18:34.076,blofin,A/USDT:USDT,0.57941,1324.0,0.57937,4.0,0.57943,362.0,0.57947,191.0
1753600715077,07:18:35.077,blofin,A/USDT:USDT,0.57941,1322.0,0.57937,67.0,0.57943,362.0,0.57946,159.0
1753600716076,07:18:36.076,blofin,A/USDT:USDT,0.57941,1234.0,0.57939,256.0,0.57943,359.0,0.57945,143.0
1753600717078,07:18:37.078,blofin,A/USDT:USDT,0.57941,1621.0,0.57937,337.0,0.57943,356.0,0.57946,275.0
1753600718080,07:18:38.080,blofin,A/USDT:USDT,0.57941,1625.0,0.57937,337.0,0.57943,358.0,0.57946,275.0
1753600719079,07:18:39.079,blofin,A/USDT:USDT,0.57941,1726.0,0.57937,732.0,0.57943,288.0,0.57947,450.0
1753600721080,07:18:41.080,blofin,A/USDT:USDT,0.57941,1621.0,0.57938,269.0,0.57943,220.0,0.57945,445.0
1753600722084,07:18:42.084,blofin,A/USDT:USDT,0.57946,328.0,0.57942,615.0,0.57947,191.0,0.57948,32.0
1753600723203,07:18:43.203,blofin,A/USDT:USDT,0.57946,395.0,0.57945,1611.0,0.57948,7.0,0.57951,29.0
1753600724082,07:18:44.082,blofin,A/USDT:USDT,0.57964,328.0,0.57959,537.0,0.57966,13.0,0.57967,238.0
1753600725086,07:18:45.086,blofin,A/USDT:USDT,0.57964,389.0,0.57962,276.0,0.57966,183.0,0.57967,1010.0
1753600726083,07:18:46.083,blofin,A/USDT:USDT,0.57964,389.0,0.57961,503.0,0.57966,374.0,0.57967,238.0
1753600726600,07:18:46.600,blofin,A/USDT:USDT,0.57964,390.0,0.57961,503.0,0.57966,374.0,0.57967,238.0
1753600727602,07:18:47.602,blofin,A/USDT:USDT,0.57964,508.0,0.5796,785.0,0.57966,374.0,0.57967,238.0
1753600728604,07:18:48.604,blofin,A/USDT:USDT,0.57964,556.0,0.5796,237.0,0.57966,390.0,0.57967,140.0
1753600730085,07:18:50.085,blofin,A/USDT:USDT,0.57964,725.0,0.57959,1580.0,0.57966,390.0,0.57967,140.0
1753600731025,07:18:51.025,blofin,A/USDT:USDT,0.57964,5.0,0.57956,530.0,0.57966,588.0,0.57967,140.0
1753600731609,07:18:51.609,blofin,A/USDT:USDT,0.57949,568.0,0.57946,167.0,0.57951,584.0,0.57956,340.0
1753600732613,07:18:52.613,blofin,A/USDT:USDT,0.57949,92.0,0.57946,576.0,0.57951,340.0,0.57953,1200.0
1753600733612,07:18:53.612,blofin,A/USDT:USDT,0.57949,15.0,0.57946,4.0,0.57951,140.0,0.57955,837.0
1753600735090,07:18:55.090,blofin,A/USDT:USDT,0.57949,665.0,0.57946,4.0,0.57951,142.0,0.57956,259.0
1753600736092,07:18:56.092,blofin,A/USDT:USDT,0.57949,34.0,0.57946,4.0,0.57951,13.0,0.57956,514.0
1753600736614,07:18:56.614,blofin,A/USDT:USDT,0.57949,33.0,0.57946,4.0,0.57951,13.0,0.57956,514.0
1753600737624,07:18:57.624,blofin,A/USDT:USDT,0.57949,156.0,0.57946,4.0,0.57951,13.0,0.57956,133.0
1753600738619,07:18:58.619,blofin,A/USDT:USDT,0.57949,228.0,0.57946,4.0,0.57951,13.0,0.57955,531.0
1753600739620,07:18:59.620,blofin,A/USDT:USDT,0.57949,324.0,0.57946,4.0,0.57951,3.0,0.57954,10.0
1753600740621,07:19:00.621,blofin,A/USDT:USDT,0.57949,372.0,0.57946,559.0,0.57951,3.0,0.57952,17.0
1753600741623,07:19:01.623,blofin,A/USDT:USDT,0.57949,579.0,0.57948,1047.0,0.57951,3.0,0.57953,198.0
1753600742625,07:19:02.625,blofin,A/USDT:USDT,0.57949,578.0,0.57946,4.0,0.57951,1000.0,0.57955,56.0
1753600743625,07:19:03.625,blofin,A/USDT:USDT,0.57949,670.0,0.57946,582.0,0.57951,801.0,0.57953,749.0
1753600744629,07:19:04.629,blofin,A/USDT:USDT,0.57949,477.0,0.57946,4.0,0.57951,801.0,0.57956,637.0
1753600745630,07:19:05.630,blofin,A/USDT:USDT,0.57949,476.0,0.57947,820.0,0.57952,1000.0,0.57956,85.0
1753600747097,07:19:07.097,blofin,A/USDT:USDT,0.57949,633.0,0.57946,1587.0,0.57951,840.0,0.57953,524.0
1753600748098,07:19:08.098,blofin,A/USDT:USDT,0.57949,632.0,0.57946,1587.0,0.57951,840.0,0.57953,524.0
1753600749096,07:19:09.096,blofin,A/USDT:USDT,0.57949,741.0,0.57947,1141.0,0.57951,841.0,0.57952,241.0
1753600750097,07:19:10.097,blofin,A/USDT:USDT,0.57949,835.0,0.57946,4.0,0.57951,842.0,0.57956,491.0
1753600751098,07:19:11.098,blofin,A/USDT:USDT,0.57949,892.0,0.57947,708.0,0.57951,5.0,0.57952,837.0
1753600751645,07:19:11.645,blofin,A/USDT:USDT,0.57949,892.0,0.57947,708.0,0.57951,5.0,0.57952,837.0
1753600752642,07:19:12.642,blofin,A/USDT:USDT,0.57949,893.0,0.57947,16.0,0.57951,5.0,0.57952,837.0
1753600753645,07:19:13.645,blofin,A/USDT:USDT,0.57949,901.0,0.57948,1346.0,0.57952,4.0,0.57958,842.0
1753600755101,07:19:15.101,blofin,A/USDT:USDT,0.57949,947.0,0.57948,604.0,0.57952,4.0,0.57958,27.0
1753600756103,07:19:16.103,blofin,A/USDT:USDT,0.57949,950.0,0.57945,49.0,0.57952,4.0,0.57957,22.0
1753600757398,07:19:17.398,blofin,A/USDT:USDT,0.57949,1031.0,0.57947,236.0,0.57952,4.0,0.57955,22.0
1753600758102,07:19:18.102,blofin,A/USDT:USDT,0.57949,1032.0,0.57947,236.0,0.57952,4.0,0.57955,25.0
1753600759102,07:19:19.102,blofin,A/USDT:USDT,0.57949,1032.0,0.57947,8.0,0.57952,4.0,0.57954,32.0
1753600760102,07:19:20.102,blofin,A/USDT:USDT,0.57949,1028.0,0.57948,239.0,0.57952,4.0,0.57954,32.0
1753600761154,07:19:21.154,blofin,A/USDT:USDT,0.57949,1029.0,0.57945,595.0,0.57952,4.0,0.5796,13.0
1753600762163,07:19:22.163,blofin,A/USDT:USDT,0.57949,1029.0,0.57945,242.0,0.57952,4.0,0.57955,13.0
1753600763360,07:19:23.360,blofin,A/USDT:USDT,0.5795,1026.0,0.57949,566.0,0.57952,4.0,0.57955,5.0
1753600765107,07:19:25.107,blofin,A/USDT:USDT,0.57957,12.0,0.57951,187.0,0.57965,328.0,0.5797,957.0
1753600766158,07:19:26.158,blofin,A/USDT:USDT,0.57992,439.0,0.57986,854.0,0.57998,514.0,0.57999,125.0
1753600767159,07:19:27.159,blofin,A/USDT:USDT,0.58002,278.0,0.57999,1070.0,0.58004,143.0,0.58007,78.0
1753600768160,07:19:28.160,blofin,A/USDT:USDT,0.58,73.0,0.57995,587.0,0.58004,70.0,0.58006,139.0
1753600769163,07:19:29.163,blofin,A/USDT:USDT,0.58,70.0,0.57995,463.0,0.58004,70.0,0.58006,141.0
1753600770315,07:19:30.315,blofin,A/USDT:USDT,0.58002,155.0,0.58,1.0,0.58004,70.0,0.58006,141.0
1753600771151,07:19:31.151,blofin,A/USDT:USDT,0.58003,88.0,0.58002,1.0,0.58006,122.0,0.58008,1682.0
1753600772167,07:19:32.167,blofin,A/USDT:USDT,0.58003,268.0,0.58002,2.0,0.58005,121.0,0.58008,334.0
1753600773170,07:19:33.170,blofin,A/USDT:USDT,0.58003,273.0,0.57998,759.0,0.58005,125.0,0.58008,334.0
1753600774236,07:19:34.236,blofin,A/USDT:USDT,0.58012,446.0,0.58011,3.0,0.58014,46.0,0.58015,130.0
1753600775172,07:19:35.172,blofin,A/USDT:USDT,0.58014,201.0,0.58012,1393.0,0.58015,130.0,0.58016,50.0
1753600776174,07:19:36.174,blofin,A/USDT:USDT,0.58015,196.0,0.58014,304.0,0.58016,50.0,0.5802,108.0
1753600777174,07:19:37.174,blofin,A/USDT:USDT,0.58015,273.0,0.58012,236.0,0.58016,50.0,0.5802,136.0
1753600778175,07:19:38.175,blofin,A/USDT:USDT,0.58015,374.0,0.58013,1076.0,0.58016,50.0,0.5802,88.0
1753600779179,07:19:39.179,blofin,A/USDT:USDT,0.58017,40.0,0.58015,4.0,0.5802,88.0,0.58022,518.0
1753600781179,07:19:41.179,blofin,A/USDT:USDT,0.58017,171.0,0.58015,563.0,0.58019,237.0,0.5802,384.0
1753600782181,07:19:42.181,blofin,A/USDT:USDT,0.58017,308.0,0.58012,654.0,0.58019,375.0,0.5802,47.0
1753600783135,07:19:43.135,blofin,A/USDT:USDT,0.58017,311.0,0.58012,654.0,0.58019,378.0,0.58023,80.0
1753600784313,07:19:44.313,blofin,A/USDT:USDT,0.57995,143.0,0.57992,99.0,0.57997,5.0,0.57998,87.0
1753600785187,07:19:45.187,blofin,A/USDT:USDT,0.57995,202.0,0.57992,99.0,0.57997,5.0,0.57998,269.0
1753600786693,07:19:46.693,blofin,A/USDT:USDT,0.57995,202.0,0.57992,99.0,0.57997,220.0,0.58,612.0
1753600787690,07:19:47.690,blofin,A/USDT:USDT,0.58006,139.0,0.58004,265.0,0.58008,229.0,0.58009,44.0
1753600788692,07:19:48.692,blofin,A/USDT:USDT,0.58006,28.0,0.58005,387.0,0.58008,142.0,0.5801,940.0
1753600789693,07:19:49.693,blofin,A/USDT:USDT,0.58006,28.0,0.58004,410.0,0.58008,143.0,0.58009,552.0
1753600790694,07:19:50.694,blofin,A/USDT:USDT,0.58006,127.0,0.58001,32.0,0.58008,143.0,0.58013,415.0
1753600791695,07:19:51.695,blofin,A/USDT:USDT,0.58006,271.0,0.58002,394.0,0.58008,142.0,0.58011,311.0
1753600792697,07:19:52.697,blofin,A/USDT:USDT,0.58006,274.0,0.58003,479.0,0.58008,142.0,0.5801,132.0
1753600793697,07:19:53.697,blofin,A/USDT:USDT,0.58006,273.0,0.58003,137.0,0.58008,143.0,0.5801,332.0
1753600794699,07:19:54.699,blofin,A/USDT:USDT,0.58006,415.0,0.58,152.0,0.58008,143.0,0.58013,379.0
1753600795700,07:19:55.700,blofin,A/USDT:USDT,0.58006,463.0,0.58004,275.0,0.58008,145.0,0.5801,28.0
1753600796701,07:19:56.701,blofin,A/USDT:USDT,0.58006,499.0,0.58001,466.0,0.58008,142.0,0.58012,340.0
1753600797704,07:19:57.704,blofin,A/USDT:USDT,0.58006,499.0,0.58004,462.0,0.58008,143.0,0.58009,230.0
1753600798703,07:19:58.703,blofin,A/USDT:USDT,0.58006,500.0,0.58002,140.0,0.58008,143.0,0.58011,486.0
1753600799704,07:19:59.704,blofin,A/USDT:USDT,0.58006,706.0,0.58003,1004.0,0.58008,143.0,0.5801,512.0
1753600800705,07:20:00.705,blofin,A/USDT:USDT,0.58006,784.0,0.58,174.0,0.58008,153.0,0.58013,59.0
1753600801708,07:20:01.708,blofin,A/USDT:USDT,0.58006,1096.0,0.58004,902.0,0.58008,854.0,0.58009,102.0
1753600802710,07:20:02.710,blofin,A/USDT:USDT,0.58006,1337.0,0.58003,427.0,0.58008,855.0,0.5801,567.0
1753600803714,07:20:03.714,blofin,A/USDT:USDT,0.58006,1385.0,0.58002,50.0,0.58008,867.0,0.58011,108.0
1753600804716,07:20:04.716,blofin,A/USDT:USDT,0.58007,1380.0,0.58006,419.0,0.58014,941.0,0.58015,286.0
1753600806717,07:20:06.717,blofin,A/USDT:USDT,0.58007,418.0,0.58002,1141.0,0.58014,14.0,0.58016,69.0
1753600807707,07:20:07.707,blofin,A/USDT:USDT,0.58007,153.0,0.58005,517.0,0.58011,10.0,0.58012,400.0
1753600808717,07:20:08.717,blofin,A/USDT:USDT,0.58007,218.0,0.58005,186.0,0.58013,140.0,0.58014,111.0
1753600809719,07:20:09.719,blofin,A/USDT:USDT,0.58007,286.0,0.58003,1285.0,0.58013,144.0,0.58016,277.0
1753600810721,07:20:10.721,blofin,A/USDT:USDT,0.58007,329.0,0.58004,1831.0,0.5801,139.0,0.58012,458.0
1753600811726,07:20:11.726,blofin,A/USDT:USDT,0.58007,383.0,0.58001,522.0,0.5801,140.0,0.58015,403.0
1753600812726,07:20:12.726,blofin,A/USDT:USDT,0.58007,455.0,0.58004,15.0,0.5801,143.0,0.58012,340.0
1753600813727,07:20:13.727,blofin,A/USDT:USDT,0.58007,458.0,0.58002,1067.0,0.5801,143.0,0.58014,385.0
1753600814728,07:20:14.728,blofin,A/USDT:USDT,0.58007,458.0,0.58002,296.0,0.58009,141.0,0.5801,1.0
1753600815730,07:20:15.730,blofin,A/USDT:USDT,0.58007,550.0,0.58005,1165.0,0.58009,20.0,0.5801,1.0
1753600816230,07:20:16.230,blofin,A/USDT:USDT,0.58007,617.0,0.58006,491.0,0.58009,20.0,0.5801,1.0
1753600817234,07:20:17.234,blofin,A/USDT:USDT,0.58007,743.0,0.58006,547.0,0.58009,20.0,0.5801,1.0
1753600818237,07:20:18.237,blofin,A/USDT:USDT,0.58007,816.0,0.58003,846.0,0.58009,19.0,0.5801,1.0
1753600819236,07:20:19.236,blofin,A/USDT:USDT,0.58007,929.0,0.58003,813.0,0.58009,19.0,0.5801,1.0
1753600820238,07:20:20.238,blofin,A/USDT:USDT,0.58009,252.0,0.58007,2.0,0.5801,1.0,0.58017,258.0
1753600821238,07:20:21.238,blofin,A/USDT:USDT,0.58009,264.0,0.58007,2.0,0.5801,1.0,0.58017,258.0
1753600822239,07:20:22.239,blofin,A/USDT:USDT,0.58009,264.0,0.58008,223.0,0.5801,1.0,0.58017,258.0
1753600823239,07:20:23.239,blofin,A/USDT:USDT,0.58009,287.0,0.58007,2.0,0.5801,1.0,0.58017,258.0
1753600825242,07:20:25.242,blofin,A/USDT:USDT,0.58009,354.0,0.58007,1182.0,0.5801,1.0,0.58017,258.0
1753600826245,07:20:26.245,blofin,A/USDT:USDT,0.58009,219.0,0.58007,830.0,0.5801,1.0,0.58017,258.0
1753600827395,07:20:27.395,blofin,A/USDT:USDT,0.58009,378.0,0.58007,2.0,0.5801,1.0,0.58015,54.0
1753600828247,07:20:28.247,blofin,A/USDT:USDT,0.58009,379.0,0.58008,1336.0,0.5801,1.0,0.58015,20.0
1753600829251,07:20:29.251,blofin,A/USDT:USDT,0.58009,403.0,0.58007,2.0,0.5801,1.0,0.58015,21.0
1753600830155,07:20:30.155,blofin,A/USDT:USDT,0.58009,484.0,0.58007,2.0,0.5801,1.0,0.58015,21.0
1753600831252,07:20:31.252,blofin,A/USDT:USDT,0.5801,142.0,0.58007,2.0,0.58015,19.0,0.58017,258.0
1753600832256,07:20:32.256,blofin,A/USDT:USDT,0.5801,210.0,0.58007,2.0,0.58015,19.0,0.58017,258.0
1753600833255,07:20:33.255,blofin,A/USDT:USDT,0.5801,208.0,0.58008,559.0,0.58016,21.0,0.58017,495.0
1753600834339,07:20:34.339,blofin,A/USDT:USDT,0.5801,365.0,0.58007,2.0,0.58016,4.0,0.58017,258.0
1753600835254,07:20:35.254,blofin,A/USDT:USDT,0.5801,225.0,0.58009,358.0,0.58016,4.0,0.58017,276.0
1753600836399,07:20:36.399,blofin,A/USDT:USDT,0.58012,1.0,0.58007,2.0,0.58016,96468.0,0.58017,261.0
1753600837328,07:20:37.328,blofin,A/USDT:USDT,0.58,328.0,0.57995,1983.0,0.58008,13.0,0.58012,10639.0
1753600838260,07:20:38.260,blofin,A/USDT:USDT,0.58065,245.0,0.58061,866.0,0.58066,257.0,0.5807,129.0
1753600839452,07:20:39.452,blofin,A/USDT:USDT,0.58043,68.0,0.58041,19.0,0.58044,87.0,0.58047,632.0
1753600840264,07:20:40.264,blofin,A/USDT:USDT,0.58032,31.0,0.58028,53.0,0.58033,130.0,0.58036,930.0
1753600841265,07:20:41.265,blofin,A/USDT:USDT,0.58028,53.0,0.58025,79.0,0.5803,92.0,0.58033,2233.0
1753600842266,07:20:42.266,blofin,A/USDT:USDT,0.58028,53.0,0.58025,79.0,0.58038,263.0,0.5804,16.0
1753600843269,07:20:43.269,blofin,A/USDT:USDT,0.5802,125.0,0.58015,705.0,0.58038,406.0,0.58042,273.0
1753600844270,07:20:44.270,blofin,A/USDT:USDT,0.58028,76.0,0.58025,314.0,0.58038,404.0,0.5804,460.0
1753600845271,07:20:45.271,blofin,A/USDT:USDT,0.58028,144.0,0.58023,1033.0,0.58034,340.0,0.58038,71.0
1753600846273,07:20:46.273,blofin,A/USDT:USDT,0.58028,183.0,0.58023,934.0,0.58034,340.0,0.58038,328.0
1753600848277,07:20:48.277,blofin,A/USDT:USDT,0.58028,187.0,0.58027,172.0,0.58034,372.0,0.58038,1.0
1753600849279,07:20:49.279,blofin,A/USDT:USDT,0.58028,185.0,0.58026,508.0,0.58035,371.0,0.58038,455.0
1753600850282,07:20:50.282,blofin,A/USDT:USDT,0.58028,185.0,0.58026,297.0,0.58034,370.0,0.58035,481.0
1753600851635,07:20:51.635,blofin,A/USDT:USDT,0.5803,406.0,0.58028,3.0,0.58033,368.0,0.58034,2.0
1753600852284,07:20:52.284,blofin,A/USDT:USDT,0.58023,38.0,0.58021,51.0,0.58032,2.0,0.58034,87.0
1753600853287,07:20:53.287,blofin,A/USDT:USDT,0.5802,177.0,0.58014,80.0,0.58033,297.0,0.58034,4.0
1753600854257,07:20:54.257,blofin,A/USDT:USDT,0.5802,6.0,0.58014,13.0,0.58033,299.0,0.58035,1354.0
1753600855290,07:20:55.290,blofin,A/USDT:USDT,0.5802,1.0,0.58019,293.0,0.58021,35.0,0.58024,303.0
1753600856289,07:20:56.289,blofin,A/USDT:USDT,0.5802,1.0,0.58019,424.0,0.58021,35.0,0.58023,61.0
1753600857294,07:20:57.294,blofin,A/USDT:USDT,0.5802,1.0,0.58019,425.0,0.58021,81.0,0.58025,462.0
1753600858292,07:20:58.292,blofin,A/USDT:USDT,0.5802,1.0,0.58019,507.0,0.58021,125.0,0.58023,767.0
1753600859294,07:20:59.294,blofin,A/USDT:USDT,0.5802,1.0,0.58019,293.0,0.58021,127.0,0.58023,554.0
1753600860635,07:21:00.635,blofin,A/USDT:USDT,0.5802,794.0,0.58019,2.0,0.58021,3.0,0.58029,275.0
1753600861408,07:21:01.408,blofin,A/USDT:USDT,0.5802,1.0,0.58019,59.0,0.58026,297.0,0.58028,715.0
1753600862422,07:21:02.422,blofin,A/USDT:USDT,0.5802,1.0,0.58019,107.0,0.58026,5.0,0.58027,87.0
1753600863298,07:21:03.298,blofin,A/USDT:USDT,0.5802,199.0,0.58017,510.0,0.58027,185.0,0.58029,85.0
1753600864299,07:21:04.299,blofin,A/USDT:USDT,0.5802,230.0,0.58016,585.0,0.58027,185.0,0.5803,87.0
1753600865300,07:21:05.300,blofin,A/USDT:USDT,0.5802,230.0,0.58014,1536.0,0.58027,185.0,0.58032,926.0
1753600866299,07:21:06.299,blofin,A/USDT:USDT,0.5802,355.0,0.58015,539.0,0.58027,183.0,0.58031,537.0
1753600867303,07:21:07.303,blofin,A/USDT:USDT,0.5802,370.0,0.58015,826.0,0.58027,186.0,0.58032,508.0
1753600868306,07:21:08.306,blofin,A/USDT:USDT,0.5802,417.0,0.58017,1188.0,0.58027,185.0,0.58029,56.0
1753600869307,07:21:09.307,blofin,A/USDT:USDT,0.5802,416.0,0.58016,891.0,0.58027,185.0,0.5803,674.0
1753600870315,07:21:10.315,blofin,A/USDT:USDT,0.5802,416.0,0.58016,151.0,0.58027,185.0,0.5803,577.0
1753600871308,07:21:11.308,blofin,A/USDT:USDT,0.5802,503.0,0.58014,336.0,0.58027,186.0,0.58032,215.0
1753600872309,07:21:12.309,blofin,A/USDT:USDT,0.5802,502.0,0.58016,298.0,0.58027,185.0,0.5803,293.0
1753600873309,07:21:13.309,blofin,A/USDT:USDT,0.5802,507.0,0.58016,321.0,0.58027,185.0,0.5803,87.0
1753600874196,07:21:14.196,blofin,A/USDT:USDT,0.5802,559.0,0.58015,1156.0,0.58027,187.0,0.58031,82.0
1753600875812,07:21:15.812,blofin,A/USDT:USDT,0.5802,558.0,0.58017,100.0,0.58027,187.0,0.58029,694.0
1753600876814,07:21:16.814,blofin,A/USDT:USDT,0.5802,556.0,0.58017,1326.0,0.58027,187.0,0.58029,197.0
1753600877816,07:21:17.816,blofin,A/USDT:USDT,0.5802,418.0,0.58018,66.0,0.58024,10.0,0.58025,675.0
1753600878805,07:21:18.805,blofin,A/USDT:USDT,0.5802,417.0,0.58016,706.0,0.58022,27.0,0.58024,5.0
1753600879817,07:21:19.817,blofin,A/USDT:USDT,0.5802,417.0,0.58014,278.0,0.58023,30.0,0.58027,2.0
1753600880819,07:21:20.819,blofin,A/USDT:USDT,0.5802,417.0,0.58016,535.0,0.58023,31.0,0.58027,564.0
1753600882026,07:21:22.026,blofin,A/USDT:USDT,0.5802,419.0,0.58014,381.0,0.58023,31.0,0.58027,2.0
1753600882823,07:21:22.823,blofin,A/USDT:USDT,0.5802,417.0,0.58015,626.0,0.58023,28.0,0.58027,2.0
1753600883823,07:21:23.823,blofin,A/USDT:USDT,0.5802,466.0,0.58015,219.0,0.58023,29.0,0.58027,420.0
1753600884825,07:21:24.825,blofin,A/USDT:USDT,0.5802,454.0,0.58018,847.0,0.58023,2.0,0.58024,27.0
1753600885826,07:21:25.826,blofin,A/USDT:USDT,0.5802,454.0,0.58018,682.0,0.58024,31.0,0.58025,153.0
1753600886327,07:21:26.327,blofin,A/USDT:USDT,0.5802,454.0,0.58015,77.0,0.58023,30.0,0.58024,4.0
1753600887721,07:21:27.721,blofin,A/USDT:USDT,0.58013,651.0,0.58012,239.0,0.58018,3163.0,0.5802,103.0
1753600888329,07:21:28.329,blofin,A/USDT:USDT,0.58013,215.0,0.58012,239.0,0.58018,91.0,0.58022,742.0
1753600889673,07:21:29.673,blofin,A/USDT:USDT,0.58014,5.0,0.58013,342.0,0.58018,40.0,0.58019,1500.0
1753600890332,07:21:30.332,blofin,A/USDT:USDT,0.58013,262.0,0.58012,2411.0,0.58016,1.0,0.58017,2959.0
1753600891566,07:21:31.566,blofin,A/USDT:USDT,0.58056,196.0,0.58053,1163.0,0.58058,145.0,0.58059,145.0
1753600893338,07:21:33.338,blofin,A/USDT:USDT,0.58044,199.0,0.58038,396.0,0.58058,120.0,0.58059,149.0
1753600894339,07:21:34.339,blofin,A/USDT:USDT,0.58044,199.0,0.58039,537.0,0.58058,120.0,0.58059,149.0
1753600895339,07:21:35.339,blofin,A/USDT:USDT,0.58051,196.0,0.5805,691.0,0.58058,120.0,0.58059,149.0
1753600896513,07:21:36.513,blofin,A/USDT:USDT,0.58051,114.0,0.58048,2.0,0.58056,139.0,0.58058,120.0
1753600897343,07:21:37.343,blofin,A/USDT:USDT,0.58051,113.0,0.58049,1013.0,0.58056,78.0,0.58057,458.0
1753600898345,07:21:38.345,blofin,A/USDT:USDT,0.58053,115.0,0.58047,774.0,0.58056,77.0,0.58058,120.0
1753600899348,07:21:39.348,blofin,A/USDT:USDT,0.58053,62.0,0.58047,60.0,0.58056,80.0,0.58058,120.0
1753600900347,07:21:40.347,blofin,A/USDT:USDT,0.58053,91.0,0.58051,753.0,0.58056,4.0,0.58057,76.0
1753600901601,07:21:41.601,blofin,A/USDT:USDT,0.58044,23.0,0.58043,23.0,0.58045,139.0,0.58048,897.0
1753600902350,07:21:42.350,blofin,A/USDT:USDT,0.58037,33.0,0.58035,159.0,0.58039,344.0,0.5804,243.0
1753600903350,07:21:43.350,blofin,A/USDT:USDT,0.58037,26.0,0.58036,606.0,0.58039,350.0,0.58042,761.0
1753600904410,07:21:44.410,blofin,A/USDT:USDT,0.58032,57.0,0.58031,19.0,0.58036,344.0,0.58039,6.0
1753600905354,07:21:45.354,blofin,A/USDT:USDT,0.58032,57.0,0.58031,22.0,0.58033,88.0,0.58035,475.0
1753600906356,07:21:46.356,blofin,A/USDT:USDT,0.58032,57.0,0.58031,24.0,0.58033,354.0,0.58034,664.0
1753600907357,07:21:47.357,blofin,A/USDT:USDT,0.58028,19.0,0.58026,199.0,0.58033,157.0,0.58038,394.0
1753600908216,07:21:48.216,blofin,A/USDT:USDT,0.58028,23.0,0.58026,199.0,0.58033,156.0,0.58038,394.0
1753600909218,07:21:49.218,blofin,A/USDT:USDT,0.58028,190.0,0.58026,199.0,0.58033,13.0,0.58037,242.0
1753600910219,07:21:50.219,blofin,A/USDT:USDT,0.58028,188.0,0.58026,199.0,0.58033,11.0,0.58036,151.0
1753600911225,07:21:51.225,blofin,A/USDT:USDT,0.58028,191.0,0.58026,199.0,0.58033,15.0,0.58035,105.0
1753600912223,07:21:52.223,blofin,A/USDT:USDT,0.5803,111.0,0.58028,2.0,0.58033,14.0,0.58037,238.0
1753600912865,07:21:52.865,blofin,A/USDT:USDT,0.5803,116.0,0.58026,588.0,0.58033,15.0,0.58037,238.0
1753600913868,07:21:53.868,blofin,A/USDT:USDT,0.58031,113.0,0.58027,111.0,0.58033,15.0,0.58037,85.0
1753600914869,07:21:54.869,blofin,A/USDT:USDT,0.58031,188.0,0.5803,425.0,0.58033,15.0,0.58035,318.0
1753600915870,07:21:55.870,blofin,A/USDT:USDT,0.58031,190.0,0.58028,703.0,0.58033,12.0,0.58035,518.0
1753600917872,07:21:57.872,blofin,A/USDT:USDT,0.5803,115.0,0.58026,268.0,0.58032,87.0,0.58033,2.0
1753600918373,07:21:58.373,blofin,A/USDT:USDT,0.5803,113.0,0.58028,1005.0,0.58034,500.0,0.58036,396.0
1753600919373,07:21:59.373,blofin,A/USDT:USDT,0.5803,113.0,0.58026,199.0,0.58033,500.0,0.58037,81.0
1753600920441,07:22:00.441,blofin,A/USDT:USDT,0.5803,113.0,0.58026,1891.0,0.58032,495.0,0.58033,5.0
1753600921377,07:22:01.377,blofin,A/USDT:USDT,0.58026,199.0,0.58025,71.0,0.58027,130.0,0.58028,11.0
1753600922378,07:22:02.378,blofin,A/USDT:USDT,0.58026,199.0,0.58025,72.0,0.58027,130.0,0.58032,395.0
1753600923380,07:22:03.380,blofin,A/USDT:USDT,0.58026,199.0,0.58025,72.0,0.58027,901.0,0.5803,469.0
1753600924384,07:22:04.384,blofin,A/USDT:USDT,0.58026,199.0,0.58025,71.0,0.58027,687.0,0.58031,292.0
1753600925384,07:22:05.384,blofin,A/USDT:USDT,0.58026,199.0,0.58025,71.0,0.58027,687.0,0.58029,581.0
1753600926388,07:22:06.388,blofin,A/USDT:USDT,0.58026,199.0,0.58025,80.0,0.58027,687.0,0.58032,347.0
1753600927387,07:22:07.387,blofin,A/USDT:USDT,0.58026,199.0,0.58025,80.0,0.58028,685.0,0.58032,269.0
1753600928390,07:22:08.390,blofin,A/USDT:USDT,0.58026,199.0,0.58025,83.0,0.58027,687.0,0.58028,174.0
1753600929391,07:22:09.391,blofin,A/USDT:USDT,0.58026,199.0,0.58025,83.0,0.58027,686.0,0.58028,8.0
1753600930393,07:22:10.393,blofin,A/USDT:USDT,0.58026,199.0,0.58025,80.0,0.58027,685.0,0.58031,355.0
1753600931236,07:22:11.236,blofin,A/USDT:USDT,0.58026,199.0,0.58025,83.0,0.58027,685.0,0.58031,60.0
1753600932239,07:22:12.239,blofin,A/USDT:USDT,0.58026,199.0,0.58025,83.0,0.58027,686.0,0.58029,264.0
1753600933253,07:22:13.253,blofin,A/USDT:USDT,0.58025,84.0,0.58022,1457.0,0.58027,686.0,0.58029,264.0
1753600933899,07:22:13.899,blofin,A/USDT:USDT,0.58019,31.0,0.58016,19.0,0.58026,131.0,0.58027,3.0
1753600934899,07:22:14.899,blofin,A/USDT:USDT,0.58019,22.0,0.58016,19.0,0.58026,60.0,0.58027,3.0
1753600935900,07:22:15.900,blofin,A/USDT:USDT,0.58019,22.0,0.58016,992.0,0.58026,62.0,0.58027,3.0
1753600937030,07:22:17.030,blofin,A/USDT:USDT,0.58019,23.0,0.58016,263.0,0.58024,59.0,0.58026,597.0
1753600937903,07:22:17.903,blofin,A/USDT:USDT,0.58019,21.0,0.58016,477.0,0.58024,90.0,0.58026,586.0
1753600938904,07:22:18.904,blofin,A/USDT:USDT,0.58019,22.0,0.58017,444.0,0.58024,2.0,0.58025,87.0
1753600939907,07:22:19.907,blofin,A/USDT:USDT,0.58019,22.0,0.58017,736.0,0.58024,89.0,0.58025,255.0
1753600940908,07:22:20.908,blofin,A/USDT:USDT,0.58019,162.0,0.58016,930.0,0.58026,60.0,0.58027,3.0
1753600941911,07:22:21.911,blofin,A/USDT:USDT,0.58019,163.0,0.58015,1270.0,0.58026,63.0,0.58027,3.0
1753600942409,07:22:22.409,blofin,A/USDT:USDT,0.58019,163.0,0.58014,133.0,0.58026,63.0,0.58027,3.0
1753600943630,07:22:23.630,blofin,A/USDT:USDT,0.58023,159.0,0.58021,1116.0,0.58026,54.0,0.58027,104.0
1753600944413,07:22:24.413,blofin,A/USDT:USDT,0.58023,24.0,0.58019,5.0,0.58026,55.0,0.58027,3.0
1753600945416,07:22:25.416,blofin,A/USDT:USDT,0.58023,164.0,0.5802,314.0,0.58026,55.0,0.58027,3.0
1753600946416,07:22:26.416,blofin,A/USDT:USDT,0.58023,41.0,0.5802,742.0,0.58026,51.0,0.58027,3.0
1753600947416,07:22:27.416,blofin,A/USDT:USDT,0.58023,202.0,0.58022,215.0,0.58026,51.0,0.58027,3.0
1753600948418,07:22:28.418,blofin,A/USDT:USDT,0.58023,200.0,0.58018,140.0,0.58025,24.0,0.58026,3.0
1753600949420,07:22:29.420,blofin,A/USDT:USDT,0.58023,200.0,0.58017,279.0,0.58025,27.0,0.58027,3.0
1753600950424,07:22:30.424,blofin,A/USDT:USDT,0.58023,236.0,0.58019,694.0,0.58025,27.0,0.58027,3.0
1753600951250,07:22:31.250,blofin,A/USDT:USDT,0.58023,236.0,0.58017,262.0,0.58025,159.0,0.58027,3.0
1753600952253,07:22:32.253,blofin,A/USDT:USDT,0.58023,235.0,0.58021,519.0,0.58025,2.0,0.58026,157.0
1753600953253,07:22:33.253,blofin,A/USDT:USDT,0.58023,235.0,0.58021,519.0,0.58026,159.0,0.58027,3.0
1753600954252,07:22:34.252,blofin,A/USDT:USDT,0.58023,98.0,0.58022,702.0,0.58025,161.0,0.58027,189.0
1753600955252,07:22:35.252,blofin,A/USDT:USDT,0.58023,238.0,0.5802,1030.0,0.58025,161.0,0.58027,3.0
1753600955933,07:22:35.933,blofin,A/USDT:USDT,0.58023,238.0,0.5802,1030.0,0.58025,158.0,0.58027,3.0
1753600956931,07:22:36.931,blofin,A/USDT:USDT,0.58023,238.0,0.58018,66.0,0.58025,164.0,0.58027,3.0
1753600957432,07:22:37.432,blofin,A/USDT:USDT,0.58023,233.0,0.58017,11.0,0.58025,164.0,0.58027,3.0
1753600958433,07:22:38.433,blofin,A/USDT:USDT,0.58023,232.0,0.58017,352.0,0.58025,789.0,0.58027,3.0
1753600959434,07:22:39.434,blofin,A/USDT:USDT,0.58023,243.0,0.58018,546.0,0.58025,789.0,0.58027,3.0
1753600960436,07:22:40.436,blofin,A/USDT:USDT,0.58023,242.0,0.58021,616.0,0.58025,789.0,0.58026,675.0
1753600961437,07:22:41.437,blofin,A/USDT:USDT,0.58023,245.0,0.58017,442.0,0.58025,977.0,0.58027,3.0
1753600962440,07:22:42.440,blofin,A/USDT:USDT,0.58023,245.0,0.58022,358.0,0.58025,989.0,0.58027,3.0
1753600963442,07:22:43.442,blofin,A/USDT:USDT,0.58023,248.0,0.58022,298.0,0.58025,1.0,0.58026,991.0
1753600964444,07:22:44.444,blofin,A/USDT:USDT,0.58023,238.0,0.58022,142.0,0.58025,1000.0,0.58029,530.0
1753600965447,07:22:45.447,blofin,A/USDT:USDT,0.58023,239.0,0.58021,12.0,0.58025,1190.0,0.5803,921.0
1753600966448,07:22:46.448,blofin,A/USDT:USDT,0.58023,239.0,0.58019,258.0,0.58025,1189.0,0.58028,1191.0
1753600967831,07:22:47.831,blofin,A/USDT:USDT,0.57989,195.0,0.57986,3180.0,0.57997,770.0,0.57999,295.0
1753600968451,07:22:48.451,blofin,A/USDT:USDT,0.5799,10.0,0.57986,48.0,0.57991,2.0,0.57997,87.0
1753600969450,07:22:49.450,blofin,A/USDT:USDT,0.5799,467.0,0.57986,48.0,0.57997,685.0,0.57998,212.0
1753600970437,07:22:50.437,blofin,A/USDT:USDT,0.57992,465.0,0.5799,1575.0,0.57997,686.0,0.57998,212.0
1753600971453,07:22:51.453,blofin,A/USDT:USDT,0.57994,192.0,0.57989,722.0,0.57997,686.0,0.57998,212.0
1753600972454,07:22:52.454,blofin,A/USDT:USDT,0.57994,192.0,0.57992,461.0,0.57997,688.0,0.57998,415.0
1753600973456,07:22:53.456,blofin,A/USDT:USDT,0.57994,188.0,0.57993,84.0,0.57997,2.0,0.57998,869.0
1753600974459,07:22:54.459,blofin,A/USDT:USDT,0.57994,188.0,0.57992,316.0,0.57997,869.0,0.57998,67.0
1753600975461,07:22:55.461,blofin,A/USDT:USDT,0.57994,190.0,0.57989,1164.0,0.57997,869.0,0.57998,4.0
1753600976462,07:22:56.462,blofin,A/USDT:USDT,0.57994,189.0,0.5799,149.0,0.57997,869.0,0.57998,4.0
1753600977464,07:22:57.464,blofin,A/USDT:USDT,0.58005,718.0,0.58002,2004.0,0.58009,44.0,0.5801,29.0
1753600978465,07:22:58.465,blofin,A/USDT:USDT,0.58005,719.0,0.58003,1387.0,0.58011,13.0,0.58013,168.0
1753600979468,07:22:59.468,blofin,A/USDT:USDT,0.58005,719.0,0.58002,924.0,0.58011,40.0,0.58013,1059.0
1753600980469,07:23:00.469,blofin,A/USDT:USDT,0.58005,719.0,0.58003,238.0,0.58008,177.0,0.5801,1265.0
1753600981470,07:23:01.470,blofin,A/USDT:USDT,0.58006,443.0,0.58005,4.0,0.58008,33.0,0.58009,33.0
1753600982471,07:23:02.471,blofin,A/USDT:USDT,0.58005,447.0,0.58,163.0,0.58008,36.0,0.58012,100.0
1753600983477,07:23:03.477,blofin,A/USDT:USDT,0.58005,338.0,0.58001,1151.0,0.58008,35.0,0.58011,159.0
1753600984476,07:23:04.476,blofin,A/USDT:USDT,0.58005,336.0,0.58001,912.0,0.58008,35.0,0.58011,109.0
1753600985274,07:23:05.274,blofin,A/USDT:USDT,0.58005,340.0,0.58001,933.0,0.58008,35.0,0.58011,78.0
1753600986483,07:23:06.483,blofin,A/USDT:USDT,0.58005,351.0,0.58002,1970.0,0.58008,33.0,0.5801,194.0
1753600987276,07:23:07.276,blofin,A/USDT:USDT,0.58005,351.0,0.58002,578.0,0.58008,33.0,0.5801,252.0
1753600988278,07:23:08.278,blofin,A/USDT:USDT,0.58005,347.0,0.58002,578.0,0.58008,32.0,0.5801,252.0
1753600989279,07:23:09.279,blofin,A/USDT:USDT,0.58005,348.0,0.58001,209.0,0.58008,32.0,0.58011,48.0
1753600990279,07:23:10.279,blofin,A/USDT:USDT,0.58005,348.0,0.58,669.0,0.58008,34.0,0.58012,24.0
1753600990987,07:23:10.987,blofin,A/USDT:USDT,0.58005,348.0,0.58,669.0,0.58008,35.0,0.58013,112.0
1753600991988,07:23:11.988,blofin,A/USDT:USDT,0.58005,348.0,0.58001,815.0,0.58008,35.0,0.58012,102.0
1753600992990,07:23:12.990,blofin,A/USDT:USDT,0.58005,348.0,0.58003,102.0,0.58008,35.0,0.58009,697.0
1753600993991,07:23:13.991,blofin,A/USDT:USDT,0.58005,352.0,0.58002,26.0,0.58008,38.0,0.58013,151.0
1753600994990,07:23:14.990,blofin,A/USDT:USDT,0.58005,352.0,0.58004,220.0,0.58008,2.0,0.58009,33.0
1753600995994,07:23:15.994,blofin,A/USDT:USDT,0.58005,355.0,0.58002,26.0,0.58008,33.0,0.58009,2.0
1753600997283,07:23:17.283,blofin,A/USDT:USDT,0.58005,470.0,0.58002,26.0,0.58008,2.0,0.58016,130.0
1753600998286,07:23:18.286,blofin,A/USDT:USDT,0.58005,471.0,0.58001,279.0,0.58008,2.0,0.58011,91.0
1753600999286,07:23:19.286,blofin,A/USDT:USDT,0.58005,378.0,0.58,1959.0,0.58008,21.0,0.58011,4.0
1753601000284,07:23:20.284,blofin,A/USDT:USDT,0.58005,378.0,0.58002,974.0,0.58008,22.0,0.5801,702.0
1753601001500,07:23:21.500,blofin,A/USDT:USDT,0.58005,379.0,0.58003,1094.0,0.58008,22.0,0.58009,825.0
1753601002502,07:23:22.502,blofin,A/USDT:USDT,0.58005,378.0,0.58003,977.0,0.58008,22.0,0.58009,806.0
1753601003503,07:23:23.503,blofin,A/USDT:USDT,0.58005,376.0,0.58003,99.0,0.58008,23.0,0.58009,521.0
1753601004509,07:23:24.509,blofin,A/USDT:USDT,0.58005,380.0,0.58004,575.0,0.58008,4.0,0.58009,19.0
1753601005509,07:23:25.509,blofin,A/USDT:USDT,0.58005,380.0,0.58003,166.0,0.58008,1014.0,0.58009,402.0
1753601006506,07:23:26.506,blofin,A/USDT:USDT,0.58005,380.0,0.58003,238.0,0.58008,2.0,0.58009,1013.0
1753601007617,07:23:27.617,blofin,A/USDT:USDT,0.58005,380.0,0.58003,156.0,0.58008,2.0,0.58009,217.0
1753601008507,07:23:28.507,blofin,A/USDT:USDT,0.58005,377.0,0.58001,182.0,0.58008,1015.0,0.58011,49.0
