timestamp,time,exchange,symbol,bid1_price,bid1_volume,bid2_price,bid2_volume,ask1_price,ask1_volume,ask2_price,ask2_volume
1753599983122,07:06:23.122,bitget,AERGO/USDT:USDT,0.13345,463.0,0.13344,7492.0,0.13354,463.0,0.13355,758.0
1753599983273,07:06:23.273,bitget,AERGO/USDT:USDT,0.13345,463.0,0.13344,7492.0,0.13354,463.0,0.13355,758.0
1753599983423,07:06:23.423,bitget,AERGO/USDT:USDT,0.13345,463.0,0.13344,7492.0,0.13354,463.0,0.13355,758.0
1753599983573,07:06:23.573,bitget,AERGO/USDT:USDT,0.13345,463.0,0.13344,7492.0,0.13354,463.0,0.13355,758.0
1753599983873,07:06:23.873,bitget,AERGO/USDT:USDT,0.13345,463.0,0.13344,7492.0,0.13354,463.0,0.13355,758.0
1753599984173,07:06:24.173,bitget,AERGO/USDT:USDT,0.13345,463.0,0.13344,7492.0,0.13354,463.0,0.13355,758.0
1753599985074,07:06:25.074,bitget,AERGO/USDT:USDT,0.13345,463.0,0.13344,7492.0,0.13354,463.0,0.13355,758.0
1753599985224,07:06:25.224,bitget,AERGO/USDT:USDT,0.13345,463.0,0.13344,7492.0,0.13354,463.0,0.13355,758.0
1753599985374,07:06:25.374,bitget,AERGO/USDT:USDT,0.13345,463.0,0.13344,7492.0,0.13354,463.0,0.13355,758.0
1753599985524,07:06:25.524,bitget,AERGO/USDT:USDT,0.13345,463.0,0.13344,7492.0,0.13354,463.0,0.13355,758.0
1753599985974,07:06:25.974,bitget,AERGO/USDT:USDT,0.13345,463.0,0.13344,7492.0,0.13354,463.0,0.13355,758.0
1753599986274,07:06:26.274,bitget,AERGO/USDT:USDT,0.13345,463.0,0.13344,7492.0,0.13354,463.0,0.13355,758.0
1753599986575,07:06:26.575,bitget,AERGO/USDT:USDT,0.13345,463.0,0.13344,7492.0,0.13354,463.0,0.13355,758.0
1753599987175,07:06:27.175,bitget,AERGO/USDT:USDT,0.13345,463.0,0.13344,7492.0,0.13354,463.0,0.13355,758.0
1753599987475,07:06:27.475,bitget,AERGO/USDT:USDT,0.13345,463.0,0.13344,7492.0,0.13354,463.0,0.13355,758.0
1753599988376,07:06:28.376,bitget,AERGO/USDT:USDT,0.13346,459.0,0.13345,395.0,0.13354,463.0,0.13355,758.0
1753599988526,07:06:28.526,bitget,AERGO/USDT:USDT,0.13346,459.0,0.13345,395.0,0.13354,463.0,0.13355,758.0
1753599988826,07:06:28.826,bitget,AERGO/USDT:USDT,0.13346,459.0,0.13345,395.0,0.13354,463.0,0.13355,758.0
1753599989427,07:06:29.427,bitget,AERGO/USDT:USDT,0.13347,459.0,0.13346,5500.0,0.13354,463.0,0.13355,758.0
1753599991228,07:06:31.228,bitget,AERGO/USDT:USDT,0.13347,459.0,0.13346,5500.0,0.13354,463.0,0.13355,758.0
1753599991978,07:06:31.978,bitget,AERGO/USDT:USDT,0.13347,459.0,0.13346,5500.0,0.13354,463.0,0.13355,758.0
1753599992128,07:06:32.128,bitget,AERGO/USDT:USDT,0.13347,459.0,0.13346,5500.0,0.13354,463.0,0.13356,459.0
1753599992278,07:06:32.278,bitget,AERGO/USDT:USDT,0.13347,459.0,0.13346,5500.0,0.13356,459.0,0.13357,362.0
1753599992429,07:06:32.429,bitget,AERGO/USDT:USDT,0.13347,459.0,0.13346,5500.0,0.13355,758.0,0.13356,459.0
1753599992579,07:06:32.579,bitget,AERGO/USDT:USDT,0.13347,459.0,0.13346,5500.0,0.13354,459.0,0.13355,758.0
1753599992729,07:06:32.729,bitget,AERGO/USDT:USDT,0.13347,459.0,0.13346,5500.0,0.13354,459.0,0.13355,758.0
1753599993029,07:06:33.029,bitget,AERGO/USDT:USDT,0.13347,459.0,0.13346,5500.0,0.13354,459.0,0.13355,758.0
1753599993779,07:06:33.779,bitget,AERGO/USDT:USDT,0.13347,459.0,0.13346,5500.0,0.13354,459.0,0.13355,758.0
1753599993930,07:06:33.930,bitget,AERGO/USDT:USDT,0.13347,459.0,0.13346,5500.0,0.13354,459.0,0.13355,758.0
1753599994830,07:06:34.830,bitget,AERGO/USDT:USDT,0.13347,459.0,0.13345,1916.0,0.13354,459.0,0.13355,758.0
1753599994980,07:06:34.980,bitget,AERGO/USDT:USDT,0.13347,459.0,0.13345,1916.0,0.13354,459.0,0.13355,758.0
1753599995130,07:06:35.130,bitget,AERGO/USDT:USDT,0.13347,459.0,0.13345,1916.0,0.13354,459.0,0.13355,758.0
1753599995281,07:06:35.281,bitget,AERGO/USDT:USDT,0.13347,459.0,0.13345,1916.0,0.13354,459.0,0.13355,758.0
1753599995431,07:06:35.431,bitget,AERGO/USDT:USDT,0.13347,459.0,0.13345,1916.0,0.13354,459.0,0.13355,758.0
1753599995581,07:06:35.581,bitget,AERGO/USDT:USDT,0.13347,459.0,0.13345,1916.0,0.13354,459.0,0.13355,758.0
1753599995731,07:06:35.731,bitget,AERGO/USDT:USDT,0.13347,459.0,0.13345,1916.0,0.13354,459.0,0.13355,758.0
1753599995881,07:06:35.881,bitget,AERGO/USDT:USDT,0.13347,459.0,0.13345,1916.0,0.13354,459.0,0.13355,758.0
1753599996181,07:06:36.181,bitget,AERGO/USDT:USDT,0.13347,459.0,0.13345,1916.0,0.13354,459.0,0.13355,758.0
1753599996481,07:06:36.481,bitget,AERGO/USDT:USDT,0.13347,459.0,0.13345,1916.0,0.13354,459.0,0.13355,758.0
1753599996781,07:06:36.781,bitget,AERGO/USDT:USDT,0.13347,459.0,0.13345,1916.0,0.13354,459.0,0.13355,758.0
1753599997232,07:06:37.232,bitget,AERGO/USDT:USDT,0.13347,459.0,0.13345,1916.0,0.13354,459.0,0.13355,758.0
1753599997382,07:06:37.382,bitget,AERGO/USDT:USDT,0.13347,459.0,0.13345,1916.0,0.13354,459.0,0.13355,758.0
1753599997532,07:06:37.532,bitget,AERGO/USDT:USDT,0.13347,6727.0,0.13345,395.0,0.13354,459.0,0.13355,758.0
1753599997982,07:06:37.982,bitget,AERGO/USDT:USDT,0.13348,473.0,0.13347,6268.0,0.13354,459.0,0.13355,758.0
1753599998132,07:06:38.132,bitget,AERGO/USDT:USDT,0.13348,473.0,0.13347,6268.0,0.13354,459.0,0.13355,758.0
1753599998432,07:06:38.432,bitget,AERGO/USDT:USDT,0.13348,473.0,0.13345,1916.0,0.13354,459.0,0.13355,758.0
1753599998583,07:06:38.583,bitget,AERGO/USDT:USDT,0.13349,3745.0,0.13348,473.0,0.13354,459.0,0.13355,758.0
1753599998733,07:06:38.733,bitget,AERGO/USDT:USDT,0.13346,473.0,0.13345,7490.0,0.13353,362.0,0.13354,459.0
1753599999183,07:06:39.183,bitget,AERGO/USDT:USDT,0.13346,473.0,0.13345,7490.0,0.13352,473.0,0.13353,362.0
1753599999483,07:06:39.483,bitget,AERGO/USDT:USDT,0.13346,473.0,0.13345,7490.0,0.13352,473.0,0.13353,362.0
1753600000084,07:06:40.084,bitget,AERGO/USDT:USDT,0.13346,473.0,0.13345,7490.0,0.13352,473.0,0.13353,362.0
1753600000234,07:06:40.234,bitget,AERGO/USDT:USDT,0.13346,473.0,0.13345,7490.0,0.13352,473.0,0.13353,362.0
1753600000384,07:06:40.384,bitget,AERGO/USDT:USDT,0.13346,473.0,0.13345,7490.0,0.13353,362.0,0.13356,459.0
1753600000534,07:06:40.534,bitget,AERGO/USDT:USDT,0.13346,473.0,0.13345,7490.0,0.13353,362.0,0.13356,459.0
1753600000684,07:06:40.684,bitget,AERGO/USDT:USDT,0.13346,473.0,0.13345,7490.0,0.13352,473.0,0.13353,362.0
1753600000834,07:06:40.834,bitget,AERGO/USDT:USDT,0.13346,473.0,0.13345,7490.0,0.13352,473.0,0.13353,362.0
1753600000984,07:06:40.984,bitget,AERGO/USDT:USDT,0.13346,473.0,0.13345,7490.0,0.13352,473.0,0.13353,362.0
1753600001134,07:06:41.134,bitget,AERGO/USDT:USDT,0.13346,473.0,0.13345,7490.0,0.13352,473.0,0.13353,362.0
1753600001284,07:06:41.284,bitget,AERGO/USDT:USDT,0.13346,473.0,0.13345,7490.0,0.13352,473.0,0.13353,362.0
1753600001435,07:06:41.435,bitget,AERGO/USDT:USDT,0.13346,473.0,0.13345,7490.0,0.13352,473.0,0.13353,362.0
1753600001885,07:06:41.885,bitget,AERGO/USDT:USDT,0.13346,473.0,0.13345,7490.0,0.13352,473.0,0.13353,362.0
1753600002035,07:06:42.035,bitget,AERGO/USDT:USDT,0.13346,473.0,0.13345,7490.0,0.13352,473.0,0.13353,362.0
1753600002185,07:06:42.185,bitget,AERGO/USDT:USDT,0.13346,473.0,0.13345,7490.0,0.13352,473.0,0.13353,362.0
1753600002335,07:06:42.335,bitget,AERGO/USDT:USDT,0.13346,473.0,0.13345,7490.0,0.13352,473.0,0.13353,362.0
1753600002635,07:06:42.635,bitget,AERGO/USDT:USDT,0.13346,473.0,0.13345,7490.0,0.13352,473.0,0.13353,362.0
1753600002785,07:06:42.785,bitget,AERGO/USDT:USDT,0.13346,473.0,0.13345,7490.0,0.13352,473.0,0.13353,362.0
1753600002935,07:06:42.935,bitget,AERGO/USDT:USDT,0.13346,473.0,0.13345,7490.0,0.13352,473.0,0.13353,362.0
1753600003086,07:06:43.086,bitget,AERGO/USDT:USDT,0.13346,473.0,0.13345,7490.0,0.13352,473.0,0.13353,362.0
1753600003236,07:06:43.236,bitget,AERGO/USDT:USDT,0.13346,473.0,0.13345,7490.0,0.13352,473.0,0.13353,362.0
1753600003686,07:06:43.686,bitget,AERGO/USDT:USDT,0.13346,473.0,0.13345,7490.0,0.13352,473.0,0.13353,362.0
1753600003986,07:06:43.986,bitget,AERGO/USDT:USDT,0.13346,473.0,0.13345,7490.0,0.13352,473.0,0.13353,362.0
1753600004136,07:06:44.136,bitget,AERGO/USDT:USDT,0.13346,473.0,0.13345,7490.0,0.13352,473.0,0.13353,362.0
1753600004436,07:06:44.436,bitget,AERGO/USDT:USDT,0.13346,473.0,0.13345,7490.0,0.13352,473.0,0.13353,362.0
1753600004737,07:06:44.737,bitget,AERGO/USDT:USDT,0.13346,473.0,0.13345,7490.0,0.13352,473.0,0.13353,362.0
1753600005037,07:06:45.037,bitget,AERGO/USDT:USDT,0.13346,473.0,0.13345,7490.0,0.13352,473.0,0.13353,362.0
1753600005187,07:06:45.187,bitget,AERGO/USDT:USDT,0.13346,473.0,0.13345,7490.0,0.13352,473.0,0.13353,362.0
1753600005337,07:06:45.337,bitget,AERGO/USDT:USDT,0.13346,473.0,0.13345,7490.0,0.13352,473.0,0.13353,362.0
1753600005487,07:06:45.487,bitget,AERGO/USDT:USDT,0.13346,473.0,0.13345,7490.0,0.13352,473.0,0.13353,362.0
1753600005637,07:06:45.637,bitget,AERGO/USDT:USDT,0.13346,473.0,0.13345,7490.0,0.13352,473.0,0.13353,362.0
1753600005787,07:06:45.787,bitget,AERGO/USDT:USDT,0.13346,473.0,0.13345,7490.0,0.13352,473.0,0.13353,362.0
1753600006087,07:06:46.087,bitget,AERGO/USDT:USDT,0.13346,473.0,0.13345,7490.0,0.13352,473.0,0.13353,362.0
1753600006538,07:06:46.538,bitget,AERGO/USDT:USDT,0.13346,473.0,0.13345,7490.0,0.13352,473.0,0.13353,362.0
1753600006838,07:06:46.838,bitget,AERGO/USDT:USDT,0.13346,473.0,0.13345,7490.0,0.13352,473.0,0.13353,362.0
1753600006988,07:06:46.988,bitget,AERGO/USDT:USDT,0.13346,473.0,0.13345,7490.0,0.13352,473.0,0.13353,362.0
1753600007138,07:06:47.138,bitget,AERGO/USDT:USDT,0.13346,473.0,0.13345,7490.0,0.13352,473.0,0.13353,362.0
1753600007288,07:06:47.288,bitget,AERGO/USDT:USDT,0.13346,473.0,0.13345,7490.0,0.13352,473.0,0.13353,362.0
1753600007438,07:06:47.438,bitget,AERGO/USDT:USDT,0.13346,473.0,0.13345,7490.0,0.13352,473.0,0.13353,362.0
1753600008039,07:06:48.039,bitget,AERGO/USDT:USDT,0.13346,473.0,0.13345,7490.0,0.13352,473.0,0.13353,362.0
1753600008189,07:06:48.189,bitget,AERGO/USDT:USDT,0.13346,473.0,0.13345,7490.0,0.13352,473.0,0.13353,362.0
1753600008489,07:06:48.489,bitget,AERGO/USDT:USDT,0.13346,473.0,0.13345,7490.0,0.13352,473.0,0.13353,362.0
1753600008639,07:06:48.639,bitget,AERGO/USDT:USDT,0.13346,473.0,0.13345,7490.0,0.13352,473.0,0.13353,362.0
1753600008789,07:06:48.789,bitget,AERGO/USDT:USDT,0.13346,473.0,0.13345,7490.0,0.13352,473.0,0.13353,362.0
1753600009089,07:06:49.089,bitget,AERGO/USDT:USDT,0.13346,473.0,0.13345,7490.0,0.13352,473.0,0.13353,362.0
1753600009239,07:06:49.239,bitget,AERGO/USDT:USDT,0.13346,473.0,0.13345,7490.0,0.13352,473.0,0.13353,362.0
1753600009540,07:06:49.540,bitget,AERGO/USDT:USDT,0.13346,473.0,0.13345,7490.0,0.13352,473.0,0.13353,362.0
1753600009690,07:06:49.690,bitget,AERGO/USDT:USDT,0.13346,473.0,0.13345,7490.0,0.13352,473.0,0.13353,362.0
1753600009840,07:06:49.840,bitget,AERGO/USDT:USDT,0.13346,473.0,0.13345,7490.0,0.13352,473.0,0.13353,362.0
1753600010140,07:06:50.140,bitget,AERGO/USDT:USDT,0.13346,473.0,0.13345,7490.0,0.13352,473.0,0.13353,362.0
1753600010290,07:06:50.290,bitget,AERGO/USDT:USDT,0.13346,473.0,0.13345,7490.0,0.13352,473.0,0.13353,362.0
1753600010590,07:06:50.590,bitget,AERGO/USDT:USDT,0.13346,473.0,0.13345,7490.0,0.13352,473.0,0.13353,362.0
1753600010740,07:06:50.740,bitget,AERGO/USDT:USDT,0.13346,473.0,0.13345,7490.0,0.13352,473.0,0.13353,362.0
1753600010890,07:06:50.890,bitget,AERGO/USDT:USDT,0.13346,473.0,0.13345,7490.0,0.13352,473.0,0.13353,362.0
1753600011040,07:06:51.040,bitget,AERGO/USDT:USDT,0.13346,473.0,0.13345,7490.0,0.13352,473.0,0.13353,362.0
1753600011341,07:06:51.341,bitget,AERGO/USDT:USDT,0.13346,473.0,0.13345,7490.0,0.13352,473.0,0.13353,362.0
1753600011641,07:06:51.641,bitget,AERGO/USDT:USDT,0.13346,473.0,0.13345,7490.0,0.13352,473.0,0.13353,362.0
1753600011791,07:06:51.791,bitget,AERGO/USDT:USDT,0.13346,473.0,0.13345,7490.0,0.13352,473.0,0.13353,362.0
1753600011941,07:06:51.941,bitget,AERGO/USDT:USDT,0.13346,473.0,0.13345,7490.0,0.13352,473.0,0.13353,362.0
1753600012091,07:06:52.091,bitget,AERGO/USDT:USDT,0.13346,473.0,0.13344,833.0,0.13352,473.0,0.13353,362.0
1753600012241,07:06:52.241,bitget,AERGO/USDT:USDT,0.13346,473.0,0.13344,833.0,0.13352,473.0,0.13353,362.0
1753600012391,07:06:52.391,bitget,AERGO/USDT:USDT,0.13346,473.0,0.13344,833.0,0.13352,473.0,0.13353,362.0
1753600012541,07:06:52.541,bitget,AERGO/USDT:USDT,0.13346,473.0,0.13344,833.0,0.13352,473.0,0.13353,362.0
1753600012691,07:06:52.691,bitget,AERGO/USDT:USDT,0.13346,473.0,0.13344,833.0,0.13352,473.0,0.13353,362.0
1753600012842,07:06:52.842,bitget,AERGO/USDT:USDT,0.13346,473.0,0.13344,833.0,0.13352,473.0,0.13353,362.0
1753600012992,07:06:52.992,bitget,AERGO/USDT:USDT,0.13346,473.0,0.13344,833.0,0.13352,473.0,0.13353,362.0
1753600013142,07:06:53.142,bitget,AERGO/USDT:USDT,0.13346,473.0,0.13344,833.0,0.13352,473.0,0.13353,362.0
1753600013292,07:06:53.292,bitget,AERGO/USDT:USDT,0.13346,473.0,0.13344,833.0,0.13352,473.0,0.13353,362.0
1753600013442,07:06:53.442,bitget,AERGO/USDT:USDT,0.13346,473.0,0.13345,7492.0,0.13352,473.0,0.13353,362.0
1753600013742,07:06:53.742,bitget,AERGO/USDT:USDT,0.13346,473.0,0.13345,7492.0,0.13352,473.0,0.13353,362.0
1753600013892,07:06:53.892,bitget,AERGO/USDT:USDT,0.13346,473.0,0.13345,7492.0,0.13352,473.0,0.13353,362.0
1753600014042,07:06:54.042,bitget,AERGO/USDT:USDT,0.13346,473.0,0.13345,7492.0,0.13352,473.0,0.13353,362.0
1753600014192,07:06:54.192,bitget,AERGO/USDT:USDT,0.13346,473.0,0.13345,7492.0,0.13352,473.0,0.13353,362.0
1753600014343,07:06:54.343,bitget,AERGO/USDT:USDT,0.13346,473.0,0.13344,833.0,0.13352,473.0,0.13353,362.0
1753600014643,07:06:54.643,bitget,AERGO/USDT:USDT,0.13346,473.0,0.13344,833.0,0.13352,473.0,0.13353,362.0
1753600014793,07:06:54.793,bitget,AERGO/USDT:USDT,0.13346,473.0,0.13344,833.0,0.13352,473.0,0.13353,362.0
1753600015243,07:06:55.243,bitget,AERGO/USDT:USDT,0.13346,473.0,0.13344,833.0,0.13352,473.0,0.13353,362.0
1753600015843,07:06:55.843,bitget,AERGO/USDT:USDT,0.13346,473.0,0.13342,469.0,0.1335,467.0,0.13351,362.0
1753600015994,07:06:55.994,bitget,AERGO/USDT:USDT,0.13342,1227.0,0.13341,7492.0,0.1335,467.0,0.13351,362.0
1753600016144,07:06:56.144,bitget,AERGO/USDT:USDT,0.13343,467.0,0.13342,758.0,0.1335,467.0,0.13351,362.0
1753600016294,07:06:56.294,bitget,AERGO/USDT:USDT,0.13343,467.0,0.13342,758.0,0.1335,467.0,0.13351,362.0
1753600016444,07:06:56.444,bitget,AERGO/USDT:USDT,0.13343,467.0,0.13342,758.0,0.1335,467.0,0.13351,362.0
1753600016894,07:06:56.894,bitget,AERGO/USDT:USDT,0.13343,467.0,0.13342,758.0,0.1335,467.0,0.13351,362.0
1753600017044,07:06:57.044,bitget,AERGO/USDT:USDT,0.13343,467.0,0.13342,758.0,0.1335,467.0,0.13351,362.0
1753600017344,07:06:57.344,bitget,AERGO/USDT:USDT,0.13343,467.0,0.13342,758.0,0.1335,467.0,0.13351,362.0
1753600017795,07:06:57.795,bitget,AERGO/USDT:USDT,0.13343,467.0,0.13342,758.0,0.1335,467.0,0.13351,362.0
1753600017945,07:06:57.945,bitget,AERGO/USDT:USDT,0.13343,467.0,0.13342,758.0,0.1335,467.0,0.13351,362.0
1753600018095,07:06:58.095,bitget,AERGO/USDT:USDT,0.13343,467.0,0.13342,758.0,0.1335,467.0,0.13351,362.0
1753600018245,07:06:58.245,bitget,AERGO/USDT:USDT,0.13343,467.0,0.13342,758.0,0.1335,467.0,0.13351,362.0
1753600018545,07:06:58.545,bitget,AERGO/USDT:USDT,0.13343,467.0,0.13342,758.0,0.1335,467.0,0.13351,362.0
1753600018995,07:06:58.995,bitget,AERGO/USDT:USDT,0.13343,467.0,0.13342,758.0,0.1335,467.0,0.13351,362.0
1753600019145,07:06:59.145,bitget,AERGO/USDT:USDT,0.13343,467.0,0.13342,758.0,0.1335,467.0,0.13351,362.0
1753600019446,07:06:59.446,bitget,AERGO/USDT:USDT,0.13343,467.0,0.13342,758.0,0.1335,467.0,0.13351,362.0
1753600019746,07:06:59.746,bitget,AERGO/USDT:USDT,0.13343,467.0,0.13342,758.0,0.1335,467.0,0.13351,362.0
1753600020046,07:07:00.046,bitget,AERGO/USDT:USDT,0.13343,467.0,0.13341,7492.0,0.1335,467.0,0.13351,362.0
1753600020346,07:07:00.346,bitget,AERGO/USDT:USDT,0.13343,467.0,0.13341,7492.0,0.1335,467.0,0.13351,362.0
1753600020496,07:07:00.496,bitget,AERGO/USDT:USDT,0.13343,467.0,0.13342,758.0,0.1335,467.0,0.13351,362.0
1753600020646,07:07:00.646,bitget,AERGO/USDT:USDT,0.13343,1891.0,0.13342,758.0,0.1335,467.0,0.13351,362.0
1753600020796,07:07:00.796,bitget,AERGO/USDT:USDT,0.13344,453.0,0.13343,1424.0,0.1335,467.0,0.13351,362.0
1753600020947,07:07:00.947,bitget,AERGO/USDT:USDT,0.13344,453.0,0.13343,1424.0,0.1335,467.0,0.13351,362.0
1753600021097,07:07:01.097,bitget,AERGO/USDT:USDT,0.13344,453.0,0.13343,1424.0,0.1335,467.0,0.13351,362.0
1753600021247,07:07:01.247,bitget,AERGO/USDT:USDT,0.13344,453.0,0.13343,1424.0,0.1335,467.0,0.13351,362.0
1753600021397,07:07:01.397,bitget,AERGO/USDT:USDT,0.13344,453.0,0.13343,1424.0,0.1335,467.0,0.13351,362.0
1753600021697,07:07:01.697,bitget,AERGO/USDT:USDT,0.13344,453.0,0.13343,1424.0,0.1335,467.0,0.13351,362.0
1753600021847,07:07:01.847,bitget,AERGO/USDT:USDT,0.13344,453.0,0.13343,1424.0,0.1335,467.0,0.13351,362.0
1753600021997,07:07:01.997,bitget,AERGO/USDT:USDT,0.13344,453.0,0.13343,1424.0,0.1335,467.0,0.13351,362.0
1753600022598,07:07:02.598,bitget,AERGO/USDT:USDT,0.13344,453.0,0.13343,1424.0,0.1335,467.0,0.13351,362.0
1753600022748,07:07:02.748,bitget,AERGO/USDT:USDT,0.13344,453.0,0.13343,1424.0,0.1335,467.0,0.13351,362.0
1753600022898,07:07:02.898,bitget,AERGO/USDT:USDT,0.13344,453.0,0.13343,1424.0,0.1335,467.0,0.13351,362.0
1753600023048,07:07:03.048,bitget,AERGO/USDT:USDT,0.13344,453.0,0.13343,1424.0,0.1335,467.0,0.13351,362.0
1753600023198,07:07:03.198,bitget,AERGO/USDT:USDT,0.13344,453.0,0.13343,1424.0,0.1335,467.0,0.13351,362.0
1753600023348,07:07:03.348,bitget,AERGO/USDT:USDT,0.13344,453.0,0.13341,833.0,0.1335,467.0,0.13351,362.0
1753600023498,07:07:03.498,bitget,AERGO/USDT:USDT,0.13344,453.0,0.13342,758.0,0.1335,467.0,0.13351,362.0
1753600023798,07:07:03.798,bitget,AERGO/USDT:USDT,0.13344,453.0,0.13342,758.0,0.1335,467.0,0.13351,362.0
1753600024099,07:07:04.099,bitget,AERGO/USDT:USDT,0.13344,453.0,0.13342,758.0,0.1335,467.0,0.13351,362.0
1753600024249,07:07:04.249,bitget,AERGO/USDT:USDT,0.13344,453.0,0.13342,758.0,0.1335,467.0,0.13351,362.0
1753600024399,07:07:04.399,bitget,AERGO/USDT:USDT,0.13344,453.0,0.13342,758.0,0.1335,467.0,0.13351,362.0
1753600024549,07:07:04.549,bitget,AERGO/USDT:USDT,0.13344,453.0,0.13342,758.0,0.1335,467.0,0.13351,362.0
1753600024699,07:07:04.699,bitget,AERGO/USDT:USDT,0.13344,453.0,0.13342,758.0,0.1335,467.0,0.13351,362.0
1753600025149,07:07:05.149,bitget,AERGO/USDT:USDT,0.13344,453.0,0.13342,758.0,0.1335,467.0,0.13351,362.0
1753600025299,07:07:05.299,bitget,AERGO/USDT:USDT,0.13344,453.0,0.13342,758.0,0.1335,467.0,0.13351,362.0
1753600025449,07:07:05.449,bitget,AERGO/USDT:USDT,0.13344,453.0,0.13342,758.0,0.1335,467.0,0.13351,362.0
1753600025599,07:07:05.599,bitget,AERGO/USDT:USDT,0.13344,453.0,0.13341,833.0,0.1335,467.0,0.13351,362.0
1753600025900,07:07:05.900,bitget,AERGO/USDT:USDT,0.13344,453.0,0.13341,833.0,0.1335,467.0,0.13351,362.0
1753600026050,07:07:06.050,bitget,AERGO/USDT:USDT,0.13344,453.0,0.13341,833.0,0.1335,467.0,0.13351,362.0
1753600026200,07:07:06.200,bitget,AERGO/USDT:USDT,0.13344,453.0,0.13342,758.0,0.1335,467.0,0.13351,362.0
1753600026350,07:07:06.350,bitget,AERGO/USDT:USDT,0.13344,453.0,0.13342,758.0,0.1335,467.0,0.13351,362.0
1753600026800,07:07:06.800,bitget,AERGO/USDT:USDT,0.13344,453.0,0.13342,758.0,0.1335,467.0,0.13351,362.0
1753600027251,07:07:07.251,bitget,AERGO/USDT:USDT,0.13344,453.0,0.13342,758.0,0.1335,467.0,0.13351,362.0
1753600027401,07:07:07.401,bitget,AERGO/USDT:USDT,0.13344,453.0,0.13342,758.0,0.1335,467.0,0.13351,362.0
1753600027551,07:07:07.551,bitget,AERGO/USDT:USDT,0.13344,453.0,0.13342,758.0,0.1335,467.0,0.13351,362.0
1753600028001,07:07:08.001,bitget,AERGO/USDT:USDT,0.13344,453.0,0.13342,758.0,0.1335,467.0,0.13351,362.0
1753600028151,07:07:08.151,bitget,AERGO/USDT:USDT,0.13344,453.0,0.13342,758.0,0.1335,467.0,0.13351,362.0
1753600028301,07:07:08.301,bitget,AERGO/USDT:USDT,0.13344,453.0,0.13342,758.0,0.1335,467.0,0.13351,362.0
1753600028451,07:07:08.451,bitget,AERGO/USDT:USDT,0.13344,453.0,0.13342,758.0,0.1335,467.0,0.13351,362.0
1753600028902,07:07:08.902,bitget,AERGO/USDT:USDT,0.13344,453.0,0.13342,758.0,0.1335,467.0,0.13351,362.0
1753600029052,07:07:09.052,bitget,AERGO/USDT:USDT,0.13344,453.0,0.13342,758.0,0.1335,467.0,0.13351,362.0
1753600029202,07:07:09.202,bitget,AERGO/USDT:USDT,0.13344,453.0,0.13342,758.0,0.1335,467.0,0.13351,362.0
1753600029352,07:07:09.352,bitget,AERGO/USDT:USDT,0.13344,453.0,0.13342,758.0,0.1335,467.0,0.13351,362.0
1753600029502,07:07:09.502,bitget,AERGO/USDT:USDT,0.13344,453.0,0.13342,758.0,0.1335,467.0,0.13351,362.0
1753600029652,07:07:09.652,bitget,AERGO/USDT:USDT,0.13344,453.0,0.13342,758.0,0.1335,467.0,0.13351,362.0
1753600029952,07:07:09.952,bitget,AERGO/USDT:USDT,0.13344,453.0,0.13342,758.0,0.1335,467.0,0.13351,362.0
1753600030102,07:07:10.102,bitget,AERGO/USDT:USDT,0.13344,453.0,0.13342,758.0,0.1335,467.0,0.13351,362.0
1753600030252,07:07:10.252,bitget,AERGO/USDT:USDT,0.13344,453.0,0.13342,758.0,0.1335,467.0,0.13351,362.0
1753600030553,07:07:10.553,bitget,AERGO/USDT:USDT,0.13344,453.0,0.13342,758.0,0.1335,467.0,0.13351,362.0
1753600030703,07:07:10.703,bitget,AERGO/USDT:USDT,0.13344,453.0,0.13342,758.0,0.1335,467.0,0.13351,362.0
1753600030853,07:07:10.853,bitget,AERGO/USDT:USDT,0.13344,453.0,0.13342,758.0,0.1335,467.0,0.13351,362.0
1753600031003,07:07:11.003,bitget,AERGO/USDT:USDT,0.13344,453.0,0.13342,758.0,0.1335,467.0,0.13351,362.0
1753600031453,07:07:11.453,bitget,AERGO/USDT:USDT,0.13344,453.0,0.13342,758.0,0.1335,467.0,0.13351,362.0
1753600031903,07:07:11.903,bitget,AERGO/USDT:USDT,0.13344,453.0,0.13342,758.0,0.1335,467.0,0.13351,362.0
1753600032204,07:07:12.204,bitget,AERGO/USDT:USDT,0.13344,453.0,0.13342,758.0,0.1335,467.0,0.13351,362.0
1753600032354,07:07:12.354,bitget,AERGO/USDT:USDT,0.13344,453.0,0.13342,758.0,0.1335,467.0,0.13351,362.0
1753600032504,07:07:12.504,bitget,AERGO/USDT:USDT,0.13344,453.0,0.13342,758.0,0.1335,467.0,0.13351,362.0
1753600032954,07:07:12.954,bitget,AERGO/USDT:USDT,0.13344,453.0,0.13342,758.0,0.1335,467.0,0.13351,362.0
1753600033104,07:07:13.104,bitget,AERGO/USDT:USDT,0.13344,453.0,0.13342,758.0,0.1335,467.0,0.13351,362.0
1753600033254,07:07:13.254,bitget,AERGO/USDT:USDT,0.13344,453.0,0.13342,758.0,0.1335,467.0,0.13351,362.0
1753600033404,07:07:13.404,bitget,AERGO/USDT:USDT,0.13344,453.0,0.13341,833.0,0.1335,467.0,0.13351,362.0
1753600033555,07:07:13.555,bitget,AERGO/USDT:USDT,0.13344,453.0,0.13341,833.0,0.1335,467.0,0.13351,362.0
1753600033705,07:07:13.705,bitget,AERGO/USDT:USDT,0.13344,453.0,0.13343,7492.0,0.13349,362.0,0.1335,467.0
1753600033855,07:07:13.855,bitget,AERGO/USDT:USDT,0.13344,453.0,0.13343,7492.0,0.13348,452.0,0.13349,362.0
1753600034155,07:07:14.155,bitget,AERGO/USDT:USDT,0.13344,453.0,0.13343,7492.0,0.13348,452.0,0.13349,362.0
1753600034455,07:07:14.455,bitget,AERGO/USDT:USDT,0.13344,453.0,0.13343,7492.0,0.13348,452.0,0.13349,362.0
1753600034605,07:07:14.605,bitget,AERGO/USDT:USDT,0.13344,453.0,0.13343,7492.0,0.13348,452.0,0.13349,362.0
1753600034756,07:07:14.756,bitget,AERGO/USDT:USDT,0.13344,453.0,0.13343,7492.0,0.13348,452.0,0.13349,362.0
1753600035056,07:07:15.056,bitget,AERGO/USDT:USDT,0.13344,453.0,0.13343,7492.0,0.13348,452.0,0.13349,362.0
1753600035506,07:07:15.506,bitget,AERGO/USDT:USDT,0.13344,453.0,0.13343,7492.0,0.13348,452.0,0.13349,362.0
1753600035656,07:07:15.656,bitget,AERGO/USDT:USDT,0.13344,453.0,0.13343,7492.0,0.13348,452.0,0.13349,362.0
1753600035956,07:07:15.956,bitget,AERGO/USDT:USDT,0.13344,453.0,0.13343,7492.0,0.13348,452.0,0.13349,362.0
1753600036106,07:07:16.106,bitget,AERGO/USDT:USDT,0.13344,453.0,0.13343,7492.0,0.13348,452.0,0.13349,362.0
1753600036707,07:07:16.707,bitget,AERGO/USDT:USDT,0.13344,453.0,0.13343,7492.0,0.13348,452.0,0.13349,362.0
1753600037157,07:07:17.157,bitget,AERGO/USDT:USDT,0.13344,453.0,0.13343,7492.0,0.13348,452.0,0.13349,362.0
1753600037457,07:07:17.457,bitget,AERGO/USDT:USDT,0.13344,453.0,0.13343,7492.0,0.13348,452.0,0.13349,362.0
1753600037757,07:07:17.757,bitget,AERGO/USDT:USDT,0.13344,453.0,0.13343,7492.0,0.13348,452.0,0.13349,362.0
1753600037907,07:07:17.907,bitget,AERGO/USDT:USDT,0.13344,453.0,0.13343,7492.0,0.13348,452.0,0.13349,362.0
1753600038058,07:07:18.058,bitget,AERGO/USDT:USDT,0.13344,453.0,0.13343,7492.0,0.13348,452.0,0.13349,362.0
1753600038208,07:07:18.208,bitget,AERGO/USDT:USDT,0.13344,453.0,0.13343,7492.0,0.13348,452.0,0.13349,362.0
1753600038358,07:07:18.358,bitget,AERGO/USDT:USDT,0.13344,453.0,0.13343,7492.0,0.13348,452.0,0.13349,362.0
1753600038808,07:07:18.808,bitget,AERGO/USDT:USDT,0.13344,453.0,0.13341,833.0,0.13348,452.0,0.13349,362.0
1753600039108,07:07:19.108,bitget,AERGO/USDT:USDT,0.13344,453.0,0.13341,833.0,0.13348,452.0,0.13349,362.0
1753600039258,07:07:19.258,bitget,AERGO/USDT:USDT,0.13344,453.0,0.13341,833.0,0.13348,452.0,0.13349,362.0
1753600039408,07:07:19.408,bitget,AERGO/USDT:USDT,0.13344,453.0,0.13341,833.0,0.13348,452.0,0.13349,362.0
1753600039558,07:07:19.558,bitget,AERGO/USDT:USDT,0.13344,453.0,0.13341,833.0,0.13348,452.0,0.13349,362.0
1753600039859,07:07:19.859,bitget,AERGO/USDT:USDT,0.13344,453.0,0.13341,833.0,0.13348,452.0,0.13349,362.0
1753600040009,07:07:20.009,bitget,AERGO/USDT:USDT,0.13344,453.0,0.13341,833.0,0.13348,452.0,0.13349,362.0
1753600040309,07:07:20.309,bitget,AERGO/USDT:USDT,0.13344,453.0,0.13341,833.0,0.13348,452.0,0.13349,362.0
1753600040759,07:07:20.759,bitget,AERGO/USDT:USDT,0.13344,453.0,0.13341,833.0,0.13348,452.0,0.13349,362.0
1753600040909,07:07:20.909,bitget,AERGO/USDT:USDT,0.13344,453.0,0.13341,833.0,0.13348,452.0,0.13349,362.0
1753600041059,07:07:21.059,bitget,AERGO/USDT:USDT,0.13344,453.0,0.13341,833.0,0.13348,452.0,0.13349,362.0
1753600041210,07:07:21.210,bitget,AERGO/USDT:USDT,0.13344,453.0,0.13341,833.0,0.13348,452.0,0.13349,362.0
1753600041360,07:07:21.360,bitget,AERGO/USDT:USDT,0.13344,453.0,0.13341,833.0,0.13348,452.0,0.13349,362.0
1753600041660,07:07:21.660,bitget,AERGO/USDT:USDT,0.13344,453.0,0.13341,833.0,0.13348,452.0,0.13349,362.0
1753600041960,07:07:21.960,bitget,AERGO/USDT:USDT,0.13344,453.0,0.13341,833.0,0.13348,452.0,0.13349,362.0
1753600042110,07:07:22.110,bitget,AERGO/USDT:USDT,0.13344,453.0,0.13341,833.0,0.13348,452.0,0.13349,362.0
1753600042410,07:07:22.410,bitget,AERGO/USDT:USDT,0.13344,453.0,0.13341,833.0,0.13348,452.0,0.13349,362.0
1753600042560,07:07:22.560,bitget,AERGO/USDT:USDT,0.13344,453.0,0.13341,833.0,0.13348,452.0,0.13349,362.0
1753600042861,07:07:22.861,bitget,AERGO/USDT:USDT,0.13344,453.0,0.13341,833.0,0.13348,452.0,0.13349,362.0
1753600043461,07:07:23.461,bitget,AERGO/USDT:USDT,0.13344,453.0,0.13341,833.0,0.13348,452.0,0.13349,362.0
1753600043761,07:07:23.761,bitget,AERGO/USDT:USDT,0.13344,453.0,0.13341,833.0,0.13348,452.0,0.13349,362.0
1753600043911,07:07:23.911,bitget,AERGO/USDT:USDT,0.13344,453.0,0.13341,833.0,0.13348,452.0,0.13349,362.0
1753600044361,07:07:24.361,bitget,AERGO/USDT:USDT,0.13344,453.0,0.13341,833.0,0.13348,452.0,0.13349,362.0
1753600044512,07:07:24.512,bitget,AERGO/USDT:USDT,0.13344,453.0,0.13341,833.0,0.13348,452.0,0.13349,362.0
1753600044662,07:07:24.662,bitget,AERGO/USDT:USDT,0.13344,453.0,0.13341,833.0,0.13348,452.0,0.13349,362.0
1753600044812,07:07:24.812,bitget,AERGO/USDT:USDT,0.13344,453.0,0.13341,833.0,0.13348,452.0,0.13349,362.0
1753600045262,07:07:25.262,bitget,AERGO/USDT:USDT,0.13344,453.0,0.13341,833.0,0.13348,452.0,0.13349,362.0
1753600045562,07:07:25.562,bitget,AERGO/USDT:USDT,0.13344,453.0,0.13341,833.0,0.13348,452.0,0.13349,362.0
1753600045862,07:07:25.862,bitget,AERGO/USDT:USDT,0.13344,453.0,0.13341,833.0,0.13348,452.0,0.13349,362.0
1753600046013,07:07:26.013,bitget,AERGO/USDT:USDT,0.13344,453.0,0.13341,833.0,0.13348,452.0,0.13349,362.0
1753600046163,07:07:26.163,bitget,AERGO/USDT:USDT,0.13344,453.0,0.13341,833.0,0.13348,452.0,0.13349,362.0
1753600046463,07:07:26.463,bitget,AERGO/USDT:USDT,0.13344,453.0,0.13341,833.0,0.13348,452.0,0.13349,362.0
1753600046613,07:07:26.613,bitget,AERGO/USDT:USDT,0.13344,453.0,0.13341,833.0,0.13348,452.0,0.13349,362.0
1753600046763,07:07:26.763,bitget,AERGO/USDT:USDT,0.13344,453.0,0.13341,833.0,0.13348,452.0,0.13349,362.0
1753600046913,07:07:26.913,bitget,AERGO/USDT:USDT,0.13344,453.0,0.13341,833.0,0.13348,452.0,0.13349,362.0
1753600047363,07:07:27.363,bitget,AERGO/USDT:USDT,0.13344,453.0,0.13341,833.0,0.13348,452.0,0.13349,362.0
1753600047664,07:07:27.664,bitget,AERGO/USDT:USDT,0.13344,453.0,0.13341,833.0,0.13348,452.0,0.13349,362.0
1753600047814,07:07:27.814,bitget,AERGO/USDT:USDT,0.13344,453.0,0.13341,833.0,0.13348,452.0,0.13349,362.0
1753600047964,07:07:27.964,bitget,AERGO/USDT:USDT,0.13344,453.0,0.13341,833.0,0.13348,452.0,0.13349,362.0
1753600048264,07:07:28.264,bitget,AERGO/USDT:USDT,0.13344,453.0,0.13341,833.0,0.13348,452.0,0.13349,362.0
1753600048564,07:07:28.564,bitget,AERGO/USDT:USDT,0.13344,453.0,0.13341,833.0,0.13348,452.0,0.13349,362.0
1753600048864,07:07:28.864,bitget,AERGO/USDT:USDT,0.13345,457.0,0.13344,1148.0,0.13348,452.0,0.13349,362.0
1753600049915,07:07:29.915,bitget,AERGO/USDT:USDT,0.13345,457.0,0.13344,1148.0,0.13348,452.0,0.13349,362.0
1753600050065,07:07:30.065,bitget,AERGO/USDT:USDT,0.13345,457.0,0.13344,1148.0,0.13348,452.0,0.13349,362.0
1753600050215,07:07:30.215,bitget,AERGO/USDT:USDT,0.13345,457.0,0.13344,1148.0,0.13348,452.0,0.13349,362.0
1753600050365,07:07:30.365,bitget,AERGO/USDT:USDT,0.13345,457.0,0.13344,1148.0,0.13348,452.0,0.13349,362.0
1753600050515,07:07:30.515,bitget,AERGO/USDT:USDT,0.13345,457.0,0.13344,1148.0,0.13348,452.0,0.13349,362.0
1753600050815,07:07:30.815,bitget,AERGO/USDT:USDT,0.13345,457.0,0.13344,1148.0,0.13348,452.0,0.13349,362.0
1753600050966,07:07:30.966,bitget,AERGO/USDT:USDT,0.13345,457.0,0.13344,1148.0,0.13348,452.0,0.13349,362.0
1753600051116,07:07:31.116,bitget,AERGO/USDT:USDT,0.13345,457.0,0.13344,1148.0,0.13348,452.0,0.13349,362.0
1753600051416,07:07:31.416,bitget,AERGO/USDT:USDT,0.13345,457.0,0.13344,1148.0,0.13348,452.0,0.13349,362.0
1753600051716,07:07:31.716,bitget,AERGO/USDT:USDT,0.13345,457.0,0.13344,574.0,0.13348,452.0,0.13349,362.0
1753600052016,07:07:32.016,bitget,AERGO/USDT:USDT,0.13343,457.0,0.1334,7494.0,0.13348,452.0,0.13349,362.0
1753600052316,07:07:32.316,bitget,AERGO/USDT:USDT,0.13343,457.0,0.1334,7494.0,0.13348,452.0,0.13349,362.0
1753600052466,07:07:32.466,bitget,AERGO/USDT:USDT,0.13339,1521.0,0.13337,677.0,0.13348,452.0,0.13349,362.0
1753600052617,07:07:32.617,bitget,AERGO/USDT:USDT,0.13341,457.0,0.13339,1521.0,0.13348,814.0,0.13349,362.0
1753600052917,07:07:32.917,bitget,AERGO/USDT:USDT,0.13341,457.0,0.13339,1521.0,0.13347,457.0,0.13348,362.0
1753600053217,07:07:33.217,bitget,AERGO/USDT:USDT,0.13341,457.0,0.13339,1521.0,0.13347,457.0,0.13348,362.0
1753600053367,07:07:33.367,bitget,AERGO/USDT:USDT,0.13341,457.0,0.13339,1521.0,0.13347,457.0,0.13348,362.0
1753600053818,07:07:33.818,bitget,AERGO/USDT:USDT,0.13341,457.0,0.13339,1521.0,0.13347,457.0,0.13348,362.0
1753600054118,07:07:34.118,bitget,AERGO/USDT:USDT,0.13341,457.0,0.13339,1521.0,0.13347,457.0,0.13348,362.0
1753600054268,07:07:34.268,bitget,AERGO/USDT:USDT,0.13341,457.0,0.13339,1521.0,0.13347,457.0,0.13348,362.0
1753600054568,07:07:34.568,bitget,AERGO/USDT:USDT,0.13341,457.0,0.13339,1521.0,0.13347,457.0,0.13348,362.0
1753600054718,07:07:34.718,bitget,AERGO/USDT:USDT,0.13341,457.0,0.13339,1521.0,0.13347,457.0,0.13348,362.0
1753600054868,07:07:34.868,bitget,AERGO/USDT:USDT,0.13341,457.0,0.13339,1521.0,0.13347,457.0,0.13348,362.0
1753600055018,07:07:35.018,bitget,AERGO/USDT:USDT,0.13341,457.0,0.13339,1521.0,0.13347,457.0,0.13348,362.0
1753600055319,07:07:35.319,bitget,AERGO/USDT:USDT,0.13341,457.0,0.13339,1521.0,0.13347,457.0,0.13348,362.0
1753600055619,07:07:35.619,bitget,AERGO/USDT:USDT,0.13341,457.0,0.13339,1521.0,0.13347,457.0,0.13348,362.0
1753600055769,07:07:35.769,bitget,AERGO/USDT:USDT,0.13341,457.0,0.13339,1521.0,0.13347,457.0,0.13348,362.0
1753600056369,07:07:36.369,bitget,AERGO/USDT:USDT,0.13341,457.0,0.13339,1521.0,0.13347,457.0,0.13348,362.0
1753600056519,07:07:36.519,bitget,AERGO/USDT:USDT,0.13341,457.0,0.13339,1521.0,0.13347,457.0,0.13348,362.0
1753600056670,07:07:36.670,bitget,AERGO/USDT:USDT,0.13341,457.0,0.13339,1521.0,0.13347,457.0,0.13348,362.0
1753600056820,07:07:36.820,bitget,AERGO/USDT:USDT,0.13341,457.0,0.13339,1521.0,0.13347,457.0,0.13348,362.0
1753600057120,07:07:37.120,bitget,AERGO/USDT:USDT,0.13341,457.0,0.13339,1521.0,0.13347,457.0,0.13348,362.0
1753600057570,07:07:37.570,bitget,AERGO/USDT:USDT,0.13341,457.0,0.13339,1521.0,0.13347,457.0,0.13348,362.0
1753600057870,07:07:37.870,bitget,AERGO/USDT:USDT,0.13341,457.0,0.13339,1521.0,0.13347,457.0,0.13348,362.0
1753600058020,07:07:38.020,bitget,AERGO/USDT:USDT,0.13341,457.0,0.13339,1521.0,0.13347,457.0,0.13348,362.0
1753600058171,07:07:38.171,bitget,AERGO/USDT:USDT,0.13341,457.0,0.13339,1521.0,0.13347,457.0,0.13348,362.0
1753600058321,07:07:38.321,bitget,AERGO/USDT:USDT,0.13341,457.0,0.13339,1521.0,0.13347,457.0,0.13348,362.0
1753600058471,07:07:38.471,bitget,AERGO/USDT:USDT,0.13341,457.0,0.13339,1521.0,0.13347,457.0,0.13348,362.0
1753600058621,07:07:38.621,bitget,AERGO/USDT:USDT,0.13341,457.0,0.13339,1521.0,0.13347,457.0,0.13348,362.0
1753600058771,07:07:38.771,bitget,AERGO/USDT:USDT,0.13341,457.0,0.13339,1521.0,0.13347,457.0,0.13348,362.0
1753600058921,07:07:38.921,bitget,AERGO/USDT:USDT,0.13341,457.0,0.13339,1521.0,0.13347,457.0,0.13348,362.0
1753600059221,07:07:39.221,bitget,AERGO/USDT:USDT,0.13341,457.0,0.13339,1521.0,0.13347,457.0,0.13348,362.0
1753600059371,07:07:39.371,bitget,AERGO/USDT:USDT,0.13341,457.0,0.13339,1521.0,0.13347,457.0,0.13348,362.0
1753600059521,07:07:39.521,bitget,AERGO/USDT:USDT,0.13341,457.0,0.13339,1521.0,0.13347,457.0,0.13348,362.0
1753600059671,07:07:39.671,bitget,AERGO/USDT:USDT,0.13341,457.0,0.13339,1521.0,0.13347,457.0,0.13348,362.0
1753600059972,07:07:39.972,bitget,AERGO/USDT:USDT,0.13341,457.0,0.13339,1521.0,0.13347,457.0,0.13348,362.0
1753600060122,07:07:40.122,bitget,AERGO/USDT:USDT,0.13341,457.0,0.13339,1521.0,0.13347,457.0,0.13348,362.0
1753600060272,07:07:40.272,bitget,AERGO/USDT:USDT,0.13341,457.0,0.13339,1521.0,0.13347,457.0,0.13348,362.0
1753600060422,07:07:40.422,bitget,AERGO/USDT:USDT,0.13341,457.0,0.13339,1521.0,0.13347,457.0,0.13348,362.0
1753600060572,07:07:40.572,bitget,AERGO/USDT:USDT,0.13341,457.0,0.13339,1521.0,0.13347,457.0,0.13348,362.0
1753600060722,07:07:40.722,bitget,AERGO/USDT:USDT,0.13341,457.0,0.13339,1521.0,0.13347,457.0,0.13348,362.0
1753600060872,07:07:40.872,bitget,AERGO/USDT:USDT,0.13341,457.0,0.13339,1521.0,0.13347,457.0,0.13348,362.0
1753600061022,07:07:41.022,bitget,AERGO/USDT:USDT,0.13341,457.0,0.13339,1521.0,0.13347,457.0,0.13348,362.0
1753600061172,07:07:41.172,bitget,AERGO/USDT:USDT,0.13341,457.0,0.13339,1521.0,0.13347,457.0,0.13348,362.0
1753600061473,07:07:41.473,bitget,AERGO/USDT:USDT,0.13341,457.0,0.13339,1521.0,0.13347,457.0,0.13348,362.0
1753600061623,07:07:41.623,bitget,AERGO/USDT:USDT,0.13341,457.0,0.13339,1521.0,0.13347,457.0,0.13348,362.0
1753600061773,07:07:41.773,bitget,AERGO/USDT:USDT,0.13341,457.0,0.13339,1521.0,0.13347,457.0,0.13348,362.0
1753600061923,07:07:41.923,bitget,AERGO/USDT:USDT,0.13341,457.0,0.13339,1521.0,0.13347,457.0,0.13348,362.0
1753600062223,07:07:42.223,bitget,AERGO/USDT:USDT,0.13341,457.0,0.13339,1521.0,0.13347,457.0,0.13348,362.0
1753600062373,07:07:42.373,bitget,AERGO/USDT:USDT,0.13341,457.0,0.13339,1521.0,0.13347,457.0,0.13348,362.0
1753600062523,07:07:42.523,bitget,AERGO/USDT:USDT,0.13341,457.0,0.13339,1521.0,0.13347,457.0,0.13348,362.0
1753600062823,07:07:42.823,bitget,AERGO/USDT:USDT,0.13341,457.0,0.13339,1521.0,0.13347,457.0,0.13348,362.0
1753600062974,07:07:42.974,bitget,AERGO/USDT:USDT,0.13341,457.0,0.13339,1521.0,0.13347,457.0,0.13348,362.0
1753600063274,07:07:43.274,bitget,AERGO/USDT:USDT,0.13341,457.0,0.13339,1521.0,0.13347,457.0,0.13348,362.0
1753600063424,07:07:43.424,bitget,AERGO/USDT:USDT,0.13341,457.0,0.13339,1521.0,0.13347,457.0,0.13348,362.0
1753600063574,07:07:43.574,bitget,AERGO/USDT:USDT,0.13341,457.0,0.13339,1521.0,0.13347,457.0,0.13348,362.0
1753600063724,07:07:43.724,bitget,AERGO/USDT:USDT,0.13341,457.0,0.13339,1521.0,0.13347,457.0,0.13348,362.0
1753600064024,07:07:44.024,bitget,AERGO/USDT:USDT,0.13341,457.0,0.13339,1521.0,0.13347,457.0,0.13348,362.0
1753600064174,07:07:44.174,bitget,AERGO/USDT:USDT,0.13341,457.0,0.13339,1521.0,0.13347,457.0,0.13348,362.0
1753600064324,07:07:44.324,bitget,AERGO/USDT:USDT,0.13341,457.0,0.13339,1521.0,0.13347,457.0,0.13348,362.0
1753600064474,07:07:44.474,bitget,AERGO/USDT:USDT,0.13341,457.0,0.13339,1521.0,0.13347,457.0,0.13348,362.0
1753600064775,07:07:44.775,bitget,AERGO/USDT:USDT,0.13341,457.0,0.13339,1521.0,0.13347,457.0,0.13348,362.0
1753600064925,07:07:44.925,bitget,AERGO/USDT:USDT,0.13341,457.0,0.13339,1521.0,0.13347,457.0,0.13348,362.0
1753600065075,07:07:45.075,bitget,AERGO/USDT:USDT,0.13341,457.0,0.13339,1521.0,0.13347,457.0,0.13348,362.0
1753600065225,07:07:45.225,bitget,AERGO/USDT:USDT,0.13341,457.0,0.13339,1521.0,0.13347,457.0,0.13348,362.0
1753600065375,07:07:45.375,bitget,AERGO/USDT:USDT,0.13341,457.0,0.13339,1521.0,0.13347,457.0,0.13348,362.0
1753600065525,07:07:45.525,bitget,AERGO/USDT:USDT,0.13341,457.0,0.13339,1521.0,0.13347,457.0,0.13348,362.0
1753600065675,07:07:45.675,bitget,AERGO/USDT:USDT,0.13341,457.0,0.13339,1521.0,0.13347,457.0,0.13348,362.0
1753600065825,07:07:45.825,bitget,AERGO/USDT:USDT,0.13341,457.0,0.13339,1521.0,0.13347,457.0,0.13348,362.0
1753600065975,07:07:45.975,bitget,AERGO/USDT:USDT,0.13341,457.0,0.13339,1521.0,0.13347,457.0,0.13348,362.0
1753600066126,07:07:46.126,bitget,AERGO/USDT:USDT,0.13341,457.0,0.13339,1521.0,0.13347,457.0,0.13348,362.0
1753600066426,07:07:46.426,bitget,AERGO/USDT:USDT,0.13341,457.0,0.13339,1521.0,0.13347,457.0,0.13348,362.0
1753600066726,07:07:46.726,bitget,AERGO/USDT:USDT,0.13341,457.0,0.13339,1521.0,0.13347,457.0,0.13348,362.0
1753600067176,07:07:47.176,bitget,AERGO/USDT:USDT,0.13341,457.0,0.13339,1521.0,0.13347,457.0,0.13348,362.0
1753600067326,07:07:47.326,bitget,AERGO/USDT:USDT,0.13341,457.0,0.13339,1521.0,0.13347,457.0,0.13348,362.0
1753600067626,07:07:47.626,bitget,AERGO/USDT:USDT,0.13341,457.0,0.13339,1521.0,0.13347,457.0,0.13348,362.0
1753600067777,07:07:47.777,bitget,AERGO/USDT:USDT,0.13341,457.0,0.13339,1521.0,0.13347,457.0,0.13348,362.0
1753600067927,07:07:47.927,bitget,AERGO/USDT:USDT,0.13341,457.0,0.13339,1521.0,0.13347,457.0,0.13348,362.0
1753600068077,07:07:48.077,bitget,AERGO/USDT:USDT,0.13341,457.0,0.13339,1521.0,0.13347,457.0,0.13348,362.0
1753600068227,07:07:48.227,bitget,AERGO/USDT:USDT,0.13341,457.0,0.13339,1521.0,0.13347,457.0,0.13348,362.0
1753600068527,07:07:48.527,bitget,AERGO/USDT:USDT,0.13341,457.0,0.13339,1521.0,0.13347,457.0,0.13348,362.0
1753600068677,07:07:48.677,bitget,AERGO/USDT:USDT,0.13341,457.0,0.13339,1521.0,0.13347,457.0,0.13348,362.0
1753600068827,07:07:48.827,bitget,AERGO/USDT:USDT,0.13341,457.0,0.13339,1521.0,0.13347,457.0,0.13348,362.0
1753600068977,07:07:48.977,bitget,AERGO/USDT:USDT,0.13341,457.0,0.13339,1521.0,0.13347,457.0,0.13348,362.0
1753600069278,07:07:49.278,bitget,AERGO/USDT:USDT,0.13341,457.0,0.13339,1521.0,0.13347,457.0,0.13348,362.0
1753600069577,07:07:49.577,bitget,AERGO/USDT:USDT,0.13341,457.0,0.13339,1521.0,0.13347,457.0,0.13348,362.0
1753600069728,07:07:49.728,bitget,AERGO/USDT:USDT,0.13341,457.0,0.13339,1521.0,0.13347,457.0,0.13348,362.0
1753600069878,07:07:49.878,bitget,AERGO/USDT:USDT,0.13341,457.0,0.13339,1521.0,0.13347,457.0,0.13348,362.0
1753600070028,07:07:50.028,bitget,AERGO/USDT:USDT,0.13341,457.0,0.13339,1521.0,0.13347,457.0,0.13348,362.0
1753600070328,07:07:50.328,bitget,AERGO/USDT:USDT,0.13341,457.0,0.13339,1521.0,0.13347,457.0,0.13348,362.0
1753600070628,07:07:50.628,bitget,AERGO/USDT:USDT,0.13341,457.0,0.13339,1521.0,0.13347,457.0,0.13348,362.0
1753600070778,07:07:50.778,bitget,AERGO/USDT:USDT,0.13341,457.0,0.13339,1521.0,0.13347,457.0,0.13348,362.0
1753600070928,07:07:50.928,bitget,AERGO/USDT:USDT,0.13341,457.0,0.13339,1521.0,0.13347,457.0,0.13348,362.0
1753600071079,07:07:51.079,bitget,AERGO/USDT:USDT,0.13341,457.0,0.13339,1521.0,0.13347,457.0,0.13348,362.0
1753600071379,07:07:51.379,bitget,AERGO/USDT:USDT,0.13341,457.0,0.13339,1521.0,0.13347,457.0,0.13348,362.0
1753600071529,07:07:51.529,bitget,AERGO/USDT:USDT,0.13341,457.0,0.13339,1521.0,0.13347,457.0,0.13348,362.0
1753600071679,07:07:51.679,bitget,AERGO/USDT:USDT,0.13341,457.0,0.13339,1521.0,0.13347,457.0,0.13348,362.0
1753600071829,07:07:51.829,bitget,AERGO/USDT:USDT,0.13341,457.0,0.13339,1521.0,0.13347,457.0,0.13348,362.0
1753600071979,07:07:51.979,bitget,AERGO/USDT:USDT,0.13341,457.0,0.13339,1521.0,0.13347,457.0,0.13348,362.0
1753600072129,07:07:52.129,bitget,AERGO/USDT:USDT,0.13341,457.0,0.13339,1521.0,0.13347,457.0,0.13348,362.0
1753600072279,07:07:52.279,bitget,AERGO/USDT:USDT,0.13341,457.0,0.13339,1521.0,0.13347,457.0,0.13348,362.0
1753600072580,07:07:52.580,bitget,AERGO/USDT:USDT,0.13341,457.0,0.13339,1521.0,0.13347,457.0,0.13348,362.0
1753600072730,07:07:52.730,bitget,AERGO/USDT:USDT,0.13341,457.0,0.13339,1521.0,0.13347,457.0,0.13348,362.0
1753600073030,07:07:53.030,bitget,AERGO/USDT:USDT,0.13341,457.0,0.13339,1521.0,0.13347,457.0,0.13348,362.0
1753600073330,07:07:53.330,bitget,AERGO/USDT:USDT,0.13341,457.0,0.13339,1521.0,0.13347,457.0,0.13348,362.0
1753600073480,07:07:53.480,bitget,AERGO/USDT:USDT,0.13341,457.0,0.13339,1521.0,0.13347,457.0,0.13348,362.0
1753600073780,07:07:53.780,bitget,AERGO/USDT:USDT,0.13341,457.0,0.13339,1521.0,0.13347,457.0,0.13348,362.0
1753600073930,07:07:53.930,bitget,AERGO/USDT:USDT,0.13341,457.0,0.13339,1521.0,0.13347,457.0,0.13348,362.0
1753600074080,07:07:54.080,bitget,AERGO/USDT:USDT,0.13341,457.0,0.13339,1521.0,0.13347,457.0,0.13348,362.0
1753600074231,07:07:54.231,bitget,AERGO/USDT:USDT,0.13341,457.0,0.13339,1521.0,0.13347,457.0,0.13348,362.0
1753600074381,07:07:54.381,bitget,AERGO/USDT:USDT,0.13341,457.0,0.13339,1521.0,0.13347,457.0,0.13348,362.0
1753600074831,07:07:54.831,bitget,AERGO/USDT:USDT,0.13341,457.0,0.13339,1521.0,0.13347,457.0,0.13348,362.0
1753600074981,07:07:54.981,bitget,AERGO/USDT:USDT,0.13341,457.0,0.13339,1521.0,0.13347,457.0,0.13348,362.0
1753600075431,07:07:55.431,bitget,AERGO/USDT:USDT,0.13341,457.0,0.13339,1521.0,0.13347,457.0,0.13348,362.0
1753600075582,07:07:55.582,bitget,AERGO/USDT:USDT,0.13341,457.0,0.13336,3362.0,0.13347,457.0,0.13348,362.0
1753600075882,07:07:55.882,bitget,AERGO/USDT:USDT,0.13341,457.0,0.13336,3362.0,0.13347,457.0,0.13348,362.0
1753600076032,07:07:56.032,bitget,AERGO/USDT:USDT,0.13341,457.0,0.13336,3362.0,0.13347,457.0,0.13348,362.0
1753600076182,07:07:56.182,bitget,AERGO/USDT:USDT,0.13341,457.0,0.13336,3362.0,0.13347,457.0,0.13348,362.0
1753600076332,07:07:56.332,bitget,AERGO/USDT:USDT,0.13341,457.0,0.13336,3362.0,0.13347,457.0,0.13348,362.0
1753600076632,07:07:56.632,bitget,AERGO/USDT:USDT,0.13341,457.0,0.13336,3362.0,0.13347,457.0,0.13348,362.0
1753600076782,07:07:56.782,bitget,AERGO/USDT:USDT,0.13341,457.0,0.13336,3362.0,0.13347,457.0,0.13348,362.0
1753600076932,07:07:56.932,bitget,AERGO/USDT:USDT,0.13341,457.0,0.13336,3362.0,0.13347,457.0,0.13348,362.0
1753600077233,07:07:57.233,bitget,AERGO/USDT:USDT,0.13341,457.0,0.13336,3362.0,0.13347,457.0,0.13348,362.0
1753600077383,07:07:57.383,bitget,AERGO/USDT:USDT,0.13341,457.0,0.13336,3362.0,0.13347,457.0,0.13348,362.0
1753600077533,07:07:57.533,bitget,AERGO/USDT:USDT,0.13341,457.0,0.13338,3747.0,0.13347,457.0,0.13348,362.0
1753600077983,07:07:57.983,bitget,AERGO/USDT:USDT,0.13341,457.0,0.13339,1521.0,0.13347,457.0,0.13348,362.0
1753600078133,07:07:58.133,bitget,AERGO/USDT:USDT,0.13341,457.0,0.13339,1521.0,0.13347,457.0,0.13348,362.0
1753600078584,07:07:58.584,bitget,AERGO/USDT:USDT,0.13341,457.0,0.13339,2354.0,0.13347,457.0,0.13348,362.0
1753600078734,07:07:58.734,bitget,AERGO/USDT:USDT,0.13341,457.0,0.13339,2354.0,0.13347,457.0,0.13348,362.0
1753600078884,07:07:58.884,bitget,AERGO/USDT:USDT,0.13341,457.0,0.13339,2354.0,0.13347,457.0,0.13348,362.0
1753600079034,07:07:59.034,bitget,AERGO/USDT:USDT,0.13341,457.0,0.13339,2354.0,0.13347,457.0,0.13348,362.0
1753600079184,07:07:59.184,bitget,AERGO/USDT:USDT,0.13341,457.0,0.13339,2354.0,0.13347,457.0,0.13348,362.0
1753600079334,07:07:59.334,bitget,AERGO/USDT:USDT,0.13341,457.0,0.13339,2354.0,0.13347,457.0,0.13348,362.0
1753600079484,07:07:59.484,bitget,AERGO/USDT:USDT,0.13341,457.0,0.13339,2354.0,0.13347,457.0,0.13348,362.0
1753600079784,07:07:59.784,bitget,AERGO/USDT:USDT,0.13341,457.0,0.13339,2354.0,0.13347,457.0,0.13348,362.0
1753600080084,07:08:00.084,bitget,AERGO/USDT:USDT,0.13341,457.0,0.13339,2354.0,0.13347,457.0,0.13348,362.0
1753600080235,07:08:00.235,bitget,AERGO/USDT:USDT,0.13341,457.0,0.13339,2354.0,0.13347,457.0,0.13348,362.0
1753600080384,07:08:00.384,bitget,AERGO/USDT:USDT,0.13341,457.0,0.13339,2354.0,0.13347,457.0,0.13348,362.0
1753600080535,07:08:00.535,bitget,AERGO/USDT:USDT,0.13341,457.0,0.13339,2354.0,0.13347,457.0,0.13348,362.0
1753600080685,07:08:00.685,bitget,AERGO/USDT:USDT,0.13341,457.0,0.13339,2354.0,0.13347,457.0,0.13348,362.0
1753600081135,07:08:01.135,bitget,AERGO/USDT:USDT,0.13341,457.0,0.13339,2354.0,0.13347,457.0,0.13348,362.0
1753600081285,07:08:01.285,bitget,AERGO/USDT:USDT,0.13341,457.0,0.13339,2354.0,0.13347,457.0,0.13348,362.0
1753600081886,07:08:01.886,bitget,AERGO/USDT:USDT,0.13341,457.0,0.13339,2354.0,0.13347,457.0,0.13348,362.0
1753600082036,07:08:02.036,bitget,AERGO/USDT:USDT,0.13341,457.0,0.13339,2354.0,0.13347,457.0,0.13348,362.0
1753600082186,07:08:02.186,bitget,AERGO/USDT:USDT,0.13341,457.0,0.13339,2354.0,0.13347,457.0,0.13348,362.0
1753600082486,07:08:02.486,bitget,AERGO/USDT:USDT,0.13341,457.0,0.13339,2354.0,0.13347,457.0,0.13348,362.0
1753600082636,07:08:02.636,bitget,AERGO/USDT:USDT,0.13341,457.0,0.13339,2354.0,0.13347,457.0,0.13348,362.0
1753600083086,07:08:03.086,bitget,AERGO/USDT:USDT,0.13341,457.0,0.13339,2354.0,0.13347,457.0,0.13348,362.0
1753600083236,07:08:03.236,bitget,AERGO/USDT:USDT,0.13341,457.0,0.13339,2354.0,0.13347,457.0,0.13348,362.0
1753600083387,07:08:03.387,bitget,AERGO/USDT:USDT,0.13341,457.0,0.13339,2354.0,0.13347,457.0,0.13348,362.0
1753600083537,07:08:03.537,bitget,AERGO/USDT:USDT,0.13341,457.0,0.13339,2354.0,0.13347,457.0,0.13348,362.0
1753600083687,07:08:03.687,bitget,AERGO/USDT:USDT,0.13341,457.0,0.13339,2354.0,0.13347,457.0,0.13348,362.0
1753600083837,07:08:03.837,bitget,AERGO/USDT:USDT,0.13341,457.0,0.13339,2354.0,0.13347,457.0,0.13348,362.0
1753600083987,07:08:03.987,bitget,AERGO/USDT:USDT,0.13341,457.0,0.13339,2354.0,0.13347,457.0,0.13348,362.0
1753600084137,07:08:04.137,bitget,AERGO/USDT:USDT,0.13341,457.0,0.13339,2354.0,0.13347,457.0,0.13348,362.0
1753600084287,07:08:04.287,bitget,AERGO/USDT:USDT,0.13341,457.0,0.13339,2354.0,0.13347,457.0,0.13348,362.0
1753600084588,07:08:04.588,bitget,AERGO/USDT:USDT,0.13341,457.0,0.13339,2354.0,0.13347,457.0,0.13348,362.0
1753600084738,07:08:04.738,bitget,AERGO/USDT:USDT,0.13341,457.0,0.13339,2354.0,0.13347,457.0,0.13348,362.0
1753600085007,07:08:05.007,bitget,AERGO/USDT:USDT,0.13341,457.0,0.13339,2354.0,0.13347,457.0,0.13348,362.0
1753600085188,07:08:05.188,bitget,AERGO/USDT:USDT,0.13341,457.0,0.13339,2354.0,0.13347,457.0,0.13348,362.0
1753600085338,07:08:05.338,bitget,AERGO/USDT:USDT,0.13341,457.0,0.13339,2354.0,0.13347,457.0,0.13348,362.0
1753600085488,07:08:05.488,bitget,AERGO/USDT:USDT,0.13341,457.0,0.13339,2354.0,0.13347,457.0,0.13348,362.0
1753600085638,07:08:05.638,bitget,AERGO/USDT:USDT,0.13341,457.0,0.13339,2354.0,0.13347,457.0,0.13348,362.0
1753600085788,07:08:05.788,bitget,AERGO/USDT:USDT,0.13341,457.0,0.13339,2354.0,0.13347,457.0,0.13348,362.0
1753600085938,07:08:05.938,bitget,AERGO/USDT:USDT,0.13341,457.0,0.13339,2354.0,0.13347,457.0,0.13348,362.0
1753600086088,07:08:06.088,bitget,AERGO/USDT:USDT,0.13341,457.0,0.13339,2354.0,0.13347,457.0,0.13348,362.0
1753600086238,07:08:06.238,bitget,AERGO/USDT:USDT,0.13341,457.0,0.13339,2354.0,0.13347,457.0,0.13348,362.0
1753600086389,07:08:06.389,bitget,AERGO/USDT:USDT,0.13341,457.0,0.13339,2354.0,0.13347,457.0,0.13348,362.0
1753600086689,07:08:06.689,bitget,AERGO/USDT:USDT,0.13341,457.0,0.13339,2354.0,0.13347,457.0,0.13348,362.0
1753600086839,07:08:06.839,bitget,AERGO/USDT:USDT,0.13341,457.0,0.13339,2354.0,0.13347,457.0,0.13348,362.0
1753600086989,07:08:06.989,bitget,AERGO/USDT:USDT,0.13341,457.0,0.13339,2354.0,0.13347,457.0,0.13348,362.0
1753600087139,07:08:07.139,bitget,AERGO/USDT:USDT,0.13341,457.0,0.13339,2354.0,0.13347,457.0,0.13348,362.0
1753600087289,07:08:07.289,bitget,AERGO/USDT:USDT,0.13341,457.0,0.13339,2354.0,0.13347,457.0,0.13349,362.0
1753600088040,07:08:08.040,bitget,AERGO/USDT:USDT,0.13341,457.0,0.13339,2354.0,0.13347,457.0,0.13349,362.0
1753600088190,07:08:08.190,bitget,AERGO/USDT:USDT,0.13341,457.0,0.13339,2354.0,0.13347,457.0,0.13349,362.0
1753600088340,07:08:08.340,bitget,AERGO/USDT:USDT,0.13341,457.0,0.13339,2354.0,0.13347,457.0,0.13349,362.0
1753600088490,07:08:08.490,bitget,AERGO/USDT:USDT,0.13341,457.0,0.13339,2354.0,0.13347,457.0,0.13349,362.0
1753600088640,07:08:08.640,bitget,AERGO/USDT:USDT,0.13341,457.0,0.13339,2354.0,0.13347,457.0,0.13349,362.0
1753600088790,07:08:08.790,bitget,AERGO/USDT:USDT,0.13341,457.0,0.13339,2354.0,0.13347,457.0,0.13349,362.0
1753600088940,07:08:08.940,bitget,AERGO/USDT:USDT,0.13341,457.0,0.13339,2354.0,0.13347,457.0,0.13349,362.0
1753600089090,07:08:09.090,bitget,AERGO/USDT:USDT,0.13341,457.0,0.13339,2354.0,0.13347,457.0,0.13349,362.0
1753600089240,07:08:09.240,bitget,AERGO/USDT:USDT,0.13341,457.0,0.13339,2354.0,0.13347,457.0,0.13349,362.0
1753600089390,07:08:09.390,bitget,AERGO/USDT:USDT,0.13342,466.0,0.13341,2060.0,0.13347,457.0,0.13349,362.0
1753600089541,07:08:09.541,bitget,AERGO/USDT:USDT,0.13342,466.0,0.13341,2060.0,0.13347,457.0,0.13349,362.0
1753600089841,07:08:09.841,bitget,AERGO/USDT:USDT,0.13342,466.0,0.13341,2060.0,0.13347,457.0,0.13349,362.0
1753600090441,07:08:10.441,bitget,AERGO/USDT:USDT,0.13342,466.0,0.13341,2060.0,0.13347,457.0,0.13349,362.0
1753600090591,07:08:10.591,bitget,AERGO/USDT:USDT,0.13342,466.0,0.13341,2060.0,0.13347,457.0,0.13349,362.0
1753600090741,07:08:10.741,bitget,AERGO/USDT:USDT,0.13342,466.0,0.13341,2060.0,0.13347,457.0,0.13349,362.0
1753600091042,07:08:11.042,bitget,AERGO/USDT:USDT,0.13342,466.0,0.13341,2060.0,0.13347,457.0,0.13349,362.0
1753600091342,07:08:11.342,bitget,AERGO/USDT:USDT,0.13342,466.0,0.13341,2060.0,0.13347,457.0,0.13349,362.0
1753600091792,07:08:11.792,bitget,AERGO/USDT:USDT,0.13342,466.0,0.13341,2060.0,0.13347,457.0,0.13349,362.0
1753600091942,07:08:11.942,bitget,AERGO/USDT:USDT,0.13343,466.0,0.13342,1210.0,0.1335,467.0,0.13352,473.0
1753600092092,07:08:12.092,bitget,AERGO/USDT:USDT,0.13343,466.0,0.13342,4956.0,0.13352,473.0,0.13355,758.0
1753600092242,07:08:12.242,bitget,AERGO/USDT:USDT,0.13343,466.0,0.13342,4956.0,0.13352,473.0,0.13355,758.0
1753600092392,07:08:12.392,bitget,AERGO/USDT:USDT,0.13343,466.0,0.13342,4956.0,0.13352,473.0,0.13355,758.0
1753600092542,07:08:12.542,bitget,AERGO/USDT:USDT,0.13343,466.0,0.13342,4956.0,0.13352,473.0,0.13355,758.0
1753600092693,07:08:12.693,bitget,AERGO/USDT:USDT,0.13343,466.0,0.13342,4956.0,0.13352,473.0,0.13355,758.0
1753600092843,07:08:12.843,bitget,AERGO/USDT:USDT,0.13343,466.0,0.13342,4956.0,0.13352,473.0,0.13355,758.0
1753600093293,07:08:13.293,bitget,AERGO/USDT:USDT,0.13343,466.0,0.13342,4956.0,0.13352,473.0,0.13355,758.0
1753600093593,07:08:13.593,bitget,AERGO/USDT:USDT,0.13343,466.0,0.13342,4956.0,0.13352,473.0,0.13355,758.0
1753600093743,07:08:13.743,bitget,AERGO/USDT:USDT,0.13343,466.0,0.13342,4956.0,0.13352,473.0,0.13355,758.0
1753600093893,07:08:13.893,bitget,AERGO/USDT:USDT,0.13343,466.0,0.13342,4956.0,0.13352,473.0,0.13355,758.0
1753600094044,07:08:14.044,bitget,AERGO/USDT:USDT,0.13343,466.0,0.13342,4956.0,0.13352,473.0,0.13355,758.0
1753600094193,07:08:14.193,bitget,AERGO/USDT:USDT,0.13343,466.0,0.13342,4956.0,0.13352,473.0,0.13355,758.0
1753600094344,07:08:14.344,bitget,AERGO/USDT:USDT,0.13343,466.0,0.13342,4956.0,0.13352,473.0,0.13355,758.0
1753600094494,07:08:14.494,bitget,AERGO/USDT:USDT,0.13343,466.0,0.13342,4956.0,0.13352,473.0,0.13355,758.0
1753600094644,07:08:14.644,bitget,AERGO/USDT:USDT,0.13343,466.0,0.13342,4956.0,0.13352,473.0,0.13355,758.0
1753600094794,07:08:14.794,bitget,AERGO/USDT:USDT,0.13343,466.0,0.1334,562.0,0.13352,835.0,0.13355,758.0
1753600094944,07:08:14.944,bitget,AERGO/USDT:USDT,0.13343,466.0,0.13339,5840.0,0.13351,466.0,0.13352,362.0
1753600095094,07:08:15.094,bitget,AERGO/USDT:USDT,0.13343,466.0,0.13339,5840.0,0.13351,466.0,0.13352,362.0
1753600095244,07:08:15.244,bitget,AERGO/USDT:USDT,0.13343,466.0,0.13339,5840.0,0.13351,466.0,0.13352,362.0
1753600095394,07:08:15.394,bitget,AERGO/USDT:USDT,0.13343,1850.0,0.1334,356.0,0.13351,466.0,0.13352,362.0
1753600095544,07:08:15.544,bitget,AERGO/USDT:USDT,0.13344,466.0,0.13343,1384.0,0.13351,466.0,0.13352,362.0
1753600095694,07:08:15.694,bitget,AERGO/USDT:USDT,0.13344,466.0,0.13343,1384.0,0.13351,466.0,0.13352,362.0
1753600095845,07:08:15.845,bitget,AERGO/USDT:USDT,0.13344,466.0,0.13343,1384.0,0.13351,466.0,0.13352,362.0
1753600095995,07:08:15.995,bitget,AERGO/USDT:USDT,0.13344,466.0,0.13343,1384.0,0.13351,466.0,0.13352,362.0
1753600096145,07:08:16.145,bitget,AERGO/USDT:USDT,0.13344,466.0,0.13343,1384.0,0.13351,466.0,0.13352,362.0
1753600096295,07:08:16.295,bitget,AERGO/USDT:USDT,0.13344,466.0,0.13343,1384.0,0.13351,466.0,0.13352,362.0
1753600096445,07:08:16.445,bitget,AERGO/USDT:USDT,0.13344,466.0,0.13343,1384.0,0.13351,466.0,0.13352,362.0
1753600096745,07:08:16.745,bitget,AERGO/USDT:USDT,0.13344,466.0,0.13343,1384.0,0.13351,466.0,0.13352,362.0
1753600097045,07:08:17.045,bitget,AERGO/USDT:USDT,0.13344,466.0,0.13343,1384.0,0.13351,466.0,0.13352,362.0
1753600097195,07:08:17.195,bitget,AERGO/USDT:USDT,0.13344,466.0,0.13343,1384.0,0.13351,466.0,0.13352,362.0
1753600097345,07:08:17.345,bitget,AERGO/USDT:USDT,0.13344,466.0,0.13343,1384.0,0.13351,466.0,0.13352,362.0
1753600097796,07:08:17.796,bitget,AERGO/USDT:USDT,0.13344,466.0,0.13343,1384.0,0.13351,466.0,0.13352,362.0
1753600098096,07:08:18.096,bitget,AERGO/USDT:USDT,0.13344,466.0,0.13343,1384.0,0.13351,466.0,0.13352,362.0
1753600098246,07:08:18.246,bitget,AERGO/USDT:USDT,0.13344,466.0,0.13343,1384.0,0.13351,466.0,0.13352,362.0
1753600098546,07:08:18.546,bitget,AERGO/USDT:USDT,0.13344,466.0,0.13343,1384.0,0.13351,466.0,0.13352,362.0
1753600098696,07:08:18.696,bitget,AERGO/USDT:USDT,0.13344,466.0,0.13343,1384.0,0.13351,466.0,0.13352,362.0
1753600098846,07:08:18.846,bitget,AERGO/USDT:USDT,0.13344,466.0,0.13343,1384.0,0.13351,466.0,0.13352,362.0
1753600098997,07:08:18.997,bitget,AERGO/USDT:USDT,0.13344,466.0,0.13343,1384.0,0.13351,466.0,0.13352,362.0
1753600099147,07:08:19.147,bitget,AERGO/USDT:USDT,0.13344,466.0,0.13343,1384.0,0.13351,466.0,0.13352,362.0
1753600099297,07:08:19.297,bitget,AERGO/USDT:USDT,0.13344,466.0,0.13343,1384.0,0.13351,466.0,0.13352,362.0
1753600099447,07:08:19.447,bitget,AERGO/USDT:USDT,0.13344,466.0,0.13343,1384.0,0.13351,466.0,0.13352,362.0
1753600099597,07:08:19.597,bitget,AERGO/USDT:USDT,0.13344,466.0,0.13343,1384.0,0.13351,466.0,0.13352,362.0
1753600099747,07:08:19.747,bitget,AERGO/USDT:USDT,0.13344,466.0,0.13343,1384.0,0.13351,466.0,0.13352,362.0
1753600099897,07:08:19.897,bitget,AERGO/USDT:USDT,0.13344,466.0,0.13343,1384.0,0.13351,466.0,0.13352,362.0
1753600100347,07:08:20.347,bitget,AERGO/USDT:USDT,0.13344,466.0,0.1334,506.0,0.13351,466.0,0.13352,362.0
1753600100497,07:08:20.497,bitget,AERGO/USDT:USDT,0.13344,466.0,0.1334,506.0,0.13351,466.0,0.13352,362.0
1753600100648,07:08:20.648,bitget,AERGO/USDT:USDT,0.13344,466.0,0.1334,506.0,0.13351,466.0,0.13352,362.0
1753600100948,07:08:20.948,bitget,AERGO/USDT:USDT,0.13344,466.0,0.1334,506.0,0.13351,466.0,0.13352,362.0
1753600101098,07:08:21.098,bitget,AERGO/USDT:USDT,0.13344,466.0,0.1334,506.0,0.13351,466.0,0.13352,362.0
1753600101248,07:08:21.248,bitget,AERGO/USDT:USDT,0.13344,466.0,0.1334,506.0,0.13351,466.0,0.13352,362.0
1753600101398,07:08:21.398,bitget,AERGO/USDT:USDT,0.13344,466.0,0.1334,506.0,0.13351,466.0,0.13352,362.0
1753600101548,07:08:21.548,bitget,AERGO/USDT:USDT,0.13344,466.0,0.1334,506.0,0.13351,466.0,0.13352,362.0
1753600101848,07:08:21.848,bitget,AERGO/USDT:USDT,0.13344,466.0,0.1334,506.0,0.13351,466.0,0.13352,362.0
1753600101998,07:08:21.998,bitget,AERGO/USDT:USDT,0.13344,466.0,0.1334,506.0,0.13351,466.0,0.13352,362.0
1753600102148,07:08:22.148,bitget,AERGO/USDT:USDT,0.13344,466.0,0.1334,506.0,0.13351,466.0,0.13352,362.0
1753600102299,07:08:22.299,bitget,AERGO/USDT:USDT,0.13344,466.0,0.1334,506.0,0.13351,466.0,0.13352,362.0
1753600102449,07:08:22.449,bitget,AERGO/USDT:USDT,0.13344,1850.0,0.1334,506.0,0.13351,466.0,0.13352,362.0
1753600102599,07:08:22.599,bitget,AERGO/USDT:USDT,0.13345,465.0,0.13344,1384.0,0.13351,466.0,0.13352,362.0
1753600102749,07:08:22.749,bitget,AERGO/USDT:USDT,0.13345,465.0,0.13344,1384.0,0.13351,466.0,0.13352,362.0
1753600102899,07:08:22.899,bitget,AERGO/USDT:USDT,0.13345,465.0,0.13344,1384.0,0.13351,466.0,0.13352,362.0
1753600103049,07:08:23.049,bitget,AERGO/USDT:USDT,0.13345,465.0,0.13344,1384.0,0.13351,466.0,0.13352,362.0
1753600103199,07:08:23.199,bitget,AERGO/USDT:USDT,0.13345,465.0,0.13344,1384.0,0.13351,466.0,0.13352,362.0
1753600103349,07:08:23.349,bitget,AERGO/USDT:USDT,0.13345,465.0,0.13344,1384.0,0.13351,466.0,0.13352,362.0
1753600103499,07:08:23.499,bitget,AERGO/USDT:USDT,0.13345,465.0,0.13344,1384.0,0.13351,466.0,0.13352,362.0
1753600103649,07:08:23.649,bitget,AERGO/USDT:USDT,0.13345,465.0,0.13344,1384.0,0.13351,466.0,0.13352,362.0
1753600103799,07:08:23.799,bitget,AERGO/USDT:USDT,0.13345,465.0,0.13344,1384.0,0.13351,466.0,0.13352,362.0
1753600103950,07:08:23.950,bitget,AERGO/USDT:USDT,0.13345,465.0,0.13344,1384.0,0.13351,466.0,0.13352,362.0
1753600104400,07:08:24.400,bitget,AERGO/USDT:USDT,0.13345,465.0,0.13344,1384.0,0.13351,466.0,0.13352,362.0
1753600104550,07:08:24.550,bitget,AERGO/USDT:USDT,0.13345,465.0,0.13344,1384.0,0.13351,466.0,0.13352,362.0
1753600104850,07:08:24.850,bitget,AERGO/USDT:USDT,0.13345,465.0,0.13344,1384.0,0.13351,466.0,0.13352,362.0
1753600105150,07:08:25.150,bitget,AERGO/USDT:USDT,0.13345,465.0,0.13344,1384.0,0.13351,466.0,0.13352,362.0
1753600105300,07:08:25.300,bitget,AERGO/USDT:USDT,0.13345,465.0,0.13344,1384.0,0.13351,466.0,0.13352,362.0
1753600105451,07:08:25.451,bitget,AERGO/USDT:USDT,0.13345,465.0,0.13344,1384.0,0.13351,466.0,0.13352,362.0
1753600105601,07:08:25.601,bitget,AERGO/USDT:USDT,0.13345,465.0,0.13344,1384.0,0.13351,466.0,0.13352,362.0
1753600105751,07:08:25.751,bitget,AERGO/USDT:USDT,0.13345,465.0,0.13344,1384.0,0.13351,466.0,0.13352,362.0
1753600105901,07:08:25.901,bitget,AERGO/USDT:USDT,0.13345,465.0,0.13344,1384.0,0.13351,466.0,0.13352,362.0
1753600106051,07:08:26.051,bitget,AERGO/USDT:USDT,0.13345,465.0,0.13344,1384.0,0.13351,466.0,0.13352,362.0
1753600106351,07:08:26.351,bitget,AERGO/USDT:USDT,0.13345,465.0,0.13344,1384.0,0.13351,466.0,0.13352,362.0
1753600106501,07:08:26.501,bitget,AERGO/USDT:USDT,0.13345,465.0,0.13344,1384.0,0.13351,466.0,0.13352,362.0
1753600106651,07:08:26.651,bitget,AERGO/USDT:USDT,0.13345,465.0,0.1334,660.0,0.13351,466.0,0.13352,362.0
1753600106801,07:08:26.801,bitget,AERGO/USDT:USDT,0.13345,465.0,0.1334,573.0,0.13351,466.0,0.13352,362.0
1753600106951,07:08:26.951,bitget,AERGO/USDT:USDT,0.13345,465.0,0.1334,554.0,0.13351,466.0,0.13352,362.0
1753600107102,07:08:27.102,bitget,AERGO/USDT:USDT,0.13345,465.0,0.1334,554.0,0.13351,466.0,0.13352,362.0
1753600107252,07:08:27.252,bitget,AERGO/USDT:USDT,0.13345,465.0,0.1334,554.0,0.13351,466.0,0.13352,362.0
1753600107402,07:08:27.402,bitget,AERGO/USDT:USDT,0.13345,465.0,0.13343,4404.0,0.13351,466.0,0.13352,362.0
1753600107552,07:08:27.552,bitget,AERGO/USDT:USDT,0.13345,465.0,0.13343,4404.0,0.13351,466.0,0.13352,362.0
1753600107702,07:08:27.702,bitget,AERGO/USDT:USDT,0.13345,465.0,0.13343,4404.0,0.13351,466.0,0.13352,362.0
1753600107852,07:08:27.852,bitget,AERGO/USDT:USDT,0.13345,465.0,0.13343,4404.0,0.13351,466.0,0.13352,362.0
1753600108002,07:08:28.002,bitget,AERGO/USDT:USDT,0.13345,465.0,0.13343,4404.0,0.13351,466.0,0.13352,362.0
1753600108302,07:08:28.302,bitget,AERGO/USDT:USDT,0.13345,465.0,0.13341,2060.0,0.13349,460.0,0.1335,362.0
1753600108452,07:08:28.452,bitget,AERGO/USDT:USDT,0.13343,460.0,0.13341,2060.0,0.13349,460.0,0.1335,362.0
1753600108753,07:08:28.753,bitget,AERGO/USDT:USDT,0.13343,460.0,0.13341,2060.0,0.13349,460.0,0.1335,362.0
1753600109053,07:08:29.053,bitget,AERGO/USDT:USDT,0.13343,460.0,0.13341,2060.0,0.13349,460.0,0.1335,362.0
1753600109203,07:08:29.203,bitget,AERGO/USDT:USDT,0.13343,460.0,0.13341,2060.0,0.13349,460.0,0.1335,362.0
1753600109353,07:08:29.353,bitget,AERGO/USDT:USDT,0.13343,460.0,0.13341,1030.0,0.13349,460.0,0.1335,362.0
1753600109653,07:08:29.653,bitget,AERGO/USDT:USDT,0.13343,460.0,0.13339,2938.0,0.13349,460.0,0.1335,362.0
1753600109803,07:08:29.803,bitget,AERGO/USDT:USDT,0.13343,460.0,0.13339,2938.0,0.13349,460.0,0.1335,362.0
1753600109953,07:08:29.953,bitget,AERGO/USDT:USDT,0.13343,460.0,0.13339,2938.0,0.13349,460.0,0.1335,362.0
1753600110103,07:08:30.103,bitget,AERGO/USDT:USDT,0.13343,460.0,0.13339,2938.0,0.13349,460.0,0.1335,362.0
1753600110254,07:08:30.254,bitget,AERGO/USDT:USDT,0.13343,460.0,0.13339,2938.0,0.13349,460.0,0.1335,362.0
1753600110551,07:08:30.551,bitget,AERGO/USDT:USDT,0.13343,460.0,0.13339,2938.0,0.13349,460.0,0.1335,362.0
1753600110704,07:08:30.704,bitget,AERGO/USDT:USDT,0.13343,460.0,0.13339,2938.0,0.13349,460.0,0.1335,362.0
1753600110854,07:08:30.854,bitget,AERGO/USDT:USDT,0.13343,460.0,0.13339,2938.0,0.13349,460.0,0.1335,362.0
1753600111154,07:08:31.154,bitget,AERGO/USDT:USDT,0.13343,460.0,0.13339,2938.0,0.13349,460.0,0.1335,362.0
1753600111304,07:08:31.304,bitget,AERGO/USDT:USDT,0.13343,460.0,0.13339,2938.0,0.13349,460.0,0.1335,362.0
1753600111454,07:08:31.454,bitget,AERGO/USDT:USDT,0.13343,460.0,0.13339,2938.0,0.13349,460.0,0.1335,362.0
1753600111604,07:08:31.604,bitget,AERGO/USDT:USDT,0.13343,460.0,0.13339,2938.0,0.13349,460.0,0.1335,362.0
1753600111754,07:08:31.754,bitget,AERGO/USDT:USDT,0.13343,460.0,0.13339,2938.0,0.13349,460.0,0.1335,362.0
1753600111905,07:08:31.905,bitget,AERGO/USDT:USDT,0.13343,460.0,0.13339,2938.0,0.13349,460.0,0.1335,362.0
1753600112055,07:08:32.055,bitget,AERGO/USDT:USDT,0.13343,460.0,0.13339,2938.0,0.13349,460.0,0.1335,362.0
1753600112205,07:08:32.205,bitget,AERGO/USDT:USDT,0.13343,460.0,0.13339,2938.0,0.13349,460.0,0.1335,362.0
1753600112355,07:08:32.355,bitget,AERGO/USDT:USDT,0.13343,460.0,0.13339,2938.0,0.13349,460.0,0.1335,362.0
1753600112505,07:08:32.505,bitget,AERGO/USDT:USDT,0.13343,460.0,0.13339,2938.0,0.13349,460.0,0.1335,362.0
1753600112955,07:08:32.955,bitget,AERGO/USDT:USDT,0.13344,460.0,0.13343,1140.0,0.13349,460.0,0.1335,362.0
1753600113105,07:08:33.105,bitget,AERGO/USDT:USDT,0.13344,460.0,0.13343,1140.0,0.13349,460.0,0.1335,362.0
1753600113255,07:08:33.255,bitget,AERGO/USDT:USDT,0.13344,460.0,0.13343,1140.0,0.13349,460.0,0.1335,362.0
1753600113406,07:08:33.406,bitget,AERGO/USDT:USDT,0.13344,460.0,0.13343,1140.0,0.13349,460.0,0.1335,362.0
1753600113556,07:08:33.556,bitget,AERGO/USDT:USDT,0.13344,460.0,0.13343,1140.0,0.13349,460.0,0.1335,362.0
1753600113705,07:08:33.705,bitget,AERGO/USDT:USDT,0.13344,460.0,0.13343,1140.0,0.13349,460.0,0.1335,362.0
1753600113856,07:08:33.856,bitget,AERGO/USDT:USDT,0.13344,460.0,0.13343,1140.0,0.13349,460.0,0.1335,362.0
1753600114006,07:08:34.006,bitget,AERGO/USDT:USDT,0.13344,460.0,0.13343,1140.0,0.13349,460.0,0.1335,362.0
1753600114156,07:08:34.156,bitget,AERGO/USDT:USDT,0.13344,460.0,0.13343,90.0,0.13355,758.0,0.13356,459.0
1753600114306,07:08:34.306,bitget,AERGO/USDT:USDT,0.13344,2046.0,0.13343,1314.0,0.13353,460.0,0.13356,459.0
1753600114456,07:08:34.456,bitget,AERGO/USDT:USDT,0.13345,2271.0,0.13344,4760.0,0.1336,473.0,0.13362,469.0
1753600114906,07:08:34.906,bitget,AERGO/USDT:USDT,0.13346,460.0,0.13345,1811.0,0.13358,822.0,0.13359,362.0
1753600115206,07:08:35.206,bitget,AERGO/USDT:USDT,0.13346,460.0,0.13345,1811.0,0.13357,460.0,0.13358,362.0
1753600115357,07:08:35.357,bitget,AERGO/USDT:USDT,0.13346,460.0,0.13345,1811.0,0.13357,460.0,0.13358,362.0
1753600115507,07:08:35.507,bitget,AERGO/USDT:USDT,0.13346,460.0,0.13345,1811.0,0.13357,460.0,0.13358,362.0
1753600115657,07:08:35.657,bitget,AERGO/USDT:USDT,0.13346,460.0,0.13345,1811.0,0.13357,460.0,0.13358,362.0
1753600115807,07:08:35.807,bitget,AERGO/USDT:USDT,0.13346,460.0,0.13345,1811.0,0.13357,460.0,0.13358,362.0
1753600116107,07:08:36.107,bitget,AERGO/USDT:USDT,0.13346,460.0,0.13345,1811.0,0.13357,460.0,0.13358,362.0
1753600116257,07:08:36.257,bitget,AERGO/USDT:USDT,0.13346,460.0,0.13345,1811.0,0.13357,460.0,0.13358,362.0
1753600116557,07:08:36.557,bitget,AERGO/USDT:USDT,0.13346,460.0,0.13345,1811.0,0.13357,460.0,0.13358,362.0
1753600116707,07:08:36.707,bitget,AERGO/USDT:USDT,0.13346,460.0,0.13345,1811.0,0.13357,460.0,0.13358,362.0
1753600117008,07:08:37.008,bitget,AERGO/USDT:USDT,0.13346,460.0,0.13345,1811.0,0.13357,460.0,0.13358,362.0
1753600117158,07:08:37.158,bitget,AERGO/USDT:USDT,0.13346,460.0,0.13345,1811.0,0.13357,460.0,0.13358,362.0
1753600117458,07:08:37.458,bitget,AERGO/USDT:USDT,0.13346,460.0,0.13345,1811.0,0.13356,454.0,0.13357,362.0
1753600117608,07:08:37.608,bitget,AERGO/USDT:USDT,0.13346,460.0,0.13345,1811.0,0.13356,454.0,0.13357,362.0
1753600117758,07:08:37.758,bitget,AERGO/USDT:USDT,0.13347,454.0,0.13346,9606.0,0.13356,454.0,0.13358,362.0
1753600117908,07:08:37.908,bitget,AERGO/USDT:USDT,0.13347,454.0,0.13346,9606.0,0.13356,454.0,0.13358,362.0
1753600118058,07:08:38.058,bitget,AERGO/USDT:USDT,0.13347,454.0,0.13346,9606.0,0.13356,454.0,0.13358,362.0
1753600118509,07:08:38.509,bitget,AERGO/USDT:USDT,0.13347,454.0,0.13346,9606.0,0.13356,454.0,0.13358,362.0
1753600118809,07:08:38.809,bitget,AERGO/USDT:USDT,0.13347,454.0,0.13346,9606.0,0.13356,454.0,0.13358,362.0
1753600119109,07:08:39.109,bitget,AERGO/USDT:USDT,0.13347,454.0,0.13346,9606.0,0.13356,454.0,0.13358,362.0
1753600119259,07:08:39.259,bitget,AERGO/USDT:USDT,0.13347,454.0,0.13346,9606.0,0.13356,454.0,0.13358,362.0
1753600119409,07:08:39.409,bitget,AERGO/USDT:USDT,0.13347,454.0,0.13346,9606.0,0.13356,454.0,0.13358,362.0
1753600119559,07:08:39.559,bitget,AERGO/USDT:USDT,0.13347,454.0,0.13346,9606.0,0.13356,454.0,0.13358,362.0
1753600119709,07:08:39.709,bitget,AERGO/USDT:USDT,0.13347,454.0,0.13346,9606.0,0.13356,454.0,0.13358,362.0
1753600120009,07:08:40.009,bitget,AERGO/USDT:USDT,0.13347,454.0,0.13346,9606.0,0.13356,454.0,0.13358,362.0
1753600120160,07:08:40.160,bitget,AERGO/USDT:USDT,0.13347,454.0,0.13346,9606.0,0.13356,454.0,0.13358,362.0
1753600120460,07:08:40.460,bitget,AERGO/USDT:USDT,0.13347,454.0,0.13346,9606.0,0.13356,454.0,0.13358,362.0
1753600120610,07:08:40.610,bitget,AERGO/USDT:USDT,0.13347,454.0,0.13346,9606.0,0.13356,454.0,0.13358,362.0
1753600120760,07:08:40.760,bitget,AERGO/USDT:USDT,0.13347,454.0,0.13346,9606.0,0.13356,454.0,0.13358,362.0
1753600121360,07:08:41.360,bitget,AERGO/USDT:USDT,0.13347,454.0,0.13346,9606.0,0.13356,454.0,0.13358,362.0
1753600121510,07:08:41.510,bitget,AERGO/USDT:USDT,0.13347,454.0,0.13346,9606.0,0.13356,454.0,0.13358,362.0
1753600121661,07:08:41.661,bitget,AERGO/USDT:USDT,0.13347,454.0,0.13346,9606.0,0.13356,454.0,0.13358,362.0
1753600121961,07:08:41.961,bitget,AERGO/USDT:USDT,0.13347,454.0,0.13346,9606.0,0.13356,454.0,0.13358,362.0
1753600122261,07:08:42.261,bitget,AERGO/USDT:USDT,0.13347,454.0,0.13346,9606.0,0.13356,454.0,0.13358,362.0
1753600122411,07:08:42.411,bitget,AERGO/USDT:USDT,0.13347,454.0,0.13346,9606.0,0.13356,454.0,0.13358,362.0
1753600122561,07:08:42.561,bitget,AERGO/USDT:USDT,0.13347,454.0,0.13346,9606.0,0.13356,454.0,0.13358,362.0
1753600122711,07:08:42.711,bitget,AERGO/USDT:USDT,0.13347,454.0,0.13346,1299.0,0.13356,454.0,0.13358,362.0
1753600122861,07:08:42.861,bitget,AERGO/USDT:USDT,0.13347,454.0,0.13346,1299.0,0.13356,454.0,0.13358,362.0
1753600123012,07:08:43.012,bitget,AERGO/USDT:USDT,0.13347,454.0,0.13346,1299.0,0.13356,454.0,0.13358,362.0
1753600123162,07:08:43.162,bitget,AERGO/USDT:USDT,0.13347,454.0,0.13346,1299.0,0.13356,454.0,0.13358,362.0
1753600123312,07:08:43.312,bitget,AERGO/USDT:USDT,0.13347,454.0,0.13346,1299.0,0.13356,454.0,0.13358,362.0
1753600123462,07:08:43.462,bitget,AERGO/USDT:USDT,0.13347,454.0,0.13346,1299.0,0.13356,454.0,0.13358,362.0
1753600123612,07:08:43.612,bitget,AERGO/USDT:USDT,0.13347,454.0,0.13346,1299.0,0.13356,454.0,0.13358,362.0
1753600124062,07:08:44.062,bitget,AERGO/USDT:USDT,0.13347,454.0,0.13346,1299.0,0.13356,454.0,0.13358,362.0
1753600124212,07:08:44.212,bitget,AERGO/USDT:USDT,0.13347,454.0,0.13346,1299.0,0.13356,454.0,0.13358,362.0
1753600124362,07:08:44.362,bitget,AERGO/USDT:USDT,0.13347,454.0,0.13346,1299.0,0.13356,454.0,0.13358,362.0
1753600124512,07:08:44.512,bitget,AERGO/USDT:USDT,0.13347,454.0,0.13346,1299.0,0.13356,454.0,0.13358,362.0
1753600124663,07:08:44.663,bitget,AERGO/USDT:USDT,0.13347,454.0,0.13346,1299.0,0.13356,454.0,0.13358,362.0
1753600124963,07:08:44.963,bitget,AERGO/USDT:USDT,0.13347,454.0,0.13346,1299.0,0.13356,454.0,0.13358,362.0
1753600125263,07:08:45.263,bitget,AERGO/USDT:USDT,0.13347,454.0,0.13346,1299.0,0.13356,454.0,0.13358,362.0
1753600125413,07:08:45.413,bitget,AERGO/USDT:USDT,0.13347,454.0,0.13346,1299.0,0.13356,454.0,0.13358,362.0
1753600125563,07:08:45.563,bitget,AERGO/USDT:USDT,0.13347,454.0,0.13346,1299.0,0.13356,454.0,0.13358,362.0
1753600125713,07:08:45.713,bitget,AERGO/USDT:USDT,0.13347,454.0,0.13346,1299.0,0.13356,454.0,0.13358,362.0
1753600125863,07:08:45.863,bitget,AERGO/USDT:USDT,0.13347,454.0,0.13346,1299.0,0.13356,454.0,0.13358,362.0
1753600126013,07:08:46.013,bitget,AERGO/USDT:USDT,0.13347,454.0,0.13346,1299.0,0.13356,454.0,0.13358,362.0
1753600126164,07:08:46.164,bitget,AERGO/USDT:USDT,0.13347,454.0,0.13346,1299.0,0.13356,454.0,0.13358,362.0
1753600126314,07:08:46.314,bitget,AERGO/USDT:USDT,0.13347,454.0,0.13346,1299.0,0.13356,454.0,0.13358,362.0
1753600126464,07:08:46.464,bitget,AERGO/USDT:USDT,0.13347,454.0,0.13346,1299.0,0.13356,454.0,0.13358,362.0
1753600126614,07:08:46.614,bitget,AERGO/USDT:USDT,0.13347,454.0,0.13346,1299.0,0.13356,454.0,0.13358,362.0
1753600126764,07:08:46.764,bitget,AERGO/USDT:USDT,0.13347,454.0,0.13346,1299.0,0.13356,454.0,0.13358,362.0
1753600126914,07:08:46.914,bitget,AERGO/USDT:USDT,0.13347,454.0,0.13346,1299.0,0.13356,454.0,0.13358,362.0
1753600127064,07:08:47.064,bitget,AERGO/USDT:USDT,0.13347,454.0,0.13346,1299.0,0.13356,454.0,0.13358,362.0
1753600127214,07:08:47.214,bitget,AERGO/USDT:USDT,0.13347,454.0,0.13346,1299.0,0.13356,454.0,0.13358,362.0
1753600127364,07:08:47.364,bitget,AERGO/USDT:USDT,0.13347,454.0,0.13346,1299.0,0.13356,454.0,0.13358,362.0
1753600127514,07:08:47.514,bitget,AERGO/USDT:USDT,0.13347,454.0,0.13346,1299.0,0.13356,454.0,0.13358,362.0
1753600127664,07:08:47.664,bitget,AERGO/USDT:USDT,0.13347,454.0,0.13346,1299.0,0.13356,454.0,0.13358,362.0
1753600127965,07:08:47.965,bitget,AERGO/USDT:USDT,0.13347,454.0,0.13346,1299.0,0.13356,454.0,0.13358,362.0
1753600128115,07:08:48.115,bitget,AERGO/USDT:USDT,0.13347,454.0,0.13346,1299.0,0.13356,454.0,0.13358,362.0
1753600128265,07:08:48.265,bitget,AERGO/USDT:USDT,0.13347,454.0,0.13346,1299.0,0.13356,454.0,0.13358,362.0
1753600128415,07:08:48.415,bitget,AERGO/USDT:USDT,0.13347,454.0,0.13346,1299.0,0.13356,454.0,0.13358,362.0
1753600128565,07:08:48.565,bitget,AERGO/USDT:USDT,0.13347,454.0,0.13346,1299.0,0.13356,454.0,0.13358,362.0
1753600128715,07:08:48.715,bitget,AERGO/USDT:USDT,0.13347,454.0,0.13346,1299.0,0.13356,454.0,0.13358,362.0
1753600128865,07:08:48.865,bitget,AERGO/USDT:USDT,0.13347,454.0,0.13346,1299.0,0.13356,454.0,0.13358,362.0
1753600129015,07:08:49.015,bitget,AERGO/USDT:USDT,0.13347,454.0,0.13346,1299.0,0.13356,454.0,0.13358,362.0
1753600129165,07:08:49.165,bitget,AERGO/USDT:USDT,0.13347,454.0,0.13346,1299.0,0.13356,454.0,0.13358,362.0
1753600129315,07:08:49.315,bitget,AERGO/USDT:USDT,0.13347,454.0,0.13346,1299.0,0.13356,454.0,0.13358,362.0
1753600129466,07:08:49.466,bitget,AERGO/USDT:USDT,0.13347,454.0,0.13346,1299.0,0.13356,454.0,0.13358,362.0
1753600129766,07:08:49.766,bitget,AERGO/USDT:USDT,0.13347,454.0,0.13346,1299.0,0.13356,454.0,0.13358,362.0
1753600129916,07:08:49.916,bitget,AERGO/USDT:USDT,0.13347,454.0,0.13346,1299.0,0.13356,454.0,0.13358,362.0
1753600130066,07:08:50.066,bitget,AERGO/USDT:USDT,0.13347,454.0,0.13346,1299.0,0.13356,454.0,0.13358,362.0
1753600130216,07:08:50.216,bitget,AERGO/USDT:USDT,0.13347,454.0,0.13346,1299.0,0.13356,454.0,0.13358,362.0
1753600130516,07:08:50.516,bitget,AERGO/USDT:USDT,0.13347,454.0,0.13346,1299.0,0.13356,454.0,0.13358,362.0
1753600130666,07:08:50.666,bitget,AERGO/USDT:USDT,0.13347,454.0,0.13346,1299.0,0.13356,454.0,0.13358,362.0
1753600130816,07:08:50.816,bitget,AERGO/USDT:USDT,0.13347,454.0,0.13346,1299.0,0.13356,454.0,0.13358,362.0
1753600131267,07:08:51.267,bitget,AERGO/USDT:USDT,0.13347,454.0,0.13346,1299.0,0.13356,454.0,0.13358,362.0
1753600131417,07:08:51.417,bitget,AERGO/USDT:USDT,0.13347,454.0,0.13346,1299.0,0.13356,454.0,0.13358,362.0
1753600131567,07:08:51.567,bitget,AERGO/USDT:USDT,0.13347,454.0,0.13346,1299.0,0.13356,454.0,0.13358,362.0
1753600131867,07:08:51.867,bitget,AERGO/USDT:USDT,0.13347,454.0,0.13346,1299.0,0.13356,454.0,0.13358,362.0
1753600132017,07:08:52.017,bitget,AERGO/USDT:USDT,0.13347,454.0,0.13346,1299.0,0.13356,454.0,0.13358,362.0
1753600132167,07:08:52.167,bitget,AERGO/USDT:USDT,0.13347,454.0,0.13346,1299.0,0.13356,454.0,0.13358,362.0
1753600132317,07:08:52.317,bitget,AERGO/USDT:USDT,0.13347,454.0,0.13346,1299.0,0.13356,454.0,0.13358,362.0
1753600132768,07:08:52.768,bitget,AERGO/USDT:USDT,0.13347,454.0,0.13346,1299.0,0.13356,454.0,0.13358,362.0
1753600132918,07:08:52.918,bitget,AERGO/USDT:USDT,0.13347,454.0,0.13346,1299.0,0.13356,454.0,0.13358,362.0
1753600133068,07:08:53.068,bitget,AERGO/USDT:USDT,0.13347,454.0,0.13346,1299.0,0.13356,454.0,0.13358,362.0
1753600133518,07:08:53.518,bitget,AERGO/USDT:USDT,0.13349,454.0,0.13348,1272.0,0.13356,454.0,0.13358,362.0
1753600133668,07:08:53.668,bitget,AERGO/USDT:USDT,0.13349,454.0,0.13348,1272.0,0.13358,362.0,0.13359,362.0
1753600133818,07:08:53.818,bitget,AERGO/USDT:USDT,0.13349,454.0,0.13348,2344.0,0.13358,816.0,0.13359,362.0
1753600133968,07:08:53.968,bitget,AERGO/USDT:USDT,0.13349,454.0,0.13347,454.0,0.13357,454.0,0.13358,362.0
1753600134119,07:08:54.119,bitget,AERGO/USDT:USDT,0.13347,454.0,0.13346,3418.0,0.13357,454.0,0.13358,362.0
1753600134269,07:08:54.269,bitget,AERGO/USDT:USDT,0.13347,454.0,0.13346,3418.0,0.13357,816.0,0.13358,362.0
1753600134419,07:08:54.419,bitget,AERGO/USDT:USDT,0.13347,454.0,0.13346,3344.0,0.13356,454.0,0.13357,362.0
1753600134569,07:08:54.569,bitget,AERGO/USDT:USDT,0.13347,454.0,0.13346,3344.0,0.13356,454.0,0.13357,362.0
1753600134719,07:08:54.719,bitget,AERGO/USDT:USDT,0.13347,454.0,0.13346,3344.0,0.13356,454.0,0.13357,362.0
1753600134869,07:08:54.869,bitget,AERGO/USDT:USDT,0.13347,454.0,0.13346,3344.0,0.13356,454.0,0.13357,362.0
1753600135019,07:08:55.019,bitget,AERGO/USDT:USDT,0.13347,454.0,0.13346,3344.0,0.13356,454.0,0.13357,362.0
1753600135169,07:08:55.169,bitget,AERGO/USDT:USDT,0.13347,454.0,0.13346,3344.0,0.13356,454.0,0.13357,362.0
1753600135319,07:08:55.319,bitget,AERGO/USDT:USDT,0.13347,454.0,0.13346,3344.0,0.13356,454.0,0.13357,362.0
1753600135469,07:08:55.469,bitget,AERGO/USDT:USDT,0.13347,454.0,0.13346,3418.0,0.13356,454.0,0.13357,362.0
1753600135620,07:08:55.620,bitget,AERGO/USDT:USDT,0.13347,454.0,0.13346,3418.0,0.13356,454.0,0.13357,362.0
1753600135770,07:08:55.770,bitget,AERGO/USDT:USDT,0.13347,454.0,0.13346,3418.0,0.13356,454.0,0.13357,362.0
1753600135920,07:08:55.920,bitget,AERGO/USDT:USDT,0.13347,454.0,0.13346,3418.0,0.13356,454.0,0.13357,362.0
1753600136070,07:08:56.070,bitget,AERGO/USDT:USDT,0.13347,454.0,0.13346,3418.0,0.13356,454.0,0.13357,362.0
1753600136370,07:08:56.370,bitget,AERGO/USDT:USDT,0.13347,454.0,0.13346,3418.0,0.13356,454.0,0.13357,362.0
1753600136670,07:08:56.670,bitget,AERGO/USDT:USDT,0.13347,454.0,0.13346,3418.0,0.13356,454.0,0.13357,362.0
1753600136970,07:08:56.970,bitget,AERGO/USDT:USDT,0.13347,454.0,0.13346,3418.0,0.13356,454.0,0.13357,362.0
1753600137120,07:08:57.120,bitget,AERGO/USDT:USDT,0.13347,454.0,0.13346,3418.0,0.13356,454.0,0.13357,362.0
1753600137271,07:08:57.271,bitget,AERGO/USDT:USDT,0.13347,454.0,0.13346,3418.0,0.13356,454.0,0.13357,362.0
1753600137571,07:08:57.571,bitget,AERGO/USDT:USDT,0.13347,454.0,0.13346,3418.0,0.13356,454.0,0.13357,362.0
1753600137871,07:08:57.871,bitget,AERGO/USDT:USDT,0.13347,454.0,0.13346,3418.0,0.13356,454.0,0.13357,362.0
1753600138021,07:08:58.021,bitget,AERGO/USDT:USDT,0.13347,454.0,0.13346,3418.0,0.13356,454.0,0.13357,362.0
1753600138171,07:08:58.171,bitget,AERGO/USDT:USDT,0.13347,1090.0,0.13346,3418.0,0.13356,454.0,0.13357,362.0
1753600138471,07:08:58.471,bitget,AERGO/USDT:USDT,0.13348,463.0,0.13347,1590.0,0.13356,454.0,0.13357,362.0
1753600138922,07:08:58.922,bitget,AERGO/USDT:USDT,0.13348,463.0,0.13347,1590.0,0.13356,454.0,0.13357,362.0
1753600139072,07:08:59.072,bitget,AERGO/USDT:USDT,0.13348,463.0,0.13347,1590.0,0.13356,454.0,0.13357,362.0
1753600139222,07:08:59.222,bitget,AERGO/USDT:USDT,0.13348,463.0,0.13347,1590.0,0.13356,454.0,0.13357,362.0
1753600139522,07:08:59.522,bitget,AERGO/USDT:USDT,0.13348,463.0,0.13347,1590.0,0.13357,362.0,0.13358,362.0
1753600139822,07:08:59.822,bitget,AERGO/USDT:USDT,0.13348,463.0,0.13347,229.0,0.13356,463.0,0.13357,362.0
1753600139972,07:08:59.972,bitget,AERGO/USDT:USDT,0.13348,463.0,0.13347,229.0,0.13356,463.0,0.13357,362.0
1753600140122,07:09:00.122,bitget,AERGO/USDT:USDT,0.13348,463.0,0.13347,229.0,0.13356,463.0,0.13357,362.0
1753600140272,07:09:00.272,bitget,AERGO/USDT:USDT,0.13348,463.0,0.13347,229.0,0.13356,463.0,0.13357,362.0
1753600140423,07:09:00.423,bitget,AERGO/USDT:USDT,0.13348,463.0,0.13347,229.0,0.13356,463.0,0.13357,362.0
1753600140573,07:09:00.573,bitget,AERGO/USDT:USDT,0.13348,463.0,0.13347,229.0,0.13356,463.0,0.13357,362.0
1753600140723,07:09:00.723,bitget,AERGO/USDT:USDT,0.13348,463.0,0.13347,229.0,0.13356,463.0,0.13357,362.0
1753600141023,07:09:01.023,bitget,AERGO/USDT:USDT,0.13348,463.0,0.13347,229.0,0.13356,463.0,0.13357,362.0
1753600141173,07:09:01.173,bitget,AERGO/USDT:USDT,0.13348,463.0,0.13347,229.0,0.13356,463.0,0.13357,362.0
1753600141323,07:09:01.323,bitget,AERGO/USDT:USDT,0.13348,463.0,0.13347,229.0,0.13356,463.0,0.13357,362.0
1753600141623,07:09:01.623,bitget,AERGO/USDT:USDT,0.13348,463.0,0.13347,229.0,0.13356,463.0,0.13357,362.0
1753600141773,07:09:01.773,bitget,AERGO/USDT:USDT,0.13348,463.0,0.13347,229.0,0.13356,463.0,0.13357,362.0
1753600141924,07:09:01.924,bitget,AERGO/USDT:USDT,0.13348,463.0,0.13347,229.0,0.13356,463.0,0.13357,362.0
1753600142074,07:09:02.074,bitget,AERGO/USDT:USDT,0.13351,1521.0,0.1335,2036.0,0.13362,469.0,0.13363,758.0
1753600142224,07:09:02.224,bitget,AERGO/USDT:USDT,0.13352,463.0,0.13351,1796.0,0.13362,469.0,0.13363,758.0
1753600142524,07:09:02.524,bitget,AERGO/USDT:USDT,0.13352,463.0,0.13351,1796.0,0.13362,469.0,0.13363,758.0
1753600142674,07:09:02.674,bitget,AERGO/USDT:USDT,0.13352,463.0,0.13351,1796.0,0.13362,469.0,0.13363,758.0
1753600142824,07:09:02.824,bitget,AERGO/USDT:USDT,0.13352,463.0,0.13351,1796.0,0.13362,469.0,0.13363,758.0
1753600142974,07:09:02.974,bitget,AERGO/USDT:USDT,0.13352,463.0,0.13351,1796.0,0.13362,469.0,0.13363,758.0
1753600143124,07:09:03.124,bitget,AERGO/USDT:USDT,0.13352,463.0,0.13351,1796.0,0.13362,469.0,0.13363,758.0
1753600143424,07:09:03.424,bitget,AERGO/USDT:USDT,0.13352,463.0,0.13351,1796.0,0.13362,469.0,0.13363,758.0
1753600143575,07:09:03.575,bitget,AERGO/USDT:USDT,0.13352,463.0,0.13351,1796.0,0.13362,469.0,0.13363,758.0
1753600143725,07:09:03.725,bitget,AERGO/USDT:USDT,0.13352,463.0,0.13351,1796.0,0.13362,469.0,0.13363,758.0
1753600143875,07:09:03.875,bitget,AERGO/USDT:USDT,0.13352,463.0,0.13351,1796.0,0.13362,469.0,0.13363,758.0
1753600144025,07:09:04.025,bitget,AERGO/USDT:USDT,0.13352,463.0,0.13351,1796.0,0.13362,469.0,0.13363,758.0
1753600144175,07:09:04.175,bitget,AERGO/USDT:USDT,0.13352,463.0,0.13351,1796.0,0.13362,469.0,0.13363,758.0
1753600144325,07:09:04.325,bitget,AERGO/USDT:USDT,0.13352,463.0,0.13351,1796.0,0.13362,469.0,0.13363,758.0
1753600144475,07:09:04.475,bitget,AERGO/USDT:USDT,0.13352,4206.0,0.13351,1796.0,0.13362,469.0,0.13363,758.0
1753600144625,07:09:04.625,bitget,AERGO/USDT:USDT,0.13353,463.0,0.13352,3743.0,0.13362,469.0,0.13363,758.0
1753600144775,07:09:04.775,bitget,AERGO/USDT:USDT,0.13353,463.0,0.13352,3743.0,0.13362,469.0,0.13363,758.0
1753600144925,07:09:04.925,bitget,AERGO/USDT:USDT,0.13353,463.0,0.13352,3743.0,0.13362,469.0,0.13363,758.0
1753600145075,07:09:05.075,bitget,AERGO/USDT:USDT,0.13353,463.0,0.13352,3743.0,0.13362,469.0,0.13363,758.0
1753600145226,07:09:05.226,bitget,AERGO/USDT:USDT,0.13353,463.0,0.13352,3743.0,0.13362,469.0,0.13363,758.0
1753600145376,07:09:05.376,bitget,AERGO/USDT:USDT,0.13353,463.0,0.13352,3743.0,0.13362,469.0,0.13363,758.0
1753600145526,07:09:05.526,bitget,AERGO/USDT:USDT,0.13353,463.0,0.13352,3743.0,0.13362,469.0,0.13363,758.0
1753600145676,07:09:05.676,bitget,AERGO/USDT:USDT,0.13353,463.0,0.13352,3743.0,0.13362,469.0,0.13363,758.0
1753600145826,07:09:05.826,bitget,AERGO/USDT:USDT,0.13353,463.0,0.13352,3743.0,0.13362,469.0,0.13363,758.0
1753600145976,07:09:05.976,bitget,AERGO/USDT:USDT,0.13353,463.0,0.13352,3743.0,0.13362,469.0,0.13363,758.0
1753600146126,07:09:06.126,bitget,AERGO/USDT:USDT,0.13353,463.0,0.13352,3743.0,0.13362,469.0,0.13363,758.0
1753600146426,07:09:06.426,bitget,AERGO/USDT:USDT,0.13353,463.0,0.13352,3743.0,0.13362,469.0,0.13363,758.0
1753600146576,07:09:06.576,bitget,AERGO/USDT:USDT,0.13353,463.0,0.13352,3743.0,0.13362,469.0,0.13363,758.0
1753600146877,07:09:06.877,bitget,AERGO/USDT:USDT,0.13353,463.0,0.13352,3743.0,0.13362,469.0,0.13367,464.0
1753600147177,07:09:07.177,bitget,AERGO/USDT:USDT,0.13353,463.0,0.13352,3743.0,0.13362,758.0,0.13366,362.0
1753600147777,07:09:07.777,bitget,AERGO/USDT:USDT,0.13354,870.0,0.13353,12819.0,0.13368,823.0,0.1337,500.0
1753600147927,07:09:07.927,bitget,AERGO/USDT:USDT,0.13355,461.0,0.13354,870.0,0.13368,823.0,0.1337,500.0
1753600148077,07:09:08.077,bitget,AERGO/USDT:USDT,0.13355,461.0,0.13354,870.0,0.13368,823.0,0.1337,500.0
1753600148227,07:09:08.227,bitget,AERGO/USDT:USDT,0.13355,461.0,0.13354,870.0,0.13368,823.0,0.1337,500.0
1753600148377,07:09:08.377,bitget,AERGO/USDT:USDT,0.13355,461.0,0.13354,870.0,0.13368,823.0,0.1337,500.0
1753600148528,07:09:08.528,bitget,AERGO/USDT:USDT,0.13355,461.0,0.13354,870.0,0.13368,823.0,0.1337,500.0
1753600148678,07:09:08.678,bitget,AERGO/USDT:USDT,0.13355,461.0,0.13354,870.0,0.13368,823.0,0.1337,500.0
1753600148828,07:09:08.828,bitget,AERGO/USDT:USDT,0.13355,461.0,0.13354,870.0,0.13368,823.0,0.1337,500.0
1753600149128,07:09:09.128,bitget,AERGO/USDT:USDT,0.13355,461.0,0.13354,870.0,0.13368,823.0,0.1337,500.0
1753600149278,07:09:09.278,bitget,AERGO/USDT:USDT,0.13355,461.0,0.13354,870.0,0.13368,823.0,0.1337,500.0
1753600149428,07:09:09.428,bitget,AERGO/USDT:USDT,0.13355,461.0,0.13354,3648.0,0.13368,823.0,0.1337,500.0
1753600149578,07:09:09.578,bitget,AERGO/USDT:USDT,0.13355,461.0,0.13354,3648.0,0.13368,823.0,0.1337,500.0
1753600149728,07:09:09.728,bitget,AERGO/USDT:USDT,0.13355,461.0,0.13354,3648.0,0.13368,823.0,0.1337,500.0
1753600149878,07:09:09.878,bitget,AERGO/USDT:USDT,0.13355,461.0,0.13354,3648.0,0.13368,823.0,0.1337,500.0
1753600150028,07:09:10.028,bitget,AERGO/USDT:USDT,0.13355,461.0,0.13354,3648.0,0.13368,823.0,0.1337,500.0
1753600150179,07:09:10.179,bitget,AERGO/USDT:USDT,0.13355,461.0,0.13354,3648.0,0.13368,823.0,0.1337,500.0
1753600150629,07:09:10.629,bitget,AERGO/USDT:USDT,0.13355,461.0,0.13354,3648.0,0.13368,823.0,0.1337,500.0
1753600150779,07:09:10.779,bitget,AERGO/USDT:USDT,0.13355,461.0,0.13354,3648.0,0.13368,823.0,0.1337,500.0
1753600150929,07:09:10.929,bitget,AERGO/USDT:USDT,0.13355,461.0,0.13354,3151.0,0.13368,823.0,0.1337,500.0
1753600151229,07:09:11.229,bitget,AERGO/USDT:USDT,0.13355,461.0,0.13354,3151.0,0.13368,823.0,0.1337,500.0
1753600151379,07:09:11.379,bitget,AERGO/USDT:USDT,0.13355,461.0,0.13354,3151.0,0.13368,823.0,0.1337,500.0
1753600151529,07:09:11.529,bitget,AERGO/USDT:USDT,0.13355,461.0,0.13354,3151.0,0.13368,823.0,0.1337,500.0
1753600151679,07:09:11.679,bitget,AERGO/USDT:USDT,0.13355,15429.0,0.13354,3151.0,0.13368,823.0,0.1337,500.0
1753600151830,07:09:11.830,bitget,AERGO/USDT:USDT,0.13356,461.0,0.13355,14968.0,0.13368,823.0,0.1337,500.0
1753600151980,07:09:11.980,bitget,AERGO/USDT:USDT,0.13356,461.0,0.13355,14968.0,0.13368,823.0,0.1337,500.0
1753600152130,07:09:12.130,bitget,AERGO/USDT:USDT,0.13356,461.0,0.13355,14968.0,0.13368,823.0,0.1337,500.0
1753600152280,07:09:12.280,bitget,AERGO/USDT:USDT,0.13356,461.0,0.13355,14968.0,0.13368,823.0,0.1337,500.0
1753600152430,07:09:12.430,bitget,AERGO/USDT:USDT,0.13356,461.0,0.13355,14968.0,0.13368,823.0,0.1337,500.0
1753600153030,07:09:13.030,bitget,AERGO/USDT:USDT,0.13356,461.0,0.13355,14968.0,0.13368,823.0,0.1337,500.0
1753600153330,07:09:13.330,bitget,AERGO/USDT:USDT,0.13356,461.0,0.13355,14968.0,0.13368,823.0,0.1337,500.0
1753600153631,07:09:13.631,bitget,AERGO/USDT:USDT,0.13356,461.0,0.13355,14968.0,0.13368,823.0,0.1337,500.0
1753600153781,07:09:13.781,bitget,AERGO/USDT:USDT,0.13356,461.0,0.13355,14968.0,0.13368,823.0,0.1337,500.0
1753600153931,07:09:13.931,bitget,AERGO/USDT:USDT,0.13356,461.0,0.13355,14968.0,0.13368,823.0,0.1337,500.0
1753600154081,07:09:14.081,bitget,AERGO/USDT:USDT,0.13356,461.0,0.13355,14968.0,0.13368,823.0,0.1337,500.0
1753600154381,07:09:14.381,bitget,AERGO/USDT:USDT,0.13356,461.0,0.13355,14968.0,0.13368,823.0,0.1337,500.0
1753600154531,07:09:14.531,bitget,AERGO/USDT:USDT,0.13356,461.0,0.13355,14968.0,0.13368,823.0,0.1337,500.0
1753600154681,07:09:14.681,bitget,AERGO/USDT:USDT,0.13356,461.0,0.13355,14968.0,0.13368,823.0,0.1337,500.0
1753600154831,07:09:14.831,bitget,AERGO/USDT:USDT,0.13356,461.0,0.13355,14968.0,0.13368,823.0,0.1337,500.0
1753600154982,07:09:14.982,bitget,AERGO/USDT:USDT,0.13356,461.0,0.13355,14968.0,0.13368,823.0,0.1337,500.0
1753600155132,07:09:15.132,bitget,AERGO/USDT:USDT,0.13356,461.0,0.13355,14968.0,0.13368,823.0,0.1337,500.0
1753600155432,07:09:15.432,bitget,AERGO/USDT:USDT,0.13356,461.0,0.13355,14968.0,0.13368,823.0,0.1337,500.0
1753600155582,07:09:15.582,bitget,AERGO/USDT:USDT,0.13356,461.0,0.13355,14968.0,0.13368,823.0,0.1337,500.0
1753600155882,07:09:15.882,bitget,AERGO/USDT:USDT,0.13356,461.0,0.13355,14968.0,0.13368,823.0,0.1337,500.0
1753600156182,07:09:16.182,bitget,AERGO/USDT:USDT,0.13356,461.0,0.13355,14968.0,0.13368,823.0,0.1337,500.0
1753600156332,07:09:16.332,bitget,AERGO/USDT:USDT,0.13356,461.0,0.13355,14968.0,0.13368,823.0,0.1337,500.0
1753600156632,07:09:16.632,bitget,AERGO/USDT:USDT,0.13356,461.0,0.13355,14968.0,0.13368,823.0,0.1337,500.0
1753600156783,07:09:16.783,bitget,AERGO/USDT:USDT,0.13356,461.0,0.13355,14968.0,0.13368,823.0,0.1337,500.0
1753600156933,07:09:16.933,bitget,AERGO/USDT:USDT,0.13356,461.0,0.13355,14968.0,0.13368,823.0,0.1337,500.0
1753600157083,07:09:17.083,bitget,AERGO/USDT:USDT,0.13356,461.0,0.13355,14968.0,0.13368,823.0,0.1337,500.0
1753600157983,07:09:17.983,bitget,AERGO/USDT:USDT,0.13356,461.0,0.13355,14968.0,0.13368,823.0,0.1337,500.0
1753600158283,07:09:18.283,bitget,AERGO/USDT:USDT,0.13356,461.0,0.13355,14968.0,0.13368,823.0,0.1337,500.0
1753600158434,07:09:18.434,bitget,AERGO/USDT:USDT,0.13356,461.0,0.13355,14968.0,0.13368,823.0,0.1337,500.0
1753600158584,07:09:18.584,bitget,AERGO/USDT:USDT,0.13356,461.0,0.13355,14968.0,0.13368,461.0,0.1337,500.0
1753600158734,07:09:18.734,bitget,AERGO/USDT:USDT,0.13356,461.0,0.13355,14968.0,0.13368,461.0,0.1337,500.0
1753600159034,07:09:19.034,bitget,AERGO/USDT:USDT,0.13356,461.0,0.13355,14968.0,0.13368,461.0,0.1337,500.0
1753600159334,07:09:19.334,bitget,AERGO/USDT:USDT,0.13356,461.0,0.13355,14968.0,0.13368,461.0,0.1337,500.0
1753600159634,07:09:19.634,bitget,AERGO/USDT:USDT,0.13356,461.0,0.13355,14968.0,0.13368,461.0,0.1337,500.0
1753600159784,07:09:19.784,bitget,AERGO/USDT:USDT,0.13356,461.0,0.13355,14968.0,0.13368,461.0,0.1337,500.0
1753600160085,07:09:20.085,bitget,AERGO/USDT:USDT,0.13356,461.0,0.13355,14968.0,0.13368,461.0,0.1337,500.0
1753600160235,07:09:20.235,bitget,AERGO/USDT:USDT,0.13356,461.0,0.13355,14968.0,0.13368,461.0,0.1337,500.0
1753600160385,07:09:20.385,bitget,AERGO/USDT:USDT,0.13356,461.0,0.13355,14968.0,0.13368,461.0,0.1337,500.0
1753600160685,07:09:20.685,bitget,AERGO/USDT:USDT,0.13357,464.0,0.13356,666.0,0.13368,461.0,0.1337,500.0
1753600160835,07:09:20.835,bitget,AERGO/USDT:USDT,0.13357,739.0,0.13356,666.0,0.13368,461.0,0.1337,500.0
1753600160985,07:09:20.985,bitget,AERGO/USDT:USDT,0.13358,464.0,0.13357,275.0,0.13368,461.0,0.1337,500.0
1753600161435,07:09:21.435,bitget,AERGO/USDT:USDT,0.13358,464.0,0.13357,275.0,0.13368,461.0,0.1337,500.0
1753600161585,07:09:21.585,bitget,AERGO/USDT:USDT,0.13358,464.0,0.13357,275.0,0.13368,461.0,0.1337,500.0
1753600161886,07:09:21.886,bitget,AERGO/USDT:USDT,0.13358,464.0,0.13357,275.0,0.13368,461.0,0.1337,500.0
1753600162036,07:09:22.036,bitget,AERGO/USDT:USDT,0.13358,464.0,0.13357,275.0,0.13368,461.0,0.1337,500.0
1753600162186,07:09:22.186,bitget,AERGO/USDT:USDT,0.13358,464.0,0.13357,275.0,0.13368,461.0,0.1337,500.0
1753600162486,07:09:22.486,bitget,AERGO/USDT:USDT,0.13358,464.0,0.13357,275.0,0.13368,461.0,0.1337,500.0
1753600162636,07:09:22.636,bitget,AERGO/USDT:USDT,0.13358,464.0,0.13357,275.0,0.13368,461.0,0.1337,500.0
1753600162786,07:09:22.786,bitget,AERGO/USDT:USDT,0.13358,464.0,0.13357,275.0,0.13368,461.0,0.1337,500.0
1753600163086,07:09:23.086,bitget,AERGO/USDT:USDT,0.13358,464.0,0.13357,275.0,0.13368,461.0,0.1337,500.0
1753600163237,07:09:23.237,bitget,AERGO/USDT:USDT,0.13358,464.0,0.13357,275.0,0.13368,461.0,0.1337,500.0
1753600163837,07:09:23.837,bitget,AERGO/USDT:USDT,0.13358,464.0,0.13357,275.0,0.13368,461.0,0.1337,500.0
1753600163987,07:09:23.987,bitget,AERGO/USDT:USDT,0.13358,464.0,0.13357,275.0,0.13368,461.0,0.1337,500.0
1753600164137,07:09:24.137,bitget,AERGO/USDT:USDT,0.13358,464.0,0.13357,275.0,0.13368,461.0,0.1337,500.0
1753600164437,07:09:24.437,bitget,AERGO/USDT:USDT,0.13358,464.0,0.13357,275.0,0.13368,461.0,0.1337,500.0
1753600164888,07:09:24.888,bitget,AERGO/USDT:USDT,0.13358,464.0,0.13357,275.0,0.13368,461.0,0.1337,500.0
1753600165038,07:09:25.038,bitget,AERGO/USDT:USDT,0.13358,464.0,0.13357,275.0,0.13368,461.0,0.1337,500.0
1753600165188,07:09:25.188,bitget,AERGO/USDT:USDT,0.13358,464.0,0.13357,275.0,0.13368,461.0,0.1337,500.0
1753600165338,07:09:25.338,bitget,AERGO/USDT:USDT,0.13358,464.0,0.13357,275.0,0.13368,461.0,0.1337,500.0
1753600165638,07:09:25.638,bitget,AERGO/USDT:USDT,0.13358,464.0,0.13357,275.0,0.13368,461.0,0.1337,500.0
1753600165788,07:09:25.788,bitget,AERGO/USDT:USDT,0.13358,464.0,0.13357,275.0,0.13368,461.0,0.1337,500.0
1753600165938,07:09:25.938,bitget,AERGO/USDT:USDT,0.13358,464.0,0.13357,275.0,0.13368,461.0,0.1337,500.0
1753600166088,07:09:26.088,bitget,AERGO/USDT:USDT,0.13358,464.0,0.13357,275.0,0.13368,461.0,0.1337,500.0
1753600166238,07:09:26.238,bitget,AERGO/USDT:USDT,0.13358,464.0,0.13357,275.0,0.13368,461.0,0.1337,500.0
1753600166388,07:09:26.388,bitget,AERGO/USDT:USDT,0.13358,464.0,0.13357,275.0,0.13368,461.0,0.1337,500.0
1753600166539,07:09:26.539,bitget,AERGO/USDT:USDT,0.13358,464.0,0.13357,275.0,0.13368,461.0,0.1337,500.0
1753600166689,07:09:26.689,bitget,AERGO/USDT:USDT,0.13358,464.0,0.13357,275.0,0.13368,461.0,0.1337,500.0
1753600166989,07:09:26.989,bitget,AERGO/USDT:USDT,0.13358,464.0,0.13357,275.0,0.13368,461.0,0.1337,500.0
1753600167139,07:09:27.139,bitget,AERGO/USDT:USDT,0.13358,464.0,0.13357,275.0,0.13368,461.0,0.1337,500.0
1753600167439,07:09:27.439,bitget,AERGO/USDT:USDT,0.13358,464.0,0.13357,275.0,0.13368,461.0,0.1337,500.0
1753600167589,07:09:27.589,bitget,AERGO/USDT:USDT,0.13358,464.0,0.13357,275.0,0.13368,461.0,0.1337,500.0
1753600167740,07:09:27.740,bitget,AERGO/USDT:USDT,0.13358,464.0,0.13357,275.0,0.13368,461.0,0.1337,500.0
1753600167890,07:09:27.890,bitget,AERGO/USDT:USDT,0.13358,464.0,0.13357,275.0,0.13368,461.0,0.1337,500.0
1753600168040,07:09:28.040,bitget,AERGO/USDT:USDT,0.13358,464.0,0.13357,275.0,0.13368,461.0,0.1337,500.0
1753600168190,07:09:28.190,bitget,AERGO/USDT:USDT,0.13358,464.0,0.13357,275.0,0.13368,461.0,0.1337,500.0
1753600168340,07:09:28.340,bitget,AERGO/USDT:USDT,0.13358,464.0,0.13357,275.0,0.13368,461.0,0.1337,500.0
1753600168490,07:09:28.490,bitget,AERGO/USDT:USDT,0.13358,464.0,0.13357,275.0,0.13368,461.0,0.1337,500.0
1753600168640,07:09:28.640,bitget,AERGO/USDT:USDT,0.13358,464.0,0.13357,275.0,0.13368,461.0,0.1337,500.0
1753600168790,07:09:28.790,bitget,AERGO/USDT:USDT,0.13358,464.0,0.13357,275.0,0.13368,461.0,0.1337,500.0
1753600168940,07:09:28.940,bitget,AERGO/USDT:USDT,0.13358,464.0,0.13357,275.0,0.13368,461.0,0.1337,500.0
1753600169090,07:09:29.090,bitget,AERGO/USDT:USDT,0.13358,464.0,0.13357,275.0,0.13368,461.0,0.1337,500.0
1753600169541,07:09:29.541,bitget,AERGO/USDT:USDT,0.13358,464.0,0.13357,275.0,0.13368,461.0,0.1337,500.0
1753600169691,07:09:29.691,bitget,AERGO/USDT:USDT,0.13358,464.0,0.13357,275.0,0.13368,461.0,0.1337,500.0
1753600169841,07:09:29.841,bitget,AERGO/USDT:USDT,0.13358,464.0,0.13357,275.0,0.13368,461.0,0.1337,500.0
1753600170141,07:09:30.141,bitget,AERGO/USDT:USDT,0.13358,464.0,0.13357,275.0,0.13368,461.0,0.1337,500.0
1753600170291,07:09:30.291,bitget,AERGO/USDT:USDT,0.13358,464.0,0.13357,275.0,0.13368,461.0,0.1337,500.0
1753600170591,07:09:30.591,bitget,AERGO/USDT:USDT,0.13358,464.0,0.13357,275.0,0.13368,461.0,0.1337,500.0
1753600170891,07:09:30.891,bitget,AERGO/USDT:USDT,0.1336,469.0,0.13359,1124.0,0.13368,461.0,0.1337,500.0
1753600171042,07:09:31.042,bitget,AERGO/USDT:USDT,0.1336,469.0,0.13359,1124.0,0.13368,461.0,0.1337,500.0
1753600171192,07:09:31.192,bitget,AERGO/USDT:USDT,0.1336,469.0,0.13359,1124.0,0.13368,461.0,0.1337,500.0
1753600171342,07:09:31.342,bitget,AERGO/USDT:USDT,0.1336,469.0,0.13359,1124.0,0.13368,461.0,0.1337,500.0
1753600171642,07:09:31.642,bitget,AERGO/USDT:USDT,0.1336,469.0,0.13359,1124.0,0.13368,461.0,0.1337,500.0
1753600171792,07:09:31.792,bitget,AERGO/USDT:USDT,0.1336,469.0,0.13359,1124.0,0.13368,461.0,0.1337,500.0
1753600171942,07:09:31.942,bitget,AERGO/USDT:USDT,0.1336,469.0,0.13359,1124.0,0.13368,461.0,0.1337,500.0
1753600172092,07:09:32.092,bitget,AERGO/USDT:USDT,0.1336,469.0,0.13359,1124.0,0.13368,461.0,0.1337,500.0
1753600172242,07:09:32.242,bitget,AERGO/USDT:USDT,0.1336,469.0,0.13359,1124.0,0.13368,461.0,0.1337,500.0
1753600172392,07:09:32.392,bitget,AERGO/USDT:USDT,0.1336,469.0,0.13359,1124.0,0.13368,461.0,0.1337,500.0
1753600172543,07:09:32.543,bitget,AERGO/USDT:USDT,0.1336,469.0,0.13359,1124.0,0.13368,461.0,0.1337,500.0
1753600172843,07:09:32.843,bitget,AERGO/USDT:USDT,0.1336,469.0,0.13359,1124.0,0.13368,461.0,0.1337,500.0
1753600172993,07:09:32.993,bitget,AERGO/USDT:USDT,0.1336,469.0,0.13359,1124.0,0.13368,461.0,0.1337,500.0
1753600173143,07:09:33.143,bitget,AERGO/USDT:USDT,0.1336,469.0,0.13359,1124.0,0.13368,461.0,0.1337,500.0
1753600173443,07:09:33.443,bitget,AERGO/USDT:USDT,0.1336,469.0,0.13359,1124.0,0.13368,461.0,0.1337,500.0
1753600173593,07:09:33.593,bitget,AERGO/USDT:USDT,0.1336,469.0,0.13359,1124.0,0.13368,461.0,0.1337,500.0
1753600173743,07:09:33.743,bitget,AERGO/USDT:USDT,0.1336,469.0,0.13359,1124.0,0.13368,461.0,0.1337,500.0
1753600174194,07:09:34.194,bitget,AERGO/USDT:USDT,0.1336,469.0,0.13359,1124.0,0.13368,461.0,0.1337,500.0
1753600174344,07:09:34.344,bitget,AERGO/USDT:USDT,0.1336,469.0,0.13359,1124.0,0.13368,461.0,0.1337,500.0
1753600174644,07:09:34.644,bitget,AERGO/USDT:USDT,0.1336,469.0,0.13359,1124.0,0.13368,461.0,0.1337,500.0
1753600175244,07:09:35.244,bitget,AERGO/USDT:USDT,0.1336,469.0,0.13359,1124.0,0.13368,461.0,0.1337,500.0
1753600175394,07:09:35.394,bitget,AERGO/USDT:USDT,0.1336,469.0,0.13359,1124.0,0.13368,461.0,0.1337,500.0
1753600175694,07:09:35.694,bitget,AERGO/USDT:USDT,0.1336,469.0,0.13359,1124.0,0.13368,461.0,0.1337,500.0
1753600175845,07:09:35.845,bitget,AERGO/USDT:USDT,0.1336,469.0,0.13359,1124.0,0.13368,461.0,0.1337,500.0
1753600176145,07:09:36.145,bitget,AERGO/USDT:USDT,0.1336,469.0,0.13359,1124.0,0.13368,461.0,0.1337,500.0
1753600176295,07:09:36.295,bitget,AERGO/USDT:USDT,0.1336,469.0,0.13359,1124.0,0.13368,461.0,0.1337,500.0
1753600176445,07:09:36.445,bitget,AERGO/USDT:USDT,0.1336,469.0,0.13359,1124.0,0.13368,461.0,0.1337,500.0
1753600176745,07:09:36.745,bitget,AERGO/USDT:USDT,0.1336,469.0,0.13359,1124.0,0.13368,461.0,0.1337,500.0
1753600176895,07:09:36.895,bitget,AERGO/USDT:USDT,0.1336,469.0,0.13359,1124.0,0.13368,461.0,0.1337,500.0
1753600177195,07:09:37.195,bitget,AERGO/USDT:USDT,0.1336,469.0,0.13359,1124.0,0.13368,461.0,0.1337,500.0
1753600177345,07:09:37.345,bitget,AERGO/USDT:USDT,0.1336,469.0,0.13359,1124.0,0.13368,461.0,0.1337,500.0
1753600177496,07:09:37.496,bitget,AERGO/USDT:USDT,0.1336,469.0,0.13359,1124.0,0.13368,461.0,0.1337,500.0
1753600177796,07:09:37.796,bitget,AERGO/USDT:USDT,0.1336,469.0,0.13359,1124.0,0.13368,461.0,0.1337,500.0
1753600177946,07:09:37.946,bitget,AERGO/USDT:USDT,0.1336,469.0,0.13359,1124.0,0.13368,461.0,0.1337,500.0
1753600178096,07:09:38.096,bitget,AERGO/USDT:USDT,0.1336,469.0,0.13359,1124.0,0.13368,461.0,0.1337,500.0
1753600178396,07:09:38.396,bitget,AERGO/USDT:USDT,0.1336,469.0,0.13359,1124.0,0.13368,461.0,0.1337,500.0
1753600178696,07:09:38.696,bitget,AERGO/USDT:USDT,0.1336,469.0,0.13359,1124.0,0.13368,461.0,0.1337,500.0
1753600178846,07:09:38.846,bitget,AERGO/USDT:USDT,0.1336,469.0,0.13359,1124.0,0.13368,461.0,0.1337,500.0
1753600179147,07:09:39.147,bitget,AERGO/USDT:USDT,0.1336,469.0,0.13359,1124.0,0.13368,461.0,0.1337,500.0
1753600179297,07:09:39.297,bitget,AERGO/USDT:USDT,0.1336,469.0,0.13359,1124.0,0.13368,461.0,0.1337,500.0
1753600179447,07:09:39.447,bitget,AERGO/USDT:USDT,0.1336,469.0,0.13359,1124.0,0.13368,461.0,0.1337,500.0
1753600179597,07:09:39.597,bitget,AERGO/USDT:USDT,0.1336,469.0,0.13359,1124.0,0.13368,461.0,0.1337,500.0
1753600179897,07:09:39.897,bitget,AERGO/USDT:USDT,0.1336,469.0,0.13359,1124.0,0.13368,461.0,0.1337,500.0
1753600180197,07:09:40.197,bitget,AERGO/USDT:USDT,0.1336,469.0,0.13359,1124.0,0.13368,461.0,0.1337,500.0
1753600180347,07:09:40.347,bitget,AERGO/USDT:USDT,0.1336,469.0,0.13359,1124.0,0.13368,461.0,0.1337,500.0
1753600180647,07:09:40.647,bitget,AERGO/USDT:USDT,0.1336,469.0,0.13359,1124.0,0.13368,461.0,0.1337,500.0
1753600180798,07:09:40.798,bitget,AERGO/USDT:USDT,0.1336,469.0,0.13359,1124.0,0.13368,461.0,0.1337,500.0
1753600180948,07:09:40.948,bitget,AERGO/USDT:USDT,0.1336,469.0,0.13359,1124.0,0.13368,461.0,0.1337,500.0
1753600181398,07:09:41.398,bitget,AERGO/USDT:USDT,0.1336,469.0,0.13359,1124.0,0.13368,461.0,0.1337,500.0
1753600181548,07:09:41.548,bitget,AERGO/USDT:USDT,0.1336,469.0,0.13359,1124.0,0.13368,461.0,0.1337,500.0
1753600181698,07:09:41.698,bitget,AERGO/USDT:USDT,0.1336,469.0,0.13359,1124.0,0.13368,461.0,0.1337,500.0
1753600181998,07:09:41.998,bitget,AERGO/USDT:USDT,0.1336,469.0,0.13359,1124.0,0.13368,461.0,0.1337,500.0
1753600182148,07:09:42.148,bitget,AERGO/USDT:USDT,0.1336,469.0,0.13359,1124.0,0.13368,461.0,0.1337,500.0
1753600182599,07:09:42.599,bitget,AERGO/USDT:USDT,0.1336,469.0,0.13359,1124.0,0.13368,461.0,0.1337,500.0
1753600182749,07:09:42.749,bitget,AERGO/USDT:USDT,0.1336,469.0,0.13359,1124.0,0.13368,461.0,0.1337,500.0
1753600182899,07:09:42.899,bitget,AERGO/USDT:USDT,0.1336,469.0,0.13359,1124.0,0.13368,461.0,0.1337,500.0
1753600183049,07:09:43.049,bitget,AERGO/USDT:USDT,0.1336,469.0,0.13359,1124.0,0.13368,461.0,0.1337,500.0
