timestamp,time,exchange,symbol,bid1_price,bid1_volume,bid2_price,bid2_volume,ask1_price,ask1_volume,ask2_price,ask2_volume
1753599991500,07:06:31.500,okx,A/USDT:USDT,0.5828,1.0,0.5827,188.0,0.5829,867.0,0.583,357.0
1753599992100,07:06:32.100,okx,A/USDT:USDT,0.5828,1.0,0.5827,247.0,0.5829,867.0,0.583,357.0
1753599992500,07:06:32.500,okx,A/USDT:USDT,0.5828,1.0,0.5827,244.0,0.5829,1862.0,0.583,285.0
1753599993800,07:06:33.800,okx,A/USDT:USDT,0.5828,1.0,0.5827,188.0,0.5829,1862.0,0.583,260.0
1753599994200,07:06:34.200,okx,A/USDT:USDT,0.5828,1.0,0.5827,256.0,0.5829,2050.0,0.583,335.0
1753599994300,07:06:34.300,okx,A/USDT:USDT,0.5828,1.0,0.5827,256.0,0.5829,2050.0,0.583,335.0
1753599994400,07:06:34.400,okx,A/USDT:USDT,0.5828,1.0,0.5827,256.0,0.5829,2112.0,0.583,335.0
1753599994600,07:06:34.600,okx,A/USDT:USDT,0.5828,1.0,0.5827,188.0,0.5829,2112.0,0.583,335.0
1753599994700,07:06:34.700,okx,A/USDT:USDT,0.5828,1.0,0.5827,188.0,0.5829,2050.0,0.583,335.0
1753599994800,07:06:34.800,okx,A/USDT:USDT,0.5828,1.0,0.5827,256.0,0.5829,2050.0,0.583,300.0
1753599995300,07:06:35.300,okx,A/USDT:USDT,0.5828,1.0,0.5827,188.0,0.5829,2112.0,0.583,300.0
1753599995400,07:06:35.400,okx,A/USDT:USDT,0.5828,1.0,0.5827,188.0,0.5829,2112.0,0.583,300.0
1753599995700,07:06:35.700,okx,A/USDT:USDT,0.5828,1.0,0.5827,246.0,0.5829,2112.0,0.583,300.0
1753599996200,07:06:36.200,okx,A/USDT:USDT,0.5828,1.0,0.5827,246.0,0.5829,2112.0,0.583,300.0
1753599996600,07:06:36.600,okx,A/USDT:USDT,0.5828,1.0,0.5827,246.0,0.5829,2112.0,0.583,300.0
1753599998100,07:06:38.100,okx,A/USDT:USDT,0.5828,1.0,0.5827,246.0,0.5829,2053.0,0.583,300.0
1753599998300,07:06:38.300,okx,A/USDT:USDT,0.5828,1.0,0.5827,246.0,0.5829,2204.0,0.583,300.0
1753599998400,07:06:38.400,okx,A/USDT:USDT,0.5828,1.0,0.5827,246.0,0.5829,2266.0,0.583,300.0
1753599998600,07:06:38.600,okx,A/USDT:USDT,0.5828,1.0,0.5827,246.0,0.5829,2266.0,0.583,300.0
1753599998900,07:06:38.900,okx,A/USDT:USDT,0.5828,1.0,0.5827,246.0,0.5829,2266.0,0.583,300.0
1753599999200,07:06:39.200,okx,A/USDT:USDT,0.5828,1.0,0.5827,246.0,0.5829,2204.0,0.583,300.0
1753600000300,07:06:40.300,okx,A/USDT:USDT,0.5828,1.0,0.5827,246.0,0.5829,2203.0,0.583,300.0
1753600000400,07:06:40.400,okx,A/USDT:USDT,0.5828,61.0,0.5827,365.0,0.5829,2128.0,0.583,207.0
1753600000500,07:06:40.500,okx,A/USDT:USDT,0.5828,61.0,0.5827,435.0,0.5829,2128.0,0.583,207.0
1753600000800,07:06:40.800,okx,A/USDT:USDT,0.5826,69.0,0.5825,501.0,0.5827,266.0,0.5828,451.0
1753600001000,07:06:41.000,okx,A/USDT:USDT,0.5826,69.0,0.5825,501.0,0.5827,266.0,0.5828,451.0
1753600001100,07:06:41.100,okx,A/USDT:USDT,0.5826,13.0,0.5825,442.0,0.5827,266.0,0.5828,1012.0
1753600001200,07:06:41.200,okx,A/USDT:USDT,0.5826,13.0,0.5825,507.0,0.5827,266.0,0.5828,1012.0
1753600001700,07:06:41.700,okx,A/USDT:USDT,0.5826,1.0,0.5825,195.0,0.5827,363.0,0.5828,1012.0
1753600001800,07:06:41.800,okx,A/USDT:USDT,0.5826,1.0,0.5825,195.0,0.5827,363.0,0.5828,1012.0
1753600002100,07:06:42.100,okx,A/USDT:USDT,0.5826,1.0,0.5825,195.0,0.5827,328.0,0.5828,1012.0
1753600002200,07:06:42.200,okx,A/USDT:USDT,0.5826,1.0,0.5825,195.0,0.5827,328.0,0.5828,1012.0
1753600002400,07:06:42.400,okx,A/USDT:USDT,0.5826,1.0,0.5825,432.0,0.5827,2468.0,0.5828,649.0
1753600002500,07:06:42.500,okx,A/USDT:USDT,0.5826,1.0,0.5825,495.0,0.5827,2503.0,0.5828,649.0
1753600002900,07:06:42.900,okx,A/USDT:USDT,0.5826,1.0,0.5825,495.0,0.5827,2468.0,0.5828,649.0
1753600003000,07:06:43.000,okx,A/USDT:USDT,0.5826,1.0,0.5825,495.0,0.5827,2468.0,0.5828,649.0
1753600003200,07:06:43.200,okx,A/USDT:USDT,0.5826,1.0,0.5825,495.0,0.5827,2470.0,0.5828,649.0
1753600003300,07:06:43.300,okx,A/USDT:USDT,0.5826,1.0,0.5825,495.0,0.5827,2470.0,0.5828,649.0
1753600003400,07:06:43.400,okx,A/USDT:USDT,0.5826,1.0,0.5825,495.0,0.5827,2470.0,0.5828,649.0
1753600004200,07:06:44.200,okx,A/USDT:USDT,0.5826,1.0,0.5825,130.0,0.5827,2532.0,0.5828,649.0
1753600004300,07:06:44.300,okx,A/USDT:USDT,0.5826,1.0,0.5825,2.0,0.5827,2711.0,0.5828,649.0
1753600004400,07:06:44.400,okx,A/USDT:USDT,0.5826,1.0,0.5825,2.0,0.5827,2713.0,0.5828,649.0
1753600004900,07:06:44.900,okx,A/USDT:USDT,0.5826,1.0,0.5825,554.0,0.5827,2668.0,0.5828,521.0
1753600005300,07:06:45.300,okx,A/USDT:USDT,0.5826,1.0,0.5825,480.0,0.5827,2668.0,0.5828,614.0
1753600005800,07:06:45.800,okx,A/USDT:USDT,0.5826,1.0,0.5825,154.0,0.5827,2765.0,0.5828,649.0
1753600006100,07:06:46.100,okx,A/USDT:USDT,0.5826,1.0,0.5825,154.0,0.5827,2765.0,0.5828,649.0
1753600006500,07:06:46.500,okx,A/USDT:USDT,0.5821,273.0,0.582,604.0,0.5822,115.0,0.5823,169.0
1753600006600,07:06:46.600,okx,A/USDT:USDT,0.5821,275.0,0.582,604.0,0.5822,82.0,0.5823,136.0
1753600006800,07:06:46.800,okx,A/USDT:USDT,0.5821,275.0,0.582,511.0,0.5822,82.0,0.5823,394.0
1753600006900,07:06:46.900,okx,A/USDT:USDT,0.5821,275.0,0.582,511.0,0.5822,82.0,0.5823,429.0
1753600007000,07:06:47.000,okx,A/USDT:USDT,0.5821,275.0,0.582,604.0,0.5822,82.0,0.5823,429.0
1753600007100,07:06:47.100,okx,A/USDT:USDT,0.5821,275.0,0.582,511.0,0.5822,82.0,0.5823,429.0
1753600007200,07:06:47.200,okx,A/USDT:USDT,0.5821,206.0,0.582,511.0,0.5822,144.0,0.5823,494.0
1753600007400,07:06:47.400,okx,A/USDT:USDT,0.5821,68.0,0.582,510.0,0.5822,82.0,0.5823,494.0
1753600007800,07:06:47.800,okx,A/USDT:USDT,0.5821,151.0,0.582,639.0,0.5822,13.0,0.5823,207.0
1753600008100,07:06:48.100,okx,A/USDT:USDT,0.5821,153.0,0.582,546.0,0.5822,77.0,0.5823,300.0
1753600008200,07:06:48.200,okx,A/USDT:USDT,0.5821,153.0,0.582,546.0,0.5822,77.0,0.5823,207.0
1753600008500,07:06:48.500,okx,A/USDT:USDT,0.5821,68.0,0.582,545.0,0.5822,77.0,0.5823,207.0
1753600008600,07:06:48.600,okx,A/USDT:USDT,0.5821,68.0,0.582,510.0,0.5822,77.0,0.5823,386.0
1753600009100,07:06:49.100,okx,A/USDT:USDT,0.5821,68.0,0.582,545.0,0.5822,77.0,0.5823,293.0
1753600009300,07:06:49.300,okx,A/USDT:USDT,0.5821,68.0,0.582,545.0,0.5822,77.0,0.5823,293.0
1753600009400,07:06:49.400,okx,A/USDT:USDT,0.5821,68.0,0.582,638.0,0.5822,77.0,0.5823,293.0
1753600010200,07:06:50.200,okx,A/USDT:USDT,0.5821,68.0,0.582,545.0,0.5822,702.0,0.5823,329.0
1753600010300,07:06:50.300,okx,A/USDT:USDT,0.5821,68.0,0.582,510.0,0.5822,702.0,0.5823,457.0
1753600010500,07:06:50.500,okx,A/USDT:USDT,0.5821,68.0,0.582,510.0,0.5822,702.0,0.5823,457.0
1753600010700,07:06:50.700,okx,A/USDT:USDT,0.5821,68.0,0.582,510.0,0.5822,702.0,0.5823,457.0
1753600010800,07:06:50.800,okx,A/USDT:USDT,0.5821,68.0,0.582,545.0,0.5822,702.0,0.5823,457.0
1753600011000,07:06:51.000,okx,A/USDT:USDT,0.5821,68.0,0.582,545.0,0.5822,702.0,0.5823,457.0
1753600011200,07:06:51.200,okx,A/USDT:USDT,0.5821,68.0,0.582,545.0,0.5822,702.0,0.5823,457.0
1753600011500,07:06:51.500,okx,A/USDT:USDT,0.5821,68.0,0.582,502.0,0.5822,702.0,0.5823,457.0
1753600012000,07:06:52.000,okx,A/USDT:USDT,0.5821,68.0,0.582,502.0,0.5822,702.0,0.5823,457.0
1753600012100,07:06:52.100,okx,A/USDT:USDT,0.5821,68.0,0.582,502.0,0.5822,702.0,0.5823,423.0
1753600012500,07:06:52.500,okx,A/USDT:USDT,0.5821,166.0,0.582,595.0,0.5822,702.0,0.5823,329.0
1753600012700,07:06:52.700,okx,A/USDT:USDT,0.5821,166.0,0.582,595.0,0.5822,702.0,0.5823,329.0
1753600013000,07:06:53.000,okx,A/USDT:USDT,0.5819,1.0,0.5818,66.0,0.582,254.0,0.5821,693.0
1753600013200,07:06:53.200,okx,A/USDT:USDT,0.5819,1.0,0.5818,132.0,0.582,257.0,0.5821,927.0
1753600013300,07:06:53.300,okx,A/USDT:USDT,0.5819,1.0,0.5818,362.0,0.582,159.0,0.5821,928.0
1753600013900,07:06:53.900,okx,A/USDT:USDT,0.5819,1.0,0.5818,362.0,0.582,159.0,0.5821,928.0
1753600014000,07:06:54.000,okx,A/USDT:USDT,0.5819,1.0,0.5818,59.0,0.582,159.0,0.5821,928.0
1753600014100,07:06:54.100,okx,A/USDT:USDT,0.5819,1.0,0.5818,59.0,0.582,159.0,0.5821,927.0
1753600014600,07:06:54.600,okx,A/USDT:USDT,0.5819,1.0,0.5818,59.0,0.582,159.0,0.5821,927.0
1753600014700,07:06:54.700,okx,A/USDT:USDT,0.5819,1.0,0.5818,59.0,0.582,159.0,0.5821,959.0
1753600015400,07:06:55.400,okx,A/USDT:USDT,0.5819,1.0,0.5818,2.0,0.582,256.0,0.5821,959.0
1753600015600,07:06:55.600,okx,A/USDT:USDT,0.5819,1.0,0.5818,2.0,0.582,271.0,0.5821,958.0
1753600015800,07:06:55.800,okx,A/USDT:USDT,0.5819,1.0,0.5818,58.0,0.582,209.0,0.5821,959.0
1753600015900,07:06:55.900,okx,A/USDT:USDT,0.5819,1.0,0.5818,58.0,0.582,271.0,0.5821,959.0
1753600016300,07:06:56.300,okx,A/USDT:USDT,0.5819,1.0,0.5818,2.0,0.582,271.0,0.5821,959.0
1753600016600,07:06:56.600,okx,A/USDT:USDT,0.5817,309.0,0.5816,625.0,0.5818,68.0,0.5819,636.0
1753600016700,07:06:56.700,okx,A/USDT:USDT,0.5817,309.0,0.5816,625.0,0.5818,70.0,0.5819,636.0
1753600016800,07:06:56.800,okx,A/USDT:USDT,0.5817,309.0,0.5816,625.0,0.5818,70.0,0.5819,636.0
1753600016900,07:06:56.900,okx,A/USDT:USDT,0.5817,309.0,0.5816,532.0,0.5818,70.0,0.5819,636.0
1753600017000,07:06:57.000,okx,A/USDT:USDT,0.5817,309.0,0.5816,625.0,0.5818,70.0,0.5819,636.0
1753600017200,07:06:57.200,okx,A/USDT:USDT,0.5817,309.0,0.5816,625.0,0.5818,70.0,0.5819,636.0
1753600017300,07:06:57.300,okx,A/USDT:USDT,0.5817,309.0,0.5816,625.0,0.5818,70.0,0.5819,636.0
1753600017400,07:06:57.400,okx,A/USDT:USDT,0.5817,309.0,0.5816,693.0,0.5818,70.0,0.5819,636.0
1753600017500,07:06:57.500,okx,A/USDT:USDT,0.5817,261.0,0.5816,728.0,0.5818,70.0,0.5819,636.0
1753600017600,07:06:57.600,okx,A/USDT:USDT,0.5817,261.0,0.5816,728.0,0.5818,70.0,0.5819,636.0
1753600017700,07:06:57.700,okx,A/USDT:USDT,0.5817,261.0,0.5816,635.0,0.5818,70.0,0.5819,636.0
1753600017800,07:06:57.800,okx,A/USDT:USDT,0.5817,261.0,0.5816,635.0,0.5818,70.0,0.5819,636.0
1753600018400,07:06:58.400,okx,A/USDT:USDT,0.5817,261.0,0.5816,635.0,0.5818,70.0,0.5819,636.0
1753600018500,07:06:58.500,okx,A/USDT:USDT,0.5817,261.0,0.5816,728.0,0.5818,70.0,0.5819,636.0
1753600018700,07:06:58.700,okx,A/USDT:USDT,0.5817,261.0,0.5816,728.0,0.5818,70.0,0.5819,468.0
1753600018900,07:06:58.900,okx,A/USDT:USDT,0.5817,261.0,0.5816,728.0,0.5818,70.0,0.5819,468.0
1753600019000,07:06:59.000,okx,A/USDT:USDT,0.5817,261.0,0.5816,728.0,0.5818,70.0,0.5819,468.0
1753600019100,07:06:59.100,okx,A/USDT:USDT,0.5817,261.0,0.5816,728.0,0.5818,70.0,0.5819,468.0
1753600019200,07:06:59.200,okx,A/USDT:USDT,0.5817,261.0,0.5816,728.0,0.5818,70.0,0.5819,468.0
1753600019400,07:06:59.400,okx,A/USDT:USDT,0.5817,261.0,0.5816,728.0,0.5818,70.0,0.5819,468.0
1753600019600,07:06:59.600,okx,A/USDT:USDT,0.5817,294.0,0.5816,728.0,0.5819,468.0,0.582,3995.0
1753600019700,07:06:59.700,okx,A/USDT:USDT,0.5818,59.0,0.5817,696.0,0.5819,192.0,0.582,3995.0
1753600019800,07:06:59.800,okx,A/USDT:USDT,0.5818,59.0,0.5817,693.0,0.5819,192.0,0.582,3995.0
1753600020100,07:07:00.100,okx,A/USDT:USDT,0.5818,59.0,0.5817,692.0,0.5819,192.0,0.582,4123.0
1753600020400,07:07:00.400,okx,A/USDT:USDT,0.5818,59.0,0.5817,692.0,0.5819,214.0,0.582,4031.0
1753600020500,07:07:00.500,okx,A/USDT:USDT,0.5818,59.0,0.5817,619.0,0.5819,214.0,0.582,4124.0
1753600020600,07:07:00.600,okx,A/USDT:USDT,0.5818,59.0,0.5817,692.0,0.5819,214.0,0.582,4124.0
1753600020800,07:07:00.800,okx,A/USDT:USDT,0.5817,599.0,0.5816,409.0,0.5819,214.0,0.582,4124.0
1753600020900,07:07:00.900,okx,A/USDT:USDT,0.5817,388.0,0.5816,644.0,0.5819,214.0,0.582,4124.0
1753600021000,07:07:01.000,okx,A/USDT:USDT,0.5817,270.0,0.5816,733.0,0.5818,68.0,0.5819,261.0
1753600021300,07:07:01.300,okx,A/USDT:USDT,0.5817,301.0,0.5816,733.0,0.5818,68.0,0.5819,261.0
1753600021400,07:07:01.400,okx,A/USDT:USDT,0.5817,494.0,0.5816,698.0,0.5819,152.0,0.582,4124.0
1753600021500,07:07:01.500,okx,A/USDT:USDT,0.5818,69.0,0.5817,647.0,0.5819,214.0,0.582,4124.0
1753600021900,07:07:01.900,okx,A/USDT:USDT,0.5817,270.0,0.5816,679.0,0.5818,57.0,0.5819,356.0
1753600022200,07:07:02.200,okx,A/USDT:USDT,0.5817,270.0,0.5816,720.0,0.5818,686.0,0.5819,429.0
1753600022500,07:07:02.500,okx,A/USDT:USDT,0.5817,73.0,0.5816,720.0,0.5818,686.0,0.5819,522.0
1753600022900,07:07:02.900,okx,A/USDT:USDT,0.5817,73.0,0.5816,720.0,0.5818,686.0,0.5819,429.0
1753600023100,07:07:03.100,okx,A/USDT:USDT,0.5817,72.0,0.5816,720.0,0.5818,686.0,0.5819,429.0
1753600023300,07:07:03.300,okx,A/USDT:USDT,0.5817,74.0,0.5816,720.0,0.5818,686.0,0.5819,429.0
1753600023700,07:07:03.700,okx,A/USDT:USDT,0.5817,74.0,0.5816,720.0,0.5818,686.0,0.5819,429.0
1753600024100,07:07:04.100,okx,A/USDT:USDT,0.5817,63.0,0.5816,720.0,0.5818,686.0,0.5819,429.0
1753600024200,07:07:04.200,okx,A/USDT:USDT,0.5817,186.0,0.5816,685.0,0.5818,686.0,0.5819,429.0
1753600024400,07:07:04.400,okx,A/USDT:USDT,0.5817,188.0,0.5816,685.0,0.5818,686.0,0.5819,429.0
1753600024700,07:07:04.700,okx,A/USDT:USDT,0.5817,188.0,0.5816,685.0,0.5818,686.0,0.5819,429.0
1753600024900,07:07:04.900,okx,A/USDT:USDT,0.5817,104.0,0.5816,685.0,0.5818,686.0,0.5819,429.0
1753600025300,07:07:05.300,okx,A/USDT:USDT,0.5817,104.0,0.5816,685.0,0.5818,686.0,0.5819,429.0
1753600025600,07:07:05.600,okx,A/USDT:USDT,0.5817,47.0,0.5816,685.0,0.5818,4317.0,0.5819,227.0
1753600025800,07:07:05.800,okx,A/USDT:USDT,0.5817,47.0,0.5816,685.0,0.5818,4317.0,0.5819,227.0
1753600025900,07:07:05.900,okx,A/USDT:USDT,0.5817,47.0,0.5816,745.0,0.5818,4317.0,0.5819,227.0
1753600026200,07:07:06.200,okx,A/USDT:USDT,0.5817,47.0,0.5816,745.0,0.5818,4317.0,0.5819,227.0
1753600026300,07:07:06.300,okx,A/USDT:USDT,0.5817,164.0,0.5816,685.0,0.5818,4317.0,0.5819,227.0
1753600026400,07:07:06.400,okx,A/USDT:USDT,0.5817,165.0,0.5816,685.0,0.5818,4317.0,0.5819,227.0
1753600026500,07:07:06.500,okx,A/USDT:USDT,0.5817,48.0,0.5816,685.0,0.5818,4317.0,0.5819,320.0
1753600026600,07:07:06.600,okx,A/USDT:USDT,0.5817,48.0,0.5816,753.0,0.5818,4317.0,0.5819,227.0
1753600026800,07:07:06.800,okx,A/USDT:USDT,0.5817,169.0,0.5816,685.0,0.5818,4317.0,0.5819,227.0
1753600027000,07:07:07.000,okx,A/USDT:USDT,0.5817,138.0,0.5816,685.0,0.5818,4317.0,0.5819,416.0
1753600027200,07:07:07.200,okx,A/USDT:USDT,0.5817,109.0,0.5816,685.0,0.5818,4317.0,0.5819,416.0
1753600027600,07:07:07.600,okx,A/USDT:USDT,0.5817,169.0,0.5816,686.0,0.5818,4317.0,0.5819,416.0
1753600027700,07:07:07.700,okx,A/USDT:USDT,0.5817,169.0,0.5816,686.0,0.5818,4317.0,0.5819,416.0
1753600027800,07:07:07.800,okx,A/USDT:USDT,0.5817,169.0,0.5816,685.0,0.5818,4317.0,0.5819,416.0
1753600027900,07:07:07.900,okx,A/USDT:USDT,0.5817,107.0,0.5816,685.0,0.5818,4317.0,0.5819,416.0
1753600028400,07:07:08.400,okx,A/USDT:USDT,0.5817,109.0,0.5816,685.0,0.5818,4444.0,0.5819,416.0
1753600028500,07:07:08.500,okx,A/USDT:USDT,0.5817,109.0,0.5816,685.0,0.5818,4444.0,0.5819,416.0
1753600029400,07:07:09.400,okx,A/USDT:USDT,0.5817,48.0,0.5816,814.0,0.5818,4444.0,0.5819,416.0
1753600029600,07:07:09.600,okx,A/USDT:USDT,0.5817,48.0,0.5816,721.0,0.5818,4444.0,0.5819,543.0
1753600030400,07:07:10.400,okx,A/USDT:USDT,0.5817,115.0,0.5816,665.0,0.5818,4444.0,0.5819,484.0
1753600030900,07:07:10.900,okx,A/USDT:USDT,0.5817,115.0,0.5816,665.0,0.5818,4444.0,0.5819,484.0
1753600031100,07:07:11.100,okx,A/USDT:USDT,0.5817,175.0,0.5816,665.0,0.5818,4444.0,0.5819,484.0
1753600031300,07:07:11.300,okx,A/USDT:USDT,0.5817,175.0,0.5816,665.0,0.5818,4444.0,0.5819,484.0
1753600032500,07:07:12.500,okx,A/USDT:USDT,0.5817,175.0,0.5816,665.0,0.5818,4444.0,0.5819,484.0
1753600033600,07:07:13.600,okx,A/USDT:USDT,0.5817,74.0,0.5816,665.0,0.5818,4505.0,0.5819,484.0
1753600033800,07:07:13.800,okx,A/USDT:USDT,0.5816,173.0,0.5815,684.0,0.5817,211.0,0.5818,4426.0
1753600034700,07:07:14.700,okx,A/USDT:USDT,0.5815,17.0,0.5814,518.0,0.5816,958.0,0.5817,970.0
1753600034800,07:07:14.800,okx,A/USDT:USDT,0.5815,17.0,0.5814,585.0,0.5816,958.0,0.5817,970.0
1753600034900,07:07:14.900,okx,A/USDT:USDT,0.5815,17.0,0.5814,585.0,0.5816,958.0,0.5817,970.0
1753600035100,07:07:15.100,okx,A/USDT:USDT,0.5815,17.0,0.5814,585.0,0.5816,958.0,0.5817,970.0
1753600035300,07:07:15.300,okx,A/USDT:USDT,0.5815,17.0,0.5814,585.0,0.5816,958.0,0.5817,970.0
1753600035400,07:07:15.400,okx,A/USDT:USDT,0.5815,17.0,0.5814,585.0,0.5816,958.0,0.5817,970.0
1753600035500,07:07:15.500,okx,A/USDT:USDT,0.5815,17.0,0.5814,585.0,0.5816,1325.0,0.5817,970.0
1753600035700,07:07:15.700,okx,A/USDT:USDT,0.5815,17.0,0.5814,585.0,0.5816,1264.0,0.5817,803.0
1753600035800,07:07:15.800,okx,A/USDT:USDT,0.5815,17.0,0.5814,585.0,0.5816,1264.0,0.5817,803.0
1753600036500,07:07:16.500,okx,A/USDT:USDT,0.5815,17.0,0.5814,585.0,0.5816,5031.0,0.5817,639.0
1753600036700,07:07:16.700,okx,A/USDT:USDT,0.5815,17.0,0.5814,518.0,0.5816,4871.0,0.5817,630.0
1753600036800,07:07:16.800,okx,A/USDT:USDT,0.5815,17.0,0.5814,585.0,0.5816,4871.0,0.5817,630.0
1753600036900,07:07:16.900,okx,A/USDT:USDT,0.5815,17.0,0.5814,585.0,0.5816,4871.0,0.5817,630.0
1753600037000,07:07:17.000,okx,A/USDT:USDT,0.5815,78.0,0.5814,518.0,0.5816,4836.0,0.5817,630.0
1753600037100,07:07:17.100,okx,A/USDT:USDT,0.5815,17.0,0.5814,518.0,0.5816,4871.0,0.5817,595.0
1753600037200,07:07:17.200,okx,A/USDT:USDT,0.5815,17.0,0.5814,518.0,0.5816,4932.0,0.5817,595.0
1753600037400,07:07:17.400,okx,A/USDT:USDT,0.5815,17.0,0.5814,579.0,0.5816,4932.0,0.5817,648.0
1753600037700,07:07:17.700,okx,A/USDT:USDT,0.5815,84.0,0.5814,518.0,0.5816,4836.0,0.5817,648.0
1753600037800,07:07:17.800,okx,A/USDT:USDT,0.5815,84.0,0.5814,518.0,0.5816,4932.0,0.5817,648.0
1753600038000,07:07:18.000,okx,A/USDT:USDT,0.5815,84.0,0.5814,518.0,0.5816,4932.0,0.5817,648.0
1753600038100,07:07:18.100,okx,A/USDT:USDT,0.5815,84.0,0.5814,518.0,0.5816,4932.0,0.5817,648.0
1753600038500,07:07:18.500,okx,A/USDT:USDT,0.5815,84.0,0.5814,518.0,0.5816,4932.0,0.5817,648.0
1753600040400,07:07:20.400,okx,A/USDT:USDT,0.5814,124.0,0.5813,652.0,0.5815,4146.0,0.5816,1170.0
1753600040500,07:07:20.500,okx,A/USDT:USDT,0.5814,124.0,0.5813,745.0,0.5815,4146.0,0.5816,1170.0
1753600040900,07:07:20.900,okx,A/USDT:USDT,0.5814,155.0,0.5813,745.0,0.5815,4058.0,0.5816,1109.0
1753600041100,07:07:21.100,okx,A/USDT:USDT,0.5814,155.0,0.5813,745.0,0.5815,3870.0,0.5816,1297.0
1753600041300,07:07:21.300,okx,A/USDT:USDT,0.5814,155.0,0.5813,746.0,0.5815,3870.0,0.5816,1297.0
1753600041400,07:07:21.400,okx,A/USDT:USDT,0.5814,124.0,0.5813,745.0,0.5815,3870.0,0.5816,1297.0
1753600041900,07:07:21.900,okx,A/USDT:USDT,0.5814,124.0,0.5813,745.0,0.5815,3870.0,0.5816,1297.0
1753600042400,07:07:22.400,okx,A/USDT:USDT,0.5814,67.0,0.5813,745.0,0.5815,3870.0,0.5816,1390.0
1753600042600,07:07:22.600,okx,A/USDT:USDT,0.5814,133.0,0.5813,745.0,0.5815,3870.0,0.5816,1297.0
1753600042800,07:07:22.800,okx,A/USDT:USDT,0.5814,133.0,0.5813,745.0,0.5815,3870.0,0.5816,1297.0
1753600042900,07:07:22.900,okx,A/USDT:USDT,0.5814,164.0,0.5813,745.0,0.5815,3870.0,0.5816,1297.0
1753600043400,07:07:23.400,okx,A/USDT:USDT,0.5814,135.0,0.5813,745.0,0.5815,3870.0,0.5816,1376.0
1753600043500,07:07:23.500,okx,A/USDT:USDT,0.5814,135.0,0.5813,745.0,0.5815,3870.0,0.5816,1376.0
1753600043600,07:07:23.600,okx,A/USDT:USDT,0.5814,68.0,0.5813,745.0,0.5815,3870.0,0.5816,1376.0
1753600043800,07:07:23.800,okx,A/USDT:USDT,0.5814,68.0,0.5813,800.0,0.5815,3870.0,0.5816,1376.0
1753600043900,07:07:23.900,okx,A/USDT:USDT,0.5814,68.0,0.5813,800.0,0.5815,3870.0,0.5816,1376.0
1753600044100,07:07:24.100,okx,A/USDT:USDT,0.5814,8.0,0.5813,800.0,0.5815,3905.0,0.5816,1376.0
1753600044200,07:07:24.200,okx,A/USDT:USDT,0.5814,8.0,0.5813,800.0,0.5815,3905.0,0.5816,1376.0
1753600044400,07:07:24.400,okx,A/USDT:USDT,0.5814,50.0,0.5813,800.0,0.5815,4898.0,0.5816,379.0
1753600044500,07:07:24.500,okx,A/USDT:USDT,0.5814,50.0,0.5813,800.0,0.5815,4898.0,0.5816,379.0
1753600044700,07:07:24.700,okx,A/USDT:USDT,0.5814,50.0,0.5813,800.0,0.5815,4933.0,0.5816,379.0
1753600045000,07:07:25.000,okx,A/USDT:USDT,0.5814,113.0,0.5813,745.0,0.5815,4898.0,0.5816,379.0
1753600045300,07:07:25.300,okx,A/USDT:USDT,0.5814,115.0,0.5813,745.0,0.5815,4898.0,0.5816,379.0
1753600045400,07:07:25.400,okx,A/USDT:USDT,0.5814,115.0,0.5813,745.0,0.5815,4898.0,0.5816,379.0
1753600045900,07:07:25.900,okx,A/USDT:USDT,0.5814,115.0,0.5813,745.0,0.5815,4898.0,0.5816,379.0
1753600046200,07:07:26.200,okx,A/USDT:USDT,0.5814,175.0,0.5813,653.0,0.5815,4898.0,0.5816,379.0
1753600046800,07:07:26.800,okx,A/USDT:USDT,0.5814,71.0,0.5813,652.0,0.5815,4899.0,0.5816,379.0
1753600046900,07:07:26.900,okx,A/USDT:USDT,0.5814,102.0,0.5813,652.0,0.5815,4899.0,0.5816,379.0
1753600047200,07:07:27.200,okx,A/USDT:USDT,0.5814,133.0,0.5813,652.0,0.5815,4899.0,0.5816,379.0
1753600047300,07:07:27.300,okx,A/USDT:USDT,0.5814,102.0,0.5813,653.0,0.5815,5087.0,0.5816,191.0
1753600047400,07:07:27.400,okx,A/USDT:USDT,0.5814,37.0,0.5813,653.0,0.5815,5087.0,0.5816,191.0
1753600047500,07:07:27.500,okx,A/USDT:USDT,0.5814,37.0,0.5813,712.0,0.5815,5087.0,0.5816,191.0
1753600047600,07:07:27.600,okx,A/USDT:USDT,0.5814,37.0,0.5813,712.0,0.5815,5087.0,0.5816,191.0
1753600048300,07:07:28.300,okx,A/USDT:USDT,0.5814,37.0,0.5813,712.0,0.5815,5087.0,0.5816,191.0
1753600048600,07:07:28.600,okx,A/USDT:USDT,0.5814,68.0,0.5813,712.0,0.5815,5087.0,0.5816,191.0
1753600049200,07:07:29.200,okx,A/USDT:USDT,0.5814,133.0,0.5813,653.0,0.5815,5087.0,0.5816,191.0
1753600050000,07:07:30.000,okx,A/USDT:USDT,0.5814,133.0,0.5813,653.0,0.5815,5087.0,0.5816,191.0
1753600050100,07:07:30.100,okx,A/USDT:USDT,0.5814,133.0,0.5813,653.0,0.5815,5087.0,0.5816,191.0
1753600050400,07:07:30.400,okx,A/USDT:USDT,0.5814,273.0,0.5813,653.0,0.5815,5123.0,0.5816,191.0
1753600050500,07:07:30.500,okx,A/USDT:USDT,0.5814,273.0,0.5813,653.0,0.5815,5123.0,0.5816,191.0
1753600050800,07:07:30.800,okx,A/USDT:USDT,0.5814,73.0,0.5813,653.0,0.5815,5123.0,0.5816,191.0
1753600050900,07:07:30.900,okx,A/USDT:USDT,0.5814,73.0,0.5813,653.0,0.5815,5123.0,0.5816,191.0
1753600051100,07:07:31.100,okx,A/USDT:USDT,0.5814,73.0,0.5813,653.0,0.5815,5123.0,0.5816,191.0
1753600051400,07:07:31.400,okx,A/USDT:USDT,0.5814,73.0,0.5813,653.0,0.5815,5123.0,0.5816,191.0
1753600051600,07:07:31.600,okx,A/USDT:USDT,0.5814,73.0,0.5813,653.0,0.5815,5216.0,0.5816,191.0
1753600051700,07:07:31.700,okx,A/USDT:USDT,0.5814,73.0,0.5813,653.0,0.5815,5216.0,0.5816,191.0
1753600051800,07:07:31.800,okx,A/USDT:USDT,0.5814,73.0,0.5813,653.0,0.5815,5251.0,0.5816,191.0
1753600051900,07:07:31.900,okx,A/USDT:USDT,0.5814,73.0,0.5813,653.0,0.5815,5251.0,0.5816,191.0
1753600052300,07:07:32.300,okx,A/USDT:USDT,0.5814,74.0,0.5813,653.0,0.5815,5305.0,0.5816,235.0
1753600052400,07:07:32.400,okx,A/USDT:USDT,0.5814,74.0,0.5813,653.0,0.5815,5305.0,0.5816,235.0
1753600052500,07:07:32.500,okx,A/USDT:USDT,0.5814,74.0,0.5813,653.0,0.5815,5305.0,0.5816,235.0
1753600052800,07:07:32.800,okx,A/USDT:USDT,0.5814,104.0,0.5813,653.0,0.5815,5177.0,0.5816,235.0
1753600052900,07:07:32.900,okx,A/USDT:USDT,0.5814,104.0,0.5813,653.0,0.5815,5177.0,0.5816,235.0
1753600053300,07:07:33.300,okx,A/USDT:USDT,0.5814,104.0,0.5813,653.0,0.5815,5177.0,0.5816,235.0
1753600053400,07:07:33.400,okx,A/USDT:USDT,0.5814,104.0,0.5813,653.0,0.5815,5177.0,0.5816,235.0
1753600053500,07:07:33.500,okx,A/USDT:USDT,0.5814,295.0,0.5813,696.0,0.5815,5558.0,0.5816,235.0
1753600053600,07:07:33.600,okx,A/USDT:USDT,0.5814,329.0,0.5813,696.0,0.5815,5560.0,0.5816,297.0
1753600053700,07:07:33.700,okx,A/USDT:USDT,0.5814,329.0,0.5813,696.0,0.5815,5372.0,0.5816,485.0
1753600054100,07:07:34.100,okx,A/USDT:USDT,0.5814,220.0,0.5813,738.0,0.5815,5372.0,0.5816,485.0
1753600054900,07:07:34.900,okx,A/USDT:USDT,0.5814,129.0,0.5813,741.0,0.5815,5452.0,0.5816,424.0
1753600055000,07:07:35.000,okx,A/USDT:USDT,0.5814,129.0,0.5813,695.0,0.5815,5452.0,0.5816,424.0
1753600055800,07:07:35.800,okx,A/USDT:USDT,0.5814,161.0,0.5813,695.0,0.5815,5439.0,0.5816,424.0
1753600055900,07:07:35.900,okx,A/USDT:USDT,0.5814,161.0,0.5813,695.0,0.5815,5372.0,0.5816,423.0
1753600056100,07:07:36.100,okx,A/USDT:USDT,0.5814,161.0,0.5813,695.0,0.5815,5372.0,0.5816,487.0
1753600056400,07:07:36.400,okx,A/USDT:USDT,0.5814,161.0,0.5813,695.0,0.5815,5433.0,0.5816,424.0
1753600056500,07:07:36.500,okx,A/USDT:USDT,0.5814,161.0,0.5813,695.0,0.5815,5433.0,0.5816,424.0
1753600056700,07:07:36.700,okx,A/USDT:USDT,0.5814,161.0,0.5813,695.0,0.5815,5433.0,0.5816,424.0
1753600056900,07:07:36.900,okx,A/USDT:USDT,0.5814,161.0,0.5813,695.0,0.5815,5372.0,0.5816,423.0
1753600057000,07:07:37.000,okx,A/USDT:USDT,0.5814,161.0,0.5813,695.0,0.5815,5372.0,0.5816,485.0
1753600057100,07:07:37.100,okx,A/USDT:USDT,0.5814,99.0,0.5813,695.0,0.5815,5617.0,0.5816,236.0
1753600057200,07:07:37.200,okx,A/USDT:USDT,0.5814,161.0,0.5813,695.0,0.5815,5560.0,0.5816,236.0
1753600057400,07:07:37.400,okx,A/USDT:USDT,0.5814,99.0,0.5813,695.0,0.5815,5625.0,0.5816,236.0
1753600057800,07:07:37.800,okx,A/USDT:USDT,0.5814,4.0,0.5813,391.0,0.5815,5673.0,0.5816,235.0
1753600058000,07:07:38.000,okx,A/USDT:USDT,0.5813,314.0,0.5812,577.0,0.5814,82.0,0.5815,5718.0
1753600058100,07:07:38.100,okx,A/USDT:USDT,0.5813,314.0,0.5812,577.0,0.5814,82.0,0.5815,5718.0
1753600058200,07:07:38.200,okx,A/USDT:USDT,0.5813,314.0,0.5812,627.0,0.5814,270.0,0.5815,5530.0
1753600058700,07:07:38.700,okx,A/USDT:USDT,0.5813,171.0,0.5812,726.0,0.5814,4609.0,0.5815,125.0
1753600059200,07:07:39.200,okx,A/USDT:USDT,0.5813,139.0,0.5812,726.0,0.5814,6089.0,0.5815,125.0
1753600059300,07:07:39.300,okx,A/USDT:USDT,0.5813,139.0,0.5812,726.0,0.5814,6089.0,0.5815,126.0
1753600059900,07:07:39.900,okx,A/USDT:USDT,0.5813,139.0,0.5812,726.0,0.5814,6089.0,0.5815,126.0
1753600060700,07:07:40.700,okx,A/USDT:USDT,0.5813,70.0,0.5812,653.0,0.5814,6089.0,0.5815,173.0
1753600060800,07:07:40.800,okx,A/USDT:USDT,0.5813,70.0,0.5812,653.0,0.5814,6089.0,0.5815,173.0
1753600061000,07:07:41.000,okx,A/USDT:USDT,0.5813,70.0,0.5812,726.0,0.5814,6089.0,0.5815,173.0
1753600061400,07:07:41.400,okx,A/USDT:USDT,0.5813,70.0,0.5812,726.0,0.5814,6089.0,0.5815,173.0
1753600061600,07:07:41.600,okx,A/USDT:USDT,0.5813,70.0,0.5812,726.0,0.5814,6089.0,0.5815,173.0
1753600061900,07:07:41.900,okx,A/USDT:USDT,0.5813,1102.0,0.5812,726.0,0.5814,6089.0,0.5815,173.0
1753600062100,07:07:42.100,okx,A/USDT:USDT,0.5813,1132.0,0.5812,726.0,0.5814,6089.0,0.5815,173.0
1753600062200,07:07:42.200,okx,A/USDT:USDT,0.5813,1132.0,0.5812,726.0,0.5814,6089.0,0.5815,173.0
1753600062400,07:07:42.400,okx,A/USDT:USDT,0.5813,1132.0,0.5812,726.0,0.5814,6205.0,0.5815,173.0
1753600062500,07:07:42.500,okx,A/USDT:USDT,0.5813,1132.0,0.5812,726.0,0.5814,6205.0,0.5815,173.0
1753600062600,07:07:42.600,okx,A/USDT:USDT,0.5813,1132.0,0.5812,726.0,0.5814,6205.0,0.5815,173.0
1753600062800,07:07:42.800,okx,A/USDT:USDT,0.5813,1132.0,0.5812,726.0,0.5814,6205.0,0.5815,173.0
1753600062900,07:07:42.900,okx,A/USDT:USDT,0.5813,1132.0,0.5812,726.0,0.5814,6205.0,0.5815,173.0
1753600063000,07:07:43.000,okx,A/USDT:USDT,0.5813,1132.0,0.5812,654.0,0.5814,6205.0,0.5815,173.0
1753600063300,07:07:43.300,okx,A/USDT:USDT,0.5813,1132.0,0.5812,654.0,0.5814,6205.0,0.5815,173.0
1753600064300,07:07:44.300,okx,A/USDT:USDT,0.5813,1132.0,0.5812,604.0,0.5814,6154.0,0.5815,173.0
1753600064400,07:07:44.400,okx,A/USDT:USDT,0.5813,1070.0,0.5812,604.0,0.5814,6212.0,0.5815,173.0
1753600064600,07:07:44.600,okx,A/USDT:USDT,0.5813,1133.0,0.5812,604.0,0.5814,6212.0,0.5815,173.0
1753600064700,07:07:44.700,okx,A/USDT:USDT,0.5813,1133.0,0.5812,604.0,0.5814,6212.0,0.5815,173.0
1753600065200,07:07:45.200,okx,A/USDT:USDT,0.5813,1100.0,0.5812,604.0,0.5814,6212.0,0.5815,173.0
1753600065400,07:07:45.400,okx,A/USDT:USDT,0.5813,1133.0,0.5812,604.0,0.5814,6212.0,0.5815,173.0
1753600065600,07:07:45.600,okx,A/USDT:USDT,0.5813,1101.0,0.5812,604.0,0.5814,7478.0,0.5815,173.0
1753600065700,07:07:45.700,okx,A/USDT:USDT,0.5813,1071.0,0.5812,604.0,0.5814,7541.0,0.5815,173.0
1753600065800,07:07:45.800,okx,A/USDT:USDT,0.5813,1071.0,0.5812,604.0,0.5814,7541.0,0.5815,173.0
1753600065900,07:07:45.900,okx,A/USDT:USDT,0.5813,1071.0,0.5812,604.0,0.5814,7541.0,0.5815,173.0
1753600066500,07:07:46.500,okx,A/USDT:USDT,0.5813,1071.0,0.5812,604.0,0.5814,7541.0,0.5815,173.0
1753600066600,07:07:46.600,okx,A/USDT:USDT,0.5813,1103.0,0.5812,604.0,0.5814,7541.0,0.5815,173.0
1753600066700,07:07:46.700,okx,A/USDT:USDT,0.5813,1071.0,0.5812,604.0,0.5814,7541.0,0.5815,173.0
1753600067900,07:07:47.900,okx,A/USDT:USDT,0.5813,1103.0,0.5812,604.0,0.5814,7541.0,0.5815,173.0
1753600068600,07:07:48.600,okx,A/USDT:USDT,0.5813,1103.0,0.5812,604.0,0.5814,7541.0,0.5815,173.0
1753600069100,07:07:49.100,okx,A/USDT:USDT,0.5813,1103.0,0.5812,604.0,0.5814,7541.0,0.5815,173.0
1753600069200,07:07:49.200,okx,A/USDT:USDT,0.5813,1103.0,0.5812,604.0,0.5814,7541.0,0.5815,173.0
1753600069500,07:07:49.500,okx,A/USDT:USDT,0.5813,1103.0,0.5812,604.0,0.5814,7541.0,0.5815,173.0
1753600069600,07:07:49.600,okx,A/USDT:USDT,0.5813,1103.0,0.5812,604.0,0.5814,7541.0,0.5815,173.0
1753600069700,07:07:49.700,okx,A/USDT:USDT,0.5813,1103.0,0.5812,604.0,0.5814,7541.0,0.5815,173.0
1753600069900,07:07:49.900,okx,A/USDT:USDT,0.5813,1103.0,0.5812,604.0,0.5814,7541.0,0.5815,173.0
1753600070000,07:07:50.000,okx,A/USDT:USDT,0.5813,1133.0,0.5812,604.0,0.5814,7541.0,0.5815,173.0
1753600070100,07:07:50.100,okx,A/USDT:USDT,0.5813,1133.0,0.5812,604.0,0.5814,7541.0,0.5815,173.0
1753600070300,07:07:50.300,okx,A/USDT:USDT,0.5813,1103.0,0.5812,604.0,0.5814,7541.0,0.5815,173.0
1753600070400,07:07:50.400,okx,A/USDT:USDT,0.5813,1071.0,0.5812,604.0,0.5814,8072.0,0.5815,173.0
1753600070500,07:07:50.500,okx,A/USDT:USDT,0.5813,1133.0,0.5812,604.0,0.5814,8072.0,0.5815,173.0
1753600070600,07:07:50.600,okx,A/USDT:USDT,0.5813,1133.0,0.5812,604.0,0.5814,8072.0,0.5815,173.0
1753600071000,07:07:51.000,okx,A/USDT:USDT,0.5813,1133.0,0.5812,604.0,0.5814,8072.0,0.5815,173.0
1753600071200,07:07:51.200,okx,A/USDT:USDT,0.5813,1133.0,0.5812,604.0,0.5814,8072.0,0.5815,173.0
1753600071300,07:07:51.300,okx,A/USDT:USDT,0.5813,1133.0,0.5812,604.0,0.5814,8072.0,0.5815,173.0
1753600071700,07:07:51.700,okx,A/USDT:USDT,0.5813,1133.0,0.5812,604.0,0.5814,8072.0,0.5815,173.0
1753600072000,07:07:52.000,okx,A/USDT:USDT,0.5813,1139.0,0.5812,604.0,0.5814,8072.0,0.5815,173.0
1753600072100,07:07:52.100,okx,A/USDT:USDT,0.5813,1139.0,0.5812,604.0,0.5814,8072.0,0.5815,173.0
1753600072800,07:07:52.800,okx,A/USDT:USDT,0.5813,1140.0,0.5812,604.0,0.5814,8072.0,0.5815,173.0
1753600073000,07:07:53.000,okx,A/USDT:USDT,0.5813,1140.0,0.5812,604.0,0.5814,8072.0,0.5815,173.0
1753600073100,07:07:53.100,okx,A/USDT:USDT,0.5813,1140.0,0.5812,604.0,0.5814,8072.0,0.5815,126.0
1753600073500,07:07:53.500,okx,A/USDT:USDT,0.5813,1140.0,0.5812,604.0,0.5814,8072.0,0.5815,126.0
1753600073600,07:07:53.600,okx,A/USDT:USDT,0.5813,1140.0,0.5812,604.0,0.5814,8072.0,0.5815,126.0
1753600073900,07:07:53.900,okx,A/USDT:USDT,0.5813,1140.0,0.5812,604.0,0.5814,8072.0,0.5815,126.0
1753600074100,07:07:54.100,okx,A/USDT:USDT,0.5813,1140.0,0.5812,604.0,0.5814,8072.0,0.5815,126.0
1753600074200,07:07:54.200,okx,A/USDT:USDT,0.5813,1140.0,0.5812,604.0,0.5814,8072.0,0.5815,126.0
1753600074300,07:07:54.300,okx,A/USDT:USDT,0.5813,1140.0,0.5812,604.0,0.5814,8072.0,0.5815,126.0
1753600074500,07:07:54.500,okx,A/USDT:USDT,0.5813,1140.0,0.5812,604.0,0.5814,8072.0,0.5815,126.0
1753600074600,07:07:54.600,okx,A/USDT:USDT,0.5813,1140.0,0.5812,604.0,0.5814,8072.0,0.5815,126.0
1753600074900,07:07:54.900,okx,A/USDT:USDT,0.5813,1140.0,0.5812,604.0,0.5814,8072.0,0.5815,126.0
1753600075000,07:07:55.000,okx,A/USDT:USDT,0.5813,1140.0,0.5812,604.0,0.5814,8072.0,0.5815,126.0
1753600075900,07:07:55.900,okx,A/USDT:USDT,0.5813,1140.0,0.5812,604.0,0.5814,8072.0,0.5815,126.0
1753600076300,07:07:56.300,okx,A/USDT:USDT,0.5814,475.0,0.5813,650.0,0.5816,357.0,0.5817,282.0
1753600076500,07:07:56.500,okx,A/USDT:USDT,0.5814,256.0,0.5813,685.0,0.5815,60.0,0.5816,338.0
1753600077300,07:07:57.300,okx,A/USDT:USDT,0.5814,40.0,0.5813,780.0,0.5815,301.0,0.5816,692.0
1753600077400,07:07:57.400,okx,A/USDT:USDT,0.5814,40.0,0.5813,780.0,0.5815,429.0,0.5816,692.0
1753600077600,07:07:57.600,okx,A/USDT:USDT,0.5814,40.0,0.5813,334.0,0.5815,336.0,0.5816,761.0
1753600077900,07:07:57.900,okx,A/USDT:USDT,0.5813,182.0,0.5812,965.0,0.5814,70.0,0.5815,280.0
1753600078200,07:07:58.200,okx,A/USDT:USDT,0.5814,140.0,0.5813,776.0,0.5815,243.0,0.5816,865.0
1753600078300,07:07:58.300,okx,A/USDT:USDT,0.5814,138.0,0.5813,805.0,0.5815,419.0,0.5816,761.0
1753600078500,07:07:58.500,okx,A/USDT:USDT,0.5814,140.0,0.5813,806.0,0.5815,419.0,0.5816,795.0
1753600078800,07:07:58.800,okx,A/USDT:USDT,0.5814,140.0,0.5813,683.0,0.5815,291.0,0.5816,795.0
1753600079600,07:07:59.600,okx,A/USDT:USDT,0.5813,460.0,0.5812,906.0,0.5815,326.0,0.5816,761.0
1753600079900,07:07:59.900,okx,A/USDT:USDT,0.5813,426.0,0.5812,906.0,0.5815,326.0,0.5816,761.0
1753600080400,07:08:00.400,okx,A/USDT:USDT,0.5813,426.0,0.5812,906.0,0.5815,326.0,0.5816,668.0
1753600080700,07:08:00.700,okx,A/USDT:USDT,0.5813,426.0,0.5812,906.0,0.5815,417.0,0.5816,668.0
1753600081200,07:08:01.200,okx,A/USDT:USDT,0.5814,5.0,0.5813,688.0,0.5815,291.0,0.5816,796.0
1753600081600,07:08:01.600,okx,A/USDT:USDT,0.5814,5.0,0.5813,652.0,0.5815,424.0,0.5816,760.0
1753600081700,07:08:01.700,okx,A/USDT:USDT,0.5814,5.0,0.5813,652.0,0.5815,424.0,0.5816,760.0
1753600081900,07:08:01.900,okx,A/USDT:USDT,0.5814,5.0,0.5813,652.0,0.5815,339.0,0.5816,760.0
1753600083000,07:08:03.000,okx,A/USDT:USDT,0.5811,91.0,0.581,747.0,0.5812,72.0,0.5813,360.0
1753600083100,07:08:03.100,okx,A/USDT:USDT,0.5811,91.0,0.581,806.0,0.5812,105.0,0.5813,361.0
1753600083300,07:08:03.300,okx,A/USDT:USDT,0.5811,50.0,0.581,878.0,0.5812,59.0,0.5813,434.0
1753600083400,07:08:03.400,okx,A/USDT:USDT,0.5811,50.0,0.581,878.0,0.5812,59.0,0.5813,434.0
1753600083800,07:08:03.800,okx,A/USDT:USDT,0.5811,50.0,0.581,805.0,0.5812,59.0,0.5813,341.0
1753600083900,07:08:03.900,okx,A/USDT:USDT,0.5811,50.0,0.581,805.0,0.5812,59.0,0.5813,341.0
1753600084000,07:08:04.000,okx,A/USDT:USDT,0.5811,50.0,0.581,840.0,0.5812,59.0,0.5813,306.0
1753600085000,07:08:05.000,okx,A/USDT:USDT,0.5811,68.0,0.581,840.0,0.5812,86.0,0.5813,306.0
1753600085200,07:08:05.200,okx,A/USDT:USDT,0.5811,100.0,0.581,840.0,0.5812,124.0,0.5813,306.0
1753600085500,07:08:05.500,okx,A/USDT:USDT,0.5811,100.0,0.581,822.0,0.5812,124.0,0.5813,341.0
1753600085700,07:08:05.700,okx,A/USDT:USDT,0.5811,100.0,0.581,915.0,0.5812,124.0,0.5813,306.0
1753600085800,07:08:05.800,okx,A/USDT:USDT,0.5811,100.0,0.581,822.0,0.5812,124.0,0.5813,306.0
1753600086200,07:08:06.200,okx,A/USDT:USDT,0.5811,167.0,0.581,774.0,0.5812,122.0,0.5813,386.0
1753600086400,07:08:06.400,okx,A/USDT:USDT,0.5811,167.0,0.581,774.0,0.5812,122.0,0.5813,293.0
1753600086500,07:08:06.500,okx,A/USDT:USDT,0.5811,167.0,0.581,774.0,0.5812,122.0,0.5813,293.0
1753600087500,07:08:07.500,okx,A/USDT:USDT,0.5811,167.0,0.581,867.0,0.5812,122.0,0.5813,293.0
1753600087900,07:08:07.900,okx,A/USDT:USDT,0.5811,282.0,0.581,868.0,0.5812,66.0,0.5813,293.0
1753600088000,07:08:08.000,okx,A/USDT:USDT,0.5811,240.0,0.581,868.0,0.5812,66.0,0.5813,358.0
1753600088400,07:08:08.400,okx,A/USDT:USDT,0.5811,163.0,0.581,867.0,0.5812,6503.0,0.5813,293.0
1753600088600,07:08:08.600,okx,A/USDT:USDT,0.5807,103.0,0.5806,173.0,0.5808,257.0,0.5809,277.0
1753600088900,07:08:08.900,okx,A/USDT:USDT,0.5807,104.0,0.5806,332.0,0.5808,259.0,0.5809,279.0
1753600089100,07:08:09.100,okx,A/USDT:USDT,0.5807,145.0,0.5806,331.0,0.5808,259.0,0.5809,279.0
1753600089200,07:08:09.200,okx,A/USDT:USDT,0.5807,145.0,0.5806,332.0,0.5808,259.0,0.5809,279.0
1753600090400,07:08:10.400,okx,A/USDT:USDT,0.5807,145.0,0.5806,258.0,0.5808,259.0,0.5809,279.0
1753600090500,07:08:10.500,okx,A/USDT:USDT,0.5807,145.0,0.5806,258.0,0.5808,259.0,0.5809,279.0
1753600090700,07:08:10.700,okx,A/USDT:USDT,0.5807,145.0,0.5806,258.0,0.5808,259.0,0.5809,279.0
1753600091000,07:08:11.000,okx,A/USDT:USDT,0.5807,145.0,0.5806,258.0,0.5808,259.0,0.5809,279.0
1753600091300,07:08:11.300,okx,A/USDT:USDT,0.5807,46.0,0.5806,258.0,0.5808,272.0,0.5809,279.0
1753600091700,07:08:11.700,okx,A/USDT:USDT,0.5806,139.0,0.5805,372.0,0.5807,315.0,0.5808,372.0
1753600091900,07:08:11.900,okx,A/USDT:USDT,0.5806,2.0,0.5805,175.0,0.5807,317.0,0.5808,354.0
1753600092000,07:08:12.000,okx,A/USDT:USDT,0.5805,57.0,0.5804,533.0,0.5806,289.0,0.5807,254.0
1753600092200,07:08:12.200,okx,A/USDT:USDT,0.5805,4.0,0.5804,220.0,0.5806,291.0,0.5807,490.0
1753600092400,07:08:12.400,okx,A/USDT:USDT,0.5804,10.0,0.5803,316.0,0.5805,296.0,0.5806,430.0
1753600092600,07:08:12.600,okx,A/USDT:USDT,0.5804,10.0,0.5803,205.0,0.5805,296.0,0.5806,430.0
1753600092900,07:08:12.900,okx,A/USDT:USDT,0.5804,10.0,0.5803,205.0,0.5805,296.0,0.5806,430.0
1753600093300,07:08:13.300,okx,A/USDT:USDT,0.5804,10.0,0.5803,205.0,0.5805,261.0,0.5806,430.0
1753600093400,07:08:13.400,okx,A/USDT:USDT,0.5804,10.0,0.5803,205.0,0.5805,261.0,0.5806,430.0
1753600093500,07:08:13.500,okx,A/USDT:USDT,0.5804,10.0,0.5803,205.0,0.5805,261.0,0.5806,430.0
1753600093900,07:08:13.900,okx,A/USDT:USDT,0.5804,10.0,0.5803,205.0,0.5805,261.0,0.5806,337.0
1753600094000,07:08:14.000,okx,A/USDT:USDT,0.5804,10.0,0.5803,205.0,0.5805,296.0,0.5806,430.0
1753600094300,07:08:14.300,okx,A/USDT:USDT,0.5804,10.0,0.5803,205.0,0.5805,261.0,0.5806,337.0
1753600094500,07:08:14.500,okx,A/USDT:USDT,0.5804,10.0,0.5803,205.0,0.5805,261.0,0.5806,430.0
1753600094600,07:08:14.600,okx,A/USDT:USDT,0.5804,10.0,0.5803,205.0,0.5805,261.0,0.5806,337.0
1753600094900,07:08:14.900,okx,A/USDT:USDT,0.5804,10.0,0.5803,205.0,0.5805,261.0,0.5806,430.0
1753600095400,07:08:15.400,okx,A/USDT:USDT,0.5802,48.0,0.5801,403.0,0.5803,251.0,0.5804,455.0
1753600095500,07:08:15.500,okx,A/USDT:USDT,0.5802,50.0,0.5801,310.0,0.5803,251.0,0.5804,455.0
1753600095600,07:08:15.600,okx,A/USDT:USDT,0.5802,50.0,0.5801,310.0,0.5803,251.0,0.5804,455.0
1753600095900,07:08:15.900,okx,A/USDT:USDT,0.5802,50.0,0.5801,310.0,0.5803,251.0,0.5804,455.0
1753600096000,07:08:16.000,okx,A/USDT:USDT,0.5802,50.0,0.5801,310.0,0.5803,251.0,0.5804,455.0
1753600096200,07:08:16.200,okx,A/USDT:USDT,0.5802,3.0,0.5801,310.0,0.5803,251.0,0.5804,718.0
1753600096300,07:08:16.300,okx,A/USDT:USDT,0.5802,3.0,0.5801,310.0,0.5803,251.0,0.5804,684.0
1753600096500,07:08:16.500,okx,A/USDT:USDT,0.5802,3.0,0.5801,310.0,0.5803,251.0,0.5804,684.0
1753600096900,07:08:16.900,okx,A/USDT:USDT,0.5802,3.0,0.5801,310.0,0.5803,251.0,0.5804,684.0
1753600097100,07:08:17.100,okx,A/USDT:USDT,0.5802,3.0,0.5801,275.0,0.5803,251.0,0.5804,719.0
1753600097400,07:08:17.400,okx,A/USDT:USDT,0.5802,3.0,0.5801,275.0,0.5803,379.0,0.5804,812.0
1753600097600,07:08:17.600,okx,A/USDT:USDT,0.5802,3.0,0.5801,275.0,0.5803,286.0,0.5804,812.0
1753600097800,07:08:17.800,okx,A/USDT:USDT,0.5802,3.0,0.5801,310.0,0.5803,251.0,0.5804,684.0
1753600098300,07:08:18.300,okx,A/USDT:USDT,0.5802,1.0,0.5801,275.0,0.5803,251.0,0.5804,719.0
1753600098600,07:08:18.600,okx,A/USDT:USDT,0.5802,1.0,0.5801,275.0,0.5803,251.0,0.5804,719.0
1753600098900,07:08:18.900,okx,A/USDT:USDT,0.5802,1.0,0.5801,275.0,0.5803,251.0,0.5804,812.0
1753600100100,07:08:20.100,okx,A/USDT:USDT,0.5802,1.0,0.5801,275.0,0.5803,251.0,0.5804,719.0
1753600100200,07:08:20.200,okx,A/USDT:USDT,0.5802,1.0,0.5801,275.0,0.5803,251.0,0.5804,719.0
1753600100300,07:08:20.300,okx,A/USDT:USDT,0.5802,1.0,0.5801,275.0,0.5803,419.0,0.5804,719.0
1753600100500,07:08:20.500,okx,A/USDT:USDT,0.58,349.0,0.5799,380.0,0.5801,240.0,0.5802,998.0
1753600100700,07:08:20.700,okx,A/USDT:USDT,0.58,349.0,0.5799,380.0,0.5801,240.0,0.5802,998.0
1753600100800,07:08:20.800,okx,A/USDT:USDT,0.58,349.0,0.5799,380.0,0.5801,240.0,0.5802,998.0
1753600100900,07:08:20.900,okx,A/USDT:USDT,0.58,349.0,0.5799,380.0,0.5801,240.0,0.5802,998.0
1753600101000,07:08:21.000,okx,A/USDT:USDT,0.58,349.0,0.5799,380.0,0.5801,240.0,0.5802,998.0
1753600101200,07:08:21.200,okx,A/USDT:USDT,0.5799,1.0,0.5798,175.0,0.58,245.0,0.5801,452.0
1753600101400,07:08:21.400,okx,A/USDT:USDT,0.5799,71.0,0.5798,219.0,0.58,264.0,0.5801,451.0
1753600101500,07:08:21.500,okx,A/USDT:USDT,0.5799,183.0,0.5798,255.0,0.58,17.0,0.5801,257.0
1753600101700,07:08:21.700,okx,A/USDT:USDT,0.5799,170.0,0.5798,255.0,0.58,76.0,0.5801,292.0
1753600101900,07:08:21.900,okx,A/USDT:USDT,0.5799,170.0,0.5798,255.0,0.58,78.0,0.5801,415.0
1753600102000,07:08:22.000,okx,A/USDT:USDT,0.5799,170.0,0.5798,255.0,0.58,78.0,0.5801,415.0
1753600102300,07:08:22.300,okx,A/USDT:USDT,0.5799,170.0,0.5798,219.0,0.58,280.0,0.5801,508.0
1753600102400,07:08:22.400,okx,A/USDT:USDT,0.5798,68.0,0.5797,445.0,0.5799,215.0,0.58,6797.0
1753600102600,07:08:22.600,okx,A/USDT:USDT,0.5798,77.0,0.5797,446.0,0.5799,284.0,0.58,6783.0
1753600102900,07:08:22.900,okx,A/USDT:USDT,0.5798,59.0,0.5797,446.0,0.5799,284.0,0.58,6785.0
1753600103000,07:08:23.000,okx,A/USDT:USDT,0.5798,59.0,0.5797,446.0,0.5799,284.0,0.58,6785.0
1753600103100,07:08:23.100,okx,A/USDT:USDT,0.5798,59.0,0.5797,446.0,0.5799,284.0,0.58,6785.0
1753600103300,07:08:23.300,okx,A/USDT:USDT,0.5798,42.0,0.5797,502.0,0.5799,6715.0,0.58,369.0
1753600103400,07:08:23.400,okx,A/USDT:USDT,0.5798,42.0,0.5797,502.0,0.5799,6715.0,0.58,369.0
1753600103600,07:08:23.600,okx,A/USDT:USDT,0.5798,42.0,0.5797,502.0,0.5799,6715.0,0.58,369.0
1753600103800,07:08:23.800,okx,A/USDT:USDT,0.5798,100.0,0.5797,446.0,0.5799,6715.0,0.58,447.0
1753600104000,07:08:24.000,okx,A/USDT:USDT,0.5798,167.0,0.5797,446.0,0.5799,6680.0,0.58,447.0
1753600104200,07:08:24.200,okx,A/USDT:USDT,0.5798,167.0,0.5797,446.0,0.5799,6715.0,0.58,447.0
1753600104400,07:08:24.400,okx,A/USDT:USDT,0.5798,167.0,0.5797,445.0,0.5799,6715.0,0.58,447.0
1753600104600,07:08:24.600,okx,A/USDT:USDT,0.5798,42.0,0.5797,512.0,0.5799,6715.0,0.58,540.0
1753600104800,07:08:24.800,okx,A/USDT:USDT,0.5798,102.0,0.5797,446.0,0.5799,6680.0,0.58,447.0
1753600105400,07:08:25.400,okx,A/USDT:USDT,0.5798,102.0,0.5797,481.0,0.5799,6694.0,0.58,540.0
1753600105500,07:08:25.500,okx,A/USDT:USDT,0.5798,201.0,0.5797,574.0,0.5799,6694.0,0.58,369.0
1753600105600,07:08:25.600,okx,A/USDT:USDT,0.5798,201.0,0.5797,599.0,0.5799,6694.0,0.58,369.0
1753600106000,07:08:26.000,okx,A/USDT:USDT,0.5798,249.0,0.5797,520.0,0.5799,5164.0,0.58,321.0
1753600106300,07:08:26.300,okx,A/USDT:USDT,0.5798,78.0,0.5797,508.0,0.5799,5230.0,0.58,414.0
1753600106400,07:08:26.400,okx,A/USDT:USDT,0.5798,78.0,0.5797,601.0,0.5799,5230.0,0.58,414.0
1753600106500,07:08:26.500,okx,A/USDT:USDT,0.5798,78.0,0.5797,493.0,0.5799,5230.0,0.58,414.0
1753600106700,07:08:26.700,okx,A/USDT:USDT,0.5798,78.0,0.5797,493.0,0.5799,5230.0,0.58,414.0
1753600106900,07:08:26.900,okx,A/USDT:USDT,0.5798,78.0,0.5797,493.0,0.5799,5230.0,0.58,414.0
1753600107000,07:08:27.000,okx,A/USDT:USDT,0.5798,78.0,0.5797,563.0,0.5799,5230.0,0.58,414.0
1753600107100,07:08:27.100,okx,A/USDT:USDT,0.5798,78.0,0.5797,563.0,0.5799,5230.0,0.58,414.0
1753600107200,07:08:27.200,okx,A/USDT:USDT,0.5798,42.0,0.5797,470.0,0.5799,5230.0,0.58,414.0
1753600107400,07:08:27.400,okx,A/USDT:USDT,0.5798,42.0,0.5797,282.0,0.5799,5230.0,0.58,449.0
1753600107500,07:08:27.500,okx,A/USDT:USDT,0.5798,42.0,0.5797,282.0,0.5799,5230.0,0.58,449.0
1753600107600,07:08:27.600,okx,A/USDT:USDT,0.5798,42.0,0.5797,282.0,0.5799,5230.0,0.58,449.0
1753600107700,07:08:27.700,okx,A/USDT:USDT,0.5798,42.0,0.5797,282.0,0.5799,5230.0,0.58,449.0
1753600107800,07:08:27.800,okx,A/USDT:USDT,0.5798,42.0,0.5797,282.0,0.5799,5230.0,0.58,449.0
1753600108100,07:08:28.100,okx,A/USDT:USDT,0.5798,42.0,0.5797,282.0,0.5799,5230.0,0.58,449.0
1753600108300,07:08:28.300,okx,A/USDT:USDT,0.5798,42.0,0.5797,282.0,0.5799,5358.0,0.58,449.0
1753600109300,07:08:29.300,okx,A/USDT:USDT,0.5798,42.0,0.5797,247.0,0.5799,5358.0,0.58,449.0
1753600109400,07:08:29.400,okx,A/USDT:USDT,0.5798,42.0,0.5797,247.0,0.5799,5358.0,0.58,449.0
1753600109600,07:08:29.600,okx,A/USDT:USDT,0.5798,42.0,0.5797,247.0,0.5799,5358.0,0.58,449.0
1753600110800,07:08:30.800,okx,A/USDT:USDT,0.5798,42.0,0.5797,247.0,0.5799,5358.0,0.58,449.0
1753600110900,07:08:30.900,okx,A/USDT:USDT,0.5798,42.0,0.5797,247.0,0.5799,5358.0,0.58,449.0
1753600111000,07:08:31.000,okx,A/USDT:USDT,0.5798,42.0,0.5797,337.0,0.5799,5358.0,0.58,449.0
1753600111200,07:08:31.200,okx,A/USDT:USDT,0.5798,42.0,0.5797,337.0,0.5799,5265.0,0.58,449.0
1753600111500,07:08:31.500,okx,A/USDT:USDT,0.5798,42.0,0.5797,337.0,0.5799,5358.0,0.58,449.0
1753600111700,07:08:31.700,okx,A/USDT:USDT,0.5798,42.0,0.5797,337.0,0.5799,5358.0,0.58,449.0
1753600111800,07:08:31.800,okx,A/USDT:USDT,0.5798,42.0,0.5797,337.0,0.5799,5265.0,0.58,449.0
1753600111900,07:08:31.900,okx,A/USDT:USDT,0.5798,42.0,0.5797,337.0,0.5799,5358.0,0.58,449.0
1753600112400,07:08:32.400,okx,A/USDT:USDT,0.5798,77.0,0.5797,345.0,0.5799,5169.0,0.58,415.0
1753600112500,07:08:32.500,okx,A/USDT:USDT,0.5798,43.0,0.5797,345.0,0.5799,5360.0,0.58,414.0
1753600112700,07:08:32.700,okx,A/USDT:USDT,0.5798,43.0,0.5797,345.0,0.5799,5267.0,0.58,414.0
1753600112800,07:08:32.800,okx,A/USDT:USDT,0.5798,43.0,0.5797,345.0,0.5799,5232.0,0.58,321.0
1753600113000,07:08:33.000,okx,A/USDT:USDT,0.5798,43.0,0.5797,345.0,0.5799,5360.0,0.58,429.0
1753600113600,07:08:33.600,okx,A/USDT:USDT,0.5798,43.0,0.5797,345.0,0.5799,5267.0,0.58,522.0
1753600113900,07:08:33.900,okx,A/USDT:USDT,0.5798,43.0,0.5797,345.0,0.5799,5360.0,0.58,522.0
1753600114400,07:08:34.400,okx,A/USDT:USDT,0.5797,141.0,0.5796,1146.0,0.5798,79.0,0.5799,5255.0
1753600114500,07:08:34.500,okx,A/USDT:USDT,0.5797,143.0,0.5796,1146.0,0.5798,107.0,0.5799,5256.0
1753600114800,07:08:34.800,okx,A/USDT:USDT,0.5797,114.0,0.5796,1122.0,0.5798,107.0,0.5799,5258.0
1753600115000,07:08:35.000,okx,A/USDT:USDT,0.5797,116.0,0.5796,1121.0,0.5798,107.0,0.5799,5351.0
1753600115100,07:08:35.100,okx,A/USDT:USDT,0.5797,116.0,0.5796,1248.0,0.5798,107.0,0.5799,5351.0
1753600115400,07:08:35.400,okx,A/USDT:USDT,0.5797,116.0,0.5796,1156.0,0.5798,107.0,0.5799,5351.0
1753600115500,07:08:35.500,okx,A/USDT:USDT,0.5797,116.0,0.5796,1099.0,0.5798,107.0,0.5799,5351.0
1753600115700,07:08:35.700,okx,A/USDT:USDT,0.5797,116.0,0.5796,1099.0,0.5798,107.0,0.5799,5351.0
1753600115800,07:08:35.800,okx,A/USDT:USDT,0.5797,116.0,0.5796,1099.0,0.5798,107.0,0.5799,5351.0
1753600115900,07:08:35.900,okx,A/USDT:USDT,0.5797,116.0,0.5796,1099.0,0.5798,107.0,0.5799,5351.0
1753600116000,07:08:36.000,okx,A/USDT:USDT,0.5797,116.0,0.5796,1099.0,0.5798,107.0,0.5799,5351.0
1753600116300,07:08:36.300,okx,A/USDT:USDT,0.5797,116.0,0.5796,1176.0,0.5798,107.0,0.5799,5258.0
1753600116400,07:08:36.400,okx,A/USDT:USDT,0.5797,116.0,0.5796,1176.0,0.5798,107.0,0.5799,5258.0
1753600116800,07:08:36.800,okx,A/USDT:USDT,0.5797,108.0,0.5796,1012.0,0.5798,107.0,0.5799,5258.0
1753600116900,07:08:36.900,okx,A/USDT:USDT,0.5797,108.0,0.5796,1012.0,0.5798,107.0,0.5799,5258.0
1753600117000,07:08:37.000,okx,A/USDT:USDT,0.5797,159.0,0.5796,1012.0,0.5798,28.0,0.5799,5245.0
1753600117100,07:08:37.100,okx,A/USDT:USDT,0.5797,120.0,0.5796,849.0,0.5798,28.0,0.5799,90.0
1753600117200,07:08:37.200,okx,A/USDT:USDT,0.5797,112.0,0.5796,914.0,0.5798,8354.0,0.5799,90.0
1753600117300,07:08:37.300,okx,A/USDT:USDT,0.5797,69.0,0.5796,915.0,0.5798,8412.0,0.5799,90.0
1753600117400,07:08:37.400,okx,A/USDT:USDT,0.5797,66.0,0.5796,914.0,0.5798,8412.0,0.5799,90.0
1753600117500,07:08:37.500,okx,A/USDT:USDT,0.5797,65.0,0.5796,821.0,0.5798,8412.0,0.5799,183.0
1753600117600,07:08:37.600,okx,A/USDT:USDT,0.5797,65.0,0.5796,914.0,0.5798,8412.0,0.5799,90.0
1753600117900,07:08:37.900,okx,A/USDT:USDT,0.5797,122.0,0.5796,914.0,0.5798,8412.0,0.5799,90.0
1753600118100,07:08:38.100,okx,A/USDT:USDT,0.5797,124.0,0.5796,914.0,0.5798,8412.0,0.5799,90.0
1753600118200,07:08:38.200,okx,A/USDT:USDT,0.5797,126.0,0.5796,914.0,0.5798,8412.0,0.5799,90.0
1753600118300,07:08:38.300,okx,A/USDT:USDT,0.5797,126.0,0.5796,914.0,0.5798,8412.0,0.5799,90.0
1753600118400,07:08:38.400,okx,A/USDT:USDT,0.5797,214.0,0.5796,948.0,0.5798,8639.0,0.5799,90.0
1753600118500,07:08:38.500,okx,A/USDT:USDT,0.5797,216.0,0.5796,948.0,0.5798,8703.0,0.5799,90.0
1753600118600,07:08:38.600,okx,A/USDT:USDT,0.5797,150.0,0.5796,821.0,0.5798,8703.0,0.5799,90.0
1753600118800,07:08:38.800,okx,A/USDT:USDT,0.5797,93.0,0.5796,624.0,0.5798,8703.0,0.5799,90.0
1753600118900,07:08:38.900,okx,A/USDT:USDT,0.5793,85.0,0.5792,718.0,0.5795,296.0,0.5796,356.0
1753600119200,07:08:39.200,okx,A/USDT:USDT,0.5792,388.0,0.5791,424.0,0.5793,71.0,0.5794,603.0
1753600119300,07:08:39.300,okx,A/USDT:USDT,0.5792,388.0,0.5791,424.0,0.5793,71.0,0.5794,553.0
1753600119400,07:08:39.400,okx,A/USDT:USDT,0.5792,388.0,0.5791,424.0,0.5793,71.0,0.5794,433.0
1753600119500,07:08:39.500,okx,A/USDT:USDT,0.5792,388.0,0.5791,424.0,0.5793,71.0,0.5794,433.0
1753600119800,07:08:39.800,okx,A/USDT:USDT,0.5792,388.0,0.5791,424.0,0.5793,71.0,0.5794,398.0
1753600119900,07:08:39.900,okx,A/USDT:USDT,0.5792,388.0,0.5791,424.0,0.5793,71.0,0.5794,398.0
1753600120000,07:08:40.000,okx,A/USDT:USDT,0.5792,8.0,0.5791,296.0,0.5793,71.0,0.5794,434.0
1753600120200,07:08:40.200,okx,A/USDT:USDT,0.5792,8.0,0.5791,249.0,0.5793,285.0,0.5794,528.0
1753600120300,07:08:40.300,okx,A/USDT:USDT,0.5792,8.0,0.5791,249.0,0.5793,285.0,0.5794,528.0
1753600120400,07:08:40.400,okx,A/USDT:USDT,0.5792,8.0,0.5791,249.0,0.5793,285.0,0.5794,528.0
1753600120600,07:08:40.600,okx,A/USDT:USDT,0.5792,8.0,0.5791,249.0,0.5793,285.0,0.5794,435.0
1753600120700,07:08:40.700,okx,A/USDT:USDT,0.5792,8.0,0.5791,249.0,0.5793,285.0,0.5794,435.0
1753600121300,07:08:41.300,okx,A/USDT:USDT,0.5792,8.0,0.5791,249.0,0.5793,285.0,0.5794,435.0
1753600121400,07:08:41.400,okx,A/USDT:USDT,0.5792,8.0,0.5791,249.0,0.5793,285.0,0.5794,435.0
1753600121600,07:08:41.600,okx,A/USDT:USDT,0.5792,8.0,0.5791,249.0,0.5793,285.0,0.5794,435.0
1753600121800,07:08:41.800,okx,A/USDT:USDT,0.5792,8.0,0.5791,249.0,0.5793,285.0,0.5794,435.0
1753600122100,07:08:42.100,okx,A/USDT:USDT,0.5792,8.0,0.5791,249.0,0.5793,285.0,0.5794,435.0
1753600122200,07:08:42.200,okx,A/USDT:USDT,0.5792,8.0,0.5791,249.0,0.5793,285.0,0.5794,435.0
1753600122400,07:08:42.400,okx,A/USDT:USDT,0.5792,8.0,0.5791,496.0,0.5793,285.0,0.5794,400.0
1753600122500,07:08:42.500,okx,A/USDT:USDT,0.5792,8.0,0.5791,496.0,0.5793,285.0,0.5794,435.0
1753600122600,07:08:42.600,okx,A/USDT:USDT,0.5792,8.0,0.5791,496.0,0.5793,285.0,0.5794,435.0
1753600122800,07:08:42.800,okx,A/USDT:USDT,0.5792,8.0,0.5791,461.0,0.5793,285.0,0.5794,435.0
1753600122900,07:08:42.900,okx,A/USDT:USDT,0.5792,8.0,0.5791,461.0,0.5793,285.0,0.5794,435.0
1753600123000,07:08:43.000,okx,A/USDT:USDT,0.5792,8.0,0.5791,461.0,0.5793,285.0,0.5794,435.0
1753600123300,07:08:43.300,okx,A/USDT:USDT,0.5792,8.0,0.5791,461.0,0.5793,285.0,0.5794,435.0
1753600123400,07:08:43.400,okx,A/USDT:USDT,0.5792,8.0,0.5791,461.0,0.5793,285.0,0.5794,435.0
1753600123500,07:08:43.500,okx,A/USDT:USDT,0.5792,8.0,0.5791,496.0,0.5793,229.0,0.5794,400.0
1753600123600,07:08:43.600,okx,A/USDT:USDT,0.5792,8.0,0.5791,461.0,0.5793,597.0,0.5794,435.0
1753600123800,07:08:43.800,okx,A/USDT:USDT,0.5792,8.0,0.5791,461.0,0.5793,597.0,0.5794,435.0
1753600123900,07:08:43.900,okx,A/USDT:USDT,0.5792,8.0,0.5791,461.0,0.5793,597.0,0.5794,435.0
1753600124200,07:08:44.200,okx,A/USDT:USDT,0.5792,8.0,0.5791,461.0,0.5793,597.0,0.5794,435.0
1753600124300,07:08:44.300,okx,A/USDT:USDT,0.5792,47.0,0.5791,368.0,0.5793,597.0,0.5794,435.0
1753600124400,07:08:44.400,okx,A/USDT:USDT,0.5791,94.0,0.579,1121.0,0.5792,281.0,0.5793,9264.0
1753600124500,07:08:44.500,okx,A/USDT:USDT,0.5791,96.0,0.579,1121.0,0.5792,283.0,0.5793,9266.0
1753600124800,07:08:44.800,okx,A/USDT:USDT,0.5791,11.0,0.579,1249.0,0.5792,283.0,0.5793,9307.0
1753600125100,07:08:45.100,okx,A/USDT:USDT,0.5791,11.0,0.579,1249.0,0.5792,283.0,0.5793,9307.0
1753600125300,07:08:45.300,okx,A/USDT:USDT,0.5791,11.0,0.579,1225.0,0.5792,283.0,0.5793,9307.0
1753600125400,07:08:45.400,okx,A/USDT:USDT,0.5791,11.0,0.579,1149.0,0.5792,283.0,0.5793,9307.0
1753600125700,07:08:45.700,okx,A/USDT:USDT,0.5791,11.0,0.579,1149.0,0.5792,283.0,0.5793,9496.0
1753600125800,07:08:45.800,okx,A/USDT:USDT,0.5791,11.0,0.579,1149.0,0.5792,283.0,0.5793,9496.0
1753600125900,07:08:45.900,okx,A/USDT:USDT,0.5791,11.0,0.579,1149.0,0.5792,283.0,0.5793,9496.0
1753600126100,07:08:46.100,okx,A/USDT:USDT,0.5791,11.0,0.579,997.0,0.5792,283.0,0.5793,9496.0
1753600126300,07:08:46.300,okx,A/USDT:USDT,0.5791,11.0,0.579,958.0,0.5792,283.0,0.5793,9461.0
1753600126700,07:08:46.700,okx,A/USDT:USDT,0.5791,11.0,0.579,792.0,0.5792,283.0,0.5793,9461.0
1753600127000,07:08:47.000,okx,A/USDT:USDT,0.5791,11.0,0.579,792.0,0.5792,283.0,0.5793,9496.0
1753600127200,07:08:47.200,okx,A/USDT:USDT,0.5791,11.0,0.579,792.0,0.5792,283.0,0.5793,9461.0
1753600127400,07:08:47.400,okx,A/USDT:USDT,0.5791,50.0,0.579,792.0,0.5792,283.0,0.5793,9461.0
1753600127500,07:08:47.500,okx,A/USDT:USDT,0.5791,48.0,0.579,792.0,0.5792,283.0,0.5793,9461.0
1753600127700,07:08:47.700,okx,A/USDT:USDT,0.5791,11.0,0.579,792.0,0.5792,283.0,0.5793,9461.0
1753600127900,07:08:47.900,okx,A/USDT:USDT,0.5791,11.0,0.579,792.0,0.5792,283.0,0.5793,9461.0
1753600128000,07:08:48.000,okx,A/USDT:USDT,0.5791,11.0,0.579,792.0,0.5792,283.0,0.5793,9461.0
1753600128500,07:08:48.500,okx,A/USDT:USDT,0.5791,11.0,0.579,792.0,0.5792,283.0,0.5793,9461.0
1753600128900,07:08:48.900,okx,A/USDT:USDT,0.5791,11.0,0.579,792.0,0.5792,283.0,0.5793,9461.0
1753600129600,07:08:49.600,okx,A/USDT:USDT,0.5791,11.0,0.579,792.0,0.5792,283.0,0.5793,9496.0
1753600130100,07:08:50.100,okx,A/USDT:USDT,0.5791,11.0,0.579,699.0,0.5792,283.0,0.5793,9496.0
1753600131200,07:08:51.200,okx,A/USDT:USDT,0.5791,11.0,0.579,699.0,0.5792,283.0,0.5793,9461.0
1753600131700,07:08:51.700,okx,A/USDT:USDT,0.5791,11.0,0.579,855.0,0.5792,283.0,0.5793,9461.0
1753600132000,07:08:52.000,okx,A/USDT:USDT,0.5791,11.0,0.579,855.0,0.5792,283.0,0.5793,9461.0
1753600132300,07:08:52.300,okx,A/USDT:USDT,0.5791,11.0,0.579,855.0,0.5792,283.0,0.5793,9496.0
1753600132400,07:08:52.400,okx,A/USDT:USDT,0.5791,11.0,0.579,855.0,0.5792,283.0,0.5793,9496.0
1753600132700,07:08:52.700,okx,A/USDT:USDT,0.5792,340.0,0.5791,659.0,0.5793,874.0,0.5794,2.0
1753600132800,07:08:52.800,okx,A/USDT:USDT,0.5796,99.0,0.5795,491.0,0.5798,169.0,0.5799,341.0
1753600132900,07:08:52.900,okx,A/USDT:USDT,0.5795,203.0,0.5794,156.0,0.5796,67.0,0.5797,203.0
1753600133200,07:08:53.200,okx,A/USDT:USDT,0.5795,205.0,0.5794,283.0,0.5796,69.0,0.5797,327.0
1753600133400,07:08:53.400,okx,A/USDT:USDT,0.5795,205.0,0.5794,283.0,0.5796,64.0,0.5797,327.0
1753600133600,07:08:53.600,okx,A/USDT:USDT,0.5795,205.0,0.5794,190.0,0.5796,64.0,0.5797,362.0
1753600133800,07:08:53.800,okx,A/USDT:USDT,0.5795,205.0,0.5794,190.0,0.5796,64.0,0.5797,362.0
1753600134000,07:08:54.000,okx,A/USDT:USDT,0.5795,205.0,0.5794,215.0,0.5796,64.0,0.5797,362.0
1753600134500,07:08:54.500,okx,A/USDT:USDT,0.5795,205.0,0.5794,215.0,0.5796,64.0,0.5797,362.0
1753600134600,07:08:54.600,okx,A/USDT:USDT,0.5795,205.0,0.5794,215.0,0.5796,64.0,0.5797,362.0
1753600134900,07:08:54.900,okx,A/USDT:USDT,0.5795,205.0,0.5794,215.0,0.5796,64.0,0.5797,362.0
1753600135000,07:08:55.000,okx,A/USDT:USDT,0.5795,205.0,0.5794,215.0,0.5796,64.0,0.5797,362.0
1753600135300,07:08:55.300,okx,A/USDT:USDT,0.5795,205.0,0.5794,215.0,0.5796,64.0,0.5797,362.0
1753600135400,07:08:55.400,okx,A/USDT:USDT,0.5795,205.0,0.5794,215.0,0.5796,64.0,0.5797,362.0
1753600135500,07:08:55.500,okx,A/USDT:USDT,0.5795,205.0,0.5794,215.0,0.5796,64.0,0.5797,362.0
1753600135600,07:08:55.600,okx,A/USDT:USDT,0.5795,205.0,0.5794,215.0,0.5796,64.0,0.5797,362.0
1753600135800,07:08:55.800,okx,A/USDT:USDT,0.5795,205.0,0.5794,281.0,0.5796,64.0,0.5797,362.0
1753600135900,07:08:55.900,okx,A/USDT:USDT,0.5795,205.0,0.5794,281.0,0.5796,64.0,0.5797,362.0
1753600136000,07:08:56.000,okx,A/USDT:USDT,0.5795,205.0,0.5794,281.0,0.5796,64.0,0.5797,362.0
1753600136200,07:08:56.200,okx,A/USDT:USDT,0.5795,205.0,0.5794,281.0,0.5796,64.0,0.5797,362.0
1753600136300,07:08:56.300,okx,A/USDT:USDT,0.5795,209.0,0.5794,281.0,0.5796,64.0,0.5797,362.0
1753600136400,07:08:56.400,okx,A/USDT:USDT,0.5796,50.0,0.5795,311.0,0.5797,205.0,0.5798,474.0
1753600136500,07:08:56.500,okx,A/USDT:USDT,0.5796,50.0,0.5795,356.0,0.5797,263.0,0.5798,474.0
1753600136900,07:08:56.900,okx,A/USDT:USDT,0.5796,50.0,0.5795,447.0,0.5797,263.0,0.5798,509.0
1753600137200,07:08:57.200,okx,A/USDT:USDT,0.5796,50.0,0.5795,447.0,0.5797,263.0,0.5798,509.0
1753600137400,07:08:57.400,okx,A/USDT:USDT,0.5795,348.0,0.5794,539.0,0.5797,416.0,0.5798,567.0
1753600138200,07:08:58.200,okx,A/USDT:USDT,0.5795,348.0,0.5794,632.0,0.5797,367.0,0.5798,474.0
1753600138300,07:08:58.300,okx,A/USDT:USDT,0.5795,348.0,0.5794,539.0,0.5797,367.0,0.5798,567.0
1753600138500,07:08:58.500,okx,A/USDT:USDT,0.5795,257.0,0.5794,514.0,0.5796,384.0,0.5797,487.0
1753600138600,07:08:58.600,okx,A/USDT:USDT,0.5795,257.0,0.5794,514.0,0.5796,384.0,0.5797,396.0
1753600139000,07:08:59.000,okx,A/USDT:USDT,0.5795,257.0,0.5794,549.0,0.5796,384.0,0.5797,396.0
1753600139200,07:08:59.200,okx,A/USDT:USDT,0.5795,257.0,0.5794,549.0,0.5796,384.0,0.5797,396.0
1753600139300,07:08:59.300,okx,A/USDT:USDT,0.5795,257.0,0.5794,549.0,0.5796,384.0,0.5797,396.0
1753600139500,07:08:59.500,okx,A/USDT:USDT,0.5795,257.0,0.5794,549.0,0.5796,384.0,0.5797,396.0
1753600140700,07:09:00.700,okx,A/USDT:USDT,0.5795,220.0,0.5794,564.0,0.5796,384.0,0.5797,436.0
1753600140800,07:09:00.800,okx,A/USDT:USDT,0.5795,225.0,0.5794,569.0,0.5796,384.0,0.5797,436.0
1753600141100,07:09:01.100,okx,A/USDT:USDT,0.5795,225.0,0.5794,662.0,0.5796,384.0,0.5797,436.0
1753600141400,07:09:01.400,okx,A/USDT:USDT,0.5795,225.0,0.5794,662.0,0.5796,384.0,0.5797,436.0
1753600141700,07:09:01.700,okx,A/USDT:USDT,0.5795,225.0,0.5794,662.0,0.5796,384.0,0.5797,436.0
1753600141800,07:09:01.800,okx,A/USDT:USDT,0.5795,225.0,0.5794,699.0,0.5796,384.0,0.5797,473.0
1753600141900,07:09:01.900,okx,A/USDT:USDT,0.5795,225.0,0.5794,606.0,0.5796,384.0,0.5797,473.0
1753600142100,07:09:02.100,okx,A/USDT:USDT,0.5795,225.0,0.5794,699.0,0.5796,384.0,0.5797,473.0
1753600142200,07:09:02.200,okx,A/USDT:USDT,0.5795,225.0,0.5794,638.0,0.5796,384.0,0.5797,473.0
1753600142500,07:09:02.500,okx,A/USDT:USDT,0.5795,225.0,0.5794,638.0,0.5796,384.0,0.5797,473.0
1753600142600,07:09:02.600,okx,A/USDT:USDT,0.5795,68.0,0.5794,511.0,0.5796,384.0,0.5797,473.0
1753600142700,07:09:02.700,okx,A/USDT:USDT,0.5795,22.0,0.5794,511.0,0.5796,384.0,0.5797,473.0
1753600142800,07:09:02.800,okx,A/USDT:USDT,0.5795,57.0,0.5794,604.0,0.5796,384.0,0.5797,473.0
1753600142900,07:09:02.900,okx,A/USDT:USDT,0.5795,57.0,0.5794,604.0,0.5796,384.0,0.5797,473.0
1753600143200,07:09:03.200,okx,A/USDT:USDT,0.5795,22.0,0.5794,653.0,0.5796,384.0,0.5797,517.0
1753600143400,07:09:03.400,okx,A/USDT:USDT,0.5795,59.0,0.5794,653.0,0.5796,384.0,0.5797,517.0
1753600143600,07:09:03.600,okx,A/USDT:USDT,0.5795,22.0,0.5794,653.0,0.5796,323.0,0.5797,517.0
1753600143700,07:09:03.700,okx,A/USDT:USDT,0.5795,22.0,0.5794,560.0,0.5796,323.0,0.5797,584.0
1753600143800,07:09:03.800,okx,A/USDT:USDT,0.5795,22.0,0.5794,560.0,0.5796,387.0,0.5797,553.0
1753600144400,07:09:04.400,okx,A/USDT:USDT,0.5795,158.0,0.5794,635.0,0.5796,323.0,0.5797,575.0
1753600144700,07:09:04.700,okx,A/USDT:USDT,0.5795,158.0,0.5794,728.0,0.5796,323.0,0.5797,575.0
1753600145300,07:09:05.300,okx,A/USDT:USDT,0.5795,158.0,0.5794,717.0,0.5796,323.0,0.5797,575.0
1753600145500,07:09:05.500,okx,A/USDT:USDT,0.5795,158.0,0.5794,717.0,0.5796,323.0,0.5797,575.0
1753600145600,07:09:05.600,okx,A/USDT:USDT,0.5795,158.0,0.5794,717.0,0.5796,323.0,0.5797,575.0
1753600146300,07:09:06.300,okx,A/USDT:USDT,0.5795,158.0,0.5794,717.0,0.5796,323.0,0.5797,575.0
1753600146500,07:09:06.500,okx,A/USDT:USDT,0.5795,11.0,0.5794,354.0,0.5796,529.0,0.5797,646.0
1753600146600,07:09:06.600,okx,A/USDT:USDT,0.5795,11.0,0.5794,353.0,0.5796,531.0,0.5797,646.0
1753600146700,07:09:06.700,okx,A/USDT:USDT,0.5795,11.0,0.5794,353.0,0.5796,531.0,0.5797,646.0
1753600146800,07:09:06.800,okx,A/USDT:USDT,0.5795,11.0,0.5794,353.0,0.5796,531.0,0.5797,646.0
1753600146900,07:09:06.900,okx,A/USDT:USDT,0.5795,11.0,0.5794,428.0,0.5796,438.0,0.5797,646.0
1753600147000,07:09:07.000,okx,A/USDT:USDT,0.5795,11.0,0.5794,428.0,0.5796,438.0,0.5797,646.0
1753600147400,07:09:07.400,okx,A/USDT:USDT,0.5795,11.0,0.5794,636.0,0.5796,518.0,0.5797,646.0
1753600147500,07:09:07.500,okx,A/USDT:USDT,0.5795,11.0,0.5794,636.0,0.5796,518.0,0.5797,646.0
1753600148000,07:09:08.000,okx,A/USDT:USDT,0.5795,11.0,0.5794,636.0,0.5796,531.0,0.5797,646.0
1753600148400,07:09:08.400,okx,A/USDT:USDT,0.5795,14.0,0.5794,636.0,0.5796,531.0,0.5797,646.0
1753600148800,07:09:08.800,okx,A/USDT:USDT,0.5795,14.0,0.5794,637.0,0.5796,438.0,0.5797,646.0
1753600149000,07:09:09.000,okx,A/USDT:USDT,0.5795,14.0,0.5794,637.0,0.5796,390.0,0.5797,518.0
1753600149100,07:09:09.100,okx,A/USDT:USDT,0.5795,14.0,0.5794,637.0,0.5796,390.0,0.5797,646.0
1753600149200,07:09:09.200,okx,A/USDT:USDT,0.5795,14.0,0.5794,637.0,0.5796,390.0,0.5797,646.0
1753600149300,07:09:09.300,okx,A/USDT:USDT,0.5795,14.0,0.5794,637.0,0.5796,390.0,0.5797,646.0
1753600149600,07:09:09.600,okx,A/USDT:USDT,0.5795,14.0,0.5794,637.0,0.5796,390.0,0.5797,646.0
1753600150000,07:09:10.000,okx,A/USDT:USDT,0.5795,14.0,0.5794,637.0,0.5796,390.0,0.5797,646.0
1753600150300,07:09:10.300,okx,A/USDT:USDT,0.5795,14.0,0.5794,637.0,0.5796,531.0,0.5797,646.0
1753600150500,07:09:10.500,okx,A/USDT:USDT,0.5795,14.0,0.5794,637.0,0.5796,531.0,0.5797,646.0
1753600150600,07:09:10.600,okx,A/USDT:USDT,0.5795,14.0,0.5794,637.0,0.5796,438.0,0.5797,646.0
1753600150700,07:09:10.700,okx,A/USDT:USDT,0.5795,14.0,0.5794,637.0,0.5796,389.0,0.5797,553.0
1753600150900,07:09:10.900,okx,A/USDT:USDT,0.5795,14.0,0.5794,637.0,0.5796,389.0,0.5797,553.0
1753600151200,07:09:11.200,okx,A/USDT:USDT,0.5795,11.0,0.5794,637.0,0.5796,389.0,0.5797,553.0
1753600151300,07:09:11.300,okx,A/USDT:USDT,0.5795,11.0,0.5794,637.0,0.5796,389.0,0.5797,646.0
1753600151400,07:09:11.400,okx,A/USDT:USDT,0.5795,11.0,0.5794,667.0,0.5796,389.0,0.5797,646.0
1753600151600,07:09:11.600,okx,A/USDT:USDT,0.5795,11.0,0.5794,667.0,0.5796,389.0,0.5797,646.0
1753600152000,07:09:12.000,okx,A/USDT:USDT,0.5795,11.0,0.5794,667.0,0.5796,389.0,0.5797,646.0
1753600152200,07:09:12.200,okx,A/USDT:USDT,0.5795,11.0,0.5794,667.0,0.5796,389.0,0.5797,646.0
1753600152500,07:09:12.500,okx,A/USDT:USDT,0.5795,11.0,0.5794,667.0,0.5796,518.0,0.5797,646.0
1753600152600,07:09:12.600,okx,A/USDT:USDT,0.5795,11.0,0.5794,667.0,0.5796,389.0,0.5797,646.0
1753600152800,07:09:12.800,okx,A/USDT:USDT,0.5795,11.0,0.5794,667.0,0.5796,517.0,0.5797,646.0
1753600153200,07:09:13.200,okx,A/USDT:USDT,0.5795,11.0,0.5794,531.0,0.5796,530.0,0.5797,646.0
1753600153300,07:09:13.300,okx,A/USDT:USDT,0.5795,11.0,0.5794,531.0,0.5796,530.0,0.5797,646.0
1753600153400,07:09:13.400,okx,A/USDT:USDT,0.5795,11.0,0.5794,531.0,0.5796,530.0,0.5797,646.0
1753600153600,07:09:13.600,okx,A/USDT:USDT,0.5795,11.0,0.5794,531.0,0.5796,530.0,0.5797,646.0
1753600153700,07:09:13.700,okx,A/USDT:USDT,0.5795,11.0,0.5794,531.0,0.5796,530.0,0.5797,646.0
1753600154200,07:09:14.200,okx,A/USDT:USDT,0.5795,11.0,0.5794,530.0,0.5796,530.0,0.5797,646.0
1753600154400,07:09:14.400,okx,A/USDT:USDT,0.5794,78.0,0.5793,1111.0,0.5795,320.0,0.5796,859.0
1753600154800,07:09:14.800,okx,A/USDT:USDT,0.5794,38.0,0.5793,1110.0,0.5795,320.0,0.5796,859.0
1753600154900,07:09:14.900,okx,A/USDT:USDT,0.5794,38.0,0.5793,1110.0,0.5795,285.0,0.5796,859.0
1753600155600,07:09:15.600,okx,A/USDT:USDT,0.5793,514.0,0.5792,480.0,0.5794,199.0,0.5795,721.0
1753600155700,07:09:15.700,okx,A/USDT:USDT,0.5793,298.0,0.5792,498.0,0.5794,160.0,0.5795,722.0
1753600156000,07:09:16.000,okx,A/USDT:USDT,0.5793,298.0,0.5792,498.0,0.5794,160.0,0.5795,722.0
1753600156100,07:09:16.100,okx,A/USDT:USDT,0.5793,298.0,0.5792,498.0,0.5794,160.0,0.5795,722.0
1753600156200,07:09:16.200,okx,A/USDT:USDT,0.5793,298.0,0.5792,498.0,0.5794,160.0,0.5795,721.0
1753600156300,07:09:16.300,okx,A/USDT:USDT,0.5793,298.0,0.5792,498.0,0.5794,168.0,0.5795,721.0
1753600156400,07:09:16.400,okx,A/USDT:USDT,0.5793,298.0,0.5792,498.0,0.5794,168.0,0.5795,721.0
1753600156500,07:09:16.500,okx,A/USDT:USDT,0.5793,182.0,0.5792,583.0,0.5794,218.0,0.5795,721.0
1753600156600,07:09:16.600,okx,A/USDT:USDT,0.5793,24.0,0.5792,582.0,0.5794,218.0,0.5795,722.0
1753600156800,07:09:16.800,okx,A/USDT:USDT,0.5793,24.0,0.5792,582.0,0.5794,218.0,0.5795,722.0
1753600157000,07:09:17.000,okx,A/USDT:USDT,0.5793,8.0,0.5792,582.0,0.5794,218.0,0.5795,722.0
1753600157200,07:09:17.200,okx,A/USDT:USDT,0.5793,8.0,0.5792,582.0,0.5794,218.0,0.5795,722.0
1753600157300,07:09:17.300,okx,A/USDT:USDT,0.5793,8.0,0.5792,582.0,0.5794,218.0,0.5795,722.0
1753600157400,07:09:17.400,okx,A/USDT:USDT,0.5793,8.0,0.5792,582.0,0.5794,384.0,0.5795,722.0
1753600157500,07:09:17.500,okx,A/USDT:USDT,0.5792,396.0,0.5791,1340.0,0.5793,69.0,0.5794,468.0
1753600157600,07:09:17.600,okx,A/USDT:USDT,0.5792,77.0,0.5791,1405.0,0.5793,106.0,0.5794,581.0
1753600157700,07:09:17.700,okx,A/USDT:USDT,0.5792,77.0,0.5791,1405.0,0.5793,71.0,0.5794,581.0
1753600157900,07:09:17.900,okx,A/USDT:USDT,0.5792,125.0,0.5791,1216.0,0.5793,71.0,0.5794,542.0
1753600158000,07:09:18.000,okx,A/USDT:USDT,0.5792,125.0,0.5791,1216.0,0.5793,71.0,0.5794,542.0
1753600158100,07:09:18.100,okx,A/USDT:USDT,0.5792,125.0,0.5791,1216.0,0.5793,71.0,0.5794,542.0
1753600158200,07:09:18.200,okx,A/USDT:USDT,0.5792,125.0,0.5791,1216.0,0.5793,71.0,0.5794,542.0
1753600158300,07:09:18.300,okx,A/USDT:USDT,0.5792,125.0,0.5791,1344.0,0.5793,71.0,0.5794,449.0
1753600158400,07:09:18.400,okx,A/USDT:USDT,0.5792,125.0,0.5791,1344.0,0.5793,71.0,0.5794,449.0
1753600158500,07:09:18.500,okx,A/USDT:USDT,0.5792,125.0,0.5791,1251.0,0.5793,71.0,0.5794,449.0
1753600158600,07:09:18.600,okx,A/USDT:USDT,0.5792,125.0,0.5791,1251.0,0.5793,71.0,0.5794,449.0
1753600158700,07:09:18.700,okx,A/USDT:USDT,0.5792,125.0,0.5791,1251.0,0.5793,71.0,0.5794,542.0
1753600159300,07:09:19.300,okx,A/USDT:USDT,0.5792,125.0,0.5791,1251.0,0.5793,71.0,0.5794,542.0
1753600159800,07:09:19.800,okx,A/USDT:USDT,0.5792,125.0,0.5791,1251.0,0.5793,71.0,0.5794,542.0
1753600159900,07:09:19.900,okx,A/USDT:USDT,0.5792,125.0,0.5791,1251.0,0.5793,71.0,0.5794,542.0
1753600160100,07:09:20.100,okx,A/USDT:USDT,0.5792,125.0,0.5791,1251.0,0.5793,71.0,0.5794,542.0
1753600160400,07:09:20.400,okx,A/USDT:USDT,0.5792,125.0,0.5791,1319.0,0.5793,76.0,0.5794,534.0
1753600160600,07:09:20.600,okx,A/USDT:USDT,0.5792,125.0,0.5791,1319.0,0.5793,76.0,0.5794,534.0
1753600160700,07:09:20.700,okx,A/USDT:USDT,0.5792,125.0,0.5791,1192.0,0.5793,76.0,0.5794,534.0
1753600161000,07:09:21.000,okx,A/USDT:USDT,0.5792,125.0,0.5791,1192.0,0.5793,76.0,0.5794,534.0
1753600161100,07:09:21.100,okx,A/USDT:USDT,0.5792,125.0,0.5791,1192.0,0.5793,76.0,0.5794,534.0
1753600161200,07:09:21.200,okx,A/USDT:USDT,0.5792,125.0,0.5791,1109.0,0.5793,76.0,0.5794,534.0
1753600161500,07:09:21.500,okx,A/USDT:USDT,0.5792,107.0,0.5791,1109.0,0.5793,169.0,0.5794,534.0
1753600161700,07:09:21.700,okx,A/USDT:USDT,0.5792,4.0,0.5791,912.0,0.5793,361.0,0.5794,500.0
1753600161800,07:09:21.800,okx,A/USDT:USDT,0.5792,4.0,0.5791,1121.0,0.5793,361.0,0.5794,500.0
1753600162500,07:09:22.500,okx,A/USDT:USDT,0.5792,4.0,0.5791,1063.0,0.5793,361.0,0.5794,500.0
1753600162600,07:09:22.600,okx,A/USDT:USDT,0.5792,4.0,0.5791,1063.0,0.5793,361.0,0.5794,500.0
1753600162700,07:09:22.700,okx,A/USDT:USDT,0.5792,4.0,0.5791,1063.0,0.5793,361.0,0.5794,500.0
1753600163000,07:09:23.000,okx,A/USDT:USDT,0.5792,4.0,0.5791,1063.0,0.5793,361.0,0.5794,500.0
1753600163100,07:09:23.100,okx,A/USDT:USDT,0.5792,4.0,0.5791,1063.0,0.5793,361.0,0.5794,500.0
1753600163500,07:09:23.500,okx,A/USDT:USDT,0.5792,4.0,0.5791,1063.0,0.5793,360.0,0.5794,500.0
1753600163600,07:09:23.600,okx,A/USDT:USDT,0.5792,4.0,0.5791,1063.0,0.5793,360.0,0.5794,500.0
1753600164200,07:09:24.200,okx,A/USDT:USDT,0.5792,4.0,0.5791,1063.0,0.5793,360.0,0.5794,500.0
1753600164400,07:09:24.400,okx,A/USDT:USDT,0.5792,4.0,0.5791,1063.0,0.5793,360.0,0.5794,500.0
1753600165100,07:09:25.100,okx,A/USDT:USDT,0.5792,4.0,0.5791,1063.0,0.5793,360.0,0.5794,500.0
1753600165400,07:09:25.400,okx,A/USDT:USDT,0.5792,4.0,0.5791,1063.0,0.5793,360.0,0.5794,500.0
1753600165500,07:09:25.500,okx,A/USDT:USDT,0.5792,4.0,0.5791,1063.0,0.5793,360.0,0.5794,500.0
1753600165600,07:09:25.600,okx,A/USDT:USDT,0.5792,4.0,0.5791,1063.0,0.5793,360.0,0.5794,500.0
1753600166000,07:09:26.000,okx,A/USDT:USDT,0.5792,10.0,0.5791,1063.0,0.5793,325.0,0.5794,500.0
1753600166100,07:09:26.100,okx,A/USDT:USDT,0.5792,10.0,0.5791,1063.0,0.5793,360.0,0.5794,500.0
1753600167400,07:09:27.400,okx,A/USDT:USDT,0.5792,10.0,0.5791,994.0,0.5793,360.0,0.5794,499.0
1753600167700,07:09:27.700,okx,A/USDT:USDT,0.5792,10.0,0.5791,994.0,0.5793,360.0,0.5794,499.0
1753600168500,07:09:28.500,okx,A/USDT:USDT,0.5792,10.0,0.5791,994.0,0.5793,360.0,0.5794,499.0
1753600169500,07:09:29.500,okx,A/USDT:USDT,0.5792,10.0,0.5791,994.0,0.5793,360.0,0.5794,499.0
1753600170000,07:09:30.000,okx,A/USDT:USDT,0.5792,10.0,0.5791,994.0,0.5793,360.0,0.5794,499.0
1753600170900,07:09:30.900,okx,A/USDT:USDT,0.5792,10.0,0.5791,994.0,0.5793,360.0,0.5794,499.0
1753600171100,07:09:31.100,okx,A/USDT:USDT,0.5792,10.0,0.5791,994.0,0.5793,325.0,0.5794,499.0
1753600171700,07:09:31.700,okx,A/USDT:USDT,0.5792,10.0,0.5791,994.0,0.5793,325.0,0.5794,499.0
1753600171800,07:09:31.800,okx,A/USDT:USDT,0.5792,10.0,0.5791,994.0,0.5793,325.0,0.5794,499.0
1753600172000,07:09:32.000,okx,A/USDT:USDT,0.5792,10.0,0.5791,994.0,0.5793,325.0,0.5794,499.0
1753600172500,07:09:32.500,okx,A/USDT:USDT,0.5792,10.0,0.5791,994.0,0.5793,357.0,0.5794,499.0
1753600172600,07:09:32.600,okx,A/USDT:USDT,0.5792,10.0,0.5791,994.0,0.5793,357.0,0.5794,499.0
1753600173300,07:09:33.300,okx,A/USDT:USDT,0.5792,10.0,0.5791,995.0,0.5793,357.0,0.5794,565.0
1753600173400,07:09:33.400,okx,A/USDT:USDT,0.5792,10.0,0.5791,995.0,0.5793,357.0,0.5794,565.0
1753600173500,07:09:33.500,okx,A/USDT:USDT,0.5792,10.0,0.5791,995.0,0.5793,357.0,0.5794,565.0
1753600174200,07:09:34.200,okx,A/USDT:USDT,0.5792,10.0,0.5791,995.0,0.5793,357.0,0.5794,565.0
1753600174700,07:09:34.700,okx,A/USDT:USDT,0.5792,10.0,0.5791,995.0,0.5793,357.0,0.5794,565.0
1753600175300,07:09:35.300,okx,A/USDT:USDT,0.5792,10.0,0.5791,995.0,0.5793,357.0,0.5794,565.0
1753600175400,07:09:35.400,okx,A/USDT:USDT,0.5792,10.0,0.5791,995.0,0.5793,357.0,0.5794,565.0
1753600175700,07:09:35.700,okx,A/USDT:USDT,0.5792,10.0,0.5791,995.0,0.5793,357.0,0.5794,565.0
1753600175800,07:09:35.800,okx,A/USDT:USDT,0.5792,10.0,0.5791,995.0,0.5793,357.0,0.5794,565.0
1753600176100,07:09:36.100,okx,A/USDT:USDT,0.5792,10.0,0.5791,995.0,0.5793,322.0,0.5794,565.0
1753600176300,07:09:36.300,okx,A/USDT:USDT,0.5792,10.0,0.5791,995.0,0.5793,229.0,0.5794,565.0
1753600176400,07:09:36.400,okx,A/USDT:USDT,0.5792,10.0,0.5791,995.0,0.5793,320.0,0.5794,565.0
1753600177100,07:09:37.100,okx,A/USDT:USDT,0.5792,10.0,0.5791,712.0,0.5793,378.0,0.5794,565.0
1753600177300,07:09:37.300,okx,A/USDT:USDT,0.5792,10.0,0.5791,996.0,0.5793,250.0,0.5794,565.0
1753600177400,07:09:37.400,okx,A/USDT:USDT,0.5792,10.0,0.5791,996.0,0.5793,378.0,0.5794,565.0
1753600178100,07:09:38.100,okx,A/USDT:USDT,0.5792,10.0,0.5791,996.0,0.5793,378.0,0.5794,565.0
1753600178200,07:09:38.200,okx,A/USDT:USDT,0.5792,10.0,0.5791,996.0,0.5793,378.0,0.5794,565.0
1753600178300,07:09:38.300,okx,A/USDT:USDT,0.5792,10.0,0.5791,996.0,0.5793,378.0,0.5794,565.0
1753600179200,07:09:39.200,okx,A/USDT:USDT,0.5791,279.0,0.579,1725.0,0.5792,143.0,0.5793,537.0
1753600179400,07:09:39.400,okx,A/USDT:USDT,0.5791,279.0,0.579,1678.0,0.5792,103.0,0.5793,444.0
1753600179500,07:09:39.500,okx,A/USDT:USDT,0.5791,279.0,0.579,1678.0,0.5792,103.0,0.5793,444.0
1753600179700,07:09:39.700,okx,A/USDT:USDT,0.5791,279.0,0.579,1585.0,0.5792,551.0,0.5793,537.0
1753600179800,07:09:39.800,okx,A/USDT:USDT,0.5791,279.0,0.579,1585.0,0.5792,550.0,0.5793,537.0
1753600179900,07:09:39.900,okx,A/USDT:USDT,0.5791,279.0,0.579,1585.0,0.5792,550.0,0.5793,537.0
1753600180000,07:09:40.000,okx,A/USDT:USDT,0.5791,279.0,0.579,1585.0,0.5792,550.0,0.5793,537.0
1753600180400,07:09:40.400,okx,A/USDT:USDT,0.5791,138.0,0.579,1403.0,0.5792,550.0,0.5793,537.0
1753600180700,07:09:40.700,okx,A/USDT:USDT,0.5791,101.0,0.579,1403.0,0.5792,550.0,0.5793,537.0
1753600180900,07:09:40.900,okx,A/USDT:USDT,0.5793,207.0,0.5792,146.0,0.5795,414.0,0.5796,376.0
1753600181000,07:09:41.000,okx,A/USDT:USDT,0.5795,178.0,0.5794,589.0,0.5796,5.0,0.5797,321.0
1753600181100,07:09:41.100,okx,A/USDT:USDT,0.5795,180.0,0.5794,533.0,0.5796,5.0,0.5797,321.0
1753600181200,07:09:41.200,okx,A/USDT:USDT,0.5795,180.0,0.5794,533.0,0.5796,5.0,0.5797,321.0
1753600181400,07:09:41.400,okx,A/USDT:USDT,0.5795,180.0,0.5794,582.0,0.5796,1.0,0.5797,361.0
1753600181900,07:09:41.900,okx,A/USDT:USDT,0.5795,180.0,0.5794,617.0,0.5796,1.0,0.5797,361.0
1753600182600,07:09:42.600,okx,A/USDT:USDT,0.5795,145.0,0.5794,524.0,0.5796,1.0,0.5797,396.0
1753600182800,07:09:42.800,okx,A/USDT:USDT,0.5795,145.0,0.5794,524.0,0.5796,1.0,0.5797,601.0
1753600182900,07:09:42.900,okx,A/USDT:USDT,0.5795,145.0,0.5794,524.0,0.5796,1.0,0.5797,601.0
1753600183600,07:09:43.600,okx,A/USDT:USDT,0.5795,145.0,0.5794,524.0,0.5796,1.0,0.5797,473.0
1753600183700,07:09:43.700,okx,A/USDT:USDT,0.5795,145.0,0.5794,524.0,0.5796,1.0,0.5797,473.0
1753600183900,07:09:43.900,okx,A/USDT:USDT,0.5795,145.0,0.5794,524.0,0.5796,1.0,0.5797,601.0
1753600184100,07:09:44.100,okx,A/USDT:USDT,0.5795,145.0,0.5794,617.0,0.5796,1.0,0.5797,473.0
1753600184200,07:09:44.200,okx,A/USDT:USDT,0.5795,182.0,0.5794,593.0,0.5796,1.0,0.5797,473.0
1753600184600,07:09:44.600,okx,A/USDT:USDT,0.5796,278.0,0.5795,440.0,0.5797,3.0,0.5798,363.0
1753600184700,07:09:44.700,okx,A/USDT:USDT,0.5796,278.0,0.5795,533.0,0.5797,1.0,0.5798,363.0
1753600185100,07:09:45.100,okx,A/USDT:USDT,0.5796,278.0,0.5795,629.0,0.5797,1.0,0.5798,363.0
1753600185600,07:09:45.600,okx,A/USDT:USDT,0.5796,243.0,0.5795,739.0,0.5797,3.0,0.5798,363.0
1753600185800,07:09:45.800,okx,A/USDT:USDT,0.5796,243.0,0.5795,902.0,0.5797,3.0,0.5798,363.0
1753600186300,07:09:46.300,okx,A/USDT:USDT,0.5796,243.0,0.5795,902.0,0.5797,63.0,0.5798,509.0
1753600186400,07:09:46.400,okx,A/USDT:USDT,0.5796,238.0,0.5795,902.0,0.5797,63.0,0.5798,509.0
1753600186500,07:09:46.500,okx,A/USDT:USDT,0.5796,238.0,0.5795,1021.0,0.5797,63.0,0.5798,416.0
1753600186600,07:09:46.600,okx,A/USDT:USDT,0.5796,238.0,0.5795,1021.0,0.5797,63.0,0.5798,416.0
1753600186700,07:09:46.700,okx,A/USDT:USDT,0.5796,238.0,0.5795,1021.0,0.5797,63.0,0.5798,416.0
1753600186800,07:09:46.800,okx,A/USDT:USDT,0.5796,238.0,0.5795,1021.0,0.5797,63.0,0.5798,416.0
1753600187100,07:09:47.100,okx,A/USDT:USDT,0.5797,141.0,0.5796,506.0,0.5798,345.0,0.5799,628.0
1753600187300,07:09:47.300,okx,A/USDT:USDT,0.5797,141.0,0.5796,541.0,0.5798,196.0,0.5799,628.0
1753600187400,07:09:47.400,okx,A/USDT:USDT,0.5797,141.0,0.5796,541.0,0.5798,196.0,0.5799,628.0
1753600187600,07:09:47.600,okx,A/USDT:USDT,0.5797,141.0,0.5796,506.0,0.5798,196.0,0.5799,628.0
1753600187900,07:09:47.900,okx,A/USDT:USDT,0.5797,141.0,0.5796,541.0,0.5798,196.0,0.5799,628.0
1753600188000,07:09:48.000,okx,A/USDT:USDT,0.5797,141.0,0.5796,541.0,0.5798,196.0,0.5799,628.0
1753600188400,07:09:48.400,okx,A/USDT:USDT,0.5797,141.0,0.5796,541.0,0.5798,195.0,0.5799,628.0
1753600188600,07:09:48.600,okx,A/USDT:USDT,0.5797,141.0,0.5796,541.0,0.5798,195.0,0.5799,628.0
1753600189500,07:09:49.500,okx,A/USDT:USDT,0.5797,141.0,0.5796,541.0,0.5798,195.0,0.5799,628.0
1753600190100,07:09:50.100,okx,A/USDT:USDT,0.5797,141.0,0.5796,488.0,0.5798,195.0,0.5799,628.0
1753600190200,07:09:50.200,okx,A/USDT:USDT,0.5797,141.0,0.5796,488.0,0.5798,195.0,0.5799,628.0
1753600190700,07:09:50.700,okx,A/USDT:USDT,0.5797,141.0,0.5796,488.0,0.5798,195.0,0.5799,628.0
1753600191100,07:09:51.100,okx,A/USDT:USDT,0.5797,141.0,0.5796,453.0,0.5798,195.0,0.5799,628.0
1753600191300,07:09:51.300,okx,A/USDT:USDT,0.5797,141.0,0.5796,453.0,0.5798,195.0,0.5799,628.0
1753600191700,07:09:51.700,okx,A/USDT:USDT,0.5797,141.0,0.5796,506.0,0.5798,323.0,0.5799,628.0
1753600191900,07:09:51.900,okx,A/USDT:USDT,0.5797,141.0,0.5796,506.0,0.5798,230.0,0.5799,628.0
1753600192000,07:09:52.000,okx,A/USDT:USDT,0.5797,141.0,0.5796,506.0,0.5798,230.0,0.5799,628.0
1753600192300,07:09:52.300,okx,A/USDT:USDT,0.5797,141.0,0.5796,506.0,0.5798,230.0,0.5799,628.0
1753600192400,07:09:52.400,okx,A/USDT:USDT,0.5797,141.0,0.5796,506.0,0.5798,230.0,0.5799,628.0
1753600193500,07:09:53.500,okx,A/USDT:USDT,0.5797,141.0,0.5796,599.0,0.5798,133.0,0.5799,500.0
1753600193600,07:09:53.600,okx,A/USDT:USDT,0.5797,141.0,0.5796,506.0,0.5798,193.0,0.5799,500.0
1753600193900,07:09:53.900,okx,A/USDT:USDT,0.5797,141.0,0.5796,599.0,0.5798,193.0,0.5799,500.0
1753600194100,07:09:54.100,okx,A/USDT:USDT,0.5797,141.0,0.5796,599.0,0.5798,193.0,0.5799,500.0
1753600194300,07:09:54.300,okx,A/USDT:USDT,0.5797,141.0,0.5796,506.0,0.5798,193.0,0.5799,593.0
1753600194700,07:09:54.700,okx,A/USDT:USDT,0.5797,141.0,0.5796,506.0,0.5798,198.0,0.5799,593.0
1753600194800,07:09:54.800,okx,A/USDT:USDT,0.5797,141.0,0.5796,506.0,0.5798,200.0,0.5799,593.0
1753600195300,07:09:55.300,okx,A/USDT:USDT,0.5797,42.0,0.5796,506.0,0.5798,341.0,0.5799,593.0
1753600195500,07:09:55.500,okx,A/USDT:USDT,0.5797,42.0,0.5796,506.0,0.5798,341.0,0.5799,593.0
1753600196300,07:09:56.300,okx,A/USDT:USDT,0.5796,499.0,0.5795,1100.0,0.5798,339.0,0.5799,500.0
1753600196700,07:09:56.700,okx,A/USDT:USDT,0.5796,240.0,0.5795,866.0,0.5797,6.0,0.5798,445.0
1753600196800,07:09:56.800,okx,A/USDT:USDT,0.5796,240.0,0.5795,1026.0,0.5797,6.0,0.5798,445.0
1753600197000,07:09:57.000,okx,A/USDT:USDT,0.5796,240.0,0.5795,933.0,0.5797,6.0,0.5798,445.0
1753600197200,07:09:57.200,okx,A/USDT:USDT,0.5796,240.0,0.5795,927.0,0.5797,287.0,0.5798,478.0
1753600197400,07:09:57.400,okx,A/USDT:USDT,0.5796,240.0,0.5795,927.0,0.5797,289.0,0.5798,478.0
1753600197500,07:09:57.500,okx,A/USDT:USDT,0.5796,240.0,0.5795,927.0,0.5797,289.0,0.5798,478.0
1753600197600,07:09:57.600,okx,A/USDT:USDT,0.5796,240.0,0.5795,927.0,0.5797,289.0,0.5798,478.0
1753600198600,07:09:58.600,okx,A/USDT:USDT,0.5796,240.0,0.5795,927.0,0.5797,289.0,0.5798,478.0
1753600198800,07:09:58.800,okx,A/USDT:USDT,0.5796,240.0,0.5795,927.0,0.5797,289.0,0.5798,478.0
1753600198900,07:09:58.900,okx,A/USDT:USDT,0.5796,240.0,0.5795,927.0,0.5797,289.0,0.5798,478.0
1753600199000,07:09:59.000,okx,A/USDT:USDT,0.5796,240.0,0.5795,927.0,0.5797,289.0,0.5798,478.0
1753600199400,07:09:59.400,okx,A/USDT:USDT,0.5796,240.0,0.5795,927.0,0.5797,230.0,0.5798,441.0
1753600199600,07:09:59.600,okx,A/USDT:USDT,0.5796,240.0,0.5795,1020.0,0.5797,230.0,0.5798,441.0
1753600199700,07:09:59.700,okx,A/USDT:USDT,0.5796,240.0,0.5795,1020.0,0.5797,230.0,0.5798,441.0
1753600199800,07:09:59.800,okx,A/USDT:USDT,0.5796,279.0,0.5795,1020.0,0.5797,230.0,0.5798,441.0
1753600200000,07:10:00.000,okx,A/USDT:USDT,0.5796,314.0,0.5795,1020.0,0.5797,230.0,0.5798,441.0
1753600200700,07:10:00.700,okx,A/USDT:USDT,0.5796,236.0,0.5795,949.0,0.5797,230.0,0.5798,385.0
1753600200900,07:10:00.900,okx,A/USDT:USDT,0.5796,281.0,0.5795,951.0,0.5797,230.0,0.5798,450.0
1753600201200,07:10:01.200,okx,A/USDT:USDT,0.5796,325.0,0.5795,951.0,0.5797,230.0,0.5798,450.0
1753600201500,07:10:01.500,okx,A/USDT:USDT,0.5796,325.0,0.5795,951.0,0.5797,230.0,0.5798,450.0
1753600201700,07:10:01.700,okx,A/USDT:USDT,0.5796,325.0,0.5795,810.0,0.5797,230.0,0.5798,450.0
1753600201800,07:10:01.800,okx,A/USDT:USDT,0.5796,325.0,0.5795,810.0,0.5797,230.0,0.5798,450.0
1753600201900,07:10:01.900,okx,A/USDT:USDT,0.5796,281.0,0.5795,810.0,0.5797,230.0,0.5798,450.0
1753600202000,07:10:02.000,okx,A/USDT:USDT,0.5796,325.0,0.5795,810.0,0.5797,230.0,0.5798,450.0
1753600202400,07:10:02.400,okx,A/USDT:USDT,0.5796,281.0,0.5795,810.0,0.5797,230.0,0.5798,450.0
1753600203200,07:10:03.200,okx,A/USDT:USDT,0.5797,118.0,0.5796,577.0,0.5798,131.0,0.5799,454.0
1753600203500,07:10:03.500,okx,A/USDT:USDT,0.5797,118.0,0.5796,416.0,0.5798,200.0,0.5799,572.0
1753600203700,07:10:03.700,okx,A/USDT:USDT,0.5797,53.0,0.5796,416.0,0.5798,474.0,0.5799,572.0
1753600203800,07:10:03.800,okx,A/USDT:USDT,0.5797,51.0,0.5796,416.0,0.5798,474.0,0.5799,572.0
1753600203900,07:10:03.900,okx,A/USDT:USDT,0.5797,51.0,0.5796,416.0,0.5798,474.0,0.5799,572.0
1753600204000,07:10:04.000,okx,A/USDT:USDT,0.5797,53.0,0.5796,416.0,0.5798,474.0,0.5799,572.0
1753600204100,07:10:04.100,okx,A/USDT:USDT,0.5797,53.0,0.5796,534.0,0.5798,474.0,0.5799,454.0
1753600204200,07:10:04.200,okx,A/USDT:USDT,0.5797,53.0,0.5796,534.0,0.5798,472.0,0.5799,454.0
1753600204300,07:10:04.300,okx,A/USDT:USDT,0.5797,53.0,0.5796,416.0,0.5798,472.0,0.5799,572.0
1753600204400,07:10:04.400,okx,A/USDT:USDT,0.5797,53.0,0.5796,416.0,0.5798,506.0,0.5799,558.0
1753600204500,07:10:04.500,okx,A/USDT:USDT,0.5797,53.0,0.5796,416.0,0.5798,506.0,0.5799,558.0
1753600205200,07:10:05.200,okx,A/USDT:USDT,0.5797,53.0,0.5796,416.0,0.5798,506.0,0.5799,558.0
1753600205400,07:10:05.400,okx,A/USDT:USDT,0.5797,53.0,0.5796,416.0,0.5798,506.0,0.5799,558.0
1753600206500,07:10:06.500,okx,A/USDT:USDT,0.5797,53.0,0.5796,416.0,0.5798,506.0,0.5799,558.0
1753600206600,07:10:06.600,okx,A/USDT:USDT,0.5797,53.0,0.5796,462.0,0.5798,506.0,0.5799,558.0
1753600207000,07:10:07.000,okx,A/USDT:USDT,0.5797,53.0,0.5796,462.0,0.5798,506.0,0.5799,558.0
1753600207200,07:10:07.200,okx,A/USDT:USDT,0.5797,53.0,0.5796,462.0,0.5798,506.0,0.5799,558.0
1753600207400,07:10:07.400,okx,A/USDT:USDT,0.5797,53.0,0.5796,556.0,0.5798,506.0,0.5799,558.0
1753600207500,07:10:07.500,okx,A/USDT:USDT,0.5797,53.0,0.5796,556.0,0.5798,506.0,0.5799,558.0
1753600207900,07:10:07.900,okx,A/USDT:USDT,0.5797,53.0,0.5796,556.0,0.5798,506.0,0.5799,558.0
1753600208500,07:10:08.500,okx,A/USDT:USDT,0.5797,53.0,0.5796,556.0,0.5798,505.0,0.5799,558.0
1753600208700,07:10:08.700,okx,A/USDT:USDT,0.5797,53.0,0.5796,556.0,0.5798,505.0,0.5799,558.0
1753600208800,07:10:08.800,okx,A/USDT:USDT,0.5797,53.0,0.5796,556.0,0.5798,505.0,0.5799,558.0
1753600209200,07:10:09.200,okx,A/USDT:USDT,0.5797,53.0,0.5796,556.0,0.5798,505.0,0.5799,558.0
1753600209400,07:10:09.400,okx,A/USDT:USDT,0.5797,53.0,0.5796,556.0,0.5798,505.0,0.5799,558.0
1753600209800,07:10:09.800,okx,A/USDT:USDT,0.5797,53.0,0.5796,556.0,0.5798,667.0,0.5799,558.0
1753600209900,07:10:09.900,okx,A/USDT:USDT,0.5797,53.0,0.5796,556.0,0.5798,667.0,0.5799,558.0
1753600210000,07:10:10.000,okx,A/USDT:USDT,0.5797,53.0,0.5796,556.0,0.5798,667.0,0.5799,558.0
1753600210100,07:10:10.100,okx,A/USDT:USDT,0.5797,53.0,0.5796,556.0,0.5798,667.0,0.5799,558.0
1753600210400,07:10:10.400,okx,A/USDT:USDT,0.5797,53.0,0.5796,556.0,0.5798,505.0,0.5799,558.0
1753600210500,07:10:10.500,okx,A/USDT:USDT,0.5797,53.0,0.5796,556.0,0.5798,505.0,0.5799,558.0
1753600210600,07:10:10.600,okx,A/USDT:USDT,0.5797,53.0,0.5796,556.0,0.5798,505.0,0.5799,558.0
1753600210800,07:10:10.800,okx,A/USDT:USDT,0.5796,238.0,0.5795,1305.0,0.5797,59.0,0.5798,645.0
1753600210900,07:10:10.900,okx,A/USDT:USDT,0.5796,238.0,0.5795,1305.0,0.5797,59.0,0.5798,645.0
1753600211000,07:10:11.000,okx,A/USDT:USDT,0.5796,238.0,0.5795,998.0,0.5797,59.0,0.5798,645.0
1753600211300,07:10:11.300,okx,A/USDT:USDT,0.5796,238.0,0.5795,1116.0,0.5797,59.0,0.5798,645.0
1753600211700,07:10:11.700,okx,A/USDT:USDT,0.5797,139.0,0.5796,608.0,0.5798,436.0,0.5799,558.0
1753600211800,07:10:11.800,okx,A/USDT:USDT,0.5797,141.0,0.5796,608.0,0.5798,496.0,0.5799,558.0
1753600212300,07:10:12.300,okx,A/USDT:USDT,0.5797,141.0,0.5796,608.0,0.5798,496.0,0.5799,558.0
1753600212600,07:10:12.600,okx,A/USDT:USDT,0.5797,109.0,0.5796,608.0,0.5798,496.0,0.5799,558.0
1753600212700,07:10:12.700,okx,A/USDT:USDT,0.5797,42.0,0.5796,608.0,0.5798,496.0,0.5799,558.0
1753600213100,07:10:13.100,okx,A/USDT:USDT,0.5797,42.0,0.5796,608.0,0.5798,496.0,0.5799,558.0
1753600213400,07:10:13.400,okx,A/USDT:USDT,0.5796,236.0,0.5795,998.0,0.5797,63.0,0.5798,841.0
1753600213500,07:10:13.500,okx,A/USDT:USDT,0.5796,238.0,0.5795,998.0,0.5797,65.0,0.5798,842.0
1753600213800,07:10:13.800,okx,A/USDT:USDT,0.5796,103.0,0.5795,998.0,0.5797,122.0,0.5798,765.0
1753600214300,07:10:14.300,okx,A/USDT:USDT,0.5796,105.0,0.5795,998.0,0.5797,122.0,0.5798,809.0
1753600214500,07:10:14.500,okx,A/USDT:USDT,0.5796,144.0,0.5795,1042.0,0.5797,122.0,0.5798,809.0
1753600214600,07:10:14.600,okx,A/USDT:USDT,0.5796,144.0,0.5795,1042.0,0.5797,122.0,0.5798,809.0
1753600214800,07:10:14.800,okx,A/USDT:USDT,0.5796,144.0,0.5795,1042.0,0.5797,65.0,0.5798,809.0
1753600215500,07:10:15.500,okx,A/USDT:USDT,0.5796,144.0,0.5795,1029.0,0.5797,65.0,0.5798,809.0
1753600215800,07:10:15.800,okx,A/USDT:USDT,0.5796,144.0,0.5795,933.0,0.5797,65.0,0.5798,809.0
1753600216000,07:10:16.000,okx,A/USDT:USDT,0.5796,144.0,0.5795,803.0,0.5797,65.0,0.5798,809.0
1753600216100,07:10:16.100,okx,A/USDT:USDT,0.5796,144.0,0.5795,921.0,0.5797,65.0,0.5798,691.0
1753600216200,07:10:16.200,okx,A/USDT:USDT,0.5796,144.0,0.5795,803.0,0.5797,65.0,0.5798,691.0
1753600216400,07:10:16.400,okx,A/USDT:USDT,0.5796,144.0,0.5795,804.0,0.5797,65.0,0.5798,809.0
1753600216800,07:10:16.800,okx,A/USDT:USDT,0.5796,144.0,0.5795,686.0,0.5797,65.0,0.5798,809.0
1753600217600,07:10:17.600,okx,A/USDT:USDT,0.5796,144.0,0.5795,686.0,0.5797,65.0,0.5798,809.0
1753600218300,07:10:18.300,okx,A/USDT:USDT,0.5796,144.0,0.5795,686.0,0.5797,65.0,0.5798,809.0
1753600219500,07:10:19.500,okx,A/USDT:USDT,0.5796,284.0,0.5795,804.0,0.5798,595.0,0.5799,491.0
1753600219700,07:10:19.700,okx,A/USDT:USDT,0.5796,284.0,0.5795,804.0,0.5798,595.0,0.5799,491.0
1753600220100,07:10:20.100,okx,A/USDT:USDT,0.5797,33.0,0.5796,482.0,0.5798,501.0,0.5799,491.0
1753600220200,07:10:20.200,okx,A/USDT:USDT,0.5797,33.0,0.5796,484.0,0.5798,501.0,0.5799,491.0
1753600220400,07:10:20.400,okx,A/USDT:USDT,0.5797,33.0,0.5796,323.0,0.5798,500.0,0.5799,609.0
1753600220700,07:10:20.700,okx,A/USDT:USDT,0.5797,33.0,0.5796,302.0,0.5798,500.0,0.5799,609.0
1753600220900,07:10:20.900,okx,A/USDT:USDT,0.5797,33.0,0.5796,386.0,0.5798,500.0,0.5799,609.0
1753600221000,07:10:21.000,okx,A/USDT:USDT,0.5797,33.0,0.5796,504.0,0.5798,500.0,0.5799,491.0
1753600221100,07:10:21.100,okx,A/USDT:USDT,0.5797,33.0,0.5796,504.0,0.5798,500.0,0.5799,491.0
1753600221300,07:10:21.300,okx,A/USDT:USDT,0.5797,33.0,0.5796,386.0,0.5798,500.0,0.5799,609.0
1753600221400,07:10:21.400,okx,A/USDT:USDT,0.5797,33.0,0.5796,608.0,0.5798,500.0,0.5799,609.0
1753600222100,07:10:22.100,okx,A/USDT:USDT,0.5797,70.0,0.5796,608.0,0.5798,500.0,0.5799,491.0
1753600222200,07:10:22.200,okx,A/USDT:USDT,0.5797,33.0,0.5796,490.0,0.5798,618.0,0.5799,609.0
1753600222300,07:10:22.300,okx,A/USDT:USDT,0.5797,33.0,0.5796,490.0,0.5798,500.0,0.5799,609.0
1753600222500,07:10:22.500,okx,A/USDT:USDT,0.5797,33.0,0.5796,608.0,0.5798,500.0,0.5799,609.0
1753600222700,07:10:22.700,okx,A/USDT:USDT,0.5797,33.0,0.5796,608.0,0.5798,500.0,0.5799,609.0
1753600223400,07:10:23.400,okx,A/USDT:USDT,0.5797,33.0,0.5796,490.0,0.5798,500.0,0.5799,609.0
1753600223500,07:10:23.500,okx,A/USDT:USDT,0.5797,33.0,0.5796,490.0,0.5798,500.0,0.5799,609.0
1753600223600,07:10:23.600,okx,A/USDT:USDT,0.5797,33.0,0.5796,490.0,0.5798,500.0,0.5799,609.0
1753600223700,07:10:23.700,okx,A/USDT:USDT,0.5797,33.0,0.5796,490.0,0.5798,500.0,0.5799,609.0
1753600224700,07:10:24.700,okx,A/USDT:USDT,0.5797,33.0,0.5796,490.0,0.5798,500.0,0.5799,653.0
1753600225600,07:10:25.600,okx,A/USDT:USDT,0.5797,33.0,0.5796,491.0,0.5798,500.0,0.5799,653.0
1753600226200,07:10:26.200,okx,A/USDT:USDT,0.5797,33.0,0.5796,237.0,0.5798,662.0,0.5799,653.0
1753600227300,07:10:27.300,okx,A/USDT:USDT,0.5797,33.0,0.5796,317.0,0.5798,675.0,0.5799,609.0
1753600227900,07:10:27.900,okx,A/USDT:USDT,0.5796,73.0,0.5795,1159.0,0.5797,350.0,0.5798,814.0
1753600228000,07:10:28.000,okx,A/USDT:USDT,0.5796,73.0,0.5795,1159.0,0.5797,350.0,0.5798,814.0
1753600228200,07:10:28.200,okx,A/USDT:USDT,0.5796,73.0,0.5795,1203.0,0.5797,188.0,0.5798,858.0
1753600228500,07:10:28.500,okx,A/USDT:USDT,0.5796,37.0,0.5795,1203.0,0.5797,188.0,0.5798,858.0
1753600228600,07:10:28.600,okx,A/USDT:USDT,0.5796,37.0,0.5795,1203.0,0.5797,188.0,0.5798,858.0
1753600228700,07:10:28.700,okx,A/USDT:USDT,0.5796,37.0,0.5795,1203.0,0.5797,131.0,0.5798,858.0
1753600229000,07:10:29.000,okx,A/USDT:USDT,0.5796,37.0,0.5795,1203.0,0.5797,317.0,0.5798,858.0
1753600229200,07:10:29.200,okx,A/USDT:USDT,0.5796,37.0,0.5795,1203.0,0.5797,199.0,0.5798,858.0
1753600229600,07:10:29.600,okx,A/USDT:USDT,0.5796,37.0,0.5795,1203.0,0.5797,199.0,0.5798,858.0
1753600230300,07:10:30.300,okx,A/USDT:USDT,0.5796,37.0,0.5795,1203.0,0.5797,350.0,0.5798,858.0
1753600230400,07:10:30.400,okx,A/USDT:USDT,0.5796,76.0,0.5795,1203.0,0.5797,308.0,0.5798,858.0
1753600230600,07:10:30.600,okx,A/USDT:USDT,0.5797,147.0,0.5796,806.0,0.5798,437.0,0.5799,609.0
1753600230900,07:10:30.900,okx,A/USDT:USDT,0.5797,189.0,0.5796,823.0,0.5798,311.0,0.5799,555.0
1753600231000,07:10:31.000,okx,A/USDT:USDT,0.5797,230.0,0.5796,823.0,0.5798,311.0,0.5799,555.0
1753600231400,07:10:31.400,okx,A/USDT:USDT,0.5796,139.0,0.5795,1161.0,0.5797,70.0,0.5798,705.0
1753600231600,07:10:31.600,okx,A/USDT:USDT,0.5796,121.0,0.5795,1139.0,0.5797,70.0,0.5798,705.0
1753600231700,07:10:31.700,okx,A/USDT:USDT,0.5796,83.0,0.5795,1139.0,0.5797,70.0,0.5798,705.0
1753600232100,07:10:32.100,okx,A/USDT:USDT,0.5796,83.0,0.5795,1139.0,0.5797,70.0,0.5798,705.0
1753600232300,07:10:32.300,okx,A/USDT:USDT,0.5796,83.0,0.5795,1139.0,0.5797,70.0,0.5798,705.0
1753600232400,07:10:32.400,okx,A/USDT:USDT,0.5796,83.0,0.5795,1003.0,0.5797,70.0,0.5798,705.0
1753600232500,07:10:32.500,okx,A/USDT:USDT,0.5796,83.0,0.5795,1003.0,0.5797,70.0,0.5798,705.0
1753600232900,07:10:32.900,okx,A/USDT:USDT,0.5796,83.0,0.5795,975.0,0.5797,15.0,0.5798,705.0
1753600233000,07:10:33.000,okx,A/USDT:USDT,0.5796,446.0,0.5795,1093.0,0.5798,526.0,0.5799,653.0
1753600233500,07:10:33.500,okx,A/USDT:USDT,0.5796,446.0,0.5795,1093.0,0.5798,688.0,0.5799,609.0
1753600234800,07:10:34.800,okx,A/USDT:USDT,0.5796,445.0,0.5795,1093.0,0.5798,688.0,0.5799,609.0
1753600235100,07:10:35.100,okx,A/USDT:USDT,0.5796,446.0,0.5795,1093.0,0.5798,688.0,0.5799,609.0
1753600235900,07:10:35.900,okx,A/USDT:USDT,0.5796,446.0,0.5795,1093.0,0.5798,688.0,0.5799,609.0
1753600236000,07:10:36.000,okx,A/USDT:USDT,0.5796,446.0,0.5795,1093.0,0.5798,688.0,0.5799,609.0
1753600236100,07:10:36.100,okx,A/USDT:USDT,0.5796,222.0,0.5795,975.0,0.5797,59.0,0.5798,743.0
1753600236300,07:10:36.300,okx,A/USDT:USDT,0.5796,168.0,0.5795,821.0,0.5797,59.0,0.5798,743.0
1753600236600,07:10:36.600,okx,A/USDT:USDT,0.5796,4.0,0.5795,757.0,0.5797,73.0,0.5798,743.0
1753600237100,07:10:37.100,okx,A/USDT:USDT,0.5796,4.0,0.5795,757.0,0.5797,80.0,0.5798,743.0
1753600237200,07:10:37.200,okx,A/USDT:USDT,0.5796,4.0,0.5795,757.0,0.5797,80.0,0.5798,743.0
1753600237800,07:10:37.800,okx,A/USDT:USDT,0.5796,4.0,0.5795,757.0,0.5797,80.0,0.5798,743.0
1753600237900,07:10:37.900,okx,A/USDT:USDT,0.5796,4.0,0.5795,757.0,0.5797,80.0,0.5798,743.0
1753600238100,07:10:38.100,okx,A/USDT:USDT,0.5796,4.0,0.5795,757.0,0.5797,80.0,0.5798,743.0
1753600238200,07:10:38.200,okx,A/USDT:USDT,0.5796,43.0,0.5795,757.0,0.5797,289.0,0.5798,514.0
1753600238900,07:10:38.900,okx,A/USDT:USDT,0.5796,45.0,0.5795,757.0,0.5797,451.0,0.5798,476.0
1753600239900,07:10:39.900,okx,A/USDT:USDT,0.5796,45.0,0.5795,757.0,0.5797,289.0,0.5798,476.0
1753600240200,07:10:40.200,okx,A/USDT:USDT,0.5796,45.0,0.5795,757.0,0.5797,289.0,0.5798,476.0
1753600240900,07:10:40.900,okx,A/USDT:USDT,0.5796,4.0,0.5795,875.0,0.5797,232.0,0.5798,476.0
1753600241000,07:10:41.000,okx,A/USDT:USDT,0.5796,46.0,0.5795,875.0,0.5797,232.0,0.5798,370.0
1753600241100,07:10:41.100,okx,A/USDT:USDT,0.5796,306.0,0.5795,875.0,0.5797,219.0,0.5798,245.0
1753600241200,07:10:41.200,okx,A/USDT:USDT,0.5796,81.0,0.5795,875.0,0.5797,283.0,0.5798,301.0
1753600241400,07:10:41.400,okx,A/USDT:USDT,0.5796,134.0,0.5795,875.0,0.5797,283.0,0.5798,301.0
1753600241500,07:10:41.500,okx,A/USDT:USDT,0.5796,134.0,0.5795,875.0,0.5797,283.0,0.5798,301.0
1753600241800,07:10:41.800,okx,A/USDT:USDT,0.5796,88.0,0.5795,875.0,0.5797,219.0,0.5798,301.0
1753600241900,07:10:41.900,okx,A/USDT:USDT,0.5796,46.0,0.5795,875.0,0.5797,219.0,0.5798,361.0
1753600242300,07:10:42.300,okx,A/USDT:USDT,0.5796,122.0,0.5795,875.0,0.5797,219.0,0.5798,301.0
1753600242400,07:10:42.400,okx,A/USDT:USDT,0.5796,122.0,0.5795,875.0,0.5797,219.0,0.5798,357.0
1753600242600,07:10:42.600,okx,A/USDT:USDT,0.5796,122.0,0.5795,875.0,0.5797,282.0,0.5798,301.0
1753600242700,07:10:42.700,okx,A/USDT:USDT,0.5796,122.0,0.5795,875.0,0.5797,219.0,0.5798,301.0
1753600243200,07:10:43.200,okx,A/USDT:USDT,0.5796,87.0,0.5795,875.0,0.5797,219.0,0.5798,356.0
1753600243300,07:10:43.300,okx,A/USDT:USDT,0.5796,88.0,0.5795,875.0,0.5797,219.0,0.5798,356.0
1753600243500,07:10:43.500,okx,A/USDT:USDT,0.5796,88.0,0.5795,875.0,0.5797,279.0,0.5798,301.0
1753600243600,07:10:43.600,okx,A/USDT:USDT,0.5796,88.0,0.5795,875.0,0.5797,279.0,0.5798,301.0
1753600244000,07:10:44.000,okx,A/USDT:USDT,0.5796,88.0,0.5795,875.0,0.5797,279.0,0.5798,301.0
1753600244100,07:10:44.100,okx,A/USDT:USDT,0.5796,51.0,0.5795,875.0,0.5797,292.0,0.5798,345.0
1753600244200,07:10:44.200,okx,A/USDT:USDT,0.5796,51.0,0.5795,875.0,0.5797,291.0,0.5798,345.0
1753600244300,07:10:44.300,okx,A/USDT:USDT,0.5796,51.0,0.5795,757.0,0.5797,291.0,0.5798,463.0
1753600244600,07:10:44.600,okx,A/USDT:USDT,0.5796,4.0,0.5795,757.0,0.5797,291.0,0.5798,463.0
1753600244700,07:10:44.700,okx,A/USDT:USDT,0.5796,4.0,0.5795,757.0,0.5797,291.0,0.5798,463.0
1753600244800,07:10:44.800,okx,A/USDT:USDT,0.5796,4.0,0.5795,757.0,0.5797,291.0,0.5798,463.0
1753600245300,07:10:45.300,okx,A/USDT:USDT,0.5796,41.0,0.5795,875.0,0.5797,291.0,0.5798,345.0
1753600245400,07:10:45.400,okx,A/USDT:USDT,0.5796,81.0,0.5795,875.0,0.5797,278.0,0.5798,345.0
1753600245600,07:10:45.600,okx,A/USDT:USDT,0.5796,41.0,0.5795,757.0,0.5797,278.0,0.5798,463.0
1753600245700,07:10:45.700,okx,A/USDT:USDT,0.5796,40.0,0.5795,430.0,0.5797,563.0,0.5798,463.0
1753600246200,07:10:46.200,okx,A/USDT:USDT,0.5804,71.0,0.5803,228.0,0.5805,104.0,0.5806,424.0
1753600246400,07:10:46.400,okx,A/USDT:USDT,0.5804,91.0,0.5803,207.0,0.5805,209.0,0.5806,352.0
1753600246500,07:10:46.500,okx,A/USDT:USDT,0.5804,4.0,0.5803,5.0,0.5805,223.0,0.5806,470.0
1753600246700,07:10:46.700,okx,A/USDT:USDT,0.5804,2.0,0.5803,96.0,0.5805,257.0,0.5806,308.0
1753600246800,07:10:46.800,okx,A/USDT:USDT,0.5804,2.0,0.5803,96.0,0.5805,257.0,0.5806,470.0
1753600246900,07:10:46.900,okx,A/USDT:USDT,0.5804,2.0,0.5803,146.0,0.5805,257.0,0.5806,352.0
1753600247000,07:10:47.000,okx,A/USDT:USDT,0.5804,2.0,0.5803,146.0,0.5805,257.0,0.5806,470.0
1753600247100,07:10:47.100,okx,A/USDT:USDT,0.5804,2.0,0.5803,146.0,0.5805,257.0,0.5806,470.0
1753600247200,07:10:47.200,okx,A/USDT:USDT,0.5803,39.0,0.5802,431.0,0.5804,234.0,0.5805,578.0
1753600247700,07:10:47.700,okx,A/USDT:USDT,0.5803,4.0,0.5802,431.0,0.5804,234.0,0.5805,460.0
1753600247900,07:10:47.900,okx,A/USDT:USDT,0.5803,4.0,0.5802,431.0,0.5804,234.0,0.5805,460.0
1753600248100,07:10:48.100,okx,A/USDT:USDT,0.5803,4.0,0.5802,431.0,0.5804,234.0,0.5805,460.0
1753600248200,07:10:48.200,okx,A/USDT:USDT,0.5803,4.0,0.5802,431.0,0.5804,234.0,0.5805,460.0
1753600248600,07:10:48.600,okx,A/USDT:USDT,0.5803,4.0,0.5802,456.0,0.5804,234.0,0.5805,460.0
1753600248900,07:10:48.900,okx,A/USDT:USDT,0.5803,4.0,0.5802,456.0,0.5804,234.0,0.5805,460.0
1753600249100,07:10:49.100,okx,A/USDT:USDT,0.5803,4.0,0.5802,493.0,0.5804,234.0,0.5805,460.0
1753600249200,07:10:49.200,okx,A/USDT:USDT,0.5803,4.0,0.5802,742.0,0.5804,234.0,0.5805,425.0
1753600250200,07:10:50.200,okx,A/USDT:USDT,0.5803,4.0,0.5802,693.0,0.5804,234.0,0.5805,425.0
1753600250800,07:10:50.800,okx,A/USDT:USDT,0.5803,4.0,0.5802,570.0,0.5804,234.0,0.5805,425.0
1753600251100,07:10:51.100,okx,A/USDT:USDT,0.5803,4.0,0.5802,570.0,0.5804,234.0,0.5805,543.0
1753600251200,07:10:51.200,okx,A/USDT:USDT,0.5803,4.0,0.5802,570.0,0.5804,234.0,0.5805,391.0
1753600251600,07:10:51.600,okx,A/USDT:USDT,0.5803,4.0,0.5802,504.0,0.5804,246.0,0.5805,425.0
1753600251900,07:10:51.900,okx,A/USDT:USDT,0.5813,153.0,0.5812,154.0,0.5814,180.0,0.5815,373.0
1753600252000,07:10:52.000,okx,A/USDT:USDT,0.5815,13.0,0.5814,156.0,0.5816,1.0,0.5818,391.0
1753600252100,07:10:52.100,okx,A/USDT:USDT,0.5817,45.0,0.5816,234.0,0.5818,108.0,0.5819,258.0
1753600252200,07:10:52.200,okx,A/USDT:USDT,0.5817,180.0,0.5816,429.0,0.5818,165.0,0.5819,330.0
1753600253100,07:10:53.100,okx,A/USDT:USDT,0.5817,81.0,0.5816,386.0,0.5818,154.0,0.5819,373.0
1753600253300,07:10:53.300,okx,A/USDT:USDT,0.5817,49.0,0.5816,386.0,0.5818,154.0,0.5819,373.0
1753600253600,07:10:53.600,okx,A/USDT:USDT,0.5817,49.0,0.5816,386.0,0.5818,154.0,0.5819,373.0
1753600254000,07:10:54.000,okx,A/USDT:USDT,0.5817,49.0,0.5816,386.0,0.5818,154.0,0.5819,373.0
1753600254500,07:10:54.500,okx,A/USDT:USDT,0.5817,49.0,0.5816,386.0,0.5818,176.0,0.5819,491.0
1753600254900,07:10:54.900,okx,A/USDT:USDT,0.5817,49.0,0.5816,386.0,0.5818,176.0,0.5819,491.0
1753600255100,07:10:55.100,okx,A/USDT:USDT,0.5817,49.0,0.5816,386.0,0.5818,176.0,0.5819,491.0
1753600255400,07:10:55.400,okx,A/USDT:USDT,0.5817,8.0,0.5816,339.0,0.5818,176.0,0.5819,525.0
1753600255500,07:10:55.500,okx,A/USDT:USDT,0.5817,19.0,0.5816,309.0,0.5818,294.0,0.5819,605.0
1753600255600,07:10:55.600,okx,A/USDT:USDT,0.5817,21.0,0.5816,340.0,0.5818,294.0,0.5819,605.0
1753600256000,07:10:56.000,okx,A/USDT:USDT,0.5817,51.0,0.5816,309.0,0.5818,176.0,0.5819,605.0
1753600256300,07:10:56.300,okx,A/USDT:USDT,0.5817,52.0,0.5816,395.0,0.5818,176.0,0.5819,605.0
1753600256400,07:10:56.400,okx,A/USDT:USDT,0.5817,22.0,0.5816,395.0,0.5818,176.0,0.5819,605.0
1753600256500,07:10:56.500,okx,A/USDT:USDT,0.5817,22.0,0.5816,429.0,0.5818,176.0,0.5819,605.0
1753600256900,07:10:56.900,okx,A/USDT:USDT,0.5817,58.0,0.5816,395.0,0.5818,176.0,0.5819,605.0
1753600257000,07:10:57.000,okx,A/USDT:USDT,0.5817,58.0,0.5816,395.0,0.5818,176.0,0.5819,487.0
1753600257100,07:10:57.100,okx,A/USDT:USDT,0.5817,58.0,0.5816,395.0,0.5818,176.0,0.5819,605.0
1753600257200,07:10:57.200,okx,A/USDT:USDT,0.5817,58.0,0.5816,395.0,0.5818,176.0,0.5819,605.0
1753600257300,07:10:57.300,okx,A/USDT:USDT,0.5817,58.0,0.5816,395.0,0.5818,176.0,0.5819,605.0
1753600257400,07:10:57.400,okx,A/USDT:USDT,0.5817,58.0,0.5816,395.0,0.5818,176.0,0.5819,605.0
1753600257700,07:10:57.700,okx,A/USDT:USDT,0.5817,58.0,0.5816,420.0,0.5818,176.0,0.5819,605.0
1753600258100,07:10:58.100,okx,A/USDT:USDT,0.5817,58.0,0.5816,420.0,0.5818,176.0,0.5819,605.0
1753600258200,07:10:58.200,okx,A/USDT:USDT,0.5817,58.0,0.5816,420.0,0.5818,176.0,0.5819,605.0
1753600260000,07:11:00.000,okx,A/USDT:USDT,0.5823,266.0,0.5822,588.0,0.5824,65.0,0.5825,323.0
1753600260200,07:11:00.200,okx,A/USDT:USDT,0.5823,266.0,0.5822,486.0,0.5824,65.0,0.5825,113.0
1753600261100,07:11:01.100,okx,A/USDT:USDT,0.5821,120.0,0.582,521.0,0.5822,59.0,0.5823,273.0
1753600261200,07:11:01.200,okx,A/USDT:USDT,0.5821,126.0,0.582,565.0,0.5822,59.0,0.5823,323.0
1753600261400,07:11:01.400,okx,A/USDT:USDT,0.5821,126.0,0.582,565.0,0.5822,59.0,0.5823,323.0
1753600261600,07:11:01.600,okx,A/USDT:USDT,0.5821,151.0,0.582,565.0,0.5822,59.0,0.5823,323.0
1753600261700,07:11:01.700,okx,A/USDT:USDT,0.5821,151.0,0.582,565.0,0.5822,59.0,0.5823,323.0
1753600262200,07:11:02.200,okx,A/USDT:USDT,0.5821,158.0,0.582,565.0,0.5822,57.0,0.5823,291.0
1753600262300,07:11:02.300,okx,A/USDT:USDT,0.5821,158.0,0.582,565.0,0.5822,57.0,0.5823,291.0
1753600262600,07:11:02.600,okx,A/USDT:USDT,0.5821,158.0,0.582,565.0,0.5822,57.0,0.5823,291.0
1753600262700,07:11:02.700,okx,A/USDT:USDT,0.5821,158.0,0.582,565.0,0.5822,57.0,0.5823,291.0
1753600262800,07:11:02.800,okx,A/USDT:USDT,0.5821,158.0,0.582,565.0,0.5822,57.0,0.5823,291.0
1753600262900,07:11:02.900,okx,A/USDT:USDT,0.5821,158.0,0.582,565.0,0.5822,57.0,0.5823,291.0
1753600263100,07:11:03.100,okx,A/USDT:USDT,0.5821,158.0,0.582,521.0,0.5822,57.0,0.5823,291.0
1753600263300,07:11:03.300,okx,A/USDT:USDT,0.5821,158.0,0.582,565.0,0.5822,57.0,0.5823,291.0
1753600263400,07:11:03.400,okx,A/USDT:USDT,0.5821,158.0,0.582,565.0,0.5822,57.0,0.5823,291.0
1753600264300,07:11:04.300,okx,A/USDT:USDT,0.5821,158.0,0.582,565.0,0.5822,57.0,0.5823,291.0
1753600264400,07:11:04.400,okx,A/USDT:USDT,0.5821,158.0,0.582,565.0,0.5822,57.0,0.5823,291.0
1753600264600,07:11:04.600,okx,A/USDT:USDT,0.5821,158.0,0.582,565.0,0.5822,57.0,0.5823,291.0
1753600265000,07:11:05.000,okx,A/USDT:USDT,0.5821,158.0,0.582,565.0,0.5822,57.0,0.5823,291.0
