timestamp,time,exchange,symbol,bid1_price,bid1_volume,bid2_price,bid2_volume,ask1_price,ask1_volume,ask2_price,ask2_volume
1753599983199,07:06:23.199,bitget,ACE/USDT:USDT,0.5929,108.93,0.5928,843.03,0.5935,109.61,0.5936,174.25
1753599983499,07:06:23.499,bitget,ACE/USDT:USDT,0.5929,108.93,0.5928,843.03,0.5935,109.61,0.5936,174.25
1753599983949,07:06:23.949,bitget,ACE/USDT:USDT,0.5929,108.93,0.5928,843.03,0.5935,109.61,0.5936,174.25
1753599984099,07:06:24.099,bitget,ACE/USDT:USDT,0.5929,108.93,0.5928,843.03,0.5935,109.61,0.5936,174.25
1753599984249,07:06:24.249,bitget,ACE/USDT:USDT,0.5929,108.93,0.5928,843.03,0.5935,109.61,0.5936,174.25
1753599984700,07:06:24.700,bitget,ACE/USDT:USDT,0.5929,108.93,0.5928,843.03,0.5935,109.61,0.5936,174.25
1753599984850,07:06:24.850,bitget,ACE/USDT:USDT,0.5929,108.93,0.5928,843.03,0.5935,109.61,0.5936,174.25
1753599985000,07:06:25.000,bitget,ACE/USDT:USDT,0.5929,108.93,0.5928,843.03,0.5935,109.61,0.5936,174.25
1753599985150,07:06:25.150,bitget,ACE/USDT:USDT,0.5929,108.93,0.5928,843.03,0.5935,109.61,0.5936,174.25
1753599985300,07:06:25.300,bitget,ACE/USDT:USDT,0.5929,108.93,0.5928,843.03,0.5935,109.61,0.5936,174.25
1753599985450,07:06:25.450,bitget,ACE/USDT:USDT,0.5929,108.93,0.5928,843.03,0.5935,109.61,0.5936,174.25
1753599985600,07:06:25.600,bitget,ACE/USDT:USDT,0.5929,108.93,0.5928,843.03,0.5935,109.61,0.5936,174.25
1753599986201,07:06:26.201,bitget,ACE/USDT:USDT,0.5929,108.93,0.5928,843.03,0.5935,109.61,0.5936,174.25
1753599986351,07:06:26.351,bitget,ACE/USDT:USDT,0.5929,108.93,0.5928,843.03,0.5935,109.61,0.5936,174.25
1753599986501,07:06:26.501,bitget,ACE/USDT:USDT,0.5929,108.93,0.5928,843.03,0.5935,109.61,0.5936,174.25
1753599986951,07:06:26.951,bitget,ACE/USDT:USDT,0.5929,108.93,0.5928,843.03,0.5935,109.61,0.5936,174.25
1753599987101,07:06:27.101,bitget,ACE/USDT:USDT,0.5929,108.93,0.5928,843.03,0.5935,109.61,0.5936,174.25
1753599987251,07:06:27.251,bitget,ACE/USDT:USDT,0.5929,108.93,0.5928,843.03,0.5935,109.61,0.5936,174.25
1753599988752,07:06:28.752,bitget,ACE/USDT:USDT,0.5929,108.93,0.5927,193.9,0.5935,109.61,0.5936,174.25
1753599988902,07:06:28.902,bitget,ACE/USDT:USDT,0.5929,108.93,0.5927,193.9,0.5935,109.61,0.5936,174.25
1753599989203,07:06:29.203,bitget,ACE/USDT:USDT,0.5929,108.93,0.5927,193.9,0.5935,109.61,0.5936,174.25
1753599989353,07:06:29.353,bitget,ACE/USDT:USDT,0.5929,108.93,0.5927,193.9,0.5935,109.61,0.5936,174.25
1753599989503,07:06:29.503,bitget,ACE/USDT:USDT,0.5929,108.93,0.5928,843.17,0.5935,109.61,0.5936,174.25
1753599989653,07:06:29.653,bitget,ACE/USDT:USDT,0.5929,108.93,0.5928,843.17,0.5935,109.61,0.5936,174.25
1753599990253,07:06:30.253,bitget,ACE/USDT:USDT,0.5929,108.93,0.5928,843.17,0.5935,109.61,0.5936,174.25
1753599990403,07:06:30.403,bitget,ACE/USDT:USDT,0.5929,108.93,0.5928,843.17,0.5935,109.61,0.5936,174.25
1753599991154,07:06:31.154,bitget,ACE/USDT:USDT,0.5923,105.55,0.5922,105.55,0.593,189.87,0.5931,728.28
1753599991304,07:06:31.304,bitget,ACE/USDT:USDT,0.5922,333.19,0.5921,507.86,0.5929,105.55,0.593,408.35
1753599991454,07:06:31.454,bitget,ACE/USDT:USDT,0.5923,105.55,0.5922,189.92,0.5929,105.55,0.593,408.35
1753599991904,07:06:31.904,bitget,ACE/USDT:USDT,0.5923,105.55,0.5922,189.92,0.5929,105.55,0.593,324.03
1753599992054,07:06:32.054,bitget,ACE/USDT:USDT,0.5923,105.55,0.5922,189.92,0.5929,105.55,0.593,324.03
1753599992204,07:06:32.204,bitget,ACE/USDT:USDT,0.5923,105.55,0.5922,189.92,0.5929,105.55,0.593,324.03
1753599992505,07:06:32.505,bitget,ACE/USDT:USDT,0.5923,105.55,0.5922,189.92,0.593,105.55,0.5931,260.77
1753599992655,07:06:32.655,bitget,ACE/USDT:USDT,0.5923,105.55,0.5922,189.92,0.593,105.55,0.5931,260.77
1753599992805,07:06:32.805,bitget,ACE/USDT:USDT,0.5923,105.55,0.5922,189.92,0.593,105.55,0.5931,260.77
1753599992955,07:06:32.955,bitget,ACE/USDT:USDT,0.5923,105.55,0.5922,189.92,0.593,189.87,0.5931,260.77
1753599993255,07:06:33.255,bitget,ACE/USDT:USDT,0.5923,105.55,0.5922,189.92,0.5929,105.55,0.593,105.55
1753599993705,07:06:33.705,bitget,ACE/USDT:USDT,0.5924,105.55,0.5923,212.35,0.5931,105.55,0.5932,1774.0
1753599993855,07:06:33.855,bitget,ACE/USDT:USDT,0.5924,105.55,0.5923,212.35,0.5931,105.55,0.5932,1774.0
1753599994006,07:06:34.006,bitget,ACE/USDT:USDT,0.5924,105.55,0.5923,212.35,0.5931,105.55,0.5932,1774.0
1753599994156,07:06:34.156,bitget,ACE/USDT:USDT,0.5924,105.55,0.5923,105.55,0.5931,105.55,0.5932,1774.0
1753599994306,07:06:34.306,bitget,ACE/USDT:USDT,0.5923,105.55,0.5922,354.96,0.5931,105.55,0.5932,1774.0
1753599994456,07:06:34.456,bitget,ACE/USDT:USDT,0.5923,105.55,0.5922,354.96,0.5931,105.55,0.5932,1774.0
1753599994606,07:06:34.606,bitget,ACE/USDT:USDT,0.5923,105.55,0.5922,354.96,0.5931,105.55,0.5932,1774.0
1753599994756,07:06:34.756,bitget,ACE/USDT:USDT,0.5923,105.55,0.5922,354.96,0.5931,105.55,0.5932,1774.0
1753599994906,07:06:34.906,bitget,ACE/USDT:USDT,0.5923,105.55,0.5922,354.96,0.5931,105.55,0.5932,1774.0
1753599995056,07:06:35.056,bitget,ACE/USDT:USDT,0.5923,105.55,0.5922,354.96,0.5931,105.55,0.5932,1774.0
1753599995206,07:06:35.206,bitget,ACE/USDT:USDT,0.5923,212.35,0.5922,354.96,0.5931,105.55,0.5932,1774.0
1753599995356,07:06:35.356,bitget,ACE/USDT:USDT,0.5924,105.55,0.5923,212.35,0.5931,105.55,0.5932,1774.0
1753599995506,07:06:35.506,bitget,ACE/USDT:USDT,0.5924,105.55,0.5923,212.35,0.5931,105.55,0.5932,1774.0
1753599995656,07:06:35.656,bitget,ACE/USDT:USDT,0.5924,105.55,0.5923,212.35,0.5931,105.55,0.5932,1774.0
1753599995807,07:06:35.807,bitget,ACE/USDT:USDT,0.5924,105.55,0.5923,212.35,0.5931,105.55,0.5932,1774.0
1753599995957,07:06:35.957,bitget,ACE/USDT:USDT,0.5924,105.55,0.5923,212.35,0.5931,105.55,0.5932,1774.0
1753599996107,07:06:36.107,bitget,ACE/USDT:USDT,0.5924,105.55,0.5923,105.55,0.5931,105.55,0.5932,1774.0
1753599996407,07:06:36.407,bitget,ACE/USDT:USDT,0.5923,105.55,0.5922,354.96,0.5931,105.55,0.5932,1774.0
1753599996557,07:06:36.557,bitget,ACE/USDT:USDT,0.5923,105.55,0.5922,354.96,0.5931,105.55,0.5932,1774.0
1753599996707,07:06:36.707,bitget,ACE/USDT:USDT,0.5923,105.55,0.5922,354.96,0.5931,105.55,0.5932,1774.0
1753599996857,07:06:36.857,bitget,ACE/USDT:USDT,0.5923,105.55,0.5922,354.96,0.5931,105.55,0.5932,1774.0
1753599997007,07:06:37.007,bitget,ACE/USDT:USDT,0.5923,105.55,0.5922,354.96,0.5931,105.55,0.5932,1774.0
1753599997157,07:06:37.157,bitget,ACE/USDT:USDT,0.5923,105.55,0.5922,354.96,0.5931,105.55,0.5932,1774.0
1753599997308,07:06:37.308,bitget,ACE/USDT:USDT,0.5923,105.55,0.5922,354.96,0.5931,105.55,0.5932,1774.0
1753599997458,07:06:37.458,bitget,ACE/USDT:USDT,0.5923,105.55,0.5922,354.96,0.5931,105.55,0.5932,1774.0
1753599997608,07:06:37.608,bitget,ACE/USDT:USDT,0.5923,105.55,0.5922,354.96,0.5931,105.55,0.5932,1774.0
1753599997758,07:06:37.758,bitget,ACE/USDT:USDT,0.5923,105.55,0.5922,354.96,0.5931,105.55,0.5932,1774.0
1753599997908,07:06:37.908,bitget,ACE/USDT:USDT,0.5923,105.55,0.5922,354.96,0.5931,105.55,0.5932,1774.0
1753599998058,07:06:38.058,bitget,ACE/USDT:USDT,0.5923,105.55,0.5922,354.96,0.5931,105.55,0.5932,1774.0
1753599998208,07:06:38.208,bitget,ACE/USDT:USDT,0.5923,105.55,0.5922,354.96,0.5931,105.55,0.5932,1774.0
1753599998358,07:06:38.358,bitget,ACE/USDT:USDT,0.5923,105.55,0.5922,354.96,0.5931,105.55,0.5932,1774.0
1753599998658,07:06:38.658,bitget,ACE/USDT:USDT,0.5923,105.55,0.5922,354.96,0.5931,105.55,0.5932,1774.0
1753599998808,07:06:38.808,bitget,ACE/USDT:USDT,0.5923,105.55,0.5922,354.96,0.5931,105.55,0.5932,1774.0
1753599998959,07:06:38.959,bitget,ACE/USDT:USDT,0.5923,212.35,0.5922,354.96,0.5931,105.55,0.5932,1774.0
1753599999109,07:06:39.109,bitget,ACE/USDT:USDT,0.5924,108.19,0.5923,212.35,0.5931,105.55,0.5932,1774.0
1753599999259,07:06:39.259,bitget,ACE/USDT:USDT,0.5924,108.19,0.5923,212.35,0.5931,105.55,0.5932,1774.0
1753599999409,07:06:39.409,bitget,ACE/USDT:USDT,0.5924,108.19,0.5923,212.35,0.5931,105.55,0.5932,1774.0
1753599999559,07:06:39.559,bitget,ACE/USDT:USDT,0.5924,108.19,0.5923,212.35,0.5931,105.55,0.5932,1774.0
1753599999709,07:06:39.709,bitget,ACE/USDT:USDT,0.5924,108.19,0.5923,212.35,0.5931,105.55,0.5932,1774.0
1753599999859,07:06:39.859,bitget,ACE/USDT:USDT,0.5924,108.19,0.5923,212.35,0.5931,105.55,0.5932,1774.0
1753600000009,07:06:40.009,bitget,ACE/USDT:USDT,0.5924,108.19,0.5923,212.35,0.5931,105.55,0.5932,1774.0
1753600000159,07:06:40.159,bitget,ACE/USDT:USDT,0.5924,108.19,0.5923,212.35,0.5931,105.55,0.5932,1774.0
1753600000309,07:06:40.309,bitget,ACE/USDT:USDT,0.5924,108.19,0.5923,105.55,0.5931,105.55,0.5932,1774.0
1753600000459,07:06:40.459,bitget,ACE/USDT:USDT,0.5924,106.8,0.5923,105.55,0.5931,105.55,0.5932,1774.0
1753600000610,07:06:40.610,bitget,ACE/USDT:USDT,0.5925,108.19,0.5924,106.8,0.5931,105.55,0.5932,1774.0
1753600000760,07:06:40.760,bitget,ACE/USDT:USDT,0.5925,108.19,0.5924,106.8,0.5931,105.55,0.5932,1774.0
1753600000910,07:06:40.910,bitget,ACE/USDT:USDT,0.5925,108.19,0.5924,106.8,0.5931,105.55,0.5932,1774.0
1753600001060,07:06:41.060,bitget,ACE/USDT:USDT,0.5925,108.19,0.5924,106.8,0.5931,105.55,0.5932,1774.0
1753600001210,07:06:41.210,bitget,ACE/USDT:USDT,0.5925,108.19,0.5924,106.8,0.5931,105.55,0.5932,1774.0
1753600001360,07:06:41.360,bitget,ACE/USDT:USDT,0.5925,108.19,0.5924,106.8,0.5931,105.55,0.5932,1774.0
1753600001510,07:06:41.510,bitget,ACE/USDT:USDT,0.5925,108.19,0.5924,106.8,0.5931,105.55,0.5932,1774.0
1753600001660,07:06:41.660,bitget,ACE/USDT:USDT,0.5925,108.19,0.5924,106.8,0.5931,105.55,0.5932,1774.0
1753600001810,07:06:41.810,bitget,ACE/USDT:USDT,0.5925,108.19,0.5924,106.8,0.5931,105.55,0.5932,1774.0
1753600001960,07:06:41.960,bitget,ACE/USDT:USDT,0.5925,108.19,0.5924,106.8,0.5931,105.55,0.5932,1774.0
1753600002110,07:06:42.110,bitget,ACE/USDT:USDT,0.5925,108.19,0.5924,106.8,0.5931,105.55,0.5932,1774.0
1753600002261,07:06:42.261,bitget,ACE/USDT:USDT,0.5925,108.19,0.5924,106.8,0.5931,105.55,0.5932,1774.0
1753600002411,07:06:42.411,bitget,ACE/USDT:USDT,0.5925,108.19,0.5924,106.8,0.5931,105.55,0.5932,1774.0
1753600002561,07:06:42.561,bitget,ACE/USDT:USDT,0.5925,108.19,0.5924,106.8,0.5931,105.55,0.5932,1774.0
1753600002711,07:06:42.711,bitget,ACE/USDT:USDT,0.5925,108.19,0.5924,106.8,0.5931,105.55,0.5932,1774.0
1753600002861,07:06:42.861,bitget,ACE/USDT:USDT,0.5925,108.19,0.5924,106.8,0.5931,189.85,0.5932,1774.0
1753600003011,07:06:43.011,bitget,ACE/USDT:USDT,0.5925,108.19,0.5924,106.8,0.593,108.19,0.5931,189.85
1753600003161,07:06:43.161,bitget,ACE/USDT:USDT,0.5925,108.19,0.5924,106.8,0.593,108.19,0.5931,189.85
1753600003311,07:06:43.311,bitget,ACE/USDT:USDT,0.5925,108.19,0.5924,106.8,0.593,108.19,0.5931,105.55
1753600003461,07:06:43.461,bitget,ACE/USDT:USDT,0.5925,108.19,0.5924,106.8,0.5931,105.55,0.5932,1774.0
1753600003611,07:06:43.611,bitget,ACE/USDT:USDT,0.5925,108.19,0.5924,106.8,0.5931,105.55,0.5932,1774.0
1753600003761,07:06:43.761,bitget,ACE/USDT:USDT,0.5925,108.19,0.5924,106.8,0.5931,105.55,0.5932,1774.0
1753600003912,07:06:43.912,bitget,ACE/USDT:USDT,0.5925,108.19,0.5924,106.8,0.5931,189.85,0.5932,1774.0
1753600004062,07:06:44.062,bitget,ACE/USDT:USDT,0.5925,108.19,0.5924,106.8,0.593,108.19,0.5931,189.85
1753600004212,07:06:44.212,bitget,ACE/USDT:USDT,0.5925,108.19,0.5924,106.8,0.593,108.19,0.5931,105.55
1753600004362,07:06:44.362,bitget,ACE/USDT:USDT,0.5925,108.19,0.5924,106.8,0.5931,105.55,0.5932,1774.0
1753600004512,07:06:44.512,bitget,ACE/USDT:USDT,0.5925,108.19,0.5924,106.8,0.5931,105.55,0.5932,1774.0
1753600004662,07:06:44.662,bitget,ACE/USDT:USDT,0.5925,108.19,0.5923,105.55,0.5931,105.55,0.5932,1774.0
1753600004812,07:06:44.812,bitget,ACE/USDT:USDT,0.5923,105.55,0.5922,270.6,0.5931,105.55,0.5932,1774.0
1753600004962,07:06:44.962,bitget,ACE/USDT:USDT,0.5923,105.55,0.5922,270.6,0.5931,105.55,0.5932,1774.0
1753600005112,07:06:45.112,bitget,ACE/USDT:USDT,0.5923,105.55,0.5922,270.6,0.5931,105.55,0.5932,1774.0
1753600005263,07:06:45.263,bitget,ACE/USDT:USDT,0.5923,105.55,0.5922,270.6,0.5931,105.55,0.5932,1774.0
1753600005413,07:06:45.413,bitget,ACE/USDT:USDT,0.5923,105.55,0.5922,270.6,0.5931,105.55,0.5932,1774.0
1753600005563,07:06:45.563,bitget,ACE/USDT:USDT,0.5923,105.55,0.5922,270.6,0.5931,105.55,0.5932,1774.0
1753600005713,07:06:45.713,bitget,ACE/USDT:USDT,0.5923,105.55,0.5922,270.6,0.5931,105.55,0.5932,1774.0
1753600005863,07:06:45.863,bitget,ACE/USDT:USDT,0.5923,105.55,0.5922,270.6,0.5931,105.55,0.5932,1774.0
1753600006013,07:06:46.013,bitget,ACE/USDT:USDT,0.5923,105.55,0.5922,270.6,0.5931,105.55,0.5932,1774.0
1753600006163,07:06:46.163,bitget,ACE/USDT:USDT,0.5923,105.55,0.5922,270.6,0.5931,105.55,0.5932,1774.0
1753600006313,07:06:46.313,bitget,ACE/USDT:USDT,0.5923,105.55,0.5922,270.6,0.593,107.84,0.5931,189.85
1753600006463,07:06:46.463,bitget,ACE/USDT:USDT,0.5923,105.55,0.5922,270.6,0.593,107.84,0.5931,105.55
1753600006613,07:06:46.613,bitget,ACE/USDT:USDT,0.5923,105.55,0.5922,270.6,0.5931,105.55,0.5932,1774.0
1753600006763,07:06:46.763,bitget,ACE/USDT:USDT,0.5923,105.55,0.5922,270.6,0.5931,189.85,0.5932,1774.0
1753600006914,07:06:46.914,bitget,ACE/USDT:USDT,0.5923,533.49,0.5922,270.6,0.593,107.84,0.5931,189.85
1753600007064,07:06:47.064,bitget,ACE/USDT:USDT,0.5922,199.15,0.5921,210.74,0.593,198.49,0.5931,448.65
1753600007214,07:06:47.214,bitget,ACE/USDT:USDT,0.5922,199.15,0.5921,107.02,0.5929,107.84,0.593,409.13
1753600007364,07:06:47.364,bitget,ACE/USDT:USDT,0.5921,107.02,0.592,191.41,0.5928,107.84,0.5929,230.58
1753600007514,07:06:47.514,bitget,ACE/USDT:USDT,0.5921,107.02,0.592,191.41,0.5928,145.19,0.5929,321.15
1753600007664,07:06:47.664,bitget,ACE/USDT:USDT,0.5921,107.02,0.592,191.41,0.5927,107.84,0.5928,145.19
1753600007814,07:06:47.814,bitget,ACE/USDT:USDT,0.5921,107.02,0.592,191.41,0.5927,107.84,0.5928,145.19
1753600007964,07:06:47.964,bitget,ACE/USDT:USDT,0.5921,107.02,0.592,191.41,0.5927,107.84,0.5928,145.19
1753600008114,07:06:48.114,bitget,ACE/USDT:USDT,0.5921,107.02,0.592,191.41,0.5927,107.84,0.5928,145.19
1753600008264,07:06:48.264,bitget,ACE/USDT:USDT,0.5921,107.02,0.592,191.41,0.5927,107.84,0.5928,145.19
1753600008414,07:06:48.414,bitget,ACE/USDT:USDT,0.5921,107.02,0.592,191.41,0.5927,107.84,0.5928,145.19
1753600008565,07:06:48.565,bitget,ACE/USDT:USDT,0.5921,107.02,0.592,191.41,0.5927,107.84,0.5928,145.19
1753600008715,07:06:48.715,bitget,ACE/USDT:USDT,0.5921,107.02,0.592,191.41,0.5927,107.84,0.5928,145.19
1753600008865,07:06:48.865,bitget,ACE/USDT:USDT,0.5921,107.02,0.592,191.41,0.5927,107.84,0.5928,145.19
1753600009015,07:06:49.015,bitget,ACE/USDT:USDT,0.5921,107.02,0.592,191.41,0.5927,107.84,0.5928,145.19
1753600009165,07:06:49.165,bitget,ACE/USDT:USDT,0.5921,107.02,0.592,191.41,0.5927,107.84,0.5928,145.19
1753600009315,07:06:49.315,bitget,ACE/USDT:USDT,0.5921,107.02,0.592,191.41,0.5927,107.84,0.5928,145.19
1753600009465,07:06:49.465,bitget,ACE/USDT:USDT,0.5921,107.02,0.592,191.41,0.5927,107.84,0.5928,145.19
1753600009615,07:06:49.615,bitget,ACE/USDT:USDT,0.5921,107.02,0.592,255.37,0.5927,107.84,0.5928,145.19
1753600009765,07:06:49.765,bitget,ACE/USDT:USDT,0.5921,107.02,0.592,255.37,0.5927,107.84,0.5928,145.19
1753600009915,07:06:49.915,bitget,ACE/USDT:USDT,0.5921,107.02,0.592,255.37,0.5927,107.84,0.5928,145.19
1753600010065,07:06:50.065,bitget,ACE/USDT:USDT,0.5921,107.02,0.592,255.37,0.5927,107.84,0.5928,145.19
1753600010215,07:06:50.215,bitget,ACE/USDT:USDT,0.5921,107.02,0.592,255.37,0.5927,107.84,0.5928,145.19
1753600010366,07:06:50.366,bitget,ACE/USDT:USDT,0.5921,107.02,0.592,255.37,0.5927,107.84,0.5928,145.19
1753600010516,07:06:50.516,bitget,ACE/USDT:USDT,0.5921,107.02,0.592,255.37,0.5927,107.84,0.5928,145.19
1753600010666,07:06:50.666,bitget,ACE/USDT:USDT,0.5921,107.02,0.592,255.37,0.5927,107.84,0.5928,145.19
1753600010816,07:06:50.816,bitget,ACE/USDT:USDT,0.5921,107.02,0.592,255.37,0.5927,107.84,0.5928,145.19
1753600010966,07:06:50.966,bitget,ACE/USDT:USDT,0.5921,107.02,0.592,255.37,0.5927,107.84,0.5928,145.19
1753600011116,07:06:51.116,bitget,ACE/USDT:USDT,0.5921,107.02,0.592,255.37,0.5927,107.84,0.5928,145.19
1753600011266,07:06:51.266,bitget,ACE/USDT:USDT,0.5921,107.02,0.592,255.37,0.5927,107.84,0.5928,145.19
1753600011416,07:06:51.416,bitget,ACE/USDT:USDT,0.5921,107.02,0.592,255.37,0.5927,107.84,0.5928,145.19
1753600011566,07:06:51.566,bitget,ACE/USDT:USDT,0.5921,107.02,0.592,255.37,0.5927,107.84,0.5928,145.19
1753600011716,07:06:51.716,bitget,ACE/USDT:USDT,0.5921,107.02,0.592,255.37,0.5927,107.84,0.5928,145.19
1753600011866,07:06:51.866,bitget,ACE/USDT:USDT,0.5921,107.02,0.592,255.37,0.5927,107.84,0.5928,145.19
1753600012017,07:06:52.017,bitget,ACE/USDT:USDT,0.5921,107.02,0.592,255.37,0.5927,107.84,0.5928,145.19
1753600012167,07:06:52.167,bitget,ACE/USDT:USDT,0.5921,107.02,0.592,255.37,0.5927,107.84,0.5928,145.19
1753600012317,07:06:52.317,bitget,ACE/USDT:USDT,0.5921,107.02,0.592,255.37,0.5927,107.84,0.5928,145.19
1753600012467,07:06:52.467,bitget,ACE/USDT:USDT,0.5921,107.02,0.592,255.37,0.5927,107.84,0.5928,145.19
1753600012617,07:06:52.617,bitget,ACE/USDT:USDT,0.5921,107.02,0.592,255.37,0.5927,107.84,0.5928,145.19
1753600012767,07:06:52.767,bitget,ACE/USDT:USDT,0.5921,107.02,0.592,255.37,0.5927,107.84,0.5928,145.19
1753600012917,07:06:52.917,bitget,ACE/USDT:USDT,0.5921,107.02,0.592,255.37,0.5927,107.84,0.5928,145.19
1753600013067,07:06:53.067,bitget,ACE/USDT:USDT,0.5921,107.02,0.592,255.37,0.5927,107.84,0.5928,145.19
1753600013217,07:06:53.217,bitget,ACE/USDT:USDT,0.5921,107.02,0.592,255.37,0.5927,107.84,0.5928,145.19
1753600013367,07:06:53.367,bitget,ACE/USDT:USDT,0.5921,107.02,0.592,255.37,0.5927,107.84,0.5928,145.19
1753600013518,07:06:53.518,bitget,ACE/USDT:USDT,0.5921,107.02,0.592,255.37,0.5927,107.84,0.5928,145.19
1753600013668,07:06:53.668,bitget,ACE/USDT:USDT,0.5921,107.02,0.592,255.37,0.5927,107.84,0.5928,145.19
1753600013818,07:06:53.818,bitget,ACE/USDT:USDT,0.5921,107.02,0.592,255.37,0.5927,107.84,0.5928,145.19
1753600013968,07:06:53.968,bitget,ACE/USDT:USDT,0.5921,107.02,0.592,107.02,0.5927,107.84,0.5928,145.19
1753600014118,07:06:54.118,bitget,ACE/USDT:USDT,0.5921,107.02,0.592,107.02,0.5928,145.19,0.5929,198.41
1753600014268,07:06:54.268,bitget,ACE/USDT:USDT,0.592,240.37,0.5919,425.92,0.5928,107.84,0.5929,107.84
1753600014418,07:06:54.418,bitget,ACE/USDT:USDT,0.5921,107.84,0.592,240.37,0.5929,244.6,0.593,107.84
1753600014568,07:06:54.568,bitget,ACE/USDT:USDT,0.5921,107.84,0.592,240.36,0.5928,107.84,0.5929,107.84
1753600014718,07:06:54.718,bitget,ACE/USDT:USDT,0.5921,107.84,0.592,240.36,0.5929,107.84,0.593,107.84
1753600014868,07:06:54.868,bitget,ACE/USDT:USDT,0.5921,107.84,0.592,240.36,0.593,107.84,0.5931,105.55
1753600015018,07:06:55.018,bitget,ACE/USDT:USDT,0.5921,107.84,0.592,240.36,0.5931,105.55,0.5932,1736.65
1753600015169,07:06:55.169,bitget,ACE/USDT:USDT,0.5921,107.84,0.592,155.97,0.5931,105.55,0.5932,1736.65
1753600015319,07:06:55.319,bitget,ACE/USDT:USDT,0.5921,107.84,0.592,155.97,0.5931,189.85,0.5932,1736.65
1753600015469,07:06:55.469,bitget,ACE/USDT:USDT,0.5921,107.84,0.592,999.71,0.593,240.5,0.5931,590.69
1753600015619,07:06:55.619,bitget,ACE/USDT:USDT,0.5921,382.44,0.592,155.97,0.5929,106.03,0.593,320.59
1753600015769,07:06:55.769,bitget,ACE/USDT:USDT,0.5922,106.03,0.5921,107.84,0.5929,202.21,0.593,320.59
1753600015919,07:06:55.919,bitget,ACE/USDT:USDT,0.5921,107.84,0.592,155.97,0.5928,106.03,0.5929,202.21
1753600016069,07:06:56.069,bitget,ACE/USDT:USDT,0.5921,107.84,0.592,155.97,0.5928,106.03,0.5929,202.21
1753600016219,07:06:56.219,bitget,ACE/USDT:USDT,0.5921,107.84,0.592,155.97,0.5928,106.03,0.5929,202.21
1753600016369,07:06:56.369,bitget,ACE/USDT:USDT,0.5921,107.84,0.592,155.97,0.5928,106.03,0.5929,202.21
1753600016519,07:06:56.519,bitget,ACE/USDT:USDT,0.5921,107.84,0.592,155.97,0.5928,106.03,0.5929,202.21
1753600016820,07:06:56.820,bitget,ACE/USDT:USDT,0.5921,107.84,0.592,155.97,0.5928,106.03,0.5929,106.03
1753600016970,07:06:56.970,bitget,ACE/USDT:USDT,0.5921,107.84,0.592,155.97,0.5929,106.03,0.593,240.5
1753600017120,07:06:57.120,bitget,ACE/USDT:USDT,0.5921,107.84,0.592,155.97,0.5929,106.03,0.593,240.5
1753600017270,07:06:57.270,bitget,ACE/USDT:USDT,0.5921,107.84,0.592,155.97,0.5929,106.03,0.593,240.5
1753600017420,07:06:57.420,bitget,ACE/USDT:USDT,0.5921,107.84,0.592,155.97,0.5929,106.03,0.593,240.5
1753600017570,07:06:57.570,bitget,ACE/USDT:USDT,0.5921,107.84,0.592,155.97,0.5929,106.03,0.593,240.5
1753600017720,07:06:57.720,bitget,ACE/USDT:USDT,0.5921,107.84,0.592,155.97,0.5929,106.03,0.593,240.5
1753600017870,07:06:57.870,bitget,ACE/USDT:USDT,0.5921,107.84,0.592,155.97,0.5929,106.03,0.593,240.5
1753600018020,07:06:58.020,bitget,ACE/USDT:USDT,0.5921,107.84,0.592,155.97,0.5929,106.03,0.593,240.5
1753600018170,07:06:58.170,bitget,ACE/USDT:USDT,0.5921,107.84,0.592,155.97,0.5929,106.03,0.593,240.5
1753600018321,07:06:58.321,bitget,ACE/USDT:USDT,0.5921,107.84,0.592,155.97,0.5929,106.03,0.593,240.5
1753600018471,07:06:58.471,bitget,ACE/USDT:USDT,0.5921,107.84,0.592,155.97,0.5929,106.03,0.593,240.5
1753600018771,07:06:58.771,bitget,ACE/USDT:USDT,0.5921,107.84,0.592,155.97,0.5928,106.03,0.5929,190.36
1753600018921,07:06:58.921,bitget,ACE/USDT:USDT,0.5921,107.84,0.592,155.97,0.5928,106.03,0.5929,190.36
1753600019071,07:06:59.071,bitget,ACE/USDT:USDT,0.5921,107.84,0.592,155.97,0.5928,106.03,0.5929,190.36
1753600019221,07:06:59.221,bitget,ACE/USDT:USDT,0.5921,107.84,0.592,240.37,0.5928,106.03,0.5929,190.36
1753600019371,07:06:59.371,bitget,ACE/USDT:USDT,0.5921,107.84,0.592,240.37,0.5928,106.03,0.5929,190.36
1753600019521,07:06:59.521,bitget,ACE/USDT:USDT,0.5921,107.84,0.592,240.37,0.5928,106.03,0.5929,190.36
1753600019671,07:06:59.671,bitget,ACE/USDT:USDT,0.5921,107.84,0.592,240.37,0.5928,106.03,0.5929,106.03
1753600019822,07:06:59.822,bitget,ACE/USDT:USDT,0.5921,385.02,0.592,240.37,0.5929,106.03,0.593,143.38
1753600019971,07:06:59.971,bitget,ACE/USDT:USDT,0.5926,126.79,0.5925,153.6,0.5932,1631.1,0.5933,109.67
1753600020122,07:07:00.122,bitget,ACE/USDT:USDT,0.5927,106.03,0.5926,526.03,0.5935,236.69,0.5936,109.61
1753600020422,07:07:00.422,bitget,ACE/USDT:USDT,0.5928,106.03,0.5927,190.34,0.5935,109.61,0.5936,109.61
1753600020572,07:07:00.572,bitget,ACE/USDT:USDT,0.5928,106.03,0.5927,190.33,0.5936,109.61,0.5937,253.2
1753600020722,07:07:00.722,bitget,ACE/USDT:USDT,0.5928,106.03,0.5927,106.03,0.5936,109.61,0.5937,253.2
1753600020872,07:07:00.872,bitget,ACE/USDT:USDT,0.5927,106.03,0.5926,144.13,0.5936,109.61,0.5937,253.2
1753600021022,07:07:01.022,bitget,ACE/USDT:USDT,0.5927,106.03,0.5926,144.13,0.5936,109.61,0.5937,253.2
1753600021172,07:07:01.172,bitget,ACE/USDT:USDT,0.5927,106.03,0.5926,144.13,0.5936,172.41,0.5937,253.2
1753600021322,07:07:01.322,bitget,ACE/USDT:USDT,0.5927,106.03,0.5926,133.24,0.5935,106.03,0.5936,444.95
1753600021473,07:07:01.473,bitget,ACE/USDT:USDT,0.5927,106.03,0.5926,133.24,0.5935,239.52,0.5936,444.95
1753600021623,07:07:01.623,bitget,ACE/USDT:USDT,0.5927,106.03,0.5926,48.95,0.5934,106.03,0.5935,239.52
1753600021923,07:07:01.923,bitget,ACE/USDT:USDT,0.5927,106.03,0.5925,95.57,0.5934,506.87,0.5935,106.03
1753600022073,07:07:02.073,bitget,ACE/USDT:USDT,0.5927,106.03,0.5924,106.03,0.5933,258.09,0.5934,506.87
1753600022223,07:07:02.223,bitget,ACE/USDT:USDT,0.5924,106.03,0.5923,84.31,0.5932,106.03,0.5933,258.09
1753600022373,07:07:02.373,bitget,ACE/USDT:USDT,0.5924,106.03,0.5923,147.11,0.5932,106.03,0.5933,258.09
1753600022523,07:07:02.523,bitget,ACE/USDT:USDT,0.5924,106.03,0.5923,62.8,0.5932,106.03,0.5933,258.09
1753600022673,07:07:02.673,bitget,ACE/USDT:USDT,0.5924,106.03,0.5923,62.8,0.5932,106.03,0.5933,258.09
1753600022823,07:07:02.823,bitget,ACE/USDT:USDT,0.5924,106.03,0.5923,62.8,0.5932,106.03,0.5933,258.09
1753600022973,07:07:02.973,bitget,ACE/USDT:USDT,0.5924,106.03,0.5923,62.8,0.5932,168.83,0.5933,320.89
1753600023124,07:07:03.124,bitget,ACE/USDT:USDT,0.5924,106.03,0.5923,62.8,0.5931,106.03,0.5932,168.83
1753600023274,07:07:03.274,bitget,ACE/USDT:USDT,0.5924,506.87,0.5923,147.16,0.5931,106.03,0.5932,168.83
1753600023424,07:07:03.424,bitget,ACE/USDT:USDT,0.5925,190.39,0.5924,506.87,0.5931,106.03,0.5932,168.83
1753600023574,07:07:03.574,bitget,ACE/USDT:USDT,0.5926,106.03,0.5925,190.38,0.5931,106.03,0.5932,168.83
1753600023724,07:07:03.724,bitget,ACE/USDT:USDT,0.5926,106.03,0.5925,190.37,0.5931,106.03,0.5932,168.83
1753600023874,07:07:03.874,bitget,ACE/USDT:USDT,0.5926,106.03,0.5925,190.37,0.5931,106.03,0.5932,168.83
1753600024024,07:07:04.024,bitget,ACE/USDT:USDT,0.5926,106.03,0.5925,190.37,0.5931,106.03,0.5932,168.83
1753600024174,07:07:04.174,bitget,ACE/USDT:USDT,0.5926,106.03,0.5925,190.37,0.5931,106.03,0.5932,168.83
1753600024474,07:07:04.474,bitget,ACE/USDT:USDT,0.5926,106.03,0.5925,190.37,0.5931,106.03,0.5932,168.83
1753600024625,07:07:04.625,bitget,ACE/USDT:USDT,0.5926,106.03,0.5925,106.03,0.5931,106.03,0.5932,168.83
1753600024775,07:07:04.775,bitget,ACE/USDT:USDT,0.5925,106.03,0.5924,106.03,0.5931,106.03,0.5932,168.83
1753600024925,07:07:04.925,bitget,ACE/USDT:USDT,0.5924,106.03,0.5923,62.8,0.5931,106.03,0.5932,168.83
1753600025075,07:07:05.075,bitget,ACE/USDT:USDT,0.5924,479.25,0.5923,62.8,0.5931,106.03,0.5932,168.83
1753600025225,07:07:05.225,bitget,ACE/USDT:USDT,0.5925,190.39,0.5924,479.25,0.5931,106.03,0.5932,168.83
1753600025375,07:07:05.375,bitget,ACE/USDT:USDT,0.5926,106.03,0.5925,190.38,0.5931,106.03,0.5932,168.83
1753600025525,07:07:05.525,bitget,ACE/USDT:USDT,0.5926,106.03,0.5925,190.37,0.5931,106.03,0.5932,168.83
1753600025675,07:07:05.675,bitget,ACE/USDT:USDT,0.5926,106.03,0.5925,190.37,0.5931,106.03,0.5932,168.83
1753600025825,07:07:05.825,bitget,ACE/USDT:USDT,0.5926,106.03,0.5925,190.37,0.5931,106.03,0.5932,168.83
1753600025975,07:07:05.975,bitget,ACE/USDT:USDT,0.5926,106.03,0.5925,190.37,0.5931,106.03,0.5932,168.83
1753600026125,07:07:06.125,bitget,ACE/USDT:USDT,0.5926,106.03,0.5925,190.37,0.5931,106.03,0.5932,168.83
1753600026276,07:07:06.276,bitget,ACE/USDT:USDT,0.5926,106.03,0.5925,106.03,0.5931,106.03,0.5932,240.5
1753600026426,07:07:06.426,bitget,ACE/USDT:USDT,0.5925,106.03,0.5924,106.03,0.5931,106.03,0.5932,281.03
1753600026576,07:07:06.576,bitget,ACE/USDT:USDT,0.5924,106.03,0.5922,206.03,0.5931,106.03,0.5932,321.85
1753600026726,07:07:06.726,bitget,ACE/USDT:USDT,0.5924,106.03,0.5922,206.03,0.5931,106.03,0.5932,321.85
1753600026876,07:07:06.876,bitget,ACE/USDT:USDT,0.5924,106.03,0.5922,206.03,0.5931,202.59,0.5932,365.69
1753600027026,07:07:07.026,bitget,ACE/USDT:USDT,0.5924,106.03,0.5922,206.03,0.593,107.79,0.5931,202.59
1753600027176,07:07:07.176,bitget,ACE/USDT:USDT,0.5924,106.03,0.5922,206.03,0.593,107.79,0.5931,202.59
1753600027326,07:07:07.326,bitget,ACE/USDT:USDT,0.5924,106.03,0.5922,290.39,0.593,107.79,0.5931,106.03
1753600027476,07:07:07.476,bitget,ACE/USDT:USDT,0.5924,106.03,0.5922,290.39,0.5931,106.03,0.5932,240.5
1753600027626,07:07:07.626,bitget,ACE/USDT:USDT,0.5924,106.03,0.5922,290.39,0.5931,106.03,0.5932,240.5
1753600027776,07:07:07.776,bitget,ACE/USDT:USDT,0.5924,106.03,0.5922,290.39,0.5931,106.03,0.5932,240.5
1753600027927,07:07:07.927,bitget,ACE/USDT:USDT,0.5924,106.03,0.5922,290.39,0.5931,106.03,0.5932,240.5
1753600028227,07:07:08.227,bitget,ACE/USDT:USDT,0.5924,106.03,0.5922,290.39,0.5931,106.03,0.5932,240.5
1753600028377,07:07:08.377,bitget,ACE/USDT:USDT,0.5924,106.03,0.5922,290.39,0.5931,106.03,0.5932,240.5
1753600028527,07:07:08.527,bitget,ACE/USDT:USDT,0.5924,106.03,0.5922,290.39,0.5931,106.03,0.5932,240.5
1753600028827,07:07:08.827,bitget,ACE/USDT:USDT,0.5924,106.03,0.5922,290.39,0.5931,106.03,0.5932,240.5
1753600028977,07:07:08.977,bitget,ACE/USDT:USDT,0.5924,106.03,0.5922,290.39,0.5931,106.03,0.5932,314.29
1753600029127,07:07:09.127,bitget,ACE/USDT:USDT,0.5924,106.03,0.5922,290.39,0.5931,200.32,0.5932,314.29
1753600029277,07:07:09.277,bitget,ACE/USDT:USDT,0.5924,106.03,0.5922,290.39,0.593,107.79,0.5931,200.32
1753600029428,07:07:09.428,bitget,ACE/USDT:USDT,0.5924,106.03,0.5922,290.39,0.593,107.79,0.5931,200.32
1753600029578,07:07:09.578,bitget,ACE/USDT:USDT,0.5924,106.03,0.5922,216.28,0.593,107.79,0.5931,200.32
1753600029728,07:07:09.728,bitget,ACE/USDT:USDT,0.5924,106.03,0.5922,216.28,0.593,107.79,0.5931,200.32
1753600029878,07:07:09.878,bitget,ACE/USDT:USDT,0.5924,106.03,0.5922,216.28,0.593,107.79,0.5931,200.32
1753600030028,07:07:10.028,bitget,ACE/USDT:USDT,0.5924,106.03,0.5923,62.8,0.593,107.79,0.5931,200.32
1753600030328,07:07:10.328,bitget,ACE/USDT:USDT,0.5924,106.03,0.5923,62.8,0.593,107.79,0.5931,106.03
1753600030478,07:07:10.478,bitget,ACE/USDT:USDT,0.5924,106.03,0.5923,62.8,0.5931,106.03,0.5932,168.83
1753600030628,07:07:10.628,bitget,ACE/USDT:USDT,0.5924,106.03,0.5923,62.8,0.5931,106.03,0.5932,168.83
1753600030778,07:07:10.778,bitget,ACE/USDT:USDT,0.5924,106.03,0.5923,62.8,0.5931,106.03,0.5932,168.83
1753600030928,07:07:10.928,bitget,ACE/USDT:USDT,0.5924,106.03,0.5923,62.8,0.5931,106.03,0.5932,168.83
1753600031079,07:07:11.079,bitget,ACE/USDT:USDT,0.5924,106.03,0.5923,62.8,0.5931,106.03,0.5932,168.83
1753600031229,07:07:11.229,bitget,ACE/USDT:USDT,0.5924,106.03,0.5923,62.8,0.5931,106.03,0.5932,168.83
1753600031379,07:07:11.379,bitget,ACE/USDT:USDT,0.5924,106.03,0.5923,62.8,0.5931,106.03,0.5932,168.83
1753600031529,07:07:11.529,bitget,ACE/USDT:USDT,0.5924,106.03,0.5923,62.8,0.5931,106.03,0.5932,168.83
1753600031679,07:07:11.679,bitget,ACE/USDT:USDT,0.5924,106.03,0.5923,62.8,0.5931,106.03,0.5932,168.83
1753600031829,07:07:11.829,bitget,ACE/USDT:USDT,0.5924,106.03,0.5923,62.8,0.5931,106.03,0.5932,168.83
1753600031979,07:07:11.979,bitget,ACE/USDT:USDT,0.5924,106.03,0.5923,62.8,0.5931,106.03,0.5932,168.83
1753600032129,07:07:12.129,bitget,ACE/USDT:USDT,0.5924,106.03,0.5923,62.8,0.5931,106.03,0.5932,168.83
1753600032279,07:07:12.279,bitget,ACE/USDT:USDT,0.5924,106.03,0.5923,62.8,0.5931,106.03,0.5932,168.83
1753600032429,07:07:12.429,bitget,ACE/USDT:USDT,0.5924,191.29,0.5923,62.8,0.5931,106.03,0.5932,168.83
1753600032580,07:07:12.580,bitget,ACE/USDT:USDT,0.5925,107.79,0.5924,191.29,0.5931,106.03,0.5932,168.83
1753600032730,07:07:12.730,bitget,ACE/USDT:USDT,0.5925,107.79,0.5924,191.29,0.5931,106.03,0.5932,168.83
1753600032880,07:07:12.880,bitget,ACE/USDT:USDT,0.5925,107.79,0.5924,191.29,0.5931,106.03,0.5932,168.83
1753600033030,07:07:13.030,bitget,ACE/USDT:USDT,0.5925,107.79,0.5924,191.29,0.5931,106.03,0.5932,168.83
1753600033180,07:07:13.180,bitget,ACE/USDT:USDT,0.5925,107.79,0.5924,191.29,0.5931,106.03,0.5932,168.83
1753600033330,07:07:13.330,bitget,ACE/USDT:USDT,0.5925,107.79,0.5924,191.29,0.5931,106.03,0.5932,168.83
1753600033480,07:07:13.480,bitget,ACE/USDT:USDT,0.5925,107.79,0.5924,191.29,0.5931,106.03,0.5932,168.83
1753600033630,07:07:13.630,bitget,ACE/USDT:USDT,0.5925,107.79,0.5924,106.03,0.5931,106.03,0.5932,168.83
1753600033780,07:07:13.780,bitget,ACE/USDT:USDT,0.5924,106.03,0.5923,62.8,0.5931,106.03,0.5932,168.83
1753600033930,07:07:13.930,bitget,ACE/USDT:USDT,0.5924,106.03,0.5923,62.8,0.5931,106.03,0.5932,240.5
1753600034081,07:07:14.081,bitget,ACE/USDT:USDT,0.5924,106.03,0.5923,62.8,0.5931,106.03,0.5932,168.83
1753600034231,07:07:14.231,bitget,ACE/USDT:USDT,0.5924,106.03,0.5923,62.8,0.5931,106.03,0.5932,106.03
1753600034381,07:07:14.381,bitget,ACE/USDT:USDT,0.5924,198.22,0.5923,216.84,0.5932,106.03,0.5933,106.03
1753600034531,07:07:14.531,bitget,ACE/USDT:USDT,0.5925,107.79,0.5924,248.86,0.5933,106.03,0.5934,240.5
1753600034681,07:07:14.681,bitget,ACE/USDT:USDT,0.5925,107.79,0.5924,248.86,0.5933,107.79,0.5934,240.5
1753600034831,07:07:14.831,bitget,ACE/USDT:USDT,0.5925,107.79,0.5924,248.86,0.5933,107.79,0.5934,240.5
1753600034981,07:07:14.981,bitget,ACE/USDT:USDT,0.5925,107.79,0.5924,248.86,0.5933,107.79,0.5934,240.5
1753600035131,07:07:15.131,bitget,ACE/USDT:USDT,0.5925,107.79,0.5924,248.86,0.5933,107.79,0.5934,240.5
1753600035281,07:07:15.281,bitget,ACE/USDT:USDT,0.5925,107.79,0.5924,106.03,0.5933,107.79,0.5934,240.5
1753600035431,07:07:15.431,bitget,ACE/USDT:USDT,0.5924,106.03,0.5923,172.92,0.5933,107.79,0.5934,240.5
1753600035581,07:07:15.581,bitget,ACE/USDT:USDT,0.5924,106.03,0.5923,172.92,0.5933,107.79,0.5934,240.5
1753600035732,07:07:15.732,bitget,ACE/USDT:USDT,0.5924,106.03,0.5923,172.92,0.5933,107.79,0.5934,240.5
1753600035882,07:07:15.882,bitget,ACE/USDT:USDT,0.5924,106.03,0.5923,172.92,0.5933,107.79,0.5934,240.5
1753600036032,07:07:16.032,bitget,ACE/USDT:USDT,0.5924,106.03,0.5923,172.92,0.5933,107.79,0.5934,240.5
1753600036182,07:07:16.182,bitget,ACE/USDT:USDT,0.5924,106.03,0.5923,172.92,0.5933,107.79,0.5934,240.5
1753600036332,07:07:16.332,bitget,ACE/USDT:USDT,0.5925,389.96,0.5924,949.41,0.5933,107.79,0.5934,240.5
1753600036482,07:07:16.482,bitget,ACE/USDT:USDT,0.5926,189.48,0.5925,305.62,0.5933,107.79,0.5934,240.5
1753600036632,07:07:16.632,bitget,ACE/USDT:USDT,0.5927,105.14,0.5926,189.47,0.5933,107.79,0.5934,240.5
1753600036782,07:07:16.782,bitget,ACE/USDT:USDT,0.5927,105.14,0.5926,189.46,0.5933,107.79,0.5934,240.5
1753600036932,07:07:16.932,bitget,ACE/USDT:USDT,0.5927,105.14,0.5926,189.46,0.5933,107.79,0.5934,240.5
1753600037082,07:07:17.082,bitget,ACE/USDT:USDT,0.5927,105.14,0.5926,189.46,0.5933,107.79,0.5934,240.5
1753600037533,07:07:17.533,bitget,ACE/USDT:USDT,0.5927,105.14,0.5926,189.46,0.5933,107.79,0.5934,281.02
1753600037683,07:07:17.683,bitget,ACE/USDT:USDT,0.5927,105.14,0.5926,105.14,0.5933,107.79,0.5934,281.02
1753600037833,07:07:17.833,bitget,ACE/USDT:USDT,0.5926,105.14,0.5925,305.62,0.5933,107.79,0.5934,281.02
1753600037983,07:07:17.983,bitget,ACE/USDT:USDT,0.5926,105.14,0.5925,305.62,0.5933,107.79,0.5934,281.02
1753600038133,07:07:18.133,bitget,ACE/USDT:USDT,0.5926,105.14,0.5925,105.14,0.5933,107.79,0.5934,281.02
1753600038283,07:07:18.283,bitget,ACE/USDT:USDT,0.5925,105.14,0.5924,106.03,0.5933,107.79,0.5934,257.11
1753600038433,07:07:18.433,bitget,ACE/USDT:USDT,0.5924,106.03,0.5923,211.26,0.5933,107.79,0.5934,257.11
1753600038583,07:07:18.583,bitget,ACE/USDT:USDT,0.5924,106.03,0.5923,211.26,0.5933,107.79,0.5934,257.11
1753600038733,07:07:18.733,bitget,ACE/USDT:USDT,0.5924,106.03,0.5923,211.26,0.5933,107.79,0.5934,257.11
1753600038883,07:07:18.883,bitget,ACE/USDT:USDT,0.5924,106.03,0.5923,211.26,0.5933,107.79,0.5934,257.11
1753600039034,07:07:19.034,bitget,ACE/USDT:USDT,0.5924,949.41,0.5923,211.26,0.5933,107.79,0.5934,281.02
1753600039184,07:07:19.184,bitget,ACE/USDT:USDT,0.5926,189.48,0.5925,305.62,0.5933,107.79,0.5934,281.02
1753600039334,07:07:19.334,bitget,ACE/USDT:USDT,0.5927,105.14,0.5926,189.47,0.5933,107.79,0.5934,281.02
1753600039484,07:07:19.484,bitget,ACE/USDT:USDT,0.5927,105.14,0.5926,189.46,0.5933,107.79,0.5934,281.02
1753600039634,07:07:19.634,bitget,ACE/USDT:USDT,0.5927,105.14,0.5926,189.46,0.5933,107.79,0.5934,281.02
1753600039784,07:07:19.784,bitget,ACE/USDT:USDT,0.5927,105.14,0.5926,105.14,0.5933,107.79,0.5934,257.11
1753600039934,07:07:19.934,bitget,ACE/USDT:USDT,0.5926,105.14,0.5925,305.62,0.5933,107.79,0.5934,240.5
1753600040084,07:07:20.084,bitget,ACE/USDT:USDT,0.5926,105.14,0.5925,305.62,0.5933,107.79,0.5934,240.5
1753600040234,07:07:20.234,bitget,ACE/USDT:USDT,0.5926,105.14,0.5925,305.62,0.5933,107.79,0.5934,240.5
1753600040384,07:07:20.384,bitget,ACE/USDT:USDT,0.5926,105.14,0.5925,305.62,0.5933,107.79,0.5934,240.5
1753600040535,07:07:20.535,bitget,ACE/USDT:USDT,0.5926,105.14,0.5925,305.62,0.5933,107.79,0.5934,240.5
1753600040685,07:07:20.685,bitget,ACE/USDT:USDT,0.5926,105.14,0.5925,305.62,0.5933,107.79,0.5934,240.5
1753600040835,07:07:20.835,bitget,ACE/USDT:USDT,0.5926,105.14,0.5925,305.62,0.5933,107.79,0.5934,240.5
1753600040985,07:07:20.985,bitget,ACE/USDT:USDT,0.5926,105.14,0.5925,305.62,0.5933,107.79,0.5934,240.5
1753600041135,07:07:21.135,bitget,ACE/USDT:USDT,0.5926,105.14,0.5925,305.62,0.5933,107.79,0.5934,240.5
1753600041285,07:07:21.285,bitget,ACE/USDT:USDT,0.5926,105.14,0.5925,305.62,0.5933,107.79,0.5934,240.5
1753600041435,07:07:21.435,bitget,ACE/USDT:USDT,0.5926,105.14,0.5925,305.62,0.5933,107.79,0.5934,240.5
1753600041585,07:07:21.585,bitget,ACE/USDT:USDT,0.5926,105.14,0.5925,305.62,0.5933,107.79,0.5934,240.5
1753600041885,07:07:21.885,bitget,ACE/USDT:USDT,0.5926,105.14,0.5925,305.62,0.5933,107.79,0.5934,240.5
1753600042186,07:07:22.186,bitget,ACE/USDT:USDT,0.5926,105.14,0.5925,305.62,0.5933,107.79,0.5934,240.5
1753600042486,07:07:22.486,bitget,ACE/USDT:USDT,0.5926,105.14,0.5925,305.62,0.5933,107.79,0.5934,240.5
1753600042636,07:07:22.636,bitget,ACE/USDT:USDT,0.5926,105.14,0.5925,305.62,0.5933,107.79,0.5934,240.5
1753600042786,07:07:22.786,bitget,ACE/USDT:USDT,0.5926,105.14,0.5925,305.62,0.5933,107.79,0.5934,240.5
1753600042936,07:07:22.936,bitget,ACE/USDT:USDT,0.5926,105.14,0.5925,305.62,0.5933,107.79,0.5934,240.5
1753600043086,07:07:23.086,bitget,ACE/USDT:USDT,0.5926,105.14,0.5925,305.62,0.5933,107.79,0.5934,257.15
1753600043236,07:07:23.236,bitget,ACE/USDT:USDT,0.5926,105.14,0.5925,305.62,0.5933,107.79,0.5934,257.15
1753600043386,07:07:23.386,bitget,ACE/USDT:USDT,0.5926,105.14,0.5925,305.62,0.5933,107.79,0.5934,257.15
1753600043536,07:07:23.536,bitget,ACE/USDT:USDT,0.5926,105.14,0.5925,305.62,0.5933,107.79,0.5934,257.15
1753600043687,07:07:23.687,bitget,ACE/USDT:USDT,0.5926,105.14,0.5925,305.62,0.5933,107.79,0.5934,257.15
1753600043837,07:07:23.837,bitget,ACE/USDT:USDT,0.5926,105.14,0.5925,305.62,0.5933,107.79,0.5934,257.15
1753600043987,07:07:23.987,bitget,ACE/USDT:USDT,0.5926,105.14,0.5925,305.62,0.5933,107.79,0.5934,257.15
1753600044137,07:07:24.137,bitget,ACE/USDT:USDT,0.5926,105.14,0.5925,305.62,0.5933,107.79,0.5934,257.15
1753600044287,07:07:24.287,bitget,ACE/USDT:USDT,0.5926,105.14,0.5925,305.62,0.5933,107.79,0.5934,257.15
1753600044437,07:07:24.437,bitget,ACE/USDT:USDT,0.5926,105.14,0.5925,305.62,0.5933,107.79,0.5934,257.15
1753600044587,07:07:24.587,bitget,ACE/USDT:USDT,0.5926,105.14,0.5925,305.62,0.5933,107.79,0.5934,257.15
1753600044737,07:07:24.737,bitget,ACE/USDT:USDT,0.5926,105.14,0.5925,305.62,0.5933,107.79,0.5934,257.15
1753600044887,07:07:24.887,bitget,ACE/USDT:USDT,0.5926,105.14,0.5925,305.62,0.5933,107.79,0.5934,257.15
1753600045037,07:07:25.037,bitget,ACE/USDT:USDT,0.5926,105.14,0.5925,305.62,0.5933,107.79,0.5934,257.15
1753600045188,07:07:25.188,bitget,ACE/USDT:USDT,0.5926,105.14,0.5925,305.62,0.5933,107.79,0.5934,257.15
1753600045338,07:07:25.338,bitget,ACE/USDT:USDT,0.5926,105.14,0.5925,305.62,0.5933,107.79,0.5934,257.15
1753600045488,07:07:25.488,bitget,ACE/USDT:USDT,0.5926,105.14,0.5925,305.62,0.5933,107.79,0.5934,257.15
1753600045638,07:07:25.638,bitget,ACE/USDT:USDT,0.5926,105.14,0.5925,305.62,0.5933,107.79,0.5934,257.15
1753600045788,07:07:25.788,bitget,ACE/USDT:USDT,0.5926,105.14,0.5925,305.62,0.5933,107.79,0.5934,257.15
1753600045938,07:07:25.938,bitget,ACE/USDT:USDT,0.5926,105.14,0.5925,305.62,0.5933,107.79,0.5934,257.15
1753600046088,07:07:26.088,bitget,ACE/USDT:USDT,0.5926,105.14,0.5925,305.62,0.5933,107.79,0.5934,257.15
1753600046238,07:07:26.238,bitget,ACE/USDT:USDT,0.5926,105.14,0.5925,305.62,0.5933,107.79,0.5934,257.15
1753600046388,07:07:26.388,bitget,ACE/USDT:USDT,0.5926,105.14,0.5925,305.62,0.5933,107.79,0.5934,257.15
1753600046538,07:07:26.538,bitget,ACE/USDT:USDT,0.5926,105.14,0.5925,305.62,0.5933,107.79,0.5934,257.15
1753600046688,07:07:26.688,bitget,ACE/USDT:USDT,0.5926,105.14,0.5925,305.62,0.5932,109.55,0.5933,192.06
1753600046839,07:07:26.839,bitget,ACE/USDT:USDT,0.5926,105.14,0.5925,305.62,0.5932,109.55,0.5933,107.79
1753600046989,07:07:26.989,bitget,ACE/USDT:USDT,0.5926,105.14,0.5925,305.62,0.5933,107.79,0.5934,257.15
1753600047139,07:07:27.139,bitget,ACE/USDT:USDT,0.5926,105.14,0.5925,305.62,0.5933,107.79,0.5934,257.15
1753600047289,07:07:27.289,bitget,ACE/USDT:USDT,0.5926,105.14,0.5925,305.62,0.5933,107.79,0.5934,257.15
1753600047439,07:07:27.439,bitget,ACE/USDT:USDT,0.5926,105.14,0.5925,305.62,0.5933,107.79,0.5934,257.15
1753600047589,07:07:27.589,bitget,ACE/USDT:USDT,0.5926,105.14,0.5925,305.62,0.5933,107.79,0.5934,257.15
1753600047739,07:07:27.739,bitget,ACE/USDT:USDT,0.5926,105.14,0.5925,305.62,0.5933,107.79,0.5934,291.65
1753600047889,07:07:27.889,bitget,ACE/USDT:USDT,0.5926,105.14,0.5925,305.62,0.5933,107.79,0.5934,291.65
1753600048189,07:07:28.189,bitget,ACE/USDT:USDT,0.5926,105.14,0.5925,305.62,0.5933,107.79,0.5934,291.65
1753600048339,07:07:28.339,bitget,ACE/USDT:USDT,0.5926,105.14,0.5925,305.62,0.5933,107.79,0.5934,291.65
1753600048490,07:07:28.490,bitget,ACE/USDT:USDT,0.5926,105.14,0.5925,305.62,0.5933,107.79,0.5934,291.65
1753600048640,07:07:28.640,bitget,ACE/USDT:USDT,0.5926,105.14,0.5925,305.62,0.5933,107.79,0.5934,291.65
1753600048790,07:07:28.790,bitget,ACE/USDT:USDT,0.5926,105.14,0.5925,305.62,0.5933,192.06,0.5934,291.65
1753600048940,07:07:28.940,bitget,ACE/USDT:USDT,0.5926,105.14,0.5925,305.62,0.5932,109.55,0.5933,192.06
1753600049090,07:07:29.090,bitget,ACE/USDT:USDT,0.5926,105.14,0.5925,305.62,0.5932,109.55,0.5933,107.79
1753600049240,07:07:29.240,bitget,ACE/USDT:USDT,0.5926,105.14,0.5925,305.62,0.5933,107.79,0.5934,291.65
1753600049390,07:07:29.390,bitget,ACE/USDT:USDT,0.5926,105.14,0.5925,305.62,0.5933,107.79,0.5934,291.65
1753600049540,07:07:29.540,bitget,ACE/USDT:USDT,0.5926,105.14,0.5925,305.62,0.5933,107.79,0.5934,291.65
1753600049690,07:07:29.690,bitget,ACE/USDT:USDT,0.5926,105.14,0.5925,305.62,0.5933,107.79,0.5934,291.65
1753600049840,07:07:29.840,bitget,ACE/USDT:USDT,0.5926,105.14,0.5925,305.62,0.5933,107.79,0.5934,291.65
1753600049991,07:07:29.991,bitget,ACE/USDT:USDT,0.5926,105.14,0.5925,305.62,0.5933,107.79,0.5934,291.65
1753600050141,07:07:30.141,bitget,ACE/USDT:USDT,0.5926,105.14,0.5925,305.62,0.5933,107.79,0.5934,291.65
1753600050291,07:07:30.291,bitget,ACE/USDT:USDT,0.5926,105.14,0.5925,305.62,0.5933,107.79,0.5934,291.65
1753600050441,07:07:30.441,bitget,ACE/USDT:USDT,0.5926,105.14,0.5925,105.14,0.5933,329.49,0.5934,257.15
1753600050591,07:07:30.591,bitget,ACE/USDT:USDT,0.5924,106.03,0.5923,244.93,0.5931,109.55,0.5932,208.4
1753600050741,07:07:30.741,bitget,ACE/USDT:USDT,0.5924,106.03,0.5923,244.93,0.5931,109.55,0.5932,208.4
1753600050891,07:07:30.891,bitget,ACE/USDT:USDT,0.5924,506.87,0.5923,244.93,0.5931,109.55,0.5932,208.4
1753600051041,07:07:31.041,bitget,ACE/USDT:USDT,0.5925,193.91,0.5924,506.87,0.5931,109.55,0.5932,109.55
1753600051191,07:07:31.191,bitget,ACE/USDT:USDT,0.5926,109.55,0.5925,193.9,0.5933,107.79,0.5934,257.15
1753600051341,07:07:31.341,bitget,ACE/USDT:USDT,0.5926,109.55,0.5925,193.88,0.5933,107.79,0.5934,257.15
1753600051491,07:07:31.491,bitget,ACE/USDT:USDT,0.5926,109.55,0.5925,193.88,0.5933,107.79,0.5934,257.15
1753600051641,07:07:31.641,bitget,ACE/USDT:USDT,0.5926,109.55,0.5925,193.88,0.5933,107.79,0.5934,257.15
1753600051792,07:07:31.792,bitget,ACE/USDT:USDT,0.5926,109.55,0.5925,193.88,0.5933,107.79,0.5934,257.15
1753600051942,07:07:31.942,bitget,ACE/USDT:USDT,0.5926,109.55,0.5925,193.88,0.5933,107.79,0.5934,257.15
1753600052092,07:07:32.092,bitget,ACE/USDT:USDT,0.5926,109.55,0.5925,193.88,0.5932,16.87,0.5933,107.79
1753600052242,07:07:32.242,bitget,ACE/USDT:USDT,0.5926,109.55,0.5925,193.88,0.5931,109.55,0.5932,16.87
1753600052392,07:07:32.392,bitget,ACE/USDT:USDT,0.5926,109.55,0.5925,193.88,0.5931,109.55,0.5932,16.87
1753600052542,07:07:32.542,bitget,ACE/USDT:USDT,0.5926,109.55,0.5925,193.88,0.5931,109.55,0.5933,107.79
1753600052692,07:07:32.692,bitget,ACE/USDT:USDT,0.5926,109.55,0.5925,193.88,0.5933,107.79,0.5934,255.88
1753600052842,07:07:32.842,bitget,ACE/USDT:USDT,0.5926,109.55,0.5925,193.88,0.5933,107.79,0.5934,255.88
1753600052992,07:07:32.992,bitget,ACE/USDT:USDT,0.5926,109.55,0.5925,193.88,0.5933,107.79,0.5934,168.83
1753600053142,07:07:33.142,bitget,ACE/USDT:USDT,0.5926,109.55,0.5925,193.88,0.5933,107.79,0.5934,168.83
1753600053292,07:07:33.292,bitget,ACE/USDT:USDT,0.5926,109.55,0.5925,193.88,0.5933,107.79,0.5934,168.83
1753600053443,07:07:33.443,bitget,ACE/USDT:USDT,0.5926,109.55,0.5925,193.88,0.5933,107.79,0.5934,168.83
1753600053593,07:07:33.593,bitget,ACE/USDT:USDT,0.5926,109.55,0.5925,193.88,0.5933,107.79,0.5934,255.88
1753600053743,07:07:33.743,bitget,ACE/USDT:USDT,0.5926,109.55,0.5925,193.88,0.5933,107.79,0.5934,255.88
1753600053893,07:07:33.893,bitget,ACE/USDT:USDT,0.5926,109.55,0.5925,193.88,0.5933,107.79,0.5934,255.88
1753600054043,07:07:34.043,bitget,ACE/USDT:USDT,0.5926,109.55,0.5925,193.88,0.5933,107.79,0.5934,255.88
1753600054193,07:07:34.193,bitget,ACE/USDT:USDT,0.5926,109.55,0.5925,193.88,0.5933,107.79,0.5934,255.88
1753600054343,07:07:34.343,bitget,ACE/USDT:USDT,0.5926,109.55,0.5925,193.88,0.5933,107.79,0.5934,255.88
1753600054493,07:07:34.493,bitget,ACE/USDT:USDT,0.5926,109.55,0.5925,193.88,0.5933,107.79,0.5934,255.88
1753600054643,07:07:34.643,bitget,ACE/USDT:USDT,0.5926,109.55,0.5925,193.88,0.5933,107.79,0.5934,255.88
1753600054793,07:07:34.793,bitget,ACE/USDT:USDT,0.5926,109.55,0.5925,193.88,0.5933,107.79,0.5934,255.88
1753600054944,07:07:34.944,bitget,ACE/USDT:USDT,0.5926,109.55,0.5925,193.88,0.5933,107.79,0.5934,255.88
1753600055094,07:07:35.094,bitget,ACE/USDT:USDT,0.5926,109.55,0.5925,193.88,0.5933,107.79,0.5934,255.88
1753600055244,07:07:35.244,bitget,ACE/USDT:USDT,0.5926,109.55,0.5925,193.88,0.5933,107.79,0.5934,255.88
1753600055394,07:07:35.394,bitget,ACE/USDT:USDT,0.5926,109.55,0.5925,193.88,0.5933,107.79,0.5934,255.88
1753600055544,07:07:35.544,bitget,ACE/USDT:USDT,0.5926,109.55,0.5925,193.88,0.5933,107.79,0.5934,255.88
1753600055694,07:07:35.694,bitget,ACE/USDT:USDT,0.5926,109.55,0.5925,193.88,0.5933,107.79,0.5934,255.88
1753600055844,07:07:35.844,bitget,ACE/USDT:USDT,0.5926,109.55,0.5925,193.88,0.5933,107.79,0.5934,255.88
1753600055994,07:07:35.994,bitget,ACE/USDT:USDT,0.5926,109.55,0.5925,193.88,0.5933,107.79,0.5934,255.88
1753600056144,07:07:36.144,bitget,ACE/USDT:USDT,0.5926,109.55,0.5925,193.88,0.5933,107.79,0.5934,255.88
1753600056294,07:07:36.294,bitget,ACE/USDT:USDT,0.5926,109.55,0.5925,193.88,0.5933,107.79,0.5934,255.88
1753600056444,07:07:36.444,bitget,ACE/USDT:USDT,0.5926,109.55,0.5925,193.88,0.5933,107.79,0.5934,255.88
1753600056595,07:07:36.595,bitget,ACE/USDT:USDT,0.5926,109.55,0.5925,193.88,0.5933,107.79,0.5934,255.88
1753600056745,07:07:36.745,bitget,ACE/USDT:USDT,0.5926,109.55,0.5925,193.88,0.5933,107.79,0.5934,255.88
1753600056895,07:07:36.895,bitget,ACE/USDT:USDT,0.5926,109.55,0.5925,193.88,0.5933,107.79,0.5934,255.88
1753600057045,07:07:37.045,bitget,ACE/USDT:USDT,0.5926,109.55,0.5925,193.88,0.5933,107.79,0.5934,255.88
1753600057195,07:07:37.195,bitget,ACE/USDT:USDT,0.5926,510.39,0.5925,193.88,0.5933,107.79,0.5934,255.88
1753600057345,07:07:37.345,bitget,ACE/USDT:USDT,0.5927,193.77,0.5926,510.39,0.5933,107.79,0.5934,193.08
1753600057495,07:07:37.495,bitget,ACE/USDT:USDT,0.5928,109.44,0.5927,239.99,0.5933,107.79,0.5934,106.03
1753600057645,07:07:37.645,bitget,ACE/USDT:USDT,0.5928,109.44,0.5927,332.73,0.5934,106.03,0.5935,106.03
1753600057795,07:07:37.795,bitget,ACE/USDT:USDT,0.5928,193.75,0.5927,248.42,0.5935,106.03,0.5936,209.61
1753600057945,07:07:37.945,bitget,ACE/USDT:USDT,0.5929,109.44,0.5928,193.74,0.5935,106.03,0.5936,209.61
1753600058095,07:07:38.095,bitget,ACE/USDT:USDT,0.5929,109.44,0.5928,109.44,0.5935,190.28,0.5936,209.61
1753600058246,07:07:38.246,bitget,ACE/USDT:USDT,0.5928,109.44,0.5927,248.42,0.5934,109.44,0.5935,190.28
1753600058396,07:07:38.396,bitget,ACE/USDT:USDT,0.5928,109.44,0.5927,248.42,0.5934,109.44,0.5935,106.03
1753600058546,07:07:38.546,bitget,ACE/USDT:USDT,0.5928,109.44,0.5927,248.42,0.5935,106.03,0.5936,209.61
1753600058696,07:07:38.696,bitget,ACE/USDT:USDT,0.5928,109.44,0.5927,248.42,0.5935,106.03,0.5936,209.61
1753600058846,07:07:38.846,bitget,ACE/USDT:USDT,0.5928,109.44,0.5927,248.42,0.5935,106.03,0.5936,209.61
1753600058996,07:07:38.996,bitget,ACE/USDT:USDT,0.5928,109.44,0.5927,248.42,0.5935,190.28,0.5936,209.61
1753600059296,07:07:39.296,bitget,ACE/USDT:USDT,0.5928,109.44,0.5927,248.42,0.5934,109.44,0.5935,106.03
1753600059446,07:07:39.446,bitget,ACE/USDT:USDT,0.5928,109.44,0.5927,248.42,0.5935,106.03,0.5936,209.61
1753600059596,07:07:39.596,bitget,ACE/USDT:USDT,0.5928,109.44,0.5927,248.42,0.5935,106.03,0.5936,209.61
1753600059747,07:07:39.747,bitget,ACE/USDT:USDT,0.5928,109.44,0.5927,248.42,0.5935,106.03,0.5936,209.61
1753600059897,07:07:39.897,bitget,ACE/USDT:USDT,0.5928,109.44,0.5927,248.42,0.5935,106.03,0.5936,209.61
1753600060047,07:07:40.047,bitget,ACE/USDT:USDT,0.5928,109.44,0.5927,248.42,0.5935,106.03,0.5936,209.61
1753600060197,07:07:40.197,bitget,ACE/USDT:USDT,0.5928,109.44,0.5927,248.42,0.5935,106.03,0.5936,209.61
1753600060347,07:07:40.347,bitget,ACE/USDT:USDT,0.5928,109.44,0.5927,248.42,0.5935,190.28,0.5936,273.29
1753600060497,07:07:40.497,bitget,ACE/USDT:USDT,0.5928,109.44,0.5927,155.67,0.5934,109.44,0.5935,190.28
1753600060647,07:07:40.647,bitget,ACE/USDT:USDT,0.5928,109.44,0.5927,155.67,0.5934,109.44,0.5935,106.03
1753600060797,07:07:40.797,bitget,ACE/USDT:USDT,0.5928,109.44,0.5927,155.67,0.5935,106.03,0.5936,273.29
1753600060947,07:07:40.947,bitget,ACE/USDT:USDT,0.5928,109.44,0.5927,155.67,0.5935,106.03,0.5936,273.29
1753600061097,07:07:41.097,bitget,ACE/USDT:USDT,0.5928,109.44,0.5927,155.67,0.5935,106.03,0.5936,273.29
1753600061247,07:07:41.247,bitget,ACE/USDT:USDT,0.5928,109.44,0.5927,155.67,0.5935,106.03,0.5936,273.29
1753600061398,07:07:41.398,bitget,ACE/USDT:USDT,0.5928,109.44,0.5927,155.67,0.5935,106.03,0.5936,273.29
1753600061548,07:07:41.548,bitget,ACE/USDT:USDT,0.5928,109.44,0.5927,155.67,0.5935,106.03,0.5936,273.29
1753600061848,07:07:41.848,bitget,ACE/USDT:USDT,0.5928,109.44,0.5927,155.67,0.5935,106.03,0.5936,273.29
1753600061998,07:07:41.998,bitget,ACE/USDT:USDT,0.5928,109.44,0.5927,155.67,0.5935,106.03,0.5936,273.29
1753600062148,07:07:42.148,bitget,ACE/USDT:USDT,0.5928,109.44,0.5927,155.67,0.5935,106.03,0.5936,273.29
1753600062298,07:07:42.298,bitget,ACE/USDT:USDT,0.5928,109.44,0.5927,155.67,0.5935,106.03,0.5936,273.29
1753600062448,07:07:42.448,bitget,ACE/USDT:USDT,0.5928,109.44,0.5927,155.67,0.5935,190.28,0.5936,273.29
1753600062598,07:07:42.598,bitget,ACE/USDT:USDT,0.5928,109.44,0.5927,155.67,0.5934,109.44,0.5935,190.28
1753600062748,07:07:42.748,bitget,ACE/USDT:USDT,0.5928,109.44,0.5927,155.67,0.5934,109.44,0.5935,106.03
1753600062898,07:07:42.898,bitget,ACE/USDT:USDT,0.5928,109.44,0.5927,155.67,0.5935,106.03,0.5936,273.29
1753600063049,07:07:43.049,bitget,ACE/USDT:USDT,0.5928,109.44,0.5927,155.67,0.5935,190.28,0.5936,273.29
1753600063199,07:07:43.199,bitget,ACE/USDT:USDT,0.5928,109.44,0.5927,155.67,0.5934,109.44,0.5935,190.28
1753600063349,07:07:43.349,bitget,ACE/USDT:USDT,0.5928,109.44,0.5927,155.67,0.5934,109.44,0.5935,106.03
1753600063499,07:07:43.499,bitget,ACE/USDT:USDT,0.5928,109.44,0.5927,155.67,0.5935,106.03,0.5936,273.29
1753600063649,07:07:43.649,bitget,ACE/USDT:USDT,0.5928,109.44,0.5927,155.67,0.5935,190.28,0.5936,273.29
1753600063799,07:07:43.799,bitget,ACE/USDT:USDT,0.5928,109.44,0.5927,155.67,0.5934,109.44,0.5935,190.28
1753600063949,07:07:43.949,bitget,ACE/USDT:USDT,0.5928,109.44,0.5927,155.67,0.5934,109.44,0.5935,106.03
1753600064099,07:07:44.099,bitget,ACE/USDT:USDT,0.5928,109.44,0.5927,155.67,0.5935,106.03,0.5936,273.29
1753600064249,07:07:44.249,bitget,ACE/USDT:USDT,0.5928,109.44,0.5927,155.67,0.5935,190.28,0.5936,273.29
1753600064399,07:07:44.399,bitget,ACE/USDT:USDT,0.5928,109.44,0.5927,155.67,0.5934,63.32,0.5935,190.28
1753600064549,07:07:44.549,bitget,ACE/USDT:USDT,0.5928,109.44,0.5927,155.67,0.5934,63.32,0.5935,106.03
1753600064700,07:07:44.700,bitget,ACE/USDT:USDT,0.5928,109.44,0.5927,155.67,0.5935,106.03,0.5936,273.29
1753600064850,07:07:44.850,bitget,ACE/USDT:USDT,0.5928,109.44,0.5927,155.67,0.5935,106.03,0.5936,273.29
1753600065000,07:07:45.000,bitget,ACE/USDT:USDT,0.5928,109.44,0.5927,155.67,0.5935,106.03,0.5936,273.29
1753600065150,07:07:45.150,bitget,ACE/USDT:USDT,0.5928,109.44,0.5927,155.67,0.5935,106.03,0.5936,273.29
1753600065300,07:07:45.300,bitget,ACE/USDT:USDT,0.5928,109.44,0.5927,155.67,0.5935,106.03,0.5936,273.29
1753600065450,07:07:45.450,bitget,ACE/USDT:USDT,0.5928,109.44,0.5927,155.67,0.5935,106.03,0.5936,273.29
1753600065600,07:07:45.600,bitget,ACE/USDT:USDT,0.5928,109.44,0.5927,155.67,0.5935,106.03,0.5936,273.29
1753600065750,07:07:45.750,bitget,ACE/USDT:USDT,0.5928,109.44,0.5927,155.67,0.5935,106.03,0.5936,273.29
1753600065900,07:07:45.900,bitget,ACE/USDT:USDT,0.5928,109.44,0.5927,155.67,0.5935,106.03,0.5936,273.29
1753600066050,07:07:46.050,bitget,ACE/USDT:USDT,0.5928,109.44,0.5927,155.67,0.5935,106.03,0.5936,273.29
1753600066200,07:07:46.200,bitget,ACE/USDT:USDT,0.5928,109.44,0.5927,155.67,0.5935,106.03,0.5936,273.29
1753600066351,07:07:46.351,bitget,ACE/USDT:USDT,0.5928,109.44,0.5927,155.67,0.5935,106.03,0.5936,273.29
1753600066501,07:07:46.501,bitget,ACE/USDT:USDT,0.5928,109.44,0.5927,155.67,0.5935,106.03,0.5936,273.29
1753600066651,07:07:46.651,bitget,ACE/USDT:USDT,0.5928,109.44,0.5927,155.67,0.5935,106.03,0.5936,273.29
1753600066801,07:07:46.801,bitget,ACE/USDT:USDT,0.5928,109.44,0.5927,155.67,0.5935,106.03,0.5936,273.29
1753600066951,07:07:46.951,bitget,ACE/USDT:USDT,0.5928,109.44,0.5927,155.67,0.5935,106.03,0.5936,273.29
1753600067101,07:07:47.101,bitget,ACE/USDT:USDT,0.5928,109.44,0.5927,155.67,0.5935,106.03,0.5936,273.29
1753600067251,07:07:47.251,bitget,ACE/USDT:USDT,0.5928,109.44,0.5927,155.67,0.5935,106.03,0.5936,273.29
1753600067401,07:07:47.401,bitget,ACE/USDT:USDT,0.5928,109.44,0.5927,155.67,0.5935,106.03,0.5936,273.29
1753600067551,07:07:47.551,bitget,ACE/USDT:USDT,0.5928,109.44,0.5927,155.67,0.5935,106.03,0.5936,273.29
1753600067701,07:07:47.701,bitget,ACE/USDT:USDT,0.5928,109.44,0.5927,155.67,0.5934,109.53,0.5935,190.28
1753600067852,07:07:47.852,bitget,ACE/USDT:USDT,0.5928,109.44,0.5927,155.67,0.5934,109.53,0.5935,106.03
1753600068002,07:07:48.002,bitget,ACE/USDT:USDT,0.5928,109.44,0.5927,155.67,0.5935,106.03,0.5936,273.29
1753600068152,07:07:48.152,bitget,ACE/USDT:USDT,0.5928,109.44,0.5927,155.67,0.5935,106.03,0.5936,273.29
1753600068452,07:07:48.452,bitget,ACE/USDT:USDT,0.5928,109.44,0.5927,155.67,0.5935,106.03,0.5936,273.29
1753600068602,07:07:48.602,bitget,ACE/USDT:USDT,0.5928,109.44,0.5927,155.67,0.5935,106.03,0.5936,273.29
1753600068752,07:07:48.752,bitget,ACE/USDT:USDT,0.5928,109.44,0.5927,155.67,0.5935,106.03,0.5936,273.29
1753600068902,07:07:48.902,bitget,ACE/USDT:USDT,0.5928,109.44,0.5927,155.67,0.5935,106.03,0.5936,273.29
1753600069052,07:07:49.052,bitget,ACE/USDT:USDT,0.5928,109.44,0.5927,155.67,0.5935,106.03,0.5936,273.29
1753600069352,07:07:49.352,bitget,ACE/USDT:USDT,0.5928,109.44,0.5927,155.67,0.5935,106.03,0.5936,273.29
1753600069502,07:07:49.502,bitget,ACE/USDT:USDT,0.5928,109.44,0.5927,155.67,0.5935,106.03,0.5936,273.29
1753600069653,07:07:49.653,bitget,ACE/USDT:USDT,0.5928,109.44,0.5927,155.67,0.5935,106.03,0.5936,273.29
1753600069803,07:07:49.803,bitget,ACE/USDT:USDT,0.5928,109.44,0.5927,155.67,0.5935,106.03,0.5936,273.29
1753600069953,07:07:49.953,bitget,ACE/USDT:USDT,0.5928,109.44,0.5927,155.67,0.5935,106.03,0.5936,273.29
1753600070103,07:07:50.103,bitget,ACE/USDT:USDT,0.5928,109.44,0.5927,155.67,0.5935,106.03,0.5936,273.29
1753600070253,07:07:50.253,bitget,ACE/USDT:USDT,0.5928,109.44,0.5927,155.67,0.5935,106.03,0.5936,273.29
1753600070403,07:07:50.403,bitget,ACE/USDT:USDT,0.5928,109.44,0.5927,155.67,0.5935,106.03,0.5936,273.29
1753600070553,07:07:50.553,bitget,ACE/USDT:USDT,0.5928,109.44,0.5927,155.67,0.5935,106.03,0.5936,273.29
1753600070703,07:07:50.703,bitget,ACE/USDT:USDT,0.5928,109.44,0.5927,155.67,0.5935,190.28,0.5936,273.29
1753600070853,07:07:50.853,bitget,ACE/USDT:USDT,0.5928,109.44,0.5927,155.67,0.5934,109.53,0.5935,190.28
1753600071003,07:07:51.003,bitget,ACE/USDT:USDT,0.5928,109.44,0.5927,155.67,0.5934,109.53,0.5935,106.03
1753600071153,07:07:51.153,bitget,ACE/USDT:USDT,0.5928,109.44,0.5927,155.67,0.5935,106.03,0.5936,273.29
1753600071304,07:07:51.304,bitget,ACE/USDT:USDT,0.5928,109.44,0.5927,155.67,0.5935,106.03,0.5936,273.29
1753600071454,07:07:51.454,bitget,ACE/USDT:USDT,0.5928,109.44,0.5927,155.67,0.5935,106.03,0.5936,273.29
1753600071604,07:07:51.604,bitget,ACE/USDT:USDT,0.5928,109.44,0.5927,155.67,0.5935,106.03,0.5936,273.29
1753600071754,07:07:51.754,bitget,ACE/USDT:USDT,0.5928,109.44,0.5927,155.67,0.5935,106.03,0.5936,273.29
1753600071904,07:07:51.904,bitget,ACE/USDT:USDT,0.5928,109.44,0.5927,155.67,0.5935,190.28,0.5936,273.29
1753600072054,07:07:52.054,bitget,ACE/USDT:USDT,0.5928,109.44,0.5927,155.67,0.5934,109.53,0.5935,190.28
1753600072204,07:07:52.204,bitget,ACE/USDT:USDT,0.5928,109.44,0.5927,155.67,0.5934,109.53,0.5935,106.03
1753600072354,07:07:52.354,bitget,ACE/USDT:USDT,0.5928,109.44,0.5927,155.67,0.5935,106.03,0.5936,273.29
1753600072504,07:07:52.504,bitget,ACE/USDT:USDT,0.5928,109.44,0.5927,155.67,0.5935,106.03,0.5936,273.29
1753600072654,07:07:52.654,bitget,ACE/USDT:USDT,0.5928,109.44,0.5927,155.67,0.5935,106.03,0.5936,273.29
1753600072804,07:07:52.804,bitget,ACE/USDT:USDT,0.5928,109.44,0.5927,155.67,0.5935,106.03,0.5936,273.29
1753600072955,07:07:52.955,bitget,ACE/USDT:USDT,0.5928,109.44,0.5927,155.67,0.5935,190.28,0.5936,273.29
1753600073105,07:07:53.105,bitget,ACE/USDT:USDT,0.5928,109.44,0.5927,155.67,0.5934,109.53,0.5935,190.28
1753600073255,07:07:53.255,bitget,ACE/USDT:USDT,0.5928,109.44,0.5927,155.67,0.5934,109.53,0.5935,106.03
1753600073405,07:07:53.405,bitget,ACE/USDT:USDT,0.5928,109.44,0.5927,155.67,0.5935,106.03,0.5936,273.29
1753600073555,07:07:53.555,bitget,ACE/USDT:USDT,0.5928,109.44,0.5927,155.67,0.5935,106.03,0.5936,273.29
1753600073705,07:07:53.705,bitget,ACE/USDT:USDT,0.5928,109.44,0.5927,155.67,0.5935,106.03,0.5936,273.29
1753600073855,07:07:53.855,bitget,ACE/USDT:USDT,0.5928,109.44,0.5927,155.67,0.5935,106.03,0.5936,273.29
1753600074005,07:07:54.005,bitget,ACE/USDT:USDT,0.5928,109.44,0.5927,155.67,0.5935,106.03,0.5936,273.29
1753600074155,07:07:54.155,bitget,ACE/USDT:USDT,0.5928,109.44,0.5927,155.67,0.5935,106.03,0.5936,273.29
1753600074305,07:07:54.305,bitget,ACE/USDT:USDT,0.5928,109.44,0.5927,155.67,0.5935,106.03,0.5936,273.29
1753600074456,07:07:54.456,bitget,ACE/USDT:USDT,0.5928,109.44,0.5927,155.67,0.5935,106.03,0.5936,273.29
1753600074606,07:07:54.606,bitget,ACE/USDT:USDT,0.5928,109.44,0.5927,155.67,0.5935,106.03,0.5936,273.29
1753600074756,07:07:54.756,bitget,ACE/USDT:USDT,0.5928,109.44,0.5927,155.67,0.5935,106.03,0.5936,273.29
1753600074906,07:07:54.906,bitget,ACE/USDT:USDT,0.5928,109.44,0.5927,155.67,0.5935,106.03,0.5936,273.29
1753600075056,07:07:55.056,bitget,ACE/USDT:USDT,0.5928,109.44,0.5927,155.67,0.5935,106.03,0.5936,273.29
1753600075206,07:07:55.206,bitget,ACE/USDT:USDT,0.5928,109.44,0.5927,155.67,0.5935,106.03,0.5936,273.29
1753600075356,07:07:55.356,bitget,ACE/USDT:USDT,0.5928,109.44,0.5927,155.67,0.5935,106.03,0.5936,273.29
1753600075506,07:07:55.506,bitget,ACE/USDT:USDT,0.5928,109.44,0.5927,155.67,0.5935,106.03,0.5936,273.29
1753600075656,07:07:55.656,bitget,ACE/USDT:USDT,0.5928,109.44,0.5927,155.67,0.5935,106.03,0.5936,273.29
1753600075806,07:07:55.806,bitget,ACE/USDT:USDT,0.5928,109.44,0.5927,155.67,0.5935,106.03,0.5936,273.29
1753600075956,07:07:55.956,bitget,ACE/USDT:USDT,0.5928,109.44,0.5927,155.67,0.5935,106.03,0.5936,273.29
1753600076257,07:07:56.257,bitget,ACE/USDT:USDT,0.5928,109.44,0.5927,155.67,0.5935,106.03,0.5936,273.29
1753600076407,07:07:56.407,bitget,ACE/USDT:USDT,0.5928,109.44,0.5927,155.67,0.5935,106.03,0.5936,273.29
1753600076557,07:07:56.557,bitget,ACE/USDT:USDT,0.5928,109.44,0.5927,155.67,0.5935,106.03,0.5936,273.29
1753600076707,07:07:56.707,bitget,ACE/USDT:USDT,0.5928,108.54,0.5927,155.67,0.5935,106.03,0.5936,273.29
1753600076857,07:07:56.857,bitget,ACE/USDT:USDT,0.5928,108.54,0.5927,155.67,0.5935,106.03,0.5936,273.29
1753600077007,07:07:57.007,bitget,ACE/USDT:USDT,0.5928,108.54,0.5927,155.67,0.5935,106.03,0.5936,273.29
1753600077157,07:07:57.157,bitget,ACE/USDT:USDT,0.5928,108.54,0.5927,155.67,0.5935,106.03,0.5936,273.29
1753600077307,07:07:57.307,bitget,ACE/USDT:USDT,0.5928,108.54,0.5927,155.67,0.5935,106.03,0.5936,273.29
1753600077457,07:07:57.457,bitget,ACE/USDT:USDT,0.5928,108.54,0.5927,155.67,0.5935,106.03,0.5936,273.29
1753600077607,07:07:57.607,bitget,ACE/USDT:USDT,0.5928,108.54,0.5927,155.67,0.5935,106.03,0.5936,273.29
1753600077758,07:07:57.758,bitget,ACE/USDT:USDT,0.5928,108.54,0.5927,155.67,0.5935,106.03,0.5936,273.29
1753600077908,07:07:57.908,bitget,ACE/USDT:USDT,0.5928,108.54,0.5927,155.67,0.5935,106.03,0.5936,273.29
1753600078058,07:07:58.058,bitget,ACE/USDT:USDT,0.5928,108.54,0.5927,155.67,0.5935,106.03,0.5936,273.29
1753600078208,07:07:58.208,bitget,ACE/USDT:USDT,0.5928,108.54,0.5927,155.67,0.5935,106.03,0.5936,273.29
1753600078358,07:07:58.358,bitget,ACE/USDT:USDT,0.5928,108.54,0.5927,155.67,0.5935,591.12,0.5936,273.29
1753600078508,07:07:58.508,bitget,ACE/USDT:USDT,0.5928,108.54,0.5927,155.67,0.5934,286.67,0.5935,591.12
1753600078808,07:07:58.808,bitget,ACE/USDT:USDT,0.5928,108.54,0.5927,155.67,0.5932,109.33,0.5933,195.33
1753600078958,07:07:58.958,bitget,ACE/USDT:USDT,0.5928,108.54,0.5927,155.67,0.5932,109.33,0.5933,195.33
1753600079108,07:07:59.108,bitget,ACE/USDT:USDT,0.5928,108.54,0.5927,155.67,0.5932,109.33,0.5933,109.33
1753600079258,07:07:59.258,bitget,ACE/USDT:USDT,0.5928,108.54,0.5927,155.67,0.5933,109.33,0.5934,109.33
1753600079409,07:07:59.409,bitget,ACE/USDT:USDT,0.5928,108.54,0.5927,155.67,0.5934,109.33,0.5935,106.03
1753600079559,07:07:59.559,bitget,ACE/USDT:USDT,0.5928,108.54,0.5927,155.67,0.5933,109.33,0.5935,106.03
1753600079709,07:07:59.709,bitget,ACE/USDT:USDT,0.5928,108.54,0.5927,155.67,0.5935,106.03,0.5936,273.29
1753600079859,07:07:59.859,bitget,ACE/USDT:USDT,0.5928,108.54,0.5927,155.67,0.5935,106.03,0.5936,273.29
1753600080009,07:08:00.009,bitget,ACE/USDT:USDT,0.5928,108.54,0.5927,155.67,0.5935,106.03,0.5936,273.29
1753600080159,07:08:00.159,bitget,ACE/USDT:USDT,0.5928,108.54,0.5927,155.67,0.5935,106.03,0.5936,374.53
1753600080309,07:08:00.309,bitget,ACE/USDT:USDT,0.5928,108.54,0.5927,155.67,0.5935,106.03,0.5936,374.53
1753600080459,07:08:00.459,bitget,ACE/USDT:USDT,0.5928,108.54,0.5927,155.67,0.5935,106.03,0.5936,374.53
1753600080609,07:08:00.609,bitget,ACE/USDT:USDT,0.5928,108.54,0.5927,155.67,0.5935,384.72,0.5936,374.53
1753600080759,07:08:00.759,bitget,ACE/USDT:USDT,0.5928,108.54,0.5927,155.67,0.5933,109.33,0.5934,224.75
1753600080910,07:08:00.910,bitget,ACE/USDT:USDT,0.5928,108.54,0.5927,155.67,0.5933,109.33,0.5934,224.75
1753600081060,07:08:01.060,bitget,ACE/USDT:USDT,0.5928,108.54,0.5927,155.67,0.5933,109.33,0.5934,224.75
1753600081210,07:08:01.210,bitget,ACE/USDT:USDT,0.5928,108.54,0.5927,155.67,0.5933,109.33,0.5934,224.75
1753600081360,07:08:01.360,bitget,ACE/USDT:USDT,0.5928,108.54,0.5927,155.67,0.5933,109.33,0.5934,224.75
1753600081510,07:08:01.510,bitget,ACE/USDT:USDT,0.5928,108.54,0.5927,155.67,0.5933,109.33,0.5934,224.75
1753600081660,07:08:01.660,bitget,ACE/USDT:USDT,0.5928,108.54,0.5927,155.67,0.5933,109.33,0.5934,224.75
1753600081810,07:08:01.810,bitget,ACE/USDT:USDT,0.5928,108.54,0.5927,155.67,0.5933,109.33,0.5934,224.75
1753600081960,07:08:01.960,bitget,ACE/USDT:USDT,0.5928,108.54,0.5927,155.67,0.5933,109.33,0.5934,224.75
1753600082110,07:08:02.110,bitget,ACE/USDT:USDT,0.5928,108.54,0.5927,155.67,0.5933,109.33,0.5934,224.75
1753600082260,07:08:02.260,bitget,ACE/USDT:USDT,0.5928,108.54,0.5927,155.67,0.5933,109.33,0.5934,224.75
1753600082410,07:08:02.410,bitget,ACE/USDT:USDT,0.5928,108.54,0.5927,155.67,0.5933,109.33,0.5934,224.75
1753600082561,07:08:02.561,bitget,ACE/USDT:USDT,0.5928,108.54,0.5927,155.67,0.5933,109.33,0.5934,224.75
1753600082861,07:08:02.861,bitget,ACE/USDT:USDT,0.5926,109.55,0.5925,109.55,0.5933,184.28,0.5934,234.88
1753600083011,07:08:03.011,bitget,ACE/USDT:USDT,0.5925,109.55,0.5924,106.03,0.5932,109.33,0.5933,314.27
1753600083161,07:08:03.161,bitget,ACE/USDT:USDT,0.5924,106.03,0.5923,109.33,0.5932,203.61,0.5933,314.27
1753600083311,07:08:03.311,bitget,ACE/USDT:USDT,0.5926,109.33,0.5923,109.33,0.5931,109.33,0.5932,287.9
1753600083461,07:08:03.461,bitget,ACE/USDT:USDT,0.5923,109.33,0.5922,206.03,0.5931,109.33,0.5932,287.9
1753600083611,07:08:03.611,bitget,ACE/USDT:USDT,0.5923,109.33,0.5922,290.39,0.5931,109.33,0.5932,109.33
1753600083761,07:08:03.761,bitget,ACE/USDT:USDT,0.5923,109.33,0.5922,290.39,0.5931,85.91,0.5932,109.33
1753600083911,07:08:03.911,bitget,ACE/USDT:USDT,0.5923,109.33,0.5922,290.39,0.593,109.33,0.5931,85.91
1753600084061,07:08:04.061,bitget,ACE/USDT:USDT,0.5923,109.33,0.5922,352.15,0.593,109.33,0.5931,85.91
1753600084211,07:08:04.211,bitget,ACE/USDT:USDT,0.5924,109.33,0.5923,510.17,0.593,109.33,0.5932,109.33
1753600084362,07:08:04.362,bitget,ACE/USDT:USDT,0.5924,193.69,0.5923,510.17,0.5932,109.33,0.5933,171.09
1753600084512,07:08:04.512,bitget,ACE/USDT:USDT,0.5925,109.33,0.5924,193.68,0.5932,109.33,0.5933,171.09
1753600084662,07:08:04.662,bitget,ACE/USDT:USDT,0.5925,109.33,0.5924,193.67,0.5932,109.33,0.5933,171.09
1753600084812,07:08:04.812,bitget,ACE/USDT:USDT,0.5925,109.33,0.5924,193.67,0.5932,109.33,0.5933,171.09
1753600084962,07:08:04.962,bitget,ACE/USDT:USDT,0.5925,109.33,0.5924,193.67,0.5932,109.33,0.5933,171.09
1753600085112,07:08:05.112,bitget,ACE/USDT:USDT,0.5925,109.33,0.5924,193.67,0.5932,109.33,0.5933,171.09
1753600085262,07:08:05.262,bitget,ACE/USDT:USDT,0.5925,109.33,0.5924,193.67,0.5932,109.33,0.5933,171.09
1753600085412,07:08:05.412,bitget,ACE/USDT:USDT,0.5925,109.33,0.5924,193.67,0.5932,193.62,0.5933,171.09
1753600085562,07:08:05.562,bitget,ACE/USDT:USDT,0.5925,109.33,0.5924,193.67,0.5931,107.72,0.5932,193.62
1753600085712,07:08:05.712,bitget,ACE/USDT:USDT,0.5925,109.33,0.5924,193.67,0.5931,107.72,0.5932,193.62
1753600085863,07:08:05.863,bitget,ACE/USDT:USDT,0.5925,109.33,0.5924,193.67,0.5931,107.72,0.5932,109.33
1753600086013,07:08:06.013,bitget,ACE/USDT:USDT,0.5925,109.33,0.5924,193.67,0.5932,109.33,0.5933,171.09
1753600086163,07:08:06.163,bitget,ACE/USDT:USDT,0.5925,109.33,0.5924,193.67,0.5932,109.33,0.5933,171.09
1753600086313,07:08:06.313,bitget,ACE/USDT:USDT,0.5925,109.33,0.5924,193.67,0.5932,109.33,0.5933,171.09
1753600086463,07:08:06.463,bitget,ACE/USDT:USDT,0.5925,109.33,0.5924,193.67,0.5932,109.33,0.5933,171.09
1753600086613,07:08:06.613,bitget,ACE/USDT:USDT,0.5925,109.33,0.5924,193.67,0.5932,109.33,0.5933,171.09
1753600086763,07:08:06.763,bitget,ACE/USDT:USDT,0.5925,109.33,0.5924,193.67,0.5932,109.33,0.5933,171.09
1753600086913,07:08:06.913,bitget,ACE/USDT:USDT,0.5925,109.33,0.5924,193.67,0.5932,122.05,0.5933,171.09
1753600087063,07:08:07.063,bitget,ACE/USDT:USDT,0.5925,109.33,0.5924,109.33,0.5931,107.72,0.5932,122.05
1753600087213,07:08:07.213,bitget,ACE/USDT:USDT,0.5924,109.33,0.5923,203.32,0.5931,107.72,0.5932,122.05
1753600087363,07:08:07.363,bitget,ACE/USDT:USDT,0.5924,109.33,0.5923,203.32,0.5931,107.72,0.5932,122.05
1753600087514,07:08:07.514,bitget,ACE/USDT:USDT,0.5924,109.33,0.5923,203.32,0.5931,107.72,0.5932,122.05
1753600087664,07:08:07.664,bitget,ACE/USDT:USDT,0.5924,109.33,0.5923,203.32,0.5931,107.72,0.5932,122.05
1753600087814,07:08:07.814,bitget,ACE/USDT:USDT,0.5924,109.33,0.5923,203.32,0.5931,107.72,0.5932,122.05
1753600087964,07:08:07.964,bitget,ACE/USDT:USDT,0.5924,109.33,0.5923,203.32,0.5931,107.72,0.5932,122.05
1753600088114,07:08:08.114,bitget,ACE/USDT:USDT,0.5924,109.33,0.5923,203.32,0.5931,107.72,0.5932,122.05
1753600088264,07:08:08.264,bitget,ACE/USDT:USDT,0.5924,109.33,0.5923,203.32,0.5931,107.72,0.5932,122.05
1753600088414,07:08:08.414,bitget,ACE/USDT:USDT,0.5924,109.33,0.5923,203.32,0.5931,107.72,0.5932,122.05
1753600088564,07:08:08.564,bitget,ACE/USDT:USDT,0.5924,109.33,0.5923,203.32,0.5931,107.72,0.5932,122.05
1753600088714,07:08:08.714,bitget,ACE/USDT:USDT,0.5924,109.33,0.5923,203.32,0.5931,107.72,0.5932,122.05
1753600088864,07:08:08.864,bitget,ACE/USDT:USDT,0.5924,109.33,0.5923,203.32,0.5931,107.72,0.5932,122.05
1753600089014,07:08:09.014,bitget,ACE/USDT:USDT,0.5924,109.33,0.5923,203.32,0.5931,107.72,0.5932,122.05
1753600089165,07:08:09.165,bitget,ACE/USDT:USDT,0.5924,109.33,0.5923,203.32,0.5931,107.72,0.5932,122.05
1753600089315,07:08:09.315,bitget,ACE/USDT:USDT,0.5924,109.33,0.5923,203.32,0.5931,107.72,0.5932,122.05
1753600089465,07:08:09.465,bitget,ACE/USDT:USDT,0.5924,109.33,0.5923,203.32,0.5931,107.72,0.5932,122.05
1753600089615,07:08:09.615,bitget,ACE/USDT:USDT,0.5924,109.33,0.5923,203.32,0.5931,107.72,0.5932,122.05
1753600089765,07:08:09.765,bitget,ACE/USDT:USDT,0.5924,109.33,0.5923,203.32,0.5931,107.72,0.5932,122.05
1753600089915,07:08:09.915,bitget,ACE/USDT:USDT,0.5924,109.33,0.5923,203.32,0.5931,107.72,0.5932,122.05
1753600090065,07:08:10.065,bitget,ACE/USDT:USDT,0.5924,109.33,0.5923,203.32,0.5931,107.72,0.5932,122.05
1753600090215,07:08:10.215,bitget,ACE/USDT:USDT,0.5924,109.33,0.5923,203.32,0.5931,107.72,0.5932,122.05
1753600090365,07:08:10.365,bitget,ACE/USDT:USDT,0.5924,109.33,0.5923,203.32,0.5931,107.72,0.5932,122.05
1753600090515,07:08:10.515,bitget,ACE/USDT:USDT,0.5924,109.33,0.5923,203.32,0.5931,107.72,0.5932,122.05
1753600090665,07:08:10.665,bitget,ACE/USDT:USDT,0.5924,109.33,0.5923,203.32,0.5931,107.72,0.5932,122.05
1753600090816,07:08:10.816,bitget,ACE/USDT:USDT,0.5924,109.33,0.5923,203.32,0.5931,107.72,0.5932,122.05
1753600090966,07:08:10.966,bitget,ACE/USDT:USDT,0.5924,109.33,0.5923,203.32,0.5931,107.72,0.5932,122.05
1753600091116,07:08:11.116,bitget,ACE/USDT:USDT,0.5924,109.33,0.5923,203.32,0.5931,107.72,0.5932,122.05
1753600091266,07:08:11.266,bitget,ACE/USDT:USDT,0.5924,109.33,0.5923,203.32,0.5931,107.72,0.5932,122.05
1753600091416,07:08:11.416,bitget,ACE/USDT:USDT,0.5924,109.33,0.5923,203.32,0.5931,107.72,0.5932,122.05
1753600091566,07:08:11.566,bitget,ACE/USDT:USDT,0.5924,109.33,0.5923,203.32,0.5931,107.72,0.5932,122.05
1753600091716,07:08:11.716,bitget,ACE/USDT:USDT,0.5924,109.33,0.5923,203.32,0.5931,107.72,0.5932,122.05
1753600091866,07:08:11.866,bitget,ACE/USDT:USDT,0.5924,109.33,0.5923,203.32,0.5931,107.72,0.5932,122.05
1753600092016,07:08:12.016,bitget,ACE/USDT:USDT,0.5924,109.33,0.5923,203.32,0.5931,107.72,0.5932,122.05
1753600092166,07:08:12.166,bitget,ACE/USDT:USDT,0.5924,109.33,0.5923,203.32,0.5931,107.72,0.5932,122.05
1753600092317,07:08:12.317,bitget,ACE/USDT:USDT,0.5924,109.33,0.5923,203.32,0.5931,107.72,0.5932,122.05
1753600092467,07:08:12.467,bitget,ACE/USDT:USDT,0.5924,109.33,0.5923,203.32,0.5931,107.72,0.5932,171.68
1753600092617,07:08:12.617,bitget,ACE/USDT:USDT,0.5924,109.33,0.5923,203.32,0.5931,107.72,0.5932,171.68
1753600092767,07:08:12.767,bitget,ACE/USDT:USDT,0.5924,109.33,0.5923,203.32,0.5931,107.72,0.5932,171.68
1753600092917,07:08:12.917,bitget,ACE/USDT:USDT,0.5924,109.33,0.5923,203.32,0.5931,107.72,0.5932,171.68
1753600093067,07:08:13.067,bitget,ACE/USDT:USDT,0.5924,109.33,0.5923,203.32,0.5931,107.72,0.5932,171.68
1753600093217,07:08:13.217,bitget,ACE/USDT:USDT,0.5924,109.33,0.5923,203.32,0.5931,107.72,0.5932,171.68
1753600093367,07:08:13.367,bitget,ACE/USDT:USDT,0.5924,109.33,0.5923,203.32,0.5931,107.72,0.5932,171.68
1753600093517,07:08:13.517,bitget,ACE/USDT:USDT,0.5924,109.33,0.5923,203.32,0.5931,107.72,0.5932,171.68
1753600093667,07:08:13.667,bitget,ACE/USDT:USDT,0.5924,109.33,0.5923,203.32,0.5931,107.72,0.5932,171.68
1753600093817,07:08:13.817,bitget,ACE/USDT:USDT,0.5924,109.33,0.5923,203.32,0.5931,107.72,0.5932,171.68
1753600093968,07:08:13.968,bitget,ACE/USDT:USDT,0.5924,109.33,0.5923,203.32,0.5931,107.72,0.5932,171.68
1753600094118,07:08:14.118,bitget,ACE/USDT:USDT,0.5924,109.33,0.5923,203.32,0.5931,107.72,0.5932,171.68
1753600094268,07:08:14.268,bitget,ACE/USDT:USDT,0.5924,109.33,0.5923,203.32,0.5931,107.72,0.5932,171.68
1753600094418,07:08:14.418,bitget,ACE/USDT:USDT,0.5924,109.33,0.5923,203.32,0.5931,107.72,0.5932,171.68
1753600094568,07:08:14.568,bitget,ACE/USDT:USDT,0.5924,109.33,0.5923,203.32,0.5931,107.72,0.5932,171.68
1753600094718,07:08:14.718,bitget,ACE/USDT:USDT,0.5924,109.33,0.5923,203.32,0.5931,107.72,0.5932,171.68
1753600094868,07:08:14.868,bitget,ACE/USDT:USDT,0.5924,109.33,0.5923,203.32,0.5931,107.72,0.5932,171.68
1753600095018,07:08:15.018,bitget,ACE/USDT:USDT,0.5924,109.33,0.5923,203.32,0.593,86.78,0.5931,281.03
1753600095168,07:08:15.168,bitget,ACE/USDT:USDT,0.5924,109.33,0.5923,203.32,0.5929,107.72,0.593,212.2
1753600095318,07:08:15.318,bitget,ACE/USDT:USDT,0.5924,109.33,0.5923,109.33,0.5929,61.46,0.593,486.87
1753600095469,07:08:15.469,bitget,ACE/USDT:USDT,0.5923,109.33,0.5922,206.03,0.5928,106.8,0.5929,207.52
1753600095619,07:08:15.619,bitget,ACE/USDT:USDT,0.5923,109.33,0.5922,206.03,0.5928,106.8,0.5929,314.32
1753600095769,07:08:15.769,bitget,ACE/USDT:USDT,0.5923,109.33,0.5922,206.03,0.5928,106.8,0.5929,314.32
1753600095919,07:08:15.919,bitget,ACE/USDT:USDT,0.5923,109.33,0.5922,206.03,0.5928,106.8,0.5929,314.32
1753600096069,07:08:16.069,bitget,ACE/USDT:USDT,0.5923,109.33,0.5922,206.03,0.5928,106.8,0.5929,314.32
1753600096219,07:08:16.219,bitget,ACE/USDT:USDT,0.5923,109.33,0.5922,206.03,0.5928,106.8,0.5929,168.26
1753600096369,07:08:16.369,bitget,ACE/USDT:USDT,0.5923,109.33,0.5922,206.03,0.5928,106.8,0.5929,168.26
1753600096519,07:08:16.519,bitget,ACE/USDT:USDT,0.5923,109.33,0.5922,206.03,0.5928,106.8,0.5929,168.26
1753600096669,07:08:16.669,bitget,ACE/USDT:USDT,0.5923,109.33,0.5922,206.03,0.5928,106.8,0.5929,168.26
1753600096819,07:08:16.819,bitget,ACE/USDT:USDT,0.5923,109.33,0.5922,206.03,0.5928,106.8,0.5929,168.26
1753600096970,07:08:16.970,bitget,ACE/USDT:USDT,0.5923,109.33,0.5922,206.03,0.5928,106.8,0.5929,168.26
1753600097120,07:08:17.120,bitget,ACE/USDT:USDT,0.5923,109.33,0.5922,206.03,0.5928,106.8,0.5929,168.26
1753600097270,07:08:17.270,bitget,ACE/USDT:USDT,0.5923,109.33,0.5922,206.03,0.5928,106.8,0.5929,168.26
1753600097420,07:08:17.420,bitget,ACE/USDT:USDT,0.5923,109.33,0.5922,206.03,0.5928,106.8,0.5929,168.26
1753600097570,07:08:17.570,bitget,ACE/USDT:USDT,0.5923,109.33,0.5922,206.03,0.5928,106.8,0.5929,168.26
1753600097720,07:08:17.720,bitget,ACE/USDT:USDT,0.5923,109.33,0.5922,206.03,0.5928,106.8,0.5929,168.26
1753600097870,07:08:17.870,bitget,ACE/USDT:USDT,0.5923,109.33,0.5922,206.03,0.5928,106.8,0.5929,168.26
1753600098020,07:08:18.020,bitget,ACE/USDT:USDT,0.5923,109.33,0.5922,206.03,0.5928,106.8,0.5929,168.26
1753600098170,07:08:18.170,bitget,ACE/USDT:USDT,0.5923,109.33,0.5922,206.03,0.5928,106.8,0.5929,168.26
1753600098320,07:08:18.320,bitget,ACE/USDT:USDT,0.5923,109.33,0.5922,206.03,0.5928,106.8,0.5929,168.26
1753600098470,07:08:18.470,bitget,ACE/USDT:USDT,0.5923,109.33,0.5922,206.03,0.5928,106.8,0.5929,168.26
1753600098771,07:08:18.771,bitget,ACE/USDT:USDT,0.5923,109.33,0.5922,206.03,0.5928,106.8,0.5929,168.26
1753600098921,07:08:18.921,bitget,ACE/USDT:USDT,0.5923,109.33,0.5922,206.03,0.5928,106.8,0.5929,168.26
1753600099071,07:08:19.071,bitget,ACE/USDT:USDT,0.5923,109.33,0.5922,206.03,0.5928,106.8,0.5929,168.26
1753600099221,07:08:19.221,bitget,ACE/USDT:USDT,0.5923,109.33,0.5922,206.03,0.5928,106.8,0.5929,168.26
1753600099371,07:08:19.371,bitget,ACE/USDT:USDT,0.5923,109.33,0.5922,206.03,0.5928,106.8,0.5929,168.26
1753600099521,07:08:19.521,bitget,ACE/USDT:USDT,0.5923,109.33,0.5922,206.03,0.5928,106.8,0.5929,168.26
1753600099671,07:08:19.671,bitget,ACE/USDT:USDT,0.5923,109.33,0.5922,206.03,0.5928,106.8,0.5929,168.26
1753600099821,07:08:19.821,bitget,ACE/USDT:USDT,0.5923,109.33,0.5922,206.03,0.5928,106.8,0.5929,168.26
1753600099971,07:08:19.971,bitget,ACE/USDT:USDT,0.5923,109.33,0.5922,206.03,0.5928,106.8,0.5929,168.26
1753600100121,07:08:20.121,bitget,ACE/USDT:USDT,0.5923,109.33,0.5922,206.03,0.5928,106.8,0.5929,168.26
1753600100272,07:08:20.272,bitget,ACE/USDT:USDT,0.5923,109.33,0.5922,206.03,0.5928,106.8,0.5929,168.26
1753600100422,07:08:20.422,bitget,ACE/USDT:USDT,0.5923,109.33,0.5922,206.03,0.5928,106.8,0.5929,168.26
1753600100722,07:08:20.722,bitget,ACE/USDT:USDT,0.5923,109.33,0.5922,206.03,0.5928,106.8,0.5929,168.26
1753600100872,07:08:20.872,bitget,ACE/USDT:USDT,0.5923,109.33,0.5922,206.03,0.5928,106.8,0.5929,168.26
1753600101022,07:08:21.022,bitget,ACE/USDT:USDT,0.5923,109.33,0.5922,206.03,0.5928,106.8,0.5929,168.26
1753600101172,07:08:21.172,bitget,ACE/USDT:USDT,0.5923,109.33,0.5922,206.03,0.5928,106.8,0.5929,168.26
1753600101322,07:08:21.322,bitget,ACE/USDT:USDT,0.5923,109.33,0.5922,380.18,0.5928,106.8,0.5929,168.26
1753600101472,07:08:21.472,bitget,ACE/USDT:USDT,0.5923,109.33,0.5922,380.18,0.5928,106.8,0.5929,168.26
1753600101622,07:08:21.622,bitget,ACE/USDT:USDT,0.5923,109.33,0.5922,380.18,0.5928,106.8,0.5929,168.26
1753600101773,07:08:21.773,bitget,ACE/USDT:USDT,0.5923,109.33,0.5922,380.18,0.5928,106.8,0.5929,168.26
1753600101923,07:08:21.923,bitget,ACE/USDT:USDT,0.5923,109.33,0.5922,380.18,0.5928,106.8,0.5929,168.26
1753600102073,07:08:22.073,bitget,ACE/USDT:USDT,0.5923,109.33,0.5922,380.18,0.5928,106.8,0.5929,168.26
1753600102223,07:08:22.223,bitget,ACE/USDT:USDT,0.5923,193.72,0.5922,206.03,0.5928,106.8,0.5929,168.26
1753600102373,07:08:22.373,bitget,ACE/USDT:USDT,0.5924,106.8,0.5923,109.33,0.5928,106.8,0.5929,168.26
1753600102523,07:08:22.523,bitget,ACE/USDT:USDT,0.5923,109.33,0.5922,206.03,0.5928,106.8,0.5929,168.26
1753600102673,07:08:22.673,bitget,ACE/USDT:USDT,0.5923,109.33,0.5922,206.03,0.5928,106.8,0.5929,168.26
1753600102823,07:08:22.823,bitget,ACE/USDT:USDT,0.5923,109.33,0.5922,206.03,0.5928,106.8,0.5929,168.26
1753600102973,07:08:22.973,bitget,ACE/USDT:USDT,0.5923,109.33,0.5922,206.03,0.5928,106.8,0.5929,168.26
1753600103123,07:08:23.123,bitget,ACE/USDT:USDT,0.5923,109.33,0.5922,206.03,0.5928,106.8,0.5929,168.26
1753600103273,07:08:23.273,bitget,ACE/USDT:USDT,0.5923,109.33,0.5922,206.03,0.5928,106.8,0.5929,168.26
1753600103424,07:08:23.424,bitget,ACE/USDT:USDT,0.5923,109.33,0.5922,206.03,0.5928,106.8,0.5929,168.26
1753600103574,07:08:23.574,bitget,ACE/USDT:USDT,0.5923,109.33,0.5922,206.03,0.5928,106.8,0.5929,168.26
1753600103724,07:08:23.724,bitget,ACE/USDT:USDT,0.5923,109.33,0.5922,206.03,0.5928,106.8,0.5929,168.26
1753600103874,07:08:23.874,bitget,ACE/USDT:USDT,0.5923,109.33,0.5922,206.03,0.5928,106.8,0.5929,168.26
1753600104024,07:08:24.024,bitget,ACE/USDT:USDT,0.5923,109.33,0.5922,206.03,0.5928,106.8,0.5929,168.26
1753600104174,07:08:24.174,bitget,ACE/USDT:USDT,0.5923,109.33,0.5922,206.03,0.5928,106.8,0.5929,168.26
1753600104324,07:08:24.324,bitget,ACE/USDT:USDT,0.5923,109.33,0.5922,206.03,0.5928,106.8,0.5929,168.26
1753600104474,07:08:24.474,bitget,ACE/USDT:USDT,0.5923,109.33,0.5922,206.03,0.5928,106.8,0.5929,168.26
1753600104624,07:08:24.624,bitget,ACE/USDT:USDT,0.5923,109.33,0.5922,206.03,0.5928,106.8,0.5929,168.26
1753600104774,07:08:24.774,bitget,ACE/USDT:USDT,0.5923,109.33,0.5922,206.03,0.5928,106.8,0.5929,168.26
1753600104924,07:08:24.924,bitget,ACE/USDT:USDT,0.5923,109.33,0.5922,206.03,0.5928,106.8,0.5929,168.26
1753600105075,07:08:25.075,bitget,ACE/USDT:USDT,0.5923,109.33,0.5922,206.03,0.5928,106.8,0.5929,168.26
1753600105225,07:08:25.225,bitget,ACE/USDT:USDT,0.5923,109.33,0.5922,206.03,0.5928,106.8,0.5929,168.26
1753600105375,07:08:25.375,bitget,ACE/USDT:USDT,0.5923,109.33,0.5922,206.03,0.5928,106.8,0.5929,168.26
1753600105525,07:08:25.525,bitget,ACE/USDT:USDT,0.5923,109.33,0.5922,206.03,0.5928,106.8,0.5929,168.26
1753600105675,07:08:25.675,bitget,ACE/USDT:USDT,0.5923,109.33,0.5922,206.03,0.5928,106.8,0.5929,168.26
1753600105825,07:08:25.825,bitget,ACE/USDT:USDT,0.5923,109.33,0.5922,206.03,0.5928,106.8,0.5929,168.26
1753600105975,07:08:25.975,bitget,ACE/USDT:USDT,0.5923,109.33,0.5922,206.03,0.5928,106.8,0.5929,168.26
1753600106125,07:08:26.125,bitget,ACE/USDT:USDT,0.5923,109.33,0.5922,206.03,0.5928,106.8,0.5929,168.26
1753600106275,07:08:26.275,bitget,ACE/USDT:USDT,0.5923,109.33,0.5922,206.03,0.5928,106.8,0.5929,168.26
1753600106425,07:08:26.425,bitget,ACE/USDT:USDT,0.5923,109.33,0.5922,206.03,0.5928,106.8,0.5929,168.26
1753600106575,07:08:26.575,bitget,ACE/USDT:USDT,0.5923,109.33,0.5922,206.03,0.5928,106.8,0.5929,168.26
1753600106726,07:08:26.726,bitget,ACE/USDT:USDT,0.5923,109.33,0.5922,206.03,0.5928,106.8,0.5929,168.26
1753600106876,07:08:26.876,bitget,ACE/USDT:USDT,0.5923,109.33,0.5922,206.03,0.5928,106.8,0.5929,168.26
1753600107026,07:08:27.026,bitget,ACE/USDT:USDT,0.5923,109.33,0.5922,206.03,0.5928,106.8,0.5929,168.26
1753600107176,07:08:27.176,bitget,ACE/USDT:USDT,0.5923,109.33,0.5922,206.03,0.5928,106.8,0.5929,168.26
1753600107326,07:08:27.326,bitget,ACE/USDT:USDT,0.5923,109.33,0.5922,206.03,0.5928,106.8,0.5929,168.26
1753600107476,07:08:27.476,bitget,ACE/USDT:USDT,0.5923,109.33,0.5922,206.03,0.5928,106.8,0.5929,168.26
1753600107626,07:08:27.626,bitget,ACE/USDT:USDT,0.5923,109.33,0.5922,206.03,0.5928,106.8,0.5929,168.26
1753600107776,07:08:27.776,bitget,ACE/USDT:USDT,0.5923,109.33,0.5922,206.03,0.5928,106.8,0.5929,168.26
1753600107926,07:08:27.926,bitget,ACE/USDT:USDT,0.5923,109.33,0.5922,206.03,0.5928,106.8,0.5929,168.26
1753600108076,07:08:28.076,bitget,ACE/USDT:USDT,0.5923,109.33,0.5922,206.03,0.5928,106.8,0.5929,168.26
1753600108226,07:08:28.226,bitget,ACE/USDT:USDT,0.5923,109.33,0.5922,206.03,0.5928,106.8,0.5929,168.26
1753600108377,07:08:28.377,bitget,ACE/USDT:USDT,0.5923,109.33,0.5922,206.03,0.5928,106.8,0.5929,168.26
1753600108527,07:08:28.527,bitget,ACE/USDT:USDT,0.5923,109.33,0.5922,206.03,0.5928,106.8,0.5929,168.26
1753600108677,07:08:28.677,bitget,ACE/USDT:USDT,0.5923,109.33,0.5922,206.03,0.5928,106.8,0.5929,168.26
1753600108827,07:08:28.827,bitget,ACE/USDT:USDT,0.5923,109.33,0.5922,206.03,0.5928,106.8,0.5929,168.26
1753600108977,07:08:28.977,bitget,ACE/USDT:USDT,0.5923,109.33,0.5922,206.03,0.5928,106.8,0.5929,168.26
1753600109127,07:08:29.127,bitget,ACE/USDT:USDT,0.5923,109.33,0.5922,206.03,0.5928,106.8,0.5929,168.26
1753600109277,07:08:29.277,bitget,ACE/USDT:USDT,0.5923,109.33,0.5922,206.03,0.5928,106.8,0.5929,168.26
1753600109427,07:08:29.427,bitget,ACE/USDT:USDT,0.5923,109.33,0.5922,206.03,0.5928,106.8,0.5929,168.26
1753600109577,07:08:29.577,bitget,ACE/USDT:USDT,0.5923,109.33,0.5922,206.03,0.5928,106.8,0.5929,168.26
1753600109727,07:08:29.727,bitget,ACE/USDT:USDT,0.5923,109.33,0.5922,206.03,0.5928,106.8,0.5929,168.26
1753600109877,07:08:29.877,bitget,ACE/USDT:USDT,0.5923,109.33,0.5922,206.03,0.5928,106.8,0.5929,168.26
1753600110028,07:08:30.028,bitget,ACE/USDT:USDT,0.5923,109.33,0.5922,206.03,0.5928,106.8,0.5929,168.26
1753600110178,07:08:30.178,bitget,ACE/USDT:USDT,0.5923,109.33,0.5922,206.03,0.5928,106.8,0.5929,168.26
1753600110328,07:08:30.328,bitget,ACE/USDT:USDT,0.5923,109.33,0.5922,206.03,0.5928,106.8,0.5929,168.26
1753600110478,07:08:30.478,bitget,ACE/USDT:USDT,0.5923,109.33,0.5922,206.03,0.5928,106.8,0.5929,168.26
1753600110628,07:08:30.628,bitget,ACE/USDT:USDT,0.5923,109.33,0.5922,206.03,0.5928,106.8,0.5929,168.26
1753600110778,07:08:30.778,bitget,ACE/USDT:USDT,0.5923,109.33,0.5922,206.03,0.5928,106.8,0.5929,168.26
1753600110928,07:08:30.928,bitget,ACE/USDT:USDT,0.5923,109.33,0.5922,206.03,0.5928,106.8,0.5929,168.26
1753600111078,07:08:31.078,bitget,ACE/USDT:USDT,0.5923,109.33,0.5922,206.03,0.5928,106.8,0.5929,168.26
1753600111228,07:08:31.228,bitget,ACE/USDT:USDT,0.5923,109.33,0.5922,206.03,0.5928,106.8,0.5929,168.26
1753600111378,07:08:31.378,bitget,ACE/USDT:USDT,0.5923,109.33,0.5922,206.03,0.5928,106.8,0.5929,168.26
1753600111528,07:08:31.528,bitget,ACE/USDT:USDT,0.5923,109.33,0.5922,206.03,0.5928,106.8,0.5929,168.26
1753600111679,07:08:31.679,bitget,ACE/USDT:USDT,0.5923,109.33,0.5922,206.03,0.5928,106.8,0.5929,240.5
1753600111829,07:08:31.829,bitget,ACE/USDT:USDT,0.5923,109.33,0.5922,206.03,0.5928,106.8,0.5929,240.5
1753600111979,07:08:31.979,bitget,ACE/USDT:USDT,0.5923,109.33,0.5922,206.03,0.5928,106.8,0.5929,106.8
1753600112129,07:08:32.129,bitget,ACE/USDT:USDT,0.5923,109.33,0.5922,206.03,0.5929,106.8,0.593,198.11
1753600112279,07:08:32.279,bitget,ACE/USDT:USDT,0.5923,109.33,0.5922,206.03,0.5929,106.8,0.593,107.72
1753600112429,07:08:32.429,bitget,ACE/USDT:USDT,0.5923,109.33,0.5922,206.03,0.593,107.72,0.5931,107.72
1753600112579,07:08:32.579,bitget,ACE/USDT:USDT,0.5923,109.33,0.5922,206.03,0.5931,107.72,0.5932,154.96
1753600112729,07:08:32.729,bitget,ACE/USDT:USDT,0.5923,109.33,0.5922,206.03,0.5931,107.72,0.5932,154.96
1753600112879,07:08:32.879,bitget,ACE/USDT:USDT,0.5923,109.33,0.5922,206.03,0.5931,192.02,0.5932,154.96
1753600113029,07:08:33.029,bitget,ACE/USDT:USDT,0.5923,109.33,0.5922,206.03,0.593,105.6,0.5931,253.36
1753600113179,07:08:33.179,bitget,ACE/USDT:USDT,0.5923,109.33,0.5922,206.03,0.593,105.6,0.5931,253.36
1753600113329,07:08:33.329,bitget,ACE/USDT:USDT,0.5923,109.33,0.5922,206.03,0.593,105.6,0.5931,253.36
1753600113480,07:08:33.480,bitget,ACE/USDT:USDT,0.5923,109.33,0.5922,206.03,0.593,105.6,0.5931,253.36
1753600113630,07:08:33.630,bitget,ACE/USDT:USDT,0.5923,109.33,0.5922,206.03,0.593,105.6,0.5931,253.36
1753600113780,07:08:33.780,bitget,ACE/USDT:USDT,0.5923,109.33,0.5922,206.03,0.593,105.6,0.5931,253.36
1753600113930,07:08:33.930,bitget,ACE/USDT:USDT,0.5923,109.33,0.5922,206.03,0.593,105.6,0.5931,253.36
1753600114080,07:08:34.080,bitget,ACE/USDT:USDT,0.5923,109.33,0.5922,206.03,0.593,105.6,0.5931,253.36
1753600114230,07:08:34.230,bitget,ACE/USDT:USDT,0.5923,109.33,0.5922,206.03,0.593,105.6,0.5931,253.36
1753600114380,07:08:34.380,bitget,ACE/USDT:USDT,0.5923,109.33,0.5922,206.03,0.593,105.6,0.5931,253.36
1753600114530,07:08:34.530,bitget,ACE/USDT:USDT,0.5923,109.33,0.5922,206.03,0.593,105.6,0.5931,253.36
1753600114680,07:08:34.680,bitget,ACE/USDT:USDT,0.5923,109.33,0.5922,206.03,0.593,105.6,0.5931,253.36
1753600114830,07:08:34.830,bitget,ACE/USDT:USDT,0.5923,109.33,0.5922,206.03,0.593,105.6,0.5931,253.36
1753600114981,07:08:34.981,bitget,ACE/USDT:USDT,0.5923,109.33,0.5922,206.03,0.593,105.6,0.5931,253.36
1753600115131,07:08:35.131,bitget,ACE/USDT:USDT,0.5923,109.33,0.5922,206.03,0.593,105.6,0.5931,364.37
1753600115281,07:08:35.281,bitget,ACE/USDT:USDT,0.5923,109.33,0.5922,206.03,0.593,105.6,0.5931,364.37
1753600115431,07:08:35.431,bitget,ACE/USDT:USDT,0.5923,109.33,0.5922,206.03,0.593,105.6,0.5931,364.37
1753600115581,07:08:35.581,bitget,ACE/USDT:USDT,0.5923,109.33,0.5922,206.03,0.593,105.6,0.5931,364.37
1753600115731,07:08:35.731,bitget,ACE/USDT:USDT,0.5923,109.33,0.5922,206.03,0.593,105.6,0.5931,364.37
1753600115881,07:08:35.881,bitget,ACE/USDT:USDT,0.5923,109.33,0.5922,206.03,0.593,105.6,0.5931,364.37
1753600116031,07:08:36.031,bitget,ACE/USDT:USDT,0.5923,109.33,0.5922,206.03,0.593,105.6,0.5931,280.07
1753600116181,07:08:36.181,bitget,ACE/USDT:USDT,0.5923,109.33,0.5922,206.03,0.593,105.6,0.5931,280.07
1753600116331,07:08:36.331,bitget,ACE/USDT:USDT,0.5923,109.33,0.5922,206.03,0.593,105.6,0.5931,280.07
1753600116481,07:08:36.481,bitget,ACE/USDT:USDT,0.5923,109.33,0.5922,206.03,0.593,105.6,0.5931,280.07
1753600116632,07:08:36.632,bitget,ACE/USDT:USDT,0.5923,109.33,0.5922,206.03,0.593,105.6,0.5931,169.06
1753600116782,07:08:36.782,bitget,ACE/USDT:USDT,0.5923,109.33,0.5922,206.03,0.593,105.6,0.5931,169.06
1753600116932,07:08:36.932,bitget,ACE/USDT:USDT,0.5923,109.33,0.5922,206.03,0.593,105.6,0.5931,169.06
1753600117082,07:08:37.082,bitget,ACE/USDT:USDT,0.5923,109.33,0.5922,206.03,0.593,189.92,0.5931,169.06
1753600117232,07:08:37.232,bitget,ACE/USDT:USDT,0.5923,109.33,0.5922,206.03,0.5929,106.32,0.593,189.92
1753600117382,07:08:37.382,bitget,ACE/USDT:USDT,0.5923,109.33,0.5922,206.03,0.5929,106.32,0.593,105.6
1753600117532,07:08:37.532,bitget,ACE/USDT:USDT,0.5923,109.33,0.5922,206.03,0.593,105.6,0.5931,169.06
1753600117682,07:08:37.682,bitget,ACE/USDT:USDT,0.5923,109.33,0.5922,206.03,0.593,105.6,0.5931,169.06
1753600117832,07:08:37.832,bitget,ACE/USDT:USDT,0.5923,109.33,0.5922,206.03,0.593,105.6,0.5931,169.06
1753600117982,07:08:37.982,bitget,ACE/USDT:USDT,0.5923,109.33,0.5922,206.03,0.593,105.6,0.5931,169.06
1753600118132,07:08:38.132,bitget,ACE/USDT:USDT,0.5923,242.05,0.5922,206.03,0.593,105.6,0.5931,1218.04
1753600118283,07:08:38.283,bitget,ACE/USDT:USDT,0.5924,106.32,0.5923,109.33,0.5929,272.92,0.593,814.13
1753600118433,07:08:38.433,bitget,ACE/USDT:USDT,0.5923,109.33,0.5922,206.03,0.5928,106.32,0.5929,272.92
1753600118583,07:08:38.583,bitget,ACE/USDT:USDT,0.5923,109.33,0.5922,206.03,0.5927,106.32,0.5928,167.01
1753600118733,07:08:38.733,bitget,ACE/USDT:USDT,0.5923,109.33,0.5922,206.03,0.5927,106.32,0.5928,267.09
1753600118883,07:08:38.883,bitget,ACE/USDT:USDT,0.5923,109.33,0.5922,206.03,0.5927,106.32,0.5928,267.09
1753600119033,07:08:39.033,bitget,ACE/USDT:USDT,0.5923,109.33,0.5922,206.03,0.5927,106.32,0.5928,267.09
1753600119183,07:08:39.183,bitget,ACE/USDT:USDT,0.5923,109.33,0.5922,106.03,0.5927,106.32,0.5928,267.09
1753600119333,07:08:39.333,bitget,ACE/USDT:USDT,0.5922,106.03,0.592,107.02,0.5927,190.68,0.5928,167.01
1753600119483,07:08:39.483,bitget,ACE/USDT:USDT,0.592,107.02,0.5919,191.42,0.5926,106.32,0.5927,190.68
1753600119633,07:08:39.633,bitget,ACE/USDT:USDT,0.592,106.32,0.5919,674.51,0.5926,106.32,0.5927,106.32
1753600119783,07:08:39.783,bitget,ACE/USDT:USDT,0.592,283.35,0.5919,590.11,0.5927,106.32,0.5928,106.32
1753600120084,07:08:40.084,bitget,ACE/USDT:USDT,0.5922,149.98,0.5921,184.04,0.5927,106.32,0.5928,60.69
1753600120234,07:08:40.234,bitget,ACE/USDT:USDT,0.5923,106.32,0.5922,149.98,0.5927,106.32,0.5928,60.69
1753600120384,07:08:40.384,bitget,ACE/USDT:USDT,0.5923,106.32,0.5922,149.98,0.5927,106.32,0.5928,60.69
1753600120534,07:08:40.534,bitget,ACE/USDT:USDT,0.5923,106.32,0.5922,149.98,0.5927,106.32,0.5928,60.69
1753600120684,07:08:40.684,bitget,ACE/USDT:USDT,0.5923,106.32,0.5922,149.98,0.5927,106.32,0.5928,60.69
1753600120834,07:08:40.834,bitget,ACE/USDT:USDT,0.5923,106.32,0.5922,149.98,0.5927,106.32,0.5928,60.69
1753600120984,07:08:40.984,bitget,ACE/USDT:USDT,0.5923,106.32,0.5922,149.98,0.5927,106.32,0.5928,60.69
1753600121284,07:08:41.284,bitget,ACE/USDT:USDT,0.5923,106.32,0.5922,149.98,0.5927,106.32,0.5928,60.69
1753600121434,07:08:41.434,bitget,ACE/USDT:USDT,0.5923,106.32,0.5922,149.98,0.5927,106.32,0.5928,60.69
1753600121585,07:08:41.585,bitget,ACE/USDT:USDT,0.5923,106.32,0.5922,149.98,0.5927,106.32,0.5928,60.69
1753600121735,07:08:41.735,bitget,ACE/USDT:USDT,0.5923,106.32,0.5922,149.98,0.5927,106.32,0.5928,60.69
1753600122035,07:08:42.035,bitget,ACE/USDT:USDT,0.5923,106.32,0.5922,149.98,0.5927,106.32,0.5928,60.69
1753600122185,07:08:42.185,bitget,ACE/USDT:USDT,0.5923,106.32,0.5922,149.98,0.5927,106.32,0.5928,60.69
1753600122335,07:08:42.335,bitget,ACE/USDT:USDT,0.5923,106.32,0.5922,149.98,0.5927,106.32,0.5928,60.69
1753600122485,07:08:42.485,bitget,ACE/USDT:USDT,0.5923,106.32,0.5922,149.98,0.5927,106.32,0.5928,60.69
1753600122635,07:08:42.635,bitget,ACE/USDT:USDT,0.5923,106.32,0.5922,149.98,0.5927,106.32,0.5928,60.69
1753600122785,07:08:42.785,bitget,ACE/USDT:USDT,0.5923,106.32,0.5922,149.98,0.5927,106.32,0.5928,60.69
1753600122935,07:08:42.935,bitget,ACE/USDT:USDT,0.5923,106.32,0.5922,149.98,0.5927,106.32,0.5928,60.69
1753600123085,07:08:43.085,bitget,ACE/USDT:USDT,0.5923,106.32,0.5922,149.98,0.5927,106.32,0.5928,60.69
1753600123236,07:08:43.236,bitget,ACE/USDT:USDT,0.5923,106.32,0.5922,149.98,0.5927,106.32,0.5928,60.69
1753600123386,07:08:43.386,bitget,ACE/USDT:USDT,0.5923,106.32,0.5922,149.98,0.5927,106.32,0.5928,60.69
1753600123536,07:08:43.536,bitget,ACE/USDT:USDT,0.5923,106.32,0.5922,149.98,0.5928,60.69,0.5929,106.32
1753600123686,07:08:43.686,bitget,ACE/USDT:USDT,0.5923,106.32,0.5922,149.98,0.5927,106.32,0.5928,60.69
1753600123836,07:08:43.836,bitget,ACE/USDT:USDT,0.5923,106.32,0.5922,149.98,0.5927,106.32,0.5928,60.69
1753600123986,07:08:43.986,bitget,ACE/USDT:USDT,0.5923,106.32,0.5922,149.98,0.5927,106.32,0.5928,60.69
1753600124136,07:08:44.136,bitget,ACE/USDT:USDT,0.5923,106.32,0.5922,149.98,0.5927,106.32,0.5928,60.69
1753600124286,07:08:44.286,bitget,ACE/USDT:USDT,0.5923,106.32,0.5922,149.98,0.5927,106.32,0.5928,60.69
1753600124436,07:08:44.436,bitget,ACE/USDT:USDT,0.5923,106.32,0.5922,149.98,0.5927,106.32,0.5928,60.69
1753600124586,07:08:44.586,bitget,ACE/USDT:USDT,0.5923,106.32,0.5922,149.98,0.5927,106.32,0.5928,60.69
1753600124736,07:08:44.736,bitget,ACE/USDT:USDT,0.5923,106.32,0.5922,149.98,0.5927,106.32,0.5928,60.69
1753600124887,07:08:44.887,bitget,ACE/USDT:USDT,0.5923,106.32,0.5922,149.98,0.5927,106.32,0.5928,60.69
1753600125037,07:08:45.037,bitget,ACE/USDT:USDT,0.5923,106.32,0.5922,149.98,0.5927,106.32,0.5928,60.69
1753600125187,07:08:45.187,bitget,ACE/USDT:USDT,0.5923,106.32,0.5922,149.98,0.5927,106.32,0.5928,60.69
1753600125337,07:08:45.337,bitget,ACE/USDT:USDT,0.5923,106.32,0.5922,149.98,0.5927,106.32,0.5928,60.69
1753600125487,07:08:45.487,bitget,ACE/USDT:USDT,0.5923,106.32,0.5922,149.98,0.5927,106.32,0.5928,60.69
1753600125637,07:08:45.637,bitget,ACE/USDT:USDT,0.5923,106.32,0.5922,149.98,0.5927,106.32,0.5928,60.69
1753600125787,07:08:45.787,bitget,ACE/USDT:USDT,0.5923,106.32,0.5922,149.98,0.5927,106.32,0.5928,60.69
1753600125937,07:08:45.937,bitget,ACE/USDT:USDT,0.5923,106.32,0.5922,149.98,0.5927,106.32,0.5928,60.69
1753600126087,07:08:46.087,bitget,ACE/USDT:USDT,0.5923,106.32,0.5922,149.98,0.5927,106.32,0.5928,60.69
1753600126237,07:08:46.237,bitget,ACE/USDT:USDT,0.5923,106.32,0.5922,149.98,0.5927,106.32,0.5928,60.69
1753600126387,07:08:46.387,bitget,ACE/USDT:USDT,0.5923,106.32,0.5922,149.98,0.5927,106.32,0.5928,60.69
1753600126537,07:08:46.537,bitget,ACE/USDT:USDT,0.5923,106.32,0.5922,149.98,0.5927,106.32,0.5928,60.69
1753600126688,07:08:46.688,bitget,ACE/USDT:USDT,0.5923,106.32,0.5922,149.98,0.5927,106.32,0.5928,60.69
1753600126838,07:08:46.838,bitget,ACE/USDT:USDT,0.5923,106.32,0.5922,149.98,0.5927,106.32,0.5928,60.69
1753600126988,07:08:46.988,bitget,ACE/USDT:USDT,0.5923,106.32,0.5922,149.98,0.5927,106.32,0.5928,60.69
1753600127138,07:08:47.138,bitget,ACE/USDT:USDT,0.5923,106.32,0.5922,149.98,0.5927,106.32,0.5928,60.69
1753600127288,07:08:47.288,bitget,ACE/USDT:USDT,0.5923,106.32,0.5922,149.98,0.5927,106.32,0.5928,60.69
1753600127438,07:08:47.438,bitget,ACE/USDT:USDT,0.5923,106.32,0.5922,149.98,0.5928,60.69,0.5929,106.32
1753600127588,07:08:47.588,bitget,ACE/USDT:USDT,0.5923,106.32,0.5922,149.98,0.5928,60.69,0.5929,106.32
1753600127738,07:08:47.738,bitget,ACE/USDT:USDT,0.5923,106.32,0.5922,149.98,0.5929,106.32,0.593,471.01
1753600127888,07:08:47.888,bitget,ACE/USDT:USDT,0.5923,106.32,0.5922,149.98,0.5929,106.32,0.593,471.01
1753600128038,07:08:48.038,bitget,ACE/USDT:USDT,0.5923,106.32,0.5922,234.36,0.5929,106.32,0.593,105.6
1753600128188,07:08:48.188,bitget,ACE/USDT:USDT,0.5923,106.32,0.5922,234.36,0.593,105.6,0.5931,194.09
1753600128339,07:08:48.339,bitget,ACE/USDT:USDT,0.5923,106.32,0.5922,234.35,0.593,105.6,0.5931,194.09
1753600128489,07:08:48.489,bitget,ACE/USDT:USDT,0.5923,106.32,0.5922,234.35,0.593,105.6,0.5931,194.09
1753600128639,07:08:48.639,bitget,ACE/USDT:USDT,0.5923,106.32,0.5922,234.35,0.593,105.6,0.5931,194.09
1753600128789,07:08:48.789,bitget,ACE/USDT:USDT,0.5923,106.32,0.5922,234.35,0.593,105.6,0.5931,194.09
1753600128939,07:08:48.939,bitget,ACE/USDT:USDT,0.5923,106.32,0.5922,234.35,0.593,105.6,0.5931,194.09
1753600129089,07:08:49.089,bitget,ACE/USDT:USDT,0.5923,106.32,0.5922,234.35,0.593,105.6,0.5931,194.09
1753600129239,07:08:49.239,bitget,ACE/USDT:USDT,0.5923,106.32,0.5922,234.35,0.593,105.6,0.5931,194.09
1753600129389,07:08:49.389,bitget,ACE/USDT:USDT,0.5923,106.32,0.5922,234.35,0.593,105.6,0.5931,194.09
1753600129539,07:08:49.539,bitget,ACE/USDT:USDT,0.5923,106.32,0.5922,234.35,0.593,105.6,0.5931,194.09
1753600129689,07:08:49.689,bitget,ACE/USDT:USDT,0.5923,106.32,0.5922,234.35,0.593,105.6,0.5931,194.09
1753600129839,07:08:49.839,bitget,ACE/USDT:USDT,0.5923,106.32,0.5922,234.35,0.593,105.6,0.5931,194.09
1753600129990,07:08:49.990,bitget,ACE/USDT:USDT,0.5923,106.32,0.5922,234.35,0.593,105.6,0.5931,194.09
1753600130140,07:08:50.140,bitget,ACE/USDT:USDT,0.5923,106.32,0.5922,234.35,0.593,105.6,0.5931,194.09
1753600130290,07:08:50.290,bitget,ACE/USDT:USDT,0.5923,106.32,0.5922,234.35,0.593,105.6,0.5931,194.09
1753600130440,07:08:50.440,bitget,ACE/USDT:USDT,0.5923,106.32,0.5922,234.35,0.593,105.6,0.5931,194.09
1753600130590,07:08:50.590,bitget,ACE/USDT:USDT,0.5923,106.32,0.5922,234.35,0.593,105.6,0.5931,194.09
1753600130740,07:08:50.740,bitget,ACE/USDT:USDT,0.5923,106.32,0.5922,234.35,0.593,105.6,0.5931,194.09
1753600130890,07:08:50.890,bitget,ACE/USDT:USDT,0.5923,106.32,0.5922,234.35,0.593,105.6,0.5931,194.09
1753600131040,07:08:51.040,bitget,ACE/USDT:USDT,0.5923,106.32,0.5922,234.35,0.593,105.6,0.5931,194.09
1753600131190,07:08:51.190,bitget,ACE/USDT:USDT,0.5923,106.32,0.5922,234.35,0.593,105.6,0.5931,194.09
1753600131340,07:08:51.340,bitget,ACE/USDT:USDT,0.5923,106.32,0.5922,234.35,0.593,105.6,0.5931,194.09
1753600131490,07:08:51.490,bitget,ACE/USDT:USDT,0.5923,106.32,0.5922,234.35,0.593,105.6,0.5931,194.09
1753600131641,07:08:51.641,bitget,ACE/USDT:USDT,0.5923,106.32,0.5922,234.35,0.593,105.6,0.5931,194.09
1753600131791,07:08:51.791,bitget,ACE/USDT:USDT,0.5923,106.32,0.5922,234.35,0.593,105.6,0.5931,194.09
1753600131941,07:08:51.941,bitget,ACE/USDT:USDT,0.5923,106.32,0.5922,234.35,0.593,105.6,0.5931,194.09
1753600132091,07:08:52.091,bitget,ACE/USDT:USDT,0.5923,106.32,0.5922,234.35,0.593,105.6,0.5931,194.09
1753600132241,07:08:52.241,bitget,ACE/USDT:USDT,0.5923,106.32,0.5922,234.35,0.593,105.6,0.5931,194.09
1753600132391,07:08:52.391,bitget,ACE/USDT:USDT,0.5923,106.32,0.5922,234.35,0.593,105.6,0.5931,194.09
1753600132541,07:08:52.541,bitget,ACE/USDT:USDT,0.5923,106.32,0.5922,234.35,0.593,105.6,0.5931,194.09
1753600132691,07:08:52.691,bitget,ACE/USDT:USDT,0.5923,106.32,0.5922,234.35,0.593,105.6,0.5931,194.09
1753600132841,07:08:52.841,bitget,ACE/USDT:USDT,0.5923,106.32,0.5922,234.35,0.593,105.6,0.5931,194.09
1753600132991,07:08:52.991,bitget,ACE/USDT:USDT,0.5923,106.32,0.5922,234.35,0.593,105.6,0.5931,194.09
1753600133142,07:08:53.142,bitget,ACE/USDT:USDT,0.5923,106.32,0.5922,234.35,0.593,105.6,0.5931,194.09
1753600133292,07:08:53.292,bitget,ACE/USDT:USDT,0.5923,106.32,0.5922,234.35,0.593,105.6,0.5931,194.09
1753600133442,07:08:53.442,bitget,ACE/USDT:USDT,0.5923,106.32,0.5922,234.35,0.593,105.6,0.5931,194.09
1753600133592,07:08:53.592,bitget,ACE/USDT:USDT,0.5923,106.32,0.5922,234.35,0.593,105.6,0.5931,194.09
1753600133742,07:08:53.742,bitget,ACE/USDT:USDT,0.5923,106.32,0.5922,234.35,0.593,105.6,0.5931,194.09
1753600133892,07:08:53.892,bitget,ACE/USDT:USDT,0.5923,106.32,0.5922,234.35,0.593,105.6,0.5931,194.09
1753600134042,07:08:54.042,bitget,ACE/USDT:USDT,0.5923,106.32,0.5922,234.35,0.593,105.6,0.5931,194.09
1753600134192,07:08:54.192,bitget,ACE/USDT:USDT,0.5923,106.32,0.5922,234.35,0.593,105.6,0.5931,194.09
1753600134342,07:08:54.342,bitget,ACE/USDT:USDT,0.5923,106.32,0.5922,234.35,0.593,105.6,0.5931,194.09
1753600134493,07:08:54.493,bitget,ACE/USDT:USDT,0.5923,106.32,0.5922,234.35,0.593,105.6,0.5931,194.09
1753600134703,07:08:54.703,bitget,ACE/USDT:USDT,0.5923,106.32,0.5922,234.35,0.593,105.6,0.5931,194.09
1753600134942,07:08:54.942,bitget,ACE/USDT:USDT,0.5923,106.32,0.5922,234.35,0.593,105.6,0.5931,194.09
1753600135093,07:08:55.093,bitget,ACE/USDT:USDT,0.5923,106.32,0.5922,234.35,0.593,105.6,0.5931,194.09
1753600135243,07:08:55.243,bitget,ACE/USDT:USDT,0.5923,106.32,0.5922,234.35,0.593,105.6,0.5931,194.09
1753600135393,07:08:55.393,bitget,ACE/USDT:USDT,0.5923,106.32,0.5922,234.35,0.593,105.6,0.5931,194.09
1753600135543,07:08:55.543,bitget,ACE/USDT:USDT,0.5923,106.32,0.5922,234.35,0.593,105.6,0.5931,194.09
1753600135693,07:08:55.693,bitget,ACE/USDT:USDT,0.5923,106.32,0.5922,234.35,0.593,105.6,0.5931,194.09
1753600135843,07:08:55.843,bitget,ACE/USDT:USDT,0.5923,106.32,0.5922,234.35,0.593,105.6,0.5931,194.09
1753600135993,07:08:55.993,bitget,ACE/USDT:USDT,0.5923,106.32,0.5922,234.35,0.593,105.6,0.5931,194.09
