timestamp,time,exchange,symbol,bid1_price,bid1_volume,bid2_price,bid2_volume,ask1_price,ask1_volume,ask2_price,ask2_volume
1753599983557,07:06:23.557,binance,1INCH/USDT:USDT,0.2891,3405.0,0.289,8517.0,0.2892,8999.0,0.2893,16485.0
1753599983780,07:06:23.780,binance,1INCH/USDT:USDT,0.2891,3367.0,0.289,11517.0,0.2892,9251.0,0.2893,16485.0
1753599984015,07:06:24.015,binance,1INCH/USDT:USDT,0.2891,5801.0,0.289,12203.0,0.2892,4368.0,0.2893,12173.0
1753599984232,07:06:24.232,binance,1INCH/USDT:USDT,0.2891,5876.0,0.289,14542.0,0.2892,4620.0,0.2893,12706.0
1753599984750,07:06:24.750,binance,1INCH/USDT:USDT,0.2891,5838.0,0.289,12548.0,0.2892,6542.0,0.2893,13800.0
1753599985014,07:06:25.014,binance,1INCH/USDT:USDT,0.2891,5838.0,0.289,12548.0,0.2892,6542.0,0.2893,13427.0
1753599985201,07:06:25.201,binance,1INCH/USDT:USDT,0.2891,5838.0,0.289,12548.0,0.2892,6795.0,0.2893,13427.0
1753599985305,07:06:25.305,binance,1INCH/USDT:USDT,0.2891,5838.0,0.289,12586.0,0.2892,6795.0,0.2893,13427.0
1753599985487,07:06:25.487,binance,1INCH/USDT:USDT,0.2891,5838.0,0.289,12586.0,0.2892,6860.0,0.2893,13053.0
1753599985602,07:06:25.602,binance,1INCH/USDT:USDT,0.2891,5838.0,0.289,12586.0,0.2892,6860.0,0.2893,13053.0
1753599986160,07:06:26.160,binance,1INCH/USDT:USDT,0.2891,3404.0,0.289,12249.0,0.2892,7318.0,0.2893,16858.0
1753599986291,07:06:26.291,binance,1INCH/USDT:USDT,0.2891,3404.0,0.289,12249.0,0.2892,7318.0,0.2893,16858.0
1753599986432,07:06:26.432,binance,1INCH/USDT:USDT,0.2891,3404.0,0.289,12249.0,0.2892,7318.0,0.2893,16490.0
1753599986578,07:06:26.578,binance,1INCH/USDT:USDT,0.2891,3404.0,0.289,12249.0,0.2892,7318.0,0.2893,16811.0
1753599987015,07:06:27.015,binance,1INCH/USDT:USDT,0.2891,3427.0,0.289,12249.0,0.2892,7568.0,0.2893,16442.0
1753599987116,07:06:27.116,binance,1INCH/USDT:USDT,0.2891,3427.0,0.289,12249.0,0.2892,7568.0,0.2893,16442.0
1753599987251,07:06:27.251,binance,1INCH/USDT:USDT,0.2891,3427.0,0.289,12249.0,0.2892,7816.0,0.2893,14491.0
1753599987476,07:06:27.476,binance,1INCH/USDT:USDT,0.2891,3427.0,0.289,12249.0,0.2892,7816.0,0.2893,14120.0
1753599988452,07:06:28.452,binance,1INCH/USDT:USDT,0.2891,3427.0,0.289,12249.0,0.2892,8105.0,0.2893,14343.0
1753599988602,07:06:28.602,binance,1INCH/USDT:USDT,0.2891,3427.0,0.289,12249.0,0.2892,8105.0,0.2893,14343.0
1753599988707,07:06:28.707,binance,1INCH/USDT:USDT,0.2891,2355.0,0.289,12249.0,0.2892,8351.0,0.2893,14343.0
1753599988826,07:06:28.826,binance,1INCH/USDT:USDT,0.2891,2355.0,0.289,12249.0,0.2892,8351.0,0.2893,14343.0
1753599989202,07:06:29.202,binance,1INCH/USDT:USDT,0.2891,2355.0,0.289,11904.0,0.2892,8600.0,0.2893,14343.0
1753599989402,07:06:29.402,binance,1INCH/USDT:USDT,0.2891,2039.0,0.289,11904.0,0.2892,8600.0,0.2893,14343.0
1753599989515,07:06:29.515,binance,1INCH/USDT:USDT,0.2891,2039.0,0.289,11904.0,0.2892,8600.0,0.2893,13975.0
1753599990143,07:06:30.143,binance,1INCH/USDT:USDT,0.2891,2039.0,0.289,11904.0,0.2892,8844.0,0.2893,16605.0
1753599990281,07:06:30.281,binance,1INCH/USDT:USDT,0.2891,2039.0,0.289,11904.0,0.2892,8844.0,0.2893,16605.0
1753599990392,07:06:30.392,binance,1INCH/USDT:USDT,0.2891,2039.0,0.289,11904.0,0.2892,8844.0,0.2893,16605.0
1753599991073,07:06:31.073,binance,1INCH/USDT:USDT,0.289,5592.0,0.2889,15047.0,0.2891,7251.0,0.2892,16464.0
1753599991179,07:06:31.179,binance,1INCH/USDT:USDT,0.289,5592.0,0.2889,15047.0,0.2891,7251.0,0.2892,16464.0
1753599991361,07:06:31.361,binance,1INCH/USDT:USDT,0.289,5592.0,0.2889,15047.0,0.2891,7251.0,0.2892,16464.0
1753599991945,07:06:31.945,binance,1INCH/USDT:USDT,0.289,5592.0,0.2889,15392.0,0.2891,7251.0,0.2892,15526.0
1753599992672,07:06:32.672,binance,1INCH/USDT:USDT,0.289,5592.0,0.2889,15392.0,0.2891,7251.0,0.2892,16916.0
1753599992982,07:06:32.982,binance,1INCH/USDT:USDT,0.289,5592.0,0.2889,15392.0,0.2891,7251.0,0.2892,16661.0
1753599993333,07:06:33.333,binance,1INCH/USDT:USDT,0.289,5592.0,0.2889,15392.0,0.2891,7251.0,0.2892,16661.0
1753599993892,07:06:33.892,binance,1INCH/USDT:USDT,0.289,5592.0,0.2889,15392.0,0.2891,7226.0,0.2892,16408.0
1753599994015,07:06:34.015,binance,1INCH/USDT:USDT,0.289,5592.0,0.2889,15392.0,0.2891,7226.0,0.2892,16160.0
1753599994202,07:06:34.202,binance,1INCH/USDT:USDT,0.289,5592.0,0.2889,15392.0,0.2891,7226.0,0.2892,16160.0
1753599994428,07:06:34.428,binance,1INCH/USDT:USDT,0.289,5592.0,0.2889,15392.0,0.2891,7226.0,0.2892,15911.0
1753599994702,07:06:34.702,binance,1INCH/USDT:USDT,0.289,5592.0,0.2889,15392.0,0.2891,7226.0,0.2892,15911.0
1753599995002,07:06:35.002,binance,1INCH/USDT:USDT,0.289,5592.0,0.2889,15392.0,0.2891,7226.0,0.2892,15661.0
1753599995242,07:06:35.242,binance,1INCH/USDT:USDT,0.289,5592.0,0.2889,15392.0,0.2891,7226.0,0.2892,15661.0
1753599995369,07:06:35.369,binance,1INCH/USDT:USDT,0.289,5592.0,0.2889,15392.0,0.2891,7226.0,0.2892,15661.0
1753599995510,07:06:35.510,binance,1INCH/USDT:USDT,0.289,5646.0,0.2889,15392.0,0.2891,8090.0,0.2892,14549.0
1753599995631,07:06:35.631,binance,1INCH/USDT:USDT,0.289,5646.0,0.2889,15392.0,0.2891,8090.0,0.2892,14549.0
1753599995756,07:06:35.756,binance,1INCH/USDT:USDT,0.289,5646.0,0.2889,15392.0,0.2891,8090.0,0.2892,14549.0
1753599995871,07:06:35.871,binance,1INCH/USDT:USDT,0.289,5646.0,0.2889,15392.0,0.2891,8090.0,0.2892,14549.0
1753599996010,07:06:36.010,binance,1INCH/USDT:USDT,0.289,5646.0,0.2889,15392.0,0.2891,8090.0,0.2892,14298.0
1753599996191,07:06:36.191,binance,1INCH/USDT:USDT,0.289,5646.0,0.2889,15392.0,0.2891,8090.0,0.2892,14298.0
1753599996371,07:06:36.371,binance,1INCH/USDT:USDT,0.289,5665.0,0.2889,15392.0,0.2891,8090.0,0.2892,14298.0
1753599996509,07:06:36.509,binance,1INCH/USDT:USDT,0.289,5665.0,0.2889,17410.0,0.2891,8090.0,0.2892,14053.0
1753599996711,07:06:36.711,binance,1INCH/USDT:USDT,0.289,5665.0,0.2889,17410.0,0.2891,8090.0,0.2892,14053.0
1753599996818,07:06:36.818,binance,1INCH/USDT:USDT,0.289,5665.0,0.2889,17410.0,0.2891,8512.0,0.2892,14053.0
1753599996920,07:06:36.920,binance,1INCH/USDT:USDT,0.289,5665.0,0.2889,17410.0,0.2891,8512.0,0.2892,13807.0
1753599997021,07:06:37.021,binance,1INCH/USDT:USDT,0.289,5665.0,0.2889,15392.0,0.2891,8512.0,0.2892,13807.0
1753599997183,07:06:37.183,binance,1INCH/USDT:USDT,0.289,5665.0,0.2889,15392.0,0.2891,8922.0,0.2892,13807.0
1753599997396,07:06:37.396,binance,1INCH/USDT:USDT,0.289,5665.0,0.2889,15392.0,0.2891,8922.0,0.2892,12965.0
1753599997502,07:06:37.502,binance,1INCH/USDT:USDT,0.289,5665.0,0.2889,15392.0,0.2891,8922.0,0.2892,11494.0
1753599997605,07:06:37.605,binance,1INCH/USDT:USDT,0.289,5665.0,0.2889,15392.0,0.2891,8058.0,0.2892,11494.0
1753599997735,07:06:37.735,binance,1INCH/USDT:USDT,0.289,5665.0,0.2889,13664.0,0.2891,8058.0,0.2892,11494.0
1753599997931,07:06:37.931,binance,1INCH/USDT:USDT,0.289,5665.0,0.2889,13664.0,0.2891,8058.0,0.2892,11250.0
1753599998102,07:06:38.102,binance,1INCH/USDT:USDT,0.289,5665.0,0.2889,13664.0,0.2891,7853.0,0.2892,11250.0
1753599998481,07:06:38.481,binance,1INCH/USDT:USDT,0.289,5665.0,0.2889,15682.0,0.2891,8717.0,0.2892,11250.0
1753599998808,07:06:38.808,binance,1INCH/USDT:USDT,0.289,4593.0,0.2889,15682.0,0.2891,8921.0,0.2892,11250.0
1753599999002,07:06:39.002,binance,1INCH/USDT:USDT,0.289,4593.0,0.2889,13664.0,0.2891,8921.0,0.2892,11250.0
1753599999202,07:06:39.202,binance,1INCH/USDT:USDT,0.289,4593.0,0.2889,13664.0,0.2891,8921.0,0.2892,11250.0
1753599999313,07:06:39.313,binance,1INCH/USDT:USDT,0.289,4593.0,0.2889,13664.0,0.2891,8921.0,0.2892,11250.0
1753599999602,07:06:39.602,binance,1INCH/USDT:USDT,0.289,5619.0,0.2889,13664.0,0.2891,8921.0,0.2892,11250.0
1753599999802,07:06:39.802,binance,1INCH/USDT:USDT,0.289,5619.0,0.2889,13664.0,0.2891,8921.0,0.2892,11250.0
1753600000184,07:06:40.184,binance,1INCH/USDT:USDT,0.289,5619.0,0.2889,13664.0,0.2891,8921.0,0.2892,11250.0
1753600000302,07:06:40.302,binance,1INCH/USDT:USDT,0.289,5619.0,0.2889,13664.0,0.2891,8921.0,0.2892,12002.0
1753600000455,07:06:40.455,binance,1INCH/USDT:USDT,0.289,7477.0,0.2889,17694.0,0.2891,1753.0,0.2892,10469.0
1753600000565,07:06:40.565,binance,1INCH/USDT:USDT,0.289,7477.0,0.2889,19712.0,0.2891,889.0,0.2892,10469.0
1753600000680,07:06:40.680,binance,1INCH/USDT:USDT,0.289,10477.0,0.2889,20057.0,0.2891,889.0,0.2892,11867.0
1753600000781,07:06:40.781,binance,1INCH/USDT:USDT,0.289,10477.0,0.2889,20057.0,0.2891,889.0,0.2892,11134.0
1753600000922,07:06:40.922,binance,1INCH/USDT:USDT,0.289,10477.0,0.2889,20151.0,0.2891,889.0,0.2892,11134.0
1753600001102,07:06:41.102,binance,1INCH/USDT:USDT,0.289,7477.0,0.2889,20151.0,0.2891,2739.0,0.2892,9477.0
1753600001300,07:06:41.300,binance,1INCH/USDT:USDT,0.289,7477.0,0.2889,20151.0,0.2891,2739.0,0.2892,9477.0
1753600001408,07:06:41.408,binance,1INCH/USDT:USDT,0.289,7477.0,0.2889,20151.0,0.2891,2739.0,0.2892,9477.0
1753600001538,07:06:41.538,binance,1INCH/USDT:USDT,0.289,7477.0,0.2889,20151.0,0.2891,2739.0,0.2892,12477.0
1753600001702,07:06:41.702,binance,1INCH/USDT:USDT,0.289,7477.0,0.2889,20151.0,0.2891,2739.0,0.2892,12477.0
1753600001891,07:06:41.891,binance,1INCH/USDT:USDT,0.289,7477.0,0.2889,20151.0,0.2891,2739.0,0.2892,12477.0
1753600002120,07:06:42.120,binance,1INCH/USDT:USDT,0.289,7477.0,0.2889,20151.0,0.2891,2739.0,0.2892,11423.0
1753600002602,07:06:42.602,binance,1INCH/USDT:USDT,0.289,8437.0,0.2889,20151.0,0.2891,2739.0,0.2892,11003.0
1753600002858,07:06:42.858,binance,1INCH/USDT:USDT,0.289,8437.0,0.2889,20151.0,0.2891,2739.0,0.2892,8003.0
1753600003001,07:06:43.001,binance,1INCH/USDT:USDT,0.289,8988.0,0.2889,20151.0,0.2891,2739.0,0.2892,8003.0
1753600003107,07:06:43.107,binance,1INCH/USDT:USDT,0.289,8901.0,0.2889,18133.0,0.2891,2739.0,0.2892,9705.0
1753600003219,07:06:43.219,binance,1INCH/USDT:USDT,0.289,8901.0,0.2889,18133.0,0.2891,2739.0,0.2892,8003.0
1753600003339,07:06:43.339,binance,1INCH/USDT:USDT,0.289,8901.0,0.2889,18133.0,0.2891,889.0,0.2892,9575.0
1753600003471,07:06:43.471,binance,1INCH/USDT:USDT,0.289,8901.0,0.2889,18133.0,0.2891,889.0,0.2892,9575.0
1753600003572,07:06:43.572,binance,1INCH/USDT:USDT,0.289,11901.0,0.2889,18476.0,0.2891,889.0,0.2892,9864.0
1753600004002,07:06:44.002,binance,1INCH/USDT:USDT,0.289,11901.0,0.2889,18476.0,0.2891,889.0,0.2892,9864.0
1753600004202,07:06:44.202,binance,1INCH/USDT:USDT,0.289,11901.0,0.2889,18476.0,0.2891,889.0,0.2892,9864.0
1753600004370,07:06:44.370,binance,1INCH/USDT:USDT,0.289,11901.0,0.2889,18476.0,0.2891,907.0,0.2892,9864.0
1753600004602,07:06:44.602,binance,1INCH/USDT:USDT,0.289,11901.0,0.2889,18476.0,0.2891,907.0,0.2892,9864.0
1753600004802,07:06:44.802,binance,1INCH/USDT:USDT,0.289,11901.0,0.2889,18476.0,0.2891,907.0,0.2892,9864.0
1753600004956,07:06:44.956,binance,1INCH/USDT:USDT,0.289,11901.0,0.2889,18476.0,0.2891,907.0,0.2892,9864.0
1753600005202,07:06:45.202,binance,1INCH/USDT:USDT,0.289,11901.0,0.2889,18476.0,0.2891,907.0,0.2892,9864.0
1753600005362,07:06:45.362,binance,1INCH/USDT:USDT,0.289,8901.0,0.2889,18476.0,0.2891,3574.0,0.2892,7139.0
1753600005550,07:06:45.550,binance,1INCH/USDT:USDT,0.289,8901.0,0.2889,18476.0,0.2891,3574.0,0.2892,10139.0
1753600005741,07:06:45.741,binance,1INCH/USDT:USDT,0.289,8901.0,0.2889,18476.0,0.2891,3574.0,0.2892,10139.0
1753600005902,07:06:45.902,binance,1INCH/USDT:USDT,0.289,8901.0,0.2889,18476.0,0.2891,3574.0,0.2892,10139.0
1753600006302,07:06:46.302,binance,1INCH/USDT:USDT,0.289,8901.0,0.2889,18133.0,0.2891,3574.0,0.2892,10139.0
1753600006437,07:06:46.437,binance,1INCH/USDT:USDT,0.289,8901.0,0.2889,18133.0,0.2891,3574.0,0.2892,10139.0
1753600006568,07:06:46.568,binance,1INCH/USDT:USDT,0.289,8901.0,0.2889,18133.0,0.2891,3574.0,0.2892,10139.0
1753600006891,07:06:46.891,binance,1INCH/USDT:USDT,0.289,8901.0,0.2889,12831.0,0.2891,3574.0,0.2892,12411.0
1753600007027,07:06:47.027,binance,1INCH/USDT:USDT,0.289,8901.0,0.2889,14849.0,0.2891,3574.0,0.2892,12411.0
1753600007244,07:06:47.244,binance,1INCH/USDT:USDT,0.289,1854.0,0.2889,11009.0,0.2891,7769.0,0.2892,12996.0
1753600007352,07:06:47.352,binance,1INCH/USDT:USDT,0.2889,4625.0,0.2888,20621.0,0.289,9588.0,0.2891,15218.0
1753600007454,07:06:47.454,binance,1INCH/USDT:USDT,0.2889,243.0,0.2888,14623.0,0.289,11609.0,0.2891,12258.0
1753600007555,07:06:47.555,binance,1INCH/USDT:USDT,0.2889,243.0,0.2888,11542.0,0.289,11609.0,0.2891,13344.0
1753600007667,07:06:47.667,binance,1INCH/USDT:USDT,0.2889,243.0,0.2888,11542.0,0.289,8609.0,0.2891,13344.0
1753600007772,07:06:47.772,binance,1INCH/USDT:USDT,0.2889,7318.0,0.2888,11890.0,0.289,5824.0,0.2891,5096.0
1753600007994,07:06:47.994,binance,1INCH/USDT:USDT,0.2889,7376.0,0.2888,12356.0,0.289,5882.0,0.2891,7725.0
1753600008104,07:06:48.104,binance,1INCH/USDT:USDT,0.2889,7376.0,0.2888,12356.0,0.289,5882.0,0.2891,7725.0
1753600008276,07:06:48.276,binance,1INCH/USDT:USDT,0.2889,7376.0,0.2888,12356.0,0.289,5882.0,0.2891,7725.0
1753600008410,07:06:48.410,binance,1INCH/USDT:USDT,0.2889,7376.0,0.2888,12356.0,0.289,6304.0,0.2891,9307.0
1753600008516,07:06:48.516,binance,1INCH/USDT:USDT,0.2889,6350.0,0.2888,13377.0,0.289,6304.0,0.2891,12307.0
1753600008633,07:06:48.633,binance,1INCH/USDT:USDT,0.2889,6350.0,0.2888,13377.0,0.289,6304.0,0.2891,12307.0
1753600009002,07:06:49.002,binance,1INCH/USDT:USDT,0.2889,6350.0,0.2888,13377.0,0.289,6304.0,0.2891,12307.0
1753600009198,07:06:49.198,binance,1INCH/USDT:USDT,0.2889,6350.0,0.2888,13377.0,0.289,6304.0,0.2891,12307.0
1753600009301,07:06:49.301,binance,1INCH/USDT:USDT,0.2889,6350.0,0.2888,13377.0,0.289,6304.0,0.2891,12307.0
1753600009411,07:06:49.411,binance,1INCH/USDT:USDT,0.2889,6350.0,0.2888,13377.0,0.289,6323.0,0.2891,12307.0
1753600009546,07:06:49.546,binance,1INCH/USDT:USDT,0.2889,6350.0,0.2888,13377.0,0.289,6323.0,0.2891,12307.0
1753600009702,07:06:49.702,binance,1INCH/USDT:USDT,0.2889,6350.0,0.2888,13295.0,0.289,6323.0,0.2891,12307.0
1753600010057,07:06:50.057,binance,1INCH/USDT:USDT,0.2889,6350.0,0.2888,12949.0,0.289,6323.0,0.2891,12307.0
1753600010160,07:06:50.160,binance,1INCH/USDT:USDT,0.2889,6350.0,0.2888,12949.0,0.289,6323.0,0.2891,12307.0
1753600010301,07:06:50.301,binance,1INCH/USDT:USDT,0.2889,5441.0,0.2888,10253.0,0.289,6323.0,0.2891,14679.0
1753600010491,07:06:50.491,binance,1INCH/USDT:USDT,0.2889,5441.0,0.2888,10253.0,0.289,6323.0,0.2891,14679.0
1753600010619,07:06:50.619,binance,1INCH/USDT:USDT,0.2889,3587.0,0.2888,10253.0,0.289,6302.0,0.2891,14679.0
1753600010767,07:06:50.767,binance,1INCH/USDT:USDT,0.2889,3587.0,0.2888,10253.0,0.289,6302.0,0.2891,14679.0
1753600010899,07:06:50.899,binance,1INCH/USDT:USDT,0.2889,3587.0,0.2888,11845.0,0.289,6302.0,0.2891,14679.0
1753600011089,07:06:51.089,binance,1INCH/USDT:USDT,0.2889,3587.0,0.2888,11845.0,0.289,6302.0,0.2891,14921.0
1753600011221,07:06:51.221,binance,1INCH/USDT:USDT,0.2889,3587.0,0.2888,11845.0,0.289,6302.0,0.2891,14921.0
1753600011402,07:06:51.402,binance,1INCH/USDT:USDT,0.2889,5415.0,0.2888,10253.0,0.289,6302.0,0.2891,15394.0
1753600011702,07:06:51.702,binance,1INCH/USDT:USDT,0.2889,5415.0,0.2888,10253.0,0.289,6302.0,0.2891,15394.0
1753600012002,07:06:52.002,binance,1INCH/USDT:USDT,0.2889,5415.0,0.2888,10253.0,0.289,6302.0,0.2891,15394.0
1753600012239,07:06:52.239,binance,1INCH/USDT:USDT,0.2889,5415.0,0.2888,10253.0,0.289,6302.0,0.2891,15394.0
1753600012350,07:06:52.350,binance,1INCH/USDT:USDT,0.2889,5480.0,0.2888,10253.0,0.289,6302.0,0.2891,15394.0
1753600012502,07:06:52.502,binance,1INCH/USDT:USDT,0.2889,7299.0,0.2888,12182.0,0.289,6042.0,0.2891,8134.0
1753600012604,07:06:52.604,binance,1INCH/USDT:USDT,0.2889,7299.0,0.2888,12182.0,0.289,25135.0,0.2891,8134.0
1753600012746,07:06:52.746,binance,1INCH/USDT:USDT,0.2889,7299.0,0.2888,10253.0,0.289,25135.0,0.2891,10390.0
1753600013102,07:06:53.102,binance,1INCH/USDT:USDT,0.2889,7299.0,0.2888,10253.0,0.289,25135.0,0.2891,10390.0
1753600013336,07:06:53.336,binance,1INCH/USDT:USDT,0.2889,7299.0,0.2888,10253.0,0.289,25135.0,0.2891,10390.0
1753600013459,07:06:53.459,binance,1INCH/USDT:USDT,0.2889,7299.0,0.2888,10253.0,0.289,25135.0,0.2891,10390.0
1753600013619,07:06:53.619,binance,1INCH/USDT:USDT,0.2889,7299.0,0.2888,10253.0,0.289,25135.0,0.2891,10390.0
1753600013781,07:06:53.781,binance,1INCH/USDT:USDT,0.2889,7299.0,0.2888,10253.0,0.289,25135.0,0.2891,10390.0
1753600013926,07:06:53.926,binance,1INCH/USDT:USDT,0.2889,7299.0,0.2888,10253.0,0.289,25135.0,0.2891,10390.0
1753600014221,07:06:54.221,binance,1INCH/USDT:USDT,0.2889,7344.0,0.2888,10253.0,0.289,25135.0,0.2891,10390.0
1753600014364,07:06:54.364,binance,1INCH/USDT:USDT,0.2889,10344.0,0.2888,10253.0,0.289,25135.0,0.2891,10390.0
1753600014467,07:06:54.467,binance,1INCH/USDT:USDT,0.2889,10344.0,0.2888,10253.0,0.289,25135.0,0.2891,10390.0
1753600014577,07:06:54.577,binance,1INCH/USDT:USDT,0.2889,10344.0,0.2888,10253.0,0.289,25135.0,0.2891,10390.0
1753600014857,07:06:54.857,binance,1INCH/USDT:USDT,0.2889,10325.0,0.2888,10253.0,0.289,25135.0,0.2891,10390.0
1753600015302,07:06:55.302,binance,1INCH/USDT:USDT,0.2889,5506.0,0.2888,10253.0,0.289,25135.0,0.2891,10390.0
1753600015440,07:06:55.440,binance,1INCH/USDT:USDT,0.2889,172.0,0.2888,10253.0,0.289,25135.0,0.2891,9959.0
1753600015542,07:06:55.542,binance,1INCH/USDT:USDT,0.2889,114.0,0.2888,10253.0,0.289,25135.0,0.2891,11687.0
1753600015668,07:06:55.668,binance,1INCH/USDT:USDT,0.2889,114.0,0.2888,12017.0,0.289,25135.0,0.2891,12007.0
1753600015832,07:06:55.832,binance,1INCH/USDT:USDT,0.2889,114.0,0.2888,12017.0,0.289,25135.0,0.2891,13735.0
1753600016020,07:06:56.020,binance,1INCH/USDT:USDT,0.2891,3166.0,0.289,7711.0,0.2892,4314.0,0.2893,4316.0
1753600016122,07:06:56.122,binance,1INCH/USDT:USDT,0.289,8390.0,0.2889,23136.0,0.2891,2492.0,0.2892,14451.0
1753600016224,07:06:56.224,binance,1INCH/USDT:USDT,0.289,4405.0,0.2889,21922.0,0.2891,5910.0,0.2892,16688.0
1753600016328,07:06:56.328,binance,1INCH/USDT:USDT,0.289,4405.0,0.2889,20194.0,0.2891,6836.0,0.2892,16642.0
1753600016433,07:06:56.433,binance,1INCH/USDT:USDT,0.289,4405.0,0.2889,20194.0,0.2891,6014.0,0.2892,16642.0
1753600016537,07:06:56.537,binance,1INCH/USDT:USDT,0.289,4405.0,0.2889,20194.0,0.2891,6014.0,0.2892,16642.0
1753600016642,07:06:56.642,binance,1INCH/USDT:USDT,0.289,4405.0,0.2889,20194.0,0.2891,6014.0,0.2892,16642.0
1753600016747,07:06:56.747,binance,1INCH/USDT:USDT,0.289,4405.0,0.2889,21922.0,0.2891,6014.0,0.2892,16642.0
1753600016869,07:06:56.869,binance,1INCH/USDT:USDT,0.289,4405.0,0.2889,21922.0,0.2891,6014.0,0.2892,16594.0
1753600017002,07:06:57.002,binance,1INCH/USDT:USDT,0.289,4405.0,0.2889,20179.0,0.2891,6014.0,0.2892,15971.0
1753600017104,07:06:57.104,binance,1INCH/USDT:USDT,0.289,4381.0,0.2889,15984.0,0.2891,6014.0,0.2892,15467.0
1753600017207,07:06:57.207,binance,1INCH/USDT:USDT,0.289,4381.0,0.2889,15984.0,0.2891,6014.0,0.2892,15467.0
1753600017376,07:06:57.376,binance,1INCH/USDT:USDT,0.2889,8607.0,0.2888,31455.0,0.289,865.0,0.2891,8258.0
1753600017481,07:06:57.481,binance,1INCH/USDT:USDT,0.2888,16104.0,0.2887,22278.0,0.2889,7929.0,0.289,7661.0
1753600017586,07:06:57.586,binance,1INCH/USDT:USDT,0.2888,19142.0,0.2887,22624.0,0.2889,6017.0,0.289,8377.0
1753600017698,07:06:57.698,binance,1INCH/USDT:USDT,0.2888,16763.0,0.2887,18153.0,0.2889,6075.0,0.289,8377.0
1753600017801,07:06:57.801,binance,1INCH/USDT:USDT,0.2888,17980.0,0.2887,19881.0,0.2889,6075.0,0.289,8377.0
1753600017902,07:06:57.902,binance,1INCH/USDT:USDT,0.2888,17980.0,0.2887,19881.0,0.2889,6075.0,0.289,8377.0
1753600018031,07:06:58.031,binance,1INCH/USDT:USDT,0.2888,17980.0,0.2887,19881.0,0.2889,6075.0,0.289,8377.0
1753600018136,07:06:58.136,binance,1INCH/USDT:USDT,0.2888,17942.0,0.2887,19881.0,0.2889,6075.0,0.289,8377.0
1753600018301,07:06:58.301,binance,1INCH/USDT:USDT,0.2888,17942.0,0.2887,19881.0,0.2889,6940.0,0.289,8377.0
1753600018530,07:06:58.530,binance,1INCH/USDT:USDT,0.2888,8691.0,0.2887,20013.0,0.2889,7365.0,0.289,8493.0
1753600018632,07:06:58.632,binance,1INCH/USDT:USDT,0.2888,8691.0,0.2887,20013.0,0.2889,7365.0,0.289,8493.0
1753600018747,07:06:58.747,binance,1INCH/USDT:USDT,0.2888,8711.0,0.2887,20013.0,0.2889,7365.0,0.289,9184.0
1753600018848,07:06:58.848,binance,1INCH/USDT:USDT,0.2888,8711.0,0.2887,20013.0,0.2889,6940.0,0.289,9184.0
1753600018957,07:06:58.957,binance,1INCH/USDT:USDT,0.2888,8691.0,0.2887,20013.0,0.2889,6734.0,0.289,9184.0
1753600019071,07:06:59.071,binance,1INCH/USDT:USDT,0.2888,8691.0,0.2887,20013.0,0.2889,6734.0,0.289,9202.0
1753600019183,07:06:59.183,binance,1INCH/USDT:USDT,0.2888,8691.0,0.2887,20013.0,0.2889,6734.0,0.289,9202.0
1753600019310,07:06:59.310,binance,1INCH/USDT:USDT,0.2888,8691.0,0.2887,20013.0,0.2889,6734.0,0.289,9202.0
1753600019424,07:06:59.424,binance,1INCH/USDT:USDT,0.2888,8853.0,0.2887,19235.0,0.2889,6734.0,0.289,9202.0
1753600019761,07:06:59.761,binance,1INCH/USDT:USDT,0.2888,8853.0,0.2887,19235.0,0.2889,923.0,0.289,8511.0
1753600019862,07:06:59.862,binance,1INCH/USDT:USDT,0.2888,8853.0,0.2887,19235.0,0.2889,923.0,0.289,10384.0
1753600020136,07:07:00.136,binance,1INCH/USDT:USDT,0.2888,8853.0,0.2887,19235.0,0.2889,923.0,0.289,10384.0
1753600020263,07:07:00.263,binance,1INCH/USDT:USDT,0.2888,8853.0,0.2887,19235.0,0.2889,923.0,0.289,10384.0
1753600020366,07:07:00.366,binance,1INCH/USDT:USDT,0.2888,8853.0,0.2887,19235.0,0.2889,923.0,0.289,10384.0
1753600020502,07:07:00.502,binance,1INCH/USDT:USDT,0.2888,8853.0,0.2887,18889.0,0.2889,923.0,0.289,10384.0
1753600020689,07:07:00.689,binance,1INCH/USDT:USDT,0.2888,8853.0,0.2887,15775.0,0.2889,1302.0,0.289,10384.0
1753600020792,07:07:00.792,binance,1INCH/USDT:USDT,0.2888,9962.0,0.2887,15775.0,0.2889,2193.0,0.289,8511.0
1753600020895,07:07:00.895,binance,1INCH/USDT:USDT,0.2888,4945.0,0.2887,14929.0,0.2889,2193.0,0.289,8511.0
1753600020998,07:07:00.998,binance,1INCH/USDT:USDT,0.2888,5003.0,0.2887,17929.0,0.2889,2193.0,0.289,11511.0
1753600021127,07:07:01.127,binance,1INCH/USDT:USDT,0.2888,5003.0,0.2887,17929.0,0.2889,2193.0,0.289,11511.0
1753600021232,07:07:01.232,binance,1INCH/USDT:USDT,0.2888,5003.0,0.2887,17929.0,0.2889,2169.0,0.289,11511.0
1753600021342,07:07:01.342,binance,1INCH/USDT:USDT,0.2888,5003.0,0.2887,17929.0,0.2889,2169.0,0.289,11511.0
1753600021447,07:07:01.447,binance,1INCH/USDT:USDT,0.2888,5003.0,0.2887,17929.0,0.2889,2187.0,0.289,11511.0
1753600021552,07:07:01.552,binance,1INCH/USDT:USDT,0.2888,6220.0,0.2887,17929.0,0.2889,2187.0,0.289,11511.0
1753600021825,07:07:01.825,binance,1INCH/USDT:USDT,0.2888,6220.0,0.2887,17929.0,0.2889,2187.0,0.289,11511.0
1753600021928,07:07:01.928,binance,1INCH/USDT:USDT,0.2888,6220.0,0.2887,17929.0,0.2889,2187.0,0.289,11511.0
1753600022031,07:07:02.031,binance,1INCH/USDT:USDT,0.2888,6281.0,0.2887,17929.0,0.2889,2187.0,0.289,11511.0
1753600022402,07:07:02.402,binance,1INCH/USDT:USDT,0.2888,6281.0,0.2887,17929.0,0.2889,2187.0,0.289,11511.0
1753600022521,07:07:02.521,binance,1INCH/USDT:USDT,0.2888,6281.0,0.2887,17929.0,0.2889,2187.0,0.289,11511.0
1753600022668,07:07:02.668,binance,1INCH/USDT:USDT,0.2888,6281.0,0.2887,17929.0,0.2889,2187.0,0.289,11511.0
1753600022787,07:07:02.787,binance,1INCH/USDT:USDT,0.2888,6281.0,0.2887,17929.0,0.2889,2187.0,0.289,11511.0
1753600023002,07:07:03.002,binance,1INCH/USDT:USDT,0.2888,6281.0,0.2887,17929.0,0.2889,3213.0,0.289,11511.0
1753600023202,07:07:03.202,binance,1INCH/USDT:USDT,0.2888,6281.0,0.2887,17929.0,0.2889,2187.0,0.289,11511.0
1753600023351,07:07:03.351,binance,1INCH/USDT:USDT,0.2888,6281.0,0.2887,17929.0,0.2889,2187.0,0.289,11511.0
1753600023602,07:07:03.602,binance,1INCH/USDT:USDT,0.2888,6281.0,0.2887,17929.0,0.2889,2187.0,0.289,11511.0
1753600024161,07:07:04.161,binance,1INCH/USDT:USDT,0.2887,3750.0,0.2886,23929.0,0.2888,7019.0,0.2889,15986.0
1753600024264,07:07:04.264,binance,1INCH/USDT:USDT,0.2886,18058.0,0.2885,14077.0,0.2887,2075.0,0.2888,10681.0
1753600024367,07:07:04.367,binance,1INCH/USDT:USDT,0.2886,18696.0,0.2885,13117.0,0.2887,3666.0,0.2888,10681.0
1753600024469,07:07:04.469,binance,1INCH/USDT:USDT,0.2886,18696.0,0.2885,10753.0,0.2887,1591.0,0.2888,9470.0
1753600024575,07:07:04.575,binance,1INCH/USDT:USDT,0.2886,18696.0,0.2885,10753.0,0.2887,1591.0,0.2888,9470.0
1753600024688,07:07:04.688,binance,1INCH/USDT:USDT,0.2886,18486.0,0.2885,10753.0,0.2887,2414.0,0.2888,10135.0
1753600024797,07:07:04.797,binance,1INCH/USDT:USDT,0.2886,18486.0,0.2885,10753.0,0.2887,1591.0,0.2888,8924.0
1753600024901,07:07:04.901,binance,1INCH/USDT:USDT,0.2886,18486.0,0.2885,10753.0,0.2887,1591.0,0.2888,10762.0
1753600025002,07:07:05.002,binance,1INCH/USDT:USDT,0.2886,18486.0,0.2885,10753.0,0.2887,2364.0,0.2888,10826.0
1753600025106,07:07:05.106,binance,1INCH/USDT:USDT,0.2886,14251.0,0.2885,10753.0,0.2887,4025.0,0.2888,10942.0
1753600025210,07:07:05.210,binance,1INCH/USDT:USDT,0.2886,4950.0,0.2885,12913.0,0.2887,4025.0,0.2888,10942.0
1753600025313,07:07:05.313,binance,1INCH/USDT:USDT,0.2886,7950.0,0.2885,13861.0,0.2887,4025.0,0.2888,10942.0
1753600025583,07:07:05.583,binance,1INCH/USDT:USDT,0.2886,7950.0,0.2885,13861.0,0.2887,4890.0,0.2888,10077.0
1753600025687,07:07:05.687,binance,1INCH/USDT:USDT,0.2886,4950.0,0.2885,13861.0,0.2887,4936.0,0.2888,10031.0
1753600025846,07:07:05.846,binance,1INCH/USDT:USDT,0.2886,4950.0,0.2885,13861.0,0.2887,4936.0,0.2888,10031.0
1753600026045,07:07:06.045,binance,1INCH/USDT:USDT,0.2886,4895.0,0.2885,12455.0,0.2887,4936.0,0.2888,10031.0
1753600026171,07:07:06.171,binance,1INCH/USDT:USDT,0.2886,4895.0,0.2885,12991.0,0.2887,4936.0,0.2888,12092.0
1753600026302,07:07:06.302,binance,1INCH/USDT:USDT,0.2885,12874.0,0.2884,34772.0,0.2886,403.0,0.2887,9918.0
1753600026407,07:07:06.407,binance,1INCH/USDT:USDT,0.2885,12874.0,0.2884,35809.0,0.2886,403.0,0.2887,8357.0
1753600026512,07:07:06.512,binance,1INCH/USDT:USDT,0.2885,10844.0,0.2884,29551.0,0.2886,8091.0,0.2887,8612.0
1753600026618,07:07:06.618,binance,1INCH/USDT:USDT,0.2885,7078.0,0.2884,26417.0,0.2886,8137.0,0.2887,8566.0
1753600026719,07:07:06.719,binance,1INCH/USDT:USDT,0.2885,5570.0,0.2884,22800.0,0.2886,8137.0,0.2887,8899.0
1753600026821,07:07:06.821,binance,1INCH/USDT:USDT,0.2885,1463.0,0.2884,24528.0,0.2886,8546.0,0.2887,8899.0
1753600027091,07:07:07.091,binance,1INCH/USDT:USDT,0.2885,3397.0,0.2884,24528.0,0.2886,8546.0,0.2887,9699.0
1753600027207,07:07:07.207,binance,1INCH/USDT:USDT,0.2884,25914.0,0.2883,17632.0,0.2885,404.0,0.2886,9705.0
1753600027311,07:07:07.311,binance,1INCH/USDT:USDT,0.2884,11316.0,0.2883,16899.0,0.2885,404.0,0.2886,9372.0
1753600027413,07:07:07.413,binance,1INCH/USDT:USDT,0.2884,9158.0,0.2883,16899.0,0.2885,2293.0,0.2886,7702.0
1753600027574,07:07:07.574,binance,1INCH/USDT:USDT,0.2884,7830.0,0.2883,11727.0,0.2885,2197.0,0.2886,7702.0
1753600027677,07:07:07.677,binance,1INCH/USDT:USDT,0.2884,7830.0,0.2883,15034.0,0.2885,2197.0,0.2886,7702.0
1753600027905,07:07:07.905,binance,1INCH/USDT:USDT,0.2884,3802.0,0.2883,14766.0,0.2885,3832.0,0.2886,8974.0
1753600028018,07:07:08.018,binance,1INCH/USDT:USDT,0.2884,3761.0,0.2883,14766.0,0.2885,3832.0,0.2886,9307.0
1753600028183,07:07:08.183,binance,1INCH/USDT:USDT,0.2884,3761.0,0.2883,11340.0,0.2885,7178.0,0.2886,9141.0
1753600028286,07:07:08.286,binance,1INCH/USDT:USDT,0.2884,4899.0,0.2883,9886.0,0.2885,6312.0,0.2886,9257.0
1753600028398,07:07:08.398,binance,1INCH/USDT:USDT,0.2884,4899.0,0.2883,9886.0,0.2885,6312.0,0.2886,9257.0
1753600028503,07:07:08.503,binance,1INCH/USDT:USDT,0.2884,4899.0,0.2883,9886.0,0.2885,6312.0,0.2886,9257.0
1753600028891,07:07:08.891,binance,1INCH/USDT:USDT,0.2884,4731.0,0.2883,9886.0,0.2885,7533.0,0.2886,9948.0
1753600029001,07:07:09.001,binance,1INCH/USDT:USDT,0.2883,12926.0,0.2882,36675.0,0.2884,497.0,0.2885,10347.0
1753600029103,07:07:09.103,binance,1INCH/USDT:USDT,0.2884,1762.0,0.2883,11743.0,0.2885,7935.0,0.2886,8589.0
1753600029204,07:07:09.204,binance,1INCH/USDT:USDT,0.2884,1820.0,0.2883,16834.0,0.2885,7660.0,0.2886,8922.0
1753600029311,07:07:09.311,binance,1INCH/USDT:USDT,0.2884,1820.0,0.2883,16834.0,0.2885,7660.0,0.2886,8922.0
1753600029435,07:07:09.435,binance,1INCH/USDT:USDT,0.2884,14825.0,0.2883,14667.0,0.2885,46.0,0.2886,3083.0
1753600029536,07:07:09.536,binance,1INCH/USDT:USDT,0.2885,4180.0,0.2884,18674.0,0.2886,6787.0,0.2887,10274.0
1753600029637,07:07:09.637,binance,1INCH/USDT:USDT,0.2885,4238.0,0.2884,18674.0,0.2886,3518.0,0.2887,10274.0
1753600029742,07:07:09.742,binance,1INCH/USDT:USDT,0.2885,5594.0,0.2884,18609.0,0.2886,5214.0,0.2887,10274.0
1753600029843,07:07:09.843,binance,1INCH/USDT:USDT,0.2885,5594.0,0.2884,18609.0,0.2886,5214.0,0.2887,10390.0
1753600029993,07:07:09.993,binance,1INCH/USDT:USDT,0.2885,3289.0,0.2884,13099.0,0.2886,5594.0,0.2887,10390.0
1753600030106,07:07:10.106,binance,1INCH/USDT:USDT,0.2885,3068.0,0.2884,11033.0,0.2886,5594.0,0.2887,12549.0
1753600030212,07:07:10.212,binance,1INCH/USDT:USDT,0.2885,3068.0,0.2884,12639.0,0.2886,5594.0,0.2887,12549.0
1753600030319,07:07:10.319,binance,1INCH/USDT:USDT,0.2884,639.0,0.2883,22041.0,0.2885,7972.0,0.2886,15388.0
1753600030421,07:07:10.421,binance,1INCH/USDT:USDT,0.2884,243.0,0.2883,22041.0,0.2885,8030.0,0.2886,18314.0
1753600030546,07:07:10.546,binance,1INCH/USDT:USDT,0.2884,3257.0,0.2883,26159.0,0.2885,8079.0,0.2886,15610.0
1753600030673,07:07:10.673,binance,1INCH/USDT:USDT,0.2884,3226.0,0.2883,25720.0,0.2885,8493.0,0.2886,15610.0
1753600030812,07:07:10.812,binance,1INCH/USDT:USDT,0.2884,3149.0,0.2883,25720.0,0.2885,8493.0,0.2886,15610.0
1753600030934,07:07:10.934,binance,1INCH/USDT:USDT,0.2884,3128.0,0.2883,25720.0,0.2885,8493.0,0.2886,15610.0
1753600031064,07:07:11.064,binance,1INCH/USDT:USDT,0.2884,3128.0,0.2883,25720.0,0.2885,8493.0,0.2886,13601.0
1753600031181,07:07:11.181,binance,1INCH/USDT:USDT,0.2884,6128.0,0.2883,25720.0,0.2885,8493.0,0.2886,13601.0
1753600031333,07:07:11.333,binance,1INCH/USDT:USDT,0.2884,5943.0,0.2883,14048.0,0.2885,8493.0,0.2886,10601.0
1753600031437,07:07:11.437,binance,1INCH/USDT:USDT,0.2884,5943.0,0.2883,14048.0,0.2885,8493.0,0.2886,11292.0
1753600031626,07:07:11.626,binance,1INCH/USDT:USDT,0.2884,4656.0,0.2883,14048.0,0.2885,8493.0,0.2886,11292.0
1753600031729,07:07:11.729,binance,1INCH/USDT:USDT,0.2884,4656.0,0.2883,14048.0,0.2885,8493.0,0.2886,11292.0
1753600031873,07:07:11.873,binance,1INCH/USDT:USDT,0.2884,4509.0,0.2883,14048.0,0.2885,8493.0,0.2886,11292.0
1753600032098,07:07:12.098,binance,1INCH/USDT:USDT,0.2884,4509.0,0.2883,14066.0,0.2885,8493.0,0.2886,11292.0
1753600032212,07:07:12.212,binance,1INCH/USDT:USDT,0.2885,2334.0,0.2884,23571.0,0.2886,3518.0,0.2887,10993.0
1753600032327,07:07:12.327,binance,1INCH/USDT:USDT,0.2885,2346.0,0.2884,23571.0,0.2886,3518.0,0.2887,10993.0
1753600032432,07:07:12.432,binance,1INCH/USDT:USDT,0.2885,3815.0,0.2884,23196.0,0.2886,5186.0,0.2887,10993.0
1753600032546,07:07:12.546,binance,1INCH/USDT:USDT,0.2885,3815.0,0.2884,23758.0,0.2886,5186.0,0.2887,10993.0
1753600032661,07:07:12.661,binance,1INCH/USDT:USDT,0.2885,3815.0,0.2884,22049.0,0.2886,5186.0,0.2887,10993.0
1753600032763,07:07:12.763,binance,1INCH/USDT:USDT,0.2885,3815.0,0.2884,22049.0,0.2886,5186.0,0.2887,10993.0
1753600032893,07:07:12.893,binance,1INCH/USDT:USDT,0.2885,3630.0,0.2884,21318.0,0.2886,5186.0,0.2887,10993.0
1753600033184,07:07:13.184,binance,1INCH/USDT:USDT,0.2886,2619.0,0.2885,11592.0,0.2887,5524.0,0.2888,19568.0
1753600033286,07:07:13.286,binance,1INCH/USDT:USDT,0.2886,2677.0,0.2885,13553.0,0.2887,5582.0,0.2888,19568.0
1753600033389,07:07:13.389,binance,1INCH/USDT:USDT,0.2886,4280.0,0.2885,11814.0,0.2887,7124.0,0.2888,19568.0
1753600033624,07:07:13.624,binance,1INCH/USDT:USDT,0.2886,185.0,0.2885,6713.0,0.2887,7124.0,0.2888,19568.0
1753600033725,07:07:13.725,binance,1INCH/USDT:USDT,0.2885,5505.0,0.2884,14416.0,0.2886,1852.0,0.2887,7219.0
1753600033827,07:07:13.827,binance,1INCH/USDT:USDT,0.2885,4144.0,0.2884,21980.0,0.2886,8530.0,0.2887,10900.0
1753600033934,07:07:13.934,binance,1INCH/USDT:USDT,0.2885,4202.0,0.2884,21980.0,0.2886,8588.0,0.2887,9358.0
1753600034110,07:07:14.110,binance,1INCH/USDT:USDT,0.2885,5995.0,0.2884,23109.0,0.2886,66.0,0.2887,8654.0
1753600034212,07:07:14.212,binance,1INCH/USDT:USDT,0.2885,8995.0,0.2884,23109.0,0.2886,66.0,0.2887,8654.0
1753600034321,07:07:14.321,binance,1INCH/USDT:USDT,0.2885,9539.0,0.2884,23109.0,0.2886,88.0,0.2887,10484.0
1753600034424,07:07:14.424,binance,1INCH/USDT:USDT,0.2885,5995.0,0.2884,22418.0,0.2886,1876.0,0.2887,8654.0
1753600034531,07:07:14.531,binance,1INCH/USDT:USDT,0.2885,5995.0,0.2884,22418.0,0.2886,1934.0,0.2887,8654.0
1753600034681,07:07:14.681,binance,1INCH/USDT:USDT,0.2885,5995.0,0.2884,22418.0,0.2886,1934.0,0.2887,8654.0
1753600034844,07:07:14.844,binance,1INCH/USDT:USDT,0.2885,5995.0,0.2884,13072.0,0.2886,1869.0,0.2887,8654.0
1753600034961,07:07:14.961,binance,1INCH/USDT:USDT,0.2885,5995.0,0.2884,13072.0,0.2886,1869.0,0.2887,10792.0
1753600035064,07:07:15.064,binance,1INCH/USDT:USDT,0.2885,5995.0,0.2884,15200.0,0.2886,1869.0,0.2887,8654.0
1753600035218,07:07:15.218,binance,1INCH/USDT:USDT,0.2885,5995.0,0.2884,15200.0,0.2886,1869.0,0.2887,8654.0
1753600035372,07:07:15.372,binance,1INCH/USDT:USDT,0.2885,5995.0,0.2884,15200.0,0.2886,1869.0,0.2887,8654.0
1753600035486,07:07:15.486,binance,1INCH/USDT:USDT,0.2885,6022.0,0.2884,13072.0,0.2886,4303.0,0.2887,10791.0
1753600035652,07:07:15.652,binance,1INCH/USDT:USDT,0.2885,6022.0,0.2884,15209.0,0.2886,4321.0,0.2887,8654.0
1753600035864,07:07:15.864,binance,1INCH/USDT:USDT,0.2885,6022.0,0.2884,15209.0,0.2886,4321.0,0.2887,8654.0
1753600036046,07:07:16.046,binance,1INCH/USDT:USDT,0.2885,6022.0,0.2884,15209.0,0.2886,4321.0,0.2887,8654.0
1753600036204,07:07:16.204,binance,1INCH/USDT:USDT,0.2885,6022.0,0.2884,15209.0,0.2886,4321.0,0.2887,11654.0
1753600036321,07:07:16.321,binance,1INCH/USDT:USDT,0.2885,6022.0,0.2884,16937.0,0.2886,4321.0,0.2887,11654.0
1753600036561,07:07:16.561,binance,1INCH/USDT:USDT,0.2885,6022.0,0.2884,15209.0,0.2886,4321.0,0.2887,13382.0
1753600036691,07:07:16.691,binance,1INCH/USDT:USDT,0.2885,6022.0,0.2884,15209.0,0.2886,4321.0,0.2887,13382.0
1753600036846,07:07:16.846,binance,1INCH/USDT:USDT,0.2885,27.0,0.2884,9372.0,0.2886,6785.0,0.2887,13440.0
1753600036947,07:07:16.947,binance,1INCH/USDT:USDT,0.2885,27.0,0.2884,9026.0,0.2886,6785.0,0.2887,13440.0
1753600037071,07:07:17.071,binance,1INCH/USDT:USDT,0.2885,27.0,0.2884,10604.0,0.2886,6785.0,0.2887,13440.0
1753600037193,07:07:17.193,binance,1INCH/USDT:USDT,0.2885,27.0,0.2884,10604.0,0.2886,9785.0,0.2887,13296.0
1753600037434,07:07:17.434,binance,1INCH/USDT:USDT,0.2885,27.0,0.2884,10604.0,0.2886,9785.0,0.2887,13988.0
1753600037602,07:07:17.602,binance,1INCH/USDT:USDT,0.2885,27.0,0.2884,10604.0,0.2886,9785.0,0.2887,13988.0
1753600037704,07:07:17.704,binance,1INCH/USDT:USDT,0.2885,27.0,0.2884,10604.0,0.2886,6785.0,0.2887,13988.0
1753600037938,07:07:17.938,binance,1INCH/USDT:USDT,0.2885,1628.0,0.2884,8938.0,0.2886,6579.0,0.2887,13988.0
1753600038041,07:07:18.041,binance,1INCH/USDT:USDT,0.2885,27.0,0.2884,10688.0,0.2886,6579.0,0.2887,13988.0
1753600038146,07:07:18.146,binance,1INCH/USDT:USDT,0.2885,27.0,0.2884,8938.0,0.2886,6579.0,0.2887,13988.0
1753600038257,07:07:18.257,binance,1INCH/USDT:USDT,0.2885,27.0,0.2884,10517.0,0.2886,6579.0,0.2887,13988.0
1753600038603,07:07:18.603,binance,1INCH/USDT:USDT,0.2885,27.0,0.2884,10517.0,0.2886,6579.0,0.2887,13988.0
1753600038802,07:07:18.802,binance,1INCH/USDT:USDT,0.2885,27.0,0.2884,10517.0,0.2886,6579.0,0.2887,13988.0
1753600038941,07:07:18.941,binance,1INCH/USDT:USDT,0.2885,1755.0,0.2884,8938.0,0.2886,6579.0,0.2887,12260.0
1753600039047,07:07:19.047,binance,1INCH/USDT:USDT,0.2885,2466.0,0.2884,10858.0,0.2886,6579.0,0.2887,12260.0
1753600039204,07:07:19.204,binance,1INCH/USDT:USDT,0.2885,2466.0,0.2884,10858.0,0.2886,6510.0,0.2887,11568.0
1753600039354,07:07:19.354,binance,1INCH/USDT:USDT,0.2885,2466.0,0.2884,10858.0,0.2886,6304.0,0.2887,11568.0
1753600039536,07:07:19.536,binance,1INCH/USDT:USDT,0.2885,2466.0,0.2884,10858.0,0.2886,6057.0,0.2887,13296.0
1753600039646,07:07:19.646,binance,1INCH/USDT:USDT,0.2885,2466.0,0.2884,10858.0,0.2886,6057.0,0.2887,13296.0
1753600039802,07:07:19.802,binance,1INCH/USDT:USDT,0.2885,2466.0,0.2884,10858.0,0.2886,6057.0,0.2887,13296.0
1753600040205,07:07:20.205,binance,1INCH/USDT:USDT,0.2885,2466.0,0.2884,10968.0,0.2886,5851.0,0.2887,13296.0
1753600040392,07:07:20.392,binance,1INCH/USDT:USDT,0.2885,2466.0,0.2884,10968.0,0.2886,5851.0,0.2887,13296.0
1753600040576,07:07:20.576,binance,1INCH/USDT:USDT,0.2885,2466.0,0.2884,11314.0,0.2886,5851.0,0.2887,13296.0
1753600040699,07:07:20.699,binance,1INCH/USDT:USDT,0.2885,2466.0,0.2884,11314.0,0.2886,5645.0,0.2887,13296.0
1753600040802,07:07:20.802,binance,1INCH/USDT:USDT,0.2885,2466.0,0.2884,11314.0,0.2886,5645.0,0.2887,13296.0
1753600040929,07:07:20.929,binance,1INCH/USDT:USDT,0.2885,2466.0,0.2884,11314.0,0.2886,5645.0,0.2887,13296.0
1753600041050,07:07:21.050,binance,1INCH/USDT:USDT,0.2885,2466.0,0.2884,11314.0,0.2886,5645.0,0.2887,13296.0
1753600041302,07:07:21.302,binance,1INCH/USDT:USDT,0.2885,2466.0,0.2884,11314.0,0.2886,5645.0,0.2887,13296.0
1753600041444,07:07:21.444,binance,1INCH/USDT:USDT,0.2885,2466.0,0.2884,11314.0,0.2886,5645.0,0.2887,13296.0
1753600041602,07:07:21.602,binance,1INCH/USDT:USDT,0.2885,2466.0,0.2884,9284.0,0.2886,5645.0,0.2887,13296.0
1753600041809,07:07:21.809,binance,1INCH/USDT:USDT,0.2885,2466.0,0.2884,9284.0,0.2886,5439.0,0.2887,13296.0
1753600041946,07:07:21.946,binance,1INCH/USDT:USDT,0.2885,2466.0,0.2884,11338.0,0.2886,5439.0,0.2887,13296.0
1753600042192,07:07:22.192,binance,1INCH/USDT:USDT,0.2885,2466.0,0.2884,9284.0,0.2886,5439.0,0.2887,13296.0
1753600042384,07:07:22.384,binance,1INCH/USDT:USDT,0.2885,2466.0,0.2884,9284.0,0.2886,5439.0,0.2887,13296.0
1753600042541,07:07:22.541,binance,1INCH/USDT:USDT,0.2885,2466.0,0.2884,9284.0,0.2886,5439.0,0.2887,13296.0
1753600042753,07:07:22.753,binance,1INCH/USDT:USDT,0.2885,738.0,0.2884,10871.0,0.2886,5439.0,0.2887,13296.0
1753600042856,07:07:22.856,binance,1INCH/USDT:USDT,0.2885,738.0,0.2884,10642.0,0.2886,5439.0,0.2887,15369.0
1753600043012,07:07:23.012,binance,1INCH/USDT:USDT,0.2885,738.0,0.2884,10642.0,0.2886,5439.0,0.2887,15369.0
1753600043257,07:07:23.257,binance,1INCH/USDT:USDT,0.2884,9102.0,0.2883,28659.0,0.2885,4043.0,0.2886,10341.0
1753600043362,07:07:23.362,binance,1INCH/USDT:USDT,0.2884,9486.0,0.2883,28659.0,0.2885,4909.0,0.2886,9592.0
1753600043463,07:07:23.463,binance,1INCH/USDT:USDT,0.2884,6160.0,0.2883,28659.0,0.2885,5969.0,0.2886,9592.0
1753600043566,07:07:23.566,binance,1INCH/USDT:USDT,0.2884,4401.0,0.2883,28659.0,0.2885,5969.0,0.2886,9592.0
1753600043734,07:07:23.734,binance,1INCH/USDT:USDT,0.2883,21952.0,0.2882,22617.0,0.2884,995.0,0.2885,8823.0
1753600043835,07:07:23.835,binance,1INCH/USDT:USDT,0.2883,23846.0,0.2882,20219.0,0.2884,1656.0,0.2885,7272.0
1753600043947,07:07:23.947,binance,1INCH/USDT:USDT,0.2883,23846.0,0.2882,20219.0,0.2884,1656.0,0.2885,7272.0
1753600044091,07:07:24.091,binance,1INCH/USDT:USDT,0.2883,23846.0,0.2882,20219.0,0.2884,1714.0,0.2885,7272.0
1753600044220,07:07:24.220,binance,1INCH/USDT:USDT,0.2883,23846.0,0.2882,20219.0,0.2884,1714.0,0.2885,7272.0
1753600044333,07:07:24.333,binance,1INCH/USDT:USDT,0.2883,10901.0,0.2882,20219.0,0.2884,1714.0,0.2885,7272.0
1753600044441,07:07:24.441,binance,1INCH/USDT:USDT,0.2883,10901.0,0.2882,20565.0,0.2884,1714.0,0.2885,7272.0
1753600044565,07:07:24.565,binance,1INCH/USDT:USDT,0.2883,10901.0,0.2882,20565.0,0.2884,1772.0,0.2885,7272.0
1753600044670,07:07:24.670,binance,1INCH/USDT:USDT,0.2883,11259.0,0.2882,17766.0,0.2884,1566.0,0.2885,7272.0
1753600044791,07:07:24.791,binance,1INCH/USDT:USDT,0.2883,11259.0,0.2882,17766.0,0.2884,1566.0,0.2885,7290.0
1753600044923,07:07:24.923,binance,1INCH/USDT:USDT,0.2883,11259.0,0.2882,17766.0,0.2884,1566.0,0.2885,7290.0
1753600045223,07:07:25.223,binance,1INCH/USDT:USDT,0.2883,11259.0,0.2882,17766.0,0.2884,1566.0,0.2885,7290.0
1753600045346,07:07:25.346,binance,1INCH/USDT:USDT,0.2883,11259.0,0.2882,17766.0,0.2884,1566.0,0.2885,7290.0
1753600045464,07:07:25.464,binance,1INCH/USDT:USDT,0.2883,11259.0,0.2882,17766.0,0.2884,1566.0,0.2885,7290.0
1753600045691,07:07:25.691,binance,1INCH/USDT:USDT,0.2883,11259.0,0.2882,17766.0,0.2884,1566.0,0.2885,7290.0
1753600045794,07:07:25.794,binance,1INCH/USDT:USDT,0.2883,11259.0,0.2882,17766.0,0.2884,1566.0,0.2885,7290.0
1753600046127,07:07:26.127,binance,1INCH/USDT:USDT,0.2883,11259.0,0.2882,17766.0,0.2884,58.0,0.2885,7290.0
1753600046229,07:07:26.229,binance,1INCH/USDT:USDT,0.2883,11259.0,0.2882,17766.0,0.2884,58.0,0.2885,7290.0
1753600046361,07:07:26.361,binance,1INCH/USDT:USDT,0.2883,11293.0,0.2882,17766.0,0.2884,58.0,0.2885,9121.0
1753600046465,07:07:26.465,binance,1INCH/USDT:USDT,0.2883,9015.0,0.2882,11581.0,0.2884,2115.0,0.2885,8394.0
1753600046569,07:07:26.569,binance,1INCH/USDT:USDT,0.2883,8465.0,0.2882,17165.0,0.2884,1907.0,0.2885,8394.0
1753600046672,07:07:26.672,binance,1INCH/USDT:USDT,0.2883,17812.0,0.2882,19123.0,0.2884,220.0,0.2885,8695.0
1753600046776,07:07:26.776,binance,1INCH/USDT:USDT,0.2883,17843.0,0.2882,25526.0,0.2884,221.0,0.2885,6196.0
1753600047004,07:07:27.004,binance,1INCH/USDT:USDT,0.2883,14901.0,0.2882,19466.0,0.2884,1653.0,0.2885,10908.0
1753600047178,07:07:27.178,binance,1INCH/USDT:USDT,0.2883,14901.0,0.2882,19466.0,0.2884,1653.0,0.2885,9176.0
1753600047300,07:07:27.300,binance,1INCH/USDT:USDT,0.2883,14901.0,0.2882,19466.0,0.2884,1653.0,0.2885,9176.0
1753600047431,07:07:27.431,binance,1INCH/USDT:USDT,0.2883,14901.0,0.2882,17332.0,0.2884,4087.0,0.2885,9292.0
1753600047745,07:07:27.745,binance,1INCH/USDT:USDT,0.2883,3660.0,0.2882,11391.0,0.2884,4087.0,0.2885,9292.0
1753600047848,07:07:27.848,binance,1INCH/USDT:USDT,0.2883,3510.0,0.2882,11045.0,0.2884,4087.0,0.2885,11531.0
1753600047962,07:07:27.962,binance,1INCH/USDT:USDT,0.2883,948.0,0.2882,14967.0,0.2884,6855.0,0.2885,13175.0
1753600048074,07:07:28.074,binance,1INCH/USDT:USDT,0.2883,832.0,0.2882,14101.0,0.2884,6855.0,0.2885,13175.0
1753600048202,07:07:28.202,binance,1INCH/USDT:USDT,0.2883,832.0,0.2882,14101.0,0.2884,6855.0,0.2885,13193.0
1753600048306,07:07:28.306,binance,1INCH/USDT:USDT,0.2883,832.0,0.2882,14101.0,0.2884,6710.0,0.2885,13553.0
1753600048441,07:07:28.441,binance,1INCH/USDT:USDT,0.2883,832.0,0.2882,20791.0,0.2884,6710.0,0.2885,11825.0
1753600048657,07:07:28.657,binance,1INCH/USDT:USDT,0.2882,13410.0,0.2881,11246.0,0.2883,4060.0,0.2884,8373.0
1753600048765,07:07:28.765,binance,1INCH/USDT:USDT,0.2882,13410.0,0.2881,11324.0,0.2883,4926.0,0.2884,7507.0
1753600048877,07:07:28.877,binance,1INCH/USDT:USDT,0.2882,11578.0,0.2881,11289.0,0.2883,6494.0,0.2884,7507.0
1753600048981,07:07:28.981,binance,1INCH/USDT:USDT,0.2882,11578.0,0.2881,13017.0,0.2883,6494.0,0.2884,7507.0
1753600049092,07:07:29.092,binance,1INCH/USDT:USDT,0.2882,13169.0,0.2881,13376.0,0.2883,6494.0,0.2884,7507.0
1753600049199,07:07:29.199,binance,1INCH/USDT:USDT,0.2882,13169.0,0.2881,15445.0,0.2883,6286.0,0.2884,6852.0
1753600049346,07:07:29.346,binance,1INCH/USDT:USDT,0.2882,13169.0,0.2881,16253.0,0.2883,6286.0,0.2884,6852.0
1753600049463,07:07:29.463,binance,1INCH/USDT:USDT,0.2882,3693.0,0.2881,16253.0,0.2883,6286.0,0.2884,6852.0
1753600049568,07:07:29.568,binance,1INCH/USDT:USDT,0.2882,3693.0,0.2881,16253.0,0.2883,6286.0,0.2884,7507.0
1753600049696,07:07:29.696,binance,1INCH/USDT:USDT,0.2882,3693.0,0.2881,13928.0,0.2883,6286.0,0.2884,7507.0
1753600049801,07:07:29.801,binance,1INCH/USDT:USDT,0.2882,3693.0,0.2881,13928.0,0.2883,6286.0,0.2884,7507.0
1753600050031,07:07:30.031,binance,1INCH/USDT:USDT,0.2882,3693.0,0.2881,13928.0,0.2883,6286.0,0.2884,7507.0
1753600050311,07:07:30.311,binance,1INCH/USDT:USDT,0.2882,18270.0,0.2881,13582.0,0.2883,934.0,0.2884,9005.0
1753600050412,07:07:30.412,binance,1INCH/USDT:USDT,0.2882,18270.0,0.2881,13928.0,0.2883,1693.0,0.2884,7524.0
1753600050513,07:07:30.513,binance,1INCH/USDT:USDT,0.2882,18328.0,0.2881,13928.0,0.2883,1751.0,0.2884,9458.0
1753600050614,07:07:30.614,binance,1INCH/USDT:USDT,0.2882,18328.0,0.2881,13928.0,0.2883,1751.0,0.2884,10149.0
1753600050761,07:07:30.761,binance,1INCH/USDT:USDT,0.2882,18514.0,0.2881,13928.0,0.2883,3508.0,0.2884,8366.0
1753600050868,07:07:30.868,binance,1INCH/USDT:USDT,0.2882,18514.0,0.2881,13928.0,0.2883,3508.0,0.2884,8366.0
1753600051002,07:07:31.002,binance,1INCH/USDT:USDT,0.2882,18514.0,0.2881,13928.0,0.2883,3508.0,0.2884,8366.0
1753600051116,07:07:31.116,binance,1INCH/USDT:USDT,0.2882,18890.0,0.2881,14146.0,0.2883,3508.0,0.2884,8366.0
1753600051240,07:07:31.240,binance,1INCH/USDT:USDT,0.2882,18890.0,0.2881,13800.0,0.2883,1815.0,0.2884,8366.0
1753600051359,07:07:31.359,binance,1INCH/USDT:USDT,0.2882,7081.0,0.2881,14146.0,0.2883,1815.0,0.2884,8366.0
1753600051487,07:07:31.487,binance,1INCH/USDT:USDT,0.2882,7081.0,0.2881,14146.0,0.2883,1815.0,0.2884,8366.0
1753600051602,07:07:31.602,binance,1INCH/USDT:USDT,0.2882,7081.0,0.2881,14146.0,0.2883,1815.0,0.2884,8366.0
1753600051706,07:07:31.706,binance,1INCH/USDT:USDT,0.2882,7081.0,0.2881,14146.0,0.2883,1815.0,0.2884,8366.0
1753600051870,07:07:31.870,binance,1INCH/USDT:USDT,0.2882,7081.0,0.2881,14146.0,0.2883,1815.0,0.2884,8384.0
1753600052102,07:07:32.102,binance,1INCH/USDT:USDT,0.2882,7081.0,0.2881,14146.0,0.2883,58.0,0.2884,7693.0
1753600052203,07:07:32.203,binance,1INCH/USDT:USDT,0.2882,21502.0,0.2881,13800.0,0.2883,220.0,0.2884,8441.0
1753600052304,07:07:32.304,binance,1INCH/USDT:USDT,0.2882,21502.0,0.2881,13800.0,0.2883,220.0,0.2884,7704.0
1753600052407,07:07:32.407,binance,1INCH/USDT:USDT,0.2883,2249.0,0.2882,19730.0,0.2884,8178.0,0.2885,12825.0
1753600052525,07:07:32.525,binance,1INCH/USDT:USDT,0.2883,2249.0,0.2882,20181.0,0.2884,8178.0,0.2885,12825.0
1753600052635,07:07:32.635,binance,1INCH/USDT:USDT,0.2883,2249.0,0.2882,20181.0,0.2884,8137.0,0.2885,12825.0
1753600052752,07:07:32.752,binance,1INCH/USDT:USDT,0.2883,2249.0,0.2882,20181.0,0.2884,8137.0,0.2885,12825.0
1753600052855,07:07:32.855,binance,1INCH/USDT:USDT,0.2883,2249.0,0.2882,18691.0,0.2884,8137.0,0.2885,12825.0
1753600053015,07:07:33.015,binance,1INCH/USDT:USDT,0.2883,2249.0,0.2882,21691.0,0.2884,8096.0,0.2885,12825.0
1753600053236,07:07:33.236,binance,1INCH/USDT:USDT,0.2883,2249.0,0.2882,9858.0,0.2884,8096.0,0.2885,12825.0
1753600053549,07:07:33.549,binance,1INCH/USDT:USDT,0.2883,2249.0,0.2882,9876.0,0.2884,8096.0,0.2885,12825.0
1753600053747,07:07:33.747,binance,1INCH/USDT:USDT,0.2883,2249.0,0.2882,9876.0,0.2884,8096.0,0.2885,12825.0
1753600053920,07:07:33.920,binance,1INCH/USDT:USDT,0.2883,2249.0,0.2882,9876.0,0.2884,8096.0,0.2885,12825.0
1753600054207,07:07:34.207,binance,1INCH/USDT:USDT,0.2883,4053.0,0.2882,9992.0,0.2884,6292.0,0.2885,12825.0
1753600054401,07:07:34.401,binance,1INCH/USDT:USDT,0.2883,4053.0,0.2882,9992.0,0.2884,6292.0,0.2885,12825.0
1753600054901,07:07:34.901,binance,1INCH/USDT:USDT,0.2883,4053.0,0.2882,9992.0,0.2884,6292.0,0.2885,12825.0
1753600055002,07:07:35.002,binance,1INCH/USDT:USDT,0.2883,4053.0,0.2882,9992.0,0.2884,6292.0,0.2885,12825.0
1753600055470,07:07:35.470,binance,1INCH/USDT:USDT,0.2883,4053.0,0.2882,9992.0,0.2884,6292.0,0.2885,12825.0
1753600055848,07:07:35.848,binance,1INCH/USDT:USDT,0.2883,4099.0,0.2882,16002.0,0.2884,3678.0,0.2885,10082.0
1753600055953,07:07:35.953,binance,1INCH/USDT:USDT,0.2883,7099.0,0.2882,16002.0,0.2884,3678.0,0.2885,10082.0
1753600056062,07:07:36.062,binance,1INCH/USDT:USDT,0.2883,7099.0,0.2882,16002.0,0.2884,3678.0,0.2885,11927.0
1753600056421,07:07:36.421,binance,1INCH/USDT:USDT,0.2883,7099.0,0.2882,16002.0,0.2884,3678.0,0.2885,8927.0
1753600056602,07:07:36.602,binance,1INCH/USDT:USDT,0.2883,7099.0,0.2882,16002.0,0.2884,3678.0,0.2885,8927.0
1753600056929,07:07:36.929,binance,1INCH/USDT:USDT,0.2883,7099.0,0.2882,16221.0,0.2884,3678.0,0.2885,8927.0
1753600057102,07:07:37.102,binance,1INCH/USDT:USDT,0.2883,7099.0,0.2882,16221.0,0.2884,1387.0,0.2885,8927.0
1753600057210,07:07:37.210,binance,1INCH/USDT:USDT,0.2883,9533.0,0.2882,15632.0,0.2884,1242.0,0.2885,8927.0
1753600057344,07:07:37.344,binance,1INCH/USDT:USDT,0.2884,5051.0,0.2883,20087.0,0.2885,5767.0,0.2886,17688.0
1753600057447,07:07:37.447,binance,1INCH/USDT:USDT,0.2884,5613.0,0.2883,23729.0,0.2885,5767.0,0.2886,18954.0
1753600057554,07:07:37.554,binance,1INCH/USDT:USDT,0.2884,8659.0,0.2883,23683.0,0.2885,5670.0,0.2886,17688.0
1753600057661,07:07:37.661,binance,1INCH/USDT:USDT,0.2884,8659.0,0.2883,24029.0,0.2885,5670.0,0.2886,17688.0
1753600057799,07:07:37.799,binance,1INCH/USDT:USDT,0.2884,8659.0,0.2883,24029.0,0.2885,5670.0,0.2886,17688.0
1753600058093,07:07:38.093,binance,1INCH/USDT:USDT,0.2884,8659.0,0.2883,24029.0,0.2885,5670.0,0.2886,17688.0
1753600058195,07:07:38.195,binance,1INCH/USDT:USDT,0.2884,8659.0,0.2883,24029.0,0.2885,5670.0,0.2886,17688.0
1753600058356,07:07:38.356,binance,1INCH/USDT:USDT,0.2884,8184.0,0.2883,14464.0,0.2885,6536.0,0.2886,18954.0
1753600058460,07:07:38.460,binance,1INCH/USDT:USDT,0.2884,8184.0,0.2883,12546.0,0.2885,6536.0,0.2886,14071.0
1753600058561,07:07:38.561,binance,1INCH/USDT:USDT,0.2884,8184.0,0.2883,12546.0,0.2885,6536.0,0.2886,14071.0
1753600058731,07:07:38.731,binance,1INCH/USDT:USDT,0.2884,8184.0,0.2883,12546.0,0.2885,6536.0,0.2886,14071.0
1753600059301,07:07:39.301,binance,1INCH/USDT:USDT,0.2884,8184.0,0.2883,12546.0,0.2885,6536.0,0.2886,14071.0
1753600059410,07:07:39.410,binance,1INCH/USDT:USDT,0.2884,8184.0,0.2883,12546.0,0.2885,6536.0,0.2886,14071.0
1753600059618,07:07:39.618,binance,1INCH/USDT:USDT,0.2884,8184.0,0.2883,12546.0,0.2885,6536.0,0.2886,14071.0
1753600059802,07:07:39.802,binance,1INCH/USDT:USDT,0.2884,8184.0,0.2883,12546.0,0.2885,6536.0,0.2886,14071.0
1753600059911,07:07:39.911,binance,1INCH/USDT:USDT,0.2884,8138.0,0.2883,12546.0,0.2885,6848.0,0.2886,14071.0
1753600060046,07:07:40.046,binance,1INCH/USDT:USDT,0.2884,8138.0,0.2883,12546.0,0.2885,6848.0,0.2886,14071.0
1753600060455,07:07:40.455,binance,1INCH/USDT:USDT,0.2884,8138.0,0.2883,12546.0,0.2885,6848.0,0.2886,14071.0
1753600060573,07:07:40.573,binance,1INCH/USDT:USDT,0.2884,8138.0,0.2883,12546.0,0.2885,6848.0,0.2886,14071.0
1753600060687,07:07:40.687,binance,1INCH/USDT:USDT,0.2884,8138.0,0.2883,12546.0,0.2885,6848.0,0.2886,14071.0
1753600060802,07:07:40.802,binance,1INCH/USDT:USDT,0.2884,8184.0,0.2883,12546.0,0.2885,6848.0,0.2886,13380.0
1753600060971,07:07:40.971,binance,1INCH/USDT:USDT,0.2884,8184.0,0.2883,12546.0,0.2885,6848.0,0.2886,13380.0
1753600061217,07:07:41.217,binance,1INCH/USDT:USDT,0.2884,8184.0,0.2883,12546.0,0.2885,6848.0,0.2886,10624.0
1753600061402,07:07:41.402,binance,1INCH/USDT:USDT,0.2884,8184.0,0.2883,12662.0,0.2885,8802.0,0.2886,10624.0
1753600061505,07:07:41.505,binance,1INCH/USDT:USDT,0.2884,8184.0,0.2883,12662.0,0.2885,8802.0,0.2886,11315.0
1753600061663,07:07:41.663,binance,1INCH/USDT:USDT,0.2884,8184.0,0.2883,12662.0,0.2885,8802.0,0.2886,11315.0
1753600062002,07:07:42.002,binance,1INCH/USDT:USDT,0.2884,8184.0,0.2883,12662.0,0.2885,8802.0,0.2886,11315.0
1753600062105,07:07:42.105,binance,1INCH/USDT:USDT,0.2884,8184.0,0.2883,12662.0,0.2885,8802.0,0.2886,11315.0
1753600062303,07:07:42.303,binance,1INCH/USDT:USDT,0.2884,8184.0,0.2883,12662.0,0.2885,8802.0,0.2886,11315.0
1753600062581,07:07:42.581,binance,1INCH/USDT:USDT,0.2884,8184.0,0.2883,12662.0,0.2885,8802.0,0.2886,11171.0
1753600062975,07:07:42.975,binance,1INCH/USDT:USDT,0.2884,5080.0,0.2883,12662.0,0.2885,8802.0,0.2886,13255.0
1753600063205,07:07:43.205,binance,1INCH/USDT:USDT,0.2883,7458.0,0.2882,30401.0,0.2884,924.0,0.2885,10753.0
1753600063312,07:07:43.312,binance,1INCH/USDT:USDT,0.2883,9128.0,0.2882,30401.0,0.2884,924.0,0.2885,10753.0
1753600063436,07:07:43.436,binance,1INCH/USDT:USDT,0.2883,9484.0,0.2882,30401.0,0.2884,924.0,0.2885,10753.0
1753600063538,07:07:43.538,binance,1INCH/USDT:USDT,0.2883,9484.0,0.2882,30401.0,0.2884,943.0,0.2885,10753.0
1753600063641,07:07:43.641,binance,1INCH/USDT:USDT,0.2883,9484.0,0.2882,30401.0,0.2884,943.0,0.2885,10753.0
1753600063746,07:07:43.746,binance,1INCH/USDT:USDT,0.2883,9484.0,0.2882,30401.0,0.2884,943.0,0.2885,10753.0
1753600064184,07:07:44.184,binance,1INCH/USDT:USDT,0.2883,9484.0,0.2882,18499.0,0.2884,943.0,0.2885,10753.0
1753600064287,07:07:44.287,binance,1INCH/USDT:USDT,0.2883,9484.0,0.2882,18499.0,0.2884,943.0,0.2885,10753.0
1753600064520,07:07:44.520,binance,1INCH/USDT:USDT,0.2883,9503.0,0.2882,18499.0,0.2884,943.0,0.2885,10753.0
1753600064802,07:07:44.802,binance,1INCH/USDT:USDT,0.2883,9503.0,0.2882,18499.0,0.2884,943.0,0.2885,10753.0
1753600064980,07:07:44.980,binance,1INCH/USDT:USDT,0.2883,9503.0,0.2882,18499.0,0.2884,736.0,0.2885,10753.0
1753600065201,07:07:45.201,binance,1INCH/USDT:USDT,0.2883,9503.0,0.2882,18845.0,0.2884,736.0,0.2885,10753.0
1753600065371,07:07:45.371,binance,1INCH/USDT:USDT,0.2883,9503.0,0.2882,18845.0,0.2884,736.0,0.2885,10753.0
1753600065501,07:07:45.501,binance,1INCH/USDT:USDT,0.2883,6113.0,0.2882,15228.0,0.2884,4596.0,0.2885,9666.0
1753600065605,07:07:45.605,binance,1INCH/USDT:USDT,0.2883,6113.0,0.2882,14882.0,0.2884,4596.0,0.2885,9666.0
1753600065870,07:07:45.870,binance,1INCH/USDT:USDT,0.2883,6113.0,0.2882,14882.0,0.2884,4596.0,0.2885,12666.0
1753600065991,07:07:45.991,binance,1INCH/USDT:USDT,0.2883,6113.0,0.2882,14882.0,0.2884,4596.0,0.2885,12666.0
1753600066433,07:07:46.433,binance,1INCH/USDT:USDT,0.2883,6113.0,0.2882,14882.0,0.2884,4471.0,0.2885,16477.0
1753600066536,07:07:46.536,binance,1INCH/USDT:USDT,0.2884,8146.0,0.2883,26205.0,0.2885,4224.0,0.2886,15829.0
1753600066638,07:07:46.638,binance,1INCH/USDT:USDT,0.2885,5391.0,0.2884,12731.0,0.2886,874.0,0.2887,7739.0
1753600066744,07:07:46.744,binance,1INCH/USDT:USDT,0.2885,7074.0,0.2884,18889.0,0.2886,932.0,0.2887,9341.0
1753600066846,07:07:46.846,binance,1INCH/USDT:USDT,0.2885,7074.0,0.2884,18889.0,0.2886,2835.0,0.2887,7739.0
1753600066947,07:07:46.947,binance,1INCH/USDT:USDT,0.2885,7074.0,0.2884,19091.0,0.2886,2835.0,0.2887,7739.0
1753600067082,07:07:47.082,binance,1INCH/USDT:USDT,0.2885,7028.0,0.2884,19091.0,0.2886,2835.0,0.2887,7739.0
1753600067188,07:07:47.188,binance,1INCH/USDT:USDT,0.2885,7028.0,0.2884,19091.0,0.2886,2835.0,0.2887,7739.0
1753600067302,07:07:47.302,binance,1INCH/USDT:USDT,0.2885,7028.0,0.2884,19091.0,0.2886,2835.0,0.2887,7739.0
1753600067481,07:07:47.481,binance,1INCH/USDT:USDT,0.2885,7028.0,0.2884,19091.0,0.2886,2835.0,0.2887,7739.0
1753600067583,07:07:47.583,binance,1INCH/USDT:USDT,0.2885,7028.0,0.2884,18616.0,0.2886,3701.0,0.2887,9470.0
1753600067686,07:07:47.686,binance,1INCH/USDT:USDT,0.2885,7028.0,0.2884,16175.0,0.2886,3701.0,0.2887,10286.0
1753600067847,07:07:47.847,binance,1INCH/USDT:USDT,0.2885,7028.0,0.2884,16175.0,0.2886,3701.0,0.2887,13286.0
1753600068002,07:07:48.002,binance,1INCH/USDT:USDT,0.2885,6002.0,0.2884,16175.0,0.2886,6135.0,0.2887,13286.0
1753600068241,07:07:48.241,binance,1INCH/USDT:USDT,0.2885,6002.0,0.2884,16175.0,0.2886,6135.0,0.2887,13286.0
1753600068379,07:07:48.379,binance,1INCH/USDT:USDT,0.2885,6002.0,0.2884,15829.0,0.2886,6135.0,0.2887,13286.0
1753600068548,07:07:48.548,binance,1INCH/USDT:USDT,0.2885,6002.0,0.2884,13750.0,0.2886,6135.0,0.2887,15019.0
1753600068654,07:07:48.654,binance,1INCH/USDT:USDT,0.2885,6002.0,0.2884,13404.0,0.2886,6135.0,0.2887,15019.0
1753600068757,07:07:48.757,binance,1INCH/USDT:USDT,0.2885,6002.0,0.2884,13404.0,0.2886,6135.0,0.2887,15019.0
1753600069422,07:07:49.422,binance,1INCH/USDT:USDT,0.2884,9410.0,0.2883,24329.0,0.2885,2492.0,0.2886,12530.0
1753600069547,07:07:49.547,binance,1INCH/USDT:USDT,0.2884,9444.0,0.2883,24329.0,0.2885,4275.0,0.2886,10627.0
1753600069662,07:07:49.662,binance,1INCH/USDT:USDT,0.2884,9444.0,0.2883,24329.0,0.2885,4275.0,0.2886,10627.0
1753600069801,07:07:49.801,binance,1INCH/USDT:USDT,0.2884,9444.0,0.2883,24329.0,0.2885,4275.0,0.2886,10627.0
1753600070102,07:07:50.102,binance,1INCH/USDT:USDT,0.2884,9444.0,0.2883,24329.0,0.2885,5141.0,0.2886,9761.0
1753600070223,07:07:50.223,binance,1INCH/USDT:USDT,0.2884,9444.0,0.2883,14749.0,0.2885,5257.0,0.2886,10452.0
1753600070326,07:07:50.326,binance,1INCH/USDT:USDT,0.2884,6444.0,0.2883,14749.0,0.2885,5257.0,0.2886,10568.0
1753600070431,07:07:50.431,binance,1INCH/USDT:USDT,0.2884,6444.0,0.2883,14749.0,0.2885,5257.0,0.2886,10568.0
1753600070677,07:07:50.677,binance,1INCH/USDT:USDT,0.2884,6444.0,0.2883,14749.0,0.2885,5257.0,0.2886,10568.0
1753600071001,07:07:51.001,binance,1INCH/USDT:USDT,0.2884,6444.0,0.2883,14749.0,0.2885,5257.0,0.2886,10568.0
1753600071230,07:07:51.230,binance,1INCH/USDT:USDT,0.2884,6158.0,0.2883,14749.0,0.2885,5257.0,0.2886,10928.0
1753600071379,07:07:51.379,binance,1INCH/USDT:USDT,0.2884,6158.0,0.2883,14749.0,0.2885,5257.0,0.2886,10237.0
1753600071491,07:07:51.491,binance,1INCH/USDT:USDT,0.2884,6158.0,0.2883,14749.0,0.2885,5257.0,0.2886,10237.0
1753600071612,07:07:51.612,binance,1INCH/USDT:USDT,0.2884,6158.0,0.2883,14749.0,0.2885,5257.0,0.2886,10928.0
1753600071880,07:07:51.880,binance,1INCH/USDT:USDT,0.2884,6158.0,0.2883,14749.0,0.2885,5257.0,0.2886,10928.0
1753600072002,07:07:52.002,binance,1INCH/USDT:USDT,0.2884,6158.0,0.2883,14749.0,0.2885,5257.0,0.2886,10928.0
1753600072167,07:07:52.167,binance,1INCH/USDT:USDT,0.2884,6158.0,0.2883,14749.0,0.2885,5257.0,0.2886,10928.0
1753600072374,07:07:52.374,binance,1INCH/USDT:USDT,0.2884,6186.0,0.2883,14749.0,0.2885,5257.0,0.2886,10928.0
1753600072491,07:07:52.491,binance,1INCH/USDT:USDT,0.2884,6186.0,0.2883,14749.0,0.2885,5257.0,0.2886,10928.0
1753600072594,07:07:52.594,binance,1INCH/USDT:USDT,0.2884,6186.0,0.2883,14749.0,0.2885,5257.0,0.2886,10928.0
1753600072837,07:07:52.837,binance,1INCH/USDT:USDT,0.2884,6186.0,0.2883,14749.0,0.2885,5257.0,0.2886,10928.0
1753600073002,07:07:53.002,binance,1INCH/USDT:USDT,0.2884,6186.0,0.2883,14749.0,0.2885,5257.0,0.2886,10928.0
1753600073161,07:07:53.161,binance,1INCH/USDT:USDT,0.2884,6186.0,0.2883,14749.0,0.2885,5257.0,0.2886,10928.0
1753600073585,07:07:53.585,binance,1INCH/USDT:USDT,0.2884,6186.0,0.2883,14749.0,0.2885,5257.0,0.2886,10928.0
1753600073701,07:07:53.701,binance,1INCH/USDT:USDT,0.2884,6186.0,0.2883,14749.0,0.2885,5257.0,0.2886,10928.0
1753600074181,07:07:54.181,binance,1INCH/USDT:USDT,0.2884,6186.0,0.2883,14749.0,0.2885,5257.0,0.2886,10928.0
1753600074338,07:07:54.338,binance,1INCH/USDT:USDT,0.2884,6186.0,0.2883,14749.0,0.2885,3474.0,0.2886,6664.0
1753600074588,07:07:54.588,binance,1INCH/USDT:USDT,0.2884,6186.0,0.2883,14749.0,0.2885,5099.0,0.2886,6664.0
1753600074702,07:07:54.702,binance,1INCH/USDT:USDT,0.2884,4309.0,0.2883,14749.0,0.2885,5099.0,0.2886,7024.0
1753600074803,07:07:54.803,binance,1INCH/USDT:USDT,0.2883,4636.0,0.2882,29660.0,0.2884,4384.0,0.2885,8058.0
1753600074911,07:07:54.911,binance,1INCH/USDT:USDT,0.2883,4694.0,0.2882,27727.0,0.2884,4384.0,0.2885,10115.0
1753600075038,07:07:55.038,binance,1INCH/USDT:USDT,0.2883,4694.0,0.2882,27727.0,0.2884,5977.0,0.2885,10115.0
1753600075223,07:07:55.223,binance,1INCH/USDT:USDT,0.2883,4694.0,0.2882,27727.0,0.2884,5977.0,0.2885,10115.0
1753600075325,07:07:55.325,binance,1INCH/USDT:USDT,0.2883,6116.0,0.2882,27727.0,0.2884,5977.0,0.2885,10115.0
1753600075491,07:07:55.491,binance,1INCH/USDT:USDT,0.2883,6116.0,0.2882,27926.0,0.2884,5977.0,0.2885,10115.0
1753600075601,07:07:55.601,binance,1INCH/USDT:USDT,0.2883,5770.0,0.2882,27926.0,0.2884,5977.0,0.2885,10115.0
1753600075811,07:07:55.811,binance,1INCH/USDT:USDT,0.2883,5770.0,0.2882,13748.0,0.2884,5977.0,0.2885,13115.0
1753600075916,07:07:55.916,binance,1INCH/USDT:USDT,0.2883,5770.0,0.2882,13748.0,0.2884,5977.0,0.2885,13115.0
1753600076102,07:07:56.102,binance,1INCH/USDT:USDT,0.2883,5770.0,0.2882,13748.0,0.2884,5977.0,0.2885,13115.0
1753600076208,07:07:56.208,binance,1INCH/USDT:USDT,0.2883,5770.0,0.2882,13748.0,0.2884,5977.0,0.2885,13115.0
1753600076361,07:07:56.361,binance,1INCH/USDT:USDT,0.2883,3220.0,0.2882,13402.0,0.2884,8289.0,0.2885,13115.0
1753600076647,07:07:56.647,binance,1INCH/USDT:USDT,0.2883,3220.0,0.2882,13402.0,0.2884,8289.0,0.2885,13115.0
1753600077070,07:07:57.070,binance,1INCH/USDT:USDT,0.2883,3202.0,0.2882,13402.0,0.2884,9676.0,0.2885,13115.0
1753600077202,07:07:57.202,binance,1INCH/USDT:USDT,0.2883,3202.0,0.2882,13402.0,0.2884,9676.0,0.2885,13115.0
1753600077502,07:07:57.502,binance,1INCH/USDT:USDT,0.2883,3202.0,0.2882,13402.0,0.2884,9822.0,0.2885,13115.0
1753600077639,07:07:57.639,binance,1INCH/USDT:USDT,0.2883,3202.0,0.2882,13402.0,0.2884,9822.0,0.2885,13115.0
1753600077746,07:07:57.746,binance,1INCH/USDT:USDT,0.2883,3202.0,0.2882,13402.0,0.2884,9822.0,0.2885,13115.0
1753600077856,07:07:57.856,binance,1INCH/USDT:USDT,0.2883,3202.0,0.2882,13402.0,0.2884,9822.0,0.2885,13115.0
1753600078013,07:07:58.013,binance,1INCH/USDT:USDT,0.2883,3202.0,0.2882,13402.0,0.2884,9822.0,0.2885,13115.0
1753600078202,07:07:58.202,binance,1INCH/USDT:USDT,0.2883,3202.0,0.2882,13402.0,0.2884,9822.0,0.2885,13115.0
1753600078402,07:07:58.402,binance,1INCH/USDT:USDT,0.2883,3202.0,0.2882,13402.0,0.2884,9822.0,0.2885,13115.0
1753600078590,07:07:58.590,binance,1INCH/USDT:USDT,0.2883,3202.0,0.2882,13402.0,0.2884,9822.0,0.2885,13115.0
1753600078702,07:07:58.702,binance,1INCH/USDT:USDT,0.2883,3202.0,0.2882,13402.0,0.2884,9822.0,0.2885,13115.0
1753600078846,07:07:58.846,binance,1INCH/USDT:USDT,0.2883,3202.0,0.2882,13402.0,0.2884,9822.0,0.2885,13115.0
1753600079391,07:07:59.391,binance,1INCH/USDT:USDT,0.2883,3202.0,0.2882,13402.0,0.2884,9841.0,0.2885,13115.0
1753600079532,07:07:59.532,binance,1INCH/USDT:USDT,0.2883,3202.0,0.2882,13402.0,0.2884,6609.0,0.2885,13115.0
1753600079640,07:07:59.640,binance,1INCH/USDT:USDT,0.2883,3202.0,0.2882,13402.0,0.2884,6576.0,0.2885,13115.0
1753600079747,07:07:59.747,binance,1INCH/USDT:USDT,0.2883,3202.0,0.2882,13402.0,0.2884,6576.0,0.2885,13115.0
1753600079991,07:07:59.991,binance,1INCH/USDT:USDT,0.2883,3202.0,0.2882,13402.0,0.2884,6576.0,0.2885,13115.0
1753600080160,07:08:00.160,binance,1INCH/USDT:USDT,0.2883,3202.0,0.2882,13402.0,0.2884,6932.0,0.2885,13115.0
1753600080302,07:08:00.302,binance,1INCH/USDT:USDT,0.2883,5620.0,0.2882,13402.0,0.2884,4937.0,0.2885,13115.0
1753600080576,07:08:00.576,binance,1INCH/USDT:USDT,0.2883,4228.0,0.2882,13748.0,0.2884,6479.0,0.2885,13115.0
1753600080902,07:08:00.902,binance,1INCH/USDT:USDT,0.2883,4228.0,0.2882,13748.0,0.2884,6479.0,0.2885,13115.0
1753600081142,07:08:01.142,binance,1INCH/USDT:USDT,0.2883,4228.0,0.2882,13843.0,0.2884,6479.0,0.2885,13115.0
1753600081289,07:08:01.289,binance,1INCH/USDT:USDT,0.2883,4228.0,0.2882,13843.0,0.2884,6479.0,0.2885,13115.0
1753600081502,07:08:01.502,binance,1INCH/USDT:USDT,0.2883,4228.0,0.2882,13843.0,0.2884,6479.0,0.2885,13115.0
1753600081626,07:08:01.626,binance,1INCH/USDT:USDT,0.2883,4228.0,0.2882,13709.0,0.2884,6479.0,0.2885,13115.0
1753600081821,07:08:01.821,binance,1INCH/USDT:USDT,0.2883,4228.0,0.2882,13363.0,0.2884,6479.0,0.2885,13115.0
1753600081973,07:08:01.973,binance,1INCH/USDT:USDT,0.2883,3202.0,0.2882,13363.0,0.2884,6525.0,0.2885,13115.0
1753600082244,07:08:02.244,binance,1INCH/USDT:USDT,0.2883,3202.0,0.2882,13363.0,0.2884,6525.0,0.2885,13115.0
1753600082562,07:08:02.562,binance,1INCH/USDT:USDT,0.2883,1519.0,0.2882,13363.0,0.2884,6525.0,0.2885,13115.0
1753600082686,07:08:02.686,binance,1INCH/USDT:USDT,0.2882,7274.0,0.2881,9847.0,0.2883,3879.0,0.2884,10957.0
1753600082790,07:08:02.790,binance,1INCH/USDT:USDT,0.2882,5712.0,0.2881,21593.0,0.2883,4689.0,0.2884,11417.0
1753600083046,07:08:03.046,binance,1INCH/USDT:USDT,0.2882,5712.0,0.2881,22143.0,0.2883,4689.0,0.2884,9410.0
1753600083149,07:08:03.149,binance,1INCH/USDT:USDT,0.2882,5712.0,0.2881,25196.0,0.2883,4689.0,0.2884,9410.0
1753600083258,07:08:03.258,binance,1INCH/USDT:USDT,0.2882,5770.0,0.2881,25196.0,0.2883,4689.0,0.2884,9410.0
1753600083433,07:08:03.433,binance,1INCH/USDT:USDT,0.2882,5770.0,0.2881,25196.0,0.2883,4689.0,0.2884,9410.0
1753600083663,07:08:03.663,binance,1INCH/USDT:USDT,0.2882,5770.0,0.2881,25196.0,0.2883,4689.0,0.2884,9410.0
1753600083779,07:08:03.779,binance,1INCH/USDT:USDT,0.2882,5770.0,0.2881,14142.0,0.2883,4689.0,0.2884,9410.0
1753600083882,07:08:03.882,binance,1INCH/USDT:USDT,0.2882,5770.0,0.2881,14142.0,0.2883,4689.0,0.2884,9410.0
1753600084369,07:08:04.369,binance,1INCH/USDT:USDT,0.2882,5770.0,0.2881,14142.0,0.2883,5555.0,0.2884,9281.0
1753600084625,07:08:04.625,binance,1INCH/USDT:USDT,0.2882,5770.0,0.2881,17142.0,0.2883,5555.0,0.2884,9281.0
1753600084802,07:08:04.802,binance,1INCH/USDT:USDT,0.2882,5770.0,0.2881,17142.0,0.2883,5555.0,0.2884,9281.0
1753600085391,07:08:05.391,binance,1INCH/USDT:USDT,0.2882,5705.0,0.2881,17494.0,0.2883,5555.0,0.2884,9281.0
1753600085543,07:08:05.543,binance,1INCH/USDT:USDT,0.2882,5705.0,0.2881,17494.0,0.2883,5555.0,0.2884,9281.0
1753600085902,07:08:05.902,binance,1INCH/USDT:USDT,0.2882,5705.0,0.2881,17494.0,0.2883,5555.0,0.2884,9281.0
1753600086003,07:08:06.003,binance,1INCH/USDT:USDT,0.2882,6905.0,0.2881,17494.0,0.2883,5210.0,0.2884,9281.0
1753600086312,07:08:06.312,binance,1INCH/USDT:USDT,0.2882,6905.0,0.2881,17494.0,0.2883,5210.0,0.2884,9281.0
1753600086441,07:08:06.441,binance,1INCH/USDT:USDT,0.2882,6905.0,0.2881,17877.0,0.2883,5210.0,0.2884,9281.0
1753600086544,07:08:06.544,binance,1INCH/USDT:USDT,0.2882,6905.0,0.2881,17877.0,0.2883,2629.0,0.2884,8925.0
1753600086702,07:08:06.702,binance,1INCH/USDT:USDT,0.2882,6810.0,0.2881,18313.0,0.2883,2629.0,0.2884,8925.0
1753600086852,07:08:06.852,binance,1INCH/USDT:USDT,0.2882,8913.0,0.2881,24673.0,0.2883,924.0,0.2884,8925.0
1753600086957,07:08:06.957,binance,1INCH/USDT:USDT,0.2882,10641.0,0.2881,30604.0,0.2883,924.0,0.2884,8925.0
1753600087102,07:08:07.102,binance,1INCH/USDT:USDT,0.2882,10641.0,0.2881,30604.0,0.2883,1043.0,0.2884,10746.0
1753600087272,07:08:07.272,binance,1INCH/USDT:USDT,0.2882,10641.0,0.2881,29913.0,0.2883,1043.0,0.2884,10746.0
1753600088018,07:08:08.018,binance,1INCH/USDT:USDT,0.2883,4163.0,0.2882,28722.0,0.2884,5938.0,0.2885,11477.0
1753600088121,07:08:08.121,binance,1INCH/USDT:USDT,0.2883,4163.0,0.2882,32263.0,0.2884,5938.0,0.2885,13507.0
1753600088307,07:08:08.307,binance,1INCH/USDT:USDT,0.2883,5829.0,0.2882,33513.0,0.2884,223.0,0.2885,11477.0
1753600088441,07:08:08.441,binance,1INCH/USDT:USDT,0.2883,7633.0,0.2882,33513.0,0.2884,223.0,0.2885,11477.0
1753600088610,07:08:08.610,binance,1INCH/USDT:USDT,0.2883,10633.0,0.2882,33513.0,0.2884,223.0,0.2885,10216.0
1753600088728,07:08:08.728,binance,1INCH/USDT:USDT,0.2883,10633.0,0.2882,33513.0,0.2884,223.0,0.2885,10216.0
1753600088863,07:08:08.863,binance,1INCH/USDT:USDT,0.2883,10633.0,0.2882,33513.0,0.2884,223.0,0.2885,10216.0
1753600088995,07:08:08.995,binance,1INCH/USDT:USDT,0.2883,10652.0,0.2882,22469.0,0.2884,223.0,0.2885,10216.0
1753600089103,07:08:09.103,binance,1INCH/USDT:USDT,0.2883,10652.0,0.2882,22469.0,0.2884,1089.0,0.2885,10216.0
1753600089265,07:08:09.265,binance,1INCH/USDT:USDT,0.2883,10652.0,0.2882,22469.0,0.2884,1089.0,0.2885,10216.0
1753600089632,07:08:09.632,binance,1INCH/USDT:USDT,0.2883,10652.0,0.2882,22815.0,0.2884,1089.0,0.2885,10216.0
1753600089741,07:08:09.741,binance,1INCH/USDT:USDT,0.2883,10652.0,0.2882,22815.0,0.2884,1089.0,0.2885,10216.0
1753600090273,07:08:10.273,binance,1INCH/USDT:USDT,0.2883,10652.0,0.2882,22857.0,0.2884,1089.0,0.2885,10216.0
1753600090381,07:08:10.381,binance,1INCH/USDT:USDT,0.2883,10652.0,0.2882,22857.0,0.2884,1089.0,0.2885,10216.0
1753600090484,07:08:10.484,binance,1INCH/USDT:USDT,0.2883,10652.0,0.2882,26235.0,0.2884,1089.0,0.2885,10216.0
1753600090659,07:08:10.659,binance,1INCH/USDT:USDT,0.2883,10652.0,0.2882,27255.0,0.2884,1089.0,0.2885,10216.0
1753600090813,07:08:10.813,binance,1INCH/USDT:USDT,0.2883,10652.0,0.2882,27255.0,0.2884,1089.0,0.2885,10216.0
1753600091002,07:08:11.002,binance,1INCH/USDT:USDT,0.2883,10652.0,0.2882,27255.0,0.2884,1089.0,0.2885,10216.0
1753600091206,07:08:11.206,binance,1INCH/USDT:USDT,0.2883,10652.0,0.2882,27255.0,0.2884,1089.0,0.2885,10216.0
1753600091547,07:08:11.547,binance,1INCH/USDT:USDT,0.2883,7652.0,0.2882,27255.0,0.2884,3067.0,0.2885,8477.0
1753600091779,07:08:11.779,binance,1INCH/USDT:USDT,0.2883,7652.0,0.2882,27255.0,0.2884,3113.0,0.2885,8477.0
1753600092003,07:08:12.003,binance,1INCH/USDT:USDT,0.2883,6213.0,0.2882,27213.0,0.2884,3113.0,0.2885,8477.0
1753600092195,07:08:12.195,binance,1INCH/USDT:USDT,0.2883,6213.0,0.2882,27213.0,0.2884,3113.0,0.2885,8477.0
1753600092311,07:08:12.311,binance,1INCH/USDT:USDT,0.2883,5986.0,0.2882,27213.0,0.2884,3113.0,0.2885,8477.0
1753600092436,07:08:12.436,binance,1INCH/USDT:USDT,0.2883,5986.0,0.2882,26867.0,0.2884,3113.0,0.2885,8477.0
1753600092558,07:08:12.558,binance,1INCH/USDT:USDT,0.2883,4182.0,0.2882,24157.0,0.2884,7229.0,0.2885,13507.0
1753600092681,07:08:12.681,binance,1INCH/USDT:USDT,0.2883,4136.0,0.2882,24157.0,0.2884,7229.0,0.2885,13507.0
1753600092920,07:08:12.920,binance,1INCH/USDT:USDT,0.2883,4136.0,0.2882,22500.0,0.2884,7229.0,0.2885,13507.0
1753600093071,07:08:13.071,binance,1INCH/USDT:USDT,0.2883,4136.0,0.2882,22500.0,0.2884,7229.0,0.2885,13507.0
1753600093202,07:08:13.202,binance,1INCH/USDT:USDT,0.2883,4136.0,0.2882,22500.0,0.2884,7229.0,0.2885,13507.0
1753600093602,07:08:13.602,binance,1INCH/USDT:USDT,0.2883,4136.0,0.2882,22500.0,0.2884,7229.0,0.2885,13507.0
1753600093706,07:08:13.706,binance,1INCH/USDT:USDT,0.2883,4136.0,0.2882,22500.0,0.2884,7229.0,0.2885,13507.0
1753600093822,07:08:13.822,binance,1INCH/USDT:USDT,0.2883,4136.0,0.2882,22500.0,0.2884,7229.0,0.2885,13507.0
1753600093948,07:08:13.948,binance,1INCH/USDT:USDT,0.2883,4177.0,0.2882,22500.0,0.2884,7229.0,0.2885,13507.0
1753600094202,07:08:14.202,binance,1INCH/USDT:USDT,0.2883,4177.0,0.2882,22500.0,0.2884,7229.0,0.2885,13507.0
1753600094362,07:08:14.362,binance,1INCH/USDT:USDT,0.2883,4177.0,0.2882,22500.0,0.2884,7248.0,0.2885,13507.0
1753600094586,07:08:14.586,binance,1INCH/USDT:USDT,0.2883,4503.0,0.2882,22262.0,0.2884,7248.0,0.2885,13507.0
1753600094730,07:08:14.730,binance,1INCH/USDT:USDT,0.2883,4177.0,0.2882,22262.0,0.2884,7248.0,0.2885,13507.0
1753600094902,07:08:14.902,binance,1INCH/USDT:USDT,0.2883,4177.0,0.2882,22262.0,0.2884,7248.0,0.2885,13507.0
1753600095117,07:08:15.117,binance,1INCH/USDT:USDT,0.2883,4177.0,0.2882,22305.0,0.2884,7248.0,0.2885,13507.0
1753600095302,07:08:15.302,binance,1INCH/USDT:USDT,0.2883,4177.0,0.2882,22305.0,0.2884,7248.0,0.2885,13507.0
1753600095443,07:08:15.443,binance,1INCH/USDT:USDT,0.2883,4177.0,0.2882,22305.0,0.2884,7248.0,0.2885,13507.0
1753600095691,07:08:15.691,binance,1INCH/USDT:USDT,0.2883,4177.0,0.2882,19845.0,0.2884,7248.0,0.2885,13507.0
1753600095902,07:08:15.902,binance,1INCH/USDT:USDT,0.2883,6004.0,0.2882,21718.0,0.2884,5238.0,0.2885,11477.0
1753600096158,07:08:16.158,binance,1INCH/USDT:USDT,0.2883,6004.0,0.2882,21718.0,0.2884,5238.0,0.2885,11477.0
1753600096501,07:08:16.501,binance,1INCH/USDT:USDT,0.2883,6004.0,0.2882,22064.0,0.2884,5238.0,0.2885,11477.0
1753600096677,07:08:16.677,binance,1INCH/USDT:USDT,0.2883,4661.0,0.2882,22064.0,0.2884,5238.0,0.2885,11477.0
1753600096833,07:08:16.833,binance,1INCH/USDT:USDT,0.2883,4661.0,0.2882,22064.0,0.2884,5238.0,0.2885,11477.0
1753600096954,07:08:16.954,binance,1INCH/USDT:USDT,0.2883,4177.0,0.2882,22064.0,0.2884,5238.0,0.2885,11477.0
1753600097058,07:08:17.058,binance,1INCH/USDT:USDT,0.2883,4177.0,0.2882,22064.0,0.2884,5238.0,0.2885,11477.0
1753600097178,07:08:17.178,binance,1INCH/USDT:USDT,0.2883,4177.0,0.2882,22064.0,0.2884,5238.0,0.2885,11477.0
1753600097315,07:08:17.315,binance,1INCH/USDT:USDT,0.2883,4202.0,0.2882,22064.0,0.2884,5238.0,0.2885,11477.0
1753600097508,07:08:17.508,binance,1INCH/USDT:USDT,0.2883,4202.0,0.2882,21718.0,0.2884,5238.0,0.2885,11477.0
1753600097646,07:08:17.646,binance,1INCH/USDT:USDT,0.2883,4202.0,0.2882,21718.0,0.2884,5238.0,0.2885,11477.0
1753600097873,07:08:17.873,binance,1INCH/USDT:USDT,0.2883,4202.0,0.2882,21718.0,0.2884,5238.0,0.2885,11477.0
1753600098260,07:08:18.260,binance,1INCH/USDT:USDT,0.2883,4202.0,0.2882,21718.0,0.2884,5238.0,0.2885,11477.0
1753600099119,07:08:19.119,binance,1INCH/USDT:USDT,0.2883,4202.0,0.2882,22075.0,0.2884,5172.0,0.2885,11477.0
1753600099556,07:08:19.556,binance,1INCH/USDT:USDT,0.2883,5868.0,0.2882,22075.0,0.2884,5172.0,0.2885,11477.0
1753600099768,07:08:19.768,binance,1INCH/USDT:USDT,0.2883,5868.0,0.2882,22420.0,0.2884,5138.0,0.2885,11477.0
1753600099901,07:08:19.901,binance,1INCH/USDT:USDT,0.2883,5868.0,0.2882,22420.0,0.2884,5138.0,0.2885,11477.0
1753600100402,07:08:20.402,binance,1INCH/USDT:USDT,0.2883,5868.0,0.2882,22420.0,0.2884,5138.0,0.2885,11477.0
1753600100600,07:08:20.600,binance,1INCH/USDT:USDT,0.2883,5868.0,0.2882,22420.0,0.2884,5156.0,0.2885,11477.0
1753600100711,07:08:20.711,binance,1INCH/USDT:USDT,0.2883,5868.0,0.2882,22420.0,0.2884,5156.0,0.2885,11477.0
1753600101002,07:08:21.002,binance,1INCH/USDT:USDT,0.2883,5868.0,0.2882,22420.0,0.2884,5156.0,0.2885,11477.0
1753600101570,07:08:21.570,binance,1INCH/USDT:USDT,0.2883,4895.0,0.2882,22420.0,0.2884,5156.0,0.2885,11477.0
1753600102044,07:08:22.044,binance,1INCH/USDT:USDT,0.2883,4895.0,0.2882,22017.0,0.2884,5156.0,0.2885,11477.0
1753600102166,07:08:22.166,binance,1INCH/USDT:USDT,0.2883,4895.0,0.2882,22017.0,0.2884,5156.0,0.2885,11477.0
1753600102416,07:08:22.416,binance,1INCH/USDT:USDT,0.2883,4895.0,0.2882,20167.0,0.2884,5156.0,0.2885,11477.0
1753600102536,07:08:22.536,binance,1INCH/USDT:USDT,0.2883,4202.0,0.2882,20167.0,0.2884,5156.0,0.2885,13507.0
1753600102640,07:08:22.640,binance,1INCH/USDT:USDT,0.2883,4202.0,0.2882,20167.0,0.2884,5156.0,0.2885,13507.0
1753600103034,07:08:23.034,binance,1INCH/USDT:USDT,0.2883,4202.0,0.2882,20167.0,0.2884,5156.0,0.2885,13507.0
1753600103136,07:08:23.136,binance,1INCH/USDT:USDT,0.2883,4202.0,0.2882,20167.0,0.2884,5156.0,0.2885,13507.0
1753600103346,07:08:23.346,binance,1INCH/USDT:USDT,0.2883,4202.0,0.2882,20167.0,0.2884,5156.0,0.2885,13507.0
1753600103451,07:08:23.451,binance,1INCH/USDT:USDT,0.2883,4202.0,0.2882,20167.0,0.2884,5175.0,0.2885,13507.0
1753600103679,07:08:23.679,binance,1INCH/USDT:USDT,0.2883,4202.0,0.2882,20167.0,0.2884,5175.0,0.2885,13507.0
1753600103788,07:08:23.788,binance,1INCH/USDT:USDT,0.2883,4202.0,0.2882,20167.0,0.2884,5175.0,0.2885,13507.0
1753600103947,07:08:23.947,binance,1INCH/USDT:USDT,0.2883,4202.0,0.2882,20167.0,0.2884,5175.0,0.2885,13507.0
1753600104303,07:08:24.303,binance,1INCH/USDT:USDT,0.2883,4202.0,0.2882,20167.0,0.2884,5175.0,0.2885,13507.0
1753600104459,07:08:24.459,binance,1INCH/USDT:USDT,0.2883,4202.0,0.2882,20167.0,0.2884,5175.0,0.2885,13507.0
1753600104644,07:08:24.644,binance,1INCH/USDT:USDT,0.2883,4202.0,0.2882,20167.0,0.2884,5175.0,0.2885,13507.0
1753600104902,07:08:24.902,binance,1INCH/USDT:USDT,0.2883,4202.0,0.2882,20167.0,0.2884,5175.0,0.2885,13507.0
1753600105290,07:08:25.290,binance,1INCH/USDT:USDT,0.2883,4202.0,0.2882,20167.0,0.2884,5175.0,0.2885,13507.0
1753600105502,07:08:25.502,binance,1INCH/USDT:USDT,0.2883,4202.0,0.2882,20167.0,0.2884,5175.0,0.2885,13507.0
1753600106102,07:08:26.102,binance,1INCH/USDT:USDT,0.2883,4202.0,0.2882,20515.0,0.2884,5175.0,0.2885,13507.0
1753600106277,07:08:26.277,binance,1INCH/USDT:USDT,0.2883,4225.0,0.2882,20515.0,0.2884,5175.0,0.2885,13507.0
1753600106747,07:08:26.747,binance,1INCH/USDT:USDT,0.2883,7260.0,0.2882,22891.0,0.2884,820.0,0.2885,11477.0
1753600106858,07:08:26.858,binance,1INCH/USDT:USDT,0.2883,7260.0,0.2882,22891.0,0.2884,820.0,0.2885,13074.0
1753600107202,07:08:27.202,binance,1INCH/USDT:USDT,0.2883,7260.0,0.2882,22891.0,0.2884,820.0,0.2885,13074.0
1753600107402,07:08:27.402,binance,1INCH/USDT:USDT,0.2883,10260.0,0.2882,22891.0,0.2884,788.0,0.2885,13074.0
1753600107545,07:08:27.545,binance,1INCH/USDT:USDT,0.2883,10260.0,0.2882,23583.0,0.2884,788.0,0.2885,13074.0
1753600107655,07:08:27.655,binance,1INCH/USDT:USDT,0.2883,2141.0,0.2882,17370.0,0.2884,7745.0,0.2885,13507.0
1753600107756,07:08:27.756,binance,1INCH/USDT:USDT,0.2883,2137.0,0.2882,15149.0,0.2884,7803.0,0.2885,13507.0
1753600107948,07:08:27.948,binance,1INCH/USDT:USDT,0.2883,2137.0,0.2882,17076.0,0.2884,7803.0,0.2885,13507.0
1753600108302,07:08:28.302,binance,1INCH/USDT:USDT,0.2883,2137.0,0.2882,17076.0,0.2884,7803.0,0.2885,13507.0
1753600108502,07:08:28.502,binance,1INCH/USDT:USDT,0.2883,2137.0,0.2882,17076.0,0.2884,7803.0,0.2885,13507.0
1753600108651,07:08:28.651,binance,1INCH/USDT:USDT,0.2883,2137.0,0.2882,16730.0,0.2884,7803.0,0.2885,13507.0
1753600108863,07:08:28.863,binance,1INCH/USDT:USDT,0.2883,3035.0,0.2882,18714.0,0.2884,7803.0,0.2885,13507.0
1753600109590,07:08:29.590,binance,1INCH/USDT:USDT,0.2883,3035.0,0.2882,18714.0,0.2884,7822.0,0.2885,13507.0
1753600109701,07:08:29.701,binance,1INCH/USDT:USDT,0.2883,3035.0,0.2882,18714.0,0.2884,7822.0,0.2885,13507.0
1753600110003,07:08:30.003,binance,1INCH/USDT:USDT,0.2883,3035.0,0.2882,18714.0,0.2884,7822.0,0.2885,13507.0
1753600110108,07:08:30.108,binance,1INCH/USDT:USDT,0.2883,3035.0,0.2882,18714.0,0.2884,7822.0,0.2885,13507.0
1753600110301,07:08:30.301,binance,1INCH/USDT:USDT,0.2883,3035.0,0.2882,18714.0,0.2884,7822.0,0.2885,13507.0
1753600110563,07:08:30.563,binance,1INCH/USDT:USDT,0.2883,3035.0,0.2882,18714.0,0.2884,7822.0,0.2885,13507.0
1753600110681,07:08:30.681,binance,1INCH/USDT:USDT,0.2883,3035.0,0.2882,18714.0,0.2884,7822.0,0.2885,13507.0
1753600110840,07:08:30.840,binance,1INCH/USDT:USDT,0.2883,3035.0,0.2882,18714.0,0.2884,7822.0,0.2885,13507.0
1753600111128,07:08:31.128,binance,1INCH/USDT:USDT,0.2883,3035.0,0.2882,18714.0,0.2884,7822.0,0.2885,13507.0
1753600111302,07:08:31.302,binance,1INCH/USDT:USDT,0.2883,3035.0,0.2882,18816.0,0.2884,7822.0,0.2885,13507.0
1753600111426,07:08:31.426,binance,1INCH/USDT:USDT,0.2883,3035.0,0.2882,18816.0,0.2884,7822.0,0.2885,13853.0
1753600111533,07:08:31.533,binance,1INCH/USDT:USDT,0.2883,3035.0,0.2882,19759.0,0.2884,7822.0,0.2885,14545.0
1753600111684,07:08:31.684,binance,1INCH/USDT:USDT,0.2883,3035.0,0.2882,19759.0,0.2884,7822.0,0.2885,14545.0
1753600111802,07:08:31.802,binance,1INCH/USDT:USDT,0.2883,3035.0,0.2882,19759.0,0.2884,7822.0,0.2885,14545.0
1753600111993,07:08:31.993,binance,1INCH/USDT:USDT,0.2883,3035.0,0.2882,19759.0,0.2884,7822.0,0.2885,14545.0
1753600112302,07:08:32.302,binance,1INCH/USDT:USDT,0.2883,3035.0,0.2882,19759.0,0.2884,7822.0,0.2885,14545.0
1753600112502,07:08:32.502,binance,1INCH/USDT:USDT,0.2883,3035.0,0.2882,19759.0,0.2884,7761.0,0.2885,14545.0
1753600112902,07:08:32.902,binance,1INCH/USDT:USDT,0.2883,3035.0,0.2882,19759.0,0.2884,7761.0,0.2885,14545.0
1753600113046,07:08:33.046,binance,1INCH/USDT:USDT,0.2883,3035.0,0.2882,19759.0,0.2884,7761.0,0.2885,14545.0
1753600113606,07:08:33.606,binance,1INCH/USDT:USDT,0.2883,3035.0,0.2882,19759.0,0.2884,7761.0,0.2885,14199.0
1753600114545,07:08:34.545,binance,1INCH/USDT:USDT,0.2883,3035.0,0.2882,19759.0,0.2884,7761.0,0.2885,14545.0
1753600114651,07:08:34.651,binance,1INCH/USDT:USDT,0.2882,11721.0,0.2881,35038.0,0.2883,924.0,0.2884,9589.0
1753600114754,07:08:34.754,binance,1INCH/USDT:USDT,0.2882,11779.0,0.2881,35038.0,0.2883,924.0,0.2884,9589.0
1753600114890,07:08:34.890,binance,1INCH/USDT:USDT,0.2882,12163.0,0.2881,32038.0,0.2883,2633.0,0.2884,7808.0
1753600114992,07:08:34.992,binance,1INCH/USDT:USDT,0.2882,6414.0,0.2881,24809.0,0.2883,4403.0,0.2884,9840.0
1753600115147,07:08:35.147,binance,1INCH/USDT:USDT,0.2883,27373.0,0.2882,11032.0,0.2884,5751.0,0.2885,11477.0
1753600115249,07:08:35.249,binance,1INCH/USDT:USDT,0.2883,28483.0,0.2882,11069.0,0.2884,5751.0,0.2885,13636.0
1753600115359,07:08:35.359,binance,1INCH/USDT:USDT,0.2883,28569.0,0.2882,11069.0,0.2884,5809.0,0.2885,13636.0
1753600115762,07:08:35.762,binance,1INCH/USDT:USDT,0.2883,28569.0,0.2882,12491.0,0.2884,5809.0,0.2885,13636.0
1753600115864,07:08:35.864,binance,1INCH/USDT:USDT,0.2883,28569.0,0.2882,12491.0,0.2884,5809.0,0.2885,13636.0
1753600115988,07:08:35.988,binance,1INCH/USDT:USDT,0.2883,28569.0,0.2882,12491.0,0.2884,5809.0,0.2885,13636.0
1753600116356,07:08:36.356,binance,1INCH/USDT:USDT,0.2883,28657.0,0.2882,12331.0,0.2884,5809.0,0.2885,13636.0
1753600116459,07:08:36.459,binance,1INCH/USDT:USDT,0.2883,28657.0,0.2882,12331.0,0.2884,5809.0,0.2885,13636.0
1753600116841,07:08:36.841,binance,1INCH/USDT:USDT,0.2883,28657.0,0.2882,12331.0,0.2884,5809.0,0.2885,13636.0
1753600117002,07:08:37.002,binance,1INCH/USDT:USDT,0.2883,28657.0,0.2882,12331.0,0.2884,5809.0,0.2885,13636.0
1753600117183,07:08:37.183,binance,1INCH/USDT:USDT,0.2883,28657.0,0.2882,12331.0,0.2884,5809.0,0.2885,13636.0
1753600117356,07:08:37.356,binance,1INCH/USDT:USDT,0.2883,28644.0,0.2882,12331.0,0.2884,5809.0,0.2885,13636.0
1753600117501,07:08:37.501,binance,1INCH/USDT:USDT,0.2883,28644.0,0.2882,12331.0,0.2884,5809.0,0.2885,13636.0
1753600117602,07:08:37.602,binance,1INCH/USDT:USDT,0.2883,28644.0,0.2882,12331.0,0.2884,5809.0,0.2885,13636.0
1753600117861,07:08:37.861,binance,1INCH/USDT:USDT,0.2883,28644.0,0.2882,12331.0,0.2884,5809.0,0.2885,13636.0
1753600118091,07:08:38.091,binance,1INCH/USDT:USDT,0.2883,28644.0,0.2882,12331.0,0.2884,5809.0,0.2885,13636.0
1753600118291,07:08:38.291,binance,1INCH/USDT:USDT,0.2883,28644.0,0.2882,12331.0,0.2884,5809.0,0.2885,13636.0
1753600118431,07:08:38.431,binance,1INCH/USDT:USDT,0.2883,28644.0,0.2882,12331.0,0.2884,5809.0,0.2885,13636.0
1753600118551,07:08:38.551,binance,1INCH/USDT:USDT,0.2883,28644.0,0.2882,12331.0,0.2884,5809.0,0.2885,13636.0
1753600118802,07:08:38.802,binance,1INCH/USDT:USDT,0.2883,28644.0,0.2882,12331.0,0.2884,5809.0,0.2885,13636.0
1753600119002,07:08:39.002,binance,1INCH/USDT:USDT,0.2883,28644.0,0.2882,12331.0,0.2884,5809.0,0.2885,13636.0
1753600119402,07:08:39.402,binance,1INCH/USDT:USDT,0.2883,28644.0,0.2882,12331.0,0.2884,5809.0,0.2885,13636.0
1753600119602,07:08:39.602,binance,1INCH/USDT:USDT,0.2883,28644.0,0.2882,12331.0,0.2884,5809.0,0.2885,13636.0
1753600120002,07:08:40.002,binance,1INCH/USDT:USDT,0.2883,28644.0,0.2882,12331.0,0.2884,5809.0,0.2885,13636.0
1753600120181,07:08:40.181,binance,1INCH/USDT:USDT,0.2883,28644.0,0.2882,12331.0,0.2884,5809.0,0.2885,13636.0
1753600120305,07:08:40.305,binance,1INCH/USDT:USDT,0.2883,28644.0,0.2882,12331.0,0.2884,5421.0,0.2885,13636.0
1753600120518,07:08:40.518,binance,1INCH/USDT:USDT,0.2883,28644.0,0.2882,12331.0,0.2884,3833.0,0.2885,13636.0
1753600120620,07:08:40.620,binance,1INCH/USDT:USDT,0.2883,28644.0,0.2882,17210.0,0.2884,688.0,0.2885,8121.0
1753600120737,07:08:40.737,binance,1INCH/USDT:USDT,0.2883,28644.0,0.2882,17210.0,0.2884,746.0,0.2885,8121.0
1753600120842,07:08:40.842,binance,1INCH/USDT:USDT,0.2883,28644.0,0.2882,17210.0,0.2884,746.0,0.2885,9787.0
1753600120944,07:08:40.944,binance,1INCH/USDT:USDT,0.2883,28644.0,0.2882,17210.0,0.2884,746.0,0.2885,9787.0
1753600121541,07:08:41.541,binance,1INCH/USDT:USDT,0.2884,9081.0,0.2883,32495.0,0.2885,4582.0,0.2886,13972.0
1753600121647,07:08:41.647,binance,1INCH/USDT:USDT,0.2884,9081.0,0.2883,33034.0,0.2885,4582.0,0.2886,13972.0
1753600121810,07:08:41.810,binance,1INCH/USDT:USDT,0.2884,9081.0,0.2883,33034.0,0.2885,4582.0,0.2886,13972.0
1753600121972,07:08:41.972,binance,1INCH/USDT:USDT,0.2884,9081.0,0.2883,33034.0,0.2885,4582.0,0.2886,13972.0
1753600122102,07:08:42.102,binance,1INCH/USDT:USDT,0.2884,7353.0,0.2883,33034.0,0.2885,4582.0,0.2886,13972.0
1753600122302,07:08:42.302,binance,1INCH/USDT:USDT,0.2884,7567.0,0.2883,33034.0,0.2885,4582.0,0.2886,13972.0
1753600122404,07:08:42.404,binance,1INCH/USDT:USDT,0.2884,7798.0,0.2883,33034.0,0.2885,4582.0,0.2886,13972.0
1753600122681,07:08:42.681,binance,1INCH/USDT:USDT,0.2884,7798.0,0.2883,33034.0,0.2885,4582.0,0.2886,13972.0
1753600122827,07:08:42.827,binance,1INCH/USDT:USDT,0.2884,7798.0,0.2883,33034.0,0.2885,4582.0,0.2886,13281.0
1753600122990,07:08:42.990,binance,1INCH/USDT:USDT,0.2884,7798.0,0.2883,33034.0,0.2885,482.0,0.2886,6995.0
1753600123147,07:08:43.147,binance,1INCH/USDT:USDT,0.2884,10798.0,0.2883,33206.0,0.2885,482.0,0.2886,7170.0
1753600123251,07:08:43.251,binance,1INCH/USDT:USDT,0.2884,10798.0,0.2883,33206.0,0.2885,482.0,0.2886,8770.0
1753600123402,07:08:43.402,binance,1INCH/USDT:USDT,0.2884,10798.0,0.2883,33206.0,0.2885,482.0,0.2886,8770.0
1753600123901,07:08:43.901,binance,1INCH/USDT:USDT,0.2884,10798.0,0.2883,33552.0,0.2885,482.0,0.2886,8770.0
1753600124140,07:08:44.140,binance,1INCH/USDT:USDT,0.2884,10798.0,0.2883,33744.0,0.2885,482.0,0.2886,8770.0
1753600124391,07:08:44.391,binance,1INCH/USDT:USDT,0.2884,10798.0,0.2883,33744.0,0.2885,482.0,0.2886,8770.0
1753600124493,07:08:44.493,binance,1INCH/USDT:USDT,0.2884,10798.0,0.2883,33744.0,0.2885,482.0,0.2886,8770.0
1753600124632,07:08:44.632,binance,1INCH/USDT:USDT,0.2884,10798.0,0.2883,34482.0,0.2885,482.0,0.2886,8770.0
1753600125102,07:08:45.102,binance,1INCH/USDT:USDT,0.2884,10798.0,0.2883,34482.0,0.2885,482.0,0.2886,8770.0
1753600125397,07:08:45.397,binance,1INCH/USDT:USDT,0.2884,10798.0,0.2883,34482.0,0.2885,482.0,0.2886,8770.0
1753600125502,07:08:45.502,binance,1INCH/USDT:USDT,0.2884,10798.0,0.2883,34482.0,0.2885,482.0,0.2886,8770.0
1753600125701,07:08:45.701,binance,1INCH/USDT:USDT,0.2884,10798.0,0.2883,37216.0,0.2885,482.0,0.2886,8770.0
1753600125920,07:08:45.920,binance,1INCH/USDT:USDT,0.2884,10798.0,0.2883,37216.0,0.2885,482.0,0.2886,8770.0
1753600126061,07:08:46.061,binance,1INCH/USDT:USDT,0.2884,10798.0,0.2883,37216.0,0.2885,482.0,0.2886,8770.0
1753600126802,07:08:46.802,binance,1INCH/USDT:USDT,0.2884,10798.0,0.2883,37216.0,0.2885,482.0,0.2886,8770.0
1753600127138,07:08:47.138,binance,1INCH/USDT:USDT,0.2884,12526.0,0.2883,39166.0,0.2885,482.0,0.2886,8770.0
1753600127241,07:08:47.241,binance,1INCH/USDT:USDT,0.2885,7034.0,0.2884,12600.0,0.2886,4958.0,0.2887,14470.0
1753600127346,07:08:47.346,binance,1INCH/USDT:USDT,0.2885,7092.0,0.2884,24788.0,0.2886,4958.0,0.2887,14470.0
1753600127447,07:08:47.447,binance,1INCH/USDT:USDT,0.2885,7092.0,0.2884,24788.0,0.2886,4958.0,0.2887,14470.0
1753600127609,07:08:47.609,binance,1INCH/USDT:USDT,0.2885,7131.0,0.2884,24788.0,0.2886,4958.0,0.2887,14470.0
1753600127744,07:08:47.744,binance,1INCH/USDT:USDT,0.2885,7131.0,0.2884,24788.0,0.2886,4958.0,0.2887,11470.0
1753600127902,07:08:47.902,binance,1INCH/USDT:USDT,0.2885,7131.0,0.2884,24788.0,0.2886,4958.0,0.2887,11470.0
1753600128015,07:08:48.015,binance,1INCH/USDT:USDT,0.2885,7131.0,0.2884,24788.0,0.2886,4958.0,0.2887,11470.0
1753600128147,07:08:48.147,binance,1INCH/USDT:USDT,0.2885,7131.0,0.2884,24788.0,0.2886,2524.0,0.2887,11470.0
1753600128268,07:08:48.268,binance,1INCH/USDT:USDT,0.2885,7131.0,0.2884,24788.0,0.2886,2524.0,0.2887,11470.0
1753600128401,07:08:48.401,binance,1INCH/USDT:USDT,0.2885,7131.0,0.2884,24788.0,0.2886,2524.0,0.2887,11470.0
1753600128691,07:08:48.691,binance,1INCH/USDT:USDT,0.2885,7131.0,0.2884,24788.0,0.2886,2524.0,0.2887,11470.0
1753600128802,07:08:48.802,binance,1INCH/USDT:USDT,0.2885,7131.0,0.2884,24788.0,0.2886,2524.0,0.2887,11470.0
1753600129002,07:08:49.002,binance,1INCH/USDT:USDT,0.2885,7131.0,0.2884,24788.0,0.2886,2524.0,0.2887,11470.0
1753600129290,07:08:49.290,binance,1INCH/USDT:USDT,0.2885,7131.0,0.2884,24788.0,0.2886,2524.0,0.2887,11470.0
1753600129392,07:08:49.392,binance,1INCH/USDT:USDT,0.2885,7131.0,0.2884,24788.0,0.2886,2524.0,0.2887,11470.0
1753600129501,07:08:49.501,binance,1INCH/USDT:USDT,0.2885,7131.0,0.2884,24788.0,0.2886,2524.0,0.2887,11470.0
1753600129902,07:08:49.902,binance,1INCH/USDT:USDT,0.2885,7131.0,0.2884,24788.0,0.2886,2524.0,0.2887,11470.0
1753600130061,07:08:50.061,binance,1INCH/USDT:USDT,0.2885,7131.0,0.2884,24788.0,0.2886,2524.0,0.2887,14470.0
1753600130241,07:08:50.241,binance,1INCH/USDT:USDT,0.2885,7131.0,0.2884,24788.0,0.2886,2524.0,0.2887,14470.0
1753600130370,07:08:50.370,binance,1INCH/USDT:USDT,0.2885,7131.0,0.2884,24788.0,0.2886,2524.0,0.2887,14470.0
1753600130502,07:08:50.502,binance,1INCH/USDT:USDT,0.2885,7131.0,0.2884,24788.0,0.2886,2524.0,0.2887,14470.0
1753600131096,07:08:51.096,binance,1INCH/USDT:USDT,0.2885,7131.0,0.2884,24788.0,0.2886,2524.0,0.2887,14470.0
1753600131702,07:08:51.702,binance,1INCH/USDT:USDT,0.2885,7131.0,0.2884,24788.0,0.2886,2524.0,0.2887,14470.0
1753600131831,07:08:51.831,binance,1INCH/USDT:USDT,0.2885,7131.0,0.2884,24788.0,0.2886,2524.0,0.2887,14470.0
1753600132047,07:08:52.047,binance,1INCH/USDT:USDT,0.2885,10131.0,0.2884,24788.0,0.2886,924.0,0.2887,9169.0
1753600132172,07:08:52.172,binance,1INCH/USDT:USDT,0.2885,10131.0,0.2884,24788.0,0.2886,924.0,0.2887,9169.0
1753600132301,07:08:52.301,binance,1INCH/USDT:USDT,0.2885,10131.0,0.2884,24919.0,0.2886,924.0,0.2887,9169.0
1753600132410,07:08:52.410,binance,1INCH/USDT:USDT,0.2885,10131.0,0.2884,24919.0,0.2886,924.0,0.2887,11039.0
1753600132528,07:08:52.528,binance,1INCH/USDT:USDT,0.2885,10375.0,0.2884,24688.0,0.2886,942.0,0.2887,11039.0
1753600132802,07:08:52.802,binance,1INCH/USDT:USDT,0.2885,10375.0,0.2884,24688.0,0.2886,942.0,0.2887,11039.0
1753600132977,07:08:52.977,binance,1INCH/USDT:USDT,0.2885,10375.0,0.2884,24688.0,0.2886,942.0,0.2887,11039.0
1753600133268,07:08:53.268,binance,1INCH/USDT:USDT,0.2885,10375.0,0.2884,24688.0,0.2886,942.0,0.2887,11039.0
1753600133371,07:08:53.371,binance,1INCH/USDT:USDT,0.2885,10375.0,0.2884,24688.0,0.2886,1202.0,0.2887,11039.0
1753600133502,07:08:53.502,binance,1INCH/USDT:USDT,0.2885,10375.0,0.2884,24688.0,0.2886,1202.0,0.2887,11039.0
1753600133902,07:08:53.902,binance,1INCH/USDT:USDT,0.2885,10375.0,0.2884,24688.0,0.2886,1202.0,0.2887,11039.0
1753600134091,07:08:54.091,binance,1INCH/USDT:USDT,0.2885,10375.0,0.2884,24688.0,0.2886,1202.0,0.2887,11039.0
1753600134502,07:08:54.502,binance,1INCH/USDT:USDT,0.2885,10375.0,0.2884,24688.0,0.2886,1202.0,0.2887,11039.0
1753600134702,07:08:54.702,binance,1INCH/USDT:USDT,0.2885,10375.0,0.2884,24688.0,0.2886,1202.0,0.2887,11039.0
1753600135236,07:08:55.236,binance,1INCH/USDT:USDT,0.2885,10375.0,0.2884,24688.0,0.2886,1202.0,0.2887,11039.0
1753600135430,07:08:55.430,binance,1INCH/USDT:USDT,0.2885,10591.0,0.2884,24474.0,0.2886,1202.0,0.2887,11039.0
1753600135541,07:08:55.541,binance,1INCH/USDT:USDT,0.2885,10558.0,0.2884,24474.0,0.2886,1202.0,0.2887,11039.0
1753600135702,07:08:55.702,binance,1INCH/USDT:USDT,0.2885,6630.0,0.2884,17488.0,0.2886,2848.0,0.2887,19622.0
1753600135816,07:08:55.816,binance,1INCH/USDT:USDT,0.2885,4894.0,0.2884,17143.0,0.2886,5560.0,0.2887,19622.0
1753600136078,07:08:56.078,binance,1INCH/USDT:USDT,0.2885,4894.0,0.2884,20143.0,0.2886,5560.0,0.2887,19622.0
1753600136242,07:08:56.242,binance,1INCH/USDT:USDT,0.2885,4894.0,0.2884,20143.0,0.2886,5560.0,0.2887,19622.0
1753600136361,07:08:56.361,binance,1INCH/USDT:USDT,0.2885,4894.0,0.2884,21920.0,0.2886,5218.0,0.2887,16622.0
1753600136462,07:08:56.462,binance,1INCH/USDT:USDT,0.2885,4894.0,0.2884,21920.0,0.2886,5218.0,0.2887,16622.0
1753600136565,07:08:56.565,binance,1INCH/USDT:USDT,0.2885,4894.0,0.2884,21920.0,0.2886,5218.0,0.2887,16622.0
1753600136788,07:08:56.788,binance,1INCH/USDT:USDT,0.2885,4894.0,0.2884,21920.0,0.2886,5218.0,0.2887,16622.0
1753600136902,07:08:56.902,binance,1INCH/USDT:USDT,0.2885,4894.0,0.2884,21920.0,0.2886,5218.0,0.2887,16622.0
1753600137067,07:08:57.067,binance,1INCH/USDT:USDT,0.2885,7894.0,0.2884,21920.0,0.2886,5218.0,0.2887,16555.0
1753600137203,07:08:57.203,binance,1INCH/USDT:USDT,0.2885,7894.0,0.2884,21920.0,0.2886,2906.0,0.2887,16555.0
1753600137311,07:08:57.311,binance,1INCH/USDT:USDT,0.2885,7894.0,0.2884,21920.0,0.2886,2906.0,0.2887,14297.0
1753600137443,07:08:57.443,binance,1INCH/USDT:USDT,0.2885,7894.0,0.2884,21920.0,0.2886,2906.0,0.2887,14297.0
1753600137551,07:08:57.551,binance,1INCH/USDT:USDT,0.2885,7894.0,0.2884,21920.0,0.2886,2906.0,0.2887,14297.0
1753600137900,07:08:57.900,binance,1INCH/USDT:USDT,0.2885,7894.0,0.2884,21920.0,0.2886,2906.0,0.2887,14297.0
1753600138009,07:08:58.009,binance,1INCH/USDT:USDT,0.2885,7894.0,0.2884,21920.0,0.2886,2906.0,0.2887,14297.0
1753600138200,07:08:58.200,binance,1INCH/USDT:USDT,0.2885,7894.0,0.2884,24178.0,0.2886,1202.0,0.2887,14297.0
1753600138318,07:08:58.318,binance,1INCH/USDT:USDT,0.2885,7894.0,0.2884,24523.0,0.2886,2942.0,0.2887,14297.0
1753600138432,07:08:58.432,binance,1INCH/USDT:USDT,0.2885,7894.0,0.2884,24523.0,0.2886,2942.0,0.2887,14297.0
1753600138602,07:08:58.602,binance,1INCH/USDT:USDT,0.2885,7894.0,0.2884,24523.0,0.2886,2942.0,0.2887,14297.0
1753600138891,07:08:58.891,binance,1INCH/USDT:USDT,0.2885,7894.0,0.2884,24523.0,0.2886,2942.0,0.2887,14297.0
1753600139202,07:08:59.202,binance,1INCH/USDT:USDT,0.2885,7894.0,0.2884,24523.0,0.2886,2942.0,0.2887,14297.0
1753600139416,07:08:59.416,binance,1INCH/USDT:USDT,0.2885,7941.0,0.2884,24523.0,0.2886,2942.0,0.2887,14297.0
1753600139551,07:08:59.551,binance,1INCH/USDT:USDT,0.2885,7941.0,0.2884,24523.0,0.2886,2942.0,0.2887,14297.0
1753600139721,07:08:59.721,binance,1INCH/USDT:USDT,0.2885,7941.0,0.2884,24523.0,0.2886,2942.0,0.2887,14297.0
1753600140057,07:09:00.057,binance,1INCH/USDT:USDT,0.2885,7941.0,0.2884,24523.0,0.2886,2942.0,0.2887,14297.0
1753600140159,07:09:00.159,binance,1INCH/USDT:USDT,0.2885,7941.0,0.2884,24684.0,0.2886,2942.0,0.2887,14297.0
1753600140341,07:09:00.341,binance,1INCH/USDT:USDT,0.2885,7941.0,0.2884,24684.0,0.2886,2942.0,0.2887,14297.0
1753600140492,07:09:00.492,binance,1INCH/USDT:USDT,0.2885,7677.0,0.2884,24339.0,0.2886,2942.0,0.2887,17297.0
1753600140598,07:09:00.598,binance,1INCH/USDT:USDT,0.2885,7886.0,0.2884,24339.0,0.2886,2942.0,0.2887,17297.0
1753600140801,07:09:00.801,binance,1INCH/USDT:USDT,0.2885,7886.0,0.2884,24956.0,0.2886,2942.0,0.2887,17297.0
1753600141105,07:09:01.105,binance,1INCH/USDT:USDT,0.2885,4886.0,0.2884,26974.0,0.2886,2528.0,0.2887,17297.0
1753600141211,07:09:01.211,binance,1INCH/USDT:USDT,0.2885,4886.0,0.2884,26974.0,0.2886,2528.0,0.2887,17297.0
1753600141542,07:09:01.542,binance,1INCH/USDT:USDT,0.2885,4886.0,0.2884,26974.0,0.2886,2528.0,0.2887,17297.0
1753600141702,07:09:01.702,binance,1INCH/USDT:USDT,0.2885,4886.0,0.2884,26974.0,0.2886,2528.0,0.2887,17297.0
1753600141962,07:09:01.962,binance,1INCH/USDT:USDT,0.2885,4886.0,0.2884,26974.0,0.2886,2870.0,0.2887,17297.0
1753600142088,07:09:02.088,binance,1INCH/USDT:USDT,0.2885,4886.0,0.2884,26974.0,0.2886,2870.0,0.2887,17297.0
1753600142291,07:09:02.291,binance,1INCH/USDT:USDT,0.2885,4886.0,0.2884,26974.0,0.2886,2870.0,0.2887,17297.0
1753600142432,07:09:02.432,binance,1INCH/USDT:USDT,0.2885,4946.0,0.2884,26974.0,0.2886,2870.0,0.2887,17297.0
1753600142574,07:09:02.574,binance,1INCH/USDT:USDT,0.2885,4946.0,0.2884,27357.0,0.2886,2916.0,0.2887,17297.0
1753600142693,07:09:02.693,binance,1INCH/USDT:USDT,0.2885,4946.0,0.2884,27357.0,0.2886,5228.0,0.2887,17297.0
1753600142802,07:09:02.802,binance,1INCH/USDT:USDT,0.2885,4946.0,0.2884,27357.0,0.2886,5228.0,0.2887,17297.0
1753600143402,07:09:03.402,binance,1INCH/USDT:USDT,0.2885,4946.0,0.2884,27011.0,0.2886,5228.0,0.2887,19555.0
1753600143661,07:09:03.661,binance,1INCH/USDT:USDT,0.2885,4946.0,0.2884,27011.0,0.2886,5228.0,0.2887,19555.0
1753600144002,07:09:04.002,binance,1INCH/USDT:USDT,0.2885,4946.0,0.2884,27011.0,0.2886,5228.0,0.2887,19555.0
1753600144191,07:09:04.191,binance,1INCH/USDT:USDT,0.2886,46.0,0.2885,11675.0,0.2887,5440.0,0.2888,26383.0
1753600144295,07:09:04.295,binance,1INCH/USDT:USDT,0.2886,40.0,0.2885,9864.0,0.2887,5440.0,0.2888,22080.0
1753600144397,07:09:04.397,binance,1INCH/USDT:USDT,0.2886,1930.0,0.2885,7420.0,0.2887,7277.0,0.2888,19327.0
1753600144505,07:09:04.505,binance,1INCH/USDT:USDT,0.2886,1988.0,0.2885,7420.0,0.2887,7277.0,0.2888,20629.0
1753600144617,07:09:04.617,binance,1INCH/USDT:USDT,0.2886,1988.0,0.2885,7420.0,0.2887,7277.0,0.2888,20975.0
1753600144902,07:09:04.902,binance,1INCH/USDT:USDT,0.2886,1903.0,0.2885,10420.0,0.2887,7277.0,0.2888,19244.0
1753600145047,07:09:05.047,binance,1INCH/USDT:USDT,0.2886,1903.0,0.2885,8404.0,0.2887,7277.0,0.2888,19244.0
1753600145178,07:09:05.178,binance,1INCH/USDT:USDT,0.2886,1903.0,0.2885,8404.0,0.2887,8142.0,0.2888,19244.0
1753600145303,07:09:05.303,binance,1INCH/USDT:USDT,0.2886,1903.0,0.2885,8212.0,0.2887,8142.0,0.2888,19244.0
1753600145406,07:09:05.406,binance,1INCH/USDT:USDT,0.2886,1903.0,0.2885,8361.0,0.2887,8142.0,0.2888,19244.0
1753600145546,07:09:05.546,binance,1INCH/USDT:USDT,0.2886,1903.0,0.2885,10210.0,0.2887,8142.0,0.2888,19936.0
1753600145825,07:09:05.825,binance,1INCH/USDT:USDT,0.2886,1903.0,0.2885,8379.0,0.2887,8142.0,0.2888,20282.0
1753600146139,07:09:06.139,binance,1INCH/USDT:USDT,0.2886,1903.0,0.2885,9290.0,0.2887,8142.0,0.2888,21147.0
1753600146240,07:09:06.240,binance,1INCH/USDT:USDT,0.2886,1903.0,0.2885,9290.0,0.2887,8142.0,0.2888,21147.0
1753600146512,07:09:06.512,binance,1INCH/USDT:USDT,0.2886,1903.0,0.2885,9290.0,0.2887,8142.0,0.2888,21147.0
1753600146685,07:09:06.685,binance,1INCH/USDT:USDT,0.2886,1903.0,0.2885,9290.0,0.2887,8142.0,0.2888,21147.0
1753600146791,07:09:06.791,binance,1INCH/USDT:USDT,0.2886,1903.0,0.2885,9290.0,0.2887,8142.0,0.2888,21147.0
1753600146951,07:09:06.951,binance,1INCH/USDT:USDT,0.2886,1903.0,0.2885,9290.0,0.2887,8142.0,0.2888,21147.0
1753600147107,07:09:07.107,binance,1INCH/USDT:USDT,0.2886,2929.0,0.2885,9406.0,0.2887,8142.0,0.2888,21147.0
1753600147252,07:09:07.252,binance,1INCH/USDT:USDT,0.2886,1903.0,0.2885,9406.0,0.2887,8142.0,0.2888,22625.0
1753600147356,07:09:07.356,binance,1INCH/USDT:USDT,0.2886,1903.0,0.2885,9431.0,0.2887,8142.0,0.2888,22625.0
1753600147472,07:09:07.472,binance,1INCH/USDT:USDT,0.2886,1903.0,0.2885,9431.0,0.2887,8142.0,0.2888,22625.0
1753600147636,07:09:07.636,binance,1INCH/USDT:USDT,0.2886,1903.0,0.2885,9431.0,0.2887,8142.0,0.2888,22625.0
1753600147746,07:09:07.746,binance,1INCH/USDT:USDT,0.2886,1903.0,0.2885,9431.0,0.2887,8142.0,0.2888,22625.0
1753600148044,07:09:08.044,binance,1INCH/USDT:USDT,0.2886,1903.0,0.2885,9431.0,0.2887,8142.0,0.2888,22625.0
1753600148182,07:09:08.182,binance,1INCH/USDT:USDT,0.2886,2929.0,0.2885,9431.0,0.2887,8142.0,0.2888,22625.0
1753600148289,07:09:08.289,binance,1INCH/USDT:USDT,0.2886,2929.0,0.2885,9431.0,0.2887,8142.0,0.2888,22625.0
1753600148429,07:09:08.429,binance,1INCH/USDT:USDT,0.2886,3052.0,0.2885,9215.0,0.2887,8142.0,0.2888,22625.0
1753600148541,07:09:08.541,binance,1INCH/USDT:USDT,0.2886,3052.0,0.2885,9215.0,0.2887,8142.0,0.2888,22625.0
1753600148673,07:09:08.673,binance,1INCH/USDT:USDT,0.2886,2045.0,0.2885,9215.0,0.2887,8142.0,0.2888,22625.0
1753600148776,07:09:08.776,binance,1INCH/USDT:USDT,0.2886,3071.0,0.2885,9215.0,0.2887,8142.0,0.2888,22625.0
1753600148902,07:09:08.902,binance,1INCH/USDT:USDT,0.2886,3071.0,0.2885,9215.0,0.2887,8142.0,0.2888,22625.0
1753600149057,07:09:09.057,binance,1INCH/USDT:USDT,0.2886,3071.0,0.2885,9215.0,0.2887,8142.0,0.2888,22625.0
1753600149303,07:09:09.303,binance,1INCH/USDT:USDT,0.2886,3071.0,0.2885,9215.0,0.2887,8142.0,0.2888,22625.0
1753600149484,07:09:09.484,binance,1INCH/USDT:USDT,0.2886,3071.0,0.2885,9215.0,0.2887,8142.0,0.2888,22625.0
1753600149602,07:09:09.602,binance,1INCH/USDT:USDT,0.2886,3071.0,0.2885,9215.0,0.2887,8142.0,0.2888,22625.0
1753600149745,07:09:09.745,binance,1INCH/USDT:USDT,0.2886,3071.0,0.2885,9215.0,0.2887,8142.0,0.2888,22625.0
1753600149867,07:09:09.867,binance,1INCH/USDT:USDT,0.2886,3071.0,0.2885,9215.0,0.2887,8142.0,0.2888,22625.0
1753600149972,07:09:09.972,binance,1INCH/USDT:USDT,0.2886,3071.0,0.2885,9215.0,0.2887,8142.0,0.2888,21760.0
1753600150181,07:09:10.181,binance,1INCH/USDT:USDT,0.2886,2045.0,0.2885,9215.0,0.2887,8142.0,0.2888,21760.0
1753600150296,07:09:10.296,binance,1INCH/USDT:USDT,0.2886,2045.0,0.2885,9215.0,0.2887,8142.0,0.2888,21760.0
1753600150556,07:09:10.556,binance,1INCH/USDT:USDT,0.2886,2045.0,0.2885,9215.0,0.2887,8142.0,0.2888,21760.0
1753600150702,07:09:10.702,binance,1INCH/USDT:USDT,0.2886,2045.0,0.2885,9215.0,0.2887,8142.0,0.2888,22106.0
1753600150838,07:09:10.838,binance,1INCH/USDT:USDT,0.2886,6071.0,0.2885,9215.0,0.2887,8142.0,0.2888,21414.0
1753600150945,07:09:10.945,binance,1INCH/USDT:USDT,0.2886,6071.0,0.2885,9215.0,0.2887,8142.0,0.2888,21414.0
1753600151161,07:09:11.161,binance,1INCH/USDT:USDT,0.2886,8383.0,0.2885,18835.0,0.2887,1748.0,0.2888,17282.0
1753600151263,07:09:11.263,binance,1INCH/USDT:USDT,0.2886,8383.0,0.2885,22608.0,0.2887,883.0,0.2888,9588.0
1753600151388,07:09:11.388,binance,1INCH/USDT:USDT,0.2886,8383.0,0.2885,22608.0,0.2887,883.0,0.2888,11368.0
