timestamp,time,exchange,symbol,bid1_price,bid1_volume,bid2_price,bid2_volume,ask1_price,ask1_volume,ask2_price,ask2_volume
1753599983718,07:06:23.718,blofin,ACH/USDT:USDT,0.02316,6070.0,0.02315,39358.0,0.02318,3.0,0.02319,124.0
1753599984719,07:06:24.719,blofin,ACH/USDT:USDT,0.02316,6070.0,0.02315,64809.0,0.02318,2939.0,0.02319,4.0
1753599985221,07:06:25.221,blofin,ACH/USDT:USDT,0.02316,6070.0,0.02315,64809.0,0.02318,2939.0,0.02319,4.0
1753599985402,07:06:25.402,blofin,ACH/USDT:USDT,0.02316,6068.0,0.02315,54809.0,0.02318,2942.0,0.0232,57166.0
1753599986724,07:06:26.724,blofin,ACH/USDT:USDT,0.02316,6071.0,0.02315,39358.0,0.02318,5.0,0.02319,2936.0
1753599987726,07:06:27.726,blofin,ACH/USDT:USDT,0.02316,6069.0,0.02315,150286.0,0.02318,2944.0,0.02319,49093.0
1753599989733,07:06:29.733,blofin,ACH/USDT:USDT,0.02316,7063.0,0.02315,197394.0,0.02318,2944.0,0.02322,53523.0
1753599991408,07:06:31.408,blofin,ACH/USDT:USDT,0.02316,5053.0,0.02315,43139.0,0.02318,8.0,0.02319,2936.0
1753599991733,07:06:31.733,blofin,ACH/USDT:USDT,0.02316,5053.0,0.02315,44039.0,0.02318,8.0,0.02319,2936.0
1753599992734,07:06:32.734,blofin,ACH/USDT:USDT,0.02316,5051.0,0.02315,90262.0,0.02318,2876.0,0.02323,68129.0
1753599993406,07:06:33.406,blofin,ACH/USDT:USDT,0.02316,7115.0,0.02315,39358.0,0.02318,4.0,0.02319,320.0
1753599993734,07:06:33.734,blofin,ACH/USDT:USDT,0.02316,7115.0,0.02315,41261.0,0.02318,4.0,0.02319,320.0
1753599994737,07:06:34.737,blofin,ACH/USDT:USDT,0.02316,7115.0,0.02315,39358.0,0.02318,116.0,0.02319,155357.0
1753599995409,07:06:35.409,blofin,ACH/USDT:USDT,0.02316,7116.0,0.02315,39358.0,0.02318,118.0,0.02319,155357.0
1753599996238,07:06:36.238,blofin,ACH/USDT:USDT,0.02316,7116.0,0.02315,60103.0,0.02318,120.0,0.02322,164656.0
1753599996738,07:06:36.738,blofin,ACH/USDT:USDT,0.02316,6508.0,0.02315,39358.0,0.02318,493.0,0.02323,113786.0
1753599997414,07:06:37.414,blofin,ACH/USDT:USDT,0.02316,7116.0,0.02315,45096.0,0.02318,325.0,0.02319,80125.0
1753599997742,07:06:37.742,blofin,ACH/USDT:USDT,0.02316,7115.0,0.02315,45096.0,0.02318,325.0,0.02319,80125.0
1753599998743,07:06:38.743,blofin,ACH/USDT:USDT,0.02316,7117.0,0.02315,134611.0,0.02318,333.0,0.02322,52561.0
1753599999244,07:06:39.244,blofin,ACH/USDT:USDT,0.02316,7117.0,0.02315,143564.0,0.02318,333.0,0.02322,52561.0
1753599999745,07:06:39.745,blofin,ACH/USDT:USDT,0.02316,7117.0,0.02315,140387.0,0.02318,333.0,0.0232,36611.0
1753600000429,07:06:40.429,blofin,ACH/USDT:USDT,0.02316,7117.0,0.02315,101029.0,0.02318,331.0,0.0232,36611.0
1753600001249,07:06:41.249,blofin,ACH/USDT:USDT,0.02316,3448.0,0.02314,53162.0,0.02318,2909.0,0.02323,42271.0
1753600001751,07:06:41.751,blofin,ACH/USDT:USDT,0.02316,5510.0,0.02313,104463.0,0.02318,3485.0,0.0232,106525.0
1753600002412,07:06:42.412,blofin,ACH/USDT:USDT,0.02316,7054.0,0.02313,52400.0,0.02318,5.0,0.02319,3480.0
1753600003415,07:06:43.415,blofin,ACH/USDT:USDT,0.02316,7057.0,0.02312,66168.0,0.02318,3045.0,0.0232,98715.0
1753600003754,07:06:43.754,blofin,ACH/USDT:USDT,0.02316,7057.0,0.02312,59272.0,0.02318,3045.0,0.0232,98715.0
1753600004756,07:06:44.756,blofin,ACH/USDT:USDT,0.02316,7057.0,0.02315,157265.0,0.02318,3042.0,0.02322,51706.0
1753600005418,07:06:45.418,blofin,ACH/USDT:USDT,0.02316,7053.0,0.02315,157265.0,0.02318,3044.0,0.02322,51706.0
1753600005758,07:06:45.758,blofin,ACH/USDT:USDT,0.02316,7057.0,0.02315,110114.0,0.02318,3516.0,0.02319,3663.0
1753600006760,07:06:46.760,blofin,ACH/USDT:USDT,0.02316,4005.0,0.02311,123359.0,0.02318,4452.0,0.02323,3749.0
1753600007418,07:06:47.418,blofin,ACH/USDT:USDT,0.02316,2685.0,0.02312,142489.0,0.02318,5910.0,0.02323,101297.0
1753600007764,07:06:47.764,blofin,ACH/USDT:USDT,0.02316,2685.0,0.02315,532.0,0.02318,5910.0,0.02323,101297.0
1753600008768,07:06:48.768,blofin,ACH/USDT:USDT,0.02316,3661.0,0.02315,14981.0,0.02318,4454.0,0.0232,121934.0
1753600009419,07:06:49.419,blofin,ACH/USDT:USDT,0.02316,3661.0,0.02313,47989.0,0.02318,4014.0,0.02319,146046.0
1753600010269,07:06:50.269,blofin,ACH/USDT:USDT,0.02316,3661.0,0.02313,47989.0,0.02318,4011.0,0.02319,146046.0
1753600010769,07:06:50.769,blofin,ACH/USDT:USDT,0.02316,3670.0,0.02315,1020.0,0.02318,4434.0,0.02323,137216.0
1753600011422,07:06:51.422,blofin,ACH/USDT:USDT,0.02316,3670.0,0.02315,1020.0,0.02318,4436.0,0.02323,43327.0
1753600012274,07:06:52.274,blofin,ACH/USDT:USDT,0.02316,3670.0,0.02313,1680.0,0.02318,4436.0,0.02323,43327.0
1753600012774,07:06:52.774,blofin,ACH/USDT:USDT,0.02316,10681.0,0.02315,157941.0,0.02318,5212.0,0.02322,137671.0
1753600013422,07:06:53.422,blofin,ACH/USDT:USDT,0.02316,11505.0,0.02312,14592.0,0.02318,26.0,0.02319,59789.0
1753600013776,07:06:53.776,blofin,ACH/USDT:USDT,0.02316,11505.0,0.02312,23098.0,0.02318,26.0,0.02319,59789.0
1753600014777,07:06:54.777,blofin,ACH/USDT:USDT,0.02316,11505.0,0.02312,23098.0,0.02318,234.0,0.02323,145249.0
1753600015425,07:06:55.425,blofin,ACH/USDT:USDT,0.02316,11501.0,0.02314,11852.0,0.02318,237.0,0.02323,145249.0
1753600015781,07:06:55.781,blofin,ACH/USDT:USDT,0.02316,11501.0,0.02314,11852.0,0.02318,30.0,0.02322,15421.0
1753600016426,07:06:56.426,blofin,ACH/USDT:USDT,0.02316,7997.0,0.02314,11852.0,0.02318,6.0,0.02319,3616.0
1753600017782,07:06:57.782,blofin,ACH/USDT:USDT,0.02316,7997.0,0.02314,11852.0,0.02318,3179.0,0.02323,114536.0
1753600018435,07:06:58.435,blofin,ACH/USDT:USDT,0.02316,8000.0,0.02314,11852.0,0.02318,3179.0,0.02319,30169.0
1753600018783,07:06:58.783,blofin,ACH/USDT:USDT,0.02316,8000.0,0.02314,11852.0,0.02318,3179.0,0.02319,30169.0
1753600019784,07:06:59.784,blofin,ACH/USDT:USDT,0.02316,8000.0,0.02314,11852.0,0.02318,3619.0,0.0232,105505.0
1753600020430,07:07:00.430,blofin,ACH/USDT:USDT,0.02316,7997.0,0.02312,24897.0,0.02318,3620.0,0.0232,105505.0
1753600020786,07:07:00.786,blofin,ACH/USDT:USDT,0.02316,11157.0,0.02315,91299.0,0.02318,4.0,0.02319,24.0
1753600021434,07:07:01.434,blofin,ACH/USDT:USDT,0.02316,11525.0,0.02312,78455.0,0.02318,4.0,0.02319,256.0
1753600022288,07:07:02.288,blofin,ACH/USDT:USDT,0.02316,11529.0,0.02312,78455.0,0.02318,1.0,0.02319,260.0
1753600022788,07:07:02.788,blofin,ACH/USDT:USDT,0.02316,7449.0,0.02312,21834.0,0.02318,3731.0,0.02323,117203.0
1753600023792,07:07:03.792,blofin,ACH/USDT:USDT,0.02316,6136.0,0.02312,49708.0,0.02318,6037.0,0.02323,133069.0
1753600024432,07:07:04.432,blofin,ACH/USDT:USDT,0.02316,6136.0,0.02312,24616.0,0.02318,4637.0,0.02323,152062.0
1753600025293,07:07:05.293,blofin,ACH/USDT:USDT,0.02316,6134.0,0.02312,24616.0,0.02318,4637.0,0.02323,152062.0
1753600025794,07:07:05.794,blofin,ACH/USDT:USDT,0.02316,6133.0,0.02315,97296.0,0.02318,4637.0,0.0232,40063.0
1753600026434,07:07:06.434,blofin,ACH/USDT:USDT,0.02316,6136.0,0.02313,6574.0,0.02318,5.0,0.02319,4632.0
1753600027299,07:07:07.299,blofin,ACH/USDT:USDT,0.02316,6136.0,0.02314,10567.0,0.02318,1.0,0.02319,4636.0
1753600027797,07:07:07.797,blofin,ACH/USDT:USDT,0.02316,6240.0,0.02315,57566.0,0.02318,4635.0,0.02321,42474.0
1753600028437,07:07:08.437,blofin,ACH/USDT:USDT,0.02316,6240.0,0.02314,10567.0,0.02318,4637.0,0.02321,15636.0
1753600028799,07:07:08.799,blofin,ACH/USDT:USDT,0.02316,6240.0,0.02314,10567.0,0.02318,4635.0,0.02321,15636.0
1753600029802,07:07:09.802,blofin,ACH/USDT:USDT,0.02316,6240.0,0.02314,7405.0,0.02318,4634.0,0.02319,149706.0
1753600030448,07:07:10.448,blofin,ACH/USDT:USDT,0.02316,6241.0,0.02314,7405.0,0.02318,4634.0,0.02319,149706.0
1753600030803,07:07:10.803,blofin,ACH/USDT:USDT,0.02316,6238.0,0.02315,31572.0,0.02318,6.0,0.02319,4632.0
1753600031439,07:07:11.439,blofin,ACH/USDT:USDT,0.02316,6238.0,0.02315,33679.0,0.02318,6.0,0.02319,4632.0
1753600031804,07:07:11.804,blofin,ACH/USDT:USDT,0.02316,6238.0,0.02315,33679.0,0.02318,2.0,0.02319,4635.0
1753600032439,07:07:12.439,blofin,ACH/USDT:USDT,0.02316,6237.0,0.02315,33679.0,0.02318,2.0,0.02319,4635.0
1753600032805,07:07:12.805,blofin,ACH/USDT:USDT,0.02316,6237.0,0.02315,33679.0,0.02318,2.0,0.02319,4637.0
1753600033807,07:07:13.807,blofin,ACH/USDT:USDT,0.02316,6235.0,0.02315,107574.0,0.02318,4634.0,0.02319,92541.0
1753600034440,07:07:14.440,blofin,ACH/USDT:USDT,0.02316,1651.0,0.02315,31572.0,0.02318,6178.0,0.02319,4.0
1753600035442,07:07:15.442,blofin,ACH/USDT:USDT,0.02316,1654.0,0.02315,31705.0,0.02318,6180.0,0.02323,123914.0
1753600036313,07:07:16.313,blofin,ACH/USDT:USDT,0.02316,542.0,0.02315,31572.0,0.02318,4.0,0.02319,7536.0
1753600036814,07:07:16.814,blofin,ACH/USDT:USDT,0.02316,541.0,0.02315,155260.0,0.02318,7540.0,0.02319,31455.0
1753600037445,07:07:17.445,blofin,ACH/USDT:USDT,0.02316,101.0,0.02315,97694.0,0.02318,8988.0,0.02322,136784.0
1753600037824,07:07:17.824,blofin,ACH/USDT:USDT,0.02316,100.0,0.02315,97694.0,0.02318,8988.0,0.02322,136784.0
1753600038815,07:07:18.815,blofin,ACH/USDT:USDT,0.02316,102.0,0.02315,31572.0,0.02318,7540.0,0.02322,157096.0
1753600039445,07:07:19.445,blofin,ACH/USDT:USDT,0.02316,101.0,0.02315,31572.0,0.02318,7612.0,0.02319,110662.0
1753600039818,07:07:19.818,blofin,ACH/USDT:USDT,0.02316,99.0,0.02315,31572.0,0.02318,7612.0,0.02319,110662.0
1753600040822,07:07:20.822,blofin,ACH/USDT:USDT,0.02316,102.0,0.02315,31572.0,0.02318,7615.0,0.02323,37263.0
1753600041446,07:07:21.446,blofin,ACH/USDT:USDT,0.02316,99.0,0.02315,31572.0,0.02318,7615.0,0.02319,81279.0
1753600041821,07:07:21.821,blofin,ACH/USDT:USDT,0.02316,99.0,0.02315,31572.0,0.02318,7615.0,0.02319,81279.0
1753600042822,07:07:22.822,blofin,ACH/USDT:USDT,0.02316,99.0,0.02315,31572.0,0.02318,7615.0,0.0232,147045.0
1753600043446,07:07:23.446,blofin,ACH/USDT:USDT,0.02316,3.0,0.02315,36764.0,0.02317,1235.0,0.02318,2.0
1753600044449,07:07:24.449,blofin,ACH/USDT:USDT,0.02316,1.0,0.02315,37713.0,0.02317,381.0,0.02318,2.0
1753600044825,07:07:24.825,blofin,ACH/USDT:USDT,0.02316,1.0,0.02315,37713.0,0.02317,378.0,0.02318,2.0
1753600045828,07:07:25.828,blofin,ACH/USDT:USDT,0.02316,1.0,0.02315,37270.0,0.02317,989.0,0.02318,2.0
1753600046452,07:07:26.452,blofin,ACH/USDT:USDT,0.02316,1.0,0.02315,37270.0,0.02317,381.0,0.02318,104614.0
1753600046829,07:07:26.829,blofin,ACH/USDT:USDT,0.02316,1.0,0.02315,37270.0,0.02317,377.0,0.02318,104614.0
1753600047831,07:07:27.831,blofin,ACH/USDT:USDT,0.02316,1.0,0.02315,37270.0,0.02317,1841.0,0.02318,2.0
1753600048449,07:07:28.449,blofin,ACH/USDT:USDT,0.02316,1.0,0.02315,36326.0,0.02317,3116.0,0.02318,2.0
1753600048835,07:07:28.835,blofin,ACH/USDT:USDT,0.02316,1.0,0.02315,36328.0,0.02317,3116.0,0.02318,2.0
1753600049836,07:07:29.836,blofin,ACH/USDT:USDT,0.02316,1.0,0.02315,33609.0,0.02317,3116.0,0.02318,2.0
1753600050452,07:07:30.452,blofin,ACH/USDT:USDT,0.02316,1.0,0.02315,33608.0,0.02317,3115.0,0.02318,2.0
1753600051452,07:07:31.452,blofin,ACH/USDT:USDT,0.02316,1.0,0.02315,36639.0,0.02317,1233.0,0.02318,2.0
1753600051841,07:07:31.841,blofin,ACH/USDT:USDT,0.02316,1.0,0.02315,36639.0,0.02317,1235.0,0.02318,2.0
1753600052840,07:07:32.840,blofin,ACH/USDT:USDT,0.02316,1.0,0.02315,37591.0,0.02317,1234.0,0.02318,2.0
1753600053456,07:07:33.456,blofin,ACH/USDT:USDT,0.02316,1.0,0.02315,37591.0,0.02317,1234.0,0.02318,2.0
1753600053843,07:07:33.843,blofin,ACH/USDT:USDT,0.02316,1.0,0.02315,37593.0,0.02317,1234.0,0.02318,2.0
1753600054845,07:07:34.845,blofin,ACH/USDT:USDT,0.02316,1.0,0.02315,38065.0,0.02317,377.0,0.02318,2.0
1753600055457,07:07:35.457,blofin,ACH/USDT:USDT,0.02316,1.0,0.02315,38065.0,0.02317,379.0,0.02318,2.0
1753600055847,07:07:35.847,blofin,ACH/USDT:USDT,0.02316,1.0,0.02315,38557.0,0.02317,379.0,0.02318,2.0
1753600056845,07:07:36.845,blofin,ACH/USDT:USDT,0.02316,1.0,0.02315,38728.0,0.02317,187.0,0.02318,89853.0
1753600057540,07:07:37.540,blofin,ACH/USDT:USDT,0.02316,913.0,0.02315,31574.0,0.02317,3.0,0.02318,2730.0
1753600058347,07:07:38.347,blofin,ACH/USDT:USDT,0.02316,913.0,0.02315,31574.0,0.02318,2733.0,0.02322,75998.0
1753600058849,07:07:38.849,blofin,ACH/USDT:USDT,0.02316,217.0,0.02315,31574.0,0.02318,5843.0,0.02321,70134.0
1753600059459,07:07:39.459,blofin,ACH/USDT:USDT,0.02316,217.0,0.02315,31574.0,0.02318,5419.0,0.0232,84191.0
1753600060351,07:07:40.351,blofin,ACH/USDT:USDT,0.02316,217.0,0.02315,31574.0,0.02318,5421.0,0.0232,84191.0
1753600060857,07:07:40.857,blofin,ACH/USDT:USDT,0.02316,224.0,0.02313,127189.0,0.02318,5866.0,0.02321,108819.0
1753600062355,07:07:42.355,blofin,ACH/USDT:USDT,0.02316,217.0,0.02312,83861.0,0.02318,5448.0,0.0232,1841.0
1753600062856,07:07:42.856,blofin,ACH/USDT:USDT,0.02316,217.0,0.02311,99169.0,0.02318,6056.0,0.02321,132889.0
1753600063858,07:07:43.858,blofin,ACH/USDT:USDT,0.02316,226.0,0.02311,158292.0,0.02318,3944.0,0.02319,10461.0
1753600064464,07:07:44.464,blofin,ACH/USDT:USDT,0.02316,1114.0,0.02315,6512.0,0.02318,1440.0,0.02321,1435.0
1753600064861,07:07:44.861,blofin,ACH/USDT:USDT,0.02316,1112.0,0.02315,6512.0,0.02318,1440.0,0.02321,1435.0
1753600065861,07:07:45.861,blofin,ACH/USDT:USDT,0.02316,1112.0,0.02314,33713.0,0.02318,1632.0,0.02323,122060.0
1753600066463,07:07:46.463,blofin,ACH/USDT:USDT,0.02316,1112.0,0.02315,105818.0,0.02318,3586.0,0.02323,165873.0
1753600067863,07:07:47.863,blofin,ACH/USDT:USDT,0.02316,1113.0,0.02312,124711.0,0.02318,2975.0,0.02321,155748.0
1753600068466,07:07:48.466,blofin,ACH/USDT:USDT,0.02316,607.0,0.02312,69619.0,0.02318,5159.0,0.02321,4660.0
1753600068865,07:07:48.865,blofin,ACH/USDT:USDT,0.02316,610.0,0.02312,69619.0,0.02318,5159.0,0.02321,4660.0
1753600069867,07:07:49.867,blofin,ACH/USDT:USDT,0.02316,610.0,0.02313,86293.0,0.02318,6632.0,0.02322,156713.0
1753600070467,07:07:50.467,blofin,ACH/USDT:USDT,0.02316,608.0,0.02314,5534.0,0.02318,6632.0,0.02322,156713.0
1753600071370,07:07:51.370,blofin,ACH/USDT:USDT,0.02316,608.0,0.02313,2119.0,0.02318,6630.0,0.0232,25935.0
1753600071870,07:07:51.870,blofin,ACH/USDT:USDT,0.02316,608.0,0.02314,142001.0,0.02318,5166.0,0.0232,139810.0
1753600072467,07:07:52.467,blofin,ACH/USDT:USDT,0.02316,1280.0,0.02313,175249.0,0.02318,9.0,0.02319,5160.0
1753600073371,07:07:53.371,blofin,ACH/USDT:USDT,0.02316,1278.0,0.02313,175249.0,0.02318,5.0,0.02319,5162.0
1753600073873,07:07:53.873,blofin,ACH/USDT:USDT,0.02316,1392.0,0.02313,2119.0,0.02318,3653.0,0.02319,2.0
1753600074470,07:07:54.470,blofin,ACH/USDT:USDT,0.02316,1408.0,0.02315,146414.0,0.02318,3657.0,0.0232,72136.0
1753600075473,07:07:55.473,blofin,ACH/USDT:USDT,0.02316,1407.0,0.02315,146414.0,0.02318,3655.0,0.0232,72136.0
1753600075876,07:07:55.876,blofin,ACH/USDT:USDT,0.02316,1407.0,0.02314,9770.0,0.02318,3655.0,0.0232,27303.0
1753600076741,07:07:56.741,blofin,ACH/USDT:USDT,0.02316,7.0,0.02315,4544.0,0.02317,1200.0,0.02318,8.0
1753600077379,07:07:57.379,blofin,ACH/USDT:USDT,0.02316,5.0,0.02315,4546.0,0.02317,1201.0,0.02318,5.0
1753600077879,07:07:57.879,blofin,ACH/USDT:USDT,0.02316,5.0,0.02315,2058.0,0.02317,2266.0,0.02318,5.0
1753600078470,07:07:58.470,blofin,ACH/USDT:USDT,0.02316,5.0,0.02315,2058.0,0.02317,3.0,0.02318,1957.0
1753600078882,07:07:58.882,blofin,ACH/USDT:USDT,0.02316,5.0,0.02315,2058.0,0.02318,1962.0,0.02319,136493.0
1753600079471,07:07:59.471,blofin,ACH/USDT:USDT,0.02316,5.0,0.02315,2058.0,0.02317,3176.0,0.02318,140058.0
1753600080474,07:08:00.474,blofin,ACH/USDT:USDT,0.02316,5.0,0.02315,2057.0,0.02317,3177.0,0.02318,140054.0
1753600081475,07:08:01.475,blofin,ACH/USDT:USDT,0.02316,5.0,0.02315,1140.0,0.02317,3088.0,0.02318,10.0
1753600082475,07:08:02.475,blofin,ACH/USDT:USDT,0.02316,5.0,0.02315,13.0,0.02317,7664.0,0.02318,49194.0
1753600082887,07:08:02.887,blofin,ACH/USDT:USDT,0.02316,5.0,0.02315,13.0,0.02317,7664.0,0.02318,49194.0
1753600083888,07:08:03.888,blofin,ACH/USDT:USDT,0.02316,5.0,0.02315,10.0,0.02317,7666.0,0.02318,72582.0
1753600084475,07:08:04.475,blofin,ACH/USDT:USDT,0.02316,5.0,0.02315,18.0,0.02317,7650.0,0.02318,5.0
1753600085393,07:08:05.393,blofin,ACH/USDT:USDT,0.02316,5.0,0.02315,18.0,0.02317,7650.0,0.02318,5.0
1753600085893,07:08:05.893,blofin,ACH/USDT:USDT,0.02316,5.0,0.02315,21.0,0.02317,7651.0,0.02318,5.0
1753600086477,07:08:06.477,blofin,ACH/USDT:USDT,0.02316,5.0,0.02315,17.0,0.02317,7651.0,0.02318,5.0
1753600087477,07:08:07.477,blofin,ACH/USDT:USDT,0.02316,5.0,0.02315,18.0,0.02317,3.0,0.02318,7653.0
1753600088900,07:08:08.900,blofin,ACH/USDT:USDT,0.02314,4098.0,0.02312,3563.0,0.02316,968.0,0.02317,3.0
1753600089480,07:08:09.480,blofin,ACH/USDT:USDT,0.02314,4483.0,0.02313,131465.0,0.02317,947.0,0.02318,5.0
1753600089901,07:08:09.901,blofin,ACH/USDT:USDT,0.02314,4483.0,0.02313,131465.0,0.02317,947.0,0.02318,5.0
1753600090493,07:08:10.493,blofin,ACH/USDT:USDT,0.02314,4484.0,0.02313,131465.0,0.02317,951.0,0.0232,164137.0
1753600091479,07:08:11.479,blofin,ACH/USDT:USDT,0.02314,3874.0,0.02311,50585.0,0.02317,2056.0,0.02318,163944.0
1753600091904,07:08:11.904,blofin,ACH/USDT:USDT,0.02314,3877.0,0.02311,50585.0,0.02317,2056.0,0.02318,163944.0
1753600092479,07:08:12.479,blofin,ACH/USDT:USDT,0.02314,261.0,0.02312,124572.0,0.02317,5382.0,0.02319,8643.0
1753600092903,07:08:12.903,blofin,ACH/USDT:USDT,0.02314,259.0,0.02312,124572.0,0.02317,5382.0,0.02319,8643.0
1753600093906,07:08:13.906,blofin,ACH/USDT:USDT,0.02314,258.0,0.02313,55154.0,0.02316,5376.0,0.02317,6.0
1753600094480,07:08:14.480,blofin,ACH/USDT:USDT,0.02314,6666.0,0.02311,127817.0,0.02316,1168.0,0.02317,101673.0
1753600094907,07:08:14.907,blofin,ACH/USDT:USDT,0.02314,6666.0,0.02311,131669.0,0.02316,1168.0,0.02317,101673.0
1753600095481,07:08:15.481,blofin,ACH/USDT:USDT,0.02314,6670.0,0.02313,11204.0,0.02316,1169.0,0.02317,101671.0
1753600095911,07:08:15.911,blofin,ACH/USDT:USDT,0.02314,6502.0,0.02313,11204.0,0.02316,1172.0,0.02317,4.0
1753600096958,07:08:16.958,blofin,ACH/USDT:USDT,0.02314,6502.0,0.02312,9201.0,0.02316,1170.0,0.02317,4.0
1753600097484,07:08:17.484,blofin,ACH/USDT:USDT,0.02314,5502.0,0.02313,94611.0,0.02316,3210.0,0.02317,4.0
1753600097913,07:08:17.913,blofin,ACH/USDT:USDT,0.02314,5502.0,0.02313,94611.0,0.02316,3211.0,0.02317,4.0
1753600098914,07:08:18.914,blofin,ACH/USDT:USDT,0.02314,5059.0,0.02311,44769.0,0.02316,2179.0,0.02317,103922.0
1753600099916,07:08:19.916,blofin,ACH/USDT:USDT,0.02314,5059.0,0.02312,39980.0,0.02316,3339.0,0.02317,16168.0
1753600100489,07:08:20.489,blofin,ACH/USDT:USDT,0.02314,5060.0,0.02312,53136.0,0.02316,3341.0,0.02317,16168.0
1753600101419,07:08:21.419,blofin,ACH/USDT:USDT,0.02314,5060.0,0.02313,52762.0,0.02316,3341.0,0.02317,140344.0
1753600101921,07:08:21.921,blofin,ACH/USDT:USDT,0.02314,5116.0,0.02312,6194.0,0.02316,3340.0,0.02317,4.0
1753600103923,07:08:23.923,blofin,ACH/USDT:USDT,0.02314,1508.0,0.02313,12627.0,0.02316,5676.0,0.02317,26007.0
1753600104489,07:08:24.489,blofin,ACH/USDT:USDT,0.02314,1580.0,0.02313,12627.0,0.02316,5675.0,0.02317,49836.0
1753600104926,07:08:24.926,blofin,ACH/USDT:USDT,0.02314,1582.0,0.02313,12627.0,0.02316,5675.0,0.02317,49836.0
1753600105490,07:08:25.490,blofin,ACH/USDT:USDT,0.02314,1579.0,0.02312,4977.0,0.02316,5674.0,0.02317,49836.0
1753600106429,07:08:26.429,blofin,ACH/USDT:USDT,0.02314,1582.0,0.02312,4977.0,0.02316,5674.0,0.02317,4.0
1753600106930,07:08:26.930,blofin,ACH/USDT:USDT,0.02314,7094.0,0.02312,4977.0,0.02316,2059.0,0.02317,4.0
1753600107490,07:08:27.490,blofin,ACH/USDT:USDT,0.02314,7091.0,0.02312,4977.0,0.02316,2059.0,0.02317,4.0
1753600108491,07:08:28.491,blofin,ACH/USDT:USDT,0.02314,7563.0,0.02313,140124.0,0.02316,1755.0,0.02317,4.0
1753600108933,07:08:28.933,blofin,ACH/USDT:USDT,0.02314,7564.0,0.02313,140124.0,0.02316,1755.0,0.02317,4.0
1753600109497,07:08:29.497,blofin,ACH/USDT:USDT,0.02314,7564.0,0.02313,50606.0,0.02316,1754.0,0.02317,4.0
1753600109936,07:08:29.936,blofin,ACH/USDT:USDT,0.02314,7564.0,0.02313,50606.0,0.02316,1754.0,0.02317,4.0
1753600110939,07:08:30.939,blofin,ACH/USDT:USDT,0.02314,7565.0,0.02312,122219.0,0.02316,1906.0,0.02317,4.0
1753600111494,07:08:31.494,blofin,ACH/USDT:USDT,0.02314,7565.0,0.02312,89663.0,0.02316,2028.0,0.02317,4.0
1753600111940,07:08:31.940,blofin,ACH/USDT:USDT,0.02314,7564.0,0.02312,89663.0,0.02316,2028.0,0.02317,4.0
1753600112494,07:08:32.494,blofin,ACH/USDT:USDT,0.02314,7564.0,0.02312,3502.0,0.02316,2028.0,0.02317,4.0
1753600113942,07:08:33.942,blofin,ACH/USDT:USDT,0.02314,7564.0,0.02313,101875.0,0.02316,2029.0,0.02317,4.0
1753600114497,07:08:34.497,blofin,ACH/USDT:USDT,0.02314,8476.0,0.02312,3502.0,0.02316,2027.0,0.02317,4.0
1753600115946,07:08:35.946,blofin,ACH/USDT:USDT,0.02314,7525.0,0.02312,882.0,0.02316,2027.0,0.02317,4.0
1753600116452,07:08:36.452,blofin,ACH/USDT:USDT,0.02314,7525.0,0.02312,882.0,0.02316,2025.0,0.02317,4.0
1753600116949,07:08:36.949,blofin,ACH/USDT:USDT,0.02314,7526.0,0.02312,21824.0,0.02316,1.0,0.02317,2028.0
1753600117500,07:08:37.500,blofin,ACH/USDT:USDT,0.02314,8126.0,0.02312,882.0,0.02316,2024.0,0.02317,6.0
1753600118450,07:08:38.450,blofin,ACH/USDT:USDT,0.02314,8125.0,0.02312,882.0,0.02316,2027.0,0.02317,4.0
1753600118950,07:08:38.950,blofin,ACH/USDT:USDT,0.02314,8125.0,0.02313,163170.0,0.02316,2027.0,0.02317,4.0
1753600120455,07:08:40.455,blofin,ACH/USDT:USDT,0.02314,8126.0,0.02313,7762.0,0.02316,2026.0,0.02317,4.0
1753600120953,07:08:40.953,blofin,ACH/USDT:USDT,0.02315,4171.0,0.02314,4.0,0.02316,4.0,0.02317,7968.0
1753600121456,07:08:41.456,blofin,ACH/USDT:USDT,0.02315,4171.0,0.02314,915.0,0.02316,4.0,0.02317,7968.0
1753600121956,07:08:41.956,blofin,ACH/USDT:USDT,0.02315,8699.0,0.02314,915.0,0.02316,3.0,0.02317,2145.0
1753600122959,07:08:42.959,blofin,ACH/USDT:USDT,0.02315,8699.0,0.02314,915.0,0.02316,3.0,0.02317,2146.0
1753600123961,07:08:43.961,blofin,ACH/USDT:USDT,0.02315,9035.0,0.02314,915.0,0.02316,3.0,0.02318,2148.0
1753600125464,07:08:45.464,blofin,ACH/USDT:USDT,0.02315,9033.0,0.02314,52253.0,0.02316,3.0,0.02317,2256.0
1753600125964,07:08:45.964,blofin,ACH/USDT:USDT,0.02315,9037.0,0.02314,4.0,0.02316,3.0,0.02317,2258.0
1753600126465,07:08:46.465,blofin,ACH/USDT:USDT,0.02315,9036.0,0.02314,4.0,0.02316,3.0,0.02317,2258.0
1753600126965,07:08:46.965,blofin,ACH/USDT:USDT,0.02315,9034.0,0.02314,4.0,0.02316,3.0,0.02317,2258.0
1753600127466,07:08:47.466,blofin,ACH/USDT:USDT,0.02315,9034.0,0.02314,4.0,0.02316,3.0,0.02317,2257.0
1753600127969,07:08:47.969,blofin,ACH/USDT:USDT,0.02315,9011.0,0.02314,117556.0,0.02316,3.0,0.02317,2257.0
1753600128469,07:08:48.469,blofin,ACH/USDT:USDT,0.02315,9011.0,0.02314,117556.0,0.02316,3.0,0.02317,2258.0
1753600129973,07:08:49.973,blofin,ACH/USDT:USDT,0.02315,7748.0,0.02314,73674.0,0.02316,3.0,0.02318,3283.0
1753600130473,07:08:50.473,blofin,ACH/USDT:USDT,0.02315,7748.0,0.02314,73674.0,0.02316,3.0,0.02318,3284.0
1753600130974,07:08:50.974,blofin,ACH/USDT:USDT,0.02315,8420.0,0.02314,4.0,0.02316,3.0,0.02318,3283.0
1753600131975,07:08:51.975,blofin,ACH/USDT:USDT,0.02315,8420.0,0.02314,156412.0,0.02316,3.0,0.02317,3281.0
1753600133476,07:08:53.476,blofin,ACH/USDT:USDT,0.02315,8418.0,0.02314,4.0,0.02316,3.0,0.02317,3281.0
1753600134479,07:08:54.479,blofin,ACH/USDT:USDT,0.02315,8427.0,0.02314,4.0,0.02316,3.0,0.02317,2905.0
1753600135482,07:08:55.482,blofin,ACH/USDT:USDT,0.02315,8499.0,0.02314,4.0,0.02316,3.0,0.02318,2909.0
1753600135984,07:08:55.984,blofin,ACH/USDT:USDT,0.02315,8501.0,0.02314,4.0,0.02316,3.0,0.02317,1986.0
1753600136484,07:08:56.484,blofin,ACH/USDT:USDT,0.02315,8501.0,0.02314,4.0,0.02316,3.0,0.02317,1989.0
1753600136984,07:08:56.984,blofin,ACH/USDT:USDT,0.02315,8500.0,0.02314,4.0,0.02316,3.0,0.02317,1989.0
1753600137986,07:08:57.986,blofin,ACH/USDT:USDT,0.02315,8596.0,0.02314,4.0,0.02316,3.0,0.02317,1989.0
1753600138487,07:08:58.487,blofin,ACH/USDT:USDT,0.02315,8596.0,0.02314,4.0,0.02316,3.0,0.02317,1986.0
1753600138990,07:08:58.990,blofin,ACH/USDT:USDT,0.02315,8924.0,0.02314,96183.0,0.02316,3.0,0.02317,2.0
1753600139490,07:08:59.490,blofin,ACH/USDT:USDT,0.02315,8924.0,0.02314,101119.0,0.02316,3.0,0.02317,2.0
1753600139990,07:08:59.990,blofin,ACH/USDT:USDT,0.02315,8924.0,0.02314,4.0,0.02316,3.0,0.02317,1282.0
1753600140993,07:09:00.993,blofin,ACH/USDT:USDT,0.02315,8964.0,0.02314,135169.0,0.02316,3.0,0.02317,1282.0
1753600141493,07:09:01.493,blofin,ACH/USDT:USDT,0.02315,8963.0,0.02314,135169.0,0.02316,3.0,0.02317,1282.0
1753600141995,07:09:01.995,blofin,ACH/USDT:USDT,0.02315,8964.0,0.02314,4.0,0.02316,3.0,0.02317,2.0
1753600142494,07:09:02.494,blofin,ACH/USDT:USDT,0.02315,8961.0,0.02314,4.0,0.02316,3.0,0.02317,2.0
1753600143497,07:09:03.497,blofin,ACH/USDT:USDT,0.02315,8963.0,0.02314,128251.0,0.02316,3.0,0.02318,2011.0
1753600143998,07:09:03.998,blofin,ACH/USDT:USDT,0.02315,8977.0,0.02314,194970.0,0.02316,3.0,0.02317,2008.0
1753600144501,07:09:04.501,blofin,ACH/USDT:USDT,0.02315,8980.0,0.02314,194970.0,0.02316,3.0,0.02317,2008.0
1753600145501,07:09:05.501,blofin,ACH/USDT:USDT,0.02316,3648.0,0.02315,2.0,0.02318,7211.0,0.02321,5425.0
1753600146000,07:09:06.000,blofin,ACH/USDT:USDT,0.02316,3650.0,0.02314,4.0,0.02319,7213.0,0.02321,12479.0
1753600146500,07:09:06.500,blofin,ACH/USDT:USDT,0.02316,3650.0,0.02314,4.0,0.02319,7213.0,0.02321,12479.0
1753600147002,07:09:07.002,blofin,ACH/USDT:USDT,0.02316,3669.0,0.02314,4.0,0.02318,4192.0,0.02319,5.0
1753600147502,07:09:07.502,blofin,ACH/USDT:USDT,0.02316,3667.0,0.02314,4.0,0.02318,4192.0,0.02319,5.0
1753600148503,07:09:08.503,blofin,ACH/USDT:USDT,0.02316,7537.0,0.02314,4.0,0.02318,3312.0,0.02319,5.0
1753600149008,07:09:09.008,blofin,ACH/USDT:USDT,0.02316,7538.0,0.02314,4.0,0.02318,3312.0,0.02319,5.0
1753600149505,07:09:09.505,blofin,ACH/USDT:USDT,0.02316,7538.0,0.02314,4.0,0.02318,3312.0,0.02319,5.0
1753600150507,07:09:10.507,blofin,ACH/USDT:USDT,0.02316,7538.0,0.02315,44914.0,0.02318,3317.0,0.02322,84194.0
1753600151009,07:09:11.009,blofin,ACH/USDT:USDT,0.02316,7542.0,0.02315,63426.0,0.02318,3316.0,0.02323,67472.0
1753600151510,07:09:11.510,blofin,ACH/USDT:USDT,0.02316,7542.0,0.02315,63426.0,0.02318,3314.0,0.02323,67472.0
1753600152512,07:09:12.512,blofin,ACH/USDT:USDT,0.02316,7545.0,0.02314,175539.0,0.02318,1.0,0.02319,3317.0
1753600153036,07:09:13.036,blofin,ACH/USDT:USDT,0.02316,4825.0,0.02315,5558.0,0.02318,3313.0,0.02319,5.0
1753600154517,07:09:14.517,blofin,ACH/USDT:USDT,0.02316,3233.0,0.02315,5558.0,0.02318,3250.0,0.02323,123145.0
1753600155018,07:09:15.018,blofin,ACH/USDT:USDT,0.02316,3233.0,0.02315,5558.0,0.02318,3252.0,0.02319,16887.0
1753600155521,07:09:15.521,blofin,ACH/USDT:USDT,0.02316,3230.0,0.02315,5558.0,0.02318,3252.0,0.02319,16887.0
1753600156521,07:09:16.521,blofin,ACH/USDT:USDT,0.02316,7686.0,0.02314,7563.0,0.02318,1813.0,0.02322,90721.0
1753600157523,07:09:17.523,blofin,ACH/USDT:USDT,0.02316,8177.0,0.02314,7563.0,0.02318,1812.0,0.02323,86870.0
1753600158524,07:09:18.524,blofin,ACH/USDT:USDT,0.02316,8279.0,0.02315,104592.0,0.02318,1810.0,0.02322,28165.0
1753600159527,07:09:19.527,blofin,ACH/USDT:USDT,0.02316,8743.0,0.02314,100214.0,0.02318,1636.0,0.0232,6497.0
1753600160027,07:09:20.027,blofin,ACH/USDT:USDT,0.02316,8745.0,0.02314,14762.0,0.02318,1636.0,0.02321,114804.0
1753600160528,07:09:20.528,blofin,ACH/USDT:USDT,0.02316,8744.0,0.02314,14762.0,0.02318,1636.0,0.02321,114804.0
1753600161537,07:09:21.537,blofin,ACH/USDT:USDT,0.02316,8742.0,0.02314,8498.0,0.02318,1638.0,0.0232,136535.0
1753600162032,07:09:22.032,blofin,ACH/USDT:USDT,0.02316,8745.0,0.02314,8498.0,0.02318,1638.0,0.0232,136535.0
1753600163030,07:09:23.030,blofin,ACH/USDT:USDT,0.02316,8746.0,0.02314,8498.0,0.02318,1.0,0.02319,1637.0
1753600163532,07:09:23.532,blofin,ACH/USDT:USDT,0.02316,8746.0,0.02314,8498.0,0.02318,1.0,0.02319,1636.0
1753600164034,07:09:24.034,blofin,ACH/USDT:USDT,0.02316,8746.0,0.02314,174084.0,0.02318,1633.0,0.02319,4.0
1753600164536,07:09:24.536,blofin,ACH/USDT:USDT,0.02316,8745.0,0.02314,174084.0,0.02318,1633.0,0.02319,4.0
1753600165038,07:09:25.038,blofin,ACH/USDT:USDT,0.02316,8742.0,0.02314,8498.0,0.02318,1633.0,0.02319,4.0
1753600166039,07:09:26.039,blofin,ACH/USDT:USDT,0.02316,8744.0,0.02314,7563.0,0.02318,1636.0,0.02321,52715.0
1753600166540,07:09:26.540,blofin,ACH/USDT:USDT,0.02316,8800.0,0.02314,7563.0,0.02318,1636.0,0.02322,138753.0
1753600167041,07:09:27.041,blofin,ACH/USDT:USDT,0.02316,8802.0,0.02314,7563.0,0.02318,1636.0,0.02322,138753.0
1753600168041,07:09:28.041,blofin,ACH/USDT:USDT,0.02316,8802.0,0.02314,7563.0,0.02318,1636.0,0.0232,100125.0
1753600168540,07:09:28.540,blofin,ACH/USDT:USDT,0.02316,8802.0,0.02315,38775.0,0.02318,1636.0,0.02319,102210.0
1753600169047,07:09:29.047,blofin,ACH/USDT:USDT,0.02316,8799.0,0.02315,38775.0,0.02318,1636.0,0.02319,102210.0
1753600169542,07:09:29.542,blofin,ACH/USDT:USDT,0.02316,8799.0,0.02314,7563.0,0.02318,1636.0,0.0232,153253.0
1753600170542,07:09:30.542,blofin,ACH/USDT:USDT,0.02316,8802.0,0.02315,394.0,0.02318,1638.0,0.0232,153253.0
1753600171049,07:09:31.049,blofin,ACH/USDT:USDT,0.02316,8809.0,0.02315,44546.0,0.02318,1420.0,0.02319,111102.0
1753600171544,07:09:31.544,blofin,ACH/USDT:USDT,0.02316,8809.0,0.02315,58532.0,0.02318,1420.0,0.02322,8729.0
1753600172546,07:09:32.546,blofin,ACH/USDT:USDT,0.02316,8369.0,0.02315,394.0,0.02318,1612.0,0.02319,57454.0
1753600174055,07:09:34.055,blofin,ACH/USDT:USDT,0.02316,8367.0,0.02315,46539.0,0.02318,1611.0,0.02321,118522.0
1753600174547,07:09:34.547,blofin,ACH/USDT:USDT,0.02316,8367.0,0.02314,7563.0,0.02318,1611.0,0.02319,128530.0
1753600175055,07:09:35.055,blofin,ACH/USDT:USDT,0.02316,8366.0,0.02314,7563.0,0.02318,1611.0,0.02319,128530.0
1753600176057,07:09:36.057,blofin,ACH/USDT:USDT,0.02316,8807.0,0.02315,9201.0,0.02318,1419.0,0.02322,42720.0
1753600176548,07:09:36.548,blofin,ACH/USDT:USDT,0.02316,8807.0,0.02315,9201.0,0.02318,1419.0,0.02319,39813.0
1753600177061,07:09:37.061,blofin,ACH/USDT:USDT,0.02316,8807.0,0.02315,9201.0,0.02318,1419.0,0.02319,39813.0
1753600177548,07:09:37.548,blofin,ACH/USDT:USDT,0.02316,8807.0,0.02315,9201.0,0.02318,1419.0,0.02322,73969.0
1753600178547,07:09:38.547,blofin,ACH/USDT:USDT,0.02316,8370.0,0.02315,9201.0,0.02318,1627.0,0.02323,12578.0
1753600179060,07:09:39.060,blofin,ACH/USDT:USDT,0.02316,8370.0,0.02315,9201.0,0.02318,1629.0,0.02323,12578.0
1753600180062,07:09:40.062,blofin,ACH/USDT:USDT,0.02316,3345.0,0.02315,9201.0,0.02318,2333.0,0.02322,72854.0
1753600180571,07:09:40.571,blofin,ACH/USDT:USDT,0.02316,3344.0,0.02315,9201.0,0.02318,2333.0,0.02322,72854.0
1753600181064,07:09:41.064,blofin,ACH/USDT:USDT,0.02316,3342.0,0.02312,35745.0,0.02318,2334.0,0.02323,47916.0
1753600181553,07:09:41.553,blofin,ACH/USDT:USDT,0.02316,9086.0,0.02315,16512.0,0.02318,6.0,0.02319,2456.0
1753600182066,07:09:42.066,blofin,ACH/USDT:USDT,0.02316,9087.0,0.02315,27288.0,0.02318,6.0,0.02319,2456.0
1753600183067,07:09:43.067,blofin,ACH/USDT:USDT,0.02316,8646.0,0.02315,10776.0,0.02318,2462.0,0.02323,79506.0
1753600183554,07:09:43.554,blofin,ACH/USDT:USDT,0.02316,5758.0,0.02315,10776.0,0.02318,3070.0,0.02322,7106.0
1753600184072,07:09:44.072,blofin,ACH/USDT:USDT,0.02316,5758.0,0.02315,10776.0,0.02318,3069.0,0.02322,7106.0
1753600184556,07:09:44.556,blofin,ACH/USDT:USDT,0.02316,5758.0,0.02315,10776.0,0.02318,3069.0,0.0232,58471.0
1753600185072,07:09:45.072,blofin,ACH/USDT:USDT,0.02316,5758.0,0.02313,6433.0,0.02318,3070.0,0.0232,58471.0
1753600186073,07:09:46.073,blofin,ACH/USDT:USDT,0.02316,10973.0,0.02315,8482.0,0.02318,2460.0,0.0232,4704.0
1753600186559,07:09:46.559,blofin,ACH/USDT:USDT,0.02316,6701.0,0.02315,8482.0,0.02318,4452.0,0.02322,143471.0
1753600187075,07:09:47.075,blofin,ACH/USDT:USDT,0.02316,6701.0,0.02315,8482.0,0.02318,4453.0,0.02322,143471.0
1753600188079,07:09:48.079,blofin,ACH/USDT:USDT,0.02316,6701.0,0.02315,8482.0,0.02318,1.0,0.02319,6049.0
1753600188561,07:09:48.561,blofin,ACH/USDT:USDT,0.02316,6701.0,0.02315,178682.0,0.02318,6049.0,0.02319,1.0
1753600189079,07:09:49.079,blofin,ACH/USDT:USDT,0.02316,6704.0,0.02315,178682.0,0.02318,6053.0,0.0232,90403.0
1753600189559,07:09:49.559,blofin,ACH/USDT:USDT,0.02316,6704.0,0.02315,8482.0,0.02318,6053.0,0.02322,162623.0
1753600190082,07:09:50.082,blofin,ACH/USDT:USDT,0.02316,6705.0,0.02315,8482.0,0.02318,6050.0,0.02322,162623.0
1753600191083,07:09:51.083,blofin,ACH/USDT:USDT,0.02316,6702.0,0.02315,3900.0,0.02318,6051.0,0.02321,99030.0
1753600191562,07:09:51.562,blofin,ACH/USDT:USDT,0.02316,6702.0,0.02315,3900.0,0.02318,6051.0,0.02321,158531.0
1753600192085,07:09:52.085,blofin,ACH/USDT:USDT,0.02316,6702.0,0.02315,3900.0,0.02318,6050.0,0.02321,158531.0
1753600192563,07:09:52.563,blofin,ACH/USDT:USDT,0.02316,6718.0,0.02315,105293.0,0.02318,6050.0,0.02323,109694.0
1753600193563,07:09:53.563,blofin,ACH/USDT:USDT,0.02316,6718.0,0.02314,37403.0,0.02318,4668.0,0.0232,53546.0
1753600194088,07:09:54.088,blofin,ACH/USDT:USDT,0.02316,6718.0,0.02314,37403.0,0.02318,4667.0,0.0232,53546.0
1753600194564,07:09:54.564,blofin,ACH/USDT:USDT,0.02316,6718.0,0.02314,26295.0,0.02318,4667.0,0.0232,24814.0
1753600195088,07:09:55.088,blofin,ACH/USDT:USDT,0.02316,6720.0,0.02314,26295.0,0.02318,4668.0,0.0232,24814.0
1753600196091,07:09:56.091,blofin,ACH/USDT:USDT,0.02316,6718.0,0.02313,8149.0,0.02318,4667.0,0.02321,104745.0
1753600196566,07:09:56.566,blofin,ACH/USDT:USDT,0.02316,6718.0,0.02315,6282.0,0.02318,3851.0,0.02322,39272.0
1753600197091,07:09:57.091,blofin,ACH/USDT:USDT,0.02316,6718.0,0.02315,6282.0,0.02318,3852.0,0.02322,39272.0
1753600197565,07:09:57.565,blofin,ACH/USDT:USDT,0.02316,6702.0,0.02313,8149.0,0.02318,3268.0,0.02322,144799.0
1753600198567,07:09:58.567,blofin,ACH/USDT:USDT,0.02316,6704.0,0.02313,132147.0,0.02318,3269.0,0.02319,37839.0
1753600199097,07:09:59.097,blofin,ACH/USDT:USDT,0.02316,6704.0,0.02313,123998.0,0.02318,3270.0,0.02319,37839.0
1753600200100,07:10:00.100,blofin,ACH/USDT:USDT,0.02316,7145.0,0.02315,35690.0,0.02318,2830.0,0.02323,13692.0
1753600200571,07:10:00.571,blofin,ACH/USDT:USDT,0.02316,7145.0,0.02315,35690.0,0.02318,2826.0,0.02323,13692.0
1753600201573,07:10:01.573,blofin,ACH/USDT:USDT,0.02316,7745.0,0.02314,667.0,0.02318,4.0,0.02319,3944.0
1753600202102,07:10:02.102,blofin,ACH/USDT:USDT,0.02316,7745.0,0.02314,667.0,0.02318,1.0,0.02319,3946.0
1753600203105,07:10:03.105,blofin,ACH/USDT:USDT,0.02316,10881.0,0.02314,667.0,0.02318,3489.0,0.02319,2.0
1753600203572,07:10:03.572,blofin,ACH/USDT:USDT,0.02316,7745.0,0.02314,667.0,0.02318,3905.0,0.02319,22504.0
1753600204573,07:10:04.573,blofin,ACH/USDT:USDT,0.02316,8161.0,0.02313,120486.0,0.02318,3489.0,0.02319,2.0
1753600205108,07:10:05.108,blofin,ACH/USDT:USDT,0.02316,8161.0,0.02313,116575.0,0.02318,3492.0,0.02321,45844.0
1753600206111,07:10:06.111,blofin,ACH/USDT:USDT,0.02316,7741.0,0.02315,936.0,0.02318,3910.0,0.02322,156006.0
1753600206576,07:10:06.576,blofin,ACH/USDT:USDT,0.02316,7693.0,0.02315,936.0,0.02318,3910.0,0.02323,4157.0
1753600207114,07:10:07.114,blofin,ACH/USDT:USDT,0.02316,7693.0,0.02315,936.0,0.02318,3906.0,0.02323,4157.0
1753600208118,07:10:08.118,blofin,ACH/USDT:USDT,0.02316,6656.0,0.02315,100588.0,0.02318,3906.0,0.02323,89169.0
1753600208577,07:10:08.577,blofin,ACH/USDT:USDT,0.02316,6656.0,0.02315,936.0,0.02318,3906.0,0.0232,78478.0
1753600209119,07:10:09.119,blofin,ACH/USDT:USDT,0.02316,6653.0,0.02314,64440.0,0.02318,3906.0,0.0232,78478.0
1753600210120,07:10:10.120,blofin,ACH/USDT:USDT,0.02316,6653.0,0.02315,12352.0,0.02318,3910.0,0.02319,153721.0
1753600210593,07:10:10.593,blofin,ACH/USDT:USDT,0.02316,6654.0,0.02315,12352.0,0.02318,3914.0,0.02319,153721.0
1753600211120,07:10:11.120,blofin,ACH/USDT:USDT,0.02316,6658.0,0.02314,143301.0,0.02318,9.0,0.02319,3904.0
1753600211581,07:10:11.581,blofin,ACH/USDT:USDT,0.02316,8170.0,0.02314,29704.0,0.02318,9.0,0.02319,3336.0
1753600212122,07:10:12.122,blofin,ACH/USDT:USDT,0.02316,8170.0,0.02314,38909.0,0.02318,5.0,0.02319,3341.0
1753600212582,07:10:12.582,blofin,ACH/USDT:USDT,0.02316,8018.0,0.02314,28850.0,0.02318,5.0,0.02319,3909.0
1753600213582,07:10:13.582,blofin,ACH/USDT:USDT,0.02316,7600.0,0.02314,121122.0,0.02318,3909.0,0.02319,5.0
1753600214128,07:10:14.128,blofin,ACH/USDT:USDT,0.02316,7600.0,0.02314,111917.0,0.02318,3910.0,0.02321,76871.0
1753600214585,07:10:14.585,blofin,ACH/USDT:USDT,0.02316,6656.0,0.02315,125172.0,0.02318,3910.0,0.02321,123520.0
1753600215587,07:10:15.587,blofin,ACH/USDT:USDT,0.02316,6658.0,0.02315,126213.0,0.02318,3911.0,0.02321,123520.0
1753600216128,07:10:16.128,blofin,ACH/USDT:USDT,0.02316,6658.0,0.02315,1041.0,0.02318,3913.0,0.02321,27591.0
1753600216589,07:10:16.589,blofin,ACH/USDT:USDT,0.02316,6658.0,0.02315,91387.0,0.02318,3913.0,0.02321,27591.0
1753600217589,07:10:17.589,blofin,ACH/USDT:USDT,0.02316,6654.0,0.02315,84511.0,0.02318,3913.0,0.02319,26871.0
1753600218129,07:10:18.129,blofin,ACH/USDT:USDT,0.02316,6654.0,0.02315,84511.0,0.02318,3910.0,0.02319,26871.0
1753600218589,07:10:18.589,blofin,ACH/USDT:USDT,0.02316,6.0,0.02315,3848.0,0.02317,2232.0,0.02318,6.0
1753600219589,07:10:19.589,blofin,ACH/USDT:USDT,0.02316,5.0,0.02315,4865.0,0.02318,38.0,0.0232,65832.0
1753600220133,07:10:20.133,blofin,ACH/USDT:USDT,0.02316,5.0,0.02315,4867.0,0.02318,38.0,0.0232,65832.0
1753600220591,07:10:20.591,blofin,ACH/USDT:USDT,0.02316,5.0,0.02315,4868.0,0.02318,40.0,0.0232,65832.0
1753600222136,07:10:22.136,blofin,ACH/USDT:USDT,0.02316,1029.0,0.02315,5.0,0.02318,5.0,0.02319,5194.0
1753600222592,07:10:22.592,blofin,ACH/USDT:USDT,0.02316,1909.0,0.02315,5.0,0.02318,3085.0,0.02319,2.0
1753600223137,07:10:23.137,blofin,ACH/USDT:USDT,0.02316,1909.0,0.02315,5.0,0.02318,3085.0,0.02319,2.0
1753600224138,07:10:24.138,blofin,ACH/USDT:USDT,0.02316,1909.0,0.02315,5.0,0.02318,3470.0,0.02319,143300.0
1753600224595,07:10:24.595,blofin,ACH/USDT:USDT,0.02316,1909.0,0.02315,5.0,0.02318,3622.0,0.02319,109569.0
1753600225138,07:10:25.138,blofin,ACH/USDT:USDT,0.02316,1911.0,0.02314,19645.0,0.02318,3626.0,0.02319,109569.0
1753600225595,07:10:25.595,blofin,ACH/USDT:USDT,0.02316,1914.0,0.02315,12312.0,0.02318,3625.0,0.02319,109569.0
1753600226597,07:10:26.597,blofin,ACH/USDT:USDT,0.02316,1130.0,0.02315,12312.0,0.02318,5017.0,0.0232,135924.0
1753600227140,07:10:27.140,blofin,ACH/USDT:USDT,0.02316,1126.0,0.02315,12312.0,0.02318,5016.0,0.0232,135924.0
1753600227597,07:10:27.597,blofin,ACH/USDT:USDT,0.02316,14.0,0.02315,12312.0,0.02318,5016.0,0.02321,27591.0
1753600228598,07:10:28.598,blofin,ACH/USDT:USDT,0.02316,17.0,0.02315,12312.0,0.02318,8040.0,0.0232,102545.0
1753600229143,07:10:29.143,blofin,ACH/USDT:USDT,0.02316,17.0,0.02314,29641.0,0.02318,8042.0,0.0232,102545.0
1753600230144,07:10:30.144,blofin,ACH/USDT:USDT,0.02316,16.0,0.02314,29641.0,0.02318,8042.0,0.02321,27591.0
1753600230781,07:10:30.781,blofin,ACH/USDT:USDT,0.02316,14.0,0.02314,19645.0,0.02318,8039.0,0.02321,27591.0
1753600231269,07:10:31.269,blofin,ACH/USDT:USDT,0.02316,79.0,0.02314,19645.0,0.02318,8038.0,0.02321,132315.0
1753600231771,07:10:31.771,blofin,ACH/USDT:USDT,0.02316,4008.0,0.02314,19645.0,0.02318,3774.0,0.02321,27591.0
1753600232769,07:10:32.769,blofin,ACH/USDT:USDT,0.02316,4008.0,0.02314,19645.0,0.02318,3775.0,0.02321,27591.0
1753600233270,07:10:33.270,blofin,ACH/USDT:USDT,0.02316,4006.0,0.02314,19645.0,0.02318,3775.0,0.02321,27591.0
1753600233770,07:10:33.770,blofin,ACH/USDT:USDT,0.02316,4006.0,0.02314,19645.0,0.02318,3774.0,0.02321,99765.0
1753600234772,07:10:34.772,blofin,ACH/USDT:USDT,0.02316,5446.0,0.02315,137812.0,0.02318,3776.0,0.02321,34581.0
1753600235273,07:10:35.273,blofin,ACH/USDT:USDT,0.02316,5446.0,0.02315,137812.0,0.02318,3777.0,0.02321,34581.0
1753600235777,07:10:35.777,blofin,ACH/USDT:USDT,0.02316,5450.0,0.02315,4771.0,0.02318,3778.0,0.02321,43736.0
1753600236607,07:10:36.607,blofin,ACH/USDT:USDT,0.02316,5450.0,0.02315,132252.0,0.02318,4342.0,0.02321,27591.0
1753600237279,07:10:37.279,blofin,ACH/USDT:USDT,0.02316,5448.0,0.02315,127481.0,0.02318,4342.0,0.02321,27591.0
1753600237781,07:10:37.781,blofin,ACH/USDT:USDT,0.02316,7224.0,0.02314,19645.0,0.02318,2639.0,0.02321,63712.0
1753600238611,07:10:38.611,blofin,ACH/USDT:USDT,0.02316,4088.0,0.02314,19645.0,0.02318,4568.0,0.02321,134960.0
1753600239282,07:10:39.282,blofin,ACH/USDT:USDT,0.02316,4088.0,0.02314,19645.0,0.02318,4568.0,0.02321,134960.0
1753600240067,07:10:40.067,blofin,ACH/USDT:USDT,0.02316,8.0,0.02315,4736.0,0.02317,2952.0,0.02318,6.0
1753600240785,07:10:40.785,blofin,ACH/USDT:USDT,0.02315,4937.0,0.02314,33107.0,0.02317,7.0,0.02318,1096.0
1753600241285,07:10:41.285,blofin,ACH/USDT:USDT,0.02315,4937.0,0.02314,33107.0,0.02317,5.0,0.02318,1099.0
1753600241786,07:10:41.786,blofin,ACH/USDT:USDT,0.02315,4934.0,0.02314,33107.0,0.02317,5.0,0.02318,1171.0
1753600242788,07:10:42.788,blofin,ACH/USDT:USDT,0.02315,5358.0,0.02314,132831.0,0.02317,813.0,0.02318,2.0
1753600243290,07:10:43.290,blofin,ACH/USDT:USDT,0.02315,5360.0,0.02314,132831.0,0.02317,813.0,0.02318,2.0
1753600243793,07:10:43.793,blofin,ACH/USDT:USDT,0.02315,5511.0,0.02314,33107.0,0.02317,13.0,0.02318,2.0
1753600244795,07:10:44.795,blofin,ACH/USDT:USDT,0.02315,5512.0,0.02314,33107.0,0.02317,13.0,0.02318,2.0
1753600245294,07:10:45.294,blofin,ACH/USDT:USDT,0.02315,5512.0,0.02314,33107.0,0.02317,17.0,0.02321,51643.0
1753600246298,07:10:46.298,blofin,ACH/USDT:USDT,0.02315,5510.0,0.02314,33107.0,0.02317,233.0,0.02322,34792.0
1753600246800,07:10:46.800,blofin,ACH/USDT:USDT,0.02315,3830.0,0.02314,33107.0,0.02317,2767.0,0.02321,68366.0
1753600247621,07:10:47.621,blofin,ACH/USDT:USDT,0.02315,3886.0,0.02314,33107.0,0.02317,7.0,0.02318,1264.0
1753600248299,07:10:48.299,blofin,ACH/USDT:USDT,0.02315,3887.0,0.02314,33107.0,0.02317,5.0,0.02318,1268.0
1753600248801,07:10:48.801,blofin,ACH/USDT:USDT,0.02315,3887.0,0.02314,33107.0,0.02317,1581.0,0.02318,4.0
1753600249803,07:10:49.803,blofin,ACH/USDT:USDT,0.02315,5414.0,0.02314,131108.0,0.02317,5.0,0.02318,2044.0
1753600250626,07:10:50.626,blofin,ACH/USDT:USDT,0.02315,5417.0,0.02314,131108.0,0.02317,5.0,0.02318,2044.0
1753600251306,07:10:51.306,blofin,ACH/USDT:USDT,0.02315,5417.0,0.02314,33107.0,0.02317,1017.0,0.02321,51499.0
1753600251808,07:10:51.808,blofin,ACH/USDT:USDT,0.02315,5601.0,0.02314,33107.0,0.02317,1017.0,0.02318,102112.0
1753600252624,07:10:52.624,blofin,ACH/USDT:USDT,0.02315,5601.0,0.02314,153407.0,0.02317,1018.0,0.02319,167113.0
1753600253309,07:10:53.309,blofin,ACH/USDT:USDT,0.02315,5600.0,0.02314,153407.0,0.02317,1018.0,0.02319,167113.0
1753600253945,07:10:53.945,blofin,ACH/USDT:USDT,0.02317,3592.0,0.02315,10.0,0.02319,7144.0,0.0232,163824.0
1753600254624,07:10:54.624,blofin,ACH/USDT:USDT,0.02317,5812.0,0.02315,5.0,0.02319,312.0,0.02324,57577.0
1753600254813,07:10:54.813,blofin,ACH/USDT:USDT,0.02317,5812.0,0.02315,5.0,0.02319,316.0,0.02324,57577.0
1753600255813,07:10:55.813,blofin,ACH/USDT:USDT,0.02317,6228.0,0.02315,3865.0,0.0232,313.0,0.02323,29600.0
1753600256314,07:10:56.314,blofin,ACH/USDT:USDT,0.02317,6228.0,0.02316,10895.0,0.0232,313.0,0.02323,29600.0
1753600256815,07:10:56.815,blofin,ACH/USDT:USDT,0.02317,6228.0,0.02316,26591.0,0.02319,312.0,0.0232,1.0
1753600257628,07:10:57.628,blofin,ACH/USDT:USDT,0.02317,6228.0,0.02316,154816.0,0.02319,5.0,0.0232,1264.0
1753600258317,07:10:58.317,blofin,ACH/USDT:USDT,0.02317,6227.0,0.02316,154816.0,0.0232,1267.0,0.02324,97484.0
1753600258817,07:10:58.817,blofin,ACH/USDT:USDT,0.02317,6227.0,0.02315,5.0,0.02319,1275.0,0.0232,45488.0
1753600259630,07:10:59.630,blofin,ACH/USDT:USDT,0.02317,6225.0,0.02316,121735.0,0.02319,1275.0,0.02322,114698.0
1753600260822,07:11:00.822,blofin,ACH/USDT:USDT,0.02317,6228.0,0.02316,8737.0,0.02319,1274.0,0.02324,161946.0
1753600261637,07:11:01.637,blofin,ACH/USDT:USDT,0.02317,6669.0,0.02316,8737.0,0.02319,1274.0,0.02321,53907.0
1753600262323,07:11:02.323,blofin,ACH/USDT:USDT,0.02317,6669.0,0.02315,4023.0,0.02319,1274.0,0.02321,53907.0
1753600262824,07:11:02.824,blofin,ACH/USDT:USDT,0.02317,6669.0,0.02315,4023.0,0.02319,1274.0,0.02323,17626.0
1753600263825,07:11:03.825,blofin,ACH/USDT:USDT,0.02317,6589.0,0.02315,5.0,0.02319,1274.0,0.02323,35927.0
1753600264827,07:11:04.827,blofin,ACH/USDT:USDT,0.02317,6587.0,0.02316,49360.0,0.02319,1290.0,0.02324,58478.0
1753600265327,07:11:05.327,blofin,ACH/USDT:USDT,0.02317,6588.0,0.02316,49360.0,0.02319,1290.0,0.02324,58478.0
1753600265827,07:11:05.827,blofin,ACH/USDT:USDT,0.02317,6586.0,0.02316,3153.0,0.0232,1291.0,0.02325,149942.0
1753600266637,07:11:06.637,blofin,ACH/USDT:USDT,0.02317,6586.0,0.02316,3153.0,0.02319,1288.0,0.0232,2.0
1753600267831,07:11:07.831,blofin,ACH/USDT:USDT,0.02317,6586.0,0.02316,35460.0,0.02319,1292.0,0.02324,118525.0
1753600268638,07:11:08.638,blofin,ACH/USDT:USDT,0.02317,6586.0,0.02316,4894.0,0.02319,1292.0,0.0232,40960.0
1753600268831,07:11:08.831,blofin,ACH/USDT:USDT,0.02317,6587.0,0.02316,4894.0,0.02319,1292.0,0.0232,40960.0
1753600269834,07:11:09.834,blofin,ACH/USDT:USDT,0.02317,6587.0,0.02315,5.0,0.02319,1084.0,0.02321,6929.0
1753600270334,07:11:10.334,blofin,ACH/USDT:USDT,0.02317,6587.0,0.02315,5.0,0.02319,1084.0,0.02321,6929.0
1753600270835,07:11:10.835,blofin,ACH/USDT:USDT,0.02317,6590.0,0.02315,45324.0,0.02319,1286.0,0.02321,113931.0
1753600271642,07:11:11.642,blofin,ACH/USDT:USDT,0.02317,6590.0,0.02314,3990.0,0.02319,1286.0,0.02322,21591.0
1753600271836,07:11:11.836,blofin,ACH/USDT:USDT,0.02317,6590.0,0.02314,3990.0,0.02319,1289.0,0.02322,21591.0
1753600272837,07:11:12.837,blofin,ACH/USDT:USDT,0.02317,6586.0,0.02314,148052.0,0.02319,1290.0,0.02322,21591.0
1753600273337,07:11:13.337,blofin,ACH/USDT:USDT,0.02317,6586.0,0.02316,3862.0,0.02319,1290.0,0.02322,21591.0
1753600273839,07:11:13.839,blofin,ACH/USDT:USDT,0.02317,6588.0,0.02316,3862.0,0.02319,1290.0,0.02321,121820.0
1753600274840,07:11:14.840,blofin,ACH/USDT:USDT,0.02317,6588.0,0.02313,11995.0,0.02319,1289.0,0.0232,38466.0
1753600275341,07:11:15.341,blofin,ACH/USDT:USDT,0.02317,6588.0,0.02313,11995.0,0.02319,1290.0,0.0232,38466.0
1753600275841,07:11:15.841,blofin,ACH/USDT:USDT,0.02317,6018.0,0.02313,118800.0,0.02319,1290.0,0.02321,190865.0
1753600276646,07:11:16.646,blofin,ACH/USDT:USDT,0.02317,3298.0,0.02313,120674.0,0.02319,1798.0,0.02322,21591.0
1753600276845,07:11:16.845,blofin,ACH/USDT:USDT,0.02317,3298.0,0.02313,125330.0,0.02319,1798.0,0.02322,21591.0
1753600277845,07:11:17.845,blofin,ACH/USDT:USDT,0.02317,586.0,0.02315,7947.0,0.02319,3192.0,0.02322,21591.0
1753600278346,07:11:18.346,blofin,ACH/USDT:USDT,0.02317,586.0,0.02315,7947.0,0.02319,3193.0,0.02322,21591.0
1753600278846,07:11:18.846,blofin,ACH/USDT:USDT,0.02317,404.0,0.02315,7947.0,0.02319,3185.0,0.02322,21591.0
1753600279352,07:11:19.352,blofin,ACH/USDT:USDT,0.02317,404.0,0.02316,10125.0,0.02319,3185.0,0.02322,21591.0
1753600279847,07:11:19.847,blofin,ACH/USDT:USDT,0.02317,402.0,0.02316,10125.0,0.02319,3185.0,0.02321,225632.0
1753600280848,07:11:20.848,blofin,ACH/USDT:USDT,0.02317,404.0,0.02315,11869.0,0.02319,3182.0,0.02322,21591.0
1753600281349,07:11:21.349,blofin,ACH/USDT:USDT,0.02317,404.0,0.02315,11869.0,0.02319,3184.0,0.02322,21591.0
1753600281849,07:11:21.849,blofin,ACH/USDT:USDT,0.02317,1492.0,0.02315,11869.0,0.02319,3183.0,0.02322,39780.0
1753600282652,07:11:22.652,blofin,ACH/USDT:USDT,0.02317,1292.0,0.02313,32433.0,0.02319,3183.0,0.02321,198661.0
1753600283351,07:11:23.351,blofin,ACH/USDT:USDT,0.02317,1291.0,0.02314,969.0,0.02319,3183.0,0.02321,198661.0
1753600283855,07:11:23.855,blofin,ACH/USDT:USDT,0.02317,555.0,0.02315,91694.0,0.02319,3182.0,0.02321,76141.0
1753600284353,07:11:24.353,blofin,ACH/USDT:USDT,0.02317,557.0,0.02315,91694.0,0.02319,3182.0,0.02321,76141.0
1753600284859,07:11:24.859,blofin,ACH/USDT:USDT,0.02317,557.0,0.02314,969.0,0.02319,3182.0,0.02322,86723.0
1753600285655,07:11:25.655,blofin,ACH/USDT:USDT,0.02317,556.0,0.02314,8425.0,0.02319,3182.0,0.02322,86723.0
1753600286355,07:11:26.355,blofin,ACH/USDT:USDT,0.02317,556.0,0.02315,78864.0,0.02319,6241.0,0.02322,21591.0
1753600286857,07:11:26.857,blofin,ACH/USDT:USDT,0.02317,558.0,0.02315,16731.0,0.02319,6241.0,0.02322,21591.0
1753600287656,07:11:27.656,blofin,ACH/USDT:USDT,0.02317,558.0,0.02315,64867.0,0.02319,6230.0,0.02322,181581.0
1753600287942,07:11:27.942,blofin,ACH/USDT:USDT,0.02317,6.0,0.02316,4992.0,0.02318,3088.0,0.02319,10.0
1753600288860,07:11:28.860,blofin,ACH/USDT:USDT,0.02317,1.0,0.02316,1132.0,0.02318,4632.0,0.02319,10.0
1753600289657,07:11:29.657,blofin,ACH/USDT:USDT,0.02317,1.0,0.02316,1140.0,0.02318,4632.0,0.02319,10.0
1753600289863,07:11:29.863,blofin,ACH/USDT:USDT,0.02317,1.0,0.02316,1141.0,0.02318,4632.0,0.02319,10.0
1753600290864,07:11:30.864,blofin,ACH/USDT:USDT,0.02317,1.0,0.02316,1140.0,0.02318,4633.0,0.02319,5.0
1753600291369,07:11:31.369,blofin,ACH/USDT:USDT,0.02317,1.0,0.02316,1141.0,0.02318,4633.0,0.02319,5.0
1753600291866,07:11:31.866,blofin,ACH/USDT:USDT,0.02317,1.0,0.02316,1141.0,0.02318,4633.0,0.02319,5.0
1753600292659,07:11:32.659,blofin,ACH/USDT:USDT,0.02317,1.0,0.02316,1141.0,0.02318,4633.0,0.02319,5.0
1753600292867,07:11:32.867,blofin,ACH/USDT:USDT,0.02317,1.0,0.02316,1141.0,0.02318,4633.0,0.02319,5.0
1753600293868,07:11:33.868,blofin,ACH/USDT:USDT,0.02317,1.0,0.02316,1157.0,0.02318,4636.0,0.02319,5.0
1753600294369,07:11:34.369,blofin,ACH/USDT:USDT,0.02317,1.0,0.02316,1154.0,0.02318,4636.0,0.02319,5.0
1753600294870,07:11:34.870,blofin,ACH/USDT:USDT,0.02317,1.0,0.02316,1154.0,0.02318,4636.0,0.02319,5.0
1753600295371,07:11:35.371,blofin,ACH/USDT:USDT,0.02317,1.0,0.02316,1154.0,0.02318,4637.0,0.02319,5.0
1753600295872,07:11:35.872,blofin,ACH/USDT:USDT,0.02317,1.0,0.02316,266.0,0.02318,4643.0,0.02319,5.0
1753600296874,07:11:36.874,blofin,ACH/USDT:USDT,0.02317,1.0,0.02316,58.0,0.02318,4643.0,0.02319,5.0
1753600297662,07:11:37.662,blofin,ACH/USDT:USDT,0.02317,1.0,0.02316,58.0,0.02318,4643.0,0.02319,5.0
1753600298880,07:11:38.880,blofin,ACH/USDT:USDT,0.02315,16961.0,0.02313,62665.0,0.02317,2288.0,0.02318,3.0
1753600299381,07:11:39.381,blofin,ACH/USDT:USDT,0.02315,16961.0,0.02313,62665.0,0.02317,2291.0,0.02319,5.0
1753600299878,07:11:39.878,blofin,ACH/USDT:USDT,0.02315,5930.0,0.02312,3675.0,0.02317,3.0,0.02318,3768.0
1753600300881,07:11:40.881,blofin,ACH/USDT:USDT,0.02315,1194.0,0.02314,18459.0,0.02317,1696.0,0.02318,8.0
1753600301380,07:11:41.380,blofin,ACH/USDT:USDT,0.02315,1194.0,0.02314,18459.0,0.02317,1696.0,0.02318,8.0
1753600301883,07:11:41.883,blofin,ACH/USDT:USDT,0.02315,1194.0,0.02311,107374.0,0.02317,1696.0,0.02318,8.0
1753600302882,07:11:42.882,blofin,ACH/USDT:USDT,0.02315,1244.0,0.02313,73800.0,0.02317,1284.0,0.02318,5.0
1753600303385,07:11:43.385,blofin,ACH/USDT:USDT,0.02315,1242.0,0.02313,73800.0,0.02317,1284.0,0.02318,5.0
1753600303886,07:11:43.886,blofin,ACH/USDT:USDT,0.02315,1242.0,0.02312,184832.0,0.02317,1700.0,0.02318,5.0
1753600304673,07:11:44.673,blofin,ACH/USDT:USDT,0.02315,1242.0,0.02314,105987.0,0.02317,1701.0,0.02318,5.0
1753600304886,07:11:44.886,blofin,ACH/USDT:USDT,0.02315,1246.0,0.02314,105987.0,0.02317,1701.0,0.02318,5.0
1753600305889,07:11:45.889,blofin,ACH/USDT:USDT,0.02315,1259.0,0.02314,117988.0,0.02317,1697.0,0.02318,5.0
1753600306391,07:11:46.391,blofin,ACH/USDT:USDT,0.02315,1259.0,0.02314,117988.0,0.02317,1700.0,0.02318,5.0
1753600306891,07:11:46.891,blofin,ACH/USDT:USDT,0.02315,1267.0,0.02314,7272.0,0.02317,1700.0,0.02318,5.0
1753600307672,07:11:47.672,blofin,ACH/USDT:USDT,0.02315,5276.0,0.02313,151768.0,0.02317,28.0,0.02318,5.0
1753600308397,07:11:48.397,blofin,ACH/USDT:USDT,0.02315,5276.0,0.02313,151768.0,0.02317,27.0,0.02318,5.0
1753600308895,07:11:48.895,blofin,ACH/USDT:USDT,0.02315,5124.0,0.02313,116702.0,0.02317,1082.0,0.02318,5.0
1753600309673,07:11:49.673,blofin,ACH/USDT:USDT,0.02315,5124.0,0.02312,12197.0,0.02317,1042.0,0.02318,72619.0
1753600309898,07:11:49.898,blofin,ACH/USDT:USDT,0.02315,5124.0,0.02312,12197.0,0.02317,1042.0,0.02318,72619.0
1753600310900,07:11:50.900,blofin,ACH/USDT:USDT,0.02315,5123.0,0.02311,21435.0,0.02317,2474.0,0.02318,5.0
1753600311675,07:11:51.675,blofin,ACH/USDT:USDT,0.02315,5124.0,0.02313,109061.0,0.02317,2474.0,0.02318,5.0
1753600312402,07:11:52.402,blofin,ACH/USDT:USDT,0.02315,5123.0,0.02313,109061.0,0.02317,2473.0,0.02318,5.0
1753600312904,07:11:52.904,blofin,ACH/USDT:USDT,0.02315,5126.0,0.02312,115873.0,0.02317,2481.0,0.02318,5.0
1753600313405,07:11:53.405,blofin,ACH/USDT:USDT,0.02315,5122.0,0.02312,115873.0,0.02317,2481.0,0.02318,5.0
1753600313905,07:11:53.905,blofin,ACH/USDT:USDT,0.02315,5124.0,0.02313,141366.0,0.02317,2481.0,0.02318,5.0
1753600314906,07:11:54.906,blofin,ACH/USDT:USDT,0.02315,5211.0,0.02312,66586.0,0.02317,1.0,0.02318,2477.0
1753600315407,07:11:55.407,blofin,ACH/USDT:USDT,0.02315,5211.0,0.02312,66586.0,0.02318,2479.0,0.02323,100787.0
1753600315906,07:11:55.906,blofin,ACH/USDT:USDT,0.02315,1357.0,0.02314,84495.0,0.02317,1652.0,0.02318,5.0
1753600316678,07:11:56.678,blofin,ACH/USDT:USDT,0.02315,4058.0,0.02311,13694.0,0.02317,1652.0,0.02318,151701.0
1753600317409,07:11:57.409,blofin,ACH/USDT:USDT,0.02315,4058.0,0.02311,13694.0,0.02317,1651.0,0.02318,151701.0
1753600317910,07:11:57.910,blofin,ACH/USDT:USDT,0.02315,4061.0,0.02311,143512.0,0.02317,1651.0,0.02318,83049.0
1753600318410,07:11:58.410,blofin,ACH/USDT:USDT,0.02315,4061.0,0.02311,143512.0,0.02317,1652.0,0.02318,83049.0
1753600319248,07:11:59.248,blofin,ACH/USDT:USDT,0.02316,8320.0,0.02315,155959.0,0.02317,4.0,0.02318,5.0
1753600319913,07:11:59.913,blofin,ACH/USDT:USDT,0.02316,8248.0,0.02315,5.0,0.02317,4.0,0.02318,13.0
1753600320413,07:12:00.413,blofin,ACH/USDT:USDT,0.02316,8251.0,0.02315,1.0,0.02317,4.0,0.02318,13.0
1753600320914,07:12:00.914,blofin,ACH/USDT:USDT,0.02316,8249.0,0.02315,51208.0,0.02318,15.0,0.0232,106313.0
1753600321684,07:12:01.684,blofin,ACH/USDT:USDT,0.02316,7993.0,0.02315,151796.0,0.02318,34.0,0.02323,52459.0
1753600322417,07:12:02.417,blofin,ACH/USDT:USDT,0.02316,7993.0,0.02315,151796.0,0.02318,34.0,0.02323,52459.0
1753600322918,07:12:02.918,blofin,ACH/USDT:USDT,0.02318,3224.0,0.02316,1.0,0.02321,3264.0,0.02323,5808.0
1753600323683,07:12:03.683,blofin,ACH/USDT:USDT,0.02318,3392.0,0.02316,1.0,0.0232,3720.0,0.02321,3.0
1753600323921,07:12:03.921,blofin,ACH/USDT:USDT,0.02318,3392.0,0.02316,1.0,0.0232,3723.0,0.02324,64871.0
1753600324922,07:12:04.922,blofin,ACH/USDT:USDT,0.02318,6516.0,0.02316,32639.0,0.0232,2331.0,0.02322,138794.0
1753600325423,07:12:05.423,blofin,ACH/USDT:USDT,0.02318,6516.0,0.02316,32639.0,0.0232,2331.0,0.02322,138794.0
1753600325923,07:12:05.923,blofin,ACH/USDT:USDT,0.02318,6515.0,0.02315,58670.0,0.0232,2331.0,0.02323,150351.0
1753600326687,07:12:06.687,blofin,ACH/USDT:USDT,0.02318,6099.0,0.02315,4945.0,0.0232,3771.0,0.02322,97024.0
1753600327427,07:12:07.427,blofin,ACH/USDT:USDT,0.02318,6100.0,0.02315,4945.0,0.0232,3771.0,0.02322,97024.0
1753600327927,07:12:07.927,blofin,ACH/USDT:USDT,0.02318,6748.0,0.02315,4945.0,0.0232,3770.0,0.02321,99739.0
1753600328689,07:12:08.689,blofin,ACH/USDT:USDT,0.02318,6332.0,0.02315,4945.0,0.0232,2332.0,0.02325,38992.0
1753600329933,07:12:09.933,blofin,ACH/USDT:USDT,0.02318,6747.0,0.02317,8274.0,0.0232,4.0,0.02321,2328.0
1753600330703,07:12:10.703,blofin,ACH/USDT:USDT,0.02318,6747.0,0.02317,8274.0,0.02321,2331.0,0.02323,71678.0
1753600331435,07:12:11.435,blofin,ACH/USDT:USDT,0.02318,1347.0,0.02317,3392.0,0.0232,7835.0,0.02321,2.0
1753600331936,07:12:11.936,blofin,ACH/USDT:USDT,0.02318,5195.0,0.02317,3392.0,0.02321,3407.0,0.02322,44734.0
1753600332692,07:12:12.692,blofin,ACH/USDT:USDT,0.02318,5612.0,0.02317,3392.0,0.0232,3400.0,0.02321,7.0
1753600332938,07:12:12.938,blofin,ACH/USDT:USDT,0.02318,5612.0,0.02317,3392.0,0.0232,3403.0,0.02321,2.0
1753600333693,07:12:13.693,blofin,ACH/USDT:USDT,0.02318,5612.0,0.02317,3392.0,0.0232,3403.0,0.02321,2.0
1753600334438,07:12:14.438,blofin,ACH/USDT:USDT,0.02318,5612.0,0.02317,3392.0,0.0232,3401.0,0.02321,2.0
1753600334697,07:12:14.697,blofin,ACH/USDT:USDT,0.02318,5612.0,0.02317,3392.0,0.0232,1.0,0.02321,3402.0
1753600334943,07:12:14.943,blofin,ACH/USDT:USDT,0.02318,5612.0,0.02317,3392.0,0.02321,3403.0,0.02326,17543.0
1753600335696,07:12:15.696,blofin,ACH/USDT:USDT,0.02318,5612.0,0.02317,6583.0,0.02321,3405.0,0.02326,17543.0
1753600336441,07:12:16.441,blofin,ACH/USDT:USDT,0.02318,5196.0,0.02316,15031.0,0.0232,4778.0,0.02321,2.0
1753600336942,07:12:16.942,blofin,ACH/USDT:USDT,0.02318,5196.0,0.02317,55895.0,0.0232,4778.0,0.02321,2.0
1753600337945,07:12:17.945,blofin,ACH/USDT:USDT,0.02318,5196.0,0.02316,12891.0,0.0232,4779.0,0.02321,2.0
1753600338698,07:12:18.698,blofin,ACH/USDT:USDT,0.02318,5044.0,0.02314,39840.0,0.0232,3.0,0.02321,4930.0
1753600339448,07:12:19.448,blofin,ACH/USDT:USDT,0.02318,5046.0,0.02314,42901.0,0.0232,3.0,0.02321,4930.0
1753600339947,07:12:19.947,blofin,ACH/USDT:USDT,0.02318,5045.0,0.02314,42901.0,0.0232,4947.0,0.02321,2.0
1753600340701,07:12:20.701,blofin,ACH/USDT:USDT,0.02318,5043.0,0.02317,5699.0,0.0232,4949.0,0.02321,2.0
1753600340951,07:12:20.951,blofin,ACH/USDT:USDT,0.02318,5083.0,0.02317,129163.0,0.0232,4948.0,0.02321,2.0
1753600341953,07:12:21.953,blofin,ACH/USDT:USDT,0.02318,5651.0,0.02317,5699.0,0.0232,4797.0,0.02321,2.0
1753600342702,07:12:22.702,blofin,ACH/USDT:USDT,0.02318,5083.0,0.02317,6084.0,0.0232,4949.0,0.02321,74057.0
1753600342957,07:12:22.957,blofin,ACH/USDT:USDT,0.02318,5083.0,0.02315,11576.0,0.0232,4949.0,0.02321,74057.0
1753600344705,07:12:24.705,blofin,ACH/USDT:USDT,0.02318,1390.0,0.02315,13245.0,0.0232,5369.0,0.02321,2.0
1753600345460,07:12:25.460,blofin,ACH/USDT:USDT,0.02318,1389.0,0.02315,13245.0,0.0232,5372.0,0.02321,2.0
1753600345961,07:12:25.961,blofin,ACH/USDT:USDT,0.02318,1387.0,0.02317,2290.0,0.0232,5371.0,0.02321,2.0
1753600346706,07:12:26.706,blofin,ACH/USDT:USDT,0.02318,5355.0,0.02317,2290.0,0.0232,2699.0,0.02321,2.0
1753600347462,07:12:27.462,blofin,ACH/USDT:USDT,0.02318,5355.0,0.02317,2290.0,0.0232,2701.0,0.02321,2.0
1753600347963,07:12:27.963,blofin,ACH/USDT:USDT,0.02318,5203.0,0.02317,2290.0,0.0232,2853.0,0.02321,2.0
1753600348707,07:12:28.707,blofin,ACH/USDT:USDT,0.02318,5203.0,0.02317,44132.0,0.0232,4613.0,0.02321,83010.0
1753600349465,07:12:29.465,blofin,ACH/USDT:USDT,0.02318,5202.0,0.02317,44132.0,0.0232,4613.0,0.02321,83010.0
1753600349966,07:12:29.966,blofin,ACH/USDT:USDT,0.02318,5206.0,0.02317,94130.0,0.0232,4613.0,0.02321,74218.0
1753600350711,07:12:30.711,blofin,ACH/USDT:USDT,0.02318,5204.0,0.02317,94130.0,0.0232,4611.0,0.02321,74218.0
1753600351469,07:12:31.469,blofin,ACH/USDT:USDT,0.02318,5203.0,0.02317,70806.0,0.0232,4610.0,0.02321,2.0
1753600351969,07:12:31.969,blofin,ACH/USDT:USDT,0.02318,5203.0,0.02315,39486.0,0.0232,4610.0,0.02321,2.0
1753600352971,07:12:32.971,blofin,ACH/USDT:USDT,0.02318,5204.0,0.02317,142484.0,0.0232,4610.0,0.02321,2.0
1753600353712,07:12:33.712,blofin,ACH/USDT:USDT,0.02318,7370.0,0.02314,46255.0,0.0232,2.0,0.02321,2690.0
1753600354473,07:12:34.473,blofin,ACH/USDT:USDT,0.02318,7371.0,0.02314,46255.0,0.0232,2.0,0.02321,2690.0
1753600354974,07:12:34.974,blofin,ACH/USDT:USDT,0.02318,5355.0,0.02317,145725.0,0.0232,2690.0,0.02321,2.0
1753600355715,07:12:35.715,blofin,ACH/USDT:USDT,0.02318,5358.0,0.02317,145725.0,0.0232,2689.0,0.02321,2.0
1753600356478,07:12:36.478,blofin,ACH/USDT:USDT,0.02318,6.0,0.02317,896.0,0.02319,436.0,0.02321,2.0
1753600356977,07:12:36.977,blofin,ACH/USDT:USDT,0.02318,1.0,0.02317,6148.0,0.02319,868.0,0.02321,2.0
1753600357717,07:12:37.717,blofin,ACH/USDT:USDT,0.02318,1.0,0.02317,6148.0,0.02319,1388.0,0.02321,78332.0
1753600358718,07:12:38.718,blofin,ACH/USDT:USDT,0.02318,1.0,0.02317,6147.0,0.02319,1388.0,0.02321,2.0
1753600359482,07:12:39.482,blofin,ACH/USDT:USDT,0.02318,1.0,0.02317,6147.0,0.02319,1385.0,0.02321,2.0
1753600359984,07:12:39.984,blofin,ACH/USDT:USDT,0.02318,1.0,0.02317,5995.0,0.02319,1385.0,0.02321,2.0
1753600360735,07:12:40.735,blofin,ACH/USDT:USDT,0.02318,1.0,0.02317,5995.0,0.02319,1385.0,0.02321,2.0
1753600361487,07:12:41.487,blofin,ACH/USDT:USDT,0.02317,6149.0,0.02315,157668.0,0.02319,3.0,0.0232,1384.0
1753600361988,07:12:41.988,blofin,ACH/USDT:USDT,0.02317,6253.0,0.02315,8940.0,0.02319,1.0,0.0232,1980.0
1753600362721,07:12:42.721,blofin,ACH/USDT:USDT,0.02317,6261.0,0.02316,34371.0,0.02319,1977.0,0.0232,4.0
1753600363490,07:12:43.490,blofin,ACH/USDT:USDT,0.02317,6263.0,0.02316,34371.0,0.02319,1978.0,0.02324,92441.0
1753600363990,07:12:43.990,blofin,ACH/USDT:USDT,0.02317,6263.0,0.02315,8940.0,0.02319,1979.0,0.0232,33606.0
1753600364724,07:12:44.724,blofin,ACH/USDT:USDT,0.02317,5695.0,0.02315,96848.0,0.02319,3.0,0.0232,2976.0
1753600365493,07:12:45.493,blofin,ACH/USDT:USDT,0.02317,5695.0,0.02315,96848.0,0.02319,1.0,0.0232,2977.0
1753600365994,07:12:45.994,blofin,ACH/USDT:USDT,0.02317,6263.0,0.02316,39420.0,0.02319,2979.0,0.02323,59534.0
1753600366995,07:12:46.995,blofin,ACH/USDT:USDT,0.02317,5695.0,0.02315,8940.0,0.02319,2978.0,0.02321,40302.0
1753600367728,07:12:47.728,blofin,ACH/USDT:USDT,0.02317,5702.0,0.02315,8940.0,0.02319,2.0,0.0232,2960.0
1753600367996,07:12:47.996,blofin,ACH/USDT:USDT,0.02317,5702.0,0.02315,8940.0,0.02319,1.0,0.0232,2962.0
1753600368998,07:12:48.998,blofin,ACH/USDT:USDT,0.02317,2790.0,0.02315,27988.0,0.02319,1.0,0.0232,4789.0
1753600369728,07:12:49.728,blofin,ACH/USDT:USDT,0.02317,2814.0,0.02315,31150.0,0.02319,4785.0,0.0232,5.0
1753600370002,07:12:50.002,blofin,ACH/USDT:USDT,0.02317,2813.0,0.02315,31150.0,0.02319,4785.0,0.0232,5.0
1753600371003,07:12:51.003,blofin,ACH/USDT:USDT,0.02317,2030.0,0.02316,7490.0,0.02319,4787.0,0.02323,49388.0
1753600371502,07:12:51.502,blofin,ACH/USDT:USDT,0.02317,2030.0,0.02316,7490.0,0.02319,4787.0,0.02323,49388.0
1753600372004,07:12:52.004,blofin,ACH/USDT:USDT,0.02317,2030.0,0.02316,69219.0,0.02319,4787.0,0.02322,35509.0
1753600372731,07:12:52.731,blofin,ACH/USDT:USDT,0.02317,2110.0,0.02316,7490.0,0.02319,4786.0,0.02321,4803.0
1753600373506,07:12:53.506,blofin,ACH/USDT:USDT,0.02317,2107.0,0.02316,7891.0,0.02319,4786.0,0.02321,4803.0
1753600374007,07:12:54.007,blofin,ACH/USDT:USDT,0.02317,2099.0,0.02315,132890.0,0.02319,4786.0,0.02321,93724.0
1753600374508,07:12:54.508,blofin,ACH/USDT:USDT,0.02317,2101.0,0.02315,132890.0,0.02319,4786.0,0.02321,93724.0
1753600375008,07:12:55.008,blofin,ACH/USDT:USDT,0.02317,2101.0,0.02315,19400.0,0.02319,4789.0,0.0232,158752.0
1753600376011,07:12:56.011,blofin,ACH/USDT:USDT,0.02317,1125.0,0.02315,12925.0,0.02319,5357.0,0.02323,15990.0
1753600376511,07:12:56.511,blofin,ACH/USDT:USDT,0.02317,1126.0,0.02315,12925.0,0.02319,5357.0,0.02323,15990.0
1753600377013,07:12:57.013,blofin,ACH/USDT:USDT,0.02317,1126.0,0.02315,8940.0,0.02319,5357.0,0.02324,25576.0
1753600377736,07:12:57.736,blofin,ACH/USDT:USDT,0.02317,1126.0,0.02316,45648.0,0.02319,5358.0,0.02322,14289.0
1753600378015,07:12:58.015,blofin,ACH/USDT:USDT,0.02317,1126.0,0.02316,45648.0,0.02319,5358.0,0.02322,14289.0
1753600378737,07:12:58.737,blofin,ACH/USDT:USDT,0.02317,1126.0,0.02315,19111.0,0.02319,5358.0,0.02323,93248.0
1753600379519,07:12:59.519,blofin,ACH/USDT:USDT,0.02317,1127.0,0.02315,19111.0,0.02319,5358.0,0.02323,93248.0
1753600380017,07:13:00.017,blofin,ACH/USDT:USDT,0.02317,1127.0,0.02316,59313.0,0.02319,4942.0,0.02321,190593.0
1753600380741,07:13:00.741,blofin,ACH/USDT:USDT,0.02317,1123.0,0.02316,50085.0,0.02319,4940.0,0.02321,190593.0
1753600381018,07:13:01.018,blofin,ACH/USDT:USDT,0.02317,1147.0,0.02315,12815.0,0.02319,4940.0,0.02323,137798.0
1753600382019,07:13:02.019,blofin,ACH/USDT:USDT,0.02317,5555.0,0.02315,8940.0,0.02319,4.0,0.0232,1976.0
1753600382526,07:13:02.526,blofin,ACH/USDT:USDT,0.02317,5555.0,0.02315,8940.0,0.02319,1.0,0.0232,1978.0
1753600383023,07:13:03.023,blofin,ACH/USDT:USDT,0.02317,5139.0,0.02316,49304.0,0.02319,1978.0,0.02321,64892.0
1753600383743,07:13:03.743,blofin,ACH/USDT:USDT,0.02317,2299.0,0.02315,8940.0,0.02319,5042.0,0.02324,152756.0
1753600385027,07:13:05.027,blofin,ACH/USDT:USDT,0.02317,4951.0,0.02315,152384.0,0.02319,1978.0,0.02324,143702.0
1753600385745,07:13:05.745,blofin,ACH/USDT:USDT,0.02317,4947.0,0.02315,154386.0,0.02319,1980.0,0.02324,143702.0
1753600386027,07:13:06.027,blofin,ACH/USDT:USDT,0.02317,4795.0,0.02316,91399.0,0.02319,1.0,0.0232,2132.0
1753600387029,07:13:07.029,blofin,ACH/USDT:USDT,0.02317,4830.0,0.02316,10929.0,0.02319,3513.0,0.0232,4.0
1753600387531,07:13:07.531,blofin,ACH/USDT:USDT,0.02317,4830.0,0.02316,10929.0,0.02319,3513.0,0.0232,4.0
1753600388031,07:13:08.031,blofin,ACH/USDT:USDT,0.02317,4830.0,0.02315,10942.0,0.02319,3513.0,0.0232,4.0
1753600388751,07:13:08.751,blofin,ACH/USDT:USDT,0.02317,4830.0,0.02316,5420.0,0.02319,3513.0,0.0232,4.0
1753600389034,07:13:09.034,blofin,ACH/USDT:USDT,0.02317,4828.0,0.02316,5420.0,0.02319,3513.0,0.0232,4.0
1753600390034,07:13:10.034,blofin,ACH/USDT:USDT,0.02317,4830.0,0.02316,5420.0,0.02319,3513.0,0.0232,133445.0
1753600391036,07:13:11.036,blofin,ACH/USDT:USDT,0.02317,4829.0,0.02316,15845.0,0.02319,3101.0,0.02321,38702.0
1753600391751,07:13:11.751,blofin,ACH/USDT:USDT,0.02317,4829.0,0.02316,15845.0,0.02319,2134.0,0.02321,45500.0
1753600393039,07:13:13.039,blofin,ACH/USDT:USDT,0.02317,5397.0,0.02316,15845.0,0.02319,227.0,0.02324,202206.0
1753600393754,07:13:13.754,blofin,ACH/USDT:USDT,0.02317,5399.0,0.02316,15845.0,0.02319,227.0,0.02324,204818.0
1753600394043,07:13:14.043,blofin,ACH/USDT:USDT,0.02317,5396.0,0.02316,15845.0,0.02319,227.0,0.02324,204818.0
1753600395042,07:13:15.042,blofin,ACH/USDT:USDT,0.02317,5244.0,0.02316,15845.0,0.02319,3.0,0.0232,1104.0
1753600395755,07:13:15.755,blofin,ACH/USDT:USDT,0.02317,5246.0,0.02316,15845.0,0.02319,2.0,0.0232,1109.0
1753600396046,07:13:16.046,blofin,ACH/USDT:USDT,0.02317,5398.0,0.02316,15845.0,0.02319,2.0,0.0232,217.0
1753600397048,07:13:17.048,blofin,ACH/USDT:USDT,0.02317,5398.0,0.02316,15845.0,0.02319,2.0,0.0232,217.0
1753600398051,07:13:18.051,blofin,ACH/USDT:USDT,0.02317,5390.0,0.02316,15845.0,0.02319,218.0,0.0232,1.0
1753600398760,07:13:18.760,blofin,ACH/USDT:USDT,0.02317,5406.0,0.02316,15845.0,0.02319,1319.0,0.02322,148891.0
1753600399053,07:13:19.053,blofin,ACH/USDT:USDT,0.02317,5403.0,0.02316,15845.0,0.02319,1319.0,0.02322,148891.0
1753600400054,07:13:20.054,blofin,ACH/USDT:USDT,0.02317,2151.0,0.02316,30569.0,0.02319,4911.0,0.02321,61672.0
1753600400758,07:13:20.758,blofin,ACH/USDT:USDT,0.02317,2150.0,0.02316,22676.0,0.02319,4908.0,0.02321,61672.0
1753600401057,07:13:21.057,blofin,ACH/USDT:USDT,0.02317,1190.0,0.02316,15845.0,0.02319,4494.0,0.0232,163094.0
1753600402057,07:13:22.057,blofin,ACH/USDT:USDT,0.02317,1188.0,0.02316,15845.0,0.02319,4022.0,0.0232,145050.0
1753600402560,07:13:22.560,blofin,ACH/USDT:USDT,0.02317,1191.0,0.02316,15845.0,0.02319,4022.0,0.0232,145050.0
1753600403061,07:13:23.061,blofin,ACH/USDT:USDT,0.02317,1191.0,0.02316,15845.0,0.02319,4020.0,0.02323,186059.0
1753600403760,07:13:23.760,blofin,ACH/USDT:USDT,0.02317,1183.0,0.02316,15845.0,0.02319,4020.0,0.02321,85105.0
1753600404564,07:13:24.564,blofin,ACH/USDT:USDT,0.02317,1183.0,0.02316,15845.0,0.02319,4020.0,0.02321,85105.0
1753600405065,07:13:25.065,blofin,ACH/USDT:USDT,0.02317,5515.0,0.02316,15845.0,0.02319,1828.0,0.0232,115615.0
1753600405762,07:13:25.762,blofin,ACH/USDT:USDT,0.02317,5516.0,0.02316,26839.0,0.02319,1831.0,0.0232,115615.0
1753600406068,07:13:26.068,blofin,ACH/USDT:USDT,0.02317,5101.0,0.02316,26839.0,0.02319,1983.0,0.02321,50331.0
1753600407070,07:13:27.070,blofin,ACH/USDT:USDT,0.02317,5517.0,0.02316,26839.0,0.02319,1182.0,0.02322,77813.0
1753600407571,07:13:27.571,blofin,ACH/USDT:USDT,0.02317,5518.0,0.02316,26839.0,0.02319,1182.0,0.02322,77813.0
1753600408071,07:13:28.071,blofin,ACH/USDT:USDT,0.02317,5518.0,0.02316,26839.0,0.02319,1180.0,0.02323,3908.0
1753600408763,07:13:28.763,blofin,ACH/USDT:USDT,0.02317,5518.0,0.02316,77131.0,0.02319,220.0,0.02323,7889.0
1753600409076,07:13:29.076,blofin,ACH/USDT:USDT,0.02317,5515.0,0.02316,77131.0,0.02319,220.0,0.02323,7889.0
1753600409764,07:13:29.764,blofin,ACH/USDT:USDT,0.02317,5099.0,0.02316,15845.0,0.02319,454.0,0.02321,156046.0
1753600410076,07:13:30.076,blofin,ACH/USDT:USDT,0.02317,5099.0,0.02316,15845.0,0.02319,455.0,0.02321,156046.0
1753600410767,07:13:30.767,blofin,ACH/USDT:USDT,0.02317,5101.0,0.02316,15845.0,0.02319,454.0,0.02321,156046.0
1753600411077,07:13:31.077,blofin,ACH/USDT:USDT,0.02317,5517.0,0.02316,15845.0,0.02319,220.0,0.02321,158942.0
1753600411767,07:13:31.767,blofin,ACH/USDT:USDT,0.02317,5485.0,0.02316,15845.0,0.02319,451.0,0.02322,115741.0
1753600412580,07:13:32.580,blofin,ACH/USDT:USDT,0.02317,5485.0,0.02316,15845.0,0.02319,451.0,0.02322,115741.0
1753600413080,07:13:33.080,blofin,ACH/USDT:USDT,0.02317,5486.0,0.02316,15845.0,0.02319,3.0,0.0232,216.0
1753600414088,07:13:34.088,blofin,ACH/USDT:USDT,0.02317,5483.0,0.02316,15845.0,0.02319,435.0,0.02323,57195.0
1753600414771,07:13:34.771,blofin,ACH/USDT:USDT,0.02317,5395.0,0.02316,15845.0,0.02319,436.0,0.02324,134935.0
1753600415589,07:13:35.589,blofin,ACH/USDT:USDT,0.02317,5395.0,0.02316,15845.0,0.02319,435.0,0.02324,134935.0
1753600416091,07:13:36.091,blofin,ACH/USDT:USDT,0.02317,5399.0,0.02316,160556.0,0.02319,439.0,0.02323,93044.0
1753600417093,07:13:37.093,blofin,ACH/USDT:USDT,0.02317,4979.0,0.02316,15845.0,0.02319,439.0,0.0232,162758.0
1753600417772,07:13:37.772,blofin,ACH/USDT:USDT,0.02317,4979.0,0.02316,86490.0,0.02319,437.0,0.02323,177945.0
1753600418093,07:13:38.093,blofin,ACH/USDT:USDT,0.02317,4980.0,0.02316,86490.0,0.02319,437.0,0.02323,177945.0
1753600419097,07:13:39.097,blofin,ACH/USDT:USDT,0.02317,4981.0,0.02316,15845.0,0.02319,435.0,0.02324,87277.0
1753600419773,07:13:39.773,blofin,ACH/USDT:USDT,0.02317,4981.0,0.02316,145620.0,0.02319,435.0,0.02324,188191.0
1753600420597,07:13:40.597,blofin,ACH/USDT:USDT,0.02317,4981.0,0.02316,145620.0,0.02319,435.0,0.02324,188191.0
1753600421099,07:13:41.099,blofin,ACH/USDT:USDT,0.02317,4980.0,0.02316,2313.0,0.02319,441.0,0.0232,7746.0
1753600421776,07:13:41.776,blofin,ACH/USDT:USDT,0.02317,5397.0,0.02316,2313.0,0.02319,9.0,0.0232,432.0
1753600422603,07:13:42.603,blofin,ACH/USDT:USDT,0.02317,5397.0,0.02316,3060.0,0.02319,4.0,0.0232,434.0
1753600423103,07:13:43.103,blofin,ACH/USDT:USDT,0.02318,3816.0,0.02317,5.0,0.02319,4.0,0.0232,5594.0
1753600424105,07:13:44.105,blofin,ACH/USDT:USDT,0.02318,3555.0,0.02317,3219.0,0.02319,4.0,0.0232,4282.0
1753600425107,07:13:45.107,blofin,ACH/USDT:USDT,0.02318,6211.0,0.02317,159574.0,0.02319,4.0,0.0232,3866.0
1753600426112,07:13:46.112,blofin,ACH/USDT:USDT,0.02318,3555.0,0.02317,1.0,0.02319,4.0,0.0232,3867.0
1753600426781,07:13:46.781,blofin,ACH/USDT:USDT,0.02318,3971.0,0.02317,1.0,0.02319,4.0,0.0232,3867.0
1753600427611,07:13:47.611,blofin,ACH/USDT:USDT,0.02318,3971.0,0.02317,1.0,0.02319,4.0,0.0232,3869.0
1753600428113,07:13:48.113,blofin,ACH/USDT:USDT,0.02318,2267.0,0.02317,1.0,0.02319,4.0,0.02321,5821.0
1753600428781,07:13:48.781,blofin,ACH/USDT:USDT,0.02318,2267.0,0.02317,15041.0,0.02319,4.0,0.0232,5816.0
1753600429617,07:13:49.617,blofin,ACH/USDT:USDT,0.02318,2267.0,0.02317,15041.0,0.02319,4.0,0.0232,5820.0
1753600430117,07:13:50.117,blofin,ACH/USDT:USDT,0.02318,2267.0,0.02317,17410.0,0.02319,4.0,0.0232,5820.0
1753600431117,07:13:51.117,blofin,ACH/USDT:USDT,0.02318,2266.0,0.02317,1.0,0.02319,4.0,0.0232,5817.0
1753600431785,07:13:51.785,blofin,ACH/USDT:USDT,0.02318,2362.0,0.02317,1.0,0.02319,4.0,0.0232,5817.0
1753600433122,07:13:53.122,blofin,ACH/USDT:USDT,0.02318,2362.0,0.02317,9683.0,0.02319,4.0,0.0232,5817.0
1753600433785,07:13:53.785,blofin,ACH/USDT:USDT,0.02318,2442.0,0.02317,1.0,0.02319,4.0,0.0232,5817.0
1753600434124,07:13:54.124,blofin,ACH/USDT:USDT,0.02318,2442.0,0.02317,1.0,0.02319,4.0,0.0232,5817.0
1753600435133,07:13:55.133,blofin,ACH/USDT:USDT,0.02318,2441.0,0.02317,1.0,0.02319,4.0,0.0232,5817.0
1753600435788,07:13:55.788,blofin,ACH/USDT:USDT,0.02318,2443.0,0.02317,1.0,0.02319,4.0,0.0232,5821.0
1753600436130,07:13:56.130,blofin,ACH/USDT:USDT,0.02318,2443.0,0.02317,1.0,0.02319,4.0,0.0232,5821.0
1753600437135,07:13:57.135,blofin,ACH/USDT:USDT,0.02318,2445.0,0.02317,1.0,0.02319,4.0,0.0232,5818.0
1753600437788,07:13:57.788,blofin,ACH/USDT:USDT,0.02318,2445.0,0.02317,1.0,0.02319,4.0,0.0232,5819.0
1753600438134,07:13:58.134,blofin,ACH/USDT:USDT,0.02318,2445.0,0.02317,1.0,0.02319,4.0,0.0232,5820.0
1753600439135,07:13:59.135,blofin,ACH/USDT:USDT,0.02318,2469.0,0.02317,1.0,0.02319,4.0,0.0232,5821.0
1753600439789,07:13:59.789,blofin,ACH/USDT:USDT,0.02318,2469.0,0.02317,1.0,0.02319,4.0,0.0232,5820.0
1753600440640,07:14:00.640,blofin,ACH/USDT:USDT,0.02318,2469.0,0.02317,1.0,0.02319,4.0,0.0232,5818.0
1753600441140,07:14:01.140,blofin,ACH/USDT:USDT,0.02318,3091.0,0.02317,1433.0,0.02319,4.0,0.0232,5250.0
1753600441794,07:14:01.794,blofin,ACH/USDT:USDT,0.02318,2523.0,0.02317,1.0,0.02319,4.0,0.0232,5250.0
1753600443143,07:14:03.143,blofin,ACH/USDT:USDT,0.02318,4195.0,0.02317,1.0,0.02319,4.0,0.0232,4433.0
1753600443792,07:14:03.792,blofin,ACH/USDT:USDT,0.02318,4197.0,0.02317,1.0,0.02319,4.0,0.0232,4433.0
1753600444796,07:14:04.796,blofin,ACH/USDT:USDT,0.02318,4197.0,0.02317,1.0,0.02319,4.0,0.0232,4434.0
1753600446148,07:14:06.148,blofin,ACH/USDT:USDT,0.02318,4196.0,0.02317,31379.0,0.02319,4.0,0.0232,4434.0
1753600446795,07:14:06.795,blofin,ACH/USDT:USDT,0.02318,4196.0,0.02317,1.0,0.02319,4.0,0.0232,2.0
1753600447151,07:14:07.151,blofin,ACH/USDT:USDT,0.02318,4196.0,0.02317,1.0,0.02319,4.0,0.02321,4435.0
1753600448152,07:14:08.152,blofin,ACH/USDT:USDT,0.02318,1997.0,0.02317,1.0,0.02319,4.0,0.02321,6915.0
1753600448796,07:14:08.796,blofin,ACH/USDT:USDT,0.02317,915.0,0.02316,13054.0,0.02319,6100.0,0.02321,16210.0
1753600449653,07:14:09.653,blofin,ACH/USDT:USDT,0.02317,914.0,0.02316,13054.0,0.02319,6105.0,0.02321,16207.0
1753600450154,07:14:10.154,blofin,ACH/USDT:USDT,0.02317,914.0,0.02316,13054.0,0.02319,4.0,0.0232,6116.0
1753600450812,07:14:10.812,blofin,ACH/USDT:USDT,0.02317,914.0,0.02316,28674.0,0.0232,6117.0,0.02325,22547.0
1753600451656,07:14:11.656,blofin,ACH/USDT:USDT,0.02317,11.0,0.02316,28674.0,0.0232,6114.0,0.02325,137951.0
1753600452157,07:14:12.157,blofin,ACH/USDT:USDT,0.02317,11.0,0.02316,150960.0,0.02319,6112.0,0.0232,2.0
1753600452799,07:14:12.799,blofin,ACH/USDT:USDT,0.02317,11.0,0.02316,28674.0,0.02319,6112.0,0.0232,123669.0
1753600453161,07:14:13.161,blofin,ACH/USDT:USDT,0.02317,11.0,0.02316,28674.0,0.02319,6115.0,0.0232,123668.0
1753600454161,07:14:14.161,blofin,ACH/USDT:USDT,0.02317,10.0,0.02316,94531.0,0.02319,6116.0,0.0232,1.0
1753600454801,07:14:14.801,blofin,ACH/USDT:USDT,0.02317,10.0,0.02316,70292.0,0.02319,6113.0,0.0232,138159.0
1753600455665,07:14:15.665,blofin,ACH/USDT:USDT,0.02317,10.0,0.02316,70292.0,0.02319,6113.0,0.0232,138159.0
1753600456155,07:14:16.155,blofin,ACH/USDT:USDT,0.02317,4.0,0.02316,29554.0,0.02318,3864.0,0.02319,1.0
1753600456803,07:14:16.803,blofin,ACH/USDT:USDT,0.02317,1.0,0.02316,30971.0,0.02318,3835.0,0.0232,1.0
1753600457667,07:14:17.667,blofin,ACH/USDT:USDT,0.02317,1.0,0.02316,30971.0,0.02318,3834.0,0.0232,1.0
1753600458169,07:14:18.169,blofin,ACH/USDT:USDT,0.02317,1.0,0.02316,30971.0,0.02318,5682.0,0.0232,11283.0
1753600458804,07:14:18.804,blofin,ACH/USDT:USDT,0.02317,1.0,0.02316,30971.0,0.02318,4250.0,0.0232,1.0
1753600459174,07:14:19.174,blofin,ACH/USDT:USDT,0.02317,1.0,0.02316,30973.0,0.02318,4250.0,0.0232,1.0
1753600459804,07:14:19.804,blofin,ACH/USDT:USDT,0.02317,1.0,0.02316,30101.0,0.02318,4.0,0.02319,5704.0
1753600460171,07:14:20.171,blofin,ACH/USDT:USDT,0.02317,1.0,0.02316,30100.0,0.02318,4.0,0.02319,5704.0
1753600460807,07:14:20.807,blofin,ACH/USDT:USDT,0.02317,1.0,0.02316,30100.0,0.02319,5708.0,0.0232,1.0
1753600461173,07:14:21.173,blofin,ACH/USDT:USDT,0.02317,1.0,0.02316,30124.0,0.02318,5752.0,0.02319,4.0
1753600462174,07:14:22.174,blofin,ACH/USDT:USDT,0.02317,1.0,0.02316,30997.0,0.02318,7288.0,0.02319,37180.0
1753600462807,07:14:22.807,blofin,ACH/USDT:USDT,0.02317,1.0,0.02316,35299.0,0.02318,4704.0,0.02319,155081.0
1753600463174,07:14:23.174,blofin,ACH/USDT:USDT,0.02317,1.0,0.02316,35299.0,0.02318,4707.0,0.02319,155077.0
1753600463809,07:14:23.809,blofin,ACH/USDT:USDT,0.02317,1.0,0.02316,35371.0,0.02318,2473.0,0.02319,34607.0
1753600465178,07:14:25.178,blofin,ACH/USDT:USDT,0.02317,1.0,0.02316,35372.0,0.02318,1.0,0.02319,2472.0
1753600465812,07:14:25.812,blofin,ACH/USDT:USDT,0.02317,1.0,0.02316,35374.0,0.02319,2477.0,0.0232,1.0
1753600466680,07:14:26.680,blofin,ACH/USDT:USDT,0.02317,1.0,0.02316,35411.0,0.02318,2475.0,0.0232,1.0
1753600467182,07:14:27.182,blofin,ACH/USDT:USDT,0.02317,1.0,0.02316,35413.0,0.02318,2475.0,0.0232,1.0
1753600468184,07:14:28.184,blofin,ACH/USDT:USDT,0.02317,1.0,0.02316,30237.0,0.02318,5421.0,0.0232,1.0
1753600468816,07:14:28.816,blofin,ACH/USDT:USDT,0.02317,1.0,0.02316,30236.0,0.02318,5005.0,0.02319,50579.0
1753600469189,07:14:29.189,blofin,ACH/USDT:USDT,0.02317,1.0,0.02316,30236.0,0.02318,5001.0,0.02319,50579.0
1753600470190,07:14:30.190,blofin,ACH/USDT:USDT,0.02317,1.0,0.02316,31116.0,0.02318,4851.0,0.02319,40463.0
1753600470689,07:14:30.689,blofin,ACH/USDT:USDT,0.02317,1.0,0.02316,31116.0,0.02318,4852.0,0.02319,40463.0
1753600471189,07:14:31.189,blofin,ACH/USDT:USDT,0.02317,1.0,0.02316,31119.0,0.02318,5161.0,0.0232,1.0
1753600472193,07:14:32.193,blofin,ACH/USDT:USDT,0.02317,1.0,0.02316,31116.0,0.02318,5161.0,0.0232,1.0
1753600472818,07:14:32.818,blofin,ACH/USDT:USDT,0.02317,1.0,0.02316,31116.0,0.02318,5161.0,0.02319,32561.0
1753600473193,07:14:33.193,blofin,ACH/USDT:USDT,0.02317,1.0,0.02316,31116.0,0.02318,5161.0,0.02319,32561.0
1753600474193,07:14:34.193,blofin,ACH/USDT:USDT,0.02317,1.0,0.02316,30236.0,0.02318,5161.0,0.0232,1.0
1753600474818,07:14:34.818,blofin,ACH/USDT:USDT,0.02317,1.0,0.02316,31115.0,0.02318,5161.0,0.0232,1.0
1753600475820,07:14:35.820,blofin,ACH/USDT:USDT,0.02317,1.0,0.02316,31117.0,0.02318,5161.0,0.0232,1.0
1753600476197,07:14:36.197,blofin,ACH/USDT:USDT,0.02317,1.0,0.02316,31117.0,0.02318,5161.0,0.0232,1.0
1753600477199,07:14:37.199,blofin,ACH/USDT:USDT,0.02317,1.0,0.02316,31117.0,0.02318,5161.0,0.0232,1.0
1753600477820,07:14:37.820,blofin,ACH/USDT:USDT,0.02317,1.0,0.02316,31117.0,0.02318,5161.0,0.02319,28336.0
1753600478200,07:14:38.200,blofin,ACH/USDT:USDT,0.02317,1.0,0.02316,31117.0,0.02318,5161.0,0.02319,28336.0
1753600479201,07:14:39.201,blofin,ACH/USDT:USDT,0.02317,1.0,0.02316,31117.0,0.02318,5161.0,0.0232,121489.0
1753600479823,07:14:39.823,blofin,ACH/USDT:USDT,0.02317,1.0,0.02316,32205.0,0.02318,4597.0,0.0232,1.0
1753600480203,07:14:40.203,blofin,ACH/USDT:USDT,0.02317,1.0,0.02316,32203.0,0.02318,4597.0,0.0232,1.0
1753600481206,07:14:41.206,blofin,ACH/USDT:USDT,0.02316,3354.0,0.02314,781.0,0.02318,1.0,0.02319,5204.0
1753600481825,07:14:41.825,blofin,ACH/USDT:USDT,0.02316,2314.0,0.02314,781.0,0.02318,5201.0,0.02319,153079.0
1753600482206,07:14:42.206,blofin,ACH/USDT:USDT,0.02316,2311.0,0.02314,781.0,0.02318,5201.0,0.02319,153079.0
1753600483208,07:14:43.208,blofin,ACH/USDT:USDT,0.02316,2312.0,0.02315,11061.0,0.02318,5169.0,0.02319,4.0
1753600483826,07:14:43.826,blofin,ACH/USDT:USDT,0.02316,8.0,0.02315,13173.0,0.02317,5450.0,0.02318,1.0
1753600484827,07:14:44.827,blofin,ACH/USDT:USDT,0.02316,5.0,0.02315,13175.0,0.02317,2.0,0.02318,6017.0
1753600485713,07:14:45.713,blofin,ACH/USDT:USDT,0.02316,5.0,0.02315,13175.0,0.02318,6021.0,0.0232,109777.0
1753600486214,07:14:46.214,blofin,ACH/USDT:USDT,0.02316,5.0,0.02315,2125.0,0.02317,6019.0,0.02318,1.0
1753600486829,07:14:46.829,blofin,ACH/USDT:USDT,0.02316,5.0,0.02315,3805.0,0.02317,2877.0,0.02318,1.0
1753600487829,07:14:47.829,blofin,ACH/USDT:USDT,0.02316,5.0,0.02315,4906.0,0.02317,1341.0,0.02318,1.0
1753600488218,07:14:48.218,blofin,ACH/USDT:USDT,0.02316,5.0,0.02315,4906.0,0.02317,1341.0,0.02318,1.0
1753600489220,07:14:49.220,blofin,ACH/USDT:USDT,0.02316,5.0,0.02315,4906.0,0.02317,1508.0,0.02318,83584.0
1753600489829,07:14:49.829,blofin,ACH/USDT:USDT,0.02316,5.0,0.02315,4922.0,0.02317,3331.0,0.02318,1.0
1753600490221,07:14:50.221,blofin,ACH/USDT:USDT,0.02316,5.0,0.02315,4922.0,0.02317,3331.0,0.02318,1.0
1753600491223,07:14:51.223,blofin,ACH/USDT:USDT,0.02316,5.0,0.02315,4921.0,0.02317,1923.0,0.02318,1.0
1753600491833,07:14:51.833,blofin,ACH/USDT:USDT,0.02316,5.0,0.02315,2281.0,0.02317,7683.0,0.02318,1.0
1753600492727,07:14:52.727,blofin,ACH/USDT:USDT,0.02316,5.0,0.02315,2283.0,0.02317,7684.0,0.02318,1.0
1753600493228,07:14:53.228,blofin,ACH/USDT:USDT,0.02316,5.0,0.02315,2283.0,0.02317,7682.0,0.02318,1.0
1753600493832,07:14:53.832,blofin,ACH/USDT:USDT,0.02316,5.0,0.02315,2283.0,0.02317,7266.0,0.02318,1.0
1753600494834,07:14:54.834,blofin,ACH/USDT:USDT,0.02316,5.0,0.02315,2325.0,0.02317,10722.0,0.02318,1.0
1753600495232,07:14:55.232,blofin,ACH/USDT:USDT,0.02316,5.0,0.02315,2325.0,0.02317,10722.0,0.02318,1.0
1753600496232,07:14:56.232,blofin,ACH/USDT:USDT,0.02316,5.0,0.02315,1221.0,0.02317,7844.0,0.02318,1.0
1753600496838,07:14:56.838,blofin,ACH/USDT:USDT,0.02316,5.0,0.02315,117.0,0.02317,4.0,0.02318,9449.0
1753600497838,07:14:57.838,blofin,ACH/USDT:USDT,0.02316,5.0,0.02315,121.0,0.02317,9452.0,0.02318,1.0
1753600498237,07:14:58.237,blofin,ACH/USDT:USDT,0.02316,5.0,0.02315,125.0,0.02317,9452.0,0.02318,1.0
1753600499241,07:14:59.241,blofin,ACH/USDT:USDT,0.02316,5.0,0.02315,1229.0,0.02318,7854.0,0.02319,15291.0
1753600499840,07:14:59.840,blofin,ACH/USDT:USDT,0.02316,5.0,0.02315,1225.0,0.02318,7854.0,0.02322,113249.0
1753600500843,07:15:00.843,blofin,ACH/USDT:USDT,0.02316,5.0,0.02315,1227.0,0.02318,7854.0,0.02322,113249.0
1753600501754,07:15:01.754,blofin,ACH/USDT:USDT,0.02316,5.0,0.02315,5603.0,0.02318,2254.0,0.0232,34329.0
1753600502245,07:15:02.245,blofin,ACH/USDT:USDT,0.02316,5.0,0.02315,5619.0,0.02317,2248.0,0.02318,6.0
1753600502846,07:15:02.846,blofin,ACH/USDT:USDT,0.02316,5.0,0.02315,355.0,0.02317,7685.0,0.02318,1.0
1753600503745,07:15:03.745,blofin,ACH/USDT:USDT,0.02316,5.0,0.02315,353.0,0.02317,7685.0,0.02318,1.0
1753600504247,07:15:04.247,blofin,ACH/USDT:USDT,0.02316,5.0,0.02315,357.0,0.02317,7685.0,0.02318,1.0
1753600505246,07:15:05.246,blofin,ACH/USDT:USDT,0.02316,5.0,0.02315,5493.0,0.02317,4.0,0.02318,249.0
1753600506250,07:15:06.250,blofin,ACH/USDT:USDT,0.02316,5.0,0.02315,5493.0,0.02317,32.0,0.02318,5.0
1753600507248,07:15:07.248,blofin,ACH/USDT:USDT,0.02316,5.0,0.02315,5837.0,0.02317,34.0,0.02318,1.0
1753600507849,07:15:07.849,blofin,ACH/USDT:USDT,0.02316,5.0,0.02315,5837.0,0.02317,33.0,0.02318,1.0
1753600508848,07:15:08.848,blofin,ACH/USDT:USDT,0.02316,5.0,0.02315,5835.0,0.02317,35.0,0.02318,1.0
1753600509849,07:15:09.849,blofin,ACH/USDT:USDT,0.02316,5.0,0.02315,5835.0,0.02317,267.0,0.02318,139400.0
1753600510255,07:15:10.255,blofin,ACH/USDT:USDT,0.02316,5.0,0.02315,5833.0,0.02317,267.0,0.02318,139400.0
1753600511259,07:15:11.259,blofin,ACH/USDT:USDT,0.02315,4899.0,0.02313,21415.0,0.02317,1142.0,0.02318,107013.0
1753600512258,07:15:12.258,blofin,ACH/USDT:USDT,0.02315,4883.0,0.02313,25974.0,0.02317,1622.0,0.02318,81077.0
1753600513259,07:15:13.259,blofin,ACH/USDT:USDT,0.02315,4899.0,0.02313,5891.0,0.02317,1734.0,0.02319,155841.0
1753600513852,07:15:13.852,blofin,ACH/USDT:USDT,0.02315,5493.0,0.02313,163679.0,0.02317,6.0,0.02318,1560.0
1753600514261,07:15:14.261,blofin,ACH/USDT:USDT,0.02315,5493.0,0.02313,163679.0,0.02317,5.0,0.02318,1563.0
1753600515264,07:15:15.264,blofin,ACH/USDT:USDT,0.02315,5493.0,0.02313,5891.0,0.02317,1565.0,0.02318,3.0
1753600515852,07:15:15.852,blofin,ACH/USDT:USDT,0.02315,5492.0,0.02314,6450.0,0.02317,1568.0,0.02319,23689.0
1753600516264,07:15:16.264,blofin,ACH/USDT:USDT,0.02315,5491.0,0.02314,189870.0,0.02317,1568.0,0.02319,23689.0
1753600517266,07:15:17.266,blofin,ACH/USDT:USDT,0.02315,5494.0,0.02314,6450.0,0.02317,384.0,0.02319,23689.0
1753600517854,07:15:17.854,blofin,ACH/USDT:USDT,0.02315,5510.0,0.02314,6450.0,0.02317,8.0,0.02318,376.0
1753600519268,07:15:19.268,blofin,ACH/USDT:USDT,0.02315,2893.0,0.02314,6450.0,0.02317,5.0,0.02318,3636.0
1753600520271,07:15:20.271,blofin,ACH/USDT:USDT,0.02315,5534.0,0.02314,6450.0,0.02317,1565.0,0.02318,2.0
1753600521273,07:15:21.273,blofin,ACH/USDT:USDT,0.02315,4939.0,0.02313,5891.0,0.02317,2150.0,0.02319,23689.0
1753600521857,07:15:21.857,blofin,ACH/USDT:USDT,0.02315,1283.0,0.02313,5891.0,0.02317,7911.0,0.02319,23689.0
1753600522274,07:15:22.274,blofin,ACH/USDT:USDT,0.02315,1283.0,0.02313,5891.0,0.02317,7914.0,0.02319,23689.0
1753600523275,07:15:23.275,blofin,ACH/USDT:USDT,0.02315,1283.0,0.02314,27685.0,0.02317,7911.0,0.02318,18421.0
1753600523857,07:15:23.857,blofin,ACH/USDT:USDT,0.02315,1286.0,0.02313,5891.0,0.02317,7911.0,0.02318,134900.0
1753600525780,07:15:25.780,blofin,ACH/USDT:USDT,0.02315,1286.0,0.02313,5891.0,0.02317,7910.0,0.02319,23689.0
1753600526280,07:15:26.280,blofin,ACH/USDT:USDT,0.02315,398.0,0.02313,5891.0,0.02317,7912.0,0.02319,23689.0
1753600527281,07:15:27.281,blofin,ACH/USDT:USDT,0.02315,197.0,0.02314,10033.0,0.02317,7911.0,0.02319,23689.0
1753600527782,07:15:27.782,blofin,ACH/USDT:USDT,0.02315,5.0,0.02314,1032.0,0.02316,7300.0,0.02317,5.0
1753600528284,07:15:28.284,blofin,ACH/USDT:USDT,0.02315,5.0,0.02314,1024.0,0.02316,7412.0,0.02317,5.0
1753600528859,07:15:28.859,blofin,ACH/USDT:USDT,0.02315,1.0,0.02314,1029.0,0.02316,5028.0,0.02317,5.0
1753600529859,07:15:29.859,blofin,ACH/USDT:USDT,0.02315,1.0,0.02314,1029.0,0.02316,5460.0,0.02317,5.0
1753600530287,07:15:30.287,blofin,ACH/USDT:USDT,0.02315,1.0,0.02314,1029.0,0.02316,5460.0,0.02317,5.0
1753600531289,07:15:31.289,blofin,ACH/USDT:USDT,0.02315,1.0,0.02314,1058.0,0.02317,5464.0,0.02318,3042.0
1753600531862,07:15:31.862,blofin,ACH/USDT:USDT,0.02315,1.0,0.02314,5722.0,0.02316,344.0,0.02317,7.0
1753600532289,07:15:32.289,blofin,ACH/USDT:USDT,0.02315,1.0,0.02314,5721.0,0.02316,344.0,0.02317,7.0
1753600533291,07:15:33.291,blofin,ACH/USDT:USDT,0.02315,1.0,0.02314,5722.0,0.02316,344.0,0.02317,7.0
1753600533861,07:15:33.861,blofin,ACH/USDT:USDT,0.02315,1.0,0.02314,5290.0,0.02316,348.0,0.02317,125170.0
1753600534292,07:15:34.292,blofin,ACH/USDT:USDT,0.02315,1.0,0.02314,5290.0,0.02316,347.0,0.02317,125170.0
1753600535296,07:15:35.296,blofin,ACH/USDT:USDT,0.02315,1.0,0.02314,5130.0,0.02317,4122.0,0.02319,23689.0
1753600535866,07:15:35.866,blofin,ACH/USDT:USDT,0.02315,1.0,0.02314,5132.0,0.02317,4121.0,0.02319,23689.0
1753600536866,07:15:36.866,blofin,ACH/USDT:USDT,0.02315,1.0,0.02314,5379.0,0.02316,2680.0,0.02317,9.0
1753600537865,07:15:37.865,blofin,ACH/USDT:USDT,0.02315,1.0,0.02314,5355.0,0.02316,2682.0,0.02317,78194.0
1753600538865,07:15:38.865,blofin,ACH/USDT:USDT,0.02315,1.0,0.02314,5515.0,0.02316,2250.0,0.02317,5.0
1753600539302,07:15:39.302,blofin,ACH/USDT:USDT,0.02315,1.0,0.02314,5515.0,0.02316,2251.0,0.02317,5.0
1753600539866,07:15:39.866,blofin,ACH/USDT:USDT,0.02315,1.0,0.02314,5355.0,0.02316,2683.0,0.02317,5.0
1753600540883,07:15:40.883,blofin,ACH/USDT:USDT,0.02314,5360.0,0.0231,104978.0,0.02316,2684.0,0.02318,143666.0
1753600541307,07:15:41.307,blofin,ACH/USDT:USDT,0.02314,485.0,0.02312,40912.0,0.02316,6796.0,0.02318,7555.0
1753600542308,07:15:42.308,blofin,ACH/USDT:USDT,0.02314,271.0,0.0231,179793.0,0.02316,4.0,0.02317,7008.0
1753600544310,07:15:44.310,blofin,ACH/USDT:USDT,0.02314,271.0,0.0231,21404.0,0.02316,10092.0,0.02321,54172.0
1753600544875,07:15:44.875,blofin,ACH/USDT:USDT,0.02314,273.0,0.0231,21404.0,0.02316,10092.0,0.02321,226253.0
1753600545314,07:15:45.314,blofin,ACH/USDT:USDT,0.02314,273.0,0.0231,21404.0,0.02316,10091.0,0.02321,226253.0
1753600546314,07:15:46.314,blofin,ACH/USDT:USDT,0.02314,270.0,0.02313,8497.0,0.02316,10092.0,0.0232,211244.0
1753600546874,07:15:46.874,blofin,ACH/USDT:USDT,0.02314,470.0,0.02313,8497.0,0.02316,10876.0,0.02318,98497.0
1753600548317,07:15:48.317,blofin,ACH/USDT:USDT,0.02314,470.0,0.02313,8497.0,0.02316,10876.0,0.0232,85282.0
1753600548875,07:15:48.875,blofin,ACH/USDT:USDT,0.02314,1366.0,0.02313,8497.0,0.02316,4.0,0.02317,8680.0
1753600549321,07:15:49.321,blofin,ACH/USDT:USDT,0.02314,1369.0,0.02313,8497.0,0.02316,4.0,0.02317,8680.0
1753600550322,07:15:50.322,blofin,ACH/USDT:USDT,0.02314,1369.0,0.02313,8497.0,0.02316,9276.0,0.0232,154566.0
1753600550877,07:15:50.877,blofin,ACH/USDT:USDT,0.02314,1367.0,0.02312,132536.0,0.02316,9276.0,0.0232,154566.0
1753600551323,07:15:51.323,blofin,ACH/USDT:USDT,0.02314,1367.0,0.02311,117436.0,0.02316,9276.0,0.02319,109166.0
1753600552326,07:15:52.326,blofin,ACH/USDT:USDT,0.02314,1369.0,0.0231,192662.0,0.02316,6.0,0.02317,9272.0
1753600552879,07:15:52.879,blofin,ACH/USDT:USDT,0.02314,1369.0,0.02312,11131.0,0.02316,9254.0,0.02319,58297.0
1753600553831,07:15:53.831,blofin,ACH/USDT:USDT,0.02314,1369.0,0.02312,11131.0,0.02316,9250.0,0.02319,58297.0
1753600555332,07:15:55.332,blofin,ACH/USDT:USDT,0.02314,5743.0,0.02312,11131.0,0.02316,4394.0,0.02317,51920.0
1753600555889,07:15:55.889,blofin,ACH/USDT:USDT,0.02314,5745.0,0.0231,58842.0,0.02316,4394.0,0.02317,51920.0
1753600556333,07:15:56.333,blofin,ACH/USDT:USDT,0.02314,5745.0,0.0231,147628.0,0.02316,1.0,0.02317,4394.0
1753600557336,07:15:57.336,blofin,ACH/USDT:USDT,0.02314,5745.0,0.0231,82989.0,0.02316,4409.0,0.02317,26280.0
1753600557836,07:15:57.836,blofin,ACH/USDT:USDT,0.02314,5743.0,0.0231,82989.0,0.02316,4409.0,0.02317,26280.0
1753600558336,07:15:58.336,blofin,ACH/USDT:USDT,0.02314,5743.0,0.0231,94132.0,0.02316,4196.0,0.0232,3222.0
1753600559337,07:15:59.337,blofin,ACH/USDT:USDT,0.02315,2736.0,0.02314,48558.0,0.02316,1.0,0.02317,8532.0
1753600559838,07:15:59.838,blofin,ACH/USDT:USDT,0.02315,2736.0,0.02314,48558.0,0.02316,1.0,0.02317,8532.0
1753600560338,07:16:00.338,blofin,ACH/USDT:USDT,0.02315,2736.0,0.02314,40929.0,0.02316,1.0,0.02317,4.0
1753600561340,07:16:01.340,blofin,ACH/USDT:USDT,0.02315,1529.0,0.02314,4.0,0.02316,1.0,0.02317,8528.0
1753600561841,07:16:01.841,blofin,ACH/USDT:USDT,0.02315,1529.0,0.02314,4.0,0.02316,1.0,0.02317,8528.0
1753600562842,07:16:02.842,blofin,ACH/USDT:USDT,0.02315,5505.0,0.02314,4.0,0.02316,1.0,0.02317,6413.0
1753600563344,07:16:03.344,blofin,ACH/USDT:USDT,0.02315,5505.0,0.02314,4.0,0.02316,1.0,0.02317,6411.0
1753600563844,07:16:03.844,blofin,ACH/USDT:USDT,0.02315,5507.0,0.02314,4.0,0.02316,1.0,0.02317,6411.0
1753600564846,07:16:04.846,blofin,ACH/USDT:USDT,0.02315,5507.0,0.02314,4.0,0.02316,1.0,0.02317,6491.0
1753600565349,07:16:05.349,blofin,ACH/USDT:USDT,0.02315,5507.0,0.02314,4.0,0.02316,1.0,0.02317,6492.0
1753600566349,07:16:06.349,blofin,ACH/USDT:USDT,0.02315,5348.0,0.02314,9955.0,0.02316,1.0,0.02317,6493.0
1753600567350,07:16:07.350,blofin,ACH/USDT:USDT,0.02315,5508.0,0.02314,4.0,0.02316,1.0,0.02317,5.0
1753600568353,07:16:08.353,blofin,ACH/USDT:USDT,0.02315,218.0,0.02314,4.0,0.02316,1.0,0.02317,9677.0
1753600568854,07:16:08.854,blofin,ACH/USDT:USDT,0.02315,218.0,0.02314,4.0,0.02316,1.0,0.02317,9677.0
1753600569354,07:16:09.354,blofin,ACH/USDT:USDT,0.02315,221.0,0.02314,4.0,0.02316,1.0,0.02317,9677.0
1753600570356,07:16:10.356,blofin,ACH/USDT:USDT,0.02315,221.0,0.02314,4.0,0.02316,1.0,0.02317,9677.0
1753600570907,07:16:10.907,blofin,ACH/USDT:USDT,0.02315,221.0,0.02311,21577.0,0.02317,9681.0,0.02322,141180.0
1753600571859,07:16:11.859,blofin,ACH/USDT:USDT,0.02315,222.0,0.02313,146093.0,0.02317,9681.0,0.02319,150362.0
1753600572359,07:16:12.359,blofin,ACH/USDT:USDT,0.02315,230.0,0.02313,9699.0,0.02317,4.0,0.02318,9675.0
1753600572859,07:16:12.859,blofin,ACH/USDT:USDT,0.02315,230.0,0.02312,11750.0,0.02317,4.0,0.02318,9675.0
1753600573862,07:16:13.862,blofin,ACH/USDT:USDT,0.02315,224.0,0.02314,49187.0,0.02317,4.0,0.02318,9673.0
1753600574365,07:16:14.365,blofin,ACH/USDT:USDT,0.02315,5440.0,0.02312,11750.0,0.02317,6333.0,0.02318,101536.0
1753600575366,07:16:15.366,blofin,ACH/USDT:USDT,0.02315,5456.0,0.02314,121167.0,0.02317,4.0,0.02318,2306.0
1753600575868,07:16:15.868,blofin,ACH/USDT:USDT,0.02315,5457.0,0.02314,121167.0,0.02317,4.0,0.02318,2306.0
1753600576368,07:16:16.368,blofin,ACH/USDT:USDT,0.02315,5454.0,0.02313,126261.0,0.02317,2308.0,0.02318,112140.0
1753600576870,07:16:16.870,blofin,ACH/USDT:USDT,0.02315,5456.0,0.02313,126261.0,0.02317,2308.0,0.02318,112140.0
1753600577371,07:16:17.371,blofin,ACH/USDT:USDT,0.02315,5456.0,0.02314,43142.0,0.02317,2308.0,0.02318,4.0
1753600578371,07:16:18.371,blofin,ACH/USDT:USDT,0.02315,5672.0,0.02313,86907.0,0.02317,2312.0,0.02322,54077.0
1753600579376,07:16:19.376,blofin,ACH/USDT:USDT,0.02315,5670.0,0.02311,51215.0,0.02317,2313.0,0.02319,4620.0
1753600579874,07:16:19.874,blofin,ACH/USDT:USDT,0.02315,5672.0,0.02311,51215.0,0.02317,2313.0,0.02319,4620.0
1753600580378,07:16:20.378,blofin,ACH/USDT:USDT,0.02315,5672.0,0.02312,26918.0,0.02317,2310.0,0.02322,106777.0
1753600581377,07:16:21.377,blofin,ACH/USDT:USDT,0.02315,5669.0,0.02312,51963.0,0.02317,2309.0,0.02322,65956.0
1753600581880,07:16:21.880,blofin,ACH/USDT:USDT,0.02315,5671.0,0.02312,51963.0,0.02317,2309.0,0.02322,65956.0
1753600582384,07:16:22.384,blofin,ACH/USDT:USDT,0.02315,5231.0,0.02314,190473.0,0.02317,2313.0,0.02318,156491.0
1753600583380,07:16:23.380,blofin,ACH/USDT:USDT,0.02315,5069.0,0.02313,122587.0,0.02317,2905.0,0.02319,8946.0
1753600584383,07:16:24.383,blofin,ACH/USDT:USDT,0.02315,2413.0,0.02312,170580.0,0.02317,5005.0,0.02322,69240.0
1753600584885,07:16:24.885,blofin,ACH/USDT:USDT,0.02315,2417.0,0.02312,170580.0,0.02317,5005.0,0.02322,69240.0
1753600585384,07:16:25.384,blofin,ACH/USDT:USDT,0.02315,2417.0,0.02312,8650.0,0.02317,5005.0,0.02321,147118.0
1753600585885,07:16:25.885,blofin,ACH/USDT:USDT,0.02315,2417.0,0.02312,8650.0,0.02317,5008.0,0.02321,147118.0
1753600586888,07:16:26.888,blofin,ACH/USDT:USDT,0.02315,2577.0,0.02311,10610.0,0.02317,4413.0,0.0232,136459.0
1753600587388,07:16:27.388,blofin,ACH/USDT:USDT,0.02315,5665.0,0.02314,105220.0,0.02317,2311.0,0.02319,54090.0
1753600587889,07:16:27.889,blofin,ACH/USDT:USDT,0.02315,5665.0,0.02314,105220.0,0.02317,2309.0,0.02319,54090.0
1753600588389,07:16:28.389,blofin,ACH/USDT:USDT,0.02315,5665.0,0.02314,12778.0,0.02317,2309.0,0.02318,159496.0
1753600589393,07:16:29.393,blofin,ACH/USDT:USDT,0.02315,5665.0,0.02314,12778.0,0.02317,2309.0,0.02321,159990.0
1753600589894,07:16:29.894,blofin,ACH/USDT:USDT,0.02315,5663.0,0.02314,12778.0,0.02317,2309.0,0.02321,159990.0
1753600590394,07:16:30.394,blofin,ACH/USDT:USDT,0.02315,5661.0,0.02314,12778.0,0.02317,2173.0,0.02318,68181.0
1753600590893,07:16:30.893,blofin,ACH/USDT:USDT,0.02315,5661.0,0.02314,12778.0,0.02317,2176.0,0.02318,68181.0
1753600591394,07:16:31.394,blofin,ACH/USDT:USDT,0.02315,5921.0,0.02313,1845.0,0.02317,7.0,0.02318,1176.0
1753600591896,07:16:31.896,blofin,ACH/USDT:USDT,0.02315,5921.0,0.02313,1845.0,0.02317,4.0,0.02318,1179.0
1753600592397,07:16:32.397,blofin,ACH/USDT:USDT,0.02315,6041.0,0.02314,5283.0,0.02317,1180.0,0.02318,3.0
1753600592898,07:16:32.898,blofin,ACH/USDT:USDT,0.02315,6041.0,0.02314,5283.0,0.02317,1185.0,0.02321,31744.0
1753600593400,07:16:33.400,blofin,ACH/USDT:USDT,0.02315,6065.0,0.02314,5283.0,0.02317,9.0,0.02318,976.0
1753600594401,07:16:34.401,blofin,ACH/USDT:USDT,0.02315,2817.0,0.02313,11779.0,0.02317,5985.0,0.02319,155840.0
1753600595405,07:16:35.405,blofin,ACH/USDT:USDT,0.02315,3007.0,0.02313,11779.0,0.02317,5985.0,0.02318,8424.0
1753600596405,07:16:36.405,blofin,ACH/USDT:USDT,0.02315,1025.0,0.02314,100350.0,0.02317,5552.0,0.02321,151110.0
1753600597407,07:16:37.407,blofin,ACH/USDT:USDT,0.02315,601.0,0.02313,1506.0,0.02317,6127.0,0.02322,160434.0
1753600598409,07:16:38.409,blofin,ACH/USDT:USDT,0.02315,597.0,0.02313,129695.0,0.02317,6153.0,0.02319,5390.0
1753600598911,07:16:38.911,blofin,ACH/USDT:USDT,0.02315,5.0,0.02314,9176.0,0.02317,3337.0,0.02322,111144.0
1753600599410,07:16:39.410,blofin,ACH/USDT:USDT,0.02315,5.0,0.02314,3784.0,0.02317,2719.0,0.02319,46057.0
1753600599912,07:16:39.912,blofin,ACH/USDT:USDT,0.02315,4.0,0.02314,3789.0,0.02317,2719.0,0.02319,46057.0
1753600600929,07:16:40.929,blofin,ACH/USDT:USDT,0.02314,3789.0,0.02313,1506.0,0.02316,2714.0,0.02317,33383.0
1753600601412,07:16:41.412,blofin,ACH/USDT:USDT,0.02314,5542.0,0.02312,22341.0,0.02316,446.0,0.02317,84434.0
1753600601915,07:16:41.915,blofin,ACH/USDT:USDT,0.02314,5542.0,0.02312,22341.0,0.02316,446.0,0.02317,84434.0
1753600602914,07:16:42.914,blofin,ACH/USDT:USDT,0.02314,4974.0,0.02312,22341.0,0.02316,1323.0,0.02318,413.0
1753600603415,07:16:43.415,blofin,ACH/USDT:USDT,0.02314,4974.0,0.02312,22341.0,0.02316,1323.0,0.02317,28477.0
1753600603915,07:16:43.915,blofin,ACH/USDT:USDT,0.02314,4970.0,0.02312,22341.0,0.02316,1323.0,0.02317,28477.0
1753600604416,07:16:44.416,blofin,ACH/USDT:USDT,0.02314,5130.0,0.02312,22341.0,0.02316,3.0,0.02317,2376.0
1753600604918,07:16:44.918,blofin,ACH/USDT:USDT,0.02314,5130.0,0.02312,22341.0,0.02316,3.0,0.02317,2376.0
1753600605922,07:16:45.922,blofin,ACH/USDT:USDT,0.02314,5131.0,0.02313,2353.0,0.02316,2382.0,0.02318,171286.0
1753600606422,07:16:46.422,blofin,ACH/USDT:USDT,0.02314,5579.0,0.02313,17423.0,0.02316,2382.0,0.02318,48838.0
1753600606921,07:16:46.921,blofin,ACH/USDT:USDT,0.02314,5579.0,0.02313,2353.0,0.02316,6.0,0.02317,2376.0
1753600607423,07:16:47.423,blofin,ACH/USDT:USDT,0.02314,5581.0,0.02312,22341.0,0.02316,6.0,0.02317,2376.0
1753600608424,07:16:48.424,blofin,ACH/USDT:USDT,0.02314,5243.0,0.02312,22341.0,0.02316,2382.0,0.02318,413.0
1753600608922,07:16:48.922,blofin,ACH/USDT:USDT,0.02314,5675.0,0.02313,51884.0,0.02316,2382.0,0.02317,2981.0
1753600609426,07:16:49.426,blofin,ACH/USDT:USDT,0.02314,5675.0,0.02313,51884.0,0.02316,2383.0,0.02317,2981.0
1753600610428,07:16:50.428,blofin,ACH/USDT:USDT,0.02314,5243.0,0.02312,22341.0,0.02316,2556.0,0.02318,23846.0
1753600610927,07:16:50.927,blofin,ACH/USDT:USDT,0.02314,5244.0,0.02313,5508.0,0.02316,2559.0,0.02318,23846.0
1753600611435,07:16:51.435,blofin,ACH/USDT:USDT,0.02314,5242.0,0.02313,117377.0,0.02316,2555.0,0.02317,35752.0
1753600611929,07:16:51.929,blofin,ACH/USDT:USDT,0.02314,5322.0,0.02313,5508.0,0.02316,2555.0,0.02317,68978.0
1753600612930,07:16:52.930,blofin,ACH/USDT:USDT,0.02314,5323.0,0.02312,34822.0,0.02316,2555.0,0.02317,95953.0
1753600613930,07:16:53.930,blofin,ACH/USDT:USDT,0.02314,5763.0,0.02312,34822.0,0.02316,2555.0,0.02318,413.0
1753600614441,07:16:54.441,blofin,ACH/USDT:USDT,0.02314,5765.0,0.02312,34822.0,0.02316,2557.0,0.02318,413.0
1753600615441,07:16:55.441,blofin,ACH/USDT:USDT,0.02314,450.0,0.02312,34822.0,0.02316,4981.0,0.02317,141064.0
1753600615933,07:16:55.933,blofin,ACH/USDT:USDT,0.02314,453.0,0.02312,35576.0,0.02316,4983.0,0.02317,141064.0
1753600616442,07:16:56.442,blofin,ACH/USDT:USDT,0.02314,452.0,0.02312,73444.0,0.02316,4983.0,0.02317,45128.0
1753600616933,07:16:56.933,blofin,ACH/USDT:USDT,0.02314,460.0,0.02312,22341.0,0.02316,7.0,0.02317,4976.0
1753600617445,07:16:57.445,blofin,ACH/USDT:USDT,0.02314,460.0,0.02312,22341.0,0.02316,2.0,0.02317,4979.0
1753600617934,07:16:57.934,blofin,ACH/USDT:USDT,0.02314,460.0,0.02312,144481.0,0.02316,4978.0,0.02317,3.0
1753600618935,07:16:58.935,blofin,ACH/USDT:USDT,0.02314,1323.0,0.02313,96657.0,0.02316,4978.0,0.02317,3.0
1753600619448,07:16:59.448,blofin,ACH/USDT:USDT,0.02314,1323.0,0.02313,96657.0,0.02316,4983.0,0.02318,413.0
1753600619939,07:16:59.939,blofin,ACH/USDT:USDT,0.02314,1323.0,0.02312,22341.0,0.02316,4983.0,0.02318,413.0
1753600620450,07:17:00.450,blofin,ACH/USDT:USDT,0.02314,1323.0,0.02312,22341.0,0.02316,4979.0,0.02318,413.0
1753600620940,07:17:00.940,blofin,ACH/USDT:USDT,0.02314,1324.0,0.02313,4743.0,0.02316,4983.0,0.02318,413.0
1753600621942,07:17:01.942,blofin,ACH/USDT:USDT,0.02314,349.0,0.02313,4743.0,0.02316,5.0,0.02317,4976.0
1753600622452,07:17:02.452,blofin,ACH/USDT:USDT,0.02314,348.0,0.02312,22341.0,0.02316,5.0,0.02317,4976.0
1753600622941,07:17:02.941,blofin,ACH/USDT:USDT,0.02314,340.0,0.02312,22341.0,0.02316,4981.0,0.02318,75023.0
1753600623943,07:17:03.943,blofin,ACH/USDT:USDT,0.02314,340.0,0.02312,26275.0,0.02316,4982.0,0.02318,84922.0
1753600624454,07:17:04.454,blofin,ACH/USDT:USDT,0.02314,340.0,0.02312,29063.0,0.02316,4982.0,0.02318,84922.0
1753600624943,07:17:04.943,blofin,ACH/USDT:USDT,0.02314,340.0,0.02313,137162.0,0.02316,4982.0,0.02317,96858.0
1753600625457,07:17:05.457,blofin,ACH/USDT:USDT,0.02314,340.0,0.02313,137162.0,0.02316,4981.0,0.02317,96858.0
1753600626457,07:17:06.457,blofin,ACH/USDT:USDT,0.02314,341.0,0.02313,144415.0,0.02316,4979.0,0.02318,413.0
1753600626944,07:17:06.944,blofin,ACH/USDT:USDT,0.02314,341.0,0.02313,166958.0,0.02316,4979.0,0.02317,112426.0
1753600627458,07:17:07.458,blofin,ACH/USDT:USDT,0.02314,338.0,0.02313,166958.0,0.02316,4979.0,0.02317,112426.0
