timestamp,time,exchange,symbol,bid1_price,bid1_volume,bid2_price,bid2_volume,ask1_price,ask1_volume,ask2_price,ask2_volume
1753591889000,04:51:29.000,gateio,ADA/USDT:USDT,0.831,50.0,0.8309,1890.0,0.8311,50.0,0.8312,2025.0
1753591889144,04:51:29.144,gateio,ADA/USDT:USDT,0.8309,1537.0,0.8308,3106.0,0.8311,50.0,0.8312,2025.0
1753591889206,04:51:29.206,gateio,ADA/USDT:USDT,0.8309,1815.0,0.8308,3783.0,0.8311,50.0,0.8312,2025.0
1753591889319,04:51:29.319,gateio,ADA/USDT:USDT,0.8309,1815.0,0.8308,3783.0,0.8311,50.0,0.8312,2025.0
1753591889434,04:51:29.434,gateio,ADA/USDT:USDT,0.8309,1815.0,0.8308,3783.0,0.8311,50.0,0.8312,2025.0
1753591889546,04:51:29.546,gateio,ADA/USDT:USDT,0.8309,1815.0,0.8308,3783.0,0.8311,50.0,0.8312,2000.0
1753591889615,04:51:29.615,gateio,ADA/USDT:USDT,0.8309,1815.0,0.8308,3783.0,0.8311,50.0,0.8312,2000.0
1753591889724,04:51:29.724,gateio,ADA/USDT:USDT,0.8309,1865.0,0.8308,3783.0,0.8311,50.0,0.8312,2000.0
1753591889849,04:51:29.849,gateio,ADA/USDT:USDT,0.831,1065.0,0.8309,2218.0,0.8311,50.0,0.8312,2000.0
1753591889931,04:51:29.931,gateio,ADA/USDT:USDT,0.831,1065.0,0.8309,2218.0,0.8311,50.0,0.8312,2000.0
1753591890024,04:51:30.024,gateio,ADA/USDT:USDT,0.831,205.0,0.8309,2218.0,0.8311,50.0,0.8312,2025.0
1753591890130,04:51:30.130,gateio,ADA/USDT:USDT,0.831,50.0,0.8309,2218.0,0.8311,50.0,0.8312,2000.0
1753591890233,04:51:30.233,gateio,ADA/USDT:USDT,0.831,50.0,0.8309,1693.0,0.8311,50.0,0.8312,2025.0
1753591890313,04:51:30.313,gateio,ADA/USDT:USDT,0.831,50.0,0.8309,1940.0,0.8311,50.0,0.8312,2025.0
1753591890441,04:51:30.441,gateio,ADA/USDT:USDT,0.831,50.0,0.8309,1915.0,0.8311,50.0,0.8312,2050.0
1753591890504,04:51:30.504,gateio,ADA/USDT:USDT,0.831,50.0,0.8309,1915.0,0.8311,50.0,0.8312,2050.0
1753591890633,04:51:30.633,gateio,ADA/USDT:USDT,0.831,769.0,0.8309,1940.0,0.8311,50.0,0.8312,2000.0
1753591890724,04:51:30.724,gateio,ADA/USDT:USDT,0.831,769.0,0.8309,1940.0,0.8311,50.0,0.8312,2000.0
1753591890807,04:51:30.807,gateio,ADA/USDT:USDT,0.831,769.0,0.8309,1940.0,0.8311,50.0,0.8312,2025.0
1753591890919,04:51:30.919,gateio,ADA/USDT:USDT,0.831,1169.0,0.8309,1940.0,0.8311,50.0,0.8312,2050.0
1753591891026,04:51:31.026,gateio,ADA/USDT:USDT,0.831,1169.0,0.8309,1940.0,0.8311,50.0,0.8312,2025.0
1753591891148,04:51:31.148,gateio,ADA/USDT:USDT,0.8311,244.0,0.831,1804.0,0.8312,1200.0,0.8313,1732.0
1753591891246,04:51:31.246,gateio,ADA/USDT:USDT,0.8312,89.0,0.8311,1304.0,0.8313,110.0,0.8314,2932.0
1753591891341,04:51:31.341,gateio,ADA/USDT:USDT,0.8312,309.0,0.8311,1462.0,0.8313,902.0,0.8314,1102.0
1753591891433,04:51:31.433,gateio,ADA/USDT:USDT,0.8313,244.0,0.8312,1422.0,0.8314,284.0,0.8315,1318.0
1753591891529,04:51:31.529,gateio,ADA/USDT:USDT,0.8313,244.0,0.8312,1397.0,0.8314,1136.0,0.8315,1318.0
1753591891634,04:51:31.634,gateio,ADA/USDT:USDT,0.8313,244.0,0.8312,1422.0,0.8314,284.0,0.8315,972.0
1753591891714,04:51:31.714,gateio,ADA/USDT:USDT,0.8313,244.0,0.8312,1397.0,0.8314,284.0,0.8315,1824.0
1753591891834,04:51:31.834,gateio,ADA/USDT:USDT,0.8313,244.0,0.8312,1699.0,0.8314,744.0,0.8315,1874.0
1753591891949,04:51:31.949,gateio,ADA/USDT:USDT,0.8312,1435.0,0.8311,3331.0,0.8314,1194.0,0.8315,1947.0
1753591892029,04:51:32.029,gateio,ADA/USDT:USDT,0.8312,1435.0,0.8311,3180.0,0.8314,1194.0,0.8315,1947.0
1753591892093,04:51:32.093,gateio,ADA/USDT:USDT,0.8312,1435.0,0.8311,3180.0,0.8314,1194.0,0.8315,2638.0
1753591892222,04:51:32.222,gateio,ADA/USDT:USDT,0.8312,1435.0,0.8311,3180.0,0.8314,1194.0,0.8315,2638.0
1753591892261,04:51:32.261,gateio,ADA/USDT:USDT,0.8312,1435.0,0.8311,3180.0,0.8314,1194.0,0.8315,2638.0
1753591892401,04:51:32.401,gateio,ADA/USDT:USDT,0.8312,1435.0,0.8311,3180.0,0.8314,1194.0,0.8315,2638.0
1753591892533,04:51:32.533,gateio,ADA/USDT:USDT,0.8312,1460.0,0.8311,3180.0,0.8314,1144.0,0.8315,2390.0
1753591892621,04:51:32.621,gateio,ADA/USDT:USDT,0.8312,1435.0,0.8311,3180.0,0.8314,1144.0,0.8315,2390.0
1753591892732,04:51:32.732,gateio,ADA/USDT:USDT,0.8313,155.0,0.8312,1485.0,0.8314,1144.0,0.8315,2390.0
1753591892845,04:51:32.845,gateio,ADA/USDT:USDT,0.8313,155.0,0.8312,1699.0,0.8314,744.0,0.8315,2415.0
1753591892934,04:51:32.934,gateio,ADA/USDT:USDT,0.8313,155.0,0.8312,1397.0,0.8314,744.0,0.8315,1960.0
1753591893009,04:51:33.009,gateio,ADA/USDT:USDT,0.8313,155.0,0.8312,1422.0,0.8314,284.0,0.8315,1960.0
1753591893119,04:51:33.119,gateio,ADA/USDT:USDT,0.8313,155.0,0.8312,1422.0,0.8314,284.0,0.8315,1960.0
1753591893233,04:51:33.233,gateio,ADA/USDT:USDT,0.8313,155.0,0.8312,1397.0,0.8314,284.0,0.8315,1960.0
1753591893334,04:51:33.334,gateio,ADA/USDT:USDT,0.8313,155.0,0.8312,1422.0,0.8314,284.0,0.8315,1960.0
1753591893381,04:51:33.381,gateio,ADA/USDT:USDT,0.8313,155.0,0.8312,1422.0,0.8314,284.0,0.8315,1960.0
1753591893549,04:51:33.549,gateio,ADA/USDT:USDT,0.8313,205.0,0.8312,1447.0,0.8314,50.0,0.8315,1824.0
1753591893627,04:51:33.627,gateio,ADA/USDT:USDT,0.8313,205.0,0.8312,1629.0,0.8314,50.0,0.8315,1849.0
1753591893743,04:51:33.743,gateio,ADA/USDT:USDT,0.8313,205.0,0.8312,1654.0,0.8314,50.0,0.8315,1849.0
1753591893834,04:51:33.834,gateio,ADA/USDT:USDT,0.8313,605.0,0.8312,1654.0,0.8314,50.0,0.8315,1849.0
1753591893949,04:51:33.949,gateio,ADA/USDT:USDT,0.8313,796.0,0.8312,1724.0,0.8315,1824.0,0.8316,1934.0
1753591894015,04:51:34.015,gateio,ADA/USDT:USDT,0.8314,89.0,0.8313,1162.0,0.8315,1824.0,0.8316,1959.0
1753591894247,04:51:34.247,gateio,ADA/USDT:USDT,0.8313,815.0,0.8312,2861.0,0.8315,1907.0,0.8316,1934.0
1753591894288,04:51:34.288,gateio,ADA/USDT:USDT,0.8313,815.0,0.8312,2861.0,0.8315,1907.0,0.8316,1934.0
1753591894428,04:51:34.428,gateio,ADA/USDT:USDT,0.8313,815.0,0.8312,2861.0,0.8315,1882.0,0.8316,1934.0
1753591894537,04:51:34.537,gateio,ADA/USDT:USDT,0.8313,815.0,0.8312,2861.0,0.8315,1882.0,0.8316,1934.0
1753591894740,04:51:34.740,gateio,ADA/USDT:USDT,0.8313,840.0,0.8312,2861.0,0.8315,1857.0,0.8316,1277.0
1753591894834,04:51:34.834,gateio,ADA/USDT:USDT,0.8313,840.0,0.8312,2861.0,0.8315,1857.0,0.8316,1277.0
1753591894948,04:51:34.948,gateio,ADA/USDT:USDT,0.8313,815.0,0.8312,2861.0,0.8315,1857.0,0.8316,1277.0
1753591895023,04:51:35.023,gateio,ADA/USDT:USDT,0.8313,840.0,0.8312,2861.0,0.8315,1857.0,0.8316,1277.0
1753591895129,04:51:35.129,gateio,ADA/USDT:USDT,0.8313,815.0,0.8312,2861.0,0.8315,1857.0,0.8316,1277.0
1753591895229,04:51:35.229,gateio,ADA/USDT:USDT,0.8313,205.0,0.8312,2234.0,0.8314,450.0,0.8315,1882.0
1753591895278,04:51:35.278,gateio,ADA/USDT:USDT,0.8313,205.0,0.8312,2234.0,0.8314,450.0,0.8315,1857.0
1753591895444,04:51:35.444,gateio,ADA/USDT:USDT,0.8313,205.0,0.8312,2234.0,0.8314,50.0,0.8315,1857.0
1753591895547,04:51:35.547,gateio,ADA/USDT:USDT,0.8313,205.0,0.8312,2234.0,0.8314,50.0,0.8315,1857.0
1753591895629,04:51:35.629,gateio,ADA/USDT:USDT,0.8313,205.0,0.8312,2234.0,0.8314,50.0,0.8315,1882.0
1753591895993,04:51:35.993,gateio,ADA/USDT:USDT,0.8313,205.0,0.8312,2234.0,0.8314,50.0,0.8315,1882.0
1753591896149,04:51:36.149,gateio,ADA/USDT:USDT,0.8311,1774.0,0.831,2118.0,0.8313,1014.0,0.8314,1931.0
1753591896239,04:51:36.239,gateio,ADA/USDT:USDT,0.8311,1097.0,0.831,2118.0,0.8313,935.0,0.8314,1931.0
1753591896801,04:51:36.801,gateio,ADA/USDT:USDT,0.8312,1090.0,0.8311,2230.0,0.8313,50.0,0.8314,1866.0
1753591897036,04:51:37.036,gateio,ADA/USDT:USDT,0.8312,1090.0,0.8311,2230.0,0.8313,50.0,0.8314,1014.0
1753591897105,04:51:37.105,gateio,ADA/USDT:USDT,0.8312,1090.0,0.8311,2230.0,0.8313,50.0,0.8314,1014.0
1753591897307,04:51:37.307,gateio,ADA/USDT:USDT,0.8312,1065.0,0.8311,2230.0,0.8313,50.0,0.8314,1014.0
1753591897426,04:51:37.426,gateio,ADA/USDT:USDT,0.8312,1065.0,0.8311,2230.0,0.8313,50.0,0.8314,1014.0
1753591897506,04:51:37.506,gateio,ADA/USDT:USDT,0.8312,1065.0,0.8311,2230.0,0.8313,50.0,0.8314,1014.0
1753591897727,04:51:37.727,gateio,ADA/USDT:USDT,0.8312,665.0,0.8311,2205.0,0.8313,50.0,0.8314,1014.0
1753591897807,04:51:37.807,gateio,ADA/USDT:USDT,0.8312,665.0,0.8311,2230.0,0.8313,50.0,0.8314,1014.0
1753591898448,04:51:38.448,gateio,ADA/USDT:USDT,0.8312,715.0,0.8311,2230.0,0.8313,50.0,0.8314,1014.0
1753591898536,04:51:38.536,gateio,ADA/USDT:USDT,0.8313,244.0,0.8312,1839.0,0.8314,450.0,0.8315,2403.0
1753591898629,04:51:38.629,gateio,ADA/USDT:USDT,0.8313,244.0,0.8312,1839.0,0.8314,450.0,0.8315,2403.0
1753591898749,04:51:38.749,gateio,ADA/USDT:USDT,0.8313,89.0,0.8312,1814.0,0.8314,450.0,0.8315,2403.0
1753591898750,04:51:38.750,gateio,ADA/USDT:USDT,0.8313,89.0,0.8312,1814.0,0.8314,450.0,0.8315,2428.0
1753591898930,04:51:38.930,gateio,ADA/USDT:USDT,0.8313,89.0,0.8312,1814.0,0.8314,450.0,0.8315,2428.0
1753591898971,04:51:38.971,gateio,ADA/USDT:USDT,0.8313,89.0,0.8312,1814.0,0.8314,450.0,0.8315,2428.0
1753591899347,04:51:39.347,gateio,ADA/USDT:USDT,0.8313,89.0,0.8312,1814.0,0.8314,687.0,0.8315,2428.0
1753591899449,04:51:39.449,gateio,ADA/USDT:USDT,0.8313,89.0,0.8312,1814.0,0.8314,287.0,0.8315,2428.0
1753591899548,04:51:39.548,gateio,ADA/USDT:USDT,0.8314,820.0,0.8313,1776.0,0.8315,33.0,0.8316,451.0
1753591899647,04:51:39.647,gateio,ADA/USDT:USDT,0.8314,1446.0,0.8313,2231.0,0.8315,33.0,0.8316,1.0
1753591899749,04:51:39.749,gateio,ADA/USDT:USDT,0.8315,1295.0,0.8314,1892.0,0.8316,1.0,0.8317,1188.0
1753591899850,04:51:39.850,gateio,ADA/USDT:USDT,0.8317,155.0,0.8316,1316.0,0.8318,911.0,0.8319,1413.0
1753591899945,04:51:39.945,gateio,ADA/USDT:USDT,0.8316,1316.0,0.8315,1936.0,0.8318,944.0,0.8319,1438.0
1753591900049,04:51:40.049,gateio,ADA/USDT:USDT,0.8316,561.0,0.8315,1913.0,0.8317,50.0,0.8318,944.0
1753591900134,04:51:40.134,gateio,ADA/USDT:USDT,0.8316,561.0,0.8315,2176.0,0.8317,50.0,0.8318,969.0
1753591900242,04:51:40.242,gateio,ADA/USDT:USDT,0.8316,65.0,0.8315,2176.0,0.8317,50.0,0.8318,969.0
1753591900325,04:51:40.325,gateio,ADA/USDT:USDT,0.8316,220.0,0.8315,2176.0,0.8317,50.0,0.8318,969.0
1753591900444,04:51:40.444,gateio,ADA/USDT:USDT,0.8316,220.0,0.8315,2176.0,0.8317,50.0,0.8318,969.0
1753591900531,04:51:40.531,gateio,ADA/USDT:USDT,0.8316,220.0,0.8315,2528.0,0.8317,50.0,0.8318,969.0
1753591900635,04:51:40.635,gateio,ADA/USDT:USDT,0.8317,259.0,0.8316,2097.0,0.8318,944.0,0.8319,3136.0
1753591900728,04:51:40.728,gateio,ADA/USDT:USDT,0.8317,259.0,0.8316,2097.0,0.8318,944.0,0.8319,3063.0
1753591900835,04:51:40.835,gateio,ADA/USDT:USDT,0.8317,104.0,0.8316,1814.0,0.8318,944.0,0.8319,3113.0
1753591900935,04:51:40.935,gateio,ADA/USDT:USDT,0.8317,89.0,0.8316,1814.0,0.8318,944.0,0.8319,3113.0
1753591901047,04:51:41.047,gateio,ADA/USDT:USDT,0.8316,1062.0,0.8315,2224.0,0.8318,944.0,0.8319,3186.0
1753591901132,04:51:41.132,gateio,ADA/USDT:USDT,0.8316,1222.0,0.8315,2901.0,0.8318,944.0,0.8319,2508.0
1753591901210,04:51:41.210,gateio,ADA/USDT:USDT,0.8316,1067.0,0.8315,3228.0,0.8318,944.0,0.8319,2508.0
1753591901325,04:51:41.325,gateio,ADA/USDT:USDT,0.8316,607.0,0.8315,3155.0,0.8318,1188.0,0.8319,2508.0
1753591901430,04:51:41.430,gateio,ADA/USDT:USDT,0.8316,50.0,0.8315,3155.0,0.8317,910.0,0.8318,1188.0
1753591901523,04:51:41.523,gateio,ADA/USDT:USDT,0.8316,50.0,0.8315,3077.0,0.8317,910.0,0.8318,1188.0
1753591901642,04:51:41.642,gateio,ADA/USDT:USDT,0.8316,50.0,0.8315,3077.0,0.8317,910.0,0.8318,1188.0
1753591901726,04:51:41.726,gateio,ADA/USDT:USDT,0.8316,50.0,0.8315,3102.0,0.8317,910.0,0.8318,1188.0
1753591901843,04:51:41.843,gateio,ADA/USDT:USDT,0.8316,205.0,0.8315,3127.0,0.8317,910.0,0.8318,1188.0
1753591901946,04:51:41.946,gateio,ADA/USDT:USDT,0.8316,205.0,0.8315,3127.0,0.8317,910.0,0.8318,1188.0
1753591902032,04:51:42.032,gateio,ADA/USDT:USDT,0.8316,205.0,0.8315,3127.0,0.8317,910.0,0.8318,1188.0
1753591902118,04:51:42.118,gateio,ADA/USDT:USDT,0.8316,205.0,0.8315,2450.0,0.8317,50.0,0.8318,1188.0
1753591902177,04:51:42.177,gateio,ADA/USDT:USDT,0.8316,205.0,0.8315,2450.0,0.8317,50.0,0.8318,1188.0
1753591902331,04:51:42.331,gateio,ADA/USDT:USDT,0.8316,205.0,0.8315,2450.0,0.8317,50.0,0.8318,1188.0
1753591902428,04:51:42.428,gateio,ADA/USDT:USDT,0.8316,665.0,0.8315,2450.0,0.8317,50.0,0.8318,1188.0
1753591902543,04:51:42.543,gateio,ADA/USDT:USDT,0.8316,665.0,0.8315,2450.0,0.8317,50.0,0.8318,1188.0
1753591902616,04:51:42.616,gateio,ADA/USDT:USDT,0.8316,665.0,0.8315,2450.0,0.8317,50.0,0.8318,1188.0
1753591902738,04:51:42.738,gateio,ADA/USDT:USDT,0.8317,89.0,0.8316,1888.0,0.8318,1188.0,0.8319,2483.0
1753591902814,04:51:42.814,gateio,ADA/USDT:USDT,0.8317,259.0,0.8316,1888.0,0.8318,1188.0,0.8319,2410.0
1753591902949,04:51:42.949,gateio,ADA/USDT:USDT,0.8317,259.0,0.8316,1888.0,0.8318,1188.0,0.8319,2410.0
1753591903036,04:51:43.036,gateio,ADA/USDT:USDT,0.8316,676.0,0.8315,2876.0,0.8318,1238.0,0.8319,2483.0
1753591903147,04:51:43.147,gateio,ADA/USDT:USDT,0.8316,676.0,0.8315,3253.0,0.8318,1188.0,0.8319,2483.0
1753591903219,04:51:43.219,gateio,ADA/USDT:USDT,0.8316,858.0,0.8315,3253.0,0.8318,1188.0,0.8319,2483.0
1753591903345,04:51:43.345,gateio,ADA/USDT:USDT,0.8316,1343.0,0.8315,3253.0,0.8318,1188.0,0.8319,2483.0
1753591903448,04:51:43.448,gateio,ADA/USDT:USDT,0.8317,155.0,0.8316,2095.0,0.8318,1188.0,0.8319,2385.0
1753591903538,04:51:43.538,gateio,ADA/USDT:USDT,0.8317,155.0,0.8316,2095.0,0.8318,328.0,0.8319,2410.0
1753591903641,04:51:43.641,gateio,ADA/USDT:USDT,0.8317,255.0,0.8316,2120.0,0.8318,34.0,0.8319,451.0
1753591903741,04:51:43.741,gateio,ADA/USDT:USDT,0.8317,656.0,0.8316,2271.0,0.8318,34.0,0.8319,51.0
1753591903844,04:51:43.844,gateio,ADA/USDT:USDT,0.8317,656.0,0.8316,3123.0,0.8318,34.0,0.8319,51.0
1753591903913,04:51:43.913,gateio,ADA/USDT:USDT,0.8317,656.0,0.8316,3123.0,0.8318,34.0,0.8319,51.0
1753591904035,04:51:44.035,gateio,ADA/USDT:USDT,0.8317,606.0,0.8316,3098.0,0.8318,34.0,0.8319,51.0
1753591904146,04:51:44.146,gateio,ADA/USDT:USDT,0.8317,605.0,0.8316,3098.0,0.8318,34.0,0.8319,51.0
1753591904241,04:51:44.241,gateio,ADA/USDT:USDT,0.8317,605.0,0.8316,3098.0,0.8318,34.0,0.8319,51.0
1753591904314,04:51:44.314,gateio,ADA/USDT:USDT,0.8317,605.0,0.8316,3123.0,0.8318,34.0,0.8319,51.0
1753591904449,04:51:44.449,gateio,ADA/USDT:USDT,0.8317,605.0,0.8316,3123.0,0.8318,34.0,0.8319,51.0
1753591904548,04:51:44.548,gateio,ADA/USDT:USDT,0.8317,605.0,0.8316,3098.0,0.8318,34.0,0.8319,51.0
1753591904614,04:51:44.614,gateio,ADA/USDT:USDT,0.8317,605.0,0.8316,3098.0,0.8318,34.0,0.8319,51.0
1753591904738,04:51:44.738,gateio,ADA/USDT:USDT,0.8317,1087.0,0.8316,3123.0,0.8318,34.0,0.8319,1.0
1753591904783,04:51:44.783,gateio,ADA/USDT:USDT,0.8317,1087.0,0.8316,3123.0,0.8318,34.0,0.8319,1.0
1753591904912,04:51:44.912,gateio,ADA/USDT:USDT,0.8317,1087.0,0.8316,3123.0,0.8318,34.0,0.8319,1.0
1753591905015,04:51:45.015,gateio,ADA/USDT:USDT,0.8317,1087.0,0.8316,3123.0,0.8318,34.0,0.8319,1.0
1753591905145,04:51:45.145,gateio,ADA/USDT:USDT,0.8317,605.0,0.8316,3025.0,0.8318,34.0,0.8319,461.0
1753591905247,04:51:45.247,gateio,ADA/USDT:USDT,0.8317,450.0,0.8316,2922.0,0.8318,34.0,0.8319,461.0
1753591905331,04:51:45.331,gateio,ADA/USDT:USDT,0.8317,450.0,0.8316,3000.0,0.8318,34.0,0.8319,461.0
1753591905394,04:51:45.394,gateio,ADA/USDT:USDT,0.8317,450.0,0.8316,2947.0,0.8318,34.0,0.8319,461.0
1753591905522,04:51:45.522,gateio,ADA/USDT:USDT,0.8317,450.0,0.8316,2922.0,0.8318,34.0,0.8319,461.0
1753591905647,04:51:45.647,gateio,ADA/USDT:USDT,0.8317,450.0,0.8316,2922.0,0.8318,84.0,0.8319,511.0
1753591905692,04:51:45.692,gateio,ADA/USDT:USDT,0.8317,450.0,0.8316,2922.0,0.8318,84.0,0.8319,511.0
1753591905813,04:51:45.813,gateio,ADA/USDT:USDT,0.8317,450.0,0.8316,2922.0,0.8318,84.0,0.8319,461.0
1753591905927,04:51:45.927,gateio,ADA/USDT:USDT,0.8317,450.0,0.8316,2972.0,0.8318,84.0,0.8319,461.0
1753591905973,04:51:45.973,gateio,ADA/USDT:USDT,0.8317,50.0,0.8316,2947.0,0.8318,544.0,0.8319,511.0
1753591906097,04:51:46.097,gateio,ADA/USDT:USDT,0.8317,50.0,0.8316,2070.0,0.8318,544.0,0.8319,511.0
1753591906232,04:51:46.232,gateio,ADA/USDT:USDT,0.8317,50.0,0.8316,2070.0,0.8318,544.0,0.8319,511.0
1753591906345,04:51:46.345,gateio,ADA/USDT:USDT,0.8317,50.0,0.8316,2070.0,0.8318,544.0,0.8319,511.0
1753591906545,04:51:46.545,gateio,ADA/USDT:USDT,0.8317,50.0,0.8316,2120.0,0.8318,544.0,0.8319,511.0
1753591906637,04:51:46.637,gateio,ADA/USDT:USDT,0.8317,50.0,0.8316,2120.0,0.8318,544.0,0.8319,461.0
1753591906733,04:51:46.733,gateio,ADA/USDT:USDT,0.8317,450.0,0.8316,2120.0,0.8318,544.0,0.8319,461.0
1753591906839,04:51:46.839,gateio,ADA/USDT:USDT,0.8317,450.0,0.8316,2120.0,0.8318,544.0,0.8319,461.0
1753591906909,04:51:46.909,gateio,ADA/USDT:USDT,0.8317,450.0,0.8316,2120.0,0.8318,526.0,0.8319,511.0
1753591907031,04:51:47.031,gateio,ADA/USDT:USDT,0.8317,450.0,0.8316,2120.0,0.8318,526.0,0.8319,536.0
1753591907135,04:51:47.135,gateio,ADA/USDT:USDT,0.8317,450.0,0.8316,2120.0,0.8318,526.0,0.8319,536.0
1753591907242,04:51:47.242,gateio,ADA/USDT:USDT,0.8317,450.0,0.8316,2120.0,0.8318,526.0,0.8319,536.0
1753591907340,04:51:47.340,gateio,ADA/USDT:USDT,0.8317,450.0,0.8316,2120.0,0.8318,526.0,0.8319,511.0
1753591907465,04:51:47.465,gateio,ADA/USDT:USDT,0.8317,450.0,0.8316,2120.0,0.8318,526.0,0.8319,511.0
1753591907626,04:51:47.626,gateio,ADA/USDT:USDT,0.8317,450.0,0.8316,2120.0,0.8318,526.0,0.8319,511.0
1753591907706,04:51:47.706,gateio,ADA/USDT:USDT,0.8317,450.0,0.8316,2120.0,0.8318,526.0,0.8319,511.0
1753591907798,04:51:47.798,gateio,ADA/USDT:USDT,0.8317,450.0,0.8316,2120.0,0.8318,526.0,0.8319,511.0
1753591907947,04:51:47.947,gateio,ADA/USDT:USDT,0.8317,450.0,0.8316,2120.0,0.8318,526.0,0.8319,511.0
1753591908045,04:51:48.045,gateio,ADA/USDT:USDT,0.8317,220.0,0.8316,2120.0,0.8318,16.0,0.8319,511.0
1753591908114,04:51:48.114,gateio,ADA/USDT:USDT,0.8317,220.0,0.8316,2120.0,0.8318,16.0,0.8319,511.0
1753591908221,04:51:48.221,gateio,ADA/USDT:USDT,0.8317,270.0,0.8316,2198.0,0.8318,16.0,0.8319,511.0
1753591908349,04:51:48.349,gateio,ADA/USDT:USDT,0.8317,220.0,0.8316,2198.0,0.8318,16.0,0.8319,511.0
1753591908411,04:51:48.411,gateio,ADA/USDT:USDT,0.8317,220.0,0.8316,2120.0,0.8318,16.0,0.8319,511.0
1753591908512,04:51:48.512,gateio,ADA/USDT:USDT,0.8317,220.0,0.8316,2120.0,0.8318,16.0,0.8319,511.0
1753591908575,04:51:48.575,gateio,ADA/USDT:USDT,0.8317,220.0,0.8316,2120.0,0.8318,16.0,0.8319,511.0
1753591908733,04:51:48.733,gateio,ADA/USDT:USDT,0.8317,620.0,0.8316,2120.0,0.8318,16.0,0.8319,511.0
1753591908840,04:51:48.840,gateio,ADA/USDT:USDT,0.8317,620.0,0.8316,2120.0,0.8318,16.0,0.8319,511.0
1753591908945,04:51:48.945,gateio,ADA/USDT:USDT,0.8317,620.0,0.8316,2120.0,0.8318,16.0,0.8319,511.0
1753591909022,04:51:49.022,gateio,ADA/USDT:USDT,0.8317,154.0,0.8316,2120.0,0.8318,16.0,0.8319,511.0
1753591909125,04:51:49.125,gateio,ADA/USDT:USDT,0.8317,154.0,0.8316,2120.0,0.8318,16.0,0.8319,511.0
1753591909183,04:51:49.183,gateio,ADA/USDT:USDT,0.8317,154.0,0.8316,2120.0,0.8318,16.0,0.8319,511.0
1753591909306,04:51:49.306,gateio,ADA/USDT:USDT,0.8317,154.0,0.8316,2120.0,0.8318,16.0,0.8319,511.0
1753591909366,04:51:49.366,gateio,ADA/USDT:USDT,0.8317,154.0,0.8316,2120.0,0.8318,16.0,0.8319,511.0
1753591909524,04:51:49.524,gateio,ADA/USDT:USDT,0.8317,309.0,0.8316,2120.0,0.8318,16.0,0.8319,511.0
1753591909718,04:51:49.718,gateio,ADA/USDT:USDT,0.8317,309.0,0.8316,2120.0,0.8318,16.0,0.8319,511.0
1753591909802,04:51:49.802,gateio,ADA/USDT:USDT,0.8317,309.0,0.8316,2120.0,0.8318,16.0,0.8319,511.0
1753591909922,04:51:49.922,gateio,ADA/USDT:USDT,0.8317,334.0,0.8316,2120.0,0.8318,16.0,0.8319,511.0
1753591910069,04:51:50.069,gateio,ADA/USDT:USDT,0.8317,359.0,0.8316,2120.0,0.8318,16.0,0.8319,511.0
1753591910411,04:51:50.411,gateio,ADA/USDT:USDT,0.8317,309.0,0.8316,2120.0,0.8318,16.0,0.8319,511.0
1753591910535,04:51:50.535,gateio,ADA/USDT:USDT,0.8317,309.0,0.8316,2120.0,0.8318,16.0,0.8319,511.0
1753591910649,04:51:50.649,gateio,ADA/USDT:USDT,0.8317,709.0,0.8316,2120.0,0.8318,16.0,0.8319,511.0
1753591910701,04:51:50.701,gateio,ADA/USDT:USDT,0.8317,309.0,0.8316,2120.0,0.8318,16.0,0.8319,511.0
1753591910783,04:51:50.783,gateio,ADA/USDT:USDT,0.8317,309.0,0.8316,2120.0,0.8318,16.0,0.8319,511.0
1753591910856,04:51:50.856,gateio,ADA/USDT:USDT,0.8317,359.0,0.8316,2120.0,0.8318,16.0,0.8319,511.0
1753591911026,04:51:51.026,gateio,ADA/USDT:USDT,0.8317,309.0,0.8316,2120.0,0.8318,16.0,0.8319,511.0
1753591911335,04:51:51.335,gateio,ADA/USDT:USDT,0.8317,309.0,0.8316,2095.0,0.8318,16.0,0.8319,536.0
1753591911500,04:51:51.500,gateio,ADA/USDT:USDT,0.8317,309.0,0.8316,2120.0,0.8318,16.0,0.8319,536.0
1753591911636,04:51:51.636,gateio,ADA/USDT:USDT,0.8317,154.0,0.8316,2070.0,0.8318,876.0,0.8319,561.0
1753591911744,04:51:51.744,gateio,ADA/USDT:USDT,0.8316,50.0,0.8315,2462.0,0.8317,940.0,0.8318,976.0
1753591911843,04:51:51.843,gateio,ADA/USDT:USDT,0.8316,50.0,0.8315,2502.0,0.8317,400.0,0.8318,1464.0
1753591911939,04:51:51.939,gateio,ADA/USDT:USDT,0.8317,89.0,0.8316,1542.0,0.8318,926.0,0.8319,1994.0
1753591912040,04:51:52.040,gateio,ADA/USDT:USDT,0.8317,294.0,0.8316,1561.0,0.8318,16.0,0.8319,1555.0
1753591912144,04:51:52.144,gateio,ADA/USDT:USDT,0.8317,294.0,0.8316,1693.0,0.8318,16.0,0.8319,1762.0
1753591912224,04:51:52.224,gateio,ADA/USDT:USDT,0.8317,294.0,0.8316,1718.0,0.8318,16.0,0.8319,911.0
1753591912338,04:51:52.338,gateio,ADA/USDT:USDT,0.8317,319.0,0.8316,1718.0,0.8318,16.0,0.8319,911.0
1753591912362,04:51:52.362,gateio,ADA/USDT:USDT,0.8317,320.0,0.8316,2732.0,0.8318,16.0,0.8319,911.0
1753591912532,04:51:52.532,gateio,ADA/USDT:USDT,0.8317,345.0,0.8316,2732.0,0.8318,16.0,0.8319,911.0
1753591912641,04:51:52.641,gateio,ADA/USDT:USDT,0.8317,720.0,0.8316,2732.0,0.8318,16.0,0.8319,911.0
1753591912727,04:51:52.727,gateio,ADA/USDT:USDT,0.8317,745.0,0.8316,2732.0,0.8318,16.0,0.8319,911.0
1753591912834,04:51:52.834,gateio,ADA/USDT:USDT,0.8317,745.0,0.8316,2732.0,0.8318,16.0,0.8319,451.0
1753591913014,04:51:53.014,gateio,ADA/USDT:USDT,0.8317,745.0,0.8316,2732.0,0.8318,16.0,0.8319,451.0
1753591913247,04:51:53.247,gateio,ADA/USDT:USDT,0.8317,695.0,0.8316,2810.0,0.8318,16.0,0.8319,451.0
1753591913269,04:51:53.269,gateio,ADA/USDT:USDT,0.8317,694.0,0.8316,2810.0,0.8318,16.0,0.8319,451.0
1753591913414,04:51:53.414,gateio,ADA/USDT:USDT,0.8317,294.0,0.8316,2732.0,0.8318,16.0,0.8319,451.0
1753591913534,04:51:53.534,gateio,ADA/USDT:USDT,0.8317,294.0,0.8316,2732.0,0.8318,16.0,0.8319,451.0
1753591913631,04:51:53.631,gateio,ADA/USDT:USDT,0.8317,694.0,0.8316,2732.0,0.8318,16.0,0.8319,451.0
1753591913732,04:51:53.732,gateio,ADA/USDT:USDT,0.8317,694.0,0.8316,2732.0,0.8318,16.0,0.8319,451.0
1753591913850,04:51:53.850,gateio,ADA/USDT:USDT,0.8317,694.0,0.8316,2732.0,0.8318,16.0,0.8319,451.0
1753591913900,04:51:53.900,gateio,ADA/USDT:USDT,0.8317,694.0,0.8316,2732.0,0.8318,16.0,0.8319,451.0
1753591914035,04:51:54.035,gateio,ADA/USDT:USDT,0.8317,694.0,0.8316,2732.0,0.8318,16.0,0.8319,451.0
1753591914148,04:51:54.148,gateio,ADA/USDT:USDT,0.8317,694.0,0.8316,2682.0,0.8318,16.0,0.8319,913.0
1753591914232,04:51:54.232,gateio,ADA/USDT:USDT,0.8317,294.0,0.8316,2682.0,0.8318,16.0,0.8319,913.0
1753591914312,04:51:54.312,gateio,ADA/USDT:USDT,0.8317,294.0,0.8316,2682.0,0.8318,16.0,0.8319,938.0
1753591914385,04:51:54.385,gateio,ADA/USDT:USDT,0.8317,294.0,0.8316,2707.0,0.8318,16.0,0.8319,913.0
1753591914501,04:51:54.501,gateio,ADA/USDT:USDT,0.8317,294.0,0.8316,2732.0,0.8318,16.0,0.8319,888.0
1753591914649,04:51:54.649,gateio,ADA/USDT:USDT,0.8317,694.0,0.8316,2732.0,0.8318,16.0,0.8319,888.0
1753591914735,04:51:54.735,gateio,ADA/USDT:USDT,0.8317,294.0,0.8316,2682.0,0.8318,16.0,0.8319,913.0
1753591914839,04:51:54.839,gateio,ADA/USDT:USDT,0.8317,50.0,0.8316,2682.0,0.8318,66.0,0.8319,938.0
1753591914919,04:51:54.919,gateio,ADA/USDT:USDT,0.8317,50.0,0.8316,2682.0,0.8318,503.0,0.8319,938.0
1753591914977,04:51:54.977,gateio,ADA/USDT:USDT,0.8317,50.0,0.8316,2682.0,0.8318,503.0,0.8319,938.0
1753591915095,04:51:55.095,gateio,ADA/USDT:USDT,0.8317,50.0,0.8316,1831.0,0.8318,503.0,0.8319,938.0
1753591915393,04:51:55.393,gateio,ADA/USDT:USDT,0.8317,50.0,0.8316,1831.0,0.8318,503.0,0.8319,1058.0
1753591915539,04:51:55.539,gateio,ADA/USDT:USDT,0.8317,50.0,0.8316,1831.0,0.8318,503.0,0.8319,1058.0
1753591915617,04:51:55.617,gateio,ADA/USDT:USDT,0.8317,50.0,0.8316,1831.0,0.8318,903.0,0.8319,1131.0
1753591915728,04:51:55.728,gateio,ADA/USDT:USDT,0.8317,50.0,0.8316,1831.0,0.8318,903.0,0.8319,1131.0
1753591915841,04:51:55.841,gateio,ADA/USDT:USDT,0.8317,50.0,0.8316,1856.0,0.8318,903.0,0.8319,1131.0
1753591915930,04:51:55.930,gateio,ADA/USDT:USDT,0.8317,50.0,0.8316,1831.0,0.8318,903.0,0.8319,1497.0
1753591916045,04:51:56.045,gateio,ADA/USDT:USDT,0.8316,643.0,0.8315,2936.0,0.8318,953.0,0.8319,2102.0
1753591916139,04:51:56.139,gateio,ADA/USDT:USDT,0.8316,919.0,0.8315,3535.0,0.8318,928.0,0.8319,2780.0
1753591916333,04:51:56.333,gateio,ADA/USDT:USDT,0.8316,919.0,0.8315,3535.0,0.8318,953.0,0.8319,2780.0
1753591916645,04:51:56.645,gateio,ADA/USDT:USDT,0.8316,50.0,0.8315,3178.0,0.8317,553.0,0.8318,953.0
1753591916712,04:51:56.712,gateio,ADA/USDT:USDT,0.8316,50.0,0.8315,3178.0,0.8317,153.0,0.8318,953.0
1753591916777,04:51:56.777,gateio,ADA/USDT:USDT,0.8316,50.0,0.8315,3256.0,0.8317,50.0,0.8318,953.0
1753591916933,04:51:56.933,gateio,ADA/USDT:USDT,0.8316,50.0,0.8315,2567.0,0.8317,50.0,0.8318,1804.0
1753591917045,04:51:57.045,gateio,ADA/USDT:USDT,0.8316,50.0,0.8315,2592.0,0.8317,50.0,0.8318,1804.0
1753591917106,04:51:57.106,gateio,ADA/USDT:USDT,0.8316,50.0,0.8315,1890.0,0.8317,50.0,0.8318,1804.0
1753591917231,04:51:57.231,gateio,ADA/USDT:USDT,0.8316,50.0,0.8315,1812.0,0.8317,50.0,0.8318,1804.0
1753591917461,04:51:57.461,gateio,ADA/USDT:USDT,0.8316,50.0,0.8315,1837.0,0.8317,50.0,0.8318,1804.0
1753591917640,04:51:57.640,gateio,ADA/USDT:USDT,0.8316,450.0,0.8315,1837.0,0.8317,50.0,0.8318,1804.0
1753591917736,04:51:57.736,gateio,ADA/USDT:USDT,0.8316,450.0,0.8315,1812.0,0.8317,50.0,0.8318,1804.0
1753591917753,04:51:57.753,gateio,ADA/USDT:USDT,0.8316,450.0,0.8315,1812.0,0.8317,50.0,0.8318,1804.0
1753591918045,04:51:58.045,gateio,ADA/USDT:USDT,0.8317,89.0,0.8316,1193.0,0.8318,1754.0,0.8319,1882.0
1753591918120,04:51:58.120,gateio,ADA/USDT:USDT,0.8317,89.0,0.8316,1193.0,0.8318,1754.0,0.8319,2027.0
1753591918241,04:51:58.241,gateio,ADA/USDT:USDT,0.8316,443.0,0.8315,2489.0,0.8318,1804.0,0.8319,2002.0
1753591918348,04:51:58.348,gateio,ADA/USDT:USDT,0.8316,50.0,0.8315,2489.0,0.8317,450.0,0.8318,1804.0
1753591918373,04:51:58.373,gateio,ADA/USDT:USDT,0.8316,50.0,0.8315,2489.0,0.8317,450.0,0.8318,1804.0
1753591918546,04:51:58.546,gateio,ADA/USDT:USDT,0.8316,50.0,0.8315,2489.0,0.8317,887.0,0.8318,1804.0
1753591918554,04:51:58.554,gateio,ADA/USDT:USDT,0.8316,50.0,0.8315,2489.0,0.8317,887.0,0.8318,1804.0
1753591918726,04:51:58.726,gateio,ADA/USDT:USDT,0.8316,50.0,0.8315,2489.0,0.8317,887.0,0.8318,1804.0
1753591919042,04:51:59.042,gateio,ADA/USDT:USDT,0.8316,50.0,0.8315,2489.0,0.8317,887.0,0.8318,1804.0
1753591919138,04:51:59.138,gateio,ADA/USDT:USDT,0.8316,50.0,0.8315,1352.0,0.8317,887.0,0.8318,1877.0
1753591919199,04:51:59.199,gateio,ADA/USDT:USDT,0.8316,50.0,0.8315,1352.0,0.8317,887.0,0.8318,1877.0
1753591919365,04:51:59.365,gateio,ADA/USDT:USDT,0.8316,50.0,0.8315,1352.0,0.8317,887.0,0.8318,1877.0
1753591919514,04:51:59.514,gateio,ADA/USDT:USDT,0.8316,50.0,0.8315,1352.0,0.8317,887.0,0.8318,1877.0
1753591919638,04:51:59.638,gateio,ADA/USDT:USDT,0.8316,50.0,0.8315,1352.0,0.8317,294.0,0.8318,1877.0
1753591919710,04:51:59.710,gateio,ADA/USDT:USDT,0.8316,139.0,0.8315,1377.0,0.8317,294.0,0.8318,1804.0
1753591919933,04:51:59.933,gateio,ADA/USDT:USDT,0.8316,139.0,0.8315,1352.0,0.8317,294.0,0.8318,1804.0
1753591920046,04:52:00.046,gateio,ADA/USDT:USDT,0.8316,139.0,0.8315,1352.0,0.8317,294.0,0.8318,1804.0
1753591920146,04:52:00.146,gateio,ADA/USDT:USDT,0.8316,139.0,0.8315,1377.0,0.8317,294.0,0.8318,1804.0
1753591920246,04:52:00.246,gateio,ADA/USDT:USDT,0.8316,139.0,0.8315,1377.0,0.8317,294.0,0.8318,1804.0
1753591920349,04:52:00.349,gateio,ADA/USDT:USDT,0.8316,50.0,0.8315,1352.0,0.8317,294.0,0.8318,1804.0
1753591920447,04:52:00.447,gateio,ADA/USDT:USDT,0.8315,602.0,0.8314,3132.0,0.8317,369.0,0.8318,1852.0
1753591920533,04:52:00.533,gateio,ADA/USDT:USDT,0.8315,964.0,0.8314,3809.0,0.8317,769.0,0.8318,3202.0
1753591920584,04:52:00.584,gateio,ADA/USDT:USDT,0.8315,964.0,0.8314,3809.0,0.8317,769.0,0.8318,3202.0
1753591920718,04:52:00.718,gateio,ADA/USDT:USDT,0.8315,964.0,0.8314,3809.0,0.8317,769.0,0.8318,3202.0
1753591920849,04:52:00.849,gateio,ADA/USDT:USDT,0.8315,964.0,0.8314,3809.0,0.8317,769.0,0.8318,3202.0
1753591921032,04:52:01.032,gateio,ADA/USDT:USDT,0.8315,964.0,0.8314,3809.0,0.8317,769.0,0.8318,3202.0
1753591921148,04:52:01.148,gateio,ADA/USDT:USDT,0.8316,155.0,0.8315,1014.0,0.8317,744.0,0.8318,3177.0
1753591921244,04:52:01.244,gateio,ADA/USDT:USDT,0.8316,205.0,0.8315,1714.0,0.8317,344.0,0.8318,3129.0
1753591921319,04:52:01.319,gateio,ADA/USDT:USDT,0.8316,205.0,0.8315,1714.0,0.8317,344.0,0.8318,3129.0
1753591921444,04:52:01.444,gateio,ADA/USDT:USDT,0.8317,489.0,0.8316,1385.0,0.8318,2032.0,0.8319,2269.0
1753591921548,04:52:01.548,gateio,ADA/USDT:USDT,0.8317,1196.0,0.8316,1785.0,0.8318,16.0,0.8319,488.0
1753591921618,04:52:01.618,gateio,ADA/USDT:USDT,0.8317,1171.0,0.8316,1971.0,0.8318,16.0,0.8319,488.0
1753591921740,04:52:01.740,gateio,ADA/USDT:USDT,0.8317,1146.0,0.8316,2822.0,0.8318,16.0,0.8319,1.0
1753591921814,04:52:01.814,gateio,ADA/USDT:USDT,0.8317,1172.0,0.8316,3089.0,0.8318,16.0,0.8319,1.0
1753591921940,04:52:01.940,gateio,ADA/USDT:USDT,0.8318,1057.0,0.8317,2040.0,0.8319,1.0,0.832,3507.0
1753591922013,04:52:02.013,gateio,ADA/USDT:USDT,0.8318,1057.0,0.8317,2359.0,0.8319,1.0,0.832,1016.0
1753591922147,04:52:02.147,gateio,ADA/USDT:USDT,0.8318,620.0,0.8317,1992.0,0.8319,1.0,0.832,1867.0
1753591922246,04:52:02.246,gateio,ADA/USDT:USDT,0.8318,155.0,0.8317,1530.0,0.8319,594.0,0.832,1867.0
1753591922329,04:52:02.329,gateio,ADA/USDT:USDT,0.8318,155.0,0.8317,1441.0,0.8319,594.0,0.832,2155.0
1753591922447,04:52:02.447,gateio,ADA/USDT:USDT,0.8317,205.0,0.8316,2699.0,0.8318,993.0,0.8319,948.0
1753591922537,04:52:02.537,gateio,ADA/USDT:USDT,0.8317,450.0,0.8316,3005.0,0.8318,156.0,0.8319,838.0
1753591922591,04:52:02.591,gateio,ADA/USDT:USDT,0.8317,450.0,0.8316,3005.0,0.8318,156.0,0.8319,863.0
1753591922702,04:52:02.702,gateio,ADA/USDT:USDT,0.8317,450.0,0.8316,3005.0,0.8318,156.0,0.8319,838.0
1753591922816,04:52:02.816,gateio,ADA/USDT:USDT,0.8318,89.0,0.8317,1169.0,0.8319,898.0,0.832,2906.0
1753591922948,04:52:02.948,gateio,ADA/USDT:USDT,0.8318,244.0,0.8317,892.0,0.8319,594.0,0.832,2906.0
1753591923012,04:52:03.012,gateio,ADA/USDT:USDT,0.8318,244.0,0.8317,892.0,0.8319,594.0,0.832,2931.0
1753591923127,04:52:03.127,gateio,ADA/USDT:USDT,0.8318,244.0,0.8317,892.0,0.8319,594.0,0.832,2931.0
1753591923173,04:52:03.173,gateio,ADA/USDT:USDT,0.8318,244.0,0.8317,892.0,0.8319,594.0,0.832,2931.0
1753591923348,04:52:03.348,gateio,ADA/USDT:USDT,0.8318,244.0,0.8317,892.0,0.8319,594.0,0.832,2931.0
1753591923397,04:52:03.397,gateio,ADA/USDT:USDT,0.8318,244.0,0.8317,892.0,0.8319,594.0,0.832,2931.0
1753591923533,04:52:03.533,gateio,ADA/USDT:USDT,0.8318,89.0,0.8317,892.0,0.8319,594.0,0.832,2278.0
1753591923636,04:52:03.636,gateio,ADA/USDT:USDT,0.8318,89.0,0.8317,892.0,0.8319,594.0,0.832,2253.0
1753591923734,04:52:03.734,gateio,ADA/USDT:USDT,0.8318,89.0,0.8317,892.0,0.8319,594.0,0.832,2253.0
1753591923846,04:52:03.846,gateio,ADA/USDT:USDT,0.8318,294.0,0.8317,1354.0,0.8319,157.0,0.832,2155.0
1753591923930,04:52:03.930,gateio,ADA/USDT:USDT,0.8318,294.0,0.8317,1354.0,0.8319,157.0,0.832,1867.0
1753591924034,04:52:04.034,gateio,ADA/USDT:USDT,0.8318,294.0,0.8317,1379.0,0.8319,157.0,0.832,1867.0
1753591924121,04:52:04.121,gateio,ADA/USDT:USDT,0.8318,294.0,0.8317,1354.0,0.8319,51.0,0.832,1867.0
1753591924219,04:52:04.219,gateio,ADA/USDT:USDT,0.8318,344.0,0.8317,2038.0,0.8319,1.0,0.832,1090.0
1753591924338,04:52:04.338,gateio,ADA/USDT:USDT,0.8318,294.0,0.8317,1672.0,0.8319,1.0,0.832,1090.0
1753591924441,04:52:04.441,gateio,ADA/USDT:USDT,0.8318,294.0,0.8317,1672.0,0.8319,1.0,0.832,1090.0
1753591924507,04:52:04.507,gateio,ADA/USDT:USDT,0.8318,694.0,0.8317,2523.0,0.8319,1.0,0.832,239.0
1753591924597,04:52:04.597,gateio,ADA/USDT:USDT,0.8318,719.0,0.8317,1672.0,0.8319,1.0,0.832,239.0
1753591924727,04:52:04.727,gateio,ADA/USDT:USDT,0.8318,719.0,0.8317,1672.0,0.8319,1.0,0.832,239.0
1753591924813,04:52:04.813,gateio,ADA/USDT:USDT,0.8318,694.0,0.8317,1622.0,0.8319,1.0,0.832,264.0
1753591924932,04:52:04.932,gateio,ADA/USDT:USDT,0.8318,694.0,0.8317,1622.0,0.8319,1.0,0.832,264.0
1753591924998,04:52:04.998,gateio,ADA/USDT:USDT,0.8318,694.0,0.8317,1672.0,0.8319,1.0,0.832,239.0
1753591925113,04:52:05.113,gateio,ADA/USDT:USDT,0.8318,694.0,0.8317,1672.0,0.8319,1.0,0.832,239.0
1753591925211,04:52:05.211,gateio,ADA/USDT:USDT,0.8318,744.0,0.8317,1672.0,0.8319,1.0,0.832,239.0
1753591925314,04:52:05.314,gateio,ADA/USDT:USDT,0.8318,719.0,0.8317,1672.0,0.8319,1.0,0.832,239.0
1753591925429,04:52:05.429,gateio,ADA/USDT:USDT,0.8318,744.0,0.8317,1672.0,0.8319,1.0,0.832,239.0
1753591925536,04:52:05.536,gateio,ADA/USDT:USDT,0.8318,745.0,0.8317,1745.0,0.8319,1.0,0.832,135.0
1753591925579,04:52:05.579,gateio,ADA/USDT:USDT,0.8318,745.0,0.8317,1745.0,0.8319,1.0,0.832,135.0
1753591925683,04:52:05.683,gateio,ADA/USDT:USDT,0.8318,745.0,0.8317,1745.0,0.8319,1.0,0.832,135.0
1753591925835,04:52:05.835,gateio,ADA/USDT:USDT,0.8318,720.0,0.8317,1823.0,0.8319,1.0,0.832,135.0
1753591925940,04:52:05.940,gateio,ADA/USDT:USDT,0.8318,694.0,0.8317,1773.0,0.8319,1.0,0.832,160.0
1753591926041,04:52:06.041,gateio,ADA/USDT:USDT,0.8318,694.0,0.8317,1720.0,0.8319,1.0,0.832,160.0
1753591926141,04:52:06.141,gateio,ADA/USDT:USDT,0.8318,294.0,0.8317,1622.0,0.8319,61.0,0.832,512.0
1753591926215,04:52:06.215,gateio,ADA/USDT:USDT,0.8318,50.0,0.8317,1622.0,0.8319,61.0,0.832,562.0
1753591926334,04:52:06.334,gateio,ADA/USDT:USDT,0.8318,205.0,0.8317,1647.0,0.8319,1.0,0.832,537.0
1753591926415,04:52:06.415,gateio,ADA/USDT:USDT,0.8318,205.0,0.8317,1647.0,0.8319,1.0,0.832,597.0
1753591926530,04:52:06.530,gateio,ADA/USDT:USDT,0.8318,605.0,0.8317,1647.0,0.8319,1.0,0.832,597.0
1753591926630,04:52:06.630,gateio,ADA/USDT:USDT,0.8318,605.0,0.8317,1647.0,0.8319,1.0,0.832,572.0
1753591926821,04:52:06.821,gateio,ADA/USDT:USDT,0.8318,605.0,0.8317,1672.0,0.8319,1.0,0.832,572.0
1753591926935,04:52:06.935,gateio,ADA/USDT:USDT,0.8318,655.0,0.8317,1672.0,0.8319,1.0,0.832,572.0
1753591927006,04:52:07.006,gateio,ADA/USDT:USDT,0.8318,655.0,0.8317,1672.0,0.8319,1.0,0.832,572.0
1753591927070,04:52:07.070,gateio,ADA/USDT:USDT,0.8318,655.0,0.8317,1672.0,0.8319,1.0,0.832,572.0
1753591927228,04:52:07.228,gateio,ADA/USDT:USDT,0.8318,630.0,0.8317,1672.0,0.8319,1.0,0.832,572.0
1753591927347,04:52:07.347,gateio,ADA/USDT:USDT,0.8318,630.0,0.8317,1672.0,0.8319,1.0,0.832,572.0
1753591927417,04:52:07.417,gateio,ADA/USDT:USDT,0.8318,605.0,0.8317,1672.0,0.8319,1.0,0.832,572.0
1753591927465,04:52:07.465,gateio,ADA/USDT:USDT,0.8318,605.0,0.8317,1672.0,0.8319,1.0,0.832,572.0
1753591927645,04:52:07.645,gateio,ADA/USDT:USDT,0.8318,605.0,0.8317,1647.0,0.8319,1.0,0.832,572.0
1753591927738,04:52:07.738,gateio,ADA/USDT:USDT,0.8318,630.0,0.8317,1672.0,0.8319,1.0,0.832,572.0
1753591927842,04:52:07.842,gateio,ADA/USDT:USDT,0.8318,630.0,0.8317,1672.0,0.8319,1.0,0.832,572.0
1753591928040,04:52:08.040,gateio,ADA/USDT:USDT,0.8318,630.0,0.8317,1672.0,0.8319,1.0,0.832,572.0
1753591928132,04:52:08.132,gateio,ADA/USDT:USDT,0.8318,630.0,0.8317,1672.0,0.8319,1.0,0.832,572.0
1753591928216,04:52:08.216,gateio,ADA/USDT:USDT,0.8318,630.0,0.8317,1672.0,0.8319,1.0,0.832,572.0
1753591928339,04:52:08.339,gateio,ADA/USDT:USDT,0.8318,655.0,0.8317,2038.0,0.8319,1.0,0.832,572.0
1753591928440,04:52:08.440,gateio,ADA/USDT:USDT,0.8318,630.0,0.8317,2038.0,0.8319,1.0,0.832,135.0
1753591928485,04:52:08.485,gateio,ADA/USDT:USDT,0.8318,630.0,0.8317,2038.0,0.8319,1.0,0.832,135.0
1753591928649,04:52:08.649,gateio,ADA/USDT:USDT,0.8318,630.0,0.8317,2038.0,0.8319,1.0,0.832,135.0
1753591928735,04:52:08.735,gateio,ADA/USDT:USDT,0.8318,605.0,0.8317,1988.0,0.8319,1.0,0.832,135.0
1753591928813,04:52:08.813,gateio,ADA/USDT:USDT,0.8318,605.0,0.8317,2013.0,0.8319,1.0,0.832,135.0
1753591928931,04:52:08.931,gateio,ADA/USDT:USDT,0.8318,605.0,0.8317,2038.0,0.8319,1.0,0.832,135.0
1753591929043,04:52:09.043,gateio,ADA/USDT:USDT,0.8318,741.0,0.8317,2189.0,0.8319,1.0,0.832,25.0
1753591929143,04:52:09.143,gateio,ADA/USDT:USDT,0.8318,1444.0,0.8317,2111.0,0.8319,1.0,0.832,25.0
1753591929248,04:52:09.248,gateio,ADA/USDT:USDT,0.8318,1444.0,0.8317,2111.0,0.8319,1.0,0.832,25.0
1753591929320,04:52:09.320,gateio,ADA/USDT:USDT,0.8318,1444.0,0.8317,2111.0,0.8319,1.0,0.832,25.0
1753591929443,04:52:09.443,gateio,ADA/USDT:USDT,0.8318,1366.0,0.8317,2111.0,0.8319,1.0,0.832,25.0
1753591929532,04:52:09.532,gateio,ADA/USDT:USDT,0.8318,1366.0,0.8317,2111.0,0.8319,1.0,0.832,25.0
1753591929575,04:52:09.575,gateio,ADA/USDT:USDT,0.8318,1366.0,0.8317,2111.0,0.8319,1.0,0.832,25.0
1753591929704,04:52:09.704,gateio,ADA/USDT:USDT,0.8318,1366.0,0.8317,2111.0,0.8319,1.0,0.832,25.0
1753591929933,04:52:09.933,gateio,ADA/USDT:USDT,0.8318,1366.0,0.8317,2111.0,0.8319,1.0,0.832,25.0
1753591930021,04:52:10.021,gateio,ADA/USDT:USDT,0.8318,1366.0,0.8317,2111.0,0.8319,1.0,0.832,25.0
1753591930122,04:52:10.122,gateio,ADA/USDT:USDT,0.8318,1366.0,0.8317,2111.0,0.8319,1.0,0.832,25.0
1753591930236,04:52:10.236,gateio,ADA/USDT:USDT,0.8318,1366.0,0.8317,2111.0,0.8319,1.0,0.832,25.0
1753591930328,04:52:10.328,gateio,ADA/USDT:USDT,0.8318,1366.0,0.8317,2111.0,0.8319,1.0,0.832,25.0
1753591930438,04:52:10.438,gateio,ADA/USDT:USDT,0.8318,1366.0,0.8317,2189.0,0.8319,1.0,0.832,25.0
1753591930520,04:52:10.520,gateio,ADA/USDT:USDT,0.8318,1366.0,0.8317,2432.0,0.8319,1.0,0.832,25.0
1753591930576,04:52:10.576,gateio,ADA/USDT:USDT,0.8318,1366.0,0.8317,2432.0,0.8319,1.0,0.832,25.0
1753591930727,04:52:10.727,gateio,ADA/USDT:USDT,0.8318,1366.0,0.8317,2432.0,0.8319,1.0,0.832,25.0
1753591930838,04:52:10.838,gateio,ADA/USDT:USDT,0.8318,1341.0,0.8317,2432.0,0.8319,1.0,0.832,25.0
1753591931049,04:52:11.049,gateio,ADA/USDT:USDT,0.8319,868.0,0.8318,1875.0,0.832,25.0,0.8321,110.0
1753591931147,04:52:11.147,gateio,ADA/USDT:USDT,0.8319,1309.0,0.8318,2157.0,0.832,25.0,0.8321,110.0
1753591931244,04:52:11.244,gateio,ADA/USDT:USDT,0.8319,1202.0,0.8318,2079.0,0.832,25.0,0.8321,110.0
1753591931346,04:52:11.346,gateio,ADA/USDT:USDT,0.8319,1202.0,0.8318,2930.0,0.832,25.0,0.8321,110.0
1753591931434,04:52:11.434,gateio,ADA/USDT:USDT,0.8319,1176.0,0.8318,2930.0,0.832,25.0,0.8321,535.0
1753591931538,04:52:11.538,gateio,ADA/USDT:USDT,0.8319,1176.0,0.8318,2880.0,0.832,25.0,0.8321,975.0
1753591931639,04:52:11.639,gateio,ADA/USDT:USDT,0.8319,776.0,0.8318,2880.0,0.832,25.0,0.8321,975.0
1753591931749,04:52:11.749,gateio,ADA/USDT:USDT,0.8319,126.0,0.8318,2880.0,0.832,490.0,0.8321,975.0
1753591931818,04:52:11.818,gateio,ADA/USDT:USDT,0.8319,126.0,0.8318,2399.0,0.832,490.0,0.8321,975.0
1753591931926,04:52:11.926,gateio,ADA/USDT:USDT,0.8319,76.0,0.8318,1755.0,0.832,490.0,0.8321,1048.0
1753591932046,04:52:12.046,gateio,ADA/USDT:USDT,0.8319,76.0,0.8318,1600.0,0.832,515.0,0.8321,1732.0
1753591932107,04:52:12.107,gateio,ADA/USDT:USDT,0.8319,76.0,0.8318,1600.0,0.832,515.0,0.8321,1732.0
1753591932157,04:52:12.157,gateio,ADA/USDT:USDT,0.8319,76.0,0.8318,1600.0,0.832,515.0,0.8321,1732.0
1753591932330,04:52:12.330,gateio,ADA/USDT:USDT,0.8319,76.0,0.8318,1600.0,0.832,490.0,0.8321,1732.0
1753591932418,04:52:12.418,gateio,ADA/USDT:USDT,0.8319,76.0,0.8318,1600.0,0.832,890.0,0.8321,1672.0
1753591932528,04:52:12.528,gateio,ADA/USDT:USDT,0.8319,76.0,0.8318,1600.0,0.832,890.0,0.8321,1672.0
1753591932590,04:52:12.590,gateio,ADA/USDT:USDT,0.8319,76.0,0.8318,1600.0,0.832,890.0,0.8321,1672.0
1753591932722,04:52:12.722,gateio,ADA/USDT:USDT,0.8319,76.0,0.8318,1600.0,0.832,890.0,0.8321,1647.0
1753591932830,04:52:12.830,gateio,ADA/USDT:USDT,0.8319,76.0,0.8318,1600.0,0.832,890.0,0.8321,1647.0
1753591932943,04:52:12.943,gateio,ADA/USDT:USDT,0.8319,76.0,0.8318,1600.0,0.832,915.0,0.8321,1672.0
1753591933020,04:52:13.020,gateio,ADA/USDT:USDT,0.8319,156.0,0.8318,1600.0,0.832,890.0,0.8321,1672.0
1753591933119,04:52:13.119,gateio,ADA/USDT:USDT,0.8319,76.0,0.8318,1600.0,0.832,915.0,0.8321,1672.0
1753591933239,04:52:13.239,gateio,ADA/USDT:USDT,0.8319,76.0,0.8318,1600.0,0.832,890.0,0.8321,1672.0
1753591933352,04:52:13.352,gateio,ADA/USDT:USDT,0.8319,76.0,0.8318,1600.0,0.832,890.0,0.8321,1672.0
1753591933547,04:52:13.547,gateio,ADA/USDT:USDT,0.8319,76.0,0.8318,1600.0,0.832,890.0,0.8321,1672.0
1753591933616,04:52:13.616,gateio,ADA/USDT:USDT,0.8319,76.0,0.8318,1600.0,0.832,890.0,0.8321,1672.0
1753591933735,04:52:13.735,gateio,ADA/USDT:USDT,0.8319,76.0,0.8318,1600.0,0.832,950.0,0.8321,1672.0
1753591933837,04:52:13.837,gateio,ADA/USDT:USDT,0.8319,76.0,0.8318,1600.0,0.832,890.0,0.8321,1672.0
1753591933945,04:52:13.945,gateio,ADA/USDT:USDT,0.8319,76.0,0.8318,1600.0,0.832,890.0,0.8321,1672.0
1753591934003,04:52:14.003,gateio,ADA/USDT:USDT,0.8319,76.0,0.8318,1600.0,0.832,890.0,0.8321,1672.0
1753591934150,04:52:14.150,gateio,ADA/USDT:USDT,0.8319,76.0,0.8318,1600.0,0.832,890.0,0.8321,1672.0
1753591934150,04:52:14.150,gateio,ADA/USDT:USDT,0.8319,76.0,0.8318,1600.0,0.832,890.0,0.8321,1672.0
1753591934312,04:52:14.312,gateio,ADA/USDT:USDT,0.8319,76.0,0.8318,1600.0,0.832,890.0,0.8321,1672.0
1753591934408,04:52:14.408,gateio,ADA/USDT:USDT,0.8319,76.0,0.8318,1600.0,0.832,890.0,0.8321,1672.0
1753591934515,04:52:14.515,gateio,ADA/USDT:USDT,0.8319,76.0,0.8318,1600.0,0.832,890.0,0.8321,1672.0
1753591934620,04:52:14.620,gateio,ADA/USDT:USDT,0.8319,76.0,0.8318,1600.0,0.832,890.0,0.8321,1672.0
1753591934749,04:52:14.749,gateio,ADA/USDT:USDT,0.8319,281.0,0.8318,1625.0,0.832,490.0,0.8321,890.0
1753591934836,04:52:14.836,gateio,ADA/USDT:USDT,0.8319,126.0,0.8318,1625.0,0.832,550.0,0.8321,865.0
1753591934887,04:52:14.887,gateio,ADA/USDT:USDT,0.8319,126.0,0.8318,1625.0,0.832,550.0,0.8321,865.0
1753591935008,04:52:15.008,gateio,ADA/USDT:USDT,0.8319,126.0,0.8318,1625.0,0.832,550.0,0.8321,865.0
1753591935142,04:52:15.142,gateio,ADA/USDT:USDT,0.8319,281.0,0.8318,1625.0,0.832,490.0,0.8321,865.0
1753591935205,04:52:15.205,gateio,ADA/USDT:USDT,0.8319,126.0,0.8318,1625.0,0.832,490.0,0.8321,1103.0
1753591935322,04:52:15.322,gateio,ADA/USDT:USDT,0.8319,126.0,0.8318,1625.0,0.832,490.0,0.8321,1954.0
1753591935381,04:52:15.381,gateio,ADA/USDT:USDT,0.8319,126.0,0.8318,1625.0,0.832,490.0,0.8321,1954.0
1753591935544,04:52:15.544,gateio,ADA/USDT:USDT,0.8319,281.0,0.8318,1600.0,0.832,490.0,0.8321,1954.0
1753591935633,04:52:15.633,gateio,ADA/USDT:USDT,0.8319,126.0,0.8318,1600.0,0.832,490.0,0.8321,1954.0
1753591935741,04:52:15.741,gateio,ADA/USDT:USDT,0.8319,126.0,0.8318,1600.0,0.832,490.0,0.8321,1954.0
1753591935934,04:52:15.934,gateio,ADA/USDT:USDT,0.8319,126.0,0.8318,1600.0,0.832,490.0,0.8321,1954.0
1753591936037,04:52:16.037,gateio,ADA/USDT:USDT,0.8319,126.0,0.8318,1600.0,0.832,550.0,0.8321,1954.0
1753591936141,04:52:16.141,gateio,ADA/USDT:USDT,0.8319,306.0,0.8318,1600.0,0.832,75.0,0.8321,1954.0
1753591936218,04:52:16.218,gateio,ADA/USDT:USDT,0.8319,281.0,0.8318,1600.0,0.832,75.0,0.8321,1954.0
1753591936340,04:52:16.340,gateio,ADA/USDT:USDT,0.8319,281.0,0.8318,1600.0,0.832,75.0,0.8321,1954.0
1753591936416,04:52:16.416,gateio,ADA/USDT:USDT,0.8319,681.0,0.8318,1625.0,0.832,75.0,0.8321,1954.0
1753591936530,04:52:16.530,gateio,ADA/USDT:USDT,0.8319,281.0,0.8318,1625.0,0.832,75.0,0.8321,1954.0
1753591936640,04:52:16.640,gateio,ADA/USDT:USDT,0.8319,306.0,0.8318,1625.0,0.832,75.0,0.8321,1954.0
1753591936727,04:52:16.727,gateio,ADA/USDT:USDT,0.8319,281.0,0.8318,1625.0,0.832,75.0,0.8321,1954.0
1753591936849,04:52:16.849,gateio,ADA/USDT:USDT,0.8319,306.0,0.8318,1625.0,0.832,75.0,0.8321,1954.0
1753591936909,04:52:16.909,gateio,ADA/USDT:USDT,0.8319,306.0,0.8318,1625.0,0.832,75.0,0.8321,1954.0
1753591937045,04:52:17.045,gateio,ADA/USDT:USDT,0.8319,306.0,0.8318,1625.0,0.832,85.0,0.8321,1954.0
1753591937131,04:52:17.131,gateio,ADA/USDT:USDT,0.8319,306.0,0.8318,1625.0,0.832,85.0,0.8321,1954.0
1753591937238,04:52:17.238,gateio,ADA/USDT:USDT,0.8319,281.0,0.8318,1625.0,0.832,25.0,0.8321,1954.0
1753591937302,04:52:17.302,gateio,ADA/USDT:USDT,0.8319,281.0,0.8318,1625.0,0.832,25.0,0.8321,1954.0
1753591937421,04:52:17.421,gateio,ADA/USDT:USDT,0.8319,306.0,0.8318,1625.0,0.832,25.0,0.8321,1954.0
1753591937483,04:52:17.483,gateio,ADA/USDT:USDT,0.8319,306.0,0.8318,1625.0,0.832,25.0,0.8321,1954.0
1753591937607,04:52:17.607,gateio,ADA/USDT:USDT,0.8319,306.0,0.8318,1625.0,0.832,25.0,0.8321,1954.0
1753591937733,04:52:17.733,gateio,ADA/USDT:USDT,0.8319,281.0,0.8318,1625.0,0.832,25.0,0.8321,1954.0
1753591937832,04:52:17.832,gateio,ADA/USDT:USDT,0.8319,281.0,0.8318,1625.0,0.832,25.0,0.8321,1954.0
1753591937934,04:52:17.934,gateio,ADA/USDT:USDT,0.8319,281.0,0.8318,1625.0,0.832,25.0,0.8321,1954.0
1753591938046,04:52:18.046,gateio,ADA/USDT:USDT,0.8319,281.0,0.8318,1625.0,0.832,25.0,0.8321,1954.0
1753591938101,04:52:18.101,gateio,ADA/USDT:USDT,0.8319,281.0,0.8318,1625.0,0.832,25.0,0.8321,1954.0
1753591938157,04:52:18.157,gateio,ADA/USDT:USDT,0.8319,281.0,0.8318,1625.0,0.832,25.0,0.8321,1954.0
1753591938339,04:52:18.339,gateio,ADA/USDT:USDT,0.8319,281.0,0.8318,1625.0,0.832,25.0,0.8321,1954.0
1753591938378,04:52:18.378,gateio,ADA/USDT:USDT,0.8319,281.0,0.8318,1625.0,0.832,25.0,0.8321,1954.0
1753591938539,04:52:18.539,gateio,ADA/USDT:USDT,0.8319,281.0,0.8318,1625.0,0.832,25.0,0.8321,1954.0
1753591938635,04:52:18.635,gateio,ADA/USDT:USDT,0.8319,281.0,0.8318,1625.0,0.832,25.0,0.8321,1103.0
1753591938728,04:52:18.728,gateio,ADA/USDT:USDT,0.8319,281.0,0.8318,1625.0,0.832,85.0,0.8321,1128.0
1753591938841,04:52:18.841,gateio,ADA/USDT:USDT,0.8319,696.0,0.8318,1625.0,0.832,25.0,0.8321,1128.0
1753591938939,04:52:18.939,gateio,ADA/USDT:USDT,0.8319,721.0,0.8318,1625.0,0.832,25.0,0.8321,1103.0
1753591939042,04:52:19.042,gateio,ADA/USDT:USDT,0.8319,721.0,0.8318,1625.0,0.832,25.0,0.8321,1103.0
1753591939108,04:52:19.108,gateio,ADA/USDT:USDT,0.8319,721.0,0.8318,1625.0,0.832,25.0,0.8321,1103.0
1753591939237,04:52:19.237,gateio,ADA/USDT:USDT,0.8319,721.0,0.8318,1625.0,0.832,25.0,0.8321,1103.0
1753591939333,04:52:19.333,gateio,ADA/USDT:USDT,0.8319,696.0,0.8318,1625.0,0.832,25.0,0.8321,1103.0
1753591939464,04:52:19.464,gateio,ADA/USDT:USDT,0.8319,696.0,0.8318,1625.0,0.832,25.0,0.8321,1103.0
1753591939630,04:52:19.630,gateio,ADA/USDT:USDT,0.8319,696.0,0.8318,1625.0,0.832,25.0,0.8321,1128.0
1753591939733,04:52:19.733,gateio,ADA/USDT:USDT,0.8319,721.0,0.8318,1625.0,0.832,85.0,0.8321,1103.0
1753591939847,04:52:19.847,gateio,ADA/USDT:USDT,0.8319,721.0,0.8318,1650.0,0.832,25.0,0.8321,1103.0
1753591939886,04:52:19.886,gateio,ADA/USDT:USDT,0.8319,746.0,0.8318,1650.0,0.832,25.0,0.8321,1103.0
1753591940044,04:52:20.044,gateio,ADA/USDT:USDT,0.8319,721.0,0.8318,1650.0,0.832,25.0,0.8321,1103.0
1753591940124,04:52:20.124,gateio,ADA/USDT:USDT,0.8319,721.0,0.8318,1650.0,0.832,25.0,0.8321,1103.0
1753591940244,04:52:20.244,gateio,ADA/USDT:USDT,0.8319,696.0,0.8318,1650.0,0.832,25.0,0.8321,1103.0
1753591940310,04:52:20.310,gateio,ADA/USDT:USDT,0.8319,1096.0,0.8318,1650.0,0.832,25.0,0.8321,1103.0
1753591940437,04:52:20.437,gateio,ADA/USDT:USDT,0.8319,1096.0,0.8318,1650.0,0.832,25.0,0.8321,1103.0
1753591940545,04:52:20.545,gateio,ADA/USDT:USDT,0.8319,1121.0,0.8318,1650.0,0.832,25.0,0.8321,1103.0
1753591940639,04:52:20.639,gateio,ADA/USDT:USDT,0.8319,1121.0,0.8318,1650.0,0.832,25.0,0.8321,1103.0
1753591940684,04:52:20.684,gateio,ADA/USDT:USDT,0.8319,1290.0,0.8318,1650.0,0.832,25.0,0.8321,688.0
1753591940762,04:52:20.762,gateio,ADA/USDT:USDT,0.8319,1290.0,0.8318,1650.0,0.832,25.0,0.8321,688.0
1753591940917,04:52:20.917,gateio,ADA/USDT:USDT,0.8319,1290.0,0.8318,1650.0,0.832,25.0,0.8321,688.0
1753591941048,04:52:21.048,gateio,ADA/USDT:USDT,0.8319,1290.0,0.8318,1650.0,0.832,25.0,0.8321,748.0
1753591941149,04:52:21.149,gateio,ADA/USDT:USDT,0.8319,1290.0,0.8318,1650.0,0.832,25.0,0.8321,748.0
1753591941249,04:52:21.249,gateio,ADA/USDT:USDT,0.8319,1265.0,0.8318,1650.0,0.832,25.0,0.8321,748.0
1753591941342,04:52:21.342,gateio,ADA/USDT:USDT,0.8319,1265.0,0.8318,1650.0,0.832,25.0,0.8321,748.0
1753591941383,04:52:21.383,gateio,ADA/USDT:USDT,0.8319,1265.0,0.8318,1650.0,0.832,25.0,0.8321,748.0
1753591941628,04:52:21.628,gateio,ADA/USDT:USDT,0.8319,1085.0,0.8318,1625.0,0.832,25.0,0.8321,748.0
1753591941739,04:52:21.739,gateio,ADA/USDT:USDT,0.8319,1085.0,0.8318,1650.0,0.832,25.0,0.8321,748.0
1753591941940,04:52:21.940,gateio,ADA/USDT:USDT,0.8319,1135.0,0.8318,1650.0,0.832,25.0,0.8321,748.0
1753591942026,04:52:22.026,gateio,ADA/USDT:USDT,0.8319,1110.0,0.8318,1650.0,0.832,25.0,0.8321,748.0
1753591942244,04:52:22.244,gateio,ADA/USDT:USDT,0.8319,1135.0,0.8318,1650.0,0.832,25.0,0.8321,748.0
1753591942341,04:52:22.341,gateio,ADA/USDT:USDT,0.8319,1135.0,0.8318,1650.0,0.832,25.0,0.8321,748.0
1753591942532,04:52:22.532,gateio,ADA/USDT:USDT,0.8319,1135.0,0.8318,1650.0,0.832,25.0,0.8321,748.0
1753591942631,04:52:22.631,gateio,ADA/USDT:USDT,0.8319,1110.0,0.8318,1650.0,0.832,25.0,0.8321,748.0
1753591942735,04:52:22.735,gateio,ADA/USDT:USDT,0.8319,1135.0,0.8318,1650.0,0.832,25.0,0.8321,748.0
1753591942849,04:52:22.849,gateio,ADA/USDT:USDT,0.8319,1110.0,0.8318,1650.0,0.832,25.0,0.8321,748.0
1753591942908,04:52:22.908,gateio,ADA/USDT:USDT,0.8319,1085.0,0.8318,1650.0,0.832,25.0,0.8321,748.0
1753591943012,04:52:23.012,gateio,ADA/USDT:USDT,0.8319,1085.0,0.8318,1650.0,0.832,25.0,0.8321,748.0
1753591943149,04:52:23.149,gateio,ADA/USDT:USDT,0.832,1430.0,0.8319,1665.0,0.8321,60.0,0.8322,1177.0
1753591943242,04:52:23.242,gateio,ADA/USDT:USDT,0.8321,285.0,0.832,1810.0,0.8322,159.0,0.8323,1855.0
1753591943342,04:52:23.342,gateio,ADA/USDT:USDT,0.8321,685.0,0.832,1810.0,0.8322,159.0,0.8323,1855.0
1753591943443,04:52:23.443,gateio,ADA/USDT:USDT,0.8321,685.0,0.832,2040.0,0.8322,159.0,0.8323,1855.0
1753591943544,04:52:23.544,gateio,ADA/USDT:USDT,0.832,1510.0,0.8319,2456.0,0.8322,611.0,0.8323,1928.0
1753591943632,04:52:23.632,gateio,ADA/USDT:USDT,0.8321,205.0,0.832,1781.0,0.8322,171.0,0.8323,1855.0
1753591943748,04:52:23.748,gateio,ADA/USDT:USDT,0.8321,205.0,0.832,2408.0,0.8322,171.0,0.8323,1855.0
1753591943800,04:52:23.800,gateio,ADA/USDT:USDT,0.8321,50.0,0.832,2408.0,0.8322,171.0,0.8323,1855.0
1753591943878,04:52:23.878,gateio,ADA/USDT:USDT,0.8321,50.0,0.832,2408.0,0.8322,171.0,0.8323,1855.0
1753591944041,04:52:24.041,gateio,ADA/USDT:USDT,0.8321,50.0,0.832,2408.0,0.8322,586.0,0.8323,1880.0
1753591944142,04:52:24.142,gateio,ADA/USDT:USDT,0.8321,50.0,0.832,2058.0,0.8322,611.0,0.8323,1978.0
1753591944238,04:52:24.238,gateio,ADA/USDT:USDT,0.8321,50.0,0.832,2408.0,0.8322,611.0,0.8323,2344.0
1753591944300,04:52:24.300,gateio,ADA/USDT:USDT,0.8321,50.0,0.832,2408.0,0.8322,986.0,0.8323,2719.0
1753591944408,04:52:24.408,gateio,ADA/USDT:USDT,0.8321,205.0,0.832,2408.0,0.8322,986.0,0.8323,2353.0
1753591944512,04:52:24.512,gateio,ADA/USDT:USDT,0.8321,205.0,0.832,2408.0,0.8322,571.0,0.8323,2353.0
1753591944596,04:52:24.596,gateio,ADA/USDT:USDT,0.8321,205.0,0.832,2408.0,0.8322,171.0,0.8323,2280.0
1753591944729,04:52:24.729,gateio,ADA/USDT:USDT,0.8321,205.0,0.832,2131.0,0.8322,171.0,0.8323,2280.0
1753591944833,04:52:24.833,gateio,ADA/USDT:USDT,0.8321,205.0,0.832,2156.0,0.8322,171.0,0.8323,2255.0
1753591944933,04:52:24.933,gateio,ADA/USDT:USDT,0.8321,670.0,0.832,2181.0,0.8322,405.0,0.8323,797.0
1753591945023,04:52:25.023,gateio,ADA/USDT:USDT,0.8321,620.0,0.832,2181.0,0.8322,405.0,0.8323,797.0
1753591945122,04:52:25.122,gateio,ADA/USDT:USDT,0.8321,645.0,0.832,2181.0,0.8322,405.0,0.8323,1648.0
1753591945202,04:52:25.202,gateio,ADA/USDT:USDT,0.8321,620.0,0.832,2181.0,0.8322,345.0,0.8323,1708.0
1753591945333,04:52:25.333,gateio,ADA/USDT:USDT,0.8321,1020.0,0.832,2181.0,0.8322,345.0,0.8323,1708.0
1753591945446,04:52:25.446,gateio,ADA/USDT:USDT,0.8321,1045.0,0.832,2181.0,0.8322,345.0,0.8323,1708.0
1753591945549,04:52:25.549,gateio,ADA/USDT:USDT,0.8321,1020.0,0.832,2181.0,0.8322,345.0,0.8323,1708.0
1753591945641,04:52:25.641,gateio,ADA/USDT:USDT,0.8321,1045.0,0.832,2181.0,0.8322,345.0,0.8323,1708.0
1753591945733,04:52:25.733,gateio,ADA/USDT:USDT,0.8321,1045.0,0.832,2181.0,0.8322,333.0,0.8323,1708.0
1753591945825,04:52:25.825,gateio,ADA/USDT:USDT,0.8321,1045.0,0.832,2181.0,0.8322,333.0,0.8323,1708.0
1753591945943,04:52:25.943,gateio,ADA/USDT:USDT,0.8321,205.0,0.832,2156.0,0.8322,333.0,0.8323,1733.0
1753591946016,04:52:26.016,gateio,ADA/USDT:USDT,0.8321,65.0,0.832,2156.0,0.8322,333.0,0.8323,1733.0
1753591946148,04:52:26.148,gateio,ADA/USDT:USDT,0.8321,220.0,0.832,2156.0,0.8322,333.0,0.8323,1733.0
1753591946243,04:52:26.243,gateio,ADA/USDT:USDT,0.8321,620.0,0.832,2156.0,0.8322,333.0,0.8323,1733.0
1753591946316,04:52:26.316,gateio,ADA/USDT:USDT,0.8321,220.0,0.832,2156.0,0.8322,333.0,0.8323,1733.0
1753591946447,04:52:26.447,gateio,ADA/USDT:USDT,0.8321,220.0,0.832,2131.0,0.8322,333.0,0.8323,1733.0
1753591946543,04:52:26.543,gateio,ADA/USDT:USDT,0.8319,52.0,0.8318,1570.0,0.832,50.0,0.8321,1054.0
1753591946631,04:52:26.631,gateio,ADA/USDT:USDT,0.8319,467.0,0.8318,1737.0,0.832,50.0,0.8321,1905.0
1753591946733,04:52:26.733,gateio,ADA/USDT:USDT,0.8319,467.0,0.8318,2084.0,0.832,50.0,0.8321,1930.0
1753591946849,04:52:26.849,gateio,ADA/USDT:USDT,0.8319,467.0,0.8318,2084.0,0.832,50.0,0.8321,1930.0
1753591946941,04:52:26.941,gateio,ADA/USDT:USDT,0.8319,467.0,0.8318,2084.0,0.832,50.0,0.8321,1880.0
1753591947013,04:52:27.013,gateio,ADA/USDT:USDT,0.8319,467.0,0.8318,2109.0,0.832,50.0,0.8321,1930.0
1753591947149,04:52:27.149,gateio,ADA/USDT:USDT,0.8319,467.0,0.8318,2084.0,0.832,50.0,0.8321,1930.0
1753591947186,04:52:27.186,gateio,ADA/USDT:USDT,0.8319,467.0,0.8318,2084.0,0.832,50.0,0.8321,1930.0
1753591947342,04:52:27.342,gateio,ADA/USDT:USDT,0.8319,467.0,0.8318,2084.0,0.832,50.0,0.8321,1930.0
1753591947447,04:52:27.447,gateio,ADA/USDT:USDT,0.8319,467.0,0.8318,2109.0,0.832,50.0,0.8321,1930.0
1753591947533,04:52:27.533,gateio,ADA/USDT:USDT,0.8319,467.0,0.8318,2109.0,0.832,110.0,0.8321,1870.0
1753591947640,04:52:27.640,gateio,ADA/USDT:USDT,0.8319,467.0,0.8318,2084.0,0.832,50.0,0.8321,1870.0
1753591947721,04:52:27.721,gateio,ADA/USDT:USDT,0.8319,467.0,0.8318,2109.0,0.832,50.0,0.8321,1870.0
1753591947840,04:52:27.840,gateio,ADA/USDT:USDT,0.8319,467.0,0.8318,2109.0,0.832,50.0,0.8321,1845.0
1753591947936,04:52:27.936,gateio,ADA/USDT:USDT,0.8319,467.0,0.8318,2109.0,0.832,50.0,0.8321,1820.0
1753591947989,04:52:27.989,gateio,ADA/USDT:USDT,0.8319,467.0,0.8318,2109.0,0.832,50.0,0.8321,1820.0
1753591948249,04:52:28.249,gateio,ADA/USDT:USDT,0.8319,50.0,0.8318,2084.0,0.832,50.0,0.8321,1930.0
1753591948327,04:52:28.327,gateio,ADA/USDT:USDT,0.8318,1709.0,0.8317,2787.0,0.832,490.0,0.8321,2531.0
1753591948448,04:52:28.448,gateio,ADA/USDT:USDT,0.8318,1294.0,0.8317,2709.0,0.832,525.0,0.8321,2471.0
1753591948535,04:52:28.535,gateio,ADA/USDT:USDT,0.8318,1294.0,0.8317,2787.0,0.832,465.0,0.8321,2531.0
1753591948643,04:52:28.643,gateio,ADA/USDT:USDT,0.8318,1294.0,0.8317,2796.0,0.832,465.0,0.8321,2531.0
1753591948740,04:52:28.740,gateio,ADA/USDT:USDT,0.8318,1319.0,0.8317,2787.0,0.832,465.0,0.8321,2531.0
1753591948838,04:52:28.838,gateio,ADA/USDT:USDT,0.8318,1344.0,0.8317,2714.0,0.832,465.0,0.8321,2531.0
1753591948935,04:52:28.935,gateio,ADA/USDT:USDT,0.8318,1294.0,0.8317,2714.0,0.832,490.0,0.8321,2531.0
1753591949043,04:52:29.043,gateio,ADA/USDT:USDT,0.8318,1294.0,0.8317,2348.0,0.832,490.0,0.8321,2531.0
1753591949113,04:52:29.113,gateio,ADA/USDT:USDT,0.8318,947.0,0.8317,2348.0,0.832,465.0,0.8321,2531.0
1753591949214,04:52:29.214,gateio,ADA/USDT:USDT,0.8318,947.0,0.8317,2348.0,0.832,890.0,0.8321,2531.0
1753591949349,04:52:29.349,gateio,ADA/USDT:USDT,0.8318,194.0,0.8317,2373.0,0.8319,50.0,0.832,890.0
1753591949411,04:52:29.411,gateio,ADA/USDT:USDT,0.8318,194.0,0.8317,2547.0,0.8319,50.0,0.832,925.0
1753591949547,04:52:29.547,gateio,ADA/USDT:USDT,0.8318,764.0,0.8317,2547.0,0.8319,50.0,0.832,925.0
1753591949649,04:52:29.649,gateio,ADA/USDT:USDT,0.8318,764.0,0.8317,2572.0,0.8319,50.0,0.832,925.0
1753591949731,04:52:29.731,gateio,ADA/USDT:USDT,0.8318,764.0,0.8317,2547.0,0.8319,50.0,0.832,925.0
1753591949849,04:52:29.849,gateio,ADA/USDT:USDT,0.8318,194.0,0.8317,2432.0,0.8319,50.0,0.832,975.0
1753591949948,04:52:29.948,gateio,ADA/USDT:USDT,0.8317,50.0,0.8316,2406.0,0.8318,450.0,0.8319,525.0
1753591950040,04:52:30.040,gateio,ADA/USDT:USDT,0.8316,1395.0,0.8315,1521.0,0.8318,453.0,0.8319,658.0
1753591950147,04:52:30.147,gateio,ADA/USDT:USDT,0.8317,450.0,0.8316,2860.0,0.8318,38.0,0.8319,525.0
1753591950233,04:52:30.233,gateio,ADA/USDT:USDT,0.8318,80.0,0.8317,1625.0,0.8319,925.0,0.832,2536.0
1753591950350,04:52:30.350,gateio,ADA/USDT:USDT,0.8318,260.0,0.8317,1650.0,0.8319,50.0,0.832,2097.0
1753591950418,04:52:30.418,gateio,ADA/USDT:USDT,0.8317,1675.0,0.8316,3352.0,0.8319,50.0,0.832,2157.0
1753591950639,04:52:30.639,gateio,ADA/USDT:USDT,0.8317,1625.0,0.8316,3377.0,0.8319,465.0,0.832,2157.0
1753591950712,04:52:30.712,gateio,ADA/USDT:USDT,0.8317,1625.0,0.8316,3377.0,0.8319,465.0,0.832,2157.0
1753591950823,04:52:30.823,gateio,ADA/USDT:USDT,0.8317,1625.0,0.8316,3352.0,0.8319,465.0,0.832,2157.0
1753591950945,04:52:30.945,gateio,ADA/USDT:USDT,0.8317,1625.0,0.8316,3352.0,0.8319,465.0,0.832,2157.0
1753591951006,04:52:31.006,gateio,ADA/USDT:USDT,0.8317,1625.0,0.8316,3352.0,0.8319,465.0,0.832,2230.0
1753591951149,04:52:31.149,gateio,ADA/USDT:USDT,0.8318,480.0,0.8317,1650.0,0.8319,50.0,0.832,525.0
1753591951243,04:52:31.243,gateio,ADA/USDT:USDT,0.8317,1348.0,0.8316,3512.0,0.8319,890.0,0.832,1763.0
1753591951309,04:52:31.309,gateio,ADA/USDT:USDT,0.8317,1326.0,0.8316,3512.0,0.8319,865.0,0.832,1738.0
1753591951417,04:52:31.417,gateio,ADA/USDT:USDT,0.8317,1376.0,0.8316,3512.0,0.8319,525.0,0.832,1678.0
1753591951649,04:52:31.649,gateio,ADA/USDT:USDT,0.8317,1376.0,0.8316,3521.0,0.8319,525.0,0.832,1678.0
1753591951728,04:52:31.728,gateio,ADA/USDT:USDT,0.8317,1376.0,0.8316,3537.0,0.8319,465.0,0.832,1678.0
1753591951821,04:52:31.821,gateio,ADA/USDT:USDT,0.8317,1376.0,0.8316,3537.0,0.8319,465.0,0.832,1678.0
1753591951913,04:52:31.913,gateio,ADA/USDT:USDT,0.8317,1520.0,0.8316,3537.0,0.8319,465.0,0.832,1678.0
1753591952040,04:52:32.040,gateio,ADA/USDT:USDT,0.8318,545.0,0.8317,1376.0,0.8319,50.0,0.832,865.0
1753591952125,04:52:32.125,gateio,ADA/USDT:USDT,0.8318,570.0,0.8317,1376.0,0.8319,50.0,0.832,925.0
1753591952249,04:52:32.249,gateio,ADA/USDT:USDT,0.8318,545.0,0.8317,1351.0,0.8319,50.0,0.832,950.0
1753591952313,04:52:32.313,gateio,ADA/USDT:USDT,0.8318,65.0,0.8317,1326.0,0.8319,50.0,0.832,975.0
1753591952633,04:52:32.633,gateio,ADA/USDT:USDT,0.8317,1326.0,0.8316,3512.0,0.8319,465.0,0.832,890.0
1753591952740,04:52:32.740,gateio,ADA/USDT:USDT,0.8317,1376.0,0.8316,4189.0,0.8319,465.0,0.832,1568.0
1753591952812,04:52:32.812,gateio,ADA/USDT:USDT,0.8317,1376.0,0.8316,4189.0,0.8319,465.0,0.832,1813.0
1753591953033,04:52:33.033,gateio,ADA/USDT:USDT,0.8317,1351.0,0.8316,4214.0,0.8319,465.0,0.832,1813.0
1753591953113,04:52:33.113,gateio,ADA/USDT:USDT,0.8317,1326.0,0.8316,4214.0,0.8319,465.0,0.832,1813.0
1753591953232,04:52:33.232,gateio,ADA/USDT:USDT,0.8317,1351.0,0.8316,4214.0,0.8319,465.0,0.832,1813.0
1753591953333,04:52:33.333,gateio,ADA/USDT:USDT,0.8317,1351.0,0.8316,4214.0,0.8319,465.0,0.832,2356.0
1753591953417,04:52:33.417,gateio,ADA/USDT:USDT,0.8317,1351.0,0.8316,4214.0,0.8319,465.0,0.832,2429.0
1753591953462,04:52:33.462,gateio,ADA/USDT:USDT,0.8317,1376.0,0.8316,4214.0,0.8319,465.0,0.832,2429.0
1753591953645,04:52:33.645,gateio,ADA/USDT:USDT,0.8317,1376.0,0.8316,4214.0,0.8319,465.0,0.832,2429.0
1753591953697,04:52:33.697,gateio,ADA/USDT:USDT,0.8317,1520.0,0.8316,3537.0,0.8319,465.0,0.832,1751.0
1753591953826,04:52:33.826,gateio,ADA/USDT:USDT,0.8317,1470.0,0.8316,3537.0,0.8319,465.0,0.832,1751.0
1753591953855,04:52:33.855,gateio,ADA/USDT:USDT,0.8317,1470.0,0.8316,3537.0,0.8319,465.0,0.832,1751.0
1753591954138,04:52:34.138,gateio,ADA/USDT:USDT,0.8317,1495.0,0.8316,3512.0,0.8319,465.0,0.832,1751.0
1753591954233,04:52:34.233,gateio,ADA/USDT:USDT,0.8317,1470.0,0.8316,3439.0,0.8319,865.0,0.832,1751.0
1753591954327,04:52:34.327,gateio,ADA/USDT:USDT,0.8317,1470.0,0.8316,3439.0,0.8319,865.0,0.832,1751.0
1753591954533,04:52:34.533,gateio,ADA/USDT:USDT,0.8317,1470.0,0.8316,2835.0,0.8319,915.0,0.832,2117.0
1753591954558,04:52:34.558,gateio,ADA/USDT:USDT,0.8317,1070.0,0.8316,2835.0,0.8319,915.0,0.832,2117.0
1753591954734,04:52:34.734,gateio,ADA/USDT:USDT,0.8317,1326.0,0.8316,2835.0,0.8319,925.0,0.832,2167.0
1753591954849,04:52:34.849,gateio,ADA/USDT:USDT,0.8317,1070.0,0.8316,2835.0,0.8319,865.0,0.832,2117.0
1753591954942,04:52:34.942,gateio,ADA/USDT:USDT,0.8317,1470.0,0.8316,2835.0,0.8319,865.0,0.832,2117.0
1753591955043,04:52:35.043,gateio,ADA/USDT:USDT,0.8318,80.0,0.8317,1326.0,0.8319,865.0,0.832,2142.0
1753591955056,04:52:35.056,gateio,ADA/USDT:USDT,0.8318,80.0,0.8317,1326.0,0.8319,865.0,0.832,2142.0
1753591955337,04:52:35.337,gateio,ADA/USDT:USDT,0.8317,926.0,0.8316,3512.0,0.8319,890.0,0.832,2117.0
1753591955383,04:52:35.383,gateio,ADA/USDT:USDT,0.8317,926.0,0.8316,3512.0,0.8319,865.0,0.832,2117.0
1753591955540,04:52:35.540,gateio,ADA/USDT:USDT,0.8317,926.0,0.8316,3512.0,0.8319,865.0,0.832,2117.0
1753591955620,04:52:35.620,gateio,ADA/USDT:USDT,0.8317,926.0,0.8316,3512.0,0.8319,465.0,0.832,2117.0
1753591955721,04:52:35.721,gateio,ADA/USDT:USDT,0.8317,1366.0,0.8316,3512.0,0.8319,465.0,0.832,2117.0
1753591955845,04:52:35.845,gateio,ADA/USDT:USDT,0.8318,605.0,0.8317,1791.0,0.8319,50.0,0.832,1678.0
1753591955926,04:52:35.926,gateio,ADA/USDT:USDT,0.8318,605.0,0.8317,1791.0,0.8319,50.0,0.832,1170.0
1753591956025,04:52:36.025,gateio,ADA/USDT:USDT,0.8318,605.0,0.8317,1791.0,0.8319,50.0,0.832,1170.0
1753591956125,04:52:36.125,gateio,ADA/USDT:USDT,0.8318,605.0,0.8317,1791.0,0.8319,50.0,0.832,1170.0
1753591956242,04:52:36.242,gateio,ADA/USDT:USDT,0.8318,50.0,0.8317,1766.0,0.8319,50.0,0.832,1220.0
1753591956337,04:52:36.337,gateio,ADA/USDT:USDT,0.8318,50.0,0.8317,1741.0,0.8319,50.0,0.832,1220.0
1753591956428,04:52:36.428,gateio,ADA/USDT:USDT,0.8318,205.0,0.8317,1791.0,0.8319,110.0,0.832,1110.0
1753591956461,04:52:36.461,gateio,ADA/USDT:USDT,0.8318,205.0,0.8317,1791.0,0.8319,50.0,0.832,1170.0
1753591956622,04:52:36.622,gateio,ADA/USDT:USDT,0.8318,480.0,0.8317,1741.0,0.832,1016.0,0.8321,2342.0
1753591956698,04:52:36.698,gateio,ADA/USDT:USDT,0.8318,633.0,0.8317,2418.0,0.832,1016.0,0.8321,2542.0
1753591956943,04:52:36.943,gateio,ADA/USDT:USDT,0.8319,95.0,0.8318,1383.0,0.832,1016.0,0.8321,2542.0
1753591956994,04:52:36.994,gateio,ADA/USDT:USDT,0.8318,1033.0,0.8317,2141.0,0.832,1016.0,0.8321,2542.0
1753591957125,04:52:37.125,gateio,ADA/USDT:USDT,0.8318,1033.0,0.8317,2141.0,0.832,1016.0,0.8321,2542.0
1753591957189,04:52:37.189,gateio,ADA/USDT:USDT,0.8318,633.0,0.8317,2141.0,0.832,1016.0,0.8321,2542.0
1753591957286,04:52:37.286,gateio,ADA/USDT:USDT,0.8318,478.0,0.8317,2141.0,0.832,1041.0,0.8321,2542.0
1753591957418,04:52:37.418,gateio,ADA/USDT:USDT,0.8318,478.0,0.8317,2141.0,0.832,1016.0,0.8321,2542.0
1753591957733,04:52:37.733,gateio,ADA/USDT:USDT,0.8318,613.0,0.8317,1464.0,0.832,1016.0,0.8321,2367.0
1753591957934,04:52:37.934,gateio,ADA/USDT:USDT,0.8318,213.0,0.8317,1464.0,0.832,1016.0,0.8321,2367.0
1753591958133,04:52:38.133,gateio,ADA/USDT:USDT,0.8318,289.0,0.8317,1464.0,0.832,1016.0,0.8321,2367.0
1753591958239,04:52:38.239,gateio,ADA/USDT:USDT,0.8318,50.0,0.8317,1464.0,0.8319,156.0,0.832,1066.0
1753591958314,04:52:38.314,gateio,ADA/USDT:USDT,0.8318,50.0,0.8317,1783.0,0.8319,971.0,0.832,1647.0
1753591958447,04:52:38.447,gateio,ADA/USDT:USDT,0.8318,50.0,0.8317,1783.0,0.8319,971.0,0.832,1647.0
1753591958642,04:52:38.642,gateio,ADA/USDT:USDT,0.8318,50.0,0.8317,1808.0,0.8319,571.0,0.832,1647.0
1753591958718,04:52:38.718,gateio,ADA/USDT:USDT,0.8318,245.0,0.8317,1833.0,0.8319,50.0,0.832,1016.0
1753591958849,04:52:38.849,gateio,ADA/USDT:USDT,0.8318,685.0,0.8317,1833.0,0.8319,50.0,0.832,1016.0
1753591958944,04:52:38.944,gateio,ADA/USDT:USDT,0.8318,910.0,0.8317,1783.0,0.832,1016.0,0.8321,3020.0
1753591959015,04:52:39.015,gateio,ADA/USDT:USDT,0.8318,910.0,0.8317,1783.0,0.832,1016.0,0.8321,3020.0
1753591959122,04:52:39.122,gateio,ADA/USDT:USDT,0.8318,1310.0,0.8317,1783.0,0.832,1016.0,0.8321,3020.0
1753591959191,04:52:39.191,gateio,ADA/USDT:USDT,0.8318,1310.0,0.8317,1783.0,0.832,1016.0,0.8321,3020.0
1753591959254,04:52:39.254,gateio,ADA/USDT:USDT,0.8318,1310.0,0.8317,1783.0,0.832,1016.0,0.8321,2342.0
1753591959446,04:52:39.446,gateio,ADA/USDT:USDT,0.8318,1310.0,0.8317,1783.0,0.8319,60.0,0.832,1041.0
1753591959536,04:52:39.536,gateio,ADA/USDT:USDT,0.8318,1310.0,0.8317,1833.0,0.832,1016.0,0.8321,3020.0
1753591959747,04:52:39.747,gateio,ADA/USDT:USDT,0.8319,1915.0,0.8318,1815.0,0.8321,465.0,0.8322,1322.0
1753591959849,04:52:39.849,gateio,ADA/USDT:USDT,0.832,155.0,0.8319,1865.0,0.8321,1316.0,0.8322,1407.0
1753591959897,04:52:39.897,gateio,ADA/USDT:USDT,0.832,155.0,0.8319,1744.0,0.8321,1316.0,0.8322,1407.0
1753591960025,04:52:40.025,gateio,ADA/USDT:USDT,0.832,155.0,0.8319,2014.0,0.8321,1316.0,0.8322,1382.0
1753591960108,04:52:40.108,gateio,ADA/USDT:USDT,0.832,555.0,0.8319,2014.0,0.8321,1376.0,0.8322,1249.0
1753591960239,04:52:40.239,gateio,ADA/USDT:USDT,0.832,555.0,0.8319,2275.0,0.8321,50.0,0.8322,2220.0
1753591960289,04:52:40.289,gateio,ADA/USDT:USDT,0.832,155.0,0.8319,2250.0,0.8321,50.0,0.8322,2220.0
1753591960374,04:52:40.374,gateio,ADA/USDT:USDT,0.8319,2005.0,0.8318,3075.0,0.8321,156.0,0.8322,2220.0
1753591960543,04:52:40.543,gateio,ADA/USDT:USDT,0.8319,2005.0,0.8318,4102.0,0.8321,156.0,0.8322,2220.0
1753591960638,04:52:40.638,gateio,ADA/USDT:USDT,0.832,155.0,0.8319,2460.0,0.8321,156.0,0.8322,2220.0
1753591960744,04:52:40.744,gateio,ADA/USDT:USDT,0.8319,2266.0,0.8318,4102.0,0.8321,156.0,0.8322,2245.0
1753591960847,04:52:40.847,gateio,ADA/USDT:USDT,0.8319,2291.0,0.8318,4102.0,0.8321,156.0,0.8322,2245.0
1753591960914,04:52:40.914,gateio,ADA/USDT:USDT,0.8319,2410.0,0.8318,4127.0,0.8321,156.0,0.8322,2245.0
1753591961049,04:52:41.049,gateio,ADA/USDT:USDT,0.8319,2410.0,0.8318,4127.0,0.8321,156.0,0.8322,2245.0
1753591961116,04:52:41.116,gateio,ADA/USDT:USDT,0.8319,2410.0,0.8318,4127.0,0.8321,581.0,0.8322,2220.0
1753591961245,04:52:41.245,gateio,ADA/USDT:USDT,0.8319,274.0,0.8318,4029.0,0.832,506.0,0.8321,1291.0
1753591961322,04:52:41.322,gateio,ADA/USDT:USDT,0.8319,194.0,0.8318,3048.0,0.832,506.0,0.8321,1316.0
1753591961427,04:52:41.427,gateio,ADA/USDT:USDT,0.8319,194.0,0.8318,3561.0,0.832,506.0,0.8321,1316.0
1753591961548,04:52:41.548,gateio,ADA/USDT:USDT,0.8318,830.0,0.8317,3374.0,0.832,1056.0,0.8321,1891.0
1753591961634,04:52:41.634,gateio,ADA/USDT:USDT,0.8318,1296.0,0.8317,3374.0,0.832,971.0,0.8321,2232.0
1753591961749,04:52:41.749,gateio,ADA/USDT:USDT,0.8318,1296.0,0.8317,3374.0,0.832,971.0,0.8321,2232.0
1753591961849,04:52:41.849,gateio,ADA/USDT:USDT,0.8318,1346.0,0.8317,3374.0,0.832,571.0,0.8321,2232.0
1753591961946,04:52:41.946,gateio,ADA/USDT:USDT,0.8319,685.0,0.8318,2111.0,0.832,50.0,0.8321,2159.0
1753591962034,04:52:42.034,gateio,ADA/USDT:USDT,0.8319,710.0,0.8318,2111.0,0.832,50.0,0.8321,2159.0
1753591962243,04:52:42.243,gateio,ADA/USDT:USDT,0.8319,285.0,0.8318,2111.0,0.832,50.0,0.8321,2159.0
1753591962290,04:52:42.290,gateio,ADA/USDT:USDT,0.8319,725.0,0.8318,2111.0,0.832,50.0,0.8321,1206.0
1753591962438,04:52:42.438,gateio,ADA/USDT:USDT,0.8319,725.0,0.8318,2111.0,0.832,50.0,0.8321,1266.0
1753591962482,04:52:42.482,gateio,ADA/USDT:USDT,0.8319,700.0,0.8318,2111.0,0.832,50.0,0.8321,1266.0
1753591962647,04:52:42.647,gateio,ADA/USDT:USDT,0.8319,700.0,0.8318,1848.0,0.832,50.0,0.8321,1266.0
1753591962653,04:52:42.653,gateio,ADA/USDT:USDT,0.8319,700.0,0.8318,1848.0,0.832,50.0,0.8321,1266.0
1753591962837,04:52:42.837,gateio,ADA/USDT:USDT,0.8319,465.0,0.8318,1823.0,0.832,50.0,0.8321,1316.0
1753591962933,04:52:42.933,gateio,ADA/USDT:USDT,0.8319,465.0,0.8318,1798.0,0.832,50.0,0.8321,1316.0
1753591963041,04:52:43.041,gateio,ADA/USDT:USDT,0.8319,465.0,0.8318,1823.0,0.832,50.0,0.8321,1316.0
1753591963097,04:52:43.097,gateio,ADA/USDT:USDT,0.8319,465.0,0.8318,1848.0,0.832,50.0,0.8321,1316.0
1753591963204,04:52:43.204,gateio,ADA/USDT:USDT,0.8319,465.0,0.8318,1848.0,0.832,50.0,0.8321,1266.0
1753591963307,04:52:43.307,gateio,ADA/USDT:USDT,0.8319,465.0,0.8318,1848.0,0.832,50.0,0.8321,1266.0
1753591963539,04:52:43.539,gateio,ADA/USDT:USDT,0.832,235.0,0.8319,1419.0,0.8321,806.0,0.8322,2318.0
1753591963594,04:52:43.594,gateio,ADA/USDT:USDT,0.832,235.0,0.8319,1803.0,0.8321,391.0,0.8322,2220.0
1753591963727,04:52:43.727,gateio,ADA/USDT:USDT,0.832,235.0,0.8319,1778.0,0.8321,391.0,0.8322,2220.0
1753591963845,04:52:43.845,gateio,ADA/USDT:USDT,0.8319,1778.0,0.8318,2950.0,0.8321,391.0,0.8322,2270.0
1753591963916,04:52:43.916,gateio,ADA/USDT:USDT,0.8319,1427.0,0.8318,3301.0,0.8321,391.0,0.8322,2270.0
1753591964044,04:52:44.044,gateio,ADA/USDT:USDT,0.8319,1427.0,0.8318,3301.0,0.8321,791.0,0.8322,2270.0
1753591964077,04:52:44.077,gateio,ADA/USDT:USDT,0.8319,1427.0,0.8318,3301.0,0.8321,816.0,0.8322,2245.0
1753591964226,04:52:44.226,gateio,ADA/USDT:USDT,0.8319,1427.0,0.8318,3301.0,0.8321,816.0,0.8322,2293.0
1753591964297,04:52:44.297,gateio,ADA/USDT:USDT,0.8319,1427.0,0.8318,3301.0,0.8321,791.0,0.8322,2615.0
1753591964534,04:52:44.534,gateio,ADA/USDT:USDT,0.8319,1427.0,0.8318,3301.0,0.8321,851.0,0.8322,2615.0
1753591964642,04:52:44.642,gateio,ADA/USDT:USDT,0.8319,1477.0,0.8318,2624.0,0.8321,391.0,0.8322,2615.0
1753591964731,04:52:44.731,gateio,ADA/USDT:USDT,0.8319,1571.0,0.8318,2624.0,0.8321,391.0,0.8322,2615.0
1753591964835,04:52:44.835,gateio,ADA/USDT:USDT,0.8319,1621.0,0.8318,2624.0,0.8321,391.0,0.8322,2615.0
1753591964893,04:52:44.893,gateio,ADA/USDT:USDT,0.8319,1621.0,0.8318,2624.0,0.8321,391.0,0.8322,2615.0
1753591965032,04:52:45.032,gateio,ADA/USDT:USDT,0.8319,1621.0,0.8318,2624.0,0.8321,791.0,0.8322,2615.0
1753591965138,04:52:45.138,gateio,ADA/USDT:USDT,0.8319,1621.0,0.8318,2624.0,0.8321,791.0,0.8322,2615.0
1753591965238,04:52:45.238,gateio,ADA/USDT:USDT,0.832,155.0,0.8319,1803.0,0.8321,391.0,0.8322,2542.0
1753591965326,04:52:45.326,gateio,ADA/USDT:USDT,0.832,220.0,0.8319,1803.0,0.8321,285.0,0.8322,1910.0
1753591965354,04:52:45.354,gateio,ADA/USDT:USDT,0.832,220.0,0.8319,1778.0,0.8321,285.0,0.8322,1910.0
1753591965516,04:52:45.516,gateio,ADA/USDT:USDT,0.832,220.0,0.8319,1803.0,0.8321,285.0,0.8322,1885.0
1753591965641,04:52:45.641,gateio,ADA/USDT:USDT,0.832,220.0,0.8319,1778.0,0.8321,285.0,0.8322,1910.0
1753591965673,04:52:45.673,gateio,ADA/USDT:USDT,0.832,220.0,0.8319,1803.0,0.8321,285.0,0.8322,1885.0
1753591965846,04:52:45.846,gateio,ADA/USDT:USDT,0.832,635.0,0.8319,1828.0,0.8321,345.0,0.8322,1885.0
1753591965919,04:52:45.919,gateio,ADA/USDT:USDT,0.832,220.0,0.8319,1828.0,0.8321,285.0,0.8322,1885.0
1753591966243,04:52:46.243,gateio,ADA/USDT:USDT,0.832,220.0,0.8319,1778.0,0.8321,285.0,0.8322,1910.0
1753591966511,04:52:46.511,gateio,ADA/USDT:USDT,0.832,220.0,0.8319,1778.0,0.8321,285.0,0.8322,1935.0
1753591966727,04:52:46.727,gateio,ADA/USDT:USDT,0.832,220.0,0.8319,1803.0,0.8321,285.0,0.8322,1910.0
1753591966838,04:52:46.838,gateio,ADA/USDT:USDT,0.832,270.0,0.8319,2043.0,0.8321,110.0,0.8322,1765.0
1753591966926,04:52:46.926,gateio,ADA/USDT:USDT,0.832,220.0,0.8319,2043.0,0.8321,110.0,0.8322,1765.0
1753591967009,04:52:47.009,gateio,ADA/USDT:USDT,0.832,645.0,0.8319,2043.0,0.8321,50.0,0.8322,1825.0
1753591967238,04:52:47.238,gateio,ADA/USDT:USDT,0.832,670.0,0.8319,2043.0,0.8321,50.0,0.8322,1825.0
1753591967631,04:52:47.631,gateio,ADA/USDT:USDT,0.832,220.0,0.8319,2043.0,0.8321,50.0,0.8322,1875.0
1753591967733,04:52:47.733,gateio,ADA/USDT:USDT,0.832,220.0,0.8319,2043.0,0.8321,50.0,0.8322,1850.0
1753591967912,04:52:47.912,gateio,ADA/USDT:USDT,0.832,220.0,0.8319,2043.0,0.8321,50.0,0.8322,1825.0
1753591968036,04:52:48.036,gateio,ADA/USDT:USDT,0.832,1000.0,0.8319,2018.0,0.8322,1691.0,0.8323,2351.0
1753591968143,04:52:48.143,gateio,ADA/USDT:USDT,0.832,1148.0,0.8319,2670.0,0.8322,1666.0,0.8323,2351.0
1753591968196,04:52:48.196,gateio,ADA/USDT:USDT,0.832,1148.0,0.8319,2670.0,0.8322,1666.0,0.8323,2351.0
1753591968434,04:52:48.434,gateio,ADA/USDT:USDT,0.8321,480.0,0.832,1484.0,0.8322,1678.0,0.8323,2303.0
1753591968543,04:52:48.543,gateio,ADA/USDT:USDT,0.8321,605.0,0.832,1598.0,0.8322,400.0,0.8323,1477.0
1753591968639,04:52:48.639,gateio,ADA/USDT:USDT,0.8321,605.0,0.832,1598.0,0.8322,340.0,0.8323,2437.0
1753591968735,04:52:48.735,gateio,ADA/USDT:USDT,0.8321,605.0,0.832,1949.0,0.8322,340.0,0.8323,2437.0
1753591968833,04:52:48.833,gateio,ADA/USDT:USDT,0.8321,655.0,0.832,1949.0,0.8322,290.0,0.8323,1722.0
1753591968937,04:52:48.937,gateio,ADA/USDT:USDT,0.8321,655.0,0.832,1949.0,0.8322,290.0,0.8323,1307.0
1753591969006,04:52:49.006,gateio,ADA/USDT:USDT,0.8321,655.0,0.832,1949.0,0.8322,290.0,0.8323,1307.0
1753591969123,04:52:49.123,gateio,ADA/USDT:USDT,0.8321,655.0,0.832,1949.0,0.8322,290.0,0.8323,1307.0
1753591969228,04:52:49.228,gateio,ADA/USDT:USDT,0.8321,655.0,0.832,1949.0,0.8322,290.0,0.8323,1307.0
1753591969341,04:52:49.341,gateio,ADA/USDT:USDT,0.8321,655.0,0.832,1949.0,0.8322,290.0,0.8323,1307.0
1753591969432,04:52:49.432,gateio,ADA/USDT:USDT,0.8321,655.0,0.832,1949.0,0.8322,290.0,0.8323,1307.0
1753591969518,04:52:49.518,gateio,ADA/USDT:USDT,0.8321,605.0,0.832,1949.0,0.8322,290.0,0.8323,1332.0
1753591969634,04:52:49.634,gateio,ADA/USDT:USDT,0.8321,605.0,0.832,1899.0,0.8322,290.0,0.8323,1357.0
1753591969744,04:52:49.744,gateio,ADA/USDT:USDT,0.8321,655.0,0.832,1949.0,0.8322,290.0,0.8323,1307.0
1753591969794,04:52:49.794,gateio,ADA/USDT:USDT,0.8321,630.0,0.832,2361.0,0.8322,290.0,0.8323,1307.0
1753591969945,04:52:49.945,gateio,ADA/USDT:USDT,0.8321,655.0,0.832,2361.0,0.8322,290.0,0.8323,1307.0
1753591970008,04:52:50.008,gateio,ADA/USDT:USDT,0.8321,605.0,0.832,2361.0,0.8322,290.0,0.8323,1707.0
1753591970149,04:52:50.149,gateio,ADA/USDT:USDT,0.8321,655.0,0.832,2361.0,0.8322,290.0,0.8323,1707.0
1753591970242,04:52:50.242,gateio,ADA/USDT:USDT,0.8321,630.0,0.832,2361.0,0.8322,290.0,0.8323,1707.0
1753591970299,04:52:50.299,gateio,ADA/USDT:USDT,0.8321,655.0,0.832,2361.0,0.8322,290.0,0.8323,1707.0
1753591970396,04:52:50.396,gateio,ADA/USDT:USDT,0.8321,630.0,0.832,2361.0,0.8322,290.0,0.8323,1707.0
1753591970538,04:52:50.538,gateio,ADA/USDT:USDT,0.8321,655.0,0.832,2361.0,0.8322,290.0,0.8323,1707.0
1753591970640,04:52:50.640,gateio,ADA/USDT:USDT,0.8321,655.0,0.832,2361.0,0.8322,290.0,0.8323,1707.0
1753591970712,04:52:50.712,gateio,ADA/USDT:USDT,0.8321,630.0,0.832,2361.0,0.8322,290.0,0.8323,1707.0
1753591970829,04:52:50.829,gateio,ADA/USDT:USDT,0.8321,65.0,0.832,2336.0,0.8322,290.0,0.8323,1732.0
1753591970910,04:52:50.910,gateio,ADA/USDT:USDT,0.8321,220.0,0.832,2336.0,0.8322,290.0,0.8323,1732.0
1753591970965,04:52:50.965,gateio,ADA/USDT:USDT,0.8321,620.0,0.832,2336.0,0.8322,290.0,0.8323,1732.0
1753591971117,04:52:51.117,gateio,ADA/USDT:USDT,0.8321,220.0,0.832,2311.0,0.8322,290.0,0.8323,1732.0
1753591971247,04:52:51.247,gateio,ADA/USDT:USDT,0.8321,220.0,0.832,2336.0,0.8322,290.0,0.8323,1732.0
1753591971364,04:52:51.364,gateio,ADA/USDT:USDT,0.8321,220.0,0.832,2336.0,0.8322,290.0,0.8323,1707.0
1753591971456,04:52:51.456,gateio,ADA/USDT:USDT,0.8321,245.0,0.832,2336.0,0.8322,290.0,0.8323,1707.0
1753591971654,04:52:51.654,gateio,ADA/USDT:USDT,0.8321,270.0,0.832,2336.0,0.8322,290.0,0.8323,1707.0
1753591971834,04:52:51.834,gateio,ADA/USDT:USDT,0.8321,245.0,0.832,2336.0,0.8322,290.0,0.8323,1707.0
1753591971911,04:52:51.911,gateio,ADA/USDT:USDT,0.8321,245.0,0.832,2336.0,0.8322,290.0,0.8323,1707.0
1753591972003,04:52:52.003,gateio,ADA/USDT:USDT,0.8321,670.0,0.832,2336.0,0.8322,290.0,0.8323,1707.0
1753591972124,04:52:52.124,gateio,ADA/USDT:USDT,0.8321,670.0,0.832,2336.0,0.8322,290.0,0.8323,1707.0
1753591972223,04:52:52.223,gateio,ADA/USDT:USDT,0.8321,670.0,0.832,2336.0,0.8322,290.0,0.8323,1707.0
1753591972412,04:52:52.412,gateio,ADA/USDT:USDT,0.8321,620.0,0.832,2336.0,0.8322,290.0,0.8323,1707.0
1753591972535,04:52:52.535,gateio,ADA/USDT:USDT,0.8321,620.0,0.832,2336.0,0.8322,290.0,0.8323,1707.0
1753591972729,04:52:52.729,gateio,ADA/USDT:USDT,0.8321,620.0,0.832,2336.0,0.8322,290.0,0.8323,1707.0
1753591972808,04:52:52.808,gateio,ADA/USDT:USDT,0.8321,670.0,0.832,2336.0,0.8322,290.0,0.8323,1707.0
1753591973028,04:52:53.028,gateio,ADA/USDT:USDT,0.8321,675.0,0.832,2702.0,0.8322,290.0,0.8323,354.0
1753591973149,04:52:53.149,gateio,ADA/USDT:USDT,0.8322,1138.0,0.8321,1728.0,0.8323,116.0,0.8324,245.0
1753591973249,04:52:53.249,gateio,ADA/USDT:USDT,0.8322,15.0,0.8321,1507.0,0.8323,581.0,0.8324,643.0
1753591973350,04:52:53.350,gateio,ADA/USDT:USDT,0.8322,195.0,0.8321,1507.0,0.8323,581.0,0.8324,1493.0
1753591973432,04:52:53.432,gateio,ADA/USDT:USDT,0.8322,220.0,0.8321,1507.0,0.8323,581.0,0.8324,1493.0
1753591973511,04:52:53.511,gateio,ADA/USDT:USDT,0.8322,65.0,0.8321,1507.0,0.8323,581.0,0.8324,1493.0
1753591973625,04:52:53.625,gateio,ADA/USDT:USDT,0.8322,325.0,0.8321,1507.0,0.8323,581.0,0.8324,1493.0
1753591973759,04:52:53.759,gateio,ADA/USDT:USDT,0.8322,350.0,0.8321,1507.0,0.8323,116.0,0.8324,1265.0
1753591973937,04:52:53.937,gateio,ADA/USDT:USDT,0.8322,750.0,0.8321,1507.0,0.8323,116.0,0.8324,1265.0
1753591974038,04:52:54.038,gateio,ADA/USDT:USDT,0.8322,750.0,0.8321,1627.0,0.8323,116.0,0.8324,415.0
1753591974140,04:52:54.140,gateio,ADA/USDT:USDT,0.8322,750.0,0.8321,1627.0,0.8323,116.0,0.8324,1265.0
1753591974230,04:52:54.230,gateio,ADA/USDT:USDT,0.8322,750.0,0.8321,2550.0,0.8323,116.0,0.8325,1199.0
1753591974312,04:52:54.312,gateio,ADA/USDT:USDT,0.8322,750.0,0.8321,2550.0,0.8323,116.0,0.8325,2049.0
1753591974396,04:52:54.396,gateio,ADA/USDT:USDT,0.8322,894.0,0.8321,2628.0,0.8323,116.0,0.8325,1821.0
1753591974581,04:52:54.581,gateio,ADA/USDT:USDT,0.8322,894.0,0.8321,2628.0,0.8323,116.0,0.8325,1821.0
1753591974941,04:52:54.941,gateio,ADA/USDT:USDT,0.8322,844.0,0.8321,2678.0,0.8323,116.0,0.8324,105.0
1753591974975,04:52:54.975,gateio,ADA/USDT:USDT,0.8322,894.0,0.8321,2678.0,0.8323,116.0,0.8324,105.0
1753591975058,04:52:55.058,gateio,ADA/USDT:USDT,0.8322,894.0,0.8321,2678.0,0.8323,116.0,0.8324,105.0
1753591975325,04:52:55.325,gateio,ADA/USDT:USDT,0.8322,894.0,0.8321,2678.0,0.8323,116.0,0.8325,1821.0
1753591975549,04:52:55.549,gateio,ADA/USDT:USDT,0.8322,844.0,0.8321,2653.0,0.8323,116.0,0.8325,1821.0
1753591975646,04:52:55.646,gateio,ADA/USDT:USDT,0.8322,145.0,0.8321,2555.0,0.8323,116.0,0.8324,570.0
1753591975734,04:52:55.734,gateio,ADA/USDT:USDT,0.8322,65.0,0.8321,2555.0,0.8323,531.0,0.8324,570.0
1753591975753,04:52:55.753,gateio,ADA/USDT:USDT,0.8322,65.0,0.8321,2555.0,0.8323,531.0,0.8324,570.0
1753591975909,04:52:55.909,gateio,ADA/USDT:USDT,0.8322,65.0,0.8321,2555.0,0.8323,931.0,0.8324,970.0
1753591976048,04:52:56.048,gateio,ADA/USDT:USDT,0.8322,65.0,0.8321,2555.0,0.8323,531.0,0.8324,970.0
1753591976106,04:52:56.106,gateio,ADA/USDT:USDT,0.8322,65.0,0.8321,2555.0,0.8323,531.0,0.8324,970.0
1753591976534,04:52:56.534,gateio,ADA/USDT:USDT,0.8322,65.0,0.8321,2555.0,0.8323,531.0,0.8324,970.0
1753591977133,04:52:57.133,gateio,ADA/USDT:USDT,0.8322,270.0,0.8321,2555.0,0.8323,531.0,0.8324,970.0
1753591977217,04:52:57.217,gateio,ADA/USDT:USDT,0.8322,220.0,0.8321,2580.0,0.8323,531.0,0.8324,970.0
1753591977548,04:52:57.548,gateio,ADA/USDT:USDT,0.8322,270.0,0.8321,2580.0,0.8323,116.0,0.8324,970.0
1753591977601,04:52:57.601,gateio,ADA/USDT:USDT,0.8322,245.0,0.8321,2580.0,0.8323,116.0,0.8324,970.0
1753591977715,04:52:57.715,gateio,ADA/USDT:USDT,0.8322,220.0,0.8321,1730.0,0.8323,116.0,0.8324,970.0
1753591977819,04:52:57.819,gateio,ADA/USDT:USDT,0.8322,220.0,0.8321,1730.0,0.8323,116.0,0.8324,970.0
1753591977943,04:52:57.943,gateio,ADA/USDT:USDT,0.8322,245.0,0.8321,1730.0,0.8323,116.0,0.8324,970.0
1753591977955,04:52:57.955,gateio,ADA/USDT:USDT,0.8322,270.0,0.8321,1730.0,0.8323,116.0,0.8324,970.0
1753591978133,04:52:58.133,gateio,ADA/USDT:USDT,0.8322,270.0,0.8321,1730.0,0.8323,116.0,0.8324,970.0
1753591978190,04:52:58.190,gateio,ADA/USDT:USDT,0.8322,270.0,0.8321,1730.0,0.8323,116.0,0.8324,970.0
1753591978445,04:52:58.445,gateio,ADA/USDT:USDT,0.8322,389.0,0.8321,1705.0,0.8323,116.0,0.8324,970.0
1753591978510,04:52:58.510,gateio,ADA/USDT:USDT,0.8322,364.0,0.8321,1705.0,0.8323,116.0,0.8324,970.0
1753591978728,04:52:58.728,gateio,ADA/USDT:USDT,0.8322,364.0,0.8321,1705.0,0.8323,116.0,0.8324,970.0
1753591978879,04:52:58.879,gateio,ADA/USDT:USDT,0.8322,764.0,0.8321,1705.0,0.8323,116.0,0.8324,970.0
1753591979025,04:52:59.025,gateio,ADA/USDT:USDT,0.8322,620.0,0.8321,1968.0,0.8323,116.0,0.8324,970.0
1753591979125,04:52:59.125,gateio,ADA/USDT:USDT,0.8322,670.0,0.8321,1968.0,0.8323,116.0,0.8324,970.0
1753591979243,04:52:59.243,gateio,ADA/USDT:USDT,0.8322,670.0,0.8321,1968.0,0.8323,116.0,0.8324,970.0
1753591979346,04:52:59.346,gateio,ADA/USDT:USDT,0.8322,245.0,0.8321,1968.0,0.8323,116.0,0.8324,865.0
1753591979439,04:52:59.439,gateio,ADA/USDT:USDT,0.8322,270.0,0.8321,1968.0,0.8323,116.0,0.8324,465.0
1753591979539,04:52:59.539,gateio,ADA/USDT:USDT,0.8322,270.0,0.8321,1968.0,0.8323,116.0,0.8324,50.0
1753591979639,04:52:59.639,gateio,ADA/USDT:USDT,0.8322,405.0,0.8321,2041.0,0.8323,116.0,0.8325,2734.0
1753591979684,04:52:59.684,gateio,ADA/USDT:USDT,0.8322,549.0,0.8321,2041.0,0.8323,116.0,0.8325,2734.0
1753591979833,04:52:59.833,gateio,ADA/USDT:USDT,0.8322,549.0,0.8321,2053.0,0.8323,116.0,0.8325,2629.0
1753591979874,04:52:59.874,gateio,ADA/USDT:USDT,0.8322,949.0,0.8321,2053.0,0.8323,116.0,0.8325,2629.0
1753591979965,04:52:59.965,gateio,ADA/USDT:USDT,0.8322,923.0,0.8321,2053.0,0.8323,116.0,0.8325,2629.0
1753591980150,04:53:00.150,gateio,ADA/USDT:USDT,0.8324,601.0,0.8323,435.0,0.8325,914.0,0.8326,229.0
1753591980249,04:53:00.249,gateio,ADA/USDT:USDT,0.8325,231.0,0.8324,1336.0,0.8326,805.0,0.8327,643.0
1753591980333,04:53:00.333,gateio,ADA/USDT:USDT,0.8325,671.0,0.8324,1567.0,0.8326,1.0,0.8327,570.0
1753591980448,04:53:00.448,gateio,ADA/USDT:USDT,0.8325,696.0,0.8324,1567.0,0.8326,1.0,0.8327,570.0
1753591980516,04:53:00.516,gateio,ADA/USDT:USDT,0.8325,696.0,0.8324,1645.0,0.8326,1.0,0.8327,570.0
1753591980648,04:53:00.648,gateio,ADA/USDT:USDT,0.8325,646.0,0.8324,1670.0,0.8326,1.0,0.8327,570.0
1753591980748,04:53:00.748,gateio,ADA/USDT:USDT,0.8325,646.0,0.8324,1670.0,0.8326,1.0,0.8327,570.0
1753591980750,04:53:00.750,gateio,ADA/USDT:USDT,0.8325,646.0,0.8324,1670.0,0.8326,1.0,0.8327,570.0
1753591980925,04:53:00.925,gateio,ADA/USDT:USDT,0.8325,646.0,0.8324,1670.0,0.8326,401.0,0.8327,570.0
1753591981013,04:53:01.013,gateio,ADA/USDT:USDT,0.8325,646.0,0.8324,1695.0,0.8326,401.0,0.8327,595.0
1753591981084,04:53:01.084,gateio,ADA/USDT:USDT,0.8325,646.0,0.8324,1695.0,0.8326,401.0,0.8327,595.0
1753591981245,04:53:01.245,gateio,ADA/USDT:USDT,0.8325,646.0,0.8324,1695.0,0.8326,401.0,0.8327,595.0
1753591981333,04:53:01.333,gateio,ADA/USDT:USDT,0.8325,646.0,0.8324,1815.0,0.8326,401.0,0.8327,595.0
1753591981409,04:53:01.409,gateio,ADA/USDT:USDT,0.8325,646.0,0.8324,1815.0,0.8326,401.0,0.8327,595.0
1753591981538,04:53:01.538,gateio,ADA/USDT:USDT,0.8325,646.0,0.8324,1815.0,0.8326,401.0,0.8327,595.0
1753591981634,04:53:01.634,gateio,ADA/USDT:USDT,0.8325,646.0,0.8324,1815.0,0.8326,401.0,0.8327,570.0
1753591981745,04:53:01.745,gateio,ADA/USDT:USDT,0.8325,76.0,0.8324,1765.0,0.8326,866.0,0.8327,620.0
1753591981849,04:53:01.849,gateio,ADA/USDT:USDT,0.8325,76.0,0.8324,1765.0,0.8326,866.0,0.8327,1020.0
1753591981946,04:53:01.946,gateio,ADA/USDT:USDT,0.8324,1584.0,0.8323,2845.0,0.8326,866.0,0.8327,970.0
1753591982048,04:53:02.048,gateio,ADA/USDT:USDT,0.8325,300.0,0.8324,1584.0,0.8326,451.0,0.8327,970.0
1753591982138,04:53:02.138,gateio,ADA/USDT:USDT,0.8325,300.0,0.8324,1815.0,0.8326,451.0,0.8327,970.0
1753591982233,04:53:02.233,gateio,ADA/USDT:USDT,0.8325,740.0,0.8324,1815.0,0.8326,401.0,0.8327,970.0
1753591982350,04:53:02.350,gateio,ADA/USDT:USDT,0.8325,715.0,0.8324,1815.0,0.8326,1.0,0.8327,970.0
1753591982420,04:53:02.420,gateio,ADA/USDT:USDT,0.8325,765.0,0.8324,2245.0,0.8326,1.0,0.8327,970.0
1753591982541,04:53:02.541,gateio,ADA/USDT:USDT,0.8325,765.0,0.8324,3095.0,0.8326,1.0,0.8327,555.0
1753591982629,04:53:02.629,gateio,ADA/USDT:USDT,0.8325,716.0,0.8324,3095.0,0.8326,1.0,0.8327,555.0
1753591982734,04:53:02.734,gateio,ADA/USDT:USDT,0.8325,715.0,0.8324,3031.0,0.8326,1.0,0.8327,555.0
1753591982831,04:53:02.831,gateio,ADA/USDT:USDT,0.8325,1115.0,0.8324,3006.0,0.8326,1.0,0.8327,580.0
1753591982884,04:53:02.884,gateio,ADA/USDT:USDT,0.8325,715.0,0.8324,3006.0,0.8326,1.0,0.8327,580.0
1753591983049,04:53:03.049,gateio,ADA/USDT:USDT,0.8325,715.0,0.8324,3031.0,0.8326,1.0,0.8327,555.0
1753591983148,04:53:03.148,gateio,ADA/USDT:USDT,0.8325,715.0,0.8324,3031.0,0.8326,1.0,0.8327,555.0
1753591983243,04:53:03.243,gateio,ADA/USDT:USDT,0.8325,715.0,0.8324,3031.0,0.8326,1.0,0.8327,555.0
1753591983316,04:53:03.316,gateio,ADA/USDT:USDT,0.8325,715.0,0.8324,3031.0,0.8326,1.0,0.8327,555.0
1753591983448,04:53:03.448,gateio,ADA/USDT:USDT,0.8324,2384.0,0.8323,2992.0,0.8326,700.0,0.8327,1849.0
1753591983537,04:53:03.537,gateio,ADA/USDT:USDT,0.8324,1613.0,0.8323,2242.0,0.8325,503.0,0.8326,675.0
1753591983649,04:53:03.649,gateio,ADA/USDT:USDT,0.8324,325.0,0.8323,3462.0,0.8326,675.0,0.8327,1849.0
1753591983733,04:53:03.733,gateio,ADA/USDT:USDT,0.8324,1227.0,0.8323,3437.0,0.8326,700.0,0.8327,1849.0
1753591983849,04:53:03.849,gateio,ADA/USDT:USDT,0.8324,325.0,0.8323,3838.0,0.8325,503.0,0.8326,675.0
1753591983897,04:53:03.897,gateio,ADA/USDT:USDT,0.8324,325.0,0.8323,3838.0,0.8325,503.0,0.8326,675.0
1753591984010,04:53:04.010,gateio,ADA/USDT:USDT,0.8324,325.0,0.8323,3838.0,0.8325,503.0,0.8326,650.0
1753591984134,04:53:04.134,gateio,ADA/USDT:USDT,0.8324,205.0,0.8323,3143.0,0.8325,918.0,0.8326,700.0
1753591984237,04:53:04.237,gateio,ADA/USDT:USDT,0.8323,2599.0,0.8322,2559.0,0.8325,993.0,0.8326,1441.0
1753591984308,04:53:04.308,gateio,ADA/USDT:USDT,0.8323,2599.0,0.8322,3236.0,0.8325,568.0,0.8326,1441.0
1753591984438,04:53:04.438,gateio,ADA/USDT:USDT,0.8323,2233.0,0.8322,3236.0,0.8325,568.0,0.8326,1441.0
1753591984537,04:53:04.537,gateio,ADA/USDT:USDT,0.8323,1267.0,0.8322,4086.0,0.8325,568.0,0.8326,1441.0
1753591984605,04:53:04.605,gateio,ADA/USDT:USDT,0.8323,852.0,0.8322,4086.0,0.8325,593.0,0.8326,1441.0
1753591984740,04:53:04.740,gateio,ADA/USDT:USDT,0.8323,852.0,0.8322,4086.0,0.8325,593.0,0.8326,1441.0
1753591984847,04:53:04.847,gateio,ADA/USDT:USDT,0.8323,1396.0,0.8322,4241.0,0.8325,968.0,0.8326,1841.0
1753591984920,04:53:04.920,gateio,ADA/USDT:USDT,0.8324,155.0,0.8323,1603.0,0.8325,968.0,0.8326,1891.0
1753591985008,04:53:05.008,gateio,ADA/USDT:USDT,0.8324,155.0,0.8323,1603.0,0.8325,968.0,0.8326,1866.0
1753591985112,04:53:05.112,gateio,ADA/USDT:USDT,0.8324,155.0,0.8323,1653.0,0.8325,968.0,0.8326,1866.0
1753591985235,04:53:05.235,gateio,ADA/USDT:USDT,0.8323,1499.0,0.8322,4241.0,0.8325,968.0,0.8326,1891.0
1753591985343,04:53:05.343,gateio,ADA/USDT:USDT,0.8323,1446.0,0.8322,3564.0,0.8325,968.0,0.8326,1866.0
1753591985407,04:53:05.407,gateio,ADA/USDT:USDT,0.8323,1446.0,0.8322,3564.0,0.8325,968.0,0.8326,1866.0
1753591985534,04:53:05.534,gateio,ADA/USDT:USDT,0.8324,155.0,0.8323,1628.0,0.8325,968.0,0.8326,1866.0
1753591985637,04:53:05.637,gateio,ADA/USDT:USDT,0.8324,155.0,0.8323,1628.0,0.8325,968.0,0.8326,2716.0
1753591985699,04:53:05.699,gateio,ADA/USDT:USDT,0.8324,155.0,0.8323,1628.0,0.8325,968.0,0.8326,2716.0
1753591985826,04:53:05.826,gateio,ADA/USDT:USDT,0.8323,877.0,0.8322,4229.0,0.8325,968.0,0.8326,2716.0
1753591985946,04:53:05.946,gateio,ADA/USDT:USDT,0.8323,50.0,0.8322,4165.0,0.8324,503.0,0.8325,993.0
1753591986026,04:53:06.026,gateio,ADA/USDT:USDT,0.8323,205.0,0.8322,4190.0,0.8324,503.0,0.8325,968.0
1753591986133,04:53:06.133,gateio,ADA/USDT:USDT,0.8323,50.0,0.8322,4031.0,0.8324,918.0,0.8325,1625.0
1753591986245,04:53:06.245,gateio,ADA/USDT:USDT,0.8323,205.0,0.8322,4146.0,0.8324,918.0,0.8325,1673.0
1753591986338,04:53:06.338,gateio,ADA/USDT:USDT,0.8323,205.0,0.8322,4146.0,0.8324,918.0,0.8325,1698.0
1753591986443,04:53:06.443,gateio,ADA/USDT:USDT,0.8322,3111.0,0.8321,2503.0,0.8324,968.0,0.8325,1673.0
1753591986544,04:53:06.544,gateio,ADA/USDT:USDT,0.8322,1427.0,0.8321,2335.0,0.8324,1018.0,0.8325,2326.0
1753591986641,04:53:06.641,gateio,ADA/USDT:USDT,0.8322,1427.0,0.8321,2686.0,0.8324,1018.0,0.8325,2326.0
1753591986714,04:53:06.714,gateio,ADA/USDT:USDT,0.8322,880.0,0.8321,3536.0,0.8324,1018.0,0.8325,2326.0
1753591986849,04:53:06.849,gateio,ADA/USDT:USDT,0.8322,50.0,0.8321,3218.0,0.8323,918.0,0.8324,1558.0
1753591986940,04:53:06.940,gateio,ADA/USDT:USDT,0.8321,1606.0,0.832,2367.0,0.8323,1018.0,0.8324,1508.0
1753591987029,04:53:07.029,gateio,ADA/USDT:USDT,0.8321,1606.0,0.832,2445.0,0.8323,993.0,0.8324,1790.0
1753591987121,04:53:07.121,gateio,ADA/USDT:USDT,0.8321,1606.0,0.832,2445.0,0.8323,1018.0,0.8324,1790.0
1753591987247,04:53:07.247,gateio,ADA/USDT:USDT,0.8321,50.0,0.832,2476.0,0.8322,50.0,0.8323,1209.0
1753591987345,04:53:07.345,gateio,ADA/USDT:USDT,0.832,2879.0,0.8319,3092.0,0.8322,50.0,0.8323,1419.0
1753591987439,04:53:07.439,gateio,ADA/USDT:USDT,0.8321,715.0,0.832,3543.0,0.8322,50.0,0.8323,968.0
1753591987541,04:53:07.541,gateio,ADA/USDT:USDT,0.8322,80.0,0.8321,1541.0,0.8323,968.0,0.8324,2225.0
1753591987626,04:53:07.626,gateio,ADA/USDT:USDT,0.8322,80.0,0.8321,1526.0,0.8323,968.0,0.8324,2426.0
1753591987737,04:53:07.737,gateio,ADA/USDT:USDT,0.8322,80.0,0.8321,1797.0,0.8323,968.0,0.8324,2426.0
1753591987850,04:53:07.850,gateio,ADA/USDT:USDT,0.8321,1926.0,0.832,3493.0,0.8323,968.0,0.8324,2426.0
1753591987945,04:53:07.945,gateio,ADA/USDT:USDT,0.8321,1526.0,0.832,3493.0,0.8323,968.0,0.8324,2426.0
1753591988034,04:53:08.034,gateio,ADA/USDT:USDT,0.8321,1526.0,0.832,3493.0,0.8323,968.0,0.8324,2426.0
1753591988140,04:53:08.140,gateio,ADA/USDT:USDT,0.8321,1526.0,0.832,3518.0,0.8323,968.0,0.8324,2426.0
1753591988176,04:53:08.176,gateio,ADA/USDT:USDT,0.8321,1526.0,0.832,3518.0,0.8323,968.0,0.8324,2451.0
1753591988328,04:53:08.328,gateio,ADA/USDT:USDT,0.8321,1526.0,0.832,3518.0,0.8323,968.0,0.8324,2451.0
1753591988413,04:53:08.413,gateio,ADA/USDT:USDT,0.8321,1526.0,0.832,3518.0,0.8323,968.0,0.8324,2451.0
1753591988549,04:53:08.549,gateio,ADA/USDT:USDT,0.8321,1551.0,0.832,3518.0,0.8323,968.0,0.8324,2426.0
1753591988632,04:53:08.632,gateio,ADA/USDT:USDT,0.8321,1551.0,0.832,3962.0,0.8323,968.0,0.8324,2426.0
1753591988705,04:53:08.705,gateio,ADA/USDT:USDT,0.8321,1551.0,0.832,3962.0,0.8323,968.0,0.8324,2451.0
1753591988833,04:53:08.833,gateio,ADA/USDT:USDT,0.8321,1951.0,0.832,3962.0,0.8323,968.0,0.8324,2451.0
1753591988900,04:53:08.900,gateio,ADA/USDT:USDT,0.8321,1526.0,0.832,3962.0,0.8323,968.0,0.8324,2451.0
1753591988959,04:53:08.959,gateio,ADA/USDT:USDT,0.8321,1526.0,0.832,3962.0,0.8323,968.0,0.8324,2451.0
1753591989100,04:53:09.100,gateio,ADA/USDT:USDT,0.8321,1526.0,0.832,3937.0,0.8323,1018.0,0.8324,2426.0
1753591989235,04:53:09.235,gateio,ADA/USDT:USDT,0.8321,1526.0,0.832,3937.0,0.8323,993.0,0.8324,2426.0
1753591989349,04:53:09.349,gateio,ADA/USDT:USDT,0.8321,1526.0,0.832,3937.0,0.8323,968.0,0.8324,2426.0
1753591989431,04:53:09.431,gateio,ADA/USDT:USDT,0.8321,1526.0,0.832,3937.0,0.8323,968.0,0.8324,2426.0
1753591989522,04:53:09.522,gateio,ADA/USDT:USDT,0.8321,1526.0,0.832,3937.0,0.8323,968.0,0.8324,2426.0
1753591989635,04:53:09.635,gateio,ADA/USDT:USDT,0.8321,1526.0,0.832,3937.0,0.8323,968.0,0.8324,2401.0
1753591989669,04:53:09.669,gateio,ADA/USDT:USDT,0.8321,1526.0,0.832,3937.0,0.8323,968.0,0.8324,2401.0
1753591989819,04:53:09.819,gateio,ADA/USDT:USDT,0.8321,1526.0,0.832,3937.0,0.8323,968.0,0.8324,2401.0
1753591989920,04:53:09.920,gateio,ADA/USDT:USDT,0.8321,1526.0,0.832,3937.0,0.8323,968.0,0.8324,2401.0
1753591990018,04:53:10.018,gateio,ADA/USDT:USDT,0.8321,1526.0,0.832,3937.0,0.8323,968.0,0.8324,2401.0
1753591990122,04:53:10.122,gateio,ADA/USDT:USDT,0.8321,1526.0,0.832,3937.0,0.8323,968.0,0.8324,2401.0
1753591990166,04:53:10.166,gateio,ADA/USDT:USDT,0.8321,1526.0,0.832,3937.0,0.8323,968.0,0.8324,2401.0
1753591990334,04:53:10.334,gateio,ADA/USDT:USDT,0.8321,1526.0,0.832,3937.0,0.8323,968.0,0.8324,2401.0
1753591990385,04:53:10.385,gateio,ADA/USDT:USDT,0.8321,1526.0,0.832,3937.0,0.8323,968.0,0.8324,2401.0
1753591990519,04:53:10.519,gateio,ADA/USDT:USDT,0.8321,1526.0,0.832,3937.0,0.8323,968.0,0.8324,2401.0
1753591990614,04:53:10.614,gateio,ADA/USDT:USDT,0.8321,1526.0,0.832,3937.0,0.8323,1053.0,0.8324,2401.0
1753591990742,04:53:10.742,gateio,ADA/USDT:USDT,0.8321,1926.0,0.832,3937.0,0.8323,1053.0,0.8324,2401.0
1753591990938,04:53:10.938,gateio,ADA/USDT:USDT,0.8321,1926.0,0.832,3937.0,0.8323,1028.0,0.8324,2401.0
1753591991037,04:53:11.037,gateio,ADA/USDT:USDT,0.8322,80.0,0.8321,2197.0,0.8323,1028.0,0.8324,2451.0
1753591991055,04:53:11.055,gateio,ADA/USDT:USDT,0.8322,80.0,0.8321,2197.0,0.8323,1028.0,0.8324,2451.0
1753591991226,04:53:11.226,gateio,ADA/USDT:USDT,0.8322,80.0,0.8321,2197.0,0.8323,1028.0,0.8324,2451.0
1753591991338,04:53:11.338,gateio,ADA/USDT:USDT,0.8322,80.0,0.8321,2197.0,0.8323,1028.0,0.8324,2451.0
1753591991433,04:53:11.433,gateio,ADA/USDT:USDT,0.8321,1926.0,0.832,4614.0,0.8323,1028.0,0.8324,2451.0
1753591991549,04:53:11.549,gateio,ADA/USDT:USDT,0.8321,1526.0,0.832,4614.0,0.8323,1053.0,0.8324,2426.0
1753591991600,04:53:11.600,gateio,ADA/USDT:USDT,0.8321,1526.0,0.832,4614.0,0.8323,1053.0,0.8324,2426.0
1753591991743,04:53:11.743,gateio,ADA/USDT:USDT,0.8321,876.0,0.832,4614.0,0.8322,50.0,0.8323,1391.0
1753591991823,04:53:11.823,gateio,ADA/USDT:USDT,0.8321,50.0,0.832,4536.0,0.8322,865.0,0.8323,1606.0
1753591992026,04:53:12.026,gateio,ADA/USDT:USDT,0.8321,50.0,0.832,4536.0,0.8322,865.0,0.8323,1606.0
1753591992086,04:53:12.086,gateio,ADA/USDT:USDT,0.8321,50.0,0.832,3859.0,0.8322,865.0,0.8323,1606.0
1753591992243,04:53:12.243,gateio,ADA/USDT:USDT,0.8321,50.0,0.832,3859.0,0.8322,865.0,0.8323,1606.0
1753591992345,04:53:12.345,gateio,ADA/USDT:USDT,0.832,2327.0,0.8319,2849.0,0.8322,890.0,0.8323,1629.0
1753591992439,04:53:12.439,gateio,ADA/USDT:USDT,0.832,841.0,0.8319,2668.0,0.8322,1556.0,0.8323,1689.0
1753591992532,04:53:12.532,gateio,ADA/USDT:USDT,0.832,841.0,0.8319,3869.0,0.8322,1371.0,0.8323,1689.0
1753591992582,04:53:12.582,gateio,ADA/USDT:USDT,0.832,841.0,0.8319,3869.0,0.8322,925.0,0.8323,2055.0
1753591992748,04:53:12.748,gateio,ADA/USDT:USDT,0.832,841.0,0.8319,3869.0,0.8322,950.0,0.8323,2055.0
1753591992831,04:53:12.831,gateio,ADA/USDT:USDT,0.832,50.0,0.8319,3458.0,0.8321,930.0,0.8322,2368.0
1753591992933,04:53:12.933,gateio,ADA/USDT:USDT,0.832,50.0,0.8319,3483.0,0.8321,930.0,0.8322,2343.0
1753591993028,04:53:13.028,gateio,ADA/USDT:USDT,0.832,205.0,0.8319,3508.0,0.8321,865.0,0.8322,2245.0
1753591993143,04:53:13.143,gateio,ADA/USDT:USDT,0.832,1303.0,0.8319,2916.0,0.8322,1775.0,0.8323,1714.0
1753591993232,04:53:13.232,gateio,ADA/USDT:USDT,0.832,1303.0,0.8319,3282.0,0.8322,1775.0,0.8323,2392.0
1753591993444,04:53:13.444,gateio,ADA/USDT:USDT,0.832,205.0,0.8319,3084.0,0.8321,450.0,0.8322,950.0
1753591993549,04:53:13.549,gateio,ADA/USDT:USDT,0.832,205.0,0.8319,3109.0,0.8321,450.0,0.8322,1061.0
1753591993634,04:53:13.634,gateio,ADA/USDT:USDT,0.832,50.0,0.8319,3059.0,0.8321,886.0,0.8322,1368.0
1753591993749,04:53:13.749,gateio,ADA/USDT:USDT,0.832,50.0,0.8319,3459.0,0.8321,946.0,0.8322,1608.0
1753591993842,04:53:13.842,gateio,ADA/USDT:USDT,0.8319,2037.0,0.8318,1780.0,0.8321,1047.0,0.8322,2047.0
1753591993948,04:53:13.948,gateio,ADA/USDT:USDT,0.8319,2037.0,0.8318,2630.0,0.8321,997.0,0.8322,1656.0
1753591994034,04:53:14.034,gateio,ADA/USDT:USDT,0.8319,2264.0,0.8318,2708.0,0.8321,1299.0,0.8322,2506.0
1753591994145,04:53:14.145,gateio,ADA/USDT:USDT,0.8319,2264.0,0.8318,2708.0,0.8321,1299.0,0.8322,2506.0
1753591994213,04:53:14.213,gateio,ADA/USDT:USDT,0.8319,2264.0,0.8318,2031.0,0.8321,1249.0,0.8322,2206.0
1753591994321,04:53:14.321,gateio,ADA/USDT:USDT,0.8319,2264.0,0.8318,2031.0,0.8321,1299.0,0.8322,2206.0
1753591994437,04:53:14.437,gateio,ADA/USDT:USDT,0.8319,2264.0,0.8318,2031.0,0.8321,1299.0,0.8322,2206.0
1753591994548,04:53:14.548,gateio,ADA/USDT:USDT,0.8319,2264.0,0.8318,2031.0,0.8321,1299.0,0.8322,2206.0
1753591994646,04:53:14.646,gateio,ADA/USDT:USDT,0.8319,2264.0,0.8318,2031.0,0.8321,1299.0,0.8322,2206.0
1753591994734,04:53:14.734,gateio,ADA/USDT:USDT,0.8319,2264.0,0.8318,2031.0,0.8321,1299.0,0.8322,2206.0
1753591994817,04:53:14.817,gateio,ADA/USDT:USDT,0.8319,2264.0,0.8318,2031.0,0.8321,1299.0,0.8322,2206.0
1753591994928,04:53:14.928,gateio,ADA/USDT:USDT,0.8319,2264.0,0.8318,2031.0,0.8321,1249.0,0.8322,2206.0
1753591995034,04:53:15.034,gateio,ADA/USDT:USDT,0.8319,2264.0,0.8318,2031.0,0.8321,1274.0,0.8322,2206.0
1753591995089,04:53:15.089,gateio,ADA/USDT:USDT,0.8319,2264.0,0.8318,2031.0,0.8321,1249.0,0.8322,2206.0
1753591995249,04:53:15.249,gateio,ADA/USDT:USDT,0.8319,2264.0,0.8318,2031.0,0.8321,1249.0,0.8322,2206.0
1753591995309,04:53:15.309,gateio,ADA/USDT:USDT,0.8319,2264.0,0.8318,2031.0,0.8321,1249.0,0.8322,2206.0
1753591995426,04:53:15.426,gateio,ADA/USDT:USDT,0.8319,2264.0,0.8318,2031.0,0.8321,1249.0,0.8322,2206.0
1753591995543,04:53:15.543,gateio,ADA/USDT:USDT,0.8319,2264.0,0.8318,2031.0,0.8321,1249.0,0.8322,2206.0
1753591995641,04:53:15.641,gateio,ADA/USDT:USDT,0.8319,2264.0,0.8318,2031.0,0.8321,1249.0,0.8322,2206.0
1753591995749,04:53:15.749,gateio,ADA/USDT:USDT,0.8319,2664.0,0.8318,2031.0,0.8321,1249.0,0.8322,2206.0
1753591995838,04:53:15.838,gateio,ADA/USDT:USDT,0.8319,2664.0,0.8318,2031.0,0.8321,1249.0,0.8322,2206.0
1753591995876,04:53:15.876,gateio,ADA/USDT:USDT,0.8319,2664.0,0.8318,2031.0,0.8321,1249.0,0.8322,2206.0
1753591996048,04:53:16.048,gateio,ADA/USDT:USDT,0.8319,2664.0,0.8318,2031.0,0.8321,1309.0,0.8322,2181.0
1753591996144,04:53:16.144,gateio,ADA/USDT:USDT,0.8319,2664.0,0.8318,2031.0,0.8321,1309.0,0.8322,2181.0
1753591996247,04:53:16.247,gateio,ADA/USDT:USDT,0.8319,2689.0,0.8318,2031.0,0.8321,1249.0,0.8322,2181.0
1753591996348,04:53:16.348,gateio,ADA/USDT:USDT,0.8319,2833.0,0.8318,2031.0,0.8321,1249.0,0.8322,2181.0
1753591996400,04:53:16.400,gateio,ADA/USDT:USDT,0.832,155.0,0.8319,3016.0,0.8321,886.0,0.8322,2181.0
1753591996513,04:53:16.513,gateio,ADA/USDT:USDT,0.832,155.0,0.8319,3041.0,0.8321,486.0,0.8322,2363.0
1753591996599,04:53:16.599,gateio,ADA/USDT:USDT,0.832,155.0,0.8319,3016.0,0.8321,486.0,0.8322,2388.0
1753591996748,04:53:16.748,gateio,ADA/USDT:USDT,0.832,155.0,0.8319,3016.0,0.8321,886.0,0.8322,2363.0
1753591996753,04:53:16.753,gateio,ADA/USDT:USDT,0.832,155.0,0.8319,3016.0,0.8321,886.0,0.8322,2388.0
1753591996873,04:53:16.873,gateio,ADA/USDT:USDT,0.832,155.0,0.8319,3016.0,0.8321,886.0,0.8322,2388.0
1753591996999,04:53:16.999,gateio,ADA/USDT:USDT,0.832,155.0,0.8319,3016.0,0.8321,886.0,0.8322,2388.0
1753591997326,04:53:17.326,gateio,ADA/USDT:USDT,0.8319,2664.0,0.8318,2953.0,0.8321,886.0,0.8322,2413.0
1753591997512,04:53:17.512,gateio,ADA/USDT:USDT,0.8319,2664.0,0.8318,2276.0,0.8321,886.0,0.8322,2231.0
1753591997620,04:53:17.620,gateio,ADA/USDT:USDT,0.8319,2264.0,0.8318,2276.0,0.8321,1183.0,0.8322,2181.0
1753591997662,04:53:17.662,gateio,ADA/USDT:USDT,0.8319,2264.0,0.8318,2276.0,0.8321,1183.0,0.8322,2181.0
1753591997802,04:53:17.802,gateio,ADA/USDT:USDT,0.8319,2264.0,0.8318,2276.0,0.8321,1375.0,0.8322,2181.0
1753591997938,04:53:17.938,gateio,ADA/USDT:USDT,0.8319,2264.0,0.8318,2276.0,0.8321,1375.0,0.8322,2181.0
1753591998247,04:53:18.247,gateio,ADA/USDT:USDT,0.8319,2264.0,0.8318,2276.0,0.8321,1375.0,0.8322,2181.0
1753591998299,04:53:18.299,gateio,ADA/USDT:USDT,0.8319,2264.0,0.8318,2276.0,0.8321,1400.0,0.8322,2181.0
1753591998431,04:53:18.431,gateio,ADA/USDT:USDT,0.8319,2264.0,0.8318,2276.0,0.8321,1425.0,0.8322,2181.0
1753591998506,04:53:18.506,gateio,ADA/USDT:USDT,0.8319,2264.0,0.8318,2276.0,0.8321,1425.0,0.8322,2181.0
1753591998707,04:53:18.707,gateio,ADA/USDT:USDT,0.8319,2264.0,0.8318,2276.0,0.8321,1375.0,0.8322,2181.0
