timestamp,time,exchange,symbol,bid1_price,bid1_volume,bid2_price,bid2_volume,ask1_price,ask1_volume,ask2_price,ask2_volume
1753591889777,04:51:29.777,huobi,1INCH/USDT:USDT,0.2845,462.0,0.2844,343.0,0.2847,351.0,0.2848,3425.0
1753591889949,04:51:29.949,huobi,1INCH/USDT:USDT,0.2845,462.0,0.2844,343.0,0.2847,351.0,0.2848,3425.0
1753591890099,04:51:30.099,huobi,1INCH/USDT:USDT,0.2845,462.0,0.2844,343.0,0.2847,351.0,0.2848,3425.0
1753591890254,04:51:30.254,huobi,1INCH/USDT:USDT,0.2845,462.0,0.2844,343.0,0.2847,351.0,0.2848,3425.0
1753591890408,04:51:30.408,huobi,1INCH/USDT:USDT,0.2845,462.0,0.2844,343.0,0.2847,351.0,0.2848,3425.0
1753591890579,04:51:30.579,huobi,1INCH/USDT:USDT,0.2845,462.0,0.2844,343.0,0.2847,351.0,0.2848,3425.0
1753591890731,04:51:30.731,huobi,1INCH/USDT:USDT,0.2845,462.0,0.2844,343.0,0.2847,351.0,0.2848,3425.0
1753591890882,04:51:30.882,huobi,1INCH/USDT:USDT,0.2845,462.0,0.2844,343.0,0.2847,351.0,0.2848,3425.0
1753591891037,04:51:31.037,huobi,1INCH/USDT:USDT,0.2845,462.0,0.2844,343.0,0.2847,351.0,0.2848,3425.0
1753591891188,04:51:31.188,huobi,1INCH/USDT:USDT,0.2845,462.0,0.2844,343.0,0.2847,351.0,0.2848,3425.0
1753591891342,04:51:31.342,huobi,1INCH/USDT:USDT,0.2845,462.0,0.2844,343.0,0.2847,351.0,0.2848,3425.0
1753591891496,04:51:31.496,huobi,1INCH/USDT:USDT,0.2846,357.0,0.2845,105.0,0.2847,351.0,0.2848,3425.0
1753591891523,04:51:31.523,huobi,1INCH/USDT:USDT,0.2846,357.0,0.2844,343.0,0.2847,351.0,0.2848,3425.0
1753591891596,04:51:31.596,huobi,1INCH/USDT:USDT,0.2846,462.0,0.2844,343.0,0.2847,351.0,0.2848,3425.0
1753591894871,04:51:34.871,huobi,1INCH/USDT:USDT,0.2846,462.0,0.2844,343.0,0.2847,351.0,0.2848,3425.0
1753591894921,04:51:34.921,huobi,1INCH/USDT:USDT,0.2846,462.0,0.2844,343.0,0.2847,351.0,0.2848,3425.0
1753591894933,04:51:34.933,huobi,1INCH/USDT:USDT,0.2846,462.0,0.2844,343.0,0.2847,351.0,0.2848,3425.0
1753591896202,04:51:36.202,huobi,1INCH/USDT:USDT,0.2846,105.0,0.2844,343.0,0.2847,351.0,0.2848,3425.0
1753591896222,04:51:36.222,huobi,1INCH/USDT:USDT,0.2844,343.0,0.2843,3424.0,0.2847,351.0,0.2848,3425.0
1753591896282,04:51:36.282,huobi,1INCH/USDT:USDT,0.2845,462.0,0.2844,343.0,0.2847,351.0,0.2848,3425.0
1753591896909,04:51:36.909,huobi,1INCH/USDT:USDT,0.2845,105.0,0.2844,343.0,0.2847,351.0,0.2848,3425.0
1753591897058,04:51:37.058,huobi,1INCH/USDT:USDT,0.2845,462.0,0.2844,343.0,0.2847,351.0,0.2848,3425.0
1753591897221,04:51:37.221,huobi,1INCH/USDT:USDT,0.2845,462.0,0.2844,343.0,0.2847,351.0,0.2848,3425.0
1753591897366,04:51:37.366,huobi,1INCH/USDT:USDT,0.2845,462.0,0.2844,343.0,0.2847,351.0,0.2848,3425.0
1753591897519,04:51:37.519,huobi,1INCH/USDT:USDT,0.2845,462.0,0.2844,343.0,0.2847,351.0,0.2848,3425.0
1753591897671,04:51:37.671,huobi,1INCH/USDT:USDT,0.2845,462.0,0.2844,343.0,0.2847,351.0,0.2848,3425.0
1753591897827,04:51:37.827,huobi,1INCH/USDT:USDT,0.2845,462.0,0.2844,343.0,0.2847,351.0,0.2848,3425.0
1753591897987,04:51:37.987,huobi,1INCH/USDT:USDT,0.2845,462.0,0.2844,343.0,0.2847,351.0,0.2848,3425.0
1753591898142,04:51:38.142,huobi,1INCH/USDT:USDT,0.2845,462.0,0.2844,343.0,0.2847,351.0,0.2848,3425.0
1753591898291,04:51:38.291,huobi,1INCH/USDT:USDT,0.2845,462.0,0.2844,343.0,0.2847,351.0,0.2848,3425.0
1753591898453,04:51:38.453,huobi,1INCH/USDT:USDT,0.2845,462.0,0.2844,343.0,0.2847,351.0,0.2848,3425.0
1753591898612,04:51:38.612,huobi,1INCH/USDT:USDT,0.2845,455.0,0.2844,343.0,0.2847,351.0,0.2848,3425.0
1753591898618,04:51:38.618,huobi,1INCH/USDT:USDT,0.2845,105.0,0.2844,343.0,0.2847,351.0,0.2848,3425.0
1753591898777,04:51:38.777,huobi,1INCH/USDT:USDT,0.2845,455.0,0.2844,343.0,0.2847,351.0,0.2848,3425.0
1753591898917,04:51:38.917,huobi,1INCH/USDT:USDT,0.2845,455.0,0.2844,343.0,0.2847,351.0,0.2848,3425.0
1753591899104,04:51:39.104,huobi,1INCH/USDT:USDT,0.2845,455.0,0.2844,343.0,0.2847,351.0,0.2848,3425.0
1753591899397,04:51:39.397,huobi,1INCH/USDT:USDT,0.2845,455.0,0.2844,343.0,0.2847,351.0,0.2848,3425.0
1753591899552,04:51:39.552,huobi,1INCH/USDT:USDT,0.2846,350.0,0.2845,105.0,0.2847,351.0,0.2848,3425.0
1753591899580,04:51:39.580,huobi,1INCH/USDT:USDT,0.2846,350.0,0.2844,343.0,0.2847,351.0,0.2848,3425.0
1753591899619,04:51:39.619,huobi,1INCH/USDT:USDT,0.2846,455.0,0.2844,343.0,0.2847,351.0,0.2848,3425.0
1753591899866,04:51:39.866,huobi,1INCH/USDT:USDT,0.2846,455.0,0.2844,343.0,0.2848,3425.0,0.2849,3425.0
1753591899974,04:51:39.974,huobi,1INCH/USDT:USDT,0.2846,455.0,0.2844,3421.0,0.2848,3425.0,0.2849,3425.0
1753591900021,04:51:40.021,huobi,1INCH/USDT:USDT,0.2846,455.0,0.2844,3421.0,0.2847,350.0,0.2848,3425.0
1753591900041,04:51:40.041,huobi,1INCH/USDT:USDT,0.2846,455.0,0.2844,3421.0,0.2847,350.0,0.2848,3425.0
1753591900582,04:51:40.582,huobi,1INCH/USDT:USDT,0.2846,455.0,0.2844,3421.0,0.2848,3425.0,0.2849,3425.0
1753591900800,04:51:40.800,huobi,1INCH/USDT:USDT,0.2846,455.0,0.2844,3421.0,0.2847,350.0,0.2848,3425.0
1753591900807,04:51:40.807,huobi,1INCH/USDT:USDT,0.2846,455.0,0.2844,3421.0,0.2847,350.0,0.2848,3425.0
1753591901202,04:51:41.202,huobi,1INCH/USDT:USDT,0.2846,455.0,0.2844,3421.0,0.2847,350.0,0.2848,3425.0
1753591901234,04:51:41.234,huobi,1INCH/USDT:USDT,0.2846,455.0,0.2844,3421.0,0.2848,3425.0,0.2849,3425.0
1753591901276,04:51:41.276,huobi,1INCH/USDT:USDT,0.2847,350.0,0.2846,455.0,0.2848,3425.0,0.2849,3425.0
1753591901304,04:51:41.304,huobi,1INCH/USDT:USDT,0.2847,350.0,0.2846,350.0,0.2848,3425.0,0.2849,3425.0
1753591901339,04:51:41.339,huobi,1INCH/USDT:USDT,0.2847,455.0,0.2846,350.0,0.2848,3425.0,0.2849,3425.0
1753591901454,04:51:41.454,huobi,1INCH/USDT:USDT,0.2847,455.0,0.2846,350.0,0.2848,3425.0,0.2849,3425.0
1753591901492,04:51:41.492,huobi,1INCH/USDT:USDT,0.2847,455.0,0.2846,350.0,0.2848,3425.0,0.2849,3425.0
1753591906150,04:51:46.150,huobi,1INCH/USDT:USDT,0.2847,455.0,0.2846,350.0,0.2848,3425.0,0.2849,3425.0
1753591908264,04:51:48.264,huobi,1INCH/USDT:USDT,0.2847,455.0,0.2846,350.0,0.2848,3425.0,0.2849,3425.0
1753591911699,04:51:51.699,huobi,1INCH/USDT:USDT,0.2847,105.0,0.2846,350.0,0.2848,3425.0,0.2849,3425.0
1753591912017,04:51:52.017,huobi,1INCH/USDT:USDT,0.2847,464.0,0.2846,350.0,0.2848,3425.0,0.2849,3425.0
1753591912026,04:51:52.026,huobi,1INCH/USDT:USDT,0.2847,105.0,0.2846,350.0,0.2848,3425.0,0.2849,3425.0
1753591912172,04:51:52.172,huobi,1INCH/USDT:USDT,0.2847,464.0,0.2846,350.0,0.2848,3425.0,0.2849,3425.0
1753591912180,04:51:52.180,huobi,1INCH/USDT:USDT,0.2847,105.0,0.2846,350.0,0.2848,3425.0,0.2849,3425.0
1753591912323,04:51:52.323,huobi,1INCH/USDT:USDT,0.2847,464.0,0.2846,350.0,0.2848,3425.0,0.2849,3425.0
1753591912331,04:51:52.331,huobi,1INCH/USDT:USDT,0.2847,105.0,0.2846,350.0,0.2848,3425.0,0.2849,3425.0
1753591912477,04:51:52.477,huobi,1INCH/USDT:USDT,0.2847,464.0,0.2846,350.0,0.2848,3425.0,0.2849,3425.0
1753591912664,04:51:52.664,huobi,1INCH/USDT:USDT,0.2847,464.0,0.2846,350.0,0.2848,3425.0,0.2849,3425.0
1753591912818,04:51:52.818,huobi,1INCH/USDT:USDT,0.2847,464.0,0.2846,350.0,0.2848,3425.0,0.2849,3425.0
1753591913012,04:51:53.012,huobi,1INCH/USDT:USDT,0.2847,464.0,0.2846,350.0,0.2848,3425.0,0.2849,3425.0
1753591913019,04:51:53.019,huobi,1INCH/USDT:USDT,0.2847,105.0,0.2846,350.0,0.2848,3425.0,0.2849,3425.0
1753591915222,04:51:55.222,huobi,1INCH/USDT:USDT,0.2847,464.0,0.2846,350.0,0.2848,3425.0,0.2849,3425.0
1753591916718,04:51:56.718,huobi,1INCH/USDT:USDT,0.2847,105.0,0.2846,350.0,0.2848,3425.0,0.2849,3425.0
1753591917114,04:51:57.114,huobi,1INCH/USDT:USDT,0.2847,105.0,0.2846,350.0,0.2848,3425.0,0.2849,3425.0
1753591919925,04:51:59.925,huobi,1INCH/USDT:USDT,0.2847,105.0,0.2846,350.0,0.2848,3425.0,0.2849,3425.0
1753591919981,04:51:59.981,huobi,1INCH/USDT:USDT,0.2847,105.0,0.2846,350.0,0.2848,3425.0,0.2849,3425.0
1753591920322,04:52:00.322,huobi,1INCH/USDT:USDT,0.2847,105.0,0.2846,350.0,0.2848,3425.0,0.2849,3425.0
1753591920523,04:52:00.523,huobi,1INCH/USDT:USDT,0.2847,105.0,0.2846,350.0,0.2848,3425.0,0.2849,3425.0
1753591920777,04:52:00.777,huobi,1INCH/USDT:USDT,0.2847,105.0,0.2844,343.0,0.2848,3425.0,0.2849,3425.0
1753591920819,04:52:00.819,huobi,1INCH/USDT:USDT,0.2844,343.0,0.2843,3424.0,0.2848,3425.0,0.2849,3425.0
1753591920883,04:52:00.883,huobi,1INCH/USDT:USDT,0.2845,105.0,0.2844,343.0,0.2847,348.0,0.2848,3425.0
1753591920915,04:52:00.915,huobi,1INCH/USDT:USDT,0.2846,348.0,0.2845,105.0,0.2847,348.0,0.2848,3425.0
1753591920968,04:52:00.968,huobi,1INCH/USDT:USDT,0.2846,453.0,0.2844,343.0,0.2847,348.0,0.2848,3425.0
1753591921131,04:52:01.131,huobi,1INCH/USDT:USDT,0.2846,453.0,0.2844,343.0,0.2847,348.0,0.2848,3425.0
1753591921495,04:52:01.495,huobi,1INCH/USDT:USDT,0.2846,453.0,0.2844,343.0,0.2848,3425.0,0.2849,6401.0
1753591921522,04:52:01.522,huobi,1INCH/USDT:USDT,0.2846,453.0,0.2844,343.0,0.2847,348.0,0.2848,3425.0
1753591921685,04:52:01.685,huobi,1INCH/USDT:USDT,0.2846,453.0,0.2844,343.0,0.2848,3425.0,0.2849,6401.0
1753591921740,04:52:01.740,huobi,1INCH/USDT:USDT,0.2846,453.0,0.2844,3421.0,0.2848,3425.0,0.2849,6401.0
1753591922234,04:52:02.234,huobi,1INCH/USDT:USDT,0.2846,453.0,0.2844,3421.0,0.2848,3425.0,0.2849,6401.0
1753591922412,04:52:02.412,huobi,1INCH/USDT:USDT,0.2846,453.0,0.2844,3421.0,0.2847,348.0,0.2848,3425.0
1753591922443,04:52:02.443,huobi,1INCH/USDT:USDT,0.2846,453.0,0.2844,343.0,0.2847,348.0,0.2848,3425.0
1753591922819,04:52:02.819,huobi,1INCH/USDT:USDT,0.2846,453.0,0.2844,3421.0,0.2847,348.0,0.2848,3425.0
1753591922873,04:52:02.873,huobi,1INCH/USDT:USDT,0.2846,453.0,0.2844,3421.0,0.2847,348.0,0.2848,3425.0
1753591924177,04:52:04.177,huobi,1INCH/USDT:USDT,0.2846,453.0,0.2844,3421.0,0.2848,3425.0,0.2849,6401.0
1753591924369,04:52:04.369,huobi,1INCH/USDT:USDT,0.2846,453.0,0.2844,3421.0,0.2847,348.0,0.2848,3425.0
1753591928576,04:52:08.576,huobi,1INCH/USDT:USDT,0.2846,453.0,0.2844,3421.0,0.2847,348.0,0.2848,3425.0
1753591928715,04:52:08.715,huobi,1INCH/USDT:USDT,0.2846,453.0,0.2844,3421.0,0.2847,348.0,0.2848,3425.0
1753591931209,04:52:11.209,huobi,1INCH/USDT:USDT,0.2846,453.0,0.2844,3421.0,0.2848,3425.0,0.2849,6401.0
1753591931645,04:52:11.645,huobi,1INCH/USDT:USDT,0.2846,453.0,0.2844,3421.0,0.2847,356.0,0.2848,3425.0
1753591932231,04:52:12.231,huobi,1INCH/USDT:USDT,0.2846,453.0,0.2844,3421.0,0.2847,356.0,0.2848,3425.0
1753591932264,04:52:12.264,huobi,1INCH/USDT:USDT,0.2846,453.0,0.2844,343.0,0.2847,356.0,0.2848,3425.0
1753591932363,04:52:12.363,huobi,1INCH/USDT:USDT,0.2846,453.0,0.2844,3421.0,0.2847,356.0,0.2848,3425.0
1753591932394,04:52:12.394,huobi,1INCH/USDT:USDT,0.2846,453.0,0.2844,343.0,0.2847,356.0,0.2848,3425.0
1753591932442,04:52:12.442,huobi,1INCH/USDT:USDT,0.2846,453.0,0.2844,343.0,0.2847,356.0,0.2848,3425.0
1753591932470,04:52:12.470,huobi,1INCH/USDT:USDT,0.2846,453.0,0.2844,343.0,0.2847,356.0,0.2848,3425.0
1753591932501,04:52:12.501,huobi,1INCH/USDT:USDT,0.2846,453.0,0.2844,3421.0,0.2847,356.0,0.2848,3425.0
1753591932601,04:52:12.601,huobi,1INCH/USDT:USDT,0.2846,453.0,0.2844,3421.0,0.2847,356.0,0.2848,3425.0
1753591932605,04:52:12.605,huobi,1INCH/USDT:USDT,0.2846,453.0,0.2844,3421.0,0.2847,356.0,0.2848,3425.0
1753591932637,04:52:12.637,huobi,1INCH/USDT:USDT,0.2846,453.0,0.2844,3421.0,0.2847,356.0,0.2848,3425.0
1753591932688,04:52:12.688,huobi,1INCH/USDT:USDT,0.2846,453.0,0.2844,3421.0,0.2847,356.0,0.2848,3425.0
1753591932701,04:52:12.701,huobi,1INCH/USDT:USDT,0.2846,453.0,0.2844,3421.0,0.2847,356.0,0.2848,3425.0
1753591932820,04:52:12.820,huobi,1INCH/USDT:USDT,0.2846,453.0,0.2844,3421.0,0.2847,356.0,0.2848,3425.0
1753591933423,04:52:13.423,huobi,1INCH/USDT:USDT,0.2846,453.0,0.2844,3421.0,0.2847,356.0,0.2848,3425.0
1753591934767,04:52:14.767,huobi,1INCH/USDT:USDT,0.2846,453.0,0.2844,3421.0,0.2847,356.0,0.2848,3425.0
1753591936134,04:52:16.134,huobi,1INCH/USDT:USDT,0.2846,453.0,0.2844,3421.0,0.2848,3425.0,0.2849,6401.0
1753591936717,04:52:16.717,huobi,1INCH/USDT:USDT,0.2846,453.0,0.2844,3421.0,0.2847,356.0,0.2848,3425.0
1753591937321,04:52:17.321,huobi,1INCH/USDT:USDT,0.2846,453.0,0.2844,3421.0,0.2847,356.0,0.2848,3425.0
1753591940933,04:52:20.933,huobi,1INCH/USDT:USDT,0.2846,453.0,0.2844,3421.0,0.2848,3425.0,0.2849,6401.0
1753591940969,04:52:20.969,huobi,1INCH/USDT:USDT,0.2847,357.0,0.2846,453.0,0.2848,3425.0,0.2849,6401.0
1753591940988,04:52:20.988,huobi,1INCH/USDT:USDT,0.2847,357.0,0.2846,348.0,0.2848,3425.0,0.2849,6401.0
1753591941032,04:52:21.032,huobi,1INCH/USDT:USDT,0.2847,462.0,0.2846,348.0,0.2848,3425.0,0.2849,6401.0
1753591941779,04:52:21.779,huobi,1INCH/USDT:USDT,0.2847,462.0,0.2846,348.0,0.2848,3425.0,0.2849,6401.0
1753591942168,04:52:22.168,huobi,1INCH/USDT:USDT,0.2847,462.0,0.2846,348.0,0.2848,3425.0,0.2849,6401.0
1753591944764,04:52:24.764,huobi,1INCH/USDT:USDT,0.2847,462.0,0.2846,348.0,0.2848,3425.0,0.2849,6401.0
1753591944809,04:52:24.809,huobi,1INCH/USDT:USDT,0.2847,462.0,0.2846,348.0,0.2849,3323.0,0.285,3432.0
1753591944815,04:52:24.815,huobi,1INCH/USDT:USDT,0.2848,357.0,0.2847,462.0,0.2849,347.0,0.285,3432.0
1753591944846,04:52:24.846,huobi,1INCH/USDT:USDT,0.2848,357.0,0.2847,357.0,0.2849,347.0,0.285,3432.0
1753591944872,04:52:24.872,huobi,1INCH/USDT:USDT,0.2848,462.0,0.2847,357.0,0.2849,347.0,0.285,3432.0
1753591944906,04:52:24.906,huobi,1INCH/USDT:USDT,0.2848,462.0,0.2847,357.0,0.2849,347.0,0.285,3432.0
1753591944941,04:52:24.941,huobi,1INCH/USDT:USDT,0.2848,462.0,0.2847,357.0,0.2849,347.0,0.285,3432.0
1753591944965,04:52:24.965,huobi,1INCH/USDT:USDT,0.2848,462.0,0.2847,357.0,0.2849,347.0,0.285,3432.0
1753591945026,04:52:25.026,huobi,1INCH/USDT:USDT,0.2848,462.0,0.2847,357.0,0.2849,347.0,0.285,3432.0
1753591946058,04:52:26.058,huobi,1INCH/USDT:USDT,0.2848,462.0,0.2847,357.0,0.2849,347.0,0.285,3432.0
1753591946086,04:52:26.086,huobi,1INCH/USDT:USDT,0.2848,462.0,0.2847,357.0,0.2849,347.0,0.285,3586.0
1753591946953,04:52:26.953,huobi,1INCH/USDT:USDT,0.2848,462.0,0.2846,348.0,0.2849,347.0,0.285,3586.0
1753591949158,04:52:29.158,huobi,1INCH/USDT:USDT,0.2848,462.0,0.2846,348.0,0.2849,347.0,0.285,3586.0
1753591949936,04:52:29.936,huobi,1INCH/USDT:USDT,0.2848,105.0,0.2846,348.0,0.2849,347.0,0.285,3586.0
1753591949958,04:52:29.958,huobi,1INCH/USDT:USDT,0.2846,348.0,0.2845,3589.0,0.2849,347.0,0.285,3586.0
1753591949983,04:52:29.983,huobi,1INCH/USDT:USDT,0.2846,348.0,0.2845,3435.0,0.2849,347.0,0.285,3586.0
1753591950006,04:52:30.006,huobi,1INCH/USDT:USDT,0.2847,105.0,0.2846,348.0,0.2849,347.0,0.285,3586.0
1753591950043,04:52:30.043,huobi,1INCH/USDT:USDT,0.2847,105.0,0.2846,348.0,0.2849,347.0,0.285,3586.0
1753591950182,04:52:30.182,huobi,1INCH/USDT:USDT,0.2847,460.0,0.2846,348.0,0.2849,347.0,0.285,3586.0
1753591950186,04:52:30.186,huobi,1INCH/USDT:USDT,0.2847,105.0,0.2846,348.0,0.2849,347.0,0.285,3586.0
1753591950334,04:52:30.334,huobi,1INCH/USDT:USDT,0.2847,460.0,0.2846,348.0,0.2849,347.0,0.285,3586.0
1753591950342,04:52:30.342,huobi,1INCH/USDT:USDT,0.2847,105.0,0.2846,348.0,0.2849,347.0,0.285,3586.0
1753591950488,04:52:30.488,huobi,1INCH/USDT:USDT,0.2847,460.0,0.2846,348.0,0.2849,347.0,0.285,3586.0
1753591950646,04:52:30.646,huobi,1INCH/USDT:USDT,0.2847,460.0,0.2846,348.0,0.2849,347.0,0.285,3586.0
1753591950801,04:52:30.801,huobi,1INCH/USDT:USDT,0.2847,460.0,0.2846,348.0,0.2849,347.0,0.285,3586.0
1753591950958,04:52:30.958,huobi,1INCH/USDT:USDT,0.2847,460.0,0.2846,348.0,0.2849,347.0,0.285,3586.0
1753591951113,04:52:31.113,huobi,1INCH/USDT:USDT,0.2848,355.0,0.2847,105.0,0.2849,347.0,0.285,3586.0
1753591951133,04:52:31.133,huobi,1INCH/USDT:USDT,0.2848,355.0,0.2846,348.0,0.2849,347.0,0.285,3586.0
1753591951172,04:52:31.172,huobi,1INCH/USDT:USDT,0.2848,460.0,0.2846,348.0,0.2849,347.0,0.285,3586.0
1753591951182,04:52:31.182,huobi,1INCH/USDT:USDT,0.2848,105.0,0.2846,348.0,0.2849,347.0,0.285,3586.0
1753591951220,04:52:31.220,huobi,1INCH/USDT:USDT,0.2846,348.0,0.2845,3435.0,0.2849,347.0,0.285,3586.0
1753591951348,04:52:31.348,huobi,1INCH/USDT:USDT,0.2847,105.0,0.2846,348.0,0.2849,347.0,0.285,3586.0
1753591951363,04:52:31.363,huobi,1INCH/USDT:USDT,0.2847,460.0,0.2846,348.0,0.2849,347.0,0.285,3586.0
1753591951520,04:52:31.520,huobi,1INCH/USDT:USDT,0.2847,460.0,0.2846,348.0,0.2849,347.0,0.285,3586.0
1753591951673,04:52:31.673,huobi,1INCH/USDT:USDT,0.2847,460.0,0.2846,348.0,0.2849,347.0,0.285,3586.0
1753591951826,04:52:31.826,huobi,1INCH/USDT:USDT,0.2847,460.0,0.2846,348.0,0.2849,347.0,0.285,3586.0
1753591951976,04:52:31.976,huobi,1INCH/USDT:USDT,0.2847,460.0,0.2846,348.0,0.2849,347.0,0.285,3586.0
1753591952130,04:52:32.130,huobi,1INCH/USDT:USDT,0.2847,460.0,0.2846,348.0,0.2849,347.0,0.285,3586.0
1753591952137,04:52:32.137,huobi,1INCH/USDT:USDT,0.2847,105.0,0.2846,348.0,0.2849,347.0,0.285,3586.0
1753591952283,04:52:32.283,huobi,1INCH/USDT:USDT,0.2847,460.0,0.2846,348.0,0.2849,347.0,0.285,3586.0
1753591952290,04:52:32.290,huobi,1INCH/USDT:USDT,0.2847,105.0,0.2846,348.0,0.2849,347.0,0.285,3586.0
1753591952433,04:52:32.433,huobi,1INCH/USDT:USDT,0.2847,460.0,0.2846,348.0,0.2849,347.0,0.285,3586.0
1753591952440,04:52:32.440,huobi,1INCH/USDT:USDT,0.2847,105.0,0.2846,348.0,0.2849,347.0,0.285,3586.0
1753591952595,04:52:32.595,huobi,1INCH/USDT:USDT,0.2847,460.0,0.2846,348.0,0.2849,347.0,0.285,3586.0
1753591952752,04:52:32.752,huobi,1INCH/USDT:USDT,0.2847,460.0,0.2846,348.0,0.2849,347.0,0.285,3586.0
1753591952772,04:52:32.772,huobi,1INCH/USDT:USDT,0.2847,105.0,0.2846,348.0,0.2849,347.0,0.285,3432.0
1753591952909,04:52:32.909,huobi,1INCH/USDT:USDT,0.2847,460.0,0.2846,348.0,0.2849,347.0,0.285,3432.0
1753591952916,04:52:32.916,huobi,1INCH/USDT:USDT,0.2847,105.0,0.2846,348.0,0.2849,347.0,0.285,3432.0
1753591953061,04:52:33.061,huobi,1INCH/USDT:USDT,0.2847,460.0,0.2846,348.0,0.2849,347.0,0.285,3432.0
1753591953068,04:52:33.068,huobi,1INCH/USDT:USDT,0.2847,105.0,0.2846,348.0,0.2849,347.0,0.285,3432.0
1753591953211,04:52:33.211,huobi,1INCH/USDT:USDT,0.2847,460.0,0.2846,348.0,0.2849,347.0,0.285,3432.0
1753591953218,04:52:33.218,huobi,1INCH/USDT:USDT,0.2847,105.0,0.2846,348.0,0.2849,347.0,0.285,3432.0
1753591953365,04:52:33.365,huobi,1INCH/USDT:USDT,0.2847,460.0,0.2846,348.0,0.2849,347.0,0.285,3432.0
1753591953521,04:52:33.521,huobi,1INCH/USDT:USDT,0.2847,460.0,0.2846,348.0,0.2849,347.0,0.285,3432.0
1753591953672,04:52:33.672,huobi,1INCH/USDT:USDT,0.2847,460.0,0.2846,348.0,0.2849,347.0,0.285,3432.0
1753591953719,04:52:33.719,huobi,1INCH/USDT:USDT,0.2847,105.0,0.2846,348.0,0.2849,347.0,0.285,3432.0
1753591953737,04:52:33.737,huobi,1INCH/USDT:USDT,0.2847,105.0,0.2846,348.0,0.2849,347.0,0.285,3432.0
1753591953833,04:52:33.833,huobi,1INCH/USDT:USDT,0.2847,460.0,0.2846,348.0,0.2849,347.0,0.285,3432.0
1753591953993,04:52:33.993,huobi,1INCH/USDT:USDT,0.2847,460.0,0.2846,348.0,0.2849,347.0,0.285,3432.0
1753591953999,04:52:33.999,huobi,1INCH/USDT:USDT,0.2847,105.0,0.2846,348.0,0.2849,347.0,0.285,3432.0
1753591954150,04:52:34.150,huobi,1INCH/USDT:USDT,0.2847,460.0,0.2846,348.0,0.2849,347.0,0.285,3432.0
1753591954306,04:52:34.306,huobi,1INCH/USDT:USDT,0.2847,460.0,0.2846,348.0,0.2849,347.0,0.285,3432.0
1753591954459,04:52:34.459,huobi,1INCH/USDT:USDT,0.2847,460.0,0.2846,348.0,0.2849,347.0,0.285,3432.0
1753591954608,04:52:34.608,huobi,1INCH/USDT:USDT,0.2847,460.0,0.2846,348.0,0.2849,347.0,0.285,3432.0
1753591954679,04:52:34.679,huobi,1INCH/USDT:USDT,0.2847,105.0,0.2846,348.0,0.2849,347.0,0.285,3432.0
1753591954761,04:52:34.761,huobi,1INCH/USDT:USDT,0.2847,460.0,0.2846,348.0,0.2849,347.0,0.285,3586.0
1753591954926,04:52:34.926,huobi,1INCH/USDT:USDT,0.2847,460.0,0.2846,348.0,0.2849,347.0,0.285,3586.0
1753591955078,04:52:35.078,huobi,1INCH/USDT:USDT,0.2847,460.0,0.2846,348.0,0.2849,347.0,0.285,3586.0
1753591955234,04:52:35.234,huobi,1INCH/USDT:USDT,0.2847,460.0,0.2846,348.0,0.2849,347.0,0.285,3586.0
1753591955393,04:52:35.393,huobi,1INCH/USDT:USDT,0.2847,460.0,0.2846,348.0,0.2849,347.0,0.285,3586.0
1753591955545,04:52:35.545,huobi,1INCH/USDT:USDT,0.2847,460.0,0.2846,348.0,0.2849,347.0,0.285,3586.0
1753591955698,04:52:35.698,huobi,1INCH/USDT:USDT,0.2847,460.0,0.2846,348.0,0.2849,347.0,0.285,3586.0
1753591955772,04:52:35.772,huobi,1INCH/USDT:USDT,0.2847,105.0,0.2846,348.0,0.2849,347.0,0.285,3432.0
1753591955878,04:52:35.878,huobi,1INCH/USDT:USDT,0.2847,460.0,0.2846,348.0,0.2849,347.0,0.285,3432.0
1753591955878,04:52:35.878,huobi,1INCH/USDT:USDT,0.2847,105.0,0.2846,348.0,0.2849,347.0,0.285,3432.0
1753591956005,04:52:36.005,huobi,1INCH/USDT:USDT,0.2847,460.0,0.2846,348.0,0.2849,347.0,0.285,3432.0
1753591956014,04:52:36.014,huobi,1INCH/USDT:USDT,0.2847,105.0,0.2846,348.0,0.2849,347.0,0.285,3432.0
1753591956155,04:52:36.155,huobi,1INCH/USDT:USDT,0.2847,460.0,0.2846,348.0,0.2849,347.0,0.285,3432.0
1753591956313,04:52:36.313,huobi,1INCH/USDT:USDT,0.2847,460.0,0.2846,348.0,0.2849,347.0,0.285,3432.0
1753591956461,04:52:36.461,huobi,1INCH/USDT:USDT,0.2847,460.0,0.2846,348.0,0.2849,347.0,0.285,3432.0
1753591956619,04:52:36.619,huobi,1INCH/USDT:USDT,0.2847,460.0,0.2846,348.0,0.2849,347.0,0.285,3432.0
1753591956785,04:52:36.785,huobi,1INCH/USDT:USDT,0.2847,460.0,0.2846,348.0,0.2849,347.0,0.285,3432.0
1753591956789,04:52:36.789,huobi,1INCH/USDT:USDT,0.2847,105.0,0.2846,348.0,0.2849,347.0,0.285,3432.0
1753591956938,04:52:36.938,huobi,1INCH/USDT:USDT,0.2847,460.0,0.2846,348.0,0.2849,347.0,0.285,3432.0
1753591957091,04:52:37.091,huobi,1INCH/USDT:USDT,0.2847,460.0,0.2846,348.0,0.2849,347.0,0.285,3432.0
1753591957242,04:52:37.242,huobi,1INCH/USDT:USDT,0.2847,460.0,0.2846,348.0,0.2849,347.0,0.285,3432.0
1753591957403,04:52:37.403,huobi,1INCH/USDT:USDT,0.2847,460.0,0.2846,348.0,0.2849,347.0,0.285,3432.0
1753591957555,04:52:37.555,huobi,1INCH/USDT:USDT,0.2847,460.0,0.2846,348.0,0.2849,347.0,0.285,3432.0
1753591957711,04:52:37.711,huobi,1INCH/USDT:USDT,0.2847,460.0,0.2846,348.0,0.2849,347.0,0.285,3432.0
1753591957717,04:52:37.717,huobi,1INCH/USDT:USDT,0.2847,105.0,0.2846,348.0,0.2849,347.0,0.285,3432.0
1753591957763,04:52:37.763,huobi,1INCH/USDT:USDT,0.2847,105.0,0.2846,348.0,0.2849,347.0,0.285,3432.0
1753591957778,04:52:37.778,huobi,1INCH/USDT:USDT,0.2847,105.0,0.2846,348.0,0.2849,347.0,0.285,3586.0
1753591957863,04:52:37.863,huobi,1INCH/USDT:USDT,0.2847,460.0,0.2846,348.0,0.2849,347.0,0.285,3586.0
1753591957871,04:52:37.871,huobi,1INCH/USDT:USDT,0.2847,105.0,0.2846,348.0,0.2849,347.0,0.285,3586.0
1753591958030,04:52:38.030,huobi,1INCH/USDT:USDT,0.2847,460.0,0.2846,348.0,0.2849,347.0,0.285,3586.0
1753591958174,04:52:38.174,huobi,1INCH/USDT:USDT,0.2847,460.0,0.2846,348.0,0.2849,347.0,0.285,3586.0
1753591958328,04:52:38.328,huobi,1INCH/USDT:USDT,0.2847,460.0,0.2846,348.0,0.2849,347.0,0.285,3586.0
1753591958476,04:52:38.476,huobi,1INCH/USDT:USDT,0.2847,460.0,0.2846,348.0,0.2849,347.0,0.285,3586.0
1753591958546,04:52:38.546,huobi,1INCH/USDT:USDT,0.2847,105.0,0.2846,348.0,0.2849,347.0,0.285,3586.0
1753591958562,04:52:38.562,huobi,1INCH/USDT:USDT,0.2847,105.0,0.2846,348.0,0.2849,347.0,0.285,3432.0
1753591958629,04:52:38.629,huobi,1INCH/USDT:USDT,0.2847,458.0,0.2846,348.0,0.2849,347.0,0.285,3432.0
1753591958783,04:52:38.783,huobi,1INCH/USDT:USDT,0.2847,458.0,0.2846,348.0,0.2849,347.0,0.285,3432.0
1753591958929,04:52:38.929,huobi,1INCH/USDT:USDT,0.2847,458.0,0.2846,348.0,0.2849,347.0,0.285,3432.0
1753591959081,04:52:39.081,huobi,1INCH/USDT:USDT,0.2847,458.0,0.2846,348.0,0.2849,347.0,0.285,3432.0
1753591959235,04:52:39.235,huobi,1INCH/USDT:USDT,0.2848,353.0,0.2847,105.0,0.2849,347.0,0.285,3432.0
1753591959271,04:52:39.271,huobi,1INCH/USDT:USDT,0.2848,353.0,0.2846,348.0,0.2849,347.0,0.285,3432.0
1753591959318,04:52:39.318,huobi,1INCH/USDT:USDT,0.2848,458.0,0.2846,348.0,0.2849,347.0,0.285,3432.0
1753591959513,04:52:39.513,huobi,1INCH/USDT:USDT,0.2848,458.0,0.2846,348.0,0.2849,347.0,0.285,3432.0
1753591959519,04:52:39.519,huobi,1INCH/USDT:USDT,0.2848,458.0,0.2846,348.0,0.2849,347.0,0.285,3586.0
1753591959811,04:52:39.811,huobi,1INCH/USDT:USDT,0.2848,458.0,0.2846,348.0,0.2849,347.0,0.285,3586.0
1753591959859,04:52:39.859,huobi,1INCH/USDT:USDT,0.2848,458.0,0.2846,348.0,0.2849,347.0,0.285,3586.0
1753591960238,04:52:40.238,huobi,1INCH/USDT:USDT,0.2848,458.0,0.2846,348.0,0.2849,347.0,0.285,3586.0
1753591960279,04:52:40.279,huobi,1INCH/USDT:USDT,0.2848,458.0,0.2846,348.0,0.2849,347.0,0.285,3586.0
1753591960299,04:52:40.299,huobi,1INCH/USDT:USDT,0.2848,458.0,0.2846,348.0,0.2849,347.0,0.285,3586.0
1753591960500,04:52:40.500,huobi,1INCH/USDT:USDT,0.2848,458.0,0.2846,348.0,0.2849,347.0,0.285,3432.0
1753591961446,04:52:41.446,huobi,1INCH/USDT:USDT,0.2848,458.0,0.2846,348.0,0.2849,347.0,0.285,3432.0
1753591961466,04:52:41.466,huobi,1INCH/USDT:USDT,0.2848,105.0,0.2846,348.0,0.2849,347.0,0.285,3432.0
1753591961531,04:52:41.531,huobi,1INCH/USDT:USDT,0.2847,105.0,0.2846,348.0,0.2849,347.0,0.285,3432.0
1753591961556,04:52:41.556,huobi,1INCH/USDT:USDT,0.2847,105.0,0.2846,348.0,0.2849,347.0,0.285,3432.0
1753591961698,04:52:41.698,huobi,1INCH/USDT:USDT,0.2847,458.0,0.2846,348.0,0.2849,347.0,0.285,3432.0
1753591961705,04:52:41.705,huobi,1INCH/USDT:USDT,0.2847,105.0,0.2846,348.0,0.2849,347.0,0.285,3432.0
1753591961848,04:52:41.848,huobi,1INCH/USDT:USDT,0.2847,458.0,0.2846,348.0,0.2849,347.0,0.285,3432.0
1753591961856,04:52:41.856,huobi,1INCH/USDT:USDT,0.2847,105.0,0.2846,348.0,0.2849,347.0,0.285,3432.0
1753591962009,04:52:42.009,huobi,1INCH/USDT:USDT,0.2847,458.0,0.2846,348.0,0.2849,347.0,0.285,3432.0
1753591962159,04:52:42.159,huobi,1INCH/USDT:USDT,0.2847,458.0,0.2846,348.0,0.2849,347.0,0.285,3432.0
1753591962310,04:52:42.310,huobi,1INCH/USDT:USDT,0.2848,353.0,0.2847,105.0,0.2849,347.0,0.285,3432.0
1753591962336,04:52:42.336,huobi,1INCH/USDT:USDT,0.2848,353.0,0.2846,348.0,0.2849,347.0,0.285,3432.0
1753591962372,04:52:42.372,huobi,1INCH/USDT:USDT,0.2848,458.0,0.2846,348.0,0.2849,347.0,0.285,3432.0
1753591963130,04:52:43.130,huobi,1INCH/USDT:USDT,0.2848,458.0,0.2846,348.0,0.2849,347.0,0.285,3432.0
1753591963505,04:52:43.505,huobi,1INCH/USDT:USDT,0.2848,458.0,0.2846,348.0,0.2849,347.0,0.285,3586.0
1753591963509,04:52:43.509,huobi,1INCH/USDT:USDT,0.2848,458.0,0.2846,348.0,0.2849,347.0,0.285,3586.0
1753591966283,04:52:46.283,huobi,1INCH/USDT:USDT,0.2848,458.0,0.2846,348.0,0.2849,347.0,0.285,3586.0
1753591966298,04:52:46.298,huobi,1INCH/USDT:USDT,0.2848,458.0,0.2846,348.0,0.2849,347.0,0.285,3432.0
1753591968073,04:52:48.073,huobi,1INCH/USDT:USDT,0.2848,458.0,0.2846,348.0,0.2849,347.0,0.285,3432.0
1753591969045,04:52:49.045,huobi,1INCH/USDT:USDT,0.2848,458.0,0.2846,348.0,0.2849,347.0,0.285,3432.0
1753591969811,04:52:49.811,huobi,1INCH/USDT:USDT,0.2848,105.0,0.2846,348.0,0.2849,347.0,0.285,3586.0
1753591969837,04:52:49.837,huobi,1INCH/USDT:USDT,0.2846,348.0,0.2845,357.0,0.2849,3612.0,0.285,3432.0
1753591969877,04:52:49.877,huobi,1INCH/USDT:USDT,0.2845,357.0,0.2844,343.0,0.2848,344.0,0.2849,347.0
1753591969900,04:52:49.900,huobi,1INCH/USDT:USDT,0.2845,357.0,0.2844,343.0,0.2848,344.0,0.2849,347.0
1753591969934,04:52:49.934,huobi,1INCH/USDT:USDT,0.2846,103.0,0.2843,346.0,0.2848,344.0,0.2849,347.0
1753591969971,04:52:49.971,huobi,1INCH/USDT:USDT,0.2846,103.0,0.2843,346.0,0.2847,105.0,0.2848,344.0
1753591969985,04:52:49.985,huobi,1INCH/USDT:USDT,0.2846,103.0,0.2843,346.0,0.2847,105.0,0.2848,344.0
1753591970017,04:52:50.017,huobi,1INCH/USDT:USDT,0.2843,346.0,0.2842,3424.0,0.2847,105.0,0.2848,344.0
1753591970050,04:52:50.050,huobi,1INCH/USDT:USDT,0.2844,103.0,0.2843,346.0,0.2847,449.0,0.2848,344.0
1753591970077,04:52:50.077,huobi,1INCH/USDT:USDT,0.2845,344.0,0.2844,103.0,0.2847,105.0,0.2848,344.0
1753591970126,04:52:50.126,huobi,1INCH/USDT:USDT,0.2845,344.0,0.2844,3078.0,0.2847,105.0,0.2848,344.0
1753591970139,04:52:50.139,huobi,1INCH/USDT:USDT,0.2846,103.0,0.2845,344.0,0.2847,105.0,0.2848,344.0
1753591970228,04:52:50.228,huobi,1INCH/USDT:USDT,0.2846,103.0,0.2845,344.0,0.2847,105.0,0.2848,344.0
1753591970300,04:52:50.300,huobi,1INCH/USDT:USDT,0.2846,447.0,0.2845,344.0,0.2847,105.0,0.2848,344.0
1753591970319,04:52:50.319,huobi,1INCH/USDT:USDT,0.2846,103.0,0.2845,344.0,0.2847,105.0,0.2848,344.0
1753591970453,04:52:50.453,huobi,1INCH/USDT:USDT,0.2846,447.0,0.2845,344.0,0.2847,105.0,0.2848,344.0
1753591970615,04:52:50.615,huobi,1INCH/USDT:USDT,0.2846,447.0,0.2845,344.0,0.2847,105.0,0.2848,344.0
1753591970620,04:52:50.620,huobi,1INCH/USDT:USDT,0.2846,103.0,0.2845,344.0,0.2847,105.0,0.2848,344.0
1753591970769,04:52:50.769,huobi,1INCH/USDT:USDT,0.2846,447.0,0.2845,344.0,0.2847,105.0,0.2848,344.0
1753591970800,04:52:50.800,huobi,1INCH/USDT:USDT,0.2846,103.0,0.2845,344.0,0.2847,105.0,0.2848,344.0
1753591970920,04:52:50.920,huobi,1INCH/USDT:USDT,0.2846,447.0,0.2845,344.0,0.2847,105.0,0.2848,344.0
1753591971076,04:52:51.076,huobi,1INCH/USDT:USDT,0.2846,447.0,0.2845,344.0,0.2847,105.0,0.2848,344.0
1753591971126,04:52:51.126,huobi,1INCH/USDT:USDT,0.2846,103.0,0.2845,344.0,0.2847,449.0,0.2848,344.0
1753591971225,04:52:51.225,huobi,1INCH/USDT:USDT,0.2846,447.0,0.2845,344.0,0.2847,105.0,0.2848,344.0
1753591971384,04:52:51.384,huobi,1INCH/USDT:USDT,0.2846,447.0,0.2845,344.0,0.2847,105.0,0.2848,344.0
1753591971538,04:52:51.538,huobi,1INCH/USDT:USDT,0.2846,447.0,0.2845,344.0,0.2847,105.0,0.2848,344.0
1753591971607,04:52:51.607,huobi,1INCH/USDT:USDT,0.2846,103.0,0.2845,344.0,0.2847,449.0,0.2848,344.0
1753591971694,04:52:51.694,huobi,1INCH/USDT:USDT,0.2846,447.0,0.2845,344.0,0.2847,105.0,0.2848,344.0
1753591971700,04:52:51.700,huobi,1INCH/USDT:USDT,0.2846,103.0,0.2845,344.0,0.2847,105.0,0.2848,344.0
1753591971764,04:52:51.764,huobi,1INCH/USDT:USDT,0.2846,103.0,0.2845,344.0,0.2847,449.0,0.2848,344.0
1753591971848,04:52:51.848,huobi,1INCH/USDT:USDT,0.2846,447.0,0.2845,344.0,0.2847,105.0,0.2848,344.0
1753591971925,04:52:51.925,huobi,1INCH/USDT:USDT,0.2846,103.0,0.2845,344.0,0.2847,449.0,0.2848,344.0
1753591972009,04:52:52.009,huobi,1INCH/USDT:USDT,0.2846,447.0,0.2845,344.0,0.2847,105.0,0.2848,344.0
1753591972070,04:52:52.070,huobi,1INCH/USDT:USDT,0.2846,103.0,0.2845,344.0,0.2847,449.0,0.2848,344.0
1753591972152,04:52:52.152,huobi,1INCH/USDT:USDT,0.2846,447.0,0.2845,344.0,0.2847,105.0,0.2848,344.0
