timestamp,time,exchange,symbol,bid1_price,bid1_volume,bid2_price,bid2_volume,ask1_price,ask1_volume,ask2_price,ask2_volume
1753591896536,04:51:36.536,phemex,ACE/USDT:USDT,0.5846,43.0,0.5845,640.0,0.5851,42.0,0.5852,6344.0
1753591898470,04:51:38.470,phemex,ACE/USDT:USDT,0.5847,857.0,0.5846,4189.0,0.585,802.0,0.5851,1550.0
1753591898487,04:51:38.487,phemex,ACE/USDT:USDT,0.5848,42.0,0.5847,857.0,0.585,802.0,0.5851,1550.0
1753591898508,04:51:38.508,phemex,ACE/USDT:USDT,0.5848,42.0,0.5847,899.0,0.585,802.0,0.5851,1550.0
1753591898880,04:51:38.880,phemex,ACE/USDT:USDT,0.5847,899.0,0.5846,4189.0,0.5849,43.0,0.585,802.0
1753591898894,04:51:38.894,phemex,ACE/USDT:USDT,0.5847,899.0,0.5846,4189.0,0.5849,43.0,0.585,845.0
1753591899561,04:51:39.561,phemex,ACE/USDT:USDT,0.5848,43.0,0.5847,899.0,0.5849,43.0,0.585,845.0
1753591899637,04:51:39.637,phemex,ACE/USDT:USDT,0.5848,43.0,0.5847,899.0,0.585,43.0,0.5851,666.0
1753591899742,04:51:39.742,phemex,ACE/USDT:USDT,0.5848,43.0,0.5847,899.0,0.585,43.0,0.5851,666.0
1753591899808,04:51:39.808,phemex,ACE/USDT:USDT,0.5848,43.0,0.5847,899.0,0.5851,666.0,0.5852,1630.0
1753591900292,04:51:40.292,phemex,ACE/USDT:USDT,0.5848,43.0,0.5847,899.0,0.5851,624.0,0.5852,1630.0
1753591900326,04:51:40.326,phemex,ACE/USDT:USDT,0.5848,43.0,0.5847,899.0,0.5851,543.0,0.5852,1630.0
1753591905479,04:51:45.479,phemex,ACE/USDT:USDT,0.5848,43.0,0.5847,899.0,0.5851,543.0,0.5852,1630.0
1753591905485,04:51:45.485,phemex,ACE/USDT:USDT,0.5848,43.0,0.5847,899.0,0.5851,543.0,0.5852,1630.0
1753591911240,04:51:51.240,phemex,ACE/USDT:USDT,0.5848,981.0,0.5847,3131.0,0.585,42.0,0.5851,1069.0
1753591911424,04:51:51.424,phemex,ACE/USDT:USDT,0.5849,42.0,0.5848,981.0,0.585,42.0,0.5851,1069.0
1753591911655,04:51:51.655,phemex,ACE/USDT:USDT,0.5848,43.0,0.5847,42.0,0.585,539.0,0.5851,5370.0
1753591911674,04:51:51.674,phemex,ACE/USDT:USDT,0.5848,43.0,0.5847,42.0,0.5849,42.0,0.585,539.0
1753591911696,04:51:51.696,phemex,ACE/USDT:USDT,0.5847,42.0,0.5846,4786.0,0.5849,42.0,0.585,539.0
1753591911700,04:51:51.700,phemex,ACE/USDT:USDT,0.5847,42.0,0.5846,4786.0,0.5849,42.0,0.585,539.0
1753591911870,04:51:51.870,phemex,ACE/USDT:USDT,0.5847,42.0,0.5846,4786.0,0.5849,42.0,0.585,539.0
1753591912020,04:51:52.020,phemex,ACE/USDT:USDT,0.5847,42.0,0.5846,4786.0,0.585,539.0,0.5851,5412.0
1753591912169,04:51:52.169,phemex,ACE/USDT:USDT,0.5847,42.0,0.5846,4786.0,0.585,497.0,0.5851,5412.0
1753591913751,04:51:53.751,phemex,ACE/USDT:USDT,0.5847,42.0,0.5846,4786.0,0.585,493.0,0.5851,5412.0
1753591916225,04:51:56.225,phemex,ACE/USDT:USDT,0.5847,42.0,0.5846,4786.0,0.5851,568.0,0.5852,3999.0
1753591916243,04:51:56.243,phemex,ACE/USDT:USDT,0.5847,639.0,0.5846,4189.0,0.585,42.0,0.5851,568.0
1753591916298,04:51:56.298,phemex,ACE/USDT:USDT,0.5848,42.0,0.5847,639.0,0.585,42.0,0.5851,568.0
1753591916332,04:51:56.332,phemex,ACE/USDT:USDT,0.5848,42.0,0.5847,639.0,0.585,667.0,0.5851,2207.0
1753591916332,04:51:56.332,phemex,ACE/USDT:USDT,0.5848,42.0,0.5847,639.0,0.585,667.0,0.5851,2207.0
1753591917705,04:51:57.705,phemex,ACE/USDT:USDT,0.5848,42.0,0.5847,639.0,0.585,667.0,0.5851,2207.0
1753591917729,04:51:57.729,phemex,ACE/USDT:USDT,0.5848,42.0,0.5847,639.0,0.585,667.0,0.5851,2207.0
1753591918405,04:51:58.405,phemex,ACE/USDT:USDT,0.5848,1169.0,0.5847,2294.0,0.585,667.0,0.5851,2207.0
1753591919186,04:51:59.186,phemex,ACE/USDT:USDT,0.5848,1169.0,0.5847,2294.0,0.5849,42.0,0.585,667.0
1753591919197,04:51:59.197,phemex,ACE/USDT:USDT,0.5848,1169.0,0.5847,2294.0,0.585,667.0,0.5851,2207.0
1753591919220,04:51:59.220,phemex,ACE/USDT:USDT,0.5848,1169.0,0.5847,2294.0,0.585,667.0,0.5851,2207.0
1753591920207,04:52:00.207,phemex,ACE/USDT:USDT,0.5848,1169.0,0.5847,2294.0,0.5849,42.0,0.585,667.0
1753591920223,04:52:00.223,phemex,ACE/USDT:USDT,0.5848,1169.0,0.5847,2294.0,0.585,667.0,0.5851,2207.0
1753591920245,04:52:00.245,phemex,ACE/USDT:USDT,0.5848,1169.0,0.5847,2294.0,0.585,667.0,0.5851,2207.0
1753591920411,04:52:00.411,phemex,ACE/USDT:USDT,0.5849,42.0,0.5848,1169.0,0.585,667.0,0.5851,2207.0
1753591920490,04:52:00.490,phemex,ACE/USDT:USDT,0.5848,1169.0,0.5847,2294.0,0.585,667.0,0.5851,2207.0
1753591921479,04:52:01.479,phemex,ACE/USDT:USDT,0.5849,42.0,0.5848,1169.0,0.585,1027.0,0.5851,3692.0
1753591921500,04:52:01.500,phemex,ACE/USDT:USDT,0.5849,42.0,0.5848,1169.0,0.5851,42.0,0.5852,3999.0
1753591921520,04:52:01.520,phemex,ACE/USDT:USDT,0.5849,42.0,0.5848,1169.0,0.5851,42.0,0.5852,3999.0
1753591921538,04:52:01.538,phemex,ACE/USDT:USDT,0.5849,42.0,0.5848,1766.0,0.5851,42.0,0.5852,3999.0
1753591921677,04:52:01.677,phemex,ACE/USDT:USDT,0.5849,42.0,0.5848,1766.0,0.5852,3999.0,0.5853,4564.0
1753591921837,04:52:01.837,phemex,ACE/USDT:USDT,0.5849,42.0,0.5848,1766.0,0.5851,42.0,0.5852,3999.0
1753591921947,04:52:01.947,phemex,ACE/USDT:USDT,0.5849,42.0,0.5848,1169.0,0.5851,42.0,0.5852,3999.0
1753591921952,04:52:01.952,phemex,ACE/USDT:USDT,0.5849,639.0,0.5848,1169.0,0.5851,42.0,0.5852,3999.0
1753591922184,04:52:02.184,phemex,ACE/USDT:USDT,0.585,42.0,0.5849,42.0,0.5851,42.0,0.5852,3999.0
1753591922245,04:52:02.245,phemex,ACE/USDT:USDT,0.585,42.0,0.5849,42.0,0.5852,3999.0,0.5853,4564.0
1753591922518,04:52:02.518,phemex,ACE/USDT:USDT,0.5849,42.0,0.5848,1169.0,0.5851,42.0,0.5852,3999.0
1753591922581,04:52:02.581,phemex,ACE/USDT:USDT,0.5848,1169.0,0.5847,2294.0,0.5851,42.0,0.5852,3999.0
1753591922746,04:52:02.746,phemex,ACE/USDT:USDT,0.5848,1169.0,0.5847,2294.0,0.5851,42.0,0.5852,3999.0
1753591922878,04:52:02.878,phemex,ACE/USDT:USDT,0.5849,42.0,0.5848,1169.0,0.5851,42.0,0.5852,3999.0
1753591923067,04:52:03.067,phemex,ACE/USDT:USDT,0.5848,1169.0,0.5847,2294.0,0.5851,42.0,0.5852,3999.0
1753591923093,04:52:03.093,phemex,ACE/USDT:USDT,0.5849,42.0,0.5848,1169.0,0.5851,42.0,0.5852,3999.0
1753591924167,04:52:04.167,phemex,ACE/USDT:USDT,0.5849,1161.0,0.5848,3665.0,0.5851,42.0,0.5852,3999.0
1753591924199,04:52:04.199,phemex,ACE/USDT:USDT,0.5849,1161.0,0.5848,3665.0,0.5851,42.0,0.5852,3999.0
1753591925838,04:52:05.838,phemex,ACE/USDT:USDT,0.5849,42.0,0.5848,42.0,0.5851,42.0,0.5852,3999.0
1753591925926,04:52:05.926,phemex,ACE/USDT:USDT,0.5848,42.0,0.5847,5644.0,0.5851,42.0,0.5852,3999.0
1753591928298,04:52:08.298,phemex,ACE/USDT:USDT,0.5848,42.0,0.5847,2135.0,0.5851,42.0,0.5852,3999.0
1753591928305,04:52:08.305,phemex,ACE/USDT:USDT,0.5848,42.0,0.5847,42.0,0.5851,928.0,0.5852,3999.0
1753591928366,04:52:08.366,phemex,ACE/USDT:USDT,0.5847,42.0,0.5846,2183.0,0.585,42.0,0.5851,928.0
1753591929035,04:52:09.035,phemex,ACE/USDT:USDT,0.5847,42.0,0.5846,2183.0,0.5851,928.0,0.5852,3999.0
1753591929056,04:52:09.056,phemex,ACE/USDT:USDT,0.5847,42.0,0.5846,2183.0,0.585,42.0,0.5851,928.0
1753591932485,04:52:12.485,phemex,ACE/USDT:USDT,0.5847,639.0,0.5846,1586.0,0.585,42.0,0.5851,928.0
1753591932517,04:52:12.517,phemex,ACE/USDT:USDT,0.5848,42.0,0.5847,639.0,0.585,42.0,0.5851,928.0
1753591933403,04:52:13.403,phemex,ACE/USDT:USDT,0.5848,1213.0,0.5847,3952.0,0.585,1112.0,0.5851,3795.0
1753591933743,04:52:13.743,phemex,ACE/USDT:USDT,0.5849,42.0,0.5848,1213.0,0.585,1112.0,0.5851,3795.0
1753591933792,04:52:13.792,phemex,ACE/USDT:USDT,0.5848,1213.0,0.5847,3952.0,0.585,1112.0,0.5851,3795.0
1753591934735,04:52:14.735,phemex,ACE/USDT:USDT,0.5849,42.0,0.5848,1213.0,0.585,1070.0,0.5851,3795.0
1753591934850,04:52:14.850,phemex,ACE/USDT:USDT,0.5848,1213.0,0.5847,3952.0,0.585,1070.0,0.5851,3795.0
1753591935316,04:52:15.316,phemex,ACE/USDT:USDT,0.5849,42.0,0.5848,1213.0,0.585,1070.0,0.5851,3795.0
1753591935340,04:52:15.340,phemex,ACE/USDT:USDT,0.5848,1213.0,0.5847,3952.0,0.585,1070.0,0.5851,3795.0
1753591935489,04:52:15.489,phemex,ACE/USDT:USDT,0.5849,42.0,0.5848,1213.0,0.585,1070.0,0.5851,3795.0
1753591935497,04:52:15.497,phemex,ACE/USDT:USDT,0.5848,1213.0,0.5847,3952.0,0.585,1070.0,0.5851,3795.0
1753591935554,04:52:15.554,phemex,ACE/USDT:USDT,0.5849,42.0,0.5848,1213.0,0.585,1070.0,0.5851,3795.0
1753591935603,04:52:15.603,phemex,ACE/USDT:USDT,0.5848,1213.0,0.5847,3952.0,0.585,1070.0,0.5851,3795.0
1753591935690,04:52:15.690,phemex,ACE/USDT:USDT,0.5849,42.0,0.5848,1213.0,0.585,1070.0,0.5851,3795.0
1753591935690,04:52:15.690,phemex,ACE/USDT:USDT,0.5849,42.0,0.5848,1213.0,0.585,1070.0,0.5851,3795.0
1753591943282,04:52:23.282,phemex,ACE/USDT:USDT,0.5849,1033.0,0.5848,6278.0,0.5852,3999.0,0.5853,4159.0
1753591943287,04:52:23.287,phemex,ACE/USDT:USDT,0.5849,1630.0,0.5848,6278.0,0.5852,3999.0,0.5853,4159.0
1753591943314,04:52:23.314,phemex,ACE/USDT:USDT,0.585,41.0,0.5849,1630.0,0.5852,3999.0,0.5853,4159.0
1753591943593,04:52:23.593,phemex,ACE/USDT:USDT,0.5849,1630.0,0.5848,6278.0,0.5851,41.0,0.5852,3999.0
1753591943623,04:52:23.623,phemex,ACE/USDT:USDT,0.5849,1630.0,0.5848,6278.0,0.5851,41.0,0.5852,3999.0
1753591944242,04:52:24.242,phemex,ACE/USDT:USDT,0.585,41.0,0.5849,1630.0,0.5851,41.0,0.5852,3999.0
1753591944267,04:52:24.267,phemex,ACE/USDT:USDT,0.5849,1630.0,0.5848,6278.0,0.5851,41.0,0.5852,3999.0
1753591944601,04:52:24.601,phemex,ACE/USDT:USDT,0.585,41.0,0.5849,1630.0,0.5851,41.0,0.5852,3999.0
1753591944625,04:52:24.625,phemex,ACE/USDT:USDT,0.585,41.0,0.5849,1630.0,0.5852,3999.0,0.5853,4159.0
1753591944690,04:52:24.690,phemex,ACE/USDT:USDT,0.585,41.0,0.5849,1630.0,0.5852,3999.0,0.5853,4159.0
1753591944952,04:52:24.952,phemex,ACE/USDT:USDT,0.585,41.0,0.5849,1630.0,0.5851,41.0,0.5852,3999.0
1753591945936,04:52:25.936,phemex,ACE/USDT:USDT,0.5849,1630.0,0.5848,6278.0,0.5851,41.0,0.5852,3999.0
1753591946041,04:52:26.041,phemex,ACE/USDT:USDT,0.585,41.0,0.5849,1630.0,0.5851,41.0,0.5852,3999.0
1753591946082,04:52:26.082,phemex,ACE/USDT:USDT,0.5849,1630.0,0.5848,6278.0,0.5851,41.0,0.5852,3999.0
1753591946754,04:52:26.754,phemex,ACE/USDT:USDT,0.585,41.0,0.5849,1630.0,0.5851,41.0,0.5852,3999.0
1753591946774,04:52:26.774,phemex,ACE/USDT:USDT,0.5849,1630.0,0.5848,6278.0,0.5851,41.0,0.5852,3999.0
1753591947484,04:52:27.484,phemex,ACE/USDT:USDT,0.5849,1033.0,0.5848,6875.0,0.5851,41.0,0.5852,3999.0
1753591948286,04:52:28.286,phemex,ACE/USDT:USDT,0.5849,42.0,0.5848,42.0,0.5851,1034.0,0.5852,3999.0
1753591948305,04:52:28.305,phemex,ACE/USDT:USDT,0.5849,41.0,0.5848,42.0,0.585,41.0,0.5851,1034.0
1753591948460,04:52:28.460,phemex,ACE/USDT:USDT,0.5848,42.0,0.5847,2415.0,0.585,41.0,0.5851,1034.0
1753591950020,04:52:30.020,phemex,ACE/USDT:USDT,0.5847,2415.0,0.5846,6105.0,0.585,41.0,0.5851,1034.0
1753591950197,04:52:30.197,phemex,ACE/USDT:USDT,0.5848,42.0,0.5847,2415.0,0.585,41.0,0.5851,1034.0
1753591951163,04:52:31.163,phemex,ACE/USDT:USDT,0.5848,42.0,0.5847,2415.0,0.5851,1034.0,0.5852,3999.0
1753591951328,04:52:31.328,phemex,ACE/USDT:USDT,0.5848,42.0,0.5847,2415.0,0.585,42.0,0.5851,1034.0
1753591952016,04:52:32.016,phemex,ACE/USDT:USDT,0.5848,42.0,0.5847,2415.0,0.5851,1034.0,0.5852,3999.0
1753591952056,04:52:32.056,phemex,ACE/USDT:USDT,0.5848,42.0,0.5847,2415.0,0.585,42.0,0.5851,1034.0
1753591952115,04:52:32.115,phemex,ACE/USDT:USDT,0.5848,42.0,0.5847,2415.0,0.585,42.0,0.5851,1034.0
1753591953648,04:52:33.648,phemex,ACE/USDT:USDT,0.5848,1197.0,0.5847,4673.0,0.585,1186.0,0.5851,3665.0
1753591953672,04:52:33.672,phemex,ACE/USDT:USDT,0.5849,42.0,0.5848,1197.0,0.585,1186.0,0.5851,3665.0
1753591953712,04:52:33.712,phemex,ACE/USDT:USDT,0.5848,1197.0,0.5847,4673.0,0.585,1186.0,0.5851,3665.0
1753591955816,04:52:35.816,phemex,ACE/USDT:USDT,0.5849,42.0,0.5848,1197.0,0.585,1186.0,0.5851,3665.0
1753591955822,04:52:35.822,phemex,ACE/USDT:USDT,0.5848,1197.0,0.5847,4673.0,0.585,1186.0,0.5851,3665.0
1753591958740,04:52:38.740,phemex,ACE/USDT:USDT,0.5849,42.0,0.5848,1197.0,0.585,1186.0,0.5851,3665.0
1753591958759,04:52:38.759,phemex,ACE/USDT:USDT,0.5848,1197.0,0.5847,4673.0,0.585,1186.0,0.5851,3665.0
1753591959671,04:52:39.671,phemex,ACE/USDT:USDT,0.5849,42.0,0.5848,1197.0,0.585,1186.0,0.5851,3665.0
1753591959731,04:52:39.731,phemex,ACE/USDT:USDT,0.5849,42.0,0.5848,1197.0,0.585,1144.0,0.5851,3665.0
1753591959774,04:52:39.774,phemex,ACE/USDT:USDT,0.5849,988.0,0.5848,3239.0,0.585,1144.0,0.5851,3665.0
1753591960390,04:52:40.390,phemex,ACE/USDT:USDT,0.5849,42.0,0.5848,42.0,0.585,1144.0,0.5851,3665.0
1753591960413,04:52:40.413,phemex,ACE/USDT:USDT,0.5848,42.0,0.5847,9480.0,0.585,1144.0,0.5851,3665.0
1753591961564,04:52:41.564,phemex,ACE/USDT:USDT,0.5848,42.0,0.5847,9480.0,0.5849,42.0,0.585,1144.0
1753591961596,04:52:41.596,phemex,ACE/USDT:USDT,0.5848,42.0,0.5847,9480.0,0.5849,42.0,0.585,1144.0
1753591961640,04:52:41.640,phemex,ACE/USDT:USDT,0.5848,42.0,0.5847,9480.0,0.585,1144.0,0.5851,3665.0
1753591961662,04:52:41.662,phemex,ACE/USDT:USDT,0.5848,42.0,0.5847,9480.0,0.585,1144.0,0.5851,3665.0
1753591961740,04:52:41.740,phemex,ACE/USDT:USDT,0.5848,42.0,0.5847,9480.0,0.585,1139.0,0.5851,3665.0
1753591965478,04:52:45.478,phemex,ACE/USDT:USDT,0.5848,42.0,0.5847,8883.0,0.585,1139.0,0.5851,3665.0
1753591965483,04:52:45.483,phemex,ACE/USDT:USDT,0.5848,639.0,0.5847,8883.0,0.585,1139.0,0.5851,3665.0
1753591965546,04:52:45.546,phemex,ACE/USDT:USDT,0.5849,42.0,0.5848,639.0,0.585,1139.0,0.5851,3665.0
1753591966947,04:52:46.947,phemex,ACE/USDT:USDT,0.5849,1032.0,0.5848,3199.0,0.585,1139.0,0.5851,3665.0
1753591968104,04:52:48.104,phemex,ACE/USDT:USDT,0.5849,1032.0,0.5848,3199.0,0.585,1139.0,0.5851,3624.0
1753591968167,04:52:48.167,phemex,ACE/USDT:USDT,0.5849,1032.0,0.5848,3199.0,0.5852,6461.0,0.5853,2433.0
1753591968212,04:52:48.212,phemex,ACE/USDT:USDT,0.585,42.0,0.5849,1032.0,0.5852,6461.0,0.5853,2433.0
1753591969604,04:52:49.604,phemex,ACE/USDT:USDT,0.585,42.0,0.5849,1032.0,0.5852,6461.0,0.5853,2433.0
1753591970803,04:52:50.803,phemex,ACE/USDT:USDT,0.585,42.0,0.5849,1032.0,0.5851,42.0,0.5852,6461.0
1753591970865,04:52:50.865,phemex,ACE/USDT:USDT,0.585,42.0,0.5849,1032.0,0.5852,6461.0,0.5853,2433.0
1753591970892,04:52:50.892,phemex,ACE/USDT:USDT,0.585,42.0,0.5849,1032.0,0.5852,6461.0,0.5853,2433.0
1753591971144,04:52:51.144,phemex,ACE/USDT:USDT,0.585,42.0,0.5849,1032.0,0.5851,42.0,0.5852,6461.0
1753591971173,04:52:51.173,phemex,ACE/USDT:USDT,0.585,42.0,0.5849,1032.0,0.5852,6461.0,0.5853,2433.0
1753591971230,04:52:51.230,phemex,ACE/USDT:USDT,0.585,42.0,0.5849,1032.0,0.5852,6461.0,0.5853,2433.0
1753591971480,04:52:51.480,phemex,ACE/USDT:USDT,0.585,42.0,0.5849,1032.0,0.5852,6461.0,0.5853,2433.0
1753591971486,04:52:51.486,phemex,ACE/USDT:USDT,0.585,42.0,0.5849,1032.0,0.5852,6461.0,0.5853,2433.0
1753591971511,04:52:51.511,phemex,ACE/USDT:USDT,0.585,42.0,0.5849,1032.0,0.5852,6461.0,0.5853,2433.0
1753591971589,04:52:51.589,phemex,ACE/USDT:USDT,0.585,42.0,0.5849,1032.0,0.5851,42.0,0.5852,6461.0
