timestamp,time,exchange,symbol,bid1_price,bid1_volume,bid2_price,bid2_volume,ask1_price,ask1_volume,ask2_price,ask2_volume
1753591896371,04:51:36.371,phemex,AERO/USDT:USDT,0.8992,202.0,0.8991,71.0,0.8995,889.0,0.8996,109.0
1753591899157,04:51:39.157,phemex,AERO/USDT:USDT,0.8992,202.0,0.8991,71.0,0.8995,889.0,0.8996,109.0
1753591899547,04:51:39.547,phemex,AERO/USDT:USDT,0.8992,135.0,0.8991,71.0,0.8995,832.0,0.8996,109.0
1753591900612,04:51:40.612,phemex,AERO/USDT:USDT,0.8992,135.0,0.8991,71.0,0.8996,109.0,0.8997,50.0
1753591901174,04:51:41.174,phemex,AERO/USDT:USDT,0.8992,135.0,0.8991,71.0,0.8996,109.0,0.8997,50.0
1753591902113,04:51:42.113,phemex,AERO/USDT:USDT,0.8992,135.0,0.8991,71.0,0.8996,105.0,0.8997,50.0
1753591905151,04:51:45.151,phemex,AERO/USDT:USDT,0.8992,135.0,0.8991,71.0,0.8996,105.0,0.8997,50.0
1753591905156,04:51:45.156,phemex,AERO/USDT:USDT,0.8992,135.0,0.8991,71.0,0.8996,105.0,0.8997,50.0
1753591905963,04:51:45.963,phemex,AERO/USDT:USDT,0.8992,135.0,0.8991,71.0,0.8996,105.0,0.8997,50.0
1753591905970,04:51:45.970,phemex,AERO/USDT:USDT,0.8992,135.0,0.8991,71.0,0.8996,105.0,0.8997,50.0
1753591908146,04:51:48.146,phemex,AERO/USDT:USDT,0.8992,135.0,0.8991,71.0,0.8996,937.0,0.8997,50.0
1753591910772,04:51:50.772,phemex,AERO/USDT:USDT,0.8992,135.0,0.8991,71.0,0.8996,937.0,0.8997,50.0
1753591911151,04:51:51.151,phemex,AERO/USDT:USDT,0.8992,135.0,0.8991,71.0,0.8996,937.0,0.8997,50.0
1753591911157,04:51:51.157,phemex,AERO/USDT:USDT,0.8992,135.0,0.8991,71.0,0.8996,937.0,0.8997,50.0
1753591911648,04:51:51.648,phemex,AERO/USDT:USDT,0.8995,47.0,0.8994,76.0,0.8996,937.0,0.8997,50.0
1753591911674,04:51:51.674,phemex,AERO/USDT:USDT,0.8995,47.0,0.8994,76.0,0.8996,937.0,0.8997,50.0
1753591911941,04:51:51.941,phemex,AERO/USDT:USDT,0.8995,47.0,0.8994,76.0,0.8996,937.0,0.8997,50.0
1753591911946,04:51:51.946,phemex,AERO/USDT:USDT,0.8995,47.0,0.8994,76.0,0.8996,937.0,0.8997,50.0
1753591911946,04:51:51.946,phemex,AERO/USDT:USDT,0.8995,47.0,0.8994,76.0,0.8996,937.0,0.8997,50.0
1753591912259,04:51:52.259,phemex,AERO/USDT:USDT,0.8995,47.0,0.8994,76.0,0.8996,937.0,0.8997,50.0
1753591912970,04:51:52.970,phemex,AERO/USDT:USDT,0.8995,47.0,0.8994,76.0,0.8996,937.0,0.8997,50.0
1753591914954,04:51:54.954,phemex,AERO/USDT:USDT,0.8995,47.0,0.8994,76.0,0.8996,937.0,0.8997,50.0
1753591916078,04:51:56.078,phemex,AERO/USDT:USDT,0.8995,47.0,0.8994,76.0,0.8996,937.0,0.8997,50.0
1753591920156,04:52:00.156,phemex,AERO/USDT:USDT,0.8995,47.0,0.8994,76.0,0.8996,937.0,0.8997,50.0
1753591920435,04:52:00.435,phemex,AERO/USDT:USDT,0.8995,47.0,0.8994,76.0,0.8996,937.0,0.8997,50.0
1753591921551,04:52:01.551,phemex,AERO/USDT:USDT,0.8995,47.0,0.8994,76.0,0.8996,832.0,0.8998,59.0
1753591921586,04:52:01.586,phemex,AERO/USDT:USDT,0.8995,47.0,0.8994,76.0,0.8998,59.0,0.8999,72.0
1753591921600,04:52:01.600,phemex,AERO/USDT:USDT,0.8995,125.0,0.8994,76.0,0.8998,59.0,0.8999,72.0
1753591921609,04:52:01.609,phemex,AERO/USDT:USDT,0.8995,125.0,0.8994,76.0,0.8998,59.0,0.8999,904.0
1753591921815,04:52:01.815,phemex,AERO/USDT:USDT,0.8995,125.0,0.8994,76.0,0.8998,77.0,0.8999,904.0
1753591921836,04:52:01.836,phemex,AERO/USDT:USDT,0.8995,125.0,0.8994,76.0,0.8998,77.0,0.8999,904.0
1753591921880,04:52:01.880,phemex,AERO/USDT:USDT,0.8995,125.0,0.8994,76.0,0.8998,77.0,0.8999,904.0
1753591922556,04:52:02.556,phemex,AERO/USDT:USDT,0.8995,125.0,0.8994,76.0,0.8998,77.0,0.8999,904.0
1753591922981,04:52:02.981,phemex,AERO/USDT:USDT,0.8995,125.0,0.8994,76.0,0.8998,77.0,0.8999,904.0
1753591925573,04:52:05.573,phemex,AERO/USDT:USDT,0.8995,125.0,0.8994,76.0,0.8998,77.0,0.8999,904.0
1753591926157,04:52:06.157,phemex,AERO/USDT:USDT,0.8995,125.0,0.8994,76.0,0.8998,77.0,0.8999,904.0
1753591927852,04:52:07.852,phemex,AERO/USDT:USDT,0.8995,125.0,0.8994,76.0,0.8998,74.0,0.8999,904.0
1753591927941,04:52:07.941,phemex,AERO/USDT:USDT,0.8995,125.0,0.8994,76.0,0.8998,74.0,0.8999,904.0
1753591928510,04:52:08.510,phemex,AERO/USDT:USDT,0.8995,125.0,0.8994,76.0,0.8998,74.0,0.8999,904.0
1753591929173,04:52:09.173,phemex,AERO/USDT:USDT,0.8995,125.0,0.8994,76.0,0.8998,74.0,0.8999,904.0
1753591929373,04:52:09.373,phemex,AERO/USDT:USDT,0.8995,70.0,0.8994,140.0,0.8998,74.0,0.8999,904.0
1753591930376,04:52:10.376,phemex,AERO/USDT:USDT,0.8995,70.0,0.8994,140.0,0.8998,74.0,0.8999,904.0
1753591931494,04:52:11.494,phemex,AERO/USDT:USDT,0.8995,70.0,0.8994,140.0,0.8998,74.0,0.8999,904.0
1753591931499,04:52:11.499,phemex,AERO/USDT:USDT,0.8995,70.0,0.8994,140.0,0.8998,74.0,0.8999,904.0
1753591935170,04:52:15.170,phemex,AERO/USDT:USDT,0.8995,70.0,0.8994,140.0,0.8998,74.0,0.8999,904.0
1753591935508,04:52:15.508,phemex,AERO/USDT:USDT,0.8995,70.0,0.8994,140.0,0.8998,74.0,0.8999,904.0
1753591941157,04:52:21.157,phemex,AERO/USDT:USDT,0.8995,70.0,0.8994,140.0,0.8998,74.0,0.8999,904.0
1753591941494,04:52:21.494,phemex,AERO/USDT:USDT,0.8995,70.0,0.8994,140.0,0.8998,74.0,0.8999,904.0
1753591941544,04:52:21.544,phemex,AERO/USDT:USDT,0.8995,70.0,0.8994,140.0,0.8998,74.0,0.8999,904.0
1753591941734,04:52:21.734,phemex,AERO/USDT:USDT,0.8995,70.0,0.8994,140.0,0.8998,74.0,0.8999,904.0
1753591941744,04:52:21.744,phemex,AERO/USDT:USDT,0.8995,70.0,0.8994,140.0,0.8998,74.0,0.8999,904.0
1753591942216,04:52:22.216,phemex,AERO/USDT:USDT,0.8995,70.0,0.8994,140.0,0.8998,74.0,0.8999,904.0
1753591942364,04:52:22.364,phemex,AERO/USDT:USDT,0.8995,70.0,0.8994,140.0,0.8998,74.0,0.8999,904.0
1753591942440,04:52:22.440,phemex,AERO/USDT:USDT,0.8995,70.0,0.8994,140.0,0.8998,74.0,0.8999,904.0
1753591943272,04:52:23.272,phemex,AERO/USDT:USDT,0.8997,80.0,0.8995,126.0,0.8999,904.0,0.9,54.0
1753591943287,04:52:23.287,phemex,AERO/USDT:USDT,0.8997,80.0,0.8995,126.0,0.8999,904.0,0.9,54.0
1753591948080,04:52:28.080,phemex,AERO/USDT:USDT,0.8997,72.0,0.8995,126.0,0.8999,904.0,0.9,54.0
1753591948284,04:52:28.284,phemex,AERO/USDT:USDT,0.8998,75.0,0.8997,72.0,0.8999,904.0,0.9,54.0
1753591949432,04:52:29.432,phemex,AERO/USDT:USDT,0.8997,72.0,0.8995,126.0,0.8999,904.0,0.9,54.0
1753591949637,04:52:29.637,phemex,AERO/USDT:USDT,0.8997,72.0,0.8995,126.0,0.8999,904.0,0.9,54.0
1753591949674,04:52:29.674,phemex,AERO/USDT:USDT,0.8997,72.0,0.8995,126.0,0.8999,904.0,0.9,54.0
1753591949880,04:52:29.880,phemex,AERO/USDT:USDT,0.8997,72.0,0.8995,126.0,0.8999,904.0,0.9,54.0
1753591950117,04:52:30.117,phemex,AERO/USDT:USDT,0.8997,72.0,0.8995,126.0,0.8999,904.0,0.9,54.0
1753591957565,04:52:37.565,phemex,AERO/USDT:USDT,0.8997,72.0,0.8995,126.0,0.8999,904.0,0.9,54.0
1753591958658,04:52:38.658,phemex,AERO/USDT:USDT,0.8997,72.0,0.8995,126.0,0.8999,904.0,0.9,54.0
1753591959729,04:52:39.729,phemex,AERO/USDT:USDT,0.8998,54.0,0.8997,72.0,0.8999,904.0,0.9,54.0
1753591961396,04:52:41.396,phemex,AERO/USDT:USDT,0.8997,137.0,0.8995,126.0,0.8999,904.0,0.9,54.0
1753591961538,04:52:41.538,phemex,AERO/USDT:USDT,0.8997,137.0,0.8995,126.0,0.8999,904.0,0.9,54.0
1753591961545,04:52:41.545,phemex,AERO/USDT:USDT,0.8997,137.0,0.8995,126.0,0.8999,904.0,0.9,54.0
1753591961807,04:52:41.807,phemex,AERO/USDT:USDT,0.8997,137.0,0.8995,126.0,0.8999,904.0,0.9,54.0
1753591965158,04:52:45.158,phemex,AERO/USDT:USDT,0.8997,137.0,0.8995,126.0,0.8999,904.0,0.9,54.0
1753591966365,04:52:46.365,phemex,AERO/USDT:USDT,0.8997,137.0,0.8995,126.0,0.8999,904.0,0.9,54.0
1753591966373,04:52:46.373,phemex,AERO/USDT:USDT,0.8997,137.0,0.8995,126.0,0.8999,904.0,0.9,54.0
1753591967466,04:52:47.466,phemex,AERO/USDT:USDT,0.8997,137.0,0.8995,126.0,0.8999,904.0,0.9,54.0
1753591968013,04:52:48.013,phemex,AERO/USDT:USDT,0.8997,137.0,0.8995,126.0,0.8999,904.0,0.9,54.0
1753591968013,04:52:48.013,phemex,AERO/USDT:USDT,0.8997,137.0,0.8995,126.0,0.8999,904.0,0.9,54.0
1753591972216,04:52:52.216,phemex,AERO/USDT:USDT,0.8997,137.0,0.8995,126.0,0.8999,904.0,0.9,54.0
1753591972311,04:52:52.311,phemex,AERO/USDT:USDT,0.8997,137.0,0.8995,126.0,0.8999,904.0,0.9,54.0
1753591979884,04:52:59.884,phemex,AERO/USDT:USDT,0.8997,137.0,0.8995,126.0,0.9,54.0,0.9001,114.0
1753591979897,04:52:59.897,phemex,AERO/USDT:USDT,0.8997,137.0,0.8995,126.0,0.9,886.0,0.9001,114.0
1753591980004,04:53:00.004,phemex,AERO/USDT:USDT,0.8997,137.0,0.8995,126.0,0.9,886.0,0.9001,114.0
1753591980198,04:53:00.198,phemex,AERO/USDT:USDT,0.8997,137.0,0.8995,126.0,0.9,886.0,0.9001,114.0
1753591980235,04:53:00.235,phemex,AERO/USDT:USDT,0.8997,137.0,0.8995,126.0,0.9,886.0,0.9001,114.0
1753591985096,04:53:05.096,phemex,AERO/USDT:USDT,0.8997,137.0,0.8995,126.0,0.9,886.0,0.9001,114.0
1753591986159,04:53:06.159,phemex,AERO/USDT:USDT,0.8997,137.0,0.8995,126.0,0.9,886.0,0.9001,114.0
1753591986243,04:53:06.243,phemex,AERO/USDT:USDT,0.8997,137.0,0.8995,126.0,0.9,886.0,0.9001,114.0
1753591987079,04:53:07.079,phemex,AERO/USDT:USDT,0.8997,137.0,0.8995,126.0,0.9,886.0,0.9001,114.0
1753591987084,04:53:07.084,phemex,AERO/USDT:USDT,0.8997,137.0,0.8995,126.0,0.9,886.0,0.9001,114.0
1753591987174,04:53:07.174,phemex,AERO/USDT:USDT,0.8997,250.0,0.8995,765.0,0.9,886.0,0.9001,114.0
1753591988118,04:53:08.118,phemex,AERO/USDT:USDT,0.8997,250.0,0.8995,765.0,0.9,883.0,0.9001,114.0
1753591988213,04:53:08.213,phemex,AERO/USDT:USDT,0.8997,250.0,0.8995,765.0,0.9,883.0,0.9001,114.0
1753591990482,04:53:10.482,phemex,AERO/USDT:USDT,0.8994,289.0,0.8993,241.0,0.9,883.0,0.9001,114.0
1753591992072,04:53:12.072,phemex,AERO/USDT:USDT,0.8994,289.0,0.8993,241.0,0.9,883.0,0.9001,114.0
1753591992312,04:53:12.312,phemex,AERO/USDT:USDT,0.8994,289.0,0.8993,241.0,0.9,883.0,0.9001,114.0
1753591992353,04:53:12.353,phemex,AERO/USDT:USDT,0.8995,188.0,0.8993,241.0,0.9,883.0,0.9001,114.0
1753591992383,04:53:12.383,phemex,AERO/USDT:USDT,0.8995,188.0,0.8993,241.0,0.9,883.0,0.9001,114.0
1753591992401,04:53:12.401,phemex,AERO/USDT:USDT,0.8995,188.0,0.8993,241.0,0.9,883.0,0.9001,114.0
1753591992436,04:53:12.436,phemex,AERO/USDT:USDT,0.8995,188.0,0.8993,241.0,0.9,883.0,0.9001,114.0
1753591992470,04:53:12.470,phemex,AERO/USDT:USDT,0.8995,121.0,0.8992,285.0,0.9,883.0,0.9001,114.0
1753591992501,04:53:12.501,phemex,AERO/USDT:USDT,0.8995,121.0,0.8992,285.0,0.9,51.0,0.9001,114.0
1753591992515,04:53:12.515,phemex,AERO/USDT:USDT,0.8995,121.0,0.8992,285.0,0.8999,832.0,0.9,51.0
1753591992525,04:53:12.525,phemex,AERO/USDT:USDT,0.8995,121.0,0.8992,285.0,0.8999,832.0,0.9,51.0
1753591992579,04:53:12.579,phemex,AERO/USDT:USDT,0.8995,121.0,0.8992,285.0,0.8999,832.0,0.9,51.0
1753591996173,04:53:16.173,phemex,AERO/USDT:USDT,0.8995,121.0,0.8992,285.0,0.8999,832.0,0.9,51.0
1753591996519,04:53:16.519,phemex,AERO/USDT:USDT,0.8995,121.0,0.8992,285.0,0.8999,903.0,0.9,51.0
1753591996540,04:53:16.540,phemex,AERO/USDT:USDT,0.8995,111.0,0.8992,285.0,0.8999,903.0,0.9,51.0
1753591998154,04:53:18.154,phemex,AERO/USDT:USDT,0.8995,111.0,0.8992,285.0,0.8999,71.0,0.9,51.0
1753591998163,04:53:18.163,phemex,AERO/USDT:USDT,0.8995,111.0,0.8992,285.0,0.8998,832.0,0.8999,71.0
1753591998210,04:53:18.210,phemex,AERO/USDT:USDT,0.8995,111.0,0.8992,285.0,0.8998,832.0,0.8999,71.0
1753591998971,04:53:18.971,phemex,AERO/USDT:USDT,0.8995,232.0,0.8992,285.0,0.8998,832.0,0.8999,71.0
1753592000889,04:53:20.889,phemex,AERO/USDT:USDT,0.8995,232.0,0.8992,285.0,0.8998,832.0,0.8999,71.0
1753592000973,04:53:20.973,phemex,AERO/USDT:USDT,0.8995,232.0,0.8992,285.0,0.8998,832.0,0.8999,71.0
1753592001013,04:53:21.013,phemex,AERO/USDT:USDT,0.8995,232.0,0.8992,285.0,0.8998,832.0,0.8999,71.0
1753592001129,04:53:21.129,phemex,AERO/USDT:USDT,0.8995,232.0,0.8992,285.0,0.8998,832.0,0.8999,71.0
1753592001748,04:53:21.748,phemex,AERO/USDT:USDT,0.8995,199.0,0.8992,285.0,0.8998,876.0,0.9,51.0
1753592001797,04:53:21.797,phemex,AERO/USDT:USDT,0.8995,199.0,0.8992,285.0,0.8998,876.0,0.9,51.0
1753592002787,04:53:22.787,phemex,AERO/USDT:USDT,0.8995,199.0,0.8992,285.0,0.8998,876.0,0.9,51.0
1753592002885,04:53:22.885,phemex,AERO/USDT:USDT,0.8995,199.0,0.8992,285.0,0.8998,876.0,0.9,51.0
1753592003664,04:53:23.664,phemex,AERO/USDT:USDT,0.8995,199.0,0.8992,285.0,0.8998,876.0,0.9,51.0
1753592004024,04:53:24.024,phemex,AERO/USDT:USDT,0.8995,199.0,0.8992,285.0,0.8998,876.0,0.9,51.0
1753592005051,04:53:25.051,phemex,AERO/USDT:USDT,0.8995,78.0,0.8992,285.0,0.8998,876.0,0.9,51.0
1753592005051,04:53:25.051,phemex,AERO/USDT:USDT,0.8996,50.0,0.8995,78.0,0.8998,876.0,0.9,51.0
1753592005767,04:53:25.767,phemex,AERO/USDT:USDT,0.8996,50.0,0.8995,78.0,0.8998,876.0,0.9,51.0
1753592005773,04:53:25.773,phemex,AERO/USDT:USDT,0.8996,50.0,0.8995,78.0,0.8998,876.0,0.9,51.0
1753592007152,04:53:27.152,phemex,AERO/USDT:USDT,0.8996,50.0,0.8995,78.0,0.8998,876.0,0.9,51.0
1753592007158,04:53:27.158,phemex,AERO/USDT:USDT,0.8996,50.0,0.8995,78.0,0.8998,876.0,0.9,51.0
1753592008140,04:53:28.140,phemex,AERO/USDT:USDT,0.8996,50.0,0.8995,78.0,0.8998,953.0,0.9,51.0
1753592010157,04:53:30.157,phemex,AERO/USDT:USDT,0.8996,50.0,0.8995,78.0,0.8998,953.0,0.9,51.0
1753592010566,04:53:30.566,phemex,AERO/USDT:USDT,0.8996,50.0,0.8995,78.0,0.8998,953.0,0.9,51.0
1753592010780,04:53:30.780,phemex,AERO/USDT:USDT,0.8996,50.0,0.8995,78.0,0.8998,953.0,0.9,51.0
1753592010907,04:53:30.907,phemex,AERO/USDT:USDT,0.8996,50.0,0.8995,78.0,0.8998,953.0,0.9,51.0
1753592010932,04:53:30.932,phemex,AERO/USDT:USDT,0.8996,50.0,0.8995,78.0,0.8998,953.0,0.9,51.0
1753592011025,04:53:31.025,phemex,AERO/USDT:USDT,0.8996,50.0,0.8995,78.0,0.8998,953.0,0.9,51.0
1753592013152,04:53:33.152,phemex,AERO/USDT:USDT,0.8996,50.0,0.8995,78.0,0.8998,953.0,0.9,51.0
1753592013162,04:53:33.162,phemex,AERO/USDT:USDT,0.8996,50.0,0.8995,78.0,0.8998,953.0,0.9,51.0
1753592017798,04:53:37.798,phemex,AERO/USDT:USDT,0.8996,50.0,0.8995,78.0,0.8998,953.0,0.9,51.0
1753592019456,04:53:39.456,phemex,AERO/USDT:USDT,0.8996,47.0,0.8995,78.0,0.8998,953.0,0.9,51.0
1753592020503,04:53:40.503,phemex,AERO/USDT:USDT,0.8997,47.0,0.8996,47.0,0.8998,832.0,0.8999,53.0
1753592020530,04:53:40.530,phemex,AERO/USDT:USDT,0.8997,47.0,0.8996,47.0,0.8999,885.0,0.9,51.0
1753592021967,04:53:41.967,phemex,AERO/USDT:USDT,0.8997,47.0,0.8996,47.0,0.8999,885.0,0.9,51.0
1753592022007,04:53:42.007,phemex,AERO/USDT:USDT,0.8997,47.0,0.8996,47.0,0.8999,885.0,0.9,51.0
1753592022230,04:53:42.230,phemex,AERO/USDT:USDT,0.8997,47.0,0.8996,47.0,0.8999,885.0,0.9,51.0
1753592024024,04:53:44.024,phemex,AERO/USDT:USDT,0.8997,47.0,0.8996,47.0,0.8999,885.0,0.9,51.0
1753592024025,04:53:44.025,phemex,AERO/USDT:USDT,0.8997,47.0,0.8996,47.0,0.8999,885.0,0.9,51.0
1753592026309,04:53:46.309,phemex,AERO/USDT:USDT,0.8998,51.0,0.8997,47.0,0.8999,885.0,0.9,51.0
1753592026774,04:53:46.774,phemex,AERO/USDT:USDT,0.8998,51.0,0.8997,47.0,0.8999,885.0,0.9,51.0
1753592028011,04:53:48.011,phemex,AERO/USDT:USDT,0.8998,51.0,0.8997,47.0,0.8999,885.0,0.9,51.0
1753592028012,04:53:48.012,phemex,AERO/USDT:USDT,0.8998,51.0,0.8997,47.0,0.8999,885.0,0.9,51.0
1753592028069,04:53:48.069,phemex,AERO/USDT:USDT,0.8998,51.0,0.8997,47.0,0.8999,832.0,0.9001,120.0
1753592028081,04:53:48.081,phemex,AERO/USDT:USDT,0.8998,51.0,0.8997,47.0,0.9001,120.0,0.9002,64.0
1753592028129,04:53:48.129,phemex,AERO/USDT:USDT,0.8998,51.0,0.8997,47.0,0.9,832.0,0.9001,120.0
1753592028138,04:53:48.138,phemex,AERO/USDT:USDT,0.8998,51.0,0.8997,47.0,0.9,832.0,0.9001,120.0
1753592031161,04:53:51.161,phemex,AERO/USDT:USDT,0.8998,51.0,0.8997,47.0,0.9001,952.0,0.9002,64.0
1753592031566,04:53:51.566,phemex,AERO/USDT:USDT,0.8998,51.0,0.8997,47.0,0.9001,952.0,0.9002,64.0
1753592031573,04:53:51.573,phemex,AERO/USDT:USDT,0.8998,51.0,0.8997,47.0,0.9001,952.0,0.9002,64.0
1753592031573,04:53:51.573,phemex,AERO/USDT:USDT,0.8998,51.0,0.8997,47.0,0.9001,952.0,0.9002,64.0
1753592034760,04:53:54.760,phemex,AERO/USDT:USDT,0.8998,103.0,0.8997,47.0,0.9001,952.0,0.9002,64.0
1753592036373,04:53:56.373,phemex,AERO/USDT:USDT,0.8998,103.0,0.8997,47.0,0.9001,952.0,0.9002,64.0
1753592037196,04:53:57.196,phemex,AERO/USDT:USDT,0.8998,103.0,0.8997,47.0,0.9002,896.0,0.9003,51.0
1753592040031,04:54:00.031,phemex,AERO/USDT:USDT,0.8998,103.0,0.8997,47.0,0.9002,867.0,0.9003,51.0
1753592040433,04:54:00.433,phemex,AERO/USDT:USDT,0.8998,103.0,0.8997,47.0,0.9002,867.0,0.9003,51.0
1753592040433,04:54:00.433,phemex,AERO/USDT:USDT,0.8998,103.0,0.8997,47.0,0.9002,867.0,0.9003,51.0
1753592041132,04:54:01.132,phemex,AERO/USDT:USDT,0.8998,52.0,0.8997,47.0,0.9002,867.0,0.9003,51.0
1753592041172,04:54:01.172,phemex,AERO/USDT:USDT,0.8998,141.0,0.8997,47.0,0.9002,867.0,0.9003,51.0
1753592041432,04:54:01.432,phemex,AERO/USDT:USDT,0.8998,141.0,0.8997,47.0,0.9002,867.0,0.9003,51.0
1753592043163,04:54:03.163,phemex,AERO/USDT:USDT,0.8998,141.0,0.8997,47.0,0.9002,867.0,0.9003,51.0
1753592045836,04:54:05.836,phemex,AERO/USDT:USDT,0.8998,136.0,0.8997,47.0,0.9002,867.0,0.9003,51.0
1753592045973,04:54:05.973,phemex,AERO/USDT:USDT,0.8998,136.0,0.8997,47.0,0.9002,867.0,0.9003,51.0
1753592046159,04:54:06.159,phemex,AERO/USDT:USDT,0.8998,136.0,0.8997,47.0,0.9002,867.0,0.9003,51.0
1753592046270,04:54:06.270,phemex,AERO/USDT:USDT,0.8998,136.0,0.8997,47.0,0.9002,867.0,0.9003,51.0
1753592050121,04:54:10.121,phemex,AERO/USDT:USDT,0.8998,136.0,0.8997,94.0,0.9002,976.0,0.9003,51.0
1753592050139,04:54:10.139,phemex,AERO/USDT:USDT,0.8998,136.0,0.8997,94.0,0.9002,976.0,0.9003,51.0
1753592050152,04:54:10.152,phemex,AERO/USDT:USDT,0.8998,136.0,0.8997,94.0,0.9002,832.0,0.9003,51.0
1753592050283,04:54:10.283,phemex,AERO/USDT:USDT,0.8998,136.0,0.8997,94.0,0.9003,883.0,0.9004,52.0
1753592050298,04:54:10.298,phemex,AERO/USDT:USDT,0.8998,136.0,0.8997,94.0,0.9003,883.0,0.9004,52.0
1753592050774,04:54:10.774,phemex,AERO/USDT:USDT,0.8998,136.0,0.8997,94.0,0.9008,428.0,0.9009,3461.0
1753592050785,04:54:10.785,phemex,AERO/USDT:USDT,0.8998,136.0,0.8997,94.0,0.9012,81.0,0.9013,73.0
1753592050803,04:54:10.803,phemex,AERO/USDT:USDT,0.8998,136.0,0.8997,94.0,0.9012,81.0,0.9013,73.0
1753592050811,04:54:10.811,phemex,AERO/USDT:USDT,0.8998,136.0,0.8997,94.0,0.9012,81.0,0.9013,73.0
1753592050896,04:54:10.896,phemex,AERO/USDT:USDT,0.8998,136.0,0.8997,94.0,0.9012,81.0,0.9013,73.0
1753592050919,04:54:10.919,phemex,AERO/USDT:USDT,0.8998,136.0,0.8997,94.0,0.9012,81.0,0.9013,73.0
1753592051015,04:54:11.015,phemex,AERO/USDT:USDT,0.8998,136.0,0.8997,94.0,0.9012,81.0,0.9013,73.0
1753592051022,04:54:11.022,phemex,AERO/USDT:USDT,0.8998,136.0,0.8997,94.0,0.9012,81.0,0.9013,73.0
1753592051061,04:54:11.061,phemex,AERO/USDT:USDT,0.8998,136.0,0.8997,94.0,0.9012,913.0,0.9013,73.0
1753592052018,04:54:12.018,phemex,AERO/USDT:USDT,0.8998,136.0,0.8997,94.0,0.9012,913.0,0.9013,73.0
1753592055159,04:54:15.159,phemex,AERO/USDT:USDT,0.8998,136.0,0.8997,94.0,0.9012,913.0,0.9013,73.0
1753592055573,04:54:15.573,phemex,AERO/USDT:USDT,0.8998,136.0,0.8997,94.0,0.9012,913.0,0.9013,73.0
1753592055581,04:54:15.581,phemex,AERO/USDT:USDT,0.8998,136.0,0.8997,94.0,0.9012,913.0,0.9013,73.0
1753592055623,04:54:15.623,phemex,AERO/USDT:USDT,0.8998,136.0,0.8997,94.0,0.9012,832.0,0.9013,73.0
1753592056039,04:54:16.039,phemex,AERO/USDT:USDT,0.8998,136.0,0.8997,94.0,0.9012,832.0,0.9013,73.0
1753592056996,04:54:16.996,phemex,AERO/USDT:USDT,0.9,223.0,0.8997,479.0,0.9004,128.0,0.9006,136.0
1753592057020,04:54:17.020,phemex,AERO/USDT:USDT,0.9,223.0,0.8997,479.0,0.9004,128.0,0.9005,832.0
1753592057021,04:54:17.021,phemex,AERO/USDT:USDT,0.9,223.0,0.8997,479.0,0.9004,128.0,0.9005,832.0
1753592057128,04:54:17.128,phemex,AERO/USDT:USDT,0.8997,479.0,0.8996,719.0,0.9004,128.0,0.9005,832.0
1753592057152,04:54:17.152,phemex,AERO/USDT:USDT,0.8997,479.0,0.8996,719.0,0.9004,128.0,0.9005,832.0
1753592057273,04:54:17.273,phemex,AERO/USDT:USDT,0.8997,479.0,0.8996,719.0,0.9004,128.0,0.9005,832.0
1753592058008,04:54:18.008,phemex,AERO/USDT:USDT,0.8997,479.0,0.8996,719.0,0.9004,128.0,0.9005,832.0
1753592058014,04:54:18.014,phemex,AERO/USDT:USDT,0.8997,479.0,0.8996,719.0,0.9004,128.0,0.9005,832.0
1753592060373,04:54:20.373,phemex,AERO/USDT:USDT,0.8997,479.0,0.8996,719.0,0.9004,128.0,0.9005,832.0
1753592062109,04:54:22.109,phemex,AERO/USDT:USDT,0.8997,479.0,0.8996,719.0,0.9004,128.0,0.9005,832.0
1753592062910,04:54:22.910,phemex,AERO/USDT:USDT,0.9002,76.0,0.9001,207.0,0.9004,128.0,0.9005,893.0
1753592063679,04:54:23.679,phemex,AERO/USDT:USDT,0.9002,76.0,0.9001,207.0,0.9005,893.0,0.9009,1162.0
1753592065176,04:54:25.176,phemex,AERO/USDT:USDT,0.9002,76.0,0.9001,207.0,0.9005,893.0,0.9009,1162.0
1753592065926,04:54:25.926,phemex,AERO/USDT:USDT,0.9002,1.0,0.9001,207.0,0.9005,893.0,0.9009,1162.0
1753592066356,04:54:26.356,phemex,AERO/USDT:USDT,0.9002,1.0,0.9001,207.0,0.9005,893.0,0.9007,63.0
1753592068038,04:54:28.038,phemex,AERO/USDT:USDT,0.9002,149.0,0.9001,72.0,0.9005,893.0,0.9007,63.0
1753592070094,04:54:30.094,phemex,AERO/USDT:USDT,0.9002,120.0,0.9001,72.0,0.9005,893.0,0.9007,63.0
1753592070159,04:54:30.159,phemex,AERO/USDT:USDT,0.9002,120.0,0.9001,72.0,0.9005,893.0,0.9007,63.0
1753592070357,04:54:30.357,phemex,AERO/USDT:USDT,0.9002,120.0,0.9001,72.0,0.9005,893.0,0.9007,63.0
1753592070968,04:54:30.968,phemex,AERO/USDT:USDT,0.9002,92.0,0.9001,72.0,0.9005,893.0,0.9007,63.0
1753592071893,04:54:31.893,phemex,AERO/USDT:USDT,0.9002,82.0,0.9001,72.0,0.9005,893.0,0.9007,63.0
1753592073154,04:54:33.154,phemex,AERO/USDT:USDT,0.9002,82.0,0.9001,72.0,0.9005,893.0,0.9007,63.0
1753592073160,04:54:33.160,phemex,AERO/USDT:USDT,0.9002,82.0,0.9001,72.0,0.9005,893.0,0.9007,63.0
1753592074585,04:54:34.585,phemex,AERO/USDT:USDT,0.9002,82.0,0.9001,72.0,0.9004,50.0,0.9005,893.0
1753592074602,04:54:34.602,phemex,AERO/USDT:USDT,0.9002,82.0,0.9001,72.0,0.9004,50.0,0.9005,61.0
1753592074603,04:54:34.603,phemex,AERO/USDT:USDT,0.9002,82.0,0.9001,72.0,0.9004,882.0,0.9005,61.0
1753592074758,04:54:34.758,phemex,AERO/USDT:USDT,0.9002,82.0,0.9001,72.0,0.9004,882.0,0.9005,61.0
1753592074973,04:54:34.973,phemex,AERO/USDT:USDT,0.9002,82.0,0.9001,72.0,0.9004,882.0,0.9005,61.0
1753592076276,04:54:36.276,phemex,AERO/USDT:USDT,0.9002,82.0,0.9001,72.0,0.9004,874.0,0.9005,61.0
1753592076525,04:54:36.525,phemex,AERO/USDT:USDT,0.9002,82.0,0.9001,72.0,0.9004,874.0,0.9005,61.0
1753592076605,04:54:36.605,phemex,AERO/USDT:USDT,0.9002,82.0,0.9001,72.0,0.9004,874.0,0.9005,61.0
1753592076671,04:54:36.671,phemex,AERO/USDT:USDT,0.9001,72.0,0.9,54.0,0.9004,874.0,0.9005,61.0
1753592076678,04:54:36.678,phemex,AERO/USDT:USDT,0.9001,72.0,0.9,54.0,0.9004,874.0,0.9005,61.0
1753592076782,04:54:36.782,phemex,AERO/USDT:USDT,0.9001,72.0,0.9,54.0,0.9004,42.0,0.9005,61.0
1753592076815,04:54:36.815,phemex,AERO/USDT:USDT,0.9001,72.0,0.9,54.0,0.9003,832.0,0.9004,42.0
1753592076832,04:54:36.832,phemex,AERO/USDT:USDT,0.9001,72.0,0.9,54.0,0.9003,832.0,0.9004,42.0
1753592079767,04:54:39.767,phemex,AERO/USDT:USDT,0.9001,72.0,0.9,54.0,0.9003,832.0,0.9004,42.0
1753592079774,04:54:39.774,phemex,AERO/USDT:USDT,0.9001,72.0,0.9,54.0,0.9003,832.0,0.9004,42.0
1753592081861,04:54:41.861,phemex,AERO/USDT:USDT,0.8999,51.0,0.8996,265.0,0.9002,57.0,0.9003,832.0
1753592081876,04:54:41.876,phemex,AERO/USDT:USDT,0.8999,51.0,0.8996,265.0,0.9002,57.0,0.9003,832.0
1753592081891,04:54:41.891,phemex,AERO/USDT:USDT,0.8999,51.0,0.8996,265.0,0.9002,57.0,0.9004,137.0
1753592081915,04:54:41.915,phemex,AERO/USDT:USDT,0.8999,51.0,0.8996,265.0,0.9002,889.0,0.9004,137.0
1753592082413,04:54:42.413,phemex,AERO/USDT:USDT,0.8999,51.0,0.8997,139.0,0.9002,57.0,0.9004,137.0
1753592082420,04:54:42.420,phemex,AERO/USDT:USDT,0.8999,51.0,0.8997,139.0,0.9001,832.0,0.9002,57.0
1753592084574,04:54:44.574,phemex,AERO/USDT:USDT,0.8999,51.0,0.8997,139.0,0.9001,832.0,0.9002,57.0
1753592085627,04:54:45.627,phemex,AERO/USDT:USDT,0.8999,44.0,0.8997,139.0,0.9001,832.0,0.9002,57.0
1753592086374,04:54:46.374,phemex,AERO/USDT:USDT,0.8999,44.0,0.8997,139.0,0.9002,889.0,0.9004,137.0
1753592087296,04:54:47.296,phemex,AERO/USDT:USDT,0.8999,44.0,0.8997,139.0,0.9002,889.0,0.9004,137.0
1753592088840,04:54:48.840,phemex,AERO/USDT:USDT,0.8999,44.0,0.8998,73.0,0.9002,889.0,0.9004,137.0
1753592089374,04:54:49.374,phemex,AERO/USDT:USDT,0.8999,44.0,0.8998,73.0,0.9002,889.0,0.9004,137.0
1753592091104,04:54:51.104,phemex,AERO/USDT:USDT,0.8998,73.0,0.8997,139.0,0.9002,889.0,0.9004,137.0
1753592091104,04:54:51.104,phemex,AERO/USDT:USDT,0.8998,73.0,0.8997,139.0,0.9002,889.0,0.9004,137.0
1753592094008,04:54:54.008,phemex,AERO/USDT:USDT,0.8998,73.0,0.8997,139.0,0.9002,889.0,0.9004,137.0
1753592094009,04:54:54.009,phemex,AERO/USDT:USDT,0.8998,73.0,0.8997,139.0,0.9002,949.0,0.9004,137.0
1753592094172,04:54:54.172,phemex,AERO/USDT:USDT,0.8998,73.0,0.8997,139.0,0.9002,949.0,0.9004,137.0
1753592094178,04:54:54.178,phemex,AERO/USDT:USDT,0.8998,73.0,0.8997,139.0,0.9002,949.0,0.9004,137.0
1753592097366,04:54:57.366,phemex,AERO/USDT:USDT,0.8998,155.0,0.8997,139.0,0.9002,832.0,0.9004,137.0
1753592097366,04:54:57.366,phemex,AERO/USDT:USDT,0.8998,155.0,0.8997,139.0,0.9002,832.0,0.9004,137.0
1753592097669,04:54:57.669,phemex,AERO/USDT:USDT,0.8998,155.0,0.8997,139.0,0.9002,832.0,0.9004,137.0
1753592097704,04:54:57.704,phemex,AERO/USDT:USDT,0.8998,155.0,0.8997,139.0,0.9004,969.0,0.9005,45.0
1753592097711,04:54:57.711,phemex,AERO/USDT:USDT,0.8998,155.0,0.8997,139.0,0.9004,969.0,0.9005,45.0
1753592098971,04:54:58.971,phemex,AERO/USDT:USDT,0.8998,155.0,0.8997,139.0,0.9004,969.0,0.9005,45.0
1753592098986,04:54:58.986,phemex,AERO/USDT:USDT,0.8998,155.0,0.8997,139.0,0.9004,969.0,0.9005,45.0
1753592100975,04:55:00.975,phemex,AERO/USDT:USDT,0.8998,155.0,0.8997,139.0,0.9004,969.0,0.9005,45.0
1753592100981,04:55:00.981,phemex,AERO/USDT:USDT,0.8998,155.0,0.8997,139.0,0.9004,969.0,0.9005,45.0
1753592101872,04:55:01.872,phemex,AERO/USDT:USDT,0.8998,155.0,0.8997,139.0,0.9004,1019.0,0.9005,45.0
1753592101879,04:55:01.879,phemex,AERO/USDT:USDT,0.8998,155.0,0.8997,139.0,0.9004,1019.0,0.9005,45.0
1753592101885,04:55:01.885,phemex,AERO/USDT:USDT,0.8998,155.0,0.8997,139.0,0.9004,1019.0,0.9005,45.0
1753592102775,04:55:02.775,phemex,AERO/USDT:USDT,0.8998,155.0,0.8997,139.0,0.9004,1019.0,0.9005,45.0
1753592102910,04:55:02.910,phemex,AERO/USDT:USDT,0.9003,209.0,0.8998,429.0,0.9004,1019.0,0.9005,45.0
1753592102910,04:55:02.910,phemex,AERO/USDT:USDT,0.9003,209.0,0.8998,710.0,0.9004,1019.0,0.9005,45.0
1753592103010,04:55:03.010,phemex,AERO/USDT:USDT,0.9001,58.0,0.8999,195.0,0.9004,1019.0,0.9005,45.0
1753592103021,04:55:03.021,phemex,AERO/USDT:USDT,0.9001,58.0,0.8999,195.0,0.9004,1019.0,0.9005,45.0
1753592103026,04:55:03.026,phemex,AERO/USDT:USDT,0.9001,58.0,0.8999,195.0,0.9004,1019.0,0.9005,45.0
1753592103167,04:55:03.167,phemex,AERO/USDT:USDT,0.9001,58.0,0.8999,195.0,0.9004,1019.0,0.9005,45.0
1753592103776,04:55:03.776,phemex,AERO/USDT:USDT,0.9001,58.0,0.8999,195.0,0.9004,1019.0,0.9005,45.0
1753592104102,04:55:04.102,phemex,AERO/USDT:USDT,0.9001,58.0,0.8999,195.0,0.9004,1019.0,0.9005,45.0
1753592106155,04:55:06.155,phemex,AERO/USDT:USDT,0.9001,58.0,0.8999,195.0,0.9004,1019.0,0.9005,45.0
1753592106342,04:55:06.342,phemex,AERO/USDT:USDT,0.9001,58.0,0.8999,195.0,0.9004,1019.0,0.9005,45.0
1753592106571,04:55:06.571,phemex,AERO/USDT:USDT,0.9001,58.0,0.8999,195.0,0.9004,1014.0,0.9005,45.0
1753592107793,04:55:07.793,phemex,AERO/USDT:USDT,0.9001,58.0,0.8999,195.0,0.9004,905.0,0.9005,45.0
1753592108568,04:55:08.568,phemex,AERO/USDT:USDT,0.9001,58.0,0.8999,195.0,0.9004,905.0,0.9005,45.0
1753592108577,04:55:08.577,phemex,AERO/USDT:USDT,0.9001,58.0,0.8999,195.0,0.9004,905.0,0.9005,45.0
1753592109155,04:55:09.155,phemex,AERO/USDT:USDT,0.9001,58.0,0.8999,195.0,0.9004,905.0,0.9005,45.0
1753592109160,04:55:09.160,phemex,AERO/USDT:USDT,0.9001,58.0,0.8999,195.0,0.9004,905.0,0.9005,45.0
1753592112978,04:55:12.978,phemex,AERO/USDT:USDT,0.9001,58.0,0.8999,195.0,0.9004,902.0,0.9005,45.0
1753592113103,04:55:13.103,phemex,AERO/USDT:USDT,0.9001,46.0,0.8999,71.0,0.9004,902.0,0.9005,45.0
1753592113376,04:55:13.376,phemex,AERO/USDT:USDT,0.9001,46.0,0.8999,71.0,0.9004,902.0,0.9005,45.0
1753592118155,04:55:18.155,phemex,AERO/USDT:USDT,0.9001,46.0,0.8999,71.0,0.9004,902.0,0.9005,45.0
1753592118160,04:55:18.160,phemex,AERO/USDT:USDT,0.9001,46.0,0.8999,71.0,0.9004,902.0,0.9005,45.0
1753592118167,04:55:18.167,phemex,AERO/USDT:USDT,0.9001,46.0,0.8999,71.0,0.9004,902.0,0.9005,45.0
1753592118254,04:55:18.254,phemex,AERO/USDT:USDT,0.9001,46.0,0.8999,71.0,0.9004,902.0,0.9005,45.0
1753592121159,04:55:21.159,phemex,AERO/USDT:USDT,0.9001,46.0,0.8999,71.0,0.9004,902.0,0.9005,45.0
1753592122696,04:55:22.696,phemex,AERO/USDT:USDT,0.9001,46.0,0.9,55.0,0.9002,47.0,0.9004,959.0
1753592122727,04:55:22.727,phemex,AERO/USDT:USDT,0.9001,46.0,0.9,55.0,0.9002,47.0,0.9004,127.0
1753592122733,04:55:22.733,phemex,AERO/USDT:USDT,0.9001,46.0,0.9,55.0,0.9002,47.0,0.9003,832.0
1753592123020,04:55:23.020,phemex,AERO/USDT:USDT,0.8999,71.0,0.8996,470.0,0.9002,47.0,0.9003,832.0
1753592123038,04:55:23.038,phemex,AERO/USDT:USDT,0.8999,71.0,0.8996,470.0,0.9002,47.0,0.9004,127.0
1753592123060,04:55:23.060,phemex,AERO/USDT:USDT,0.8999,71.0,0.8996,470.0,0.9002,879.0,0.9004,127.0
1753592123105,04:55:23.105,phemex,AERO/USDT:USDT,0.8999,71.0,0.8996,470.0,0.9002,879.0,0.9004,127.0
1753592123184,04:55:23.184,phemex,AERO/USDT:USDT,0.8999,71.0,0.8996,470.0,0.9002,879.0,0.9004,127.0
1753592123731,04:55:23.731,phemex,AERO/USDT:USDT,0.8999,71.0,0.8997,69.0,0.9002,879.0,0.9004,127.0
1753592123795,04:55:23.795,phemex,AERO/USDT:USDT,0.8999,56.0,0.8997,69.0,0.9002,879.0,0.9004,127.0
1753592125800,04:55:25.800,phemex,AERO/USDT:USDT,0.8999,56.0,0.8997,69.0,0.9001,832.0,0.9002,47.0
1753592127774,04:55:27.774,phemex,AERO/USDT:USDT,0.8999,56.0,0.8997,69.0,0.9001,832.0,0.9002,47.0
1753592127784,04:55:27.784,phemex,AERO/USDT:USDT,0.8999,56.0,0.8997,69.0,0.9001,832.0,0.9002,47.0
1753592128000,04:55:28.000,phemex,AERO/USDT:USDT,0.8999,56.0,0.8997,69.0,0.9001,907.0,0.9002,47.0
1753592130161,04:55:30.161,phemex,AERO/USDT:USDT,0.8999,56.0,0.8997,69.0,0.9001,907.0,0.9002,47.0
1753592132574,04:55:32.574,phemex,AERO/USDT:USDT,0.8999,56.0,0.8997,69.0,0.9001,907.0,0.9002,47.0
1753592132582,04:55:32.582,phemex,AERO/USDT:USDT,0.8999,56.0,0.8997,69.0,0.9001,907.0,0.9002,47.0
1753592135477,04:55:35.477,phemex,AERO/USDT:USDT,0.8999,56.0,0.8998,73.0,0.9001,907.0,0.9002,47.0
1753592139162,04:55:39.162,phemex,AERO/USDT:USDT,0.8999,56.0,0.8998,73.0,0.9001,907.0,0.9002,47.0
1753592140175,04:55:40.175,phemex,AERO/USDT:USDT,0.8999,56.0,0.8998,73.0,0.9001,907.0,0.9002,47.0
1753592141301,04:55:41.301,phemex,AERO/USDT:USDT,0.8999,113.0,0.8998,73.0,0.9001,832.0,0.9002,47.0
1753592141425,04:55:41.425,phemex,AERO/USDT:USDT,0.8999,113.0,0.8998,73.0,0.9001,832.0,0.9002,47.0
1753592142270,04:55:42.270,phemex,AERO/USDT:USDT,0.8999,113.0,0.8998,73.0,0.9002,47.0,0.9003,115.0
1753592142275,04:55:42.275,phemex,AERO/USDT:USDT,0.8999,113.0,0.8998,73.0,0.9002,47.0,0.9003,115.0
1753592142276,04:55:42.276,phemex,AERO/USDT:USDT,0.8999,113.0,0.8998,73.0,0.9002,47.0,0.9003,115.0
1753592142858,04:55:42.858,phemex,AERO/USDT:USDT,0.8999,113.0,0.8998,73.0,0.9002,44.0,0.9003,115.0
1753592144293,04:55:44.293,phemex,AERO/USDT:USDT,0.8999,113.0,0.8998,73.0,0.9003,115.0,0.9005,832.0
1753592144303,04:55:44.303,phemex,AERO/USDT:USDT,0.8999,113.0,0.8998,73.0,0.9003,54.0,0.9005,832.0
1753592144385,04:55:44.385,phemex,AERO/USDT:USDT,0.8999,113.0,0.8998,73.0,0.9003,54.0,0.9005,832.0
1753592146349,04:55:46.349,phemex,AERO/USDT:USDT,0.9002,77.0,0.9001,56.0,0.9003,54.0,0.9005,832.0
1753592146370,04:55:46.370,phemex,AERO/USDT:USDT,0.9002,77.0,0.9001,56.0,0.9003,54.0,0.9005,832.0
1753592146382,04:55:46.382,phemex,AERO/USDT:USDT,0.9002,77.0,0.9001,56.0,0.9003,54.0,0.9005,832.0
1753592149174,04:55:49.174,phemex,AERO/USDT:USDT,0.9002,77.0,0.9001,56.0,0.9003,54.0,0.9005,832.0
1753592149181,04:55:49.181,phemex,AERO/USDT:USDT,0.9002,77.0,0.9001,56.0,0.9003,54.0,0.9005,832.0
1753592149181,04:55:49.181,phemex,AERO/USDT:USDT,0.9002,77.0,0.9001,56.0,0.9003,54.0,0.9005,832.0
1753592152224,04:55:52.224,phemex,AERO/USDT:USDT,0.9002,77.0,0.9001,56.0,0.9003,54.0,0.9005,832.0
1753592152295,04:55:52.295,phemex,AERO/USDT:USDT,0.9002,77.0,0.9001,56.0,0.9003,54.0,0.9005,832.0
1753592152346,04:55:52.346,phemex,AERO/USDT:USDT,0.9002,77.0,0.9001,56.0,0.9003,54.0,0.9005,832.0
1753592154156,04:55:54.156,phemex,AERO/USDT:USDT,0.9002,77.0,0.9001,56.0,0.9003,54.0,0.9005,832.0
1753592154161,04:55:54.161,phemex,AERO/USDT:USDT,0.9002,77.0,0.9001,56.0,0.9003,54.0,0.9005,832.0
1753592154614,04:55:54.614,phemex,AERO/USDT:USDT,0.9002,77.0,0.9001,56.0,0.9003,54.0,0.9005,832.0
1753592155508,04:55:55.508,phemex,AERO/USDT:USDT,0.9002,77.0,0.9001,132.0,0.9004,49.0,0.9005,832.0
1753592155532,04:55:55.532,phemex,AERO/USDT:USDT,0.9002,77.0,0.9001,132.0,0.9004,49.0,0.9005,832.0
1753592155546,04:55:55.546,phemex,AERO/USDT:USDT,0.9002,77.0,0.9001,132.0,0.9004,49.0,0.9005,832.0
1753592156293,04:55:56.293,phemex,AERO/USDT:USDT,0.9002,77.0,0.9001,132.0,0.9005,912.0,0.9007,51.0
1753592156332,04:55:56.332,phemex,AERO/USDT:USDT,0.9002,77.0,0.9001,132.0,0.9005,80.0,0.9006,832.0
1753592156482,04:55:56.482,phemex,AERO/USDT:USDT,0.9002,77.0,0.9001,132.0,0.9005,80.0,0.9006,832.0
1753592157007,04:55:57.007,phemex,AERO/USDT:USDT,0.9002,74.0,0.9001,132.0,0.9005,80.0,0.9006,832.0
1753592158290,04:55:58.290,phemex,AERO/USDT:USDT,0.9002,74.0,0.9001,132.0,0.9007,109.0,0.9008,77.0
1753592158303,04:55:58.303,phemex,AERO/USDT:USDT,0.9002,74.0,0.9001,132.0,0.9007,109.0,0.9008,909.0
1753592158332,04:55:58.332,phemex,AERO/USDT:USDT,0.9002,74.0,0.9001,132.0,0.9007,109.0,0.9008,909.0
1753592158739,04:55:58.739,phemex,AERO/USDT:USDT,0.9002,74.0,0.9001,132.0,0.9007,101.0,0.9008,77.0
1753592159174,04:55:59.174,phemex,AERO/USDT:USDT,0.9002,74.0,0.9001,132.0,0.9007,101.0,0.9008,77.0
1753592159181,04:55:59.181,phemex,AERO/USDT:USDT,0.9002,74.0,0.9001,132.0,0.9007,101.0,0.9008,77.0
1753592160016,04:56:00.016,phemex,AERO/USDT:USDT,0.9002,74.0,0.9001,132.0,0.9007,101.0,0.9008,77.0
1753592160334,04:56:00.334,phemex,AERO/USDT:USDT,0.9002,74.0,0.9001,132.0,0.9007,101.0,0.9008,77.0
1753592161620,04:56:01.620,phemex,AERO/USDT:USDT,0.9002,74.0,0.9001,132.0,0.9007,98.0,0.9008,77.0
1753592161934,04:56:01.934,phemex,AERO/USDT:USDT,0.9006,99.0,0.9003,116.0,0.9007,98.0,0.9008,77.0
1753592161969,04:56:01.969,phemex,AERO/USDT:USDT,0.9006,99.0,0.9003,116.0,0.9007,98.0,0.9008,77.0
1753592163983,04:56:03.983,phemex,AERO/USDT:USDT,0.9006,99.0,0.9003,116.0,0.9007,98.0,0.9008,77.0
1753592166163,04:56:06.163,phemex,AERO/USDT:USDT,0.9006,99.0,0.9003,116.0,0.9007,98.0,0.9008,77.0
1753592166184,04:56:06.184,phemex,AERO/USDT:USDT,0.9006,99.0,0.9003,116.0,0.9007,98.0,0.9008,77.0
1753592169709,04:56:09.709,phemex,AERO/USDT:USDT,0.9006,99.0,0.9003,116.0,0.9007,98.0,0.9008,77.0
1753592169721,04:56:09.721,phemex,AERO/USDT:USDT,0.9006,99.0,0.9003,116.0,0.9007,98.0,0.9008,77.0
1753592169843,04:56:09.843,phemex,AERO/USDT:USDT,0.9006,99.0,0.9003,116.0,0.9007,98.0,0.9008,77.0
1753592169872,04:56:09.872,phemex,AERO/USDT:USDT,0.9006,99.0,0.9003,116.0,0.9007,98.0,0.9008,77.0
1753592169988,04:56:09.988,phemex,AERO/USDT:USDT,0.9006,99.0,0.9003,116.0,0.9007,98.0,0.9008,77.0
1753592174592,04:56:14.592,phemex,AERO/USDT:USDT,0.9006,99.0,0.9003,116.0,0.9007,98.0,0.9008,77.0
1753592174599,04:56:14.599,phemex,AERO/USDT:USDT,0.9006,99.0,0.9003,116.0,0.9007,98.0,0.9008,77.0
1753592174699,04:56:14.699,phemex,AERO/USDT:USDT,0.9006,99.0,0.9003,116.0,0.9007,98.0,0.9008,77.0
1753592174760,04:56:14.760,phemex,AERO/USDT:USDT,0.9006,99.0,0.9003,116.0,0.9007,98.0,0.9008,77.0
1753592176830,04:56:16.830,phemex,AERO/USDT:USDT,0.9006,99.0,0.9003,116.0,0.9007,98.0,0.9008,77.0
1753592178576,04:56:18.576,phemex,AERO/USDT:USDT,0.9006,99.0,0.9003,116.0,0.9007,98.0,0.9008,77.0
1753592178583,04:56:18.583,phemex,AERO/USDT:USDT,0.9006,99.0,0.9003,116.0,0.9007,98.0,0.9008,77.0
1753592180083,04:56:20.083,phemex,AERO/USDT:USDT,0.9006,99.0,0.9003,116.0,0.9007,98.0,0.9008,77.0
1753592180121,04:56:20.121,phemex,AERO/USDT:USDT,0.9006,99.0,0.9003,116.0,0.9007,98.0,0.9008,77.0
1753592180129,04:56:20.129,phemex,AERO/USDT:USDT,0.9006,99.0,0.9003,116.0,0.9007,98.0,0.9008,77.0
1753592180472,04:56:20.472,phemex,AERO/USDT:USDT,0.9006,99.0,0.9003,116.0,0.9007,98.0,0.9008,77.0
1753592180801,04:56:20.801,phemex,AERO/USDT:USDT,0.9006,99.0,0.9003,116.0,0.9008,77.0,0.9009,832.0
1753592183382,04:56:23.382,phemex,AERO/USDT:USDT,0.9006,99.0,0.9003,116.0,0.9008,77.0,0.9009,832.0
1753592184014,04:56:24.014,phemex,AERO/USDT:USDT,0.9006,99.0,0.9003,116.0,0.9008,77.0,0.9009,832.0
1753592184098,04:56:24.098,phemex,AERO/USDT:USDT,0.9006,99.0,0.9003,116.0,0.9008,77.0,0.9009,832.0
1753592184155,04:56:24.155,phemex,AERO/USDT:USDT,0.9006,99.0,0.9003,116.0,0.9008,77.0,0.9009,832.0
1753592184164,04:56:24.164,phemex,AERO/USDT:USDT,0.9006,99.0,0.9003,116.0,0.9008,77.0,0.9009,832.0
1753592186210,04:56:26.210,phemex,AERO/USDT:USDT,0.9006,99.0,0.9003,116.0,0.9008,159.0,0.9009,832.0
1753592186212,04:56:26.212,phemex,AERO/USDT:USDT,0.9006,99.0,0.9005,66.0,0.9008,159.0,0.9009,832.0
1753592186354,04:56:26.354,phemex,AERO/USDT:USDT,0.9006,99.0,0.9005,66.0,0.9008,159.0,0.9009,832.0
1753592186523,04:56:26.523,phemex,AERO/USDT:USDT,0.9006,99.0,0.9005,66.0,0.9008,159.0,0.9009,832.0
1753592186702,04:56:26.702,phemex,AERO/USDT:USDT,0.9006,99.0,0.9005,66.0,0.9007,65.0,0.9008,159.0
1753592187358,04:56:27.358,phemex,AERO/USDT:USDT,0.9006,99.0,0.9005,66.0,0.9008,153.0,0.9009,832.0
1753592188182,04:56:28.182,phemex,AERO/USDT:USDT,0.9006,99.0,0.9005,66.0,0.9008,153.0,0.9009,832.0
1753592189219,04:56:29.219,phemex,AERO/USDT:USDT,0.9006,99.0,0.9005,66.0,0.9008,153.0,0.9009,832.0
1753592189246,04:56:29.246,phemex,AERO/USDT:USDT,0.9006,99.0,0.9005,66.0,0.9008,153.0,0.9009,832.0
1753592189941,04:56:29.941,phemex,AERO/USDT:USDT,0.9006,99.0,0.9005,66.0,0.9008,153.0,0.9009,832.0
1753592189974,04:56:29.974,phemex,AERO/USDT:USDT,0.9006,99.0,0.9005,66.0,0.9008,153.0,0.9009,832.0
1753592189992,04:56:29.992,phemex,AERO/USDT:USDT,0.9006,99.0,0.9005,66.0,0.9008,153.0,0.9009,832.0
1753592190031,04:56:30.031,phemex,AERO/USDT:USDT,0.9006,99.0,0.9005,66.0,0.9008,153.0,0.9009,832.0
1753592190069,04:56:30.069,phemex,AERO/USDT:USDT,0.9006,99.0,0.9005,66.0,0.9008,153.0,0.9009,832.0
1753592191358,04:56:31.358,phemex,AERO/USDT:USDT,0.9006,99.0,0.9005,66.0,0.9008,153.0,0.9009,832.0
1753592192975,04:56:32.975,phemex,AERO/USDT:USDT,0.9006,99.0,0.9005,66.0,0.9008,153.0,0.9009,832.0
1753592193160,04:56:33.160,phemex,AERO/USDT:USDT,0.9006,99.0,0.9005,66.0,0.9008,153.0,0.9009,832.0
1753592193194,04:56:33.194,phemex,AERO/USDT:USDT,0.9006,99.0,0.9005,66.0,0.9008,153.0,0.9009,832.0
1753592193841,04:56:33.841,phemex,AERO/USDT:USDT,0.9006,99.0,0.9005,66.0,0.901,52.0,0.9011,832.0
1753592197454,04:56:37.454,phemex,AERO/USDT:USDT,0.9006,99.0,0.9005,66.0,0.901,49.0,0.9011,832.0
1753592199387,04:56:39.387,phemex,AERO/USDT:USDT,0.9006,158.0,0.9005,66.0,0.9009,66.0,0.901,49.0
1753592199388,04:56:39.388,phemex,AERO/USDT:USDT,0.9006,158.0,0.9005,66.0,0.9009,116.0,0.901,49.0
1753592199482,04:56:39.482,phemex,AERO/USDT:USDT,0.9006,158.0,0.9005,66.0,0.9009,116.0,0.901,49.0
1753592199594,04:56:39.594,phemex,AERO/USDT:USDT,0.9006,158.0,0.9005,66.0,0.9009,116.0,0.901,49.0
1753592199602,04:56:39.602,phemex,AERO/USDT:USDT,0.9006,158.0,0.9005,66.0,0.9009,116.0,0.901,49.0
1753592200578,04:56:40.578,phemex,AERO/USDT:USDT,0.9006,53.0,0.9005,66.0,0.9009,116.0,0.901,49.0
1753592200730,04:56:40.730,phemex,AERO/USDT:USDT,0.9006,53.0,0.9005,66.0,0.9009,116.0,0.901,49.0
1753592202009,04:56:42.009,phemex,AERO/USDT:USDT,0.9006,53.0,0.9005,66.0,0.9009,116.0,0.901,49.0
1753592205453,04:56:45.453,phemex,AERO/USDT:USDT,0.9006,53.0,0.9005,66.0,0.9008,80.0,0.9009,116.0
1753592205468,04:56:45.468,phemex,AERO/USDT:USDT,0.9006,53.0,0.9005,66.0,0.9008,80.0,0.9009,948.0
1753592205780,04:56:45.780,phemex,AERO/USDT:USDT,0.9006,53.0,0.9005,66.0,0.9009,902.0,0.901,49.0
1753592206015,04:56:46.015,phemex,AERO/USDT:USDT,0.9006,53.0,0.9005,66.0,0.901,49.0,0.9011,78.0
1753592206223,04:56:46.223,phemex,AERO/USDT:USDT,0.9006,53.0,0.9005,66.0,0.901,49.0,0.9011,78.0
1753592206277,04:56:46.277,phemex,AERO/USDT:USDT,0.9006,53.0,0.9005,66.0,0.901,49.0,0.9011,78.0
1753592207298,04:56:47.298,phemex,AERO/USDT:USDT,0.9006,53.0,0.9005,66.0,0.901,49.0,0.9011,78.0
1753592210377,04:56:50.377,phemex,AERO/USDT:USDT,0.9006,53.0,0.9005,66.0,0.901,49.0,0.9011,78.0
1753592210383,04:56:50.383,phemex,AERO/USDT:USDT,0.9006,53.0,0.9005,66.0,0.901,49.0,0.9011,78.0
1753592210632,04:56:50.632,phemex,AERO/USDT:USDT,0.9006,53.0,0.9005,66.0,0.901,40.0,0.9011,78.0
1753592211155,04:56:51.155,phemex,AERO/USDT:USDT,0.9006,53.0,0.9005,66.0,0.901,40.0,0.9011,78.0
1753592211164,04:56:51.164,phemex,AERO/USDT:USDT,0.9006,53.0,0.9005,66.0,0.901,872.0,0.9011,78.0
1753592211164,04:56:51.164,phemex,AERO/USDT:USDT,0.9006,53.0,0.9005,66.0,0.901,872.0,0.9011,78.0
1753592212437,04:56:52.437,phemex,AERO/USDT:USDT,0.9006,112.0,0.9005,114.0,0.901,966.0,0.9011,78.0
1753592214469,04:56:54.469,phemex,AERO/USDT:USDT,0.9006,112.0,0.9005,114.0,0.901,966.0,0.9011,78.0
1753592215183,04:56:55.183,phemex,AERO/USDT:USDT,0.9006,112.0,0.9005,114.0,0.901,966.0,0.9011,78.0
1753592216233,04:56:56.233,phemex,AERO/USDT:USDT,0.9006,112.0,0.9005,114.0,0.901,966.0,0.9011,78.0
1753592219982,04:56:59.982,phemex,AERO/USDT:USDT,0.9006,112.0,0.9005,114.0,0.901,966.0,0.9011,78.0
1753592220024,04:57:00.024,phemex,AERO/USDT:USDT,0.9006,112.0,0.9005,114.0,0.901,966.0,0.9011,78.0
1753592220565,04:57:00.565,phemex,AERO/USDT:USDT,0.9006,112.0,0.9005,114.0,0.9009,74.0,0.901,832.0
1753592220798,04:57:00.798,phemex,AERO/USDT:USDT,0.9006,112.0,0.9005,114.0,0.9009,906.0,0.9011,145.0
1753592222145,04:57:02.145,phemex,AERO/USDT:USDT,0.9001,600.0,0.8998,560.0,0.9009,906.0,0.9011,145.0
1753592222318,04:57:02.318,phemex,AERO/USDT:USDT,0.9001,600.0,0.8998,560.0,0.9008,832.0,0.9009,74.0
1753592222663,04:57:02.663,phemex,AERO/USDT:USDT,0.9003,44.0,0.9001,66.0,0.9008,832.0,0.9009,74.0
1753592222789,04:57:02.789,phemex,AERO/USDT:USDT,0.9001,138.0,0.9,60.0,0.9008,832.0,0.9009,74.0
1753592223402,04:57:03.402,phemex,AERO/USDT:USDT,0.9,60.0,0.8999,65.0,0.9008,832.0,0.9009,74.0
1753592223539,04:57:03.539,phemex,AERO/USDT:USDT,0.9,60.0,0.8999,65.0,0.9008,832.0,0.9009,74.0
1753592223943,04:57:03.943,phemex,AERO/USDT:USDT,0.9,60.0,0.8999,65.0,0.9008,832.0,0.9009,74.0
1753592224161,04:57:04.161,phemex,AERO/USDT:USDT,0.8999,65.0,0.8997,708.0,0.9008,832.0,0.9009,74.0
1753592224777,04:57:04.777,phemex,AERO/USDT:USDT,0.8999,65.0,0.8997,708.0,0.9008,832.0,0.9009,74.0
1753592224933,04:57:04.933,phemex,AERO/USDT:USDT,0.8999,65.0,0.8997,708.0,0.9008,832.0,0.9009,74.0
1753592226015,04:57:06.015,phemex,AERO/USDT:USDT,0.8999,65.0,0.8997,708.0,0.9008,832.0,0.9009,74.0
1753592226251,04:57:06.251,phemex,AERO/USDT:USDT,0.8999,65.0,0.8997,708.0,0.9008,832.0,0.9009,74.0
1753592226697,04:57:06.697,phemex,AERO/USDT:USDT,0.8999,65.0,0.8997,708.0,0.9004,123.0,0.9005,106.0
1753592226711,04:57:06.711,phemex,AERO/USDT:USDT,0.8999,65.0,0.8997,708.0,0.9008,967.0,0.9009,307.0
1753592228455,04:57:08.455,phemex,AERO/USDT:USDT,0.8999,30.0,0.8997,708.0,0.9008,967.0,0.9009,307.0
1753592228515,04:57:08.515,phemex,AERO/USDT:USDT,0.9002,44.0,0.8999,199.0,0.9008,967.0,0.9009,307.0
1753592228536,04:57:08.536,phemex,AERO/USDT:USDT,0.9002,44.0,0.8999,199.0,0.9008,967.0,0.9009,307.0
1753592229391,04:57:09.391,phemex,AERO/USDT:USDT,0.9002,44.0,0.8999,199.0,0.9008,135.0,0.9009,307.0
1753592229397,04:57:09.397,phemex,AERO/USDT:USDT,0.9002,44.0,0.8999,199.0,0.9007,832.0,0.9008,135.0
1753592229584,04:57:09.584,phemex,AERO/USDT:USDT,0.9002,44.0,0.8999,199.0,0.9007,832.0,0.9008,135.0
1753592232110,04:57:12.110,phemex,AERO/USDT:USDT,0.9002,44.0,0.8999,199.0,0.9004,196.0,0.9005,57.0
1753592232142,04:57:12.142,phemex,AERO/USDT:USDT,0.9002,44.0,0.8999,199.0,0.9004,196.0,0.9005,57.0
1753592233976,04:57:13.976,phemex,AERO/USDT:USDT,0.9002,44.0,0.8999,199.0,0.9004,186.0,0.9005,57.0
1753592234389,04:57:14.389,phemex,AERO/USDT:USDT,0.9002,44.0,0.8999,199.0,0.9004,186.0,0.9005,57.0
1753592234398,04:57:14.398,phemex,AERO/USDT:USDT,0.9002,44.0,0.8999,199.0,0.9004,186.0,0.9005,57.0
1753592234524,04:57:14.524,phemex,AERO/USDT:USDT,0.9002,44.0,0.9,48.0,0.9004,186.0,0.9005,57.0
1753592235165,04:57:15.165,phemex,AERO/USDT:USDT,0.9002,44.0,0.9,48.0,0.9004,186.0,0.9005,57.0
1753592235168,04:57:15.168,phemex,AERO/USDT:USDT,0.9002,44.0,0.9,48.0,0.9004,186.0,0.9005,57.0
1753592239703,04:57:19.703,phemex,AERO/USDT:USDT,0.9002,118.0,0.9,48.0,0.9003,76.0,0.9004,49.0
1753592240160,04:57:20.160,phemex,AERO/USDT:USDT,0.9002,118.0,0.9,48.0,0.9003,76.0,0.9004,49.0
1753592240208,04:57:20.208,phemex,AERO/USDT:USDT,0.9002,118.0,0.9,48.0,0.9003,76.0,0.9004,49.0
1753592240326,04:57:20.326,phemex,AERO/USDT:USDT,0.9002,118.0,0.9,48.0,0.9003,76.0,0.9004,49.0
1753592244161,04:57:24.161,phemex,AERO/USDT:USDT,0.9002,118.0,0.9,48.0,0.9003,76.0,0.9004,49.0
1753592244585,04:57:24.585,phemex,AERO/USDT:USDT,0.9002,118.0,0.9,48.0,0.9003,76.0,0.9004,49.0
1753592247155,04:57:27.155,phemex,AERO/USDT:USDT,0.9002,118.0,0.9,48.0,0.9003,76.0,0.9004,49.0
1753592247160,04:57:27.160,phemex,AERO/USDT:USDT,0.9002,118.0,0.9,48.0,0.9003,76.0,0.9004,49.0
1753592250010,04:57:30.010,phemex,AERO/USDT:USDT,0.9002,118.0,0.9,48.0,0.9003,76.0,0.9004,49.0
1753592250017,04:57:30.017,phemex,AERO/USDT:USDT,0.9002,118.0,0.9,48.0,0.9003,76.0,0.9004,49.0
1753592254880,04:57:34.880,phemex,AERO/USDT:USDT,0.9002,118.0,0.9,48.0,0.9006,882.0,0.9009,583.0
1753592254908,04:57:34.908,phemex,AERO/USDT:USDT,0.9002,118.0,0.9,48.0,0.9006,50.0,0.9009,583.0
1753592254931,04:57:34.931,phemex,AERO/USDT:USDT,0.9002,118.0,0.9,48.0,0.9006,50.0,0.9008,832.0
1753592255055,04:57:35.055,phemex,AERO/USDT:USDT,0.9002,118.0,0.9,48.0,0.9006,50.0,0.9008,832.0
1753592255109,04:57:35.109,phemex,AERO/USDT:USDT,0.9003,77.0,0.9002,186.0,0.9006,50.0,0.9008,832.0
1753592255127,04:57:35.127,phemex,AERO/USDT:USDT,0.9003,77.0,0.9002,186.0,0.9006,50.0,0.9008,832.0
1753592255222,04:57:35.222,phemex,AERO/USDT:USDT,0.9003,77.0,0.9002,186.0,0.9006,50.0,0.9008,832.0
1753592255446,04:57:35.446,phemex,AERO/USDT:USDT,0.9003,77.0,0.9002,186.0,0.9006,50.0,0.9008,832.0
1753592258783,04:57:38.783,phemex,AERO/USDT:USDT,0.9003,77.0,0.9002,186.0,0.9006,50.0,0.9008,832.0
1753592259162,04:57:39.162,phemex,AERO/USDT:USDT,0.9003,77.0,0.9002,186.0,0.9006,50.0,0.9008,832.0
1753592260318,04:57:40.318,phemex,AERO/USDT:USDT,0.9003,77.0,0.9002,74.0,0.9006,50.0,0.9008,889.0
1753592260324,04:57:40.324,phemex,AERO/USDT:USDT,0.9003,77.0,0.9002,74.0,0.9006,50.0,0.9008,889.0
1753592260456,04:57:40.456,phemex,AERO/USDT:USDT,0.9003,77.0,0.9002,74.0,0.9006,50.0,0.9008,889.0
1753592260464,04:57:40.464,phemex,AERO/USDT:USDT,0.9003,77.0,0.9002,74.0,0.9006,50.0,0.9008,889.0
1753592260923,04:57:40.923,phemex,AERO/USDT:USDT,0.9003,73.0,0.9002,74.0,0.9006,50.0,0.9008,889.0
1753592262597,04:57:42.597,phemex,AERO/USDT:USDT,0.9003,73.0,0.9002,74.0,0.9006,50.0,0.9008,889.0
1753592263584,04:57:43.584,phemex,AERO/USDT:USDT,0.9003,73.0,0.9002,74.0,0.9006,50.0,0.9008,889.0
1753592268563,04:57:48.563,phemex,AERO/USDT:USDT,0.9004,58.0,0.9003,73.0,0.9006,50.0,0.9007,65.0
1753592268831,04:57:48.831,phemex,AERO/USDT:USDT,0.9004,58.0,0.9003,73.0,0.9006,50.0,0.9007,65.0
1753592268831,04:57:48.831,phemex,AERO/USDT:USDT,0.9004,58.0,0.9003,73.0,0.9006,50.0,0.9007,65.0
1753592272231,04:57:52.231,phemex,AERO/USDT:USDT,0.9004,58.0,0.9003,73.0,0.9006,50.0,0.9007,65.0
1753592272421,04:57:52.421,phemex,AERO/USDT:USDT,0.9004,58.0,0.9003,73.0,0.9006,50.0,0.9007,65.0
1753592272741,04:57:52.741,phemex,AERO/USDT:USDT,0.9003,73.0,0.9002,154.0,0.9006,129.0,0.9007,65.0
1753592272741,04:57:52.741,phemex,AERO/USDT:USDT,0.9003,73.0,0.9002,154.0,0.9006,129.0,0.9007,65.0
1753592272863,04:57:52.863,phemex,AERO/USDT:USDT,0.9003,73.0,0.9002,154.0,0.9006,129.0,0.9007,65.0
1753592273384,04:57:53.384,phemex,AERO/USDT:USDT,0.9003,73.0,0.9002,154.0,0.9006,129.0,0.9007,65.0
1753592273628,04:57:53.628,phemex,AERO/USDT:USDT,0.9002,154.0,0.8999,372.0,0.9006,129.0,0.9007,65.0
1753592273651,04:57:53.651,phemex,AERO/USDT:USDT,0.9002,154.0,0.8999,372.0,0.9006,129.0,0.9007,65.0
1753592275796,04:57:55.796,phemex,AERO/USDT:USDT,0.9002,154.0,0.8999,372.0,0.9007,132.0,0.9008,889.0
1753592277159,04:57:57.159,phemex,AERO/USDT:USDT,0.9002,154.0,0.8999,372.0,0.9007,132.0,0.9008,889.0
1753592278185,04:57:58.185,phemex,AERO/USDT:USDT,0.9002,154.0,0.8999,372.0,0.9007,132.0,0.9008,889.0
1753592278630,04:57:58.630,phemex,AERO/USDT:USDT,0.9003,82.0,0.9002,154.0,0.9007,132.0,0.9008,889.0
1753592278630,04:57:58.630,phemex,AERO/USDT:USDT,0.9003,82.0,0.9002,154.0,0.9007,132.0,0.9008,889.0
1753592279080,04:57:59.080,phemex,AERO/USDT:USDT,0.9003,62.0,0.9002,154.0,0.9007,132.0,0.9008,889.0
1753592280056,04:58:00.056,phemex,AERO/USDT:USDT,0.9003,62.0,0.9002,154.0,0.9007,132.0,0.9008,889.0
1753592280156,04:58:00.156,phemex,AERO/USDT:USDT,0.9003,62.0,0.9002,154.0,0.9007,132.0,0.9008,889.0
1753592280161,04:58:00.161,phemex,AERO/USDT:USDT,0.9003,62.0,0.9002,154.0,0.9007,132.0,0.9008,889.0
1753592281350,04:58:01.350,phemex,AERO/USDT:USDT,0.9003,62.0,0.9002,154.0,0.9004,63.0,0.9005,53.0
1753592281360,04:58:01.360,phemex,AERO/USDT:USDT,0.9003,62.0,0.9002,154.0,0.9004,63.0,0.9005,53.0
1753592282403,04:58:02.403,phemex,AERO/USDT:USDT,0.9003,62.0,0.9002,154.0,0.9005,112.0,0.9007,964.0
1753592283592,04:58:03.592,phemex,AERO/USDT:USDT,0.9003,62.0,0.9002,154.0,0.9005,112.0,0.9007,964.0
1753592283601,04:58:03.601,phemex,AERO/USDT:USDT,0.9003,62.0,0.9002,154.0,0.9005,112.0,0.9007,964.0
1753592285062,04:58:05.062,phemex,AERO/USDT:USDT,0.9001,75.0,0.9,53.0,0.9005,112.0,0.9007,964.0
1753592285091,04:58:05.091,phemex,AERO/USDT:USDT,0.9001,75.0,0.9,53.0,0.9005,112.0,0.9007,132.0
1753592285093,04:58:05.093,phemex,AERO/USDT:USDT,0.9001,75.0,0.9,53.0,0.9005,112.0,0.9007,132.0
1753592285125,04:58:05.125,phemex,AERO/USDT:USDT,0.9001,75.0,0.9,53.0,0.9005,112.0,0.9006,832.0
1753592285945,04:58:05.945,phemex,AERO/USDT:USDT,0.9001,75.0,0.9,53.0,0.9005,103.0,0.9006,832.0
1753592288185,04:58:08.185,phemex,AERO/USDT:USDT,0.9001,75.0,0.9,53.0,0.9005,103.0,0.9006,832.0
1753592288727,04:58:08.727,phemex,AERO/USDT:USDT,0.9001,75.0,0.9,53.0,0.9003,75.0,0.9005,183.0
1753592288756,04:58:08.756,phemex,AERO/USDT:USDT,0.9001,75.0,0.9,53.0,0.9003,75.0,0.9005,183.0
1753592288805,04:58:08.805,phemex,AERO/USDT:USDT,0.9001,75.0,0.9,53.0,0.9005,59.0,0.9006,832.0
1753592288854,04:58:08.854,phemex,AERO/USDT:USDT,0.9001,75.0,0.9,53.0,0.9005,59.0,0.9006,832.0
1753592288885,04:58:08.885,phemex,AERO/USDT:USDT,0.9001,75.0,0.9,53.0,0.9005,59.0,0.9006,832.0
1753592293004,04:58:13.004,phemex,AERO/USDT:USDT,0.9001,75.0,0.9,53.0,0.9005,59.0,0.9006,832.0
1753592293038,04:58:13.038,phemex,AERO/USDT:USDT,0.9001,75.0,0.9,53.0,0.9005,59.0,0.9006,832.0
1753592293162,04:58:13.162,phemex,AERO/USDT:USDT,0.9001,75.0,0.9,53.0,0.9005,59.0,0.9006,832.0
1753592293174,04:58:13.174,phemex,AERO/USDT:USDT,0.9001,75.0,0.9,53.0,0.9005,59.0,0.9006,832.0
1753592295019,04:58:15.019,phemex,AERO/USDT:USDT,0.9003,71.0,0.9002,76.0,0.9004,69.0,0.9005,113.0
1753592295044,04:58:15.044,phemex,AERO/USDT:USDT,0.9003,71.0,0.9002,76.0,0.9004,69.0,0.9005,113.0
1753592295051,04:58:15.051,phemex,AERO/USDT:USDT,0.9003,71.0,0.9002,76.0,0.9004,69.0,0.9005,113.0
1753592295420,04:58:15.420,phemex,AERO/USDT:USDT,0.9003,71.0,0.9002,76.0,0.9004,64.0,0.9005,113.0
1753592297784,04:58:17.784,phemex,AERO/USDT:USDT,0.9003,71.0,0.9002,76.0,0.9004,64.0,0.9005,113.0
1753592301351,04:58:21.351,phemex,AERO/USDT:USDT,0.9003,71.0,0.9002,76.0,0.9004,64.0,0.9005,113.0
1753592304380,04:58:24.380,phemex,AERO/USDT:USDT,0.9003,71.0,0.9002,76.0,0.9004,64.0,0.9005,113.0
1753592314198,04:58:34.198,phemex,AERO/USDT:USDT,0.9003,71.0,0.9002,76.0,0.9004,64.0,0.9005,113.0
1753592317978,04:58:37.978,phemex,AERO/USDT:USDT,0.9003,71.0,0.9002,76.0,0.9004,64.0,0.9005,113.0
1753592317985,04:58:37.985,phemex,AERO/USDT:USDT,0.9003,71.0,0.9002,76.0,0.9004,64.0,0.9005,113.0
1753592318127,04:58:38.127,phemex,AERO/USDT:USDT,0.9003,71.0,0.9002,76.0,0.9004,64.0,0.9005,113.0
1753592318146,04:58:38.146,phemex,AERO/USDT:USDT,0.9003,71.0,0.9002,76.0,0.9004,64.0,0.9005,113.0
1753592318203,04:58:38.203,phemex,AERO/USDT:USDT,0.9003,71.0,0.9002,76.0,0.9013,406.0,0.9015,720.0
1753592318227,04:58:38.227,phemex,AERO/USDT:USDT,0.9004,50.0,0.9003,71.0,0.9013,406.0,0.9015,720.0
1753592318295,04:58:38.295,phemex,AERO/USDT:USDT,0.9004,50.0,0.9003,71.0,0.9013,406.0,0.9015,720.0
1753592318340,04:58:38.340,phemex,AERO/USDT:USDT,0.9004,50.0,0.9003,71.0,0.9013,406.0,0.9015,720.0
1753592318441,04:58:38.441,phemex,AERO/USDT:USDT,0.9004,50.0,0.9003,71.0,0.9013,406.0,0.9015,720.0
1753592319114,04:58:39.114,phemex,AERO/USDT:USDT,0.9004,50.0,0.9003,71.0,0.9013,406.0,0.9015,720.0
1753592319255,04:58:39.255,phemex,AERO/USDT:USDT,0.9004,50.0,0.9003,71.0,0.9013,406.0,0.9015,720.0
1753592322014,04:58:42.014,phemex,AERO/USDT:USDT,0.9004,50.0,0.9003,71.0,0.9013,406.0,0.9015,720.0
1753592322778,04:58:42.778,phemex,AERO/USDT:USDT,0.9004,50.0,0.9003,71.0,0.9013,406.0,0.9015,720.0
1753592323143,04:58:43.143,phemex,AERO/USDT:USDT,0.9004,50.0,0.9003,71.0,0.9013,406.0,0.9015,720.0
1753592323565,04:58:43.565,phemex,AERO/USDT:USDT,0.9007,111.0,0.9004,111.0,0.9012,245.0,0.9013,1238.0
1753592326220,04:58:46.220,phemex,AERO/USDT:USDT,0.9007,101.0,0.9004,111.0,0.9012,245.0,0.9013,1238.0
1753592327552,04:58:47.552,phemex,AERO/USDT:USDT,0.9007,101.0,0.9004,111.0,0.9012,245.0,0.9013,1238.0
1753592327585,04:58:47.585,phemex,AERO/USDT:USDT,0.9007,101.0,0.9004,111.0,0.9012,245.0,0.9013,1238.0
1753592329822,04:58:49.822,phemex,AERO/USDT:USDT,0.9007,101.0,0.9005,120.0,0.9011,103.0,0.9013,1238.0
1753592331161,04:58:51.161,phemex,AERO/USDT:USDT,0.9007,101.0,0.9005,120.0,0.9011,103.0,0.9013,1238.0
1753592331740,04:58:51.740,phemex,AERO/USDT:USDT,0.9007,101.0,0.9005,120.0,0.9011,103.0,0.9013,1238.0
1753592331757,04:58:51.757,phemex,AERO/USDT:USDT,0.9007,101.0,0.9005,120.0,0.9011,103.0,0.9013,1238.0
1753592331757,04:58:51.757,phemex,AERO/USDT:USDT,0.9007,101.0,0.9005,120.0,0.9011,103.0,0.9013,1238.0
1753592334199,04:58:54.199,phemex,AERO/USDT:USDT,0.9007,101.0,0.9005,120.0,0.9011,103.0,0.9013,1238.0
1753592334210,04:58:54.210,phemex,AERO/USDT:USDT,0.9007,101.0,0.9005,120.0,0.9011,103.0,0.9013,1238.0
1753592338578,04:58:58.578,phemex,AERO/USDT:USDT,0.9007,101.0,0.9005,120.0,0.9011,103.0,0.9013,1238.0
1753592338585,04:58:58.585,phemex,AERO/USDT:USDT,0.9007,101.0,0.9005,120.0,0.9011,103.0,0.9013,1238.0
1753592339847,04:58:59.847,phemex,AERO/USDT:USDT,0.9007,101.0,0.9005,120.0,0.9011,103.0,0.9012,832.0
1753592340750,04:59:00.750,phemex,AERO/USDT:USDT,0.9008,80.0,0.9007,101.0,0.9011,177.0,0.9012,832.0
1753592340838,04:59:00.838,phemex,AERO/USDT:USDT,0.9008,80.0,0.9007,101.0,0.9011,177.0,0.9012,832.0
1753592340878,04:59:00.878,phemex,AERO/USDT:USDT,0.9008,80.0,0.9007,101.0,0.9011,177.0,0.9012,832.0
1753592343385,04:59:03.385,phemex,AERO/USDT:USDT,0.9008,80.0,0.9007,101.0,0.9011,177.0,0.9012,832.0
1753592346324,04:59:06.324,phemex,AERO/USDT:USDT,0.9008,80.0,0.9007,101.0,0.9011,177.0,0.9012,832.0
1753592348186,04:59:08.186,phemex,AERO/USDT:USDT,0.9008,80.0,0.9007,101.0,0.9011,177.0,0.9012,832.0
1753592349161,04:59:09.161,phemex,AERO/USDT:USDT,0.9008,80.0,0.9007,101.0,0.9011,177.0,0.9012,832.0
1753592349202,04:59:09.202,phemex,AERO/USDT:USDT,0.9008,80.0,0.9007,101.0,0.9011,174.0,0.9012,832.0
1753592350667,04:59:10.667,phemex,AERO/USDT:USDT,0.9007,101.0,0.9006,52.0,0.901,63.0,0.9011,96.0
1753592350736,04:59:10.736,phemex,AERO/USDT:USDT,0.9007,101.0,0.9006,52.0,0.901,63.0,0.9011,96.0
1753592355160,04:59:15.160,phemex,AERO/USDT:USDT,0.9007,101.0,0.9006,52.0,0.901,63.0,0.9011,96.0
1753592358210,04:59:18.210,phemex,AERO/USDT:USDT,0.9009,54.0,0.9007,101.0,0.901,121.0,0.9012,832.0
1753592360400,04:59:20.400,phemex,AERO/USDT:USDT,0.9009,54.0,0.9007,101.0,0.901,121.0,0.9012,832.0
1753592364418,04:59:24.418,phemex,AERO/USDT:USDT,0.9009,54.0,0.9007,101.0,0.901,121.0,0.9012,832.0
1753592368491,04:59:28.491,phemex,AERO/USDT:USDT,0.9009,54.0,0.9007,101.0,0.9011,46.0,0.9012,941.0
1753592368520,04:59:28.520,phemex,AERO/USDT:USDT,0.9009,54.0,0.9007,101.0,0.9011,46.0,0.9012,941.0
1753592368625,04:59:28.625,phemex,AERO/USDT:USDT,0.9009,54.0,0.9007,101.0,0.9011,46.0,0.9012,941.0
1753592368712,04:59:28.712,phemex,AERO/USDT:USDT,0.9009,54.0,0.9007,101.0,0.9019,551.0,0.9021,269.0
1753592368729,04:59:28.729,phemex,AERO/USDT:USDT,0.9009,54.0,0.9007,101.0,0.9018,832.0,0.9019,551.0
1753592368747,04:59:28.747,phemex,AERO/USDT:USDT,0.9009,54.0,0.9007,101.0,0.9018,832.0,0.9019,551.0
1753592368818,04:59:28.818,phemex,AERO/USDT:USDT,0.9009,54.0,0.9007,101.0,0.9018,832.0,0.9019,551.0
1753592368852,04:59:28.852,phemex,AERO/USDT:USDT,0.9009,54.0,0.9007,101.0,0.9019,551.0,0.9021,269.0
1753592368855,04:59:28.855,phemex,AERO/USDT:USDT,0.9009,54.0,0.9007,101.0,0.9019,1383.0,0.9021,269.0
1753592368989,04:59:28.989,phemex,AERO/USDT:USDT,0.9009,54.0,0.9007,101.0,0.9019,1383.0,0.9021,269.0
1753592369419,04:59:29.419,phemex,AERO/USDT:USDT,0.9009,54.0,0.9007,101.0,0.9019,1383.0,0.9021,269.0
1753592369687,04:59:29.687,phemex,AERO/USDT:USDT,0.9009,1.0,0.9007,101.0,0.9019,1383.0,0.9021,269.0
1753592370012,04:59:30.012,phemex,AERO/USDT:USDT,0.9009,1.0,0.9007,101.0,0.9019,1383.0,0.9021,269.0
1753592370019,04:59:30.019,phemex,AERO/USDT:USDT,0.9009,1.0,0.9007,101.0,0.9019,1383.0,0.9021,269.0
1753592370593,04:59:30.593,phemex,AERO/USDT:USDT,0.9009,1.0,0.9007,101.0,0.9019,1383.0,0.9021,269.0
1753592370658,04:59:30.658,phemex,AERO/USDT:USDT,0.9009,1.0,0.9007,101.0,0.9019,1383.0,0.9021,269.0
1753592372229,04:59:32.229,phemex,AERO/USDT:USDT,0.9009,1.0,0.9007,101.0,0.9019,1383.0,0.9021,269.0
1753592372703,04:59:32.703,phemex,AERO/USDT:USDT,0.9009,1.0,0.9007,101.0,0.9019,1383.0,0.9021,269.0
1753592373059,04:59:33.059,phemex,AERO/USDT:USDT,0.9009,1.0,0.9007,101.0,0.9019,1383.0,0.9021,269.0
1753592373098,04:59:33.098,phemex,AERO/USDT:USDT,0.9009,1.0,0.9007,101.0,0.9019,1383.0,0.9021,269.0
1753592373375,04:59:33.375,phemex,AERO/USDT:USDT,0.9009,1.0,0.9007,101.0,0.9019,1383.0,0.9021,269.0
1753592373711,04:59:33.711,phemex,AERO/USDT:USDT,0.9009,1.0,0.9007,101.0,0.9019,551.0,0.9021,269.0
1753592373719,04:59:33.719,phemex,AERO/USDT:USDT,0.9009,1.0,0.9007,101.0,0.9018,832.0,0.9019,551.0
1753592373787,04:59:33.787,phemex,AERO/USDT:USDT,0.9009,1.0,0.9007,101.0,0.9018,832.0,0.9019,551.0
1753592374060,04:59:34.060,phemex,AERO/USDT:USDT,0.9009,1.0,0.9007,101.0,0.9018,832.0,0.9019,551.0
1753592374112,04:59:34.112,phemex,AERO/USDT:USDT,0.9009,1.0,0.9007,101.0,0.9018,832.0,0.9019,551.0
1753592374903,04:59:34.903,phemex,AERO/USDT:USDT,0.9009,1.0,0.9007,101.0,0.9018,832.0,0.9019,551.0
1753592375107,04:59:35.107,phemex,AERO/USDT:USDT,0.9013,45.0,0.9012,64.0,0.9015,150.0,0.9016,57.0
1753592375132,04:59:35.132,phemex,AERO/USDT:USDT,0.9013,45.0,0.9012,64.0,0.9015,150.0,0.9016,57.0
1753592375327,04:59:35.327,phemex,AERO/USDT:USDT,0.9013,45.0,0.9012,64.0,0.9015,150.0,0.9016,57.0
1753592375707,04:59:35.707,phemex,AERO/USDT:USDT,0.9013,45.0,0.9012,64.0,0.9015,150.0,0.9016,57.0
1753592375764,04:59:35.764,phemex,AERO/USDT:USDT,0.9013,45.0,0.9012,64.0,0.9015,150.0,0.9016,57.0
1753592376028,04:59:36.028,phemex,AERO/USDT:USDT,0.9013,45.0,0.9012,64.0,0.9015,150.0,0.9016,57.0
1753592376339,04:59:36.339,phemex,AERO/USDT:USDT,0.9013,45.0,0.9012,64.0,0.9015,144.0,0.9016,57.0
1753592376995,04:59:36.995,phemex,AERO/USDT:USDT,0.9013,45.0,0.9012,64.0,0.9015,144.0,0.9016,57.0
1753592377413,04:59:37.413,phemex,AERO/USDT:USDT,0.9013,45.0,0.9012,64.0,0.9015,144.0,0.9016,889.0
1753592377508,04:59:37.508,phemex,AERO/USDT:USDT,0.9013,45.0,0.9012,64.0,0.9015,144.0,0.9016,889.0
1753592377533,04:59:37.533,phemex,AERO/USDT:USDT,0.9013,45.0,0.9012,64.0,0.9015,144.0,0.9016,889.0
1753592377966,04:59:37.966,phemex,AERO/USDT:USDT,0.9013,45.0,0.9012,64.0,0.9015,144.0,0.9016,889.0
1753592377967,04:59:37.967,phemex,AERO/USDT:USDT,0.901,49.0,0.9008,73.0,0.9015,144.0,0.9016,889.0
1753592378042,04:59:38.042,phemex,AERO/USDT:USDT,0.901,49.0,0.9008,73.0,0.9015,144.0,0.9016,889.0
1753592378581,04:59:38.581,phemex,AERO/USDT:USDT,0.901,49.0,0.9008,73.0,0.9015,144.0,0.9016,889.0
1753592378588,04:59:38.588,phemex,AERO/USDT:USDT,0.901,49.0,0.9008,73.0,0.9015,144.0,0.9016,889.0
1753592379863,04:59:39.863,phemex,AERO/USDT:USDT,0.901,49.0,0.9008,73.0,0.9015,144.0,0.9016,889.0
1753592380022,04:59:40.022,phemex,AERO/USDT:USDT,0.901,49.0,0.9008,73.0,0.9015,144.0,0.9016,889.0
1753592380882,04:59:40.882,phemex,AERO/USDT:USDT,0.901,49.0,0.9008,73.0,0.9015,144.0,0.9016,889.0
1753592381772,04:59:41.772,phemex,AERO/USDT:USDT,0.901,49.0,0.9008,73.0,0.9015,144.0,0.9016,889.0
1753592383869,04:59:43.869,phemex,AERO/USDT:USDT,0.901,49.0,0.9008,73.0,0.9015,144.0,0.9016,889.0
1753592385672,04:59:45.672,phemex,AERO/USDT:USDT,0.901,49.0,0.9008,73.0,0.9015,144.0,0.9016,57.0
1753592385674,04:59:45.674,phemex,AERO/USDT:USDT,0.901,49.0,0.9008,73.0,0.9015,144.0,0.9016,57.0
1753592385879,04:59:45.879,phemex,AERO/USDT:USDT,0.901,49.0,0.9008,73.0,0.9015,144.0,0.9016,57.0
1753592385928,04:59:45.928,phemex,AERO/USDT:USDT,0.901,49.0,0.9008,73.0,0.9015,144.0,0.9016,57.0
1753592385985,04:59:45.985,phemex,AERO/USDT:USDT,0.9008,73.0,0.9007,647.0,0.9015,144.0,0.9016,57.0
1753592386011,04:59:46.011,phemex,AERO/USDT:USDT,0.9008,73.0,0.9007,647.0,0.9015,144.0,0.9016,57.0
1753592386016,04:59:46.016,phemex,AERO/USDT:USDT,0.9008,73.0,0.9007,647.0,0.9015,144.0,0.9016,57.0
1753592389588,04:59:49.588,phemex,AERO/USDT:USDT,0.9008,68.0,0.9007,647.0,0.9015,144.0,0.9016,57.0
1753592390186,04:59:50.186,phemex,AERO/USDT:USDT,0.9008,68.0,0.9007,647.0,0.9015,144.0,0.9016,57.0
1753592390484,04:59:50.484,phemex,AERO/USDT:USDT,0.9008,68.0,0.9007,647.0,0.9015,144.0,0.9016,57.0
1753592390716,04:59:50.716,phemex,AERO/USDT:USDT,0.9013,77.0,0.9012,53.0,0.9015,144.0,0.9016,57.0
1753592390732,04:59:50.732,phemex,AERO/USDT:USDT,0.9013,77.0,0.9012,53.0,0.9015,144.0,0.9016,57.0
1753592390737,04:59:50.737,phemex,AERO/USDT:USDT,0.9013,77.0,0.9012,53.0,0.9015,144.0,0.9016,57.0
1753592391156,04:59:51.156,phemex,AERO/USDT:USDT,0.9012,53.0,0.9011,53.0,0.9015,144.0,0.9016,57.0
1753592391156,04:59:51.156,phemex,AERO/USDT:USDT,0.9012,53.0,0.9011,53.0,0.9015,144.0,0.9016,57.0
1753592394162,04:59:54.162,phemex,AERO/USDT:USDT,0.9012,53.0,0.9011,53.0,0.9015,144.0,0.9016,57.0
1753592394988,04:59:54.988,phemex,AERO/USDT:USDT,0.9012,53.0,0.9011,53.0,0.9015,144.0,0.9016,57.0
1753592396432,04:59:56.432,phemex,AERO/USDT:USDT,0.9012,53.0,0.9011,53.0,0.9015,144.0,0.9016,57.0
1753592396468,04:59:56.468,phemex,AERO/USDT:USDT,0.9012,53.0,0.9011,53.0,0.9015,144.0,0.9016,889.0
1753592396524,04:59:56.524,phemex,AERO/USDT:USDT,0.9012,50.0,0.9011,53.0,0.9015,144.0,0.9016,889.0
1753592397577,04:59:57.577,phemex,AERO/USDT:USDT,0.9012,50.0,0.9011,53.0,0.9015,144.0,0.9016,889.0
1753592397686,04:59:57.686,phemex,AERO/USDT:USDT,0.9012,50.0,0.9011,53.0,0.9015,144.0,0.9016,889.0
1753592399658,04:59:59.658,phemex,AERO/USDT:USDT,0.9012,50.0,0.9011,53.0,0.9015,144.0,0.9016,889.0
1753592399662,04:59:59.662,phemex,AERO/USDT:USDT,0.9012,50.0,0.9011,53.0,0.9015,144.0,0.9016,889.0
1753592399786,04:59:59.786,phemex,AERO/USDT:USDT,0.9012,50.0,0.9011,53.0,0.9015,144.0,0.9016,889.0
1753592401357,05:00:01.357,phemex,AERO/USDT:USDT,0.9012,50.0,0.9011,53.0,0.9015,144.0,0.9016,889.0
1753592403161,05:00:03.161,phemex,AERO/USDT:USDT,0.9012,50.0,0.9011,53.0,0.9015,144.0,0.9016,889.0
1753592404596,05:00:04.596,phemex,AERO/USDT:USDT,0.9012,50.0,0.9011,53.0,0.9015,144.0,0.9016,889.0
1753592406161,05:00:06.161,phemex,AERO/USDT:USDT,0.9012,50.0,0.9011,53.0,0.9015,144.0,0.9016,889.0
1753592408559,05:00:08.559,phemex,AERO/USDT:USDT,0.9006,300.0,0.9004,327.0,0.9015,1033.0,0.9016,57.0
1753592408561,05:00:08.561,phemex,AERO/USDT:USDT,0.9006,300.0,0.9004,327.0,0.9015,1033.0,0.9016,57.0
1753592408568,05:00:08.568,phemex,AERO/USDT:USDT,0.9006,300.0,0.9004,327.0,0.9015,1033.0,0.9016,57.0
1753592408609,05:00:08.609,phemex,AERO/USDT:USDT,0.9006,300.0,0.9004,327.0,0.9015,1033.0,0.9016,57.0
1753592408710,05:00:08.710,phemex,AERO/USDT:USDT,0.9008,45.0,0.9006,128.0,0.9015,1033.0,0.9016,57.0
1753592408735,05:00:08.735,phemex,AERO/USDT:USDT,0.9008,126.0,0.9005,69.0,0.9014,832.0,0.9015,201.0
1753592409114,05:00:09.114,phemex,AERO/USDT:USDT,0.9008,126.0,0.9005,69.0,0.9014,832.0,0.9015,201.0
1753592409387,05:00:09.387,phemex,AERO/USDT:USDT,0.9008,126.0,0.9005,69.0,0.9014,832.0,0.9015,201.0
1753592409626,05:00:09.626,phemex,AERO/USDT:USDT,0.9005,69.0,0.9004,611.0,0.9014,832.0,0.9015,201.0
1753592409647,05:00:09.647,phemex,AERO/USDT:USDT,0.9005,69.0,0.9004,611.0,0.9014,832.0,0.9015,201.0
1753592410321,05:00:10.321,phemex,AERO/USDT:USDT,0.9005,69.0,0.9004,611.0,0.9015,1033.0,0.9016,57.0
1753592410936,05:00:10.936,phemex,AERO/USDT:USDT,0.9005,69.0,0.9004,611.0,0.9015,1033.0,0.9016,57.0
1753592414191,05:00:14.191,phemex,AERO/USDT:USDT,0.9005,69.0,0.9004,611.0,0.9015,1033.0,0.9016,57.0
1753592415165,05:00:15.165,phemex,AERO/USDT:USDT,0.9005,69.0,0.9004,611.0,0.9014,832.0,0.9015,201.0
1753592415214,05:00:15.214,phemex,AERO/USDT:USDT,0.9005,69.0,0.9004,611.0,0.9014,832.0,0.9015,201.0
1753592418362,05:00:18.362,phemex,AERO/USDT:USDT,0.9007,61.0,0.9005,134.0,0.901,78.0,0.9012,935.0
1753592418988,05:00:18.988,phemex,AERO/USDT:USDT,0.9007,61.0,0.9005,134.0,0.901,78.0,0.9012,935.0
1753592419610,05:00:19.610,phemex,AERO/USDT:USDT,0.9007,61.0,0.9005,134.0,0.901,78.0,0.9012,935.0
1753592421223,05:00:21.223,phemex,AERO/USDT:USDT,0.9007,61.0,0.9005,134.0,0.901,78.0,0.9012,935.0
1753592421224,05:00:21.224,phemex,AERO/USDT:USDT,0.9005,134.0,0.9003,602.0,0.901,78.0,0.9012,935.0
1753592421286,05:00:21.286,phemex,AERO/USDT:USDT,0.9005,134.0,0.9003,602.0,0.901,78.0,0.9012,935.0
1753592423791,05:00:23.791,phemex,AERO/USDT:USDT,0.9005,134.0,0.9003,602.0,0.901,78.0,0.9012,935.0
1753592424398,05:00:24.398,phemex,AERO/USDT:USDT,0.9005,64.0,0.9003,602.0,0.901,78.0,0.9012,935.0
1753592426499,05:00:26.499,phemex,AERO/USDT:USDT,0.9006,107.0,0.9005,64.0,0.9008,119.0,0.901,138.0
1753592426518,05:00:26.518,phemex,AERO/USDT:USDT,0.9006,107.0,0.9005,64.0,0.9008,119.0,0.901,138.0
1753592426539,05:00:26.539,phemex,AERO/USDT:USDT,0.9006,107.0,0.9005,64.0,0.9008,119.0,0.901,138.0
1753592426540,05:00:26.540,phemex,AERO/USDT:USDT,0.9006,107.0,0.9005,64.0,0.9008,119.0,0.901,138.0
1753592427142,05:00:27.142,phemex,AERO/USDT:USDT,0.9006,107.0,0.9005,64.0,0.9008,119.0,0.901,138.0
1753592427547,05:00:27.547,phemex,AERO/USDT:USDT,0.9006,107.0,0.9005,64.0,0.9011,832.0,0.9012,122.0
1753592427574,05:00:27.574,phemex,AERO/USDT:USDT,0.9006,107.0,0.9005,64.0,0.9012,954.0,0.9013,322.0
1753592428583,05:00:28.583,phemex,AERO/USDT:USDT,0.9006,107.0,0.9005,64.0,0.9012,954.0,0.9013,322.0
1753592428590,05:00:28.590,phemex,AERO/USDT:USDT,0.9006,107.0,0.9005,64.0,0.9012,954.0,0.9013,322.0
1753592429072,05:00:29.072,phemex,AERO/USDT:USDT,0.9006,107.0,0.9005,64.0,0.9011,127.0,0.9012,832.0
1753592430312,05:00:30.312,phemex,AERO/USDT:USDT,0.9006,107.0,0.9005,64.0,0.9011,127.0,0.9012,832.0
1753592430342,05:00:30.342,phemex,AERO/USDT:USDT,0.9006,107.0,0.9005,64.0,0.9011,127.0,0.9012,832.0
1753592430350,05:00:30.350,phemex,AERO/USDT:USDT,0.9006,107.0,0.9005,64.0,0.9011,127.0,0.9012,832.0
1753592430594,05:00:30.594,phemex,AERO/USDT:USDT,0.9006,98.0,0.9005,64.0,0.9011,127.0,0.9012,832.0
1753592433388,05:00:33.388,phemex,AERO/USDT:USDT,0.9006,98.0,0.9005,64.0,0.9011,127.0,0.9012,832.0
1753592434817,05:00:34.817,phemex,AERO/USDT:USDT,0.9006,98.0,0.9005,64.0,0.9011,121.0,0.9012,832.0
1753592435220,05:00:35.220,phemex,AERO/USDT:USDT,0.9007,64.0,0.9006,153.0,0.901,65.0,0.9012,956.0
1753592441510,05:00:41.510,phemex,AERO/USDT:USDT,0.9007,64.0,0.9006,153.0,0.901,65.0,0.9012,956.0
1753592442165,05:00:42.165,phemex,AERO/USDT:USDT,0.9007,64.0,0.9006,153.0,0.901,65.0,0.9012,956.0
1753592445581,05:00:45.581,phemex,AERO/USDT:USDT,0.9007,64.0,0.9006,153.0,0.901,65.0,0.9012,956.0
1753592445588,05:00:45.588,phemex,AERO/USDT:USDT,0.9007,64.0,0.9006,153.0,0.901,65.0,0.9012,956.0
1753592447232,05:00:47.232,phemex,AERO/USDT:USDT,0.9008,75.0,0.9007,64.0,0.901,65.0,0.9011,58.0
1753592447279,05:00:47.279,phemex,AERO/USDT:USDT,0.9008,75.0,0.9007,64.0,0.901,65.0,0.9011,58.0
1753592447835,05:00:47.835,phemex,AERO/USDT:USDT,0.9008,75.0,0.9007,64.0,0.901,65.0,0.9011,58.0
1753592450388,05:00:50.388,phemex,AERO/USDT:USDT,0.9008,75.0,0.9007,64.0,0.901,65.0,0.9011,58.0
1753592451161,05:00:51.161,phemex,AERO/USDT:USDT,0.9008,75.0,0.9007,64.0,0.901,65.0,0.9011,58.0
1753592451161,05:00:51.161,phemex,AERO/USDT:USDT,0.9008,75.0,0.9007,64.0,0.901,65.0,0.9011,58.0
1753592453551,05:00:53.551,phemex,AERO/USDT:USDT,0.9008,75.0,0.9007,64.0,0.901,65.0,0.9011,58.0
1753592457257,05:00:57.257,phemex,AERO/USDT:USDT,0.9008,69.0,0.9007,64.0,0.901,65.0,0.9011,58.0
1753592458581,05:00:58.581,phemex,AERO/USDT:USDT,0.9008,69.0,0.9007,64.0,0.901,65.0,0.9011,58.0
1753592473703,05:01:13.703,phemex,AERO/USDT:USDT,0.9008,69.0,0.9007,64.0,0.901,65.0,0.9011,58.0
1753592476701,05:01:16.701,phemex,AERO/USDT:USDT,0.9008,69.0,0.9007,64.0,0.901,65.0,0.9011,58.0
1753592477104,05:01:17.104,phemex,AERO/USDT:USDT,0.9008,69.0,0.9007,64.0,0.901,65.0,0.9011,58.0
1753592477184,05:01:17.184,phemex,AERO/USDT:USDT,0.9008,69.0,0.9007,64.0,0.901,65.0,0.9011,58.0
1753592477192,05:01:17.192,phemex,AERO/USDT:USDT,0.9008,69.0,0.9007,64.0,0.901,65.0,0.9011,58.0
1753592477243,05:01:17.243,phemex,AERO/USDT:USDT,0.9008,69.0,0.9007,64.0,0.901,65.0,0.9011,58.0
1753592477267,05:01:17.267,phemex,AERO/USDT:USDT,0.9008,69.0,0.9007,64.0,0.901,65.0,0.9011,58.0
1753592478631,05:01:18.631,phemex,AERO/USDT:USDT,0.9008,61.0,0.9007,64.0,0.901,65.0,0.9011,58.0
1753592478702,05:01:18.702,phemex,AERO/USDT:USDT,0.9008,61.0,0.9007,64.0,0.901,65.0,0.9011,58.0
1753592478831,05:01:18.831,phemex,AERO/USDT:USDT,0.9008,61.0,0.9007,64.0,0.9011,52.0,0.9012,124.0
1753592478842,05:01:18.842,phemex,AERO/USDT:USDT,0.9008,61.0,0.9007,64.0,0.9011,52.0,0.9012,124.0
1753592478957,05:01:18.957,phemex,AERO/USDT:USDT,0.9008,61.0,0.9007,64.0,0.9011,52.0,0.9012,124.0
1753592479013,05:01:19.013,phemex,AERO/USDT:USDT,0.9008,61.0,0.9007,64.0,0.9011,52.0,0.9012,124.0
1753592479020,05:01:19.020,phemex,AERO/USDT:USDT,0.9008,61.0,0.9007,64.0,0.9011,52.0,0.9012,124.0
1753592481982,05:01:21.982,phemex,AERO/USDT:USDT,0.9008,61.0,0.9007,64.0,0.9011,52.0,0.9012,124.0
1753592481988,05:01:21.988,phemex,AERO/USDT:USDT,0.9008,61.0,0.9007,64.0,0.9011,52.0,0.9012,124.0
1753592482412,05:01:22.412,phemex,AERO/USDT:USDT,0.901,82.0,0.9008,61.0,0.9011,52.0,0.9012,124.0
1753592482429,05:01:22.429,phemex,AERO/USDT:USDT,0.901,82.0,0.9008,61.0,0.9011,52.0,0.9012,124.0
1753592482496,05:01:22.496,phemex,AERO/USDT:USDT,0.901,82.0,0.9008,61.0,0.9013,50.0,0.9014,74.0
1753592482512,05:01:22.512,phemex,AERO/USDT:USDT,0.901,82.0,0.9008,61.0,0.9013,50.0,0.9014,74.0
1753592482640,05:01:22.640,phemex,AERO/USDT:USDT,0.901,82.0,0.9008,61.0,0.9013,50.0,0.9014,74.0
1753592482654,05:01:22.654,phemex,AERO/USDT:USDT,0.901,82.0,0.9008,61.0,0.9013,50.0,0.9014,74.0
1753592483701,05:01:23.701,phemex,AERO/USDT:USDT,0.901,82.0,0.9008,61.0,0.9013,50.0,0.9014,74.0
1753592483707,05:01:23.707,phemex,AERO/USDT:USDT,0.901,82.0,0.9008,61.0,0.9013,50.0,0.9014,74.0
1753592485677,05:01:25.677,phemex,AERO/USDT:USDT,0.901,82.0,0.9008,61.0,0.9013,50.0,0.9014,74.0
1753592485751,05:01:25.751,phemex,AERO/USDT:USDT,0.901,82.0,0.9008,61.0,0.9013,50.0,0.9014,74.0
1753592486789,05:01:26.789,phemex,AERO/USDT:USDT,0.901,82.0,0.9008,61.0,0.9013,50.0,0.9014,74.0
1753592486994,05:01:26.994,phemex,AERO/USDT:USDT,0.901,82.0,0.9008,61.0,0.9013,50.0,0.9014,74.0
1753592487030,05:01:27.030,phemex,AERO/USDT:USDT,0.901,82.0,0.9008,61.0,0.9013,50.0,0.9014,74.0
1753592487746,05:01:27.746,phemex,AERO/USDT:USDT,0.9011,46.0,0.901,82.0,0.9013,50.0,0.9014,74.0
1753592488159,05:01:28.159,phemex,AERO/USDT:USDT,0.9011,42.0,0.901,82.0,0.9013,50.0,0.9014,74.0
1753592490049,05:01:30.049,phemex,AERO/USDT:USDT,0.9011,42.0,0.901,82.0,0.9013,50.0,0.9014,74.0
1753592491593,05:01:31.593,phemex,AERO/USDT:USDT,0.9011,42.0,0.901,82.0,0.9013,50.0,0.9014,74.0
1753592491742,05:01:31.742,phemex,AERO/USDT:USDT,0.9011,42.0,0.901,82.0,0.9013,50.0,0.9014,74.0
1753592492291,05:01:32.291,phemex,AERO/USDT:USDT,0.9011,42.0,0.901,82.0,0.9014,74.0,0.9016,200.0
1753592492300,05:01:32.300,phemex,AERO/USDT:USDT,0.9011,42.0,0.901,82.0,0.9014,74.0,0.9016,200.0
1753592492311,05:01:32.311,phemex,AERO/USDT:USDT,0.9011,42.0,0.901,82.0,0.9014,74.0,0.9016,200.0
1753592492910,05:01:32.910,phemex,AERO/USDT:USDT,0.9012,129.0,0.9011,62.0,0.9014,74.0,0.9016,200.0
1753592492935,05:01:32.935,phemex,AERO/USDT:USDT,0.9012,129.0,0.9011,62.0,0.9014,74.0,0.9016,200.0
1753592492941,05:01:32.941,phemex,AERO/USDT:USDT,0.9012,129.0,0.9011,62.0,0.9014,74.0,0.9016,200.0
1753592493253,05:01:33.253,phemex,AERO/USDT:USDT,0.9012,129.0,0.9011,62.0,0.9014,74.0,0.9016,200.0
1753592496015,05:01:36.015,phemex,AERO/USDT:USDT,0.9012,129.0,0.9011,62.0,0.9014,74.0,0.9016,200.0
1753592496133,05:01:36.133,phemex,AERO/USDT:USDT,0.9012,129.0,0.9011,62.0,0.9014,71.0,0.9016,200.0
1753592496162,05:01:36.162,phemex,AERO/USDT:USDT,0.9012,129.0,0.9011,62.0,0.9014,71.0,0.9016,200.0
1753592496389,05:01:36.389,phemex,AERO/USDT:USDT,0.9012,129.0,0.9011,62.0,0.9014,71.0,0.9016,200.0
1753592496760,05:01:36.760,phemex,AERO/USDT:USDT,0.9012,129.0,0.9011,62.0,0.9014,71.0,0.9016,200.0
1753592496770,05:01:36.770,phemex,AERO/USDT:USDT,0.9012,129.0,0.9011,62.0,0.9014,71.0,0.9016,200.0
1753592497960,05:01:37.960,phemex,AERO/USDT:USDT,0.9012,129.0,0.9011,62.0,0.9014,71.0,0.9016,200.0
1753592498469,05:01:38.469,phemex,AERO/USDT:USDT,0.9012,129.0,0.9011,62.0,0.9014,71.0,0.9016,200.0
1753592499308,05:01:39.308,phemex,AERO/USDT:USDT,0.9012,129.0,0.9011,62.0,0.9014,71.0,0.9016,200.0
1753592499512,05:01:39.512,phemex,AERO/USDT:USDT,0.9012,129.0,0.9011,62.0,0.9016,216.0,0.9017,832.0
1753592499540,05:01:39.540,phemex,AERO/USDT:USDT,0.9012,129.0,0.9011,62.0,0.9016,216.0,0.9017,832.0
1753592499563,05:01:39.563,phemex,AERO/USDT:USDT,0.9012,129.0,0.9011,62.0,0.9016,216.0,0.9017,832.0
1753592501181,05:01:41.181,phemex,AERO/USDT:USDT,0.9012,129.0,0.9011,62.0,0.9016,216.0,0.9017,832.0
1753592501189,05:01:41.189,phemex,AERO/USDT:USDT,0.9012,129.0,0.9011,62.0,0.9016,216.0,0.9017,832.0
1753592504633,05:01:44.633,phemex,AERO/USDT:USDT,0.9014,66.0,0.9012,129.0,0.9015,66.0,0.9016,77.0
1753592506378,05:01:46.378,phemex,AERO/USDT:USDT,0.9014,66.0,0.9012,129.0,0.9018,69.0,0.902,4343.0
1753592506385,05:01:46.385,phemex,AERO/USDT:USDT,0.9014,66.0,0.9012,129.0,0.9018,69.0,0.902,882.0
1753592506396,05:01:46.396,phemex,AERO/USDT:USDT,0.9014,66.0,0.9012,129.0,0.9018,69.0,0.9019,832.0
1753592506483,05:01:46.483,phemex,AERO/USDT:USDT,0.9014,66.0,0.9012,129.0,0.9018,69.0,0.9019,832.0
1753592508094,05:01:48.094,phemex,AERO/USDT:USDT,0.9014,66.0,0.9012,129.0,0.9018,69.0,0.9019,832.0
1753592508237,05:01:48.237,phemex,AERO/USDT:USDT,0.9014,66.0,0.9012,129.0,0.9018,69.0,0.9019,832.0
1753592508283,05:01:48.283,phemex,AERO/USDT:USDT,0.9014,66.0,0.9012,129.0,0.9018,69.0,0.9019,832.0
1753592508299,05:01:48.299,phemex,AERO/USDT:USDT,0.9014,66.0,0.9012,129.0,0.9018,69.0,0.9019,832.0
1753592509089,05:01:49.089,phemex,AERO/USDT:USDT,0.9014,66.0,0.9012,129.0,0.9018,69.0,0.9019,832.0
1753592509135,05:01:49.135,phemex,AERO/USDT:USDT,0.9014,66.0,0.9012,129.0,0.9018,69.0,0.9019,832.0
1753592509330,05:01:49.330,phemex,AERO/USDT:USDT,0.9014,66.0,0.9012,129.0,0.9018,69.0,0.9019,832.0
1753592509631,05:01:49.631,phemex,AERO/USDT:USDT,0.9014,66.0,0.9012,129.0,0.9018,69.0,0.902,882.0
1753592509655,05:01:49.655,phemex,AERO/USDT:USDT,0.9014,66.0,0.9012,129.0,0.9018,901.0,0.902,882.0
1753592509718,05:01:49.718,phemex,AERO/USDT:USDT,0.9014,66.0,0.9012,129.0,0.9018,901.0,0.902,882.0
1753592509829,05:01:49.829,phemex,AERO/USDT:USDT,0.9014,66.0,0.9012,129.0,0.9018,901.0,0.902,882.0
1753592510637,05:01:50.637,phemex,AERO/USDT:USDT,0.9012,80.0,0.9011,62.0,0.9018,901.0,0.902,882.0
1753592510665,05:01:50.665,phemex,AERO/USDT:USDT,0.9012,80.0,0.9011,212.0,0.9018,901.0,0.902,882.0
1753592511019,05:01:51.019,phemex,AERO/USDT:USDT,0.9012,80.0,0.9011,212.0,0.9018,901.0,0.902,882.0
1753592511071,05:01:51.071,phemex,AERO/USDT:USDT,0.9012,80.0,0.9011,212.0,0.9018,901.0,0.902,882.0
1753592511182,05:01:51.182,phemex,AERO/USDT:USDT,0.9012,80.0,0.9011,212.0,0.9018,901.0,0.902,882.0
1753592511377,05:01:51.377,phemex,AERO/USDT:USDT,0.9011,70.0,0.9008,51.0,0.9015,76.0,0.9016,179.0
1753592511420,05:01:51.420,phemex,AERO/USDT:USDT,0.9011,70.0,0.9008,51.0,0.9015,76.0,0.9016,179.0
1753592511463,05:01:51.463,phemex,AERO/USDT:USDT,0.9011,70.0,0.9008,51.0,0.9015,76.0,0.9016,179.0
1753592511551,05:01:51.551,phemex,AERO/USDT:USDT,0.9011,70.0,0.9008,51.0,0.9015,36.0,0.9016,179.0
1753592511721,05:01:51.721,phemex,AERO/USDT:USDT,0.9008,51.0,0.9006,55.0,0.9015,36.0,0.9016,179.0
1753592511975,05:01:51.975,phemex,AERO/USDT:USDT,0.9008,51.0,0.9006,55.0,0.9015,54.0,0.9016,44.0
1753592511975,05:01:51.975,phemex,AERO/USDT:USDT,0.9008,51.0,0.9006,55.0,0.9015,54.0,0.9016,44.0
1753592515786,05:01:55.786,phemex,AERO/USDT:USDT,0.9008,51.0,0.9006,55.0,0.9015,54.0,0.9016,44.0
1753592515802,05:01:55.802,phemex,AERO/USDT:USDT,0.9008,51.0,0.9006,55.0,0.9015,54.0,0.9016,44.0
1753592516852,05:01:56.852,phemex,AERO/USDT:USDT,0.9008,111.0,0.9006,55.0,0.9015,54.0,0.9016,44.0
1753592516853,05:01:56.853,phemex,AERO/USDT:USDT,0.901,61.0,0.9008,111.0,0.9015,54.0,0.9016,44.0
1753592516907,05:01:56.907,phemex,AERO/USDT:USDT,0.901,61.0,0.9008,111.0,0.9015,54.0,0.9016,44.0
1753592516912,05:01:56.912,phemex,AERO/USDT:USDT,0.901,61.0,0.9008,111.0,0.9015,54.0,0.9016,44.0
1753592518101,05:01:58.101,phemex,AERO/USDT:USDT,0.901,61.0,0.9008,111.0,0.9015,5.0,0.9016,44.0
1753592518232,05:01:58.232,phemex,AERO/USDT:USDT,0.901,61.0,0.9008,111.0,0.9011,253.0,0.9015,355.0
1753592518500,05:01:58.500,phemex,AERO/USDT:USDT,0.901,61.0,0.9008,111.0,0.9012,46.0,0.9015,102.0
1753592518867,05:01:58.867,phemex,AERO/USDT:USDT,0.901,61.0,0.9008,111.0,0.9018,59.0,0.9021,198.0
1753592518880,05:01:58.880,phemex,AERO/USDT:USDT,0.901,61.0,0.9008,111.0,0.9018,59.0,0.9021,198.0
1753592518998,05:01:58.998,phemex,AERO/USDT:USDT,0.901,61.0,0.9008,111.0,0.9018,59.0,0.9021,198.0
1753592519011,05:01:59.011,phemex,AERO/USDT:USDT,0.901,61.0,0.9008,111.0,0.9018,59.0,0.9021,198.0
1753592519075,05:01:59.075,phemex,AERO/USDT:USDT,0.901,61.0,0.9008,111.0,0.9018,59.0,0.9021,198.0
1753592519107,05:01:59.107,phemex,AERO/USDT:USDT,0.901,61.0,0.9008,111.0,0.9018,59.0,0.9021,198.0
1753592519115,05:01:59.115,phemex,AERO/USDT:USDT,0.901,61.0,0.9008,111.0,0.9018,59.0,0.9021,198.0
1753592519153,05:01:59.153,phemex,AERO/USDT:USDT,0.901,61.0,0.9008,111.0,0.9018,59.0,0.9021,198.0
1753592519354,05:01:59.354,phemex,AERO/USDT:USDT,0.901,61.0,0.9008,111.0,0.9018,59.0,0.9021,198.0
1753592519360,05:01:59.360,phemex,AERO/USDT:USDT,0.901,61.0,0.9008,111.0,0.9018,59.0,0.9021,198.0
1753592520018,05:02:00.018,phemex,AERO/USDT:USDT,0.901,61.0,0.9008,111.0,0.9018,59.0,0.9021,198.0
1753592520266,05:02:00.266,phemex,AERO/USDT:USDT,0.901,61.0,0.9008,111.0,0.9018,59.0,0.9021,198.0
1753592520655,05:02:00.655,phemex,AERO/USDT:USDT,0.901,61.0,0.9008,111.0,0.9018,59.0,0.9021,198.0
1753592520660,05:02:00.660,phemex,AERO/USDT:USDT,0.901,61.0,0.9008,111.0,0.9018,59.0,0.9021,198.0
1753592520702,05:02:00.702,phemex,AERO/USDT:USDT,0.901,61.0,0.9008,111.0,0.9018,59.0,0.9021,198.0
1753592520721,05:02:00.721,phemex,AERO/USDT:USDT,0.901,61.0,0.9008,111.0,0.9018,59.0,0.9021,198.0
1753592520726,05:02:00.726,phemex,AERO/USDT:USDT,0.901,61.0,0.9008,111.0,0.9018,59.0,0.9021,198.0
1753592521409,05:02:01.409,phemex,AERO/USDT:USDT,0.901,61.0,0.9008,111.0,0.9021,198.0,0.9024,272.0
1753592521457,05:02:01.457,phemex,AERO/USDT:USDT,0.901,61.0,0.9008,111.0,0.9021,198.0,0.9024,272.0
1753592521903,05:02:01.903,phemex,AERO/USDT:USDT,0.9008,270.0,0.9007,579.0,0.9021,198.0,0.9024,272.0
1753592521988,05:02:01.988,phemex,AERO/USDT:USDT,0.9008,270.0,0.9007,579.0,0.9021,198.0,0.9024,272.0
1753592522126,05:02:02.126,phemex,AERO/USDT:USDT,0.9008,270.0,0.9007,579.0,0.9021,198.0,0.9024,272.0
1753592522147,05:02:02.147,phemex,AERO/USDT:USDT,0.9008,270.0,0.9007,579.0,0.9021,198.0,0.9024,272.0
1753592522236,05:02:02.236,phemex,AERO/USDT:USDT,0.9012,82.0,0.901,110.0,0.9021,198.0,0.9024,272.0
1753592522327,05:02:02.327,phemex,AERO/USDT:USDT,0.9012,82.0,0.901,110.0,0.9021,198.0,0.9024,272.0
1753592524482,05:02:04.482,phemex,AERO/USDT:USDT,0.9012,82.0,0.901,110.0,0.9021,198.0,0.9024,272.0
1753592524618,05:02:04.618,phemex,AERO/USDT:USDT,0.9012,82.0,0.901,110.0,0.9021,198.0,0.9024,272.0
1753592525248,05:02:05.248,phemex,AERO/USDT:USDT,0.9012,82.0,0.901,110.0,0.9017,53.0,0.9021,198.0
1753592525255,05:02:05.255,phemex,AERO/USDT:USDT,0.9012,82.0,0.901,110.0,0.9015,149.0,0.9016,57.0
1753592525261,05:02:05.261,phemex,AERO/USDT:USDT,0.9012,82.0,0.901,110.0,0.9015,149.0,0.9016,57.0
1753592525282,05:02:05.282,phemex,AERO/USDT:USDT,0.9012,82.0,0.901,110.0,0.9015,149.0,0.9016,57.0
1753592525866,05:02:05.866,phemex,AERO/USDT:USDT,0.9012,82.0,0.901,110.0,0.9015,149.0,0.9016,57.0
1753592526050,05:02:06.050,phemex,AERO/USDT:USDT,0.9012,82.0,0.901,110.0,0.9016,57.0,0.9017,53.0
1753592526148,05:02:06.148,phemex,AERO/USDT:USDT,0.9012,82.0,0.901,110.0,0.9016,57.0,0.9017,53.0
1753592526228,05:02:06.228,phemex,AERO/USDT:USDT,0.9012,82.0,0.901,110.0,0.9016,57.0,0.9017,53.0
1753592526624,05:02:06.624,phemex,AERO/USDT:USDT,0.9012,82.0,0.901,110.0,0.9016,57.0,0.9017,53.0
1753592527256,05:02:07.256,phemex,AERO/USDT:USDT,0.9012,82.0,0.901,110.0,0.9016,57.0,0.9017,53.0
1753592527267,05:02:07.267,phemex,AERO/USDT:USDT,0.9012,82.0,0.901,110.0,0.9016,57.0,0.9017,53.0
1753592528096,05:02:08.096,phemex,AERO/USDT:USDT,0.9012,82.0,0.901,110.0,0.9016,57.0,0.9017,53.0
1753592528146,05:02:08.146,phemex,AERO/USDT:USDT,0.9012,82.0,0.9011,60.0,0.9016,57.0,0.9017,53.0
1753592528146,05:02:08.146,phemex,AERO/USDT:USDT,0.9012,82.0,0.9011,60.0,0.9016,57.0,0.9017,53.0
1753592528395,05:02:08.395,phemex,AERO/USDT:USDT,0.9012,82.0,0.9011,60.0,0.9016,57.0,0.9017,53.0
1753592528617,05:02:08.617,phemex,AERO/USDT:USDT,0.9011,60.0,0.901,110.0,0.9016,57.0,0.9017,53.0
1753592529075,05:02:09.075,phemex,AERO/USDT:USDT,0.9011,60.0,0.901,110.0,0.9024,365.0,0.9025,385.0
1753592529608,05:02:09.608,phemex,AERO/USDT:USDT,0.9011,60.0,0.901,110.0,0.9024,365.0,0.9025,385.0
1753592529709,05:02:09.709,phemex,AERO/USDT:USDT,0.9011,60.0,0.901,110.0,0.9024,365.0,0.9025,385.0
1753592529923,05:02:09.923,phemex,AERO/USDT:USDT,0.901,110.0,0.9008,270.0,0.9024,365.0,0.9025,385.0
1753592531596,05:02:11.596,phemex,AERO/USDT:USDT,0.901,110.0,0.9008,270.0,0.9024,365.0,0.9025,385.0
1753592532645,05:02:12.645,phemex,AERO/USDT:USDT,0.901,110.0,0.9008,270.0,0.9024,365.0,0.9025,385.0
1753592533568,05:02:13.568,phemex,AERO/USDT:USDT,0.9013,183.0,0.9011,69.0,0.9024,365.0,0.9025,385.0
1753592533568,05:02:13.568,phemex,AERO/USDT:USDT,0.9013,183.0,0.9011,69.0,0.9024,365.0,0.9025,385.0
1753592534400,05:02:14.400,phemex,AERO/USDT:USDT,0.9013,183.0,0.9011,69.0,0.9015,136.0,0.9016,63.0
1753592534415,05:02:14.415,phemex,AERO/USDT:USDT,0.9013,183.0,0.9011,69.0,0.9015,136.0,0.9016,63.0
1753592536389,05:02:16.389,phemex,AERO/USDT:USDT,0.9013,183.0,0.9011,69.0,0.9015,136.0,0.9016,63.0
1753592536727,05:02:16.727,phemex,AERO/USDT:USDT,0.9013,183.0,0.9011,69.0,0.9018,66.0,0.9019,74.0
1753592536757,05:02:16.757,phemex,AERO/USDT:USDT,0.9013,183.0,0.9011,69.0,0.9018,66.0,0.9019,74.0
1753592536883,05:02:16.883,phemex,AERO/USDT:USDT,0.9013,183.0,0.9011,69.0,0.9018,66.0,0.9019,74.0
1753592538023,05:02:18.023,phemex,AERO/USDT:USDT,0.9013,183.0,0.9011,69.0,0.9018,66.0,0.9019,74.0
1753592538059,05:02:18.059,phemex,AERO/USDT:USDT,0.9013,183.0,0.9011,69.0,0.9018,66.0,0.9019,74.0
1753592538970,05:02:18.970,phemex,AERO/USDT:USDT,0.9013,183.0,0.9011,69.0,0.9019,74.0,0.902,832.0
1753592539942,05:02:19.942,phemex,AERO/USDT:USDT,0.9013,183.0,0.9011,69.0,0.902,832.0,0.9021,324.0
1753592539964,05:02:19.964,phemex,AERO/USDT:USDT,0.9013,183.0,0.9011,69.0,0.902,832.0,0.9021,324.0
1753592540987,05:02:20.987,phemex,AERO/USDT:USDT,0.9013,65.0,0.9012,51.0,0.9022,78.0,0.9023,1075.0
1753592540990,05:02:20.990,phemex,AERO/USDT:USDT,0.9013,65.0,0.9012,51.0,0.9022,78.0,0.9023,1075.0
1753592541006,05:02:21.006,phemex,AERO/USDT:USDT,0.9013,65.0,0.9012,51.0,0.9022,78.0,0.9023,1075.0
1753592541090,05:02:21.090,phemex,AERO/USDT:USDT,0.9013,65.0,0.9012,51.0,0.9022,78.0,0.9023,1075.0
1753592541191,05:02:21.191,phemex,AERO/USDT:USDT,0.9013,65.0,0.9012,51.0,0.9022,78.0,0.9023,1075.0
1753592541250,05:02:21.250,phemex,AERO/USDT:USDT,0.9013,65.0,0.9012,51.0,0.9022,78.0,0.9023,1075.0
1753592541505,05:02:21.505,phemex,AERO/USDT:USDT,0.9013,65.0,0.9012,51.0,0.9022,78.0,0.9023,1075.0
1753592541656,05:02:21.656,phemex,AERO/USDT:USDT,0.9013,65.0,0.9012,51.0,0.9022,78.0,0.9023,1075.0
1753592542011,05:02:22.011,phemex,AERO/USDT:USDT,0.9013,65.0,0.9012,51.0,0.9022,78.0,0.9023,1075.0
1753592542044,05:02:22.044,phemex,AERO/USDT:USDT,0.9013,65.0,0.9012,51.0,0.9022,78.0,0.9023,1075.0
1753592544019,05:02:24.019,phemex,AERO/USDT:USDT,0.9013,65.0,0.9012,51.0,0.9023,1075.0,0.9026,1185.0
1753592545994,05:02:25.994,phemex,AERO/USDT:USDT,0.9013,65.0,0.9012,51.0,0.9023,1075.0,0.9026,1185.0
1753592546446,05:02:26.446,phemex,AERO/USDT:USDT,0.9015,79.0,0.9011,542.0,0.9019,132.0,0.9022,155.0
1753592546460,05:02:26.460,phemex,AERO/USDT:USDT,0.9015,79.0,0.9011,542.0,0.9019,132.0,0.9022,987.0
1753592550783,05:02:30.783,phemex,AERO/USDT:USDT,0.9015,79.0,0.9011,542.0,0.9019,132.0,0.9022,987.0
1753592550791,05:02:30.791,phemex,AERO/USDT:USDT,0.9015,79.0,0.9011,542.0,0.9019,132.0,0.9022,987.0
1753592552762,05:02:32.762,phemex,AERO/USDT:USDT,0.9015,79.0,0.9013,110.0,0.9019,132.0,0.902,71.0
1753592552770,05:02:32.770,phemex,AERO/USDT:USDT,0.9015,79.0,0.9014,63.0,0.9019,132.0,0.902,71.0
1753592553847,05:02:33.847,phemex,AERO/USDT:USDT,0.9014,63.0,0.9013,110.0,0.9019,132.0,0.902,71.0
1753592555590,05:02:35.590,phemex,AERO/USDT:USDT,0.9014,63.0,0.9013,110.0,0.9019,132.0,0.902,71.0
1753592556165,05:02:36.165,phemex,AERO/USDT:USDT,0.9014,63.0,0.9013,110.0,0.9019,964.0,0.902,71.0
1753592557811,05:02:37.811,phemex,AERO/USDT:USDT,0.9015,77.0,0.9014,63.0,0.9018,79.0,0.9019,964.0
1753592557812,05:02:37.812,phemex,AERO/USDT:USDT,0.9015,77.0,0.9014,134.0,0.9018,79.0,0.9019,964.0
1753592559162,05:02:39.162,phemex,AERO/USDT:USDT,0.9015,77.0,0.9014,134.0,0.9018,79.0,0.9019,964.0
1753592559695,05:02:39.695,phemex,AERO/USDT:USDT,0.9015,77.0,0.9014,81.0,0.9018,79.0,0.9019,964.0
1753592560389,05:02:40.389,phemex,AERO/USDT:USDT,0.9015,77.0,0.9014,81.0,0.9018,79.0,0.9019,964.0
1753592561743,05:02:41.743,phemex,AERO/USDT:USDT,0.9015,77.0,0.9014,81.0,0.9019,964.0,0.902,71.0
1753592562011,05:02:42.011,phemex,AERO/USDT:USDT,0.9015,77.0,0.9014,81.0,0.9019,964.0,0.902,71.0
1753592562012,05:02:42.012,phemex,AERO/USDT:USDT,0.9015,77.0,0.9014,81.0,0.9019,964.0,0.902,71.0
1753592562387,05:02:42.387,phemex,AERO/USDT:USDT,0.9015,77.0,0.9014,81.0,0.9019,832.0,0.902,71.0
1753592564869,05:02:44.869,phemex,AERO/USDT:USDT,0.9014,81.0,0.9011,542.0,0.9019,832.0,0.902,71.0
1753592565182,05:02:45.182,phemex,AERO/USDT:USDT,0.9014,81.0,0.9011,542.0,0.9019,832.0,0.902,71.0
1753592565188,05:02:45.188,phemex,AERO/USDT:USDT,0.9014,81.0,0.9011,542.0,0.9019,832.0,0.902,71.0
1753592567785,05:02:47.785,phemex,AERO/USDT:USDT,0.9014,81.0,0.9013,213.0,0.9016,129.0,0.9018,81.0
1753592568892,05:02:48.892,phemex,AERO/USDT:USDT,0.9014,81.0,0.9013,213.0,0.9016,29.0,0.9018,81.0
1753592569982,05:02:49.982,phemex,AERO/USDT:USDT,0.9014,81.0,0.9013,213.0,0.9016,29.0,0.9018,81.0
1753592570028,05:02:50.028,phemex,AERO/USDT:USDT,0.9014,81.0,0.9013,213.0,0.9016,29.0,0.9018,81.0
1753592570028,05:02:50.028,phemex,AERO/USDT:USDT,0.9014,81.0,0.9013,213.0,0.9016,29.0,0.9018,81.0
1753592572351,05:02:52.351,phemex,AERO/USDT:USDT,0.9014,81.0,0.9013,213.0,0.9018,81.0,0.9019,893.0
1753592574007,05:02:54.007,phemex,AERO/USDT:USDT,0.9014,81.0,0.9013,213.0,0.9018,81.0,0.9019,893.0
1753592574009,05:02:54.009,phemex,AERO/USDT:USDT,0.9014,81.0,0.9013,213.0,0.9018,81.0,0.9019,893.0
1753592576022,05:02:56.022,phemex,AERO/USDT:USDT,0.9014,81.0,0.9013,213.0,0.9018,81.0,0.9019,893.0
1753592577281,05:02:57.281,phemex,AERO/USDT:USDT,0.9014,81.0,0.9013,213.0,0.9018,81.0,0.9019,893.0
1753592578263,05:02:58.263,phemex,AERO/USDT:USDT,0.9004,336.0,0.9003,744.0,0.9017,50.0,0.9018,913.0
1753592578359,05:02:58.359,phemex,AERO/USDT:USDT,0.9004,336.0,0.9003,744.0,0.9016,832.0,0.9017,50.0
1753592580036,05:03:00.036,phemex,AERO/USDT:USDT,0.9004,336.0,0.9003,744.0,0.9016,832.0,0.9017,50.0
1753592581328,05:03:01.328,phemex,AERO/USDT:USDT,0.9003,744.0,0.9002,232.0,0.9016,832.0,0.9017,50.0
1753592581392,05:03:01.392,phemex,AERO/USDT:USDT,0.9003,744.0,0.9002,232.0,0.9016,832.0,0.9017,50.0
1753592584605,05:03:04.605,phemex,AERO/USDT:USDT,0.901,138.0,0.9009,73.0,0.9012,180.0,0.9014,60.0
1753592584624,05:03:04.624,phemex,AERO/USDT:USDT,0.901,138.0,0.9009,73.0,0.9012,180.0,0.9014,60.0
1753592584630,05:03:04.630,phemex,AERO/USDT:USDT,0.901,138.0,0.9009,73.0,0.9012,180.0,0.9014,60.0
1753592585241,05:03:05.241,phemex,AERO/USDT:USDT,0.901,138.0,0.9009,73.0,0.9012,180.0,0.9014,60.0
1753592585524,05:03:05.524,phemex,AERO/USDT:USDT,0.901,138.0,0.9009,73.0,0.9012,55.0,0.9013,72.0
1753592585527,05:03:05.527,phemex,AERO/USDT:USDT,0.901,138.0,0.9009,73.0,0.9015,53.0,0.9016,887.0
1753592585557,05:03:05.557,phemex,AERO/USDT:USDT,0.901,138.0,0.9009,73.0,0.9015,53.0,0.9016,887.0
1753592585562,05:03:05.562,phemex,AERO/USDT:USDT,0.901,138.0,0.9009,73.0,0.9015,53.0,0.9016,887.0
1753592586194,05:03:06.194,phemex,AERO/USDT:USDT,0.901,138.0,0.9009,73.0,0.9015,53.0,0.9016,887.0
1753592586237,05:03:06.237,phemex,AERO/USDT:USDT,0.901,138.0,0.9009,73.0,0.9015,53.0,0.9016,887.0
1753592586340,05:03:06.340,phemex,AERO/USDT:USDT,0.901,138.0,0.9009,73.0,0.9015,53.0,0.9016,887.0
1753592588704,05:03:08.704,phemex,AERO/USDT:USDT,0.901,138.0,0.9009,73.0,0.9016,887.0,0.9017,72.0
1753592589164,05:03:09.164,phemex,AERO/USDT:USDT,0.901,138.0,0.9009,73.0,0.9016,887.0,0.9017,72.0
1753592590136,05:03:10.136,phemex,AERO/USDT:USDT,0.9009,73.0,0.9008,63.0,0.9016,887.0,0.9017,72.0
1753592590984,05:03:10.984,phemex,AERO/USDT:USDT,0.9009,73.0,0.9008,63.0,0.9016,887.0,0.9017,72.0
1753592590990,05:03:10.990,phemex,AERO/USDT:USDT,0.9009,73.0,0.9008,63.0,0.9016,887.0,0.9017,72.0
1753592594656,05:03:14.656,phemex,AERO/USDT:USDT,0.9011,134.0,0.9009,73.0,0.9014,88.0,0.9015,56.0
1753592595170,05:03:15.170,phemex,AERO/USDT:USDT,0.9011,134.0,0.9009,73.0,0.9014,88.0,0.9015,56.0
1753592595784,05:03:15.784,phemex,AERO/USDT:USDT,0.9011,134.0,0.9009,73.0,0.9014,88.0,0.9015,56.0
1753592595791,05:03:15.791,phemex,AERO/USDT:USDT,0.9011,134.0,0.9009,73.0,0.9014,88.0,0.9015,56.0
1753592598216,05:03:18.216,phemex,AERO/USDT:USDT,0.9011,14.0,0.9009,73.0,0.9014,88.0,0.9015,56.0
1753592600583,05:03:20.583,phemex,AERO/USDT:USDT,0.9011,14.0,0.9009,73.0,0.9014,88.0,0.9015,56.0
1753592600591,05:03:20.591,phemex,AERO/USDT:USDT,0.9011,14.0,0.9009,73.0,0.9014,88.0,0.9015,56.0
1753592601174,05:03:21.174,phemex,AERO/USDT:USDT,0.9011,14.0,0.9009,73.0,0.9014,920.0,0.9015,56.0
1753592604052,05:03:24.052,phemex,AERO/USDT:USDT,0.9011,68.0,0.9009,119.0,0.9014,973.0,0.9015,56.0
1753592604052,05:03:24.052,phemex,AERO/USDT:USDT,0.9011,114.0,0.9009,119.0,0.9014,973.0,0.9015,56.0
1753592605392,05:03:25.392,phemex,AERO/USDT:USDT,0.9011,114.0,0.9009,119.0,0.9014,973.0,0.9015,56.0
1753592606326,05:03:26.326,phemex,AERO/USDT:USDT,0.9011,60.0,0.9009,119.0,0.9014,973.0,0.9015,56.0
1753592606326,05:03:26.326,phemex,AERO/USDT:USDT,0.9011,60.0,0.9009,119.0,0.9014,973.0,0.9015,56.0
1753592607166,05:03:27.166,phemex,AERO/USDT:USDT,0.9011,60.0,0.9009,119.0,0.9014,141.0,0.9015,56.0
1753592607308,05:03:27.308,phemex,AERO/USDT:USDT,0.9011,60.0,0.9009,119.0,0.9014,101.0,0.9015,56.0
1753592609667,05:03:29.667,phemex,AERO/USDT:USDT,0.9011,60.0,0.9009,119.0,0.9014,144.0,0.9015,56.0
1753592610193,05:03:30.193,phemex,AERO/USDT:USDT,0.9011,60.0,0.9009,119.0,0.9014,144.0,0.9015,56.0
1753592610390,05:03:30.390,phemex,AERO/USDT:USDT,0.9011,60.0,0.9009,119.0,0.9014,144.0,0.9015,56.0
1753592610548,05:03:30.548,phemex,AERO/USDT:USDT,0.9011,60.0,0.9009,119.0,0.9014,144.0,0.9015,56.0
1753592610665,05:03:30.665,phemex,AERO/USDT:USDT,0.9011,60.0,0.9009,119.0,0.9014,144.0,0.9015,56.0
1753592611420,05:03:31.420,phemex,AERO/USDT:USDT,0.9012,54.0,0.9011,60.0,0.9014,144.0,0.9015,56.0
1753592611453,05:03:31.453,phemex,AERO/USDT:USDT,0.9012,54.0,0.9011,60.0,0.9014,144.0,0.9015,56.0
1753592611456,05:03:31.456,phemex,AERO/USDT:USDT,0.9012,54.0,0.9011,60.0,0.9014,144.0,0.9015,56.0
1753592613002,05:03:33.002,phemex,AERO/USDT:USDT,0.9011,60.0,0.9009,119.0,0.9014,144.0,0.9015,56.0
1753592613050,05:03:33.050,phemex,AERO/USDT:USDT,0.9011,60.0,0.9009,119.0,0.9014,144.0,0.9015,56.0
1753592613057,05:03:33.057,phemex,AERO/USDT:USDT,0.9011,60.0,0.9009,119.0,0.9014,144.0,0.9015,56.0
1753592614169,05:03:34.169,phemex,AERO/USDT:USDT,0.9011,60.0,0.9009,119.0,0.9014,140.0,0.9015,56.0
1753592614984,05:03:34.984,phemex,AERO/USDT:USDT,0.9011,60.0,0.9009,119.0,0.9014,140.0,0.9015,56.0
1753592614990,05:03:34.990,phemex,AERO/USDT:USDT,0.9011,60.0,0.9009,119.0,0.9014,140.0,0.9015,56.0
1753592616134,05:03:36.134,phemex,AERO/USDT:USDT,0.9011,60.0,0.9009,119.0,0.9012,68.0,0.9014,140.0
1753592619793,05:03:39.793,phemex,AERO/USDT:USDT,0.9011,60.0,0.9009,119.0,0.9012,68.0,0.9014,140.0
1753592622162,05:03:42.162,phemex,AERO/USDT:USDT,0.9011,60.0,0.9009,119.0,0.9012,68.0,0.9014,140.0
1753592622171,05:03:42.171,phemex,AERO/USDT:USDT,0.9011,60.0,0.9009,119.0,0.9012,68.0,0.9014,972.0
1753592624299,05:03:44.299,phemex,AERO/USDT:USDT,0.9011,60.0,0.9009,119.0,0.9012,65.0,0.9014,972.0
1753592624594,05:03:44.594,phemex,AERO/USDT:USDT,0.9011,60.0,0.9009,119.0,0.9012,65.0,0.9014,972.0
1753592628164,05:03:48.164,phemex,AERO/USDT:USDT,0.9011,60.0,0.9009,119.0,0.9012,65.0,0.9014,972.0
1753592629062,05:03:49.062,phemex,AERO/USDT:USDT,0.9011,60.0,0.9009,119.0,0.9013,73.0,0.9014,972.0
1753592630849,05:03:50.849,phemex,AERO/USDT:USDT,0.9011,60.0,0.9009,119.0,0.9013,73.0,0.9014,972.0
1753592631159,05:03:51.159,phemex,AERO/USDT:USDT,0.9011,60.0,0.9009,119.0,0.9013,73.0,0.9014,140.0
1753592631164,05:03:51.164,phemex,AERO/USDT:USDT,0.9011,60.0,0.9009,119.0,0.9013,73.0,0.9014,140.0
1753592631164,05:03:51.164,phemex,AERO/USDT:USDT,0.9011,60.0,0.9009,119.0,0.9013,73.0,0.9014,140.0
1753592636869,05:03:56.869,phemex,AERO/USDT:USDT,0.9011,60.0,0.9009,119.0,0.9013,73.0,0.9014,140.0
1753592637174,05:03:57.174,phemex,AERO/USDT:USDT,0.9011,60.0,0.9009,119.0,0.9013,73.0,0.9014,140.0
1753592637181,05:03:57.181,phemex,AERO/USDT:USDT,0.9011,60.0,0.9009,119.0,0.9013,73.0,0.9014,140.0
1753592638084,05:03:58.084,phemex,AERO/USDT:USDT,0.9012,68.0,0.9011,60.0,0.9013,73.0,0.9014,140.0
1753592638291,05:03:58.291,phemex,AERO/USDT:USDT,0.9011,60.0,0.9009,173.0,0.9013,73.0,0.9014,140.0
1753592639655,05:03:59.655,phemex,AERO/USDT:USDT,0.9011,57.0,0.9009,173.0,0.9013,73.0,0.9014,140.0
1753592640344,05:04:00.344,phemex,AERO/USDT:USDT,0.9011,57.0,0.9009,173.0,0.9013,73.0,0.9014,140.0
1753592641199,05:04:01.199,phemex,AERO/USDT:USDT,0.9011,57.0,0.9009,173.0,0.9013,73.0,0.9014,140.0
1753592641543,05:04:01.543,phemex,AERO/USDT:USDT,0.9011,57.0,0.9009,173.0,0.9013,73.0,0.9014,140.0
1753592646689,05:04:06.689,phemex,AERO/USDT:USDT,0.9011,57.0,0.9009,173.0,0.9013,73.0,0.9014,140.0
1753592649971,05:04:09.971,phemex,AERO/USDT:USDT,0.9011,138.0,0.9009,73.0,0.9013,73.0,0.9014,140.0
1753592650621,05:04:10.621,phemex,AERO/USDT:USDT,0.9011,138.0,0.9009,73.0,0.9014,78.0,0.9015,112.0
1753592651189,05:04:11.189,phemex,AERO/USDT:USDT,0.9011,138.0,0.9009,73.0,0.9014,78.0,0.9015,112.0
1753592651196,05:04:11.196,phemex,AERO/USDT:USDT,0.9011,138.0,0.9009,73.0,0.9014,78.0,0.9015,112.0
1753592651813,05:04:11.813,phemex,AERO/USDT:USDT,0.9011,138.0,0.9009,73.0,0.9014,19.0,0.9015,112.0
1753592654968,05:04:14.968,phemex,AERO/USDT:USDT,0.9011,138.0,0.9009,73.0,0.9015,112.0,0.9016,832.0
1753592655163,05:04:15.163,phemex,AERO/USDT:USDT,0.9011,138.0,0.9009,73.0,0.9015,112.0,0.9016,832.0
1753592655795,05:04:15.795,phemex,AERO/USDT:USDT,0.9011,138.0,0.9009,124.0,0.9015,194.0,0.9016,912.0
1753592656223,05:04:16.223,phemex,AERO/USDT:USDT,0.9011,138.0,0.9009,124.0,0.9015,194.0,0.9016,912.0
1753592658165,05:04:18.165,phemex,AERO/USDT:USDT,0.9011,138.0,0.9009,124.0,0.9015,1026.0,0.9016,80.0
1753592660611,05:04:20.611,phemex,AERO/USDT:USDT,0.9011,138.0,0.9009,124.0,0.9015,888.0,0.9016,80.0
1753592660789,05:04:20.789,phemex,AERO/USDT:USDT,0.9011,138.0,0.9009,124.0,0.9015,888.0,0.9016,80.0
1753592660824,05:04:20.824,phemex,AERO/USDT:USDT,0.9011,138.0,0.9009,124.0,0.9015,888.0,0.9016,80.0
1753592660884,05:04:20.884,phemex,AERO/USDT:USDT,0.9011,138.0,0.9009,124.0,0.9015,888.0,0.9016,80.0
1753592662792,05:04:22.792,phemex,AERO/USDT:USDT,0.9011,138.0,0.9009,124.0,0.9015,56.0,0.9016,80.0
1753592662801,05:04:22.801,phemex,AERO/USDT:USDT,0.9011,138.0,0.9009,124.0,0.9015,56.0,0.9016,912.0
1753592662853,05:04:22.853,phemex,AERO/USDT:USDT,0.9011,138.0,0.9009,124.0,0.9016,80.0,0.9017,882.0
1753592662893,05:04:22.893,phemex,AERO/USDT:USDT,0.9011,138.0,0.9009,124.0,0.9016,80.0,0.9017,882.0
1753592663414,05:04:23.414,phemex,AERO/USDT:USDT,0.9011,116.0,0.9009,124.0,0.9016,80.0,0.9017,882.0
1753592663902,05:04:23.902,phemex,AERO/USDT:USDT,0.9011,116.0,0.9009,124.0,0.9016,80.0,0.9017,882.0
1753592663937,05:04:23.937,phemex,AERO/USDT:USDT,0.9011,116.0,0.9009,124.0,0.9016,80.0,0.9017,882.0
1753592664051,05:04:24.051,phemex,AERO/USDT:USDT,0.9011,116.0,0.9009,124.0,0.9016,80.0,0.9017,50.0
1753592664055,05:04:24.055,phemex,AERO/USDT:USDT,0.9011,116.0,0.9009,124.0,0.9016,80.0,0.9017,50.0
1753592664294,05:04:24.294,phemex,AERO/USDT:USDT,0.9011,116.0,0.9009,124.0,0.9017,50.0,0.9018,64.0
1753592664971,05:04:24.971,phemex,AERO/USDT:USDT,0.9011,116.0,0.9009,124.0,0.9017,20.0,0.9018,64.0
1753592664997,05:04:24.997,phemex,AERO/USDT:USDT,0.9016,81.0,0.9014,120.0,0.9017,20.0,0.9018,64.0
1753592665027,05:04:25.027,phemex,AERO/USDT:USDT,0.9016,81.0,0.9014,120.0,0.9017,20.0,0.9018,64.0
1753592665156,05:04:25.156,phemex,AERO/USDT:USDT,0.9016,81.0,0.9014,120.0,0.9017,20.0,0.9018,64.0
1753592665359,05:04:25.359,phemex,AERO/USDT:USDT,0.9016,81.0,0.9014,120.0,0.9018,194.0,0.9022,799.0
1753592665368,05:04:25.368,phemex,AERO/USDT:USDT,0.9016,81.0,0.9014,120.0,0.9018,194.0,0.9021,832.0
1753592665604,05:04:25.604,phemex,AERO/USDT:USDT,0.9016,81.0,0.9014,120.0,0.9018,194.0,0.9021,832.0
1753592665610,05:04:25.610,phemex,AERO/USDT:USDT,0.9016,81.0,0.9014,120.0,0.9018,194.0,0.9021,832.0
1753592665963,05:04:25.963,phemex,AERO/USDT:USDT,0.9016,81.0,0.9014,120.0,0.9018,185.0,0.9021,832.0
1753592669918,05:04:29.918,phemex,AERO/USDT:USDT,0.9016,78.0,0.9014,120.0,0.9018,185.0,0.9021,832.0
1753592670165,05:04:30.165,phemex,AERO/USDT:USDT,0.9016,78.0,0.9014,120.0,0.9018,185.0,0.9021,832.0
1753592670411,05:04:30.411,phemex,AERO/USDT:USDT,0.9016,78.0,0.9014,120.0,0.9018,185.0,0.9021,832.0
1753592671385,05:04:31.385,phemex,AERO/USDT:USDT,0.9016,78.0,0.9014,191.0,0.9018,185.0,0.9021,832.0
1753592672195,05:04:32.195,phemex,AERO/USDT:USDT,0.9016,78.0,0.9014,44.0,0.9018,185.0,0.9021,832.0
1753592673047,05:04:33.047,phemex,AERO/USDT:USDT,0.9016,78.0,0.9014,44.0,0.9021,70.0,0.9023,889.0
1753592673053,05:04:33.053,phemex,AERO/USDT:USDT,0.9016,78.0,0.9014,44.0,0.9021,70.0,0.9023,889.0
1753592673059,05:04:33.059,phemex,AERO/USDT:USDT,0.9016,78.0,0.9014,44.0,0.9021,70.0,0.9023,889.0
1753592673205,05:04:33.205,phemex,AERO/USDT:USDT,0.9016,78.0,0.9014,44.0,0.9021,70.0,0.9023,889.0
1753592675116,05:04:35.116,phemex,AERO/USDT:USDT,0.9016,78.0,0.9014,44.0,0.9021,70.0,0.9022,832.0
1753592675209,05:04:35.209,phemex,AERO/USDT:USDT,0.9016,78.0,0.9014,44.0,0.9021,70.0,0.9022,832.0
