timestamp,time,exchange,symbol,bid1_price,bid1_volume,bid2_price,bid2_volume,ask1_price,ask1_volume,ask2_price,ask2_volume
1753591889000,04:51:29.000,gateio,A/USDT:USDT,0.5758,29.0,0.5757,1993.0,0.5759,2.0,0.576,560.0
1753591889845,04:51:29.845,gateio,A/USDT:USDT,0.5758,29.0,0.5757,1993.0,0.5759,2.0,0.576,560.0
1753591890269,04:51:30.269,gateio,A/USDT:USDT,0.5758,29.0,0.5757,1993.0,0.5759,2.0,0.576,560.0
1753591890326,04:51:30.326,gateio,A/USDT:USDT,0.5758,29.0,0.5757,1993.0,0.5759,2.0,0.576,560.0
1753591890474,04:51:30.474,gateio,A/USDT:USDT,0.5758,44.0,0.5757,1993.0,0.5759,2.0,0.576,266.0
1753591890500,04:51:30.500,gateio,A/USDT:USDT,0.5758,44.0,0.5757,1993.0,0.5759,2.0,0.576,266.0
1753591890614,04:51:30.614,gateio,A/USDT:USDT,0.5758,44.0,0.5757,1993.0,0.5759,2.0,0.576,560.0
1753591890708,04:51:30.708,gateio,A/USDT:USDT,0.5758,44.0,0.5757,1993.0,0.5759,2.0,0.576,560.0
1753591892274,04:51:32.274,gateio,A/USDT:USDT,0.5758,44.0,0.5757,1993.0,0.5759,2.0,0.576,560.0
1753591893876,04:51:33.876,gateio,A/USDT:USDT,0.5758,44.0,0.5757,1993.0,0.5759,2.0,0.576,560.0
1753591894118,04:51:34.118,gateio,A/USDT:USDT,0.5758,44.0,0.5757,1993.0,0.5759,2.0,0.576,560.0
1753591894920,04:51:34.920,gateio,A/USDT:USDT,0.5758,44.0,0.5757,1993.0,0.5759,2.0,0.576,560.0
1753591895513,04:51:35.513,gateio,A/USDT:USDT,0.5758,44.0,0.5757,1993.0,0.5759,2.0,0.576,560.0
1753591899574,04:51:39.574,gateio,A/USDT:USDT,0.5758,299.0,0.5757,1993.0,0.5759,2.0,0.576,560.0
1753591899779,04:51:39.779,gateio,A/USDT:USDT,0.5758,299.0,0.5757,1993.0,0.5759,2.0,0.576,294.0
1753591899781,04:51:39.781,gateio,A/USDT:USDT,0.5758,299.0,0.5757,1993.0,0.5759,2.0,0.576,294.0
1753591901817,04:51:41.817,gateio,A/USDT:USDT,0.5758,299.0,0.5757,1993.0,0.5759,2.0,0.576,294.0
1753591901997,04:51:41.997,gateio,A/USDT:USDT,0.5758,299.0,0.5757,1993.0,0.5759,2.0,0.576,294.0
1753591905890,04:51:45.890,gateio,A/USDT:USDT,0.5758,299.0,0.5757,1993.0,0.5759,2.0,0.576,294.0
1753591906363,04:51:46.363,gateio,A/USDT:USDT,0.5758,299.0,0.5757,1993.0,0.5759,2.0,0.576,294.0
1753591909207,04:51:49.207,gateio,A/USDT:USDT,0.5758,299.0,0.5757,1993.0,0.5759,2.0,0.576,294.0
1753591910073,04:51:50.073,gateio,A/USDT:USDT,0.5758,299.0,0.5757,1993.0,0.5759,2.0,0.576,294.0
1753591910282,04:51:50.282,gateio,A/USDT:USDT,0.5758,299.0,0.5757,1993.0,0.5759,2.0,0.576,294.0
1753591911637,04:51:51.637,gateio,A/USDT:USDT,0.5758,14.0,0.5757,1993.0,0.5759,2.0,0.576,294.0
1753591911772,04:51:51.772,gateio,A/USDT:USDT,0.5758,14.0,0.5757,1993.0,0.5759,267.0,0.576,294.0
1753591911844,04:51:51.844,gateio,A/USDT:USDT,0.5758,14.0,0.5757,1956.0,0.5759,2.0,0.576,294.0
1753591912061,04:51:52.061,gateio,A/USDT:USDT,0.5758,44.0,0.5757,1993.0,0.5759,2.0,0.576,294.0
1753591912085,04:51:52.085,gateio,A/USDT:USDT,0.5758,309.0,0.5757,1993.0,0.5759,2.0,0.576,294.0
1753591913410,04:51:53.410,gateio,A/USDT:USDT,0.5758,309.0,0.5757,1993.0,0.5759,2.0,0.576,294.0
1753591914788,04:51:54.788,gateio,A/USDT:USDT,0.5758,14.0,0.5757,1993.0,0.5759,2.0,0.576,294.0
1753591916291,04:51:56.291,gateio,A/USDT:USDT,0.5758,14.0,0.5757,1993.0,0.5759,2.0,0.576,294.0
1753591916453,04:51:56.453,gateio,A/USDT:USDT,0.5758,44.0,0.5757,1993.0,0.5759,2.0,0.576,294.0
1753591917893,04:51:57.893,gateio,A/USDT:USDT,0.5758,44.0,0.5757,1993.0,0.5759,2.0,0.576,294.0
1753591921453,04:52:01.453,gateio,A/USDT:USDT,0.5758,307.0,0.5757,1993.0,0.5759,2.0,0.576,294.0
1753591921777,04:52:01.777,gateio,A/USDT:USDT,0.5758,307.0,0.5757,1993.0,0.5759,2.0,0.5761,255.0
1753591921876,04:52:01.876,gateio,A/USDT:USDT,0.5759,278.0,0.5758,314.0,0.5762,258.0,0.5763,629.0
1753591921969,04:52:01.969,gateio,A/USDT:USDT,0.576,263.0,0.5759,1672.0,0.5763,256.0,0.5765,923.0
1753591922036,04:52:02.036,gateio,A/USDT:USDT,0.576,278.0,0.5759,1672.0,0.5763,256.0,0.5765,923.0
1753591922167,04:52:02.167,gateio,A/USDT:USDT,0.576,263.0,0.5759,1672.0,0.5763,256.0,0.5765,923.0
1753591922260,04:52:02.260,gateio,A/USDT:USDT,0.576,263.0,0.5759,1672.0,0.5763,256.0,0.5764,294.0
1753591922302,04:52:02.302,gateio,A/USDT:USDT,0.5761,7.0,0.576,270.0,0.5763,256.0,0.5764,294.0
1753591922442,04:52:02.442,gateio,A/USDT:USDT,0.5761,7.0,0.576,7.0,0.5763,256.0,0.5764,294.0
1753591922513,04:52:02.513,gateio,A/USDT:USDT,0.576,14.0,0.5759,1672.0,0.5763,256.0,0.5764,294.0
1753591922621,04:52:02.621,gateio,A/USDT:USDT,0.576,14.0,0.5759,1672.0,0.5763,256.0,0.5764,294.0
1753591922772,04:52:02.772,gateio,A/USDT:USDT,0.576,292.0,0.5759,1672.0,0.5763,256.0,0.5764,294.0
1753591923065,04:52:03.065,gateio,A/USDT:USDT,0.576,292.0,0.5759,1672.0,0.5763,256.0,0.5764,294.0
1753591924342,04:52:04.342,gateio,A/USDT:USDT,0.576,307.0,0.5759,1672.0,0.5763,256.0,0.5764,294.0
1753591924382,04:52:04.382,gateio,A/USDT:USDT,0.576,307.0,0.5759,1672.0,0.5763,256.0,0.5764,294.0
1753591924542,04:52:04.542,gateio,A/USDT:USDT,0.576,307.0,0.5759,1672.0,0.5763,256.0,0.5764,294.0
1753591924642,04:52:04.642,gateio,A/USDT:USDT,0.576,307.0,0.5759,1672.0,0.5763,256.0,0.5764,294.0
1753591926278,04:52:06.278,gateio,A/USDT:USDT,0.576,292.0,0.5759,1672.0,0.5763,256.0,0.5764,294.0
1753591926424,04:52:06.424,gateio,A/USDT:USDT,0.576,307.0,0.5759,1672.0,0.5763,256.0,0.5764,294.0
1753591926535,04:52:06.535,gateio,A/USDT:USDT,0.576,292.0,0.5759,1672.0,0.5763,256.0,0.5764,294.0
1753591927542,04:52:07.542,gateio,A/USDT:USDT,0.576,292.0,0.5759,1672.0,0.5763,256.0,0.5764,294.0
1753591928042,04:52:08.042,gateio,A/USDT:USDT,0.576,648.0,0.5759,2559.0,0.5763,256.0,0.5764,294.0
1753591929699,04:52:09.699,gateio,A/USDT:USDT,0.576,663.0,0.5759,2559.0,0.5763,256.0,0.5764,294.0
1753591931076,04:52:11.076,gateio,A/USDT:USDT,0.576,663.0,0.5759,2559.0,0.5762,87.0,0.5763,550.0
1753591931129,04:52:11.129,gateio,A/USDT:USDT,0.576,649.0,0.5759,2559.0,0.5762,87.0,0.5763,550.0
1753591931290,04:52:11.290,gateio,A/USDT:USDT,0.576,649.0,0.5759,2559.0,0.5762,87.0,0.5763,550.0
1753591933342,04:52:13.342,gateio,A/USDT:USDT,0.576,649.0,0.5759,2559.0,0.5762,87.0,0.5763,550.0
1753591936093,04:52:16.093,gateio,A/USDT:USDT,0.576,649.0,0.5759,2559.0,0.5762,87.0,0.5763,550.0
1753591940925,04:52:20.925,gateio,A/USDT:USDT,0.5761,269.0,0.576,649.0,0.5762,87.0,0.5763,550.0
1753591941026,04:52:21.026,gateio,A/USDT:USDT,0.5761,268.0,0.576,1011.0,0.5764,254.0,0.5765,999.0
1753591941434,04:52:21.434,gateio,A/USDT:USDT,0.5761,283.0,0.576,1011.0,0.5764,254.0,0.5765,999.0
1753591941517,04:52:21.517,gateio,A/USDT:USDT,0.5761,268.0,0.576,1011.0,0.5764,254.0,0.5765,999.0
1753591943179,04:52:23.179,gateio,A/USDT:USDT,0.5761,268.0,0.576,1011.0,0.5764,254.0,0.5765,999.0
1753591943363,04:52:23.363,gateio,A/USDT:USDT,0.5761,268.0,0.576,1011.0,0.5764,269.0,0.5765,999.0
1753591943549,04:52:23.549,gateio,A/USDT:USDT,0.5761,268.0,0.576,1011.0,0.5763,254.0,0.5764,548.0
1753591943654,04:52:23.654,gateio,A/USDT:USDT,0.5761,254.0,0.576,1011.0,0.5763,254.0,0.5764,548.0
1753591944549,04:52:24.549,gateio,A/USDT:USDT,0.5761,269.0,0.576,1011.0,0.5763,254.0,0.5764,548.0
1753591944778,04:52:24.778,gateio,A/USDT:USDT,0.576,1004.0,0.5759,2559.0,0.5762,87.0,0.5763,548.0
1753591944803,04:52:24.803,gateio,A/USDT:USDT,0.576,1004.0,0.5759,2559.0,0.5762,87.0,0.5763,548.0
1753591945691,04:52:25.691,gateio,A/USDT:USDT,0.576,1004.0,0.5759,2559.0,0.5762,87.0,0.5763,548.0
1753591949473,04:52:29.473,gateio,A/USDT:USDT,0.576,989.0,0.5759,2559.0,0.5763,269.0,0.5764,548.0
1753591949511,04:52:29.511,gateio,A/USDT:USDT,0.5761,14.0,0.576,974.0,0.5763,269.0,0.5764,548.0
1753591949610,04:52:29.610,gateio,A/USDT:USDT,0.5761,14.0,0.576,974.0,0.5763,254.0,0.5764,548.0
1753591949922,04:52:29.922,gateio,A/USDT:USDT,0.5761,14.0,0.576,974.0,0.5763,284.0,0.5764,548.0
1753591950251,04:52:30.251,gateio,A/USDT:USDT,0.5761,14.0,0.576,974.0,0.5763,254.0,0.5764,548.0
1753591950491,04:52:30.491,gateio,A/USDT:USDT,0.5761,14.0,0.576,974.0,0.5763,254.0,0.5764,548.0
1753591951074,04:52:31.074,gateio,A/USDT:USDT,0.5761,14.0,0.576,989.0,0.5763,294.0,0.5764,254.0
1753591951178,04:52:31.178,gateio,A/USDT:USDT,0.5761,276.0,0.576,989.0,0.5764,30.0,0.5765,554.0
1753591951264,04:52:31.264,gateio,A/USDT:USDT,0.5761,14.0,0.576,974.0,0.5763,117.0,0.5764,262.0
1753591951364,04:52:31.364,gateio,A/USDT:USDT,0.5761,14.0,0.576,974.0,0.5763,379.0,0.5764,556.0
1753591951387,04:52:31.387,gateio,A/USDT:USDT,0.5761,14.0,0.576,974.0,0.5763,379.0,0.5764,556.0
1753591951850,04:52:31.850,gateio,A/USDT:USDT,0.5761,14.0,0.576,974.0,0.5763,349.0,0.5764,556.0
1753591951957,04:52:31.957,gateio,A/USDT:USDT,0.5761,276.0,0.576,974.0,0.5763,349.0,0.5764,556.0
1753591951985,04:52:31.985,gateio,A/USDT:USDT,0.5761,262.0,0.576,1011.0,0.5763,349.0,0.5764,556.0
1753591954158,04:52:34.158,gateio,A/USDT:USDT,0.576,1004.0,0.5759,2559.0,0.5762,87.0,0.5763,556.0
1753591954208,04:52:34.208,gateio,A/USDT:USDT,0.576,1004.0,0.5759,2559.0,0.5762,87.0,0.5763,556.0
1753591955292,04:52:35.292,gateio,A/USDT:USDT,0.576,1004.0,0.5759,2559.0,0.5762,87.0,0.5763,556.0
1753591959677,04:52:39.677,gateio,A/USDT:USDT,0.5761,262.0,0.576,1004.0,0.5763,349.0,0.5764,262.0
1753591959695,04:52:39.695,gateio,A/USDT:USDT,0.5761,277.0,0.576,974.0,0.5763,87.0,0.5764,556.0
1753591959826,04:52:39.826,gateio,A/USDT:USDT,0.5761,277.0,0.576,1011.0,0.5763,87.0,0.5764,556.0
1753591959882,04:52:39.882,gateio,A/USDT:USDT,0.5761,262.0,0.576,1011.0,0.5763,87.0,0.5764,556.0
1753591960175,04:52:40.175,gateio,A/USDT:USDT,0.5761,262.0,0.576,1011.0,0.5763,87.0,0.5764,556.0
1753591961344,04:52:41.344,gateio,A/USDT:USDT,0.5761,277.0,0.576,1011.0,0.5763,87.0,0.5764,556.0
1753591961477,04:52:41.477,gateio,A/USDT:USDT,0.576,1011.0,0.5759,2522.0,0.5763,350.0,0.5764,556.0
1753591961508,04:52:41.508,gateio,A/USDT:USDT,0.5761,14.0,0.576,1011.0,0.5763,350.0,0.5764,556.0
1753591962270,04:52:42.270,gateio,A/USDT:USDT,0.5761,29.0,0.576,1011.0,0.5763,350.0,0.5764,556.0
1753591962287,04:52:42.287,gateio,A/USDT:USDT,0.5761,292.0,0.576,1011.0,0.5763,350.0,0.5764,556.0
1753591962387,04:52:42.387,gateio,A/USDT:USDT,0.5761,278.0,0.576,1011.0,0.5763,350.0,0.5764,556.0
1753591963416,04:52:43.416,gateio,A/USDT:USDT,0.5761,278.0,0.576,1011.0,0.5763,87.0,0.5764,556.0
1753591963561,04:52:43.561,gateio,A/USDT:USDT,0.5761,278.0,0.576,1011.0,0.5763,87.0,0.5764,556.0
1753591963620,04:52:43.620,gateio,A/USDT:USDT,0.5761,278.0,0.576,1011.0,0.5763,87.0,0.5764,556.0
1753591964377,04:52:44.377,gateio,A/USDT:USDT,0.5761,278.0,0.576,1011.0,0.5763,87.0,0.5764,556.0
1753591964922,04:52:44.922,gateio,A/USDT:USDT,0.5761,278.0,0.576,1011.0,0.5763,87.0,0.5764,556.0
1753591965240,04:52:45.240,gateio,A/USDT:USDT,0.5761,278.0,0.576,1011.0,0.5763,87.0,0.5764,556.0
1753591967070,04:52:47.070,gateio,A/USDT:USDT,0.5761,278.0,0.576,1011.0,0.5763,87.0,0.5764,556.0
1753591967824,04:52:47.824,gateio,A/USDT:USDT,0.5761,278.0,0.576,1011.0,0.5763,87.0,0.5764,556.0
1753591968258,04:52:48.258,gateio,A/USDT:USDT,0.5761,278.0,0.576,1011.0,0.5763,87.0,0.5764,556.0
1753591968472,04:52:48.472,gateio,A/USDT:USDT,0.5761,278.0,0.576,1011.0,0.5763,87.0,0.5764,556.0
1753591969169,04:52:49.169,gateio,A/USDT:USDT,0.5761,278.0,0.576,1011.0,0.5763,87.0,0.5764,556.0
1753591969191,04:52:49.191,gateio,A/USDT:USDT,0.5761,278.0,0.576,1011.0,0.5763,87.0,0.5764,556.0
1753591969692,04:52:49.692,gateio,A/USDT:USDT,0.5761,278.0,0.576,1011.0,0.5763,87.0,0.5764,556.0
1753591970096,04:52:50.096,gateio,A/USDT:USDT,0.5761,278.0,0.576,1011.0,0.5763,87.0,0.5764,556.0
1753591970712,04:52:50.712,gateio,A/USDT:USDT,0.5761,278.0,0.576,1011.0,0.5763,87.0,0.5764,556.0
1753591970914,04:52:50.914,gateio,A/USDT:USDT,0.5761,278.0,0.576,1011.0,0.5763,87.0,0.5764,556.0
1753591971005,04:52:51.005,gateio,A/USDT:USDT,0.5761,278.0,0.576,1011.0,0.5763,87.0,0.5764,556.0
1753591971090,04:52:51.090,gateio,A/USDT:USDT,0.5761,278.0,0.576,1011.0,0.5763,87.0,0.5764,556.0
1753591972239,04:52:52.239,gateio,A/USDT:USDT,0.5761,278.0,0.576,1011.0,0.5763,87.0,0.5764,556.0
1753591972313,04:52:52.313,gateio,A/USDT:USDT,0.5761,278.0,0.576,1011.0,0.5763,87.0,0.5764,556.0
1753591973068,04:52:53.068,gateio,A/USDT:USDT,0.5761,278.0,0.576,1011.0,0.5763,87.0,0.5764,556.0
1753591973337,04:52:53.337,gateio,A/USDT:USDT,0.5761,278.0,0.576,1011.0,0.5763,87.0,0.5764,556.0
1753591973751,04:52:53.751,gateio,A/USDT:USDT,0.5761,278.0,0.576,1011.0,0.5763,87.0,0.5764,556.0
1753591973937,04:52:53.937,gateio,A/USDT:USDT,0.5761,278.0,0.576,1011.0,0.5763,87.0,0.5764,556.0
1753591976326,04:52:56.326,gateio,A/USDT:USDT,0.5761,278.0,0.576,1011.0,0.5763,87.0,0.5764,556.0
1753591976579,04:52:56.579,gateio,A/USDT:USDT,0.5761,278.0,0.576,1011.0,0.5763,87.0,0.5764,556.0
1753591977136,04:52:57.136,gateio,A/USDT:USDT,0.5761,278.0,0.576,1011.0,0.5763,87.0,0.5764,556.0
1753591977190,04:52:57.190,gateio,A/USDT:USDT,0.5761,278.0,0.576,1011.0,0.5763,87.0,0.5764,556.0
1753591979363,04:52:59.363,gateio,A/USDT:USDT,0.5761,281.0,0.576,1011.0,0.5763,353.0,0.5764,556.0
1753591979448,04:52:59.448,gateio,A/USDT:USDT,0.5761,281.0,0.576,1011.0,0.5763,87.0,0.5764,556.0
1753591979744,04:52:59.744,gateio,A/USDT:USDT,0.5762,266.0,0.5761,318.0,0.5765,260.0,0.5766,2298.0
1753591979848,04:52:59.848,gateio,A/USDT:USDT,0.5763,14.0,0.5762,266.0,0.5765,275.0,0.5766,2298.0
1753591979977,04:52:59.977,gateio,A/USDT:USDT,0.5763,14.0,0.5762,266.0,0.5765,275.0,0.5766,2298.0
1753591980120,04:53:00.120,gateio,A/USDT:USDT,0.5763,14.0,0.5762,266.0,0.5764,266.0,0.5765,275.0
1753591980270,04:53:00.270,gateio,A/USDT:USDT,0.5763,14.0,0.5762,266.0,0.5764,266.0,0.5765,569.0
1753591980358,04:53:00.358,gateio,A/USDT:USDT,0.5763,14.0,0.5762,266.0,0.5765,275.0,0.5766,2298.0
1753591980647,04:53:00.647,gateio,A/USDT:USDT,0.5763,14.0,0.5762,266.0,0.5765,275.0,0.5766,2298.0
1753591980728,04:53:00.728,gateio,A/USDT:USDT,0.5763,14.0,0.5762,266.0,0.5765,275.0,0.5766,2298.0
1753591981062,04:53:01.062,gateio,A/USDT:USDT,0.5763,14.0,0.5762,266.0,0.5765,275.0,0.5766,2298.0
1753591981775,04:53:01.775,gateio,A/USDT:USDT,0.5763,14.0,0.5762,266.0,0.5764,257.0,0.5765,569.0
1753591981879,04:53:01.879,gateio,A/USDT:USDT,0.5763,14.0,0.5762,266.0,0.5764,257.0,0.5765,569.0
1753591981977,04:53:01.977,gateio,A/USDT:USDT,0.5763,14.0,0.5762,266.0,0.5765,275.0,0.5766,2004.0
1753591982049,04:53:02.049,gateio,A/USDT:USDT,0.5763,14.0,0.5762,266.0,0.5765,275.0,0.5766,2004.0
1753591982155,04:53:02.155,gateio,A/USDT:USDT,0.5763,14.0,0.5762,266.0,0.5765,275.0,0.5766,2298.0
1753591982308,04:53:02.308,gateio,A/USDT:USDT,0.5763,14.0,0.5762,266.0,0.5765,275.0,0.5766,2298.0
1753591983456,04:53:03.456,gateio,A/USDT:USDT,0.5763,14.0,0.5762,266.0,0.5765,275.0,0.5766,2298.0
1753591983621,04:53:03.621,gateio,A/USDT:USDT,0.5763,14.0,0.5762,266.0,0.5765,275.0,0.5766,2298.0
1753591983698,04:53:03.698,gateio,A/USDT:USDT,0.5763,14.0,0.5762,266.0,0.5765,275.0,0.5766,2298.0
1753591984242,04:53:04.242,gateio,A/USDT:USDT,0.5763,14.0,0.5762,266.0,0.5765,275.0,0.5766,2298.0
1753591984450,04:53:04.450,gateio,A/USDT:USDT,0.5763,14.0,0.5762,266.0,0.5764,257.0,0.5765,275.0
1753591984558,04:53:04.558,gateio,A/USDT:USDT,0.5763,14.0,0.5762,266.0,0.5764,257.0,0.5765,584.0
1753591984611,04:53:04.611,gateio,A/USDT:USDT,0.5763,14.0,0.5762,266.0,0.5764,257.0,0.5765,584.0
1753591984725,04:53:04.725,gateio,A/USDT:USDT,0.5763,14.0,0.5762,266.0,0.5764,257.0,0.5765,584.0
1753591985094,04:53:05.094,gateio,A/USDT:USDT,0.5763,14.0,0.5762,266.0,0.5764,257.0,0.5765,584.0
1753591985463,04:53:05.463,gateio,A/USDT:USDT,0.5763,14.0,0.5762,266.0,0.5764,257.0,0.5765,584.0
1753591985930,04:53:05.930,gateio,A/USDT:USDT,0.5763,14.0,0.5762,266.0,0.5764,257.0,0.5765,584.0
1753591986138,04:53:06.138,gateio,A/USDT:USDT,0.5763,14.0,0.5761,266.0,0.5764,257.0,0.5765,584.0
1753591986236,04:53:06.236,gateio,A/USDT:USDT,0.5762,14.0,0.5761,281.0,0.5763,87.0,0.5764,257.0
1753591986346,04:53:06.346,gateio,A/USDT:USDT,0.5762,14.0,0.5761,281.0,0.5763,87.0,0.5764,551.0
1753591986390,04:53:06.390,gateio,A/USDT:USDT,0.5762,14.0,0.5761,281.0,0.5763,87.0,0.5764,551.0
1753591986665,04:53:06.665,gateio,A/USDT:USDT,0.5762,14.0,0.5761,281.0,0.5763,87.0,0.5764,566.0
1753591986737,04:53:06.737,gateio,A/USDT:USDT,0.5762,14.0,0.5761,281.0,0.5763,87.0,0.5764,566.0
1753591987171,04:53:07.171,gateio,A/USDT:USDT,0.5762,14.0,0.5761,296.0,0.5763,87.0,0.5764,581.0
1753591987335,04:53:07.335,gateio,A/USDT:USDT,0.5762,14.0,0.5761,296.0,0.5763,87.0,0.5764,566.0
1753591987563,04:53:07.563,gateio,A/USDT:USDT,0.5762,14.0,0.5761,296.0,0.5763,87.0,0.5764,581.0
1753591988169,04:53:08.169,gateio,A/USDT:USDT,0.5762,14.0,0.5761,296.0,0.5763,87.0,0.5764,566.0
1753591988498,04:53:08.498,gateio,A/USDT:USDT,0.5762,14.0,0.5761,296.0,0.5763,87.0,0.5764,566.0
1753591988868,04:53:08.868,gateio,A/USDT:USDT,0.5762,14.0,0.5761,281.0,0.5763,87.0,0.5764,566.0
1753591988963,04:53:08.963,gateio,A/USDT:USDT,0.5762,14.0,0.5761,281.0,0.5763,87.0,0.5764,566.0
1753591989032,04:53:09.032,gateio,A/USDT:USDT,0.5762,14.0,0.5761,296.0,0.5763,87.0,0.5764,566.0
1753591989390,04:53:09.390,gateio,A/USDT:USDT,0.5762,14.0,0.5761,281.0,0.5763,87.0,0.5764,566.0
1753591991277,04:53:11.277,gateio,A/USDT:USDT,0.5762,14.0,0.5761,281.0,0.5764,272.0,0.5765,554.0
1753591991592,04:53:11.592,gateio,A/USDT:USDT,0.5762,14.0,0.5761,281.0,0.5764,272.0,0.5765,554.0
1753591992343,04:53:12.343,gateio,A/USDT:USDT,0.5762,14.0,0.5761,266.0,0.5764,287.0,0.5765,554.0
1753591992761,04:53:12.761,gateio,A/USDT:USDT,0.5762,14.0,0.576,1011.0,0.5763,265.0,0.5764,287.0
1753591992874,04:53:12.874,gateio,A/USDT:USDT,0.5761,14.0,0.576,1011.0,0.5762,87.0,0.5763,559.0
1753591992979,04:53:12.979,gateio,A/USDT:USDT,0.5761,14.0,0.576,974.0,0.5762,87.0,0.5763,559.0
1753591993231,04:53:13.231,gateio,A/USDT:USDT,0.5761,14.0,0.576,974.0,0.5762,87.0,0.5763,559.0
1753591993299,04:53:13.299,gateio,A/USDT:USDT,0.5761,14.0,0.576,974.0,0.5762,87.0,0.5763,559.0
1753591993974,04:53:13.974,gateio,A/USDT:USDT,0.5761,14.0,0.576,974.0,0.5762,87.0,0.5763,559.0
1753591994052,04:53:14.052,gateio,A/USDT:USDT,0.5761,14.0,0.576,989.0,0.5762,87.0,0.5763,559.0
1753591994358,04:53:14.358,gateio,A/USDT:USDT,0.5761,14.0,0.576,974.0,0.5762,87.0,0.5763,559.0
1753591995250,04:53:15.250,gateio,A/USDT:USDT,0.5761,29.0,0.576,974.0,0.5762,87.0,0.5763,559.0
1753591995637,04:53:15.637,gateio,A/USDT:USDT,0.5761,14.0,0.576,974.0,0.5762,87.0,0.5763,559.0
1753591996554,04:53:16.554,gateio,A/USDT:USDT,0.5761,29.0,0.576,974.0,0.5762,87.0,0.5763,559.0
1753591996633,04:53:16.633,gateio,A/USDT:USDT,0.5761,14.0,0.576,974.0,0.5762,87.0,0.5763,559.0
1753591997042,04:53:17.042,gateio,A/USDT:USDT,0.5761,29.0,0.576,974.0,0.5762,87.0,0.5763,559.0
1753591997154,04:53:17.154,gateio,A/USDT:USDT,0.5761,14.0,0.576,974.0,0.5762,87.0,0.5763,559.0
1753591998099,04:53:18.099,gateio,A/USDT:USDT,0.5761,14.0,0.576,974.0,0.5762,87.0,0.5763,559.0
1753591998436,04:53:18.436,gateio,A/USDT:USDT,0.5761,29.0,0.576,974.0,0.5762,87.0,0.5763,559.0
1753591998624,04:53:18.624,gateio,A/USDT:USDT,0.5761,14.0,0.576,974.0,0.5762,87.0,0.5763,559.0
1753591998932,04:53:18.932,gateio,A/USDT:USDT,0.5761,29.0,0.576,974.0,0.5762,87.0,0.5763,559.0
1753591999180,04:53:19.180,gateio,A/USDT:USDT,0.5761,44.0,0.576,974.0,0.5762,87.0,0.5763,559.0
1753592001568,04:53:21.568,gateio,A/USDT:USDT,0.5761,29.0,0.576,1011.0,0.5765,260.0,0.5766,2298.0
1753592001617,04:53:21.617,gateio,A/USDT:USDT,0.5761,321.0,0.576,974.0,0.5765,260.0,0.5766,2298.0
1753592001700,04:53:21.700,gateio,A/USDT:USDT,0.5761,321.0,0.576,974.0,0.5765,260.0,0.5766,2298.0
1753592001883,04:53:21.883,gateio,A/USDT:USDT,0.5761,306.0,0.576,974.0,0.5765,260.0,0.5766,2298.0
1753592002900,04:53:22.900,gateio,A/USDT:USDT,0.5761,306.0,0.576,974.0,0.5765,260.0,0.5766,2298.0
1753592007699,04:53:27.699,gateio,A/USDT:USDT,0.5761,306.0,0.576,974.0,0.5765,260.0,0.5766,2298.0
1753592011523,04:53:31.523,gateio,A/USDT:USDT,0.5761,306.0,0.576,974.0,0.5765,260.0,0.5766,2298.0
1753592012499,04:53:32.499,gateio,A/USDT:USDT,0.5761,306.0,0.576,974.0,0.5765,260.0,0.5766,2298.0
1753592015632,04:53:35.632,gateio,A/USDT:USDT,0.5762,265.0,0.5761,306.0,0.5765,260.0,0.5766,2298.0
1753592015737,04:53:35.737,gateio,A/USDT:USDT,0.5763,14.0,0.5762,302.0,0.5765,260.0,0.5766,2298.0
1753592015786,04:53:35.786,gateio,A/USDT:USDT,0.5763,14.0,0.5762,302.0,0.5765,260.0,0.5766,2298.0
1753592016136,04:53:36.136,gateio,A/USDT:USDT,0.5763,29.0,0.5762,302.0,0.5765,260.0,0.5766,2298.0
1753592016199,04:53:36.199,gateio,A/USDT:USDT,0.5763,29.0,0.5762,302.0,0.5765,260.0,0.5766,2298.0
1753592016773,04:53:36.773,gateio,A/USDT:USDT,0.5763,14.0,0.5762,15.0,0.5764,87.0,0.5765,554.0
1753592016802,04:53:36.802,gateio,A/USDT:USDT,0.5762,44.0,0.5761,292.0,0.5764,87.0,0.5765,554.0
1753592016942,04:53:36.942,gateio,A/USDT:USDT,0.5762,44.0,0.5761,292.0,0.5763,87.0,0.5764,559.0
1753592017018,04:53:37.018,gateio,A/USDT:USDT,0.5762,44.0,0.5761,292.0,0.5763,87.0,0.5764,559.0
1753592017299,04:53:37.299,gateio,A/USDT:USDT,0.5762,44.0,0.5761,292.0,0.5763,87.0,0.5764,559.0
1753592018149,04:53:38.149,gateio,A/USDT:USDT,0.5762,14.0,0.5761,270.0,0.5763,87.0,0.5764,559.0
1753592018241,04:53:38.241,gateio,A/USDT:USDT,0.5762,14.0,0.5761,270.0,0.5763,87.0,0.5764,559.0
1753592018697,04:53:38.697,gateio,A/USDT:USDT,0.5762,14.0,0.5761,285.0,0.5763,87.0,0.5764,559.0
1753592019429,04:53:39.429,gateio,A/USDT:USDT,0.5762,44.0,0.5761,285.0,0.5763,87.0,0.5764,559.0
1753592020443,04:53:40.443,gateio,A/USDT:USDT,0.5762,29.0,0.5761,285.0,0.5763,87.0,0.5764,559.0
1753592021054,04:53:41.054,gateio,A/USDT:USDT,0.5762,14.0,0.5761,270.0,0.5763,87.0,0.5764,559.0
1753592021455,04:53:41.455,gateio,A/USDT:USDT,0.5762,29.0,0.5761,270.0,0.5763,87.0,0.5764,559.0
1753592021502,04:53:41.502,gateio,A/USDT:USDT,0.5762,14.0,0.5761,270.0,0.5763,87.0,0.5764,559.0
1753592021688,04:53:41.688,gateio,A/USDT:USDT,0.5762,29.0,0.5761,270.0,0.5763,87.0,0.5764,559.0
1753592022100,04:53:42.100,gateio,A/USDT:USDT,0.5762,29.0,0.5761,270.0,0.5763,87.0,0.5764,559.0
1753592022342,04:53:42.342,gateio,A/USDT:USDT,0.5762,14.0,0.5761,270.0,0.5763,87.0,0.5764,559.0
1753592022846,04:53:42.846,gateio,A/USDT:USDT,0.5762,29.0,0.5761,270.0,0.5763,87.0,0.5764,559.0
1753592023922,04:53:43.922,gateio,A/USDT:USDT,0.5762,14.0,0.5761,270.0,0.5763,87.0,0.5764,559.0
1753592024340,04:53:44.340,gateio,A/USDT:USDT,0.5762,29.0,0.5761,270.0,0.5763,87.0,0.5764,559.0
1753592024534,04:53:44.534,gateio,A/USDT:USDT,0.5762,14.0,0.5761,270.0,0.5763,87.0,0.5764,559.0
1753592026852,04:53:46.852,gateio,A/USDT:USDT,0.5762,29.0,0.5761,270.0,0.5763,87.0,0.5764,559.0
1753592027129,04:53:47.129,gateio,A/USDT:USDT,0.5762,29.0,0.5761,270.0,0.5763,87.0,0.5764,559.0
1753592027366,04:53:47.366,gateio,A/USDT:USDT,0.5762,29.0,0.5761,270.0,0.5763,87.0,0.5764,559.0
1753592028031,04:53:48.031,gateio,A/USDT:USDT,0.5762,287.0,0.5761,270.0,0.5763,87.0,0.5764,559.0
1753592029378,04:53:49.378,gateio,A/USDT:USDT,0.5762,302.0,0.5761,292.0,0.5764,294.0,0.5765,260.0
1753592029402,04:53:49.402,gateio,A/USDT:USDT,0.5762,288.0,0.5761,292.0,0.5764,87.0,0.5765,554.0
1753592029554,04:53:49.554,gateio,A/USDT:USDT,0.5762,288.0,0.5761,292.0,0.5764,87.0,0.5765,554.0
1753592029647,04:53:49.647,gateio,A/USDT:USDT,0.5762,288.0,0.5761,292.0,0.5764,87.0,0.5765,554.0
1753592030562,04:53:50.562,gateio,A/USDT:USDT,0.5762,258.0,0.5761,292.0,0.5764,87.0,0.5765,554.0
1753592030717,04:53:50.717,gateio,A/USDT:USDT,0.5761,270.0,0.576,1011.0,0.5763,87.0,0.5764,552.0
1753592030787,04:53:50.787,gateio,A/USDT:USDT,0.5761,270.0,0.576,1011.0,0.5763,87.0,0.5764,552.0
1753592031654,04:53:51.654,gateio,A/USDT:USDT,0.5761,270.0,0.576,1011.0,0.5763,87.0,0.5764,552.0
1753592031976,04:53:51.976,gateio,A/USDT:USDT,0.5761,270.0,0.576,1011.0,0.5763,87.0,0.5764,552.0
1753592032071,04:53:52.071,gateio,A/USDT:USDT,0.5761,270.0,0.576,1011.0,0.5763,87.0,0.5764,552.0
1753592032193,04:53:52.193,gateio,A/USDT:USDT,0.5761,285.0,0.576,1011.0,0.5763,87.0,0.5764,552.0
1753592033084,04:53:53.084,gateio,A/USDT:USDT,0.5761,270.0,0.576,1011.0,0.5763,87.0,0.5764,552.0
1753592033407,04:53:53.407,gateio,A/USDT:USDT,0.5761,285.0,0.576,1011.0,0.5763,87.0,0.5764,552.0
1753592034056,04:53:54.056,gateio,A/USDT:USDT,0.5761,285.0,0.576,1011.0,0.5763,87.0,0.5764,552.0
1753592036054,04:53:56.054,gateio,A/USDT:USDT,0.5761,285.0,0.576,1011.0,0.5763,87.0,0.5764,552.0
1753592036702,04:53:56.702,gateio,A/USDT:USDT,0.5761,285.0,0.576,1011.0,0.5763,87.0,0.5764,552.0
1753592037178,04:53:57.178,gateio,A/USDT:USDT,0.5761,285.0,0.576,1011.0,0.5763,87.0,0.5764,552.0
1753592039184,04:53:59.184,gateio,A/USDT:USDT,0.5761,285.0,0.576,1011.0,0.5763,87.0,0.5764,552.0
1753592039625,04:53:59.625,gateio,A/USDT:USDT,0.5761,285.0,0.576,1011.0,0.5763,87.0,0.5764,552.0
1753592040665,04:54:00.665,gateio,A/USDT:USDT,0.5761,285.0,0.576,1011.0,0.5763,87.0,0.5764,552.0
1753592040779,04:54:00.779,gateio,A/USDT:USDT,0.5761,285.0,0.576,1011.0,0.5763,87.0,0.5764,552.0
1753592040846,04:54:00.846,gateio,A/USDT:USDT,0.5761,285.0,0.576,1011.0,0.5763,87.0,0.5764,552.0
1753592041238,04:54:01.238,gateio,A/USDT:USDT,0.5761,285.0,0.576,1011.0,0.5763,87.0,0.5764,552.0
1753592042004,04:54:02.004,gateio,A/USDT:USDT,0.5761,285.0,0.576,1011.0,0.5763,87.0,0.5764,552.0
1753592042468,04:54:02.468,gateio,A/USDT:USDT,0.5761,285.0,0.576,1011.0,0.5763,87.0,0.5764,552.0
1753592043452,04:54:03.452,gateio,A/USDT:USDT,0.5761,285.0,0.576,1011.0,0.5764,345.0,0.5765,553.0
1753592043525,04:54:03.525,gateio,A/USDT:USDT,0.5762,44.0,0.5761,255.0,0.5763,87.0,0.5764,551.0
1753592043687,04:54:03.687,gateio,A/USDT:USDT,0.5762,44.0,0.5761,255.0,0.5763,87.0,0.5764,551.0
1753592044042,04:54:04.042,gateio,A/USDT:USDT,0.5762,14.0,0.5761,255.0,0.5763,87.0,0.5764,551.0
1753592049977,04:54:09.977,gateio,A/USDT:USDT,0.5762,44.0,0.5761,255.0,0.5763,87.0,0.5764,293.0
1753592050039,04:54:10.039,gateio,A/USDT:USDT,0.5762,29.0,0.5761,292.0,0.5764,87.0,0.5765,260.0
1753592050135,04:54:10.135,gateio,A/USDT:USDT,0.5762,303.0,0.5761,292.0,0.5764,87.0,0.5765,553.0
1753592050267,04:54:10.267,gateio,A/USDT:USDT,0.5762,274.0,0.5761,292.0,0.5764,87.0,0.5765,553.0
1753592050323,04:54:10.323,gateio,A/USDT:USDT,0.5762,274.0,0.5761,292.0,0.5764,87.0,0.5765,553.0
1753592050679,04:54:10.679,gateio,A/USDT:USDT,0.5762,289.0,0.5761,292.0,0.5764,87.0,0.5765,553.0
1753592050767,04:54:10.767,gateio,A/USDT:USDT,0.5762,274.0,0.5761,292.0,0.5765,260.0,0.5766,1942.0
1753592050853,04:54:10.853,gateio,A/USDT:USDT,0.5763,14.0,0.5762,259.0,0.5765,290.0,0.5766,1942.0
1753592050965,04:54:10.965,gateio,A/USDT:USDT,0.5763,14.0,0.5762,259.0,0.5765,290.0,0.5766,1942.0
1753592051828,04:54:11.828,gateio,A/USDT:USDT,0.5763,14.0,0.5762,259.0,0.5765,275.0,0.5766,1942.0
1753592052143,04:54:12.143,gateio,A/USDT:USDT,0.5763,14.0,0.5762,259.0,0.5765,275.0,0.5766,1942.0
1753592052186,04:54:12.186,gateio,A/USDT:USDT,0.5763,14.0,0.5762,259.0,0.5765,290.0,0.5766,1942.0
1753592053500,04:54:13.500,gateio,A/USDT:USDT,0.5763,14.0,0.5762,259.0,0.5765,275.0,0.5766,1942.0
1753592053784,04:54:13.784,gateio,A/USDT:USDT,0.5763,14.0,0.5762,259.0,0.5765,290.0,0.5766,1942.0
1753592053900,04:54:13.900,gateio,A/USDT:USDT,0.5763,14.0,0.5762,259.0,0.5765,290.0,0.5766,1942.0
1753592054245,04:54:14.245,gateio,A/USDT:USDT,0.5763,14.0,0.5762,259.0,0.5765,275.0,0.5766,1942.0
1753592057036,04:54:17.036,gateio,A/USDT:USDT,0.5763,14.0,0.5762,259.0,0.5765,260.0,0.5766,1942.0
1753592057156,04:54:17.156,gateio,A/USDT:USDT,0.5763,14.0,0.5762,259.0,0.5765,275.0,0.5766,1942.0
1753592058700,04:54:18.700,gateio,A/USDT:USDT,0.5763,14.0,0.5762,259.0,0.5765,275.0,0.5766,1942.0
1753592059874,04:54:19.874,gateio,A/USDT:USDT,0.5763,29.0,0.5762,259.0,0.5765,275.0,0.5766,1942.0
1753592059938,04:54:19.938,gateio,A/USDT:USDT,0.5763,14.0,0.5762,259.0,0.5764,87.0,0.5765,553.0
1753592062708,04:54:22.708,gateio,A/USDT:USDT,0.5763,14.0,0.5761,292.0,0.5764,353.0,0.5765,553.0
1753592062789,04:54:22.789,gateio,A/USDT:USDT,0.5762,14.0,0.5761,292.0,0.5764,353.0,0.5765,553.0
1753592062881,04:54:22.881,gateio,A/USDT:USDT,0.5762,14.0,0.5761,292.0,0.5764,353.0,0.5765,553.0
1753592063076,04:54:23.076,gateio,A/USDT:USDT,0.5762,29.0,0.5761,292.0,0.5764,353.0,0.5765,553.0
1753592063133,04:54:23.133,gateio,A/USDT:USDT,0.5762,14.0,0.5761,292.0,0.5764,368.0,0.5765,553.0
1753592063502,04:54:23.502,gateio,A/USDT:USDT,0.5762,14.0,0.5761,292.0,0.5764,368.0,0.5765,553.0
1753592063979,04:54:23.979,gateio,A/USDT:USDT,0.5762,29.0,0.5761,292.0,0.5764,353.0,0.5765,553.0
1753592063995,04:54:23.995,gateio,A/USDT:USDT,0.5762,295.0,0.5761,292.0,0.5764,87.0,0.5765,553.0
1753592064086,04:54:24.086,gateio,A/USDT:USDT,0.5762,281.0,0.5761,292.0,0.5764,87.0,0.5765,553.0
1753592064189,04:54:24.189,gateio,A/USDT:USDT,0.5762,281.0,0.5761,292.0,0.5764,89.0,0.5765,553.0
1753592064344,04:54:24.344,gateio,A/USDT:USDT,0.5762,296.0,0.5761,292.0,0.5764,89.0,0.5765,553.0
1753592065482,04:54:25.482,gateio,A/USDT:USDT,0.5762,296.0,0.5761,292.0,0.5764,89.0,0.5765,553.0
1753592066458,04:54:26.458,gateio,A/USDT:USDT,0.5762,296.0,0.5761,292.0,0.5764,89.0,0.5765,553.0
1753592066570,04:54:26.570,gateio,A/USDT:USDT,0.5762,296.0,0.5761,292.0,0.5764,89.0,0.5765,553.0
1753592066633,04:54:26.633,gateio,A/USDT:USDT,0.5762,296.0,0.5761,292.0,0.5764,89.0,0.5765,553.0
1753592066772,04:54:26.772,gateio,A/USDT:USDT,0.5761,285.0,0.576,1011.0,0.5763,87.0,0.5764,561.0
1753592066811,04:54:26.811,gateio,A/USDT:USDT,0.5761,285.0,0.576,1011.0,0.5764,355.0,0.5765,553.0
1753592066911,04:54:26.911,gateio,A/USDT:USDT,0.5762,16.0,0.5761,307.0,0.5764,355.0,0.5765,553.0
1753592067030,04:54:27.030,gateio,A/USDT:USDT,0.5762,31.0,0.5761,307.0,0.5764,353.0,0.5765,553.0
1753592067544,04:54:27.544,gateio,A/USDT:USDT,0.5762,46.0,0.5761,292.0,0.5764,353.0,0.5765,553.0
1753592067751,04:54:27.751,gateio,A/USDT:USDT,0.5762,46.0,0.5761,292.0,0.5764,353.0,0.5765,553.0
1753592068978,04:54:28.978,gateio,A/USDT:USDT,0.5762,46.0,0.5761,292.0,0.5764,353.0,0.5765,553.0
1753592068995,04:54:28.995,gateio,A/USDT:USDT,0.5762,46.0,0.5761,292.0,0.5764,353.0,0.5765,553.0
1753592069164,04:54:29.164,gateio,A/USDT:USDT,0.5762,46.0,0.5761,292.0,0.5764,368.0,0.5765,553.0
1753592069189,04:54:29.189,gateio,A/USDT:USDT,0.5762,46.0,0.5761,292.0,0.5764,353.0,0.5765,553.0
1753592069416,04:54:29.416,gateio,A/USDT:USDT,0.5762,46.0,0.5761,292.0,0.5764,353.0,0.5765,553.0
1753592072127,04:54:32.127,gateio,A/USDT:USDT,0.5762,46.0,0.5761,292.0,0.5764,353.0,0.5765,553.0
1753592073179,04:54:33.179,gateio,A/USDT:USDT,0.5762,31.0,0.5761,292.0,0.5763,87.0,0.5764,368.0
1753592073198,04:54:33.198,gateio,A/USDT:USDT,0.5762,16.0,0.5761,255.0,0.5763,89.0,0.5764,560.0
1753592073327,04:54:33.327,gateio,A/USDT:USDT,0.5762,16.0,0.5761,255.0,0.5763,89.0,0.5764,560.0
1753592073440,04:54:33.440,gateio,A/USDT:USDT,0.5762,16.0,0.5761,255.0,0.5763,89.0,0.5764,560.0
1753592073666,04:54:33.666,gateio,A/USDT:USDT,0.5762,16.0,0.5761,255.0,0.5763,89.0,0.5764,560.0
1753592073853,04:54:33.853,gateio,A/USDT:USDT,0.5762,16.0,0.5761,255.0,0.5763,89.0,0.5764,560.0
1753592074622,04:54:34.622,gateio,A/USDT:USDT,0.5762,16.0,0.5761,255.0,0.5763,2.0,0.5764,560.0
1753592076656,04:54:36.656,gateio,A/USDT:USDT,0.5762,16.0,0.576,1011.0,0.5763,288.0,0.5764,560.0
1753592076763,04:54:36.763,gateio,A/USDT:USDT,0.5761,16.0,0.576,1011.0,0.5763,273.0,0.5764,560.0
1753592076811,04:54:36.811,gateio,A/USDT:USDT,0.5761,16.0,0.576,655.0,0.5763,271.0,0.5764,560.0
1753592076879,04:54:36.879,gateio,A/USDT:USDT,0.5761,16.0,0.576,655.0,0.5763,271.0,0.5764,560.0
1753592077080,04:54:37.080,gateio,A/USDT:USDT,0.5761,31.0,0.576,655.0,0.5763,271.0,0.5764,560.0
1753592077131,04:54:37.131,gateio,A/USDT:USDT,0.5761,31.0,0.576,655.0,0.5763,256.0,0.5764,560.0
1753592077217,04:54:37.217,gateio,A/USDT:USDT,0.5761,46.0,0.576,655.0,0.5763,256.0,0.5764,560.0
1753592077370,04:54:37.370,gateio,A/USDT:USDT,0.5761,31.0,0.576,655.0,0.5763,256.0,0.5764,560.0
1753592077868,04:54:37.868,gateio,A/USDT:USDT,0.5761,31.0,0.576,655.0,0.5763,256.0,0.5764,560.0
1753592078012,04:54:38.012,gateio,A/USDT:USDT,0.5761,31.0,0.576,655.0,0.5763,256.0,0.5764,560.0
1753592078555,04:54:38.555,gateio,A/USDT:USDT,0.5761,46.0,0.576,655.0,0.5763,256.0,0.5764,560.0
1753592078759,04:54:38.759,gateio,A/USDT:USDT,0.5761,16.0,0.576,655.0,0.5763,271.0,0.5764,560.0
1753592078862,04:54:38.862,gateio,A/USDT:USDT,0.5761,16.0,0.576,655.0,0.5763,286.0,0.5764,560.0
1753592078890,04:54:38.890,gateio,A/USDT:USDT,0.5761,16.0,0.576,655.0,0.5763,286.0,0.5764,560.0
1753592079017,04:54:39.017,gateio,A/USDT:USDT,0.5761,31.0,0.576,655.0,0.5763,286.0,0.5764,560.0
1753592079219,04:54:39.219,gateio,A/USDT:USDT,0.5761,31.0,0.576,655.0,0.5763,256.0,0.5764,560.0
1753592080048,04:54:40.048,gateio,A/USDT:USDT,0.5761,31.0,0.576,655.0,0.5763,256.0,0.5764,560.0
1753592080346,04:54:40.346,gateio,A/USDT:USDT,0.5761,31.0,0.576,655.0,0.5762,87.0,0.5763,256.0
1753592080441,04:54:40.441,gateio,A/USDT:USDT,0.5761,31.0,0.576,655.0,0.5762,89.0,0.5763,550.0
1753592080555,04:54:40.555,gateio,A/USDT:USDT,0.5761,16.0,0.576,655.0,0.5762,89.0,0.5763,550.0
1753592080647,04:54:40.647,gateio,A/USDT:USDT,0.5761,16.0,0.576,618.0,0.5762,89.0,0.5763,550.0
1753592080704,04:54:40.704,gateio,A/USDT:USDT,0.5761,16.0,0.576,618.0,0.5762,89.0,0.5763,550.0
1753592082379,04:54:42.379,gateio,A/USDT:USDT,0.5761,16.0,0.576,618.0,0.5762,89.0,0.5763,550.0
1753592082468,04:54:42.468,gateio,A/USDT:USDT,0.5761,16.0,0.576,618.0,0.5762,89.0,0.5763,550.0
1753592082675,04:54:42.675,gateio,A/USDT:USDT,0.5761,16.0,0.576,355.0,0.5762,368.0,0.5763,550.0
1753592082763,04:54:42.763,gateio,A/USDT:USDT,0.5761,16.0,0.576,355.0,0.5762,368.0,0.5763,550.0
1753592082870,04:54:42.870,gateio,A/USDT:USDT,0.5761,16.0,0.576,355.0,0.5762,368.0,0.5763,550.0
1753592083399,04:54:43.399,gateio,A/USDT:USDT,0.5761,16.0,0.576,355.0,0.5762,368.0,0.5763,550.0
1753592083686,04:54:43.686,gateio,A/USDT:USDT,0.5761,16.0,0.576,355.0,0.5762,368.0,0.5763,550.0
1753592083867,04:54:43.867,gateio,A/USDT:USDT,0.5761,16.0,0.576,355.0,0.5762,368.0,0.5763,550.0
1753592083991,04:54:43.991,gateio,A/USDT:USDT,0.5761,16.0,0.576,355.0,0.5762,368.0,0.5763,550.0
1753592084742,04:54:44.742,gateio,A/USDT:USDT,0.5761,16.0,0.576,355.0,0.5762,368.0,0.5763,550.0
1753592084802,04:54:44.802,gateio,A/USDT:USDT,0.5761,16.0,0.576,355.0,0.5762,353.0,0.5763,550.0
1753592084912,04:54:44.912,gateio,A/USDT:USDT,0.5761,16.0,0.576,355.0,0.5762,368.0,0.5763,550.0
1753592085047,04:54:45.047,gateio,A/USDT:USDT,0.5761,16.0,0.576,355.0,0.5762,368.0,0.5763,550.0
1753592085101,04:54:45.101,gateio,A/USDT:USDT,0.5761,16.0,0.576,355.0,0.5762,368.0,0.5763,550.0
1753592085203,04:54:45.203,gateio,A/USDT:USDT,0.5761,16.0,0.576,355.0,0.5762,368.0,0.5763,550.0
1753592085311,04:54:45.311,gateio,A/USDT:USDT,0.5761,16.0,0.576,355.0,0.5762,368.0,0.5763,550.0
1753592085619,04:54:45.619,gateio,A/USDT:USDT,0.5761,16.0,0.576,355.0,0.5762,368.0,0.5763,550.0
1753592085822,04:54:45.822,gateio,A/USDT:USDT,0.5761,16.0,0.576,355.0,0.5762,368.0,0.5763,550.0
1753592086038,04:54:46.038,gateio,A/USDT:USDT,0.5761,16.0,0.576,355.0,0.5762,353.0,0.5763,550.0
1753592086178,04:54:46.178,gateio,A/USDT:USDT,0.5761,16.0,0.576,355.0,0.5762,353.0,0.5763,550.0
1753592087138,04:54:47.138,gateio,A/USDT:USDT,0.5761,16.0,0.576,355.0,0.5762,353.0,0.5763,550.0
1753592087339,04:54:47.339,gateio,A/USDT:USDT,0.5761,16.0,0.576,355.0,0.5762,353.0,0.5763,550.0
1753592088157,04:54:48.157,gateio,A/USDT:USDT,0.5761,16.0,0.576,355.0,0.5762,368.0,0.5763,550.0
1753592088474,04:54:48.474,gateio,A/USDT:USDT,0.5761,16.0,0.576,355.0,0.5762,353.0,0.5763,550.0
1753592089918,04:54:49.918,gateio,A/USDT:USDT,0.5761,16.0,0.576,355.0,0.5762,368.0,0.5763,550.0
1753592092114,04:54:52.114,gateio,A/USDT:USDT,0.5761,16.0,0.576,355.0,0.5762,353.0,0.5763,550.0
1753592092242,04:54:52.242,gateio,A/USDT:USDT,0.5761,16.0,0.576,355.0,0.5762,353.0,0.5763,550.0
1753592092554,04:54:52.554,gateio,A/USDT:USDT,0.5761,16.0,0.576,355.0,0.5762,368.0,0.5763,550.0
1753592093420,04:54:53.420,gateio,A/USDT:USDT,0.5761,16.0,0.576,355.0,0.5762,353.0,0.5763,550.0
1753592094722,04:54:54.722,gateio,A/USDT:USDT,0.5761,16.0,0.576,355.0,0.5762,353.0,0.5763,550.0
1753592094854,04:54:54.854,gateio,A/USDT:USDT,0.5761,16.0,0.576,355.0,0.5762,368.0,0.5763,550.0
1753592095523,04:54:55.523,gateio,A/USDT:USDT,0.5761,16.0,0.576,355.0,0.5762,353.0,0.5763,550.0
1753592097162,04:54:57.162,gateio,A/USDT:USDT,0.5761,16.0,0.576,355.0,0.5762,353.0,0.5763,550.0
1753592097457,04:54:57.457,gateio,A/USDT:USDT,0.5761,16.0,0.576,355.0,0.5762,353.0,0.5763,550.0
1753592098154,04:54:58.154,gateio,A/USDT:USDT,0.5761,16.0,0.576,392.0,0.5762,2.0,0.5763,550.0
1753592098841,04:54:58.841,gateio,A/USDT:USDT,0.5761,16.0,0.576,392.0,0.5762,2.0,0.5763,550.0
1753592098997,04:54:58.997,gateio,A/USDT:USDT,0.5761,31.0,0.576,392.0,0.5762,2.0,0.5763,550.0
1753592099116,04:54:59.116,gateio,A/USDT:USDT,0.5761,16.0,0.576,392.0,0.5762,2.0,0.5763,550.0
1753592099523,04:54:59.523,gateio,A/USDT:USDT,0.5761,16.0,0.576,392.0,0.5762,2.0,0.5763,550.0
1753592100175,04:55:00.175,gateio,A/USDT:USDT,0.5761,16.0,0.576,355.0,0.5762,269.0,0.5763,550.0
1753592101302,04:55:01.302,gateio,A/USDT:USDT,0.5761,16.0,0.576,355.0,0.5762,269.0,0.5763,550.0
1753592101390,04:55:01.390,gateio,A/USDT:USDT,0.5761,16.0,0.576,355.0,0.5762,2.0,0.5763,550.0
1753592101779,04:55:01.779,gateio,A/USDT:USDT,0.5761,29.0,0.576,392.0,0.5762,2.0,0.5763,550.0
1753592101949,04:55:01.949,gateio,A/USDT:USDT,0.5761,16.0,0.576,392.0,0.5762,2.0,0.5763,550.0
1753592104303,04:55:04.303,gateio,A/USDT:USDT,0.5761,16.0,0.576,392.0,0.5762,2.0,0.5763,550.0
1753592104394,04:55:04.394,gateio,A/USDT:USDT,0.5761,16.0,0.576,392.0,0.5762,2.0,0.5763,550.0
1753592107103,04:55:07.103,gateio,A/USDT:USDT,0.5761,16.0,0.576,392.0,0.5762,2.0,0.5763,550.0
1753592109103,04:55:09.103,gateio,A/USDT:USDT,0.5761,16.0,0.576,392.0,0.5762,2.0,0.5763,550.0
1753592110543,04:55:10.543,gateio,A/USDT:USDT,0.5761,16.0,0.576,392.0,0.5762,2.0,0.5763,550.0
1753592110981,04:55:10.981,gateio,A/USDT:USDT,0.5761,16.0,0.576,392.0,0.5762,2.0,0.5763,550.0
1753592112177,04:55:12.177,gateio,A/USDT:USDT,0.5761,16.0,0.576,355.0,0.5762,2.0,0.5763,550.0
1753592112724,04:55:12.724,gateio,A/USDT:USDT,0.5761,16.0,0.576,355.0,0.5762,269.0,0.5763,550.0
1753592112878,04:55:12.878,gateio,A/USDT:USDT,0.5761,16.0,0.576,355.0,0.5762,269.0,0.5763,550.0
1753592112902,04:55:12.902,gateio,A/USDT:USDT,0.5761,16.0,0.576,355.0,0.5762,269.0,0.5763,550.0
1753592113753,04:55:13.753,gateio,A/USDT:USDT,0.5761,29.0,0.576,355.0,0.5762,269.0,0.5763,550.0
1753592113974,04:55:13.974,gateio,A/USDT:USDT,0.5761,29.0,0.576,355.0,0.5762,269.0,0.5763,550.0
1753592113994,04:55:13.994,gateio,A/USDT:USDT,0.5761,16.0,0.576,355.0,0.5762,269.0,0.5763,550.0
1753592116076,04:55:16.076,gateio,A/USDT:USDT,0.5761,29.0,0.576,355.0,0.5762,269.0,0.5763,550.0
1753592118677,04:55:18.677,gateio,A/USDT:USDT,0.5761,29.0,0.576,355.0,0.5762,269.0,0.5763,550.0
1753592118703,04:55:18.703,gateio,A/USDT:USDT,0.5761,29.0,0.576,355.0,0.5762,269.0,0.5763,550.0
1753592120941,04:55:20.941,gateio,A/USDT:USDT,0.5761,16.0,0.576,355.0,0.5762,269.0,0.5763,550.0
1753592121179,04:55:21.179,gateio,A/USDT:USDT,0.5761,16.0,0.5759,263.0,0.5762,282.0,0.5763,1278.0
1753592121276,04:55:21.276,gateio,A/USDT:USDT,0.576,16.0,0.5759,263.0,0.5762,282.0,0.5763,923.0
1753592121321,04:55:21.321,gateio,A/USDT:USDT,0.576,16.0,0.5759,263.0,0.5762,280.0,0.5763,923.0
1753592121543,04:55:21.543,gateio,A/USDT:USDT,0.576,16.0,0.5759,263.0,0.5762,280.0,0.5763,2164.0
1753592122318,04:55:22.318,gateio,A/USDT:USDT,0.576,16.0,0.5759,263.0,0.5762,280.0,0.5763,2164.0
1753592122645,04:55:22.645,gateio,A/USDT:USDT,0.576,16.0,0.5759,263.0,0.5761,263.0,0.5762,280.0
1753592122778,04:55:22.778,gateio,A/USDT:USDT,0.576,16.0,0.5758,1657.0,0.5761,278.0,0.5762,560.0
1753592122831,04:55:22.831,gateio,A/USDT:USDT,0.5759,29.0,0.5758,1657.0,0.576,87.0,0.5761,558.0
1753592122960,04:55:22.960,gateio,A/USDT:USDT,0.5759,29.0,0.5758,1663.0,0.576,87.0,0.5761,558.0
1753592123077,04:55:23.077,gateio,A/USDT:USDT,0.5759,16.0,0.5758,1400.0,0.576,350.0,0.5761,571.0
1753592123145,04:55:23.145,gateio,A/USDT:USDT,0.5759,16.0,0.5758,1400.0,0.576,350.0,0.5761,571.0
1753592123206,04:55:23.206,gateio,A/USDT:USDT,0.5759,16.0,0.5758,1400.0,0.576,350.0,0.5761,571.0
1753592123350,04:55:23.350,gateio,A/USDT:USDT,0.5759,16.0,0.5758,6.0,0.576,363.0,0.5761,571.0
1753592123419,04:55:23.419,gateio,A/USDT:USDT,0.5758,35.0,0.5757,392.0,0.576,363.0,0.5761,571.0
1753592123568,04:55:23.568,gateio,A/USDT:USDT,0.5758,35.0,0.5757,392.0,0.576,363.0,0.5761,569.0
1753592123668,04:55:23.668,gateio,A/USDT:USDT,0.5758,35.0,0.5757,392.0,0.5759,87.0,0.576,350.0
1753592123697,04:55:23.697,gateio,A/USDT:USDT,0.5758,35.0,0.5757,392.0,0.5759,89.0,0.576,556.0
1753592123852,04:55:23.852,gateio,A/USDT:USDT,0.5758,35.0,0.5757,355.0,0.5759,89.0,0.576,556.0
1753592123921,04:55:23.921,gateio,A/USDT:USDT,0.5758,29.0,0.5757,355.0,0.5759,89.0,0.576,556.0
1753592123990,04:55:23.990,gateio,A/USDT:USDT,0.5758,29.0,0.5757,355.0,0.5759,89.0,0.576,556.0
1753592124267,04:55:24.267,gateio,A/USDT:USDT,0.5758,29.0,0.5757,368.0,0.5759,89.0,0.576,556.0
1753592124675,04:55:24.675,gateio,A/USDT:USDT,0.5758,29.0,0.5757,355.0,0.5759,89.0,0.576,556.0
1753592124688,04:55:24.688,gateio,A/USDT:USDT,0.5758,29.0,0.5757,355.0,0.5759,89.0,0.576,556.0
1753592124807,04:55:24.807,gateio,A/USDT:USDT,0.5758,29.0,0.5757,355.0,0.5759,89.0,0.576,556.0
1753592127055,04:55:27.055,gateio,A/USDT:USDT,0.5758,29.0,0.5757,355.0,0.5759,89.0,0.576,556.0
1753592127359,04:55:27.359,gateio,A/USDT:USDT,0.5758,29.0,0.5757,355.0,0.5759,89.0,0.576,556.0
1753592127382,04:55:27.382,gateio,A/USDT:USDT,0.5758,29.0,0.5757,355.0,0.5759,89.0,0.576,556.0
1753592127574,04:55:27.574,gateio,A/USDT:USDT,0.5758,29.0,0.5757,355.0,0.5759,89.0,0.576,556.0
1753592128357,04:55:28.357,gateio,A/USDT:USDT,0.5758,29.0,0.5757,355.0,0.5759,89.0,0.576,556.0
1753592128857,04:55:28.857,gateio,A/USDT:USDT,0.5758,29.0,0.5757,355.0,0.5759,89.0,0.576,556.0
1753592129457,04:55:29.457,gateio,A/USDT:USDT,0.5758,29.0,0.5757,392.0,0.5759,2.0,0.576,556.0
1753592132038,04:55:32.038,gateio,A/USDT:USDT,0.5758,42.0,0.5757,392.0,0.5759,2.0,0.576,556.0
1753592133162,04:55:33.162,gateio,A/USDT:USDT,0.5758,42.0,0.5757,392.0,0.5759,2.0,0.576,556.0
1753592133477,04:55:33.477,gateio,A/USDT:USDT,0.5758,16.0,0.5757,392.0,0.5759,2.0,0.576,556.0
1753592137578,04:55:37.578,gateio,A/USDT:USDT,0.5758,16.0,0.5757,355.0,0.5759,260.0,0.576,556.0
1753592137578,04:55:37.578,gateio,A/USDT:USDT,0.5758,16.0,0.5757,355.0,0.5759,260.0,0.576,556.0
1753592137902,04:55:37.902,gateio,A/USDT:USDT,0.5758,16.0,0.5757,355.0,0.5759,260.0,0.576,556.0
1753592138962,04:55:38.962,gateio,A/USDT:USDT,0.5758,16.0,0.5757,355.0,0.5759,260.0,0.576,556.0
1753592140427,04:55:40.427,gateio,A/USDT:USDT,0.5758,16.0,0.5757,355.0,0.5759,260.0,0.576,556.0
1753592141065,04:55:41.065,gateio,A/USDT:USDT,0.5758,16.0,0.5757,355.0,0.5759,2.0,0.576,556.0
1753592142702,04:55:42.702,gateio,A/USDT:USDT,0.5758,16.0,0.5757,355.0,0.5759,2.0,0.576,556.0
1753592147522,04:55:47.522,gateio,A/USDT:USDT,0.5758,16.0,0.5757,355.0,0.5759,2.0,0.576,556.0
1753592148889,04:55:48.889,gateio,A/USDT:USDT,0.5758,16.0,0.5757,355.0,0.5759,2.0,0.576,556.0
1753592152303,04:55:52.303,gateio,A/USDT:USDT,0.5758,16.0,0.5757,355.0,0.5759,2.0,0.576,556.0
1753592156062,04:55:56.062,gateio,A/USDT:USDT,0.5758,16.0,0.5757,355.0,0.5759,2.0,0.576,556.0
1753592156357,04:55:56.357,gateio,A/USDT:USDT,0.5758,298.0,0.5757,392.0,0.5759,2.0,0.5761,256.0
1753592156456,04:55:56.456,gateio,A/USDT:USDT,0.5758,272.0,0.5757,392.0,0.576,2.0,0.5761,548.0
1753592156516,04:55:56.516,gateio,A/USDT:USDT,0.5758,282.0,0.5757,392.0,0.576,2.0,0.5761,548.0
1753592156581,04:55:56.581,gateio,A/USDT:USDT,0.5758,282.0,0.5757,392.0,0.576,2.0,0.5761,548.0
1753592156903,04:55:56.903,gateio,A/USDT:USDT,0.5758,269.0,0.5757,392.0,0.576,258.0,0.5761,548.0
1753592156986,04:55:56.986,gateio,A/USDT:USDT,0.5758,269.0,0.5757,392.0,0.576,256.0,0.5761,548.0
1753592157103,04:55:57.103,gateio,A/USDT:USDT,0.5758,269.0,0.5757,392.0,0.576,256.0,0.5761,548.0
1753592157397,04:55:57.397,gateio,A/USDT:USDT,0.5758,269.0,0.5757,392.0,0.576,256.0,0.5761,548.0
1753592158239,04:55:58.239,gateio,A/USDT:USDT,0.5758,269.0,0.5757,392.0,0.5761,256.0,0.5762,1424.0
1753592158365,04:55:58.365,gateio,A/USDT:USDT,0.5759,29.0,0.5758,293.0,0.576,2.0,0.5761,548.0
1753592158422,04:55:58.422,gateio,A/USDT:USDT,0.5759,29.0,0.5758,293.0,0.576,2.0,0.5761,548.0
1753592158976,04:55:58.976,gateio,A/USDT:USDT,0.5759,29.0,0.5758,293.0,0.576,2.0,0.5761,548.0
1753592159292,04:55:59.292,gateio,A/USDT:USDT,0.5759,29.0,0.5758,293.0,0.576,2.0,0.5761,548.0
1753592159423,04:55:59.423,gateio,A/USDT:USDT,0.5759,29.0,0.5758,293.0,0.576,2.0,0.5761,548.0
1753592161231,04:56:01.231,gateio,A/USDT:USDT,0.5759,29.0,0.5758,293.0,0.576,2.0,0.5761,548.0
1753592161330,04:56:01.330,gateio,A/USDT:USDT,0.5759,16.0,0.5758,293.0,0.576,2.0,0.5761,548.0
1753592161904,04:56:01.904,gateio,A/USDT:USDT,0.5759,16.0,0.5758,293.0,0.576,2.0,0.5761,548.0
1753592162122,04:56:02.122,gateio,A/USDT:USDT,0.5759,16.0,0.5758,293.0,0.576,2.0,0.5761,548.0
1753592162774,04:56:02.774,gateio,A/USDT:USDT,0.5759,272.0,0.5758,293.0,0.576,2.0,0.5761,548.0
1753592163054,04:56:03.054,gateio,A/USDT:USDT,0.5759,272.0,0.5758,293.0,0.576,2.0,0.5761,548.0
1753592163416,04:56:03.416,gateio,A/USDT:USDT,0.5759,285.0,0.5758,293.0,0.576,2.0,0.5761,548.0
1753592164312,04:56:04.312,gateio,A/USDT:USDT,0.5759,272.0,0.5758,293.0,0.576,2.0,0.5761,548.0
1753592164822,04:56:04.822,gateio,A/USDT:USDT,0.5759,16.0,0.5758,293.0,0.576,2.0,0.5761,548.0
1753592166704,04:56:06.704,gateio,A/USDT:USDT,0.5759,16.0,0.5758,293.0,0.576,2.0,0.5761,548.0
1753592167097,04:56:07.097,gateio,A/USDT:USDT,0.5759,29.0,0.5758,293.0,0.576,2.0,0.5761,548.0
1753592167286,04:56:07.286,gateio,A/USDT:USDT,0.5759,16.0,0.5758,293.0,0.576,2.0,0.5761,548.0
1753592167922,04:56:07.922,gateio,A/USDT:USDT,0.5759,16.0,0.5758,293.0,0.576,2.0,0.5761,548.0
1753592168173,04:56:08.173,gateio,A/USDT:USDT,0.5759,16.0,0.5758,293.0,0.576,2.0,0.5761,548.0
1753592168180,04:56:08.180,gateio,A/USDT:USDT,0.5759,29.0,0.5758,293.0,0.576,2.0,0.5761,548.0
1753592168301,04:56:08.301,gateio,A/USDT:USDT,0.5759,29.0,0.5758,293.0,0.576,2.0,0.5761,548.0
1753592171516,04:56:11.516,gateio,A/USDT:USDT,0.5759,16.0,0.5758,293.0,0.576,2.0,0.5761,548.0
1753592171937,04:56:11.937,gateio,A/USDT:USDT,0.5759,29.0,0.5758,293.0,0.576,2.0,0.5761,548.0
1753592172057,04:56:12.057,gateio,A/USDT:USDT,0.5759,29.0,0.5758,293.0,0.576,2.0,0.5761,548.0
1753592174345,04:56:14.345,gateio,A/USDT:USDT,0.5759,16.0,0.5758,293.0,0.576,2.0,0.5761,548.0
1753592176303,04:56:16.303,gateio,A/USDT:USDT,0.5759,16.0,0.5758,293.0,0.576,2.0,0.5761,548.0
1753592178492,04:56:18.492,gateio,A/USDT:USDT,0.5759,16.0,0.5758,293.0,0.576,2.0,0.5761,548.0
1753592180934,04:56:20.934,gateio,A/USDT:USDT,0.5759,291.0,0.5758,293.0,0.576,2.0,0.5761,548.0
1753592181122,04:56:21.122,gateio,A/USDT:USDT,0.5759,291.0,0.5758,293.0,0.576,2.0,0.5761,548.0
1753592182180,04:56:22.180,gateio,A/USDT:USDT,0.5759,291.0,0.5758,293.0,0.576,2.0,0.5761,548.0
1753592182742,04:56:22.742,gateio,A/USDT:USDT,0.5759,304.0,0.5758,293.0,0.576,2.0,0.5761,292.0
1753592184412,04:56:24.412,gateio,A/USDT:USDT,0.5759,304.0,0.5758,293.0,0.576,2.0,0.5761,292.0
1753592184974,04:56:24.974,gateio,A/USDT:USDT,0.5759,291.0,0.5758,293.0,0.576,2.0,0.5761,292.0
1753592185923,04:56:25.923,gateio,A/USDT:USDT,0.5759,304.0,0.5758,293.0,0.576,2.0,0.5761,292.0
1753592186377,04:56:26.377,gateio,A/USDT:USDT,0.5759,29.0,0.5758,293.0,0.576,89.0,0.5761,292.0
1753592186477,04:56:26.477,gateio,A/USDT:USDT,0.5759,29.0,0.5758,256.0,0.576,89.0,0.5761,292.0
1753592187145,04:56:27.145,gateio,A/USDT:USDT,0.5759,16.0,0.5758,256.0,0.576,89.0,0.5761,292.0
1753592187270,04:56:27.270,gateio,A/USDT:USDT,0.5759,16.0,0.5758,256.0,0.576,89.0,0.5761,292.0
1753592187347,04:56:27.347,gateio,A/USDT:USDT,0.5759,16.0,0.5758,256.0,0.576,89.0,0.5761,292.0
1753592187980,04:56:27.980,gateio,A/USDT:USDT,0.5759,16.0,0.5758,256.0,0.576,2.0,0.5761,292.0
1753592188857,04:56:28.857,gateio,A/USDT:USDT,0.5759,29.0,0.5758,293.0,0.576,2.0,0.5761,292.0
1753592190453,04:56:30.453,gateio,A/USDT:USDT,0.5759,291.0,0.5758,293.0,0.576,2.0,0.5761,292.0
1753592190551,04:56:30.551,gateio,A/USDT:USDT,0.5759,304.0,0.5758,293.0,0.576,2.0,0.5762,558.0
1753592190677,04:56:30.677,gateio,A/USDT:USDT,0.576,262.0,0.5759,291.0,0.5761,2.0,0.5762,558.0
1753592190775,04:56:30.775,gateio,A/USDT:USDT,0.576,262.0,0.5759,328.0,0.5761,2.0,0.5762,558.0
1753592190848,04:56:30.848,gateio,A/USDT:USDT,0.576,262.0,0.5759,328.0,0.5761,2.0,0.5762,558.0
1753592191216,04:56:31.216,gateio,A/USDT:USDT,0.576,262.0,0.5759,328.0,0.5761,2.0,0.5762,558.0
1753592191372,04:56:31.372,gateio,A/USDT:USDT,0.576,262.0,0.5759,328.0,0.5761,2.0,0.5763,1870.0
1753592191387,04:56:31.387,gateio,A/USDT:USDT,0.576,262.0,0.5759,328.0,0.5762,2.0,0.5763,1870.0
1753592191495,04:56:31.495,gateio,A/USDT:USDT,0.576,262.0,0.5759,312.0,0.5762,2.0,0.5763,2161.0
1753592191664,04:56:31.664,gateio,A/USDT:USDT,0.576,262.0,0.5759,312.0,0.5762,2.0,0.5763,2161.0
1753592191789,04:56:31.789,gateio,A/USDT:USDT,0.576,262.0,0.5759,312.0,0.5762,261.0,0.5763,2161.0
1753592191885,04:56:31.885,gateio,A/USDT:USDT,0.576,262.0,0.5759,312.0,0.5762,259.0,0.5763,2161.0
1753592192131,04:56:32.131,gateio,A/USDT:USDT,0.576,262.0,0.5759,312.0,0.5762,259.0,0.5763,2161.0
1753592192721,04:56:32.721,gateio,A/USDT:USDT,0.576,262.0,0.5759,312.0,0.5762,259.0,0.5763,2161.0
1753592193042,04:56:33.042,gateio,A/USDT:USDT,0.576,262.0,0.5759,312.0,0.5763,1870.0,0.5764,8282.0
1753592193118,04:56:33.118,gateio,A/USDT:USDT,0.5761,16.0,0.576,262.0,0.5762,89.0,0.5763,2161.0
1753592193284,04:56:33.284,gateio,A/USDT:USDT,0.5761,16.0,0.576,262.0,0.5762,89.0,0.5763,2161.0
1753592193757,04:56:33.757,gateio,A/USDT:USDT,0.5761,16.0,0.576,262.0,0.5762,2.0,0.5763,2161.0
1753592193806,04:56:33.806,gateio,A/USDT:USDT,0.5761,16.0,0.576,262.0,0.5762,2.0,0.5763,2161.0
1753592193938,04:56:33.938,gateio,A/USDT:USDT,0.5761,16.0,0.576,262.0,0.5762,2.0,0.5763,2161.0
1753592194099,04:56:34.099,gateio,A/USDT:USDT,0.5761,16.0,0.576,262.0,0.5762,2.0,0.5763,2161.0
1753592194225,04:56:34.225,gateio,A/USDT:USDT,0.5761,16.0,0.576,262.0,0.5762,2.0,0.5763,2161.0
1753592194478,04:56:34.478,gateio,A/USDT:USDT,0.5761,16.0,0.576,262.0,0.5762,2.0,0.5763,2161.0
1753592194543,04:56:34.543,gateio,A/USDT:USDT,0.5761,16.0,0.576,262.0,0.5762,2.0,0.5763,2161.0
1753592195504,04:56:35.504,gateio,A/USDT:USDT,0.5761,16.0,0.576,262.0,0.5762,2.0,0.5763,2161.0
1753592195835,04:56:35.835,gateio,A/USDT:USDT,0.5761,16.0,0.576,262.0,0.5762,2.0,0.5763,2161.0
1753592195983,04:56:35.983,gateio,A/USDT:USDT,0.5761,16.0,0.576,262.0,0.5762,2.0,0.5763,2161.0
1753592196865,04:56:36.865,gateio,A/USDT:USDT,0.5761,16.0,0.576,262.0,0.5762,2.0,0.5763,2161.0
1753592196883,04:56:36.883,gateio,A/USDT:USDT,0.5761,16.0,0.576,262.0,0.5762,2.0,0.5763,2161.0
1753592197189,04:56:37.189,gateio,A/USDT:USDT,0.5761,16.0,0.576,262.0,0.5762,2.0,0.5763,2161.0
1753592197942,04:56:37.942,gateio,A/USDT:USDT,0.5761,16.0,0.576,262.0,0.5762,2.0,0.5763,2161.0
1753592198442,04:56:38.442,gateio,A/USDT:USDT,0.5761,16.0,0.576,262.0,0.5762,2.0,0.5763,2161.0
1753592199222,04:56:39.222,gateio,A/USDT:USDT,0.5761,16.0,0.576,262.0,0.5762,89.0,0.5763,2161.0
1753592199370,04:56:39.370,gateio,A/USDT:USDT,0.5761,301.0,0.576,299.0,0.5762,2.0,0.5763,291.0
1753592199450,04:56:39.450,gateio,A/USDT:USDT,0.5761,301.0,0.576,299.0,0.5762,2.0,0.5763,291.0
1753592200304,04:56:40.304,gateio,A/USDT:USDT,0.5761,301.0,0.576,299.0,0.5762,2.0,0.5763,291.0
1753592201297,04:56:41.297,gateio,A/USDT:USDT,0.5761,301.0,0.576,299.0,0.5762,2.0,0.5763,291.0
1753592201658,04:56:41.658,gateio,A/USDT:USDT,0.5761,275.0,0.576,299.0,0.5762,2.0,0.5763,291.0
1753592202189,04:56:42.189,gateio,A/USDT:USDT,0.5761,275.0,0.576,299.0,0.5762,2.0,0.5763,291.0
1753592202662,04:56:42.662,gateio,A/USDT:USDT,0.5761,275.0,0.576,299.0,0.5762,2.0,0.5763,291.0
1753592202691,04:56:42.691,gateio,A/USDT:USDT,0.5761,275.0,0.576,299.0,0.5762,2.0,0.5763,291.0
1753592202883,04:56:42.883,gateio,A/USDT:USDT,0.5761,275.0,0.576,299.0,0.5762,2.0,0.5763,291.0
1753592203334,04:56:43.334,gateio,A/USDT:USDT,0.5761,275.0,0.576,299.0,0.5762,2.0,0.5763,291.0
1753592203976,04:56:43.976,gateio,A/USDT:USDT,0.5761,275.0,0.576,299.0,0.5762,2.0,0.5763,291.0
1753592204386,04:56:44.386,gateio,A/USDT:USDT,0.5761,275.0,0.576,299.0,0.5762,2.0,0.5763,291.0
1753592205104,04:56:45.104,gateio,A/USDT:USDT,0.5761,275.0,0.576,299.0,0.5762,2.0,0.5763,291.0
1753592205842,04:56:45.842,gateio,A/USDT:USDT,0.5761,288.0,0.576,299.0,0.5762,2.0,0.5763,291.0
1753592205891,04:56:45.891,gateio,A/USDT:USDT,0.5761,288.0,0.576,299.0,0.5762,2.0,0.5763,291.0
1753592206054,04:56:46.054,gateio,A/USDT:USDT,0.5761,275.0,0.576,299.0,0.5762,2.0,0.5763,291.0
1753592206276,04:56:46.276,gateio,A/USDT:USDT,0.5761,275.0,0.576,299.0,0.5762,2.0,0.5763,291.0
1753592206391,04:56:46.391,gateio,A/USDT:USDT,0.5761,275.0,0.576,299.0,0.5762,2.0,0.5763,291.0
1753592206794,04:56:46.794,gateio,A/USDT:USDT,0.5761,275.0,0.576,299.0,0.5762,2.0,0.5763,291.0
1753592207283,04:56:47.283,gateio,A/USDT:USDT,0.5761,275.0,0.576,299.0,0.5762,2.0,0.5763,291.0
1753592207744,04:56:47.744,gateio,A/USDT:USDT,0.5761,288.0,0.576,299.0,0.5762,2.0,0.5763,291.0
1753592208151,04:56:48.151,gateio,A/USDT:USDT,0.5761,275.0,0.576,299.0,0.5762,2.0,0.5763,291.0
1753592208297,04:56:48.297,gateio,A/USDT:USDT,0.5761,275.0,0.576,299.0,0.5762,2.0,0.5763,291.0
1753592208462,04:56:48.462,gateio,A/USDT:USDT,0.5761,275.0,0.576,299.0,0.5762,2.0,0.5763,291.0
1753592209904,04:56:49.904,gateio,A/USDT:USDT,0.5761,275.0,0.576,299.0,0.5762,2.0,0.5763,291.0
1753592210239,04:56:50.239,gateio,A/USDT:USDT,0.5761,275.0,0.576,299.0,0.5762,2.0,0.5763,291.0
1753592210578,04:56:50.578,gateio,A/USDT:USDT,0.5761,275.0,0.576,299.0,0.5762,2.0,0.5763,291.0
1753592210674,04:56:50.674,gateio,A/USDT:USDT,0.5761,275.0,0.576,299.0,0.5762,2.0,0.5763,291.0
1753592210682,04:56:50.682,gateio,A/USDT:USDT,0.5761,288.0,0.576,299.0,0.5762,2.0,0.5763,291.0
1753592211038,04:56:51.038,gateio,A/USDT:USDT,0.5761,275.0,0.576,299.0,0.5762,2.0,0.5763,291.0
1753592211402,04:56:51.402,gateio,A/USDT:USDT,0.5761,275.0,0.576,299.0,0.5762,2.0,0.5763,291.0
1753592211576,04:56:51.576,gateio,A/USDT:USDT,0.5761,275.0,0.576,299.0,0.5762,2.0,0.5763,291.0
1753592212257,04:56:52.257,gateio,A/USDT:USDT,0.5761,275.0,0.576,299.0,0.5762,2.0,0.5763,291.0
1753592213643,04:56:53.643,gateio,A/USDT:USDT,0.5761,275.0,0.576,299.0,0.5762,2.0,0.5763,291.0
1753592214262,04:56:54.262,gateio,A/USDT:USDT,0.5761,275.0,0.576,299.0,0.5762,2.0,0.5763,291.0
1753592214778,04:56:54.778,gateio,A/USDT:USDT,0.5761,275.0,0.576,299.0,0.5762,2.0,0.5763,291.0
1753592214892,04:56:54.892,gateio,A/USDT:USDT,0.5761,275.0,0.576,299.0,0.5762,2.0,0.5763,291.0
1753592215294,04:56:55.294,gateio,A/USDT:USDT,0.5761,275.0,0.576,299.0,0.5762,2.0,0.5763,291.0
1753592215415,04:56:55.415,gateio,A/USDT:USDT,0.5761,288.0,0.576,299.0,0.5762,2.0,0.5763,291.0
1753592215551,04:56:55.551,gateio,A/USDT:USDT,0.5761,16.0,0.576,299.0,0.5762,2.0,0.5763,291.0
1753592217174,04:56:57.174,gateio,A/USDT:USDT,0.5761,16.0,0.576,262.0,0.5762,2.0,0.5763,291.0
1753592217389,04:56:57.389,gateio,A/USDT:USDT,0.5761,16.0,0.576,262.0,0.5762,2.0,0.5763,291.0
1753592218021,04:56:58.021,gateio,A/USDT:USDT,0.5761,16.0,0.576,262.0,0.5762,2.0,0.5763,291.0
1753592218275,04:56:58.275,gateio,A/USDT:USDT,0.5761,274.0,0.576,262.0,0.5762,2.0,0.5763,291.0
1753592218299,04:56:58.299,gateio,A/USDT:USDT,0.5761,287.0,0.576,299.0,0.5762,2.0,0.5763,291.0
1753592218442,04:56:58.442,gateio,A/USDT:USDT,0.5761,274.0,0.576,299.0,0.5762,2.0,0.5763,291.0
1753592218565,04:56:58.565,gateio,A/USDT:USDT,0.5761,274.0,0.576,299.0,0.5762,2.0,0.5763,291.0
1753592218655,04:56:58.655,gateio,A/USDT:USDT,0.5761,274.0,0.576,299.0,0.5762,2.0,0.5763,291.0
1753592219505,04:56:59.505,gateio,A/USDT:USDT,0.5761,274.0,0.576,299.0,0.5762,2.0,0.5763,291.0
1753592219639,04:56:59.639,gateio,A/USDT:USDT,0.5761,16.0,0.576,299.0,0.5762,2.0,0.5763,291.0
1753592219771,04:56:59.771,gateio,A/USDT:USDT,0.5761,16.0,0.576,262.0,0.5762,15.0,0.5763,291.0
1753592219841,04:56:59.841,gateio,A/USDT:USDT,0.5761,16.0,0.576,262.0,0.5762,2.0,0.5763,291.0
1753592220042,04:57:00.042,gateio,A/USDT:USDT,0.5761,16.0,0.576,262.0,0.5762,2.0,0.5763,291.0
1753592220274,04:57:00.274,gateio,A/USDT:USDT,0.5761,16.0,0.576,262.0,0.5762,2.0,0.5763,291.0
1753592220424,04:57:00.424,gateio,A/USDT:USDT,0.5761,16.0,0.576,262.0,0.5762,2.0,0.5763,291.0
1753592222137,04:57:02.137,gateio,A/USDT:USDT,0.5761,16.0,0.576,262.0,0.5762,2.0,0.5763,291.0
1753592222232,04:57:02.232,gateio,A/USDT:USDT,0.5761,16.0,0.576,262.0,0.5762,2.0,0.5763,291.0
1753592222366,04:57:02.366,gateio,A/USDT:USDT,0.5761,16.0,0.576,262.0,0.5762,2.0,0.5763,291.0
1753592222564,04:57:02.564,gateio,A/USDT:USDT,0.5761,16.0,0.576,262.0,0.5762,2.0,0.5763,291.0
1753592222676,04:57:02.676,gateio,A/USDT:USDT,0.5761,16.0,0.576,262.0,0.5762,283.0,0.5763,291.0
1753592222758,04:57:02.758,gateio,A/USDT:USDT,0.5761,16.0,0.576,262.0,0.5762,283.0,0.5763,291.0
1753592222866,04:57:02.866,gateio,A/USDT:USDT,0.5761,16.0,0.5759,299.0,0.5762,283.0,0.5763,1452.0
1753592222891,04:57:02.891,gateio,A/USDT:USDT,0.576,16.0,0.5759,299.0,0.5762,283.0,0.5763,1452.0
1753592223004,04:57:03.004,gateio,A/USDT:USDT,0.576,16.0,0.5759,299.0,0.5762,281.0,0.5763,1452.0
1753592223209,04:57:03.209,gateio,A/USDT:USDT,0.576,16.0,0.5759,299.0,0.5762,281.0,0.5763,1452.0
1753592223508,04:57:03.508,gateio,A/USDT:USDT,0.576,16.0,0.5759,299.0,0.5762,281.0,0.5763,1452.0
1753592223657,04:57:03.657,gateio,A/USDT:USDT,0.576,16.0,0.5759,299.0,0.5762,281.0,0.5763,1807.0
1753592224305,04:57:04.305,gateio,A/USDT:USDT,0.576,16.0,0.5759,299.0,0.5762,281.0,0.5763,1807.0
1753592225515,04:57:05.515,gateio,A/USDT:USDT,0.576,16.0,0.5759,299.0,0.5762,281.0,0.5763,1807.0
1753592225842,04:57:05.842,gateio,A/USDT:USDT,0.576,16.0,0.5759,299.0,0.5762,281.0,0.5763,1807.0
1753592226354,04:57:06.354,gateio,A/USDT:USDT,0.576,271.0,0.5759,299.0,0.5762,281.0,0.5763,1807.0
1753592226416,04:57:06.416,gateio,A/USDT:USDT,0.576,255.0,0.5759,299.0,0.5762,281.0,0.5763,1807.0
1753592226802,04:57:06.802,gateio,A/USDT:USDT,0.576,255.0,0.5759,299.0,0.5762,281.0,0.5763,1807.0
1753592227316,04:57:07.316,gateio,A/USDT:USDT,0.576,255.0,0.5759,299.0,0.5762,281.0,0.5763,1807.0
1753592227430,04:57:07.430,gateio,A/USDT:USDT,0.576,255.0,0.5759,299.0,0.5762,281.0,0.5763,1807.0
1753592227513,04:57:07.513,gateio,A/USDT:USDT,0.576,255.0,0.5759,299.0,0.5762,281.0,0.5763,1807.0
1753592228462,04:57:08.462,gateio,A/USDT:USDT,0.5759,299.0,0.5758,256.0,0.5762,281.0,0.5763,1807.0
1753592228566,04:57:08.566,gateio,A/USDT:USDT,0.576,16.0,0.5759,262.0,0.5761,102.0,0.5762,558.0
1753592228636,04:57:08.636,gateio,A/USDT:USDT,0.576,16.0,0.5759,262.0,0.5761,89.0,0.5762,558.0
1753592228707,04:57:08.707,gateio,A/USDT:USDT,0.576,16.0,0.5759,262.0,0.5761,102.0,0.5762,558.0
1753592229105,04:57:09.105,gateio,A/USDT:USDT,0.576,16.0,0.5759,262.0,0.5761,102.0,0.5762,558.0
1753592229995,04:57:09.995,gateio,A/USDT:USDT,0.576,16.0,0.5759,262.0,0.5761,89.0,0.5762,558.0
1753592230329,04:57:10.329,gateio,A/USDT:USDT,0.576,16.0,0.5759,262.0,0.5761,89.0,0.5762,558.0
1753592230455,04:57:10.455,gateio,A/USDT:USDT,0.576,16.0,0.5759,262.0,0.5761,89.0,0.5762,558.0
1753592230559,04:57:10.559,gateio,A/USDT:USDT,0.576,16.0,0.5759,262.0,0.5761,2.0,0.5762,558.0
1753592230691,04:57:10.691,gateio,A/USDT:USDT,0.576,16.0,0.5759,262.0,0.5761,2.0,0.5762,558.0
1753592232002,04:57:12.002,gateio,A/USDT:USDT,0.576,16.0,0.5759,262.0,0.5761,2.0,0.5762,558.0
1753592233287,04:57:13.287,gateio,A/USDT:USDT,0.576,16.0,0.5759,262.0,0.5761,2.0,0.5762,558.0
1753592233816,04:57:13.816,gateio,A/USDT:USDT,0.576,16.0,0.5758,293.0,0.5761,372.0,0.5762,545.0
1753592233960,04:57:13.960,gateio,A/USDT:USDT,0.5759,16.0,0.5758,256.0,0.576,87.0,0.5761,549.0
1753592234075,04:57:14.075,gateio,A/USDT:USDT,0.5759,16.0,0.5758,256.0,0.576,87.0,0.5761,549.0
1753592235035,04:57:15.035,gateio,A/USDT:USDT,0.5759,16.0,0.5758,256.0,0.576,87.0,0.5761,549.0
1753592235177,04:57:15.177,gateio,A/USDT:USDT,0.5759,16.0,0.5758,256.0,0.576,87.0,0.5761,549.0
1753592237103,04:57:17.103,gateio,A/USDT:USDT,0.5759,16.0,0.5758,256.0,0.576,87.0,0.5761,549.0
1753592237328,04:57:17.328,gateio,A/USDT:USDT,0.5759,16.0,0.5758,256.0,0.576,87.0,0.5761,549.0
1753592238705,04:57:18.705,gateio,A/USDT:USDT,0.5759,16.0,0.5758,256.0,0.576,87.0,0.5761,549.0
1753592239120,04:57:19.120,gateio,A/USDT:USDT,0.5759,16.0,0.5758,256.0,0.576,87.0,0.5761,549.0
1753592239219,04:57:19.219,gateio,A/USDT:USDT,0.5759,16.0,0.5758,256.0,0.576,87.0,0.5761,549.0
1753592241341,04:57:21.341,gateio,A/USDT:USDT,0.5759,16.0,0.5758,256.0,0.576,87.0,0.5761,549.0
1753592241479,04:57:21.479,gateio,A/USDT:USDT,0.5759,16.0,0.5758,256.0,0.576,87.0,0.5761,549.0
1753592241536,04:57:21.536,gateio,A/USDT:USDT,0.5759,16.0,0.5758,256.0,0.576,87.0,0.5761,549.0
1753592241640,04:57:21.640,gateio,A/USDT:USDT,0.5759,16.0,0.5758,256.0,0.576,87.0,0.5761,549.0
1753592243505,04:57:23.505,gateio,A/USDT:USDT,0.5759,16.0,0.5758,256.0,0.576,87.0,0.5761,549.0
1753592245876,04:57:25.876,gateio,A/USDT:USDT,0.5759,16.0,0.5758,256.0,0.576,87.0,0.5761,549.0
1753592247636,04:57:27.636,gateio,A/USDT:USDT,0.5759,16.0,0.5758,256.0,0.576,87.0,0.5761,292.0
1753592247790,04:57:27.790,gateio,A/USDT:USDT,0.5759,16.0,0.5758,256.0,0.576,87.0,0.5761,292.0
1753592248306,04:57:28.306,gateio,A/USDT:USDT,0.5759,16.0,0.5758,256.0,0.576,87.0,0.5761,292.0
1753592248391,04:57:28.391,gateio,A/USDT:USDT,0.5759,16.0,0.5758,256.0,0.576,87.0,0.5761,292.0
1753592249577,04:57:29.577,gateio,A/USDT:USDT,0.5759,16.0,0.5758,256.0,0.576,87.0,0.5761,292.0
1753592249670,04:57:29.670,gateio,A/USDT:USDT,0.5759,16.0,0.5758,256.0,0.576,87.0,0.5761,292.0
1753592250849,04:57:30.849,gateio,A/USDT:USDT,0.5759,16.0,0.5758,256.0,0.576,87.0,0.5761,292.0
1753592251248,04:57:31.248,gateio,A/USDT:USDT,0.5759,16.0,0.5758,256.0,0.576,87.0,0.5761,292.0
1753592252673,04:57:32.673,gateio,A/USDT:USDT,0.5759,16.0,0.5758,256.0,0.576,87.0,0.5761,292.0
1753592253105,04:57:33.105,gateio,A/USDT:USDT,0.5759,16.0,0.5758,256.0,0.576,87.0,0.5761,292.0
1753592253379,04:57:33.379,gateio,A/USDT:USDT,0.5759,271.0,0.5758,256.0,0.576,87.0,0.5761,292.0
1753592253380,04:57:33.380,gateio,A/USDT:USDT,0.5759,16.0,0.5758,256.0,0.576,87.0,0.5761,292.0
1753592253533,04:57:33.533,gateio,A/USDT:USDT,0.5759,16.0,0.5758,256.0,0.576,87.0,0.5761,292.0
1753592253748,04:57:33.748,gateio,A/USDT:USDT,0.5759,271.0,0.5758,256.0,0.576,87.0,0.5761,292.0
1753592254096,04:57:34.096,gateio,A/USDT:USDT,0.5759,284.0,0.5758,256.0,0.576,87.0,0.5761,292.0
1753592254183,04:57:34.183,gateio,A/USDT:USDT,0.5759,271.0,0.5758,256.0,0.576,87.0,0.5761,292.0
1753592254524,04:57:34.524,gateio,A/USDT:USDT,0.5759,271.0,0.5758,256.0,0.576,87.0,0.5761,292.0
1753592254877,04:57:34.877,gateio,A/USDT:USDT,0.5759,271.0,0.5758,293.0,0.5761,89.0,0.5762,545.0
1753592254949,04:57:34.949,gateio,A/USDT:USDT,0.5759,268.0,0.5758,293.0,0.5761,89.0,0.5762,545.0
1753592255209,04:57:35.209,gateio,A/USDT:USDT,0.5759,255.0,0.5758,293.0,0.5761,115.0,0.5762,545.0
1753592256809,04:57:36.809,gateio,A/USDT:USDT,0.5759,255.0,0.5758,293.0,0.5761,102.0,0.5762,545.0
1753592257290,04:57:37.290,gateio,A/USDT:USDT,0.5759,255.0,0.5758,293.0,0.5761,115.0,0.5762,545.0
1753592257906,04:57:37.906,gateio,A/USDT:USDT,0.5759,255.0,0.5758,293.0,0.5761,115.0,0.5762,545.0
1753592260578,04:57:40.578,gateio,A/USDT:USDT,0.5759,255.0,0.5758,293.0,0.5761,115.0,0.5762,545.0
1753592260582,04:57:40.582,gateio,A/USDT:USDT,0.5759,255.0,0.5758,293.0,0.5761,115.0,0.5762,545.0
1753592261675,04:57:41.675,gateio,A/USDT:USDT,0.5759,255.0,0.5758,293.0,0.5761,115.0,0.5762,545.0
1753592262052,04:57:42.052,gateio,A/USDT:USDT,0.5759,268.0,0.5758,293.0,0.5761,102.0,0.5762,545.0
1753592262706,04:57:42.706,gateio,A/USDT:USDT,0.5759,268.0,0.5758,293.0,0.5761,102.0,0.5762,545.0
1753592263652,04:57:43.652,gateio,A/USDT:USDT,0.5759,255.0,0.5758,293.0,0.5761,102.0,0.5762,545.0
1753592263968,04:57:43.968,gateio,A/USDT:USDT,0.5759,268.0,0.5758,293.0,0.5761,89.0,0.5762,545.0
1753592264173,04:57:44.173,gateio,A/USDT:USDT,0.5759,255.0,0.5758,293.0,0.5761,115.0,0.5762,545.0
1753592264522,04:57:44.522,gateio,A/USDT:USDT,0.5759,268.0,0.5758,293.0,0.5761,89.0,0.5762,545.0
1753592264971,04:57:44.971,gateio,A/USDT:USDT,0.5759,255.0,0.5758,293.0,0.5761,115.0,0.5762,545.0
1753592266371,04:57:46.371,gateio,A/USDT:USDT,0.5759,255.0,0.5758,293.0,0.5761,115.0,0.5762,545.0
1753592266383,04:57:46.383,gateio,A/USDT:USDT,0.5759,255.0,0.5758,293.0,0.5761,115.0,0.5762,545.0
1753592267506,04:57:47.506,gateio,A/USDT:USDT,0.5759,255.0,0.5758,293.0,0.5761,115.0,0.5762,545.0
1753592268659,04:57:48.659,gateio,A/USDT:USDT,0.5758,293.0,0.5757,771.0,0.5761,381.0,0.5762,545.0
1753592268763,04:57:48.763,gateio,A/USDT:USDT,0.5759,16.0,0.5758,256.0,0.576,353.0,0.5761,368.0
1753592268797,04:57:48.797,gateio,A/USDT:USDT,0.5759,16.0,0.5758,256.0,0.576,353.0,0.5761,368.0
1753592269035,04:57:49.035,gateio,A/USDT:USDT,0.5759,16.0,0.5758,256.0,0.576,353.0,0.5761,571.0
1753592269330,04:57:49.330,gateio,A/USDT:USDT,0.5759,16.0,0.5758,256.0,0.576,353.0,0.5761,571.0
1753592272306,04:57:52.306,gateio,A/USDT:USDT,0.5759,16.0,0.5758,256.0,0.576,353.0,0.5761,571.0
1753592272662,04:57:52.662,gateio,A/USDT:USDT,0.5759,16.0,0.5757,808.0,0.576,353.0,0.5761,571.0
1753592272696,04:57:52.696,gateio,A/USDT:USDT,0.5758,42.0,0.5757,808.0,0.576,353.0,0.5761,571.0
1753592272785,04:57:52.785,gateio,A/USDT:USDT,0.5758,42.0,0.5757,808.0,0.576,353.0,0.5761,569.0
1753592273015,04:57:53.015,gateio,A/USDT:USDT,0.5758,42.0,0.5757,808.0,0.576,353.0,0.5761,569.0
1753592274224,04:57:54.224,gateio,A/USDT:USDT,0.5758,42.0,0.5757,808.0,0.576,353.0,0.5761,569.0
1753592274640,04:57:54.640,gateio,A/USDT:USDT,0.5758,42.0,0.5757,808.0,0.576,353.0,0.5761,569.0
1753592275309,04:57:55.309,gateio,A/USDT:USDT,0.5758,306.0,0.5757,808.0,0.576,353.0,0.5761,569.0
1753592275431,04:57:55.431,gateio,A/USDT:USDT,0.5758,290.0,0.5757,808.0,0.576,353.0,0.5761,556.0
1753592275561,04:57:55.561,gateio,A/USDT:USDT,0.5758,290.0,0.5757,808.0,0.576,353.0,0.5761,556.0
1753592275582,04:57:55.582,gateio,A/USDT:USDT,0.5758,290.0,0.5757,392.0,0.576,353.0,0.5761,556.0
1753592275752,04:57:55.752,gateio,A/USDT:USDT,0.5758,290.0,0.5757,392.0,0.576,87.0,0.5761,556.0
1753592275787,04:57:55.787,gateio,A/USDT:USDT,0.5758,290.0,0.5757,392.0,0.576,89.0,0.5761,556.0
1753592277108,04:57:57.108,gateio,A/USDT:USDT,0.5758,290.0,0.5757,392.0,0.576,89.0,0.5761,556.0
1753592280551,04:58:00.551,gateio,A/USDT:USDT,0.5758,26.0,0.5757,392.0,0.5759,87.0,0.576,353.0
1753592280629,04:58:00.629,gateio,A/USDT:USDT,0.5758,26.0,0.5757,392.0,0.5759,87.0,0.576,353.0
1753592280734,04:58:00.734,gateio,A/USDT:USDT,0.5758,26.0,0.5757,392.0,0.5759,87.0,0.576,557.0
1753592280921,04:58:00.921,gateio,A/USDT:USDT,0.5758,42.0,0.5757,392.0,0.5759,87.0,0.576,557.0
1753592281337,04:58:01.337,gateio,A/USDT:USDT,0.5758,16.0,0.5757,355.0,0.5759,87.0,0.576,557.0
1753592281557,04:58:01.557,gateio,A/USDT:USDT,0.5758,29.0,0.5757,355.0,0.5759,87.0,0.576,557.0
1753592281709,04:58:01.709,gateio,A/USDT:USDT,0.5758,16.0,0.5757,355.0,0.5759,87.0,0.576,557.0
1753592281917,04:58:01.917,gateio,A/USDT:USDT,0.5758,29.0,0.5757,355.0,0.5759,87.0,0.576,557.0
1753592284874,04:58:04.874,gateio,A/USDT:USDT,0.5758,29.0,0.5757,355.0,0.5759,87.0,0.576,557.0
1753592285075,04:58:05.075,gateio,A/USDT:USDT,0.5758,16.0,0.5757,355.0,0.5759,87.0,0.576,557.0
1753592285375,04:58:05.375,gateio,A/USDT:USDT,0.5758,16.0,0.5757,355.0,0.5759,87.0,0.576,557.0
1753592285382,04:58:05.382,gateio,A/USDT:USDT,0.5758,29.0,0.5757,355.0,0.5759,87.0,0.576,557.0
1753592286708,04:58:06.708,gateio,A/USDT:USDT,0.5758,16.0,0.5757,355.0,0.5759,87.0,0.576,557.0
1753592287074,04:58:07.074,gateio,A/USDT:USDT,0.5758,16.0,0.5757,355.0,0.5759,87.0,0.576,557.0
1753592287202,04:58:07.202,gateio,A/USDT:USDT,0.5758,29.0,0.5757,355.0,0.5759,87.0,0.576,557.0
1753592287434,04:58:07.434,gateio,A/USDT:USDT,0.5758,16.0,0.5757,355.0,0.5759,87.0,0.576,557.0
1753592288767,04:58:08.767,gateio,A/USDT:USDT,0.5758,272.0,0.5757,355.0,0.5759,87.0,0.576,557.0
1753592288875,04:58:08.875,gateio,A/USDT:USDT,0.5758,272.0,0.5757,355.0,0.5759,87.0,0.576,557.0
1753592288882,04:58:08.882,gateio,A/USDT:USDT,0.5758,272.0,0.5757,355.0,0.5759,87.0,0.576,557.0
1753592290673,04:58:10.673,gateio,A/USDT:USDT,0.5758,285.0,0.5757,355.0,0.576,557.0,0.5762,636.0
1753592290719,04:58:10.719,gateio,A/USDT:USDT,0.5758,282.0,0.5757,392.0,0.576,87.0,0.5761,547.0
1753592290786,04:58:10.786,gateio,A/USDT:USDT,0.5758,282.0,0.5757,392.0,0.576,89.0,0.5761,547.0
1753592291522,04:58:11.522,gateio,A/USDT:USDT,0.5758,282.0,0.5757,392.0,0.576,89.0,0.5761,547.0
1753592292576,04:58:12.576,gateio,A/USDT:USDT,0.5758,256.0,0.5757,392.0,0.576,379.0,0.5761,547.0
1753592292585,04:58:12.585,gateio,A/USDT:USDT,0.5758,256.0,0.5757,392.0,0.576,377.0,0.5761,547.0
1753592292977,04:58:12.977,gateio,A/USDT:USDT,0.5758,256.0,0.5757,392.0,0.576,113.0,0.5761,547.0
1753592292986,04:58:12.986,gateio,A/USDT:USDT,0.5758,256.0,0.5757,392.0,0.576,115.0,0.5761,547.0
1753592294676,04:58:14.676,gateio,A/USDT:USDT,0.5758,282.0,0.5757,392.0,0.576,89.0,0.5761,547.0
1753592295187,04:58:15.187,gateio,A/USDT:USDT,0.5758,269.0,0.5757,392.0,0.576,89.0,0.5761,547.0
1753592295502,04:58:15.502,gateio,A/USDT:USDT,0.5758,256.0,0.5757,392.0,0.576,89.0,0.5761,547.0
1753592295675,04:58:15.675,gateio,A/USDT:USDT,0.5758,269.0,0.5757,392.0,0.576,102.0,0.5761,547.0
1753592295694,04:58:15.694,gateio,A/USDT:USDT,0.5758,269.0,0.5757,392.0,0.576,89.0,0.5761,547.0
1753592296015,04:58:16.015,gateio,A/USDT:USDT,0.5758,269.0,0.5757,392.0,0.576,115.0,0.5761,547.0
1753592296322,04:58:16.322,gateio,A/USDT:USDT,0.5758,269.0,0.5757,392.0,0.576,115.0,0.5761,547.0
1753592297213,04:58:17.213,gateio,A/USDT:USDT,0.5758,256.0,0.5757,392.0,0.576,115.0,0.5761,547.0
1753592298697,04:58:18.697,gateio,A/USDT:USDT,0.5758,269.0,0.5757,392.0,0.576,89.0,0.5761,547.0
1753592299143,04:58:19.143,gateio,A/USDT:USDT,0.5758,269.0,0.5757,392.0,0.576,89.0,0.5761,547.0
1753592299403,04:58:19.403,gateio,A/USDT:USDT,0.5758,269.0,0.5757,392.0,0.576,89.0,0.5761,547.0
1753592299897,04:58:19.897,gateio,A/USDT:USDT,0.5758,269.0,0.5757,392.0,0.576,102.0,0.5761,547.0
1753592300374,04:58:20.374,gateio,A/USDT:USDT,0.5758,256.0,0.5757,392.0,0.576,102.0,0.5761,547.0
1753592300477,04:58:20.477,gateio,A/USDT:USDT,0.5758,256.0,0.5757,392.0,0.576,115.0,0.5761,547.0
1753592301122,04:58:21.122,gateio,A/USDT:USDT,0.5758,256.0,0.5757,392.0,0.576,115.0,0.5761,547.0
1753592301455,04:58:21.455,gateio,A/USDT:USDT,0.5758,256.0,0.5757,392.0,0.576,115.0,0.5761,547.0
1753592302420,04:58:22.420,gateio,A/USDT:USDT,0.5758,256.0,0.5757,392.0,0.576,115.0,0.5761,547.0
1753592302690,04:58:22.690,gateio,A/USDT:USDT,0.5758,256.0,0.5757,392.0,0.576,115.0,0.5761,547.0
1753592303267,04:58:23.267,gateio,A/USDT:USDT,0.5758,256.0,0.5757,392.0,0.576,115.0,0.5761,547.0
1753592304160,04:58:24.160,gateio,A/USDT:USDT,0.5758,269.0,0.5757,392.0,0.576,102.0,0.5761,547.0
1753592304188,04:58:24.188,gateio,A/USDT:USDT,0.5758,256.0,0.5757,392.0,0.576,115.0,0.5761,547.0
1753592304345,04:58:24.345,gateio,A/USDT:USDT,0.5758,256.0,0.5757,392.0,0.576,115.0,0.5761,547.0
1753592304768,04:58:24.768,gateio,A/USDT:USDT,0.5758,256.0,0.5757,392.0,0.576,379.0,0.5761,547.0
1753592304799,04:58:24.799,gateio,A/USDT:USDT,0.5758,256.0,0.5757,392.0,0.576,377.0,0.5761,547.0
1753592304955,04:58:24.955,gateio,A/USDT:USDT,0.5758,269.0,0.5757,392.0,0.576,364.0,0.5761,547.0
1753592305434,04:58:25.434,gateio,A/USDT:USDT,0.5758,256.0,0.5757,392.0,0.576,364.0,0.5761,547.0
1753592305623,04:58:25.623,gateio,A/USDT:USDT,0.5758,269.0,0.5757,392.0,0.576,364.0,0.5761,547.0
1753592305692,04:58:25.692,gateio,A/USDT:USDT,0.5758,282.0,0.5757,392.0,0.576,351.0,0.5761,547.0
1753592305907,04:58:25.907,gateio,A/USDT:USDT,0.5758,282.0,0.5757,392.0,0.576,351.0,0.5761,547.0
1753592306231,04:58:26.231,gateio,A/USDT:USDT,0.5758,269.0,0.5757,392.0,0.576,364.0,0.5761,547.0
1753592307204,04:58:27.204,gateio,A/USDT:USDT,0.5758,282.0,0.5757,392.0,0.576,351.0,0.5761,547.0
1753592307668,04:58:27.668,gateio,A/USDT:USDT,0.5758,282.0,0.5757,392.0,0.576,87.0,0.5761,547.0
1753592307699,04:58:27.699,gateio,A/USDT:USDT,0.5758,282.0,0.5757,392.0,0.576,89.0,0.5761,547.0
1753592310707,04:58:30.707,gateio,A/USDT:USDT,0.5758,282.0,0.5757,392.0,0.576,89.0,0.5761,547.0
1753592316128,04:58:36.128,gateio,A/USDT:USDT,0.5759,266.0,0.5758,269.0,0.576,89.0,0.5761,547.0
1753592316235,04:58:36.235,gateio,A/USDT:USDT,0.5759,282.0,0.5758,269.0,0.576,89.0,0.5761,547.0
1753592316479,04:58:36.479,gateio,A/USDT:USDT,0.5759,282.0,0.5758,269.0,0.576,89.0,0.5761,547.0
1753592316481,04:58:36.481,gateio,A/USDT:USDT,0.5759,282.0,0.5758,269.0,0.576,89.0,0.5761,547.0
1753592320262,04:58:40.262,gateio,A/USDT:USDT,0.5759,282.0,0.5758,269.0,0.576,89.0,0.5761,547.0
1753592320342,04:58:40.342,gateio,A/USDT:USDT,0.5759,282.0,0.5758,269.0,0.576,89.0,0.5761,547.0
1753592320511,04:58:40.511,gateio,A/USDT:USDT,0.5759,282.0,0.5758,269.0,0.576,89.0,0.5761,547.0
1753592320839,04:58:40.839,gateio,A/USDT:USDT,0.5759,16.0,0.5758,269.0,0.576,89.0,0.5761,547.0
1753592321455,04:58:41.455,gateio,A/USDT:USDT,0.5759,282.0,0.5758,269.0,0.576,89.0,0.5761,547.0
1753592322044,04:58:42.044,gateio,A/USDT:USDT,0.5759,308.0,0.5758,293.0,0.576,2.0,0.5761,291.0
1753592324303,04:58:44.303,gateio,A/USDT:USDT,0.5759,308.0,0.5758,293.0,0.576,2.0,0.5761,291.0
1753592325507,04:58:45.507,gateio,A/USDT:USDT,0.5759,308.0,0.5758,293.0,0.576,2.0,0.5761,291.0
1753592329876,04:58:49.876,gateio,A/USDT:USDT,0.5759,308.0,0.5758,293.0,0.576,2.0,0.5762,255.0
1753592329897,04:58:49.897,gateio,A/USDT:USDT,0.5759,295.0,0.5758,293.0,0.5761,2.0,0.5762,545.0
1753592329986,04:58:49.986,gateio,A/USDT:USDT,0.5759,279.0,0.5758,293.0,0.5761,2.0,0.5762,545.0
1753592330308,04:58:50.308,gateio,A/USDT:USDT,0.5759,279.0,0.5758,293.0,0.5761,2.0,0.5762,545.0
1753592332243,04:58:52.243,gateio,A/USDT:USDT,0.5759,279.0,0.5758,293.0,0.5761,2.0,0.5762,545.0
1753592332789,04:58:52.789,gateio,A/USDT:USDT,0.5759,279.0,0.5758,293.0,0.5761,2.0,0.5762,545.0
1753592333104,04:58:53.104,gateio,A/USDT:USDT,0.5759,279.0,0.5758,293.0,0.5761,2.0,0.5762,545.0
1753592335052,04:58:55.052,gateio,A/USDT:USDT,0.5759,279.0,0.5758,293.0,0.5761,2.0,0.5762,545.0
1753592335107,04:58:55.107,gateio,A/USDT:USDT,0.5759,279.0,0.5758,293.0,0.5761,2.0,0.5762,545.0
1753592335189,04:58:55.189,gateio,A/USDT:USDT,0.5759,279.0,0.5758,293.0,0.5761,2.0,0.5762,545.0
1753592339345,04:58:59.345,gateio,A/USDT:USDT,0.5759,26.0,0.5758,293.0,0.5761,89.0,0.5762,545.0
1753592339415,04:58:59.415,gateio,A/USDT:USDT,0.5759,42.0,0.5758,293.0,0.5761,89.0,0.5762,545.0
1753592339500,04:58:59.500,gateio,A/USDT:USDT,0.5759,300.0,0.5758,293.0,0.5761,89.0,0.5762,545.0
1753592339585,04:58:59.585,gateio,A/USDT:USDT,0.5759,284.0,0.5758,293.0,0.5761,89.0,0.5762,545.0
1753592339828,04:58:59.828,gateio,A/USDT:USDT,0.5759,284.0,0.5758,293.0,0.5761,89.0,0.5762,545.0
1753592339908,04:58:59.908,gateio,A/USDT:USDT,0.5759,284.0,0.5758,293.0,0.5761,89.0,0.5762,545.0
1753592340345,04:59:00.345,gateio,A/USDT:USDT,0.5759,284.0,0.5758,293.0,0.5761,89.0,0.5762,545.0
1753592340474,04:59:00.474,gateio,A/USDT:USDT,0.576,284.0,0.5759,258.0,0.5761,89.0,0.5762,545.0
1753592340568,04:59:00.568,gateio,A/USDT:USDT,0.576,300.0,0.5759,258.0,0.5761,2.0,0.5762,545.0
1753592340641,04:59:00.641,gateio,A/USDT:USDT,0.576,300.0,0.5759,295.0,0.5761,2.0,0.5762,545.0
1753592340766,04:59:00.766,gateio,A/USDT:USDT,0.576,300.0,0.5759,295.0,0.5761,2.0,0.5762,290.0
1753592341186,04:59:01.186,gateio,A/USDT:USDT,0.576,300.0,0.5759,295.0,0.5761,2.0,0.5762,290.0
1753592341956,04:59:01.956,gateio,A/USDT:USDT,0.576,16.0,0.5759,295.0,0.5761,2.0,0.5762,290.0
1753592342823,04:59:02.823,gateio,A/USDT:USDT,0.576,288.0,0.5759,295.0,0.5761,2.0,0.5762,290.0
1753592344247,04:59:04.247,gateio,A/USDT:USDT,0.576,301.0,0.5759,295.0,0.5761,2.0,0.5762,290.0
1753592344722,04:59:04.722,gateio,A/USDT:USDT,0.576,301.0,0.5759,295.0,0.5761,2.0,0.5762,290.0
1753592349522,04:59:09.522,gateio,A/USDT:USDT,0.576,301.0,0.5759,295.0,0.5761,2.0,0.5762,290.0
1753592350667,04:59:10.667,gateio,A/USDT:USDT,0.576,16.0,0.5759,258.0,0.5761,2.0,0.5762,290.0
1753592351617,04:59:11.617,gateio,A/USDT:USDT,0.576,29.0,0.5759,295.0,0.5761,2.0,0.5762,290.0
1753592353319,04:59:13.319,gateio,A/USDT:USDT,0.576,29.0,0.5759,295.0,0.5761,2.0,0.5762,290.0
1753592354317,04:59:14.317,gateio,A/USDT:USDT,0.576,16.0,0.5759,295.0,0.5761,2.0,0.5762,290.0
1753592354383,04:59:14.383,gateio,A/USDT:USDT,0.576,29.0,0.5759,295.0,0.5761,2.0,0.5762,290.0
1753592355062,04:59:15.062,gateio,A/USDT:USDT,0.576,296.0,0.5759,295.0,0.5761,2.0,0.5762,290.0
1753592355142,04:59:15.142,gateio,A/USDT:USDT,0.576,296.0,0.5759,295.0,0.5761,2.0,0.5762,290.0
1753592355516,04:59:15.516,gateio,A/USDT:USDT,0.576,296.0,0.5759,295.0,0.5761,2.0,0.5762,290.0
1753592357123,04:59:17.123,gateio,A/USDT:USDT,0.576,296.0,0.5759,295.0,0.5761,2.0,0.5762,290.0
1753592357425,04:59:17.425,gateio,A/USDT:USDT,0.576,296.0,0.5759,295.0,0.5761,2.0,0.5762,290.0
1753592357793,04:59:17.793,gateio,A/USDT:USDT,0.576,296.0,0.5759,295.0,0.5761,2.0,0.5762,290.0
1753592358134,04:59:18.134,gateio,A/USDT:USDT,0.576,296.0,0.5759,295.0,0.5761,2.0,0.5762,290.0
1753592358337,04:59:18.337,gateio,A/USDT:USDT,0.576,283.0,0.5759,295.0,0.5761,2.0,0.5762,290.0
1753592358462,04:59:18.462,gateio,A/USDT:USDT,0.576,296.0,0.5759,295.0,0.5761,2.0,0.5762,290.0
1753592358739,04:59:18.739,gateio,A/USDT:USDT,0.576,283.0,0.5759,295.0,0.5761,2.0,0.5762,290.0
1753592359063,04:59:19.063,gateio,A/USDT:USDT,0.576,283.0,0.5759,295.0,0.5761,2.0,0.5762,290.0
1753592359108,04:59:19.108,gateio,A/USDT:USDT,0.576,283.0,0.5759,295.0,0.5761,2.0,0.5762,290.0
1753592361124,04:59:21.124,gateio,A/USDT:USDT,0.576,270.0,0.5759,295.0,0.5761,2.0,0.5762,290.0
1753592361290,04:59:21.290,gateio,A/USDT:USDT,0.576,296.0,0.5759,295.0,0.5761,2.0,0.5762,290.0
1753592363909,04:59:23.909,gateio,A/USDT:USDT,0.576,296.0,0.5759,295.0,0.5761,2.0,0.5762,290.0
1753592364367,04:59:24.367,gateio,A/USDT:USDT,0.576,270.0,0.5759,295.0,0.5761,2.0,0.5762,290.0
1753592365257,04:59:25.257,gateio,A/USDT:USDT,0.576,283.0,0.5759,295.0,0.5761,2.0,0.5762,290.0
1753592365385,04:59:25.385,gateio,A/USDT:USDT,0.576,270.0,0.5759,295.0,0.5761,2.0,0.5762,290.0
1753592365533,04:59:25.533,gateio,A/USDT:USDT,0.576,270.0,0.5759,295.0,0.5761,2.0,0.5762,290.0
1753592366107,04:59:26.107,gateio,A/USDT:USDT,0.576,16.0,0.5759,295.0,0.5761,2.0,0.5762,290.0
1753592366677,04:59:26.677,gateio,A/USDT:USDT,0.576,16.0,0.5759,295.0,0.5761,2.0,0.5762,290.0
1753592366729,04:59:26.729,gateio,A/USDT:USDT,0.576,16.0,0.5759,295.0,0.5761,2.0,0.5762,290.0
1753592367098,04:59:27.098,gateio,A/USDT:USDT,0.576,282.0,0.5759,295.0,0.5761,2.0,0.5762,290.0
1753592368474,04:59:28.474,gateio,A/USDT:USDT,0.576,295.0,0.5759,295.0,0.5761,2.0,0.5762,290.0
1753592368724,04:59:28.724,gateio,A/USDT:USDT,0.576,282.0,0.5759,295.0,0.5761,2.0,0.5762,290.0
1753592373509,04:59:33.509,gateio,A/USDT:USDT,0.576,282.0,0.5759,295.0,0.5761,2.0,0.5762,290.0
1753592373671,04:59:33.671,gateio,A/USDT:USDT,0.576,308.0,0.5759,295.0,0.5761,2.0,0.5762,290.0
1753592375246,04:59:35.246,gateio,A/USDT:USDT,0.576,295.0,0.5759,295.0,0.5761,2.0,0.5762,290.0
1753592375367,04:59:35.367,gateio,A/USDT:USDT,0.576,282.0,0.5759,295.0,0.5761,2.0,0.5762,290.0
1753592376142,04:59:36.142,gateio,A/USDT:USDT,0.576,282.0,0.5759,295.0,0.5761,2.0,0.5762,290.0
1753592376923,04:59:36.923,gateio,A/USDT:USDT,0.576,282.0,0.5759,295.0,0.5761,2.0,0.5762,290.0
1753592377024,04:59:37.024,gateio,A/USDT:USDT,0.576,282.0,0.5759,295.0,0.5761,2.0,0.5762,290.0
1753592377222,04:59:37.222,gateio,A/USDT:USDT,0.576,282.0,0.5759,295.0,0.5761,2.0,0.5762,290.0
1753592377440,04:59:37.440,gateio,A/USDT:USDT,0.576,308.0,0.5759,295.0,0.5761,2.0,0.5762,290.0
1753592377555,04:59:37.555,gateio,A/USDT:USDT,0.576,308.0,0.5759,295.0,0.5761,2.0,0.5762,290.0
1753592378342,04:59:38.342,gateio,A/USDT:USDT,0.576,282.0,0.5759,295.0,0.5761,2.0,0.5762,290.0
1753592380088,04:59:40.088,gateio,A/USDT:USDT,0.576,308.0,0.5759,295.0,0.5761,2.0,0.5762,290.0
1753592380754,04:59:40.754,gateio,A/USDT:USDT,0.576,282.0,0.5759,295.0,0.5761,2.0,0.5762,290.0
1753592380783,04:59:40.783,gateio,A/USDT:USDT,0.576,282.0,0.5759,295.0,0.5761,2.0,0.5762,290.0
1753592380886,04:59:40.886,gateio,A/USDT:USDT,0.576,282.0,0.5759,295.0,0.5761,2.0,0.5762,290.0
1753592381357,04:59:41.357,gateio,A/USDT:USDT,0.576,308.0,0.5759,295.0,0.5761,2.0,0.5762,290.0
1753592381623,04:59:41.623,gateio,A/USDT:USDT,0.576,282.0,0.5759,295.0,0.5761,2.0,0.5762,290.0
1753592382062,04:59:42.062,gateio,A/USDT:USDT,0.576,282.0,0.5759,295.0,0.5761,2.0,0.5762,290.0
1753592382168,04:59:42.168,gateio,A/USDT:USDT,0.576,308.0,0.5759,295.0,0.5761,2.0,0.5762,290.0
1753592382279,04:59:42.279,gateio,A/USDT:USDT,0.576,308.0,0.5759,295.0,0.5761,2.0,0.5762,290.0
1753592382672,04:59:42.672,gateio,A/USDT:USDT,0.576,308.0,0.5759,295.0,0.5761,2.0,0.5762,290.0
1753592383172,04:59:43.172,gateio,A/USDT:USDT,0.576,308.0,0.5759,295.0,0.5761,2.0,0.5762,290.0
1753592383182,04:59:43.182,gateio,A/USDT:USDT,0.576,308.0,0.5759,295.0,0.5761,2.0,0.5762,290.0
1753592385568,04:59:45.568,gateio,A/USDT:USDT,0.576,295.0,0.5759,295.0,0.5761,2.0,0.5762,290.0
1753592385662,04:59:45.662,gateio,A/USDT:USDT,0.576,308.0,0.5759,295.0,0.5761,2.0,0.5763,1649.0
1753592385732,04:59:45.732,gateio,A/USDT:USDT,0.5761,264.0,0.576,332.0,0.5762,2.0,0.5763,1938.0
1753592386073,04:59:46.073,gateio,A/USDT:USDT,0.5761,264.0,0.576,332.0,0.5762,2.0,0.5763,1938.0
1753592386155,04:59:46.155,gateio,A/USDT:USDT,0.5761,264.0,0.576,332.0,0.5762,2.0,0.5763,1938.0
1753592386308,04:59:46.308,gateio,A/USDT:USDT,0.576,332.0,0.5759,258.0,0.5762,2.0,0.5763,1938.0
1753592386406,04:59:46.406,gateio,A/USDT:USDT,0.576,316.0,0.5759,258.0,0.5762,2.0,0.5763,1938.0
1753592386546,04:59:46.546,gateio,A/USDT:USDT,0.576,316.0,0.5759,258.0,0.5762,2.0,0.5763,1938.0
1753592387909,04:59:47.909,gateio,A/USDT:USDT,0.576,316.0,0.5759,258.0,0.5762,2.0,0.5763,1938.0
1753592388114,04:59:48.114,gateio,A/USDT:USDT,0.576,316.0,0.5759,258.0,0.5762,2.0,0.5763,1938.0
1753592389851,04:59:49.851,gateio,A/USDT:USDT,0.576,316.0,0.5759,258.0,0.5762,2.0,0.5763,1938.0
1753592390014,04:59:50.014,gateio,A/USDT:USDT,0.576,316.0,0.5759,258.0,0.5762,2.0,0.5763,1938.0
1753592390358,04:59:50.358,gateio,A/USDT:USDT,0.576,279.0,0.5759,295.0,0.5762,266.0,0.5763,1938.0
1753592390435,04:59:50.435,gateio,A/USDT:USDT,0.576,279.0,0.5759,295.0,0.5762,264.0,0.5763,1938.0
1753592390524,04:59:50.524,gateio,A/USDT:USDT,0.576,279.0,0.5759,295.0,0.5762,264.0,0.5763,1938.0
1753592391674,04:59:51.674,gateio,A/USDT:USDT,0.576,279.0,0.5759,295.0,0.5762,264.0,0.5763,1938.0
1753592392034,04:59:52.034,gateio,A/USDT:USDT,0.576,266.0,0.5759,295.0,0.5762,277.0,0.5763,1938.0
1753592392158,04:59:52.158,gateio,A/USDT:USDT,0.576,279.0,0.5759,295.0,0.5762,277.0,0.5763,1938.0
1753592392710,04:59:52.710,gateio,A/USDT:USDT,0.576,279.0,0.5759,295.0,0.5762,277.0,0.5763,1938.0
1753592392962,04:59:52.962,gateio,A/USDT:USDT,0.576,279.0,0.5759,295.0,0.5762,264.0,0.5763,1938.0
1753592393212,04:59:53.212,gateio,A/USDT:USDT,0.576,279.0,0.5759,295.0,0.5762,264.0,0.5763,1938.0
1753592394136,04:59:54.136,gateio,A/USDT:USDT,0.576,279.0,0.5759,295.0,0.5762,277.0,0.5763,1938.0
1753592396278,04:59:56.278,gateio,A/USDT:USDT,0.576,266.0,0.5759,295.0,0.5762,290.0,0.5763,1938.0
1753592396498,04:59:56.498,gateio,A/USDT:USDT,0.576,266.0,0.5759,295.0,0.5762,290.0,0.5763,1938.0
1753592396584,04:59:56.584,gateio,A/USDT:USDT,0.576,266.0,0.5759,295.0,0.5762,290.0,0.5763,1938.0
1753592396801,04:59:56.801,gateio,A/USDT:USDT,0.576,266.0,0.5759,295.0,0.5762,290.0,0.5763,1938.0
1753592397139,04:59:57.139,gateio,A/USDT:USDT,0.576,266.0,0.5759,295.0,0.5762,290.0,0.5763,1938.0
1753592397509,04:59:57.509,gateio,A/USDT:USDT,0.576,266.0,0.5759,295.0,0.5762,290.0,0.5763,1938.0
1753592397867,04:59:57.867,gateio,A/USDT:USDT,0.576,279.0,0.5759,295.0,0.5762,264.0,0.5763,1938.0
1753592398466,04:59:58.466,gateio,A/USDT:USDT,0.576,279.0,0.5759,295.0,0.5762,264.0,0.5763,1938.0
1753592398880,04:59:58.880,gateio,A/USDT:USDT,0.576,279.0,0.5759,295.0,0.5762,264.0,0.5763,1938.0
1753592399019,04:59:59.019,gateio,A/USDT:USDT,0.576,279.0,0.5759,295.0,0.5762,264.0,0.5763,1938.0
1753592399606,04:59:59.606,gateio,A/USDT:USDT,0.576,279.0,0.5759,295.0,0.5762,264.0,0.5763,1938.0
1753592400244,05:00:00.244,gateio,A/USDT:USDT,0.576,279.0,0.5759,295.0,0.5762,264.0,0.5763,1938.0
1753592400292,05:00:00.292,gateio,A/USDT:USDT,0.576,266.0,0.5759,295.0,0.5762,277.0,0.5763,1938.0
1753592400420,05:00:00.420,gateio,A/USDT:USDT,0.576,266.0,0.5759,295.0,0.5762,277.0,0.5763,1938.0
1753592400637,05:00:00.637,gateio,A/USDT:USDT,0.576,266.0,0.5759,295.0,0.5762,290.0,0.5763,1938.0
1753592401144,05:00:01.144,gateio,A/USDT:USDT,0.576,266.0,0.5759,295.0,0.5762,290.0,0.5763,1938.0
1753592401502,05:00:01.502,gateio,A/USDT:USDT,0.576,266.0,0.5759,295.0,0.5762,277.0,0.5763,1938.0
1753592401587,05:00:01.587,gateio,A/USDT:USDT,0.576,266.0,0.5759,295.0,0.5762,290.0,0.5763,1938.0
1753592401740,05:00:01.740,gateio,A/USDT:USDT,0.576,266.0,0.5759,295.0,0.5763,1649.0,0.5764,5827.0
1753592401866,05:00:01.866,gateio,A/USDT:USDT,0.5761,16.0,0.576,266.0,0.5762,89.0,0.5763,1964.0
1753592401971,05:00:01.971,gateio,A/USDT:USDT,0.5761,16.0,0.576,266.0,0.5762,89.0,0.5763,1964.0
1753592402352,05:00:02.352,gateio,A/USDT:USDT,0.5761,16.0,0.576,266.0,0.5762,89.0,0.5763,349.0
1753592402548,05:00:02.548,gateio,A/USDT:USDT,0.5761,16.0,0.576,266.0,0.5762,102.0,0.5763,2261.0
1753592402585,05:00:02.585,gateio,A/USDT:USDT,0.5761,16.0,0.576,266.0,0.5762,102.0,0.5763,2261.0
1753592402933,05:00:02.933,gateio,A/USDT:USDT,0.5761,16.0,0.576,266.0,0.5762,89.0,0.5763,2261.0
1753592403178,05:00:03.178,gateio,A/USDT:USDT,0.5761,29.0,0.576,303.0,0.5762,2.0,0.5763,2214.0
1753592403191,05:00:03.191,gateio,A/USDT:USDT,0.5761,29.0,0.576,303.0,0.5762,2.0,0.5763,2214.0
1753592403362,05:00:03.362,gateio,A/USDT:USDT,0.5762,264.0,0.5761,685.0,0.5765,260.0,0.5766,926.0
1753592403472,05:00:03.472,gateio,A/USDT:USDT,0.5763,17.0,0.5762,264.0,0.5765,260.0,0.5766,571.0
1753592403568,05:00:03.568,gateio,A/USDT:USDT,0.5763,17.0,0.5761,656.0,0.5764,264.0,0.5765,4853.0
1753592403638,05:00:03.638,gateio,A/USDT:USDT,0.5762,17.0,0.5761,619.0,0.5764,264.0,0.5765,4853.0
1753592403688,05:00:03.688,gateio,A/USDT:USDT,0.5762,17.0,0.5761,619.0,0.5764,264.0,0.5765,4853.0
1753592403791,05:00:03.791,gateio,A/USDT:USDT,0.5762,17.0,0.5761,619.0,0.5764,264.0,0.5765,4853.0
1753592403911,05:00:03.911,gateio,A/USDT:USDT,0.5762,17.0,0.5761,619.0,0.5764,264.0,0.5765,4853.0
1753592404022,05:00:04.022,gateio,A/USDT:USDT,0.5762,17.0,0.5761,619.0,0.5764,264.0,0.5765,5201.0
1753592404878,05:00:04.878,gateio,A/USDT:USDT,0.5762,43.0,0.5761,301.0,0.5764,264.0,0.5765,4899.0
1753592404916,05:00:04.916,gateio,A/USDT:USDT,0.5762,307.0,0.5761,301.0,0.5765,260.0,0.5766,571.0
1753592405077,05:00:05.077,gateio,A/USDT:USDT,0.5762,307.0,0.5761,301.0,0.5765,260.0,0.5766,4896.0
1753592405167,05:00:05.167,gateio,A/USDT:USDT,0.5762,294.0,0.5761,301.0,0.5764,264.0,0.5765,928.0
1753592405273,05:00:05.273,gateio,A/USDT:USDT,0.5762,277.0,0.5761,301.0,0.5764,264.0,0.5765,1217.0
1753592405326,05:00:05.326,gateio,A/USDT:USDT,0.5762,290.0,0.5761,301.0,0.5764,264.0,0.5765,1217.0
1753592405554,05:00:05.554,gateio,A/USDT:USDT,0.5762,290.0,0.5761,301.0,0.5764,264.0,0.5765,1217.0
1753592406185,05:00:06.185,gateio,A/USDT:USDT,0.5762,290.0,0.5761,301.0,0.5764,264.0,0.5765,1217.0
1753592406374,05:00:06.374,gateio,A/USDT:USDT,0.5762,290.0,0.5761,301.0,0.5764,264.0,0.5765,1217.0
1753592406703,05:00:06.703,gateio,A/USDT:USDT,0.5762,290.0,0.5761,301.0,0.5764,264.0,0.5765,1217.0
1753592407060,05:00:07.060,gateio,A/USDT:USDT,0.5762,290.0,0.5761,301.0,0.5764,264.0,0.5765,1217.0
1753592407111,05:00:07.111,gateio,A/USDT:USDT,0.5762,290.0,0.5761,301.0,0.5764,264.0,0.5765,1217.0
1753592407199,05:00:07.199,gateio,A/USDT:USDT,0.5762,290.0,0.5761,301.0,0.5764,264.0,0.5765,1217.0
1753592407507,05:00:07.507,gateio,A/USDT:USDT,0.5762,290.0,0.5761,301.0,0.5765,928.0,0.5766,4896.0
1753592407609,05:00:07.609,gateio,A/USDT:USDT,0.5763,17.0,0.5762,264.0,0.5765,928.0,0.5766,4896.0
1753592407743,05:00:07.743,gateio,A/USDT:USDT,0.5763,17.0,0.5762,264.0,0.5765,928.0,0.5766,4896.0
1753592407834,05:00:07.834,gateio,A/USDT:USDT,0.5763,17.0,0.5762,264.0,0.5765,941.0,0.5766,4896.0
1753592407942,05:00:07.942,gateio,A/USDT:USDT,0.5763,17.0,0.5762,264.0,0.5765,928.0,0.5766,4896.0
1753592408007,05:00:08.007,gateio,A/USDT:USDT,0.5763,17.0,0.5762,264.0,0.5765,928.0,0.5766,4896.0
1753592408438,05:00:08.438,gateio,A/USDT:USDT,0.5763,17.0,0.5762,264.0,0.5765,928.0,0.5766,4896.0
1753592408723,05:00:08.723,gateio,A/USDT:USDT,0.5763,17.0,0.5762,264.0,0.5765,928.0,0.5766,4862.0
1753592408824,05:00:08.824,gateio,A/USDT:USDT,0.5763,17.0,0.5762,264.0,0.5765,928.0,0.5766,4862.0
1753592409954,05:00:09.954,gateio,A/USDT:USDT,0.5763,17.0,0.5762,264.0,0.5765,941.0,0.5766,4862.0
1753592410134,05:00:10.134,gateio,A/USDT:USDT,0.5763,17.0,0.5762,264.0,0.5765,928.0,0.5766,4862.0
1753592410269,05:00:10.269,gateio,A/USDT:USDT,0.5763,17.0,0.5762,290.0,0.5764,87.0,0.5765,1217.0
1753592410378,05:00:10.378,gateio,A/USDT:USDT,0.5763,17.0,0.5762,290.0,0.5764,87.0,0.5765,1217.0
1753592410473,05:00:10.473,gateio,A/USDT:USDT,0.5763,17.0,0.5762,290.0,0.5764,87.0,0.5765,1217.0
1753592410748,05:00:10.748,gateio,A/USDT:USDT,0.5763,17.0,0.5762,290.0,0.5764,87.0,0.5765,1217.0
1753592411142,05:00:11.142,gateio,A/USDT:USDT,0.5763,17.0,0.5762,277.0,0.5764,87.0,0.5765,1230.0
1753592411262,05:00:11.262,gateio,A/USDT:USDT,0.5763,17.0,0.5762,264.0,0.5764,344.0,0.5765,1850.0
1753592411288,05:00:11.288,gateio,A/USDT:USDT,0.5763,17.0,0.5762,264.0,0.5764,344.0,0.5765,1850.0
1753592411479,05:00:11.479,gateio,A/USDT:USDT,0.5763,17.0,0.5762,264.0,0.5764,344.0,0.5765,1863.0
1753592411490,05:00:11.490,gateio,A/USDT:USDT,0.5763,17.0,0.5762,264.0,0.5764,344.0,0.5765,1850.0
1753592411644,05:00:11.644,gateio,A/USDT:USDT,0.5763,17.0,0.5762,264.0,0.5764,344.0,0.5765,1850.0
1753592411757,05:00:11.757,gateio,A/USDT:USDT,0.5763,17.0,0.5762,264.0,0.5764,344.0,0.5765,1850.0
1753592411923,05:00:11.923,gateio,A/USDT:USDT,0.5763,17.0,0.5762,264.0,0.5764,344.0,0.5765,1863.0
1753592412919,05:00:12.919,gateio,A/USDT:USDT,0.5763,17.0,0.5762,264.0,0.5764,344.0,0.5765,1863.0
1753592413273,05:00:13.273,gateio,A/USDT:USDT,0.5763,17.0,0.5762,264.0,0.5764,344.0,0.5765,1863.0
1753592413575,05:00:13.575,gateio,A/USDT:USDT,0.5763,17.0,0.5762,264.0,0.5764,344.0,0.5765,1863.0
1753592413656,05:00:13.656,gateio,A/USDT:USDT,0.5763,17.0,0.5762,264.0,0.5764,344.0,0.5765,1863.0
1753592413751,05:00:13.751,gateio,A/USDT:USDT,0.5763,17.0,0.5762,264.0,0.5764,344.0,0.5765,1863.0
1753592413893,05:00:13.893,gateio,A/USDT:USDT,0.5763,17.0,0.5762,264.0,0.5764,344.0,0.5765,1863.0
1753592414562,05:00:14.562,gateio,A/USDT:USDT,0.5763,17.0,0.5762,264.0,0.5764,344.0,0.5765,1863.0
1753592414868,05:00:14.868,gateio,A/USDT:USDT,0.5763,17.0,0.5762,264.0,0.5764,344.0,0.5765,1863.0
1753592415247,05:00:15.247,gateio,A/USDT:USDT,0.5763,17.0,0.5762,264.0,0.5764,344.0,0.5765,1863.0
1753592416165,05:00:16.165,gateio,A/USDT:USDT,0.5763,17.0,0.5762,264.0,0.5764,344.0,0.5765,1863.0
1753592416314,05:00:16.314,gateio,A/USDT:USDT,0.5763,17.0,0.5762,264.0,0.5764,344.0,0.5765,1863.0
1753592416722,05:00:16.722,gateio,A/USDT:USDT,0.5763,17.0,0.5762,264.0,0.5764,344.0,0.5765,1863.0
1753592417450,05:00:17.450,gateio,A/USDT:USDT,0.5763,17.0,0.5762,264.0,0.5764,344.0,0.5765,1863.0
1753592418495,05:00:18.495,gateio,A/USDT:USDT,0.5763,17.0,0.5762,264.0,0.5764,344.0,0.5765,1863.0
1753592418908,05:00:18.908,gateio,A/USDT:USDT,0.5763,17.0,0.5762,264.0,0.5764,344.0,0.5765,1863.0
1753592419865,05:00:19.865,gateio,A/USDT:USDT,0.5763,17.0,0.5762,264.0,0.5764,344.0,0.5765,1863.0
1753592419902,05:00:19.902,gateio,A/USDT:USDT,0.5763,17.0,0.5762,264.0,0.5764,344.0,0.5765,1863.0
1753592420120,05:00:20.120,gateio,A/USDT:USDT,0.5763,17.0,0.5762,264.0,0.5764,344.0,0.5765,1863.0
1753592420243,05:00:20.243,gateio,A/USDT:USDT,0.5763,17.0,0.5762,264.0,0.5764,344.0,0.5765,1863.0
1753592420865,05:00:20.865,gateio,A/USDT:USDT,0.5763,17.0,0.5762,264.0,0.5764,344.0,0.5765,1863.0
1753592420933,05:00:20.933,gateio,A/USDT:USDT,0.5763,17.0,0.5762,264.0,0.5764,344.0,0.5765,1863.0
1753592421231,05:00:21.231,gateio,A/USDT:USDT,0.5763,17.0,0.5762,264.0,0.5764,344.0,0.5765,1863.0
1753592421322,05:00:21.322,gateio,A/USDT:USDT,0.5763,17.0,0.5762,264.0,0.5764,344.0,0.5765,1863.0
1753592421438,05:00:21.438,gateio,A/USDT:USDT,0.5763,17.0,0.5762,264.0,0.5764,344.0,0.5765,1863.0
1753592421511,05:00:21.511,gateio,A/USDT:USDT,0.5763,17.0,0.5762,264.0,0.5764,344.0,0.5765,1863.0
1753592421808,05:00:21.808,gateio,A/USDT:USDT,0.5763,17.0,0.5762,264.0,0.5764,344.0,0.5765,1863.0
1753592422020,05:00:22.020,gateio,A/USDT:USDT,0.5763,30.0,0.5762,264.0,0.5764,87.0,0.5765,1837.0
1753592422137,05:00:22.137,gateio,A/USDT:USDT,0.5763,17.0,0.5762,264.0,0.5764,87.0,0.5765,1837.0
1753592422799,05:00:22.799,gateio,A/USDT:USDT,0.5763,30.0,0.5762,264.0,0.5764,87.0,0.5765,1837.0
1753592423165,05:00:23.165,gateio,A/USDT:USDT,0.5763,30.0,0.5762,264.0,0.5765,1548.0,0.5766,4573.0
1753592423182,05:00:23.182,gateio,A/USDT:USDT,0.5763,30.0,0.5762,264.0,0.5764,87.0,0.5765,1548.0
1753592423316,05:00:23.316,gateio,A/USDT:USDT,0.5763,30.0,0.5762,264.0,0.5764,87.0,0.5765,1837.0
1753592423461,05:00:23.461,gateio,A/USDT:USDT,0.5763,30.0,0.5762,264.0,0.5764,87.0,0.5765,1837.0
1753592425662,05:00:25.662,gateio,A/USDT:USDT,0.5763,30.0,0.5762,264.0,0.5764,87.0,0.5765,1837.0
1753592426311,05:00:26.311,gateio,A/USDT:USDT,0.5763,30.0,0.5762,264.0,0.5764,87.0,0.5765,1837.0
1753592426470,05:00:26.470,gateio,A/USDT:USDT,0.5763,30.0,0.5762,264.0,0.5764,87.0,0.5765,1837.0
1753592426576,05:00:26.576,gateio,A/USDT:USDT,0.5763,17.0,0.5762,264.0,0.5765,1548.0,0.5766,4862.0
1753592426675,05:00:26.675,gateio,A/USDT:USDT,0.5763,17.0,0.5762,301.0,0.5765,1548.0,0.5766,4862.0
1753592426806,05:00:26.806,gateio,A/USDT:USDT,0.5763,305.0,0.5762,301.0,0.5765,1548.0,0.5766,4862.0
1753592426970,05:00:26.970,gateio,A/USDT:USDT,0.5763,275.0,0.5762,301.0,0.5765,1548.0,0.5766,4862.0
1753592427293,05:00:27.293,gateio,A/USDT:USDT,0.5763,275.0,0.5762,301.0,0.5765,1548.0,0.5766,4862.0
1753592427880,05:00:27.880,gateio,A/USDT:USDT,0.5763,288.0,0.5762,301.0,0.5765,1548.0,0.5766,4862.0
1753592428031,05:00:28.031,gateio,A/USDT:USDT,0.5763,288.0,0.5762,301.0,0.5765,1548.0,0.5766,4862.0
1753592428128,05:00:28.128,gateio,A/USDT:USDT,0.5763,262.0,0.5762,301.0,0.5765,1548.0,0.5766,4862.0
1753592428188,05:00:28.188,gateio,A/USDT:USDT,0.5763,262.0,0.5762,301.0,0.5765,1548.0,0.5766,4862.0
1753592428533,05:00:28.533,gateio,A/USDT:USDT,0.5763,262.0,0.5762,301.0,0.5765,1548.0,0.5766,4862.0
1753592428588,05:00:28.588,gateio,A/USDT:USDT,0.5763,262.0,0.5762,301.0,0.5765,1548.0,0.5766,4862.0
1753592429074,05:00:29.074,gateio,A/USDT:USDT,0.5763,288.0,0.5762,301.0,0.5765,1288.0,0.5766,4862.0
1753592429128,05:00:29.128,gateio,A/USDT:USDT,0.5764,262.0,0.5763,312.0,0.5766,4586.0,0.5767,1597.0
1753592429245,05:00:29.245,gateio,A/USDT:USDT,0.5763,299.0,0.5762,264.0,0.5766,4586.0,0.5767,1597.0
1753592429366,05:00:29.366,gateio,A/USDT:USDT,0.5764,17.0,0.5763,299.0,0.5765,87.0,0.5766,5306.0
1753592429475,05:00:29.475,gateio,A/USDT:USDT,0.5764,17.0,0.5763,262.0,0.5765,87.0,0.5766,5306.0
1753592429852,05:00:29.852,gateio,A/USDT:USDT,0.5764,17.0,0.5763,262.0,0.5765,87.0,0.5766,5306.0
1753592430254,05:00:30.254,gateio,A/USDT:USDT,0.5764,17.0,0.5763,262.0,0.5765,87.0,0.5766,5293.0
1753592430403,05:00:30.403,gateio,A/USDT:USDT,0.5764,17.0,0.5763,262.0,0.5765,87.0,0.5766,5293.0
1753592430559,05:00:30.559,gateio,A/USDT:USDT,0.5764,17.0,0.5763,262.0,0.5765,87.0,0.5766,5293.0
1753592430635,05:00:30.635,gateio,A/USDT:USDT,0.5764,17.0,0.5763,262.0,0.5765,87.0,0.5766,5293.0
1753592430713,05:00:30.713,gateio,A/USDT:USDT,0.5764,17.0,0.5763,262.0,0.5765,87.0,0.5766,5293.0
1753592431112,05:00:31.112,gateio,A/USDT:USDT,0.5764,17.0,0.5763,262.0,0.5765,87.0,0.5766,5293.0
1753592433134,05:00:33.134,gateio,A/USDT:USDT,0.5764,17.0,0.5763,262.0,0.5765,87.0,0.5766,5293.0
1753592433471,05:00:33.471,gateio,A/USDT:USDT,0.5764,43.0,0.5763,262.0,0.5765,87.0,0.5766,5293.0
1753592433505,05:00:33.505,gateio,A/USDT:USDT,0.5764,17.0,0.5763,262.0,0.5765,87.0,0.5766,5293.0
1753592433613,05:00:33.613,gateio,A/USDT:USDT,0.5764,17.0,0.5763,262.0,0.5765,87.0,0.5766,5293.0
1753592433812,05:00:33.812,gateio,A/USDT:USDT,0.5764,30.0,0.5763,262.0,0.5765,87.0,0.5766,5293.0
1753592433916,05:00:33.916,gateio,A/USDT:USDT,0.5764,43.0,0.5763,262.0,0.5765,87.0,0.5766,5293.0
1753592433983,05:00:33.983,gateio,A/USDT:USDT,0.5764,30.0,0.5763,262.0,0.5765,87.0,0.5766,5293.0
1753592434262,05:00:34.262,gateio,A/USDT:USDT,0.5764,17.0,0.5763,262.0,0.5765,87.0,0.5766,5293.0
1753592434355,05:00:34.355,gateio,A/USDT:USDT,0.5764,17.0,0.5763,262.0,0.5765,87.0,0.5766,5293.0
1753592434422,05:00:34.422,gateio,A/USDT:USDT,0.5764,30.0,0.5763,262.0,0.5765,87.0,0.5766,5293.0
1753592434562,05:00:34.562,gateio,A/USDT:USDT,0.5764,30.0,0.5763,262.0,0.5765,87.0,0.5766,5293.0
1753592434669,05:00:34.669,gateio,A/USDT:USDT,0.5764,17.0,0.5763,262.0,0.5765,87.0,0.5766,5293.0
1753592435014,05:00:35.014,gateio,A/USDT:USDT,0.5764,17.0,0.5763,262.0,0.5765,87.0,0.5766,5293.0
1753592435233,05:00:35.233,gateio,A/USDT:USDT,0.5764,17.0,0.5763,262.0,0.5765,87.0,0.5766,5293.0
1753592435910,05:00:35.910,gateio,A/USDT:USDT,0.5764,17.0,0.5763,262.0,0.5765,87.0,0.5766,5293.0
1753592436146,05:00:36.146,gateio,A/USDT:USDT,0.5764,17.0,0.5763,262.0,0.5765,87.0,0.5766,5293.0
1753592436297,05:00:36.297,gateio,A/USDT:USDT,0.5764,17.0,0.5763,262.0,0.5765,87.0,0.5766,5293.0
1753592437788,05:00:37.788,gateio,A/USDT:USDT,0.5764,17.0,0.5763,262.0,0.5765,87.0,0.5766,5293.0
1753592439053,05:00:39.053,gateio,A/USDT:USDT,0.5764,17.0,0.5763,262.0,0.5765,87.0,0.5766,5293.0
1753592439541,05:00:39.541,gateio,A/USDT:USDT,0.5764,17.0,0.5763,262.0,0.5765,87.0,0.5766,5293.0
1753592440715,05:00:40.715,gateio,A/USDT:USDT,0.5764,17.0,0.5763,262.0,0.5765,87.0,0.5766,5293.0
1753592441139,05:00:41.139,gateio,A/USDT:USDT,0.5764,17.0,0.5763,262.0,0.5765,87.0,0.5766,5293.0
1753592441276,05:00:41.276,gateio,A/USDT:USDT,0.5764,17.0,0.5763,262.0,0.5765,87.0,0.5766,5293.0
1753592442259,05:00:42.259,gateio,A/USDT:USDT,0.5764,17.0,0.5763,262.0,0.5765,87.0,0.5766,5293.0
1753592444387,05:00:44.387,gateio,A/USDT:USDT,0.5764,17.0,0.5763,262.0,0.5765,113.0,0.5766,5293.0
1753592444482,05:00:44.482,gateio,A/USDT:USDT,0.5764,17.0,0.5763,262.0,0.5765,87.0,0.5766,5293.0
1753592445512,05:00:45.512,gateio,A/USDT:USDT,0.5764,17.0,0.5763,262.0,0.5765,87.0,0.5766,5293.0
1753592445584,05:00:45.584,gateio,A/USDT:USDT,0.5764,17.0,0.5763,262.0,0.5765,100.0,0.5766,5293.0
1753592445768,05:00:45.768,gateio,A/USDT:USDT,0.5764,17.0,0.5763,262.0,0.5765,87.0,0.5766,5293.0
1753592448922,05:00:48.922,gateio,A/USDT:USDT,0.5764,17.0,0.5763,262.0,0.5765,100.0,0.5766,5293.0
1753592449065,05:00:49.065,gateio,A/USDT:USDT,0.5764,17.0,0.5763,262.0,0.5765,87.0,0.5766,5293.0
1753592449883,05:00:49.883,gateio,A/USDT:USDT,0.5764,17.0,0.5763,262.0,0.5765,87.0,0.5766,5293.0
1753592450326,05:00:50.326,gateio,A/USDT:USDT,0.5764,17.0,0.5763,262.0,0.5765,100.0,0.5766,5293.0
1753592450383,05:00:50.383,gateio,A/USDT:USDT,0.5764,17.0,0.5763,262.0,0.5765,113.0,0.5766,5293.0
1753592451326,05:00:51.326,gateio,A/USDT:USDT,0.5764,17.0,0.5763,262.0,0.5765,87.0,0.5766,5293.0
1753592451899,05:00:51.899,gateio,A/USDT:USDT,0.5764,17.0,0.5763,262.0,0.5765,87.0,0.5766,5293.0
