timestamp,time,exchange,symbol,bid1_price,bid1_volume,bid2_price,bid2_volume,ask1_price,ask1_volume,ask2_price,ask2_volume
1753591889000,04:51:29.000,gateio,AEVO/USDT:USDT,0.10819,5771.0,0.10818,28.0,0.10825,212.0,0.10828,369.0
1753591889553,04:51:29.553,gateio,AEVO/USDT:USDT,0.10819,5771.0,0.10818,28.0,0.10825,44.0,0.10828,168.0
1753591889622,04:51:29.622,gateio,AEVO/USDT:USDT,0.10819,5771.0,0.10818,28.0,0.10826,168.0,0.10827,44.0
1753591889670,04:51:29.670,gateio,AEVO/USDT:USDT,0.10819,5771.0,0.10818,28.0,0.10825,44.0,0.10826,168.0
1753591889897,04:51:29.897,gateio,AEVO/USDT:USDT,0.10819,5771.0,0.10818,28.0,0.10825,44.0,0.10826,168.0
1753591890047,04:51:30.047,gateio,AEVO/USDT:USDT,0.10819,5771.0,0.10818,28.0,0.10825,44.0,0.10826,168.0
1753591890818,04:51:30.818,gateio,AEVO/USDT:USDT,0.10819,5771.0,0.10818,28.0,0.10825,44.0,0.10826,168.0
1753591891006,04:51:31.006,gateio,AEVO/USDT:USDT,0.10819,5771.0,0.10818,28.0,0.10825,44.0,0.10828,168.0
1753591891118,04:51:31.118,gateio,AEVO/USDT:USDT,0.10819,5771.0,0.10818,28.0,0.10827,216.0,0.10836,201.0
1753591891318,04:51:31.318,gateio,AEVO/USDT:USDT,0.10819,5771.0,0.10818,28.0,0.10827,44.0,0.10836,201.0
1753591891461,04:51:31.461,gateio,AEVO/USDT:USDT,0.10819,5771.0,0.10818,28.0,0.10831,201.0,0.10832,172.0
1753591891538,04:51:31.538,gateio,AEVO/USDT:USDT,0.10819,5771.0,0.10818,28.0,0.10829,172.0,0.1083,245.0
1753591891621,04:51:31.621,gateio,AEVO/USDT:USDT,0.10819,5771.0,0.10818,28.0,0.10828,216.0,0.10831,201.0
1753591891726,04:51:31.726,gateio,AEVO/USDT:USDT,0.10819,5771.0,0.10818,28.0,0.10828,44.0,0.10831,201.0
1753591891826,04:51:31.826,gateio,AEVO/USDT:USDT,0.10819,5771.0,0.10818,28.0,0.10828,172.0,0.10829,373.0
1753591891954,04:51:31.954,gateio,AEVO/USDT:USDT,0.10819,5771.0,0.10818,28.0,0.10827,216.0,0.10828,172.0
1753591892062,04:51:32.062,gateio,AEVO/USDT:USDT,0.10819,5771.0,0.10818,28.0,0.10827,216.0,0.10832,172.0
1753591892062,04:51:32.062,gateio,AEVO/USDT:USDT,0.10819,5771.0,0.10818,28.0,0.10827,216.0,0.10831,201.0
1753591892589,04:51:32.589,gateio,AEVO/USDT:USDT,0.10819,5771.0,0.10818,28.0,0.10827,44.0,0.10831,201.0
1753591892702,04:51:32.702,gateio,AEVO/USDT:USDT,0.10819,5771.0,0.10818,28.0,0.10829,373.0,0.1083,44.0
1753591892821,04:51:32.821,gateio,AEVO/USDT:USDT,0.1082,1897.0,0.10819,6324.0,0.10828,216.0,0.10831,201.0
1753591893000,04:51:33.000,gateio,AEVO/USDT:USDT,0.1082,1897.0,0.10819,6324.0,0.10828,216.0,0.10833,201.0
1753591893582,04:51:33.582,gateio,AEVO/USDT:USDT,0.1082,1897.0,0.10819,6324.0,0.10828,216.0,0.10833,201.0
1753591893860,04:51:33.860,gateio,AEVO/USDT:USDT,0.1082,1897.0,0.10819,6324.0,0.10828,216.0,0.10833,201.0
1753591893928,04:51:33.928,gateio,AEVO/USDT:USDT,0.1082,1897.0,0.10819,6324.0,0.10828,216.0,0.10833,201.0
1753591894225,04:51:34.225,gateio,AEVO/USDT:USDT,0.1082,1897.0,0.10819,6324.0,0.10828,44.0,0.10833,201.0
1753591894306,04:51:34.306,gateio,AEVO/USDT:USDT,0.1082,1897.0,0.10819,6324.0,0.10829,172.0,0.1083,201.0
1753591894387,04:51:34.387,gateio,AEVO/USDT:USDT,0.1082,1897.0,0.10819,6324.0,0.10828,216.0,0.1083,201.0
1753591894587,04:51:34.587,gateio,AEVO/USDT:USDT,0.1082,1897.0,0.10819,6324.0,0.10828,172.0,0.10829,44.0
1753591894670,04:51:34.670,gateio,AEVO/USDT:USDT,0.1082,1897.0,0.10819,6324.0,0.10827,44.0,0.10828,172.0
1753591894802,04:51:34.802,gateio,AEVO/USDT:USDT,0.1082,1897.0,0.10819,6324.0,0.10827,216.0,0.1083,201.0
1753591895163,04:51:35.163,gateio,AEVO/USDT:USDT,0.1082,1897.0,0.10819,6324.0,0.10827,216.0,0.10833,201.0
1753591895871,04:51:35.871,gateio,AEVO/USDT:USDT,0.1082,1897.0,0.10819,6324.0,0.10827,216.0,0.10833,201.0
1753591896004,04:51:36.004,gateio,AEVO/USDT:USDT,0.1082,1897.0,0.10819,6324.0,0.10827,216.0,0.10833,201.0
1753591896147,04:51:36.147,gateio,AEVO/USDT:USDT,0.1082,685.0,0.10819,225.0,0.10826,172.0,0.10827,244.0
1753591896247,04:51:36.247,gateio,AEVO/USDT:USDT,0.1082,6231.0,0.10819,225.0,0.10825,44.0,0.10826,172.0
1753591896806,04:51:36.806,gateio,AEVO/USDT:USDT,0.1082,6231.0,0.10819,225.0,0.10827,172.0,0.10831,201.0
1753591896870,04:51:36.870,gateio,AEVO/USDT:USDT,0.1082,6231.0,0.10819,225.0,0.10826,44.0,0.10827,172.0
1753591897022,04:51:37.022,gateio,AEVO/USDT:USDT,0.1082,6231.0,0.10819,225.0,0.10826,44.0,0.10827,172.0
1753591897150,04:51:37.150,gateio,AEVO/USDT:USDT,0.10821,1869.0,0.10819,225.0,0.10826,44.0,0.10833,201.0
1753591897206,04:51:37.206,gateio,AEVO/USDT:USDT,0.1082,1937.0,0.10819,6456.0,0.10829,172.0,0.1083,201.0
1753591897323,04:51:37.323,gateio,AEVO/USDT:USDT,0.1082,1937.0,0.10819,6456.0,0.10827,172.0,0.10828,44.0
1753591897370,04:51:37.370,gateio,AEVO/USDT:USDT,0.1082,1937.0,0.10819,6456.0,0.10826,44.0,0.10827,172.0
1753591897706,04:51:37.706,gateio,AEVO/USDT:USDT,0.1082,1937.0,0.10819,6456.0,0.10826,44.0,0.10827,172.0
1753591898008,04:51:38.008,gateio,AEVO/USDT:USDT,0.1082,1937.0,0.10819,6456.0,0.10826,44.0,0.10827,172.0
1753591898127,04:51:38.127,gateio,AEVO/USDT:USDT,0.1082,1937.0,0.10819,6456.0,0.10826,44.0,0.10827,172.0
1753591898321,04:51:38.321,gateio,AEVO/USDT:USDT,0.1082,1937.0,0.10819,6456.0,0.10826,44.0,0.1083,201.0
1753591898386,04:51:38.386,gateio,AEVO/USDT:USDT,0.1082,1937.0,0.10819,6456.0,0.10828,172.0,0.10829,44.0
1753591898470,04:51:38.470,gateio,AEVO/USDT:USDT,0.1082,1937.0,0.10819,6456.0,0.10827,44.0,0.10828,172.0
1753591898549,04:51:38.549,gateio,AEVO/USDT:USDT,0.1082,1937.0,0.10819,6456.0,0.10827,44.0,0.10828,172.0
1753591898729,04:51:38.729,gateio,AEVO/USDT:USDT,0.1082,1937.0,0.10819,6456.0,0.10827,44.0,0.10828,172.0
1753591898966,04:51:38.966,gateio,AEVO/USDT:USDT,0.1082,1937.0,0.10819,6456.0,0.10827,44.0,0.10828,172.0
1753591899383,04:51:39.383,gateio,AEVO/USDT:USDT,0.1082,1937.0,0.10819,6456.0,0.10827,44.0,0.10828,172.0
1753591899521,04:51:39.521,gateio,AEVO/USDT:USDT,0.1082,1937.0,0.10819,6456.0,0.10827,44.0,0.1083,201.0
1753591899646,04:51:39.646,gateio,AEVO/USDT:USDT,0.10819,910.0,0.10818,4481.0,0.10829,44.0,0.1083,201.0
1753591899705,04:51:39.705,gateio,AEVO/USDT:USDT,0.1082,2822.0,0.10819,9405.0,0.10829,44.0,0.1083,201.0
1753591899816,04:51:39.816,gateio,AEVO/USDT:USDT,0.10824,1936.0,0.10823,56.0,0.10829,44.0,0.10836,201.0
1753591899886,04:51:39.886,gateio,AEVO/USDT:USDT,0.10824,1936.0,0.10823,56.0,0.10834,172.0,0.10835,44.0
1753591900048,04:51:40.048,gateio,AEVO/USDT:USDT,0.10824,1936.0,0.10823,56.0,0.10832,172.0,0.10833,44.0
1753591900087,04:51:40.087,gateio,AEVO/USDT:USDT,0.10824,1936.0,0.10823,56.0,0.10831,216.0,0.10834,172.0
1753591900241,04:51:40.241,gateio,AEVO/USDT:USDT,0.10824,1936.0,0.10823,56.0,0.10831,216.0,0.10833,201.0
1753591900359,04:51:40.359,gateio,AEVO/USDT:USDT,0.10824,1936.0,0.10823,56.0,0.10831,216.0,0.10833,201.0
1753591900370,04:51:40.370,gateio,AEVO/USDT:USDT,0.10824,1936.0,0.10823,56.0,0.10831,216.0,0.10833,201.0
1753591900552,04:51:40.552,gateio,AEVO/USDT:USDT,0.10824,1936.0,0.10823,56.0,0.10831,44.0,0.10833,201.0
1753591900659,04:51:40.659,gateio,AEVO/USDT:USDT,0.10824,1936.0,0.10823,56.0,0.10831,44.0,0.10833,201.0
1753591900946,04:51:40.946,gateio,AEVO/USDT:USDT,0.10824,1936.0,0.10823,56.0,0.10832,44.0,0.10833,201.0
1753591900995,04:51:40.995,gateio,AEVO/USDT:USDT,0.10824,1936.0,0.10823,56.0,0.10831,166.0,0.10832,44.0
1753591901085,04:51:41.085,gateio,AEVO/USDT:USDT,0.10824,1936.0,0.10823,56.0,0.1083,44.0,0.10831,166.0
1753591901490,04:51:41.490,gateio,AEVO/USDT:USDT,0.10824,1936.0,0.10823,56.0,0.1083,44.0,0.10831,166.0
1753591901651,04:51:41.651,gateio,AEVO/USDT:USDT,0.10824,1936.0,0.10823,56.0,0.1083,44.0,0.10831,166.0
1753591901665,04:51:41.665,gateio,AEVO/USDT:USDT,0.10824,1936.0,0.10823,56.0,0.1083,44.0,0.10831,166.0
1753591901918,04:51:41.918,gateio,AEVO/USDT:USDT,0.10824,1936.0,0.10823,56.0,0.1083,44.0,0.10831,166.0
1753591902232,04:51:42.232,gateio,AEVO/USDT:USDT,0.10824,1936.0,0.10823,56.0,0.1083,210.0,0.10831,166.0
1753591902322,04:51:42.322,gateio,AEVO/USDT:USDT,0.10824,1936.0,0.10823,56.0,0.1083,44.0,0.10831,166.0
1753591902587,04:51:42.587,gateio,AEVO/USDT:USDT,0.10824,1936.0,0.10823,56.0,0.1083,44.0,0.10836,201.0
1753591902746,04:51:42.746,gateio,AEVO/USDT:USDT,0.10824,1936.0,0.10823,56.0,0.10833,166.0,0.10834,201.0
1753591902787,04:51:42.787,gateio,AEVO/USDT:USDT,0.10824,1936.0,0.10823,56.0,0.10832,210.0,0.10834,201.0
1753591902977,04:51:42.977,gateio,AEVO/USDT:USDT,0.10824,1936.0,0.10823,56.0,0.10831,166.0,0.10832,44.0
1753591903145,04:51:43.145,gateio,AEVO/USDT:USDT,0.10824,1936.0,0.10823,56.0,0.1083,44.0,0.10836,201.0
1753591903207,04:51:43.207,gateio,AEVO/USDT:USDT,0.10824,1936.0,0.10823,56.0,0.10833,166.0,0.10834,201.0
1753591903290,04:51:43.290,gateio,AEVO/USDT:USDT,0.10824,1936.0,0.10823,56.0,0.10831,166.0,0.10832,210.0
1753591903385,04:51:43.385,gateio,AEVO/USDT:USDT,0.10824,1936.0,0.10823,56.0,0.1083,44.0,0.10832,166.0
1753591903560,04:51:43.560,gateio,AEVO/USDT:USDT,0.10824,1936.0,0.10823,56.0,0.10831,44.0,0.10832,166.0
1753591903601,04:51:43.601,gateio,AEVO/USDT:USDT,0.10824,1936.0,0.10823,56.0,0.10831,44.0,0.10836,201.0
1753591903715,04:51:43.715,gateio,AEVO/USDT:USDT,0.10824,1936.0,0.10823,56.0,0.10833,166.0,0.10835,44.0
1753591903797,04:51:43.797,gateio,AEVO/USDT:USDT,0.10824,1936.0,0.10823,56.0,0.10832,210.0,0.10833,166.0
1753591903952,04:51:43.952,gateio,AEVO/USDT:USDT,0.10824,1936.0,0.10823,56.0,0.10832,210.0,0.10838,201.0
1753591903978,04:51:43.978,gateio,AEVO/USDT:USDT,0.10824,1936.0,0.10823,56.0,0.10832,210.0,0.10838,201.0
1753591904395,04:51:44.395,gateio,AEVO/USDT:USDT,0.10824,1936.0,0.10823,56.0,0.10832,210.0,0.10838,201.0
1753591904959,04:51:44.959,gateio,AEVO/USDT:USDT,0.10824,1936.0,0.10823,56.0,0.10832,210.0,0.10838,201.0
1753591905212,04:51:45.212,gateio,AEVO/USDT:USDT,0.10824,1936.0,0.10823,56.0,0.10832,44.0,0.10838,201.0
1753591905286,04:51:45.286,gateio,AEVO/USDT:USDT,0.10824,1936.0,0.10823,56.0,0.10836,166.0,0.10837,44.0
1753591905386,04:51:45.386,gateio,AEVO/USDT:USDT,0.10824,1936.0,0.10823,56.0,0.10834,166.0,0.10835,245.0
1753591905472,04:51:45.472,gateio,AEVO/USDT:USDT,0.10824,1936.0,0.10823,56.0,0.10832,166.0,0.10833,44.0
1753591905631,04:51:45.631,gateio,AEVO/USDT:USDT,0.10824,1936.0,0.10823,56.0,0.10831,44.0,0.10832,166.0
1753591906046,04:51:46.046,gateio,AEVO/USDT:USDT,0.10824,1936.0,0.10823,56.0,0.10831,44.0,0.10832,166.0
1753591906463,04:51:46.463,gateio,AEVO/USDT:USDT,0.10824,1936.0,0.10823,56.0,0.10831,44.0,0.10832,166.0
1753591907686,04:51:47.686,gateio,AEVO/USDT:USDT,0.10824,1936.0,0.10823,56.0,0.10831,44.0,0.10832,166.0
1753591908156,04:51:48.156,gateio,AEVO/USDT:USDT,0.10824,1936.0,0.10823,56.0,0.10831,44.0,0.10832,166.0
1753591908329,04:51:48.329,gateio,AEVO/USDT:USDT,0.10824,1936.0,0.10823,56.0,0.10831,44.0,0.10832,166.0
1753591909708,04:51:49.708,gateio,AEVO/USDT:USDT,0.10824,1936.0,0.10823,56.0,0.10831,44.0,0.10838,201.0
1753591909853,04:51:49.853,gateio,AEVO/USDT:USDT,0.10825,2244.0,0.10824,1936.0,0.10834,166.0,0.10835,201.0
1753591909945,04:51:49.945,gateio,AEVO/USDT:USDT,0.10824,1936.0,0.10823,56.0,0.10832,166.0,0.10833,245.0
1753591909986,04:51:49.986,gateio,AEVO/USDT:USDT,0.10825,2244.0,0.10824,7480.0,0.10831,44.0,0.10832,166.0
1753591910145,04:51:50.145,gateio,AEVO/USDT:USDT,0.10824,1936.0,0.10823,56.0,0.10831,44.0,0.10832,166.0
1753591910352,04:51:50.352,gateio,AEVO/USDT:USDT,0.10824,7480.0,0.10823,56.0,0.10831,44.0,0.10832,166.0
1753591910451,04:51:50.451,gateio,AEVO/USDT:USDT,0.10825,2244.0,0.10824,1936.0,0.10831,44.0,0.10832,166.0
1753591910555,04:51:50.555,gateio,AEVO/USDT:USDT,0.10824,7480.0,0.10823,56.0,0.10831,44.0,0.10832,166.0
1753591910585,04:51:50.585,gateio,AEVO/USDT:USDT,0.10824,1936.0,0.10823,56.0,0.10831,44.0,0.10832,166.0
1753591910862,04:51:50.862,gateio,AEVO/USDT:USDT,0.10824,7480.0,0.10823,56.0,0.10831,217.0,0.10835,201.0
1753591910960,04:51:50.960,gateio,AEVO/USDT:USDT,0.10824,7480.0,0.10823,56.0,0.10831,44.0,0.10835,201.0
1753591911025,04:51:51.025,gateio,AEVO/USDT:USDT,0.10825,2244.0,0.10824,7480.0,0.10833,173.0,0.10834,245.0
1753591911105,04:51:51.105,gateio,AEVO/USDT:USDT,0.10825,2244.0,0.10824,7480.0,0.10832,217.0,0.10834,201.0
1753591911252,04:51:51.252,gateio,AEVO/USDT:USDT,0.10825,2244.0,0.10824,4708.0,0.10832,44.0,0.10835,201.0
1753591911351,04:51:51.351,gateio,AEVO/USDT:USDT,0.10824,7480.0,0.10823,56.0,0.10833,173.0,0.10834,245.0
1753591911381,04:51:51.381,gateio,AEVO/USDT:USDT,0.10825,2244.0,0.10824,7480.0,0.10832,217.0,0.10834,201.0
1753591911561,04:51:51.561,gateio,AEVO/USDT:USDT,0.10825,2244.0,0.10824,7480.0,0.10831,173.0,0.10832,44.0
1753591911613,04:51:51.613,gateio,AEVO/USDT:USDT,0.10825,2244.0,0.10824,7480.0,0.1083,217.0,0.10836,367.0
1753591911745,04:51:51.745,gateio,AEVO/USDT:USDT,0.10822,172.0,0.10819,169.0,0.10828,173.0,0.10829,28.0
1753591911841,04:51:51.841,gateio,AEVO/USDT:USDT,0.10819,225.0,0.10818,4453.0,0.10827,217.0,0.10835,201.0
1753591911889,04:51:51.889,gateio,AEVO/USDT:USDT,0.10819,225.0,0.10818,4453.0,0.10827,44.0,0.10835,201.0
1753591911986,04:51:51.986,gateio,AEVO/USDT:USDT,0.10819,225.0,0.10818,4453.0,0.10833,173.0,0.10834,44.0
1753591912131,04:51:52.131,gateio,AEVO/USDT:USDT,0.10823,1880.0,0.10821,173.0,0.10831,173.0,0.10832,44.0
1753591912246,04:51:52.246,gateio,AEVO/USDT:USDT,0.10823,1880.0,0.10821,173.0,0.1083,44.0,0.10831,173.0
1753591912355,04:51:52.355,gateio,AEVO/USDT:USDT,0.10823,1908.0,0.10821,173.0,0.1083,44.0,0.10835,201.0
1753591912389,04:51:52.389,gateio,AEVO/USDT:USDT,0.10823,1908.0,0.10821,173.0,0.10833,173.0,0.10834,44.0
1753591912507,04:51:52.507,gateio,AEVO/USDT:USDT,0.10823,1908.0,0.10821,173.0,0.10831,173.0,0.10832,44.0
1753591912570,04:51:52.570,gateio,AEVO/USDT:USDT,0.10823,1936.0,0.10821,173.0,0.1083,44.0,0.10831,173.0
1753591912666,04:51:52.666,gateio,AEVO/USDT:USDT,0.10823,1936.0,0.10821,173.0,0.1083,44.0,0.10831,173.0
1753591913007,04:51:53.007,gateio,AEVO/USDT:USDT,0.10823,1936.0,0.10821,173.0,0.1083,44.0,0.10831,173.0
1753591913129,04:51:53.129,gateio,AEVO/USDT:USDT,0.10823,1936.0,0.10821,173.0,0.1083,44.0,0.10831,173.0
1753591913241,04:51:53.241,gateio,AEVO/USDT:USDT,0.10823,1936.0,0.10821,173.0,0.1083,217.0,0.10833,374.0
1753591913504,04:51:53.504,gateio,AEVO/USDT:USDT,0.10823,1936.0,0.10821,173.0,0.1083,217.0,0.10833,374.0
1753591913873,04:51:53.873,gateio,AEVO/USDT:USDT,0.10823,1936.0,0.10821,173.0,0.1083,217.0,0.10833,374.0
1753591914201,04:51:54.201,gateio,AEVO/USDT:USDT,0.10823,1936.0,0.10821,173.0,0.1083,217.0,0.10833,374.0
1753591914675,04:51:54.675,gateio,AEVO/USDT:USDT,0.10823,1936.0,0.10821,173.0,0.1083,217.0,0.10833,374.0
1753591915514,04:51:55.514,gateio,AEVO/USDT:USDT,0.10823,1936.0,0.10821,173.0,0.1083,217.0,0.10833,374.0
1753591915941,04:51:55.941,gateio,AEVO/USDT:USDT,0.10823,1936.0,0.10821,173.0,0.1083,217.0,0.10833,374.0
1753591916798,04:51:56.798,gateio,AEVO/USDT:USDT,0.10823,1936.0,0.10821,173.0,0.1083,217.0,0.10833,374.0
1753591916871,04:51:56.871,gateio,AEVO/USDT:USDT,0.10823,1936.0,0.10821,173.0,0.1083,217.0,0.10833,374.0
1753591917598,04:51:57.598,gateio,AEVO/USDT:USDT,0.10823,1936.0,0.10821,173.0,0.1083,217.0,0.10833,374.0
1753591917929,04:51:57.929,gateio,AEVO/USDT:USDT,0.10823,1936.0,0.10821,173.0,0.1083,217.0,0.10833,374.0
1753591917998,04:51:57.998,gateio,AEVO/USDT:USDT,0.10823,1936.0,0.10821,173.0,0.1083,44.0,0.10833,374.0
1753591918086,04:51:58.086,gateio,AEVO/USDT:USDT,0.10823,1936.0,0.10821,173.0,0.10831,173.0,0.10832,44.0
1753591918245,04:51:58.245,gateio,AEVO/USDT:USDT,0.10824,2244.0,0.10823,7480.0,0.1083,217.0,0.10831,173.0
1753591918274,04:51:58.274,gateio,AEVO/USDT:USDT,0.10824,2244.0,0.10823,7480.0,0.1083,44.0,0.10831,173.0
1753591918377,04:51:58.377,gateio,AEVO/USDT:USDT,0.10824,2244.0,0.10823,7480.0,0.1083,44.0,0.10831,173.0
1753591918708,04:51:58.708,gateio,AEVO/USDT:USDT,0.10824,2244.0,0.10823,7480.0,0.1083,217.0,0.10833,173.0
1753591919560,04:51:59.560,gateio,AEVO/USDT:USDT,0.10824,2244.0,0.10823,7480.0,0.1083,44.0,0.10833,173.0
1753591919648,04:51:59.648,gateio,AEVO/USDT:USDT,0.10824,2244.0,0.10823,7480.0,0.10831,173.0,0.10832,44.0
1753591919670,04:51:59.670,gateio,AEVO/USDT:USDT,0.10824,2244.0,0.10823,7480.0,0.1083,44.0,0.10831,173.0
1753591920030,04:52:00.030,gateio,AEVO/USDT:USDT,0.10823,1936.0,0.10821,173.0,0.1083,217.0,0.10833,374.0
1753591920229,04:52:00.229,gateio,AEVO/USDT:USDT,0.10824,2244.0,0.10823,7480.0,0.1083,44.0,0.10833,173.0
1753591920293,04:52:00.293,gateio,AEVO/USDT:USDT,0.10824,2244.0,0.10823,7480.0,0.10831,173.0,0.10832,44.0
1753591920417,04:52:00.417,gateio,AEVO/USDT:USDT,0.10824,2244.0,0.10823,7480.0,0.1083,217.0,0.10833,374.0
1753591921003,04:52:01.003,gateio,AEVO/USDT:USDT,0.10824,2244.0,0.10823,7480.0,0.1083,217.0,0.10833,374.0
1753591921239,04:52:01.239,gateio,AEVO/USDT:USDT,0.10824,2244.0,0.10823,7480.0,0.1083,217.0,0.10833,374.0
1753591921440,04:52:01.440,gateio,AEVO/USDT:USDT,0.10824,2244.0,0.10823,7480.0,0.1083,44.0,0.10833,173.0
1753591921513,04:52:01.513,gateio,AEVO/USDT:USDT,0.10824,2244.0,0.10823,7480.0,0.10832,44.0,0.1084,201.0
1753591921659,04:52:01.659,gateio,AEVO/USDT:USDT,0.10824,2244.0,0.10823,7480.0,0.10837,201.0,0.10838,167.0
1753591921734,04:52:01.734,gateio,AEVO/USDT:USDT,0.10824,2244.0,0.10823,7480.0,0.10834,201.0,0.10836,44.0
1753591921851,04:52:01.851,gateio,AEVO/USDT:USDT,0.10824,2244.0,0.10823,7480.0,0.10833,211.0,0.10834,201.0
1753591921878,04:52:01.878,gateio,AEVO/USDT:USDT,0.10824,2244.0,0.10823,7480.0,0.10833,211.0,0.10837,201.0
1753591922040,04:52:02.040,gateio,AEVO/USDT:USDT,0.10826,4478.0,0.10825,14834.0,0.10833,211.0,0.10837,201.0
1753591922096,04:52:02.096,gateio,AEVO/USDT:USDT,0.10826,4478.0,0.10825,14834.0,0.10833,211.0,0.10837,201.0
1753591922203,04:52:02.203,gateio,AEVO/USDT:USDT,0.10826,4478.0,0.10825,14834.0,0.10832,167.0,0.10833,44.0
1753591922304,04:52:02.304,gateio,AEVO/USDT:USDT,0.10826,4478.0,0.10825,14834.0,0.10831,44.0,0.10832,167.0
1753591922412,04:52:02.412,gateio,AEVO/USDT:USDT,0.10826,4478.0,0.10825,14834.0,0.10831,211.0,0.10837,201.0
1753591922498,04:52:02.498,gateio,AEVO/USDT:USDT,0.10826,4506.0,0.10825,14862.0,0.10831,44.0,0.10837,201.0
1753591922642,04:52:02.642,gateio,AEVO/USDT:USDT,0.10826,4506.0,0.10825,14862.0,0.10834,167.0,0.10835,28.0
1753591922746,04:52:02.746,gateio,AEVO/USDT:USDT,0.10826,4506.0,0.10825,14862.0,0.10832,167.0,0.10833,44.0
1753591922858,04:52:02.858,gateio,AEVO/USDT:USDT,0.10826,4506.0,0.10825,14862.0,0.10831,44.0,0.10834,167.0
1753591922918,04:52:02.918,gateio,AEVO/USDT:USDT,0.10826,4506.0,0.10825,14862.0,0.10832,167.0,0.10833,44.0
1753591922987,04:52:02.987,gateio,AEVO/USDT:USDT,0.10826,4506.0,0.10825,14862.0,0.10831,44.0,0.10832,167.0
1753591923337,04:52:03.337,gateio,AEVO/USDT:USDT,0.10826,4506.0,0.10825,14862.0,0.10831,44.0,0.10832,167.0
1753591923385,04:52:03.385,gateio,AEVO/USDT:USDT,0.10826,4506.0,0.10825,14862.0,0.10831,44.0,0.10832,167.0
1753591923750,04:52:03.750,gateio,AEVO/USDT:USDT,0.10826,4506.0,0.10825,14862.0,0.10831,44.0,0.10832,167.0
1753591924003,04:52:04.003,gateio,AEVO/USDT:USDT,0.10826,4506.0,0.10825,14862.0,0.10831,44.0,0.10832,167.0
1753591924175,04:52:04.175,gateio,AEVO/USDT:USDT,0.10826,4506.0,0.10825,14862.0,0.10831,44.0,0.10834,167.0
1753591924306,04:52:04.306,gateio,AEVO/USDT:USDT,0.10826,4506.0,0.10825,14862.0,0.10832,167.0,0.10833,44.0
1753591924370,04:52:04.370,gateio,AEVO/USDT:USDT,0.10826,4506.0,0.10825,14862.0,0.10831,44.0,0.10832,167.0
1753591925014,04:52:05.014,gateio,AEVO/USDT:USDT,0.10826,4506.0,0.10825,14862.0,0.10831,44.0,0.10832,167.0
1753591925742,04:52:05.742,gateio,AEVO/USDT:USDT,0.10826,4506.0,0.10825,14862.0,0.10831,44.0,0.10832,167.0
1753591925906,04:52:05.906,gateio,AEVO/USDT:USDT,0.10826,4506.0,0.10825,14862.0,0.10831,211.0,0.1084,201.0
1753591926115,04:52:06.115,gateio,AEVO/USDT:USDT,0.10826,4506.0,0.10825,14862.0,0.10831,211.0,0.1084,201.0
1753591926312,04:52:06.312,gateio,AEVO/USDT:USDT,0.10826,4506.0,0.10825,14862.0,0.10831,44.0,0.1084,201.0
1753591926386,04:52:06.386,gateio,AEVO/USDT:USDT,0.10826,4506.0,0.10825,14862.0,0.10838,167.0,0.10839,44.0
1753591926488,04:52:06.488,gateio,AEVO/USDT:USDT,0.10826,4506.0,0.10825,14862.0,0.10836,167.0,0.10837,245.0
1753591926586,04:52:06.586,gateio,AEVO/USDT:USDT,0.10826,4506.0,0.10825,14862.0,0.10834,167.0,0.10835,44.0
1753591926690,04:52:06.690,gateio,AEVO/USDT:USDT,0.10826,4506.0,0.10825,14862.0,0.10832,167.0,0.10833,44.0
1753591926769,04:52:06.769,gateio,AEVO/USDT:USDT,0.10826,4506.0,0.10825,14862.0,0.10831,44.0,0.10832,167.0
1753591927005,04:52:07.005,gateio,AEVO/USDT:USDT,0.10826,4506.0,0.10825,14862.0,0.10831,44.0,0.10832,167.0
1753591927645,04:52:07.645,gateio,AEVO/USDT:USDT,0.10826,4506.0,0.10825,14862.0,0.10831,44.0,0.10832,167.0
1753591927723,04:52:07.723,gateio,AEVO/USDT:USDT,0.10826,4506.0,0.10825,14862.0,0.10831,44.0,0.10834,167.0
1753591927816,04:52:07.816,gateio,AEVO/USDT:USDT,0.10826,4506.0,0.10825,14862.0,0.10832,167.0,0.10833,44.0
1753591927876,04:52:07.876,gateio,AEVO/USDT:USDT,0.10826,4506.0,0.10825,14862.0,0.10831,44.0,0.10832,167.0
1753591928230,04:52:08.230,gateio,AEVO/USDT:USDT,0.10826,4506.0,0.10825,14862.0,0.10831,44.0,0.10832,167.0
1753591928279,04:52:08.279,gateio,AEVO/USDT:USDT,0.10826,4506.0,0.10825,14862.0,0.10831,44.0,0.10832,167.0
1753591928389,04:52:08.389,gateio,AEVO/USDT:USDT,0.10826,4506.0,0.10825,14862.0,0.10831,211.0,0.10834,368.0
1753591928660,04:52:08.660,gateio,AEVO/USDT:USDT,0.10826,4506.0,0.10825,14862.0,0.10831,44.0,0.10834,368.0
1753591928687,04:52:08.687,gateio,AEVO/USDT:USDT,0.10826,4506.0,0.10825,14862.0,0.10832,167.0,0.10833,44.0
1753591928772,04:52:08.772,gateio,AEVO/USDT:USDT,0.10826,4506.0,0.10825,14862.0,0.10831,44.0,0.10832,167.0
1753591929009,04:52:09.009,gateio,AEVO/USDT:USDT,0.10826,4506.0,0.10825,14862.0,0.10831,44.0,0.10832,167.0
1753591929449,04:52:09.449,gateio,AEVO/USDT:USDT,0.10826,4506.0,0.10825,14862.0,0.10831,44.0,0.10832,167.0
1753591929908,04:52:09.908,gateio,AEVO/USDT:USDT,0.10826,4506.0,0.10825,14862.0,0.10831,44.0,0.10834,167.0
1753591929982,04:52:09.982,gateio,AEVO/USDT:USDT,0.10826,4506.0,0.10825,14862.0,0.10832,167.0,0.10833,44.0
1753591930070,04:52:10.070,gateio,AEVO/USDT:USDT,0.10826,4506.0,0.10825,14862.0,0.10831,44.0,0.10832,167.0
1753591930665,04:52:10.665,gateio,AEVO/USDT:USDT,0.10826,4506.0,0.10825,14862.0,0.10831,44.0,0.10832,167.0
1753591930947,04:52:10.947,gateio,AEVO/USDT:USDT,0.10826,4506.0,0.10825,14862.0,0.10831,44.0,0.10832,167.0
1753591931042,04:52:11.042,gateio,AEVO/USDT:USDT,0.10826,4506.0,0.10825,14862.0,0.10831,44.0,0.10834,167.0
1753591931087,04:52:11.087,gateio,AEVO/USDT:USDT,0.10826,4506.0,0.10825,14862.0,0.10833,210.0,0.10835,201.0
1753591931194,04:52:11.194,gateio,AEVO/USDT:USDT,0.10826,4506.0,0.10825,14862.0,0.10833,44.0,0.10835,201.0
1753591931286,04:52:11.286,gateio,AEVO/USDT:USDT,0.10826,4506.0,0.10825,14862.0,0.10833,166.0,0.10834,44.0
1753591931388,04:52:11.388,gateio,AEVO/USDT:USDT,0.10826,4506.0,0.10825,14862.0,0.10832,210.0,0.10835,201.0
1753591931688,04:52:11.688,gateio,AEVO/USDT:USDT,0.10826,4506.0,0.10825,14862.0,0.10831,166.0,0.10832,44.0
1753591931780,04:52:11.780,gateio,AEVO/USDT:USDT,0.10826,4506.0,0.10825,14862.0,0.1083,44.0,0.10835,201.0
1753591931935,04:52:11.935,gateio,AEVO/USDT:USDT,0.10826,4506.0,0.10825,14862.0,0.10833,166.0,0.10834,44.0
1753591932056,04:52:12.056,gateio,AEVO/USDT:USDT,0.10826,4506.0,0.10825,14862.0,0.10831,166.0,0.10832,44.0
1753591932070,04:52:12.070,gateio,AEVO/USDT:USDT,0.10826,4506.0,0.10825,14862.0,0.1083,44.0,0.10831,166.0
1753591932330,04:52:12.330,gateio,AEVO/USDT:USDT,0.10826,4506.0,0.10825,14862.0,0.1083,44.0,0.10831,166.0
1753591932790,04:52:12.790,gateio,AEVO/USDT:USDT,0.10826,4506.0,0.10825,14862.0,0.1083,44.0,0.10831,166.0
1753591933004,04:52:13.004,gateio,AEVO/USDT:USDT,0.10826,4506.0,0.10825,14862.0,0.1083,44.0,0.10831,166.0
1753591933629,04:52:13.629,gateio,AEVO/USDT:USDT,0.10826,4506.0,0.10825,14862.0,0.1083,44.0,0.10831,166.0
1753591934238,04:52:14.238,gateio,AEVO/USDT:USDT,0.10826,4506.0,0.10825,14862.0,0.1083,44.0,0.10833,166.0
1753591934317,04:52:14.317,gateio,AEVO/USDT:USDT,0.10826,4506.0,0.10825,14862.0,0.10831,166.0,0.10832,210.0
1753591934376,04:52:14.376,gateio,AEVO/USDT:USDT,0.10826,4506.0,0.10825,14862.0,0.1083,44.0,0.10831,166.0
1753591934484,04:52:14.484,gateio,AEVO/USDT:USDT,0.10826,4506.0,0.10825,14862.0,0.1083,44.0,0.10831,166.0
1753591934745,04:52:14.745,gateio,AEVO/USDT:USDT,0.10826,4506.0,0.10825,14862.0,0.1083,44.0,0.10837,201.0
1753591934786,04:52:14.786,gateio,AEVO/USDT:USDT,0.10826,4506.0,0.10825,14862.0,0.10835,166.0,0.10836,44.0
1753591934944,04:52:14.944,gateio,AEVO/USDT:USDT,0.10826,4506.0,0.10825,14862.0,0.10833,166.0,0.10834,44.0
1753591935009,04:52:15.009,gateio,AEVO/USDT:USDT,0.10826,4506.0,0.10825,14862.0,0.10832,210.0,0.10833,166.0
1753591935140,04:52:15.140,gateio,AEVO/USDT:USDT,0.10826,4506.0,0.10825,14862.0,0.10832,210.0,0.10834,201.0
1753591935255,04:52:15.255,gateio,AEVO/USDT:USDT,0.10826,4506.0,0.10825,14862.0,0.10831,166.0,0.10832,44.0
1753591935295,04:52:15.295,gateio,AEVO/USDT:USDT,0.10826,4506.0,0.10825,14862.0,0.1083,44.0,0.10835,166.0
1753591935391,04:52:15.391,gateio,AEVO/USDT:USDT,0.10826,4506.0,0.10825,14862.0,0.10833,166.0,0.10834,44.0
1753591935529,04:52:15.529,gateio,AEVO/USDT:USDT,0.10826,4506.0,0.10825,14862.0,0.10832,44.0,0.10835,166.0
1753591935576,04:52:15.576,gateio,AEVO/USDT:USDT,0.10826,4506.0,0.10825,14862.0,0.10832,166.0,0.10834,245.0
1753591935702,04:52:15.702,gateio,AEVO/USDT:USDT,0.10827,166.0,0.10826,4506.0,0.10831,44.0,0.10832,166.0
1753591935814,04:52:15.814,gateio,AEVO/USDT:USDT,0.10827,166.0,0.10826,4506.0,0.10831,44.0,0.10832,166.0
1753591935880,04:52:15.880,gateio,AEVO/USDT:USDT,0.10827,166.0,0.10826,4506.0,0.10831,44.0,0.10832,166.0
1753591936091,04:52:16.091,gateio,AEVO/USDT:USDT,0.10827,166.0,0.10826,4506.0,0.10831,44.0,0.10835,166.0
1753591936191,04:52:16.191,gateio,AEVO/USDT:USDT,0.10827,166.0,0.10826,4506.0,0.10833,166.0,0.10834,44.0
1753591936271,04:52:16.271,gateio,AEVO/USDT:USDT,0.10827,166.0,0.10826,4506.0,0.10832,44.0,0.10833,166.0
1753591936400,04:52:16.400,gateio,AEVO/USDT:USDT,0.10827,166.0,0.10826,4506.0,0.10832,210.0,0.10835,367.0
1753591937129,04:52:17.129,gateio,AEVO/USDT:USDT,0.10827,166.0,0.10826,4506.0,0.10832,210.0,0.10835,367.0
1753591937456,04:52:17.456,gateio,AEVO/USDT:USDT,0.10827,166.0,0.10826,4506.0,0.10832,210.0,0.10835,367.0
1753591938566,04:52:18.566,gateio,AEVO/USDT:USDT,0.10827,166.0,0.10826,4506.0,0.10832,210.0,0.10835,367.0
1753591938760,04:52:18.760,gateio,AEVO/USDT:USDT,0.10827,166.0,0.10826,4506.0,0.10832,44.0,0.10835,367.0
1753591938792,04:52:18.792,gateio,AEVO/USDT:USDT,0.10827,166.0,0.10826,4506.0,0.10833,166.0,0.10834,44.0
1753591938932,04:52:18.932,gateio,AEVO/USDT:USDT,0.10827,166.0,0.10826,4506.0,0.10832,210.0,0.10835,367.0
1753591939102,04:52:19.102,gateio,AEVO/USDT:USDT,0.10827,166.0,0.10826,4506.0,0.10832,44.0,0.10835,166.0
1753591939186,04:52:19.186,gateio,AEVO/USDT:USDT,0.10827,166.0,0.10826,4506.0,0.10833,166.0,0.10834,44.0
1753591939335,04:52:19.335,gateio,AEVO/USDT:USDT,0.10827,166.0,0.10826,4506.0,0.10832,210.0,0.10835,367.0
1753591940914,04:52:20.914,gateio,AEVO/USDT:USDT,0.10827,166.0,0.10826,4506.0,0.10832,44.0,0.10835,166.0
1753591941014,04:52:21.014,gateio,AEVO/USDT:USDT,0.10827,166.0,0.10826,4506.0,0.10833,168.0,0.10834,44.0
1753591941094,04:52:21.094,gateio,AEVO/USDT:USDT,0.10827,166.0,0.10826,4506.0,0.10832,44.0,0.10835,166.0
1753591941189,04:52:21.189,gateio,AEVO/USDT:USDT,0.10827,166.0,0.10826,4506.0,0.10833,168.0,0.10834,212.0
1753591941341,04:52:21.341,gateio,AEVO/USDT:USDT,0.10827,166.0,0.10826,4506.0,0.10832,44.0,0.10833,168.0
1753591941515,04:52:21.515,gateio,AEVO/USDT:USDT,0.10827,166.0,0.10826,4506.0,0.10832,44.0,0.10833,168.0
1753591941606,04:52:21.606,gateio,AEVO/USDT:USDT,0.10827,166.0,0.10826,4506.0,0.10832,212.0,0.1084,201.0
1753591941742,04:52:21.742,gateio,AEVO/USDT:USDT,0.10827,166.0,0.10826,4506.0,0.10832,44.0,0.1084,201.0
1753591941807,04:52:21.807,gateio,AEVO/USDT:USDT,0.10827,166.0,0.10826,4506.0,0.10837,168.0,0.10838,201.0
1753591941929,04:52:21.929,gateio,AEVO/USDT:USDT,0.10827,166.0,0.10826,4506.0,0.10835,168.0,0.10836,245.0
1753591942052,04:52:22.052,gateio,AEVO/USDT:USDT,0.10827,166.0,0.10826,4506.0,0.10833,168.0,0.10834,44.0
1753591942076,04:52:22.076,gateio,AEVO/USDT:USDT,0.10827,166.0,0.10826,4506.0,0.10832,44.0,0.10833,168.0
1753591942361,04:52:22.361,gateio,AEVO/USDT:USDT,0.10827,166.0,0.10826,4506.0,0.10832,44.0,0.10833,168.0
1753591942900,04:52:22.900,gateio,AEVO/USDT:USDT,0.10827,166.0,0.10826,4506.0,0.10832,44.0,0.10835,168.0
1753591942986,04:52:22.986,gateio,AEVO/USDT:USDT,0.10827,166.0,0.10826,4506.0,0.10833,168.0,0.10834,44.0
1753591943123,04:52:23.123,gateio,AEVO/USDT:USDT,0.10827,166.0,0.10826,4506.0,0.10832,44.0,0.10835,168.0
1753591943225,04:52:23.225,gateio,AEVO/USDT:USDT,0.10827,166.0,0.10826,4506.0,0.10834,44.0,0.10836,201.0
1753591943361,04:52:23.361,gateio,AEVO/USDT:USDT,0.10827,5708.0,0.10826,4506.0,0.10835,212.0,0.10836,201.0
1753591943428,04:52:23.428,gateio,AEVO/USDT:USDT,0.10828,168.0,0.10826,4506.0,0.10834,168.0,0.10835,72.0
1753591943547,04:52:23.547,gateio,AEVO/USDT:USDT,0.10828,168.0,0.10826,4506.0,0.10833,44.0,0.10834,168.0
1753591943634,04:52:23.634,gateio,AEVO/USDT:USDT,0.10828,168.0,0.10826,4506.0,0.10833,44.0,0.10834,168.0
1753591944054,04:52:24.054,gateio,AEVO/USDT:USDT,0.10828,168.0,0.10826,4506.0,0.10833,212.0,0.10835,28.0
1753591944343,04:52:24.343,gateio,AEVO/USDT:USDT,0.10828,168.0,0.10826,4506.0,0.10833,44.0,0.10835,28.0
1753591944449,04:52:24.449,gateio,AEVO/USDT:USDT,0.10828,168.0,0.10826,4506.0,0.10834,168.0,0.10835,28.0
1753591944470,04:52:24.470,gateio,AEVO/USDT:USDT,0.10828,168.0,0.10826,4506.0,0.10833,44.0,0.10834,168.0
1753591944865,04:52:24.865,gateio,AEVO/USDT:USDT,0.10828,168.0,0.10826,4506.0,0.10833,44.0,0.10834,168.0
1753591945051,04:52:25.051,gateio,AEVO/USDT:USDT,0.10828,168.0,0.10826,4506.0,0.10833,44.0,0.10834,168.0
1753591945923,04:52:25.923,gateio,AEVO/USDT:USDT,0.10828,168.0,0.10826,4506.0,0.10833,212.0,0.10835,28.0
1753591946045,04:52:26.045,gateio,AEVO/USDT:USDT,0.10829,168.0,0.10828,56.0,0.10833,44.0,0.10835,28.0
1753591946091,04:52:26.091,gateio,AEVO/USDT:USDT,0.10829,168.0,0.10828,56.0,0.10834,168.0,0.10835,28.0
1753591946170,04:52:26.170,gateio,AEVO/USDT:USDT,0.10829,168.0,0.10828,56.0,0.10833,44.0,0.10834,168.0
1753591946545,04:52:26.545,gateio,AEVO/USDT:USDT,0.10829,168.0,0.10828,56.0,0.10833,212.0,0.10835,28.0
1753591946730,04:52:26.730,gateio,AEVO/USDT:USDT,0.10829,168.0,0.10828,56.0,0.10833,212.0,0.10835,28.0
1753591947221,04:52:27.221,gateio,AEVO/USDT:USDT,0.10829,168.0,0.10828,56.0,0.10833,212.0,0.10835,28.0
1753591947746,04:52:27.746,gateio,AEVO/USDT:USDT,0.10829,168.0,0.10828,56.0,0.10833,44.0,0.10835,28.0
1753591947785,04:52:27.785,gateio,AEVO/USDT:USDT,0.10829,168.0,0.10828,28.0,0.1084,168.0,0.10841,44.0
1753591947886,04:52:27.886,gateio,AEVO/USDT:USDT,0.10829,168.0,0.10828,28.0,0.10838,168.0,0.10839,44.0
1753591948020,04:52:28.020,gateio,AEVO/USDT:USDT,0.10829,168.0,0.10828,28.0,0.10835,168.0,0.10836,28.0
1753591948153,04:52:28.153,gateio,AEVO/USDT:USDT,0.10829,168.0,0.10828,56.0,0.10834,212.0,0.10836,28.0
1753591948243,04:52:28.243,gateio,AEVO/USDT:USDT,0.10829,168.0,0.10828,56.0,0.10833,168.0,0.10834,212.0
1753591948271,04:52:28.271,gateio,AEVO/USDT:USDT,0.10829,168.0,0.10828,56.0,0.10832,44.0,0.10833,168.0
1753591948397,04:52:28.397,gateio,AEVO/USDT:USDT,0.10829,168.0,0.10828,56.0,0.10832,44.0,0.10833,168.0
1753591949339,04:52:29.339,gateio,AEVO/USDT:USDT,0.10829,168.0,0.10828,56.0,0.10832,212.0,0.10836,229.0
1753591949389,04:52:29.389,gateio,AEVO/USDT:USDT,0.10829,168.0,0.10828,56.0,0.10832,184.0,0.10836,229.0
1753591949545,04:52:29.545,gateio,AEVO/USDT:USDT,0.10829,168.0,0.10828,56.0,0.10832,16.0,0.10836,28.0
1753591949586,04:52:29.586,gateio,AEVO/USDT:USDT,0.10829,168.0,0.10828,56.0,0.10835,168.0,0.10836,56.0
1753591949691,04:52:29.691,gateio,AEVO/USDT:USDT,0.10829,168.0,0.10828,56.0,0.10833,168.0,0.10834,44.0
1753591949779,04:52:29.779,gateio,AEVO/USDT:USDT,0.10829,168.0,0.10828,56.0,0.10832,44.0,0.10833,168.0
1753591949925,04:52:29.925,gateio,AEVO/USDT:USDT,0.10828,224.0,0.10827,28.0,0.10831,168.0,0.10832,44.0
1753591950005,04:52:30.005,gateio,AEVO/USDT:USDT,0.10828,168.0,0.10826,4506.0,0.1083,16.0,0.10831,168.0
1753591950116,04:52:30.116,gateio,AEVO/USDT:USDT,0.10828,168.0,0.10826,4506.0,0.1083,44.0,0.10833,28.0
1753591950182,04:52:30.182,gateio,AEVO/USDT:USDT,0.10828,168.0,0.10826,4506.0,0.10832,168.0,0.10833,28.0
1753591950285,04:52:30.285,gateio,AEVO/USDT:USDT,0.10828,168.0,0.10826,4506.0,0.10831,44.0,0.10833,28.0
1753591950404,04:52:30.404,gateio,AEVO/USDT:USDT,0.10828,168.0,0.10826,4506.0,0.10832,168.0,0.10833,28.0
1753591950470,04:52:30.470,gateio,AEVO/USDT:USDT,0.10828,168.0,0.10826,4506.0,0.10831,44.0,0.10832,168.0
1753591950597,04:52:30.597,gateio,AEVO/USDT:USDT,0.10828,168.0,0.10826,4506.0,0.10831,44.0,0.10832,168.0
1753591951055,04:52:31.055,gateio,AEVO/USDT:USDT,0.10828,168.0,0.10826,4506.0,0.10831,44.0,0.10833,28.0
1753591951097,04:52:31.097,gateio,AEVO/USDT:USDT,0.10829,169.0,0.10828,28.0,0.10837,169.0,0.10838,44.0
1753591951187,04:52:31.187,gateio,AEVO/USDT:USDT,0.10829,169.0,0.10828,28.0,0.10835,169.0,0.10836,44.0
1753591951297,04:52:31.297,gateio,AEVO/USDT:USDT,0.10829,169.0,0.10828,56.0,0.10833,169.0,0.10834,44.0
1753591951410,04:52:31.410,gateio,AEVO/USDT:USDT,0.10829,169.0,0.10828,56.0,0.10832,44.0,0.10833,169.0
1753591951550,04:52:31.550,gateio,AEVO/USDT:USDT,0.10829,169.0,0.10828,56.0,0.10832,44.0,0.10835,169.0
1753591951586,04:52:31.586,gateio,AEVO/USDT:USDT,0.10829,169.0,0.10828,56.0,0.10833,169.0,0.10834,44.0
1753591951686,04:52:31.686,gateio,AEVO/USDT:USDT,0.10829,169.0,0.10828,56.0,0.10832,44.0,0.10833,169.0
1753591951822,04:52:31.822,gateio,AEVO/USDT:USDT,0.10829,169.0,0.10828,56.0,0.10832,44.0,0.10833,169.0
1753591951957,04:52:31.957,gateio,AEVO/USDT:USDT,0.10829,169.0,0.10828,28.0,0.10832,44.0,0.10834,28.0
1753591951986,04:52:31.986,gateio,AEVO/USDT:USDT,0.10829,169.0,0.10828,28.0,0.10833,169.0,0.10834,72.0
1753591952072,04:52:32.072,gateio,AEVO/USDT:USDT,0.10829,169.0,0.10828,28.0,0.10832,44.0,0.10834,197.0
1753591952189,04:52:32.189,gateio,AEVO/USDT:USDT,0.10829,169.0,0.10828,28.0,0.10833,213.0,0.10834,28.0
1753591952626,04:52:32.626,gateio,AEVO/USDT:USDT,0.10829,169.0,0.10828,28.0,0.10833,44.0,0.10834,28.0
1753591952692,04:52:32.692,gateio,AEVO/USDT:USDT,0.10829,169.0,0.10828,28.0,0.10833,169.0,0.10834,28.0
1753591952770,04:52:32.770,gateio,AEVO/USDT:USDT,0.10829,169.0,0.10828,28.0,0.10832,44.0,0.10833,169.0
1753591953710,04:52:33.710,gateio,AEVO/USDT:USDT,0.10829,169.0,0.10828,28.0,0.10832,44.0,0.10833,169.0
1753591954556,04:52:34.556,gateio,AEVO/USDT:USDT,0.10829,169.0,0.10828,28.0,0.10832,213.0,0.10834,28.0
1753591954650,04:52:34.650,gateio,AEVO/USDT:USDT,0.10829,169.0,0.10828,28.0,0.10832,185.0,0.10834,28.0
1753591955126,04:52:35.126,gateio,AEVO/USDT:USDT,0.10829,169.0,0.10828,28.0,0.10832,16.0,0.10834,28.0
1753591955186,04:52:35.186,gateio,AEVO/USDT:USDT,0.10829,169.0,0.10828,28.0,0.10833,169.0,0.10834,56.0
1753591955289,04:52:35.289,gateio,AEVO/USDT:USDT,0.10829,169.0,0.10828,28.0,0.10832,213.0,0.10834,56.0
1753591955369,04:52:35.369,gateio,AEVO/USDT:USDT,0.10829,169.0,0.10828,28.0,0.10832,185.0,0.10834,56.0
1753591955613,04:52:35.613,gateio,AEVO/USDT:USDT,0.10829,169.0,0.10828,28.0,0.10832,16.0,0.10834,28.0
1753591955758,04:52:35.758,gateio,AEVO/USDT:USDT,0.10829,169.0,0.10828,28.0,0.10833,169.0,0.10834,56.0
1753591955861,04:52:35.861,gateio,AEVO/USDT:USDT,0.1083,169.0,0.10829,28.0,0.10832,44.0,0.10839,201.0
1753591955946,04:52:35.946,gateio,AEVO/USDT:USDT,0.1083,169.0,0.10826,4450.0,0.10835,197.0,0.10836,225.0
1753591955992,04:52:35.992,gateio,AEVO/USDT:USDT,0.1083,169.0,0.10828,28.0,0.10833,169.0,0.10834,72.0
1753591956083,04:52:36.083,gateio,AEVO/USDT:USDT,0.1083,169.0,0.10828,56.0,0.10832,16.0,0.10833,169.0
1753591956172,04:52:36.172,gateio,AEVO/USDT:USDT,0.1083,169.0,0.10828,56.0,0.10832,44.0,0.10833,169.0
1753591956330,04:52:36.330,gateio,AEVO/USDT:USDT,0.1083,169.0,0.10828,56.0,0.10832,44.0,0.10833,169.0
1753591957260,04:52:37.260,gateio,AEVO/USDT:USDT,0.10829,169.0,0.10828,56.0,0.10832,213.0,0.10834,28.0
1753591957310,04:52:37.310,gateio,AEVO/USDT:USDT,0.10829,169.0,0.10828,56.0,0.10832,16.0,0.10834,28.0
1753591957411,04:52:37.411,gateio,AEVO/USDT:USDT,0.10829,169.0,0.10828,56.0,0.10833,169.0,0.10834,72.0
1753591957469,04:52:37.469,gateio,AEVO/USDT:USDT,0.10829,169.0,0.10828,56.0,0.10832,44.0,0.10833,169.0
1753591958247,04:52:38.247,gateio,AEVO/USDT:USDT,0.10829,169.0,0.10828,56.0,0.10832,213.0,0.10834,28.0
1753591958327,04:52:38.327,gateio,AEVO/USDT:USDT,0.10829,169.0,0.10828,56.0,0.10832,16.0,0.10834,28.0
1753591958429,04:52:38.429,gateio,AEVO/USDT:USDT,0.10829,169.0,0.10828,56.0,0.10833,169.0,0.10834,72.0
1753591958470,04:52:38.470,gateio,AEVO/USDT:USDT,0.10829,169.0,0.10828,56.0,0.10832,44.0,0.10833,169.0
1753591958716,04:52:38.716,gateio,AEVO/USDT:USDT,0.10829,169.0,0.10828,56.0,0.10832,44.0,0.10842,201.0
1753591958784,04:52:38.784,gateio,AEVO/USDT:USDT,0.10829,169.0,0.10828,28.0,0.1084,169.0,0.10841,44.0
1753591958887,04:52:38.887,gateio,AEVO/USDT:USDT,0.10829,169.0,0.10828,28.0,0.10838,169.0,0.10839,44.0
1753591959007,04:52:39.007,gateio,AEVO/USDT:USDT,0.10829,169.0,0.10828,28.0,0.10835,169.0,0.10836,56.0
1753591959124,04:52:39.124,gateio,AEVO/USDT:USDT,0.10829,169.0,0.10828,56.0,0.10834,213.0,0.10836,56.0
1753591959435,04:52:39.435,gateio,AEVO/USDT:USDT,0.10829,169.0,0.10828,56.0,0.10833,169.0,0.10834,213.0
1753591959547,04:52:39.547,gateio,AEVO/USDT:USDT,0.10829,169.0,0.10828,56.0,0.10832,44.0,0.10834,169.0
1753591959586,04:52:39.586,gateio,AEVO/USDT:USDT,0.10829,169.0,0.10828,56.0,0.10833,44.0,0.10834,197.0
1753591959747,04:52:39.747,gateio,AEVO/USDT:USDT,0.1083,225.0,0.10829,2826.0,0.10833,44.0,0.10836,201.0
1753591959801,04:52:39.801,gateio,AEVO/USDT:USDT,0.10831,169.0,0.1083,56.0,0.10835,44.0,0.10838,370.0
1753591959935,04:52:39.935,gateio,AEVO/USDT:USDT,0.10831,169.0,0.1083,56.0,0.10836,169.0,0.10837,72.0
1753591960011,04:52:40.011,gateio,AEVO/USDT:USDT,0.10831,169.0,0.1083,56.0,0.10835,44.0,0.10836,169.0
1753591960127,04:52:40.127,gateio,AEVO/USDT:USDT,0.10831,169.0,0.1083,56.0,0.10835,44.0,0.10836,169.0
1753591960309,04:52:40.309,gateio,AEVO/USDT:USDT,0.10831,169.0,0.1083,56.0,0.10835,44.0,0.10836,169.0
1753591960394,04:52:40.394,gateio,AEVO/USDT:USDT,0.10831,169.0,0.1083,56.0,0.10835,44.0,0.10836,169.0
1753591961132,04:52:41.132,gateio,AEVO/USDT:USDT,0.10831,169.0,0.1083,28.0,0.10835,44.0,0.10836,169.0
1753591961217,04:52:41.217,gateio,AEVO/USDT:USDT,0.10831,169.0,0.10826,4450.0,0.10835,44.0,0.10837,56.0
1753591961276,04:52:41.276,gateio,AEVO/USDT:USDT,0.10831,169.0,0.10826,4450.0,0.10835,169.0,0.10837,100.0
1753591961462,04:52:41.462,gateio,AEVO/USDT:USDT,0.10831,169.0,0.10829,56.0,0.10834,213.0,0.10835,28.0
1753591961477,04:52:41.477,gateio,AEVO/USDT:USDT,0.10831,169.0,0.10826,4450.0,0.10834,185.0,0.10835,56.0
1753591961643,04:52:41.643,gateio,AEVO/USDT:USDT,0.10831,169.0,0.10826,4450.0,0.10834,16.0,0.10835,56.0
1753591961678,04:52:41.678,gateio,AEVO/USDT:USDT,0.10831,169.0,0.10826,4450.0,0.10835,269.0,0.10836,56.0
1753591962009,04:52:42.009,gateio,AEVO/USDT:USDT,0.10831,169.0,0.10826,4450.0,0.10835,269.0,0.10836,56.0
1753591962315,04:52:42.315,gateio,AEVO/USDT:USDT,0.10831,169.0,0.10826,4450.0,0.10835,100.0,0.10836,56.0
1753591962795,04:52:42.795,gateio,AEVO/USDT:USDT,0.10831,169.0,0.10826,4450.0,0.10835,269.0,0.10836,56.0
1753591963369,04:52:43.369,gateio,AEVO/USDT:USDT,0.10831,169.0,0.10826,4450.0,0.10835,100.0,0.10836,56.0
1753591964096,04:52:44.096,gateio,AEVO/USDT:USDT,0.10831,169.0,0.10826,4450.0,0.10835,269.0,0.10836,56.0
1753591965930,04:52:45.930,gateio,AEVO/USDT:USDT,0.10831,169.0,0.10826,4450.0,0.10835,100.0,0.10836,56.0
1753591966487,04:52:46.487,gateio,AEVO/USDT:USDT,0.10831,169.0,0.10826,4450.0,0.10835,269.0,0.10836,56.0
1753591966581,04:52:46.581,gateio,AEVO/USDT:USDT,0.10831,169.0,0.10826,4450.0,0.10835,269.0,0.10836,56.0
1753591967433,04:52:47.433,gateio,AEVO/USDT:USDT,0.10831,169.0,0.10826,4450.0,0.10835,100.0,0.10836,56.0
1753591967470,04:52:47.470,gateio,AEVO/USDT:USDT,0.10831,169.0,0.10826,4450.0,0.10835,100.0,0.10836,56.0
1753591967679,04:52:47.679,gateio,AEVO/USDT:USDT,0.10831,169.0,0.10826,4450.0,0.10835,100.0,0.10836,56.0
1753591967899,04:52:47.899,gateio,AEVO/USDT:USDT,0.10832,169.0,0.10831,28.0,0.10835,44.0,0.10838,370.0
1753591968061,04:52:48.061,gateio,AEVO/USDT:USDT,0.10832,169.0,0.10831,28.0,0.10837,241.0,0.10842,201.0
1753591968147,04:52:48.147,gateio,AEVO/USDT:USDT,0.10833,197.0,0.10832,28.0,0.10837,213.0,0.10842,201.0
1753591968167,04:52:48.167,gateio,AEVO/USDT:USDT,0.10834,169.0,0.10833,28.0,0.10837,213.0,0.10842,201.0
1753591968269,04:52:48.269,gateio,AEVO/USDT:USDT,0.10834,169.0,0.10833,28.0,0.10837,185.0,0.10842,201.0
1753591968518,04:52:48.518,gateio,AEVO/USDT:USDT,0.10834,169.0,0.10833,28.0,0.10837,185.0,0.10842,201.0
1753591968813,04:52:48.813,gateio,AEVO/USDT:USDT,0.10834,169.0,0.10833,28.0,0.10837,16.0,0.10843,168.0
1753591968931,04:52:48.931,gateio,AEVO/USDT:USDT,0.10834,169.0,0.10833,28.0,0.10841,169.0,0.10842,44.0
1753591968993,04:52:48.993,gateio,AEVO/USDT:USDT,0.10834,169.0,0.10833,28.0,0.10839,169.0,0.1084,72.0
1753591969150,04:52:49.150,gateio,AEVO/USDT:USDT,0.10834,169.0,0.10826,4450.0,0.10837,169.0,0.10838,44.0
1753591969186,04:52:49.186,gateio,AEVO/USDT:USDT,0.10834,169.0,0.10832,56.0,0.10836,16.0,0.10837,169.0
1753591969345,04:52:49.345,gateio,AEVO/USDT:USDT,0.10834,169.0,0.10832,56.0,0.10836,44.0,0.10837,169.0
1753591969431,04:52:49.431,gateio,AEVO/USDT:USDT,0.10834,169.0,0.10832,56.0,0.10836,44.0,0.10837,169.0
1753591970009,04:52:50.009,gateio,AEVO/USDT:USDT,0.10834,169.0,0.10832,56.0,0.10836,44.0,0.10837,169.0
1753591970561,04:52:50.561,gateio,AEVO/USDT:USDT,0.10834,169.0,0.10832,56.0,0.10836,44.0,0.10837,169.0
1753591970746,04:52:50.746,gateio,AEVO/USDT:USDT,0.10834,169.0,0.10832,56.0,0.10836,44.0,0.10837,169.0
