timestamp,time,exchange,symbol,bid1_price,bid1_volume,bid2_price,bid2_volume,ask1_price,ask1_volume,ask2_price,ask2_volume
1753591897539,04:51:37.539,phemex,AEVO/USDT:USDT,0.1082,28596.0,0.1081,2502.0,0.1083,36226.0,0.1084,41148.0
1753591899653,04:51:39.653,phemex,AEVO/USDT:USDT,0.1082,28596.0,0.1081,2502.0,0.1083,36226.0,0.1084,21072.0
1753591899725,04:51:39.725,phemex,AEVO/USDT:USDT,0.1082,28596.0,0.1081,2502.0,0.1083,21226.0,0.1084,21072.0
1753591899893,04:51:39.893,phemex,AEVO/USDT:USDT,0.1083,15000.0,0.1082,30444.0,0.1084,33135.0,0.1085,44865.0
1753591900015,04:51:40.015,phemex,AEVO/USDT:USDT,0.1083,28529.0,0.1082,17495.0,0.1084,33135.0,0.1085,44865.0
1753591900043,04:51:40.043,phemex,AEVO/USDT:USDT,0.1083,28529.0,0.1082,17495.0,0.1084,33135.0,0.1085,44865.0
1753591900366,04:51:40.366,phemex,AEVO/USDT:USDT,0.1083,28529.0,0.1082,17495.0,0.1084,33135.0,0.1085,44865.0
1753591900399,04:51:40.399,phemex,AEVO/USDT:USDT,0.1083,28529.0,0.1082,17495.0,0.1084,33135.0,0.1085,44865.0
1753591900419,04:51:40.419,phemex,AEVO/USDT:USDT,0.1083,28529.0,0.1082,2495.0,0.1084,33135.0,0.1085,44865.0
1753591903409,04:51:43.409,phemex,AEVO/USDT:USDT,0.1083,28529.0,0.1082,2495.0,0.1084,33135.0,0.1085,44865.0
1753591903419,04:51:43.419,phemex,AEVO/USDT:USDT,0.1083,28529.0,0.1082,2495.0,0.1084,33135.0,0.1085,44865.0
1753591908216,04:51:48.216,phemex,AEVO/USDT:USDT,0.1083,28529.0,0.1082,2495.0,0.1084,33135.0,0.1085,44865.0
1753591908224,04:51:48.224,phemex,AEVO/USDT:USDT,0.1083,28529.0,0.1082,2495.0,0.1084,33135.0,0.1085,44865.0
1753591911528,04:51:51.528,phemex,AEVO/USDT:USDT,0.1083,28529.0,0.1082,2495.0,0.1084,33135.0,0.1085,57516.0
1753591911647,04:51:51.647,phemex,AEVO/USDT:USDT,0.1083,13529.0,0.1082,2495.0,0.1084,33135.0,0.1085,57516.0
1753591911743,04:51:51.743,phemex,AEVO/USDT:USDT,0.1082,21923.0,0.1081,652.0,0.1084,33135.0,0.1085,54317.0
1753591911755,04:51:51.755,phemex,AEVO/USDT:USDT,0.1082,21923.0,0.1081,652.0,0.1083,20603.0,0.1084,18844.0
1753591911778,04:51:51.778,phemex,AEVO/USDT:USDT,0.1082,21923.0,0.1081,652.0,0.1083,35603.0,0.1084,18844.0
1753591911805,04:51:51.805,phemex,AEVO/USDT:USDT,0.1082,20075.0,0.1081,652.0,0.1083,35603.0,0.1084,33085.0
1753591912118,04:51:52.118,phemex,AEVO/USDT:USDT,0.1082,20075.0,0.1081,652.0,0.1084,35483.0,0.1085,50095.0
1753591912181,04:51:52.181,phemex,AEVO/USDT:USDT,0.1083,635.0,0.1082,21923.0,0.1084,35483.0,0.1085,50095.0
1753591912234,04:51:52.234,phemex,AEVO/USDT:USDT,0.1082,21923.0,0.1081,652.0,0.1084,35483.0,0.1085,57513.0
1753591912256,04:51:52.256,phemex,AEVO/USDT:USDT,0.1083,635.0,0.1082,21923.0,0.1084,35483.0,0.1085,57513.0
1753591912294,04:51:52.294,phemex,AEVO/USDT:USDT,0.1082,21923.0,0.1081,652.0,0.1084,35483.0,0.1085,57513.0
1753591912335,04:51:52.335,phemex,AEVO/USDT:USDT,0.1083,635.0,0.1082,21923.0,0.1084,35483.0,0.1085,57513.0
1753591912405,04:51:52.405,phemex,AEVO/USDT:USDT,0.1083,635.0,0.1082,21923.0,0.1084,35483.0,0.1085,57513.0
1753591912437,04:51:52.437,phemex,AEVO/USDT:USDT,0.1082,21923.0,0.1081,652.0,0.1084,35483.0,0.1085,57513.0
1753591912475,04:51:52.475,phemex,AEVO/USDT:USDT,0.1083,635.0,0.1082,21923.0,0.1084,35483.0,0.1085,57513.0
1753591912500,04:51:52.500,phemex,AEVO/USDT:USDT,0.1082,21923.0,0.1081,652.0,0.1084,35483.0,0.1085,57513.0
1753591912538,04:51:52.538,phemex,AEVO/USDT:USDT,0.1083,635.0,0.1082,21923.0,0.1084,35483.0,0.1085,57513.0
1753591912752,04:51:52.752,phemex,AEVO/USDT:USDT,0.1083,635.0,0.1082,21923.0,0.1084,35483.0,0.1085,57513.0
1753591912844,04:51:52.844,phemex,AEVO/USDT:USDT,0.1082,21923.0,0.1081,652.0,0.1084,35483.0,0.1085,57513.0
1753591912844,04:51:52.844,phemex,AEVO/USDT:USDT,0.1082,21923.0,0.1081,652.0,0.1084,35483.0,0.1085,57513.0
1753591912856,04:51:52.856,phemex,AEVO/USDT:USDT,0.1083,635.0,0.1082,21923.0,0.1084,35483.0,0.1085,57513.0
1753591912877,04:51:52.877,phemex,AEVO/USDT:USDT,0.1082,21923.0,0.1081,652.0,0.1084,35483.0,0.1085,57513.0
1753591912901,04:51:52.901,phemex,AEVO/USDT:USDT,0.1083,15635.0,0.1082,21923.0,0.1084,35483.0,0.1085,57513.0
1753591914540,04:51:54.540,phemex,AEVO/USDT:USDT,0.1083,15635.0,0.1082,21923.0,0.1084,35483.0,0.1085,57513.0
1753591914591,04:51:54.591,phemex,AEVO/USDT:USDT,0.1083,15635.0,0.1082,21923.0,0.1084,35483.0,0.1085,57513.0
1753591915144,04:51:55.144,phemex,AEVO/USDT:USDT,0.1083,15000.0,0.1082,21923.0,0.1084,35483.0,0.1085,57513.0
1753591917326,04:51:57.326,phemex,AEVO/USDT:USDT,0.1083,28385.0,0.1082,2495.0,0.1084,35483.0,0.1085,57513.0
1753591917834,04:51:57.834,phemex,AEVO/USDT:USDT,0.1083,28385.0,0.1082,2495.0,0.1084,35483.0,0.1085,57513.0
1753591917859,04:51:57.859,phemex,AEVO/USDT:USDT,0.1083,28385.0,0.1082,2495.0,0.1084,35483.0,0.1085,57513.0
1753591919168,04:51:59.168,phemex,AEVO/USDT:USDT,0.1083,28385.0,0.1082,2495.0,0.1084,35483.0,0.1085,57513.0
1753591920987,04:52:00.987,phemex,AEVO/USDT:USDT,0.1083,28385.0,0.1082,2495.0,0.1084,35483.0,0.1085,57513.0
1753591921002,04:52:01.002,phemex,AEVO/USDT:USDT,0.1083,28385.0,0.1082,2495.0,0.1084,35483.0,0.1085,57513.0
1753591924710,04:52:04.710,phemex,AEVO/USDT:USDT,0.1083,28385.0,0.1082,2495.0,0.1084,35483.0,0.1085,57513.0
1753591930722,04:52:10.722,phemex,AEVO/USDT:USDT,0.1083,28385.0,0.1082,2495.0,0.1084,35483.0,0.1085,57513.0
1753591935556,04:52:15.556,phemex,AEVO/USDT:USDT,0.1083,28385.0,0.1082,2495.0,0.1084,35483.0,0.1085,57513.0
1753591941223,04:52:21.223,phemex,AEVO/USDT:USDT,0.1083,28385.0,0.1082,2495.0,0.1084,35483.0,0.1085,57513.0
1753591950529,04:52:30.529,phemex,AEVO/USDT:USDT,0.1083,28385.0,0.1082,2495.0,0.1084,35483.0,0.1085,57513.0
1753591964184,04:52:44.184,phemex,AEVO/USDT:USDT,0.1083,28385.0,0.1082,2495.0,0.1084,35483.0,0.1085,57513.0
1753591971497,04:52:51.497,phemex,AEVO/USDT:USDT,0.1083,28385.0,0.1082,2495.0,0.1084,35483.0,0.1085,57513.0
1753591971497,04:52:51.497,phemex,AEVO/USDT:USDT,0.1083,28385.0,0.1082,2495.0,0.1084,35483.0,0.1085,57513.0
1753591976565,04:52:56.565,phemex,AEVO/USDT:USDT,0.1083,28385.0,0.1082,2495.0,0.1084,35483.0,0.1085,57513.0
1753591976573,04:52:56.573,phemex,AEVO/USDT:USDT,0.1083,28385.0,0.1082,2495.0,0.1084,35483.0,0.1085,57513.0
1753591977528,04:52:57.528,phemex,AEVO/USDT:USDT,0.1083,28385.0,0.1082,2495.0,0.1084,35483.0,0.1085,57513.0
1753591978469,04:52:58.469,phemex,AEVO/USDT:USDT,0.1083,28385.0,0.1082,2495.0,0.1084,35483.0,0.1085,57513.0
1753591979339,04:52:59.339,phemex,AEVO/USDT:USDT,0.1083,28385.0,0.1082,2495.0,0.1084,35483.0,0.1085,57513.0
1753591981506,04:53:01.506,phemex,AEVO/USDT:USDT,0.1083,28385.0,0.1082,2495.0,0.1084,15645.0,0.1085,17955.0
1753591981518,04:53:01.518,phemex,AEVO/USDT:USDT,0.1083,30231.0,0.1082,647.0,0.1085,16365.0,0.1086,5428.0
1753591981538,04:53:01.538,phemex,AEVO/USDT:USDT,0.1084,656.0,0.1083,30231.0,0.1085,8947.0,0.1086,3838.0
1753591981706,04:53:01.706,phemex,AEVO/USDT:USDT,0.1084,656.0,0.1083,30231.0,0.1085,8947.0,0.1086,11244.0
1753591981814,04:53:01.814,phemex,AEVO/USDT:USDT,0.1084,656.0,0.1083,30231.0,0.1085,8947.0,0.1086,11244.0
1753591981855,04:53:01.855,phemex,AEVO/USDT:USDT,0.1084,656.0,0.1083,30231.0,0.1085,8947.0,0.1086,11244.0
1753591982493,04:53:02.493,phemex,AEVO/USDT:USDT,0.1084,656.0,0.1083,30231.0,0.1085,23947.0,0.1086,11244.0
1753591983556,04:53:03.556,phemex,AEVO/USDT:USDT,0.1084,16618.0,0.1083,16846.0,0.1085,23947.0,0.1086,11244.0
1753591983568,04:53:03.568,phemex,AEVO/USDT:USDT,0.1084,15962.0,0.1083,16846.0,0.1085,23947.0,0.1086,11244.0
1753591983612,04:53:03.612,phemex,AEVO/USDT:USDT,0.1084,16618.0,0.1083,16846.0,0.1085,23947.0,0.1086,11244.0
1753591983704,04:53:03.704,phemex,AEVO/USDT:USDT,0.1084,14193.0,0.1083,16846.0,0.1085,23947.0,0.1086,11244.0
1753591984486,04:53:04.486,phemex,AEVO/USDT:USDT,0.1084,13537.0,0.1083,16846.0,0.1085,23947.0,0.1086,11244.0
1753591984526,04:53:04.526,phemex,AEVO/USDT:USDT,0.1083,35418.0,0.1082,647.0,0.1085,27146.0,0.1086,8045.0
1753591984546,04:53:04.546,phemex,AEVO/USDT:USDT,0.1083,33572.0,0.1082,647.0,0.1084,656.0,0.1085,27146.0
1753591984567,04:53:04.567,phemex,AEVO/USDT:USDT,0.1083,33572.0,0.1082,647.0,0.1084,15000.0,0.1085,27146.0
1753591984606,04:53:04.606,phemex,AEVO/USDT:USDT,0.1083,33572.0,0.1082,647.0,0.1084,15656.0,0.1085,27146.0
1753591985048,04:53:05.048,phemex,AEVO/USDT:USDT,0.1083,33572.0,0.1082,647.0,0.1084,15656.0,0.1085,27146.0
1753591985460,04:53:05.460,phemex,AEVO/USDT:USDT,0.1083,33572.0,0.1082,647.0,0.1084,15656.0,0.1085,12146.0
1753591985567,04:53:05.567,phemex,AEVO/USDT:USDT,0.1083,35418.0,0.1082,647.0,0.1084,15000.0,0.1085,8947.0
1753591985743,04:53:05.743,phemex,AEVO/USDT:USDT,0.1083,33572.0,0.1082,647.0,0.1084,15000.0,0.1085,8947.0
1753591985748,04:53:05.748,phemex,AEVO/USDT:USDT,0.1083,33572.0,0.1082,647.0,0.1084,15000.0,0.1085,12146.0
1753591985870,04:53:05.870,phemex,AEVO/USDT:USDT,0.1083,33572.0,0.1082,647.0,0.1084,15000.0,0.1085,8947.0
1753591985875,04:53:05.875,phemex,AEVO/USDT:USDT,0.1083,35418.0,0.1082,647.0,0.1084,15000.0,0.1085,8947.0
1753591986124,04:53:06.124,phemex,AEVO/USDT:USDT,0.1083,35418.0,0.1082,647.0,0.1084,15656.0,0.1085,8947.0
1753591986130,04:53:06.130,phemex,AEVO/USDT:USDT,0.1083,35418.0,0.1082,647.0,0.1084,15656.0,0.1085,12146.0
1753591986138,04:53:06.138,phemex,AEVO/USDT:USDT,0.1083,33572.0,0.1082,647.0,0.1084,15656.0,0.1085,12146.0
1753591986506,04:53:06.506,phemex,AEVO/USDT:USDT,0.1083,33572.0,0.1082,647.0,0.1084,34731.0,0.1085,3851.0
1753591987970,04:53:07.970,phemex,AEVO/USDT:USDT,0.1083,33572.0,0.1082,647.0,0.1084,34731.0,0.1085,18092.0
1753591992373,04:53:12.373,phemex,AEVO/USDT:USDT,0.1083,18572.0,0.1082,647.0,0.1084,34731.0,0.1085,18092.0
1753591992403,04:53:12.403,phemex,AEVO/USDT:USDT,0.1083,18572.0,0.1082,647.0,0.1084,34731.0,0.1085,18092.0
1753591992436,04:53:12.436,phemex,AEVO/USDT:USDT,0.1083,19238.0,0.1082,647.0,0.1084,34731.0,0.1085,18092.0
1753591992718,04:53:12.718,phemex,AEVO/USDT:USDT,0.1083,19178.0,0.1082,647.0,0.1084,34731.0,0.1085,18092.0
1753591993390,04:53:13.390,phemex,AEVO/USDT:USDT,0.1083,19178.0,0.1082,647.0,0.1084,34731.0,0.1085,18092.0
1753591993405,04:53:13.405,phemex,AEVO/USDT:USDT,0.1083,19178.0,0.1082,647.0,0.1084,34731.0,0.1085,18092.0
1753591995392,04:53:15.392,phemex,AEVO/USDT:USDT,0.1083,34178.0,0.1082,647.0,0.1084,34731.0,0.1085,18092.0
1753591995528,04:53:15.528,phemex,AEVO/USDT:USDT,0.1083,34178.0,0.1082,647.0,0.1084,34731.0,0.1085,18092.0
1753591996954,04:53:16.954,phemex,AEVO/USDT:USDT,0.1083,34178.0,0.1082,647.0,0.1084,34731.0,0.1085,18092.0
1753591996962,04:53:16.962,phemex,AEVO/USDT:USDT,0.1083,34178.0,0.1082,647.0,0.1084,34731.0,0.1085,18092.0
1753592000321,04:53:20.321,phemex,AEVO/USDT:USDT,0.1083,34140.0,0.1082,647.0,0.1084,34731.0,0.1085,18092.0
1753592003558,04:53:23.558,phemex,AEVO/USDT:USDT,0.1083,34140.0,0.1082,647.0,0.1084,34075.0,0.1085,18092.0
1753592003598,04:53:23.598,phemex,AEVO/USDT:USDT,0.1083,34140.0,0.1082,647.0,0.1084,19075.0,0.1085,18092.0
1753592005237,04:53:25.237,phemex,AEVO/USDT:USDT,0.1083,34140.0,0.1082,647.0,0.1084,34075.0,0.1085,18092.0
1753592013476,04:53:33.476,phemex,AEVO/USDT:USDT,0.1083,34140.0,0.1082,647.0,0.1084,34075.0,0.1085,18092.0
1753592013533,04:53:33.533,phemex,AEVO/USDT:USDT,0.1083,34140.0,0.1082,647.0,0.1084,34075.0,0.1085,18092.0
1753592017591,04:53:37.591,phemex,AEVO/USDT:USDT,0.1083,34140.0,0.1082,647.0,0.1084,34075.0,0.1085,5441.0
1753592017602,04:53:37.602,phemex,AEVO/USDT:USDT,0.1083,35986.0,0.1082,647.0,0.1085,17021.0,0.1086,8045.0
1753592017616,04:53:37.616,phemex,AEVO/USDT:USDT,0.1084,20463.0,0.1083,46609.0,0.1085,17021.0,0.1086,11244.0
1753592017641,04:53:37.641,phemex,AEVO/USDT:USDT,0.1084,20463.0,0.1083,31609.0,0.1085,17021.0,0.1086,11244.0
1753592017704,04:53:37.704,phemex,AEVO/USDT:USDT,0.1084,20463.0,0.1083,31609.0,0.1085,17021.0,0.1086,11244.0
1753592018093,04:53:38.093,phemex,AEVO/USDT:USDT,0.1084,20463.0,0.1083,31609.0,0.1085,32021.0,0.1086,11244.0
1753592020680,04:53:40.680,phemex,AEVO/USDT:USDT,0.1084,20338.0,0.1083,31609.0,0.1085,32021.0,0.1086,11244.0
1753592021060,04:53:41.060,phemex,AEVO/USDT:USDT,0.1084,35338.0,0.1083,31609.0,0.1085,32021.0,0.1086,11244.0
1753592025289,04:53:45.289,phemex,AEVO/USDT:USDT,0.1084,35338.0,0.1083,39007.0,0.1085,32021.0,0.1086,11244.0
1753592025530,04:53:45.530,phemex,AEVO/USDT:USDT,0.1084,35338.0,0.1083,39007.0,0.1085,32021.0,0.1086,12834.0
1753592025531,04:53:45.531,phemex,AEVO/USDT:USDT,0.1084,35338.0,0.1083,39007.0,0.1085,32021.0,0.1086,25485.0
1753592029624,04:53:49.624,phemex,AEVO/USDT:USDT,0.1084,35313.0,0.1083,39007.0,0.1085,32021.0,0.1086,25485.0
1753592029678,04:53:49.678,phemex,AEVO/USDT:USDT,0.1084,35313.0,0.1083,39007.0,0.1085,32021.0,0.1086,25485.0
1753592037530,04:53:57.530,phemex,AEVO/USDT:USDT,0.1084,35313.0,0.1083,39007.0,0.1085,32021.0,0.1086,25485.0
1753592039632,04:53:59.632,phemex,AEVO/USDT:USDT,0.1084,35313.0,0.1083,39007.0,0.1085,17021.0,0.1086,25485.0
1753592039640,04:53:59.640,phemex,AEVO/USDT:USDT,0.1084,35313.0,0.1083,39007.0,0.1085,17021.0,0.1086,25485.0
1753592039739,04:53:59.739,phemex,AEVO/USDT:USDT,0.1084,35313.0,0.1083,39007.0,0.1085,17021.0,0.1086,25485.0
1753592039746,04:53:59.746,phemex,AEVO/USDT:USDT,0.1084,35313.0,0.1083,39007.0,0.1085,17021.0,0.1086,25485.0
1753592040836,04:54:00.836,phemex,AEVO/USDT:USDT,0.1084,35313.0,0.1083,39007.0,0.1085,32021.0,0.1086,25485.0
1753592042079,04:54:02.079,phemex,AEVO/USDT:USDT,0.1084,33853.0,0.1083,39007.0,0.1085,32021.0,0.1086,25485.0
1753592043856,04:54:03.856,phemex,AEVO/USDT:USDT,0.1084,33853.0,0.1083,39007.0,0.1085,17021.0,0.1086,25485.0
1753592043999,04:54:03.999,phemex,AEVO/USDT:USDT,0.1084,33853.0,0.1083,39007.0,0.1085,17021.0,0.1086,25485.0
1753592044153,04:54:04.153,phemex,AEVO/USDT:USDT,0.1084,33853.0,0.1083,39007.0,0.1085,16369.0,0.1086,25485.0
1753592044349,04:54:04.349,phemex,AEVO/USDT:USDT,0.1084,35698.0,0.1083,37161.0,0.1086,20834.0,0.1087,22709.0
1753592044372,04:54:04.372,phemex,AEVO/USDT:USDT,0.1085,18552.0,0.1084,17502.0,0.1086,20834.0,0.1087,25908.0
1753592044391,04:54:04.391,phemex,AEVO/USDT:USDT,0.1085,33552.0,0.1084,2502.0,0.1086,20834.0,0.1087,25908.0
1753592044792,04:54:04.792,phemex,AEVO/USDT:USDT,0.1085,33552.0,0.1084,2502.0,0.1086,35834.0,0.1087,25908.0
1753592049532,04:54:09.532,phemex,AEVO/USDT:USDT,0.1085,33552.0,0.1084,2502.0,0.1086,35834.0,0.1087,40149.0
1753592050279,04:54:10.279,phemex,AEVO/USDT:USDT,0.1085,33552.0,0.1084,2502.0,0.1086,35834.0,0.1087,40149.0
1753592050288,04:54:10.288,phemex,AEVO/USDT:USDT,0.1085,33552.0,0.1084,2502.0,0.1086,35834.0,0.1087,40149.0
1753592051999,04:54:11.999,phemex,AEVO/USDT:USDT,0.1085,33552.0,0.1084,2502.0,0.1086,28428.0,0.1087,47539.0
1753592055528,04:54:15.528,phemex,AEVO/USDT:USDT,0.1085,33552.0,0.1084,2502.0,0.1086,28428.0,0.1087,47539.0
1753592055758,04:54:15.758,phemex,AEVO/USDT:USDT,0.1085,18552.0,0.1084,2502.0,0.1086,28428.0,0.1087,47539.0
1753592056017,04:54:16.017,phemex,AEVO/USDT:USDT,0.1085,18552.0,0.1084,2502.0,0.1086,28428.0,0.1087,47539.0
1753592056028,04:54:16.028,phemex,AEVO/USDT:USDT,0.1085,18552.0,0.1084,2502.0,0.1086,28428.0,0.1087,47539.0
1753592059195,04:54:19.195,phemex,AEVO/USDT:USDT,0.1085,18552.0,0.1084,2502.0,0.1086,27789.0,0.1087,47539.0
1753592060560,04:54:20.560,phemex,AEVO/USDT:USDT,0.1085,18552.0,0.1084,2502.0,0.1086,27789.0,0.1087,47539.0
1753592060565,04:54:20.565,phemex,AEVO/USDT:USDT,0.1085,18552.0,0.1084,2502.0,0.1086,27789.0,0.1087,47539.0
1753592060762,04:54:20.762,phemex,AEVO/USDT:USDT,0.1085,18552.0,0.1084,2502.0,0.1086,27789.0,0.1087,34888.0
1753592060768,04:54:20.768,phemex,AEVO/USDT:USDT,0.1085,18552.0,0.1084,2502.0,0.1086,27789.0,0.1087,34888.0
1753592062540,04:54:22.540,phemex,AEVO/USDT:USDT,0.1085,18552.0,0.1084,2502.0,0.1086,27319.0,0.1087,34888.0
1753592064532,04:54:24.532,phemex,AEVO/USDT:USDT,0.1085,18552.0,0.1084,2502.0,0.1086,27319.0,0.1087,34888.0
1753592065415,04:54:25.415,phemex,AEVO/USDT:USDT,0.1085,18552.0,0.1084,2502.0,0.1086,27293.0,0.1087,34888.0
1753592065470,04:54:25.470,phemex,AEVO/USDT:USDT,0.1085,33552.0,0.1084,2502.0,0.1086,27293.0,0.1087,34888.0
1753592067477,04:54:27.477,phemex,AEVO/USDT:USDT,0.1085,33552.0,0.1084,2502.0,0.1086,12293.0,0.1087,27498.0
1753592067485,04:54:27.485,phemex,AEVO/USDT:USDT,0.1085,33552.0,0.1084,2502.0,0.1086,12293.0,0.1087,27498.0
1753592067510,04:54:27.510,phemex,AEVO/USDT:USDT,0.1085,33552.0,0.1084,2502.0,0.1086,12293.0,0.1087,27498.0
1753592069181,04:54:29.181,phemex,AEVO/USDT:USDT,0.1085,33552.0,0.1084,2502.0,0.1086,12933.0,0.1087,27498.0
1753592069512,04:54:29.512,phemex,AEVO/USDT:USDT,0.1085,33552.0,0.1084,2502.0,0.1086,27933.0,0.1087,27498.0
1753592070529,04:54:30.529,phemex,AEVO/USDT:USDT,0.1085,33552.0,0.1084,2502.0,0.1086,27933.0,0.1087,27498.0
1753592071517,04:54:31.517,phemex,AEVO/USDT:USDT,0.1085,33552.0,0.1084,2502.0,0.1086,26673.0,0.1087,27498.0
1753592073403,04:54:33.403,phemex,AEVO/USDT:USDT,0.1085,33552.0,0.1084,2502.0,0.1086,26323.0,0.1087,27498.0
1753592073523,04:54:33.523,phemex,AEVO/USDT:USDT,0.1085,33552.0,0.1084,2502.0,0.1086,26323.0,0.1087,27498.0
1753592073529,04:54:33.529,phemex,AEVO/USDT:USDT,0.1085,33552.0,0.1084,2502.0,0.1086,26323.0,0.1087,40149.0
1753592076817,04:54:36.817,phemex,AEVO/USDT:USDT,0.1085,33552.0,0.1084,2502.0,0.1086,26323.0,0.1087,27498.0
1753592076822,04:54:36.822,phemex,AEVO/USDT:USDT,0.1085,33552.0,0.1084,2502.0,0.1086,26323.0,0.1087,27498.0
1753592076851,04:54:36.851,phemex,AEVO/USDT:USDT,0.1085,33552.0,0.1084,2502.0,0.1086,26323.0,0.1087,27498.0
1753592078257,04:54:38.257,phemex,AEVO/USDT:USDT,0.1085,33552.0,0.1084,2502.0,0.1086,26173.0,0.1087,27498.0
1753592080283,04:54:40.283,phemex,AEVO/USDT:USDT,0.1085,33552.0,0.1084,2502.0,0.1086,26173.0,0.1087,27498.0
1753592080294,04:54:40.294,phemex,AEVO/USDT:USDT,0.1085,18552.0,0.1084,2502.0,0.1086,26173.0,0.1087,27498.0
1753592081902,04:54:41.902,phemex,AEVO/USDT:USDT,0.1085,18552.0,0.1084,2502.0,0.1086,26173.0,0.1087,40149.0
1753592081918,04:54:41.918,phemex,AEVO/USDT:USDT,0.1085,17905.0,0.1084,2502.0,0.1086,26173.0,0.1087,40149.0
1753592081961,04:54:41.961,phemex,AEVO/USDT:USDT,0.1084,20417.0,0.1083,37161.0,0.1086,26173.0,0.1087,27498.0
1753592081979,04:54:41.979,phemex,AEVO/USDT:USDT,0.1084,20417.0,0.1083,37161.0,0.1085,17712.0,0.1086,18839.0
1753592081999,04:54:41.999,phemex,AEVO/USDT:USDT,0.1084,20417.0,0.1083,37161.0,0.1085,32051.0,0.1086,5429.0
1753592082005,04:54:42.005,phemex,AEVO/USDT:USDT,0.1084,20417.0,0.1083,37161.0,0.1085,32051.0,0.1086,5429.0
1753592082041,04:54:42.041,phemex,AEVO/USDT:USDT,0.1084,20417.0,0.1083,37161.0,0.1085,32051.0,0.1086,5429.0
1753592082096,04:54:42.096,phemex,AEVO/USDT:USDT,0.1084,20417.0,0.1083,37161.0,0.1085,32051.0,0.1086,5429.0
1753592082261,04:54:42.261,phemex,AEVO/USDT:USDT,0.1084,18572.0,0.1083,37161.0,0.1085,32051.0,0.1086,5429.0
1753592082370,04:54:42.370,phemex,AEVO/USDT:USDT,0.1084,33572.0,0.1083,37161.0,0.1085,32051.0,0.1086,5429.0
1753592083853,04:54:43.853,phemex,AEVO/USDT:USDT,0.1084,33572.0,0.1083,37161.0,0.1085,32051.0,0.1086,5429.0
1753592085024,04:54:45.024,phemex,AEVO/USDT:USDT,0.1084,33572.0,0.1083,37161.0,0.1085,31799.0,0.1086,5429.0
1753592088566,04:54:48.566,phemex,AEVO/USDT:USDT,0.1084,33572.0,0.1083,37161.0,0.1085,31799.0,0.1086,5429.0
1753592088709,04:54:48.709,phemex,AEVO/USDT:USDT,0.1084,33572.0,0.1083,37161.0,0.1085,31799.0,0.1086,5429.0
1753592089931,04:54:49.931,phemex,AEVO/USDT:USDT,0.1084,33572.0,0.1083,37161.0,0.1085,31705.0,0.1086,5429.0
1753592089931,04:54:49.931,phemex,AEVO/USDT:USDT,0.1084,33572.0,0.1083,37161.0,0.1085,31705.0,0.1086,5429.0
1753592096502,04:54:56.502,phemex,AEVO/USDT:USDT,0.1084,33572.0,0.1083,37161.0,0.1085,31705.0,0.1086,5429.0
1753592096527,04:54:56.527,phemex,AEVO/USDT:USDT,0.1084,33572.0,0.1083,37161.0,0.1085,31705.0,0.1086,5429.0
1753592099035,04:54:59.035,phemex,AEVO/USDT:USDT,0.1084,33572.0,0.1083,37161.0,0.1085,16705.0,0.1086,5429.0
1753592099058,04:54:59.058,phemex,AEVO/USDT:USDT,0.1084,33572.0,0.1083,37161.0,0.1085,16705.0,0.1086,5429.0
1753592100061,04:55:00.061,phemex,AEVO/USDT:USDT,0.1084,33572.0,0.1083,37161.0,0.1085,17366.0,0.1086,5429.0
1753592100167,04:55:00.167,phemex,AEVO/USDT:USDT,0.1084,33572.0,0.1083,37161.0,0.1085,32366.0,0.1086,5429.0
1753592100460,04:55:00.460,phemex,AEVO/USDT:USDT,0.1084,33572.0,0.1083,37161.0,0.1085,32366.0,0.1086,5429.0
1753592100533,04:55:00.533,phemex,AEVO/USDT:USDT,0.1084,33572.0,0.1083,37161.0,0.1085,32366.0,0.1086,18080.0
1753592100764,04:55:00.764,phemex,AEVO/USDT:USDT,0.1084,33572.0,0.1083,37161.0,0.1085,31705.0,0.1086,18080.0
1753592101789,04:55:01.789,phemex,AEVO/USDT:USDT,0.1084,33572.0,0.1083,37161.0,0.1085,16705.0,0.1086,18080.0
1753592102981,04:55:02.981,phemex,AEVO/USDT:USDT,0.1084,33572.0,0.1083,37161.0,0.1085,17366.0,0.1086,18080.0
1753592103135,04:55:03.135,phemex,AEVO/USDT:USDT,0.1084,33572.0,0.1083,37161.0,0.1085,32366.0,0.1086,18080.0
1753592103142,04:55:03.142,phemex,AEVO/USDT:USDT,0.1084,33572.0,0.1083,37161.0,0.1085,31691.0,0.1086,18080.0
1753592104669,04:55:04.669,phemex,AEVO/USDT:USDT,0.1084,33572.0,0.1083,37161.0,0.1085,31030.0,0.1086,18080.0
1753592109559,04:55:09.559,phemex,AEVO/USDT:USDT,0.1084,33572.0,0.1083,37161.0,0.1085,30930.0,0.1086,18080.0
1753592112990,04:55:12.990,phemex,AEVO/USDT:USDT,0.1084,33572.0,0.1083,37161.0,0.1085,30930.0,0.1086,18080.0
1753592116909,04:55:16.909,phemex,AEVO/USDT:USDT,0.1084,33572.0,0.1083,37161.0,0.1085,30916.0,0.1086,18080.0
1753592116962,04:55:16.962,phemex,AEVO/USDT:USDT,0.1084,33572.0,0.1083,37161.0,0.1085,30916.0,0.1086,18080.0
1753592117966,04:55:17.966,phemex,AEVO/USDT:USDT,0.1084,33572.0,0.1083,37161.0,0.1085,30916.0,0.1086,18080.0
1753592125711,04:55:25.711,phemex,AEVO/USDT:USDT,0.1084,33572.0,0.1083,37161.0,0.1085,30916.0,0.1086,18080.0
1753592131304,04:55:31.304,phemex,AEVO/USDT:USDT,0.1084,33572.0,0.1083,37161.0,0.1085,30916.0,0.1086,5429.0
1753592137103,04:55:37.103,phemex,AEVO/USDT:USDT,0.1084,33572.0,0.1083,37161.0,0.1085,30891.0,0.1086,5429.0
1753592138155,04:55:38.155,phemex,AEVO/USDT:USDT,0.1084,33572.0,0.1083,37161.0,0.1085,30876.0,0.1086,5429.0
1753592142493,04:55:42.493,phemex,AEVO/USDT:USDT,0.1084,33572.0,0.1083,37161.0,0.1085,30876.0,0.1086,5429.0
1753592142530,04:55:42.530,phemex,AEVO/USDT:USDT,0.1084,33572.0,0.1083,37161.0,0.1085,30876.0,0.1086,18080.0
1753592145405,04:55:45.405,phemex,AEVO/USDT:USDT,0.1084,33572.0,0.1083,37161.0,0.1085,30858.0,0.1086,18080.0
1753592145405,04:55:45.405,phemex,AEVO/USDT:USDT,0.1084,33572.0,0.1083,37161.0,0.1085,30858.0,0.1086,18080.0
1753592157136,04:55:57.136,phemex,AEVO/USDT:USDT,0.1084,33572.0,0.1083,37161.0,0.1085,30858.0,0.1086,18080.0
1753592157605,04:55:57.605,phemex,AEVO/USDT:USDT,0.1084,33572.0,0.1083,37161.0,0.1085,15858.0,0.1086,18080.0
1753592158250,04:55:58.250,phemex,AEVO/USDT:USDT,0.1084,33572.0,0.1083,37161.0,0.1085,15858.0,0.1086,18080.0
1753592158286,04:55:58.286,phemex,AEVO/USDT:USDT,0.1084,33572.0,0.1083,37161.0,0.1085,15858.0,0.1086,5429.0
1753592158373,04:55:58.373,phemex,AEVO/USDT:USDT,0.1084,35417.0,0.1083,37161.0,0.1086,20077.0,0.1087,27498.0
1753592158402,04:55:58.402,phemex,AEVO/USDT:USDT,0.1085,18116.0,0.1084,17502.0,0.1086,20077.0,0.1087,27498.0
1753592158425,04:55:58.425,phemex,AEVO/USDT:USDT,0.1085,33116.0,0.1084,2502.0,0.1086,20077.0,0.1087,27498.0
1753592158510,04:55:58.510,phemex,AEVO/USDT:USDT,0.1085,33116.0,0.1084,2502.0,0.1086,35077.0,0.1087,27498.0
1753592162386,04:56:02.386,phemex,AEVO/USDT:USDT,0.1085,33116.0,0.1084,2502.0,0.1086,35077.0,0.1087,27498.0
1753592163653,04:56:03.653,phemex,AEVO/USDT:USDT,0.1085,33116.0,0.1084,2502.0,0.1086,35077.0,0.1087,27498.0
1753592163659,04:56:03.659,phemex,AEVO/USDT:USDT,0.1085,33116.0,0.1084,2502.0,0.1086,35077.0,0.1087,40149.0
1753592179199,04:56:19.199,phemex,AEVO/USDT:USDT,0.1085,33116.0,0.1084,2502.0,0.1086,34437.0,0.1087,40149.0
1753592179916,04:56:19.916,phemex,AEVO/USDT:USDT,0.1085,33116.0,0.1084,2502.0,0.1086,34237.0,0.1087,40149.0
1753592182989,04:56:22.989,phemex,AEVO/USDT:USDT,0.1085,33116.0,0.1084,2502.0,0.1086,34197.0,0.1087,40149.0
1753592190539,04:56:30.539,phemex,AEVO/USDT:USDT,0.1085,33116.0,0.1084,2502.0,0.1086,34197.0,0.1087,40149.0
1753592190554,04:56:30.554,phemex,AEVO/USDT:USDT,0.1085,33116.0,0.1084,2502.0,0.1086,34197.0,0.1087,40149.0
1753592190556,04:56:30.556,phemex,AEVO/USDT:USDT,0.1085,33116.0,0.1084,2502.0,0.1086,34197.0,0.1087,40149.0
1753592191681,04:56:31.681,phemex,AEVO/USDT:USDT,0.1085,33116.0,0.1084,2502.0,0.1086,34177.0,0.1087,40149.0
1753592199172,04:56:39.172,phemex,AEVO/USDT:USDT,0.1085,33116.0,0.1084,2502.0,0.1086,34155.0,0.1087,40149.0
1753592199333,04:56:39.333,phemex,AEVO/USDT:USDT,0.1085,33116.0,0.1084,2502.0,0.1086,19155.0,0.1087,40149.0
1753592199389,04:56:39.389,phemex,AEVO/USDT:USDT,0.1085,33116.0,0.1084,2502.0,0.1086,19155.0,0.1087,27498.0
1753592199394,04:56:39.394,phemex,AEVO/USDT:USDT,0.1085,33116.0,0.1084,2502.0,0.1086,19155.0,0.1087,27498.0
1753592199431,04:56:39.431,phemex,AEVO/USDT:USDT,0.1085,33116.0,0.1084,2502.0,0.1087,13043.0,0.1088,36365.0
1753592199441,04:56:39.441,phemex,AEVO/USDT:USDT,0.1086,16469.0,0.1085,39721.0,0.1087,8254.0,0.1088,8029.0
1753592199457,04:56:39.457,phemex,AEVO/USDT:USDT,0.1086,32108.0,0.1085,26564.0,0.1087,8254.0,0.1088,12818.0
1753592199468,04:56:39.468,phemex,AEVO/USDT:USDT,0.1086,32108.0,0.1085,26564.0,0.1087,8254.0,0.1088,12818.0
1753592200041,04:56:40.041,phemex,AEVO/USDT:USDT,0.1086,32108.0,0.1085,26564.0,0.1087,23254.0,0.1088,12818.0
1753592202177,04:56:42.177,phemex,AEVO/USDT:USDT,0.1086,32108.0,0.1085,26564.0,0.1087,23254.0,0.1088,12818.0
1753592202187,04:56:42.187,phemex,AEVO/USDT:USDT,0.1086,32108.0,0.1085,26564.0,0.1087,23254.0,0.1088,12818.0
1753592203143,04:56:43.143,phemex,AEVO/USDT:USDT,0.1086,32108.0,0.1085,33951.0,0.1087,23254.0,0.1088,12818.0
1753592205524,04:56:45.524,phemex,AEVO/USDT:USDT,0.1086,32108.0,0.1085,33951.0,0.1087,23254.0,0.1088,12818.0
1753592205532,04:56:45.532,phemex,AEVO/USDT:USDT,0.1086,32108.0,0.1085,33951.0,0.1087,23254.0,0.1088,25469.0
1753592206013,04:56:46.013,phemex,AEVO/USDT:USDT,0.1086,32108.0,0.1085,33951.0,0.1087,23254.0,0.1088,25469.0
1753592207303,04:56:47.303,phemex,AEVO/USDT:USDT,0.1086,32068.0,0.1085,33951.0,0.1087,23254.0,0.1088,25469.0
1753592208089,04:56:48.089,phemex,AEVO/USDT:USDT,0.1086,32068.0,0.1085,33951.0,0.1087,23254.0,0.1088,25469.0
1753592208147,04:56:48.147,phemex,AEVO/USDT:USDT,0.1086,32068.0,0.1085,33951.0,0.1087,23254.0,0.1088,25469.0
1753592211525,04:56:51.525,phemex,AEVO/USDT:USDT,0.1086,32068.0,0.1085,33951.0,0.1087,23254.0,0.1088,25469.0
1753592211531,04:56:51.531,phemex,AEVO/USDT:USDT,0.1086,32068.0,0.1085,33951.0,0.1087,23254.0,0.1088,25469.0
1753592211531,04:56:51.531,phemex,AEVO/USDT:USDT,0.1086,32068.0,0.1085,33951.0,0.1087,23254.0,0.1088,25469.0
1753592215547,04:56:55.547,phemex,AEVO/USDT:USDT,0.1086,31429.0,0.1085,33951.0,0.1087,23254.0,0.1088,25469.0
1753592215736,04:56:55.736,phemex,AEVO/USDT:USDT,0.1086,31429.0,0.1085,33951.0,0.1087,23254.0,0.1088,25469.0
1753592216569,04:56:56.569,phemex,AEVO/USDT:USDT,0.1086,31395.0,0.1085,33951.0,0.1087,23254.0,0.1088,25469.0
1753592217181,04:56:57.181,phemex,AEVO/USDT:USDT,0.1086,16395.0,0.1085,33951.0,0.1087,23254.0,0.1088,25469.0
1753592219679,04:56:59.679,phemex,AEVO/USDT:USDT,0.1085,15952.0,0.1084,27696.0,0.1086,6549.0,0.1087,25044.0
1753592219891,04:56:59.891,phemex,AEVO/USDT:USDT,0.1085,29109.0,0.1084,27696.0,0.1086,22200.0,0.1087,27484.0
1753592220019,04:57:00.019,phemex,AEVO/USDT:USDT,0.1085,29109.0,0.1084,27696.0,0.1086,22200.0,0.1087,27484.0
1753592220034,04:57:00.034,phemex,AEVO/USDT:USDT,0.1085,29109.0,0.1084,27696.0,0.1086,22200.0,0.1087,27484.0
1753592220490,04:57:00.490,phemex,AEVO/USDT:USDT,0.1085,29109.0,0.1084,27696.0,0.1086,21777.0,0.1087,27484.0
1753592221694,04:57:01.694,phemex,AEVO/USDT:USDT,0.1085,29109.0,0.1084,27696.0,0.1086,21737.0,0.1087,27484.0
1753592222551,04:57:02.551,phemex,AEVO/USDT:USDT,0.1085,29109.0,0.1084,27696.0,0.1086,21737.0,0.1087,27484.0
1753592223373,04:57:03.373,phemex,AEVO/USDT:USDT,0.1085,7387.0,0.1084,7515.0,0.1086,21737.0,0.1087,27484.0
1753592223414,04:57:03.414,phemex,AEVO/USDT:USDT,0.1085,7387.0,0.1084,7515.0,0.1086,21737.0,0.1087,14833.0
1753592223431,04:57:03.431,phemex,AEVO/USDT:USDT,0.1085,7387.0,0.1084,7515.0,0.1086,24936.0,0.1087,10044.0
1753592223834,04:57:03.834,phemex,AEVO/USDT:USDT,0.1085,8038.0,0.1084,7515.0,0.1086,24936.0,0.1087,10044.0
1753592224240,04:57:04.240,phemex,AEVO/USDT:USDT,0.1085,651.0,0.1084,7515.0,0.1086,24936.0,0.1087,10044.0
1753592224251,04:57:04.251,phemex,AEVO/USDT:USDT,0.1084,7515.0,0.1083,37172.0,0.1086,24936.0,0.1087,10044.0
1753592224275,04:57:04.275,phemex,AEVO/USDT:USDT,0.1084,7515.0,0.1083,37172.0,0.1086,24936.0,0.1087,10044.0
1753592224663,04:57:04.663,phemex,AEVO/USDT:USDT,0.1084,7515.0,0.1083,37172.0,0.1086,24936.0,0.1087,10044.0
1753592224763,04:57:04.763,phemex,AEVO/USDT:USDT,0.1084,22515.0,0.1083,37172.0,0.1086,24936.0,0.1087,10044.0
1753592224934,04:57:04.934,phemex,AEVO/USDT:USDT,0.1084,22515.0,0.1083,37172.0,0.1086,24906.0,0.1087,10044.0
1753592225047,04:57:05.047,phemex,AEVO/USDT:USDT,0.1085,651.0,0.1084,22515.0,0.1086,24906.0,0.1087,10044.0
1753592225081,04:57:05.081,phemex,AEVO/USDT:USDT,0.1085,651.0,0.1084,22515.0,0.1086,24906.0,0.1087,10044.0
1753592225132,04:57:05.132,phemex,AEVO/USDT:USDT,0.1085,651.0,0.1084,22515.0,0.1086,30027.0,0.1087,661.0
1753592225136,04:57:05.136,phemex,AEVO/USDT:USDT,0.1085,651.0,0.1084,22515.0,0.1086,30027.0,0.1087,3860.0
1753592225883,04:57:05.883,phemex,AEVO/USDT:USDT,0.1084,22515.0,0.1083,37172.0,0.1086,30027.0,0.1087,3860.0
1753592225926,04:57:05.926,phemex,AEVO/USDT:USDT,0.1085,651.0,0.1084,24360.0,0.1086,30027.0,0.1087,3860.0
1753592225986,04:57:05.986,phemex,AEVO/USDT:USDT,0.1085,15651.0,0.1084,24360.0,0.1086,30027.0,0.1087,3860.0
1753592226741,04:57:06.741,phemex,AEVO/USDT:USDT,0.1085,15651.0,0.1084,9360.0,0.1086,30027.0,0.1087,3860.0
1753592227464,04:57:07.464,phemex,AEVO/USDT:USDT,0.1085,15651.0,0.1084,9360.0,0.1086,29959.0,0.1087,3860.0
1753592228725,04:57:08.725,phemex,AEVO/USDT:USDT,0.1085,30855.0,0.1084,2502.0,0.1086,29959.0,0.1087,3860.0
1753592228747,04:57:08.747,phemex,AEVO/USDT:USDT,0.1085,30855.0,0.1084,2502.0,0.1086,29959.0,0.1087,18101.0
1753592229456,04:57:09.456,phemex,AEVO/USDT:USDT,0.1085,30855.0,0.1084,2502.0,0.1086,29959.0,0.1087,18101.0
1753592229466,04:57:09.466,phemex,AEVO/USDT:USDT,0.1085,30855.0,0.1084,2502.0,0.1086,29959.0,0.1087,18101.0
1753592231861,04:57:11.861,phemex,AEVO/USDT:USDT,0.1085,15855.0,0.1084,2502.0,0.1086,29959.0,0.1087,18101.0
1753592232674,04:57:12.674,phemex,AEVO/USDT:USDT,0.1085,30855.0,0.1084,2502.0,0.1086,29959.0,0.1087,18101.0
1753592233438,04:57:13.438,phemex,AEVO/USDT:USDT,0.1085,30855.0,0.1084,2502.0,0.1086,29943.0,0.1087,18101.0
1753592235530,04:57:15.530,phemex,AEVO/USDT:USDT,0.1085,30855.0,0.1084,2502.0,0.1086,29943.0,0.1087,18101.0
1753592237642,04:57:17.642,phemex,AEVO/USDT:USDT,0.1085,30855.0,0.1084,2502.0,0.1086,29943.0,0.1087,18101.0
1753592237650,04:57:17.650,phemex,AEVO/USDT:USDT,0.1085,30855.0,0.1084,2502.0,0.1086,29943.0,0.1087,18101.0
1753592244500,04:57:24.500,phemex,AEVO/USDT:USDT,0.1085,30855.0,0.1084,2502.0,0.1086,29943.0,0.1087,18101.0
1753592249673,04:57:29.673,phemex,AEVO/USDT:USDT,0.1085,15855.0,0.1084,2502.0,0.1086,29943.0,0.1087,18101.0
1753592249687,04:57:29.687,phemex,AEVO/USDT:USDT,0.1085,15204.0,0.1084,2502.0,0.1086,29943.0,0.1087,18101.0
1753592249718,04:57:29.718,phemex,AEVO/USDT:USDT,0.1084,17963.0,0.1083,43487.0,0.1086,29943.0,0.1087,18101.0
1753592249729,04:57:29.729,phemex,AEVO/USDT:USDT,0.1084,17963.0,0.1083,43487.0,0.1085,19200.0,0.1086,15651.0
1753592249761,04:57:29.761,phemex,AEVO/USDT:USDT,0.1084,17963.0,0.1083,43487.0,0.1085,34836.0,0.1086,651.0
1753592249781,04:57:29.781,phemex,AEVO/USDT:USDT,0.1084,17963.0,0.1083,43487.0,0.1085,34836.0,0.1086,3850.0
1753592249799,04:57:29.799,phemex,AEVO/USDT:USDT,0.1084,17963.0,0.1083,43487.0,0.1085,34836.0,0.1086,18091.0
1753592249828,04:57:29.828,phemex,AEVO/USDT:USDT,0.1084,17963.0,0.1083,43487.0,0.1085,34836.0,0.1086,18091.0
1753592249841,04:57:29.841,phemex,AEVO/USDT:USDT,0.1084,16118.0,0.1083,43487.0,0.1085,34836.0,0.1086,18091.0
1753592250473,04:57:30.473,phemex,AEVO/USDT:USDT,0.1084,31118.0,0.1083,43487.0,0.1085,34836.0,0.1086,18091.0
1753592251825,04:57:31.825,phemex,AEVO/USDT:USDT,0.1084,31118.0,0.1083,43487.0,0.1085,34796.0,0.1086,18091.0
1753592252351,04:57:32.351,phemex,AEVO/USDT:USDT,0.1084,31118.0,0.1083,43487.0,0.1085,34796.0,0.1086,18091.0
1753592252663,04:57:32.663,phemex,AEVO/USDT:USDT,0.1084,31118.0,0.1083,43487.0,0.1085,34160.0,0.1086,18091.0
1753592252676,04:57:32.676,phemex,AEVO/USDT:USDT,0.1084,31118.0,0.1083,43487.0,0.1085,34160.0,0.1086,18091.0
1753592252782,04:57:32.782,phemex,AEVO/USDT:USDT,0.1084,31118.0,0.1083,43487.0,0.1086,21727.0,0.1087,661.0
1753592252794,04:57:32.794,phemex,AEVO/USDT:USDT,0.1085,636.0,0.1084,32963.0,0.1086,16938.0,0.1087,18101.0
1753592252812,04:57:32.812,phemex,AEVO/USDT:USDT,0.1085,636.0,0.1084,17963.0,0.1086,16938.0,0.1087,18101.0
1753592252879,04:57:32.879,phemex,AEVO/USDT:USDT,0.1084,17963.0,0.1083,43487.0,0.1086,16938.0,0.1087,18101.0
1753592252915,04:57:32.915,phemex,AEVO/USDT:USDT,0.1085,636.0,0.1084,17963.0,0.1086,16938.0,0.1087,18101.0
1753592252956,04:57:32.956,phemex,AEVO/USDT:USDT,0.1084,17963.0,0.1083,43487.0,0.1086,16938.0,0.1087,18101.0
1753592252974,04:57:32.974,phemex,AEVO/USDT:USDT,0.1085,636.0,0.1084,17963.0,0.1086,16938.0,0.1087,18101.0
1753592253439,04:57:33.439,phemex,AEVO/USDT:USDT,0.1085,15636.0,0.1084,17963.0,0.1086,16938.0,0.1087,18101.0
1753592253440,04:57:33.440,phemex,AEVO/USDT:USDT,0.1085,15636.0,0.1084,17963.0,0.1086,31938.0,0.1087,18101.0
1753592254895,04:57:34.895,phemex,AEVO/USDT:USDT,0.1085,35676.0,0.1084,2502.0,0.1086,31938.0,0.1087,18101.0
1753592260650,04:57:40.650,phemex,AEVO/USDT:USDT,0.1085,35676.0,0.1084,2502.0,0.1086,31938.0,0.1087,18101.0
1753592265458,04:57:45.458,phemex,AEVO/USDT:USDT,0.1085,35676.0,0.1084,2502.0,0.1086,31938.0,0.1087,18101.0
1753592266435,04:57:46.435,phemex,AEVO/USDT:USDT,0.1085,35676.0,0.1084,2502.0,0.1086,31938.0,0.1087,5450.0
1753592266445,04:57:46.445,phemex,AEVO/USDT:USDT,0.1085,35676.0,0.1084,2502.0,0.1086,31938.0,0.1087,5450.0
1753592267725,04:57:47.725,phemex,AEVO/USDT:USDT,0.1085,35676.0,0.1084,2502.0,0.1086,31938.0,0.1087,5450.0
1753592267738,04:57:47.738,phemex,AEVO/USDT:USDT,0.1085,35676.0,0.1084,2502.0,0.1086,31938.0,0.1087,5450.0
1753592268752,04:57:48.752,phemex,AEVO/USDT:USDT,0.1085,35676.0,0.1084,2502.0,0.1086,31938.0,0.1087,5450.0
1753592270777,04:57:50.777,phemex,AEVO/USDT:USDT,0.1085,35676.0,0.1084,2502.0,0.1086,31938.0,0.1087,5450.0
1753592272675,04:57:52.675,phemex,AEVO/USDT:USDT,0.1085,35676.0,0.1084,2502.0,0.1086,31938.0,0.1087,5450.0
1753592272675,04:57:52.675,phemex,AEVO/USDT:USDT,0.1085,35676.0,0.1084,2502.0,0.1086,31938.0,0.1087,5450.0
1753592277475,04:57:57.475,phemex,AEVO/USDT:USDT,0.1085,35676.0,0.1084,2502.0,0.1086,31938.0,0.1087,5450.0
1753592277532,04:57:57.532,phemex,AEVO/USDT:USDT,0.1085,35676.0,0.1084,2502.0,0.1086,31938.0,0.1087,18101.0
1753592277533,04:57:57.533,phemex,AEVO/USDT:USDT,0.1085,35676.0,0.1084,2502.0,0.1086,31938.0,0.1087,18101.0
1753592281354,04:58:01.354,phemex,AEVO/USDT:USDT,0.1085,20040.0,0.1084,2502.0,0.1086,31938.0,0.1087,18101.0
1753592281406,04:58:01.406,phemex,AEVO/USDT:USDT,0.1084,18190.0,0.1083,37172.0,0.1085,13749.0,0.1086,23402.0
1753592281427,04:58:01.427,phemex,AEVO/USDT:USDT,0.1084,18190.0,0.1083,37172.0,0.1085,29412.0,0.1086,3850.0
1753592281449,04:58:01.449,phemex,AEVO/USDT:USDT,0.1084,16345.0,0.1083,37172.0,0.1085,29412.0,0.1086,3850.0
1753592282118,04:58:02.118,phemex,AEVO/USDT:USDT,0.1084,31345.0,0.1083,37172.0,0.1085,29412.0,0.1086,3850.0
1753592282275,04:58:02.275,phemex,AEVO/USDT:USDT,0.1084,31345.0,0.1083,37172.0,0.1085,29412.0,0.1086,3850.0
1753592284707,04:58:04.707,phemex,AEVO/USDT:USDT,0.1084,31345.0,0.1083,37172.0,0.1085,28749.0,0.1086,3850.0
1753592284708,04:58:04.708,phemex,AEVO/USDT:USDT,0.1084,31345.0,0.1083,37172.0,0.1085,13749.0,0.1086,3850.0
1753592284753,04:58:04.753,phemex,AEVO/USDT:USDT,0.1084,33190.0,0.1083,37172.0,0.1086,15743.0,0.1087,661.0
1753592284773,04:58:04.773,phemex,AEVO/USDT:USDT,0.1085,663.0,0.1084,33190.0,0.1086,15743.0,0.1087,3860.0
1753592284814,04:58:04.814,phemex,AEVO/USDT:USDT,0.1085,15663.0,0.1084,18190.0,0.1086,15743.0,0.1087,3860.0
1753592284848,04:58:04.848,phemex,AEVO/USDT:USDT,0.1085,15663.0,0.1084,18190.0,0.1086,15743.0,0.1087,3860.0
1753592285064,04:58:05.064,phemex,AEVO/USDT:USDT,0.1085,663.0,0.1084,18190.0,0.1086,15743.0,0.1087,3860.0
1753592285084,04:58:05.084,phemex,AEVO/USDT:USDT,0.1085,663.0,0.1084,18190.0,0.1086,30743.0,0.1087,3860.0
1753592285107,04:58:05.107,phemex,AEVO/USDT:USDT,0.1084,18190.0,0.1083,37172.0,0.1086,30743.0,0.1087,3860.0
1753592285202,04:58:05.202,phemex,AEVO/USDT:USDT,0.1085,663.0,0.1084,18190.0,0.1086,30743.0,0.1087,3860.0
1753592285227,04:58:05.227,phemex,AEVO/USDT:USDT,0.1084,18190.0,0.1083,37172.0,0.1086,30743.0,0.1087,3860.0
1753592285258,04:58:05.258,phemex,AEVO/USDT:USDT,0.1084,18190.0,0.1083,37172.0,0.1086,30743.0,0.1087,3860.0
1753592285305,04:58:05.305,phemex,AEVO/USDT:USDT,0.1085,663.0,0.1084,18190.0,0.1086,30743.0,0.1087,3860.0
1753592285359,04:58:05.359,phemex,AEVO/USDT:USDT,0.1084,18190.0,0.1083,37172.0,0.1086,30743.0,0.1087,3860.0
1753592285399,04:58:05.399,phemex,AEVO/USDT:USDT,0.1084,18190.0,0.1083,37172.0,0.1086,30743.0,0.1087,3860.0
1753592285401,04:58:05.401,phemex,AEVO/USDT:USDT,0.1085,663.0,0.1084,18190.0,0.1086,30743.0,0.1087,3860.0
1753592285460,04:58:05.460,phemex,AEVO/USDT:USDT,0.1084,18190.0,0.1083,37172.0,0.1086,30743.0,0.1087,3860.0
1753592285503,04:58:05.503,phemex,AEVO/USDT:USDT,0.1085,663.0,0.1084,18190.0,0.1086,30743.0,0.1087,3860.0
1753592285521,04:58:05.521,phemex,AEVO/USDT:USDT,0.1084,18190.0,0.1083,37172.0,0.1086,30743.0,0.1087,3860.0
1753592285538,04:58:05.538,phemex,AEVO/USDT:USDT,0.1085,663.0,0.1084,18190.0,0.1086,30743.0,0.1087,3860.0
1753592285560,04:58:05.560,phemex,AEVO/USDT:USDT,0.1084,18190.0,0.1083,37172.0,0.1086,30743.0,0.1087,3860.0
1753592285579,04:58:05.579,phemex,AEVO/USDT:USDT,0.1085,663.0,0.1084,18190.0,0.1086,30743.0,0.1087,3860.0
1753592285641,04:58:05.641,phemex,AEVO/USDT:USDT,0.1084,18190.0,0.1083,37172.0,0.1086,30743.0,0.1087,3860.0
1753592285680,04:58:05.680,phemex,AEVO/USDT:USDT,0.1085,663.0,0.1084,18190.0,0.1086,30743.0,0.1087,3860.0
1753592285702,04:58:05.702,phemex,AEVO/USDT:USDT,0.1084,18190.0,0.1083,37172.0,0.1086,30743.0,0.1087,3860.0
1753592285741,04:58:05.741,phemex,AEVO/USDT:USDT,0.1085,663.0,0.1084,18190.0,0.1086,30743.0,0.1087,3860.0
1753592285780,04:58:05.780,phemex,AEVO/USDT:USDT,0.1084,18190.0,0.1083,37172.0,0.1086,30743.0,0.1087,3860.0
1753592285825,04:58:05.825,phemex,AEVO/USDT:USDT,0.1085,663.0,0.1084,18190.0,0.1086,30743.0,0.1087,3860.0
1753592286007,04:58:06.007,phemex,AEVO/USDT:USDT,0.1084,18190.0,0.1083,37172.0,0.1086,30743.0,0.1087,3860.0
1753592286027,04:58:06.027,phemex,AEVO/USDT:USDT,0.1085,663.0,0.1084,18190.0,0.1086,30743.0,0.1087,3860.0
1753592286087,04:58:06.087,phemex,AEVO/USDT:USDT,0.1084,33190.0,0.1083,37172.0,0.1086,30743.0,0.1087,3860.0
1753592286125,04:58:06.125,phemex,AEVO/USDT:USDT,0.1085,663.0,0.1084,33190.0,0.1086,30743.0,0.1087,3860.0
1753592286168,04:58:06.168,phemex,AEVO/USDT:USDT,0.1085,663.0,0.1084,18190.0,0.1086,30743.0,0.1087,3860.0
1753592286284,04:58:06.284,phemex,AEVO/USDT:USDT,0.1084,18190.0,0.1083,37172.0,0.1086,30743.0,0.1087,3860.0
1753592286306,04:58:06.306,phemex,AEVO/USDT:USDT,0.1085,663.0,0.1084,18190.0,0.1086,30743.0,0.1087,3860.0
1753592286412,04:58:06.412,phemex,AEVO/USDT:USDT,0.1084,18190.0,0.1083,37172.0,0.1086,30743.0,0.1087,3860.0
1753592286448,04:58:06.448,phemex,AEVO/USDT:USDT,0.1085,663.0,0.1084,18190.0,0.1086,30743.0,0.1087,3860.0
1753592286508,04:58:06.508,phemex,AEVO/USDT:USDT,0.1084,18190.0,0.1083,37172.0,0.1086,30743.0,0.1087,3860.0
1753592286547,04:58:06.547,phemex,AEVO/USDT:USDT,0.1085,663.0,0.1084,18190.0,0.1086,30743.0,0.1087,3860.0
1753592286826,04:58:06.826,phemex,AEVO/USDT:USDT,0.1085,7432.0,0.1084,18190.0,0.1086,30743.0,0.1087,3860.0
1753592286827,04:58:06.827,phemex,AEVO/USDT:USDT,0.1085,15066.0,0.1084,2502.0,0.1086,30743.0,0.1087,3860.0
1753592287078,04:58:07.078,phemex,AEVO/USDT:USDT,0.1085,30066.0,0.1084,2502.0,0.1086,30743.0,0.1087,3860.0
1753592290148,04:58:10.148,phemex,AEVO/USDT:USDT,0.1085,30066.0,0.1084,2502.0,0.1086,30743.0,0.1087,3860.0
1753592290158,04:58:10.158,phemex,AEVO/USDT:USDT,0.1085,30066.0,0.1084,2502.0,0.1086,30743.0,0.1087,18101.0
1753592291868,04:58:11.868,phemex,AEVO/USDT:USDT,0.1085,30066.0,0.1084,2502.0,0.1086,30743.0,0.1087,18101.0
1753592291875,04:58:11.875,phemex,AEVO/USDT:USDT,0.1085,30066.0,0.1084,2502.0,0.1086,30743.0,0.1087,18101.0
1753592309084,04:58:29.084,phemex,AEVO/USDT:USDT,0.1085,30066.0,0.1084,2502.0,0.1086,30743.0,0.1087,18101.0
1753592321755,04:58:41.755,phemex,AEVO/USDT:USDT,0.1085,30066.0,0.1084,2502.0,0.1086,30092.0,0.1087,18101.0
1753592322128,04:58:42.128,phemex,AEVO/USDT:USDT,0.1085,30066.0,0.1084,2502.0,0.1086,29994.0,0.1087,18101.0
1753592323138,04:58:43.138,phemex,AEVO/USDT:USDT,0.1085,30066.0,0.1084,2502.0,0.1086,14994.0,0.1087,18101.0
1753592323207,04:58:43.207,phemex,AEVO/USDT:USDT,0.1085,30066.0,0.1084,2502.0,0.1086,14994.0,0.1087,5450.0
1753592323211,04:58:43.211,phemex,AEVO/USDT:USDT,0.1085,30066.0,0.1084,2502.0,0.1086,14994.0,0.1087,5450.0
1753592323288,04:58:43.288,phemex,AEVO/USDT:USDT,0.1085,30066.0,0.1084,2502.0,0.1086,15637.0,0.1087,5450.0
1753592323609,04:58:43.609,phemex,AEVO/USDT:USDT,0.1085,30066.0,0.1084,2502.0,0.1086,14994.0,0.1087,5450.0
1753592323727,04:58:43.727,phemex,AEVO/USDT:USDT,0.1085,30066.0,0.1084,2502.0,0.1086,15637.0,0.1087,5450.0
1753592324637,04:58:44.637,phemex,AEVO/USDT:USDT,0.1085,30066.0,0.1084,2502.0,0.1086,30637.0,0.1087,5450.0
1753592329360,04:58:49.360,phemex,AEVO/USDT:USDT,0.1085,30066.0,0.1084,2502.0,0.1086,29994.0,0.1087,5450.0
1753592329819,04:58:49.819,phemex,AEVO/USDT:USDT,0.1085,30066.0,0.1084,2502.0,0.1086,14994.0,0.1087,5450.0
1753592331524,04:58:51.524,phemex,AEVO/USDT:USDT,0.1085,30066.0,0.1084,2502.0,0.1086,14994.0,0.1087,5450.0
1753592331559,04:58:51.559,phemex,AEVO/USDT:USDT,0.1085,30066.0,0.1084,2502.0,0.1086,29994.0,0.1087,5450.0
1753592331559,04:58:51.559,phemex,AEVO/USDT:USDT,0.1085,30066.0,0.1084,2502.0,0.1086,29994.0,0.1087,5450.0
1753592334524,04:58:54.524,phemex,AEVO/USDT:USDT,0.1085,30066.0,0.1084,2502.0,0.1086,29994.0,0.1087,5450.0
1753592334530,04:58:54.530,phemex,AEVO/USDT:USDT,0.1085,30066.0,0.1084,2502.0,0.1086,29994.0,0.1087,18101.0
1753592335775,04:58:55.775,phemex,AEVO/USDT:USDT,0.1085,30066.0,0.1084,2502.0,0.1086,29994.0,0.1087,18101.0
1753592335788,04:58:55.788,phemex,AEVO/USDT:USDT,0.1085,30066.0,0.1084,2502.0,0.1086,29994.0,0.1087,18101.0
1753592336114,04:58:56.114,phemex,AEVO/USDT:USDT,0.1085,30066.0,0.1084,2502.0,0.1086,29994.0,0.1087,5450.0
1753592339069,04:58:59.069,phemex,AEVO/USDT:USDT,0.1085,30066.0,0.1084,2502.0,0.1086,29994.0,0.1087,5450.0
1753592339076,04:58:59.076,phemex,AEVO/USDT:USDT,0.1085,30066.0,0.1084,2502.0,0.1086,29994.0,0.1087,5450.0
1753592340750,04:59:00.750,phemex,AEVO/USDT:USDT,0.1085,30066.0,0.1084,2502.0,0.1086,14994.0,0.1087,5450.0
1753592340899,04:59:00.899,phemex,AEVO/USDT:USDT,0.1085,30066.0,0.1084,2502.0,0.1087,19919.0,0.1088,8029.0
1753592340909,04:59:00.909,phemex,AEVO/USDT:USDT,0.1085,30066.0,0.1084,2502.0,0.1087,19919.0,0.1088,12818.0
1753592340959,04:59:00.959,phemex,AEVO/USDT:USDT,0.1086,14152.0,0.1085,17506.0,0.1087,19919.0,0.1088,12818.0
1753592340973,04:59:00.973,phemex,AEVO/USDT:USDT,0.1086,14152.0,0.1085,2506.0,0.1087,19919.0,0.1088,12818.0
1753592341000,04:59:01.000,phemex,AEVO/USDT:USDT,0.1086,14152.0,0.1085,2506.0,0.1087,19919.0,0.1088,12818.0
1753592341449,04:59:01.449,phemex,AEVO/USDT:USDT,0.1086,14152.0,0.1085,2506.0,0.1087,34919.0,0.1088,12818.0
1753592341853,04:59:01.853,phemex,AEVO/USDT:USDT,0.1086,14152.0,0.1085,2506.0,0.1087,34919.0,0.1088,12818.0
1753592342781,04:59:02.781,phemex,AEVO/USDT:USDT,0.1085,16854.0,0.1084,657.0,0.1087,34919.0,0.1088,8029.0
1753592342789,04:59:02.789,phemex,AEVO/USDT:USDT,0.1085,16854.0,0.1084,657.0,0.1086,659.0,0.1087,38118.0
1753592342807,04:59:02.807,phemex,AEVO/USDT:USDT,0.1085,16854.0,0.1084,657.0,0.1087,23118.0,0.1088,8029.0
1753592342829,04:59:02.829,phemex,AEVO/USDT:USDT,0.1085,16854.0,0.1084,657.0,0.1086,15659.0,0.1087,23118.0
1753592342862,04:59:02.862,phemex,AEVO/USDT:USDT,0.1085,16854.0,0.1084,657.0,0.1086,15659.0,0.1087,23118.0
1753592343426,04:59:03.426,phemex,AEVO/USDT:USDT,0.1085,31854.0,0.1084,657.0,0.1086,15659.0,0.1087,23118.0
1753592344653,04:59:04.653,phemex,AEVO/USDT:USDT,0.1085,31854.0,0.1084,657.0,0.1086,15659.0,0.1087,23118.0
1753592344704,04:59:04.704,phemex,AEVO/USDT:USDT,0.1085,31854.0,0.1084,657.0,0.1086,15659.0,0.1087,23118.0
1753592348033,04:59:08.033,phemex,AEVO/USDT:USDT,0.1085,31854.0,0.1084,657.0,0.1086,15659.0,0.1087,23118.0
1753592348038,04:59:08.038,phemex,AEVO/USDT:USDT,0.1085,31854.0,0.1084,657.0,0.1086,15659.0,0.1087,23118.0
1753592348317,04:59:08.317,phemex,AEVO/USDT:USDT,0.1085,31854.0,0.1084,657.0,0.1086,36085.0,0.1087,36306.0
1753592355532,04:59:15.532,phemex,AEVO/USDT:USDT,0.1085,31854.0,0.1084,657.0,0.1086,36085.0,0.1087,36306.0
1753592355540,04:59:15.540,phemex,AEVO/USDT:USDT,0.1085,31854.0,0.1084,657.0,0.1086,36085.0,0.1087,37896.0
1753592361538,04:59:21.538,phemex,AEVO/USDT:USDT,0.1085,31854.0,0.1084,657.0,0.1086,36085.0,0.1087,37896.0
1753592361547,04:59:21.547,phemex,AEVO/USDT:USDT,0.1085,31854.0,0.1084,657.0,0.1086,36085.0,0.1087,50547.0
1753592368534,04:59:28.534,phemex,AEVO/USDT:USDT,0.1085,31854.0,0.1084,657.0,0.1086,35426.0,0.1087,50547.0
1753592369855,04:59:29.855,phemex,AEVO/USDT:USDT,0.1085,31854.0,0.1084,657.0,0.1086,35426.0,0.1087,37896.0
1753592369862,04:59:29.862,phemex,AEVO/USDT:USDT,0.1085,31854.0,0.1084,657.0,0.1086,35426.0,0.1087,37896.0
1753592370195,04:59:30.195,phemex,AEVO/USDT:USDT,0.1085,31854.0,0.1084,657.0,0.1086,35426.0,0.1087,37896.0
1753592373360,04:59:33.360,phemex,AEVO/USDT:USDT,0.1085,31854.0,0.1084,657.0,0.1086,15000.0,0.1087,15838.0
1753592373364,04:59:33.364,phemex,AEVO/USDT:USDT,0.1085,31854.0,0.1084,657.0,0.1086,15000.0,0.1087,12639.0
1753592373389,04:59:33.389,phemex,AEVO/USDT:USDT,0.1085,33697.0,0.1084,657.0,0.1087,11049.0,0.1088,18081.0
1753592373411,04:59:33.411,phemex,AEVO/USDT:USDT,0.1086,16749.0,0.1085,17506.0,0.1087,11049.0,0.1088,5430.0
1753592373432,04:59:33.432,phemex,AEVO/USDT:USDT,0.1086,31749.0,0.1085,2506.0,0.1087,11049.0,0.1088,5430.0
1753592373459,04:59:33.459,phemex,AEVO/USDT:USDT,0.1086,31749.0,0.1085,2506.0,0.1087,11049.0,0.1088,12824.0
1753592373678,04:59:33.678,phemex,AEVO/USDT:USDT,0.1086,31749.0,0.1085,2506.0,0.1087,11049.0,0.1088,12824.0
1753592373763,04:59:33.763,phemex,AEVO/USDT:USDT,0.1086,29089.0,0.1085,2506.0,0.1087,11049.0,0.1088,12824.0
1753592373772,04:59:33.772,phemex,AEVO/USDT:USDT,0.1086,29089.0,0.1085,2506.0,0.1087,26049.0,0.1088,12824.0
1753592375113,04:59:35.113,phemex,AEVO/USDT:USDT,0.1086,29089.0,0.1085,2506.0,0.1087,26049.0,0.1088,18081.0
1753592375211,04:59:35.211,phemex,AEVO/USDT:USDT,0.1086,29089.0,0.1085,2506.0,0.1087,26049.0,0.1088,18081.0
1753592382538,04:59:42.538,phemex,AEVO/USDT:USDT,0.1086,29089.0,0.1085,2506.0,0.1087,26049.0,0.1088,18081.0
1753592383690,04:59:43.690,phemex,AEVO/USDT:USDT,0.1086,28995.0,0.1085,2506.0,0.1087,26049.0,0.1088,18081.0
1753592385097,04:59:45.097,phemex,AEVO/USDT:USDT,0.1086,28945.0,0.1085,2506.0,0.1087,26049.0,0.1088,18081.0
1753592386421,04:59:46.421,phemex,AEVO/USDT:USDT,0.1086,28945.0,0.1085,2506.0,0.1087,26049.0,0.1088,5430.0
1753592386432,04:59:46.432,phemex,AEVO/USDT:USDT,0.1086,28945.0,0.1085,2506.0,0.1087,26049.0,0.1088,5430.0
1753592386432,04:59:46.432,phemex,AEVO/USDT:USDT,0.1086,28945.0,0.1085,2506.0,0.1087,26049.0,0.1088,5430.0
1753592393826,04:59:53.826,phemex,AEVO/USDT:USDT,0.1086,28931.0,0.1085,2506.0,0.1087,26049.0,0.1088,5430.0
1753592400270,05:00:00.270,phemex,AEVO/USDT:USDT,0.1086,28931.0,0.1085,2506.0,0.1087,26049.0,0.1088,5430.0
1753592400307,05:00:00.307,phemex,AEVO/USDT:USDT,0.1086,28931.0,0.1085,2506.0,0.1087,26049.0,0.1088,18081.0
1753592400330,05:00:00.330,phemex,AEVO/USDT:USDT,0.1086,28931.0,0.1085,2506.0,0.1087,26049.0,0.1088,18081.0
1753592401826,05:00:01.826,phemex,AEVO/USDT:USDT,0.1086,28931.0,0.1085,2506.0,0.1087,26049.0,0.1088,18081.0
1753592406187,05:00:06.187,phemex,AEVO/USDT:USDT,0.1086,28931.0,0.1085,2506.0,0.1087,26049.0,0.1088,5430.0
1753592408747,05:00:08.747,phemex,AEVO/USDT:USDT,0.1086,27931.0,0.1085,2506.0,0.1087,26049.0,0.1088,5430.0
1753592413450,05:00:13.450,phemex,AEVO/USDT:USDT,0.1086,27326.0,0.1085,2506.0,0.1087,26049.0,0.1088,5430.0
1753592414678,05:00:14.678,phemex,AEVO/USDT:USDT,0.1086,12326.0,0.1085,2506.0,0.1087,26049.0,0.1088,5430.0
1753592415611,05:00:15.611,phemex,AEVO/USDT:USDT,0.1086,27326.0,0.1085,2506.0,0.1087,26049.0,0.1088,5430.0
1753592416985,05:00:16.985,phemex,AEVO/USDT:USDT,0.1086,12326.0,0.1085,2506.0,0.1087,26049.0,0.1088,5430.0
1753592417253,05:00:17.253,phemex,AEVO/USDT:USDT,0.1086,12326.0,0.1085,2506.0,0.1087,26049.0,0.1088,5430.0
1753592418533,05:00:18.533,phemex,AEVO/USDT:USDT,0.1086,12326.0,0.1085,2506.0,0.1087,26049.0,0.1088,5430.0
1753592418539,05:00:18.539,phemex,AEVO/USDT:USDT,0.1086,12326.0,0.1085,2506.0,0.1087,26049.0,0.1088,18081.0
1753592419526,05:00:19.526,phemex,AEVO/USDT:USDT,0.1086,11679.0,0.1085,2506.0,0.1087,26049.0,0.1088,18081.0
1753592422613,05:00:22.613,phemex,AEVO/USDT:USDT,0.1086,11634.0,0.1085,2506.0,0.1087,26049.0,0.1088,18081.0
1753592422825,05:00:22.825,phemex,AEVO/USDT:USDT,0.1086,12289.0,0.1085,2506.0,0.1087,26049.0,0.1088,18081.0
1753592425501,05:00:25.501,phemex,AEVO/USDT:USDT,0.1086,27289.0,0.1085,2506.0,0.1087,26049.0,0.1088,18081.0
1753592426712,05:00:26.712,phemex,AEVO/USDT:USDT,0.1086,27289.0,0.1085,2506.0,0.1087,26049.0,0.1088,18081.0
1753592426719,05:00:26.719,phemex,AEVO/USDT:USDT,0.1086,27289.0,0.1085,2506.0,0.1087,26049.0,0.1088,18081.0
1753592431723,05:00:31.723,phemex,AEVO/USDT:USDT,0.1086,27251.0,0.1085,2506.0,0.1087,26049.0,0.1088,18081.0
1753592433579,05:00:33.579,phemex,AEVO/USDT:USDT,0.1086,30128.0,0.1085,2506.0,0.1087,36132.0,0.1088,18081.0
1753592433588,05:00:33.588,phemex,AEVO/USDT:USDT,0.1086,30128.0,0.1085,2506.0,0.1087,36132.0,0.1088,18081.0
1753592442860,05:00:42.860,phemex,AEVO/USDT:USDT,0.1086,30128.0,0.1085,9897.0,0.1087,36132.0,0.1088,18081.0
1753592442860,05:00:42.860,phemex,AEVO/USDT:USDT,0.1086,30128.0,0.1085,9897.0,0.1087,36132.0,0.1088,18081.0
1753592477491,05:01:17.491,phemex,AEVO/USDT:USDT,0.1086,30103.0,0.1085,9897.0,0.1087,36132.0,0.1088,18081.0
1753592479299,05:01:19.299,phemex,AEVO/USDT:USDT,0.1086,30103.0,0.1085,9897.0,0.1087,36132.0,0.1088,3840.0
1753592479667,05:01:19.667,phemex,AEVO/USDT:USDT,0.1086,30103.0,0.1085,9897.0,0.1087,36132.0,0.1088,3840.0
1753592481435,05:01:21.435,phemex,AEVO/USDT:USDT,0.1086,30103.0,0.1085,9897.0,0.1087,36132.0,0.1088,3840.0
1753592481454,05:01:21.454,phemex,AEVO/USDT:USDT,0.1086,30103.0,0.1085,9897.0,0.1087,36132.0,0.1088,3840.0
1753592486391,05:01:26.391,phemex,AEVO/USDT:USDT,0.1086,29503.0,0.1085,9897.0,0.1087,36132.0,0.1088,3840.0
1753592488684,05:01:28.684,phemex,AEVO/USDT:USDT,0.1086,29443.0,0.1085,9897.0,0.1087,36132.0,0.1088,3840.0
1753592490447,05:01:30.447,phemex,AEVO/USDT:USDT,0.1086,29392.0,0.1085,9897.0,0.1087,36132.0,0.1088,3840.0
1753592490469,05:01:30.469,phemex,AEVO/USDT:USDT,0.1086,29392.0,0.1085,9897.0,0.1087,36132.0,0.1088,3840.0
1753592490505,05:01:30.505,phemex,AEVO/USDT:USDT,0.1086,29392.0,0.1085,9897.0,0.1087,36132.0,0.1088,3840.0
1753592493541,05:01:33.541,phemex,AEVO/USDT:USDT,0.1086,29392.0,0.1085,9897.0,0.1087,36132.0,0.1088,18081.0
1753592498306,05:01:38.306,phemex,AEVO/USDT:USDT,0.1086,29392.0,0.1085,9897.0,0.1087,36132.0,0.1088,18081.0
1753592499663,05:01:39.663,phemex,AEVO/USDT:USDT,0.1086,29392.0,0.1085,9897.0,0.1088,18204.0,0.1089,29837.0
1753592499670,05:01:39.670,phemex,AEVO/USDT:USDT,0.1086,29392.0,0.1085,9897.0,0.1088,18204.0,0.1089,29837.0
1753592499693,05:01:39.693,phemex,AEVO/USDT:USDT,0.1086,29392.0,0.1085,9897.0,0.1088,18204.0,0.1089,29837.0
1753592499758,05:01:39.758,phemex,AEVO/USDT:USDT,0.1086,29392.0,0.1085,9897.0,0.1088,18204.0,0.1089,37224.0
1753592499766,05:01:39.766,phemex,AEVO/USDT:USDT,0.1086,29392.0,0.1085,9897.0,0.1088,18204.0,0.1089,37224.0
1753592499850,05:01:39.850,phemex,AEVO/USDT:USDT,0.1086,31233.0,0.1085,8054.0,0.1088,18204.0,0.1089,37224.0
1753592500482,05:01:40.482,phemex,AEVO/USDT:USDT,0.1087,647.0,0.1086,31233.0,0.1088,18204.0,0.1089,37224.0
1753592500514,05:01:40.514,phemex,AEVO/USDT:USDT,0.1087,15000.0,0.1086,31233.0,0.1088,18204.0,0.1089,37224.0
1753592500536,05:01:40.536,phemex,AEVO/USDT:USDT,0.1087,15647.0,0.1086,31233.0,0.1088,18204.0,0.1089,37224.0
1753592500565,05:01:40.565,phemex,AEVO/USDT:USDT,0.1087,647.0,0.1086,31233.0,0.1088,18204.0,0.1089,37224.0
1753592500701,05:01:40.701,phemex,AEVO/USDT:USDT,0.1086,31233.0,0.1085,8054.0,0.1088,33204.0,0.1089,37224.0
1753592500720,05:01:40.720,phemex,AEVO/USDT:USDT,0.1086,31233.0,0.1085,8054.0,0.1088,33204.0,0.1089,37224.0
1753592500807,05:01:40.807,phemex,AEVO/USDT:USDT,0.1086,31233.0,0.1085,8054.0,0.1087,647.0,0.1088,33204.0
1753592500817,05:01:40.817,phemex,AEVO/USDT:USDT,0.1086,31233.0,0.1085,8054.0,0.1087,647.0,0.1088,18204.0
1753592500819,05:01:40.819,phemex,AEVO/USDT:USDT,0.1086,31233.0,0.1085,8054.0,0.1088,18204.0,0.1089,37224.0
1753592500882,05:01:40.882,phemex,AEVO/USDT:USDT,0.1086,31233.0,0.1085,8054.0,0.1087,647.0,0.1088,18204.0
1753592500919,05:01:40.919,phemex,AEVO/USDT:USDT,0.1086,31233.0,0.1085,8054.0,0.1088,18204.0,0.1089,37224.0
1753592500942,05:01:40.942,phemex,AEVO/USDT:USDT,0.1086,30083.0,0.1085,8054.0,0.1087,647.0,0.1088,18204.0
1753592500979,05:01:40.979,phemex,AEVO/USDT:USDT,0.1086,30083.0,0.1085,8054.0,0.1088,18204.0,0.1089,37224.0
1753592501071,05:01:41.071,phemex,AEVO/USDT:USDT,0.1086,30083.0,0.1085,8054.0,0.1087,647.0,0.1088,18204.0
1753592501100,05:01:41.100,phemex,AEVO/USDT:USDT,0.1086,28242.0,0.1085,8054.0,0.1087,15647.0,0.1088,21403.0
1753592502483,05:01:42.483,phemex,AEVO/USDT:USDT,0.1086,28242.0,0.1085,8054.0,0.1087,647.0,0.1088,21403.0
1753592502582,05:01:42.582,phemex,AEVO/USDT:USDT,0.1086,28242.0,0.1085,8054.0,0.1088,21403.0,0.1089,34025.0
1753592502610,05:01:42.610,phemex,AEVO/USDT:USDT,0.1086,28242.0,0.1085,8054.0,0.1087,647.0,0.1088,21403.0
1753592502632,05:01:42.632,phemex,AEVO/USDT:USDT,0.1086,28242.0,0.1085,8054.0,0.1087,647.0,0.1088,36403.0
1753592503623,05:01:43.623,phemex,AEVO/USDT:USDT,0.1086,28242.0,0.1085,8054.0,0.1087,15647.0,0.1088,21403.0
1753592504693,05:01:44.693,phemex,AEVO/USDT:USDT,0.1086,28242.0,0.1085,8054.0,0.1087,31129.0,0.1088,3840.0
1753592505020,05:01:45.020,phemex,AEVO/USDT:USDT,0.1086,28242.0,0.1085,8054.0,0.1087,31129.0,0.1088,16491.0
1753592505021,05:01:45.021,phemex,AEVO/USDT:USDT,0.1086,28242.0,0.1085,8054.0,0.1087,31129.0,0.1088,18081.0
1753592505470,05:01:45.470,phemex,AEVO/USDT:USDT,0.1086,28242.0,0.1085,8054.0,0.1087,31129.0,0.1088,18081.0
1753592506439,05:01:46.439,phemex,AEVO/USDT:USDT,0.1086,28242.0,0.1085,8054.0,0.1087,31129.0,0.1088,3840.0
1753592507342,05:01:47.342,phemex,AEVO/USDT:USDT,0.1086,27822.0,0.1085,8054.0,0.1087,31129.0,0.1088,3840.0
1753592508069,05:01:48.069,phemex,AEVO/USDT:USDT,0.1086,27822.0,0.1085,8054.0,0.1087,15000.0,0.1088,15247.0
1753592508082,05:01:48.082,phemex,AEVO/USDT:USDT,0.1086,29663.0,0.1085,8054.0,0.1088,15247.0,0.1089,38814.0
1753592508103,05:01:48.103,phemex,AEVO/USDT:USDT,0.1086,29663.0,0.1085,8054.0,0.1088,15247.0,0.1089,37224.0
1753592508123,05:01:48.123,phemex,AEVO/USDT:USDT,0.1087,647.0,0.1086,29663.0,0.1088,15247.0,0.1089,37224.0
1753592508147,05:01:48.147,phemex,AEVO/USDT:USDT,0.1087,15647.0,0.1086,29663.0,0.1088,15247.0,0.1089,37224.0
1753592508194,05:01:48.194,phemex,AEVO/USDT:USDT,0.1087,31333.0,0.1086,37327.0,0.1088,15247.0,0.1089,37224.0
1753592508564,05:01:48.564,phemex,AEVO/USDT:USDT,0.1087,31333.0,0.1086,22327.0,0.1088,30247.0,0.1089,37224.0
1753592509438,05:01:49.438,phemex,AEVO/USDT:USDT,0.1087,16333.0,0.1086,22327.0,0.1088,30247.0,0.1089,37224.0
1753592509500,05:01:49.500,phemex,AEVO/USDT:USDT,0.1086,11720.0,0.1085,8054.0,0.1088,30247.0,0.1089,37224.0
1753592509556,05:01:49.556,phemex,AEVO/USDT:USDT,0.1086,26720.0,0.1085,8054.0,0.1087,644.0,0.1088,30247.0
1753592509575,05:01:49.575,phemex,AEVO/USDT:USDT,0.1086,26720.0,0.1085,8054.0,0.1087,15644.0,0.1088,30247.0
1753592509586,05:01:49.586,phemex,AEVO/USDT:USDT,0.1086,26720.0,0.1085,8054.0,0.1087,15644.0,0.1088,15247.0
1753592509619,05:01:49.619,phemex,AEVO/USDT:USDT,0.1086,26720.0,0.1085,8054.0,0.1087,15000.0,0.1088,18446.0
1753592509652,05:01:49.652,phemex,AEVO/USDT:USDT,0.1086,26720.0,0.1085,8054.0,0.1087,15000.0,0.1088,18446.0
1753592509674,05:01:49.674,phemex,AEVO/USDT:USDT,0.1086,26720.0,0.1085,8054.0,0.1087,15644.0,0.1088,18446.0
1753592509731,05:01:49.731,phemex,AEVO/USDT:USDT,0.1086,26720.0,0.1085,8054.0,0.1087,15644.0,0.1088,18446.0
1753592509773,05:01:49.773,phemex,AEVO/USDT:USDT,0.1086,24879.0,0.1085,8054.0,0.1087,15644.0,0.1088,18446.0
1753592511357,05:01:51.357,phemex,AEVO/USDT:USDT,0.1086,24224.0,0.1085,8054.0,0.1087,15644.0,0.1088,18446.0
1753592511367,05:01:51.367,phemex,AEVO/USDT:USDT,0.1086,9224.0,0.1085,8054.0,0.1087,15644.0,0.1088,18446.0
1753592511445,05:01:51.445,phemex,AEVO/USDT:USDT,0.1086,9868.0,0.1085,8054.0,0.1087,15644.0,0.1088,18446.0
1753592512519,05:01:52.519,phemex,AEVO/USDT:USDT,0.1086,24868.0,0.1085,8054.0,0.1087,15644.0,0.1088,18446.0
1753592512519,05:01:52.519,phemex,AEVO/USDT:USDT,0.1086,24868.0,0.1085,8054.0,0.1087,15644.0,0.1088,18446.0
1753592513627,05:01:53.627,phemex,AEVO/USDT:USDT,0.1086,24868.0,0.1085,8054.0,0.1087,31218.0,0.1088,3840.0
1753592514486,05:01:54.486,phemex,AEVO/USDT:USDT,0.1086,24868.0,0.1085,8054.0,0.1087,31218.0,0.1088,3840.0
1753592514493,05:01:54.493,phemex,AEVO/USDT:USDT,0.1086,24868.0,0.1085,8054.0,0.1087,31218.0,0.1088,3840.0
1753592514652,05:01:54.652,phemex,AEVO/USDT:USDT,0.1086,9224.0,0.1085,8054.0,0.1087,31218.0,0.1088,3840.0
1753592514712,05:01:54.712,phemex,AEVO/USDT:USDT,0.1086,8919.0,0.1085,8054.0,0.1087,31218.0,0.1088,3840.0
1753592515553,05:01:55.553,phemex,AEVO/USDT:USDT,0.1085,23372.0,0.1084,657.0,0.1087,31218.0,0.1088,3840.0
1753592515572,05:01:55.572,phemex,AEVO/USDT:USDT,0.1085,23372.0,0.1084,657.0,0.1086,644.0,0.1087,31218.0
1753592515599,05:01:55.599,phemex,AEVO/USDT:USDT,0.1085,23372.0,0.1084,657.0,0.1086,15000.0,0.1087,31218.0
1753592515642,05:01:55.642,phemex,AEVO/USDT:USDT,0.1085,23372.0,0.1084,657.0,0.1086,15000.0,0.1087,31218.0
1753592515669,05:01:55.669,phemex,AEVO/USDT:USDT,0.1085,23372.0,0.1084,657.0,0.1086,15644.0,0.1087,31218.0
1753592516475,05:01:56.475,phemex,AEVO/USDT:USDT,0.1085,38372.0,0.1084,657.0,0.1086,15644.0,0.1087,16218.0
1753592517908,05:01:57.908,phemex,AEVO/USDT:USDT,0.1085,38372.0,0.1084,657.0,0.1086,15644.0,0.1087,16218.0
1753592517920,05:01:57.920,phemex,AEVO/USDT:USDT,0.1085,38372.0,0.1084,657.0,0.1086,15644.0,0.1087,16218.0
1753592519196,05:01:59.196,phemex,AEVO/USDT:USDT,0.1085,38372.0,0.1084,657.0,0.1086,15000.0,0.1087,16218.0
1753592519300,05:01:59.300,phemex,AEVO/USDT:USDT,0.1085,38372.0,0.1084,657.0,0.1086,15000.0,0.1087,16218.0
1753592519471,05:01:59.471,phemex,AEVO/USDT:USDT,0.1085,38372.0,0.1084,657.0,0.1086,32380.0,0.1087,644.0
1753592520592,05:02:00.592,phemex,AEVO/USDT:USDT,0.1085,38372.0,0.1084,657.0,0.1086,32380.0,0.1087,644.0
1753592520618,05:02:00.618,phemex,AEVO/USDT:USDT,0.1085,38372.0,0.1084,657.0,0.1086,32380.0,0.1087,644.0
1753592520982,05:02:00.982,phemex,AEVO/USDT:USDT,0.1085,38372.0,0.1084,6972.0,0.1086,32380.0,0.1087,3843.0
1753592522658,05:02:02.658,phemex,AEVO/USDT:USDT,0.1085,15981.0,0.1084,6972.0,0.1086,32380.0,0.1087,3843.0
1753592524093,05:02:04.093,phemex,AEVO/USDT:USDT,0.1085,15981.0,0.1084,6972.0,0.1086,32380.0,0.1087,3843.0
1753592526363,05:02:06.363,phemex,AEVO/USDT:USDT,0.1085,30981.0,0.1084,6972.0,0.1086,32380.0,0.1087,3843.0
1753592526761,05:02:06.761,phemex,AEVO/USDT:USDT,0.1085,30981.0,0.1084,19514.0,0.1086,32380.0,0.1087,3843.0
1753592528949,05:02:08.949,phemex,AEVO/USDT:USDT,0.1085,15981.0,0.1084,19514.0,0.1086,32380.0,0.1087,3843.0
1753592531389,05:02:11.389,phemex,AEVO/USDT:USDT,0.1084,17247.0,0.1083,43512.0,0.1085,17240.0,0.1086,15000.0
1753592531410,05:02:11.410,phemex,AEVO/USDT:USDT,0.1084,17247.0,0.1083,43512.0,0.1085,32240.0,0.1086,3199.0
1753592532297,05:02:12.297,phemex,AEVO/USDT:USDT,0.1084,32247.0,0.1083,43512.0,0.1085,32240.0,0.1086,3199.0
1753592533694,05:02:13.694,phemex,AEVO/USDT:USDT,0.1084,32247.0,0.1083,43512.0,0.1085,32240.0,0.1086,3199.0
1753592534200,05:02:14.200,phemex,AEVO/USDT:USDT,0.1084,32247.0,0.1083,43512.0,0.1085,32240.0,0.1086,3199.0
1753592544254,05:02:24.254,phemex,AEVO/USDT:USDT,0.1084,32247.0,0.1083,56054.0,0.1085,32240.0,0.1086,3199.0
1753592544269,05:02:24.269,phemex,AEVO/USDT:USDT,0.1084,32247.0,0.1083,56054.0,0.1085,17240.0,0.1086,3199.0
1753592544771,05:02:24.771,phemex,AEVO/USDT:USDT,0.1084,32247.0,0.1083,56054.0,0.1085,16589.0,0.1086,3199.0
1753592545152,05:02:25.152,phemex,AEVO/USDT:USDT,0.1084,32247.0,0.1083,56054.0,0.1085,31589.0,0.1086,3199.0
1753592547720,05:02:27.720,phemex,AEVO/USDT:USDT,0.1084,32247.0,0.1083,56054.0,0.1085,30289.0,0.1086,3199.0
1753592550672,05:02:30.672,phemex,AEVO/USDT:USDT,0.1084,32247.0,0.1083,56054.0,0.1085,30199.0,0.1086,3199.0
1753592551091,05:02:31.091,phemex,AEVO/USDT:USDT,0.1084,34092.0,0.1083,43512.0,0.1086,16374.0,0.1087,3843.0
1753592551107,05:02:31.107,phemex,AEVO/USDT:USDT,0.1085,19491.0,0.1084,17502.0,0.1086,17023.0,0.1087,3843.0
1753592551129,05:02:31.129,phemex,AEVO/USDT:USDT,0.1085,19491.0,0.1084,2502.0,0.1086,17023.0,0.1087,3843.0
1753592551281,05:02:31.281,phemex,AEVO/USDT:USDT,0.1085,19491.0,0.1084,2502.0,0.1086,17023.0,0.1087,3843.0
1753592551288,05:02:31.288,phemex,AEVO/USDT:USDT,0.1085,19491.0,0.1084,2502.0,0.1086,17023.0,0.1087,3843.0
1753592552074,05:02:32.074,phemex,AEVO/USDT:USDT,0.1085,19491.0,0.1084,2502.0,0.1086,32023.0,0.1087,3843.0
1753592553063,05:02:33.063,phemex,AEVO/USDT:USDT,0.1085,34491.0,0.1084,2502.0,0.1086,32023.0,0.1087,3843.0
1753592554695,05:02:34.695,phemex,AEVO/USDT:USDT,0.1085,34491.0,0.1084,2502.0,0.1086,32023.0,0.1087,3843.0
1753592554710,05:02:34.710,phemex,AEVO/USDT:USDT,0.1085,34491.0,0.1084,2502.0,0.1086,32023.0,0.1087,3843.0
1753592554762,05:02:34.762,phemex,AEVO/USDT:USDT,0.1085,34491.0,0.1084,2502.0,0.1086,30923.0,0.1087,3843.0
1753592556542,05:02:36.542,phemex,AEVO/USDT:USDT,0.1085,34491.0,0.1084,21359.0,0.1086,30923.0,0.1087,3843.0
1753592557277,05:02:37.277,phemex,AEVO/USDT:USDT,0.1085,34491.0,0.1084,21359.0,0.1086,30803.0,0.1087,3843.0
1753592557439,05:02:37.439,phemex,AEVO/USDT:USDT,0.1085,19491.0,0.1084,21359.0,0.1086,30803.0,0.1087,3843.0
1753592558460,05:02:38.460,phemex,AEVO/USDT:USDT,0.1085,18842.0,0.1084,2502.0,0.1086,30803.0,0.1087,3843.0
1753592558608,05:02:38.608,phemex,AEVO/USDT:USDT,0.1084,16418.0,0.1083,37197.0,0.1086,30803.0,0.1087,3843.0
1753592558625,05:02:38.625,phemex,AEVO/USDT:USDT,0.1084,14573.0,0.1083,29763.0,0.1085,649.0,0.1086,34002.0
1753592558640,05:02:38.640,phemex,AEVO/USDT:USDT,0.1084,14573.0,0.1083,29763.0,0.1085,32651.0,0.1086,18848.0
1753592558708,05:02:38.708,phemex,AEVO/USDT:USDT,0.1084,22015.0,0.1083,29763.0,0.1085,32651.0,0.1086,18848.0
1753592558997,05:02:38.997,phemex,AEVO/USDT:USDT,0.1084,37015.0,0.1083,29763.0,0.1085,32651.0,0.1086,3848.0
1753592559498,05:02:39.498,phemex,AEVO/USDT:USDT,0.1084,37015.0,0.1083,29763.0,0.1085,32651.0,0.1086,3848.0
1753592564294,05:02:44.294,phemex,AEVO/USDT:USDT,0.1084,37015.0,0.1083,29763.0,0.1085,32651.0,0.1086,3848.0
1753592566435,05:02:46.435,phemex,AEVO/USDT:USDT,0.1084,37015.0,0.1083,36078.0,0.1085,32651.0,0.1086,3848.0
1753592566435,05:02:46.435,phemex,AEVO/USDT:USDT,0.1084,37015.0,0.1083,36078.0,0.1085,32651.0,0.1086,3848.0
1753592577302,05:02:57.302,phemex,AEVO/USDT:USDT,0.1084,37015.0,0.1083,48620.0,0.1085,32651.0,0.1086,3848.0
1753592589836,05:03:09.836,phemex,AEVO/USDT:USDT,0.1084,29573.0,0.1083,48620.0,0.1085,32651.0,0.1086,3848.0
1753592589894,05:03:09.894,phemex,AEVO/USDT:USDT,0.1084,14573.0,0.1083,48620.0,0.1085,32651.0,0.1086,3848.0
1753592589988,05:03:09.988,phemex,AEVO/USDT:USDT,0.1084,14573.0,0.1083,56042.0,0.1085,32651.0,0.1086,3848.0
1753592591751,05:03:11.751,phemex,AEVO/USDT:USDT,0.1084,14573.0,0.1083,56042.0,0.1085,32651.0,0.1086,3848.0
1753592594594,05:03:14.594,phemex,AEVO/USDT:USDT,0.1084,29573.0,0.1083,56042.0,0.1085,32651.0,0.1086,3848.0
1753592595144,05:03:15.144,phemex,AEVO/USDT:USDT,0.1084,29573.0,0.1083,56042.0,0.1085,32651.0,0.1086,3848.0
1753592616392,05:03:36.392,phemex,AEVO/USDT:USDT,0.1084,29573.0,0.1083,56042.0,0.1085,32651.0,0.1086,3848.0
1753592616399,05:03:36.399,phemex,AEVO/USDT:USDT,0.1084,29573.0,0.1083,56042.0,0.1085,32651.0,0.1086,3848.0
1753592616814,05:03:36.814,phemex,AEVO/USDT:USDT,0.1084,28916.0,0.1083,56042.0,0.1085,32651.0,0.1086,3848.0
1753592616828,05:03:36.828,phemex,AEVO/USDT:USDT,0.1084,13916.0,0.1083,56042.0,0.1085,32651.0,0.1086,3848.0
1753592618363,05:03:38.363,phemex,AEVO/USDT:USDT,0.1084,13916.0,0.1083,37185.0,0.1085,32651.0,0.1086,3848.0
1753592618656,05:03:38.656,phemex,AEVO/USDT:USDT,0.1084,13916.0,0.1083,37185.0,0.1085,32651.0,0.1086,3848.0
1753592618932,05:03:38.932,phemex,AEVO/USDT:USDT,0.1084,14549.0,0.1083,37185.0,0.1085,32651.0,0.1086,3848.0
1753592620305,05:03:40.305,phemex,AEVO/USDT:USDT,0.1084,29549.0,0.1083,37185.0,0.1085,32651.0,0.1086,3848.0
1753592620638,05:03:40.638,phemex,AEVO/USDT:USDT,0.1084,28916.0,0.1083,37185.0,0.1085,32651.0,0.1086,3848.0
1753592621464,05:03:41.464,phemex,AEVO/USDT:USDT,0.1084,29564.0,0.1083,37185.0,0.1085,32651.0,0.1086,3848.0
1753592623334,05:03:43.334,phemex,AEVO/USDT:USDT,0.1084,28916.0,0.1083,37185.0,0.1085,32651.0,0.1086,3848.0
1753592623357,05:03:43.357,phemex,AEVO/USDT:USDT,0.1084,13916.0,0.1083,37185.0,0.1085,32651.0,0.1086,3848.0
1753592623773,05:03:43.773,phemex,AEVO/USDT:USDT,0.1084,13721.0,0.1083,37185.0,0.1085,32651.0,0.1086,3848.0
1753592626459,05:03:46.459,phemex,AEVO/USDT:USDT,0.1084,14369.0,0.1083,37185.0,0.1085,32651.0,0.1086,3848.0
1753592626640,05:03:46.640,phemex,AEVO/USDT:USDT,0.1084,13721.0,0.1083,37185.0,0.1085,32651.0,0.1086,3848.0
1753592626712,05:03:46.712,phemex,AEVO/USDT:USDT,0.1084,13721.0,0.1083,56042.0,0.1085,32651.0,0.1086,3848.0
1753592627453,05:03:47.453,phemex,AEVO/USDT:USDT,0.1084,14369.0,0.1083,56042.0,0.1085,32651.0,0.1086,3848.0
1753592629204,05:03:49.204,phemex,AEVO/USDT:USDT,0.1084,29369.0,0.1083,56042.0,0.1085,32651.0,0.1086,3848.0
1753592629795,05:03:49.795,phemex,AEVO/USDT:USDT,0.1084,29369.0,0.1083,56042.0,0.1085,32651.0,0.1086,3848.0
1753592630491,05:03:50.491,phemex,AEVO/USDT:USDT,0.1084,29369.0,0.1083,56042.0,0.1085,32651.0,0.1086,3848.0
1753592630871,05:03:50.871,phemex,AEVO/USDT:USDT,0.1084,29369.0,0.1083,56042.0,0.1085,32651.0,0.1086,3848.0
1753592631664,05:03:51.664,phemex,AEVO/USDT:USDT,0.1084,29369.0,0.1083,56042.0,0.1085,32651.0,0.1086,3848.0
1753592631840,05:03:51.840,phemex,AEVO/USDT:USDT,0.1084,29309.0,0.1083,56042.0,0.1085,32651.0,0.1086,3848.0
1753592632479,05:03:52.479,phemex,AEVO/USDT:USDT,0.1084,29309.0,0.1083,43500.0,0.1085,32651.0,0.1086,3848.0
1753592632789,05:03:52.789,phemex,AEVO/USDT:USDT,0.1084,29249.0,0.1083,43500.0,0.1085,32651.0,0.1086,3848.0
1753592632789,05:03:52.789,phemex,AEVO/USDT:USDT,0.1084,29249.0,0.1083,43500.0,0.1085,32651.0,0.1086,3848.0
1753592637482,05:03:57.482,phemex,AEVO/USDT:USDT,0.1084,29249.0,0.1083,56042.0,0.1085,32651.0,0.1086,3848.0
1753592643533,05:04:03.533,phemex,AEVO/USDT:USDT,0.1084,29249.0,0.1083,56042.0,0.1085,32651.0,0.1086,3848.0
1753592643538,05:04:03.538,phemex,AEVO/USDT:USDT,0.1084,29249.0,0.1083,56042.0,0.1085,32651.0,0.1086,3848.0
1753592653120,05:04:13.120,phemex,AEVO/USDT:USDT,0.1084,29229.0,0.1083,56042.0,0.1085,32651.0,0.1086,3848.0
1753592663906,05:04:23.906,phemex,AEVO/USDT:USDT,0.1084,29229.0,0.1083,56042.0,0.1085,17651.0,0.1086,3848.0
1753592664111,05:04:24.111,phemex,AEVO/USDT:USDT,0.1084,29229.0,0.1083,56042.0,0.1085,17651.0,0.1086,3848.0
1753592665362,05:04:25.362,phemex,AEVO/USDT:USDT,0.1085,14654.0,0.1084,17493.0,0.1086,18585.0,0.1087,3843.0
1753592665372,05:04:25.372,phemex,AEVO/USDT:USDT,0.1085,14654.0,0.1084,2493.0,0.1086,18585.0,0.1087,3843.0
1753592665381,05:04:25.381,phemex,AEVO/USDT:USDT,0.1085,30288.0,0.1084,2493.0,0.1086,17936.0,0.1087,3843.0
1753592665800,05:04:25.800,phemex,AEVO/USDT:USDT,0.1085,30288.0,0.1084,2493.0,0.1086,32936.0,0.1087,3843.0
1753592669207,05:04:29.207,phemex,AEVO/USDT:USDT,0.1085,30288.0,0.1084,2493.0,0.1086,32936.0,0.1087,3843.0
1753592670093,05:04:30.093,phemex,AEVO/USDT:USDT,0.1085,30288.0,0.1084,2493.0,0.1086,32936.0,0.1087,3843.0
1753592670101,05:04:30.101,phemex,AEVO/USDT:USDT,0.1085,30288.0,0.1084,2493.0,0.1086,32936.0,0.1087,3843.0
1753592670538,05:04:30.538,phemex,AEVO/USDT:USDT,0.1085,30288.0,0.1084,8808.0,0.1086,32936.0,0.1087,5433.0
1753592671311,05:04:31.311,phemex,AEVO/USDT:USDT,0.1085,30211.0,0.1084,8808.0,0.1086,32936.0,0.1087,5433.0
1753592678316,05:04:38.316,phemex,AEVO/USDT:USDT,0.1085,30211.0,0.1084,2493.0,0.1086,32936.0,0.1087,3843.0
1753592679772,05:04:39.772,phemex,AEVO/USDT:USDT,0.1085,30211.0,0.1084,2493.0,0.1086,32912.0,0.1087,3843.0
1753592679772,05:04:39.772,phemex,AEVO/USDT:USDT,0.1085,30211.0,0.1084,2493.0,0.1086,32912.0,0.1087,3843.0
1753592694544,05:04:54.544,phemex,AEVO/USDT:USDT,0.1085,30211.0,0.1084,8808.0,0.1086,32912.0,0.1087,5433.0
1753592695664,05:04:55.664,phemex,AEVO/USDT:USDT,0.1085,30179.0,0.1084,8808.0,0.1086,32912.0,0.1087,5433.0
1753592701216,05:05:01.216,phemex,AEVO/USDT:USDT,0.1085,30179.0,0.1084,8808.0,0.1086,32392.0,0.1087,5433.0
1753592703194,05:05:03.194,phemex,AEVO/USDT:USDT,0.1085,30179.0,0.1084,8808.0,0.1086,32379.0,0.1087,5433.0
1753592706656,05:05:06.656,phemex,AEVO/USDT:USDT,0.1085,30179.0,0.1084,8808.0,0.1086,32379.0,0.1087,5433.0
1753592706875,05:05:06.875,phemex,AEVO/USDT:USDT,0.1085,14545.0,0.1084,8808.0,0.1086,32379.0,0.1087,5433.0
1753592706903,05:05:06.903,phemex,AEVO/USDT:USDT,0.1085,6136.0,0.1084,17346.0,0.1086,32379.0,0.1087,5433.0
1753592706903,05:05:06.903,phemex,AEVO/USDT:USDT,0.1084,26697.0,0.1083,49727.0,0.1086,32379.0,0.1087,5433.0
1753592706934,05:05:06.934,phemex,AEVO/USDT:USDT,0.1084,18537.0,0.1083,37185.0,0.1086,32379.0,0.1087,3843.0
1753592706957,05:05:06.957,phemex,AEVO/USDT:USDT,0.1084,18537.0,0.1083,37185.0,0.1086,32379.0,0.1087,644.0
1753592706977,05:05:06.977,phemex,AEVO/USDT:USDT,0.1084,18537.0,0.1083,37185.0,0.1085,643.0,0.1086,32379.0
1753592706997,05:05:06.997,phemex,AEVO/USDT:USDT,0.1084,18537.0,0.1083,37185.0,0.1085,15643.0,0.1086,20578.0
1753592707078,05:05:07.078,phemex,AEVO/USDT:USDT,0.1084,18537.0,0.1083,37185.0,0.1085,31124.0,0.1086,3199.0
1753592707087,05:05:07.087,phemex,AEVO/USDT:USDT,0.1084,18537.0,0.1083,37185.0,0.1085,31124.0,0.1086,3199.0
1753592707335,05:05:07.335,phemex,AEVO/USDT:USDT,0.1084,33537.0,0.1083,37185.0,0.1085,31124.0,0.1086,3199.0
1753592708085,05:05:08.085,phemex,AEVO/USDT:USDT,0.1084,33537.0,0.1083,37185.0,0.1085,30481.0,0.1086,3199.0
1753592709548,05:05:09.548,phemex,AEVO/USDT:USDT,0.1084,33537.0,0.1083,37185.0,0.1085,15481.0,0.1086,3199.0
1753592709623,05:05:09.623,phemex,AEVO/USDT:USDT,0.1084,33537.0,0.1083,37185.0,0.1086,17772.0,0.1087,3843.0
1753592709639,05:05:09.639,phemex,AEVO/USDT:USDT,0.1084,33537.0,0.1083,37185.0,0.1086,18432.0,0.1087,3843.0
1753592709659,05:05:09.659,phemex,AEVO/USDT:USDT,0.1085,660.0,0.1084,35382.0,0.1086,18432.0,0.1087,3843.0
1753592709677,05:05:09.677,phemex,AEVO/USDT:USDT,0.1085,15660.0,0.1084,20382.0,0.1086,18432.0,0.1087,3843.0
1753592710300,05:05:10.300,phemex,AEVO/USDT:USDT,0.1085,15660.0,0.1084,20382.0,0.1086,33432.0,0.1087,3843.0
1753592712395,05:05:12.395,phemex,AEVO/USDT:USDT,0.1085,15660.0,0.1084,20382.0,0.1086,33432.0,0.1087,3843.0
1753592712402,05:05:12.402,phemex,AEVO/USDT:USDT,0.1085,15660.0,0.1084,20382.0,0.1086,33432.0,0.1087,3843.0
1753592712807,05:05:12.807,phemex,AEVO/USDT:USDT,0.1085,15660.0,0.1084,20382.0,0.1086,33162.0,0.1087,3843.0
1753592713083,05:05:13.083,phemex,AEVO/USDT:USDT,0.1085,15000.0,0.1084,20382.0,0.1086,33162.0,0.1087,3843.0
1753592713163,05:05:13.163,phemex,AEVO/USDT:USDT,0.1085,19754.0,0.1084,2493.0,0.1086,33162.0,0.1087,3843.0
1753592714254,05:05:14.254,phemex,AEVO/USDT:USDT,0.1085,34754.0,0.1084,2493.0,0.1086,33162.0,0.1087,3843.0
1753592714669,05:05:14.669,phemex,AEVO/USDT:USDT,0.1085,34754.0,0.1084,2493.0,0.1086,33162.0,0.1087,3843.0
1753592717751,05:05:17.751,phemex,AEVO/USDT:USDT,0.1085,34754.0,0.1084,2493.0,0.1086,33133.0,0.1087,3843.0
1753592721551,05:05:21.551,phemex,AEVO/USDT:USDT,0.1085,34754.0,0.1084,2493.0,0.1086,33133.0,0.1087,3843.0
1753592721588,05:05:21.588,phemex,AEVO/USDT:USDT,0.1085,34754.0,0.1084,8808.0,0.1086,33133.0,0.1087,5433.0
1753592726514,05:05:26.514,phemex,AEVO/USDT:USDT,0.1085,19754.0,0.1084,8808.0,0.1086,33133.0,0.1087,5433.0
1753592726845,05:05:26.845,phemex,AEVO/USDT:USDT,0.1085,19754.0,0.1084,8808.0,0.1086,33133.0,0.1087,5433.0
1753592726924,05:05:26.924,phemex,AEVO/USDT:USDT,0.1084,27860.0,0.1083,49727.0,0.1086,33133.0,0.1087,5433.0
1753592726943,05:05:26.943,phemex,AEVO/USDT:USDT,0.1084,21545.0,0.1083,43500.0,0.1085,665.0,0.1086,36332.0
1753592726944,05:05:26.944,phemex,AEVO/USDT:USDT,0.1084,21545.0,0.1083,43500.0,0.1085,665.0,0.1086,36332.0
1753592726976,05:05:26.976,phemex,AEVO/USDT:USDT,0.1084,21545.0,0.1083,43500.0,0.1086,36332.0,0.1087,644.0
1753592726993,05:05:26.993,phemex,AEVO/USDT:USDT,0.1084,19700.0,0.1083,43500.0,0.1085,665.0,0.1086,36332.0
1753592727084,05:05:27.084,phemex,AEVO/USDT:USDT,0.1084,19700.0,0.1083,43500.0,0.1086,36332.0,0.1087,644.0
1753592727093,05:05:27.093,phemex,AEVO/USDT:USDT,0.1084,19700.0,0.1083,43500.0,0.1085,665.0,0.1086,36332.0
1753592727131,05:05:27.131,phemex,AEVO/USDT:USDT,0.1084,19700.0,0.1083,43500.0,0.1085,14485.0,0.1086,18859.0
1753592727206,05:05:27.206,phemex,AEVO/USDT:USDT,0.1084,19700.0,0.1083,43500.0,0.1085,29485.0,0.1086,18859.0
1753592727209,05:05:27.209,phemex,AEVO/USDT:USDT,0.1084,19700.0,0.1083,43500.0,0.1085,29485.0,0.1086,3859.0
1753592728079,05:05:28.079,phemex,AEVO/USDT:USDT,0.1084,19700.0,0.1083,43500.0,0.1085,28820.0,0.1086,3859.0
1753592728098,05:05:28.098,phemex,AEVO/USDT:USDT,0.1084,34700.0,0.1083,43500.0,0.1085,28820.0,0.1086,3859.0
1753592728599,05:05:28.599,phemex,AEVO/USDT:USDT,0.1084,36545.0,0.1083,56042.0,0.1086,16117.0,0.1087,644.0
1753592728606,05:05:28.606,phemex,AEVO/USDT:USDT,0.1085,665.0,0.1084,36545.0,0.1086,16117.0,0.1087,3843.0
1753592728668,05:05:28.668,phemex,AEVO/USDT:USDT,0.1085,665.0,0.1084,21545.0,0.1086,16117.0,0.1087,3843.0
1753592728732,05:05:28.732,phemex,AEVO/USDT:USDT,0.1084,21545.0,0.1083,43500.0,0.1086,16117.0,0.1087,3843.0
1753592728747,05:05:28.747,phemex,AEVO/USDT:USDT,0.1085,665.0,0.1084,21545.0,0.1086,19316.0,0.1087,644.0
1753592728883,05:05:28.883,phemex,AEVO/USDT:USDT,0.1085,665.0,0.1084,21545.0,0.1086,19316.0,0.1087,644.0
1753592728963,05:05:28.963,phemex,AEVO/USDT:USDT,0.1084,21545.0,0.1083,43500.0,0.1086,19316.0,0.1087,644.0
1753592728995,05:05:28.995,phemex,AEVO/USDT:USDT,0.1085,665.0,0.1084,21545.0,0.1086,16117.0,0.1087,3843.0
1753592729087,05:05:29.087,phemex,AEVO/USDT:USDT,0.1085,665.0,0.1084,21545.0,0.1086,31117.0,0.1087,3843.0
1753592729141,05:05:29.141,phemex,AEVO/USDT:USDT,0.1084,21545.0,0.1083,56042.0,0.1086,31117.0,0.1087,3843.0
1753592729170,05:05:29.170,phemex,AEVO/USDT:USDT,0.1085,665.0,0.1084,21545.0,0.1086,31117.0,0.1087,3843.0
1753592729228,05:05:29.228,phemex,AEVO/USDT:USDT,0.1085,659.0,0.1084,19700.0,0.1086,31117.0,0.1087,3843.0
1753592729254,05:05:29.254,phemex,AEVO/USDT:USDT,0.1084,19700.0,0.1083,43500.0,0.1086,31117.0,0.1087,3843.0
1753592729291,05:05:29.291,phemex,AEVO/USDT:USDT,0.1085,659.0,0.1084,21545.0,0.1086,31117.0,0.1087,3843.0
1753592729312,05:05:29.312,phemex,AEVO/USDT:USDT,0.1084,21545.0,0.1083,43500.0,0.1086,31117.0,0.1087,3843.0
1753592729356,05:05:29.356,phemex,AEVO/USDT:USDT,0.1085,659.0,0.1084,21545.0,0.1086,31117.0,0.1087,3843.0
1753592729372,05:05:29.372,phemex,AEVO/USDT:USDT,0.1084,21545.0,0.1083,56042.0,0.1086,31117.0,0.1087,3843.0
1753592729453,05:05:29.453,phemex,AEVO/USDT:USDT,0.1084,21545.0,0.1083,56042.0,0.1086,31117.0,0.1087,3843.0
1753592729477,05:05:29.477,phemex,AEVO/USDT:USDT,0.1084,21545.0,0.1083,56042.0,0.1086,31117.0,0.1087,3843.0
1753592729714,05:05:29.714,phemex,AEVO/USDT:USDT,0.1085,659.0,0.1084,21545.0,0.1086,31117.0,0.1087,3843.0
1753592729737,05:05:29.737,phemex,AEVO/USDT:USDT,0.1084,21545.0,0.1083,56042.0,0.1086,31117.0,0.1087,3843.0
1753592729777,05:05:29.777,phemex,AEVO/USDT:USDT,0.1084,21545.0,0.1083,56042.0,0.1086,31117.0,0.1087,3843.0
1753592730065,05:05:30.065,phemex,AEVO/USDT:USDT,0.1085,659.0,0.1084,21545.0,0.1086,31117.0,0.1087,3843.0
1753592730099,05:05:30.099,phemex,AEVO/USDT:USDT,0.1084,21545.0,0.1083,56042.0,0.1086,31117.0,0.1087,3843.0
1753592730141,05:05:30.141,phemex,AEVO/USDT:USDT,0.1085,659.0,0.1084,21545.0,0.1086,31117.0,0.1087,3843.0
1753592730218,05:05:30.218,phemex,AEVO/USDT:USDT,0.1084,21545.0,0.1083,56042.0,0.1086,31117.0,0.1087,3843.0
1753592730242,05:05:30.242,phemex,AEVO/USDT:USDT,0.1085,659.0,0.1084,21545.0,0.1086,31117.0,0.1087,3843.0
1753592730515,05:05:30.515,phemex,AEVO/USDT:USDT,0.1084,21545.0,0.1083,56042.0,0.1086,31117.0,0.1087,3843.0
1753592730566,05:05:30.566,phemex,AEVO/USDT:USDT,0.1085,659.0,0.1084,21545.0,0.1086,31117.0,0.1087,3843.0
1753592730996,05:05:30.996,phemex,AEVO/USDT:USDT,0.1084,21545.0,0.1083,56042.0,0.1086,31117.0,0.1087,3843.0
1753592731010,05:05:31.010,phemex,AEVO/USDT:USDT,0.1085,659.0,0.1084,21545.0,0.1086,31117.0,0.1087,3843.0
1753592731633,05:05:31.633,phemex,AEVO/USDT:USDT,0.1084,21545.0,0.1083,56042.0,0.1086,31117.0,0.1087,3843.0
1753592731653,05:05:31.653,phemex,AEVO/USDT:USDT,0.1085,659.0,0.1084,21545.0,0.1086,31117.0,0.1087,3843.0
1753592732255,05:05:32.255,phemex,AEVO/USDT:USDT,0.1085,18463.0,0.1084,2493.0,0.1086,31117.0,0.1087,3843.0
1753592734031,05:05:34.031,phemex,AEVO/USDT:USDT,0.1085,33463.0,0.1084,2493.0,0.1086,31117.0,0.1087,3843.0
1753592736930,05:05:36.930,phemex,AEVO/USDT:USDT,0.1085,33463.0,0.1084,2493.0,0.1086,31117.0,0.1087,3843.0
1753592742534,05:05:42.534,phemex,AEVO/USDT:USDT,0.1085,33463.0,0.1084,2493.0,0.1086,31117.0,0.1087,3843.0
1753592742540,05:05:42.540,phemex,AEVO/USDT:USDT,0.1085,33463.0,0.1084,8808.0,0.1086,31117.0,0.1087,5433.0
1753592742540,05:05:42.540,phemex,AEVO/USDT:USDT,0.1085,33463.0,0.1084,8808.0,0.1086,31117.0,0.1087,5433.0
1753592759040,05:05:59.040,phemex,AEVO/USDT:USDT,0.1085,33463.0,0.1084,8808.0,0.1086,31117.0,0.1087,5433.0
1753592760534,05:06:00.534,phemex,AEVO/USDT:USDT,0.1085,33463.0,0.1084,8808.0,0.1086,31117.0,0.1087,5433.0
1753592760540,05:06:00.540,phemex,AEVO/USDT:USDT,0.1085,33463.0,0.1084,8808.0,0.1086,31117.0,0.1087,5433.0
1753592769607,05:06:09.607,phemex,AEVO/USDT:USDT,0.1085,33463.0,0.1084,8808.0,0.1087,23425.0,0.1088,13292.0
1753592769621,05:06:09.621,phemex,AEVO/USDT:USDT,0.1085,33463.0,0.1084,2493.0,0.1087,18636.0,0.1088,641.0
1753592769646,05:06:09.646,phemex,AEVO/USDT:USDT,0.1085,33463.0,0.1084,2493.0,0.1087,33636.0,0.1088,641.0
1753592769653,05:06:09.653,phemex,AEVO/USDT:USDT,0.1085,33463.0,0.1084,2493.0,0.1087,33636.0,0.1088,5430.0
1753592769681,05:06:09.681,phemex,AEVO/USDT:USDT,0.1085,33463.0,0.1084,2493.0,0.1087,33636.0,0.1088,5430.0
1753592769698,05:06:09.698,phemex,AEVO/USDT:USDT,0.1086,17179.0,0.1085,15659.0,0.1087,33636.0,0.1088,5430.0
1753592769730,05:06:09.730,phemex,AEVO/USDT:USDT,0.1085,36393.0,0.1084,2493.0,0.1087,33636.0,0.1088,5430.0
1753592769739,05:06:09.739,phemex,AEVO/USDT:USDT,0.1085,36393.0,0.1084,2493.0,0.1087,33636.0,0.1088,2231.0
1753592769758,05:06:09.758,phemex,AEVO/USDT:USDT,0.1085,36393.0,0.1084,2493.0,0.1086,659.0,0.1087,36835.0
1753592769789,05:06:09.789,phemex,AEVO/USDT:USDT,0.1085,36393.0,0.1084,2493.0,0.1087,36835.0,0.1088,14882.0
1753592769805,05:06:09.805,phemex,AEVO/USDT:USDT,0.1085,36393.0,0.1084,2493.0,0.1086,659.0,0.1087,36835.0
1753592769826,05:06:09.826,phemex,AEVO/USDT:USDT,0.1085,36393.0,0.1084,2493.0,0.1087,36835.0,0.1088,2231.0
1753592769868,05:06:09.868,phemex,AEVO/USDT:USDT,0.1085,36393.0,0.1084,2493.0,0.1086,659.0,0.1087,36835.0
1753592769931,05:06:09.931,phemex,AEVO/USDT:USDT,0.1085,36393.0,0.1084,2493.0,0.1086,659.0,0.1087,36835.0
1753592769939,05:06:09.939,phemex,AEVO/USDT:USDT,0.1085,36393.0,0.1084,2493.0,0.1087,36835.0,0.1088,14882.0
1753592769959,05:06:09.959,phemex,AEVO/USDT:USDT,0.1085,36393.0,0.1084,2493.0,0.1086,659.0,0.1087,36835.0
1753592769988,05:06:09.988,phemex,AEVO/USDT:USDT,0.1085,36393.0,0.1084,2493.0,0.1087,36835.0,0.1088,14882.0
1753592770022,05:06:10.022,phemex,AEVO/USDT:USDT,0.1085,36393.0,0.1084,2493.0,0.1086,659.0,0.1087,36835.0
1753592770029,05:06:10.029,phemex,AEVO/USDT:USDT,0.1085,36393.0,0.1084,2493.0,0.1086,659.0,0.1087,36835.0
1753592770075,05:06:10.075,phemex,AEVO/USDT:USDT,0.1085,21393.0,0.1084,2493.0,0.1086,659.0,0.1087,21835.0
1753592770078,05:06:10.078,phemex,AEVO/USDT:USDT,0.1085,21393.0,0.1084,2493.0,0.1086,15659.0,0.1087,21835.0
1753592770451,05:06:10.451,phemex,AEVO/USDT:USDT,0.1085,21393.0,0.1084,2493.0,0.1086,15659.0,0.1087,21835.0
1753592770465,05:06:10.465,phemex,AEVO/USDT:USDT,0.1085,21393.0,0.1084,2493.0,0.1086,15659.0,0.1087,21835.0
1753592770546,05:06:10.546,phemex,AEVO/USDT:USDT,0.1085,21393.0,0.1084,2493.0,0.1086,15000.0,0.1087,21835.0
1753592770647,05:06:10.647,phemex,AEVO/USDT:USDT,0.1085,38236.0,0.1084,648.0,0.1087,18636.0,0.1088,2231.0
1753592770677,05:06:10.677,phemex,AEVO/USDT:USDT,0.1086,659.0,0.1085,38236.0,0.1087,18636.0,0.1088,5430.0
1753592770704,05:06:10.704,phemex,AEVO/USDT:USDT,0.1085,23236.0,0.1084,648.0,0.1087,18636.0,0.1088,5430.0
1753592770749,05:06:10.749,phemex,AEVO/USDT:USDT,0.1086,659.0,0.1085,23236.0,0.1087,18636.0,0.1088,5430.0
1753592770795,05:06:10.795,phemex,AEVO/USDT:USDT,0.1085,21393.0,0.1084,648.0,0.1087,21835.0,0.1088,2231.0
1753592770927,05:06:10.927,phemex,AEVO/USDT:USDT,0.1085,21393.0,0.1084,648.0,0.1087,21835.0,0.1088,2231.0
1753592771308,05:06:11.308,phemex,AEVO/USDT:USDT,0.1085,21393.0,0.1084,648.0,0.1086,659.0,0.1087,21835.0
1753592771339,05:06:11.339,phemex,AEVO/USDT:USDT,0.1085,21393.0,0.1084,648.0,0.1086,15000.0,0.1087,21835.0
1753592771609,05:06:11.609,phemex,AEVO/USDT:USDT,0.1085,36393.0,0.1084,648.0,0.1086,15000.0,0.1087,21835.0
1753592772639,05:06:12.639,phemex,AEVO/USDT:USDT,0.1086,659.0,0.1085,38236.0,0.1087,18636.0,0.1088,5430.0
1753592772660,05:06:12.660,phemex,AEVO/USDT:USDT,0.1086,659.0,0.1085,23236.0,0.1087,18636.0,0.1088,5430.0
1753592772874,05:06:12.874,phemex,AEVO/USDT:USDT,0.1086,659.0,0.1085,23236.0,0.1087,18636.0,0.1088,5430.0
1753592772960,05:06:12.960,phemex,AEVO/USDT:USDT,0.1085,30637.0,0.1084,648.0,0.1087,18636.0,0.1088,5430.0
1753592772985,05:06:12.985,phemex,AEVO/USDT:USDT,0.1086,659.0,0.1085,30637.0,0.1087,18636.0,0.1088,5430.0
1753592773587,05:06:13.587,phemex,AEVO/USDT:USDT,0.1086,659.0,0.1085,30637.0,0.1087,33636.0,0.1088,5430.0
1753592774756,05:06:14.756,phemex,AEVO/USDT:USDT,0.1086,17406.0,0.1085,9903.0,0.1087,33636.0,0.1088,5430.0
1753592774778,05:06:14.778,phemex,AEVO/USDT:USDT,0.1086,17406.0,0.1085,9903.0,0.1087,33636.0,0.1088,5430.0
1753592779493,05:06:19.493,phemex,AEVO/USDT:USDT,0.1085,27101.0,0.1084,648.0,0.1087,33636.0,0.1088,2231.0
1753592779538,05:06:19.538,phemex,AEVO/USDT:USDT,0.1085,40258.0,0.1084,648.0,0.1086,17979.0,0.1087,18843.0
1753592779555,05:06:19.555,phemex,AEVO/USDT:USDT,0.1085,40258.0,0.1084,648.0,0.1086,17979.0,0.1087,3843.0
1753592779559,05:06:19.559,phemex,AEVO/USDT:USDT,0.1085,40258.0,0.1084,648.0,0.1086,17979.0,0.1087,3843.0
1753592780125,05:06:20.125,phemex,AEVO/USDT:USDT,0.1085,40258.0,0.1084,648.0,0.1087,18294.0,0.1088,14882.0
1753592780161,05:06:20.161,phemex,AEVO/USDT:USDT,0.1085,40258.0,0.1084,648.0,0.1087,15095.0,0.1088,14882.0
1753592780198,05:06:20.198,phemex,AEVO/USDT:USDT,0.1086,659.0,0.1085,40258.0,0.1087,15095.0,0.1088,14882.0
1753592780247,05:06:20.247,phemex,AEVO/USDT:USDT,0.1086,15659.0,0.1085,25258.0,0.1087,15095.0,0.1088,14882.0
1753592780362,05:06:20.362,phemex,AEVO/USDT:USDT,0.1086,15659.0,0.1085,27101.0,0.1087,15095.0,0.1088,2231.0
1753592780508,05:06:20.508,phemex,AEVO/USDT:USDT,0.1086,15659.0,0.1085,27101.0,0.1087,30095.0,0.1088,2231.0
1753592780682,05:06:20.682,phemex,AEVO/USDT:USDT,0.1086,15659.0,0.1085,27101.0,0.1087,30095.0,0.1088,5430.0
1753592780711,05:06:20.711,phemex,AEVO/USDT:USDT,0.1086,15659.0,0.1085,27101.0,0.1087,30095.0,0.1088,5430.0
1753592781731,05:06:21.731,phemex,AEVO/USDT:USDT,0.1086,15659.0,0.1085,27101.0,0.1087,30095.0,0.1088,5430.0
1753592782470,05:06:22.470,phemex,AEVO/USDT:USDT,0.1086,15659.0,0.1085,27101.0,0.1087,30095.0,0.1088,5430.0
1753592782522,05:06:22.522,phemex,AEVO/USDT:USDT,0.1086,15659.0,0.1085,27101.0,0.1087,30095.0,0.1088,5430.0
1753592782647,05:06:22.647,phemex,AEVO/USDT:USDT,0.1086,15659.0,0.1085,27101.0,0.1087,30095.0,0.1088,5430.0
1753592782711,05:06:22.711,phemex,AEVO/USDT:USDT,0.1086,15659.0,0.1085,27101.0,0.1087,30095.0,0.1088,5430.0
1753592784541,05:06:24.541,phemex,AEVO/USDT:USDT,0.1086,15659.0,0.1085,27101.0,0.1087,30095.0,0.1088,18081.0
1753592784707,05:06:24.707,phemex,AEVO/USDT:USDT,0.1086,34201.0,0.1085,29078.0,0.1087,30095.0,0.1088,18081.0
1753592784728,05:06:24.728,phemex,AEVO/USDT:USDT,0.1086,34201.0,0.1085,29078.0,0.1087,30095.0,0.1088,18081.0
1753592785456,05:06:25.456,phemex,AEVO/USDT:USDT,0.1086,34201.0,0.1085,29078.0,0.1087,30095.0,0.1088,18081.0
1753592785473,05:06:25.473,phemex,AEVO/USDT:USDT,0.1086,34201.0,0.1085,29078.0,0.1087,30095.0,0.1088,18081.0
1753592788628,05:06:28.628,phemex,AEVO/USDT:USDT,0.1086,34201.0,0.1085,29078.0,0.1087,30095.0,0.1088,18081.0
1753592788672,05:06:28.672,phemex,AEVO/USDT:USDT,0.1086,34201.0,0.1085,29078.0,0.1087,30095.0,0.1088,18081.0
1753592793658,05:06:33.658,phemex,AEVO/USDT:USDT,0.1086,34201.0,0.1085,29078.0,0.1087,30095.0,0.1088,18081.0
1753592793714,05:06:33.714,phemex,AEVO/USDT:USDT,0.1086,34201.0,0.1085,29078.0,0.1087,30095.0,0.1088,18081.0
1753592796032,05:06:36.032,phemex,AEVO/USDT:USDT,0.1086,34201.0,0.1085,29078.0,0.1087,30095.0,0.1088,18081.0
1753592796195,05:06:36.195,phemex,AEVO/USDT:USDT,0.1086,19201.0,0.1085,29078.0,0.1087,30095.0,0.1088,18081.0
1753592796856,05:06:36.856,phemex,AEVO/USDT:USDT,0.1086,18542.0,0.1085,29078.0,0.1087,30095.0,0.1088,18081.0
1753592798286,05:06:38.286,phemex,AEVO/USDT:USDT,0.1085,19395.0,0.1084,6963.0,0.1087,30095.0,0.1088,18081.0
1753592798308,05:06:38.308,phemex,AEVO/USDT:USDT,0.1085,34395.0,0.1084,6963.0,0.1086,33243.0,0.1087,15644.0
1753592798330,05:06:38.330,phemex,AEVO/USDT:USDT,0.1085,34395.0,0.1084,6963.0,0.1086,33243.0,0.1087,3843.0
1753592798342,05:06:38.342,phemex,AEVO/USDT:USDT,0.1085,32552.0,0.1084,6963.0,0.1086,33894.0,0.1087,3843.0
1753592798368,05:06:38.368,phemex,AEVO/USDT:USDT,0.1085,32552.0,0.1084,6963.0,0.1086,33894.0,0.1087,3843.0
1753592798381,05:06:38.381,phemex,AEVO/USDT:USDT,0.1085,32552.0,0.1084,6963.0,0.1086,33894.0,0.1087,3843.0
1753592798455,05:06:38.455,phemex,AEVO/USDT:USDT,0.1085,32552.0,0.1084,6963.0,0.1086,33894.0,0.1087,5433.0
1753592799704,05:06:39.704,phemex,AEVO/USDT:USDT,0.1085,32552.0,0.1084,6963.0,0.1086,33894.0,0.1087,5433.0
1753592800658,05:06:40.658,phemex,AEVO/USDT:USDT,0.1085,32552.0,0.1084,6963.0,0.1086,33894.0,0.1087,5433.0
1753592800680,05:06:40.680,phemex,AEVO/USDT:USDT,0.1085,32552.0,0.1084,6963.0,0.1086,33894.0,0.1087,5433.0
1753592805248,05:06:45.248,phemex,AEVO/USDT:USDT,0.1085,32552.0,0.1084,6963.0,0.1086,33243.0,0.1087,5433.0
1753592805258,05:06:45.258,phemex,AEVO/USDT:USDT,0.1085,32552.0,0.1084,6963.0,0.1086,18243.0,0.1087,5433.0
1753592805589,05:06:45.589,phemex,AEVO/USDT:USDT,0.1086,7527.0,0.1085,33386.0,0.1087,17994.0,0.1088,641.0
1753592805613,05:06:45.613,phemex,AEVO/USDT:USDT,0.1086,8179.0,0.1085,18386.0,0.1087,17994.0,0.1088,3840.0
1753592805635,05:06:45.635,phemex,AEVO/USDT:USDT,0.1086,8179.0,0.1085,20229.0,0.1087,17994.0,0.1088,3840.0
1753592805692,05:06:45.692,phemex,AEVO/USDT:USDT,0.1085,30722.0,0.1084,648.0,0.1087,17994.0,0.1088,3840.0
1753592805694,05:06:45.694,phemex,AEVO/USDT:USDT,0.1085,30722.0,0.1084,648.0,0.1087,17994.0,0.1088,641.0
1753592805734,05:06:45.734,phemex,AEVO/USDT:USDT,0.1085,30722.0,0.1084,648.0,0.1087,17994.0,0.1088,3840.0
1753592805739,05:06:45.739,phemex,AEVO/USDT:USDT,0.1085,28879.0,0.1084,648.0,0.1087,17994.0,0.1088,3840.0
1753592806218,05:06:46.218,phemex,AEVO/USDT:USDT,0.1085,43879.0,0.1084,648.0,0.1087,32994.0,0.1088,3840.0
1753592806345,05:06:46.345,phemex,AEVO/USDT:USDT,0.1085,43879.0,0.1084,648.0,0.1086,652.0,0.1087,32994.0
1753592806369,05:06:46.369,phemex,AEVO/USDT:USDT,0.1085,43879.0,0.1084,648.0,0.1086,15000.0,0.1087,21193.0
1753592807100,05:06:47.100,phemex,AEVO/USDT:USDT,0.1085,43879.0,0.1084,648.0,0.1086,15652.0,0.1087,21193.0
1753592810100,05:06:50.100,phemex,AEVO/USDT:USDT,0.1085,43879.0,0.1084,648.0,0.1086,15652.0,0.1087,21193.0
1753592810675,05:06:50.675,phemex,AEVO/USDT:USDT,0.1085,43879.0,0.1084,648.0,0.1086,32936.0,0.1087,3843.0
1753592811357,05:06:51.357,phemex,AEVO/USDT:USDT,0.1085,36478.0,0.1084,648.0,0.1086,32936.0,0.1087,3843.0
1753592811492,05:06:51.492,phemex,AEVO/USDT:USDT,0.1085,36478.0,0.1084,8045.0,0.1086,32936.0,0.1087,3843.0
1753592811535,05:06:51.535,phemex,AEVO/USDT:USDT,0.1085,36478.0,0.1084,8045.0,0.1086,32936.0,0.1087,3843.0
1753592811546,05:06:51.546,phemex,AEVO/USDT:USDT,0.1085,36478.0,0.1084,14360.0,0.1086,32936.0,0.1087,5433.0
1753592812122,05:06:52.122,phemex,AEVO/USDT:USDT,0.1085,36478.0,0.1084,8045.0,0.1086,32936.0,0.1087,5433.0
1753592812122,05:06:52.122,phemex,AEVO/USDT:USDT,0.1085,36478.0,0.1084,8045.0,0.1086,32936.0,0.1087,5433.0
1753592813674,05:06:53.674,phemex,AEVO/USDT:USDT,0.1085,36478.0,0.1084,8045.0,0.1086,32284.0,0.1087,5433.0
1753592817538,05:06:57.538,phemex,AEVO/USDT:USDT,0.1085,36478.0,0.1084,14360.0,0.1086,32284.0,0.1087,5433.0
1753592820214,05:07:00.214,phemex,AEVO/USDT:USDT,0.1085,36478.0,0.1084,14360.0,0.1086,32284.0,0.1087,5433.0
1753592824690,05:07:04.690,phemex,AEVO/USDT:USDT,0.1085,36478.0,0.1084,14360.0,0.1086,32284.0,0.1087,5433.0
1753592829302,05:07:09.302,phemex,AEVO/USDT:USDT,0.1085,36478.0,0.1084,14360.0,0.1086,32284.0,0.1087,5433.0
1753592834101,05:07:14.101,phemex,AEVO/USDT:USDT,0.1085,36478.0,0.1084,14360.0,0.1086,32284.0,0.1087,5433.0
1753592841870,05:07:21.870,phemex,AEVO/USDT:USDT,0.1085,36478.0,0.1084,8045.0,0.1086,32284.0,0.1087,5433.0
1753592841877,05:07:21.877,phemex,AEVO/USDT:USDT,0.1085,36478.0,0.1084,8045.0,0.1086,32284.0,0.1087,3843.0
1753592847539,05:07:27.539,phemex,AEVO/USDT:USDT,0.1085,36478.0,0.1084,8045.0,0.1086,32284.0,0.1087,5433.0
1753592853539,05:07:33.539,phemex,AEVO/USDT:USDT,0.1085,36478.0,0.1084,14360.0,0.1086,32284.0,0.1087,5433.0
1753592858474,05:07:38.474,phemex,AEVO/USDT:USDT,0.1085,36478.0,0.1084,8045.0,0.1086,32284.0,0.1087,3843.0
1753592871603,05:07:51.603,phemex,AEVO/USDT:USDT,0.1085,36478.0,0.1084,8045.0,0.1086,32284.0,0.1087,3843.0
1753592871603,05:07:51.603,phemex,AEVO/USDT:USDT,0.1085,36478.0,0.1084,8045.0,0.1086,32284.0,0.1087,3843.0
1753592871603,05:07:51.603,phemex,AEVO/USDT:USDT,0.1085,36478.0,0.1084,8045.0,0.1086,32284.0,0.1087,3843.0
1753592874545,05:07:54.545,phemex,AEVO/USDT:USDT,0.1085,36478.0,0.1084,14360.0,0.1086,32284.0,0.1087,18084.0
1753592874628,05:07:54.628,phemex,AEVO/USDT:USDT,0.1085,21478.0,0.1084,14360.0,0.1086,32284.0,0.1087,18084.0
1753592875787,05:07:55.787,phemex,AEVO/USDT:USDT,0.1085,20819.0,0.1084,14360.0,0.1086,32284.0,0.1087,18084.0
1753592876184,05:07:56.184,phemex,AEVO/USDT:USDT,0.1085,20819.0,0.1084,14360.0,0.1086,32284.0,0.1087,18084.0
1753592876190,05:07:56.190,phemex,AEVO/USDT:USDT,0.1085,20819.0,0.1084,14360.0,0.1086,32284.0,0.1087,18084.0
1753592876232,05:07:56.232,phemex,AEVO/USDT:USDT,0.1085,20819.0,0.1084,14360.0,0.1086,32284.0,0.1087,18084.0
1753592878306,05:07:58.306,phemex,AEVO/USDT:USDT,0.1085,21462.0,0.1084,14360.0,0.1086,32284.0,0.1087,18084.0
1753592879517,05:07:59.517,phemex,AEVO/USDT:USDT,0.1085,21462.0,0.1084,14360.0,0.1086,32284.0,0.1087,18084.0
1753592880153,05:08:00.153,phemex,AEVO/USDT:USDT,0.1085,18822.0,0.1084,14360.0,0.1086,32284.0,0.1087,18084.0
1753592884318,05:08:04.318,phemex,AEVO/USDT:USDT,0.1085,18822.0,0.1084,14360.0,0.1086,32284.0,0.1087,18084.0
1753592884910,05:08:04.910,phemex,AEVO/USDT:USDT,0.1085,18822.0,0.1084,8045.0,0.1086,32284.0,0.1087,5433.0
1753592886311,05:08:06.311,phemex,AEVO/USDT:USDT,0.1085,16572.0,0.1084,8045.0,0.1086,32284.0,0.1087,5433.0
1753592890270,05:08:10.270,phemex,AEVO/USDT:USDT,0.1085,31572.0,0.1084,8045.0,0.1086,32284.0,0.1087,5433.0
1753592890854,05:08:10.854,phemex,AEVO/USDT:USDT,0.1085,31232.0,0.1084,8045.0,0.1086,32284.0,0.1087,5433.0
1753592894797,05:08:14.797,phemex,AEVO/USDT:USDT,0.1085,31232.0,0.1084,8045.0,0.1086,32284.0,0.1087,5433.0
1753592894932,05:08:14.932,phemex,AEVO/USDT:USDT,0.1085,31212.0,0.1084,8045.0,0.1086,32284.0,0.1087,5433.0
1753592898541,05:08:18.541,phemex,AEVO/USDT:USDT,0.1085,31212.0,0.1084,14360.0,0.1086,32284.0,0.1087,18084.0
1753592905288,05:08:25.288,phemex,AEVO/USDT:USDT,0.1085,31212.0,0.1084,14360.0,0.1086,32284.0,0.1087,18084.0
1753592905295,05:08:25.295,phemex,AEVO/USDT:USDT,0.1085,31212.0,0.1084,14360.0,0.1086,32284.0,0.1087,18084.0
1753592909322,05:08:29.322,phemex,AEVO/USDT:USDT,0.1085,31212.0,0.1084,14360.0,0.1086,32284.0,0.1087,18084.0
1753592909328,05:08:29.328,phemex,AEVO/USDT:USDT,0.1085,31212.0,0.1084,14360.0,0.1086,32284.0,0.1087,18084.0
1753592909789,05:08:29.789,phemex,AEVO/USDT:USDT,0.1085,31212.0,0.1084,14360.0,0.1086,32284.0,0.1087,18084.0
1753592919836,05:08:39.836,phemex,AEVO/USDT:USDT,0.1085,31212.0,0.1084,14360.0,0.1086,32284.0,0.1087,18084.0
1753592931912,05:08:51.912,phemex,AEVO/USDT:USDT,0.1085,36941.0,0.1084,14360.0,0.1086,32284.0,0.1087,18084.0
1753592931912,05:08:51.912,phemex,AEVO/USDT:USDT,0.1085,36941.0,0.1084,14360.0,0.1086,32284.0,0.1087,18084.0
1753592934061,05:08:54.061,phemex,AEVO/USDT:USDT,0.1085,21941.0,0.1084,14360.0,0.1086,32284.0,0.1087,18084.0
1753592934082,05:08:54.082,phemex,AEVO/USDT:USDT,0.1085,21941.0,0.1084,8045.0,0.1086,32284.0,0.1087,18084.0
1753592934121,05:08:54.121,phemex,AEVO/USDT:USDT,0.1085,643.0,0.1084,23735.0,0.1086,32284.0,0.1087,18084.0
1753592934133,05:08:54.133,phemex,AEVO/USDT:USDT,0.1085,643.0,0.1084,23735.0,0.1086,32284.0,0.1087,14885.0
1753592934152,05:08:54.152,phemex,AEVO/USDT:USDT,0.1085,643.0,0.1084,23735.0,0.1086,35483.0,0.1087,14885.0
1753592934193,05:08:54.193,phemex,AEVO/USDT:USDT,0.1085,643.0,0.1084,23735.0,0.1086,35483.0,0.1087,14885.0
1753592934223,05:08:54.223,phemex,AEVO/USDT:USDT,0.1084,23735.0,0.1083,19523.0,0.1086,35483.0,0.1087,14885.0
1753592934314,05:08:54.314,phemex,AEVO/USDT:USDT,0.1084,23735.0,0.1083,19523.0,0.1086,35483.0,0.1087,22277.0
1753592934769,05:08:54.769,phemex,AEVO/USDT:USDT,0.1084,38735.0,0.1083,19523.0,0.1086,35483.0,0.1087,22277.0
1753592935279,05:08:55.279,phemex,AEVO/USDT:USDT,0.1084,38735.0,0.1083,19523.0,0.1086,35483.0,0.1087,22277.0
1753592935309,05:08:55.309,phemex,AEVO/USDT:USDT,0.1084,38735.0,0.1083,19523.0,0.1086,35483.0,0.1087,22277.0
1753592937033,05:08:57.033,phemex,AEVO/USDT:USDT,0.1084,38735.0,0.1083,19523.0,0.1085,18480.0,0.1086,18199.0
1753592937070,05:08:57.070,phemex,AEVO/USDT:USDT,0.1084,38735.0,0.1083,19523.0,0.1085,18480.0,0.1086,18199.0
1753592937101,05:08:57.101,phemex,AEVO/USDT:USDT,0.1084,38735.0,0.1083,19523.0,0.1085,33480.0,0.1086,3199.0
1753592937529,05:08:57.529,phemex,AEVO/USDT:USDT,0.1084,38735.0,0.1083,19523.0,0.1085,33480.0,0.1086,3199.0
1753592938114,05:08:58.114,phemex,AEVO/USDT:USDT,0.1084,38735.0,0.1083,19523.0,0.1085,33480.0,0.1086,3199.0
1753592938153,05:08:58.153,phemex,AEVO/USDT:USDT,0.1084,38735.0,0.1083,19523.0,0.1085,33480.0,0.1086,3199.0
1753592939218,05:08:59.218,phemex,AEVO/USDT:USDT,0.1084,38735.0,0.1083,19523.0,0.1085,33480.0,0.1086,3841.0
1753592940541,05:09:00.541,phemex,AEVO/USDT:USDT,0.1084,38735.0,0.1083,19523.0,0.1085,33480.0,0.1086,3841.0
1753592941528,05:09:01.528,phemex,AEVO/USDT:USDT,0.1084,38735.0,0.1083,19523.0,0.1086,15657.0,0.1087,9626.0
1753592941546,05:09:01.546,phemex,AEVO/USDT:USDT,0.1085,21465.0,0.1084,23045.0,0.1086,15657.0,0.1087,12825.0
1753592941560,05:09:01.560,phemex,AEVO/USDT:USDT,0.1085,21465.0,0.1084,8045.0,0.1086,15657.0,0.1087,12825.0
1753592941624,05:09:01.624,phemex,AEVO/USDT:USDT,0.1085,22107.0,0.1084,9890.0,0.1086,15657.0,0.1087,12825.0
1753592941696,05:09:01.696,phemex,AEVO/USDT:USDT,0.1085,26528.0,0.1084,16131.0,0.1086,15657.0,0.1087,12825.0
1753592941703,05:09:01.703,phemex,AEVO/USDT:USDT,0.1085,642.0,0.1084,24781.0,0.1086,33856.0,0.1087,9626.0
1753592941724,05:09:01.724,phemex,AEVO/USDT:USDT,0.1085,642.0,0.1084,24781.0,0.1086,30657.0,0.1087,12825.0
1753592941748,05:09:01.748,phemex,AEVO/USDT:USDT,0.1084,24781.0,0.1083,19523.0,0.1086,30657.0,0.1087,12825.0
1753592941825,05:09:01.825,phemex,AEVO/USDT:USDT,0.1085,642.0,0.1084,22936.0,0.1086,30657.0,0.1087,12825.0
1753592941848,05:09:01.848,phemex,AEVO/USDT:USDT,0.1084,22936.0,0.1083,19523.0,0.1086,30657.0,0.1087,12825.0
1753592941867,05:09:01.867,phemex,AEVO/USDT:USDT,0.1085,642.0,0.1084,22936.0,0.1086,30657.0,0.1087,12825.0
1753592941883,05:09:01.883,phemex,AEVO/USDT:USDT,0.1084,22936.0,0.1083,19523.0,0.1086,30657.0,0.1087,12825.0
1753592941911,05:09:01.911,phemex,AEVO/USDT:USDT,0.1085,642.0,0.1084,24781.0,0.1086,33856.0,0.1087,9626.0
1753592941943,05:09:01.943,phemex,AEVO/USDT:USDT,0.1084,22936.0,0.1083,19523.0,0.1086,30657.0,0.1087,12825.0
1753592941967,05:09:01.967,phemex,AEVO/USDT:USDT,0.1084,22936.0,0.1083,19523.0,0.1086,30657.0,0.1087,12825.0
1753592942045,05:09:02.045,phemex,AEVO/USDT:USDT,0.1084,22936.0,0.1083,19523.0,0.1085,642.0,0.1086,30657.0
1753592942064,05:09:02.064,phemex,AEVO/USDT:USDT,0.1084,22936.0,0.1083,19523.0,0.1086,15657.0,0.1087,12825.0
1753592942069,05:09:02.069,phemex,AEVO/USDT:USDT,0.1084,22936.0,0.1083,19523.0,0.1086,18856.0,0.1087,9626.0
1753592942146,05:09:02.146,phemex,AEVO/USDT:USDT,0.1084,22936.0,0.1083,19523.0,0.1085,642.0,0.1086,18856.0
1753592942248,05:09:02.248,phemex,AEVO/USDT:USDT,0.1084,22936.0,0.1083,19523.0,0.1086,18856.0,0.1087,9626.0
1753592942267,05:09:02.267,phemex,AEVO/USDT:USDT,0.1084,22936.0,0.1083,19523.0,0.1085,642.0,0.1086,18856.0
1753592942320,05:09:02.320,phemex,AEVO/USDT:USDT,0.1084,22936.0,0.1083,19523.0,0.1086,18856.0,0.1087,9626.0
1753592942329,05:09:02.329,phemex,AEVO/USDT:USDT,0.1084,22936.0,0.1083,19523.0,0.1086,18856.0,0.1087,9626.0
1753592942361,05:09:02.361,phemex,AEVO/USDT:USDT,0.1084,22936.0,0.1083,19523.0,0.1085,642.0,0.1086,18856.0
1753592942385,05:09:02.385,phemex,AEVO/USDT:USDT,0.1084,22936.0,0.1083,19523.0,0.1086,18856.0,0.1087,9626.0
1753592942507,05:09:02.507,phemex,AEVO/USDT:USDT,0.1084,22936.0,0.1083,19523.0,0.1085,15642.0,0.1086,18856.0
1753592942684,05:09:02.684,phemex,AEVO/USDT:USDT,0.1084,37936.0,0.1083,19523.0,0.1085,15642.0,0.1086,18856.0
1753592943857,05:09:03.857,phemex,AEVO/USDT:USDT,0.1084,37936.0,0.1083,19523.0,0.1085,15642.0,0.1086,18856.0
1753592943882,05:09:03.882,phemex,AEVO/USDT:USDT,0.1084,37936.0,0.1083,19523.0,0.1085,15642.0,0.1086,18856.0
1753592946659,05:09:06.659,phemex,AEVO/USDT:USDT,0.1084,37936.0,0.1083,19523.0,0.1085,26222.0,0.1086,18856.0
1753592946660,05:09:06.660,phemex,AEVO/USDT:USDT,0.1084,37936.0,0.1083,19523.0,0.1085,36055.0,0.1086,3841.0
1753592946756,05:09:06.756,phemex,AEVO/USDT:USDT,0.1084,37936.0,0.1083,19523.0,0.1085,36055.0,0.1086,3841.0
