timestamp,time,exchange,symbol,bid1_price,bid1_volume,bid2_price,bid2_volume,ask1_price,ask1_volume,ask2_price,ask2_volume
1753591902518,04:51:42.518,mexc,AEVO/USDT:USDT,0.1083,519019.0,0.1082,495712.0,0.1084,807147.0,0.1085,1686106.0
1753591902920,04:51:42.920,mexc,AEVO/USDT:USDT,0.1083,519019.0,0.1082,664282,0.1084,807147.0,0.1085,1686106.0
1753591903112,04:51:43.112,mexc,AEVO/USDT:USDT,0.1083,519019.0,0.1082,664282,0.1084,807147.0,0.1085,1686106.0
1753591903225,04:51:43.225,mexc,AEVO/USDT:USDT,0.1083,519019.0,0.1082,495712,0.1084,807147.0,0.1085,1686106.0
1753591903516,04:51:43.516,mexc,AEVO/USDT:USDT,0.1083,519019.0,0.1082,495712,0.1084,807147.0,0.1085,1686106.0
1753591903726,04:51:43.726,mexc,AEVO/USDT:USDT,0.1083,519019.0,0.1082,495712,0.1084,807147.0,0.1085,1686106.0
1753591904016,04:51:44.016,mexc,AEVO/USDT:USDT,0.1083,519019.0,0.1082,495712,0.1084,807147.0,0.1085,1929761
1753591904225,04:51:44.225,mexc,AEVO/USDT:USDT,0.1083,519019.0,0.1082,665206,0.1084,807147.0,0.1085,1929761
1753591904516,04:51:44.516,mexc,AEVO/USDT:USDT,0.1083,519019.0,0.1082,665206,0.1084,807147.0,0.1085,1986168
1753591904725,04:51:44.725,mexc,AEVO/USDT:USDT,0.1083,519019.0,0.1082,943169,0.1084,807147.0,0.1085,1986168
1753591905016,04:51:45.016,mexc,AEVO/USDT:USDT,0.1083,519019.0,0.1082,943169,0.1084,807147.0,0.1085,1925086
1753591905227,04:51:45.227,mexc,AEVO/USDT:USDT,0.1083,519019.0,0.1082,1029735,0.1084,807147.0,0.1085,1925086
1753591905517,04:51:45.517,mexc,AEVO/USDT:USDT,0.1083,519019.0,0.1082,1029735,0.1084,807147.0,0.1085,1863653
1753591905725,04:51:45.725,mexc,AEVO/USDT:USDT,0.1083,333343,0.1082,709683,0.1084,368674,0.1085,994765
1753591906129,04:51:46.129,mexc,AEVO/USDT:USDT,0.1083,333343,0.1082,709683,0.1084,368674,0.1085,994765
1753591906227,04:51:46.227,mexc,AEVO/USDT:USDT,0.1083,333343,0.1082,709683,0.1084,368674,0.1085,994765
1753591906517,04:51:46.517,mexc,AEVO/USDT:USDT,0.1083,333343,0.1082,709683,0.1084,368674,0.1085,1704283
1753591906729,04:51:46.729,mexc,AEVO/USDT:USDT,0.1083,333343,0.1082,877099,0.1084,368674,0.1085,1704283
1753591907017,04:51:47.017,mexc,AEVO/USDT:USDT,0.1083,333343,0.1082,877099,0.1084,368674,0.1085,994765
1753591907227,04:51:47.227,mexc,AEVO/USDT:USDT,0.1083,333343,0.1082,709683,0.1084,368674,0.1085,994765
1753591907517,04:51:47.517,mexc,AEVO/USDT:USDT,0.1083,333343,0.1082,709683,0.1084,368674,0.1085,1213729
1753591907728,04:51:47.728,mexc,AEVO/USDT:USDT,0.1083,333343,0.1082,709683,0.1084,368674,0.1085,1213729
1753591908018,04:51:48.018,mexc,AEVO/USDT:USDT,0.1083,333343,0.1082,709683,0.1084,368674,0.1085,994765
1753591908228,04:51:48.228,mexc,AEVO/USDT:USDT,0.1083,333343,0.1082,1166020,0.1084,368674,0.1085,994765
1753591908519,04:51:48.519,mexc,AEVO/USDT:USDT,0.1083,333343,0.1082,1166020,0.1084,368674,0.1085,994765
1753591908728,04:51:48.728,mexc,AEVO/USDT:USDT,0.1083,333343,0.1082,709683,0.1084,368674,0.1085,994765
1753591909109,04:51:49.109,mexc,AEVO/USDT:USDT,0.1083,333343,0.1082,709683,0.1084,368674,0.1085,994765
1753591909229,04:51:49.229,mexc,AEVO/USDT:USDT,0.1083,333343,0.1082,709683,0.1084,368674,0.1085,994765
1753591909519,04:51:49.519,mexc,AEVO/USDT:USDT,0.1083,333343,0.1082,709683,0.1084,368674,0.1085,994765
1753591909728,04:51:49.728,mexc,AEVO/USDT:USDT,0.1083,333343,0.1082,709683,0.1084,368674,0.1085,1403168
1753591910019,04:51:50.019,mexc,AEVO/USDT:USDT,0.1083,333343,0.1082,709683,0.1084,368674,0.1085,994765
1753591910133,04:51:50.133,mexc,AEVO/USDT:USDT,0.1083,333343,0.1082,709683,0.1084,368674,0.1085,1408720
1753591910421,04:51:50.421,mexc,AEVO/USDT:USDT,0.1083,333343,0.1082,899324,0.1084,368674,0.1085,1408720
1753591910522,04:51:50.522,mexc,AEVO/USDT:USDT,0.1083,333343,0.1082,899324,0.1084,368674,0.1085,1215605
1753591910730,04:51:50.730,mexc,AEVO/USDT:USDT,0.1083,333343,0.1082,709683,0.1084,368674,0.1085,1215605
1753591911020,04:51:51.020,mexc,AEVO/USDT:USDT,0.1083,333343,0.1082,709683,0.1084,368674,0.1085,1351398
1753591911232,04:51:51.232,mexc,AEVO/USDT:USDT,0.1083,333343,0.1082,886644,0.1084,368674,0.1085,1351398
1753591911521,04:51:51.521,mexc,AEVO/USDT:USDT,0.1083,333343,0.1082,886644,0.1084,368674,0.1085,1438225
1753591911730,04:51:51.730,mexc,AEVO/USDT:USDT,0.1082,754206,0.1081,1548807,0.1083,351817,0.1084,497653
1753591912077,04:51:52.077,mexc,AEVO/USDT:USDT,0.1082,754206,0.1081,1548807,0.1083,351817,0.1084,845330
1753591912230,04:51:52.230,mexc,AEVO/USDT:USDT,0.1083,590324,0.1082,983181,0.1084,497653,0.1085,1096803
1753591912521,04:51:52.521,mexc,AEVO/USDT:USDT,0.1083,590324,0.1082,983181,0.1084,497653,0.1085,1400251
1753591912634,04:51:52.634,mexc,AEVO/USDT:USDT,0.1083,590324,0.1082,754206,0.1084,497653,0.1085,1400251
1753591912925,04:51:52.925,mexc,AEVO/USDT:USDT,0.1083,590324,0.1082,754206,0.1084,497653,0.1085,1096803
1753591913021,04:51:53.021,mexc,AEVO/USDT:USDT,0.1083,590324,0.1082,754206,0.1084,497653,0.1085,2026967
1753591913231,04:51:53.231,mexc,AEVO/USDT:USDT,0.1083,590324,0.1082,754206,0.1084,497653,0.1085,2026967
1753591913523,04:51:53.523,mexc,AEVO/USDT:USDT,0.1083,590324,0.1082,754206,0.1084,497653,0.1085,1096803
1753591913732,04:51:53.732,mexc,AEVO/USDT:USDT,0.1083,590324,0.1082,754206,0.1084,497653,0.1085,1096803
1753591914111,04:51:54.111,mexc,AEVO/USDT:USDT,0.1083,590324,0.1082,754206,0.1084,497653,0.1085,1096803
1753591914230,04:51:54.230,mexc,AEVO/USDT:USDT,0.1083,590324,0.1082,891564,0.1084,497653,0.1085,1096803
1753591914522,04:51:54.522,mexc,AEVO/USDT:USDT,0.1083,590324,0.1082,891564,0.1084,497653,0.1085,1096803
1753591914634,04:51:54.634,mexc,AEVO/USDT:USDT,0.1083,590324,0.1082,754206,0.1084,497653,0.1085,1096803
1753591914926,04:51:54.926,mexc,AEVO/USDT:USDT,0.1083,590324,0.1082,754206,0.1084,497653,0.1085,1096803
1753591915121,04:51:55.121,mexc,AEVO/USDT:USDT,0.1083,590324,0.1082,754206,0.1084,497653,0.1085,1096803
1753591915234,04:51:55.234,mexc,AEVO/USDT:USDT,0.1083,590324,0.1082,754206,0.1084,497653,0.1085,1096803
1753591915523,04:51:55.523,mexc,AEVO/USDT:USDT,0.1083,590324,0.1082,754206,0.1084,497653,0.1085,1223665
1753591915731,04:51:55.731,mexc,AEVO/USDT:USDT,0.1083,590324,0.1082,754206,0.1084,497653,0.1085,1223665
1753591916023,04:51:56.023,mexc,AEVO/USDT:USDT,0.1083,590324,0.1082,754206,0.1084,497653,0.1085,1339571
1753591916232,04:51:56.232,mexc,AEVO/USDT:USDT,0.1083,590324,0.1082,754206,0.1084,497653,0.1085,1339571
1753591916526,04:51:56.526,mexc,AEVO/USDT:USDT,0.1083,590324,0.1082,754206,0.1084,497653,0.1085,1096803
1753591916731,04:51:56.731,mexc,AEVO/USDT:USDT,0.1083,590324,0.1082,754206,0.1084,497653,0.1085,1096803
1753591917026,04:51:57.026,mexc,AEVO/USDT:USDT,0.1083,590324,0.1082,754206,0.1084,497653,0.1085,1239716
1753591917234,04:51:57.234,mexc,AEVO/USDT:USDT,0.1083,590324,0.1082,1615533,0.1084,497653,0.1085,1239716
1753591917525,04:51:57.525,mexc,AEVO/USDT:USDT,0.1083,590324,0.1082,1615533,0.1084,497653,0.1085,1419855
1753591917733,04:51:57.733,mexc,AEVO/USDT:USDT,0.1083,160080,0.1082,1035986,0.1084,561994,0.1085,882182
1753591918140,04:51:58.140,mexc,AEVO/USDT:USDT,0.1083,160080,0.1082,840969,0.1084,561994,0.1085,882182
1753591918234,04:51:58.234,mexc,AEVO/USDT:USDT,0.1083,160080,0.1082,840969,0.1084,561994,0.1085,882182
1753591918523,04:51:58.523,mexc,AEVO/USDT:USDT,0.1083,160080,0.1082,840969,0.1084,561994,0.1085,1237095
1753591918735,04:51:58.735,mexc,AEVO/USDT:USDT,0.1083,160080,0.1082,1092820,0.1084,561994,0.1085,1237095
1753591919024,04:51:59.024,mexc,AEVO/USDT:USDT,0.1083,160080,0.1082,1092820,0.1084,561994,0.1085,1258782
1753591919235,04:51:59.235,mexc,AEVO/USDT:USDT,0.1083,160080,0.1082,1256761,0.1084,561994,0.1085,1258782
1753591919525,04:51:59.525,mexc,AEVO/USDT:USDT,0.1083,160080,0.1082,1256761,0.1084,561994,0.1085,882182
1753591919735,04:51:59.735,mexc,AEVO/USDT:USDT,0.1083,160080,0.1082,840969,0.1084,561994,0.1085,882182
1753591920115,04:52:00.115,mexc,AEVO/USDT:USDT,0.1083,160080,0.1082,840969,0.1084,561994,0.1085,1003909
1753591920236,04:52:00.236,mexc,AEVO/USDT:USDT,0.1083,160080,0.1082,840969,0.1084,561994,0.1085,1003909
1753591920525,04:52:00.525,mexc,AEVO/USDT:USDT,0.1083,160080,0.1082,840969,0.1084,561994,0.1085,882182
1753591920639,04:52:00.639,mexc,AEVO/USDT:USDT,0.1083,160080,0.1082,840969,0.1084,561994,0.1085,882182
1753591920929,04:52:00.929,mexc,AEVO/USDT:USDT,0.1083,160080,0.1082,941307,0.1084,561994,0.1085,882182
1753591921026,04:52:01.026,mexc,AEVO/USDT:USDT,0.1083,160080,0.1082,941307,0.1084,561994,0.1085,882182
1753591921235,04:52:01.235,mexc,AEVO/USDT:USDT,0.1083,160080,0.1082,1158989,0.1084,561994,0.1085,882182
1753591921528,04:52:01.528,mexc,AEVO/USDT:USDT,0.1083,160080,0.1082,1158989,0.1084,561994,0.1085,882182
1753591921736,04:52:01.736,mexc,AEVO/USDT:USDT,0.1083,160080,0.1082,840969,0.1084,561994,0.1085,882182
1753591922026,04:52:02.026,mexc,AEVO/USDT:USDT,0.1083,160080,0.1082,840969,0.1084,561994,0.1085,1062894
1753591922236,04:52:02.236,mexc,AEVO/USDT:USDT,0.1083,160080,0.1082,840969,0.1084,561994,0.1085,1062894
1753591922541,04:52:02.541,mexc,AEVO/USDT:USDT,0.1083,160080,0.1082,840969,0.1084,561994,0.1085,1180015
1753591922737,04:52:02.737,mexc,AEVO/USDT:USDT,0.1083,160080,0.1082,840969,0.1084,561994,0.1085,1180015
1753591923025,04:52:03.025,mexc,AEVO/USDT:USDT,0.1083,160080,0.1082,840969,0.1084,561994,0.1085,882182
1753591923140,04:52:03.140,mexc,AEVO/USDT:USDT,0.1083,160080,0.1082,840969,0.1084,561994,0.1085,882182
1753591923429,04:52:03.429,mexc,AEVO/USDT:USDT,0.1083,160080,0.1082,840969,0.1084,561994,0.1085,882182
1753591923528,04:52:03.528,mexc,AEVO/USDT:USDT,0.1083,160080,0.1082,840969,0.1084,561994,0.1085,882182
1753591923737,04:52:03.737,mexc,AEVO/USDT:USDT,0.1083,371008,0.1082,1178080,0.1084,335644,0.1085,1238311
1753591924140,04:52:04.140,mexc,AEVO/USDT:USDT,0.1083,371008,0.1082,940147,0.1084,335644,0.1085,1759206
1753591924238,04:52:04.238,mexc,AEVO/USDT:USDT,0.1083,371008,0.1082,1283049,0.1084,335644,0.1085,1759206
1753591924525,04:52:04.525,mexc,AEVO/USDT:USDT,0.1083,371008,0.1082,1283049,0.1084,335644,0.1085,1450560
1753591924738,04:52:04.738,mexc,AEVO/USDT:USDT,0.1083,371008,0.1082,940147,0.1084,335644,0.1085,1450560
1753591925026,04:52:05.026,mexc,AEVO/USDT:USDT,0.1083,371008,0.1082,940147,0.1084,335644,0.1085,1238311
1753591925237,04:52:05.237,mexc,AEVO/USDT:USDT,0.1083,371008,0.1082,940147,0.1084,335644,0.1085,1238311
1753591925533,04:52:05.533,mexc,AEVO/USDT:USDT,0.1083,371008,0.1082,940147,0.1084,335644,0.1085,1652403
1753591925738,04:52:05.738,mexc,AEVO/USDT:USDT,0.1083,371008,0.1082,940147,0.1084,335644,0.1085,1652403
1753591926117,04:52:06.117,mexc,AEVO/USDT:USDT,0.1083,371008,0.1082,940147,0.1084,335644,0.1085,1561214
1753591926237,04:52:06.237,mexc,AEVO/USDT:USDT,0.1083,371008,0.1082,940147,0.1084,335644,0.1085,1561214
1753591926529,04:52:06.529,mexc,AEVO/USDT:USDT,0.1083,371008,0.1082,940147,0.1084,335644,0.1085,1238311
1753591926640,04:52:06.640,mexc,AEVO/USDT:USDT,0.1083,371008,0.1082,940147,0.1084,335644,0.1085,1238311
1753591926934,04:52:06.934,mexc,AEVO/USDT:USDT,0.1083,371008,0.1082,1045569,0.1084,335644,0.1085,1238311
1753591927029,04:52:07.029,mexc,AEVO/USDT:USDT,0.1083,371008,0.1082,1045569,0.1084,335644,0.1085,1238311
1753591927241,04:52:07.241,mexc,AEVO/USDT:USDT,0.1083,371008,0.1082,940147,0.1084,335644,0.1085,1238311
1753591927529,04:52:07.529,mexc,AEVO/USDT:USDT,0.1083,371008,0.1082,940147,0.1084,335644,0.1085,1238311
1753591927743,04:52:07.743,mexc,AEVO/USDT:USDT,0.1083,371008,0.1082,940147,0.1084,335644,0.1085,1238311
1753591928028,04:52:08.028,mexc,AEVO/USDT:USDT,0.1083,371008,0.1082,940147,0.1084,335644,0.1085,1238311
1753591928239,04:52:08.239,mexc,AEVO/USDT:USDT,0.1083,371008,0.1082,1392174,0.1084,335644,0.1085,1238311
1753591928531,04:52:08.531,mexc,AEVO/USDT:USDT,0.1083,371008,0.1082,1392174,0.1084,335644,0.1085,1418698
1753591928741,04:52:08.741,mexc,AEVO/USDT:USDT,0.1083,371008,0.1082,940147,0.1084,335644,0.1085,1418698
1753591929030,04:52:09.030,mexc,AEVO/USDT:USDT,0.1083,371008,0.1082,940147,0.1084,335644,0.1085,1238311
1753591929239,04:52:09.239,mexc,AEVO/USDT:USDT,0.1083,371008,0.1082,1118061,0.1084,335644,0.1085,1238311
1753591929632,04:52:09.632,mexc,AEVO/USDT:USDT,0.1083,371008,0.1082,1118061,0.1084,735975,0.1085,1423651
1753591929739,04:52:09.739,mexc,AEVO/USDT:USDT,0.1083,311504,0.1082,1154872,0.1084,400331,0.1085,1015250
1753591930142,04:52:10.142,mexc,AEVO/USDT:USDT,0.1083,311504,0.1082,1154872,0.1084,400331,0.1085,1015250
1753591930239,04:52:10.239,mexc,AEVO/USDT:USDT,0.1083,311504,0.1082,1667245,0.1084,400331,0.1085,1015250
1753591930642,04:52:10.642,mexc,AEVO/USDT:USDT,0.1083,311504,0.1082,1454790,0.1084,400331,0.1085,1015250
1753591930740,04:52:10.740,mexc,AEVO/USDT:USDT,0.1083,311504,0.1082,1154872,0.1084,400331,0.1085,1015250
1753591931030,04:52:11.030,mexc,AEVO/USDT:USDT,0.1083,311504,0.1082,1154872,0.1084,400331,0.1085,1238906
1753591931239,04:52:11.239,mexc,AEVO/USDT:USDT,0.1083,311504,0.1082,1154872,0.1084,400331,0.1085,1238906
1753591931646,04:52:11.646,mexc,AEVO/USDT:USDT,0.1083,311504,0.1082,1154872,0.1084,400331,0.1085,1015250
1753591931740,04:52:11.740,mexc,AEVO/USDT:USDT,0.1083,311504,0.1082,1154872,0.1084,400331,0.1085,1015250
1753591932121,04:52:12.121,mexc,AEVO/USDT:USDT,0.1083,311504,0.1082,1154872,0.1084,400331,0.1085,1408264
1753591932240,04:52:12.240,mexc,AEVO/USDT:USDT,0.1083,311504,0.1082,1154872,0.1084,400331,0.1085,1408264
1753591932531,04:52:12.531,mexc,AEVO/USDT:USDT,0.1083,311504,0.1082,1154872,0.1084,400331,0.1085,1242864
1753591932642,04:52:12.642,mexc,AEVO/USDT:USDT,0.1083,311504,0.1082,1154872,0.1084,400331,0.1085,1242864
1753591932935,04:52:12.935,mexc,AEVO/USDT:USDT,0.1083,311504,0.1082,1480081,0.1084,400331,0.1085,1015250
1753591933031,04:52:13.031,mexc,AEVO/USDT:USDT,0.1083,311504,0.1082,1480081,0.1084,400331,0.1085,1459602
1753591933241,04:52:13.241,mexc,AEVO/USDT:USDT,0.1083,311504,0.1082,1154872,0.1084,400331,0.1085,1459602
1753591933531,04:52:13.531,mexc,AEVO/USDT:USDT,0.1083,311504,0.1082,1154872,0.1084,400331,0.1085,1015250
1753591933743,04:52:13.743,mexc,AEVO/USDT:USDT,0.1083,311504,0.1082,1154872,0.1084,400331,0.1085,1015250
1753591934031,04:52:14.031,mexc,AEVO/USDT:USDT,0.1083,311504,0.1082,1154872,0.1084,400331,0.1085,1015250
1753591934240,04:52:14.240,mexc,AEVO/USDT:USDT,0.1083,311504,0.1082,1154872,0.1084,400331,0.1085,1015250
1753591934532,04:52:14.532,mexc,AEVO/USDT:USDT,0.1083,311504,0.1082,1154872,0.1084,400331,0.1085,1307284
1753591934740,04:52:14.740,mexc,AEVO/USDT:USDT,0.1083,311504,0.1082,1154872,0.1084,400331,0.1085,1307284
1753591935031,04:52:15.031,mexc,AEVO/USDT:USDT,0.1083,311504,0.1082,1154872,0.1084,400331,0.1085,1015250
1753591935240,04:52:15.240,mexc,AEVO/USDT:USDT,0.1083,311504,0.1082,1154872,0.1084,400331,0.1085,1015250
1753591935634,04:52:15.634,mexc,AEVO/USDT:USDT,0.1083,311504,0.1082,1154872,0.1084,794507,0.1085,1333597
1753591935740,04:52:15.740,mexc,AEVO/USDT:USDT,0.1083,319991,0.1082,1205366,0.1084,394176,0.1085,932127
1753591936144,04:52:16.144,mexc,AEVO/USDT:USDT,0.1083,319991,0.1082,1205366,0.1084,394176,0.1085,1427765
1753591936241,04:52:16.241,mexc,AEVO/USDT:USDT,0.1083,319991,0.1082,834930,0.1084,394176,0.1085,1427765
1753591936534,04:52:16.534,mexc,AEVO/USDT:USDT,0.1083,319991,0.1082,834930,0.1084,394176,0.1085,932127
1753591936742,04:52:16.742,mexc,AEVO/USDT:USDT,0.1083,319991,0.1082,834930,0.1084,394176,0.1085,932127
1753591937033,04:52:17.033,mexc,AEVO/USDT:USDT,0.1083,319991,0.1082,834930,0.1084,394176,0.1085,1037690
1753591937242,04:52:17.242,mexc,AEVO/USDT:USDT,0.1083,319991,0.1082,1084781,0.1084,394176,0.1085,1037690
1753591937534,04:52:17.534,mexc,AEVO/USDT:USDT,0.1083,319991,0.1082,1084781,0.1084,394176,0.1085,1263741
1753591937741,04:52:17.741,mexc,AEVO/USDT:USDT,0.1083,319991,0.1082,834930,0.1084,394176,0.1085,1263741
1753591938120,04:52:18.120,mexc,AEVO/USDT:USDT,0.1083,319991,0.1082,834930,0.1084,394176,0.1085,1062277
1753591938242,04:52:18.242,mexc,AEVO/USDT:USDT,0.1083,319991,0.1082,962340,0.1084,394176,0.1085,1062277
1753591938534,04:52:18.534,mexc,AEVO/USDT:USDT,0.1083,319991,0.1082,962340,0.1084,394176,0.1085,932127
1753591938645,04:52:18.645,mexc,AEVO/USDT:USDT,0.1083,319991,0.1082,834930,0.1084,394176,0.1085,932127
1753591938742,04:52:18.742,mexc,AEVO/USDT:USDT,0.1083,319991,0.1082,834930,0.1084,394176,0.1085,932127
1753591939034,04:52:19.034,mexc,AEVO/USDT:USDT,0.1083,319991,0.1082,834930,0.1084,394176,0.1085,932127
1753591939251,04:52:19.251,mexc,AEVO/USDT:USDT,0.1083,319991,0.1082,1078567,0.1084,394176,0.1085,932127
1753591939534,04:52:19.534,mexc,AEVO/USDT:USDT,0.1083,319991,0.1082,1078567,0.1084,394176,0.1085,1305991
1753591939743,04:52:19.743,mexc,AEVO/USDT:USDT,0.1083,319991,0.1082,1199439,0.1084,394176,0.1085,1305991
1753591940034,04:52:20.034,mexc,AEVO/USDT:USDT,0.1083,319991,0.1082,1199439,0.1084,394176,0.1085,932127
1753591940243,04:52:20.243,mexc,AEVO/USDT:USDT,0.1083,319991,0.1082,834930,0.1084,394176,0.1085,932127
1753591940535,04:52:20.535,mexc,AEVO/USDT:USDT,0.1083,319991,0.1082,834930,0.1084,394176,0.1085,1049106
1753591940744,04:52:20.744,mexc,AEVO/USDT:USDT,0.1083,319991,0.1082,1225732,0.1084,394176,0.1085,1049106
1753591941036,04:52:21.036,mexc,AEVO/USDT:USDT,0.1083,319991,0.1082,1225732,0.1084,394176,0.1085,932127
1753591941245,04:52:21.245,mexc,AEVO/USDT:USDT,0.1083,319991,0.1082,1128093,0.1084,394176,0.1085,932127
1753591941537,04:52:21.537,mexc,AEVO/USDT:USDT,0.1083,319991,0.1082,1128093,0.1084,394176,0.1085,1159191
1753591941743,04:52:21.743,mexc,AEVO/USDT:USDT,0.1083,288302,0.1082,785343,0.1084,367447,0.1085,1078184
1753591942146,04:52:22.146,mexc,AEVO/USDT:USDT,0.1083,288302,0.1082,785343,0.1084,367447,0.1085,1678344
1753591942244,04:52:22.244,mexc,AEVO/USDT:USDT,0.1083,288302,0.1082,785343,0.1084,367447,0.1085,1678344
1753591942537,04:52:22.537,mexc,AEVO/USDT:USDT,0.1083,288302,0.1082,785343,0.1084,367447,0.1085,1078184
1753591942743,04:52:22.743,mexc,AEVO/USDT:USDT,0.1083,288302,0.1082,785343,0.1084,367447,0.1085,1078184
1753591943036,04:52:23.036,mexc,AEVO/USDT:USDT,0.1083,288302,0.1082,785343,0.1084,367447,0.1085,1078184
1753591943244,04:52:23.244,mexc,AEVO/USDT:USDT,0.1083,288302,0.1082,785343,0.1084,367447,0.1085,1078184
1753591943539,04:52:23.539,mexc,AEVO/USDT:USDT,0.1083,288302,0.1082,785343,0.1084,367447,0.1085,1078184
1753591943745,04:52:23.745,mexc,AEVO/USDT:USDT,0.1083,288302,0.1082,1273623,0.1084,367447,0.1085,1078184
1753591944125,04:52:24.125,mexc,AEVO/USDT:USDT,0.1083,288302,0.1082,1273623,0.1084,367447,0.1085,1282144
1753591944246,04:52:24.246,mexc,AEVO/USDT:USDT,0.1083,288302,0.1082,785343,0.1084,367447,0.1085,1282144
1753591944538,04:52:24.538,mexc,AEVO/USDT:USDT,0.1083,288302,0.1082,785343,0.1084,367447,0.1085,1432232
1753591944650,04:52:24.650,mexc,AEVO/USDT:USDT,0.1083,288302,0.1082,785343,0.1084,367447,0.1085,1432232
1753591944746,04:52:24.746,mexc,AEVO/USDT:USDT,0.1083,288302,0.1082,785343,0.1084,367447,0.1085,1432232
1753591945149,04:52:25.149,mexc,AEVO/USDT:USDT,0.1083,288302,0.1082,785343,0.1084,367447,0.1085,1078184
1753591945248,04:52:25.248,mexc,AEVO/USDT:USDT,0.1083,288302,0.1082,1088843,0.1084,367447,0.1085,1078184
1753591945539,04:52:25.539,mexc,AEVO/USDT:USDT,0.1083,288302,0.1082,1088843,0.1084,367447,0.1085,1078184
1753591945746,04:52:25.746,mexc,AEVO/USDT:USDT,0.1083,288302,0.1082,785343,0.1084,367447,0.1085,1078184
1753591946038,04:52:26.038,mexc,AEVO/USDT:USDT,0.1083,288302,0.1082,785343,0.1084,367447,0.1085,1078184
1753591946247,04:52:26.247,mexc,AEVO/USDT:USDT,0.1083,288302,0.1082,894470,0.1084,367447,0.1085,1078184
1753591946539,04:52:26.539,mexc,AEVO/USDT:USDT,0.1083,288302,0.1082,894470,0.1084,367447,0.1085,1384476
1753591946765,04:52:26.765,mexc,AEVO/USDT:USDT,0.1083,288302,0.1082,1105182,0.1084,367447,0.1085,1384476
1753591947039,04:52:27.039,mexc,AEVO/USDT:USDT,0.1083,288302,0.1082,1105182,0.1084,367447,0.1085,1372869
1753591947247,04:52:27.247,mexc,AEVO/USDT:USDT,0.1083,288302,0.1082,785343,0.1084,367447,0.1085,1372869
1753591947635,04:52:27.635,mexc,AEVO/USDT:USDT,0.1083,288302,0.1082,785343,0.1084,705989,0.1085,1078184
1753591947748,04:52:27.748,mexc,AEVO/USDT:USDT,0.1083,321958,0.1082,1359071,0.1084,338542,0.1085,917429
1753591948040,04:52:28.040,mexc,AEVO/USDT:USDT,0.1083,321958,0.1082,1359071,0.1084,338542,0.1085,917429
1753591948151,04:52:28.151,mexc,AEVO/USDT:USDT,0.1083,321958,0.1082,1003621,0.1084,338542,0.1085,917429
1753591948247,04:52:28.247,mexc,AEVO/USDT:USDT,0.1083,321958,0.1082,1003621,0.1084,338542,0.1085,917429
1753591948652,04:52:28.652,mexc,AEVO/USDT:USDT,0.1083,321958,0.1082,1003621,0.1084,338542,0.1085,917429
1753591948749,04:52:28.749,mexc,AEVO/USDT:USDT,0.1083,321958,0.1082,1388475,0.1084,338542,0.1085,917429
1753591949041,04:52:29.041,mexc,AEVO/USDT:USDT,0.1083,321958,0.1082,1388475,0.1084,338542,0.1085,1342677
1753591949248,04:52:29.248,mexc,AEVO/USDT:USDT,0.1083,321958,0.1082,1003621,0.1084,338542,0.1085,1342677
1753591949541,04:52:29.541,mexc,AEVO/USDT:USDT,0.1083,321958,0.1082,1003621,0.1084,338542,0.1085,917429
1753591949748,04:52:29.748,mexc,AEVO/USDT:USDT,0.1083,321958,0.1082,1003621,0.1084,338542,0.1085,917429
1753591950123,04:52:30.123,mexc,AEVO/USDT:USDT,0.1083,321958,0.1082,1003621,0.1084,338542,0.1085,917429
1753591950249,04:52:30.249,mexc,AEVO/USDT:USDT,0.1083,321958,0.1082,1003621,0.1084,338542,0.1085,917429
1753591950541,04:52:30.541,mexc,AEVO/USDT:USDT,0.1083,321958,0.1082,1003621,0.1084,338542,0.1085,917429
1753591950652,04:52:30.652,mexc,AEVO/USDT:USDT,0.1083,321958,0.1082,1003621,0.1084,338542,0.1085,917429
1753591950946,04:52:30.946,mexc,AEVO/USDT:USDT,0.1083,321958,0.1082,1003621,0.1084,338542,0.1085,917429
1753591951042,04:52:31.042,mexc,AEVO/USDT:USDT,0.1083,321958,0.1082,1003621,0.1084,338542,0.1085,1175292
1753591951249,04:52:31.249,mexc,AEVO/USDT:USDT,0.1083,321958,0.1082,1365227,0.1084,338542,0.1085,1175292
1753591951542,04:52:31.542,mexc,AEVO/USDT:USDT,0.1083,321958,0.1082,1365227,0.1084,338542,0.1085,1122089
1753591951751,04:52:31.751,mexc,AEVO/USDT:USDT,0.1083,321958,0.1082,1003621,0.1084,338542,0.1085,1122089
1753591952042,04:52:32.042,mexc,AEVO/USDT:USDT,0.1083,321958,0.1082,1003621,0.1084,338542,0.1085,1227134
1753591952249,04:52:32.249,mexc,AEVO/USDT:USDT,0.1083,321958,0.1082,1003621,0.1084,338542,0.1085,1227134
1753591952543,04:52:32.543,mexc,AEVO/USDT:USDT,0.1083,321958,0.1082,1003621,0.1084,338542,0.1085,917429
1753591952750,04:52:32.750,mexc,AEVO/USDT:USDT,0.1083,321958,0.1082,1314080,0.1084,338542,0.1085,917429
1753591953042,04:52:33.042,mexc,AEVO/USDT:USDT,0.1083,321958,0.1082,1314080,0.1084,338542,0.1085,917429
1753591953250,04:52:33.250,mexc,AEVO/USDT:USDT,0.1083,321958,0.1082,1338451,0.1084,338542,0.1085,917429
1753591953639,04:52:33.639,mexc,AEVO/USDT:USDT,0.1083,321958,0.1082,1338451,0.1084,655786,0.1085,917429
1753591953750,04:52:33.750,mexc,AEVO/USDT:USDT,0.1083,303239,0.1082,1158465,0.1084,317244,0.1085,1023776
1753591954043,04:52:34.043,mexc,AEVO/USDT:USDT,0.1083,303239,0.1082,1158465,0.1084,317244,0.1085,1023776
1753591954153,04:52:34.153,mexc,AEVO/USDT:USDT,0.1083,303239,0.1082,1158465,0.1084,317244,0.1085,1435089
1753591954447,04:52:34.447,mexc,AEVO/USDT:USDT,0.1083,303239,0.1082,1316359,0.1084,317244,0.1085,1435089
1753591954542,04:52:34.542,mexc,AEVO/USDT:USDT,0.1083,303239,0.1082,1316359,0.1084,317244,0.1085,1189252
1753591954751,04:52:34.751,mexc,AEVO/USDT:USDT,0.1083,303239,0.1082,1158465,0.1084,317244,0.1085,1189252
1753591955043,04:52:35.043,mexc,AEVO/USDT:USDT,0.1083,303239,0.1082,1158465,0.1084,317244,0.1085,1023776
1753591955280,04:52:35.280,mexc,AEVO/USDT:USDT,0.1083,303239,0.1082,1158465,0.1084,317244,0.1085,1023776
1753591955543,04:52:35.543,mexc,AEVO/USDT:USDT,0.1083,303239,0.1082,1158465,0.1084,317244,0.1085,1023776
1753591955751,04:52:35.751,mexc,AEVO/USDT:USDT,0.1083,303239,0.1082,1158465,0.1084,317244,0.1085,1023776
1753591956126,04:52:36.126,mexc,AEVO/USDT:USDT,0.1083,303239,0.1082,1158465,0.1084,317244,0.1085,1129640
1753591956252,04:52:36.252,mexc,AEVO/USDT:USDT,0.1083,303239,0.1082,1367532,0.1084,317244,0.1085,1129640
1753591956544,04:52:36.544,mexc,AEVO/USDT:USDT,0.1083,303239,0.1082,1367532,0.1084,317244,0.1085,1023776
1753591956655,04:52:36.655,mexc,AEVO/USDT:USDT,0.1083,303239,0.1082,1158465,0.1084,317244,0.1085,1439755
1753591956947,04:52:36.947,mexc,AEVO/USDT:USDT,0.1083,303239,0.1082,1158465,0.1084,317244,0.1085,1439755
1753591957044,04:52:37.044,mexc,AEVO/USDT:USDT,0.1083,303239,0.1082,1158465,0.1084,317244,0.1085,1164003
1753591957252,04:52:37.252,mexc,AEVO/USDT:USDT,0.1083,303239,0.1082,1339178,0.1084,317244,0.1085,1164003
1753591957544,04:52:37.544,mexc,AEVO/USDT:USDT,0.1083,303239,0.1082,1339178,0.1084,317244,0.1085,1023776
1753591957753,04:52:37.753,mexc,AEVO/USDT:USDT,0.1083,303239,0.1082,1158465,0.1084,317244,0.1085,1023776
1753591958042,04:52:38.042,mexc,AEVO/USDT:USDT,0.1083,303239,0.1082,1158465,0.1084,317244,0.1085,1023776
1753591958252,04:52:38.252,mexc,AEVO/USDT:USDT,0.1083,303239,0.1082,1158465,0.1084,317244,0.1085,1023776
1753591958543,04:52:38.543,mexc,AEVO/USDT:USDT,0.1083,303239,0.1082,1158465,0.1084,317244,0.1085,1023776
1753591958754,04:52:38.754,mexc,AEVO/USDT:USDT,0.1083,303239,0.1082,1340910,0.1084,317244,0.1085,1023776
1753591959043,04:52:39.043,mexc,AEVO/USDT:USDT,0.1083,303239,0.1082,1340910,0.1084,317244,0.1085,1023776
1753591959253,04:52:39.253,mexc,AEVO/USDT:USDT,0.1083,303239,0.1082,1402737,0.1084,317244,0.1085,1023776
1753591959640,04:52:39.640,mexc,AEVO/USDT:USDT,0.1083,303239,0.1082,1402737,0.1084,616556,0.1085,1023776
1753591959757,04:52:39.757,mexc,AEVO/USDT:USDT,0.1083,303050,0.1082,1509785,0.1084,299312,0.1085,960657
1753591960045,04:52:40.045,mexc,AEVO/USDT:USDT,0.1083,303050,0.1082,1509785,0.1084,299312,0.1085,960657
1753591960160,04:52:40.160,mexc,AEVO/USDT:USDT,0.1083,303050,0.1082,1064313,0.1084,299312,0.1085,1431922
1753591960450,04:52:40.450,mexc,AEVO/USDT:USDT,0.1083,303050,0.1082,1215578,0.1084,299312,0.1085,1431922
1753591960543,04:52:40.543,mexc,AEVO/USDT:USDT,0.1083,303050,0.1082,1215578,0.1084,299312,0.1085,960657
1753591960754,04:52:40.754,mexc,AEVO/USDT:USDT,0.1083,303050,0.1082,1064313,0.1084,299312,0.1085,960657
1753591961044,04:52:41.044,mexc,AEVO/USDT:USDT,0.1083,303050,0.1082,1064313,0.1084,299312,0.1085,960657
1753591961285,04:52:41.285,mexc,AEVO/USDT:USDT,0.1083,303050,0.1082,1238482,0.1084,299312,0.1085,960657
1753591961544,04:52:41.544,mexc,AEVO/USDT:USDT,0.1083,303050,0.1082,1238482,0.1084,299312,0.1085,960657
1753591961755,04:52:41.755,mexc,AEVO/USDT:USDT,0.1083,303050,0.1082,1573661,0.1084,299312,0.1085,960657
1753591962125,04:52:42.125,mexc,AEVO/USDT:USDT,0.1083,303050,0.1082,1573661,0.1084,299312,0.1085,960657
1753591962255,04:52:42.255,mexc,AEVO/USDT:USDT,0.1083,303050,0.1082,1204062,0.1084,299312,0.1085,960657
1753591962545,04:52:42.545,mexc,AEVO/USDT:USDT,0.1083,303050,0.1082,1204062,0.1084,299312,0.1085,960657
1753591962659,04:52:42.659,mexc,AEVO/USDT:USDT,0.1083,303050,0.1082,1064313,0.1084,299312,0.1085,960657
1753591962948,04:52:42.948,mexc,AEVO/USDT:USDT,0.1083,303050,0.1082,1382939,0.1084,299312,0.1085,960657
1753591963045,04:52:43.045,mexc,AEVO/USDT:USDT,0.1083,303050,0.1082,1382939,0.1084,299312,0.1085,960657
1753591963255,04:52:43.255,mexc,AEVO/USDT:USDT,0.1083,303050,0.1082,1064313,0.1084,299312,0.1085,960657
1753591963546,04:52:43.546,mexc,AEVO/USDT:USDT,0.1083,303050,0.1082,1064313,0.1084,299312,0.1085,960657
1753591963757,04:52:43.757,mexc,AEVO/USDT:USDT,0.1083,303050,0.1082,1064313,0.1084,299312,0.1085,960657
1753591964045,04:52:44.045,mexc,AEVO/USDT:USDT,0.1083,303050,0.1082,1064313,0.1084,299312,0.1085,960657
1753591964329,04:52:44.329,mexc,AEVO/USDT:USDT,0.1083,303050,0.1082,1582771,0.1084,299312,0.1085,960657
1753591964545,04:52:44.545,mexc,AEVO/USDT:USDT,0.1083,303050,0.1082,1582771,0.1084,299312,0.1085,960657
1753591964813,04:52:44.813,mexc,AEVO/USDT:USDT,0.1083,303050,0.1082,1338925,0.1084,299312,0.1085,960657
1753591965045,04:52:45.045,mexc,AEVO/USDT:USDT,0.1083,303050,0.1082,1338925,0.1084,299312,0.1085,960657
1753591965314,04:52:45.314,mexc,AEVO/USDT:USDT,0.1083,303050,0.1082,1357837,0.1084,299312,0.1085,960657
1753591965642,04:52:45.642,mexc,AEVO/USDT:USDT,0.1083,303050,0.1082,1357837,0.1084,650291,0.1085,960657
1753591965815,04:52:45.815,mexc,AEVO/USDT:USDT,0.1083,262699,0.1082,1139147,0.1084,350979,0.1085,903886
1753591966046,04:52:46.046,mexc,AEVO/USDT:USDT,0.1083,262699,0.1082,1139147,0.1084,350979,0.1085,903886
1753591966217,04:52:46.217,mexc,AEVO/USDT:USDT,0.1083,262699,0.1082,1139147,0.1084,350979,0.1085,903886
1753591966455,04:52:46.455,mexc,AEVO/USDT:USDT,0.1083,262699,0.1082,1388544,0.1084,350979,0.1085,903886
1753591966547,04:52:46.547,mexc,AEVO/USDT:USDT,0.1083,262699,0.1082,1388544,0.1084,350979,0.1085,903886
1753591966817,04:52:46.817,mexc,AEVO/USDT:USDT,0.1083,262699,0.1082,1139147,0.1084,350979,0.1085,903886
1753591967046,04:52:47.046,mexc,AEVO/USDT:USDT,0.1083,262699,0.1082,1139147,0.1084,350979,0.1085,903886
1753591967316,04:52:47.316,mexc,AEVO/USDT:USDT,0.1083,262699,0.1082,1453829,0.1084,350979,0.1085,903886
1753591967547,04:52:47.547,mexc,AEVO/USDT:USDT,0.1083,262699,0.1082,1453829,0.1084,350979,0.1085,903886
1753591967816,04:52:47.816,mexc,AEVO/USDT:USDT,0.1083,262699,0.1082,1139147,0.1084,350979,0.1085,903886
1753591968129,04:52:48.129,mexc,AEVO/USDT:USDT,0.1083,262699,0.1082,1139147,0.1084,350979,0.1085,1038829
1753591968315,04:52:48.315,mexc,AEVO/USDT:USDT,0.1083,262699,0.1082,1541706,0.1084,350979,0.1085,1038829
1753591968548,04:52:48.548,mexc,AEVO/USDT:USDT,0.1083,262699,0.1082,1541706,0.1084,350979,0.1085,1046682
1753591968720,04:52:48.720,mexc,AEVO/USDT:USDT,0.1083,262699,0.1082,1139147,0.1084,350979,0.1085,1046682
1753591968951,04:52:48.951,mexc,AEVO/USDT:USDT,0.1083,262699,0.1082,1277821,0.1084,350979,0.1085,903886
1753591969047,04:52:49.047,mexc,AEVO/USDT:USDT,0.1083,262699,0.1082,1277821,0.1084,350979,0.1085,1214042
1753591969316,04:52:49.316,mexc,AEVO/USDT:USDT,0.1083,262699,0.1082,1274325,0.1084,350979,0.1085,1214042
1753591969547,04:52:49.547,mexc,AEVO/USDT:USDT,0.1083,262699,0.1082,1274325,0.1084,350979,0.1085,903886
1753591969816,04:52:49.816,mexc,AEVO/USDT:USDT,0.1083,262699,0.1082,1139147,0.1084,350979,0.1085,903886
1753591970047,04:52:50.047,mexc,AEVO/USDT:USDT,0.1083,262699,0.1082,1139147,0.1084,350979,0.1085,1088034
1753591970318,04:52:50.318,mexc,AEVO/USDT:USDT,0.1083,262699,0.1082,1139147,0.1084,350979,0.1085,1088034
1753591970549,04:52:50.549,mexc,AEVO/USDT:USDT,0.1083,262699,0.1082,1139147,0.1084,350979,0.1085,1085620
1753591970817,04:52:50.817,mexc,AEVO/USDT:USDT,0.1083,262699,0.1082,1583546,0.1084,350979,0.1085,1085620
1753591971048,04:52:51.048,mexc,AEVO/USDT:USDT,0.1083,262699,0.1082,1583546,0.1084,350979,0.1085,903886
1753591971318,04:52:51.318,mexc,AEVO/USDT:USDT,0.1083,262699,0.1082,1514038,0.1084,350979,0.1085,903886
1753591971640,04:52:51.640,mexc,AEVO/USDT:USDT,0.1083,262699,0.1082,1514038,0.1084,441462,0.1085,903886
1753591971817,04:52:51.817,mexc,AEVO/USDT:USDT,0.1083,560155,0.1082,1186352,0.1084,90483,0.1085,1039290
1753591972114,04:52:52.114,mexc,AEVO/USDT:USDT,0.1083,560155,0.1082,1186352,0.1084,90483,0.1085,1459826
1753591972221,04:52:52.221,mexc,AEVO/USDT:USDT,0.1083,560155,0.1082,1186352,0.1084,90483,0.1085,1459826
1753591972517,04:52:52.517,mexc,AEVO/USDT:USDT,0.1083,560155,0.1082,1186352,0.1084,90483,0.1085,1039290
1753591972613,04:52:52.613,mexc,AEVO/USDT:USDT,0.1083,560155,0.1082,1186352,0.1084,90483,0.1085,1157435
1753591972818,04:52:52.818,mexc,AEVO/USDT:USDT,0.1083,560155,0.1082,1671875,0.1084,90483,0.1085,1157435
1753591973198,04:52:53.198,mexc,AEVO/USDT:USDT,0.1083,560155,0.1082,1671875,0.1084,90483,0.1085,1350218
1753591973320,04:52:53.320,mexc,AEVO/USDT:USDT,0.1083,560155,0.1082,1737050,0.1084,90483,0.1085,1350218
1753591973614,04:52:53.614,mexc,AEVO/USDT:USDT,0.1083,560155,0.1082,1737050,0.1084,90483,0.1085,1039290
1753591973723,04:52:53.723,mexc,AEVO/USDT:USDT,0.1083,560155,0.1082,1186352,0.1084,90483,0.1085,1039290
1753591974018,04:52:54.018,mexc,AEVO/USDT:USDT,0.1083,560155,0.1082,1186352,0.1084,90483,0.1085,1039290
1753591974116,04:52:54.116,mexc,AEVO/USDT:USDT,0.1083,560155,0.1082,1186352,0.1084,90483,0.1085,1039290
1753591974320,04:52:54.320,mexc,AEVO/USDT:USDT,0.1083,560155,0.1082,1186352,0.1084,90483,0.1085,1039290
1753591974616,04:52:54.616,mexc,AEVO/USDT:USDT,0.1083,560155,0.1082,1186352,0.1084,90483,0.1085,1039290
1753591974821,04:52:54.821,mexc,AEVO/USDT:USDT,0.1083,560155,0.1082,1186352,0.1084,90483,0.1085,1039290
1753591975115,04:52:55.115,mexc,AEVO/USDT:USDT,0.1083,560155,0.1082,1186352,0.1084,90483,0.1085,1039290
1753591975320,04:52:55.320,mexc,AEVO/USDT:USDT,0.1083,560155,0.1082,1186352,0.1084,90483,0.1085,1039290
1753591975619,04:52:55.619,mexc,AEVO/USDT:USDT,0.1083,560155,0.1082,1186352,0.1084,90483,0.1085,1544898
1753591975821,04:52:55.821,mexc,AEVO/USDT:USDT,0.1083,560155,0.1082,1186352,0.1084,90483,0.1085,1544898
1753591976117,04:52:56.117,mexc,AEVO/USDT:USDT,0.1083,560155,0.1082,1186352,0.1084,90483,0.1085,1039290
1753591976321,04:52:56.321,mexc,AEVO/USDT:USDT,0.1083,560155,0.1082,1338684,0.1084,90483,0.1085,1039290
1753591976724,04:52:56.724,mexc,AEVO/USDT:USDT,0.1083,560155,0.1082,1186352,0.1084,90483,0.1085,1674728
1753591976821,04:52:56.821,mexc,AEVO/USDT:USDT,0.1083,560155,0.1082,1186352,0.1084,90483,0.1085,1674728
1753591977223,04:52:57.223,mexc,AEVO/USDT:USDT,0.1083,560155,0.1082,1186352,0.1084,90483,0.1085,1039290
1753591977322,04:52:57.322,mexc,AEVO/USDT:USDT,0.1083,560155,0.1082,1944040,0.1084,90483,0.1085,1039290
1753591977643,04:52:57.643,mexc,AEVO/USDT:USDT,0.1083,560155,0.1082,1944040,0.1084,212651,0.1085,1039290
1753591977825,04:52:57.825,mexc,AEVO/USDT:USDT,0.1083,723408,0.1082,1507850,0.1084,122168,0.1085,821926
1753591978118,04:52:58.118,mexc,AEVO/USDT:USDT,0.1083,723408,0.1082,1507850,0.1084,122168,0.1085,821926
1753591978227,04:52:58.227,mexc,AEVO/USDT:USDT,0.1083,723408,0.1082,1216429,0.1084,122168,0.1085,821926
1753591978520,04:52:58.520,mexc,AEVO/USDT:USDT,0.1083,723408,0.1082,1784263,0.1084,122168,0.1085,821926
1753591978728,04:52:58.728,mexc,AEVO/USDT:USDT,0.1083,723408,0.1082,1216429,0.1084,122168,0.1085,821926
1753591978827,04:52:58.827,mexc,AEVO/USDT:USDT,0.1083,723408,0.1082,1216429,0.1084,122168,0.1085,821926
1753591979201,04:52:59.201,mexc,AEVO/USDT:USDT,0.1083,723408,0.1082,1216429,0.1084,122168,0.1085,821926
1753591979330,04:52:59.330,mexc,AEVO/USDT:USDT,0.1083,723408,0.1082,1216429,0.1084,122168,0.1085,821926
1753591979616,04:52:59.616,mexc,AEVO/USDT:USDT,0.1083,723408,0.1082,1216429,0.1084,122168,0.1085,821926
1753591979733,04:52:59.733,mexc,AEVO/USDT:USDT,0.1083,723408,0.1082,1216429,0.1084,122168,0.1085,821926
1753591980021,04:53:00.021,mexc,AEVO/USDT:USDT,0.1083,723408,0.1082,1216429,0.1084,122168,0.1085,821926
1753591980116,04:53:00.116,mexc,AEVO/USDT:USDT,0.1083,723408,0.1082,1216429,0.1084,122168,0.1085,920900
1753591980326,04:53:00.326,mexc,AEVO/USDT:USDT,0.1083,723408,0.1082,1615425,0.1084,122168,0.1085,920900
1753591980617,04:53:00.617,mexc,AEVO/USDT:USDT,0.1083,723408,0.1082,1615425,0.1084,122168,0.1085,821926
1753591980825,04:53:00.825,mexc,AEVO/USDT:USDT,0.1083,723408,0.1082,1717799,0.1084,122168,0.1085,821926
1753591981118,04:53:01.118,mexc,AEVO/USDT:USDT,0.1083,723408,0.1082,1717799,0.1084,122168,0.1085,1045446
1753591981326,04:53:01.326,mexc,AEVO/USDT:USDT,0.1083,723408,0.1082,1709611,0.1084,122168,0.1085,1045446
1753591981618,04:53:01.618,mexc,AEVO/USDT:USDT,0.1084,634372,0.1083,723408,0.1085,821926,0.1086,1217693
1753591982022,04:53:02.022,mexc,AEVO/USDT:USDT,0.1084,634372,0.1083,723408,0.1085,821926,0.1086,1217693
1753591982119,04:53:02.119,mexc,AEVO/USDT:USDT,0.1084,634372,0.1083,723408,0.1085,821926,0.1086,1217693
1753591982326,04:53:02.326,mexc,AEVO/USDT:USDT,0.1084,634372,0.1083,723408,0.1085,821926,0.1086,1217693
1753591982619,04:53:02.619,mexc,AEVO/USDT:USDT,0.1084,634372,0.1083,723408,0.1085,821926,0.1086,1217693
1753591982827,04:53:02.827,mexc,AEVO/USDT:USDT,0.1084,634372,0.1083,723408,0.1085,821926,0.1086,1217693
1753591983119,04:53:03.119,mexc,AEVO/USDT:USDT,0.1084,634372,0.1083,723408,0.1085,821926,0.1086,1217693
1753591983326,04:53:03.326,mexc,AEVO/USDT:USDT,0.1084,634372,0.1083,723408,0.1085,821926,0.1086,1217693
1753591983621,04:53:03.621,mexc,AEVO/USDT:USDT,0.1084,634372,0.1083,723408,0.1085,821926,0.1086,1217693
1753591983827,04:53:03.827,mexc,AEVO/USDT:USDT,0.1084,634372,0.1083,1324892,0.1085,821926,0.1086,1217693
1753591984120,04:53:04.120,mexc,AEVO/USDT:USDT,0.1084,634372,0.1083,1324892,0.1085,821926,0.1086,1418382
1753591984327,04:53:04.327,mexc,AEVO/USDT:USDT,0.1084,634372,0.1083,723408,0.1085,821926,0.1086,1418382
1753591984620,04:53:04.620,mexc,AEVO/USDT:USDT,0.1083,723408,0.1082,1216429,0.1084,686934,0.1085,821926
1753591985023,04:53:05.023,mexc,AEVO/USDT:USDT,0.1083,723408,0.1082,1216429,0.1084,686934,0.1085,821926
1753591985215,04:53:05.215,mexc,AEVO/USDT:USDT,0.1083,723408,0.1082,1216429,0.1084,686934,0.1085,1042529
1753591985365,04:53:05.365,mexc,AEVO/USDT:USDT,0.1083,723408,0.1082,1216429,0.1084,686934,0.1085,1042529
1753591985621,04:53:05.621,mexc,AEVO/USDT:USDT,0.1084,648736,0.1083,723408,0.1085,821926,0.1086,1468027
1753591985851,04:53:05.851,mexc,AEVO/USDT:USDT,0.1084,534987,0.1083,723408,0.1085,821926,0.1086,1217693
1753591986113,04:53:06.113,mexc,AEVO/USDT:USDT,0.1084,534987,0.1083,723408,0.1085,821926,0.1086,1217693
1753591986125,04:53:06.125,mexc,AEVO/USDT:USDT,0.1083,723408,0.1082,1216429,0.1084,587208,0.1085,821926
1753591986328,04:53:06.328,mexc,AEVO/USDT:USDT,0.1083,723408,0.1082,1216429,0.1084,587208,0.1085,821926
1753591986733,04:53:06.733,mexc,AEVO/USDT:USDT,0.1083,723408,0.1082,1216429,0.1084,587208,0.1085,821926
1753591986827,04:53:06.827,mexc,AEVO/USDT:USDT,0.1083,723408,0.1082,1216429,0.1084,587208,0.1085,821926
1753591987121,04:53:07.121,mexc,AEVO/USDT:USDT,0.1083,723408,0.1082,1216429,0.1084,587208,0.1085,821926
1753591987329,04:53:07.329,mexc,AEVO/USDT:USDT,0.1083,723408,0.1082,1216429,0.1084,587208,0.1085,821926
1753591987620,04:53:07.620,mexc,AEVO/USDT:USDT,0.1083,723408,0.1082,1216429,0.1084,587208,0.1085,1606448
1753591987829,04:53:07.829,mexc,AEVO/USDT:USDT,0.1083,723408,0.1082,1442158,0.1084,587208,0.1085,1606448
1753591988125,04:53:08.125,mexc,AEVO/USDT:USDT,0.1083,723408,0.1082,1442158,0.1084,587208,0.1085,821926
1753591988330,04:53:08.330,mexc,AEVO/USDT:USDT,0.1083,723408,0.1082,1216429,0.1084,587208,0.1085,821926
1753591988622,04:53:08.622,mexc,AEVO/USDT:USDT,0.1083,723408,0.1082,1216429,0.1084,587208,0.1085,821926
1753591988830,04:53:08.830,mexc,AEVO/USDT:USDT,0.1083,723408,0.1082,1364727,0.1084,587208,0.1085,821926
1753591989123,04:53:09.123,mexc,AEVO/USDT:USDT,0.1083,723408,0.1082,1364727,0.1084,587208,0.1085,821926
1753591989331,04:53:09.331,mexc,AEVO/USDT:USDT,0.1083,723408,0.1082,1216429,0.1084,587208,0.1085,821926
1753591989626,04:53:09.626,mexc,AEVO/USDT:USDT,0.1083,723408,0.1082,1216429,0.1084,587208,0.1085,973643
1753591989832,04:53:09.832,mexc,AEVO/USDT:USDT,0.1083,723408,0.1082,1216429,0.1084,587208,0.1085,973643
1753591990127,04:53:10.127,mexc,AEVO/USDT:USDT,0.1083,723408,0.1082,1216429,0.1084,587208,0.1085,821926
1753591990331,04:53:10.331,mexc,AEVO/USDT:USDT,0.1083,723408,0.1082,1447350,0.1084,587208,0.1085,821926
1753591990625,04:53:10.625,mexc,AEVO/USDT:USDT,0.1083,723408,0.1082,1447350,0.1084,587208,0.1085,821926
1753591990832,04:53:10.832,mexc,AEVO/USDT:USDT,0.1083,723408,0.1082,1216429,0.1084,587208,0.1085,821926
1753591991203,04:53:11.203,mexc,AEVO/USDT:USDT,0.1083,723408,0.1082,1216429,0.1084,587208,0.1085,821926
1753591991384,04:53:11.384,mexc,AEVO/USDT:USDT,0.1083,723408,0.1082,1216429,0.1084,587208,0.1085,821926
1753591991626,04:53:11.626,mexc,AEVO/USDT:USDT,0.1083,723408,0.1082,1216429,0.1084,587208,0.1085,821926
1753591991732,04:53:11.732,mexc,AEVO/USDT:USDT,0.1083,740285,0.1082,1046641,0.1084,188588,0.1085,761049
1753591991833,04:53:11.833,mexc,AEVO/USDT:USDT,0.1083,740285,0.1082,1243262,0.1084,188588,0.1085,761049
1753591992236,04:53:12.236,mexc,AEVO/USDT:USDT,0.1083,740285,0.1082,1243262,0.1084,188588,0.1085,761049
1753591992334,04:53:12.334,mexc,AEVO/USDT:USDT,0.1083,740285,0.1082,1046641,0.1084,188588,0.1085,761049
1753591992628,04:53:12.628,mexc,AEVO/USDT:USDT,0.1083,740285,0.1082,1046641,0.1084,188588,0.1085,761049
1753591992837,04:53:12.837,mexc,AEVO/USDT:USDT,0.1083,740285,0.1082,1497561,0.1084,188588,0.1085,761049
1753591993128,04:53:13.128,mexc,AEVO/USDT:USDT,0.1083,740285,0.1082,1497561,0.1084,188588,0.1085,761049
1753591993337,04:53:13.337,mexc,AEVO/USDT:USDT,0.1083,740285,0.1082,1445944,0.1084,188588,0.1085,761049
1753591993627,04:53:13.627,mexc,AEVO/USDT:USDT,0.1083,740285,0.1082,1445944,0.1084,188588,0.1085,761049
1753591993838,04:53:13.838,mexc,AEVO/USDT:USDT,0.1083,740285,0.1082,1046641,0.1084,188588,0.1085,761049
1753591994129,04:53:14.129,mexc,AEVO/USDT:USDT,0.1083,740285,0.1082,1046641,0.1084,188588,0.1085,761049
1753591994336,04:53:14.336,mexc,AEVO/USDT:USDT,0.1083,740285,0.1082,1506735,0.1084,188588,0.1085,761049
1753591994629,04:53:14.629,mexc,AEVO/USDT:USDT,0.1083,740285,0.1082,1506735,0.1084,188588,0.1085,761049
1753591994837,04:53:14.837,mexc,AEVO/USDT:USDT,0.1083,740285,0.1082,1046641,0.1084,188588,0.1085,761049
1753591995129,04:53:15.129,mexc,AEVO/USDT:USDT,0.1083,740285,0.1082,1046641,0.1084,188588,0.1085,761049
1753591995337,04:53:15.337,mexc,AEVO/USDT:USDT,0.1083,740285,0.1082,1046641,0.1084,188588,0.1085,761049
1753591995630,04:53:15.630,mexc,AEVO/USDT:USDT,0.1083,740285,0.1082,1046641,0.1084,188588,0.1085,1381510
1753591995837,04:53:15.837,mexc,AEVO/USDT:USDT,0.1083,740285,0.1082,1046641,0.1084,188588,0.1085,1381510
1753591996131,04:53:16.131,mexc,AEVO/USDT:USDT,0.1083,740285,0.1082,1046641,0.1084,188588,0.1085,761049
1753591996338,04:53:16.338,mexc,AEVO/USDT:USDT,0.1083,740285,0.1082,1046641,0.1084,188588,0.1085,761049
1753591996631,04:53:16.631,mexc,AEVO/USDT:USDT,0.1083,740285,0.1082,1046641,0.1084,188588,0.1085,761049
1753591996837,04:53:16.837,mexc,AEVO/USDT:USDT,0.1083,740285,0.1082,1462571,0.1084,188588,0.1085,761049
1753591997207,04:53:17.207,mexc,AEVO/USDT:USDT,0.1083,740285,0.1082,1462571,0.1084,188588,0.1085,761049
1753591997338,04:53:17.338,mexc,AEVO/USDT:USDT,0.1083,740285,0.1082,1046641,0.1084,188588,0.1085,761049
1753591997631,04:53:17.631,mexc,AEVO/USDT:USDT,0.1083,740285,0.1082,1046641,0.1084,188588,0.1085,761049
1753591997733,04:53:17.733,mexc,AEVO/USDT:USDT,0.1083,606404,0.1082,1165083,0.1084,328418,0.1085,1131092
1753591997838,04:53:17.838,mexc,AEVO/USDT:USDT,0.1083,606404,0.1082,1165083,0.1084,328418,0.1085,1131092
1753591998242,04:53:18.242,mexc,AEVO/USDT:USDT,0.1083,606404,0.1082,1165083,0.1084,328418,0.1085,1247412
1753591998339,04:53:18.339,mexc,AEVO/USDT:USDT,0.1083,606404,0.1082,1165083,0.1084,328418,0.1085,1247412
1753591998742,04:53:18.742,mexc,AEVO/USDT:USDT,0.1083,606404,0.1082,1165083,0.1084,328418,0.1085,1131092
1753591998839,04:53:18.839,mexc,AEVO/USDT:USDT,0.1083,606404,0.1082,1566884,0.1084,328418,0.1085,1131092
1753591999135,04:53:19.135,mexc,AEVO/USDT:USDT,0.1083,606404,0.1082,1566884,0.1084,328418,0.1085,1131092
1753591999340,04:53:19.340,mexc,AEVO/USDT:USDT,0.1083,606404,0.1082,1614636,0.1084,328418,0.1085,1131092
1753591999633,04:53:19.633,mexc,AEVO/USDT:USDT,0.1083,606404,0.1082,1614636,0.1084,328418,0.1085,1354470
1753591999840,04:53:19.840,mexc,AEVO/USDT:USDT,0.1083,606404,0.1082,1165083,0.1084,328418,0.1085,1354470
1753592000136,04:53:20.136,mexc,AEVO/USDT:USDT,0.1083,606404,0.1082,1165083,0.1084,328418,0.1085,1131092
1753592000339,04:53:20.339,mexc,AEVO/USDT:USDT,0.1083,606404,0.1082,1165083,0.1084,328418,0.1085,1131092
1753592000636,04:53:20.636,mexc,AEVO/USDT:USDT,0.1083,606404,0.1082,1165083,0.1084,328418,0.1085,1131092
1753592000840,04:53:20.840,mexc,AEVO/USDT:USDT,0.1083,606404,0.1082,1165083,0.1084,328418,0.1085,1131092
1753592001134,04:53:21.134,mexc,AEVO/USDT:USDT,0.1083,606404,0.1082,1165083,0.1084,328418,0.1085,1451866
1753592001339,04:53:21.339,mexc,AEVO/USDT:USDT,0.1083,606404,0.1082,1450469,0.1084,328418,0.1085,1451866
1753592001634,04:53:21.634,mexc,AEVO/USDT:USDT,0.1083,606404,0.1082,1450469,0.1084,328418,0.1085,1131092
1753592001840,04:53:21.840,mexc,AEVO/USDT:USDT,0.1083,606404,0.1082,1165083,0.1084,328418,0.1085,1131092
1753592002134,04:53:22.134,mexc,AEVO/USDT:USDT,0.1083,606404,0.1082,1165083,0.1084,328418,0.1085,1131092
1753592002340,04:53:22.340,mexc,AEVO/USDT:USDT,0.1083,606404,0.1082,1165083,0.1084,328418,0.1085,1131092
1753592002638,04:53:22.638,mexc,AEVO/USDT:USDT,0.1083,606404,0.1082,1165083,0.1084,328418,0.1085,1345523
1753592002840,04:53:22.840,mexc,AEVO/USDT:USDT,0.1083,606404,0.1082,1165083,0.1084,328418,0.1085,1345523
1753592003210,04:53:23.210,mexc,AEVO/USDT:USDT,0.1083,606404,0.1082,1165083,0.1084,328418,0.1085,1596310
1753592003340,04:53:23.340,mexc,AEVO/USDT:USDT,0.1083,606404,0.1082,1490649,0.1084,328418,0.1085,1596310
1753592003635,04:53:23.635,mexc,AEVO/USDT:USDT,0.1083,606404,0.1082,1490649,0.1084,328418,0.1085,1131092
1753592003733,04:53:23.733,mexc,AEVO/USDT:USDT,0.1083,766095,0.1082,970695,0.1084,14230,0.1085,769333
1753592003840,04:53:23.840,mexc,AEVO/USDT:USDT,0.1083,766095,0.1082,970695,0.1084,14230,0.1085,769333
1753592004244,04:53:24.244,mexc,AEVO/USDT:USDT,0.1083,766095,0.1082,970695,0.1084,14230,0.1085,769333
1753592004341,04:53:24.341,mexc,AEVO/USDT:USDT,0.1083,766095,0.1082,1267312,0.1084,14230,0.1085,769333
1753592004636,04:53:24.636,mexc,AEVO/USDT:USDT,0.1083,766095,0.1082,1267312,0.1084,14230,0.1085,1038978
1753592004840,04:53:24.840,mexc,AEVO/USDT:USDT,0.1083,766095,0.1082,1354273,0.1084,14230,0.1085,1038978
1753592005136,04:53:25.136,mexc,AEVO/USDT:USDT,0.1083,766095,0.1082,1354273,0.1084,14230,0.1085,1035777
1753592005340,04:53:25.340,mexc,AEVO/USDT:USDT,0.1083,766095,0.1082,970695,0.1084,14230,0.1085,1035777
1753592005633,04:53:25.633,mexc,AEVO/USDT:USDT,0.1083,766095,0.1082,970695,0.1084,14230,0.1085,1006249
1753592005840,04:53:25.840,mexc,AEVO/USDT:USDT,0.1083,766095,0.1082,970695,0.1084,14230,0.1085,1006249
1753592006135,04:53:26.135,mexc,AEVO/USDT:USDT,0.1083,766095,0.1082,970695,0.1084,14230,0.1085,1123280
1753592006340,04:53:26.340,mexc,AEVO/USDT:USDT,0.1083,766095,0.1082,1146220,0.1084,14230,0.1085,1123280
1753592006638,04:53:26.638,mexc,AEVO/USDT:USDT,0.1083,766095,0.1082,1146220,0.1084,14230,0.1085,979555
1753592006841,04:53:26.841,mexc,AEVO/USDT:USDT,0.1083,766095,0.1082,970695,0.1084,14230,0.1085,979555
1753592007136,04:53:27.136,mexc,AEVO/USDT:USDT,0.1083,766095,0.1082,970695,0.1084,14230,0.1085,769333
1753592007341,04:53:27.341,mexc,AEVO/USDT:USDT,0.1083,766095,0.1082,970695,0.1084,14230,0.1085,769333
1753592007638,04:53:27.638,mexc,AEVO/USDT:USDT,0.1083,766095,0.1082,970695,0.1084,14230,0.1085,769333
1753592007841,04:53:27.841,mexc,AEVO/USDT:USDT,0.1083,766095,0.1082,970695,0.1084,14230,0.1085,769333
1753592008140,04:53:28.140,mexc,AEVO/USDT:USDT,0.1083,766095,0.1082,970695,0.1084,14230,0.1085,917769
1753592008341,04:53:28.341,mexc,AEVO/USDT:USDT,0.1083,766095,0.1082,1218782,0.1084,14230,0.1085,917769
1753592008641,04:53:28.641,mexc,AEVO/USDT:USDT,0.1083,766095,0.1082,1218782,0.1084,14230,0.1085,769333
1753592008842,04:53:28.842,mexc,AEVO/USDT:USDT,0.1083,766095,0.1082,1586952,0.1084,14230,0.1085,769333
1753592009211,04:53:29.211,mexc,AEVO/USDT:USDT,0.1083,766095,0.1082,1586952,0.1084,14230,0.1085,1002027
1753592009342,04:53:29.342,mexc,AEVO/USDT:USDT,0.1083,766095,0.1082,1627796,0.1084,14230,0.1085,1002027
1753592009640,04:53:29.640,mexc,AEVO/USDT:USDT,0.1083,766095,0.1082,1627796,0.1084,14230,0.1085,769333
1753592009736,04:53:29.736,mexc,AEVO/USDT:USDT,0.1083,974494,0.1082,1141483,0.1084,14584,0.1085,702213
1753592009842,04:53:29.842,mexc,AEVO/USDT:USDT,0.1083,974494,0.1082,1141483,0.1084,14584,0.1085,702213
1753592010245,04:53:30.245,mexc,AEVO/USDT:USDT,0.1083,974494,0.1082,1141483,0.1084,14584,0.1085,818015
1753592010343,04:53:30.343,mexc,AEVO/USDT:USDT,0.1083,974494,0.1082,1315006,0.1084,14584,0.1085,818015
1753592010644,04:53:30.644,mexc,AEVO/USDT:USDT,0.1083,974494,0.1082,1315006,0.1084,14584,0.1085,702213
1753592010843,04:53:30.843,mexc,AEVO/USDT:USDT,0.1083,974494,0.1082,1414909,0.1084,14584,0.1085,702213
1753592011140,04:53:31.140,mexc,AEVO/USDT:USDT,0.1083,974494,0.1082,1414909,0.1084,14584,0.1085,1038903
1753592011344,04:53:31.344,mexc,AEVO/USDT:USDT,0.1083,974494,0.1082,2102620,0.1084,14584,0.1085,1038903
1753592011638,04:53:31.638,mexc,AEVO/USDT:USDT,0.1083,974494,0.1082,2102620,0.1084,14584,0.1085,702213
1753592011844,04:53:31.844,mexc,AEVO/USDT:USDT,0.1083,974494,0.1082,1141483,0.1084,14584,0.1085,702213
1753592012142,04:53:32.142,mexc,AEVO/USDT:USDT,0.1083,974494,0.1082,1141483,0.1084,14584,0.1085,702213
1753592012343,04:53:32.343,mexc,AEVO/USDT:USDT,0.1083,974494,0.1082,1141483,0.1084,14584,0.1085,702213
1753592012639,04:53:32.639,mexc,AEVO/USDT:USDT,0.1083,974494,0.1082,1141483,0.1084,14584,0.1085,1023660
1753592012844,04:53:32.844,mexc,AEVO/USDT:USDT,0.1083,974494,0.1082,1422595,0.1084,14584,0.1085,1023660
1753592013141,04:53:33.141,mexc,AEVO/USDT:USDT,0.1083,974494,0.1082,1422595,0.1084,14584,0.1085,702213
1753592013343,04:53:33.343,mexc,AEVO/USDT:USDT,0.1083,974494,0.1082,1719236,0.1084,14584,0.1085,702213
1753592013642,04:53:33.642,mexc,AEVO/USDT:USDT,0.1083,974494,0.1082,1719236,0.1084,14584,0.1085,1051537
1753592013846,04:53:33.846,mexc,AEVO/USDT:USDT,0.1083,974494,0.1082,1141483,0.1084,14584,0.1085,1051537
1753592014140,04:53:34.140,mexc,AEVO/USDT:USDT,0.1083,974494,0.1082,1141483,0.1084,14584,0.1085,702213
1753592014344,04:53:34.344,mexc,AEVO/USDT:USDT,0.1083,974494,0.1082,1479272,0.1084,14584,0.1085,702213
1753592014642,04:53:34.642,mexc,AEVO/USDT:USDT,0.1083,974494,0.1082,1479272,0.1084,14584,0.1085,702213
1753592014845,04:53:34.845,mexc,AEVO/USDT:USDT,0.1083,974494,0.1082,1141483,0.1084,14584,0.1085,702213
1753592015213,04:53:35.213,mexc,AEVO/USDT:USDT,0.1083,974494,0.1082,1141483,0.1084,14584,0.1085,783885
1753592015345,04:53:35.345,mexc,AEVO/USDT:USDT,0.1083,974494,0.1082,1141483,0.1084,14584,0.1085,783885
1753592015641,04:53:35.641,mexc,AEVO/USDT:USDT,0.1083,974494,0.1082,1141483,0.1084,14584,0.1085,702213
1753592015739,04:53:35.739,mexc,AEVO/USDT:USDT,0.1083,883299,0.1082,949302,0.1084,13327,0.1085,831392
1753592015845,04:53:35.845,mexc,AEVO/USDT:USDT,0.1083,883299,0.1082,1351249,0.1084,13327,0.1085,831392
1753592016248,04:53:36.248,mexc,AEVO/USDT:USDT,0.1083,883299,0.1082,1351249,0.1084,13327,0.1085,831392
1753592016345,04:53:36.345,mexc,AEVO/USDT:USDT,0.1083,883299,0.1082,949302,0.1084,13327,0.1085,831392
1753592016643,04:53:36.643,mexc,AEVO/USDT:USDT,0.1083,883299,0.1082,949302,0.1084,13327,0.1085,1061656
1753592016845,04:53:36.845,mexc,AEVO/USDT:USDT,0.1083,883299,0.1082,1115171,0.1084,13327,0.1085,1061656
1753592017141,04:53:37.141,mexc,AEVO/USDT:USDT,0.1083,883299,0.1082,1115171,0.1084,13327,0.1085,831392
1753592017345,04:53:37.345,mexc,AEVO/USDT:USDT,0.1083,883299,0.1082,949302,0.1084,13327,0.1085,831392
1753592017642,04:53:37.642,mexc,AEVO/USDT:USDT,0.1084,1122695,0.1083,883299,0.1085,831392,0.1086,1228512
1753592018043,04:53:38.043,mexc,AEVO/USDT:USDT,0.1084,1122695,0.1083,1283700,0.1085,831392,0.1086,928313
1753592018143,04:53:38.143,mexc,AEVO/USDT:USDT,0.1084,1122695,0.1083,1283700,0.1085,831392,0.1086,928313
1753592018345,04:53:38.345,mexc,AEVO/USDT:USDT,0.1084,1122695,0.1083,883299,0.1085,831392,0.1086,928313
1753592018640,04:53:38.640,mexc,AEVO/USDT:USDT,0.1084,1122695,0.1083,883299,0.1085,831392,0.1086,928313
1753592018844,04:53:38.844,mexc,AEVO/USDT:USDT,0.1084,1122695,0.1083,883299,0.1085,831392,0.1086,928313
1753592019142,04:53:39.142,mexc,AEVO/USDT:USDT,0.1084,1122695,0.1083,883299,0.1085,831392,0.1086,1353298
1753592019346,04:53:39.346,mexc,AEVO/USDT:USDT,0.1084,1122695,0.1083,883299,0.1085,831392,0.1086,1353298
1753592019642,04:53:39.642,mexc,AEVO/USDT:USDT,0.1084,1122695,0.1083,883299,0.1085,831392,0.1086,928313
1753592019846,04:53:39.846,mexc,AEVO/USDT:USDT,0.1084,1122695,0.1083,1086201,0.1085,831392,0.1086,928313
1753592020141,04:53:40.141,mexc,AEVO/USDT:USDT,0.1084,1122695,0.1083,1086201,0.1085,831392,0.1086,1142035
1753592020349,04:53:40.349,mexc,AEVO/USDT:USDT,0.1084,1122695,0.1083,883299,0.1085,831392,0.1086,1142035
1753592020642,04:53:40.642,mexc,AEVO/USDT:USDT,0.1084,1122695,0.1083,883299,0.1085,831392,0.1086,928313
1753592020848,04:53:40.848,mexc,AEVO/USDT:USDT,0.1084,1122695,0.1083,1187437,0.1085,831392,0.1086,928313
1753592021214,04:53:41.214,mexc,AEVO/USDT:USDT,0.1084,1122695,0.1083,1187437,0.1085,831392,0.1086,928313
1753592021349,04:53:41.349,mexc,AEVO/USDT:USDT,0.1084,1122695,0.1083,1159927,0.1085,831392,0.1086,928313
1753592021643,04:53:41.643,mexc,AEVO/USDT:USDT,0.1084,1122695,0.1083,1159927,0.1085,831392,0.1086,928313
1753592021753,04:53:41.753,mexc,AEVO/USDT:USDT,0.1084,1122695,0.1083,883299,0.1085,831392,0.1086,928313
1753592022045,04:53:42.045,mexc,AEVO/USDT:USDT,0.1084,1122695,0.1083,883299,0.1085,831392,0.1086,928313
1753592022143,04:53:42.143,mexc,AEVO/USDT:USDT,0.1084,1122695,0.1083,883299,0.1085,831392,0.1086,928313
1753592022348,04:53:42.348,mexc,AEVO/USDT:USDT,0.1084,1122695,0.1083,1119190,0.1085,831392,0.1086,928313
1753592022728,04:53:42.728,mexc,AEVO/USDT:USDT,0.1084,1122695,0.1083,1119190,0.1085,1343092,0.1086,928313
1753592022849,04:53:42.849,mexc,AEVO/USDT:USDT,0.1084,90603,0.1083,1596648,0.1085,511706,0.1086,918218
1753592023142,04:53:43.142,mexc,AEVO/USDT:USDT,0.1084,90603,0.1083,1596648,0.1085,511706,0.1086,1211916
1753592023252,04:53:43.252,mexc,AEVO/USDT:USDT,0.1084,90603,0.1083,1071509,0.1085,511706,0.1086,1211916
1753592023546,04:53:43.546,mexc,AEVO/USDT:USDT,0.1084,90603,0.1083,1493088,0.1085,511706,0.1086,918218
1753592023641,04:53:43.641,mexc,AEVO/USDT:USDT,0.1084,90603,0.1083,1493088,0.1085,511706,0.1086,918218
1753592023852,04:53:43.852,mexc,AEVO/USDT:USDT,0.1084,90603,0.1083,1071509,0.1085,511706,0.1086,918218
1753592024142,04:53:44.142,mexc,AEVO/USDT:USDT,0.1084,90603,0.1083,1071509,0.1085,511706,0.1086,918218
1753592024352,04:53:44.352,mexc,AEVO/USDT:USDT,0.1084,90603,0.1083,1545346,0.1085,511706,0.1086,918218
1753592024643,04:53:44.643,mexc,AEVO/USDT:USDT,0.1084,90603,0.1083,1545346,0.1085,511706,0.1086,1055406
1753592024852,04:53:44.852,mexc,AEVO/USDT:USDT,0.1084,90603,0.1083,1292211,0.1085,511706,0.1086,1055406
1753592025142,04:53:45.142,mexc,AEVO/USDT:USDT,0.1084,90603,0.1083,1292211,0.1085,511706,0.1086,918218
1753592025353,04:53:45.353,mexc,AEVO/USDT:USDT,0.1084,90603,0.1083,1596829,0.1085,511706,0.1086,918218
1753592025644,04:53:45.644,mexc,AEVO/USDT:USDT,0.1084,90603,0.1083,1596829,0.1085,511706,0.1086,918218
1753592025853,04:53:45.853,mexc,AEVO/USDT:USDT,0.1084,90603,0.1083,1262486,0.1085,511706,0.1086,918218
1753592026144,04:53:46.144,mexc,AEVO/USDT:USDT,0.1084,90603,0.1083,1262486,0.1085,511706,0.1086,1116570
1753592026354,04:53:46.354,mexc,AEVO/USDT:USDT,0.1084,90603,0.1083,1071509,0.1085,511706,0.1086,1116570
1753592026646,04:53:46.646,mexc,AEVO/USDT:USDT,0.1084,90603,0.1083,1071509,0.1085,511706,0.1086,1245367
1753592026854,04:53:46.854,mexc,AEVO/USDT:USDT,0.1084,90603,0.1083,1071509,0.1085,511706,0.1086,1245367
1753592027216,04:53:47.216,mexc,AEVO/USDT:USDT,0.1084,90603,0.1083,1071509,0.1085,511706,0.1086,918218
1753592027355,04:53:47.355,mexc,AEVO/USDT:USDT,0.1084,90603,0.1083,1071509,0.1085,511706,0.1086,918218
1753592027645,04:53:47.645,mexc,AEVO/USDT:USDT,0.1084,90603,0.1083,1071509,0.1085,511706,0.1086,1322045
1753592027759,04:53:47.759,mexc,AEVO/USDT:USDT,0.1084,90603,0.1083,1071509,0.1085,511706,0.1086,1322045
1753592028047,04:53:48.047,mexc,AEVO/USDT:USDT,0.1084,90603,0.1083,1071509,0.1085,511706,0.1086,918218
1753592028143,04:53:48.143,mexc,AEVO/USDT:USDT,0.1084,90603,0.1083,1071509,0.1085,511706,0.1086,1158165
1753592028356,04:53:48.356,mexc,AEVO/USDT:USDT,0.1084,90603,0.1083,1581205,0.1085,511706,0.1086,1158165
1753592028730,04:53:48.730,mexc,AEVO/USDT:USDT,0.1084,90603,0.1083,1581205,0.1085,704252,0.1086,918218
1753592028857,04:53:48.857,mexc,AEVO/USDT:USDT,0.1084,234385,0.1083,1274281,0.1085,192552,0.1086,1064911
1753592029145,04:53:49.145,mexc,AEVO/USDT:USDT,0.1084,234385,0.1083,1274281,0.1085,192552,0.1086,1064911
1753592029262,04:53:49.262,mexc,AEVO/USDT:USDT,0.1084,234385,0.1083,1274281,0.1085,192552,0.1086,1372216
1753592029548,04:53:49.548,mexc,AEVO/USDT:USDT,0.1084,234385,0.1083,1274281,0.1085,192552,0.1086,1372216
1753592029646,04:53:49.646,mexc,AEVO/USDT:USDT,0.1084,234385,0.1083,1274281,0.1085,192552,0.1086,1064911
1753592029858,04:53:49.858,mexc,AEVO/USDT:USDT,0.1084,234385,0.1083,1737082,0.1085,192552,0.1086,1064911
1753592030145,04:53:50.145,mexc,AEVO/USDT:USDT,0.1084,234385,0.1083,1737082,0.1085,192552,0.1086,1370804
1753592030358,04:53:50.358,mexc,AEVO/USDT:USDT,0.1084,234385,0.1083,1457761,0.1085,192552,0.1086,1370804
1753592030646,04:53:50.646,mexc,AEVO/USDT:USDT,0.1084,234385,0.1083,1457761,0.1085,192552,0.1086,1064911
1753592030858,04:53:50.858,mexc,AEVO/USDT:USDT,0.1084,234385,0.1083,1274281,0.1085,192552,0.1086,1064911
1753592031145,04:53:51.145,mexc,AEVO/USDT:USDT,0.1084,234385,0.1083,1274281,0.1085,192552,0.1086,1064911
1753592031359,04:53:51.359,mexc,AEVO/USDT:USDT,0.1084,234385,0.1083,1274281,0.1085,192552,0.1086,1064911
1753592031645,04:53:51.645,mexc,AEVO/USDT:USDT,0.1084,234385,0.1083,1274281,0.1085,192552,0.1086,1755578
1753592031859,04:53:51.859,mexc,AEVO/USDT:USDT,0.1084,234385,0.1083,1274281,0.1085,192552,0.1086,1755578
1753592032145,04:53:52.145,mexc,AEVO/USDT:USDT,0.1084,234385,0.1083,1274281,0.1085,192552,0.1086,1064911
1753592032359,04:53:52.359,mexc,AEVO/USDT:USDT,0.1084,234385,0.1083,1274281,0.1085,192552,0.1086,1064911
1753592032645,04:53:52.645,mexc,AEVO/USDT:USDT,0.1084,234385,0.1083,1274281,0.1085,192552,0.1086,1064911
1753592032859,04:53:52.859,mexc,AEVO/USDT:USDT,0.1084,234385,0.1083,1274281,0.1085,192552,0.1086,1064911
1753592033217,04:53:53.217,mexc,AEVO/USDT:USDT,0.1084,234385,0.1083,1274281,0.1085,192552,0.1086,1064911
1753592033359,04:53:53.359,mexc,AEVO/USDT:USDT,0.1084,234385,0.1083,1681123,0.1085,192552,0.1086,1064911
1753592033647,04:53:53.647,mexc,AEVO/USDT:USDT,0.1084,234385,0.1083,1681123,0.1085,192552,0.1086,1064911
1753592033763,04:53:53.763,mexc,AEVO/USDT:USDT,0.1084,234385,0.1083,1274281,0.1085,192552,0.1086,1064911
1753592034049,04:53:54.049,mexc,AEVO/USDT:USDT,0.1084,234385,0.1083,1461459,0.1085,192552,0.1086,1064911
1753592034146,04:53:54.146,mexc,AEVO/USDT:USDT,0.1084,234385,0.1083,1461459,0.1085,192552,0.1086,1281868
1753592034361,04:53:54.361,mexc,AEVO/USDT:USDT,0.1084,234385,0.1083,1274281,0.1085,192552,0.1086,1281868
1753592034734,04:53:54.734,mexc,AEVO/USDT:USDT,0.1084,234385,0.1083,1274281,0.1085,507593,0.1086,1870927
1753592034915,04:53:54.915,mexc,AEVO/USDT:USDT,0.1084,320446,0.1083,1575633,0.1085,315047,0.1086,883453
1753592035148,04:53:55.148,mexc,AEVO/USDT:USDT,0.1084,320446,0.1083,1575633,0.1085,315047,0.1086,883453
1753592035319,04:53:55.319,mexc,AEVO/USDT:USDT,0.1084,320446,0.1083,1218253,0.1085,315047,0.1086,883453
1753592035551,04:53:55.551,mexc,AEVO/USDT:USDT,0.1084,320446,0.1083,1218253,0.1085,315047,0.1086,883453
1753592035646,04:53:55.646,mexc,AEVO/USDT:USDT,0.1084,320446,0.1083,1218253,0.1085,315047,0.1086,1163237
1753592036050,04:53:56.050,mexc,AEVO/USDT:USDT,0.1084,320446,0.1083,1767095,0.1085,315047,0.1086,1163237
1753592036147,04:53:56.147,mexc,AEVO/USDT:USDT,0.1084,320446,0.1083,1767095,0.1085,315047,0.1086,883453
1753592036415,04:53:56.415,mexc,AEVO/USDT:USDT,0.1084,320446,0.1083,1218253,0.1085,315047,0.1086,883453
1753592036650,04:53:56.650,mexc,AEVO/USDT:USDT,0.1084,320446,0.1083,1218253,0.1085,315047,0.1086,1024354
1753592036916,04:53:56.916,mexc,AEVO/USDT:USDT,0.1084,320446,0.1083,1218253,0.1085,315047,0.1086,1024354
1753592037149,04:53:57.149,mexc,AEVO/USDT:USDT,0.1084,320446,0.1083,1218253,0.1085,315047,0.1086,883453
1753592037417,04:53:57.417,mexc,AEVO/USDT:USDT,0.1084,320446,0.1083,1218253,0.1085,315047,0.1086,883453
1753592037650,04:53:57.650,mexc,AEVO/USDT:USDT,0.1084,320446,0.1083,1218253,0.1085,315047,0.1086,883453
1753592037917,04:53:57.917,mexc,AEVO/USDT:USDT,0.1084,320446,0.1083,1552203,0.1085,315047,0.1086,883453
1753592038150,04:53:58.150,mexc,AEVO/USDT:USDT,0.1084,320446,0.1083,1552203,0.1085,315047,0.1086,1275872
1753592038497,04:53:58.497,mexc,AEVO/USDT:USDT,0.1084,320446,0.1083,1218253,0.1085,315047,0.1086,1275872
1753592038650,04:53:58.650,mexc,AEVO/USDT:USDT,0.1084,320446,0.1083,1218253,0.1085,315047,0.1086,883453
1753592038917,04:53:58.917,mexc,AEVO/USDT:USDT,0.1084,320446,0.1083,1218253,0.1085,315047,0.1086,883453
1753592039052,04:53:59.052,mexc,AEVO/USDT:USDT,0.1084,320446,0.1083,1218253,0.1085,315047,0.1086,883453
1753592039321,04:53:59.321,mexc,AEVO/USDT:USDT,0.1084,320446,0.1083,1218253,0.1085,315047,0.1086,1072434
1753592039418,04:53:59.418,mexc,AEVO/USDT:USDT,0.1084,320446,0.1083,1684207,0.1085,315047,0.1086,1072434
1753592039651,04:53:59.651,mexc,AEVO/USDT:USDT,0.1084,320446,0.1083,1684207,0.1085,315047,0.1086,1471712
1753592039919,04:53:59.919,mexc,AEVO/USDT:USDT,0.1084,320446,0.1083,1406022,0.1085,315047,0.1086,1471712
1753592040149,04:54:00.149,mexc,AEVO/USDT:USDT,0.1084,320446,0.1083,1406022,0.1085,315047,0.1086,1405091
1753592040418,04:54:00.418,mexc,AEVO/USDT:USDT,0.1084,320446,0.1083,1425446,0.1085,315047,0.1086,1405091
1753592040732,04:54:00.732,mexc,AEVO/USDT:USDT,0.1084,320446,0.1083,1425446,0.1085,407740,0.1086,883453
1753592040927,04:54:00.927,mexc,AEVO/USDT:USDT,0.1084,375830,0.1083,1085821,0.1085,92699,0.1086,792138
1753592041148,04:54:01.148,mexc,AEVO/USDT:USDT,0.1084,375830,0.1083,1085821,0.1085,92699,0.1086,898338
1753592041333,04:54:01.333,mexc,AEVO/USDT:USDT,0.1084,375830,0.1083,1085821,0.1085,92699,0.1086,898338
1753592041553,04:54:01.553,mexc,AEVO/USDT:USDT,0.1084,375830,0.1083,1614704,0.1085,92699,0.1086,792138
1753592041649,04:54:01.649,mexc,AEVO/USDT:USDT,0.1084,375830,0.1083,1614704,0.1085,92699,0.1086,898998
1753592041918,04:54:01.918,mexc,AEVO/USDT:USDT,0.1084,375830,0.1083,1713844,0.1085,92699,0.1086,898998
1753592042156,04:54:02.156,mexc,AEVO/USDT:USDT,0.1084,375830,0.1083,1713844,0.1085,92699,0.1086,792138
1753592042419,04:54:02.419,mexc,AEVO/USDT:USDT,0.1084,375830,0.1083,1085821,0.1085,92699,0.1086,792138
1753592042651,04:54:02.651,mexc,AEVO/USDT:USDT,0.1084,375830,0.1083,1085821,0.1085,92699,0.1086,792138
1753592042919,04:54:02.919,mexc,AEVO/USDT:USDT,0.1084,375830,0.1083,1085821,0.1085,92699,0.1086,792138
1753592043151,04:54:03.151,mexc,AEVO/USDT:USDT,0.1084,375830,0.1083,1085821,0.1085,92699,0.1086,792138
1753592043420,04:54:03.420,mexc,AEVO/USDT:USDT,0.1084,375830,0.1083,1085821,0.1085,92699,0.1086,792138
1753592043651,04:54:03.651,mexc,AEVO/USDT:USDT,0.1084,375830,0.1083,1085821,0.1085,92699,0.1086,1186760
1753592043920,04:54:03.920,mexc,AEVO/USDT:USDT,0.1084,375830,0.1083,1085821,0.1085,92699,0.1086,1186760
1753592044151,04:54:04.151,mexc,AEVO/USDT:USDT,0.1084,375830,0.1083,1085821,0.1085,92699,0.1086,1094551
1753592044494,04:54:04.494,mexc,AEVO/USDT:USDT,0.1085,594505,0.1084,375830,0.1086,792138,0.1087,989717
1753592044504,04:54:04.504,mexc,AEVO/USDT:USDT,0.1085,594505,0.1084,375830,0.1086,792138,0.1087,989717
1753592044921,04:54:04.921,mexc,AEVO/USDT:USDT,0.1085,594505,0.1084,375830,0.1086,792138,0.1087,989717
1753592044921,04:54:04.921,mexc,AEVO/USDT:USDT,0.1085,594505,0.1084,479634,0.1086,792138,0.1087,989717
1753592045325,04:54:05.325,mexc,AEVO/USDT:USDT,0.1085,594505,0.1084,479634,0.1086,792138,0.1087,1093187
1753592045422,04:54:05.422,mexc,AEVO/USDT:USDT,0.1085,594505,0.1084,375830,0.1086,792138,0.1087,1093187
1753592045759,04:54:05.759,mexc,AEVO/USDT:USDT,0.1085,594505,0.1084,375830,0.1086,792138,0.1087,989717
1753592045922,04:54:05.922,mexc,AEVO/USDT:USDT,0.1085,594505,0.1084,375830,0.1086,792138,0.1087,989717
1753592046162,04:54:06.162,mexc,AEVO/USDT:USDT,0.1085,594505,0.1084,375830,0.1086,792138,0.1087,989717
1753592046329,04:54:06.329,mexc,AEVO/USDT:USDT,0.1085,594505,0.1084,375830,0.1086,792138,0.1087,989717
1753592046422,04:54:06.422,mexc,AEVO/USDT:USDT,0.1085,594505,0.1084,375830,0.1086,792138,0.1087,989717
1753592046828,04:54:06.828,mexc,AEVO/USDT:USDT,0.1085,594505,0.1084,375830,0.1086,792138,0.1087,989717
1753592046923,04:54:06.923,mexc,AEVO/USDT:USDT,0.1085,594505,0.1084,375830,0.1086,792138,0.1087,989717
1753592047312,04:54:07.312,mexc,AEVO/USDT:USDT,0.1085,594505,0.1084,375830,0.1086,792138,0.1087,989717
1753592047423,04:54:07.423,mexc,AEVO/USDT:USDT,0.1085,594505,0.1084,375830,0.1086,792138,0.1087,989717
1753592047716,04:54:07.716,mexc,AEVO/USDT:USDT,0.1085,594505,0.1084,375830,0.1086,792138,0.1087,989717
1753592047829,04:54:07.829,mexc,AEVO/USDT:USDT,0.1085,594505,0.1084,375830,0.1086,792138,0.1087,1223024
1753592047924,04:54:07.924,mexc,AEVO/USDT:USDT,0.1085,594505,0.1084,748491,0.1086,792138,0.1087,1223024
1753592048327,04:54:08.327,mexc,AEVO/USDT:USDT,0.1085,594505,0.1084,375830,0.1086,792138,0.1087,989717
1753592048424,04:54:08.424,mexc,AEVO/USDT:USDT,0.1085,594505,0.1084,375830,0.1086,792138,0.1087,989717
1753592048815,04:54:08.815,mexc,AEVO/USDT:USDT,0.1085,594505,0.1084,375830,0.1086,792138,0.1087,989717
1753592048925,04:54:08.925,mexc,AEVO/USDT:USDT,0.1085,594505,0.1084,521585,0.1086,792138,0.1087,1270365
1753592049219,04:54:09.219,mexc,AEVO/USDT:USDT,0.1085,594505,0.1084,521585,0.1086,792138,0.1087,1270365
1753592049331,04:54:09.331,mexc,AEVO/USDT:USDT,0.1085,594505,0.1084,375830,0.1086,792138,0.1087,989717
1753592049424,04:54:09.424,mexc,AEVO/USDT:USDT,0.1085,594505,0.1084,375830,0.1086,792138,0.1087,989717
1753592049815,04:54:09.815,mexc,AEVO/USDT:USDT,0.1085,128087,0.1084,716566,0.1086,448847,0.1087,1920976
1753592049925,04:54:09.925,mexc,AEVO/USDT:USDT,0.1085,128087,0.1084,969228,0.1086,448847,0.1087,1920976
1753592050330,04:54:10.330,mexc,AEVO/USDT:USDT,0.1085,128087,0.1084,969228,0.1086,448847,0.1087,1775160
1753592050508,04:54:10.508,mexc,AEVO/USDT:USDT,0.1085,128087,0.1084,975196,0.1086,448847,0.1087,1775160
1753592050815,04:54:10.815,mexc,AEVO/USDT:USDT,0.1085,128087,0.1084,975196,0.1086,448847,0.1087,1972966
1753592050926,04:54:10.926,mexc,AEVO/USDT:USDT,0.1085,128087,0.1084,716566,0.1086,448847,0.1087,2601235
1753592051220,04:54:11.220,mexc,AEVO/USDT:USDT,0.1085,128087,0.1084,716566,0.1086,448847,0.1087,1949646
1753592051330,04:54:11.330,mexc,AEVO/USDT:USDT,0.1085,128087,0.1084,716566,0.1086,448847,0.1087,1519796
1753592051426,04:54:11.426,mexc,AEVO/USDT:USDT,0.1085,128087,0.1084,716566,0.1086,448847,0.1087,1519796
1753592051831,04:54:11.831,mexc,AEVO/USDT:USDT,0.1085,128087,0.1084,716566,0.1086,448847,0.1087,1321377
1753592051927,04:54:11.927,mexc,AEVO/USDT:USDT,0.1085,128087,0.1084,716566,0.1086,448847,0.1087,1321377
1753592052317,04:54:12.317,mexc,AEVO/USDT:USDT,0.1085,128087,0.1084,716566,0.1086,448847,0.1087,1685042
1753592052427,04:54:12.427,mexc,AEVO/USDT:USDT,0.1085,128087,0.1084,716566,0.1086,448847,0.1087,2223073
1753592052721,04:54:12.721,mexc,AEVO/USDT:USDT,0.1085,128087,0.1084,716566,0.1086,448847,0.1087,1859408
1753592052831,04:54:12.831,mexc,AEVO/USDT:USDT,0.1085,128087,0.1084,716566,0.1086,448847,0.1087,1321377
1753592052928,04:54:12.928,mexc,AEVO/USDT:USDT,0.1085,128087,0.1084,716566,0.1086,448847,0.1087,1321377
1753592053331,04:54:13.331,mexc,AEVO/USDT:USDT,0.1085,128087,0.1084,716566,0.1086,448847,0.1087,1620947
1753592053427,04:54:13.427,mexc,AEVO/USDT:USDT,0.1085,128087,0.1084,1047458,0.1086,448847,0.1087,1620947
1753592053816,04:54:13.816,mexc,AEVO/USDT:USDT,0.1085,128087,0.1084,1047458,0.1086,448847,0.1087,1321377
1753592053928,04:54:13.928,mexc,AEVO/USDT:USDT,0.1085,128087,0.1084,716566,0.1086,448847,0.1087,1321377
1753592054220,04:54:14.220,mexc,AEVO/USDT:USDT,0.1085,128087,0.1084,716566,0.1086,448847,0.1087,1321377
1753592054332,04:54:14.332,mexc,AEVO/USDT:USDT,0.1085,128087,0.1084,716566,0.1086,448847,0.1087,1321377
1753592054428,04:54:14.428,mexc,AEVO/USDT:USDT,0.1085,128087,0.1084,909875,0.1086,448847,0.1087,1321377
1753592054832,04:54:14.832,mexc,AEVO/USDT:USDT,0.1085,128087,0.1084,909875,0.1086,448847,0.1087,1605163
1753592054928,04:54:14.928,mexc,AEVO/USDT:USDT,0.1085,128087,0.1084,716566,0.1086,448847,0.1087,1605163
1753592055318,04:54:15.318,mexc,AEVO/USDT:USDT,0.1085,128087,0.1084,716566,0.1086,448847,0.1087,1321377
1753592055428,04:54:15.428,mexc,AEVO/USDT:USDT,0.1085,128087,0.1084,716566,0.1086,448847,0.1087,1321377
1753592055722,04:54:15.722,mexc,AEVO/USDT:USDT,0.1085,128087,0.1084,716566,0.1086,448847,0.1087,1321377
1753592055820,04:54:15.820,mexc,AEVO/USDT:USDT,0.1085,317580,0.1084,914155,0.1086,443892,0.1087,1159112
1753592055928,04:54:15.928,mexc,AEVO/USDT:USDT,0.1085,317580,0.1084,1198625,0.1086,443892,0.1087,1159112
1753592056332,04:54:16.332,mexc,AEVO/USDT:USDT,0.1085,317580,0.1084,914155,0.1086,443892,0.1087,972530
1753592056515,04:54:16.515,mexc,AEVO/USDT:USDT,0.1085,317580,0.1084,1165615,0.1086,443892,0.1087,972530
1753592056818,04:54:16.818,mexc,AEVO/USDT:USDT,0.1085,317580,0.1084,1165615,0.1086,443892,0.1087,972530
1753592057013,04:54:17.013,mexc,AEVO/USDT:USDT,0.1085,317580,0.1084,1271852,0.1086,443892,0.1087,972530
1753592057223,04:54:17.223,mexc,AEVO/USDT:USDT,0.1085,317580,0.1084,1271852,0.1086,443892,0.1087,972530
1753592057417,04:54:17.417,mexc,AEVO/USDT:USDT,0.1085,317580,0.1084,914155,0.1086,443892,0.1087,1304281
1753592057517,04:54:17.517,mexc,AEVO/USDT:USDT,0.1085,317580,0.1084,914155,0.1086,443892,0.1087,1304281
1753592057917,04:54:17.917,mexc,AEVO/USDT:USDT,0.1085,317580,0.1084,914155,0.1086,443892,0.1087,972530
1753592058014,04:54:18.014,mexc,AEVO/USDT:USDT,0.1085,317580,0.1084,1022434,0.1086,443892,0.1087,972530
1753592058416,04:54:18.416,mexc,AEVO/USDT:USDT,0.1085,317580,0.1084,914155,0.1086,443892,0.1087,972530
1753592058514,04:54:18.514,mexc,AEVO/USDT:USDT,0.1085,317580,0.1084,914155,0.1086,443892,0.1087,972530
1753592058821,04:54:18.821,mexc,AEVO/USDT:USDT,0.1085,317580,0.1084,914155,0.1086,443892,0.1087,972530
1753592059017,04:54:19.017,mexc,AEVO/USDT:USDT,0.1085,317580,0.1084,1263732,0.1086,443892,0.1087,972530
1753592059226,04:54:19.226,mexc,AEVO/USDT:USDT,0.1085,317580,0.1084,1263732,0.1086,443892,0.1087,972530
1753592059417,04:54:19.417,mexc,AEVO/USDT:USDT,0.1085,317580,0.1084,914155,0.1086,443892,0.1087,972530
1753592059518,04:54:19.518,mexc,AEVO/USDT:USDT,0.1085,317580,0.1084,1144311,0.1086,443892,0.1087,972530
1753592059919,04:54:19.919,mexc,AEVO/USDT:USDT,0.1085,317580,0.1084,914155,0.1086,443892,0.1087,1564712
1753592060017,04:54:20.017,mexc,AEVO/USDT:USDT,0.1085,317580,0.1084,914155,0.1086,443892,0.1087,1564712
1753592060322,04:54:20.322,mexc,AEVO/USDT:USDT,0.1085,317580,0.1084,914155,0.1086,443892,0.1087,1220158
1753592060516,04:54:20.516,mexc,AEVO/USDT:USDT,0.1085,317580,0.1084,1251159,0.1086,443892,0.1087,1671578
1753592060726,04:54:20.726,mexc,AEVO/USDT:USDT,0.1085,317580,0.1084,1251159,0.1086,443892,0.1087,1423950
1753592060919,04:54:20.919,mexc,AEVO/USDT:USDT,0.1085,317580,0.1084,914155,0.1086,443892,0.1087,972530
1753592061016,04:54:21.016,mexc,AEVO/USDT:USDT,0.1085,317580,0.1084,914155,0.1086,443892,0.1087,972530
1753592061419,04:54:21.419,mexc,AEVO/USDT:USDT,0.1085,317580,0.1084,914155,0.1086,443892,0.1087,972530
1753592061517,04:54:21.517,mexc,AEVO/USDT:USDT,0.1085,317580,0.1084,914155,0.1086,443892,0.1087,972530
1753592061822,04:54:21.822,mexc,AEVO/USDT:USDT,0.1085,77606,0.1084,943052,0.1086,546199,0.1087,753013
1753592062019,04:54:22.019,mexc,AEVO/USDT:USDT,0.1085,77606,0.1084,943052,0.1086,546199,0.1087,753013
1753592062225,04:54:22.225,mexc,AEVO/USDT:USDT,0.1085,77606,0.1084,943052,0.1086,546199,0.1087,753013
1753592062420,04:54:22.420,mexc,AEVO/USDT:USDT,0.1085,77606,0.1084,943052,0.1086,546199,0.1087,753013
1753592062517,04:54:22.517,mexc,AEVO/USDT:USDT,0.1085,77606,0.1084,1301320,0.1086,546199,0.1087,753013
1753592062919,04:54:22.919,mexc,AEVO/USDT:USDT,0.1085,77606,0.1084,1108788,0.1086,546199,0.1087,1019662
1753592063018,04:54:23.018,mexc,AEVO/USDT:USDT,0.1085,77606,0.1084,1037942,0.1086,546199,0.1087,1019662
1753592063324,04:54:23.324,mexc,AEVO/USDT:USDT,0.1085,77606,0.1084,1037942,0.1086,546199,0.1087,1062806
1753592063519,04:54:23.519,mexc,AEVO/USDT:USDT,0.1085,77606,0.1084,1624454,0.1086,546199,0.1087,1062806
1753592063730,04:54:23.730,mexc,AEVO/USDT:USDT,0.1085,77606,0.1084,1624454,0.1086,546199,0.1087,753013
1753592063921,04:54:23.921,mexc,AEVO/USDT:USDT,0.1085,77606,0.1084,943052,0.1086,546199,0.1087,1139381
1753592064020,04:54:24.020,mexc,AEVO/USDT:USDT,0.1085,77606,0.1084,1153340,0.1086,546199,0.1087,1139381
1753592064420,04:54:24.420,mexc,AEVO/USDT:USDT,0.1085,77606,0.1084,943052,0.1086,546199,0.1087,1031644
1753592064517,04:54:24.517,mexc,AEVO/USDT:USDT,0.1085,77606,0.1084,1311433,0.1086,546199,0.1087,1031644
1753592064921,04:54:24.921,mexc,AEVO/USDT:USDT,0.1085,77606,0.1084,943052,0.1086,546199,0.1087,910771
1753592065017,04:54:25.017,mexc,AEVO/USDT:USDT,0.1085,77606,0.1084,1072749,0.1086,546199,0.1087,910771
1753592065324,04:54:25.324,mexc,AEVO/USDT:USDT,0.1085,77606,0.1084,1072749,0.1086,546199,0.1087,753013
1753592065517,04:54:25.517,mexc,AEVO/USDT:USDT,0.1085,77606,0.1084,1279028,0.1086,546199,0.1087,753013
1753592065726,04:54:25.726,mexc,AEVO/USDT:USDT,0.1085,77606,0.1084,1279028,0.1086,546199,0.1087,753013
1753592065924,04:54:25.924,mexc,AEVO/USDT:USDT,0.1085,77606,0.1084,943052,0.1086,546199,0.1087,753013
1753592066021,04:54:26.021,mexc,AEVO/USDT:USDT,0.1085,77606,0.1084,943052,0.1086,546199,0.1087,753013
1753592066421,04:54:26.421,mexc,AEVO/USDT:USDT,0.1085,77606,0.1084,943052,0.1086,546199,0.1087,753013
1753592066518,04:54:26.518,mexc,AEVO/USDT:USDT,0.1085,77606,0.1084,1152794,0.1086,546199,0.1087,753013
1753592066826,04:54:26.826,mexc,AEVO/USDT:USDT,0.1085,77606,0.1084,1152794,0.1086,546199,0.1087,753013
1753592067018,04:54:27.018,mexc,AEVO/USDT:USDT,0.1085,77606,0.1084,943052,0.1086,546199,0.1087,1105789
1753592067229,04:54:27.229,mexc,AEVO/USDT:USDT,0.1085,77606,0.1084,943052,0.1086,546199,0.1087,1105789
1753592067424,04:54:27.424,mexc,AEVO/USDT:USDT,0.1085,77606,0.1084,943052,0.1086,546199,0.1087,753013
1753592067522,04:54:27.522,mexc,AEVO/USDT:USDT,0.1085,77606,0.1084,943052,0.1086,546199,0.1087,753013
1753592067824,04:54:27.824,mexc,AEVO/USDT:USDT,0.1085,364305,0.1084,894672,0.1086,169708,0.1087,577631
1753592068022,04:54:28.022,mexc,AEVO/USDT:USDT,0.1085,364305,0.1084,1308828,0.1086,169708,0.1087,577631
1753592068422,04:54:28.422,mexc,AEVO/USDT:USDT,0.1085,364305,0.1084,1308828,0.1086,169708,0.1087,1032523
1753592068524,04:54:28.524,mexc,AEVO/USDT:USDT,0.1085,364305,0.1084,894672,0.1086,169708,0.1087,1032523
1753592068828,04:54:28.828,mexc,AEVO/USDT:USDT,0.1085,364305,0.1084,894672,0.1086,169708,0.1087,577631
1753592069020,04:54:29.020,mexc,AEVO/USDT:USDT,0.1085,364305,0.1084,1056153,0.1086,169708,0.1087,577631
1753592069229,04:54:29.229,mexc,AEVO/USDT:USDT,0.1085,364305,0.1084,1056153,0.1086,169708,0.1087,577631
1753592069424,04:54:29.424,mexc,AEVO/USDT:USDT,0.1085,364305,0.1084,894672,0.1086,169708,0.1087,577631
1753592069526,04:54:29.526,mexc,AEVO/USDT:USDT,0.1085,364305,0.1084,894672,0.1086,169708,0.1087,577631
1753592069924,04:54:29.924,mexc,AEVO/USDT:USDT,0.1085,364305,0.1084,894672,0.1086,169708,0.1087,577631
1753592070021,04:54:30.021,mexc,AEVO/USDT:USDT,0.1085,364305,0.1084,894672,0.1086,169708,0.1087,577631
1753592070424,04:54:30.424,mexc,AEVO/USDT:USDT,0.1085,364305,0.1084,894672,0.1086,169708,0.1087,786963
1753592070521,04:54:30.521,mexc,AEVO/USDT:USDT,0.1085,364305,0.1084,894672,0.1086,169708,0.1087,786963
1753592070829,04:54:30.829,mexc,AEVO/USDT:USDT,0.1085,364305,0.1084,894672,0.1086,169708,0.1087,577631
1753592071022,04:54:31.022,mexc,AEVO/USDT:USDT,0.1085,364305,0.1084,894672,0.1086,169708,0.1087,669694
1753592071233,04:54:31.233,mexc,AEVO/USDT:USDT,0.1085,364305,0.1084,894672,0.1086,169708,0.1087,669694
1753592071425,04:54:31.425,mexc,AEVO/USDT:USDT,0.1085,364305,0.1084,894672,0.1086,169708,0.1087,577631
1753592071522,04:54:31.522,mexc,AEVO/USDT:USDT,0.1085,364305,0.1084,894672,0.1086,169708,0.1087,577631
1753592071925,04:54:31.925,mexc,AEVO/USDT:USDT,0.1085,364305,0.1084,894672,0.1086,169708,0.1087,577631
1753592072024,04:54:32.024,mexc,AEVO/USDT:USDT,0.1085,364305,0.1084,894672,0.1086,169708,0.1087,577631
1753592072330,04:54:32.330,mexc,AEVO/USDT:USDT,0.1085,364305,0.1084,894672,0.1086,169708,0.1087,577631
1753592072523,04:54:32.523,mexc,AEVO/USDT:USDT,0.1085,364305,0.1084,894672,0.1086,169708,0.1087,848369
1753592072733,04:54:32.733,mexc,AEVO/USDT:USDT,0.1085,364305,0.1084,894672,0.1086,169708,0.1087,848369
1753592072926,04:54:32.926,mexc,AEVO/USDT:USDT,0.1085,364305,0.1084,894672,0.1086,169708,0.1087,577631
1753592073026,04:54:33.026,mexc,AEVO/USDT:USDT,0.1085,364305,0.1084,894672,0.1086,169708,0.1087,577631
1753592073427,04:54:33.427,mexc,AEVO/USDT:USDT,0.1085,364305,0.1084,894672,0.1086,169708,0.1087,786009
1753592073664,04:54:33.664,mexc,AEVO/USDT:USDT,0.1085,364305,0.1084,1205222,0.1086,169708,0.1087,786009
1753592073833,04:54:33.833,mexc,AEVO/USDT:USDT,0.1085,497357,0.1084,1191359,0.1086,131392,0.1087,969312
1753592074023,04:54:34.023,mexc,AEVO/USDT:USDT,0.1085,497357,0.1084,1191359,0.1086,131392,0.1087,969312
1753592074427,04:54:34.427,mexc,AEVO/USDT:USDT,0.1085,497357,0.1084,1191359,0.1086,131392,0.1087,969312
1753592074524,04:54:34.524,mexc,AEVO/USDT:USDT,0.1085,497357,0.1084,1358925,0.1086,131392,0.1087,969312
1753592074833,04:54:34.833,mexc,AEVO/USDT:USDT,0.1085,497357,0.1084,1358925,0.1086,131392,0.1087,969312
1753592075024,04:54:35.024,mexc,AEVO/USDT:USDT,0.1085,497357,0.1084,1191359,0.1086,131392,0.1087,969312
1753592075235,04:54:35.235,mexc,AEVO/USDT:USDT,0.1085,497357,0.1084,1191359,0.1086,131392,0.1087,969312
1753592075427,04:54:35.427,mexc,AEVO/USDT:USDT,0.1085,497357,0.1084,1191359,0.1086,131392,0.1087,1187191
1753592075526,04:54:35.526,mexc,AEVO/USDT:USDT,0.1085,497357,0.1084,1971666,0.1086,131392,0.1087,1187191
1753592075928,04:54:35.928,mexc,AEVO/USDT:USDT,0.1085,497357,0.1084,1727764,0.1086,131392,0.1087,969312
1753592076024,04:54:36.024,mexc,AEVO/USDT:USDT,0.1085,497357,0.1084,1191359,0.1086,131392,0.1087,969312
1753592076335,04:54:36.335,mexc,AEVO/USDT:USDT,0.1085,497357,0.1084,1191359,0.1086,131392,0.1087,969312
1753592076525,04:54:36.525,mexc,AEVO/USDT:USDT,0.1085,497357,0.1084,1488237,0.1086,131392,0.1087,969312
1753592076739,04:54:36.739,mexc,AEVO/USDT:USDT,0.1085,497357,0.1084,1488237,0.1086,131392,0.1087,969312
1753592076928,04:54:36.928,mexc,AEVO/USDT:USDT,0.1085,497357,0.1084,1191359,0.1086,131392,0.1087,969312
1753592077026,04:54:37.026,mexc,AEVO/USDT:USDT,0.1085,497357,0.1084,1684803,0.1086,131392,0.1087,969312
1753592077428,04:54:37.428,mexc,AEVO/USDT:USDT,0.1085,497357,0.1084,1191359,0.1086,131392,0.1087,969312
1753592077525,04:54:37.525,mexc,AEVO/USDT:USDT,0.1085,497357,0.1084,1191359,0.1086,131392,0.1087,969312
1753592077836,04:54:37.836,mexc,AEVO/USDT:USDT,0.1085,497357,0.1084,1191359,0.1086,131392,0.1087,969312
1753592078025,04:54:38.025,mexc,AEVO/USDT:USDT,0.1085,497357,0.1084,1651050,0.1086,131392,0.1087,969312
1753592078240,04:54:38.240,mexc,AEVO/USDT:USDT,0.1085,497357,0.1084,1651050,0.1086,131392,0.1087,969312
1753592078428,04:54:38.428,mexc,AEVO/USDT:USDT,0.1085,497357,0.1084,1191359,0.1086,131392,0.1087,969312
1753592078526,04:54:38.526,mexc,AEVO/USDT:USDT,0.1085,497357,0.1084,1191359,0.1086,131392,0.1087,969312
1753592078929,04:54:38.929,mexc,AEVO/USDT:USDT,0.1085,497357,0.1084,1191359,0.1086,131392,0.1087,969312
1753592079027,04:54:39.027,mexc,AEVO/USDT:USDT,0.1085,497357,0.1084,1628275,0.1086,131392,0.1087,969312
1753592079335,04:54:39.335,mexc,AEVO/USDT:USDT,0.1085,497357,0.1084,1628275,0.1086,131392,0.1087,969312
1753592079526,04:54:39.526,mexc,AEVO/USDT:USDT,0.1085,497357,0.1084,1191359,0.1086,131392,0.1087,969312
1753592079739,04:54:39.739,mexc,AEVO/USDT:USDT,0.1085,497357,0.1084,1191359,0.1086,131392,0.1087,969312
1753592079837,04:54:39.837,mexc,AEVO/USDT:USDT,0.1085,281633,0.1084,1030437,0.1086,357611,0.1087,671520
1753592080025,04:54:40.025,mexc,AEVO/USDT:USDT,0.1085,281633,0.1084,1030437,0.1086,357611,0.1087,671520
1753592080429,04:54:40.429,mexc,AEVO/USDT:USDT,0.1085,281633,0.1084,1030437,0.1086,357611,0.1087,671520
1753592080525,04:54:40.525,mexc,AEVO/USDT:USDT,0.1085,281633,0.1084,1030437,0.1086,357611,0.1087,671520
1753592080839,04:54:40.839,mexc,AEVO/USDT:USDT,0.1085,281633,0.1084,1030437,0.1086,357611,0.1087,671520
1753592081025,04:54:41.025,mexc,AEVO/USDT:USDT,0.1085,281633,0.1084,1280033,0.1086,357611,0.1087,671520
1753592081241,04:54:41.241,mexc,AEVO/USDT:USDT,0.1085,281633,0.1084,1280033,0.1086,357611,0.1087,671520
1753592081429,04:54:41.429,mexc,AEVO/USDT:USDT,0.1085,281633,0.1084,1030437,0.1086,357611,0.1087,671520
1753592081526,04:54:41.526,mexc,AEVO/USDT:USDT,0.1085,281633,0.1084,1443087,0.1086,357611,0.1087,671520
1753592081930,04:54:41.930,mexc,AEVO/USDT:USDT,0.1085,281633,0.1084,1030437,0.1086,357611,0.1087,916107
1753592082026,04:54:42.026,mexc,AEVO/USDT:USDT,0.1084,1030437,0.1083,1842514,0.1085,598225,0.1086,357611
1753592082337,04:54:42.337,mexc,AEVO/USDT:USDT,0.1084,1030437,0.1083,1842514,0.1085,598225,0.1086,609739
1753592082526,04:54:42.526,mexc,AEVO/USDT:USDT,0.1084,1030437,0.1083,1702709,0.1085,598225,0.1086,928893
1753592082741,04:54:42.741,mexc,AEVO/USDT:USDT,0.1084,1030437,0.1083,1702709,0.1085,598225,0.1086,676765
1753592082929,04:54:42.929,mexc,AEVO/USDT:USDT,0.1084,1030437,0.1083,1431626,0.1085,598225,0.1086,604990
1753592083027,04:54:43.027,mexc,AEVO/USDT:USDT,0.1084,1030437,0.1083,1431626,0.1085,598225,0.1086,604990
1753592083432,04:54:43.432,mexc,AEVO/USDT:USDT,0.1084,1030437,0.1083,1431626,0.1085,598225,0.1086,357611
1753592083528,04:54:43.528,mexc,AEVO/USDT:USDT,0.1084,1030437,0.1083,1431626,0.1085,598225,0.1086,357611
1753592083837,04:54:43.837,mexc,AEVO/USDT:USDT,0.1084,1030437,0.1083,1431626,0.1085,598225,0.1086,357611
1753592084027,04:54:44.027,mexc,AEVO/USDT:USDT,0.1084,1030437,0.1083,1673828,0.1085,598225,0.1086,921926
1753592084241,04:54:44.241,mexc,AEVO/USDT:USDT,0.1084,1030437,0.1083,1673828,0.1085,598225,0.1086,921926
1753592084430,04:54:44.430,mexc,AEVO/USDT:USDT,0.1084,1030437,0.1083,1431626,0.1085,598225,0.1086,611790
1753592084527,04:54:44.527,mexc,AEVO/USDT:USDT,0.1084,1030437,0.1083,1431626,0.1085,598225,0.1086,611790
1753592084930,04:54:44.930,mexc,AEVO/USDT:USDT,0.1084,1030437,0.1083,1431626,0.1085,598225,0.1086,357611
1753592085028,04:54:45.028,mexc,AEVO/USDT:USDT,0.1084,1030437,0.1083,1431626,0.1085,598225,0.1086,357611
1753592085339,04:54:45.339,mexc,AEVO/USDT:USDT,0.1084,1030437,0.1083,1431626,0.1085,598225,0.1086,357611
1753592085528,04:54:45.528,mexc,AEVO/USDT:USDT,0.1084,1030437,0.1083,1768830,0.1085,598225,0.1086,357611
1753592085742,04:54:45.742,mexc,AEVO/USDT:USDT,0.1084,1030437,0.1083,1768830,0.1085,598225,0.1086,357611
1753592086028,04:54:46.028,mexc,AEVO/USDT:USDT,0.1084,1030437,0.1083,1431626,0.1085,598225,0.1086,357611
1753592086028,04:54:46.028,mexc,AEVO/USDT:USDT,0.1084,1030437,0.1083,1543094,0.1085,598225,0.1086,357611
1753592086433,04:54:46.433,mexc,AEVO/USDT:USDT,0.1084,1030437,0.1083,1543094,0.1085,598225,0.1086,357611
1753592086528,04:54:46.528,mexc,AEVO/USDT:USDT,0.1084,1030437,0.1083,1431626,0.1085,598225,0.1086,357611
1753592086840,04:54:46.840,mexc,AEVO/USDT:USDT,0.1084,1030437,0.1083,1431626,0.1085,598225,0.1086,357611
1753592087030,04:54:47.030,mexc,AEVO/USDT:USDT,0.1084,1030437,0.1083,1431626,0.1085,598225,0.1086,357611
1753592087243,04:54:47.243,mexc,AEVO/USDT:USDT,0.1084,1030437,0.1083,1431626,0.1085,598225,0.1086,357611
1753592087436,04:54:47.436,mexc,AEVO/USDT:USDT,0.1084,1030437,0.1083,1431626,0.1085,598225,0.1086,506875
1753592087530,04:54:47.530,mexc,AEVO/USDT:USDT,0.1084,1030437,0.1083,1431626,0.1085,598225,0.1086,506875
1753592087839,04:54:47.839,mexc,AEVO/USDT:USDT,0.1084,835467,0.1083,978048,0.1085,22464,0.1086,846339
1753592088029,04:54:48.029,mexc,AEVO/USDT:USDT,0.1084,835467,0.1083,1398209,0.1085,22464,0.1086,846339
1753592088433,04:54:48.433,mexc,AEVO/USDT:USDT,0.1084,835467,0.1083,1398209,0.1085,22464,0.1086,846339
1753592088530,04:54:48.530,mexc,AEVO/USDT:USDT,0.1084,835467,0.1083,1290868,0.1085,22464,0.1086,846339
1753592088840,04:54:48.840,mexc,AEVO/USDT:USDT,0.1084,835467,0.1083,1290868,0.1085,22464,0.1086,846339
1753592089030,04:54:49.030,mexc,AEVO/USDT:USDT,0.1084,835467,0.1083,1590652,0.1085,22464,0.1086,846339
1753592089243,04:54:49.243,mexc,AEVO/USDT:USDT,0.1084,835467,0.1083,1590652,0.1085,22464,0.1086,846339
1753592089434,04:54:49.434,mexc,AEVO/USDT:USDT,0.1084,835467,0.1083,978048,0.1085,22464,0.1086,932265
1753592089531,04:54:49.531,mexc,AEVO/USDT:USDT,0.1084,835467,0.1083,978048,0.1085,22464,0.1086,932265
1753592089934,04:54:49.934,mexc,AEVO/USDT:USDT,0.1084,835467,0.1083,978048,0.1085,22464,0.1086,846339
1753592090031,04:54:50.031,mexc,AEVO/USDT:USDT,0.1084,835467,0.1083,978048,0.1085,22464,0.1086,846339
1753592090341,04:54:50.341,mexc,AEVO/USDT:USDT,0.1084,835467,0.1083,978048,0.1085,22464,0.1086,846339
1753592090532,04:54:50.532,mexc,AEVO/USDT:USDT,0.1084,835467,0.1083,978048,0.1085,22464,0.1086,1263105
1753592090813,04:54:50.813,mexc,AEVO/USDT:USDT,0.1084,835467,0.1083,978048,0.1085,22464,0.1086,1263105
1753592090944,04:54:50.944,mexc,AEVO/USDT:USDT,0.1084,835467,0.1083,978048,0.1085,22464,0.1086,846339
1753592091034,04:54:51.034,mexc,AEVO/USDT:USDT,0.1084,835467,0.1083,1329531,0.1085,22464,0.1086,846339
1753592091436,04:54:51.436,mexc,AEVO/USDT:USDT,0.1084,835467,0.1083,1329531,0.1085,22464,0.1086,1213456
1753592091588,04:54:51.588,mexc,AEVO/USDT:USDT,0.1084,835467,0.1083,1570419,0.1085,22464,0.1086,1213456
1753592091840,04:54:51.840,mexc,AEVO/USDT:USDT,0.1084,835467,0.1083,1570419,0.1085,22464,0.1086,846339
1753592092036,04:54:52.036,mexc,AEVO/USDT:USDT,0.1084,835467,0.1083,978048,0.1085,22464,0.1086,846339
1753592092244,04:54:52.244,mexc,AEVO/USDT:USDT,0.1084,835467,0.1083,978048,0.1085,22464,0.1086,846339
1753592092439,04:54:52.439,mexc,AEVO/USDT:USDT,0.1084,835467,0.1083,978048,0.1085,22464,0.1086,846339
1753592092534,04:54:52.534,mexc,AEVO/USDT:USDT,0.1084,835467,0.1083,978048,0.1085,22464,0.1086,846339
1753592092915,04:54:52.915,mexc,AEVO/USDT:USDT,0.1084,708105,0.1083,1369698,0.1085,27862,0.1086,878778
1753592093035,04:54:53.035,mexc,AEVO/USDT:USDT,0.1084,708105,0.1083,1771585,0.1085,27862,0.1086,878778
1753592093416,04:54:53.416,mexc,AEVO/USDT:USDT,0.1084,708105,0.1083,1771585,0.1085,27862,0.1086,878778
1753592093537,04:54:53.537,mexc,AEVO/USDT:USDT,0.1084,708105,0.1083,1871344,0.1085,27862,0.1086,878778
1753592093917,04:54:53.917,mexc,AEVO/USDT:USDT,0.1084,708105,0.1083,1871344,0.1085,27862,0.1086,1005084
1753592094036,04:54:54.036,mexc,AEVO/USDT:USDT,0.1084,708105,0.1083,1905189,0.1085,27862,0.1086,1284703
1753592094322,04:54:54.322,mexc,AEVO/USDT:USDT,0.1084,708105,0.1083,1905189,0.1085,27862,0.1086,1158397
1753592094440,04:54:54.440,mexc,AEVO/USDT:USDT,0.1084,708105,0.1083,1369698,0.1085,27862,0.1086,878778
1753592094536,04:54:54.536,mexc,AEVO/USDT:USDT,0.1084,708105,0.1083,1369698,0.1085,27862,0.1086,878778
1753592094939,04:54:54.939,mexc,AEVO/USDT:USDT,0.1084,708105,0.1083,1369698,0.1085,27862,0.1086,878778
1753592095036,04:54:55.036,mexc,AEVO/USDT:USDT,0.1084,708105,0.1083,1369698,0.1085,27862,0.1086,878778
1753592095417,04:54:55.417,mexc,AEVO/USDT:USDT,0.1084,708105,0.1083,1369698,0.1085,27862,0.1086,878778
1753592095537,04:54:55.537,mexc,AEVO/USDT:USDT,0.1084,708105,0.1083,1369698,0.1085,27862,0.1086,878778
1753592095820,04:54:55.820,mexc,AEVO/USDT:USDT,0.1084,708105,0.1083,1369698,0.1085,27862,0.1086,878778
1753592095940,04:54:55.940,mexc,AEVO/USDT:USDT,0.1084,708105,0.1083,1369698,0.1085,27862,0.1086,878778
1753592096037,04:54:56.037,mexc,AEVO/USDT:USDT,0.1084,708105,0.1083,1369698,0.1085,27862,0.1086,878778
1753592096440,04:54:56.440,mexc,AEVO/USDT:USDT,0.1084,708105,0.1083,1369698,0.1085,27862,0.1086,1109381
1753592096537,04:54:56.537,mexc,AEVO/USDT:USDT,0.1084,708105,0.1083,2370270,0.1085,27862,0.1086,1109381
1753592096917,04:54:56.917,mexc,AEVO/USDT:USDT,0.1084,708105,0.1083,2370270,0.1085,27862,0.1086,878778
1753592097037,04:54:57.037,mexc,AEVO/USDT:USDT,0.1084,708105,0.1083,1369698,0.1085,27862,0.1086,878778
1753592097320,04:54:57.320,mexc,AEVO/USDT:USDT,0.1084,708105,0.1083,1369698,0.1085,27862,0.1086,878778
1753592097442,04:54:57.442,mexc,AEVO/USDT:USDT,0.1084,708105,0.1083,1369698,0.1085,27862,0.1086,878778
1753592097590,04:54:57.590,mexc,AEVO/USDT:USDT,0.1084,708105,0.1083,1369698,0.1085,27862,0.1086,878778
1753592097941,04:54:57.941,mexc,AEVO/USDT:USDT,0.1084,708105,0.1083,1369698,0.1085,27862,0.1086,1278844
1753592098038,04:54:58.038,mexc,AEVO/USDT:USDT,0.1084,708105,0.1083,1530295,0.1085,27862,0.1086,1278844
1753592098418,04:54:58.418,mexc,AEVO/USDT:USDT,0.1084,708105,0.1083,1530295,0.1085,27862,0.1086,1041971
1753592098539,04:54:58.539,mexc,AEVO/USDT:USDT,0.1084,708105,0.1083,1369698,0.1085,27862,0.1086,1041971
1753592098821,04:54:58.821,mexc,AEVO/USDT:USDT,0.1084,708105,0.1083,1369698,0.1085,88929,0.1086,1041971
1753592098917,04:54:58.917,mexc,AEVO/USDT:USDT,0.1084,788220,0.1083,1641382,0.1085,61067,0.1086,797791
1753592099039,04:54:59.039,mexc,AEVO/USDT:USDT,0.1084,788220,0.1083,2251942,0.1085,61067,0.1086,797791
1753592099441,04:54:59.441,mexc,AEVO/USDT:USDT,0.1084,788220,0.1083,2251942,0.1085,61067,0.1086,797791
1753592099540,04:54:59.540,mexc,AEVO/USDT:USDT,0.1084,788220,0.1083,1641382,0.1085,61067,0.1086,797791
1753592099920,04:54:59.920,mexc,AEVO/USDT:USDT,0.1084,788220,0.1083,1641382,0.1085,61067,0.1086,797791
1753592100039,04:55:00.039,mexc,AEVO/USDT:USDT,0.1084,788220,0.1083,1641382,0.1085,61067,0.1086,1066787
1753592100322,04:55:00.322,mexc,AEVO/USDT:USDT,0.1084,788220,0.1083,1641382,0.1085,61067,0.1086,1066787
1753592100442,04:55:00.442,mexc,AEVO/USDT:USDT,0.1084,788220,0.1083,1641382,0.1085,61067,0.1086,797791
1753592100540,04:55:00.540,mexc,AEVO/USDT:USDT,0.1084,788220,0.1083,2722675,0.1085,61067,0.1086,797791
1753592100943,04:55:00.943,mexc,AEVO/USDT:USDT,0.1084,788220,0.1083,2415156,0.1085,61067,0.1086,957689
1753592101039,04:55:01.039,mexc,AEVO/USDT:USDT,0.1084,788220,0.1083,1641382,0.1085,61067,0.1086,957689
1753592101423,04:55:01.423,mexc,AEVO/USDT:USDT,0.1084,788220,0.1083,1641382,0.1085,61067,0.1086,797791
1753592101540,04:55:01.540,mexc,AEVO/USDT:USDT,0.1084,788220,0.1083,1641382,0.1085,61067,0.1086,797791
1753592101921,04:55:01.921,mexc,AEVO/USDT:USDT,0.1084,788220,0.1083,1641382,0.1085,61067,0.1086,1070434
1753592102040,04:55:02.040,mexc,AEVO/USDT:USDT,0.1084,788220,0.1083,2450066,0.1085,61067,0.1086,1233272
1753592102324,04:55:02.324,mexc,AEVO/USDT:USDT,0.1084,788220,0.1083,2450066,0.1085,61067,0.1086,960629
1753592102444,04:55:02.444,mexc,AEVO/USDT:USDT,0.1084,788220,0.1083,1641382,0.1085,61067,0.1086,797791
1753592102541,04:55:02.541,mexc,AEVO/USDT:USDT,0.1084,788220,0.1083,1641382,0.1085,61067,0.1086,797791
1753592103012,04:55:03.012,mexc,AEVO/USDT:USDT,0.1084,788220,0.1083,1641382,0.1085,61067,0.1086,1195707
1753592103041,04:55:03.041,mexc,AEVO/USDT:USDT,0.1084,788220,0.1083,1641382,0.1085,61067,0.1086,1195707
1753592103421,04:55:03.421,mexc,AEVO/USDT:USDT,0.1084,788220,0.1083,1641382,0.1085,61067,0.1086,797791
1753592103592,04:55:03.592,mexc,AEVO/USDT:USDT,0.1084,788220,0.1083,1641382,0.1085,61067,0.1086,797791
1753592103828,04:55:03.828,mexc,AEVO/USDT:USDT,0.1084,788220,0.1083,1641382,0.1085,61067,0.1086,797791
1753592103945,04:55:03.945,mexc,AEVO/USDT:USDT,0.1084,788220,0.1083,1641382,0.1085,61067,0.1086,797791
1753592104041,04:55:04.041,mexc,AEVO/USDT:USDT,0.1084,788220,0.1083,1641382,0.1085,61067,0.1086,797791
1753592104445,04:55:04.445,mexc,AEVO/USDT:USDT,0.1084,788220,0.1083,1641382,0.1085,61067,0.1086,797791
1753592104541,04:55:04.541,mexc,AEVO/USDT:USDT,0.1084,788220,0.1083,1641382,0.1085,61067,0.1086,797791
1753592104921,04:55:04.921,mexc,AEVO/USDT:USDT,0.1084,704386,0.1083,1513524,0.1085,111535,0.1086,829862
1753592105041,04:55:05.041,mexc,AEVO/USDT:USDT,0.1084,704386,0.1083,1872701,0.1085,111535,0.1086,971709
1753592105326,04:55:05.326,mexc,AEVO/USDT:USDT,0.1084,704386,0.1083,1872701,0.1085,111535,0.1086,971709
1753592105444,04:55:05.444,mexc,AEVO/USDT:USDT,0.1084,704386,0.1083,1513524,0.1085,111535,0.1086,1042715
1753592105541,04:55:05.541,mexc,AEVO/USDT:USDT,0.1084,704386,0.1083,2158891,0.1085,111535,0.1086,1042715
1753592105944,04:55:05.944,mexc,AEVO/USDT:USDT,0.1084,704386,0.1083,1513524,0.1085,111535,0.1086,829862
1753592106042,04:55:06.042,mexc,AEVO/USDT:USDT,0.1084,704386,0.1083,1793837,0.1085,111535,0.1086,829862
1753592106425,04:55:06.425,mexc,AEVO/USDT:USDT,0.1084,704386,0.1083,1793837,0.1085,111535,0.1086,829862
1753592106541,04:55:06.541,mexc,AEVO/USDT:USDT,0.1084,704386,0.1083,2245160,0.1085,111535,0.1086,829862
1753592106826,04:55:06.826,mexc,AEVO/USDT:USDT,0.1084,704386,0.1083,2245160,0.1085,111535,0.1086,829862
1753592106944,04:55:06.944,mexc,AEVO/USDT:USDT,0.1084,704386,0.1083,1513524,0.1085,111535,0.1086,829862
1753592107041,04:55:07.041,mexc,AEVO/USDT:USDT,0.1084,704386,0.1083,1805243,0.1085,111535,0.1086,829862
1753592107445,04:55:07.445,mexc,AEVO/USDT:USDT,0.1084,704386,0.1083,1513524,0.1085,111535,0.1086,1103051
1753592107546,04:55:07.546,mexc,AEVO/USDT:USDT,0.1084,704386,0.1083,1513524,0.1085,111535,0.1086,1103051
1753592107921,04:55:07.921,mexc,AEVO/USDT:USDT,0.1084,704386,0.1083,1513524,0.1085,111535,0.1086,829862
1753592108042,04:55:08.042,mexc,AEVO/USDT:USDT,0.1084,704386,0.1083,1513524,0.1085,111535,0.1086,829862
1753592108326,04:55:08.326,mexc,AEVO/USDT:USDT,0.1084,704386,0.1083,1513524,0.1085,111535,0.1086,829862
1753592108445,04:55:08.445,mexc,AEVO/USDT:USDT,0.1084,704386,0.1083,1513524,0.1085,111535,0.1086,829862
1753592108543,04:55:08.543,mexc,AEVO/USDT:USDT,0.1084,704386,0.1083,1885974,0.1085,111535,0.1086,829862
1753592108946,04:55:08.946,mexc,AEVO/USDT:USDT,0.1084,704386,0.1083,1885974,0.1085,111535,0.1086,829862
1753592109042,04:55:09.042,mexc,AEVO/USDT:USDT,0.1084,704386,0.1083,1513524,0.1085,111535,0.1086,829862
1753592109423,04:55:09.423,mexc,AEVO/USDT:USDT,0.1084,704386,0.1083,1513524,0.1085,111535,0.1086,829862
1753592109595,04:55:09.595,mexc,AEVO/USDT:USDT,0.1084,704386,0.1083,1513524,0.1085,111535,0.1086,829862
1753592109826,04:55:09.826,mexc,AEVO/USDT:USDT,0.1084,704386,0.1083,1513524,0.1085,111535,0.1086,829862
1753592109945,04:55:09.945,mexc,AEVO/USDT:USDT,0.1084,704386,0.1083,1513524,0.1085,111535,0.1086,1167026
1753592110043,04:55:10.043,mexc,AEVO/USDT:USDT,0.1084,704386,0.1083,2047504,0.1085,111535,0.1086,1167026
1753592110446,04:55:10.446,mexc,AEVO/USDT:USDT,0.1084,704386,0.1083,1513524,0.1085,111535,0.1086,829862
1753592110543,04:55:10.543,mexc,AEVO/USDT:USDT,0.1084,704386,0.1083,1513524,0.1085,111535,0.1086,829862
1753592110939,04:55:10.939,mexc,AEVO/USDT:USDT,0.1084,873638,0.1083,1461172,0.1085,114196,0.1086,1043050
1753592111042,04:55:11.042,mexc,AEVO/USDT:USDT,0.1084,873638,0.1083,1952954,0.1085,114196,0.1086,1043050
1753592111425,04:55:11.425,mexc,AEVO/USDT:USDT,0.1084,873638,0.1083,1952954,0.1085,114196,0.1086,1303732
1753592111543,04:55:11.543,mexc,AEVO/USDT:USDT,0.1084,873638,0.1083,1891207,0.1085,114196,0.1086,1303732
1753592111827,04:55:11.827,mexc,AEVO/USDT:USDT,0.1084,873638,0.1083,1891207,0.1085,114196,0.1086,920299
1753592111947,04:55:11.947,mexc,AEVO/USDT:USDT,0.1084,873638,0.1083,1461172,0.1085,114196,0.1086,1128442
1753592112044,04:55:12.044,mexc,AEVO/USDT:USDT,0.1084,873638,0.1083,1647302,0.1085,114196,0.1086,1128442
1753592112449,04:55:12.449,mexc,AEVO/USDT:USDT,0.1084,873638,0.1083,1647302,0.1085,114196,0.1086,1200289
1753592112544,04:55:12.544,mexc,AEVO/USDT:USDT,0.1084,873638,0.1083,1461172,0.1085,114196,0.1086,1200289
1753592112925,04:55:12.925,mexc,AEVO/USDT:USDT,0.1084,873638,0.1083,1461172,0.1085,114196,0.1086,920299
1753592113045,04:55:13.045,mexc,AEVO/USDT:USDT,0.1084,873638,0.1083,1800078,0.1085,114196,0.1086,1048934
1753592113330,04:55:13.330,mexc,AEVO/USDT:USDT,0.1084,873638,0.1083,1800078,0.1085,114196,0.1086,1048934
1753592113450,04:55:13.450,mexc,AEVO/USDT:USDT,0.1084,873638,0.1083,1461172,0.1085,114196,0.1086,1320034
1753592113546,04:55:13.546,mexc,AEVO/USDT:USDT,0.1084,873638,0.1083,2139382,0.1085,114196,0.1086,1320034
1753592113949,04:55:13.949,mexc,AEVO/USDT:USDT,0.1084,873638,0.1083,1461172,0.1085,114196,0.1086,1128161
1753592114046,04:55:14.046,mexc,AEVO/USDT:USDT,0.1084,873638,0.1083,1692543,0.1085,114196,0.1086,1128161
1753592114426,04:55:14.426,mexc,AEVO/USDT:USDT,0.1084,873638,0.1083,1692543,0.1085,114196,0.1086,920299
1753592114546,04:55:14.546,mexc,AEVO/USDT:USDT,0.1084,873638,0.1083,2043641,0.1085,114196,0.1086,920299
1753592114931,04:55:14.931,mexc,AEVO/USDT:USDT,0.1084,873638,0.1083,2043641,0.1085,114196,0.1086,1139528
1753592115046,04:55:15.046,mexc,AEVO/USDT:USDT,0.1084,873638,0.1083,1461172,0.1085,114196,0.1086,1139528
1753592115427,04:55:15.427,mexc,AEVO/USDT:USDT,0.1084,873638,0.1083,1461172,0.1085,114196,0.1086,1159662
1753592115601,04:55:15.601,mexc,AEVO/USDT:USDT,0.1084,873638,0.1083,1461172,0.1085,114196,0.1086,1159662
1753592115832,04:55:15.832,mexc,AEVO/USDT:USDT,0.1084,873638,0.1083,1461172,0.1085,114196,0.1086,920299
1753592115950,04:55:15.950,mexc,AEVO/USDT:USDT,0.1084,873638,0.1083,1461172,0.1085,114196,0.1086,1100470
1753592116046,04:55:16.046,mexc,AEVO/USDT:USDT,0.1084,873638,0.1083,2089902,0.1085,114196,0.1086,1100470
1753592116451,04:55:16.451,mexc,AEVO/USDT:USDT,0.1084,873638,0.1083,2089902,0.1085,114196,0.1086,920299
1753592116547,04:55:16.547,mexc,AEVO/USDT:USDT,0.1084,873638,0.1083,1611733,0.1085,114196,0.1086,920299
1753592116945,04:55:16.945,mexc,AEVO/USDT:USDT,0.1084,568282,0.1083,1129361,0.1085,308045,0.1086,974406
1753592117048,04:55:17.048,mexc,AEVO/USDT:USDT,0.1084,568282,0.1083,1129361,0.1085,308045,0.1086,974406
1753592117427,04:55:17.427,mexc,AEVO/USDT:USDT,0.1084,568282,0.1083,1129361,0.1085,308045,0.1086,974406
1753592117548,04:55:17.548,mexc,AEVO/USDT:USDT,0.1084,568282,0.1083,1129361,0.1085,308045,0.1086,974406
1753592117832,04:55:17.832,mexc,AEVO/USDT:USDT,0.1084,568282,0.1083,1129361,0.1085,308045,0.1086,974406
1753592117951,04:55:17.951,mexc,AEVO/USDT:USDT,0.1084,568282,0.1083,1129361,0.1085,308045,0.1086,974406
1753592118048,04:55:18.048,mexc,AEVO/USDT:USDT,0.1084,568282,0.1083,1129361,0.1085,308045,0.1086,974406
1753592118451,04:55:18.451,mexc,AEVO/USDT:USDT,0.1084,568282,0.1083,1129361,0.1085,308045,0.1086,974406
1753592118549,04:55:18.549,mexc,AEVO/USDT:USDT,0.1084,568282,0.1083,1625351,0.1085,308045,0.1086,974406
1753592118932,04:55:18.932,mexc,AEVO/USDT:USDT,0.1084,568282,0.1083,1625351,0.1085,308045,0.1086,974406
1753592119049,04:55:19.049,mexc,AEVO/USDT:USDT,0.1084,568282,0.1083,1252967,0.1085,308045,0.1086,974406
1753592119335,04:55:19.335,mexc,AEVO/USDT:USDT,0.1084,568282,0.1083,1252967,0.1085,308045,0.1086,974406
1753592119457,04:55:19.457,mexc,AEVO/USDT:USDT,0.1084,568282,0.1083,1129361,0.1085,308045,0.1086,974406
1753592119549,04:55:19.549,mexc,AEVO/USDT:USDT,0.1084,568282,0.1083,1129361,0.1085,308045,0.1086,974406
1753592119952,04:55:19.952,mexc,AEVO/USDT:USDT,0.1084,568282,0.1083,1129361,0.1085,308045,0.1086,1447753
