timestamp,time,exchange,symbol,bid1_price,bid1_volume,bid2_price,bid2_volume,ask1_price,ask1_volume,ask2_price,ask2_volume
1753591889000,04:51:29.000,gateio,AERGO/USDT:USDT,0.133,9.0,0.13299,9.0,0.13313,16.0,0.13314,152.0
1753591891859,04:51:31.859,gateio,AERGO/USDT:USDT,0.133,9.0,0.13299,9.0,0.13313,16.0,0.13314,152.0
1753591892122,04:51:32.122,gateio,AERGO/USDT:USDT,0.133,23.0,0.13299,9.0,0.13313,16.0,0.13314,152.0
1753591893151,04:51:33.151,gateio,AERGO/USDT:USDT,0.133,9.0,0.13299,9.0,0.13313,16.0,0.13314,152.0
1753591894706,04:51:34.706,gateio,AERGO/USDT:USDT,0.133,9.0,0.13299,9.0,0.13313,16.0,0.13314,152.0
1753591895067,04:51:35.067,gateio,AERGO/USDT:USDT,0.133,9.0,0.13299,9.0,0.13313,16.0,0.13314,152.0
1753591898164,04:51:38.164,gateio,AERGO/USDT:USDT,0.133,9.0,0.13299,9.0,0.13313,16.0,0.13316,229.0
1753591898238,04:51:38.238,gateio,AERGO/USDT:USDT,0.133,9.0,0.13299,9.0,0.13315,16.0,0.13316,229.0
1753591898336,04:51:38.336,gateio,AERGO/USDT:USDT,0.133,9.0,0.13299,9.0,0.13315,9.0,0.13316,229.0
1753591898436,04:51:38.436,gateio,AERGO/USDT:USDT,0.133,9.0,0.13299,9.0,0.13315,16.0,0.13316,229.0
1753591898859,04:51:38.859,gateio,AERGO/USDT:USDT,0.133,9.0,0.13299,9.0,0.13315,16.0,0.13316,229.0
1753591899712,04:51:39.712,gateio,AERGO/USDT:USDT,0.133,9.0,0.13299,9.0,0.13315,16.0,0.13316,229.0
1753591899793,04:51:39.793,gateio,AERGO/USDT:USDT,0.133,9.0,0.13299,9.0,0.13315,16.0,0.13316,229.0
1753591900991,04:51:40.991,gateio,AERGO/USDT:USDT,0.133,9.0,0.13299,9.0,0.13315,16.0,0.13316,229.0
1753591907123,04:51:47.123,gateio,AERGO/USDT:USDT,0.133,23.0,0.13299,9.0,0.13315,16.0,0.13316,229.0
1753591907129,04:51:47.129,gateio,AERGO/USDT:USDT,0.133,23.0,0.13299,9.0,0.13315,16.0,0.13316,229.0
1753591907301,04:51:47.301,gateio,AERGO/USDT:USDT,0.133,23.0,0.13299,9.0,0.13315,16.0,0.13316,229.0
1753591908160,04:51:48.160,gateio,AERGO/USDT:USDT,0.133,9.0,0.13299,9.0,0.13315,16.0,0.13316,229.0
1753591908514,04:51:48.514,gateio,AERGO/USDT:USDT,0.133,9.0,0.13299,9.0,0.13315,16.0,0.13316,229.0
1753591910426,04:51:50.426,gateio,AERGO/USDT:USDT,0.133,9.0,0.13299,9.0,0.13315,16.0,0.13316,229.0
1753591910781,04:51:50.781,gateio,AERGO/USDT:USDT,0.133,9.0,0.13299,9.0,0.13315,16.0,0.13316,229.0
1753591910963,04:51:50.963,gateio,AERGO/USDT:USDT,0.133,23.0,0.13299,9.0,0.13315,16.0,0.13316,229.0
1753591911796,04:51:51.796,gateio,AERGO/USDT:USDT,0.133,23.0,0.13299,9.0,0.13315,16.0,0.13316,229.0
1753591912013,04:51:52.013,gateio,AERGO/USDT:USDT,0.133,9.0,0.13299,9.0,0.13315,16.0,0.13316,229.0
1753591912219,04:51:52.219,gateio,AERGO/USDT:USDT,0.133,9.0,0.13299,9.0,0.13315,16.0,0.13317,279.0
1753591912244,04:51:52.244,gateio,AERGO/USDT:USDT,0.133,9.0,0.13299,9.0,0.13316,16.0,0.13317,279.0
1753591919348,04:51:59.348,gateio,AERGO/USDT:USDT,0.133,23.0,0.13299,9.0,0.13316,16.0,0.13317,279.0
1753591920392,04:52:00.392,gateio,AERGO/USDT:USDT,0.133,9.0,0.13299,9.0,0.13316,16.0,0.13317,279.0
1753591920606,04:52:00.606,gateio,AERGO/USDT:USDT,0.133,9.0,0.13299,9.0,0.13316,16.0,0.13317,279.0
1753591920640,04:52:00.640,gateio,AERGO/USDT:USDT,0.133,9.0,0.13299,9.0,0.13316,16.0,0.13317,279.0
1753591926130,04:52:06.130,gateio,AERGO/USDT:USDT,0.133,9.0,0.13299,9.0,0.13316,16.0,0.13317,279.0
1753591926492,04:52:06.492,gateio,AERGO/USDT:USDT,0.133,9.0,0.13299,9.0,0.13316,16.0,0.13317,279.0
1753591927227,04:52:07.227,gateio,AERGO/USDT:USDT,0.13302,227.0,0.133,9.0,0.13316,16.0,0.13317,50.0
1753591927324,04:52:07.324,gateio,AERGO/USDT:USDT,0.13302,241.0,0.133,9.0,0.13316,3.0,0.13317,50.0
1753591927336,04:52:07.336,gateio,AERGO/USDT:USDT,0.13302,241.0,0.133,9.0,0.13316,3.0,0.13317,50.0
1753591927493,04:52:07.493,gateio,AERGO/USDT:USDT,0.13302,241.0,0.133,9.0,0.13316,3.0,0.13317,50.0
1753591927535,04:52:07.535,gateio,AERGO/USDT:USDT,0.13302,241.0,0.133,9.0,0.13316,3.0,0.13317,50.0
1753591927911,04:52:07.911,gateio,AERGO/USDT:USDT,0.13302,241.0,0.133,9.0,0.13316,3.0,0.13319,13.0
1753591927936,04:52:07.936,gateio,AERGO/USDT:USDT,0.13302,241.0,0.133,9.0,0.13319,16.0,0.1332,152.0
1753591928054,04:52:08.054,gateio,AERGO/USDT:USDT,0.13302,241.0,0.133,9.0,0.13319,16.0,0.1332,152.0
1753591928212,04:52:08.212,gateio,AERGO/USDT:USDT,0.13302,241.0,0.133,9.0,0.13319,16.0,0.13321,75.0
1753591928313,04:52:08.313,gateio,AERGO/USDT:USDT,0.13302,227.0,0.133,9.0,0.1332,3.0,0.13321,75.0
1753591930031,04:52:10.031,gateio,AERGO/USDT:USDT,0.13302,227.0,0.133,9.0,0.1332,155.0,0.13321,75.0
1753591930138,04:52:10.138,gateio,AERGO/USDT:USDT,0.13302,227.0,0.133,9.0,0.13319,16.0,0.1332,152.0
1753591930339,04:52:10.339,gateio,AERGO/USDT:USDT,0.13302,227.0,0.133,9.0,0.13319,16.0,0.1332,152.0
1753591931123,04:52:11.123,gateio,AERGO/USDT:USDT,0.13302,241.0,0.133,9.0,0.13319,16.0,0.1332,152.0
1753591931131,04:52:11.131,gateio,AERGO/USDT:USDT,0.13302,241.0,0.133,9.0,0.13319,16.0,0.1332,152.0
1753591932140,04:52:12.140,gateio,AERGO/USDT:USDT,0.13302,227.0,0.133,9.0,0.13319,16.0,0.1332,152.0
1753591932852,04:52:12.852,gateio,AERGO/USDT:USDT,0.13302,227.0,0.133,356.0,0.13319,16.0,0.1332,152.0
1753591935228,04:52:15.228,gateio,AERGO/USDT:USDT,0.13302,227.0,0.133,356.0,0.13319,16.0,0.1332,152.0
1753591935567,04:52:15.567,gateio,AERGO/USDT:USDT,0.13302,227.0,0.133,356.0,0.13319,16.0,0.1332,152.0
1753591937310,04:52:17.310,gateio,AERGO/USDT:USDT,0.13302,227.0,0.133,356.0,0.13319,16.0,0.1332,152.0
1753591938654,04:52:18.654,gateio,AERGO/USDT:USDT,0.13302,227.0,0.133,9.0,0.13319,16.0,0.1332,152.0
1753591938788,04:52:18.788,gateio,AERGO/USDT:USDT,0.13302,227.0,0.133,9.0,0.13319,16.0,0.1332,152.0
1753591938928,04:52:18.928,gateio,AERGO/USDT:USDT,0.13302,227.0,0.133,9.0,0.13319,16.0,0.1332,152.0
1753591938934,04:52:18.934,gateio,AERGO/USDT:USDT,0.13302,227.0,0.133,9.0,0.13319,16.0,0.1332,152.0
1753591940223,04:52:20.223,gateio,AERGO/USDT:USDT,0.13302,241.0,0.133,9.0,0.13319,16.0,0.1332,152.0
1753591941234,04:52:21.234,gateio,AERGO/USDT:USDT,0.13302,227.0,0.133,9.0,0.13319,16.0,0.1332,152.0
1753591941848,04:52:21.848,gateio,AERGO/USDT:USDT,0.13302,227.0,0.133,9.0,0.13319,16.0,0.1332,152.0
1753591942004,04:52:22.004,gateio,AERGO/USDT:USDT,0.13302,227.0,0.133,9.0,0.13319,16.0,0.1332,152.0
1753591942523,04:52:22.523,gateio,AERGO/USDT:USDT,0.13302,241.0,0.133,9.0,0.13319,16.0,0.1332,152.0
1753591943208,04:52:23.208,gateio,AERGO/USDT:USDT,0.13302,241.0,0.133,9.0,0.13319,16.0,0.1332,152.0
1753591943269,04:52:23.269,gateio,AERGO/USDT:USDT,0.13302,241.0,0.133,9.0,0.13319,16.0,0.1332,152.0
1753591943555,04:52:23.555,gateio,AERGO/USDT:USDT,0.13302,227.0,0.133,9.0,0.13319,16.0,0.1332,152.0
1753591944426,04:52:24.426,gateio,AERGO/USDT:USDT,0.13302,227.0,0.133,9.0,0.13319,16.0,0.1332,152.0
1753591945654,04:52:25.654,gateio,AERGO/USDT:USDT,0.13302,227.0,0.133,9.0,0.13319,16.0,0.1332,152.0
1753591946491,04:52:26.491,gateio,AERGO/USDT:USDT,0.13302,227.0,0.133,356.0,0.13319,16.0,0.1332,152.0
1753591947626,04:52:27.626,gateio,AERGO/USDT:USDT,0.13301,75.0,0.133,356.0,0.13319,16.0,0.1332,152.0
1753591947704,04:52:27.704,gateio,AERGO/USDT:USDT,0.13301,75.0,0.133,356.0,0.13319,91.0,0.1332,152.0
1753591947735,04:52:27.735,gateio,AERGO/USDT:USDT,0.13301,75.0,0.133,356.0,0.13318,3.0,0.13319,88.0
1753591947835,04:52:27.835,gateio,AERGO/USDT:USDT,0.13301,75.0,0.133,356.0,0.13319,88.0,0.1332,152.0
1753591947937,04:52:27.937,gateio,AERGO/USDT:USDT,0.13301,75.0,0.133,356.0,0.13318,3.0,0.13319,88.0
1753591948030,04:52:28.030,gateio,AERGO/USDT:USDT,0.13301,75.0,0.133,356.0,0.13318,3.0,0.13319,88.0
1753591948714,04:52:28.714,gateio,AERGO/USDT:USDT,0.13301,75.0,0.133,356.0,0.13318,3.0,0.13319,88.0
1753591948737,04:52:28.737,gateio,AERGO/USDT:USDT,0.13301,75.0,0.133,356.0,0.13318,3.0,0.13319,88.0
1753591949638,04:52:29.638,gateio,AERGO/USDT:USDT,0.13301,75.0,0.133,356.0,0.13318,3.0,0.13319,88.0
1753591950218,04:52:30.218,gateio,AERGO/USDT:USDT,0.13301,75.0,0.133,9.0,0.13318,3.0,0.13319,88.0
1753591950231,04:52:30.231,gateio,AERGO/USDT:USDT,0.13301,75.0,0.133,9.0,0.13318,3.0,0.13319,88.0
1753591950525,04:52:30.525,gateio,AERGO/USDT:USDT,0.13301,75.0,0.133,9.0,0.13318,3.0,0.13319,13.0
1753591950535,04:52:30.535,gateio,AERGO/USDT:USDT,0.13301,75.0,0.133,9.0,0.13319,16.0,0.1332,152.0
1753591951082,04:52:31.082,gateio,AERGO/USDT:USDT,0.13302,152.0,0.13301,75.0,0.13319,16.0,0.1332,152.0
1753591951279,04:52:31.279,gateio,AERGO/USDT:USDT,0.13302,152.0,0.13301,75.0,0.13319,16.0,0.1332,152.0
1753591951699,04:52:31.699,gateio,AERGO/USDT:USDT,0.13302,152.0,0.13301,75.0,0.13319,16.0,0.1332,152.0
1753591953007,04:52:33.007,gateio,AERGO/USDT:USDT,0.13302,152.0,0.13301,75.0,0.13319,16.0,0.1332,152.0
1753591956011,04:52:36.011,gateio,AERGO/USDT:USDT,0.13302,152.0,0.13301,422.0,0.13319,16.0,0.1332,152.0
1753591956140,04:52:36.140,gateio,AERGO/USDT:USDT,0.13302,152.0,0.13301,422.0,0.13319,16.0,0.1332,152.0
1753591956835,04:52:36.835,gateio,AERGO/USDT:USDT,0.13302,381.0,0.13301,422.0,0.13319,16.0,0.1332,152.0
1753591956954,04:52:36.954,gateio,AERGO/USDT:USDT,0.13302,381.0,0.13301,422.0,0.13319,16.0,0.1332,152.0
1753591958819,04:52:38.819,gateio,AERGO/USDT:USDT,0.13302,381.0,0.13301,422.0,0.13319,16.0,0.1332,152.0
1753591958973,04:52:38.973,gateio,AERGO/USDT:USDT,0.13302,381.0,0.13301,422.0,0.13319,16.0,0.1332,152.0
1753591959195,04:52:39.195,gateio,AERGO/USDT:USDT,0.13302,381.0,0.13301,422.0,0.13319,16.0,0.1332,152.0
1753591959725,04:52:39.725,gateio,AERGO/USDT:USDT,0.13302,381.0,0.13301,422.0,0.13319,16.0,0.1332,152.0
1753591961803,04:52:41.803,gateio,AERGO/USDT:USDT,0.13302,381.0,0.13301,422.0,0.13319,16.0,0.1332,152.0
1753591971816,04:52:51.816,gateio,AERGO/USDT:USDT,0.13302,381.0,0.13301,422.0,0.13319,16.0,0.1332,152.0
1753591971829,04:52:51.829,gateio,AERGO/USDT:USDT,0.13302,381.0,0.13301,422.0,0.13319,16.0,0.1332,152.0
1753591972934,04:52:52.934,gateio,AERGO/USDT:USDT,0.13301,347.0,0.133,9.0,0.13319,16.0,0.1332,152.0
1753591973062,04:52:53.062,gateio,AERGO/USDT:USDT,0.13301,347.0,0.133,9.0,0.13319,16.0,0.1332,152.0
1753591973153,04:52:53.153,gateio,AERGO/USDT:USDT,0.13302,381.0,0.13301,347.0,0.13319,16.0,0.1332,152.0
1753591973306,04:52:53.306,gateio,AERGO/USDT:USDT,0.13303,75.0,0.13302,381.0,0.13319,16.0,0.13321,75.0
1753591973389,04:52:53.389,gateio,AERGO/USDT:USDT,0.13303,75.0,0.13302,381.0,0.1332,155.0,0.13321,75.0
1753591973475,04:52:53.475,gateio,AERGO/USDT:USDT,0.13303,75.0,0.13302,381.0,0.13319,16.0,0.1332,152.0
1753591973882,04:52:53.882,gateio,AERGO/USDT:USDT,0.13303,75.0,0.13302,381.0,0.13319,16.0,0.1332,152.0
1753591974549,04:52:54.549,gateio,AERGO/USDT:USDT,0.13303,75.0,0.13302,381.0,0.13319,16.0,0.1332,152.0
1753591974697,04:52:54.697,gateio,AERGO/USDT:USDT,0.13303,75.0,0.13302,381.0,0.13319,16.0,0.1332,152.0
1753591974905,04:52:54.905,gateio,AERGO/USDT:USDT,0.13303,75.0,0.13302,381.0,0.13319,16.0,0.1332,152.0
1753591979180,04:52:59.180,gateio,AERGO/USDT:USDT,0.13303,75.0,0.13302,381.0,0.13319,16.0,0.1332,152.0
1753591979511,04:52:59.511,gateio,AERGO/USDT:USDT,0.13303,75.0,0.13302,381.0,0.13319,16.0,0.1332,152.0
1753591982239,04:53:02.239,gateio,AERGO/USDT:USDT,0.13302,229.0,0.13301,347.0,0.13319,16.0,0.1332,152.0
1753591982335,04:53:02.335,gateio,AERGO/USDT:USDT,0.13301,347.0,0.133,9.0,0.13319,16.0,0.1332,152.0
1753591982506,04:53:02.506,gateio,AERGO/USDT:USDT,0.13301,347.0,0.133,9.0,0.13319,16.0,0.1332,152.0
1753591982534,04:53:02.534,gateio,AERGO/USDT:USDT,0.13302,227.0,0.13301,347.0,0.13319,16.0,0.1332,152.0
1753591982744,04:53:02.744,gateio,AERGO/USDT:USDT,0.13302,227.0,0.13301,347.0,0.13319,16.0,0.1332,152.0
1753591984991,04:53:04.991,gateio,AERGO/USDT:USDT,0.13302,227.0,0.13301,347.0,0.13319,16.0,0.1332,152.0
1753591987024,04:53:07.024,gateio,AERGO/USDT:USDT,0.13302,456.0,0.13301,347.0,0.13319,16.0,0.1332,152.0
1753591987221,04:53:07.221,gateio,AERGO/USDT:USDT,0.13302,456.0,0.13301,347.0,0.13319,16.0,0.1332,152.0
1753591987320,04:53:07.320,gateio,AERGO/USDT:USDT,0.13302,456.0,0.13301,347.0,0.13319,16.0,0.1332,152.0
1753591987371,04:53:07.371,gateio,AERGO/USDT:USDT,0.13302,456.0,0.13301,347.0,0.13319,16.0,0.1332,152.0
1753591989922,04:53:09.922,gateio,AERGO/USDT:USDT,0.13302,456.0,0.13301,347.0,0.13319,16.0,0.1332,152.0
1753591990268,04:53:10.268,gateio,AERGO/USDT:USDT,0.13302,456.0,0.13301,347.0,0.13319,16.0,0.1332,152.0
1753591990638,04:53:10.638,gateio,AERGO/USDT:USDT,0.13302,456.0,0.13301,347.0,0.13319,16.0,0.1332,152.0
1753591991834,04:53:11.834,gateio,AERGO/USDT:USDT,0.13301,347.0,0.133,9.0,0.13319,16.0,0.1332,152.0
1753591992009,04:53:12.009,gateio,AERGO/USDT:USDT,0.13301,347.0,0.133,9.0,0.13319,16.0,0.1332,152.0
1753591992301,04:53:12.301,gateio,AERGO/USDT:USDT,0.13301,347.0,0.133,9.0,0.13319,16.0,0.1332,152.0
1753591992361,04:53:12.361,gateio,AERGO/USDT:USDT,0.13302,152.0,0.13301,347.0,0.13319,16.0,0.1332,152.0
1753591992450,04:53:12.450,gateio,AERGO/USDT:USDT,0.13302,381.0,0.13301,347.0,0.13319,16.0,0.1332,152.0
1753591992849,04:53:12.849,gateio,AERGO/USDT:USDT,0.13302,229.0,0.13301,347.0,0.13319,16.0,0.1332,152.0
1753591993002,04:53:13.002,gateio,AERGO/USDT:USDT,0.13303,152.0,0.13302,304.0,0.13319,16.0,0.1332,152.0
1753591993065,04:53:13.065,gateio,AERGO/USDT:USDT,0.13303,152.0,0.13302,304.0,0.13319,16.0,0.1332,152.0
1753591993191,04:53:13.191,gateio,AERGO/USDT:USDT,0.13302,304.0,0.13301,347.0,0.13319,16.0,0.1332,152.0
1753591993524,04:53:13.524,gateio,AERGO/USDT:USDT,0.13302,304.0,0.13301,347.0,0.13319,16.0,0.1332,152.0
1753591993783,04:53:13.783,gateio,AERGO/USDT:USDT,0.13302,304.0,0.13301,347.0,0.13319,16.0,0.1332,152.0
1753591994004,04:53:14.004,gateio,AERGO/USDT:USDT,0.13302,304.0,0.13301,347.0,0.13319,16.0,0.1332,227.0
1753591994105,04:53:14.105,gateio,AERGO/USDT:USDT,0.13302,304.0,0.13301,347.0,0.13319,16.0,0.1332,152.0
1753591995006,04:53:15.006,gateio,AERGO/USDT:USDT,0.13302,304.0,0.13301,347.0,0.13319,16.0,0.1332,227.0
1753591995072,04:53:15.072,gateio,AERGO/USDT:USDT,0.13302,304.0,0.13301,347.0,0.13319,16.0,0.1332,152.0
1753591996002,04:53:16.002,gateio,AERGO/USDT:USDT,0.13302,304.0,0.13301,347.0,0.13319,16.0,0.1332,227.0
1753591996706,04:53:16.706,gateio,AERGO/USDT:USDT,0.13302,304.0,0.13301,347.0,0.13319,16.0,0.1332,152.0
1753591997007,04:53:17.007,gateio,AERGO/USDT:USDT,0.13302,304.0,0.13301,347.0,0.13319,16.0,0.1332,227.0
1753591997068,04:53:17.068,gateio,AERGO/USDT:USDT,0.13302,304.0,0.13301,347.0,0.13319,16.0,0.1332,152.0
1753591997348,04:53:17.348,gateio,AERGO/USDT:USDT,0.13302,304.0,0.13301,347.0,0.13319,16.0,0.1332,152.0
1753591998007,04:53:18.007,gateio,AERGO/USDT:USDT,0.13302,304.0,0.13301,347.0,0.13319,16.0,0.1332,227.0
1753591998249,04:53:18.249,gateio,AERGO/USDT:USDT,0.13302,304.0,0.13301,347.0,0.13319,16.0,0.1332,152.0
1753592002370,04:53:22.370,gateio,AERGO/USDT:USDT,0.13302,229.0,0.133,9.0,0.13319,16.0,0.1332,152.0
1753592005988,04:53:25.988,gateio,AERGO/USDT:USDT,0.13302,229.0,0.133,9.0,0.13319,16.0,0.1332,152.0
1753592006336,04:53:26.336,gateio,AERGO/USDT:USDT,0.13302,229.0,0.133,9.0,0.13319,16.0,0.1332,152.0
1753592007449,04:53:27.449,gateio,AERGO/USDT:USDT,0.133,9.0,0.13297,347.0,0.13319,91.0,0.1332,152.0
1753592007551,04:53:27.551,gateio,AERGO/USDT:USDT,0.133,9.0,0.13299,75.0,0.13318,78.0,0.13319,13.0
1753592007637,04:53:27.637,gateio,AERGO/USDT:USDT,0.133,9.0,0.13299,75.0,0.13317,3.0,0.13318,75.0
1753592008899,04:53:28.899,gateio,AERGO/USDT:USDT,0.133,9.0,0.13299,75.0,0.13317,3.0,0.13318,75.0
1753592009320,04:53:29.320,gateio,AERGO/USDT:USDT,0.133,9.0,0.13299,75.0,0.13317,3.0,0.13318,75.0
1753592011039,04:53:31.039,gateio,AERGO/USDT:USDT,0.133,356.0,0.13299,75.0,0.13317,3.0,0.13318,75.0
1753592011954,04:53:31.954,gateio,AERGO/USDT:USDT,0.133,356.0,0.13299,75.0,0.13317,3.0,0.13318,75.0
1753592012110,04:53:32.110,gateio,AERGO/USDT:USDT,0.133,356.0,0.13299,75.0,0.13317,3.0,0.13319,13.0
1753592012135,04:53:32.135,gateio,AERGO/USDT:USDT,0.133,356.0,0.13299,75.0,0.13319,16.0,0.1332,152.0
1753592013005,04:53:33.005,gateio,AERGO/USDT:USDT,0.133,356.0,0.13299,75.0,0.13319,16.0,0.1332,152.0
1753592014868,04:53:34.868,gateio,AERGO/USDT:USDT,0.13302,14.0,0.133,356.0,0.13319,16.0,0.1332,152.0
1753592015009,04:53:35.009,gateio,AERGO/USDT:USDT,0.13302,14.0,0.133,356.0,0.13319,16.0,0.1332,227.0
1753592015777,04:53:35.777,gateio,AERGO/USDT:USDT,0.13302,14.0,0.133,356.0,0.13319,16.0,0.1332,227.0
1753592015905,04:53:35.905,gateio,AERGO/USDT:USDT,0.133,356.0,0.13299,75.0,0.13319,16.0,0.1332,227.0
1753592016189,04:53:36.189,gateio,AERGO/USDT:USDT,0.133,356.0,0.13299,75.0,0.13319,16.0,0.1332,227.0
1753592016829,04:53:36.829,gateio,AERGO/USDT:USDT,0.133,356.0,0.13299,75.0,0.13319,16.0,0.1332,227.0
1753592016831,04:53:36.831,gateio,AERGO/USDT:USDT,0.133,356.0,0.13299,75.0,0.13319,16.0,0.1332,227.0
1753592020450,04:53:40.450,gateio,AERGO/USDT:USDT,0.133,356.0,0.13299,75.0,0.13319,16.0,0.1332,152.0
1753592020533,04:53:40.533,gateio,AERGO/USDT:USDT,0.133,356.0,0.13299,75.0,0.13319,16.0,0.1332,152.0
1753592020642,04:53:40.642,gateio,AERGO/USDT:USDT,0.133,356.0,0.13299,75.0,0.13319,16.0,0.1332,152.0
1753592021025,04:53:41.025,gateio,AERGO/USDT:USDT,0.133,356.0,0.13299,75.0,0.13319,16.0,0.1332,152.0
1753592021693,04:53:41.693,gateio,AERGO/USDT:USDT,0.133,356.0,0.13299,75.0,0.13319,16.0,0.1332,152.0
1753592021851,04:53:41.851,gateio,AERGO/USDT:USDT,0.133,356.0,0.13299,75.0,0.13319,16.0,0.1332,152.0
1753592022005,04:53:42.005,gateio,AERGO/USDT:USDT,0.133,356.0,0.13299,75.0,0.13319,16.0,0.1332,227.0
1753592022054,04:53:42.054,gateio,AERGO/USDT:USDT,0.133,356.0,0.13299,75.0,0.13319,16.0,0.1332,227.0
1753592022623,04:53:42.623,gateio,AERGO/USDT:USDT,0.133,356.0,0.13299,75.0,0.13319,16.0,0.1332,227.0
1753592023067,04:53:43.067,gateio,AERGO/USDT:USDT,0.133,356.0,0.13299,75.0,0.13319,16.0,0.1332,227.0
1753592025436,04:53:45.436,gateio,AERGO/USDT:USDT,0.133,356.0,0.13296,152.0,0.13319,16.0,0.1332,227.0
1753592025905,04:53:45.905,gateio,AERGO/USDT:USDT,0.133,356.0,0.13296,152.0,0.13319,16.0,0.1332,227.0
1753592026912,04:53:46.912,gateio,AERGO/USDT:USDT,0.133,356.0,0.13296,152.0,0.13319,16.0,0.1332,152.0
1753592027925,04:53:47.925,gateio,AERGO/USDT:USDT,0.133,356.0,0.13296,152.0,0.13319,16.0,0.1332,152.0
1753592027935,04:53:47.935,gateio,AERGO/USDT:USDT,0.133,356.0,0.13296,152.0,0.13319,91.0,0.1332,152.0
1753592028044,04:53:48.044,gateio,AERGO/USDT:USDT,0.13301,75.0,0.133,356.0,0.13318,3.0,0.13319,88.0
1753592028228,04:53:48.228,gateio,AERGO/USDT:USDT,0.13301,75.0,0.133,356.0,0.13318,3.0,0.13319,13.0
1753592028236,04:53:48.236,gateio,AERGO/USDT:USDT,0.13301,75.0,0.133,356.0,0.13319,16.0,0.1332,152.0
1753592028415,04:53:48.415,gateio,AERGO/USDT:USDT,0.13301,75.0,0.133,356.0,0.13319,16.0,0.1332,152.0
1753592028776,04:53:48.776,gateio,AERGO/USDT:USDT,0.13301,75.0,0.133,356.0,0.13319,16.0,0.1332,152.0
1753592029186,04:53:49.186,gateio,AERGO/USDT:USDT,0.13301,75.0,0.133,356.0,0.13319,91.0,0.1332,152.0
1753592029235,04:53:49.235,gateio,AERGO/USDT:USDT,0.13301,75.0,0.133,356.0,0.13318,3.0,0.13319,88.0
1753592029596,04:53:49.596,gateio,AERGO/USDT:USDT,0.13301,75.0,0.133,356.0,0.13318,3.0,0.13319,88.0
1753592030319,04:53:50.319,gateio,AERGO/USDT:USDT,0.13301,75.0,0.133,356.0,0.13318,3.0,0.13319,88.0
1753592030411,04:53:50.411,gateio,AERGO/USDT:USDT,0.13301,75.0,0.133,356.0,0.13318,3.0,0.13319,88.0
1753592031007,04:53:51.007,gateio,AERGO/USDT:USDT,0.13301,75.0,0.133,356.0,0.13318,3.0,0.13319,88.0
1753592031880,04:53:51.880,gateio,AERGO/USDT:USDT,0.13301,75.0,0.133,356.0,0.13318,3.0,0.13319,88.0
1753592034212,04:53:54.212,gateio,AERGO/USDT:USDT,0.13301,422.0,0.133,9.0,0.13318,3.0,0.13319,88.0
1753592034238,04:53:54.238,gateio,AERGO/USDT:USDT,0.13301,422.0,0.133,9.0,0.13318,3.0,0.13319,88.0
1753592034437,04:53:54.437,gateio,AERGO/USDT:USDT,0.13301,422.0,0.133,9.0,0.13318,3.0,0.13319,88.0
1753592035005,04:53:55.005,gateio,AERGO/USDT:USDT,0.13301,422.0,0.133,9.0,0.13318,3.0,0.13319,13.0
1753592035036,04:53:55.036,gateio,AERGO/USDT:USDT,0.13301,422.0,0.133,9.0,0.13319,16.0,0.1332,227.0
1753592036053,04:53:56.053,gateio,AERGO/USDT:USDT,0.13301,422.0,0.133,9.0,0.13319,16.0,0.1332,227.0
1753592037409,04:53:57.409,gateio,AERGO/USDT:USDT,0.13301,422.0,0.133,9.0,0.13319,16.0,0.1332,227.0
1753592037777,04:53:57.777,gateio,AERGO/USDT:USDT,0.13301,422.0,0.133,9.0,0.13319,16.0,0.1332,227.0
1753592039999,04:53:59.999,gateio,AERGO/USDT:USDT,0.13301,422.0,0.133,9.0,0.13319,16.0,0.1332,227.0
1753592042578,04:54:02.578,gateio,AERGO/USDT:USDT,0.13301,422.0,0.133,9.0,0.13319,16.0,0.1332,227.0
1753592044240,04:54:04.240,gateio,AERGO/USDT:USDT,0.13301,347.0,0.133,9.0,0.13319,16.0,0.1332,227.0
1753592045792,04:54:05.792,gateio,AERGO/USDT:USDT,0.13301,347.0,0.133,9.0,0.13319,16.0,0.1332,227.0
1753592047285,04:54:07.285,gateio,AERGO/USDT:USDT,0.13301,347.0,0.133,9.0,0.13319,16.0,0.1332,227.0
1753592048192,04:54:08.192,gateio,AERGO/USDT:USDT,0.13301,347.0,0.133,9.0,0.13319,91.0,0.1332,152.0
1753592048238,04:54:08.238,gateio,AERGO/USDT:USDT,0.13302,227.0,0.13301,347.0,0.13318,3.0,0.13319,88.0
1753592048571,04:54:08.571,gateio,AERGO/USDT:USDT,0.13302,456.0,0.13301,347.0,0.13318,3.0,0.13319,88.0
1753592048827,04:54:08.827,gateio,AERGO/USDT:USDT,0.13302,456.0,0.13301,347.0,0.13318,3.0,0.13319,88.0
1753592049010,04:54:09.010,gateio,AERGO/USDT:USDT,0.13302,456.0,0.13301,347.0,0.13318,3.0,0.13319,13.0
1753592049094,04:54:09.094,gateio,AERGO/USDT:USDT,0.13302,456.0,0.13301,347.0,0.13318,3.0,0.13319,13.0
1753592049356,04:54:09.356,gateio,AERGO/USDT:USDT,0.13302,456.0,0.13301,347.0,0.13319,16.0,0.1332,227.0
1753592050070,04:54:10.070,gateio,AERGO/USDT:USDT,0.13302,456.0,0.13301,347.0,0.13319,16.0,0.1332,152.0
1753592050171,04:54:10.171,gateio,AERGO/USDT:USDT,0.13302,456.0,0.13301,347.0,0.13319,16.0,0.1332,152.0
1753592051584,04:54:11.584,gateio,AERGO/USDT:USDT,0.13302,456.0,0.13301,347.0,0.13319,16.0,0.1332,152.0
1753592052004,04:54:12.004,gateio,AERGO/USDT:USDT,0.13302,456.0,0.13301,347.0,0.13319,16.0,0.1332,227.0
1753592053091,04:54:13.091,gateio,AERGO/USDT:USDT,0.13302,456.0,0.13301,347.0,0.13319,16.0,0.1332,227.0
1753592053149,04:54:13.149,gateio,AERGO/USDT:USDT,0.13302,456.0,0.13301,347.0,0.13319,16.0,0.1332,227.0
1753592053497,04:54:13.497,gateio,AERGO/USDT:USDT,0.13302,456.0,0.13301,347.0,0.13319,16.0,0.1332,227.0
1753592056973,04:54:16.973,gateio,AERGO/USDT:USDT,0.13302,456.0,0.13301,347.0,0.13319,16.0,0.1332,227.0
1753592057391,04:54:17.391,gateio,AERGO/USDT:USDT,0.13302,456.0,0.13301,347.0,0.13319,16.0,0.1332,227.0
1753592068370,04:54:28.370,gateio,AERGO/USDT:USDT,0.13302,456.0,0.13301,347.0,0.13319,16.0,0.1332,227.0
1753592068440,04:54:28.440,gateio,AERGO/USDT:USDT,0.13302,456.0,0.13301,347.0,0.13319,17.0,0.1332,227.0
1753592068691,04:54:28.691,gateio,AERGO/USDT:USDT,0.13302,456.0,0.13301,347.0,0.13319,17.0,0.1332,227.0
1753592068855,04:54:28.855,gateio,AERGO/USDT:USDT,0.13302,456.0,0.13301,347.0,0.13319,17.0,0.1332,227.0
1753592068961,04:54:28.961,gateio,AERGO/USDT:USDT,0.13302,456.0,0.13301,347.0,0.13319,17.0,0.1332,227.0
1753592069208,04:54:29.208,gateio,AERGO/USDT:USDT,0.13302,456.0,0.13301,347.0,0.13319,17.0,0.1332,227.0
1753592070528,04:54:30.528,gateio,AERGO/USDT:USDT,0.13302,456.0,0.13301,347.0,0.13319,17.0,0.1332,227.0
1753592070567,04:54:30.567,gateio,AERGO/USDT:USDT,0.13302,456.0,0.13301,347.0,0.13319,17.0,0.1332,227.0
1753592070825,04:54:30.825,gateio,AERGO/USDT:USDT,0.13302,456.0,0.13301,347.0,0.13319,17.0,0.1332,227.0
1753592070866,04:54:30.866,gateio,AERGO/USDT:USDT,0.13302,456.0,0.13301,347.0,0.13319,17.0,0.1332,227.0
1753592074277,04:54:34.277,gateio,AERGO/USDT:USDT,0.13302,456.0,0.13301,347.0,0.13319,17.0,0.1332,227.0
1753592074342,04:54:34.342,gateio,AERGO/USDT:USDT,0.13302,456.0,0.13301,347.0,0.13319,17.0,0.1332,227.0
1753592074691,04:54:34.691,gateio,AERGO/USDT:USDT,0.13302,456.0,0.13301,347.0,0.13319,17.0,0.1332,227.0
1753592075117,04:54:35.117,gateio,AERGO/USDT:USDT,0.13302,456.0,0.13301,347.0,0.13319,17.0,0.1332,227.0
1753592076623,04:54:36.623,gateio,AERGO/USDT:USDT,0.13302,456.0,0.13301,347.0,0.13319,92.0,0.1332,152.0
1753592076644,04:54:36.644,gateio,AERGO/USDT:USDT,0.13302,456.0,0.13301,347.0,0.13318,3.0,0.13319,89.0
1753592077146,04:54:37.146,gateio,AERGO/USDT:USDT,0.13302,456.0,0.13301,347.0,0.13318,3.0,0.13319,89.0
1753592078736,04:54:38.736,gateio,AERGO/USDT:USDT,0.13302,229.0,0.13301,347.0,0.13318,3.0,0.13319,89.0
1753592078927,04:54:38.927,gateio,AERGO/USDT:USDT,0.13302,304.0,0.13301,347.0,0.13318,3.0,0.13319,89.0
1753592079184,04:54:39.184,gateio,AERGO/USDT:USDT,0.13302,304.0,0.13301,347.0,0.13318,3.0,0.13319,89.0
1753592079454,04:54:39.454,gateio,AERGO/USDT:USDT,0.13302,456.0,0.13301,347.0,0.13318,3.0,0.13319,89.0
1753592082018,04:54:42.018,gateio,AERGO/USDT:USDT,0.13302,456.0,0.13301,347.0,0.13318,3.0,0.13319,14.0
1753592082036,04:54:42.036,gateio,AERGO/USDT:USDT,0.13302,456.0,0.13301,347.0,0.13319,17.0,0.1332,227.0
1753592082404,04:54:42.404,gateio,AERGO/USDT:USDT,0.13302,456.0,0.13301,347.0,0.13319,17.0,0.1332,227.0
1753592084575,04:54:44.575,gateio,AERGO/USDT:USDT,0.13302,456.0,0.13301,347.0,0.13319,17.0,0.1332,227.0
1753592084934,04:54:44.934,gateio,AERGO/USDT:USDT,0.13302,456.0,0.13301,347.0,0.13319,17.0,0.1332,227.0
1753592087026,04:54:47.026,gateio,AERGO/USDT:USDT,0.13302,456.0,0.13301,347.0,0.13319,17.0,0.1332,75.0
1753592087090,04:54:47.090,gateio,AERGO/USDT:USDT,0.13302,456.0,0.13301,347.0,0.13319,3.0,0.13321,75.0
1753592087151,04:54:47.151,gateio,AERGO/USDT:USDT,0.13302,456.0,0.13301,347.0,0.1332,155.0,0.13321,75.0
1753592087239,04:54:47.239,gateio,AERGO/USDT:USDT,0.13302,456.0,0.13301,347.0,0.13319,17.0,0.1332,152.0
1753592089004,04:54:49.004,gateio,AERGO/USDT:USDT,0.13302,456.0,0.13301,347.0,0.13319,17.0,0.1332,152.0
1753592090411,04:54:50.411,gateio,AERGO/USDT:USDT,0.13302,456.0,0.13301,347.0,0.13319,17.0,0.1332,152.0
1753592090453,04:54:50.453,gateio,AERGO/USDT:USDT,0.13302,456.0,0.13301,347.0,0.13319,17.0,0.1332,152.0
1753592091917,04:54:51.917,gateio,AERGO/USDT:USDT,0.13302,456.0,0.13301,347.0,0.13319,17.0,0.1332,152.0
1753592092003,04:54:52.003,gateio,AERGO/USDT:USDT,0.13302,456.0,0.13301,347.0,0.13319,17.0,0.1332,152.0
1753592095029,04:54:55.029,gateio,AERGO/USDT:USDT,0.13302,803.0,0.133,9.0,0.13319,17.0,0.1332,152.0
1753592095083,04:54:55.083,gateio,AERGO/USDT:USDT,0.13302,803.0,0.133,9.0,0.13319,17.0,0.1332,152.0
1753592095275,04:54:55.275,gateio,AERGO/USDT:USDT,0.13302,803.0,0.133,9.0,0.13319,17.0,0.1332,152.0
1753592096112,04:54:56.112,gateio,AERGO/USDT:USDT,0.13302,803.0,0.133,9.0,0.13319,17.0,0.1332,152.0
1753592100286,04:55:00.286,gateio,AERGO/USDT:USDT,0.13302,803.0,0.133,9.0,0.13319,17.0,0.1332,152.0
1753592100427,04:55:00.427,gateio,AERGO/USDT:USDT,0.13303,347.0,0.13302,456.0,0.13319,17.0,0.13323,75.0
1753592100440,04:55:00.440,gateio,AERGO/USDT:USDT,0.13303,347.0,0.13302,456.0,0.13322,3.0,0.13323,75.0
1753592100624,04:55:00.624,gateio,AERGO/USDT:USDT,0.13303,361.0,0.13302,456.0,0.13321,75.0,0.13322,3.0
1753592100647,04:55:00.647,gateio,AERGO/USDT:USDT,0.13303,361.0,0.13302,456.0,0.1332,3.0,0.13321,75.0
1753592101069,04:55:01.069,gateio,AERGO/USDT:USDT,0.13303,361.0,0.13302,456.0,0.1332,3.0,0.13321,75.0
1753592101576,04:55:01.576,gateio,AERGO/USDT:USDT,0.13303,347.0,0.13302,456.0,0.1332,3.0,0.13321,75.0
1753592101921,04:55:01.921,gateio,AERGO/USDT:USDT,0.13303,347.0,0.13302,456.0,0.1332,3.0,0.13321,75.0
1753592101954,04:55:01.954,gateio,AERGO/USDT:USDT,0.13303,347.0,0.13302,456.0,0.1332,3.0,0.13321,75.0
1753592102125,04:55:02.125,gateio,AERGO/USDT:USDT,0.13302,456.0,0.133,9.0,0.13323,75.0,0.13324,14.0
1753592102142,04:55:02.142,gateio,AERGO/USDT:USDT,0.13302,456.0,0.133,9.0,0.13322,14.0,0.13323,75.0
1753592102298,04:55:02.298,gateio,AERGO/USDT:USDT,0.13302,456.0,0.133,9.0,0.13322,14.0,0.13323,75.0
1753592102334,04:55:02.334,gateio,AERGO/USDT:USDT,0.13302,456.0,0.133,9.0,0.13322,14.0,0.13323,75.0
1753592102632,04:55:02.632,gateio,AERGO/USDT:USDT,0.13302,456.0,0.133,9.0,0.13322,14.0,0.13323,75.0
1753592103008,04:55:03.008,gateio,AERGO/USDT:USDT,0.13303,50.0,0.13302,456.0,0.13322,14.0,0.13325,304.0
1753592103038,04:55:03.038,gateio,AERGO/USDT:USDT,0.13303,50.0,0.13302,456.0,0.13324,14.0,0.13325,304.0
1753592103415,04:55:03.415,gateio,AERGO/USDT:USDT,0.13303,50.0,0.13302,456.0,0.13324,14.0,0.13325,304.0
1753592104004,04:55:04.004,gateio,AERGO/USDT:USDT,0.13303,50.0,0.13302,456.0,0.13324,14.0,0.13325,304.0
1753592104032,04:55:04.032,gateio,AERGO/USDT:USDT,0.13303,50.0,0.13302,456.0,0.13324,14.0,0.13325,304.0
1753592105192,04:55:05.192,gateio,AERGO/USDT:USDT,0.13303,50.0,0.13302,456.0,0.13324,14.0,0.13325,304.0
1753592107429,04:55:07.429,gateio,AERGO/USDT:USDT,0.13311,245.0,0.13304,188.0,0.13324,14.0,0.13329,1.0
1753592107523,04:55:07.523,gateio,AERGO/USDT:USDT,0.13312,75.0,0.13311,170.0,0.13329,1.0,0.13331,89.0
1753592107588,04:55:07.588,gateio,AERGO/USDT:USDT,0.13312,75.0,0.13311,170.0,0.13329,1.0,0.13331,89.0
1753592107692,04:55:07.692,gateio,AERGO/USDT:USDT,0.13311,170.0,0.13306,181.0,0.13329,1.0,0.13331,89.0
1753592107750,04:55:07.750,gateio,AERGO/USDT:USDT,0.13312,75.0,0.13311,170.0,0.13329,1.0,0.13331,14.0
1753592107919,04:55:07.919,gateio,AERGO/USDT:USDT,0.13312,75.0,0.13311,170.0,0.13329,1.0,0.13331,14.0
1753592108004,04:55:08.004,gateio,AERGO/USDT:USDT,0.13312,75.0,0.13311,170.0,0.13329,1.0,0.13331,14.0
1753592113885,04:55:13.885,gateio,AERGO/USDT:USDT,0.13312,75.0,0.13311,170.0,0.13329,1.0,0.13331,14.0
1753592113968,04:55:13.968,gateio,AERGO/USDT:USDT,0.13312,75.0,0.13311,170.0,0.13329,1.0,0.13331,14.0
1753592114117,04:55:14.117,gateio,AERGO/USDT:USDT,0.13312,75.0,0.13311,170.0,0.13329,1.0,0.13331,14.0
1753592114670,04:55:14.670,gateio,AERGO/USDT:USDT,0.13312,75.0,0.13311,170.0,0.13329,1.0,0.13331,14.0
1753592115998,04:55:15.998,gateio,AERGO/USDT:USDT,0.13312,75.0,0.13311,170.0,0.13329,1.0,0.13331,14.0
1753592116371,04:55:16.371,gateio,AERGO/USDT:USDT,0.13312,75.0,0.13311,170.0,0.13329,1.0,0.13331,14.0
1753592117423,04:55:17.423,gateio,AERGO/USDT:USDT,0.13312,75.0,0.13311,170.0,0.13329,1.0,0.13331,14.0
1753592118216,04:55:18.216,gateio,AERGO/USDT:USDT,0.13312,422.0,0.13311,170.0,0.13329,1.0,0.13331,14.0
1753592118232,04:55:18.232,gateio,AERGO/USDT:USDT,0.13312,422.0,0.13311,170.0,0.13329,1.0,0.13331,14.0
1753592123986,04:55:23.986,gateio,AERGO/USDT:USDT,0.13313,347.0,0.13312,75.0,0.13329,1.0,0.13331,14.0
1753592124144,04:55:24.144,gateio,AERGO/USDT:USDT,0.13313,347.0,0.13312,75.0,0.13329,1.0,0.13331,14.0
1753592124960,04:55:24.960,gateio,AERGO/USDT:USDT,0.13313,347.0,0.13312,75.0,0.13329,1.0,0.13331,14.0
1753592125298,04:55:25.298,gateio,AERGO/USDT:USDT,0.13313,347.0,0.13312,75.0,0.13329,1.0,0.13331,14.0
1753592127004,04:55:27.004,gateio,AERGO/USDT:USDT,0.13313,347.0,0.13312,75.0,0.13329,1.0,0.13331,14.0
1753592129777,04:55:29.777,gateio,AERGO/USDT:USDT,0.13313,347.0,0.13312,75.0,0.13329,1.0,0.13331,14.0
1753592131757,04:55:31.757,gateio,AERGO/USDT:USDT,0.13313,347.0,0.13312,75.0,0.13329,1.0,0.13331,14.0
1753592132083,04:55:32.083,gateio,AERGO/USDT:USDT,0.13313,347.0,0.13312,75.0,0.13329,1.0,0.13331,14.0
1753592134239,04:55:34.239,gateio,AERGO/USDT:USDT,0.13313,347.0,0.13312,75.0,0.13329,1.0,0.13331,14.0
1753592135570,04:55:35.570,gateio,AERGO/USDT:USDT,0.13313,347.0,0.13312,75.0,0.13329,1.0,0.13331,14.0
1753592138823,04:55:38.823,gateio,AERGO/USDT:USDT,0.13313,347.0,0.13312,89.0,0.13329,1.0,0.13331,14.0
1753592139875,04:55:39.875,gateio,AERGO/USDT:USDT,0.13313,347.0,0.13312,75.0,0.13329,1.0,0.13331,14.0
1753592141363,04:55:41.363,gateio,AERGO/USDT:USDT,0.13313,347.0,0.13312,75.0,0.13329,1.0,0.13331,14.0
1753592145581,04:55:45.581,gateio,AERGO/USDT:USDT,0.13313,347.0,0.13312,75.0,0.13329,1.0,0.13331,14.0
1753592145709,04:55:45.709,gateio,AERGO/USDT:USDT,0.13313,347.0,0.13312,75.0,0.13329,1.0,0.13331,88.0
1753592145888,04:55:45.888,gateio,AERGO/USDT:USDT,0.13313,347.0,0.13312,75.0,0.13329,1.0,0.13331,88.0
1753592146311,04:55:46.311,gateio,AERGO/USDT:USDT,0.13313,347.0,0.13312,75.0,0.13329,1.0,0.13331,88.0
1753592146769,04:55:46.769,gateio,AERGO/USDT:USDT,0.13313,347.0,0.13312,75.0,0.13329,1.0,0.13331,14.0
1753592147154,04:55:47.154,gateio,AERGO/USDT:USDT,0.13313,347.0,0.13312,75.0,0.13329,1.0,0.13331,14.0
1753592147816,04:55:47.816,gateio,AERGO/USDT:USDT,0.13313,347.0,0.13312,75.0,0.13329,1.0,0.13331,14.0
1753592148869,04:55:48.869,gateio,AERGO/USDT:USDT,0.13313,347.0,0.13312,75.0,0.13329,1.0,0.13331,14.0
1753592150511,04:55:50.511,gateio,AERGO/USDT:USDT,0.13313,347.0,0.13312,75.0,0.13329,1.0,0.13331,14.0
1753592151941,04:55:51.941,gateio,AERGO/USDT:USDT,0.13313,347.0,0.13312,75.0,0.13329,1.0,0.13331,14.0
1753592152947,04:55:52.947,gateio,AERGO/USDT:USDT,0.13313,347.0,0.13312,75.0,0.13329,1.0,0.13331,14.0
1753592158027,04:55:58.027,gateio,AERGO/USDT:USDT,0.13313,347.0,0.13312,75.0,0.13329,1.0,0.13331,14.0
1753592158742,04:55:58.742,gateio,AERGO/USDT:USDT,0.13314,347.0,0.13312,75.0,0.13329,1.0,0.13331,14.0
1753592158840,04:55:58.840,gateio,AERGO/USDT:USDT,0.13314,347.0,0.13312,75.0,0.13329,1.0,0.13331,14.0
1753592158947,04:55:58.947,gateio,AERGO/USDT:USDT,0.13314,347.0,0.13312,75.0,0.13329,1.0,0.13331,14.0
1753592159260,04:55:59.260,gateio,AERGO/USDT:USDT,0.13314,347.0,0.13312,75.0,0.13329,1.0,0.13331,14.0
1753592159335,04:55:59.335,gateio,AERGO/USDT:USDT,0.13314,347.0,0.13312,75.0,0.13329,1.0,0.13332,14.0
1753592159613,04:55:59.613,gateio,AERGO/USDT:USDT,0.13314,347.0,0.13312,75.0,0.13329,1.0,0.13332,14.0
1753592159823,04:55:59.823,gateio,AERGO/USDT:USDT,0.13314,347.0,0.13312,89.0,0.13329,1.0,0.13332,14.0
1753592159996,04:55:59.996,gateio,AERGO/USDT:USDT,0.13313,347.0,0.13312,89.0,0.13329,1.0,0.13332,14.0
1753592160411,04:56:00.411,gateio,AERGO/USDT:USDT,0.13313,347.0,0.13312,89.0,0.13329,1.0,0.13332,14.0
1753592160870,04:56:00.870,gateio,AERGO/USDT:USDT,0.13313,347.0,0.13312,75.0,0.13329,1.0,0.13332,14.0
1753592162823,04:56:02.823,gateio,AERGO/USDT:USDT,0.13313,347.0,0.13312,89.0,0.13329,1.0,0.13332,14.0
1753592162858,04:56:02.858,gateio,AERGO/USDT:USDT,0.13313,347.0,0.13312,89.0,0.13329,1.0,0.13332,14.0
1753592163032,04:56:03.032,gateio,AERGO/USDT:USDT,0.13313,347.0,0.13312,89.0,0.13329,1.0,0.13332,14.0
1753592163840,04:56:03.840,gateio,AERGO/USDT:USDT,0.13313,347.0,0.13312,75.0,0.13329,1.0,0.13332,14.0
1753592164267,04:56:04.267,gateio,AERGO/USDT:USDT,0.13313,347.0,0.13312,75.0,0.13329,1.0,0.13332,14.0
1753592164532,04:56:04.532,gateio,AERGO/USDT:USDT,0.13314,347.0,0.13312,75.0,0.13329,1.0,0.13332,14.0
1753592164665,04:56:04.665,gateio,AERGO/USDT:USDT,0.13314,347.0,0.13312,75.0,0.13329,1.0,0.13332,14.0
1753592164865,04:56:04.865,gateio,AERGO/USDT:USDT,0.13314,347.0,0.13312,75.0,0.13329,1.0,0.13332,14.0
1753592167621,04:56:07.621,gateio,AERGO/USDT:USDT,0.13314,347.0,0.13312,75.0,0.13329,1.0,0.13332,14.0
1753592167642,04:56:07.642,gateio,AERGO/USDT:USDT,0.13314,347.0,0.13312,75.0,0.13329,1.0,0.13332,14.0
1753592170326,04:56:10.326,gateio,AERGO/USDT:USDT,0.13313,347.0,0.13312,75.0,0.13329,1.0,0.13332,14.0
1753592171366,04:56:11.366,gateio,AERGO/USDT:USDT,0.13313,347.0,0.13312,75.0,0.13329,1.0,0.13332,14.0
1753592174708,04:56:14.708,gateio,AERGO/USDT:USDT,0.13313,347.0,0.13312,75.0,0.13329,1.0,0.13332,14.0
1753592176115,04:56:16.115,gateio,AERGO/USDT:USDT,0.13314,347.0,0.13312,75.0,0.13329,1.0,0.13332,14.0
1753592177455,04:56:17.455,gateio,AERGO/USDT:USDT,0.13314,347.0,0.13312,75.0,0.13329,1.0,0.13332,14.0
1753592177823,04:56:17.823,gateio,AERGO/USDT:USDT,0.13314,347.0,0.13312,89.0,0.13329,1.0,0.13332,14.0
1753592178866,04:56:18.866,gateio,AERGO/USDT:USDT,0.13314,347.0,0.13312,75.0,0.13329,1.0,0.13332,14.0
1753592179994,04:56:19.994,gateio,AERGO/USDT:USDT,0.13314,347.0,0.13312,75.0,0.13329,1.0,0.13332,14.0
1753592180354,04:56:20.354,gateio,AERGO/USDT:USDT,0.13314,347.0,0.13312,75.0,0.13329,1.0,0.13332,14.0
1753592180823,04:56:20.823,gateio,AERGO/USDT:USDT,0.13314,347.0,0.13312,89.0,0.13329,1.0,0.13332,14.0
1753592181907,04:56:21.907,gateio,AERGO/USDT:USDT,0.13313,347.0,0.13312,75.0,0.13329,1.0,0.13332,14.0
1753592181988,04:56:21.988,gateio,AERGO/USDT:USDT,0.13313,347.0,0.13312,75.0,0.13329,1.0,0.13332,14.0
1753592182223,04:56:22.223,gateio,AERGO/USDT:USDT,0.13313,347.0,0.13312,75.0,0.13329,1.0,0.13332,14.0
1753592183823,04:56:23.823,gateio,AERGO/USDT:USDT,0.13313,347.0,0.13312,89.0,0.13329,1.0,0.13332,14.0
1753592184859,04:56:24.859,gateio,AERGO/USDT:USDT,0.13313,347.0,0.13312,75.0,0.13329,1.0,0.13332,14.0
1753592185173,04:56:25.173,gateio,AERGO/USDT:USDT,0.13313,347.0,0.13312,75.0,0.13329,1.0,0.13332,14.0
1753592185911,04:56:25.911,gateio,AERGO/USDT:USDT,0.13313,347.0,0.13312,75.0,0.13329,1.0,0.13332,14.0
1753592186471,04:56:26.471,gateio,AERGO/USDT:USDT,0.13313,347.0,0.13312,75.0,0.13329,1.0,0.13332,14.0
1753592190718,04:56:30.718,gateio,AERGO/USDT:USDT,0.13317,170.0,0.13316,9.0,0.13329,1.0,0.13332,14.0
1753592190816,04:56:30.816,gateio,AERGO/USDT:USDT,0.13317,517.0,0.13316,9.0,0.13329,1.0,0.13333,14.0
1753592190911,04:56:30.911,gateio,AERGO/USDT:USDT,0.1332,75.0,0.13318,347.0,0.13329,1.0,0.13334,7.0
1753592191026,04:56:31.026,gateio,AERGO/USDT:USDT,0.1332,75.0,0.13318,347.0,0.13329,1.0,0.13334,14.0
1753592191098,04:56:31.098,gateio,AERGO/USDT:USDT,0.1332,75.0,0.13318,347.0,0.13329,1.0,0.13336,14.0
1753592191134,04:56:31.134,gateio,AERGO/USDT:USDT,0.1332,75.0,0.13318,347.0,0.13329,1.0,0.13336,14.0
1753592191248,04:56:31.248,gateio,AERGO/USDT:USDT,0.1332,75.0,0.13318,347.0,0.13329,1.0,0.13336,14.0
1753592191538,04:56:31.538,gateio,AERGO/USDT:USDT,0.1332,75.0,0.13318,347.0,0.13329,1.0,0.13336,14.0
1753592191946,04:56:31.946,gateio,AERGO/USDT:USDT,0.1332,75.0,0.13318,347.0,0.13329,1.0,0.13336,14.0
1753592192318,04:56:32.318,gateio,AERGO/USDT:USDT,0.1332,75.0,0.13318,347.0,0.13329,1.0,0.13336,14.0
1753592195016,04:56:35.016,gateio,AERGO/USDT:USDT,0.1332,75.0,0.13318,347.0,0.13329,1.0,0.13336,14.0
1753592195702,04:56:35.702,gateio,AERGO/USDT:USDT,0.1332,75.0,0.13318,347.0,0.13329,1.0,0.13336,14.0
1753592196072,04:56:36.072,gateio,AERGO/USDT:USDT,0.1332,75.0,0.13318,347.0,0.13329,1.0,0.13336,14.0
1753592196388,04:56:36.388,gateio,AERGO/USDT:USDT,0.1332,75.0,0.13319,347.0,0.13329,1.0,0.13336,14.0
1753592198721,04:56:38.721,gateio,AERGO/USDT:USDT,0.13323,170.0,0.13322,18.0,0.13329,1.0,0.13336,14.0
1753592198812,04:56:38.812,gateio,AERGO/USDT:USDT,0.13323,170.0,0.13322,594.0,0.13329,1.0,0.13341,14.0
1753592198919,04:56:38.919,gateio,AERGO/USDT:USDT,0.13323,247.0,0.13322,365.0,0.13329,1.0,0.1334,152.0
1753592198991,04:56:38.991,gateio,AERGO/USDT:USDT,0.13324,75.0,0.13323,399.0,0.13329,1.0,0.13339,14.0
1753592199044,04:56:39.044,gateio,AERGO/USDT:USDT,0.13324,75.0,0.13323,399.0,0.13329,1.0,0.13341,14.0
1753592199180,04:56:39.180,gateio,AERGO/USDT:USDT,0.13324,75.0,0.13323,399.0,0.13329,1.0,0.13341,14.0
1753592199469,04:56:39.469,gateio,AERGO/USDT:USDT,0.13324,75.0,0.13323,247.0,0.13329,1.0,0.13341,14.0
1753592199745,04:56:39.745,gateio,AERGO/USDT:USDT,0.13324,75.0,0.13323,247.0,0.13329,1.0,0.13341,14.0
1753592200000,04:56:40.000,gateio,AERGO/USDT:USDT,0.13324,75.0,0.13323,247.0,0.13329,1.0,0.13341,14.0
1753592200416,04:56:40.416,gateio,AERGO/USDT:USDT,0.13324,75.0,0.13323,247.0,0.13329,1.0,0.13341,14.0
1753592200849,04:56:40.849,gateio,AERGO/USDT:USDT,0.13324,75.0,0.13323,247.0,0.13329,1.0,0.13339,152.0
1753592200952,04:56:40.952,gateio,AERGO/USDT:USDT,0.13323,247.0,0.13322,93.0,0.13329,1.0,0.13338,14.0
1753592201292,04:56:41.292,gateio,AERGO/USDT:USDT,0.13323,247.0,0.13322,93.0,0.13329,1.0,0.13338,14.0
1753592201823,04:56:41.823,gateio,AERGO/USDT:USDT,0.13323,247.0,0.13322,93.0,0.13329,1.0,0.13338,14.0
1753592202053,04:56:42.053,gateio,AERGO/USDT:USDT,0.13323,247.0,0.13322,93.0,0.13329,1.0,0.13338,14.0
1753592202179,04:56:42.179,gateio,AERGO/USDT:USDT,0.13323,247.0,0.13322,440.0,0.13329,1.0,0.13338,14.0
1753592202467,04:56:42.467,gateio,AERGO/USDT:USDT,0.13323,247.0,0.13322,440.0,0.13329,1.0,0.13338,14.0
1753592203828,04:56:43.828,gateio,AERGO/USDT:USDT,0.13323,247.0,0.13322,440.0,0.13329,1.0,0.13338,14.0
1753592204114,04:56:44.114,gateio,AERGO/USDT:USDT,0.13323,247.0,0.13322,440.0,0.13329,1.0,0.13338,14.0
1753592205538,04:56:45.538,gateio,AERGO/USDT:USDT,0.13323,399.0,0.13322,440.0,0.13329,1.0,0.13338,14.0
1753592205696,04:56:45.696,gateio,AERGO/USDT:USDT,0.13323,399.0,0.13322,440.0,0.13329,1.0,0.13341,14.0
1753592205772,04:56:45.772,gateio,AERGO/USDT:USDT,0.13323,399.0,0.13322,440.0,0.13329,1.0,0.13341,14.0
1753592206082,04:56:46.082,gateio,AERGO/USDT:USDT,0.13324,347.0,0.13323,399.0,0.13329,1.0,0.13341,14.0
1753592206216,04:56:46.216,gateio,AERGO/USDT:USDT,0.13324,347.0,0.13323,399.0,0.13329,1.0,0.13341,14.0
1753592207119,04:56:47.119,gateio,AERGO/USDT:USDT,0.13325,347.0,0.1332,75.0,0.13329,1.0,0.13332,9.0
1753592207136,04:56:47.136,gateio,AERGO/USDT:USDT,0.13325,347.0,0.1332,75.0,0.13329,1.0,0.13332,9.0
1753592207300,04:56:47.300,gateio,AERGO/USDT:USDT,0.13323,9.0,0.13322,9.0,0.13329,1.0,0.13332,9.0
1753592207359,04:56:47.359,gateio,AERGO/USDT:USDT,0.13323,9.0,0.13322,238.0,0.13329,1.0,0.13332,9.0
1753592207450,04:56:47.450,gateio,AERGO/USDT:USDT,0.13323,9.0,0.13322,238.0,0.13329,1.0,0.13332,9.0
1753592207695,04:56:47.695,gateio,AERGO/USDT:USDT,0.13323,9.0,0.13322,238.0,0.13329,1.0,0.13339,14.0
1753592208288,04:56:48.288,gateio,AERGO/USDT:USDT,0.13323,9.0,0.13322,238.0,0.13329,1.0,0.13339,14.0
1753592208704,04:56:48.704,gateio,AERGO/USDT:USDT,0.13323,9.0,0.13322,238.0,0.13329,1.0,0.13339,14.0
1753592210552,04:56:50.552,gateio,AERGO/USDT:USDT,0.13323,9.0,0.13322,238.0,0.13329,1.0,0.13339,14.0
1753592210815,04:56:50.815,gateio,AERGO/USDT:USDT,0.13323,9.0,0.13322,238.0,0.13329,1.0,0.13339,14.0
1753592211437,04:56:51.437,gateio,AERGO/USDT:USDT,0.13323,9.0,0.13322,238.0,0.13329,1.0,0.13339,14.0
1753592211712,04:56:51.712,gateio,AERGO/USDT:USDT,0.13323,9.0,0.13322,238.0,0.13329,1.0,0.13338,50.0
1753592211797,04:56:51.797,gateio,AERGO/USDT:USDT,0.13323,9.0,0.13322,238.0,0.13329,1.0,0.13337,14.0
1753592212700,04:56:52.700,gateio,AERGO/USDT:USDT,0.13323,9.0,0.13322,238.0,0.13329,1.0,0.13337,14.0
1753592212737,04:56:52.737,gateio,AERGO/USDT:USDT,0.13323,9.0,0.13322,238.0,0.13329,1.0,0.13339,14.0
1753592213692,04:56:53.692,gateio,AERGO/USDT:USDT,0.13323,9.0,0.13322,238.0,0.13329,1.0,0.13338,50.0
1753592213736,04:56:53.736,gateio,AERGO/USDT:USDT,0.13323,9.0,0.13322,238.0,0.13329,1.0,0.13337,14.0
1753592214678,04:56:54.678,gateio,AERGO/USDT:USDT,0.13323,9.0,0.13322,238.0,0.13329,1.0,0.13337,14.0
1753592214739,04:56:54.739,gateio,AERGO/USDT:USDT,0.13323,9.0,0.13322,238.0,0.13329,1.0,0.13339,14.0
1753592214855,04:56:54.855,gateio,AERGO/USDT:USDT,0.13323,9.0,0.13322,238.0,0.13329,1.0,0.13339,14.0
1753592215668,04:56:55.668,gateio,AERGO/USDT:USDT,0.13323,9.0,0.13322,238.0,0.13329,1.0,0.13338,50.0
1753592215738,04:56:55.738,gateio,AERGO/USDT:USDT,0.13323,9.0,0.13322,238.0,0.13329,1.0,0.13337,14.0
1753592216679,04:56:56.679,gateio,AERGO/USDT:USDT,0.13324,356.0,0.13323,18.0,0.13329,1.0,0.13337,14.0
1753592216749,04:56:56.749,gateio,AERGO/USDT:USDT,0.13324,356.0,0.13323,18.0,0.13329,1.0,0.13339,14.0
1753592217572,04:56:57.572,gateio,AERGO/USDT:USDT,0.13324,356.0,0.13323,18.0,0.13329,1.0,0.13339,14.0
1753592220620,04:57:00.620,gateio,AERGO/USDT:USDT,0.13324,356.0,0.13323,170.0,0.13329,1.0,0.13338,50.0
1753592220714,04:57:00.714,gateio,AERGO/USDT:USDT,0.13325,347.0,0.13324,9.0,0.13329,1.0,0.13337,14.0
1753592220799,04:57:00.799,gateio,AERGO/USDT:USDT,0.13325,347.0,0.13324,9.0,0.13329,1.0,0.13337,14.0
1753592220851,04:57:00.851,gateio,AERGO/USDT:USDT,0.13326,347.0,0.13324,9.0,0.13329,1.0,0.13337,14.0
1753592221200,04:57:01.200,gateio,AERGO/USDT:USDT,0.13326,347.0,0.13324,9.0,0.13329,1.0,0.13337,14.0
1753592221609,04:57:01.609,gateio,AERGO/USDT:USDT,0.13326,347.0,0.13324,9.0,0.13329,1.0,0.13337,14.0
1753592221636,04:57:01.636,gateio,AERGO/USDT:USDT,0.13326,347.0,0.13324,9.0,0.13329,1.0,0.13339,14.0
1753592222016,04:57:02.016,gateio,AERGO/USDT:USDT,0.13326,347.0,0.13324,9.0,0.13329,1.0,0.13339,14.0
1753592222140,04:57:02.140,gateio,AERGO/USDT:USDT,0.13326,347.0,0.13324,9.0,0.13329,1.0,0.13339,14.0
1753592222448,04:57:02.448,gateio,AERGO/USDT:USDT,0.13326,347.0,0.13324,9.0,0.13329,1.0,0.13339,14.0
1753592222922,04:57:02.922,gateio,AERGO/USDT:USDT,0.13326,347.0,0.13324,9.0,0.13329,1.0,0.13339,14.0
1753592223393,04:57:03.393,gateio,AERGO/USDT:USDT,0.13325,347.0,0.13324,9.0,0.13329,1.0,0.13339,14.0
1753592223489,04:57:03.489,gateio,AERGO/USDT:USDT,0.13325,347.0,0.13322,229.0,0.13329,1.0,0.13333,9.0
1753592223591,04:57:03.591,gateio,AERGO/USDT:USDT,0.13322,576.0,0.13321,9.0,0.13329,1.0,0.13333,9.0
1753592223708,04:57:03.708,gateio,AERGO/USDT:USDT,0.13322,576.0,0.13321,9.0,0.13329,1.0,0.13333,9.0
1753592223809,04:57:03.809,gateio,AERGO/USDT:USDT,0.13322,576.0,0.13321,9.0,0.13329,1.0,0.13333,9.0
1753592223836,04:57:03.836,gateio,AERGO/USDT:USDT,0.13322,576.0,0.13321,9.0,0.13329,1.0,0.13333,9.0
1753592224008,04:57:04.008,gateio,AERGO/USDT:USDT,0.13322,576.0,0.13321,9.0,0.13329,1.0,0.13333,9.0
1753592224128,04:57:04.128,gateio,AERGO/USDT:USDT,0.13322,576.0,0.13321,9.0,0.13329,1.0,0.13333,9.0
1753592224148,04:57:04.148,gateio,AERGO/USDT:USDT,0.13322,347.0,0.13321,9.0,0.13329,1.0,0.13333,9.0
1753592225003,04:57:05.003,gateio,AERGO/USDT:USDT,0.13322,347.0,0.13321,9.0,0.13329,1.0,0.13333,9.0
1753592226005,04:57:06.005,gateio,AERGO/USDT:USDT,0.13322,347.0,0.13321,9.0,0.13329,1.0,0.13333,9.0
1753592226182,04:57:06.182,gateio,AERGO/USDT:USDT,0.13322,347.0,0.13321,9.0,0.13329,1.0,0.13333,9.0
1753592226545,04:57:06.545,gateio,AERGO/USDT:USDT,0.13322,347.0,0.13321,9.0,0.13329,1.0,0.13333,9.0
1753592227153,04:57:07.153,gateio,AERGO/USDT:USDT,0.13322,347.0,0.13321,9.0,0.13329,1.0,0.13333,9.0
1753592227404,04:57:07.404,gateio,AERGO/USDT:USDT,0.13322,347.0,0.13321,9.0,0.13329,1.0,0.13333,9.0
1753592227514,04:57:07.514,gateio,AERGO/USDT:USDT,0.13322,347.0,0.13321,9.0,0.13329,1.0,0.13333,9.0
1753592228252,04:57:08.252,gateio,AERGO/USDT:USDT,0.13322,347.0,0.13321,9.0,0.13329,1.0,0.13333,9.0
1753592233771,04:57:13.771,gateio,AERGO/USDT:USDT,0.13322,347.0,0.13321,9.0,0.13329,1.0,0.13333,9.0
1753592233859,04:57:13.859,gateio,AERGO/USDT:USDT,0.13322,347.0,0.13321,9.0,0.13329,1.0,0.13333,9.0
1753592234035,04:57:14.035,gateio,AERGO/USDT:USDT,0.13322,347.0,0.13321,9.0,0.13329,1.0,0.13333,9.0
1753592236013,04:57:16.013,gateio,AERGO/USDT:USDT,0.13322,347.0,0.13321,9.0,0.13329,1.0,0.13333,9.0
1753592237476,04:57:17.476,gateio,AERGO/USDT:USDT,0.13322,347.0,0.13321,9.0,0.13329,1.0,0.13333,9.0
1753592239827,04:57:19.827,gateio,AERGO/USDT:USDT,0.13322,347.0,0.13321,9.0,0.13329,1.0,0.13333,9.0
1753592240336,04:57:20.336,gateio,AERGO/USDT:USDT,0.13322,347.0,0.13321,9.0,0.13329,1.0,0.13333,9.0
1753592241997,04:57:21.997,gateio,AERGO/USDT:USDT,0.13322,347.0,0.13321,9.0,0.13329,1.0,0.13333,9.0
1753592242290,04:57:22.290,gateio,AERGO/USDT:USDT,0.13322,347.0,0.13321,9.0,0.13329,1.0,0.13333,9.0
1753592242860,04:57:22.860,gateio,AERGO/USDT:USDT,0.13322,347.0,0.13321,9.0,0.13329,1.0,0.13333,9.0
1753592243011,04:57:23.011,gateio,AERGO/USDT:USDT,0.13322,347.0,0.13321,9.0,0.13329,1.0,0.13336,7.0
1753592243127,04:57:23.127,gateio,AERGO/USDT:USDT,0.13322,347.0,0.13321,9.0,0.13329,1.0,0.13336,7.0
1753592243229,04:57:23.229,gateio,AERGO/USDT:USDT,0.13322,347.0,0.13321,9.0,0.13329,1.0,0.13336,7.0
1753592243290,04:57:23.290,gateio,AERGO/USDT:USDT,0.13322,347.0,0.13321,9.0,0.13329,1.0,0.13336,7.0
1753592245630,04:57:25.630,gateio,AERGO/USDT:USDT,0.13322,347.0,0.13321,9.0,0.13329,1.0,0.13336,7.0
1753592245630,04:57:25.630,gateio,AERGO/USDT:USDT,0.13322,347.0,0.13321,9.0,0.13329,1.0,0.13336,7.0
1753592246299,04:57:26.299,gateio,AERGO/USDT:USDT,0.13322,347.0,0.13321,9.0,0.13329,1.0,0.13336,7.0
1753592247009,04:57:27.009,gateio,AERGO/USDT:USDT,0.13322,347.0,0.13321,9.0,0.13329,1.0,0.13336,7.0
1753592249962,04:57:29.962,gateio,AERGO/USDT:USDT,0.13322,347.0,0.13321,9.0,0.13329,1.0,0.13336,7.0
1753592250089,04:57:30.089,gateio,AERGO/USDT:USDT,0.13322,347.0,0.13321,9.0,0.13329,1.0,0.1333,9.0
1753592250141,04:57:30.141,gateio,AERGO/USDT:USDT,0.13322,347.0,0.13321,9.0,0.13329,1.0,0.1333,9.0
1753592250417,04:57:30.417,gateio,AERGO/USDT:USDT,0.13316,347.0,0.13311,152.0,0.13329,51.0,0.1333,9.0
1753592250505,04:57:30.505,gateio,AERGO/USDT:USDT,0.1331,75.0,0.13308,152.0,0.13328,152.0,0.13329,51.0
1753592250616,04:57:30.616,gateio,AERGO/USDT:USDT,0.13308,152.0,0.13305,347.0,0.13327,14.0,0.13328,227.0
1753592250691,04:57:30.691,gateio,AERGO/USDT:USDT,0.13304,30.0,0.13302,456.0,0.13327,14.0,0.13328,227.0
1753592250816,04:57:30.816,gateio,AERGO/USDT:USDT,0.13304,105.0,0.13302,456.0,0.13327,14.0,0.13328,227.0
1753592250912,04:57:30.912,gateio,AERGO/USDT:USDT,0.1331,75.0,0.13305,50.0,0.13327,14.0,0.13328,227.0
1753592251006,04:57:31.006,gateio,AERGO/USDT:USDT,0.1331,75.0,0.13306,347.0,0.13326,36.0,0.13327,14.0
1753592251032,04:57:31.032,gateio,AERGO/USDT:USDT,0.1331,75.0,0.13306,347.0,0.13326,36.0,0.13327,14.0
1753592251186,04:57:31.186,gateio,AERGO/USDT:USDT,0.1331,75.0,0.13306,347.0,0.13326,36.0,0.13327,14.0
1753592251610,04:57:31.610,gateio,AERGO/USDT:USDT,0.1331,75.0,0.13306,347.0,0.13326,36.0,0.13327,14.0
1753592252059,04:57:32.059,gateio,AERGO/USDT:USDT,0.13306,347.0,0.13305,50.0,0.13326,36.0,0.13327,14.0
1753592252201,04:57:32.201,gateio,AERGO/USDT:USDT,0.13307,347.0,0.13305,50.0,0.13326,36.0,0.13327,14.0
1753592252238,04:57:32.238,gateio,AERGO/USDT:USDT,0.13307,347.0,0.13305,50.0,0.13326,36.0,0.13327,14.0
1753592252438,04:57:32.438,gateio,AERGO/USDT:USDT,0.13307,347.0,0.13305,50.0,0.13326,36.0,0.13327,14.0
1753592253266,04:57:33.266,gateio,AERGO/USDT:USDT,0.13307,347.0,0.13305,50.0,0.13326,36.0,0.13327,14.0
1753592253686,04:57:33.686,gateio,AERGO/USDT:USDT,0.13307,347.0,0.13305,50.0,0.13326,36.0,0.13327,14.0
1753592253841,04:57:33.841,gateio,AERGO/USDT:USDT,0.13307,347.0,0.13305,50.0,0.13326,36.0,0.13327,14.0
1753592254420,04:57:34.420,gateio,AERGO/USDT:USDT,0.13307,347.0,0.13305,50.0,0.13326,36.0,0.13327,14.0
1753592254439,04:57:34.439,gateio,AERGO/USDT:USDT,0.13307,347.0,0.13305,50.0,0.13326,36.0,0.13327,14.0
1753592256286,04:57:36.286,gateio,AERGO/USDT:USDT,0.13308,152.0,0.13307,347.0,0.13326,36.0,0.13327,14.0
1753592256355,04:57:36.355,gateio,AERGO/USDT:USDT,0.13308,152.0,0.13307,347.0,0.13326,36.0,0.13327,14.0
1753592256510,04:57:36.510,gateio,AERGO/USDT:USDT,0.13308,152.0,0.13307,347.0,0.13326,36.0,0.13327,14.0
1753592257211,04:57:37.211,gateio,AERGO/USDT:USDT,0.13308,152.0,0.13306,347.0,0.13326,36.0,0.13327,14.0
1753592257324,04:57:37.324,gateio,AERGO/USDT:USDT,0.13308,152.0,0.13306,347.0,0.13326,36.0,0.13327,14.0
1753592258385,04:57:38.385,gateio,AERGO/USDT:USDT,0.1331,75.0,0.13308,152.0,0.13326,36.0,0.13327,14.0
1753592258451,04:57:38.451,gateio,AERGO/USDT:USDT,0.1331,75.0,0.13308,152.0,0.13326,36.0,0.13327,14.0
1753592258566,04:57:38.566,gateio,AERGO/USDT:USDT,0.1331,75.0,0.13308,152.0,0.13326,36.0,0.13327,14.0
1753592258790,04:57:38.790,gateio,AERGO/USDT:USDT,0.1331,75.0,0.13308,152.0,0.13326,36.0,0.13327,14.0
1753592258935,04:57:38.935,gateio,AERGO/USDT:USDT,0.1331,75.0,0.13308,152.0,0.13326,36.0,0.13327,14.0
1753592259195,04:57:39.195,gateio,AERGO/USDT:USDT,0.1331,75.0,0.13308,152.0,0.13326,36.0,0.13327,14.0
1753592259373,04:57:39.373,gateio,AERGO/USDT:USDT,0.1331,75.0,0.13308,152.0,0.13326,36.0,0.13327,14.0
1753592260166,04:57:40.166,gateio,AERGO/USDT:USDT,0.1331,75.0,0.13308,152.0,0.13326,36.0,0.13327,14.0
1753592260588,04:57:40.588,gateio,AERGO/USDT:USDT,0.1331,75.0,0.13308,152.0,0.13326,36.0,0.13327,14.0
1753592262389,04:57:42.389,gateio,AERGO/USDT:USDT,0.1331,75.0,0.13308,152.0,0.13326,36.0,0.13327,14.0
1753592263016,04:57:43.016,gateio,AERGO/USDT:USDT,0.1331,422.0,0.13308,152.0,0.13326,36.0,0.13327,14.0
1753592263031,04:57:43.031,gateio,AERGO/USDT:USDT,0.1331,422.0,0.13308,152.0,0.13326,36.0,0.13327,14.0
1753592263410,04:57:43.410,gateio,AERGO/USDT:USDT,0.1331,422.0,0.13308,152.0,0.13326,36.0,0.13327,14.0
1753592263822,04:57:43.822,gateio,AERGO/USDT:USDT,0.1331,422.0,0.13308,152.0,0.13326,36.0,0.13327,14.0
1753592264396,04:57:44.396,gateio,AERGO/USDT:USDT,0.1331,422.0,0.13308,152.0,0.13326,36.0,0.13327,14.0
1753592266629,04:57:46.629,gateio,AERGO/USDT:USDT,0.13305,347.0,0.13302,229.0,0.1332,75.0,0.13322,154.0
1753592266721,04:57:46.721,gateio,AERGO/USDT:USDT,0.133,75.0,0.13297,347.0,0.1332,75.0,0.13321,14.0
1753592266805,04:57:46.805,gateio,AERGO/USDT:USDT,0.13296,152.0,0.13294,229.0,0.13315,152.0,0.1332,75.0
1753592266925,04:57:46.925,gateio,AERGO/USDT:USDT,0.13299,75.0,0.13296,152.0,0.13314,89.0,0.13315,152.0
1753592267003,04:57:47.003,gateio,AERGO/USDT:USDT,0.13296,152.0,0.13294,229.0,0.13314,89.0,0.13315,152.0
1753592267080,04:57:47.080,gateio,AERGO/USDT:USDT,0.13296,152.0,0.13294,229.0,0.13314,14.0,0.13319,75.0
1753592267227,04:57:47.227,gateio,AERGO/USDT:USDT,0.13296,152.0,0.13294,229.0,0.13316,152.0,0.13319,75.0
1753592267246,04:57:47.246,gateio,AERGO/USDT:USDT,0.13296,152.0,0.13294,229.0,0.13315,89.0,0.13316,152.0
1753592267525,04:57:47.525,gateio,AERGO/USDT:USDT,0.13296,152.0,0.13294,229.0,0.13315,89.0,0.13316,152.0
1753592271688,04:57:51.688,gateio,AERGO/USDT:USDT,0.13297,347.0,0.13296,152.0,0.13315,89.0,0.13316,152.0
1753592271825,04:57:51.825,gateio,AERGO/USDT:USDT,0.13297,347.0,0.13296,152.0,0.13315,89.0,0.13316,152.0
1753592272002,04:57:52.002,gateio,AERGO/USDT:USDT,0.13297,347.0,0.13296,152.0,0.13312,77.0,0.13314,229.0
1753592272117,04:57:52.117,gateio,AERGO/USDT:USDT,0.13297,347.0,0.13296,152.0,0.13312,77.0,0.13313,14.0
1753592272171,04:57:52.171,gateio,AERGO/USDT:USDT,0.13297,356.0,0.13296,152.0,0.13312,77.0,0.13313,14.0
1753592272232,04:57:52.232,gateio,AERGO/USDT:USDT,0.13297,9.0,0.13296,152.0,0.13312,77.0,0.13313,14.0
1753592272355,04:57:52.355,gateio,AERGO/USDT:USDT,0.13297,9.0,0.13296,152.0,0.13312,77.0,0.13313,14.0
1753592273170,04:57:53.170,gateio,AERGO/USDT:USDT,0.13297,9.0,0.13296,152.0,0.13312,77.0,0.13313,14.0
1753592273584,04:57:53.584,gateio,AERGO/USDT:USDT,0.13297,9.0,0.13296,152.0,0.13312,77.0,0.13313,14.0
1753592274316,04:57:54.316,gateio,AERGO/USDT:USDT,0.13297,9.0,0.13296,152.0,0.13312,77.0,0.13313,14.0
1753592274494,04:57:54.494,gateio,AERGO/USDT:USDT,0.13297,9.0,0.13296,152.0,0.13312,77.0,0.13313,14.0
1753592274961,04:57:54.961,gateio,AERGO/USDT:USDT,0.13297,9.0,0.13296,152.0,0.13312,77.0,0.13313,14.0
1753592276793,04:57:56.793,gateio,AERGO/USDT:USDT,0.13297,9.0,0.13296,152.0,0.13312,77.0,0.13313,14.0
1753592277114,04:57:57.114,gateio,AERGO/USDT:USDT,0.13298,347.0,0.13297,9.0,0.13312,77.0,0.13313,14.0
1753592277136,04:57:57.136,gateio,AERGO/USDT:USDT,0.13298,347.0,0.13297,9.0,0.13312,77.0,0.13313,14.0
1753592277611,04:57:57.611,gateio,AERGO/USDT:USDT,0.13298,347.0,0.13297,9.0,0.13312,77.0,0.13313,14.0
1753592277654,04:57:57.654,gateio,AERGO/USDT:USDT,0.13298,347.0,0.13297,9.0,0.13312,79.0,0.13313,200.0
1753592279921,04:57:59.921,gateio,AERGO/USDT:USDT,0.13298,356.0,0.13297,9.0,0.13312,79.0,0.13313,200.0
1753592280031,04:58:00.031,gateio,AERGO/USDT:USDT,0.13298,356.0,0.13297,9.0,0.13312,79.0,0.13313,200.0
1753592280314,04:58:00.314,gateio,AERGO/USDT:USDT,0.13299,75.0,0.13298,356.0,0.13313,14.0,0.13314,392.0
1753592280427,04:58:00.427,gateio,AERGO/USDT:USDT,0.13299,75.0,0.13298,356.0,0.13313,14.0,0.13318,75.0
1753592280500,04:58:00.500,gateio,AERGO/USDT:USDT,0.13299,75.0,0.13298,356.0,0.13318,75.0,0.1332,89.0
1753592280556,04:58:00.556,gateio,AERGO/USDT:USDT,0.13298,356.0,0.13297,9.0,0.13318,75.0,0.1332,89.0
1753592280656,04:58:00.656,gateio,AERGO/USDT:USDT,0.133,347.0,0.13299,75.0,0.13318,75.0,0.1332,89.0
1753592280801,04:58:00.801,gateio,AERGO/USDT:USDT,0.133,347.0,0.13299,75.0,0.13318,75.0,0.1332,89.0
1753592280928,04:58:00.928,gateio,AERGO/USDT:USDT,0.13302,152.0,0.133,347.0,0.1332,75.0,0.13321,82.0
1753592281000,04:58:01.000,gateio,AERGO/USDT:USDT,0.13302,152.0,0.133,347.0,0.1332,150.0,0.13321,14.0
1753592281272,04:58:01.272,gateio,AERGO/USDT:USDT,0.13302,152.0,0.133,347.0,0.1332,150.0,0.13321,14.0
1753592281718,04:58:01.718,gateio,AERGO/USDT:USDT,0.13302,152.0,0.133,347.0,0.1332,150.0,0.13321,14.0
1753592282606,04:58:02.606,gateio,AERGO/USDT:USDT,0.13302,152.0,0.133,347.0,0.1332,150.0,0.13321,14.0
1753592282687,04:58:02.687,gateio,AERGO/USDT:USDT,0.13302,152.0,0.133,347.0,0.1332,150.0,0.13321,14.0
1753592282887,04:58:02.887,gateio,AERGO/USDT:USDT,0.13302,152.0,0.133,347.0,0.1332,150.0,0.13321,14.0
1753592283302,04:58:03.302,gateio,AERGO/USDT:USDT,0.13302,152.0,0.133,347.0,0.1332,150.0,0.13321,14.0
1753592285023,04:58:05.023,gateio,AERGO/USDT:USDT,0.13302,152.0,0.133,347.0,0.1332,150.0,0.13321,14.0
1753592285088,04:58:05.088,gateio,AERGO/USDT:USDT,0.13302,152.0,0.133,347.0,0.13318,15.0,0.1332,150.0
1753592285148,04:58:05.148,gateio,AERGO/USDT:USDT,0.13302,152.0,0.133,347.0,0.13318,15.0,0.13319,14.0
1753592285339,04:58:05.339,gateio,AERGO/USDT:USDT,0.13302,152.0,0.133,347.0,0.13318,15.0,0.13319,14.0
1753592286172,04:58:06.172,gateio,AERGO/USDT:USDT,0.13303,347.0,0.13302,152.0,0.13318,15.0,0.13319,14.0
1753592286563,04:58:06.563,gateio,AERGO/USDT:USDT,0.13303,347.0,0.13302,152.0,0.13318,15.0,0.13319,14.0
1753592287377,04:58:07.377,gateio,AERGO/USDT:USDT,0.13303,347.0,0.13302,152.0,0.13318,15.0,0.13319,14.0
1753592287833,04:58:07.833,gateio,AERGO/USDT:USDT,0.13303,347.0,0.13299,75.0,0.13318,15.0,0.13319,14.0
1753592289004,04:58:09.004,gateio,AERGO/USDT:USDT,0.13303,347.0,0.13299,75.0,0.13318,15.0,0.13319,14.0
1753592289043,04:58:09.043,gateio,AERGO/USDT:USDT,0.13303,347.0,0.13299,75.0,0.13318,15.0,0.1332,89.0
1753592289394,04:58:09.394,gateio,AERGO/USDT:USDT,0.13303,347.0,0.13299,75.0,0.13318,15.0,0.1332,89.0
1753592290342,04:58:10.342,gateio,AERGO/USDT:USDT,0.13303,347.0,0.13299,75.0,0.13318,15.0,0.1332,89.0
1753592290710,04:58:10.710,gateio,AERGO/USDT:USDT,0.13303,347.0,0.13299,75.0,0.13318,15.0,0.1332,89.0
1753592291957,04:58:11.957,gateio,AERGO/USDT:USDT,0.13304,347.0,0.13299,75.0,0.13318,15.0,0.1332,89.0
1753592292044,04:58:12.044,gateio,AERGO/USDT:USDT,0.13302,152.0,0.133,347.0,0.13318,15.0,0.1332,89.0
1753592292225,04:58:12.225,gateio,AERGO/USDT:USDT,0.13302,152.0,0.133,347.0,0.13318,15.0,0.1332,89.0
1753592293009,04:58:13.009,gateio,AERGO/USDT:USDT,0.13302,152.0,0.133,347.0,0.13318,15.0,0.1332,89.0
1753592293044,04:58:13.044,gateio,AERGO/USDT:USDT,0.13302,152.0,0.133,347.0,0.13318,15.0,0.1332,89.0
1753592294008,04:58:14.008,gateio,AERGO/USDT:USDT,0.13302,152.0,0.133,347.0,0.13318,15.0,0.1332,89.0
1753592294042,04:58:14.042,gateio,AERGO/USDT:USDT,0.13302,152.0,0.133,347.0,0.13318,15.0,0.1332,75.0
1753592295842,04:58:15.842,gateio,AERGO/USDT:USDT,0.13302,152.0,0.133,347.0,0.13318,15.0,0.1332,75.0
1753592296019,04:58:16.019,gateio,AERGO/USDT:USDT,0.13302,152.0,0.133,347.0,0.13318,15.0,0.1332,75.0
1753592296150,04:58:16.150,gateio,AERGO/USDT:USDT,0.13303,347.0,0.13302,152.0,0.13318,15.0,0.1332,75.0
1753592296827,04:58:16.827,gateio,AERGO/USDT:USDT,0.13303,347.0,0.13302,152.0,0.13318,15.0,0.1332,75.0
1753592297415,04:58:17.415,gateio,AERGO/USDT:USDT,0.13303,347.0,0.13302,152.0,0.1332,75.0,0.13321,29.0
1753592297479,04:58:17.479,gateio,AERGO/USDT:USDT,0.13303,347.0,0.13302,152.0,0.1332,75.0,0.13321,29.0
1753592298302,04:58:18.302,gateio,AERGO/USDT:USDT,0.13303,347.0,0.13302,152.0,0.1332,75.0,0.13321,29.0
1753592299211,04:58:19.211,gateio,AERGO/USDT:USDT,0.13303,347.0,0.13302,152.0,0.1332,75.0,0.13321,29.0
1753592299252,04:58:19.252,gateio,AERGO/USDT:USDT,0.13303,347.0,0.13302,152.0,0.13321,29.0,0.13322,152.0
1753592300328,04:58:20.328,gateio,AERGO/USDT:USDT,0.13303,347.0,0.13302,152.0,0.13321,29.0,0.13322,152.0
1753592300328,04:58:20.328,gateio,AERGO/USDT:USDT,0.13303,347.0,0.13302,152.0,0.13321,29.0,0.13322,152.0
1753592300651,04:58:20.651,gateio,AERGO/USDT:USDT,0.13304,347.0,0.13303,229.0,0.13321,29.0,0.13322,152.0
1753592300789,04:58:20.789,gateio,AERGO/USDT:USDT,0.13304,347.0,0.13303,229.0,0.13321,29.0,0.13322,152.0
1753592301190,04:58:21.190,gateio,AERGO/USDT:USDT,0.13304,347.0,0.13303,229.0,0.13321,29.0,0.13322,152.0
1753592305128,04:58:25.128,gateio,AERGO/USDT:USDT,0.13304,347.0,0.13303,229.0,0.13321,29.0,0.13322,152.0
1753592305151,04:58:25.151,gateio,AERGO/USDT:USDT,0.13304,347.0,0.13303,229.0,0.13321,29.0,0.13322,152.0
1753592306064,04:58:26.064,gateio,AERGO/USDT:USDT,0.13304,347.0,0.13303,229.0,0.13321,29.0,0.13322,152.0
1753592306424,04:58:26.424,gateio,AERGO/USDT:USDT,0.13304,347.0,0.13303,229.0,0.13321,29.0,0.13322,152.0
1753592306827,04:58:26.827,gateio,AERGO/USDT:USDT,0.13304,347.0,0.13303,229.0,0.1332,75.0,0.13321,29.0
1753592307239,04:58:27.239,gateio,AERGO/USDT:USDT,0.13304,347.0,0.13303,229.0,0.1332,75.0,0.13321,29.0
1753592311010,04:58:31.010,gateio,AERGO/USDT:USDT,0.13304,347.0,0.13303,229.0,0.13321,29.0,0.13322,152.0
1753592312922,04:58:32.922,gateio,AERGO/USDT:USDT,0.13305,347.0,0.13303,229.0,0.13321,14.0,0.13322,152.0
1753592313031,04:58:33.031,gateio,AERGO/USDT:USDT,0.13307,75.0,0.13305,347.0,0.13321,14.0,0.13322,152.0
1753592313145,04:58:33.145,gateio,AERGO/USDT:USDT,0.13307,75.0,0.13306,347.0,0.13321,14.0,0.13322,152.0
1753592313299,04:58:33.299,gateio,AERGO/USDT:USDT,0.13307,75.0,0.13306,347.0,0.13321,14.0,0.13322,152.0
1753592313955,04:58:33.955,gateio,AERGO/USDT:USDT,0.13307,75.0,0.13306,347.0,0.13321,14.0,0.13324,244.0
1753592314112,04:58:34.112,gateio,AERGO/USDT:USDT,0.13307,75.0,0.13306,347.0,0.13323,14.0,0.13324,244.0
1753592314206,04:58:34.206,gateio,AERGO/USDT:USDT,0.13307,75.0,0.13304,347.0,0.13323,14.0,0.13324,244.0
1753592314231,04:58:34.231,gateio,AERGO/USDT:USDT,0.13307,75.0,0.13304,347.0,0.13323,14.0,0.13324,244.0
1753592314524,04:58:34.524,gateio,AERGO/USDT:USDT,0.13307,75.0,0.13304,347.0,0.13323,14.0,0.13324,244.0
1753592314631,04:58:34.631,gateio,AERGO/USDT:USDT,0.13307,75.0,0.13304,347.0,0.13322,152.0,0.13323,14.0
1753592314738,04:58:34.738,gateio,AERGO/USDT:USDT,0.13307,75.0,0.13304,347.0,0.13321,14.0,0.13322,152.0
1753592314936,04:58:34.936,gateio,AERGO/USDT:USDT,0.13307,75.0,0.13304,347.0,0.13321,14.0,0.13322,152.0
1753592315353,04:58:35.353,gateio,AERGO/USDT:USDT,0.13307,75.0,0.13304,347.0,0.13321,14.0,0.13322,152.0
1753592315539,04:58:35.539,gateio,AERGO/USDT:USDT,0.13307,75.0,0.13304,347.0,0.13321,14.0,0.13322,152.0
1753592315764,04:58:35.764,gateio,AERGO/USDT:USDT,0.13307,75.0,0.13304,347.0,0.13321,14.0,0.13322,152.0
1753592318021,04:58:38.021,gateio,AERGO/USDT:USDT,0.13307,75.0,0.13305,347.0,0.13321,14.0,0.13322,152.0
1753592318812,04:58:38.812,gateio,AERGO/USDT:USDT,0.13307,75.0,0.13305,347.0,0.13321,14.0,0.13322,152.0
1753592319138,04:58:39.138,gateio,AERGO/USDT:USDT,0.13305,347.0,0.13303,229.0,0.13321,14.0,0.13322,152.0
1753592319234,04:58:39.234,gateio,AERGO/USDT:USDT,0.13307,75.0,0.13305,347.0,0.13321,14.0,0.13324,244.0
1753592319335,04:58:39.335,gateio,AERGO/USDT:USDT,0.13307,75.0,0.13305,347.0,0.13323,14.0,0.13324,244.0
1753592319792,04:58:39.792,gateio,AERGO/USDT:USDT,0.13307,75.0,0.13305,347.0,0.13323,14.0,0.13324,244.0
1753592320207,04:58:40.207,gateio,AERGO/USDT:USDT,0.13307,75.0,0.13305,347.0,0.13323,14.0,0.13324,244.0
1753592321799,04:58:41.799,gateio,AERGO/USDT:USDT,0.13307,75.0,0.13305,347.0,0.13323,14.0,0.13324,244.0
1753592322149,04:58:42.149,gateio,AERGO/USDT:USDT,0.13307,75.0,0.13305,347.0,0.13323,14.0,0.13324,244.0
1753592323534,04:58:43.534,gateio,AERGO/USDT:USDT,0.13307,75.0,0.13305,347.0,0.13323,14.0,0.13324,15.0
1753592323640,04:58:43.640,gateio,AERGO/USDT:USDT,0.13307,75.0,0.13305,347.0,0.13324,15.0,0.13326,89.0
1753592323813,04:58:43.813,gateio,AERGO/USDT:USDT,0.13307,75.0,0.13306,347.0,0.13324,15.0,0.13326,89.0
1753592324419,04:58:44.419,gateio,AERGO/USDT:USDT,0.13307,75.0,0.13306,347.0,0.13324,15.0,0.13326,89.0
1753592324434,04:58:44.434,gateio,AERGO/USDT:USDT,0.13307,75.0,0.13306,347.0,0.13324,15.0,0.13326,89.0
1753592326728,04:58:46.728,gateio,AERGO/USDT:USDT,0.13307,75.0,0.13306,347.0,0.13324,15.0,0.13326,89.0
1753592327646,04:58:47.646,gateio,AERGO/USDT:USDT,0.13307,75.0,0.13306,347.0,0.13324,15.0,0.13326,89.0
1753592329606,04:58:49.606,gateio,AERGO/USDT:USDT,0.13307,75.0,0.13304,347.0,0.13324,15.0,0.13326,89.0
1753592335396,04:58:55.396,gateio,AERGO/USDT:USDT,0.13307,75.0,0.13305,347.0,0.13324,15.0,0.13326,89.0
1753592337518,04:58:57.518,gateio,AERGO/USDT:USDT,0.13307,75.0,0.13305,347.0,0.13324,15.0,0.13326,89.0
1753592337897,04:58:57.897,gateio,AERGO/USDT:USDT,0.13307,75.0,0.13305,347.0,0.13324,15.0,0.13326,89.0
1753592339141,04:58:59.141,gateio,AERGO/USDT:USDT,0.13307,75.0,0.13305,347.0,0.13322,152.0,0.13324,15.0
1753592339240,04:58:59.240,gateio,AERGO/USDT:USDT,0.13307,75.0,0.13305,347.0,0.13321,14.0,0.13322,152.0
1753592339335,04:58:59.335,gateio,AERGO/USDT:USDT,0.13307,75.0,0.13305,347.0,0.13321,7.0,0.13322,152.0
1753592339436,04:58:59.436,gateio,AERGO/USDT:USDT,0.13307,75.0,0.13305,347.0,0.13321,14.0,0.13322,152.0
1753592339558,04:58:59.558,gateio,AERGO/USDT:USDT,0.13307,75.0,0.13305,347.0,0.13321,14.0,0.13322,152.0
1753592340373,04:59:00.373,gateio,AERGO/USDT:USDT,0.13307,75.0,0.13305,347.0,0.13321,14.0,0.13322,152.0
1753592340805,04:59:00.805,gateio,AERGO/USDT:USDT,0.13307,75.0,0.13305,347.0,0.13321,14.0,0.13324,15.0
1753592340838,04:59:00.838,gateio,AERGO/USDT:USDT,0.13307,75.0,0.13305,347.0,0.13324,15.0,0.13326,89.0
1753592341206,04:59:01.206,gateio,AERGO/USDT:USDT,0.13307,75.0,0.13306,347.0,0.13324,15.0,0.13326,89.0
1753592342512,04:59:02.512,gateio,AERGO/USDT:USDT,0.13307,75.0,0.13306,347.0,0.13326,89.0,0.13327,318.0
1753592342823,04:59:02.823,gateio,AERGO/USDT:USDT,0.13307,75.0,0.13306,347.0,0.13326,89.0,0.13327,318.0
1753592346992,04:59:06.992,gateio,AERGO/USDT:USDT,0.13307,75.0,0.13304,347.0,0.13326,89.0,0.13327,318.0
1753592347091,04:59:07.091,gateio,AERGO/USDT:USDT,0.13307,75.0,0.13304,347.0,0.13326,89.0,0.13327,318.0
1753592347210,04:59:07.210,gateio,AERGO/USDT:USDT,0.13307,75.0,0.13304,347.0,0.13322,152.0,0.13326,89.0
1753592347252,04:59:07.252,gateio,AERGO/USDT:USDT,0.13307,75.0,0.13304,347.0,0.13321,14.0,0.13326,75.0
1753592347336,04:59:07.336,gateio,AERGO/USDT:USDT,0.13307,75.0,0.13304,347.0,0.13326,89.0,0.13327,318.0
1753592347678,04:59:07.678,gateio,AERGO/USDT:USDT,0.13307,75.0,0.13304,347.0,0.13326,89.0,0.13327,318.0
1753592348476,04:59:08.476,gateio,AERGO/USDT:USDT,0.13307,75.0,0.13304,347.0,0.13326,89.0,0.13327,318.0
1753592349288,04:59:09.288,gateio,AERGO/USDT:USDT,0.13307,75.0,0.13304,347.0,0.13326,89.0,0.13327,318.0
1753592349577,04:59:09.577,gateio,AERGO/USDT:USDT,0.13307,75.0,0.13304,347.0,0.13326,89.0,0.13327,318.0
1753592352773,04:59:12.773,gateio,AERGO/USDT:USDT,0.13307,75.0,0.13305,347.0,0.13326,89.0,0.13327,318.0
1753592353252,04:59:13.252,gateio,AERGO/USDT:USDT,0.13307,75.0,0.13305,347.0,0.13326,89.0,0.13327,318.0
1753592353362,04:59:13.362,gateio,AERGO/USDT:USDT,0.13307,75.0,0.13305,347.0,0.13322,152.0,0.13326,89.0
1753592353438,04:59:13.438,gateio,AERGO/USDT:USDT,0.13305,347.0,0.13303,229.0,0.13321,14.0,0.13322,152.0
1753592353616,04:59:13.616,gateio,AERGO/USDT:USDT,0.13308,93.0,0.13307,18.0,0.13321,26.0,0.13326,75.0
1753592353708,04:59:13.708,gateio,AERGO/USDT:USDT,0.13308,93.0,0.13307,18.0,0.13321,12.0,0.13326,89.0
1753592354524,04:59:14.524,gateio,AERGO/USDT:USDT,0.13308,93.0,0.13307,18.0,0.13321,12.0,0.13326,89.0
1753592354939,04:59:14.939,gateio,AERGO/USDT:USDT,0.13308,93.0,0.13307,18.0,0.13321,12.0,0.13326,89.0
1753592355739,04:59:15.739,gateio,AERGO/USDT:USDT,0.13308,18.0,0.13307,18.0,0.13321,12.0,0.13326,89.0
1753592355934,04:59:15.934,gateio,AERGO/USDT:USDT,0.13308,93.0,0.13307,18.0,0.13321,12.0,0.13326,89.0
1753592356778,04:59:16.778,gateio,AERGO/USDT:USDT,0.13308,93.0,0.13307,18.0,0.13326,89.0,0.13327,318.0
1753592356856,04:59:16.856,gateio,AERGO/USDT:USDT,0.13308,93.0,0.13307,18.0,0.13326,89.0,0.13327,318.0
1753592356963,04:59:16.963,gateio,AERGO/USDT:USDT,0.13308,93.0,0.13307,18.0,0.13326,89.0,0.13327,318.0
1753592357381,04:59:17.381,gateio,AERGO/USDT:USDT,0.13308,93.0,0.13307,18.0,0.13326,89.0,0.13327,318.0
1753592357983,04:59:17.983,gateio,AERGO/USDT:USDT,0.13308,93.0,0.13307,18.0,0.13326,89.0,0.13327,318.0
1753592358566,04:59:18.566,gateio,AERGO/USDT:USDT,0.13308,93.0,0.13307,18.0,0.13326,89.0,0.13327,318.0
1753592368478,04:59:28.478,gateio,AERGO/USDT:USDT,0.13308,93.0,0.13307,18.0,0.13326,89.0,0.13327,318.0
1753592368982,04:59:28.982,gateio,AERGO/USDT:USDT,0.13308,93.0,0.13307,18.0,0.13326,89.0,0.13327,318.0
1753592369365,04:59:29.365,gateio,AERGO/USDT:USDT,0.13308,93.0,0.13307,18.0,0.13326,89.0,0.13327,318.0
1753592370291,04:59:30.291,gateio,AERGO/USDT:USDT,0.13308,93.0,0.13307,18.0,0.13326,89.0,0.13327,318.0
1753592376961,04:59:36.961,gateio,AERGO/USDT:USDT,0.13308,18.0,0.13307,93.0,0.13322,152.0,0.13326,89.0
1753592377089,04:59:37.089,gateio,AERGO/USDT:USDT,0.13308,18.0,0.13307,93.0,0.13321,14.0,0.13322,152.0
1753592377141,04:59:37.141,gateio,AERGO/USDT:USDT,0.13308,18.0,0.13307,93.0,0.13321,22.0,0.13326,75.0
1753592377238,04:59:37.238,gateio,AERGO/USDT:USDT,0.13308,18.0,0.13307,93.0,0.13321,8.0,0.13326,89.0
1753592377545,04:59:37.545,gateio,AERGO/USDT:USDT,0.13308,18.0,0.13307,93.0,0.13321,8.0,0.13326,89.0
1753592378827,04:59:38.827,gateio,AERGO/USDT:USDT,0.13308,18.0,0.13307,93.0,0.13321,8.0,0.13326,89.0
1753592378850,04:59:38.850,gateio,AERGO/USDT:USDT,0.13308,18.0,0.13307,93.0,0.13321,8.0,0.13326,89.0
1753592380252,04:59:40.252,gateio,AERGO/USDT:USDT,0.13308,18.0,0.13307,93.0,0.13326,89.0,0.13327,318.0
1753592380377,04:59:40.377,gateio,AERGO/USDT:USDT,0.13308,18.0,0.13307,93.0,0.13326,89.0,0.13327,318.0
1753592381226,04:59:41.226,gateio,AERGO/USDT:USDT,0.13308,517.0,0.13307,93.0,0.13326,89.0,0.13327,303.0
1753592381302,04:59:41.302,gateio,AERGO/USDT:USDT,0.13308,517.0,0.13307,93.0,0.13326,89.0,0.13328,227.0
1753592381390,04:59:41.390,gateio,AERGO/USDT:USDT,0.13308,517.0,0.13307,93.0,0.13327,14.0,0.13328,227.0
1753592381518,04:59:41.518,gateio,AERGO/USDT:USDT,0.13309,347.0,0.13308,170.0,0.13327,89.0,0.13328,227.0
1753592381603,04:59:41.603,gateio,AERGO/USDT:USDT,0.13309,347.0,0.13308,170.0,0.13327,89.0,0.13328,227.0
1753592381724,04:59:41.724,gateio,AERGO/USDT:USDT,0.13309,347.0,0.13308,170.0,0.13327,89.0,0.13328,227.0
1753592381785,04:59:41.785,gateio,AERGO/USDT:USDT,0.13309,347.0,0.13308,170.0,0.13327,89.0,0.13328,227.0
1753592382012,04:59:42.012,gateio,AERGO/USDT:USDT,0.13309,347.0,0.13308,170.0,0.13327,14.0,0.13328,227.0
1753592382138,04:59:42.138,gateio,AERGO/USDT:USDT,0.13309,347.0,0.13308,170.0,0.13327,14.0,0.13328,227.0
1753592382427,04:59:42.427,gateio,AERGO/USDT:USDT,0.13309,347.0,0.13308,170.0,0.13327,14.0,0.13328,227.0
1753592382448,04:59:42.448,gateio,AERGO/USDT:USDT,0.13309,347.0,0.13308,170.0,0.13327,14.0,0.13328,227.0
1753592382839,04:59:42.839,gateio,AERGO/USDT:USDT,0.13309,347.0,0.13308,170.0,0.13327,14.0,0.13328,227.0
1753592383003,04:59:43.003,gateio,AERGO/USDT:USDT,0.13309,347.0,0.13308,170.0,0.13327,14.0,0.13328,227.0
1753592383032,04:59:43.032,gateio,AERGO/USDT:USDT,0.13309,347.0,0.13308,170.0,0.13327,14.0,0.13328,227.0
1753592384267,04:59:44.267,gateio,AERGO/USDT:USDT,0.1331,347.0,0.13308,170.0,0.13327,14.0,0.13328,227.0
1753592384475,04:59:44.475,gateio,AERGO/USDT:USDT,0.13311,347.0,0.13308,170.0,0.13327,14.0,0.13328,227.0
1753592384736,04:59:44.736,gateio,AERGO/USDT:USDT,0.13311,347.0,0.13308,170.0,0.13327,14.0,0.13328,227.0
1753592385094,04:59:45.094,gateio,AERGO/USDT:USDT,0.13311,347.0,0.13308,170.0,0.13327,14.0,0.13328,227.0
1753592387526,04:59:47.526,gateio,AERGO/USDT:USDT,0.13312,347.0,0.13308,170.0,0.13327,14.0,0.13328,227.0
1753592387592,04:59:47.592,gateio,AERGO/USDT:USDT,0.13313,356.0,0.13308,152.0,0.13327,14.0,0.13328,227.0
1753592387675,04:59:47.675,gateio,AERGO/USDT:USDT,0.13313,356.0,0.13308,152.0,0.13327,14.0,0.13328,227.0
1753592388006,04:59:48.006,gateio,AERGO/USDT:USDT,0.13313,356.0,0.13308,152.0,0.13327,14.0,0.13328,227.0
1753592388491,04:59:48.491,gateio,AERGO/USDT:USDT,0.13313,356.0,0.13308,152.0,0.13327,14.0,0.13328,227.0
1753592392402,04:59:52.402,gateio,AERGO/USDT:USDT,0.13313,356.0,0.13308,152.0,0.13327,14.0,0.13328,227.0
1753592392439,04:59:52.439,gateio,AERGO/USDT:USDT,0.13313,356.0,0.13308,152.0,0.13327,14.0,0.13328,227.0
1753592392533,04:59:52.533,gateio,AERGO/USDT:USDT,0.13313,356.0,0.13308,152.0,0.13327,14.0,0.13328,227.0
1753592393327,04:59:53.327,gateio,AERGO/USDT:USDT,0.13314,347.0,0.13313,9.0,0.13327,14.0,0.13328,227.0
1753592393416,04:59:53.416,gateio,AERGO/USDT:USDT,0.13314,356.0,0.13313,9.0,0.13327,14.0,0.13328,227.0
1753592393842,04:59:53.842,gateio,AERGO/USDT:USDT,0.13314,356.0,0.13313,9.0,0.13327,14.0,0.13328,227.0
1753592394371,04:59:54.371,gateio,AERGO/USDT:USDT,0.13314,356.0,0.13313,9.0,0.13327,14.0,0.13328,75.0
1753592394436,04:59:54.436,gateio,AERGO/USDT:USDT,0.13314,356.0,0.13313,9.0,0.13328,75.0,0.13329,1.0
1753592394534,04:59:54.534,gateio,AERGO/USDT:USDT,0.13314,356.0,0.13313,9.0,0.13329,1.0,0.1333,15.0
1753592394662,04:59:54.662,gateio,AERGO/USDT:USDT,0.13314,356.0,0.13313,9.0,0.13329,1.0,0.1333,15.0
1753592395005,04:59:55.005,gateio,AERGO/USDT:USDT,0.13314,356.0,0.13313,9.0,0.13329,1.0,0.1333,15.0
1753592395523,04:59:55.523,gateio,AERGO/USDT:USDT,0.13315,347.0,0.13314,9.0,0.13329,76.0,0.1333,15.0
1753592395532,04:59:55.532,gateio,AERGO/USDT:USDT,0.13315,347.0,0.13314,9.0,0.13329,76.0,0.1333,15.0
1753592395967,04:59:55.967,gateio,AERGO/USDT:USDT,0.13315,347.0,0.13314,9.0,0.13329,76.0,0.1333,15.0
1753592396690,04:59:56.690,gateio,AERGO/USDT:USDT,0.13315,347.0,0.13314,9.0,0.13329,76.0,0.1333,15.0
1753592398302,04:59:58.302,gateio,AERGO/USDT:USDT,0.13315,347.0,0.13314,9.0,0.13329,76.0,0.1333,15.0
1753592398333,04:59:58.333,gateio,AERGO/USDT:USDT,0.13315,347.0,0.13314,9.0,0.13329,76.0,0.1333,15.0
1753592400464,05:00:00.464,gateio,AERGO/USDT:USDT,0.13315,347.0,0.13314,9.0,0.13329,76.0,0.1333,15.0
1753592400844,05:00:00.844,gateio,AERGO/USDT:USDT,0.13315,347.0,0.13314,9.0,0.13329,76.0,0.1333,15.0
1753592403417,05:00:03.417,gateio,AERGO/USDT:USDT,0.13315,347.0,0.13314,9.0,0.13329,76.0,0.1333,15.0
1753592403451,05:00:03.451,gateio,AERGO/USDT:USDT,0.13315,347.0,0.13314,9.0,0.13329,1.0,0.1333,15.0
1753592404903,05:00:04.903,gateio,AERGO/USDT:USDT,0.13315,347.0,0.13314,9.0,0.13329,1.0,0.1333,15.0
1753592405338,05:00:05.338,gateio,AERGO/USDT:USDT,0.13315,347.0,0.13314,9.0,0.13329,76.0,0.1333,15.0
1753592405507,05:00:05.507,gateio,AERGO/USDT:USDT,0.13315,347.0,0.13314,9.0,0.13329,76.0,0.1333,15.0
1753592405533,05:00:05.533,gateio,AERGO/USDT:USDT,0.13315,347.0,0.13314,9.0,0.13329,1.0,0.1333,15.0
1753592405839,05:00:05.839,gateio,AERGO/USDT:USDT,0.13315,347.0,0.13314,9.0,0.13329,1.0,0.1333,15.0
1753592408311,05:00:08.311,gateio,AERGO/USDT:USDT,0.13315,347.0,0.13314,9.0,0.13329,1.0,0.13331,14.0
1753592410240,05:00:10.240,gateio,AERGO/USDT:USDT,0.13314,356.0,0.13313,9.0,0.13329,1.0,0.13331,14.0
1753592411475,05:00:11.475,gateio,AERGO/USDT:USDT,0.13314,356.0,0.13313,9.0,0.13329,1.0,0.13331,14.0
1753592411599,05:00:11.599,gateio,AERGO/USDT:USDT,0.13314,356.0,0.13313,9.0,0.13329,1.0,0.13331,14.0
1753592413593,05:00:13.593,gateio,AERGO/USDT:USDT,0.13314,356.0,0.13313,9.0,0.13329,1.0,0.13331,14.0
1753592416196,05:00:16.196,gateio,AERGO/USDT:USDT,0.13314,356.0,0.13313,9.0,0.13329,1.0,0.13331,14.0
1753592416553,05:00:16.553,gateio,AERGO/USDT:USDT,0.13314,356.0,0.13313,9.0,0.13329,1.0,0.13331,14.0
1753592416873,05:00:16.873,gateio,AERGO/USDT:USDT,0.13314,356.0,0.13313,9.0,0.13329,1.0,0.13331,14.0
1753592430967,05:00:30.967,gateio,AERGO/USDT:USDT,0.13314,356.0,0.13313,9.0,0.13329,1.0,0.13331,14.0
1753592431901,05:00:31.901,gateio,AERGO/USDT:USDT,0.13314,356.0,0.13313,9.0,0.13329,1.0,0.13331,14.0
1753592432319,05:00:32.319,gateio,AERGO/USDT:USDT,0.13314,356.0,0.13313,9.0,0.13328,152.0,0.13329,1.0
1753592432356,05:00:32.356,gateio,AERGO/USDT:USDT,0.13314,356.0,0.13313,9.0,0.13327,22.0,0.13328,152.0
1753592433730,05:00:33.730,gateio,AERGO/USDT:USDT,0.13314,356.0,0.13313,9.0,0.13327,22.0,0.13328,152.0
1753592434002,05:00:34.002,gateio,AERGO/USDT:USDT,0.13314,356.0,0.13313,9.0,0.13327,22.0,0.13328,152.0
1753592435710,05:00:35.710,gateio,AERGO/USDT:USDT,0.13314,356.0,0.13313,9.0,0.13327,22.0,0.13328,152.0
1753592436377,05:00:36.377,gateio,AERGO/USDT:USDT,0.13311,347.0,0.13308,152.0,0.13327,97.0,0.13328,167.0
1753592436432,05:00:36.432,gateio,AERGO/USDT:USDT,0.13311,347.0,0.13308,152.0,0.13327,97.0,0.13328,167.0
1753592436615,05:00:36.615,gateio,AERGO/USDT:USDT,0.13309,347.0,0.13308,152.0,0.13327,97.0,0.13328,167.0
1753592436675,05:00:36.675,gateio,AERGO/USDT:USDT,0.13309,347.0,0.13308,152.0,0.13327,172.0,0.13328,167.0
1753592436784,05:00:36.784,gateio,AERGO/USDT:USDT,0.13309,347.0,0.13308,152.0,0.13327,172.0,0.13328,167.0
1753592436919,05:00:36.919,gateio,AERGO/USDT:USDT,0.13309,347.0,0.13308,152.0,0.13327,172.0,0.13328,167.0
1753592436973,05:00:36.973,gateio,AERGO/USDT:USDT,0.13309,347.0,0.13308,152.0,0.13327,172.0,0.13328,167.0
1753592437377,05:00:37.377,gateio,AERGO/USDT:USDT,0.13309,347.0,0.13308,152.0,0.13327,172.0,0.13328,167.0
1753592438243,05:00:38.243,gateio,AERGO/USDT:USDT,0.13309,347.0,0.13308,152.0,0.13327,172.0,0.13328,167.0
1753592438392,05:00:38.392,gateio,AERGO/USDT:USDT,0.13309,347.0,0.13308,152.0,0.13327,172.0,0.13328,167.0
1753592438440,05:00:38.440,gateio,AERGO/USDT:USDT,0.13309,347.0,0.13308,152.0,0.13327,172.0,0.13328,167.0
1753592438594,05:00:38.594,gateio,AERGO/USDT:USDT,0.13309,347.0,0.13308,152.0,0.13327,172.0,0.13328,167.0
1753592439420,05:00:39.420,gateio,AERGO/USDT:USDT,0.13309,347.0,0.13308,152.0,0.13327,172.0,0.13328,167.0
1753592439699,05:00:39.699,gateio,AERGO/USDT:USDT,0.1331,347.0,0.13308,152.0,0.13327,172.0,0.13328,167.0
1753592439849,05:00:39.849,gateio,AERGO/USDT:USDT,0.1331,347.0,0.13308,152.0,0.13327,172.0,0.13328,167.0
1753592440680,05:00:40.680,gateio,AERGO/USDT:USDT,0.1331,347.0,0.13308,152.0,0.13327,172.0,0.13328,167.0
1753592441100,05:00:41.100,gateio,AERGO/USDT:USDT,0.1331,347.0,0.13308,152.0,0.13327,172.0,0.13328,167.0
1753592444268,05:00:44.268,gateio,AERGO/USDT:USDT,0.1331,347.0,0.13308,152.0,0.13327,172.0,0.13328,167.0
1753592445499,05:00:45.499,gateio,AERGO/USDT:USDT,0.13309,347.0,0.13308,152.0,0.13327,172.0,0.13328,167.0
1753592447602,05:00:47.602,gateio,AERGO/USDT:USDT,0.13309,347.0,0.13308,152.0,0.13327,172.0,0.13328,167.0
1753592447950,05:00:47.950,gateio,AERGO/USDT:USDT,0.13309,347.0,0.13308,152.0,0.13327,172.0,0.13328,167.0
1753592451251,05:00:51.251,gateio,AERGO/USDT:USDT,0.1331,347.0,0.13308,152.0,0.13327,172.0,0.13328,167.0
1753592451580,05:00:51.580,gateio,AERGO/USDT:USDT,0.1331,347.0,0.13308,152.0,0.13327,172.0,0.13328,167.0
1753592452116,05:00:52.116,gateio,AERGO/USDT:USDT,0.13311,347.0,0.13308,152.0,0.13327,172.0,0.13328,167.0
1753592453720,05:00:53.720,gateio,AERGO/USDT:USDT,0.13311,347.0,0.13308,152.0,0.13327,97.0,0.13328,167.0
1753592453735,05:00:53.735,gateio,AERGO/USDT:USDT,0.13311,347.0,0.13308,152.0,0.13327,172.0,0.13328,167.0
1753592454001,05:00:54.001,gateio,AERGO/USDT:USDT,0.13311,347.0,0.13308,152.0,0.13327,172.0,0.13328,167.0
1753592454091,05:00:54.091,gateio,AERGO/USDT:USDT,0.13311,347.0,0.13308,152.0,0.13327,172.0,0.13328,167.0
1753592454624,05:00:54.624,gateio,AERGO/USDT:USDT,0.13311,347.0,0.13308,152.0,0.13327,172.0,0.13328,167.0
1753592454652,05:00:54.652,gateio,AERGO/USDT:USDT,0.13311,347.0,0.13308,152.0,0.13327,172.0,0.13328,167.0
1753592457033,05:00:57.033,gateio,AERGO/USDT:USDT,0.13309,347.0,0.13308,152.0,0.13327,172.0,0.13328,167.0
1753592460013,05:01:00.013,gateio,AERGO/USDT:USDT,0.13309,347.0,0.13308,152.0,0.13327,172.0,0.13328,167.0
1753592462825,05:01:02.825,gateio,AERGO/USDT:USDT,0.1331,347.0,0.13308,152.0,0.13327,172.0,0.13328,167.0
1753592462830,05:01:02.830,gateio,AERGO/USDT:USDT,0.1331,347.0,0.13308,152.0,0.13327,172.0,0.13328,167.0
1753592463298,05:01:03.298,gateio,AERGO/USDT:USDT,0.1331,347.0,0.13308,152.0,0.13327,172.0,0.13328,167.0
1753592463409,05:01:03.409,gateio,AERGO/USDT:USDT,0.1331,347.0,0.13308,152.0,0.13327,172.0,0.13328,167.0
1753592463516,05:01:03.516,gateio,AERGO/USDT:USDT,0.1331,347.0,0.13308,152.0,0.13326,467.0,0.13327,97.0
1753592463554,05:01:03.554,gateio,AERGO/USDT:USDT,0.1331,347.0,0.13308,152.0,0.13325,406.0,0.13326,467.0
1753592463651,05:01:03.651,gateio,AERGO/USDT:USDT,0.1331,347.0,0.13308,152.0,0.13325,406.0,0.13326,467.0
1753592468628,05:01:08.628,gateio,AERGO/USDT:USDT,0.13309,347.0,0.13308,152.0,0.13325,406.0,0.13326,467.0
1753592468726,05:01:08.726,gateio,AERGO/USDT:USDT,0.1331,347.0,0.13308,152.0,0.13325,406.0,0.13326,467.0
1753592468911,05:01:08.911,gateio,AERGO/USDT:USDT,0.13309,347.0,0.13308,152.0,0.13325,406.0,0.13326,467.0
1753592469302,05:01:09.302,gateio,AERGO/USDT:USDT,0.13309,347.0,0.13308,152.0,0.13325,406.0,0.13326,467.0
1753592469890,05:01:09.890,gateio,AERGO/USDT:USDT,0.13309,347.0,0.13303,229.0,0.13322,8.0,0.13324,229.0
1753592469940,05:01:09.940,gateio,AERGO/USDT:USDT,0.13309,347.0,0.13303,229.0,0.13322,8.0,0.13323,14.0
1753592470118,05:01:10.118,gateio,AERGO/USDT:USDT,0.13307,75.0,0.13304,347.0,0.13323,14.0,0.13324,229.0
1753592470187,05:01:10.187,gateio,AERGO/USDT:USDT,0.13308,347.0,0.13307,75.0,0.13323,14.0,0.13324,229.0
1753592470345,05:01:10.345,gateio,AERGO/USDT:USDT,0.13309,347.0,0.13307,75.0,0.13323,14.0,0.13324,229.0
1753592470533,05:01:10.533,gateio,AERGO/USDT:USDT,0.13309,347.0,0.13307,75.0,0.13323,14.0,0.13324,229.0
1753592471217,05:01:11.217,gateio,AERGO/USDT:USDT,0.13309,355.0,0.13307,75.0,0.13323,22.0,0.13324,229.0
1753592471423,05:01:11.423,gateio,AERGO/USDT:USDT,0.13309,355.0,0.13307,75.0,0.13322,15.0,0.13323,22.0
1753592471429,05:01:11.429,gateio,AERGO/USDT:USDT,0.13309,363.0,0.13307,75.0,0.13322,23.0,0.13323,22.0
1753592471586,05:01:11.586,gateio,AERGO/USDT:USDT,0.13309,363.0,0.13307,75.0,0.13322,23.0,0.13323,22.0
1753592471775,05:01:11.775,gateio,AERGO/USDT:USDT,0.13309,363.0,0.13307,75.0,0.13322,23.0,0.13323,22.0
1753592472589,05:01:12.589,gateio,AERGO/USDT:USDT,0.13309,363.0,0.13307,75.0,0.13322,23.0,0.13323,22.0
1753592473004,05:01:13.004,gateio,AERGO/USDT:USDT,0.13309,363.0,0.13307,75.0,0.13322,23.0,0.13323,22.0
1753592474421,05:01:14.421,gateio,AERGO/USDT:USDT,0.1331,347.0,0.13309,16.0,0.13322,23.0,0.13323,22.0
1753592474432,05:01:14.432,gateio,AERGO/USDT:USDT,0.1331,347.0,0.13309,16.0,0.13322,23.0,0.13323,22.0
1753592474623,05:01:14.623,gateio,AERGO/USDT:USDT,0.1331,347.0,0.13309,16.0,0.13322,23.0,0.13323,22.0
1753592475438,05:01:15.438,gateio,AERGO/USDT:USDT,0.1331,347.0,0.13309,16.0,0.13322,23.0,0.13323,22.0
1753592476722,05:01:16.722,gateio,AERGO/USDT:USDT,0.13303,229.0,0.13302,152.0,0.13322,250.0,0.13323,22.0
1753592476760,05:01:16.760,gateio,AERGO/USDT:USDT,0.13303,229.0,0.13302,152.0,0.13319,75.0,0.13321,14.0
1753592476865,05:01:16.865,gateio,AERGO/USDT:USDT,0.13303,229.0,0.13302,152.0,0.13319,75.0,0.13321,89.0
1753592476951,05:01:16.951,gateio,AERGO/USDT:USDT,0.13303,229.0,0.13302,152.0,0.13319,75.0,0.13321,89.0
1753592477091,05:01:17.091,gateio,AERGO/USDT:USDT,0.13303,229.0,0.13302,152.0,0.13319,75.0,0.13321,89.0
1753592477479,05:01:17.479,gateio,AERGO/USDT:USDT,0.13303,229.0,0.13302,152.0,0.13319,75.0,0.13321,89.0
1753592478034,05:01:18.034,gateio,AERGO/USDT:USDT,0.13303,229.0,0.13302,152.0,0.13321,89.0,0.13322,175.0
1753592478211,05:01:18.211,gateio,AERGO/USDT:USDT,0.13303,229.0,0.13302,152.0,0.13319,75.0,0.13321,89.0
1753592478297,05:01:18.297,gateio,AERGO/USDT:USDT,0.13303,229.0,0.13302,152.0,0.13319,75.0,0.13321,89.0
1753592479010,05:01:19.010,gateio,AERGO/USDT:USDT,0.13303,229.0,0.13302,152.0,0.13319,75.0,0.13321,89.0
1753592479390,05:01:19.390,gateio,AERGO/USDT:USDT,0.13303,229.0,0.13302,152.0,0.13319,75.0,0.13321,89.0
1753592479780,05:01:19.780,gateio,AERGO/USDT:USDT,0.13303,229.0,0.13302,152.0,0.13319,75.0,0.13321,89.0
1753592479838,05:01:19.838,gateio,AERGO/USDT:USDT,0.13302,152.0,0.133,347.0,0.13319,75.0,0.13321,89.0
1753592480202,05:01:20.202,gateio,AERGO/USDT:USDT,0.13302,152.0,0.133,347.0,0.13319,75.0,0.13321,89.0
1753592480719,05:01:20.719,gateio,AERGO/USDT:USDT,0.13302,152.0,0.133,347.0,0.13319,75.0,0.13321,89.0
1753592481132,05:01:21.132,gateio,AERGO/USDT:USDT,0.13302,152.0,0.133,347.0,0.13319,75.0,0.13321,89.0
1753592482125,05:01:22.125,gateio,AERGO/USDT:USDT,0.13304,50.0,0.13303,728.0,0.13321,14.0,0.13322,167.0
1753592482172,05:01:22.172,gateio,AERGO/USDT:USDT,0.13304,50.0,0.13303,381.0,0.13321,14.0,0.13322,167.0
1753592482304,05:01:22.304,gateio,AERGO/USDT:USDT,0.13304,50.0,0.13303,381.0,0.13321,14.0,0.13322,167.0
1753592482356,05:01:22.356,gateio,AERGO/USDT:USDT,0.13304,50.0,0.13303,381.0,0.13321,14.0,0.13322,167.0
1753592483003,05:01:23.003,gateio,AERGO/USDT:USDT,0.13304,50.0,0.13303,381.0,0.13321,14.0,0.13322,167.0
1753592483422,05:01:23.422,gateio,AERGO/USDT:USDT,0.13304,50.0,0.13303,381.0,0.13321,14.0,0.13322,167.0
1753592484447,05:01:24.447,gateio,AERGO/USDT:USDT,0.13304,397.0,0.13303,381.0,0.13321,14.0,0.13322,167.0
1753592484676,05:01:24.676,gateio,AERGO/USDT:USDT,0.13305,347.0,0.13304,50.0,0.13321,14.0,0.13322,167.0
1753592484784,05:01:24.784,gateio,AERGO/USDT:USDT,0.13305,347.0,0.13304,50.0,0.13321,14.0,0.13322,167.0
1753592484840,05:01:24.840,gateio,AERGO/USDT:USDT,0.13305,347.0,0.13304,50.0,0.13321,14.0,0.13322,167.0
1753592485203,05:01:25.203,gateio,AERGO/USDT:USDT,0.13305,347.0,0.13304,50.0,0.13321,14.0,0.13322,167.0
1753592485628,05:01:25.628,gateio,AERGO/USDT:USDT,0.13305,347.0,0.13304,50.0,0.13321,14.0,0.13322,167.0
1753592485991,05:01:25.991,gateio,AERGO/USDT:USDT,0.13304,50.0,0.13303,381.0,0.13321,14.0,0.13322,167.0
1753592486055,05:01:26.055,gateio,AERGO/USDT:USDT,0.13304,50.0,0.13303,381.0,0.13321,14.0,0.13322,167.0
1753592486476,05:01:26.476,gateio,AERGO/USDT:USDT,0.13304,50.0,0.13303,381.0,0.13321,14.0,0.13322,167.0
1753592487010,05:01:27.010,gateio,AERGO/USDT:USDT,0.13304,50.0,0.13303,381.0,0.13321,14.0,0.13322,167.0
1753592487439,05:01:27.439,gateio,AERGO/USDT:USDT,0.13304,50.0,0.13303,381.0,0.13321,14.0,0.13322,167.0
1753592488309,05:01:28.309,gateio,AERGO/USDT:USDT,0.13304,50.0,0.13303,381.0,0.13321,14.0,0.13322,15.0
1753592488335,05:01:28.335,gateio,AERGO/USDT:USDT,0.13304,50.0,0.13303,381.0,0.13322,15.0,0.13323,14.0
1753592488814,05:01:28.814,gateio,AERGO/USDT:USDT,0.13304,50.0,0.13303,381.0,0.13322,15.0,0.13323,14.0
1753592488834,05:01:28.834,gateio,AERGO/USDT:USDT,0.13304,50.0,0.13303,381.0,0.13321,152.0,0.13322,15.0
1753592488952,05:01:28.952,gateio,AERGO/USDT:USDT,0.13304,50.0,0.13303,381.0,0.1332,14.0,0.13322,15.0
1753592489082,05:01:29.082,gateio,AERGO/USDT:USDT,0.13304,50.0,0.13303,381.0,0.13322,15.0,0.13323,64.0
1753592489251,05:01:29.251,gateio,AERGO/USDT:USDT,0.13304,50.0,0.13303,381.0,0.13322,167.0,0.13323,64.0
1753592489339,05:01:29.339,gateio,AERGO/USDT:USDT,0.13304,50.0,0.13303,381.0,0.13321,14.0,0.13322,167.0
1753592494691,05:01:34.691,gateio,AERGO/USDT:USDT,0.13305,347.0,0.13304,50.0,0.13321,14.0,0.13322,167.0
1753592494756,05:01:34.756,gateio,AERGO/USDT:USDT,0.13305,347.0,0.13304,50.0,0.13321,14.0,0.13322,167.0
1753592494933,05:01:34.933,gateio,AERGO/USDT:USDT,0.13305,347.0,0.13304,50.0,0.13321,14.0,0.13322,167.0
1753592495137,05:01:35.137,gateio,AERGO/USDT:USDT,0.13305,347.0,0.13304,50.0,0.13321,14.0,0.13322,167.0
1753592498904,05:01:38.904,gateio,AERGO/USDT:USDT,0.13305,347.0,0.13304,50.0,0.13321,14.0,0.13322,167.0
1753592499352,05:01:39.352,gateio,AERGO/USDT:USDT,0.13305,347.0,0.13304,50.0,0.13321,14.0,0.13322,167.0
1753592500476,05:01:40.476,gateio,AERGO/USDT:USDT,0.13306,347.0,0.13304,50.0,0.13321,14.0,0.13322,167.0
1753592500599,05:01:40.599,gateio,AERGO/USDT:USDT,0.13306,347.0,0.13304,50.0,0.13321,14.0,0.13322,167.0
1753592500644,05:01:40.644,gateio,AERGO/USDT:USDT,0.13306,347.0,0.13304,50.0,0.13321,14.0,0.13322,167.0
1753592500870,05:01:40.870,gateio,AERGO/USDT:USDT,0.13307,355.0,0.13306,8.0,0.13321,14.0,0.13322,167.0
1753592501025,05:01:41.025,gateio,AERGO/USDT:USDT,0.13308,347.0,0.13307,8.0,0.13321,22.0,0.13322,167.0
1753592501032,05:01:41.032,gateio,AERGO/USDT:USDT,0.13308,355.0,0.13307,8.0,0.13321,30.0,0.13322,167.0
1753592501848,05:01:41.848,gateio,AERGO/USDT:USDT,0.13308,355.0,0.13307,8.0,0.13321,30.0,0.13322,167.0
1753592502268,05:01:42.268,gateio,AERGO/USDT:USDT,0.13308,355.0,0.13307,8.0,0.13321,30.0,0.13322,167.0
1753592506270,05:01:46.270,gateio,AERGO/USDT:USDT,0.13308,8.0,0.13307,355.0,0.13321,30.0,0.13322,167.0
1753592508100,05:01:48.100,gateio,AERGO/USDT:USDT,0.13308,8.0,0.13307,355.0,0.13321,30.0,0.13322,167.0
1753592508168,05:01:48.168,gateio,AERGO/USDT:USDT,0.13308,8.0,0.13307,355.0,0.13321,30.0,0.13322,167.0
1753592509023,05:01:49.023,gateio,AERGO/USDT:USDT,0.13308,8.0,0.13307,355.0,0.13321,30.0,0.13322,167.0
1753592510160,05:01:50.160,gateio,AERGO/USDT:USDT,0.13308,8.0,0.13307,355.0,0.13321,30.0,0.13322,167.0
1753592510501,05:01:50.501,gateio,AERGO/USDT:USDT,0.13308,8.0,0.13307,355.0,0.13321,30.0,0.13322,167.0
1753592510869,05:01:50.869,gateio,AERGO/USDT:USDT,0.13308,8.0,0.13307,355.0,0.13321,30.0,0.13322,167.0
1753592512060,05:01:52.060,gateio,AERGO/USDT:USDT,0.13308,355.0,0.13307,8.0,0.13321,30.0,0.13322,167.0
1753592514437,05:01:54.437,gateio,AERGO/USDT:USDT,0.13308,355.0,0.13307,8.0,0.13321,30.0,0.13322,15.0
1753592514540,05:01:54.540,gateio,AERGO/USDT:USDT,0.13308,8.0,0.13307,355.0,0.13321,16.0,0.13322,15.0
1753592517916,05:01:57.916,gateio,AERGO/USDT:USDT,0.13304,50.0,0.13299,75.0,0.13318,75.0,0.1332,152.0
1753592518018,05:01:58.018,gateio,AERGO/USDT:USDT,0.13304,50.0,0.13299,75.0,0.13318,75.0,0.13319,14.0
1753592518121,05:01:58.121,gateio,AERGO/USDT:USDT,0.13304,50.0,0.13299,75.0,0.13318,75.0,0.13319,14.0
1753592518251,05:01:58.251,gateio,AERGO/USDT:USDT,0.13304,50.0,0.13299,75.0,0.13318,75.0,0.13319,14.0
1753592518403,05:01:58.403,gateio,AERGO/USDT:USDT,0.13304,50.0,0.13299,75.0,0.13318,75.0,0.13319,14.0
1753592518581,05:01:58.581,gateio,AERGO/USDT:USDT,0.13304,50.0,0.13299,75.0,0.13318,75.0,0.1332,14.0
1753592518822,05:01:58.822,gateio,AERGO/USDT:USDT,0.13304,50.0,0.13299,75.0,0.13318,75.0,0.1332,14.0
1753592519652,05:01:59.652,gateio,AERGO/USDT:USDT,0.13304,50.0,0.13299,75.0,0.13318,75.0,0.1332,14.0
1753592522116,05:02:02.116,gateio,AERGO/USDT:USDT,0.13304,50.0,0.13299,75.0,0.13318,75.0,0.1332,14.0
1753592522228,05:02:02.228,gateio,AERGO/USDT:USDT,0.13304,50.0,0.13299,75.0,0.13316,168.0,0.13318,75.0
1753592522298,05:02:02.298,gateio,AERGO/USDT:USDT,0.13304,50.0,0.13296,152.0,0.13315,14.0,0.13316,168.0
1753592522412,05:02:02.412,gateio,AERGO/USDT:USDT,0.13296,152.0,0.13294,229.0,0.13315,243.0,0.13316,168.0
1753592522481,05:02:02.481,gateio,AERGO/USDT:USDT,0.13296,152.0,0.13294,229.0,0.13315,243.0,0.13316,168.0
1753592522618,05:02:02.618,gateio,AERGO/USDT:USDT,0.13296,152.0,0.13294,229.0,0.13315,243.0,0.13316,168.0
1753592522646,05:02:02.646,gateio,AERGO/USDT:USDT,0.13296,152.0,0.13294,229.0,0.13315,318.0,0.13316,168.0
1753592522766,05:02:02.766,gateio,AERGO/USDT:USDT,0.13296,152.0,0.13294,229.0,0.13315,318.0,0.13316,168.0
1753592522925,05:02:02.925,gateio,AERGO/USDT:USDT,0.13296,152.0,0.13294,229.0,0.13315,318.0,0.13316,168.0
1753592522932,05:02:02.932,gateio,AERGO/USDT:USDT,0.13296,152.0,0.13294,229.0,0.13315,318.0,0.13316,168.0
1753592523032,05:02:03.032,gateio,AERGO/USDT:USDT,0.13296,152.0,0.13294,229.0,0.13315,318.0,0.13316,168.0
1753592523473,05:02:03.473,gateio,AERGO/USDT:USDT,0.13296,152.0,0.13294,229.0,0.13315,318.0,0.13316,168.0
1753592523617,05:02:03.617,gateio,AERGO/USDT:USDT,0.13296,152.0,0.13294,229.0,0.13315,318.0,0.13316,168.0
1753592523685,05:02:03.685,gateio,AERGO/USDT:USDT,0.13296,152.0,0.13294,229.0,0.13315,318.0,0.13316,403.0
1753592523758,05:02:03.758,gateio,AERGO/USDT:USDT,0.13296,152.0,0.13294,229.0,0.13315,318.0,0.13316,403.0
1753592524003,05:02:04.003,gateio,AERGO/USDT:USDT,0.13296,152.0,0.13294,229.0,0.13315,318.0,0.13316,403.0
1753592524035,05:02:04.035,gateio,AERGO/USDT:USDT,0.13296,152.0,0.13294,229.0,0.13315,318.0,0.13316,403.0
1753592524195,05:02:04.195,gateio,AERGO/USDT:USDT,0.13296,152.0,0.13294,229.0,0.13314,50.0,0.13315,318.0
1753592524598,05:02:04.598,gateio,AERGO/USDT:USDT,0.13296,152.0,0.13294,229.0,0.13314,50.0,0.13315,318.0
1753592525673,05:02:05.673,gateio,AERGO/USDT:USDT,0.13296,152.0,0.13295,347.0,0.13314,50.0,0.13315,318.0
1753592525827,05:02:05.827,gateio,AERGO/USDT:USDT,0.13296,152.0,0.13295,347.0,0.13314,125.0,0.13315,243.0
1753592526235,05:02:06.235,gateio,AERGO/USDT:USDT,0.13296,152.0,0.13295,347.0,0.13314,125.0,0.13315,243.0
1753592526595,05:02:06.595,gateio,AERGO/USDT:USDT,0.13296,152.0,0.13295,347.0,0.13314,125.0,0.13315,243.0
1753592527003,05:02:07.003,gateio,AERGO/USDT:USDT,0.13296,152.0,0.13295,347.0,0.13314,125.0,0.13315,243.0
1753592527031,05:02:07.031,gateio,AERGO/USDT:USDT,0.13296,152.0,0.13295,347.0,0.13314,125.0,0.13315,243.0
1753592529437,05:02:09.437,gateio,AERGO/USDT:USDT,0.13296,152.0,0.13295,347.0,0.13314,125.0,0.13315,243.0
1753592531094,05:02:11.094,gateio,AERGO/USDT:USDT,0.13296,152.0,0.13295,347.0,0.13314,125.0,0.13315,243.0
1753592532689,05:02:12.689,gateio,AERGO/USDT:USDT,0.13296,152.0,0.13295,347.0,0.13314,125.0,0.13315,243.0
1753592534003,05:02:14.003,gateio,AERGO/USDT:USDT,0.13296,152.0,0.13295,347.0,0.13314,125.0,0.13315,243.0
1753592538126,05:02:18.126,gateio,AERGO/USDT:USDT,0.13296,499.0,0.13294,229.0,0.13314,125.0,0.13315,243.0
1753592538132,05:02:18.132,gateio,AERGO/USDT:USDT,0.13296,499.0,0.13294,229.0,0.13314,125.0,0.13315,243.0
1753592538298,05:02:18.298,gateio,AERGO/USDT:USDT,0.13296,499.0,0.13294,229.0,0.13314,125.0,0.13315,243.0
1753592541952,05:02:21.952,gateio,AERGO/USDT:USDT,0.13296,499.0,0.13294,229.0,0.13314,125.0,0.13315,243.0
1753592542314,05:02:22.314,gateio,AERGO/USDT:USDT,0.13296,499.0,0.13294,229.0,0.13314,125.0,0.13315,243.0
1753592543917,05:02:23.917,gateio,AERGO/USDT:USDT,0.13296,152.0,0.13295,347.0,0.13314,125.0,0.13315,243.0
1753592544603,05:02:24.603,gateio,AERGO/USDT:USDT,0.13296,152.0,0.13295,347.0,0.13314,125.0,0.13315,243.0
1753592549725,05:02:29.725,gateio,AERGO/USDT:USDT,0.13296,499.0,0.13294,229.0,0.13314,125.0,0.13315,243.0
1753592552402,05:02:32.402,gateio,AERGO/USDT:USDT,0.13296,499.0,0.13294,229.0,0.13314,125.0,0.13315,243.0
1753592555109,05:02:35.109,gateio,AERGO/USDT:USDT,0.13296,499.0,0.13294,229.0,0.13314,125.0,0.13315,243.0
1753592555501,05:02:35.501,gateio,AERGO/USDT:USDT,0.13296,152.0,0.13295,347.0,0.13314,125.0,0.13315,243.0
1753592557207,05:02:37.207,gateio,AERGO/USDT:USDT,0.13296,152.0,0.13295,347.0,0.13314,125.0,0.13315,243.0
1753592557583,05:02:37.583,gateio,AERGO/USDT:USDT,0.13295,347.0,0.13294,229.0,0.13314,125.0,0.13315,243.0
1753592557675,05:02:37.675,gateio,AERGO/USDT:USDT,0.13295,347.0,0.13294,229.0,0.13314,125.0,0.13315,243.0
1753592558064,05:02:38.064,gateio,AERGO/USDT:USDT,0.13295,347.0,0.13294,229.0,0.13314,125.0,0.13315,243.0
1753592561293,05:02:41.293,gateio,AERGO/USDT:USDT,0.13295,347.0,0.13294,229.0,0.13314,125.0,0.13315,243.0
1753592565433,05:02:45.433,gateio,AERGO/USDT:USDT,0.13296,152.0,0.13295,347.0,0.13314,125.0,0.13315,243.0
1753592572879,05:02:52.879,gateio,AERGO/USDT:USDT,0.13296,152.0,0.13294,229.0,0.13314,125.0,0.13315,243.0
1753592573433,05:02:53.433,gateio,AERGO/USDT:USDT,0.13296,152.0,0.13294,229.0,0.13314,125.0,0.13315,243.0
1753592573796,05:02:53.796,gateio,AERGO/USDT:USDT,0.13296,152.0,0.13294,229.0,0.13314,125.0,0.13315,243.0
1753592576317,05:02:56.317,gateio,AERGO/USDT:USDT,0.13294,229.0,0.13292,347.0,0.13314,125.0,0.13315,243.0
1753592576388,05:02:56.388,gateio,AERGO/USDT:USDT,0.13294,229.0,0.13292,347.0,0.13314,125.0,0.13315,243.0
1753592576522,05:02:56.522,gateio,AERGO/USDT:USDT,0.13294,229.0,0.13292,347.0,0.13314,125.0,0.13315,243.0
1753592576579,05:02:56.579,gateio,AERGO/USDT:USDT,0.13294,229.0,0.13292,347.0,0.13314,125.0,0.13315,243.0
1753592577090,05:02:57.090,gateio,AERGO/USDT:USDT,0.13294,229.0,0.13292,347.0,0.13314,125.0,0.13315,243.0
1753592577226,05:02:57.226,gateio,AERGO/USDT:USDT,0.13294,229.0,0.13291,75.0,0.13314,125.0,0.13315,243.0
1753592577321,05:02:57.321,gateio,AERGO/USDT:USDT,0.13294,229.0,0.13291,422.0,0.1331,75.0,0.13314,125.0
1753592577386,05:02:57.386,gateio,AERGO/USDT:USDT,0.13294,241.0,0.13291,422.0,0.1331,75.0,0.13313,14.0
1753592577742,05:02:57.742,gateio,AERGO/USDT:USDT,0.13294,241.0,0.13291,422.0,0.1331,75.0,0.13313,14.0
1753592578212,05:02:58.212,gateio,AERGO/USDT:USDT,0.13294,241.0,0.13291,75.0,0.1331,75.0,0.13313,14.0
1753592578232,05:02:58.232,gateio,AERGO/USDT:USDT,0.13294,241.0,0.13291,75.0,0.1331,75.0,0.13313,14.0
1753592578369,05:02:58.369,gateio,AERGO/USDT:USDT,0.13294,229.0,0.13291,75.0,0.1331,75.0,0.13313,14.0
1753592578578,05:02:58.578,gateio,AERGO/USDT:USDT,0.13294,229.0,0.13291,75.0,0.1331,75.0,0.13313,14.0
1753592579003,05:02:59.003,gateio,AERGO/USDT:USDT,0.13294,229.0,0.13291,75.0,0.1331,75.0,0.13313,14.0
1753592581829,05:03:01.829,gateio,AERGO/USDT:USDT,0.13296,152.0,0.13294,229.0,0.13313,14.0,0.13314,125.0
1753592581923,05:03:01.923,gateio,AERGO/USDT:USDT,0.13302,16.0,0.13301,16.0,0.13314,50.0,0.13315,14.0
1753592582018,05:03:02.018,gateio,AERGO/USDT:USDT,0.13302,28.0,0.13301,16.0,0.13314,50.0,0.13315,14.0
1753592582042,05:03:02.042,gateio,AERGO/USDT:USDT,0.13302,28.0,0.13301,16.0,0.13314,50.0,0.13318,323.0
1753592582329,05:03:02.329,gateio,AERGO/USDT:USDT,0.13303,152.0,0.13302,28.0,0.13314,50.0,0.13318,323.0
1753592582352,05:03:02.352,gateio,AERGO/USDT:USDT,0.13303,152.0,0.13302,28.0,0.13314,50.0,0.13318,323.0
1753592582668,05:03:02.668,gateio,AERGO/USDT:USDT,0.13303,152.0,0.13302,28.0,0.13314,50.0,0.13318,323.0
1753592582956,05:03:02.956,gateio,AERGO/USDT:USDT,0.13303,152.0,0.13302,16.0,0.13314,50.0,0.13318,323.0
1753592583090,05:03:03.090,gateio,AERGO/USDT:USDT,0.13303,152.0,0.13302,16.0,0.13314,50.0,0.13318,323.0
1753592583312,05:03:03.312,gateio,AERGO/USDT:USDT,0.13303,152.0,0.13302,16.0,0.13314,50.0,0.13318,323.0
1753592583508,05:03:03.508,gateio,AERGO/USDT:USDT,0.13303,152.0,0.13302,16.0,0.13314,50.0,0.13318,323.0
1753592584311,05:03:04.311,gateio,AERGO/USDT:USDT,0.13303,152.0,0.13302,16.0,0.13314,50.0,0.13318,323.0
1753592585868,05:03:05.868,gateio,AERGO/USDT:USDT,0.13303,152.0,0.13302,16.0,0.13314,50.0,0.13318,323.0
1753592589170,05:03:09.170,gateio,AERGO/USDT:USDT,0.13303,152.0,0.13302,16.0,0.13314,50.0,0.13318,323.0
1753592589546,05:03:09.546,gateio,AERGO/USDT:USDT,0.13303,152.0,0.13302,16.0,0.13314,50.0,0.13318,323.0
1753592589811,05:03:09.811,gateio,AERGO/USDT:USDT,0.13296,152.0,0.13294,229.0,0.13314,66.0,0.13318,323.0
1753592589842,05:03:09.842,gateio,AERGO/USDT:USDT,0.13296,164.0,0.13294,229.0,0.13314,66.0,0.13318,323.0
1753592590005,05:03:10.005,gateio,AERGO/USDT:USDT,0.13296,164.0,0.13294,229.0,0.13314,66.0,0.13317,75.0
1753592590089,05:03:10.089,gateio,AERGO/USDT:USDT,0.13296,164.0,0.13294,229.0,0.13314,66.0,0.13316,229.0
1753592590209,05:03:10.209,gateio,AERGO/USDT:USDT,0.13296,164.0,0.13294,229.0,0.13314,66.0,0.13315,14.0
1753592590366,05:03:10.366,gateio,AERGO/USDT:USDT,0.13296,164.0,0.13294,229.0,0.13314,66.0,0.13315,14.0
1753592590788,05:03:10.788,gateio,AERGO/USDT:USDT,0.13296,164.0,0.13294,229.0,0.13314,66.0,0.13315,14.0
1753592590878,05:03:10.878,gateio,AERGO/USDT:USDT,0.13296,152.0,0.13294,229.0,0.13314,66.0,0.13315,14.0
1753592591312,05:03:11.312,gateio,AERGO/USDT:USDT,0.13296,152.0,0.13294,229.0,0.13314,66.0,0.13315,14.0
1753592591371,05:03:11.371,gateio,AERGO/USDT:USDT,0.13296,152.0,0.13294,229.0,0.13314,66.0,0.13315,14.0
1753592591469,05:03:11.469,gateio,AERGO/USDT:USDT,0.13296,152.0,0.13294,229.0,0.13314,141.0,0.13315,14.0
1753592592008,05:03:12.008,gateio,AERGO/USDT:USDT,0.13296,152.0,0.13294,229.0,0.13314,66.0,0.13315,89.0
1753592593572,05:03:13.572,gateio,AERGO/USDT:USDT,0.13296,152.0,0.13294,229.0,0.13314,66.0,0.13315,89.0
1753592595141,05:03:15.141,gateio,AERGO/USDT:USDT,0.13296,152.0,0.13294,229.0,0.13314,66.0,0.13315,14.0
1753592596716,05:03:16.716,gateio,AERGO/USDT:USDT,0.13296,152.0,0.13294,229.0,0.13314,66.0,0.13315,14.0
