timestamp,time,exchange,symbol,bid1_price,bid1_volume,bid2_price,bid2_volume,ask1_price,ask1_volume,ask2_price,ask2_volume
1753591889777,04:51:29.777,huobi,1INCH/USDT:USDT,0.2845,462.0,0.2844,343.0,0.2847,351.0,0.2848,3425.0
1753591889949,04:51:29.949,huobi,1INCH/USDT:USDT,0.2845,462.0,0.2844,343.0,0.2847,351.0,0.2848,3425.0
1753591890099,04:51:30.099,huobi,1INCH/USDT:USDT,0.2845,462.0,0.2844,343.0,0.2847,351.0,0.2848,3425.0
1753591890254,04:51:30.254,huobi,1INCH/USDT:USDT,0.2845,462.0,0.2844,343.0,0.2847,351.0,0.2848,3425.0
1753591890408,04:51:30.408,huobi,1INCH/USDT:USDT,0.2845,462.0,0.2844,343.0,0.2847,351.0,0.2848,3425.0
1753591890579,04:51:30.579,huobi,1INCH/USDT:USDT,0.2845,462.0,0.2844,343.0,0.2847,351.0,0.2848,3425.0
1753591890731,04:51:30.731,huobi,1INCH/USDT:USDT,0.2845,462.0,0.2844,343.0,0.2847,351.0,0.2848,3425.0
1753591890882,04:51:30.882,huobi,1INCH/USDT:USDT,0.2845,462.0,0.2844,343.0,0.2847,351.0,0.2848,3425.0
1753591891037,04:51:31.037,huobi,1INCH/USDT:USDT,0.2845,462.0,0.2844,343.0,0.2847,351.0,0.2848,3425.0
1753591891188,04:51:31.188,huobi,1INCH/USDT:USDT,0.2845,462.0,0.2844,343.0,0.2847,351.0,0.2848,3425.0
1753591891342,04:51:31.342,huobi,1INCH/USDT:USDT,0.2845,462.0,0.2844,343.0,0.2847,351.0,0.2848,3425.0
1753591891496,04:51:31.496,huobi,1INCH/USDT:USDT,0.2846,357.0,0.2845,105.0,0.2847,351.0,0.2848,3425.0
1753591891523,04:51:31.523,huobi,1INCH/USDT:USDT,0.2846,357.0,0.2844,343.0,0.2847,351.0,0.2848,3425.0
1753591891596,04:51:31.596,huobi,1INCH/USDT:USDT,0.2846,462.0,0.2844,343.0,0.2847,351.0,0.2848,3425.0
1753591894871,04:51:34.871,huobi,1INCH/USDT:USDT,0.2846,462.0,0.2844,343.0,0.2847,351.0,0.2848,3425.0
1753591894921,04:51:34.921,huobi,1INCH/USDT:USDT,0.2846,462.0,0.2844,343.0,0.2847,351.0,0.2848,3425.0
1753591894933,04:51:34.933,huobi,1INCH/USDT:USDT,0.2846,462.0,0.2844,343.0,0.2847,351.0,0.2848,3425.0
1753591896202,04:51:36.202,huobi,1INCH/USDT:USDT,0.2846,105.0,0.2844,343.0,0.2847,351.0,0.2848,3425.0
1753591896222,04:51:36.222,huobi,1INCH/USDT:USDT,0.2844,343.0,0.2843,3424.0,0.2847,351.0,0.2848,3425.0
1753591896282,04:51:36.282,huobi,1INCH/USDT:USDT,0.2845,462.0,0.2844,343.0,0.2847,351.0,0.2848,3425.0
1753591896909,04:51:36.909,huobi,1INCH/USDT:USDT,0.2845,105.0,0.2844,343.0,0.2847,351.0,0.2848,3425.0
1753591897058,04:51:37.058,huobi,1INCH/USDT:USDT,0.2845,462.0,0.2844,343.0,0.2847,351.0,0.2848,3425.0
1753591897221,04:51:37.221,huobi,1INCH/USDT:USDT,0.2845,462.0,0.2844,343.0,0.2847,351.0,0.2848,3425.0
1753591897366,04:51:37.366,huobi,1INCH/USDT:USDT,0.2845,462.0,0.2844,343.0,0.2847,351.0,0.2848,3425.0
1753591897519,04:51:37.519,huobi,1INCH/USDT:USDT,0.2845,462.0,0.2844,343.0,0.2847,351.0,0.2848,3425.0
1753591897671,04:51:37.671,huobi,1INCH/USDT:USDT,0.2845,462.0,0.2844,343.0,0.2847,351.0,0.2848,3425.0
1753591897827,04:51:37.827,huobi,1INCH/USDT:USDT,0.2845,462.0,0.2844,343.0,0.2847,351.0,0.2848,3425.0
1753591897987,04:51:37.987,huobi,1INCH/USDT:USDT,0.2845,462.0,0.2844,343.0,0.2847,351.0,0.2848,3425.0
1753591898142,04:51:38.142,huobi,1INCH/USDT:USDT,0.2845,462.0,0.2844,343.0,0.2847,351.0,0.2848,3425.0
1753591898291,04:51:38.291,huobi,1INCH/USDT:USDT,0.2845,462.0,0.2844,343.0,0.2847,351.0,0.2848,3425.0
1753591898453,04:51:38.453,huobi,1INCH/USDT:USDT,0.2845,462.0,0.2844,343.0,0.2847,351.0,0.2848,3425.0
1753591898612,04:51:38.612,huobi,1INCH/USDT:USDT,0.2845,455.0,0.2844,343.0,0.2847,351.0,0.2848,3425.0
1753591898618,04:51:38.618,huobi,1INCH/USDT:USDT,0.2845,105.0,0.2844,343.0,0.2847,351.0,0.2848,3425.0
1753591898777,04:51:38.777,huobi,1INCH/USDT:USDT,0.2845,455.0,0.2844,343.0,0.2847,351.0,0.2848,3425.0
1753591898917,04:51:38.917,huobi,1INCH/USDT:USDT,0.2845,455.0,0.2844,343.0,0.2847,351.0,0.2848,3425.0
1753591899104,04:51:39.104,huobi,1INCH/USDT:USDT,0.2845,455.0,0.2844,343.0,0.2847,351.0,0.2848,3425.0
1753591899397,04:51:39.397,huobi,1INCH/USDT:USDT,0.2845,455.0,0.2844,343.0,0.2847,351.0,0.2848,3425.0
1753591899552,04:51:39.552,huobi,1INCH/USDT:USDT,0.2846,350.0,0.2845,105.0,0.2847,351.0,0.2848,3425.0
1753591899580,04:51:39.580,huobi,1INCH/USDT:USDT,0.2846,350.0,0.2844,343.0,0.2847,351.0,0.2848,3425.0
1753591899619,04:51:39.619,huobi,1INCH/USDT:USDT,0.2846,455.0,0.2844,343.0,0.2847,351.0,0.2848,3425.0
1753591899866,04:51:39.866,huobi,1INCH/USDT:USDT,0.2846,455.0,0.2844,343.0,0.2848,3425.0,0.2849,3425.0
1753591899974,04:51:39.974,huobi,1INCH/USDT:USDT,0.2846,455.0,0.2844,3421.0,0.2848,3425.0,0.2849,3425.0
1753591900021,04:51:40.021,huobi,1INCH/USDT:USDT,0.2846,455.0,0.2844,3421.0,0.2847,350.0,0.2848,3425.0
1753591900041,04:51:40.041,huobi,1INCH/USDT:USDT,0.2846,455.0,0.2844,3421.0,0.2847,350.0,0.2848,3425.0
1753591900582,04:51:40.582,huobi,1INCH/USDT:USDT,0.2846,455.0,0.2844,3421.0,0.2848,3425.0,0.2849,3425.0
1753591900800,04:51:40.800,huobi,1INCH/USDT:USDT,0.2846,455.0,0.2844,3421.0,0.2847,350.0,0.2848,3425.0
1753591900807,04:51:40.807,huobi,1INCH/USDT:USDT,0.2846,455.0,0.2844,3421.0,0.2847,350.0,0.2848,3425.0
1753591901202,04:51:41.202,huobi,1INCH/USDT:USDT,0.2846,455.0,0.2844,3421.0,0.2847,350.0,0.2848,3425.0
1753591901234,04:51:41.234,huobi,1INCH/USDT:USDT,0.2846,455.0,0.2844,3421.0,0.2848,3425.0,0.2849,3425.0
1753591901276,04:51:41.276,huobi,1INCH/USDT:USDT,0.2847,350.0,0.2846,455.0,0.2848,3425.0,0.2849,3425.0
1753591901304,04:51:41.304,huobi,1INCH/USDT:USDT,0.2847,350.0,0.2846,350.0,0.2848,3425.0,0.2849,3425.0
1753591901339,04:51:41.339,huobi,1INCH/USDT:USDT,0.2847,455.0,0.2846,350.0,0.2848,3425.0,0.2849,3425.0
1753591901454,04:51:41.454,huobi,1INCH/USDT:USDT,0.2847,455.0,0.2846,350.0,0.2848,3425.0,0.2849,3425.0
1753591901492,04:51:41.492,huobi,1INCH/USDT:USDT,0.2847,455.0,0.2846,350.0,0.2848,3425.0,0.2849,3425.0
1753591906150,04:51:46.150,huobi,1INCH/USDT:USDT,0.2847,455.0,0.2846,350.0,0.2848,3425.0,0.2849,3425.0
1753591908264,04:51:48.264,huobi,1INCH/USDT:USDT,0.2847,455.0,0.2846,350.0,0.2848,3425.0,0.2849,3425.0
1753591911699,04:51:51.699,huobi,1INCH/USDT:USDT,0.2847,105.0,0.2846,350.0,0.2848,3425.0,0.2849,3425.0
1753591912017,04:51:52.017,huobi,1INCH/USDT:USDT,0.2847,464.0,0.2846,350.0,0.2848,3425.0,0.2849,3425.0
1753591912026,04:51:52.026,huobi,1INCH/USDT:USDT,0.2847,105.0,0.2846,350.0,0.2848,3425.0,0.2849,3425.0
1753591912172,04:51:52.172,huobi,1INCH/USDT:USDT,0.2847,464.0,0.2846,350.0,0.2848,3425.0,0.2849,3425.0
1753591912180,04:51:52.180,huobi,1INCH/USDT:USDT,0.2847,105.0,0.2846,350.0,0.2848,3425.0,0.2849,3425.0
1753591912323,04:51:52.323,huobi,1INCH/USDT:USDT,0.2847,464.0,0.2846,350.0,0.2848,3425.0,0.2849,3425.0
1753591912331,04:51:52.331,huobi,1INCH/USDT:USDT,0.2847,105.0,0.2846,350.0,0.2848,3425.0,0.2849,3425.0
1753591912477,04:51:52.477,huobi,1INCH/USDT:USDT,0.2847,464.0,0.2846,350.0,0.2848,3425.0,0.2849,3425.0
1753591912664,04:51:52.664,huobi,1INCH/USDT:USDT,0.2847,464.0,0.2846,350.0,0.2848,3425.0,0.2849,3425.0
1753591912818,04:51:52.818,huobi,1INCH/USDT:USDT,0.2847,464.0,0.2846,350.0,0.2848,3425.0,0.2849,3425.0
1753591913012,04:51:53.012,huobi,1INCH/USDT:USDT,0.2847,464.0,0.2846,350.0,0.2848,3425.0,0.2849,3425.0
1753591913019,04:51:53.019,huobi,1INCH/USDT:USDT,0.2847,105.0,0.2846,350.0,0.2848,3425.0,0.2849,3425.0
1753591915222,04:51:55.222,huobi,1INCH/USDT:USDT,0.2847,464.0,0.2846,350.0,0.2848,3425.0,0.2849,3425.0
1753591916718,04:51:56.718,huobi,1INCH/USDT:USDT,0.2847,105.0,0.2846,350.0,0.2848,3425.0,0.2849,3425.0
1753591917114,04:51:57.114,huobi,1INCH/USDT:USDT,0.2847,105.0,0.2846,350.0,0.2848,3425.0,0.2849,3425.0
1753591919925,04:51:59.925,huobi,1INCH/USDT:USDT,0.2847,105.0,0.2846,350.0,0.2848,3425.0,0.2849,3425.0
1753591919981,04:51:59.981,huobi,1INCH/USDT:USDT,0.2847,105.0,0.2846,350.0,0.2848,3425.0,0.2849,3425.0
1753591920322,04:52:00.322,huobi,1INCH/USDT:USDT,0.2847,105.0,0.2846,350.0,0.2848,3425.0,0.2849,3425.0
1753591920523,04:52:00.523,huobi,1INCH/USDT:USDT,0.2847,105.0,0.2846,350.0,0.2848,3425.0,0.2849,3425.0
1753591920777,04:52:00.777,huobi,1INCH/USDT:USDT,0.2847,105.0,0.2844,343.0,0.2848,3425.0,0.2849,3425.0
1753591920819,04:52:00.819,huobi,1INCH/USDT:USDT,0.2844,343.0,0.2843,3424.0,0.2848,3425.0,0.2849,3425.0
1753591920883,04:52:00.883,huobi,1INCH/USDT:USDT,0.2845,105.0,0.2844,343.0,0.2847,348.0,0.2848,3425.0
1753591920915,04:52:00.915,huobi,1INCH/USDT:USDT,0.2846,348.0,0.2845,105.0,0.2847,348.0,0.2848,3425.0
1753591920968,04:52:00.968,huobi,1INCH/USDT:USDT,0.2846,453.0,0.2844,343.0,0.2847,348.0,0.2848,3425.0
1753591921131,04:52:01.131,huobi,1INCH/USDT:USDT,0.2846,453.0,0.2844,343.0,0.2847,348.0,0.2848,3425.0
1753591921495,04:52:01.495,huobi,1INCH/USDT:USDT,0.2846,453.0,0.2844,343.0,0.2848,3425.0,0.2849,6401.0
1753591921522,04:52:01.522,huobi,1INCH/USDT:USDT,0.2846,453.0,0.2844,343.0,0.2847,348.0,0.2848,3425.0
1753591921685,04:52:01.685,huobi,1INCH/USDT:USDT,0.2846,453.0,0.2844,343.0,0.2848,3425.0,0.2849,6401.0
1753591921740,04:52:01.740,huobi,1INCH/USDT:USDT,0.2846,453.0,0.2844,3421.0,0.2848,3425.0,0.2849,6401.0
1753591922234,04:52:02.234,huobi,1INCH/USDT:USDT,0.2846,453.0,0.2844,3421.0,0.2848,3425.0,0.2849,6401.0
1753591922412,04:52:02.412,huobi,1INCH/USDT:USDT,0.2846,453.0,0.2844,3421.0,0.2847,348.0,0.2848,3425.0
1753591922443,04:52:02.443,huobi,1INCH/USDT:USDT,0.2846,453.0,0.2844,343.0,0.2847,348.0,0.2848,3425.0
1753591922819,04:52:02.819,huobi,1INCH/USDT:USDT,0.2846,453.0,0.2844,3421.0,0.2847,348.0,0.2848,3425.0
1753591922873,04:52:02.873,huobi,1INCH/USDT:USDT,0.2846,453.0,0.2844,3421.0,0.2847,348.0,0.2848,3425.0
1753591924177,04:52:04.177,huobi,1INCH/USDT:USDT,0.2846,453.0,0.2844,3421.0,0.2848,3425.0,0.2849,6401.0
1753591924369,04:52:04.369,huobi,1INCH/USDT:USDT,0.2846,453.0,0.2844,3421.0,0.2847,348.0,0.2848,3425.0
1753591928576,04:52:08.576,huobi,1INCH/USDT:USDT,0.2846,453.0,0.2844,3421.0,0.2847,348.0,0.2848,3425.0
1753591928715,04:52:08.715,huobi,1INCH/USDT:USDT,0.2846,453.0,0.2844,3421.0,0.2847,348.0,0.2848,3425.0
1753591931209,04:52:11.209,huobi,1INCH/USDT:USDT,0.2846,453.0,0.2844,3421.0,0.2848,3425.0,0.2849,6401.0
1753591931645,04:52:11.645,huobi,1INCH/USDT:USDT,0.2846,453.0,0.2844,3421.0,0.2847,356.0,0.2848,3425.0
1753591932231,04:52:12.231,huobi,1INCH/USDT:USDT,0.2846,453.0,0.2844,3421.0,0.2847,356.0,0.2848,3425.0
1753591932264,04:52:12.264,huobi,1INCH/USDT:USDT,0.2846,453.0,0.2844,343.0,0.2847,356.0,0.2848,3425.0
1753591932363,04:52:12.363,huobi,1INCH/USDT:USDT,0.2846,453.0,0.2844,3421.0,0.2847,356.0,0.2848,3425.0
1753591932394,04:52:12.394,huobi,1INCH/USDT:USDT,0.2846,453.0,0.2844,343.0,0.2847,356.0,0.2848,3425.0
1753591932442,04:52:12.442,huobi,1INCH/USDT:USDT,0.2846,453.0,0.2844,343.0,0.2847,356.0,0.2848,3425.0
1753591932470,04:52:12.470,huobi,1INCH/USDT:USDT,0.2846,453.0,0.2844,343.0,0.2847,356.0,0.2848,3425.0
1753591932501,04:52:12.501,huobi,1INCH/USDT:USDT,0.2846,453.0,0.2844,3421.0,0.2847,356.0,0.2848,3425.0
1753591932601,04:52:12.601,huobi,1INCH/USDT:USDT,0.2846,453.0,0.2844,3421.0,0.2847,356.0,0.2848,3425.0
1753591932605,04:52:12.605,huobi,1INCH/USDT:USDT,0.2846,453.0,0.2844,3421.0,0.2847,356.0,0.2848,3425.0
1753591932637,04:52:12.637,huobi,1INCH/USDT:USDT,0.2846,453.0,0.2844,3421.0,0.2847,356.0,0.2848,3425.0
1753591932688,04:52:12.688,huobi,1INCH/USDT:USDT,0.2846,453.0,0.2844,3421.0,0.2847,356.0,0.2848,3425.0
1753591932701,04:52:12.701,huobi,1INCH/USDT:USDT,0.2846,453.0,0.2844,3421.0,0.2847,356.0,0.2848,3425.0
1753591932820,04:52:12.820,huobi,1INCH/USDT:USDT,0.2846,453.0,0.2844,3421.0,0.2847,356.0,0.2848,3425.0
1753591933423,04:52:13.423,huobi,1INCH/USDT:USDT,0.2846,453.0,0.2844,3421.0,0.2847,356.0,0.2848,3425.0
1753591934767,04:52:14.767,huobi,1INCH/USDT:USDT,0.2846,453.0,0.2844,3421.0,0.2847,356.0,0.2848,3425.0
1753591936134,04:52:16.134,huobi,1INCH/USDT:USDT,0.2846,453.0,0.2844,3421.0,0.2848,3425.0,0.2849,6401.0
1753591936717,04:52:16.717,huobi,1INCH/USDT:USDT,0.2846,453.0,0.2844,3421.0,0.2847,356.0,0.2848,3425.0
1753591937321,04:52:17.321,huobi,1INCH/USDT:USDT,0.2846,453.0,0.2844,3421.0,0.2847,356.0,0.2848,3425.0
1753591940933,04:52:20.933,huobi,1INCH/USDT:USDT,0.2846,453.0,0.2844,3421.0,0.2848,3425.0,0.2849,6401.0
1753591940969,04:52:20.969,huobi,1INCH/USDT:USDT,0.2847,357.0,0.2846,453.0,0.2848,3425.0,0.2849,6401.0
1753591940988,04:52:20.988,huobi,1INCH/USDT:USDT,0.2847,357.0,0.2846,348.0,0.2848,3425.0,0.2849,6401.0
1753591941032,04:52:21.032,huobi,1INCH/USDT:USDT,0.2847,462.0,0.2846,348.0,0.2848,3425.0,0.2849,6401.0
1753591941779,04:52:21.779,huobi,1INCH/USDT:USDT,0.2847,462.0,0.2846,348.0,0.2848,3425.0,0.2849,6401.0
1753591942168,04:52:22.168,huobi,1INCH/USDT:USDT,0.2847,462.0,0.2846,348.0,0.2848,3425.0,0.2849,6401.0
1753591944764,04:52:24.764,huobi,1INCH/USDT:USDT,0.2847,462.0,0.2846,348.0,0.2848,3425.0,0.2849,6401.0
1753591944809,04:52:24.809,huobi,1INCH/USDT:USDT,0.2847,462.0,0.2846,348.0,0.2849,3323.0,0.285,3432.0
1753591944815,04:52:24.815,huobi,1INCH/USDT:USDT,0.2848,357.0,0.2847,462.0,0.2849,347.0,0.285,3432.0
1753591944846,04:52:24.846,huobi,1INCH/USDT:USDT,0.2848,357.0,0.2847,357.0,0.2849,347.0,0.285,3432.0
1753591944872,04:52:24.872,huobi,1INCH/USDT:USDT,0.2848,462.0,0.2847,357.0,0.2849,347.0,0.285,3432.0
1753591944906,04:52:24.906,huobi,1INCH/USDT:USDT,0.2848,462.0,0.2847,357.0,0.2849,347.0,0.285,3432.0
1753591944941,04:52:24.941,huobi,1INCH/USDT:USDT,0.2848,462.0,0.2847,357.0,0.2849,347.0,0.285,3432.0
1753591944965,04:52:24.965,huobi,1INCH/USDT:USDT,0.2848,462.0,0.2847,357.0,0.2849,347.0,0.285,3432.0
1753591945026,04:52:25.026,huobi,1INCH/USDT:USDT,0.2848,462.0,0.2847,357.0,0.2849,347.0,0.285,3432.0
1753591946058,04:52:26.058,huobi,1INCH/USDT:USDT,0.2848,462.0,0.2847,357.0,0.2849,347.0,0.285,3432.0
1753591946086,04:52:26.086,huobi,1INCH/USDT:USDT,0.2848,462.0,0.2847,357.0,0.2849,347.0,0.285,3586.0
1753591946953,04:52:26.953,huobi,1INCH/USDT:USDT,0.2848,462.0,0.2846,348.0,0.2849,347.0,0.285,3586.0
1753591949158,04:52:29.158,huobi,1INCH/USDT:USDT,0.2848,462.0,0.2846,348.0,0.2849,347.0,0.285,3586.0
1753591949936,04:52:29.936,huobi,1INCH/USDT:USDT,0.2848,105.0,0.2846,348.0,0.2849,347.0,0.285,3586.0
1753591949958,04:52:29.958,huobi,1INCH/USDT:USDT,0.2846,348.0,0.2845,3589.0,0.2849,347.0,0.285,3586.0
1753591949983,04:52:29.983,huobi,1INCH/USDT:USDT,0.2846,348.0,0.2845,3435.0,0.2849,347.0,0.285,3586.0
1753591950006,04:52:30.006,huobi,1INCH/USDT:USDT,0.2847,105.0,0.2846,348.0,0.2849,347.0,0.285,3586.0
1753591950043,04:52:30.043,huobi,1INCH/USDT:USDT,0.2847,105.0,0.2846,348.0,0.2849,347.0,0.285,3586.0
1753591950182,04:52:30.182,huobi,1INCH/USDT:USDT,0.2847,460.0,0.2846,348.0,0.2849,347.0,0.285,3586.0
1753591950186,04:52:30.186,huobi,1INCH/USDT:USDT,0.2847,105.0,0.2846,348.0,0.2849,347.0,0.285,3586.0
1753591950334,04:52:30.334,huobi,1INCH/USDT:USDT,0.2847,460.0,0.2846,348.0,0.2849,347.0,0.285,3586.0
1753591950342,04:52:30.342,huobi,1INCH/USDT:USDT,0.2847,105.0,0.2846,348.0,0.2849,347.0,0.285,3586.0
1753591950488,04:52:30.488,huobi,1INCH/USDT:USDT,0.2847,460.0,0.2846,348.0,0.2849,347.0,0.285,3586.0
1753591950646,04:52:30.646,huobi,1INCH/USDT:USDT,0.2847,460.0,0.2846,348.0,0.2849,347.0,0.285,3586.0
1753591950801,04:52:30.801,huobi,1INCH/USDT:USDT,0.2847,460.0,0.2846,348.0,0.2849,347.0,0.285,3586.0
1753591950958,04:52:30.958,huobi,1INCH/USDT:USDT,0.2847,460.0,0.2846,348.0,0.2849,347.0,0.285,3586.0
1753591951113,04:52:31.113,huobi,1INCH/USDT:USDT,0.2848,355.0,0.2847,105.0,0.2849,347.0,0.285,3586.0
1753591951133,04:52:31.133,huobi,1INCH/USDT:USDT,0.2848,355.0,0.2846,348.0,0.2849,347.0,0.285,3586.0
1753591951172,04:52:31.172,huobi,1INCH/USDT:USDT,0.2848,460.0,0.2846,348.0,0.2849,347.0,0.285,3586.0
1753591951182,04:52:31.182,huobi,1INCH/USDT:USDT,0.2848,105.0,0.2846,348.0,0.2849,347.0,0.285,3586.0
1753591951220,04:52:31.220,huobi,1INCH/USDT:USDT,0.2846,348.0,0.2845,3435.0,0.2849,347.0,0.285,3586.0
1753591951348,04:52:31.348,huobi,1INCH/USDT:USDT,0.2847,105.0,0.2846,348.0,0.2849,347.0,0.285,3586.0
1753591951363,04:52:31.363,huobi,1INCH/USDT:USDT,0.2847,460.0,0.2846,348.0,0.2849,347.0,0.285,3586.0
1753591951520,04:52:31.520,huobi,1INCH/USDT:USDT,0.2847,460.0,0.2846,348.0,0.2849,347.0,0.285,3586.0
1753591951673,04:52:31.673,huobi,1INCH/USDT:USDT,0.2847,460.0,0.2846,348.0,0.2849,347.0,0.285,3586.0
1753591951826,04:52:31.826,huobi,1INCH/USDT:USDT,0.2847,460.0,0.2846,348.0,0.2849,347.0,0.285,3586.0
1753591951976,04:52:31.976,huobi,1INCH/USDT:USDT,0.2847,460.0,0.2846,348.0,0.2849,347.0,0.285,3586.0
1753591952130,04:52:32.130,huobi,1INCH/USDT:USDT,0.2847,460.0,0.2846,348.0,0.2849,347.0,0.285,3586.0
1753591952137,04:52:32.137,huobi,1INCH/USDT:USDT,0.2847,105.0,0.2846,348.0,0.2849,347.0,0.285,3586.0
1753591952283,04:52:32.283,huobi,1INCH/USDT:USDT,0.2847,460.0,0.2846,348.0,0.2849,347.0,0.285,3586.0
1753591952290,04:52:32.290,huobi,1INCH/USDT:USDT,0.2847,105.0,0.2846,348.0,0.2849,347.0,0.285,3586.0
1753591952433,04:52:32.433,huobi,1INCH/USDT:USDT,0.2847,460.0,0.2846,348.0,0.2849,347.0,0.285,3586.0
1753591952440,04:52:32.440,huobi,1INCH/USDT:USDT,0.2847,105.0,0.2846,348.0,0.2849,347.0,0.285,3586.0
1753591952595,04:52:32.595,huobi,1INCH/USDT:USDT,0.2847,460.0,0.2846,348.0,0.2849,347.0,0.285,3586.0
1753591952752,04:52:32.752,huobi,1INCH/USDT:USDT,0.2847,460.0,0.2846,348.0,0.2849,347.0,0.285,3586.0
1753591952772,04:52:32.772,huobi,1INCH/USDT:USDT,0.2847,105.0,0.2846,348.0,0.2849,347.0,0.285,3432.0
1753591952909,04:52:32.909,huobi,1INCH/USDT:USDT,0.2847,460.0,0.2846,348.0,0.2849,347.0,0.285,3432.0
1753591952916,04:52:32.916,huobi,1INCH/USDT:USDT,0.2847,105.0,0.2846,348.0,0.2849,347.0,0.285,3432.0
1753591953061,04:52:33.061,huobi,1INCH/USDT:USDT,0.2847,460.0,0.2846,348.0,0.2849,347.0,0.285,3432.0
1753591953068,04:52:33.068,huobi,1INCH/USDT:USDT,0.2847,105.0,0.2846,348.0,0.2849,347.0,0.285,3432.0
1753591953211,04:52:33.211,huobi,1INCH/USDT:USDT,0.2847,460.0,0.2846,348.0,0.2849,347.0,0.285,3432.0
1753591953218,04:52:33.218,huobi,1INCH/USDT:USDT,0.2847,105.0,0.2846,348.0,0.2849,347.0,0.285,3432.0
1753591953365,04:52:33.365,huobi,1INCH/USDT:USDT,0.2847,460.0,0.2846,348.0,0.2849,347.0,0.285,3432.0
1753591953521,04:52:33.521,huobi,1INCH/USDT:USDT,0.2847,460.0,0.2846,348.0,0.2849,347.0,0.285,3432.0
1753591953672,04:52:33.672,huobi,1INCH/USDT:USDT,0.2847,460.0,0.2846,348.0,0.2849,347.0,0.285,3432.0
1753591953719,04:52:33.719,huobi,1INCH/USDT:USDT,0.2847,105.0,0.2846,348.0,0.2849,347.0,0.285,3432.0
1753591953737,04:52:33.737,huobi,1INCH/USDT:USDT,0.2847,105.0,0.2846,348.0,0.2849,347.0,0.285,3432.0
1753591953833,04:52:33.833,huobi,1INCH/USDT:USDT,0.2847,460.0,0.2846,348.0,0.2849,347.0,0.285,3432.0
1753591953993,04:52:33.993,huobi,1INCH/USDT:USDT,0.2847,460.0,0.2846,348.0,0.2849,347.0,0.285,3432.0
1753591953999,04:52:33.999,huobi,1INCH/USDT:USDT,0.2847,105.0,0.2846,348.0,0.2849,347.0,0.285,3432.0
1753591954150,04:52:34.150,huobi,1INCH/USDT:USDT,0.2847,460.0,0.2846,348.0,0.2849,347.0,0.285,3432.0
1753591954306,04:52:34.306,huobi,1INCH/USDT:USDT,0.2847,460.0,0.2846,348.0,0.2849,347.0,0.285,3432.0
1753591954459,04:52:34.459,huobi,1INCH/USDT:USDT,0.2847,460.0,0.2846,348.0,0.2849,347.0,0.285,3432.0
1753591954608,04:52:34.608,huobi,1INCH/USDT:USDT,0.2847,460.0,0.2846,348.0,0.2849,347.0,0.285,3432.0
1753591954679,04:52:34.679,huobi,1INCH/USDT:USDT,0.2847,105.0,0.2846,348.0,0.2849,347.0,0.285,3432.0
1753591954761,04:52:34.761,huobi,1INCH/USDT:USDT,0.2847,460.0,0.2846,348.0,0.2849,347.0,0.285,3586.0
1753591954926,04:52:34.926,huobi,1INCH/USDT:USDT,0.2847,460.0,0.2846,348.0,0.2849,347.0,0.285,3586.0
1753591955078,04:52:35.078,huobi,1INCH/USDT:USDT,0.2847,460.0,0.2846,348.0,0.2849,347.0,0.285,3586.0
1753591955234,04:52:35.234,huobi,1INCH/USDT:USDT,0.2847,460.0,0.2846,348.0,0.2849,347.0,0.285,3586.0
1753591955393,04:52:35.393,huobi,1INCH/USDT:USDT,0.2847,460.0,0.2846,348.0,0.2849,347.0,0.285,3586.0
1753591955545,04:52:35.545,huobi,1INCH/USDT:USDT,0.2847,460.0,0.2846,348.0,0.2849,347.0,0.285,3586.0
1753591955698,04:52:35.698,huobi,1INCH/USDT:USDT,0.2847,460.0,0.2846,348.0,0.2849,347.0,0.285,3586.0
1753591955772,04:52:35.772,huobi,1INCH/USDT:USDT,0.2847,105.0,0.2846,348.0,0.2849,347.0,0.285,3432.0
1753591955878,04:52:35.878,huobi,1INCH/USDT:USDT,0.2847,460.0,0.2846,348.0,0.2849,347.0,0.285,3432.0
1753591955878,04:52:35.878,huobi,1INCH/USDT:USDT,0.2847,105.0,0.2846,348.0,0.2849,347.0,0.285,3432.0
1753591956005,04:52:36.005,huobi,1INCH/USDT:USDT,0.2847,460.0,0.2846,348.0,0.2849,347.0,0.285,3432.0
1753591956014,04:52:36.014,huobi,1INCH/USDT:USDT,0.2847,105.0,0.2846,348.0,0.2849,347.0,0.285,3432.0
1753591956155,04:52:36.155,huobi,1INCH/USDT:USDT,0.2847,460.0,0.2846,348.0,0.2849,347.0,0.285,3432.0
1753591956313,04:52:36.313,huobi,1INCH/USDT:USDT,0.2847,460.0,0.2846,348.0,0.2849,347.0,0.285,3432.0
1753591956461,04:52:36.461,huobi,1INCH/USDT:USDT,0.2847,460.0,0.2846,348.0,0.2849,347.0,0.285,3432.0
1753591956619,04:52:36.619,huobi,1INCH/USDT:USDT,0.2847,460.0,0.2846,348.0,0.2849,347.0,0.285,3432.0
1753591956785,04:52:36.785,huobi,1INCH/USDT:USDT,0.2847,460.0,0.2846,348.0,0.2849,347.0,0.285,3432.0
1753591956789,04:52:36.789,huobi,1INCH/USDT:USDT,0.2847,105.0,0.2846,348.0,0.2849,347.0,0.285,3432.0
1753591956938,04:52:36.938,huobi,1INCH/USDT:USDT,0.2847,460.0,0.2846,348.0,0.2849,347.0,0.285,3432.0
1753591957091,04:52:37.091,huobi,1INCH/USDT:USDT,0.2847,460.0,0.2846,348.0,0.2849,347.0,0.285,3432.0
1753591957242,04:52:37.242,huobi,1INCH/USDT:USDT,0.2847,460.0,0.2846,348.0,0.2849,347.0,0.285,3432.0
1753591957403,04:52:37.403,huobi,1INCH/USDT:USDT,0.2847,460.0,0.2846,348.0,0.2849,347.0,0.285,3432.0
1753591957555,04:52:37.555,huobi,1INCH/USDT:USDT,0.2847,460.0,0.2846,348.0,0.2849,347.0,0.285,3432.0
1753591957711,04:52:37.711,huobi,1INCH/USDT:USDT,0.2847,460.0,0.2846,348.0,0.2849,347.0,0.285,3432.0
1753591957717,04:52:37.717,huobi,1INCH/USDT:USDT,0.2847,105.0,0.2846,348.0,0.2849,347.0,0.285,3432.0
1753591957763,04:52:37.763,huobi,1INCH/USDT:USDT,0.2847,105.0,0.2846,348.0,0.2849,347.0,0.285,3432.0
1753591957778,04:52:37.778,huobi,1INCH/USDT:USDT,0.2847,105.0,0.2846,348.0,0.2849,347.0,0.285,3586.0
1753591957863,04:52:37.863,huobi,1INCH/USDT:USDT,0.2847,460.0,0.2846,348.0,0.2849,347.0,0.285,3586.0
1753591957871,04:52:37.871,huobi,1INCH/USDT:USDT,0.2847,105.0,0.2846,348.0,0.2849,347.0,0.285,3586.0
1753591958030,04:52:38.030,huobi,1INCH/USDT:USDT,0.2847,460.0,0.2846,348.0,0.2849,347.0,0.285,3586.0
1753591958174,04:52:38.174,huobi,1INCH/USDT:USDT,0.2847,460.0,0.2846,348.0,0.2849,347.0,0.285,3586.0
1753591958328,04:52:38.328,huobi,1INCH/USDT:USDT,0.2847,460.0,0.2846,348.0,0.2849,347.0,0.285,3586.0
1753591958476,04:52:38.476,huobi,1INCH/USDT:USDT,0.2847,460.0,0.2846,348.0,0.2849,347.0,0.285,3586.0
1753591958546,04:52:38.546,huobi,1INCH/USDT:USDT,0.2847,105.0,0.2846,348.0,0.2849,347.0,0.285,3586.0
1753591958562,04:52:38.562,huobi,1INCH/USDT:USDT,0.2847,105.0,0.2846,348.0,0.2849,347.0,0.285,3432.0
1753591958629,04:52:38.629,huobi,1INCH/USDT:USDT,0.2847,458.0,0.2846,348.0,0.2849,347.0,0.285,3432.0
1753591958783,04:52:38.783,huobi,1INCH/USDT:USDT,0.2847,458.0,0.2846,348.0,0.2849,347.0,0.285,3432.0
1753591958929,04:52:38.929,huobi,1INCH/USDT:USDT,0.2847,458.0,0.2846,348.0,0.2849,347.0,0.285,3432.0
1753591959081,04:52:39.081,huobi,1INCH/USDT:USDT,0.2847,458.0,0.2846,348.0,0.2849,347.0,0.285,3432.0
1753591959235,04:52:39.235,huobi,1INCH/USDT:USDT,0.2848,353.0,0.2847,105.0,0.2849,347.0,0.285,3432.0
1753591959271,04:52:39.271,huobi,1INCH/USDT:USDT,0.2848,353.0,0.2846,348.0,0.2849,347.0,0.285,3432.0
1753591959318,04:52:39.318,huobi,1INCH/USDT:USDT,0.2848,458.0,0.2846,348.0,0.2849,347.0,0.285,3432.0
1753591959513,04:52:39.513,huobi,1INCH/USDT:USDT,0.2848,458.0,0.2846,348.0,0.2849,347.0,0.285,3432.0
1753591959519,04:52:39.519,huobi,1INCH/USDT:USDT,0.2848,458.0,0.2846,348.0,0.2849,347.0,0.285,3586.0
1753591959811,04:52:39.811,huobi,1INCH/USDT:USDT,0.2848,458.0,0.2846,348.0,0.2849,347.0,0.285,3586.0
1753591959859,04:52:39.859,huobi,1INCH/USDT:USDT,0.2848,458.0,0.2846,348.0,0.2849,347.0,0.285,3586.0
1753591960238,04:52:40.238,huobi,1INCH/USDT:USDT,0.2848,458.0,0.2846,348.0,0.2849,347.0,0.285,3586.0
1753591960279,04:52:40.279,huobi,1INCH/USDT:USDT,0.2848,458.0,0.2846,348.0,0.2849,347.0,0.285,3586.0
1753591960299,04:52:40.299,huobi,1INCH/USDT:USDT,0.2848,458.0,0.2846,348.0,0.2849,347.0,0.285,3586.0
1753591960500,04:52:40.500,huobi,1INCH/USDT:USDT,0.2848,458.0,0.2846,348.0,0.2849,347.0,0.285,3432.0
1753591961446,04:52:41.446,huobi,1INCH/USDT:USDT,0.2848,458.0,0.2846,348.0,0.2849,347.0,0.285,3432.0
1753591961466,04:52:41.466,huobi,1INCH/USDT:USDT,0.2848,105.0,0.2846,348.0,0.2849,347.0,0.285,3432.0
1753591961531,04:52:41.531,huobi,1INCH/USDT:USDT,0.2847,105.0,0.2846,348.0,0.2849,347.0,0.285,3432.0
1753591961556,04:52:41.556,huobi,1INCH/USDT:USDT,0.2847,105.0,0.2846,348.0,0.2849,347.0,0.285,3432.0
1753591961698,04:52:41.698,huobi,1INCH/USDT:USDT,0.2847,458.0,0.2846,348.0,0.2849,347.0,0.285,3432.0
1753591961705,04:52:41.705,huobi,1INCH/USDT:USDT,0.2847,105.0,0.2846,348.0,0.2849,347.0,0.285,3432.0
1753591961848,04:52:41.848,huobi,1INCH/USDT:USDT,0.2847,458.0,0.2846,348.0,0.2849,347.0,0.285,3432.0
1753591961856,04:52:41.856,huobi,1INCH/USDT:USDT,0.2847,105.0,0.2846,348.0,0.2849,347.0,0.285,3432.0
1753591962009,04:52:42.009,huobi,1INCH/USDT:USDT,0.2847,458.0,0.2846,348.0,0.2849,347.0,0.285,3432.0
1753591962159,04:52:42.159,huobi,1INCH/USDT:USDT,0.2847,458.0,0.2846,348.0,0.2849,347.0,0.285,3432.0
1753591962310,04:52:42.310,huobi,1INCH/USDT:USDT,0.2848,353.0,0.2847,105.0,0.2849,347.0,0.285,3432.0
1753591962336,04:52:42.336,huobi,1INCH/USDT:USDT,0.2848,353.0,0.2846,348.0,0.2849,347.0,0.285,3432.0
1753591962372,04:52:42.372,huobi,1INCH/USDT:USDT,0.2848,458.0,0.2846,348.0,0.2849,347.0,0.285,3432.0
1753591963130,04:52:43.130,huobi,1INCH/USDT:USDT,0.2848,458.0,0.2846,348.0,0.2849,347.0,0.285,3432.0
1753591963505,04:52:43.505,huobi,1INCH/USDT:USDT,0.2848,458.0,0.2846,348.0,0.2849,347.0,0.285,3586.0
1753591963509,04:52:43.509,huobi,1INCH/USDT:USDT,0.2848,458.0,0.2846,348.0,0.2849,347.0,0.285,3586.0
1753591966283,04:52:46.283,huobi,1INCH/USDT:USDT,0.2848,458.0,0.2846,348.0,0.2849,347.0,0.285,3586.0
1753591966298,04:52:46.298,huobi,1INCH/USDT:USDT,0.2848,458.0,0.2846,348.0,0.2849,347.0,0.285,3432.0
1753591968073,04:52:48.073,huobi,1INCH/USDT:USDT,0.2848,458.0,0.2846,348.0,0.2849,347.0,0.285,3432.0
1753591969045,04:52:49.045,huobi,1INCH/USDT:USDT,0.2848,458.0,0.2846,348.0,0.2849,347.0,0.285,3432.0
1753591969811,04:52:49.811,huobi,1INCH/USDT:USDT,0.2848,105.0,0.2846,348.0,0.2849,347.0,0.285,3586.0
1753591969837,04:52:49.837,huobi,1INCH/USDT:USDT,0.2846,348.0,0.2845,357.0,0.2849,3612.0,0.285,3432.0
1753591969877,04:52:49.877,huobi,1INCH/USDT:USDT,0.2845,357.0,0.2844,343.0,0.2848,344.0,0.2849,347.0
1753591969900,04:52:49.900,huobi,1INCH/USDT:USDT,0.2845,357.0,0.2844,343.0,0.2848,344.0,0.2849,347.0
1753591969934,04:52:49.934,huobi,1INCH/USDT:USDT,0.2846,103.0,0.2843,346.0,0.2848,344.0,0.2849,347.0
1753591969971,04:52:49.971,huobi,1INCH/USDT:USDT,0.2846,103.0,0.2843,346.0,0.2847,105.0,0.2848,344.0
1753591969985,04:52:49.985,huobi,1INCH/USDT:USDT,0.2846,103.0,0.2843,346.0,0.2847,105.0,0.2848,344.0
1753591970017,04:52:50.017,huobi,1INCH/USDT:USDT,0.2843,346.0,0.2842,3424.0,0.2847,105.0,0.2848,344.0
1753591970050,04:52:50.050,huobi,1INCH/USDT:USDT,0.2844,103.0,0.2843,346.0,0.2847,449.0,0.2848,344.0
1753591970077,04:52:50.077,huobi,1INCH/USDT:USDT,0.2845,344.0,0.2844,103.0,0.2847,105.0,0.2848,344.0
1753591970126,04:52:50.126,huobi,1INCH/USDT:USDT,0.2845,344.0,0.2844,3078.0,0.2847,105.0,0.2848,344.0
1753591970139,04:52:50.139,huobi,1INCH/USDT:USDT,0.2846,103.0,0.2845,344.0,0.2847,105.0,0.2848,344.0
1753591970228,04:52:50.228,huobi,1INCH/USDT:USDT,0.2846,103.0,0.2845,344.0,0.2847,105.0,0.2848,344.0
1753591970300,04:52:50.300,huobi,1INCH/USDT:USDT,0.2846,447.0,0.2845,344.0,0.2847,105.0,0.2848,344.0
1753591970319,04:52:50.319,huobi,1INCH/USDT:USDT,0.2846,103.0,0.2845,344.0,0.2847,105.0,0.2848,344.0
1753591970453,04:52:50.453,huobi,1INCH/USDT:USDT,0.2846,447.0,0.2845,344.0,0.2847,105.0,0.2848,344.0
1753591970615,04:52:50.615,huobi,1INCH/USDT:USDT,0.2846,447.0,0.2845,344.0,0.2847,105.0,0.2848,344.0
1753591970620,04:52:50.620,huobi,1INCH/USDT:USDT,0.2846,103.0,0.2845,344.0,0.2847,105.0,0.2848,344.0
1753591970769,04:52:50.769,huobi,1INCH/USDT:USDT,0.2846,447.0,0.2845,344.0,0.2847,105.0,0.2848,344.0
1753591970800,04:52:50.800,huobi,1INCH/USDT:USDT,0.2846,103.0,0.2845,344.0,0.2847,105.0,0.2848,344.0
1753591970920,04:52:50.920,huobi,1INCH/USDT:USDT,0.2846,447.0,0.2845,344.0,0.2847,105.0,0.2848,344.0
1753591971076,04:52:51.076,huobi,1INCH/USDT:USDT,0.2846,447.0,0.2845,344.0,0.2847,105.0,0.2848,344.0
1753591971126,04:52:51.126,huobi,1INCH/USDT:USDT,0.2846,103.0,0.2845,344.0,0.2847,449.0,0.2848,344.0
1753591971225,04:52:51.225,huobi,1INCH/USDT:USDT,0.2846,447.0,0.2845,344.0,0.2847,105.0,0.2848,344.0
1753591971384,04:52:51.384,huobi,1INCH/USDT:USDT,0.2846,447.0,0.2845,344.0,0.2847,105.0,0.2848,344.0
1753591971538,04:52:51.538,huobi,1INCH/USDT:USDT,0.2846,447.0,0.2845,344.0,0.2847,105.0,0.2848,344.0
1753591971607,04:52:51.607,huobi,1INCH/USDT:USDT,0.2846,103.0,0.2845,344.0,0.2847,449.0,0.2848,344.0
1753591971694,04:52:51.694,huobi,1INCH/USDT:USDT,0.2846,447.0,0.2845,344.0,0.2847,105.0,0.2848,344.0
1753591971700,04:52:51.700,huobi,1INCH/USDT:USDT,0.2846,103.0,0.2845,344.0,0.2847,105.0,0.2848,344.0
1753591971764,04:52:51.764,huobi,1INCH/USDT:USDT,0.2846,103.0,0.2845,344.0,0.2847,449.0,0.2848,344.0
1753591971848,04:52:51.848,huobi,1INCH/USDT:USDT,0.2846,447.0,0.2845,344.0,0.2847,105.0,0.2848,344.0
1753591971925,04:52:51.925,huobi,1INCH/USDT:USDT,0.2846,103.0,0.2845,344.0,0.2847,449.0,0.2848,344.0
1753591972009,04:52:52.009,huobi,1INCH/USDT:USDT,0.2846,447.0,0.2845,344.0,0.2847,105.0,0.2848,344.0
1753591972070,04:52:52.070,huobi,1INCH/USDT:USDT,0.2846,103.0,0.2845,344.0,0.2847,449.0,0.2848,344.0
1753591972152,04:52:52.152,huobi,1INCH/USDT:USDT,0.2846,447.0,0.2845,344.0,0.2847,105.0,0.2848,344.0
1753591972364,04:52:52.364,huobi,1INCH/USDT:USDT,0.2846,447.0,0.2845,344.0,0.2847,105.0,0.2848,344.0
1753591972445,04:52:52.445,huobi,1INCH/USDT:USDT,0.2846,103.0,0.2845,344.0,0.2847,449.0,0.2848,344.0
1753591972608,04:52:52.608,huobi,1INCH/USDT:USDT,0.2846,447.0,0.2845,344.0,0.2847,105.0,0.2848,344.0
1753591972635,04:52:52.635,huobi,1INCH/USDT:USDT,0.2846,103.0,0.2845,344.0,0.2847,449.0,0.2848,344.0
1753591972765,04:52:52.765,huobi,1INCH/USDT:USDT,0.2846,447.0,0.2845,344.0,0.2847,105.0,0.2848,344.0
1753591972807,04:52:52.807,huobi,1INCH/USDT:USDT,0.2846,103.0,0.2845,344.0,0.2847,449.0,0.2848,344.0
1753591972846,04:52:52.846,huobi,1INCH/USDT:USDT,0.2846,103.0,0.2845,344.0,0.2847,105.0,0.2848,344.0
1753591972931,04:52:52.931,huobi,1INCH/USDT:USDT,0.2846,447.0,0.2845,344.0,0.2847,105.0,0.2848,344.0
1753591972961,04:52:52.961,huobi,1INCH/USDT:USDT,0.2846,103.0,0.2845,344.0,0.2847,449.0,0.2848,344.0
1753591973096,04:52:53.096,huobi,1INCH/USDT:USDT,0.2846,447.0,0.2845,344.0,0.2847,105.0,0.2848,344.0
1753591973221,04:52:53.221,huobi,1INCH/USDT:USDT,0.2846,447.0,0.2845,344.0,0.2847,105.0,0.2848,344.0
1753591973228,04:52:53.228,huobi,1INCH/USDT:USDT,0.2846,103.0,0.2845,344.0,0.2847,105.0,0.2848,344.0
1753591973312,04:52:53.312,huobi,1INCH/USDT:USDT,0.2846,103.0,0.2845,344.0,0.2847,449.0,0.2848,344.0
1753591973317,04:52:53.317,huobi,1INCH/USDT:USDT,0.2846,103.0,0.2845,344.0,0.2847,105.0,0.2848,344.0
1753591973374,04:52:53.374,huobi,1INCH/USDT:USDT,0.2846,447.0,0.2845,344.0,0.2847,105.0,0.2848,344.0
1753591973381,04:52:53.381,huobi,1INCH/USDT:USDT,0.2846,103.0,0.2845,344.0,0.2847,105.0,0.2848,344.0
1753591973467,04:52:53.467,huobi,1INCH/USDT:USDT,0.2846,103.0,0.2845,344.0,0.2847,449.0,0.2848,344.0
1753591973527,04:52:53.527,huobi,1INCH/USDT:USDT,0.2846,447.0,0.2845,344.0,0.2847,105.0,0.2848,344.0
1753591973616,04:52:53.616,huobi,1INCH/USDT:USDT,0.2846,103.0,0.2845,344.0,0.2847,449.0,0.2848,344.0
1753591973683,04:52:53.683,huobi,1INCH/USDT:USDT,0.2846,447.0,0.2845,344.0,0.2847,105.0,0.2848,344.0
1753591973832,04:52:53.832,huobi,1INCH/USDT:USDT,0.2846,447.0,0.2845,344.0,0.2847,105.0,0.2848,344.0
1753591973988,04:52:53.988,huobi,1INCH/USDT:USDT,0.2846,447.0,0.2845,344.0,0.2847,105.0,0.2848,344.0
1753591974158,04:52:54.158,huobi,1INCH/USDT:USDT,0.2846,447.0,0.2845,344.0,0.2847,105.0,0.2848,344.0
1753591974310,04:52:54.310,huobi,1INCH/USDT:USDT,0.2846,447.0,0.2845,344.0,0.2847,105.0,0.2848,344.0
1753591974470,04:52:54.470,huobi,1INCH/USDT:USDT,0.2846,447.0,0.2845,344.0,0.2847,105.0,0.2848,344.0
1753591974554,04:52:54.554,huobi,1INCH/USDT:USDT,0.2846,103.0,0.2845,344.0,0.2847,105.0,0.2848,344.0
1753591974618,04:52:54.618,huobi,1INCH/USDT:USDT,0.2846,447.0,0.2845,344.0,0.2847,105.0,0.2848,344.0
1753591974778,04:52:54.778,huobi,1INCH/USDT:USDT,0.2846,447.0,0.2845,344.0,0.2847,105.0,0.2848,344.0
1753591974792,04:52:54.792,huobi,1INCH/USDT:USDT,0.2846,103.0,0.2845,344.0,0.2847,105.0,0.2848,344.0
1753591974921,04:52:54.921,huobi,1INCH/USDT:USDT,0.2846,447.0,0.2845,344.0,0.2847,105.0,0.2848,344.0
1753591975075,04:52:55.075,huobi,1INCH/USDT:USDT,0.2846,447.0,0.2845,344.0,0.2847,105.0,0.2848,344.0
1753591975272,04:52:55.272,huobi,1INCH/USDT:USDT,0.2846,447.0,0.2845,344.0,0.2847,105.0,0.2848,344.0
1753591975395,04:52:55.395,huobi,1INCH/USDT:USDT,0.2846,447.0,0.2845,344.0,0.2847,105.0,0.2848,344.0
1753591975483,04:52:55.483,huobi,1INCH/USDT:USDT,0.2846,103.0,0.2845,344.0,0.2847,449.0,0.2848,344.0
1753591975548,04:52:55.548,huobi,1INCH/USDT:USDT,0.2846,447.0,0.2845,344.0,0.2847,105.0,0.2848,344.0
1753591975638,04:52:55.638,huobi,1INCH/USDT:USDT,0.2846,103.0,0.2845,344.0,0.2847,449.0,0.2848,344.0
1753591975702,04:52:55.702,huobi,1INCH/USDT:USDT,0.2846,447.0,0.2845,344.0,0.2847,105.0,0.2848,344.0
1753591975788,04:52:55.788,huobi,1INCH/USDT:USDT,0.2846,103.0,0.2845,344.0,0.2847,449.0,0.2848,344.0
1753591975853,04:52:55.853,huobi,1INCH/USDT:USDT,0.2846,447.0,0.2845,344.0,0.2847,105.0,0.2848,344.0
1753591975940,04:52:55.940,huobi,1INCH/USDT:USDT,0.2846,103.0,0.2845,344.0,0.2847,449.0,0.2848,344.0
1753591975960,04:52:55.960,huobi,1INCH/USDT:USDT,0.2846,103.0,0.2845,344.0,0.2847,105.0,0.2848,344.0
1753591976003,04:52:56.003,huobi,1INCH/USDT:USDT,0.2846,447.0,0.2845,344.0,0.2847,105.0,0.2848,344.0
1753591976093,04:52:56.093,huobi,1INCH/USDT:USDT,0.2846,103.0,0.2845,344.0,0.2847,449.0,0.2848,344.0
1753591976159,04:52:56.159,huobi,1INCH/USDT:USDT,0.2846,447.0,0.2845,344.0,0.2847,105.0,0.2848,344.0
1753591976168,04:52:56.168,huobi,1INCH/USDT:USDT,0.2846,103.0,0.2845,344.0,0.2847,105.0,0.2848,344.0
1753591976254,04:52:56.254,huobi,1INCH/USDT:USDT,0.2846,103.0,0.2845,344.0,0.2847,449.0,0.2848,344.0
1753591976261,04:52:56.261,huobi,1INCH/USDT:USDT,0.2846,103.0,0.2845,344.0,0.2847,105.0,0.2848,344.0
1753591976312,04:52:56.312,huobi,1INCH/USDT:USDT,0.2846,447.0,0.2845,344.0,0.2847,105.0,0.2848,344.0
1753591976318,04:52:56.318,huobi,1INCH/USDT:USDT,0.2846,103.0,0.2845,344.0,0.2847,105.0,0.2848,344.0
1753591976409,04:52:56.409,huobi,1INCH/USDT:USDT,0.2846,103.0,0.2845,344.0,0.2847,449.0,0.2848,344.0
1753591976469,04:52:56.469,huobi,1INCH/USDT:USDT,0.2846,447.0,0.2845,344.0,0.2847,105.0,0.2848,344.0
1753591976561,04:52:56.561,huobi,1INCH/USDT:USDT,0.2846,103.0,0.2845,344.0,0.2847,449.0,0.2848,344.0
1753591976625,04:52:56.625,huobi,1INCH/USDT:USDT,0.2846,447.0,0.2845,344.0,0.2847,105.0,0.2848,344.0
1753591976719,04:52:56.719,huobi,1INCH/USDT:USDT,0.2846,103.0,0.2845,344.0,0.2847,449.0,0.2848,344.0
1753591976779,04:52:56.779,huobi,1INCH/USDT:USDT,0.2846,447.0,0.2845,344.0,0.2847,105.0,0.2848,344.0
1753591976800,04:52:56.800,huobi,1INCH/USDT:USDT,0.2846,103.0,0.2845,344.0,0.2847,105.0,0.2848,344.0
1753591976854,04:52:56.854,huobi,1INCH/USDT:USDT,0.2846,103.0,0.2845,344.0,0.2847,105.0,0.2848,344.0
1753591976877,04:52:56.877,huobi,1INCH/USDT:USDT,0.2846,103.0,0.2845,344.0,0.2847,449.0,0.2848,344.0
1753591976893,04:52:56.893,huobi,1INCH/USDT:USDT,0.2846,103.0,0.2845,344.0,0.2847,105.0,0.2848,344.0
1753591976933,04:52:56.933,huobi,1INCH/USDT:USDT,0.2846,447.0,0.2845,344.0,0.2847,105.0,0.2848,344.0
1753591976947,04:52:56.947,huobi,1INCH/USDT:USDT,0.2846,103.0,0.2845,344.0,0.2847,105.0,0.2848,344.0
1753591977040,04:52:57.040,huobi,1INCH/USDT:USDT,0.2846,103.0,0.2845,344.0,0.2847,449.0,0.2848,344.0
1753591977087,04:52:57.087,huobi,1INCH/USDT:USDT,0.2846,447.0,0.2845,344.0,0.2847,105.0,0.2848,344.0
1753591977106,04:52:57.106,huobi,1INCH/USDT:USDT,0.2846,103.0,0.2845,344.0,0.2847,105.0,0.2848,344.0
1753591977211,04:52:57.211,huobi,1INCH/USDT:USDT,0.2846,103.0,0.2845,344.0,0.2847,449.0,0.2848,344.0
1753591977217,04:52:57.217,huobi,1INCH/USDT:USDT,0.2846,103.0,0.2845,344.0,0.2847,105.0,0.2848,344.0
1753591977249,04:52:57.249,huobi,1INCH/USDT:USDT,0.2846,103.0,0.2845,344.0,0.2847,105.0,0.2848,344.0
1753591977364,04:52:57.364,huobi,1INCH/USDT:USDT,0.2846,103.0,0.2845,344.0,0.2847,449.0,0.2848,344.0
1753591977369,04:52:57.369,huobi,1INCH/USDT:USDT,0.2846,103.0,0.2845,344.0,0.2847,105.0,0.2848,344.0
1753591977398,04:52:57.398,huobi,1INCH/USDT:USDT,0.2846,447.0,0.2845,344.0,0.2847,105.0,0.2848,344.0
1753591977527,04:52:57.527,huobi,1INCH/USDT:USDT,0.2846,103.0,0.2845,344.0,0.2847,449.0,0.2848,344.0
1753591977550,04:52:57.550,huobi,1INCH/USDT:USDT,0.2846,447.0,0.2845,344.0,0.2847,105.0,0.2848,344.0
1753591977674,04:52:57.674,huobi,1INCH/USDT:USDT,0.2846,103.0,0.2845,344.0,0.2847,449.0,0.2848,344.0
1753591977696,04:52:57.696,huobi,1INCH/USDT:USDT,0.2846,103.0,0.2845,344.0,0.2847,105.0,0.2848,344.0
1753591977824,04:52:57.824,huobi,1INCH/USDT:USDT,0.2846,103.0,0.2845,344.0,0.2847,449.0,0.2848,344.0
1753591977845,04:52:57.845,huobi,1INCH/USDT:USDT,0.2846,103.0,0.2845,344.0,0.2847,105.0,0.2848,344.0
1753591977975,04:52:57.975,huobi,1INCH/USDT:USDT,0.2846,103.0,0.2845,344.0,0.2847,449.0,0.2848,344.0
1753591978004,04:52:58.004,huobi,1INCH/USDT:USDT,0.2846,447.0,0.2845,344.0,0.2847,105.0,0.2848,344.0
1753591978031,04:52:58.031,huobi,1INCH/USDT:USDT,0.2846,103.0,0.2845,344.0,0.2847,105.0,0.2848,344.0
1753591978128,04:52:58.128,huobi,1INCH/USDT:USDT,0.2846,103.0,0.2845,344.0,0.2847,449.0,0.2848,344.0
1753591978144,04:52:58.144,huobi,1INCH/USDT:USDT,0.2846,103.0,0.2845,344.0,0.2847,105.0,0.2848,344.0
1753591978314,04:52:58.314,huobi,1INCH/USDT:USDT,0.2846,447.0,0.2845,344.0,0.2847,105.0,0.2848,344.0
1753591978438,04:52:58.438,huobi,1INCH/USDT:USDT,0.2846,103.0,0.2845,344.0,0.2847,449.0,0.2848,344.0
1753591978469,04:52:58.469,huobi,1INCH/USDT:USDT,0.2846,447.0,0.2845,344.0,0.2847,105.0,0.2848,344.0
1753591978475,04:52:58.475,huobi,1INCH/USDT:USDT,0.2846,103.0,0.2845,344.0,0.2847,105.0,0.2848,344.0
1753591978591,04:52:58.591,huobi,1INCH/USDT:USDT,0.2846,103.0,0.2845,344.0,0.2847,458.0,0.2848,344.0
1753591978598,04:52:58.598,huobi,1INCH/USDT:USDT,0.2846,103.0,0.2845,344.0,0.2847,105.0,0.2848,344.0
1753591978628,04:52:58.628,huobi,1INCH/USDT:USDT,0.2846,103.0,0.2845,344.0,0.2847,105.0,0.2848,344.0
1753591978743,04:52:58.743,huobi,1INCH/USDT:USDT,0.2846,103.0,0.2845,344.0,0.2847,458.0,0.2848,344.0
1753591978749,04:52:58.749,huobi,1INCH/USDT:USDT,0.2846,103.0,0.2845,344.0,0.2847,105.0,0.2848,344.0
1753591978780,04:52:58.780,huobi,1INCH/USDT:USDT,0.2846,456.0,0.2845,344.0,0.2847,105.0,0.2848,344.0
1753591978816,04:52:58.816,huobi,1INCH/USDT:USDT,0.2846,103.0,0.2845,344.0,0.2847,105.0,0.2848,344.0
1753591978836,04:52:58.836,huobi,1INCH/USDT:USDT,0.2846,103.0,0.2845,344.0,0.2847,105.0,0.2848,344.0
1753591978933,04:52:58.933,huobi,1INCH/USDT:USDT,0.2846,456.0,0.2845,3422.0,0.2847,105.0,0.2848,344.0
1753591979086,04:52:59.086,huobi,1INCH/USDT:USDT,0.2846,456.0,0.2845,3422.0,0.2847,105.0,0.2848,344.0
1753591979240,04:52:59.240,huobi,1INCH/USDT:USDT,0.2846,456.0,0.2845,3422.0,0.2847,105.0,0.2848,344.0
1753591979288,04:52:59.288,huobi,1INCH/USDT:USDT,0.2846,456.0,0.2845,3422.0,0.2847,105.0,0.2848,344.0
1753591979315,04:52:59.315,huobi,1INCH/USDT:USDT,0.2846,456.0,0.2845,3422.0,0.2847,105.0,0.2848,344.0
1753591979660,04:52:59.660,huobi,1INCH/USDT:USDT,0.2846,456.0,0.2845,3422.0,0.2847,105.0,0.2848,344.0
1753591979985,04:52:59.985,huobi,1INCH/USDT:USDT,0.2846,456.0,0.2845,3422.0,0.2847,105.0,0.2848,344.0
1753591980344,04:53:00.344,huobi,1INCH/USDT:USDT,0.2846,456.0,0.2845,3422.0,0.2847,105.0,0.2848,344.0
1753591980480,04:53:00.480,huobi,1INCH/USDT:USDT,0.2846,456.0,0.2845,3422.0,0.2847,105.0,0.2848,344.0
1753591980520,04:53:00.520,huobi,1INCH/USDT:USDT,0.2846,456.0,0.2845,3422.0,0.2847,105.0,0.2848,344.0
1753591980794,04:53:00.794,huobi,1INCH/USDT:USDT,0.2846,456.0,0.2845,3422.0,0.2847,105.0,0.2848,344.0
1753591981740,04:53:01.740,huobi,1INCH/USDT:USDT,0.2846,456.0,0.2845,3422.0,0.2847,458.0,0.2848,344.0
1753591981748,04:53:01.748,huobi,1INCH/USDT:USDT,0.2846,456.0,0.2845,3422.0,0.2847,105.0,0.2848,344.0
1753591981836,04:53:01.836,huobi,1INCH/USDT:USDT,0.2846,456.0,0.2845,3422.0,0.2847,105.0,0.2848,344.0
1753591981880,04:53:01.880,huobi,1INCH/USDT:USDT,0.2846,456.0,0.2845,3422.0,0.2847,105.0,0.2848,344.0
1753591982001,04:53:02.001,huobi,1INCH/USDT:USDT,0.2846,456.0,0.2845,3422.0,0.2847,105.0,0.2848,344.0
1753591982126,04:53:02.126,huobi,1INCH/USDT:USDT,0.2846,456.0,0.2845,3422.0,0.2847,105.0,0.2848,344.0
1753591982332,04:53:02.332,huobi,1INCH/USDT:USDT,0.2846,456.0,0.2845,3422.0,0.2847,105.0,0.2848,344.0
1753591982722,04:53:02.722,huobi,1INCH/USDT:USDT,0.2846,456.0,0.2845,3422.0,0.2847,105.0,0.2848,344.0
1753591983001,04:53:03.001,huobi,1INCH/USDT:USDT,0.2846,456.0,0.2845,3422.0,0.2847,458.0,0.2848,344.0
1753591983006,04:53:03.006,huobi,1INCH/USDT:USDT,0.2846,456.0,0.2845,3422.0,0.2847,105.0,0.2848,344.0
1753591983194,04:53:03.194,huobi,1INCH/USDT:USDT,0.2846,456.0,0.2845,3422.0,0.2847,105.0,0.2848,344.0
1753591983540,04:53:03.540,huobi,1INCH/USDT:USDT,0.2846,456.0,0.2845,3422.0,0.2847,458.0,0.2848,344.0
1753591983549,04:53:03.549,huobi,1INCH/USDT:USDT,0.2846,456.0,0.2845,3422.0,0.2847,105.0,0.2848,344.0
1753591983584,04:53:03.584,huobi,1INCH/USDT:USDT,0.2846,456.0,0.2845,3422.0,0.2847,105.0,0.2848,344.0
1753591983603,04:53:03.603,huobi,1INCH/USDT:USDT,0.2846,456.0,0.2845,3422.0,0.2847,105.0,0.2848,344.0
1753591983678,04:53:03.678,huobi,1INCH/USDT:USDT,0.2846,456.0,0.2845,3422.0,0.2847,458.0,0.2848,344.0
1753591983844,04:53:03.844,huobi,1INCH/USDT:USDT,0.2846,456.0,0.2845,3422.0,0.2847,458.0,0.2848,344.0
1753591983990,04:53:03.990,huobi,1INCH/USDT:USDT,0.2846,456.0,0.2845,3422.0,0.2847,458.0,0.2848,344.0
1753591983995,04:53:03.995,huobi,1INCH/USDT:USDT,0.2846,456.0,0.2845,3422.0,0.2847,105.0,0.2848,344.0
1753591984060,04:53:04.060,huobi,1INCH/USDT:USDT,0.2846,456.0,0.2845,3422.0,0.2847,105.0,0.2848,344.0
1753591984150,04:53:04.150,huobi,1INCH/USDT:USDT,0.2846,456.0,0.2845,3422.0,0.2847,458.0,0.2848,344.0
1753591984302,04:53:04.302,huobi,1INCH/USDT:USDT,0.2846,456.0,0.2845,3422.0,0.2847,458.0,0.2848,344.0
1753591984452,04:53:04.452,huobi,1INCH/USDT:USDT,0.2846,456.0,0.2845,3422.0,0.2847,458.0,0.2848,344.0
1753591984532,04:53:04.532,huobi,1INCH/USDT:USDT,0.2846,456.0,0.2845,3422.0,0.2847,105.0,0.2848,344.0
1753591984538,04:53:04.538,huobi,1INCH/USDT:USDT,0.2846,456.0,0.2845,3422.0,0.2847,105.0,0.2848,344.0
1753591984605,04:53:04.605,huobi,1INCH/USDT:USDT,0.2846,456.0,0.2845,3422.0,0.2847,458.0,0.2848,344.0
1753591984759,04:53:04.759,huobi,1INCH/USDT:USDT,0.2846,456.0,0.2845,3422.0,0.2847,458.0,0.2848,344.0
1753591984910,04:53:04.910,huobi,1INCH/USDT:USDT,0.2846,456.0,0.2845,3422.0,0.2847,458.0,0.2848,344.0
1753591985064,04:53:05.064,huobi,1INCH/USDT:USDT,0.2846,456.0,0.2845,3422.0,0.2847,458.0,0.2848,344.0
1753591985085,04:53:05.085,huobi,1INCH/USDT:USDT,0.2846,456.0,0.2845,3422.0,0.2847,105.0,0.2848,344.0
1753591985214,04:53:05.214,huobi,1INCH/USDT:USDT,0.2846,456.0,0.2845,3422.0,0.2847,458.0,0.2848,344.0
1753591985227,04:53:05.227,huobi,1INCH/USDT:USDT,0.2846,456.0,0.2845,3422.0,0.2847,105.0,0.2848,344.0
1753591985339,04:53:05.339,huobi,1INCH/USDT:USDT,0.2846,456.0,0.2845,3422.0,0.2847,105.0,0.2848,344.0
1753591985353,04:53:05.353,huobi,1INCH/USDT:USDT,0.2846,456.0,0.2845,3422.0,0.2847,105.0,0.2848,344.0
1753591985374,04:53:05.374,huobi,1INCH/USDT:USDT,0.2846,456.0,0.2845,3422.0,0.2847,105.0,0.2848,344.0
1753591985537,04:53:05.537,huobi,1INCH/USDT:USDT,0.2846,456.0,0.2845,3422.0,0.2847,458.0,0.2848,344.0
1753591985691,04:53:05.691,huobi,1INCH/USDT:USDT,0.2846,456.0,0.2845,3422.0,0.2847,458.0,0.2848,344.0
1753591985750,04:53:05.750,huobi,1INCH/USDT:USDT,0.2846,456.0,0.2845,3422.0,0.2847,105.0,0.2848,344.0
1753591985842,04:53:05.842,huobi,1INCH/USDT:USDT,0.2846,456.0,0.2845,3422.0,0.2847,458.0,0.2848,344.0
1753591985996,04:53:05.996,huobi,1INCH/USDT:USDT,0.2846,456.0,0.2845,3422.0,0.2847,458.0,0.2848,344.0
1753591986011,04:53:06.011,huobi,1INCH/USDT:USDT,0.2846,456.0,0.2845,3422.0,0.2847,105.0,0.2848,344.0
1753591986149,04:53:06.149,huobi,1INCH/USDT:USDT,0.2846,456.0,0.2845,3422.0,0.2847,458.0,0.2848,344.0
1753591986300,04:53:06.300,huobi,1INCH/USDT:USDT,0.2846,456.0,0.2845,3422.0,0.2847,458.0,0.2848,344.0
1753591986307,04:53:06.307,huobi,1INCH/USDT:USDT,0.2846,456.0,0.2845,3422.0,0.2847,105.0,0.2848,344.0
1753591986451,04:53:06.451,huobi,1INCH/USDT:USDT,0.2846,456.0,0.2845,3422.0,0.2847,458.0,0.2848,344.0
1753591986459,04:53:06.459,huobi,1INCH/USDT:USDT,0.2846,456.0,0.2845,3422.0,0.2847,105.0,0.2848,344.0
1753591986603,04:53:06.603,huobi,1INCH/USDT:USDT,0.2846,456.0,0.2845,3422.0,0.2847,458.0,0.2848,344.0
1753591986607,04:53:06.607,huobi,1INCH/USDT:USDT,0.2846,456.0,0.2845,3422.0,0.2847,105.0,0.2848,344.0
1753591986759,04:53:06.759,huobi,1INCH/USDT:USDT,0.2846,456.0,0.2845,3422.0,0.2847,458.0,0.2848,344.0
1753591986860,04:53:06.860,huobi,1INCH/USDT:USDT,0.2846,456.0,0.2845,3422.0,0.2847,105.0,0.2848,344.0
1753591986876,04:53:06.876,huobi,1INCH/USDT:USDT,0.2846,456.0,0.2845,3422.0,0.2847,105.0,0.2848,344.0
1753591986912,04:53:06.912,huobi,1INCH/USDT:USDT,0.2846,456.0,0.2845,3422.0,0.2847,458.0,0.2848,344.0
1753591987044,04:53:07.044,huobi,1INCH/USDT:USDT,0.2846,456.0,0.2845,3422.0,0.2847,105.0,0.2848,344.0
1753591987059,04:53:07.059,huobi,1INCH/USDT:USDT,0.2846,456.0,0.2845,3422.0,0.2847,105.0,0.2848,344.0
1753591987117,04:53:07.117,huobi,1INCH/USDT:USDT,0.2846,456.0,0.2845,3422.0,0.2847,105.0,0.2848,344.0
1753591987145,04:53:07.145,huobi,1INCH/USDT:USDT,0.2846,456.0,0.2845,3422.0,0.2847,105.0,0.2848,344.0
1753591987215,04:53:07.215,huobi,1INCH/USDT:USDT,0.2846,456.0,0.2845,3422.0,0.2847,458.0,0.2848,344.0
1753591987374,04:53:07.374,huobi,1INCH/USDT:USDT,0.2846,456.0,0.2845,3422.0,0.2847,458.0,0.2848,344.0
1753591987526,04:53:07.526,huobi,1INCH/USDT:USDT,0.2846,456.0,0.2845,3422.0,0.2847,458.0,0.2848,344.0
1753591987545,04:53:07.545,huobi,1INCH/USDT:USDT,0.2846,456.0,0.2845,3422.0,0.2847,105.0,0.2848,344.0
1753591987675,04:53:07.675,huobi,1INCH/USDT:USDT,0.2846,456.0,0.2845,3422.0,0.2847,458.0,0.2848,344.0
1753591987828,04:53:07.828,huobi,1INCH/USDT:USDT,0.2846,456.0,0.2845,3422.0,0.2847,458.0,0.2848,344.0
1753591987841,04:53:07.841,huobi,1INCH/USDT:USDT,0.2846,456.0,0.2845,3422.0,0.2847,105.0,0.2848,344.0
1753591987988,04:53:07.988,huobi,1INCH/USDT:USDT,0.2846,456.0,0.2845,3422.0,0.2847,458.0,0.2848,344.0
1753591987989,04:53:07.989,huobi,1INCH/USDT:USDT,0.2846,456.0,0.2845,3422.0,0.2847,105.0,0.2848,344.0
1753591988131,04:53:08.131,huobi,1INCH/USDT:USDT,0.2846,456.0,0.2845,3422.0,0.2847,458.0,0.2848,344.0
1753591988138,04:53:08.138,huobi,1INCH/USDT:USDT,0.2846,456.0,0.2845,3422.0,0.2847,105.0,0.2848,344.0
1753591988229,04:53:08.229,huobi,1INCH/USDT:USDT,0.2846,456.0,0.2845,3422.0,0.2847,105.0,0.2848,344.0
1753591988283,04:53:08.283,huobi,1INCH/USDT:USDT,0.2846,456.0,0.2845,3422.0,0.2847,458.0,0.2848,344.0
1753591988288,04:53:08.288,huobi,1INCH/USDT:USDT,0.2846,456.0,0.2845,3422.0,0.2847,105.0,0.2848,344.0
1753591988435,04:53:08.435,huobi,1INCH/USDT:USDT,0.2846,456.0,0.2845,3422.0,0.2847,458.0,0.2848,344.0
1753591988590,04:53:08.590,huobi,1INCH/USDT:USDT,0.2846,456.0,0.2845,3422.0,0.2847,459.0,0.2848,344.0
1753591988617,04:53:08.617,huobi,1INCH/USDT:USDT,0.2846,456.0,0.2845,3422.0,0.2847,105.0,0.2848,344.0
1753591988740,04:53:08.740,huobi,1INCH/USDT:USDT,0.2846,456.0,0.2845,3422.0,0.2847,459.0,0.2848,344.0
1753591988897,04:53:08.897,huobi,1INCH/USDT:USDT,0.2846,456.0,0.2845,3422.0,0.2847,459.0,0.2848,344.0
1753591989055,04:53:09.055,huobi,1INCH/USDT:USDT,0.2846,456.0,0.2845,3422.0,0.2847,459.0,0.2848,344.0
1753591989067,04:53:09.067,huobi,1INCH/USDT:USDT,0.2846,456.0,0.2845,3422.0,0.2847,105.0,0.2848,344.0
1753591989217,04:53:09.217,huobi,1INCH/USDT:USDT,0.2846,456.0,0.2845,3422.0,0.2847,459.0,0.2848,344.0
1753591989369,04:53:09.369,huobi,1INCH/USDT:USDT,0.2846,456.0,0.2845,3422.0,0.2847,459.0,0.2848,344.0
1753591989528,04:53:09.528,huobi,1INCH/USDT:USDT,0.2846,456.0,0.2845,3422.0,0.2847,459.0,0.2848,344.0
1753591989689,04:53:09.689,huobi,1INCH/USDT:USDT,0.2846,456.0,0.2845,3422.0,0.2847,459.0,0.2848,344.0
1753591989842,04:53:09.842,huobi,1INCH/USDT:USDT,0.2846,456.0,0.2845,3422.0,0.2847,459.0,0.2848,344.0
1753591989847,04:53:09.847,huobi,1INCH/USDT:USDT,0.2846,456.0,0.2845,3422.0,0.2847,105.0,0.2848,344.0
1753591989999,04:53:09.999,huobi,1INCH/USDT:USDT,0.2846,456.0,0.2845,3422.0,0.2847,459.0,0.2848,344.0
1753591990155,04:53:10.155,huobi,1INCH/USDT:USDT,0.2846,456.0,0.2845,3422.0,0.2847,459.0,0.2848,344.0
1753591990308,04:53:10.308,huobi,1INCH/USDT:USDT,0.2846,456.0,0.2845,3422.0,0.2847,459.0,0.2848,344.0
1753591990459,04:53:10.459,huobi,1INCH/USDT:USDT,0.2846,456.0,0.2845,3422.0,0.2847,459.0,0.2848,344.0
1753591990613,04:53:10.613,huobi,1INCH/USDT:USDT,0.2846,456.0,0.2845,3422.0,0.2847,459.0,0.2848,344.0
1753591990768,04:53:10.768,huobi,1INCH/USDT:USDT,0.2846,456.0,0.2845,3422.0,0.2847,459.0,0.2848,344.0
1753591990924,04:53:10.924,huobi,1INCH/USDT:USDT,0.2846,456.0,0.2845,3422.0,0.2847,459.0,0.2848,344.0
1753591990929,04:53:10.929,huobi,1INCH/USDT:USDT,0.2846,456.0,0.2845,3422.0,0.2847,105.0,0.2848,344.0
1753591991078,04:53:11.078,huobi,1INCH/USDT:USDT,0.2846,456.0,0.2845,3422.0,0.2847,459.0,0.2848,344.0
1753591991233,04:53:11.233,huobi,1INCH/USDT:USDT,0.2846,456.0,0.2845,3422.0,0.2847,459.0,0.2848,344.0
1753591991399,04:53:11.399,huobi,1INCH/USDT:USDT,0.2846,456.0,0.2845,3422.0,0.2847,459.0,0.2848,344.0
1753591991563,04:53:11.563,huobi,1INCH/USDT:USDT,0.2846,456.0,0.2845,3422.0,0.2847,459.0,0.2848,344.0
1753591991695,04:53:11.695,huobi,1INCH/USDT:USDT,0.2846,456.0,0.2845,3422.0,0.2847,459.0,0.2848,344.0
1753591991864,04:53:11.864,huobi,1INCH/USDT:USDT,0.2846,456.0,0.2845,3422.0,0.2847,459.0,0.2848,344.0
1753591992000,04:53:12.000,huobi,1INCH/USDT:USDT,0.2846,456.0,0.2845,3422.0,0.2847,459.0,0.2848,344.0
1753591992006,04:53:12.006,huobi,1INCH/USDT:USDT,0.2846,456.0,0.2845,3422.0,0.2847,105.0,0.2848,344.0
1753591992157,04:53:12.157,huobi,1INCH/USDT:USDT,0.2846,456.0,0.2845,3422.0,0.2847,459.0,0.2848,344.0
1753591992163,04:53:12.163,huobi,1INCH/USDT:USDT,0.2846,456.0,0.2845,3422.0,0.2847,105.0,0.2848,344.0
1753591992330,04:53:12.330,huobi,1INCH/USDT:USDT,0.2846,456.0,0.2845,3422.0,0.2847,459.0,0.2848,344.0
1753591992338,04:53:12.338,huobi,1INCH/USDT:USDT,0.2846,103.0,0.2845,344.0,0.2847,459.0,0.2848,344.0
1753591992394,04:53:12.394,huobi,1INCH/USDT:USDT,0.2846,103.0,0.2845,344.0,0.2847,105.0,0.2848,3422.0
1753591992409,04:53:12.409,huobi,1INCH/USDT:USDT,0.2846,103.0,0.2845,344.0,0.2847,105.0,0.2848,3422.0
1753591992429,04:53:12.429,huobi,1INCH/USDT:USDT,0.2846,103.0,0.2845,344.0,0.2847,105.0,0.2848,3422.0
1753591992466,04:53:12.466,huobi,1INCH/USDT:USDT,0.2846,103.0,0.2845,344.0,0.2847,105.0,0.2848,3422.0
1753591992511,04:53:12.511,huobi,1INCH/USDT:USDT,0.2846,103.0,0.2845,344.0,0.2847,459.0,0.2848,3422.0
1753591992526,04:53:12.526,huobi,1INCH/USDT:USDT,0.2846,103.0,0.2845,344.0,0.2847,459.0,0.2848,3422.0
1753591992590,04:53:12.590,huobi,1INCH/USDT:USDT,0.2846,103.0,0.2845,344.0,0.2847,459.0,0.2848,3422.0
1753591992732,04:53:12.732,huobi,1INCH/USDT:USDT,0.2846,103.0,0.2845,344.0,0.2847,459.0,0.2848,3422.0
1753591992808,04:53:12.808,huobi,1INCH/USDT:USDT,0.2846,103.0,0.2845,344.0,0.2847,459.0,0.2848,3422.0
1753591992922,04:53:12.922,huobi,1INCH/USDT:USDT,0.2846,103.0,0.2845,344.0,0.2847,459.0,0.2848,3422.0
1753591992972,04:53:12.972,huobi,1INCH/USDT:USDT,0.2846,103.0,0.2845,344.0,0.2847,459.0,0.2848,3422.0
1753591993363,04:53:13.363,huobi,1INCH/USDT:USDT,0.2846,103.0,0.2845,344.0,0.2847,459.0,0.2848,3422.0
1753591993399,04:53:13.399,huobi,1INCH/USDT:USDT,0.2846,103.0,0.2845,344.0,0.2847,459.0,0.2848,3422.0
1753591993438,04:53:13.438,huobi,1INCH/USDT:USDT,0.2846,103.0,0.2845,344.0,0.2847,459.0,0.2848,3422.0
1753591993444,04:53:13.444,huobi,1INCH/USDT:USDT,0.2846,103.0,0.2845,344.0,0.2847,459.0,0.2848,3422.0
1753591994002,04:53:14.002,huobi,1INCH/USDT:USDT,0.2846,103.0,0.2845,344.0,0.2847,459.0,0.2848,3422.0
1753591994898,04:53:14.898,huobi,1INCH/USDT:USDT,0.2846,103.0,0.2845,344.0,0.2847,459.0,0.2848,3422.0
1753591995467,04:53:15.467,huobi,1INCH/USDT:USDT,0.2846,103.0,0.2845,344.0,0.2847,459.0,0.2848,3422.0
1753591996360,04:53:16.360,huobi,1INCH/USDT:USDT,0.2846,103.0,0.2845,344.0,0.2847,459.0,0.2848,3422.0
1753591998877,04:53:18.877,huobi,1INCH/USDT:USDT,0.2846,450.0,0.2845,344.0,0.2847,459.0,0.2848,3422.0
1753592001564,04:53:21.564,huobi,1INCH/USDT:USDT,0.2846,450.0,0.2845,344.0,0.2847,459.0,0.2848,3422.0
1753592001716,04:53:21.716,huobi,1INCH/USDT:USDT,0.2846,450.0,0.2845,344.0,0.2847,459.0,0.2848,3422.0
1753592001868,04:53:21.868,huobi,1INCH/USDT:USDT,0.2846,450.0,0.2845,344.0,0.2847,459.0,0.2848,3422.0
1753592002241,04:53:22.241,huobi,1INCH/USDT:USDT,0.2846,450.0,0.2845,344.0,0.2847,459.0,0.2848,3422.0
1753592003069,04:53:23.069,huobi,1INCH/USDT:USDT,0.2846,450.0,0.2845,344.0,0.2847,459.0,0.2848,3422.0
1753592003076,04:53:23.076,huobi,1INCH/USDT:USDT,0.2846,103.0,0.2845,344.0,0.2847,459.0,0.2848,3422.0
1753592003225,04:53:23.225,huobi,1INCH/USDT:USDT,0.2846,450.0,0.2845,344.0,0.2847,459.0,0.2848,3422.0
1753592003232,04:53:23.232,huobi,1INCH/USDT:USDT,0.2846,103.0,0.2845,344.0,0.2847,459.0,0.2848,3422.0
1753592003329,04:53:23.329,huobi,1INCH/USDT:USDT,0.2846,103.0,0.2845,344.0,0.2847,459.0,0.2848,3422.0
1753592003381,04:53:23.381,huobi,1INCH/USDT:USDT,0.2846,450.0,0.2845,344.0,0.2847,459.0,0.2848,344.0
1753592003432,04:53:23.432,huobi,1INCH/USDT:USDT,0.2846,103.0,0.2845,344.0,0.2847,459.0,0.2848,3422.0
1753592003477,04:53:23.477,huobi,1INCH/USDT:USDT,0.2846,103.0,0.2845,344.0,0.2847,459.0,0.2848,344.0
1753592003530,04:53:23.530,huobi,1INCH/USDT:USDT,0.2846,450.0,0.2845,344.0,0.2847,459.0,0.2848,344.0
1753592003620,04:53:23.620,huobi,1INCH/USDT:USDT,0.2846,103.0,0.2845,344.0,0.2847,459.0,0.2848,344.0
1753592003686,04:53:23.686,huobi,1INCH/USDT:USDT,0.2846,450.0,0.2845,344.0,0.2847,459.0,0.2848,344.0
1753592003838,04:53:23.838,huobi,1INCH/USDT:USDT,0.2846,450.0,0.2845,344.0,0.2847,459.0,0.2848,344.0
1753592003865,04:53:23.865,huobi,1INCH/USDT:USDT,0.2846,103.0,0.2845,344.0,0.2847,459.0,0.2848,344.0
1753592004001,04:53:24.001,huobi,1INCH/USDT:USDT,0.2846,450.0,0.2845,344.0,0.2847,459.0,0.2848,344.0
1753592004015,04:53:24.015,huobi,1INCH/USDT:USDT,0.2846,450.0,0.2845,344.0,0.2847,459.0,0.2848,344.0
1753592004160,04:53:24.160,huobi,1INCH/USDT:USDT,0.2846,450.0,0.2845,344.0,0.2847,459.0,0.2848,344.0
1753592004350,04:53:24.350,huobi,1INCH/USDT:USDT,0.2846,450.0,0.2845,344.0,0.2847,459.0,0.2848,344.0
1753592004382,04:53:24.382,huobi,1INCH/USDT:USDT,0.2846,103.0,0.2845,344.0,0.2847,459.0,0.2848,344.0
1753592004471,04:53:24.471,huobi,1INCH/USDT:USDT,0.2846,450.0,0.2845,344.0,0.2847,459.0,0.2848,344.0
1753592004630,04:53:24.630,huobi,1INCH/USDT:USDT,0.2846,450.0,0.2845,344.0,0.2847,459.0,0.2848,344.0
1753592004636,04:53:24.636,huobi,1INCH/USDT:USDT,0.2846,103.0,0.2845,344.0,0.2847,459.0,0.2848,344.0
1753592004780,04:53:24.780,huobi,1INCH/USDT:USDT,0.2846,450.0,0.2845,344.0,0.2847,459.0,0.2848,344.0
1753592004785,04:53:24.785,huobi,1INCH/USDT:USDT,0.2846,103.0,0.2845,344.0,0.2847,459.0,0.2848,344.0
1753592004948,04:53:24.948,huobi,1INCH/USDT:USDT,0.2846,450.0,0.2845,344.0,0.2847,459.0,0.2848,344.0
1753592005101,04:53:25.101,huobi,1INCH/USDT:USDT,0.2846,450.0,0.2845,344.0,0.2847,459.0,0.2848,344.0
1753592005143,04:53:25.143,huobi,1INCH/USDT:USDT,0.2846,103.0,0.2845,344.0,0.2847,459.0,0.2848,344.0
1753592005200,04:53:25.200,huobi,1INCH/USDT:USDT,0.2846,103.0,0.2845,344.0,0.2847,459.0,0.2848,344.0
1753592005255,04:53:25.255,huobi,1INCH/USDT:USDT,0.2846,450.0,0.2845,344.0,0.2847,459.0,0.2848,344.0
1753592005421,04:53:25.421,huobi,1INCH/USDT:USDT,0.2846,450.0,0.2845,344.0,0.2847,459.0,0.2848,344.0
1753592005589,04:53:25.589,huobi,1INCH/USDT:USDT,0.2846,450.0,0.2845,344.0,0.2847,459.0,0.2848,344.0
1753592005596,04:53:25.596,huobi,1INCH/USDT:USDT,0.2846,103.0,0.2845,344.0,0.2847,459.0,0.2848,344.0
1753592005708,04:53:25.708,huobi,1INCH/USDT:USDT,0.2846,103.0,0.2845,344.0,0.2847,459.0,0.2848,344.0
1753592005742,04:53:25.742,huobi,1INCH/USDT:USDT,0.2846,450.0,0.2845,344.0,0.2847,459.0,0.2848,344.0
1753592005754,04:53:25.754,huobi,1INCH/USDT:USDT,0.2846,103.0,0.2845,344.0,0.2847,459.0,0.2848,344.0
1753592005898,04:53:25.898,huobi,1INCH/USDT:USDT,0.2846,450.0,0.2845,344.0,0.2847,459.0,0.2848,344.0
1753592006054,04:53:26.054,huobi,1INCH/USDT:USDT,0.2846,450.0,0.2845,344.0,0.2847,459.0,0.2848,344.0
1753592006210,04:53:26.210,huobi,1INCH/USDT:USDT,0.2846,450.0,0.2845,344.0,0.2847,459.0,0.2848,344.0
1753592006364,04:53:26.364,huobi,1INCH/USDT:USDT,0.2846,450.0,0.2845,344.0,0.2847,459.0,0.2848,344.0
1753592006513,04:53:26.513,huobi,1INCH/USDT:USDT,0.2846,450.0,0.2845,344.0,0.2847,459.0,0.2848,344.0
1753592006676,04:53:26.676,huobi,1INCH/USDT:USDT,0.2846,450.0,0.2845,344.0,0.2847,459.0,0.2848,344.0
1753592006773,04:53:26.773,huobi,1INCH/USDT:USDT,0.2846,103.0,0.2845,344.0,0.2847,459.0,0.2848,344.0
1753592006835,04:53:26.835,huobi,1INCH/USDT:USDT,0.2846,450.0,0.2845,344.0,0.2847,459.0,0.2848,344.0
1753592006993,04:53:26.993,huobi,1INCH/USDT:USDT,0.2846,450.0,0.2845,344.0,0.2847,459.0,0.2848,344.0
1753592007148,04:53:27.148,huobi,1INCH/USDT:USDT,0.2846,450.0,0.2845,344.0,0.2847,459.0,0.2848,344.0
1753592007311,04:53:27.311,huobi,1INCH/USDT:USDT,0.2846,450.0,0.2845,344.0,0.2847,459.0,0.2848,344.0
1753592007458,04:53:27.458,huobi,1INCH/USDT:USDT,0.2846,450.0,0.2845,344.0,0.2847,459.0,0.2848,344.0
1753592007611,04:53:27.611,huobi,1INCH/USDT:USDT,0.2846,450.0,0.2845,344.0,0.2847,459.0,0.2848,344.0
1753592007772,04:53:27.772,huobi,1INCH/USDT:USDT,0.2846,450.0,0.2845,344.0,0.2847,459.0,0.2848,344.0
1753592007927,04:53:27.927,huobi,1INCH/USDT:USDT,0.2846,450.0,0.2845,344.0,0.2847,459.0,0.2848,344.0
1753592008079,04:53:28.079,huobi,1INCH/USDT:USDT,0.2846,450.0,0.2845,344.0,0.2847,459.0,0.2848,344.0
1753592008086,04:53:28.086,huobi,1INCH/USDT:USDT,0.2846,103.0,0.2845,344.0,0.2847,459.0,0.2848,344.0
1753592008233,04:53:28.233,huobi,1INCH/USDT:USDT,0.2846,450.0,0.2845,344.0,0.2847,459.0,0.2848,344.0
1753592008239,04:53:28.239,huobi,1INCH/USDT:USDT,0.2846,103.0,0.2845,344.0,0.2847,459.0,0.2848,344.0
1753592008385,04:53:28.385,huobi,1INCH/USDT:USDT,0.2846,450.0,0.2845,344.0,0.2847,459.0,0.2848,344.0
1753592008390,04:53:28.390,huobi,1INCH/USDT:USDT,0.2846,103.0,0.2845,344.0,0.2847,459.0,0.2848,344.0
1753592008538,04:53:28.538,huobi,1INCH/USDT:USDT,0.2846,450.0,0.2845,344.0,0.2847,459.0,0.2848,344.0
1753592008707,04:53:28.707,huobi,1INCH/USDT:USDT,0.2846,458.0,0.2845,344.0,0.2847,459.0,0.2848,344.0
1753592008851,04:53:28.851,huobi,1INCH/USDT:USDT,0.2846,458.0,0.2845,344.0,0.2847,459.0,0.2848,344.0
1753592009003,04:53:29.003,huobi,1INCH/USDT:USDT,0.2846,458.0,0.2845,344.0,0.2847,459.0,0.2848,344.0
1753592009160,04:53:29.160,huobi,1INCH/USDT:USDT,0.2846,458.0,0.2845,344.0,0.2847,459.0,0.2848,344.0
1753592009168,04:53:29.168,huobi,1INCH/USDT:USDT,0.2846,103.0,0.2845,344.0,0.2847,459.0,0.2848,344.0
1753592009316,04:53:29.316,huobi,1INCH/USDT:USDT,0.2846,458.0,0.2845,344.0,0.2847,459.0,0.2848,344.0
1753592009470,04:53:29.470,huobi,1INCH/USDT:USDT,0.2846,458.0,0.2845,344.0,0.2847,459.0,0.2848,344.0
1753592009625,04:53:29.625,huobi,1INCH/USDT:USDT,0.2846,458.0,0.2845,344.0,0.2847,459.0,0.2848,344.0
1753592009786,04:53:29.786,huobi,1INCH/USDT:USDT,0.2846,458.0,0.2845,344.0,0.2847,459.0,0.2848,344.0
1753592009940,04:53:29.940,huobi,1INCH/USDT:USDT,0.2846,458.0,0.2845,344.0,0.2847,459.0,0.2848,344.0
1753592009947,04:53:29.947,huobi,1INCH/USDT:USDT,0.2846,103.0,0.2845,344.0,0.2847,459.0,0.2848,344.0
1753592010080,04:53:30.080,huobi,1INCH/USDT:USDT,0.2846,458.0,0.2845,344.0,0.2847,459.0,0.2848,344.0
1753592010241,04:53:30.241,huobi,1INCH/USDT:USDT,0.2846,458.0,0.2845,344.0,0.2847,459.0,0.2848,344.0
1753592010256,04:53:30.256,huobi,1INCH/USDT:USDT,0.2846,103.0,0.2845,344.0,0.2847,459.0,0.2848,344.0
1753592010399,04:53:30.399,huobi,1INCH/USDT:USDT,0.2846,458.0,0.2845,344.0,0.2847,459.0,0.2848,344.0
1753592010582,04:53:30.582,huobi,1INCH/USDT:USDT,0.2846,458.0,0.2845,344.0,0.2847,459.0,0.2848,344.0
1753592010777,04:53:30.777,huobi,1INCH/USDT:USDT,0.2846,458.0,0.2845,344.0,0.2847,459.0,0.2848,344.0
1753592010928,04:53:30.928,huobi,1INCH/USDT:USDT,0.2846,458.0,0.2845,344.0,0.2847,459.0,0.2848,344.0
1753592011088,04:53:31.088,huobi,1INCH/USDT:USDT,0.2846,458.0,0.2845,344.0,0.2847,459.0,0.2848,344.0
1753592011243,04:53:31.243,huobi,1INCH/USDT:USDT,0.2846,458.0,0.2845,344.0,0.2847,459.0,0.2848,344.0
1753592011396,04:53:31.396,huobi,1INCH/USDT:USDT,0.2846,458.0,0.2845,344.0,0.2847,459.0,0.2848,344.0
1753592011554,04:53:31.554,huobi,1INCH/USDT:USDT,0.2846,458.0,0.2845,344.0,0.2847,459.0,0.2848,344.0
1753592011703,04:53:31.703,huobi,1INCH/USDT:USDT,0.2846,458.0,0.2845,344.0,0.2847,459.0,0.2848,344.0
1753592011715,04:53:31.715,huobi,1INCH/USDT:USDT,0.2846,103.0,0.2845,344.0,0.2847,459.0,0.2848,344.0
1753592011864,04:53:31.864,huobi,1INCH/USDT:USDT,0.2846,458.0,0.2845,344.0,0.2847,459.0,0.2848,344.0
1753592011870,04:53:31.870,huobi,1INCH/USDT:USDT,0.2846,103.0,0.2845,344.0,0.2847,459.0,0.2848,344.0
1753592012018,04:53:32.018,huobi,1INCH/USDT:USDT,0.2846,458.0,0.2845,344.0,0.2847,459.0,0.2848,344.0
1753592012111,04:53:32.111,huobi,1INCH/USDT:USDT,0.2846,103.0,0.2845,344.0,0.2847,459.0,0.2848,344.0
1753592012172,04:53:32.172,huobi,1INCH/USDT:USDT,0.2846,458.0,0.2845,344.0,0.2847,459.0,0.2848,344.0
1753592012323,04:53:32.323,huobi,1INCH/USDT:USDT,0.2846,458.0,0.2845,344.0,0.2847,459.0,0.2848,344.0
1753592012482,04:53:32.482,huobi,1INCH/USDT:USDT,0.2846,458.0,0.2845,344.0,0.2847,459.0,0.2848,344.0
1753592012643,04:53:32.643,huobi,1INCH/USDT:USDT,0.2846,458.0,0.2845,344.0,0.2847,459.0,0.2848,344.0
1753592012649,04:53:32.649,huobi,1INCH/USDT:USDT,0.2846,103.0,0.2845,344.0,0.2847,459.0,0.2848,344.0
1753592012797,04:53:32.797,huobi,1INCH/USDT:USDT,0.2846,458.0,0.2845,344.0,0.2847,459.0,0.2848,344.0
1753592012951,04:53:32.951,huobi,1INCH/USDT:USDT,0.2846,458.0,0.2845,344.0,0.2847,459.0,0.2848,344.0
1753592013103,04:53:33.103,huobi,1INCH/USDT:USDT,0.2846,458.0,0.2845,344.0,0.2847,459.0,0.2848,344.0
1753592013260,04:53:33.260,huobi,1INCH/USDT:USDT,0.2846,458.0,0.2845,344.0,0.2847,459.0,0.2848,344.0
1753592013425,04:53:33.425,huobi,1INCH/USDT:USDT,0.2846,458.0,0.2845,344.0,0.2847,459.0,0.2848,344.0
1753592013428,04:53:33.428,huobi,1INCH/USDT:USDT,0.2846,103.0,0.2845,344.0,0.2847,459.0,0.2848,344.0
1753592013582,04:53:33.582,huobi,1INCH/USDT:USDT,0.2846,458.0,0.2845,344.0,0.2847,459.0,0.2848,344.0
1753592013754,04:53:33.754,huobi,1INCH/USDT:USDT,0.2846,458.0,0.2845,344.0,0.2847,459.0,0.2848,344.0
1753592013760,04:53:33.760,huobi,1INCH/USDT:USDT,0.2846,103.0,0.2845,344.0,0.2847,459.0,0.2848,344.0
1753592013906,04:53:33.906,huobi,1INCH/USDT:USDT,0.2846,458.0,0.2845,344.0,0.2847,459.0,0.2848,344.0
1753592013912,04:53:33.912,huobi,1INCH/USDT:USDT,0.2846,103.0,0.2845,344.0,0.2847,459.0,0.2848,344.0
1753592014061,04:53:34.061,huobi,1INCH/USDT:USDT,0.2846,458.0,0.2845,344.0,0.2847,459.0,0.2848,344.0
1753592014222,04:53:34.222,huobi,1INCH/USDT:USDT,0.2846,458.0,0.2845,344.0,0.2847,459.0,0.2848,344.0
1753592014376,04:53:34.376,huobi,1INCH/USDT:USDT,0.2846,458.0,0.2845,344.0,0.2847,459.0,0.2848,344.0
1753592014541,04:53:34.541,huobi,1INCH/USDT:USDT,0.2846,458.0,0.2845,344.0,0.2847,459.0,0.2848,344.0
1753592014690,04:53:34.690,huobi,1INCH/USDT:USDT,0.2846,458.0,0.2845,344.0,0.2847,459.0,0.2848,344.0
1753592014851,04:53:34.851,huobi,1INCH/USDT:USDT,0.2846,458.0,0.2845,344.0,0.2847,459.0,0.2848,344.0
1753592015001,04:53:35.001,huobi,1INCH/USDT:USDT,0.2846,458.0,0.2845,344.0,0.2847,459.0,0.2848,344.0
1753592015155,04:53:35.155,huobi,1INCH/USDT:USDT,0.2846,458.0,0.2845,344.0,0.2847,459.0,0.2848,344.0
1753592015309,04:53:35.309,huobi,1INCH/USDT:USDT,0.2846,458.0,0.2845,344.0,0.2847,459.0,0.2848,344.0
1753592015315,04:53:35.315,huobi,1INCH/USDT:USDT,0.2846,103.0,0.2845,344.0,0.2847,459.0,0.2848,344.0
1753592015463,04:53:35.463,huobi,1INCH/USDT:USDT,0.2846,458.0,0.2845,344.0,0.2847,459.0,0.2848,344.0
1753592015468,04:53:35.468,huobi,1INCH/USDT:USDT,0.2846,103.0,0.2845,344.0,0.2847,459.0,0.2848,344.0
1753592015615,04:53:35.615,huobi,1INCH/USDT:USDT,0.2846,458.0,0.2845,344.0,0.2847,459.0,0.2848,344.0
1753592015652,04:53:35.652,huobi,1INCH/USDT:USDT,0.2846,103.0,0.2845,344.0,0.2847,459.0,0.2848,344.0
1753592015678,04:53:35.678,huobi,1INCH/USDT:USDT,0.2846,103.0,0.2845,344.0,0.2847,105.0,0.2848,344.0
1753592015741,04:53:35.741,huobi,1INCH/USDT:USDT,0.2846,103.0,0.2845,344.0,0.2847,105.0,0.2848,344.0
1753592015768,04:53:35.768,huobi,1INCH/USDT:USDT,0.2846,103.0,0.2845,344.0,0.2847,105.0,0.2848,344.0
1753592015814,04:53:35.814,huobi,1INCH/USDT:USDT,0.2846,103.0,0.2845,344.0,0.2847,105.0,0.2848,344.0
1753592015881,04:53:35.881,huobi,1INCH/USDT:USDT,0.2846,103.0,0.2845,344.0,0.2847,105.0,0.2848,344.0
1753592015917,04:53:35.917,huobi,1INCH/USDT:USDT,0.2846,103.0,0.2845,344.0,0.2847,105.0,0.2848,344.0
1753592015971,04:53:35.971,huobi,1INCH/USDT:USDT,0.2846,103.0,0.2845,344.0,0.2847,105.0,0.2848,344.0
1753592016039,04:53:36.039,huobi,1INCH/USDT:USDT,0.2846,103.0,0.2845,344.0,0.2847,105.0,0.2848,344.0
1753592016072,04:53:36.072,huobi,1INCH/USDT:USDT,0.2846,458.0,0.2845,344.0,0.2847,105.0,0.2848,344.0
1753592016226,04:53:36.226,huobi,1INCH/USDT:USDT,0.2846,458.0,0.2845,344.0,0.2847,105.0,0.2848,344.0
1753592016318,04:53:36.318,huobi,1INCH/USDT:USDT,0.2846,103.0,0.2845,344.0,0.2847,105.0,0.2848,344.0
1753592016342,04:53:36.342,huobi,1INCH/USDT:USDT,0.2846,103.0,0.2845,344.0,0.2847,105.0,0.2848,344.0
1753592016381,04:53:36.381,huobi,1INCH/USDT:USDT,0.2846,458.0,0.2845,344.0,0.2847,105.0,0.2848,344.0
1753592016533,04:53:36.533,huobi,1INCH/USDT:USDT,0.2846,458.0,0.2845,344.0,0.2847,105.0,0.2848,344.0
1753592016687,04:53:36.687,huobi,1INCH/USDT:USDT,0.2846,458.0,0.2845,344.0,0.2847,105.0,0.2848,344.0
1753592016840,04:53:36.840,huobi,1INCH/USDT:USDT,0.2846,458.0,0.2845,344.0,0.2847,105.0,0.2848,344.0
1753592016846,04:53:36.846,huobi,1INCH/USDT:USDT,0.2846,103.0,0.2845,344.0,0.2847,105.0,0.2848,344.0
1753592016995,04:53:36.995,huobi,1INCH/USDT:USDT,0.2846,458.0,0.2845,344.0,0.2847,105.0,0.2848,344.0
1753592017001,04:53:37.001,huobi,1INCH/USDT:USDT,0.2846,103.0,0.2845,344.0,0.2847,105.0,0.2848,344.0
1753592017150,04:53:37.150,huobi,1INCH/USDT:USDT,0.2846,458.0,0.2845,344.0,0.2847,105.0,0.2848,344.0
1753592017310,04:53:37.310,huobi,1INCH/USDT:USDT,0.2846,458.0,0.2845,344.0,0.2847,105.0,0.2848,344.0
1753592017461,04:53:37.461,huobi,1INCH/USDT:USDT,0.2846,458.0,0.2845,344.0,0.2847,105.0,0.2848,344.0
1753592017617,04:53:37.617,huobi,1INCH/USDT:USDT,0.2846,458.0,0.2845,344.0,0.2847,105.0,0.2848,344.0
1753592017771,04:53:37.771,huobi,1INCH/USDT:USDT,0.2846,458.0,0.2845,344.0,0.2847,105.0,0.2848,344.0
1753592017776,04:53:37.776,huobi,1INCH/USDT:USDT,0.2846,103.0,0.2845,344.0,0.2847,105.0,0.2848,344.0
1753592017809,04:53:37.809,huobi,1INCH/USDT:USDT,0.2846,103.0,0.2845,344.0,0.2847,460.0,0.2848,344.0
1753592017929,04:53:37.929,huobi,1INCH/USDT:USDT,0.2846,458.0,0.2845,344.0,0.2847,105.0,0.2848,344.0
1753592017961,04:53:37.961,huobi,1INCH/USDT:USDT,0.2846,103.0,0.2845,344.0,0.2847,460.0,0.2848,344.0
1753592018078,04:53:38.078,huobi,1INCH/USDT:USDT,0.2846,458.0,0.2845,344.0,0.2847,105.0,0.2848,344.0
1753592018165,04:53:38.165,huobi,1INCH/USDT:USDT,0.2846,103.0,0.2845,344.0,0.2847,460.0,0.2848,344.0
1753592018173,04:53:38.173,huobi,1INCH/USDT:USDT,0.2846,103.0,0.2845,344.0,0.2847,105.0,0.2848,344.0
1753592018235,04:53:38.235,huobi,1INCH/USDT:USDT,0.2846,458.0,0.2845,344.0,0.2847,105.0,0.2848,344.0
1753592018292,04:53:38.292,huobi,1INCH/USDT:USDT,0.2846,103.0,0.2845,344.0,0.2847,460.0,0.2848,344.0
1753592018381,04:53:38.381,huobi,1INCH/USDT:USDT,0.2846,458.0,0.2845,344.0,0.2847,105.0,0.2848,344.0
1753592018425,04:53:38.425,huobi,1INCH/USDT:USDT,0.2846,103.0,0.2845,344.0,0.2847,460.0,0.2848,344.0
1753592018533,04:53:38.533,huobi,1INCH/USDT:USDT,0.2846,458.0,0.2845,344.0,0.2847,105.0,0.2848,344.0
1753592018582,04:53:38.582,huobi,1INCH/USDT:USDT,0.2846,103.0,0.2845,344.0,0.2847,460.0,0.2848,344.0
1753592018588,04:53:38.588,huobi,1INCH/USDT:USDT,0.2846,103.0,0.2845,344.0,0.2847,105.0,0.2848,344.0
1753592018693,04:53:38.693,huobi,1INCH/USDT:USDT,0.2846,445.0,0.2845,344.0,0.2847,105.0,0.2848,344.0
1753592018854,04:53:38.854,huobi,1INCH/USDT:USDT,0.2846,445.0,0.2845,344.0,0.2847,105.0,0.2848,344.0
1753592018862,04:53:38.862,huobi,1INCH/USDT:USDT,0.2846,103.0,0.2845,344.0,0.2847,105.0,0.2848,344.0
1753592019017,04:53:39.017,huobi,1INCH/USDT:USDT,0.2846,445.0,0.2845,344.0,0.2847,105.0,0.2848,344.0
1753592019163,04:53:39.163,huobi,1INCH/USDT:USDT,0.2846,445.0,0.2845,344.0,0.2847,105.0,0.2848,344.0
1753592019314,04:53:39.314,huobi,1INCH/USDT:USDT,0.2846,445.0,0.2845,344.0,0.2847,105.0,0.2848,344.0
1753592019468,04:53:39.468,huobi,1INCH/USDT:USDT,0.2846,445.0,0.2845,344.0,0.2847,105.0,0.2848,344.0
1753592019633,04:53:39.633,huobi,1INCH/USDT:USDT,0.2846,445.0,0.2845,344.0,0.2847,105.0,0.2848,344.0
1753592019639,04:53:39.639,huobi,1INCH/USDT:USDT,0.2846,103.0,0.2845,344.0,0.2847,105.0,0.2848,344.0
1753592019786,04:53:39.786,huobi,1INCH/USDT:USDT,0.2846,445.0,0.2845,344.0,0.2847,105.0,0.2848,344.0
1753592019941,04:53:39.941,huobi,1INCH/USDT:USDT,0.2846,445.0,0.2845,344.0,0.2847,105.0,0.2848,344.0
1753592020096,04:53:40.096,huobi,1INCH/USDT:USDT,0.2846,445.0,0.2845,344.0,0.2847,105.0,0.2848,344.0
1753592020248,04:53:40.248,huobi,1INCH/USDT:USDT,0.2846,445.0,0.2845,344.0,0.2847,105.0,0.2848,344.0
1753592020400,04:53:40.400,huobi,1INCH/USDT:USDT,0.2846,445.0,0.2845,344.0,0.2847,105.0,0.2848,344.0
1753592020549,04:53:40.549,huobi,1INCH/USDT:USDT,0.2846,445.0,0.2845,344.0,0.2847,105.0,0.2848,344.0
1753592020707,04:53:40.707,huobi,1INCH/USDT:USDT,0.2846,445.0,0.2845,344.0,0.2847,105.0,0.2848,344.0
1753592020852,04:53:40.852,huobi,1INCH/USDT:USDT,0.2846,445.0,0.2845,344.0,0.2847,105.0,0.2848,344.0
1753592021005,04:53:41.005,huobi,1INCH/USDT:USDT,0.2846,445.0,0.2845,344.0,0.2847,105.0,0.2848,344.0
1753592021169,04:53:41.169,huobi,1INCH/USDT:USDT,0.2846,445.0,0.2845,344.0,0.2847,105.0,0.2848,344.0
1753592021323,04:53:41.323,huobi,1INCH/USDT:USDT,0.2846,445.0,0.2845,344.0,0.2847,105.0,0.2848,344.0
1753592021478,04:53:41.478,huobi,1INCH/USDT:USDT,0.2846,445.0,0.2845,344.0,0.2847,105.0,0.2848,344.0
1753592021628,04:53:41.628,huobi,1INCH/USDT:USDT,0.2846,445.0,0.2845,344.0,0.2847,105.0,0.2848,344.0
1753592021787,04:53:41.787,huobi,1INCH/USDT:USDT,0.2846,445.0,0.2845,344.0,0.2847,105.0,0.2848,344.0
1753592021939,04:53:41.939,huobi,1INCH/USDT:USDT,0.2846,445.0,0.2845,344.0,0.2847,105.0,0.2848,344.0
1753592021945,04:53:41.945,huobi,1INCH/USDT:USDT,0.2846,103.0,0.2845,344.0,0.2847,105.0,0.2848,344.0
1753592022090,04:53:42.090,huobi,1INCH/USDT:USDT,0.2846,445.0,0.2845,344.0,0.2847,105.0,0.2848,344.0
1753592022098,04:53:42.098,huobi,1INCH/USDT:USDT,0.2846,103.0,0.2845,344.0,0.2847,105.0,0.2848,344.0
1753592022248,04:53:42.248,huobi,1INCH/USDT:USDT,0.2846,445.0,0.2845,344.0,0.2847,105.0,0.2848,344.0
1753592022398,04:53:42.398,huobi,1INCH/USDT:USDT,0.2846,445.0,0.2845,344.0,0.2847,105.0,0.2848,344.0
1753592022549,04:53:42.549,huobi,1INCH/USDT:USDT,0.2846,445.0,0.2845,344.0,0.2847,105.0,0.2848,344.0
1753592022701,04:53:42.701,huobi,1INCH/USDT:USDT,0.2846,445.0,0.2845,344.0,0.2847,105.0,0.2848,344.0
1753592022852,04:53:42.852,huobi,1INCH/USDT:USDT,0.2846,445.0,0.2845,344.0,0.2847,105.0,0.2848,344.0
1753592023003,04:53:43.003,huobi,1INCH/USDT:USDT,0.2846,445.0,0.2845,344.0,0.2847,105.0,0.2848,344.0
1753592023158,04:53:43.158,huobi,1INCH/USDT:USDT,0.2846,445.0,0.2845,344.0,0.2847,105.0,0.2848,344.0
1753592023313,04:53:43.313,huobi,1INCH/USDT:USDT,0.2846,445.0,0.2845,344.0,0.2847,105.0,0.2848,344.0
1753592023467,04:53:43.467,huobi,1INCH/USDT:USDT,0.2846,445.0,0.2845,344.0,0.2847,105.0,0.2848,344.0
1753592023619,04:53:43.619,huobi,1INCH/USDT:USDT,0.2846,445.0,0.2845,344.0,0.2847,105.0,0.2848,344.0
1753592023773,04:53:43.773,huobi,1INCH/USDT:USDT,0.2846,445.0,0.2845,344.0,0.2847,105.0,0.2848,344.0
1753592023779,04:53:43.779,huobi,1INCH/USDT:USDT,0.2846,103.0,0.2845,344.0,0.2847,105.0,0.2848,344.0
1753592023949,04:53:43.949,huobi,1INCH/USDT:USDT,0.2846,445.0,0.2845,344.0,0.2847,105.0,0.2848,344.0
1753592023955,04:53:43.955,huobi,1INCH/USDT:USDT,0.2846,103.0,0.2845,344.0,0.2847,105.0,0.2848,344.0
1753592024077,04:53:44.077,huobi,1INCH/USDT:USDT,0.2846,445.0,0.2845,344.0,0.2847,105.0,0.2848,344.0
1753592024232,04:53:44.232,huobi,1INCH/USDT:USDT,0.2846,445.0,0.2845,344.0,0.2847,105.0,0.2848,344.0
1753592024387,04:53:44.387,huobi,1INCH/USDT:USDT,0.2846,445.0,0.2845,344.0,0.2847,105.0,0.2848,344.0
1753592024541,04:53:44.541,huobi,1INCH/USDT:USDT,0.2846,445.0,0.2845,344.0,0.2847,105.0,0.2848,344.0
1753592024752,04:53:44.752,huobi,1INCH/USDT:USDT,0.2846,445.0,0.2845,344.0,0.2847,105.0,0.2848,344.0
1753592024848,04:53:44.848,huobi,1INCH/USDT:USDT,0.2846,445.0,0.2845,344.0,0.2847,105.0,0.2848,344.0
1753592024854,04:53:44.854,huobi,1INCH/USDT:USDT,0.2846,103.0,0.2845,344.0,0.2847,105.0,0.2848,344.0
1753592024999,04:53:44.999,huobi,1INCH/USDT:USDT,0.2846,445.0,0.2845,344.0,0.2847,105.0,0.2848,344.0
1753592025005,04:53:45.005,huobi,1INCH/USDT:USDT,0.2846,103.0,0.2845,344.0,0.2847,105.0,0.2848,344.0
1753592025163,04:53:45.163,huobi,1INCH/USDT:USDT,0.2846,445.0,0.2845,344.0,0.2847,105.0,0.2848,344.0
1753592025324,04:53:45.324,huobi,1INCH/USDT:USDT,0.2846,445.0,0.2845,344.0,0.2847,105.0,0.2848,344.0
1753592025475,04:53:45.475,huobi,1INCH/USDT:USDT,0.2846,445.0,0.2845,344.0,0.2847,105.0,0.2848,344.0
1753592025489,04:53:45.489,huobi,1INCH/USDT:USDT,0.2846,103.0,0.2845,344.0,0.2847,105.0,0.2848,344.0
1753592025630,04:53:45.630,huobi,1INCH/USDT:USDT,0.2846,445.0,0.2845,344.0,0.2847,105.0,0.2848,344.0
1753592025638,04:53:45.638,huobi,1INCH/USDT:USDT,0.2846,103.0,0.2845,344.0,0.2847,105.0,0.2848,344.0
1753592025793,04:53:45.793,huobi,1INCH/USDT:USDT,0.2846,445.0,0.2845,344.0,0.2847,105.0,0.2848,344.0
1753592025943,04:53:45.943,huobi,1INCH/USDT:USDT,0.2846,445.0,0.2845,344.0,0.2847,105.0,0.2848,344.0
1753592026100,04:53:46.100,huobi,1INCH/USDT:USDT,0.2846,445.0,0.2845,344.0,0.2847,105.0,0.2848,344.0
1753592026267,04:53:46.267,huobi,1INCH/USDT:USDT,0.2846,445.0,0.2845,344.0,0.2847,105.0,0.2848,344.0
1753592026421,04:53:46.421,huobi,1INCH/USDT:USDT,0.2846,445.0,0.2845,344.0,0.2847,105.0,0.2848,344.0
1753592026581,04:53:46.581,huobi,1INCH/USDT:USDT,0.2846,445.0,0.2845,344.0,0.2847,105.0,0.2848,344.0
1753592026730,04:53:46.730,huobi,1INCH/USDT:USDT,0.2846,445.0,0.2845,344.0,0.2847,105.0,0.2848,344.0
1753592026815,04:53:46.815,huobi,1INCH/USDT:USDT,0.2846,103.0,0.2845,344.0,0.2847,105.0,0.2848,344.0
1753592026885,04:53:46.885,huobi,1INCH/USDT:USDT,0.2846,445.0,0.2845,344.0,0.2847,105.0,0.2848,344.0
1753592026896,04:53:46.896,huobi,1INCH/USDT:USDT,0.2846,103.0,0.2845,344.0,0.2847,105.0,0.2848,344.0
1753592027039,04:53:47.039,huobi,1INCH/USDT:USDT,0.2846,445.0,0.2845,344.0,0.2847,105.0,0.2848,344.0
1753592027194,04:53:47.194,huobi,1INCH/USDT:USDT,0.2846,445.0,0.2845,344.0,0.2847,105.0,0.2848,344.0
1753592027201,04:53:47.201,huobi,1INCH/USDT:USDT,0.2846,103.0,0.2845,344.0,0.2847,105.0,0.2848,344.0
1753592027351,04:53:47.351,huobi,1INCH/USDT:USDT,0.2846,445.0,0.2845,344.0,0.2847,105.0,0.2848,344.0
1753592027503,04:53:47.503,huobi,1INCH/USDT:USDT,0.2846,445.0,0.2845,344.0,0.2847,105.0,0.2848,344.0
1753592027653,04:53:47.653,huobi,1INCH/USDT:USDT,0.2846,445.0,0.2845,344.0,0.2847,105.0,0.2848,344.0
1753592027805,04:53:47.805,huobi,1INCH/USDT:USDT,0.2846,445.0,0.2845,344.0,0.2847,105.0,0.2848,344.0
1753592027961,04:53:47.961,huobi,1INCH/USDT:USDT,0.2846,445.0,0.2845,344.0,0.2847,105.0,0.2848,344.0
1753592028119,04:53:48.119,huobi,1INCH/USDT:USDT,0.2846,445.0,0.2845,344.0,0.2847,105.0,0.2848,344.0
1753592028267,04:53:48.267,huobi,1INCH/USDT:USDT,0.2846,445.0,0.2845,344.0,0.2847,105.0,0.2848,344.0
1753592028416,04:53:48.416,huobi,1INCH/USDT:USDT,0.2846,445.0,0.2845,344.0,0.2847,105.0,0.2848,344.0
1753592028569,04:53:48.569,huobi,1INCH/USDT:USDT,0.2846,445.0,0.2845,344.0,0.2847,105.0,0.2848,344.0
1753592028727,04:53:48.727,huobi,1INCH/USDT:USDT,0.2846,452.0,0.2845,344.0,0.2847,105.0,0.2848,344.0
1753592028882,04:53:48.882,huobi,1INCH/USDT:USDT,0.2846,452.0,0.2845,344.0,0.2847,105.0,0.2848,344.0
1753592029033,04:53:49.033,huobi,1INCH/USDT:USDT,0.2846,452.0,0.2845,344.0,0.2847,105.0,0.2848,344.0
1753592029189,04:53:49.189,huobi,1INCH/USDT:USDT,0.2846,452.0,0.2845,344.0,0.2847,105.0,0.2848,344.0
1753592029341,04:53:49.341,huobi,1INCH/USDT:USDT,0.2846,452.0,0.2845,344.0,0.2847,105.0,0.2848,344.0
1753592029493,04:53:49.493,huobi,1INCH/USDT:USDT,0.2846,452.0,0.2845,344.0,0.2847,105.0,0.2848,344.0
1753592029645,04:53:49.645,huobi,1INCH/USDT:USDT,0.2846,452.0,0.2845,344.0,0.2847,105.0,0.2848,344.0
1753592029802,04:53:49.802,huobi,1INCH/USDT:USDT,0.2846,452.0,0.2845,344.0,0.2847,105.0,0.2848,344.0
1753592029960,04:53:49.960,huobi,1INCH/USDT:USDT,0.2846,452.0,0.2845,344.0,0.2847,105.0,0.2848,344.0
1753592030116,04:53:50.116,huobi,1INCH/USDT:USDT,0.2846,452.0,0.2845,344.0,0.2847,105.0,0.2848,344.0
1753592030268,04:53:50.268,huobi,1INCH/USDT:USDT,0.2846,452.0,0.2845,344.0,0.2847,105.0,0.2848,344.0
1753592030433,04:53:50.433,huobi,1INCH/USDT:USDT,0.2846,452.0,0.2845,344.0,0.2847,105.0,0.2848,344.0
1753592030438,04:53:50.438,huobi,1INCH/USDT:USDT,0.2846,103.0,0.2845,344.0,0.2847,105.0,0.2848,344.0
1753592030592,04:53:50.592,huobi,1INCH/USDT:USDT,0.2846,452.0,0.2845,344.0,0.2847,105.0,0.2848,344.0
1753592030744,04:53:50.744,huobi,1INCH/USDT:USDT,0.2846,452.0,0.2845,344.0,0.2847,105.0,0.2848,344.0
1753592030918,04:53:50.918,huobi,1INCH/USDT:USDT,0.2846,452.0,0.2845,344.0,0.2847,105.0,0.2848,344.0
1753592031077,04:53:51.077,huobi,1INCH/USDT:USDT,0.2846,452.0,0.2845,344.0,0.2847,105.0,0.2848,344.0
1753592031236,04:53:51.236,huobi,1INCH/USDT:USDT,0.2846,452.0,0.2845,344.0,0.2847,105.0,0.2848,344.0
1753592031389,04:53:51.389,huobi,1INCH/USDT:USDT,0.2846,452.0,0.2845,344.0,0.2847,105.0,0.2848,344.0
1753592031396,04:53:51.396,huobi,1INCH/USDT:USDT,0.2846,103.0,0.2845,344.0,0.2847,105.0,0.2848,344.0
1753592031575,04:53:51.575,huobi,1INCH/USDT:USDT,0.2846,452.0,0.2845,344.0,0.2847,105.0,0.2848,344.0
1753592031582,04:53:51.582,huobi,1INCH/USDT:USDT,0.2846,103.0,0.2845,344.0,0.2847,105.0,0.2848,344.0
1753592031695,04:53:51.695,huobi,1INCH/USDT:USDT,0.2846,452.0,0.2845,344.0,0.2847,105.0,0.2848,344.0
1753592031846,04:53:51.846,huobi,1INCH/USDT:USDT,0.2846,452.0,0.2845,344.0,0.2847,105.0,0.2848,344.0
1753592032002,04:53:52.002,huobi,1INCH/USDT:USDT,0.2846,452.0,0.2845,344.0,0.2847,105.0,0.2848,344.0
1753592032150,04:53:52.150,huobi,1INCH/USDT:USDT,0.2846,452.0,0.2845,344.0,0.2847,105.0,0.2848,344.0
1753592032198,04:53:52.198,huobi,1INCH/USDT:USDT,0.2846,103.0,0.2845,3422.0,0.2847,105.0,0.2848,344.0
1753592032232,04:53:52.232,huobi,1INCH/USDT:USDT,0.2846,103.0,0.2845,3422.0,0.2847,105.0,0.2848,344.0
1753592032238,04:53:52.238,huobi,1INCH/USDT:USDT,0.2846,103.0,0.2845,3422.0,0.2847,105.0,0.2848,344.0
1753592032268,04:53:52.268,huobi,1INCH/USDT:USDT,0.2846,103.0,0.2845,3422.0,0.2847,105.0,0.2848,344.0
1753592032301,04:53:52.301,huobi,1INCH/USDT:USDT,0.2846,452.0,0.2845,3422.0,0.2847,105.0,0.2848,344.0
1753592032635,04:53:52.635,huobi,1INCH/USDT:USDT,0.2846,452.0,0.2845,3422.0,0.2847,105.0,0.2848,344.0
1753592032687,04:53:52.687,huobi,1INCH/USDT:USDT,0.2846,452.0,0.2845,3422.0,0.2847,105.0,0.2848,344.0
1753592032724,04:53:52.724,huobi,1INCH/USDT:USDT,0.2847,349.0,0.2846,452.0,0.2848,344.0,0.2849,3425.0
1753592033973,04:53:53.973,huobi,1INCH/USDT:USDT,0.2847,349.0,0.2846,452.0,0.2848,449.0,0.2849,3425.0
1753592033990,04:53:53.990,huobi,1INCH/USDT:USDT,0.2847,349.0,0.2846,349.0,0.2848,449.0,0.2849,3425.0
1753592034022,04:53:54.022,huobi,1INCH/USDT:USDT,0.2847,103.0,0.2846,349.0,0.2848,449.0,0.2849,3425.0
1753592034243,04:53:54.243,huobi,1INCH/USDT:USDT,0.2847,452.0,0.2846,349.0,0.2848,449.0,0.2849,3425.0
1753592034250,04:53:54.250,huobi,1INCH/USDT:USDT,0.2847,103.0,0.2846,349.0,0.2848,449.0,0.2849,3425.0
1753592034395,04:53:54.395,huobi,1INCH/USDT:USDT,0.2847,452.0,0.2846,349.0,0.2848,449.0,0.2849,3425.0
1753592034401,04:53:54.401,huobi,1INCH/USDT:USDT,0.2847,103.0,0.2846,349.0,0.2848,449.0,0.2849,3425.0
1753592034548,04:53:54.548,huobi,1INCH/USDT:USDT,0.2847,452.0,0.2846,349.0,0.2848,449.0,0.2849,3425.0
1753592034702,04:53:54.702,huobi,1INCH/USDT:USDT,0.2847,452.0,0.2846,349.0,0.2848,449.0,0.2849,3425.0
1753592034853,04:53:54.853,huobi,1INCH/USDT:USDT,0.2847,452.0,0.2846,349.0,0.2848,449.0,0.2849,3425.0
1753592035010,04:53:55.010,huobi,1INCH/USDT:USDT,0.2847,452.0,0.2846,349.0,0.2848,449.0,0.2849,3425.0
1753592035159,04:53:55.159,huobi,1INCH/USDT:USDT,0.2847,452.0,0.2846,349.0,0.2848,449.0,0.2849,3425.0
1753592035320,04:53:55.320,huobi,1INCH/USDT:USDT,0.2847,452.0,0.2846,349.0,0.2848,449.0,0.2849,3425.0
1753592035325,04:53:55.325,huobi,1INCH/USDT:USDT,0.2847,103.0,0.2846,349.0,0.2848,449.0,0.2849,3425.0
1753592035475,04:53:55.475,huobi,1INCH/USDT:USDT,0.2847,452.0,0.2846,349.0,0.2848,449.0,0.2849,3425.0
1753592035482,04:53:55.482,huobi,1INCH/USDT:USDT,0.2847,103.0,0.2846,349.0,0.2848,449.0,0.2849,3425.0
1753592035638,04:53:55.638,huobi,1INCH/USDT:USDT,0.2847,452.0,0.2846,349.0,0.2848,449.0,0.2849,3425.0
1753592035789,04:53:55.789,huobi,1INCH/USDT:USDT,0.2847,452.0,0.2846,349.0,0.2848,449.0,0.2849,3425.0
1753592035945,04:53:55.945,huobi,1INCH/USDT:USDT,0.2847,452.0,0.2846,349.0,0.2848,449.0,0.2849,3425.0
1753592036101,04:53:56.101,huobi,1INCH/USDT:USDT,0.2847,452.0,0.2846,349.0,0.2848,449.0,0.2849,3425.0
1753592036106,04:53:56.106,huobi,1INCH/USDT:USDT,0.2847,103.0,0.2846,349.0,0.2848,449.0,0.2849,3425.0
1753592036225,04:53:56.225,huobi,1INCH/USDT:USDT,0.2847,103.0,0.2846,349.0,0.2848,449.0,0.2849,3425.0
1753592036255,04:53:56.255,huobi,1INCH/USDT:USDT,0.2847,103.0,0.2846,349.0,0.2848,449.0,0.2849,3425.0
1753592036405,04:53:56.405,huobi,1INCH/USDT:USDT,0.2847,452.0,0.2846,349.0,0.2848,449.0,0.2849,3425.0
1753592036411,04:53:56.411,huobi,1INCH/USDT:USDT,0.2847,103.0,0.2846,349.0,0.2848,449.0,0.2849,3425.0
1753592036555,04:53:56.555,huobi,1INCH/USDT:USDT,0.2847,452.0,0.2846,349.0,0.2848,449.0,0.2849,3425.0
1753592036564,04:53:56.564,huobi,1INCH/USDT:USDT,0.2847,103.0,0.2846,349.0,0.2848,449.0,0.2849,3425.0
1753592036709,04:53:56.709,huobi,1INCH/USDT:USDT,0.2847,452.0,0.2846,349.0,0.2848,449.0,0.2849,3425.0
1753592036773,04:53:56.773,huobi,1INCH/USDT:USDT,0.2847,103.0,0.2846,349.0,0.2848,449.0,0.2849,3425.0
1753592036859,04:53:56.859,huobi,1INCH/USDT:USDT,0.2847,452.0,0.2846,349.0,0.2848,449.0,0.2849,3425.0
1753592037018,04:53:57.018,huobi,1INCH/USDT:USDT,0.2847,452.0,0.2846,349.0,0.2848,449.0,0.2849,3425.0
1753592037164,04:53:57.164,huobi,1INCH/USDT:USDT,0.2847,452.0,0.2846,349.0,0.2848,449.0,0.2849,3425.0
1753592037186,04:53:57.186,huobi,1INCH/USDT:USDT,0.2847,103.0,0.2846,349.0,0.2848,449.0,0.2849,3425.0
1753592037315,04:53:57.315,huobi,1INCH/USDT:USDT,0.2847,452.0,0.2846,349.0,0.2848,449.0,0.2849,3425.0
1753592037471,04:53:57.471,huobi,1INCH/USDT:USDT,0.2847,452.0,0.2846,349.0,0.2848,449.0,0.2849,3425.0
1753592037626,04:53:57.626,huobi,1INCH/USDT:USDT,0.2847,452.0,0.2846,349.0,0.2848,449.0,0.2849,3425.0
1753592037779,04:53:57.779,huobi,1INCH/USDT:USDT,0.2847,452.0,0.2846,349.0,0.2848,449.0,0.2849,3425.0
1753592037791,04:53:57.791,huobi,1INCH/USDT:USDT,0.2847,103.0,0.2846,349.0,0.2848,449.0,0.2849,3425.0
1753592037933,04:53:57.933,huobi,1INCH/USDT:USDT,0.2847,452.0,0.2846,349.0,0.2848,449.0,0.2849,3425.0
1753592037941,04:53:57.941,huobi,1INCH/USDT:USDT,0.2847,103.0,0.2846,349.0,0.2848,449.0,0.2849,3425.0
1753592038090,04:53:58.090,huobi,1INCH/USDT:USDT,0.2847,452.0,0.2846,349.0,0.2848,449.0,0.2849,3425.0
1753592038242,04:53:58.242,huobi,1INCH/USDT:USDT,0.2847,452.0,0.2846,349.0,0.2848,449.0,0.2849,3425.0
1753592038393,04:53:58.393,huobi,1INCH/USDT:USDT,0.2847,452.0,0.2846,349.0,0.2848,449.0,0.2849,3425.0
1753592038547,04:53:58.547,huobi,1INCH/USDT:USDT,0.2847,452.0,0.2846,349.0,0.2848,449.0,0.2849,3425.0
1753592038699,04:53:58.699,huobi,1INCH/USDT:USDT,0.2847,452.0,0.2846,349.0,0.2848,449.0,0.2849,3425.0
1753592038790,04:53:58.790,huobi,1INCH/USDT:USDT,0.2847,103.0,0.2846,349.0,0.2848,449.0,0.2849,3425.0
1753592038852,04:53:58.852,huobi,1INCH/USDT:USDT,0.2847,452.0,0.2846,349.0,0.2848,449.0,0.2849,3425.0
1753592038866,04:53:58.866,huobi,1INCH/USDT:USDT,0.2847,103.0,0.2846,349.0,0.2848,449.0,0.2849,3425.0
1753592038950,04:53:58.950,huobi,1INCH/USDT:USDT,0.2847,103.0,0.2846,349.0,0.2848,449.0,0.2849,3425.0
1753592039003,04:53:59.003,huobi,1INCH/USDT:USDT,0.2847,452.0,0.2846,349.0,0.2848,449.0,0.2849,3425.0
1753592039155,04:53:59.155,huobi,1INCH/USDT:USDT,0.2847,452.0,0.2846,349.0,0.2848,449.0,0.2849,3425.0
1753592039310,04:53:59.310,huobi,1INCH/USDT:USDT,0.2847,452.0,0.2846,349.0,0.2848,449.0,0.2849,3425.0
1753592039316,04:53:59.316,huobi,1INCH/USDT:USDT,0.2847,103.0,0.2846,349.0,0.2848,449.0,0.2849,3425.0
1753592039463,04:53:59.463,huobi,1INCH/USDT:USDT,0.2847,452.0,0.2846,349.0,0.2848,449.0,0.2849,3425.0
1753592039468,04:53:59.468,huobi,1INCH/USDT:USDT,0.2847,103.0,0.2846,349.0,0.2848,449.0,0.2849,3425.0
1753592039614,04:53:59.614,huobi,1INCH/USDT:USDT,0.2847,452.0,0.2846,349.0,0.2848,449.0,0.2849,3425.0
1753592039621,04:53:59.621,huobi,1INCH/USDT:USDT,0.2847,103.0,0.2846,349.0,0.2848,449.0,0.2849,3425.0
1753592039769,04:53:59.769,huobi,1INCH/USDT:USDT,0.2847,452.0,0.2846,349.0,0.2848,449.0,0.2849,3425.0
1753592039921,04:53:59.921,huobi,1INCH/USDT:USDT,0.2847,452.0,0.2846,349.0,0.2848,449.0,0.2849,3425.0
1753592040080,04:54:00.080,huobi,1INCH/USDT:USDT,0.2847,452.0,0.2846,349.0,0.2848,449.0,0.2849,3425.0
1753592040111,04:54:00.111,huobi,1INCH/USDT:USDT,0.2847,103.0,0.2846,349.0,0.2848,449.0,0.2849,3425.0
1753592040226,04:54:00.226,huobi,1INCH/USDT:USDT,0.2847,452.0,0.2846,349.0,0.2848,449.0,0.2849,3425.0
1753592040377,04:54:00.377,huobi,1INCH/USDT:USDT,0.2847,452.0,0.2846,349.0,0.2848,449.0,0.2849,3425.0
1753592040530,04:54:00.530,huobi,1INCH/USDT:USDT,0.2847,452.0,0.2846,349.0,0.2848,449.0,0.2849,3425.0
1753592040683,04:54:00.683,huobi,1INCH/USDT:USDT,0.2847,452.0,0.2846,349.0,0.2848,449.0,0.2849,3425.0
1753592040837,04:54:00.837,huobi,1INCH/USDT:USDT,0.2847,452.0,0.2846,349.0,0.2848,449.0,0.2849,3425.0
1753592040990,04:54:00.990,huobi,1INCH/USDT:USDT,0.2847,452.0,0.2846,349.0,0.2848,449.0,0.2849,3425.0
1753592040997,04:54:00.997,huobi,1INCH/USDT:USDT,0.2847,103.0,0.2846,349.0,0.2848,449.0,0.2849,3425.0
1753592041146,04:54:01.146,huobi,1INCH/USDT:USDT,0.2847,452.0,0.2846,349.0,0.2848,449.0,0.2849,3425.0
1753592041304,04:54:01.304,huobi,1INCH/USDT:USDT,0.2847,452.0,0.2846,349.0,0.2848,449.0,0.2849,3425.0
1753592041391,04:54:01.391,huobi,1INCH/USDT:USDT,0.2847,103.0,0.2846,349.0,0.2848,449.0,0.2849,3425.0
1753592041455,04:54:01.455,huobi,1INCH/USDT:USDT,0.2847,452.0,0.2846,349.0,0.2848,449.0,0.2849,3425.0
1753592041552,04:54:01.552,huobi,1INCH/USDT:USDT,0.2847,103.0,0.2846,349.0,0.2848,449.0,0.2849,3425.0
1753592041581,04:54:01.581,huobi,1INCH/USDT:USDT,0.2847,103.0,0.2846,349.0,0.2848,449.0,0.2849,3425.0
1753592041605,04:54:01.605,huobi,1INCH/USDT:USDT,0.2847,452.0,0.2846,349.0,0.2848,449.0,0.2849,3425.0
1753592041640,04:54:01.640,huobi,1INCH/USDT:USDT,0.2847,103.0,0.2846,349.0,0.2848,449.0,0.2849,3425.0
1753592041757,04:54:01.757,huobi,1INCH/USDT:USDT,0.2847,452.0,0.2846,349.0,0.2848,449.0,0.2849,3425.0
1753592041909,04:54:01.909,huobi,1INCH/USDT:USDT,0.2847,452.0,0.2846,349.0,0.2848,449.0,0.2849,3425.0
1753592042063,04:54:02.063,huobi,1INCH/USDT:USDT,0.2847,452.0,0.2846,349.0,0.2848,449.0,0.2849,3425.0
1753592042213,04:54:02.213,huobi,1INCH/USDT:USDT,0.2847,452.0,0.2846,349.0,0.2848,449.0,0.2849,3425.0
1753592042365,04:54:02.365,huobi,1INCH/USDT:USDT,0.2847,452.0,0.2846,349.0,0.2848,449.0,0.2849,3425.0
1753592042518,04:54:02.518,huobi,1INCH/USDT:USDT,0.2847,452.0,0.2846,349.0,0.2848,449.0,0.2849,3425.0
1753592042667,04:54:02.667,huobi,1INCH/USDT:USDT,0.2847,452.0,0.2846,349.0,0.2848,449.0,0.2849,3425.0
1753592042818,04:54:02.818,huobi,1INCH/USDT:USDT,0.2847,452.0,0.2846,349.0,0.2848,449.0,0.2849,3425.0
1753592042826,04:54:02.826,huobi,1INCH/USDT:USDT,0.2847,103.0,0.2846,349.0,0.2848,449.0,0.2849,3425.0
1753592042973,04:54:02.973,huobi,1INCH/USDT:USDT,0.2847,452.0,0.2846,349.0,0.2848,449.0,0.2849,3425.0
1753592042980,04:54:02.980,huobi,1INCH/USDT:USDT,0.2847,103.0,0.2846,349.0,0.2848,449.0,0.2849,3425.0
1753592043127,04:54:03.127,huobi,1INCH/USDT:USDT,0.2847,452.0,0.2846,349.0,0.2848,449.0,0.2849,3425.0
1753592043278,04:54:03.278,huobi,1INCH/USDT:USDT,0.2847,452.0,0.2846,349.0,0.2848,449.0,0.2849,3425.0
1753592043429,04:54:03.429,huobi,1INCH/USDT:USDT,0.2847,452.0,0.2846,349.0,0.2848,449.0,0.2849,3425.0
1753592043582,04:54:03.582,huobi,1INCH/USDT:USDT,0.2847,452.0,0.2846,349.0,0.2848,449.0,0.2849,3425.0
1753592043743,04:54:03.743,huobi,1INCH/USDT:USDT,0.2847,452.0,0.2846,349.0,0.2848,449.0,0.2849,3425.0
1753592043910,04:54:03.910,huobi,1INCH/USDT:USDT,0.2847,452.0,0.2846,349.0,0.2848,449.0,0.2849,3425.0
1753592044050,04:54:04.050,huobi,1INCH/USDT:USDT,0.2847,452.0,0.2846,349.0,0.2848,449.0,0.2849,3425.0
1753592044057,04:54:04.057,huobi,1INCH/USDT:USDT,0.2847,103.0,0.2846,349.0,0.2848,449.0,0.2849,3425.0
1753592044200,04:54:04.200,huobi,1INCH/USDT:USDT,0.2847,452.0,0.2846,349.0,0.2848,449.0,0.2849,3425.0
1753592044208,04:54:04.208,huobi,1INCH/USDT:USDT,0.2847,103.0,0.2846,349.0,0.2848,449.0,0.2849,3425.0
1753592044323,04:54:04.323,huobi,1INCH/USDT:USDT,0.2847,103.0,0.2846,349.0,0.2848,449.0,0.2849,3425.0
1753592044328,04:54:04.328,huobi,1INCH/USDT:USDT,0.2847,103.0,0.2846,349.0,0.2848,105.0,0.2849,3425.0
1753592044354,04:54:04.354,huobi,1INCH/USDT:USDT,0.2847,452.0,0.2846,349.0,0.2848,105.0,0.2849,3425.0
1753592044405,04:54:04.405,huobi,1INCH/USDT:USDT,0.2847,103.0,0.2846,349.0,0.2848,105.0,0.2849,3425.0
1753592044453,04:54:04.453,huobi,1INCH/USDT:USDT,0.2847,103.0,0.2846,349.0,0.2848,105.0,0.2849,3425.0
1753592044506,04:54:04.506,huobi,1INCH/USDT:USDT,0.2847,452.0,0.2846,349.0,0.2848,105.0,0.2849,3425.0
1753592044611,04:54:04.611,huobi,1INCH/USDT:USDT,0.2847,103.0,0.2846,349.0,0.2848,105.0,0.2849,3425.0
1753592044655,04:54:04.655,huobi,1INCH/USDT:USDT,0.2847,452.0,0.2846,349.0,0.2848,105.0,0.2849,3425.0
1753592044659,04:54:04.659,huobi,1INCH/USDT:USDT,0.2847,452.0,0.2846,349.0,0.2848,105.0,0.2849,3425.0
1753592044722,04:54:04.722,huobi,1INCH/USDT:USDT,0.2847,103.0,0.2846,349.0,0.2848,105.0,0.2849,3425.0
1753592044816,04:54:04.816,huobi,1INCH/USDT:USDT,0.2847,452.0,0.2846,349.0,0.2848,105.0,0.2849,3425.0
1753592044958,04:54:04.958,huobi,1INCH/USDT:USDT,0.2847,452.0,0.2846,349.0,0.2848,105.0,0.2849,3425.0
1753592045111,04:54:05.111,huobi,1INCH/USDT:USDT,0.2847,452.0,0.2846,349.0,0.2848,105.0,0.2849,3425.0
1753592045264,04:54:05.264,huobi,1INCH/USDT:USDT,0.2847,452.0,0.2846,349.0,0.2848,105.0,0.2849,3425.0
1753592045413,04:54:05.413,huobi,1INCH/USDT:USDT,0.2847,452.0,0.2846,349.0,0.2848,105.0,0.2849,3425.0
1753592045565,04:54:05.565,huobi,1INCH/USDT:USDT,0.2847,452.0,0.2846,349.0,0.2848,105.0,0.2849,3425.0
1753592045718,04:54:05.718,huobi,1INCH/USDT:USDT,0.2847,452.0,0.2846,349.0,0.2848,105.0,0.2849,3425.0
1753592045873,04:54:05.873,huobi,1INCH/USDT:USDT,0.2847,452.0,0.2846,349.0,0.2848,105.0,0.2849,3425.0
1753592046026,04:54:06.026,huobi,1INCH/USDT:USDT,0.2847,452.0,0.2846,349.0,0.2848,105.0,0.2849,3425.0
1753592046211,04:54:06.211,huobi,1INCH/USDT:USDT,0.2847,452.0,0.2846,349.0,0.2848,105.0,0.2849,3425.0
1753592046217,04:54:06.217,huobi,1INCH/USDT:USDT,0.2847,103.0,0.2846,349.0,0.2848,105.0,0.2849,3425.0
1753592046334,04:54:06.334,huobi,1INCH/USDT:USDT,0.2847,452.0,0.2846,349.0,0.2848,105.0,0.2849,3425.0
1753592046341,04:54:06.341,huobi,1INCH/USDT:USDT,0.2847,103.0,0.2846,349.0,0.2848,105.0,0.2849,3425.0
1753592046515,04:54:06.515,huobi,1INCH/USDT:USDT,0.2847,452.0,0.2846,349.0,0.2848,105.0,0.2849,3425.0
1753592046520,04:54:06.520,huobi,1INCH/USDT:USDT,0.2847,103.0,0.2846,349.0,0.2848,105.0,0.2849,3425.0
1753592046639,04:54:06.639,huobi,1INCH/USDT:USDT,0.2847,452.0,0.2846,349.0,0.2848,105.0,0.2849,3425.0
1753592046790,04:54:06.790,huobi,1INCH/USDT:USDT,0.2847,452.0,0.2846,349.0,0.2848,105.0,0.2849,3425.0
1753592046969,04:54:06.969,huobi,1INCH/USDT:USDT,0.2847,452.0,0.2846,349.0,0.2848,105.0,0.2849,3425.0
1753592046972,04:54:06.972,huobi,1INCH/USDT:USDT,0.2847,103.0,0.2846,349.0,0.2848,105.0,0.2849,3425.0
1753592047117,04:54:07.117,huobi,1INCH/USDT:USDT,0.2847,452.0,0.2846,349.0,0.2848,105.0,0.2849,3425.0
1753592047273,04:54:07.273,huobi,1INCH/USDT:USDT,0.2847,452.0,0.2846,349.0,0.2848,105.0,0.2849,3425.0
1753592047433,04:54:07.433,huobi,1INCH/USDT:USDT,0.2847,452.0,0.2846,349.0,0.2848,105.0,0.2849,3425.0
1753592047586,04:54:07.586,huobi,1INCH/USDT:USDT,0.2847,452.0,0.2846,349.0,0.2848,105.0,0.2849,3425.0
1753592047744,04:54:07.744,huobi,1INCH/USDT:USDT,0.2847,452.0,0.2846,349.0,0.2848,105.0,0.2849,3425.0
1753592047748,04:54:07.748,huobi,1INCH/USDT:USDT,0.2847,103.0,0.2846,349.0,0.2848,105.0,0.2849,3425.0
1753592047900,04:54:07.900,huobi,1INCH/USDT:USDT,0.2847,452.0,0.2846,349.0,0.2848,105.0,0.2849,3425.0
1753592048052,04:54:08.052,huobi,1INCH/USDT:USDT,0.2847,452.0,0.2846,349.0,0.2848,105.0,0.2849,3425.0
1753592048208,04:54:08.208,huobi,1INCH/USDT:USDT,0.2847,452.0,0.2846,349.0,0.2848,105.0,0.2849,3425.0
1753592048361,04:54:08.361,huobi,1INCH/USDT:USDT,0.2847,452.0,0.2846,349.0,0.2848,105.0,0.2849,3425.0
1753592048511,04:54:08.511,huobi,1INCH/USDT:USDT,0.2847,452.0,0.2846,349.0,0.2848,105.0,0.2849,3425.0
1753592048672,04:54:08.672,huobi,1INCH/USDT:USDT,0.2847,455.0,0.2846,349.0,0.2848,105.0,0.2849,3425.0
1753592048679,04:54:08.679,huobi,1INCH/USDT:USDT,0.2847,103.0,0.2846,349.0,0.2848,105.0,0.2849,3425.0
1753592048825,04:54:08.825,huobi,1INCH/USDT:USDT,0.2847,455.0,0.2846,349.0,0.2848,105.0,0.2849,3425.0
1753592048978,04:54:08.978,huobi,1INCH/USDT:USDT,0.2847,455.0,0.2846,349.0,0.2848,105.0,0.2849,3425.0
1753592049136,04:54:09.136,huobi,1INCH/USDT:USDT,0.2847,455.0,0.2846,349.0,0.2848,105.0,0.2849,3425.0
1753592049287,04:54:09.287,huobi,1INCH/USDT:USDT,0.2847,455.0,0.2846,349.0,0.2848,105.0,0.2849,3425.0
1753592049446,04:54:09.446,huobi,1INCH/USDT:USDT,0.2847,103.0,0.2846,349.0,0.2848,105.0,0.2849,3425.0
1753592049594,04:54:09.594,huobi,1INCH/USDT:USDT,0.2847,455.0,0.2846,349.0,0.2848,105.0,0.2849,3425.0
1753592049750,04:54:09.750,huobi,1INCH/USDT:USDT,0.2847,455.0,0.2846,349.0,0.2848,105.0,0.2849,3425.0
1753592049757,04:54:09.757,huobi,1INCH/USDT:USDT,0.2847,103.0,0.2846,349.0,0.2848,105.0,0.2849,3425.0
1753592049908,04:54:09.908,huobi,1INCH/USDT:USDT,0.2847,455.0,0.2846,349.0,0.2848,105.0,0.2849,3425.0
1753592050066,04:54:10.066,huobi,1INCH/USDT:USDT,0.2847,455.0,0.2846,349.0,0.2848,105.0,0.2849,3425.0
1753592050105,04:54:10.105,huobi,1INCH/USDT:USDT,0.2847,103.0,0.2846,349.0,0.2848,105.0,0.2849,3425.0
1753592050123,04:54:10.123,huobi,1INCH/USDT:USDT,0.2847,103.0,0.2846,349.0,0.2848,105.0,0.2849,347.0
1753592050251,04:54:10.251,huobi,1INCH/USDT:USDT,0.2847,455.0,0.2846,349.0,0.2848,105.0,0.2849,347.0
1753592050373,04:54:10.373,huobi,1INCH/USDT:USDT,0.2847,455.0,0.2846,349.0,0.2848,105.0,0.2849,347.0
1753592050522,04:54:10.522,huobi,1INCH/USDT:USDT,0.2847,455.0,0.2846,349.0,0.2848,105.0,0.2849,347.0
1753592050635,04:54:10.635,huobi,1INCH/USDT:USDT,0.2847,103.0,0.2846,349.0,0.2848,457.0,0.2849,347.0
1753592050686,04:54:10.686,huobi,1INCH/USDT:USDT,0.2847,455.0,0.2846,349.0,0.2848,105.0,0.2849,347.0
1753592050694,04:54:10.694,huobi,1INCH/USDT:USDT,0.2847,103.0,0.2846,349.0,0.2848,105.0,0.2849,347.0
1753592050767,04:54:10.767,huobi,1INCH/USDT:USDT,0.2847,103.0,0.2846,349.0,0.2848,105.0,0.2849,347.0
1753592050787,04:54:10.787,huobi,1INCH/USDT:USDT,0.2847,103.0,0.2846,349.0,0.2848,105.0,0.2849,347.0
1753592050813,04:54:10.813,huobi,1INCH/USDT:USDT,0.2847,103.0,0.2846,349.0,0.2848,457.0,0.2849,347.0
1753592050988,04:54:10.988,huobi,1INCH/USDT:USDT,0.2847,455.0,0.2846,349.0,0.2848,105.0,0.2849,347.0
1753592051037,04:54:11.037,huobi,1INCH/USDT:USDT,0.2847,103.0,0.2846,349.0,0.2848,457.0,0.2849,347.0
1753592051134,04:54:11.134,huobi,1INCH/USDT:USDT,0.2847,455.0,0.2846,349.0,0.2848,105.0,0.2849,347.0
1753592051140,04:54:11.140,huobi,1INCH/USDT:USDT,0.2847,103.0,0.2846,349.0,0.2848,105.0,0.2849,347.0
1753592051222,04:54:11.222,huobi,1INCH/USDT:USDT,0.2847,103.0,0.2846,349.0,0.2848,457.0,0.2849,347.0
1753592051229,04:54:11.229,huobi,1INCH/USDT:USDT,0.2847,103.0,0.2846,349.0,0.2848,105.0,0.2849,347.0
1753592051287,04:54:11.287,huobi,1INCH/USDT:USDT,0.2847,455.0,0.2846,349.0,0.2848,105.0,0.2849,347.0
1753592051341,04:54:11.341,huobi,1INCH/USDT:USDT,0.2847,103.0,0.2846,349.0,0.2848,105.0,0.2849,347.0
1753592051346,04:54:11.346,huobi,1INCH/USDT:USDT,0.2847,103.0,0.2846,349.0,0.2848,105.0,0.2849,347.0
1753592051403,04:54:11.403,huobi,1INCH/USDT:USDT,0.2847,103.0,0.2846,3427.0,0.2848,105.0,0.2849,347.0
1753592051438,04:54:11.438,huobi,1INCH/USDT:USDT,0.2847,455.0,0.2846,3427.0,0.2848,105.0,0.2849,347.0
1753592051483,04:54:11.483,huobi,1INCH/USDT:USDT,0.2847,455.0,0.2846,3427.0,0.2848,105.0,0.2849,347.0
1753592051977,04:54:11.977,huobi,1INCH/USDT:USDT,0.2847,455.0,0.2846,3427.0,0.2848,105.0,0.2849,347.0
1753592052143,04:54:12.143,huobi,1INCH/USDT:USDT,0.2847,455.0,0.2846,3427.0,0.2848,105.0,0.2849,347.0
1753592053440,04:54:13.440,huobi,1INCH/USDT:USDT,0.2847,455.0,0.2846,3427.0,0.2848,105.0,0.2849,347.0
1753592053445,04:54:13.445,huobi,1INCH/USDT:USDT,0.2847,455.0,0.2846,3427.0,0.2848,105.0,0.2849,347.0
1753592053503,04:54:13.503,huobi,1INCH/USDT:USDT,0.2847,455.0,0.2846,3427.0,0.2849,452.0,0.285,3432.0
1753592053512,04:54:13.512,huobi,1INCH/USDT:USDT,0.2848,352.0,0.2847,455.0,0.2849,452.0,0.285,3432.0
1753592053564,04:54:13.564,huobi,1INCH/USDT:USDT,0.2848,455.0,0.2847,352.0,0.2849,452.0,0.285,3432.0
1753592053569,04:54:13.569,huobi,1INCH/USDT:USDT,0.2848,455.0,0.2847,352.0,0.2849,452.0,0.285,3432.0
1753592053615,04:54:13.615,huobi,1INCH/USDT:USDT,0.2848,455.0,0.2847,352.0,0.2849,452.0,0.285,3432.0
1753592054280,04:54:14.280,huobi,1INCH/USDT:USDT,0.2848,455.0,0.2847,352.0,0.2849,452.0,0.285,3432.0
1753592054446,04:54:14.446,huobi,1INCH/USDT:USDT,0.2848,455.0,0.2847,352.0,0.2849,452.0,0.285,3432.0
1753592054450,04:54:14.450,huobi,1INCH/USDT:USDT,0.2848,455.0,0.2847,352.0,0.2849,452.0,0.285,3432.0
1753592056721,04:54:16.721,huobi,1INCH/USDT:USDT,0.2848,103.0,0.2847,352.0,0.2849,452.0,0.285,3432.0
1753592056751,04:54:16.751,huobi,1INCH/USDT:USDT,0.2848,103.0,0.2847,352.0,0.2849,452.0,0.285,3432.0
1753592056909,04:54:16.909,huobi,1INCH/USDT:USDT,0.2848,103.0,0.2847,352.0,0.2849,452.0,0.285,3432.0
1753592057054,04:54:17.054,huobi,1INCH/USDT:USDT,0.2848,103.0,0.2847,352.0,0.2849,452.0,0.285,3586.0
1753592057254,04:54:17.254,huobi,1INCH/USDT:USDT,0.2848,103.0,0.2847,352.0,0.2849,452.0,0.285,3586.0
