timestamp,time,exchange,symbol,bid1_price,bid1_volume,bid2_price,bid2_volume,ask1_price,ask1_volume,ask2_price,ask2_volume
1753591892000,04:51:32.000,gateio,1INCH/USDT:USDT,0.2846,213.0,0.2845,2542.0,0.2849,214.0,0.285,940.0
1753591894166,04:51:34.166,gateio,1INCH/USDT:USDT,0.2846,213.0,0.2845,2542.0,0.2849,214.0,0.285,940.0
1753591894950,04:51:34.950,gateio,1INCH/USDT:USDT,0.2846,213.0,0.2845,2542.0,0.2849,214.0,0.285,940.0
1753591895445,04:51:35.445,gateio,1INCH/USDT:USDT,0.2846,213.0,0.2845,2542.0,0.2849,214.0,0.285,940.0
1753591897619,04:51:37.619,gateio,1INCH/USDT:USDT,0.2846,213.0,0.2845,2542.0,0.2849,214.0,0.285,940.0
1753591899557,04:51:39.557,gateio,1INCH/USDT:USDT,0.2846,213.0,0.2845,2542.0,0.285,213.0,0.2851,420.0
1753591900338,04:51:40.338,gateio,1INCH/USDT:USDT,0.2847,212.0,0.2846,214.0,0.285,213.0,0.2851,420.0
1753591900436,04:51:40.436,gateio,1INCH/USDT:USDT,0.2847,212.0,0.2846,213.0,0.285,213.0,0.2851,420.0
1753591900490,04:51:40.490,gateio,1INCH/USDT:USDT,0.2846,213.0,0.2845,2542.0,0.285,213.0,0.2851,420.0
1753591901191,04:51:41.191,gateio,1INCH/USDT:USDT,0.2848,221.0,0.2847,727.0,0.285,213.0,0.2851,420.0
1753591901340,04:51:41.340,gateio,1INCH/USDT:USDT,0.2848,221.0,0.2847,727.0,0.285,213.0,0.2851,420.0
1753591902422,04:51:42.422,gateio,1INCH/USDT:USDT,0.2848,221.0,0.2847,727.0,0.285,213.0,0.2851,420.0
1753591904468,04:51:44.468,gateio,1INCH/USDT:USDT,0.2848,221.0,0.2847,727.0,0.285,213.0,0.2851,420.0
1753591904489,04:51:44.489,gateio,1INCH/USDT:USDT,0.2848,221.0,0.2847,727.0,0.285,213.0,0.2851,420.0
1753591905250,04:51:45.250,gateio,1INCH/USDT:USDT,0.2848,221.0,0.2847,727.0,0.285,213.0,0.2851,420.0
1753591907218,04:51:47.218,gateio,1INCH/USDT:USDT,0.2848,221.0,0.2847,727.0,0.285,213.0,0.2851,420.0
1753591911771,04:51:51.771,gateio,1INCH/USDT:USDT,0.2847,727.0,0.2846,213.0,0.285,213.0,0.2851,420.0
1753591911811,04:51:51.811,gateio,1INCH/USDT:USDT,0.2848,218.0,0.2847,727.0,0.285,213.0,0.2851,420.0
1753591912018,04:51:52.018,gateio,1INCH/USDT:USDT,0.2848,218.0,0.2847,727.0,0.285,213.0,0.2851,420.0
1753591916818,04:51:56.818,gateio,1INCH/USDT:USDT,0.2848,218.0,0.2847,727.0,0.285,213.0,0.2851,420.0
1753591917053,04:51:57.053,gateio,1INCH/USDT:USDT,0.2848,218.0,0.2847,727.0,0.285,213.0,0.2851,420.0
1753591919073,04:51:59.073,gateio,1INCH/USDT:USDT,0.2847,727.0,0.2846,213.0,0.285,213.0,0.2851,420.0
1753591919148,04:51:59.148,gateio,1INCH/USDT:USDT,0.2848,218.0,0.2847,727.0,0.285,213.0,0.2851,420.0
1753591919488,04:51:59.488,gateio,1INCH/USDT:USDT,0.2848,218.0,0.2847,727.0,0.285,213.0,0.2851,420.0
1753591919916,04:51:59.916,gateio,1INCH/USDT:USDT,0.2846,213.0,0.2845,2542.0,0.285,213.0,0.2851,420.0
1753591920152,04:52:00.152,gateio,1INCH/USDT:USDT,0.2846,213.0,0.2845,2542.0,0.2849,218.0,0.285,1335.0
1753591920539,04:52:00.539,gateio,1INCH/USDT:USDT,0.2846,213.0,0.2845,2542.0,0.285,213.0,0.2851,420.0
1753591920648,04:52:00.648,gateio,1INCH/USDT:USDT,0.2846,213.0,0.2845,2542.0,0.2849,218.0,0.285,2220.0
1753591921542,04:52:01.542,gateio,1INCH/USDT:USDT,0.2846,213.0,0.2845,2542.0,0.285,213.0,0.2851,420.0
1753591921660,04:52:01.660,gateio,1INCH/USDT:USDT,0.2848,221.0,0.2847,727.0,0.285,213.0,0.2851,420.0
1753591921925,04:52:01.925,gateio,1INCH/USDT:USDT,0.2848,221.0,0.2847,727.0,0.285,213.0,0.2851,420.0
1753591922426,04:52:02.426,gateio,1INCH/USDT:USDT,0.2846,213.0,0.2845,2542.0,0.285,213.0,0.2851,420.0
1753591922502,04:52:02.502,gateio,1INCH/USDT:USDT,0.2846,213.0,0.2845,2542.0,0.285,213.0,0.2851,420.0
1753591922821,04:52:02.821,gateio,1INCH/USDT:USDT,0.2848,221.0,0.2847,727.0,0.285,213.0,0.2851,420.0
1753591923147,04:52:03.147,gateio,1INCH/USDT:USDT,0.2848,221.0,0.2847,727.0,0.285,213.0,0.2851,420.0
1753591926420,04:52:06.420,gateio,1INCH/USDT:USDT,0.2848,221.0,0.2847,727.0,0.285,213.0,0.2851,420.0
1753591928776,04:52:08.776,gateio,1INCH/USDT:USDT,0.2848,221.0,0.2847,727.0,0.285,213.0,0.2851,420.0
1753591930050,04:52:10.050,gateio,1INCH/USDT:USDT,0.2848,221.0,0.2847,727.0,0.285,213.0,0.2851,420.0
1753591931218,04:52:11.218,gateio,1INCH/USDT:USDT,0.2848,221.0,0.2847,727.0,0.285,213.0,0.2851,420.0
1753591932223,04:52:12.223,gateio,1INCH/USDT:USDT,0.2846,213.0,0.2845,2542.0,0.285,213.0,0.2851,420.0
1753591932369,04:52:12.369,gateio,1INCH/USDT:USDT,0.2846,213.0,0.2845,2542.0,0.2849,217.0,0.285,213.0
1753591932471,04:52:12.471,gateio,1INCH/USDT:USDT,0.2847,217.0,0.2846,214.0,0.285,213.0,0.2851,420.0
1753591932535,04:52:12.535,gateio,1INCH/USDT:USDT,0.2847,217.0,0.2846,213.0,0.285,213.0,0.2851,420.0
1753591932663,04:52:12.663,gateio,1INCH/USDT:USDT,0.2846,213.0,0.2845,2542.0,0.2849,217.0,0.285,213.0
1753591932714,04:52:12.714,gateio,1INCH/USDT:USDT,0.2846,213.0,0.2845,2542.0,0.2849,217.0,0.285,213.0
1753591932833,04:52:12.833,gateio,1INCH/USDT:USDT,0.2846,213.0,0.2845,2542.0,0.285,213.0,0.2851,420.0
1753591932936,04:52:12.936,gateio,1INCH/USDT:USDT,0.2847,217.0,0.2846,214.0,0.285,213.0,0.2851,420.0
1753591933055,04:52:13.055,gateio,1INCH/USDT:USDT,0.2847,217.0,0.2846,213.0,0.285,213.0,0.2851,420.0
1753591933136,04:52:13.136,gateio,1INCH/USDT:USDT,0.2846,213.0,0.2845,2542.0,0.285,213.0,0.2851,420.0
1753591933247,04:52:13.247,gateio,1INCH/USDT:USDT,0.2846,213.0,0.2845,2542.0,0.285,213.0,0.2851,420.0
1753591933286,04:52:13.286,gateio,1INCH/USDT:USDT,0.2846,213.0,0.2845,2542.0,0.285,213.0,0.2851,420.0
1753591933450,04:52:13.450,gateio,1INCH/USDT:USDT,0.2847,217.0,0.2846,214.0,0.2849,217.0,0.285,940.0
1753591933540,04:52:13.540,gateio,1INCH/USDT:USDT,0.2847,217.0,0.2846,213.0,0.2849,217.0,0.285,940.0
1753591933669,04:52:13.669,gateio,1INCH/USDT:USDT,0.2846,213.0,0.2845,2542.0,0.2849,217.0,0.285,940.0
1753591933942,04:52:13.942,gateio,1INCH/USDT:USDT,0.2847,217.0,0.2846,214.0,0.2849,217.0,0.285,940.0
1753591934073,04:52:14.073,gateio,1INCH/USDT:USDT,0.2847,217.0,0.2846,213.0,0.2849,217.0,0.285,940.0
1753591934112,04:52:14.112,gateio,1INCH/USDT:USDT,0.2846,213.0,0.2845,2542.0,0.2849,217.0,0.285,940.0
1753591934267,04:52:14.267,gateio,1INCH/USDT:USDT,0.2847,217.0,0.2846,214.0,0.2849,217.0,0.285,940.0
1753591934334,04:52:14.334,gateio,1INCH/USDT:USDT,0.2847,217.0,0.2846,213.0,0.2849,217.0,0.285,940.0
1753591934446,04:52:14.446,gateio,1INCH/USDT:USDT,0.2846,213.0,0.2845,2542.0,0.2849,217.0,0.285,940.0
1753591934538,04:52:14.538,gateio,1INCH/USDT:USDT,0.2847,217.0,0.2846,214.0,0.2849,217.0,0.285,940.0
1753591934646,04:52:14.646,gateio,1INCH/USDT:USDT,0.2847,217.0,0.2846,213.0,0.2849,217.0,0.285,940.0
1753591934724,04:52:14.724,gateio,1INCH/USDT:USDT,0.2846,213.0,0.2845,2542.0,0.285,213.0,0.2851,420.0
1753591934862,04:52:14.862,gateio,1INCH/USDT:USDT,0.2847,217.0,0.2846,214.0,0.285,213.0,0.2851,420.0
1753591934966,04:52:14.966,gateio,1INCH/USDT:USDT,0.2847,217.0,0.2846,213.0,0.285,213.0,0.2851,420.0
1753591935059,04:52:15.059,gateio,1INCH/USDT:USDT,0.2847,727.0,0.2846,213.0,0.285,213.0,0.2851,420.0
1753591935081,04:52:15.081,gateio,1INCH/USDT:USDT,0.2847,727.0,0.2846,213.0,0.285,213.0,0.2851,420.0
1753591935295,04:52:15.295,gateio,1INCH/USDT:USDT,0.2848,217.0,0.2847,727.0,0.285,213.0,0.2851,420.0
1753591935706,04:52:15.706,gateio,1INCH/USDT:USDT,0.2848,217.0,0.2847,727.0,0.285,213.0,0.2851,420.0
1753591936026,04:52:16.026,gateio,1INCH/USDT:USDT,0.2848,217.0,0.2847,727.0,0.285,213.0,0.2851,420.0
1753591940819,04:52:20.819,gateio,1INCH/USDT:USDT,0.2848,217.0,0.2847,727.0,0.285,213.0,0.2851,420.0
1753591940889,04:52:20.889,gateio,1INCH/USDT:USDT,0.2848,217.0,0.2847,727.0,0.285,213.0,0.2851,420.0
1753591941349,04:52:21.349,gateio,1INCH/USDT:USDT,0.2848,217.0,0.2847,727.0,0.285,213.0,0.2851,420.0
1753591944865,04:52:24.865,gateio,1INCH/USDT:USDT,0.2848,217.0,0.2847,2542.0,0.2851,420.0,0.2852,417.0
1753591944951,04:52:24.951,gateio,1INCH/USDT:USDT,0.2848,217.0,0.2847,2542.0,0.2851,420.0,0.2852,417.0
1753591944979,04:52:24.979,gateio,1INCH/USDT:USDT,0.2848,217.0,0.2847,2542.0,0.2851,420.0,0.2852,417.0
1753591945480,04:52:25.480,gateio,1INCH/USDT:USDT,0.2848,217.0,0.2847,2542.0,0.2851,420.0,0.2852,417.0
1753591945619,04:52:25.619,gateio,1INCH/USDT:USDT,0.2848,217.0,0.2847,2542.0,0.2851,420.0,0.2852,417.0
1753591948246,04:52:28.246,gateio,1INCH/USDT:USDT,0.2848,217.0,0.2847,2542.0,0.285,220.0,0.2851,420.0
1753591950419,04:52:30.419,gateio,1INCH/USDT:USDT,0.2848,217.0,0.2847,2542.0,0.285,220.0,0.2851,420.0
1753591951072,04:52:31.072,gateio,1INCH/USDT:USDT,0.2848,217.0,0.2847,2542.0,0.2851,420.0,0.2852,417.0
1753591951099,04:52:31.099,gateio,1INCH/USDT:USDT,0.2848,217.0,0.2847,2542.0,0.285,215.0,0.2851,420.0
1753591955221,04:52:35.221,gateio,1INCH/USDT:USDT,0.2848,217.0,0.2847,2542.0,0.285,215.0,0.2851,420.0
1753591956471,04:52:36.471,gateio,1INCH/USDT:USDT,0.2848,217.0,0.2847,2542.0,0.285,215.0,0.2851,420.0
1753591959669,04:52:39.669,gateio,1INCH/USDT:USDT,0.2848,217.0,0.2847,2542.0,0.2851,420.0,0.2852,417.0
1753591960019,04:52:40.019,gateio,1INCH/USDT:USDT,0.2848,217.0,0.2847,2542.0,0.2851,420.0,0.2852,417.0
1753591961199,04:52:41.199,gateio,1INCH/USDT:USDT,0.2848,217.0,0.2847,2542.0,0.285,211.0,0.2851,420.0
1753591964819,04:52:44.819,gateio,1INCH/USDT:USDT,0.2848,217.0,0.2847,2542.0,0.285,211.0,0.2851,420.0
1753591968058,04:52:48.058,gateio,1INCH/USDT:USDT,0.2848,217.0,0.2847,2542.0,0.2851,420.0,0.2852,417.0
1753591969619,04:52:49.619,gateio,1INCH/USDT:USDT,0.2848,217.0,0.2847,2542.0,0.2851,420.0,0.2852,417.0
1753591969852,04:52:49.852,gateio,1INCH/USDT:USDT,0.2848,211.0,0.2846,213.0,0.2849,1815.0,0.285,211.0
1753591969970,04:52:49.970,gateio,1INCH/USDT:USDT,0.2846,213.0,0.2845,727.0,0.2849,1815.0,0.285,211.0
1753591970050,04:52:50.050,gateio,1INCH/USDT:USDT,0.2846,213.0,0.2845,727.0,0.2849,1815.0,0.285,211.0
1753591970145,04:52:50.145,gateio,1INCH/USDT:USDT,0.2846,213.0,0.2845,727.0,0.2849,1815.0,0.285,211.0
1753591970340,04:52:50.340,gateio,1INCH/USDT:USDT,0.2846,213.0,0.2845,727.0,0.2849,1815.0,0.285,211.0
1753591971367,04:52:51.367,gateio,1INCH/USDT:USDT,0.2847,727.0,0.2846,213.0,0.2849,1815.0,0.285,211.0
1753591971558,04:52:51.558,gateio,1INCH/USDT:USDT,0.2847,727.0,0.2846,213.0,0.2849,1815.0,0.285,211.0
1753591971640,04:52:51.640,gateio,1INCH/USDT:USDT,0.2846,213.0,0.2845,727.0,0.2849,1815.0,0.285,211.0
1753591971978,04:52:51.978,gateio,1INCH/USDT:USDT,0.2846,213.0,0.2845,727.0,0.2849,1815.0,0.285,211.0
