timestamp,time,exchange,symbol,bid1_price,bid1_volume,bid2_price,bid2_volume,ask1_price,ask1_volume,ask2_price,ask2_volume
1753591889000,04:51:29.000,gateio,ACH/USDT:USDT,0.02303,177.0,0.02302,986.0,0.02304,222.0,0.02305,174.0
1753591889120,04:51:29.120,gateio,ACH/USDT:USDT,0.02303,177.0,0.02302,986.0,0.02304,202.0,0.02305,174.0
1753591889412,04:51:29.412,gateio,ACH/USDT:USDT,0.02303,177.0,0.02302,986.0,0.02304,27.0,0.02305,174.0
1753591889519,04:51:29.519,gateio,ACH/USDT:USDT,0.02303,177.0,0.02302,986.0,0.02304,27.0,0.02305,232.0
1753591889616,04:51:29.616,gateio,ACH/USDT:USDT,0.02303,177.0,0.02302,986.0,0.02304,27.0,0.02305,174.0
1753591889952,04:51:29.952,gateio,ACH/USDT:USDT,0.02303,177.0,0.02302,986.0,0.02304,27.0,0.02305,174.0
1753591890018,04:51:30.018,gateio,ACH/USDT:USDT,0.02303,177.0,0.02302,986.0,0.02304,27.0,0.02305,232.0
1753591890117,04:51:30.117,gateio,ACH/USDT:USDT,0.02303,177.0,0.02302,986.0,0.02304,27.0,0.02305,174.0
1753591890954,04:51:30.954,gateio,ACH/USDT:USDT,0.02303,177.0,0.02302,986.0,0.02304,27.0,0.02305,174.0
1753591891017,04:51:31.017,gateio,ACH/USDT:USDT,0.02303,177.0,0.02302,986.0,0.02304,27.0,0.02305,232.0
1753591891116,04:51:31.116,gateio,ACH/USDT:USDT,0.02303,177.0,0.02302,986.0,0.02304,27.0,0.02305,174.0
1753591892158,04:51:32.158,gateio,ACH/USDT:USDT,0.02303,177.0,0.02302,986.0,0.02304,27.0,0.02305,174.0
1753591892222,04:51:32.222,gateio,ACH/USDT:USDT,0.02303,177.0,0.02302,986.0,0.02304,27.0,0.02305,232.0
1753591892320,04:51:32.320,gateio,ACH/USDT:USDT,0.02303,177.0,0.02302,986.0,0.02304,27.0,0.02305,174.0
1753591892410,04:51:32.410,gateio,ACH/USDT:USDT,0.02303,177.0,0.02302,986.0,0.02304,27.0,0.02305,174.0
1753591892789,04:51:32.789,gateio,ACH/USDT:USDT,0.02303,177.0,0.02302,986.0,0.02304,27.0,0.02305,174.0
1753591892880,04:51:32.880,gateio,ACH/USDT:USDT,0.02303,177.0,0.02302,986.0,0.02304,27.0,0.02305,232.0
1753591892969,04:51:32.969,gateio,ACH/USDT:USDT,0.02303,177.0,0.02302,986.0,0.02304,27.0,0.02305,174.0
1753591894317,04:51:34.317,gateio,ACH/USDT:USDT,0.02303,177.0,0.02302,986.0,0.02304,27.0,0.02305,174.0
1753591894417,04:51:34.417,gateio,ACH/USDT:USDT,0.02303,177.0,0.02302,986.0,0.02304,27.0,0.02305,232.0
1753591894517,04:51:34.517,gateio,ACH/USDT:USDT,0.02303,177.0,0.02302,986.0,0.02304,27.0,0.02305,174.0
1753591894737,04:51:34.737,gateio,ACH/USDT:USDT,0.02303,177.0,0.02302,986.0,0.02304,27.0,0.02305,174.0
1753591895917,04:51:35.917,gateio,ACH/USDT:USDT,0.02303,177.0,0.02302,986.0,0.02304,27.0,0.02305,232.0
1753591896016,04:51:36.016,gateio,ACH/USDT:USDT,0.02303,177.0,0.02302,986.0,0.02304,27.0,0.02305,174.0
1753591897333,04:51:37.333,gateio,ACH/USDT:USDT,0.02303,177.0,0.02302,986.0,0.02304,27.0,0.02305,174.0
1753591897417,04:51:37.417,gateio,ACH/USDT:USDT,0.02303,177.0,0.02302,986.0,0.02304,27.0,0.02305,232.0
1753591897516,04:51:37.516,gateio,ACH/USDT:USDT,0.02303,177.0,0.02302,986.0,0.02304,27.0,0.02305,174.0
1753591898851,04:51:38.851,gateio,ACH/USDT:USDT,0.02303,177.0,0.02302,986.0,0.02304,27.0,0.02305,174.0
1753591898917,04:51:38.917,gateio,ACH/USDT:USDT,0.02303,177.0,0.02302,986.0,0.02304,27.0,0.02305,232.0
1753591899017,04:51:39.017,gateio,ACH/USDT:USDT,0.02303,177.0,0.02302,986.0,0.02304,27.0,0.02305,174.0
1753591899536,04:51:39.536,gateio,ACH/USDT:USDT,0.02303,177.0,0.02302,986.0,0.02304,27.0,0.02305,174.0
1753591899628,04:51:39.628,gateio,ACH/USDT:USDT,0.02303,177.0,0.02302,986.0,0.02304,27.0,0.02305,232.0
1753591899721,04:51:39.721,gateio,ACH/USDT:USDT,0.02303,177.0,0.02302,986.0,0.02304,27.0,0.02305,174.0
1753591900701,04:51:40.701,gateio,ACH/USDT:USDT,0.02303,177.0,0.02302,986.0,0.02304,27.0,0.02305,174.0
1753591900745,04:51:40.745,gateio,ACH/USDT:USDT,0.02303,177.0,0.02302,986.0,0.02304,27.0,0.02305,232.0
1753591900895,04:51:40.895,gateio,ACH/USDT:USDT,0.02303,177.0,0.02302,986.0,0.02304,27.0,0.02305,174.0
1753591902486,04:51:42.486,gateio,ACH/USDT:USDT,0.02303,177.0,0.02302,986.0,0.02304,39.0,0.02305,174.0
1753591902523,04:51:42.523,gateio,ACH/USDT:USDT,0.02303,177.0,0.02302,986.0,0.02304,19.0,0.02305,232.0
1753591902617,04:51:42.617,gateio,ACH/USDT:USDT,0.02303,179.0,0.02302,986.0,0.02304,25.0,0.02305,174.0
1753591904387,04:51:44.387,gateio,ACH/USDT:USDT,0.02304,812.0,0.02303,2359.0,0.02306,177.0,0.02307,1345.0
1753591904417,04:51:44.417,gateio,ACH/USDT:USDT,0.02304,812.0,0.02303,2354.0,0.02306,177.0,0.02307,1345.0
1753591904803,04:51:44.803,gateio,ACH/USDT:USDT,0.02304,812.0,0.02303,2354.0,0.02306,177.0,0.02307,1345.0
1753591904938,04:51:44.938,gateio,ACH/USDT:USDT,0.02304,812.0,0.02303,2354.0,0.02306,177.0,0.02307,1345.0
1753591905097,04:51:45.097,gateio,ACH/USDT:USDT,0.02304,812.0,0.02303,2354.0,0.02306,177.0,0.02307,1403.0
1753591905110,04:51:45.110,gateio,ACH/USDT:USDT,0.02304,812.0,0.02303,2354.0,0.02306,177.0,0.02307,1403.0
1753591905620,04:51:45.620,gateio,ACH/USDT:USDT,0.02304,812.0,0.02303,2354.0,0.02306,177.0,0.02307,1403.0
1753591906261,04:51:46.261,gateio,ACH/USDT:USDT,0.02304,812.0,0.02303,2354.0,0.02306,177.0,0.02307,1403.0
1753591906792,04:51:46.792,gateio,ACH/USDT:USDT,0.02304,812.0,0.02303,2354.0,0.02306,177.0,0.02307,1403.0
1753591907352,04:51:47.352,gateio,ACH/USDT:USDT,0.02304,812.0,0.02303,2354.0,0.02306,177.0,0.02307,1403.0
1753591907559,04:51:47.559,gateio,ACH/USDT:USDT,0.02304,812.0,0.02303,2354.0,0.02306,177.0,0.02307,1403.0
1753591907803,04:51:47.803,gateio,ACH/USDT:USDT,0.02304,812.0,0.02303,2354.0,0.02306,177.0,0.02307,1403.0
1753591908106,04:51:48.106,gateio,ACH/USDT:USDT,0.02305,177.0,0.02304,812.0,0.02306,197.0,0.02307,180.0
1753591908210,04:51:48.210,gateio,ACH/USDT:USDT,0.02305,184.0,0.02304,812.0,0.02307,180.0,0.02308,342.0
1753591908303,04:51:48.303,gateio,ACH/USDT:USDT,0.02305,177.0,0.02304,812.0,0.02307,180.0,0.02308,342.0
1753591908401,04:51:48.401,gateio,ACH/USDT:USDT,0.02305,177.0,0.02304,812.0,0.02307,180.0,0.02308,342.0
1753591908452,04:51:48.452,gateio,ACH/USDT:USDT,0.02305,177.0,0.02304,812.0,0.02307,180.0,0.02308,342.0
1753591908744,04:51:48.744,gateio,ACH/USDT:USDT,0.02305,177.0,0.02304,812.0,0.02307,180.0,0.02308,342.0
1753591908818,04:51:48.818,gateio,ACH/USDT:USDT,0.02305,177.0,0.02304,812.0,0.02307,180.0,0.02308,400.0
1753591908964,04:51:48.964,gateio,ACH/USDT:USDT,0.02305,177.0,0.02304,812.0,0.02307,180.0,0.02308,342.0
1753591909152,04:51:49.152,gateio,ACH/USDT:USDT,0.02305,177.0,0.02304,812.0,0.02307,180.0,0.02308,342.0
1753591909271,04:51:49.271,gateio,ACH/USDT:USDT,0.02305,177.0,0.02304,812.0,0.02307,180.0,0.02308,342.0
1753591909532,04:51:49.532,gateio,ACH/USDT:USDT,0.02305,177.0,0.02304,812.0,0.02307,180.0,0.02308,1542.0
1753591909618,04:51:49.618,gateio,ACH/USDT:USDT,0.02305,177.0,0.02304,812.0,0.02307,180.0,0.02308,1600.0
1753591910396,04:51:50.396,gateio,ACH/USDT:USDT,0.02305,177.0,0.02304,812.0,0.02307,180.0,0.02308,1600.0
1753591911141,04:51:51.141,gateio,ACH/USDT:USDT,0.02305,177.0,0.02304,812.0,0.02307,180.0,0.02308,1600.0
1753591911697,04:51:51.697,gateio,ACH/USDT:USDT,0.02304,812.0,0.02303,2354.0,0.02307,180.0,0.02308,1542.0
1753591911757,04:51:51.757,gateio,ACH/USDT:USDT,0.02305,7.0,0.02304,989.0,0.02307,180.0,0.02308,1542.0
1753591911877,04:51:51.877,gateio,ACH/USDT:USDT,0.02305,184.0,0.02304,989.0,0.02307,180.0,0.02308,1542.0
1753591911917,04:51:51.917,gateio,ACH/USDT:USDT,0.02305,177.0,0.02304,989.0,0.02307,180.0,0.02308,1542.0
1753591912117,04:51:52.117,gateio,ACH/USDT:USDT,0.02305,177.0,0.02304,989.0,0.02307,180.0,0.02308,1542.0
1753591912502,04:51:52.502,gateio,ACH/USDT:USDT,0.02305,177.0,0.02304,989.0,0.02307,180.0,0.02308,1542.0
1753591912708,04:51:52.708,gateio,ACH/USDT:USDT,0.02305,177.0,0.02304,989.0,0.02307,180.0,0.02308,1542.0
1753591912933,04:51:52.933,gateio,ACH/USDT:USDT,0.02305,177.0,0.02304,989.0,0.02307,180.0,0.02308,1542.0
1753591913157,04:51:53.157,gateio,ACH/USDT:USDT,0.02305,177.0,0.02304,989.0,0.02307,180.0,0.02308,1542.0
1753591913709,04:51:53.709,gateio,ACH/USDT:USDT,0.02305,177.0,0.02304,989.0,0.02307,180.0,0.02308,1542.0
1753591913983,04:51:53.983,gateio,ACH/USDT:USDT,0.02305,177.0,0.02304,989.0,0.02307,180.0,0.02308,1542.0
1753591914527,04:51:54.527,gateio,ACH/USDT:USDT,0.02305,177.0,0.02304,989.0,0.02307,180.0,0.02308,1542.0
1753591914620,04:51:54.620,gateio,ACH/USDT:USDT,0.02305,177.0,0.02304,989.0,0.02307,180.0,0.02308,1542.0
1753591915109,04:51:55.109,gateio,ACH/USDT:USDT,0.02305,177.0,0.02304,989.0,0.02307,180.0,0.02308,1542.0
1753591915145,04:51:55.145,gateio,ACH/USDT:USDT,0.02305,177.0,0.02304,989.0,0.02307,180.0,0.02308,1542.0
1753591915524,04:51:55.524,gateio,ACH/USDT:USDT,0.02305,177.0,0.02304,989.0,0.02307,180.0,0.02308,1542.0
1753591915900,04:51:55.900,gateio,ACH/USDT:USDT,0.02305,177.0,0.02304,989.0,0.02307,180.0,0.02308,1542.0
1753591916718,04:51:56.718,gateio,ACH/USDT:USDT,0.02305,177.0,0.02304,989.0,0.02307,180.0,0.02308,1542.0
1753591918373,04:51:58.373,gateio,ACH/USDT:USDT,0.02305,177.0,0.02304,989.0,0.02307,180.0,0.02308,1542.0
1753591918737,04:51:58.737,gateio,ACH/USDT:USDT,0.02305,177.0,0.02304,989.0,0.02307,180.0,0.02308,1542.0
1753591918979,04:51:58.979,gateio,ACH/USDT:USDT,0.02304,989.0,0.02303,2354.0,0.02307,180.0,0.02308,1542.0
1753591919033,04:51:59.033,gateio,ACH/USDT:USDT,0.02305,7.0,0.02304,989.0,0.02306,177.0,0.02307,180.0
1753591919533,04:51:59.533,gateio,ACH/USDT:USDT,0.02305,7.0,0.02304,989.0,0.02306,177.0,0.02307,180.0
1753591919817,04:51:59.817,gateio,ACH/USDT:USDT,0.02304,873.0,0.02303,2354.0,0.02306,177.0,0.02307,180.0
1753591919919,04:51:59.919,gateio,ACH/USDT:USDT,0.02304,873.0,0.02303,2354.0,0.02307,180.0,0.02308,1542.0
1753591920071,04:52:00.071,gateio,ACH/USDT:USDT,0.02305,1.0,0.02304,873.0,0.02306,7.0,0.02307,180.0
1753591920229,04:52:00.229,gateio,ACH/USDT:USDT,0.02305,1.0,0.02304,873.0,0.02306,7.0,0.02307,180.0
1753591920380,04:52:00.380,gateio,ACH/USDT:USDT,0.02305,1.0,0.02304,873.0,0.02306,7.0,0.02307,180.0
1753591920547,04:52:00.547,gateio,ACH/USDT:USDT,0.02305,1.0,0.02304,873.0,0.02306,7.0,0.02307,180.0
1753591920700,04:52:00.700,gateio,ACH/USDT:USDT,0.02305,1.0,0.02304,873.0,0.02306,7.0,0.02307,180.0
1753591920853,04:52:00.853,gateio,ACH/USDT:USDT,0.02305,1.0,0.02304,873.0,0.02306,7.0,0.02307,180.0
1753591921014,04:52:01.014,gateio,ACH/USDT:USDT,0.02305,1.0,0.02304,873.0,0.02306,7.0,0.02307,180.0
1753591921167,04:52:01.167,gateio,ACH/USDT:USDT,0.02305,1.0,0.02304,873.0,0.02306,7.0,0.02307,180.0
1753591921318,04:52:01.318,gateio,ACH/USDT:USDT,0.02305,1.0,0.02304,873.0,0.02306,7.0,0.02307,180.0
1753591921475,04:52:01.475,gateio,ACH/USDT:USDT,0.02305,176.0,0.02304,873.0,0.02306,7.0,0.02307,180.0
1753591921636,04:52:01.636,gateio,ACH/USDT:USDT,0.02305,176.0,0.02304,873.0,0.02306,7.0,0.02307,180.0
1753591922004,04:52:02.004,gateio,ACH/USDT:USDT,0.02305,176.0,0.02304,873.0,0.02306,7.0,0.02307,180.0
1753591922105,04:52:02.105,gateio,ACH/USDT:USDT,0.02305,176.0,0.02304,873.0,0.02306,27.0,0.02307,238.0
1753591922206,04:52:02.206,gateio,ACH/USDT:USDT,0.02305,1.0,0.02304,873.0,0.02306,7.0,0.02307,180.0
1753591922212,04:52:02.212,gateio,ACH/USDT:USDT,0.02305,1.0,0.02304,873.0,0.02306,7.0,0.02307,180.0
1753591922349,04:52:02.349,gateio,ACH/USDT:USDT,0.02305,1.0,0.02304,873.0,0.02306,7.0,0.02307,180.0
1753591922502,04:52:02.502,gateio,ACH/USDT:USDT,0.02305,1.0,0.02304,873.0,0.02306,182.0,0.02307,180.0
1753591922798,04:52:02.798,gateio,ACH/USDT:USDT,0.02305,176.0,0.02304,873.0,0.02306,202.0,0.02307,180.0
1753591922817,04:52:02.817,gateio,ACH/USDT:USDT,0.02305,176.0,0.02304,873.0,0.02306,202.0,0.02307,238.0
1753591922917,04:52:02.917,gateio,ACH/USDT:USDT,0.02305,176.0,0.02304,873.0,0.02306,202.0,0.02307,180.0
1753591923537,04:52:03.537,gateio,ACH/USDT:USDT,0.02305,176.0,0.02304,873.0,0.02306,202.0,0.02307,180.0
1753591923618,04:52:03.618,gateio,ACH/USDT:USDT,0.02305,176.0,0.02304,873.0,0.02306,202.0,0.02307,238.0
1753591923718,04:52:03.718,gateio,ACH/USDT:USDT,0.02305,176.0,0.02304,873.0,0.02306,202.0,0.02307,180.0
1753591924451,04:52:04.451,gateio,ACH/USDT:USDT,0.02305,176.0,0.02304,873.0,0.02306,202.0,0.02307,180.0
1753591924518,04:52:04.518,gateio,ACH/USDT:USDT,0.02305,176.0,0.02304,873.0,0.02306,202.0,0.02307,238.0
1753591924618,04:52:04.618,gateio,ACH/USDT:USDT,0.02305,176.0,0.02304,873.0,0.02306,202.0,0.02307,180.0
1753591925083,04:52:05.083,gateio,ACH/USDT:USDT,0.02305,176.0,0.02304,873.0,0.02306,202.0,0.02307,180.0
1753591925118,04:52:05.118,gateio,ACH/USDT:USDT,0.02305,176.0,0.02304,873.0,0.02306,202.0,0.02307,238.0
1753591925288,04:52:05.288,gateio,ACH/USDT:USDT,0.02305,176.0,0.02304,873.0,0.02306,202.0,0.02307,180.0
1753591925543,04:52:05.543,gateio,ACH/USDT:USDT,0.02305,176.0,0.02304,873.0,0.02306,202.0,0.02307,180.0
1753591925617,04:52:05.617,gateio,ACH/USDT:USDT,0.02305,176.0,0.02304,873.0,0.02306,202.0,0.02307,238.0
1753591925717,04:52:05.717,gateio,ACH/USDT:USDT,0.02305,176.0,0.02304,873.0,0.02306,202.0,0.02307,180.0
1753591925932,04:52:05.932,gateio,ACH/USDT:USDT,0.02305,1.0,0.02304,873.0,0.02306,202.0,0.02307,180.0
1753591927286,04:52:07.286,gateio,ACH/USDT:USDT,0.02305,176.0,0.02304,873.0,0.02306,202.0,0.02307,180.0
1753591927317,04:52:07.317,gateio,ACH/USDT:USDT,0.02305,176.0,0.02304,873.0,0.02306,202.0,0.02307,238.0
1753591927417,04:52:07.417,gateio,ACH/USDT:USDT,0.02305,176.0,0.02304,873.0,0.02306,202.0,0.02307,180.0
1753591927533,04:52:07.533,gateio,ACH/USDT:USDT,0.02305,176.0,0.02304,873.0,0.02306,202.0,0.02307,180.0
1753591928015,04:52:08.015,gateio,ACH/USDT:USDT,0.02305,176.0,0.02304,873.0,0.02306,202.0,0.02307,180.0
1753591928119,04:52:08.119,gateio,ACH/USDT:USDT,0.02305,176.0,0.02304,873.0,0.02306,202.0,0.02307,238.0
1753591928217,04:52:08.217,gateio,ACH/USDT:USDT,0.02305,176.0,0.02304,873.0,0.02306,202.0,0.02307,180.0
1753591928338,04:52:08.338,gateio,ACH/USDT:USDT,0.02305,176.0,0.02304,873.0,0.02306,202.0,0.02307,180.0
1753591931126,04:52:11.126,gateio,ACH/USDT:USDT,0.02305,176.0,0.02304,873.0,0.02306,202.0,0.02307,180.0
1753591931218,04:52:11.218,gateio,ACH/USDT:USDT,0.02305,176.0,0.02304,873.0,0.02306,202.0,0.02307,238.0
1753591931317,04:52:11.317,gateio,ACH/USDT:USDT,0.02305,176.0,0.02304,873.0,0.02306,202.0,0.02307,180.0
1753591931593,04:52:11.593,gateio,ACH/USDT:USDT,0.02305,176.0,0.02304,873.0,0.02306,202.0,0.02307,180.0
1753591932423,04:52:12.423,gateio,ACH/USDT:USDT,0.02305,1.0,0.02304,873.0,0.02306,182.0,0.02307,180.0
1753591932518,04:52:12.518,gateio,ACH/USDT:USDT,0.02305,1.0,0.02304,873.0,0.02306,182.0,0.02307,238.0
1753591932658,04:52:12.658,gateio,ACH/USDT:USDT,0.02305,1.0,0.02304,873.0,0.02306,182.0,0.02307,180.0
1753591932740,04:52:12.740,gateio,ACH/USDT:USDT,0.02305,1.0,0.02304,873.0,0.02306,182.0,0.02307,180.0
1753591933137,04:52:13.137,gateio,ACH/USDT:USDT,0.02305,1.0,0.02304,873.0,0.02306,182.0,0.02307,180.0
1753591933218,04:52:13.218,gateio,ACH/USDT:USDT,0.02305,1.0,0.02304,873.0,0.02306,182.0,0.02307,238.0
1753591933318,04:52:13.318,gateio,ACH/USDT:USDT,0.02305,1.0,0.02304,873.0,0.02306,182.0,0.02307,180.0
1753591934131,04:52:14.131,gateio,ACH/USDT:USDT,0.02305,1.0,0.02304,873.0,0.02306,182.0,0.02307,180.0
1753591934218,04:52:14.218,gateio,ACH/USDT:USDT,0.02305,1.0,0.02304,873.0,0.02306,182.0,0.02307,238.0
1753591934319,04:52:14.319,gateio,ACH/USDT:USDT,0.02305,1.0,0.02304,873.0,0.02306,182.0,0.02307,180.0
1753591934761,04:52:14.761,gateio,ACH/USDT:USDT,0.02305,179.0,0.02304,873.0,0.02306,202.0,0.02307,180.0
1753591934824,04:52:14.824,gateio,ACH/USDT:USDT,0.02305,179.0,0.02304,873.0,0.02306,182.0,0.02307,238.0
1753591934917,04:52:14.917,gateio,ACH/USDT:USDT,0.02305,179.0,0.02304,873.0,0.02306,182.0,0.02307,180.0
1753591935142,04:52:15.142,gateio,ACH/USDT:USDT,0.02305,179.0,0.02304,873.0,0.02306,182.0,0.02307,180.0
1753591937965,04:52:17.965,gateio,ACH/USDT:USDT,0.02305,179.0,0.02304,873.0,0.02306,182.0,0.02307,180.0
1753591938020,04:52:18.020,gateio,ACH/USDT:USDT,0.02305,179.0,0.02304,873.0,0.02306,182.0,0.02307,238.0
1753591938117,04:52:18.117,gateio,ACH/USDT:USDT,0.02305,179.0,0.02304,873.0,0.02306,182.0,0.02307,180.0
1753591938469,04:52:18.469,gateio,ACH/USDT:USDT,0.02305,179.0,0.02304,873.0,0.02306,27.0,0.02307,180.0
1753591938582,04:52:18.582,gateio,ACH/USDT:USDT,0.02305,179.0,0.02304,873.0,0.02306,27.0,0.02307,180.0
1753591938637,04:52:18.637,gateio,ACH/USDT:USDT,0.02305,179.0,0.02304,873.0,0.02306,27.0,0.02307,238.0
1753591938767,04:52:18.767,gateio,ACH/USDT:USDT,0.02305,179.0,0.02304,873.0,0.02306,27.0,0.02307,180.0
1753591938870,04:52:18.870,gateio,ACH/USDT:USDT,0.02305,179.0,0.02304,873.0,0.02306,27.0,0.02307,180.0
1753591939208,04:52:19.208,gateio,ACH/USDT:USDT,0.02305,179.0,0.02304,873.0,0.02306,27.0,0.02307,180.0
1753591939463,04:52:19.463,gateio,ACH/USDT:USDT,0.02305,179.0,0.02304,873.0,0.02306,27.0,0.02307,180.0
1753591942584,04:52:22.584,gateio,ACH/USDT:USDT,0.02305,179.0,0.02304,873.0,0.02306,27.0,0.02307,180.0
1753591942739,04:52:22.739,gateio,ACH/USDT:USDT,0.02305,179.0,0.02304,873.0,0.02306,27.0,0.02307,180.0
1753591942907,04:52:22.907,gateio,ACH/USDT:USDT,0.02305,179.0,0.02304,873.0,0.02306,27.0,0.02307,180.0
1753591942917,04:52:22.917,gateio,ACH/USDT:USDT,0.02305,179.0,0.02304,873.0,0.02306,27.0,0.02307,180.0
1753591943508,04:52:23.508,gateio,ACH/USDT:USDT,0.02305,179.0,0.02304,873.0,0.02306,27.0,0.02307,180.0
1753591943572,04:52:23.572,gateio,ACH/USDT:USDT,0.02305,179.0,0.02304,873.0,0.02306,27.0,0.02307,180.0
1753591943624,04:52:23.624,gateio,ACH/USDT:USDT,0.02305,179.0,0.02304,873.0,0.02306,27.0,0.02307,180.0
1753591944564,04:52:24.564,gateio,ACH/USDT:USDT,0.02305,179.0,0.02304,873.0,0.02306,27.0,0.02307,180.0
1753591945657,04:52:25.657,gateio,ACH/USDT:USDT,0.02305,179.0,0.02304,873.0,0.02306,27.0,0.02307,180.0
1753591945721,04:52:25.721,gateio,ACH/USDT:USDT,0.02305,179.0,0.02304,873.0,0.02306,27.0,0.02307,180.0
1753591946509,04:52:26.509,gateio,ACH/USDT:USDT,0.02305,179.0,0.02304,873.0,0.02306,27.0,0.02307,180.0
1753591946564,04:52:26.564,gateio,ACH/USDT:USDT,0.02305,179.0,0.02304,873.0,0.02306,27.0,0.02307,180.0
1753591946631,04:52:26.631,gateio,ACH/USDT:USDT,0.02305,179.0,0.02304,873.0,0.02306,27.0,0.02307,180.0
1753591946967,04:52:26.967,gateio,ACH/USDT:USDT,0.02305,179.0,0.02304,873.0,0.02306,27.0,0.02307,180.0
1753591947537,04:52:27.537,gateio,ACH/USDT:USDT,0.02305,179.0,0.02304,873.0,0.02306,27.0,0.02307,180.0
1753591949217,04:52:29.217,gateio,ACH/USDT:USDT,0.02305,179.0,0.02304,873.0,0.02306,27.0,0.02307,180.0
1753591949318,04:52:29.318,gateio,ACH/USDT:USDT,0.02305,179.0,0.02304,873.0,0.02306,27.0,0.02307,238.0
1753591949417,04:52:29.417,gateio,ACH/USDT:USDT,0.02305,179.0,0.02304,873.0,0.02306,27.0,0.02307,180.0
1753591950164,04:52:30.164,gateio,ACH/USDT:USDT,0.02305,179.0,0.02304,873.0,0.02306,27.0,0.02307,180.0
1753591950220,04:52:30.220,gateio,ACH/USDT:USDT,0.02305,179.0,0.02304,873.0,0.02306,27.0,0.02307,238.0
1753591950317,04:52:30.317,gateio,ACH/USDT:USDT,0.02305,179.0,0.02304,873.0,0.02306,27.0,0.02307,180.0
1753591952264,04:52:32.264,gateio,ACH/USDT:USDT,0.02305,179.0,0.02304,873.0,0.02306,27.0,0.02307,180.0
1753591952338,04:52:32.338,gateio,ACH/USDT:USDT,0.02305,179.0,0.02304,873.0,0.02306,27.0,0.02307,238.0
1753591952418,04:52:32.418,gateio,ACH/USDT:USDT,0.02305,179.0,0.02304,873.0,0.02306,27.0,0.02307,180.0
1753591953597,04:52:33.597,gateio,ACH/USDT:USDT,0.02305,179.0,0.02304,873.0,0.02306,27.0,0.02307,180.0
1753591953625,04:52:33.625,gateio,ACH/USDT:USDT,0.02305,179.0,0.02304,873.0,0.02306,27.0,0.02307,238.0
1753591953717,04:52:33.717,gateio,ACH/USDT:USDT,0.02305,179.0,0.02304,873.0,0.02306,27.0,0.02307,180.0
1753591955167,04:52:35.167,gateio,ACH/USDT:USDT,0.02305,179.0,0.02304,873.0,0.02306,27.0,0.02307,180.0
1753591955219,04:52:35.219,gateio,ACH/USDT:USDT,0.02305,179.0,0.02304,873.0,0.02306,27.0,0.02307,238.0
1753591955317,04:52:35.317,gateio,ACH/USDT:USDT,0.02305,179.0,0.02304,873.0,0.02306,27.0,0.02307,180.0
1753591955699,04:52:35.699,gateio,ACH/USDT:USDT,0.02305,179.0,0.02304,873.0,0.02306,27.0,0.02307,180.0
1753591956314,04:52:36.314,gateio,ACH/USDT:USDT,0.02305,179.0,0.02304,873.0,0.02306,27.0,0.02307,180.0
1753591956417,04:52:36.417,gateio,ACH/USDT:USDT,0.02305,179.0,0.02304,873.0,0.02306,27.0,0.02307,238.0
1753591956517,04:52:36.517,gateio,ACH/USDT:USDT,0.02305,179.0,0.02304,873.0,0.02306,27.0,0.02307,180.0
1753591957137,04:52:37.137,gateio,ACH/USDT:USDT,0.02305,179.0,0.02304,873.0,0.02306,27.0,0.02307,180.0
1753591957218,04:52:37.218,gateio,ACH/USDT:USDT,0.02305,179.0,0.02304,873.0,0.02306,27.0,0.02307,238.0
1753591957317,04:52:37.317,gateio,ACH/USDT:USDT,0.02305,179.0,0.02304,873.0,0.02306,27.0,0.02307,180.0
1753591958965,04:52:38.965,gateio,ACH/USDT:USDT,0.02305,179.0,0.02304,2183.0,0.02306,27.0,0.02308,342.0
1753591959092,04:52:39.092,gateio,ACH/USDT:USDT,0.02306,985.0,0.02305,199.0,0.02307,29.0,0.02308,400.0
1753591959193,04:52:39.193,gateio,ACH/USDT:USDT,0.02306,985.0,0.02305,199.0,0.02307,29.0,0.02308,342.0
1753591959272,04:52:39.272,gateio,ACH/USDT:USDT,0.02306,985.0,0.02305,6470.0,0.02307,29.0,0.02308,342.0
1753591959496,04:52:39.496,gateio,ACH/USDT:USDT,0.02306,985.0,0.02305,6470.0,0.02307,29.0,0.02308,342.0
1753591959832,04:52:39.832,gateio,ACH/USDT:USDT,0.02306,985.0,0.02305,6470.0,0.02307,29.0,0.02308,342.0
1753591959940,04:52:39.940,gateio,ACH/USDT:USDT,0.02306,985.0,0.02305,6470.0,0.02307,29.0,0.02308,400.0
1753591960017,04:52:40.017,gateio,ACH/USDT:USDT,0.02306,985.0,0.02305,6470.0,0.02307,29.0,0.02308,342.0
1753591960416,04:52:40.416,gateio,ACH/USDT:USDT,0.02306,985.0,0.02305,6470.0,0.02307,29.0,0.02308,342.0
1753591960517,04:52:40.517,gateio,ACH/USDT:USDT,0.02306,985.0,0.02305,6470.0,0.02307,29.0,0.02308,400.0
1753591960617,04:52:40.617,gateio,ACH/USDT:USDT,0.02306,985.0,0.02305,6470.0,0.02307,29.0,0.02308,342.0
1753591961468,04:52:41.468,gateio,ACH/USDT:USDT,0.02306,812.0,0.02305,6470.0,0.02307,182.0,0.02308,342.0
1753591961518,04:52:41.518,gateio,ACH/USDT:USDT,0.02306,812.0,0.02305,6470.0,0.02307,182.0,0.02308,400.0
1753591961617,04:52:41.617,gateio,ACH/USDT:USDT,0.02306,812.0,0.02305,6470.0,0.02307,182.0,0.02308,342.0
1753591961938,04:52:41.938,gateio,ACH/USDT:USDT,0.02306,812.0,0.02305,6470.0,0.02307,182.0,0.02308,342.0
1753591962018,04:52:42.018,gateio,ACH/USDT:USDT,0.02306,812.0,0.02305,6470.0,0.02307,182.0,0.02308,400.0
1753591962117,04:52:42.117,gateio,ACH/USDT:USDT,0.02306,812.0,0.02305,6470.0,0.02307,182.0,0.02308,342.0
1753591963165,04:52:43.165,gateio,ACH/USDT:USDT,0.02306,812.0,0.02305,6470.0,0.02307,182.0,0.02308,342.0
1753591963218,04:52:43.218,gateio,ACH/USDT:USDT,0.02306,812.0,0.02305,6470.0,0.02307,182.0,0.02308,400.0
1753591963357,04:52:43.357,gateio,ACH/USDT:USDT,0.02306,812.0,0.02305,6470.0,0.02307,29.0,0.02308,342.0
1753591963438,04:52:43.438,gateio,ACH/USDT:USDT,0.02306,812.0,0.02305,6470.0,0.02307,29.0,0.02308,342.0
1753591966099,04:52:46.099,gateio,ACH/USDT:USDT,0.02306,812.0,0.02305,6470.0,0.02307,29.0,0.02308,342.0
1753591966117,04:52:46.117,gateio,ACH/USDT:USDT,0.02306,812.0,0.02305,6470.0,0.02307,29.0,0.02308,400.0
1753591966216,04:52:46.216,gateio,ACH/USDT:USDT,0.02306,812.0,0.02305,6470.0,0.02307,29.0,0.02308,342.0
1753591966600,04:52:46.600,gateio,ACH/USDT:USDT,0.02306,812.0,0.02305,6470.0,0.02307,29.0,0.02308,342.0
1753591966618,04:52:46.618,gateio,ACH/USDT:USDT,0.02306,812.0,0.02305,6470.0,0.02307,29.0,0.02308,400.0
1753591966739,04:52:46.739,gateio,ACH/USDT:USDT,0.02306,812.0,0.02305,6470.0,0.02307,29.0,0.02308,342.0
1753591970616,04:52:50.616,gateio,ACH/USDT:USDT,0.02306,812.0,0.02305,6470.0,0.02307,29.0,0.02308,342.0
1753591970830,04:52:50.830,gateio,ACH/USDT:USDT,0.02306,812.0,0.02305,6470.0,0.02307,29.0,0.02308,400.0
1753591970916,04:52:50.916,gateio,ACH/USDT:USDT,0.02306,812.0,0.02305,6470.0,0.02307,29.0,0.02308,342.0
1753591971552,04:52:51.552,gateio,ACH/USDT:USDT,0.02306,812.0,0.02305,6470.0,0.02307,29.0,0.02308,342.0
1753591971618,04:52:51.618,gateio,ACH/USDT:USDT,0.02306,812.0,0.02305,6470.0,0.02307,29.0,0.02308,400.0
1753591971718,04:52:51.718,gateio,ACH/USDT:USDT,0.02306,812.0,0.02305,6470.0,0.02307,29.0,0.02308,342.0
1753591972134,04:52:52.134,gateio,ACH/USDT:USDT,0.02306,812.0,0.02305,6470.0,0.02307,29.0,0.02308,342.0
1753591972217,04:52:52.217,gateio,ACH/USDT:USDT,0.02306,812.0,0.02305,6470.0,0.02307,29.0,0.02308,400.0
1753591972318,04:52:52.318,gateio,ACH/USDT:USDT,0.02306,812.0,0.02305,6470.0,0.02307,29.0,0.02308,342.0
1753591973105,04:52:53.105,gateio,ACH/USDT:USDT,0.02306,812.0,0.02305,6470.0,0.02307,29.0,0.02308,342.0
1753591973209,04:52:53.209,gateio,ACH/USDT:USDT,0.02306,812.0,0.02305,6470.0,0.02307,29.0,0.02308,342.0
1753591973224,04:52:53.224,gateio,ACH/USDT:USDT,0.02306,812.0,0.02305,6470.0,0.02307,29.0,0.02308,342.0
1753591975483,04:52:55.483,gateio,ACH/USDT:USDT,0.02306,812.0,0.02305,6470.0,0.02307,29.0,0.02308,342.0
1753591975983,04:52:55.983,gateio,ACH/USDT:USDT,0.02306,812.0,0.02305,6470.0,0.02307,29.0,0.02308,342.0
1753591976202,04:52:56.202,gateio,ACH/USDT:USDT,0.02306,812.0,0.02305,6470.0,0.02307,29.0,0.02308,342.0
1753591976352,04:52:56.352,gateio,ACH/USDT:USDT,0.02306,812.0,0.02305,6470.0,0.02307,29.0,0.02308,342.0
1753591977245,04:52:57.245,gateio,ACH/USDT:USDT,0.02306,812.0,0.02305,6470.0,0.02307,29.0,0.02308,342.0
1753591977321,04:52:57.321,gateio,ACH/USDT:USDT,0.02306,812.0,0.02305,6470.0,0.02307,29.0,0.02308,342.0
1753591977609,04:52:57.609,gateio,ACH/USDT:USDT,0.02306,812.0,0.02305,6470.0,0.02307,29.0,0.02308,342.0
1753591979360,04:52:59.360,gateio,ACH/USDT:USDT,0.02306,812.0,0.02305,6470.0,0.02307,29.0,0.02308,342.0
1753591979423,04:52:59.423,gateio,ACH/USDT:USDT,0.02306,812.0,0.02305,6470.0,0.02307,29.0,0.02308,342.0
1753591979738,04:52:59.738,gateio,ACH/USDT:USDT,0.02306,812.0,0.02305,6470.0,0.02307,29.0,0.02308,342.0
1753591980282,04:53:00.282,gateio,ACH/USDT:USDT,0.02306,812.0,0.02305,6470.0,0.02307,29.0,0.02308,342.0
1753591980619,04:53:00.619,gateio,ACH/USDT:USDT,0.02306,812.0,0.02305,6470.0,0.02307,29.0,0.02308,342.0
1753591981139,04:53:01.139,gateio,ACH/USDT:USDT,0.02306,812.0,0.02305,6470.0,0.02307,29.0,0.02308,342.0
1753591981642,04:53:01.642,gateio,ACH/USDT:USDT,0.02306,812.0,0.02305,6470.0,0.02307,29.0,0.02308,342.0
1753591982277,04:53:02.277,gateio,ACH/USDT:USDT,0.02306,812.0,0.02305,6470.0,0.02307,29.0,0.02308,342.0
1753591983692,04:53:03.692,gateio,ACH/USDT:USDT,0.02306,812.0,0.02305,6470.0,0.02307,29.0,0.02308,342.0
1753591983719,04:53:03.719,gateio,ACH/USDT:USDT,0.02306,812.0,0.02305,6470.0,0.02307,29.0,0.02308,400.0
1753591983817,04:53:03.817,gateio,ACH/USDT:USDT,0.02306,812.0,0.02305,6470.0,0.02307,29.0,0.02308,342.0
1753591984770,04:53:04.770,gateio,ACH/USDT:USDT,0.02306,812.0,0.02305,6470.0,0.02307,29.0,0.02308,342.0
1753591984818,04:53:04.818,gateio,ACH/USDT:USDT,0.02306,812.0,0.02305,6470.0,0.02307,29.0,0.02308,400.0
1753591984918,04:53:04.918,gateio,ACH/USDT:USDT,0.02306,812.0,0.02305,6470.0,0.02307,29.0,0.02308,342.0
1753591985939,04:53:05.939,gateio,ACH/USDT:USDT,0.02306,812.0,0.02305,6470.0,0.02307,29.0,0.02308,342.0
1753591986017,04:53:06.017,gateio,ACH/USDT:USDT,0.02306,812.0,0.02305,6470.0,0.02307,29.0,0.02308,400.0
1753591986126,04:53:06.126,gateio,ACH/USDT:USDT,0.02306,812.0,0.02305,6470.0,0.02307,29.0,0.02308,342.0
1753591986291,04:53:06.291,gateio,ACH/USDT:USDT,0.02306,812.0,0.02305,6470.0,0.02307,29.0,0.02308,342.0
1753591988927,04:53:08.927,gateio,ACH/USDT:USDT,0.02306,812.0,0.02305,6470.0,0.02307,29.0,0.02308,342.0
1753591989018,04:53:09.018,gateio,ACH/USDT:USDT,0.02306,812.0,0.02305,6470.0,0.02307,29.0,0.02308,400.0
1753591989117,04:53:09.117,gateio,ACH/USDT:USDT,0.02306,812.0,0.02305,6470.0,0.02307,29.0,0.02308,342.0
1753591989764,04:53:09.764,gateio,ACH/USDT:USDT,0.02306,812.0,0.02305,199.0,0.02307,29.0,0.02308,342.0
1753591989864,04:53:09.864,gateio,ACH/USDT:USDT,0.02306,7079.0,0.02305,199.0,0.02307,9.0,0.02308,342.0
1753591990709,04:53:10.709,gateio,ACH/USDT:USDT,0.02306,7079.0,0.02305,199.0,0.02307,9.0,0.02308,342.0
1753591990738,04:53:10.738,gateio,ACH/USDT:USDT,0.02306,7079.0,0.02305,199.0,0.02307,9.0,0.02308,400.0
1753591990827,04:53:10.827,gateio,ACH/USDT:USDT,0.02306,7079.0,0.02305,199.0,0.02307,9.0,0.02308,342.0
1753591991374,04:53:11.374,gateio,ACH/USDT:USDT,0.02306,7079.0,0.02305,199.0,0.02307,9.0,0.02308,342.0
1753591991443,04:53:11.443,gateio,ACH/USDT:USDT,0.02306,7079.0,0.02305,199.0,0.02307,9.0,0.02308,400.0
1753591991525,04:53:11.525,gateio,ACH/USDT:USDT,0.02306,7079.0,0.02305,199.0,0.02307,9.0,0.02308,342.0
1753591991943,04:53:11.943,gateio,ACH/USDT:USDT,0.02306,7079.0,0.02305,199.0,0.02307,9.0,0.02308,342.0
1753591992017,04:53:12.017,gateio,ACH/USDT:USDT,0.02306,7079.0,0.02305,199.0,0.02307,9.0,0.02308,400.0
1753591992117,04:53:12.117,gateio,ACH/USDT:USDT,0.02306,7079.0,0.02305,199.0,0.02307,9.0,0.02308,342.0
1753591994278,04:53:14.278,gateio,ACH/USDT:USDT,0.02306,7079.0,0.02305,199.0,0.02307,9.0,0.02308,342.0
1753591994317,04:53:14.317,gateio,ACH/USDT:USDT,0.02306,7079.0,0.02305,199.0,0.02307,9.0,0.02308,400.0
1753591994417,04:53:14.417,gateio,ACH/USDT:USDT,0.02306,7079.0,0.02305,199.0,0.02307,9.0,0.02308,342.0
1753591994692,04:53:14.692,gateio,ACH/USDT:USDT,0.02306,7079.0,0.02305,199.0,0.02307,9.0,0.02308,342.0
1753591995553,04:53:15.553,gateio,ACH/USDT:USDT,0.02306,7079.0,0.02305,199.0,0.02307,9.0,0.02308,342.0
1753591995633,04:53:15.633,gateio,ACH/USDT:USDT,0.02306,7079.0,0.02305,199.0,0.02307,9.0,0.02308,400.0
1753591995720,04:53:15.720,gateio,ACH/USDT:USDT,0.02306,7079.0,0.02305,199.0,0.02307,9.0,0.02308,342.0
1753591997308,04:53:17.308,gateio,ACH/USDT:USDT,0.02306,7079.0,0.02305,199.0,0.02307,9.0,0.02308,342.0
1753591997317,04:53:17.317,gateio,ACH/USDT:USDT,0.02306,7079.0,0.02305,199.0,0.02307,9.0,0.02308,400.0
1753591997417,04:53:17.417,gateio,ACH/USDT:USDT,0.02306,7079.0,0.02305,199.0,0.02307,9.0,0.02308,342.0
1753592000338,04:53:20.338,gateio,ACH/USDT:USDT,0.02306,7079.0,0.02305,199.0,0.02307,9.0,0.02308,342.0
1753592000418,04:53:20.418,gateio,ACH/USDT:USDT,0.02306,7079.0,0.02305,199.0,0.02307,9.0,0.02308,400.0
1753592000517,04:53:20.517,gateio,ACH/USDT:USDT,0.02306,7079.0,0.02305,199.0,0.02307,9.0,0.02308,342.0
1753592003615,04:53:23.615,gateio,ACH/USDT:USDT,0.02306,7079.0,0.02305,199.0,0.02307,9.0,0.02308,342.0
1753592003719,04:53:23.719,gateio,ACH/USDT:USDT,0.02306,7079.0,0.02305,199.0,0.02307,9.0,0.02308,400.0
1753592003818,04:53:23.818,gateio,ACH/USDT:USDT,0.02306,7079.0,0.02305,199.0,0.02307,9.0,0.02308,342.0
1753592004366,04:53:24.366,gateio,ACH/USDT:USDT,0.02306,7079.0,0.02305,199.0,0.02307,9.0,0.02308,342.0
1753592004418,04:53:24.418,gateio,ACH/USDT:USDT,0.02306,7079.0,0.02305,199.0,0.02307,9.0,0.02308,400.0
1753592004518,04:53:24.518,gateio,ACH/USDT:USDT,0.02306,7079.0,0.02305,199.0,0.02307,9.0,0.02308,342.0
1753592004727,04:53:24.727,gateio,ACH/USDT:USDT,0.02306,7079.0,0.02305,199.0,0.02307,9.0,0.02308,165.0
1753592005177,04:53:25.177,gateio,ACH/USDT:USDT,0.02306,7079.0,0.02305,199.0,0.02307,9.0,0.02308,165.0
1753592005217,04:53:25.217,gateio,ACH/USDT:USDT,0.02306,7079.0,0.02305,199.0,0.02307,9.0,0.02308,223.0
1753592005316,04:53:25.316,gateio,ACH/USDT:USDT,0.02306,7079.0,0.02305,199.0,0.02307,9.0,0.02308,165.0
1753592005508,04:53:25.508,gateio,ACH/USDT:USDT,0.02306,7079.0,0.02305,199.0,0.02307,9.0,0.02308,165.0
1753592005609,04:53:25.609,gateio,ACH/USDT:USDT,0.02306,7079.0,0.02305,199.0,0.02307,9.0,0.02308,165.0
1753592005610,04:53:25.610,gateio,ACH/USDT:USDT,0.02306,7079.0,0.02305,199.0,0.02307,9.0,0.02308,165.0
1753592005718,04:53:25.718,gateio,ACH/USDT:USDT,0.02306,7079.0,0.02305,199.0,0.02307,9.0,0.02308,223.0
1753592005822,04:53:25.822,gateio,ACH/USDT:USDT,0.02306,7079.0,0.02305,199.0,0.02307,9.0,0.02308,165.0
1753592007763,04:53:27.763,gateio,ACH/USDT:USDT,0.02306,7079.0,0.02305,199.0,0.02307,9.0,0.02308,165.0
1753592007817,04:53:27.817,gateio,ACH/USDT:USDT,0.02306,7079.0,0.02305,199.0,0.02307,9.0,0.02308,223.0
1753592007917,04:53:27.917,gateio,ACH/USDT:USDT,0.02306,7079.0,0.02305,199.0,0.02307,9.0,0.02308,165.0
1753592008757,04:53:28.757,gateio,ACH/USDT:USDT,0.02306,7079.0,0.02305,199.0,0.02307,9.0,0.02308,165.0
1753592008819,04:53:28.819,gateio,ACH/USDT:USDT,0.02306,7079.0,0.02305,199.0,0.02307,9.0,0.02308,223.0
1753592008917,04:53:28.917,gateio,ACH/USDT:USDT,0.02306,7079.0,0.02305,199.0,0.02307,9.0,0.02308,165.0
1753592009748,04:53:29.748,gateio,ACH/USDT:USDT,0.02306,7079.0,0.02305,199.0,0.02307,9.0,0.02308,165.0
1753592009817,04:53:29.817,gateio,ACH/USDT:USDT,0.02306,7079.0,0.02305,199.0,0.02307,9.0,0.02308,223.0
1753592009916,04:53:29.916,gateio,ACH/USDT:USDT,0.02306,7079.0,0.02305,199.0,0.02307,9.0,0.02308,165.0
1753592010139,04:53:30.139,gateio,ACH/USDT:USDT,0.02306,7079.0,0.02305,199.0,0.02307,9.0,0.02308,165.0
1753592010872,04:53:30.872,gateio,ACH/USDT:USDT,0.02306,7079.0,0.02305,199.0,0.02307,9.0,0.02308,165.0
1753592010921,04:53:30.921,gateio,ACH/USDT:USDT,0.02306,7079.0,0.02305,199.0,0.02307,9.0,0.02308,223.0
1753592011017,04:53:31.017,gateio,ACH/USDT:USDT,0.02306,7079.0,0.02305,199.0,0.02307,9.0,0.02308,165.0
1753592011204,04:53:31.204,gateio,ACH/USDT:USDT,0.02306,7079.0,0.02305,199.0,0.02307,9.0,0.02308,165.0
1753592011511,04:53:31.511,gateio,ACH/USDT:USDT,0.02306,7079.0,0.02305,199.0,0.02307,9.0,0.02308,165.0
1753592013279,04:53:33.279,gateio,ACH/USDT:USDT,0.02306,7079.0,0.02305,199.0,0.02307,9.0,0.02308,165.0
1753592013828,04:53:33.828,gateio,ACH/USDT:USDT,0.02306,7079.0,0.02305,199.0,0.02307,9.0,0.02308,165.0
1753592014953,04:53:34.953,gateio,ACH/USDT:USDT,0.02306,7079.0,0.02305,199.0,0.02307,9.0,0.02308,165.0
1753592016903,04:53:36.903,gateio,ACH/USDT:USDT,0.02306,7079.0,0.02305,199.0,0.02307,9.0,0.02308,165.0
1753592016935,04:53:36.935,gateio,ACH/USDT:USDT,0.02306,7079.0,0.02305,199.0,0.02307,9.0,0.02308,165.0
1753592017690,04:53:37.690,gateio,ACH/USDT:USDT,0.02306,7079.0,0.02305,199.0,0.02307,9.0,0.02308,165.0
1753592019551,04:53:39.551,gateio,ACH/USDT:USDT,0.02306,7079.0,0.02305,199.0,0.02307,9.0,0.02308,165.0
1753592019752,04:53:39.752,gateio,ACH/USDT:USDT,0.02306,7079.0,0.02305,199.0,0.02307,9.0,0.02308,165.0
1753592020590,04:53:40.590,gateio,ACH/USDT:USDT,0.02306,7079.0,0.02305,199.0,0.02307,9.0,0.02308,165.0
1753592020652,04:53:40.652,gateio,ACH/USDT:USDT,0.02306,7079.0,0.02305,199.0,0.02307,9.0,0.02308,165.0
1753592020996,04:53:40.996,gateio,ACH/USDT:USDT,0.02306,7079.0,0.02305,199.0,0.02307,9.0,0.02308,165.0
1753592021586,04:53:41.586,gateio,ACH/USDT:USDT,0.02306,7079.0,0.02305,199.0,0.02307,9.0,0.02308,165.0
1753592022063,04:53:42.063,gateio,ACH/USDT:USDT,0.02306,7079.0,0.02305,199.0,0.02307,9.0,0.02308,165.0
1753592022118,04:53:42.118,gateio,ACH/USDT:USDT,0.02306,7079.0,0.02305,199.0,0.02307,9.0,0.02308,223.0
1753592022303,04:53:42.303,gateio,ACH/USDT:USDT,0.02306,7079.0,0.02305,199.0,0.02307,9.0,0.02308,165.0
1753592023298,04:53:43.298,gateio,ACH/USDT:USDT,0.02306,7079.0,0.02305,199.0,0.02307,9.0,0.02308,165.0
1753592023317,04:53:43.317,gateio,ACH/USDT:USDT,0.02306,7079.0,0.02305,199.0,0.02307,9.0,0.02308,223.0
1753592023417,04:53:43.417,gateio,ACH/USDT:USDT,0.02306,7079.0,0.02305,199.0,0.02307,9.0,0.02308,165.0
1753592023651,04:53:43.651,gateio,ACH/USDT:USDT,0.02306,7079.0,0.02305,199.0,0.02307,9.0,0.02308,165.0
1753592024341,04:53:44.341,gateio,ACH/USDT:USDT,0.02306,7079.0,0.02305,199.0,0.02307,9.0,0.02308,165.0
1753592024418,04:53:44.418,gateio,ACH/USDT:USDT,0.02306,7079.0,0.02305,199.0,0.02307,9.0,0.02308,223.0
1753592024603,04:53:44.603,gateio,ACH/USDT:USDT,0.02306,7079.0,0.02305,199.0,0.02307,9.0,0.02308,165.0
1753592026335,04:53:46.335,gateio,ACH/USDT:USDT,0.02306,7079.0,0.02305,199.0,0.02307,9.0,0.02308,165.0
1753592026419,04:53:46.419,gateio,ACH/USDT:USDT,0.02306,7079.0,0.02305,199.0,0.02307,9.0,0.02308,223.0
1753592026517,04:53:46.517,gateio,ACH/USDT:USDT,0.02306,7079.0,0.02305,199.0,0.02307,9.0,0.02308,165.0
1753592026847,04:53:46.847,gateio,ACH/USDT:USDT,0.02306,7079.0,0.02305,199.0,0.02307,9.0,0.02308,165.0
1753592028153,04:53:48.153,gateio,ACH/USDT:USDT,0.02306,7079.0,0.02305,199.0,0.02307,9.0,0.02308,165.0
1753592028294,04:53:48.294,gateio,ACH/USDT:USDT,0.02306,7079.0,0.02305,199.0,0.02307,9.0,0.02308,223.0
1753592028317,04:53:48.317,gateio,ACH/USDT:USDT,0.02306,7079.0,0.02305,199.0,0.02307,9.0,0.02308,165.0
1753592028425,04:53:48.425,gateio,ACH/USDT:USDT,0.02306,7079.0,0.02305,199.0,0.02307,9.0,0.02308,165.0
1753592028996,04:53:48.996,gateio,ACH/USDT:USDT,0.02306,7079.0,0.02305,199.0,0.02307,9.0,0.02308,165.0
1753592029018,04:53:49.018,gateio,ACH/USDT:USDT,0.02306,7079.0,0.02305,199.0,0.02307,9.0,0.02308,223.0
1753592029118,04:53:49.118,gateio,ACH/USDT:USDT,0.02306,7079.0,0.02305,199.0,0.02307,9.0,0.02308,165.0
1753592029491,04:53:49.491,gateio,ACH/USDT:USDT,0.02306,7079.0,0.02305,199.0,0.02307,9.0,0.02308,165.0
1753592029511,04:53:49.511,gateio,ACH/USDT:USDT,0.02306,7079.0,0.02305,199.0,0.02307,9.0,0.02308,165.0
1753592029655,04:53:49.655,gateio,ACH/USDT:USDT,0.02306,7079.0,0.02305,199.0,0.02307,9.0,0.02308,223.0
1753592029717,04:53:49.717,gateio,ACH/USDT:USDT,0.02306,7079.0,0.02305,199.0,0.02307,9.0,0.02308,165.0
1753592030472,04:53:50.472,gateio,ACH/USDT:USDT,0.02306,7079.0,0.02305,199.0,0.02307,9.0,0.02308,165.0
1753592030518,04:53:50.518,gateio,ACH/USDT:USDT,0.02306,7079.0,0.02305,199.0,0.02307,9.0,0.02308,223.0
1753592030617,04:53:50.617,gateio,ACH/USDT:USDT,0.02306,7079.0,0.02305,199.0,0.02307,9.0,0.02308,165.0
1753592031821,04:53:51.821,gateio,ACH/USDT:USDT,0.02306,7079.0,0.02305,199.0,0.02307,9.0,0.02308,165.0
1753592031931,04:53:51.931,gateio,ACH/USDT:USDT,0.02306,7079.0,0.02305,199.0,0.02307,9.0,0.02308,223.0
1753592032106,04:53:52.106,gateio,ACH/USDT:USDT,0.02306,7079.0,0.02305,199.0,0.02307,9.0,0.02308,165.0
1753592032196,04:53:52.196,gateio,ACH/USDT:USDT,0.02306,7079.0,0.02305,199.0,0.02307,9.0,0.02308,165.0
1753592032502,04:53:52.502,gateio,ACH/USDT:USDT,0.02306,7079.0,0.02305,199.0,0.02307,9.0,0.02308,165.0
1753592032609,04:53:52.609,gateio,ACH/USDT:USDT,0.02306,7079.0,0.02305,199.0,0.02307,9.0,0.02308,223.0
1753592032639,04:53:52.639,gateio,ACH/USDT:USDT,0.02306,7079.0,0.02305,199.0,0.02307,9.0,0.02308,165.0
1753592033013,04:53:53.013,gateio,ACH/USDT:USDT,0.02306,7079.0,0.02305,199.0,0.02307,9.0,0.02308,165.0
1753592033144,04:53:53.144,gateio,ACH/USDT:USDT,0.02306,7079.0,0.02305,199.0,0.02307,9.0,0.02308,223.0
1753592033217,04:53:53.217,gateio,ACH/USDT:USDT,0.02306,7079.0,0.02305,199.0,0.02307,9.0,0.02308,165.0
1753592035313,04:53:55.313,gateio,ACH/USDT:USDT,0.02306,7079.0,0.02305,199.0,0.02307,9.0,0.02308,165.0
1753592035417,04:53:55.417,gateio,ACH/USDT:USDT,0.02306,7079.0,0.02305,199.0,0.02307,9.0,0.02308,223.0
1753592035517,04:53:55.517,gateio,ACH/USDT:USDT,0.02306,7079.0,0.02305,199.0,0.02307,9.0,0.02308,165.0
1753592036139,04:53:56.139,gateio,ACH/USDT:USDT,0.02306,7079.0,0.02305,199.0,0.02307,9.0,0.02308,165.0
1753592036217,04:53:56.217,gateio,ACH/USDT:USDT,0.02306,7079.0,0.02305,199.0,0.02307,9.0,0.02308,223.0
1753592036317,04:53:56.317,gateio,ACH/USDT:USDT,0.02306,7079.0,0.02305,199.0,0.02307,9.0,0.02308,165.0
1753592037132,04:53:57.132,gateio,ACH/USDT:USDT,0.02306,7079.0,0.02305,199.0,0.02307,9.0,0.02308,165.0
1753592037217,04:53:57.217,gateio,ACH/USDT:USDT,0.02306,7079.0,0.02305,199.0,0.02307,9.0,0.02308,223.0
1753592037337,04:53:57.337,gateio,ACH/USDT:USDT,0.02306,7079.0,0.02305,199.0,0.02307,9.0,0.02308,165.0
1753592038172,04:53:58.172,gateio,ACH/USDT:USDT,0.02306,7079.0,0.02305,199.0,0.02307,9.0,0.02308,165.0
1753592038217,04:53:58.217,gateio,ACH/USDT:USDT,0.02306,7079.0,0.02305,199.0,0.02307,9.0,0.02308,223.0
1753592038317,04:53:58.317,gateio,ACH/USDT:USDT,0.02306,7079.0,0.02305,199.0,0.02307,9.0,0.02308,165.0
1753592038686,04:53:58.686,gateio,ACH/USDT:USDT,0.02306,7079.0,0.02305,199.0,0.02307,9.0,0.02308,165.0
1753592038718,04:53:58.718,gateio,ACH/USDT:USDT,0.02306,7079.0,0.02305,199.0,0.02307,9.0,0.02308,223.0
1753592038817,04:53:58.817,gateio,ACH/USDT:USDT,0.02306,7079.0,0.02305,199.0,0.02307,9.0,0.02308,165.0
1753592040971,04:54:00.971,gateio,ACH/USDT:USDT,0.02306,7079.0,0.02305,199.0,0.02307,9.0,0.02308,165.0
1753592041019,04:54:01.019,gateio,ACH/USDT:USDT,0.02306,7079.0,0.02305,199.0,0.02307,9.0,0.02308,223.0
1753592041117,04:54:01.117,gateio,ACH/USDT:USDT,0.02306,7079.0,0.02305,199.0,0.02307,9.0,0.02308,165.0
1753592041996,04:54:01.996,gateio,ACH/USDT:USDT,0.02306,7079.0,0.02305,199.0,0.02307,9.0,0.02308,165.0
1753592042023,04:54:02.023,gateio,ACH/USDT:USDT,0.02306,7079.0,0.02305,199.0,0.02307,9.0,0.02308,223.0
1753592042118,04:54:02.118,gateio,ACH/USDT:USDT,0.02306,7079.0,0.02305,199.0,0.02307,9.0,0.02308,165.0
1753592042451,04:54:02.451,gateio,ACH/USDT:USDT,0.02306,7079.0,0.02305,199.0,0.02307,9.0,0.02308,165.0
1753592042520,04:54:02.520,gateio,ACH/USDT:USDT,0.02306,7079.0,0.02305,199.0,0.02307,9.0,0.02308,223.0
1753592042617,04:54:02.617,gateio,ACH/USDT:USDT,0.02306,7079.0,0.02305,199.0,0.02307,9.0,0.02308,165.0
1753592042808,04:54:02.808,gateio,ACH/USDT:USDT,0.02306,8261.0,0.02305,199.0,0.02307,9.0,0.02308,165.0
1753592042905,04:54:02.905,gateio,ACH/USDT:USDT,0.02306,8261.0,0.02305,199.0,0.02307,9.0,0.02308,165.0
1753592042981,04:54:02.981,gateio,ACH/USDT:USDT,0.02306,8261.0,0.02305,199.0,0.02307,9.0,0.02308,165.0
1753592043466,04:54:03.466,gateio,ACH/USDT:USDT,0.02306,8261.0,0.02305,199.0,0.02307,9.0,0.02308,165.0
1753592043527,04:54:03.527,gateio,ACH/USDT:USDT,0.02306,8261.0,0.02305,199.0,0.02307,9.0,0.02308,223.0
1753592043617,04:54:03.617,gateio,ACH/USDT:USDT,0.02306,8261.0,0.02305,199.0,0.02307,9.0,0.02308,165.0
1753592044173,04:54:04.173,gateio,ACH/USDT:USDT,0.02306,8261.0,0.02305,199.0,0.02307,9.0,0.02308,165.0
1753592044294,04:54:04.294,gateio,ACH/USDT:USDT,0.02306,8261.0,0.02305,199.0,0.02307,9.0,0.02308,165.0
1753592044952,04:54:04.952,gateio,ACH/USDT:USDT,0.02306,8261.0,0.02305,199.0,0.02307,9.0,0.02308,165.0
1753592045065,04:54:05.065,gateio,ACH/USDT:USDT,0.02306,8261.0,0.02305,199.0,0.02307,9.0,0.02308,165.0
1753592045207,04:54:05.207,gateio,ACH/USDT:USDT,0.02308,7060.0,0.02307,178.0,0.0231,174.0,0.02311,1162.0
1753592045299,04:54:05.299,gateio,ACH/USDT:USDT,0.02308,7060.0,0.02307,178.0,0.0231,174.0,0.02311,1162.0
1753592045409,04:54:05.409,gateio,ACH/USDT:USDT,0.02308,7060.0,0.02307,178.0,0.0231,174.0,0.02311,1162.0
1753592045499,04:54:05.499,gateio,ACH/USDT:USDT,0.02308,7060.0,0.02307,178.0,0.0231,174.0,0.02311,1162.0
1753592045600,04:54:05.600,gateio,ACH/USDT:USDT,0.02308,7060.0,0.02307,178.0,0.0231,174.0,0.02311,1162.0
1753592045742,04:54:05.742,gateio,ACH/USDT:USDT,0.02308,7060.0,0.02307,178.0,0.0231,174.0,0.02311,1162.0
1753592046473,04:54:06.473,gateio,ACH/USDT:USDT,0.02308,2922.0,0.02307,6441.0,0.0231,174.0,0.02311,1162.0
1753592046769,04:54:06.769,gateio,ACH/USDT:USDT,0.02308,2922.0,0.02307,6441.0,0.0231,174.0,0.02311,1162.0
1753592047305,04:54:07.305,gateio,ACH/USDT:USDT,0.02308,2922.0,0.02307,6441.0,0.0231,174.0,0.02311,1162.0
1753592047485,04:54:07.485,gateio,ACH/USDT:USDT,0.02308,2922.0,0.02307,6441.0,0.0231,174.0,0.02311,1162.0
1753592047550,04:54:07.550,gateio,ACH/USDT:USDT,0.02308,2922.0,0.02307,6441.0,0.0231,174.0,0.02311,1162.0
1753592047752,04:54:07.752,gateio,ACH/USDT:USDT,0.02308,2922.0,0.02307,6441.0,0.0231,174.0,0.02311,1162.0
1753592048274,04:54:08.274,gateio,ACH/USDT:USDT,0.02308,2922.0,0.02307,6441.0,0.0231,174.0,0.02311,1162.0
1753592048777,04:54:08.777,gateio,ACH/USDT:USDT,0.02308,2922.0,0.02307,6441.0,0.0231,174.0,0.02311,1162.0
1753592049809,04:54:09.809,gateio,ACH/USDT:USDT,0.02308,2922.0,0.02307,6441.0,0.0231,174.0,0.02311,1162.0
1753592050540,04:54:10.540,gateio,ACH/USDT:USDT,0.02308,2922.0,0.02307,6441.0,0.0231,174.0,0.02311,1162.0
1753592051315,04:54:11.315,gateio,ACH/USDT:USDT,0.02308,2922.0,0.02307,6441.0,0.0231,174.0,0.02311,1162.0
1753592053412,04:54:13.412,gateio,ACH/USDT:USDT,0.02308,2922.0,0.02307,6441.0,0.0231,174.0,0.02311,1162.0
1753592054231,04:54:14.231,gateio,ACH/USDT:USDT,0.02308,2922.0,0.02307,6441.0,0.0231,174.0,0.02311,1162.0
1753592054321,04:54:14.321,gateio,ACH/USDT:USDT,0.02308,2922.0,0.02307,6441.0,0.0231,174.0,0.02311,1220.0
1753592055339,04:54:15.339,gateio,ACH/USDT:USDT,0.02308,2922.0,0.02307,6441.0,0.0231,174.0,0.02311,1220.0
1753592056021,04:54:16.021,gateio,ACH/USDT:USDT,0.02308,2922.0,0.02307,6441.0,0.0231,174.0,0.02311,1220.0
1753592056578,04:54:16.578,gateio,ACH/USDT:USDT,0.02308,2922.0,0.02307,6441.0,0.0231,174.0,0.02311,1220.0
1753592057049,04:54:17.049,gateio,ACH/USDT:USDT,0.02308,2922.0,0.02307,6441.0,0.0231,174.0,0.02311,1220.0
1753592057164,04:54:17.164,gateio,ACH/USDT:USDT,0.02308,2922.0,0.02307,6441.0,0.0231,174.0,0.02311,1220.0
1753592060145,04:54:20.145,gateio,ACH/USDT:USDT,0.02308,2922.0,0.02307,6441.0,0.0231,174.0,0.02311,1220.0
1753592060457,04:54:20.457,gateio,ACH/USDT:USDT,0.02308,2922.0,0.02307,6441.0,0.0231,174.0,0.02311,1220.0
1753592061103,04:54:21.103,gateio,ACH/USDT:USDT,0.02308,2922.0,0.02307,6441.0,0.0231,174.0,0.02311,1220.0
1753592062105,04:54:22.105,gateio,ACH/USDT:USDT,0.02308,2922.0,0.02307,6441.0,0.0231,174.0,0.02311,1220.0
1753592062112,04:54:22.112,gateio,ACH/USDT:USDT,0.02308,2922.0,0.02307,6441.0,0.0231,174.0,0.02311,1220.0
1753592063153,04:54:23.153,gateio,ACH/USDT:USDT,0.02308,2922.0,0.02307,6441.0,0.0231,174.0,0.02311,1220.0
1753592063312,04:54:23.312,gateio,ACH/USDT:USDT,0.02308,2922.0,0.02307,6441.0,0.0231,174.0,0.02311,1220.0
1753592063704,04:54:23.704,gateio,ACH/USDT:USDT,0.02308,2922.0,0.02307,6441.0,0.0231,174.0,0.02311,1220.0
1753592064233,04:54:24.233,gateio,ACH/USDT:USDT,0.02308,2922.0,0.02307,6441.0,0.0231,174.0,0.02311,1220.0
1753592064952,04:54:24.952,gateio,ACH/USDT:USDT,0.02308,2922.0,0.02307,6441.0,0.0231,174.0,0.02311,1220.0
1753592066855,04:54:26.855,gateio,ACH/USDT:USDT,0.02308,2922.0,0.02307,6441.0,0.0231,174.0,0.02311,1220.0
1753592067207,04:54:27.207,gateio,ACH/USDT:USDT,0.02308,2922.0,0.02307,6441.0,0.0231,174.0,0.02311,1220.0
1753592067223,04:54:27.223,gateio,ACH/USDT:USDT,0.02308,2922.0,0.02307,6441.0,0.0231,174.0,0.02311,1220.0
1753592068377,04:54:28.377,gateio,ACH/USDT:USDT,0.02308,2922.0,0.02307,6441.0,0.0231,174.0,0.02311,1220.0
1753592069784,04:54:29.784,gateio,ACH/USDT:USDT,0.02308,2922.0,0.02307,6441.0,0.0231,174.0,0.02311,1220.0
1753592070180,04:54:30.180,gateio,ACH/USDT:USDT,0.02308,2922.0,0.02307,6441.0,0.0231,174.0,0.02311,1220.0
1753592070596,04:54:30.596,gateio,ACH/USDT:USDT,0.02308,2922.0,0.02307,6441.0,0.0231,174.0,0.02311,1220.0
1753592070833,04:54:30.833,gateio,ACH/USDT:USDT,0.02308,2922.0,0.02307,6441.0,0.0231,174.0,0.02311,1220.0
1753592074540,04:54:34.540,gateio,ACH/USDT:USDT,0.02308,2922.0,0.02307,6441.0,0.0231,174.0,0.02311,1220.0
1753592074632,04:54:34.632,gateio,ACH/USDT:USDT,0.02308,2922.0,0.02307,6441.0,0.0231,174.0,0.02311,1162.0
1753592074719,04:54:34.719,gateio,ACH/USDT:USDT,0.02308,2922.0,0.02307,6441.0,0.0231,174.0,0.02311,1220.0
1753592076607,04:54:36.607,gateio,ACH/USDT:USDT,0.02308,990.0,0.02307,6441.0,0.0231,174.0,0.02311,1162.0
1753592076692,04:54:36.692,gateio,ACH/USDT:USDT,0.02308,2744.0,0.02307,6441.0,0.0231,174.0,0.02311,1162.0
1753592076723,04:54:36.723,gateio,ACH/USDT:USDT,0.02308,2744.0,0.02307,6441.0,0.0231,174.0,0.02311,1162.0
1753592076826,04:54:36.826,gateio,ACH/USDT:USDT,0.02308,2744.0,0.02307,6441.0,0.0231,174.0,0.02311,1162.0
1753592077602,04:54:37.602,gateio,ACH/USDT:USDT,0.02308,812.0,0.02307,6441.0,0.0231,174.0,0.02311,1162.0
1753592077653,04:54:37.653,gateio,ACH/USDT:USDT,0.02308,812.0,0.02307,6441.0,0.0231,174.0,0.02311,1220.0
1753592078184,04:54:38.184,gateio,ACH/USDT:USDT,0.02308,812.0,0.02307,6441.0,0.0231,174.0,0.02311,1220.0
1753592078451,04:54:38.451,gateio,ACH/USDT:USDT,0.02308,812.0,0.02307,6441.0,0.0231,174.0,0.02311,1220.0
1753592078672,04:54:38.672,gateio,ACH/USDT:USDT,0.02308,812.0,0.02307,6441.0,0.0231,174.0,0.02311,1220.0
1753592078991,04:54:38.991,gateio,ACH/USDT:USDT,0.02307,6441.0,0.02306,1994.0,0.0231,174.0,0.02311,1162.0
1753592079092,04:54:39.092,gateio,ACH/USDT:USDT,0.02308,30.0,0.02307,6441.0,0.02309,181.0,0.0231,174.0
1753592079341,04:54:39.341,gateio,ACH/USDT:USDT,0.02308,30.0,0.02307,6441.0,0.02309,181.0,0.0231,174.0
1753592079931,04:54:39.931,gateio,ACH/USDT:USDT,0.02308,30.0,0.02307,6441.0,0.02309,181.0,0.0231,174.0
1753592080017,04:54:40.017,gateio,ACH/USDT:USDT,0.02308,30.0,0.02307,6441.0,0.02309,181.0,0.0231,232.0
1753592080118,04:54:40.118,gateio,ACH/USDT:USDT,0.02308,30.0,0.02307,6441.0,0.02309,181.0,0.0231,174.0
1753592080353,04:54:40.353,gateio,ACH/USDT:USDT,0.02308,30.0,0.02307,6441.0,0.02309,181.0,0.0231,174.0
1753592080801,04:54:40.801,gateio,ACH/USDT:USDT,0.02308,30.0,0.02307,6441.0,0.02309,181.0,0.0231,174.0
1753592080819,04:54:40.819,gateio,ACH/USDT:USDT,0.02308,30.0,0.02307,6441.0,0.02309,181.0,0.0231,232.0
1753592080916,04:54:40.916,gateio,ACH/USDT:USDT,0.02308,30.0,0.02307,6441.0,0.02309,181.0,0.0231,174.0
1753592081154,04:54:41.154,gateio,ACH/USDT:USDT,0.02308,30.0,0.02307,6441.0,0.02309,181.0,0.0231,174.0
1753592081296,04:54:41.296,gateio,ACH/USDT:USDT,0.02308,30.0,0.02307,6441.0,0.02309,181.0,0.0231,174.0
1753592081319,04:54:41.319,gateio,ACH/USDT:USDT,0.02308,30.0,0.02307,6441.0,0.02309,181.0,0.0231,232.0
1753592081417,04:54:41.417,gateio,ACH/USDT:USDT,0.02308,30.0,0.02307,6441.0,0.02309,181.0,0.0231,174.0
1753592081569,04:54:41.569,gateio,ACH/USDT:USDT,0.02308,30.0,0.02307,6441.0,0.02309,181.0,0.0231,174.0
1753592082812,04:54:42.812,gateio,ACH/USDT:USDT,0.02308,30.0,0.02307,6441.0,0.02309,181.0,0.0231,174.0
1753592082920,04:54:42.920,gateio,ACH/USDT:USDT,0.02308,30.0,0.02307,6441.0,0.02309,181.0,0.0231,232.0
1753592083017,04:54:43.017,gateio,ACH/USDT:USDT,0.02308,30.0,0.02307,6441.0,0.02309,181.0,0.0231,174.0
1753592083648,04:54:43.648,gateio,ACH/USDT:USDT,0.02308,30.0,0.02307,6441.0,0.02309,181.0,0.0231,174.0
1753592083719,04:54:43.719,gateio,ACH/USDT:USDT,0.02308,30.0,0.02307,6441.0,0.02309,181.0,0.0231,232.0
1753592083816,04:54:43.816,gateio,ACH/USDT:USDT,0.02308,30.0,0.02307,6441.0,0.02309,181.0,0.0231,174.0
1753592084141,04:54:44.141,gateio,ACH/USDT:USDT,0.02308,30.0,0.02307,6441.0,0.02309,181.0,0.0231,174.0
1753592084218,04:54:44.218,gateio,ACH/USDT:USDT,0.02308,30.0,0.02307,6441.0,0.02309,181.0,0.0231,232.0
1753592084317,04:54:44.317,gateio,ACH/USDT:USDT,0.02308,30.0,0.02307,6441.0,0.02309,181.0,0.0231,174.0
1753592084609,04:54:44.609,gateio,ACH/USDT:USDT,0.02308,30.0,0.02307,6441.0,0.02309,181.0,0.0231,174.0
1753592084612,04:54:44.612,gateio,ACH/USDT:USDT,0.02308,30.0,0.02307,6441.0,0.02309,181.0,0.0231,174.0
1753592084718,04:54:44.718,gateio,ACH/USDT:USDT,0.02308,30.0,0.02307,6441.0,0.02309,181.0,0.0231,232.0
1753592084817,04:54:44.817,gateio,ACH/USDT:USDT,0.02308,30.0,0.02307,6441.0,0.02309,181.0,0.0231,174.0
1753592085767,04:54:45.767,gateio,ACH/USDT:USDT,0.02308,30.0,0.02307,6441.0,0.02309,181.0,0.0231,174.0
1753592085818,04:54:45.818,gateio,ACH/USDT:USDT,0.02308,30.0,0.02307,6441.0,0.02309,181.0,0.0231,232.0
1753592085916,04:54:45.916,gateio,ACH/USDT:USDT,0.02308,30.0,0.02307,6441.0,0.02309,181.0,0.0231,174.0
1753592086894,04:54:46.894,gateio,ACH/USDT:USDT,0.02308,30.0,0.02307,6441.0,0.02309,181.0,0.0231,174.0
1753592086917,04:54:46.917,gateio,ACH/USDT:USDT,0.02308,30.0,0.02307,6441.0,0.02309,181.0,0.0231,232.0
1753592087017,04:54:47.017,gateio,ACH/USDT:USDT,0.02308,30.0,0.02307,6441.0,0.02309,181.0,0.0231,174.0
1753592087492,04:54:47.492,gateio,ACH/USDT:USDT,0.02308,30.0,0.02307,6441.0,0.02309,181.0,0.0231,174.0
1753592087610,04:54:47.610,gateio,ACH/USDT:USDT,0.02308,210.0,0.02307,6441.0,0.02309,1.0,0.0231,232.0
1753592087614,04:54:47.614,gateio,ACH/USDT:USDT,0.02308,210.0,0.02307,6441.0,0.02309,1.0,0.0231,174.0
1753592088561,04:54:48.561,gateio,ACH/USDT:USDT,0.02308,210.0,0.02307,6441.0,0.02309,21.0,0.0231,174.0
1753592088624,04:54:48.624,gateio,ACH/USDT:USDT,0.02308,210.0,0.02307,6441.0,0.02309,1.0,0.0231,232.0
1753592088771,04:54:48.771,gateio,ACH/USDT:USDT,0.02308,1022.0,0.02307,6441.0,0.02309,1.0,0.0231,174.0
1753592088940,04:54:48.940,gateio,ACH/USDT:USDT,0.02308,1022.0,0.02307,6441.0,0.02309,1.0,0.0231,174.0
1753592090318,04:54:50.318,gateio,ACH/USDT:USDT,0.02308,1022.0,0.02307,6441.0,0.02309,1.0,0.0231,174.0
1753592090419,04:54:50.419,gateio,ACH/USDT:USDT,0.02308,1022.0,0.02307,6441.0,0.02309,1.0,0.0231,232.0
1753592090517,04:54:50.517,gateio,ACH/USDT:USDT,0.02308,1022.0,0.02307,6441.0,0.02309,1.0,0.0231,174.0
1753592090725,04:54:50.725,gateio,ACH/USDT:USDT,0.02308,1022.0,0.02307,6441.0,0.02309,1.0,0.0231,174.0
1753592090883,04:54:50.883,gateio,ACH/USDT:USDT,0.02308,1022.0,0.02307,6441.0,0.02309,1.0,0.0231,174.0
1753592090917,04:54:50.917,gateio,ACH/USDT:USDT,0.02308,1022.0,0.02307,6441.0,0.02309,1.0,0.0231,232.0
1753592091019,04:54:51.019,gateio,ACH/USDT:USDT,0.02308,1022.0,0.02307,6441.0,0.02309,1.0,0.0231,174.0
1753592093262,04:54:53.262,gateio,ACH/USDT:USDT,0.02308,1022.0,0.02307,6441.0,0.02309,1.0,0.0231,174.0
1753592093316,04:54:53.316,gateio,ACH/USDT:USDT,0.02308,1022.0,0.02307,6441.0,0.02309,1.0,0.0231,232.0
1753592093416,04:54:53.416,gateio,ACH/USDT:USDT,0.02308,1022.0,0.02307,6441.0,0.02309,1.0,0.0231,174.0
1753592093742,04:54:53.742,gateio,ACH/USDT:USDT,0.02308,1022.0,0.02307,6441.0,0.02309,1.0,0.0231,174.0
1753592098542,04:54:58.542,gateio,ACH/USDT:USDT,0.02308,1022.0,0.02307,6441.0,0.02309,1.0,0.0231,174.0
1753592099676,04:54:59.676,gateio,ACH/USDT:USDT,0.02308,1022.0,0.02307,6441.0,0.02309,1.0,0.0231,174.0
1753592100196,04:55:00.196,gateio,ACH/USDT:USDT,0.02308,1022.0,0.02307,6441.0,0.02309,1.0,0.0231,174.0
1753592100728,04:55:00.728,gateio,ACH/USDT:USDT,0.02308,1022.0,0.02307,6441.0,0.02309,1.0,0.0231,174.0
1753592101563,04:55:01.563,gateio,ACH/USDT:USDT,0.02308,1022.0,0.02307,6441.0,0.02309,1.0,0.0231,174.0
1753592101808,04:55:01.808,gateio,ACH/USDT:USDT,0.02308,1022.0,0.02307,6441.0,0.02309,1.0,0.0231,174.0
1753592101836,04:55:01.836,gateio,ACH/USDT:USDT,0.02308,1022.0,0.02307,6441.0,0.02309,1.0,0.0231,174.0
1753592101910,04:55:01.910,gateio,ACH/USDT:USDT,0.02308,1022.0,0.02307,6441.0,0.02309,1.0,0.0231,174.0
1753592102302,04:55:02.302,gateio,ACH/USDT:USDT,0.02308,1022.0,0.02307,6441.0,0.02309,1.0,0.0231,174.0
1753592102312,04:55:02.312,gateio,ACH/USDT:USDT,0.02308,1022.0,0.02307,7394.0,0.02309,1.0,0.0231,174.0
1753592103341,04:55:03.341,gateio,ACH/USDT:USDT,0.02308,1022.0,0.02307,7394.0,0.02309,1.0,0.0231,174.0
1753592104315,04:55:04.315,gateio,ACH/USDT:USDT,0.02308,1022.0,0.02307,7394.0,0.02309,1.0,0.0231,174.0
1753592104416,04:55:04.416,gateio,ACH/USDT:USDT,0.02308,1022.0,0.02307,7394.0,0.02309,1.0,0.0231,232.0
1753592104520,04:55:04.520,gateio,ACH/USDT:USDT,0.02308,1022.0,0.02307,7394.0,0.02309,1.0,0.0231,174.0
1753592106324,04:55:06.324,gateio,ACH/USDT:USDT,0.02308,1022.0,0.02307,7394.0,0.02309,1.0,0.0231,174.0
1753592106418,04:55:06.418,gateio,ACH/USDT:USDT,0.02308,1022.0,0.02307,7394.0,0.02309,1.0,0.0231,232.0
1753592106515,04:55:06.515,gateio,ACH/USDT:USDT,0.02308,1022.0,0.02307,7394.0,0.02309,1.0,0.0231,174.0
1753592108141,04:55:08.141,gateio,ACH/USDT:USDT,0.02308,1022.0,0.02307,7394.0,0.02309,1.0,0.0231,174.0
1753592108216,04:55:08.216,gateio,ACH/USDT:USDT,0.02308,1022.0,0.02307,7394.0,0.02309,1.0,0.0231,232.0
1753592108315,04:55:08.315,gateio,ACH/USDT:USDT,0.02308,1022.0,0.02307,7394.0,0.02309,1.0,0.0231,174.0
1753592108696,04:55:08.696,gateio,ACH/USDT:USDT,0.02308,1022.0,0.02307,7394.0,0.02309,1.0,0.0231,174.0
1753592108735,04:55:08.735,gateio,ACH/USDT:USDT,0.02308,1022.0,0.02307,7394.0,0.02309,1.0,0.0231,232.0
1753592108900,04:55:08.900,gateio,ACH/USDT:USDT,0.02308,1022.0,0.02307,7394.0,0.02309,1.0,0.0231,174.0
1753592109608,04:55:09.608,gateio,ACH/USDT:USDT,0.02308,1022.0,0.02307,7394.0,0.02309,1.0,0.0231,174.0
1753592109616,04:55:09.616,gateio,ACH/USDT:USDT,0.02308,1022.0,0.02307,7394.0,0.02309,1.0,0.0231,232.0
1753592109715,04:55:09.715,gateio,ACH/USDT:USDT,0.02308,1022.0,0.02307,7394.0,0.02309,1.0,0.0231,174.0
1753592110733,04:55:10.733,gateio,ACH/USDT:USDT,0.02308,1022.0,0.02307,7394.0,0.02309,1.0,0.0231,174.0
1753592110820,04:55:10.820,gateio,ACH/USDT:USDT,0.02308,1022.0,0.02307,7394.0,0.02309,1.0,0.0231,232.0
1753592110916,04:55:10.916,gateio,ACH/USDT:USDT,0.02308,1022.0,0.02307,7394.0,0.02309,1.0,0.0231,174.0
1753592113370,04:55:13.370,gateio,ACH/USDT:USDT,0.02308,842.0,0.02307,7394.0,0.02309,21.0,0.0231,174.0
1753592113470,04:55:13.470,gateio,ACH/USDT:USDT,0.02308,842.0,0.02307,7394.0,0.02309,1.0,0.0231,174.0
1753592114498,04:55:14.498,gateio,ACH/USDT:USDT,0.02308,842.0,0.02307,7394.0,0.02309,21.0,0.0231,174.0
1753592114521,04:55:14.521,gateio,ACH/USDT:USDT,0.02308,842.0,0.02307,7394.0,0.02309,1.0,0.0231,232.0
1753592114615,04:55:14.615,gateio,ACH/USDT:USDT,0.02308,842.0,0.02307,7394.0,0.02309,1.0,0.0231,174.0
1753592115533,04:55:15.533,gateio,ACH/USDT:USDT,0.02308,842.0,0.02307,7394.0,0.02309,21.0,0.0231,174.0
1753592115682,04:55:15.682,gateio,ACH/USDT:USDT,0.02308,842.0,0.02307,7394.0,0.02309,182.0,0.0231,174.0
1753592116824,04:55:16.824,gateio,ACH/USDT:USDT,0.02308,842.0,0.02307,7394.0,0.02309,182.0,0.0231,174.0
1753592116916,04:55:16.916,gateio,ACH/USDT:USDT,0.02308,842.0,0.02307,7394.0,0.02309,182.0,0.0231,232.0
1753592117015,04:55:17.015,gateio,ACH/USDT:USDT,0.02308,842.0,0.02307,7394.0,0.02309,182.0,0.0231,174.0
1753592118484,04:55:18.484,gateio,ACH/USDT:USDT,0.02308,842.0,0.02307,7394.0,0.02309,182.0,0.0231,174.0
1753592118516,04:55:18.516,gateio,ACH/USDT:USDT,0.02308,842.0,0.02307,7394.0,0.02309,182.0,0.0231,232.0
1753592118616,04:55:18.616,gateio,ACH/USDT:USDT,0.02308,842.0,0.02307,7394.0,0.02309,182.0,0.0231,174.0
1753592118716,04:55:18.716,gateio,ACH/USDT:USDT,0.02308,842.0,0.02307,7394.0,0.02309,182.0,0.0231,174.0
1753592119581,04:55:19.581,gateio,ACH/USDT:USDT,0.02308,842.0,0.02307,7394.0,0.02309,182.0,0.0231,174.0
1753592119616,04:55:19.616,gateio,ACH/USDT:USDT,0.02308,842.0,0.02307,7394.0,0.02309,182.0,0.0231,232.0
1753592119717,04:55:19.717,gateio,ACH/USDT:USDT,0.02308,842.0,0.02307,7394.0,0.02309,182.0,0.0231,174.0
1753592121262,04:55:21.262,gateio,ACH/USDT:USDT,0.02308,842.0,0.02307,7394.0,0.02309,182.0,0.0231,174.0
1753592121316,04:55:21.316,gateio,ACH/USDT:USDT,0.02308,842.0,0.02307,7394.0,0.02309,182.0,0.0231,232.0
1753592121415,04:55:21.415,gateio,ACH/USDT:USDT,0.02308,842.0,0.02307,7394.0,0.02309,182.0,0.0231,174.0
1753592121766,04:55:21.766,gateio,ACH/USDT:USDT,0.02308,842.0,0.02307,7394.0,0.02309,182.0,0.0231,174.0
1753592122786,04:55:22.786,gateio,ACH/USDT:USDT,0.02308,30.0,0.02307,6441.0,0.02309,202.0,0.0231,174.0
1753592122836,04:55:22.836,gateio,ACH/USDT:USDT,0.02308,30.0,0.02307,6441.0,0.02309,182.0,0.0231,174.0
1753592123782,04:55:23.782,gateio,ACH/USDT:USDT,0.02308,30.0,0.02307,6441.0,0.02309,182.0,0.0231,174.0
1753592123818,04:55:23.818,gateio,ACH/USDT:USDT,0.02308,30.0,0.02307,6441.0,0.02309,182.0,0.0231,232.0
1753592123915,04:55:23.915,gateio,ACH/USDT:USDT,0.02308,30.0,0.02307,6441.0,0.02309,182.0,0.0231,174.0
1753592125161,04:55:25.161,gateio,ACH/USDT:USDT,0.02308,30.0,0.02307,6441.0,0.02309,182.0,0.0231,174.0
1753592125216,04:55:25.216,gateio,ACH/USDT:USDT,0.02308,30.0,0.02307,6441.0,0.02309,182.0,0.0231,232.0
1753592125315,04:55:25.315,gateio,ACH/USDT:USDT,0.02308,30.0,0.02307,6441.0,0.02309,182.0,0.0231,174.0
1753592126287,04:55:26.287,gateio,ACH/USDT:USDT,0.02308,30.0,0.02307,6441.0,0.02309,182.0,0.0231,174.0
1753592127353,04:55:27.353,gateio,ACH/USDT:USDT,0.02308,30.0,0.02307,6441.0,0.02309,182.0,0.0231,174.0
1753592127494,04:55:27.494,gateio,ACH/USDT:USDT,0.02308,30.0,0.02307,6441.0,0.02309,182.0,0.0231,174.0
1753592128693,04:55:28.693,gateio,ACH/USDT:USDT,0.02308,30.0,0.02307,6441.0,0.02309,182.0,0.0231,174.0
1753592129236,04:55:29.236,gateio,ACH/USDT:USDT,0.02308,30.0,0.02307,6441.0,0.02309,182.0,0.0231,174.0
1753592129957,04:55:29.957,gateio,ACH/USDT:USDT,0.02308,30.0,0.02307,6441.0,0.02309,182.0,0.0231,174.0
1753592131314,04:55:31.314,gateio,ACH/USDT:USDT,0.02308,30.0,0.02307,6441.0,0.02309,182.0,0.0231,174.0
1753592131590,04:55:31.590,gateio,ACH/USDT:USDT,0.02308,30.0,0.02307,6441.0,0.02309,182.0,0.0231,174.0
1753592131869,04:55:31.869,gateio,ACH/USDT:USDT,0.02308,30.0,0.02307,6441.0,0.02309,182.0,0.0231,174.0
1753592132152,04:55:32.152,gateio,ACH/USDT:USDT,0.02308,30.0,0.02307,6441.0,0.02309,182.0,0.0231,174.0
1753592132262,04:55:32.262,gateio,ACH/USDT:USDT,0.02308,30.0,0.02307,6441.0,0.02309,182.0,0.0231,174.0
1753592133568,04:55:33.568,gateio,ACH/USDT:USDT,0.02308,30.0,0.02307,6441.0,0.02309,182.0,0.0231,174.0
1753592135226,04:55:35.226,gateio,ACH/USDT:USDT,0.02308,30.0,0.02307,6441.0,0.02309,182.0,0.0231,174.0
1753592135906,04:55:35.906,gateio,ACH/USDT:USDT,0.02308,30.0,0.02306,2168.0,0.02309,182.0,0.0231,174.0
1753592135995,04:55:35.995,gateio,ACH/USDT:USDT,0.02307,183.0,0.02306,8428.0,0.02309,182.0,0.0231,174.0
1753592136033,04:55:36.033,gateio,ACH/USDT:USDT,0.02307,2702.0,0.02306,8428.0,0.0231,174.0,0.02312,2783.0
1753592136185,04:55:36.185,gateio,ACH/USDT:USDT,0.02308,9.0,0.02307,2702.0,0.02309,175.0,0.0231,174.0
1753592136941,04:55:36.941,gateio,ACH/USDT:USDT,0.02308,9.0,0.02307,2702.0,0.02309,175.0,0.0231,174.0
1753592137016,04:55:37.016,gateio,ACH/USDT:USDT,0.02308,9.0,0.02307,2702.0,0.02309,175.0,0.0231,232.0
1753592137115,04:55:37.115,gateio,ACH/USDT:USDT,0.02308,9.0,0.02307,2702.0,0.02309,175.0,0.0231,174.0
1753592137418,04:55:37.418,gateio,ACH/USDT:USDT,0.02308,9.0,0.02307,2702.0,0.02309,175.0,0.0231,174.0
1753592137516,04:55:37.516,gateio,ACH/USDT:USDT,0.02308,9.0,0.02307,2702.0,0.02309,175.0,0.0231,232.0
1753592137616,04:55:37.616,gateio,ACH/USDT:USDT,0.02308,9.0,0.02307,2702.0,0.02309,175.0,0.0231,174.0
1753592138392,04:55:38.392,gateio,ACH/USDT:USDT,0.02308,9.0,0.02307,2702.0,0.02309,175.0,0.0231,174.0
1753592138419,04:55:38.419,gateio,ACH/USDT:USDT,0.02308,9.0,0.02307,2702.0,0.02309,175.0,0.0231,232.0
1753592138515,04:55:38.515,gateio,ACH/USDT:USDT,0.02308,9.0,0.02307,2702.0,0.02309,175.0,0.0231,174.0
1753592140455,04:55:40.455,gateio,ACH/USDT:USDT,0.02308,9.0,0.02307,2702.0,0.02309,175.0,0.0231,174.0
1753592140523,04:55:40.523,gateio,ACH/USDT:USDT,0.02308,9.0,0.02307,2702.0,0.02309,175.0,0.0231,232.0
1753592140709,04:55:40.709,gateio,ACH/USDT:USDT,0.02308,9.0,0.02307,2702.0,0.02309,175.0,0.0231,174.0
1753592141496,04:55:41.496,gateio,ACH/USDT:USDT,0.02308,9.0,0.02307,2702.0,0.02309,175.0,0.0231,174.0
1753592141516,04:55:41.516,gateio,ACH/USDT:USDT,0.02308,9.0,0.02307,2702.0,0.02309,175.0,0.0231,232.0
1753592141619,04:55:41.619,gateio,ACH/USDT:USDT,0.02308,9.0,0.02307,2702.0,0.02309,175.0,0.0231,174.0
1753592141765,04:55:41.765,gateio,ACH/USDT:USDT,0.02308,9.0,0.02307,2702.0,0.02309,175.0,0.0231,174.0
1753592142383,04:55:42.383,gateio,ACH/USDT:USDT,0.02308,9.0,0.02307,2702.0,0.02309,175.0,0.0231,174.0
1753592142416,04:55:42.416,gateio,ACH/USDT:USDT,0.02308,9.0,0.02307,2702.0,0.02309,175.0,0.0231,232.0
1753592142516,04:55:42.516,gateio,ACH/USDT:USDT,0.02308,9.0,0.02307,2702.0,0.02309,175.0,0.0231,174.0
1753592143752,04:55:43.752,gateio,ACH/USDT:USDT,0.02308,9.0,0.02307,2702.0,0.02309,175.0,0.0231,174.0
1753592143817,04:55:43.817,gateio,ACH/USDT:USDT,0.02308,9.0,0.02307,2702.0,0.02309,175.0,0.0231,232.0
1753592143916,04:55:43.916,gateio,ACH/USDT:USDT,0.02308,9.0,0.02307,2702.0,0.02309,175.0,0.0231,174.0
1753592144320,04:55:44.320,gateio,ACH/USDT:USDT,0.02308,9.0,0.02307,2702.0,0.02309,175.0,0.0231,174.0
1753592144417,04:55:44.417,gateio,ACH/USDT:USDT,0.02308,9.0,0.02307,2702.0,0.02309,175.0,0.0231,232.0
1753592144515,04:55:44.515,gateio,ACH/USDT:USDT,0.02308,9.0,0.02307,2702.0,0.02309,175.0,0.0231,174.0
1753592144835,04:55:44.835,gateio,ACH/USDT:USDT,0.02308,9.0,0.02307,2702.0,0.02309,175.0,0.0231,174.0
1753592146541,04:55:46.541,gateio,ACH/USDT:USDT,0.02308,9.0,0.02307,2702.0,0.02309,175.0,0.0231,174.0
1753592146618,04:55:46.618,gateio,ACH/USDT:USDT,0.02308,9.0,0.02307,2702.0,0.02309,175.0,0.0231,232.0
1753592146715,04:55:46.715,gateio,ACH/USDT:USDT,0.02308,9.0,0.02307,2702.0,0.02309,175.0,0.0231,174.0
1753592147406,04:55:47.406,gateio,ACH/USDT:USDT,0.02308,9.0,0.02307,2702.0,0.02309,175.0,0.0231,174.0
1753592147416,04:55:47.416,gateio,ACH/USDT:USDT,0.02308,9.0,0.02307,2702.0,0.02309,175.0,0.0231,232.0
1753592147515,04:55:47.515,gateio,ACH/USDT:USDT,0.02308,9.0,0.02307,2702.0,0.02309,175.0,0.0231,174.0
1753592147914,04:55:47.914,gateio,ACH/USDT:USDT,0.02308,9.0,0.02307,2702.0,0.02309,175.0,0.0231,174.0
1753592148016,04:55:48.016,gateio,ACH/USDT:USDT,0.02308,9.0,0.02307,2702.0,0.02309,175.0,0.0231,232.0
1753592148115,04:55:48.115,gateio,ACH/USDT:USDT,0.02308,9.0,0.02307,2702.0,0.02309,175.0,0.0231,174.0
1753592148926,04:55:48.926,gateio,ACH/USDT:USDT,0.02308,9.0,0.02307,2702.0,0.02309,175.0,0.0231,174.0
1753592149016,04:55:49.016,gateio,ACH/USDT:USDT,0.02308,30.0,0.02307,2702.0,0.02309,175.0,0.0231,232.0
1753592149120,04:55:49.120,gateio,ACH/USDT:USDT,0.02308,30.0,0.02307,2702.0,0.02309,195.0,0.0231,174.0
1753592150479,04:55:50.479,gateio,ACH/USDT:USDT,0.02308,30.0,0.02307,2702.0,0.02309,195.0,0.0231,174.0
1753592150516,04:55:50.516,gateio,ACH/USDT:USDT,0.02308,30.0,0.02307,2702.0,0.02309,195.0,0.0231,232.0
1753592150615,04:55:50.615,gateio,ACH/USDT:USDT,0.02308,30.0,0.02307,2702.0,0.02309,195.0,0.0231,174.0
1753592151342,04:55:51.342,gateio,ACH/USDT:USDT,0.02308,30.0,0.02307,2702.0,0.02309,195.0,0.0231,174.0
1753592151502,04:55:51.502,gateio,ACH/USDT:USDT,0.02308,30.0,0.02307,2702.0,0.02309,195.0,0.0231,232.0
1753592151515,04:55:51.515,gateio,ACH/USDT:USDT,0.02308,30.0,0.02307,2702.0,0.02309,195.0,0.0231,174.0
1753592151625,04:55:51.625,gateio,ACH/USDT:USDT,0.02308,30.0,0.02307,2702.0,0.02309,195.0,0.0231,174.0
1753592152995,04:55:52.995,gateio,ACH/USDT:USDT,0.02308,30.0,0.02307,2702.0,0.02309,195.0,0.0231,174.0
1753592153016,04:55:53.016,gateio,ACH/USDT:USDT,0.02308,30.0,0.02307,2702.0,0.02309,195.0,0.0231,232.0
1753592153115,04:55:53.115,gateio,ACH/USDT:USDT,0.02308,30.0,0.02307,2702.0,0.02309,195.0,0.0231,174.0
1753592153578,04:55:53.578,gateio,ACH/USDT:USDT,0.02308,30.0,0.02307,2702.0,0.02309,196.0,0.0231,174.0
1753592153632,04:55:53.632,gateio,ACH/USDT:USDT,0.02308,30.0,0.02307,2702.0,0.02309,176.0,0.0231,232.0
1753592153716,04:55:53.716,gateio,ACH/USDT:USDT,0.02308,30.0,0.02307,2702.0,0.02309,176.0,0.0231,174.0
1753592155352,04:55:55.352,gateio,ACH/USDT:USDT,0.02308,30.0,0.02307,2702.0,0.02309,176.0,0.0231,174.0
1753592155416,04:55:55.416,gateio,ACH/USDT:USDT,0.02308,30.0,0.02307,2702.0,0.02309,176.0,0.0231,232.0
1753592155517,04:55:55.517,gateio,ACH/USDT:USDT,0.02308,30.0,0.02307,2702.0,0.02309,176.0,0.0231,174.0
1753592155665,04:55:55.665,gateio,ACH/USDT:USDT,0.02308,205.0,0.02307,2702.0,0.02309,21.0,0.0231,174.0
1753592156142,04:55:56.142,gateio,ACH/USDT:USDT,0.02308,205.0,0.02307,2702.0,0.02309,21.0,0.0231,174.0
1753592156968,04:55:56.968,gateio,ACH/USDT:USDT,0.02308,205.0,0.02307,2702.0,0.02309,21.0,0.0231,174.0
1753592159213,04:55:59.213,gateio,ACH/USDT:USDT,0.02308,205.0,0.02307,2702.0,0.02309,21.0,0.0231,174.0
1753592160354,04:56:00.354,gateio,ACH/USDT:USDT,0.02308,1017.0,0.02307,2702.0,0.02309,1.0,0.0231,174.0
1753592160972,04:56:00.972,gateio,ACH/USDT:USDT,0.02308,1017.0,0.02307,2702.0,0.02309,1.0,0.0231,174.0
1753592161041,04:56:01.041,gateio,ACH/USDT:USDT,0.02308,1017.0,0.02307,2702.0,0.02309,1.0,0.0231,174.0
1753592162009,04:56:02.009,gateio,ACH/USDT:USDT,0.02308,205.0,0.02307,2702.0,0.02309,1.0,0.0231,174.0
1753592162045,04:56:02.045,gateio,ACH/USDT:USDT,0.02308,205.0,0.02307,2702.0,0.02309,1.0,0.0231,174.0
1753592163348,04:56:03.348,gateio,ACH/USDT:USDT,0.02308,1017.0,0.02307,2702.0,0.02309,1.0,0.0231,174.0
1753592163785,04:56:03.785,gateio,ACH/USDT:USDT,0.02308,1017.0,0.02307,2702.0,0.02309,1.0,0.0231,174.0
1753592163872,04:56:03.872,gateio,ACH/USDT:USDT,0.02308,1017.0,0.02307,2702.0,0.02309,1.0,0.0231,174.0
1753592164665,04:56:04.665,gateio,ACH/USDT:USDT,0.02308,1017.0,0.02307,2702.0,0.02309,1.0,0.0231,174.0
1753592165352,04:56:05.352,gateio,ACH/USDT:USDT,0.02308,1017.0,0.02307,2702.0,0.02309,1.0,0.0231,174.0
1753592165475,04:56:05.475,gateio,ACH/USDT:USDT,0.02308,1017.0,0.02307,2702.0,0.02309,1.0,0.0231,174.0
1753592165744,04:56:05.744,gateio,ACH/USDT:USDT,0.02308,1017.0,0.02307,2702.0,0.02309,1.0,0.0231,174.0
1753592165909,04:56:05.909,gateio,ACH/USDT:USDT,0.02308,30.0,0.02306,2168.0,0.02309,1.0,0.0231,174.0
1753592166009,04:56:06.009,gateio,ACH/USDT:USDT,0.02307,2717.0,0.02306,8428.0,0.02309,1.0,0.0231,174.0
1753592166021,04:56:06.021,gateio,ACH/USDT:USDT,0.02307,2708.0,0.02306,8428.0,0.02309,1.0,0.0231,174.0
1753592166172,04:56:06.172,gateio,ACH/USDT:USDT,0.02307,2708.0,0.02306,8428.0,0.02309,181.0,0.0231,174.0
1753592166216,04:56:06.216,gateio,ACH/USDT:USDT,0.02307,2708.0,0.02306,8428.0,0.02309,180.0,0.0231,232.0
1753592166333,04:56:06.333,gateio,ACH/USDT:USDT,0.02307,2708.0,0.02306,8428.0,0.0231,174.0,0.02311,1892.0
1753592166491,04:56:06.491,gateio,ACH/USDT:USDT,0.02308,9.0,0.02307,2708.0,0.02309,21.0,0.0231,174.0
1753592166638,04:56:06.638,gateio,ACH/USDT:USDT,0.02308,9.0,0.02307,2708.0,0.02309,21.0,0.0231,174.0
1753592166794,04:56:06.794,gateio,ACH/USDT:USDT,0.02308,9.0,0.02307,2708.0,0.02309,181.0,0.0231,174.0
1753592170119,04:56:10.119,gateio,ACH/USDT:USDT,0.02308,9.0,0.02307,2708.0,0.02309,181.0,0.0231,174.0
1753592170216,04:56:10.216,gateio,ACH/USDT:USDT,0.02308,9.0,0.02307,2708.0,0.02309,181.0,0.0231,232.0
1753592170315,04:56:10.315,gateio,ACH/USDT:USDT,0.02308,9.0,0.02307,2708.0,0.02309,181.0,0.0231,174.0
1753592170543,04:56:10.543,gateio,ACH/USDT:USDT,0.02308,9.0,0.02307,2708.0,0.02309,181.0,0.0231,174.0
1753592173433,04:56:13.433,gateio,ACH/USDT:USDT,0.02308,9.0,0.02307,180.0,0.02309,181.0,0.0231,174.0
1753592173590,04:56:13.590,gateio,ACH/USDT:USDT,0.02308,9.0,0.02307,180.0,0.02309,181.0,0.0231,232.0
1753592173616,04:56:13.616,gateio,ACH/USDT:USDT,0.02308,9.0,0.02307,180.0,0.02309,181.0,0.0231,174.0
1753592173965,04:56:13.965,gateio,ACH/USDT:USDT,0.02308,9.0,0.02307,180.0,0.02309,181.0,0.0231,174.0
1753592174031,04:56:14.031,gateio,ACH/USDT:USDT,0.02308,9.0,0.02307,180.0,0.02309,181.0,0.0231,232.0
1753592174122,04:56:14.122,gateio,ACH/USDT:USDT,0.02308,9.0,0.02307,2708.0,0.02309,181.0,0.0231,174.0
1753592174240,04:56:14.240,gateio,ACH/USDT:USDT,0.02308,9.0,0.02307,180.0,0.02309,181.0,0.0231,174.0
1753592174508,04:56:14.508,gateio,ACH/USDT:USDT,0.02308,9.0,0.02307,180.0,0.02309,181.0,0.0231,174.0
1753592175343,04:56:15.343,gateio,ACH/USDT:USDT,0.02308,9.0,0.02307,180.0,0.02309,181.0,0.0231,174.0
1753592175432,04:56:15.432,gateio,ACH/USDT:USDT,0.02308,9.0,0.02307,2708.0,0.02309,181.0,0.0231,232.0
1753592175515,04:56:15.515,gateio,ACH/USDT:USDT,0.02308,9.0,0.02307,2708.0,0.02309,181.0,0.0231,174.0
1753592176014,04:56:16.014,gateio,ACH/USDT:USDT,0.02308,9.0,0.02307,2708.0,0.02309,181.0,0.0231,174.0
1753592176118,04:56:16.118,gateio,ACH/USDT:USDT,0.02308,9.0,0.02307,2708.0,0.02309,181.0,0.0231,232.0
1753592176215,04:56:16.215,gateio,ACH/USDT:USDT,0.02308,9.0,0.02307,2708.0,0.02309,181.0,0.0231,174.0
1753592180152,04:56:20.152,gateio,ACH/USDT:USDT,0.02308,9.0,0.02307,2708.0,0.02309,181.0,0.0231,174.0
1753592180216,04:56:20.216,gateio,ACH/USDT:USDT,0.02308,9.0,0.02307,2708.0,0.02309,181.0,0.0231,232.0
1753592180316,04:56:20.316,gateio,ACH/USDT:USDT,0.02308,9.0,0.02307,2708.0,0.02309,181.0,0.0231,174.0
1753592181746,04:56:21.746,gateio,ACH/USDT:USDT,0.02308,9.0,0.02307,2708.0,0.02309,181.0,0.0231,174.0
1753592181816,04:56:21.816,gateio,ACH/USDT:USDT,0.02308,9.0,0.02307,2708.0,0.02309,181.0,0.0231,232.0
1753592181916,04:56:21.916,gateio,ACH/USDT:USDT,0.02308,9.0,0.02307,2708.0,0.02309,181.0,0.0231,174.0
1753592182210,04:56:22.210,gateio,ACH/USDT:USDT,0.02308,9.0,0.02307,2708.0,0.02309,181.0,0.0231,174.0
1753592184942,04:56:24.942,gateio,ACH/USDT:USDT,0.02308,9.0,0.02307,2708.0,0.02309,181.0,0.0231,174.0
1753592185017,04:56:25.017,gateio,ACH/USDT:USDT,0.02308,9.0,0.02307,2708.0,0.02309,181.0,0.0231,232.0
1753592185115,04:56:25.115,gateio,ACH/USDT:USDT,0.02308,9.0,0.02307,2708.0,0.02309,181.0,0.0231,174.0
1753592187069,04:56:27.069,gateio,ACH/USDT:USDT,0.02308,9.0,0.02307,2708.0,0.02309,181.0,0.0231,174.0
1753592187118,04:56:27.118,gateio,ACH/USDT:USDT,0.02308,9.0,0.02307,2708.0,0.02309,181.0,0.0231,232.0
1753592187216,04:56:27.216,gateio,ACH/USDT:USDT,0.02308,9.0,0.02307,2708.0,0.02309,181.0,0.0231,174.0
1753592187580,04:56:27.580,gateio,ACH/USDT:USDT,0.02308,9.0,0.02306,986.0,0.02309,181.0,0.0231,174.0
1753592187621,04:56:27.621,gateio,ACH/USDT:USDT,0.02307,9.0,0.02306,986.0,0.02308,172.0,0.02309,181.0
1753592187766,04:56:27.766,gateio,ACH/USDT:USDT,0.02307,181.0,0.02306,986.0,0.02309,239.0,0.0231,174.0
1753592187872,04:56:27.872,gateio,ACH/USDT:USDT,0.02307,172.0,0.02306,2918.0,0.02309,238.0,0.0231,174.0
1753592188155,04:56:28.155,gateio,ACH/USDT:USDT,0.02307,172.0,0.02306,2918.0,0.02309,238.0,0.0231,174.0
1753592188497,04:56:28.497,gateio,ACH/USDT:USDT,0.02307,172.0,0.02306,2918.0,0.02309,238.0,0.0231,174.0
1753592188516,04:56:28.516,gateio,ACH/USDT:USDT,0.02307,172.0,0.02306,2918.0,0.02309,238.0,0.0231,232.0
1753592188619,04:56:28.619,gateio,ACH/USDT:USDT,0.02307,172.0,0.02306,2918.0,0.02309,238.0,0.0231,174.0
1753592188893,04:56:28.893,gateio,ACH/USDT:USDT,0.02307,172.0,0.02306,2918.0,0.02309,238.0,0.0231,174.0
1753592188972,04:56:28.972,gateio,ACH/USDT:USDT,0.02307,172.0,0.02306,2918.0,0.02309,238.0,0.0231,174.0
1753592189452,04:56:29.452,gateio,ACH/USDT:USDT,0.02307,172.0,0.02306,2918.0,0.02309,238.0,0.0231,174.0
1753592189517,04:56:29.517,gateio,ACH/USDT:USDT,0.02307,172.0,0.02306,2918.0,0.02309,238.0,0.0231,232.0
1753592189616,04:56:29.616,gateio,ACH/USDT:USDT,0.02307,172.0,0.02306,2918.0,0.02309,238.0,0.0231,174.0
1753592189742,04:56:29.742,gateio,ACH/USDT:USDT,0.02307,172.0,0.02306,2918.0,0.02309,238.0,0.0231,174.0
1753592191848,04:56:31.848,gateio,ACH/USDT:USDT,0.02307,172.0,0.02306,2918.0,0.02309,238.0,0.0231,174.0
1753592191916,04:56:31.916,gateio,ACH/USDT:USDT,0.02307,172.0,0.02306,2918.0,0.02309,238.0,0.0231,232.0
1753592192016,04:56:32.016,gateio,ACH/USDT:USDT,0.02307,172.0,0.02306,2918.0,0.02309,238.0,0.0231,174.0
1753592192278,04:56:32.278,gateio,ACH/USDT:USDT,0.02307,172.0,0.02306,2918.0,0.02309,238.0,0.0231,174.0
1753592193850,04:56:33.850,gateio,ACH/USDT:USDT,0.02307,172.0,0.02306,2918.0,0.02309,238.0,0.0231,859.0
1753592193920,04:56:33.920,gateio,ACH/USDT:USDT,0.02307,172.0,0.02306,2918.0,0.02309,238.0,0.0231,917.0
1753592194015,04:56:34.015,gateio,ACH/USDT:USDT,0.02307,172.0,0.02306,2918.0,0.02309,238.0,0.0231,859.0
1753592194543,04:56:34.543,gateio,ACH/USDT:USDT,0.02307,172.0,0.02306,2918.0,0.02309,238.0,0.0231,859.0
1753592194616,04:56:34.616,gateio,ACH/USDT:USDT,0.02307,172.0,0.02306,2918.0,0.02309,238.0,0.0231,917.0
1753592194718,04:56:34.718,gateio,ACH/USDT:USDT,0.02307,172.0,0.02306,2918.0,0.02309,238.0,0.0231,859.0
1753592195906,04:56:35.906,gateio,ACH/USDT:USDT,0.02307,172.0,0.02306,2918.0,0.02309,238.0,0.0231,859.0
1753592195918,04:56:35.918,gateio,ACH/USDT:USDT,0.02307,172.0,0.02306,2918.0,0.02309,238.0,0.0231,917.0
1753592196019,04:56:36.019,gateio,ACH/USDT:USDT,0.02307,172.0,0.02306,2918.0,0.02309,238.0,0.0231,859.0
1753592199344,04:56:39.344,gateio,ACH/USDT:USDT,0.02307,172.0,0.02306,2918.0,0.02309,238.0,0.0231,859.0
1753592201944,04:56:41.944,gateio,ACH/USDT:USDT,0.02307,172.0,0.02306,2918.0,0.02309,238.0,0.0231,859.0
1753592204152,04:56:44.152,gateio,ACH/USDT:USDT,0.02307,172.0,0.02306,2918.0,0.02309,238.0,0.0231,859.0
1753592205764,04:56:45.764,gateio,ACH/USDT:USDT,0.02307,172.0,0.02306,2918.0,0.02309,238.0,0.0231,859.0
1753592205905,04:56:45.905,gateio,ACH/USDT:USDT,0.02307,172.0,0.02306,2918.0,0.02309,238.0,0.0231,859.0
1753592205999,04:56:45.999,gateio,ACH/USDT:USDT,0.02307,172.0,0.02306,2918.0,0.02309,238.0,0.0231,859.0
1753592206010,04:56:46.010,gateio,ACH/USDT:USDT,0.02307,172.0,0.02306,2918.0,0.02309,238.0,0.0231,859.0
1753592207017,04:56:47.017,gateio,ACH/USDT:USDT,0.02307,172.0,0.02306,2918.0,0.02309,238.0,0.0231,859.0
1753592208943,04:56:48.943,gateio,ACH/USDT:USDT,0.02307,172.0,0.02306,2918.0,0.02309,238.0,0.0231,859.0
1753592211006,04:56:51.006,gateio,ACH/USDT:USDT,0.02307,172.0,0.02306,2918.0,0.02309,58.0,0.0231,859.0
1753592211018,04:56:51.018,gateio,ACH/USDT:USDT,0.02307,172.0,0.02306,2918.0,0.02309,58.0,0.0231,917.0
1753592211115,04:56:51.115,gateio,ACH/USDT:USDT,0.02307,172.0,0.02306,2918.0,0.02309,58.0,0.0231,859.0
1753592211540,04:56:51.540,gateio,ACH/USDT:USDT,0.02307,172.0,0.02306,2918.0,0.02309,233.0,0.0231,859.0
1753592211618,04:56:51.618,gateio,ACH/USDT:USDT,0.02307,172.0,0.02306,2918.0,0.02309,233.0,0.0231,917.0
1753592211715,04:56:51.715,gateio,ACH/USDT:USDT,0.02307,172.0,0.02306,2918.0,0.02309,233.0,0.0231,859.0
1753592212052,04:56:52.052,gateio,ACH/USDT:USDT,0.02307,172.0,0.02306,2918.0,0.02309,233.0,0.0231,859.0
1753592212357,04:56:52.357,gateio,ACH/USDT:USDT,0.02307,172.0,0.02306,2918.0,0.02309,233.0,0.0231,859.0
1753592212416,04:56:52.416,gateio,ACH/USDT:USDT,0.02307,172.0,0.02306,2918.0,0.02309,233.0,0.0231,917.0
1753592212517,04:56:52.517,gateio,ACH/USDT:USDT,0.02307,172.0,0.02306,2918.0,0.02309,233.0,0.0231,859.0
1753592213365,04:56:53.365,gateio,ACH/USDT:USDT,0.02307,172.0,0.02306,2918.0,0.02309,233.0,0.0231,859.0
1753592213416,04:56:53.416,gateio,ACH/USDT:USDT,0.02307,172.0,0.02306,2918.0,0.02309,233.0,0.0231,917.0
1753592213515,04:56:53.515,gateio,ACH/USDT:USDT,0.02307,172.0,0.02306,2918.0,0.02309,233.0,0.0231,859.0
1753592213743,04:56:53.743,gateio,ACH/USDT:USDT,0.02307,172.0,0.02306,2918.0,0.02309,233.0,0.0231,859.0
1753592214604,04:56:54.604,gateio,ACH/USDT:USDT,0.02307,172.0,0.02306,2918.0,0.02309,233.0,0.0231,859.0
1753592214617,04:56:54.617,gateio,ACH/USDT:USDT,0.02307,172.0,0.02306,2918.0,0.02309,233.0,0.0231,917.0
1753592214716,04:56:54.716,gateio,ACH/USDT:USDT,0.02307,172.0,0.02306,2918.0,0.02309,233.0,0.0231,859.0
1753592218545,04:56:58.545,gateio,ACH/USDT:USDT,0.02307,172.0,0.02306,2918.0,0.02309,233.0,0.0231,859.0
1753592218616,04:56:58.616,gateio,ACH/USDT:USDT,0.02307,172.0,0.02306,2918.0,0.02309,233.0,0.0231,917.0
1753592218716,04:56:58.716,gateio,ACH/USDT:USDT,0.02307,172.0,0.02306,2918.0,0.02309,233.0,0.0231,859.0
1753592220360,04:57:00.360,gateio,ACH/USDT:USDT,0.02307,172.0,0.02306,2918.0,0.02309,233.0,0.0231,859.0
1753592220424,04:57:00.424,gateio,ACH/USDT:USDT,0.02307,172.0,0.02306,2918.0,0.02309,233.0,0.0231,917.0
1753592220517,04:57:00.517,gateio,ACH/USDT:USDT,0.02307,172.0,0.02306,2918.0,0.02309,233.0,0.0231,859.0
1753592221447,04:57:01.447,gateio,ACH/USDT:USDT,0.02307,172.0,0.02306,2918.0,0.02309,233.0,0.0231,859.0
1753592221516,04:57:01.516,gateio,ACH/USDT:USDT,0.02307,172.0,0.02306,2918.0,0.02309,233.0,0.0231,917.0
1753592221629,04:57:01.629,gateio,ACH/USDT:USDT,0.02307,172.0,0.02306,2918.0,0.02309,233.0,0.0231,859.0
1753592221984,04:57:01.984,gateio,ACH/USDT:USDT,0.02307,172.0,0.02306,2918.0,0.02309,233.0,0.0231,859.0
1753592222105,04:57:02.105,gateio,ACH/USDT:USDT,0.02306,2918.0,0.02305,6439.0,0.02308,179.0,0.02309,233.0
1753592222134,04:57:02.134,gateio,ACH/USDT:USDT,0.02306,2918.0,0.02305,6439.0,0.02308,179.0,0.02309,175.0
1753592222220,04:57:02.220,gateio,ACH/USDT:USDT,0.02306,2918.0,0.02305,6439.0,0.02308,179.0,0.02309,233.0
1753592222333,04:57:02.333,gateio,ACH/USDT:USDT,0.02306,2918.0,0.02305,6439.0,0.02309,175.0,0.0231,859.0
1753592222467,04:57:02.467,gateio,ACH/USDT:USDT,0.02306,2918.0,0.02305,6439.0,0.02309,175.0,0.0231,859.0
1753592222808,04:57:02.808,gateio,ACH/USDT:USDT,0.02307,9.0,0.02306,2918.0,0.02308,200.0,0.02309,175.0
1753592222893,04:57:02.893,gateio,ACH/USDT:USDT,0.02307,9.0,0.02306,2918.0,0.02308,180.0,0.02309,233.0
1753592222916,04:57:02.916,gateio,ACH/USDT:USDT,0.02307,9.0,0.02306,2918.0,0.02308,180.0,0.02309,175.0
1753592223135,04:57:03.135,gateio,ACH/USDT:USDT,0.02307,9.0,0.02306,2918.0,0.02308,180.0,0.02309,175.0
1753592223307,04:57:03.307,gateio,ACH/USDT:USDT,0.02306,2744.0,0.02305,6439.0,0.02307,179.0,0.02308,180.0
1753592223399,04:57:03.399,gateio,ACH/USDT:USDT,0.02306,821.0,0.02305,6439.0,0.02307,179.0,0.02308,180.0
1753592223484,04:57:03.484,gateio,ACH/USDT:USDT,0.02306,812.0,0.02305,178.0,0.02307,187.0,0.02308,180.0
1753592223572,04:57:03.572,gateio,ACH/USDT:USDT,0.02306,812.0,0.02305,2322.0,0.02307,187.0,0.02308,180.0
1753592223788,04:57:03.788,gateio,ACH/USDT:USDT,0.02306,812.0,0.02305,2322.0,0.02307,8.0,0.02308,180.0
1753592223894,04:57:03.894,gateio,ACH/USDT:USDT,0.02306,812.0,0.02305,2322.0,0.02307,8.0,0.02308,180.0
1753592223921,04:57:03.921,gateio,ACH/USDT:USDT,0.02306,812.0,0.02305,2322.0,0.02307,8.0,0.02308,238.0
1753592224016,04:57:04.016,gateio,ACH/USDT:USDT,0.02306,812.0,0.02305,2322.0,0.02307,8.0,0.02308,180.0
1753592224213,04:57:04.213,gateio,ACH/USDT:USDT,0.02306,812.0,0.02305,2322.0,0.02307,8.0,0.02308,180.0
1753592224360,04:57:04.360,gateio,ACH/USDT:USDT,0.02306,812.0,0.02305,2322.0,0.02307,8.0,0.02308,180.0
1753592224906,04:57:04.906,gateio,ACH/USDT:USDT,0.02306,812.0,0.02305,2322.0,0.02307,8.0,0.02308,180.0
1753592224916,04:57:04.916,gateio,ACH/USDT:USDT,0.02306,812.0,0.02305,2322.0,0.02307,8.0,0.02308,238.0
1753592225016,04:57:05.016,gateio,ACH/USDT:USDT,0.02306,812.0,0.02305,2322.0,0.02307,8.0,0.02308,180.0
1753592225772,04:57:05.772,gateio,ACH/USDT:USDT,0.02306,812.0,0.02305,2322.0,0.02307,8.0,0.02308,180.0
1753592225896,04:57:05.896,gateio,ACH/USDT:USDT,0.02306,812.0,0.02305,2322.0,0.02307,8.0,0.02308,180.0
1753592225951,04:57:05.951,gateio,ACH/USDT:USDT,0.02306,812.0,0.02305,2322.0,0.02309,175.0,0.0231,2375.0
1753592226016,04:57:06.016,gateio,ACH/USDT:USDT,0.02306,812.0,0.02305,2322.0,0.02309,175.0,0.0231,2433.0
1753592226241,04:57:06.241,gateio,ACH/USDT:USDT,0.02306,812.0,0.02305,2322.0,0.02309,175.0,0.0231,2433.0
1753592226473,04:57:06.473,gateio,ACH/USDT:USDT,0.02306,812.0,0.02305,2322.0,0.02309,175.0,0.0231,232.0
1753592226592,04:57:06.592,gateio,ACH/USDT:USDT,0.02306,812.0,0.02305,2322.0,0.0231,174.0,0.02311,1207.0
1753592226665,04:57:06.665,gateio,ACH/USDT:USDT,0.02307,179.0,0.02306,812.0,0.0231,174.0,0.02311,1207.0
1753592227058,04:57:07.058,gateio,ACH/USDT:USDT,0.02307,179.0,0.02306,812.0,0.0231,174.0,0.02311,1207.0
1753592227116,04:57:07.116,gateio,ACH/USDT:USDT,0.02307,179.0,0.02306,812.0,0.0231,174.0,0.02311,1265.0
1753592227293,04:57:07.293,gateio,ACH/USDT:USDT,0.02307,179.0,0.02306,812.0,0.0231,174.0,0.02311,1265.0
1753592227470,04:57:07.470,gateio,ACH/USDT:USDT,0.02307,179.0,0.02306,812.0,0.0231,174.0,0.02311,1265.0
1753592228143,04:57:08.143,gateio,ACH/USDT:USDT,0.02307,179.0,0.02306,812.0,0.0231,174.0,0.02311,1265.0
1753592230706,04:57:10.706,gateio,ACH/USDT:USDT,0.02307,179.0,0.02306,812.0,0.0231,174.0,0.02311,1265.0
1753592230771,04:57:10.771,gateio,ACH/USDT:USDT,0.02307,179.0,0.02306,812.0,0.0231,174.0,0.02311,1265.0
1753592231147,04:57:11.147,gateio,ACH/USDT:USDT,0.02307,179.0,0.02306,812.0,0.0231,174.0,0.02311,1265.0
1753592231685,04:57:11.685,gateio,ACH/USDT:USDT,0.02307,179.0,0.02306,812.0,0.0231,174.0,0.02311,1265.0
1753592232106,04:57:12.106,gateio,ACH/USDT:USDT,0.02307,179.0,0.02306,812.0,0.0231,174.0,0.02311,1265.0
1753592232113,04:57:12.113,gateio,ACH/USDT:USDT,0.02307,179.0,0.02306,812.0,0.0231,174.0,0.02311,1265.0
1753592232370,04:57:12.370,gateio,ACH/USDT:USDT,0.02307,179.0,0.02306,812.0,0.0231,174.0,0.02311,1265.0
1753592232944,04:57:12.944,gateio,ACH/USDT:USDT,0.02307,179.0,0.02306,812.0,0.0231,174.0,0.02311,1265.0
1753592235192,04:57:15.192,gateio,ACH/USDT:USDT,0.02307,179.0,0.02306,812.0,0.0231,174.0,0.02311,1265.0
1753592236403,04:57:16.403,gateio,ACH/USDT:USDT,0.02307,179.0,0.02306,812.0,0.0231,174.0,0.02311,1265.0
1753592237672,04:57:17.672,gateio,ACH/USDT:USDT,0.02307,179.0,0.02306,812.0,0.0231,174.0,0.02311,1265.0
1753592237767,04:57:17.767,gateio,ACH/USDT:USDT,0.02307,179.0,0.02306,812.0,0.0231,174.0,0.02311,1265.0
1753592237934,04:57:17.934,gateio,ACH/USDT:USDT,0.02307,179.0,0.02306,812.0,0.0231,174.0,0.02311,1265.0
1753592239224,04:57:19.224,gateio,ACH/USDT:USDT,0.02307,179.0,0.02306,812.0,0.0231,174.0,0.02311,1265.0
1753592239321,04:57:19.321,gateio,ACH/USDT:USDT,0.02307,179.0,0.02306,812.0,0.0231,174.0,0.02311,1265.0
1753592239483,04:57:19.483,gateio,ACH/USDT:USDT,0.02307,179.0,0.02306,812.0,0.0231,174.0,0.02311,1265.0
1753592239546,04:57:19.546,gateio,ACH/USDT:USDT,0.02307,179.0,0.02306,812.0,0.0231,174.0,0.02311,1265.0
1753592239616,04:57:19.616,gateio,ACH/USDT:USDT,0.02307,179.0,0.02306,812.0,0.0231,174.0,0.02311,3758.0
1753592241418,04:57:21.418,gateio,ACH/USDT:USDT,0.02307,179.0,0.02306,812.0,0.0231,174.0,0.02311,3758.0
1753592242552,04:57:22.552,gateio,ACH/USDT:USDT,0.02307,179.0,0.02306,812.0,0.0231,174.0,0.02311,3758.0
1753592244212,04:57:24.212,gateio,ACH/USDT:USDT,0.02307,179.0,0.02306,812.0,0.0231,174.0,0.02311,3758.0
1753592247344,04:57:27.344,gateio,ACH/USDT:USDT,0.02307,179.0,0.02306,812.0,0.0231,174.0,0.02311,3758.0
1753592249842,04:57:29.842,gateio,ACH/USDT:USDT,0.02307,179.0,0.02306,812.0,0.0231,174.0,0.02311,3758.0
1753592250521,04:57:30.521,gateio,ACH/USDT:USDT,0.02307,179.0,0.02306,812.0,0.0231,174.0,0.02311,3758.0
1753592252144,04:57:32.144,gateio,ACH/USDT:USDT,0.02307,179.0,0.02306,812.0,0.0231,174.0,0.02311,3758.0
1753592253874,04:57:33.874,gateio,ACH/USDT:USDT,0.02307,179.0,0.02306,812.0,0.0231,174.0,0.02311,3758.0
1753592254044,04:57:34.044,gateio,ACH/USDT:USDT,0.02307,179.0,0.02306,812.0,0.0231,174.0,0.02311,3758.0
1753592254432,04:57:34.432,gateio,ACH/USDT:USDT,0.02307,179.0,0.02306,812.0,0.0231,174.0,0.02311,3758.0
1753592255537,04:57:35.537,gateio,ACH/USDT:USDT,0.02307,179.0,0.02306,812.0,0.0231,174.0,0.02311,3758.0
1753592256207,04:57:36.207,gateio,ACH/USDT:USDT,0.02307,179.0,0.02306,812.0,0.0231,174.0,0.02311,3758.0
1753592256945,04:57:36.945,gateio,ACH/USDT:USDT,0.02307,179.0,0.02306,812.0,0.0231,174.0,0.02311,3758.0
1753592258509,04:57:38.509,gateio,ACH/USDT:USDT,0.02307,179.0,0.02306,812.0,0.0231,174.0,0.02311,3758.0
1753592260814,04:57:40.814,gateio,ACH/USDT:USDT,0.02307,179.0,0.02306,812.0,0.0231,174.0,0.02311,3758.0
1753592261843,04:57:41.843,gateio,ACH/USDT:USDT,0.02307,179.0,0.02306,812.0,0.0231,174.0,0.02311,3758.0
1753592262432,04:57:42.432,gateio,ACH/USDT:USDT,0.02307,179.0,0.02306,812.0,0.0231,174.0,0.02311,3758.0
1753592262523,04:57:42.523,gateio,ACH/USDT:USDT,0.02307,179.0,0.02306,812.0,0.0231,174.0,0.02311,3758.0
1753592263387,04:57:43.387,gateio,ACH/USDT:USDT,0.02307,179.0,0.02306,812.0,0.0231,174.0,0.02311,3758.0
1753592263436,04:57:43.436,gateio,ACH/USDT:USDT,0.02307,179.0,0.02306,812.0,0.0231,174.0,0.02311,3758.0
1753592263890,04:57:43.890,gateio,ACH/USDT:USDT,0.02307,179.0,0.02306,812.0,0.0231,174.0,0.02311,3758.0
1753592264009,04:57:44.009,gateio,ACH/USDT:USDT,0.02307,179.0,0.02306,812.0,0.0231,174.0,0.02311,3758.0
1753592264625,04:57:44.625,gateio,ACH/USDT:USDT,0.02307,179.0,0.02306,812.0,0.0231,174.0,0.02311,3758.0
1753592264919,04:57:44.919,gateio,ACH/USDT:USDT,0.02307,179.0,0.02306,812.0,0.0231,174.0,0.02311,3758.0
1753592266450,04:57:46.450,gateio,ACH/USDT:USDT,0.02307,179.0,0.02306,812.0,0.0231,174.0,0.02311,3758.0
1753592268481,04:57:48.481,gateio,ACH/USDT:USDT,0.02307,179.0,0.02306,812.0,0.0231,174.0,0.02311,3758.0
1753592270090,04:57:50.090,gateio,ACH/USDT:USDT,0.02307,179.0,0.02306,812.0,0.0231,174.0,0.02311,3758.0
1753592270122,04:57:50.122,gateio,ACH/USDT:USDT,0.02307,179.0,0.02306,812.0,0.0231,174.0,0.02311,3758.0
1753592270623,04:57:50.623,gateio,ACH/USDT:USDT,0.02307,179.0,0.02306,812.0,0.0231,174.0,0.02311,3758.0
1753592270804,04:57:50.804,gateio,ACH/USDT:USDT,0.02307,179.0,0.02306,812.0,0.0231,174.0,0.02311,3758.0
1753592272106,04:57:52.106,gateio,ACH/USDT:USDT,0.02307,179.0,0.02306,812.0,0.0231,174.0,0.02311,3758.0
1753592272850,04:57:52.850,gateio,ACH/USDT:USDT,0.02307,179.0,0.02306,812.0,0.0231,174.0,0.02311,3758.0
1753592273590,04:57:53.590,gateio,ACH/USDT:USDT,0.02307,179.0,0.02306,812.0,0.0231,174.0,0.02311,3758.0
1753592273869,04:57:53.869,gateio,ACH/USDT:USDT,0.02306,990.0,0.02305,2322.0,0.02308,198.0,0.0231,174.0
1753592273955,04:57:53.955,gateio,ACH/USDT:USDT,0.02306,990.0,0.02305,2322.0,0.02308,198.0,0.0231,232.0
1753592274015,04:57:54.015,gateio,ACH/USDT:USDT,0.02306,990.0,0.02305,2322.0,0.02308,198.0,0.0231,174.0
1753592274197,04:57:54.197,gateio,ACH/USDT:USDT,0.02306,990.0,0.02305,2322.0,0.02308,198.0,0.0231,174.0
1753592274383,04:57:54.383,gateio,ACH/USDT:USDT,0.02306,990.0,0.02305,2322.0,0.02308,198.0,0.0231,174.0
1753592275426,04:57:55.426,gateio,ACH/USDT:USDT,0.02306,990.0,0.02305,2322.0,0.02308,198.0,0.0231,174.0
1753592275817,04:57:55.817,gateio,ACH/USDT:USDT,0.02306,990.0,0.02305,2322.0,0.02308,198.0,0.0231,174.0
1753592275962,04:57:55.962,gateio,ACH/USDT:USDT,0.02306,990.0,0.02305,2322.0,0.02308,198.0,0.0231,174.0
1753592276366,04:57:56.366,gateio,ACH/USDT:USDT,0.02306,990.0,0.02305,2322.0,0.02308,198.0,0.0231,174.0
1753592280500,04:58:00.500,gateio,ACH/USDT:USDT,0.02306,990.0,0.02305,2322.0,0.02308,198.0,0.0231,174.0
1753592280551,04:58:00.551,gateio,ACH/USDT:USDT,0.02306,990.0,0.02305,2322.0,0.02308,198.0,0.0231,174.0
1753592281332,04:58:01.332,gateio,ACH/USDT:USDT,0.02306,990.0,0.02305,2322.0,0.02308,198.0,0.0231,174.0
1753592281472,04:58:01.472,gateio,ACH/USDT:USDT,0.02306,990.0,0.02305,2322.0,0.02307,173.0,0.02308,198.0
1753592281579,04:58:01.579,gateio,ACH/USDT:USDT,0.02306,990.0,0.02305,2322.0,0.02308,178.0,0.0231,2650.0
1753592281632,04:58:01.632,gateio,ACH/USDT:USDT,0.02306,990.0,0.02305,2322.0,0.02308,178.0,0.0231,2650.0
1753592282050,04:58:02.050,gateio,ACH/USDT:USDT,0.02306,990.0,0.02305,2322.0,0.02308,178.0,0.0231,2650.0
1753592282561,04:58:02.561,gateio,ACH/USDT:USDT,0.02306,990.0,0.02305,2322.0,0.02308,178.0,0.0231,2650.0
1753592284502,04:58:04.502,gateio,ACH/USDT:USDT,0.02306,990.0,0.02305,2322.0,0.02308,178.0,0.0231,2650.0
1753592284573,04:58:04.573,gateio,ACH/USDT:USDT,0.02306,990.0,0.02305,2322.0,0.02308,178.0,0.02309,686.0
1753592284616,04:58:04.616,gateio,ACH/USDT:USDT,0.02306,990.0,0.02305,2322.0,0.02308,178.0,0.02309,744.0
1753592284759,04:58:04.759,gateio,ACH/USDT:USDT,0.02306,990.0,0.02305,2322.0,0.02308,178.0,0.02309,686.0
1753592285281,04:58:05.281,gateio,ACH/USDT:USDT,0.02306,990.0,0.02305,2322.0,0.02307,20.0,0.02308,173.0
1753592285316,04:58:05.316,gateio,ACH/USDT:USDT,0.02306,990.0,0.02305,2322.0,0.02307,20.0,0.02308,231.0
1753592285500,04:58:05.500,gateio,ACH/USDT:USDT,0.02306,990.0,0.02305,2322.0,0.02307,20.0,0.02308,173.0
1753592285545,04:58:05.545,gateio,ACH/USDT:USDT,0.02306,990.0,0.02305,2322.0,0.02307,20.0,0.02308,173.0
1753592285914,04:58:05.914,gateio,ACH/USDT:USDT,0.02306,990.0,0.02305,2322.0,0.02307,20.0,0.02308,173.0
1753592286017,04:58:06.017,gateio,ACH/USDT:USDT,0.02306,990.0,0.02305,2322.0,0.02307,20.0,0.02308,231.0
1753592286115,04:58:06.115,gateio,ACH/USDT:USDT,0.02306,990.0,0.02305,2322.0,0.02307,20.0,0.02308,173.0
1753592286331,04:58:06.331,gateio,ACH/USDT:USDT,0.02306,990.0,0.02305,2322.0,0.02307,20.0,0.02308,173.0
1753592287955,04:58:07.955,gateio,ACH/USDT:USDT,0.02306,990.0,0.02305,2322.0,0.02307,20.0,0.02308,173.0
1753592288018,04:58:08.018,gateio,ACH/USDT:USDT,0.02306,990.0,0.02305,2322.0,0.02307,20.0,0.02308,231.0
1753592288115,04:58:08.115,gateio,ACH/USDT:USDT,0.02306,990.0,0.02305,2322.0,0.02307,20.0,0.02308,173.0
1753592288986,04:58:08.986,gateio,ACH/USDT:USDT,0.02306,990.0,0.02305,2322.0,0.02307,20.0,0.02308,173.0
1753592289023,04:58:09.023,gateio,ACH/USDT:USDT,0.02306,990.0,0.02305,2322.0,0.02307,20.0,0.02308,231.0
1753592289115,04:58:09.115,gateio,ACH/USDT:USDT,0.02306,990.0,0.02305,2322.0,0.02307,20.0,0.02308,173.0
1753592289642,04:58:09.642,gateio,ACH/USDT:USDT,0.02306,990.0,0.02305,2322.0,0.02307,20.0,0.02308,173.0
1753592289716,04:58:09.716,gateio,ACH/USDT:USDT,0.02306,990.0,0.02305,2322.0,0.02307,20.0,0.02308,231.0
1753592289815,04:58:09.815,gateio,ACH/USDT:USDT,0.02306,990.0,0.02305,2322.0,0.02307,20.0,0.02308,173.0
1753592290345,04:58:10.345,gateio,ACH/USDT:USDT,0.02306,990.0,0.02305,2322.0,0.02307,20.0,0.02308,173.0
1753592290417,04:58:10.417,gateio,ACH/USDT:USDT,0.02306,990.0,0.02305,2322.0,0.02307,20.0,0.02308,231.0
1753592290515,04:58:10.515,gateio,ACH/USDT:USDT,0.02306,990.0,0.02305,2322.0,0.02307,20.0,0.02308,173.0
1753592293057,04:58:13.057,gateio,ACH/USDT:USDT,0.02306,990.0,0.02305,2322.0,0.02307,20.0,0.02308,173.0
1753592293116,04:58:13.116,gateio,ACH/USDT:USDT,0.02306,990.0,0.02305,2322.0,0.02307,20.0,0.02308,231.0
1753592293217,04:58:13.217,gateio,ACH/USDT:USDT,0.02306,990.0,0.02305,2322.0,0.02307,20.0,0.02308,173.0
1753592295145,04:58:15.145,gateio,ACH/USDT:USDT,0.02306,990.0,0.02305,2322.0,0.02307,20.0,0.02308,173.0
1753592295221,04:58:15.221,gateio,ACH/USDT:USDT,0.02306,990.0,0.02305,2322.0,0.02307,20.0,0.02308,231.0
1753592295315,04:58:15.315,gateio,ACH/USDT:USDT,0.02306,990.0,0.02305,2322.0,0.02307,20.0,0.02308,173.0
1753592295709,04:58:15.709,gateio,ACH/USDT:USDT,0.02306,990.0,0.02305,2322.0,0.02307,20.0,0.02308,173.0
1753592298285,04:58:18.285,gateio,ACH/USDT:USDT,0.02306,990.0,0.02305,2322.0,0.02307,20.0,0.02308,173.0
1753592298316,04:58:18.316,gateio,ACH/USDT:USDT,0.02306,990.0,0.02305,2322.0,0.02307,20.0,0.02308,231.0
1753592298418,04:58:18.418,gateio,ACH/USDT:USDT,0.02306,990.0,0.02305,2322.0,0.02307,20.0,0.02308,173.0
1753592298813,04:58:18.813,gateio,ACH/USDT:USDT,0.02306,990.0,0.02305,2322.0,0.02307,20.0,0.02308,173.0
1753592298917,04:58:18.917,gateio,ACH/USDT:USDT,0.02306,990.0,0.02305,2322.0,0.02307,20.0,0.02308,231.0
1753592299016,04:58:19.016,gateio,ACH/USDT:USDT,0.02306,990.0,0.02305,2322.0,0.02307,20.0,0.02308,173.0
1753592299675,04:58:19.675,gateio,ACH/USDT:USDT,0.02306,990.0,0.02305,2322.0,0.02307,20.0,0.02308,173.0
1753592299720,04:58:19.720,gateio,ACH/USDT:USDT,0.02306,990.0,0.02305,2322.0,0.02307,20.0,0.02308,231.0
1753592299818,04:58:19.818,gateio,ACH/USDT:USDT,0.02306,990.0,0.02305,2322.0,0.02307,20.0,0.02308,173.0
1753592299945,04:58:19.945,gateio,ACH/USDT:USDT,0.02306,990.0,0.02305,2322.0,0.02307,20.0,0.02308,173.0
1753592300448,04:58:20.448,gateio,ACH/USDT:USDT,0.02306,990.0,0.02305,2322.0,0.02307,20.0,0.02308,173.0
1753592300516,04:58:20.516,gateio,ACH/USDT:USDT,0.02306,990.0,0.02305,2322.0,0.02307,20.0,0.02308,231.0
1753592300615,04:58:20.615,gateio,ACH/USDT:USDT,0.02306,990.0,0.02305,2322.0,0.02307,20.0,0.02308,173.0
1753592300991,04:58:20.991,gateio,ACH/USDT:USDT,0.02306,990.0,0.02305,2322.0,0.02307,20.0,0.02308,173.0
1753592304745,04:58:24.745,gateio,ACH/USDT:USDT,0.02306,990.0,0.02305,2322.0,0.02307,20.0,0.02308,173.0
1753592304816,04:58:24.816,gateio,ACH/USDT:USDT,0.02306,990.0,0.02305,2322.0,0.02307,20.0,0.02308,231.0
1753592304915,04:58:24.915,gateio,ACH/USDT:USDT,0.02306,990.0,0.02305,2322.0,0.02307,20.0,0.02308,173.0
1753592307602,04:58:27.602,gateio,ACH/USDT:USDT,0.02306,990.0,0.02305,2322.0,0.02307,20.0,0.02308,173.0
1753592307617,04:58:27.617,gateio,ACH/USDT:USDT,0.02306,990.0,0.02305,2322.0,0.02307,20.0,0.02308,231.0
1753592307726,04:58:27.726,gateio,ACH/USDT:USDT,0.02306,990.0,0.02305,2322.0,0.02307,20.0,0.02308,173.0
1753592308100,04:58:28.100,gateio,ACH/USDT:USDT,0.02306,990.0,0.02305,2322.0,0.02307,20.0,0.02308,173.0
1753592308116,04:58:28.116,gateio,ACH/USDT:USDT,0.02306,990.0,0.02305,2322.0,0.02307,20.0,0.02308,231.0
1753592308216,04:58:28.216,gateio,ACH/USDT:USDT,0.02306,990.0,0.02305,2322.0,0.02307,20.0,0.02308,173.0
1753592312124,04:58:32.124,gateio,ACH/USDT:USDT,0.02306,990.0,0.02305,2322.0,0.02307,20.0,0.02308,173.0
1753592312216,04:58:32.216,gateio,ACH/USDT:USDT,0.02306,990.0,0.02305,2322.0,0.02307,20.0,0.02308,231.0
1753592312316,04:58:32.316,gateio,ACH/USDT:USDT,0.02306,990.0,0.02305,2322.0,0.02307,20.0,0.02308,173.0
1753592312423,04:58:32.423,gateio,ACH/USDT:USDT,0.02306,990.0,0.02305,2322.0,0.02307,20.0,0.02308,173.0
1753592314465,04:58:34.465,gateio,ACH/USDT:USDT,0.02306,990.0,0.02305,2322.0,0.02307,20.0,0.02308,173.0
1753592314516,04:58:34.516,gateio,ACH/USDT:USDT,0.02306,990.0,0.02305,2322.0,0.02307,20.0,0.02308,231.0
1753592314620,04:58:34.620,gateio,ACH/USDT:USDT,0.02306,990.0,0.02305,2322.0,0.02307,20.0,0.02308,173.0
1753592317509,04:58:37.509,gateio,ACH/USDT:USDT,0.02306,990.0,0.02305,2322.0,0.02307,20.0,0.02308,173.0
1753592317515,04:58:37.515,gateio,ACH/USDT:USDT,0.02306,990.0,0.02305,2322.0,0.02307,20.0,0.02308,231.0
1753592317615,04:58:37.615,gateio,ACH/USDT:USDT,0.02306,990.0,0.02305,2322.0,0.02307,20.0,0.02308,173.0
1753592319513,04:58:39.513,gateio,ACH/USDT:USDT,0.02306,990.0,0.02305,2322.0,0.02307,20.0,0.02308,173.0
1753592322077,04:58:42.077,gateio,ACH/USDT:USDT,0.02306,990.0,0.02305,2322.0,0.02307,20.0,0.02308,173.0
1753592323369,04:58:43.369,gateio,ACH/USDT:USDT,0.02306,990.0,0.02305,2322.0,0.02307,20.0,0.02308,173.0
1753592323485,04:58:43.485,gateio,ACH/USDT:USDT,0.02306,990.0,0.02305,2322.0,0.02307,20.0,0.02308,173.0
1753592323538,04:58:43.538,gateio,ACH/USDT:USDT,0.02306,990.0,0.02305,2322.0,0.02307,20.0,0.02308,173.0
1753592323694,04:58:43.694,gateio,ACH/USDT:USDT,0.02307,177.0,0.02306,7254.0,0.02309,177.0,0.0231,174.0
1753592323771,04:58:43.771,gateio,ACH/USDT:USDT,0.02307,177.0,0.02306,7254.0,0.02309,177.0,0.0231,174.0
1753592323896,04:58:43.896,gateio,ACH/USDT:USDT,0.02307,177.0,0.02306,7254.0,0.02309,177.0,0.0231,1334.0
1753592323929,04:58:43.929,gateio,ACH/USDT:USDT,0.02307,177.0,0.02306,7254.0,0.02309,177.0,0.0231,1334.0
1753592324035,04:58:44.035,gateio,ACH/USDT:USDT,0.02307,177.0,0.02306,7254.0,0.02309,177.0,0.0231,2020.0
1753592324345,04:58:44.345,gateio,ACH/USDT:USDT,0.02307,177.0,0.02306,7254.0,0.02309,177.0,0.0231,2020.0
1753592325045,04:58:45.045,gateio,ACH/USDT:USDT,0.02307,177.0,0.02306,7254.0,0.02309,177.0,0.0231,2020.0
1753592325165,04:58:45.165,gateio,ACH/USDT:USDT,0.02307,177.0,0.02306,7254.0,0.02309,177.0,0.0231,2020.0
1753592325466,04:58:45.466,gateio,ACH/USDT:USDT,0.02307,177.0,0.02306,7254.0,0.02309,177.0,0.0231,2020.0
1753592326387,04:58:46.387,gateio,ACH/USDT:USDT,0.02307,177.0,0.02306,7254.0,0.02309,177.0,0.0231,2020.0
1753592327147,04:58:47.147,gateio,ACH/USDT:USDT,0.02307,177.0,0.02306,7254.0,0.02309,177.0,0.0231,2020.0
1753592327448,04:58:47.448,gateio,ACH/USDT:USDT,0.02307,177.0,0.02306,7254.0,0.02309,177.0,0.0231,2020.0
1753592330065,04:58:50.065,gateio,ACH/USDT:USDT,0.02307,177.0,0.02306,7254.0,0.02309,177.0,0.0231,2020.0
1753592330131,04:58:50.131,gateio,ACH/USDT:USDT,0.02307,177.0,0.02306,7254.0,0.02309,177.0,0.0231,2078.0
1753592330226,04:58:50.226,gateio,ACH/USDT:USDT,0.02307,177.0,0.02306,7254.0,0.02309,177.0,0.0231,2078.0
1753592332009,04:58:52.009,gateio,ACH/USDT:USDT,0.02307,177.0,0.02306,7254.0,0.02309,177.0,0.0231,2078.0
1753592333108,04:58:53.108,gateio,ACH/USDT:USDT,0.02307,177.0,0.02306,7254.0,0.02309,177.0,0.0231,2078.0
1753592333112,04:58:53.112,gateio,ACH/USDT:USDT,0.02307,177.0,0.02306,7254.0,0.02309,177.0,0.0231,2078.0
1753592334432,04:58:54.432,gateio,ACH/USDT:USDT,0.02307,177.0,0.02306,7254.0,0.02309,177.0,0.0231,2078.0
1753592336747,04:58:56.747,gateio,ACH/USDT:USDT,0.02307,177.0,0.02306,7254.0,0.02309,177.0,0.0231,2078.0
1753592339808,04:58:59.808,gateio,ACH/USDT:USDT,0.02307,177.0,0.02306,7254.0,0.02309,177.0,0.0231,2078.0
1753592339909,04:58:59.909,gateio,ACH/USDT:USDT,0.02307,177.0,0.02306,7254.0,0.02309,177.0,0.0231,2078.0
1753592340838,04:59:00.838,gateio,ACH/USDT:USDT,0.02307,2353.0,0.02306,7254.0,0.02309,177.0,0.0231,2020.0
1753592340923,04:59:00.923,gateio,ACH/USDT:USDT,0.02307,2353.0,0.02306,7254.0,0.02309,177.0,0.0231,2078.0
1753592341289,04:59:01.289,gateio,ACH/USDT:USDT,0.02307,2353.0,0.02306,7254.0,0.02309,177.0,0.0231,2078.0
1753592341546,04:59:01.546,gateio,ACH/USDT:USDT,0.02307,2353.0,0.02306,7254.0,0.02309,177.0,0.0231,2078.0
1753592342279,04:59:02.279,gateio,ACH/USDT:USDT,0.02307,2353.0,0.02306,7254.0,0.02309,177.0,0.0231,2078.0
