timestamp,time,exchange,symbol,bid1_price,bid1_volume,bid2_price,bid2_volume,ask1_price,ask1_volume,ask2_price,ask2_volume
1753591894143,04:51:34.143,phemex,1INCH/USDT:USDT,0.2847,3030.0,0.2846,8825.0,0.2848,2437.0,0.2849,2350.0
1753591897949,04:51:37.949,phemex,1INCH/USDT:USDT,0.2847,2950.0,0.2846,8825.0,0.2848,2437.0,0.2849,2350.0
1753591899886,04:51:39.886,phemex,1INCH/USDT:USDT,0.2847,2950.0,0.2846,8825.0,0.2849,1432.0,0.285,6660.0
1753591899918,04:51:39.918,phemex,1INCH/USDT:USDT,0.2848,3014.0,0.2847,4283.0,0.2849,1432.0,0.285,6660.0
1753591900131,04:51:40.131,phemex,1INCH/USDT:USDT,0.2848,3014.0,0.2847,4283.0,0.2849,1432.0,0.285,6660.0
1753591900320,04:51:40.320,phemex,1INCH/USDT:USDT,0.2848,3014.0,0.2847,4283.0,0.2849,1432.0,0.285,4660.0
1753591904537,04:51:44.537,phemex,1INCH/USDT:USDT,0.2848,3014.0,0.2847,4283.0,0.2849,1432.0,0.285,4660.0
1753591904545,04:51:44.545,phemex,1INCH/USDT:USDT,0.2848,3014.0,0.2847,4283.0,0.2849,1432.0,0.285,4660.0
1753591905326,04:51:45.326,phemex,1INCH/USDT:USDT,0.2848,2959.0,0.2847,4283.0,0.2849,1432.0,0.285,4660.0
1753591912110,04:51:52.110,phemex,1INCH/USDT:USDT,0.2848,2959.0,0.2847,4283.0,0.2849,1432.0,0.285,4660.0
1753591912176,04:51:52.176,phemex,1INCH/USDT:USDT,0.2848,2959.0,0.2847,4283.0,0.2849,1432.0,0.285,4660.0
1753591916344,04:51:56.344,phemex,1INCH/USDT:USDT,0.2848,2959.0,0.2847,4283.0,0.2849,1432.0,0.285,4660.0
1753591919950,04:51:59.950,phemex,1INCH/USDT:USDT,0.2846,6229.0,0.2845,16569.0,0.2849,1432.0,0.285,6609.0
1753591919982,04:51:59.982,phemex,1INCH/USDT:USDT,0.2846,6229.0,0.2845,16569.0,0.2849,1432.0,0.285,6609.0
1753591920100,04:52:00.100,phemex,1INCH/USDT:USDT,0.2846,6229.0,0.2845,16569.0,0.2849,3432.0,0.285,6609.0
1753591921137,04:52:01.137,phemex,1INCH/USDT:USDT,0.2846,6229.0,0.2845,16569.0,0.2849,3432.0,0.285,6609.0
1753591921216,04:52:01.216,phemex,1INCH/USDT:USDT,0.2846,6229.0,0.2845,16569.0,0.2849,3432.0,0.285,6609.0
1753591921628,04:52:01.628,phemex,1INCH/USDT:USDT,0.2846,6229.0,0.2845,16569.0,0.2849,3432.0,0.285,6609.0
1753591921706,04:52:01.706,phemex,1INCH/USDT:USDT,0.2846,6229.0,0.2845,16569.0,0.2849,1432.0,0.285,6609.0
1753591921716,04:52:01.716,phemex,1INCH/USDT:USDT,0.2847,2000.0,0.2846,6229.0,0.2849,1432.0,0.285,6609.0
1753591922372,04:52:02.372,phemex,1INCH/USDT:USDT,0.2847,2000.0,0.2846,6229.0,0.2849,1416.0,0.285,6609.0
1753591925958,04:52:05.958,phemex,1INCH/USDT:USDT,0.2847,2000.0,0.2846,6229.0,0.2849,1416.0,0.285,6609.0
1753591926051,04:52:06.051,phemex,1INCH/USDT:USDT,0.2848,1773.0,0.2847,3472.0,0.2849,1416.0,0.285,2259.0
1753591926051,04:52:06.051,phemex,1INCH/USDT:USDT,0.2848,4245.0,0.2847,5305.0,0.2849,1416.0,0.285,4175.0
1753591932258,04:52:12.258,phemex,1INCH/USDT:USDT,0.2847,2000.0,0.2846,6229.0,0.2849,1416.0,0.285,4175.0
1753591932262,04:52:12.262,phemex,1INCH/USDT:USDT,0.2847,2000.0,0.2846,6229.0,0.2849,1416.0,0.285,4175.0
1753591932311,04:52:12.311,phemex,1INCH/USDT:USDT,0.2847,2000.0,0.2846,6229.0,0.285,4175.0,0.2851,24411.0
1753591932311,04:52:12.311,phemex,1INCH/USDT:USDT,0.2847,2000.0,0.2846,6229.0,0.285,4175.0,0.2851,2161.0
1753591932408,04:52:12.408,phemex,1INCH/USDT:USDT,0.2847,2000.0,0.2846,6229.0,0.285,4175.0,0.2851,2161.0
1753591932414,04:52:12.414,phemex,1INCH/USDT:USDT,0.2847,2000.0,0.2846,6229.0,0.285,4175.0,0.2851,2161.0
1753591932952,04:52:12.952,phemex,1INCH/USDT:USDT,0.2847,2000.0,0.2846,6229.0,0.285,6175.0,0.2851,2161.0
1753591933170,04:52:13.170,phemex,1INCH/USDT:USDT,0.2847,2000.0,0.2846,6229.0,0.285,6099.0,0.2851,2161.0
1753591936878,04:52:16.878,phemex,1INCH/USDT:USDT,0.2847,2000.0,0.2846,6229.0,0.285,6099.0,0.2851,2161.0
1753591939038,04:52:19.038,phemex,1INCH/USDT:USDT,0.2848,4333.0,0.2847,6688.0,0.285,7786.0,0.2851,2161.0
1753591939038,04:52:19.038,phemex,1INCH/USDT:USDT,0.2848,4333.0,0.2847,6688.0,0.285,7786.0,0.2851,2161.0
1753591943289,04:52:23.289,phemex,1INCH/USDT:USDT,0.2848,4333.0,0.2847,6688.0,0.285,5786.0,0.2851,2161.0
1753591944797,04:52:24.797,phemex,1INCH/USDT:USDT,0.2848,5750.0,0.2847,22583.0,0.2851,2161.0,0.2852,6950.0
1753591944977,04:52:24.977,phemex,1INCH/USDT:USDT,0.2848,5750.0,0.2847,22583.0,0.2851,2161.0,0.2852,6950.0
1753591944996,04:52:24.996,phemex,1INCH/USDT:USDT,0.2848,5750.0,0.2847,22583.0,0.2851,2161.0,0.2852,6950.0
1753591946636,04:52:26.636,phemex,1INCH/USDT:USDT,0.2848,5670.0,0.2847,22583.0,0.2851,2161.0,0.2852,6950.0
1753591947786,04:52:27.786,phemex,1INCH/USDT:USDT,0.2848,5670.0,0.2847,22583.0,0.2851,4161.0,0.2852,6950.0
1753591947786,04:52:27.786,phemex,1INCH/USDT:USDT,0.2848,5670.0,0.2847,22583.0,0.2851,4161.0,0.2852,6950.0
1753591948938,04:52:28.938,phemex,1INCH/USDT:USDT,0.2848,5670.0,0.2847,22583.0,0.2851,4161.0,0.2852,6950.0
1753591948963,04:52:28.963,phemex,1INCH/USDT:USDT,0.2848,5670.0,0.2847,22583.0,0.2851,4161.0,0.2852,6950.0
1753591949356,04:52:29.356,phemex,1INCH/USDT:USDT,0.2848,5657.0,0.2847,22583.0,0.2851,4161.0,0.2852,6950.0
1753591969839,04:52:49.839,phemex,1INCH/USDT:USDT,0.2846,3311.0,0.2844,8418.0,0.2849,3874.0,0.2851,6622.0
1753591969850,04:52:49.850,phemex,1INCH/USDT:USDT,0.2844,8418.0,0.2842,46625.0,0.2849,2000.0,0.2851,11429.0
1753591969880,04:52:49.880,phemex,1INCH/USDT:USDT,0.2846,702.0,0.2844,8418.0,0.2848,2000.0,0.2851,11429.0
1753591969934,04:52:49.934,phemex,1INCH/USDT:USDT,0.2846,2702.0,0.2844,8418.0,0.2851,11429.0,0.2852,6249.0
1753591969952,04:52:49.952,phemex,1INCH/USDT:USDT,0.2846,2702.0,0.2845,6213.0,0.2851,11429.0,0.2852,6249.0
1753591970530,04:52:50.530,phemex,1INCH/USDT:USDT,0.2847,2000.0,0.2846,2702.0,0.285,2000.0,0.2851,11429.0
1753591973337,04:52:53.337,phemex,1INCH/USDT:USDT,0.2847,2000.0,0.2846,2702.0,0.285,2000.0,0.2851,11429.0
1753591973343,04:52:53.343,phemex,1INCH/USDT:USDT,0.2847,2000.0,0.2846,2702.0,0.285,2000.0,0.2851,11429.0
1753591975505,04:52:55.505,phemex,1INCH/USDT:USDT,0.2848,2389.0,0.2847,4299.0,0.2849,1776.0,0.285,2000.0
1753591975516,04:52:55.516,phemex,1INCH/USDT:USDT,0.2848,4075.0,0.2847,6762.0,0.2849,4018.0,0.2851,2000.0
1753591978143,04:52:58.143,phemex,1INCH/USDT:USDT,0.2848,4075.0,0.2847,6762.0,0.2849,4018.0,0.2851,2000.0
1753591978840,04:52:58.840,phemex,1INCH/USDT:USDT,0.2848,4075.0,0.2847,6762.0,0.285,2331.0,0.2851,2000.0
1753591980578,04:53:00.578,phemex,1INCH/USDT:USDT,0.2849,1885.0,0.2848,5502.0,0.285,2331.0,0.2851,2000.0
1753591980586,04:53:00.586,phemex,1INCH/USDT:USDT,0.2849,1885.0,0.2848,5502.0,0.285,2331.0,0.2851,2000.0
1753591981738,04:53:01.738,phemex,1INCH/USDT:USDT,0.2846,10138.0,0.2845,28109.0,0.285,2331.0,0.2851,2000.0
1753591982008,04:53:02.008,phemex,1INCH/USDT:USDT,0.2846,10138.0,0.2845,28109.0,0.2851,2000.0,0.2852,6249.0
1753591982030,04:53:02.030,phemex,1INCH/USDT:USDT,0.2847,2000.0,0.2846,10138.0,0.2851,2000.0,0.2852,6249.0
1753591982944,04:53:02.944,phemex,1INCH/USDT:USDT,0.2847,2000.0,0.2846,10138.0,0.2851,2000.0,0.2852,6249.0
1753591984489,04:53:04.489,phemex,1INCH/USDT:USDT,0.2847,2000.0,0.2846,10138.0,0.2849,4644.0,0.285,2531.0
1753591984504,04:53:04.504,phemex,1INCH/USDT:USDT,0.2847,2000.0,0.2846,10138.0,0.2849,4644.0,0.285,2531.0
1753591987738,04:53:07.738,phemex,1INCH/USDT:USDT,0.2847,2000.0,0.2846,10138.0,0.2849,4644.0,0.285,2531.0
1753591987746,04:53:07.746,phemex,1INCH/USDT:USDT,0.2847,2000.0,0.2846,10138.0,0.2849,4644.0,0.285,2531.0
1753591992359,04:53:12.359,phemex,1INCH/USDT:USDT,0.2847,5283.0,0.2846,2112.0,0.2848,2205.0,0.2849,4644.0
1753591992371,04:53:12.371,phemex,1INCH/USDT:USDT,0.2847,3283.0,0.2846,2112.0,0.2848,2205.0,0.2849,4644.0
1753591992389,04:53:12.389,phemex,1INCH/USDT:USDT,0.2847,3283.0,0.2846,1410.0,0.2848,2205.0,0.2849,4644.0
1753591992743,04:53:12.743,phemex,1INCH/USDT:USDT,0.2847,3283.0,0.2846,1410.0,0.2848,2205.0,0.2849,4644.0
1753591995203,04:53:15.203,phemex,1INCH/USDT:USDT,0.2847,3283.0,0.2846,1410.0,0.2849,4644.0,0.285,2531.0
1753591997355,04:53:17.355,phemex,1INCH/USDT:USDT,0.2847,3283.0,0.2846,1410.0,0.2849,4644.0,0.285,2531.0
1753591999087,04:53:19.087,phemex,1INCH/USDT:USDT,0.2847,3283.0,0.2846,1410.0,0.2849,2959.0,0.285,2531.0
1753592002149,04:53:22.149,phemex,1INCH/USDT:USDT,0.2847,3283.0,0.2846,1410.0,0.2849,2959.0,0.285,2531.0
1753592003354,04:53:23.354,phemex,1INCH/USDT:USDT,0.2847,7095.0,0.2846,29448.0,0.2849,1879.0,0.285,2531.0
1753592003435,04:53:23.435,phemex,1INCH/USDT:USDT,0.2845,31786.0,0.2844,16082.0,0.2849,1879.0,0.285,2531.0
1753592003505,04:53:23.505,phemex,1INCH/USDT:USDT,0.2845,32488.0,0.2844,16082.0,0.2849,1879.0,0.285,2531.0
1753592004150,04:53:24.150,phemex,1INCH/USDT:USDT,0.2846,2000.0,0.2845,32488.0,0.2849,1879.0,0.285,2531.0
1753592006949,04:53:26.949,phemex,1INCH/USDT:USDT,0.2846,2000.0,0.2845,32488.0,0.2849,1879.0,0.285,2531.0
1753592007660,04:53:27.660,phemex,1INCH/USDT:USDT,0.2846,2000.0,0.2845,32488.0,0.2849,1820.0,0.285,2531.0
1753592007660,04:53:27.660,phemex,1INCH/USDT:USDT,0.2846,2000.0,0.2845,32488.0,0.2849,1820.0,0.285,2531.0
1753592011740,04:53:31.740,phemex,1INCH/USDT:USDT,0.2848,2141.0,0.2847,5809.0,0.2849,1820.0,0.285,4631.0
1753592011746,04:53:31.746,phemex,1INCH/USDT:USDT,0.2848,2141.0,0.2847,5809.0,0.2849,1820.0,0.285,4631.0
1753592011748,04:53:31.748,phemex,1INCH/USDT:USDT,0.2848,2141.0,0.2847,5809.0,0.2849,1820.0,0.285,4631.0
1753592016538,04:53:36.538,phemex,1INCH/USDT:USDT,0.2848,2141.0,0.2847,5809.0,0.2849,1820.0,0.285,4631.0
1753592016545,04:53:36.545,phemex,1INCH/USDT:USDT,0.2848,2141.0,0.2847,5809.0,0.2849,1820.0,0.285,4631.0
1753592020686,04:53:40.686,phemex,1INCH/USDT:USDT,0.2848,2121.0,0.2847,5809.0,0.2849,1820.0,0.285,4631.0
1753592021345,04:53:41.345,phemex,1INCH/USDT:USDT,0.2848,2121.0,0.2847,5809.0,0.2849,1820.0,0.285,4631.0
1753592032183,04:53:52.183,phemex,1INCH/USDT:USDT,0.2848,4121.0,0.2847,1963.0,0.285,1832.0,0.2851,2472.0
1753592032214,04:53:52.214,phemex,1INCH/USDT:USDT,0.2849,2181.0,0.2848,4121.0,0.285,1832.0,0.2851,2472.0
1753592032378,04:53:52.378,phemex,1INCH/USDT:USDT,0.2849,2181.0,0.2848,4121.0,0.285,1832.0,0.2851,2472.0
1753592037203,04:53:57.203,phemex,1INCH/USDT:USDT,0.2849,3772.0,0.2848,4121.0,0.285,1832.0,0.2851,4399.0
1753592039947,04:53:59.947,phemex,1INCH/USDT:USDT,0.2849,3747.0,0.2848,4121.0,0.285,1832.0,0.2851,4399.0
1753592043581,04:54:03.581,phemex,1INCH/USDT:USDT,0.2849,3747.0,0.2848,4121.0,0.285,1832.0,0.2851,4399.0
1753592046300,04:54:06.300,phemex,1INCH/USDT:USDT,0.2849,3722.0,0.2848,4121.0,0.285,1832.0,0.2851,4399.0
1753592048318,04:54:08.318,phemex,1INCH/USDT:USDT,0.2849,3722.0,0.2848,4121.0,0.285,1824.0,0.2851,4399.0
1753592051372,04:54:11.372,phemex,1INCH/USDT:USDT,0.285,2361.0,0.2849,5384.0,0.2851,1683.0,0.2852,6249.0
1753592051398,04:54:11.398,phemex,1INCH/USDT:USDT,0.2849,3253.0,0.2848,22397.0,0.2851,1683.0,0.2852,6249.0
1753592051399,04:54:11.399,phemex,1INCH/USDT:USDT,0.2847,21968.0,0.2846,9772.0,0.2851,1683.0,0.2852,6249.0
1753592051450,04:54:11.450,phemex,1INCH/USDT:USDT,0.2847,22670.0,0.2846,9772.0,0.2851,1683.0,0.2852,6249.0
1753592051593,04:54:11.593,phemex,1INCH/USDT:USDT,0.2848,2000.0,0.2847,22670.0,0.2851,1683.0,0.2852,6249.0
1753592056395,04:54:16.395,phemex,1INCH/USDT:USDT,0.2848,2000.0,0.2847,22670.0,0.2851,1683.0,0.2852,7997.0
1753592056750,04:54:16.750,phemex,1INCH/USDT:USDT,0.285,1667.0,0.2849,5023.0,0.2851,1683.0,0.2852,7997.0
1753592056759,04:54:16.759,phemex,1INCH/USDT:USDT,0.2848,4617.0,0.2847,11499.0,0.2851,1683.0,0.2852,7997.0
1753592056761,04:54:16.761,phemex,1INCH/USDT:USDT,0.2848,2617.0,0.2847,11499.0,0.2851,1683.0,0.2852,7997.0
1753592056801,04:54:16.801,phemex,1INCH/USDT:USDT,0.2848,2617.0,0.2847,11499.0,0.2851,3163.0,0.2852,7997.0
1753592057550,04:54:17.550,phemex,1INCH/USDT:USDT,0.2848,4617.0,0.2847,11499.0,0.2851,3163.0,0.2852,7997.0
1753592058280,04:54:18.280,phemex,1INCH/USDT:USDT,0.2848,4617.0,0.2847,11499.0,0.2851,3018.0,0.2852,7997.0
1753592059997,04:54:19.997,phemex,1INCH/USDT:USDT,0.2848,4617.0,0.2847,11499.0,0.2851,3018.0,0.2852,7997.0
1753592060139,04:54:20.139,phemex,1INCH/USDT:USDT,0.2848,4552.0,0.2847,11499.0,0.2851,3018.0,0.2852,7997.0
1753592060160,04:54:20.160,phemex,1INCH/USDT:USDT,0.2848,4552.0,0.2847,11499.0,0.2851,5018.0,0.2852,7997.0
1753592061416,04:54:21.416,phemex,1INCH/USDT:USDT,0.2848,4552.0,0.2847,11499.0,0.2851,5018.0,0.2852,9705.0
1753592061416,04:54:21.416,phemex,1INCH/USDT:USDT,0.2848,4552.0,0.2847,11499.0,0.2851,5018.0,0.2852,9705.0
1753592076686,04:54:36.686,phemex,1INCH/USDT:USDT,0.2848,2552.0,0.2847,11499.0,0.2851,5018.0,0.2852,9705.0
1753592076754,04:54:36.754,phemex,1INCH/USDT:USDT,0.2848,5157.0,0.2847,2249.0,0.285,4090.0,0.2851,4432.0
1753592076775,04:54:36.775,phemex,1INCH/USDT:USDT,0.2848,5157.0,0.2847,2249.0,0.285,4090.0,0.2851,2432.0
1753592077150,04:54:37.150,phemex,1INCH/USDT:USDT,0.2848,5157.0,0.2847,1547.0,0.285,4090.0,0.2851,2432.0
1753592077400,04:54:37.400,phemex,1INCH/USDT:USDT,0.2848,5157.0,0.2847,1547.0,0.285,4090.0,0.2851,2432.0
1753592077458,04:54:37.458,phemex,1INCH/USDT:USDT,0.2848,5157.0,0.2847,1547.0,0.285,4090.0,0.2851,2432.0
1753592080112,04:54:40.112,phemex,1INCH/USDT:USDT,0.2848,5157.0,0.2847,1547.0,0.285,3740.0,0.2851,2432.0
1753592080468,04:54:40.468,phemex,1INCH/USDT:USDT,0.2848,5157.0,0.2847,1547.0,0.285,2225.0,0.2851,2432.0
1753592080468,04:54:40.468,phemex,1INCH/USDT:USDT,0.2848,5157.0,0.2847,1547.0,0.2851,2432.0,0.2852,6249.0
1753592081281,04:54:41.281,phemex,1INCH/USDT:USDT,0.2848,5157.0,0.2847,1547.0,0.2851,4432.0,0.2852,6249.0
1753592082090,04:54:42.090,phemex,1INCH/USDT:USDT,0.2848,2605.0,0.2846,9241.0,0.2851,4432.0,0.2852,6249.0
1753592082092,04:54:42.092,phemex,1INCH/USDT:USDT,0.2846,9241.0,0.2845,28012.0,0.2851,4432.0,0.2852,6249.0
1753592082092,04:54:42.092,phemex,1INCH/USDT:USDT,0.2847,2193.0,0.2845,28012.0,0.2851,4432.0,0.2852,6249.0
1753592082240,04:54:42.240,phemex,1INCH/USDT:USDT,0.2847,2193.0,0.2845,28012.0,0.2851,4432.0,0.2852,6249.0
1753592082348,04:54:42.348,phemex,1INCH/USDT:USDT,0.2847,2193.0,0.2845,28012.0,0.285,2000.0,0.2851,5133.0
1753592085819,04:54:45.819,phemex,1INCH/USDT:USDT,0.2847,2193.0,0.2845,28012.0,0.2848,1542.0,0.285,5600.0
1753592085842,04:54:45.842,phemex,1INCH/USDT:USDT,0.2847,2193.0,0.2845,28012.0,0.2848,4038.0,0.285,5600.0
1753592085978,04:54:45.978,phemex,1INCH/USDT:USDT,0.2847,2193.0,0.2845,28012.0,0.285,5600.0,0.2851,701.0
1753592086540,04:54:46.540,phemex,1INCH/USDT:USDT,0.2847,2193.0,0.2845,28012.0,0.285,5600.0,0.2851,701.0
1753592086695,04:54:46.695,phemex,1INCH/USDT:USDT,0.2847,2193.0,0.2845,28012.0,0.285,5600.0,0.2851,701.0
1753592087686,04:54:47.686,phemex,1INCH/USDT:USDT,0.2847,4640.0,0.2846,2459.0,0.285,5600.0,0.2851,701.0
1753592089751,04:54:49.751,phemex,1INCH/USDT:USDT,0.2847,4240.0,0.2846,2459.0,0.285,5600.0,0.2851,701.0
1753592091797,04:54:51.797,phemex,1INCH/USDT:USDT,0.2847,4240.0,0.2846,2459.0,0.2849,2627.0,0.285,7184.0
1753592092236,04:54:52.236,phemex,1INCH/USDT:USDT,0.2848,1603.0,0.2847,4240.0,0.2849,2134.0,0.285,3632.0
1753592092242,04:54:52.242,phemex,1INCH/USDT:USDT,0.2847,2447.0,0.2846,4423.0,0.2849,2134.0,0.285,3632.0
1753592094092,04:54:54.092,phemex,1INCH/USDT:USDT,0.2847,4100.0,0.2846,13221.0,0.2849,2134.0,0.285,3632.0
1753592094370,04:54:54.370,phemex,1INCH/USDT:USDT,0.2847,4100.0,0.2846,13221.0,0.2849,2134.0,0.285,3632.0
1753592094378,04:54:54.378,phemex,1INCH/USDT:USDT,0.2847,4100.0,0.2846,13221.0,0.2849,2134.0,0.285,3632.0
1753592095766,04:54:55.766,phemex,1INCH/USDT:USDT,0.2847,4100.0,0.2846,13221.0,0.2849,2110.0,0.285,3632.0
1753592097266,04:54:57.266,phemex,1INCH/USDT:USDT,0.2848,3786.0,0.2847,4100.0,0.2849,2110.0,0.285,3632.0
1753592098105,04:54:58.105,phemex,1INCH/USDT:USDT,0.2848,3786.0,0.2847,4100.0,0.285,5863.0,0.2852,7747.0
1753592098403,04:54:58.403,phemex,1INCH/USDT:USDT,0.2848,3786.0,0.2847,4100.0,0.285,5863.0,0.2852,7747.0
1753592099614,04:54:59.614,phemex,1INCH/USDT:USDT,0.2849,2122.0,0.2848,6299.0,0.285,5863.0,0.2852,7747.0
1753592101791,04:55:01.791,phemex,1INCH/USDT:USDT,0.2849,2122.0,0.2848,6299.0,0.285,3863.0,0.2852,7747.0
1753592103552,04:55:03.552,phemex,1INCH/USDT:USDT,0.2849,2122.0,0.2848,2513.0,0.285,3863.0,0.2852,7747.0
1753592103552,04:55:03.552,phemex,1INCH/USDT:USDT,0.2849,3566.0,0.2848,2513.0,0.285,3863.0,0.2852,7747.0
1753592109722,04:55:09.722,phemex,1INCH/USDT:USDT,0.2849,3566.0,0.2848,2513.0,0.285,3863.0,0.2852,7747.0
1753592110393,04:55:10.393,phemex,1INCH/USDT:USDT,0.2849,3546.0,0.2848,2513.0,0.285,3863.0,0.2852,7747.0
1753592112957,04:55:12.957,phemex,1INCH/USDT:USDT,0.2846,23138.0,0.2845,26801.0,0.285,3863.0,0.2852,7747.0
1753592112969,04:55:12.969,phemex,1INCH/USDT:USDT,0.2846,23138.0,0.2845,26801.0,0.285,3863.0,0.2851,1475.0
1753592113044,04:55:13.044,phemex,1INCH/USDT:USDT,0.2846,23138.0,0.2845,26801.0,0.285,3863.0,0.2851,4063.0
1753592113347,04:55:13.347,phemex,1INCH/USDT:USDT,0.2846,23138.0,0.2845,26801.0,0.285,3863.0,0.2851,4063.0
1753592113913,04:55:13.913,phemex,1INCH/USDT:USDT,0.2847,2000.0,0.2846,23138.0,0.285,5863.0,0.2851,4063.0
1753592118141,04:55:18.141,phemex,1INCH/USDT:USDT,0.2847,2000.0,0.2846,23138.0,0.285,5863.0,0.2851,4063.0
1753592118151,04:55:18.151,phemex,1INCH/USDT:USDT,0.2847,2000.0,0.2846,23138.0,0.285,5863.0,0.2851,4063.0
1753592123115,04:55:23.115,phemex,1INCH/USDT:USDT,0.2847,2000.0,0.2846,23138.0,0.285,5863.0,0.2851,4063.0
1753592123314,04:55:23.314,phemex,1INCH/USDT:USDT,0.2847,2000.0,0.2846,23138.0,0.285,5863.0,0.2851,4063.0
1753592123804,04:55:23.804,phemex,1INCH/USDT:USDT,0.2847,2000.0,0.2846,23138.0,0.2849,2000.0,0.285,5863.0
1753592127748,04:55:27.748,phemex,1INCH/USDT:USDT,0.2847,2000.0,0.2846,23138.0,0.2849,2000.0,0.285,5863.0
1753592127748,04:55:27.748,phemex,1INCH/USDT:USDT,0.2847,2000.0,0.2846,23138.0,0.2849,2000.0,0.285,5863.0
1753592132546,04:55:32.546,phemex,1INCH/USDT:USDT,0.2847,2000.0,0.2846,23138.0,0.2849,2000.0,0.285,5863.0
1753592137347,04:55:37.347,phemex,1INCH/USDT:USDT,0.2847,2000.0,0.2846,23138.0,0.2849,2000.0,0.285,5863.0
1753592142141,04:55:42.141,phemex,1INCH/USDT:USDT,0.2847,2000.0,0.2846,23138.0,0.2849,2000.0,0.285,5863.0
1753592142326,04:55:42.326,phemex,1INCH/USDT:USDT,0.2847,2000.0,0.2846,23138.0,0.2849,2000.0,0.285,5863.0
1753592142402,04:55:42.402,phemex,1INCH/USDT:USDT,0.2847,8221.0,0.2846,23138.0,0.2849,2000.0,0.285,5863.0
1753592146278,04:55:46.278,phemex,1INCH/USDT:USDT,0.2847,8221.0,0.2846,23138.0,0.285,5863.0,0.2851,4063.0
1753592146950,04:55:46.950,phemex,1INCH/USDT:USDT,0.2847,8221.0,0.2846,23138.0,0.285,5863.0,0.2851,4063.0
1753592151748,04:55:51.748,phemex,1INCH/USDT:USDT,0.2847,8221.0,0.2846,23138.0,0.285,5863.0,0.2851,4063.0
1753592155673,04:55:55.673,phemex,1INCH/USDT:USDT,0.2848,4442.0,0.2847,10551.0,0.285,3632.0,0.2851,4063.0
1753592156293,04:55:56.293,phemex,1INCH/USDT:USDT,0.2848,4421.0,0.2847,10551.0,0.285,3632.0,0.2851,4063.0
1753592156360,04:55:56.360,phemex,1INCH/USDT:USDT,0.2848,4421.0,0.2847,10551.0,0.285,1632.0,0.2851,4063.0
1753592156555,04:55:56.555,phemex,1INCH/USDT:USDT,0.2848,4421.0,0.2847,10551.0,0.285,1632.0,0.2851,4063.0
1753592157575,04:55:57.575,phemex,1INCH/USDT:USDT,0.2848,4406.0,0.2847,10551.0,0.285,1632.0,0.2851,4063.0
1753592159647,04:55:59.647,phemex,1INCH/USDT:USDT,0.2848,4397.0,0.2847,10551.0,0.285,1632.0,0.2851,4063.0
1753592161340,04:56:01.340,phemex,1INCH/USDT:USDT,0.2848,4397.0,0.2847,10551.0,0.285,1632.0,0.2851,4063.0
1753592161348,04:56:01.348,phemex,1INCH/USDT:USDT,0.2848,4397.0,0.2847,10551.0,0.285,1632.0,0.2851,4063.0
1753592161733,04:56:01.733,phemex,1INCH/USDT:USDT,0.2848,5854.0,0.2847,21350.0,0.285,3511.0,0.2851,4063.0
1753592166148,04:56:06.148,phemex,1INCH/USDT:USDT,0.2848,5854.0,0.2847,21350.0,0.285,3511.0,0.2851,4063.0
1753592172495,04:56:12.495,phemex,1INCH/USDT:USDT,0.2848,5854.0,0.2847,21350.0,0.285,3511.0,0.2851,4063.0
1753592172502,04:56:12.502,phemex,1INCH/USDT:USDT,0.2848,5854.0,0.2847,21350.0,0.285,3511.0,0.2851,4063.0
1753592176951,04:56:16.951,phemex,1INCH/USDT:USDT,0.2848,5854.0,0.2847,21350.0,0.285,3511.0,0.2851,4063.0
1753592184865,04:56:24.865,phemex,1INCH/USDT:USDT,0.2848,5854.0,0.2847,21350.0,0.285,3499.0,0.2851,4063.0
1753592184865,04:56:24.865,phemex,1INCH/USDT:USDT,0.2848,5854.0,0.2847,21350.0,0.285,3499.0,0.2851,4063.0
1753592191798,04:56:31.798,phemex,1INCH/USDT:USDT,0.2849,2043.0,0.2848,4017.0,0.2852,6249.0,0.2853,2561.0
1753592192032,04:56:32.032,phemex,1INCH/USDT:USDT,0.2849,2043.0,0.2848,4017.0,0.2852,8249.0,0.2853,2561.0
1753592196806,04:56:36.806,phemex,1INCH/USDT:USDT,0.2849,1974.0,0.2848,4017.0,0.2852,8249.0,0.2853,2561.0
1753592196928,04:56:36.928,phemex,1INCH/USDT:USDT,0.285,2098.0,0.2849,6974.0,0.2851,2316.0,0.2852,10266.0
1753592198512,04:56:38.512,phemex,1INCH/USDT:USDT,0.285,2098.0,0.2849,6974.0,0.2851,2316.0,0.2852,10266.0
1753592198520,04:56:38.520,phemex,1INCH/USDT:USDT,0.285,2098.0,0.2849,6974.0,0.2851,2316.0,0.2852,10266.0
1753592201748,04:56:41.748,phemex,1INCH/USDT:USDT,0.285,2098.0,0.2849,6974.0,0.2851,2316.0,0.2852,4017.0
1753592201756,04:56:41.756,phemex,1INCH/USDT:USDT,0.285,2098.0,0.2849,6974.0,0.2851,2316.0,0.2852,4017.0
1753592205931,04:56:45.931,phemex,1INCH/USDT:USDT,0.285,4633.0,0.2849,14086.0,0.2853,4139.0,0.2855,23413.0
1753592206231,04:56:46.231,phemex,1INCH/USDT:USDT,0.285,4633.0,0.2849,14086.0,0.2853,4139.0,0.2855,23413.0
1753592206286,04:56:46.286,phemex,1INCH/USDT:USDT,0.285,4633.0,0.2849,14086.0,0.2853,4139.0,0.2855,23413.0
1753592209979,04:56:49.979,phemex,1INCH/USDT:USDT,0.285,4633.0,0.2849,14086.0,0.2853,4139.0,0.2855,23413.0
1753592211696,04:56:51.696,phemex,1INCH/USDT:USDT,0.2851,1745.0,0.285,6782.0,0.2852,2039.0,0.2855,23413.0
1753592212366,04:56:52.366,phemex,1INCH/USDT:USDT,0.2848,16573.0,0.2847,27144.0,0.2852,2039.0,0.2853,1481.0
1753592212799,04:56:52.799,phemex,1INCH/USDT:USDT,0.2849,2000.0,0.2848,16573.0,0.2852,2039.0,0.2853,1481.0
1753592214776,04:56:54.776,phemex,1INCH/USDT:USDT,0.2849,2000.0,0.2848,16573.0,0.2852,4039.0,0.2853,1481.0
1753592216795,04:56:56.795,phemex,1INCH/USDT:USDT,0.2849,2000.0,0.2848,16573.0,0.2851,2322.0,0.2852,4039.0
1753592217870,04:56:57.870,phemex,1INCH/USDT:USDT,0.2849,2000.0,0.2848,16573.0,0.2851,2107.0,0.2852,4039.0
1753592218315,04:56:58.315,phemex,1INCH/USDT:USDT,0.285,3466.0,0.2849,2000.0,0.2851,4086.0,0.2852,4039.0
1753592219575,04:56:59.575,phemex,1INCH/USDT:USDT,0.285,3466.0,0.2849,2000.0,0.2851,4086.0,0.2852,4039.0
1753592220564,04:57:00.564,phemex,1INCH/USDT:USDT,0.285,3466.0,0.2848,16573.0,0.2851,4086.0,0.2852,4039.0
1753592223181,04:57:03.181,phemex,1INCH/USDT:USDT,0.2848,2168.0,0.2847,6221.0,0.2851,4086.0,0.2852,4039.0
1753592223325,04:57:03.325,phemex,1INCH/USDT:USDT,0.2848,2168.0,0.2847,6221.0,0.2851,6014.0,0.2852,14229.0
1753592223681,04:57:03.681,phemex,1INCH/USDT:USDT,0.2848,2168.0,0.2847,6221.0,0.285,2000.0,0.2851,8014.0
1753592223852,04:57:03.852,phemex,1INCH/USDT:USDT,0.2848,2168.0,0.2847,6221.0,0.285,2000.0,0.2851,6014.0
1753592224435,04:57:04.435,phemex,1INCH/USDT:USDT,0.2848,2168.0,0.2847,6221.0,0.285,2000.0,0.2851,6014.0
1753592224469,04:57:04.469,phemex,1INCH/USDT:USDT,0.2848,2168.0,0.2847,6221.0,0.285,2000.0,0.2851,6014.0
1753592227809,04:57:07.809,phemex,1INCH/USDT:USDT,0.2848,1968.0,0.2847,6221.0,0.285,2000.0,0.2851,6014.0
1753592228592,04:57:08.592,phemex,1INCH/USDT:USDT,0.2848,1968.0,0.2847,6221.0,0.2849,2063.0,0.285,2000.0
1753592228592,04:57:08.592,phemex,1INCH/USDT:USDT,0.2848,1968.0,0.2847,6221.0,0.2849,2063.0,0.285,2000.0
1753592229168,04:57:09.168,phemex,1INCH/USDT:USDT,0.2848,1968.0,0.2847,6221.0,0.2849,2063.0,0.285,2000.0
1753592233087,04:57:13.087,phemex,1INCH/USDT:USDT,0.2848,1968.0,0.2847,6221.0,0.2849,2063.0,0.285,2000.0
1753592233307,04:57:13.307,phemex,1INCH/USDT:USDT,0.2848,1968.0,0.2847,6221.0,0.2849,2063.0,0.285,2000.0
1753592233998,04:57:13.998,phemex,1INCH/USDT:USDT,0.2848,1968.0,0.2847,6221.0,0.2849,2063.0,0.285,2000.0
1753592234013,04:57:14.013,phemex,1INCH/USDT:USDT,0.2848,1968.0,0.2847,6221.0,0.2849,2063.0,0.285,2000.0
1753592239342,04:57:19.342,phemex,1INCH/USDT:USDT,0.2848,1968.0,0.2846,23192.0,0.2849,2063.0,0.285,2000.0
1753592239443,04:57:19.443,phemex,1INCH/USDT:USDT,0.2848,1968.0,0.2846,23192.0,0.2849,2063.0,0.285,2000.0
1753592243963,04:57:23.963,phemex,1INCH/USDT:USDT,0.2848,1968.0,0.2846,23192.0,0.2849,2063.0,0.285,2000.0
1753592243974,04:57:23.974,phemex,1INCH/USDT:USDT,0.2848,1968.0,0.2846,23192.0,0.2849,2063.0,0.285,2000.0
1753592243974,04:57:23.974,phemex,1INCH/USDT:USDT,0.2848,1968.0,0.2846,23192.0,0.2849,2063.0,0.285,2000.0
1753592254330,04:57:34.330,phemex,1INCH/USDT:USDT,0.2848,1968.0,0.2847,2000.0,0.2849,2063.0,0.285,2000.0
1753592254792,04:57:34.792,phemex,1INCH/USDT:USDT,0.2848,1968.0,0.2847,2000.0,0.2849,2063.0,0.285,2000.0
1753592258563,04:57:38.563,phemex,1INCH/USDT:USDT,0.2848,1968.0,0.2847,2000.0,0.2849,2063.0,0.285,2000.0
1753592258588,04:57:38.588,phemex,1INCH/USDT:USDT,0.2848,1968.0,0.2847,2000.0,0.2849,2063.0,0.285,2000.0
1753592263364,04:57:43.364,phemex,1INCH/USDT:USDT,0.2848,1968.0,0.2847,2000.0,0.2849,2063.0,0.285,2000.0
1753592263371,04:57:43.371,phemex,1INCH/USDT:USDT,0.2848,1968.0,0.2847,2000.0,0.2849,2063.0,0.285,2000.0
1753592265915,04:57:45.915,phemex,1INCH/USDT:USDT,0.2848,3382.0,0.2847,4250.0,0.285,2000.0,0.2851,2107.0
1753592265945,04:57:45.945,phemex,1INCH/USDT:USDT,0.2849,2521.0,0.2848,3382.0,0.285,2000.0,0.2851,2107.0
1753592266193,04:57:46.193,phemex,1INCH/USDT:USDT,0.2849,2521.0,0.2848,3382.0,0.285,2000.0,0.2851,2107.0
1753592267131,04:57:47.131,phemex,1INCH/USDT:USDT,0.2848,1414.0,0.2847,10466.0,0.285,2000.0,0.2851,2107.0
1753592267131,04:57:47.131,phemex,1INCH/USDT:USDT,0.2848,3156.0,0.2847,10466.0,0.285,2000.0,0.2851,2107.0
1753592267948,04:57:47.948,phemex,1INCH/USDT:USDT,0.2848,3101.0,0.2847,10466.0,0.285,2000.0,0.2851,2107.0
1753592269222,04:57:49.222,phemex,1INCH/USDT:USDT,0.2848,3101.0,0.2847,10466.0,0.285,2000.0,0.2851,2107.0
1753592269439,04:57:49.439,phemex,1INCH/USDT:USDT,0.2848,3101.0,0.2847,10466.0,0.285,2000.0,0.2851,2107.0
1753592271095,04:57:51.095,phemex,1INCH/USDT:USDT,0.2848,3101.0,0.2847,10466.0,0.285,3543.0,0.2851,5264.0
1753592273765,04:57:53.765,phemex,1INCH/USDT:USDT,0.2848,3101.0,0.2847,10466.0,0.285,3543.0,0.2851,5264.0
1753592273775,04:57:53.775,phemex,1INCH/USDT:USDT,0.2848,3101.0,0.2847,10466.0,0.285,3543.0,0.2851,5264.0
1753592276899,04:57:56.899,phemex,1INCH/USDT:USDT,0.2848,3091.0,0.2847,10466.0,0.285,3543.0,0.2851,5264.0
1753592278571,04:57:58.571,phemex,1INCH/USDT:USDT,0.2848,3091.0,0.2847,10466.0,0.285,3543.0,0.2851,5264.0
1753592283363,04:58:03.363,phemex,1INCH/USDT:USDT,0.2848,3091.0,0.2847,10466.0,0.285,3543.0,0.2851,5264.0
1753592283464,04:58:03.464,phemex,1INCH/USDT:USDT,0.2848,3091.0,0.2847,10466.0,0.285,3543.0,0.2851,5264.0
1753592291698,04:58:11.698,phemex,1INCH/USDT:USDT,0.2848,3083.0,0.2847,10466.0,0.285,3543.0,0.2851,5264.0
1753592293799,04:58:13.799,phemex,1INCH/USDT:USDT,0.2848,3059.0,0.2847,10466.0,0.285,3543.0,0.2851,5264.0
1753592299487,04:58:19.487,phemex,1INCH/USDT:USDT,0.2848,3059.0,0.2847,10466.0,0.285,3543.0,0.2851,5264.0
1753592299495,04:58:19.495,phemex,1INCH/USDT:USDT,0.2848,3059.0,0.2847,10466.0,0.285,3543.0,0.2851,5264.0
1753592305886,04:58:25.886,phemex,1INCH/USDT:USDT,0.2848,3059.0,0.2847,4250.0,0.285,3543.0,0.2851,5264.0
1753592305893,04:58:25.893,phemex,1INCH/USDT:USDT,0.2848,3059.0,0.2847,4250.0,0.285,3543.0,0.2851,5264.0
1753592306011,04:58:26.011,phemex,1INCH/USDT:USDT,0.2848,3059.0,0.2847,4250.0,0.285,3543.0,0.2851,5264.0
1753592306011,04:58:26.011,phemex,1INCH/USDT:USDT,0.2848,3059.0,0.2847,4250.0,0.285,3543.0,0.2851,5264.0
1753592310172,04:58:30.172,phemex,1INCH/USDT:USDT,0.2848,3059.0,0.2847,4250.0,0.285,3543.0,0.2851,5264.0
1753592315038,04:58:35.038,phemex,1INCH/USDT:USDT,0.2848,3039.0,0.2847,4250.0,0.285,3543.0,0.2851,5264.0
1753592317927,04:58:37.927,phemex,1INCH/USDT:USDT,0.2848,3019.0,0.2847,4250.0,0.285,3543.0,0.2851,5264.0
1753592320239,04:58:40.239,phemex,1INCH/USDT:USDT,0.2848,6752.0,0.2847,9434.0,0.285,2000.0,0.2851,2107.0
1753592320465,04:58:40.465,phemex,1INCH/USDT:USDT,0.2848,6752.0,0.2847,9434.0,0.285,2000.0,0.2851,2107.0
1753592320549,04:58:40.549,phemex,1INCH/USDT:USDT,0.2848,6752.0,0.2847,9434.0,0.285,2000.0,0.2851,2107.0
1753592320584,04:58:40.584,phemex,1INCH/USDT:USDT,0.2848,6752.0,0.2847,7434.0,0.285,2000.0,0.2851,2107.0
1753592320724,04:58:40.724,phemex,1INCH/USDT:USDT,0.2848,6752.0,0.2847,13647.0,0.285,2000.0,0.2851,2107.0
1753592321617,04:58:41.617,phemex,1INCH/USDT:USDT,0.2848,6752.0,0.2847,13647.0,0.2851,2107.0,0.2852,6219.0
1753592323399,04:58:43.399,phemex,1INCH/USDT:USDT,0.2848,6752.0,0.2847,13647.0,0.2851,2037.0,0.2852,6219.0
1753592325794,04:58:45.794,phemex,1INCH/USDT:USDT,0.2848,6727.0,0.2847,13647.0,0.2851,2037.0,0.2852,6219.0
1753592325876,04:58:45.876,phemex,1INCH/USDT:USDT,0.2848,6727.0,0.2847,13647.0,0.2851,2037.0,0.2852,6219.0
1753592326400,04:58:46.400,phemex,1INCH/USDT:USDT,0.285,4078.0,0.2849,4219.0,0.2851,3972.0,0.2852,6219.0
1753592330203,04:58:50.203,phemex,1INCH/USDT:USDT,0.285,4078.0,0.2849,4219.0,0.2851,3972.0,0.2854,19919.0
1753592330215,04:58:50.215,phemex,1INCH/USDT:USDT,0.285,4078.0,0.2849,4219.0,0.2851,3972.0,0.2854,19919.0
1753592330370,04:58:50.370,phemex,1INCH/USDT:USDT,0.285,4078.0,0.2849,4219.0,0.2851,3972.0,0.2854,19919.0
1753592334153,04:58:54.153,phemex,1INCH/USDT:USDT,0.285,4043.0,0.2849,4219.0,0.2851,3972.0,0.2854,19919.0
1753592335171,04:58:55.171,phemex,1INCH/USDT:USDT,0.285,4043.0,0.2849,4219.0,0.2851,3972.0,0.2854,19919.0
1753592337181,04:58:57.181,phemex,1INCH/USDT:USDT,0.285,4043.0,0.2849,10429.0,0.2851,3972.0,0.2854,19919.0
1753592337375,04:58:57.375,phemex,1INCH/USDT:USDT,0.285,4043.0,0.2849,10429.0,0.2851,3962.0,0.2854,19919.0
1753592339890,04:58:59.890,phemex,1INCH/USDT:USDT,0.285,6392.0,0.2849,6210.0,0.2853,4260.0,0.2854,7971.0
1753592339922,04:58:59.922,phemex,1INCH/USDT:USDT,0.2851,1750.0,0.285,2349.0,0.2853,4260.0,0.2855,34366.0
1753592340993,04:59:00.993,phemex,1INCH/USDT:USDT,0.2851,1750.0,0.285,2349.0,0.2853,4260.0,0.2855,6211.0
1753592341092,04:59:01.092,phemex,1INCH/USDT:USDT,0.2851,1750.0,0.285,2349.0,0.2853,4260.0,0.2855,6211.0
1753592341101,04:59:01.101,phemex,1INCH/USDT:USDT,0.2851,1750.0,0.285,2349.0,0.2853,4260.0,0.2855,6211.0
1753592344583,04:59:04.583,phemex,1INCH/USDT:USDT,0.2851,1580.0,0.285,2349.0,0.2853,4260.0,0.2855,6211.0
1753592344969,04:59:04.969,phemex,1INCH/USDT:USDT,0.2851,3084.0,0.285,2349.0,0.2853,4260.0,0.2855,6211.0
1753592345565,04:59:05.565,phemex,1INCH/USDT:USDT,0.2851,3084.0,0.285,2349.0,0.2853,4260.0,0.2855,6211.0
1753592345572,04:59:05.572,phemex,1INCH/USDT:USDT,0.2851,3084.0,0.285,2349.0,0.2853,4260.0,0.2855,6211.0
1753592346711,04:59:06.711,phemex,1INCH/USDT:USDT,0.2851,3084.0,0.285,2349.0,0.2853,4217.0,0.2855,6211.0
1753592348358,04:59:08.358,phemex,1INCH/USDT:USDT,0.2851,3084.0,0.285,2349.0,0.2853,4217.0,0.2854,2413.0
1753592348360,04:59:08.360,phemex,1INCH/USDT:USDT,0.2851,3084.0,0.285,2349.0,0.2853,4217.0,0.2854,4269.0
1753592349534,04:59:09.534,phemex,1INCH/USDT:USDT,0.2852,1502.0,0.2851,3084.0,0.2853,4217.0,0.2854,4269.0
1753592350374,04:59:10.374,phemex,1INCH/USDT:USDT,0.2852,1502.0,0.2851,3084.0,0.2853,4217.0,0.2854,4269.0
1753592350651,04:59:10.651,phemex,1INCH/USDT:USDT,0.2852,3251.0,0.2851,3084.0,0.2853,4217.0,0.2854,4269.0
1753592350665,04:59:10.665,phemex,1INCH/USDT:USDT,0.2849,25432.0,0.2848,19624.0,0.2853,4217.0,0.2854,4269.0
1753592351249,04:59:11.249,phemex,1INCH/USDT:USDT,0.285,2000.0,0.2849,25432.0,0.2853,4202.0,0.2854,4269.0
1753592354988,04:59:14.988,phemex,1INCH/USDT:USDT,0.285,2000.0,0.2849,25432.0,0.2853,4202.0,0.2854,4269.0
1753592355164,04:59:15.164,phemex,1INCH/USDT:USDT,0.285,2000.0,0.2849,25432.0,0.2853,4202.0,0.2854,4269.0
1753592355174,04:59:15.174,phemex,1INCH/USDT:USDT,0.285,2000.0,0.2849,25432.0,0.2853,4202.0,0.2854,4269.0
1753592356177,04:59:16.177,phemex,1INCH/USDT:USDT,0.2851,6840.0,0.285,3714.0,0.2854,4269.0,0.2855,6211.0
1753592356202,04:59:16.202,phemex,1INCH/USDT:USDT,0.2851,6840.0,0.285,1714.0,0.2854,4269.0,0.2855,6211.0
1753592359965,04:59:19.965,phemex,1INCH/USDT:USDT,0.2851,6840.0,0.285,1714.0,0.2854,4269.0,0.2855,6211.0
1753592359986,04:59:19.986,phemex,1INCH/USDT:USDT,0.2851,6840.0,0.285,1714.0,0.2854,4269.0,0.2855,6211.0
1753592360804,04:59:20.804,phemex,1INCH/USDT:USDT,0.2851,6834.0,0.285,1714.0,0.2854,4269.0,0.2855,6211.0
1753592360818,04:59:20.818,phemex,1INCH/USDT:USDT,0.2851,6834.0,0.285,1714.0,0.2854,6269.0,0.2855,6211.0
1753592361796,04:59:21.796,phemex,1INCH/USDT:USDT,0.2852,2999.0,0.2851,2361.0,0.2854,8563.0,0.2855,8031.0
1753592366492,04:59:26.492,phemex,1INCH/USDT:USDT,0.2852,2999.0,0.2851,2361.0,0.2854,8563.0,0.2855,8031.0
1753592366492,04:59:26.492,phemex,1INCH/USDT:USDT,0.2852,2999.0,0.2851,2361.0,0.2854,8563.0,0.2855,8031.0
1753592370531,04:59:30.531,phemex,1INCH/USDT:USDT,0.2852,2999.0,0.2851,2361.0,0.2854,8538.0,0.2855,8031.0
1753592370967,04:59:30.967,phemex,1INCH/USDT:USDT,0.2852,2999.0,0.2851,2361.0,0.2854,8538.0,0.2855,8031.0
1753592370975,04:59:30.975,phemex,1INCH/USDT:USDT,0.2852,2999.0,0.2851,2361.0,0.2854,8538.0,0.2855,8031.0
1753592380137,04:59:40.137,phemex,1INCH/USDT:USDT,0.2852,2999.0,0.2851,2361.0,0.2854,6538.0,0.2855,8031.0
1753592381874,04:59:41.874,phemex,1INCH/USDT:USDT,0.2853,4577.0,0.2852,2999.0,0.2855,8031.0,0.2857,29103.0
1753592385432,04:59:45.432,phemex,1INCH/USDT:USDT,0.2853,4557.0,0.2852,2999.0,0.2855,8031.0,0.2857,29103.0
1753592386441,04:59:46.441,phemex,1INCH/USDT:USDT,0.2853,2196.0,0.285,34214.0,0.2855,8031.0,0.2857,29103.0
1753592386441,04:59:46.441,phemex,1INCH/USDT:USDT,0.2851,1812.0,0.285,11332.0,0.2855,8031.0,0.2857,29103.0
1753592386497,04:59:46.497,phemex,1INCH/USDT:USDT,0.2851,3812.0,0.285,11332.0,0.2855,8031.0,0.2857,29103.0
1753592386948,04:59:46.948,phemex,1INCH/USDT:USDT,0.2851,3812.0,0.285,11332.0,0.2854,1576.0,0.2855,11903.0
1753592389804,04:59:49.804,phemex,1INCH/USDT:USDT,0.2851,3812.0,0.285,11332.0,0.2854,3576.0,0.2855,11903.0
1753592391397,04:59:51.397,phemex,1INCH/USDT:USDT,0.2851,3812.0,0.285,11332.0,0.2854,3576.0,0.2855,11903.0
1753592401799,05:00:01.799,phemex,1INCH/USDT:USDT,0.2852,4863.0,0.2851,5750.0,0.2854,2000.0,0.2855,7888.0
1753592401824,05:00:01.824,phemex,1INCH/USDT:USDT,0.2852,4863.0,0.2851,3750.0,0.2854,2000.0,0.2855,7888.0
1753592402087,05:00:02.087,phemex,1INCH/USDT:USDT,0.2852,4863.0,0.2851,3750.0,0.2854,2000.0,0.2855,7888.0
1753592405774,05:00:05.774,phemex,1INCH/USDT:USDT,0.2852,4863.0,0.2851,3750.0,0.2854,2000.0,0.2855,7888.0
1753592407056,05:00:07.056,phemex,1INCH/USDT:USDT,0.2852,4863.0,0.2851,1833.0,0.2853,5692.0,0.2854,2000.0
1753592408035,05:00:08.035,phemex,1INCH/USDT:USDT,0.2852,4843.0,0.2851,1833.0,0.2853,5692.0,0.2854,2000.0
1753592421503,05:00:21.503,phemex,1INCH/USDT:USDT,0.2852,4843.0,0.2851,1833.0,0.2853,5600.0,0.2854,2000.0
1753592421503,05:00:21.503,phemex,1INCH/USDT:USDT,0.2852,4843.0,0.2851,1833.0,0.2853,5600.0,0.2854,2000.0
1753592429070,05:00:29.070,phemex,1INCH/USDT:USDT,0.2852,4843.0,0.2851,1833.0,0.2853,5600.0,0.2855,7888.0
1753592429655,05:00:29.655,phemex,1INCH/USDT:USDT,0.2852,4843.0,0.2851,1833.0,0.2853,5600.0,0.2855,7888.0
1753592429801,05:00:29.801,phemex,1INCH/USDT:USDT,0.2852,4843.0,0.2851,1833.0,0.2853,5600.0,0.2855,7888.0
1753592433751,05:00:33.751,phemex,1INCH/USDT:USDT,0.2852,4843.0,0.2851,1833.0,0.2853,5359.0,0.2855,7888.0
1753592442216,05:00:42.216,phemex,1INCH/USDT:USDT,0.2852,4776.0,0.2851,1833.0,0.2853,5359.0,0.2855,7888.0
1753592456638,05:00:56.638,phemex,1INCH/USDT:USDT,0.2852,4757.0,0.2851,1833.0,0.2853,5359.0,0.2855,7888.0
1753592463134,05:01:03.134,phemex,1INCH/USDT:USDT,0.2852,4728.0,0.2851,1833.0,0.2853,5359.0,0.2855,7888.0
1753592467457,05:01:07.457,phemex,1INCH/USDT:USDT,0.2852,1565.0,0.2851,3790.0,0.2853,3193.0,0.2855,7888.0
1753592478809,05:01:18.809,phemex,1INCH/USDT:USDT,0.2852,3726.0,0.2851,3790.0,0.2853,1711.0,0.2854,2441.0
1753592478811,05:01:18.811,phemex,1INCH/USDT:USDT,0.2852,3726.0,0.2851,3790.0,0.2854,2441.0,0.2855,7888.0
1753592478843,05:01:18.843,phemex,1INCH/USDT:USDT,0.2853,2515.0,0.2852,3726.0,0.2854,2441.0,0.2855,7888.0
1753592479066,05:01:19.066,phemex,1INCH/USDT:USDT,0.2853,2515.0,0.2852,3726.0,0.2854,2441.0,0.2855,1677.0
1753592479158,05:01:19.158,phemex,1INCH/USDT:USDT,0.2853,2515.0,0.2852,3726.0,0.2854,2441.0,0.2855,1677.0
1753592479167,05:01:19.167,phemex,1INCH/USDT:USDT,0.2853,2515.0,0.2852,3726.0,0.2854,2441.0,0.2855,1677.0
1753592484537,05:01:24.537,phemex,1INCH/USDT:USDT,0.2853,3925.0,0.2852,3726.0,0.2854,2441.0,0.2855,1677.0
1753592485366,05:01:25.366,phemex,1INCH/USDT:USDT,0.2853,3425.0,0.2852,3726.0,0.2854,2441.0,0.2855,1677.0
1753592485366,05:01:25.366,phemex,1INCH/USDT:USDT,0.2853,3425.0,0.2852,3726.0,0.2854,2441.0,0.2855,1677.0
1753592490408,05:01:30.408,phemex,1INCH/USDT:USDT,0.2853,3425.0,0.2852,3726.0,0.2854,2441.0,0.2855,1677.0
1753592497452,05:01:37.452,phemex,1INCH/USDT:USDT,0.2853,3425.0,0.2852,3726.0,0.2854,2421.0,0.2855,1677.0
1753592499029,05:01:39.029,phemex,1INCH/USDT:USDT,0.2853,3425.0,0.2852,3726.0,0.2855,7198.0,0.2858,21958.0
1753592499029,05:01:39.029,phemex,1INCH/USDT:USDT,0.2853,3425.0,0.2852,3726.0,0.2855,7198.0,0.2858,6196.0
1753592499065,05:01:39.065,phemex,1INCH/USDT:USDT,0.2854,1419.0,0.2853,5953.0,0.2855,7198.0,0.2858,6196.0
1753592499096,05:01:39.096,phemex,1INCH/USDT:USDT,0.2851,19103.0,0.285,18505.0,0.2855,7198.0,0.2858,6196.0
1753592499198,05:01:39.198,phemex,1INCH/USDT:USDT,0.2851,19804.0,0.285,18505.0,0.2855,7198.0,0.2858,6196.0
1753592499355,05:01:39.355,phemex,1INCH/USDT:USDT,0.2851,13610.0,0.285,18505.0,0.2855,7198.0,0.2858,6196.0
1753592499460,05:01:39.460,phemex,1INCH/USDT:USDT,0.2852,6197.0,0.2851,13610.0,0.2855,7198.0,0.2858,6196.0
1753592499523,05:01:39.523,phemex,1INCH/USDT:USDT,0.2853,2000.0,0.2852,8197.0,0.2855,7198.0,0.2858,6196.0
1753592499547,05:01:39.547,phemex,1INCH/USDT:USDT,0.2853,2000.0,0.2852,6197.0,0.2855,7198.0,0.2858,6196.0
1753592502862,05:01:42.862,phemex,1INCH/USDT:USDT,0.2853,2000.0,0.2852,6197.0,0.2855,7198.0,0.2858,6196.0
1753592502950,05:01:42.950,phemex,1INCH/USDT:USDT,0.2853,2000.0,0.2852,6197.0,0.2855,7198.0,0.2858,6196.0
1753592504177,05:01:44.177,phemex,1INCH/USDT:USDT,0.2854,3988.0,0.2853,5483.0,0.2855,7198.0,0.2858,6196.0
1753592504876,05:01:44.876,phemex,1INCH/USDT:USDT,0.2854,3988.0,0.2853,5483.0,0.2855,7116.0,0.2858,6196.0
1753592507567,05:01:47.567,phemex,1INCH/USDT:USDT,0.2854,3988.0,0.2853,5483.0,0.2855,7116.0,0.2858,6196.0
1753592507574,05:01:47.574,phemex,1INCH/USDT:USDT,0.2854,3988.0,0.2853,5483.0,0.2855,7116.0,0.2858,6196.0
1753592508154,05:01:48.154,phemex,1INCH/USDT:USDT,0.2854,3988.0,0.2853,5483.0,0.2856,7168.0,0.2858,6196.0
1753592509196,05:01:49.196,phemex,1INCH/USDT:USDT,0.2855,3482.0,0.2854,3988.0,0.2856,7168.0,0.2858,6196.0
1753592509219,05:01:49.219,phemex,1INCH/USDT:USDT,0.2855,3482.0,0.2854,3988.0,0.2856,7168.0,0.2858,6196.0
1753592509949,05:01:49.949,phemex,1INCH/USDT:USDT,0.2852,17025.0,0.2851,34062.0,0.2856,7168.0,0.2858,6196.0
1753592510777,05:01:50.777,phemex,1INCH/USDT:USDT,0.2853,1888.0,0.2852,10548.0,0.2856,7168.0,0.2858,6196.0
1753592511448,05:01:51.448,phemex,1INCH/USDT:USDT,0.2852,8281.0,0.2851,2583.0,0.2855,2000.0,0.2856,7168.0
1753592512039,05:01:52.039,phemex,1INCH/USDT:USDT,0.2852,8281.0,0.2851,1882.0,0.2855,2000.0,0.2856,7168.0
1753592512381,05:01:52.381,phemex,1INCH/USDT:USDT,0.2852,8281.0,0.2851,1882.0,0.2855,2000.0,0.2856,7168.0
1753592513213,05:01:53.213,phemex,1INCH/USDT:USDT,0.2852,8281.0,0.2851,1882.0,0.2855,4519.0,0.2856,1629.0
1753592515918,05:01:55.918,phemex,1INCH/USDT:USDT,0.2852,6197.0,0.2851,1882.0,0.2855,4519.0,0.2856,1629.0
1753592515919,05:01:55.919,phemex,1INCH/USDT:USDT,0.2852,6197.0,0.2851,1882.0,0.2855,4519.0,0.2856,1629.0
1753592515977,05:01:55.977,phemex,1INCH/USDT:USDT,0.2852,6197.0,0.2851,1882.0,0.2855,5219.0,0.2856,1629.0
1753592516217,05:01:56.217,phemex,1INCH/USDT:USDT,0.2851,1882.0,0.2849,21097.0,0.2855,5219.0,0.2856,1629.0
1753592517170,05:01:57.170,phemex,1INCH/USDT:USDT,0.2851,1882.0,0.2849,21097.0,0.2855,5219.0,0.2856,1629.0
1753592517176,05:01:57.176,phemex,1INCH/USDT:USDT,0.2851,1882.0,0.2849,21097.0,0.2855,5219.0,0.2856,1629.0
1753592518586,05:01:58.586,phemex,1INCH/USDT:USDT,0.2851,1072.0,0.2849,21097.0,0.2855,5219.0,0.2856,1629.0
1753592518871,05:01:58.871,phemex,1INCH/USDT:USDT,0.2851,1072.0,0.2849,21097.0,0.2853,2560.0,0.2854,1928.0
1753592520936,05:02:00.936,phemex,1INCH/USDT:USDT,0.2852,4228.0,0.2851,3687.0,0.2853,2560.0,0.2854,1928.0
1753592521910,05:02:01.910,phemex,1INCH/USDT:USDT,0.2851,4457.0,0.2849,14032.0,0.2853,2560.0,0.2854,1928.0
1753592522230,05:02:02.230,phemex,1INCH/USDT:USDT,0.2851,4457.0,0.2849,14032.0,0.2853,2560.0,0.2854,1928.0
1753592522311,05:02:02.311,phemex,1INCH/USDT:USDT,0.2851,4457.0,0.2849,14032.0,0.2853,3860.0,0.2854,1928.0
1753592522939,05:02:02.939,phemex,1INCH/USDT:USDT,0.2851,4457.0,0.2849,14032.0,0.2853,3860.0,0.2854,1928.0
1753592524831,05:02:04.831,phemex,1INCH/USDT:USDT,0.2851,4457.0,0.2849,14032.0,0.2852,2391.0,0.2853,5945.0
1753592524842,05:02:04.842,phemex,1INCH/USDT:USDT,0.2851,4457.0,0.2849,14032.0,0.2852,2391.0,0.2853,5945.0
1753592526794,05:02:06.794,phemex,1INCH/USDT:USDT,0.2851,4457.0,0.2849,14032.0,0.2852,2391.0,0.2853,5945.0
1753592530003,05:02:10.003,phemex,1INCH/USDT:USDT,0.2851,4457.0,0.2849,7782.0,0.2852,2391.0,0.2853,5945.0
1753592530135,05:02:10.135,phemex,1INCH/USDT:USDT,0.2851,4457.0,0.2849,7782.0,0.2852,2391.0,0.2853,5945.0
1753592531742,05:02:11.742,phemex,1INCH/USDT:USDT,0.285,2306.0,0.2849,4558.0,0.2852,2391.0,0.2853,5945.0
1753592532198,05:02:12.198,phemex,1INCH/USDT:USDT,0.285,2306.0,0.2849,4558.0,0.2852,4391.0,0.2853,5945.0
1753592532990,05:02:12.990,phemex,1INCH/USDT:USDT,0.285,2306.0,0.2849,4558.0,0.2852,4391.0,0.2853,5945.0
1753592533187,05:02:13.187,phemex,1INCH/USDT:USDT,0.285,2306.0,0.2849,4558.0,0.2852,4391.0,0.2853,3945.0
1753592533898,05:02:13.898,phemex,1INCH/USDT:USDT,0.285,2306.0,0.2849,4558.0,0.2852,4360.0,0.2853,3945.0
1753592534692,05:02:14.692,phemex,1INCH/USDT:USDT,0.2849,1929.0,0.2848,6289.0,0.2852,4360.0,0.2853,3945.0
1753592534827,05:02:14.827,phemex,1INCH/USDT:USDT,0.2849,1919.0,0.2848,6289.0,0.2851,2000.0,0.2852,4360.0
1753592536804,05:02:16.804,phemex,1INCH/USDT:USDT,0.2849,1919.0,0.2848,6289.0,0.2851,2000.0,0.2852,11870.0
1753592537792,05:02:17.792,phemex,1INCH/USDT:USDT,0.2849,1919.0,0.2848,6289.0,0.2851,2000.0,0.2852,11870.0
1753592538601,05:02:18.601,phemex,1INCH/USDT:USDT,0.2849,1909.0,0.2848,6289.0,0.2851,2000.0,0.2852,11870.0
1753592541796,05:02:21.796,phemex,1INCH/USDT:USDT,0.2849,1909.0,0.2848,6289.0,0.2851,2000.0,0.2852,6875.0
1753592541797,05:02:21.797,phemex,1INCH/USDT:USDT,0.2849,3343.0,0.2848,10245.0,0.2851,2000.0,0.2852,2000.0
1753592541854,05:02:21.854,phemex,1INCH/USDT:USDT,0.2849,1434.0,0.2848,10245.0,0.2851,2000.0,0.2852,2000.0
1753592541855,05:02:21.855,phemex,1INCH/USDT:USDT,0.2848,11669.0,0.2847,10933.0,0.2851,2000.0,0.2852,2000.0
1753592542087,05:02:22.087,phemex,1INCH/USDT:USDT,0.2848,11669.0,0.2847,10933.0,0.2854,24049.0,0.2855,26271.0
1753592542107,05:02:22.107,phemex,1INCH/USDT:USDT,0.2848,11669.0,0.2847,10933.0,0.2853,701.0,0.2854,24049.0
1753592542215,05:02:22.215,phemex,1INCH/USDT:USDT,0.2848,11669.0,0.2847,10933.0,0.2853,2701.0,0.2854,24049.0
1753592542592,05:02:22.592,phemex,1INCH/USDT:USDT,0.2848,11669.0,0.2847,10933.0,0.2853,2701.0,0.2854,24049.0
1753592543076,05:02:23.076,phemex,1INCH/USDT:USDT,0.2849,2000.0,0.2848,11669.0,0.2852,2000.0,0.2853,2701.0
1753592546798,05:02:26.798,phemex,1INCH/USDT:USDT,0.2849,2000.0,0.2848,9453.0,0.285,2173.0,0.2851,2420.0
1753592546819,05:02:26.819,phemex,1INCH/USDT:USDT,0.2848,9453.0,0.2847,10933.0,0.285,2173.0,0.2851,2420.0
1753592547381,05:02:27.381,phemex,1INCH/USDT:USDT,0.2848,9453.0,0.2847,10933.0,0.285,2173.0,0.2851,2420.0
1753592547389,05:02:27.389,phemex,1INCH/USDT:USDT,0.2848,9453.0,0.2847,10933.0,0.285,2173.0,0.2851,2420.0
1753592547516,05:02:27.516,phemex,1INCH/USDT:USDT,0.2848,9453.0,0.2847,10933.0,0.285,2073.0,0.2851,2420.0
1753592547516,05:02:27.516,phemex,1INCH/USDT:USDT,0.2848,9453.0,0.2847,10933.0,0.285,2073.0,0.2851,2420.0
1753592552805,05:02:32.805,phemex,1INCH/USDT:USDT,0.2848,9453.0,0.2847,10933.0,0.285,2073.0,0.2851,2420.0
1753592553690,05:02:33.690,phemex,1INCH/USDT:USDT,0.2849,3994.0,0.2848,9453.0,0.2851,2420.0,0.2852,6455.0
1753592556882,05:02:36.882,phemex,1INCH/USDT:USDT,0.2849,3968.0,0.2848,9453.0,0.2851,2420.0,0.2852,6455.0
1753592557382,05:02:37.382,phemex,1INCH/USDT:USDT,0.2849,3968.0,0.2848,9453.0,0.2851,2420.0,0.2852,6455.0
1753592557436,05:02:37.436,phemex,1INCH/USDT:USDT,0.2849,3968.0,0.2848,9453.0,0.2851,2420.0,0.2852,6455.0
1753592559330,05:02:39.330,phemex,1INCH/USDT:USDT,0.285,2108.0,0.2849,5636.0,0.2851,2420.0,0.2852,7903.0
1753592560894,05:02:40.894,phemex,1INCH/USDT:USDT,0.285,1938.0,0.2849,5636.0,0.2851,2420.0,0.2852,7903.0
1753592562127,05:02:42.127,phemex,1INCH/USDT:USDT,0.285,1938.0,0.2849,5636.0,0.2851,2405.0,0.2852,7903.0
1753592562183,05:02:42.183,phemex,1INCH/USDT:USDT,0.285,1938.0,0.2849,5636.0,0.2851,2405.0,0.2852,7903.0
1753592562404,05:02:42.404,phemex,1INCH/USDT:USDT,0.285,1938.0,0.2849,5636.0,0.2851,2405.0,0.2852,7903.0
1753592563605,05:02:43.605,phemex,1INCH/USDT:USDT,0.2848,6289.0,0.2847,23788.0,0.2851,2405.0,0.2852,7903.0
1753592563642,05:02:43.642,phemex,1INCH/USDT:USDT,0.2848,6289.0,0.2847,23788.0,0.2851,2405.0,0.2852,7903.0
1753592563768,05:02:43.768,phemex,1INCH/USDT:USDT,0.2848,6289.0,0.2847,23788.0,0.2851,2365.0,0.2852,7903.0
1753592563842,05:02:43.842,phemex,1INCH/USDT:USDT,0.2848,6289.0,0.2847,23788.0,0.2851,4365.0,0.2852,7903.0
1753592566147,05:02:46.147,phemex,1INCH/USDT:USDT,0.2848,6289.0,0.2847,23788.0,0.285,1509.0,0.2851,4365.0
1753592566982,05:02:46.982,phemex,1INCH/USDT:USDT,0.2848,6289.0,0.2847,23788.0,0.285,1509.0,0.2851,4365.0
1753592566989,05:02:46.989,phemex,1INCH/USDT:USDT,0.2848,6289.0,0.2847,23788.0,0.285,1509.0,0.2851,4365.0
1753592571782,05:02:51.782,phemex,1INCH/USDT:USDT,0.2848,6289.0,0.2847,23788.0,0.285,1509.0,0.2851,4365.0
1753592571929,05:02:51.929,phemex,1INCH/USDT:USDT,0.2848,6289.0,0.2847,23788.0,0.285,1509.0,0.2851,4365.0
1753592572947,05:02:52.947,phemex,1INCH/USDT:USDT,0.2848,6289.0,0.2847,23788.0,0.285,1503.0,0.2851,4365.0
1753592576592,05:02:56.592,phemex,1INCH/USDT:USDT,0.2848,6289.0,0.2847,23788.0,0.285,1503.0,0.2851,4365.0
1753592577176,05:02:57.176,phemex,1INCH/USDT:USDT,0.2845,7836.0,0.2844,12896.0,0.2849,1778.0,0.285,1503.0
1753592577348,05:02:57.348,phemex,1INCH/USDT:USDT,0.2845,14100.0,0.2844,12896.0,0.2849,1778.0,0.285,1503.0
1753592577688,05:02:57.688,phemex,1INCH/USDT:USDT,0.2846,2000.0,0.2845,14100.0,0.2849,3778.0,0.285,1503.0
1753592578674,05:02:58.674,phemex,1INCH/USDT:USDT,0.2846,2000.0,0.2845,14100.0,0.2849,3778.0,0.285,1503.0
1753592581165,05:03:01.165,phemex,1INCH/USDT:USDT,0.2846,2000.0,0.2845,14100.0,0.2849,1778.0,0.285,1503.0
1753592581391,05:03:01.391,phemex,1INCH/USDT:USDT,0.2846,2000.0,0.2845,14100.0,0.2849,1778.0,0.285,1503.0
1753592582645,05:03:02.645,phemex,1INCH/USDT:USDT,0.2847,5268.0,0.2846,3737.0,0.285,1503.0,0.2851,6664.0
1753592582645,05:03:02.645,phemex,1INCH/USDT:USDT,0.2847,5268.0,0.2846,3737.0,0.285,1503.0,0.2852,17721.0
1753592583034,05:03:03.034,phemex,1INCH/USDT:USDT,0.2847,4838.0,0.2846,3737.0,0.285,1503.0,0.2852,17721.0
1753592583043,05:03:03.043,phemex,1INCH/USDT:USDT,0.2847,4838.0,0.2846,3737.0,0.285,3503.0,0.2852,17721.0
1753592586184,05:03:06.184,phemex,1INCH/USDT:USDT,0.2847,4838.0,0.2846,3737.0,0.285,3503.0,0.2852,17721.0
1753592586191,05:03:06.191,phemex,1INCH/USDT:USDT,0.2847,4838.0,0.2846,3737.0,0.285,3503.0,0.2852,17721.0
1753592588012,05:03:08.012,phemex,1INCH/USDT:USDT,0.2847,4838.0,0.2846,3737.0,0.2848,4792.0,0.285,5229.0
1753592588031,05:03:08.031,phemex,1INCH/USDT:USDT,0.2847,4838.0,0.2846,3737.0,0.2848,4792.0,0.285,3229.0
1753592589714,05:03:09.714,phemex,1INCH/USDT:USDT,0.2847,4838.0,0.2846,1737.0,0.2848,4792.0,0.285,3229.0
1753592590989,05:03:10.989,phemex,1INCH/USDT:USDT,0.2847,4838.0,0.2846,1737.0,0.2848,4792.0,0.285,3229.0
1753592591731,05:03:11.731,phemex,1INCH/USDT:USDT,0.2847,4508.0,0.2846,1737.0,0.2848,4792.0,0.285,3229.0
1753592600276,05:03:20.276,phemex,1INCH/USDT:USDT,0.2847,4508.0,0.2846,1737.0,0.2848,4592.0,0.285,3229.0
1753592604064,05:03:24.064,phemex,1INCH/USDT:USDT,0.2848,3838.0,0.2847,1515.0,0.285,3229.0,0.2852,35876.0
1753592604342,05:03:24.342,phemex,1INCH/USDT:USDT,0.2848,3838.0,0.2847,1515.0,0.285,3229.0,0.2852,35876.0
1753592604445,05:03:24.445,phemex,1INCH/USDT:USDT,0.2848,3838.0,0.2847,1515.0,0.285,3229.0,0.2852,35876.0
1753592604473,05:03:24.473,phemex,1INCH/USDT:USDT,0.2848,3838.0,0.2847,7781.0,0.285,3229.0,0.2852,35876.0
1753592605201,05:03:25.201,phemex,1INCH/USDT:USDT,0.2848,3518.0,0.2847,7781.0,0.285,3229.0,0.2852,35876.0
1753592607797,05:03:27.797,phemex,1INCH/USDT:USDT,0.2848,3518.0,0.2847,7781.0,0.285,3229.0,0.2852,35876.0
1753592607797,05:03:27.797,phemex,1INCH/USDT:USDT,0.2848,3518.0,0.2847,7781.0,0.285,3229.0,0.2852,35876.0
1753592609330,05:03:29.330,phemex,1INCH/USDT:USDT,0.2848,3518.0,0.2847,7781.0,0.285,5229.0,0.2852,35876.0
1753592610121,05:03:30.121,phemex,1INCH/USDT:USDT,0.2848,3468.0,0.2847,7781.0,0.285,5229.0,0.2852,35876.0
1753592611701,05:03:31.701,phemex,1INCH/USDT:USDT,0.2848,3433.0,0.2847,7781.0,0.285,5229.0,0.2852,35876.0
1753592612594,05:03:32.594,phemex,1INCH/USDT:USDT,0.2848,3433.0,0.2847,7781.0,0.285,5229.0,0.2852,35876.0
1753592617287,05:03:37.287,phemex,1INCH/USDT:USDT,0.2848,3411.0,0.2847,7781.0,0.285,5229.0,0.2852,35876.0
1753592625134,05:03:45.134,phemex,1INCH/USDT:USDT,0.2848,3411.0,0.2847,7781.0,0.285,5219.0,0.2852,35876.0
1753592626655,05:03:46.655,phemex,1INCH/USDT:USDT,0.2848,3411.0,0.2847,7781.0,0.285,5219.0,0.2852,35876.0
1753592627124,05:03:47.124,phemex,1INCH/USDT:USDT,0.2848,3401.0,0.2847,7781.0,0.285,5219.0,0.2852,35876.0
1753592629798,05:03:49.798,phemex,1INCH/USDT:USDT,0.2848,3401.0,0.2847,7781.0,0.285,5212.0,0.2852,35876.0
1753592630273,05:03:50.273,phemex,1INCH/USDT:USDT,0.2848,3401.0,0.2847,7781.0,0.285,5212.0,0.2852,35876.0
1753592630301,05:03:50.301,phemex,1INCH/USDT:USDT,0.2848,3401.0,0.2847,7781.0,0.285,3212.0,0.2852,35876.0
1753592638382,05:03:58.382,phemex,1INCH/USDT:USDT,0.2848,3401.0,0.2847,7781.0,0.285,3212.0,0.2852,35876.0
1753592638400,05:03:58.400,phemex,1INCH/USDT:USDT,0.2848,3401.0,0.2847,7781.0,0.285,3212.0,0.2852,35876.0
1753592650390,05:04:10.390,phemex,1INCH/USDT:USDT,0.2848,7612.0,0.2847,31751.0,0.285,3212.0,0.2853,29839.0
1753592650514,05:04:10.514,phemex,1INCH/USDT:USDT,0.2848,7612.0,0.2847,31751.0,0.285,3212.0,0.2853,29839.0
1753592650523,05:04:10.523,phemex,1INCH/USDT:USDT,0.2848,7612.0,0.2847,31751.0,0.285,3212.0,0.2853,29839.0
1753592654184,05:04:14.184,phemex,1INCH/USDT:USDT,0.2848,7612.0,0.2847,31751.0,0.285,3212.0,0.2853,29839.0
1753592654199,05:04:14.199,phemex,1INCH/USDT:USDT,0.2848,7612.0,0.2847,31751.0,0.285,3212.0,0.2853,29839.0
1753592654435,05:04:14.435,phemex,1INCH/USDT:USDT,0.2848,7582.0,0.2847,31751.0,0.285,3212.0,0.2853,29839.0
1753592661276,05:04:21.276,phemex,1INCH/USDT:USDT,0.2848,7582.0,0.2847,31751.0,0.285,3190.0,0.2853,29839.0
1753592664356,05:04:24.356,phemex,1INCH/USDT:USDT,0.2848,7582.0,0.2847,31751.0,0.285,3190.0,0.2853,29839.0
1753592664356,05:04:24.356,phemex,1INCH/USDT:USDT,0.2848,7582.0,0.2847,31751.0,0.285,3190.0,0.2853,29839.0
1753592672867,05:04:32.867,phemex,1INCH/USDT:USDT,0.2848,7562.0,0.2847,31751.0,0.285,3190.0,0.2853,29839.0
1753592674858,05:04:34.858,phemex,1INCH/USDT:USDT,0.2848,7562.0,0.2847,31751.0,0.285,3190.0,0.2853,29839.0
1753592693641,05:04:53.641,phemex,1INCH/USDT:USDT,0.2848,7542.0,0.2847,31751.0,0.285,3190.0,0.2853,29839.0
1753592695972,05:04:55.972,phemex,1INCH/USDT:USDT,0.2848,7542.0,0.2847,31751.0,0.285,3190.0,0.2853,29839.0
1753592701375,05:05:01.375,phemex,1INCH/USDT:USDT,0.2848,7542.0,0.2847,31751.0,0.285,3190.0,0.2853,29839.0
1753592701381,05:05:01.381,phemex,1INCH/USDT:USDT,0.2848,7542.0,0.2847,31751.0,0.285,3190.0,0.2853,29839.0
1753592705596,05:05:05.596,phemex,1INCH/USDT:USDT,0.2848,7542.0,0.2847,31751.0,0.285,3190.0,0.2853,29839.0
1753592707727,05:05:07.727,phemex,1INCH/USDT:USDT,0.2846,21348.0,0.2845,20949.0,0.285,4639.0,0.2851,2125.0
1753592707828,05:05:07.828,phemex,1INCH/USDT:USDT,0.2847,6228.0,0.2846,21348.0,0.285,4639.0,0.2851,2125.0
1753592708201,05:05:08.201,phemex,1INCH/USDT:USDT,0.2847,6228.0,0.2846,21348.0,0.285,4489.0,0.2851,2125.0
1753592710384,05:05:10.384,phemex,1INCH/USDT:USDT,0.2847,6228.0,0.2846,21348.0,0.285,4489.0,0.2851,2125.0
1753592710539,05:05:10.539,phemex,1INCH/USDT:USDT,0.2847,6228.0,0.2846,21348.0,0.285,4489.0,0.2851,2125.0
1753592710860,05:05:10.860,phemex,1INCH/USDT:USDT,0.2847,6228.0,0.2846,21348.0,0.285,4454.0,0.2851,2125.0
1753592715177,05:05:15.177,phemex,1INCH/USDT:USDT,0.2847,8228.0,0.2846,21348.0,0.285,4454.0,0.2851,2125.0
1753592715260,05:05:15.260,phemex,1INCH/USDT:USDT,0.2847,8228.0,0.2846,21348.0,0.285,4454.0,0.2851,2125.0
1753592715285,05:05:15.285,phemex,1INCH/USDT:USDT,0.2847,8228.0,0.2846,21348.0,0.285,4454.0,0.2851,2125.0
1753592722455,05:05:22.455,phemex,1INCH/USDT:USDT,0.2847,8228.0,0.2846,21348.0,0.285,4434.0,0.2851,2125.0
1753592726710,05:05:26.710,phemex,1INCH/USDT:USDT,0.2847,6228.0,0.2846,21348.0,0.285,4434.0,0.2851,2125.0
1753592727012,05:05:27.012,phemex,1INCH/USDT:USDT,0.2847,6228.0,0.2846,21348.0,0.285,6434.0,0.2851,2125.0
1753592727012,05:05:27.012,phemex,1INCH/USDT:USDT,0.2847,6228.0,0.2846,21348.0,0.285,6434.0,0.2851,2125.0
1753592736999,05:05:36.999,phemex,1INCH/USDT:USDT,0.2847,6228.0,0.2846,21348.0,0.285,6434.0,0.2851,2125.0
1753592738353,05:05:38.353,phemex,1INCH/USDT:USDT,0.2847,6228.0,0.2846,21348.0,0.285,6425.0,0.2851,2125.0
1753592740397,05:05:40.397,phemex,1INCH/USDT:USDT,0.2847,6228.0,0.2846,21348.0,0.285,6425.0,0.2851,2125.0
1753592741739,05:05:41.739,phemex,1INCH/USDT:USDT,0.2847,6228.0,0.2846,21348.0,0.285,4425.0,0.2851,2125.0
1753592745358,05:05:45.358,phemex,1INCH/USDT:USDT,0.2848,5740.0,0.2847,7740.0,0.2851,2125.0,0.2852,1899.0
1753592745473,05:05:45.473,phemex,1INCH/USDT:USDT,0.2848,5740.0,0.2847,7740.0,0.2851,2125.0,0.2852,1899.0
1753592745791,05:05:45.791,phemex,1INCH/USDT:USDT,0.2848,5740.0,0.2847,7740.0,0.2851,4125.0,0.2852,1899.0
1753592746888,05:05:46.888,phemex,1INCH/USDT:USDT,0.2848,5705.0,0.2847,7740.0,0.2851,4125.0,0.2852,1899.0
1753592749599,05:05:49.599,phemex,1INCH/USDT:USDT,0.2848,5675.0,0.2847,7740.0,0.2851,4125.0,0.2852,1899.0
1753592751068,05:05:51.068,phemex,1INCH/USDT:USDT,0.2849,2491.0,0.2848,4029.0,0.285,1602.0,0.2851,4125.0
1753592751182,05:05:51.182,phemex,1INCH/USDT:USDT,0.2849,2491.0,0.2848,4029.0,0.285,1602.0,0.2851,4125.0
1753592755443,05:05:55.443,phemex,1INCH/USDT:USDT,0.2849,2451.0,0.2848,4029.0,0.285,1602.0,0.2851,4125.0
1753592758142,05:05:58.142,phemex,1INCH/USDT:USDT,0.2849,2431.0,0.2848,4029.0,0.285,1602.0,0.2851,4125.0
1753592764296,05:06:04.296,phemex,1INCH/USDT:USDT,0.2849,2431.0,0.2848,4029.0,0.285,1602.0,0.2851,2125.0
1753592764661,05:06:04.661,phemex,1INCH/USDT:USDT,0.2849,2431.0,0.2848,4029.0,0.285,1602.0,0.2851,2125.0
1753592766637,05:06:06.637,phemex,1INCH/USDT:USDT,0.2849,2431.0,0.2848,6346.0,0.2853,6964.0,0.2854,32111.0
1753592766661,05:06:06.661,phemex,1INCH/USDT:USDT,0.2849,4380.0,0.2848,6346.0,0.2853,6964.0,0.2854,32111.0
1753592766661,05:06:06.661,phemex,1INCH/USDT:USDT,0.2849,4380.0,0.2848,16100.0,0.2853,6964.0,0.2854,32111.0
1753592767548,05:06:07.548,phemex,1INCH/USDT:USDT,0.2849,4380.0,0.2848,16100.0,0.2852,2000.0,0.2853,8964.0
1753592767570,05:06:07.570,phemex,1INCH/USDT:USDT,0.2849,4380.0,0.2848,16100.0,0.2852,2000.0,0.2853,6964.0
1753592769909,05:06:09.909,phemex,1INCH/USDT:USDT,0.2849,4380.0,0.2848,16100.0,0.2852,2000.0,0.2853,6964.0
1753592770512,05:06:10.512,phemex,1INCH/USDT:USDT,0.2849,6380.0,0.2848,16100.0,0.2852,2000.0,0.2853,6964.0
1753592771511,05:06:11.511,phemex,1INCH/USDT:USDT,0.2849,6344.0,0.2848,16100.0,0.2852,2000.0,0.2853,6964.0
1753592773509,05:06:13.509,phemex,1INCH/USDT:USDT,0.285,2157.0,0.2849,8922.0,0.2851,1656.0,0.2852,2000.0
1753592773574,05:06:13.574,phemex,1INCH/USDT:USDT,0.285,2157.0,0.2849,6922.0,0.2851,1656.0,0.2852,2000.0
1753592781371,05:06:21.371,phemex,1INCH/USDT:USDT,0.285,2157.0,0.2849,6922.0,0.2851,1616.0,0.2852,2000.0
1753592781743,05:06:21.743,phemex,1INCH/USDT:USDT,0.285,2157.0,0.2849,4772.0,0.2853,8928.0,0.2854,2279.0
1753592781752,05:06:21.752,phemex,1INCH/USDT:USDT,0.285,2157.0,0.2849,4772.0,0.2853,8227.0,0.2854,2279.0
1753592781771,05:06:21.771,phemex,1INCH/USDT:USDT,0.2851,1920.0,0.285,2157.0,0.2853,8227.0,0.2854,2279.0
1753592781868,05:06:21.868,phemex,1INCH/USDT:USDT,0.2851,1920.0,0.285,2157.0,0.2853,8227.0,0.2854,2279.0
1753592785393,05:06:25.393,phemex,1INCH/USDT:USDT,0.2851,1920.0,0.285,2157.0,0.2853,8227.0,0.2854,2279.0
1753592785400,05:06:25.400,phemex,1INCH/USDT:USDT,0.2851,1920.0,0.285,2157.0,0.2853,8227.0,0.2854,2279.0
1753592785400,05:06:25.400,phemex,1INCH/USDT:USDT,0.2851,1920.0,0.285,2157.0,0.2853,8227.0,0.2854,2279.0
1753592789773,05:06:29.773,phemex,1INCH/USDT:USDT,0.2851,1759.0,0.285,2157.0,0.2853,8227.0,0.2854,2279.0
1753592789817,05:06:29.817,phemex,1INCH/USDT:USDT,0.2851,4154.0,0.285,4589.0,0.2853,10184.0,0.2854,2279.0
1753592796113,05:06:36.113,phemex,1INCH/USDT:USDT,0.2851,4154.0,0.285,4589.0,0.2853,10184.0,0.2854,2279.0
1753592802581,05:06:42.581,phemex,1INCH/USDT:USDT,0.2851,4092.0,0.285,4589.0,0.2853,10184.0,0.2854,2279.0
1753592803254,05:06:43.254,phemex,1INCH/USDT:USDT,0.2848,31537.0,0.2847,15938.0,0.2853,12146.0,0.2854,2279.0
1753592803490,05:06:43.490,phemex,1INCH/USDT:USDT,0.2848,31537.0,0.2847,15938.0,0.2853,12146.0,0.2854,2279.0
1753592803583,05:06:43.583,phemex,1INCH/USDT:USDT,0.2848,31537.0,0.2847,15938.0,0.2853,12146.0,0.2854,2279.0
1753592803836,05:06:43.836,phemex,1INCH/USDT:USDT,0.2848,32239.0,0.2847,15938.0,0.2853,12146.0,0.2854,2279.0
1753592804134,05:06:44.134,phemex,1INCH/USDT:USDT,0.2849,2000.0,0.2848,32239.0,0.2853,12146.0,0.2854,2279.0
1753592807394,05:06:47.394,phemex,1INCH/USDT:USDT,0.2849,2000.0,0.2848,32239.0,0.2853,12146.0,0.2854,2279.0
1753592807400,05:06:47.400,phemex,1INCH/USDT:USDT,0.2849,2000.0,0.2848,32239.0,0.2853,12146.0,0.2854,2279.0
1753592808287,05:06:48.287,phemex,1INCH/USDT:USDT,0.2851,3849.0,0.285,3603.0,0.2853,10807.0,0.2854,2279.0
1753592808297,05:06:48.297,phemex,1INCH/USDT:USDT,0.2851,3849.0,0.285,3603.0,0.2853,10807.0,0.2854,2279.0
1753592811864,05:06:51.864,phemex,1INCH/USDT:USDT,0.2851,3699.0,0.285,3603.0,0.2853,10807.0,0.2854,2279.0
1753592812202,05:06:52.202,phemex,1INCH/USDT:USDT,0.2851,3699.0,0.285,3603.0,0.2853,10807.0,0.2854,2279.0
1753592814453,05:06:54.453,phemex,1INCH/USDT:USDT,0.2851,3662.0,0.285,3603.0,0.2853,10807.0,0.2854,2279.0
1753592816765,05:06:56.765,phemex,1INCH/USDT:USDT,0.2851,3662.0,0.285,3603.0,0.2853,4544.0,0.2854,2279.0
1753592817001,05:06:57.001,phemex,1INCH/USDT:USDT,0.2851,3662.0,0.285,3603.0,0.2853,4544.0,0.2854,2279.0
1753592820196,05:07:00.196,phemex,1INCH/USDT:USDT,0.2851,3662.0,0.285,3603.0,0.2853,4535.0,0.2854,2279.0
1753592826726,05:07:06.726,phemex,1INCH/USDT:USDT,0.2851,3662.0,0.285,3603.0,0.2853,4535.0,0.2854,2279.0
1753592839664,05:07:19.664,phemex,1INCH/USDT:USDT,0.2851,3662.0,0.285,3603.0,0.2853,4535.0,0.2854,2279.0
1753592841497,05:07:21.497,phemex,1INCH/USDT:USDT,0.2851,3642.0,0.285,3603.0,0.2853,4535.0,0.2854,2279.0
1753592846044,05:07:26.044,phemex,1INCH/USDT:USDT,0.2851,3642.0,0.285,3603.0,0.2853,4535.0,0.2854,2279.0
1753592846044,05:07:26.044,phemex,1INCH/USDT:USDT,0.2851,3642.0,0.285,3603.0,0.2853,4535.0,0.2854,2279.0
1753592850249,05:07:30.249,phemex,1INCH/USDT:USDT,0.2851,3642.0,0.285,3603.0,0.2853,4535.0,0.2854,2279.0
1753592850468,05:07:30.468,phemex,1INCH/USDT:USDT,0.2851,3642.0,0.285,3603.0,0.2853,4535.0,0.2854,2279.0
1753592852912,05:07:32.912,phemex,1INCH/USDT:USDT,0.2852,2306.0,0.2851,7092.0,0.2853,4535.0,0.2854,2279.0
1753592855878,05:07:35.878,phemex,1INCH/USDT:USDT,0.2852,2296.0,0.2851,7092.0,0.2853,4535.0,0.2854,2279.0
1753592858408,05:07:38.408,phemex,1INCH/USDT:USDT,0.2852,2296.0,0.2851,7092.0,0.2853,4535.0,0.2854,2279.0
1753592859462,05:07:39.462,phemex,1INCH/USDT:USDT,0.2852,2296.0,0.2851,7092.0,0.2853,4535.0,0.2854,2279.0
1753592859627,05:07:39.627,phemex,1INCH/USDT:USDT,0.2852,2296.0,0.2851,7092.0,0.2853,4535.0,0.2854,2279.0
1753592862413,05:07:42.413,phemex,1INCH/USDT:USDT,0.2852,2281.0,0.2851,7092.0,0.2853,4535.0,0.2854,2279.0
1753592864398,05:07:44.398,phemex,1INCH/USDT:USDT,0.2852,2275.0,0.2851,7092.0,0.2853,4535.0,0.2854,2279.0
1753592874879,05:07:54.879,phemex,1INCH/USDT:USDT,0.285,6213.0,0.2849,16292.0,0.2853,4535.0,0.2854,2279.0
1753592874957,05:07:54.957,phemex,1INCH/USDT:USDT,0.285,6213.0,0.2849,16292.0,0.2852,1595.0,0.2853,4535.0
1753592874959,05:07:54.959,phemex,1INCH/USDT:USDT,0.285,6213.0,0.2849,16292.0,0.2852,1595.0,0.2853,4535.0
1753592875049,05:07:55.049,phemex,1INCH/USDT:USDT,0.285,6213.0,0.2849,16292.0,0.2852,1595.0,0.2853,4535.0
1753592875245,05:07:55.245,phemex,1INCH/USDT:USDT,0.285,6213.0,0.2849,16292.0,0.2852,1595.0,0.2853,4535.0
1753592878239,05:07:58.239,phemex,1INCH/USDT:USDT,0.285,6213.0,0.2849,16292.0,0.2852,1545.0,0.2853,4535.0
1753592878395,05:07:58.395,phemex,1INCH/USDT:USDT,0.285,6213.0,0.2849,16292.0,0.2852,1545.0,0.2853,4535.0
1753592878402,05:07:58.402,phemex,1INCH/USDT:USDT,0.285,6213.0,0.2849,16292.0,0.2852,1545.0,0.2853,4535.0
1753592892754,05:08:12.754,phemex,1INCH/USDT:USDT,0.285,6213.0,0.2849,16292.0,0.2852,1536.0,0.2853,4535.0
1753592894900,05:08:14.900,phemex,1INCH/USDT:USDT,0.2851,4108.0,0.285,10919.0,0.2853,4328.0,0.2854,2279.0
1753592895224,05:08:15.224,phemex,1INCH/USDT:USDT,0.2851,4108.0,0.285,10919.0,0.2853,4328.0,0.2854,2279.0
1753592895302,05:08:15.302,phemex,1INCH/USDT:USDT,0.2851,4108.0,0.285,10919.0,0.2853,4328.0,0.2854,2279.0
1753592896921,05:08:16.921,phemex,1INCH/USDT:USDT,0.2851,4093.0,0.285,10919.0,0.2853,4328.0,0.2854,2279.0
1753592898602,05:08:18.602,phemex,1INCH/USDT:USDT,0.2851,4093.0,0.285,10919.0,0.2853,4328.0,0.2854,2279.0
1753592900491,05:08:20.491,phemex,1INCH/USDT:USDT,0.2852,1632.0,0.2851,6302.0,0.2853,4328.0,0.2854,2279.0
1753592902941,05:08:22.941,phemex,1INCH/USDT:USDT,0.2852,1632.0,0.2851,6302.0,0.2853,4288.0,0.2854,2279.0
1753592904812,05:08:24.812,phemex,1INCH/USDT:USDT,0.2852,1632.0,0.2851,6302.0,0.2853,4288.0,0.2854,2279.0
1753592904826,05:08:24.826,phemex,1INCH/USDT:USDT,0.2852,1632.0,0.2851,6302.0,0.2853,4288.0,0.2854,2279.0
1753592904826,05:08:24.826,phemex,1INCH/USDT:USDT,0.2852,1632.0,0.2851,6302.0,0.2853,4288.0,0.2854,2279.0
1753592910277,05:08:30.277,phemex,1INCH/USDT:USDT,0.2852,1632.0,0.2851,6302.0,0.2853,4288.0,0.2854,2279.0
1753592910307,05:08:30.307,phemex,1INCH/USDT:USDT,0.2852,1632.0,0.2851,6302.0,0.2853,4288.0,0.2854,2279.0
1753592924221,05:08:44.221,phemex,1INCH/USDT:USDT,0.2852,1632.0,0.2851,6302.0,0.2853,4288.0,0.2854,2279.0
1753592926779,05:08:46.779,phemex,1INCH/USDT:USDT,0.285,6213.0,0.2849,16292.0,0.2854,4819.0,0.2856,18191.0
1753592927741,05:08:47.741,phemex,1INCH/USDT:USDT,0.2851,2000.0,0.285,8213.0,0.2854,6819.0,0.2856,18191.0
1753592927770,05:08:47.770,phemex,1INCH/USDT:USDT,0.2851,2000.0,0.285,6213.0,0.2854,6819.0,0.2856,18191.0
1753592931117,05:08:51.117,phemex,1INCH/USDT:USDT,0.2851,2000.0,0.285,6213.0,0.2854,6453.0,0.2856,18191.0
1753592932313,05:08:52.313,phemex,1INCH/USDT:USDT,0.2851,10858.0,0.285,17922.0,0.2853,3951.0,0.2854,6453.0
1753592932336,05:08:52.336,phemex,1INCH/USDT:USDT,0.2851,10858.0,0.285,17922.0,0.2853,3951.0,0.2854,4453.0
1753592932590,05:08:52.590,phemex,1INCH/USDT:USDT,0.2851,10858.0,0.285,17922.0,0.2853,3951.0,0.2854,4453.0
1753592933989,05:08:53.989,phemex,1INCH/USDT:USDT,0.2851,8346.0,0.285,17922.0,0.2853,3951.0,0.2854,4453.0
1753592933991,05:08:53.991,phemex,1INCH/USDT:USDT,0.2851,2470.0,0.285,6213.0,0.2853,3951.0,0.2854,4453.0
1753592936411,05:08:56.411,phemex,1INCH/USDT:USDT,0.2851,2470.0,0.285,6213.0,0.2853,3951.0,0.2854,4453.0
1753592937628,05:08:57.628,phemex,1INCH/USDT:USDT,0.2851,2470.0,0.285,6213.0,0.2853,5951.0,0.2854,4453.0
1753592937732,05:08:57.732,phemex,1INCH/USDT:USDT,0.2851,2470.0,0.285,6213.0,0.2853,5951.0,0.2854,4453.0
1753592938945,05:08:58.945,phemex,1INCH/USDT:USDT,0.2851,2140.0,0.285,6213.0,0.2853,5951.0,0.2854,4453.0
1753592940446,05:09:00.446,phemex,1INCH/USDT:USDT,0.285,9667.0,0.2849,8744.0,0.2853,5951.0,0.2854,4453.0
1753592940447,05:09:00.447,phemex,1INCH/USDT:USDT,0.285,11992.0,0.2848,27352.0,0.2853,5951.0,0.2854,4453.0
1753592940594,05:09:00.594,phemex,1INCH/USDT:USDT,0.285,11992.0,0.2848,27352.0,0.2852,2000.0,0.2853,5951.0
1753592940711,05:09:00.711,phemex,1INCH/USDT:USDT,0.285,5779.0,0.2848,27352.0,0.2852,2000.0,0.2853,5951.0
1753592941204,05:09:01.204,phemex,1INCH/USDT:USDT,0.285,5779.0,0.2848,27352.0,0.2852,2000.0,0.2853,5951.0
1753592941304,05:09:01.304,phemex,1INCH/USDT:USDT,0.285,5779.0,0.2848,27352.0,0.2852,2000.0,0.2853,5951.0
1753592942676,05:09:02.676,phemex,1INCH/USDT:USDT,0.285,4969.0,0.2848,27352.0,0.2852,2000.0,0.2853,5951.0
1753592942735,05:09:02.735,phemex,1INCH/USDT:USDT,0.285,4969.0,0.2848,27352.0,0.2852,6157.0,0.2853,5951.0
1753592943562,05:09:03.562,phemex,1INCH/USDT:USDT,0.285,4969.0,0.2848,27352.0,0.2852,6157.0,0.2853,3951.0
1753592944379,05:09:04.379,phemex,1INCH/USDT:USDT,0.285,4859.0,0.2848,27352.0,0.2852,6157.0,0.2853,3951.0
1753592944953,05:09:04.953,phemex,1INCH/USDT:USDT,0.285,4819.0,0.2848,27352.0,0.2852,6157.0,0.2853,3951.0
1753592946077,05:09:06.077,phemex,1INCH/USDT:USDT,0.285,4819.0,0.2848,27352.0,0.2852,6157.0,0.2853,3951.0
1753592958804,05:09:18.804,phemex,1INCH/USDT:USDT,0.285,4789.0,0.2848,27352.0,0.2852,6157.0,0.2853,3951.0
1753592961307,05:09:21.307,phemex,1INCH/USDT:USDT,0.285,4789.0,0.2848,27352.0,0.2852,6157.0,0.2853,3951.0
1753592964640,05:09:24.640,phemex,1INCH/USDT:USDT,0.285,4757.0,0.2848,27352.0,0.2852,6157.0,0.2853,3951.0
1753592964835,05:09:24.835,phemex,1INCH/USDT:USDT,0.285,4757.0,0.2848,27352.0,0.2852,6157.0,0.2853,3951.0
1753592964835,05:09:24.835,phemex,1INCH/USDT:USDT,0.285,4757.0,0.2848,27352.0,0.2852,6157.0,0.2853,3951.0
1753592977046,05:09:37.046,phemex,1INCH/USDT:USDT,0.2851,1572.0,0.285,6397.0,0.2852,2000.0,0.2853,3951.0
1753592977121,05:09:37.121,phemex,1INCH/USDT:USDT,0.2851,1572.0,0.285,4870.0,0.2852,2000.0,0.2853,3951.0
1753592977123,05:09:37.123,phemex,1INCH/USDT:USDT,0.2849,2533.0,0.2848,21081.0,0.2852,2000.0,0.2853,3951.0
1753592977182,05:09:37.182,phemex,1INCH/USDT:USDT,0.2849,4533.0,0.2848,21081.0,0.2852,2000.0,0.2853,3951.0
1753592982190,05:09:42.190,phemex,1INCH/USDT:USDT,0.285,3555.0,0.2849,6471.0,0.2851,2325.0,0.2852,2000.0
1753592982200,05:09:42.200,phemex,1INCH/USDT:USDT,0.285,3555.0,0.2849,4471.0,0.2851,2325.0,0.2852,2000.0
1753592982496,05:09:42.496,phemex,1INCH/USDT:USDT,0.285,3445.0,0.2849,4471.0,0.2851,2325.0,0.2852,2000.0
1753592995758,05:09:55.758,phemex,1INCH/USDT:USDT,0.285,3445.0,0.2849,4471.0,0.2851,2325.0,0.2852,2000.0
1753592996743,05:09:56.743,phemex,1INCH/USDT:USDT,0.2847,26896.0,0.2846,21348.0,0.2851,2325.0,0.2852,3743.0
1753592996758,05:09:56.758,phemex,1INCH/USDT:USDT,0.2847,26896.0,0.2846,21348.0,0.2851,2325.0,0.2852,5997.0
1753592996960,05:09:56.960,phemex,1INCH/USDT:USDT,0.2848,2000.0,0.2847,26896.0,0.2851,4325.0,0.2852,5997.0
1753592999241,05:09:59.241,phemex,1INCH/USDT:USDT,0.2848,2000.0,0.2847,26896.0,0.2851,4195.0,0.2852,5997.0
1753593001798,05:10:01.798,phemex,1INCH/USDT:USDT,0.2849,2360.0,0.2848,4120.0,0.285,2226.0,0.2851,4195.0
1753593001806,05:10:01.806,phemex,1INCH/USDT:USDT,0.2849,2360.0,0.2848,4120.0,0.285,2226.0,0.2851,4195.0
1753593002393,05:10:02.393,phemex,1INCH/USDT:USDT,0.2849,2360.0,0.2848,2120.0,0.285,2226.0,0.2851,4195.0
1753593003005,05:10:03.005,phemex,1INCH/USDT:USDT,0.2849,2340.0,0.2848,2120.0,0.285,2226.0,0.2851,4195.0
1753593004072,05:10:04.072,phemex,1INCH/USDT:USDT,0.2849,2340.0,0.2848,2120.0,0.285,2226.0,0.2851,4195.0
1753593004111,05:10:04.111,phemex,1INCH/USDT:USDT,0.2849,2340.0,0.2848,2120.0,0.285,2226.0,0.2851,4195.0
1753593005612,05:10:05.612,phemex,1INCH/USDT:USDT,0.2847,8674.0,0.2846,21348.0,0.285,2226.0,0.2851,4195.0
1753593005756,05:10:05.756,phemex,1INCH/USDT:USDT,0.2847,2469.0,0.2846,21348.0,0.285,2226.0,0.2851,4195.0
1753593005861,05:10:05.861,phemex,1INCH/USDT:USDT,0.2847,4469.0,0.2846,21348.0,0.285,2226.0,0.2851,4195.0
1753593007840,05:10:07.840,phemex,1INCH/USDT:USDT,0.2847,4469.0,0.2846,21348.0,0.285,4226.0,0.2851,4195.0
1753593008315,05:10:08.315,phemex,1INCH/USDT:USDT,0.2847,4469.0,0.2846,21348.0,0.2849,2023.0,0.285,4226.0
1753593008350,05:10:08.350,phemex,1INCH/USDT:USDT,0.2847,4469.0,0.2846,21348.0,0.2849,2023.0,0.285,4226.0
1753593008372,05:10:08.372,phemex,1INCH/USDT:USDT,0.2847,4469.0,0.2846,21348.0,0.2849,2023.0,0.285,2226.0
1753593008567,05:10:08.567,phemex,1INCH/USDT:USDT,0.2847,4469.0,0.2846,21348.0,0.2851,2195.0,0.2852,10386.0
1753593008567,05:10:08.567,phemex,1INCH/USDT:USDT,0.2847,4469.0,0.2846,21348.0,0.2851,2195.0,0.2852,2254.0
1753593008828,05:10:08.828,phemex,1INCH/USDT:USDT,0.2847,4469.0,0.2846,21348.0,0.2851,4195.0,0.2852,2254.0
1753593009810,05:10:09.810,phemex,1INCH/USDT:USDT,0.2847,4469.0,0.2846,21348.0,0.2851,4195.0,0.2852,2254.0
1753593010728,05:10:10.728,phemex,1INCH/USDT:USDT,0.2847,10676.0,0.2846,21348.0,0.2851,4195.0,0.2852,2254.0
1753593010818,05:10:10.818,phemex,1INCH/USDT:USDT,0.2849,3139.0,0.2848,2000.0,0.2851,4195.0,0.2852,2254.0
1753593010833,05:10:10.833,phemex,1INCH/USDT:USDT,0.2849,3139.0,0.2848,6639.0,0.2851,4195.0,0.2852,2254.0
1753593013465,05:10:13.465,phemex,1INCH/USDT:USDT,0.2848,4595.0,0.2847,6207.0,0.2851,4195.0,0.2852,2254.0
1753593013465,05:10:13.465,phemex,1INCH/USDT:USDT,0.2848,4595.0,0.2847,7689.0,0.2851,4195.0,0.2852,2254.0
1753593013748,05:10:13.748,phemex,1INCH/USDT:USDT,0.2848,4595.0,0.2847,7689.0,0.2851,6209.0,0.2852,2254.0
1753593014227,05:10:14.227,phemex,1INCH/USDT:USDT,0.2848,4595.0,0.2847,7689.0,0.2851,6209.0,0.2852,2254.0
1753593014243,05:10:14.243,phemex,1INCH/USDT:USDT,0.2848,4595.0,0.2847,7689.0,0.2851,6209.0,0.2852,2254.0
1753593015024,05:10:15.024,phemex,1INCH/USDT:USDT,0.2848,4595.0,0.2847,7689.0,0.2851,5995.0,0.2852,2254.0
1753593018469,05:10:18.469,phemex,1INCH/USDT:USDT,0.2848,11029.0,0.2847,17654.0,0.2851,5995.0,0.2852,2254.0
1753593022297,05:10:22.297,phemex,1INCH/USDT:USDT,0.2848,11029.0,0.2847,17654.0,0.2851,5995.0,0.2852,2254.0
1753593023717,05:10:23.717,phemex,1INCH/USDT:USDT,0.2848,11029.0,0.2847,17654.0,0.2851,5995.0,0.2852,2254.0
1753593023727,05:10:23.727,phemex,1INCH/USDT:USDT,0.2848,11029.0,0.2847,17654.0,0.2851,5995.0,0.2852,2254.0
1753593026808,05:10:26.808,phemex,1INCH/USDT:USDT,0.2848,11029.0,0.2847,17654.0,0.2851,5915.0,0.2852,2254.0
1753593026808,05:10:26.808,phemex,1INCH/USDT:USDT,0.2848,11029.0,0.2847,17654.0,0.2851,5915.0,0.2852,2254.0
1753593031670,05:10:31.670,phemex,1INCH/USDT:USDT,0.2848,11029.0,0.2847,17654.0,0.2851,5915.0,0.2852,2254.0
1753593034267,05:10:34.267,phemex,1INCH/USDT:USDT,0.285,3573.0,0.2849,3505.0,0.2853,6207.0,0.2855,12809.0
1753593034277,05:10:34.277,phemex,1INCH/USDT:USDT,0.285,5573.0,0.2849,3505.0,0.2853,6207.0,0.2855,12809.0
1753593034282,05:10:34.282,phemex,1INCH/USDT:USDT,0.285,5573.0,0.2849,3505.0,0.2853,6207.0,0.2855,12809.0
1753593035645,05:10:35.645,phemex,1INCH/USDT:USDT,0.285,5573.0,0.2849,3505.0,0.2853,6207.0,0.2855,12809.0
1753593035672,05:10:35.672,phemex,1INCH/USDT:USDT,0.285,5573.0,0.2849,3505.0,0.2853,6207.0,0.2855,12809.0
1753593038887,05:10:38.887,phemex,1INCH/USDT:USDT,0.285,5573.0,0.2849,3505.0,0.2855,12809.0,0.2856,38407.0
1753593038905,05:10:38.905,phemex,1INCH/USDT:USDT,0.285,5573.0,0.2849,3505.0,0.2855,13509.0,0.2856,38407.0
1753593039423,05:10:39.423,phemex,1INCH/USDT:USDT,0.2851,1679.0,0.285,7112.0,0.2853,5831.0,0.2854,1573.0
1753593040452,05:10:40.452,phemex,1INCH/USDT:USDT,0.2851,1679.0,0.285,7112.0,0.2853,5831.0,0.2854,1573.0
1753593041103,05:10:41.103,phemex,1INCH/USDT:USDT,0.2851,679.0,0.285,7112.0,0.2853,5831.0,0.2854,1573.0
1753593045282,05:10:45.282,phemex,1INCH/USDT:USDT,0.2851,679.0,0.285,7112.0,0.2853,5831.0,0.2854,1573.0
1753593045313,05:10:45.313,phemex,1INCH/USDT:USDT,0.2851,679.0,0.285,7112.0,0.2853,5831.0,0.2854,1573.0
1753593049238,05:10:49.238,phemex,1INCH/USDT:USDT,0.2851,399.0,0.285,7112.0,0.2853,5831.0,0.2854,1573.0
1753593050055,05:10:50.055,phemex,1INCH/USDT:USDT,0.2851,399.0,0.285,7112.0,0.2853,5831.0,0.2854,1573.0
1753593050659,05:10:50.659,phemex,1INCH/USDT:USDT,0.2851,399.0,0.285,5112.0,0.2853,5831.0,0.2854,1573.0
1753593054854,05:10:54.854,phemex,1INCH/USDT:USDT,0.2851,399.0,0.285,5112.0,0.2853,5831.0,0.2854,1573.0
1753593060896,05:11:00.896,phemex,1INCH/USDT:USDT,0.2851,308.0,0.285,5112.0,0.2853,5831.0,0.2854,1573.0
1753593062907,05:11:02.907,phemex,1INCH/USDT:USDT,0.2851,308.0,0.285,5112.0,0.2853,5817.0,0.2854,1573.0
1753593063124,05:11:03.124,phemex,1INCH/USDT:USDT,0.2851,308.0,0.285,5112.0,0.2853,5817.0,0.2854,1573.0
1753593063131,05:11:03.131,phemex,1INCH/USDT:USDT,0.2851,308.0,0.285,5112.0,0.2853,5817.0,0.2854,1573.0
1753593067050,05:11:07.050,phemex,1INCH/USDT:USDT,0.2851,308.0,0.285,5112.0,0.2853,5817.0,0.2854,1573.0
1753593067058,05:11:07.058,phemex,1INCH/USDT:USDT,0.2851,308.0,0.285,5112.0,0.2853,5817.0,0.2854,1573.0
1753593067924,05:11:07.924,phemex,1INCH/USDT:USDT,0.2851,6877.0,0.285,9630.0,0.2853,2293.0,0.2854,1573.0
1753593071863,05:11:11.863,phemex,1INCH/USDT:USDT,0.2851,6877.0,0.285,9630.0,0.2853,2293.0,0.2854,1573.0
1753593073815,05:11:13.815,phemex,1INCH/USDT:USDT,0.2852,1455.0,0.2851,6877.0,0.2853,2293.0,0.2854,1573.0
1753593073815,05:11:13.815,phemex,1INCH/USDT:USDT,0.2852,1455.0,0.2851,6877.0,0.2853,2293.0,0.2854,1573.0
1753593075946,05:11:15.946,phemex,1INCH/USDT:USDT,0.2852,1065.0,0.2851,6877.0,0.2853,2293.0,0.2854,1573.0
1753593076063,05:11:16.063,phemex,1INCH/USDT:USDT,0.2852,1065.0,0.2851,6877.0,0.2853,2293.0,0.2854,1573.0
1753593076658,05:11:16.658,phemex,1INCH/USDT:USDT,0.2852,1065.0,0.2851,6877.0,0.2853,2293.0,0.2854,1573.0
1753593077988,05:11:17.988,phemex,1INCH/USDT:USDT,0.2852,1065.0,0.2851,6877.0,0.2853,2293.0,0.2854,1573.0
1753593077995,05:11:17.995,phemex,1INCH/USDT:USDT,0.2852,1065.0,0.2851,6877.0,0.2853,2293.0,0.2854,1573.0
1753593078025,05:11:18.025,phemex,1INCH/USDT:USDT,0.2852,1065.0,0.2851,6877.0,0.2853,2293.0,0.2854,1573.0
1753593078050,05:11:18.050,phemex,1INCH/USDT:USDT,0.2852,1065.0,0.2851,6877.0,0.2853,2293.0,0.2854,1573.0
1753593078051,05:11:18.051,phemex,1INCH/USDT:USDT,0.2852,1065.0,0.2851,6877.0,0.2853,2293.0,0.2854,1573.0
1753593082454,05:11:22.454,phemex,1INCH/USDT:USDT,0.2852,1065.0,0.2851,6877.0,0.2853,2293.0,0.2854,1573.0
1753593082461,05:11:22.461,phemex,1INCH/USDT:USDT,0.2852,1065.0,0.2851,6877.0,0.2853,2293.0,0.2854,1573.0
1753593084950,05:11:24.950,phemex,1INCH/USDT:USDT,0.2852,965.0,0.2851,6877.0,0.2853,2293.0,0.2854,1573.0
1753593087263,05:11:27.263,phemex,1INCH/USDT:USDT,0.2852,965.0,0.2851,6877.0,0.2853,2293.0,0.2854,1573.0
1753593087263,05:11:27.263,phemex,1INCH/USDT:USDT,0.2852,965.0,0.2851,6877.0,0.2853,2293.0,0.2854,1573.0
1753593090115,05:11:30.115,phemex,1INCH/USDT:USDT,0.2852,965.0,0.2851,4537.0,0.2855,700.0,0.2856,2281.0
1753593090129,05:11:30.129,phemex,1INCH/USDT:USDT,0.2853,2254.0,0.2852,2117.0,0.2855,700.0,0.2856,2281.0
1753593090187,05:11:30.187,phemex,1INCH/USDT:USDT,0.2853,2204.0,0.2852,2117.0,0.2855,700.0,0.2856,2281.0
1753593090213,05:11:30.213,phemex,1INCH/USDT:USDT,0.2853,2204.0,0.2852,2117.0,0.2855,2700.0,0.2856,2281.0
1753593090399,05:11:30.399,phemex,1INCH/USDT:USDT,0.2853,2204.0,0.2852,2117.0,0.2855,2000.0,0.2856,2281.0
1753593092051,05:11:32.051,phemex,1INCH/USDT:USDT,0.2853,2204.0,0.2852,2117.0,0.2855,2000.0,0.2856,2281.0
1753593092059,05:11:32.059,phemex,1INCH/USDT:USDT,0.2853,2204.0,0.2852,2117.0,0.2855,2000.0,0.2856,2281.0
1753593093274,05:11:33.274,phemex,1INCH/USDT:USDT,0.2853,2181.0,0.2852,2117.0,0.2855,2000.0,0.2856,2281.0
1753593095874,05:11:35.874,phemex,1INCH/USDT:USDT,0.2853,2181.0,0.2852,2117.0,0.2855,4547.0,0.2856,2281.0
1753593095874,05:11:35.874,phemex,1INCH/USDT:USDT,0.2853,4589.0,0.2852,4025.0,0.2855,4547.0,0.2856,2281.0
1753593096905,05:11:36.905,phemex,1INCH/USDT:USDT,0.2853,4589.0,0.2852,4025.0,0.2855,2547.0,0.2856,2281.0
1753593097029,05:11:37.029,phemex,1INCH/USDT:USDT,0.2853,4589.0,0.2852,4025.0,0.2855,2547.0,0.2856,2281.0
1753593097583,05:11:37.583,phemex,1INCH/USDT:USDT,0.2853,6280.0,0.2852,13952.0,0.2855,2600.0,0.2856,2281.0
1753593101658,05:11:41.658,phemex,1INCH/USDT:USDT,0.2853,6280.0,0.2852,13952.0,0.2855,2600.0,0.2856,2281.0
1753593101760,05:11:41.760,phemex,1INCH/USDT:USDT,0.2854,1516.0,0.2853,6280.0,0.2855,2600.0,0.2856,2281.0
1753593105067,05:11:45.067,phemex,1INCH/USDT:USDT,0.2854,1516.0,0.2853,6280.0,0.2855,2570.0,0.2856,2281.0
1753593106460,05:11:46.460,phemex,1INCH/USDT:USDT,0.2854,1516.0,0.2853,6280.0,0.2855,2570.0,0.2856,2281.0
1753593111258,05:11:51.258,phemex,1INCH/USDT:USDT,0.2854,1516.0,0.2853,6280.0,0.2855,2570.0,0.2856,2281.0
1753593114094,05:11:54.094,phemex,1INCH/USDT:USDT,0.2854,1516.0,0.2853,6280.0,0.2855,2562.0,0.2856,2281.0
1753593120070,05:12:00.070,phemex,1INCH/USDT:USDT,0.2851,23144.0,0.285,28785.0,0.2855,4378.0,0.2856,4107.0
1753593120081,05:12:00.081,phemex,1INCH/USDT:USDT,0.2851,23144.0,0.285,28785.0,0.2855,4378.0,0.2856,4107.0
1753593120567,05:12:00.567,phemex,1INCH/USDT:USDT,0.2852,2000.0,0.2851,23144.0,0.2855,4378.0,0.2856,4107.0
1753593124312,05:12:04.312,phemex,1INCH/USDT:USDT,0.2852,2000.0,0.2851,23144.0,0.2855,3982.0,0.2856,4107.0
1753593125074,05:12:05.074,phemex,1INCH/USDT:USDT,0.2853,2076.0,0.2852,3461.0,0.2854,1753.0,0.2855,3982.0
1753593125787,05:12:05.787,phemex,1INCH/USDT:USDT,0.2853,2076.0,0.2852,3461.0,0.2854,1753.0,0.2855,3982.0
1753593127236,05:12:07.236,phemex,1INCH/USDT:USDT,0.2853,1996.0,0.2852,3461.0,0.2854,1753.0,0.2855,3982.0
1753593130258,05:12:10.258,phemex,1INCH/USDT:USDT,0.2853,1996.0,0.2852,3461.0,0.2854,1753.0,0.2855,3982.0
1753593135053,05:12:15.053,phemex,1INCH/USDT:USDT,0.2853,1996.0,0.2852,3461.0,0.2854,1753.0,0.2855,3982.0
1753593135118,05:12:15.118,phemex,1INCH/USDT:USDT,0.2853,1996.0,0.2852,7337.0,0.2857,10946.0,0.2859,18479.0
1753593135137,05:12:15.137,phemex,1INCH/USDT:USDT,0.2854,1705.0,0.2853,1996.0,0.2857,10946.0,0.2859,18479.0
1753593135399,05:12:15.399,phemex,1INCH/USDT:USDT,0.2854,1705.0,0.2853,1996.0,0.2856,2000.0,0.2857,10946.0
1753593138178,05:12:18.178,phemex,1INCH/USDT:USDT,0.2854,1665.0,0.2853,1996.0,0.2856,2000.0,0.2857,10946.0
1753593140536,05:12:20.536,phemex,1INCH/USDT:USDT,0.2854,1665.0,0.2853,6883.0,0.2856,3436.0,0.2857,10946.0
1753593141333,05:12:21.333,phemex,1INCH/USDT:USDT,0.2854,1665.0,0.2853,6883.0,0.2856,3436.0,0.2857,10946.0
1753593147373,05:12:27.373,phemex,1INCH/USDT:USDT,0.2854,1665.0,0.2853,6883.0,0.2856,3436.0,0.2857,10946.0
1753593147373,05:12:27.373,phemex,1INCH/USDT:USDT,0.2854,1665.0,0.2853,6883.0,0.2856,3436.0,0.2857,10946.0
1753593148142,05:12:28.142,phemex,1INCH/USDT:USDT,0.2855,2206.0,0.2854,6209.0,0.2857,7835.0,0.2858,1661.0
1753593150233,05:12:30.233,phemex,1INCH/USDT:USDT,0.2855,2176.0,0.2854,6209.0,0.2857,7835.0,0.2858,1661.0
1753593151052,05:12:31.052,phemex,1INCH/USDT:USDT,0.2855,2176.0,0.2854,6209.0,0.2857,7835.0,0.2858,1661.0
1753593151305,05:12:31.305,phemex,1INCH/USDT:USDT,0.2855,2176.0,0.2854,6209.0,0.2857,7835.0,0.2858,1661.0
1753593152839,05:12:32.839,phemex,1INCH/USDT:USDT,0.2855,2176.0,0.2854,6209.0,0.2857,1626.0,0.2858,1661.0
1753593155859,05:12:35.859,phemex,1INCH/USDT:USDT,0.2855,2176.0,0.2854,6209.0,0.2857,1626.0,0.2858,1661.0
1753593158673,05:12:38.673,phemex,1INCH/USDT:USDT,0.2855,8686.0,0.2854,18590.0,0.2857,1626.0,0.2858,1661.0
1753593161116,05:12:41.116,phemex,1INCH/USDT:USDT,0.2855,8686.0,0.2854,18590.0,0.2857,1626.0,0.2858,1661.0
1753593162259,05:12:42.259,phemex,1INCH/USDT:USDT,0.2855,8631.0,0.2854,18590.0,0.2857,1626.0,0.2858,1661.0
1753593165660,05:12:45.660,phemex,1INCH/USDT:USDT,0.2855,8631.0,0.2854,18590.0,0.2857,1626.0,0.2858,1661.0
1753593168725,05:12:48.725,phemex,1INCH/USDT:USDT,0.2854,9631.0,0.2853,25448.0,0.2857,1626.0,0.2858,3895.0
1753593168725,05:12:48.725,phemex,1INCH/USDT:USDT,0.2853,25448.0,0.2852,21794.0,0.2856,1743.0,0.2857,1626.0
1753593169022,05:12:49.022,phemex,1INCH/USDT:USDT,0.2854,2000.0,0.2853,25448.0,0.2856,1743.0,0.2857,1626.0
1753593173140,05:12:53.140,phemex,1INCH/USDT:USDT,0.2854,2000.0,0.2853,10290.0,0.2856,1743.0,0.2857,1626.0
1753593173245,05:12:53.245,phemex,1INCH/USDT:USDT,0.2853,10290.0,0.2852,21794.0,0.2856,1743.0,0.2857,1626.0
1753593173575,05:12:53.575,phemex,1INCH/USDT:USDT,0.2853,10290.0,0.2852,21794.0,0.2856,1743.0,0.2857,1626.0
1753593173754,05:12:53.754,phemex,1INCH/USDT:USDT,0.2853,10290.0,0.2852,21794.0,0.2855,1590.0,0.2856,1743.0
1753593173834,05:12:53.834,phemex,1INCH/USDT:USDT,0.2853,10290.0,0.2852,21794.0,0.2855,1590.0,0.2856,1743.0
1753593174296,05:12:54.296,phemex,1INCH/USDT:USDT,0.2853,10290.0,0.2852,21794.0,0.2855,1123.0,0.2856,1743.0
1753593177454,05:12:57.454,phemex,1INCH/USDT:USDT,0.2853,10290.0,0.2852,21794.0,0.2855,1123.0,0.2856,1743.0
1753593177460,05:12:57.460,phemex,1INCH/USDT:USDT,0.2853,10290.0,0.2852,21794.0,0.2855,1123.0,0.2856,1743.0
1753593178264,05:12:58.264,phemex,1INCH/USDT:USDT,0.2853,10290.0,0.2851,18318.0,0.2855,1123.0,0.2856,1743.0
1753593178781,05:12:58.781,phemex,1INCH/USDT:USDT,0.2853,10290.0,0.2851,18318.0,0.2855,2620.0,0.2856,6652.0
1753593178919,05:12:58.919,phemex,1INCH/USDT:USDT,0.2853,4094.0,0.2851,18318.0,0.2855,2620.0,0.2856,6652.0
1753593178958,05:12:58.958,phemex,1INCH/USDT:USDT,0.2853,4094.0,0.2851,24511.0,0.2855,2620.0,0.2856,6652.0
1753593182258,05:13:02.258,phemex,1INCH/USDT:USDT,0.2853,4094.0,0.2851,24511.0,0.2855,2620.0,0.2856,6652.0
1753593182272,05:13:02.272,phemex,1INCH/USDT:USDT,0.2853,4094.0,0.2851,24511.0,0.2855,2620.0,0.2856,6652.0
1753593188164,05:13:08.164,phemex,1INCH/USDT:USDT,0.2853,3974.0,0.2851,24511.0,0.2855,2620.0,0.2856,6652.0
1753593193926,05:13:13.926,phemex,1INCH/USDT:USDT,0.2853,3974.0,0.2851,24511.0,0.2855,2620.0,0.2856,6652.0
1753593198192,05:13:18.192,phemex,1INCH/USDT:USDT,0.2852,4801.0,0.2851,6193.0,0.2855,4877.0,0.2856,2294.0
1753593198686,05:13:18.686,phemex,1INCH/USDT:USDT,0.2852,4801.0,0.2851,6193.0,0.2855,6877.0,0.2856,2294.0
1753593199104,05:13:19.104,phemex,1INCH/USDT:USDT,0.2852,4801.0,0.2851,6193.0,0.2855,6877.0,0.2856,2294.0
1753593199801,05:13:19.801,phemex,1INCH/USDT:USDT,0.2852,4801.0,0.2851,6193.0,0.2855,6877.0,0.2856,2294.0
1753593199845,05:13:19.845,phemex,1INCH/USDT:USDT,0.2852,4568.0,0.2851,6193.0,0.2855,6877.0,0.2856,2294.0
1753593199886,05:13:19.886,phemex,1INCH/USDT:USDT,0.2852,4568.0,0.2851,6193.0,0.2854,2000.0,0.2855,6877.0
1753593199926,05:13:19.926,phemex,1INCH/USDT:USDT,0.2852,4568.0,0.2851,6193.0,0.2854,2000.0,0.2855,4877.0
1753593202062,05:13:22.062,phemex,1INCH/USDT:USDT,0.2852,4568.0,0.2851,6193.0,0.2854,2000.0,0.2855,4877.0
1753593202989,05:13:22.989,phemex,1INCH/USDT:USDT,0.2852,4543.0,0.2851,6193.0,0.2854,2000.0,0.2855,4877.0
1753593203948,05:13:23.948,phemex,1INCH/USDT:USDT,0.2852,4543.0,0.2851,6193.0,0.2854,6192.0,0.2855,4877.0
1753593204902,05:13:24.902,phemex,1INCH/USDT:USDT,0.2852,4513.0,0.2851,6193.0,0.2854,6192.0,0.2855,4877.0
1753593204902,05:13:24.902,phemex,1INCH/USDT:USDT,0.2852,4513.0,0.2851,6193.0,0.2854,6192.0,0.2855,4877.0
1753593216254,05:13:36.254,phemex,1INCH/USDT:USDT,0.2852,4513.0,0.2851,6193.0,0.2854,6192.0,0.2855,4877.0
1753593216263,05:13:36.263,phemex,1INCH/USDT:USDT,0.2852,4513.0,0.2851,6193.0,0.2854,6192.0,0.2855,4877.0
1753593218325,05:13:38.325,phemex,1INCH/USDT:USDT,0.2852,4496.0,0.2851,6193.0,0.2854,6192.0,0.2855,4877.0
1753593219548,05:13:39.548,phemex,1INCH/USDT:USDT,0.2852,4496.0,0.2851,6193.0,0.2854,4192.0,0.2855,4877.0
1753593219854,05:13:39.854,phemex,1INCH/USDT:USDT,0.2852,4496.0,0.2851,6193.0,0.2854,4192.0,0.2855,4877.0
1753593219861,05:13:39.861,phemex,1INCH/USDT:USDT,0.2852,4496.0,0.2851,6193.0,0.2854,4192.0,0.2855,4877.0
1753593222135,05:13:42.135,phemex,1INCH/USDT:USDT,0.2852,4496.0,0.2851,6193.0,0.2855,4877.0,0.2857,29318.0
1753593222148,05:13:42.148,phemex,1INCH/USDT:USDT,0.2853,2534.0,0.2852,6294.0,0.2855,4877.0,0.2857,29318.0
1753593224660,05:13:44.660,phemex,1INCH/USDT:USDT,0.2853,2534.0,0.2852,6294.0,0.2855,4877.0,0.2857,29318.0
1753593232642,05:13:52.642,phemex,1INCH/USDT:USDT,0.2853,2494.0,0.2852,6294.0,0.2855,4877.0,0.2857,29318.0
1753593238462,05:13:58.462,phemex,1INCH/USDT:USDT,0.2853,2494.0,0.2852,6294.0,0.2855,4877.0,0.2857,29318.0
1753593240671,05:14:00.671,phemex,1INCH/USDT:USDT,0.2851,8628.0,0.285,21429.0,0.2854,2525.0,0.2855,4877.0
1753593240683,05:14:00.683,phemex,1INCH/USDT:USDT,0.2851,8628.0,0.285,21429.0,0.2854,4525.0,0.2855,4877.0
1753593242053,05:14:02.053,phemex,1INCH/USDT:USDT,0.2851,8628.0,0.285,21429.0,0.2854,4525.0,0.2855,4877.0
1753593242076,05:14:02.076,phemex,1INCH/USDT:USDT,0.2851,8628.0,0.285,21429.0,0.2854,4525.0,0.2855,4877.0
1753593246010,05:14:06.010,phemex,1INCH/USDT:USDT,0.2851,8628.0,0.285,21429.0,0.2854,4275.0,0.2855,4877.0
1753593246230,05:14:06.230,phemex,1INCH/USDT:USDT,0.2852,4422.0,0.2851,10324.0,0.2853,2191.0,0.2854,4275.0
1753593246863,05:14:06.863,phemex,1INCH/USDT:USDT,0.2852,4422.0,0.2851,10324.0,0.2853,2191.0,0.2854,4275.0
1753593252145,05:14:12.145,phemex,1INCH/USDT:USDT,0.2852,4267.0,0.2851,10324.0,0.2853,2191.0,0.2854,4275.0
1753593254140,05:14:14.140,phemex,1INCH/USDT:USDT,0.2852,4267.0,0.2851,10324.0,0.2853,2191.0,0.2854,2275.0
1753593254717,05:14:14.717,phemex,1INCH/USDT:USDT,0.2852,4267.0,0.2851,10324.0,0.2855,4877.0,0.2857,29318.0
1753593254730,05:14:14.730,phemex,1INCH/USDT:USDT,0.2852,6612.0,0.2851,17090.0,0.2855,4877.0,0.2857,29318.0
1753593254739,05:14:14.739,phemex,1INCH/USDT:USDT,0.2852,8964.0,0.2851,26123.0,0.2855,4877.0,0.2857,29318.0
1753593254860,05:14:14.860,phemex,1INCH/USDT:USDT,0.2852,8964.0,0.2851,26123.0,0.2855,4877.0,0.2857,29318.0
1753593254870,05:14:14.870,phemex,1INCH/USDT:USDT,0.2852,7094.0,0.2851,26123.0,0.2855,4877.0,0.2857,29318.0
1753593254871,05:14:14.871,phemex,1INCH/USDT:USDT,0.2851,6193.0,0.285,21429.0,0.2855,4877.0,0.2857,29318.0
1753593255054,05:14:15.054,phemex,1INCH/USDT:USDT,0.2851,8193.0,0.285,21429.0,0.2855,6877.0,0.2857,29318.0
1753593256727,05:14:16.727,phemex,1INCH/USDT:USDT,0.2851,8193.0,0.285,21429.0,0.2855,6792.0,0.2857,29318.0
1753593259007,05:14:19.007,phemex,1INCH/USDT:USDT,0.2852,2000.0,0.2851,8193.0,0.2855,6792.0,0.2857,29318.0
1753593259033,05:14:19.033,phemex,1INCH/USDT:USDT,0.2852,2000.0,0.2851,6193.0,0.2855,6792.0,0.2857,29318.0
1753593259910,05:14:19.910,phemex,1INCH/USDT:USDT,0.2852,4420.0,0.2851,12096.0,0.2853,2331.0,0.2854,2212.0
1753593259925,05:14:19.925,phemex,1INCH/USDT:USDT,0.2852,4420.0,0.2851,12096.0,0.2853,2331.0,0.2854,2212.0
1753593261458,05:14:21.458,phemex,1INCH/USDT:USDT,0.2852,4420.0,0.2851,12096.0,0.2853,2299.0,0.2854,2212.0
1753593263315,05:14:23.315,phemex,1INCH/USDT:USDT,0.2852,4420.0,0.2851,12096.0,0.2855,4792.0,0.2857,29318.0
1753593265555,05:14:25.555,phemex,1INCH/USDT:USDT,0.2853,3516.0,0.2852,6463.0,0.2855,4792.0,0.2857,29318.0
1753593266786,05:14:26.786,phemex,1INCH/USDT:USDT,0.2853,3516.0,0.2852,6463.0,0.2855,4792.0,0.2857,29318.0
1753593266786,05:14:26.786,phemex,1INCH/USDT:USDT,0.2853,3516.0,0.2852,6463.0,0.2855,4792.0,0.2857,29318.0
1753593270793,05:14:30.793,phemex,1INCH/USDT:USDT,0.2853,3516.0,0.2852,6463.0,0.2855,4792.0,0.2857,29318.0
1753593273804,05:14:33.804,phemex,1INCH/USDT:USDT,0.2853,3456.0,0.2852,6463.0,0.2855,4792.0,0.2857,29318.0
1753593275425,05:14:35.425,phemex,1INCH/USDT:USDT,0.2853,3440.0,0.2852,6463.0,0.2855,4792.0,0.2857,29318.0
1753593275454,05:14:35.454,phemex,1INCH/USDT:USDT,0.2853,3440.0,0.2852,6463.0,0.2855,4792.0,0.2857,29318.0
1753593275460,05:14:35.460,phemex,1INCH/USDT:USDT,0.2853,3440.0,0.2852,6463.0,0.2855,4792.0,0.2857,29318.0
1753593280261,05:14:40.261,phemex,1INCH/USDT:USDT,0.2853,3440.0,0.2852,6463.0,0.2855,4792.0,0.2857,29318.0
1753593283042,05:14:43.042,phemex,1INCH/USDT:USDT,0.2851,6193.0,0.285,21429.0,0.2855,7168.0,0.2856,1855.0
1753593283727,05:14:43.727,phemex,1INCH/USDT:USDT,0.2851,6193.0,0.285,21429.0,0.2855,9168.0,0.2856,1855.0
1753593283730,05:14:43.730,phemex,1INCH/USDT:USDT,0.2851,6193.0,0.285,21429.0,0.2854,2000.0,0.2855,9168.0
1753593283754,05:14:43.754,phemex,1INCH/USDT:USDT,0.2851,6193.0,0.285,21429.0,0.2854,2000.0,0.2855,7168.0
1753593285062,05:14:45.062,phemex,1INCH/USDT:USDT,0.2851,6193.0,0.285,21429.0,0.2854,2000.0,0.2855,7168.0
1753593289608,05:14:49.608,phemex,1INCH/USDT:USDT,0.2852,6126.0,0.2851,8651.0,0.2854,6549.0,0.2855,2535.0
1753593289994,05:14:49.994,phemex,1INCH/USDT:USDT,0.2852,6126.0,0.2851,8651.0,0.2854,6549.0,0.2855,2535.0
1753593294660,05:14:54.660,phemex,1INCH/USDT:USDT,0.2852,6126.0,0.2851,8651.0,0.2854,6549.0,0.2855,2535.0
1753593295126,05:14:55.126,phemex,1INCH/USDT:USDT,0.2852,5826.0,0.2851,8651.0,0.2854,6549.0,0.2855,2535.0
1753593300087,05:15:00.087,phemex,1INCH/USDT:USDT,0.2851,6193.0,0.285,11864.0,0.2854,6549.0,0.2855,2535.0
1753593300087,05:15:00.087,phemex,1INCH/USDT:USDT,0.2851,6193.0,0.2849,21580.0,0.2853,1655.0,0.2854,6549.0
1753593300200,05:15:00.200,phemex,1INCH/USDT:USDT,0.2851,6193.0,0.2849,21580.0,0.2853,1655.0,0.2854,6549.0
1753593304861,05:15:04.861,phemex,1INCH/USDT:USDT,0.2851,6193.0,0.2849,21580.0,0.2853,1655.0,0.2854,6549.0
1753593307060,05:15:07.060,phemex,1INCH/USDT:USDT,0.2851,12719.0,0.285,2448.0,0.2853,3645.0,0.2854,6549.0
1753593307118,05:15:07.118,phemex,1INCH/USDT:USDT,0.2851,12719.0,0.285,2448.0,0.2853,3105.0,0.2854,6549.0
1753593309655,05:15:09.655,phemex,1INCH/USDT:USDT,0.2851,12719.0,0.285,2448.0,0.2853,3105.0,0.2854,6549.0
1753593309662,05:15:09.662,phemex,1INCH/USDT:USDT,0.2851,12719.0,0.285,2448.0,0.2853,3105.0,0.2854,6549.0
1753593313002,05:15:13.002,phemex,1INCH/USDT:USDT,0.2851,12719.0,0.285,2448.0,0.2853,2845.0,0.2854,6549.0
1753593315350,05:15:15.350,phemex,1INCH/USDT:USDT,0.2852,2287.0,0.2851,10435.0,0.2854,6549.0,0.2856,18009.0
1753593315526,05:15:15.526,phemex,1INCH/USDT:USDT,0.2852,2287.0,0.2851,10435.0,0.2854,6549.0,0.2856,18009.0
1753593315534,05:15:15.534,phemex,1INCH/USDT:USDT,0.2852,2287.0,0.2851,10435.0,0.2854,6549.0,0.2856,18009.0
1753593320083,05:15:20.083,phemex,1INCH/USDT:USDT,0.2852,2227.0,0.2851,10435.0,0.2854,6549.0,0.2856,18009.0
1753593321721,05:15:21.721,phemex,1INCH/USDT:USDT,0.2851,10795.0,0.2848,31425.0,0.2853,1422.0,0.2854,8544.0
1753593321778,05:15:21.778,phemex,1INCH/USDT:USDT,0.2851,10795.0,0.2848,31425.0,0.2853,3422.0,0.2854,8544.0
1753593322053,05:15:22.053,phemex,1INCH/USDT:USDT,0.2851,10795.0,0.2848,31425.0,0.2853,3422.0,0.2854,8544.0
1753593322279,05:15:22.279,phemex,1INCH/USDT:USDT,0.2851,10795.0,0.2848,31425.0,0.2853,3422.0,0.2854,8544.0
1753593322295,05:15:22.295,phemex,1INCH/USDT:USDT,0.2851,10795.0,0.2848,31425.0,0.2853,3422.0,0.2854,6544.0
1753593322451,05:15:22.451,phemex,1INCH/USDT:USDT,0.2851,4602.0,0.2848,31425.0,0.2853,3422.0,0.2854,6544.0
1753593322510,05:15:22.510,phemex,1INCH/USDT:USDT,0.2851,4602.0,0.2848,37651.0,0.2853,3422.0,0.2854,6544.0
1753593326738,05:15:26.738,phemex,1INCH/USDT:USDT,0.285,1637.0,0.2849,2510.0,0.2852,2624.0,0.2853,3422.0
1753593326738,05:15:26.738,phemex,1INCH/USDT:USDT,0.285,6701.0,0.2849,2510.0,0.2852,2624.0,0.2853,3422.0
1753593326849,05:15:26.849,phemex,1INCH/USDT:USDT,0.285,6701.0,0.2849,2510.0,0.2852,2624.0,0.2853,3422.0
1753593326991,05:15:26.991,phemex,1INCH/USDT:USDT,0.285,6701.0,0.2849,2510.0,0.2852,2624.0,0.2853,3422.0
1753593326991,05:15:26.991,phemex,1INCH/USDT:USDT,0.285,6701.0,0.2849,2510.0,0.2852,2624.0,0.2853,3422.0
1753593328555,05:15:28.555,phemex,1INCH/USDT:USDT,0.285,6701.0,0.2849,2510.0,0.2852,2624.0,0.2853,3422.0
1753593328565,05:15:28.565,phemex,1INCH/USDT:USDT,0.285,6701.0,0.2849,2510.0,0.2852,2624.0,0.2853,3422.0
1753593331462,05:15:31.462,phemex,1INCH/USDT:USDT,0.285,6701.0,0.2849,2510.0,0.2852,2624.0,0.2853,3422.0
1753593332319,05:15:32.319,phemex,1INCH/USDT:USDT,0.285,6701.0,0.2849,2510.0,0.2851,1993.0,0.2852,2624.0
1753593332319,05:15:32.319,phemex,1INCH/USDT:USDT,0.285,6701.0,0.2849,2510.0,0.2851,1993.0,0.2852,4984.0
1753593333170,05:15:33.170,phemex,1INCH/USDT:USDT,0.285,6701.0,0.2849,2510.0,0.2851,1993.0,0.2852,4984.0
1753593333781,05:15:33.781,phemex,1INCH/USDT:USDT,0.285,6701.0,0.2849,2510.0,0.2851,1858.0,0.2852,4984.0
1753593335193,05:15:35.193,phemex,1INCH/USDT:USDT,0.285,5630.0,0.2849,35148.0,0.2852,2416.0,0.2853,1422.0
1753593335572,05:15:35.572,phemex,1INCH/USDT:USDT,0.285,2388.0,0.2848,15865.0,0.2852,2416.0,0.2853,1422.0
1753593336314,05:15:36.314,phemex,1INCH/USDT:USDT,0.285,2388.0,0.2848,15865.0,0.2852,2416.0,0.2853,1422.0
1753593340261,05:15:40.261,phemex,1INCH/USDT:USDT,0.285,2388.0,0.2848,15865.0,0.2852,2220.0,0.2853,3588.0
1753593340790,05:15:40.790,phemex,1INCH/USDT:USDT,0.2851,4477.0,0.285,4322.0,0.2852,2220.0,0.2853,3588.0
1753593344343,05:15:44.343,phemex,1INCH/USDT:USDT,0.2851,4177.0,0.285,4322.0,0.2852,2220.0,0.2853,3588.0
1753593345373,05:15:45.373,phemex,1INCH/USDT:USDT,0.2851,4177.0,0.285,4322.0,0.2852,2220.0,0.2853,3588.0
1753593345402,05:15:45.402,phemex,1INCH/USDT:USDT,0.2851,4177.0,0.285,4322.0,0.2852,2220.0,0.2853,3588.0
1753593346868,05:15:46.868,phemex,1INCH/USDT:USDT,0.2851,4177.0,0.285,4322.0,0.2852,2220.0,0.2853,3588.0
1753593351009,05:15:51.009,phemex,1INCH/USDT:USDT,0.2851,4177.0,0.285,4322.0,0.2852,2220.0,0.2853,3588.0
1753593351011,05:15:51.011,phemex,1INCH/USDT:USDT,0.2851,4177.0,0.285,4322.0,0.2853,2166.0,0.2856,35224.0
1753593351087,05:15:51.087,phemex,1INCH/USDT:USDT,0.2852,1892.0,0.2851,5907.0,0.2853,2166.0,0.2856,35224.0
1753593351255,05:15:51.255,phemex,1INCH/USDT:USDT,0.2852,1892.0,0.2851,5907.0,0.2853,2166.0,0.2856,35224.0
1753593351271,05:15:51.271,phemex,1INCH/USDT:USDT,0.2852,1892.0,0.2851,5907.0,0.2853,2166.0,0.2856,35224.0
1753593353008,05:15:53.008,phemex,1INCH/USDT:USDT,0.2849,22276.0,0.2848,15893.0,0.2853,2166.0,0.2856,35224.0
1753593353936,05:15:53.936,phemex,1INCH/USDT:USDT,0.285,2000.0,0.2849,22276.0,0.2853,4166.0,0.2856,35224.0
1753593355646,05:15:55.646,phemex,1INCH/USDT:USDT,0.285,2000.0,0.2849,22276.0,0.2853,4036.0,0.2856,35224.0
1753593356065,05:15:56.065,phemex,1INCH/USDT:USDT,0.285,2000.0,0.2849,22276.0,0.2853,4036.0,0.2856,35224.0
1753593356796,05:15:56.796,phemex,1INCH/USDT:USDT,0.285,2000.0,0.2849,22276.0,0.2853,6182.0,0.2854,4055.0
1753593357360,05:15:57.360,phemex,1INCH/USDT:USDT,0.285,2000.0,0.2849,22276.0,0.2853,6152.0,0.2854,4055.0
1753593360888,05:16:00.888,phemex,1INCH/USDT:USDT,0.285,2000.0,0.2849,22276.0,0.2853,6152.0,0.2854,4055.0
1753593365655,05:16:05.655,phemex,1INCH/USDT:USDT,0.285,2000.0,0.2849,22276.0,0.2853,6152.0,0.2854,4055.0
1753593365706,05:16:05.706,phemex,1INCH/USDT:USDT,0.285,2000.0,0.2849,22276.0,0.2853,6152.0,0.2854,4055.0
1753593366026,05:16:06.026,phemex,1INCH/USDT:USDT,0.285,2000.0,0.2849,22276.0,0.2853,6145.0,0.2854,4055.0
1753593368792,05:16:08.792,phemex,1INCH/USDT:USDT,0.285,6149.0,0.2848,24225.0,0.2853,6145.0,0.2854,4055.0
1753593368892,05:16:08.892,phemex,1INCH/USDT:USDT,0.285,4149.0,0.2848,24225.0,0.2853,6145.0,0.2854,4055.0
1753593370455,05:16:10.455,phemex,1INCH/USDT:USDT,0.285,4149.0,0.2848,24225.0,0.2853,6145.0,0.2854,4055.0
1753593370462,05:16:10.462,phemex,1INCH/USDT:USDT,0.285,4149.0,0.2848,24225.0,0.2853,6145.0,0.2854,4055.0
1753593371200,05:16:11.200,phemex,1INCH/USDT:USDT,0.285,4127.0,0.2848,24225.0,0.2853,6145.0,0.2854,4055.0
1753593374276,05:16:14.276,phemex,1INCH/USDT:USDT,0.285,4127.0,0.2848,24225.0,0.2851,4265.0,0.2853,6145.0
1753593374312,05:16:14.312,phemex,1INCH/USDT:USDT,0.285,4127.0,0.2848,24225.0,0.2851,4265.0,0.2853,4145.0
1753593378336,05:16:18.336,phemex,1INCH/USDT:USDT,0.285,1975.0,0.2848,15893.0,0.2851,4265.0,0.2853,4145.0
1753593378340,05:16:18.340,phemex,1INCH/USDT:USDT,0.2849,1650.0,0.2848,6956.0,0.2851,4265.0,0.2853,4145.0
1753593378715,05:16:18.715,phemex,1INCH/USDT:USDT,0.2849,1650.0,0.2848,6254.0,0.2851,4265.0,0.2853,4145.0
1753593378834,05:16:18.834,phemex,1INCH/USDT:USDT,0.2849,1650.0,0.2848,6254.0,0.2851,4265.0,0.2853,4145.0
1753593378898,05:16:18.898,phemex,1INCH/USDT:USDT,0.2849,1650.0,0.2848,6254.0,0.2851,4265.0,0.2853,4145.0
1753593379120,05:16:19.120,phemex,1INCH/USDT:USDT,0.2849,1650.0,0.2848,6254.0,0.2851,4265.0,0.2853,4145.0
1753593379145,05:16:19.145,phemex,1INCH/USDT:USDT,0.2849,1650.0,0.2848,6254.0,0.2851,4265.0,0.2853,10396.0
1753593379536,05:16:19.536,phemex,1INCH/USDT:USDT,0.2849,1650.0,0.2847,23228.0,0.2851,4265.0,0.2853,10396.0
1753593379647,05:16:19.647,phemex,1INCH/USDT:USDT,0.2849,1650.0,0.2847,23228.0,0.2851,6265.0,0.2853,10396.0
1753593380552,05:16:20.552,phemex,1INCH/USDT:USDT,0.2849,1650.0,0.2847,23228.0,0.285,1632.0,0.2851,6265.0
1753593380566,05:16:20.566,phemex,1INCH/USDT:USDT,0.2849,1650.0,0.2847,23228.0,0.285,3598.0,0.2851,4265.0
1753593382656,05:16:22.656,phemex,1INCH/USDT:USDT,0.2849,1650.0,0.2847,23228.0,0.285,3598.0,0.2851,4265.0
1753593382663,05:16:22.663,phemex,1INCH/USDT:USDT,0.2849,1650.0,0.2847,23228.0,0.285,3598.0,0.2851,4265.0
1753593383602,05:16:23.602,phemex,1INCH/USDT:USDT,0.2849,1650.0,0.2848,2000.0,0.285,3598.0,0.2851,4265.0
1753593385218,05:16:25.218,phemex,1INCH/USDT:USDT,0.2849,1540.0,0.2848,2000.0,0.285,3598.0,0.2851,4265.0
1753593387462,05:16:27.462,phemex,1INCH/USDT:USDT,0.2849,1540.0,0.2848,2000.0,0.285,3598.0,0.2851,4265.0
1753593387462,05:16:27.462,phemex,1INCH/USDT:USDT,0.2849,1540.0,0.2848,2000.0,0.285,3598.0,0.2851,4265.0
1753593392321,05:16:32.321,phemex,1INCH/USDT:USDT,0.2849,1540.0,0.2848,2000.0,0.285,3598.0,0.2851,4265.0
1753593392342,05:16:32.342,phemex,1INCH/USDT:USDT,0.2849,1540.0,0.2848,2000.0,0.285,3598.0,0.2851,4265.0
1753593394386,05:16:34.386,phemex,1INCH/USDT:USDT,0.2849,1540.0,0.2848,2000.0,0.285,3598.0,0.2851,4265.0
1753593398048,05:16:38.048,phemex,1INCH/USDT:USDT,0.2849,1492.0,0.2848,2000.0,0.285,3598.0,0.2851,4265.0
1753593398655,05:16:38.655,phemex,1INCH/USDT:USDT,0.2849,1492.0,0.2848,2000.0,0.285,3598.0,0.2851,4265.0
1753593398662,05:16:38.662,phemex,1INCH/USDT:USDT,0.2849,1492.0,0.2848,2000.0,0.285,3598.0,0.2851,4265.0
1753593400348,05:16:40.348,phemex,1INCH/USDT:USDT,0.2848,5537.0,0.2847,6249.0,0.285,3598.0,0.2851,4265.0
1753593400367,05:16:40.367,phemex,1INCH/USDT:USDT,0.2848,5537.0,0.2847,6249.0,0.285,3598.0,0.2851,4265.0
1753593403456,05:16:43.456,phemex,1INCH/USDT:USDT,0.2848,5537.0,0.2847,6249.0,0.285,3598.0,0.2851,4265.0
1753593403464,05:16:43.464,phemex,1INCH/USDT:USDT,0.2848,5537.0,0.2847,6249.0,0.285,3598.0,0.2851,4265.0
1753593406018,05:16:46.018,phemex,1INCH/USDT:USDT,0.2848,5537.0,0.2847,6249.0,0.285,3598.0,0.2851,4265.0
1753593406022,05:16:46.022,phemex,1INCH/USDT:USDT,0.2849,3681.0,0.2848,5537.0,0.285,3598.0,0.2851,4265.0
1753593407176,05:16:47.176,phemex,1INCH/USDT:USDT,0.2849,3681.0,0.2848,5537.0,0.285,3378.0,0.2851,4265.0
1753593408262,05:16:48.262,phemex,1INCH/USDT:USDT,0.2849,3681.0,0.2848,5537.0,0.285,3378.0,0.2851,4265.0
1753593411868,05:16:51.868,phemex,1INCH/USDT:USDT,0.2849,3681.0,0.2848,5537.0,0.285,1966.0,0.2851,3877.0
1753593411869,05:16:51.869,phemex,1INCH/USDT:USDT,0.2849,3681.0,0.2848,5537.0,0.2851,1457.0,0.2853,6251.0
1753593411869,05:16:51.869,phemex,1INCH/USDT:USDT,0.2849,3681.0,0.2848,5537.0,0.2851,1457.0,0.2853,8713.0
1753593411974,05:16:51.974,phemex,1INCH/USDT:USDT,0.285,2557.0,0.2849,3681.0,0.2851,1457.0,0.2853,8713.0
1753593411996,05:16:51.996,phemex,1INCH/USDT:USDT,0.285,2557.0,0.2849,6061.0,0.2851,1457.0,0.2853,8713.0
1753593412279,05:16:52.279,phemex,1INCH/USDT:USDT,0.285,2557.0,0.2849,6061.0,0.2851,1457.0,0.2852,2000.0
1753593412362,05:16:52.362,phemex,1INCH/USDT:USDT,0.285,2557.0,0.2849,6061.0,0.2851,1457.0,0.2853,8713.0
1753593413056,05:16:53.056,phemex,1INCH/USDT:USDT,0.285,2557.0,0.2849,6061.0,0.2851,1457.0,0.2853,8713.0
