timestamp,time,exchange,symbol,bid1_price,bid1_volume,bid2_price,bid2_volume,ask1_price,ask1_volume,ask2_price,ask2_volume
1753591901954,04:51:41.954,mexc,AAVE/USDT:USDT,296.51,18561.0,296.5,6978.0,296.52,9913.0,296.53,6936
1753591902616,04:51:42.616,mexc,AAVE/USDT:USDT,296.51,18561.0,296.5,6978.0,296.52,9913.0,296.53,11277
1753591902630,04:51:42.630,mexc,AAVE/USDT:USDT,296.51,18561.0,296.5,6978.0,296.52,9913.0,296.53,11277
1753591903016,04:51:43.016,mexc,AAVE/USDT:USDT,296.51,18561.0,296.5,6978.0,296.52,9913.0,296.53,6936
1753591903428,04:51:43.428,mexc,AAVE/USDT:USDT,296.51,18561.0,296.5,6978.0,296.52,9913.0,296.53,6936
1753591903624,04:51:43.624,mexc,AAVE/USDT:USDT,296.51,18561.0,296.5,6978.0,296.52,9913.0,296.53,6936
1753591903814,04:51:43.814,mexc,AAVE/USDT:USDT,296.56,44512,296.55,21520,296.57,2586,296.58,327
1753591904217,04:51:44.217,mexc,AAVE/USDT:USDT,296.56,44512,296.55,21520,296.57,2586,296.58,327
1753591904217,04:51:44.217,mexc,AAVE/USDT:USDT,296.56,44512,296.55,21520,296.57,2586,296.58,327
1753591904627,04:51:44.627,mexc,AAVE/USDT:USDT,296.56,44512,296.55,21520,296.57,2586,296.58,327
1753591904627,04:51:44.627,mexc,AAVE/USDT:USDT,296.56,44512,296.55,21520,296.57,2586,296.58,327
1753591905031,04:51:45.031,mexc,AAVE/USDT:USDT,296.56,44512,296.55,21520,296.57,2586,296.58,327
1753591905031,04:51:45.031,mexc,AAVE/USDT:USDT,296.56,44512,296.55,21520,296.57,2586,296.58,327
1753591905418,04:51:45.418,mexc,AAVE/USDT:USDT,296.56,44512,296.55,21520,296.57,2586,296.58,327
1753591905827,04:51:45.827,mexc,AAVE/USDT:USDT,296.56,44512,296.55,21520,296.57,2586,296.58,327
1753591905827,04:51:45.827,mexc,AAVE/USDT:USDT,296.56,44512,296.55,21520,296.57,2586,296.58,327
1753591906227,04:51:46.227,mexc,AAVE/USDT:USDT,296.56,44512,296.55,21520,296.57,2586,296.58,327
1753591906233,04:51:46.233,mexc,AAVE/USDT:USDT,296.56,44512,296.55,21520,296.57,2586,296.58,327
1753591906620,04:51:46.620,mexc,AAVE/USDT:USDT,296.56,44512,296.55,21520,296.57,2586,296.58,327
1753591907027,04:51:47.027,mexc,AAVE/USDT:USDT,296.56,44512,296.55,25174,296.57,2586,296.58,327
1753591907027,04:51:47.027,mexc,AAVE/USDT:USDT,296.56,44512,296.55,25174,296.57,2586,296.58,327
1753591907431,04:51:47.431,mexc,AAVE/USDT:USDT,296.56,44512,296.55,21520,296.57,2586,296.58,432
1753591907611,04:51:47.611,mexc,AAVE/USDT:USDT,296.56,44512,296.55,21520,296.57,2586,296.58,432
1753591907819,04:51:47.819,mexc,AAVE/USDT:USDT,296.56,44512,296.55,21520,296.57,2586,296.58,327
1753591908228,04:51:48.228,mexc,AAVE/USDT:USDT,296.56,44512,296.55,21520,296.57,2586,296.58,327
1753591908228,04:51:48.228,mexc,AAVE/USDT:USDT,296.56,44512,296.55,21520,296.57,2586,296.58,327
1753591908629,04:51:48.629,mexc,AAVE/USDT:USDT,296.56,44512,296.55,21520,296.57,2586,296.58,517
1753591909019,04:51:49.019,mexc,AAVE/USDT:USDT,296.56,44512,296.55,21520,296.57,2586,296.58,483
1753591909019,04:51:49.019,mexc,AAVE/USDT:USDT,296.56,44512,296.55,21520,296.57,2586,296.58,327
1753591909429,04:51:49.429,mexc,AAVE/USDT:USDT,296.56,44512,296.55,21520,296.57,2586,296.58,327
1753591909629,04:51:49.629,mexc,AAVE/USDT:USDT,296.56,44512,296.55,21520,296.57,2586,296.58,327
1753591909818,04:51:49.818,mexc,AAVE/USDT:USDT,296.6,25083,296.59,9670,296.61,11285,296.62,4402
1753591909872,04:51:49.872,mexc,AAVE/USDT:USDT,296.6,24944,296.59,9670,296.61,11285,296.62,4402
1753591910222,04:51:50.222,mexc,AAVE/USDT:USDT,296.6,24944,296.59,9670,296.61,11285,296.62,4402
1753591910628,04:51:50.628,mexc,AAVE/USDT:USDT,296.6,24944,296.59,11251,296.61,11285,296.62,4402
1753591910628,04:51:50.628,mexc,AAVE/USDT:USDT,296.6,24944,296.59,13443,296.61,11285,296.62,4402
1753591911032,04:51:51.032,mexc,AAVE/USDT:USDT,296.6,24944,296.59,11862,296.61,11285,296.62,5749
1753591911032,04:51:51.032,mexc,AAVE/USDT:USDT,296.6,24944,296.59,9670,296.61,11285,296.62,5749
1753591911421,04:51:51.421,mexc,AAVE/USDT:USDT,296.6,24944,296.59,9670,296.61,11285,296.62,4402
1753591911830,04:51:51.830,mexc,AAVE/USDT:USDT,296.6,24944,296.59,9670,296.61,11285,296.62,4402
1753591911830,04:51:51.830,mexc,AAVE/USDT:USDT,296.6,24944,296.59,9670,296.61,11285,296.62,4402
1753591912233,04:51:52.233,mexc,AAVE/USDT:USDT,296.6,24944,296.59,9670,296.61,11285,296.62,4402
1753591912327,04:51:52.327,mexc,AAVE/USDT:USDT,296.6,24944,296.59,9670,296.61,11285,296.62,4402
1753591912622,04:51:52.622,mexc,AAVE/USDT:USDT,296.6,24944,296.59,9670,296.61,11285,296.62,4402
1753591913028,04:51:53.028,mexc,AAVE/USDT:USDT,296.6,24944,296.59,9670,296.61,11285,296.62,4402
1753591913028,04:51:53.028,mexc,AAVE/USDT:USDT,296.6,24944,296.59,9670,296.61,11285,296.62,4402
1753591913430,04:51:53.430,mexc,AAVE/USDT:USDT,296.6,24944,296.59,9670,296.61,11285,296.62,4402
1753591913530,04:51:53.530,mexc,AAVE/USDT:USDT,296.6,24944,296.59,9670,296.61,11285,296.62,4402
1753591913969,04:51:53.969,mexc,AAVE/USDT:USDT,296.6,24911,296.59,9670,296.61,11285,296.62,4402
1753591914229,04:51:54.229,mexc,AAVE/USDT:USDT,296.6,24911,296.59,9670,296.61,11285,296.62,4402
1753591914229,04:51:54.229,mexc,AAVE/USDT:USDT,296.6,24911,296.59,9670,296.61,11285,296.62,4402
1753591914631,04:51:54.631,mexc,AAVE/USDT:USDT,296.6,24911,296.59,9670,296.61,11285,296.62,4402
1753591914631,04:51:54.631,mexc,AAVE/USDT:USDT,296.6,24911,296.59,9670,296.61,11285,296.62,4402
1753591915021,04:51:55.021,mexc,AAVE/USDT:USDT,296.6,24911,296.59,9670,296.61,11285,296.62,4402
1753591915428,04:51:55.428,mexc,AAVE/USDT:USDT,296.6,24911,296.59,9670,296.61,11285,296.62,4402
1753591915428,04:51:55.428,mexc,AAVE/USDT:USDT,296.6,24911,296.59,9670,296.61,11285,296.62,4402
1753591915819,04:51:55.819,mexc,AAVE/USDT:USDT,296.6,24831,296.59,655,296.61,9708,296.62,240
1753591916223,04:51:56.223,mexc,AAVE/USDT:USDT,296.6,24831,296.59,655,296.61,9708,296.62,240
1753591916223,04:51:56.223,mexc,AAVE/USDT:USDT,296.6,24831,296.59,655,296.61,9708,296.62,185
1753591916629,04:51:56.629,mexc,AAVE/USDT:USDT,296.6,24831,296.59,655,296.61,9708,296.62,185
1753591916629,04:51:56.629,mexc,AAVE/USDT:USDT,296.6,24831,296.59,917,296.61,9708,296.62,185
1753591917032,04:51:57.032,mexc,AAVE/USDT:USDT,296.6,24831,296.59,917,296.61,9708,296.62,235
1753591917032,04:51:57.032,mexc,AAVE/USDT:USDT,296.6,24831,296.59,655,296.61,9708,296.62,235
1753591917423,04:51:57.423,mexc,AAVE/USDT:USDT,296.6,24831,296.59,655,296.61,9708,296.62,185
1753591917828,04:51:57.828,mexc,AAVE/USDT:USDT,296.6,24831,296.59,893,296.61,9708,296.62,185
1753591917828,04:51:57.828,mexc,AAVE/USDT:USDT,296.6,24831,296.59,1099,296.61,9708,296.62,185
1753591918233,04:51:58.233,mexc,AAVE/USDT:USDT,296.6,24831,296.59,861,296.61,9708,296.62,212
1753591918329,04:51:58.329,mexc,AAVE/USDT:USDT,296.6,24831,296.59,655,296.61,9708,296.62,212
1753591918624,04:51:58.624,mexc,AAVE/USDT:USDT,296.6,24831,296.59,655,296.61,9708,296.62,185
1753591919028,04:51:59.028,mexc,AAVE/USDT:USDT,296.6,24831,296.59,655,296.61,9708,296.62,185
1753591919028,04:51:59.028,mexc,AAVE/USDT:USDT,296.6,24831,296.59,776,296.61,9708,296.62,185
1753591919432,04:51:59.432,mexc,AAVE/USDT:USDT,296.6,24831,296.59,776,296.61,9708,296.62,243
1753591919531,04:51:59.531,mexc,AAVE/USDT:USDT,296.6,24831,296.59,655,296.61,9708,296.62,243
1753591919824,04:51:59.824,mexc,AAVE/USDT:USDT,296.6,24831,296.59,655,296.61,9708,296.62,185
1753591920230,04:52:00.230,mexc,AAVE/USDT:USDT,296.6,24831,296.59,925,296.61,9708,296.62,185
1753591920230,04:52:00.230,mexc,AAVE/USDT:USDT,296.6,24831,296.59,925,296.61,9708,296.62,185
1753591920634,04:52:00.634,mexc,AAVE/USDT:USDT,296.6,24831,296.59,655,296.61,9708,296.62,185
1753591920634,04:52:00.634,mexc,AAVE/USDT:USDT,296.6,24831,296.59,655,296.61,9708,296.62,185
1753591921023,04:52:01.023,mexc,AAVE/USDT:USDT,296.6,24831,296.59,655,296.61,9708,296.62,185
1753591921429,04:52:01.429,mexc,AAVE/USDT:USDT,296.6,24831,296.59,655,296.61,9708,296.62,185
1753591921429,04:52:01.429,mexc,AAVE/USDT:USDT,296.6,24831,296.59,655,296.61,9708,296.62,185
1753591921822,04:52:01.822,mexc,AAVE/USDT:USDT,296.64,23292,296.63,47102,296.65,3442,296.66,2161
1753591922224,04:52:02.224,mexc,AAVE/USDT:USDT,296.64,23292,296.63,47102,296.65,3442,296.66,2161
1753591922224,04:52:02.224,mexc,AAVE/USDT:USDT,296.64,23292,296.63,47102,296.65,3442,296.66,2161
1753591922633,04:52:02.633,mexc,AAVE/USDT:USDT,296.64,23292,296.63,59403,296.65,3442,296.66,2161
1753591922633,04:52:02.633,mexc,AAVE/USDT:USDT,296.64,23292,296.63,76243,296.65,3442,296.66,2161
1753591923033,04:52:03.033,mexc,AAVE/USDT:USDT,296.64,23292,296.63,63942,296.65,3442,296.66,3284
1753591923033,04:52:03.033,mexc,AAVE/USDT:USDT,296.64,23292,296.63,47102,296.65,3442,296.66,3284
1753591923424,04:52:03.424,mexc,AAVE/USDT:USDT,296.64,23292,296.63,47102,296.65,3442,296.66,2161
1753591923830,04:52:03.830,mexc,AAVE/USDT:USDT,296.64,23292,296.63,47102,296.65,3442,296.66,2161
1753591923830,04:52:03.830,mexc,AAVE/USDT:USDT,296.64,23292,296.63,47102,296.65,3442,296.66,2161
1753591924235,04:52:04.235,mexc,AAVE/USDT:USDT,296.64,23292,296.63,47102,296.65,3442,296.66,2426
1753591924331,04:52:04.331,mexc,AAVE/USDT:USDT,296.64,23292,296.63,47102,296.65,3442,296.66,2426
1753591924646,04:52:04.646,mexc,AAVE/USDT:USDT,296.64,23292,296.63,47102,296.65,3442,296.66,2161
1753591925030,04:52:05.030,mexc,AAVE/USDT:USDT,296.64,23292,296.63,47102,296.65,3442,296.66,2161
1753591925030,04:52:05.030,mexc,AAVE/USDT:USDT,296.64,23292,296.63,47102,296.65,3442,296.66,2161
1753591925434,04:52:05.434,mexc,AAVE/USDT:USDT,296.64,23292,296.63,47102,296.65,3442,296.66,2764
1753591925537,04:52:05.537,mexc,AAVE/USDT:USDT,296.64,23292,296.63,47102,296.65,3442,296.66,2764
1753591925824,04:52:05.824,mexc,AAVE/USDT:USDT,296.64,23292,296.63,47102,296.65,3442,296.66,2161
1753591926230,04:52:06.230,mexc,AAVE/USDT:USDT,296.64,23292,296.63,60061,296.65,3442,296.66,2161
1753591926230,04:52:06.230,mexc,AAVE/USDT:USDT,296.64,23292,296.63,60061,296.65,3442,296.66,2161
1753591926633,04:52:06.633,mexc,AAVE/USDT:USDT,296.64,23292,296.63,47102,296.65,3442,296.66,2835
1753591926821,04:52:06.821,mexc,AAVE/USDT:USDT,296.64,22948,296.63,47102,296.65,3442,296.66,2835
1753591927026,04:52:07.026,mexc,AAVE/USDT:USDT,296.64,22948,296.63,47102,296.65,3442,296.66,2161
1753591927432,04:52:07.432,mexc,AAVE/USDT:USDT,296.64,22948,296.63,47102,296.65,3303,296.66,2161
1753591927631,04:52:07.631,mexc,AAVE/USDT:USDT,296.64,22948,296.63,47102,296.65,3303,296.66,2161
1753591927822,04:52:07.822,mexc,AAVE/USDT:USDT,296.66,5473,296.65,6846,296.67,10487,296.68,9177
1753591928227,04:52:08.227,mexc,AAVE/USDT:USDT,296.66,5473,296.65,6846,296.67,10487,296.68,9177
1753591928227,04:52:08.227,mexc,AAVE/USDT:USDT,296.66,5473,296.65,6846,296.67,10487,296.68,9177
1753591928632,04:52:08.632,mexc,AAVE/USDT:USDT,296.66,5473,296.65,6846,296.67,10487,296.68,9177
1753591928632,04:52:08.632,mexc,AAVE/USDT:USDT,296.66,5473,296.65,6846,296.67,10487,296.68,9177
1753591929034,04:52:09.034,mexc,AAVE/USDT:USDT,296.66,5473,296.65,6846,296.67,10487,296.68,13666
1753591929034,04:52:09.034,mexc,AAVE/USDT:USDT,296.66,5473,296.65,6846,296.67,10487,296.68,13666
1753591929427,04:52:09.427,mexc,AAVE/USDT:USDT,296.66,5473,296.65,6846,296.67,10487,296.68,9177
1753591929831,04:52:09.831,mexc,AAVE/USDT:USDT,296.66,5473,296.65,8768,296.67,10487,296.68,9177
1753591929831,04:52:09.831,mexc,AAVE/USDT:USDT,296.66,5473,296.65,11115,296.67,10487,296.68,9177
1753591930236,04:52:10.236,mexc,AAVE/USDT:USDT,296.66,5473,296.65,9193,296.67,10487,296.68,9177
1753591930336,04:52:10.336,mexc,AAVE/USDT:USDT,296.66,5473,296.65,6846,296.67,10487,296.68,9177
1753591930627,04:52:10.627,mexc,AAVE/USDT:USDT,296.66,5473,296.65,6846,296.67,10487,296.68,9177
1753591931032,04:52:11.032,mexc,AAVE/USDT:USDT,296.66,5473,296.65,6846,296.67,10487,296.68,9177
1753591931032,04:52:11.032,mexc,AAVE/USDT:USDT,296.66,5473,296.65,6846,296.67,10487,296.68,9177
1753591931514,04:52:11.514,mexc,AAVE/USDT:USDT,296.66,5473,296.65,6846,296.67,10487,296.68,9177
1753591931542,04:52:11.542,mexc,AAVE/USDT:USDT,296.66,5473,296.65,6846,296.67,10487,296.68,9177
1753591931914,04:52:11.914,mexc,AAVE/USDT:USDT,296.66,5473,296.65,6846,296.67,10487,296.68,9177
1753591932233,04:52:12.233,mexc,AAVE/USDT:USDT,296.66,5473,296.65,6846,296.67,10487,296.68,9177
1753591932635,04:52:12.635,mexc,AAVE/USDT:USDT,296.66,5473,296.65,6846,296.67,10487,296.68,9177
1753591932743,04:52:12.743,mexc,AAVE/USDT:USDT,296.66,5473,296.65,6846,296.67,9930,296.68,9177
1753591933028,04:52:13.028,mexc,AAVE/USDT:USDT,296.66,5473,296.65,6846,296.67,9930,296.68,9177
1753591933433,04:52:13.433,mexc,AAVE/USDT:USDT,296.66,5473,296.65,6846,296.67,9930,296.68,9177
1753591933433,04:52:13.433,mexc,AAVE/USDT:USDT,296.66,5473,296.65,6846,296.67,9930,296.68,9177
1753591933824,04:52:13.824,mexc,AAVE/USDT:USDT,296.68,5632,296.67,14471,296.69,11563,296.7,5421
1753591934227,04:52:14.227,mexc,AAVE/USDT:USDT,296.68,5632,296.67,14471,296.69,11563,296.7,5421
1753591934227,04:52:14.227,mexc,AAVE/USDT:USDT,296.68,5632,296.67,14471,296.69,11563,296.7,4834
1753591934632,04:52:14.632,mexc,AAVE/USDT:USDT,296.68,5632,296.67,17717,296.69,11563,296.7,4834
1753591934632,04:52:14.632,mexc,AAVE/USDT:USDT,296.68,5632,296.67,17717,296.69,11563,296.7,4834
1753591935035,04:52:15.035,mexc,AAVE/USDT:USDT,296.68,5632,296.67,14471,296.69,11563,296.7,4834
1753591935035,04:52:15.035,mexc,AAVE/USDT:USDT,296.68,5632,296.67,14471,296.69,11563,296.7,4834
1753591935427,04:52:15.427,mexc,AAVE/USDT:USDT,296.68,5632,296.67,14471,296.69,11563,296.7,4834
1753591935832,04:52:15.832,mexc,AAVE/USDT:USDT,296.68,5632,296.67,14471,296.69,11563,296.7,4834
1753591935832,04:52:15.832,mexc,AAVE/USDT:USDT,296.68,5632,296.67,14471,296.69,11563,296.7,4834
1753591936238,04:52:16.238,mexc,AAVE/USDT:USDT,296.68,5632,296.67,14471,296.69,11563,296.7,5689
1753591936337,04:52:16.337,mexc,AAVE/USDT:USDT,296.68,5632,296.67,14471,296.69,11563,296.7,5689
1753591936627,04:52:16.627,mexc,AAVE/USDT:USDT,296.68,5632,296.67,14471,296.69,11563,296.7,4834
1753591937033,04:52:17.033,mexc,AAVE/USDT:USDT,296.68,5632,296.67,14471,296.69,11563,296.7,4834
1753591937033,04:52:17.033,mexc,AAVE/USDT:USDT,296.68,5632,296.67,14471,296.69,11563,296.7,4834
1753591937436,04:52:17.436,mexc,AAVE/USDT:USDT,296.68,5632,296.67,14471,296.69,11563,296.7,4834
1753591937544,04:52:17.544,mexc,AAVE/USDT:USDT,296.68,5632,296.67,14471,296.69,11563,296.7,4834
1753591937827,04:52:17.827,mexc,AAVE/USDT:USDT,296.68,5632,296.67,14471,296.69,11563,296.7,4834
1753591938234,04:52:18.234,mexc,AAVE/USDT:USDT,296.68,5632,296.67,18147,296.69,11563,296.7,4834
1753591938234,04:52:18.234,mexc,AAVE/USDT:USDT,296.68,5632,296.67,18147,296.69,11563,296.7,4834
1753591938638,04:52:18.638,mexc,AAVE/USDT:USDT,296.68,5632,296.67,14471,296.69,11563,296.7,4834
1753591938638,04:52:18.638,mexc,AAVE/USDT:USDT,296.68,5632,296.67,14471,296.69,11563,296.7,4834
1753591939030,04:52:19.030,mexc,AAVE/USDT:USDT,296.68,5632,296.67,14471,296.69,11563,296.7,4834
1753591939435,04:52:19.435,mexc,AAVE/USDT:USDT,296.68,5632,296.67,14471,296.69,11563,296.7,4834
1753591939435,04:52:19.435,mexc,AAVE/USDT:USDT,296.68,5632,296.67,19194,296.69,11563,296.7,4834
1753591939826,04:52:19.826,mexc,AAVE/USDT:USDT,296.68,17308,296.67,14593,296.69,9749,296.7,873
1753591940229,04:52:20.229,mexc,AAVE/USDT:USDT,296.68,17308,296.67,14593,296.69,9749,296.7,873
1753591940229,04:52:20.229,mexc,AAVE/USDT:USDT,296.68,17308,296.67,14593,296.69,9749,296.7,873
1753591940634,04:52:20.634,mexc,AAVE/USDT:USDT,296.68,17308,296.67,17210,296.69,9749,296.7,873
1753591940634,04:52:20.634,mexc,AAVE/USDT:USDT,296.68,17308,296.67,17210,296.69,9749,296.7,873
1753591941037,04:52:21.037,mexc,AAVE/USDT:USDT,296.68,17308,296.67,14593,296.69,9749,296.7,873
1753591941037,04:52:21.037,mexc,AAVE/USDT:USDT,296.68,17308,296.67,14593,296.69,9749,296.7,873
1753591941430,04:52:21.430,mexc,AAVE/USDT:USDT,296.68,17308,296.67,14593,296.69,9749,296.7,873
1753591941833,04:52:21.833,mexc,AAVE/USDT:USDT,296.68,17308,296.67,14593,296.69,9749,296.7,873
1753591941833,04:52:21.833,mexc,AAVE/USDT:USDT,296.68,17308,296.67,14593,296.69,9749,296.7,873
1753591942236,04:52:22.236,mexc,AAVE/USDT:USDT,296.68,17308,296.67,14593,296.69,9749,296.7,873
1753591942340,04:52:22.340,mexc,AAVE/USDT:USDT,296.68,17308,296.67,14593,296.69,9749,296.7,873
1753591942629,04:52:22.629,mexc,AAVE/USDT:USDT,296.68,17308,296.67,14593,296.69,9749,296.7,873
1753591943032,04:52:23.032,mexc,AAVE/USDT:USDT,296.68,17308,296.67,14593,296.69,9749,296.7,873
1753591943032,04:52:23.032,mexc,AAVE/USDT:USDT,296.68,17308,296.67,19740,296.69,9749,296.7,873
1753591943437,04:52:23.437,mexc,AAVE/USDT:USDT,296.68,17308,296.67,19740,296.69,9749,296.7,873
1753591943552,04:52:23.552,mexc,AAVE/USDT:USDT,296.68,17308,296.67,14593,296.69,9749,296.7,873
1753591943829,04:52:23.829,mexc,AAVE/USDT:USDT,296.68,17308,296.67,14593,296.69,9749,296.7,873
1753591944233,04:52:24.233,mexc,AAVE/USDT:USDT,296.68,17308,296.67,14593,296.69,9749,296.7,873
1753591944233,04:52:24.233,mexc,AAVE/USDT:USDT,296.68,17308,296.67,14593,296.69,9749,296.7,873
1753591944636,04:52:24.636,mexc,AAVE/USDT:USDT,296.68,17308,296.67,14593,296.69,9749,296.7,873
1753591944636,04:52:24.636,mexc,AAVE/USDT:USDT,296.68,17308,296.67,14593,296.69,9749,296.7,873
1753591945207,04:52:25.207,mexc,AAVE/USDT:USDT,296.68,17308,296.67,14593,296.69,9749,296.7,873
1753591945222,04:52:25.222,mexc,AAVE/USDT:USDT,296.74,37278,296.73,28856,296.75,2605,296.76,11629
1753591945443,04:52:25.443,mexc,AAVE/USDT:USDT,296.74,37278,296.73,28856,296.75,2605,296.76,11629
1753591945841,04:52:25.841,mexc,AAVE/USDT:USDT,296.74,37278,296.73,28856,296.75,2605,296.76,11629
1753591945841,04:52:25.841,mexc,AAVE/USDT:USDT,296.74,37278,296.73,28856,296.75,2605,296.76,11629
1753591946229,04:52:26.229,mexc,AAVE/USDT:USDT,296.74,37278,296.73,28856,296.75,2605,296.76,11629
1753591946634,04:52:26.634,mexc,AAVE/USDT:USDT,296.74,37278,296.73,28856,296.75,2605,296.76,11629
1753591946634,04:52:26.634,mexc,AAVE/USDT:USDT,296.74,37278,296.73,34622,296.75,2605,296.76,11629
1753591947037,04:52:27.037,mexc,AAVE/USDT:USDT,296.74,37278,296.73,34622,296.75,2605,296.76,11629
1753591947037,04:52:27.037,mexc,AAVE/USDT:USDT,296.74,37278,296.73,28856,296.75,2605,296.76,11629
1753591947433,04:52:27.433,mexc,AAVE/USDT:USDT,296.74,37278,296.73,28856,296.75,2605,296.76,11629
1753591947834,04:52:27.834,mexc,AAVE/USDT:USDT,296.74,37278,296.73,34220,296.75,2605,296.76,11629
1753591947835,04:52:27.835,mexc,AAVE/USDT:USDT,296.74,37278,296.73,34220,296.75,2605,296.76,11629
1753591948237,04:52:28.237,mexc,AAVE/USDT:USDT,296.74,37278,296.73,28856,296.75,2605,296.76,11629
1753591948237,04:52:28.237,mexc,AAVE/USDT:USDT,296.74,37278,296.73,28856,296.75,2605,296.76,11629
1753591948630,04:52:28.630,mexc,AAVE/USDT:USDT,296.74,37278,296.73,28856,296.75,2605,296.76,11629
1753591949035,04:52:29.035,mexc,AAVE/USDT:USDT,296.74,37278,296.73,28856,296.75,2605,296.76,11629
1753591949035,04:52:29.035,mexc,AAVE/USDT:USDT,296.74,37278,296.73,28856,296.75,2605,296.76,11629
1753591949439,04:52:29.439,mexc,AAVE/USDT:USDT,296.74,37278,296.73,28856,296.75,2605,296.76,11629
1753591949554,04:52:29.554,mexc,AAVE/USDT:USDT,296.74,37278,296.73,28856,296.75,2605,296.76,11629
1753591949831,04:52:29.831,mexc,AAVE/USDT:USDT,296.74,37278,296.73,28856,296.75,2605,296.76,11629
1753591950235,04:52:30.235,mexc,AAVE/USDT:USDT,296.74,37278,296.73,28856,296.75,2605,296.76,11629
1753591950235,04:52:30.235,mexc,AAVE/USDT:USDT,296.74,37278,296.73,28856,296.75,2605,296.76,11629
1753591950637,04:52:30.637,mexc,AAVE/USDT:USDT,296.74,37278,296.73,28856,296.75,10809,296.76,11629
1753591950651,04:52:30.651,mexc,AAVE/USDT:USDT,296.74,17475,296.73,4975,296.75,8204,296.76,5001
1753591951436,04:52:31.436,mexc,AAVE/USDT:USDT,296.74,17475,296.73,4975,296.75,8204,296.76,5001
1753591951436,04:52:31.436,mexc,AAVE/USDT:USDT,296.74,17475,296.73,7070,296.75,8204,296.76,5001
1753591951839,04:52:31.839,mexc,AAVE/USDT:USDT,296.74,17475,296.73,7070,296.75,8204,296.76,5001
1753591951839,04:52:31.839,mexc,AAVE/USDT:USDT,296.74,17475,296.73,4975,296.75,8204,296.76,5001
1753591952231,04:52:32.231,mexc,AAVE/USDT:USDT,296.74,17475,296.73,4975,296.75,8204,296.76,5001
1753591952636,04:52:32.636,mexc,AAVE/USDT:USDT,296.74,17475,296.73,4975,296.75,8204,296.76,5001
1753591952636,04:52:32.636,mexc,AAVE/USDT:USDT,296.74,17475,296.73,5853,296.75,8204,296.76,5001
1753591953040,04:52:33.040,mexc,AAVE/USDT:USDT,296.74,17475,296.73,5853,296.75,8204,296.76,5001
1753591953040,04:52:33.040,mexc,AAVE/USDT:USDT,296.74,17475,296.73,4975,296.75,8204,296.76,5001
1753591953434,04:52:33.434,mexc,AAVE/USDT:USDT,296.74,17475,296.73,4975,296.75,8204,296.76,5001
1753591953836,04:52:33.836,mexc,AAVE/USDT:USDT,296.74,17475,296.73,4975,296.75,8204,296.76,5001
1753591953836,04:52:33.836,mexc,AAVE/USDT:USDT,296.74,17475,296.73,7320,296.75,8204,296.76,5001
1753591954240,04:52:34.240,mexc,AAVE/USDT:USDT,296.74,17475,296.73,7320,296.75,8204,296.76,5001
1753591954240,04:52:34.240,mexc,AAVE/USDT:USDT,296.74,17475,296.73,4975,296.75,8204,296.76,5001
1753591954633,04:52:34.633,mexc,AAVE/USDT:USDT,296.74,17475,296.73,4975,296.75,8204,296.76,5001
1753591955037,04:52:35.037,mexc,AAVE/USDT:USDT,296.74,17475,296.73,6647,296.75,8204,296.76,5001
1753591955037,04:52:35.037,mexc,AAVE/USDT:USDT,296.74,17475,296.73,6647,296.75,8204,296.76,5001
1753591955441,04:52:35.441,mexc,AAVE/USDT:USDT,296.74,17475,296.73,4975,296.75,8204,296.76,5001
1753591955561,04:52:35.561,mexc,AAVE/USDT:USDT,296.74,17475,296.73,4975,296.75,8204,296.76,5001
1753591955832,04:52:35.832,mexc,AAVE/USDT:USDT,296.74,17475,296.73,4975,296.75,8204,296.76,5001
1753591956238,04:52:36.238,mexc,AAVE/USDT:USDT,296.74,17475,296.73,4975,296.75,8204,296.76,5001
1753591956238,04:52:36.238,mexc,AAVE/USDT:USDT,296.74,17475,296.73,4975,296.75,8204,296.76,5001
1753591956640,04:52:36.640,mexc,AAVE/USDT:USDT,296.74,17475,296.73,4975,296.75,8204,296.76,5001
1753591956654,04:52:36.654,mexc,AAVE/USDT:USDT,296.71,764,296.7,402,296.72,32961,296.73,22390
1753591957442,04:52:37.442,mexc,AAVE/USDT:USDT,296.71,764,296.7,495,296.72,32961,296.73,22390
1753591957442,04:52:37.442,mexc,AAVE/USDT:USDT,296.71,764,296.7,495,296.72,32961,296.73,22390
1753591957841,04:52:37.841,mexc,AAVE/USDT:USDT,296.71,764,296.7,402,296.72,32961,296.73,22390
1753591957841,04:52:37.841,mexc,AAVE/USDT:USDT,296.71,764,296.7,402,296.72,32961,296.73,22390
1753591958232,04:52:38.232,mexc,AAVE/USDT:USDT,296.71,764,296.7,402,296.72,32961,296.73,22390
1753591958640,04:52:38.640,mexc,AAVE/USDT:USDT,296.71,764,296.7,402,296.72,32961,296.73,22390
1753591958640,04:52:38.640,mexc,AAVE/USDT:USDT,296.71,764,296.7,402,296.72,32961,296.73,22390
1753591959043,04:52:39.043,mexc,AAVE/USDT:USDT,296.71,764,296.7,402,296.72,32961,296.73,22390
1753591959043,04:52:39.043,mexc,AAVE/USDT:USDT,296.71,764,296.7,402,296.72,32961,296.73,22390
1753591959435,04:52:39.435,mexc,AAVE/USDT:USDT,296.71,764,296.7,402,296.72,32961,296.73,22390
1753591959838,04:52:39.838,mexc,AAVE/USDT:USDT,296.71,764,296.7,402,296.72,32961,296.73,22390
1753591959838,04:52:39.838,mexc,AAVE/USDT:USDT,296.71,764,296.7,402,296.72,32961,296.73,22390
1753591960241,04:52:40.241,mexc,AAVE/USDT:USDT,296.71,764,296.7,402,296.72,32961,296.73,22390
1753591960241,04:52:40.241,mexc,AAVE/USDT:USDT,296.71,764,296.7,402,296.72,32961,296.73,22390
1753591960633,04:52:40.633,mexc,AAVE/USDT:USDT,296.71,764,296.7,402,296.72,32961,296.73,22390
1753591961039,04:52:41.039,mexc,AAVE/USDT:USDT,296.71,764,296.7,402,296.72,32961,296.73,22390
1753591961039,04:52:41.039,mexc,AAVE/USDT:USDT,296.71,764,296.7,402,296.72,32961,296.73,22390
1753591961443,04:52:41.443,mexc,AAVE/USDT:USDT,296.71,764,296.7,402,296.72,32961,296.73,22390
1753591961444,04:52:41.444,mexc,AAVE/USDT:USDT,296.71,764,296.7,402,296.72,32961,296.73,22390
1753591961833,04:52:41.833,mexc,AAVE/USDT:USDT,296.71,764,296.7,402,296.72,32961,296.73,22390
1753591962238,04:52:42.238,mexc,AAVE/USDT:USDT,296.71,764,296.7,402,296.72,32961,296.73,22390
1753591962238,04:52:42.238,mexc,AAVE/USDT:USDT,296.71,764,296.7,402,296.72,32961,296.73,22390
1753591962641,04:52:42.641,mexc,AAVE/USDT:USDT,296.71,764,296.7,402,296.72,32961,296.73,22390
1753591962654,04:52:42.654,mexc,AAVE/USDT:USDT,296.69,21859,296.68,5183,296.7,5941,296.71,15165
1753591963445,04:52:43.445,mexc,AAVE/USDT:USDT,296.69,21859,296.68,5183,296.7,5941,296.71,15165
1753591963445,04:52:43.445,mexc,AAVE/USDT:USDT,296.69,21859,296.68,5183,296.7,5941,296.71,15165
1753591963842,04:52:43.842,mexc,AAVE/USDT:USDT,296.69,21859,296.68,5183,296.7,5941,296.71,18701
1753591964234,04:52:44.234,mexc,AAVE/USDT:USDT,296.69,21859,296.68,5183,296.7,5941,296.71,15165
1753591964234,04:52:44.234,mexc,AAVE/USDT:USDT,296.69,21859,296.68,5183,296.7,5941,296.71,15165
1753591964638,04:52:44.638,mexc,AAVE/USDT:USDT,296.69,21859,296.68,5183,296.7,5941,296.71,15165
1753591964638,04:52:44.638,mexc,AAVE/USDT:USDT,296.69,21859,296.68,5183,296.7,5941,296.71,15165
1753591965042,04:52:45.042,mexc,AAVE/USDT:USDT,296.69,21859,296.68,5183,296.7,5941,296.71,15165
1753591965042,04:52:45.042,mexc,AAVE/USDT:USDT,296.69,21859,296.68,5183,296.7,5941,296.71,15165
1753591965441,04:52:45.441,mexc,AAVE/USDT:USDT,296.69,21859,296.68,5183,296.7,5941,296.71,15165
1753591965839,04:52:45.839,mexc,AAVE/USDT:USDT,296.69,21859,296.68,6899,296.7,5941,296.71,15165
1753591965839,04:52:45.839,mexc,AAVE/USDT:USDT,296.69,21859,296.68,6899,296.7,5941,296.71,15165
1753591966242,04:52:46.242,mexc,AAVE/USDT:USDT,296.69,21859,296.68,5183,296.7,5941,296.71,22058
1753591966242,04:52:46.242,mexc,AAVE/USDT:USDT,296.69,21859,296.68,5183,296.7,5941,296.71,22058
1753591966636,04:52:46.636,mexc,AAVE/USDT:USDT,296.69,21859,296.68,5183,296.7,5941,296.71,15165
1753591967039,04:52:47.039,mexc,AAVE/USDT:USDT,296.69,21859,296.68,5183,296.7,5941,296.71,15165
1753591967039,04:52:47.039,mexc,AAVE/USDT:USDT,296.69,21859,296.68,5183,296.7,5941,296.71,15165
1753591967446,04:52:47.446,mexc,AAVE/USDT:USDT,296.69,21859,296.68,5183,296.7,5941,296.71,21384
1753591967446,04:52:47.446,mexc,AAVE/USDT:USDT,296.69,21859,296.68,5183,296.7,5941,296.71,21384
1753591967835,04:52:47.835,mexc,AAVE/USDT:USDT,296.69,21859,296.68,5183,296.7,5941,296.71,15165
1753591968239,04:52:48.239,mexc,AAVE/USDT:USDT,296.69,21859,296.68,5183,296.7,5941,296.71,15165
1753591968239,04:52:48.239,mexc,AAVE/USDT:USDT,296.69,21859,296.68,5183,296.7,5941,296.71,15165
1753591968641,04:52:48.641,mexc,AAVE/USDT:USDT,296.69,21859,296.68,5183,296.7,5941,296.71,15165
1753591968655,04:52:48.655,mexc,AAVE/USDT:USDT,296.74,49978,296.73,21538,296.75,1068,296.76,1129
1753591969440,04:52:49.440,mexc,AAVE/USDT:USDT,296.74,49978,296.73,27312,296.75,1068,296.76,1129
1753591969440,04:52:49.440,mexc,AAVE/USDT:USDT,296.74,49978,296.73,37248,296.75,1068,296.76,1129
1753591969844,04:52:49.844,mexc,AAVE/USDT:USDT,296.74,49978,296.73,31474,296.75,1068,296.76,1129
1753591969844,04:52:49.844,mexc,AAVE/USDT:USDT,296.74,49978,296.73,21538,296.75,1068,296.76,1129
1753591970235,04:52:50.235,mexc,AAVE/USDT:USDT,296.74,49978,296.73,21538,296.75,1068,296.76,1129
1753591970640,04:52:50.640,mexc,AAVE/USDT:USDT,296.74,49978,296.73,21538,296.75,1068,296.76,1129
1753591970640,04:52:50.640,mexc,AAVE/USDT:USDT,296.74,49978,296.73,21538,296.75,1068,296.76,1129
1753591971043,04:52:51.043,mexc,AAVE/USDT:USDT,296.74,49978,296.73,21538,296.75,1068,296.76,1684
1753591971044,04:52:51.044,mexc,AAVE/USDT:USDT,296.74,49978,296.73,21538,296.75,1068,296.76,1684
1753591971446,04:52:51.446,mexc,AAVE/USDT:USDT,296.74,49978,296.73,21538,296.75,1068,296.76,1129
1753591971446,04:52:51.446,mexc,AAVE/USDT:USDT,296.74,49978,296.73,21538,296.75,1068,296.76,1129
1753591971838,04:52:51.838,mexc,AAVE/USDT:USDT,296.74,49978,296.73,30317,296.75,1068,296.76,1129
