timestamp,time,exchange,symbol,bid1_price,bid1_volume,bid2_price,bid2_volume,ask1_price,ask1_volume,ask2_price,ask2_volume
1753591889388,04:51:29.388,huobi,AERGO/USDT:USDT,0.13274,121.0,0.13249,37.0,0.13301,120.0,0.13303,960.0
1753591904321,04:51:44.321,huobi,AERGO/USDT:USDT,0.13292,1.0,0.13274,121.0,0.13301,120.0,0.13303,960.0
1753591904346,04:51:44.346,huobi,AERGO/USDT:USDT,0.13275,116.0,0.13249,37.0,0.13301,120.0,0.13303,960.0
1753591921573,04:52:01.573,huobi,AERGO/USDT:USDT,0.13275,116.0,0.13249,37.0,0.13301,120.0,0.13303,960.0
1753591921623,04:52:01.623,huobi,AERGO/USDT:USDT,0.13275,116.0,0.13249,37.0,0.13301,120.0,0.13303,960.0
1753591921628,04:52:01.628,huobi,AERGO/USDT:USDT,0.13275,116.0,0.13249,37.0,0.13301,120.0,0.13303,960.0
1753591921677,04:52:01.677,huobi,AERGO/USDT:USDT,0.13275,116.0,0.13249,37.0,0.13301,120.0,0.13303,960.0
1753591921749,04:52:01.749,huobi,AERGO/USDT:USDT,0.13275,116.0,0.13249,37.0,0.13301,120.0,0.13303,960.0
1753591921857,04:52:01.857,huobi,AERGO/USDT:USDT,0.13275,116.0,0.13249,37.0,0.13301,120.0,0.13303,960.0
1753591921862,04:52:01.862,huobi,AERGO/USDT:USDT,0.13275,116.0,0.13249,37.0,0.13301,120.0,0.13303,960.0
1753591923033,04:52:03.033,huobi,AERGO/USDT:USDT,0.13275,116.0,0.13249,37.0,0.13301,120.0,0.13303,960.0
1753591923091,04:52:03.091,huobi,AERGO/USDT:USDT,0.13275,116.0,0.13249,37.0,0.13301,120.0,0.13303,960.0
1753591927186,04:52:07.186,huobi,AERGO/USDT:USDT,0.13275,116.0,0.13249,37.0,0.13301,120.0,0.13304,116.0
1753591927213,04:52:07.213,huobi,AERGO/USDT:USDT,0.13275,116.0,0.13249,37.0,0.13304,116.0,0.13306,116.0
1753591927494,04:52:07.494,huobi,AERGO/USDT:USDT,0.13275,116.0,0.13249,37.0,0.13306,116.0,0.13315,982.0
1753591927855,04:52:07.855,huobi,AERGO/USDT:USDT,0.13275,116.0,0.13249,37.0,0.13306,116.0,0.13315,982.0
1753591927957,04:52:07.957,huobi,AERGO/USDT:USDT,0.13275,116.0,0.13249,37.0,0.13306,116.0,0.13315,982.0
1753591940731,04:52:20.731,huobi,AERGO/USDT:USDT,0.13275,116.0,0.13249,37.0,0.13306,116.0,0.13315,982.0
1753591942589,04:52:22.589,huobi,AERGO/USDT:USDT,0.13275,116.0,0.13249,37.0,0.13306,116.0,0.13315,982.0
1753591942599,04:52:22.599,huobi,AERGO/USDT:USDT,0.13275,116.0,0.13249,37.0,0.13306,116.0,0.13315,22.0
1753591942771,04:52:22.771,huobi,AERGO/USDT:USDT,0.13275,116.0,0.13249,37.0,0.13306,116.0,0.13312,551.0
1753591942784,04:52:22.784,huobi,AERGO/USDT:USDT,0.13275,116.0,0.13249,37.0,0.13306,116.0,0.13311,960.0
1753591942891,04:52:22.891,huobi,AERGO/USDT:USDT,0.13275,116.0,0.13249,37.0,0.13306,116.0,0.13311,960.0
1753591947484,04:52:27.484,huobi,AERGO/USDT:USDT,0.13275,116.0,0.13249,37.0,0.13306,116.0,0.13311,960.0
1753591947530,04:52:27.530,huobi,AERGO/USDT:USDT,0.13275,116.0,0.13249,37.0,0.13306,116.0,0.13311,960.0
1753591947582,04:52:27.582,huobi,AERGO/USDT:USDT,0.13275,116.0,0.13249,37.0,0.13306,116.0,0.13311,960.0
1753591947610,04:52:27.610,huobi,AERGO/USDT:USDT,0.13275,116.0,0.13249,37.0,0.13306,116.0,0.13311,960.0
1753591947644,04:52:27.644,huobi,AERGO/USDT:USDT,0.13275,116.0,0.13249,37.0,0.13306,116.0,0.13311,960.0
1753591947720,04:52:27.720,huobi,AERGO/USDT:USDT,0.13275,116.0,0.13249,37.0,0.13306,116.0,0.13311,960.0
1753591947761,04:52:27.761,huobi,AERGO/USDT:USDT,0.13275,116.0,0.13249,37.0,0.13306,116.0,0.13311,960.0
1753591950385,04:52:30.385,huobi,AERGO/USDT:USDT,0.13275,116.0,0.13249,37.0,0.13306,116.0,0.13311,960.0
1753591950419,04:52:30.419,huobi,AERGO/USDT:USDT,0.13275,116.0,0.13249,37.0,0.13306,116.0,0.1331,22.0
1753591950575,04:52:30.575,huobi,AERGO/USDT:USDT,0.13275,116.0,0.13249,37.0,0.13306,116.0,0.1331,22.0
1753591951293,04:52:31.293,huobi,AERGO/USDT:USDT,0.13275,116.0,0.13249,37.0,0.13293,38.0,0.13306,116.0
1753591951307,04:52:31.307,huobi,AERGO/USDT:USDT,0.13275,116.0,0.13249,37.0,0.13306,116.0,0.1331,22.0
1753591951354,04:52:31.354,huobi,AERGO/USDT:USDT,0.13275,116.0,0.13249,37.0,0.13292,117.0,0.13306,116.0
1753591951369,04:52:31.369,huobi,AERGO/USDT:USDT,0.13275,116.0,0.13249,37.0,0.13292,117.0,0.13306,116.0
1753591951449,04:52:31.449,huobi,AERGO/USDT:USDT,0.13275,116.0,0.13249,37.0,0.13292,117.0,0.13306,116.0
1753591959696,04:52:39.696,huobi,AERGO/USDT:USDT,0.13275,116.0,0.13248,960.0,0.13306,116.0,0.13309,960.0
1753591959820,04:52:39.820,huobi,AERGO/USDT:USDT,0.13275,116.0,0.13249,37.0,0.13306,116.0,0.13309,960.0
1753591959885,04:52:39.885,huobi,AERGO/USDT:USDT,0.13275,116.0,0.13249,37.0,0.13306,116.0,0.13309,960.0
1753591975651,04:52:55.651,huobi,AERGO/USDT:USDT,0.13275,116.0,0.13249,37.0,0.13306,116.0,0.13309,960.0
1753591977643,04:52:57.643,huobi,AERGO/USDT:USDT,0.13275,116.0,0.13249,37.0,0.13306,116.0,0.13309,960.0
1753591977665,04:52:57.665,huobi,AERGO/USDT:USDT,0.13275,116.0,0.13249,37.0,0.13306,116.0,0.13309,960.0
1753591977719,04:52:57.719,huobi,AERGO/USDT:USDT,0.13275,116.0,0.13249,37.0,0.13306,116.0,0.1331,117.0
1753591977731,04:52:57.731,huobi,AERGO/USDT:USDT,0.13275,116.0,0.13249,37.0,0.1331,117.0,0.13317,982.0
1753591977754,04:52:57.754,huobi,AERGO/USDT:USDT,0.13275,116.0,0.13249,37.0,0.1331,117.0,0.13317,960.0
1753591977795,04:52:57.795,huobi,AERGO/USDT:USDT,0.13275,116.0,0.13249,37.0,0.1331,139.0,0.13317,960.0
1753591977819,04:52:57.819,huobi,AERGO/USDT:USDT,0.13275,116.0,0.13249,37.0,0.13309,117.0,0.1331,22.0
1753591977859,04:52:57.859,huobi,AERGO/USDT:USDT,0.13275,116.0,0.13249,37.0,0.13308,117.0,0.13311,117.0
1753591977927,04:52:57.927,huobi,AERGO/USDT:USDT,0.13275,116.0,0.13249,37.0,0.13308,117.0,0.13311,117.0
1753591977941,04:52:57.941,huobi,AERGO/USDT:USDT,0.13275,116.0,0.13249,37.0,0.13308,117.0,0.13311,117.0
1753591977991,04:52:57.991,huobi,AERGO/USDT:USDT,0.13275,116.0,0.13249,37.0,0.13311,117.0,0.13315,960.0
1753591982412,04:53:02.412,huobi,AERGO/USDT:USDT,0.13275,116.0,0.13249,37.0,0.13311,117.0,0.13316,22.0
1753591983592,04:53:03.592,huobi,AERGO/USDT:USDT,0.13275,116.0,0.13249,37.0,0.13311,117.0,0.13316,22.0
1753591983614,04:53:03.614,huobi,AERGO/USDT:USDT,0.13275,116.0,0.13249,37.0,0.13311,117.0,0.13316,22.0
1753591983650,04:53:03.650,huobi,AERGO/USDT:USDT,0.13275,116.0,0.13249,37.0,0.13311,117.0,0.13316,22.0
1753591985658,04:53:05.658,huobi,AERGO/USDT:USDT,0.13275,116.0,0.13249,37.0,0.13311,117.0,0.13316,22.0
1753591986088,04:53:06.088,huobi,AERGO/USDT:USDT,0.13275,116.0,0.13249,37.0,0.13311,117.0,0.13316,22.0
1753591986137,04:53:06.137,huobi,AERGO/USDT:USDT,0.13275,116.0,0.13249,37.0,0.13311,117.0,0.13316,22.0
1753591987096,04:53:07.096,huobi,AERGO/USDT:USDT,0.13275,116.0,0.13249,37.0,0.13311,117.0,0.13316,22.0
1753591987127,04:53:07.127,huobi,AERGO/USDT:USDT,0.13275,116.0,0.13249,37.0,0.13311,117.0,0.13316,22.0
1753591987182,04:53:07.182,huobi,AERGO/USDT:USDT,0.13275,116.0,0.13249,37.0,0.13311,117.0,0.13316,22.0
1753591987218,04:53:07.218,huobi,AERGO/USDT:USDT,0.13275,116.0,0.13249,37.0,0.13311,117.0,0.13316,22.0
1753591990698,04:53:10.698,huobi,AERGO/USDT:USDT,0.13275,116.0,0.13249,37.0,0.13311,117.0,0.13316,22.0
1753591990733,04:53:10.733,huobi,AERGO/USDT:USDT,0.13275,116.0,0.13249,37.0,0.13311,117.0,0.13316,22.0
1753591990954,04:53:10.954,huobi,AERGO/USDT:USDT,0.13275,116.0,0.13249,37.0,0.13311,117.0,0.13316,22.0
1753591990987,04:53:10.987,huobi,AERGO/USDT:USDT,0.13275,116.0,0.13249,37.0,0.13311,117.0,0.13316,22.0
1753591991296,04:53:11.296,huobi,AERGO/USDT:USDT,0.13275,116.0,0.13249,37.0,0.13311,117.0,0.13316,22.0
1753591991328,04:53:11.328,huobi,AERGO/USDT:USDT,0.13275,116.0,0.13249,37.0,0.13311,117.0,0.13316,22.0
1753591991479,04:53:11.479,huobi,AERGO/USDT:USDT,0.13275,116.0,0.13249,37.0,0.13311,117.0,0.13316,22.0
1753591991512,04:53:11.512,huobi,AERGO/USDT:USDT,0.13275,116.0,0.13249,37.0,0.13311,117.0,0.13316,22.0
1753591991838,04:53:11.838,huobi,AERGO/USDT:USDT,0.13275,116.0,0.13249,37.0,0.13311,117.0,0.13316,22.0
1753591991904,04:53:11.904,huobi,AERGO/USDT:USDT,0.13275,116.0,0.13249,37.0,0.13311,117.0,0.13316,22.0
1753591991982,04:53:11.982,huobi,AERGO/USDT:USDT,0.13275,116.0,0.13249,37.0,0.13311,117.0,0.13316,22.0
1753591992019,04:53:12.019,huobi,AERGO/USDT:USDT,0.13275,116.0,0.13249,37.0,0.13311,117.0,0.13316,22.0
1753591992337,04:53:12.337,huobi,AERGO/USDT:USDT,0.13275,116.0,0.13249,37.0,0.13311,117.0,0.13316,22.0
1753591992363,04:53:12.363,huobi,AERGO/USDT:USDT,0.13275,116.0,0.13249,37.0,0.13311,117.0,0.13316,22.0
1753591993093,04:53:13.093,huobi,AERGO/USDT:USDT,0.13275,116.0,0.13249,37.0,0.13311,117.0,0.13316,22.0
1753591993144,04:53:13.144,huobi,AERGO/USDT:USDT,0.13275,116.0,0.13249,37.0,0.13311,117.0,0.13316,22.0
1753591993492,04:53:13.492,huobi,AERGO/USDT:USDT,0.13275,116.0,0.13249,37.0,0.13311,117.0,0.13316,22.0
1753591993534,04:53:13.534,huobi,AERGO/USDT:USDT,0.13275,116.0,0.13249,37.0,0.13311,117.0,0.13316,22.0
1753591995501,04:53:15.501,huobi,AERGO/USDT:USDT,0.13293,11.0,0.13275,116.0,0.13311,117.0,0.13316,22.0
1753591995525,04:53:15.525,huobi,AERGO/USDT:USDT,0.13276,119.0,0.13249,37.0,0.13311,117.0,0.13316,22.0
1753591998889,04:53:18.889,huobi,AERGO/USDT:USDT,0.13276,119.0,0.13249,37.0,0.13311,117.0,0.13316,22.0
1753591998916,04:53:18.916,huobi,AERGO/USDT:USDT,0.13276,119.0,0.13249,37.0,0.13311,117.0,0.13317,960.0
1753591998936,04:53:18.936,huobi,AERGO/USDT:USDT,0.13276,119.0,0.13249,37.0,0.13311,117.0,0.13318,1076.0
1753591998968,04:53:18.968,huobi,AERGO/USDT:USDT,0.13276,119.0,0.13249,37.0,0.1331,22.0,0.13311,117.0
1753591999089,04:53:19.089,huobi,AERGO/USDT:USDT,0.13276,119.0,0.13249,37.0,0.13309,119.0,0.1331,22.0
1753591999120,04:53:19.120,huobi,AERGO/USDT:USDT,0.13276,119.0,0.13249,37.0,0.13309,119.0,0.1331,22.0
1753591999157,04:53:19.157,huobi,AERGO/USDT:USDT,0.13276,119.0,0.13249,37.0,0.13309,119.0,0.1331,22.0
1753591999265,04:53:19.265,huobi,AERGO/USDT:USDT,0.13276,119.0,0.13249,37.0,0.13309,119.0,0.1331,22.0
1753591999320,04:53:19.320,huobi,AERGO/USDT:USDT,0.13276,119.0,0.13249,37.0,0.13309,119.0,0.1331,22.0
1753591999413,04:53:19.413,huobi,AERGO/USDT:USDT,0.13276,119.0,0.13249,37.0,0.13309,119.0,0.1331,22.0
1753591999453,04:53:19.453,huobi,AERGO/USDT:USDT,0.13276,119.0,0.13249,37.0,0.13309,119.0,0.1331,22.0
1753592000784,04:53:20.784,huobi,AERGO/USDT:USDT,0.13276,119.0,0.13249,37.0,0.13309,119.0,0.1331,22.0
1753592000840,04:53:20.840,huobi,AERGO/USDT:USDT,0.13276,119.0,0.13249,37.0,0.13309,119.0,0.1331,22.0
1753592000976,04:53:20.976,huobi,AERGO/USDT:USDT,0.13276,119.0,0.13249,37.0,0.13309,119.0,0.1331,22.0
1753592001022,04:53:21.022,huobi,AERGO/USDT:USDT,0.13276,119.0,0.13249,37.0,0.13309,119.0,0.1331,22.0
1753592001223,04:53:21.223,huobi,AERGO/USDT:USDT,0.13276,119.0,0.13249,37.0,0.13309,119.0,0.1331,22.0
1753592001263,04:53:21.263,huobi,AERGO/USDT:USDT,0.13276,119.0,0.13249,37.0,0.13309,119.0,0.1331,22.0
1753592001634,04:53:21.634,huobi,AERGO/USDT:USDT,0.13276,119.0,0.13249,37.0,0.13309,119.0,0.1331,982.0
1753592001741,04:53:21.741,huobi,AERGO/USDT:USDT,0.13276,119.0,0.13249,37.0,0.13309,119.0,0.1331,982.0
1753592003057,04:53:23.057,huobi,AERGO/USDT:USDT,0.13276,119.0,0.13249,37.0,0.13309,119.0,0.1331,982.0
1753592003110,04:53:23.110,huobi,AERGO/USDT:USDT,0.13276,119.0,0.13249,37.0,0.13309,119.0,0.1331,982.0
1753592003194,04:53:23.194,huobi,AERGO/USDT:USDT,0.13276,119.0,0.13249,37.0,0.13309,119.0,0.1331,982.0
1753592003274,04:53:23.274,huobi,AERGO/USDT:USDT,0.13276,119.0,0.13249,37.0,0.13309,119.0,0.1331,982.0
1753592003370,04:53:23.370,huobi,AERGO/USDT:USDT,0.13276,119.0,0.13249,37.0,0.13309,119.0,0.1331,982.0
1753592003399,04:53:23.399,huobi,AERGO/USDT:USDT,0.13276,119.0,0.13249,37.0,0.13309,119.0,0.1331,982.0
1753592004041,04:53:24.041,huobi,AERGO/USDT:USDT,0.13276,119.0,0.13249,37.0,0.13309,119.0,0.1331,982.0
1753592004084,04:53:24.084,huobi,AERGO/USDT:USDT,0.13276,119.0,0.13249,37.0,0.13309,119.0,0.1331,982.0
1753592004356,04:53:24.356,huobi,AERGO/USDT:USDT,0.13276,119.0,0.13249,37.0,0.13309,119.0,0.1331,982.0
1753592004386,04:53:24.386,huobi,AERGO/USDT:USDT,0.13276,119.0,0.13249,37.0,0.13309,119.0,0.1331,982.0
1753592004797,04:53:24.797,huobi,AERGO/USDT:USDT,0.13276,119.0,0.13249,37.0,0.13309,119.0,0.1331,982.0
1753592004850,04:53:24.850,huobi,AERGO/USDT:USDT,0.13276,119.0,0.13249,37.0,0.13309,119.0,0.1331,982.0
1753592004883,04:53:24.883,huobi,AERGO/USDT:USDT,0.13276,119.0,0.13249,37.0,0.13309,119.0,0.1331,982.0
1753592004931,04:53:24.931,huobi,AERGO/USDT:USDT,0.13276,119.0,0.13249,37.0,0.13309,119.0,0.1331,982.0
1753592004940,04:53:24.940,huobi,AERGO/USDT:USDT,0.13276,119.0,0.13249,37.0,0.13309,119.0,0.1331,982.0
1753592004969,04:53:24.969,huobi,AERGO/USDT:USDT,0.13276,119.0,0.13249,37.0,0.13309,119.0,0.1331,982.0
1753592007272,04:53:27.272,huobi,AERGO/USDT:USDT,0.13276,119.0,0.13249,37.0,0.13309,119.0,0.1331,982.0
1753592007291,04:53:27.291,huobi,AERGO/USDT:USDT,0.13276,119.0,0.13247,1015.0,0.13309,119.0,0.1331,982.0
1753592007353,04:53:27.353,huobi,AERGO/USDT:USDT,0.13276,119.0,0.13248,37.0,0.13309,119.0,0.1331,982.0
1753592007374,04:53:27.374,huobi,AERGO/USDT:USDT,0.13276,119.0,0.13248,37.0,0.13309,119.0,0.1331,982.0
1753592007453,04:53:27.453,huobi,AERGO/USDT:USDT,0.13276,119.0,0.13248,37.0,0.13309,119.0,0.1331,982.0
1753592007487,04:53:27.487,huobi,AERGO/USDT:USDT,0.13276,119.0,0.13248,37.0,0.13309,119.0,0.1331,982.0
1753592007574,04:53:27.574,huobi,AERGO/USDT:USDT,0.13276,119.0,0.13248,997.0,0.13309,119.0,0.1331,982.0
1753592007614,04:53:27.614,huobi,AERGO/USDT:USDT,0.13276,119.0,0.13248,960.0,0.13309,119.0,0.1331,982.0
1753592007645,04:53:27.645,huobi,AERGO/USDT:USDT,0.13276,119.0,0.13249,37.0,0.13309,119.0,0.1331,982.0
1753592008707,04:53:28.707,huobi,AERGO/USDT:USDT,0.13276,119.0,0.13251,899.0,0.13309,119.0,0.1331,982.0
1753592008718,04:53:28.718,huobi,AERGO/USDT:USDT,0.13276,119.0,0.13251,899.0,0.13309,119.0,0.1331,982.0
1753592008758,04:53:28.758,huobi,AERGO/USDT:USDT,0.13276,119.0,0.13252,997.0,0.13309,119.0,0.1331,982.0
1753592008777,04:53:28.777,huobi,AERGO/USDT:USDT,0.13276,119.0,0.13252,960.0,0.13309,119.0,0.1331,982.0
1753592008815,04:53:28.815,huobi,AERGO/USDT:USDT,0.13276,119.0,0.13253,37.0,0.13309,119.0,0.1331,982.0
1753592009711,04:53:29.711,huobi,AERGO/USDT:USDT,0.13276,119.0,0.13253,37.0,0.13309,119.0,0.1331,982.0
1753592012123,04:53:32.123,huobi,AERGO/USDT:USDT,0.13276,119.0,0.13253,37.0,0.13309,119.0,0.1331,982.0
1753592012156,04:53:32.156,huobi,AERGO/USDT:USDT,0.13276,119.0,0.13253,37.0,0.13309,119.0,0.1331,982.0
1753592012645,04:53:32.645,huobi,AERGO/USDT:USDT,0.13276,119.0,0.13253,37.0,0.13309,119.0,0.1331,982.0
1753592020530,04:53:40.530,huobi,AERGO/USDT:USDT,0.13276,119.0,0.13253,37.0,0.13309,119.0,0.1331,960.0
1753592020583,04:53:40.583,huobi,AERGO/USDT:USDT,0.13276,119.0,0.13253,37.0,0.13308,22.0,0.13309,119.0
1753592020601,04:53:40.601,huobi,AERGO/USDT:USDT,0.13276,119.0,0.13253,37.0,0.13307,117.0,0.13308,22.0
1753592020725,04:53:40.725,huobi,AERGO/USDT:USDT,0.13276,119.0,0.13253,37.0,0.13307,117.0,0.13308,982.0
1753592020959,04:53:40.959,huobi,AERGO/USDT:USDT,0.13276,119.0,0.13253,37.0,0.13307,117.0,0.13308,982.0
1753592026977,04:53:46.977,huobi,AERGO/USDT:USDT,0.13276,119.0,0.13253,37.0,0.13307,117.0,0.13308,982.0
1753592027023,04:53:47.023,huobi,AERGO/USDT:USDT,0.13276,119.0,0.13253,37.0,0.13307,117.0,0.13308,982.0
1753592027124,04:53:47.124,huobi,AERGO/USDT:USDT,0.13276,119.0,0.13253,37.0,0.13307,117.0,0.13308,982.0
1753592027156,04:53:47.156,huobi,AERGO/USDT:USDT,0.13276,119.0,0.13253,37.0,0.13307,117.0,0.13308,982.0
1753592027949,04:53:47.949,huobi,AERGO/USDT:USDT,0.13276,119.0,0.13253,37.0,0.13307,117.0,0.13308,982.0
1753592027987,04:53:47.987,huobi,AERGO/USDT:USDT,0.13276,119.0,0.13253,37.0,0.13307,117.0,0.13308,982.0
1753592028141,04:53:48.141,huobi,AERGO/USDT:USDT,0.13276,119.0,0.13253,37.0,0.13307,117.0,0.13308,982.0
1753592028184,04:53:48.184,huobi,AERGO/USDT:USDT,0.13276,119.0,0.13253,37.0,0.13307,117.0,0.13308,982.0
1753592044912,04:54:04.912,huobi,AERGO/USDT:USDT,0.13276,119.0,0.13253,37.0,0.13307,117.0,0.13308,960.0
1753592044951,04:54:04.951,huobi,AERGO/USDT:USDT,0.13276,119.0,0.13253,37.0,0.13307,117.0,0.13308,960.0
1753592045272,04:54:05.272,huobi,AERGO/USDT:USDT,0.13289,41.0,0.13276,119.0,0.13307,117.0,0.13308,960.0
1753592045296,04:54:05.296,huobi,AERGO/USDT:USDT,0.13253,37.0,0.13252,1076.0,0.13307,117.0,0.13308,960.0
1753592046580,04:54:06.580,huobi,AERGO/USDT:USDT,0.13277,120.0,0.13253,37.0,0.13307,117.0,0.13308,960.0
1753592046629,04:54:06.629,huobi,AERGO/USDT:USDT,0.13277,120.0,0.13253,37.0,0.13307,117.0,0.13308,960.0
1753592046883,04:54:06.883,huobi,AERGO/USDT:USDT,0.13277,120.0,0.13253,37.0,0.13307,117.0,0.13308,960.0
1753592046917,04:54:06.917,huobi,AERGO/USDT:USDT,0.13277,120.0,0.13253,37.0,0.13307,117.0,0.13308,960.0
1753592047091,04:54:07.091,huobi,AERGO/USDT:USDT,0.13277,120.0,0.13253,37.0,0.13307,117.0,0.13308,960.0
1753592047139,04:54:07.139,huobi,AERGO/USDT:USDT,0.13277,120.0,0.13253,37.0,0.13307,117.0,0.13308,960.0
1753592047246,04:54:07.246,huobi,AERGO/USDT:USDT,0.13277,120.0,0.13253,37.0,0.13307,117.0,0.13308,960.0
1753592047289,04:54:07.289,huobi,AERGO/USDT:USDT,0.13277,120.0,0.13253,37.0,0.13307,117.0,0.13308,960.0
1753592047342,04:54:07.342,huobi,AERGO/USDT:USDT,0.13277,120.0,0.13253,37.0,0.13307,117.0,0.13308,960.0
1753592047378,04:54:07.378,huobi,AERGO/USDT:USDT,0.13277,120.0,0.13253,37.0,0.13307,117.0,0.13308,960.0
1753592047408,04:54:07.408,huobi,AERGO/USDT:USDT,0.13277,120.0,0.13253,37.0,0.13307,117.0,0.13308,960.0
1753592049997,04:54:09.997,huobi,AERGO/USDT:USDT,0.13277,120.0,0.13253,37.0,0.13307,117.0,0.13308,960.0
1753592050063,04:54:10.063,huobi,AERGO/USDT:USDT,0.13277,120.0,0.13253,37.0,0.13307,117.0,0.13308,960.0
1753592055016,04:54:15.016,huobi,AERGO/USDT:USDT,0.13277,120.0,0.13253,37.0,0.13307,117.0,0.13308,960.0
1753592055049,04:54:15.049,huobi,AERGO/USDT:USDT,0.13277,120.0,0.13253,37.0,0.13307,117.0,0.13308,960.0
1753592055071,04:54:15.071,huobi,AERGO/USDT:USDT,0.13277,120.0,0.13253,37.0,0.13307,117.0,0.13308,960.0
1753592055104,04:54:15.104,huobi,AERGO/USDT:USDT,0.13277,120.0,0.13253,37.0,0.13307,117.0,0.13308,960.0
1753592056741,04:54:16.741,huobi,AERGO/USDT:USDT,0.13277,120.0,0.13253,37.0,0.13307,117.0,0.13308,960.0
1753592056782,04:54:16.782,huobi,AERGO/USDT:USDT,0.13277,120.0,0.13253,37.0,0.13307,117.0,0.13308,960.0
1753592059016,04:54:19.016,huobi,AERGO/USDT:USDT,0.13277,120.0,0.13253,37.0,0.13307,117.0,0.13308,960.0
1753592059026,04:54:19.026,huobi,AERGO/USDT:USDT,0.13277,120.0,0.13253,37.0,0.13307,117.0,0.13308,960.0
1753592059077,04:54:19.077,huobi,AERGO/USDT:USDT,0.13277,120.0,0.13253,37.0,0.13307,117.0,0.13308,960.0
1753592062407,04:54:22.407,huobi,AERGO/USDT:USDT,0.13277,120.0,0.13253,37.0,0.13307,117.0,0.13308,960.0
1753592062467,04:54:22.467,huobi,AERGO/USDT:USDT,0.13277,120.0,0.13253,37.0,0.13307,117.0,0.13308,960.0
1753592062477,04:54:22.477,huobi,AERGO/USDT:USDT,0.13277,120.0,0.13253,37.0,0.13307,117.0,0.13308,960.0
1753592062508,04:54:22.508,huobi,AERGO/USDT:USDT,0.13277,120.0,0.13253,37.0,0.13307,117.0,0.13308,960.0
1753592066644,04:54:26.644,huobi,AERGO/USDT:USDT,0.13277,120.0,0.13253,37.0,0.13307,117.0,0.13308,960.0
1753592066919,04:54:26.919,huobi,AERGO/USDT:USDT,0.13277,120.0,0.13253,37.0,0.13307,117.0,0.13308,960.0
1753592066987,04:54:26.987,huobi,AERGO/USDT:USDT,0.13277,120.0,0.13253,37.0,0.13307,117.0,0.13308,960.0
1753592067006,04:54:27.006,huobi,AERGO/USDT:USDT,0.13277,120.0,0.13253,37.0,0.13307,117.0,0.1331,982.0
1753592076585,04:54:36.585,huobi,AERGO/USDT:USDT,0.13277,120.0,0.13252,1076.0,0.13307,117.0,0.1331,982.0
1753592076691,04:54:36.691,huobi,AERGO/USDT:USDT,0.13277,120.0,0.13252,1076.0,0.13307,117.0,0.13309,445.0
1753592076700,04:54:36.700,huobi,AERGO/USDT:USDT,0.13277,120.0,0.13253,37.0,0.13307,117.0,0.13309,445.0
1753592076748,04:54:36.748,huobi,AERGO/USDT:USDT,0.13277,120.0,0.13253,37.0,0.13307,117.0,0.13308,960.0
1753592076794,04:54:36.794,huobi,AERGO/USDT:USDT,0.13277,120.0,0.13253,37.0,0.13307,117.0,0.13308,960.0
1753592076857,04:54:36.857,huobi,AERGO/USDT:USDT,0.13277,120.0,0.13253,37.0,0.13307,117.0,0.13308,960.0
1753592077878,04:54:37.878,huobi,AERGO/USDT:USDT,0.13277,120.0,0.13253,37.0,0.13307,117.0,0.13308,960.0
1753592078531,04:54:38.531,huobi,AERGO/USDT:USDT,0.13277,120.0,0.13253,37.0,0.13307,117.0,0.13308,960.0
1753592078564,04:54:38.564,huobi,AERGO/USDT:USDT,0.13277,120.0,0.13253,37.0,0.13307,117.0,0.13308,960.0
1753592078626,04:54:38.626,huobi,AERGO/USDT:USDT,0.13277,120.0,0.13253,37.0,0.13307,117.0,0.13308,960.0
1753592087096,04:54:47.096,huobi,AERGO/USDT:USDT,0.13277,120.0,0.13253,37.0,0.13307,117.0,0.13308,960.0
1753592087132,04:54:47.132,huobi,AERGO/USDT:USDT,0.13277,120.0,0.13253,37.0,0.13307,117.0,0.13308,960.0
1753592087189,04:54:47.189,huobi,AERGO/USDT:USDT,0.13277,120.0,0.13253,37.0,0.13307,117.0,0.13308,960.0
1753592087200,04:54:47.200,huobi,AERGO/USDT:USDT,0.13277,120.0,0.13253,37.0,0.13307,117.0,0.13309,116.0
1753592087238,04:54:47.238,huobi,AERGO/USDT:USDT,0.13277,120.0,0.13253,37.0,0.13309,116.0,0.13317,960.0
1753592088529,04:54:48.529,huobi,AERGO/USDT:USDT,0.13277,120.0,0.13253,37.0,0.13309,116.0,0.13317,960.0
1753592088546,04:54:48.546,huobi,AERGO/USDT:USDT,0.13277,120.0,0.13253,37.0,0.13309,116.0,0.13318,22.0
1753592088584,04:54:48.584,huobi,AERGO/USDT:USDT,0.13277,120.0,0.13253,37.0,0.13309,116.0,0.13338,997.0
1753592088628,04:54:48.628,huobi,AERGO/USDT:USDT,0.13277,120.0,0.13253,37.0,0.13309,116.0,0.13338,1019.0
1753592088764,04:54:48.764,huobi,AERGO/USDT:USDT,0.13277,120.0,0.13253,37.0,0.13309,116.0,0.13338,982.0
1753592088794,04:54:48.794,huobi,AERGO/USDT:USDT,0.13277,120.0,0.13253,37.0,0.13309,116.0,0.13337,37.0
1753592092316,04:54:52.316,huobi,AERGO/USDT:USDT,0.13277,120.0,0.13253,37.0,0.13309,116.0,0.13325,621.0
1753592092330,04:54:52.330,huobi,AERGO/USDT:USDT,0.13277,120.0,0.13253,37.0,0.13309,116.0,0.13324,960.0
1753592092376,04:54:52.376,huobi,AERGO/USDT:USDT,0.13277,120.0,0.13253,37.0,0.13309,116.0,0.13324,982.0
1753592092430,04:54:52.430,huobi,AERGO/USDT:USDT,0.13277,120.0,0.13253,37.0,0.13292,41.0,0.13309,116.0
1753592092449,04:54:52.449,huobi,AERGO/USDT:USDT,0.13277,120.0,0.13253,37.0,0.13309,116.0,0.13323,37.0
1753592092566,04:54:52.566,huobi,AERGO/USDT:USDT,0.13277,120.0,0.13253,37.0,0.13309,116.0,0.13323,37.0
1753592093851,04:54:53.851,huobi,AERGO/USDT:USDT,0.13277,120.0,0.13253,37.0,0.13309,116.0,0.13323,37.0
1753592099643,04:54:59.643,huobi,AERGO/USDT:USDT,0.13277,120.0,0.13253,37.0,0.13309,116.0,0.13314,584.0
1753592099657,04:54:59.657,huobi,AERGO/USDT:USDT,0.13277,120.0,0.13253,37.0,0.13309,116.0,0.13314,584.0
1753592099764,04:54:59.764,huobi,AERGO/USDT:USDT,0.13277,120.0,0.13253,37.0,0.13309,116.0,0.13313,960.0
1753592099819,04:54:59.819,huobi,AERGO/USDT:USDT,0.13277,120.0,0.13253,37.0,0.13309,116.0,0.13313,1102.0
1753592099838,04:54:59.838,huobi,AERGO/USDT:USDT,0.13277,120.0,0.13253,37.0,0.13309,116.0,0.13313,1102.0
1753592099873,04:54:59.873,huobi,AERGO/USDT:USDT,0.13277,120.0,0.13253,37.0,0.13309,116.0,0.13313,1102.0
1753592102123,04:55:02.123,huobi,AERGO/USDT:USDT,0.13277,120.0,0.13253,37.0,0.13309,116.0,0.13313,1080.0
1753592102217,04:55:02.217,huobi,AERGO/USDT:USDT,0.13277,120.0,0.13253,37.0,0.13309,116.0,0.13313,1080.0
1753592102239,04:55:02.239,huobi,AERGO/USDT:USDT,0.13277,120.0,0.13253,37.0,0.13309,116.0,0.13313,1080.0
1753592102273,04:55:02.273,huobi,AERGO/USDT:USDT,0.13277,120.0,0.13253,37.0,0.13309,116.0,0.13313,1080.0
1753592102550,04:55:02.550,huobi,AERGO/USDT:USDT,0.13277,120.0,0.13253,37.0,0.13309,116.0,0.13313,1080.0
1753592102551,04:55:02.551,huobi,AERGO/USDT:USDT,0.13277,120.0,0.13253,37.0,0.13309,116.0,0.13313,120.0
1753592102558,04:55:02.558,huobi,AERGO/USDT:USDT,0.13277,120.0,0.13253,37.0,0.13313,120.0,0.13314,960.0
1753592102610,04:55:02.610,huobi,AERGO/USDT:USDT,0.13277,120.0,0.13253,37.0,0.13313,120.0,0.13314,982.0
1753592102629,04:55:02.629,huobi,AERGO/USDT:USDT,0.13277,120.0,0.13253,37.0,0.13313,120.0,0.13314,982.0
1753592102671,04:55:02.671,huobi,AERGO/USDT:USDT,0.13277,120.0,0.13253,37.0,0.13313,120.0,0.13314,982.0
1753592103186,04:55:03.186,huobi,AERGO/USDT:USDT,0.13277,120.0,0.13253,37.0,0.13313,120.0,0.13314,22.0
1753592104646,04:55:04.646,huobi,AERGO/USDT:USDT,0.13277,120.0,0.13253,37.0,0.13313,120.0,0.13314,22.0
1753592104659,04:55:04.659,huobi,AERGO/USDT:USDT,0.13277,120.0,0.13253,37.0,0.13313,120.0,0.13314,22.0
1753592104701,04:55:04.701,huobi,AERGO/USDT:USDT,0.13277,120.0,0.13253,37.0,0.13313,120.0,0.13314,22.0
1753592104714,04:55:04.714,huobi,AERGO/USDT:USDT,0.13277,120.0,0.13253,37.0,0.13313,120.0,0.13314,22.0
1753592104750,04:55:04.750,huobi,AERGO/USDT:USDT,0.13277,120.0,0.13253,37.0,0.13313,120.0,0.13314,22.0
1753592104776,04:55:04.776,huobi,AERGO/USDT:USDT,0.13277,120.0,0.13253,37.0,0.13313,120.0,0.13314,22.0
1753592104816,04:55:04.816,huobi,AERGO/USDT:USDT,0.13277,120.0,0.13253,37.0,0.13313,120.0,0.13314,22.0
1753592107435,04:55:07.435,huobi,AERGO/USDT:USDT,0.13277,120.0,0.13253,37.0,0.13313,120.0,0.13314,22.0
1753592107467,04:55:07.467,huobi,AERGO/USDT:USDT,0.13277,120.0,0.13253,37.0,0.13313,120.0,0.13315,120.0
1753592107485,04:55:07.485,huobi,AERGO/USDT:USDT,0.13277,120.0,0.13253,37.0,0.13315,120.0,0.13321,22.0
1753592107521,04:55:07.521,huobi,AERGO/USDT:USDT,0.13277,120.0,0.13253,37.0,0.13315,120.0,0.13321,22.0
1753592107538,04:55:07.538,huobi,AERGO/USDT:USDT,0.13277,120.0,0.13253,37.0,0.13315,120.0,0.13321,22.0
1753592107574,04:55:07.574,huobi,AERGO/USDT:USDT,0.13277,120.0,0.13253,37.0,0.13315,120.0,0.13321,22.0
1753592107601,04:55:07.601,huobi,AERGO/USDT:USDT,0.13277,120.0,0.13253,37.0,0.13315,120.0,0.13321,22.0
1753592107638,04:55:07.638,huobi,AERGO/USDT:USDT,0.13277,120.0,0.13253,37.0,0.13315,120.0,0.13321,22.0
1753592107657,04:55:07.657,huobi,AERGO/USDT:USDT,0.13277,120.0,0.13253,37.0,0.13315,120.0,0.13321,22.0
1753592107694,04:55:07.694,huobi,AERGO/USDT:USDT,0.13277,120.0,0.13253,37.0,0.13315,120.0,0.13321,22.0
1753592107755,04:55:07.755,huobi,AERGO/USDT:USDT,0.13277,120.0,0.13253,37.0,0.13315,120.0,0.13321,22.0
1753592107780,04:55:07.780,huobi,AERGO/USDT:USDT,0.13277,120.0,0.13252,1076.0,0.13315,120.0,0.13321,22.0
1753592107806,04:55:07.806,huobi,AERGO/USDT:USDT,0.13278,37.0,0.13277,120.0,0.13315,120.0,0.13321,22.0
1753592107853,04:55:07.853,huobi,AERGO/USDT:USDT,0.1328,37.0,0.13279,116.0,0.13315,120.0,0.13321,22.0
1753592107865,04:55:07.865,huobi,AERGO/USDT:USDT,0.13281,116.0,0.1328,37.0,0.13315,120.0,0.13321,22.0
1753592107920,04:55:07.920,huobi,AERGO/USDT:USDT,0.13281,116.0,0.1328,37.0,0.13315,120.0,0.13321,22.0
1753592107952,04:55:07.952,huobi,AERGO/USDT:USDT,0.13281,116.0,0.1328,37.0,0.13315,120.0,0.13321,22.0
1753592108379,04:55:08.379,huobi,AERGO/USDT:USDT,0.13281,116.0,0.1328,37.0,0.13315,120.0,0.13321,22.0
1753592108412,04:55:08.412,huobi,AERGO/USDT:USDT,0.13281,116.0,0.1328,37.0,0.13315,120.0,0.13321,22.0
1753592108470,04:55:08.470,huobi,AERGO/USDT:USDT,0.13281,116.0,0.1328,37.0,0.13315,120.0,0.13321,22.0
1753592110070,04:55:10.070,huobi,AERGO/USDT:USDT,0.13281,116.0,0.1328,37.0,0.13315,120.0,0.13321,22.0
1753592110087,04:55:10.087,huobi,AERGO/USDT:USDT,0.13281,116.0,0.1328,997.0,0.13315,120.0,0.13321,22.0
1753592110145,04:55:10.145,huobi,AERGO/USDT:USDT,0.13281,116.0,0.1328,960.0,0.13315,120.0,0.13321,22.0
1753592110176,04:55:10.176,huobi,AERGO/USDT:USDT,0.13281,116.0,0.1328,960.0,0.13315,120.0,0.13328,960.0
1753592110238,04:55:10.238,huobi,AERGO/USDT:USDT,0.13281,116.0,0.1328,960.0,0.13315,120.0,0.13327,22.0
1753592112760,04:55:12.760,huobi,AERGO/USDT:USDT,0.13281,116.0,0.13278,997.0,0.13315,120.0,0.13327,22.0
1753592112812,04:55:12.812,huobi,AERGO/USDT:USDT,0.13281,116.0,0.13279,37.0,0.13315,120.0,0.13327,22.0
1753592115499,04:55:15.499,huobi,AERGO/USDT:USDT,0.13281,116.0,0.13279,37.0,0.13315,120.0,0.13327,22.0
1753592115716,04:55:15.716,huobi,AERGO/USDT:USDT,0.13281,116.0,0.13279,37.0,0.13315,120.0,0.13327,22.0
1753592115821,04:55:15.821,huobi,AERGO/USDT:USDT,0.13281,116.0,0.13279,37.0,0.13315,120.0,0.13322,523.0
1753592120694,04:55:20.694,huobi,AERGO/USDT:USDT,0.13281,116.0,0.13279,37.0,0.13315,120.0,0.13322,523.0
1753592120712,04:55:20.712,huobi,AERGO/USDT:USDT,0.13281,116.0,0.13279,37.0,0.13315,120.0,0.13321,960.0
1753592120751,04:55:20.751,huobi,AERGO/USDT:USDT,0.13281,116.0,0.13279,37.0,0.13315,120.0,0.13321,1079.0
1753592120773,04:55:20.773,huobi,AERGO/USDT:USDT,0.13281,116.0,0.13279,37.0,0.13315,120.0,0.13321,1079.0
1753592120813,04:55:20.813,huobi,AERGO/USDT:USDT,0.13281,116.0,0.13279,37.0,0.13315,120.0,0.13321,1079.0
1753592120953,04:55:20.953,huobi,AERGO/USDT:USDT,0.13281,116.0,0.13279,37.0,0.13315,120.0,0.13321,1079.0
1753592120996,04:55:20.996,huobi,AERGO/USDT:USDT,0.13281,116.0,0.13279,37.0,0.13315,120.0,0.13321,1079.0
1753592121011,04:55:21.011,huobi,AERGO/USDT:USDT,0.13281,116.0,0.13279,37.0,0.13315,120.0,0.13321,1079.0
1753592121037,04:55:21.037,huobi,AERGO/USDT:USDT,0.13281,116.0,0.13279,37.0,0.13315,120.0,0.13321,119.0
1753592121218,04:55:21.218,huobi,AERGO/USDT:USDT,0.13281,116.0,0.13279,37.0,0.13321,119.0,0.13322,960.0
1753592121248,04:55:21.248,huobi,AERGO/USDT:USDT,0.13281,116.0,0.13279,37.0,0.13321,119.0,0.13322,960.0
1753592121278,04:55:21.278,huobi,AERGO/USDT:USDT,0.13281,116.0,0.13279,37.0,0.13321,119.0,0.13322,960.0
1753592121308,04:55:21.308,huobi,AERGO/USDT:USDT,0.13281,116.0,0.13279,37.0,0.13321,119.0,0.13322,960.0
1753592121335,04:55:21.335,huobi,AERGO/USDT:USDT,0.13281,116.0,0.13279,37.0,0.13321,119.0,0.13322,960.0
1753592121369,04:55:21.369,huobi,AERGO/USDT:USDT,0.13281,116.0,0.13279,37.0,0.13321,119.0,0.13322,960.0
1753592121518,04:55:21.518,huobi,AERGO/USDT:USDT,0.13281,116.0,0.13279,37.0,0.13321,119.0,0.13322,960.0
1753592121560,04:55:21.560,huobi,AERGO/USDT:USDT,0.13281,116.0,0.13279,37.0,0.13321,119.0,0.13322,960.0
1753592121594,04:55:21.594,huobi,AERGO/USDT:USDT,0.13281,116.0,0.13279,37.0,0.13321,119.0,0.13322,960.0
1753592121627,04:55:21.627,huobi,AERGO/USDT:USDT,0.13281,116.0,0.13279,37.0,0.13321,119.0,0.13322,960.0
1753592121635,04:55:21.635,huobi,AERGO/USDT:USDT,0.13281,116.0,0.13279,37.0,0.13321,119.0,0.13322,960.0
1753592121671,04:55:21.671,huobi,AERGO/USDT:USDT,0.13281,116.0,0.13279,37.0,0.13321,119.0,0.13322,960.0
1753592121706,04:55:21.706,huobi,AERGO/USDT:USDT,0.13281,116.0,0.13279,37.0,0.13321,119.0,0.13323,1101.0
1753592121725,04:55:21.725,huobi,AERGO/USDT:USDT,0.13281,116.0,0.13279,37.0,0.13321,119.0,0.13323,1101.0
1753592121792,04:55:21.792,huobi,AERGO/USDT:USDT,0.13281,116.0,0.13279,37.0,0.13321,119.0,0.13323,1101.0
1753592122730,04:55:22.730,huobi,AERGO/USDT:USDT,0.13281,116.0,0.13278,960.0,0.13321,119.0,0.13323,1101.0
1753592122770,04:55:22.770,huobi,AERGO/USDT:USDT,0.13281,116.0,0.13278,997.0,0.13321,119.0,0.13323,1101.0
1753592123750,04:55:23.750,huobi,AERGO/USDT:USDT,0.13281,116.0,0.13278,997.0,0.13321,119.0,0.13323,1101.0
1753592124798,04:55:24.798,huobi,AERGO/USDT:USDT,0.13281,116.0,0.13278,960.0,0.13321,119.0,0.13323,1101.0
1753592124833,04:55:24.833,huobi,AERGO/USDT:USDT,0.13281,116.0,0.13278,997.0,0.13321,119.0,0.13323,1101.0
1753592124884,04:55:24.884,huobi,AERGO/USDT:USDT,0.13281,116.0,0.13278,960.0,0.13321,119.0,0.13323,1101.0
1753592124939,04:55:24.939,huobi,AERGO/USDT:USDT,0.13281,116.0,0.13279,37.0,0.13321,119.0,0.13323,1101.0
1753592125312,04:55:25.312,huobi,AERGO/USDT:USDT,0.13281,116.0,0.13278,960.0,0.13321,119.0,0.13323,1101.0
1753592125357,04:55:25.357,huobi,AERGO/USDT:USDT,0.13281,116.0,0.13278,960.0,0.13321,119.0,0.13323,1101.0
1753592125405,04:55:25.405,huobi,AERGO/USDT:USDT,0.13281,116.0,0.13278,960.0,0.13321,119.0,0.13323,1101.0
1753592125425,04:55:25.425,huobi,AERGO/USDT:USDT,0.13281,116.0,0.13278,960.0,0.13321,119.0,0.13323,1101.0
1753592125465,04:55:25.465,huobi,AERGO/USDT:USDT,0.13281,116.0,0.13278,960.0,0.13321,119.0,0.13323,1101.0
1753592126322,04:55:26.322,huobi,AERGO/USDT:USDT,0.13281,116.0,0.13278,960.0,0.13321,119.0,0.13323,1101.0
1753592134380,04:55:34.380,huobi,AERGO/USDT:USDT,0.13281,116.0,0.13278,960.0,0.13321,119.0,0.13323,1101.0
1753592134396,04:55:34.396,huobi,AERGO/USDT:USDT,0.13281,116.0,0.13278,960.0,0.13321,119.0,0.13322,960.0
1753592134502,04:55:34.502,huobi,AERGO/USDT:USDT,0.13281,116.0,0.13278,960.0,0.13321,119.0,0.13322,960.0
1753592134823,04:55:34.823,huobi,AERGO/USDT:USDT,0.13281,116.0,0.13278,960.0,0.13321,119.0,0.13322,960.0
1753592134847,04:55:34.847,huobi,AERGO/USDT:USDT,0.13281,116.0,0.13278,960.0,0.13321,119.0,0.13322,960.0
1753592134885,04:55:34.885,huobi,AERGO/USDT:USDT,0.13281,116.0,0.13278,960.0,0.13321,119.0,0.13322,960.0
1753592136103,04:55:36.103,huobi,AERGO/USDT:USDT,0.13281,116.0,0.13278,960.0,0.13321,119.0,0.13322,960.0
1753592136151,04:55:36.151,huobi,AERGO/USDT:USDT,0.13281,116.0,0.13278,960.0,0.13321,119.0,0.13322,960.0
1753592140796,04:55:40.796,huobi,AERGO/USDT:USDT,0.13309,41.0,0.13281,116.0,0.13321,119.0,0.13322,960.0
1753592140805,04:55:40.805,huobi,AERGO/USDT:USDT,0.13278,960.0,0.13277,120.0,0.13321,119.0,0.13322,960.0
1753592140837,04:55:40.837,huobi,AERGO/USDT:USDT,0.13282,120.0,0.13277,120.0,0.13321,119.0,0.13322,982.0
1753592140970,04:55:40.970,huobi,AERGO/USDT:USDT,0.13277,120.0,0.13268,997.0,0.13321,119.0,0.13322,982.0
1753592140984,04:55:40.984,huobi,AERGO/USDT:USDT,0.13277,120.0,0.13268,997.0,0.13321,119.0,0.13322,960.0
1753592141018,04:55:41.018,huobi,AERGO/USDT:USDT,0.13277,120.0,0.13268,960.0,0.13321,119.0,0.13323,1101.0
1753592144011,04:55:44.011,huobi,AERGO/USDT:USDT,0.13277,120.0,0.13269,37.0,0.13321,119.0,0.13323,1101.0
1753592144021,04:55:44.021,huobi,AERGO/USDT:USDT,0.13277,120.0,0.13269,37.0,0.13321,119.0,0.13323,1101.0
1753592144045,04:55:44.045,huobi,AERGO/USDT:USDT,0.13277,120.0,0.13267,1080.0,0.13321,119.0,0.13323,1101.0
1753592144092,04:55:44.092,huobi,AERGO/USDT:USDT,0.13277,120.0,0.13268,37.0,0.13321,119.0,0.13323,1101.0
1753592145572,04:55:45.572,huobi,AERGO/USDT:USDT,0.13277,120.0,0.13267,1080.0,0.13321,119.0,0.13323,1101.0
1753592145575,04:55:45.575,huobi,AERGO/USDT:USDT,0.13277,120.0,0.13267,1080.0,0.13321,119.0,0.13323,1101.0
1753592145611,04:55:45.611,huobi,AERGO/USDT:USDT,0.13278,37.0,0.13277,120.0,0.13321,119.0,0.13323,1101.0
1753592145637,04:55:45.637,huobi,AERGO/USDT:USDT,0.13279,116.0,0.13278,997.0,0.13321,119.0,0.13323,1101.0
1753592145687,04:55:45.687,huobi,AERGO/USDT:USDT,0.13279,116.0,0.13278,960.0,0.13321,119.0,0.13323,1101.0
1753592145696,04:55:45.696,huobi,AERGO/USDT:USDT,0.13279,116.0,0.13278,960.0,0.13321,119.0,0.13323,1101.0
1753592145745,04:55:45.745,huobi,AERGO/USDT:USDT,0.13279,116.0,0.13278,960.0,0.13321,119.0,0.13323,1101.0
1753592147919,04:55:47.919,huobi,AERGO/USDT:USDT,0.13279,116.0,0.13278,960.0,0.13321,119.0,0.13323,1101.0
1753592147948,04:55:47.948,huobi,AERGO/USDT:USDT,0.13279,116.0,0.13278,960.0,0.13321,119.0,0.13323,1101.0
1753592147975,04:55:47.975,huobi,AERGO/USDT:USDT,0.13279,116.0,0.13278,997.0,0.13321,119.0,0.13323,1101.0
1753592148211,04:55:48.211,huobi,AERGO/USDT:USDT,0.13279,116.0,0.13278,960.0,0.13321,119.0,0.13323,1101.0
1753592148246,04:55:48.246,huobi,AERGO/USDT:USDT,0.13279,116.0,0.13278,960.0,0.13321,119.0,0.13323,1101.0
1753592148305,04:55:48.305,huobi,AERGO/USDT:USDT,0.13279,116.0,0.13278,960.0,0.13321,119.0,0.13323,1101.0
1753592148354,04:55:48.354,huobi,AERGO/USDT:USDT,0.13279,116.0,0.13278,960.0,0.13321,119.0,0.13323,1101.0
1753592148372,04:55:48.372,huobi,AERGO/USDT:USDT,0.13279,116.0,0.13278,960.0,0.13321,119.0,0.13323,1101.0
1753592148412,04:55:48.412,huobi,AERGO/USDT:USDT,0.13279,116.0,0.13278,960.0,0.13321,119.0,0.13323,1101.0
1753592148551,04:55:48.551,huobi,AERGO/USDT:USDT,0.13279,116.0,0.13278,960.0,0.13321,119.0,0.13323,1101.0
1753592151347,04:55:51.347,huobi,AERGO/USDT:USDT,0.13279,116.0,0.13278,960.0,0.13321,119.0,0.13323,1101.0
1753592156380,04:55:56.380,huobi,AERGO/USDT:USDT,0.13279,116.0,0.13278,960.0,0.13321,119.0,0.13323,1101.0
1753592156411,04:55:56.411,huobi,AERGO/USDT:USDT,0.13279,116.0,0.13278,960.0,0.13321,119.0,0.13323,1101.0
1753592160074,04:56:00.074,huobi,AERGO/USDT:USDT,0.13279,116.0,0.13278,960.0,0.13321,119.0,0.13323,1101.0
1753592166772,04:56:06.772,huobi,AERGO/USDT:USDT,0.13279,116.0,0.13278,960.0,0.13321,119.0,0.13323,1101.0
1753592166788,04:56:06.788,huobi,AERGO/USDT:USDT,0.13279,116.0,0.13278,960.0,0.13321,502.0,0.13323,1101.0
1753592166820,04:56:06.820,huobi,AERGO/USDT:USDT,0.13279,116.0,0.13278,960.0,0.1332,960.0,0.13321,383.0
1753592166885,04:56:06.885,huobi,AERGO/USDT:USDT,0.13279,116.0,0.13278,960.0,0.13319,120.0,0.1332,960.0
1753592166912,04:56:06.912,huobi,AERGO/USDT:USDT,0.13279,116.0,0.13278,960.0,0.13319,120.0,0.13321,120.0
1753592166978,04:56:06.978,huobi,AERGO/USDT:USDT,0.13279,116.0,0.13278,960.0,0.13319,120.0,0.13321,120.0
1753592167000,04:56:07.000,huobi,AERGO/USDT:USDT,0.13279,116.0,0.13278,960.0,0.13321,120.0,0.13322,960.0
1753592167049,04:56:07.049,huobi,AERGO/USDT:USDT,0.13279,116.0,0.13278,960.0,0.13321,120.0,0.13322,960.0
1753592167922,04:56:07.922,huobi,AERGO/USDT:USDT,0.13279,116.0,0.13278,960.0,0.13321,120.0,0.13322,960.0
1753592167950,04:56:07.950,huobi,AERGO/USDT:USDT,0.13279,116.0,0.13278,960.0,0.13321,120.0,0.13322,960.0
1753592171248,04:56:11.248,huobi,AERGO/USDT:USDT,0.13279,116.0,0.13278,960.0,0.13321,120.0,0.13322,960.0
1753592171292,04:56:11.292,huobi,AERGO/USDT:USDT,0.13279,116.0,0.13278,960.0,0.13321,120.0,0.13322,960.0
1753592171425,04:56:11.425,huobi,AERGO/USDT:USDT,0.13279,116.0,0.13278,960.0,0.13321,120.0,0.13322,960.0
1753592171464,04:56:11.464,huobi,AERGO/USDT:USDT,0.13279,116.0,0.13278,960.0,0.13321,120.0,0.13322,960.0
1753592172106,04:56:12.106,huobi,AERGO/USDT:USDT,0.13279,116.0,0.13278,960.0,0.13321,120.0,0.13322,960.0
1753592176723,04:56:16.723,huobi,AERGO/USDT:USDT,0.13279,116.0,0.13278,960.0,0.13321,120.0,0.13322,960.0
1753592178094,04:56:18.094,huobi,AERGO/USDT:USDT,0.13279,116.0,0.13278,960.0,0.13321,120.0,0.13322,960.0
1753592178130,04:56:18.130,huobi,AERGO/USDT:USDT,0.13279,116.0,0.13278,960.0,0.13321,120.0,0.13322,960.0
1753592178188,04:56:18.188,huobi,AERGO/USDT:USDT,0.13279,116.0,0.13278,960.0,0.13321,120.0,0.13322,960.0
1753592178221,04:56:18.221,huobi,AERGO/USDT:USDT,0.13279,116.0,0.13278,960.0,0.13321,120.0,0.13322,960.0
1753592178286,04:56:18.286,huobi,AERGO/USDT:USDT,0.13279,116.0,0.13278,960.0,0.13321,120.0,0.13322,960.0
1753592178319,04:56:18.319,huobi,AERGO/USDT:USDT,0.13279,116.0,0.13278,960.0,0.13321,120.0,0.13322,960.0
1753592179209,04:56:19.209,huobi,AERGO/USDT:USDT,0.13279,116.0,0.13278,960.0,0.13321,120.0,0.13322,960.0
1753592179263,04:56:19.263,huobi,AERGO/USDT:USDT,0.13279,116.0,0.13278,960.0,0.13321,120.0,0.13322,960.0
1753592179387,04:56:19.387,huobi,AERGO/USDT:USDT,0.13279,116.0,0.13278,960.0,0.13321,120.0,0.13322,960.0
1753592179420,04:56:19.420,huobi,AERGO/USDT:USDT,0.13279,116.0,0.13278,960.0,0.13321,120.0,0.13322,960.0
1753592179780,04:56:19.780,huobi,AERGO/USDT:USDT,0.13279,116.0,0.13278,960.0,0.13321,120.0,0.13322,960.0
1753592179837,04:56:19.837,huobi,AERGO/USDT:USDT,0.13279,116.0,0.13278,960.0,0.13321,120.0,0.13322,960.0
1753592180333,04:56:20.333,huobi,AERGO/USDT:USDT,0.13279,116.0,0.13278,960.0,0.13321,120.0,0.13322,960.0
1753592180390,04:56:20.390,huobi,AERGO/USDT:USDT,0.13279,116.0,0.13278,960.0,0.13321,120.0,0.13322,960.0
1753592180439,04:56:20.439,huobi,AERGO/USDT:USDT,0.13279,116.0,0.13278,960.0,0.13321,120.0,0.13322,960.0
1753592180465,04:56:20.465,huobi,AERGO/USDT:USDT,0.13279,116.0,0.13278,960.0,0.13321,120.0,0.13322,960.0
1753592180521,04:56:20.521,huobi,AERGO/USDT:USDT,0.13279,116.0,0.13278,960.0,0.13321,120.0,0.13322,960.0
1753592180539,04:56:20.539,huobi,AERGO/USDT:USDT,0.13279,116.0,0.13278,960.0,0.13321,120.0,0.13322,960.0
1753592180571,04:56:20.571,huobi,AERGO/USDT:USDT,0.13279,116.0,0.13278,960.0,0.13321,120.0,0.13322,960.0
1753592180717,04:56:20.717,huobi,AERGO/USDT:USDT,0.13279,116.0,0.13278,960.0,0.13321,120.0,0.13322,960.0
1753592180740,04:56:20.740,huobi,AERGO/USDT:USDT,0.13279,116.0,0.13278,960.0,0.13321,120.0,0.13322,960.0
1753592180972,04:56:20.972,huobi,AERGO/USDT:USDT,0.13279,116.0,0.13278,960.0,0.13321,120.0,0.13322,960.0
1753592181004,04:56:21.004,huobi,AERGO/USDT:USDT,0.13279,116.0,0.13278,960.0,0.13321,120.0,0.13322,960.0
1753592181852,04:56:21.852,huobi,AERGO/USDT:USDT,0.13279,116.0,0.13278,960.0,0.13321,120.0,0.13322,960.0
1753592181927,04:56:21.927,huobi,AERGO/USDT:USDT,0.13279,116.0,0.13278,960.0,0.13321,120.0,0.13322,960.0
1753592182951,04:56:22.951,huobi,AERGO/USDT:USDT,0.13279,116.0,0.13278,960.0,0.13321,120.0,0.13322,960.0
1753592182985,04:56:22.985,huobi,AERGO/USDT:USDT,0.13279,116.0,0.13278,960.0,0.13321,120.0,0.13322,960.0
1753592183928,04:56:23.928,huobi,AERGO/USDT:USDT,0.13279,116.0,0.13278,960.0,0.13321,120.0,0.13322,960.0
1753592183976,04:56:23.976,huobi,AERGO/USDT:USDT,0.13279,116.0,0.13278,960.0,0.13321,120.0,0.13322,960.0
1753592184210,04:56:24.210,huobi,AERGO/USDT:USDT,0.13279,116.0,0.13278,960.0,0.13321,120.0,0.13322,960.0
1753592184234,04:56:24.234,huobi,AERGO/USDT:USDT,0.13279,116.0,0.13278,960.0,0.13321,120.0,0.13322,960.0
1753592184247,04:56:24.247,huobi,AERGO/USDT:USDT,0.13279,116.0,0.13278,960.0,0.13321,120.0,0.13323,119.0
1753592184289,04:56:24.289,huobi,AERGO/USDT:USDT,0.13279,116.0,0.13278,960.0,0.13328,1019.0,0.13329,116.0
1753592184308,04:56:24.308,huobi,AERGO/USDT:USDT,0.13279,116.0,0.13278,960.0,0.13327,118.0,0.13328,1019.0
1753592184553,04:56:24.553,huobi,AERGO/USDT:USDT,0.13279,116.0,0.13278,960.0,0.13327,118.0,0.13328,982.0
1753592184588,04:56:24.588,huobi,AERGO/USDT:USDT,0.13279,116.0,0.13278,960.0,0.13327,118.0,0.13328,982.0
1753592184616,04:56:24.616,huobi,AERGO/USDT:USDT,0.13279,116.0,0.13278,960.0,0.13327,118.0,0.13328,982.0
1753592184652,04:56:24.652,huobi,AERGO/USDT:USDT,0.13279,116.0,0.13278,960.0,0.13327,118.0,0.13328,1019.0
1753592186708,04:56:26.708,huobi,AERGO/USDT:USDT,0.13279,116.0,0.13278,960.0,0.13327,118.0,0.13328,1019.0
1753592186753,04:56:26.753,huobi,AERGO/USDT:USDT,0.13279,116.0,0.13278,960.0,0.13327,118.0,0.13328,22.0
1753592186770,04:56:26.770,huobi,AERGO/USDT:USDT,0.13279,116.0,0.13278,960.0,0.13327,118.0,0.13328,22.0
1753592186811,04:56:26.811,huobi,AERGO/USDT:USDT,0.13279,116.0,0.13278,960.0,0.13327,118.0,0.13328,22.0
1753592189164,04:56:29.164,huobi,AERGO/USDT:USDT,0.13279,116.0,0.13278,960.0,0.13327,118.0,0.13328,22.0
1753592189217,04:56:29.217,huobi,AERGO/USDT:USDT,0.13279,116.0,0.13278,960.0,0.13327,118.0,0.13328,22.0
1753592189243,04:56:29.243,huobi,AERGO/USDT:USDT,0.13279,116.0,0.13278,960.0,0.13327,118.0,0.13328,22.0
1753592189259,04:56:29.259,huobi,AERGO/USDT:USDT,0.13279,116.0,0.13278,960.0,0.13327,118.0,0.13328,22.0
1753592189340,04:56:29.340,huobi,AERGO/USDT:USDT,0.13279,116.0,0.13278,960.0,0.13327,118.0,0.13328,22.0
1753592189353,04:56:29.353,huobi,AERGO/USDT:USDT,0.13279,116.0,0.13278,960.0,0.13327,118.0,0.13328,22.0
1753592189406,04:56:29.406,huobi,AERGO/USDT:USDT,0.13279,116.0,0.13278,960.0,0.13327,118.0,0.13328,22.0
1753592189459,04:56:29.459,huobi,AERGO/USDT:USDT,0.13279,116.0,0.13278,960.0,0.13327,118.0,0.13328,22.0
1753592189474,04:56:29.474,huobi,AERGO/USDT:USDT,0.13279,116.0,0.13278,960.0,0.13327,118.0,0.13328,22.0
1753592189527,04:56:29.527,huobi,AERGO/USDT:USDT,0.13279,116.0,0.13278,960.0,0.13327,118.0,0.13328,22.0
1753592190665,04:56:30.665,huobi,AERGO/USDT:USDT,0.13279,116.0,0.13278,960.0,0.13327,118.0,0.13328,22.0
1753592190699,04:56:30.699,huobi,AERGO/USDT:USDT,0.13279,116.0,0.13278,960.0,0.13327,118.0,0.13328,22.0
1753592190737,04:56:30.737,huobi,AERGO/USDT:USDT,0.13279,153.0,0.13278,960.0,0.13327,118.0,0.13328,22.0
1753592190765,04:56:30.765,huobi,AERGO/USDT:USDT,0.1328,118.0,0.13279,37.0,0.13327,118.0,0.13328,22.0
1753592190792,04:56:30.792,huobi,AERGO/USDT:USDT,0.1328,118.0,0.13277,120.0,0.13327,118.0,0.13328,22.0
1753592190821,04:56:30.821,huobi,AERGO/USDT:USDT,0.1328,118.0,0.13278,997.0,0.13327,118.0,0.13328,22.0
1753592190870,04:56:30.870,huobi,AERGO/USDT:USDT,0.1328,118.0,0.13279,37.0,0.13327,118.0,0.13328,22.0
1753592190883,04:56:30.883,huobi,AERGO/USDT:USDT,0.1328,118.0,0.13278,960.0,0.13327,118.0,0.13328,22.0
1753592190930,04:56:30.930,huobi,AERGO/USDT:USDT,0.13281,37.0,0.1328,118.0,0.13327,118.0,0.13328,22.0
1753592190944,04:56:30.944,huobi,AERGO/USDT:USDT,0.13282,118.0,0.13281,37.0,0.13327,118.0,0.13328,22.0
1753592190966,04:56:30.966,huobi,AERGO/USDT:USDT,0.13282,118.0,0.13281,997.0,0.13327,118.0,0.13328,22.0
1753592191073,04:56:31.073,huobi,AERGO/USDT:USDT,0.13282,118.0,0.13281,997.0,0.13327,118.0,0.13328,22.0
1753592191201,04:56:31.201,huobi,AERGO/USDT:USDT,0.13282,118.0,0.13281,960.0,0.13327,118.0,0.13328,22.0
1753592191239,04:56:31.239,huobi,AERGO/USDT:USDT,0.13282,155.0,0.13281,960.0,0.13327,118.0,0.13328,22.0
1753592191270,04:56:31.270,huobi,AERGO/USDT:USDT,0.13282,37.0,0.1328,118.0,0.13327,118.0,0.13328,22.0
1753592191293,04:56:31.293,huobi,AERGO/USDT:USDT,0.13283,118.0,0.1328,118.0,0.13327,118.0,0.13328,22.0
1753592191351,04:56:31.351,huobi,AERGO/USDT:USDT,0.13283,118.0,0.13281,37.0,0.13327,118.0,0.13328,22.0
1753592191362,04:56:31.362,huobi,AERGO/USDT:USDT,0.13283,118.0,0.13281,37.0,0.13327,118.0,0.13328,22.0
1753592191409,04:56:31.409,huobi,AERGO/USDT:USDT,0.13283,118.0,0.13281,37.0,0.13327,118.0,0.13328,22.0
1753592191428,04:56:31.428,huobi,AERGO/USDT:USDT,0.13283,118.0,0.13281,37.0,0.13327,118.0,0.13328,22.0
1753592191460,04:56:31.460,huobi,AERGO/USDT:USDT,0.13283,118.0,0.13281,37.0,0.13327,118.0,0.13328,22.0
1753592191512,04:56:31.512,huobi,AERGO/USDT:USDT,0.13283,118.0,0.13281,37.0,0.13327,118.0,0.13328,22.0
1753592191891,04:56:31.891,huobi,AERGO/USDT:USDT,0.13283,118.0,0.13281,37.0,0.13327,118.0,0.13328,22.0
1753592191898,04:56:31.898,huobi,AERGO/USDT:USDT,0.13283,118.0,0.13281,37.0,0.13327,118.0,0.13328,22.0
1753592192915,04:56:32.915,huobi,AERGO/USDT:USDT,0.13283,118.0,0.13281,37.0,0.13303,18.0,0.13327,118.0
1753592192922,04:56:32.922,huobi,AERGO/USDT:USDT,0.13283,118.0,0.13281,37.0,0.13327,118.0,0.13328,22.0
1753592193039,04:56:33.039,huobi,AERGO/USDT:USDT,0.13283,118.0,0.13281,37.0,0.13327,118.0,0.13328,22.0
1753592193069,04:56:33.069,huobi,AERGO/USDT:USDT,0.13283,118.0,0.13281,37.0,0.13327,118.0,0.13328,22.0
1753592193104,04:56:33.104,huobi,AERGO/USDT:USDT,0.13283,118.0,0.13281,37.0,0.13327,118.0,0.13328,22.0
1753592194407,04:56:34.407,huobi,AERGO/USDT:USDT,0.13283,118.0,0.13281,37.0,0.13327,118.0,0.13328,22.0
1753592194414,04:56:34.414,huobi,AERGO/USDT:USDT,0.13283,118.0,0.13281,37.0,0.13327,118.0,0.13328,22.0
1753592194539,04:56:34.539,huobi,AERGO/USDT:USDT,0.13283,118.0,0.13281,37.0,0.13327,118.0,0.13328,22.0
1753592194592,04:56:34.592,huobi,AERGO/USDT:USDT,0.13283,118.0,0.13281,997.0,0.13327,118.0,0.13328,22.0
1753592194606,04:56:34.606,huobi,AERGO/USDT:USDT,0.13283,118.0,0.13281,997.0,0.13327,118.0,0.13328,22.0
1753592194661,04:56:34.661,huobi,AERGO/USDT:USDT,0.13283,118.0,0.13281,997.0,0.13327,118.0,0.13328,22.0
1753592194712,04:56:34.712,huobi,AERGO/USDT:USDT,0.13283,118.0,0.13281,997.0,0.13327,118.0,0.13328,22.0
1753592195856,04:56:35.856,huobi,AERGO/USDT:USDT,0.13283,118.0,0.13281,960.0,0.13327,118.0,0.13328,22.0
1753592195895,04:56:35.895,huobi,AERGO/USDT:USDT,0.13283,118.0,0.13282,37.0,0.13327,118.0,0.13328,22.0
1753592196977,04:56:36.977,huobi,AERGO/USDT:USDT,0.13283,118.0,0.13282,37.0,0.13327,118.0,0.13328,22.0
1753592196996,04:56:36.996,huobi,AERGO/USDT:USDT,0.13283,118.0,0.13282,37.0,0.13327,118.0,0.13328,22.0
1753592197074,04:56:37.074,huobi,AERGO/USDT:USDT,0.13283,118.0,0.13228,37.0,0.13327,118.0,0.13328,22.0
1753592197089,04:56:37.089,huobi,AERGO/USDT:USDT,0.13283,118.0,0.13228,37.0,0.13327,118.0,0.13328,22.0
1753592197151,04:56:37.151,huobi,AERGO/USDT:USDT,0.13283,118.0,0.13228,37.0,0.13327,118.0,0.13328,22.0
1753592197180,04:56:37.180,huobi,AERGO/USDT:USDT,0.13283,118.0,0.13228,37.0,0.13327,118.0,0.13328,22.0
1753592197207,04:56:37.207,huobi,AERGO/USDT:USDT,0.13283,118.0,0.13228,37.0,0.13327,118.0,0.13328,22.0
1753592197244,04:56:37.244,huobi,AERGO/USDT:USDT,0.13283,118.0,0.13228,37.0,0.13327,118.0,0.13328,22.0
1753592197488,04:56:37.488,huobi,AERGO/USDT:USDT,0.13283,118.0,0.13259,898.0,0.13327,118.0,0.13328,22.0
1753592197511,04:56:37.511,huobi,AERGO/USDT:USDT,0.13283,118.0,0.1326,960.0,0.13327,118.0,0.13328,22.0
1753592197542,04:56:37.542,huobi,AERGO/USDT:USDT,0.13283,118.0,0.13261,37.0,0.13327,118.0,0.13328,22.0
1753592197609,04:56:37.609,huobi,AERGO/USDT:USDT,0.13283,118.0,0.13261,37.0,0.13327,118.0,0.13328,22.0
1753592198665,04:56:38.665,huobi,AERGO/USDT:USDT,0.13283,118.0,0.13261,37.0,0.13327,118.0,0.13328,22.0
1753592198678,04:56:38.678,huobi,AERGO/USDT:USDT,0.13283,118.0,0.13261,37.0,0.13327,118.0,0.13333,37.0
1753592198713,04:56:38.713,huobi,AERGO/USDT:USDT,0.13283,118.0,0.1326,960.0,0.13327,118.0,0.13334,22.0
1753592198736,04:56:38.736,huobi,AERGO/USDT:USDT,0.13285,117.0,0.13284,37.0,0.13327,118.0,0.13334,22.0
1753592198791,04:56:38.791,huobi,AERGO/USDT:USDT,0.13286,37.0,0.13285,117.0,0.13327,118.0,0.13334,22.0
1753592198797,04:56:38.797,huobi,AERGO/USDT:USDT,0.13286,37.0,0.13285,117.0,0.13327,118.0,0.13334,22.0
1753592198857,04:56:38.857,huobi,AERGO/USDT:USDT,0.13287,117.0,0.13286,37.0,0.13327,118.0,0.13334,22.0
1753592198890,04:56:38.890,huobi,AERGO/USDT:USDT,0.13287,117.0,0.13286,997.0,0.13327,118.0,0.13334,22.0
1753592198940,04:56:38.940,huobi,AERGO/USDT:USDT,0.13287,117.0,0.13286,960.0,0.13327,118.0,0.13334,22.0
1753592198953,04:56:38.953,huobi,AERGO/USDT:USDT,0.13287,117.0,0.13286,960.0,0.13327,118.0,0.13334,22.0
1753592198983,04:56:38.983,huobi,AERGO/USDT:USDT,0.13287,117.0,0.13286,960.0,0.13327,118.0,0.13334,22.0
1753592199019,04:56:39.019,huobi,AERGO/USDT:USDT,0.13287,117.0,0.13286,960.0,0.13327,118.0,0.13334,22.0
1753592199042,04:56:39.042,huobi,AERGO/USDT:USDT,0.13287,117.0,0.13286,960.0,0.13327,118.0,0.13334,22.0
1753592199073,04:56:39.073,huobi,AERGO/USDT:USDT,0.13287,117.0,0.13286,960.0,0.13327,118.0,0.13334,22.0
1753592199106,04:56:39.106,huobi,AERGO/USDT:USDT,0.13287,117.0,0.13286,960.0,0.13327,118.0,0.13334,22.0
1753592199628,04:56:39.628,huobi,AERGO/USDT:USDT,0.13287,117.0,0.13286,960.0,0.13327,118.0,0.13334,22.0
1753592199634,04:56:39.634,huobi,AERGO/USDT:USDT,0.13287,117.0,0.13286,960.0,0.13327,118.0,0.13334,22.0
1753592199676,04:56:39.676,huobi,AERGO/USDT:USDT,0.13287,117.0,0.13286,960.0,0.13327,118.0,0.13334,22.0
1753592199752,04:56:39.752,huobi,AERGO/USDT:USDT,0.13287,117.0,0.13286,960.0,0.13327,118.0,0.13334,22.0
1753592199761,04:56:39.761,huobi,AERGO/USDT:USDT,0.13287,117.0,0.13286,960.0,0.13327,118.0,0.13334,22.0
1753592200059,04:56:40.059,huobi,AERGO/USDT:USDT,0.13287,117.0,0.13286,960.0,0.13327,118.0,0.13334,22.0
1753592202190,04:56:42.190,huobi,AERGO/USDT:USDT,0.13287,117.0,0.13286,960.0,0.13327,118.0,0.13334,22.0
1753592202218,04:56:42.218,huobi,AERGO/USDT:USDT,0.13287,117.0,0.13286,960.0,0.13327,118.0,0.13334,22.0
1753592202268,04:56:42.268,huobi,AERGO/USDT:USDT,0.13287,117.0,0.13286,960.0,0.13327,118.0,0.13334,22.0
1753592202281,04:56:42.281,huobi,AERGO/USDT:USDT,0.13287,117.0,0.13286,960.0,0.13327,118.0,0.13334,22.0
1753592202328,04:56:42.328,huobi,AERGO/USDT:USDT,0.13287,117.0,0.13286,960.0,0.13327,118.0,0.13334,22.0
1753592202337,04:56:42.337,huobi,AERGO/USDT:USDT,0.13287,117.0,0.13286,960.0,0.13327,118.0,0.13334,22.0
1753592203778,04:56:43.778,huobi,AERGO/USDT:USDT,0.13287,117.0,0.13286,960.0,0.13327,118.0,0.13334,22.0
1753592203830,04:56:43.830,huobi,AERGO/USDT:USDT,0.13287,117.0,0.13286,960.0,0.13327,118.0,0.13334,22.0
1753592203847,04:56:43.847,huobi,AERGO/USDT:USDT,0.13287,117.0,0.13286,960.0,0.13327,118.0,0.13334,22.0
1753592203888,04:56:43.888,huobi,AERGO/USDT:USDT,0.13287,117.0,0.13286,960.0,0.13327,118.0,0.13334,22.0
1753592204584,04:56:44.584,huobi,AERGO/USDT:USDT,0.13287,117.0,0.13286,960.0,0.13327,118.0,0.13334,22.0
1753592204906,04:56:44.906,huobi,AERGO/USDT:USDT,0.13287,117.0,0.13286,960.0,0.13327,118.0,0.13334,22.0
1753592205565,04:56:45.565,huobi,AERGO/USDT:USDT,0.13287,117.0,0.13286,960.0,0.13327,118.0,0.13334,22.0
1753592205599,04:56:45.599,huobi,AERGO/USDT:USDT,0.13287,117.0,0.13286,960.0,0.13327,118.0,0.13334,22.0
1753592205609,04:56:45.609,huobi,AERGO/USDT:USDT,0.13287,117.0,0.13286,960.0,0.13327,118.0,0.13334,22.0
1753592205669,04:56:45.669,huobi,AERGO/USDT:USDT,0.13287,117.0,0.13286,960.0,0.13327,118.0,0.13334,22.0
1753592205709,04:56:45.709,huobi,AERGO/USDT:USDT,0.13287,117.0,0.13286,960.0,0.13327,118.0,0.13334,22.0
1753592205801,04:56:45.801,huobi,AERGO/USDT:USDT,0.13287,117.0,0.13286,997.0,0.13327,118.0,0.13334,22.0
1753592207100,04:56:47.100,huobi,AERGO/USDT:USDT,0.13287,117.0,0.13286,997.0,0.13327,118.0,0.13334,982.0
1753592207123,04:56:47.123,huobi,AERGO/USDT:USDT,0.13287,117.0,0.13286,997.0,0.13327,118.0,0.13334,960.0
1753592207163,04:56:47.163,huobi,AERGO/USDT:USDT,0.13287,117.0,0.13286,960.0,0.13327,140.0,0.13334,960.0
1753592207171,04:56:47.171,huobi,AERGO/USDT:USDT,0.13287,154.0,0.13286,960.0,0.13327,140.0,0.13334,960.0
1753592207220,04:56:47.220,huobi,AERGO/USDT:USDT,0.13287,37.0,0.13286,960.0,0.13334,982.0,0.13335,117.0
1753592207226,04:56:47.226,huobi,AERGO/USDT:USDT,0.13285,117.0,0.13278,898.0,0.13334,982.0,0.13335,117.0
1753592207275,04:56:47.275,huobi,AERGO/USDT:USDT,0.13288,116.0,0.13286,37.0,0.13326,116.0,0.13334,982.0
1753592207296,04:56:47.296,huobi,AERGO/USDT:USDT,0.13288,116.0,0.13285,117.0,0.13326,116.0,0.13334,982.0
1753592207323,04:56:47.323,huobi,AERGO/USDT:USDT,0.13288,116.0,0.13285,117.0,0.13326,116.0,0.13334,982.0
1753592207352,04:56:47.352,huobi,AERGO/USDT:USDT,0.13288,116.0,0.13285,117.0,0.13326,116.0,0.13334,1019.0
1753592207388,04:56:47.388,huobi,AERGO/USDT:USDT,0.13285,117.0,0.13281,960.0,0.13326,116.0,0.13334,1019.0
1753592207404,04:56:47.404,huobi,AERGO/USDT:USDT,0.13285,117.0,0.1328,37.0,0.13326,116.0,0.13334,59.0
1753592207439,04:56:47.439,huobi,AERGO/USDT:USDT,0.1328,37.0,0.13279,960.0,0.13334,22.0,0.1334,960.0
1753592207472,04:56:47.472,huobi,AERGO/USDT:USDT,0.1328,37.0,0.13226,118.0,0.1334,997.0,0.13341,118.0
1753592207493,04:56:47.493,huobi,AERGO/USDT:USDT,0.13281,116.0,0.13226,118.0,0.13339,22.0,0.1334,960.0
1753592207524,04:56:47.524,huobi,AERGO/USDT:USDT,0.13281,116.0,0.13226,1078.0,0.13339,22.0,0.1334,960.0
1753592207554,04:56:47.554,huobi,AERGO/USDT:USDT,0.13283,116.0,0.13282,37.0,0.13337,116.0,0.13338,153.0
1753592207609,04:56:47.609,huobi,AERGO/USDT:USDT,0.13283,116.0,0.13282,37.0,0.13335,37.0,0.13336,116.0
1753592207623,04:56:47.623,huobi,AERGO/USDT:USDT,0.13283,116.0,0.13282,37.0,0.13334,116.0,0.13335,37.0
1753592207667,04:56:47.667,huobi,AERGO/USDT:USDT,0.13283,116.0,0.13282,37.0,0.13334,116.0,0.13335,37.0
1753592207675,04:56:47.675,huobi,AERGO/USDT:USDT,0.13283,116.0,0.13282,37.0,0.13333,22.0,0.13334,116.0
1753592207706,04:56:47.706,huobi,AERGO/USDT:USDT,0.13283,116.0,0.13282,37.0,0.13332,116.0,0.13333,22.0
1753592207826,04:56:47.826,huobi,AERGO/USDT:USDT,0.13283,116.0,0.13282,37.0,0.13332,116.0,0.13333,22.0
1753592208018,04:56:48.018,huobi,AERGO/USDT:USDT,0.13283,116.0,0.13281,116.0,0.13332,116.0,0.13333,22.0
1753592208041,04:56:48.041,huobi,AERGO/USDT:USDT,0.13281,116.0,0.13226,1078.0,0.13332,116.0,0.13333,22.0
1753592208076,04:56:48.076,huobi,AERGO/USDT:USDT,0.13283,116.0,0.13282,37.0,0.13332,116.0,0.13333,22.0
1753592208115,04:56:48.115,huobi,AERGO/USDT:USDT,0.13283,116.0,0.13281,116.0,0.13332,116.0,0.13333,22.0
1753592208135,04:56:48.135,huobi,AERGO/USDT:USDT,0.13285,116.0,0.13284,37.0,0.13332,116.0,0.13333,22.0
1753592208184,04:56:48.184,huobi,AERGO/USDT:USDT,0.13285,116.0,0.13284,37.0,0.13332,116.0,0.13333,22.0
1753592209987,04:56:49.987,huobi,AERGO/USDT:USDT,0.13285,116.0,0.13284,37.0,0.13332,116.0,0.13333,22.0
1753592210047,04:56:50.047,huobi,AERGO/USDT:USDT,0.13285,116.0,0.13282,37.0,0.13332,116.0,0.13333,22.0
1753592210083,04:56:50.083,huobi,AERGO/USDT:USDT,0.13285,116.0,0.13282,37.0,0.13332,116.0,0.13333,22.0
1753592210108,04:56:50.108,huobi,AERGO/USDT:USDT,0.13285,116.0,0.13282,37.0,0.13332,116.0,0.13333,22.0
1753592210137,04:56:50.137,huobi,AERGO/USDT:USDT,0.13285,116.0,0.13282,37.0,0.13332,116.0,0.13333,22.0
1753592210256,04:56:50.256,huobi,AERGO/USDT:USDT,0.13285,116.0,0.13282,997.0,0.13332,116.0,0.13333,22.0
1753592211020,04:56:51.020,huobi,AERGO/USDT:USDT,0.13285,116.0,0.13282,960.0,0.13332,116.0,0.13333,22.0
1753592211051,04:56:51.051,huobi,AERGO/USDT:USDT,0.13285,116.0,0.13283,37.0,0.13332,116.0,0.13333,22.0
1753592211158,04:56:51.158,huobi,AERGO/USDT:USDT,0.13285,116.0,0.13283,37.0,0.13332,116.0,0.13333,22.0
1753592212568,04:56:52.568,huobi,AERGO/USDT:USDT,0.13285,116.0,0.13283,37.0,0.13332,116.0,0.13333,22.0
1753592212601,04:56:52.601,huobi,AERGO/USDT:USDT,0.13285,116.0,0.13283,37.0,0.13332,116.0,0.13333,22.0
1753592212624,04:56:52.624,huobi,AERGO/USDT:USDT,0.13285,116.0,0.13236,960.0,0.13332,116.0,0.13333,22.0
1753592212664,04:56:52.664,huobi,AERGO/USDT:USDT,0.13285,116.0,0.13237,37.0,0.13332,116.0,0.13333,22.0
1753592212709,04:56:52.709,huobi,AERGO/USDT:USDT,0.13285,116.0,0.13236,960.0,0.13332,116.0,0.13333,22.0
1753592212715,04:56:52.715,huobi,AERGO/USDT:USDT,0.13285,116.0,0.13236,997.0,0.13332,116.0,0.13333,22.0
1753592212888,04:56:52.888,huobi,AERGO/USDT:USDT,0.13285,116.0,0.13257,897.0,0.13332,116.0,0.13333,22.0
1753592212900,04:56:52.900,huobi,AERGO/USDT:USDT,0.13285,116.0,0.13258,960.0,0.13332,116.0,0.13333,22.0
1753592212958,04:56:52.958,huobi,AERGO/USDT:USDT,0.13285,116.0,0.13259,37.0,0.13332,116.0,0.13333,22.0
1753592213040,04:56:53.040,huobi,AERGO/USDT:USDT,0.13285,116.0,0.13259,37.0,0.13332,116.0,0.13333,22.0
1753592215239,04:56:55.239,huobi,AERGO/USDT:USDT,0.13285,116.0,0.13259,37.0,0.13332,116.0,0.13333,22.0
1753592215283,04:56:55.283,huobi,AERGO/USDT:USDT,0.13285,116.0,0.13259,37.0,0.13332,116.0,0.13333,22.0
1753592216708,04:56:56.708,huobi,AERGO/USDT:USDT,0.13285,116.0,0.13258,960.0,0.13332,116.0,0.13333,22.0
1753592216752,04:56:56.752,huobi,AERGO/USDT:USDT,0.13286,37.0,0.13285,116.0,0.13332,116.0,0.13333,22.0
1753592216767,04:56:56.767,huobi,AERGO/USDT:USDT,0.13287,117.0,0.13286,37.0,0.13332,116.0,0.13333,22.0
1753592216807,04:56:56.807,huobi,AERGO/USDT:USDT,0.13287,117.0,0.13286,960.0,0.13332,116.0,0.13333,22.0
1753592216829,04:56:56.829,huobi,AERGO/USDT:USDT,0.13287,154.0,0.13286,960.0,0.13332,116.0,0.13333,22.0
1753592216875,04:56:56.875,huobi,AERGO/USDT:USDT,0.13288,117.0,0.13287,37.0,0.13332,116.0,0.13333,22.0
1753592216899,04:56:56.899,huobi,AERGO/USDT:USDT,0.13288,117.0,0.13285,116.0,0.13332,116.0,0.13333,22.0
1753592216914,04:56:56.914,huobi,AERGO/USDT:USDT,0.13288,117.0,0.13285,116.0,0.13332,116.0,0.13333,22.0
1753592216960,04:56:56.960,huobi,AERGO/USDT:USDT,0.13288,117.0,0.13286,37.0,0.13332,116.0,0.13333,22.0
1753592217804,04:56:57.804,huobi,AERGO/USDT:USDT,0.13288,117.0,0.13286,37.0,0.13332,116.0,0.13333,22.0
1753592217820,04:56:57.820,huobi,AERGO/USDT:USDT,0.13288,117.0,0.13286,37.0,0.13332,116.0,0.13333,22.0
1753592217844,04:56:57.844,huobi,AERGO/USDT:USDT,0.13288,117.0,0.13286,37.0,0.13332,116.0,0.13333,22.0
1753592217883,04:56:57.883,huobi,AERGO/USDT:USDT,0.13288,117.0,0.13286,37.0,0.13332,116.0,0.13333,22.0
1753592219404,04:56:59.404,huobi,AERGO/USDT:USDT,0.13288,117.0,0.13286,37.0,0.13332,116.0,0.13334,116.0
1753592219441,04:56:59.441,huobi,AERGO/USDT:USDT,0.13288,117.0,0.13286,37.0,0.13331,22.0,0.13334,116.0
1753592220669,04:57:00.669,huobi,AERGO/USDT:USDT,0.13288,117.0,0.13286,37.0,0.1333,117.0,0.13331,22.0
1753592220697,04:57:00.697,huobi,AERGO/USDT:USDT,0.13288,117.0,0.13286,37.0,0.1333,117.0,0.13331,22.0
1753592220732,04:57:00.732,huobi,AERGO/USDT:USDT,0.13288,117.0,0.13286,37.0,0.1333,117.0,0.13331,22.0
1753592220872,04:57:00.872,huobi,AERGO/USDT:USDT,0.13288,117.0,0.13285,116.0,0.1333,117.0,0.13331,22.0
1753592220874,04:57:00.874,huobi,AERGO/USDT:USDT,0.13288,117.0,0.13285,116.0,0.1333,117.0,0.13331,22.0
1753592220904,04:57:00.904,huobi,AERGO/USDT:USDT,0.13286,37.0,0.13285,116.0,0.1333,117.0,0.13331,22.0
1753592220937,04:57:00.937,huobi,AERGO/USDT:USDT,0.13287,117.0,0.13286,37.0,0.1333,117.0,0.13331,22.0
1753592220981,04:57:00.981,huobi,AERGO/USDT:USDT,0.13288,37.0,0.13287,117.0,0.1333,117.0,0.13331,22.0
1753592220998,04:57:00.998,huobi,AERGO/USDT:USDT,0.13288,37.0,0.13287,117.0,0.1333,117.0,0.13331,22.0
1753592221038,04:57:01.038,huobi,AERGO/USDT:USDT,0.13289,117.0,0.13288,37.0,0.1333,117.0,0.13331,22.0
1753592221082,04:57:01.082,huobi,AERGO/USDT:USDT,0.13289,117.0,0.13288,997.0,0.1333,117.0,0.13331,22.0
1753592221146,04:57:01.146,huobi,AERGO/USDT:USDT,0.13289,117.0,0.13288,997.0,0.1333,117.0,0.13331,22.0
1753592221201,04:57:01.201,huobi,AERGO/USDT:USDT,0.13289,117.0,0.13288,997.0,0.1333,117.0,0.13331,22.0
1753592221225,04:57:01.225,huobi,AERGO/USDT:USDT,0.13289,117.0,0.13288,997.0,0.1333,117.0,0.13331,22.0
1753592221259,04:57:01.259,huobi,AERGO/USDT:USDT,0.13289,117.0,0.13288,997.0,0.1333,117.0,0.13331,22.0
1753592222840,04:57:02.840,huobi,AERGO/USDT:USDT,0.13289,117.0,0.13288,997.0,0.1333,117.0,0.13331,22.0
1753592222861,04:57:02.861,huobi,AERGO/USDT:USDT,0.13289,117.0,0.13288,37.0,0.1333,117.0,0.13331,22.0
1753592222912,04:57:02.912,huobi,AERGO/USDT:USDT,0.13289,117.0,0.13286,997.0,0.1333,117.0,0.13331,22.0
1753592223367,04:57:03.367,huobi,AERGO/USDT:USDT,0.13289,117.0,0.13286,960.0,0.1333,117.0,0.13331,22.0
1753592223408,04:57:03.408,huobi,AERGO/USDT:USDT,0.13289,117.0,0.13285,116.0,0.1333,117.0,0.13331,22.0
1753592223426,04:57:03.426,huobi,AERGO/USDT:USDT,0.13289,117.0,0.13285,116.0,0.1333,117.0,0.13331,22.0
1753592223456,04:57:03.456,huobi,AERGO/USDT:USDT,0.13285,116.0,0.13226,1078.0,0.1333,117.0,0.13331,22.0
1753592223489,04:57:03.489,huobi,AERGO/USDT:USDT,0.13287,117.0,0.13286,37.0,0.1333,117.0,0.13331,22.0
1753592223538,04:57:03.538,huobi,AERGO/USDT:USDT,0.13287,117.0,0.13285,116.0,0.1333,117.0,0.13331,22.0
1753592223574,04:57:03.574,huobi,AERGO/USDT:USDT,0.13287,117.0,0.13285,116.0,0.1333,117.0,0.13331,22.0
1753592223633,04:57:03.633,huobi,AERGO/USDT:USDT,0.13285,116.0,0.13228,37.0,0.1333,117.0,0.13331,22.0
1753592224839,04:57:04.839,huobi,AERGO/USDT:USDT,0.13285,116.0,0.13233,530.0,0.1333,117.0,0.13331,22.0
1753592224882,04:57:04.882,huobi,AERGO/USDT:USDT,0.13285,116.0,0.13234,960.0,0.1333,117.0,0.13331,22.0
1753592224931,04:57:04.931,huobi,AERGO/USDT:USDT,0.13285,116.0,0.13235,37.0,0.1333,117.0,0.13331,22.0
1753592224960,04:57:04.960,huobi,AERGO/USDT:USDT,0.13285,116.0,0.13235,37.0,0.1333,117.0,0.13331,22.0
1753592224988,04:57:04.988,huobi,AERGO/USDT:USDT,0.13285,116.0,0.1326,897.0,0.1333,117.0,0.13331,22.0
1753592225049,04:57:05.049,huobi,AERGO/USDT:USDT,0.13285,116.0,0.13261,997.0,0.1333,117.0,0.13331,22.0
1753592225114,04:57:05.114,huobi,AERGO/USDT:USDT,0.13285,116.0,0.13261,1118.0,0.1333,117.0,0.13331,22.0
1753592225164,04:57:05.164,huobi,AERGO/USDT:USDT,0.13285,116.0,0.13261,1118.0,0.1333,117.0,0.13331,22.0
1753592225202,04:57:05.202,huobi,AERGO/USDT:USDT,0.13285,116.0,0.13261,1118.0,0.1333,117.0,0.13331,22.0
1753592225255,04:57:05.255,huobi,AERGO/USDT:USDT,0.13285,116.0,0.13261,1118.0,0.1333,117.0,0.13331,22.0
1753592225317,04:57:05.317,huobi,AERGO/USDT:USDT,0.13285,116.0,0.13261,1118.0,0.1333,117.0,0.13331,22.0
1753592225388,04:57:05.388,huobi,AERGO/USDT:USDT,0.13285,116.0,0.13261,1118.0,0.1333,117.0,0.13331,22.0
1753592226431,04:57:06.431,huobi,AERGO/USDT:USDT,0.13285,116.0,0.13261,1118.0,0.1333,117.0,0.13331,22.0
1753592226465,04:57:06.465,huobi,AERGO/USDT:USDT,0.13285,116.0,0.13262,37.0,0.1333,117.0,0.13331,22.0
1753592226488,04:57:06.488,huobi,AERGO/USDT:USDT,0.13285,116.0,0.13261,1081.0,0.1333,117.0,0.13331,22.0
1753592226525,04:57:06.525,huobi,AERGO/USDT:USDT,0.13285,116.0,0.13262,37.0,0.1333,117.0,0.13331,22.0
1753592227775,04:57:07.775,huobi,AERGO/USDT:USDT,0.13285,116.0,0.13262,37.0,0.1333,117.0,0.13331,22.0
1753592228032,04:57:08.032,huobi,AERGO/USDT:USDT,0.13285,116.0,0.13262,37.0,0.1333,117.0,0.13331,22.0
1753592228054,04:57:08.054,huobi,AERGO/USDT:USDT,0.13285,116.0,0.13262,37.0,0.1333,117.0,0.13331,22.0
1753592228088,04:57:08.088,huobi,AERGO/USDT:USDT,0.13285,116.0,0.13262,37.0,0.1333,117.0,0.13331,22.0
1753592228110,04:57:08.110,huobi,AERGO/USDT:USDT,0.13285,116.0,0.13262,37.0,0.1333,117.0,0.13331,22.0
1753592228141,04:57:08.141,huobi,AERGO/USDT:USDT,0.13285,116.0,0.13262,37.0,0.1333,117.0,0.13331,22.0
1753592228252,04:57:08.252,huobi,AERGO/USDT:USDT,0.13285,116.0,0.13262,37.0,0.1333,117.0,0.13331,22.0
1753592229064,04:57:09.064,huobi,AERGO/USDT:USDT,0.13285,116.0,0.13262,37.0,0.1333,117.0,0.13331,22.0
1753592229124,04:57:09.124,huobi,AERGO/USDT:USDT,0.13285,116.0,0.13262,37.0,0.1333,117.0,0.13331,22.0
1753592230371,04:57:10.371,huobi,AERGO/USDT:USDT,0.13285,116.0,0.13262,37.0,0.1333,117.0,0.13331,22.0
1753592230406,04:57:10.406,huobi,AERGO/USDT:USDT,0.13285,116.0,0.13262,37.0,0.1333,117.0,0.13331,22.0
1753592230416,04:57:10.416,huobi,AERGO/USDT:USDT,0.13285,116.0,0.13262,37.0,0.1333,117.0,0.13331,22.0
1753592230464,04:57:10.464,huobi,AERGO/USDT:USDT,0.13285,116.0,0.13262,37.0,0.1333,117.0,0.13331,22.0
1753592230478,04:57:10.478,huobi,AERGO/USDT:USDT,0.13285,116.0,0.13262,37.0,0.1333,117.0,0.13331,22.0
1753592230525,04:57:10.525,huobi,AERGO/USDT:USDT,0.13285,116.0,0.13262,37.0,0.1333,117.0,0.13331,22.0
1753592230561,04:57:10.561,huobi,AERGO/USDT:USDT,0.13285,116.0,0.13262,37.0,0.1333,117.0,0.13331,22.0
1753592230589,04:57:10.589,huobi,AERGO/USDT:USDT,0.13285,116.0,0.13262,37.0,0.1333,117.0,0.13331,22.0
1753592232887,04:57:12.887,huobi,AERGO/USDT:USDT,0.13285,116.0,0.13262,37.0,0.1333,117.0,0.13331,22.0
1753592235786,04:57:15.786,huobi,AERGO/USDT:USDT,0.13285,116.0,0.13262,37.0,0.1333,117.0,0.13331,22.0
1753592236028,04:57:16.028,huobi,AERGO/USDT:USDT,0.13285,116.0,0.13262,37.0,0.1333,117.0,0.13331,22.0
1753592237517,04:57:17.517,huobi,AERGO/USDT:USDT,0.13285,116.0,0.13262,37.0,0.1333,117.0,0.13331,22.0
1753592238085,04:57:18.085,huobi,AERGO/USDT:USDT,0.13285,116.0,0.13273,898.0,0.1333,117.0,0.13331,22.0
1753592238099,04:57:18.099,huobi,AERGO/USDT:USDT,0.13285,116.0,0.13274,960.0,0.1333,117.0,0.13331,22.0
1753592238161,04:57:18.161,huobi,AERGO/USDT:USDT,0.13285,116.0,0.13275,37.0,0.1333,117.0,0.13331,22.0
1753592238205,04:57:18.205,huobi,AERGO/USDT:USDT,0.13285,116.0,0.13275,37.0,0.1333,117.0,0.13331,22.0
1753592240387,04:57:20.387,huobi,AERGO/USDT:USDT,0.13285,116.0,0.13275,37.0,0.1333,117.0,0.13336,37.0
1753592240433,04:57:20.433,huobi,AERGO/USDT:USDT,0.13285,116.0,0.13275,37.0,0.13329,22.0,0.1333,117.0
1753592240447,04:57:20.447,huobi,AERGO/USDT:USDT,0.13285,116.0,0.13275,37.0,0.13328,116.0,0.13329,22.0
1753592240568,04:57:20.568,huobi,AERGO/USDT:USDT,0.13285,116.0,0.13275,37.0,0.13328,116.0,0.13329,982.0
1753592240919,04:57:20.919,huobi,AERGO/USDT:USDT,0.13285,116.0,0.13275,37.0,0.13328,116.0,0.13329,982.0
1753592241556,04:57:21.556,huobi,AERGO/USDT:USDT,0.13301,7.0,0.13285,116.0,0.13328,116.0,0.13329,982.0
1753592241574,04:57:21.574,huobi,AERGO/USDT:USDT,0.13302,116.0,0.13285,116.0,0.13328,116.0,0.13329,982.0
1753592241611,04:57:21.611,huobi,AERGO/USDT:USDT,0.13285,116.0,0.13275,37.0,0.13328,116.0,0.13329,982.0
1753592241640,04:57:21.640,huobi,AERGO/USDT:USDT,0.13285,116.0,0.13275,37.0,0.13328,116.0,0.13329,982.0
1753592241672,04:57:21.672,huobi,AERGO/USDT:USDT,0.13285,116.0,0.13275,37.0,0.13328,116.0,0.13329,982.0
1753592241699,04:57:21.699,huobi,AERGO/USDT:USDT,0.13285,116.0,0.13275,37.0,0.13328,116.0,0.13329,982.0
1753592241753,04:57:21.753,huobi,AERGO/USDT:USDT,0.13285,116.0,0.13275,37.0,0.13328,116.0,0.13329,982.0
1753592241759,04:57:21.759,huobi,AERGO/USDT:USDT,0.13285,116.0,0.13275,37.0,0.13328,116.0,0.13329,982.0
1753592241903,04:57:21.903,huobi,AERGO/USDT:USDT,0.13285,116.0,0.13275,37.0,0.13328,116.0,0.13329,982.0
1753592241917,04:57:21.917,huobi,AERGO/USDT:USDT,0.13285,116.0,0.13275,37.0,0.13328,116.0,0.13329,982.0
1753592242021,04:57:22.021,huobi,AERGO/USDT:USDT,0.13285,116.0,0.13275,37.0,0.13328,116.0,0.13329,982.0
1753592242056,04:57:22.056,huobi,AERGO/USDT:USDT,0.13285,116.0,0.13275,37.0,0.13328,116.0,0.13329,982.0
1753592242090,04:57:22.090,huobi,AERGO/USDT:USDT,0.13285,116.0,0.13275,37.0,0.13328,116.0,0.13329,982.0
1753592242135,04:57:22.135,huobi,AERGO/USDT:USDT,0.13285,116.0,0.13275,37.0,0.13328,116.0,0.13329,982.0
1753592243597,04:57:23.597,huobi,AERGO/USDT:USDT,0.13285,116.0,0.13275,37.0,0.13328,116.0,0.13329,982.0
1753592243621,04:57:23.621,huobi,AERGO/USDT:USDT,0.13285,116.0,0.13275,37.0,0.13328,116.0,0.13329,982.0
1753592243671,04:57:23.671,huobi,AERGO/USDT:USDT,0.13285,116.0,0.13235,37.0,0.13328,116.0,0.13329,982.0
1753592243890,04:57:23.890,huobi,AERGO/USDT:USDT,0.13285,116.0,0.13261,897.0,0.13328,116.0,0.13329,982.0
1753592243954,04:57:23.954,huobi,AERGO/USDT:USDT,0.13285,116.0,0.13262,997.0,0.13328,116.0,0.13329,982.0
1753592244004,04:57:24.004,huobi,AERGO/USDT:USDT,0.13285,116.0,0.13263,37.0,0.13328,116.0,0.13329,982.0
1753592244011,04:57:24.011,huobi,AERGO/USDT:USDT,0.13285,116.0,0.13263,37.0,0.13328,116.0,0.13329,982.0
1753592247730,04:57:27.730,huobi,AERGO/USDT:USDT,0.13285,116.0,0.13263,37.0,0.13328,116.0,0.13329,982.0
1753592247780,04:57:27.780,huobi,AERGO/USDT:USDT,0.13285,116.0,0.13263,37.0,0.13328,116.0,0.13329,982.0
1753592247784,04:57:27.784,huobi,AERGO/USDT:USDT,0.13285,116.0,0.13263,37.0,0.13328,116.0,0.13329,982.0
1753592247821,04:57:27.821,huobi,AERGO/USDT:USDT,0.13285,116.0,0.13263,37.0,0.13328,116.0,0.13329,982.0
1753592247858,04:57:27.858,huobi,AERGO/USDT:USDT,0.13285,116.0,0.13263,37.0,0.13328,116.0,0.13329,982.0
1753592247917,04:57:27.917,huobi,AERGO/USDT:USDT,0.13285,116.0,0.13263,37.0,0.13328,116.0,0.13329,982.0
1753592247960,04:57:27.960,huobi,AERGO/USDT:USDT,0.13285,116.0,0.13263,37.0,0.13328,116.0,0.13329,982.0
1753592249022,04:57:29.022,huobi,AERGO/USDT:USDT,0.13285,116.0,0.13263,37.0,0.13328,116.0,0.13329,982.0
1753592249044,04:57:29.044,huobi,AERGO/USDT:USDT,0.13285,116.0,0.13263,37.0,0.13328,116.0,0.13329,982.0
1753592249105,04:57:29.105,huobi,AERGO/USDT:USDT,0.13285,116.0,0.13234,960.0,0.13328,116.0,0.13329,982.0
1753592249143,04:57:29.143,huobi,AERGO/USDT:USDT,0.13285,116.0,0.13235,37.0,0.13328,116.0,0.13329,982.0
1753592249220,04:57:29.220,huobi,AERGO/USDT:USDT,0.13285,116.0,0.1325,897.0,0.13328,116.0,0.13329,982.0
1753592249227,04:57:29.227,huobi,AERGO/USDT:USDT,0.13285,116.0,0.1325,897.0,0.13328,116.0,0.13329,982.0
1753592249296,04:57:29.296,huobi,AERGO/USDT:USDT,0.13285,116.0,0.13251,997.0,0.13328,116.0,0.13329,982.0
1753592249316,04:57:29.316,huobi,AERGO/USDT:USDT,0.13285,116.0,0.13251,1079.0,0.13328,116.0,0.13329,982.0
1753592249356,04:57:29.356,huobi,AERGO/USDT:USDT,0.13285,116.0,0.13252,37.0,0.13328,116.0,0.13329,982.0
1753592250082,04:57:30.082,huobi,AERGO/USDT:USDT,0.13285,116.0,0.13252,37.0,0.13328,116.0,0.13329,982.0
1753592250208,04:57:30.208,huobi,AERGO/USDT:USDT,0.13285,116.0,0.13252,37.0,0.13328,116.0,0.13329,982.0
1753592250385,04:57:30.385,huobi,AERGO/USDT:USDT,0.13285,116.0,0.13252,37.0,0.13328,116.0,0.13329,982.0
1753592250412,04:57:30.412,huobi,AERGO/USDT:USDT,0.13285,116.0,0.13252,37.0,0.13328,116.0,0.13329,982.0
1753592250430,04:57:30.430,huobi,AERGO/USDT:USDT,0.13285,116.0,0.13252,37.0,0.13328,256.0,0.13329,960.0
1753592250454,04:57:30.454,huobi,AERGO/USDT:USDT,0.13285,116.0,0.13252,37.0,0.13327,960.0,0.13328,140.0
1753592250487,04:57:30.487,huobi,AERGO/USDT:USDT,0.13285,116.0,0.13252,37.0,0.13326,119.0,0.13327,22.0
1753592250527,04:57:30.527,huobi,AERGO/USDT:USDT,0.13285,116.0,0.13252,37.0,0.13326,119.0,0.13327,22.0
1753592250551,04:57:30.551,huobi,AERGO/USDT:USDT,0.13285,116.0,0.13252,37.0,0.13326,119.0,0.13327,22.0
1753592250610,04:57:30.610,huobi,AERGO/USDT:USDT,0.13285,116.0,0.13252,37.0,0.13326,156.0,0.13327,22.0
1753592250635,04:57:30.635,huobi,AERGO/USDT:USDT,0.13285,116.0,0.13252,37.0,0.13325,119.0,0.13326,37.0
1753592250671,04:57:30.671,huobi,AERGO/USDT:USDT,0.13285,116.0,0.13252,37.0,0.13325,119.0,0.13326,37.0
1753592250702,04:57:30.702,huobi,AERGO/USDT:USDT,0.13285,116.0,0.13252,37.0,0.13325,119.0,0.13327,982.0
1753592250731,04:57:30.731,huobi,AERGO/USDT:USDT,0.13285,116.0,0.13252,37.0,0.13325,119.0,0.13327,982.0
1753592250758,04:57:30.758,huobi,AERGO/USDT:USDT,0.13285,116.0,0.13252,37.0,0.13323,119.0,0.13324,37.0
1753592250832,04:57:30.832,huobi,AERGO/USDT:USDT,0.13285,116.0,0.13252,37.0,0.13322,37.0,0.13323,119.0
1753592250846,04:57:30.846,huobi,AERGO/USDT:USDT,0.13285,116.0,0.13252,37.0,0.13321,119.0,0.13322,37.0
1753592250878,04:57:30.878,huobi,AERGO/USDT:USDT,0.13285,116.0,0.13252,37.0,0.13321,119.0,0.13323,119.0
1753592251000,04:57:31.000,huobi,AERGO/USDT:USDT,0.13285,116.0,0.13252,37.0,0.13321,119.0,0.13323,1079.0
1753592251026,04:57:31.026,huobi,AERGO/USDT:USDT,0.13285,116.0,0.13252,37.0,0.13323,960.0,0.13324,37.0
1753592251701,04:57:31.701,huobi,AERGO/USDT:USDT,0.13285,116.0,0.13252,37.0,0.13322,119.0,0.13323,960.0
1753592251719,04:57:31.719,huobi,AERGO/USDT:USDT,0.13285,116.0,0.13252,37.0,0.13322,119.0,0.13323,960.0
1753592254388,04:57:34.388,huobi,AERGO/USDT:USDT,0.13285,116.0,0.13252,37.0,0.13322,119.0,0.13324,997.0
1753592256965,04:57:36.965,huobi,AERGO/USDT:USDT,0.13285,116.0,0.13252,37.0,0.13322,119.0,0.13324,997.0
1753592257088,04:57:37.088,huobi,AERGO/USDT:USDT,0.13285,116.0,0.13252,997.0,0.13322,119.0,0.13324,997.0
1753592257142,04:57:37.142,huobi,AERGO/USDT:USDT,0.13285,116.0,0.13253,37.0,0.13322,119.0,0.13324,997.0
1753592257186,04:57:37.186,huobi,AERGO/USDT:USDT,0.13285,116.0,0.13253,37.0,0.13322,119.0,0.13324,997.0
1753592257442,04:57:37.442,huobi,AERGO/USDT:USDT,0.13285,116.0,0.13253,37.0,0.13322,119.0,0.13324,997.0
1753592257533,04:57:37.533,huobi,AERGO/USDT:USDT,0.13285,116.0,0.13253,37.0,0.13322,119.0,0.13324,997.0
1753592258399,04:57:38.399,huobi,AERGO/USDT:USDT,0.13285,116.0,0.13253,37.0,0.13322,119.0,0.13324,997.0
1753592259681,04:57:39.681,huobi,AERGO/USDT:USDT,0.13285,116.0,0.13253,37.0,0.13322,119.0,0.13324,997.0
1753592259705,04:57:39.705,huobi,AERGO/USDT:USDT,0.13285,116.0,0.13253,37.0,0.13322,119.0,0.13324,997.0
1753592259727,04:57:39.727,huobi,AERGO/USDT:USDT,0.13285,116.0,0.13234,960.0,0.13322,119.0,0.13324,997.0
1753592259761,04:57:39.761,huobi,AERGO/USDT:USDT,0.13285,116.0,0.13234,960.0,0.13322,119.0,0.13324,997.0
1753592259798,04:57:39.798,huobi,AERGO/USDT:USDT,0.13285,116.0,0.13235,37.0,0.13321,22.0,0.13322,119.0
1753592259825,04:57:39.825,huobi,AERGO/USDT:USDT,0.13285,116.0,0.13246,898.0,0.1332,120.0,0.13321,982.0
1753592259846,04:57:39.846,huobi,AERGO/USDT:USDT,0.13285,116.0,0.13247,960.0,0.1332,120.0,0.13321,960.0
1753592259904,04:57:39.904,huobi,AERGO/USDT:USDT,0.13285,116.0,0.13248,37.0,0.1332,120.0,0.13321,960.0
1753592259930,04:57:39.930,huobi,AERGO/USDT:USDT,0.13285,116.0,0.13248,37.0,0.13319,22.0,0.1332,120.0
1753592259934,04:57:39.934,huobi,AERGO/USDT:USDT,0.13285,116.0,0.13248,37.0,0.13319,22.0,0.1332,120.0
1753592259964,04:57:39.964,huobi,AERGO/USDT:USDT,0.13285,116.0,0.13248,37.0,0.13318,120.0,0.13319,982.0
1753592260072,04:57:40.072,huobi,AERGO/USDT:USDT,0.13285,116.0,0.13248,37.0,0.13318,120.0,0.13319,982.0
1753592262367,04:57:42.367,huobi,AERGO/USDT:USDT,0.13285,116.0,0.13248,37.0,0.13318,120.0,0.13319,982.0
1753592264544,04:57:44.544,huobi,AERGO/USDT:USDT,0.13285,116.0,0.13248,37.0,0.13318,120.0,0.13319,982.0
1753592264555,04:57:44.555,huobi,AERGO/USDT:USDT,0.13285,116.0,0.13248,37.0,0.13318,120.0,0.13319,22.0
1753592264587,04:57:44.587,huobi,AERGO/USDT:USDT,0.13285,116.0,0.13248,37.0,0.13318,120.0,0.13319,22.0
1753592265055,04:57:45.055,huobi,AERGO/USDT:USDT,0.13285,116.0,0.13248,37.0,0.13318,120.0,0.13319,22.0
1753592265067,04:57:45.067,huobi,AERGO/USDT:USDT,0.13285,116.0,0.13248,37.0,0.13318,120.0,0.13319,22.0
1753592265282,04:57:45.282,huobi,AERGO/USDT:USDT,0.13285,116.0,0.13248,37.0,0.13318,120.0,0.13319,22.0
1753592265342,04:57:45.342,huobi,AERGO/USDT:USDT,0.13285,116.0,0.13248,37.0,0.13318,120.0,0.13319,22.0
1753592265464,04:57:45.464,huobi,AERGO/USDT:USDT,0.13285,116.0,0.13248,37.0,0.13318,120.0,0.13319,22.0
1753592266584,04:57:46.584,huobi,AERGO/USDT:USDT,0.13285,116.0,0.13248,37.0,0.13318,120.0,0.13319,22.0
1753592266636,04:57:46.636,huobi,AERGO/USDT:USDT,0.13285,116.0,0.13248,37.0,0.13318,120.0,0.13319,22.0
1753592266654,04:57:46.654,huobi,AERGO/USDT:USDT,0.13285,116.0,0.13248,37.0,0.13318,120.0,0.13319,22.0
1753592266688,04:57:46.688,huobi,AERGO/USDT:USDT,0.13249,116.0,0.13248,37.0,0.13318,120.0,0.13319,22.0
1753592266714,04:57:46.714,huobi,AERGO/USDT:USDT,0.13249,116.0,0.13247,120.0,0.13318,157.0,0.13319,22.0
1753592266754,04:57:46.754,huobi,AERGO/USDT:USDT,0.13251,116.0,0.1325,37.0,0.13317,116.0,0.13319,22.0
1753592266775,04:57:46.775,huobi,AERGO/USDT:USDT,0.13251,116.0,0.1325,37.0,0.13317,116.0,0.13319,22.0
1753592266813,04:57:46.813,huobi,AERGO/USDT:USDT,0.13251,116.0,0.13249,116.0,0.13315,116.0,0.13316,37.0
1753592266835,04:57:46.835,huobi,AERGO/USDT:USDT,0.13253,116.0,0.13252,37.0,0.13315,116.0,0.13316,997.0
1753592266870,04:57:46.870,huobi,AERGO/USDT:USDT,0.13253,116.0,0.13251,116.0,0.13315,116.0,0.13316,960.0
1753592266893,04:57:46.893,huobi,AERGO/USDT:USDT,0.13254,37.0,0.13253,116.0,0.13313,116.0,0.13314,37.0
1753592266924,04:57:46.924,huobi,AERGO/USDT:USDT,0.13255,116.0,0.13253,116.0,0.13313,116.0,0.13315,116.0
1753592266962,04:57:46.962,huobi,AERGO/USDT:USDT,0.13255,116.0,0.13253,116.0,0.13311,116.0,0.13312,59.0
1753592266988,04:57:46.988,huobi,AERGO/USDT:USDT,0.13257,116.0,0.13256,37.0,0.13311,116.0,0.13312,22.0
1753592267016,04:57:47.016,huobi,AERGO/USDT:USDT,0.13257,116.0,0.13255,116.0,0.13311,37.0,0.13312,22.0
1753592267056,04:57:47.056,huobi,AERGO/USDT:USDT,0.13259,116.0,0.13258,37.0,0.1331,116.0,0.13311,37.0
1753592267082,04:57:47.082,huobi,AERGO/USDT:USDT,0.13259,116.0,0.13258,997.0,0.1331,116.0,0.13311,37.0
1753592267150,04:57:47.150,huobi,AERGO/USDT:USDT,0.13259,153.0,0.13258,960.0,0.1331,116.0,0.13311,37.0
1753592267166,04:57:47.166,huobi,AERGO/USDT:USDT,0.13259,37.0,0.13258,960.0,0.1331,116.0,0.13311,37.0
1753592267251,04:57:47.251,huobi,AERGO/USDT:USDT,0.1326,116.0,0.13257,116.0,0.1331,116.0,0.13311,37.0
1753592267268,04:57:47.268,huobi,AERGO/USDT:USDT,0.1326,116.0,0.13257,116.0,0.1331,116.0,0.13311,37.0
1753592267309,04:57:47.309,huobi,AERGO/USDT:USDT,0.1326,116.0,0.13258,37.0,0.1331,116.0,0.13311,37.0
1753592267321,04:57:47.321,huobi,AERGO/USDT:USDT,0.1326,116.0,0.13258,37.0,0.13309,22.0,0.1331,116.0
1753592267356,04:57:47.356,huobi,AERGO/USDT:USDT,0.1326,116.0,0.13258,37.0,0.13308,116.0,0.13309,22.0
1753592267375,04:57:47.375,huobi,AERGO/USDT:USDT,0.1326,116.0,0.13258,37.0,0.13308,116.0,0.13309,982.0
1753592267448,04:57:47.448,huobi,AERGO/USDT:USDT,0.1326,116.0,0.13258,37.0,0.13308,116.0,0.13309,982.0
1753592267467,04:57:47.467,huobi,AERGO/USDT:USDT,0.1326,116.0,0.13258,37.0,0.13308,116.0,0.13309,982.0
1753592267524,04:57:47.524,huobi,AERGO/USDT:USDT,0.1326,116.0,0.13258,37.0,0.13308,116.0,0.13309,982.0
1753592267770,04:57:47.770,huobi,AERGO/USDT:USDT,0.1326,116.0,0.13258,37.0,0.13308,116.0,0.13309,982.0
1753592270467,04:57:50.467,huobi,AERGO/USDT:USDT,0.1326,116.0,0.13258,37.0,0.13308,116.0,0.13309,982.0
1753592270515,04:57:50.515,huobi,AERGO/USDT:USDT,0.1326,116.0,0.13258,37.0,0.13308,116.0,0.13309,982.0
1753592270562,04:57:50.562,huobi,AERGO/USDT:USDT,0.1326,116.0,0.13258,37.0,0.13308,116.0,0.13309,982.0
1753592270585,04:57:50.585,huobi,AERGO/USDT:USDT,0.1326,116.0,0.13258,37.0,0.13308,116.0,0.13309,982.0
1753592270625,04:57:50.625,huobi,AERGO/USDT:USDT,0.1326,116.0,0.13258,37.0,0.13308,116.0,0.13309,982.0
1753592272027,04:57:52.027,huobi,AERGO/USDT:USDT,0.1326,116.0,0.13258,37.0,0.13308,116.0,0.13309,982.0
1753592272059,04:57:52.059,huobi,AERGO/USDT:USDT,0.1326,116.0,0.13258,37.0,0.13308,116.0,0.13309,982.0
1753592273121,04:57:53.121,huobi,AERGO/USDT:USDT,0.1326,116.0,0.13258,37.0,0.13308,116.0,0.13309,982.0
1753592273143,04:57:53.143,huobi,AERGO/USDT:USDT,0.1326,116.0,0.13258,37.0,0.13308,116.0,0.13309,982.0
1753592273262,04:57:53.262,huobi,AERGO/USDT:USDT,0.1326,116.0,0.13258,997.0,0.13308,116.0,0.13309,982.0
1753592273286,04:57:53.286,huobi,AERGO/USDT:USDT,0.1326,116.0,0.13258,960.0,0.13308,116.0,0.13309,982.0
1753592273321,04:57:53.321,huobi,AERGO/USDT:USDT,0.1326,116.0,0.13259,37.0,0.13308,116.0,0.13309,982.0
1753592275844,04:57:55.844,huobi,AERGO/USDT:USDT,0.1326,116.0,0.13259,37.0,0.13308,116.0,0.13309,982.0
1753592275870,04:57:55.870,huobi,AERGO/USDT:USDT,0.1326,116.0,0.13259,37.0,0.13308,116.0,0.13309,982.0
1753592275928,04:57:55.928,huobi,AERGO/USDT:USDT,0.1326,116.0,0.13251,37.0,0.13308,116.0,0.13309,982.0
1753592276991,04:57:56.991,huobi,AERGO/USDT:USDT,0.1326,116.0,0.13251,37.0,0.13308,116.0,0.13309,982.0
1753592278502,04:57:58.502,huobi,AERGO/USDT:USDT,0.1326,116.0,0.13251,37.0,0.13308,116.0,0.13309,982.0
1753592278508,04:57:58.508,huobi,AERGO/USDT:USDT,0.1326,116.0,0.13251,37.0,0.13308,116.0,0.13309,982.0
1753592280303,04:58:00.303,huobi,AERGO/USDT:USDT,0.1326,116.0,0.13251,37.0,0.13308,116.0,0.13309,22.0
1753592280362,04:58:00.362,huobi,AERGO/USDT:USDT,0.1326,116.0,0.1325,960.0,0.13308,116.0,0.13309,22.0
1753592280368,04:58:00.368,huobi,AERGO/USDT:USDT,0.1326,116.0,0.1325,960.0,0.13308,116.0,0.13309,22.0
1753592280398,04:58:00.398,huobi,AERGO/USDT:USDT,0.13261,37.0,0.1326,116.0,0.13308,116.0,0.13309,22.0
1753592280519,04:58:00.519,huobi,AERGO/USDT:USDT,0.13262,120.0,0.13261,37.0,0.13308,116.0,0.13309,22.0
1753592280549,04:58:00.549,huobi,AERGO/USDT:USDT,0.13262,120.0,0.13261,960.0,0.13308,116.0,0.13309,22.0
1753592280585,04:58:00.585,huobi,AERGO/USDT:USDT,0.13263,37.0,0.13262,120.0,0.13308,116.0,0.13309,22.0
1753592280642,04:58:00.642,huobi,AERGO/USDT:USDT,0.13264,120.0,0.13263,37.0,0.13308,116.0,0.13309,22.0
1753592280817,04:58:00.817,huobi,AERGO/USDT:USDT,0.13264,120.0,0.13263,997.0,0.13308,116.0,0.13309,982.0
1753592280872,04:58:00.872,huobi,AERGO/USDT:USDT,0.13264,120.0,0.13263,960.0,0.13308,116.0,0.13309,960.0
1753592280874,04:58:00.874,huobi,AERGO/USDT:USDT,0.13265,37.0,0.13264,120.0,0.13308,116.0,0.13309,960.0
1753592280911,04:58:00.911,huobi,AERGO/USDT:USDT,0.13266,120.0,0.13265,37.0,0.13308,116.0,0.13309,960.0
1753592281224,04:58:01.224,huobi,AERGO/USDT:USDT,0.13266,120.0,0.13265,37.0,0.13308,116.0,0.13309,960.0
1753592281224,04:58:01.224,huobi,AERGO/USDT:USDT,0.13266,120.0,0.13265,37.0,0.13308,116.0,0.13309,960.0
1753592281244,04:58:01.244,huobi,AERGO/USDT:USDT,0.13266,120.0,0.13265,37.0,0.13308,116.0,0.13309,960.0
1753592281358,04:58:01.358,huobi,AERGO/USDT:USDT,0.13266,120.0,0.13265,997.0,0.13308,116.0,0.13309,960.0
1753592283684,04:58:03.684,huobi,AERGO/USDT:USDT,0.13266,120.0,0.13265,997.0,0.13308,116.0,0.13309,960.0
1753592283696,04:58:03.696,huobi,AERGO/USDT:USDT,0.13266,120.0,0.13265,37.0,0.13308,116.0,0.13309,960.0
1753592283747,04:58:03.747,huobi,AERGO/USDT:USDT,0.13266,120.0,0.13263,997.0,0.13308,116.0,0.13309,960.0
1753592283755,04:58:03.755,huobi,AERGO/USDT:USDT,0.13266,120.0,0.13263,997.0,0.13308,116.0,0.13309,960.0
1753592283794,04:58:03.794,huobi,AERGO/USDT:USDT,0.13266,120.0,0.13263,997.0,0.13308,116.0,0.13309,960.0
1753592284059,04:58:04.059,huobi,AERGO/USDT:USDT,0.13266,120.0,0.13263,960.0,0.13308,116.0,0.13309,960.0
1753592284096,04:58:04.096,huobi,AERGO/USDT:USDT,0.13266,120.0,0.13264,37.0,0.13308,116.0,0.13309,960.0
1753592284121,04:58:04.121,huobi,AERGO/USDT:USDT,0.13266,120.0,0.13264,37.0,0.13308,116.0,0.13309,960.0
1753592284163,04:58:04.163,huobi,AERGO/USDT:USDT,0.13266,120.0,0.13264,37.0,0.13308,116.0,0.13309,960.0
1753592284183,04:58:04.183,huobi,AERGO/USDT:USDT,0.13266,120.0,0.13264,37.0,0.13308,116.0,0.13309,960.0
1753592284214,04:58:04.214,huobi,AERGO/USDT:USDT,0.13266,120.0,0.13264,37.0,0.13308,116.0,0.13309,960.0
1753592284257,04:58:04.257,huobi,AERGO/USDT:USDT,0.13266,120.0,0.13265,37.0,0.13308,116.0,0.13309,960.0
1753592284279,04:58:04.279,huobi,AERGO/USDT:USDT,0.13266,120.0,0.13263,960.0,0.13308,116.0,0.13309,960.0
1753592284316,04:58:04.316,huobi,AERGO/USDT:USDT,0.13266,120.0,0.13264,37.0,0.13308,116.0,0.13309,960.0
1753592285063,04:58:05.063,huobi,AERGO/USDT:USDT,0.13266,120.0,0.13264,37.0,0.13308,116.0,0.13309,960.0
1753592285117,04:58:05.117,huobi,AERGO/USDT:USDT,0.13266,120.0,0.13263,960.0,0.13308,116.0,0.13309,960.0
1753592285140,04:58:05.140,huobi,AERGO/USDT:USDT,0.13266,120.0,0.13262,120.0,0.13308,116.0,0.13309,960.0
1753592285237,04:58:05.237,huobi,AERGO/USDT:USDT,0.13263,37.0,0.13262,120.0,0.13308,116.0,0.13309,960.0
1753592285254,04:58:05.254,huobi,AERGO/USDT:USDT,0.13264,120.0,0.13263,37.0,0.13308,116.0,0.13309,960.0
1753592285344,04:58:05.344,huobi,AERGO/USDT:USDT,0.13265,37.0,0.13264,120.0,0.13308,116.0,0.13309,960.0
1753592285354,04:58:05.354,huobi,AERGO/USDT:USDT,0.13265,37.0,0.13264,120.0,0.13308,116.0,0.13309,960.0
1753592285377,04:58:05.377,huobi,AERGO/USDT:USDT,0.13266,120.0,0.13265,37.0,0.13308,116.0,0.13309,960.0
1753592285461,04:58:05.461,huobi,AERGO/USDT:USDT,0.13266,120.0,0.13265,37.0,0.13308,116.0,0.13309,960.0
1753592285485,04:58:05.485,huobi,AERGO/USDT:USDT,0.13266,120.0,0.13265,37.0,0.13308,116.0,0.13309,960.0
1753592286281,04:58:06.281,huobi,AERGO/USDT:USDT,0.13266,120.0,0.13265,37.0,0.13308,116.0,0.13309,960.0
1753592286304,04:58:06.304,huobi,AERGO/USDT:USDT,0.13266,120.0,0.13265,37.0,0.13308,116.0,0.13309,960.0
1753592288958,04:58:08.958,huobi,AERGO/USDT:USDT,0.13266,120.0,0.13265,37.0,0.13308,116.0,0.13309,960.0
1753592289022,04:58:09.022,huobi,AERGO/USDT:USDT,0.13266,120.0,0.13265,37.0,0.13308,116.0,0.13309,960.0
1753592291745,04:58:11.745,huobi,AERGO/USDT:USDT,0.13266,120.0,0.13265,37.0,0.13308,116.0,0.13309,960.0
1753592291866,04:58:11.866,huobi,AERGO/USDT:USDT,0.13266,120.0,0.13265,997.0,0.13308,116.0,0.13309,960.0
1753592291885,04:58:11.885,huobi,AERGO/USDT:USDT,0.13266,120.0,0.13265,960.0,0.13308,116.0,0.13309,960.0
1753592291998,04:58:11.998,huobi,AERGO/USDT:USDT,0.13266,120.0,0.13265,960.0,0.13308,116.0,0.13309,960.0
1753592292021,04:58:12.021,huobi,AERGO/USDT:USDT,0.13266,157.0,0.13265,960.0,0.13308,116.0,0.13309,960.0
1753592292034,04:58:12.034,huobi,AERGO/USDT:USDT,0.13267,120.0,0.13266,157.0,0.13308,116.0,0.13309,960.0
1753592292072,04:58:12.072,huobi,AERGO/USDT:USDT,0.13267,960.0,0.13265,960.0,0.13308,116.0,0.13309,960.0
1753592292094,04:58:12.094,huobi,AERGO/USDT:USDT,0.13268,120.0,0.13267,960.0,0.13308,116.0,0.13309,960.0
1753592292152,04:58:12.152,huobi,AERGO/USDT:USDT,0.13268,120.0,0.13267,960.0,0.13308,116.0,0.13309,960.0
1753592292173,04:58:12.173,huobi,AERGO/USDT:USDT,0.13268,120.0,0.13267,960.0,0.13308,116.0,0.13309,960.0
1753592292393,04:58:12.393,huobi,AERGO/USDT:USDT,0.13268,120.0,0.13267,960.0,0.13308,116.0,0.13309,960.0
1753592292412,04:58:12.412,huobi,AERGO/USDT:USDT,0.13268,120.0,0.13267,960.0,0.13308,116.0,0.13309,960.0
1753592292450,04:58:12.450,huobi,AERGO/USDT:USDT,0.13268,120.0,0.13267,960.0,0.13308,116.0,0.13309,960.0
1753592292460,04:58:12.460,huobi,AERGO/USDT:USDT,0.13268,120.0,0.13267,960.0,0.13308,116.0,0.13309,960.0
1753592292527,04:58:12.527,huobi,AERGO/USDT:USDT,0.13268,120.0,0.13267,960.0,0.13308,116.0,0.13309,960.0
1753592292701,04:58:12.701,huobi,AERGO/USDT:USDT,0.13268,120.0,0.13267,960.0,0.13284,7.0,0.13308,116.0
1753592292734,04:58:12.734,huobi,AERGO/USDT:USDT,0.13268,120.0,0.13267,960.0,0.13307,120.0,0.1331,138.0
1753592292755,04:58:12.755,huobi,AERGO/USDT:USDT,0.13268,120.0,0.13267,960.0,0.13307,120.0,0.13309,960.0
1753592293080,04:58:13.080,huobi,AERGO/USDT:USDT,0.13268,120.0,0.13267,960.0,0.13307,120.0,0.13309,960.0
1753592293108,04:58:13.108,huobi,AERGO/USDT:USDT,0.13268,120.0,0.13267,960.0,0.13307,120.0,0.13309,960.0
1753592293117,04:58:13.117,huobi,AERGO/USDT:USDT,0.13268,120.0,0.13267,997.0,0.13307,120.0,0.13309,960.0
1753592294461,04:58:14.461,huobi,AERGO/USDT:USDT,0.13268,120.0,0.13267,997.0,0.13307,120.0,0.13309,960.0
1753592294471,04:58:14.471,huobi,AERGO/USDT:USDT,0.13268,120.0,0.13267,37.0,0.13307,120.0,0.13309,960.0
1753592294520,04:58:14.520,huobi,AERGO/USDT:USDT,0.13268,120.0,0.13265,997.0,0.13307,120.0,0.13309,960.0
1753592294539,04:58:14.539,huobi,AERGO/USDT:USDT,0.13268,120.0,0.13265,960.0,0.13307,120.0,0.13309,960.0
1753592294576,04:58:14.576,huobi,AERGO/USDT:USDT,0.13268,120.0,0.13266,37.0,0.13307,120.0,0.13309,960.0
1753592295850,04:58:15.850,huobi,AERGO/USDT:USDT,0.13268,120.0,0.13266,37.0,0.13307,120.0,0.1331,138.0
1753592295874,04:58:15.874,huobi,AERGO/USDT:USDT,0.13268,120.0,0.13266,37.0,0.13307,120.0,0.1331,116.0
1753592295904,04:58:15.904,huobi,AERGO/USDT:USDT,0.13268,120.0,0.13266,37.0,0.1331,116.0,0.13317,22.0
1753592296025,04:58:16.025,huobi,AERGO/USDT:USDT,0.13268,120.0,0.13266,37.0,0.1331,116.0,0.13317,22.0
1753592296154,04:58:16.154,huobi,AERGO/USDT:USDT,0.13268,120.0,0.13266,37.0,0.1331,116.0,0.13317,22.0
1753592296207,04:58:16.207,huobi,AERGO/USDT:USDT,0.13268,120.0,0.13266,37.0,0.1331,116.0,0.13317,22.0
1753592296329,04:58:16.329,huobi,AERGO/USDT:USDT,0.13268,120.0,0.13266,37.0,0.1331,116.0,0.13317,22.0
1753592296385,04:58:16.385,huobi,AERGO/USDT:USDT,0.13268,120.0,0.13266,37.0,0.1331,116.0,0.13317,22.0
1753592296506,04:58:16.506,huobi,AERGO/USDT:USDT,0.13268,120.0,0.13266,37.0,0.1331,116.0,0.13317,22.0
1753592296572,04:58:16.572,huobi,AERGO/USDT:USDT,0.13268,120.0,0.13266,37.0,0.1331,116.0,0.13317,982.0
1753592296628,04:58:16.628,huobi,AERGO/USDT:USDT,0.13268,120.0,0.13266,37.0,0.1331,116.0,0.13317,982.0
1753592296679,04:58:16.679,huobi,AERGO/USDT:USDT,0.13268,120.0,0.13266,37.0,0.1331,116.0,0.13317,982.0
1753592296693,04:58:16.693,huobi,AERGO/USDT:USDT,0.13268,120.0,0.13266,37.0,0.1331,116.0,0.13317,982.0
1753592296731,04:58:16.731,huobi,AERGO/USDT:USDT,0.13268,120.0,0.13266,37.0,0.1331,116.0,0.13317,982.0
1753592296754,04:58:16.754,huobi,AERGO/USDT:USDT,0.13268,120.0,0.13266,37.0,0.1331,116.0,0.13317,982.0
1753592296793,04:58:16.793,huobi,AERGO/USDT:USDT,0.13268,120.0,0.13266,37.0,0.1331,116.0,0.13317,982.0
1753592301433,04:58:21.433,huobi,AERGO/USDT:USDT,0.13268,120.0,0.13266,37.0,0.1331,116.0,0.13317,982.0
1753592301489,04:58:21.489,huobi,AERGO/USDT:USDT,0.13268,120.0,0.13266,37.0,0.1331,116.0,0.13317,982.0
1753592301559,04:58:21.559,huobi,AERGO/USDT:USDT,0.13268,120.0,0.13266,37.0,0.1331,116.0,0.13317,982.0
1753592301576,04:58:21.576,huobi,AERGO/USDT:USDT,0.13268,120.0,0.13266,37.0,0.1331,116.0,0.13317,982.0
1753592301618,04:58:21.618,huobi,AERGO/USDT:USDT,0.13268,120.0,0.13266,37.0,0.1331,116.0,0.13317,982.0
1753592312933,04:58:32.933,huobi,AERGO/USDT:USDT,0.13268,120.0,0.13265,960.0,0.1331,116.0,0.13317,982.0
1753592312944,04:58:32.944,huobi,AERGO/USDT:USDT,0.13268,120.0,0.13264,120.0,0.1331,116.0,0.13317,982.0
1753592312976,04:58:32.976,huobi,AERGO/USDT:USDT,0.1327,117.0,0.13269,37.0,0.1331,116.0,0.13317,982.0
1753592313029,04:58:33.029,huobi,AERGO/USDT:USDT,0.13271,37.0,0.1327,117.0,0.1331,116.0,0.13317,982.0
1753592313043,04:58:33.043,huobi,AERGO/USDT:USDT,0.13272,117.0,0.13271,37.0,0.1331,116.0,0.13317,982.0
1753592313101,04:58:33.101,huobi,AERGO/USDT:USDT,0.13272,117.0,0.13271,37.0,0.1331,116.0,0.13317,982.0
1753592313399,04:58:33.399,huobi,AERGO/USDT:USDT,0.13272,117.0,0.1327,117.0,0.1331,116.0,0.13317,982.0
1753592313429,04:58:33.429,huobi,AERGO/USDT:USDT,0.1327,117.0,0.13264,120.0,0.1331,116.0,0.13317,982.0
1753592313460,04:58:33.460,huobi,AERGO/USDT:USDT,0.13267,117.0,0.13264,120.0,0.1331,116.0,0.13317,982.0
1753592313486,04:58:33.486,huobi,AERGO/USDT:USDT,0.13264,120.0,0.13257,960.0,0.1331,116.0,0.13317,982.0
1753592313516,04:58:33.516,huobi,AERGO/USDT:USDT,0.1327,37.0,0.13264,120.0,0.1331,116.0,0.13317,982.0
1753592313549,04:58:33.549,huobi,AERGO/USDT:USDT,0.13264,120.0,0.13257,960.0,0.1331,116.0,0.13314,334.0
1753592313583,04:58:33.583,huobi,AERGO/USDT:USDT,0.13266,117.0,0.13265,37.0,0.1331,116.0,0.13313,960.0
1753592313605,04:58:33.605,huobi,AERGO/USDT:USDT,0.13266,117.0,0.13264,120.0,0.1331,116.0,0.13313,960.0
1753592313643,04:58:33.643,huobi,AERGO/USDT:USDT,0.13267,37.0,0.13266,117.0,0.1331,116.0,0.13313,960.0
1753592313670,04:58:33.670,huobi,AERGO/USDT:USDT,0.13268,117.0,0.13267,37.0,0.1331,116.0,0.13313,960.0
1753592313746,04:58:33.746,huobi,AERGO/USDT:USDT,0.13269,37.0,0.13268,117.0,0.1331,116.0,0.13313,960.0
1753592313758,04:58:33.758,huobi,AERGO/USDT:USDT,0.1327,117.0,0.13269,37.0,0.1331,116.0,0.13313,960.0
1753592313977,04:58:33.977,huobi,AERGO/USDT:USDT,0.1327,117.0,0.13268,117.0,0.1331,116.0,0.13313,960.0
1753592314001,04:58:34.001,huobi,AERGO/USDT:USDT,0.13268,117.0,0.13266,117.0,0.1331,116.0,0.13313,960.0
1753592314029,04:58:34.029,huobi,AERGO/USDT:USDT,0.1327,117.0,0.13269,37.0,0.1331,116.0,0.13313,960.0
1753592314054,04:58:34.054,huobi,AERGO/USDT:USDT,0.1327,117.0,0.13267,960.0,0.1331,116.0,0.13313,960.0
1753592314091,04:58:34.091,huobi,AERGO/USDT:USDT,0.13271,37.0,0.1327,117.0,0.1331,116.0,0.13313,960.0
1753592314118,04:58:34.118,huobi,AERGO/USDT:USDT,0.13272,117.0,0.13271,997.0,0.1331,116.0,0.13313,960.0
1753592314204,04:58:34.204,huobi,AERGO/USDT:USDT,0.13272,117.0,0.13271,997.0,0.1331,116.0,0.13313,960.0
1753592314276,04:58:34.276,huobi,AERGO/USDT:USDT,0.13272,117.0,0.13271,997.0,0.1331,116.0,0.13314,117.0
1753592314293,04:58:34.293,huobi,AERGO/USDT:USDT,0.13272,117.0,0.13271,997.0,0.13314,117.0,0.13316,960.0
1753592314348,04:58:34.348,huobi,AERGO/USDT:USDT,0.13272,117.0,0.13271,997.0,0.13314,117.0,0.13316,960.0
1753592314650,04:58:34.650,huobi,AERGO/USDT:USDT,0.13272,117.0,0.13271,960.0,0.13314,117.0,0.13316,960.0
1753592314663,04:58:34.663,huobi,AERGO/USDT:USDT,0.13272,117.0,0.13271,960.0,0.13314,117.0,0.13317,22.0
1753592316754,04:58:36.754,huobi,AERGO/USDT:USDT,0.13272,117.0,0.13271,960.0,0.13314,117.0,0.13317,982.0
1753592319649,04:58:39.649,huobi,AERGO/USDT:USDT,0.13272,117.0,0.13267,997.0,0.13314,117.0,0.13317,982.0
1753592319668,04:58:39.668,huobi,AERGO/USDT:USDT,0.13272,117.0,0.13267,37.0,0.13314,117.0,0.13317,22.0
1753592319703,04:58:39.703,huobi,AERGO/USDT:USDT,0.13272,117.0,0.13227,997.0,0.13314,117.0,0.13317,22.0
1753592319764,04:58:39.764,huobi,AERGO/USDT:USDT,0.13272,117.0,0.13228,37.0,0.13314,117.0,0.13317,22.0
1753592319799,04:58:39.799,huobi,AERGO/USDT:USDT,0.13272,117.0,0.13259,899.0,0.13314,117.0,0.13317,22.0
1753592319823,04:58:39.823,huobi,AERGO/USDT:USDT,0.13272,117.0,0.1326,960.0,0.13314,117.0,0.13317,22.0
1753592319859,04:58:39.859,huobi,AERGO/USDT:USDT,0.13272,117.0,0.1326,1076.0,0.13314,117.0,0.13317,22.0
1753592319874,04:58:39.874,huobi,AERGO/USDT:USDT,0.13272,117.0,0.13261,37.0,0.13314,117.0,0.13317,22.0
1753592319915,04:58:39.915,huobi,AERGO/USDT:USDT,0.13272,117.0,0.13261,37.0,0.13314,117.0,0.13317,22.0
1753592320003,04:58:40.003,huobi,AERGO/USDT:USDT,0.13272,117.0,0.13261,37.0,0.13314,117.0,0.13317,22.0
1753592338921,04:58:58.921,huobi,AERGO/USDT:USDT,0.13272,117.0,0.13261,37.0,0.13314,117.0,0.13321,960.0
1753592338969,04:58:58.969,huobi,AERGO/USDT:USDT,0.13272,117.0,0.13261,37.0,0.13314,117.0,0.1332,22.0
1753592339034,04:58:59.034,huobi,AERGO/USDT:USDT,0.13272,117.0,0.13261,37.0,0.13314,117.0,0.1332,22.0
1753592339059,04:58:59.059,huobi,AERGO/USDT:USDT,0.13272,117.0,0.13261,37.0,0.13314,117.0,0.1332,22.0
1753592339085,04:58:59.085,huobi,AERGO/USDT:USDT,0.13272,117.0,0.13261,37.0,0.13314,117.0,0.1332,22.0
1753592340785,04:59:00.785,huobi,AERGO/USDT:USDT,0.13294,24.0,0.13272,117.0,0.13314,117.0,0.1332,22.0
1753592340793,04:59:00.793,huobi,AERGO/USDT:USDT,0.13272,117.0,0.13261,37.0,0.13314,117.0,0.1332,22.0
1753592340820,04:59:00.820,huobi,AERGO/USDT:USDT,0.13272,117.0,0.13261,37.0,0.13314,117.0,0.13321,960.0
1753592340848,04:59:00.848,huobi,AERGO/USDT:USDT,0.13272,117.0,0.13261,37.0,0.13314,22.0,0.13322,1081.0
1753592340893,04:59:00.893,huobi,AERGO/USDT:USDT,0.13272,117.0,0.13261,37.0,0.13313,117.0,0.13322,1081.0
1753592340908,04:59:00.908,huobi,AERGO/USDT:USDT,0.13272,117.0,0.13261,37.0,0.13313,117.0,0.1332,22.0
1753592340959,04:59:00.959,huobi,AERGO/USDT:USDT,0.13272,117.0,0.13261,37.0,0.13313,117.0,0.1332,22.0
1753592341042,04:59:01.042,huobi,AERGO/USDT:USDT,0.13272,117.0,0.13261,997.0,0.13313,117.0,0.1332,22.0
1753592341057,04:59:01.057,huobi,AERGO/USDT:USDT,0.13272,117.0,0.13261,997.0,0.13313,117.0,0.1332,22.0
1753592341103,04:59:01.103,huobi,AERGO/USDT:USDT,0.13272,117.0,0.13261,997.0,0.13313,117.0,0.1332,22.0
1753592341170,04:59:01.170,huobi,AERGO/USDT:USDT,0.13272,117.0,0.13261,997.0,0.13313,117.0,0.1332,22.0
1753592341184,04:59:01.184,huobi,AERGO/USDT:USDT,0.13272,117.0,0.13261,997.0,0.13313,117.0,0.1332,22.0
1753592341264,04:59:01.264,huobi,AERGO/USDT:USDT,0.13272,117.0,0.13261,997.0,0.13313,117.0,0.1332,22.0
1753592341324,04:59:01.324,huobi,AERGO/USDT:USDT,0.13272,117.0,0.13261,997.0,0.13313,117.0,0.1332,22.0
1753592342106,04:59:02.106,huobi,AERGO/USDT:USDT,0.13272,117.0,0.13261,997.0,0.13313,117.0,0.1332,22.0
1753592342150,04:59:02.150,huobi,AERGO/USDT:USDT,0.13272,117.0,0.13262,37.0,0.13313,117.0,0.1332,22.0
1753592342170,04:59:02.170,huobi,AERGO/USDT:USDT,0.13272,117.0,0.13259,960.0,0.13313,117.0,0.1332,22.0
1753592342212,04:59:02.212,huobi,AERGO/USDT:USDT,0.13272,117.0,0.1326,37.0,0.13313,117.0,0.1332,22.0
1753592342588,04:59:02.588,huobi,AERGO/USDT:USDT,0.13272,117.0,0.1326,37.0,0.13313,117.0,0.13316,330.0
1753592342713,04:59:02.713,huobi,AERGO/USDT:USDT,0.13272,117.0,0.1326,37.0,0.13313,117.0,0.13315,960.0
1753592342739,04:59:02.739,huobi,AERGO/USDT:USDT,0.13272,117.0,0.1326,37.0,0.13313,117.0,0.13315,1077.0
1753592342769,04:59:02.769,huobi,AERGO/USDT:USDT,0.13272,117.0,0.1326,37.0,0.13313,117.0,0.13315,1077.0
1753592343058,04:59:03.058,huobi,AERGO/USDT:USDT,0.13272,117.0,0.1326,37.0,0.13313,117.0,0.13315,1077.0
1753592343070,04:59:03.070,huobi,AERGO/USDT:USDT,0.13272,117.0,0.1326,37.0,0.13313,117.0,0.13315,117.0
1753592343115,04:59:03.115,huobi,AERGO/USDT:USDT,0.13272,117.0,0.1326,37.0,0.13315,117.0,0.1332,22.0
1753592343179,04:59:03.179,huobi,AERGO/USDT:USDT,0.13272,117.0,0.1326,37.0,0.13315,117.0,0.1332,22.0
1753592343205,04:59:03.205,huobi,AERGO/USDT:USDT,0.13272,117.0,0.1326,37.0,0.13315,117.0,0.1332,22.0
1753592343236,04:59:03.236,huobi,AERGO/USDT:USDT,0.13272,117.0,0.1326,37.0,0.13315,117.0,0.1332,22.0
1753592343773,04:59:03.773,huobi,AERGO/USDT:USDT,0.13272,117.0,0.1326,37.0,0.13315,117.0,0.1332,22.0
1753592343794,04:59:03.794,huobi,AERGO/USDT:USDT,0.13272,117.0,0.1326,37.0,0.13315,117.0,0.1332,22.0
1753592343830,04:59:03.830,huobi,AERGO/USDT:USDT,0.13272,117.0,0.1326,37.0,0.13315,117.0,0.1332,22.0
1753592343848,04:59:03.848,huobi,AERGO/USDT:USDT,0.13272,117.0,0.1326,37.0,0.13315,117.0,0.1332,22.0
1753592343889,04:59:03.889,huobi,AERGO/USDT:USDT,0.13272,117.0,0.1326,37.0,0.13315,117.0,0.1332,22.0
1753592343914,04:59:03.914,huobi,AERGO/USDT:USDT,0.13272,117.0,0.1326,37.0,0.13315,117.0,0.1332,22.0
1753592344066,04:59:04.066,huobi,AERGO/USDT:USDT,0.13272,117.0,0.1326,37.0,0.13315,117.0,0.1332,22.0
1753592345041,04:59:05.041,huobi,AERGO/USDT:USDT,0.13272,117.0,0.1326,37.0,0.13315,117.0,0.1332,22.0
1753592346096,04:59:06.096,huobi,AERGO/USDT:USDT,0.13272,117.0,0.1326,37.0,0.13315,117.0,0.1332,22.0
1753592346157,04:59:06.157,huobi,AERGO/USDT:USDT,0.13272,117.0,0.1326,37.0,0.13315,117.0,0.1332,22.0
1753592346217,04:59:06.217,huobi,AERGO/USDT:USDT,0.13272,117.0,0.1326,37.0,0.13315,117.0,0.1332,22.0
1753592346517,04:59:06.517,huobi,AERGO/USDT:USDT,0.13272,117.0,0.1326,37.0,0.13315,117.0,0.1332,22.0
1753592349388,04:59:09.388,huobi,AERGO/USDT:USDT,0.13272,117.0,0.1326,37.0,0.13315,117.0,0.1332,22.0
1753592353545,04:59:13.545,huobi,AERGO/USDT:USDT,0.13272,117.0,0.1326,37.0,0.13315,117.0,0.13318,708.0
1753592353665,04:59:13.665,huobi,AERGO/USDT:USDT,0.13272,117.0,0.1326,37.0,0.13315,117.0,0.13317,960.0
1753592355899,04:59:15.899,huobi,AERGO/USDT:USDT,0.13272,117.0,0.1326,37.0,0.13315,117.0,0.13317,1079.0
1753592356789,04:59:16.789,huobi,AERGO/USDT:USDT,0.13272,117.0,0.1326,37.0,0.13315,117.0,0.13317,119.0
1753592356815,04:59:16.815,huobi,AERGO/USDT:USDT,0.13272,117.0,0.1326,37.0,0.13318,960.0,0.13319,119.0
