timestamp,time,exchange,symbol,bid1_price,bid1_volume,bid2_price,bid2_volume,ask1_price,ask1_volume,ask2_price,ask2_volume
1753591896492,04:51:36.492,phemex,ACH/USDT:USDT,0.02303,32457.0,0.02302,181755.0,0.02304,36161.0,0.02305,125899.0
1753591900282,04:51:40.282,phemex,ACH/USDT:USDT,0.02303,32457.0,0.02302,181755.0,0.02304,36161.0,0.02305,125899.0
1753591905051,04:51:45.051,phemex,ACH/USDT:USDT,0.02303,32457.0,0.02302,181755.0,0.02304,30601.0,0.02305,125899.0
1753591908067,04:51:48.067,phemex,ACH/USDT:USDT,0.02303,32457.0,0.02302,181755.0,0.02305,29473.0,0.02306,5430.0
1753591908082,04:51:48.082,phemex,ACH/USDT:USDT,0.02303,41141.0,0.02302,181755.0,0.02305,5608.0,0.02306,14082.0
1753591908083,04:51:48.083,phemex,ACH/USDT:USDT,0.02304,5452.0,0.02303,41141.0,0.02305,5608.0,0.02306,14082.0
1753591908172,04:51:48.172,phemex,ACH/USDT:USDT,0.02304,5452.0,0.02303,41141.0,0.02305,5608.0,0.02306,14082.0
1753591908303,04:51:48.303,phemex,ACH/USDT:USDT,0.02304,5452.0,0.02303,41141.0,0.02305,5608.0,0.02306,14082.0
1753591909124,04:51:49.124,phemex,ACH/USDT:USDT,0.02304,21978.0,0.02303,82055.0,0.02305,5608.0,0.02306,14082.0
1753591909125,04:51:49.125,phemex,ACH/USDT:USDT,0.02304,30484.0,0.02303,85145.0,0.02305,5608.0,0.02306,14082.0
1753591911955,04:51:51.955,phemex,ACH/USDT:USDT,0.02304,30484.0,0.02303,85145.0,0.02305,5608.0,0.02306,14082.0
1753591911994,04:51:51.994,phemex,ACH/USDT:USDT,0.02304,30484.0,0.02303,85145.0,0.02305,5608.0,0.02306,14082.0
1753591915057,04:51:55.057,phemex,ACH/USDT:USDT,0.02304,30484.0,0.02303,85145.0,0.02305,25501.0,0.02306,14082.0
1753591915058,04:51:55.058,phemex,ACH/USDT:USDT,0.02304,30484.0,0.02303,85145.0,0.02305,33058.0,0.02306,20988.0
1753591915058,04:51:55.058,phemex,ACH/USDT:USDT,0.02304,30484.0,0.02303,85145.0,0.02305,33058.0,0.02306,20988.0
1753591938495,04:52:18.495,phemex,ACH/USDT:USDT,0.02304,30484.0,0.02303,85145.0,0.02305,5608.0,0.02306,21075.0
1753591938606,04:52:18.606,phemex,ACH/USDT:USDT,0.02304,30484.0,0.02303,85145.0,0.02305,5608.0,0.02306,21075.0
1753591938898,04:52:18.898,phemex,ACH/USDT:USDT,0.02304,30484.0,0.02303,85145.0,0.02306,21075.0,0.02307,18220.0
1753591938950,04:52:18.950,phemex,ACH/USDT:USDT,0.02305,27158.0,0.02304,81176.0,0.02306,21075.0,0.02307,18220.0
1753591938952,04:52:18.952,phemex,ACH/USDT:USDT,0.02305,21683.0,0.02304,81176.0,0.02306,21075.0,0.02307,18220.0
1753591940135,04:52:20.135,phemex,ACH/USDT:USDT,0.02304,81176.0,0.02303,85145.0,0.02306,21075.0,0.02307,18220.0
1753591940147,04:52:20.147,phemex,ACH/USDT:USDT,0.02305,5475.0,0.02304,81176.0,0.02306,21075.0,0.02307,18220.0
1753591943949,04:52:23.949,phemex,ACH/USDT:USDT,0.02305,5475.0,0.02304,81176.0,0.02306,21075.0,0.02307,18220.0
1753591958951,04:52:38.951,phemex,ACH/USDT:USDT,0.02305,30822.0,0.02304,81176.0,0.02307,19643.0,0.02308,103025.0
1753591958976,04:52:38.976,phemex,ACH/USDT:USDT,0.02306,5470.0,0.02305,39097.0,0.02307,19643.0,0.02308,118556.0
1753591958985,04:52:38.985,phemex,ACH/USDT:USDT,0.02306,5470.0,0.02305,39097.0,0.02307,19643.0,0.02308,118556.0
1753591959018,04:52:39.018,phemex,ACH/USDT:USDT,0.02306,5470.0,0.02305,39097.0,0.02307,19643.0,0.02308,118556.0
1753591959025,04:52:39.025,phemex,ACH/USDT:USDT,0.02306,5470.0,0.02305,39097.0,0.02307,19643.0,0.02308,118556.0
1753591961003,04:52:41.003,phemex,ACH/USDT:USDT,0.02305,39097.0,0.02304,81176.0,0.02307,19643.0,0.02308,118556.0
1753591961153,04:52:41.153,phemex,ACH/USDT:USDT,0.02305,39097.0,0.02304,81176.0,0.02306,5470.0,0.02307,19643.0
1753591963387,04:52:43.387,phemex,ACH/USDT:USDT,0.02305,39097.0,0.02304,81176.0,0.02307,19643.0,0.02308,118556.0
1753591963452,04:52:43.452,phemex,ACH/USDT:USDT,0.02305,39097.0,0.02304,81176.0,0.02307,19643.0,0.02308,118556.0
1753591963579,04:52:43.579,phemex,ACH/USDT:USDT,0.02306,5470.0,0.02305,39097.0,0.02307,19643.0,0.02308,118556.0
1753591963614,04:52:43.614,phemex,ACH/USDT:USDT,0.02306,5470.0,0.02305,47773.0,0.02307,19643.0,0.02308,118556.0
1753591964142,04:52:44.142,phemex,ACH/USDT:USDT,0.02306,31965.0,0.02305,92073.0,0.02307,26760.0,0.02308,118556.0
1753591970232,04:52:50.232,phemex,ACH/USDT:USDT,0.02306,31965.0,0.02305,92073.0,0.02307,26760.0,0.02308,118556.0
1753591973258,04:52:53.258,phemex,ACH/USDT:USDT,0.02306,31965.0,0.02305,92073.0,0.02307,26760.0,0.02308,118556.0
1753591977555,04:52:57.555,phemex,ACH/USDT:USDT,0.02306,31965.0,0.02305,92073.0,0.02307,26760.0,0.02308,118556.0
1753591977563,04:52:57.563,phemex,ACH/USDT:USDT,0.02306,31965.0,0.02305,92073.0,0.02307,26760.0,0.02308,118556.0
1753591980420,04:53:00.420,phemex,ACH/USDT:USDT,0.02306,31965.0,0.02305,92073.0,0.02307,21218.0,0.02308,118556.0
1753591980462,04:53:00.462,phemex,ACH/USDT:USDT,0.02306,31965.0,0.02305,92073.0,0.02308,118556.0,0.02309,52403.0
1753591980480,04:53:00.480,phemex,ACH/USDT:USDT,0.02306,31965.0,0.02305,92073.0,0.02308,118556.0,0.02309,52403.0
1753591980678,04:53:00.678,phemex,ACH/USDT:USDT,0.02306,31965.0,0.02305,92073.0,0.02307,5557.0,0.02308,118556.0
1753591980699,04:53:00.699,phemex,ACH/USDT:USDT,0.02306,31965.0,0.02305,92073.0,0.02307,5557.0,0.02308,118556.0
1753591985509,04:53:05.509,phemex,ACH/USDT:USDT,0.02306,31965.0,0.02305,92073.0,0.02307,5557.0,0.02308,118556.0
1753591985517,04:53:05.517,phemex,ACH/USDT:USDT,0.02306,31965.0,0.02305,92073.0,0.02307,5557.0,0.02308,118556.0
1753591992983,04:53:12.983,phemex,ACH/USDT:USDT,0.02306,26495.0,0.02305,92073.0,0.02307,5557.0,0.02308,118556.0
1753591994107,04:53:14.107,phemex,ACH/USDT:USDT,0.02306,13455.0,0.02305,92073.0,0.02307,5557.0,0.02308,118556.0
1753591998336,04:53:18.336,phemex,ACH/USDT:USDT,0.02306,19087.0,0.02305,92073.0,0.02307,5557.0,0.02308,118556.0
1753592002893,04:53:22.893,phemex,ACH/USDT:USDT,0.02306,17512.0,0.02305,92073.0,0.02307,5557.0,0.02308,118556.0
1753592004772,04:53:24.772,phemex,ACH/USDT:USDT,0.02306,17512.0,0.02305,92073.0,0.02308,118556.0,0.02309,52403.0
1753592004815,04:53:24.815,phemex,ACH/USDT:USDT,0.02306,17512.0,0.02305,92073.0,0.02307,5632.0,0.02308,118556.0
1753592005443,04:53:25.443,phemex,ACH/USDT:USDT,0.02306,17512.0,0.02305,92073.0,0.02308,118556.0,0.02309,52403.0
1753592005469,04:53:25.469,phemex,ACH/USDT:USDT,0.02306,17512.0,0.02305,92073.0,0.02307,5632.0,0.02308,118556.0
1753592005542,04:53:25.542,phemex,ACH/USDT:USDT,0.02306,7207.0,0.02305,14151.0,0.02307,23943.0,0.02308,118556.0
1753592005560,04:53:25.560,phemex,ACH/USDT:USDT,0.02305,14151.0,0.02304,115659.0,0.02307,29190.0,0.02308,118556.0
1753592005597,04:53:25.597,phemex,ACH/USDT:USDT,0.02306,5632.0,0.02305,14151.0,0.02307,29190.0,0.02308,118556.0
1753592005653,04:53:25.653,phemex,ACH/USDT:USDT,0.02306,5632.0,0.02305,14151.0,0.02307,29190.0,0.02308,118556.0
1753592009103,04:53:29.103,phemex,ACH/USDT:USDT,0.02306,5632.0,0.02305,14151.0,0.02307,29190.0,0.02308,118556.0
1753592011404,04:53:31.404,phemex,ACH/USDT:USDT,0.02306,26539.0,0.02305,25905.0,0.02307,29190.0,0.02308,118556.0
1753592012091,04:53:32.091,phemex,ACH/USDT:USDT,0.02306,26539.0,0.02305,25905.0,0.02307,5632.0,0.02308,21076.0
1753592012091,04:53:32.091,phemex,ACH/USDT:USDT,0.02306,26539.0,0.02305,25905.0,0.02307,5632.0,0.02308,5545.0
1753592012146,04:53:32.146,phemex,ACH/USDT:USDT,0.02306,26539.0,0.02305,25905.0,0.02308,5545.0,0.02309,145959.0
1753592012165,04:53:32.165,phemex,ACH/USDT:USDT,0.02306,26539.0,0.02305,25905.0,0.02308,5545.0,0.02309,145959.0
1753592017364,04:53:37.364,phemex,ACH/USDT:USDT,0.02307,21752.0,0.02306,113239.0,0.02308,30893.0,0.02309,145959.0
1753592018114,04:53:38.114,phemex,ACH/USDT:USDT,0.02307,21752.0,0.02306,99228.0,0.02308,30893.0,0.02309,145959.0
1753592018116,04:53:38.116,phemex,ACH/USDT:USDT,0.02306,5632.0,0.02305,110867.0,0.02308,30893.0,0.02309,145959.0
1753592018141,04:53:38.141,phemex,ACH/USDT:USDT,0.02306,5632.0,0.02305,110867.0,0.02307,5459.0,0.02308,30893.0
1753592023183,04:53:43.183,phemex,ACH/USDT:USDT,0.02306,5632.0,0.02305,110867.0,0.02307,5459.0,0.02308,30893.0
1753592023203,04:53:43.203,phemex,ACH/USDT:USDT,0.02306,5632.0,0.02305,110867.0,0.02307,5459.0,0.02308,30893.0
1753592023557,04:53:43.557,phemex,ACH/USDT:USDT,0.02306,5632.0,0.02305,110867.0,0.02307,5459.0,0.02308,30893.0
1753592025008,04:53:45.008,phemex,ACH/USDT:USDT,0.02306,28845.0,0.02305,110867.0,0.02307,28003.0,0.02308,93455.0
1753592025008,04:53:45.008,phemex,ACH/USDT:USDT,0.02306,36486.0,0.02305,110867.0,0.02307,28003.0,0.02308,93455.0
1753592025383,04:53:45.383,phemex,ACH/USDT:USDT,0.02306,36486.0,0.02305,110867.0,0.02307,28003.0,0.02308,93455.0
1753592025401,04:53:45.401,phemex,ACH/USDT:USDT,0.02306,36486.0,0.02305,110867.0,0.02307,28003.0,0.02308,93455.0
1753592032249,04:53:52.249,phemex,ACH/USDT:USDT,0.02306,36486.0,0.02305,110867.0,0.02307,22544.0,0.02308,93455.0
1753592032503,04:53:52.503,phemex,ACH/USDT:USDT,0.02306,36486.0,0.02305,110867.0,0.02308,5545.0,0.02309,111424.0
1753592032527,04:53:52.527,phemex,ACH/USDT:USDT,0.02307,5472.0,0.02306,36486.0,0.02308,5545.0,0.02309,111424.0
1753592032613,04:53:52.613,phemex,ACH/USDT:USDT,0.02307,32016.0,0.02306,94122.0,0.02308,5545.0,0.02309,111424.0
1753592034760,04:53:54.760,phemex,ACH/USDT:USDT,0.02307,26544.0,0.02306,94122.0,0.02308,5545.0,0.02309,111424.0
1753592038796,04:53:58.796,phemex,ACH/USDT:USDT,0.02307,14169.0,0.02306,94122.0,0.02308,5545.0,0.02309,111424.0
1753592039877,04:53:59.877,phemex,ACH/USDT:USDT,0.02307,12794.0,0.02306,94122.0,0.02308,5545.0,0.02309,111424.0
1753592042826,04:54:02.826,phemex,ACH/USDT:USDT,0.02307,18171.0,0.02306,94122.0,0.02308,5545.0,0.02309,111424.0
1753592042933,04:54:02.933,phemex,ACH/USDT:USDT,0.02307,18171.0,0.02306,94122.0,0.02308,5545.0,0.02309,111424.0
1753592042941,04:54:02.941,phemex,ACH/USDT:USDT,0.02307,18171.0,0.02306,94122.0,0.02308,5545.0,0.02309,111424.0
1753592042941,04:54:02.941,phemex,ACH/USDT:USDT,0.02307,18171.0,0.02306,94122.0,0.02308,5545.0,0.02309,111424.0
1753592045183,04:54:05.183,phemex,ACH/USDT:USDT,0.02307,18171.0,0.02306,94122.0,0.02309,111424.0,0.0231,74812.0
1753592045203,04:54:05.203,phemex,ACH/USDT:USDT,0.02307,18171.0,0.02306,94122.0,0.02309,111424.0,0.0231,74812.0
1753592046179,04:54:06.179,phemex,ACH/USDT:USDT,0.02307,18171.0,0.02306,94122.0,0.02308,5377.0,0.02309,111424.0
1753592046303,04:54:06.303,phemex,ACH/USDT:USDT,0.02307,18171.0,0.02306,94122.0,0.02308,5377.0,0.02309,111424.0
1753592046310,04:54:06.310,phemex,ACH/USDT:USDT,0.02307,18171.0,0.02306,94122.0,0.02308,5377.0,0.02309,111424.0
1753592047548,04:54:07.548,phemex,ACH/USDT:USDT,0.02307,18171.0,0.02306,94122.0,0.02309,111424.0,0.0231,74812.0
1753592047604,04:54:07.604,phemex,ACH/USDT:USDT,0.02307,18171.0,0.02306,94122.0,0.02309,111424.0,0.0231,74812.0
1753592049084,04:54:09.084,phemex,ACH/USDT:USDT,0.02307,18171.0,0.02306,94122.0,0.02308,5570.0,0.02309,111424.0
1753592049833,04:54:09.833,phemex,ACH/USDT:USDT,0.02307,16426.0,0.02306,94122.0,0.02308,5570.0,0.02309,111424.0
1753592050060,04:54:10.060,phemex,ACH/USDT:USDT,0.02307,16426.0,0.02306,94122.0,0.02309,111424.0,0.0231,74812.0
1753592050140,04:54:10.140,phemex,ACH/USDT:USDT,0.02307,16426.0,0.02306,94122.0,0.02309,111424.0,0.0231,74812.0
1753592050516,04:54:10.516,phemex,ACH/USDT:USDT,0.02308,5570.0,0.02307,16426.0,0.02309,111424.0,0.0231,74812.0
1753592050681,04:54:10.681,phemex,ACH/USDT:USDT,0.02307,16426.0,0.02306,94122.0,0.02309,111424.0,0.0231,74812.0
1753592050741,04:54:10.741,phemex,ACH/USDT:USDT,0.02307,16426.0,0.02306,94122.0,0.02308,5570.0,0.02309,111424.0
1753592051112,04:54:11.112,phemex,ACH/USDT:USDT,0.02307,16426.0,0.02306,94122.0,0.02308,5570.0,0.02309,111424.0
1753592051143,04:54:11.143,phemex,ACH/USDT:USDT,0.02307,16426.0,0.02306,94122.0,0.02308,5570.0,0.02309,111424.0
1753592051182,04:54:11.182,phemex,ACH/USDT:USDT,0.02307,16176.0,0.02306,94122.0,0.02308,5570.0,0.02309,111424.0
1753592065167,04:54:25.167,phemex,ACH/USDT:USDT,0.02307,50612.0,0.02306,94122.0,0.02308,5570.0,0.02309,111424.0
1753592072042,04:54:32.042,phemex,ACH/USDT:USDT,0.02307,50452.0,0.02306,94122.0,0.02308,5570.0,0.02309,111424.0
1753592077776,04:54:37.776,phemex,ACH/USDT:USDT,0.02307,50452.0,0.02306,94122.0,0.02308,5570.0,0.02309,111424.0
1753592078881,04:54:38.881,phemex,ACH/USDT:USDT,0.02307,45075.0,0.02306,94122.0,0.02308,5570.0,0.02309,111424.0
1753592078893,04:54:38.893,phemex,ACH/USDT:USDT,0.02307,45075.0,0.02306,94122.0,0.02308,5570.0,0.02309,111424.0
1753592082949,04:54:42.949,phemex,ACH/USDT:USDT,0.02307,43385.0,0.02306,94122.0,0.02308,5570.0,0.02309,111424.0
1753592084487,04:54:44.487,phemex,ACH/USDT:USDT,0.02307,43204.0,0.02306,94122.0,0.02308,5570.0,0.02309,111424.0
1753592087728,04:54:47.728,phemex,ACH/USDT:USDT,0.02307,43204.0,0.02306,94122.0,0.02308,5570.0,0.02309,111424.0
1753592093463,04:54:53.463,phemex,ACH/USDT:USDT,0.02307,67195.0,0.02306,94122.0,0.02308,29133.0,0.02309,121557.0
1753592100048,04:55:00.048,phemex,ACH/USDT:USDT,0.02307,67105.0,0.02306,94122.0,0.02308,29133.0,0.02309,121557.0
1753592101469,04:55:01.469,phemex,ACH/USDT:USDT,0.02307,67105.0,0.02306,94122.0,0.02308,23563.0,0.02309,121557.0
1753592101813,04:55:01.813,phemex,ACH/USDT:USDT,0.02307,67105.0,0.02306,94122.0,0.02309,5545.0,0.0231,181920.0
1753592101835,04:55:01.835,phemex,ACH/USDT:USDT,0.02308,5475.0,0.02307,67105.0,0.02309,5545.0,0.0231,181920.0
1753592101846,04:55:01.846,phemex,ACH/USDT:USDT,0.02308,34497.0,0.02307,124481.0,0.02309,5545.0,0.0231,181920.0
1753592101846,04:55:01.846,phemex,ACH/USDT:USDT,0.02308,34497.0,0.02307,124481.0,0.02309,5545.0,0.0231,181920.0
1753592105044,04:55:05.044,phemex,ACH/USDT:USDT,0.02308,5475.0,0.02307,34436.0,0.02309,5545.0,0.0231,181920.0
1753592105046,04:55:05.046,phemex,ACH/USDT:USDT,0.02307,34436.0,0.02306,94122.0,0.02309,5545.0,0.0231,181920.0
1753592107479,04:55:07.479,phemex,ACH/USDT:USDT,0.02308,5475.0,0.02307,34436.0,0.02309,34176.0,0.0231,16644.0
1753592107490,04:55:07.490,phemex,ACH/USDT:USDT,0.02308,5475.0,0.02307,34436.0,0.02309,34176.0,0.0231,16644.0
1753592107623,04:55:07.623,phemex,ACH/USDT:USDT,0.02308,5475.0,0.02307,39911.0,0.02309,34176.0,0.0231,16644.0
1753592110255,04:55:10.255,phemex,ACH/USDT:USDT,0.02308,30637.0,0.02307,124032.0,0.02309,34176.0,0.0231,16644.0
1753592111660,04:55:11.660,phemex,ACH/USDT:USDT,0.02308,25162.0,0.02307,124032.0,0.02309,34176.0,0.0231,16644.0
1753592111794,04:55:11.794,phemex,ACH/USDT:USDT,0.02307,45750.0,0.02306,81958.0,0.02309,34176.0,0.0231,16644.0
1753592111847,04:55:11.847,phemex,ACH/USDT:USDT,0.02307,45750.0,0.02306,81958.0,0.02308,5577.0,0.02309,34176.0
1753592113029,04:55:13.029,phemex,ACH/USDT:USDT,0.02307,45750.0,0.02306,81958.0,0.02308,33062.0,0.02309,102044.0
1753592113751,04:55:13.751,phemex,ACH/USDT:USDT,0.02307,45750.0,0.02306,81958.0,0.02308,33062.0,0.02309,102044.0
1753592113758,04:55:13.758,phemex,ACH/USDT:USDT,0.02307,45750.0,0.02306,81958.0,0.02308,33062.0,0.02309,102044.0
1753592116901,04:55:16.901,phemex,ACH/USDT:USDT,0.02307,11314.0,0.02306,81958.0,0.02308,33062.0,0.02309,102044.0
1753592116917,04:55:16.917,phemex,ACH/USDT:USDT,0.02307,11314.0,0.02306,81958.0,0.02308,33062.0,0.02309,102044.0
1753592116933,04:55:16.933,phemex,ACH/USDT:USDT,0.02307,11314.0,0.02306,116380.0,0.02308,33062.0,0.02309,102044.0
1753592119113,04:55:19.113,phemex,ACH/USDT:USDT,0.02307,11314.0,0.02306,116380.0,0.02308,33062.0,0.02309,102044.0
1753592123531,04:55:23.531,phemex,ACH/USDT:USDT,0.02307,5839.0,0.02306,116380.0,0.02308,33062.0,0.02309,102044.0
1753592123912,04:55:23.912,phemex,ACH/USDT:USDT,0.02307,5839.0,0.02306,116380.0,0.02308,33062.0,0.02309,102044.0
1753592124673,04:55:24.673,phemex,ACH/USDT:USDT,0.02307,3839.0,0.02306,116380.0,0.02308,33062.0,0.02309,102044.0
1753592125426,04:55:25.426,phemex,ACH/USDT:USDT,0.02307,9217.0,0.02306,116380.0,0.02308,33062.0,0.02309,102044.0
1753592128136,04:55:28.136,phemex,ACH/USDT:USDT,0.02307,8827.0,0.02306,116380.0,0.02308,33062.0,0.02309,102044.0
1753592133734,04:55:33.734,phemex,ACH/USDT:USDT,0.02307,3449.0,0.02306,116380.0,0.02308,33062.0,0.02309,102044.0
1753592134029,04:55:34.029,phemex,ACH/USDT:USDT,0.02307,3154.0,0.02306,116380.0,0.02308,33062.0,0.02309,102044.0
1753592136049,04:55:36.049,phemex,ACH/USDT:USDT,0.02307,3154.0,0.02306,116380.0,0.02308,33062.0,0.02309,102044.0
1753592137203,04:55:37.203,phemex,ACH/USDT:USDT,0.02306,46045.0,0.02305,117703.0,0.02308,33062.0,0.02309,102044.0
1753592137217,04:55:37.217,phemex,ACH/USDT:USDT,0.02306,46045.0,0.02305,117703.0,0.02307,5563.0,0.02308,33062.0
1753592139716,04:55:39.716,phemex,ACH/USDT:USDT,0.02306,46045.0,0.02305,117703.0,0.02307,5563.0,0.02308,33062.0
1753592141110,04:55:41.110,phemex,ACH/USDT:USDT,0.02306,46045.0,0.02305,117703.0,0.02308,33062.0,0.02309,102044.0
1753592141173,04:55:41.173,phemex,ACH/USDT:USDT,0.02306,46045.0,0.02305,117703.0,0.02308,33062.0,0.02309,102044.0
1753592141298,04:55:41.298,phemex,ACH/USDT:USDT,0.02307,5628.0,0.02306,46045.0,0.02308,33062.0,0.02309,102044.0
1753592142318,04:55:42.318,phemex,ACH/USDT:USDT,0.02307,35656.0,0.02306,153458.0,0.02308,33062.0,0.02309,102044.0
1753592144512,04:55:44.512,phemex,ACH/USDT:USDT,0.02307,35656.0,0.02306,153458.0,0.02308,33062.0,0.02309,102044.0
1753592146243,04:55:46.243,phemex,ACH/USDT:USDT,0.02307,35656.0,0.02306,119036.0,0.02308,33062.0,0.02309,102044.0
1753592146262,04:55:46.262,phemex,ACH/USDT:USDT,0.02307,35656.0,0.02306,119036.0,0.02308,33062.0,0.02309,102044.0
1753592146305,04:55:46.305,phemex,ACH/USDT:USDT,0.02307,35656.0,0.02306,153466.0,0.02308,33062.0,0.02309,102044.0
1753592148784,04:55:48.784,phemex,ACH/USDT:USDT,0.02307,30028.0,0.02306,153466.0,0.02308,33062.0,0.02309,102044.0
1753592150311,04:55:50.311,phemex,ACH/USDT:USDT,0.02307,27778.0,0.02306,153466.0,0.02308,33062.0,0.02309,102044.0
1753592150318,04:55:50.318,phemex,ACH/USDT:USDT,0.02307,27778.0,0.02306,153466.0,0.02308,33062.0,0.02309,102044.0
1753592155450,04:55:55.450,phemex,ACH/USDT:USDT,0.02307,26818.0,0.02306,153466.0,0.02308,33062.0,0.02309,102044.0
1753592156562,04:55:56.562,phemex,ACH/USDT:USDT,0.02307,21937.0,0.02306,153466.0,0.02308,33062.0,0.02309,102044.0
1753592158288,04:55:58.288,phemex,ACH/USDT:USDT,0.02307,27448.0,0.02306,153466.0,0.02308,33062.0,0.02309,102044.0
1753592163538,04:56:03.538,phemex,ACH/USDT:USDT,0.02307,27448.0,0.02306,153466.0,0.02308,33062.0,0.02309,102044.0
1753592163547,04:56:03.547,phemex,ACH/USDT:USDT,0.02307,27448.0,0.02306,153466.0,0.02308,33062.0,0.02309,102044.0
1753592163547,04:56:03.547,phemex,ACH/USDT:USDT,0.02307,27448.0,0.02306,153466.0,0.02308,33062.0,0.02309,102044.0
1753592165454,04:56:05.454,phemex,ACH/USDT:USDT,0.02307,26848.0,0.02306,153466.0,0.02308,33062.0,0.02309,102044.0
1753592165908,04:56:05.908,phemex,ACH/USDT:USDT,0.02307,7983.0,0.02306,21550.0,0.02308,33062.0,0.02309,102044.0
1753592165919,04:56:05.919,phemex,ACH/USDT:USDT,0.02306,5632.0,0.02305,113229.0,0.02307,7734.0,0.02308,33062.0
1753592165995,04:56:05.995,phemex,ACH/USDT:USDT,0.02306,5632.0,0.02305,113229.0,0.02307,21992.0,0.02308,103965.0
1753592166019,04:56:06.019,phemex,ACH/USDT:USDT,0.02306,40060.0,0.02305,113229.0,0.02307,21992.0,0.02308,103965.0
1753592167107,04:56:07.107,phemex,ACH/USDT:USDT,0.02306,40060.0,0.02305,113229.0,0.02307,21992.0,0.02308,103965.0
1753592167199,04:56:07.199,phemex,ACH/USDT:USDT,0.02306,40060.0,0.02305,113229.0,0.02307,21992.0,0.02308,103965.0
1753592168790,04:56:08.790,phemex,ACH/USDT:USDT,0.02306,40060.0,0.02305,113229.0,0.02307,19962.0,0.02308,103965.0
1753592171920,04:56:11.920,phemex,ACH/USDT:USDT,0.02306,40060.0,0.02305,113229.0,0.02307,19962.0,0.02308,103965.0
1753592171930,04:56:11.930,phemex,ACH/USDT:USDT,0.02306,40060.0,0.02305,113229.0,0.02307,19962.0,0.02308,103965.0
1753592174488,04:56:14.488,phemex,ACH/USDT:USDT,0.02306,40060.0,0.02305,113229.0,0.02307,19705.0,0.02308,103965.0
1753592177230,04:56:17.230,phemex,ACH/USDT:USDT,0.02306,40060.0,0.02305,113229.0,0.02307,19630.0,0.02308,103965.0
1753592187615,04:56:27.615,phemex,ACH/USDT:USDT,0.02306,5632.0,0.02305,14151.0,0.02307,25249.0,0.02308,103965.0
1753592187615,04:56:27.615,phemex,ACH/USDT:USDT,0.02306,5632.0,0.02305,14151.0,0.02307,25249.0,0.02308,103965.0
1753592187724,04:56:27.724,phemex,ACH/USDT:USDT,0.02306,5632.0,0.02305,14151.0,0.02307,25249.0,0.02308,103965.0
1753592187730,04:56:27.730,phemex,ACH/USDT:USDT,0.02306,5632.0,0.02305,14151.0,0.02307,25249.0,0.02308,103965.0
1753592188665,04:56:28.665,phemex,ACH/USDT:USDT,0.02306,40065.0,0.02305,14151.0,0.02307,25249.0,0.02308,103965.0
1753592190404,04:56:30.404,phemex,ACH/USDT:USDT,0.02306,40065.0,0.02305,14151.0,0.02307,19630.0,0.02308,103965.0
1753592191148,04:56:31.148,phemex,ACH/USDT:USDT,0.02306,40065.0,0.02305,14151.0,0.02307,10555.0,0.02308,103965.0
1753592191827,04:56:31.827,phemex,ACH/USDT:USDT,0.02306,40065.0,0.02305,14151.0,0.02307,25154.0,0.02308,103965.0
1753592192664,04:56:32.664,phemex,ACH/USDT:USDT,0.02306,68080.0,0.02305,14151.0,0.02307,25154.0,0.02308,103965.0
1753592197826,04:56:37.826,phemex,ACH/USDT:USDT,0.02306,68080.0,0.02305,14151.0,0.02307,24004.0,0.02308,103965.0
1753592198823,04:56:38.823,phemex,ACH/USDT:USDT,0.02306,68080.0,0.02305,14151.0,0.02307,18383.0,0.02308,103965.0
1753592202166,04:56:42.166,phemex,ACH/USDT:USDT,0.02306,68080.0,0.02305,14151.0,0.02307,18083.0,0.02308,103965.0
1753592206176,04:56:46.176,phemex,ACH/USDT:USDT,0.02307,37669.0,0.02306,106879.0,0.02308,5577.0,0.02309,102044.0
1753592210645,04:56:50.645,phemex,ACH/USDT:USDT,0.02307,31419.0,0.02306,106879.0,0.02308,5577.0,0.02309,102044.0
1753592215882,04:56:55.882,phemex,ACH/USDT:USDT,0.02307,31049.0,0.02306,106879.0,0.02308,5577.0,0.02309,102044.0
1753592217180,04:56:57.180,phemex,ACH/USDT:USDT,0.02307,25475.0,0.02306,106879.0,0.02308,5577.0,0.02309,102044.0
1753592217283,04:56:57.283,phemex,ACH/USDT:USDT,0.02306,40065.0,0.02305,103059.0,0.02308,32984.0,0.02309,102044.0
1753592217334,04:56:57.334,phemex,ACH/USDT:USDT,0.02306,40065.0,0.02305,103059.0,0.02307,5404.0,0.02308,32984.0
1753592217548,04:56:57.548,phemex,ACH/USDT:USDT,0.02306,40065.0,0.02305,103059.0,0.02307,5404.0,0.02308,32984.0
1753592218562,04:56:58.562,phemex,ACH/USDT:USDT,0.02306,40065.0,0.02305,103059.0,0.02308,32984.0,0.02309,102044.0
1753592218583,04:56:58.583,phemex,ACH/USDT:USDT,0.02306,40065.0,0.02305,103059.0,0.02308,32984.0,0.02309,102044.0
1753592219395,04:56:59.395,phemex,ACH/USDT:USDT,0.02307,5463.0,0.02306,40065.0,0.02308,32984.0,0.02309,102044.0
1753592219556,04:56:59.556,phemex,ACH/USDT:USDT,0.02306,40065.0,0.02305,103059.0,0.02308,32984.0,0.02309,102044.0
1753592219574,04:56:59.574,phemex,ACH/USDT:USDT,0.02306,40065.0,0.02305,103059.0,0.02307,5463.0,0.02308,32984.0
1753592222298,04:57:02.298,phemex,ACH/USDT:USDT,0.02306,64360.0,0.02305,103059.0,0.02307,34540.0,0.02308,70562.0
1753592223167,04:57:03.167,phemex,ACH/USDT:USDT,0.02306,58728.0,0.02305,103059.0,0.02307,34540.0,0.02308,70562.0
1753592223325,04:57:03.325,phemex,ACH/USDT:USDT,0.02306,34433.0,0.02305,14151.0,0.02307,34540.0,0.02308,70562.0
1753592223443,04:57:03.443,phemex,ACH/USDT:USDT,0.02306,34433.0,0.02305,14151.0,0.02307,34540.0,0.02308,70562.0
1753592223517,04:57:03.517,phemex,ACH/USDT:USDT,0.02305,14151.0,0.02304,115041.0,0.02307,34540.0,0.02308,70562.0
1753592223607,04:57:03.607,phemex,ACH/USDT:USDT,0.02305,14151.0,0.02304,115041.0,0.02306,5463.0,0.02307,34540.0
1753592223629,04:57:03.629,phemex,ACH/USDT:USDT,0.02305,14151.0,0.02304,149542.0,0.02306,5463.0,0.02307,34540.0
1753592223694,04:57:03.694,phemex,ACH/USDT:USDT,0.02305,14151.0,0.02304,149542.0,0.02306,5463.0,0.02307,34540.0
1753592223913,04:57:03.913,phemex,ACH/USDT:USDT,0.02305,14151.0,0.02304,149542.0,0.02307,34540.0,0.02308,70562.0
1753592223957,04:57:03.957,phemex,ACH/USDT:USDT,0.02305,14151.0,0.02304,149542.0,0.02307,34540.0,0.02308,70562.0
1753592223994,04:57:03.994,phemex,ACH/USDT:USDT,0.02305,14151.0,0.02304,149542.0,0.02307,34540.0,0.02308,70562.0
1753592224505,04:57:04.505,phemex,ACH/USDT:USDT,0.02305,14151.0,0.02304,149542.0,0.02306,5463.0,0.02307,34540.0
1753592225608,04:57:05.608,phemex,ACH/USDT:USDT,0.02305,14151.0,0.02304,149542.0,0.02307,34540.0,0.02308,70562.0
1753592225672,04:57:05.672,phemex,ACH/USDT:USDT,0.02306,5463.0,0.02305,14151.0,0.02307,34540.0,0.02308,70562.0
1753592227329,04:57:07.329,phemex,ACH/USDT:USDT,0.02306,5463.0,0.02305,14151.0,0.02307,34540.0,0.02308,70562.0
1753592230192,04:57:10.192,phemex,ACH/USDT:USDT,0.02306,32849.0,0.02305,117758.0,0.02307,34540.0,0.02308,70562.0
1753592231134,04:57:11.134,phemex,ACH/USDT:USDT,0.02306,5463.0,0.02305,14151.0,0.02307,34540.0,0.02308,70562.0
1753592231134,04:57:11.134,phemex,ACH/USDT:USDT,0.02306,5463.0,0.02305,14151.0,0.02307,34540.0,0.02308,70562.0
1753592231213,04:57:11.213,phemex,ACH/USDT:USDT,0.02306,5463.0,0.02305,14151.0,0.02307,34540.0,0.02308,70562.0
1753592232098,04:57:12.098,phemex,ACH/USDT:USDT,0.02306,5463.0,0.02305,14151.0,0.02307,5463.0,0.02308,5577.0
1753592232117,04:57:12.117,phemex,ACH/USDT:USDT,0.02306,5463.0,0.02305,14151.0,0.02308,5577.0,0.02309,102044.0
1753592232154,04:57:12.154,phemex,ACH/USDT:USDT,0.02306,5463.0,0.02305,14151.0,0.02308,5577.0,0.02309,102044.0
1753592237828,04:57:17.828,phemex,ACH/USDT:USDT,0.02306,28854.0,0.02305,14151.0,0.02307,22006.0,0.02308,102934.0
1753592237839,04:57:17.839,phemex,ACH/USDT:USDT,0.02306,28854.0,0.02305,14151.0,0.02307,27447.0,0.02308,102934.0
1753592238178,04:57:18.178,phemex,ACH/USDT:USDT,0.02306,28854.0,0.02305,14151.0,0.02307,27447.0,0.02308,102934.0
1753592238185,04:57:18.185,phemex,ACH/USDT:USDT,0.02306,28854.0,0.02305,14151.0,0.02307,27447.0,0.02308,102934.0
1753592240066,04:57:20.066,phemex,ACH/USDT:USDT,0.02306,28854.0,0.02305,14151.0,0.02307,25697.0,0.02308,102934.0
1753592241347,04:57:21.347,phemex,ACH/USDT:USDT,0.02306,28854.0,0.02305,14151.0,0.02307,25484.0,0.02308,102934.0
1753592241931,04:57:21.931,phemex,ACH/USDT:USDT,0.02306,28854.0,0.02305,14151.0,0.02307,25484.0,0.02308,102934.0
1753592249963,04:57:29.963,phemex,ACH/USDT:USDT,0.02306,28854.0,0.02305,14151.0,0.02307,25484.0,0.02308,102934.0
1753592253924,04:57:33.924,phemex,ACH/USDT:USDT,0.02306,28854.0,0.02305,14151.0,0.02307,25484.0,0.02308,102934.0
1753592253933,04:57:33.933,phemex,ACH/USDT:USDT,0.02306,28854.0,0.02305,14151.0,0.02307,25484.0,0.02308,102934.0
1753592256389,04:57:36.389,phemex,ACH/USDT:USDT,0.02306,28854.0,0.02305,14151.0,0.02307,25033.0,0.02308,102934.0
1753592273627,04:57:53.627,phemex,ACH/USDT:USDT,0.02306,23391.0,0.02305,14151.0,0.02307,25033.0,0.02308,102934.0
1753592273739,04:57:53.739,phemex,ACH/USDT:USDT,0.02306,23391.0,0.02305,14151.0,0.02307,25033.0,0.02308,102934.0
1753592277940,04:57:57.940,phemex,ACH/USDT:USDT,0.02306,22291.0,0.02305,14151.0,0.02307,25033.0,0.02308,102934.0
1753592281405,04:58:01.405,phemex,ACH/USDT:USDT,0.02305,37066.0,0.02304,39953.0,0.02307,25033.0,0.02308,102934.0
1753592281443,04:58:01.443,phemex,ACH/USDT:USDT,0.02305,37066.0,0.02304,39953.0,0.02306,5467.0,0.02307,25033.0
1753592281462,04:58:01.462,phemex,ACH/USDT:USDT,0.02305,37066.0,0.02304,39953.0,0.02306,29200.0,0.02307,99856.0
1753592281758,04:58:01.758,phemex,ACH/USDT:USDT,0.02305,37066.0,0.02304,39953.0,0.02306,29200.0,0.02307,99856.0
1753592281758,04:58:01.758,phemex,ACH/USDT:USDT,0.02305,37066.0,0.02304,39953.0,0.02306,29200.0,0.02307,99856.0
1753592288808,04:58:08.808,phemex,ACH/USDT:USDT,0.02305,37066.0,0.02304,39953.0,0.02306,23733.0,0.02307,99856.0
1753592288947,04:58:08.947,phemex,ACH/USDT:USDT,0.02305,37066.0,0.02304,39953.0,0.02306,22301.0,0.02307,99856.0
1753592297576,04:58:17.576,phemex,ACH/USDT:USDT,0.02305,37066.0,0.02304,39953.0,0.02306,22005.0,0.02307,99856.0
1753592304037,04:58:24.037,phemex,ACH/USDT:USDT,0.02305,37066.0,0.02304,39953.0,0.02306,21885.0,0.02307,99856.0
1753592317979,04:58:37.979,phemex,ACH/USDT:USDT,0.02305,37066.0,0.02304,39953.0,0.02306,21815.0,0.02307,99856.0
1753592323400,04:58:43.400,phemex,ACH/USDT:USDT,0.02305,37066.0,0.02304,39953.0,0.02307,5441.0,0.02308,112417.0
1753592323457,04:58:43.457,phemex,ACH/USDT:USDT,0.02306,36949.0,0.02305,117081.0,0.02307,5441.0,0.02308,112417.0
1753592323521,04:58:43.521,phemex,ACH/USDT:USDT,0.02306,36949.0,0.02305,117081.0,0.02307,5441.0,0.02308,112417.0
1753592325128,04:58:45.128,phemex,ACH/USDT:USDT,0.02306,36949.0,0.02305,117081.0,0.02307,5441.0,0.02308,112417.0
1753592326933,04:58:46.933,phemex,ACH/USDT:USDT,0.02306,36949.0,0.02305,117081.0,0.02307,5441.0,0.02308,112417.0
1753592340771,04:59:00.771,phemex,ACH/USDT:USDT,0.02306,36949.0,0.02305,117081.0,0.02308,112417.0,0.02309,92761.0
1753592340825,04:59:00.825,phemex,ACH/USDT:USDT,0.02306,36949.0,0.02305,117081.0,0.02308,112417.0,0.02309,92761.0
1753592340843,04:59:00.843,phemex,ACH/USDT:USDT,0.02306,36949.0,0.02305,117081.0,0.02307,5473.0,0.02308,112417.0
1753592340863,04:59:00.863,phemex,ACH/USDT:USDT,0.02306,36949.0,0.02305,117081.0,0.02308,112417.0,0.02309,92761.0
1753592340902,04:59:00.902,phemex,ACH/USDT:USDT,0.02306,36949.0,0.02305,117081.0,0.02308,112417.0,0.02309,92761.0
1753592340911,04:59:00.911,phemex,ACH/USDT:USDT,0.02306,36949.0,0.02305,117081.0,0.02307,5473.0,0.02308,112417.0
1753592340966,04:59:00.966,phemex,ACH/USDT:USDT,0.02306,36949.0,0.02305,117081.0,0.02308,112417.0,0.02309,92761.0
1753592340997,04:59:00.997,phemex,ACH/USDT:USDT,0.02306,36949.0,0.02305,117081.0,0.02307,5473.0,0.02308,112417.0
1753592341030,04:59:01.030,phemex,ACH/USDT:USDT,0.02306,36949.0,0.02305,117081.0,0.02307,5473.0,0.02308,112417.0
1753592349512,04:59:09.512,phemex,ACH/USDT:USDT,0.02306,36949.0,0.02305,117081.0,0.02308,15060.0,0.02309,104957.0
1753592349541,04:59:09.541,phemex,ACH/USDT:USDT,0.02307,5440.0,0.02306,36949.0,0.02308,15060.0,0.02309,104957.0
1753592349619,04:59:09.619,phemex,ACH/USDT:USDT,0.02307,38110.0,0.02306,107165.0,0.02308,15060.0,0.02309,104957.0
1753592350676,04:59:10.676,phemex,ACH/USDT:USDT,0.02307,32670.0,0.02306,107165.0,0.02308,15060.0,0.02309,104957.0
1753592351566,04:59:11.566,phemex,ACH/USDT:USDT,0.02307,31170.0,0.02306,107165.0,0.02308,15060.0,0.02309,104957.0
1753592358615,04:59:18.615,phemex,ACH/USDT:USDT,0.02307,31170.0,0.02306,107165.0,0.02308,15060.0,0.02309,104957.0
1753592358622,04:59:18.622,phemex,ACH/USDT:USDT,0.02307,31170.0,0.02306,107165.0,0.02308,15060.0,0.02309,104957.0
1753592361062,04:59:21.062,phemex,ACH/USDT:USDT,0.02307,30960.0,0.02306,107165.0,0.02308,15060.0,0.02309,104957.0
1753592361951,04:59:21.951,phemex,ACH/USDT:USDT,0.02307,30960.0,0.02306,107165.0,0.02308,15060.0,0.02309,104957.0
1753592366749,04:59:26.749,phemex,ACH/USDT:USDT,0.02307,30960.0,0.02306,107165.0,0.02308,15060.0,0.02309,104957.0
1753592370705,04:59:30.705,phemex,ACH/USDT:USDT,0.02307,30780.0,0.02306,107165.0,0.02308,15060.0,0.02309,104957.0
1753592372452,04:59:32.452,phemex,ACH/USDT:USDT,0.02307,30780.0,0.02306,107165.0,0.02308,15060.0,0.02309,104957.0
1753592372459,04:59:32.459,phemex,ACH/USDT:USDT,0.02307,30780.0,0.02306,107165.0,0.02308,15060.0,0.02309,104957.0
1753592380173,04:59:40.173,phemex,ACH/USDT:USDT,0.02307,65209.0,0.02306,107165.0,0.02308,15060.0,0.02309,104957.0
1753592382006,04:59:42.006,phemex,ACH/USDT:USDT,0.02307,65209.0,0.02306,107165.0,0.02309,5545.0,0.0231,100426.0
1753592386334,04:59:46.334,phemex,ACH/USDT:USDT,0.02307,65209.0,0.02306,107165.0,0.02309,5545.0,0.0231,100426.0
1753592386342,04:59:46.342,phemex,ACH/USDT:USDT,0.02307,65209.0,0.02306,107165.0,0.02309,5545.0,0.0231,100426.0
1753592387039,04:59:47.039,phemex,ACH/USDT:USDT,0.02307,65109.0,0.02306,107165.0,0.02309,5545.0,0.0231,100426.0
1753592388333,04:59:48.333,phemex,ACH/USDT:USDT,0.02307,65109.0,0.02306,107165.0,0.02308,28964.0,0.02309,16620.0
1753592389942,04:59:49.942,phemex,ACH/USDT:USDT,0.02307,65109.0,0.02306,107165.0,0.02308,28964.0,0.02309,16620.0
1753592389949,04:59:49.949,phemex,ACH/USDT:USDT,0.02307,65109.0,0.02306,107165.0,0.02308,28964.0,0.02309,16620.0
1753592392729,04:59:52.729,phemex,ACH/USDT:USDT,0.02307,65109.0,0.02306,107165.0,0.02308,28964.0,0.02309,16620.0
1753592392756,04:59:52.756,phemex,ACH/USDT:USDT,0.02307,30680.0,0.02306,107165.0,0.02308,28964.0,0.02309,16620.0
1753592392814,04:59:52.814,phemex,ACH/USDT:USDT,0.02307,30680.0,0.02306,107165.0,0.02308,28964.0,0.02309,16620.0
1753592392815,04:59:52.815,phemex,ACH/USDT:USDT,0.02307,30680.0,0.02306,141587.0,0.02308,28964.0,0.02309,16620.0
1753592395153,04:59:55.153,phemex,ACH/USDT:USDT,0.02307,30160.0,0.02306,141587.0,0.02308,28964.0,0.02309,16620.0
1753592396350,04:59:56.350,phemex,ACH/USDT:USDT,0.02307,30160.0,0.02306,141587.0,0.02308,28964.0,0.02309,16620.0
1753592402150,05:00:02.150,phemex,ACH/USDT:USDT,0.02307,30160.0,0.02306,141587.0,0.02308,28621.0,0.02309,16620.0
1753592402403,05:00:02.403,phemex,ACH/USDT:USDT,0.02307,30160.0,0.02306,141587.0,0.02308,28621.0,0.02309,16620.0
1753592402452,05:00:02.452,phemex,ACH/USDT:USDT,0.02307,30160.0,0.02306,141587.0,0.02308,28621.0,0.02309,16620.0
1753592402452,05:00:02.452,phemex,ACH/USDT:USDT,0.02307,30160.0,0.02306,141587.0,0.02308,28621.0,0.02309,16620.0
1753592406448,05:00:06.448,phemex,ACH/USDT:USDT,0.02306,39842.0,0.02305,107397.0,0.02308,28621.0,0.02309,16620.0
1753592406467,05:00:06.467,phemex,ACH/USDT:USDT,0.02306,39842.0,0.02305,107397.0,0.02307,5442.0,0.02308,28621.0
1753592406512,05:00:06.512,phemex,ACH/USDT:USDT,0.02306,39842.0,0.02305,107397.0,0.02307,5442.0,0.02308,34063.0
1753592406585,05:00:06.585,phemex,ACH/USDT:USDT,0.02306,5420.0,0.02305,107397.0,0.02307,5442.0,0.02308,34063.0
1753592406686,05:00:06.686,phemex,ACH/USDT:USDT,0.02306,39834.0,0.02305,107397.0,0.02307,5442.0,0.02308,34063.0
1753592410227,05:00:10.227,phemex,ACH/USDT:USDT,0.02306,39834.0,0.02305,107397.0,0.02308,34063.0,0.02309,16620.0
1753592410264,05:00:10.264,phemex,ACH/USDT:USDT,0.02307,5389.0,0.02306,39834.0,0.02308,34063.0,0.02309,16620.0
1753592411173,05:00:11.173,phemex,ACH/USDT:USDT,0.02306,39834.0,0.02305,107397.0,0.02308,34063.0,0.02309,16620.0
1753592411218,05:00:11.218,phemex,ACH/USDT:USDT,0.02306,39834.0,0.02305,107397.0,0.02307,5389.0,0.02308,34063.0
1753592417494,05:00:17.494,phemex,ACH/USDT:USDT,0.02306,39834.0,0.02305,107397.0,0.02307,5389.0,0.02308,34063.0
1753592420112,05:00:20.112,phemex,ACH/USDT:USDT,0.02306,63496.0,0.02305,107397.0,0.02307,36457.0,0.02308,211916.0
1753592427337,05:00:27.337,phemex,ACH/USDT:USDT,0.02306,58076.0,0.02305,107397.0,0.02307,36457.0,0.02308,211916.0
1753592427539,05:00:27.539,phemex,ACH/USDT:USDT,0.02306,34414.0,0.02305,14151.0,0.02307,36457.0,0.02308,211916.0
1753592427649,05:00:27.649,phemex,ACH/USDT:USDT,0.02306,34414.0,0.02305,14151.0,0.02307,36457.0,0.02308,211916.0
1753592431352,05:00:31.352,phemex,ACH/USDT:USDT,0.02306,34414.0,0.02305,14151.0,0.02307,36457.0,0.02308,211916.0
1753592431752,05:00:31.752,phemex,ACH/USDT:USDT,0.02306,34414.0,0.02305,14151.0,0.02307,36457.0,0.02308,211916.0
1753592436152,05:00:36.152,phemex,ACH/USDT:USDT,0.02306,34414.0,0.02305,14151.0,0.02307,36457.0,0.02308,211916.0
1753592437918,05:00:37.918,phemex,ACH/USDT:USDT,0.02306,65453.0,0.02305,14151.0,0.02307,31068.0,0.02308,211916.0
1753592437935,05:00:37.935,phemex,ACH/USDT:USDT,0.02306,65453.0,0.02305,14151.0,0.02308,5442.0,0.02309,160719.0
1753592437947,05:00:37.947,phemex,ACH/USDT:USDT,0.02306,65453.0,0.02305,14151.0,0.02308,5442.0,0.02309,160719.0
1753592437987,05:00:37.987,phemex,ACH/USDT:USDT,0.02307,5393.0,0.02306,74126.0,0.02308,5442.0,0.02309,160719.0
1753592438006,05:00:38.006,phemex,ACH/USDT:USDT,0.02306,74126.0,0.02305,5475.0,0.02308,5442.0,0.02309,160719.0
1753592438182,05:00:38.182,phemex,ACH/USDT:USDT,0.02306,74126.0,0.02305,5475.0,0.02308,5442.0,0.02309,160719.0
1753592438682,05:00:38.682,phemex,ACH/USDT:USDT,0.02307,5375.0,0.02306,74126.0,0.02308,5442.0,0.02309,160719.0
1753592438966,05:00:38.966,phemex,ACH/USDT:USDT,0.02306,74126.0,0.02305,5475.0,0.02308,5442.0,0.02309,160719.0
1753592439052,05:00:39.052,phemex,ACH/USDT:USDT,0.02307,5375.0,0.02306,74126.0,0.02308,5442.0,0.02309,160719.0
1753592439843,05:00:39.843,phemex,ACH/USDT:USDT,0.02306,74126.0,0.02305,5475.0,0.02308,5442.0,0.02309,160719.0
1753592440951,05:00:40.951,phemex,ACH/USDT:USDT,0.02306,74126.0,0.02305,5475.0,0.02308,5442.0,0.02309,160719.0
1753592443503,05:00:43.503,phemex,ACH/USDT:USDT,0.02306,74126.0,0.02305,5475.0,0.02307,19579.0,0.02308,78973.0
1753592445760,05:00:45.760,phemex,ACH/USDT:USDT,0.02306,74126.0,0.02305,5475.0,0.02308,78973.0,0.02309,16620.0
1753592445776,05:00:45.776,phemex,ACH/USDT:USDT,0.02306,74126.0,0.02305,5475.0,0.02307,5375.0,0.02308,78973.0
1753592447765,05:00:47.765,phemex,ACH/USDT:USDT,0.02306,39712.0,0.02305,5475.0,0.02307,5375.0,0.02308,78973.0
1753592447784,05:00:47.784,phemex,ACH/USDT:USDT,0.02306,39712.0,0.02305,5475.0,0.02307,5375.0,0.02308,78973.0
1753592447867,05:00:47.867,phemex,ACH/USDT:USDT,0.02306,39712.0,0.02305,39897.0,0.02307,5375.0,0.02308,78973.0
1753592452554,05:00:52.554,phemex,ACH/USDT:USDT,0.02306,22112.0,0.02305,39897.0,0.02307,5375.0,0.02308,78973.0
1753592452657,05:00:52.657,phemex,ACH/USDT:USDT,0.02306,27695.0,0.02305,39897.0,0.02307,5375.0,0.02308,78973.0
1753592453634,05:00:53.634,phemex,ACH/USDT:USDT,0.02306,27695.0,0.02305,39897.0,0.02308,78973.0,0.02309,16620.0
1753592453662,05:00:53.662,phemex,ACH/USDT:USDT,0.02306,27695.0,0.02305,39897.0,0.02308,78973.0,0.02309,16620.0
1753592453680,05:00:53.680,phemex,ACH/USDT:USDT,0.02306,27695.0,0.02305,39897.0,0.02307,5583.0,0.02308,78973.0
1753592453734,05:00:53.734,phemex,ACH/USDT:USDT,0.02306,26335.0,0.02305,39897.0,0.02307,5583.0,0.02308,78973.0
1753592453896,05:00:53.896,phemex,ACH/USDT:USDT,0.02306,26335.0,0.02305,5475.0,0.02307,5583.0,0.02308,78973.0
1753592453903,05:00:53.903,phemex,ACH/USDT:USDT,0.02305,5475.0,0.02304,5452.0,0.02307,31337.0,0.02308,78973.0
1753592453934,05:00:53.934,phemex,ACH/USDT:USDT,0.02304,5452.0,0.02303,190602.0,0.02307,31337.0,0.02308,78973.0
1753592454005,05:00:54.005,phemex,ACH/USDT:USDT,0.02304,5452.0,0.02303,190602.0,0.02307,31337.0,0.02308,78973.0
1753592454137,05:00:54.137,phemex,ACH/USDT:USDT,0.02304,39872.0,0.02303,190602.0,0.02307,31337.0,0.02308,78973.0
1753592454188,05:00:54.188,phemex,ACH/USDT:USDT,0.02305,5583.0,0.02304,39872.0,0.02307,31337.0,0.02308,78973.0
1753592454297,05:00:54.297,phemex,ACH/USDT:USDT,0.02305,5583.0,0.02304,48552.0,0.02307,31337.0,0.02308,78973.0
1753592457751,05:00:57.751,phemex,ACH/USDT:USDT,0.02305,5583.0,0.02304,48552.0,0.02307,31337.0,0.02308,78973.0
1753592461542,05:01:01.542,phemex,ACH/USDT:USDT,0.02306,26511.0,0.02305,102259.0,0.02307,31337.0,0.02308,78973.0
1753592462557,05:01:02.557,phemex,ACH/USDT:USDT,0.02306,26511.0,0.02305,102259.0,0.02307,31337.0,0.02308,78973.0
1753592462743,05:01:02.743,phemex,ACH/USDT:USDT,0.02306,9290.0,0.02305,102259.0,0.02307,31337.0,0.02308,78973.0
1753592462779,05:01:02.779,phemex,ACH/USDT:USDT,0.02306,14688.0,0.02305,102259.0,0.02307,31337.0,0.02308,78973.0
1753592462779,05:01:02.779,phemex,ACH/USDT:USDT,0.02306,14688.0,0.02305,102259.0,0.02307,31337.0,0.02308,78973.0
1753592464267,05:01:04.267,phemex,ACH/USDT:USDT,0.02306,12473.0,0.02305,102259.0,0.02307,31337.0,0.02308,78973.0
1753592466586,05:01:06.586,phemex,ACH/USDT:USDT,0.02306,12273.0,0.02305,102259.0,0.02307,31337.0,0.02308,78973.0
1753592472953,05:01:12.953,phemex,ACH/USDT:USDT,0.02306,11773.0,0.02305,102259.0,0.02307,31337.0,0.02308,78973.0
1753592477725,05:01:17.725,phemex,ACH/USDT:USDT,0.02306,11673.0,0.02305,102259.0,0.02307,31337.0,0.02308,78973.0
1753592478450,05:01:18.450,phemex,ACH/USDT:USDT,0.02306,11673.0,0.02305,102259.0,0.02307,25754.0,0.02308,78973.0
1753592478610,05:01:18.610,phemex,ACH/USDT:USDT,0.02306,11673.0,0.02305,102259.0,0.02307,25754.0,0.02308,78973.0
1753592478762,05:01:18.762,phemex,ACH/USDT:USDT,0.02307,7419.0,0.02306,37685.0,0.02308,5442.0,0.02309,70046.0
1753592478799,05:01:18.799,phemex,ACH/USDT:USDT,0.02307,12825.0,0.02306,37685.0,0.02308,5442.0,0.02309,70046.0
1753592478834,05:01:18.834,phemex,ACH/USDT:USDT,0.02307,12825.0,0.02306,37685.0,0.02308,5442.0,0.02309,70046.0
1753592481894,05:01:21.894,phemex,ACH/USDT:USDT,0.02307,12825.0,0.02306,37685.0,0.02309,70046.0,0.0231,21207.0
1753592481962,05:01:21.962,phemex,ACH/USDT:USDT,0.02307,12825.0,0.02306,37685.0,0.02308,5406.0,0.02309,70046.0
1753592484161,05:01:24.161,phemex,ACH/USDT:USDT,0.02307,34671.0,0.02306,111563.0,0.02308,21408.0,0.02309,147541.0
1753592484309,05:01:24.309,phemex,ACH/USDT:USDT,0.02307,29489.0,0.02306,111563.0,0.02308,21408.0,0.02309,147541.0
1753592486747,05:01:26.747,phemex,ACH/USDT:USDT,0.02307,29489.0,0.02306,111563.0,0.02308,21408.0,0.02309,147541.0
1753592486754,05:01:26.754,phemex,ACH/USDT:USDT,0.02307,29489.0,0.02306,111563.0,0.02308,21408.0,0.02309,147541.0
1753592489590,05:01:29.590,phemex,ACH/USDT:USDT,0.02307,63892.0,0.02306,111563.0,0.02308,21408.0,0.02309,147541.0
1753592494103,05:01:34.103,phemex,ACH/USDT:USDT,0.02307,63299.0,0.02306,111563.0,0.02308,21408.0,0.02309,147541.0
1753592498099,05:01:38.099,phemex,ACH/USDT:USDT,0.02307,63299.0,0.02306,111563.0,0.02308,21408.0,0.02309,147541.0
1753592498105,05:01:38.105,phemex,ACH/USDT:USDT,0.02307,63299.0,0.02306,111563.0,0.02308,21408.0,0.02309,147541.0
1753592498887,05:01:38.887,phemex,ACH/USDT:USDT,0.02307,63299.0,0.02306,111563.0,0.02309,5545.0,0.0231,21207.0
1753592498911,05:01:38.911,phemex,ACH/USDT:USDT,0.02308,27523.0,0.02307,103838.0,0.02309,5545.0,0.0231,21207.0
1753592498992,05:01:38.992,phemex,ACH/USDT:USDT,0.02308,27523.0,0.02307,103838.0,0.02309,5545.0,0.0231,21207.0
1753592499010,05:01:39.010,phemex,ACH/USDT:USDT,0.02308,27523.0,0.02307,103838.0,0.02309,5545.0,0.0231,21207.0
1753592499127,05:01:39.127,phemex,ACH/USDT:USDT,0.02308,33151.0,0.02307,103838.0,0.02309,5545.0,0.0231,21207.0
1753592502634,05:01:42.634,phemex,ACH/USDT:USDT,0.02308,33151.0,0.02307,103838.0,0.02309,5545.0,0.0231,21207.0
1753592502671,05:01:42.671,phemex,ACH/USDT:USDT,0.02308,33151.0,0.02307,103838.0,0.02309,5545.0,0.0231,21207.0
1753592504073,05:01:44.073,phemex,ACH/USDT:USDT,0.02308,31791.0,0.02307,103838.0,0.02309,5545.0,0.0231,21207.0
1753592505125,05:01:45.125,phemex,ACH/USDT:USDT,0.02308,31791.0,0.02307,103838.0,0.0231,21207.0,0.02311,66723.0
1753592505189,05:01:45.189,phemex,ACH/USDT:USDT,0.02309,31687.0,0.02308,82483.0,0.0231,29229.0,0.02311,81521.0
1753592505189,05:01:45.189,phemex,ACH/USDT:USDT,0.02309,31687.0,0.02308,82483.0,0.0231,29229.0,0.02311,81521.0
1753592507167,05:01:47.167,phemex,ACH/USDT:USDT,0.02309,31687.0,0.02308,82483.0,0.0231,29229.0,0.02311,81521.0
1753592509086,05:01:49.086,phemex,ACH/USDT:USDT,0.02309,31687.0,0.02308,82483.0,0.0231,23763.0,0.02311,81521.0
1753592509091,05:01:49.091,phemex,ACH/USDT:USDT,0.02309,31687.0,0.02308,82483.0,0.0231,23763.0,0.02311,81521.0
1753592509432,05:01:49.432,phemex,ACH/USDT:USDT,0.02309,31687.0,0.02308,82483.0,0.0231,23763.0,0.02311,81521.0
1753592509765,05:01:49.765,phemex,ACH/USDT:USDT,0.02309,31687.0,0.02308,82483.0,0.0231,29248.0,0.02311,81521.0
1753592509906,05:01:49.906,phemex,ACH/USDT:USDT,0.02309,26059.0,0.02308,82483.0,0.0231,29248.0,0.02311,81521.0
1753592510679,05:01:50.679,phemex,ACH/USDT:USDT,0.02308,5628.0,0.02307,103838.0,0.0231,34755.0,0.02311,81521.0
1753592510748,05:01:50.748,phemex,ACH/USDT:USDT,0.02308,5628.0,0.02307,103838.0,0.02309,15230.0,0.0231,91972.0
1753592510975,05:01:50.975,phemex,ACH/USDT:USDT,0.02308,5628.0,0.02307,103838.0,0.02309,20715.0,0.0231,91972.0
1753592511972,05:01:51.972,phemex,ACH/USDT:USDT,0.02308,5628.0,0.02307,103838.0,0.02309,20715.0,0.0231,91972.0
1753592512678,05:01:52.678,phemex,ACH/USDT:USDT,0.02308,5628.0,0.02307,103838.0,0.02309,17375.0,0.0231,91972.0
1753592515898,05:01:55.898,phemex,ACH/USDT:USDT,0.02308,7239.0,0.02307,113076.0,0.02309,22634.0,0.0231,96992.0
1753592515907,05:01:55.907,phemex,ACH/USDT:USDT,0.02308,7239.0,0.02307,113076.0,0.02309,22634.0,0.0231,96992.0
1753592516767,05:01:56.767,phemex,ACH/USDT:USDT,0.02308,7239.0,0.02307,113076.0,0.02309,22634.0,0.0231,96992.0
1753592518307,05:01:58.307,phemex,ACH/USDT:USDT,0.02308,3922.0,0.02307,113076.0,0.02309,22634.0,0.0231,96992.0
1753592518518,05:01:58.518,phemex,ACH/USDT:USDT,0.02308,9553.0,0.02307,113076.0,0.02309,22634.0,0.0231,96992.0
1753592519219,05:01:59.219,phemex,ACH/USDT:USDT,0.02308,3922.0,0.02307,113076.0,0.02309,22634.0,0.0231,96992.0
1753592520132,05:02:00.132,phemex,ACH/USDT:USDT,0.02308,9553.0,0.02307,113076.0,0.02309,22634.0,0.0231,96992.0
1753592521009,05:02:01.009,phemex,ACH/USDT:USDT,0.02308,3922.0,0.02307,113076.0,0.02309,22634.0,0.0231,96992.0
1753592521959,05:02:01.959,phemex,ACH/USDT:USDT,0.02308,3922.0,0.02307,49047.0,0.02309,22634.0,0.0231,96992.0
1753592521959,05:02:01.959,phemex,ACH/USDT:USDT,0.02307,39809.0,0.02306,110358.0,0.02309,22634.0,0.0231,96992.0
1753592522071,05:02:02.071,phemex,ACH/USDT:USDT,0.02307,39809.0,0.02306,110358.0,0.02308,5631.0,0.02309,22634.0
1753592522152,05:02:02.152,phemex,ACH/USDT:USDT,0.02307,39809.0,0.02306,110358.0,0.02308,30444.0,0.02309,86686.0
1753592522165,05:02:02.165,phemex,ACH/USDT:USDT,0.02307,39809.0,0.02306,110358.0,0.02308,30444.0,0.02309,86686.0
1753592522489,05:02:02.489,phemex,ACH/USDT:USDT,0.02307,39809.0,0.02306,110358.0,0.02308,30444.0,0.02309,86686.0
1753592522692,05:02:02.692,phemex,ACH/USDT:USDT,0.02307,39809.0,0.02306,110358.0,0.02308,30444.0,0.02309,86686.0
1753592522744,05:02:02.744,phemex,ACH/USDT:USDT,0.02307,34403.0,0.02306,110358.0,0.02308,30444.0,0.02309,86686.0
1753592522807,05:02:02.807,phemex,ACH/USDT:USDT,0.02307,34403.0,0.02306,110358.0,0.02308,30444.0,0.02309,86686.0
1753592522849,05:02:02.849,phemex,ACH/USDT:USDT,0.02307,34403.0,0.02306,110358.0,0.02308,30444.0,0.02309,86686.0
1753592522849,05:02:02.849,phemex,ACH/USDT:USDT,0.02307,34403.0,0.02306,110358.0,0.02308,30444.0,0.02309,86686.0
1753592526561,05:02:06.561,phemex,ACH/USDT:USDT,0.02307,34403.0,0.02306,110358.0,0.02308,30444.0,0.02309,86686.0
1753592526571,05:02:06.571,phemex,ACH/USDT:USDT,0.02307,34403.0,0.02306,110358.0,0.02308,30444.0,0.02309,86686.0
1753592532918,05:02:12.918,phemex,ACH/USDT:USDT,0.02307,34403.0,0.02306,110358.0,0.02308,30444.0,0.02309,86686.0
1753592532926,05:02:12.926,phemex,ACH/USDT:USDT,0.02307,34403.0,0.02306,110358.0,0.02308,30444.0,0.02309,86686.0
1753592534868,05:02:14.868,phemex,ACH/USDT:USDT,0.02307,34403.0,0.02306,14179.0,0.02308,30444.0,0.02309,86686.0
1753592539883,05:02:19.883,phemex,ACH/USDT:USDT,0.02307,34403.0,0.02306,14179.0,0.02308,30444.0,0.02309,86686.0
1753592540268,05:02:20.268,phemex,ACH/USDT:USDT,0.02307,64203.0,0.02306,14179.0,0.02308,30444.0,0.02309,86686.0
1753592544513,05:02:24.513,phemex,ACH/USDT:USDT,0.02307,64203.0,0.02306,14179.0,0.02308,30444.0,0.02309,86686.0
1753592554571,05:02:34.571,phemex,ACH/USDT:USDT,0.02307,64203.0,0.02306,14179.0,0.02308,30444.0,0.02309,86686.0
1753592554579,05:02:34.579,phemex,ACH/USDT:USDT,0.02307,64203.0,0.02306,14179.0,0.02308,30444.0,0.02309,86686.0
1753592555599,05:02:35.599,phemex,ACH/USDT:USDT,0.02307,34403.0,0.02306,22870.0,0.02308,30444.0,0.02309,86686.0
1753592555599,05:02:35.599,phemex,ACH/USDT:USDT,0.02307,34403.0,0.02306,22870.0,0.02308,30444.0,0.02309,86686.0
1753592558370,05:02:38.370,phemex,ACH/USDT:USDT,0.02307,34403.0,0.02306,22870.0,0.02308,30444.0,0.02309,86686.0
1753592563163,05:02:43.163,phemex,ACH/USDT:USDT,0.02307,34403.0,0.02306,22870.0,0.02308,30444.0,0.02309,86686.0
1753592563341,05:02:43.341,phemex,ACH/USDT:USDT,0.02307,34403.0,0.02306,22870.0,0.02308,30444.0,0.02309,86686.0
1753592573107,05:02:53.107,phemex,ACH/USDT:USDT,0.02306,22870.0,0.02305,15069.0,0.02308,30444.0,0.02309,86686.0
1753592573152,05:02:53.152,phemex,ACH/USDT:USDT,0.02306,22870.0,0.02305,15069.0,0.02307,5413.0,0.02308,30444.0
1753592573212,05:02:53.212,phemex,ACH/USDT:USDT,0.02306,22870.0,0.02305,15069.0,0.02307,5413.0,0.02308,30444.0
1753592573824,05:02:53.824,phemex,ACH/USDT:USDT,0.02305,32078.0,0.02304,113599.0,0.02307,28287.0,0.02308,113631.0
1753592573851,05:02:53.851,phemex,ACH/USDT:USDT,0.02305,32078.0,0.02304,113599.0,0.02306,5413.0,0.02307,28287.0
1753592574202,05:02:54.202,phemex,ACH/USDT:USDT,0.02305,32078.0,0.02304,113599.0,0.02307,28287.0,0.02308,113631.0
1753592574221,05:02:54.221,phemex,ACH/USDT:USDT,0.02306,5413.0,0.02305,32078.0,0.02307,28287.0,0.02308,113631.0
1753592574225,05:02:54.225,phemex,ACH/USDT:USDT,0.02306,5413.0,0.02305,32078.0,0.02307,28287.0,0.02308,113631.0
1753592575779,05:02:55.779,phemex,ACH/USDT:USDT,0.02305,32078.0,0.02304,113599.0,0.02307,28287.0,0.02308,113631.0
1753592575814,05:02:55.814,phemex,ACH/USDT:USDT,0.02305,32078.0,0.02304,113599.0,0.02306,5413.0,0.02307,28287.0
1753592577158,05:02:57.158,phemex,ACH/USDT:USDT,0.02305,32078.0,0.02304,113599.0,0.02306,5413.0,0.02307,28287.0
1753592578875,05:02:58.875,phemex,ACH/USDT:USDT,0.02305,32078.0,0.02304,113599.0,0.02306,29616.0,0.02307,107080.0
1753592578877,05:02:58.877,phemex,ACH/USDT:USDT,0.02305,32078.0,0.02304,113599.0,0.02306,36115.0,0.02307,116015.0
1753592578877,05:02:58.877,phemex,ACH/USDT:USDT,0.02305,32078.0,0.02304,113599.0,0.02306,36115.0,0.02307,116015.0
1753592581260,05:03:01.260,phemex,ACH/USDT:USDT,0.02305,32078.0,0.02304,113599.0,0.02306,30702.0,0.02307,116015.0
1753592581916,05:03:01.916,phemex,ACH/USDT:USDT,0.02305,32078.0,0.02304,113599.0,0.02306,5702.0,0.02307,116015.0
1753592581933,05:03:01.933,phemex,ACH/USDT:USDT,0.02305,32078.0,0.02304,113599.0,0.02306,11207.0,0.02307,116015.0
1753592582022,05:03:02.022,phemex,ACH/USDT:USDT,0.02305,32078.0,0.02304,113599.0,0.02306,11207.0,0.02307,116015.0
1753592582022,05:03:02.022,phemex,ACH/USDT:USDT,0.02305,32078.0,0.02304,113599.0,0.02306,11207.0,0.02307,116015.0
1753592586454,05:03:06.454,phemex,ACH/USDT:USDT,0.02305,26495.0,0.02304,113599.0,0.02306,11207.0,0.02307,116015.0
1753592586480,05:03:06.480,phemex,ACH/USDT:USDT,0.02305,26495.0,0.02304,113599.0,0.02306,11207.0,0.02307,116015.0
1753592586770,05:03:06.770,phemex,ACH/USDT:USDT,0.02305,26495.0,0.02304,113599.0,0.02306,11207.0,0.02307,116015.0
1753592586948,05:03:06.948,phemex,ACH/USDT:USDT,0.02305,9486.0,0.02304,28235.0,0.02306,30032.0,0.02307,116015.0
1753592586957,05:03:06.957,phemex,ACH/USDT:USDT,0.02304,14132.0,0.02303,114731.0,0.02306,30032.0,0.02307,116015.0
1753592586982,05:03:06.982,phemex,ACH/USDT:USDT,0.02304,14132.0,0.02303,114731.0,0.02305,10967.0,0.02306,36544.0
1753592587379,05:03:07.379,phemex,ACH/USDT:USDT,0.02304,5452.0,0.02303,114731.0,0.02305,10967.0,0.02306,36544.0
1753592589051,05:03:09.051,phemex,ACH/USDT:USDT,0.02304,5452.0,0.02303,114731.0,0.02305,10967.0,0.02306,36544.0
1753592589095,05:03:09.095,phemex,ACH/USDT:USDT,0.02304,5452.0,0.02303,114731.0,0.02305,10967.0,0.02306,36544.0
1753592589330,05:03:09.330,phemex,ACH/USDT:USDT,0.02304,5452.0,0.02303,55795.0,0.02305,10967.0,0.02306,36544.0
1753592589330,05:03:09.330,phemex,ACH/USDT:USDT,0.02304,5452.0,0.02303,40124.0,0.02305,10967.0,0.02306,36544.0
1753592589684,05:03:09.684,phemex,ACH/USDT:USDT,0.02303,40124.0,0.02302,101657.0,0.02305,10967.0,0.02306,36544.0
1753592589758,05:03:09.758,phemex,ACH/USDT:USDT,0.02303,40124.0,0.02302,101657.0,0.02304,5414.0,0.02305,10967.0
1753592591572,05:03:11.572,phemex,ACH/USDT:USDT,0.02303,40124.0,0.02302,101657.0,0.02304,5414.0,0.02305,10967.0
1753592592225,05:03:12.225,phemex,ACH/USDT:USDT,0.02303,40124.0,0.02302,101657.0,0.02304,5414.0,0.02305,28142.0
1753592592866,05:03:12.866,phemex,ACH/USDT:USDT,0.02303,40124.0,0.02302,101657.0,0.02304,12454.0,0.02305,32430.0
1753592592866,05:03:12.866,phemex,ACH/USDT:USDT,0.02303,40124.0,0.02302,101657.0,0.02304,12454.0,0.02305,32430.0
1753592593895,05:03:13.895,phemex,ACH/USDT:USDT,0.02303,40124.0,0.02302,101657.0,0.02304,5414.0,0.02305,22680.0
1753592594025,05:03:14.025,phemex,ACH/USDT:USDT,0.02303,40124.0,0.02302,101657.0,0.02305,22680.0,0.02306,82402.0
1753592594072,05:03:14.072,phemex,ACH/USDT:USDT,0.02304,5414.0,0.02303,40124.0,0.02305,22680.0,0.02306,82402.0
1753592594795,05:03:14.795,phemex,ACH/USDT:USDT,0.02304,31940.0,0.02303,40124.0,0.02305,22680.0,0.02306,82402.0
1753592594966,05:03:14.966,phemex,ACH/USDT:USDT,0.02304,5414.0,0.02303,65556.0,0.02305,22680.0,0.02306,82402.0
1753592594975,05:03:14.975,phemex,ACH/USDT:USDT,0.02303,65556.0,0.02302,18188.0,0.02305,22680.0,0.02306,82402.0
1753592595006,05:03:15.006,phemex,ACH/USDT:USDT,0.02304,5414.0,0.02303,65556.0,0.02305,22680.0,0.02306,82402.0
1753592595615,05:03:15.615,phemex,ACH/USDT:USDT,0.02303,65556.0,0.02302,18188.0,0.02305,22680.0,0.02306,82402.0
1753592595690,05:03:15.690,phemex,ACH/USDT:USDT,0.02303,65556.0,0.02302,18188.0,0.02304,5414.0,0.02305,22680.0
1753592596367,05:03:16.367,phemex,ACH/USDT:USDT,0.02303,65556.0,0.02302,18188.0,0.02304,5414.0,0.02305,22680.0
1753592596374,05:03:16.374,phemex,ACH/USDT:USDT,0.02303,65556.0,0.02302,18188.0,0.02304,5414.0,0.02305,22680.0
1753592597398,05:03:17.398,phemex,ACH/USDT:USDT,0.02303,65556.0,0.02302,18188.0,0.02304,30376.0,0.02305,81456.0
1753592599045,05:03:19.045,phemex,ACH/USDT:USDT,0.02303,65556.0,0.02302,18188.0,0.02304,37216.0,0.02305,96186.0
1753592600688,05:03:20.688,phemex,ACH/USDT:USDT,0.02303,30821.0,0.02302,18188.0,0.02304,37216.0,0.02305,96186.0
1753592600716,05:03:20.716,phemex,ACH/USDT:USDT,0.02303,30821.0,0.02302,53060.0,0.02304,37216.0,0.02305,96186.0
1753592602137,05:03:22.137,phemex,ACH/USDT:USDT,0.02303,30821.0,0.02302,53060.0,0.02304,31802.0,0.02305,96186.0
1753592602263,05:03:22.263,phemex,ACH/USDT:USDT,0.02303,30821.0,0.02302,53060.0,0.02305,5505.0,0.02306,82402.0
1753592602296,05:03:22.296,phemex,ACH/USDT:USDT,0.02304,31592.0,0.02303,107950.0,0.02305,5505.0,0.02306,82402.0
1753592602296,05:03:22.296,phemex,ACH/USDT:USDT,0.02304,31592.0,0.02303,110851.0,0.02305,5505.0,0.02306,82402.0
1753592604059,05:03:24.059,phemex,ACH/USDT:USDT,0.02304,31592.0,0.02303,110851.0,0.02306,82402.0,0.02307,114679.0
1753592604102,05:03:24.102,phemex,ACH/USDT:USDT,0.02304,31592.0,0.02303,110851.0,0.02305,5383.0,0.02306,82402.0
1753592604275,05:03:24.275,phemex,ACH/USDT:USDT,0.02304,31592.0,0.02303,110851.0,0.02305,5383.0,0.02306,82402.0
1753592604310,05:03:24.310,phemex,ACH/USDT:USDT,0.02304,31592.0,0.02303,110851.0,0.02305,5383.0,0.02306,82402.0
1753592607025,05:03:27.025,phemex,ACH/USDT:USDT,0.02303,5389.0,0.02302,128399.0,0.02305,5383.0,0.02306,82402.0
1753592608392,05:03:28.392,phemex,ACH/USDT:USDT,0.02303,5389.0,0.02302,128399.0,0.02304,31886.0,0.02305,5383.0
1753592608406,05:03:28.406,phemex,ACH/USDT:USDT,0.02303,5389.0,0.02302,128399.0,0.02304,31886.0,0.02305,5383.0
1753592608572,05:03:28.572,phemex,ACH/USDT:USDT,0.02303,5389.0,0.02302,128399.0,0.02304,31886.0,0.02305,5383.0
1753592610446,05:03:30.446,phemex,ACH/USDT:USDT,0.02303,5389.0,0.02302,128399.0,0.02304,25374.0,0.02305,5383.0
1753592614981,05:03:34.981,phemex,ACH/USDT:USDT,0.02303,5389.0,0.02302,128399.0,0.02304,24538.0,0.02305,5383.0
1753592618414,05:03:38.414,phemex,ACH/USDT:USDT,0.02303,5389.0,0.02302,128399.0,0.02304,23992.0,0.02305,5383.0
1753592619705,05:03:39.705,phemex,ACH/USDT:USDT,0.02303,5389.0,0.02302,128399.0,0.02304,23862.0,0.02305,5383.0
1753592626701,05:03:46.701,phemex,ACH/USDT:USDT,0.02303,27161.0,0.02302,128399.0,0.02304,8717.0,0.02305,22374.0
1753592626702,05:03:46.702,phemex,ACH/USDT:USDT,0.02303,34742.0,0.02302,128399.0,0.02305,29264.0,0.02306,5505.0
1753592626728,05:03:46.728,phemex,ACH/USDT:USDT,0.02304,5514.0,0.02303,34742.0,0.02305,29264.0,0.02306,5505.0
1753592626731,05:03:46.731,phemex,ACH/USDT:USDT,0.02304,5514.0,0.02303,34742.0,0.02305,29264.0,0.02306,5505.0
1753592630518,05:03:50.518,phemex,ACH/USDT:USDT,0.02304,5514.0,0.02303,34742.0,0.02305,29264.0,0.02306,5505.0
1753592630793,05:03:50.793,phemex,ACH/USDT:USDT,0.02304,5514.0,0.02303,34742.0,0.02305,29264.0,0.02306,5505.0
1753592632443,05:03:52.443,phemex,ACH/USDT:USDT,0.02304,34799.0,0.02303,84899.0,0.02305,29264.0,0.02306,5505.0
1753592634463,05:03:54.463,phemex,ACH/USDT:USDT,0.02304,34799.0,0.02303,84899.0,0.02305,23881.0,0.02306,5505.0
1753592634700,05:03:54.700,phemex,ACH/USDT:USDT,0.02304,34799.0,0.02303,84899.0,0.02305,23881.0,0.02306,5505.0
1753592635874,05:03:55.874,phemex,ACH/USDT:USDT,0.02304,34799.0,0.02303,84899.0,0.02305,20421.0,0.02306,5505.0
1753592639365,05:03:59.365,phemex,ACH/USDT:USDT,0.02304,34799.0,0.02303,84899.0,0.02305,20421.0,0.02306,5505.0
1753592639371,05:03:59.371,phemex,ACH/USDT:USDT,0.02304,34799.0,0.02303,84899.0,0.02305,20421.0,0.02306,5505.0
1753592640374,05:04:00.374,phemex,ACH/USDT:USDT,0.02304,34799.0,0.02303,84899.0,0.02306,25829.0,0.02307,101810.0
1753592640390,05:04:00.390,phemex,ACH/USDT:USDT,0.02305,5533.0,0.02304,34799.0,0.02306,25829.0,0.02307,101810.0
1753592640676,05:04:00.676,phemex,ACH/USDT:USDT,0.02305,29933.0,0.02304,107296.0,0.02306,25829.0,0.02307,101810.0
1753592640676,05:04:00.676,phemex,ACH/USDT:USDT,0.02305,29933.0,0.02304,107296.0,0.02306,25829.0,0.02307,101810.0
1753592644165,05:04:04.165,phemex,ACH/USDT:USDT,0.02305,29933.0,0.02304,107296.0,0.02306,25829.0,0.02307,101810.0
1753592644171,05:04:04.171,phemex,ACH/USDT:USDT,0.02305,29933.0,0.02304,107296.0,0.02306,25829.0,0.02307,101810.0
1753592650091,05:04:10.091,phemex,ACH/USDT:USDT,0.02305,29933.0,0.02304,107296.0,0.02306,25829.0,0.02307,101810.0
1753592650112,05:04:10.112,phemex,ACH/USDT:USDT,0.02305,29933.0,0.02304,107296.0,0.02306,20324.0,0.02307,101810.0
1753592650161,05:04:10.161,phemex,ACH/USDT:USDT,0.02305,29933.0,0.02304,107296.0,0.02306,20324.0,0.02307,101810.0
1753592650261,05:04:10.261,phemex,ACH/USDT:USDT,0.02305,29933.0,0.02304,107296.0,0.02306,20324.0,0.02307,101810.0
1753592650273,05:04:10.273,phemex,ACH/USDT:USDT,0.02305,64700.0,0.02304,107296.0,0.02306,20324.0,0.02307,101810.0
1753592650487,05:04:10.487,phemex,ACH/USDT:USDT,0.02305,64700.0,0.02304,107296.0,0.02306,19344.0,0.02307,101810.0
1753592652876,05:04:12.876,phemex,ACH/USDT:USDT,0.02305,64700.0,0.02304,107296.0,0.02306,19066.0,0.02307,101810.0
1753592654566,05:04:14.566,phemex,ACH/USDT:USDT,0.02305,64700.0,0.02304,107296.0,0.02306,19066.0,0.02307,101810.0
1753592654606,05:04:14.606,phemex,ACH/USDT:USDT,0.02305,64700.0,0.02304,107296.0,0.02306,19066.0,0.02307,101810.0
1753592655188,05:04:15.188,phemex,ACH/USDT:USDT,0.02306,27973.0,0.02305,127123.0,0.02307,12275.0,0.02308,107101.0
1753592663612,05:04:23.612,phemex,ACH/USDT:USDT,0.02306,27973.0,0.02305,127123.0,0.02307,12275.0,0.02308,107101.0
1753592673355,05:04:33.355,phemex,ACH/USDT:USDT,0.02306,22470.0,0.02305,127123.0,0.02307,12275.0,0.02308,107101.0
1753592673530,05:04:33.530,phemex,ACH/USDT:USDT,0.02306,7344.0,0.02305,40300.0,0.02307,35668.0,0.02308,107101.0
1753592673530,05:04:33.530,phemex,ACH/USDT:USDT,0.02305,40300.0,0.02304,107296.0,0.02307,35668.0,0.02308,107101.0
1753592673616,05:04:33.616,phemex,ACH/USDT:USDT,0.02305,40300.0,0.02304,107296.0,0.02306,14529.0,0.02307,39208.0
1753592673787,05:04:33.787,phemex,ACH/USDT:USDT,0.02305,40300.0,0.02304,107296.0,0.02306,14529.0,0.02307,39208.0
1753592680543,05:04:40.543,phemex,ACH/USDT:USDT,0.02305,40300.0,0.02304,107296.0,0.02306,33669.0,0.02307,39208.0
1753592680543,05:04:40.543,phemex,ACH/USDT:USDT,0.02305,63576.0,0.02304,107296.0,0.02306,33669.0,0.02307,78108.0
1753592701172,05:05:01.172,phemex,ACH/USDT:USDT,0.02305,63576.0,0.02304,107296.0,0.02306,33669.0,0.02307,78108.0
1753592701179,05:05:01.179,phemex,ACH/USDT:USDT,0.02305,63576.0,0.02304,107296.0,0.02306,33669.0,0.02307,78108.0
1753592701179,05:05:01.179,phemex,ACH/USDT:USDT,0.02305,63576.0,0.02304,107296.0,0.02306,33669.0,0.02307,78108.0
1753592704495,05:05:04.495,phemex,ACH/USDT:USDT,0.02305,58043.0,0.02304,107296.0,0.02306,33669.0,0.02307,78108.0
1753592705468,05:05:05.468,phemex,ACH/USDT:USDT,0.02305,34767.0,0.02304,15147.0,0.02306,33669.0,0.02307,78108.0
1753592705469,05:05:05.469,phemex,ACH/USDT:USDT,0.02305,34767.0,0.02304,15147.0,0.02306,33669.0,0.02307,78108.0
1753592705612,05:05:05.612,phemex,ACH/USDT:USDT,0.02305,34767.0,0.02304,15147.0,0.02306,33669.0,0.02307,78108.0
1753592709976,05:05:09.976,phemex,ACH/USDT:USDT,0.02305,34767.0,0.02304,15147.0,0.02306,33669.0,0.02307,78108.0
1753592713322,05:05:13.322,phemex,ACH/USDT:USDT,0.02304,15147.0,0.02303,75608.0,0.02306,33669.0,0.02307,78108.0
1753592713367,05:05:13.367,phemex,ACH/USDT:USDT,0.02304,29484.0,0.02303,151529.0,0.02305,24001.0,0.02306,96220.0
1753592713388,05:05:13.388,phemex,ACH/USDT:USDT,0.02304,29484.0,0.02303,151529.0,0.02305,24001.0,0.02306,96220.0
1753592713407,05:05:13.407,phemex,ACH/USDT:USDT,0.02304,29484.0,0.02303,151529.0,0.02305,29456.0,0.02306,96220.0
1753592714776,05:05:14.776,phemex,ACH/USDT:USDT,0.02304,29484.0,0.02303,151529.0,0.02305,29456.0,0.02306,96220.0
1753592714804,05:05:14.804,phemex,ACH/USDT:USDT,0.02304,29484.0,0.02303,151529.0,0.02305,24001.0,0.02306,96220.0
1753592715887,05:05:15.887,phemex,ACH/USDT:USDT,0.02304,29484.0,0.02303,151529.0,0.02305,24001.0,0.02306,96220.0
1753592715911,05:05:15.911,phemex,ACH/USDT:USDT,0.02304,29484.0,0.02303,151529.0,0.02305,24001.0,0.02306,96220.0
1753592716527,05:05:16.527,phemex,ACH/USDT:USDT,0.02304,29484.0,0.02303,151529.0,0.02306,5454.0,0.02307,78108.0
1753592716559,05:05:16.559,phemex,ACH/USDT:USDT,0.02305,5455.0,0.02304,29484.0,0.02306,5454.0,0.02307,78108.0
1753592716576,05:05:16.576,phemex,ACH/USDT:USDT,0.02305,5455.0,0.02304,29484.0,0.02306,5454.0,0.02307,78108.0
1753592717444,05:05:17.444,phemex,ACH/USDT:USDT,0.02305,12708.0,0.02304,29484.0,0.02306,5454.0,0.02307,78108.0
1753592717444,05:05:17.444,phemex,ACH/USDT:USDT,0.02305,12708.0,0.02304,29484.0,0.02306,5454.0,0.02307,78108.0
1753592719236,05:05:19.236,phemex,ACH/USDT:USDT,0.02305,26616.0,0.02304,29484.0,0.02306,5454.0,0.02307,78108.0
1753592719237,05:05:19.237,phemex,ACH/USDT:USDT,0.02305,26616.0,0.02304,105358.0,0.02306,5454.0,0.02307,78108.0
1753592721677,05:05:21.677,phemex,ACH/USDT:USDT,0.02305,21161.0,0.02304,105358.0,0.02306,5454.0,0.02307,78108.0
1753592721917,05:05:21.917,phemex,ACH/USDT:USDT,0.02305,15753.0,0.02304,105358.0,0.02306,5454.0,0.02307,78108.0
1753592726722,05:05:26.722,phemex,ACH/USDT:USDT,0.02304,5514.0,0.02303,169819.0,0.02306,40253.0,0.02307,78108.0
1753592726741,05:05:26.741,phemex,ACH/USDT:USDT,0.02304,5514.0,0.02303,169819.0,0.02305,5431.0,0.02306,40253.0
1753592731752,05:05:31.752,phemex,ACH/USDT:USDT,0.02304,5514.0,0.02303,169819.0,0.02305,5431.0,0.02306,40253.0
1753592731787,05:05:31.787,phemex,ACH/USDT:USDT,0.02304,32221.0,0.02303,16582.0,0.02305,33268.0,0.02306,95974.0
1753592731828,05:05:31.828,phemex,ACH/USDT:USDT,0.02304,32221.0,0.02303,51173.0,0.02305,33268.0,0.02306,95974.0
1753592733184,05:05:33.184,phemex,ACH/USDT:USDT,0.02304,32221.0,0.02303,51173.0,0.02305,33268.0,0.02306,95974.0
1753592733184,05:05:33.184,phemex,ACH/USDT:USDT,0.02304,32221.0,0.02303,51173.0,0.02305,33268.0,0.02306,95974.0
1753592764437,05:06:04.437,phemex,ACH/USDT:USDT,0.02304,32221.0,0.02303,51173.0,0.02305,27837.0,0.02306,95974.0
1753592768384,05:06:08.384,phemex,ACH/USDT:USDT,0.02304,32221.0,0.02303,51173.0,0.02305,24162.0,0.02306,95974.0
1753592773175,05:06:13.175,phemex,ACH/USDT:USDT,0.02304,32221.0,0.02303,51173.0,0.02305,24082.0,0.02306,95974.0
1753592774002,05:06:14.002,phemex,ACH/USDT:USDT,0.02304,32221.0,0.02303,51173.0,0.02306,5454.0,0.02307,78108.0
1753592774026,05:06:14.026,phemex,ACH/USDT:USDT,0.02305,5549.0,0.02304,32221.0,0.02306,5454.0,0.02307,78108.0
1753592774048,05:06:14.048,phemex,ACH/USDT:USDT,0.02305,37316.0,0.02304,113512.0,0.02306,5454.0,0.02307,78108.0
1753592774166,05:06:14.166,phemex,ACH/USDT:USDT,0.02305,37316.0,0.02304,113512.0,0.02306,5454.0,0.02307,78108.0
1753592774304,05:06:14.304,phemex,ACH/USDT:USDT,0.02305,37316.0,0.02304,113512.0,0.02306,5454.0,0.02307,78108.0
1753592780464,05:06:20.464,phemex,ACH/USDT:USDT,0.02305,37316.0,0.02304,113512.0,0.02306,5454.0,0.02307,78108.0
1753592780471,05:06:20.471,phemex,ACH/USDT:USDT,0.02305,37316.0,0.02304,113512.0,0.02306,5454.0,0.02307,78108.0
1753592781836,05:06:21.836,phemex,ACH/USDT:USDT,0.02305,37316.0,0.02304,113512.0,0.02307,78108.0,0.02308,94498.0
1753592781875,05:06:21.875,phemex,ACH/USDT:USDT,0.02305,37316.0,0.02304,113512.0,0.02306,5634.0,0.02307,78108.0
1753592782051,05:06:22.051,phemex,ACH/USDT:USDT,0.02305,37316.0,0.02304,113512.0,0.02307,78108.0,0.02308,94498.0
1753592782079,05:06:22.079,phemex,ACH/USDT:USDT,0.02305,37316.0,0.02304,113512.0,0.02306,5634.0,0.02307,78108.0
1753592782111,05:06:22.111,phemex,ACH/USDT:USDT,0.02305,37316.0,0.02304,113512.0,0.02307,78108.0,0.02308,94498.0
1753592782199,05:06:22.199,phemex,ACH/USDT:USDT,0.02306,5634.0,0.02305,37316.0,0.02307,78108.0,0.02308,94498.0
1753592782258,05:06:22.258,phemex,ACH/USDT:USDT,0.02306,5634.0,0.02305,37316.0,0.02307,5413.0,0.02308,108593.0
1753592782473,05:06:22.473,phemex,ACH/USDT:USDT,0.02305,37316.0,0.02304,113512.0,0.02307,5413.0,0.02308,108593.0
1753592784700,05:06:24.700,phemex,ACH/USDT:USDT,0.02306,5634.0,0.02305,37316.0,0.02307,5413.0,0.02308,108593.0
1753592788371,05:06:28.371,phemex,ACH/USDT:USDT,0.02306,5634.0,0.02305,37316.0,0.02307,5413.0,0.02308,108593.0
1753592793401,05:06:33.401,phemex,ACH/USDT:USDT,0.02305,37316.0,0.02304,113512.0,0.02307,5413.0,0.02308,108593.0
1753592793452,05:06:33.452,phemex,ACH/USDT:USDT,0.02305,37316.0,0.02304,113512.0,0.02306,27674.0,0.02307,92448.0
1753592798499,05:06:38.499,phemex,ACH/USDT:USDT,0.02305,37316.0,0.02304,113512.0,0.02306,27674.0,0.02307,92448.0
1753592798543,05:06:38.543,phemex,ACH/USDT:USDT,0.02305,37316.0,0.02304,113512.0,0.02306,27674.0,0.02307,92448.0
1753592798560,05:06:38.560,phemex,ACH/USDT:USDT,0.02305,37316.0,0.02304,113512.0,0.02306,27674.0,0.02307,92448.0
1753592798637,05:06:38.637,phemex,ACH/USDT:USDT,0.02305,37316.0,0.02304,148080.0,0.02306,27674.0,0.02307,92448.0
1753592799030,05:06:39.030,phemex,ACH/USDT:USDT,0.02305,37316.0,0.02304,148080.0,0.02306,20174.0,0.02307,92448.0
1753592799410,05:06:39.410,phemex,ACH/USDT:USDT,0.02305,37316.0,0.02304,148080.0,0.02306,25762.0,0.02307,92448.0
1753592803042,05:06:43.042,phemex,ACH/USDT:USDT,0.02305,31767.0,0.02304,148080.0,0.02306,25762.0,0.02307,92448.0
1753592803089,05:06:43.089,phemex,ACH/USDT:USDT,0.02304,40082.0,0.02303,91087.0,0.02306,25762.0,0.02307,92448.0
1753592803105,05:06:43.105,phemex,ACH/USDT:USDT,0.02304,40082.0,0.02303,91087.0,0.02305,30627.0,0.02306,75050.0
1753592803140,05:06:43.140,phemex,ACH/USDT:USDT,0.02304,40082.0,0.02303,91087.0,0.02305,30627.0,0.02306,75050.0
1753592803248,05:06:43.248,phemex,ACH/USDT:USDT,0.02304,40082.0,0.02303,91087.0,0.02305,36215.0,0.02306,75050.0
1753592803395,05:06:43.395,phemex,ACH/USDT:USDT,0.02304,40082.0,0.02303,91087.0,0.02305,36215.0,0.02306,75050.0
1753592803433,05:06:43.433,phemex,ACH/USDT:USDT,0.02304,40082.0,0.02303,91087.0,0.02305,36215.0,0.02306,75050.0
1753592803909,05:06:43.909,phemex,ACH/USDT:USDT,0.02304,40082.0,0.02303,91087.0,0.02305,5588.0,0.02306,5588.0
1753592803993,05:06:43.993,phemex,ACH/USDT:USDT,0.02304,40082.0,0.02303,91087.0,0.02306,5588.0,0.02307,92448.0
1753592804051,05:06:44.051,phemex,ACH/USDT:USDT,0.02305,5588.0,0.02304,40082.0,0.02306,5588.0,0.02307,92448.0
1753592804116,05:06:44.116,phemex,ACH/USDT:USDT,0.02305,5588.0,0.02304,40082.0,0.02306,5588.0,0.02307,92448.0
1753592808145,05:06:48.145,phemex,ACH/USDT:USDT,0.02305,32085.0,0.02304,53226.0,0.02306,5588.0,0.02307,92448.0
1753592816248,05:06:56.248,phemex,ACH/USDT:USDT,0.02305,32085.0,0.02304,53226.0,0.02306,5588.0,0.02307,92448.0
1753592816256,05:06:56.256,phemex,ACH/USDT:USDT,0.02305,32085.0,0.02304,53226.0,0.02306,5588.0,0.02307,92448.0
1753592822056,05:07:02.056,phemex,ACH/USDT:USDT,0.02304,59512.0,0.02303,16582.0,0.02306,37297.0,0.02307,92448.0
1753592822100,05:07:02.100,phemex,ACH/USDT:USDT,0.02304,59512.0,0.02303,16582.0,0.02305,5489.0,0.02306,37297.0
1753592822334,05:07:02.334,phemex,ACH/USDT:USDT,0.02304,59512.0,0.02303,16582.0,0.02305,5489.0,0.02306,37297.0
1753592822334,05:07:02.334,phemex,ACH/USDT:USDT,0.02304,59512.0,0.02303,16582.0,0.02305,5489.0,0.02306,37297.0
1753592827321,05:07:07.321,phemex,ACH/USDT:USDT,0.02304,66848.0,0.02303,25647.0,0.02305,31624.0,0.02306,89118.0
1753592827627,05:07:07.627,phemex,ACH/USDT:USDT,0.02304,66848.0,0.02303,25647.0,0.02305,31624.0,0.02306,89118.0
1753592827677,05:07:07.677,phemex,ACH/USDT:USDT,0.02304,66848.0,0.02303,25647.0,0.02305,31624.0,0.02306,89118.0
1753592836611,05:07:16.611,phemex,ACH/USDT:USDT,0.02304,66848.0,0.02303,25647.0,0.02305,26135.0,0.02306,89118.0
1753592839427,05:07:19.427,phemex,ACH/USDT:USDT,0.02304,66848.0,0.02303,25647.0,0.02305,18903.0,0.02306,89118.0
1753592841861,05:07:21.861,phemex,ACH/USDT:USDT,0.02304,66848.0,0.02303,25647.0,0.02306,5588.0,0.02307,92448.0
1753592841884,05:07:21.884,phemex,ACH/USDT:USDT,0.02305,5422.0,0.02304,66848.0,0.02306,5588.0,0.02307,92448.0
1753592844469,05:07:24.469,phemex,ACH/USDT:USDT,0.02305,38393.0,0.02304,124258.0,0.02306,5588.0,0.02307,92448.0
1753592850117,05:07:30.117,phemex,ACH/USDT:USDT,0.02305,32971.0,0.02304,124258.0,0.02306,5588.0,0.02307,92448.0
1753592853679,05:07:33.679,phemex,ACH/USDT:USDT,0.02305,32051.0,0.02304,124258.0,0.02306,5588.0,0.02307,92448.0
1753592856557,05:07:36.557,phemex,ACH/USDT:USDT,0.02305,31626.0,0.02304,124258.0,0.02306,5588.0,0.02307,92448.0
1753592859929,05:07:39.929,phemex,ACH/USDT:USDT,0.02305,31531.0,0.02304,124258.0,0.02306,5588.0,0.02307,92448.0
1753592863569,05:07:43.569,phemex,ACH/USDT:USDT,0.02305,31531.0,0.02304,124258.0,0.02306,5588.0,0.02307,92448.0
1753592863590,05:07:43.590,phemex,ACH/USDT:USDT,0.02305,31531.0,0.02304,124258.0,0.02306,5588.0,0.02307,92448.0
1753592865545,05:07:45.545,phemex,ACH/USDT:USDT,0.02305,28531.0,0.02304,124258.0,0.02306,5588.0,0.02307,92448.0
1753592867719,05:07:47.719,phemex,ACH/USDT:USDT,0.02305,26281.0,0.02304,124258.0,0.02306,5588.0,0.02307,92448.0
1753592870047,05:07:50.047,phemex,ACH/USDT:USDT,0.02305,26281.0,0.02304,124258.0,0.02307,92448.0,0.02308,94498.0
1753592870121,05:07:50.121,phemex,ACH/USDT:USDT,0.02305,31722.0,0.02304,124258.0,0.02306,5441.0,0.02307,92448.0
1753592873301,05:07:53.301,phemex,ACH/USDT:USDT,0.02305,31352.0,0.02304,124258.0,0.02306,5441.0,0.02307,92448.0
1753592873823,05:07:53.823,phemex,ACH/USDT:USDT,0.02305,25911.0,0.02304,124258.0,0.02306,5441.0,0.02307,92448.0
1753592874651,05:07:54.651,phemex,ACH/USDT:USDT,0.02304,40082.0,0.02303,94958.0,0.02306,36985.0,0.02307,105693.0
1753592874682,05:07:54.682,phemex,ACH/USDT:USDT,0.02304,40082.0,0.02303,94958.0,0.02305,5441.0,0.02306,36985.0
1753592874944,05:07:54.944,phemex,ACH/USDT:USDT,0.02304,40082.0,0.02303,94958.0,0.02305,5441.0,0.02306,36985.0
1753592874993,05:07:54.993,phemex,ACH/USDT:USDT,0.02304,40082.0,0.02303,94958.0,0.02305,5441.0,0.02306,36985.0
1753592879040,05:07:59.040,phemex,ACH/USDT:USDT,0.02304,40082.0,0.02303,94958.0,0.02305,5441.0,0.02306,36985.0
1753592880047,05:08:00.047,phemex,ACH/USDT:USDT,0.02304,62297.0,0.02303,94958.0,0.02305,29260.0,0.02306,104156.0
1753592883584,05:08:03.584,phemex,ACH/USDT:USDT,0.02304,62297.0,0.02303,94958.0,0.02305,29260.0,0.02306,104156.0
1753592883584,05:08:03.584,phemex,ACH/USDT:USDT,0.02304,62297.0,0.02303,94958.0,0.02305,29260.0,0.02306,104156.0
1753592887445,05:08:07.445,phemex,ACH/USDT:USDT,0.02304,62297.0,0.02303,94958.0,0.02306,5441.0,0.02307,91248.0
1753592887466,05:08:07.466,phemex,ACH/USDT:USDT,0.02305,5368.0,0.02304,62297.0,0.02306,5441.0,0.02307,91248.0
1753592888316,05:08:08.316,phemex,ACH/USDT:USDT,0.02305,33707.0,0.02304,125226.0,0.02306,5441.0,0.02307,91248.0
1753592894975,05:08:14.975,phemex,ACH/USDT:USDT,0.02305,33707.0,0.02304,125226.0,0.02307,91248.0,0.02308,94498.0
1753592895029,05:08:15.029,phemex,ACH/USDT:USDT,0.02305,33707.0,0.02304,125226.0,0.02307,91248.0,0.02308,94498.0
1753592895059,05:08:15.059,phemex,ACH/USDT:USDT,0.02305,33707.0,0.02304,125226.0,0.02307,91248.0,0.02308,94498.0
1753592895134,05:08:15.134,phemex,ACH/USDT:USDT,0.02305,33707.0,0.02304,125226.0,0.02307,91248.0,0.02308,94498.0
1753592895211,05:08:15.211,phemex,ACH/USDT:USDT,0.02305,33707.0,0.02304,125226.0,0.02306,5394.0,0.02307,91248.0
1753592895598,05:08:15.598,phemex,ACH/USDT:USDT,0.02305,33707.0,0.02304,125226.0,0.02307,91248.0,0.02308,94498.0
1753592895626,05:08:15.626,phemex,ACH/USDT:USDT,0.02306,5394.0,0.02305,33707.0,0.02307,91248.0,0.02308,94498.0
1753592895986,05:08:15.986,phemex,ACH/USDT:USDT,0.02306,5394.0,0.02305,33707.0,0.02307,5413.0,0.02308,104314.0
1753592897527,05:08:17.527,phemex,ACH/USDT:USDT,0.02305,33707.0,0.02304,125226.0,0.02307,5413.0,0.02308,104314.0
1753592901149,05:08:21.149,phemex,ACH/USDT:USDT,0.02305,33707.0,0.02304,125226.0,0.02306,24862.0,0.02307,17470.0
1753592903302,05:08:23.302,phemex,ACH/USDT:USDT,0.02305,33707.0,0.02304,125226.0,0.02306,21322.0,0.02307,17470.0
1753592904242,05:08:24.242,phemex,ACH/USDT:USDT,0.02305,33707.0,0.02304,125226.0,0.02306,26783.0,0.02307,17470.0
1753592904621,05:08:24.621,phemex,ACH/USDT:USDT,0.02305,33707.0,0.02304,125226.0,0.02306,26783.0,0.02307,17470.0
1753592904645,05:08:24.645,phemex,ACH/USDT:USDT,0.02305,33707.0,0.02304,125226.0,0.02306,26783.0,0.02307,17470.0
1753592908393,05:08:28.393,phemex,ACH/USDT:USDT,0.02305,33707.0,0.02304,125226.0,0.02306,26783.0,0.02307,17470.0
1753592908515,05:08:28.515,phemex,ACH/USDT:USDT,0.02305,33707.0,0.02304,125226.0,0.02306,24033.0,0.02307,17470.0
1753592910143,05:08:30.143,phemex,ACH/USDT:USDT,0.02305,33707.0,0.02304,125226.0,0.02306,18572.0,0.02307,17470.0
1753592911205,05:08:31.205,phemex,ACH/USDT:USDT,0.02305,33707.0,0.02304,125226.0,0.02306,18462.0,0.02307,17470.0
1753592911597,05:08:31.597,phemex,ACH/USDT:USDT,0.02305,33707.0,0.02304,125226.0,0.02306,23833.0,0.02307,17470.0
1753592913194,05:08:33.194,phemex,ACH/USDT:USDT,0.02305,33707.0,0.02304,125226.0,0.02306,23833.0,0.02307,17470.0
1753592919543,05:08:39.543,phemex,ACH/USDT:USDT,0.02305,33707.0,0.02304,125226.0,0.02306,23833.0,0.02307,17470.0
1753592924570,05:08:44.570,phemex,ACH/USDT:USDT,0.02305,33707.0,0.02304,125226.0,0.02306,23833.0,0.02307,17470.0
1753592925162,05:08:45.162,phemex,ACH/USDT:USDT,0.02305,33707.0,0.02304,125226.0,0.02306,5371.0,0.02307,29828.0
1753592929193,05:08:49.193,phemex,ACH/USDT:USDT,0.02305,33707.0,0.02304,125226.0,0.02306,5371.0,0.02307,29828.0
1753592931594,05:08:51.594,phemex,ACH/USDT:USDT,0.02305,33707.0,0.02304,125226.0,0.02306,25214.0,0.02307,180688.0
1753592931595,05:08:51.595,phemex,ACH/USDT:USDT,0.02305,33707.0,0.02304,125226.0,0.02306,33099.0,0.02307,190644.0
1753592933995,05:08:53.995,phemex,ACH/USDT:USDT,0.02305,33707.0,0.02304,125226.0,0.02306,33099.0,0.02307,190644.0
1753592934043,05:08:54.043,phemex,ACH/USDT:USDT,0.02305,33707.0,0.02304,125226.0,0.02306,33099.0,0.02307,190644.0
1753592934683,05:08:54.683,phemex,ACH/USDT:USDT,0.02305,28339.0,0.02304,125226.0,0.02306,33099.0,0.02307,190644.0
1753592934753,05:08:54.753,phemex,ACH/USDT:USDT,0.02305,28339.0,0.02304,125226.0,0.02306,33099.0,0.02307,190644.0
1753592935133,05:08:55.133,phemex,ACH/USDT:USDT,0.02305,20852.0,0.02304,125226.0,0.02306,33099.0,0.02307,190644.0
1753592938059,05:08:58.059,phemex,ACH/USDT:USDT,0.02305,20442.0,0.02304,125226.0,0.02306,33099.0,0.02307,190644.0
1753592938059,05:08:58.059,phemex,ACH/USDT:USDT,0.02305,20442.0,0.02304,125226.0,0.02306,33099.0,0.02307,190644.0
1753592945874,05:09:05.874,phemex,ACH/USDT:USDT,0.02305,20212.0,0.02304,125226.0,0.02306,33099.0,0.02307,190644.0
1753592956076,05:09:16.076,phemex,ACH/USDT:USDT,0.02305,25822.0,0.02304,125226.0,0.02306,33099.0,0.02307,190644.0
1753592962438,05:09:22.438,phemex,ACH/USDT:USDT,0.02305,25822.0,0.02304,125226.0,0.02306,33099.0,0.02307,190644.0
1753592962445,05:09:22.445,phemex,ACH/USDT:USDT,0.02305,25822.0,0.02304,125226.0,0.02306,33099.0,0.02307,190644.0
1753592966514,05:09:26.514,phemex,ACH/USDT:USDT,0.02305,25822.0,0.02304,125226.0,0.02306,33099.0,0.02307,190644.0
1753592970883,05:09:30.883,phemex,ACH/USDT:USDT,0.02305,25742.0,0.02304,125226.0,0.02306,33099.0,0.02307,190644.0
1753592974466,05:09:34.466,phemex,ACH/USDT:USDT,0.02305,20132.0,0.02304,125226.0,0.02306,33099.0,0.02307,190644.0
1753592979443,05:09:39.443,phemex,ACH/USDT:USDT,0.02305,19957.0,0.02304,125226.0,0.02306,33099.0,0.02307,190644.0
1753592991614,05:09:51.614,phemex,ACH/USDT:USDT,0.02305,28469.0,0.02304,125226.0,0.02306,33099.0,0.02307,15369.0
1753592997782,05:09:57.782,phemex,ACH/USDT:USDT,0.02305,28389.0,0.02304,125226.0,0.02306,33099.0,0.02307,15369.0
1753593002568,05:10:02.568,phemex,ACH/USDT:USDT,0.02304,40082.0,0.02303,107192.0,0.02306,33099.0,0.02307,15369.0
1753593002601,05:10:02.601,phemex,ACH/USDT:USDT,0.02304,40082.0,0.02303,107192.0,0.02305,5544.0,0.02306,33099.0
1753593003252,05:10:03.252,phemex,ACH/USDT:USDT,0.02304,40082.0,0.02303,107192.0,0.02305,28579.0,0.02306,79683.0
1753593003252,05:10:03.252,phemex,ACH/USDT:USDT,0.02304,40082.0,0.02303,107192.0,0.02305,28579.0,0.02306,79683.0
1753593005246,05:10:05.246,phemex,ACH/USDT:USDT,0.02304,40082.0,0.02303,107192.0,0.02306,5371.0,0.02307,80894.0
1753593005287,05:10:05.287,phemex,ACH/USDT:USDT,0.02305,5544.0,0.02304,40082.0,0.02306,5371.0,0.02307,80894.0
1753593007586,05:10:07.586,phemex,ACH/USDT:USDT,0.02305,35222.0,0.02304,40082.0,0.02306,5371.0,0.02307,80894.0
1753593017851,05:10:17.851,phemex,ACH/USDT:USDT,0.02305,5544.0,0.02304,65945.0,0.02306,29352.0,0.02307,80894.0
1753593018444,05:10:18.444,phemex,ACH/USDT:USDT,0.02304,65945.0,0.02303,5389.0,0.02306,29352.0,0.02307,80894.0
1753593018486,05:10:18.486,phemex,ACH/USDT:USDT,0.02305,5572.0,0.02304,65945.0,0.02306,29352.0,0.02307,80894.0
1753593025405,05:10:25.405,phemex,ACH/USDT:USDT,0.02304,65945.0,0.02303,5389.0,0.02306,29352.0,0.02307,80894.0
1753593025428,05:10:25.428,phemex,ACH/USDT:USDT,0.02304,65945.0,0.02303,5389.0,0.02305,5572.0,0.02306,29352.0
1753593030733,05:10:30.733,phemex,ACH/USDT:USDT,0.02304,65945.0,0.02303,5389.0,0.02306,29352.0,0.02307,80894.0
1753593030814,05:10:30.814,phemex,ACH/USDT:USDT,0.02304,65945.0,0.02303,5389.0,0.02306,29352.0,0.02307,80894.0
1753593030840,05:10:30.840,phemex,ACH/USDT:USDT,0.02305,5408.0,0.02304,65945.0,0.02306,29352.0,0.02307,80894.0
1753593031362,05:10:31.362,phemex,ACH/USDT:USDT,0.02305,28057.0,0.02304,154140.0,0.02306,29352.0,0.02307,80894.0
1753593031683,05:10:31.683,phemex,ACH/USDT:USDT,0.02305,28057.0,0.02304,154140.0,0.02306,29352.0,0.02307,80894.0
1753593033515,05:10:33.515,phemex,ACH/USDT:USDT,0.02305,28057.0,0.02304,154140.0,0.02306,23981.0,0.02307,80894.0
1753593033670,05:10:33.670,phemex,ACH/USDT:USDT,0.02305,28057.0,0.02304,154140.0,0.02306,13981.0,0.02307,80894.0
1753593038444,05:10:38.444,phemex,ACH/USDT:USDT,0.02305,28057.0,0.02304,154140.0,0.02307,5413.0,0.02308,88079.0
1753593038492,05:10:38.492,phemex,ACH/USDT:USDT,0.02306,5398.0,0.02305,28057.0,0.02307,5413.0,0.02308,88079.0
1753593038499,05:10:38.499,phemex,ACH/USDT:USDT,0.02306,5398.0,0.02305,28057.0,0.02307,5413.0,0.02308,88079.0
1753593038649,05:10:38.649,phemex,ACH/USDT:USDT,0.02306,5398.0,0.02305,28057.0,0.02307,5413.0,0.02308,88079.0
1753593039053,05:10:39.053,phemex,ACH/USDT:USDT,0.02306,26328.0,0.02305,98423.0,0.02307,5413.0,0.02308,88079.0
1753593044415,05:10:44.415,phemex,ACH/USDT:USDT,0.02306,26328.0,0.02305,98423.0,0.02308,88079.0,0.02309,72291.0
1753593044563,05:10:44.563,phemex,ACH/USDT:USDT,0.02306,26328.0,0.02305,98423.0,0.02307,5398.0,0.02308,88079.0
1753593047575,05:10:47.575,phemex,ACH/USDT:USDT,0.02306,26328.0,0.02305,98423.0,0.02307,5398.0,0.02308,88079.0
1753593051477,05:10:51.477,phemex,ACH/USDT:USDT,0.02306,26328.0,0.02305,98423.0,0.02307,5398.0,0.02308,88079.0
1753593060357,05:11:00.357,phemex,ACH/USDT:USDT,0.02306,20930.0,0.02305,98423.0,0.02307,5398.0,0.02308,88079.0
1753593060477,05:11:00.477,phemex,ACH/USDT:USDT,0.02306,15930.0,0.02305,98423.0,0.02307,5398.0,0.02308,88079.0
1753593061539,05:11:01.539,phemex,ACH/USDT:USDT,0.02306,15930.0,0.02305,98423.0,0.02307,5398.0,0.02308,88079.0
1753593061539,05:11:01.539,phemex,ACH/USDT:USDT,0.02306,15930.0,0.02305,98423.0,0.02307,5398.0,0.02308,88079.0
1753593064645,05:11:04.645,phemex,ACH/USDT:USDT,0.02306,14550.0,0.02305,98423.0,0.02307,5398.0,0.02308,88079.0
1753593065405,05:11:05.405,phemex,ACH/USDT:USDT,0.02306,20113.0,0.02305,98423.0,0.02307,5398.0,0.02308,88079.0
1753593068336,05:11:08.336,phemex,ACH/USDT:USDT,0.02306,19143.0,0.02305,98423.0,0.02307,5398.0,0.02308,88079.0
1753593070201,05:11:10.201,phemex,ACH/USDT:USDT,0.02306,19143.0,0.02305,98423.0,0.02307,5398.0,0.02308,88079.0
1753593070284,05:11:10.284,phemex,ACH/USDT:USDT,0.02306,19143.0,0.02305,98423.0,0.02307,5398.0,0.02308,88079.0
1753593070905,05:11:10.905,phemex,ACH/USDT:USDT,0.02306,13580.0,0.02305,98423.0,0.02307,5398.0,0.02308,88079.0
1753593071209,05:11:11.209,phemex,ACH/USDT:USDT,0.02306,5776.0,0.02305,5408.0,0.02307,24801.0,0.02308,88079.0
1753593071209,05:11:11.209,phemex,ACH/USDT:USDT,0.02305,5408.0,0.02304,139871.0,0.02307,33985.0,0.02308,99387.0
1753593071235,05:11:11.235,phemex,ACH/USDT:USDT,0.02305,5408.0,0.02304,139871.0,0.02306,5403.0,0.02307,33985.0
1753593075021,05:11:15.021,phemex,ACH/USDT:USDT,0.02305,5408.0,0.02304,139871.0,0.02306,5403.0,0.02307,33985.0
1753593075052,05:11:15.052,phemex,ACH/USDT:USDT,0.02305,5408.0,0.02304,139871.0,0.02306,5403.0,0.02307,33985.0
1753593079661,05:11:19.661,phemex,ACH/USDT:USDT,0.02305,5408.0,0.02304,139871.0,0.02307,33985.0,0.02308,99387.0
1753593079701,05:11:19.701,phemex,ACH/USDT:USDT,0.02305,5408.0,0.02304,139871.0,0.02306,5364.0,0.02307,33985.0
1753593080814,05:11:20.814,phemex,ACH/USDT:USDT,0.02305,5408.0,0.02304,139871.0,0.02307,33985.0,0.02308,99387.0
1753593080832,05:11:20.832,phemex,ACH/USDT:USDT,0.02305,5408.0,0.02304,139871.0,0.02307,33985.0,0.02308,99387.0
1753593080922,05:11:20.922,phemex,ACH/USDT:USDT,0.02305,5408.0,0.02304,139871.0,0.02306,5364.0,0.02307,33985.0
1753593080991,05:11:20.991,phemex,ACH/USDT:USDT,0.02305,5408.0,0.02304,139871.0,0.02307,33985.0,0.02308,99387.0
1753593081012,05:11:21.012,phemex,ACH/USDT:USDT,0.02305,5408.0,0.02304,139871.0,0.02307,33985.0,0.02308,99387.0
1753593081072,05:11:21.072,phemex,ACH/USDT:USDT,0.02305,5408.0,0.02304,139871.0,0.02306,5364.0,0.02307,33985.0
1753593081637,05:11:21.637,phemex,ACH/USDT:USDT,0.02305,5408.0,0.02304,139871.0,0.02307,33985.0,0.02308,99387.0
1753593081658,05:11:21.658,phemex,ACH/USDT:USDT,0.02305,5408.0,0.02304,139871.0,0.02307,33985.0,0.02308,99387.0
1753593082204,05:11:22.204,phemex,ACH/USDT:USDT,0.02306,32044.0,0.02305,5408.0,0.02307,33985.0,0.02308,99387.0
1753593083062,05:11:23.062,phemex,ACH/USDT:USDT,0.02305,36665.0,0.02304,40082.0,0.02307,33985.0,0.02308,99387.0
1753593083089,05:11:23.089,phemex,ACH/USDT:USDT,0.02305,36665.0,0.02304,40082.0,0.02306,5364.0,0.02307,33985.0
1753593085208,05:11:25.208,phemex,ACH/USDT:USDT,0.02305,36665.0,0.02304,40082.0,0.02306,26951.0,0.02307,33985.0
1753593085209,05:11:25.209,phemex,ACH/USDT:USDT,0.02305,36665.0,0.02304,40082.0,0.02306,36379.0,0.02307,98365.0
1753593088118,05:11:28.118,phemex,ACH/USDT:USDT,0.02305,36665.0,0.02304,5514.0,0.02306,36379.0,0.02307,98365.0
1753593088153,05:11:28.153,phemex,ACH/USDT:USDT,0.02305,36665.0,0.02304,39935.0,0.02306,36379.0,0.02307,98365.0
1753593090084,05:11:30.084,phemex,ACH/USDT:USDT,0.02305,36665.0,0.02304,39935.0,0.02306,31015.0,0.02307,98365.0
1753593090656,05:11:30.656,phemex,ACH/USDT:USDT,0.02305,36665.0,0.02304,39935.0,0.02306,30015.0,0.02307,98365.0
1753593093116,05:11:33.116,phemex,ACH/USDT:USDT,0.02305,36665.0,0.02304,39935.0,0.02306,29715.0,0.02307,98365.0
1753593096864,05:11:36.864,phemex,ACH/USDT:USDT,0.02305,36665.0,0.02304,39935.0,0.02306,9428.0,0.02307,78962.0
1753593096865,05:11:36.865,phemex,ACH/USDT:USDT,0.02305,36665.0,0.02304,39935.0,0.02307,5398.0,0.02308,87103.0
1753593096901,05:11:36.901,phemex,ACH/USDT:USDT,0.02306,26674.0,0.02305,189245.0,0.02307,5398.0,0.02308,87103.0
1753593096981,05:11:36.981,phemex,ACH/USDT:USDT,0.02306,32066.0,0.02305,189245.0,0.02307,5398.0,0.02308,87103.0
1753593096991,05:11:36.991,phemex,ACH/USDT:USDT,0.02306,32066.0,0.02305,189245.0,0.02307,5398.0,0.02308,87103.0
1753593097228,05:11:37.228,phemex,ACH/USDT:USDT,0.02306,32066.0,0.02305,189245.0,0.02307,5398.0,0.02308,87103.0
1753593102763,05:11:42.763,phemex,ACH/USDT:USDT,0.02306,30536.0,0.02305,189245.0,0.02307,5398.0,0.02308,87103.0
1753593103553,05:11:43.553,phemex,ACH/USDT:USDT,0.02306,30536.0,0.02305,189245.0,0.02308,87103.0,0.02309,84713.0
1753593103624,05:11:43.624,phemex,ACH/USDT:USDT,0.02306,30536.0,0.02305,189245.0,0.02307,5463.0,0.02308,87103.0
1753593106619,05:11:46.619,phemex,ACH/USDT:USDT,0.02306,29286.0,0.02305,189245.0,0.02307,5463.0,0.02308,87103.0
1753593110124,05:11:50.124,phemex,ACH/USDT:USDT,0.02306,29286.0,0.02305,189245.0,0.02307,5463.0,0.02308,87103.0
1753593110132,05:11:50.132,phemex,ACH/USDT:USDT,0.02306,63690.0,0.02305,189245.0,0.02307,5463.0,0.02308,87103.0
1753593113741,05:11:53.741,phemex,ACH/USDT:USDT,0.02306,63165.0,0.02305,189245.0,0.02307,5463.0,0.02308,87103.0
1753593113741,05:11:53.741,phemex,ACH/USDT:USDT,0.02306,63165.0,0.02305,189245.0,0.02307,5463.0,0.02308,87103.0
1753593128818,05:12:08.818,phemex,ACH/USDT:USDT,0.02306,63020.0,0.02305,189245.0,0.02307,5463.0,0.02308,87103.0
1753593135117,05:12:15.117,phemex,ACH/USDT:USDT,0.02306,63020.0,0.02305,189245.0,0.02308,87103.0,0.02309,84713.0
1753593135177,05:12:15.177,phemex,ACH/USDT:USDT,0.02307,5626.0,0.02306,63020.0,0.02308,87103.0,0.02309,84713.0
1753593135179,05:12:15.179,phemex,ACH/USDT:USDT,0.02307,5626.0,0.02306,63020.0,0.02308,87103.0,0.02309,84713.0
1753593135252,05:12:15.252,phemex,ACH/USDT:USDT,0.02307,5626.0,0.02306,63020.0,0.02308,5631.0,0.02309,84713.0
1753593135434,05:12:15.434,phemex,ACH/USDT:USDT,0.02307,29422.0,0.02306,119190.0,0.02308,5631.0,0.02309,84713.0
1753593136746,05:12:16.746,phemex,ACH/USDT:USDT,0.02307,14774.0,0.02306,51986.0,0.02308,5631.0,0.02309,84713.0
1753593136748,05:12:16.748,phemex,ACH/USDT:USDT,0.02306,39796.0,0.02305,180688.0,0.02308,5631.0,0.02309,84713.0
1753593139803,05:12:19.803,phemex,ACH/USDT:USDT,0.02307,5612.0,0.02306,39796.0,0.02308,5631.0,0.02309,84713.0
1753593140267,05:12:20.267,phemex,ACH/USDT:USDT,0.02307,5612.0,0.02306,39796.0,0.02308,33466.0,0.02309,93772.0
1753593140267,05:12:20.267,phemex,ACH/USDT:USDT,0.02307,5612.0,0.02306,39796.0,0.02308,33466.0,0.02309,93772.0
1753593141933,05:12:21.933,phemex,ACH/USDT:USDT,0.02306,39796.0,0.02305,180688.0,0.02308,33466.0,0.02309,93772.0
1753593141943,05:12:21.943,phemex,ACH/USDT:USDT,0.02306,39796.0,0.02305,180688.0,0.02307,5612.0,0.02308,33466.0
1753593142015,05:12:22.015,phemex,ACH/USDT:USDT,0.02306,64519.0,0.02305,5408.0,0.02307,5612.0,0.02308,33466.0
1753593142015,05:12:22.015,phemex,ACH/USDT:USDT,0.02306,64519.0,0.02305,5408.0,0.02307,5612.0,0.02308,33466.0
1753593145798,05:12:25.798,phemex,ACH/USDT:USDT,0.02306,64519.0,0.02305,5408.0,0.02307,26725.0,0.02308,91937.0
1753593147056,05:12:27.056,phemex,ACH/USDT:USDT,0.02306,64519.0,0.02305,5408.0,0.02307,21113.0,0.02308,91937.0
1753593148040,05:12:28.040,phemex,ACH/USDT:USDT,0.02306,64519.0,0.02305,5408.0,0.02307,18846.0,0.02308,91937.0
1753593152562,05:12:32.562,phemex,ACH/USDT:USDT,0.02307,28617.0,0.02306,195655.0,0.02308,5631.0,0.02309,86364.0
1753593152612,05:12:32.612,phemex,ACH/USDT:USDT,0.02307,28617.0,0.02306,195655.0,0.02308,5631.0,0.02309,86364.0
1753593153597,05:12:33.597,phemex,ACH/USDT:USDT,0.02306,39796.0,0.02305,68042.0,0.02308,5631.0,0.02309,86364.0
1753593157568,05:12:37.568,phemex,ACH/USDT:USDT,0.02306,39796.0,0.02305,68042.0,0.02307,15189.0,0.02308,5631.0
1753593157594,05:12:37.594,phemex,ACH/USDT:USDT,0.02306,39796.0,0.02305,68042.0,0.02307,21724.0,0.02308,84942.0
1753593158240,05:12:38.240,phemex,ACH/USDT:USDT,0.02306,39796.0,0.02305,68042.0,0.02308,19988.0,0.02309,86364.0
1753593158269,05:12:38.269,phemex,ACH/USDT:USDT,0.02307,5397.0,0.02306,39796.0,0.02308,5631.0,0.02309,86364.0
1753593158795,05:12:38.795,phemex,ACH/USDT:USDT,0.02307,29351.0,0.02306,63785.0,0.02308,5631.0,0.02309,86364.0
1753593159124,05:12:39.124,phemex,ACH/USDT:USDT,0.02307,5397.0,0.02306,57597.0,0.02308,5631.0,0.02309,86364.0
1753593159418,05:12:39.418,phemex,ACH/USDT:USDT,0.02306,57597.0,0.02305,5408.0,0.02308,5631.0,0.02309,86364.0
1753593159462,05:12:39.462,phemex,ACH/USDT:USDT,0.02307,5397.0,0.02306,57597.0,0.02308,5631.0,0.02309,86364.0
1753593167296,05:12:47.296,phemex,ACH/USDT:USDT,0.02306,57597.0,0.02305,5408.0,0.02308,5631.0,0.02309,86364.0
1753593167668,05:12:47.668,phemex,ACH/USDT:USDT,0.02306,66037.0,0.02305,20321.0,0.02307,24424.0,0.02308,101695.0
1753593167722,05:12:47.722,phemex,ACH/USDT:USDT,0.02306,66037.0,0.02305,20321.0,0.02308,5631.0,0.02309,86364.0
1753593167753,05:12:47.753,phemex,ACH/USDT:USDT,0.02306,66037.0,0.02305,20321.0,0.02308,5631.0,0.02309,86364.0
1753593168770,05:12:48.770,phemex,ACH/USDT:USDT,0.02306,66037.0,0.02305,20321.0,0.02308,5631.0,0.02309,86364.0
1753593168778,05:12:48.778,phemex,ACH/USDT:USDT,0.02306,66037.0,0.02305,20321.0,0.02308,5631.0,0.02309,86364.0
1753593172725,05:12:52.725,phemex,ACH/USDT:USDT,0.02306,66037.0,0.02305,20321.0,0.02307,26740.0,0.02308,16649.0
1753593173082,05:12:53.082,phemex,ACH/USDT:USDT,0.02306,60645.0,0.02305,20321.0,0.02307,26740.0,0.02308,16649.0
1753593173155,05:12:53.155,phemex,ACH/USDT:USDT,0.02306,60645.0,0.02305,20321.0,0.02307,26740.0,0.02308,16649.0
1753593173204,05:12:53.204,phemex,ACH/USDT:USDT,0.02306,34404.0,0.02305,28049.0,0.02307,26740.0,0.02308,16649.0
1753593173397,05:12:53.397,phemex,ACH/USDT:USDT,0.02306,34404.0,0.02305,28049.0,0.02307,32122.0,0.02308,16649.0
1753593173508,05:12:53.508,phemex,ACH/USDT:USDT,0.02306,34404.0,0.02305,28049.0,0.02307,32122.0,0.02308,16649.0
1753593173751,05:12:53.751,phemex,ACH/USDT:USDT,0.02306,34404.0,0.02305,28049.0,0.02307,32122.0,0.02308,16649.0
1753593176801,05:12:56.801,phemex,ACH/USDT:USDT,0.02306,34404.0,0.02305,28049.0,0.02307,30892.0,0.02308,16649.0
1753593180388,05:13:00.388,phemex,ACH/USDT:USDT,0.02306,34404.0,0.02305,28049.0,0.02307,29767.0,0.02308,16649.0
1753593180748,05:13:00.748,phemex,ACH/USDT:USDT,0.02306,64649.0,0.02305,78568.0,0.02307,29767.0,0.02308,16649.0
1753593181260,05:13:01.260,phemex,ACH/USDT:USDT,0.02306,30245.0,0.02305,78568.0,0.02307,29767.0,0.02308,16649.0
1753593181269,05:13:01.269,phemex,ACH/USDT:USDT,0.02306,30245.0,0.02305,78568.0,0.02307,29767.0,0.02308,16649.0
1753593181269,05:13:01.269,phemex,ACH/USDT:USDT,0.02306,30245.0,0.02305,78568.0,0.02307,29767.0,0.02308,16649.0
1753593189714,05:13:09.714,phemex,ACH/USDT:USDT,0.02306,30245.0,0.02305,78568.0,0.02307,29687.0,0.02308,16649.0
1753593192929,05:13:12.929,phemex,ACH/USDT:USDT,0.02306,30245.0,0.02305,78568.0,0.02307,27962.0,0.02308,16649.0
1753593194395,05:13:14.395,phemex,ACH/USDT:USDT,0.02306,30076.0,0.02305,78568.0,0.02307,27962.0,0.02308,16649.0
1753593197260,05:13:17.260,phemex,ACH/USDT:USDT,0.02306,30076.0,0.02305,78568.0,0.02307,27812.0,0.02308,16649.0
1753593198251,05:13:18.251,phemex,ACH/USDT:USDT,0.02305,5408.0,0.02304,114925.0,0.02307,27812.0,0.02308,16649.0
1753593198654,05:13:18.654,phemex,ACH/USDT:USDT,0.02305,5408.0,0.02304,114925.0,0.02307,27812.0,0.02308,16649.0
1753593198747,05:13:18.747,phemex,ACH/USDT:USDT,0.02305,5408.0,0.02304,114925.0,0.02306,5472.0,0.02307,27812.0
1753593198994,05:13:18.994,phemex,ACH/USDT:USDT,0.02305,5408.0,0.02304,114925.0,0.02306,5472.0,0.02307,27812.0
1753593200137,05:13:20.137,phemex,ACH/USDT:USDT,0.02305,5408.0,0.02304,114925.0,0.02307,27812.0,0.02308,16649.0
1753593200300,05:13:20.300,phemex,ACH/USDT:USDT,0.02305,5408.0,0.02304,114925.0,0.02307,27812.0,0.02308,16649.0
1753593201242,05:13:21.242,phemex,ACH/USDT:USDT,0.02305,5408.0,0.02304,114925.0,0.02307,27302.0,0.02308,16649.0
1753593204020,05:13:24.020,phemex,ACH/USDT:USDT,0.02306,31087.0,0.02305,5408.0,0.02307,27302.0,0.02308,16649.0
1753593204321,05:13:24.321,phemex,ACH/USDT:USDT,0.02305,36789.0,0.02304,5514.0,0.02307,27302.0,0.02308,16649.0
1753593204372,05:13:24.372,phemex,ACH/USDT:USDT,0.02305,36789.0,0.02304,16574.0,0.02306,30972.0,0.02307,197071.0
1753593204705,05:13:24.705,phemex,ACH/USDT:USDT,0.02305,36789.0,0.02304,16574.0,0.02306,30972.0,0.02307,197071.0
1753593204714,05:13:24.714,phemex,ACH/USDT:USDT,0.02305,36789.0,0.02304,16574.0,0.02306,30972.0,0.02307,197071.0
1753593206097,05:13:26.097,phemex,ACH/USDT:USDT,0.02305,36789.0,0.02304,16574.0,0.02307,5382.0,0.02308,76927.0
1753593206106,05:13:26.106,phemex,ACH/USDT:USDT,0.02306,5472.0,0.02305,36789.0,0.02307,5382.0,0.02308,76927.0
1753593207807,05:13:27.807,phemex,ACH/USDT:USDT,0.02305,36789.0,0.02304,16574.0,0.02307,5382.0,0.02308,76927.0
1753593207855,05:13:27.855,phemex,ACH/USDT:USDT,0.02306,5472.0,0.02305,36789.0,0.02307,5382.0,0.02308,76927.0
1753593213528,05:13:33.528,phemex,ACH/USDT:USDT,0.02305,36789.0,0.02304,16574.0,0.02307,5382.0,0.02308,76927.0
1753593213595,05:13:33.595,phemex,ACH/USDT:USDT,0.02305,36789.0,0.02304,16574.0,0.02306,19915.0,0.02307,89987.0
1753593213620,05:13:33.620,phemex,ACH/USDT:USDT,0.02305,36789.0,0.02304,16574.0,0.02306,28482.0,0.02307,101540.0
1753593218112,05:13:38.112,phemex,ACH/USDT:USDT,0.02305,36789.0,0.02304,16574.0,0.02306,28032.0,0.02307,101540.0
1753593218636,05:13:38.636,phemex,ACH/USDT:USDT,0.02305,36789.0,0.02304,16574.0,0.02306,28032.0,0.02307,101540.0
1753593218665,05:13:38.665,phemex,ACH/USDT:USDT,0.02305,36789.0,0.02304,16574.0,0.02306,28032.0,0.02307,101540.0
1753593222290,05:13:42.290,phemex,ACH/USDT:USDT,0.02305,36789.0,0.02304,16574.0,0.02307,5382.0,0.02308,88141.0
1753593222294,05:13:42.294,phemex,ACH/USDT:USDT,0.02306,9495.0,0.02305,39836.0,0.02307,5382.0,0.02308,88141.0
1753593222391,05:13:42.391,phemex,ACH/USDT:USDT,0.02306,15018.0,0.02305,39836.0,0.02307,5382.0,0.02308,88141.0
1753593222451,05:13:42.451,phemex,ACH/USDT:USDT,0.02306,15018.0,0.02305,39836.0,0.02307,5382.0,0.02308,88141.0
1753593222480,05:13:42.480,phemex,ACH/USDT:USDT,0.02306,15018.0,0.02305,39836.0,0.02307,5382.0,0.02308,88141.0
1753593224365,05:13:44.365,phemex,ACH/USDT:USDT,0.02306,35913.0,0.02305,165668.0,0.02307,5382.0,0.02308,88141.0
1753593224554,05:13:44.554,phemex,ACH/USDT:USDT,0.02305,5408.0,0.02304,16574.0,0.02307,5382.0,0.02308,88141.0
1753593226213,05:13:46.213,phemex,ACH/USDT:USDT,0.02305,5408.0,0.02304,16574.0,0.02307,5382.0,0.02308,88141.0
1753593227296,05:13:47.296,phemex,ACH/USDT:USDT,0.02305,5408.0,0.02304,16574.0,0.02306,31248.0,0.02307,89860.0
1753593232238,05:13:52.238,phemex,ACH/USDT:USDT,0.02305,5408.0,0.02304,16574.0,0.02306,31248.0,0.02307,89860.0
1753593232463,05:13:52.463,phemex,ACH/USDT:USDT,0.02305,5408.0,0.02304,16574.0,0.02306,31248.0,0.02307,89860.0
1753593234089,05:13:54.089,phemex,ACH/USDT:USDT,0.02305,5408.0,0.02304,16574.0,0.02306,30473.0,0.02307,89860.0
1753593240412,05:14:00.412,phemex,ACH/USDT:USDT,0.02304,16574.0,0.02303,200745.0,0.02306,30473.0,0.02307,89860.0
1753593240463,05:14:00.463,phemex,ACH/USDT:USDT,0.02304,25923.0,0.02303,65670.0,0.02306,30473.0,0.02307,89860.0
1753593240494,05:14:00.494,phemex,ACH/USDT:USDT,0.02304,25923.0,0.02303,65670.0,0.02305,28579.0,0.02306,98570.0
1753593242064,05:14:02.064,phemex,ACH/USDT:USDT,0.02304,25923.0,0.02303,65670.0,0.02305,28579.0,0.02306,98570.0
1753593242280,05:14:02.280,phemex,ACH/USDT:USDT,0.02304,25923.0,0.02303,65670.0,0.02305,28579.0,0.02306,98570.0
1753593243540,05:14:03.540,phemex,ACH/USDT:USDT,0.02304,25923.0,0.02303,65670.0,0.02305,27909.0,0.02306,98570.0
1753593243540,05:14:03.540,phemex,ACH/USDT:USDT,0.02304,25923.0,0.02303,65670.0,0.02305,27909.0,0.02306,98570.0
1753593244845,05:14:04.845,phemex,ACH/USDT:USDT,0.02304,25923.0,0.02303,65670.0,0.02305,27579.0,0.02306,98570.0
1753593245610,05:14:05.610,phemex,ACH/USDT:USDT,0.02304,25923.0,0.02303,65670.0,0.02305,27579.0,0.02306,98570.0
1753593245617,05:14:05.617,phemex,ACH/USDT:USDT,0.02304,25923.0,0.02303,65670.0,0.02305,27579.0,0.02306,98570.0
1753593250310,05:14:10.310,phemex,ACH/USDT:USDT,0.02304,25923.0,0.02303,65670.0,0.02305,27459.0,0.02306,98570.0
1753593250830,05:14:10.830,phemex,ACH/USDT:USDT,0.02304,25923.0,0.02303,65670.0,0.02305,21950.0,0.02306,98570.0
1753593250862,05:14:10.862,phemex,ACH/USDT:USDT,0.02304,25923.0,0.02303,65670.0,0.02305,21950.0,0.02306,98570.0
1753593250876,05:14:10.876,phemex,ACH/USDT:USDT,0.02304,25923.0,0.02303,65670.0,0.02305,21950.0,0.02306,98570.0
1753593254083,05:14:14.083,phemex,ACH/USDT:USDT,0.02304,33034.0,0.02303,40003.0,0.02307,109167.0,0.02308,65909.0
1753593254096,05:14:14.096,phemex,ACH/USDT:USDT,0.02305,19088.0,0.02304,87986.0,0.02307,109167.0,0.02308,65909.0
1753593254118,05:14:14.118,phemex,ACH/USDT:USDT,0.02305,24649.0,0.02304,87986.0,0.02307,109167.0,0.02308,65909.0
1753593254169,05:14:14.169,phemex,ACH/USDT:USDT,0.02305,24649.0,0.02304,87986.0,0.02306,5561.0,0.02307,109167.0
1753593254177,05:14:14.177,phemex,ACH/USDT:USDT,0.02305,24649.0,0.02304,87986.0,0.02306,5561.0,0.02307,109167.0
1753593255416,05:14:15.416,phemex,ACH/USDT:USDT,0.02305,24649.0,0.02304,87986.0,0.02306,5561.0,0.02307,109167.0
1753593259286,05:14:19.286,phemex,ACH/USDT:USDT,0.02305,30400.0,0.02304,110610.0,0.02306,14619.0,0.02307,89860.0
1753593259336,05:14:19.336,phemex,ACH/USDT:USDT,0.02305,30400.0,0.02304,110610.0,0.02306,9058.0,0.02307,89860.0
1753593260208,05:14:20.208,phemex,ACH/USDT:USDT,0.02305,30400.0,0.02304,110610.0,0.02306,9058.0,0.02307,89860.0
1753593260217,05:14:20.217,phemex,ACH/USDT:USDT,0.02305,30400.0,0.02304,110610.0,0.02306,9058.0,0.02307,89860.0
1753593264375,05:14:24.375,phemex,ACH/USDT:USDT,0.02306,5442.0,0.02305,30400.0,0.02307,11336.0,0.02308,76422.0
1753593264939,05:14:24.939,phemex,ACH/USDT:USDT,0.02306,34511.0,0.02305,94307.0,0.02307,11336.0,0.02308,76422.0
1753593266327,05:14:26.327,phemex,ACH/USDT:USDT,0.02306,5442.0,0.02305,5561.0,0.02307,11336.0,0.02308,76422.0
1753593266337,05:14:26.337,phemex,ACH/USDT:USDT,0.02305,5561.0,0.02304,80875.0,0.02307,11336.0,0.02308,76422.0
1753593267629,05:14:27.629,phemex,ACH/USDT:USDT,0.02305,5561.0,0.02304,80875.0,0.02306,5442.0,0.02307,11336.0
1753593268786,05:14:28.786,phemex,ACH/USDT:USDT,0.02305,5561.0,0.02304,80875.0,0.02306,5442.0,0.02307,5382.0
1753593268796,05:14:28.796,phemex,ACH/USDT:USDT,0.02305,14237.0,0.02304,80875.0,0.02307,5382.0,0.02308,5631.0
1753593268824,05:14:28.824,phemex,ACH/USDT:USDT,0.02306,5422.0,0.02305,14237.0,0.02308,5631.0,0.02309,93633.0
1753593268847,05:14:28.847,phemex,ACH/USDT:USDT,0.02306,5422.0,0.02305,14237.0,0.02308,5631.0,0.02309,93633.0
1753593268893,05:14:28.893,phemex,ACH/USDT:USDT,0.02306,5422.0,0.02305,14237.0,0.02308,5631.0,0.02309,93633.0
1753593268901,05:14:28.901,phemex,ACH/USDT:USDT,0.02306,5422.0,0.02305,14237.0,0.02308,5631.0,0.02309,93633.0
1753593271717,05:14:31.717,phemex,ACH/USDT:USDT,0.02306,36710.0,0.02305,115816.0,0.02308,5631.0,0.02309,93633.0
1753593271734,05:14:31.734,phemex,ACH/USDT:USDT,0.02307,5422.0,0.02306,36710.0,0.02308,5631.0,0.02309,93633.0
1753593272228,05:14:32.228,phemex,ACH/USDT:USDT,0.02306,36710.0,0.02305,115816.0,0.02308,5631.0,0.02309,93633.0
1753593272827,05:14:32.827,phemex,ACH/USDT:USDT,0.02306,36710.0,0.02305,115816.0,0.02308,5631.0,0.02309,93633.0
1753593273347,05:14:33.347,phemex,ACH/USDT:USDT,0.02307,5422.0,0.02306,36710.0,0.02308,5631.0,0.02309,93633.0
1753593273378,05:14:33.378,phemex,ACH/USDT:USDT,0.02307,5422.0,0.02306,36710.0,0.02308,5631.0,0.02309,93633.0
1753593274271,05:14:34.271,phemex,ACH/USDT:USDT,0.02307,5422.0,0.02306,36710.0,0.02308,29007.0,0.02309,104838.0
1753593274960,05:14:34.960,phemex,ACH/USDT:USDT,0.02306,36710.0,0.02305,115816.0,0.02308,29007.0,0.02309,104838.0
1753593275016,05:14:35.016,phemex,ACH/USDT:USDT,0.02306,36710.0,0.02305,115816.0,0.02307,5422.0,0.02308,29007.0
1753593275213,05:14:35.213,phemex,ACH/USDT:USDT,0.02306,36710.0,0.02305,115816.0,0.02308,29007.0,0.02309,104838.0
1753593275252,05:14:35.252,phemex,ACH/USDT:USDT,0.02307,5422.0,0.02306,36710.0,0.02308,29007.0,0.02309,104838.0
1753593275533,05:14:35.533,phemex,ACH/USDT:USDT,0.02306,36710.0,0.02305,115816.0,0.02308,29007.0,0.02309,104838.0
