timestamp,time,exchange,symbol,bid1_price,bid1_volume,bid2_price,bid2_volume,ask1_price,ask1_volume,ask2_price,ask2_volume
1753591886113,04:51:26.113,huobi,AERO/USDT:USDT,0.8989,385.0,0.8988,2919.0,0.9007,379.0,0.9008,404.0
1753591890040,04:51:30.040,huobi,AERO/USDT:USDT,0.8989,385.0,0.8988,2919.0,0.8999,14.0,0.9007,379.0
1753591890089,04:51:30.089,huobi,AERO/USDT:USDT,0.8989,385.0,0.8988,2919.0,0.9007,379.0,0.9008,404.0
1753591890096,04:51:30.096,huobi,AERO/USDT:USDT,0.8989,385.0,0.8988,2919.0,0.9007,379.0,0.9008,404.0
1753591890124,04:51:30.124,huobi,AERO/USDT:USDT,0.8989,385.0,0.8988,2919.0,0.9007,379.0,0.9008,404.0
1753591890185,04:51:30.185,huobi,AERO/USDT:USDT,0.8989,385.0,0.8988,2919.0,0.9007,379.0,0.9008,404.0
1753591890899,04:51:30.899,huobi,AERO/USDT:USDT,0.8989,385.0,0.8988,2919.0,0.9007,379.0,0.9008,404.0
1753591890912,04:51:30.912,huobi,AERO/USDT:USDT,0.8989,385.0,0.8988,2919.0,0.9007,379.0,0.9008,404.0
1753591890946,04:51:30.946,huobi,AERO/USDT:USDT,0.8989,385.0,0.8988,2919.0,0.9007,379.0,0.9008,404.0
1753591892845,04:51:32.845,huobi,AERO/USDT:USDT,0.8989,385.0,0.8988,2919.0,0.9007,379.0,0.9008,404.0
1753591892880,04:51:32.880,huobi,AERO/USDT:USDT,0.8989,385.0,0.8988,2919.0,0.9007,379.0,0.9008,404.0
1753591895699,04:51:35.699,huobi,AERO/USDT:USDT,0.8989,385.0,0.8988,2919.0,0.9007,379.0,0.9008,404.0
1753591895712,04:51:35.712,huobi,AERO/USDT:USDT,0.8989,385.0,0.8988,2919.0,0.9007,379.0,0.9008,404.0
1753591896164,04:51:36.164,huobi,AERO/USDT:USDT,0.8989,385.0,0.8988,2919.0,0.9007,379.0,0.9008,404.0
1753591896202,04:51:36.202,huobi,AERO/USDT:USDT,0.8989,385.0,0.8988,2919.0,0.9007,379.0,0.9008,404.0
1753591896380,04:51:36.380,huobi,AERO/USDT:USDT,0.8989,385.0,0.8988,2919.0,0.9007,379.0,0.9008,404.0
1753591897772,04:51:37.772,huobi,AERO/USDT:USDT,0.8989,385.0,0.8988,2919.0,0.9007,379.0,0.9008,404.0
1753591897806,04:51:37.806,huobi,AERO/USDT:USDT,0.8989,385.0,0.8988,2919.0,0.9007,379.0,0.9008,404.0
1753591897901,04:51:37.901,huobi,AERO/USDT:USDT,0.8989,385.0,0.8988,2919.0,0.9007,379.0,0.9008,404.0
1753591897930,04:51:37.930,huobi,AERO/USDT:USDT,0.8989,385.0,0.8988,2919.0,0.9007,379.0,0.9008,404.0
1753591899522,04:51:39.522,huobi,AERO/USDT:USDT,0.8989,385.0,0.8988,2919.0,0.9007,379.0,0.9008,391.0
1753591899761,04:51:39.761,huobi,AERO/USDT:USDT,0.8989,385.0,0.8988,2919.0,0.9008,391.0,0.901,2535.0
1753591899823,04:51:39.823,huobi,AERO/USDT:USDT,0.8989,385.0,0.8988,2919.0,0.9008,391.0,0.901,2535.0
1753591900341,04:51:40.341,huobi,AERO/USDT:USDT,0.8989,465.0,0.8988,2919.0,0.9008,391.0,0.901,2535.0
1753591900354,04:51:40.354,huobi,AERO/USDT:USDT,0.899,376.0,0.8989,465.0,0.9008,391.0,0.901,2535.0
1753591900499,04:51:40.499,huobi,AERO/USDT:USDT,0.899,376.0,0.8989,465.0,0.9008,391.0,0.901,2535.0
1753591900515,04:51:40.515,huobi,AERO/USDT:USDT,0.899,376.0,0.8989,465.0,0.9008,391.0,0.901,2535.0
1753591901002,04:51:41.002,huobi,AERO/USDT:USDT,0.899,376.0,0.8989,385.0,0.9008,391.0,0.901,2535.0
1753591901016,04:51:41.016,huobi,AERO/USDT:USDT,0.8989,385.0,0.8988,2919.0,0.9008,391.0,0.901,2535.0
1753591901078,04:51:41.078,huobi,AERO/USDT:USDT,0.8989,385.0,0.8988,2919.0,0.9008,391.0,0.901,2535.0
1753591901677,04:51:41.677,huobi,AERO/USDT:USDT,0.899,80.0,0.8989,385.0,0.9008,391.0,0.901,2535.0
1753591902017,04:51:42.017,huobi,AERO/USDT:USDT,0.8991,376.0,0.899,80.0,0.9008,391.0,0.901,2535.0
1753591902044,04:51:42.044,huobi,AERO/USDT:USDT,0.8992,2533.0,0.8991,376.0,0.9008,391.0,0.901,2535.0
1753591902099,04:51:42.099,huobi,AERO/USDT:USDT,0.8993,376.0,0.8992,2533.0,0.9008,391.0,0.901,2535.0
1753591902131,04:51:42.131,huobi,AERO/USDT:USDT,0.8993,376.0,0.8992,2533.0,0.9008,391.0,0.901,2535.0
1753591902159,04:51:42.159,huobi,AERO/USDT:USDT,0.8993,376.0,0.8992,2533.0,0.9008,391.0,0.901,2535.0
1753591902185,04:51:42.185,huobi,AERO/USDT:USDT,0.8993,376.0,0.8992,2533.0,0.9008,391.0,0.901,2535.0
1753591903036,04:51:43.036,huobi,AERO/USDT:USDT,0.8993,376.0,0.8992,2533.0,0.9008,391.0,0.901,2535.0
1753591905300,04:51:45.300,huobi,AERO/USDT:USDT,0.8993,376.0,0.8992,2533.0,0.9008,391.0,0.901,2535.0
1753591905314,04:51:45.314,huobi,AERO/USDT:USDT,0.8993,376.0,0.8992,2533.0,0.9008,391.0,0.901,2535.0
1753591905368,04:51:45.368,huobi,AERO/USDT:USDT,0.8993,376.0,0.8992,2533.0,0.9008,391.0,0.901,2535.0
1753591909775,04:51:49.775,huobi,AERO/USDT:USDT,0.8993,376.0,0.8992,2533.0,0.9002,10.0,0.9008,391.0
1753591910098,04:51:50.098,huobi,AERO/USDT:USDT,0.8993,376.0,0.8992,2533.0,0.9008,391.0,0.901,2535.0
1753591910113,04:51:50.113,huobi,AERO/USDT:USDT,0.8993,376.0,0.8992,2533.0,0.9008,391.0,0.901,2535.0
1753591914899,04:51:54.899,huobi,AERO/USDT:USDT,0.8993,376.0,0.8992,2533.0,0.9008,391.0,0.901,2535.0
1753591914914,04:51:54.914,huobi,AERO/USDT:USDT,0.8993,376.0,0.8992,2533.0,0.9008,391.0,0.901,2535.0
1753591921520,04:52:01.520,huobi,AERO/USDT:USDT,0.8993,376.0,0.8992,2533.0,0.9008,391.0,0.901,2535.0
1753591921622,04:52:01.622,huobi,AERO/USDT:USDT,0.8993,376.0,0.8992,2533.0,0.9008,391.0,0.901,2535.0
1753591921843,04:52:01.843,huobi,AERO/USDT:USDT,0.8993,376.0,0.8992,2533.0,0.9008,391.0,0.901,2535.0
1753591921909,04:52:01.909,huobi,AERO/USDT:USDT,0.8993,376.0,0.8992,2533.0,0.9008,391.0,0.901,2535.0
1753591922120,04:52:02.120,huobi,AERO/USDT:USDT,0.8993,376.0,0.8992,2533.0,0.9008,391.0,0.9011,377.0
1753591922134,04:52:02.134,huobi,AERO/USDT:USDT,0.8993,376.0,0.8992,2533.0,0.9011,377.0,0.9015,5764.0
1753591924511,04:52:04.511,huobi,AERO/USDT:USDT,0.8993,376.0,0.8992,2533.0,0.9011,377.0,0.9013,2918.0
1753591925571,04:52:05.571,huobi,AERO/USDT:USDT,0.8993,376.0,0.8992,2533.0,0.9011,377.0,0.9013,2918.0
1753591925584,04:52:05.584,huobi,AERO/USDT:USDT,0.8993,376.0,0.8992,2533.0,0.9011,377.0,0.9013,2918.0
1753591925617,04:52:05.617,huobi,AERO/USDT:USDT,0.8993,376.0,0.8992,2533.0,0.9011,377.0,0.9013,2918.0
1753591925674,04:52:05.674,huobi,AERO/USDT:USDT,0.8993,376.0,0.8992,2533.0,0.9011,377.0,0.9013,2918.0
1753591929299,04:52:09.299,huobi,AERO/USDT:USDT,0.8993,376.0,0.8992,2533.0,0.9011,377.0,0.9013,2918.0
1753591929313,04:52:09.313,huobi,AERO/USDT:USDT,0.8993,376.0,0.8992,2533.0,0.9011,377.0,0.9013,2918.0
1753591935644,04:52:15.644,huobi,AERO/USDT:USDT,0.8993,376.0,0.8992,2533.0,0.9,3.0,0.9011,377.0
1753591938900,04:52:18.900,huobi,AERO/USDT:USDT,0.8993,376.0,0.8992,2533.0,0.9011,377.0,0.9013,2918.0
1753591938914,04:52:18.914,huobi,AERO/USDT:USDT,0.8993,376.0,0.8992,2533.0,0.9011,377.0,0.9013,2918.0
1753591943403,04:52:23.403,huobi,AERO/USDT:USDT,0.8993,376.0,0.8992,2533.0,0.9011,377.0,0.9013,2918.0
1753591943455,04:52:23.455,huobi,AERO/USDT:USDT,0.8993,376.0,0.8992,2533.0,0.9011,377.0,0.9013,2918.0
1753591943700,04:52:23.700,huobi,AERO/USDT:USDT,0.8993,376.0,0.8992,2533.0,0.9011,377.0,0.9013,2918.0
1753591943715,04:52:23.715,huobi,AERO/USDT:USDT,0.8993,376.0,0.8992,2533.0,0.9011,377.0,0.9013,2918.0
1753591943893,04:52:23.893,huobi,AERO/USDT:USDT,0.8993,376.0,0.8992,2533.0,0.9011,377.0,0.9013,2918.0
1753591944359,04:52:24.359,huobi,AERO/USDT:USDT,0.8993,376.0,0.8992,2533.0,0.9011,377.0,0.9013,2918.0
1753591948500,04:52:28.500,huobi,AERO/USDT:USDT,0.8993,376.0,0.8992,2533.0,0.9011,377.0,0.9013,2918.0
1753591948513,04:52:28.513,huobi,AERO/USDT:USDT,0.8993,376.0,0.8992,2533.0,0.9011,377.0,0.9013,2918.0
1753591948535,04:52:28.535,huobi,AERO/USDT:USDT,0.8993,376.0,0.8992,2533.0,0.9011,377.0,0.9013,2918.0
1753591948598,04:52:28.598,huobi,AERO/USDT:USDT,0.8993,376.0,0.8992,2923.0,0.9011,377.0,0.9013,2918.0
1753591948646,04:52:28.646,huobi,AERO/USDT:USDT,0.8993,376.0,0.8992,2923.0,0.9011,377.0,0.9013,2918.0
1753591949936,04:52:29.936,huobi,AERO/USDT:USDT,0.8993,376.0,0.8992,2923.0,0.9011,377.0,0.9013,2918.0
1753591950001,04:52:30.001,huobi,AERO/USDT:USDT,0.8993,376.0,0.8992,2923.0,0.9011,377.0,0.9013,2918.0
1753591950034,04:52:30.034,huobi,AERO/USDT:USDT,0.8993,376.0,0.8992,2923.0,0.9011,377.0,0.9013,2918.0
1753591950080,04:52:30.080,huobi,AERO/USDT:USDT,0.8993,376.0,0.8992,2923.0,0.9011,377.0,0.9013,2918.0
1753591950222,04:52:30.222,huobi,AERO/USDT:USDT,0.8993,376.0,0.8992,2923.0,0.9011,377.0,0.9013,2918.0
1753591950248,04:52:30.248,huobi,AERO/USDT:USDT,0.8993,376.0,0.8992,2923.0,0.9011,377.0,0.9013,2918.0
1753591951288,04:52:31.288,huobi,AERO/USDT:USDT,0.8993,376.0,0.8992,2923.0,0.9011,377.0,0.9013,2918.0
1753591951333,04:52:31.333,huobi,AERO/USDT:USDT,0.8993,376.0,0.8992,2923.0,0.9011,377.0,0.9013,2918.0
1753591951582,04:52:31.582,huobi,AERO/USDT:USDT,0.8993,376.0,0.8992,2923.0,0.8998,51.0,0.9011,377.0
1753591951608,04:52:31.608,huobi,AERO/USDT:USDT,0.8993,376.0,0.8992,2923.0,0.9011,377.0,0.9013,2918.0
1753591951645,04:52:31.645,huobi,AERO/USDT:USDT,0.8993,376.0,0.8992,2923.0,0.9011,377.0,0.9013,2918.0
1753591951664,04:52:31.664,huobi,AERO/USDT:USDT,0.8993,376.0,0.8992,2923.0,0.901,390.0,0.9011,410.0
1753591951686,04:52:31.686,huobi,AERO/USDT:USDT,0.8993,376.0,0.8992,2923.0,0.901,390.0,0.9011,377.0
1753591951734,04:52:31.734,huobi,AERO/USDT:USDT,0.8993,376.0,0.8992,2923.0,0.901,390.0,0.9011,377.0
1753591951822,04:52:31.822,huobi,AERO/USDT:USDT,0.8993,376.0,0.8992,2923.0,0.9011,377.0,0.9013,2918.0
1753591952156,04:52:32.156,huobi,AERO/USDT:USDT,0.8993,376.0,0.8992,2923.0,0.9011,377.0,0.9013,2918.0
1753591952209,04:52:32.209,huobi,AERO/USDT:USDT,0.8993,376.0,0.8992,2923.0,0.9011,377.0,0.9013,2918.0
1753591953302,04:52:33.302,huobi,AERO/USDT:USDT,0.8993,376.0,0.8992,2923.0,0.9011,377.0,0.9013,2918.0
1753591953315,04:52:33.315,huobi,AERO/USDT:USDT,0.8993,376.0,0.8992,2923.0,0.9011,377.0,0.9013,2918.0
1753591955212,04:52:35.212,huobi,AERO/USDT:USDT,0.8993,376.0,0.8992,2923.0,0.9011,377.0,0.9013,2918.0
1753591958101,04:52:38.101,huobi,AERO/USDT:USDT,0.8993,376.0,0.8992,2923.0,0.9011,377.0,0.9013,2918.0
1753591958116,04:52:38.116,huobi,AERO/USDT:USDT,0.8993,376.0,0.8992,2923.0,0.9011,377.0,0.9013,2918.0
1753591960133,04:52:40.133,huobi,AERO/USDT:USDT,0.8993,456.0,0.8992,2923.0,0.9011,377.0,0.9013,2918.0
1753591960145,04:52:40.145,huobi,AERO/USDT:USDT,0.8994,383.0,0.8993,456.0,0.9011,377.0,0.9013,2918.0
1753591961375,04:52:41.375,huobi,AERO/USDT:USDT,0.8994,383.0,0.8993,376.0,0.9011,377.0,0.9013,2918.0
1753591962902,04:52:42.902,huobi,AERO/USDT:USDT,0.8993,376.0,0.8992,2923.0,0.9011,377.0,0.9013,2918.0
1753591962917,04:52:42.917,huobi,AERO/USDT:USDT,0.8993,376.0,0.8992,2923.0,0.9011,377.0,0.9013,2918.0
1753591963991,04:52:43.991,huobi,AERO/USDT:USDT,0.8993,456.0,0.8992,2923.0,0.9011,377.0,0.9013,2918.0
1753591964034,04:52:44.034,huobi,AERO/USDT:USDT,0.8994,383.0,0.8993,456.0,0.9011,377.0,0.9013,2918.0
1753591967701,04:52:47.701,huobi,AERO/USDT:USDT,0.8994,383.0,0.8993,456.0,0.9011,377.0,0.9013,2918.0
1753591967744,04:52:47.744,huobi,AERO/USDT:USDT,0.8994,383.0,0.8993,456.0,0.9011,377.0,0.9013,2918.0
1753591968730,04:52:48.730,huobi,AERO/USDT:USDT,0.9001,43.0,0.8994,383.0,0.9011,377.0,0.9013,2918.0
1753591968757,04:52:48.757,huobi,AERO/USDT:USDT,0.8999,2529.0,0.8994,383.0,0.9011,377.0,0.9013,2918.0
1753591968810,04:52:48.810,huobi,AERO/USDT:USDT,0.9,375.0,0.8999,2529.0,0.9011,377.0,0.9013,2918.0
1753591968819,04:52:48.819,huobi,AERO/USDT:USDT,0.9,375.0,0.8999,2529.0,0.9011,377.0,0.9013,2918.0
1753591968861,04:52:48.861,huobi,AERO/USDT:USDT,0.9,375.0,0.8999,2529.0,0.9011,377.0,0.9013,2918.0
1753591968876,04:52:48.876,huobi,AERO/USDT:USDT,0.9,375.0,0.8999,2529.0,0.9011,377.0,0.9013,2918.0
1753591968908,04:52:48.908,huobi,AERO/USDT:USDT,0.9,375.0,0.8999,2529.0,0.9011,377.0,0.9013,2918.0
1753591977303,04:52:57.303,huobi,AERO/USDT:USDT,0.9,375.0,0.8999,2529.0,0.9011,377.0,0.9013,2918.0
1753591982101,04:53:02.101,huobi,AERO/USDT:USDT,0.9,375.0,0.8999,2529.0,0.9011,377.0,0.9013,2918.0
1753591982118,04:53:02.118,huobi,AERO/USDT:USDT,0.9,375.0,0.8999,2529.0,0.9011,377.0,0.9013,2918.0
1753591986902,04:53:06.902,huobi,AERO/USDT:USDT,0.9,375.0,0.8999,2529.0,0.9011,377.0,0.9013,2918.0
1753591986918,04:53:06.918,huobi,AERO/USDT:USDT,0.9,375.0,0.8999,2529.0,0.9011,377.0,0.9013,2918.0
1753591987046,04:53:07.046,huobi,AERO/USDT:USDT,0.9008,6.0,0.9,375.0,0.9011,377.0,0.9013,2918.0
1753591987054,04:53:07.054,huobi,AERO/USDT:USDT,0.9,375.0,0.8999,2529.0,0.9011,377.0,0.9013,2918.0
1753591992342,04:53:12.342,huobi,AERO/USDT:USDT,0.9,375.0,0.8999,2529.0,0.9011,377.0,0.9013,2918.0
1753591992423,04:53:12.423,huobi,AERO/USDT:USDT,0.9,375.0,0.8994,383.0,0.9011,377.0,0.9013,2918.0
1753591992452,04:53:12.452,huobi,AERO/USDT:USDT,0.8994,383.0,0.8993,376.0,0.9011,377.0,0.9013,2918.0
1753591992455,04:53:12.455,huobi,AERO/USDT:USDT,0.8996,2528.0,0.8994,383.0,0.9011,377.0,0.9013,2918.0
1753591992486,04:53:12.486,huobi,AERO/USDT:USDT,0.8996,2528.0,0.8995,394.0,0.9011,377.0,0.9013,2918.0
1753591992528,04:53:12.528,huobi,AERO/USDT:USDT,0.8996,2528.0,0.8995,394.0,0.9011,377.0,0.9013,2918.0
1753591992629,04:53:12.629,huobi,AERO/USDT:USDT,0.8997,394.0,0.8996,2528.0,0.9011,377.0,0.9013,2918.0
1753591992659,04:53:12.659,huobi,AERO/USDT:USDT,0.8997,394.0,0.8996,2528.0,0.9011,377.0,0.9013,2918.0
1753591992664,04:53:12.664,huobi,AERO/USDT:USDT,0.8997,394.0,0.8996,2528.0,0.9011,377.0,0.9013,2918.0
1753591992716,04:53:12.716,huobi,AERO/USDT:USDT,0.8997,394.0,0.8996,2528.0,0.9011,377.0,0.9013,2918.0
1753591992726,04:53:12.726,huobi,AERO/USDT:USDT,0.8997,394.0,0.8996,2528.0,0.9011,377.0,0.9013,2918.0
1753591994251,04:53:14.251,huobi,AERO/USDT:USDT,0.8997,394.0,0.8996,2528.0,0.9011,377.0,0.9013,2918.0
1753591994684,04:53:14.684,huobi,AERO/USDT:USDT,0.8997,394.0,0.8996,2528.0,0.9011,460.0,0.9013,2918.0
1753591996413,04:53:16.413,huobi,AERO/USDT:USDT,0.8997,394.0,0.8996,2528.0,0.901,394.0,0.9011,460.0
1753591996501,04:53:16.501,huobi,AERO/USDT:USDT,0.8997,394.0,0.8996,2528.0,0.901,394.0,0.9011,460.0
1753591996517,04:53:16.517,huobi,AERO/USDT:USDT,0.8997,394.0,0.8996,2528.0,0.901,394.0,0.9011,460.0
1753591998719,04:53:18.719,huobi,AERO/USDT:USDT,0.8997,394.0,0.8992,390.0,0.901,394.0,0.9011,460.0
1753591998731,04:53:18.731,huobi,AERO/USDT:USDT,0.8992,390.0,0.899,5761.0,0.901,394.0,0.9011,460.0
1753591998755,04:53:18.755,huobi,AERO/USDT:USDT,0.8993,2529.0,0.8992,390.0,0.901,394.0,0.9011,460.0
1753591998795,04:53:18.795,huobi,AERO/USDT:USDT,0.8993,2529.0,0.8992,390.0,0.901,394.0,0.9011,460.0
1753591999552,04:53:19.552,huobi,AERO/USDT:USDT,0.8994,384.0,0.8993,2529.0,0.901,394.0,0.9011,460.0
1753591999718,04:53:19.718,huobi,AERO/USDT:USDT,0.8994,384.0,0.8993,2529.0,0.901,394.0,0.9011,460.0
1753592001302,04:53:21.302,huobi,AERO/USDT:USDT,0.8994,384.0,0.8993,2529.0,0.901,394.0,0.9011,460.0
1753592001321,04:53:21.321,huobi,AERO/USDT:USDT,0.8994,384.0,0.8993,2529.0,0.901,394.0,0.9011,460.0
1753592001723,04:53:21.723,huobi,AERO/USDT:USDT,0.8994,384.0,0.8993,2529.0,0.901,394.0,0.9011,377.0
1753592001879,04:53:21.879,huobi,AERO/USDT:USDT,0.8994,384.0,0.8993,2529.0,0.9011,377.0,0.9013,2918.0
1753592001913,04:53:21.913,huobi,AERO/USDT:USDT,0.8994,384.0,0.8993,2529.0,0.9011,377.0,0.9013,2918.0
1753592001940,04:53:21.940,huobi,AERO/USDT:USDT,0.8994,384.0,0.8993,2529.0,0.9011,377.0,0.9013,2918.0
1753592001966,04:53:21.966,huobi,AERO/USDT:USDT,0.8994,384.0,0.8993,2529.0,0.9004,2.0,0.9011,377.0
1753592002916,04:53:22.916,huobi,AERO/USDT:USDT,0.8994,384.0,0.8993,2529.0,0.9011,377.0,0.9013,2918.0
1753592006101,04:53:26.101,huobi,AERO/USDT:USDT,0.8994,384.0,0.8993,2529.0,0.9011,377.0,0.9013,2918.0
1753592006115,04:53:26.115,huobi,AERO/USDT:USDT,0.8994,384.0,0.8993,2529.0,0.9011,377.0,0.9013,2918.0
1753592010903,04:53:30.903,huobi,AERO/USDT:USDT,0.8994,384.0,0.8993,2529.0,0.9011,377.0,0.9013,2918.0
1753592015744,04:53:35.744,huobi,AERO/USDT:USDT,0.8994,384.0,0.8993,2529.0,0.9011,377.0,0.9013,2918.0
1753592020396,04:53:40.396,huobi,AERO/USDT:USDT,0.9004,5.0,0.8994,384.0,0.9011,377.0,0.9013,2918.0
1753592020504,04:53:40.504,huobi,AERO/USDT:USDT,0.8994,384.0,0.8993,2529.0,0.9011,377.0,0.9013,2918.0
1753592025302,04:53:45.302,huobi,AERO/USDT:USDT,0.8994,384.0,0.8993,2529.0,0.9011,377.0,0.9013,2918.0
1753592025314,04:53:45.314,huobi,AERO/USDT:USDT,0.8994,384.0,0.8993,2529.0,0.9011,377.0,0.9013,2918.0
1753592025348,04:53:45.348,huobi,AERO/USDT:USDT,0.8994,384.0,0.8993,2529.0,0.9011,377.0,0.9013,2918.0
1753592025371,04:53:45.371,huobi,AERO/USDT:USDT,0.8994,384.0,0.8993,2922.0,0.9011,377.0,0.9013,2918.0
1753592025405,04:53:45.405,huobi,AERO/USDT:USDT,0.8994,384.0,0.8993,2922.0,0.9011,377.0,0.9013,2918.0
1753592028303,04:53:48.303,huobi,AERO/USDT:USDT,0.8994,384.0,0.8993,2922.0,0.9011,377.0,0.9013,387.0
1753592028315,04:53:48.315,huobi,AERO/USDT:USDT,0.8994,384.0,0.8993,2922.0,0.9013,387.0,0.9018,5795.0
1753592028341,04:53:48.341,huobi,AERO/USDT:USDT,0.8994,384.0,0.8993,2922.0,0.9013,387.0,0.9018,5795.0
1753592028385,04:53:48.385,huobi,AERO/USDT:USDT,0.8994,384.0,0.8993,2922.0,0.9013,387.0,0.9017,2528.0
1753592028394,04:53:48.394,huobi,AERO/USDT:USDT,0.8994,384.0,0.8993,2922.0,0.9013,387.0,0.9017,2528.0
1753592028435,04:53:48.435,huobi,AERO/USDT:USDT,0.8994,384.0,0.8993,2922.0,0.9013,387.0,0.9017,2905.0
1753592028488,04:53:48.488,huobi,AERO/USDT:USDT,0.8994,384.0,0.8993,2922.0,0.9013,387.0,0.9017,2905.0
1753592028539,04:53:48.539,huobi,AERO/USDT:USDT,0.8994,384.0,0.8993,2922.0,0.9013,387.0,0.9017,2905.0
1753592028560,04:53:48.560,huobi,AERO/USDT:USDT,0.8994,384.0,0.8993,2922.0,0.9013,387.0,0.9017,2905.0
1753592028591,04:53:48.591,huobi,AERO/USDT:USDT,0.8994,384.0,0.8993,2922.0,0.9013,387.0,0.9017,2905.0
1753592028680,04:53:48.680,huobi,AERO/USDT:USDT,0.8994,464.0,0.8993,2922.0,0.9013,387.0,0.9017,2905.0
1753592030103,04:53:50.103,huobi,AERO/USDT:USDT,0.8995,377.0,0.8994,464.0,0.9013,387.0,0.9017,2905.0
1753592030160,04:53:50.160,huobi,AERO/USDT:USDT,0.8995,377.0,0.8994,464.0,0.9013,387.0,0.9017,2905.0
1753592033827,04:53:53.827,huobi,AERO/USDT:USDT,0.9005,4.0,0.8995,377.0,0.9013,387.0,0.9017,2905.0
1753592034902,04:53:54.902,huobi,AERO/USDT:USDT,0.8995,377.0,0.8994,464.0,0.9013,387.0,0.9017,2905.0
1753592034917,04:53:54.917,huobi,AERO/USDT:USDT,0.8995,377.0,0.8994,464.0,0.9013,387.0,0.9017,2905.0
1753592037784,04:53:57.784,huobi,AERO/USDT:USDT,0.8995,377.0,0.8994,384.0,0.9013,387.0,0.9017,2905.0
1753592037796,04:53:57.796,huobi,AERO/USDT:USDT,0.8994,384.0,0.8993,2922.0,0.9013,387.0,0.9017,2905.0
1753592038457,04:53:58.457,huobi,AERO/USDT:USDT,0.8995,80.0,0.8994,384.0,0.9013,387.0,0.9017,2905.0
1753592039702,04:53:59.702,huobi,AERO/USDT:USDT,0.8996,379.0,0.8995,80.0,0.9013,387.0,0.9017,2905.0
1753592039716,04:53:59.716,huobi,AERO/USDT:USDT,0.8996,379.0,0.8995,80.0,0.9013,387.0,0.9017,2905.0
1753592044502,04:54:04.502,huobi,AERO/USDT:USDT,0.8996,379.0,0.8995,80.0,0.9013,387.0,0.9017,2905.0
1753592044516,04:54:04.516,huobi,AERO/USDT:USDT,0.8996,379.0,0.8995,80.0,0.9013,387.0,0.9017,2905.0
1753592046470,04:54:06.470,huobi,AERO/USDT:USDT,0.8996,379.0,0.8995,80.0,0.9013,387.0,0.9017,377.0
1753592046488,04:54:06.488,huobi,AERO/USDT:USDT,0.8996,379.0,0.8995,80.0,0.9012,2527.0,0.9013,387.0
1753592046545,04:54:06.545,huobi,AERO/USDT:USDT,0.8996,379.0,0.8995,80.0,0.9011,379.0,0.9012,2906.0
1753592047781,04:54:07.781,huobi,AERO/USDT:USDT,0.8996,379.0,0.8995,80.0,0.9004,26.0,0.9011,379.0
1753592047813,04:54:07.813,huobi,AERO/USDT:USDT,0.8996,379.0,0.8995,80.0,0.9011,379.0,0.9012,2906.0
1753592047856,04:54:07.856,huobi,AERO/USDT:USDT,0.8996,379.0,0.8995,80.0,0.9011,379.0,0.9012,2906.0
1753592047865,04:54:07.865,huobi,AERO/USDT:USDT,0.8996,379.0,0.8995,80.0,0.9011,379.0,0.9012,2906.0
1753592047913,04:54:07.913,huobi,AERO/USDT:USDT,0.8996,379.0,0.8995,80.0,0.9011,379.0,0.9012,2906.0
1753592047930,04:54:07.930,huobi,AERO/USDT:USDT,0.8996,379.0,0.8995,80.0,0.9011,379.0,0.9012,2906.0
1753592047969,04:54:07.969,huobi,AERO/USDT:USDT,0.8996,379.0,0.8995,80.0,0.9011,379.0,0.9012,2906.0
1753592048023,04:54:08.023,huobi,AERO/USDT:USDT,0.8996,379.0,0.8995,80.0,0.9011,379.0,0.9012,2906.0
1753592048065,04:54:08.065,huobi,AERO/USDT:USDT,0.8996,379.0,0.8995,80.0,0.9011,379.0,0.9012,2906.0
1753592049301,04:54:09.301,huobi,AERO/USDT:USDT,0.8996,379.0,0.8995,80.0,0.9011,379.0,0.9012,2906.0
1753592049335,04:54:09.335,huobi,AERO/USDT:USDT,0.8996,379.0,0.8995,80.0,0.9011,379.0,0.9012,2906.0
1753592050162,04:54:10.162,huobi,AERO/USDT:USDT,0.8996,379.0,0.8994,384.0,0.9011,379.0,0.9012,2906.0
1753592050174,04:54:10.174,huobi,AERO/USDT:USDT,0.8994,384.0,0.8993,2922.0,0.9011,379.0,0.9012,2906.0
1753592050222,04:54:10.222,huobi,AERO/USDT:USDT,0.8994,384.0,0.8993,2922.0,0.9011,379.0,0.9012,2906.0
1753592050253,04:54:10.253,huobi,AERO/USDT:USDT,0.8994,384.0,0.8993,2922.0,0.9011,379.0,0.9012,379.0
1753592050266,04:54:10.266,huobi,AERO/USDT:USDT,0.8994,384.0,0.8993,2922.0,0.9012,379.0,0.9017,377.0
1753592050315,04:54:10.315,huobi,AERO/USDT:USDT,0.8994,384.0,0.8993,2922.0,0.9017,377.0,0.9019,422.0
1753592050343,04:54:10.343,huobi,AERO/USDT:USDT,0.8994,384.0,0.8993,2922.0,0.9017,377.0,0.9019,422.0
1753592050354,04:54:10.354,huobi,AERO/USDT:USDT,0.8994,384.0,0.8993,2922.0,0.9016,2527.0,0.9017,377.0
1753592050390,04:54:10.390,huobi,AERO/USDT:USDT,0.8994,384.0,0.8993,2922.0,0.9015,388.0,0.9016,2527.0
1753592050439,04:54:10.439,huobi,AERO/USDT:USDT,0.8994,384.0,0.8993,2922.0,0.9015,388.0,0.9016,2527.0
1753592050745,04:54:10.745,huobi,AERO/USDT:USDT,0.8994,384.0,0.8993,2922.0,0.9015,388.0,0.9017,377.0
1753592050790,04:54:10.790,huobi,AERO/USDT:USDT,0.8994,384.0,0.8993,2922.0,0.9019,389.0,0.9021,6181.0
1753592050837,04:54:10.837,huobi,AERO/USDT:USDT,0.8995,80.0,0.8994,384.0,0.9019,389.0,0.9021,6181.0
1753592050881,04:54:10.881,huobi,AERO/USDT:USDT,0.8996,388.0,0.8995,80.0,0.9019,389.0,0.9021,6181.0
1753592050898,04:54:10.898,huobi,AERO/USDT:USDT,0.8996,388.0,0.8995,80.0,0.9019,389.0,0.9021,6181.0
1753592050934,04:54:10.934,huobi,AERO/USDT:USDT,0.8996,388.0,0.8995,80.0,0.9019,389.0,0.9021,6181.0
1753592050962,04:54:10.962,huobi,AERO/USDT:USDT,0.8996,388.0,0.8995,80.0,0.9019,389.0,0.9021,6181.0
1753592050990,04:54:10.990,huobi,AERO/USDT:USDT,0.8996,388.0,0.8995,80.0,0.9018,2527.0,0.9019,389.0
1753592051016,04:54:11.016,huobi,AERO/USDT:USDT,0.8996,388.0,0.8995,80.0,0.9017,388.0,0.9018,2527.0
1753592051066,04:54:11.066,huobi,AERO/USDT:USDT,0.8996,388.0,0.8995,80.0,0.9017,388.0,0.9018,2527.0
1753592051101,04:54:11.101,huobi,AERO/USDT:USDT,0.8996,388.0,0.8995,80.0,0.9017,388.0,0.9018,2527.0
1753592051498,04:54:11.498,huobi,AERO/USDT:USDT,0.8996,388.0,0.8994,384.0,0.9017,388.0,0.9018,2527.0
1753592052169,04:54:12.169,huobi,AERO/USDT:USDT,0.8995,18.0,0.8994,384.0,0.9017,388.0,0.9018,2527.0
1753592052183,04:54:12.183,huobi,AERO/USDT:USDT,0.8996,388.0,0.8995,18.0,0.9017,388.0,0.9018,2527.0
1753592052828,04:54:12.828,huobi,AERO/USDT:USDT,0.8996,388.0,0.8994,384.0,0.9017,388.0,0.9018,2527.0
1753592053501,04:54:13.501,huobi,AERO/USDT:USDT,0.8995,18.0,0.8994,384.0,0.9017,388.0,0.9018,2527.0
1753592053515,04:54:13.515,huobi,AERO/USDT:USDT,0.8996,388.0,0.8995,18.0,0.9017,388.0,0.9018,2527.0
1753592054101,04:54:14.101,huobi,AERO/USDT:USDT,0.8996,388.0,0.8995,18.0,0.9017,388.0,0.9018,2527.0
1753592054116,04:54:14.116,huobi,AERO/USDT:USDT,0.8996,388.0,0.8995,18.0,0.9017,388.0,0.9018,2527.0
1753592054166,04:54:14.166,huobi,AERO/USDT:USDT,0.8996,388.0,0.8994,384.0,0.9017,388.0,0.9018,2527.0
1753592054846,04:54:14.846,huobi,AERO/USDT:USDT,0.8995,18.0,0.8994,384.0,0.9017,388.0,0.9018,2527.0
1753592054860,04:54:14.860,huobi,AERO/USDT:USDT,0.8996,388.0,0.8995,18.0,0.9017,388.0,0.9018,2527.0
1753592055505,04:54:15.505,huobi,AERO/USDT:USDT,0.8996,388.0,0.8994,384.0,0.9017,388.0,0.9018,2527.0
1753592055517,04:54:15.517,huobi,AERO/USDT:USDT,0.8994,384.0,0.8993,2922.0,0.9017,388.0,0.9018,2527.0
1753592056185,04:54:16.185,huobi,AERO/USDT:USDT,0.8995,18.0,0.8994,384.0,0.9017,388.0,0.9018,2527.0
1753592056855,04:54:16.855,huobi,AERO/USDT:USDT,0.8996,388.0,0.8994,384.0,0.9017,388.0,0.9018,2527.0
1753592056866,04:54:16.866,huobi,AERO/USDT:USDT,0.8994,384.0,0.8993,2922.0,0.9017,388.0,0.9018,2527.0
1753592056978,04:54:16.978,huobi,AERO/USDT:USDT,0.8994,384.0,0.8993,2922.0,0.9017,388.0,0.9018,2527.0
1753592057019,04:54:17.019,huobi,AERO/USDT:USDT,0.8994,384.0,0.8993,2922.0,0.9017,388.0,0.9018,2527.0
1753592057167,04:54:17.167,huobi,AERO/USDT:USDT,0.8994,384.0,0.8993,2922.0,0.9017,388.0,0.9018,2527.0
1753592057222,04:54:17.222,huobi,AERO/USDT:USDT,0.8994,384.0,0.8993,2922.0,0.9017,388.0,0.9018,2527.0
1753592057457,04:54:17.457,huobi,AERO/USDT:USDT,0.8994,384.0,0.8993,2922.0,0.9017,388.0,0.9018,2527.0
1753592057484,04:54:17.484,huobi,AERO/USDT:USDT,0.8994,384.0,0.8993,2922.0,0.9017,388.0,0.9018,2527.0
1753592057512,04:54:17.512,huobi,AERO/USDT:USDT,0.8994,384.0,0.8993,2922.0,0.9017,388.0,0.9018,2527.0
1753592057530,04:54:17.530,huobi,AERO/USDT:USDT,0.8995,80.0,0.8994,384.0,0.9017,388.0,0.9018,2527.0
1753592058186,04:54:18.186,huobi,AERO/USDT:USDT,0.8996,388.0,0.8994,384.0,0.9017,388.0,0.9018,2527.0
1753592058857,04:54:18.857,huobi,AERO/USDT:USDT,0.8995,80.0,0.8994,384.0,0.9017,388.0,0.9018,2527.0
1753592058904,04:54:18.904,huobi,AERO/USDT:USDT,0.8996,389.0,0.8995,80.0,0.9017,388.0,0.9018,2527.0
1753592059516,04:54:19.516,huobi,AERO/USDT:USDT,0.8996,389.0,0.8994,384.0,0.9017,388.0,0.9018,2527.0
1753592059648,04:54:19.648,huobi,AERO/USDT:USDT,0.8994,384.0,0.8993,2922.0,0.9017,388.0,0.9018,2527.0
1753592060191,04:54:20.191,huobi,AERO/USDT:USDT,0.8995,80.0,0.8994,384.0,0.9017,388.0,0.9018,2527.0
1753592060202,04:54:20.202,huobi,AERO/USDT:USDT,0.8996,389.0,0.8995,80.0,0.9017,388.0,0.9018,2527.0
1753592060850,04:54:20.850,huobi,AERO/USDT:USDT,0.8996,389.0,0.8994,384.0,0.9017,388.0,0.9018,2527.0
1753592060861,04:54:20.861,huobi,AERO/USDT:USDT,0.8994,384.0,0.8993,2922.0,0.9017,388.0,0.9018,2527.0
1753592061533,04:54:21.533,huobi,AERO/USDT:USDT,0.8995,80.0,0.8994,384.0,0.9017,388.0,0.9018,2527.0
1753592061545,04:54:21.545,huobi,AERO/USDT:USDT,0.8996,389.0,0.8995,80.0,0.9017,388.0,0.9018,2527.0
1753592062195,04:54:22.195,huobi,AERO/USDT:USDT,0.8996,389.0,0.8994,384.0,0.9017,388.0,0.9018,2527.0
1753592062207,04:54:22.207,huobi,AERO/USDT:USDT,0.8994,384.0,0.8993,2922.0,0.9017,388.0,0.9018,2527.0
1753592062870,04:54:22.870,huobi,AERO/USDT:USDT,0.8995,80.0,0.8994,384.0,0.9017,388.0,0.9018,2527.0
1753592063532,04:54:23.532,huobi,AERO/USDT:USDT,0.8996,389.0,0.8994,384.0,0.9017,388.0,0.9018,2527.0
1753592063667,04:54:23.667,huobi,AERO/USDT:USDT,0.8994,384.0,0.8993,2922.0,0.9003,61.0,0.9017,388.0
1753592063674,04:54:23.674,huobi,AERO/USDT:USDT,0.8994,384.0,0.8993,2922.0,0.9017,388.0,0.9018,2527.0
1753592063703,04:54:23.703,huobi,AERO/USDT:USDT,0.8994,384.0,0.8993,2922.0,0.9017,388.0,0.9018,2527.0
1753592063752,04:54:23.752,huobi,AERO/USDT:USDT,0.8995,389.0,0.8994,6143.0,0.9017,388.0,0.9018,2527.0
1753592063793,04:54:23.793,huobi,AERO/USDT:USDT,0.8995,389.0,0.8994,6143.0,0.9015,389.0,0.9016,33.0
1753592063850,04:54:23.850,huobi,AERO/USDT:USDT,0.8995,389.0,0.8994,6143.0,0.9015,389.0,0.9017,388.0
1753592063952,04:54:23.952,huobi,AERO/USDT:USDT,0.8995,389.0,0.8994,6143.0,0.9017,388.0,0.9018,2527.0
1753592064028,04:54:24.028,huobi,AERO/USDT:USDT,0.8995,389.0,0.8994,6143.0,0.9017,388.0,0.9018,2527.0
1753592064073,04:54:24.073,huobi,AERO/USDT:USDT,0.8995,389.0,0.8994,6143.0,0.9017,388.0,0.9018,2527.0
1753592064218,04:54:24.218,huobi,AERO/USDT:USDT,0.8996,80.0,0.8995,389.0,0.9017,388.0,0.9018,2527.0
1753592064877,04:54:24.877,huobi,AERO/USDT:USDT,0.8997,389.0,0.8995,389.0,0.9017,388.0,0.9018,2527.0
1753592065549,04:54:25.549,huobi,AERO/USDT:USDT,0.8996,80.0,0.8995,389.0,0.9017,388.0,0.9018,2527.0
1753592065881,04:54:25.881,huobi,AERO/USDT:USDT,0.8997,389.0,0.8996,80.0,0.9017,388.0,0.9018,2527.0
1753592066011,04:54:26.011,huobi,AERO/USDT:USDT,0.8997,389.0,0.8996,80.0,0.9017,388.0,0.9018,2527.0
1753592066207,04:54:26.207,huobi,AERO/USDT:USDT,0.8997,389.0,0.8995,389.0,0.9017,388.0,0.9018,2527.0
1753592066885,04:54:26.885,huobi,AERO/USDT:USDT,0.8996,80.0,0.8995,389.0,0.9017,388.0,0.9018,2527.0
1753592067548,04:54:27.548,huobi,AERO/USDT:USDT,0.8997,389.0,0.8995,389.0,0.9017,388.0,0.9018,2527.0
1753592068224,04:54:28.224,huobi,AERO/USDT:USDT,0.8996,80.0,0.8995,389.0,0.9017,388.0,0.9018,2527.0
1753592068237,04:54:28.237,huobi,AERO/USDT:USDT,0.8997,377.0,0.8996,80.0,0.9017,388.0,0.9018,2527.0
1753592068504,04:54:28.504,huobi,AERO/USDT:USDT,0.8997,377.0,0.8996,80.0,0.9017,388.0,0.9018,2527.0
1753592068886,04:54:28.886,huobi,AERO/USDT:USDT,0.8997,377.0,0.8995,389.0,0.9017,388.0,0.9018,2527.0
1753592068898,04:54:28.898,huobi,AERO/USDT:USDT,0.8995,389.0,0.8994,6143.0,0.9017,388.0,0.9018,2527.0
1753592069559,04:54:29.559,huobi,AERO/USDT:USDT,0.8996,80.0,0.8995,389.0,0.9017,388.0,0.9018,2527.0
1753592070222,04:54:30.222,huobi,AERO/USDT:USDT,0.8997,377.0,0.8995,389.0,0.9017,388.0,0.9018,2527.0
1753592070275,04:54:30.275,huobi,AERO/USDT:USDT,0.8995,389.0,0.8994,6143.0,0.9017,388.0,0.9018,2527.0
1753592070893,04:54:30.893,huobi,AERO/USDT:USDT,0.8996,80.0,0.8995,389.0,0.9017,388.0,0.9018,2527.0
1753592070906,04:54:30.906,huobi,AERO/USDT:USDT,0.8997,377.0,0.8996,80.0,0.9017,388.0,0.9018,2527.0
1753592071553,04:54:31.553,huobi,AERO/USDT:USDT,0.8997,377.0,0.8995,389.0,0.9017,388.0,0.9018,2527.0
1753592071566,04:54:31.566,huobi,AERO/USDT:USDT,0.8995,389.0,0.8994,6143.0,0.9017,388.0,0.9018,2527.0
1753592072225,04:54:32.225,huobi,AERO/USDT:USDT,0.8996,80.0,0.8995,389.0,0.9017,388.0,0.9018,2527.0
1753592072889,04:54:32.889,huobi,AERO/USDT:USDT,0.8997,377.0,0.8995,389.0,0.9017,388.0,0.9018,2527.0
1753592072927,04:54:32.927,huobi,AERO/USDT:USDT,0.8999,377.0,0.8998,2526.0,0.9017,388.0,0.9018,2527.0
1753592072975,04:54:32.975,huobi,AERO/USDT:USDT,0.8999,377.0,0.8998,2526.0,0.9017,388.0,0.9018,2527.0
1753592073018,04:54:33.018,huobi,AERO/USDT:USDT,0.8999,377.0,0.8998,2526.0,0.9017,388.0,0.9018,2527.0
1753592073041,04:54:33.041,huobi,AERO/USDT:USDT,0.8999,377.0,0.8998,2526.0,0.9017,388.0,0.9018,2527.0
1753592073083,04:54:33.083,huobi,AERO/USDT:USDT,0.8999,377.0,0.8998,2526.0,0.9017,388.0,0.9018,2527.0
1753592076581,04:54:36.581,huobi,AERO/USDT:USDT,0.8999,377.0,0.8998,2526.0,0.9017,388.0,0.9018,2527.0
1753592076703,04:54:36.703,huobi,AERO/USDT:USDT,0.8999,377.0,0.8998,2526.0,0.9017,388.0,0.9018,2527.0
1753592076707,04:54:36.707,huobi,AERO/USDT:USDT,0.8999,377.0,0.8998,2526.0,0.9017,388.0,0.9018,2527.0
1753592076731,04:54:36.731,huobi,AERO/USDT:USDT,0.8999,377.0,0.8998,2526.0,0.9017,388.0,0.9018,2527.0
1753592076825,04:54:36.825,huobi,AERO/USDT:USDT,0.8999,377.0,0.8998,2526.0,0.9017,388.0,0.9018,2527.0
1753592077280,04:54:37.280,huobi,AERO/USDT:USDT,0.8999,377.0,0.8998,2526.0,0.9016,83.0,0.9017,388.0
1753592077304,04:54:37.304,huobi,AERO/USDT:USDT,0.8999,377.0,0.8998,2526.0,0.9015,377.0,0.9016,83.0
1753592077331,04:54:37.331,huobi,AERO/USDT:USDT,0.8999,377.0,0.8998,2526.0,0.9014,2526.0,0.9015,377.0
1753592077359,04:54:37.359,huobi,AERO/USDT:USDT,0.8999,377.0,0.8998,2526.0,0.9013,377.0,0.9014,2526.0
1753592077413,04:54:37.413,huobi,AERO/USDT:USDT,0.8999,377.0,0.8998,2526.0,0.9013,377.0,0.9014,2526.0
1753592077426,04:54:37.426,huobi,AERO/USDT:USDT,0.8999,377.0,0.8998,2526.0,0.9013,377.0,0.9014,2526.0
1753592077445,04:54:37.445,huobi,AERO/USDT:USDT,0.8999,377.0,0.8998,2526.0,0.9013,377.0,0.9014,2526.0
1753592077479,04:54:37.479,huobi,AERO/USDT:USDT,0.8999,377.0,0.8998,2526.0,0.9013,377.0,0.9014,2526.0
1753592077508,04:54:37.508,huobi,AERO/USDT:USDT,0.8999,377.0,0.8998,2526.0,0.9013,377.0,0.9014,2526.0
1753592077547,04:54:37.547,huobi,AERO/USDT:USDT,0.8999,377.0,0.8998,2526.0,0.9013,377.0,0.9014,2526.0
1753592078105,04:54:38.105,huobi,AERO/USDT:USDT,0.8999,377.0,0.8998,2526.0,0.9013,377.0,0.9014,2526.0
1753592079023,04:54:39.023,huobi,AERO/USDT:USDT,0.8999,377.0,0.8998,2526.0,0.9013,377.0,0.9014,2526.0
1753592079059,04:54:39.059,huobi,AERO/USDT:USDT,0.8999,377.0,0.8998,2526.0,0.9013,377.0,0.9014,2526.0
1753592079276,04:54:39.276,huobi,AERO/USDT:USDT,0.8999,377.0,0.8998,2526.0,0.9013,377.0,0.9014,2526.0
1753592081848,04:54:41.848,huobi,AERO/USDT:USDT,0.8999,377.0,0.8998,2526.0,0.9013,377.0,0.9014,2526.0
1753592081879,04:54:41.879,huobi,AERO/USDT:USDT,0.8999,377.0,0.8998,2526.0,0.9013,377.0,0.9014,2526.0
1753592081946,04:54:41.946,huobi,AERO/USDT:USDT,0.8999,377.0,0.8998,2526.0,0.9013,377.0,0.9014,2526.0
1753592081992,04:54:41.992,huobi,AERO/USDT:USDT,0.8999,377.0,0.8998,2526.0,0.9013,377.0,0.9014,2526.0
1753592082690,04:54:42.690,huobi,AERO/USDT:USDT,0.9005,28.0,0.8999,377.0,0.9013,377.0,0.9014,2526.0
1753592082702,04:54:42.702,huobi,AERO/USDT:USDT,0.8999,377.0,0.8998,2526.0,0.9013,377.0,0.9014,2526.0
1753592082764,04:54:42.764,huobi,AERO/USDT:USDT,0.8999,377.0,0.8998,2526.0,0.9013,377.0,0.9014,2526.0
1753592082989,04:54:42.989,huobi,AERO/USDT:USDT,0.8999,377.0,0.8998,2526.0,0.9013,377.0,0.9014,2526.0
1753592083009,04:54:43.009,huobi,AERO/USDT:USDT,0.8999,377.0,0.8998,2526.0,0.9013,377.0,0.9014,2526.0
1753592083041,04:54:43.041,huobi,AERO/USDT:USDT,0.8999,377.0,0.8998,2526.0,0.9013,377.0,0.9014,2526.0
1753592083059,04:54:43.059,huobi,AERO/USDT:USDT,0.8999,377.0,0.8998,2526.0,0.9013,377.0,0.9014,2526.0
1753592083171,04:54:43.171,huobi,AERO/USDT:USDT,0.8999,377.0,0.8998,2526.0,0.9013,377.0,0.9014,2526.0
1753592087280,04:54:47.280,huobi,AERO/USDT:USDT,0.8999,377.0,0.8998,2526.0,0.9013,377.0,0.9014,2526.0
1753592087317,04:54:47.317,huobi,AERO/USDT:USDT,0.8999,377.0,0.8998,2526.0,0.9013,377.0,0.9014,2526.0
1753592087704,04:54:47.704,huobi,AERO/USDT:USDT,0.8999,377.0,0.8998,2526.0,0.9013,377.0,0.9014,2526.0
1753592092504,04:54:52.504,huobi,AERO/USDT:USDT,0.8999,377.0,0.8998,2526.0,0.9013,377.0,0.9014,2526.0
1753592092538,04:54:52.538,huobi,AERO/USDT:USDT,0.8999,377.0,0.8998,2526.0,0.9013,377.0,0.9014,2526.0
1753592093935,04:54:53.935,huobi,AERO/USDT:USDT,0.8999,377.0,0.8998,2526.0,0.9013,377.0,0.9014,2526.0
1753592093992,04:54:53.992,huobi,AERO/USDT:USDT,0.8999,377.0,0.8998,2526.0,0.9013,377.0,0.9014,2526.0
1753592096166,04:54:56.166,huobi,AERO/USDT:USDT,0.8999,377.0,0.8998,2526.0,0.9006,21.0,0.9013,377.0
1753592096223,04:54:56.223,huobi,AERO/USDT:USDT,0.8999,377.0,0.8998,2526.0,0.9013,377.0,0.9014,2526.0
1753592096277,04:54:56.277,huobi,AERO/USDT:USDT,0.8999,377.0,0.8998,2526.0,0.9013,377.0,0.9014,2526.0
1753592096296,04:54:56.296,huobi,AERO/USDT:USDT,0.8999,377.0,0.8998,2526.0,0.9013,377.0,0.9014,2526.0
1753592096337,04:54:56.337,huobi,AERO/USDT:USDT,0.8999,377.0,0.8998,2526.0,0.9013,377.0,0.9014,2526.0
1753592097303,04:54:57.303,huobi,AERO/USDT:USDT,0.8999,377.0,0.8998,2526.0,0.9013,377.0,0.9014,2526.0
1753592097317,04:54:57.317,huobi,AERO/USDT:USDT,0.8999,377.0,0.8998,2526.0,0.9013,377.0,0.9014,2526.0
1753592097349,04:54:57.349,huobi,AERO/USDT:USDT,0.8999,377.0,0.8998,2526.0,0.9013,377.0,0.9014,2526.0
1753592097381,04:54:57.381,huobi,AERO/USDT:USDT,0.8999,377.0,0.8998,2526.0,0.9013,377.0,0.9014,2526.0
1753592097621,04:54:57.621,huobi,AERO/USDT:USDT,0.8999,377.0,0.8998,2526.0,0.9013,377.0,0.9015,377.0
1753592097634,04:54:57.634,huobi,AERO/USDT:USDT,0.8999,377.0,0.8998,2526.0,0.9015,377.0,0.9016,83.0
1753592097665,04:54:57.665,huobi,AERO/USDT:USDT,0.8999,377.0,0.8998,2526.0,0.9015,377.0,0.9017,2527.0
1753592097707,04:54:57.707,huobi,AERO/USDT:USDT,0.8999,377.0,0.8998,2526.0,0.9015,377.0,0.9017,2527.0
1753592097724,04:54:57.724,huobi,AERO/USDT:USDT,0.8999,377.0,0.8998,2526.0,0.9015,377.0,0.9017,2527.0
1753592097760,04:54:57.760,huobi,AERO/USDT:USDT,0.8999,377.0,0.8998,2526.0,0.9015,377.0,0.9017,2527.0
1753592098858,04:54:58.858,huobi,AERO/USDT:USDT,0.8999,377.0,0.8998,2526.0,0.9015,377.0,0.9017,2527.0
1753592100995,04:55:00.995,huobi,AERO/USDT:USDT,0.8999,377.0,0.8998,2526.0,0.9015,377.0,0.9017,2527.0
1753592102105,04:55:02.105,huobi,AERO/USDT:USDT,0.8999,377.0,0.8998,2526.0,0.9015,377.0,0.9017,2527.0
1753592106905,04:55:06.905,huobi,AERO/USDT:USDT,0.8999,377.0,0.8998,2526.0,0.9015,377.0,0.9017,2527.0
1753592106994,04:55:06.994,huobi,AERO/USDT:USDT,0.8999,377.0,0.8998,2526.0,0.9015,377.0,0.9017,2527.0
1753592107050,04:55:07.050,huobi,AERO/USDT:USDT,0.8999,377.0,0.8998,2908.0,0.9015,377.0,0.9017,2527.0
1753592111708,04:55:11.708,huobi,AERO/USDT:USDT,0.8999,377.0,0.8998,2908.0,0.9015,377.0,0.9017,2527.0
1753592114181,04:55:14.181,huobi,AERO/USDT:USDT,0.8999,377.0,0.8998,2908.0,0.9008,2.0,0.9015,377.0
1753592114194,04:55:14.194,huobi,AERO/USDT:USDT,0.8999,377.0,0.8998,2908.0,0.9007,379.0,0.9015,377.0
1753592114247,04:55:14.247,huobi,AERO/USDT:USDT,0.8999,377.0,0.8998,2908.0,0.9007,379.0,0.9015,377.0
1753592114255,04:55:14.255,huobi,AERO/USDT:USDT,0.8999,377.0,0.8998,2908.0,0.9007,379.0,0.9015,377.0
1753592114296,04:55:14.296,huobi,AERO/USDT:USDT,0.8999,377.0,0.8998,2908.0,0.9007,379.0,0.9015,377.0
1753592114352,04:55:14.352,huobi,AERO/USDT:USDT,0.8999,377.0,0.8998,2908.0,0.9015,377.0,0.9017,2527.0
1753592114404,04:55:14.404,huobi,AERO/USDT:USDT,0.8999,377.0,0.8998,2908.0,0.9015,377.0,0.9017,2527.0
1753592114467,04:55:14.467,huobi,AERO/USDT:USDT,0.8999,377.0,0.8998,2908.0,0.9015,377.0,0.9017,2527.0
1753592116505,04:55:16.505,huobi,AERO/USDT:USDT,0.8999,377.0,0.8998,2908.0,0.9015,377.0,0.9017,2527.0
1753592121305,04:55:21.305,huobi,AERO/USDT:USDT,0.8999,377.0,0.8998,2908.0,0.9015,377.0,0.9017,2527.0
1753592122793,04:55:22.793,huobi,AERO/USDT:USDT,0.8999,377.0,0.8998,2908.0,0.9015,377.0,0.9017,2527.0
1753592122856,04:55:22.856,huobi,AERO/USDT:USDT,0.8999,377.0,0.8998,2908.0,0.9015,377.0,0.9017,2527.0
1753592122857,04:55:22.857,huobi,AERO/USDT:USDT,0.8999,377.0,0.8998,2908.0,0.9015,377.0,0.9017,2527.0
1753592122897,04:55:22.897,huobi,AERO/USDT:USDT,0.8999,377.0,0.8998,2908.0,0.9015,377.0,0.9017,2527.0
1753592122933,04:55:22.933,huobi,AERO/USDT:USDT,0.8999,377.0,0.8998,2908.0,0.9015,377.0,0.9017,2527.0
1753592123258,04:55:23.258,huobi,AERO/USDT:USDT,0.8999,377.0,0.8998,2908.0,0.9015,377.0,0.9017,2527.0
1753592123291,04:55:23.291,huobi,AERO/USDT:USDT,0.8999,377.0,0.8998,2908.0,0.9015,377.0,0.9017,2527.0
1753592124478,04:55:24.478,huobi,AERO/USDT:USDT,0.8999,377.0,0.8998,2908.0,0.9014,83.0,0.9015,377.0
1753592124489,04:55:24.489,huobi,AERO/USDT:USDT,0.8999,377.0,0.8998,2908.0,0.9013,388.0,0.9014,83.0
1753592128913,04:55:28.913,huobi,AERO/USDT:USDT,0.9006,11.0,0.8999,377.0,0.9013,388.0,0.9014,83.0
1753592128923,04:55:28.923,huobi,AERO/USDT:USDT,0.8999,377.0,0.8998,2908.0,0.9013,388.0,0.9014,83.0
1753592130905,04:55:30.905,huobi,AERO/USDT:USDT,0.8999,377.0,0.8998,2908.0,0.9013,388.0,0.9014,83.0
1753592135453,04:55:35.453,huobi,AERO/USDT:USDT,0.8999,377.0,0.8998,2908.0,0.9013,388.0,0.9015,377.0
1753592135464,04:55:35.464,huobi,AERO/USDT:USDT,0.8999,377.0,0.8998,2908.0,0.9015,377.0,0.9017,2527.0
1753592135549,04:55:35.549,huobi,AERO/USDT:USDT,0.8999,377.0,0.8998,2908.0,0.9015,377.0,0.9017,2527.0
1753592135569,04:55:35.569,huobi,AERO/USDT:USDT,0.8999,377.0,0.8998,2908.0,0.9015,377.0,0.9017,2527.0
1753592135586,04:55:35.586,huobi,AERO/USDT:USDT,0.8999,377.0,0.8998,2908.0,0.9015,377.0,0.9017,2527.0
1753592135715,04:55:35.715,huobi,AERO/USDT:USDT,0.8999,377.0,0.8998,2908.0,0.9015,377.0,0.9017,2527.0
1753592137927,04:55:37.927,huobi,AERO/USDT:USDT,0.8999,377.0,0.8998,2908.0,0.9014,83.0,0.9015,377.0
1753592140505,04:55:40.505,huobi,AERO/USDT:USDT,0.8999,377.0,0.8998,2908.0,0.9013,392.0,0.9014,83.0
1753592140562,04:55:40.562,huobi,AERO/USDT:USDT,0.8999,377.0,0.8998,2908.0,0.9013,392.0,0.9014,83.0
1753592140585,04:55:40.585,huobi,AERO/USDT:USDT,0.8999,377.0,0.8998,2908.0,0.9013,392.0,0.9014,83.0
1753592140622,04:55:40.622,huobi,AERO/USDT:USDT,0.8999,377.0,0.8998,2908.0,0.9013,392.0,0.9014,83.0
1753592141149,04:55:41.149,huobi,AERO/USDT:USDT,0.8999,377.0,0.8998,2908.0,0.9013,392.0,0.9014,83.0
1753592141181,04:55:41.181,huobi,AERO/USDT:USDT,0.8999,377.0,0.8998,2908.0,0.9013,392.0,0.9014,83.0
1753592141272,04:55:41.272,huobi,AERO/USDT:USDT,0.8999,377.0,0.8998,2908.0,0.9013,392.0,0.9015,377.0
1753592141284,04:55:41.284,huobi,AERO/USDT:USDT,0.8999,377.0,0.8998,2908.0,0.9015,377.0,0.9017,2527.0
1753592141330,04:55:41.330,huobi,AERO/USDT:USDT,0.8999,377.0,0.8998,2908.0,0.9015,377.0,0.9017,2527.0
1753592141350,04:55:41.350,huobi,AERO/USDT:USDT,0.8999,377.0,0.8998,2908.0,0.9015,377.0,0.9017,2527.0
1753592141379,04:55:41.379,huobi,AERO/USDT:USDT,0.8999,377.0,0.8998,2908.0,0.9015,377.0,0.9017,2527.0
1753592143616,04:55:43.616,huobi,AERO/USDT:USDT,0.8999,377.0,0.8998,2908.0,0.9005,23.0,0.9015,377.0
1753592143623,04:55:43.623,huobi,AERO/USDT:USDT,0.8999,377.0,0.8998,2908.0,0.9015,377.0,0.9017,2527.0
1753592143669,04:55:43.669,huobi,AERO/USDT:USDT,0.8999,377.0,0.8998,2908.0,0.9015,377.0,0.9017,2527.0
1753592143686,04:55:43.686,huobi,AERO/USDT:USDT,0.8999,377.0,0.8998,2908.0,0.9015,377.0,0.9017,2527.0
1753592143720,04:55:43.720,huobi,AERO/USDT:USDT,0.8999,377.0,0.8998,2908.0,0.9015,377.0,0.9017,2527.0
1753592143746,04:55:43.746,huobi,AERO/USDT:USDT,0.8999,377.0,0.8998,2908.0,0.9015,377.0,0.9017,2527.0
1753592143774,04:55:43.774,huobi,AERO/USDT:USDT,0.8999,377.0,0.8998,2908.0,0.9015,377.0,0.9017,2527.0
1753592145307,04:55:45.307,huobi,AERO/USDT:USDT,0.8999,377.0,0.8998,2908.0,0.9015,377.0,0.9017,2527.0
1753592145355,04:55:45.355,huobi,AERO/USDT:USDT,0.8999,377.0,0.8998,2908.0,0.9015,377.0,0.9017,2527.0
1753592145375,04:55:45.375,huobi,AERO/USDT:USDT,0.8999,377.0,0.8998,2908.0,0.9015,377.0,0.9017,2527.0
1753592145412,04:55:45.412,huobi,AERO/USDT:USDT,0.8999,377.0,0.8998,2908.0,0.9015,377.0,0.9017,2527.0
1753592154906,04:55:54.906,huobi,AERO/USDT:USDT,0.8999,377.0,0.8998,2908.0,0.9015,377.0,0.9017,2527.0
1753592156433,04:55:56.433,huobi,AERO/USDT:USDT,0.8999,377.0,0.8998,2908.0,0.9015,377.0,0.9017,2527.0
1753592156473,04:55:56.473,huobi,AERO/USDT:USDT,0.8999,377.0,0.8998,2908.0,0.9015,377.0,0.9017,2527.0
1753592156573,04:55:56.573,huobi,AERO/USDT:USDT,0.8999,377.0,0.8998,2908.0,0.9015,377.0,0.9017,2527.0
1753592156722,04:55:56.722,huobi,AERO/USDT:USDT,0.8999,377.0,0.8998,2908.0,0.9015,377.0,0.9019,389.0
1753592156738,04:55:56.738,huobi,AERO/USDT:USDT,0.8999,377.0,0.8998,2908.0,0.9019,389.0,0.9021,6148.0
1753592156817,04:55:56.817,huobi,AERO/USDT:USDT,0.8999,377.0,0.8998,2908.0,0.9019,389.0,0.902,2526.0
1753592156826,04:55:56.826,huobi,AERO/USDT:USDT,0.8999,377.0,0.8998,2908.0,0.9019,389.0,0.902,2526.0
1753592156867,04:55:56.867,huobi,AERO/USDT:USDT,0.8999,377.0,0.8998,2908.0,0.9019,389.0,0.902,2910.0
1753592156891,04:55:56.891,huobi,AERO/USDT:USDT,0.8999,377.0,0.8998,2908.0,0.9019,389.0,0.902,2910.0
1753592156922,04:55:56.922,huobi,AERO/USDT:USDT,0.8999,377.0,0.8998,2908.0,0.9019,389.0,0.902,2910.0
1753592157500,04:55:57.500,huobi,AERO/USDT:USDT,0.8999,377.0,0.8998,2908.0,0.9013,33.0,0.9019,389.0
1753592157514,04:55:57.514,huobi,AERO/USDT:USDT,0.8999,377.0,0.8998,2908.0,0.9012,384.0,0.9019,389.0
1753592157557,04:55:57.557,huobi,AERO/USDT:USDT,0.9,384.0,0.8999,457.0,0.9019,389.0,0.902,2910.0
1753592157574,04:55:57.574,huobi,AERO/USDT:USDT,0.9,384.0,0.8999,457.0,0.9019,389.0,0.902,2910.0
1753592157607,04:55:57.607,huobi,AERO/USDT:USDT,0.9,384.0,0.8999,457.0,0.9019,389.0,0.902,2910.0
1753592157637,04:55:57.637,huobi,AERO/USDT:USDT,0.9,384.0,0.8999,457.0,0.9019,389.0,0.902,2910.0
1753592157672,04:55:57.672,huobi,AERO/USDT:USDT,0.9,384.0,0.8999,457.0,0.9019,389.0,0.902,2910.0
1753592157698,04:55:57.698,huobi,AERO/USDT:USDT,0.9,384.0,0.8999,457.0,0.9019,389.0,0.902,2910.0
1753592157730,04:55:57.730,huobi,AERO/USDT:USDT,0.9,384.0,0.8999,457.0,0.9019,389.0,0.902,2910.0
1753592158388,04:55:58.388,huobi,AERO/USDT:USDT,0.9,384.0,0.8999,457.0,0.9019,389.0,0.902,2910.0
1753592158448,04:55:58.448,huobi,AERO/USDT:USDT,0.9,384.0,0.8999,457.0,0.9019,389.0,0.902,2910.0
1753592158863,04:55:58.863,huobi,AERO/USDT:USDT,0.9,384.0,0.8999,377.0,0.9019,389.0,0.902,2910.0
1753592158868,04:55:58.868,huobi,AERO/USDT:USDT,0.9,384.0,0.8999,377.0,0.9019,389.0,0.902,2910.0
1753592158919,04:55:58.919,huobi,AERO/USDT:USDT,0.8999,377.0,0.8998,2908.0,0.9019,389.0,0.902,2910.0
1753592158933,04:55:58.933,huobi,AERO/USDT:USDT,0.8999,377.0,0.8998,2908.0,0.9019,389.0,0.902,2910.0
1753592159000,04:55:59.000,huobi,AERO/USDT:USDT,0.9,80.0,0.8999,377.0,0.9019,389.0,0.902,2910.0
1753592159135,04:55:59.135,huobi,AERO/USDT:USDT,0.9001,385.0,0.9,80.0,0.9019,389.0,0.902,2910.0
1753592159659,04:55:59.659,huobi,AERO/USDT:USDT,0.9001,385.0,0.8999,377.0,0.9019,389.0,0.902,2910.0
1753592159705,04:55:59.705,huobi,AERO/USDT:USDT,0.8999,377.0,0.8998,2908.0,0.9019,389.0,0.902,2910.0
1753592160711,04:56:00.711,huobi,AERO/USDT:USDT,0.9,80.0,0.8999,377.0,0.9019,389.0,0.902,2910.0
1753592160723,04:56:00.723,huobi,AERO/USDT:USDT,0.9001,385.0,0.9,80.0,0.9019,389.0,0.902,2910.0
1753592161373,04:56:01.373,huobi,AERO/USDT:USDT,0.9001,385.0,0.8999,377.0,0.9019,389.0,0.902,2910.0
1753592161385,04:56:01.385,huobi,AERO/USDT:USDT,0.8999,377.0,0.8998,2908.0,0.9019,389.0,0.902,2910.0
1753592161801,04:56:01.801,huobi,AERO/USDT:USDT,0.8999,377.0,0.8998,2908.0,0.9019,389.0,0.902,2910.0
1753592162082,04:56:02.082,huobi,AERO/USDT:USDT,0.9,80.0,0.8999,377.0,0.9019,389.0,0.902,2910.0
1753592162118,04:56:02.118,huobi,AERO/USDT:USDT,0.9001,385.0,0.9,80.0,0.9019,389.0,0.902,2910.0
1753592162195,04:56:02.195,huobi,AERO/USDT:USDT,0.9001,385.0,0.9,80.0,0.9019,389.0,0.902,2910.0
1753592162226,04:56:02.226,huobi,AERO/USDT:USDT,0.9001,385.0,0.9,80.0,0.9019,389.0,0.902,2910.0
1753592162740,04:56:02.740,huobi,AERO/USDT:USDT,0.9001,385.0,0.8999,377.0,0.9019,389.0,0.902,2910.0
1753592162791,04:56:02.791,huobi,AERO/USDT:USDT,0.8999,377.0,0.8998,2908.0,0.9019,389.0,0.902,2910.0
1753592162843,04:56:02.843,huobi,AERO/USDT:USDT,0.8999,377.0,0.8998,2908.0,0.9019,389.0,0.902,2910.0
1753592162883,04:56:02.883,huobi,AERO/USDT:USDT,0.8999,377.0,0.8998,2908.0,0.9019,389.0,0.902,2910.0
1753592162939,04:56:02.939,huobi,AERO/USDT:USDT,0.8999,377.0,0.8998,2908.0,0.9019,389.0,0.902,2910.0
1753592162968,04:56:02.968,huobi,AERO/USDT:USDT,0.8999,377.0,0.8998,2908.0,0.9019,389.0,0.902,2910.0
1753592163413,04:56:03.413,huobi,AERO/USDT:USDT,0.9,80.0,0.8999,377.0,0.9019,389.0,0.902,2910.0
1753592163425,04:56:03.425,huobi,AERO/USDT:USDT,0.9001,385.0,0.9,80.0,0.9019,389.0,0.902,2910.0
1753592164072,04:56:04.072,huobi,AERO/USDT:USDT,0.9001,385.0,0.8999,377.0,0.9019,389.0,0.902,2910.0
1753592164084,04:56:04.084,huobi,AERO/USDT:USDT,0.8999,377.0,0.8998,2908.0,0.9019,389.0,0.902,2910.0
1753592164507,04:56:04.507,huobi,AERO/USDT:USDT,0.8999,377.0,0.8998,2908.0,0.9019,389.0,0.902,2910.0
1753592164757,04:56:04.757,huobi,AERO/USDT:USDT,0.9,80.0,0.8999,377.0,0.9019,389.0,0.902,2910.0
1753592165418,04:56:05.418,huobi,AERO/USDT:USDT,0.9001,385.0,0.8999,377.0,0.9019,389.0,0.902,2910.0
1753592166101,04:56:06.101,huobi,AERO/USDT:USDT,0.9,80.0,0.8999,377.0,0.9019,389.0,0.902,2910.0
1753592166763,04:56:06.763,huobi,AERO/USDT:USDT,0.9001,385.0,0.8999,377.0,0.9019,389.0,0.902,2910.0
1753592167435,04:56:07.435,huobi,AERO/USDT:USDT,0.9,30.0,0.8999,377.0,0.9019,389.0,0.902,2910.0
1753592167447,04:56:07.447,huobi,AERO/USDT:USDT,0.9001,385.0,0.9,30.0,0.9019,389.0,0.902,2910.0
1753592168095,04:56:08.095,huobi,AERO/USDT:USDT,0.9001,385.0,0.8999,377.0,0.9019,389.0,0.902,2910.0
1753592168105,04:56:08.105,huobi,AERO/USDT:USDT,0.8999,377.0,0.8998,2908.0,0.9019,389.0,0.902,2910.0
1753592168779,04:56:08.779,huobi,AERO/USDT:USDT,0.9,30.0,0.8999,377.0,0.9019,389.0,0.902,2910.0
1753592169307,04:56:09.307,huobi,AERO/USDT:USDT,0.9001,383.0,0.9,30.0,0.9019,389.0,0.902,2910.0
1753592169437,04:56:09.437,huobi,AERO/USDT:USDT,0.9001,383.0,0.8999,377.0,0.9019,389.0,0.902,2910.0
1753592169454,04:56:09.454,huobi,AERO/USDT:USDT,0.8999,377.0,0.8998,2908.0,0.9019,389.0,0.902,2910.0
1753592169511,04:56:09.511,huobi,AERO/USDT:USDT,0.8999,377.0,0.8998,2908.0,0.9019,389.0,0.902,2910.0
1753592169527,04:56:09.527,huobi,AERO/USDT:USDT,0.8999,377.0,0.8998,2908.0,0.9019,389.0,0.902,2910.0
1753592170109,04:56:10.109,huobi,AERO/USDT:USDT,0.9,30.0,0.8999,377.0,0.9019,389.0,0.902,2910.0
1753592170120,04:56:10.120,huobi,AERO/USDT:USDT,0.9001,383.0,0.9,30.0,0.9019,389.0,0.902,2910.0
1753592170182,04:56:10.182,huobi,AERO/USDT:USDT,0.9001,383.0,0.9,30.0,0.9019,389.0,0.902,2910.0
1753592170408,04:56:10.408,huobi,AERO/USDT:USDT,0.9001,383.0,0.9,30.0,0.9019,389.0,0.902,2910.0
1753592170767,04:56:10.767,huobi,AERO/USDT:USDT,0.9001,383.0,0.8999,377.0,0.9019,389.0,0.902,2910.0
1753592170778,04:56:10.778,huobi,AERO/USDT:USDT,0.8999,377.0,0.8998,2908.0,0.9019,389.0,0.902,2910.0
1753592170832,04:56:10.832,huobi,AERO/USDT:USDT,0.8999,377.0,0.8998,2908.0,0.9019,389.0,0.902,2910.0
1753592170840,04:56:10.840,huobi,AERO/USDT:USDT,0.8999,377.0,0.8998,2908.0,0.9019,389.0,0.902,2910.0
1753592171491,04:56:11.491,huobi,AERO/USDT:USDT,0.9,30.0,0.8999,377.0,0.9019,389.0,0.902,2910.0
1753592171502,04:56:11.502,huobi,AERO/USDT:USDT,0.9001,383.0,0.9,30.0,0.9019,389.0,0.902,2910.0
1753592171524,04:56:11.524,huobi,AERO/USDT:USDT,0.9001,383.0,0.9,30.0,0.9019,389.0,0.902,2910.0
1753592171575,04:56:11.575,huobi,AERO/USDT:USDT,0.9001,383.0,0.9,30.0,0.9019,389.0,0.902,2910.0
1753592171585,04:56:11.585,huobi,AERO/USDT:USDT,0.9001,383.0,0.9,30.0,0.9019,389.0,0.902,2910.0
1753592172150,04:56:12.150,huobi,AERO/USDT:USDT,0.9001,383.0,0.8999,377.0,0.9019,389.0,0.902,2910.0
1753592172159,04:56:12.159,huobi,AERO/USDT:USDT,0.8999,377.0,0.8998,2908.0,0.9019,389.0,0.902,2910.0
1753592172211,04:56:12.211,huobi,AERO/USDT:USDT,0.8999,377.0,0.8998,2908.0,0.9019,389.0,0.902,2910.0
1753592172220,04:56:12.220,huobi,AERO/USDT:USDT,0.8999,377.0,0.8998,2908.0,0.9019,389.0,0.902,2910.0
1753592172833,04:56:12.833,huobi,AERO/USDT:USDT,0.9,30.0,0.8999,377.0,0.9019,389.0,0.902,2910.0
1753592172849,04:56:12.849,huobi,AERO/USDT:USDT,0.9001,383.0,0.9,30.0,0.9019,389.0,0.902,2910.0
1753592172877,04:56:12.877,huobi,AERO/USDT:USDT,0.9001,383.0,0.9,30.0,0.9019,389.0,0.902,2910.0
1753592172909,04:56:12.909,huobi,AERO/USDT:USDT,0.9001,383.0,0.9,30.0,0.9019,389.0,0.902,2910.0
1753592173502,04:56:13.502,huobi,AERO/USDT:USDT,0.9001,383.0,0.8999,377.0,0.9019,389.0,0.902,2910.0
1753592173513,04:56:13.513,huobi,AERO/USDT:USDT,0.8999,377.0,0.8998,2908.0,0.9019,389.0,0.902,2910.0
1753592173534,04:56:13.534,huobi,AERO/USDT:USDT,0.8999,377.0,0.8998,2908.0,0.9019,389.0,0.902,2910.0
1753592173593,04:56:13.593,huobi,AERO/USDT:USDT,0.8999,377.0,0.8998,2908.0,0.9019,389.0,0.902,2910.0
1753592174106,04:56:14.106,huobi,AERO/USDT:USDT,0.8999,377.0,0.8998,2908.0,0.9019,389.0,0.902,2910.0
1753592174184,04:56:14.184,huobi,AERO/USDT:USDT,0.9,30.0,0.8999,377.0,0.9019,389.0,0.902,2910.0
1753592174195,04:56:14.195,huobi,AERO/USDT:USDT,0.9001,383.0,0.9,30.0,0.9019,389.0,0.902,2910.0
1753592174264,04:56:14.264,huobi,AERO/USDT:USDT,0.9001,383.0,0.9,30.0,0.9019,389.0,0.902,2910.0
1753592174854,04:56:14.854,huobi,AERO/USDT:USDT,0.9001,383.0,0.8999,377.0,0.9019,389.0,0.902,2910.0
1753592175527,04:56:15.527,huobi,AERO/USDT:USDT,0.9,80.0,0.8999,377.0,0.9019,389.0,0.902,2910.0
1753592175549,04:56:15.549,huobi,AERO/USDT:USDT,0.9001,383.0,0.9,80.0,0.9019,389.0,0.902,2910.0
1753592175581,04:56:15.581,huobi,AERO/USDT:USDT,0.9001,383.0,0.9,80.0,0.9019,389.0,0.902,2910.0
1753592176188,04:56:16.188,huobi,AERO/USDT:USDT,0.9001,383.0,0.8999,377.0,0.9019,389.0,0.902,2910.0
1753592176203,04:56:16.203,huobi,AERO/USDT:USDT,0.8999,377.0,0.8998,2908.0,0.9019,389.0,0.902,2910.0
1753592176249,04:56:16.249,huobi,AERO/USDT:USDT,0.8999,377.0,0.8998,2908.0,0.9019,389.0,0.902,2910.0
1753592176263,04:56:16.263,huobi,AERO/USDT:USDT,0.8999,377.0,0.8998,2908.0,0.9019,389.0,0.902,2910.0
1753592176321,04:56:16.321,huobi,AERO/USDT:USDT,0.8999,377.0,0.8998,2908.0,0.9019,389.0,0.902,2910.0
1753592176328,04:56:16.328,huobi,AERO/USDT:USDT,0.8999,377.0,0.8998,2908.0,0.9019,389.0,0.902,2910.0
1753592176910,04:56:16.910,huobi,AERO/USDT:USDT,0.9,80.0,0.8999,377.0,0.9019,389.0,0.902,2910.0
1753592177564,04:56:17.564,huobi,AERO/USDT:USDT,0.9014,31.0,0.9001,383.0,0.9019,389.0,0.902,2910.0
1753592177583,04:56:17.583,huobi,AERO/USDT:USDT,0.9001,383.0,0.8999,377.0,0.9019,389.0,0.902,2910.0
1753592177622,04:56:17.622,huobi,AERO/USDT:USDT,0.9001,33.0,0.8999,377.0,0.9019,389.0,0.902,2910.0
1753592177903,04:56:17.903,huobi,AERO/USDT:USDT,0.9002,383.0,0.9001,33.0,0.9019,389.0,0.902,2910.0
1753592177916,04:56:17.916,huobi,AERO/USDT:USDT,0.9002,383.0,0.8999,377.0,0.9019,389.0,0.902,2910.0
1753592177963,04:56:17.963,huobi,AERO/USDT:USDT,0.9002,383.0,0.8999,377.0,0.9019,389.0,0.902,2910.0
1753592178062,04:56:18.062,huobi,AERO/USDT:USDT,0.8999,377.0,0.8998,2908.0,0.9019,389.0,0.902,2910.0
1753592178075,04:56:18.075,huobi,AERO/USDT:USDT,0.8999,377.0,0.8998,2908.0,0.9019,389.0,0.902,2910.0
1753592178099,04:56:18.099,huobi,AERO/USDT:USDT,0.8999,377.0,0.8998,2908.0,0.9019,389.0,0.902,2910.0
1753592178130,04:56:18.130,huobi,AERO/USDT:USDT,0.8999,377.0,0.8998,2908.0,0.9019,389.0,0.902,2910.0
1753592178278,04:56:18.278,huobi,AERO/USDT:USDT,0.9,80.0,0.8999,377.0,0.9019,389.0,0.902,2910.0
1753592178905,04:56:18.905,huobi,AERO/USDT:USDT,0.9001,389.0,0.9,80.0,0.9019,389.0,0.902,2910.0
1753592178980,04:56:18.980,huobi,AERO/USDT:USDT,0.9001,389.0,0.9,80.0,0.9019,389.0,0.902,2910.0
1753592179049,04:56:19.049,huobi,AERO/USDT:USDT,0.9001,389.0,0.8999,377.0,0.9019,389.0,0.902,2910.0
1753592179056,04:56:19.056,huobi,AERO/USDT:USDT,0.9001,389.0,0.8999,377.0,0.9019,389.0,0.902,2910.0
1753592179660,04:56:19.660,huobi,AERO/USDT:USDT,0.9,80.0,0.8999,377.0,0.9019,389.0,0.902,2910.0
1753592179717,04:56:19.717,huobi,AERO/USDT:USDT,0.9001,389.0,0.9,80.0,0.9019,389.0,0.902,2910.0
1753592179748,04:56:19.748,huobi,AERO/USDT:USDT,0.9001,389.0,0.9,80.0,0.9019,389.0,0.902,2910.0
1753592179800,04:56:19.800,huobi,AERO/USDT:USDT,0.9001,389.0,0.9,80.0,0.9019,389.0,0.902,2910.0
1753592180323,04:56:20.323,huobi,AERO/USDT:USDT,0.9001,389.0,0.8999,377.0,0.9019,389.0,0.902,2910.0
1753592180402,04:56:20.402,huobi,AERO/USDT:USDT,0.8999,377.0,0.8998,2908.0,0.9019,389.0,0.902,2910.0
1753592180423,04:56:20.423,huobi,AERO/USDT:USDT,0.8999,377.0,0.8998,2908.0,0.9019,389.0,0.902,2910.0
1753592180481,04:56:20.481,huobi,AERO/USDT:USDT,0.8999,377.0,0.8998,2908.0,0.9019,389.0,0.902,2910.0
1753592180714,04:56:20.714,huobi,AERO/USDT:USDT,0.8999,377.0,0.8998,2908.0,0.9019,389.0,0.902,2910.0
1753592180766,04:56:20.766,huobi,AERO/USDT:USDT,0.8999,377.0,0.8998,2908.0,0.9019,389.0,0.902,2910.0
1753592180868,04:56:20.868,huobi,AERO/USDT:USDT,0.8999,377.0,0.8998,2908.0,0.9019,389.0,0.902,2910.0
1753592180919,04:56:20.919,huobi,AERO/USDT:USDT,0.8999,377.0,0.8998,2908.0,0.9019,389.0,0.902,2910.0
1753592181052,04:56:21.052,huobi,AERO/USDT:USDT,0.9,80.0,0.8999,377.0,0.9019,389.0,0.902,2910.0
1753592181066,04:56:21.066,huobi,AERO/USDT:USDT,0.9001,389.0,0.9,80.0,0.9019,389.0,0.902,2910.0
1753592181133,04:56:21.133,huobi,AERO/USDT:USDT,0.9001,389.0,0.9,80.0,0.9019,389.0,0.902,2910.0
1753592181217,04:56:21.217,huobi,AERO/USDT:USDT,0.9001,389.0,0.9,80.0,0.9019,389.0,0.902,2910.0
1753592181711,04:56:21.711,huobi,AERO/USDT:USDT,0.9001,389.0,0.8999,377.0,0.9019,389.0,0.902,2910.0
1753592182436,04:56:22.436,huobi,AERO/USDT:USDT,0.9,80.0,0.8999,377.0,0.9019,389.0,0.902,2910.0
1753592182449,04:56:22.449,huobi,AERO/USDT:USDT,0.9001,389.0,0.9,80.0,0.9019,389.0,0.902,2910.0
1753592182513,04:56:22.513,huobi,AERO/USDT:USDT,0.9001,389.0,0.9,80.0,0.9019,389.0,0.902,2910.0
1753592182563,04:56:22.563,huobi,AERO/USDT:USDT,0.9001,389.0,0.9,80.0,0.9019,389.0,0.902,2910.0
1753592183093,04:56:23.093,huobi,AERO/USDT:USDT,0.9001,389.0,0.8999,377.0,0.9019,389.0,0.902,2910.0
1753592183104,04:56:23.104,huobi,AERO/USDT:USDT,0.8999,377.0,0.8998,2908.0,0.9019,389.0,0.902,2910.0
1753592183168,04:56:23.168,huobi,AERO/USDT:USDT,0.8999,377.0,0.8998,2908.0,0.9019,389.0,0.902,2910.0
1753592183374,04:56:23.374,huobi,AERO/USDT:USDT,0.8999,377.0,0.8998,2908.0,0.9019,389.0,0.902,2910.0
1753592183708,04:56:23.708,huobi,AERO/USDT:USDT,0.8999,377.0,0.8998,2908.0,0.9019,389.0,0.902,2910.0
1753592183748,04:56:23.748,huobi,AERO/USDT:USDT,0.8999,377.0,0.8998,2908.0,0.9019,389.0,0.902,2910.0
1753592183775,04:56:23.775,huobi,AERO/USDT:USDT,0.9,80.0,0.8999,377.0,0.9019,389.0,0.902,2910.0
1753592184433,04:56:24.433,huobi,AERO/USDT:USDT,0.9001,389.0,0.8999,377.0,0.9019,389.0,0.902,2910.0
1753592184456,04:56:24.456,huobi,AERO/USDT:USDT,0.8999,377.0,0.8998,2908.0,0.9019,389.0,0.902,2910.0
1753592184493,04:56:24.493,huobi,AERO/USDT:USDT,0.8999,377.0,0.8998,2908.0,0.9019,389.0,0.902,2910.0
1753592185108,04:56:25.108,huobi,AERO/USDT:USDT,0.9,80.0,0.8999,377.0,0.9019,389.0,0.902,2910.0
1753592185120,04:56:25.120,huobi,AERO/USDT:USDT,0.9001,389.0,0.9,80.0,0.9019,389.0,0.902,2910.0
1753592185204,04:56:25.204,huobi,AERO/USDT:USDT,0.9001,389.0,0.9,80.0,0.9019,389.0,0.902,2910.0
1753592185766,04:56:25.766,huobi,AERO/USDT:USDT,0.9001,389.0,0.8999,377.0,0.9019,389.0,0.902,2910.0
1753592185777,04:56:25.777,huobi,AERO/USDT:USDT,0.8999,377.0,0.8998,2908.0,0.9019,389.0,0.902,2910.0
1753592185854,04:56:25.854,huobi,AERO/USDT:USDT,0.8999,377.0,0.8998,2908.0,0.9019,389.0,0.902,2910.0
1753592186329,04:56:26.329,huobi,AERO/USDT:USDT,0.8999,377.0,0.8998,2908.0,0.9019,389.0,0.902,2910.0
1753592186371,04:56:26.371,huobi,AERO/USDT:USDT,0.9001,389.0,0.9,80.0,0.9019,389.0,0.902,2910.0
1753592186409,04:56:26.409,huobi,AERO/USDT:USDT,0.9001,389.0,0.9,80.0,0.9019,389.0,0.902,2910.0
1753592186716,04:56:26.716,huobi,AERO/USDT:USDT,0.9001,389.0,0.9,80.0,0.9019,389.0,0.902,2910.0
1753592186757,04:56:26.757,huobi,AERO/USDT:USDT,0.9001,389.0,0.9,80.0,0.9019,389.0,0.902,2910.0
1753592186768,04:56:26.768,huobi,AERO/USDT:USDT,0.9001,389.0,0.9,80.0,0.9019,389.0,0.902,2910.0
1753592186846,04:56:26.846,huobi,AERO/USDT:USDT,0.9001,389.0,0.9,80.0,0.9019,389.0,0.902,2910.0
1753592186872,04:56:26.872,huobi,AERO/USDT:USDT,0.9001,389.0,0.9,80.0,0.9019,389.0,0.902,2910.0
1753592187000,04:56:27.000,huobi,AERO/USDT:USDT,0.9001,389.0,0.8999,377.0,0.9019,389.0,0.902,2910.0
1753592187012,04:56:27.012,huobi,AERO/USDT:USDT,0.8999,377.0,0.8998,2908.0,0.9019,389.0,0.902,2910.0
1753592187105,04:56:27.105,huobi,AERO/USDT:USDT,0.8999,377.0,0.8998,2908.0,0.9019,389.0,0.902,2910.0
1753592187683,04:56:27.683,huobi,AERO/USDT:USDT,0.9,80.0,0.8999,377.0,0.9019,389.0,0.902,2910.0
1753592187698,04:56:27.698,huobi,AERO/USDT:USDT,0.9001,389.0,0.9,80.0,0.9019,389.0,0.902,2910.0
1753592187757,04:56:27.757,huobi,AERO/USDT:USDT,0.9001,389.0,0.9,80.0,0.9019,389.0,0.902,2910.0
1753592188347,04:56:28.347,huobi,AERO/USDT:USDT,0.9001,389.0,0.8999,377.0,0.9019,389.0,0.902,2910.0
1753592188358,04:56:28.358,huobi,AERO/USDT:USDT,0.8999,377.0,0.8998,2908.0,0.9019,389.0,0.902,2910.0
1753592188397,04:56:28.397,huobi,AERO/USDT:USDT,0.8999,377.0,0.8998,2908.0,0.9019,389.0,0.902,2910.0
1753592188432,04:56:28.432,huobi,AERO/USDT:USDT,0.8999,377.0,0.8998,2908.0,0.9019,389.0,0.902,2910.0
1753592188506,04:56:28.506,huobi,AERO/USDT:USDT,0.8999,377.0,0.8998,2908.0,0.9019,389.0,0.902,2910.0
1753592189025,04:56:29.025,huobi,AERO/USDT:USDT,0.9,80.0,0.8999,377.0,0.9019,389.0,0.902,2910.0
1753592189075,04:56:29.075,huobi,AERO/USDT:USDT,0.9001,387.0,0.9,80.0,0.9019,389.0,0.902,2910.0
1753592189139,04:56:29.139,huobi,AERO/USDT:USDT,0.9001,387.0,0.9,80.0,0.9019,389.0,0.902,2910.0
1753592189695,04:56:29.695,huobi,AERO/USDT:USDT,0.9001,387.0,0.8999,377.0,0.9019,389.0,0.902,2910.0
1753592189733,04:56:29.733,huobi,AERO/USDT:USDT,0.8999,377.0,0.8998,2908.0,0.9019,389.0,0.902,2910.0
1753592189787,04:56:29.787,huobi,AERO/USDT:USDT,0.8999,377.0,0.8998,2908.0,0.9019,389.0,0.902,2910.0
1753592189795,04:56:29.795,huobi,AERO/USDT:USDT,0.8999,377.0,0.8998,2908.0,0.9019,389.0,0.902,2910.0
1753592190422,04:56:30.422,huobi,AERO/USDT:USDT,0.9,80.0,0.8999,377.0,0.9019,389.0,0.902,2910.0
1753592190530,04:56:30.530,huobi,AERO/USDT:USDT,0.9001,387.0,0.9,80.0,0.9019,389.0,0.902,2910.0
1753592190540,04:56:30.540,huobi,AERO/USDT:USDT,0.9001,387.0,0.9,80.0,0.9019,389.0,0.902,2910.0
1753592190569,04:56:30.569,huobi,AERO/USDT:USDT,0.9001,387.0,0.9,80.0,0.9019,389.0,0.902,2910.0
1753592190598,04:56:30.598,huobi,AERO/USDT:USDT,0.9001,387.0,0.9,80.0,0.9019,389.0,0.902,2910.0
1753592190608,04:56:30.608,huobi,AERO/USDT:USDT,0.9001,387.0,0.9,80.0,0.9019,389.0,0.902,2910.0
1753592191081,04:56:31.081,huobi,AERO/USDT:USDT,0.9001,387.0,0.8999,377.0,0.9019,389.0,0.902,2910.0
1753592191093,04:56:31.093,huobi,AERO/USDT:USDT,0.8999,377.0,0.8998,2908.0,0.9019,389.0,0.902,2910.0
1753592191135,04:56:31.135,huobi,AERO/USDT:USDT,0.8999,377.0,0.8998,2908.0,0.9019,389.0,0.902,2910.0
1753592191171,04:56:31.171,huobi,AERO/USDT:USDT,0.8999,377.0,0.8998,2908.0,0.9019,389.0,0.902,2910.0
1753592191180,04:56:31.180,huobi,AERO/USDT:USDT,0.8999,377.0,0.8998,2908.0,0.9019,389.0,0.902,2910.0
1753592191752,04:56:31.752,huobi,AERO/USDT:USDT,0.9,80.0,0.8999,377.0,0.9019,389.0,0.902,2910.0
1753592192413,04:56:32.413,huobi,AERO/USDT:USDT,0.9001,387.0,0.8999,377.0,0.9019,389.0,0.902,2910.0
1753592192446,04:56:32.446,huobi,AERO/USDT:USDT,0.8999,377.0,0.8998,2908.0,0.9019,389.0,0.902,2910.0
1753592192465,04:56:32.465,huobi,AERO/USDT:USDT,0.8999,377.0,0.8998,2908.0,0.9019,389.0,0.902,2910.0
1753592192521,04:56:32.521,huobi,AERO/USDT:USDT,0.8999,377.0,0.8998,2908.0,0.9019,389.0,0.902,2910.0
1753592192539,04:56:32.539,huobi,AERO/USDT:USDT,0.9004,1.0,0.8999,377.0,0.9019,389.0,0.902,2910.0
1753592192563,04:56:32.563,huobi,AERO/USDT:USDT,0.8999,377.0,0.8998,2908.0,0.9019,389.0,0.902,2910.0
1753592192588,04:56:32.588,huobi,AERO/USDT:USDT,0.8999,377.0,0.8998,2908.0,0.9019,389.0,0.902,2910.0
1753592192640,04:56:32.640,huobi,AERO/USDT:USDT,0.8999,377.0,0.8998,2908.0,0.9019,389.0,0.902,2910.0
1753592192653,04:56:32.653,huobi,AERO/USDT:USDT,0.8999,377.0,0.8998,2908.0,0.9019,389.0,0.902,2910.0
1753592193181,04:56:33.181,huobi,AERO/USDT:USDT,0.9,80.0,0.8999,377.0,0.9019,389.0,0.902,2910.0
1753592193193,04:56:33.193,huobi,AERO/USDT:USDT,0.9001,387.0,0.9,80.0,0.9019,389.0,0.902,2910.0
1753592193276,04:56:33.276,huobi,AERO/USDT:USDT,0.9001,387.0,0.9,80.0,0.9019,389.0,0.902,2910.0
1753592193305,04:56:33.305,huobi,AERO/USDT:USDT,0.9001,387.0,0.9,80.0,0.9019,389.0,0.902,2910.0
1753592193845,04:56:33.845,huobi,AERO/USDT:USDT,0.9001,387.0,0.8999,6134.0,0.9019,389.0,0.902,2910.0
1753592198107,04:56:38.107,huobi,AERO/USDT:USDT,0.9001,387.0,0.8999,6134.0,0.9019,389.0,0.902,2910.0
1753592198447,04:56:38.447,huobi,AERO/USDT:USDT,0.9001,387.0,0.8999,6134.0,0.9019,389.0,0.902,2910.0
1753592198473,04:56:38.473,huobi,AERO/USDT:USDT,0.9001,387.0,0.8999,6134.0,0.9019,389.0,0.902,2910.0
1753592199712,04:56:39.712,huobi,AERO/USDT:USDT,0.9002,80.0,0.9001,387.0,0.9019,389.0,0.902,2910.0
1753592199724,04:56:39.724,huobi,AERO/USDT:USDT,0.9003,376.0,0.9002,80.0,0.9019,389.0,0.902,2910.0
1753592199766,04:56:39.766,huobi,AERO/USDT:USDT,0.9003,376.0,0.9002,80.0,0.9019,389.0,0.902,384.0
1753592199785,04:56:39.785,huobi,AERO/USDT:USDT,0.9004,2524.0,0.9003,376.0,0.902,384.0,0.9023,2524.0
1753592202906,04:56:42.906,huobi,AERO/USDT:USDT,0.9005,376.0,0.9004,2524.0,0.902,384.0,0.9023,2524.0
1753592204931,04:56:44.931,huobi,AERO/USDT:USDT,0.9005,376.0,0.9004,2524.0,0.902,384.0,0.9023,2524.0
1753592206006,04:56:46.006,huobi,AERO/USDT:USDT,0.9005,376.0,0.9004,2524.0,0.902,384.0,0.9023,2524.0
1753592206042,04:56:46.042,huobi,AERO/USDT:USDT,0.9005,376.0,0.9004,2524.0,0.902,384.0,0.9023,2524.0
1753592206071,04:56:46.071,huobi,AERO/USDT:USDT,0.9005,376.0,0.9004,2524.0,0.902,384.0,0.9023,2524.0
1753592206083,04:56:46.083,huobi,AERO/USDT:USDT,0.9005,376.0,0.9004,2524.0,0.902,384.0,0.9023,2524.0
1753592206116,04:56:46.116,huobi,AERO/USDT:USDT,0.9005,376.0,0.9004,2524.0,0.902,384.0,0.9023,2524.0
1753592206149,04:56:46.149,huobi,AERO/USDT:USDT,0.9005,376.0,0.9004,2524.0,0.902,384.0,0.9023,2524.0
1753592206176,04:56:46.176,huobi,AERO/USDT:USDT,0.9005,376.0,0.9004,2524.0,0.902,384.0,0.9023,2524.0
1753592206250,04:56:46.250,huobi,AERO/USDT:USDT,0.9005,376.0,0.9004,2524.0,0.902,384.0,0.9023,2524.0
1753592206626,04:56:46.626,huobi,AERO/USDT:USDT,0.9015,43.0,0.9005,376.0,0.902,384.0,0.9023,2524.0
1753592206664,04:56:46.664,huobi,AERO/USDT:USDT,0.9015,376.0,0.9005,376.0,0.902,384.0,0.9023,2524.0
1753592206698,04:56:46.698,huobi,AERO/USDT:USDT,0.9005,376.0,0.9004,2524.0,0.902,384.0,0.9023,2524.0
1753592206723,04:56:46.723,huobi,AERO/USDT:USDT,0.9005,376.0,0.9004,2524.0,0.902,384.0,0.9023,2524.0
1753592206746,04:56:46.746,huobi,AERO/USDT:USDT,0.9005,376.0,0.9004,2524.0,0.902,384.0,0.9023,2524.0
1753592206797,04:56:46.797,huobi,AERO/USDT:USDT,0.9005,376.0,0.9004,2524.0,0.902,384.0,0.9023,2524.0
1753592206810,04:56:46.810,huobi,AERO/USDT:USDT,0.9005,376.0,0.9004,2524.0,0.902,384.0,0.9023,2524.0
1753592207069,04:56:47.069,huobi,AERO/USDT:USDT,0.9005,376.0,0.9004,2524.0,0.902,384.0,0.9023,2524.0
1753592207706,04:56:47.706,huobi,AERO/USDT:USDT,0.9005,376.0,0.9004,2524.0,0.902,384.0,0.9023,2524.0
1753592212507,04:56:52.507,huobi,AERO/USDT:USDT,0.9005,376.0,0.9004,2524.0,0.902,384.0,0.9023,2524.0
1753592219599,04:56:59.599,huobi,AERO/USDT:USDT,0.9005,376.0,0.9004,2524.0,0.902,384.0,0.9023,2524.0
1753592219625,04:56:59.625,huobi,AERO/USDT:USDT,0.9005,376.0,0.9004,2524.0,0.902,384.0,0.9023,2524.0
1753592220431,04:57:00.431,huobi,AERO/USDT:USDT,0.9005,376.0,0.9004,2524.0,0.902,384.0,0.9023,2524.0
1753592220481,04:57:00.481,huobi,AERO/USDT:USDT,0.9005,376.0,0.9004,2524.0,0.902,384.0,0.9023,2524.0
1753592220544,04:57:00.544,huobi,AERO/USDT:USDT,0.9005,376.0,0.9004,2524.0,0.902,384.0,0.9023,2524.0
1753592220587,04:57:00.587,huobi,AERO/USDT:USDT,0.9005,376.0,0.9004,2524.0,0.902,384.0,0.9023,2524.0
1753592220722,04:57:00.722,huobi,AERO/USDT:USDT,0.9005,376.0,0.9004,2524.0,0.902,384.0,0.9023,2524.0
1753592220779,04:57:00.779,huobi,AERO/USDT:USDT,0.9005,376.0,0.9004,2524.0,0.902,384.0,0.9023,2524.0
1753592222091,04:57:02.091,huobi,AERO/USDT:USDT,0.9005,376.0,0.9004,2524.0,0.902,384.0,0.9023,2524.0
1753592222107,04:57:02.107,huobi,AERO/USDT:USDT,0.9005,376.0,0.9004,2524.0,0.902,384.0,0.9023,2524.0
1753592222166,04:57:02.166,huobi,AERO/USDT:USDT,0.9005,376.0,0.9004,2524.0,0.902,384.0,0.9023,2524.0
1753592222212,04:57:02.212,huobi,AERO/USDT:USDT,0.9005,376.0,0.9004,2524.0,0.902,384.0,0.9023,2524.0
1753592222702,04:57:02.702,huobi,AERO/USDT:USDT,0.9005,376.0,0.9001,387.0,0.902,384.0,0.9023,2524.0
1753592222726,04:57:02.726,huobi,AERO/USDT:USDT,0.9001,387.0,0.8999,6134.0,0.902,384.0,0.9023,2524.0
1753592222817,04:57:02.817,huobi,AERO/USDT:USDT,0.9002,2528.0,0.9001,387.0,0.902,384.0,0.9023,2524.0
1753592222991,04:57:02.991,huobi,AERO/USDT:USDT,0.9003,383.0,0.9002,2528.0,0.9015,24.0,0.902,384.0
1753592223018,04:57:03.018,huobi,AERO/USDT:USDT,0.9003,383.0,0.9002,2528.0,0.902,384.0,0.9023,2524.0
1753592223086,04:57:03.086,huobi,AERO/USDT:USDT,0.9003,383.0,0.9001,387.0,0.902,384.0,0.9023,2524.0
1753592223096,04:57:03.096,huobi,AERO/USDT:USDT,0.9003,383.0,0.9001,387.0,0.902,384.0,0.9023,2524.0
1753592223133,04:57:03.133,huobi,AERO/USDT:USDT,0.9001,387.0,0.8999,8662.0,0.9014,383.0,0.902,384.0
1753592223164,04:57:03.164,huobi,AERO/USDT:USDT,0.9001,387.0,0.8999,8662.0,0.902,384.0,0.9023,2524.0
1753592223184,04:57:03.184,huobi,AERO/USDT:USDT,0.9001,387.0,0.8999,8662.0,0.902,384.0,0.9023,2524.0
1753592223249,04:57:03.249,huobi,AERO/USDT:USDT,0.9001,387.0,0.8999,8662.0,0.902,384.0,0.9023,2524.0
1753592223361,04:57:03.361,huobi,AERO/USDT:USDT,0.9001,387.0,0.8999,8662.0,0.902,384.0,0.9023,2557.0
1753592223366,04:57:03.366,huobi,AERO/USDT:USDT,0.9001,387.0,0.8999,8662.0,0.902,384.0,0.9023,2524.0
1753592223438,04:57:03.438,huobi,AERO/USDT:USDT,0.9001,387.0,0.8999,8662.0,0.902,384.0,0.9023,2524.0
1753592224138,04:57:04.138,huobi,AERO/USDT:USDT,0.9001,387.0,0.8999,8662.0,0.9019,83.0,0.902,384.0
1753592224149,04:57:04.149,huobi,AERO/USDT:USDT,0.9001,387.0,0.8999,8662.0,0.9018,383.0,0.9019,83.0
1753592225370,04:57:05.370,huobi,AERO/USDT:USDT,0.9001,387.0,0.8999,8662.0,0.9018,383.0,0.902,384.0
1753592225385,04:57:05.385,huobi,AERO/USDT:USDT,0.9001,387.0,0.8999,8662.0,0.902,384.0,0.9023,2524.0
1753592225436,04:57:05.436,huobi,AERO/USDT:USDT,0.9001,387.0,0.8999,8662.0,0.902,384.0,0.9023,3024.0
1753592226652,04:57:06.652,huobi,AERO/USDT:USDT,0.9001,387.0,0.8999,8662.0,0.9019,83.0,0.902,384.0
1753592226664,04:57:06.664,huobi,AERO/USDT:USDT,0.9001,387.0,0.8999,8662.0,0.9018,383.0,0.9019,83.0
1753592226907,04:57:06.907,huobi,AERO/USDT:USDT,0.9001,387.0,0.8999,8662.0,0.9018,383.0,0.9019,83.0
1753592227880,04:57:07.880,huobi,AERO/USDT:USDT,0.9001,387.0,0.8999,8662.0,0.9018,383.0,0.902,384.0
1753592229141,04:57:09.141,huobi,AERO/USDT:USDT,0.9001,387.0,0.8999,8662.0,0.9019,83.0,0.902,384.0
1753592229164,04:57:09.164,huobi,AERO/USDT:USDT,0.9001,387.0,0.8999,8662.0,0.9018,389.0,0.9019,83.0
1753592230376,04:57:10.376,huobi,AERO/USDT:USDT,0.9001,387.0,0.8999,8662.0,0.9018,389.0,0.902,384.0
1753592230389,04:57:10.389,huobi,AERO/USDT:USDT,0.9001,387.0,0.8999,8662.0,0.902,384.0,0.9023,3024.0
1753592230509,04:57:10.509,huobi,AERO/USDT:USDT,0.9001,387.0,0.8999,8662.0,0.9019,83.0,0.902,384.0
1753592231709,04:57:11.709,huobi,AERO/USDT:USDT,0.9001,387.0,0.8999,8662.0,0.9018,389.0,0.9019,83.0
1753592231746,04:57:11.746,huobi,AERO/USDT:USDT,0.9001,387.0,0.8999,8662.0,0.9018,389.0,0.902,384.0
1753592232135,04:57:12.135,huobi,AERO/USDT:USDT,0.9001,387.0,0.8999,8662.0,0.9019,83.0,0.902,384.0
1753592232154,04:57:12.154,huobi,AERO/USDT:USDT,0.9001,387.0,0.8999,8662.0,0.9018,389.0,0.9019,83.0
1753592233366,04:57:13.366,huobi,AERO/USDT:USDT,0.9001,387.0,0.8999,8662.0,0.9018,389.0,0.902,384.0
1753592233417,04:57:13.417,huobi,AERO/USDT:USDT,0.9001,387.0,0.8999,8662.0,0.902,384.0,0.9023,3024.0
1753592234617,04:57:14.617,huobi,AERO/USDT:USDT,0.9001,387.0,0.8999,8662.0,0.9019,83.0,0.902,384.0
1753592235457,04:57:15.457,huobi,AERO/USDT:USDT,0.9001,387.0,0.8999,8662.0,0.9006,10.0,0.9018,389.0
1753592235852,04:57:15.852,huobi,AERO/USDT:USDT,0.9001,387.0,0.8999,8662.0,0.9018,389.0,0.902,384.0
1753592236507,04:57:16.507,huobi,AERO/USDT:USDT,0.9001,387.0,0.8999,8662.0,0.902,384.0,0.9023,3024.0
1753592237155,04:57:17.155,huobi,AERO/USDT:USDT,0.9001,387.0,0.8999,8662.0,0.9019,5.0,0.902,384.0
1753592237168,04:57:17.168,huobi,AERO/USDT:USDT,0.9001,387.0,0.8999,8662.0,0.9018,389.0,0.9019,5.0
1753592238413,04:57:18.413,huobi,AERO/USDT:USDT,0.9001,387.0,0.8999,8662.0,0.9018,389.0,0.902,384.0
1753592238424,04:57:18.424,huobi,AERO/USDT:USDT,0.9001,387.0,0.8999,8662.0,0.902,384.0,0.9023,8783.0
1753592239665,04:57:19.665,huobi,AERO/USDT:USDT,0.9001,387.0,0.8999,8662.0,0.9019,5.0,0.902,384.0
1753592240892,04:57:20.892,huobi,AERO/USDT:USDT,0.9001,387.0,0.8999,8662.0,0.9018,381.0,0.902,384.0
1753592241308,04:57:21.308,huobi,AERO/USDT:USDT,0.9001,387.0,0.8999,2905.0,0.902,384.0,0.9023,8783.0
1753592242139,04:57:22.139,huobi,AERO/USDT:USDT,0.9001,387.0,0.8999,2905.0,0.9019,83.0,0.902,384.0
1753592242154,04:57:22.154,huobi,AERO/USDT:USDT,0.9001,387.0,0.8999,2905.0,0.9018,381.0,0.9019,83.0
1753592243380,04:57:23.380,huobi,AERO/USDT:USDT,0.9001,387.0,0.8999,2905.0,0.9018,381.0,0.902,384.0
1753592243435,04:57:23.435,huobi,AERO/USDT:USDT,0.9001,387.0,0.8999,2905.0,0.902,384.0,0.9023,8783.0
1753592243564,04:57:23.564,huobi,AERO/USDT:USDT,0.9001,387.0,0.8999,2905.0,0.902,384.0,0.9023,8783.0
1753592244667,04:57:24.667,huobi,AERO/USDT:USDT,0.9001,387.0,0.8999,2905.0,0.9019,5.0,0.902,384.0
1753592245904,04:57:25.904,huobi,AERO/USDT:USDT,0.9001,387.0,0.8999,2905.0,0.9018,381.0,0.902,384.0
1753592245931,04:57:25.931,huobi,AERO/USDT:USDT,0.9001,387.0,0.8999,2905.0,0.9017,2531.0,0.902,384.0
1753592246108,04:57:26.108,huobi,AERO/USDT:USDT,0.9001,387.0,0.8999,2905.0,0.9016,381.0,0.9017,2531.0
1753592250891,04:57:30.891,huobi,AERO/USDT:USDT,0.9006,2.0,0.9001,387.0,0.9016,381.0,0.9017,2531.0
1753592250909,04:57:30.909,huobi,AERO/USDT:USDT,0.9001,387.0,0.8999,2905.0,0.9016,381.0,0.9017,2531.0
1753592255707,04:57:35.707,huobi,AERO/USDT:USDT,0.9001,387.0,0.8999,2905.0,0.9016,381.0,0.9017,2531.0
1753592258624,04:57:38.624,huobi,AERO/USDT:USDT,0.9001,387.0,0.8999,2905.0,0.9016,381.0,0.902,384.0
1753592258648,04:57:38.648,huobi,AERO/USDT:USDT,0.9001,387.0,0.8999,2905.0,0.902,2913.0,0.9023,6259.0
1753592258675,04:57:38.675,huobi,AERO/USDT:USDT,0.9001,387.0,0.8999,2905.0,0.9019,379.0,0.902,2913.0
1753592259335,04:57:39.335,huobi,AERO/USDT:USDT,0.9001,387.0,0.8999,2905.0,0.9019,462.0,0.902,2913.0
1753592260285,04:57:40.285,huobi,AERO/USDT:USDT,0.9001,387.0,0.8999,2905.0,0.9018,379.0,0.9019,379.0
1753592260300,04:57:40.300,huobi,AERO/USDT:USDT,0.9001,387.0,0.8999,2905.0,0.9019,379.0,0.902,2913.0
1753592260509,04:57:40.509,huobi,AERO/USDT:USDT,0.9001,387.0,0.8999,2905.0,0.9019,379.0,0.902,2913.0
1753592265308,04:57:45.308,huobi,AERO/USDT:USDT,0.9001,387.0,0.8999,2905.0,0.9019,379.0,0.902,2913.0
1753592265384,04:57:45.384,huobi,AERO/USDT:USDT,0.9001,387.0,0.8999,2905.0,0.9019,379.0,0.902,2913.0
1753592266774,04:57:46.774,huobi,AERO/USDT:USDT,0.9001,387.0,0.8999,2905.0,0.9012,6.0,0.9019,379.0
1753592266944,04:57:46.944,huobi,AERO/USDT:USDT,0.9001,387.0,0.8999,2905.0,0.9019,379.0,0.902,2913.0
1753592270108,04:57:50.108,huobi,AERO/USDT:USDT,0.9001,387.0,0.8999,2905.0,0.9019,379.0,0.902,2913.0
1753592274447,04:57:54.447,huobi,AERO/USDT:USDT,0.9001,387.0,0.8999,2905.0,0.9019,462.0,0.902,2913.0
1753592274460,04:57:54.460,huobi,AERO/USDT:USDT,0.9001,387.0,0.8999,2905.0,0.9018,387.0,0.9019,462.0
1753592274907,04:57:54.907,huobi,AERO/USDT:USDT,0.9001,387.0,0.8999,2905.0,0.9018,387.0,0.9019,462.0
1753592275778,04:57:55.778,huobi,AERO/USDT:USDT,0.9001,387.0,0.8999,2905.0,0.9018,387.0,0.9019,379.0
1753592279708,04:57:59.708,huobi,AERO/USDT:USDT,0.9001,387.0,0.8999,2905.0,0.9019,379.0,0.902,2913.0
1753592279739,04:57:59.739,huobi,AERO/USDT:USDT,0.9001,387.0,0.8999,2905.0,0.9018,386.0,0.9019,462.0
1753592281683,04:58:01.683,huobi,AERO/USDT:USDT,0.9001,387.0,0.8999,2905.0,0.9018,386.0,0.9019,379.0
1753592281693,04:58:01.693,huobi,AERO/USDT:USDT,0.9001,387.0,0.8999,2905.0,0.9019,379.0,0.902,2913.0
1753592282406,04:58:02.406,huobi,AERO/USDT:USDT,0.9001,387.0,0.8999,2905.0,0.9019,462.0,0.902,2913.0
1753592283398,04:58:03.398,huobi,AERO/USDT:USDT,0.9001,387.0,0.8999,2905.0,0.9018,386.0,0.9019,379.0
1753592283471,04:58:03.471,huobi,AERO/USDT:USDT,0.9001,387.0,0.8999,2905.0,0.901,61.0,0.9019,379.0
1753592283491,04:58:03.491,huobi,AERO/USDT:USDT,0.9001,387.0,0.8999,2905.0,0.9019,379.0,0.902,2913.0
1753592283529,04:58:03.529,huobi,AERO/USDT:USDT,0.9001,387.0,0.8999,2905.0,0.9019,379.0,0.902,2913.0
1753592283547,04:58:03.547,huobi,AERO/USDT:USDT,0.9001,387.0,0.8999,2905.0,0.9019,379.0,0.902,2913.0
1753592283580,04:58:03.580,huobi,AERO/USDT:USDT,0.9001,387.0,0.8999,2905.0,0.9019,379.0,0.902,2913.0
1753592283634,04:58:03.634,huobi,AERO/USDT:USDT,0.9001,387.0,0.8999,2905.0,0.9019,379.0,0.902,2913.0
1753592283687,04:58:03.687,huobi,AERO/USDT:USDT,0.9001,387.0,0.8999,2905.0,0.9019,379.0,0.902,2913.0
1753592283719,04:58:03.719,huobi,AERO/USDT:USDT,0.9001,387.0,0.8999,2905.0,0.9019,379.0,0.902,2913.0
1753592284437,04:58:04.437,huobi,AERO/USDT:USDT,0.9001,387.0,0.8999,2905.0,0.9018,83.0,0.9019,379.0
1753592284450,04:58:04.450,huobi,AERO/USDT:USDT,0.9001,387.0,0.8999,2905.0,0.9017,386.0,0.9018,83.0
1753592284519,04:58:04.519,huobi,AERO/USDT:USDT,0.9001,387.0,0.8999,2905.0,0.9017,386.0,0.9018,83.0
1753592285429,04:58:05.429,huobi,AERO/USDT:USDT,0.9001,387.0,0.8999,2905.0,0.9017,386.0,0.9019,379.0
1753592285443,04:58:05.443,huobi,AERO/USDT:USDT,0.9001,387.0,0.8999,2905.0,0.9019,379.0,0.902,2913.0
1753592286437,04:58:06.437,huobi,AERO/USDT:USDT,0.9001,387.0,0.8999,2905.0,0.9018,83.0,0.9019,379.0
1753592287420,04:58:07.420,huobi,AERO/USDT:USDT,0.9001,387.0,0.8999,2905.0,0.9017,386.0,0.9019,379.0
1753592288429,04:58:08.429,huobi,AERO/USDT:USDT,0.9001,387.0,0.8999,2905.0,0.9018,83.0,0.9019,379.0
1753592288441,04:58:08.441,huobi,AERO/USDT:USDT,0.9001,387.0,0.8999,2905.0,0.9017,386.0,0.9018,83.0
1753592289309,04:58:09.309,huobi,AERO/USDT:USDT,0.9001,387.0,0.8999,2905.0,0.9017,386.0,0.9018,83.0
1753592294109,04:58:14.109,huobi,AERO/USDT:USDT,0.9001,387.0,0.8999,2905.0,0.9017,386.0,0.9018,83.0
1753592298909,04:58:18.909,huobi,AERO/USDT:USDT,0.9001,387.0,0.8999,2905.0,0.9017,386.0,0.9018,83.0
1753592303707,04:58:23.707,huobi,AERO/USDT:USDT,0.9001,387.0,0.8999,2905.0,0.9017,386.0,0.9018,83.0
1753592303760,04:58:23.760,huobi,AERO/USDT:USDT,0.9001,387.0,0.8999,2905.0,0.9017,386.0,0.9018,83.0
1753592303769,04:58:23.769,huobi,AERO/USDT:USDT,0.9001,387.0,0.8999,2905.0,0.9017,386.0,0.9018,83.0
1753592307709,04:58:27.709,huobi,AERO/USDT:USDT,0.9001,387.0,0.8999,2905.0,0.9017,386.0,0.9018,83.0
1753592308504,04:58:28.504,huobi,AERO/USDT:USDT,0.901,61.0,0.9001,387.0,0.9017,386.0,0.9018,83.0
1753592308560,04:58:28.560,huobi,AERO/USDT:USDT,0.9001,387.0,0.8999,2905.0,0.9017,386.0,0.9018,83.0
1753592308567,04:58:28.567,huobi,AERO/USDT:USDT,0.9001,387.0,0.8999,2905.0,0.9017,386.0,0.9018,83.0
1753592313309,04:58:33.309,huobi,AERO/USDT:USDT,0.9001,387.0,0.8999,2905.0,0.9017,386.0,0.9018,83.0
1753592313364,04:58:33.364,huobi,AERO/USDT:USDT,0.9001,387.0,0.8999,2905.0,0.9017,386.0,0.9018,83.0
1753592318110,04:58:38.110,huobi,AERO/USDT:USDT,0.9001,387.0,0.8999,2905.0,0.9017,386.0,0.9018,83.0
1753592318167,04:58:38.167,huobi,AERO/USDT:USDT,0.9001,387.0,0.8999,2905.0,0.9017,386.0,0.9019,379.0
1753592318222,04:58:38.222,huobi,AERO/USDT:USDT,0.9001,387.0,0.8999,2905.0,0.9017,386.0,0.9019,379.0
1753592318233,04:58:38.233,huobi,AERO/USDT:USDT,0.9001,387.0,0.8999,2905.0,0.902,384.0,0.9024,5759.0
1753592318275,04:58:38.275,huobi,AERO/USDT:USDT,0.9001,387.0,0.8999,2905.0,0.902,384.0,0.9024,5759.0
1753592318287,04:58:38.287,huobi,AERO/USDT:USDT,0.9001,387.0,0.8999,2905.0,0.902,384.0,0.9024,6149.0
1753592318420,04:58:38.420,huobi,AERO/USDT:USDT,0.9001,387.0,0.8999,2905.0,0.902,384.0,0.9024,6149.0
1753592318913,04:58:38.913,huobi,AERO/USDT:USDT,0.9001,467.0,0.8999,2905.0,0.902,384.0,0.9024,6149.0
1753592318941,04:58:38.941,huobi,AERO/USDT:USDT,0.9002,390.0,0.9001,467.0,0.902,384.0,0.9024,6149.0
1753592319089,04:58:39.089,huobi,AERO/USDT:USDT,0.9002,390.0,0.9001,387.0,0.902,384.0,0.9024,6149.0
1753592319101,04:58:39.101,huobi,AERO/USDT:USDT,0.9001,387.0,0.8999,2905.0,0.902,384.0,0.9024,6149.0
1753592320198,04:58:40.198,huobi,AERO/USDT:USDT,0.9002,80.0,0.9001,387.0,0.902,384.0,0.9024,6149.0
1753592320214,04:58:40.214,huobi,AERO/USDT:USDT,0.9003,390.0,0.9002,80.0,0.902,384.0,0.9024,6149.0
1753592322910,04:58:42.910,huobi,AERO/USDT:USDT,0.9003,390.0,0.9002,80.0,0.902,384.0,0.9024,6149.0
1753592323537,04:58:43.537,huobi,AERO/USDT:USDT,0.9003,390.0,0.9002,80.0,0.902,384.0,0.9024,6149.0
1753592323852,04:58:43.852,huobi,AERO/USDT:USDT,0.9003,390.0,0.9001,387.0,0.902,384.0,0.9024,6149.0
1753592323863,04:58:43.863,huobi,AERO/USDT:USDT,0.9001,387.0,0.8999,2905.0,0.902,384.0,0.9024,6149.0
1753592324400,04:58:44.400,huobi,AERO/USDT:USDT,0.9002,80.0,0.9001,387.0,0.902,384.0,0.9024,6149.0
1753592324405,04:58:44.405,huobi,AERO/USDT:USDT,0.9003,390.0,0.9002,80.0,0.902,384.0,0.9024,6149.0
1753592324926,04:58:44.926,huobi,AERO/USDT:USDT,0.9003,390.0,0.9001,387.0,0.902,384.0,0.9024,6149.0
1753592324966,04:58:44.966,huobi,AERO/USDT:USDT,0.9001,387.0,0.8999,2905.0,0.902,384.0,0.9024,6149.0
1753592325290,04:58:45.290,huobi,AERO/USDT:USDT,0.9005,2.0,0.9001,387.0,0.902,384.0,0.9024,6149.0
1753592325476,04:58:45.476,huobi,AERO/USDT:USDT,0.9001,387.0,0.8999,2905.0,0.902,384.0,0.9024,6149.0
1753592326520,04:58:46.520,huobi,AERO/USDT:USDT,0.9002,80.0,0.9001,387.0,0.902,384.0,0.9024,6149.0
1753592327061,04:58:47.061,huobi,AERO/USDT:USDT,0.9003,390.0,0.9001,387.0,0.902,384.0,0.9024,6149.0
1753592327074,04:58:47.074,huobi,AERO/USDT:USDT,0.9001,387.0,0.8999,2905.0,0.902,384.0,0.9024,6149.0
1753592327567,04:58:47.567,huobi,AERO/USDT:USDT,0.9001,387.0,0.8999,2905.0,0.902,384.0,0.9024,6149.0
1753592327600,04:58:47.600,huobi,AERO/USDT:USDT,0.9001,387.0,0.8999,2905.0,0.902,384.0,0.9024,6149.0
1753592327620,04:58:47.620,huobi,AERO/USDT:USDT,0.9003,390.0,0.9002,80.0,0.902,384.0,0.9024,6149.0
1753592327710,04:58:47.710,huobi,AERO/USDT:USDT,0.9003,390.0,0.9002,80.0,0.902,384.0,0.9024,6149.0
1753592328135,04:58:48.135,huobi,AERO/USDT:USDT,0.9003,390.0,0.9001,387.0,0.902,384.0,0.9024,6149.0
1753592328681,04:58:48.681,huobi,AERO/USDT:USDT,0.9002,80.0,0.9001,387.0,0.902,384.0,0.9024,6149.0
1753592328696,04:58:48.696,huobi,AERO/USDT:USDT,0.9002,80.0,0.9001,387.0,0.902,384.0,0.9024,6149.0
1753592328729,04:58:48.729,huobi,AERO/USDT:USDT,0.9003,387.0,0.9002,80.0,0.902,384.0,0.9024,6149.0
1753592329221,04:58:49.221,huobi,AERO/USDT:USDT,0.9003,387.0,0.9001,387.0,0.902,384.0,0.9024,6149.0
1753592329238,04:58:49.238,huobi,AERO/USDT:USDT,0.9001,387.0,0.8999,2905.0,0.902,384.0,0.9024,6149.0
1753592329804,04:58:49.804,huobi,AERO/USDT:USDT,0.9002,80.0,0.9001,387.0,0.902,384.0,0.9024,6149.0
1753592329817,04:58:49.817,huobi,AERO/USDT:USDT,0.9003,387.0,0.9002,80.0,0.902,384.0,0.9024,6149.0
1753592330330,04:58:50.330,huobi,AERO/USDT:USDT,0.9003,387.0,0.9001,387.0,0.902,384.0,0.9024,6149.0
1753592330920,04:58:50.920,huobi,AERO/USDT:USDT,0.9002,80.0,0.9001,387.0,0.902,384.0,0.9024,6149.0
1753592331450,04:58:51.450,huobi,AERO/USDT:USDT,0.9003,387.0,0.9001,387.0,0.902,384.0,0.9024,6149.0
1753592331463,04:58:51.463,huobi,AERO/USDT:USDT,0.9001,387.0,0.8999,2905.0,0.902,384.0,0.9024,6149.0
1753592331996,04:58:51.996,huobi,AERO/USDT:USDT,0.9002,80.0,0.9001,387.0,0.902,384.0,0.9024,6149.0
1753592332508,04:58:52.508,huobi,AERO/USDT:USDT,0.9003,387.0,0.9002,80.0,0.902,384.0,0.9024,6149.0
1753592332610,04:58:52.610,huobi,AERO/USDT:USDT,0.9003,387.0,0.9001,387.0,0.902,384.0,0.9024,6149.0
1753592333073,04:58:53.073,huobi,AERO/USDT:USDT,0.9002,80.0,0.9001,387.0,0.902,384.0,0.9024,6149.0
1753592333606,04:58:53.606,huobi,AERO/USDT:USDT,0.9003,387.0,0.9001,387.0,0.902,384.0,0.9024,6149.0
1753592333617,04:58:53.617,huobi,AERO/USDT:USDT,0.9001,387.0,0.8999,2905.0,0.902,384.0,0.9024,6149.0
1753592334147,04:58:54.147,huobi,AERO/USDT:USDT,0.9002,80.0,0.9001,387.0,0.902,384.0,0.9024,6149.0
1753592334160,04:58:54.160,huobi,AERO/USDT:USDT,0.9003,387.0,0.9002,80.0,0.902,384.0,0.9024,6149.0
1753592334680,04:58:54.680,huobi,AERO/USDT:USDT,0.9003,387.0,0.9001,387.0,0.902,384.0,0.9024,6149.0
1753592334738,04:58:54.738,huobi,AERO/USDT:USDT,0.9001,387.0,0.8999,2905.0,0.902,384.0,0.9024,6149.0
1753592335220,04:58:55.220,huobi,AERO/USDT:USDT,0.9002,80.0,0.9001,387.0,0.902,384.0,0.9024,6149.0
1753592335752,04:58:55.752,huobi,AERO/USDT:USDT,0.9003,387.0,0.9001,387.0,0.902,384.0,0.9024,6149.0
1753592336285,04:58:56.285,huobi,AERO/USDT:USDT,0.9001,387.0,0.8999,2905.0,0.902,384.0,0.9024,6149.0
1753592336318,04:58:56.318,huobi,AERO/USDT:USDT,0.9003,387.0,0.9002,80.0,0.9019,387.0,0.902,2908.0
1753592336828,04:58:56.828,huobi,AERO/USDT:USDT,0.9003,387.0,0.9001,387.0,0.9019,387.0,0.902,2908.0
1753592337309,04:58:57.309,huobi,AERO/USDT:USDT,0.9001,387.0,0.8999,2905.0,0.9019,387.0,0.902,2908.0
1753592337365,04:58:57.365,huobi,AERO/USDT:USDT,0.9002,80.0,0.9001,387.0,0.9019,387.0,0.902,2908.0
1753592337904,04:58:57.904,huobi,AERO/USDT:USDT,0.9003,387.0,0.9001,387.0,0.9019,387.0,0.902,2908.0
1753592338505,04:58:58.505,huobi,AERO/USDT:USDT,0.9002,80.0,0.9001,387.0,0.9019,387.0,0.902,2908.0
1753592339036,04:58:59.036,huobi,AERO/USDT:USDT,0.9003,385.0,0.9001,387.0,0.9019,387.0,0.902,2908.0
1753592339048,04:58:59.048,huobi,AERO/USDT:USDT,0.9001,387.0,0.8999,2905.0,0.9019,387.0,0.902,2908.0
1753592339407,04:58:59.407,huobi,AERO/USDT:USDT,0.9012,2.0,0.9001,387.0,0.9019,387.0,0.902,2908.0
1753592339585,04:58:59.585,huobi,AERO/USDT:USDT,0.9002,80.0,0.9001,387.0,0.9019,387.0,0.902,2908.0
1753592340125,04:59:00.125,huobi,AERO/USDT:USDT,0.9003,385.0,0.9001,387.0,0.9019,387.0,0.902,2908.0
1753592340702,04:59:00.702,huobi,AERO/USDT:USDT,0.9002,80.0,0.9001,387.0,0.9019,387.0,0.902,2908.0
1753592340730,04:59:00.730,huobi,AERO/USDT:USDT,0.9003,385.0,0.9002,80.0,0.9019,387.0,0.902,2908.0
1753592340763,04:59:00.763,huobi,AERO/USDT:USDT,0.9003,385.0,0.9002,80.0,0.9019,387.0,0.902,2908.0
1753592340861,04:59:00.861,huobi,AERO/USDT:USDT,0.9003,385.0,0.9002,80.0,0.9019,387.0,0.902,2908.0
1753592340891,04:59:00.891,huobi,AERO/USDT:USDT,0.9003,385.0,0.9002,80.0,0.9019,387.0,0.902,2908.0
1753592340907,04:59:00.907,huobi,AERO/USDT:USDT,0.9003,385.0,0.9002,80.0,0.9019,387.0,0.902,2908.0
1753592340941,04:59:00.941,huobi,AERO/USDT:USDT,0.9003,385.0,0.9002,80.0,0.9019,387.0,0.902,2908.0
1753592340971,04:59:00.971,huobi,AERO/USDT:USDT,0.9003,385.0,0.9002,80.0,0.9019,387.0,0.902,2908.0
1753592341079,04:59:01.079,huobi,AERO/USDT:USDT,0.9003,385.0,0.9002,80.0,0.9019,387.0,0.902,2908.0
1753592341090,04:59:01.090,huobi,AERO/USDT:USDT,0.9003,385.0,0.9002,80.0,0.9019,387.0,0.902,2908.0
1753592341234,04:59:01.234,huobi,AERO/USDT:USDT,0.9003,385.0,0.9001,387.0,0.9019,387.0,0.902,2908.0
1753592341787,04:59:01.787,huobi,AERO/USDT:USDT,0.9002,80.0,0.9001,387.0,0.9019,387.0,0.902,2908.0
1753592341814,04:59:01.814,huobi,AERO/USDT:USDT,0.9003,385.0,0.9002,80.0,0.9019,387.0,0.902,384.0
1753592342321,04:59:02.321,huobi,AERO/USDT:USDT,0.9003,385.0,0.9001,387.0,0.902,384.0,0.9023,2524.0
1753592342562,04:59:02.562,huobi,AERO/USDT:USDT,0.9001,387.0,0.8999,2905.0,0.902,384.0,0.9023,2524.0
1753592342590,04:59:02.590,huobi,AERO/USDT:USDT,0.9001,387.0,0.8999,2905.0,0.902,384.0,0.9023,2524.0
1753592342865,04:59:02.865,huobi,AERO/USDT:USDT,0.9002,80.0,0.9001,387.0,0.902,384.0,0.9023,2524.0
1753592343024,04:59:03.024,huobi,AERO/USDT:USDT,0.9003,385.0,0.9002,80.0,0.902,384.0,0.9023,2524.0
1753592343067,04:59:03.067,huobi,AERO/USDT:USDT,0.9003,385.0,0.9002,80.0,0.902,384.0,0.9023,2524.0
1753592343232,04:59:03.232,huobi,AERO/USDT:USDT,0.9003,385.0,0.9002,80.0,0.902,384.0,0.9023,2524.0
1753592343262,04:59:03.262,huobi,AERO/USDT:USDT,0.9003,385.0,0.9002,80.0,0.902,384.0,0.9023,2524.0
1753592343290,04:59:03.290,huobi,AERO/USDT:USDT,0.9003,385.0,0.9002,80.0,0.902,384.0,0.9023,2524.0
1753592343326,04:59:03.326,huobi,AERO/USDT:USDT,0.9003,385.0,0.9002,80.0,0.902,384.0,0.9023,2524.0
1753592343399,04:59:03.399,huobi,AERO/USDT:USDT,0.9003,385.0,0.9001,387.0,0.902,384.0,0.9023,2524.0
1753592343709,04:59:03.709,huobi,AERO/USDT:USDT,0.9001,387.0,0.8999,2905.0,0.902,384.0,0.9023,2524.0
1753592343942,04:59:03.942,huobi,AERO/USDT:USDT,0.9002,80.0,0.9001,387.0,0.902,384.0,0.9023,2524.0
1753592344473,04:59:04.473,huobi,AERO/USDT:USDT,0.9003,385.0,0.9001,387.0,0.902,384.0,0.9023,2524.0
1753592344505,04:59:04.505,huobi,AERO/USDT:USDT,0.9001,387.0,0.8999,2905.0,0.902,384.0,0.9023,2524.0
1753592344538,04:59:04.538,huobi,AERO/USDT:USDT,0.9001,387.0,0.8999,2905.0,0.902,384.0,0.9023,2524.0
1753592344786,04:59:04.786,huobi,AERO/USDT:USDT,0.9001,387.0,0.8999,2905.0,0.902,384.0,0.9023,2524.0
1753592344821,04:59:04.821,huobi,AERO/USDT:USDT,0.9001,387.0,0.8999,2905.0,0.902,384.0,0.9023,2524.0
1753592344957,04:59:04.957,huobi,AERO/USDT:USDT,0.9001,387.0,0.8999,2905.0,0.902,384.0,0.9023,2524.0
1753592344992,04:59:04.992,huobi,AERO/USDT:USDT,0.9001,387.0,0.8999,2905.0,0.902,384.0,0.9023,2524.0
1753592345020,04:59:05.020,huobi,AERO/USDT:USDT,0.9002,80.0,0.9001,387.0,0.902,384.0,0.9023,2524.0
1753592345268,04:59:05.268,huobi,AERO/USDT:USDT,0.9003,385.0,0.9002,80.0,0.902,384.0,0.9023,2524.0
1753592345305,04:59:05.305,huobi,AERO/USDT:USDT,0.9003,385.0,0.9002,80.0,0.902,384.0,0.9023,2524.0
1753592345551,04:59:05.551,huobi,AERO/USDT:USDT,0.9003,385.0,0.9001,387.0,0.902,384.0,0.9023,2524.0
1753592345562,04:59:05.562,huobi,AERO/USDT:USDT,0.9001,387.0,0.8999,2905.0,0.902,384.0,0.9023,2524.0
1753592345635,04:59:05.635,huobi,AERO/USDT:USDT,0.9001,387.0,0.8999,2905.0,0.902,384.0,0.9023,2524.0
1753592345684,04:59:05.684,huobi,AERO/USDT:USDT,0.9001,387.0,0.8999,2905.0,0.902,384.0,0.9023,2524.0
1753592345741,04:59:05.741,huobi,AERO/USDT:USDT,0.9001,387.0,0.8999,2905.0,0.902,384.0,0.9023,2524.0
1753592345771,04:59:05.771,huobi,AERO/USDT:USDT,0.9001,387.0,0.8999,2905.0,0.902,384.0,0.9023,2524.0
1753592346089,04:59:06.089,huobi,AERO/USDT:USDT,0.9002,80.0,0.9001,387.0,0.902,384.0,0.9023,2524.0
1753592346118,04:59:06.118,huobi,AERO/USDT:USDT,0.9003,385.0,0.9002,80.0,0.902,384.0,0.9023,2524.0
1753592346619,04:59:06.619,huobi,AERO/USDT:USDT,0.9003,385.0,0.9001,387.0,0.902,384.0,0.9023,2524.0
1753592347176,04:59:07.176,huobi,AERO/USDT:USDT,0.9002,80.0,0.9001,387.0,0.902,384.0,0.9023,2524.0
1753592347712,04:59:07.712,huobi,AERO/USDT:USDT,0.9003,385.0,0.9001,387.0,0.902,384.0,0.9023,2524.0
1753592347724,04:59:07.724,huobi,AERO/USDT:USDT,0.9001,387.0,0.8999,2905.0,0.902,384.0,0.9023,2524.0
1753592348023,04:59:08.023,huobi,AERO/USDT:USDT,0.9001,387.0,0.8999,2905.0,0.902,384.0,0.9024,390.0
1753592348048,04:59:08.048,huobi,AERO/USDT:USDT,0.9001,387.0,0.8999,2905.0,0.9024,390.0,0.9026,2523.0
1753592348073,04:59:08.073,huobi,AERO/USDT:USDT,0.9001,387.0,0.8999,2905.0,0.9024,390.0,0.9026,2523.0
1753592348226,04:59:08.226,huobi,AERO/USDT:USDT,0.9001,387.0,0.8999,2905.0,0.9024,390.0,0.9026,2523.0
1753592348265,04:59:08.265,huobi,AERO/USDT:USDT,0.9003,386.0,0.9002,80.0,0.9024,390.0,0.9026,2523.0
1753592348785,04:59:08.785,huobi,AERO/USDT:USDT,0.9003,386.0,0.9001,387.0,0.9024,390.0,0.9026,2523.0
1753592348796,04:59:08.796,huobi,AERO/USDT:USDT,0.9001,387.0,0.8999,2905.0,0.9024,390.0,0.9026,2523.0
1753592348839,04:59:08.839,huobi,AERO/USDT:USDT,0.9001,387.0,0.8999,2905.0,0.9024,390.0,0.9026,2523.0
1753592349030,04:59:09.030,huobi,AERO/USDT:USDT,0.9001,387.0,0.8999,2905.0,0.9024,390.0,0.9026,2523.0
1753592349044,04:59:09.044,huobi,AERO/USDT:USDT,0.9001,387.0,0.8999,2905.0,0.9024,390.0,0.9026,2523.0
1753592349094,04:59:09.094,huobi,AERO/USDT:USDT,0.9001,387.0,0.8999,2905.0,0.9024,390.0,0.9026,2523.0
1753592349326,04:59:09.326,huobi,AERO/USDT:USDT,0.9002,80.0,0.9001,387.0,0.9024,390.0,0.9026,2523.0
1753592349339,04:59:09.339,huobi,AERO/USDT:USDT,0.9003,386.0,0.9002,80.0,0.9024,390.0,0.9026,2523.0
1753592349388,04:59:09.388,huobi,AERO/USDT:USDT,0.9003,386.0,0.9002,80.0,0.9024,402.0,0.9026,2523.0
1753592349400,04:59:09.400,huobi,AERO/USDT:USDT,0.9003,386.0,0.9002,80.0,0.9023,386.0,0.9024,402.0
1753592349856,04:59:09.856,huobi,AERO/USDT:USDT,0.9003,386.0,0.9001,387.0,0.9023,386.0,0.9024,402.0
1753592350400,04:59:10.400,huobi,AERO/USDT:USDT,0.9002,80.0,0.9001,387.0,0.9023,386.0,0.9024,402.0
1753592350638,04:59:10.638,huobi,AERO/USDT:USDT,0.9003,386.0,0.9002,80.0,0.9023,386.0,0.9024,402.0
1753592350671,04:59:10.671,huobi,AERO/USDT:USDT,0.9003,386.0,0.9002,80.0,0.9023,386.0,0.9024,402.0
1753592350932,04:59:10.932,huobi,AERO/USDT:USDT,0.9003,386.0,0.9001,387.0,0.9023,386.0,0.9024,402.0
1753592350956,04:59:10.956,huobi,AERO/USDT:USDT,0.9001,387.0,0.8999,2905.0,0.9023,386.0,0.9024,402.0
1753592351522,04:59:11.522,huobi,AERO/USDT:USDT,0.9002,80.0,0.9001,387.0,0.9023,386.0,0.9024,402.0
1753592351534,04:59:11.534,huobi,AERO/USDT:USDT,0.9003,386.0,0.9002,80.0,0.9023,386.0,0.9024,402.0
1753592352068,04:59:12.068,huobi,AERO/USDT:USDT,0.9003,386.0,0.9001,387.0,0.9023,386.0,0.9024,402.0
1753592352649,04:59:12.649,huobi,AERO/USDT:USDT,0.9002,80.0,0.9001,387.0,0.9023,386.0,0.9024,402.0
1753592353180,04:59:13.180,huobi,AERO/USDT:USDT,0.9003,386.0,0.9001,387.0,0.9023,386.0,0.9024,402.0
1753592353317,04:59:13.317,huobi,AERO/USDT:USDT,0.9001,387.0,0.8999,2905.0,0.9023,386.0,0.9024,402.0
1753592353326,04:59:13.326,huobi,AERO/USDT:USDT,0.9002,5755.0,0.9001,387.0,0.9023,386.0,0.9024,402.0
1753592353371,04:59:13.371,huobi,AERO/USDT:USDT,0.9003,386.0,0.9002,5755.0,0.9023,386.0,0.9024,402.0
1753592353668,04:59:13.668,huobi,AERO/USDT:USDT,0.9003,386.0,0.9002,5755.0,0.9023,386.0,0.9024,402.0
1753592353695,04:59:13.695,huobi,AERO/USDT:USDT,0.9003,386.0,0.9002,5755.0,0.9023,386.0,0.9024,402.0
1753592353735,04:59:13.735,huobi,AERO/USDT:USDT,0.9003,386.0,0.9002,5755.0,0.9023,386.0,0.9024,402.0
1753592353876,04:59:13.876,huobi,AERO/USDT:USDT,0.9003,386.0,0.9002,5755.0,0.9023,386.0,0.9024,402.0
1753592353904,04:59:13.904,huobi,AERO/USDT:USDT,0.9003,386.0,0.9002,5755.0,0.9023,386.0,0.9024,402.0
1753592353940,04:59:13.940,huobi,AERO/USDT:USDT,0.9003,386.0,0.9002,5755.0,0.9023,386.0,0.9024,402.0
1753592354581,04:59:14.581,huobi,AERO/USDT:USDT,0.9003,386.0,0.9002,5755.0,0.9017,31.0,0.9023,386.0
1753592354589,04:59:14.589,huobi,AERO/USDT:USDT,0.9003,386.0,0.9002,5755.0,0.9023,386.0,0.9024,402.0
1753592354622,04:59:14.622,huobi,AERO/USDT:USDT,0.9003,386.0,0.9002,5755.0,0.9023,386.0,0.9024,402.0
1753592354663,04:59:14.663,huobi,AERO/USDT:USDT,0.9003,386.0,0.9002,5755.0,0.9023,386.0,0.9024,402.0
1753592354699,04:59:14.699,huobi,AERO/USDT:USDT,0.9003,386.0,0.9002,5755.0,0.9023,386.0,0.9024,402.0
1753592354737,04:59:14.737,huobi,AERO/USDT:USDT,0.9003,386.0,0.9002,5755.0,0.9023,386.0,0.9024,402.0
1753592354763,04:59:14.763,huobi,AERO/USDT:USDT,0.9003,386.0,0.9002,5755.0,0.9023,386.0,0.9024,402.0
1753592354806,04:59:14.806,huobi,AERO/USDT:USDT,0.9003,386.0,0.9002,5755.0,0.9023,386.0,0.9024,402.0
1753592354835,04:59:14.835,huobi,AERO/USDT:USDT,0.9003,386.0,0.9002,5755.0,0.9023,386.0,0.9024,402.0
1753592354948,04:59:14.948,huobi,AERO/USDT:USDT,0.9003,386.0,0.9002,5755.0,0.9023,386.0,0.9024,402.0
1753592354992,04:59:14.992,huobi,AERO/USDT:USDT,0.9003,386.0,0.9002,5755.0,0.9023,386.0,0.9024,402.0
1753592355234,04:59:15.234,huobi,AERO/USDT:USDT,0.9003,386.0,0.9002,5755.0,0.9023,386.0,0.9024,402.0
1753592355262,04:59:15.262,huobi,AERO/USDT:USDT,0.9003,386.0,0.9002,5755.0,0.9023,386.0,0.9024,402.0
1753592355497,04:59:15.497,huobi,AERO/USDT:USDT,0.9003,386.0,0.9002,5755.0,0.9023,386.0,0.9024,402.0
1753592355526,04:59:15.526,huobi,AERO/USDT:USDT,0.9003,386.0,0.9002,5755.0,0.9023,386.0,0.9024,402.0
1753592355834,04:59:15.834,huobi,AERO/USDT:USDT,0.9003,386.0,0.9002,5755.0,0.9023,386.0,0.9024,402.0
1753592355862,04:59:15.862,huobi,AERO/USDT:USDT,0.9003,386.0,0.9002,5755.0,0.9023,386.0,0.9024,402.0
1753592356860,04:59:16.860,huobi,AERO/USDT:USDT,0.9003,386.0,0.9002,5755.0,0.9023,386.0,0.9024,402.0
1753592356888,04:59:16.888,huobi,AERO/USDT:USDT,0.9003,386.0,0.9002,5755.0,0.9023,386.0,0.9024,402.0
1753592357853,04:59:17.853,huobi,AERO/USDT:USDT,0.9003,386.0,0.9002,5755.0,0.9023,386.0,0.9024,402.0
1753592357880,04:59:17.880,huobi,AERO/USDT:USDT,0.9003,386.0,0.9002,5755.0,0.9023,386.0,0.9024,402.0
1753592358110,04:59:18.110,huobi,AERO/USDT:USDT,0.9003,386.0,0.9002,5755.0,0.9023,386.0,0.9024,402.0
1753592358124,04:59:18.124,huobi,AERO/USDT:USDT,0.9003,386.0,0.9002,5755.0,0.9023,386.0,0.9024,402.0
1753592358204,04:59:18.204,huobi,AERO/USDT:USDT,0.9003,386.0,0.9002,5755.0,0.9023,386.0,0.9024,402.0
1753592358231,04:59:18.231,huobi,AERO/USDT:USDT,0.9003,386.0,0.9002,5755.0,0.9023,386.0,0.9024,402.0
1753592360942,04:59:20.942,huobi,AERO/USDT:USDT,0.9003,386.0,0.9002,5755.0,0.9023,386.0,0.9024,402.0
1753592360971,04:59:20.971,huobi,AERO/USDT:USDT,0.9003,386.0,0.9002,5755.0,0.9023,386.0,0.9024,402.0
1753592362911,04:59:22.911,huobi,AERO/USDT:USDT,0.9003,386.0,0.9002,5755.0,0.9023,386.0,0.9024,402.0
1753592362925,04:59:22.925,huobi,AERO/USDT:USDT,0.9003,386.0,0.9002,5755.0,0.9023,386.0,0.9024,402.0
1753592363496,04:59:23.496,huobi,AERO/USDT:USDT,0.9003,386.0,0.9002,5755.0,0.9023,386.0,0.9024,402.0
1753592363539,04:59:23.539,huobi,AERO/USDT:USDT,0.9005,389.0,0.9004,2523.0,0.9023,386.0,0.9024,402.0
1753592363568,04:59:23.568,huobi,AERO/USDT:USDT,0.9005,389.0,0.9004,2523.0,0.9023,386.0,0.9024,402.0
1753592363588,04:59:23.588,huobi,AERO/USDT:USDT,0.9005,389.0,0.9004,2523.0,0.9023,386.0,0.9024,402.0
1753592363617,04:59:23.617,huobi,AERO/USDT:USDT,0.9005,389.0,0.9004,2523.0,0.9023,386.0,0.9024,402.0
1753592365377,04:59:25.377,huobi,AERO/USDT:USDT,0.9005,389.0,0.9004,2523.0,0.9023,386.0,0.9024,402.0
1753592367709,04:59:27.709,huobi,AERO/USDT:USDT,0.9005,389.0,0.9004,2523.0,0.9023,386.0,0.9024,402.0
1753592368474,04:59:28.474,huobi,AERO/USDT:USDT,0.9005,389.0,0.9004,2523.0,0.9023,386.0,0.9024,390.0
1753592368562,04:59:28.562,huobi,AERO/USDT:USDT,0.9005,389.0,0.9004,2523.0,0.9024,390.0,0.9026,2523.0
1753592368603,04:59:28.603,huobi,AERO/USDT:USDT,0.9005,389.0,0.9004,2523.0,0.9024,390.0,0.9026,2523.0
1753592368681,04:59:28.681,huobi,AERO/USDT:USDT,0.9005,389.0,0.9004,2523.0,0.9024,390.0,0.9028,376.0
1753592368684,04:59:28.684,huobi,AERO/USDT:USDT,0.9005,389.0,0.9004,2523.0,0.9024,390.0,0.9028,376.0
1753592368738,04:59:28.738,huobi,AERO/USDT:USDT,0.9005,389.0,0.9004,2523.0,0.9028,376.0,0.903,638.0
1753592368751,04:59:28.751,huobi,AERO/USDT:USDT,0.9005,389.0,0.9004,2523.0,0.9028,376.0,0.903,638.0
1753592368778,04:59:28.778,huobi,AERO/USDT:USDT,0.9005,389.0,0.9004,2523.0,0.9028,376.0,0.903,388.0
1753592368803,04:59:28.803,huobi,AERO/USDT:USDT,0.9005,389.0,0.9004,2523.0,0.9034,33.0,0.9035,389.0
1753592368837,04:59:28.837,huobi,AERO/USDT:USDT,0.9005,389.0,0.9004,2523.0,0.9033,390.0,0.9035,389.0
1753592368863,04:59:28.863,huobi,AERO/USDT:USDT,0.9005,389.0,0.9004,2556.0,0.9033,390.0,0.9034,2523.0
1753592369180,04:59:29.180,huobi,AERO/USDT:USDT,0.9005,389.0,0.9004,2556.0,0.9022,25.0,0.9033,390.0
1753592369199,04:59:29.199,huobi,AERO/USDT:USDT,0.9005,389.0,0.9004,2523.0,0.9021,390.0,0.9033,390.0
1753592369236,04:59:29.236,huobi,AERO/USDT:USDT,0.9005,389.0,0.9004,2523.0,0.9033,390.0,0.9034,2523.0
1753592369258,04:59:29.258,huobi,AERO/USDT:USDT,0.9005,389.0,0.9004,2523.0,0.9031,390.0,0.9032,33.0
1753592369293,04:59:29.293,huobi,AERO/USDT:USDT,0.9006,80.0,0.9005,389.0,0.9031,390.0,0.9033,390.0
1753592369320,04:59:29.320,huobi,AERO/USDT:USDT,0.9007,390.0,0.9006,80.0,0.9031,390.0,0.9033,390.0
1753592369415,04:59:29.415,huobi,AERO/USDT:USDT,0.9007,390.0,0.9006,80.0,0.9033,390.0,0.9034,2523.0
1753592369781,04:59:29.781,huobi,AERO/USDT:USDT,0.9007,390.0,0.9006,80.0,0.9033,390.0,0.9034,2523.0
1753592369811,04:59:29.811,huobi,AERO/USDT:USDT,0.9007,390.0,0.9006,80.0,0.9033,390.0,0.9034,2523.0
1753592369824,04:59:29.824,huobi,AERO/USDT:USDT,0.9007,390.0,0.9005,389.0,0.9033,390.0,0.9034,2523.0
1753592369853,04:59:29.853,huobi,AERO/USDT:USDT,0.9005,389.0,0.9004,2523.0,0.9033,390.0,0.9034,2523.0
1753592370366,04:59:30.366,huobi,AERO/USDT:USDT,0.9006,80.0,0.9005,389.0,0.9033,390.0,0.9034,2523.0
1753592370398,04:59:30.398,huobi,AERO/USDT:USDT,0.9007,390.0,0.9006,80.0,0.9033,390.0,0.9034,2523.0
1753592370478,04:59:30.478,huobi,AERO/USDT:USDT,0.9007,390.0,0.9006,80.0,0.9032,83.0,0.9033,390.0
1753592370492,04:59:30.492,huobi,AERO/USDT:USDT,0.9007,390.0,0.9006,80.0,0.9031,390.0,0.9032,83.0
1753592370894,04:59:30.894,huobi,AERO/USDT:USDT,0.9007,390.0,0.9005,389.0,0.9031,390.0,0.9032,83.0
1753592370906,04:59:30.906,huobi,AERO/USDT:USDT,0.9005,389.0,0.9004,2523.0,0.9031,390.0,0.9032,83.0
1753592371437,04:59:31.437,huobi,AERO/USDT:USDT,0.9006,80.0,0.9005,389.0,0.9031,390.0,0.9032,83.0
1753592371453,04:59:31.453,huobi,AERO/USDT:USDT,0.9007,390.0,0.9006,80.0,0.9031,390.0,0.9032,83.0
1753592371966,04:59:31.966,huobi,AERO/USDT:USDT,0.9007,390.0,0.9005,389.0,0.9031,390.0,0.9033,390.0
1753592371988,04:59:31.988,huobi,AERO/USDT:USDT,0.9005,389.0,0.9004,2523.0,0.9033,390.0,0.9034,2523.0
1753592372015,04:59:32.015,huobi,AERO/USDT:USDT,0.9005,389.0,0.9004,2523.0,0.9033,390.0,0.9034,2523.0
1753592372145,04:59:32.145,huobi,AERO/USDT:USDT,0.9005,389.0,0.9004,2523.0,0.9033,390.0,0.9034,2523.0
1753592372253,04:59:32.253,huobi,AERO/USDT:USDT,0.9005,389.0,0.9004,2523.0,0.9033,390.0,0.9034,2523.0
1753592372342,04:59:32.342,huobi,AERO/USDT:USDT,0.9005,389.0,0.9004,2523.0,0.9033,390.0,0.9034,2523.0
1753592372370,04:59:32.370,huobi,AERO/USDT:USDT,0.9005,389.0,0.9004,2523.0,0.9033,390.0,0.9034,2523.0
1753592372497,04:59:32.497,huobi,AERO/USDT:USDT,0.9005,389.0,0.9004,2523.0,0.9033,390.0,0.9034,2523.0
1753592372524,04:59:32.524,huobi,AERO/USDT:USDT,0.9007,390.0,0.9006,80.0,0.9031,390.0,0.9032,20.0
1753592373040,04:59:33.040,huobi,AERO/USDT:USDT,0.9007,390.0,0.9005,389.0,0.9031,390.0,0.9032,20.0
1753592373487,04:59:33.487,huobi,AERO/USDT:USDT,0.9005,389.0,0.9004,2523.0,0.9031,390.0,0.9033,390.0
1753592373581,04:59:33.581,huobi,AERO/USDT:USDT,0.9006,80.0,0.9005,389.0,0.9033,390.0,0.9034,2523.0
1753592374120,04:59:34.120,huobi,AERO/USDT:USDT,0.9007,390.0,0.9005,389.0,0.9033,390.0,0.9034,2523.0
