timestamp,time,exchange,symbol,bid1_price,bid1_volume,bid2_price,bid2_volume,ask1_price,ask1_volume,ask2_price,ask2_volume
1753591892000,04:51:32.000,gateio,ACT/USDT:USDT,0.04579,130.0,0.04578,1235.0,0.0458,82.0,0.04581,189.0
1753591895538,04:51:35.538,gateio,ACT/USDT:USDT,0.04579,130.0,0.04578,1235.0,0.0458,82.0,0.04581,189.0
1753591896839,04:51:36.839,gateio,ACT/USDT:USDT,0.04579,22.0,0.04578,1235.0,0.0458,82.0,0.04581,189.0
1753591897698,04:51:37.698,gateio,ACT/USDT:USDT,0.04579,130.0,0.04578,1235.0,0.0458,82.0,0.04581,189.0
1753591898056,04:51:38.056,gateio,ACT/USDT:USDT,0.04579,130.0,0.04578,1235.0,0.0458,82.0,0.04581,189.0
1753591899604,04:51:39.604,gateio,ACT/USDT:USDT,0.04579,130.0,0.04578,1235.0,0.0458,82.0,0.04581,1.0
1753591899682,04:51:39.682,gateio,ACT/USDT:USDT,0.04579,130.0,0.04578,1235.0,0.0458,76.0,0.04581,7.0
1753591902999,04:51:42.999,gateio,ACT/USDT:USDT,0.04579,1201.0,0.04578,1034.0,0.0458,76.0,0.04581,7.0
1753591903125,04:51:43.125,gateio,ACT/USDT:USDT,0.04579,1201.0,0.04578,1034.0,0.0458,76.0,0.04581,7.0
1753591911772,04:51:51.772,gateio,ACT/USDT:USDT,0.04579,1201.0,0.04578,851.0,0.0458,76.0,0.04581,188.0
1753591911779,04:51:51.779,gateio,ACT/USDT:USDT,0.04579,1190.0,0.04578,851.0,0.0458,76.0,0.04581,188.0
1753591912018,04:51:52.018,gateio,ACT/USDT:USDT,0.04579,1201.0,0.04578,851.0,0.0458,76.0,0.04581,188.0
1753591920456,04:52:00.456,gateio,ACT/USDT:USDT,0.04579,1201.0,0.04578,108.0,0.0458,76.0,0.04581,244.0
1753591921521,04:52:01.521,gateio,ACT/USDT:USDT,0.04579,1201.0,0.04578,294.0,0.0458,76.0,0.04581,244.0
1753591921672,04:52:01.672,gateio,ACT/USDT:USDT,0.04579,1201.0,0.04578,350.0,0.0458,76.0,0.04581,63.0
1753591921682,04:52:01.682,gateio,ACT/USDT:USDT,0.04579,1201.0,0.04578,350.0,0.0458,76.0,0.04581,7.0
1753591922399,04:52:02.399,gateio,ACT/USDT:USDT,0.04579,1201.0,0.04578,350.0,0.0458,76.0,0.04581,193.0
1753591923657,04:52:03.657,gateio,ACT/USDT:USDT,0.04579,1179.0,0.04578,350.0,0.0458,76.0,0.04581,193.0
1753591924505,04:52:04.505,gateio,ACT/USDT:USDT,0.04579,1201.0,0.04578,350.0,0.0458,76.0,0.04581,193.0
1753591924640,04:52:04.640,gateio,ACT/USDT:USDT,0.04579,1201.0,0.04578,350.0,0.0458,76.0,0.04581,193.0
1753591929657,04:52:09.657,gateio,ACT/USDT:USDT,0.04579,1190.0,0.04578,350.0,0.0458,76.0,0.04581,193.0
1753591930504,04:52:10.504,gateio,ACT/USDT:USDT,0.04579,1201.0,0.04578,350.0,0.0458,76.0,0.04581,193.0
1753591931097,04:52:11.097,gateio,ACT/USDT:USDT,0.04579,1201.0,0.04578,350.0,0.0458,76.0,0.04581,7.0
1753591939439,04:52:19.439,gateio,ACT/USDT:USDT,0.04579,1190.0,0.04578,350.0,0.0458,76.0,0.04581,7.0
1753591940338,04:52:20.338,gateio,ACT/USDT:USDT,0.04579,1201.0,0.04578,350.0,0.0458,76.0,0.04581,7.0
1753591943159,04:52:23.159,gateio,ACT/USDT:USDT,0.04579,312.0,0.04578,1911.0,0.0458,76.0,0.04581,7.0
1753591943192,04:52:23.192,gateio,ACT/USDT:USDT,0.04579,312.0,0.04578,1911.0,0.0458,76.0,0.04581,7.0
1753591943358,04:52:23.358,gateio,ACT/USDT:USDT,0.04579,368.0,0.04578,1855.0,0.04581,7.0,0.04583,620.0
1753591943391,04:52:23.391,gateio,ACT/USDT:USDT,0.04579,368.0,0.04578,1855.0,0.04581,1.0,0.04582,6.0
1753591946426,04:52:26.426,gateio,ACT/USDT:USDT,0.04579,1439.0,0.04578,1855.0,0.04581,1.0,0.04582,6.0
1753591946828,04:52:26.828,gateio,ACT/USDT:USDT,0.04579,1439.0,0.04578,1855.0,0.04581,1.0,0.04582,6.0
1753591948354,04:52:28.354,gateio,ACT/USDT:USDT,0.04579,1417.0,0.04578,1855.0,0.04581,12.0,0.04582,6.0
1753591949362,04:52:29.362,gateio,ACT/USDT:USDT,0.0458,108.0,0.04579,1417.0,0.04581,1.0,0.04582,6.0
1753591949398,04:52:29.398,gateio,ACT/USDT:USDT,0.0458,164.0,0.04579,1179.0,0.04581,1.0,0.04582,6.0
1753591949655,04:52:29.655,gateio,ACT/USDT:USDT,0.0458,164.0,0.04579,1179.0,0.04581,1.0,0.04582,6.0
1753591949688,04:52:29.688,gateio,ACT/USDT:USDT,0.0458,164.0,0.04579,1179.0,0.04581,1.0,0.04582,6.0
1753591949944,04:52:29.944,gateio,ACT/USDT:USDT,0.0458,108.0,0.04579,1235.0,0.04581,203.0,0.04582,6.0
1753591949981,04:52:29.981,gateio,ACT/USDT:USDT,0.04579,1235.0,0.04578,1561.0,0.04581,192.0,0.04582,6.0
1753591950165,04:52:30.165,gateio,ACT/USDT:USDT,0.04579,1179.0,0.04578,1785.0,0.04581,192.0,0.04582,56.0
1753591950499,04:52:30.499,gateio,ACT/USDT:USDT,0.04579,1179.0,0.04578,1785.0,0.04581,192.0,0.04582,56.0
1753591950916,04:52:30.916,gateio,ACT/USDT:USDT,0.04579,1179.0,0.04578,1785.0,0.04581,192.0,0.04582,56.0
1753591951068,04:52:31.068,gateio,ACT/USDT:USDT,0.04579,1179.0,0.04578,1785.0,0.04581,12.0,0.04582,56.0
1753591951119,04:52:31.119,gateio,ACT/USDT:USDT,0.04579,1257.0,0.04578,1729.0,0.04581,7.0,0.04582,180.0
1753591951190,04:52:31.190,gateio,ACT/USDT:USDT,0.04579,1235.0,0.04578,1729.0,0.04581,18.0,0.04582,180.0
1753591951360,04:52:31.360,gateio,ACT/USDT:USDT,0.04579,1179.0,0.04578,1785.0,0.04581,18.0,0.04582,236.0
1753591951517,04:52:31.517,gateio,ACT/USDT:USDT,0.04579,1179.0,0.04578,1785.0,0.04581,209.0,0.04582,236.0
1753591951582,04:52:31.582,gateio,ACT/USDT:USDT,0.04579,1179.0,0.04578,1785.0,0.04581,203.0,0.04582,236.0
1753591952219,04:52:32.219,gateio,ACT/USDT:USDT,0.04579,821.0,0.04578,2375.0,0.04581,203.0,0.04582,236.0
1753591952278,04:52:32.278,gateio,ACT/USDT:USDT,0.04579,821.0,0.04578,2375.0,0.04581,203.0,0.04582,236.0
1753591955406,04:52:35.406,gateio,ACT/USDT:USDT,0.0458,108.0,0.04579,877.0,0.04581,181.0,0.04582,180.0
1753591955484,04:52:35.484,gateio,ACT/USDT:USDT,0.0458,108.0,0.04579,877.0,0.04581,187.0,0.04582,180.0
1753591955764,04:52:35.764,gateio,ACT/USDT:USDT,0.0458,108.0,0.04579,877.0,0.04581,187.0,0.04582,180.0
1753591956185,04:52:36.185,gateio,ACT/USDT:USDT,0.0458,108.0,0.04579,877.0,0.04581,187.0,0.04582,180.0
1753591958112,04:52:38.112,gateio,ACT/USDT:USDT,0.0458,108.0,0.04579,877.0,0.04581,187.0,0.04582,180.0
1753591959668,04:52:39.668,gateio,ACT/USDT:USDT,0.0458,108.0,0.04579,877.0,0.04581,7.0,0.04582,180.0
1753591959709,04:52:39.709,gateio,ACT/USDT:USDT,0.0458,130.0,0.04579,1061.0,0.04581,7.0,0.04583,620.0
1753591959853,04:52:39.853,gateio,ACT/USDT:USDT,0.0458,130.0,0.04579,1061.0,0.04581,1.0,0.04582,6.0
1753591959880,04:52:39.880,gateio,ACT/USDT:USDT,0.0458,108.0,0.04579,1061.0,0.04581,1.0,0.04582,6.0
1753591959982,04:52:39.982,gateio,ACT/USDT:USDT,0.0458,164.0,0.04579,1005.0,0.04581,1.0,0.04582,6.0
1753591960095,04:52:40.095,gateio,ACT/USDT:USDT,0.0458,164.0,0.04579,1005.0,0.04581,1.0,0.04582,6.0
1753591961080,04:52:41.080,gateio,ACT/USDT:USDT,0.0458,164.0,0.04579,1005.0,0.04581,1.0,0.04582,6.0
1753591961458,04:52:41.458,gateio,ACT/USDT:USDT,0.0458,164.0,0.04579,821.0,0.04581,185.0,0.04582,6.0
1753591961497,04:52:41.497,gateio,ACT/USDT:USDT,0.0458,108.0,0.04579,877.0,0.04581,185.0,0.04582,6.0
1753591961753,04:52:41.753,gateio,ACT/USDT:USDT,0.0458,108.0,0.04579,877.0,0.04581,1.0,0.04582,6.0
1753591961777,04:52:41.777,gateio,ACT/USDT:USDT,0.0458,164.0,0.04579,821.0,0.04581,1.0,0.04582,6.0
1753591961914,04:52:41.914,gateio,ACT/USDT:USDT,0.0458,164.0,0.04579,821.0,0.04581,1.0,0.04582,6.0
1753591962057,04:52:42.057,gateio,ACT/USDT:USDT,0.0458,175.0,0.04579,821.0,0.04581,1.0,0.04582,6.0
1753591962656,04:52:42.656,gateio,ACT/USDT:USDT,0.0458,164.0,0.04579,821.0,0.04581,1.0,0.04582,6.0
1753591962737,04:52:42.737,gateio,ACT/USDT:USDT,0.0458,164.0,0.04579,821.0,0.04581,1.0,0.04582,6.0
1753591963168,04:52:43.168,gateio,ACT/USDT:USDT,0.0458,164.0,0.04579,821.0,0.04581,1.0,0.04582,6.0
1753591966463,04:52:46.463,gateio,ACT/USDT:USDT,0.0458,175.0,0.04579,821.0,0.04581,1.0,0.04582,6.0
1753591966502,04:52:46.502,gateio,ACT/USDT:USDT,0.0458,164.0,0.04579,821.0,0.04581,1.0,0.04582,6.0
1753591966580,04:52:46.580,gateio,ACT/USDT:USDT,0.0458,175.0,0.04579,821.0,0.04581,1.0,0.04582,6.0
1753591967732,04:52:47.732,gateio,ACT/USDT:USDT,0.0458,164.0,0.04579,821.0,0.04581,1.0,0.04582,6.0
1753591968066,04:52:48.066,gateio,ACT/USDT:USDT,0.0458,186.0,0.04579,821.0,0.04581,1.0,0.04582,6.0
1753591968822,04:52:48.822,gateio,ACT/USDT:USDT,0.0458,186.0,0.04579,1007.0,0.04581,1.0,0.04582,6.0
1753591969227,04:52:49.227,gateio,ACT/USDT:USDT,0.0458,186.0,0.04579,1007.0,0.04581,1.0,0.04582,6.0
1753591969604,04:52:49.604,gateio,ACT/USDT:USDT,0.0458,186.0,0.04579,1365.0,0.04581,1.0,0.04582,6.0
1753591972234,04:52:52.234,gateio,ACT/USDT:USDT,0.0458,186.0,0.04579,1365.0,0.04581,1.0,0.04582,6.0
1753591972993,04:52:52.993,gateio,ACT/USDT:USDT,0.0458,372.0,0.04579,1365.0,0.04581,1.0,0.04582,6.0
1753591975398,04:52:55.398,gateio,ACT/USDT:USDT,0.0458,372.0,0.04579,1365.0,0.04581,1.0,0.04582,6.0
1753591975737,04:52:55.737,gateio,ACT/USDT:USDT,0.0458,186.0,0.04579,1365.0,0.04581,1.0,0.04582,6.0
1753591979301,04:52:59.301,gateio,ACT/USDT:USDT,0.0458,164.0,0.04579,1179.0,0.04581,1.0,0.04582,6.0
1753591979416,04:52:59.416,gateio,ACT/USDT:USDT,0.0458,186.0,0.04579,1179.0,0.04581,1.0,0.04582,6.0
1753591979833,04:52:59.833,gateio,ACT/USDT:USDT,0.0458,372.0,0.04579,1365.0,0.04581,1.0,0.04582,6.0
1753591983537,04:53:03.537,gateio,ACT/USDT:USDT,0.0458,175.0,0.04579,1365.0,0.04581,1.0,0.04582,6.0
1753591984471,04:53:04.471,gateio,ACT/USDT:USDT,0.0458,164.0,0.04579,1365.0,0.04581,1.0,0.04582,6.0
1753591984662,04:53:04.662,gateio,ACT/USDT:USDT,0.0458,164.0,0.04579,1365.0,0.04581,1.0,0.04582,6.0
1753591984679,04:53:04.679,gateio,ACT/USDT:USDT,0.0458,164.0,0.04579,1365.0,0.04581,1.0,0.04582,6.0
1753591985389,04:53:05.389,gateio,ACT/USDT:USDT,0.0458,175.0,0.04579,1365.0,0.04581,1.0,0.04582,6.0
1753591987394,04:53:07.394,gateio,ACT/USDT:USDT,0.0458,164.0,0.04579,1365.0,0.04581,1.0,0.04582,6.0
1753591988854,04:53:08.854,gateio,ACT/USDT:USDT,0.0458,164.0,0.04579,1179.0,0.04581,1.0,0.04582,6.0
1753591991395,04:53:11.395,gateio,ACT/USDT:USDT,0.0458,175.0,0.04579,1179.0,0.04581,1.0,0.04582,6.0
1753591992375,04:53:12.375,gateio,ACT/USDT:USDT,0.04579,1246.0,0.04578,1953.0,0.04581,190.0,0.04582,6.0
1753591992389,04:53:12.389,gateio,ACT/USDT:USDT,0.04579,1179.0,0.04578,2009.0,0.04581,201.0,0.04582,56.0
1753591992518,04:53:12.518,gateio,ACT/USDT:USDT,0.04579,1626.0,0.04578,2178.0,0.04581,201.0,0.04582,56.0
1753591992610,04:53:12.610,gateio,ACT/USDT:USDT,0.04579,1626.0,0.04578,2178.0,0.04581,201.0,0.04582,56.0
1753591992775,04:53:12.775,gateio,ACT/USDT:USDT,0.04579,555.0,0.04578,3249.0,0.04581,212.0,0.04582,56.0
1753591992779,04:53:12.779,gateio,ACT/USDT:USDT,0.04579,555.0,0.04578,2562.0,0.04581,212.0,0.04582,56.0
1753591993036,04:53:13.036,gateio,ACT/USDT:USDT,0.04579,555.0,0.04578,2562.0,0.04581,212.0,0.04582,56.0
1753591993375,04:53:13.375,gateio,ACT/USDT:USDT,0.04578,1296.0,0.04577,870.0,0.0458,211.0,0.04581,190.0
1753591993458,04:53:13.458,gateio,ACT/USDT:USDT,0.04578,1240.0,0.04577,926.0,0.0458,200.0,0.04581,246.0
1753591993494,04:53:13.494,gateio,ACT/USDT:USDT,0.04578,1240.0,0.04577,1095.0,0.0458,200.0,0.04581,246.0
1753591993917,04:53:13.917,gateio,ACT/USDT:USDT,0.04578,1240.0,0.04577,1095.0,0.0458,200.0,0.04581,246.0
1753591994338,04:53:14.338,gateio,ACT/USDT:USDT,0.04578,1240.0,0.04577,1095.0,0.0458,200.0,0.04581,246.0
1753591996484,04:53:16.484,gateio,ACT/USDT:USDT,0.04578,1251.0,0.04577,1095.0,0.0458,189.0,0.04581,246.0
1753591998575,04:53:18.575,gateio,ACT/USDT:USDT,0.04578,169.0,0.04577,1479.0,0.0458,200.0,0.04581,246.0
1753591998601,04:53:18.601,gateio,ACT/USDT:USDT,0.04578,180.0,0.04577,1479.0,0.0458,189.0,0.04581,246.0
1753591998875,04:53:18.875,gateio,ACT/USDT:USDT,0.04579,108.0,0.04578,180.0,0.04581,268.0,0.04583,564.0
1753591998896,04:53:18.896,gateio,ACT/USDT:USDT,0.04579,108.0,0.04578,236.0,0.04581,201.0,0.04582,56.0
1753591999219,04:53:19.219,gateio,ACT/USDT:USDT,0.04579,108.0,0.04578,225.0,0.04581,212.0,0.04582,56.0
1753592000032,04:53:20.032,gateio,ACT/USDT:USDT,0.04579,108.0,0.04578,225.0,0.04581,212.0,0.04582,56.0
1753592000449,04:53:20.449,gateio,ACT/USDT:USDT,0.04579,108.0,0.04578,225.0,0.04581,212.0,0.04582,56.0
1753592001618,04:53:21.618,gateio,ACT/USDT:USDT,0.04579,108.0,0.04578,410.0,0.04581,212.0,0.04582,56.0
1753592006737,04:53:26.737,gateio,ACT/USDT:USDT,0.04579,164.0,0.04578,354.0,0.04581,12.0,0.04582,183.0
1753592006858,04:53:26.858,gateio,ACT/USDT:USDT,0.04579,108.0,0.04578,410.0,0.04581,29.0,0.04582,239.0
1753592006882,04:53:26.882,gateio,ACT/USDT:USDT,0.04579,108.0,0.04578,410.0,0.04581,23.0,0.04582,239.0
1753592007317,04:53:27.317,gateio,ACT/USDT:USDT,0.0458,108.0,0.04579,164.0,0.04581,1.0,0.04582,183.0
1753592007400,04:53:27.400,gateio,ACT/USDT:USDT,0.0458,108.0,0.04579,164.0,0.04581,7.0,0.04582,183.0
1753592008144,04:53:28.144,gateio,ACT/USDT:USDT,0.0458,108.0,0.04579,164.0,0.04581,7.0,0.04582,183.0
1753592008575,04:53:28.575,gateio,ACT/USDT:USDT,0.0458,108.0,0.04579,164.0,0.04581,18.0,0.04582,183.0
1753592008806,04:53:28.806,gateio,ACT/USDT:USDT,0.0458,108.0,0.04579,164.0,0.04581,29.0,0.04582,183.0
1753592012374,04:53:32.374,gateio,ACT/USDT:USDT,0.0458,108.0,0.04579,164.0,0.04581,7.0,0.04582,183.0
1753592012384,04:53:32.384,gateio,ACT/USDT:USDT,0.0458,108.0,0.04579,347.0,0.04581,7.0,0.04582,183.0
1753592012641,04:53:32.641,gateio,ACT/USDT:USDT,0.0458,108.0,0.04579,347.0,0.04581,7.0,0.04582,183.0
1753592015559,04:53:35.559,gateio,ACT/USDT:USDT,0.0458,119.0,0.04579,347.0,0.04581,7.0,0.04582,183.0
1753592015756,04:53:35.756,gateio,ACT/USDT:USDT,0.0458,175.0,0.04579,291.0,0.04581,7.0,0.04583,564.0
1753592015783,04:53:35.783,gateio,ACT/USDT:USDT,0.0458,175.0,0.04579,291.0,0.04581,1.0,0.04582,6.0
1753592015938,04:53:35.938,gateio,ACT/USDT:USDT,0.0458,175.0,0.04579,1362.0,0.04581,1.0,0.04582,6.0
1753592016312,04:53:36.312,gateio,ACT/USDT:USDT,0.0458,175.0,0.04579,1362.0,0.04581,1.0,0.04582,6.0
1753592017152,04:53:37.152,gateio,ACT/USDT:USDT,0.0458,164.0,0.04579,1362.0,0.04581,1.0,0.04582,6.0
1753592017532,04:53:37.532,gateio,ACT/USDT:USDT,0.0458,164.0,0.04579,1362.0,0.04581,1.0,0.04582,6.0
1753592018161,04:53:38.161,gateio,ACT/USDT:USDT,0.0458,164.0,0.04579,1362.0,0.04581,1.0,0.04582,6.0
1753592018188,04:53:38.188,gateio,ACT/USDT:USDT,0.0458,164.0,0.04579,1362.0,0.04581,1.0,0.04582,6.0
1753592020406,04:53:40.406,gateio,ACT/USDT:USDT,0.0458,186.0,0.04579,1362.0,0.04581,1.0,0.04582,6.0
1753592021045,04:53:41.045,gateio,ACT/USDT:USDT,0.0458,164.0,0.04579,1362.0,0.04581,1.0,0.04582,6.0
1753592021460,04:53:41.460,gateio,ACT/USDT:USDT,0.0458,186.0,0.04579,1362.0,0.04581,1.0,0.04582,6.0
1753592021542,04:53:41.542,gateio,ACT/USDT:USDT,0.0458,164.0,0.04579,1362.0,0.04581,1.0,0.04582,6.0
1753592021759,04:53:41.759,gateio,ACT/USDT:USDT,0.0458,175.0,0.04579,1362.0,0.04581,1.0,0.04582,6.0
1753592022343,04:53:42.343,gateio,ACT/USDT:USDT,0.0458,164.0,0.04579,1362.0,0.04581,1.0,0.04582,6.0
1753592023034,04:53:43.034,gateio,ACT/USDT:USDT,0.0458,186.0,0.04579,1362.0,0.04581,1.0,0.04582,6.0
1753592027714,04:53:47.714,gateio,ACT/USDT:USDT,0.0458,164.0,0.04579,1362.0,0.04581,1.0,0.04582,6.0
1753592028047,04:53:48.047,gateio,ACT/USDT:USDT,0.0458,375.0,0.04579,1362.0,0.04581,1.0,0.04582,6.0
1753592032743,04:53:52.743,gateio,ACT/USDT:USDT,0.0458,353.0,0.04579,1362.0,0.04581,1.0,0.04582,6.0
1753592034462,04:53:54.462,gateio,ACT/USDT:USDT,0.0458,375.0,0.04579,1362.0,0.04581,1.0,0.04582,6.0
1753592034703,04:53:54.703,gateio,ACT/USDT:USDT,0.0458,186.0,0.04579,1362.0,0.04581,1.0,0.04582,6.0
1753592035457,04:53:55.457,gateio,ACT/USDT:USDT,0.0458,164.0,0.04579,1362.0,0.04581,1.0,0.04582,6.0
1753592035647,04:53:55.647,gateio,ACT/USDT:USDT,0.0458,164.0,0.04579,1362.0,0.04581,1.0,0.04582,6.0
1753592036514,04:53:56.514,gateio,ACT/USDT:USDT,0.0458,164.0,0.04579,1362.0,0.04581,1.0,0.04582,6.0
1753592039170,04:53:59.170,gateio,ACT/USDT:USDT,0.0458,186.0,0.04579,1362.0,0.04581,1.0,0.04582,6.0
1753592043820,04:54:03.820,gateio,ACT/USDT:USDT,0.0458,175.0,0.04579,1362.0,0.04581,1.0,0.04582,6.0
1753592044176,04:54:04.176,gateio,ACT/USDT:USDT,0.04585,108.0,0.04584,162.0,0.04586,182.0,0.04587,182.0
1753592044258,04:54:04.258,gateio,ACT/USDT:USDT,0.04585,184.0,0.04584,218.0,0.04587,195.0,0.04589,180.0
1753592044350,04:54:04.350,gateio,ACT/USDT:USDT,0.04585,76.0,0.04584,218.0,0.04587,193.0,0.04588,250.0
1753592044475,04:54:04.475,gateio,ACT/USDT:USDT,0.04585,76.0,0.04584,218.0,0.04587,195.0,0.04588,250.0
1753592044507,04:54:04.507,gateio,ACT/USDT:USDT,0.04585,76.0,0.04584,218.0,0.04587,195.0,0.04588,250.0
1753592044675,04:54:04.675,gateio,ACT/USDT:USDT,0.04585,76.0,0.04584,218.0,0.04587,195.0,0.04588,250.0
1753592044715,04:54:04.715,gateio,ACT/USDT:USDT,0.04585,76.0,0.04584,218.0,0.04587,195.0,0.04588,250.0
1753592045158,04:54:05.158,gateio,ACT/USDT:USDT,0.04585,76.0,0.04584,218.0,0.04587,195.0,0.04588,250.0
1753592045326,04:54:05.326,gateio,ACT/USDT:USDT,0.04585,76.0,0.04584,218.0,0.04587,195.0,0.04588,250.0
1753592046027,04:54:06.027,gateio,ACT/USDT:USDT,0.04585,76.0,0.04584,218.0,0.04587,195.0,0.04588,250.0
1753592050167,04:54:10.167,gateio,ACT/USDT:USDT,0.04585,76.0,0.04584,218.0,0.04587,195.0,0.04588,250.0
1753592050183,04:54:10.183,gateio,ACT/USDT:USDT,0.04585,76.0,0.04584,218.0,0.04587,195.0,0.04588,250.0
1753592052974,04:54:12.974,gateio,ACT/USDT:USDT,0.04586,108.0,0.04585,76.0,0.04587,184.0,0.04588,250.0
1753592053040,04:54:13.040,gateio,ACT/USDT:USDT,0.04586,108.0,0.04585,225.0,0.04587,182.0,0.04588,250.0
1753592054235,04:54:14.235,gateio,ACT/USDT:USDT,0.04586,108.0,0.04585,225.0,0.04587,182.0,0.04588,250.0
1753592054407,04:54:14.407,gateio,ACT/USDT:USDT,0.04586,108.0,0.04585,225.0,0.04587,182.0,0.04588,250.0
1753592055861,04:54:15.861,gateio,ACT/USDT:USDT,0.04585,225.0,0.04584,169.0,0.04587,182.0,0.04588,250.0
1753592055905,04:54:15.905,gateio,ACT/USDT:USDT,0.04585,169.0,0.04584,225.0,0.04587,182.0,0.04588,250.0
1753592056263,04:54:16.263,gateio,ACT/USDT:USDT,0.04585,169.0,0.04584,225.0,0.04587,193.0,0.04588,250.0
1753592056282,04:54:16.282,gateio,ACT/USDT:USDT,0.04585,169.0,0.04584,225.0,0.04587,195.0,0.04588,250.0
1753592056475,04:54:16.475,gateio,ACT/USDT:USDT,0.04585,169.0,0.04584,225.0,0.04587,195.0,0.04588,250.0
1753592056498,04:54:16.498,gateio,ACT/USDT:USDT,0.04585,169.0,0.04584,225.0,0.04587,195.0,0.04588,250.0
1753592060160,04:54:20.160,gateio,ACT/USDT:USDT,0.04585,169.0,0.04584,225.0,0.04587,206.0,0.04588,250.0
1753592060342,04:54:20.342,gateio,ACT/USDT:USDT,0.04585,169.0,0.04584,225.0,0.04587,206.0,0.04588,250.0
1753592062091,04:54:22.091,gateio,ACT/USDT:USDT,0.04585,169.0,0.04584,225.0,0.04587,195.0,0.04588,250.0
1753592062268,04:54:22.268,gateio,ACT/USDT:USDT,0.04585,169.0,0.04584,225.0,0.04587,195.0,0.04588,250.0
1753592062278,04:54:22.278,gateio,ACT/USDT:USDT,0.04585,169.0,0.04584,225.0,0.04587,195.0,0.04588,250.0
1753592062815,04:54:22.815,gateio,ACT/USDT:USDT,0.04585,169.0,0.04584,225.0,0.04587,206.0,0.04588,250.0
1753592064291,04:54:24.291,gateio,ACT/USDT:USDT,0.04585,169.0,0.04584,225.0,0.04587,195.0,0.04588,250.0
1753592064394,04:54:24.394,gateio,ACT/USDT:USDT,0.04585,169.0,0.04584,226.0,0.04587,206.0,0.04588,250.0
1753592065153,04:54:25.153,gateio,ACT/USDT:USDT,0.04585,169.0,0.04584,226.0,0.04587,184.0,0.04588,250.0
1753592065258,04:54:25.258,gateio,ACT/USDT:USDT,0.04585,169.0,0.04584,226.0,0.04587,182.0,0.04588,252.0
1753592066143,04:54:26.143,gateio,ACT/USDT:USDT,0.04585,180.0,0.04584,226.0,0.04587,182.0,0.04588,252.0
1753592066195,04:54:26.195,gateio,ACT/USDT:USDT,0.04585,169.0,0.04584,226.0,0.04587,193.0,0.04588,252.0
1753592069250,04:54:29.250,gateio,ACT/USDT:USDT,0.04585,180.0,0.04584,226.0,0.04587,182.0,0.04588,252.0
1753592072335,04:54:32.335,gateio,ACT/USDT:USDT,0.04585,169.0,0.04584,226.0,0.04587,204.0,0.04588,252.0
1753592074265,04:54:34.265,gateio,ACT/USDT:USDT,0.04585,180.0,0.04584,226.0,0.04587,182.0,0.04588,252.0
1753592076565,04:54:36.565,gateio,ACT/USDT:USDT,0.04585,169.0,0.04584,226.0,0.04587,204.0,0.04588,252.0
1753592076654,04:54:36.654,gateio,ACT/USDT:USDT,0.04584,226.0,0.04583,1076.0,0.04587,204.0,0.04588,252.0
1753592076758,04:54:36.758,gateio,ACT/USDT:USDT,0.04584,226.0,0.04583,175.0,0.04587,204.0,0.04588,252.0
1753592076825,04:54:36.825,gateio,ACT/USDT:USDT,0.04584,225.0,0.04583,176.0,0.04587,204.0,0.04588,252.0
1753592076882,04:54:36.882,gateio,ACT/USDT:USDT,0.04584,225.0,0.04583,176.0,0.04587,204.0,0.04588,252.0
1753592077302,04:54:37.302,gateio,ACT/USDT:USDT,0.04584,225.0,0.04583,176.0,0.04587,204.0,0.04588,252.0
1753592078958,04:54:38.958,gateio,ACT/USDT:USDT,0.04584,225.0,0.04583,176.0,0.04587,204.0,0.04588,252.0
1753592078978,04:54:38.978,gateio,ACT/USDT:USDT,0.04584,225.0,0.04583,176.0,0.04587,204.0,0.04588,252.0
1753592079367,04:54:39.367,gateio,ACT/USDT:USDT,0.04584,225.0,0.04583,176.0,0.04587,204.0,0.04588,252.0
1753592080349,04:54:40.349,gateio,ACT/USDT:USDT,0.04583,232.0,0.04582,1241.0,0.04587,204.0,0.04588,252.0
1753592080398,04:54:40.398,gateio,ACT/USDT:USDT,0.04583,232.0,0.04582,170.0,0.04587,204.0,0.04588,252.0
1753592080483,04:54:40.483,gateio,ACT/USDT:USDT,0.04583,226.0,0.04582,176.0,0.04587,204.0,0.04588,252.0
1753592080621,04:54:40.621,gateio,ACT/USDT:USDT,0.04583,226.0,0.04582,176.0,0.04587,204.0,0.04588,252.0
1753592080845,04:54:40.845,gateio,ACT/USDT:USDT,0.04583,226.0,0.04582,176.0,0.04587,204.0,0.04588,252.0
1753592080937,04:54:40.937,gateio,ACT/USDT:USDT,0.04583,226.0,0.04582,176.0,0.04587,454.0,0.04588,252.0
1753592080998,04:54:40.998,gateio,ACT/USDT:USDT,0.04583,226.0,0.04582,176.0,0.04586,438.0,0.04587,432.0
1753592081499,04:54:41.499,gateio,ACT/USDT:USDT,0.04583,226.0,0.04582,176.0,0.04586,438.0,0.04587,432.0
1753592081841,04:54:41.841,gateio,ACT/USDT:USDT,0.04583,226.0,0.04582,176.0,0.04586,438.0,0.04587,182.0
1753592081958,04:54:41.958,gateio,ACT/USDT:USDT,0.04583,226.0,0.04582,176.0,0.04586,438.0,0.04587,182.0
1753592082068,04:54:42.068,gateio,ACT/USDT:USDT,0.04583,56.0,0.04582,176.0,0.04586,438.0,0.04587,1262.0
1753592082083,04:54:42.083,gateio,ACT/USDT:USDT,0.04582,226.0,0.04581,6.0,0.04586,438.0,0.04587,1262.0
1753592082198,04:54:42.198,gateio,ACT/USDT:USDT,0.04582,226.0,0.04581,176.0,0.04586,438.0,0.04587,1262.0
1753592082328,04:54:42.328,gateio,ACT/USDT:USDT,0.04582,226.0,0.04581,176.0,0.04586,438.0,0.04587,1262.0
1753592083151,04:54:43.151,gateio,ACT/USDT:USDT,0.04582,226.0,0.04581,176.0,0.04586,438.0,0.04587,1262.0
1753592083485,04:54:43.485,gateio,ACT/USDT:USDT,0.04582,226.0,0.04581,176.0,0.04586,438.0,0.04587,1262.0
1753592083595,04:54:43.595,gateio,ACT/USDT:USDT,0.04582,226.0,0.04581,176.0,0.04586,438.0,0.04587,1262.0
1753592084320,04:54:44.320,gateio,ACT/USDT:USDT,0.04583,164.0,0.04582,170.0,0.04586,276.0,0.04587,1262.0
1753592084418,04:54:44.418,gateio,ACT/USDT:USDT,0.04584,7.0,0.04583,164.0,0.04586,276.0,0.04587,1262.0
1753592084483,04:54:44.483,gateio,ACT/USDT:USDT,0.04584,7.0,0.04583,164.0,0.04586,276.0,0.04587,1262.0
1753592084840,04:54:44.840,gateio,ACT/USDT:USDT,0.04584,7.0,0.04583,164.0,0.04586,276.0,0.04587,1262.0
1753592085256,04:54:45.256,gateio,ACT/USDT:USDT,0.04584,7.0,0.04583,164.0,0.04586,276.0,0.04587,1262.0
1753592085359,04:54:45.359,gateio,ACT/USDT:USDT,0.04583,164.0,0.04582,170.0,0.04586,276.0,0.04587,1262.0
1753592085468,04:54:45.468,gateio,ACT/USDT:USDT,0.04583,108.0,0.04582,170.0,0.04585,215.0,0.04586,254.0
1753592085498,04:54:45.498,gateio,ACT/USDT:USDT,0.04583,108.0,0.04582,226.0,0.04585,208.0,0.04586,254.0
1753592085675,04:54:45.675,gateio,ACT/USDT:USDT,0.04583,108.0,0.04582,226.0,0.04585,208.0,0.04586,254.0
1753592085676,04:54:45.676,gateio,ACT/USDT:USDT,0.04583,108.0,0.04582,226.0,0.04585,208.0,0.04586,254.0
1753592086419,04:54:46.419,gateio,ACT/USDT:USDT,0.04583,108.0,0.04582,226.0,0.04585,208.0,0.04586,254.0
1753592086530,04:54:46.530,gateio,ACT/USDT:USDT,0.04583,108.0,0.04582,226.0,0.04585,208.0,0.04586,254.0
1753592088375,04:54:48.375,gateio,ACT/USDT:USDT,0.04583,108.0,0.04582,226.0,0.04585,208.0,0.04586,254.0
1753592088378,04:54:48.378,gateio,ACT/USDT:USDT,0.04583,108.0,0.04582,226.0,0.04585,208.0,0.04586,254.0
1753592089475,04:54:49.475,gateio,ACT/USDT:USDT,0.04583,108.0,0.04582,226.0,0.04585,208.0,0.04586,254.0
1753592094166,04:54:54.166,gateio,ACT/USDT:USDT,0.04583,108.0,0.04582,226.0,0.04585,208.0,0.04586,254.0
1753592097074,04:54:57.074,gateio,ACT/USDT:USDT,0.04583,108.0,0.04582,226.0,0.04585,197.0,0.04586,254.0
1753592097176,04:54:57.176,gateio,ACT/USDT:USDT,0.04583,108.0,0.04582,226.0,0.04585,197.0,0.04586,254.0
1753592097176,04:54:57.176,gateio,ACT/USDT:USDT,0.04583,108.0,0.04582,226.0,0.04585,197.0,0.04586,254.0
1753592097531,04:54:57.531,gateio,ACT/USDT:USDT,0.04583,130.0,0.04582,226.0,0.04585,186.0,0.04586,254.0
1753592097634,04:54:57.634,gateio,ACT/USDT:USDT,0.04583,130.0,0.04582,226.0,0.04585,186.0,0.04586,254.0
1753592097682,04:54:57.682,gateio,ACT/USDT:USDT,0.04583,130.0,0.04582,226.0,0.04585,186.0,0.04586,254.0
1753592097991,04:54:57.991,gateio,ACT/USDT:USDT,0.04583,130.0,0.04582,226.0,0.04585,186.0,0.04586,254.0
1753592098110,04:54:58.110,gateio,ACT/USDT:USDT,0.04583,130.0,0.04582,226.0,0.04585,186.0,0.04586,254.0
1753592098399,04:54:58.399,gateio,ACT/USDT:USDT,0.04583,130.0,0.04582,226.0,0.04585,186.0,0.04586,254.0
1753592098999,04:54:58.999,gateio,ACT/USDT:USDT,0.04583,130.0,0.04582,226.0,0.04585,186.0,0.04586,254.0
1753592099117,04:54:59.117,gateio,ACT/USDT:USDT,0.04583,130.0,0.04582,226.0,0.04585,186.0,0.04586,254.0
1753592099218,04:54:59.218,gateio,ACT/USDT:USDT,0.04583,130.0,0.04582,226.0,0.04585,186.0,0.04586,254.0
1753592099673,04:54:59.673,gateio,ACT/USDT:USDT,0.04583,130.0,0.04582,407.0,0.04589,180.0,0.0459,2899.0
1753592099739,04:54:59.739,gateio,ACT/USDT:USDT,0.04585,108.0,0.04584,108.0,0.04588,257.0,0.04589,180.0
1753592099842,04:54:59.842,gateio,ACT/USDT:USDT,0.04585,108.0,0.04584,108.0,0.04588,438.0,0.04589,180.0
1753592099927,04:54:59.927,gateio,ACT/USDT:USDT,0.04585,164.0,0.04584,108.0,0.04588,438.0,0.04589,180.0
1753592100040,04:55:00.040,gateio,ACT/USDT:USDT,0.04585,175.0,0.04584,108.0,0.04588,449.0,0.04589,180.0
1753592100100,04:55:00.100,gateio,ACT/USDT:USDT,0.04585,56.0,0.04584,108.0,0.04588,460.0,0.04589,180.0
1753592100456,04:55:00.456,gateio,ACT/USDT:USDT,0.04585,56.0,0.04584,108.0,0.04588,460.0,0.04589,180.0
1753592100542,04:55:00.542,gateio,ACT/USDT:USDT,0.04584,164.0,0.04582,181.0,0.04587,552.0,0.04588,1746.0
1753592100638,04:55:00.638,gateio,ACT/USDT:USDT,0.04584,164.0,0.04582,181.0,0.04586,188.0,0.04587,11.0
1753592100768,04:55:00.768,gateio,ACT/USDT:USDT,0.04584,108.0,0.04583,226.0,0.04586,181.0,0.04587,11.0
1753592100908,04:55:00.908,gateio,ACT/USDT:USDT,0.04584,108.0,0.04583,226.0,0.04586,181.0,0.04587,11.0
1753592101438,04:55:01.438,gateio,ACT/USDT:USDT,0.04584,130.0,0.04583,226.0,0.04586,181.0,0.04588,431.0
1753592102286,04:55:02.286,gateio,ACT/USDT:USDT,0.04584,130.0,0.04583,226.0,0.04586,181.0,0.04588,431.0
1753592102958,04:55:02.958,gateio,ACT/USDT:USDT,0.04584,108.0,0.04583,226.0,0.04586,192.0,0.04588,431.0
1753592102979,04:55:02.979,gateio,ACT/USDT:USDT,0.04584,108.0,0.04583,226.0,0.04586,203.0,0.04588,431.0
1753592103338,04:55:03.338,gateio,ACT/USDT:USDT,0.04584,108.0,0.04583,226.0,0.04586,192.0,0.04588,431.0
1753592104257,04:55:04.257,gateio,ACT/USDT:USDT,0.04584,119.0,0.04583,226.0,0.04586,181.0,0.04588,431.0
1753592104338,04:55:04.338,gateio,ACT/USDT:USDT,0.04584,108.0,0.04583,226.0,0.04586,192.0,0.04588,431.0
1753592104626,04:55:04.626,gateio,ACT/USDT:USDT,0.04584,130.0,0.04583,226.0,0.04586,181.0,0.04588,431.0
1753592104746,04:55:04.746,gateio,ACT/USDT:USDT,0.04584,130.0,0.04583,226.0,0.04586,181.0,0.04588,431.0
1753592107638,04:55:07.638,gateio,ACT/USDT:USDT,0.04584,130.0,0.04583,226.0,0.04586,181.0,0.04588,431.0
1753592108765,04:55:08.765,gateio,ACT/USDT:USDT,0.04585,130.0,0.04584,164.0,0.04587,187.0,0.04588,431.0
1753592108843,04:55:08.843,gateio,ACT/USDT:USDT,0.04585,130.0,0.04584,164.0,0.04587,187.0,0.04588,431.0
1753592108898,04:55:08.898,gateio,ACT/USDT:USDT,0.04585,130.0,0.04584,164.0,0.04587,187.0,0.04588,431.0
1753592109134,04:55:09.134,gateio,ACT/USDT:USDT,0.04585,130.0,0.04584,164.0,0.04587,187.0,0.04588,431.0
1753592109564,04:55:09.564,gateio,ACT/USDT:USDT,0.04585,130.0,0.04584,164.0,0.04587,187.0,0.04588,431.0
1753592109608,04:55:09.608,gateio,ACT/USDT:USDT,0.04585,130.0,0.04584,164.0,0.04587,187.0,0.04588,431.0
1753592110254,04:55:10.254,gateio,ACT/USDT:USDT,0.04585,119.0,0.04584,164.0,0.04587,187.0,0.04588,431.0
1753592110408,04:55:10.408,gateio,ACT/USDT:USDT,0.04585,130.0,0.04584,164.0,0.04587,187.0,0.04588,431.0
1753592111538,04:55:11.538,gateio,ACT/USDT:USDT,0.04585,108.0,0.04584,164.0,0.04587,209.0,0.04588,431.0
1753592111630,04:55:11.630,gateio,ACT/USDT:USDT,0.04585,108.0,0.04584,164.0,0.04587,209.0,0.04588,431.0
1753592116826,04:55:16.826,gateio,ACT/USDT:USDT,0.04585,108.0,0.04584,164.0,0.04587,187.0,0.04588,431.0
1753592117143,04:55:17.143,gateio,ACT/USDT:USDT,0.04585,108.0,0.04584,164.0,0.04587,198.0,0.04588,431.0
1753592118134,04:55:18.134,gateio,ACT/USDT:USDT,0.04585,108.0,0.04584,164.0,0.04587,187.0,0.04588,431.0
1753592118218,04:55:18.218,gateio,ACT/USDT:USDT,0.04585,108.0,0.04584,164.0,0.04587,187.0,0.04588,431.0
1753592118648,04:55:18.648,gateio,ACT/USDT:USDT,0.04585,108.0,0.04584,164.0,0.04587,209.0,0.04588,431.0
1753592120218,04:55:20.218,gateio,ACT/USDT:USDT,0.04585,108.0,0.04584,164.0,0.04587,209.0,0.04588,431.0
1753592120653,04:55:20.653,gateio,ACT/USDT:USDT,0.04585,108.0,0.04584,164.0,0.04587,209.0,0.04588,431.0
1753592121310,04:55:21.310,gateio,ACT/USDT:USDT,0.04585,108.0,0.04584,164.0,0.04587,209.0,0.04588,431.0
1753592122660,04:55:22.660,gateio,ACT/USDT:USDT,0.04585,108.0,0.04584,164.0,0.04587,209.0,0.04588,431.0
1753592122938,04:55:22.938,gateio,ACT/USDT:USDT,0.04585,108.0,0.04584,164.0,0.04587,209.0,0.04588,431.0
1753592123158,04:55:23.158,gateio,ACT/USDT:USDT,0.04584,164.0,0.04582,1071.0,0.04587,198.0,0.04588,431.0
1753592123229,04:55:23.229,gateio,ACT/USDT:USDT,0.04584,119.0,0.04583,56.0,0.04586,195.0,0.04587,187.0
1753592123374,04:55:23.374,gateio,ACT/USDT:USDT,0.04584,119.0,0.04583,227.0,0.04587,187.0,0.04588,431.0
1753592123386,04:55:23.386,gateio,ACT/USDT:USDT,0.04585,108.0,0.04584,175.0,0.04586,7.0,0.04587,187.0
1753592123556,04:55:23.556,gateio,ACT/USDT:USDT,0.04584,108.0,0.04583,56.0,0.04585,296.0,0.04586,7.0
1753592123657,04:55:23.657,gateio,ACT/USDT:USDT,0.04583,238.0,0.04582,1071.0,0.04585,296.0,0.04586,7.0
1753592123682,04:55:23.682,gateio,ACT/USDT:USDT,0.04583,238.0,0.04582,1242.0,0.04585,296.0,0.04587,187.0
1753592123852,04:55:23.852,gateio,ACT/USDT:USDT,0.04583,182.0,0.04582,1298.0,0.04585,296.0,0.04587,187.0
1753592124622,04:55:24.622,gateio,ACT/USDT:USDT,0.04583,182.0,0.04582,1298.0,0.04585,296.0,0.04587,187.0
1753592125998,04:55:25.998,gateio,ACT/USDT:USDT,0.04583,193.0,0.04582,227.0,0.04585,296.0,0.04587,187.0
1753592126245,04:55:26.245,gateio,ACT/USDT:USDT,0.04583,193.0,0.04582,227.0,0.04585,296.0,0.04587,187.0
1753592126938,04:55:26.938,gateio,ACT/USDT:USDT,0.04584,130.0,0.04583,227.0,0.04585,108.0,0.04587,187.0
1753592127067,04:55:27.067,gateio,ACT/USDT:USDT,0.04584,119.0,0.04583,227.0,0.04585,108.0,0.04586,7.0
1753592127272,04:55:27.272,gateio,ACT/USDT:USDT,0.04584,119.0,0.04583,227.0,0.04585,108.0,0.04586,7.0
1753592127318,04:55:27.318,gateio,ACT/USDT:USDT,0.04584,108.0,0.04583,227.0,0.04585,108.0,0.04586,7.0
1753592127481,04:55:27.481,gateio,ACT/USDT:USDT,0.04584,108.0,0.04583,227.0,0.04585,108.0,0.04586,7.0
1753592127966,04:55:27.966,gateio,ACT/USDT:USDT,0.04584,108.0,0.04583,227.0,0.04585,296.0,0.04586,7.0
1753592142158,04:55:42.158,gateio,ACT/USDT:USDT,0.04584,108.0,0.04583,227.0,0.04585,296.0,0.04586,7.0
1753592142412,04:55:42.412,gateio,ACT/USDT:USDT,0.04584,108.0,0.04583,227.0,0.04585,296.0,0.04586,7.0
1753592143357,04:55:43.357,gateio,ACT/USDT:USDT,0.04584,108.0,0.04583,227.0,0.04585,296.0,0.04586,7.0
1753592144274,04:55:44.274,gateio,ACT/USDT:USDT,0.04584,130.0,0.04583,227.0,0.04585,188.0,0.04586,7.0
1753592144288,04:55:44.288,gateio,ACT/USDT:USDT,0.04584,130.0,0.04583,227.0,0.04585,188.0,0.04586,7.0
1753592144379,04:55:44.379,gateio,ACT/USDT:USDT,0.04584,119.0,0.04583,227.0,0.04585,188.0,0.04586,7.0
1753592145083,04:55:45.083,gateio,ACT/USDT:USDT,0.04584,108.0,0.04583,227.0,0.04585,188.0,0.04586,7.0
1753592146273,04:55:46.273,gateio,ACT/USDT:USDT,0.04584,186.0,0.04583,171.0,0.04586,7.0,0.04587,187.0
1753592146470,04:55:46.470,gateio,ACT/USDT:USDT,0.04584,186.0,0.04583,171.0,0.04586,7.0,0.04587,187.0
1753592146538,04:55:46.538,gateio,ACT/USDT:USDT,0.04585,108.0,0.04584,186.0,0.04586,7.0,0.04587,187.0
1753592146631,04:55:46.631,gateio,ACT/USDT:USDT,0.04585,108.0,0.04584,175.0,0.04586,7.0,0.04587,187.0
1753592146784,04:55:46.784,gateio,ACT/USDT:USDT,0.04585,108.0,0.04584,175.0,0.04586,7.0,0.04587,187.0
1753592146934,04:55:46.934,gateio,ACT/USDT:USDT,0.04585,108.0,0.04584,175.0,0.04586,7.0,0.04587,187.0
1753592147087,04:55:47.087,gateio,ACT/USDT:USDT,0.04585,108.0,0.04584,175.0,0.04586,191.0,0.04587,187.0
1753592147292,04:55:47.292,gateio,ACT/USDT:USDT,0.04585,108.0,0.04584,175.0,0.04586,191.0,0.04587,187.0
1753592147774,04:55:47.774,gateio,ACT/USDT:USDT,0.04585,108.0,0.04584,164.0,0.04586,191.0,0.04587,187.0
1753592148253,04:55:48.253,gateio,ACT/USDT:USDT,0.04585,108.0,0.04584,164.0,0.04586,202.0,0.04587,187.0
1753592148764,04:55:48.764,gateio,ACT/USDT:USDT,0.04584,164.0,0.04583,171.0,0.04586,213.0,0.04587,187.0
1753592148815,04:55:48.815,gateio,ACT/USDT:USDT,0.04584,108.0,0.04583,227.0,0.04585,184.0,0.04586,206.0
1753592148883,04:55:48.883,gateio,ACT/USDT:USDT,0.04584,108.0,0.04583,227.0,0.04585,191.0,0.04586,206.0
1753592149013,04:55:49.013,gateio,ACT/USDT:USDT,0.04584,108.0,0.04583,227.0,0.04585,191.0,0.04586,206.0
1753592149431,04:55:49.431,gateio,ACT/USDT:USDT,0.04584,108.0,0.04583,227.0,0.04585,191.0,0.04586,206.0
1753592149687,04:55:49.687,gateio,ACT/USDT:USDT,0.04584,108.0,0.04583,227.0,0.04585,191.0,0.04586,195.0
1753592155469,04:55:55.469,gateio,ACT/USDT:USDT,0.04584,130.0,0.04583,227.0,0.04585,7.0,0.04586,184.0
1753592155559,04:55:55.559,gateio,ACT/USDT:USDT,0.04584,1441.0,0.04583,355.0,0.04585,7.0,0.04589,180.0
1753592155664,04:55:55.664,gateio,ACT/USDT:USDT,0.04585,184.0,0.04584,1419.0,0.04588,7.0,0.0459,188.0
1753592155769,04:55:55.769,gateio,ACT/USDT:USDT,0.04586,7.0,0.04585,356.0,0.04589,1.0,0.0459,188.0
1753592155796,04:55:55.796,gateio,ACT/USDT:USDT,0.04586,63.0,0.04585,356.0,0.04589,1.0,0.0459,188.0
1753592155969,04:55:55.969,gateio,ACT/USDT:USDT,0.04588,119.0,0.04587,228.0,0.04589,1.0,0.0459,188.0
1753592156069,04:55:56.069,gateio,ACT/USDT:USDT,0.04588,115.0,0.04587,250.0,0.04589,1.0,0.0459,188.0
1753592156090,04:55:56.090,gateio,ACT/USDT:USDT,0.04588,115.0,0.04587,250.0,0.04589,1.0,0.0459,188.0
1753592156369,04:55:56.369,gateio,ACT/USDT:USDT,0.04588,115.0,0.04587,250.0,0.04589,1.0,0.0459,188.0
1753592156571,04:55:56.571,gateio,ACT/USDT:USDT,0.04588,126.0,0.04587,250.0,0.04589,1.0,0.0459,188.0
1753592156580,04:55:56.580,gateio,ACT/USDT:USDT,0.04588,126.0,0.04587,250.0,0.04589,1.0,0.0459,188.0
1753592156786,04:55:56.786,gateio,ACT/USDT:USDT,0.04588,126.0,0.04587,250.0,0.04589,1.0,0.0459,188.0
1753592156879,04:55:56.879,gateio,ACT/USDT:USDT,0.04588,115.0,0.04587,250.0,0.04589,1.0,0.0459,188.0
1753592157094,04:55:57.094,gateio,ACT/USDT:USDT,0.04588,126.0,0.04587,250.0,0.04589,1.0,0.0459,188.0
1753592157472,04:55:57.472,gateio,ACT/USDT:USDT,0.04588,126.0,0.04587,250.0,0.04589,1.0,0.0459,188.0
1753592157511,04:55:57.511,gateio,ACT/USDT:USDT,0.04588,137.0,0.04587,250.0,0.04589,1.0,0.0459,188.0
1753592157578,04:55:57.578,gateio,ACT/USDT:USDT,0.04588,137.0,0.04587,250.0,0.04589,1.0,0.0459,188.0
1753592158258,04:55:58.258,gateio,ACT/USDT:USDT,0.04588,193.0,0.04587,194.0,0.04589,1.0,0.0459,1.0
1753592158372,04:55:58.372,gateio,ACT/USDT:USDT,0.04589,108.0,0.04588,193.0,0.0459,2.0,0.04591,250.0
1753592158455,04:55:58.455,gateio,ACT/USDT:USDT,0.04589,130.0,0.04588,193.0,0.0459,2.0,0.04591,250.0
1753592158537,04:55:58.537,gateio,ACT/USDT:USDT,0.04589,119.0,0.04588,193.0,0.0459,2.0,0.04591,250.0
1753592158688,04:55:58.688,gateio,ACT/USDT:USDT,0.04589,130.0,0.04588,193.0,0.0459,2.0,0.04591,250.0
1753592158835,04:55:58.835,gateio,ACT/USDT:USDT,0.04589,119.0,0.04588,193.0,0.0459,2.0,0.04591,250.0
1753592159148,04:55:59.148,gateio,ACT/USDT:USDT,0.04589,108.0,0.04588,193.0,0.0459,2.0,0.04591,250.0
1753592159310,04:55:59.310,gateio,ACT/USDT:USDT,0.04589,108.0,0.04588,193.0,0.0459,2.0,0.04591,250.0
1753592159672,04:55:59.672,gateio,ACT/USDT:USDT,0.04589,108.0,0.04588,193.0,0.0459,2.0,0.04591,250.0
1753592160738,04:56:00.738,gateio,ACT/USDT:USDT,0.04589,108.0,0.04588,193.0,0.0459,2.0,0.04591,250.0
1753592161708,04:56:01.708,gateio,ACT/USDT:USDT,0.04589,108.0,0.04588,193.0,0.0459,2.0,0.04591,250.0
1753592161933,04:56:01.933,gateio,ACT/USDT:USDT,0.04589,119.0,0.04588,193.0,0.0459,2.0,0.04591,250.0
1753592162047,04:56:02.047,gateio,ACT/USDT:USDT,0.04589,130.0,0.04588,366.0,0.0459,2.0,0.04591,250.0
1753592162115,04:56:02.115,gateio,ACT/USDT:USDT,0.04589,130.0,0.04588,366.0,0.0459,2.0,0.04591,250.0
1753592164143,04:56:04.143,gateio,ACT/USDT:USDT,0.04589,130.0,0.04588,366.0,0.0459,2.0,0.04591,250.0
1753592164347,04:56:04.347,gateio,ACT/USDT:USDT,0.04589,130.0,0.04588,366.0,0.0459,2.0,0.04591,250.0
1753592164588,04:56:04.588,gateio,ACT/USDT:USDT,0.04589,119.0,0.04588,366.0,0.0459,2.0,0.04591,250.0
1753592164760,04:56:04.760,gateio,ACT/USDT:USDT,0.04589,119.0,0.04588,366.0,0.0459,2.0,0.04591,250.0
1753592164788,04:56:04.788,gateio,ACT/USDT:USDT,0.04589,119.0,0.04588,366.0,0.0459,2.0,0.04591,250.0
1753592165514,04:56:05.514,gateio,ACT/USDT:USDT,0.04589,108.0,0.04588,355.0,0.0459,2.0,0.04591,250.0
1753592165580,04:56:05.580,gateio,ACT/USDT:USDT,0.04589,130.0,0.04588,355.0,0.0459,2.0,0.04591,250.0
1753592165694,04:56:05.694,gateio,ACT/USDT:USDT,0.04589,108.0,0.04588,355.0,0.0459,2.0,0.04591,250.0
1753592166555,04:56:06.555,gateio,ACT/USDT:USDT,0.04589,119.0,0.04588,1426.0,0.0459,2.0,0.04591,250.0
1753592166802,04:56:06.802,gateio,ACT/USDT:USDT,0.04589,119.0,0.04588,1426.0,0.0459,2.0,0.04591,250.0
1753592167288,04:56:07.288,gateio,ACT/USDT:USDT,0.04589,119.0,0.04588,1426.0,0.0459,2.0,0.04591,250.0
1753592167416,04:56:07.416,gateio,ACT/USDT:USDT,0.04589,130.0,0.04588,1426.0,0.0459,2.0,0.04591,250.0
1753592168282,04:56:08.282,gateio,ACT/USDT:USDT,0.04589,130.0,0.04588,1426.0,0.0459,2.0,0.04591,250.0
1753592168675,04:56:08.675,gateio,ACT/USDT:USDT,0.04589,108.0,0.04588,1426.0,0.0459,2.0,0.04591,250.0
1753592168678,04:56:08.678,gateio,ACT/USDT:USDT,0.04589,108.0,0.04588,1242.0,0.0459,2.0,0.04591,250.0
1753592171528,04:56:11.528,gateio,ACT/USDT:USDT,0.04589,130.0,0.04588,1242.0,0.0459,2.0,0.04591,250.0
1753592172665,04:56:12.665,gateio,ACT/USDT:USDT,0.04589,130.0,0.04588,1242.0,0.0459,2.0,0.04592,189.0
1753592172690,04:56:12.690,gateio,ACT/USDT:USDT,0.04589,186.0,0.04588,1186.0,0.0459,1.0,0.04591,1.0
1753592174259,04:56:14.259,gateio,ACT/USDT:USDT,0.04589,186.0,0.04588,1186.0,0.0459,1.0,0.04591,1.0
1753592174333,04:56:14.333,gateio,ACT/USDT:USDT,0.04589,186.0,0.04588,1186.0,0.0459,1.0,0.04591,1.0
1753592178119,04:56:18.119,gateio,ACT/USDT:USDT,0.04589,1257.0,0.04588,115.0,0.0459,1.0,0.04591,1.0
1753592179363,04:56:19.363,gateio,ACT/USDT:USDT,0.04589,1257.0,0.04588,297.0,0.0459,1.0,0.04591,1.0
1753592180165,04:56:20.165,gateio,ACT/USDT:USDT,0.04589,1257.0,0.04588,297.0,0.0459,1.0,0.04591,1.0
1753592180708,04:56:20.708,gateio,ACT/USDT:USDT,0.04589,1257.0,0.04588,297.0,0.0459,1.0,0.04591,1.0
1753592189718,04:56:29.718,gateio,ACT/USDT:USDT,0.04589,1257.0,0.04588,297.0,0.0459,1.0,0.04591,1.0
1753592190517,04:56:30.517,gateio,ACT/USDT:USDT,0.04589,1257.0,0.04588,297.0,0.0459,1.0,0.04591,1.0
1753592190633,04:56:30.633,gateio,ACT/USDT:USDT,0.04589,1257.0,0.04588,297.0,0.0459,1.0,0.04592,1.0
1753592190787,04:56:30.787,gateio,ACT/USDT:USDT,0.04589,1257.0,0.04588,297.0,0.0459,1.0,0.04592,1.0
1753592191310,04:56:31.310,gateio,ACT/USDT:USDT,0.04589,1235.0,0.04588,297.0,0.0459,1.0,0.04592,1.0
1753592191609,04:56:31.609,gateio,ACT/USDT:USDT,0.04589,1235.0,0.04588,297.0,0.0459,1.0,0.04592,1.0
1753592191688,04:56:31.688,gateio,ACT/USDT:USDT,0.04589,1246.0,0.04588,297.0,0.0459,1.0,0.04592,1.0
1753592192153,04:56:32.153,gateio,ACT/USDT:USDT,0.04589,1246.0,0.04588,297.0,0.0459,1.0,0.04592,1.0
1753592194861,04:56:34.861,gateio,ACT/USDT:USDT,0.04589,1257.0,0.04588,297.0,0.0459,1.0,0.04592,1.0
1753592195245,04:56:35.245,gateio,ACT/USDT:USDT,0.04589,1235.0,0.04588,297.0,0.0459,1.0,0.04592,1.0
1753592195498,04:56:35.498,gateio,ACT/USDT:USDT,0.04589,1235.0,0.04588,297.0,0.0459,1.0,0.04592,1.0
1753592195867,04:56:35.867,gateio,ACT/USDT:USDT,0.04589,1257.0,0.04588,297.0,0.0459,1.0,0.04592,1.0
1753592196448,04:56:36.448,gateio,ACT/USDT:USDT,0.04589,1257.0,0.04588,297.0,0.0459,1.0,0.04592,1.0
1753592199274,04:56:39.274,gateio,ACT/USDT:USDT,0.04591,162.0,0.04589,175.0,0.04592,1.0,0.04593,563.0
1753592199368,04:56:39.368,gateio,ACT/USDT:USDT,0.04592,108.0,0.04591,218.0,0.04593,379.0,0.04594,188.0
1753592199472,04:56:39.472,gateio,ACT/USDT:USDT,0.04592,108.0,0.04591,218.0,0.04593,379.0,0.04594,188.0
1753592199569,04:56:39.569,gateio,ACT/USDT:USDT,0.04592,108.0,0.04591,218.0,0.04593,379.0,0.04594,188.0
1753592199600,04:56:39.600,gateio,ACT/USDT:USDT,0.04592,108.0,0.04591,218.0,0.04593,379.0,0.04594,188.0
1753592199721,04:56:39.721,gateio,ACT/USDT:USDT,0.04592,108.0,0.04591,218.0,0.04593,379.0,0.04594,188.0
1753592200458,04:56:40.458,gateio,ACT/USDT:USDT,0.04592,108.0,0.04591,218.0,0.04593,3379.0,0.04594,188.0
1753592200575,04:56:40.575,gateio,ACT/USDT:USDT,0.04592,108.0,0.04591,218.0,0.04593,3379.0,0.04594,188.0
1753592200576,04:56:40.576,gateio,ACT/USDT:USDT,0.04592,108.0,0.04591,218.0,0.04593,3379.0,0.04594,188.0
1753592200795,04:56:40.795,gateio,ACT/USDT:USDT,0.04591,218.0,0.0459,1242.0,0.04593,3401.0,0.04594,188.0
1753592201070,04:56:41.070,gateio,ACT/USDT:USDT,0.04591,218.0,0.0459,1242.0,0.04593,3401.0,0.04594,188.0
1753592201294,04:56:41.294,gateio,ACT/USDT:USDT,0.04591,218.0,0.0459,1242.0,0.04593,3390.0,0.04595,181.0
1753592201379,04:56:41.379,gateio,ACT/USDT:USDT,0.04591,218.0,0.0459,1242.0,0.04593,3401.0,0.04595,181.0
1753592201500,04:56:41.500,gateio,ACT/USDT:USDT,0.04591,218.0,0.0459,1242.0,0.04593,3401.0,0.04595,181.0
1753592201924,04:56:41.924,gateio,ACT/USDT:USDT,0.04591,218.0,0.0459,1242.0,0.04593,3401.0,0.04595,181.0
1753592203067,04:56:43.067,gateio,ACT/USDT:USDT,0.04591,218.0,0.0459,1242.0,0.04593,3379.0,0.04595,181.0
1753592204033,04:56:44.033,gateio,ACT/USDT:USDT,0.04591,218.0,0.0459,1242.0,0.04593,3379.0,0.04595,181.0
1753592205052,04:56:45.052,gateio,ACT/USDT:USDT,0.04591,218.0,0.0459,1242.0,0.04593,3390.0,0.04595,181.0
1753592205294,04:56:45.294,gateio,ACT/USDT:USDT,0.04592,108.0,0.04591,218.0,0.04593,3379.0,0.04595,181.0
1753592205387,04:56:45.387,gateio,ACT/USDT:USDT,0.04592,108.0,0.04591,218.0,0.04593,3379.0,0.04595,181.0
1753592205571,04:56:45.571,gateio,ACT/USDT:USDT,0.04592,108.0,0.04591,218.0,0.04593,3379.0,0.04595,181.0
1753592205640,04:56:45.640,gateio,ACT/USDT:USDT,0.04592,108.0,0.04591,218.0,0.04593,3379.0,0.04594,1.0
1753592205774,04:56:45.774,gateio,ACT/USDT:USDT,0.04592,130.0,0.04591,1480.0,0.04594,1.0,0.04595,181.0
1753592205860,04:56:45.860,gateio,ACT/USDT:USDT,0.04594,162.0,0.04593,162.0,0.04597,189.0,0.04598,183.0
1753592205938,04:56:45.938,gateio,ACT/USDT:USDT,0.04594,162.0,0.04593,162.0,0.04596,182.0,0.04597,189.0
1753592206067,04:56:46.067,gateio,ACT/USDT:USDT,0.04594,162.0,0.04593,162.0,0.04597,11.0,0.04598,182.0
1753592206225,04:56:46.225,gateio,ACT/USDT:USDT,0.04595,108.0,0.04594,218.0,0.04596,182.0,0.04597,11.0
1753592206325,04:56:46.325,gateio,ACT/USDT:USDT,0.04595,108.0,0.04594,218.0,0.04596,182.0,0.04597,11.0
1753592206379,04:56:46.379,gateio,ACT/USDT:USDT,0.04595,108.0,0.04594,218.0,0.04596,182.0,0.04597,11.0
1753592206503,04:56:46.503,gateio,ACT/USDT:USDT,0.04595,108.0,0.04594,218.0,0.04596,182.0,0.04597,11.0
1753592207058,04:56:47.058,gateio,ACT/USDT:USDT,0.04594,218.0,0.04592,1523.0,0.04595,186.0,0.04596,193.0
1753592207112,04:56:47.112,gateio,ACT/USDT:USDT,0.04594,218.0,0.04593,171.0,0.04595,186.0,0.04596,193.0
1753592207187,04:56:47.187,gateio,ACT/USDT:USDT,0.04594,162.0,0.04593,227.0,0.04595,186.0,0.04596,193.0
1753592207345,04:56:47.345,gateio,ACT/USDT:USDT,0.04594,162.0,0.04593,227.0,0.04595,186.0,0.04596,193.0
1753592208426,04:56:48.426,gateio,ACT/USDT:USDT,0.04594,162.0,0.04593,227.0,0.04595,2455.0,0.04596,193.0
1753592208573,04:56:48.573,gateio,ACT/USDT:USDT,0.04594,162.0,0.04593,227.0,0.04595,2455.0,0.04596,193.0
1753592210814,04:56:50.814,gateio,ACT/USDT:USDT,0.04594,162.0,0.04593,227.0,0.04595,2455.0,0.04596,193.0
1753592211174,04:56:51.174,gateio,ACT/USDT:USDT,0.04594,162.0,0.04593,227.0,0.04595,2466.0,0.04596,182.0
1753592211448,04:56:51.448,gateio,ACT/USDT:USDT,0.04594,162.0,0.04593,227.0,0.04595,2455.0,0.04596,182.0
1753592212863,04:56:52.863,gateio,ACT/USDT:USDT,0.04594,162.0,0.04593,1298.0,0.04595,2455.0,0.04596,182.0
1753592215673,04:56:55.673,gateio,ACT/USDT:USDT,0.04593,1242.0,0.04592,234.0,0.04594,186.0,0.04595,2477.0
1753592215720,04:56:55.720,gateio,ACT/USDT:USDT,0.04593,1071.0,0.04592,227.0,0.04594,187.0,0.04595,2466.0
1753592215837,04:56:55.837,gateio,ACT/USDT:USDT,0.04593,1071.0,0.04592,227.0,0.04594,122.0,0.04595,2455.0
1753592216655,04:56:56.655,gateio,ACT/USDT:USDT,0.04593,1071.0,0.04592,227.0,0.04594,122.0,0.04595,2455.0
1753592217197,04:56:57.197,gateio,ACT/USDT:USDT,0.04593,1071.0,0.04592,227.0,0.04594,122.0,0.04595,2455.0
1753592217474,04:56:57.474,gateio,ACT/USDT:USDT,0.04593,1071.0,0.04592,227.0,0.04594,122.0,0.04595,2455.0
1753592217594,04:56:57.594,gateio,ACT/USDT:USDT,0.04593,1071.0,0.04592,227.0,0.04594,133.0,0.04595,2455.0
1753592218357,04:56:58.357,gateio,ACT/USDT:USDT,0.04593,1071.0,0.04592,227.0,0.04594,122.0,0.04595,2455.0
1753592218659,04:56:58.659,gateio,ACT/USDT:USDT,0.04592,1320.0,0.04591,178.0,0.04594,133.0,0.04595,2455.0
1753592218700,04:56:58.700,gateio,ACT/USDT:USDT,0.04592,1320.0,0.04591,708.0,0.04594,122.0,0.04595,2455.0
1753592219022,04:56:59.022,gateio,ACT/USDT:USDT,0.04592,1298.0,0.04591,708.0,0.04594,133.0,0.04595,2455.0
1753592219943,04:56:59.943,gateio,ACT/USDT:USDT,0.04592,1298.0,0.04591,178.0,0.04594,133.0,0.04595,2455.0
1753592220544,04:57:00.544,gateio,ACT/USDT:USDT,0.04592,1298.0,0.04591,178.0,0.04594,144.0,0.04595,2455.0
1753592220669,04:57:00.669,gateio,ACT/USDT:USDT,0.04592,1298.0,0.04591,171.0,0.04594,133.0,0.04595,2455.0
1753592220730,04:57:00.730,gateio,ACT/USDT:USDT,0.04592,1320.0,0.04591,171.0,0.04594,122.0,0.04595,2455.0
1753592221784,04:57:01.784,gateio,ACT/USDT:USDT,0.04592,1298.0,0.04591,171.0,0.04594,133.0,0.04595,2455.0
1753592222125,04:57:02.125,gateio,ACT/USDT:USDT,0.04592,1127.0,0.04591,171.0,0.04594,144.0,0.04595,2455.0
1753592222261,04:57:02.261,gateio,ACT/USDT:USDT,0.04592,1127.0,0.04591,171.0,0.04594,144.0,0.04595,2455.0
1753592222670,04:57:02.670,gateio,ACT/USDT:USDT,0.04592,1127.0,0.04591,171.0,0.04594,144.0,0.04595,2455.0
1753592222768,04:57:02.768,gateio,ACT/USDT:USDT,0.0459,7.0,0.04588,1241.0,0.04594,781.0,0.04595,2455.0
1753592222840,04:57:02.840,gateio,ACT/USDT:USDT,0.0459,170.0,0.04589,55.0,0.04594,836.0,0.04595,2455.0
1753592222948,04:57:02.948,gateio,ACT/USDT:USDT,0.04591,55.0,0.0459,170.0,0.04594,836.0,0.04595,2455.0
1753592223017,04:57:03.017,gateio,ACT/USDT:USDT,0.0459,55.0,0.04588,1071.0,0.04594,781.0,0.04595,2510.0
1753592223156,04:57:03.156,gateio,ACT/USDT:USDT,0.0459,55.0,0.04589,170.0,0.04594,781.0,0.04595,2510.0
1753592223250,04:57:03.250,gateio,ACT/USDT:USDT,0.0459,55.0,0.04589,170.0,0.04594,836.0,0.04595,2455.0
1753592223339,04:57:03.339,gateio,ACT/USDT:USDT,0.0459,55.0,0.04587,1071.0,0.04593,457.0,0.04594,836.0
1753592223452,04:57:03.452,gateio,ACT/USDT:USDT,0.04588,55.0,0.04587,1071.0,0.04593,512.0,0.04594,781.0
1753592223651,04:57:03.651,gateio,ACT/USDT:USDT,0.04588,55.0,0.04587,1071.0,0.04593,512.0,0.04594,781.0
1753592223686,04:57:03.686,gateio,ACT/USDT:USDT,0.04588,55.0,0.04587,1241.0,0.04593,512.0,0.04594,781.0
1753592224458,04:57:04.458,gateio,ACT/USDT:USDT,0.04588,55.0,0.04587,1241.0,0.04593,512.0,0.04594,122.0
1753592224558,04:57:04.558,gateio,ACT/USDT:USDT,0.04588,55.0,0.04587,1241.0,0.04593,512.0,0.04594,121.0
1753592224585,04:57:04.585,gateio,ACT/USDT:USDT,0.04588,55.0,0.04587,1241.0,0.04593,512.0,0.04595,186.0
1753592224682,04:57:04.682,gateio,ACT/USDT:USDT,0.04588,55.0,0.04587,1241.0,0.04593,512.0,0.04595,186.0
1753592225240,04:57:05.240,gateio,ACT/USDT:USDT,0.0459,108.0,0.04589,108.0,0.04593,262.0,0.04595,186.0
1753592225344,04:57:05.344,gateio,ACT/USDT:USDT,0.0459,163.0,0.04589,108.0,0.04593,207.0,0.04594,55.0
1753592225824,04:57:05.824,gateio,ACT/USDT:USDT,0.0459,163.0,0.04589,108.0,0.04593,207.0,0.04594,55.0
1753592227588,04:57:07.588,gateio,ACT/USDT:USDT,0.0459,163.0,0.04589,108.0,0.04593,207.0,0.04594,55.0
1753592227878,04:57:07.878,gateio,ACT/USDT:USDT,0.0459,163.0,0.04589,108.0,0.04593,207.0,0.04594,55.0
1753592228702,04:57:08.702,gateio,ACT/USDT:USDT,0.0459,163.0,0.04589,108.0,0.04593,207.0,0.04594,55.0
1753592238939,04:57:18.939,gateio,ACT/USDT:USDT,0.0459,163.0,0.04589,108.0,0.04593,207.0,0.04594,55.0
1753592238986,04:57:18.986,gateio,ACT/USDT:USDT,0.0459,163.0,0.04589,108.0,0.04593,207.0,0.04594,55.0
1753592239783,04:57:19.783,gateio,ACT/USDT:USDT,0.0459,163.0,0.04589,108.0,0.04593,207.0,0.04594,236.0
1753592247675,04:57:27.675,gateio,ACT/USDT:USDT,0.0459,185.0,0.04589,108.0,0.04593,207.0,0.04594,236.0
1753592247680,04:57:27.680,gateio,ACT/USDT:USDT,0.0459,185.0,0.04589,108.0,0.04593,196.0,0.04594,236.0
1753592248690,04:57:28.690,gateio,ACT/USDT:USDT,0.0459,174.0,0.04589,108.0,0.04593,207.0,0.04594,236.0
1753592254826,04:57:34.826,gateio,ACT/USDT:USDT,0.0459,174.0,0.04589,108.0,0.04593,207.0,0.04594,236.0
1753592254877,04:57:34.877,gateio,ACT/USDT:USDT,0.0459,174.0,0.04589,108.0,0.04593,207.0,0.04594,236.0
1753592254979,04:57:34.979,gateio,ACT/USDT:USDT,0.0459,174.0,0.04589,108.0,0.04593,196.0,0.04594,236.0
1753592255237,04:57:35.237,gateio,ACT/USDT:USDT,0.0459,174.0,0.04589,108.0,0.04593,207.0,0.04594,236.0
1753592257687,04:57:37.687,gateio,ACT/USDT:USDT,0.0459,163.0,0.04589,108.0,0.04593,207.0,0.04594,236.0
1753592259716,04:57:39.716,gateio,ACT/USDT:USDT,0.0459,174.0,0.04589,108.0,0.04593,207.0,0.04594,236.0
1753592260135,04:57:40.135,gateio,ACT/USDT:USDT,0.04591,108.0,0.0459,163.0,0.04593,185.0,0.04594,236.0
1753592260334,04:57:40.334,gateio,ACT/USDT:USDT,0.04592,108.0,0.04591,130.0,0.04593,185.0,0.04594,236.0
1753592260434,04:57:40.434,gateio,ACT/USDT:USDT,0.04592,108.0,0.04591,173.0,0.04594,181.0,0.04595,187.0
1753592260530,04:57:40.530,gateio,ACT/USDT:USDT,0.04592,108.0,0.04591,162.0,0.04594,192.0,0.04595,187.0
1753592260590,04:57:40.590,gateio,ACT/USDT:USDT,0.04592,108.0,0.04591,162.0,0.04594,192.0,0.04595,187.0
1753592261009,04:57:41.009,gateio,ACT/USDT:USDT,0.04592,108.0,0.04591,162.0,0.04594,192.0,0.04595,187.0
1753592261422,04:57:41.422,gateio,ACT/USDT:USDT,0.04592,108.0,0.04591,162.0,0.04594,192.0,0.04595,187.0
1753592261814,04:57:41.814,gateio,ACT/USDT:USDT,0.04592,108.0,0.04591,162.0,0.04594,203.0,0.04595,187.0
1753592264998,04:57:44.998,gateio,ACT/USDT:USDT,0.04592,108.0,0.04591,162.0,0.04594,192.0,0.04595,187.0
1753592265115,04:57:45.115,gateio,ACT/USDT:USDT,0.04592,108.0,0.04591,162.0,0.04594,203.0,0.04595,186.0
1753592265217,04:57:45.217,gateio,ACT/USDT:USDT,0.04592,108.0,0.04591,162.0,0.04594,203.0,0.04595,186.0
1753592265374,04:57:45.374,gateio,ACT/USDT:USDT,0.04592,108.0,0.04591,162.0,0.04594,192.0,0.04595,186.0
1753592265813,04:57:45.813,gateio,ACT/USDT:USDT,0.04592,108.0,0.04591,162.0,0.04594,203.0,0.04595,186.0
1753592265940,04:57:45.940,gateio,ACT/USDT:USDT,0.04592,108.0,0.04591,162.0,0.04594,582.0,0.04595,186.0
1753592267810,04:57:47.810,gateio,ACT/USDT:USDT,0.04592,108.0,0.04591,162.0,0.04594,582.0,0.04595,186.0
1753592268474,04:57:48.474,gateio,ACT/USDT:USDT,0.04592,108.0,0.04591,162.0,0.04594,571.0,0.04595,186.0
1753592268526,04:57:48.526,gateio,ACT/USDT:USDT,0.04592,108.0,0.04591,162.0,0.04594,582.0,0.04595,186.0
1753592268742,04:57:48.742,gateio,ACT/USDT:USDT,0.04591,162.0,0.04588,1078.0,0.04594,582.0,0.04595,240.0
1753592268817,04:57:48.817,gateio,ACT/USDT:USDT,0.04592,7.0,0.04591,108.0,0.04593,189.0,0.04594,582.0
1753592269136,04:57:49.136,gateio,ACT/USDT:USDT,0.04592,7.0,0.04591,108.0,0.04593,189.0,0.04594,582.0
1753592269956,04:57:49.956,gateio,ACT/USDT:USDT,0.04592,7.0,0.04591,108.0,0.04593,189.0,0.04594,582.0
1753592270784,04:57:50.784,gateio,ACT/USDT:USDT,0.04592,7.0,0.04591,108.0,0.04593,189.0,0.04594,582.0
1753592271500,04:57:51.500,gateio,ACT/USDT:USDT,0.04592,7.0,0.04591,108.0,0.04593,189.0,0.04594,560.0
1753592272457,04:57:52.457,gateio,ACT/USDT:USDT,0.04592,7.0,0.04591,108.0,0.04593,189.0,0.04594,614.0
1753592272475,04:57:52.475,gateio,ACT/USDT:USDT,0.04592,7.0,0.04591,108.0,0.04593,200.0,0.04594,614.0
1753592272658,04:57:52.658,gateio,ACT/USDT:USDT,0.04591,108.0,0.0459,170.0,0.04593,200.0,0.04594,614.0
1753592272697,04:57:52.697,gateio,ACT/USDT:USDT,0.04591,108.0,0.0459,224.0,0.04593,188.0,0.04594,614.0
1753592272795,04:57:52.795,gateio,ACT/USDT:USDT,0.04591,108.0,0.0459,224.0,0.04593,188.0,0.04594,614.0
1753592272894,04:57:52.894,gateio,ACT/USDT:USDT,0.04591,108.0,0.0459,224.0,0.04593,188.0,0.04594,614.0
1753592274485,04:57:54.485,gateio,ACT/USDT:USDT,0.04591,130.0,0.0459,224.0,0.04593,188.0,0.04594,614.0
1753592274842,04:57:54.842,gateio,ACT/USDT:USDT,0.04591,130.0,0.0459,224.0,0.04593,188.0,0.04594,614.0
1753592275304,04:57:55.304,gateio,ACT/USDT:USDT,0.04591,119.0,0.0459,224.0,0.04593,188.0,0.04594,614.0
1753592275692,04:57:55.692,gateio,ACT/USDT:USDT,0.04591,130.0,0.0459,224.0,0.04593,188.0,0.04594,614.0
1753592277763,04:57:57.763,gateio,ACT/USDT:USDT,0.04591,108.0,0.0459,224.0,0.04593,188.0,0.04594,614.0
1753592278499,04:57:58.499,gateio,ACT/USDT:USDT,0.04591,108.0,0.0459,224.0,0.04593,188.0,0.04594,614.0
1753592278579,04:57:58.579,gateio,ACT/USDT:USDT,0.04591,108.0,0.0459,224.0,0.04593,199.0,0.04594,614.0
1753592278872,04:57:58.872,gateio,ACT/USDT:USDT,0.04591,108.0,0.0459,224.0,0.04593,199.0,0.04594,614.0
1753592280410,04:58:00.410,gateio,ACT/USDT:USDT,0.04591,108.0,0.0459,224.0,0.04593,188.0,0.04594,614.0
1753592281358,04:58:01.358,gateio,ACT/USDT:USDT,0.04589,108.0,0.04588,108.0,0.04592,488.0,0.04593,946.0
1753592281388,04:58:01.388,gateio,ACT/USDT:USDT,0.04589,108.0,0.04588,108.0,0.04591,213.0,0.04592,488.0
1753592281558,04:58:01.558,gateio,ACT/USDT:USDT,0.04589,108.0,0.04588,162.0,0.04591,206.0,0.04592,434.0
1753592281774,04:58:01.774,gateio,ACT/USDT:USDT,0.04589,108.0,0.04588,162.0,0.04591,206.0,0.04592,434.0
1753592282250,04:58:02.250,gateio,ACT/USDT:USDT,0.04589,108.0,0.04588,162.0,0.04591,206.0,0.04592,434.0
1753592282808,04:58:02.808,gateio,ACT/USDT:USDT,0.04589,108.0,0.04588,162.0,0.0459,184.0,0.04591,206.0
1753592282882,04:58:02.882,gateio,ACT/USDT:USDT,0.04589,108.0,0.04588,162.0,0.0459,191.0,0.04591,206.0
1753592283043,04:58:03.043,gateio,ACT/USDT:USDT,0.04589,108.0,0.04588,162.0,0.0459,191.0,0.04591,206.0
1753592283653,04:58:03.653,gateio,ACT/USDT:USDT,0.04589,108.0,0.04588,162.0,0.0459,191.0,0.04591,206.0
1753592284167,04:58:04.167,gateio,ACT/USDT:USDT,0.04589,108.0,0.04588,162.0,0.0459,191.0,0.04591,184.0
1753592284179,04:58:04.179,gateio,ACT/USDT:USDT,0.04589,108.0,0.04588,162.0,0.0459,191.0,0.04591,184.0
1753592284668,04:58:04.668,gateio,ACT/USDT:USDT,0.04589,108.0,0.04588,162.0,0.0459,191.0,0.04591,184.0
1753592284739,04:58:04.739,gateio,ACT/USDT:USDT,0.04589,108.0,0.04588,162.0,0.0459,191.0,0.04591,184.0
1753592285639,04:58:05.639,gateio,ACT/USDT:USDT,0.04589,108.0,0.04588,162.0,0.0459,191.0,0.04591,184.0
1753592285885,04:58:05.885,gateio,ACT/USDT:USDT,0.04589,108.0,0.04588,162.0,0.0459,191.0,0.04591,184.0
1753592287201,04:58:07.201,gateio,ACT/USDT:USDT,0.04589,119.0,0.04588,162.0,0.0459,191.0,0.04591,184.0
1753592287568,04:58:07.568,gateio,ACT/USDT:USDT,0.04589,119.0,0.04588,162.0,0.0459,191.0,0.04591,184.0
1753592287684,04:58:07.684,gateio,ACT/USDT:USDT,0.04589,108.0,0.04588,162.0,0.0459,191.0,0.04591,184.0
1753592288503,04:58:08.503,gateio,ACT/USDT:USDT,0.04589,119.0,0.04588,162.0,0.0459,191.0,0.04591,184.0
1753592288599,04:58:08.599,gateio,ACT/USDT:USDT,0.04589,119.0,0.04588,162.0,0.0459,191.0,0.04591,184.0
1753592288773,04:58:08.773,gateio,ACT/USDT:USDT,0.04589,108.0,0.04588,162.0,0.0459,7.0,0.04591,184.0
1753592288798,04:58:08.798,gateio,ACT/USDT:USDT,0.04589,119.0,0.04588,162.0,0.0459,7.0,0.04591,184.0
1753592291059,04:58:11.059,gateio,ACT/USDT:USDT,0.04589,119.0,0.04588,1233.0,0.0459,7.0,0.04591,184.0
1753592291078,04:58:11.078,gateio,ACT/USDT:USDT,0.04589,119.0,0.04588,1233.0,0.0459,7.0,0.04591,184.0
1753592291895,04:58:11.895,gateio,ACT/USDT:USDT,0.04589,130.0,0.04588,1233.0,0.0459,7.0,0.04591,184.0
1753592292575,04:58:12.575,gateio,ACT/USDT:USDT,0.04589,130.0,0.04588,1233.0,0.0459,7.0,0.04591,184.0
1753592292595,04:58:12.595,gateio,ACT/USDT:USDT,0.04589,119.0,0.04588,1233.0,0.0459,7.0,0.04591,184.0
1753592294072,04:58:14.072,gateio,ACT/USDT:USDT,0.04589,119.0,0.04588,1233.0,0.0459,7.0,0.04591,184.0
1753592296687,04:58:16.687,gateio,ACT/USDT:USDT,0.04589,130.0,0.04588,1233.0,0.0459,7.0,0.04591,184.0
1753592297503,04:58:17.503,gateio,ACT/USDT:USDT,0.04589,119.0,0.04588,1233.0,0.0459,7.0,0.04591,184.0
1753592300931,04:58:20.931,gateio,ACT/USDT:USDT,0.04589,108.0,0.04588,1233.0,0.0459,7.0,0.04591,184.0
1753592301920,04:58:21.920,gateio,ACT/USDT:USDT,0.04589,119.0,0.04588,1233.0,0.0459,7.0,0.04591,184.0
1753592303908,04:58:23.908,gateio,ACT/USDT:USDT,0.04589,108.0,0.04588,1233.0,0.0459,7.0,0.04591,184.0
1753592304887,04:58:24.887,gateio,ACT/USDT:USDT,0.04589,119.0,0.04588,1233.0,0.0459,7.0,0.04591,184.0
1753592306864,04:58:26.864,gateio,ACT/USDT:USDT,0.04589,108.0,0.04588,1233.0,0.0459,7.0,0.04591,184.0
1753592306900,04:58:26.900,gateio,ACT/USDT:USDT,0.04589,119.0,0.04588,1233.0,0.0459,7.0,0.04591,184.0
1753592307742,04:58:27.742,gateio,ACT/USDT:USDT,0.04589,130.0,0.04588,1233.0,0.0459,7.0,0.04591,184.0
1753592307854,04:58:27.854,gateio,ACT/USDT:USDT,0.04589,130.0,0.04588,1233.0,0.0459,7.0,0.04591,184.0
1753592311438,04:58:31.438,gateio,ACT/USDT:USDT,0.04589,130.0,0.04588,1233.0,0.0459,7.0,0.04591,184.0
1753592314958,04:58:34.958,gateio,ACT/USDT:USDT,0.04589,130.0,0.04588,1233.0,0.0459,7.0,0.04591,184.0
1753592316064,04:58:36.064,gateio,ACT/USDT:USDT,0.04589,130.0,0.04588,1179.0,0.0459,7.0,0.04592,434.0
1753592316130,04:58:36.130,gateio,ACT/USDT:USDT,0.0459,108.0,0.04589,185.0,0.04591,7.0,0.04592,434.0
1753592316294,04:58:36.294,gateio,ACT/USDT:USDT,0.0459,108.0,0.04589,185.0,0.04591,7.0,0.04592,434.0
1753592316754,04:58:36.754,gateio,ACT/USDT:USDT,0.0459,119.0,0.04589,174.0,0.04591,7.0,0.04592,434.0
1753592317139,04:58:37.139,gateio,ACT/USDT:USDT,0.0459,108.0,0.04589,174.0,0.04591,7.0,0.04592,434.0
1753592317513,04:58:37.513,gateio,ACT/USDT:USDT,0.0459,108.0,0.04589,174.0,0.04591,7.0,0.04592,434.0
1753592319720,04:58:39.720,gateio,ACT/USDT:USDT,0.0459,119.0,0.04589,174.0,0.04591,7.0,0.04592,434.0
1753592320199,04:58:40.199,gateio,ACT/USDT:USDT,0.0459,130.0,0.04589,163.0,0.04591,7.0,0.04592,434.0
1753592320865,04:58:40.865,gateio,ACT/USDT:USDT,0.0459,108.0,0.04589,163.0,0.04591,7.0,0.04592,434.0
1753592321715,04:58:41.715,gateio,ACT/USDT:USDT,0.0459,108.0,0.04589,163.0,0.04591,7.0,0.04592,434.0
1753592321781,04:58:41.781,gateio,ACT/USDT:USDT,0.0459,119.0,0.04589,163.0,0.04591,7.0,0.04592,434.0
1753592323144,04:58:43.144,gateio,ACT/USDT:USDT,0.0459,130.0,0.04589,163.0,0.04591,7.0,0.04592,434.0
1753592323311,04:58:43.311,gateio,ACT/USDT:USDT,0.0459,130.0,0.04589,163.0,0.04591,7.0,0.04592,184.0
1753592324474,04:58:44.474,gateio,ACT/USDT:USDT,0.0459,1201.0,0.04589,163.0,0.04591,7.0,0.04593,188.0
1753592324488,04:58:44.488,gateio,ACT/USDT:USDT,0.0459,1256.0,0.04589,108.0,0.04591,7.0,0.04593,188.0
1753592324657,04:58:44.657,gateio,ACT/USDT:USDT,0.04591,130.0,0.0459,1234.0,0.04592,7.0,0.04593,188.0
1753592324744,04:58:44.744,gateio,ACT/USDT:USDT,0.04591,130.0,0.0459,1234.0,0.04592,7.0,0.04593,188.0
1753592324901,04:58:44.901,gateio,ACT/USDT:USDT,0.04591,130.0,0.0459,1234.0,0.04592,7.0,0.04593,188.0
1753592325858,04:58:45.858,gateio,ACT/USDT:USDT,0.04591,130.0,0.0459,1234.0,0.04592,7.0,0.04593,188.0
1753592325932,04:58:45.932,gateio,ACT/USDT:USDT,0.04591,130.0,0.0459,1234.0,0.04592,7.0,0.04593,188.0
1753592326011,04:58:46.011,gateio,ACT/USDT:USDT,0.04591,130.0,0.0459,1234.0,0.04592,7.0,0.04593,567.0
1753592326159,04:58:46.159,gateio,ACT/USDT:USDT,0.04591,130.0,0.0459,1234.0,0.04592,7.0,0.04593,567.0
1753592328704,04:58:48.704,gateio,ACT/USDT:USDT,0.04591,130.0,0.0459,1234.0,0.04592,7.0,0.04593,567.0
1753592329005,04:58:49.005,gateio,ACT/USDT:USDT,0.04591,130.0,0.0459,1234.0,0.04592,7.0,0.04593,567.0
1753592329767,04:58:49.767,gateio,ACT/USDT:USDT,0.04591,130.0,0.0459,1234.0,0.04592,7.0,0.04593,379.0
1753592330084,04:58:50.084,gateio,ACT/USDT:USDT,0.04591,130.0,0.0459,1234.0,0.04592,7.0,0.04593,379.0
1753592330347,04:58:50.347,gateio,ACT/USDT:USDT,0.04591,130.0,0.0459,1234.0,0.04592,7.0,0.04593,379.0
1753592331029,04:58:51.029,gateio,ACT/USDT:USDT,0.04591,130.0,0.0459,1234.0,0.04592,7.0,0.04593,379.0
1753592334525,04:58:54.525,gateio,ACT/USDT:USDT,0.04591,1201.0,0.0459,163.0,0.04592,7.0,0.04593,379.0
1753592352041,04:59:12.041,gateio,ACT/USDT:USDT,0.04591,1201.0,0.0459,163.0,0.04592,7.0,0.04593,379.0
1753592352867,04:59:12.867,gateio,ACT/USDT:USDT,0.04591,1190.0,0.0459,163.0,0.04592,7.0,0.04593,379.0
1753592356395,04:59:16.395,gateio,ACT/USDT:USDT,0.04591,1201.0,0.0459,163.0,0.04592,7.0,0.04593,379.0
1753592358786,04:59:18.786,gateio,ACT/USDT:USDT,0.04591,1179.0,0.0459,163.0,0.04592,7.0,0.04593,379.0
1753592363385,04:59:23.385,gateio,ACT/USDT:USDT,0.04591,1201.0,0.0459,163.0,0.04592,7.0,0.04593,379.0
1753592369259,04:59:29.259,gateio,ACT/USDT:USDT,0.04591,1201.0,0.0459,163.0,0.04592,7.0,0.04593,379.0
1753592371905,04:59:31.905,gateio,ACT/USDT:USDT,0.04591,1179.0,0.0459,163.0,0.04592,7.0,0.04593,379.0
1753592374969,04:59:34.969,gateio,ACT/USDT:USDT,0.04591,1179.0,0.0459,163.0,0.04592,7.0,0.04593,379.0
1753592375043,04:59:35.043,gateio,ACT/USDT:USDT,0.04591,1179.0,0.0459,163.0,0.04592,7.0,0.04593,379.0
1753592376892,04:59:36.892,gateio,ACT/USDT:USDT,0.04591,1179.0,0.0459,163.0,0.04592,7.0,0.04593,379.0
1753592379269,04:59:39.269,gateio,ACT/USDT:USDT,0.04591,1071.0,0.0459,221.0,0.04592,7.0,0.04593,379.0
1753592379412,04:59:39.412,gateio,ACT/USDT:USDT,0.04591,1082.0,0.0459,221.0,0.04592,7.0,0.04593,379.0
1753592379734,04:59:39.734,gateio,ACT/USDT:USDT,0.04591,1071.0,0.0459,221.0,0.04592,7.0,0.04593,379.0
1753592380834,04:59:40.834,gateio,ACT/USDT:USDT,0.04591,1071.0,0.0459,221.0,0.04592,7.0,0.04593,379.0
1753592381266,04:59:41.266,gateio,ACT/USDT:USDT,0.04591,1082.0,0.0459,221.0,0.04592,7.0,0.04593,379.0
1753592381740,04:59:41.740,gateio,ACT/USDT:USDT,0.04591,1093.0,0.0459,221.0,0.04592,7.0,0.04593,379.0
1753592381841,04:59:41.841,gateio,ACT/USDT:USDT,0.04591,1093.0,0.0459,1301.0,0.04592,7.0,0.04593,379.0
1753592382090,04:59:42.090,gateio,ACT/USDT:USDT,0.04591,1093.0,0.0459,1301.0,0.04592,7.0,0.04593,379.0
1753592382606,04:59:42.606,gateio,ACT/USDT:USDT,0.04591,1093.0,0.0459,221.0,0.04592,7.0,0.04593,379.0
1753592383897,04:59:43.897,gateio,ACT/USDT:USDT,0.04591,1093.0,0.0459,221.0,0.04592,7.0,0.04593,379.0
1753592384283,04:59:44.283,gateio,ACT/USDT:USDT,0.04591,1071.0,0.0459,221.0,0.04592,7.0,0.04593,379.0
1753592384984,04:59:44.984,gateio,ACT/USDT:USDT,0.04591,1082.0,0.0459,221.0,0.04592,7.0,0.04593,379.0
1753592385366,04:59:45.366,gateio,ACT/USDT:USDT,0.04591,1082.0,0.0459,221.0,0.04592,7.0,0.04593,379.0
1753592386055,04:59:46.055,gateio,ACT/USDT:USDT,0.04591,1082.0,0.0459,221.0,0.04592,7.0,0.04594,182.0
1753592386171,04:59:46.171,gateio,ACT/USDT:USDT,0.04592,108.0,0.04591,1291.0,0.04593,386.0,0.04594,182.0
1753592386221,04:59:46.221,gateio,ACT/USDT:USDT,0.04592,108.0,0.04591,1291.0,0.04593,386.0,0.04594,182.0
1753592386638,04:59:46.638,gateio,ACT/USDT:USDT,0.04592,1179.0,0.04591,220.0,0.04593,386.0,0.04594,182.0
1753592400844,05:00:00.844,gateio,ACT/USDT:USDT,0.04592,108.0,0.04591,220.0,0.04593,386.0,0.04594,182.0
1753592400878,05:00:00.878,gateio,ACT/USDT:USDT,0.04592,108.0,0.04591,220.0,0.04593,386.0,0.04594,182.0
1753592401106,05:00:01.106,gateio,ACT/USDT:USDT,0.04592,108.0,0.04591,220.0,0.04593,386.0,0.04594,182.0
1753592401467,05:00:01.467,gateio,ACT/USDT:USDT,0.04592,119.0,0.04591,220.0,0.04593,386.0,0.04594,182.0
1753592401498,05:00:01.498,gateio,ACT/USDT:USDT,0.04592,119.0,0.04591,220.0,0.04593,386.0,0.04594,182.0
1753592402352,05:00:02.352,gateio,ACT/USDT:USDT,0.04592,130.0,0.04591,220.0,0.04593,386.0,0.04595,241.0
1753592402394,05:00:02.394,gateio,ACT/USDT:USDT,0.04592,119.0,0.04591,220.0,0.04593,379.0,0.04594,7.0
1753592402591,05:00:02.591,gateio,ACT/USDT:USDT,0.04592,108.0,0.04591,220.0,0.04593,379.0,0.04594,7.0
1753592402692,05:00:02.692,gateio,ACT/USDT:USDT,0.04592,108.0,0.04591,220.0,0.04593,379.0,0.04594,189.0
1753592402954,05:00:02.954,gateio,ACT/USDT:USDT,0.04592,108.0,0.04591,220.0,0.04593,401.0,0.04594,189.0
1753592403319,05:00:03.319,gateio,ACT/USDT:USDT,0.04592,108.0,0.04591,220.0,0.04593,401.0,0.04594,189.0
1753592403822,05:00:03.822,gateio,ACT/USDT:USDT,0.04592,108.0,0.04591,220.0,0.04593,401.0,0.04594,189.0
1753592404159,05:00:04.159,gateio,ACT/USDT:USDT,0.04591,231.0,0.0459,165.0,0.04593,390.0,0.04594,189.0
1753592404183,05:00:04.183,gateio,ACT/USDT:USDT,0.04591,231.0,0.0459,165.0,0.04593,390.0,0.04594,182.0
1753592404385,05:00:04.385,gateio,ACT/USDT:USDT,0.04591,231.0,0.0459,165.0,0.04593,390.0,0.04594,182.0
1753592404518,05:00:04.518,gateio,ACT/USDT:USDT,0.04591,231.0,0.0459,165.0,0.04593,390.0,0.04594,182.0
1753592405222,05:00:05.222,gateio,ACT/USDT:USDT,0.04591,231.0,0.0459,165.0,0.04593,390.0,0.04594,182.0
1753592405644,05:00:05.644,gateio,ACT/USDT:USDT,0.04591,231.0,0.0459,165.0,0.04593,390.0,0.04594,182.0
1753592406572,05:00:06.572,gateio,ACT/USDT:USDT,0.04591,242.0,0.0459,165.0,0.04593,379.0,0.04594,182.0
1753592406578,05:00:06.578,gateio,ACT/USDT:USDT,0.04591,242.0,0.0459,165.0,0.04593,379.0,0.04594,182.0
1753592406965,05:00:06.965,gateio,ACT/USDT:USDT,0.04591,242.0,0.0459,165.0,0.04593,379.0,0.04594,182.0
1753592407269,05:00:07.269,gateio,ACT/USDT:USDT,0.04591,242.0,0.0459,165.0,0.04593,379.0,0.04594,182.0
1753592410456,05:00:10.456,gateio,ACT/USDT:USDT,0.04591,188.0,0.0459,219.0,0.04593,379.0,0.04594,182.0
1753592411672,05:00:11.672,gateio,ACT/USDT:USDT,0.04591,177.0,0.0459,219.0,0.04593,379.0,0.04594,182.0
1753592412641,05:00:12.641,gateio,ACT/USDT:USDT,0.04591,188.0,0.0459,219.0,0.04593,379.0,0.04594,182.0
1753592412700,05:00:12.700,gateio,ACT/USDT:USDT,0.04591,1259.0,0.0459,1986.0,0.04593,379.0,0.04594,182.0
1753592412778,05:00:12.778,gateio,ACT/USDT:USDT,0.04591,1259.0,0.0459,1986.0,0.04593,379.0,0.04594,182.0
1753592414355,05:00:14.355,gateio,ACT/USDT:USDT,0.04591,1259.0,0.0459,1986.0,0.04593,379.0,0.04594,182.0
1753592414619,05:00:14.619,gateio,ACT/USDT:USDT,0.04591,1237.0,0.0459,906.0,0.04593,401.0,0.04594,182.0
1753592414678,05:00:14.678,gateio,ACT/USDT:USDT,0.04591,1237.0,0.0459,906.0,0.04593,401.0,0.04594,182.0
1753592414958,05:00:14.958,gateio,ACT/USDT:USDT,0.04591,1237.0,0.0459,219.0,0.04593,401.0,0.04594,182.0
1753592415326,05:00:15.326,gateio,ACT/USDT:USDT,0.04591,1237.0,0.0459,219.0,0.04593,401.0,0.04594,182.0
1753592418485,05:00:18.485,gateio,ACT/USDT:USDT,0.04591,166.0,0.0459,1290.0,0.04593,401.0,0.04594,182.0
1753592422248,05:00:22.248,gateio,ACT/USDT:USDT,0.04591,177.0,0.0459,1290.0,0.04593,390.0,0.04594,182.0
1753592422287,05:00:22.287,gateio,ACT/USDT:USDT,0.04591,166.0,0.0459,1290.0,0.04593,390.0,0.04594,182.0
1753592424275,05:00:24.275,gateio,ACT/USDT:USDT,0.04591,166.0,0.0459,1290.0,0.04593,390.0,0.04594,182.0
1753592424298,05:00:24.298,gateio,ACT/USDT:USDT,0.04591,166.0,0.0459,1290.0,0.04593,390.0,0.04594,182.0
1753592425307,05:00:25.307,gateio,ACT/USDT:USDT,0.04591,188.0,0.0459,1290.0,0.04593,379.0,0.04594,182.0
1753592425402,05:00:25.402,gateio,ACT/USDT:USDT,0.04591,188.0,0.0459,1290.0,0.04593,379.0,0.04594,182.0
1753592428742,05:00:28.742,gateio,ACT/USDT:USDT,0.04591,166.0,0.0459,1290.0,0.04593,390.0,0.04594,182.0
1753592429119,05:00:29.119,gateio,ACT/USDT:USDT,0.04591,177.0,0.0459,1290.0,0.04593,379.0,0.04594,182.0
1753592430274,05:00:30.274,gateio,ACT/USDT:USDT,0.04591,177.0,0.0459,2370.0,0.04593,379.0,0.04594,182.0
1753592430354,05:00:30.354,gateio,ACT/USDT:USDT,0.04591,899.0,0.0459,2370.0,0.04593,379.0,0.04595,241.0
1753592431557,05:00:31.557,gateio,ACT/USDT:USDT,0.04591,899.0,0.0459,2370.0,0.04593,379.0,0.04595,241.0
1753592435115,05:00:35.115,gateio,ACT/USDT:USDT,0.04591,899.0,0.0459,2370.0,0.04593,379.0,0.04595,241.0
1753592435243,05:00:35.243,gateio,ACT/USDT:USDT,0.04591,899.0,0.0459,2370.0,0.04593,379.0,0.04595,241.0
1753592435860,05:00:35.860,gateio,ACT/USDT:USDT,0.04591,1970.0,0.0459,1299.0,0.04593,379.0,0.04595,241.0
1753592435879,05:00:35.879,gateio,ACT/USDT:USDT,0.04591,1259.0,0.0459,1987.0,0.04593,379.0,0.04595,241.0
1753592441006,05:00:41.006,gateio,ACT/USDT:USDT,0.04591,1259.0,0.0459,1987.0,0.04593,379.0,0.04594,182.0
1753592441557,05:00:41.557,gateio,ACT/USDT:USDT,0.04591,1259.0,0.0459,1987.0,0.04593,379.0,0.04594,182.0
1753592441861,05:00:41.861,gateio,ACT/USDT:USDT,0.04591,1259.0,0.0459,1987.0,0.04593,379.0,0.04594,182.0
1753592443270,05:00:43.270,gateio,ACT/USDT:USDT,0.04591,1259.0,0.0459,1987.0,0.04593,379.0,0.04594,182.0
1753592445116,05:00:45.116,gateio,ACT/USDT:USDT,0.04591,1248.0,0.0459,1987.0,0.04593,379.0,0.04594,182.0
1753592446152,05:00:46.152,gateio,ACT/USDT:USDT,0.04591,1302.0,0.0459,1933.0,0.04594,561.0,0.04595,241.0
1753592446231,05:00:46.231,gateio,ACT/USDT:USDT,0.04592,108.0,0.04591,1313.0,0.04593,5.0,0.04594,561.0
1753592446399,05:00:46.399,gateio,ACT/USDT:USDT,0.04592,108.0,0.04591,1313.0,0.04593,5.0,0.04594,561.0
1753592447632,05:00:47.632,gateio,ACT/USDT:USDT,0.04592,108.0,0.04591,1313.0,0.04593,5.0,0.04594,561.0
1753592449075,05:00:49.075,gateio,ACT/USDT:USDT,0.04591,1147.0,0.0459,1768.0,0.04593,5.0,0.04594,561.0
1753592449098,05:00:49.098,gateio,ACT/USDT:USDT,0.04591,1071.0,0.0459,904.0,0.04593,207.0,0.04594,561.0
1753592449269,05:00:49.269,gateio,ACT/USDT:USDT,0.04591,1071.0,0.0459,904.0,0.04593,202.0,0.04594,561.0
1753592450358,05:00:50.358,gateio,ACT/USDT:USDT,0.0459,1287.0,0.04589,850.0,0.04593,202.0,0.04594,615.0
1753592450582,05:00:50.582,gateio,ACT/USDT:USDT,0.0459,1287.0,0.04589,850.0,0.04592,16.0,0.04593,180.0
1753592450987,05:00:50.987,gateio,ACT/USDT:USDT,0.0459,1298.0,0.04589,850.0,0.04592,5.0,0.04593,180.0
1753592451406,05:00:51.406,gateio,ACT/USDT:USDT,0.0459,1298.0,0.04589,850.0,0.04592,5.0,0.04593,180.0
1753592451824,05:00:51.824,gateio,ACT/USDT:USDT,0.0459,1298.0,0.04589,850.0,0.04592,5.0,0.04593,180.0
1753592452233,05:00:52.233,gateio,ACT/USDT:USDT,0.0459,1298.0,0.04589,850.0,0.04592,16.0,0.04593,180.0
1753592453574,05:00:53.574,gateio,ACT/USDT:USDT,0.04591,108.0,0.0459,1298.0,0.04592,5.0,0.04593,180.0
1753592453626,05:00:53.626,gateio,ACT/USDT:USDT,0.04591,108.0,0.0459,1298.0,0.04592,5.0,0.04593,180.0
1753592456817,05:00:56.817,gateio,ACT/USDT:USDT,0.0459,216.0,0.04589,1233.0,0.04592,16.0,0.04593,180.0
1753592461939,05:01:01.939,gateio,ACT/USDT:USDT,0.0459,216.0,0.04589,1233.0,0.04592,16.0,0.04593,180.0
1753592462204,05:01:02.204,gateio,ACT/USDT:USDT,0.0459,216.0,0.04589,1233.0,0.04592,16.0,0.04593,180.0
1753592463993,05:01:03.993,gateio,ACT/USDT:USDT,0.0459,227.0,0.04589,1233.0,0.04592,16.0,0.04593,180.0
1753592465949,05:01:05.949,gateio,ACT/USDT:USDT,0.0459,216.0,0.04589,1233.0,0.04592,16.0,0.04593,180.0
1753592467440,05:01:07.440,gateio,ACT/USDT:USDT,0.0459,227.0,0.04589,1233.0,0.04592,5.0,0.04593,180.0
1753592468835,05:01:08.835,gateio,ACT/USDT:USDT,0.0459,227.0,0.04589,162.0,0.04592,27.0,0.04593,180.0
1753592468951,05:01:08.951,gateio,ACT/USDT:USDT,0.04591,108.0,0.0459,216.0,0.04593,202.0,0.04594,615.0
1753592469179,05:01:09.179,gateio,ACT/USDT:USDT,0.04591,108.0,0.0459,216.0,0.04593,202.0,0.04594,615.0
1753592469600,05:01:09.600,gateio,ACT/USDT:USDT,0.04591,108.0,0.0459,216.0,0.04593,202.0,0.04594,615.0
1753592470319,05:01:10.319,gateio,ACT/USDT:USDT,0.04591,108.0,0.0459,216.0,0.04593,202.0,0.04594,561.0
1753592470491,05:01:10.491,gateio,ACT/USDT:USDT,0.04591,108.0,0.0459,216.0,0.04593,202.0,0.04594,561.0
1753592473520,05:01:13.520,gateio,ACT/USDT:USDT,0.04591,108.0,0.0459,216.0,0.04593,202.0,0.04594,561.0
1753592478658,05:01:18.658,gateio,ACT/USDT:USDT,0.04591,184.0,0.0459,162.0,0.04594,561.0,0.04596,240.0
1753592478738,05:01:18.738,gateio,ACT/USDT:USDT,0.04591,184.0,0.0459,162.0,0.04593,5.0,0.04594,561.0
1753592478798,05:01:18.798,gateio,ACT/USDT:USDT,0.04591,184.0,0.0459,162.0,0.04593,5.0,0.04594,561.0
1753592479456,05:01:19.456,gateio,ACT/USDT:USDT,0.04591,184.0,0.0459,162.0,0.04593,5.0,0.04594,561.0
1753592479483,05:01:19.483,gateio,ACT/USDT:USDT,0.04591,184.0,0.0459,345.0,0.04593,5.0,0.04594,561.0
1753592480558,05:01:20.558,gateio,ACT/USDT:USDT,0.04591,184.0,0.0459,345.0,0.04593,5.0,0.04594,561.0
1753592481043,05:01:21.043,gateio,ACT/USDT:USDT,0.04591,184.0,0.0459,345.0,0.04593,5.0,0.04594,561.0
1753592484573,05:01:24.573,gateio,ACT/USDT:USDT,0.04591,184.0,0.0459,345.0,0.04593,5.0,0.04594,379.0
1753592484598,05:01:24.598,gateio,ACT/USDT:USDT,0.04591,184.0,0.0459,345.0,0.04593,5.0,0.04594,379.0
1753592485134,05:01:25.134,gateio,ACT/USDT:USDT,0.04592,119.0,0.04591,1244.0,0.04593,5.0,0.04594,379.0
1753592485435,05:01:25.435,gateio,ACT/USDT:USDT,0.04592,108.0,0.04591,1244.0,0.04593,5.0,0.04594,379.0
1753592485481,05:01:25.481,gateio,ACT/USDT:USDT,0.04592,130.0,0.04591,1233.0,0.04593,5.0,0.04594,379.0
1753592486563,05:01:26.563,gateio,ACT/USDT:USDT,0.04592,108.0,0.04591,1233.0,0.04593,5.0,0.04594,379.0
1753592486700,05:01:26.700,gateio,ACT/USDT:USDT,0.04592,108.0,0.04591,1233.0,0.04593,5.0,0.04594,379.0
1753592488326,05:01:28.326,gateio,ACT/USDT:USDT,0.04592,108.0,0.04591,1233.0,0.04593,5.0,0.04594,561.0
1753592491273,05:01:31.273,gateio,ACT/USDT:USDT,0.04592,119.0,0.04591,1233.0,0.04593,5.0,0.04594,561.0
1753592491287,05:01:31.287,gateio,ACT/USDT:USDT,0.04592,130.0,0.04591,1233.0,0.04593,5.0,0.04594,379.0
1753592491418,05:01:31.418,gateio,ACT/USDT:USDT,0.04592,130.0,0.04591,1233.0,0.04593,5.0,0.04594,379.0
1753592491543,05:01:31.543,gateio,ACT/USDT:USDT,0.04592,184.0,0.04591,1179.0,0.04593,5.0,0.04595,237.0
1753592491598,05:01:31.598,gateio,ACT/USDT:USDT,0.04592,184.0,0.04591,1179.0,0.04594,5.0,0.04595,183.0
1753592493069,05:01:33.069,gateio,ACT/USDT:USDT,0.04592,184.0,0.04591,1179.0,0.04594,5.0,0.04596,240.0
1753592493084,05:01:33.084,gateio,ACT/USDT:USDT,0.04592,184.0,0.04591,1179.0,0.04595,5.0,0.04596,186.0
1753592493587,05:01:33.587,gateio,ACT/USDT:USDT,0.04592,184.0,0.04591,1179.0,0.04595,5.0,0.04596,186.0
1753592495154,05:01:35.154,gateio,ACT/USDT:USDT,0.04592,184.0,0.04591,1179.0,0.04595,5.0,0.04596,186.0
1753592495217,05:01:35.217,gateio,ACT/USDT:USDT,0.04592,184.0,0.04591,1179.0,0.04595,5.0,0.04596,186.0
1753592496704,05:01:36.704,gateio,ACT/USDT:USDT,0.04592,1255.0,0.04591,1302.0,0.04595,5.0,0.04596,186.0
1753592496839,05:01:36.839,gateio,ACT/USDT:USDT,0.04592,1255.0,0.04591,1302.0,0.04595,5.0,0.04596,186.0
1753592497652,05:01:37.652,gateio,ACT/USDT:USDT,0.04592,1255.0,0.04591,1302.0,0.04595,5.0,0.04596,186.0
1753592498671,05:01:38.671,gateio,ACT/USDT:USDT,0.04592,1255.0,0.04591,1302.0,0.04595,5.0,0.04596,186.0
1753592498754,05:01:38.754,gateio,ACT/USDT:USDT,0.04593,108.0,0.04592,1233.0,0.04595,27.0,0.04596,186.0
1753592498864,05:01:38.864,gateio,ACT/USDT:USDT,0.04593,184.0,0.04592,1179.0,0.04596,186.0,0.04597,239.0
1753592498965,05:01:38.965,gateio,ACT/USDT:USDT,0.04594,108.0,0.04593,173.0,0.04595,5.0,0.04596,197.0
1753592499074,05:01:39.074,gateio,ACT/USDT:USDT,0.04594,108.0,0.04593,184.0,0.04595,5.0,0.04596,197.0
1753592499168,05:01:39.168,gateio,ACT/USDT:USDT,0.04594,184.0,0.04593,130.0,0.04595,5.0,0.04597,185.0
1753592499202,05:01:39.202,gateio,ACT/USDT:USDT,0.04594,184.0,0.04593,130.0,0.04596,5.0,0.04597,185.0
1753592499376,05:01:39.376,gateio,ACT/USDT:USDT,0.04594,184.0,0.04593,130.0,0.04596,5.0,0.04597,185.0
1753592500058,05:01:40.058,gateio,ACT/USDT:USDT,0.04594,184.0,0.04593,313.0,0.04596,5.0,0.04597,185.0
1753592500199,05:01:40.199,gateio,ACT/USDT:USDT,0.04594,184.0,0.04593,313.0,0.04596,5.0,0.04597,185.0
1753592500567,05:01:40.567,gateio,ACT/USDT:USDT,0.04595,108.0,0.04594,1264.0,0.04596,5.0,0.04597,185.0
1753592500639,05:01:40.639,gateio,ACT/USDT:USDT,0.04595,108.0,0.04594,184.0,0.04596,5.0,0.04597,196.0
1753592500699,05:01:40.699,gateio,ACT/USDT:USDT,0.04595,108.0,0.04594,184.0,0.04596,5.0,0.04597,185.0
1753592501147,05:01:41.147,gateio,ACT/USDT:USDT,0.04595,108.0,0.04594,162.0,0.04596,5.0,0.04597,196.0
1753592501431,05:01:41.431,gateio,ACT/USDT:USDT,0.04595,108.0,0.04594,162.0,0.04596,5.0,0.04597,196.0
1753592501602,05:01:41.602,gateio,ACT/USDT:USDT,0.04595,108.0,0.04594,162.0,0.04596,210.0,0.04597,196.0
1753592501773,05:01:41.773,gateio,ACT/USDT:USDT,0.04595,108.0,0.04594,162.0,0.04596,210.0,0.04597,196.0
1753592502218,05:01:42.218,gateio,ACT/USDT:USDT,0.04595,108.0,0.04594,162.0,0.04596,210.0,0.04597,196.0
1753592502282,05:01:42.282,gateio,ACT/USDT:USDT,0.04595,108.0,0.04594,162.0,0.04596,199.0,0.04597,196.0
1753592502445,05:01:42.445,gateio,ACT/USDT:USDT,0.04595,108.0,0.04594,162.0,0.04596,5.0,0.04597,185.0
1753592502672,05:01:42.672,gateio,ACT/USDT:USDT,0.04595,108.0,0.04594,162.0,0.04596,5.0,0.04597,185.0
1753592503499,05:01:43.499,gateio,ACT/USDT:USDT,0.04595,108.0,0.04594,162.0,0.04596,5.0,0.04597,185.0
1753592504296,05:01:44.296,gateio,ACT/USDT:USDT,0.04595,162.0,0.04594,108.0,0.04596,5.0,0.04598,182.0
1753592504458,05:01:44.458,gateio,ACT/USDT:USDT,0.04595,162.0,0.04594,108.0,0.04597,27.0,0.04598,182.0
1753592504503,05:01:44.503,gateio,ACT/USDT:USDT,0.04595,162.0,0.04594,108.0,0.04597,22.0,0.04598,182.0
1753592504658,05:01:44.658,gateio,ACT/USDT:USDT,0.04595,108.0,0.04594,162.0,0.04596,194.0,0.04597,183.0
1753592504684,05:01:44.684,gateio,ACT/USDT:USDT,0.04595,108.0,0.04594,162.0,0.04596,199.0,0.04597,183.0
1753592505369,05:01:45.369,gateio,ACT/USDT:USDT,0.04595,108.0,0.04594,162.0,0.04596,199.0,0.04597,183.0
1753592505458,05:01:45.458,gateio,ACT/USDT:USDT,0.04595,108.0,0.04594,162.0,0.04596,210.0,0.04597,183.0
1753592505567,05:01:45.567,gateio,ACT/USDT:USDT,0.04595,108.0,0.04594,162.0,0.04596,5.0,0.04597,183.0
1753592506742,05:01:46.742,gateio,ACT/USDT:USDT,0.04595,108.0,0.04594,162.0,0.04596,5.0,0.04597,183.0
1753592506794,05:01:46.794,gateio,ACT/USDT:USDT,0.04595,162.0,0.04594,108.0,0.04596,5.0,0.04598,182.0
1753592506941,05:01:46.941,gateio,ACT/USDT:USDT,0.04595,162.0,0.04594,108.0,0.04597,27.0,0.04598,182.0
1753592506982,05:01:46.982,gateio,ACT/USDT:USDT,0.04595,162.0,0.04594,108.0,0.04597,22.0,0.04598,182.0
1753592507098,05:01:47.098,gateio,ACT/USDT:USDT,0.04595,162.0,0.04594,108.0,0.04597,22.0,0.04598,182.0
1753592507249,05:01:47.249,gateio,ACT/USDT:USDT,0.04595,162.0,0.04594,108.0,0.04597,210.0,0.04598,182.0
1753592508159,05:01:48.159,gateio,ACT/USDT:USDT,0.04596,108.0,0.04595,162.0,0.04598,193.0,0.04599,236.0
1753592508269,05:01:48.269,gateio,ACT/USDT:USDT,0.04596,108.0,0.04595,162.0,0.04597,188.0,0.04598,182.0
1753592508371,05:01:48.371,gateio,ACT/USDT:USDT,0.04596,108.0,0.04595,162.0,0.04597,204.0,0.04598,182.0
1753592508467,05:01:48.467,gateio,ACT/USDT:USDT,0.04596,108.0,0.04595,162.0,0.04597,204.0,0.04598,182.0
1753592508492,05:01:48.492,gateio,ACT/USDT:USDT,0.04596,108.0,0.04595,162.0,0.04597,204.0,0.04598,182.0
1753592508579,05:01:48.579,gateio,ACT/USDT:USDT,0.04596,108.0,0.04595,162.0,0.04597,215.0,0.04598,182.0
1753592509044,05:01:49.044,gateio,ACT/USDT:USDT,0.04596,108.0,0.04595,162.0,0.04597,193.0,0.04598,182.0
1753592509301,05:01:49.301,gateio,ACT/USDT:USDT,0.04596,108.0,0.04595,162.0,0.04597,193.0,0.04598,182.0
1753592509621,05:01:49.621,gateio,ACT/USDT:USDT,0.04596,108.0,0.04595,162.0,0.04597,193.0,0.04598,182.0
1753592509801,05:01:49.801,gateio,ACT/USDT:USDT,0.04596,108.0,0.04595,162.0,0.04597,193.0,0.04598,182.0
1753592509958,05:01:49.958,gateio,ACT/USDT:USDT,0.04595,162.0,0.04594,1071.0,0.04596,296.0,0.04597,193.0
1753592510072,05:01:50.072,gateio,ACT/USDT:USDT,0.04594,215.0,0.04593,1071.0,0.04596,318.0,0.04597,193.0
1753592510142,05:01:50.142,gateio,ACT/USDT:USDT,0.04594,215.0,0.04593,1232.0,0.04596,318.0,0.04597,188.0
1753592510190,05:01:50.190,gateio,ACT/USDT:USDT,0.04594,215.0,0.04593,1232.0,0.04596,318.0,0.04597,188.0
1753592510399,05:01:50.399,gateio,ACT/USDT:USDT,0.04594,161.0,0.04593,1286.0,0.04595,188.0,0.04596,307.0
1753592510533,05:01:50.533,gateio,ACT/USDT:USDT,0.04594,161.0,0.04593,1286.0,0.04595,193.0,0.04596,307.0
1753592510657,05:01:50.657,gateio,ACT/USDT:USDT,0.04593,54.0,0.0459,1263.0,0.04594,210.0,0.04595,193.0
1753592510771,05:01:50.771,gateio,ACT/USDT:USDT,0.04593,54.0,0.0459,1263.0,0.04594,2479.0,0.04595,193.0
1753592510810,05:01:50.810,gateio,ACT/USDT:USDT,0.04593,54.0,0.0459,1263.0,0.04594,2479.0,0.04595,193.0
1753592510958,05:01:50.958,gateio,ACT/USDT:USDT,0.04593,54.0,0.04591,161.0,0.04594,2479.0,0.04595,193.0
1753592511367,05:01:51.367,gateio,ACT/USDT:USDT,0.04591,161.0,0.0459,215.0,0.04594,2479.0,0.04595,247.0
1753592511473,05:01:51.473,gateio,ACT/USDT:USDT,0.0459,54.0,0.04588,186.0,0.04593,204.0,0.04594,2457.0
1753592511572,05:01:51.572,gateio,ACT/USDT:USDT,0.04591,54.0,0.04589,188.0,0.04593,215.0,0.04594,2457.0
1753592511582,05:01:51.582,gateio,ACT/USDT:USDT,0.04591,54.0,0.04589,188.0,0.04593,210.0,0.04594,2457.0
1753592511753,05:01:51.753,gateio,ACT/USDT:USDT,0.04591,54.0,0.04589,188.0,0.04593,869.0,0.04594,2457.0
1753592511874,05:01:51.874,gateio,ACT/USDT:USDT,0.04591,54.0,0.04589,188.0,0.04593,210.0,0.04594,2457.0
1753592511918,05:01:51.918,gateio,ACT/USDT:USDT,0.04589,242.0,0.04586,1261.0,0.04593,210.0,0.04594,2457.0
1753592512045,05:01:52.045,gateio,ACT/USDT:USDT,0.0459,119.0,0.04589,403.0,0.04592,5.0,0.04593,753.0
1753592512265,05:01:52.265,gateio,ACT/USDT:USDT,0.0459,108.0,0.04589,403.0,0.04592,5.0,0.04593,753.0
1753592512328,05:01:52.328,gateio,ACT/USDT:USDT,0.0459,108.0,0.04589,403.0,0.04592,5.0,0.04593,753.0
1753592512556,05:01:52.556,gateio,ACT/USDT:USDT,0.0459,130.0,0.04589,403.0,0.04592,5.0,0.04593,753.0
1753592512636,05:01:52.636,gateio,ACT/USDT:USDT,0.0459,130.0,0.04589,403.0,0.04592,5.0,0.04593,742.0
1753592512759,05:01:52.759,gateio,ACT/USDT:USDT,0.04591,130.0,0.0459,372.0,0.04592,5.0,0.04594,2511.0
1753592512783,05:01:52.783,gateio,ACT/USDT:USDT,0.04591,130.0,0.0459,372.0,0.04593,5.0,0.04594,2511.0
1753592513225,05:01:53.225,gateio,ACT/USDT:USDT,0.04591,130.0,0.0459,372.0,0.04593,5.0,0.04594,2511.0
1753592513280,05:01:53.280,gateio,ACT/USDT:USDT,0.04591,119.0,0.0459,361.0,0.04593,5.0,0.04594,2511.0
1753592513648,05:01:53.648,gateio,ACT/USDT:USDT,0.04591,119.0,0.0459,361.0,0.04593,5.0,0.04594,2511.0
1753592514072,05:01:54.072,gateio,ACT/USDT:USDT,0.04591,119.0,0.0459,361.0,0.04593,5.0,0.04594,2457.0
1753592514566,05:01:54.566,gateio,ACT/USDT:USDT,0.04591,108.0,0.0459,162.0,0.04593,193.0,0.04594,2511.0
1753592514582,05:01:54.582,gateio,ACT/USDT:USDT,0.04591,108.0,0.0459,162.0,0.04593,188.0,0.04594,2511.0
1753592514858,05:01:54.858,gateio,ACT/USDT:USDT,0.0459,108.0,0.04589,54.0,0.04592,210.0,0.04593,242.0
1753592514909,05:01:54.909,gateio,ACT/USDT:USDT,0.0459,108.0,0.04589,54.0,0.04592,210.0,0.04593,760.0
1753592515090,05:01:55.090,gateio,ACT/USDT:USDT,0.0459,108.0,0.04589,215.0,0.04592,210.0,0.04593,760.0
1753592515379,05:01:55.379,gateio,ACT/USDT:USDT,0.0459,108.0,0.04589,215.0,0.04592,210.0,0.04593,760.0
1753592515818,05:01:55.818,gateio,ACT/USDT:USDT,0.0459,108.0,0.04589,215.0,0.04592,210.0,0.04593,760.0
1753592516422,05:01:56.422,gateio,ACT/USDT:USDT,0.0459,108.0,0.04589,215.0,0.04592,210.0,0.04593,760.0
1753592516958,05:01:56.958,gateio,ACT/USDT:USDT,0.0459,108.0,0.04589,1286.0,0.04592,210.0,0.04593,760.0
1753592516980,05:01:56.980,gateio,ACT/USDT:USDT,0.0459,108.0,0.04589,1286.0,0.04592,210.0,0.04593,760.0
1753592518272,05:01:58.272,gateio,ACT/USDT:USDT,0.04589,54.0,0.04588,180.0,0.04592,199.0,0.04593,760.0
1753592518299,05:01:58.299,gateio,ACT/USDT:USDT,0.04588,234.0,0.04587,349.0,0.04592,253.0,0.04593,706.0
1753592518561,05:01:58.561,gateio,ACT/USDT:USDT,0.0459,108.0,0.04588,234.0,0.04591,5.0,0.04592,253.0
1753592518634,05:01:58.634,gateio,ACT/USDT:USDT,0.0459,108.0,0.04589,215.0,0.04591,5.0,0.04592,199.0
1753592518738,05:01:58.738,gateio,ACT/USDT:USDT,0.0459,108.0,0.04589,215.0,0.04591,5.0,0.04592,199.0
1753592518891,05:01:58.891,gateio,ACT/USDT:USDT,0.0459,108.0,0.04589,215.0,0.04591,5.0,0.04592,199.0
1753592519010,05:01:59.010,gateio,ACT/USDT:USDT,0.0459,108.0,0.04589,215.0,0.04591,5.0,0.04592,199.0
1753592519145,05:01:59.145,gateio,ACT/USDT:USDT,0.0459,108.0,0.04589,226.0,0.04591,5.0,0.04592,199.0
1753592519180,05:01:59.180,gateio,ACT/USDT:USDT,0.0459,108.0,0.04589,215.0,0.04591,5.0,0.04592,199.0
1753592519539,05:01:59.539,gateio,ACT/USDT:USDT,0.0459,108.0,0.04589,215.0,0.04591,5.0,0.04592,199.0
1753592519959,05:01:59.959,gateio,ACT/USDT:USDT,0.0459,108.0,0.04589,226.0,0.04591,5.0,0.04592,199.0
1753592520048,05:02:00.048,gateio,ACT/USDT:USDT,0.0459,119.0,0.04589,237.0,0.04591,5.0,0.04592,188.0
1753592520411,05:02:00.411,gateio,ACT/USDT:USDT,0.0459,108.0,0.04589,237.0,0.04591,5.0,0.04592,188.0
1753592521012,05:02:01.012,gateio,ACT/USDT:USDT,0.0459,108.0,0.04589,226.0,0.04591,5.0,0.04592,188.0
1753592521334,05:02:01.334,gateio,ACT/USDT:USDT,0.0459,108.0,0.04589,226.0,0.04591,5.0,0.04592,188.0
1753592521586,05:02:01.586,gateio,ACT/USDT:USDT,0.0459,119.0,0.04589,215.0,0.04591,5.0,0.04592,188.0
1753592521814,05:02:01.814,gateio,ACT/USDT:USDT,0.0459,108.0,0.04589,215.0,0.04591,5.0,0.04592,188.0
1753592521929,05:02:01.929,gateio,ACT/USDT:USDT,0.04589,215.0,0.04587,188.0,0.04591,16.0,0.04592,188.0
1753592522066,05:02:02.066,gateio,ACT/USDT:USDT,0.04589,215.0,0.04588,161.0,0.04591,16.0,0.04592,188.0
1753592522130,05:02:02.130,gateio,ACT/USDT:USDT,0.04589,54.0,0.04588,161.0,0.04591,27.0,0.04592,188.0
1753592522247,05:02:02.247,gateio,ACT/USDT:USDT,0.04588,215.0,0.04587,161.0,0.0459,180.0,0.04592,188.0
1753592522352,05:02:02.352,gateio,ACT/USDT:USDT,0.04589,108.0,0.04588,215.0,0.04592,188.0,0.04593,242.0
1753592522440,05:02:02.440,gateio,ACT/USDT:USDT,0.04589,108.0,0.04588,215.0,0.04591,5.0,0.04592,188.0
1753592522551,05:02:02.551,gateio,ACT/USDT:USDT,0.04589,108.0,0.04588,215.0,0.0459,180.0,0.04591,16.0
1753592522675,05:02:02.675,gateio,ACT/USDT:USDT,0.04588,161.0,0.04587,54.0,0.04589,108.0,0.0459,180.0
1753592522760,05:02:02.760,gateio,ACT/USDT:USDT,0.04588,161.0,0.04587,54.0,0.04589,113.0,0.0459,180.0
1753592522850,05:02:02.850,gateio,ACT/USDT:USDT,0.04588,161.0,0.04587,161.0,0.04589,113.0,0.0459,180.0
1753592523505,05:02:03.505,gateio,ACT/USDT:USDT,0.04588,161.0,0.04587,161.0,0.04589,113.0,0.0459,191.0
1753592523669,05:02:03.669,gateio,ACT/USDT:USDT,0.04587,161.0,0.04586,1295.0,0.04588,161.0,0.04589,293.0
1753592523718,05:02:03.718,gateio,ACT/USDT:USDT,0.04587,161.0,0.04586,2366.0,0.04588,161.0,0.04589,293.0
1753592523869,05:02:03.869,gateio,ACT/USDT:USDT,0.04587,161.0,0.04586,2366.0,0.04588,161.0,0.04589,293.0
1753592523954,05:02:03.954,gateio,ACT/USDT:USDT,0.04587,161.0,0.04586,2366.0,0.04588,161.0,0.04589,293.0
1753592524518,05:02:04.518,gateio,ACT/USDT:USDT,0.04587,161.0,0.04586,2366.0,0.04588,161.0,0.04589,293.0
1753592524932,05:02:04.932,gateio,ACT/USDT:USDT,0.04587,161.0,0.04586,2366.0,0.04588,161.0,0.04589,293.0
1753592525239,05:02:05.239,gateio,ACT/USDT:USDT,0.04588,108.0,0.04587,882.0,0.04589,113.0,0.0459,234.0
1753592525350,05:02:05.350,gateio,ACT/USDT:USDT,0.04588,108.0,0.04587,871.0,0.04589,113.0,0.0459,180.0
1753592525769,05:02:05.769,gateio,ACT/USDT:USDT,0.04588,108.0,0.04587,871.0,0.04589,113.0,0.0459,180.0
1753592526016,05:02:06.016,gateio,ACT/USDT:USDT,0.04588,119.0,0.04587,871.0,0.04589,113.0,0.04591,234.0
1753592526086,05:02:06.086,gateio,ACT/USDT:USDT,0.04588,119.0,0.04587,871.0,0.04589,108.0,0.0459,5.0
1753592526197,05:02:06.197,gateio,ACT/USDT:USDT,0.04588,119.0,0.04587,871.0,0.04589,108.0,0.0459,5.0
1753592526365,05:02:06.365,gateio,ACT/USDT:USDT,0.04589,108.0,0.04588,173.0,0.0459,5.0,0.04591,180.0
1753592526439,05:02:06.439,gateio,ACT/USDT:USDT,0.04589,108.0,0.04588,173.0,0.0459,5.0,0.04591,180.0
1753592526535,05:02:06.535,gateio,ACT/USDT:USDT,0.04589,108.0,0.04588,173.0,0.0459,5.0,0.04591,180.0
1753592526612,05:02:06.612,gateio,ACT/USDT:USDT,0.04589,108.0,0.04588,173.0,0.0459,5.0,0.04591,180.0
1753592526822,05:02:06.822,gateio,ACT/USDT:USDT,0.04589,108.0,0.04588,1233.0,0.0459,5.0,0.04591,180.0
1753592526921,05:02:06.921,gateio,ACT/USDT:USDT,0.04589,108.0,0.04588,1233.0,0.0459,5.0,0.04591,180.0
1753592527039,05:02:07.039,gateio,ACT/USDT:USDT,0.04589,108.0,0.04588,1233.0,0.0459,5.0,0.04591,180.0
1753592527261,05:02:07.261,gateio,ACT/USDT:USDT,0.04589,162.0,0.04588,1179.0,0.0459,5.0,0.04591,180.0
1753592528158,05:02:08.158,gateio,ACT/USDT:USDT,0.04589,108.0,0.04588,1179.0,0.0459,5.0,0.04591,180.0
1753592528178,05:02:08.178,gateio,ACT/USDT:USDT,0.04589,108.0,0.04588,1179.0,0.0459,5.0,0.04591,180.0
1753592528411,05:02:08.411,gateio,ACT/USDT:USDT,0.04588,1190.0,0.04587,241.0,0.0459,5.0,0.04591,234.0
1753592528568,05:02:08.568,gateio,ACT/USDT:USDT,0.04588,1190.0,0.04587,402.0,0.0459,5.0,0.04591,234.0
1753592529815,05:02:09.815,gateio,ACT/USDT:USDT,0.04588,1201.0,0.04587,402.0,0.0459,5.0,0.04591,234.0
1753592530316,05:02:10.316,gateio,ACT/USDT:USDT,0.04588,1190.0,0.04587,402.0,0.0459,5.0,0.04591,234.0
1753592530961,05:02:10.961,gateio,ACT/USDT:USDT,0.04588,1190.0,0.04587,402.0,0.0459,5.0,0.04591,234.0
1753592531119,05:02:11.119,gateio,ACT/USDT:USDT,0.04588,1179.0,0.04587,215.0,0.0459,214.0,0.04591,234.0
1753592531182,05:02:11.182,gateio,ACT/USDT:USDT,0.04588,1179.0,0.04587,215.0,0.0459,209.0,0.04591,234.0
1753592531438,05:02:11.438,gateio,ACT/USDT:USDT,0.04588,108.0,0.04587,1286.0,0.0459,209.0,0.04591,234.0
1753592531480,05:02:11.480,gateio,ACT/USDT:USDT,0.04588,108.0,0.04587,1286.0,0.0459,209.0,0.04591,234.0
1753592532558,05:02:12.558,gateio,ACT/USDT:USDT,0.04588,108.0,0.04587,1286.0,0.04589,198.0,0.0459,198.0
1753592532669,05:02:12.669,gateio,ACT/USDT:USDT,0.04588,108.0,0.04587,1232.0,0.04589,203.0,0.0459,252.0
1753592532738,05:02:12.738,gateio,ACT/USDT:USDT,0.04588,108.0,0.04587,1232.0,0.04589,192.0,0.0459,252.0
1753592532873,05:02:12.873,gateio,ACT/USDT:USDT,0.04588,108.0,0.04587,1232.0,0.04589,192.0,0.0459,252.0
1753592535747,05:02:15.747,gateio,ACT/USDT:USDT,0.04588,108.0,0.04587,1232.0,0.04589,192.0,0.0459,252.0
1753592535798,05:02:15.798,gateio,ACT/USDT:USDT,0.04587,855.0,0.04586,2312.0,0.04589,214.0,0.0459,241.0
1753592535961,05:02:15.961,gateio,ACT/USDT:USDT,0.04587,855.0,0.04586,2312.0,0.04589,209.0,0.0459,241.0
1753592536418,05:02:16.418,gateio,ACT/USDT:USDT,0.04587,161.0,0.04586,1241.0,0.04589,209.0,0.0459,241.0
1753592536478,05:02:16.478,gateio,ACT/USDT:USDT,0.04587,161.0,0.04586,1241.0,0.04589,209.0,0.0459,241.0
1753592536724,05:02:16.724,gateio,ACT/USDT:USDT,0.04587,183.0,0.04586,1241.0,0.04589,187.0,0.0459,241.0
1753592536792,05:02:16.792,gateio,ACT/USDT:USDT,0.04587,183.0,0.04586,1241.0,0.04589,187.0,0.0459,241.0
1753592537021,05:02:17.021,gateio,ACT/USDT:USDT,0.04587,183.0,0.04586,1241.0,0.04589,187.0,0.0459,241.0
1753592537217,05:02:17.217,gateio,ACT/USDT:USDT,0.04587,183.0,0.04586,1241.0,0.04589,187.0,0.0459,241.0
1753592537635,05:02:17.635,gateio,ACT/USDT:USDT,0.04587,183.0,0.04586,1241.0,0.04589,187.0,0.0459,241.0
1753592540748,05:02:20.748,gateio,ACT/USDT:USDT,0.04587,161.0,0.04586,1241.0,0.04589,209.0,0.0459,241.0
1753592540969,05:02:20.969,gateio,ACT/USDT:USDT,0.04587,161.0,0.04586,1241.0,0.04589,198.0,0.0459,241.0
1753592541118,05:02:21.118,gateio,ACT/USDT:USDT,0.04587,172.0,0.04586,1241.0,0.04589,198.0,0.0459,241.0
1753592544258,05:02:24.258,gateio,ACT/USDT:USDT,0.04587,183.0,0.04586,1295.0,0.0459,241.0,0.04591,180.0
1753592544312,05:02:24.312,gateio,ACT/USDT:USDT,0.04588,108.0,0.04587,183.0,0.04589,5.0,0.0459,241.0
1753592544540,05:02:24.540,gateio,ACT/USDT:USDT,0.04588,108.0,0.04587,183.0,0.04589,5.0,0.0459,241.0
1753592545372,05:02:25.372,gateio,ACT/USDT:USDT,0.04588,130.0,0.04587,161.0,0.04589,5.0,0.0459,241.0
1753592545383,05:02:25.383,gateio,ACT/USDT:USDT,0.04588,130.0,0.04587,161.0,0.04589,5.0,0.0459,241.0
1753592545771,05:02:25.771,gateio,ACT/USDT:USDT,0.04588,130.0,0.04587,161.0,0.04589,5.0,0.0459,241.0
1753592546716,05:02:26.716,gateio,ACT/USDT:USDT,0.04588,108.0,0.04587,161.0,0.04589,5.0,0.0459,241.0
1753592546884,05:02:26.884,gateio,ACT/USDT:USDT,0.04587,161.0,0.04586,1295.0,0.04589,16.0,0.0459,241.0
1753592549111,05:02:29.111,gateio,ACT/USDT:USDT,0.04587,161.0,0.04586,1295.0,0.04589,204.0,0.0459,241.0
1753592549182,05:02:29.182,gateio,ACT/USDT:USDT,0.04587,161.0,0.04586,1295.0,0.04589,199.0,0.0459,241.0
1753592549721,05:02:29.721,gateio,ACT/USDT:USDT,0.04587,172.0,0.04586,1295.0,0.0459,241.0,0.04591,180.0
1753592549798,05:02:29.798,gateio,ACT/USDT:USDT,0.04587,161.0,0.04586,1295.0,0.04589,5.0,0.0459,241.0
1753592550397,05:02:30.397,gateio,ACT/USDT:USDT,0.04587,161.0,0.04586,1295.0,0.04589,16.0,0.0459,241.0
1753592551610,05:02:31.610,gateio,ACT/USDT:USDT,0.04588,108.0,0.04587,161.0,0.04589,5.0,0.0459,241.0
1753592551688,05:02:31.688,gateio,ACT/USDT:USDT,0.04588,108.0,0.04587,161.0,0.04589,5.0,0.0459,241.0
1753592551902,05:02:31.902,gateio,ACT/USDT:USDT,0.04588,108.0,0.04587,161.0,0.04589,5.0,0.0459,241.0
1753592552568,05:02:32.568,gateio,ACT/USDT:USDT,0.04588,130.0,0.04587,161.0,0.04589,5.0,0.0459,241.0
1753592552792,05:02:32.792,gateio,ACT/USDT:USDT,0.04588,130.0,0.04587,161.0,0.04589,5.0,0.0459,241.0
1753592553239,05:02:33.239,gateio,ACT/USDT:USDT,0.04588,130.0,0.04587,823.0,0.04589,5.0,0.0459,241.0
1753592553640,05:02:33.640,gateio,ACT/USDT:USDT,0.04588,130.0,0.04587,878.0,0.04589,5.0,0.04591,235.0
1753592553683,05:02:33.683,gateio,ACT/USDT:USDT,0.04588,130.0,0.04587,878.0,0.0459,5.0,0.04591,235.0
1753592553828,05:02:33.828,gateio,ACT/USDT:USDT,0.04588,130.0,0.04587,878.0,0.0459,5.0,0.04591,235.0
1753592554240,05:02:34.240,gateio,ACT/USDT:USDT,0.04588,130.0,0.04587,878.0,0.0459,5.0,0.04591,235.0
1753592554725,05:02:34.725,gateio,ACT/USDT:USDT,0.04588,130.0,0.04587,878.0,0.0459,5.0,0.04591,235.0
1753592557518,05:02:37.518,gateio,ACT/USDT:USDT,0.04588,130.0,0.04587,216.0,0.0459,5.0,0.04591,235.0
1753592558548,05:02:38.548,gateio,ACT/USDT:USDT,0.04588,108.0,0.04587,216.0,0.0459,207.0,0.04591,235.0
1753592558585,05:02:38.585,gateio,ACT/USDT:USDT,0.04588,108.0,0.04587,216.0,0.0459,202.0,0.04591,235.0
1753592558958,05:02:38.958,gateio,ACT/USDT:USDT,0.04588,108.0,0.04587,1287.0,0.0459,202.0,0.04591,235.0
1753592559256,05:02:39.256,gateio,ACT/USDT:USDT,0.04588,108.0,0.04587,1232.0,0.0459,202.0,0.04591,235.0
1753592559467,05:02:39.467,gateio,ACT/USDT:USDT,0.04588,108.0,0.04587,1232.0,0.0459,202.0,0.04591,235.0
1753592559575,05:02:39.575,gateio,ACT/USDT:USDT,0.04588,108.0,0.04587,1232.0,0.0459,202.0,0.04591,235.0
1753592559738,05:02:39.738,gateio,ACT/USDT:USDT,0.04587,1232.0,0.04586,1296.0,0.0459,257.0,0.04591,180.0
1753592559798,05:02:39.798,gateio,ACT/USDT:USDT,0.04587,1232.0,0.04586,1296.0,0.04589,5.0,0.0459,246.0
1753592559928,05:02:39.928,gateio,ACT/USDT:USDT,0.04587,1232.0,0.04586,1296.0,0.04589,16.0,0.0459,235.0
1753592559992,05:02:39.992,gateio,ACT/USDT:USDT,0.04587,1232.0,0.04586,1296.0,0.04589,16.0,0.0459,235.0
1753592560108,05:02:40.108,gateio,ACT/USDT:USDT,0.04588,108.0,0.04587,1232.0,0.04589,5.0,0.0459,180.0
1753592560180,05:02:40.180,gateio,ACT/USDT:USDT,0.04588,108.0,0.04587,1232.0,0.04589,5.0,0.0459,180.0
1753592560814,05:02:40.814,gateio,ACT/USDT:USDT,0.04588,108.0,0.04587,1232.0,0.04589,5.0,0.0459,180.0
1753592562765,05:02:42.765,gateio,ACT/USDT:USDT,0.04588,108.0,0.04587,1232.0,0.04589,5.0,0.0459,235.0
1753592563422,05:02:43.422,gateio,ACT/USDT:USDT,0.04588,108.0,0.04587,1232.0,0.04589,185.0,0.0459,235.0
1753592563492,05:02:43.492,gateio,ACT/USDT:USDT,0.04588,108.0,0.04587,1232.0,0.04589,207.0,0.0459,235.0
1753592566269,05:02:46.269,gateio,ACT/USDT:USDT,0.04588,108.0,0.04587,1232.0,0.04589,185.0,0.0459,235.0
1753592566640,05:02:46.640,gateio,ACT/USDT:USDT,0.04587,823.0,0.04586,2367.0,0.04589,207.0,0.0459,235.0
1753592566698,05:02:46.698,gateio,ACT/USDT:USDT,0.04587,823.0,0.04586,2367.0,0.04589,191.0,0.0459,235.0
1753592567364,05:02:47.364,gateio,ACT/USDT:USDT,0.04588,108.0,0.04587,823.0,0.04589,180.0,0.0459,235.0
1753592567469,05:02:47.469,gateio,ACT/USDT:USDT,0.04588,108.0,0.04587,823.0,0.04589,185.0,0.0459,235.0
1753592571052,05:02:51.052,gateio,ACT/USDT:USDT,0.04587,834.0,0.04586,2206.0,0.04589,185.0,0.0459,235.0
1753592571083,05:02:51.083,gateio,ACT/USDT:USDT,0.04587,845.0,0.04586,2367.0,0.04589,180.0,0.0459,235.0
1753592572863,05:02:52.863,gateio,ACT/USDT:USDT,0.04587,823.0,0.04586,2367.0,0.04589,191.0,0.0459,180.0
1753592573790,05:02:53.790,gateio,ACT/USDT:USDT,0.04587,823.0,0.04586,2367.0,0.04589,202.0,0.0459,180.0
1753592576953,05:02:56.953,gateio,ACT/USDT:USDT,0.04587,161.0,0.04586,2367.0,0.04589,202.0,0.0459,180.0
1753592576978,05:02:56.978,gateio,ACT/USDT:USDT,0.04587,871.0,0.04586,2367.0,0.04589,202.0,0.0459,180.0
1753592577552,05:02:57.552,gateio,ACT/USDT:USDT,0.04587,926.0,0.04586,2312.0,0.0459,180.0,0.04591,235.0
1753592577675,05:02:57.675,gateio,ACT/USDT:USDT,0.04587,926.0,0.04586,2312.0,0.04589,16.0,0.0459,180.0
1753592577716,05:02:57.716,gateio,ACT/USDT:USDT,0.04587,926.0,0.04586,2312.0,0.04589,5.0,0.0459,180.0
1753592577834,05:02:57.834,gateio,ACT/USDT:USDT,0.04587,871.0,0.04586,2367.0,0.04589,207.0,0.0459,180.0
1753592577882,05:02:57.882,gateio,ACT/USDT:USDT,0.04587,871.0,0.04586,2367.0,0.04589,202.0,0.0459,180.0
1753592577989,05:02:57.989,gateio,ACT/USDT:USDT,0.04587,161.0,0.04586,2367.0,0.04589,202.0,0.0459,180.0
1753592578078,05:02:58.078,gateio,ACT/USDT:USDT,0.04587,871.0,0.04586,2367.0,0.04589,202.0,0.0459,180.0
1753592579064,05:02:59.064,gateio,ACT/USDT:USDT,0.04587,926.0,0.04586,2312.0,0.0459,180.0,0.04591,235.0
1753592579098,05:02:59.098,gateio,ACT/USDT:USDT,0.04587,926.0,0.04586,2312.0,0.04589,5.0,0.0459,180.0
1753592579224,05:02:59.224,gateio,ACT/USDT:USDT,0.04588,108.0,0.04587,926.0,0.04589,5.0,0.0459,180.0
1753592579349,05:02:59.349,gateio,ACT/USDT:USDT,0.04588,108.0,0.04587,926.0,0.04589,185.0,0.0459,180.0
1753592579430,05:02:59.430,gateio,ACT/USDT:USDT,0.04588,108.0,0.04587,926.0,0.04589,185.0,0.0459,180.0
1753592579759,05:02:59.759,gateio,ACT/USDT:USDT,0.04587,926.0,0.04586,2312.0,0.04589,185.0,0.0459,180.0
1753592579818,05:02:59.818,gateio,ACT/USDT:USDT,0.04587,926.0,0.04586,2312.0,0.0459,180.0,0.04591,235.0
1753592579950,05:02:59.950,gateio,ACT/USDT:USDT,0.04587,926.0,0.04586,2312.0,0.04589,185.0,0.0459,180.0
1753592579982,05:02:59.982,gateio,ACT/USDT:USDT,0.04587,926.0,0.04586,2312.0,0.04589,180.0,0.0459,180.0
1753592580159,05:03:00.159,gateio,ACT/USDT:USDT,0.04587,937.0,0.04586,2312.0,0.04589,180.0,0.0459,202.0
1753592580384,05:03:00.384,gateio,ACT/USDT:USDT,0.04587,926.0,0.04586,2312.0,0.04589,202.0,0.0459,180.0
1753592581358,05:03:01.358,gateio,ACT/USDT:USDT,0.04587,937.0,0.04586,2312.0,0.0459,180.0,0.04591,235.0
1753592581386,05:03:01.386,gateio,ACT/USDT:USDT,0.04587,948.0,0.04586,2312.0,0.04589,5.0,0.0459,180.0
1753592581778,05:03:01.778,gateio,ACT/USDT:USDT,0.04587,948.0,0.04586,2312.0,0.04589,5.0,0.0459,180.0
1753592582771,05:03:02.771,gateio,ACT/USDT:USDT,0.04587,948.0,0.04586,2312.0,0.04589,5.0,0.0459,180.0
1753592582785,05:03:02.785,gateio,ACT/USDT:USDT,0.04587,948.0,0.04586,2312.0,0.04589,5.0,0.0459,180.0
1753592583529,05:03:03.529,gateio,ACT/USDT:USDT,0.04587,926.0,0.04586,2312.0,0.04589,16.0,0.0459,180.0
1753592586357,05:03:06.357,gateio,ACT/USDT:USDT,0.04588,108.0,0.04587,926.0,0.04589,16.0,0.0459,180.0
