timestamp,time,exchange,symbol,bid1_price,bid1_volume,bid2_price,bid2_volume,ask1_price,ask1_volume,ask2_price,ask2_volume
1753591897731,04:51:37.731,phemex,ACT/USDT:USDT,0.04578,4773.0,0.04577,9843.0,0.0458,9347.0,0.04581,2754.0
1753591897752,04:51:37.752,phemex,ACT/USDT:USDT,0.04578,4773.0,0.04577,9843.0,0.0458,9347.0,0.04581,2754.0
1753591897834,04:51:37.834,phemex,ACT/USDT:USDT,0.04578,4773.0,0.04577,9843.0,0.04579,2770.0,0.0458,9347.0
1753591897852,04:51:37.852,phemex,ACT/USDT:USDT,0.04578,4773.0,0.04577,9843.0,0.0458,9347.0,0.04581,2754.0
1753591897896,04:51:37.896,phemex,ACT/USDT:USDT,0.04578,4773.0,0.04577,9843.0,0.0458,9347.0,0.04581,2754.0
1753591897926,04:51:37.926,phemex,ACT/USDT:USDT,0.04578,4773.0,0.04577,9843.0,0.04579,2770.0,0.0458,9347.0
1753591897955,04:51:37.955,phemex,ACT/USDT:USDT,0.04578,4773.0,0.04577,9843.0,0.0458,9347.0,0.04581,2754.0
1753591897994,04:51:37.994,phemex,ACT/USDT:USDT,0.04578,4773.0,0.04577,9843.0,0.0458,9347.0,0.04581,2754.0
1753591898188,04:51:38.188,phemex,ACT/USDT:USDT,0.04579,2770.0,0.04578,4773.0,0.0458,9347.0,0.04581,2754.0
1753591898215,04:51:38.215,phemex,ACT/USDT:USDT,0.04578,7714.0,0.04577,10565.0,0.0458,9347.0,0.04581,2754.0
1753591898393,04:51:38.393,phemex,ACT/USDT:USDT,0.04579,2770.0,0.04578,7714.0,0.0458,9347.0,0.04581,2754.0
1753591899572,04:51:39.572,phemex,ACT/USDT:USDT,0.04579,2770.0,0.04578,7714.0,0.0458,6593.0,0.04581,2754.0
1753591900132,04:51:40.132,phemex,ACT/USDT:USDT,0.04579,2770.0,0.04578,7714.0,0.0458,6593.0,0.04581,2754.0
1753591900162,04:51:40.162,phemex,ACT/USDT:USDT,0.04579,2770.0,0.04578,7714.0,0.0458,6593.0,0.04581,2754.0
1753591905166,04:51:45.166,phemex,ACT/USDT:USDT,0.04579,6387.0,0.04578,11310.0,0.0458,10230.0,0.04581,6808.0
1753591908874,04:51:48.874,phemex,ACT/USDT:USDT,0.04579,6387.0,0.04578,11310.0,0.0458,10130.0,0.04581,6808.0
1753591908874,04:51:48.874,phemex,ACT/USDT:USDT,0.04579,6387.0,0.04578,11310.0,0.0458,10130.0,0.04581,6808.0
1753591918396,04:51:58.396,phemex,ACT/USDT:USDT,0.04579,6387.0,0.04578,11310.0,0.0458,10037.0,0.04581,6808.0
1753591919012,04:51:59.012,phemex,ACT/USDT:USDT,0.04579,3617.0,0.04578,11310.0,0.0458,10037.0,0.04581,6808.0
1753591929840,04:52:09.840,phemex,ACT/USDT:USDT,0.04579,3617.0,0.04578,11310.0,0.0458,9927.0,0.04581,6808.0
1753591931683,04:52:11.683,phemex,ACT/USDT:USDT,0.04579,6399.0,0.04578,11310.0,0.0458,9927.0,0.04581,4054.0
1753591943168,04:52:23.168,phemex,ACT/USDT:USDT,0.04579,6399.0,0.04578,6306.0,0.04581,3024.0,0.04582,2719.0
1753591943173,04:52:23.173,phemex,ACT/USDT:USDT,0.04579,6399.0,0.04578,6306.0,0.04581,3024.0,0.04582,2719.0
1753591943180,04:52:23.180,phemex,ACT/USDT:USDT,0.0458,2728.0,0.04579,6399.0,0.04581,3024.0,0.04582,2719.0
1753591943247,04:52:23.247,phemex,ACT/USDT:USDT,0.0458,2728.0,0.04579,10531.0,0.04581,3024.0,0.04582,2719.0
1753591948293,04:52:28.293,phemex,ACT/USDT:USDT,0.0458,5657.0,0.04579,13533.0,0.04581,3024.0,0.04582,2719.0
1753591948373,04:52:28.373,phemex,ACT/USDT:USDT,0.0458,2929.0,0.04579,13533.0,0.04581,3024.0,0.04582,2719.0
1753591949963,04:52:29.963,phemex,ACT/USDT:USDT,0.04579,2782.0,0.04578,2728.0,0.04581,8774.0,0.04582,6135.0
1753591949985,04:52:29.985,phemex,ACT/USDT:USDT,0.04578,2728.0,0.04577,12926.0,0.0458,3200.0,0.04581,8774.0
1753591950011,04:52:30.011,phemex,ACT/USDT:USDT,0.04578,2728.0,0.04577,12926.0,0.0458,5897.0,0.04581,8774.0
1753591950049,04:52:30.049,phemex,ACT/USDT:USDT,0.04578,2728.0,0.04577,12926.0,0.0458,5897.0,0.04581,8774.0
1753591950057,04:52:30.057,phemex,ACT/USDT:USDT,0.04578,2728.0,0.04577,12926.0,0.0458,5897.0,0.04581,8774.0
1753591950080,04:52:30.080,phemex,ACT/USDT:USDT,0.04578,2728.0,0.04577,12926.0,0.0458,5897.0,0.04581,8774.0
1753591950352,04:52:30.352,phemex,ACT/USDT:USDT,0.04578,2728.0,0.04577,12926.0,0.0458,5696.0,0.04581,8774.0
1753591951076,04:52:31.076,phemex,ACT/USDT:USDT,0.04578,2728.0,0.04577,12926.0,0.0458,2999.0,0.04581,8774.0
1753591955415,04:52:35.415,phemex,ACT/USDT:USDT,0.04579,3846.0,0.04578,5364.0,0.0458,2999.0,0.04581,12129.0
1753591959742,04:52:39.742,phemex,ACT/USDT:USDT,0.04579,3846.0,0.04578,11874.0,0.04581,2697.0,0.04582,12840.0
1753591959755,04:52:39.755,phemex,ACT/USDT:USDT,0.04579,3846.0,0.04578,11874.0,0.04581,2697.0,0.04582,6563.0
1753591959809,04:52:39.809,phemex,ACT/USDT:USDT,0.0458,2783.0,0.04579,3846.0,0.04581,2697.0,0.04582,6563.0
1753591959854,04:52:39.854,phemex,ACT/USDT:USDT,0.04579,3846.0,0.04578,11874.0,0.04581,2697.0,0.04582,6563.0
1753591959867,04:52:39.867,phemex,ACT/USDT:USDT,0.04579,3846.0,0.04578,11874.0,0.04581,2697.0,0.04582,6563.0
1753591959903,04:52:39.903,phemex,ACT/USDT:USDT,0.0458,2783.0,0.04579,3846.0,0.04581,2697.0,0.04582,6563.0
1753591960513,04:52:40.513,phemex,ACT/USDT:USDT,0.04579,8182.0,0.04578,13966.0,0.04581,2697.0,0.04582,6563.0
1753591960528,04:52:40.528,phemex,ACT/USDT:USDT,0.04579,8182.0,0.04578,13966.0,0.04581,2697.0,0.04582,6563.0
1753591960545,04:52:40.545,phemex,ACT/USDT:USDT,0.0458,2783.0,0.04579,8182.0,0.04581,2697.0,0.04582,6563.0
1753591960597,04:52:40.597,phemex,ACT/USDT:USDT,0.04579,8182.0,0.04578,13966.0,0.04581,2697.0,0.04582,6563.0
1753591960635,04:52:40.635,phemex,ACT/USDT:USDT,0.0458,2783.0,0.04579,8182.0,0.04581,2697.0,0.04582,6563.0
1753591960722,04:52:40.722,phemex,ACT/USDT:USDT,0.04579,8182.0,0.04578,13966.0,0.04581,2697.0,0.04582,6563.0
1753591960730,04:52:40.730,phemex,ACT/USDT:USDT,0.04579,8182.0,0.04578,13966.0,0.04581,2697.0,0.04582,6563.0
1753591960735,04:52:40.735,phemex,ACT/USDT:USDT,0.0458,2783.0,0.04579,8182.0,0.04581,2697.0,0.04582,6563.0
1753591960863,04:52:40.863,phemex,ACT/USDT:USDT,0.04579,8182.0,0.04578,13966.0,0.04581,2697.0,0.04582,6563.0
1753591960892,04:52:40.892,phemex,ACT/USDT:USDT,0.04579,8182.0,0.04578,13966.0,0.04581,2697.0,0.04582,6563.0
1753591960955,04:52:40.955,phemex,ACT/USDT:USDT,0.0458,2783.0,0.04579,8182.0,0.04581,2697.0,0.04582,6563.0
1753591961043,04:52:41.043,phemex,ACT/USDT:USDT,0.04579,8182.0,0.04578,13966.0,0.04581,2697.0,0.04582,6563.0
1753591961056,04:52:41.056,phemex,ACT/USDT:USDT,0.04579,8182.0,0.04578,13966.0,0.04581,2697.0,0.04582,6563.0
1753591961493,04:52:41.493,phemex,ACT/USDT:USDT,0.04578,13966.0,0.04577,27169.0,0.04581,2697.0,0.04582,6563.0
1753591961519,04:52:41.519,phemex,ACT/USDT:USDT,0.04578,13966.0,0.04577,27169.0,0.04581,2697.0,0.04582,6563.0
1753591961536,04:52:41.536,phemex,ACT/USDT:USDT,0.04579,2783.0,0.04578,13966.0,0.04581,2697.0,0.04582,6563.0
1753591966499,04:52:46.499,phemex,ACT/USDT:USDT,0.04579,18653.0,0.04578,13966.0,0.04581,6932.0,0.04582,9614.0
1753591966506,04:52:46.506,phemex,ACT/USDT:USDT,0.0458,2762.0,0.04579,18653.0,0.04581,6932.0,0.04582,9614.0
1753591966921,04:52:46.921,phemex,ACT/USDT:USDT,0.0458,2762.0,0.04579,18653.0,0.04581,6932.0,0.04582,9614.0
1753591967234,04:52:47.234,phemex,ACT/USDT:USDT,0.0458,2762.0,0.04579,18653.0,0.04581,6932.0,0.04582,9614.0
1753591967256,04:52:47.256,phemex,ACT/USDT:USDT,0.0458,2762.0,0.04579,18653.0,0.04581,6932.0,0.04582,9614.0
1753591971083,04:52:51.083,phemex,ACT/USDT:USDT,0.0458,2762.0,0.04579,18653.0,0.04581,6737.0,0.04582,9614.0
1753591971083,04:52:51.083,phemex,ACT/USDT:USDT,0.0458,2762.0,0.04579,18653.0,0.04581,6737.0,0.04582,9614.0
1753591977504,04:52:57.504,phemex,ACT/USDT:USDT,0.0458,2762.0,0.04579,18653.0,0.04581,6737.0,0.04582,9614.0
1753591977525,04:52:57.525,phemex,ACT/USDT:USDT,0.0458,2762.0,0.04579,18653.0,0.04581,6737.0,0.04582,9614.0
1753591979305,04:52:59.305,phemex,ACT/USDT:USDT,0.04579,18653.0,0.04578,13966.0,0.04581,6737.0,0.04582,9614.0
1753591979347,04:52:59.347,phemex,ACT/USDT:USDT,0.04579,18653.0,0.04578,13966.0,0.04581,6737.0,0.04582,9614.0
1753591979365,04:52:59.365,phemex,ACT/USDT:USDT,0.0458,2804.0,0.04579,18653.0,0.04581,6737.0,0.04582,9614.0
1753591986888,04:53:06.888,phemex,ACT/USDT:USDT,0.04579,18653.0,0.04578,13966.0,0.04581,6737.0,0.04582,9614.0
1753591986915,04:53:06.915,phemex,ACT/USDT:USDT,0.0458,2686.0,0.04579,18653.0,0.04581,6737.0,0.04582,9614.0
1753591986986,04:53:06.986,phemex,ACT/USDT:USDT,0.04579,18653.0,0.04578,13966.0,0.04581,6737.0,0.04582,9614.0
1753591986999,04:53:06.999,phemex,ACT/USDT:USDT,0.0458,2686.0,0.04579,18653.0,0.04581,6737.0,0.04582,9614.0
1753591987961,04:53:07.961,phemex,ACT/USDT:USDT,0.04579,18653.0,0.04578,13966.0,0.04581,6737.0,0.04582,9614.0
1753591987990,04:53:07.990,phemex,ACT/USDT:USDT,0.04579,18653.0,0.04578,13966.0,0.04581,6737.0,0.04582,9614.0
1753591988085,04:53:08.085,phemex,ACT/USDT:USDT,0.04579,18653.0,0.04578,13966.0,0.0458,2686.0,0.04581,6737.0
1753591988323,04:53:08.323,phemex,ACT/USDT:USDT,0.04579,18653.0,0.04578,13966.0,0.04581,6737.0,0.04582,9614.0
1753591988355,04:53:08.355,phemex,ACT/USDT:USDT,0.04579,18653.0,0.04578,13966.0,0.0458,2686.0,0.04581,6737.0
1753591988404,04:53:08.404,phemex,ACT/USDT:USDT,0.04579,18653.0,0.04578,13966.0,0.04581,6737.0,0.04582,9614.0
1753591988415,04:53:08.415,phemex,ACT/USDT:USDT,0.04579,18653.0,0.04578,13966.0,0.0458,2686.0,0.04581,6737.0
1753591988466,04:53:08.466,phemex,ACT/USDT:USDT,0.04579,2783.0,0.04578,7456.0,0.0458,2686.0,0.04581,6737.0
1753591991453,04:53:11.453,phemex,ACT/USDT:USDT,0.04579,2783.0,0.04578,7456.0,0.04581,6737.0,0.04582,9614.0
1753591991475,04:53:11.475,phemex,ACT/USDT:USDT,0.04579,2783.0,0.04578,7456.0,0.04581,6737.0,0.04582,9614.0
1753591991518,04:53:11.518,phemex,ACT/USDT:USDT,0.04579,2783.0,0.04578,7456.0,0.0458,2686.0,0.04581,6737.0
1753591991615,04:53:11.615,phemex,ACT/USDT:USDT,0.04579,2783.0,0.04578,7456.0,0.04581,6737.0,0.04582,9614.0
1753591991676,04:53:11.676,phemex,ACT/USDT:USDT,0.04579,2783.0,0.04578,7456.0,0.04581,6737.0,0.04582,9614.0
1753591991715,04:53:11.715,phemex,ACT/USDT:USDT,0.04579,2783.0,0.04578,7456.0,0.0458,2686.0,0.04581,6737.0
1753591991816,04:53:11.816,phemex,ACT/USDT:USDT,0.04579,2783.0,0.04578,7456.0,0.04581,6737.0,0.04582,9614.0
1753591991864,04:53:11.864,phemex,ACT/USDT:USDT,0.04579,2783.0,0.04578,7456.0,0.0458,2686.0,0.04581,6737.0
1753591992356,04:53:12.356,phemex,ACT/USDT:USDT,0.04578,7456.0,0.04577,7808.0,0.0458,2686.0,0.04581,6737.0
1753591992417,04:53:12.417,phemex,ACT/USDT:USDT,0.04578,7456.0,0.04577,7808.0,0.0458,2686.0,0.04581,6737.0
1753591992638,04:53:12.638,phemex,ACT/USDT:USDT,0.04578,7456.0,0.04577,7808.0,0.0458,7388.0,0.04581,11570.0
1753591992857,04:53:12.857,phemex,ACT/USDT:USDT,0.04578,7456.0,0.04577,7808.0,0.04579,2686.0,0.0458,7388.0
1753591992914,04:53:12.914,phemex,ACT/USDT:USDT,0.04578,7456.0,0.04577,7808.0,0.0458,7388.0,0.04581,11570.0
1753591992931,04:53:12.931,phemex,ACT/USDT:USDT,0.04578,7456.0,0.04577,7808.0,0.0458,7388.0,0.04581,11570.0
1753591992957,04:53:12.957,phemex,ACT/USDT:USDT,0.04578,7456.0,0.04577,7808.0,0.04579,2686.0,0.0458,7388.0
1753591992978,04:53:12.978,phemex,ACT/USDT:USDT,0.04578,7456.0,0.04577,7808.0,0.0458,7388.0,0.04581,11570.0
1753591993017,04:53:13.017,phemex,ACT/USDT:USDT,0.04578,7456.0,0.04577,7808.0,0.0458,7388.0,0.04581,11570.0
1753591993086,04:53:13.086,phemex,ACT/USDT:USDT,0.04579,2686.0,0.04578,7456.0,0.0458,7388.0,0.04581,11570.0
1753591993276,04:53:13.276,phemex,ACT/USDT:USDT,0.04578,7456.0,0.04577,7808.0,0.0458,7388.0,0.04581,11570.0
1753591993321,04:53:13.321,phemex,ACT/USDT:USDT,0.04578,7456.0,0.04577,7808.0,0.0458,7388.0,0.04581,11570.0
1753591993390,04:53:13.390,phemex,ACT/USDT:USDT,0.04578,4728.0,0.04577,7808.0,0.04579,2686.0,0.0458,7388.0
1753591993403,04:53:13.403,phemex,ACT/USDT:USDT,0.04578,9330.0,0.04577,2858.0,0.04579,2686.0,0.0458,7388.0
1753591995226,04:53:15.226,phemex,ACT/USDT:USDT,0.04578,9330.0,0.04577,5655.0,0.04579,2686.0,0.0458,7388.0
1753591996529,04:53:16.529,phemex,ACT/USDT:USDT,0.04578,9330.0,0.04577,5655.0,0.0458,7388.0,0.04581,11570.0
1753591996565,04:53:16.565,phemex,ACT/USDT:USDT,0.04578,9330.0,0.04577,5655.0,0.0458,7388.0,0.04581,11570.0
1753591996604,04:53:16.604,phemex,ACT/USDT:USDT,0.04578,9330.0,0.04577,5655.0,0.04579,2797.0,0.0458,7388.0
1753591996922,04:53:16.922,phemex,ACT/USDT:USDT,0.04578,9330.0,0.04577,5655.0,0.0458,7388.0,0.04581,11570.0
1753591996933,04:53:16.933,phemex,ACT/USDT:USDT,0.04578,9330.0,0.04577,5655.0,0.04579,2797.0,0.0458,7388.0
1753591998190,04:53:18.190,phemex,ACT/USDT:USDT,0.04578,6830.0,0.04577,5655.0,0.04579,2797.0,0.0458,7388.0
1753591998909,04:53:18.909,phemex,ACT/USDT:USDT,0.04578,6830.0,0.04577,5655.0,0.0458,7388.0,0.04581,11570.0
1753591998959,04:53:18.959,phemex,ACT/USDT:USDT,0.04578,6830.0,0.04577,5655.0,0.04579,2797.0,0.0458,7388.0
1753592000284,04:53:20.284,phemex,ACT/USDT:USDT,0.04578,6830.0,0.04577,5655.0,0.04579,2797.0,0.0458,14569.0
1753592000691,04:53:20.691,phemex,ACT/USDT:USDT,0.04578,10252.0,0.04577,5655.0,0.04579,2797.0,0.0458,19318.0
1753592001668,04:53:21.668,phemex,ACT/USDT:USDT,0.04578,10252.0,0.04577,5655.0,0.0458,19318.0,0.04581,7694.0
1753592001692,04:53:21.692,phemex,ACT/USDT:USDT,0.04578,10252.0,0.04577,5655.0,0.0458,19318.0,0.04581,7694.0
1753592001734,04:53:21.734,phemex,ACT/USDT:USDT,0.04579,2797.0,0.04578,10252.0,0.0458,19318.0,0.04581,7694.0
1753592001784,04:53:21.784,phemex,ACT/USDT:USDT,0.04578,10252.0,0.04577,5655.0,0.0458,19318.0,0.04581,7694.0
1753592001813,04:53:21.813,phemex,ACT/USDT:USDT,0.04578,10252.0,0.04577,5655.0,0.0458,19318.0,0.04581,7694.0
1753592001833,04:53:21.833,phemex,ACT/USDT:USDT,0.04579,2797.0,0.04578,10252.0,0.0458,19318.0,0.04581,7694.0
1753592001875,04:53:21.875,phemex,ACT/USDT:USDT,0.04578,10252.0,0.04577,5655.0,0.0458,19318.0,0.04581,7694.0
1753592001916,04:53:21.916,phemex,ACT/USDT:USDT,0.04578,10252.0,0.04577,5655.0,0.0458,19318.0,0.04581,7694.0
1753592001993,04:53:21.993,phemex,ACT/USDT:USDT,0.04578,10252.0,0.04577,5655.0,0.04579,2797.0,0.0458,19318.0
1753592003401,04:53:23.401,phemex,ACT/USDT:USDT,0.04578,10252.0,0.04577,5655.0,0.0458,19318.0,0.04581,7694.0
1753592003415,04:53:23.415,phemex,ACT/USDT:USDT,0.04578,10252.0,0.04577,5655.0,0.0458,19318.0,0.04581,7694.0
1753592003484,04:53:23.484,phemex,ACT/USDT:USDT,0.04579,2797.0,0.04578,10252.0,0.0458,19318.0,0.04581,7694.0
1753592003514,04:53:23.514,phemex,ACT/USDT:USDT,0.04578,10252.0,0.04577,5655.0,0.0458,19318.0,0.04581,7694.0
1753592003535,04:53:23.535,phemex,ACT/USDT:USDT,0.04578,10252.0,0.04577,5655.0,0.0458,19318.0,0.04581,7694.0
1753592003551,04:53:23.551,phemex,ACT/USDT:USDT,0.04579,2689.0,0.04578,10252.0,0.0458,19318.0,0.04581,7694.0
1753592005684,04:53:25.684,phemex,ACT/USDT:USDT,0.04578,10252.0,0.04577,5655.0,0.0458,19318.0,0.04581,7694.0
1753592005709,04:53:25.709,phemex,ACT/USDT:USDT,0.04579,2689.0,0.04578,10252.0,0.0458,19318.0,0.04581,7694.0
1753592006368,04:53:26.368,phemex,ACT/USDT:USDT,0.04579,2689.0,0.04578,10252.0,0.0458,19318.0,0.04581,7694.0
1753592006375,04:53:26.375,phemex,ACT/USDT:USDT,0.04579,2689.0,0.04578,10252.0,0.0458,19318.0,0.04581,7694.0
1753592006760,04:53:26.760,phemex,ACT/USDT:USDT,0.04579,2689.0,0.04578,10252.0,0.0458,16632.0,0.04581,7694.0
1753592007339,04:53:27.339,phemex,ACT/USDT:USDT,0.04579,2689.0,0.04578,10252.0,0.0458,9451.0,0.04581,7694.0
1753592007339,04:53:27.339,phemex,ACT/USDT:USDT,0.04579,2689.0,0.04578,10252.0,0.0458,2897.0,0.04581,7694.0
1753592007842,04:53:27.842,phemex,ACT/USDT:USDT,0.04579,2689.0,0.04578,10252.0,0.0458,2197.0,0.04581,7694.0
1753592009220,04:53:29.220,phemex,ACT/USDT:USDT,0.04579,2689.0,0.04578,10252.0,0.0458,2047.0,0.04581,7694.0
1753592012408,04:53:32.408,phemex,ACT/USDT:USDT,0.04579,10067.0,0.04578,3422.0,0.0458,6253.0,0.04581,7694.0
1753592012435,04:53:32.435,phemex,ACT/USDT:USDT,0.04579,10067.0,0.04578,6111.0,0.0458,6253.0,0.04581,7694.0
1753592014916,04:53:34.916,phemex,ACT/USDT:USDT,0.04579,10067.0,0.04578,6111.0,0.0458,6172.0,0.04581,7694.0
1753592015788,04:53:35.788,phemex,ACT/USDT:USDT,0.04579,10067.0,0.04578,6111.0,0.04582,2719.0,0.04583,15725.0
1753592015806,04:53:35.806,phemex,ACT/USDT:USDT,0.0458,2703.0,0.04579,10067.0,0.04582,2719.0,0.04583,15725.0
1753592017188,04:53:37.188,phemex,ACT/USDT:USDT,0.04579,10067.0,0.04578,6111.0,0.04582,2719.0,0.04583,15725.0
1753592017237,04:53:37.237,phemex,ACT/USDT:USDT,0.04579,10067.0,0.04578,6111.0,0.04582,2719.0,0.04583,15725.0
1753592017253,04:53:37.253,phemex,ACT/USDT:USDT,0.0458,2703.0,0.04579,10067.0,0.04582,2719.0,0.04583,15725.0
1753592017445,04:53:37.445,phemex,ACT/USDT:USDT,0.04579,10067.0,0.04578,6111.0,0.04582,2719.0,0.04583,15725.0
1753592017495,04:53:37.495,phemex,ACT/USDT:USDT,0.0458,2703.0,0.04579,10067.0,0.04582,2719.0,0.04583,15725.0
1753592017522,04:53:37.522,phemex,ACT/USDT:USDT,0.04579,10067.0,0.04578,6111.0,0.04582,2719.0,0.04583,15725.0
1753592017543,04:53:37.543,phemex,ACT/USDT:USDT,0.04579,10067.0,0.04578,6111.0,0.04582,2719.0,0.04583,15725.0
1753592017754,04:53:37.754,phemex,ACT/USDT:USDT,0.0458,2703.0,0.04579,10067.0,0.04582,2719.0,0.04583,15725.0
1753592017829,04:53:37.829,phemex,ACT/USDT:USDT,0.04579,10067.0,0.04578,6111.0,0.04582,2719.0,0.04583,15725.0
1753592017867,04:53:37.867,phemex,ACT/USDT:USDT,0.04579,10067.0,0.04578,6111.0,0.04582,2719.0,0.04583,15725.0
1753592018742,04:53:38.742,phemex,ACT/USDT:USDT,0.0458,2703.0,0.04579,10067.0,0.04582,2719.0,0.04583,15725.0
1753592019085,04:53:39.085,phemex,ACT/USDT:USDT,0.04579,10067.0,0.04578,6111.0,0.04582,2719.0,0.04583,15725.0
1753592019123,04:53:39.123,phemex,ACT/USDT:USDT,0.04579,10067.0,0.04578,6111.0,0.04582,2719.0,0.04583,15725.0
1753592019163,04:53:39.163,phemex,ACT/USDT:USDT,0.0458,2703.0,0.04579,10067.0,0.04582,2719.0,0.04583,15725.0
1753592020388,04:53:40.388,phemex,ACT/USDT:USDT,0.04579,10067.0,0.04578,6111.0,0.04582,2719.0,0.04583,15725.0
1753592020420,04:53:40.420,phemex,ACT/USDT:USDT,0.0458,2703.0,0.04579,10067.0,0.04582,2719.0,0.04583,15725.0
1753592020442,04:53:40.442,phemex,ACT/USDT:USDT,0.0458,7573.0,0.04579,14327.0,0.04582,2719.0,0.04583,15725.0
1753592020591,04:53:40.591,phemex,ACT/USDT:USDT,0.04581,2703.0,0.0458,7573.0,0.04582,2719.0,0.04583,15725.0
1753592020664,04:53:40.664,phemex,ACT/USDT:USDT,0.0458,7573.0,0.04579,14327.0,0.04582,2719.0,0.04583,15725.0
1753592020706,04:53:40.706,phemex,ACT/USDT:USDT,0.04581,2703.0,0.0458,7573.0,0.04582,2719.0,0.04583,15725.0
1753592021081,04:53:41.081,phemex,ACT/USDT:USDT,0.04581,2703.0,0.0458,2703.0,0.04582,2719.0,0.04583,7264.0
1753592021081,04:53:41.081,phemex,ACT/USDT:USDT,0.0458,2703.0,0.04579,2689.0,0.04582,2719.0,0.04583,7264.0
1753592021114,04:53:41.114,phemex,ACT/USDT:USDT,0.04579,2689.0,0.04578,2689.0,0.04582,2719.0,0.04583,7264.0
1753592021133,04:53:41.133,phemex,ACT/USDT:USDT,0.04578,2689.0,0.04577,14833.0,0.04582,2719.0,0.04583,7264.0
1753592021153,04:53:41.153,phemex,ACT/USDT:USDT,0.04578,2689.0,0.04577,14833.0,0.04582,2719.0,0.04583,7264.0
1753592027736,04:53:47.736,phemex,ACT/USDT:USDT,0.0458,8372.0,0.04579,7295.0,0.04581,6868.0,0.04582,8747.0
1753592027761,04:53:47.761,phemex,ACT/USDT:USDT,0.0458,8372.0,0.04579,7295.0,0.04581,6868.0,0.04582,8747.0
1753592027761,04:53:47.761,phemex,ACT/USDT:USDT,0.0458,8372.0,0.04579,7295.0,0.04581,6868.0,0.04582,8747.0
1753592034556,04:53:54.556,phemex,ACT/USDT:USDT,0.0458,8337.0,0.04579,7295.0,0.04581,6868.0,0.04582,8747.0
1753592044204,04:54:04.204,phemex,ACT/USDT:USDT,0.04583,7607.0,0.04582,7178.0,0.04585,5717.0,0.04586,16021.0
1753592044221,04:54:04.221,phemex,ACT/USDT:USDT,0.04584,2763.0,0.04583,7607.0,0.04585,5717.0,0.04586,16021.0
1753592044237,04:54:04.237,phemex,ACT/USDT:USDT,0.04583,7607.0,0.04582,7178.0,0.04585,5717.0,0.04586,16021.0
1753592044254,04:54:04.254,phemex,ACT/USDT:USDT,0.04583,7607.0,0.04582,7178.0,0.04584,2763.0,0.04585,5717.0
1753592044747,04:54:04.747,phemex,ACT/USDT:USDT,0.04583,7607.0,0.04582,7178.0,0.04585,5717.0,0.04586,16021.0
1753592044809,04:54:04.809,phemex,ACT/USDT:USDT,0.04583,7607.0,0.04582,7178.0,0.04584,2763.0,0.04585,5717.0
1753592044834,04:54:04.834,phemex,ACT/USDT:USDT,0.04583,7607.0,0.04582,7178.0,0.04585,5717.0,0.04586,16021.0
1753592044863,04:54:04.863,phemex,ACT/USDT:USDT,0.04583,7607.0,0.04582,7178.0,0.04585,5717.0,0.04586,16021.0
1753592044947,04:54:04.947,phemex,ACT/USDT:USDT,0.04583,7607.0,0.04582,7178.0,0.04584,2763.0,0.04585,5717.0
1753592044998,04:54:04.998,phemex,ACT/USDT:USDT,0.04583,7607.0,0.04582,7178.0,0.04585,5717.0,0.04586,16021.0
1753592045032,04:54:05.032,phemex,ACT/USDT:USDT,0.04583,7607.0,0.04582,7178.0,0.04584,2763.0,0.04585,5717.0
1753592045124,04:54:05.124,phemex,ACT/USDT:USDT,0.04583,7607.0,0.04582,7178.0,0.04584,2763.0,0.04585,5717.0
1753592045175,04:54:05.175,phemex,ACT/USDT:USDT,0.04583,7607.0,0.04582,7178.0,0.04585,5717.0,0.04586,16021.0
1753592045187,04:54:05.187,phemex,ACT/USDT:USDT,0.04583,7607.0,0.04582,7178.0,0.04585,5717.0,0.04586,16021.0
1753592045358,04:54:05.358,phemex,ACT/USDT:USDT,0.04583,7607.0,0.04582,7178.0,0.04584,2763.0,0.04585,5717.0
1753592045594,04:54:05.594,phemex,ACT/USDT:USDT,0.04583,7607.0,0.04582,7178.0,0.04585,5717.0,0.04586,16021.0
1753592045679,04:54:05.679,phemex,ACT/USDT:USDT,0.04583,7607.0,0.04582,7178.0,0.04584,2763.0,0.04585,5717.0
1753592045835,04:54:05.835,phemex,ACT/USDT:USDT,0.04583,7607.0,0.04582,7178.0,0.04585,5717.0,0.04586,16021.0
1753592045877,04:54:05.877,phemex,ACT/USDT:USDT,0.04583,7607.0,0.04582,7178.0,0.04585,5717.0,0.04586,16021.0
1753592045919,04:54:05.919,phemex,ACT/USDT:USDT,0.04583,7607.0,0.04582,7178.0,0.04584,2763.0,0.04585,5717.0
1753592045956,04:54:05.956,phemex,ACT/USDT:USDT,0.04583,7607.0,0.04582,7178.0,0.04585,5717.0,0.04586,16021.0
1753592045979,04:54:05.979,phemex,ACT/USDT:USDT,0.04583,7607.0,0.04582,7178.0,0.04585,5717.0,0.04586,16021.0
1753592046033,04:54:06.033,phemex,ACT/USDT:USDT,0.04583,7607.0,0.04582,7178.0,0.04584,2763.0,0.04585,5717.0
1753592046060,04:54:06.060,phemex,ACT/USDT:USDT,0.04583,7607.0,0.04582,7178.0,0.04585,5717.0,0.04586,16021.0
1753592046099,04:54:06.099,phemex,ACT/USDT:USDT,0.04583,7607.0,0.04582,7178.0,0.04584,2763.0,0.04585,5717.0
1753592046922,04:54:06.922,phemex,ACT/USDT:USDT,0.04583,6457.0,0.04582,7178.0,0.04584,2763.0,0.04585,5717.0
1753592047044,04:54:07.044,phemex,ACT/USDT:USDT,0.04583,6457.0,0.04582,7178.0,0.04585,5717.0,0.04586,16021.0
1753592047053,04:54:07.053,phemex,ACT/USDT:USDT,0.04583,6457.0,0.04582,7178.0,0.04584,2763.0,0.04585,5717.0
1753592050184,04:54:10.184,phemex,ACT/USDT:USDT,0.04583,6457.0,0.04582,7178.0,0.04584,2763.0,0.04585,5717.0
1753592050205,04:54:10.205,phemex,ACT/USDT:USDT,0.04583,6457.0,0.04582,7178.0,0.04585,5717.0,0.04586,9357.0
1753592050221,04:54:10.221,phemex,ACT/USDT:USDT,0.04584,2763.0,0.04583,6457.0,0.04585,5717.0,0.04586,9357.0
1753592050239,04:54:10.239,phemex,ACT/USDT:USDT,0.04584,6340.0,0.04583,10448.0,0.04585,5717.0,0.04586,9357.0
1753592050241,04:54:10.241,phemex,ACT/USDT:USDT,0.04584,3577.0,0.04583,10448.0,0.04585,5717.0,0.04586,9357.0
1753592050500,04:54:10.500,phemex,ACT/USDT:USDT,0.04584,3577.0,0.04583,10448.0,0.04585,2954.0,0.04586,9357.0
1753592051259,04:54:11.259,phemex,ACT/USDT:USDT,0.04584,3577.0,0.04583,10448.0,0.04585,2954.0,0.04586,9357.0
1753592051277,04:54:11.277,phemex,ACT/USDT:USDT,0.04584,3577.0,0.04583,10448.0,0.04585,5717.0,0.04586,9357.0
1753592053721,04:54:13.721,phemex,ACT/USDT:USDT,0.04584,3137.0,0.04583,10448.0,0.04585,5717.0,0.04586,9357.0
1753592055511,04:54:15.511,phemex,ACT/USDT:USDT,0.04584,3137.0,0.04583,10448.0,0.04585,5717.0,0.04586,9357.0
1753592056767,04:54:16.767,phemex,ACT/USDT:USDT,0.04584,2947.0,0.04583,10448.0,0.04585,5717.0,0.04586,9357.0
1753592061509,04:54:21.509,phemex,ACT/USDT:USDT,0.04584,2947.0,0.04583,10448.0,0.04585,5717.0,0.04586,9357.0
1753592065247,04:54:25.247,phemex,ACT/USDT:USDT,0.04584,2947.0,0.04583,10448.0,0.04585,5717.0,0.04586,9357.0
1753592065257,04:54:25.257,phemex,ACT/USDT:USDT,0.04584,2947.0,0.04583,10448.0,0.04585,5717.0,0.04586,9357.0
1753592065833,04:54:25.833,phemex,ACT/USDT:USDT,0.04584,2897.0,0.04583,10448.0,0.04585,5717.0,0.04586,9357.0
1753592066366,04:54:26.366,phemex,ACT/USDT:USDT,0.04584,2897.0,0.04583,10448.0,0.04585,2954.0,0.04586,9357.0
1753592076514,04:54:36.514,phemex,ACT/USDT:USDT,0.04584,2897.0,0.04583,10448.0,0.04585,2954.0,0.04586,9357.0
1753592076692,04:54:36.692,phemex,ACT/USDT:USDT,0.04581,10121.0,0.04579,10991.0,0.04585,6149.0,0.04586,2732.0
1753592076698,04:54:36.698,phemex,ACT/USDT:USDT,0.04581,10121.0,0.04579,10991.0,0.04585,8960.0,0.04586,2732.0
1753592076720,04:54:36.720,phemex,ACT/USDT:USDT,0.04581,10121.0,0.04579,10991.0,0.04584,2811.0,0.04585,8960.0
1753592076736,04:54:36.736,phemex,ACT/USDT:USDT,0.04581,10121.0,0.04579,10991.0,0.04584,2811.0,0.04585,12853.0
1753592076770,04:54:36.770,phemex,ACT/USDT:USDT,0.04581,10121.0,0.04579,10991.0,0.04584,2811.0,0.04585,12853.0
1753592076787,04:54:36.787,phemex,ACT/USDT:USDT,0.04582,2811.0,0.04581,10121.0,0.04584,2811.0,0.04585,12853.0
1753592076821,04:54:36.821,phemex,ACT/USDT:USDT,0.04582,2811.0,0.04581,10121.0,0.04584,2811.0,0.04585,12853.0
1753592076901,04:54:36.901,phemex,ACT/USDT:USDT,0.04582,2811.0,0.04581,10121.0,0.04584,2811.0,0.04585,12853.0
1753592076939,04:54:36.939,phemex,ACT/USDT:USDT,0.04582,2811.0,0.04581,10121.0,0.04584,2811.0,0.04585,12853.0
1753592076991,04:54:36.991,phemex,ACT/USDT:USDT,0.04582,2811.0,0.04581,10121.0,0.04584,2811.0,0.04585,12853.0
1753592079666,04:54:39.666,phemex,ACT/USDT:USDT,0.04581,10121.0,0.0458,2811.0,0.04584,2811.0,0.04585,12853.0
1753592079690,04:54:39.690,phemex,ACT/USDT:USDT,0.04582,2811.0,0.04581,10121.0,0.04584,2811.0,0.04585,12853.0
1753592080316,04:54:40.316,phemex,ACT/USDT:USDT,0.04581,10121.0,0.0458,2811.0,0.04584,2811.0,0.04585,12853.0
1753592080358,04:54:40.358,phemex,ACT/USDT:USDT,0.04581,13421.0,0.0458,2811.0,0.04584,2811.0,0.04585,12853.0
1753592081990,04:54:41.990,phemex,ACT/USDT:USDT,0.04581,4564.0,0.0458,9958.0,0.04583,13321.0,0.04584,7028.0
1753592081999,04:54:41.999,phemex,ACT/USDT:USDT,0.04581,4564.0,0.0458,9958.0,0.04582,2811.0,0.04583,13321.0
1753592082003,04:54:42.003,phemex,ACT/USDT:USDT,0.04581,4564.0,0.0458,9958.0,0.04582,2811.0,0.04583,13321.0
1753592082106,04:54:42.106,phemex,ACT/USDT:USDT,0.04581,4564.0,0.0458,9958.0,0.04582,2811.0,0.04583,13321.0
1753592082122,04:54:42.122,phemex,ACT/USDT:USDT,0.04581,4564.0,0.0458,9958.0,0.04582,2811.0,0.04583,13321.0
1753592082373,04:54:42.373,phemex,ACT/USDT:USDT,0.04581,4564.0,0.0458,9958.0,0.04582,2811.0,0.04583,13321.0
1753592082407,04:54:42.407,phemex,ACT/USDT:USDT,0.04581,4564.0,0.0458,9958.0,0.04582,2811.0,0.04583,13321.0
1753592082651,04:54:42.651,phemex,ACT/USDT:USDT,0.04581,4564.0,0.0458,7147.0,0.04582,2811.0,0.04583,13321.0
1753592083649,04:54:43.649,phemex,ACT/USDT:USDT,0.04581,3664.0,0.0458,7147.0,0.04582,2811.0,0.04583,13321.0
1753592086441,04:54:46.441,phemex,ACT/USDT:USDT,0.04581,3664.0,0.0458,7147.0,0.04582,2811.0,0.04583,13321.0
1753592086483,04:54:46.483,phemex,ACT/USDT:USDT,0.04581,3664.0,0.0458,7147.0,0.04582,2811.0,0.04583,13321.0
1753592088394,04:54:48.394,phemex,ACT/USDT:USDT,0.04581,3664.0,0.0458,10996.0,0.04582,5500.0,0.04583,7676.0
1753592090937,04:54:50.937,phemex,ACT/USDT:USDT,0.04581,3519.0,0.0458,10996.0,0.04582,5500.0,0.04583,7676.0
1753592090937,04:54:50.937,phemex,ACT/USDT:USDT,0.04581,3519.0,0.0458,10996.0,0.04582,5500.0,0.04583,7676.0
1753592097513,04:54:57.513,phemex,ACT/USDT:USDT,0.04581,3519.0,0.0458,10996.0,0.04582,5500.0,0.04583,7676.0
1753592098534,04:54:58.534,phemex,ACT/USDT:USDT,0.04581,3519.0,0.0458,10996.0,0.04582,2689.0,0.04583,7676.0
1753592099014,04:54:59.014,phemex,ACT/USDT:USDT,0.04581,6239.0,0.0458,10996.0,0.04582,2689.0,0.04583,7676.0
1753592099036,04:54:59.036,phemex,ACT/USDT:USDT,0.04581,9376.0,0.0458,4352.0,0.04583,2843.0,0.04584,5433.0
1753592099055,04:54:59.055,phemex,ACT/USDT:USDT,0.04582,6486.0,0.04581,9376.0,0.04583,2843.0,0.04584,5433.0
1753592099073,04:54:59.073,phemex,ACT/USDT:USDT,0.04582,3766.0,0.04581,9376.0,0.04583,2843.0,0.04584,5433.0
1753592099681,04:54:59.681,phemex,ACT/USDT:USDT,0.04582,3766.0,0.04581,9376.0,0.04583,2843.0,0.04584,5433.0
1753592099695,04:54:59.695,phemex,ACT/USDT:USDT,0.04582,3766.0,0.04581,9376.0,0.04583,2843.0,0.04584,5433.0
1753592100229,04:55:00.229,phemex,ACT/USDT:USDT,0.04582,3766.0,0.04581,9376.0,0.04583,5563.0,0.04584,5433.0
1753592101405,04:55:01.405,phemex,ACT/USDT:USDT,0.04582,3704.0,0.04581,9376.0,0.04583,5563.0,0.04584,5433.0
1753592101462,04:55:01.462,phemex,ACT/USDT:USDT,0.04582,3704.0,0.04581,9376.0,0.04583,2843.0,0.04584,5433.0
1753592104661,04:55:04.661,phemex,ACT/USDT:USDT,0.04582,8514.0,0.04581,9376.0,0.04583,2843.0,0.04584,5433.0
1753592108751,04:55:08.751,phemex,ACT/USDT:USDT,0.04582,8514.0,0.04581,9376.0,0.04584,6236.0,0.04585,6970.0
1753592108762,04:55:08.762,phemex,ACT/USDT:USDT,0.04583,2725.0,0.04582,8514.0,0.04584,6236.0,0.04585,6970.0
1753592108805,04:55:08.805,phemex,ACT/USDT:USDT,0.04583,2725.0,0.04582,8514.0,0.04584,3425.0,0.04585,6970.0
1753592108944,04:55:08.944,phemex,ACT/USDT:USDT,0.04583,7610.0,0.04582,8514.0,0.04584,3425.0,0.04585,6970.0
1753592109892,04:55:09.892,phemex,ACT/USDT:USDT,0.04583,7610.0,0.04582,11259.0,0.04584,3425.0,0.04585,6970.0
1753592111571,04:55:11.571,phemex,ACT/USDT:USDT,0.04583,4885.0,0.04582,11259.0,0.04584,3425.0,0.04585,6970.0
1753592112822,04:55:12.822,phemex,ACT/USDT:USDT,0.04581,2720.0,0.0458,15446.0,0.04584,6150.0,0.04585,6970.0
1753592112844,04:55:12.844,phemex,ACT/USDT:USDT,0.04581,2720.0,0.0458,15446.0,0.04583,2725.0,0.04584,6150.0
1753592118507,04:55:18.507,phemex,ACT/USDT:USDT,0.04581,2720.0,0.0458,15446.0,0.04583,2725.0,0.04584,6150.0
1753592123182,04:55:23.182,phemex,ACT/USDT:USDT,0.04581,16872.0,0.0458,15446.0,0.04583,9013.0,0.04584,8826.0
1753592123201,04:55:23.201,phemex,ACT/USDT:USDT,0.04581,16872.0,0.0458,15446.0,0.04583,9013.0,0.04584,8826.0
1753592123211,04:55:23.211,phemex,ACT/USDT:USDT,0.04581,16872.0,0.0458,15446.0,0.04583,9013.0,0.04584,8826.0
1753592123275,04:55:23.275,phemex,ACT/USDT:USDT,0.04581,16872.0,0.0458,15446.0,0.04583,9013.0,0.04584,8826.0
1753592123313,04:55:23.313,phemex,ACT/USDT:USDT,0.04581,16872.0,0.0458,15446.0,0.04582,2729.0,0.04583,9013.0
1753592123384,04:55:23.384,phemex,ACT/USDT:USDT,0.04581,2720.0,0.0458,2720.0,0.04582,2729.0,0.04583,2725.0
1753592123396,04:55:23.396,phemex,ACT/USDT:USDT,0.0458,2720.0,0.04579,20706.0,0.04582,2729.0,0.04583,2725.0
1753592123416,04:55:23.416,phemex,ACT/USDT:USDT,0.0458,2720.0,0.04579,20706.0,0.04582,2729.0,0.04583,2725.0
1753592123453,04:55:23.453,phemex,ACT/USDT:USDT,0.0458,2720.0,0.04579,20706.0,0.04583,2725.0,0.04584,2725.0
1753592123498,04:55:23.498,phemex,ACT/USDT:USDT,0.0458,2720.0,0.04579,20706.0,0.04584,2725.0,0.04585,7511.0
1753592123520,04:55:23.520,phemex,ACT/USDT:USDT,0.0458,2720.0,0.04579,20706.0,0.04584,2725.0,0.04585,7511.0
1753592125532,04:55:25.532,phemex,ACT/USDT:USDT,0.0458,2720.0,0.04579,20706.0,0.04584,2725.0,0.04585,7511.0
1753592125550,04:55:25.550,phemex,ACT/USDT:USDT,0.0458,2720.0,0.04579,20706.0,0.04584,2725.0,0.04585,7511.0
1753592125570,04:55:25.570,phemex,ACT/USDT:USDT,0.0458,2720.0,0.04579,20706.0,0.04584,2725.0,0.04585,7511.0
1753592135940,04:55:35.940,phemex,ACT/USDT:USDT,0.04582,11120.0,0.04581,3107.0,0.04584,16869.0,0.04585,7511.0
1753592135970,04:55:35.970,phemex,ACT/USDT:USDT,0.04582,11120.0,0.04581,3107.0,0.04583,2777.0,0.04584,16869.0
1753592135988,04:55:35.988,phemex,ACT/USDT:USDT,0.04582,11120.0,0.04581,3107.0,0.04583,2777.0,0.04584,16869.0
1753592136318,04:55:36.318,phemex,ACT/USDT:USDT,0.04582,11120.0,0.04581,3107.0,0.04583,2777.0,0.04584,16869.0
1753592144002,04:55:44.002,phemex,ACT/USDT:USDT,0.04582,10990.0,0.04581,3107.0,0.04583,2777.0,0.04584,16869.0
1753592144296,04:55:44.296,phemex,ACT/USDT:USDT,0.04582,10990.0,0.04581,5792.0,0.04583,2777.0,0.04584,16869.0
1753592146294,04:55:46.294,phemex,ACT/USDT:USDT,0.04582,10990.0,0.04581,5792.0,0.04584,16869.0,0.04585,13788.0
1753592146314,04:55:46.314,phemex,ACT/USDT:USDT,0.04582,10990.0,0.04581,5792.0,0.04584,16869.0,0.04585,7511.0
1753592146350,04:55:46.350,phemex,ACT/USDT:USDT,0.04582,10990.0,0.04581,5792.0,0.04583,2685.0,0.04584,16869.0
1753592146369,04:55:46.369,phemex,ACT/USDT:USDT,0.04582,10990.0,0.04581,5792.0,0.04583,2685.0,0.04584,16869.0
1753592146382,04:55:46.382,phemex,ACT/USDT:USDT,0.04582,10990.0,0.04581,5792.0,0.04584,16869.0,0.04585,13788.0
1753592146416,04:55:46.416,phemex,ACT/USDT:USDT,0.04582,10990.0,0.04581,5792.0,0.04583,2685.0,0.04584,16869.0
1753592146436,04:55:46.436,phemex,ACT/USDT:USDT,0.04582,10990.0,0.04581,5792.0,0.04583,2685.0,0.04584,16869.0
1753592149504,04:55:49.504,phemex,ACT/USDT:USDT,0.04582,10919.0,0.04581,5792.0,0.04583,2685.0,0.04584,16869.0
1753592149504,04:55:49.504,phemex,ACT/USDT:USDT,0.04582,10919.0,0.04581,5792.0,0.04583,2685.0,0.04584,16869.0
1753592154510,04:55:54.510,phemex,ACT/USDT:USDT,0.04582,10919.0,0.04581,5792.0,0.04583,2685.0,0.04584,16869.0
1753592154581,04:55:54.581,phemex,ACT/USDT:USDT,0.04582,10919.0,0.04581,5792.0,0.04583,2685.0,0.04584,16869.0
1753592155513,04:55:55.513,phemex,ACT/USDT:USDT,0.04582,10919.0,0.04581,5792.0,0.04584,2725.0,0.04585,11837.0
1753592155527,04:55:55.527,phemex,ACT/USDT:USDT,0.04582,10919.0,0.04581,5792.0,0.04585,11837.0,0.04586,2732.0
1753592155551,04:55:55.551,phemex,ACT/USDT:USDT,0.04583,2768.0,0.04582,10919.0,0.04585,11837.0,0.04586,2732.0
1753592155573,04:55:55.573,phemex,ACT/USDT:USDT,0.04584,11986.0,0.04583,6401.0,0.04586,5605.0,0.04587,16424.0
1753592155588,04:55:55.588,phemex,ACT/USDT:USDT,0.04584,11986.0,0.04583,6401.0,0.04586,5605.0,0.04587,10147.0
1753592155605,04:55:55.605,phemex,ACT/USDT:USDT,0.04584,11986.0,0.04583,6401.0,0.04586,2873.0,0.04587,10147.0
1753592155639,04:55:55.639,phemex,ACT/USDT:USDT,0.04585,2768.0,0.04584,11986.0,0.04586,2873.0,0.04587,10147.0
1753592155915,04:55:55.915,phemex,ACT/USDT:USDT,0.04585,2768.0,0.04584,11986.0,0.04587,6573.0,0.04589,16562.0
1753592155925,04:55:55.925,phemex,ACT/USDT:USDT,0.04585,2768.0,0.04584,11986.0,0.04587,6573.0,0.04589,16562.0
1753592156424,04:55:56.424,phemex,ACT/USDT:USDT,0.04585,2768.0,0.04584,11986.0,0.04587,3853.0,0.04588,2768.0
1753592157699,04:55:57.699,phemex,ACT/USDT:USDT,0.04585,2768.0,0.04584,11986.0,0.04587,3853.0,0.04588,2768.0
1753592157709,04:55:57.709,phemex,ACT/USDT:USDT,0.04585,2768.0,0.04584,11986.0,0.04587,3853.0,0.04588,2768.0
1753592158415,04:55:58.415,phemex,ACT/USDT:USDT,0.04585,2768.0,0.04584,11986.0,0.04588,3349.0,0.04589,6263.0
1753592160488,04:56:00.488,phemex,ACT/USDT:USDT,0.04585,2768.0,0.04584,11986.0,0.04588,3349.0,0.04589,6263.0
1753592161855,04:56:01.855,phemex,ACT/USDT:USDT,0.04587,11873.0,0.04586,3829.0,0.04588,3349.0,0.04589,6263.0
1753592161884,04:56:01.884,phemex,ACT/USDT:USDT,0.04587,11873.0,0.04586,3829.0,0.04588,3349.0,0.04589,6263.0
1753592161907,04:56:01.907,phemex,ACT/USDT:USDT,0.04587,11873.0,0.04586,6597.0,0.04588,3349.0,0.04589,6263.0
1753592162070,04:56:02.070,phemex,ACT/USDT:USDT,0.04587,11873.0,0.04586,6597.0,0.04589,6263.0,0.0459,2720.0
1753592162094,04:56:02.094,phemex,ACT/USDT:USDT,0.04588,2768.0,0.04587,11873.0,0.04589,6263.0,0.0459,2720.0
1753592162131,04:56:02.131,phemex,ACT/USDT:USDT,0.04587,11873.0,0.04586,6597.0,0.04589,6263.0,0.0459,2720.0
1753592162168,04:56:02.168,phemex,ACT/USDT:USDT,0.04588,1067.0,0.04587,11873.0,0.04589,2721.0,0.0459,2720.0
1753592162185,04:56:02.185,phemex,ACT/USDT:USDT,0.04587,11873.0,0.04586,6597.0,0.0459,2720.0,0.04591,12354.0
1753592162248,04:56:02.248,phemex,ACT/USDT:USDT,0.04587,11873.0,0.04586,6597.0,0.0459,2720.0,0.04591,12354.0
1753592167176,04:56:07.176,phemex,ACT/USDT:USDT,0.04587,10923.0,0.04586,6597.0,0.0459,2720.0,0.04591,12354.0
1753592167453,04:56:07.453,phemex,ACT/USDT:USDT,0.04588,3933.0,0.04587,5903.0,0.04589,4550.0,0.0459,14948.0
1753592167482,04:56:07.482,phemex,ACT/USDT:USDT,0.04588,3933.0,0.04587,5903.0,0.04589,4550.0,0.0459,14948.0
1753592167498,04:56:07.498,phemex,ACT/USDT:USDT,0.04588,3933.0,0.04587,5903.0,0.04589,4550.0,0.0459,14948.0
1753592172176,04:56:12.176,phemex,ACT/USDT:USDT,0.04588,3290.0,0.04587,5903.0,0.04589,4550.0,0.0459,14948.0
1753592174278,04:56:14.278,phemex,ACT/USDT:USDT,0.04588,3290.0,0.04587,2661.0,0.0459,2720.0,0.04591,7437.0
1753592174288,04:56:14.288,phemex,ACT/USDT:USDT,0.04588,3290.0,0.04587,5451.0,0.0459,2720.0,0.04591,7437.0
1753592174475,04:56:14.475,phemex,ACT/USDT:USDT,0.04588,6767.0,0.04587,5451.0,0.0459,2720.0,0.04591,7437.0
1753592178970,04:56:18.970,phemex,ACT/USDT:USDT,0.04588,6217.0,0.04587,5451.0,0.0459,2720.0,0.04591,7437.0
1753592180486,04:56:20.486,phemex,ACT/USDT:USDT,0.04589,4892.0,0.04588,10920.0,0.0459,6005.0,0.04591,7437.0
1753592181044,04:56:21.044,phemex,ACT/USDT:USDT,0.04589,4892.0,0.04588,10920.0,0.0459,6005.0,0.04591,7437.0
1753592182765,04:56:22.765,phemex,ACT/USDT:USDT,0.04589,4892.0,0.04588,10920.0,0.0459,6005.0,0.04591,7437.0
1753592182770,04:56:22.770,phemex,ACT/USDT:USDT,0.04589,4892.0,0.04588,10920.0,0.0459,3285.0,0.04591,7437.0
1753592184894,04:56:24.894,phemex,ACT/USDT:USDT,0.04589,4892.0,0.04588,10920.0,0.0459,3132.0,0.04591,7437.0
1753592190510,04:56:30.510,phemex,ACT/USDT:USDT,0.04589,4892.0,0.04588,10920.0,0.0459,3132.0,0.04591,7437.0
1753592190540,04:56:30.540,phemex,ACT/USDT:USDT,0.04589,4892.0,0.04588,10920.0,0.0459,3132.0,0.04591,7437.0
1753592194589,04:56:34.589,phemex,ACT/USDT:USDT,0.04589,4892.0,0.04588,10920.0,0.0459,3032.0,0.04591,7437.0
1753592199294,04:56:39.294,phemex,ACT/USDT:USDT,0.04589,4892.0,0.04588,10920.0,0.04591,6901.0,0.04592,8006.0
1753592199310,04:56:39.310,phemex,ACT/USDT:USDT,0.04589,4892.0,0.04588,8774.0,0.04591,4133.0,0.04592,3751.0
1753592199338,04:56:39.338,phemex,ACT/USDT:USDT,0.04589,4892.0,0.04588,8774.0,0.04591,4133.0,0.04592,3751.0
1753592199373,04:56:39.373,phemex,ACT/USDT:USDT,0.0459,2872.0,0.04589,4892.0,0.04592,6895.0,0.04593,2729.0
1753592199386,04:56:39.386,phemex,ACT/USDT:USDT,0.0459,2872.0,0.04589,4892.0,0.04592,6895.0,0.04593,2729.0
1753592199403,04:56:39.403,phemex,ACT/USDT:USDT,0.0459,2872.0,0.04589,4892.0,0.04592,6895.0,0.04593,2729.0
1753592200042,04:56:40.042,phemex,ACT/USDT:USDT,0.0459,2872.0,0.04589,4892.0,0.04592,6445.0,0.04593,2729.0
1753592200574,04:56:40.574,phemex,ACT/USDT:USDT,0.0459,2872.0,0.04589,4892.0,0.04591,2748.0,0.04592,6445.0
1753592200955,04:56:40.955,phemex,ACT/USDT:USDT,0.0459,2872.0,0.04589,4892.0,0.04591,2748.0,0.04592,6445.0
1753592201293,04:56:41.293,phemex,ACT/USDT:USDT,0.0459,5620.0,0.04589,7640.0,0.04592,6445.0,0.04593,2729.0
1753592201330,04:56:41.330,phemex,ACT/USDT:USDT,0.0459,5620.0,0.04589,7640.0,0.04592,6445.0,0.04593,2729.0
1753592201418,04:56:41.418,phemex,ACT/USDT:USDT,0.0459,5620.0,0.04589,7640.0,0.04591,2748.0,0.04592,6445.0
1753592203614,04:56:43.614,phemex,ACT/USDT:USDT,0.0459,5620.0,0.04589,7640.0,0.04592,6445.0,0.04593,2729.0
1753592203637,04:56:43.637,phemex,ACT/USDT:USDT,0.0459,5620.0,0.04589,7640.0,0.04592,6445.0,0.04593,2729.0
1753592204188,04:56:44.188,phemex,ACT/USDT:USDT,0.0459,5620.0,0.04589,7640.0,0.04591,2732.0,0.04592,6445.0
1753592204210,04:56:44.210,phemex,ACT/USDT:USDT,0.0459,5620.0,0.04589,7640.0,0.04592,6445.0,0.04593,2729.0
1753592204247,04:56:44.247,phemex,ACT/USDT:USDT,0.0459,5620.0,0.04589,7640.0,0.04592,6445.0,0.04593,2729.0
1753592204476,04:56:44.476,phemex,ACT/USDT:USDT,0.0459,5620.0,0.04589,7640.0,0.04591,2732.0,0.04592,6445.0
1753592204488,04:56:44.488,phemex,ACT/USDT:USDT,0.0459,5620.0,0.04589,7640.0,0.04591,2732.0,0.04592,6445.0
1753592204525,04:56:44.525,phemex,ACT/USDT:USDT,0.0459,5620.0,0.04589,7640.0,0.04592,6445.0,0.04593,2729.0
1753592204551,04:56:44.551,phemex,ACT/USDT:USDT,0.0459,5620.0,0.04589,7640.0,0.04592,6445.0,0.04593,2729.0
1753592205082,04:56:45.082,phemex,ACT/USDT:USDT,0.04591,8257.0,0.0459,9679.0,0.04592,6445.0,0.04593,2729.0
1753592205293,04:56:45.293,phemex,ACT/USDT:USDT,0.04591,8257.0,0.0459,9679.0,0.04592,6445.0,0.04593,2729.0
1753592205803,04:56:45.803,phemex,ACT/USDT:USDT,0.04591,8257.0,0.0459,9679.0,0.04593,9885.0,0.04595,16387.0
1753592205803,04:56:45.803,phemex,ACT/USDT:USDT,0.04591,8257.0,0.0459,9679.0,0.04593,9885.0,0.04595,16387.0
1753592205838,04:56:45.838,phemex,ACT/USDT:USDT,0.04591,8257.0,0.0459,9679.0,0.04593,9885.0,0.04595,10110.0
1753592206132,04:56:46.132,phemex,ACT/USDT:USDT,0.04591,6839.0,0.0459,9679.0,0.04593,2732.0,0.04594,6798.0
1753592209724,04:56:49.724,phemex,ACT/USDT:USDT,0.04591,6839.0,0.0459,9679.0,0.04594,6798.0,0.04595,6595.0
1753592209767,04:56:49.767,phemex,ACT/USDT:USDT,0.04591,6839.0,0.0459,9679.0,0.04593,2732.0,0.04594,6798.0
1753592209859,04:56:49.859,phemex,ACT/USDT:USDT,0.04591,6839.0,0.0459,9679.0,0.04594,6798.0,0.04595,6595.0
1753592209956,04:56:49.956,phemex,ACT/USDT:USDT,0.04591,6839.0,0.0459,9679.0,0.04593,2732.0,0.04594,6798.0
1753592210042,04:56:50.042,phemex,ACT/USDT:USDT,0.04591,6839.0,0.0459,9679.0,0.04594,6798.0,0.04595,6595.0
1753592210180,04:56:50.180,phemex,ACT/USDT:USDT,0.04591,6839.0,0.0459,9679.0,0.04593,2732.0,0.04594,6798.0
1753592210464,04:56:50.464,phemex,ACT/USDT:USDT,0.04592,8073.0,0.04591,10953.0,0.04593,2732.0,0.04594,6798.0
1753592211015,04:56:51.015,phemex,ACT/USDT:USDT,0.04592,8073.0,0.04591,10953.0,0.04594,6798.0,0.04595,6595.0
1753592211111,04:56:51.111,phemex,ACT/USDT:USDT,0.04592,8073.0,0.04591,10953.0,0.04593,2732.0,0.04594,6798.0
1753592211111,04:56:51.111,phemex,ACT/USDT:USDT,0.04592,8073.0,0.04591,10953.0,0.04593,2732.0,0.04594,6798.0
1753592214585,04:56:54.585,phemex,ACT/USDT:USDT,0.04592,7873.0,0.04591,10953.0,0.04593,2732.0,0.04594,6798.0
1753592215648,04:56:55.648,phemex,ACT/USDT:USDT,0.04592,7873.0,0.04591,8221.0,0.04593,2732.0,0.04594,6798.0
1753592215715,04:56:55.715,phemex,ACT/USDT:USDT,0.0459,2748.0,0.04589,7640.0,0.04593,2732.0,0.04594,6798.0
1753592215726,04:56:55.726,phemex,ACT/USDT:USDT,0.0459,2748.0,0.04589,7640.0,0.04593,2732.0,0.04594,6798.0
1753592217945,04:56:57.945,phemex,ACT/USDT:USDT,0.0459,2748.0,0.04589,7640.0,0.04593,2732.0,0.04594,6798.0
1753592217999,04:56:57.999,phemex,ACT/USDT:USDT,0.0459,2748.0,0.04589,7640.0,0.04593,2732.0,0.04594,6798.0
1753592220551,04:57:00.551,phemex,ACT/USDT:USDT,0.04589,7640.0,0.04587,16221.0,0.04593,2732.0,0.04594,6798.0
1753592220568,04:57:00.568,phemex,ACT/USDT:USDT,0.04589,7640.0,0.04587,16221.0,0.04593,6031.0,0.04594,6798.0
1753592220589,04:57:00.589,phemex,ACT/USDT:USDT,0.04589,7640.0,0.04587,16221.0,0.04593,6031.0,0.04594,6798.0
1753592220620,04:57:00.620,phemex,ACT/USDT:USDT,0.04589,7640.0,0.04587,16221.0,0.04592,2757.0,0.04593,6031.0
1753592220763,04:57:00.763,phemex,ACT/USDT:USDT,0.04591,3956.0,0.0459,3923.0,0.04592,2757.0,0.04593,9069.0
1753592220823,04:57:00.823,phemex,ACT/USDT:USDT,0.04591,3806.0,0.0459,3923.0,0.04592,2757.0,0.04593,9069.0
1753592222161,04:57:02.161,phemex,ACT/USDT:USDT,0.04591,12769.0,0.0459,3923.0,0.04592,2757.0,0.04593,9069.0
1753592222678,04:57:02.678,phemex,ACT/USDT:USDT,0.04591,12769.0,0.0459,3923.0,0.04592,2757.0,0.04593,9069.0
1753592223243,04:57:03.243,phemex,ACT/USDT:USDT,0.04589,2696.0,0.04588,11936.0,0.04592,2757.0,0.04593,9069.0
1753592223285,04:57:03.285,phemex,ACT/USDT:USDT,0.04588,2757.0,0.04587,6930.0,0.04592,2757.0,0.04593,9069.0
1753592223359,04:57:03.359,phemex,ACT/USDT:USDT,0.04587,6930.0,0.04586,10392.0,0.04592,2757.0,0.04593,9069.0
1753592223679,04:57:03.679,phemex,ACT/USDT:USDT,0.04588,2796.0,0.04587,6930.0,0.04592,2757.0,0.04593,9069.0
1753592223704,04:57:03.704,phemex,ACT/USDT:USDT,0.04587,6930.0,0.04586,10392.0,0.04592,2757.0,0.04593,9069.0
1753592223743,04:57:03.743,phemex,ACT/USDT:USDT,0.04587,6930.0,0.04586,10392.0,0.04592,2757.0,0.04593,9069.0
1753592223776,04:57:03.776,phemex,ACT/USDT:USDT,0.04588,2796.0,0.04587,6930.0,0.04592,2757.0,0.04593,9069.0
1753592223982,04:57:03.982,phemex,ACT/USDT:USDT,0.04587,6930.0,0.04586,10392.0,0.04592,2757.0,0.04593,9069.0
1753592224030,04:57:04.030,phemex,ACT/USDT:USDT,0.04588,2796.0,0.04587,6930.0,0.04592,2757.0,0.04593,9069.0
1753592224505,04:57:04.505,phemex,ACT/USDT:USDT,0.04587,6930.0,0.04586,10392.0,0.04592,2757.0,0.04593,9069.0
1753592224513,04:57:04.513,phemex,ACT/USDT:USDT,0.04587,6930.0,0.04586,10392.0,0.04592,2757.0,0.04593,9069.0
1753592224644,04:57:04.644,phemex,ACT/USDT:USDT,0.04588,2796.0,0.04587,6930.0,0.04592,2757.0,0.04593,9069.0
1753592224703,04:57:04.703,phemex,ACT/USDT:USDT,0.04587,6930.0,0.04586,10392.0,0.04592,2757.0,0.04593,9069.0
1753592224771,04:57:04.771,phemex,ACT/USDT:USDT,0.04587,6930.0,0.04586,10392.0,0.04592,2757.0,0.04593,9069.0
1753592224955,04:57:04.955,phemex,ACT/USDT:USDT,0.04588,2796.0,0.04587,6930.0,0.04592,2757.0,0.04593,9069.0
1753592225116,04:57:05.116,phemex,ACT/USDT:USDT,0.04588,2796.0,0.04587,6930.0,0.04592,2757.0,0.04593,9069.0
1753592225142,04:57:05.142,phemex,ACT/USDT:USDT,0.04588,2796.0,0.04587,6930.0,0.04592,2757.0,0.04593,9069.0
1753592230805,04:57:10.805,phemex,ACT/USDT:USDT,0.04588,11233.0,0.04587,11712.0,0.04589,2997.0,0.0459,10981.0
1753592230819,04:57:10.819,phemex,ACT/USDT:USDT,0.04588,11233.0,0.04587,11712.0,0.04589,2997.0,0.0459,10981.0
1753592230830,04:57:10.830,phemex,ACT/USDT:USDT,0.04588,11233.0,0.04587,11712.0,0.04589,2997.0,0.0459,10981.0
1753592231274,04:57:11.274,phemex,ACT/USDT:USDT,0.04588,11233.0,0.04587,11712.0,0.04589,2997.0,0.0459,10981.0
1753592231285,04:57:11.285,phemex,ACT/USDT:USDT,0.04588,11233.0,0.04587,11712.0,0.04589,2997.0,0.0459,10981.0
1753592233590,04:57:13.590,phemex,ACT/USDT:USDT,0.04588,8437.0,0.04587,11712.0,0.04589,2997.0,0.0459,10981.0
1753592235511,04:57:15.511,phemex,ACT/USDT:USDT,0.04588,8437.0,0.04587,11712.0,0.04589,2997.0,0.0459,10981.0
1753592235529,04:57:15.529,phemex,ACT/USDT:USDT,0.04588,8437.0,0.04587,11712.0,0.04589,2997.0,0.0459,10981.0
1753592236948,04:57:16.948,phemex,ACT/USDT:USDT,0.04588,8437.0,0.04587,11712.0,0.04589,2997.0,0.0459,10981.0
1753592236959,04:57:16.959,phemex,ACT/USDT:USDT,0.04588,8437.0,0.04587,11712.0,0.04589,2997.0,0.0459,10981.0
1753592237764,04:57:17.764,phemex,ACT/USDT:USDT,0.04588,7397.0,0.04587,11712.0,0.04589,2997.0,0.0459,10981.0
1753592241068,04:57:21.068,phemex,ACT/USDT:USDT,0.04588,7397.0,0.04587,11712.0,0.04589,2907.0,0.0459,10981.0
1753592241344,04:57:21.344,phemex,ACT/USDT:USDT,0.04588,7397.0,0.04587,11712.0,0.04589,2907.0,0.0459,10981.0
1753592241356,04:57:21.356,phemex,ACT/USDT:USDT,0.04588,7397.0,0.04587,11712.0,0.04589,2907.0,0.0459,10981.0
1753592241401,04:57:21.401,phemex,ACT/USDT:USDT,0.04588,7397.0,0.04587,11712.0,0.04589,2907.0,0.0459,10981.0
1753592246965,04:57:26.965,phemex,ACT/USDT:USDT,0.04588,7397.0,0.04587,11712.0,0.04589,2877.0,0.0459,10981.0
1753592250512,04:57:30.512,phemex,ACT/USDT:USDT,0.04588,7397.0,0.04587,11712.0,0.04589,2877.0,0.0459,10981.0
1753592260367,04:57:40.367,phemex,ACT/USDT:USDT,0.04588,7397.0,0.04587,11712.0,0.04591,11315.0,0.04592,2757.0
1753592260387,04:57:40.387,phemex,ACT/USDT:USDT,0.04589,6305.0,0.04588,10162.0,0.04591,11315.0,0.04592,9034.0
1753592260400,04:57:40.400,phemex,ACT/USDT:USDT,0.04589,6305.0,0.04588,10162.0,0.0459,2731.0,0.04591,11315.0
1753592260433,04:57:40.433,phemex,ACT/USDT:USDT,0.04589,6305.0,0.04588,10162.0,0.04591,11315.0,0.04592,2757.0
1753592260483,04:57:40.483,phemex,ACT/USDT:USDT,0.04589,6305.0,0.04588,10162.0,0.04591,11315.0,0.04592,2757.0
1753592260506,04:57:40.506,phemex,ACT/USDT:USDT,0.04589,6305.0,0.04588,10162.0,0.0459,2731.0,0.04591,11315.0
1753592260537,04:57:40.537,phemex,ACT/USDT:USDT,0.04589,6305.0,0.04588,10162.0,0.0459,2731.0,0.04591,11315.0
1753592260544,04:57:40.544,phemex,ACT/USDT:USDT,0.04589,6305.0,0.04588,10162.0,0.0459,2731.0,0.04591,11315.0
1753592264298,04:57:44.298,phemex,ACT/USDT:USDT,0.04589,3574.0,0.04588,10162.0,0.0459,2731.0,0.04591,11315.0
1753592268434,04:57:48.434,phemex,ACT/USDT:USDT,0.04589,3379.0,0.04588,10162.0,0.0459,2731.0,0.04591,11315.0
1753592268434,04:57:48.434,phemex,ACT/USDT:USDT,0.04589,3379.0,0.04588,10162.0,0.0459,2731.0,0.04591,11315.0
1753592278518,04:57:58.518,phemex,ACT/USDT:USDT,0.04589,3379.0,0.04588,10162.0,0.0459,2731.0,0.04591,11315.0
1753592278531,04:57:58.531,phemex,ACT/USDT:USDT,0.04589,3379.0,0.04588,10162.0,0.0459,2731.0,0.04591,11315.0
1753592278572,04:57:58.572,phemex,ACT/USDT:USDT,0.04589,3379.0,0.04588,10162.0,0.0459,2731.0,0.04591,11315.0
1753592280420,04:58:00.420,phemex,ACT/USDT:USDT,0.04589,3379.0,0.04588,10162.0,0.0459,2731.0,0.04591,11315.0
1753592280438,04:58:00.438,phemex,ACT/USDT:USDT,0.04589,3379.0,0.04588,10162.0,0.0459,2731.0,0.04591,11315.0
1753592281334,04:58:01.334,phemex,ACT/USDT:USDT,0.04586,2768.0,0.04585,17192.0,0.0459,9911.0,0.04591,11315.0
1753592281354,04:58:01.354,phemex,ACT/USDT:USDT,0.04586,2768.0,0.04585,17192.0,0.04589,2722.0,0.0459,9911.0
1753592281368,04:58:01.368,phemex,ACT/USDT:USDT,0.04585,17192.0,0.04584,5707.0,0.04589,2722.0,0.0459,9911.0
1753592281400,04:58:01.400,phemex,ACT/USDT:USDT,0.04586,2722.0,0.04585,17192.0,0.04589,2722.0,0.0459,9911.0
1753592287231,04:58:07.231,phemex,ACT/USDT:USDT,0.04587,3661.0,0.04586,14425.0,0.04588,8545.0,0.04589,9866.0
1753592288803,04:58:08.803,phemex,ACT/USDT:USDT,0.04587,3661.0,0.04586,14425.0,0.04589,2722.0,0.0459,2731.0
1753592288825,04:58:08.825,phemex,ACT/USDT:USDT,0.04587,6472.0,0.04586,14425.0,0.0459,2731.0,0.04591,14494.0
1753592288850,04:58:08.850,phemex,ACT/USDT:USDT,0.04588,2811.0,0.04587,6472.0,0.0459,2731.0,0.04591,14494.0
1753592288894,04:58:08.894,phemex,ACT/USDT:USDT,0.04587,6472.0,0.04586,14425.0,0.0459,2731.0,0.04591,14494.0
1753592288910,04:58:08.910,phemex,ACT/USDT:USDT,0.04587,6472.0,0.04586,14425.0,0.0459,2731.0,0.04591,14494.0
1753592288936,04:58:08.936,phemex,ACT/USDT:USDT,0.04588,2811.0,0.04587,6472.0,0.0459,2731.0,0.04591,14494.0
1753592288955,04:58:08.955,phemex,ACT/USDT:USDT,0.04587,6472.0,0.04586,14425.0,0.0459,2731.0,0.04591,14494.0
1753592288997,04:58:08.997,phemex,ACT/USDT:USDT,0.04587,6472.0,0.04586,14425.0,0.0459,2731.0,0.04591,14494.0
1753592289692,04:58:09.692,phemex,ACT/USDT:USDT,0.04587,4550.0,0.04586,14425.0,0.0459,2731.0,0.04591,14494.0
1753592290075,04:58:10.075,phemex,ACT/USDT:USDT,0.04588,2811.0,0.04587,4550.0,0.0459,2731.0,0.04591,14494.0
1753592290104,04:58:10.104,phemex,ACT/USDT:USDT,0.04588,2811.0,0.04587,4550.0,0.0459,2731.0,0.04591,14494.0
1753592290114,04:58:10.114,phemex,ACT/USDT:USDT,0.04587,4550.0,0.04586,14425.0,0.0459,2731.0,0.04591,14494.0
1753592290190,04:58:10.190,phemex,ACT/USDT:USDT,0.04588,2811.0,0.04587,4550.0,0.0459,2731.0,0.04591,14494.0
1753592290212,04:58:10.212,phemex,ACT/USDT:USDT,0.04587,4550.0,0.04586,14425.0,0.0459,2731.0,0.04591,14494.0
1753592290254,04:58:10.254,phemex,ACT/USDT:USDT,0.04587,4550.0,0.04586,14425.0,0.0459,2731.0,0.04591,14494.0
1753592292494,04:58:12.494,phemex,ACT/USDT:USDT,0.04588,6341.0,0.04587,9221.0,0.0459,2731.0,0.04591,14494.0
1753592292788,04:58:12.788,phemex,ACT/USDT:USDT,0.04588,5796.0,0.04587,9221.0,0.0459,2731.0,0.04591,14494.0
1753592295318,04:58:15.318,phemex,ACT/USDT:USDT,0.04588,5746.0,0.04587,9221.0,0.0459,2731.0,0.04591,14494.0
1753592308424,04:58:28.424,phemex,ACT/USDT:USDT,0.04588,5561.0,0.04587,9221.0,0.0459,2731.0,0.04591,14494.0
1753592308790,04:58:28.790,phemex,ACT/USDT:USDT,0.04589,2698.0,0.04588,5561.0,0.0459,2731.0,0.04591,14494.0
1753592308810,04:58:28.810,phemex,ACT/USDT:USDT,0.04588,5561.0,0.04587,9221.0,0.0459,2731.0,0.04591,14494.0
1753592308830,04:58:28.830,phemex,ACT/USDT:USDT,0.04588,5561.0,0.04587,9221.0,0.0459,2731.0,0.04591,14494.0
1753592309156,04:58:29.156,phemex,ACT/USDT:USDT,0.04589,2698.0,0.04588,5561.0,0.0459,2731.0,0.04591,14494.0
1753592309176,04:58:29.176,phemex,ACT/USDT:USDT,0.04588,5561.0,0.04587,9221.0,0.0459,2731.0,0.04591,14494.0
1753592309199,04:58:29.199,phemex,ACT/USDT:USDT,0.04589,2698.0,0.04588,5561.0,0.0459,2731.0,0.04591,14494.0
1753592309237,04:58:29.237,phemex,ACT/USDT:USDT,0.04588,5561.0,0.04587,9221.0,0.0459,2731.0,0.04591,14494.0
1753592309284,04:58:29.284,phemex,ACT/USDT:USDT,0.04589,2698.0,0.04588,5561.0,0.0459,2731.0,0.04591,14494.0
1753592311639,04:58:31.639,phemex,ACT/USDT:USDT,0.04588,5561.0,0.04587,9221.0,0.0459,2731.0,0.04591,14494.0
1753592311691,04:58:31.691,phemex,ACT/USDT:USDT,0.04588,5561.0,0.04587,9221.0,0.0459,2731.0,0.04591,14494.0
1753592311718,04:58:31.718,phemex,ACT/USDT:USDT,0.04589,2698.0,0.04588,5561.0,0.0459,2731.0,0.04591,14494.0
1753592311827,04:58:31.827,phemex,ACT/USDT:USDT,0.04588,5561.0,0.04587,9221.0,0.0459,2731.0,0.04591,14494.0
1753592311853,04:58:31.853,phemex,ACT/USDT:USDT,0.04588,5561.0,0.04587,9221.0,0.0459,2731.0,0.04591,14494.0
1753592311956,04:58:31.956,phemex,ACT/USDT:USDT,0.04589,2698.0,0.04588,5561.0,0.0459,2731.0,0.04591,14494.0
1753592311991,04:58:31.991,phemex,ACT/USDT:USDT,0.04588,5561.0,0.04587,9221.0,0.0459,2731.0,0.04591,14494.0
1753592312034,04:58:32.034,phemex,ACT/USDT:USDT,0.04588,5561.0,0.04587,9221.0,0.0459,2731.0,0.04591,14494.0
1753592314546,04:58:34.546,phemex,ACT/USDT:USDT,0.04589,2713.0,0.04588,5561.0,0.0459,2731.0,0.04591,14494.0
1753592314791,04:58:34.791,phemex,ACT/USDT:USDT,0.04588,5561.0,0.04587,9221.0,0.0459,2731.0,0.04591,14494.0
1753592314834,04:58:34.834,phemex,ACT/USDT:USDT,0.04588,5561.0,0.04587,9221.0,0.0459,2731.0,0.04591,14494.0
1753592316031,04:58:36.031,phemex,ACT/USDT:USDT,0.04589,2713.0,0.04588,5561.0,0.0459,2731.0,0.04591,14494.0
1753592316077,04:58:36.077,phemex,ACT/USDT:USDT,0.04588,5561.0,0.04587,9221.0,0.0459,2731.0,0.04591,14494.0
1753592316094,04:58:36.094,phemex,ACT/USDT:USDT,0.04588,5561.0,0.04587,9221.0,0.0459,2731.0,0.04591,14494.0
1753592316119,04:58:36.119,phemex,ACT/USDT:USDT,0.04589,2713.0,0.04588,5561.0,0.0459,2731.0,0.04591,14494.0
1753592316243,04:58:36.243,phemex,ACT/USDT:USDT,0.04588,5561.0,0.04587,9221.0,0.0459,2731.0,0.04591,14494.0
1753592316253,04:58:36.253,phemex,ACT/USDT:USDT,0.04588,5561.0,0.04587,9221.0,0.0459,2731.0,0.04591,14494.0
1753592317145,04:58:37.145,phemex,ACT/USDT:USDT,0.04589,2713.0,0.04588,5561.0,0.0459,2731.0,0.04591,14494.0
1753592317174,04:58:37.174,phemex,ACT/USDT:USDT,0.04589,2713.0,0.04588,5561.0,0.0459,2644.0,0.04591,11316.0
1753592317250,04:58:37.250,phemex,ACT/USDT:USDT,0.04588,5561.0,0.04587,6874.0,0.0459,2644.0,0.04591,11316.0
1753592317304,04:58:37.304,phemex,ACT/USDT:USDT,0.04588,5561.0,0.04587,6874.0,0.0459,2644.0,0.04591,11316.0
1753592319371,04:58:39.371,phemex,ACT/USDT:USDT,0.04588,5561.0,0.04587,6874.0,0.0459,2571.0,0.04591,11316.0
1753592319608,04:58:39.608,phemex,ACT/USDT:USDT,0.04588,5561.0,0.04587,6874.0,0.04589,2713.0,0.0459,2571.0
1753592319675,04:58:39.675,phemex,ACT/USDT:USDT,0.04588,5561.0,0.04587,6874.0,0.0459,2571.0,0.04591,11316.0
1753592319957,04:58:39.957,phemex,ACT/USDT:USDT,0.04588,5561.0,0.04587,6874.0,0.04589,2713.0,0.0459,2571.0
1753592319980,04:58:39.980,phemex,ACT/USDT:USDT,0.04588,5561.0,0.04587,6874.0,0.04589,2713.0,0.0459,2571.0
1753592319986,04:58:39.986,phemex,ACT/USDT:USDT,0.04588,5561.0,0.04587,6874.0,0.04589,2713.0,0.0459,2571.0
1753592320010,04:58:40.010,phemex,ACT/USDT:USDT,0.04588,5561.0,0.04587,6874.0,0.0459,2571.0,0.04591,17593.0
1753592320155,04:58:40.155,phemex,ACT/USDT:USDT,0.04588,5561.0,0.04587,6874.0,0.0459,2571.0,0.04591,11316.0
1753592320250,04:58:40.250,phemex,ACT/USDT:USDT,0.04589,4227.0,0.04587,6874.0,0.0459,2571.0,0.04591,11316.0
1753592320264,04:58:40.264,phemex,ACT/USDT:USDT,0.04589,6940.0,0.04587,6874.0,0.0459,2571.0,0.04591,11316.0
1753592320875,04:58:40.875,phemex,ACT/USDT:USDT,0.04587,15223.0,0.04586,9145.0,0.0459,2571.0,0.04591,11316.0
1753592320895,04:58:40.895,phemex,ACT/USDT:USDT,0.04588,2713.0,0.04587,15223.0,0.0459,2571.0,0.04591,11316.0
1753592323162,04:58:43.162,phemex,ACT/USDT:USDT,0.04589,3872.0,0.04588,5544.0,0.0459,2571.0,0.04591,5939.0
1753592324473,04:58:44.473,phemex,ACT/USDT:USDT,0.04589,3872.0,0.04588,5544.0,0.04591,7491.0,0.04592,2757.0
1753592324480,04:58:44.480,phemex,ACT/USDT:USDT,0.0459,2702.0,0.04589,3872.0,0.04591,7491.0,0.04592,2757.0
1753592325917,04:58:45.917,phemex,ACT/USDT:USDT,0.0459,2702.0,0.04589,9848.0,0.04591,7491.0,0.04592,2757.0
1753592325942,04:58:45.942,phemex,ACT/USDT:USDT,0.0459,2702.0,0.04589,9848.0,0.04591,7491.0,0.04592,2757.0
1753592326925,04:58:46.925,phemex,ACT/USDT:USDT,0.0459,2702.0,0.04589,9848.0,0.04591,7341.0,0.04592,2757.0
1753592329896,04:58:49.896,phemex,ACT/USDT:USDT,0.0459,7589.0,0.04589,9848.0,0.04591,7341.0,0.04592,2757.0
1753592330121,04:58:50.121,phemex,ACT/USDT:USDT,0.0459,7589.0,0.04589,9848.0,0.04592,10394.0,0.04593,2732.0
1753592330137,04:58:50.137,phemex,ACT/USDT:USDT,0.04591,2702.0,0.0459,7589.0,0.04592,7637.0,0.04593,2732.0
1753592330159,04:58:50.159,phemex,ACT/USDT:USDT,0.04591,2702.0,0.0459,7589.0,0.04592,7637.0,0.04593,2732.0
1753592330412,04:58:50.412,phemex,ACT/USDT:USDT,0.04591,2702.0,0.0459,7589.0,0.04592,7637.0,0.04593,2732.0
1753592330464,04:58:50.464,phemex,ACT/USDT:USDT,0.04591,2702.0,0.0459,7589.0,0.04592,7637.0,0.04593,2732.0
1753592330644,04:58:50.644,phemex,ACT/USDT:USDT,0.0459,7589.0,0.04589,9848.0,0.04592,7637.0,0.04593,2732.0
1753592330664,04:58:50.664,phemex,ACT/USDT:USDT,0.0459,7589.0,0.04589,9848.0,0.04592,7637.0,0.04593,2732.0
1753592331548,04:58:51.548,phemex,ACT/USDT:USDT,0.04591,6816.0,0.0459,7589.0,0.04592,7637.0,0.04593,2732.0
1753592331599,04:58:51.599,phemex,ACT/USDT:USDT,0.04591,6816.0,0.0459,7589.0,0.04592,7637.0,0.04593,2732.0
1753592334749,04:58:54.749,phemex,ACT/USDT:USDT,0.04591,6756.0,0.0459,7589.0,0.04592,7637.0,0.04593,2732.0
1753592337506,04:58:57.506,phemex,ACT/USDT:USDT,0.04591,6756.0,0.0459,7589.0,0.04592,7637.0,0.04593,2732.0
1753592337510,04:58:57.510,phemex,ACT/USDT:USDT,0.04591,6756.0,0.0459,7589.0,0.04592,7637.0,0.04593,2732.0
1753592337719,04:58:57.719,phemex,ACT/USDT:USDT,0.04591,6710.0,0.0459,7589.0,0.04592,7637.0,0.04593,2732.0
1753592339336,04:58:59.336,phemex,ACT/USDT:USDT,0.04591,11424.0,0.0459,7589.0,0.04592,7637.0,0.04593,2732.0
1753592343507,04:59:03.507,phemex,ACT/USDT:USDT,0.04591,11424.0,0.0459,7589.0,0.04592,7637.0,0.04593,2732.0
1753592364514,04:59:24.514,phemex,ACT/USDT:USDT,0.04591,11424.0,0.0459,7589.0,0.04592,7637.0,0.04593,2732.0
1753592364575,04:59:24.575,phemex,ACT/USDT:USDT,0.04591,11424.0,0.0459,7589.0,0.04592,7637.0,0.04593,2732.0
1753592379516,04:59:39.516,phemex,ACT/USDT:USDT,0.04591,11424.0,0.0459,7589.0,0.04592,7637.0,0.04593,2732.0
1753592381895,04:59:41.895,phemex,ACT/USDT:USDT,0.04592,2783.0,0.04591,12859.0,0.04593,4386.0,0.04594,15434.0
1753592382577,04:59:42.577,phemex,ACT/USDT:USDT,0.04592,2783.0,0.04591,12859.0,0.04593,3671.0,0.04594,15434.0
1753592383041,04:59:43.041,phemex,ACT/USDT:USDT,0.04591,12859.0,0.0459,7589.0,0.04593,3671.0,0.04594,15434.0
1753592383080,04:59:43.080,phemex,ACT/USDT:USDT,0.04592,2783.0,0.04591,12859.0,0.04593,3671.0,0.04594,15434.0
1753592383205,04:59:43.205,phemex,ACT/USDT:USDT,0.04591,12859.0,0.0459,7589.0,0.04593,3671.0,0.04594,15434.0
1753592383217,04:59:43.217,phemex,ACT/USDT:USDT,0.04591,12859.0,0.0459,7589.0,0.04593,3671.0,0.04594,15434.0
1753592383305,04:59:43.305,phemex,ACT/USDT:USDT,0.04592,2783.0,0.04591,12859.0,0.04593,3671.0,0.04594,15434.0
1753592383336,04:59:43.336,phemex,ACT/USDT:USDT,0.04591,12859.0,0.0459,7589.0,0.04593,3671.0,0.04594,15434.0
1753592383378,04:59:43.378,phemex,ACT/USDT:USDT,0.04591,12859.0,0.0459,7589.0,0.04593,3671.0,0.04594,15434.0
1753592384748,04:59:44.748,phemex,ACT/USDT:USDT,0.04592,2781.0,0.04591,12859.0,0.04593,3671.0,0.04594,15434.0
1753592385304,04:59:45.304,phemex,ACT/USDT:USDT,0.04591,12859.0,0.0459,7589.0,0.04593,3671.0,0.04594,15434.0
1753592385890,04:59:45.890,phemex,ACT/USDT:USDT,0.04592,2781.0,0.04591,12859.0,0.04593,3671.0,0.04594,15434.0
1753592385955,04:59:45.955,phemex,ACT/USDT:USDT,0.04591,12859.0,0.0459,7589.0,0.04593,3671.0,0.04594,15434.0
1753592386013,04:59:46.013,phemex,ACT/USDT:USDT,0.04591,12859.0,0.0459,7589.0,0.04593,3671.0,0.04594,15434.0
1753592389775,04:59:49.775,phemex,ACT/USDT:USDT,0.04591,12719.0,0.0459,7589.0,0.04593,3671.0,0.04594,15434.0
1753592389836,04:59:49.836,phemex,ACT/USDT:USDT,0.04591,12719.0,0.0459,7589.0,0.04592,2781.0,0.04593,3671.0
1753592390238,04:59:50.238,phemex,ACT/USDT:USDT,0.04591,4194.0,0.0459,12374.0,0.04592,2781.0,0.04593,7354.0
1753592390246,04:59:50.246,phemex,ACT/USDT:USDT,0.04591,4194.0,0.0459,12374.0,0.04592,2781.0,0.04593,7354.0
1753592396521,04:59:56.521,phemex,ACT/USDT:USDT,0.04591,4154.0,0.0459,12374.0,0.04592,2781.0,0.04593,7354.0
1753592400849,05:00:00.849,phemex,ACT/USDT:USDT,0.04591,4154.0,0.0459,12374.0,0.04592,2781.0,0.04593,7354.0
1753592400860,05:00:00.860,phemex,ACT/USDT:USDT,0.04591,4154.0,0.0459,12374.0,0.04592,2781.0,0.04593,7354.0
1753592401460,05:00:01.460,phemex,ACT/USDT:USDT,0.04591,4154.0,0.0459,12374.0,0.04593,7354.0,0.04594,6606.0
1753592401502,05:00:01.502,phemex,ACT/USDT:USDT,0.04592,11678.0,0.04591,8853.0,0.04593,7354.0,0.04594,6606.0
1753592401654,05:00:01.654,phemex,ACT/USDT:USDT,0.04592,8936.0,0.04591,8853.0,0.04593,7354.0,0.04594,6606.0
1753592402136,05:00:02.136,phemex,ACT/USDT:USDT,0.04592,8936.0,0.04591,8853.0,0.04593,7354.0,0.04594,6606.0
1753592402154,05:00:02.154,phemex,ACT/USDT:USDT,0.04592,8936.0,0.04591,8853.0,0.04593,7354.0,0.04594,6606.0
1753592402363,05:00:02.363,phemex,ACT/USDT:USDT,0.04592,8936.0,0.04591,8853.0,0.04593,7354.0,0.04594,3874.0
1753592402538,05:00:02.538,phemex,ACT/USDT:USDT,0.04592,8936.0,0.04591,8853.0,0.04593,7354.0,0.04594,6616.0
1753592412522,05:00:12.522,phemex,ACT/USDT:USDT,0.04592,8936.0,0.04591,8853.0,0.04593,7354.0,0.04594,6616.0
1753592414646,05:00:14.646,phemex,ACT/USDT:USDT,0.0459,12374.0,0.04589,20096.0,0.04593,7354.0,0.04594,6616.0
1753592414653,05:00:14.653,phemex,ACT/USDT:USDT,0.0459,12374.0,0.04589,20096.0,0.04592,2775.0,0.04593,7354.0
1753592414659,05:00:14.659,phemex,ACT/USDT:USDT,0.0459,12374.0,0.04589,20096.0,0.04592,2775.0,0.04593,7354.0
1753592416712,05:00:16.712,phemex,ACT/USDT:USDT,0.0459,9672.0,0.04589,20096.0,0.04592,2775.0,0.04593,7354.0
1753592418517,05:00:18.517,phemex,ACT/USDT:USDT,0.0459,9672.0,0.04589,20096.0,0.04592,2775.0,0.04593,7354.0
1753592418550,05:00:18.550,phemex,ACT/USDT:USDT,0.0459,9672.0,0.04589,20096.0,0.04592,2775.0,0.04593,7354.0
1753592422559,05:00:22.559,phemex,ACT/USDT:USDT,0.0459,8672.0,0.04589,20096.0,0.04592,2775.0,0.04593,7354.0
1753592423071,05:00:23.071,phemex,ACT/USDT:USDT,0.0459,7972.0,0.04589,20096.0,0.04592,2775.0,0.04593,7354.0
1753592426452,05:00:26.452,phemex,ACT/USDT:USDT,0.04591,2809.0,0.0459,7972.0,0.04592,2775.0,0.04593,7354.0
1753592426476,05:00:26.476,phemex,ACT/USDT:USDT,0.0459,7972.0,0.04589,20096.0,0.04592,2775.0,0.04593,7354.0
1753592426522,05:00:26.522,phemex,ACT/USDT:USDT,0.0459,7972.0,0.04589,20096.0,0.04592,2775.0,0.04593,7354.0
1753592427924,05:00:27.924,phemex,ACT/USDT:USDT,0.04591,2809.0,0.0459,7972.0,0.04592,2775.0,0.04593,7354.0
1753592428419,05:00:28.419,phemex,ACT/USDT:USDT,0.0459,7972.0,0.04589,20096.0,0.04592,2775.0,0.04593,7354.0
1753592429077,05:00:29.077,phemex,ACT/USDT:USDT,0.04591,2809.0,0.0459,7972.0,0.04592,2775.0,0.04593,7354.0
1753592429313,05:00:29.313,phemex,ACT/USDT:USDT,0.0459,7972.0,0.04589,20096.0,0.04592,2775.0,0.04593,7354.0
1753592429389,05:00:29.389,phemex,ACT/USDT:USDT,0.0459,7972.0,0.04589,20096.0,0.04592,2775.0,0.04593,7354.0
1753592429557,05:00:29.557,phemex,ACT/USDT:USDT,0.04591,2809.0,0.0459,7972.0,0.04592,2775.0,0.04593,7354.0
1753592430323,05:00:30.323,phemex,ACT/USDT:USDT,0.04591,2809.0,0.0459,7972.0,0.04593,7354.0,0.04594,6616.0
1753592430393,05:00:30.393,phemex,ACT/USDT:USDT,0.04592,6819.0,0.04591,10461.0,0.04593,7354.0,0.04594,6616.0
1753592431804,05:00:31.804,phemex,ACT/USDT:USDT,0.04592,6819.0,0.04591,10461.0,0.04593,7224.0,0.04594,6616.0
1753592433510,05:00:33.510,phemex,ACT/USDT:USDT,0.04592,6819.0,0.04591,10461.0,0.04593,7224.0,0.04594,6616.0
1753592433519,05:00:33.519,phemex,ACT/USDT:USDT,0.04592,6819.0,0.04591,10461.0,0.04593,7224.0,0.04594,6616.0
1753592435768,05:00:35.768,phemex,ACT/USDT:USDT,0.04592,6819.0,0.04591,10461.0,0.04593,7224.0,0.04594,6616.0
1753592439515,05:00:39.515,phemex,ACT/USDT:USDT,0.04592,6819.0,0.04591,10461.0,0.04593,7224.0,0.04594,6616.0
1753592447847,05:00:47.847,phemex,ACT/USDT:USDT,0.04592,6819.0,0.04591,7652.0,0.04593,7224.0,0.04594,6616.0
1753592449114,05:00:49.114,phemex,ACT/USDT:USDT,0.04592,3950.0,0.04591,2941.0,0.04593,7224.0,0.04594,6616.0
1753592449114,05:00:49.114,phemex,ACT/USDT:USDT,0.0459,4785.0,0.04589,15840.0,0.04593,7224.0,0.04594,6616.0
1753592449125,05:00:49.125,phemex,ACT/USDT:USDT,0.0459,4785.0,0.04589,15840.0,0.04592,3622.0,0.04593,7224.0
1753592449161,05:00:49.161,phemex,ACT/USDT:USDT,0.0459,4785.0,0.04589,15840.0,0.04591,2704.0,0.04592,6326.0
1753592449486,05:00:49.486,phemex,ACT/USDT:USDT,0.0459,8717.0,0.04589,2814.0,0.04591,2704.0,0.04592,6326.0
1753592450873,05:00:50.873,phemex,ACT/USDT:USDT,0.0459,8717.0,0.04589,2814.0,0.04591,2704.0,0.04592,6326.0
1753592452153,05:00:52.153,phemex,ACT/USDT:USDT,0.0459,8717.0,0.04589,2814.0,0.04592,6326.0,0.04593,7224.0
1753592452153,05:00:52.153,phemex,ACT/USDT:USDT,0.0459,8717.0,0.04589,2814.0,0.04592,6326.0,0.04593,7224.0
1753592452565,05:00:52.565,phemex,ACT/USDT:USDT,0.0459,8717.0,0.04589,2814.0,0.04591,2704.0,0.04592,6326.0
1753592453609,05:00:53.609,phemex,ACT/USDT:USDT,0.0459,8717.0,0.04589,2814.0,0.04592,6326.0,0.04593,7224.0
1753592455215,05:00:55.215,phemex,ACT/USDT:USDT,0.0459,8717.0,0.04589,2814.0,0.04591,2797.0,0.04592,6326.0
1753592456193,05:00:56.193,phemex,ACT/USDT:USDT,0.0459,7887.0,0.04589,2814.0,0.04591,2797.0,0.04592,6326.0
1753592456833,05:00:56.833,phemex,ACT/USDT:USDT,0.0459,7887.0,0.04589,2814.0,0.04591,11846.0,0.04592,9062.0
1753592456837,05:00:56.837,phemex,ACT/USDT:USDT,0.0459,7887.0,0.04589,2814.0,0.04591,11846.0,0.04592,9062.0
1753592456843,05:00:56.843,phemex,ACT/USDT:USDT,0.0459,7887.0,0.04589,2814.0,0.04591,11846.0,0.04592,9062.0
1753592459500,05:00:59.500,phemex,ACT/USDT:USDT,0.0459,7887.0,0.04589,2814.0,0.04591,11846.0,0.04592,9062.0
1753592459519,05:00:59.519,phemex,ACT/USDT:USDT,0.0459,7887.0,0.04589,2814.0,0.04591,11846.0,0.04592,9062.0
1753592464448,05:01:04.448,phemex,ACT/USDT:USDT,0.0459,7427.0,0.04589,2814.0,0.04591,11846.0,0.04592,9062.0
1753592466510,05:01:06.510,phemex,ACT/USDT:USDT,0.0459,7427.0,0.04589,2814.0,0.04591,11846.0,0.04592,9062.0
1753592466533,05:01:06.533,phemex,ACT/USDT:USDT,0.0459,7427.0,0.04589,2814.0,0.04591,11846.0,0.04592,9062.0
1753592468832,05:01:08.832,phemex,ACT/USDT:USDT,0.0459,7427.0,0.04589,2814.0,0.04591,11846.0,0.04592,9062.0
1753592468852,05:01:08.852,phemex,ACT/USDT:USDT,0.0459,7427.0,0.04589,2814.0,0.04591,11846.0,0.04592,9062.0
1753592471334,05:01:11.334,phemex,ACT/USDT:USDT,0.0459,7427.0,0.04589,2814.0,0.04591,11846.0,0.04592,9062.0
1753592471378,05:01:11.378,phemex,ACT/USDT:USDT,0.0459,7427.0,0.04589,2814.0,0.04591,11846.0,0.04592,9062.0
1753592473244,05:01:13.244,phemex,ACT/USDT:USDT,0.0459,7312.0,0.04589,2814.0,0.04591,11846.0,0.04592,9062.0
1753592478688,05:01:18.688,phemex,ACT/USDT:USDT,0.0459,7312.0,0.04589,2814.0,0.04593,2816.0,0.04594,5474.0
1753592478698,05:01:18.698,phemex,ACT/USDT:USDT,0.04592,11238.0,0.04591,3351.0,0.04593,2816.0,0.04594,5474.0
1753592478719,05:01:18.719,phemex,ACT/USDT:USDT,0.04592,11238.0,0.04591,6080.0,0.04593,2816.0,0.04594,5474.0
1753592478759,05:01:18.759,phemex,ACT/USDT:USDT,0.04592,11238.0,0.04591,6080.0,0.04593,2816.0,0.04594,5474.0
1753592478800,05:01:18.800,phemex,ACT/USDT:USDT,0.04591,2729.0,0.04589,15019.0,0.04593,2816.0,0.04594,5474.0
1753592478807,05:01:18.807,phemex,ACT/USDT:USDT,0.04591,2729.0,0.04589,15019.0,0.04593,2816.0,0.04594,5474.0
1753592478849,05:01:18.849,phemex,ACT/USDT:USDT,0.04591,2729.0,0.04589,15019.0,0.04593,2816.0,0.04594,5474.0
1753592478863,05:01:18.863,phemex,ACT/USDT:USDT,0.04591,2729.0,0.04589,15019.0,0.04593,5545.0,0.04594,5474.0
1753592478869,05:01:18.869,phemex,ACT/USDT:USDT,0.04591,2729.0,0.04589,15019.0,0.04593,5545.0,0.04594,5474.0
1753592478910,05:01:18.910,phemex,ACT/USDT:USDT,0.04589,15019.0,0.04588,10648.0,0.04592,2729.0,0.04593,5545.0
1753592478920,05:01:18.920,phemex,ACT/USDT:USDT,0.04589,15019.0,0.04588,10648.0,0.04592,2729.0,0.04593,5545.0
1753592478961,05:01:18.961,phemex,ACT/USDT:USDT,0.0459,2729.0,0.04589,15019.0,0.04592,2729.0,0.04593,5545.0
1753592479226,05:01:19.226,phemex,ACT/USDT:USDT,0.0459,2729.0,0.04589,15019.0,0.04593,5545.0,0.04594,5474.0
1753592480268,05:01:20.268,phemex,ACT/USDT:USDT,0.0459,2729.0,0.04589,15019.0,0.04593,5545.0,0.04594,5474.0
1753592482823,05:01:22.823,phemex,ACT/USDT:USDT,0.0459,2729.0,0.04589,15019.0,0.04593,4448.0,0.04594,5474.0
1753592483324,05:01:23.324,phemex,ACT/USDT:USDT,0.0459,2729.0,0.04589,15019.0,0.04592,2729.0,0.04593,4448.0
1753592483356,05:01:23.356,phemex,ACT/USDT:USDT,0.0459,2729.0,0.04589,15019.0,0.04593,4448.0,0.04594,5474.0
1753592483748,05:01:23.748,phemex,ACT/USDT:USDT,0.0459,2729.0,0.04589,15019.0,0.04592,2728.0,0.04593,8168.0
1753592483816,05:01:23.816,phemex,ACT/USDT:USDT,0.0459,2729.0,0.04589,15019.0,0.04592,2728.0,0.04593,8168.0
1753592483847,05:01:23.847,phemex,ACT/USDT:USDT,0.0459,2729.0,0.04589,15019.0,0.04592,2728.0,0.04593,8168.0
1753592484160,05:01:24.160,phemex,ACT/USDT:USDT,0.0459,2729.0,0.04589,15019.0,0.04593,8168.0,0.04594,5474.0
1753592484605,05:01:24.605,phemex,ACT/USDT:USDT,0.0459,2729.0,0.04589,15019.0,0.04592,2728.0,0.04593,8168.0
1753592484615,05:01:24.615,phemex,ACT/USDT:USDT,0.04591,7281.0,0.0459,2729.0,0.04593,8168.0,0.04594,5474.0
1753592484659,05:01:24.659,phemex,ACT/USDT:USDT,0.04592,2728.0,0.04591,7281.0,0.04593,8168.0,0.04594,5474.0
1753592484686,05:01:24.686,phemex,ACT/USDT:USDT,0.04591,7281.0,0.0459,2729.0,0.04593,8168.0,0.04594,5474.0
1753592484701,05:01:24.701,phemex,ACT/USDT:USDT,0.04591,7281.0,0.0459,2729.0,0.04593,8168.0,0.04594,5474.0
1753592484718,05:01:24.718,phemex,ACT/USDT:USDT,0.04592,2728.0,0.04591,7281.0,0.04593,8168.0,0.04594,5474.0
1753592484755,05:01:24.755,phemex,ACT/USDT:USDT,0.04591,7281.0,0.0459,2729.0,0.04593,8168.0,0.04594,5474.0
1753592484800,05:01:24.800,phemex,ACT/USDT:USDT,0.04592,2728.0,0.04591,7281.0,0.04593,8168.0,0.04594,5474.0
1753592485084,05:01:25.084,phemex,ACT/USDT:USDT,0.04592,2728.0,0.04591,7281.0,0.04593,8048.0,0.04594,5474.0
1753592485104,05:01:25.104,phemex,ACT/USDT:USDT,0.04591,7281.0,0.0459,2729.0,0.04593,8048.0,0.04594,5474.0
1753592485154,05:01:25.154,phemex,ACT/USDT:USDT,0.04592,2728.0,0.04591,7281.0,0.04593,8048.0,0.04594,5474.0
1753592486165,05:01:26.165,phemex,ACT/USDT:USDT,0.04592,2728.0,0.04591,7281.0,0.04593,8048.0,0.04594,5474.0
1753592486178,05:01:26.178,phemex,ACT/USDT:USDT,0.04592,2728.0,0.04591,7281.0,0.04593,8048.0,0.04594,5474.0
1753592487269,05:01:27.269,phemex,ACT/USDT:USDT,0.04591,7281.0,0.0459,2729.0,0.04593,8048.0,0.04594,5474.0
1753592487293,05:01:27.293,phemex,ACT/USDT:USDT,0.04591,7281.0,0.0459,2729.0,0.04593,8048.0,0.04594,5474.0
1753592487470,05:01:27.470,phemex,ACT/USDT:USDT,0.04592,2728.0,0.04591,7281.0,0.04593,8048.0,0.04594,5474.0
1753592487496,05:01:27.496,phemex,ACT/USDT:USDT,0.04591,7281.0,0.0459,2729.0,0.04593,8048.0,0.04594,5474.0
1753592487497,05:01:27.497,phemex,ACT/USDT:USDT,0.04591,7281.0,0.0459,2729.0,0.04593,8048.0,0.04594,5474.0
1753592487519,05:01:27.519,phemex,ACT/USDT:USDT,0.04591,7281.0,0.0459,2729.0,0.04593,8048.0,0.04594,5474.0
1753592487757,05:01:27.757,phemex,ACT/USDT:USDT,0.04591,7281.0,0.0459,2729.0,0.04592,2728.0,0.04593,8048.0
1753592487801,05:01:27.801,phemex,ACT/USDT:USDT,0.04591,7281.0,0.0459,2729.0,0.04593,8048.0,0.04594,5474.0
1753592487904,05:01:27.904,phemex,ACT/USDT:USDT,0.04591,7281.0,0.0459,2729.0,0.04592,2728.0,0.04593,8048.0
1753592487955,05:01:27.955,phemex,ACT/USDT:USDT,0.04591,7281.0,0.0459,2729.0,0.04593,8048.0,0.04594,5474.0
1753592488026,05:01:28.026,phemex,ACT/USDT:USDT,0.04591,7281.0,0.0459,2729.0,0.04592,2728.0,0.04593,8048.0
1753592489445,05:01:29.445,phemex,ACT/USDT:USDT,0.04591,7194.0,0.0459,2729.0,0.04592,2728.0,0.04593,8048.0
1753592490051,05:01:30.051,phemex,ACT/USDT:USDT,0.04591,7194.0,0.0459,2729.0,0.04593,8048.0,0.04594,5474.0
1753592490178,05:01:30.178,phemex,ACT/USDT:USDT,0.04591,7194.0,0.0459,2729.0,0.04592,2728.0,0.04593,8048.0
1753592490598,05:01:30.598,phemex,ACT/USDT:USDT,0.04591,7509.0,0.0459,6182.0,0.04592,2728.0,0.04593,8048.0
1753592491319,05:01:31.319,phemex,ACT/USDT:USDT,0.04591,7509.0,0.0459,6182.0,0.04593,8048.0,0.04594,5474.0
1753592491339,05:01:31.339,phemex,ACT/USDT:USDT,0.04591,7509.0,0.0459,6182.0,0.04594,6516.0,0.04595,2765.0
1753592491341,05:01:31.341,phemex,ACT/USDT:USDT,0.04591,7509.0,0.0459,6182.0,0.04594,6516.0,0.04595,2765.0
1753592491381,05:01:31.381,phemex,ACT/USDT:USDT,0.04592,2728.0,0.04591,7509.0,0.04594,6516.0,0.04595,2765.0
1753592491435,05:01:31.435,phemex,ACT/USDT:USDT,0.04592,2728.0,0.04591,7509.0,0.04594,6516.0,0.04595,2765.0
1753592492999,05:01:32.999,phemex,ACT/USDT:USDT,0.04592,2728.0,0.04591,7509.0,0.04593,2728.0,0.04594,6516.0
1753592493036,05:01:33.036,phemex,ACT/USDT:USDT,0.04592,2728.0,0.04591,7509.0,0.04594,6516.0,0.04595,2765.0
1753592493085,05:01:33.085,phemex,ACT/USDT:USDT,0.04592,2728.0,0.04591,7509.0,0.04594,3774.0,0.04595,2765.0
1753592498709,05:01:38.709,phemex,ACT/USDT:USDT,0.04593,5639.0,0.04592,10984.0,0.04594,11932.0,0.04595,2765.0
1753592499111,05:01:39.111,phemex,ACT/USDT:USDT,0.04593,5639.0,0.04592,10984.0,0.04595,10598.0,0.04596,2740.0
1753592499124,05:01:39.124,phemex,ACT/USDT:USDT,0.04593,5639.0,0.04592,10984.0,0.04595,10598.0,0.04596,2740.0
1753592499173,05:01:39.173,phemex,ACT/USDT:USDT,0.04594,2776.0,0.04593,5639.0,0.04595,10598.0,0.04596,2740.0
1753592499192,05:01:39.192,phemex,ACT/USDT:USDT,0.04594,2776.0,0.04593,5639.0,0.04595,10598.0,0.04596,2740.0
1753592499351,05:01:39.351,phemex,ACT/USDT:USDT,0.04594,2776.0,0.04593,5639.0,0.04595,7833.0,0.04596,2740.0
1753592499791,05:01:39.791,phemex,ACT/USDT:USDT,0.04594,2776.0,0.04593,5639.0,0.04595,6743.0,0.04596,2740.0
1753592500514,05:01:40.514,phemex,ACT/USDT:USDT,0.04594,2776.0,0.04593,5639.0,0.04595,6743.0,0.04597,14754.0
1753592500524,05:01:40.524,phemex,ACT/USDT:USDT,0.04594,2776.0,0.04593,8415.0,0.04595,6743.0,0.04596,2776.0
1753592500573,05:01:40.573,phemex,ACT/USDT:USDT,0.04594,2776.0,0.04593,8415.0,0.04596,10886.0,0.04597,5689.0
1753592500575,05:01:40.575,phemex,ACT/USDT:USDT,0.04594,2776.0,0.04593,8415.0,0.04596,10886.0,0.04597,5689.0
1753592500688,05:01:40.688,phemex,ACT/USDT:USDT,0.04594,2776.0,0.04593,8415.0,0.04595,2776.0,0.04596,10886.0
1753592500708,05:01:40.708,phemex,ACT/USDT:USDT,0.04594,2776.0,0.04593,8415.0,0.04596,10886.0,0.04597,5689.0
1753592500730,05:01:40.730,phemex,ACT/USDT:USDT,0.04594,2776.0,0.04593,8415.0,0.04595,2776.0,0.04596,10886.0
1753592501060,05:01:41.060,phemex,ACT/USDT:USDT,0.04594,2776.0,0.04593,8415.0,0.04596,10886.0,0.04597,5689.0
1753592501071,05:01:41.071,phemex,ACT/USDT:USDT,0.04594,2776.0,0.04593,8415.0,0.04595,2776.0,0.04596,10886.0
1753592501583,05:01:41.583,phemex,ACT/USDT:USDT,0.04593,8415.0,0.04592,10984.0,0.04595,2776.0,0.04596,10886.0
1753592501619,05:01:41.619,phemex,ACT/USDT:USDT,0.04593,8415.0,0.04592,10984.0,0.04595,2776.0,0.04596,10886.0
1753592502373,05:01:42.373,phemex,ACT/USDT:USDT,0.04594,2776.0,0.04593,8415.0,0.04595,2776.0,0.04596,10886.0
1753592502511,05:01:42.511,phemex,ACT/USDT:USDT,0.04594,2776.0,0.04593,8415.0,0.04596,10886.0,0.04597,5689.0
1753592502604,05:01:42.604,phemex,ACT/USDT:USDT,0.04594,2776.0,0.04593,8415.0,0.04596,10886.0,0.04597,5689.0
1753592502635,05:01:42.635,phemex,ACT/USDT:USDT,0.04594,2776.0,0.04593,8415.0,0.04596,10886.0,0.04597,5689.0
1753592502696,05:01:42.696,phemex,ACT/USDT:USDT,0.04594,2776.0,0.04593,8415.0,0.04595,2776.0,0.04596,10886.0
1753592502899,05:01:42.899,phemex,ACT/USDT:USDT,0.04594,2776.0,0.04593,8415.0,0.04596,10886.0,0.04597,5689.0
1753592502962,05:01:42.962,phemex,ACT/USDT:USDT,0.04594,2776.0,0.04593,8415.0,0.04596,10886.0,0.04597,5689.0
1753592503696,05:01:43.696,phemex,ACT/USDT:USDT,0.04594,2776.0,0.04593,8415.0,0.04595,2771.0,0.04596,10886.0
1753592503769,05:01:43.769,phemex,ACT/USDT:USDT,0.04594,6250.0,0.04593,10667.0,0.04595,2771.0,0.04596,10886.0
1753592503793,05:01:43.793,phemex,ACT/USDT:USDT,0.04594,6250.0,0.04593,10667.0,0.04595,2771.0,0.04596,10886.0
1753592504660,05:01:44.660,phemex,ACT/USDT:USDT,0.04594,3474.0,0.04593,10667.0,0.04595,2771.0,0.04596,10886.0
1753592505256,05:01:45.256,phemex,ACT/USDT:USDT,0.04594,3474.0,0.04593,10667.0,0.04595,2771.0,0.04596,10886.0
1753592505276,05:01:45.276,phemex,ACT/USDT:USDT,0.04594,3474.0,0.04593,10667.0,0.04595,2771.0,0.04596,10886.0
1753592505598,05:01:45.598,phemex,ACT/USDT:USDT,0.04594,3474.0,0.04593,10667.0,0.04596,10886.0,0.04597,5689.0
1753592505639,05:01:45.639,phemex,ACT/USDT:USDT,0.04594,3474.0,0.04593,10667.0,0.04596,10886.0,0.04597,5689.0
1753592505657,05:01:45.657,phemex,ACT/USDT:USDT,0.04594,3474.0,0.04593,10667.0,0.04595,2771.0,0.04596,10886.0
1753592505680,05:01:45.680,phemex,ACT/USDT:USDT,0.04594,3474.0,0.04593,10667.0,0.04595,2771.0,0.04596,10886.0
1753592505699,05:01:45.699,phemex,ACT/USDT:USDT,0.04594,3474.0,0.04593,10667.0,0.04596,10886.0,0.04597,5689.0
1753592505755,05:01:45.755,phemex,ACT/USDT:USDT,0.04594,3474.0,0.04593,10667.0,0.04595,2771.0,0.04596,10886.0
1753592505784,05:01:45.784,phemex,ACT/USDT:USDT,0.04594,3474.0,0.04593,10667.0,0.04596,10886.0,0.04597,5689.0
1753592505803,05:01:45.803,phemex,ACT/USDT:USDT,0.04594,3474.0,0.04593,10667.0,0.04596,10886.0,0.04597,5689.0
1753592505934,05:01:45.934,phemex,ACT/USDT:USDT,0.04594,3194.0,0.04593,10667.0,0.04596,10886.0,0.04597,5689.0
1753592506296,05:01:46.296,phemex,ACT/USDT:USDT,0.04594,3194.0,0.04593,10667.0,0.04595,2771.0,0.04596,10886.0
1753592506567,05:01:46.567,phemex,ACT/USDT:USDT,0.04594,3194.0,0.04593,10667.0,0.04596,10886.0,0.04597,5689.0
1753592506595,05:01:46.595,phemex,ACT/USDT:USDT,0.04594,3194.0,0.04593,10667.0,0.04596,10886.0,0.04597,5689.0
1753592506606,05:01:46.606,phemex,ACT/USDT:USDT,0.04594,3194.0,0.04593,10667.0,0.04595,2771.0,0.04596,10886.0
1753592506636,05:01:46.636,phemex,ACT/USDT:USDT,0.04594,3194.0,0.04593,10667.0,0.04596,10886.0,0.04597,5689.0
1753592506651,05:01:46.651,phemex,ACT/USDT:USDT,0.04594,3194.0,0.04593,10667.0,0.04596,10886.0,0.04597,5689.0
1753592506856,05:01:46.856,phemex,ACT/USDT:USDT,0.04594,3194.0,0.04593,10667.0,0.04595,2771.0,0.04596,10886.0
1753592506900,05:01:46.900,phemex,ACT/USDT:USDT,0.04594,3194.0,0.04593,10667.0,0.04596,10886.0,0.04597,5689.0
1753592506916,05:01:46.916,phemex,ACT/USDT:USDT,0.04594,3194.0,0.04593,10667.0,0.04596,10886.0,0.04597,5689.0
1753592507937,05:01:47.937,phemex,ACT/USDT:USDT,0.04595,2771.0,0.04594,3194.0,0.04596,10886.0,0.04597,5689.0
1753592507987,05:01:47.987,phemex,ACT/USDT:USDT,0.04594,3194.0,0.04593,10667.0,0.04596,10886.0,0.04597,5689.0
1753592508032,05:01:48.032,phemex,ACT/USDT:USDT,0.04594,3194.0,0.04593,10667.0,0.04596,10886.0,0.04597,5689.0
1753592508079,05:01:48.079,phemex,ACT/USDT:USDT,0.04595,2771.0,0.04594,3194.0,0.04596,10886.0,0.04597,5689.0
1753592508092,05:01:48.092,phemex,ACT/USDT:USDT,0.04595,2771.0,0.04594,3194.0,0.04596,8110.0,0.04597,5689.0
1753592508129,05:01:48.129,phemex,ACT/USDT:USDT,0.04595,2771.0,0.04594,5965.0,0.04596,8110.0,0.04597,5689.0
1753592508258,05:01:48.258,phemex,ACT/USDT:USDT,0.04594,5965.0,0.04593,10667.0,0.04596,8110.0,0.04597,5689.0
1753592508326,05:01:48.326,phemex,ACT/USDT:USDT,0.04595,2771.0,0.04594,5965.0,0.04596,8110.0,0.04597,5689.0
1753592508388,05:01:48.388,phemex,ACT/USDT:USDT,0.04594,5965.0,0.04593,10667.0,0.04596,8110.0,0.04597,5689.0
1753592508410,05:01:48.410,phemex,ACT/USDT:USDT,0.04594,5965.0,0.04593,10667.0,0.04596,8110.0,0.04597,5689.0
1753592508486,05:01:48.486,phemex,ACT/USDT:USDT,0.04595,2771.0,0.04594,5965.0,0.04596,8110.0,0.04597,5689.0
1753592508545,05:01:48.545,phemex,ACT/USDT:USDT,0.04594,5965.0,0.04593,10667.0,0.04596,8110.0,0.04597,5689.0
1753592508599,05:01:48.599,phemex,ACT/USDT:USDT,0.04595,2771.0,0.04594,5965.0,0.04596,8110.0,0.04597,5689.0
1753592508643,05:01:48.643,phemex,ACT/USDT:USDT,0.04594,5965.0,0.04593,10667.0,0.04596,8110.0,0.04597,5689.0
1753592508676,05:01:48.676,phemex,ACT/USDT:USDT,0.04594,5965.0,0.04593,10667.0,0.04595,2771.0,0.04596,8110.0
1753592508725,05:01:48.725,phemex,ACT/USDT:USDT,0.04594,5965.0,0.04593,10667.0,0.04596,8110.0,0.04597,5689.0
1753592508792,05:01:48.792,phemex,ACT/USDT:USDT,0.04595,2771.0,0.04594,5965.0,0.04596,8110.0,0.04597,5689.0
1753592509079,05:01:49.079,phemex,ACT/USDT:USDT,0.04595,10402.0,0.04594,9904.0,0.04596,8110.0,0.04597,5689.0
1753592509170,05:01:49.170,phemex,ACT/USDT:USDT,0.04595,10402.0,0.04594,9904.0,0.04597,6727.0,0.04598,8398.0
1753592509203,05:01:49.203,phemex,ACT/USDT:USDT,0.04595,7631.0,0.04594,9904.0,0.04597,6727.0,0.04598,8398.0
1753592509238,05:01:49.238,phemex,ACT/USDT:USDT,0.04595,7631.0,0.04594,9904.0,0.04597,6727.0,0.04598,8398.0
1753592509288,05:01:49.288,phemex,ACT/USDT:USDT,0.04595,7631.0,0.04594,9904.0,0.04596,2771.0,0.04597,6727.0
1753592509342,05:01:49.342,phemex,ACT/USDT:USDT,0.04595,7631.0,0.04594,9904.0,0.04596,2771.0,0.04597,6727.0
1753592509543,05:01:49.543,phemex,ACT/USDT:USDT,0.04595,7631.0,0.04594,7133.0,0.04596,2771.0,0.04597,6727.0
1753592509785,05:01:49.785,phemex,ACT/USDT:USDT,0.04595,7631.0,0.04594,7133.0,0.04596,2771.0,0.04597,6727.0
1753592509985,05:01:49.985,phemex,ACT/USDT:USDT,0.04592,15047.0,0.04591,15792.0,0.04596,2771.0,0.04597,6727.0
1753592510016,05:01:50.016,phemex,ACT/USDT:USDT,0.04593,2771.0,0.04592,15047.0,0.04596,2771.0,0.04597,6727.0
1753592510032,05:01:50.032,phemex,ACT/USDT:USDT,0.04592,15047.0,0.04591,15792.0,0.04596,2771.0,0.04597,6727.0
1753592510049,05:01:50.049,phemex,ACT/USDT:USDT,0.04593,2771.0,0.04592,15047.0,0.04596,2771.0,0.04597,6727.0
1753592510433,05:01:50.433,phemex,ACT/USDT:USDT,0.04592,15047.0,0.04591,15792.0,0.04596,2771.0,0.04597,6727.0
1753592510445,05:01:50.445,phemex,ACT/USDT:USDT,0.04592,15047.0,0.04591,15792.0,0.04596,2771.0,0.04597,6727.0
1753592510481,05:01:50.481,phemex,ACT/USDT:USDT,0.04592,15047.0,0.04591,15792.0,0.04596,2771.0,0.04597,6727.0
1753592510500,05:01:50.500,phemex,ACT/USDT:USDT,0.04592,15047.0,0.04591,15792.0,0.04596,2771.0,0.04597,6727.0
1753592510636,05:01:50.636,phemex,ACT/USDT:USDT,0.04592,11078.0,0.04591,15792.0,0.04596,2771.0,0.04597,6727.0
1753592510659,05:01:50.659,phemex,ACT/USDT:USDT,0.04592,8350.0,0.04591,2771.0,0.04596,2771.0,0.04597,6727.0
1753592510709,05:01:50.709,phemex,ACT/USDT:USDT,0.04592,8350.0,0.04591,2771.0,0.04596,3736.0,0.04597,6727.0
1753592510766,05:01:50.766,phemex,ACT/USDT:USDT,0.04592,8350.0,0.04591,2771.0,0.04595,2771.0,0.04596,3736.0
1753592510783,05:01:50.783,phemex,ACT/USDT:USDT,0.04592,8350.0,0.04591,2771.0,0.04595,3736.0,0.04596,2771.0
1753592510853,05:01:50.853,phemex,ACT/USDT:USDT,0.04592,8350.0,0.04591,2771.0,0.04594,2771.0,0.04595,3736.0
1753592511016,05:01:51.016,phemex,ACT/USDT:USDT,0.04592,8350.0,0.04591,2771.0,0.04594,2771.0,0.04595,3736.0
1753592511026,05:01:51.026,phemex,ACT/USDT:USDT,0.04592,8350.0,0.04591,2771.0,0.04594,2771.0,0.04595,3736.0
1753592511098,05:01:51.098,phemex,ACT/USDT:USDT,0.04592,8350.0,0.04591,2771.0,0.04594,2771.0,0.04595,3736.0
1753592511296,05:01:51.296,phemex,ACT/USDT:USDT,0.04592,8350.0,0.0459,14015.0,0.04594,2771.0,0.04595,3736.0
1753592511331,05:01:51.331,phemex,ACT/USDT:USDT,0.04592,8350.0,0.04591,2771.0,0.04594,2771.0,0.04595,3736.0
1753592511394,05:01:51.394,phemex,ACT/USDT:USDT,0.04592,8350.0,0.0459,14015.0,0.04594,2771.0,0.04595,3736.0
1753592511448,05:01:51.448,phemex,ACT/USDT:USDT,0.04591,2771.0,0.0459,2729.0,0.04594,2771.0,0.04595,3736.0
1753592511568,05:01:51.568,phemex,ACT/USDT:USDT,0.04589,2814.0,0.04588,2713.0,0.04594,2771.0,0.04595,3736.0
1753592511596,05:01:51.596,phemex,ACT/USDT:USDT,0.04588,2713.0,0.04587,7299.0,0.04594,2771.0,0.04595,3736.0
1753592511614,05:01:51.614,phemex,ACT/USDT:USDT,0.04588,2713.0,0.04587,7299.0,0.04594,2771.0,0.04595,3736.0
1753592511614,05:01:51.614,phemex,ACT/USDT:USDT,0.04588,2713.0,0.04587,7299.0,0.04594,2771.0,0.04595,3736.0
1753592512732,05:01:52.732,phemex,ACT/USDT:USDT,0.04588,2713.0,0.04587,7299.0,0.04594,2771.0,0.04595,3736.0
1753592512743,05:01:52.743,phemex,ACT/USDT:USDT,0.04588,2713.0,0.04587,7299.0,0.04594,2771.0,0.04595,2771.0
1753592512768,05:01:52.768,phemex,ACT/USDT:USDT,0.04588,2713.0,0.04587,7299.0,0.04595,2771.0,0.04596,2771.0
1753592512831,05:01:52.831,phemex,ACT/USDT:USDT,0.04588,2713.0,0.04587,7299.0,0.04595,1523.0,0.04596,2771.0
1753592512920,05:01:52.920,phemex,ACT/USDT:USDT,0.04588,2713.0,0.04587,7299.0,0.04595,1523.0,0.04596,2771.0
1753592512959,05:01:52.959,phemex,ACT/USDT:USDT,0.04588,2713.0,0.04587,7299.0,0.04594,2771.0,0.04595,1523.0
1753592514843,05:01:54.843,phemex,ACT/USDT:USDT,0.04588,2713.0,0.04587,7299.0,0.04592,3444.0,0.04593,12438.0
1753592514866,05:01:54.866,phemex,ACT/USDT:USDT,0.04588,2713.0,0.04587,7299.0,0.04591,2815.0,0.04592,3444.0
1753592514884,05:01:54.884,phemex,ACT/USDT:USDT,0.04588,2713.0,0.04587,7299.0,0.04591,2815.0,0.04592,6259.0
1753592515561,05:01:55.561,phemex,ACT/USDT:USDT,0.04588,2713.0,0.04587,7299.0,0.04591,2815.0,0.04592,6259.0
1753592515592,05:01:55.592,phemex,ACT/USDT:USDT,0.04588,2713.0,0.04587,7299.0,0.04591,2815.0,0.04592,6259.0
1753592518156,05:01:58.156,phemex,ACT/USDT:USDT,0.04588,2713.0,0.04587,7299.0,0.04591,2815.0,0.04592,6259.0
1753592518228,05:01:58.228,phemex,ACT/USDT:USDT,0.04588,13962.0,0.04587,7299.0,0.04591,2815.0,0.04592,6259.0
1753592518251,05:01:58.251,phemex,ACT/USDT:USDT,0.04589,2815.0,0.04588,13962.0,0.04591,2815.0,0.04592,6259.0
1753592520043,05:02:00.043,phemex,ACT/USDT:USDT,0.04589,2815.0,0.04588,13962.0,0.04591,5780.0,0.04592,12013.0
1753592520646,05:02:00.646,phemex,ACT/USDT:USDT,0.04589,2815.0,0.04588,13962.0,0.04592,2815.0,0.04593,4648.0
1753592520674,05:02:00.674,phemex,ACT/USDT:USDT,0.04589,2815.0,0.04588,13962.0,0.04592,2815.0,0.04593,7463.0
1753592521892,05:02:01.892,phemex,ACT/USDT:USDT,0.04588,13962.0,0.04587,7299.0,0.04592,2815.0,0.04593,7463.0
1753592521957,05:02:01.957,phemex,ACT/USDT:USDT,0.04588,11249.0,0.04587,7299.0,0.04592,2815.0,0.04593,7463.0
1753592521977,05:02:01.977,phemex,ACT/USDT:USDT,0.04588,11249.0,0.04587,7299.0,0.04592,3757.0,0.04593,7463.0
1753592522012,05:02:02.012,phemex,ACT/USDT:USDT,0.04588,11249.0,0.04587,7299.0,0.04592,3757.0,0.04593,7463.0
1753592522105,05:02:02.105,phemex,ACT/USDT:USDT,0.04588,11249.0,0.04587,7299.0,0.04591,2815.0,0.04592,3757.0
1753592522701,05:02:02.701,phemex,ACT/USDT:USDT,0.04587,4207.0,0.04586,5439.0,0.04591,2815.0,0.04592,3757.0
1753592522709,05:02:02.709,phemex,ACT/USDT:USDT,0.04587,4207.0,0.04586,5439.0,0.04591,2815.0,0.04592,3757.0
1753592523926,05:02:03.926,phemex,ACT/USDT:USDT,0.04586,5439.0,0.04585,14000.0,0.04591,2815.0,0.04592,3757.0
1753592523966,05:02:03.966,phemex,ACT/USDT:USDT,0.04586,5439.0,0.04585,14000.0,0.04591,2815.0,0.04592,3757.0
1753592523978,05:02:03.978,phemex,ACT/USDT:USDT,0.04586,5439.0,0.04585,14000.0,0.04591,2815.0,0.04592,3757.0
1753592524626,05:02:04.626,phemex,ACT/USDT:USDT,0.04587,2757.0,0.04586,5439.0,0.04591,2815.0,0.04592,3757.0
1753592524647,05:02:04.647,phemex,ACT/USDT:USDT,0.04586,5439.0,0.04585,14000.0,0.04591,2815.0,0.04592,3757.0
1753592524670,05:02:04.670,phemex,ACT/USDT:USDT,0.04587,2757.0,0.04586,5439.0,0.04591,2815.0,0.04592,3757.0
1753592524718,05:02:04.718,phemex,ACT/USDT:USDT,0.04586,5439.0,0.04585,14000.0,0.04591,2815.0,0.04592,3757.0
1753592524729,05:02:04.729,phemex,ACT/USDT:USDT,0.04586,5439.0,0.04585,14000.0,0.04591,2815.0,0.04592,3757.0
1753592525067,05:02:05.067,phemex,ACT/USDT:USDT,0.04587,2757.0,0.04586,5439.0,0.04591,2815.0,0.04592,3757.0
1753592526051,05:02:06.051,phemex,ACT/USDT:USDT,0.04587,2757.0,0.04586,5439.0,0.04589,10435.0,0.0459,4192.0
1753592526755,05:02:06.755,phemex,ACT/USDT:USDT,0.04587,2757.0,0.04586,5439.0,0.04589,10435.0,0.0459,4192.0
1753592526834,05:02:06.834,phemex,ACT/USDT:USDT,0.04587,2757.0,0.04586,5439.0,0.04589,6554.0,0.0459,4192.0
1753592526837,05:02:06.837,phemex,ACT/USDT:USDT,0.04587,2757.0,0.04586,5439.0,0.04591,15710.0,0.04592,13248.0
1753592526861,05:02:06.861,phemex,ACT/USDT:USDT,0.04587,2757.0,0.04586,5439.0,0.0459,2757.0,0.04591,15710.0
1753592526886,05:02:06.886,phemex,ACT/USDT:USDT,0.04587,2757.0,0.04586,5439.0,0.0459,2757.0,0.04591,15710.0
1753592528419,05:02:08.419,phemex,ACT/USDT:USDT,0.04588,7641.0,0.04587,10434.0,0.0459,2757.0,0.04591,15710.0
1753592528460,05:02:08.460,phemex,ACT/USDT:USDT,0.04588,7641.0,0.04587,10434.0,0.0459,2757.0,0.04591,15710.0
1753592528489,05:02:08.489,phemex,ACT/USDT:USDT,0.04588,7641.0,0.04587,10434.0,0.0459,2757.0,0.04591,15710.0
1753592530924,05:02:10.924,phemex,ACT/USDT:USDT,0.04587,10434.0,0.04586,8059.0,0.0459,2757.0,0.04591,15710.0
1753592530948,05:02:10.948,phemex,ACT/USDT:USDT,0.04587,10434.0,0.04586,8059.0,0.0459,2757.0,0.04591,15710.0
1753592531157,05:02:11.157,phemex,ACT/USDT:USDT,0.04587,7677.0,0.04586,8059.0,0.0459,2757.0,0.04591,15710.0
1753592531209,05:02:11.209,phemex,ACT/USDT:USDT,0.04587,7677.0,0.04586,8059.0,0.0459,2757.0,0.04591,15710.0
1753592532261,05:02:12.261,phemex,ACT/USDT:USDT,0.04587,7677.0,0.04586,8059.0,0.04589,10481.0,0.0459,6554.0
1753592532284,05:02:12.284,phemex,ACT/USDT:USDT,0.04587,7677.0,0.04586,8059.0,0.04588,2757.0,0.04589,10481.0
1753592535591,05:02:15.591,phemex,ACT/USDT:USDT,0.04587,3107.0,0.04586,6523.0,0.04588,2757.0,0.04589,10481.0
1753592537484,05:02:17.484,phemex,ACT/USDT:USDT,0.04587,3107.0,0.04586,6523.0,0.04588,2757.0,0.04589,10481.0
1753592537489,05:02:17.489,phemex,ACT/USDT:USDT,0.04587,3107.0,0.04586,6523.0,0.04588,2757.0,0.04589,10481.0
1753592537756,05:02:17.756,phemex,ACT/USDT:USDT,0.04587,1307.0,0.04586,6523.0,0.04588,2757.0,0.04589,10481.0
1753592539152,05:02:19.152,phemex,ACT/USDT:USDT,0.04587,1307.0,0.04586,6523.0,0.04588,2757.0,0.04589,10481.0
1753592539173,05:02:19.173,phemex,ACT/USDT:USDT,0.04587,1307.0,0.04586,6523.0,0.04588,2757.0,0.04589,10481.0
1753592539712,05:02:19.712,phemex,ACT/USDT:USDT,0.04587,1307.0,0.04586,6523.0,0.04588,2757.0,0.04589,11284.0
1753592541872,05:02:21.872,phemex,ACT/USDT:USDT,0.04587,1307.0,0.04586,6523.0,0.04588,2757.0,0.04589,11284.0
1753592541891,05:02:21.891,phemex,ACT/USDT:USDT,0.04587,1307.0,0.04586,6523.0,0.04588,2757.0,0.04589,11284.0
1753592542458,05:02:22.458,phemex,ACT/USDT:USDT,0.04587,967.0,0.04586,6523.0,0.04588,2757.0,0.04589,11284.0
1753592542475,05:02:22.475,phemex,ACT/USDT:USDT,0.04587,3735.0,0.04586,6523.0,0.04588,2757.0,0.04589,11284.0
1753592544249,05:02:24.249,phemex,ACT/USDT:USDT,0.04587,7727.0,0.04586,10492.0,0.04588,2757.0,0.04589,7563.0
1753592544264,05:02:24.264,phemex,ACT/USDT:USDT,0.04587,7727.0,0.04586,10492.0,0.04589,7563.0,0.0459,2757.0
1753592544313,05:02:24.313,phemex,ACT/USDT:USDT,0.04587,7727.0,0.04586,10492.0,0.04589,7563.0,0.0459,2757.0
1753592544332,05:02:24.332,phemex,ACT/USDT:USDT,0.04587,7727.0,0.04586,10492.0,0.04588,2761.0,0.04589,7563.0
1753592544357,05:02:24.357,phemex,ACT/USDT:USDT,0.04587,7727.0,0.04586,10492.0,0.04589,7563.0,0.0459,2757.0
1753592544384,05:02:24.384,phemex,ACT/USDT:USDT,0.04587,7727.0,0.04586,10492.0,0.04589,7563.0,0.0459,2757.0
1753592544481,05:02:24.481,phemex,ACT/USDT:USDT,0.04587,7727.0,0.04586,10492.0,0.04588,2761.0,0.04589,7563.0
1753592544709,05:02:24.709,phemex,ACT/USDT:USDT,0.04587,7727.0,0.04586,10492.0,0.04589,7563.0,0.0459,2757.0
1753592544733,05:02:24.733,phemex,ACT/USDT:USDT,0.04587,7727.0,0.04586,10492.0,0.04589,7563.0,0.0459,2757.0
1753592545317,05:02:25.317,phemex,ACT/USDT:USDT,0.04588,2761.0,0.04587,7727.0,0.04589,7563.0,0.0459,2757.0
1753592545359,05:02:25.359,phemex,ACT/USDT:USDT,0.04588,2761.0,0.04587,7727.0,0.04589,7563.0,0.0459,2757.0
1753592545409,05:02:25.409,phemex,ACT/USDT:USDT,0.04588,2761.0,0.04587,14452.0,0.04589,7563.0,0.0459,2757.0
1753592546523,05:02:26.523,phemex,ACT/USDT:USDT,0.04587,14452.0,0.04586,12038.0,0.04589,7563.0,0.0459,2757.0
1753592546567,05:02:26.567,phemex,ACT/USDT:USDT,0.04587,14452.0,0.04586,12038.0,0.04589,7563.0,0.0459,2757.0
1753592546577,05:02:26.577,phemex,ACT/USDT:USDT,0.04587,14452.0,0.04586,12038.0,0.04589,7563.0,0.0459,2757.0
1753592546601,05:02:26.601,phemex,ACT/USDT:USDT,0.04587,14452.0,0.04586,12038.0,0.04589,7563.0,0.0459,2757.0
1753592546756,05:02:26.756,phemex,ACT/USDT:USDT,0.04587,14452.0,0.04586,12038.0,0.04588,2761.0,0.04589,7563.0
1753592546787,05:02:26.787,phemex,ACT/USDT:USDT,0.04587,14452.0,0.04586,12038.0,0.04589,7563.0,0.0459,2757.0
1753592546826,05:02:26.826,phemex,ACT/USDT:USDT,0.04587,6760.0,0.04586,6740.0,0.04588,2761.0,0.04589,7563.0
1753592548876,05:02:28.876,phemex,ACT/USDT:USDT,0.04587,3992.0,0.04586,6740.0,0.04588,2761.0,0.04589,7563.0
1753592550857,05:02:30.857,phemex,ACT/USDT:USDT,0.04587,3559.0,0.04586,6740.0,0.04588,2761.0,0.04589,7563.0
1753592551114,05:02:31.114,phemex,ACT/USDT:USDT,0.04587,3559.0,0.04586,6740.0,0.04589,7563.0,0.0459,2757.0
1753592551124,05:02:31.124,phemex,ACT/USDT:USDT,0.04587,3559.0,0.04586,6740.0,0.04588,2761.0,0.04589,7563.0
1753592553245,05:02:33.245,phemex,ACT/USDT:USDT,0.04587,10508.0,0.04586,6740.0,0.0459,8811.0,0.04591,5618.0
1753592553365,05:02:33.365,phemex,ACT/USDT:USDT,0.04588,2761.0,0.04587,6949.0,0.04589,2761.0,0.0459,8811.0
1753592553649,05:02:33.649,phemex,ACT/USDT:USDT,0.04588,2761.0,0.04587,6949.0,0.0459,8811.0,0.04591,5618.0
1753592553692,05:02:33.692,phemex,ACT/USDT:USDT,0.04588,2761.0,0.04587,6949.0,0.0459,8811.0,0.04591,5618.0
1753592556320,05:02:36.320,phemex,ACT/USDT:USDT,0.04588,2761.0,0.04587,6949.0,0.04589,2748.0,0.0459,8811.0
1753592556939,05:02:36.939,phemex,ACT/USDT:USDT,0.04587,6949.0,0.04586,7296.0,0.04589,2748.0,0.0459,8811.0
1753592556953,05:02:36.953,phemex,ACT/USDT:USDT,0.04587,6949.0,0.04586,7296.0,0.04589,2748.0,0.0459,8811.0
1753592556973,05:02:36.973,phemex,ACT/USDT:USDT,0.04588,2748.0,0.04587,6949.0,0.04589,2748.0,0.0459,8811.0
1753592557035,05:02:37.035,phemex,ACT/USDT:USDT,0.04587,6949.0,0.04586,7296.0,0.0459,8811.0,0.04591,5618.0
1753592557085,05:02:37.085,phemex,ACT/USDT:USDT,0.04588,2748.0,0.04587,6949.0,0.04589,2748.0,0.0459,8811.0
1753592558487,05:02:38.487,phemex,ACT/USDT:USDT,0.04587,6949.0,0.04586,7296.0,0.04589,2748.0,0.0459,8811.0
1753592558517,05:02:38.517,phemex,ACT/USDT:USDT,0.04588,2748.0,0.04587,6949.0,0.04589,2748.0,0.0459,8811.0
1753592558584,05:02:38.584,phemex,ACT/USDT:USDT,0.04588,4562.0,0.04586,14014.0,0.04589,2748.0,0.0459,8811.0
1753592558596,05:02:38.596,phemex,ACT/USDT:USDT,0.04588,4562.0,0.04587,2748.0,0.04589,2748.0,0.0459,8811.0
1753592558986,05:02:38.986,phemex,ACT/USDT:USDT,0.04588,7523.0,0.04587,7556.0,0.04589,2748.0,0.0459,16037.0
1753592558991,05:02:38.991,phemex,ACT/USDT:USDT,0.04588,7523.0,0.04587,7556.0,0.04589,2748.0,0.0459,16037.0
1753592559043,05:02:39.043,phemex,ACT/USDT:USDT,0.04588,7523.0,0.04587,7556.0,0.04589,2748.0,0.0459,16037.0
1753592559581,05:02:39.581,phemex,ACT/USDT:USDT,0.04588,7368.0,0.04587,7556.0,0.04589,2748.0,0.0459,16037.0
1753592561952,05:02:41.952,phemex,ACT/USDT:USDT,0.04588,7323.0,0.04587,7556.0,0.04589,2748.0,0.0459,16037.0
1753592562778,05:02:42.778,phemex,ACT/USDT:USDT,0.04588,7323.0,0.04587,4808.0,0.04589,2748.0,0.0459,16037.0
1753592565511,05:02:45.511,phemex,ACT/USDT:USDT,0.04588,7323.0,0.04587,4808.0,0.04589,2748.0,0.0459,16037.0
1753592565518,05:02:45.518,phemex,ACT/USDT:USDT,0.04588,7323.0,0.04587,4808.0,0.04589,2748.0,0.0459,16037.0
1753592566655,05:02:46.655,phemex,ACT/USDT:USDT,0.04587,4510.0,0.04586,33118.0,0.04589,2748.0,0.0459,10353.0
1753592566669,05:02:46.669,phemex,ACT/USDT:USDT,0.04587,4510.0,0.04586,7296.0,0.04589,2748.0,0.0459,10353.0
1753592566672,05:02:46.672,phemex,ACT/USDT:USDT,0.04587,4510.0,0.04586,7296.0,0.04589,2748.0,0.0459,10353.0
1753592569094,05:02:49.094,phemex,ACT/USDT:USDT,0.04587,4440.0,0.04586,7296.0,0.04589,2748.0,0.0459,10353.0
1753592569094,05:02:49.094,phemex,ACT/USDT:USDT,0.04587,4440.0,0.04586,7296.0,0.04589,2748.0,0.0459,10353.0
1753592573827,05:02:53.827,phemex,ACT/USDT:USDT,0.04587,4440.0,0.04586,12121.0,0.04589,17499.0,0.0459,15463.0
1753592573868,05:02:53.868,phemex,ACT/USDT:USDT,0.04587,4440.0,0.04586,12121.0,0.04588,2733.0,0.04589,17499.0
1753592581369,05:03:01.369,phemex,ACT/USDT:USDT,0.04587,4440.0,0.04586,12121.0,0.04589,17499.0,0.0459,15463.0
1753592581404,05:03:01.404,phemex,ACT/USDT:USDT,0.04587,4440.0,0.04586,12121.0,0.04588,2733.0,0.04589,17499.0
1753592583121,05:03:03.121,phemex,ACT/USDT:USDT,0.04587,4400.0,0.04586,12121.0,0.04588,2733.0,0.04589,17499.0
1753592587622,05:03:07.622,phemex,ACT/USDT:USDT,0.04587,4400.0,0.04586,12121.0,0.04588,2733.0,0.04589,17499.0
1753592587629,05:03:07.629,phemex,ACT/USDT:USDT,0.04587,4400.0,0.04586,12121.0,0.04588,2733.0,0.04589,17499.0
1753592591247,05:03:11.247,phemex,ACT/USDT:USDT,0.04586,4119.0,0.04585,6414.0,0.04588,6450.0,0.04589,6044.0
1753592591248,05:03:11.248,phemex,ACT/USDT:USDT,0.04586,4119.0,0.04585,6414.0,0.04588,6450.0,0.04589,6044.0
1753592591257,05:03:11.257,phemex,ACT/USDT:USDT,0.04586,4119.0,0.04585,6414.0,0.04587,2697.0,0.04588,6450.0
1753592594678,05:03:14.678,phemex,ACT/USDT:USDT,0.04586,4119.0,0.04585,6414.0,0.04588,6450.0,0.04589,6044.0
1753592594714,05:03:14.714,phemex,ACT/USDT:USDT,0.04586,4119.0,0.04585,6414.0,0.04587,2807.0,0.04588,6450.0
1753592595204,05:03:15.204,phemex,ACT/USDT:USDT,0.04587,2807.0,0.04586,4119.0,0.04588,6450.0,0.04589,6044.0
1753592595342,05:03:15.342,phemex,ACT/USDT:USDT,0.04586,4119.0,0.04585,6414.0,0.04588,6450.0,0.04589,6044.0
1753592595360,05:03:15.360,phemex,ACT/USDT:USDT,0.04586,4119.0,0.04585,6414.0,0.04588,6450.0,0.04589,6044.0
1753592595479,05:03:15.479,phemex,ACT/USDT:USDT,0.04586,4119.0,0.04585,6414.0,0.04587,2807.0,0.04588,6450.0
1753592596295,05:03:16.295,phemex,ACT/USDT:USDT,0.04586,4119.0,0.04585,6414.0,0.04588,6450.0,0.04589,6044.0
1753592596337,05:03:16.337,phemex,ACT/USDT:USDT,0.04586,4119.0,0.04585,6414.0,0.04588,6450.0,0.04589,6044.0
1753592596340,05:03:16.340,phemex,ACT/USDT:USDT,0.04586,4119.0,0.04585,6414.0,0.04587,2807.0,0.04588,6450.0
1753592599271,05:03:19.271,phemex,ACT/USDT:USDT,0.04586,4119.0,0.04585,9933.0,0.04587,7168.0,0.04588,14837.0
1753592600109,05:03:20.109,phemex,ACT/USDT:USDT,0.04586,3119.0,0.04585,9933.0,0.04587,7168.0,0.04588,14837.0
1753592601077,05:03:21.077,phemex,ACT/USDT:USDT,0.04586,3119.0,0.04585,9933.0,0.04587,7168.0,0.04588,14837.0
1753592602263,05:03:22.263,phemex,ACT/USDT:USDT,0.04586,3119.0,0.04585,9933.0,0.04587,4361.0,0.04588,14837.0
1753592602718,05:03:22.718,phemex,ACT/USDT:USDT,0.04586,3056.0,0.04585,9933.0,0.04587,4361.0,0.04588,14837.0
1753592604062,05:03:24.062,phemex,ACT/USDT:USDT,0.04586,5866.0,0.04585,9933.0,0.04587,4361.0,0.04588,14837.0
1753592604073,05:03:24.073,phemex,ACT/USDT:USDT,0.04586,5866.0,0.04585,9933.0,0.04588,2733.0,0.04589,7432.0
1753592604104,05:03:24.104,phemex,ACT/USDT:USDT,0.04586,9388.0,0.04585,17428.0,0.04589,7432.0,0.0459,15463.0
1753592604167,05:03:24.167,phemex,ACT/USDT:USDT,0.04587,2810.0,0.04586,9388.0,0.04589,7432.0,0.0459,15463.0
1753592604198,05:03:24.198,phemex,ACT/USDT:USDT,0.04587,2810.0,0.04586,9388.0,0.04588,2810.0,0.04589,7432.0
1753592605101,05:03:25.101,phemex,ACT/USDT:USDT,0.04586,9388.0,0.04585,17428.0,0.04588,2810.0,0.04589,7432.0
1753592605124,05:03:25.124,phemex,ACT/USDT:USDT,0.04586,9388.0,0.04585,17428.0,0.04588,2810.0,0.04589,7432.0
1753592605160,05:03:25.160,phemex,ACT/USDT:USDT,0.04587,2810.0,0.04586,9388.0,0.04588,2810.0,0.04589,7432.0
1753592605251,05:03:25.251,phemex,ACT/USDT:USDT,0.04586,9388.0,0.04585,17428.0,0.04588,2810.0,0.04589,7432.0
1753592605300,05:03:25.300,phemex,ACT/USDT:USDT,0.04587,2810.0,0.04586,9388.0,0.04588,2810.0,0.04589,7432.0
1753592605715,05:03:25.715,phemex,ACT/USDT:USDT,0.04587,5838.0,0.04586,12267.0,0.04588,2810.0,0.04589,7432.0
1753592605745,05:03:25.745,phemex,ACT/USDT:USDT,0.04587,5838.0,0.04586,12267.0,0.04588,2810.0,0.04589,7432.0
1753592605777,05:03:25.777,phemex,ACT/USDT:USDT,0.04587,3028.0,0.04586,12267.0,0.04588,2810.0,0.04589,7432.0
1753592608029,05:03:28.029,phemex,ACT/USDT:USDT,0.04585,2761.0,0.04584,16437.0,0.04588,2810.0,0.04589,7432.0
1753592608040,05:03:28.040,phemex,ACT/USDT:USDT,0.04585,2761.0,0.04584,16437.0,0.04588,2810.0,0.04589,7432.0
