timestamp,time,exchange,symbol,bid1_price,bid1_volume,bid2_price,bid2_volume,ask1_price,ask1_volume,ask2_price,ask2_volume
1753591896536,04:51:36.536,phemex,ACE/USDT:USDT,0.5846,43.0,0.5845,640.0,0.5851,42.0,0.5852,6344.0
1753591898470,04:51:38.470,phemex,ACE/USDT:USDT,0.5847,857.0,0.5846,4189.0,0.585,802.0,0.5851,1550.0
1753591898487,04:51:38.487,phemex,ACE/USDT:USDT,0.5848,42.0,0.5847,857.0,0.585,802.0,0.5851,1550.0
1753591898508,04:51:38.508,phemex,ACE/USDT:USDT,0.5848,42.0,0.5847,899.0,0.585,802.0,0.5851,1550.0
1753591898880,04:51:38.880,phemex,ACE/USDT:USDT,0.5847,899.0,0.5846,4189.0,0.5849,43.0,0.585,802.0
1753591898894,04:51:38.894,phemex,ACE/USDT:USDT,0.5847,899.0,0.5846,4189.0,0.5849,43.0,0.585,845.0
1753591899561,04:51:39.561,phemex,ACE/USDT:USDT,0.5848,43.0,0.5847,899.0,0.5849,43.0,0.585,845.0
1753591899637,04:51:39.637,phemex,ACE/USDT:USDT,0.5848,43.0,0.5847,899.0,0.585,43.0,0.5851,666.0
1753591899742,04:51:39.742,phemex,ACE/USDT:USDT,0.5848,43.0,0.5847,899.0,0.585,43.0,0.5851,666.0
1753591899808,04:51:39.808,phemex,ACE/USDT:USDT,0.5848,43.0,0.5847,899.0,0.5851,666.0,0.5852,1630.0
1753591900292,04:51:40.292,phemex,ACE/USDT:USDT,0.5848,43.0,0.5847,899.0,0.5851,624.0,0.5852,1630.0
1753591900326,04:51:40.326,phemex,ACE/USDT:USDT,0.5848,43.0,0.5847,899.0,0.5851,543.0,0.5852,1630.0
1753591905479,04:51:45.479,phemex,ACE/USDT:USDT,0.5848,43.0,0.5847,899.0,0.5851,543.0,0.5852,1630.0
1753591905485,04:51:45.485,phemex,ACE/USDT:USDT,0.5848,43.0,0.5847,899.0,0.5851,543.0,0.5852,1630.0
1753591911240,04:51:51.240,phemex,ACE/USDT:USDT,0.5848,981.0,0.5847,3131.0,0.585,42.0,0.5851,1069.0
1753591911424,04:51:51.424,phemex,ACE/USDT:USDT,0.5849,42.0,0.5848,981.0,0.585,42.0,0.5851,1069.0
1753591911655,04:51:51.655,phemex,ACE/USDT:USDT,0.5848,43.0,0.5847,42.0,0.585,539.0,0.5851,5370.0
1753591911674,04:51:51.674,phemex,ACE/USDT:USDT,0.5848,43.0,0.5847,42.0,0.5849,42.0,0.585,539.0
1753591911696,04:51:51.696,phemex,ACE/USDT:USDT,0.5847,42.0,0.5846,4786.0,0.5849,42.0,0.585,539.0
1753591911700,04:51:51.700,phemex,ACE/USDT:USDT,0.5847,42.0,0.5846,4786.0,0.5849,42.0,0.585,539.0
1753591911870,04:51:51.870,phemex,ACE/USDT:USDT,0.5847,42.0,0.5846,4786.0,0.5849,42.0,0.585,539.0
1753591912020,04:51:52.020,phemex,ACE/USDT:USDT,0.5847,42.0,0.5846,4786.0,0.585,539.0,0.5851,5412.0
1753591912169,04:51:52.169,phemex,ACE/USDT:USDT,0.5847,42.0,0.5846,4786.0,0.585,497.0,0.5851,5412.0
1753591913751,04:51:53.751,phemex,ACE/USDT:USDT,0.5847,42.0,0.5846,4786.0,0.585,493.0,0.5851,5412.0
1753591916225,04:51:56.225,phemex,ACE/USDT:USDT,0.5847,42.0,0.5846,4786.0,0.5851,568.0,0.5852,3999.0
1753591916243,04:51:56.243,phemex,ACE/USDT:USDT,0.5847,639.0,0.5846,4189.0,0.585,42.0,0.5851,568.0
1753591916298,04:51:56.298,phemex,ACE/USDT:USDT,0.5848,42.0,0.5847,639.0,0.585,42.0,0.5851,568.0
1753591916332,04:51:56.332,phemex,ACE/USDT:USDT,0.5848,42.0,0.5847,639.0,0.585,667.0,0.5851,2207.0
1753591916332,04:51:56.332,phemex,ACE/USDT:USDT,0.5848,42.0,0.5847,639.0,0.585,667.0,0.5851,2207.0
1753591917705,04:51:57.705,phemex,ACE/USDT:USDT,0.5848,42.0,0.5847,639.0,0.585,667.0,0.5851,2207.0
1753591917729,04:51:57.729,phemex,ACE/USDT:USDT,0.5848,42.0,0.5847,639.0,0.585,667.0,0.5851,2207.0
1753591918405,04:51:58.405,phemex,ACE/USDT:USDT,0.5848,1169.0,0.5847,2294.0,0.585,667.0,0.5851,2207.0
1753591919186,04:51:59.186,phemex,ACE/USDT:USDT,0.5848,1169.0,0.5847,2294.0,0.5849,42.0,0.585,667.0
1753591919197,04:51:59.197,phemex,ACE/USDT:USDT,0.5848,1169.0,0.5847,2294.0,0.585,667.0,0.5851,2207.0
1753591919220,04:51:59.220,phemex,ACE/USDT:USDT,0.5848,1169.0,0.5847,2294.0,0.585,667.0,0.5851,2207.0
1753591920207,04:52:00.207,phemex,ACE/USDT:USDT,0.5848,1169.0,0.5847,2294.0,0.5849,42.0,0.585,667.0
1753591920223,04:52:00.223,phemex,ACE/USDT:USDT,0.5848,1169.0,0.5847,2294.0,0.585,667.0,0.5851,2207.0
1753591920245,04:52:00.245,phemex,ACE/USDT:USDT,0.5848,1169.0,0.5847,2294.0,0.585,667.0,0.5851,2207.0
1753591920411,04:52:00.411,phemex,ACE/USDT:USDT,0.5849,42.0,0.5848,1169.0,0.585,667.0,0.5851,2207.0
1753591920490,04:52:00.490,phemex,ACE/USDT:USDT,0.5848,1169.0,0.5847,2294.0,0.585,667.0,0.5851,2207.0
1753591921479,04:52:01.479,phemex,ACE/USDT:USDT,0.5849,42.0,0.5848,1169.0,0.585,1027.0,0.5851,3692.0
1753591921500,04:52:01.500,phemex,ACE/USDT:USDT,0.5849,42.0,0.5848,1169.0,0.5851,42.0,0.5852,3999.0
1753591921520,04:52:01.520,phemex,ACE/USDT:USDT,0.5849,42.0,0.5848,1169.0,0.5851,42.0,0.5852,3999.0
1753591921538,04:52:01.538,phemex,ACE/USDT:USDT,0.5849,42.0,0.5848,1766.0,0.5851,42.0,0.5852,3999.0
1753591921677,04:52:01.677,phemex,ACE/USDT:USDT,0.5849,42.0,0.5848,1766.0,0.5852,3999.0,0.5853,4564.0
1753591921837,04:52:01.837,phemex,ACE/USDT:USDT,0.5849,42.0,0.5848,1766.0,0.5851,42.0,0.5852,3999.0
1753591921947,04:52:01.947,phemex,ACE/USDT:USDT,0.5849,42.0,0.5848,1169.0,0.5851,42.0,0.5852,3999.0
1753591921952,04:52:01.952,phemex,ACE/USDT:USDT,0.5849,639.0,0.5848,1169.0,0.5851,42.0,0.5852,3999.0
1753591922184,04:52:02.184,phemex,ACE/USDT:USDT,0.585,42.0,0.5849,42.0,0.5851,42.0,0.5852,3999.0
1753591922245,04:52:02.245,phemex,ACE/USDT:USDT,0.585,42.0,0.5849,42.0,0.5852,3999.0,0.5853,4564.0
1753591922518,04:52:02.518,phemex,ACE/USDT:USDT,0.5849,42.0,0.5848,1169.0,0.5851,42.0,0.5852,3999.0
1753591922581,04:52:02.581,phemex,ACE/USDT:USDT,0.5848,1169.0,0.5847,2294.0,0.5851,42.0,0.5852,3999.0
1753591922746,04:52:02.746,phemex,ACE/USDT:USDT,0.5848,1169.0,0.5847,2294.0,0.5851,42.0,0.5852,3999.0
1753591922878,04:52:02.878,phemex,ACE/USDT:USDT,0.5849,42.0,0.5848,1169.0,0.5851,42.0,0.5852,3999.0
1753591923067,04:52:03.067,phemex,ACE/USDT:USDT,0.5848,1169.0,0.5847,2294.0,0.5851,42.0,0.5852,3999.0
1753591923093,04:52:03.093,phemex,ACE/USDT:USDT,0.5849,42.0,0.5848,1169.0,0.5851,42.0,0.5852,3999.0
1753591924167,04:52:04.167,phemex,ACE/USDT:USDT,0.5849,1161.0,0.5848,3665.0,0.5851,42.0,0.5852,3999.0
1753591924199,04:52:04.199,phemex,ACE/USDT:USDT,0.5849,1161.0,0.5848,3665.0,0.5851,42.0,0.5852,3999.0
1753591925838,04:52:05.838,phemex,ACE/USDT:USDT,0.5849,42.0,0.5848,42.0,0.5851,42.0,0.5852,3999.0
1753591925926,04:52:05.926,phemex,ACE/USDT:USDT,0.5848,42.0,0.5847,5644.0,0.5851,42.0,0.5852,3999.0
1753591928298,04:52:08.298,phemex,ACE/USDT:USDT,0.5848,42.0,0.5847,2135.0,0.5851,42.0,0.5852,3999.0
1753591928305,04:52:08.305,phemex,ACE/USDT:USDT,0.5848,42.0,0.5847,42.0,0.5851,928.0,0.5852,3999.0
1753591928366,04:52:08.366,phemex,ACE/USDT:USDT,0.5847,42.0,0.5846,2183.0,0.585,42.0,0.5851,928.0
1753591929035,04:52:09.035,phemex,ACE/USDT:USDT,0.5847,42.0,0.5846,2183.0,0.5851,928.0,0.5852,3999.0
1753591929056,04:52:09.056,phemex,ACE/USDT:USDT,0.5847,42.0,0.5846,2183.0,0.585,42.0,0.5851,928.0
1753591932485,04:52:12.485,phemex,ACE/USDT:USDT,0.5847,639.0,0.5846,1586.0,0.585,42.0,0.5851,928.0
1753591932517,04:52:12.517,phemex,ACE/USDT:USDT,0.5848,42.0,0.5847,639.0,0.585,42.0,0.5851,928.0
1753591933403,04:52:13.403,phemex,ACE/USDT:USDT,0.5848,1213.0,0.5847,3952.0,0.585,1112.0,0.5851,3795.0
1753591933743,04:52:13.743,phemex,ACE/USDT:USDT,0.5849,42.0,0.5848,1213.0,0.585,1112.0,0.5851,3795.0
1753591933792,04:52:13.792,phemex,ACE/USDT:USDT,0.5848,1213.0,0.5847,3952.0,0.585,1112.0,0.5851,3795.0
1753591934735,04:52:14.735,phemex,ACE/USDT:USDT,0.5849,42.0,0.5848,1213.0,0.585,1070.0,0.5851,3795.0
1753591934850,04:52:14.850,phemex,ACE/USDT:USDT,0.5848,1213.0,0.5847,3952.0,0.585,1070.0,0.5851,3795.0
1753591935316,04:52:15.316,phemex,ACE/USDT:USDT,0.5849,42.0,0.5848,1213.0,0.585,1070.0,0.5851,3795.0
1753591935340,04:52:15.340,phemex,ACE/USDT:USDT,0.5848,1213.0,0.5847,3952.0,0.585,1070.0,0.5851,3795.0
1753591935489,04:52:15.489,phemex,ACE/USDT:USDT,0.5849,42.0,0.5848,1213.0,0.585,1070.0,0.5851,3795.0
1753591935497,04:52:15.497,phemex,ACE/USDT:USDT,0.5848,1213.0,0.5847,3952.0,0.585,1070.0,0.5851,3795.0
1753591935554,04:52:15.554,phemex,ACE/USDT:USDT,0.5849,42.0,0.5848,1213.0,0.585,1070.0,0.5851,3795.0
1753591935603,04:52:15.603,phemex,ACE/USDT:USDT,0.5848,1213.0,0.5847,3952.0,0.585,1070.0,0.5851,3795.0
1753591935690,04:52:15.690,phemex,ACE/USDT:USDT,0.5849,42.0,0.5848,1213.0,0.585,1070.0,0.5851,3795.0
1753591935690,04:52:15.690,phemex,ACE/USDT:USDT,0.5849,42.0,0.5848,1213.0,0.585,1070.0,0.5851,3795.0
1753591943282,04:52:23.282,phemex,ACE/USDT:USDT,0.5849,1033.0,0.5848,6278.0,0.5852,3999.0,0.5853,4159.0
1753591943287,04:52:23.287,phemex,ACE/USDT:USDT,0.5849,1630.0,0.5848,6278.0,0.5852,3999.0,0.5853,4159.0
1753591943314,04:52:23.314,phemex,ACE/USDT:USDT,0.585,41.0,0.5849,1630.0,0.5852,3999.0,0.5853,4159.0
1753591943593,04:52:23.593,phemex,ACE/USDT:USDT,0.5849,1630.0,0.5848,6278.0,0.5851,41.0,0.5852,3999.0
1753591943623,04:52:23.623,phemex,ACE/USDT:USDT,0.5849,1630.0,0.5848,6278.0,0.5851,41.0,0.5852,3999.0
1753591944242,04:52:24.242,phemex,ACE/USDT:USDT,0.585,41.0,0.5849,1630.0,0.5851,41.0,0.5852,3999.0
1753591944267,04:52:24.267,phemex,ACE/USDT:USDT,0.5849,1630.0,0.5848,6278.0,0.5851,41.0,0.5852,3999.0
1753591944601,04:52:24.601,phemex,ACE/USDT:USDT,0.585,41.0,0.5849,1630.0,0.5851,41.0,0.5852,3999.0
1753591944625,04:52:24.625,phemex,ACE/USDT:USDT,0.585,41.0,0.5849,1630.0,0.5852,3999.0,0.5853,4159.0
1753591944690,04:52:24.690,phemex,ACE/USDT:USDT,0.585,41.0,0.5849,1630.0,0.5852,3999.0,0.5853,4159.0
1753591944952,04:52:24.952,phemex,ACE/USDT:USDT,0.585,41.0,0.5849,1630.0,0.5851,41.0,0.5852,3999.0
1753591945936,04:52:25.936,phemex,ACE/USDT:USDT,0.5849,1630.0,0.5848,6278.0,0.5851,41.0,0.5852,3999.0
1753591946041,04:52:26.041,phemex,ACE/USDT:USDT,0.585,41.0,0.5849,1630.0,0.5851,41.0,0.5852,3999.0
1753591946082,04:52:26.082,phemex,ACE/USDT:USDT,0.5849,1630.0,0.5848,6278.0,0.5851,41.0,0.5852,3999.0
1753591946754,04:52:26.754,phemex,ACE/USDT:USDT,0.585,41.0,0.5849,1630.0,0.5851,41.0,0.5852,3999.0
1753591946774,04:52:26.774,phemex,ACE/USDT:USDT,0.5849,1630.0,0.5848,6278.0,0.5851,41.0,0.5852,3999.0
1753591947484,04:52:27.484,phemex,ACE/USDT:USDT,0.5849,1033.0,0.5848,6875.0,0.5851,41.0,0.5852,3999.0
1753591948286,04:52:28.286,phemex,ACE/USDT:USDT,0.5849,42.0,0.5848,42.0,0.5851,1034.0,0.5852,3999.0
1753591948305,04:52:28.305,phemex,ACE/USDT:USDT,0.5849,41.0,0.5848,42.0,0.585,41.0,0.5851,1034.0
1753591948460,04:52:28.460,phemex,ACE/USDT:USDT,0.5848,42.0,0.5847,2415.0,0.585,41.0,0.5851,1034.0
1753591950020,04:52:30.020,phemex,ACE/USDT:USDT,0.5847,2415.0,0.5846,6105.0,0.585,41.0,0.5851,1034.0
1753591950197,04:52:30.197,phemex,ACE/USDT:USDT,0.5848,42.0,0.5847,2415.0,0.585,41.0,0.5851,1034.0
1753591951163,04:52:31.163,phemex,ACE/USDT:USDT,0.5848,42.0,0.5847,2415.0,0.5851,1034.0,0.5852,3999.0
1753591951328,04:52:31.328,phemex,ACE/USDT:USDT,0.5848,42.0,0.5847,2415.0,0.585,42.0,0.5851,1034.0
1753591952016,04:52:32.016,phemex,ACE/USDT:USDT,0.5848,42.0,0.5847,2415.0,0.5851,1034.0,0.5852,3999.0
1753591952056,04:52:32.056,phemex,ACE/USDT:USDT,0.5848,42.0,0.5847,2415.0,0.585,42.0,0.5851,1034.0
1753591952115,04:52:32.115,phemex,ACE/USDT:USDT,0.5848,42.0,0.5847,2415.0,0.585,42.0,0.5851,1034.0
1753591953648,04:52:33.648,phemex,ACE/USDT:USDT,0.5848,1197.0,0.5847,4673.0,0.585,1186.0,0.5851,3665.0
1753591953672,04:52:33.672,phemex,ACE/USDT:USDT,0.5849,42.0,0.5848,1197.0,0.585,1186.0,0.5851,3665.0
1753591953712,04:52:33.712,phemex,ACE/USDT:USDT,0.5848,1197.0,0.5847,4673.0,0.585,1186.0,0.5851,3665.0
1753591955816,04:52:35.816,phemex,ACE/USDT:USDT,0.5849,42.0,0.5848,1197.0,0.585,1186.0,0.5851,3665.0
1753591955822,04:52:35.822,phemex,ACE/USDT:USDT,0.5848,1197.0,0.5847,4673.0,0.585,1186.0,0.5851,3665.0
1753591958740,04:52:38.740,phemex,ACE/USDT:USDT,0.5849,42.0,0.5848,1197.0,0.585,1186.0,0.5851,3665.0
1753591958759,04:52:38.759,phemex,ACE/USDT:USDT,0.5848,1197.0,0.5847,4673.0,0.585,1186.0,0.5851,3665.0
1753591959671,04:52:39.671,phemex,ACE/USDT:USDT,0.5849,42.0,0.5848,1197.0,0.585,1186.0,0.5851,3665.0
1753591959731,04:52:39.731,phemex,ACE/USDT:USDT,0.5849,42.0,0.5848,1197.0,0.585,1144.0,0.5851,3665.0
1753591959774,04:52:39.774,phemex,ACE/USDT:USDT,0.5849,988.0,0.5848,3239.0,0.585,1144.0,0.5851,3665.0
1753591960390,04:52:40.390,phemex,ACE/USDT:USDT,0.5849,42.0,0.5848,42.0,0.585,1144.0,0.5851,3665.0
1753591960413,04:52:40.413,phemex,ACE/USDT:USDT,0.5848,42.0,0.5847,9480.0,0.585,1144.0,0.5851,3665.0
1753591961564,04:52:41.564,phemex,ACE/USDT:USDT,0.5848,42.0,0.5847,9480.0,0.5849,42.0,0.585,1144.0
1753591961596,04:52:41.596,phemex,ACE/USDT:USDT,0.5848,42.0,0.5847,9480.0,0.5849,42.0,0.585,1144.0
1753591961640,04:52:41.640,phemex,ACE/USDT:USDT,0.5848,42.0,0.5847,9480.0,0.585,1144.0,0.5851,3665.0
1753591961662,04:52:41.662,phemex,ACE/USDT:USDT,0.5848,42.0,0.5847,9480.0,0.585,1144.0,0.5851,3665.0
1753591961740,04:52:41.740,phemex,ACE/USDT:USDT,0.5848,42.0,0.5847,9480.0,0.585,1139.0,0.5851,3665.0
1753591965478,04:52:45.478,phemex,ACE/USDT:USDT,0.5848,42.0,0.5847,8883.0,0.585,1139.0,0.5851,3665.0
1753591965483,04:52:45.483,phemex,ACE/USDT:USDT,0.5848,639.0,0.5847,8883.0,0.585,1139.0,0.5851,3665.0
1753591965546,04:52:45.546,phemex,ACE/USDT:USDT,0.5849,42.0,0.5848,639.0,0.585,1139.0,0.5851,3665.0
1753591966947,04:52:46.947,phemex,ACE/USDT:USDT,0.5849,1032.0,0.5848,3199.0,0.585,1139.0,0.5851,3665.0
1753591968104,04:52:48.104,phemex,ACE/USDT:USDT,0.5849,1032.0,0.5848,3199.0,0.585,1139.0,0.5851,3624.0
1753591968167,04:52:48.167,phemex,ACE/USDT:USDT,0.5849,1032.0,0.5848,3199.0,0.5852,6461.0,0.5853,2433.0
1753591968212,04:52:48.212,phemex,ACE/USDT:USDT,0.585,42.0,0.5849,1032.0,0.5852,6461.0,0.5853,2433.0
1753591969604,04:52:49.604,phemex,ACE/USDT:USDT,0.585,42.0,0.5849,1032.0,0.5852,6461.0,0.5853,2433.0
1753591970803,04:52:50.803,phemex,ACE/USDT:USDT,0.585,42.0,0.5849,1032.0,0.5851,42.0,0.5852,6461.0
1753591970865,04:52:50.865,phemex,ACE/USDT:USDT,0.585,42.0,0.5849,1032.0,0.5852,6461.0,0.5853,2433.0
1753591970892,04:52:50.892,phemex,ACE/USDT:USDT,0.585,42.0,0.5849,1032.0,0.5852,6461.0,0.5853,2433.0
1753591971144,04:52:51.144,phemex,ACE/USDT:USDT,0.585,42.0,0.5849,1032.0,0.5851,42.0,0.5852,6461.0
1753591971173,04:52:51.173,phemex,ACE/USDT:USDT,0.585,42.0,0.5849,1032.0,0.5852,6461.0,0.5853,2433.0
1753591971230,04:52:51.230,phemex,ACE/USDT:USDT,0.585,42.0,0.5849,1032.0,0.5852,6461.0,0.5853,2433.0
1753591971480,04:52:51.480,phemex,ACE/USDT:USDT,0.585,42.0,0.5849,1032.0,0.5852,6461.0,0.5853,2433.0
1753591971486,04:52:51.486,phemex,ACE/USDT:USDT,0.585,42.0,0.5849,1032.0,0.5852,6461.0,0.5853,2433.0
1753591971511,04:52:51.511,phemex,ACE/USDT:USDT,0.585,42.0,0.5849,1032.0,0.5852,6461.0,0.5853,2433.0
1753591971589,04:52:51.589,phemex,ACE/USDT:USDT,0.585,42.0,0.5849,1032.0,0.5851,42.0,0.5852,6461.0
1753591972153,04:52:52.153,phemex,ACE/USDT:USDT,0.585,42.0,0.5849,1032.0,0.5852,6461.0,0.5853,2433.0
1753591974952,04:52:54.952,phemex,ACE/USDT:USDT,0.585,42.0,0.5849,1032.0,0.5851,42.0,0.5852,6461.0
1753591975623,04:52:55.623,phemex,ACE/USDT:USDT,0.5849,1032.0,0.5848,2602.0,0.5851,42.0,0.5852,6461.0
1753591975692,04:52:55.692,phemex,ACE/USDT:USDT,0.5849,1032.0,0.5848,2602.0,0.585,842.0,0.5851,4217.0
1753591979272,04:52:59.272,phemex,ACE/USDT:USDT,0.5849,990.0,0.5848,2602.0,0.585,842.0,0.5851,4217.0
1753591979727,04:52:59.727,phemex,ACE/USDT:USDT,0.585,42.0,0.5849,1032.0,0.5852,3871.0,0.5853,4956.0
1753591980106,04:53:00.106,phemex,ACE/USDT:USDT,0.5849,1032.0,0.5848,2602.0,0.5851,42.0,0.5852,3871.0
1753591980124,04:53:00.124,phemex,ACE/USDT:USDT,0.585,42.0,0.5849,1032.0,0.5851,42.0,0.5852,3871.0
1753591980156,04:53:00.156,phemex,ACE/USDT:USDT,0.585,42.0,0.5849,1032.0,0.5852,3871.0,0.5853,4956.0
1753591980198,04:53:00.198,phemex,ACE/USDT:USDT,0.585,42.0,0.5849,1032.0,0.5851,42.0,0.5852,3871.0
1753591980239,04:53:00.239,phemex,ACE/USDT:USDT,0.585,42.0,0.5849,1032.0,0.5852,3871.0,0.5853,4956.0
1753591980275,04:53:00.275,phemex,ACE/USDT:USDT,0.585,42.0,0.5849,1032.0,0.5852,3871.0,0.5853,4956.0
1753591981702,04:53:01.702,phemex,ACE/USDT:USDT,0.585,42.0,0.5849,1032.0,0.5851,42.0,0.5852,3871.0
1753591981913,04:53:01.913,phemex,ACE/USDT:USDT,0.585,42.0,0.5849,1032.0,0.5851,42.0,0.5852,3871.0
1753591981999,04:53:01.999,phemex,ACE/USDT:USDT,0.585,42.0,0.5849,1032.0,0.5852,3871.0,0.5853,4956.0
1753591982083,04:53:02.083,phemex,ACE/USDT:USDT,0.585,42.0,0.5849,1032.0,0.5851,42.0,0.5852,3871.0
1753591982158,04:53:02.158,phemex,ACE/USDT:USDT,0.585,42.0,0.5849,1032.0,0.5852,3871.0,0.5853,4956.0
1753591982184,04:53:02.184,phemex,ACE/USDT:USDT,0.585,42.0,0.5849,1032.0,0.5852,3871.0,0.5853,4956.0
1753591982365,04:53:02.365,phemex,ACE/USDT:USDT,0.585,42.0,0.5849,1032.0,0.5851,42.0,0.5852,3871.0
1753591982496,04:53:02.496,phemex,ACE/USDT:USDT,0.585,42.0,0.5849,1032.0,0.5852,3871.0,0.5853,4956.0
1753591982542,04:53:02.542,phemex,ACE/USDT:USDT,0.585,42.0,0.5849,1032.0,0.5852,3871.0,0.5853,4956.0
1753591982908,04:53:02.908,phemex,ACE/USDT:USDT,0.585,42.0,0.5849,1032.0,0.5851,42.0,0.5852,3871.0
1753591983550,04:53:03.550,phemex,ACE/USDT:USDT,0.5849,1032.0,0.5848,2602.0,0.5851,42.0,0.5852,3871.0
1753591984499,04:53:04.499,phemex,ACE/USDT:USDT,0.5849,1032.0,0.5848,2602.0,0.585,1108.0,0.5851,1497.0
1753591984509,04:53:04.509,phemex,ACE/USDT:USDT,0.5849,990.0,0.5848,2602.0,0.585,1108.0,0.5851,1497.0
1753591992025,04:53:12.025,phemex,ACE/USDT:USDT,0.5848,443.0,0.5847,2017.0,0.5849,42.0,0.585,1108.0
1753591992128,04:53:12.128,phemex,ACE/USDT:USDT,0.5848,443.0,0.5847,2017.0,0.585,1108.0,0.5851,1497.0
1753591992191,04:53:12.191,phemex,ACE/USDT:USDT,0.5848,443.0,0.5847,2017.0,0.585,1108.0,0.5851,1497.0
1753591992353,04:53:12.353,phemex,ACE/USDT:USDT,0.5848,443.0,0.5847,2017.0,0.5849,42.0,0.585,1108.0
1753591992826,04:53:12.826,phemex,ACE/USDT:USDT,0.5847,393.0,0.5846,4621.0,0.5849,42.0,0.585,1108.0
1753591992879,04:53:12.879,phemex,ACE/USDT:USDT,0.5847,351.0,0.5846,4621.0,0.5849,42.0,0.585,1108.0
1753591992930,04:53:12.930,phemex,ACE/USDT:USDT,0.5847,351.0,0.5846,4621.0,0.5849,42.0,0.585,1150.0
1753591992977,04:53:12.977,phemex,ACE/USDT:USDT,0.5847,393.0,0.5846,4621.0,0.5849,42.0,0.585,1150.0
1753591992996,04:53:12.996,phemex,ACE/USDT:USDT,0.5848,42.0,0.5847,393.0,0.5849,42.0,0.585,1150.0
1753591993051,04:53:13.051,phemex,ACE/USDT:USDT,0.5847,393.0,0.5846,4621.0,0.5849,42.0,0.585,1150.0
1753591993114,04:53:13.114,phemex,ACE/USDT:USDT,0.5848,42.0,0.5847,393.0,0.5849,42.0,0.585,1150.0
1753591993137,04:53:13.137,phemex,ACE/USDT:USDT,0.5847,393.0,0.5846,4621.0,0.5849,42.0,0.585,1150.0
1753591993482,04:53:13.482,phemex,ACE/USDT:USDT,0.5847,42.0,0.5846,560.0,0.5849,42.0,0.585,1150.0
1753591993492,04:53:13.492,phemex,ACE/USDT:USDT,0.5847,42.0,0.5846,560.0,0.5849,42.0,0.585,1150.0
1753591996509,04:53:16.509,phemex,ACE/USDT:USDT,0.5847,42.0,0.5846,560.0,0.585,1150.0,0.5851,1497.0
1753591996522,04:53:16.522,phemex,ACE/USDT:USDT,0.5847,42.0,0.5846,560.0,0.5849,42.0,0.585,1150.0
1753591998484,04:53:18.484,phemex,ACE/USDT:USDT,0.5847,42.0,0.5846,560.0,0.5849,42.0,0.585,1150.0
1753591998893,04:53:18.893,phemex,ACE/USDT:USDT,0.5847,42.0,0.5846,560.0,0.585,1150.0,0.5851,1497.0
1753591998944,04:53:18.944,phemex,ACE/USDT:USDT,0.5847,42.0,0.5846,560.0,0.585,1150.0,0.5851,1497.0
1753591999072,04:53:19.072,phemex,ACE/USDT:USDT,0.5847,501.0,0.5846,2515.0,0.5849,43.0,0.585,1150.0
1753591999082,04:53:19.082,phemex,ACE/USDT:USDT,0.5848,43.0,0.5847,923.0,0.5849,43.0,0.585,1150.0
1753591999082,04:53:19.082,phemex,ACE/USDT:USDT,0.5848,43.0,0.5847,923.0,0.5849,43.0,0.585,1150.0
1753592001440,04:53:21.440,phemex,ACE/USDT:USDT,0.5848,43.0,0.5847,923.0,0.585,1150.0,0.5851,1497.0
1753592001497,04:53:21.497,phemex,ACE/USDT:USDT,0.5848,43.0,0.5847,923.0,0.585,1150.0,0.5851,1497.0
1753592003523,04:53:23.523,phemex,ACE/USDT:USDT,0.5848,43.0,0.5847,923.0,0.585,1108.0,0.5851,1497.0
1753592003528,04:53:23.528,phemex,ACE/USDT:USDT,0.5848,43.0,0.5847,923.0,0.585,1108.0,0.5851,1497.0
1753592003542,04:53:23.542,phemex,ACE/USDT:USDT,0.5848,43.0,0.5847,923.0,0.585,1108.0,0.5851,1497.0
1753592004288,04:53:24.288,phemex,ACE/USDT:USDT,0.5849,1200.0,0.5848,2377.0,0.585,1108.0,0.5851,1497.0
1753592004303,04:53:24.303,phemex,ACE/USDT:USDT,0.5849,1200.0,0.5848,2377.0,0.585,1108.0,0.5851,1497.0
1753592004319,04:53:24.319,phemex,ACE/USDT:USDT,0.5849,1200.0,0.5848,2377.0,0.585,1108.0,0.5851,1497.0
1753592004428,04:53:24.428,phemex,ACE/USDT:USDT,0.5849,1200.0,0.5848,2377.0,0.585,1085.0,0.5851,1497.0
1753592010253,04:53:30.253,phemex,ACE/USDT:USDT,0.5849,1200.0,0.5848,2377.0,0.5851,467.0,0.5852,2411.0
1753592010270,04:53:30.270,phemex,ACE/USDT:USDT,0.585,42.0,0.5849,1200.0,0.5851,425.0,0.5852,2411.0
1753592013058,04:53:33.058,phemex,ACE/USDT:USDT,0.5849,1200.0,0.5848,2377.0,0.5851,425.0,0.5852,2411.0
1753592013109,04:53:33.109,phemex,ACE/USDT:USDT,0.5849,1200.0,0.5848,2377.0,0.5851,425.0,0.5852,2411.0
1753592013252,04:53:33.252,phemex,ACE/USDT:USDT,0.585,42.0,0.5849,1200.0,0.5851,425.0,0.5852,2411.0
1753592015573,04:53:35.573,phemex,ACE/USDT:USDT,0.585,42.0,0.5849,1242.0,0.5851,425.0,0.5852,2411.0
1753592015908,04:53:35.908,phemex,ACE/USDT:USDT,0.585,1131.0,0.5849,2231.0,0.5853,4185.0,0.5854,2397.0
1753592015932,04:53:35.932,phemex,ACE/USDT:USDT,0.5851,42.0,0.585,1131.0,0.5853,4185.0,0.5854,2110.0
1753592016810,04:53:36.810,phemex,ACE/USDT:USDT,0.5851,42.0,0.585,1131.0,0.5852,42.0,0.5853,4185.0
1753592016815,04:53:36.815,phemex,ACE/USDT:USDT,0.585,1131.0,0.5849,6732.0,0.5852,42.0,0.5853,4185.0
1753592016859,04:53:36.859,phemex,ACE/USDT:USDT,0.585,1131.0,0.5849,6732.0,0.5852,42.0,0.5853,4185.0
1753592019483,04:53:39.483,phemex,ACE/USDT:USDT,0.585,1131.0,0.5849,6135.0,0.5852,42.0,0.5853,4185.0
1753592020383,04:53:40.383,phemex,ACE/USDT:USDT,0.5851,42.0,0.585,1131.0,0.5852,42.0,0.5853,4185.0
1753592020442,04:53:40.442,phemex,ACE/USDT:USDT,0.585,1131.0,0.5849,6135.0,0.5852,42.0,0.5853,4185.0
1753592020461,04:53:40.461,phemex,ACE/USDT:USDT,0.585,1131.0,0.5849,6135.0,0.5853,4185.0,0.5854,2110.0
1753592020572,04:53:40.572,phemex,ACE/USDT:USDT,0.5851,42.0,0.585,1131.0,0.5853,4185.0,0.5854,2110.0
1753592020622,04:53:40.622,phemex,ACE/USDT:USDT,0.5851,42.0,0.585,1131.0,0.5852,42.0,0.5853,4185.0
1753592020749,04:53:40.749,phemex,ACE/USDT:USDT,0.585,1131.0,0.5849,6135.0,0.5852,42.0,0.5853,4185.0
1753592020780,04:53:40.780,phemex,ACE/USDT:USDT,0.585,1131.0,0.5849,6135.0,0.5853,4185.0,0.5854,2110.0
1753592020815,04:53:40.815,phemex,ACE/USDT:USDT,0.585,1131.0,0.5849,6135.0,0.5852,42.0,0.5853,4185.0
1753592020836,04:53:40.836,phemex,ACE/USDT:USDT,0.5851,42.0,0.585,1131.0,0.5852,42.0,0.5853,4185.0
1753592020881,04:53:40.881,phemex,ACE/USDT:USDT,0.585,1131.0,0.5849,6135.0,0.5852,42.0,0.5853,4185.0
1753592020908,04:53:40.908,phemex,ACE/USDT:USDT,0.585,1131.0,0.5849,6135.0,0.5852,42.0,0.5853,4185.0
1753592021435,04:53:41.435,phemex,ACE/USDT:USDT,0.5851,42.0,0.585,1131.0,0.5852,42.0,0.5853,4185.0
1753592021461,04:53:41.461,phemex,ACE/USDT:USDT,0.5851,42.0,0.585,1131.0,0.5853,4185.0,0.5854,2110.0
1753592021487,04:53:41.487,phemex,ACE/USDT:USDT,0.5851,1183.0,0.585,3793.0,0.5852,848.0,0.5853,4185.0
1753592021522,04:53:41.522,phemex,ACE/USDT:USDT,0.585,42.0,0.5849,3452.0,0.5852,890.0,0.5853,4185.0
1753592021530,04:53:41.530,phemex,ACE/USDT:USDT,0.5851,42.0,0.585,42.0,0.5852,890.0,0.5853,4185.0
1753592021594,04:53:41.594,phemex,ACE/USDT:USDT,0.5851,42.0,0.585,42.0,0.5852,848.0,0.5853,4185.0
1753592021630,04:53:41.630,phemex,ACE/USDT:USDT,0.585,42.0,0.5849,3452.0,0.5852,848.0,0.5853,4185.0
1753592021671,04:53:41.671,phemex,ACE/USDT:USDT,0.585,42.0,0.5849,3452.0,0.5852,848.0,0.5853,4185.0
1753592022487,04:53:42.487,phemex,ACE/USDT:USDT,0.585,42.0,0.5849,4049.0,0.5852,848.0,0.5853,4185.0
1753592026556,04:53:46.556,phemex,ACE/USDT:USDT,0.5851,1159.0,0.585,4373.0,0.5852,848.0,0.5853,4185.0
1753592028083,04:53:48.083,phemex,ACE/USDT:USDT,0.5851,1159.0,0.585,4373.0,0.5852,848.0,0.5853,4142.0
1753592028132,04:53:48.132,phemex,ACE/USDT:USDT,0.5851,1159.0,0.585,4373.0,0.5854,6046.0,0.5855,330.0
1753592028298,04:53:48.298,phemex,ACE/USDT:USDT,0.5851,1159.0,0.585,4373.0,0.5853,42.0,0.5854,6046.0
1753592028488,04:53:48.488,phemex,ACE/USDT:USDT,0.5851,1159.0,0.585,4373.0,0.5853,42.0,0.5854,6046.0
1753592030088,04:53:50.088,phemex,ACE/USDT:USDT,0.5851,1069.0,0.585,4373.0,0.5853,42.0,0.5854,6046.0
1753592032087,04:53:52.087,phemex,ACE/USDT:USDT,0.5852,42.0,0.5851,1069.0,0.5853,42.0,0.5854,6046.0
1753592032105,04:53:52.105,phemex,ACE/USDT:USDT,0.5851,1069.0,0.585,4373.0,0.5853,42.0,0.5854,6046.0
1753592032151,04:53:52.151,phemex,ACE/USDT:USDT,0.5852,42.0,0.5851,1069.0,0.5853,42.0,0.5854,6046.0
1753592032366,04:53:52.366,phemex,ACE/USDT:USDT,0.5852,42.0,0.5851,1069.0,0.5854,6046.0,0.5855,330.0
1753592032427,04:53:52.427,phemex,ACE/USDT:USDT,0.5852,42.0,0.5851,1111.0,0.5854,6046.0,0.5855,330.0
1753592032473,04:53:52.473,phemex,ACE/USDT:USDT,0.5852,42.0,0.5851,1111.0,0.5853,42.0,0.5854,6046.0
1753592033862,04:53:53.862,phemex,ACE/USDT:USDT,0.5851,1111.0,0.585,4373.0,0.5853,42.0,0.5854,6046.0
1753592034801,04:53:54.801,phemex,ACE/USDT:USDT,0.5852,42.0,0.5851,1111.0,0.5853,42.0,0.5854,6046.0
1753592034844,04:53:54.844,phemex,ACE/USDT:USDT,0.5851,1111.0,0.585,4373.0,0.5853,42.0,0.5854,6046.0
1753592035634,04:53:55.634,phemex,ACE/USDT:USDT,0.5852,42.0,0.5851,1111.0,0.5853,42.0,0.5854,6046.0
1753592035668,04:53:55.668,phemex,ACE/USDT:USDT,0.5851,1111.0,0.585,4373.0,0.5853,42.0,0.5854,6046.0
1753592035768,04:53:55.768,phemex,ACE/USDT:USDT,0.5852,42.0,0.5851,1111.0,0.5853,42.0,0.5854,6046.0
1753592035790,04:53:55.790,phemex,ACE/USDT:USDT,0.5851,1111.0,0.585,4373.0,0.5853,42.0,0.5854,6046.0
1753592036858,04:53:56.858,phemex,ACE/USDT:USDT,0.5851,1111.0,0.585,4373.0,0.5854,6046.0,0.5855,330.0
1753592036888,04:53:56.888,phemex,ACE/USDT:USDT,0.5852,42.0,0.5851,1111.0,0.5853,42.0,0.5854,6046.0
1753592036902,04:53:56.902,phemex,ACE/USDT:USDT,0.5851,1111.0,0.585,4373.0,0.5853,42.0,0.5854,6046.0
1753592038387,04:53:58.387,phemex,ACE/USDT:USDT,0.5852,42.0,0.5851,1111.0,0.5853,42.0,0.5854,6046.0
1753592038407,04:53:58.407,phemex,ACE/USDT:USDT,0.5851,1111.0,0.585,4373.0,0.5853,42.0,0.5854,6046.0
1753592038723,04:53:58.723,phemex,ACE/USDT:USDT,0.5852,43.0,0.5851,1111.0,0.5853,42.0,0.5854,6046.0
1753592038977,04:53:58.977,phemex,ACE/USDT:USDT,0.5851,1111.0,0.585,4373.0,0.5853,42.0,0.5854,6046.0
1753592039131,04:53:59.131,phemex,ACE/USDT:USDT,0.5852,43.0,0.5851,1111.0,0.5853,42.0,0.5854,6046.0
1753592039151,04:53:59.151,phemex,ACE/USDT:USDT,0.5851,1111.0,0.585,4373.0,0.5853,42.0,0.5854,6046.0
1753592039201,04:53:59.201,phemex,ACE/USDT:USDT,0.5852,43.0,0.5851,1111.0,0.5853,42.0,0.5854,6046.0
1753592040410,04:54:00.410,phemex,ACE/USDT:USDT,0.5852,43.0,0.5851,1111.0,0.5854,6046.0,0.5855,330.0
1753592040485,04:54:00.485,phemex,ACE/USDT:USDT,0.5852,43.0,0.5851,1111.0,0.5854,6046.0,0.5855,43.0
1753592041925,04:54:01.925,phemex,ACE/USDT:USDT,0.5852,43.0,0.5851,1111.0,0.5853,43.0,0.5854,6046.0
1753592041954,04:54:01.954,phemex,ACE/USDT:USDT,0.5852,43.0,0.5851,1111.0,0.5854,6046.0,0.5855,43.0
1753592043015,04:54:03.015,phemex,ACE/USDT:USDT,0.5852,43.0,0.5851,1111.0,0.5853,43.0,0.5854,6046.0
1753592043063,04:54:03.063,phemex,ACE/USDT:USDT,0.5852,43.0,0.5851,1111.0,0.5854,6046.0,0.5855,43.0
1753592046127,04:54:06.127,phemex,ACE/USDT:USDT,0.5852,43.0,0.5851,1111.0,0.5854,6003.0,0.5855,43.0
1753592046556,04:54:06.556,phemex,ACE/USDT:USDT,0.5853,863.0,0.5852,2016.0,0.5855,4091.0,0.5856,42.0
1753592046598,04:54:06.598,phemex,ACE/USDT:USDT,0.5852,486.0,0.5851,2270.0,0.5855,4048.0,0.5856,42.0
1753592046606,04:54:06.606,phemex,ACE/USDT:USDT,0.5854,43.0,0.5852,486.0,0.5855,4048.0,0.5856,42.0
1753592046618,04:54:06.618,phemex,ACE/USDT:USDT,0.5853,43.0,0.5852,486.0,0.5855,4048.0,0.5856,42.0
1753592049305,04:54:09.305,phemex,ACE/USDT:USDT,0.5853,43.0,0.5852,486.0,0.5855,4031.0,0.5856,42.0
1753592050546,04:54:10.546,phemex,ACE/USDT:USDT,0.5853,43.0,0.5852,486.0,0.5855,598.0,0.5856,4890.0
1753592050572,04:54:10.572,phemex,ACE/USDT:USDT,0.5853,43.0,0.5852,486.0,0.5856,42.0,0.5857,1945.0
1753592050588,04:54:10.588,phemex,ACE/USDT:USDT,0.5853,43.0,0.5852,486.0,0.5856,42.0,0.5857,1945.0
1753592050599,04:54:10.599,phemex,ACE/USDT:USDT,0.5853,43.0,0.5852,486.0,0.5856,42.0,0.5857,1945.0
1753592050637,04:54:10.637,phemex,ACE/USDT:USDT,0.5853,43.0,0.5852,486.0,0.5856,42.0,0.5857,1945.0
1753592050654,04:54:10.654,phemex,ACE/USDT:USDT,0.5853,43.0,0.5852,486.0,0.5857,1945.0,0.5858,3645.0
1753592050690,04:54:10.690,phemex,ACE/USDT:USDT,0.5853,43.0,0.5852,486.0,0.5857,1945.0,0.5858,3645.0
1753592050814,04:54:10.814,phemex,ACE/USDT:USDT,0.5853,43.0,0.5852,486.0,0.5856,42.0,0.5857,1945.0
1753592052568,04:54:12.568,phemex,ACE/USDT:USDT,0.5854,1105.0,0.5853,5426.0,0.5856,42.0,0.5857,1945.0
1753592055977,04:54:15.977,phemex,ACE/USDT:USDT,0.5854,1105.0,0.5853,5426.0,0.5855,1134.0,0.5856,4776.0
1753592056012,04:54:16.012,phemex,ACE/USDT:USDT,0.5854,1105.0,0.5853,5426.0,0.5855,1134.0,0.5856,4776.0
1753592056013,04:54:16.013,phemex,ACE/USDT:USDT,0.5854,1105.0,0.5853,5426.0,0.5855,1134.0,0.5856,4776.0
1753592056489,04:54:16.489,phemex,ACE/USDT:USDT,0.5851,42.0,0.585,4548.0,0.5855,1134.0,0.5856,4776.0
1753592056504,04:54:16.504,phemex,ACE/USDT:USDT,0.5851,42.0,0.585,4548.0,0.5854,42.0,0.5855,1134.0
1753592056523,04:54:16.523,phemex,ACE/USDT:USDT,0.5851,42.0,0.585,4548.0,0.5854,42.0,0.5855,1176.0
1753592057616,04:54:17.616,phemex,ACE/USDT:USDT,0.5851,42.0,0.585,4548.0,0.5854,42.0,0.5855,1176.0
1753592057635,04:54:17.635,phemex,ACE/USDT:USDT,0.5851,42.0,0.585,4548.0,0.5854,42.0,0.5855,1176.0
1753592057777,04:54:17.777,phemex,ACE/USDT:USDT,0.5851,42.0,0.585,4548.0,0.5854,42.0,0.5855,1176.0
1753592061484,04:54:21.484,phemex,ACE/USDT:USDT,0.5851,42.0,0.585,4548.0,0.5854,42.0,0.5855,1176.0
1753592063482,04:54:23.482,phemex,ACE/USDT:USDT,0.5852,487.0,0.5851,42.0,0.5854,42.0,0.5855,1176.0
1753592063499,04:54:23.499,phemex,ACE/USDT:USDT,0.5852,1117.0,0.5851,42.0,0.5854,42.0,0.5855,1176.0
1753592064479,04:54:24.479,phemex,ACE/USDT:USDT,0.5852,1117.0,0.5851,42.0,0.5854,42.0,0.5855,1176.0
1753592064491,04:54:24.491,phemex,ACE/USDT:USDT,0.5852,1117.0,0.5851,42.0,0.5854,42.0,0.5855,1176.0
1753592065511,04:54:25.511,phemex,ACE/USDT:USDT,0.5853,42.0,0.5852,1117.0,0.5854,42.0,0.5855,1176.0
1753592065590,04:54:25.590,phemex,ACE/USDT:USDT,0.5852,1117.0,0.5851,42.0,0.5854,42.0,0.5855,1176.0
1753592066371,04:54:26.371,phemex,ACE/USDT:USDT,0.5853,42.0,0.5852,1117.0,0.5855,1176.0,0.5856,4776.0
1753592066603,04:54:26.603,phemex,ACE/USDT:USDT,0.5853,42.0,0.5852,1117.0,0.5854,42.0,0.5855,1176.0
1753592066683,04:54:26.683,phemex,ACE/USDT:USDT,0.5852,1117.0,0.5851,42.0,0.5854,42.0,0.5855,1176.0
1753592066877,04:54:26.877,phemex,ACE/USDT:USDT,0.5853,42.0,0.5852,1117.0,0.5854,42.0,0.5855,1176.0
1753592066893,04:54:26.893,phemex,ACE/USDT:USDT,0.5852,1117.0,0.5851,42.0,0.5854,42.0,0.5855,1176.0
1753592067069,04:54:27.069,phemex,ACE/USDT:USDT,0.5853,42.0,0.5852,1117.0,0.5854,42.0,0.5855,1176.0
1753592067523,04:54:27.523,phemex,ACE/USDT:USDT,0.5852,1117.0,0.5851,42.0,0.5854,42.0,0.5855,1176.0
1753592070878,04:54:30.878,phemex,ACE/USDT:USDT,0.5853,42.0,0.5852,1117.0,0.5854,42.0,0.5855,1176.0
1753592070896,04:54:30.896,phemex,ACE/USDT:USDT,0.5852,1117.0,0.5851,42.0,0.5854,42.0,0.5855,1176.0
1753592074599,04:54:34.599,phemex,ACE/USDT:USDT,0.5852,1117.0,0.5851,42.0,0.5854,661.0,0.5855,1176.0
1753592074599,04:54:34.599,phemex,ACE/USDT:USDT,0.5852,1117.0,0.5851,42.0,0.5854,1228.0,0.5855,3582.0
1753592074630,04:54:34.630,phemex,ACE/USDT:USDT,0.5852,1117.0,0.5851,42.0,0.5853,42.0,0.5854,1228.0
1753592075628,04:54:35.628,phemex,ACE/USDT:USDT,0.5852,917.0,0.5851,42.0,0.5853,42.0,0.5854,1228.0
1753592076617,04:54:36.617,phemex,ACE/USDT:USDT,0.5852,630.0,0.5851,424.0,0.5853,42.0,0.5854,1228.0
1753592076642,04:54:36.642,phemex,ACE/USDT:USDT,0.5851,899.0,0.585,1618.0,0.5853,42.0,0.5854,1228.0
1753592076666,04:54:36.666,phemex,ACE/USDT:USDT,0.5851,42.0,0.585,577.0,0.5853,42.0,0.5854,1228.0
1753592076691,04:54:36.691,phemex,ACE/USDT:USDT,0.5851,42.0,0.585,577.0,0.5853,42.0,0.5854,1228.0
1753592076707,04:54:36.707,phemex,ACE/USDT:USDT,0.5851,42.0,0.585,577.0,0.5853,42.0,0.5854,1228.0
1753592076712,04:54:36.712,phemex,ACE/USDT:USDT,0.5851,42.0,0.585,577.0,0.5853,42.0,0.5854,1228.0
1753592076869,04:54:36.869,phemex,ACE/USDT:USDT,0.585,577.0,0.5849,2377.0,0.5853,42.0,0.5854,1228.0
1753592077084,04:54:37.084,phemex,ACE/USDT:USDT,0.585,577.0,0.5849,2377.0,0.5853,42.0,0.5854,1228.0
1753592077119,04:54:37.119,phemex,ACE/USDT:USDT,0.585,535.0,0.5849,2377.0,0.5853,42.0,0.5854,1228.0
1753592078274,04:54:38.274,phemex,ACE/USDT:USDT,0.585,535.0,0.5849,2377.0,0.5853,42.0,0.5854,1228.0
1753592080594,04:54:40.594,phemex,ACE/USDT:USDT,0.5849,513.0,0.5848,2974.0,0.5852,1002.0,0.5853,2522.0
1753592080637,04:54:40.637,phemex,ACE/USDT:USDT,0.5849,513.0,0.5848,2377.0,0.5851,43.0,0.5852,1002.0
1753592080641,04:54:40.641,phemex,ACE/USDT:USDT,0.5849,513.0,0.5848,2377.0,0.5851,43.0,0.5852,1002.0
1753592080699,04:54:40.699,phemex,ACE/USDT:USDT,0.5849,513.0,0.5848,2377.0,0.5851,43.0,0.5852,1045.0
1753592085481,04:54:45.481,phemex,ACE/USDT:USDT,0.5849,513.0,0.5848,2377.0,0.5851,43.0,0.5852,1045.0
1753592085488,04:54:45.488,phemex,ACE/USDT:USDT,0.5849,513.0,0.5848,2377.0,0.5851,43.0,0.5852,1045.0
1753592086174,04:54:46.174,phemex,ACE/USDT:USDT,0.5849,556.0,0.5848,2377.0,0.5851,43.0,0.5852,1045.0
1753592086786,04:54:46.786,phemex,ACE/USDT:USDT,0.5849,549.0,0.5848,2377.0,0.5851,43.0,0.5852,1045.0
1753592087121,04:54:47.121,phemex,ACE/USDT:USDT,0.585,43.0,0.5849,549.0,0.5851,43.0,0.5852,1045.0
1753592087143,04:54:47.143,phemex,ACE/USDT:USDT,0.5849,549.0,0.5848,2377.0,0.5851,43.0,0.5852,1045.0
1753592087185,04:54:47.185,phemex,ACE/USDT:USDT,0.5849,549.0,0.5848,2377.0,0.5851,43.0,0.5852,1045.0
1753592087239,04:54:47.239,phemex,ACE/USDT:USDT,0.585,43.0,0.5849,549.0,0.5851,43.0,0.5852,1045.0
1753592087288,04:54:47.288,phemex,ACE/USDT:USDT,0.585,43.0,0.5849,549.0,0.5851,43.0,0.5852,1045.0
1753592087410,04:54:47.410,phemex,ACE/USDT:USDT,0.5849,549.0,0.5848,2377.0,0.5851,43.0,0.5852,1045.0
1753592087488,04:54:47.488,phemex,ACE/USDT:USDT,0.5849,549.0,0.5848,2377.0,0.5851,43.0,0.5852,1045.0
1753592087530,04:54:47.530,phemex,ACE/USDT:USDT,0.5849,549.0,0.5848,2377.0,0.5851,43.0,0.5852,1045.0
1753592088557,04:54:48.557,phemex,ACE/USDT:USDT,0.5849,43.0,0.5848,493.0,0.5851,43.0,0.5852,1045.0
1753592088799,04:54:48.799,phemex,ACE/USDT:USDT,0.5849,43.0,0.5848,493.0,0.5851,43.0,0.5852,1045.0
1753592088833,04:54:48.833,phemex,ACE/USDT:USDT,0.5849,43.0,0.5848,493.0,0.5851,43.0,0.5852,1045.0
1753592095308,04:54:55.308,phemex,ACE/USDT:USDT,0.5849,1015.0,0.5848,1930.0,0.5851,43.0,0.5852,1045.0
1753592095315,04:54:55.315,phemex,ACE/USDT:USDT,0.585,43.0,0.5849,1015.0,0.5851,43.0,0.5852,1045.0
1753592095705,04:54:55.705,phemex,ACE/USDT:USDT,0.5849,1015.0,0.5848,1930.0,0.5851,43.0,0.5852,1045.0
1753592096003,04:54:56.003,phemex,ACE/USDT:USDT,0.585,43.0,0.5849,1015.0,0.5851,43.0,0.5852,1045.0
1753592096160,04:54:56.160,phemex,ACE/USDT:USDT,0.5849,1015.0,0.5848,1930.0,0.5851,43.0,0.5852,1045.0
1753592096680,04:54:56.680,phemex,ACE/USDT:USDT,0.5849,43.0,0.5848,660.0,0.5851,43.0,0.5852,1045.0
1753592097926,04:54:57.926,phemex,ACE/USDT:USDT,0.5849,43.0,0.5848,660.0,0.5852,1045.0,0.5853,2522.0
1753592098083,04:54:58.083,phemex,ACE/USDT:USDT,0.5849,43.0,0.5848,660.0,0.5851,43.0,0.5852,1045.0
1753592098527,04:54:58.527,phemex,ACE/USDT:USDT,0.5849,43.0,0.5848,660.0,0.5852,1045.0,0.5853,2522.0
1753592099047,04:54:59.047,phemex,ACE/USDT:USDT,0.5849,43.0,0.5848,1257.0,0.5852,1045.0,0.5853,2522.0
1753592099087,04:54:59.087,phemex,ACE/USDT:USDT,0.5849,43.0,0.5848,1257.0,0.5852,1002.0,0.5853,2522.0
1753592100153,04:55:00.153,phemex,ACE/USDT:USDT,0.5849,43.0,0.5848,1257.0,0.5851,42.0,0.5852,1002.0
1753592100290,04:55:00.290,phemex,ACE/USDT:USDT,0.5849,43.0,0.5848,1257.0,0.5852,1002.0,0.5853,2522.0
1753592100410,04:55:00.410,phemex,ACE/USDT:USDT,0.5849,43.0,0.5848,1257.0,0.5853,427.0,0.5854,4281.0
1753592100425,04:55:00.425,phemex,ACE/USDT:USDT,0.5849,640.0,0.5848,660.0,0.5853,427.0,0.5854,4281.0
1753592100511,04:55:00.511,phemex,ACE/USDT:USDT,0.585,42.0,0.5849,640.0,0.5853,427.0,0.5854,4281.0
1753592101465,04:55:01.465,phemex,ACE/USDT:USDT,0.585,42.0,0.5849,640.0,0.5853,42.0,0.5854,42.0
1753592101474,04:55:01.474,phemex,ACE/USDT:USDT,0.585,42.0,0.5849,640.0,0.5854,42.0,0.5855,2478.0
1753592101515,04:55:01.515,phemex,ACE/USDT:USDT,0.585,42.0,0.5849,43.0,0.5854,42.0,0.5855,2191.0
1753592101537,04:55:01.537,phemex,ACE/USDT:USDT,0.585,597.0,0.5849,43.0,0.5854,42.0,0.5855,2191.0
1753592101695,04:55:01.695,phemex,ACE/USDT:USDT,0.5851,42.0,0.585,597.0,0.5854,42.0,0.5855,2191.0
1753592101870,04:55:01.870,phemex,ACE/USDT:USDT,0.5852,739.0,0.5851,6584.0,0.5854,42.0,0.5855,2191.0
1753592102626,04:55:02.626,phemex,ACE/USDT:USDT,0.5849,43.0,0.5848,2120.0,0.5854,42.0,0.5855,2191.0
1753592102635,04:55:02.635,phemex,ACE/USDT:USDT,0.5849,43.0,0.5848,5635.0,0.5854,42.0,0.5855,2191.0
1753592102640,04:55:02.640,phemex,ACE/USDT:USDT,0.5849,43.0,0.5848,5635.0,0.5854,42.0,0.5855,2191.0
1753592102928,04:55:02.928,phemex,ACE/USDT:USDT,0.5849,43.0,0.5848,5635.0,0.5854,42.0,0.5855,2191.0
1753592104991,04:55:04.991,phemex,ACE/USDT:USDT,0.5849,43.0,0.5848,6232.0,0.5854,42.0,0.5855,2191.0
1753592105752,04:55:05.752,phemex,ACE/USDT:USDT,0.5849,43.0,0.5848,6232.0,0.5854,42.0,0.5855,2191.0
1753592106468,04:55:06.468,phemex,ACE/USDT:USDT,0.5849,43.0,0.5848,6232.0,0.5853,988.0,0.5854,1567.0
1753592106836,04:55:06.836,phemex,ACE/USDT:USDT,0.5849,43.0,0.5848,6232.0,0.5852,42.0,0.5853,988.0
1753592107454,04:55:07.454,phemex,ACE/USDT:USDT,0.5849,43.0,0.5848,6232.0,0.5852,42.0,0.5853,988.0
1753592107607,04:55:07.607,phemex,ACE/USDT:USDT,0.5849,43.0,0.5848,6232.0,0.5852,42.0,0.5853,1030.0
1753592107671,04:55:07.671,phemex,ACE/USDT:USDT,0.585,929.0,0.5849,4735.0,0.5852,42.0,0.5853,1030.0
1753592107982,04:55:07.982,phemex,ACE/USDT:USDT,0.5851,42.0,0.585,929.0,0.5852,42.0,0.5853,1030.0
1753592108737,04:55:08.737,phemex,ACE/USDT:USDT,0.5851,42.0,0.585,972.0,0.5853,1030.0,0.5854,1567.0
1753592108826,04:55:08.826,phemex,ACE/USDT:USDT,0.5851,42.0,0.585,972.0,0.5852,43.0,0.5853,1030.0
1753592108862,04:55:08.862,phemex,ACE/USDT:USDT,0.5851,42.0,0.585,972.0,0.5853,1030.0,0.5854,1567.0
1753592108911,04:55:08.911,phemex,ACE/USDT:USDT,0.5851,42.0,0.585,972.0,0.5852,43.0,0.5853,1030.0
1753592109191,04:55:09.191,phemex,ACE/USDT:USDT,0.5851,42.0,0.585,972.0,0.5853,1030.0,0.5854,1567.0
1753592109297,04:55:09.297,phemex,ACE/USDT:USDT,0.5851,42.0,0.585,972.0,0.5852,43.0,0.5853,1030.0
1753592109332,04:55:09.332,phemex,ACE/USDT:USDT,0.5851,42.0,0.585,972.0,0.5853,1030.0,0.5854,1567.0
1753592109906,04:55:09.906,phemex,ACE/USDT:USDT,0.5851,42.0,0.585,972.0,0.5852,43.0,0.5853,1030.0
1753592109961,04:55:09.961,phemex,ACE/USDT:USDT,0.5851,42.0,0.585,972.0,0.5853,1030.0,0.5854,1567.0
1753592110054,04:55:10.054,phemex,ACE/USDT:USDT,0.5851,42.0,0.585,972.0,0.5852,43.0,0.5853,1030.0
1753592110103,04:55:10.103,phemex,ACE/USDT:USDT,0.585,972.0,0.5849,4735.0,0.5852,43.0,0.5853,1030.0
1753592110144,04:55:10.144,phemex,ACE/USDT:USDT,0.585,972.0,0.5849,4735.0,0.5852,43.0,0.5853,1030.0
1753592111699,04:55:11.699,phemex,ACE/USDT:USDT,0.585,962.0,0.5849,4735.0,0.5852,43.0,0.5853,1030.0
1753592112872,04:55:12.872,phemex,ACE/USDT:USDT,0.585,919.0,0.5849,4735.0,0.5852,43.0,0.5853,1030.0
1753592115457,04:55:15.457,phemex,ACE/USDT:USDT,0.585,919.0,0.5849,4735.0,0.5851,360.0,0.5852,43.0
1753592115480,04:55:15.480,phemex,ACE/USDT:USDT,0.585,919.0,0.5849,4735.0,0.5851,776.0,0.5852,2584.0
1753592115486,04:55:15.486,phemex,ACE/USDT:USDT,0.585,919.0,0.5849,4735.0,0.5851,776.0,0.5852,2584.0
1753592115486,04:55:15.486,phemex,ACE/USDT:USDT,0.585,919.0,0.5849,4735.0,0.5851,776.0,0.5852,2584.0
1753592121322,04:55:21.322,phemex,ACE/USDT:USDT,0.585,908.0,0.5849,4735.0,0.5851,776.0,0.5852,2584.0
1753592122797,04:55:22.797,phemex,ACE/USDT:USDT,0.5849,43.0,0.5848,4082.0,0.5851,776.0,0.5852,2584.0
1753592122803,04:55:22.803,phemex,ACE/USDT:USDT,0.5849,43.0,0.5848,4082.0,0.5851,776.0,0.5852,2584.0
1753592122871,04:55:22.871,phemex,ACE/USDT:USDT,0.5849,43.0,0.5848,43.0,0.585,1071.0,0.5851,6968.0
1753592122891,04:55:22.891,phemex,ACE/USDT:USDT,0.5848,43.0,0.5847,4670.0,0.585,1071.0,0.5851,6968.0
1753592122970,04:55:22.970,phemex,ACE/USDT:USDT,0.5848,43.0,0.5847,4670.0,0.585,1071.0,0.5851,6968.0
1753592123087,04:55:23.087,phemex,ACE/USDT:USDT,0.5848,43.0,0.5847,4670.0,0.5849,43.0,0.585,1071.0
1753592123117,04:55:23.117,phemex,ACE/USDT:USDT,0.5848,43.0,0.5847,4073.0,0.5849,43.0,0.585,1071.0
1753592123133,04:55:23.133,phemex,ACE/USDT:USDT,0.5848,43.0,0.5847,4073.0,0.5849,43.0,0.585,1071.0
1753592123250,04:55:23.250,phemex,ACE/USDT:USDT,0.5848,43.0,0.5847,4073.0,0.585,1071.0,0.5851,6968.0
1753592123377,04:55:23.377,phemex,ACE/USDT:USDT,0.5848,43.0,0.5847,4073.0,0.585,1071.0,0.5851,6968.0
1753592123578,04:55:23.578,phemex,ACE/USDT:USDT,0.5848,43.0,0.5847,4073.0,0.5849,43.0,0.585,1071.0
1753592123840,04:55:23.840,phemex,ACE/USDT:USDT,0.5848,43.0,0.5847,4073.0,0.585,1071.0,0.5851,6968.0
1753592123902,04:55:23.902,phemex,ACE/USDT:USDT,0.5848,43.0,0.5847,4073.0,0.585,1071.0,0.5851,6968.0
1753592123968,04:55:23.968,phemex,ACE/USDT:USDT,0.5848,43.0,0.5847,4073.0,0.5849,43.0,0.585,1071.0
1753592124180,04:55:24.180,phemex,ACE/USDT:USDT,0.5848,43.0,0.5847,4073.0,0.585,1071.0,0.5851,6968.0
1753592124241,04:55:24.241,phemex,ACE/USDT:USDT,0.5848,43.0,0.5847,4073.0,0.585,1071.0,0.5851,6968.0
1753592125952,04:55:25.952,phemex,ACE/USDT:USDT,0.5848,43.0,0.5847,4073.0,0.585,1028.0,0.5851,6968.0
1753592128717,04:55:28.717,phemex,ACE/USDT:USDT,0.5848,43.0,0.5847,4073.0,0.585,1021.0,0.5851,6968.0
1753592129890,04:55:29.890,phemex,ACE/USDT:USDT,0.5849,1015.0,0.5848,2514.0,0.585,1021.0,0.5851,6968.0
1753592130073,04:55:30.073,phemex,ACE/USDT:USDT,0.5848,619.0,0.5847,2073.0,0.585,1021.0,0.5851,6968.0
1753592130083,04:55:30.083,phemex,ACE/USDT:USDT,0.5849,42.0,0.5848,619.0,0.585,1021.0,0.5851,6968.0
1753592130419,04:55:30.419,phemex,ACE/USDT:USDT,0.5848,619.0,0.5847,2073.0,0.585,1021.0,0.5851,6968.0
1753592130469,04:55:30.469,phemex,ACE/USDT:USDT,0.5849,42.0,0.5848,619.0,0.585,1021.0,0.5851,6968.0
1753592130861,04:55:30.861,phemex,ACE/USDT:USDT,0.5848,619.0,0.5847,2073.0,0.585,1021.0,0.5851,6968.0
1753592131052,04:55:31.052,phemex,ACE/USDT:USDT,0.5849,42.0,0.5848,619.0,0.585,1021.0,0.5851,6968.0
1753592131072,04:55:31.072,phemex,ACE/USDT:USDT,0.5848,619.0,0.5847,2073.0,0.585,1021.0,0.5851,6968.0
1753592131363,04:55:31.363,phemex,ACE/USDT:USDT,0.5849,42.0,0.5848,619.0,0.585,1021.0,0.5851,6968.0
1753592131396,04:55:31.396,phemex,ACE/USDT:USDT,0.5848,619.0,0.5847,2073.0,0.585,1021.0,0.5851,6968.0
1753592131702,04:55:31.702,phemex,ACE/USDT:USDT,0.5849,42.0,0.5848,619.0,0.585,1021.0,0.5851,6968.0
1753592132799,04:55:32.799,phemex,ACE/USDT:USDT,0.5849,42.0,0.5848,619.0,0.585,1014.0,0.5851,6968.0
1753592133484,04:55:33.484,phemex,ACE/USDT:USDT,0.5849,42.0,0.5848,619.0,0.585,1014.0,0.5851,6968.0
1753592135854,04:55:35.854,phemex,ACE/USDT:USDT,0.5848,619.0,0.5847,2670.0,0.585,1014.0,0.5851,6968.0
1753592135939,04:55:35.939,phemex,ACE/USDT:USDT,0.5848,619.0,0.5847,2670.0,0.5849,42.0,0.585,1014.0
1753592135979,04:55:35.979,phemex,ACE/USDT:USDT,0.5848,619.0,0.5847,2670.0,0.585,1014.0,0.5851,6968.0
1753592136083,04:55:36.083,phemex,ACE/USDT:USDT,0.5848,619.0,0.5847,2670.0,0.585,1014.0,0.5851,6968.0
1753592136480,04:55:36.480,phemex,ACE/USDT:USDT,0.5848,619.0,0.5847,2073.0,0.585,1014.0,0.5851,6968.0
1753592136486,04:55:36.486,phemex,ACE/USDT:USDT,0.5848,1216.0,0.5847,2073.0,0.585,1014.0,0.5851,6968.0
1753592137569,04:55:37.569,phemex,ACE/USDT:USDT,0.5848,1216.0,0.5847,2073.0,0.5849,42.0,0.585,1014.0
1753592138252,04:55:38.252,phemex,ACE/USDT:USDT,0.5848,1216.0,0.5847,2073.0,0.585,1014.0,0.5851,6968.0
1753592138266,04:55:38.266,phemex,ACE/USDT:USDT,0.5848,1216.0,0.5847,2073.0,0.5849,42.0,0.585,1014.0
1753592138318,04:55:38.318,phemex,ACE/USDT:USDT,0.5848,1216.0,0.5847,2073.0,0.585,1014.0,0.5851,6968.0
1753592138368,04:55:38.368,phemex,ACE/USDT:USDT,0.5848,1216.0,0.5847,2073.0,0.5849,42.0,0.585,1014.0
1753592138857,04:55:38.857,phemex,ACE/USDT:USDT,0.5848,1173.0,0.5847,2073.0,0.5849,42.0,0.585,1014.0
1753592139807,04:55:39.807,phemex,ACE/USDT:USDT,0.5848,1173.0,0.5847,2073.0,0.5849,42.0,0.585,1057.0
1753592141099,04:55:41.099,phemex,ACE/USDT:USDT,0.5848,1173.0,0.5847,2073.0,0.585,1057.0,0.5851,6968.0
1753592141148,04:55:41.148,phemex,ACE/USDT:USDT,0.5849,43.0,0.5848,1173.0,0.585,1057.0,0.5851,6968.0
1753592141189,04:55:41.189,phemex,ACE/USDT:USDT,0.5849,43.0,0.5848,1173.0,0.585,1057.0,0.5851,6968.0
1753592141278,04:55:41.278,phemex,ACE/USDT:USDT,0.5849,43.0,0.5848,1173.0,0.585,1014.0,0.5851,6968.0
1753592141378,04:55:41.378,phemex,ACE/USDT:USDT,0.5849,43.0,0.5848,1173.0,0.585,1014.0,0.5851,6968.0
1753592141890,04:55:41.890,phemex,ACE/USDT:USDT,0.5849,1147.0,0.5848,2450.0,0.585,1014.0,0.5851,6968.0
1753592146904,04:55:46.904,phemex,ACE/USDT:USDT,0.5848,1086.0,0.5847,2037.0,0.585,1014.0,0.5851,6968.0
1753592147117,04:55:47.117,phemex,ACE/USDT:USDT,0.5849,43.0,0.5848,1086.0,0.585,1014.0,0.5851,6968.0
1753592147872,04:55:47.872,phemex,ACE/USDT:USDT,0.5849,43.0,0.5848,1086.0,0.585,1009.0,0.5851,6968.0
1753592148053,04:55:48.053,phemex,ACE/USDT:USDT,0.5849,43.0,0.5848,1129.0,0.585,1009.0,0.5851,6968.0
1753592155514,04:55:55.514,phemex,ACE/USDT:USDT,0.5849,909.0,0.5848,5199.0,0.585,1009.0,0.5851,6968.0
1753592155541,04:55:55.541,phemex,ACE/USDT:USDT,0.5849,909.0,0.5848,5199.0,0.585,1009.0,0.5851,6968.0
1753592155583,04:55:55.583,phemex,ACE/USDT:USDT,0.5849,909.0,0.5848,5199.0,0.585,505.0,0.5851,6968.0
1753592155583,04:55:55.583,phemex,ACE/USDT:USDT,0.5849,909.0,0.5848,5199.0,0.5852,6584.0,0.5853,2353.0
1753592155637,04:55:55.637,phemex,ACE/USDT:USDT,0.5849,909.0,0.5848,5199.0,0.5852,6584.0,0.5853,2353.0
1753592155656,04:55:55.656,phemex,ACE/USDT:USDT,0.585,43.0,0.5849,909.0,0.5852,6584.0,0.5853,2353.0
1753592155665,04:55:55.665,phemex,ACE/USDT:USDT,0.585,43.0,0.5849,1506.0,0.5852,6584.0,0.5853,2353.0
1753592156385,04:55:56.385,phemex,ACE/USDT:USDT,0.585,43.0,0.5849,1506.0,0.5852,6541.0,0.5853,2353.0
1753592156608,04:55:56.608,phemex,ACE/USDT:USDT,0.585,640.0,0.5849,909.0,0.5853,42.0,0.5854,3901.0
1753592156665,04:55:56.665,phemex,ACE/USDT:USDT,0.5851,43.0,0.585,640.0,0.5853,42.0,0.5854,3901.0
1753592158463,04:55:58.463,phemex,ACE/USDT:USDT,0.5851,43.0,0.585,640.0,0.5853,43.0,0.5854,3901.0
1753592158708,04:55:58.708,phemex,ACE/USDT:USDT,0.5851,43.0,0.585,640.0,0.5854,3901.0,0.5855,1879.0
1753592159005,04:55:59.005,phemex,ACE/USDT:USDT,0.5851,43.0,0.585,640.0,0.5853,42.0,0.5854,3901.0
1753592161858,04:56:01.858,phemex,ACE/USDT:USDT,0.5851,43.0,0.585,640.0,0.5854,3901.0,0.5855,1879.0
1753592161933,04:56:01.933,phemex,ACE/USDT:USDT,0.5851,1274.0,0.585,2446.0,0.5853,1076.0,0.5854,3901.0
1753592162017,04:56:02.017,phemex,ACE/USDT:USDT,0.5852,42.0,0.5851,1274.0,0.5853,1076.0,0.5854,3901.0
1753592162083,04:56:02.083,phemex,ACE/USDT:USDT,0.5852,42.0,0.5851,1871.0,0.5854,42.0,0.5855,42.0
1753592162106,04:56:02.106,phemex,ACE/USDT:USDT,0.5852,42.0,0.5851,1871.0,0.5855,42.0,0.5856,1829.0
1753592162219,04:56:02.219,phemex,ACE/USDT:USDT,0.5852,42.0,0.5851,1871.0,0.5854,42.0,0.5855,42.0
1753592162283,04:56:02.283,phemex,ACE/USDT:USDT,0.5852,42.0,0.5851,1871.0,0.5855,42.0,0.5856,1829.0
1753592162301,04:56:02.301,phemex,ACE/USDT:USDT,0.5852,42.0,0.5851,1871.0,0.5854,42.0,0.5855,42.0
1753592162330,04:56:02.330,phemex,ACE/USDT:USDT,0.5852,42.0,0.5851,1871.0,0.5855,42.0,0.5856,1829.0
1753592163550,04:56:03.550,phemex,ACE/USDT:USDT,0.5852,42.0,0.5851,1871.0,0.5855,42.0,0.5856,1829.0
1753592163586,04:56:03.586,phemex,ACE/USDT:USDT,0.5852,42.0,0.5851,1871.0,0.5855,42.0,0.5856,1829.0
1753592163651,04:56:03.651,phemex,ACE/USDT:USDT,0.5852,42.0,0.5851,1871.0,0.5855,42.0,0.5856,1829.0
1753592165205,04:56:05.205,phemex,ACE/USDT:USDT,0.5852,42.0,0.5851,1871.0,0.5855,42.0,0.5856,651.0
1753592165364,04:56:05.364,phemex,ACE/USDT:USDT,0.5852,42.0,0.5851,1871.0,0.5855,42.0,0.5856,651.0
1753592166357,04:56:06.357,phemex,ACE/USDT:USDT,0.5852,42.0,0.5851,1871.0,0.5855,42.0,0.5856,651.0
1753592166387,04:56:06.387,phemex,ACE/USDT:USDT,0.5852,42.0,0.5851,1871.0,0.5855,42.0,0.5856,651.0
1753592167863,04:56:07.863,phemex,ACE/USDT:USDT,0.5853,1033.0,0.5852,2516.0,0.5855,42.0,0.5856,651.0
1753592167889,04:56:07.889,phemex,ACE/USDT:USDT,0.5853,1033.0,0.5852,2516.0,0.5855,42.0,0.5856,651.0
1753592168286,04:56:08.286,phemex,ACE/USDT:USDT,0.5854,42.0,0.5853,1033.0,0.5855,42.0,0.5856,651.0
1753592168292,04:56:08.292,phemex,ACE/USDT:USDT,0.5853,1033.0,0.5852,2516.0,0.5855,42.0,0.5856,651.0
1753592168792,04:56:08.792,phemex,ACE/USDT:USDT,0.5854,42.0,0.5853,1033.0,0.5855,42.0,0.5856,651.0
1753592168807,04:56:08.807,phemex,ACE/USDT:USDT,0.5853,1033.0,0.5852,2516.0,0.5855,42.0,0.5856,651.0
1753592168914,04:56:08.914,phemex,ACE/USDT:USDT,0.5853,995.0,0.5852,2516.0,0.5855,42.0,0.5856,651.0
1753592170906,04:56:10.906,phemex,ACE/USDT:USDT,0.5853,995.0,0.5852,2516.0,0.5855,462.0,0.5856,2073.0
1753592170918,04:56:10.918,phemex,ACE/USDT:USDT,0.5853,995.0,0.5852,2516.0,0.5854,42.0,0.5855,947.0
1753592172628,04:56:12.628,phemex,ACE/USDT:USDT,0.5853,995.0,0.5852,2516.0,0.5855,42.0,0.5856,42.0
1753592172662,04:56:12.662,phemex,ACE/USDT:USDT,0.5853,995.0,0.5852,2516.0,0.5856,42.0,0.5857,4754.0
1753592174582,04:56:14.582,phemex,ACE/USDT:USDT,0.5853,995.0,0.5852,2516.0,0.5856,42.0,0.5857,4754.0
1753592174683,04:56:14.683,phemex,ACE/USDT:USDT,0.5853,995.0,0.5852,2516.0,0.5856,42.0,0.5857,4754.0
1753592175656,04:56:15.656,phemex,ACE/USDT:USDT,0.5854,42.0,0.5853,995.0,0.5856,42.0,0.5857,4754.0
1753592176261,04:56:16.261,phemex,ACE/USDT:USDT,0.5853,995.0,0.5852,2516.0,0.5856,42.0,0.5857,4754.0
1753592176506,04:56:16.506,phemex,ACE/USDT:USDT,0.5854,42.0,0.5853,995.0,0.5856,42.0,0.5857,4754.0
1753592176584,04:56:16.584,phemex,ACE/USDT:USDT,0.5853,995.0,0.5852,2516.0,0.5856,42.0,0.5857,4754.0
1753592177093,04:56:17.093,phemex,ACE/USDT:USDT,0.5854,42.0,0.5853,995.0,0.5856,42.0,0.5857,4754.0
1753592177145,04:56:17.145,phemex,ACE/USDT:USDT,0.5853,995.0,0.5852,2516.0,0.5856,42.0,0.5857,4754.0
1753592177518,04:56:17.518,phemex,ACE/USDT:USDT,0.5854,42.0,0.5853,995.0,0.5856,42.0,0.5857,4754.0
1753592177526,04:56:17.526,phemex,ACE/USDT:USDT,0.5853,995.0,0.5852,2516.0,0.5856,42.0,0.5857,4754.0
1753592178263,04:56:18.263,phemex,ACE/USDT:USDT,0.5854,42.0,0.5853,995.0,0.5856,42.0,0.5857,4754.0
1753592178272,04:56:18.272,phemex,ACE/USDT:USDT,0.5853,995.0,0.5852,2516.0,0.5856,42.0,0.5857,4754.0
1753592179292,04:56:19.292,phemex,ACE/USDT:USDT,0.5854,43.0,0.5853,995.0,0.5856,42.0,0.5857,4754.0
1753592179410,04:56:19.410,phemex,ACE/USDT:USDT,0.5854,43.0,0.5853,1038.0,0.5856,42.0,0.5857,4754.0
1753592179410,04:56:19.410,phemex,ACE/USDT:USDT,0.5854,43.0,0.5853,1038.0,0.5856,42.0,0.5857,4754.0
1753592181488,04:56:21.488,phemex,ACE/USDT:USDT,0.5854,43.0,0.5853,1038.0,0.5856,42.0,0.5857,4754.0
1753592182778,04:56:22.778,phemex,ACE/USDT:USDT,0.5854,43.0,0.5853,1038.0,0.5857,4754.0,0.5858,2196.0
1753592182808,04:56:22.808,phemex,ACE/USDT:USDT,0.5854,43.0,0.5853,1038.0,0.5856,43.0,0.5857,4754.0
1753592186407,04:56:26.407,phemex,ACE/USDT:USDT,0.5853,1038.0,0.5852,3113.0,0.5856,43.0,0.5857,4754.0
1753592186676,04:56:26.676,phemex,ACE/USDT:USDT,0.5853,1038.0,0.5852,3113.0,0.5855,967.0,0.5856,43.0
1753592186692,04:56:26.692,phemex,ACE/USDT:USDT,0.5853,1038.0,0.5852,3113.0,0.5854,43.0,0.5855,967.0
1753592186701,04:56:26.701,phemex,ACE/USDT:USDT,0.5853,1038.0,0.5852,3113.0,0.5854,43.0,0.5855,967.0
1753592187322,04:56:27.322,phemex,ACE/USDT:USDT,0.5853,1038.0,0.5852,3113.0,0.5855,967.0,0.5856,43.0
1753592187343,04:56:27.343,phemex,ACE/USDT:USDT,0.5853,1038.0,0.5852,3113.0,0.5854,43.0,0.5855,967.0
1753592187376,04:56:27.376,phemex,ACE/USDT:USDT,0.5853,1038.0,0.5852,3113.0,0.5855,967.0,0.5856,43.0
1753592187958,04:56:27.958,phemex,ACE/USDT:USDT,0.5854,43.0,0.5853,1038.0,0.5855,967.0,0.5856,43.0
1753592188003,04:56:28.003,phemex,ACE/USDT:USDT,0.5853,1038.0,0.5852,3113.0,0.5855,967.0,0.5856,43.0
1753592188834,04:56:28.834,phemex,ACE/USDT:USDT,0.5853,1023.0,0.5852,3113.0,0.5855,967.0,0.5856,43.0
1753592190129,04:56:30.129,phemex,ACE/USDT:USDT,0.5853,1023.0,0.5852,3113.0,0.5855,402.0,0.5856,43.0
1753592190134,04:56:30.134,phemex,ACE/USDT:USDT,0.5853,1023.0,0.5852,3113.0,0.5855,402.0,0.5856,491.0
1753592190142,04:56:30.142,phemex,ACE/USDT:USDT,0.5853,1023.0,0.5852,3113.0,0.5855,445.0,0.5856,491.0
1753592190425,04:56:30.425,phemex,ACE/USDT:USDT,0.5854,43.0,0.5853,1023.0,0.5855,445.0,0.5856,491.0
1753592190543,04:56:30.543,phemex,ACE/USDT:USDT,0.5854,43.0,0.5853,1023.0,0.5855,402.0,0.5856,491.0
1753592191294,04:56:31.294,phemex,ACE/USDT:USDT,0.5853,1023.0,0.5852,3113.0,0.5855,402.0,0.5856,491.0
1753592191638,04:56:31.638,phemex,ACE/USDT:USDT,0.5854,43.0,0.5853,1023.0,0.5855,402.0,0.5856,491.0
1753592191723,04:56:31.723,phemex,ACE/USDT:USDT,0.5853,1023.0,0.5852,3113.0,0.5855,402.0,0.5856,491.0
1753592191806,04:56:31.806,phemex,ACE/USDT:USDT,0.5853,1023.0,0.5852,3113.0,0.5855,445.0,0.5856,491.0
1753592193060,04:56:33.060,phemex,ACE/USDT:USDT,0.5854,43.0,0.5853,1023.0,0.5855,445.0,0.5856,491.0
1753592193163,04:56:33.163,phemex,ACE/USDT:USDT,0.5854,43.0,0.5853,1023.0,0.5856,832.0,0.5857,1503.0
1753592193485,04:56:33.485,phemex,ACE/USDT:USDT,0.5854,43.0,0.5853,1023.0,0.5856,832.0,0.5857,1503.0
1753592193741,04:56:33.741,phemex,ACE/USDT:USDT,0.5854,1072.0,0.5853,5320.0,0.5856,832.0,0.5857,1503.0
1753592193747,04:56:33.747,phemex,ACE/USDT:USDT,0.5854,1072.0,0.5853,5320.0,0.5856,789.0,0.5857,1503.0
1753592193778,04:56:33.778,phemex,ACE/USDT:USDT,0.5855,43.0,0.5854,1072.0,0.5856,789.0,0.5857,1503.0
1753592193817,04:56:33.817,phemex,ACE/USDT:USDT,0.5855,43.0,0.5854,1072.0,0.5856,789.0,0.5857,1503.0
1753592194463,04:56:34.463,phemex,ACE/USDT:USDT,0.5855,43.0,0.5854,1072.0,0.5856,789.0,0.5857,1503.0
1753592195241,04:56:35.241,phemex,ACE/USDT:USDT,0.5854,1072.0,0.5853,5917.0,0.5856,789.0,0.5857,1503.0
1753592195393,04:56:35.393,phemex,ACE/USDT:USDT,0.5855,43.0,0.5854,1072.0,0.5856,789.0,0.5857,1503.0
1753592195484,04:56:35.484,phemex,ACE/USDT:USDT,0.5854,1072.0,0.5853,5917.0,0.5856,789.0,0.5857,1503.0
1753592195509,04:56:35.509,phemex,ACE/USDT:USDT,0.5855,43.0,0.5854,1072.0,0.5856,789.0,0.5857,1503.0
1753592195530,04:56:35.530,phemex,ACE/USDT:USDT,0.5854,1072.0,0.5853,5917.0,0.5856,789.0,0.5857,1503.0
1753592195645,04:56:35.645,phemex,ACE/USDT:USDT,0.5855,43.0,0.5854,1072.0,0.5856,789.0,0.5857,1503.0
1753592195687,04:56:35.687,phemex,ACE/USDT:USDT,0.5854,1072.0,0.5853,5917.0,0.5856,789.0,0.5857,1503.0
1753592196059,04:56:36.059,phemex,ACE/USDT:USDT,0.5855,43.0,0.5854,1072.0,0.5856,789.0,0.5857,1503.0
1753592197158,04:56:37.158,phemex,ACE/USDT:USDT,0.5855,43.0,0.5854,1072.0,0.5856,789.0,0.5857,1503.0
1753592197598,04:56:37.598,phemex,ACE/USDT:USDT,0.5854,1072.0,0.5853,5917.0,0.5856,789.0,0.5857,1503.0
1753592197647,04:56:37.647,phemex,ACE/USDT:USDT,0.5855,43.0,0.5854,1072.0,0.5856,789.0,0.5857,1503.0
1753592198823,04:56:38.823,phemex,ACE/USDT:USDT,0.5855,43.0,0.5854,1072.0,0.5856,789.0,0.5857,1459.0
1753592199319,04:56:39.319,phemex,ACE/USDT:USDT,0.5855,1187.0,0.5854,3721.0,0.5856,789.0,0.5857,1459.0
1753592199325,04:56:39.325,phemex,ACE/USDT:USDT,0.5855,1187.0,0.5854,4318.0,0.5856,789.0,0.5857,1459.0
1753592199351,04:56:39.351,phemex,ACE/USDT:USDT,0.5855,1187.0,0.5854,4318.0,0.5856,789.0,0.5857,1459.0
1753592200687,04:56:40.687,phemex,ACE/USDT:USDT,0.5855,43.0,0.5854,640.0,0.5856,789.0,0.5857,1459.0
1753592200769,04:56:40.769,phemex,ACE/USDT:USDT,0.5855,43.0,0.5854,640.0,0.5856,723.0,0.5857,1459.0
1753592202485,04:56:42.485,phemex,ACE/USDT:USDT,0.5855,43.0,0.5854,43.0,0.5856,723.0,0.5857,1459.0
1753592202537,04:56:42.537,phemex,ACE/USDT:USDT,0.5854,43.0,0.5853,2481.0,0.5856,723.0,0.5857,1459.0
1753592202559,04:56:42.559,phemex,ACE/USDT:USDT,0.5854,43.0,0.5853,2481.0,0.5856,723.0,0.5857,1459.0
1753592206552,04:56:46.552,phemex,ACE/USDT:USDT,0.5854,43.0,0.5853,2481.0,0.5856,691.0,0.5857,1459.0
1753592213467,04:56:53.467,phemex,ACE/USDT:USDT,0.5854,43.0,0.5853,2481.0,0.5856,691.0,0.5857,1459.0
1753592214485,04:56:54.485,phemex,ACE/USDT:USDT,0.5854,43.0,0.5853,2481.0,0.5856,691.0,0.5857,1459.0
1753592215558,04:56:55.558,phemex,ACE/USDT:USDT,0.5854,43.0,0.5853,2481.0,0.5855,43.0,0.5856,691.0
1753592215593,04:56:55.593,phemex,ACE/USDT:USDT,0.5854,43.0,0.5853,2481.0,0.5855,43.0,0.5856,734.0
1753592215685,04:56:55.685,phemex,ACE/USDT:USDT,0.5854,43.0,0.5853,2481.0,0.5855,43.0,0.5856,734.0
1753592216044,04:56:56.044,phemex,ACE/USDT:USDT,0.5854,43.0,0.5853,2481.0,0.5856,734.0,0.5857,1502.0
1753592217151,04:56:57.151,phemex,ACE/USDT:USDT,0.5854,43.0,0.5853,2481.0,0.5855,43.0,0.5856,734.0
1753592217169,04:56:57.169,phemex,ACE/USDT:USDT,0.5854,855.0,0.5853,2481.0,0.5855,1172.0,0.5856,2951.0
1753592217465,04:56:57.465,phemex,ACE/USDT:USDT,0.5854,855.0,0.5853,2481.0,0.5856,43.0,0.5857,4886.0
1753592217484,04:56:57.484,phemex,ACE/USDT:USDT,0.5854,855.0,0.5853,2481.0,0.5856,43.0,0.5857,4886.0
1753592218713,04:56:58.713,phemex,ACE/USDT:USDT,0.5854,847.0,0.5853,2481.0,0.5856,43.0,0.5857,4886.0
1753592219367,04:56:59.367,phemex,ACE/USDT:USDT,0.5853,505.0,0.5852,4891.0,0.5856,43.0,0.5857,4886.0
1753592219372,04:56:59.372,phemex,ACE/USDT:USDT,0.5853,505.0,0.5852,5488.0,0.5856,43.0,0.5857,4886.0
1753592219484,04:56:59.484,phemex,ACE/USDT:USDT,0.5853,505.0,0.5852,5488.0,0.5856,43.0,0.5857,4886.0
1753592219592,04:56:59.592,phemex,ACE/USDT:USDT,0.5853,462.0,0.5852,5488.0,0.5856,43.0,0.5857,4886.0
1753592222198,04:57:02.198,phemex,ACE/USDT:USDT,0.5853,462.0,0.5852,5488.0,0.5856,43.0,0.5857,4886.0
1753592222252,04:57:02.252,phemex,ACE/USDT:USDT,0.5852,42.0,0.5851,4175.0,0.5856,43.0,0.5857,4886.0
1753592222347,04:57:02.347,phemex,ACE/USDT:USDT,0.5851,43.0,0.585,5533.0,0.5856,43.0,0.5857,4886.0
1753592222674,04:57:02.674,phemex,ACE/USDT:USDT,0.585,5533.0,0.5849,2453.0,0.5856,43.0,0.5857,4886.0
1753592223194,04:57:03.194,phemex,ACE/USDT:USDT,0.585,43.0,0.5849,43.0,0.5852,42.0,0.5853,864.0
1753592223303,04:57:03.303,phemex,ACE/USDT:USDT,0.5849,43.0,0.5848,43.0,0.5852,42.0,0.5853,864.0
1753592223571,04:57:03.571,phemex,ACE/USDT:USDT,0.5848,43.0,0.5847,1903.0,0.5852,42.0,0.5853,864.0
1753592223688,04:57:03.688,phemex,ACE/USDT:USDT,0.5848,43.0,0.5847,1903.0,0.5852,42.0,0.5853,864.0
1753592227192,04:57:07.192,phemex,ACE/USDT:USDT,0.5848,43.0,0.5847,1903.0,0.5853,864.0,0.5854,3474.0
1753592227239,04:57:07.239,phemex,ACE/USDT:USDT,0.5848,43.0,0.5847,1903.0,0.5852,42.0,0.5853,864.0
1753592228509,04:57:08.509,phemex,ACE/USDT:USDT,0.585,967.0,0.5849,5387.0,0.5851,1079.0,0.5852,1579.0
1753592228515,04:57:08.515,phemex,ACE/USDT:USDT,0.585,967.0,0.5849,5387.0,0.5851,1079.0,0.5852,1579.0
1753592229924,04:57:09.924,phemex,ACE/USDT:USDT,0.585,967.0,0.5849,5387.0,0.5852,390.0,0.5853,1924.0
1753592229945,04:57:09.945,phemex,ACE/USDT:USDT,0.585,967.0,0.5849,5387.0,0.5852,390.0,0.5853,1924.0
1753592230100,04:57:10.100,phemex,ACE/USDT:USDT,0.585,967.0,0.5849,5387.0,0.5851,42.0,0.5852,390.0
1753592230168,04:57:10.168,phemex,ACE/USDT:USDT,0.585,967.0,0.5849,5387.0,0.5851,42.0,0.5852,390.0
1753592230484,04:57:10.484,phemex,ACE/USDT:USDT,0.585,967.0,0.5849,5387.0,0.5852,390.0,0.5853,1924.0
1753592231544,04:57:11.544,phemex,ACE/USDT:USDT,0.585,967.0,0.5849,5387.0,0.5851,42.0,0.5852,390.0
1753592231574,04:57:11.574,phemex,ACE/USDT:USDT,0.585,967.0,0.5849,5387.0,0.5852,390.0,0.5853,1924.0
1753592231709,04:57:11.709,phemex,ACE/USDT:USDT,0.585,967.0,0.5849,5387.0,0.5851,42.0,0.5852,390.0
1753592231748,04:57:11.748,phemex,ACE/USDT:USDT,0.585,967.0,0.5849,5387.0,0.5852,390.0,0.5853,1924.0
1753592231851,04:57:11.851,phemex,ACE/USDT:USDT,0.585,967.0,0.5849,5387.0,0.5851,42.0,0.5852,390.0
1753592235453,04:57:15.453,phemex,ACE/USDT:USDT,0.585,967.0,0.5849,5387.0,0.5851,879.0,0.5852,4058.0
1753592235492,04:57:15.492,phemex,ACE/USDT:USDT,0.585,967.0,0.5849,5984.0,0.5851,879.0,0.5852,4058.0
1753592235783,04:57:15.783,phemex,ACE/USDT:USDT,0.585,954.0,0.5849,5984.0,0.5851,879.0,0.5852,4058.0
1753592235783,04:57:15.783,phemex,ACE/USDT:USDT,0.585,954.0,0.5849,5984.0,0.5851,879.0,0.5852,4058.0
1753592247666,04:57:27.666,phemex,ACE/USDT:USDT,0.585,954.0,0.5849,5984.0,0.5851,837.0,0.5852,4058.0
1753592254513,04:57:34.513,phemex,ACE/USDT:USDT,0.585,954.0,0.5849,5984.0,0.5852,608.0,0.5853,2285.0
1753592254522,04:57:34.522,phemex,ACE/USDT:USDT,0.5851,42.0,0.585,954.0,0.5852,608.0,0.5853,2285.0
1753592254543,04:57:34.543,phemex,ACE/USDT:USDT,0.585,954.0,0.5849,5984.0,0.5852,608.0,0.5853,2285.0
1753592254843,04:57:34.843,phemex,ACE/USDT:USDT,0.5851,42.0,0.585,954.0,0.5852,608.0,0.5853,2285.0
1753592254859,04:57:34.859,phemex,ACE/USDT:USDT,0.585,954.0,0.5849,5984.0,0.5852,608.0,0.5853,2285.0
1753592254883,04:57:34.883,phemex,ACE/USDT:USDT,0.5851,42.0,0.585,954.0,0.5852,608.0,0.5853,2285.0
1753592254908,04:57:34.908,phemex,ACE/USDT:USDT,0.5851,42.0,0.585,996.0,0.5852,566.0,0.5853,2285.0
1753592255261,04:57:35.261,phemex,ACE/USDT:USDT,0.585,996.0,0.5849,5984.0,0.5852,566.0,0.5853,2285.0
1753592255331,04:57:35.331,phemex,ACE/USDT:USDT,0.5851,42.0,0.585,996.0,0.5852,566.0,0.5853,2285.0
1753592255657,04:57:35.657,phemex,ACE/USDT:USDT,0.585,996.0,0.5849,5984.0,0.5852,566.0,0.5853,2285.0
1753592256700,04:57:36.700,phemex,ACE/USDT:USDT,0.585,996.0,0.5849,5984.0,0.5852,608.0,0.5853,2285.0
1753592260326,04:57:40.326,phemex,ACE/USDT:USDT,0.5851,43.0,0.585,996.0,0.5852,608.0,0.5853,2285.0
1753592260604,04:57:40.604,phemex,ACE/USDT:USDT,0.585,996.0,0.5849,5984.0,0.5852,608.0,0.5853,2285.0
1753592260635,04:57:40.635,phemex,ACE/USDT:USDT,0.5851,43.0,0.585,996.0,0.5852,608.0,0.5853,2285.0
1753592261639,04:57:41.639,phemex,ACE/USDT:USDT,0.585,996.0,0.5849,5984.0,0.5852,608.0,0.5853,2285.0
1753592262223,04:57:42.223,phemex,ACE/USDT:USDT,0.5851,43.0,0.585,996.0,0.5852,608.0,0.5853,2285.0
1753592262453,04:57:42.453,phemex,ACE/USDT:USDT,0.585,996.0,0.5849,5984.0,0.5852,608.0,0.5853,2285.0
1753592263333,04:57:43.333,phemex,ACE/USDT:USDT,0.5851,43.0,0.585,996.0,0.5852,608.0,0.5853,2285.0
1753592263363,04:57:43.363,phemex,ACE/USDT:USDT,0.585,996.0,0.5849,5984.0,0.5852,608.0,0.5853,2285.0
1753592264536,04:57:44.536,phemex,ACE/USDT:USDT,0.5851,43.0,0.585,996.0,0.5852,608.0,0.5853,2285.0
1753592264587,04:57:44.587,phemex,ACE/USDT:USDT,0.585,996.0,0.5849,5984.0,0.5852,608.0,0.5853,2285.0
1753592264962,04:57:44.962,phemex,ACE/USDT:USDT,0.5851,43.0,0.585,996.0,0.5852,608.0,0.5853,2285.0
1753592264990,04:57:44.990,phemex,ACE/USDT:USDT,0.585,996.0,0.5849,5984.0,0.5852,608.0,0.5853,2285.0
1753592265073,04:57:45.073,phemex,ACE/USDT:USDT,0.5851,43.0,0.585,996.0,0.5852,608.0,0.5853,2285.0
1753592265091,04:57:45.091,phemex,ACE/USDT:USDT,0.585,996.0,0.5849,5984.0,0.5852,608.0,0.5853,2285.0
1753592265152,04:57:45.152,phemex,ACE/USDT:USDT,0.5851,43.0,0.585,996.0,0.5852,608.0,0.5853,2285.0
1753592265165,04:57:45.165,phemex,ACE/USDT:USDT,0.585,996.0,0.5849,5984.0,0.5852,608.0,0.5853,2285.0
1753592265352,04:57:45.352,phemex,ACE/USDT:USDT,0.5851,43.0,0.585,996.0,0.5852,608.0,0.5853,2285.0
1753592265372,04:57:45.372,phemex,ACE/USDT:USDT,0.585,996.0,0.5849,5984.0,0.5852,608.0,0.5853,2285.0
1753592265404,04:57:45.404,phemex,ACE/USDT:USDT,0.5851,43.0,0.585,996.0,0.5852,608.0,0.5853,2285.0
1753592265433,04:57:45.433,phemex,ACE/USDT:USDT,0.5851,43.0,0.585,996.0,0.5852,566.0,0.5853,2285.0
1753592268523,04:57:48.523,phemex,ACE/USDT:USDT,0.585,996.0,0.5849,5984.0,0.5852,609.0,0.5853,2285.0
1753592268580,04:57:48.580,phemex,ACE/USDT:USDT,0.585,954.0,0.5849,5984.0,0.5851,43.0,0.5852,609.0
1753592270251,04:57:50.251,phemex,ACE/USDT:USDT,0.585,954.0,0.5849,5984.0,0.5852,609.0,0.5853,2285.0
1753592270286,04:57:50.286,phemex,ACE/USDT:USDT,0.585,954.0,0.5849,5984.0,0.5851,43.0,0.5852,609.0
1753592270531,04:57:50.531,phemex,ACE/USDT:USDT,0.585,954.0,0.5849,5984.0,0.5851,43.0,0.5852,609.0
1753592270793,04:57:50.793,phemex,ACE/USDT:USDT,0.585,954.0,0.5849,5984.0,0.5852,609.0,0.5853,2285.0
1753592270921,04:57:50.921,phemex,ACE/USDT:USDT,0.585,954.0,0.5849,5984.0,0.5851,43.0,0.5852,609.0
1753592272132,04:57:52.132,phemex,ACE/USDT:USDT,0.585,954.0,0.5849,5984.0,0.5852,609.0,0.5853,2285.0
1753592272154,04:57:52.154,phemex,ACE/USDT:USDT,0.585,954.0,0.5849,5984.0,0.5851,43.0,0.5852,609.0
1753592272777,04:57:52.777,phemex,ACE/USDT:USDT,0.585,954.0,0.5849,5984.0,0.5851,561.0,0.5852,609.0
1753592272778,04:57:52.778,phemex,ACE/USDT:USDT,0.585,954.0,0.5849,5984.0,0.5851,1029.0,0.5852,1753.0
1753592275356,04:57:55.356,phemex,ACE/USDT:USDT,0.585,954.0,0.5849,5984.0,0.5851,43.0,0.5852,516.0
1753592275362,04:57:55.362,phemex,ACE/USDT:USDT,0.585,954.0,0.5849,5984.0,0.5852,516.0,0.5853,2381.0
1753592275404,04:57:55.404,phemex,ACE/USDT:USDT,0.585,954.0,0.5849,5984.0,0.5851,43.0,0.5852,516.0
1753592275452,04:57:55.452,phemex,ACE/USDT:USDT,0.585,954.0,0.5849,5984.0,0.5852,516.0,0.5853,2381.0
1753592275471,04:57:55.471,phemex,ACE/USDT:USDT,0.585,954.0,0.5849,5984.0,0.5851,43.0,0.5852,516.0
1753592275808,04:57:55.808,phemex,ACE/USDT:USDT,0.585,954.0,0.5849,5984.0,0.5852,516.0,0.5853,2381.0
1753592276542,04:57:56.542,phemex,ACE/USDT:USDT,0.5851,43.0,0.585,954.0,0.5852,516.0,0.5853,2381.0
1753592276572,04:57:56.572,phemex,ACE/USDT:USDT,0.585,954.0,0.5849,5984.0,0.5852,516.0,0.5853,2381.0
1753592277479,04:57:57.479,phemex,ACE/USDT:USDT,0.585,954.0,0.5849,5984.0,0.5852,516.0,0.5853,2381.0
1753592277487,04:57:57.487,phemex,ACE/USDT:USDT,0.585,954.0,0.5849,5984.0,0.5852,516.0,0.5853,2381.0
1753592277894,04:57:57.894,phemex,ACE/USDT:USDT,0.585,947.0,0.5849,5984.0,0.5851,43.0,0.5852,516.0
1753592277907,04:57:57.907,phemex,ACE/USDT:USDT,0.585,947.0,0.5849,5984.0,0.5852,516.0,0.5853,2381.0
1753592278255,04:57:58.255,phemex,ACE/USDT:USDT,0.5851,976.0,0.585,3742.0,0.5852,516.0,0.5853,2381.0
1753592278264,04:57:58.264,phemex,ACE/USDT:USDT,0.5851,1019.0,0.585,4339.0,0.5852,516.0,0.5853,2381.0
1753592278544,04:57:58.544,phemex,ACE/USDT:USDT,0.5851,976.0,0.585,4339.0,0.5852,516.0,0.5853,2381.0
1753592280537,04:58:00.537,phemex,ACE/USDT:USDT,0.5851,976.0,0.585,2807.0,0.5852,516.0,0.5853,2381.0
1753592280537,04:58:00.537,phemex,ACE/USDT:USDT,0.585,597.0,0.5849,1898.0,0.5852,896.0,0.5853,2381.0
1753592280567,04:58:00.567,phemex,ACE/USDT:USDT,0.585,597.0,0.5849,1898.0,0.5851,43.0,0.5852,896.0
1753592281322,04:58:01.322,phemex,ACE/USDT:USDT,0.585,597.0,0.5849,600.0,0.5851,622.0,0.5852,1980.0
1753592283126,04:58:03.126,phemex,ACE/USDT:USDT,0.585,597.0,0.5849,643.0,0.5851,43.0,0.5852,423.0
1753592283480,04:58:03.480,phemex,ACE/USDT:USDT,0.5849,643.0,0.5848,2078.0,0.5851,43.0,0.5852,423.0
1753592283484,04:58:03.484,phemex,ACE/USDT:USDT,0.5849,643.0,0.5848,2675.0,0.5851,43.0,0.5852,423.0
1753592285079,04:58:05.079,phemex,ACE/USDT:USDT,0.5849,600.0,0.5848,2078.0,0.5851,43.0,0.5852,423.0
1753592285097,04:58:05.097,phemex,ACE/USDT:USDT,0.5849,600.0,0.5848,2078.0,0.5851,43.0,0.5852,423.0
1753592285165,04:58:05.165,phemex,ACE/USDT:USDT,0.5849,600.0,0.5848,2035.0,0.5851,43.0,0.5852,423.0
1753592287278,04:58:07.278,phemex,ACE/USDT:USDT,0.5849,585.0,0.5848,2035.0,0.5851,43.0,0.5852,423.0
1753592288809,04:58:08.809,phemex,ACE/USDT:USDT,0.5849,1131.0,0.5848,2035.0,0.5851,43.0,0.5852,43.0
1753592288820,04:58:08.820,phemex,ACE/USDT:USDT,0.5849,1174.0,0.5848,2035.0,0.5851,43.0,0.5852,43.0
1753592288831,04:58:08.831,phemex,ACE/USDT:USDT,0.585,43.0,0.5849,1174.0,0.5851,43.0,0.5852,43.0
1753592288881,04:58:08.881,phemex,ACE/USDT:USDT,0.585,43.0,0.5849,1174.0,0.5852,43.0,0.5853,4561.0
1753592290919,04:58:10.919,phemex,ACE/USDT:USDT,0.5849,1174.0,0.5848,2035.0,0.5852,43.0,0.5853,4561.0
1753592291066,04:58:11.066,phemex,ACE/USDT:USDT,0.585,43.0,0.5849,1174.0,0.5852,43.0,0.5853,4561.0
1753592292563,04:58:12.563,phemex,ACE/USDT:USDT,0.5849,1174.0,0.5848,2035.0,0.5852,43.0,0.5853,4561.0
1753592292975,04:58:12.975,phemex,ACE/USDT:USDT,0.585,43.0,0.5849,1174.0,0.5852,43.0,0.5853,4561.0
1753592293012,04:58:13.012,phemex,ACE/USDT:USDT,0.5849,1174.0,0.5848,2035.0,0.5852,43.0,0.5853,4561.0
1753592294326,04:58:14.326,phemex,ACE/USDT:USDT,0.585,43.0,0.5849,1174.0,0.5852,43.0,0.5853,4561.0
1753592294382,04:58:14.382,phemex,ACE/USDT:USDT,0.5849,1174.0,0.5848,2035.0,0.5852,43.0,0.5853,4561.0
1753592294733,04:58:14.733,phemex,ACE/USDT:USDT,0.585,43.0,0.5849,1174.0,0.5852,43.0,0.5853,4561.0
1753592295386,04:58:15.386,phemex,ACE/USDT:USDT,0.585,43.0,0.5849,1174.0,0.5852,43.0,0.5853,4561.0
1753592298487,04:58:18.487,phemex,ACE/USDT:USDT,0.585,43.0,0.5849,1174.0,0.5852,43.0,0.5853,4561.0
1753592298487,04:58:18.487,phemex,ACE/USDT:USDT,0.585,43.0,0.5849,1174.0,0.5852,43.0,0.5853,4561.0
1753592302101,04:58:22.101,phemex,ACE/USDT:USDT,0.585,903.0,0.5849,4025.0,0.5852,1086.0,0.5853,4561.0
1753592302116,04:58:22.116,phemex,ACE/USDT:USDT,0.5851,42.0,0.585,903.0,0.5852,1043.0,0.5853,4561.0
1753592302697,04:58:22.697,phemex,ACE/USDT:USDT,0.585,903.0,0.5849,3440.0,0.5852,1043.0,0.5853,4561.0
1753592302698,04:58:22.698,phemex,ACE/USDT:USDT,0.585,43.0,0.5849,43.0,0.5852,1043.0,0.5853,4561.0
1753592302762,04:58:22.762,phemex,ACE/USDT:USDT,0.5849,43.0,0.5848,4257.0,0.5852,1043.0,0.5853,4561.0
1753592304257,04:58:24.257,phemex,ACE/USDT:USDT,0.5849,43.0,0.5848,4257.0,0.5851,42.0,0.5852,1043.0
1753592304287,04:58:24.287,phemex,ACE/USDT:USDT,0.5849,43.0,0.5848,4257.0,0.5852,1043.0,0.5853,4561.0
1753592304328,04:58:24.328,phemex,ACE/USDT:USDT,0.5849,43.0,0.5848,4257.0,0.5851,42.0,0.5852,1043.0
1753592304354,04:58:24.354,phemex,ACE/USDT:USDT,0.5849,43.0,0.5848,4257.0,0.5852,1043.0,0.5853,4561.0
1753592304438,04:58:24.438,phemex,ACE/USDT:USDT,0.5849,43.0,0.5848,4257.0,0.5851,42.0,0.5852,1043.0
1753592304492,04:58:24.492,phemex,ACE/USDT:USDT,0.5849,43.0,0.5848,4257.0,0.5852,1043.0,0.5853,4561.0
1753592304543,04:58:24.543,phemex,ACE/USDT:USDT,0.5849,43.0,0.5848,4257.0,0.5851,42.0,0.5852,1043.0
1753592304575,04:58:24.575,phemex,ACE/USDT:USDT,0.5849,43.0,0.5848,4257.0,0.5851,42.0,0.5852,1043.0
1753592304798,04:58:24.798,phemex,ACE/USDT:USDT,0.5849,43.0,0.5848,4257.0,0.5851,42.0,0.5852,1085.0
1753592304903,04:58:24.903,phemex,ACE/USDT:USDT,0.5849,43.0,0.5848,4257.0,0.5851,42.0,0.5852,1085.0
1753592305606,04:58:25.606,phemex,ACE/USDT:USDT,0.5849,43.0,0.5848,4257.0,0.5852,1085.0,0.5853,4561.0
1753592305665,04:58:25.665,phemex,ACE/USDT:USDT,0.5849,43.0,0.5848,4257.0,0.5851,42.0,0.5852,1085.0
1753592306134,04:58:26.134,phemex,ACE/USDT:USDT,0.5849,43.0,0.5848,4257.0,0.5852,1085.0,0.5853,4561.0
1753592307485,04:58:27.485,phemex,ACE/USDT:USDT,0.5849,640.0,0.5848,3660.0,0.5852,1085.0,0.5853,4561.0
1753592307496,04:58:27.496,phemex,ACE/USDT:USDT,0.585,42.0,0.5849,640.0,0.5852,1085.0,0.5853,4561.0
1753592307729,04:58:27.729,phemex,ACE/USDT:USDT,0.585,988.0,0.5849,4343.0,0.5853,42.0,0.5854,6173.0
1753592307740,04:58:27.740,phemex,ACE/USDT:USDT,0.585,988.0,0.5849,3746.0,0.5853,42.0,0.5854,6173.0
1753592307747,04:58:27.747,phemex,ACE/USDT:USDT,0.5851,597.0,0.585,988.0,0.5853,42.0,0.5854,6173.0
1753592307784,04:58:27.784,phemex,ACE/USDT:USDT,0.5851,639.0,0.585,988.0,0.5854,6173.0,0.5855,2154.0
1753592307842,04:58:27.842,phemex,ACE/USDT:USDT,0.5852,42.0,0.5851,639.0,0.5854,6173.0,0.5855,2154.0
1753592308352,04:58:28.352,phemex,ACE/USDT:USDT,0.5852,42.0,0.5851,639.0,0.5853,42.0,0.5854,6173.0
1753592308796,04:58:28.796,phemex,ACE/USDT:USDT,0.5852,42.0,0.5851,639.0,0.5854,6173.0,0.5855,2154.0
1753592315763,04:58:35.763,phemex,ACE/USDT:USDT,0.5852,42.0,0.5851,42.0,0.5855,651.0,0.5856,43.0
1753592315773,04:58:35.773,phemex,ACE/USDT:USDT,0.5851,42.0,0.585,4099.0,0.5855,651.0,0.5856,43.0
1753592315813,04:58:35.813,phemex,ACE/USDT:USDT,0.5851,42.0,0.585,4099.0,0.5855,651.0,0.5856,43.0
1753592316557,04:58:36.557,phemex,ACE/USDT:USDT,0.5851,42.0,0.585,4099.0,0.5855,651.0,0.5857,43.0
1753592317622,04:58:37.622,phemex,ACE/USDT:USDT,0.5851,42.0,0.585,4099.0,0.5854,43.0,0.5855,651.0
1753592318493,04:58:38.493,phemex,ACE/USDT:USDT,0.5851,42.0,0.585,4099.0,0.5855,651.0,0.5857,43.0
1753592318514,04:58:38.514,phemex,ACE/USDT:USDT,0.5851,42.0,0.585,4099.0,0.5854,43.0,0.5855,651.0
1753592319484,04:58:39.484,phemex,ACE/USDT:USDT,0.5851,639.0,0.585,3502.0,0.5854,43.0,0.5855,651.0
1753592319519,04:58:39.519,phemex,ACE/USDT:USDT,0.5852,43.0,0.5851,639.0,0.5854,43.0,0.5855,651.0
1753592320228,04:58:40.228,phemex,ACE/USDT:USDT,0.5852,43.0,0.5851,639.0,0.5855,42.0,0.5856,915.0
1753592320280,04:58:40.280,phemex,ACE/USDT:USDT,0.5852,43.0,0.5851,639.0,0.5855,42.0,0.5856,958.0
1753592321492,04:58:41.492,phemex,ACE/USDT:USDT,0.5852,980.0,0.5851,4993.0,0.5855,42.0,0.5856,958.0
1753592321552,04:58:41.552,phemex,ACE/USDT:USDT,0.5853,43.0,0.5852,980.0,0.5855,42.0,0.5856,958.0
1753592325479,04:58:45.479,phemex,ACE/USDT:USDT,0.5853,43.0,0.5852,980.0,0.5855,42.0,0.5856,958.0
1753592325484,04:58:45.484,phemex,ACE/USDT:USDT,0.5853,43.0,0.5852,980.0,0.5855,42.0,0.5856,958.0
1753592327619,04:58:47.619,phemex,ACE/USDT:USDT,0.5853,996.0,0.5852,4594.0,0.5856,958.0,0.5857,1422.0
1753592327641,04:58:47.641,phemex,ACE/USDT:USDT,0.5854,43.0,0.5853,996.0,0.5856,958.0,0.5857,1422.0
1753592327673,04:58:47.673,phemex,ACE/USDT:USDT,0.5854,43.0,0.5853,996.0,0.5855,43.0,0.5856,958.0
1753592327705,04:58:47.705,phemex,ACE/USDT:USDT,0.5853,43.0,0.5852,640.0,0.5855,1067.0,0.5856,5372.0
1753592327710,04:58:47.710,phemex,ACE/USDT:USDT,0.5853,43.0,0.5852,640.0,0.5855,1110.0,0.5856,5372.0
1753592327715,04:58:47.715,phemex,ACE/USDT:USDT,0.5853,43.0,0.5852,640.0,0.5855,1110.0,0.5856,5372.0
1753592327863,04:58:47.863,phemex,ACE/USDT:USDT,0.5852,640.0,0.5851,5958.0,0.5854,43.0,0.5855,1110.0
1753592327870,04:58:47.870,phemex,ACE/USDT:USDT,0.5853,43.0,0.5852,640.0,0.5854,43.0,0.5855,1110.0
1753592327885,04:58:47.885,phemex,ACE/USDT:USDT,0.5853,43.0,0.5852,43.0,0.5854,43.0,0.5855,1110.0
1753592328055,04:58:48.055,phemex,ACE/USDT:USDT,0.5852,43.0,0.5851,6555.0,0.5854,43.0,0.5855,1110.0
1753592328582,04:58:48.582,phemex,ACE/USDT:USDT,0.5852,43.0,0.5851,6555.0,0.5855,43.0,0.5856,43.0
1753592328604,04:58:48.604,phemex,ACE/USDT:USDT,0.5852,43.0,0.5851,6555.0,0.5856,43.0,0.5857,4398.0
1753592334486,04:58:54.486,phemex,ACE/USDT:USDT,0.5852,43.0,0.5851,6555.0,0.5856,43.0,0.5857,4398.0
1753592341993,04:59:01.993,phemex,ACE/USDT:USDT,0.5852,922.0,0.5851,2504.0,0.5855,769.0,0.5856,43.0
1753592342030,04:59:02.030,phemex,ACE/USDT:USDT,0.5853,42.0,0.5852,922.0,0.5855,769.0,0.5856,43.0
1753592342790,04:59:02.790,phemex,ACE/USDT:USDT,0.5852,922.0,0.5851,2504.0,0.5854,42.0,0.5855,769.0
1753592342795,04:59:02.795,phemex,ACE/USDT:USDT,0.5852,922.0,0.5851,2504.0,0.5854,42.0,0.5855,769.0
1753592343048,04:59:03.048,phemex,ACE/USDT:USDT,0.5853,42.0,0.5852,922.0,0.5854,42.0,0.5855,769.0
1753592343060,04:59:03.060,phemex,ACE/USDT:USDT,0.5852,922.0,0.5851,2504.0,0.5854,42.0,0.5855,769.0
1753592343216,04:59:03.216,phemex,ACE/USDT:USDT,0.5853,42.0,0.5852,922.0,0.5854,42.0,0.5855,769.0
1753592343633,04:59:03.633,phemex,ACE/USDT:USDT,0.5852,922.0,0.5851,2504.0,0.5854,42.0,0.5855,769.0
1753592343673,04:59:03.673,phemex,ACE/USDT:USDT,0.5853,42.0,0.5852,922.0,0.5854,42.0,0.5855,769.0
1753592344049,04:59:04.049,phemex,ACE/USDT:USDT,0.5852,922.0,0.5851,2504.0,0.5854,42.0,0.5855,769.0
1753592344106,04:59:04.106,phemex,ACE/USDT:USDT,0.5853,42.0,0.5852,922.0,0.5854,42.0,0.5855,769.0
1753592344226,04:59:04.226,phemex,ACE/USDT:USDT,0.5853,42.0,0.5852,922.0,0.5855,769.0,0.5856,43.0
1753592344239,04:59:04.239,phemex,ACE/USDT:USDT,0.5853,42.0,0.5852,922.0,0.5854,42.0,0.5855,769.0
1753592344413,04:59:04.413,phemex,ACE/USDT:USDT,0.5852,922.0,0.5851,2504.0,0.5854,42.0,0.5855,769.0
1753592345438,04:59:05.438,phemex,ACE/USDT:USDT,0.5853,42.0,0.5852,922.0,0.5854,42.0,0.5855,769.0
1753592345581,04:59:05.581,phemex,ACE/USDT:USDT,0.5852,922.0,0.5851,2504.0,0.5854,42.0,0.5855,769.0
1753592345766,04:59:05.766,phemex,ACE/USDT:USDT,0.5853,42.0,0.5852,922.0,0.5854,42.0,0.5855,769.0
1753592345780,04:59:05.780,phemex,ACE/USDT:USDT,0.5852,922.0,0.5851,2504.0,0.5854,42.0,0.5855,769.0
1753592348377,04:59:08.377,phemex,ACE/USDT:USDT,0.5853,42.0,0.5852,922.0,0.5854,42.0,0.5855,769.0
1753592348395,04:59:08.395,phemex,ACE/USDT:USDT,0.5852,922.0,0.5851,2504.0,0.5854,42.0,0.5855,769.0
1753592348701,04:59:08.701,phemex,ACE/USDT:USDT,0.5853,1017.0,0.5852,922.0,0.5854,42.0,0.5855,769.0
1753592348705,04:59:08.705,phemex,ACE/USDT:USDT,0.5853,1060.0,0.5852,6729.0,0.5854,42.0,0.5855,769.0
1753592350653,04:59:10.653,phemex,ACE/USDT:USDT,0.5853,1017.0,0.5852,6729.0,0.5854,42.0,0.5855,769.0
1753592354594,04:59:14.594,phemex,ACE/USDT:USDT,0.5853,1017.0,0.5852,4555.0,0.5854,42.0,0.5855,769.0
1753592354594,04:59:14.594,phemex,ACE/USDT:USDT,0.5852,640.0,0.5851,6150.0,0.5854,42.0,0.5855,769.0
1753592354724,04:59:14.724,phemex,ACE/USDT:USDT,0.5853,43.0,0.5852,640.0,0.5854,42.0,0.5855,769.0
1753592354841,04:59:14.841,phemex,ACE/USDT:USDT,0.5852,640.0,0.5851,6150.0,0.5854,42.0,0.5855,769.0
1753592354911,04:59:14.911,phemex,ACE/USDT:USDT,0.5853,43.0,0.5852,640.0,0.5854,42.0,0.5855,769.0
1753592355171,04:59:15.171,phemex,ACE/USDT:USDT,0.5852,640.0,0.5851,6150.0,0.5854,42.0,0.5855,769.0
1753592355348,04:59:15.348,phemex,ACE/USDT:USDT,0.5853,43.0,0.5852,640.0,0.5854,42.0,0.5855,769.0
1753592355358,04:59:15.358,phemex,ACE/USDT:USDT,0.5852,640.0,0.5851,6150.0,0.5854,42.0,0.5855,769.0
1753592355537,04:59:15.537,phemex,ACE/USDT:USDT,0.5853,43.0,0.5852,640.0,0.5854,42.0,0.5855,769.0
1753592355743,04:59:15.743,phemex,ACE/USDT:USDT,0.5852,640.0,0.5851,6150.0,0.5854,42.0,0.5855,769.0
1753592355782,04:59:15.782,phemex,ACE/USDT:USDT,0.5853,43.0,0.5852,640.0,0.5854,42.0,0.5855,769.0
1753592358201,04:59:18.201,phemex,ACE/USDT:USDT,0.5853,43.0,0.5852,640.0,0.5855,769.0,0.5856,43.0
1753592358262,04:59:18.262,phemex,ACE/USDT:USDT,0.5853,43.0,0.5852,640.0,0.5856,994.0,0.5857,2095.0
1753592358279,04:59:18.279,phemex,ACE/USDT:USDT,0.5853,43.0,0.5852,640.0,0.5855,43.0,0.5856,994.0
1753592360000,04:59:20.000,phemex,ACE/USDT:USDT,0.5853,43.0,0.5852,43.0,0.5856,994.0,0.5857,2095.0
1753592360033,04:59:20.033,phemex,ACE/USDT:USDT,0.5852,43.0,0.5851,6747.0,0.5856,994.0,0.5857,2095.0
1753592360033,04:59:20.033,phemex,ACE/USDT:USDT,0.5852,43.0,0.5851,6747.0,0.5856,994.0,0.5857,2095.0
1753592360095,04:59:20.095,phemex,ACE/USDT:USDT,0.5852,43.0,0.5851,6747.0,0.5856,994.0,0.5857,2095.0
1753592360408,04:59:20.408,phemex,ACE/USDT:USDT,0.5853,865.0,0.5852,2369.0,0.5856,994.0,0.5857,2095.0
1753592360442,04:59:20.442,phemex,ACE/USDT:USDT,0.5854,43.0,0.5853,865.0,0.5855,43.0,0.5856,994.0
1753592360459,04:59:20.459,phemex,ACE/USDT:USDT,0.5854,43.0,0.5853,908.0,0.5856,994.0,0.5857,2095.0
1753592360690,04:59:20.690,phemex,ACE/USDT:USDT,0.5854,43.0,0.5853,908.0,0.5855,43.0,0.5856,994.0
1753592360847,04:59:20.847,phemex,ACE/USDT:USDT,0.5854,43.0,0.5853,908.0,0.5855,43.0,0.5856,994.0
1753592361372,04:59:21.372,phemex,ACE/USDT:USDT,0.5854,43.0,0.5853,908.0,0.5856,994.0,0.5857,2095.0
1753592362038,04:59:22.038,phemex,ACE/USDT:USDT,0.5854,43.0,0.5853,908.0,0.5855,43.0,0.5856,994.0
1753592362083,04:59:22.083,phemex,ACE/USDT:USDT,0.5854,43.0,0.5853,908.0,0.5856,994.0,0.5857,2095.0
1753592365411,04:59:25.411,phemex,ACE/USDT:USDT,0.5854,43.0,0.5853,908.0,0.5855,43.0,0.5856,994.0
1753592366164,04:59:26.164,phemex,ACE/USDT:USDT,0.5854,43.0,0.5853,908.0,0.5855,43.0,0.5856,994.0
1753592366261,04:59:26.261,phemex,ACE/USDT:USDT,0.5854,43.0,0.5853,908.0,0.5856,994.0,0.5857,2095.0
1753592366542,04:59:26.542,phemex,ACE/USDT:USDT,0.5854,43.0,0.5853,908.0,0.5855,43.0,0.5856,994.0
1753592367499,04:59:27.499,phemex,ACE/USDT:USDT,0.5854,43.0,0.5853,908.0,0.5855,43.0,0.5856,994.0
1753592368403,04:59:28.403,phemex,ACE/USDT:USDT,0.5854,43.0,0.5853,908.0,0.5856,994.0,0.5857,2095.0
1753592371315,04:59:31.315,phemex,ACE/USDT:USDT,0.5854,43.0,0.5853,908.0,0.5855,43.0,0.5856,994.0
1753592371364,04:59:31.364,phemex,ACE/USDT:USDT,0.5854,43.0,0.5853,908.0,0.5856,994.0,0.5857,2095.0
1753592372412,04:59:32.412,phemex,ACE/USDT:USDT,0.5854,43.0,0.5853,908.0,0.5855,43.0,0.5856,994.0
1753592372441,04:59:32.441,phemex,ACE/USDT:USDT,0.5854,43.0,0.5853,908.0,0.5856,994.0,0.5857,2095.0
1753592372832,04:59:32.832,phemex,ACE/USDT:USDT,0.5854,43.0,0.5853,908.0,0.5856,994.0,0.5857,2095.0
1753592375923,04:59:35.923,phemex,ACE/USDT:USDT,0.5854,43.0,0.5853,908.0,0.5855,43.0,0.5856,994.0
1753592376048,04:59:36.048,phemex,ACE/USDT:USDT,0.5853,908.0,0.5852,2966.0,0.5855,949.0,0.5856,2971.0
1753592376085,04:59:36.085,phemex,ACE/USDT:USDT,0.5853,908.0,0.5852,2966.0,0.5855,949.0,0.5856,2971.0
1753592376495,04:59:36.495,phemex,ACE/USDT:USDT,0.5853,908.0,0.5852,2966.0,0.5855,949.0,0.5856,2971.0
1753592378755,04:59:38.755,phemex,ACE/USDT:USDT,0.5854,43.0,0.5853,908.0,0.5855,949.0,0.5856,2971.0
1753592378777,04:59:38.777,phemex,ACE/USDT:USDT,0.5853,908.0,0.5852,2966.0,0.5855,949.0,0.5856,2971.0
1753592378798,04:59:38.798,phemex,ACE/USDT:USDT,0.5853,908.0,0.5852,2966.0,0.5855,949.0,0.5856,2971.0
1753592379510,04:59:39.510,phemex,ACE/USDT:USDT,0.5853,898.0,0.5852,2966.0,0.5855,949.0,0.5856,2971.0
1753592379935,04:59:39.935,phemex,ACE/USDT:USDT,0.5854,43.0,0.5853,898.0,0.5855,949.0,0.5856,2971.0
1753592379984,04:59:39.984,phemex,ACE/USDT:USDT,0.5853,898.0,0.5852,2966.0,0.5855,949.0,0.5856,2971.0
1753592380024,04:59:40.024,phemex,ACE/USDT:USDT,0.5853,898.0,0.5852,2966.0,0.5855,949.0,0.5856,2971.0
1753592380121,04:59:40.121,phemex,ACE/USDT:USDT,0.5854,43.0,0.5853,898.0,0.5855,949.0,0.5856,2971.0
1753592380148,04:59:40.148,phemex,ACE/USDT:USDT,0.5854,43.0,0.5853,898.0,0.5855,906.0,0.5856,2971.0
1753592381692,04:59:41.692,phemex,ACE/USDT:USDT,0.5854,43.0,0.5853,898.0,0.5856,43.0,0.5857,4071.0
1753592382495,04:59:42.495,phemex,ACE/USDT:USDT,0.5854,43.0,0.5853,898.0,0.5856,43.0,0.5857,4071.0
1753592384442,04:59:44.442,phemex,ACE/USDT:USDT,0.5854,43.0,0.5853,898.0,0.5857,4071.0,0.5858,3886.0
1753592385367,04:59:45.367,phemex,ACE/USDT:USDT,0.5854,43.0,0.5853,898.0,0.5856,43.0,0.5857,4071.0
1753592392101,04:59:52.101,phemex,ACE/USDT:USDT,0.5853,898.0,0.5852,2966.0,0.5856,43.0,0.5857,4071.0
1753592392137,04:59:52.137,phemex,ACE/USDT:USDT,0.5854,42.0,0.5853,898.0,0.5856,43.0,0.5857,4071.0
1753592401421,05:00:01.421,phemex,ACE/USDT:USDT,0.5854,42.0,0.5853,898.0,0.5856,43.0,0.5857,4071.0
1753592401717,05:00:01.717,phemex,ACE/USDT:USDT,0.5854,42.0,0.5853,898.0,0.5857,4071.0,0.5858,3886.0
1753592402392,05:00:02.392,phemex,ACE/USDT:USDT,0.5854,42.0,0.5853,898.0,0.5857,4028.0,0.5858,3886.0
1753592402631,05:00:02.631,phemex,ACE/USDT:USDT,0.5854,42.0,0.5853,898.0,0.5856,43.0,0.5857,4028.0
1753592404310,05:00:04.310,phemex,ACE/USDT:USDT,0.5854,1182.0,0.5853,5426.0,0.5856,1258.0,0.5857,4028.0
1753592404335,05:00:04.335,phemex,ACE/USDT:USDT,0.5855,43.0,0.5854,1182.0,0.5856,1258.0,0.5857,4028.0
1753592404359,05:00:04.359,phemex,ACE/USDT:USDT,0.5855,43.0,0.5854,1182.0,0.5856,1258.0,0.5857,4028.0
1753592404418,05:00:04.418,phemex,ACE/USDT:USDT,0.5855,43.0,0.5854,1182.0,0.5856,1215.0,0.5857,4028.0
1753592406954,05:00:06.954,phemex,ACE/USDT:USDT,0.5855,43.0,0.5854,1182.0,0.5856,1205.0,0.5857,4028.0
1753592407147,05:00:07.147,phemex,ACE/USDT:USDT,0.5855,43.0,0.5854,1182.0,0.5858,3886.0,0.5859,3811.0
1753592407476,05:00:07.476,phemex,ACE/USDT:USDT,0.5855,43.0,0.5854,1779.0,0.5858,3886.0,0.5859,3811.0
1753592410172,05:00:10.172,phemex,ACE/USDT:USDT,0.5856,473.0,0.5855,43.0,0.5858,1899.0,0.5859,3811.0
1753592410183,05:00:10.183,phemex,ACE/USDT:USDT,0.5857,42.0,0.5856,1084.0,0.5859,3811.0,0.586,3211.0
1753592410397,05:00:10.397,phemex,ACE/USDT:USDT,0.5857,42.0,0.5856,1084.0,0.5858,42.0,0.5859,3811.0
1753592410721,05:00:10.721,phemex,ACE/USDT:USDT,0.5856,1084.0,0.5855,2550.0,0.5858,42.0,0.5859,3811.0
1753592411231,05:00:11.231,phemex,ACE/USDT:USDT,0.5856,1042.0,0.5855,2550.0,0.5858,42.0,0.5859,3811.0
1753592415496,05:00:15.496,phemex,ACE/USDT:USDT,0.5856,1042.0,0.5855,3147.0,0.5858,42.0,0.5859,3811.0
1753592416733,05:00:16.733,phemex,ACE/USDT:USDT,0.5856,1042.0,0.5855,3147.0,0.5857,413.0,0.5858,42.0
1753592416754,05:00:16.754,phemex,ACE/USDT:USDT,0.5856,1042.0,0.5855,3147.0,0.5857,1050.0,0.5858,1523.0
1753592416776,05:00:16.776,phemex,ACE/USDT:USDT,0.5856,1042.0,0.5855,3147.0,0.5857,1050.0,0.5858,1523.0
1753592418391,05:00:18.391,phemex,ACE/USDT:USDT,0.5855,606.0,0.5854,1827.0,0.5857,1050.0,0.5858,1523.0
1753592418414,05:00:18.414,phemex,ACE/USDT:USDT,0.5855,606.0,0.5854,1827.0,0.5856,42.0,0.5857,1050.0
1753592418495,05:00:18.495,phemex,ACE/USDT:USDT,0.5854,42.0,0.5853,656.0,0.5856,42.0,0.5857,1050.0
1753592418501,05:00:18.501,phemex,ACE/USDT:USDT,0.5854,42.0,0.5853,656.0,0.5856,42.0,0.5857,1050.0
1753592420017,05:00:20.017,phemex,ACE/USDT:USDT,0.5854,42.0,0.5853,656.0,0.5856,42.0,0.5857,1050.0
1753592420023,05:00:20.023,phemex,ACE/USDT:USDT,0.5854,42.0,0.5853,656.0,0.5856,42.0,0.5857,1050.0
1753592420023,05:00:20.023,phemex,ACE/USDT:USDT,0.5854,42.0,0.5853,656.0,0.5856,42.0,0.5857,1050.0
1753592420336,05:00:20.336,phemex,ACE/USDT:USDT,0.5853,656.0,0.5852,2369.0,0.5856,42.0,0.5857,1050.0
1753592421033,05:00:21.033,phemex,ACE/USDT:USDT,0.5854,43.0,0.5853,656.0,0.5856,42.0,0.5857,1050.0
1753592421309,05:00:21.309,phemex,ACE/USDT:USDT,0.5853,656.0,0.5852,2369.0,0.5856,42.0,0.5857,1050.0
1753592421792,05:00:21.792,phemex,ACE/USDT:USDT,0.5853,613.0,0.5852,2369.0,0.5856,42.0,0.5857,1050.0
1753592422032,05:00:22.032,phemex,ACE/USDT:USDT,0.5853,613.0,0.5852,2369.0,0.5855,1075.0,0.5856,42.0
1753592422497,05:00:22.497,phemex,ACE/USDT:USDT,0.5853,613.0,0.5852,2369.0,0.5854,43.0,0.5855,1075.0
1753592422520,05:00:22.520,phemex,ACE/USDT:USDT,0.5853,613.0,0.5852,2369.0,0.5855,1075.0,0.5856,42.0
1753592425220,05:00:25.220,phemex,ACE/USDT:USDT,0.5854,623.0,0.5853,2086.0,0.5856,548.0,0.5857,42.0
1753592425240,05:00:25.240,phemex,ACE/USDT:USDT,0.5855,43.0,0.5854,623.0,0.5857,947.0,0.5858,6543.0
1753592425271,05:00:25.271,phemex,ACE/USDT:USDT,0.5855,43.0,0.5854,623.0,0.5857,42.0,0.5858,42.0
1753592425282,05:00:25.282,phemex,ACE/USDT:USDT,0.5855,43.0,0.5854,623.0,0.5858,42.0,0.5859,2182.0
1753592425398,05:00:25.398,phemex,ACE/USDT:USDT,0.5855,43.0,0.5854,623.0,0.5858,42.0,0.5859,406.0
1753592425401,05:00:25.401,phemex,ACE/USDT:USDT,0.5855,43.0,0.5854,623.0,0.5858,42.0,0.5859,406.0
1753592425508,05:00:25.508,phemex,ACE/USDT:USDT,0.5855,43.0,0.5854,1220.0,0.5859,43.0,0.586,42.0
1753592425522,05:00:25.522,phemex,ACE/USDT:USDT,0.5855,43.0,0.5854,1220.0,0.586,42.0,0.5861,3603.0
1753592425542,05:00:25.542,phemex,ACE/USDT:USDT,0.5855,43.0,0.5854,1220.0,0.586,42.0,0.5861,3603.0
1753592425547,05:00:25.547,phemex,ACE/USDT:USDT,0.5855,43.0,0.5854,1220.0,0.586,42.0,0.5861,3603.0
1753592427914,05:00:27.914,phemex,ACE/USDT:USDT,0.5855,43.0,0.5854,623.0,0.586,42.0,0.5861,3603.0
1753592427920,05:00:27.920,phemex,ACE/USDT:USDT,0.5855,640.0,0.5854,623.0,0.586,42.0,0.5861,3603.0
1753592427959,05:00:27.959,phemex,ACE/USDT:USDT,0.5856,43.0,0.5855,640.0,0.586,42.0,0.5861,3603.0
1753592429173,05:00:29.173,phemex,ACE/USDT:USDT,0.5856,640.0,0.5855,43.0,0.586,42.0,0.5861,3603.0
1753592429222,05:00:29.222,phemex,ACE/USDT:USDT,0.5856,640.0,0.5855,43.0,0.5861,3603.0,0.5862,2455.0
1753592429261,05:00:29.261,phemex,ACE/USDT:USDT,0.5857,42.0,0.5856,640.0,0.5861,3603.0,0.5862,2455.0
1753592429309,05:00:29.309,phemex,ACE/USDT:USDT,0.5857,42.0,0.5856,640.0,0.5861,3603.0,0.5862,2455.0
1753592429360,05:00:29.360,phemex,ACE/USDT:USDT,0.5857,42.0,0.5856,640.0,0.586,42.0,0.5861,3603.0
1753592430295,05:00:30.295,phemex,ACE/USDT:USDT,0.5859,1048.0,0.5858,3822.0,0.5861,3603.0,0.5862,2455.0
1753592430320,05:00:30.320,phemex,ACE/USDT:USDT,0.5859,1048.0,0.5858,3822.0,0.5861,3603.0,0.5862,2455.0
1753592430350,05:00:30.350,phemex,ACE/USDT:USDT,0.5859,1048.0,0.5858,3822.0,0.5861,3561.0,0.5862,2455.0
1753592430418,05:00:30.418,phemex,ACE/USDT:USDT,0.586,42.0,0.5859,1048.0,0.5861,3561.0,0.5862,2455.0
1753592430794,05:00:30.794,phemex,ACE/USDT:USDT,0.5859,1048.0,0.5858,3822.0,0.5861,3561.0,0.5862,2455.0
1753592430845,05:00:30.845,phemex,ACE/USDT:USDT,0.5859,1048.0,0.5858,3822.0,0.5861,3561.0,0.5862,2455.0
1753592430940,05:00:30.940,phemex,ACE/USDT:USDT,0.586,42.0,0.5859,1048.0,0.5861,3561.0,0.5862,2455.0
1753592431421,05:00:31.421,phemex,ACE/USDT:USDT,0.5859,1048.0,0.5858,3822.0,0.5861,3561.0,0.5862,2455.0
1753592431470,05:00:31.470,phemex,ACE/USDT:USDT,0.5859,1048.0,0.5858,3822.0,0.5861,3561.0,0.5862,2455.0
1753592432281,05:00:32.281,phemex,ACE/USDT:USDT,0.5859,938.0,0.5858,3822.0,0.5861,3561.0,0.5862,2455.0
1753592433932,05:00:33.932,phemex,ACE/USDT:USDT,0.586,42.0,0.5859,938.0,0.5861,3561.0,0.5862,2455.0
1753592434280,05:00:34.280,phemex,ACE/USDT:USDT,0.586,42.0,0.5859,980.0,0.5861,3561.0,0.5862,2455.0
1753592435785,05:00:35.785,phemex,ACE/USDT:USDT,0.5859,980.0,0.5858,3822.0,0.5861,3561.0,0.5862,2455.0
1753592435818,05:00:35.818,phemex,ACE/USDT:USDT,0.5859,980.0,0.5858,3822.0,0.5861,3561.0,0.5862,2455.0
1753592436104,05:00:36.104,phemex,ACE/USDT:USDT,0.5859,980.0,0.5858,3822.0,0.586,42.0,0.5861,3561.0
1753592436149,05:00:36.149,phemex,ACE/USDT:USDT,0.5859,980.0,0.5858,3822.0,0.5861,3561.0,0.5862,2455.0
1753592436166,05:00:36.166,phemex,ACE/USDT:USDT,0.5859,980.0,0.5858,3822.0,0.5861,3561.0,0.5862,2455.0
1753592436183,05:00:36.183,phemex,ACE/USDT:USDT,0.5859,980.0,0.5858,3822.0,0.5861,3561.0,0.5862,2455.0
1753592436330,05:00:36.330,phemex,ACE/USDT:USDT,0.586,42.0,0.5859,980.0,0.5861,3561.0,0.5862,2455.0
1753592436339,05:00:36.339,phemex,ACE/USDT:USDT,0.5859,980.0,0.5858,3822.0,0.5861,3561.0,0.5862,2455.0
1753592436365,05:00:36.365,phemex,ACE/USDT:USDT,0.5859,980.0,0.5858,3822.0,0.5861,3561.0,0.5862,2455.0
1753592438707,05:00:38.707,phemex,ACE/USDT:USDT,0.586,42.0,0.5859,980.0,0.5861,3561.0,0.5862,2455.0
1753592438721,05:00:38.721,phemex,ACE/USDT:USDT,0.5859,980.0,0.5858,3822.0,0.5861,3561.0,0.5862,2455.0
1753592438763,05:00:38.763,phemex,ACE/USDT:USDT,0.5859,980.0,0.5858,3822.0,0.5861,3561.0,0.5862,2455.0
1753592439054,05:00:39.054,phemex,ACE/USDT:USDT,0.586,42.0,0.5859,980.0,0.5861,3561.0,0.5862,2455.0
1753592439493,05:00:39.493,phemex,ACE/USDT:USDT,0.586,42.0,0.5859,980.0,0.5861,3561.0,0.5862,2455.0
1753592439846,05:00:39.846,phemex,ACE/USDT:USDT,0.5859,980.0,0.5858,3822.0,0.5861,3561.0,0.5862,2455.0
1753592439890,05:00:39.890,phemex,ACE/USDT:USDT,0.5859,980.0,0.5858,3822.0,0.5861,3561.0,0.5862,2455.0
1753592439980,05:00:39.980,phemex,ACE/USDT:USDT,0.586,42.0,0.5859,980.0,0.5861,3561.0,0.5862,2455.0
1753592440031,05:00:40.031,phemex,ACE/USDT:USDT,0.5859,980.0,0.5858,3822.0,0.5861,3561.0,0.5862,2455.0
1753592440051,05:00:40.051,phemex,ACE/USDT:USDT,0.5859,980.0,0.5858,3822.0,0.5861,3561.0,0.5862,2455.0
1753592440507,05:00:40.507,phemex,ACE/USDT:USDT,0.586,42.0,0.5859,980.0,0.5861,3561.0,0.5862,2455.0
1753592440532,05:00:40.532,phemex,ACE/USDT:USDT,0.5859,980.0,0.5858,3822.0,0.5861,3561.0,0.5862,2455.0
1753592440553,05:00:40.553,phemex,ACE/USDT:USDT,0.5859,980.0,0.5858,3822.0,0.5861,3561.0,0.5862,2455.0
1753592440711,05:00:40.711,phemex,ACE/USDT:USDT,0.586,42.0,0.5859,980.0,0.5861,3561.0,0.5862,2455.0
1753592440734,05:00:40.734,phemex,ACE/USDT:USDT,0.5859,980.0,0.5858,3822.0,0.5861,3561.0,0.5862,2455.0
1753592440778,05:00:40.778,phemex,ACE/USDT:USDT,0.5859,980.0,0.5858,3822.0,0.5861,3561.0,0.5862,2455.0
1753592440810,05:00:40.810,phemex,ACE/USDT:USDT,0.586,42.0,0.5859,980.0,0.5861,3561.0,0.5862,2455.0
1753592440934,05:00:40.934,phemex,ACE/USDT:USDT,0.5859,980.0,0.5858,3822.0,0.5861,3561.0,0.5862,2455.0
1753592440956,05:00:40.956,phemex,ACE/USDT:USDT,0.5859,980.0,0.5858,3822.0,0.5861,3561.0,0.5862,2455.0
1753592440991,05:00:40.991,phemex,ACE/USDT:USDT,0.586,42.0,0.5859,980.0,0.5861,3561.0,0.5862,2455.0
1753592441045,05:00:41.045,phemex,ACE/USDT:USDT,0.5859,980.0,0.5858,3822.0,0.5861,3561.0,0.5862,2455.0
1753592441068,05:00:41.068,phemex,ACE/USDT:USDT,0.5859,980.0,0.5858,3822.0,0.5861,3561.0,0.5862,2455.0
1753592441078,05:00:41.078,phemex,ACE/USDT:USDT,0.5859,980.0,0.5858,3822.0,0.586,42.0,0.5861,3561.0
1753592441563,05:00:41.563,phemex,ACE/USDT:USDT,0.5859,980.0,0.5858,3822.0,0.5861,3561.0,0.5862,2455.0
1753592441601,05:00:41.601,phemex,ACE/USDT:USDT,0.5859,980.0,0.5858,3822.0,0.5861,3561.0,0.5862,2455.0
1753592441785,05:00:41.785,phemex,ACE/USDT:USDT,0.5859,980.0,0.5858,3822.0,0.586,42.0,0.5861,3561.0
1753592442119,05:00:42.119,phemex,ACE/USDT:USDT,0.5859,980.0,0.5858,3822.0,0.5861,3561.0,0.5862,2455.0
1753592442160,05:00:42.160,phemex,ACE/USDT:USDT,0.5859,980.0,0.5858,3822.0,0.586,42.0,0.5861,3561.0
1753592442326,05:00:42.326,phemex,ACE/USDT:USDT,0.5859,980.0,0.5858,3822.0,0.5861,3561.0,0.5862,2455.0
1753592442348,05:00:42.348,phemex,ACE/USDT:USDT,0.5859,980.0,0.5858,3822.0,0.5861,3561.0,0.5862,2455.0
1753592442935,05:00:42.935,phemex,ACE/USDT:USDT,0.5859,980.0,0.5858,3822.0,0.586,42.0,0.5861,3561.0
1753592442950,05:00:42.950,phemex,ACE/USDT:USDT,0.5859,929.0,0.5858,3822.0,0.5861,3561.0,0.5862,2455.0
1753592442995,05:00:42.995,phemex,ACE/USDT:USDT,0.5859,929.0,0.5858,3822.0,0.586,42.0,0.5861,3561.0
1753592443030,05:00:43.030,phemex,ACE/USDT:USDT,0.5859,929.0,0.5858,3822.0,0.5861,3561.0,0.5862,2455.0
1753592443049,05:00:43.049,phemex,ACE/USDT:USDT,0.5859,929.0,0.5858,3822.0,0.5861,3561.0,0.5862,2455.0
1753592443456,05:00:43.456,phemex,ACE/USDT:USDT,0.586,42.0,0.5859,929.0,0.5862,610.0,0.5863,43.0
1753592443476,05:00:43.476,phemex,ACE/USDT:USDT,0.586,42.0,0.5859,929.0,0.5862,610.0,0.5863,43.0
1753592443565,05:00:43.565,phemex,ACE/USDT:USDT,0.586,42.0,0.5859,929.0,0.5861,42.0,0.5862,610.0
1753592443573,05:00:43.573,phemex,ACE/USDT:USDT,0.5859,929.0,0.5858,3822.0,0.5861,42.0,0.5862,610.0
1753592443594,05:00:43.594,phemex,ACE/USDT:USDT,0.5859,929.0,0.5858,3822.0,0.5861,42.0,0.5862,610.0
1753592445153,05:00:45.153,phemex,ACE/USDT:USDT,0.5859,887.0,0.5858,3822.0,0.5861,42.0,0.5862,610.0
1753592447809,05:00:47.809,phemex,ACE/USDT:USDT,0.5857,42.0,0.5856,620.0,0.5861,42.0,0.5862,610.0
1753592447824,05:00:47.824,phemex,ACE/USDT:USDT,0.5856,620.0,0.5855,1829.0,0.5861,42.0,0.5862,610.0
1753592447865,05:00:47.865,phemex,ACE/USDT:USDT,0.5857,42.0,0.5856,620.0,0.5861,42.0,0.5862,610.0
1753592448111,05:00:48.111,phemex,ACE/USDT:USDT,0.5856,620.0,0.5855,1829.0,0.5861,42.0,0.5862,610.0
1753592448409,05:00:48.409,phemex,ACE/USDT:USDT,0.5857,42.0,0.5856,620.0,0.5861,42.0,0.5862,610.0
1753592450112,05:00:50.112,phemex,ACE/USDT:USDT,0.5857,42.0,0.5856,620.0,0.5858,783.0,0.5859,6309.0
1753592450117,05:00:50.117,phemex,ACE/USDT:USDT,0.5857,42.0,0.5856,620.0,0.5858,783.0,0.5859,6309.0
1753592450128,05:00:50.128,phemex,ACE/USDT:USDT,0.5856,620.0,0.5855,2426.0,0.5858,783.0,0.5859,6309.0
1753592450269,05:00:50.269,phemex,ACE/USDT:USDT,0.5857,42.0,0.5856,620.0,0.5858,783.0,0.5859,6309.0
1753592450682,05:00:50.682,phemex,ACE/USDT:USDT,0.5857,42.0,0.5856,620.0,0.5858,783.0,0.5859,6309.0
1753592451713,05:00:51.713,phemex,ACE/USDT:USDT,0.5857,42.0,0.5856,620.0,0.5858,733.0,0.5859,6309.0
1753592453414,05:00:53.414,phemex,ACE/USDT:USDT,0.5857,1023.0,0.5856,1577.0,0.5858,733.0,0.5859,6309.0
1753592453603,05:00:53.603,phemex,ACE/USDT:USDT,0.5856,636.0,0.5855,4959.0,0.5858,733.0,0.5859,6309.0
1753592453628,05:00:53.628,phemex,ACE/USDT:USDT,0.5857,42.0,0.5856,636.0,0.5858,733.0,0.5859,6309.0
1753592454488,05:00:54.488,phemex,ACE/USDT:USDT,0.5857,42.0,0.5856,636.0,0.5858,733.0,0.5859,6309.0
1753592454495,05:00:54.495,phemex,ACE/USDT:USDT,0.5857,42.0,0.5856,636.0,0.5858,733.0,0.5859,6309.0
1753592455265,05:00:55.265,phemex,ACE/USDT:USDT,0.5856,636.0,0.5855,4362.0,0.5858,733.0,0.5859,6309.0
1753592455666,05:00:55.666,phemex,ACE/USDT:USDT,0.5855,407.0,0.5854,5274.0,0.5857,42.0,0.5858,733.0
1753592455683,05:00:55.683,phemex,ACE/USDT:USDT,0.5856,42.0,0.5855,407.0,0.5857,42.0,0.5858,775.0
1753592455698,05:00:55.698,phemex,ACE/USDT:USDT,0.5856,42.0,0.5855,407.0,0.5858,775.0,0.5859,6309.0
1753592461993,05:01:01.993,phemex,ACE/USDT:USDT,0.5856,893.0,0.5855,3813.0,0.5858,775.0,0.5859,6309.0
1753592463692,05:01:03.692,phemex,ACE/USDT:USDT,0.5856,893.0,0.5855,3813.0,0.5858,755.0,0.5859,6309.0
1753592466133,05:01:06.133,phemex,ACE/USDT:USDT,0.5856,893.0,0.5855,3813.0,0.5857,43.0,0.5858,755.0
1753592466242,05:01:06.242,phemex,ACE/USDT:USDT,0.5856,893.0,0.5855,3813.0,0.5858,755.0,0.5859,6309.0
1753592466638,05:01:06.638,phemex,ACE/USDT:USDT,0.5856,893.0,0.5855,3813.0,0.5857,43.0,0.5858,755.0
1753592467043,05:01:07.043,phemex,ACE/USDT:USDT,0.5856,893.0,0.5855,3813.0,0.5858,755.0,0.5859,6309.0
1753592468339,05:01:08.339,phemex,ACE/USDT:USDT,0.5856,893.0,0.5855,3813.0,0.5857,43.0,0.5858,755.0
1753592468360,05:01:08.360,phemex,ACE/USDT:USDT,0.5856,893.0,0.5855,3813.0,0.5858,755.0,0.5859,6309.0
1753592468834,05:01:08.834,phemex,ACE/USDT:USDT,0.5856,893.0,0.5855,3813.0,0.5857,43.0,0.5858,755.0
1753592468862,05:01:08.862,phemex,ACE/USDT:USDT,0.5856,893.0,0.5855,3813.0,0.5858,755.0,0.5859,6309.0
1753592470337,05:01:10.337,phemex,ACE/USDT:USDT,0.5856,893.0,0.5855,3813.0,0.5857,43.0,0.5858,755.0
1753592472282,05:01:12.282,phemex,ACE/USDT:USDT,0.5856,893.0,0.5855,3813.0,0.5858,755.0,0.5859,6309.0
1753592476428,05:01:16.428,phemex,ACE/USDT:USDT,0.5857,43.0,0.5856,893.0,0.5858,755.0,0.5859,6309.0
1753592476442,05:01:16.442,phemex,ACE/USDT:USDT,0.5856,893.0,0.5855,3813.0,0.5858,755.0,0.5859,6309.0
1753592477058,05:01:17.058,phemex,ACE/USDT:USDT,0.5857,43.0,0.5856,893.0,0.5858,755.0,0.5859,6309.0
1753592477182,05:01:17.182,phemex,ACE/USDT:USDT,0.5856,893.0,0.5855,3813.0,0.5858,755.0,0.5859,6309.0
1753592478393,05:01:18.393,phemex,ACE/USDT:USDT,0.5858,43.0,0.5857,789.0,0.586,42.0,0.5861,2490.0
1753592478393,05:01:18.393,phemex,ACE/USDT:USDT,0.5858,43.0,0.5857,789.0,0.586,42.0,0.5861,2490.0
1753592483497,05:01:23.497,phemex,ACE/USDT:USDT,0.5858,1017.0,0.5857,2985.0,0.586,805.0,0.5861,4285.0
1753592484491,05:01:24.491,phemex,ACE/USDT:USDT,0.5858,1017.0,0.5857,2985.0,0.586,805.0,0.5861,4285.0
1753592484499,05:01:24.499,phemex,ACE/USDT:USDT,0.5858,1017.0,0.5857,2985.0,0.586,805.0,0.5861,4285.0
1753592484573,05:01:24.573,phemex,ACE/USDT:USDT,0.5859,41.0,0.5858,1017.0,0.586,805.0,0.5861,4285.0
1753592484581,05:01:24.581,phemex,ACE/USDT:USDT,0.5859,41.0,0.5858,1017.0,0.586,763.0,0.5861,4285.0
1753592486774,05:01:26.774,phemex,ACE/USDT:USDT,0.5858,1017.0,0.5857,2985.0,0.586,763.0,0.5861,4285.0
1753592487776,05:01:27.776,phemex,ACE/USDT:USDT,0.5858,1017.0,0.5857,2985.0,0.5859,41.0,0.586,763.0
1753592487801,05:01:27.801,phemex,ACE/USDT:USDT,0.5858,1017.0,0.5857,2985.0,0.586,763.0,0.5861,4285.0
1753592487848,05:01:27.848,phemex,ACE/USDT:USDT,0.5858,1017.0,0.5857,2985.0,0.5859,41.0,0.586,763.0
1753592487863,05:01:27.863,phemex,ACE/USDT:USDT,0.5858,1017.0,0.5857,2985.0,0.586,763.0,0.5861,4285.0
1753592488402,05:01:28.402,phemex,ACE/USDT:USDT,0.5858,1017.0,0.5857,2985.0,0.5859,41.0,0.586,763.0
1753592488478,05:01:28.478,phemex,ACE/USDT:USDT,0.5858,974.0,0.5857,2985.0,0.5859,41.0,0.586,804.0
1753592489224,05:01:29.224,phemex,ACE/USDT:USDT,0.5858,974.0,0.5857,2985.0,0.586,804.0,0.5861,4285.0
1753592490423,05:01:30.423,phemex,ACE/USDT:USDT,0.5858,974.0,0.5857,2985.0,0.5859,987.0,0.586,3693.0
1753592490492,05:01:30.492,phemex,ACE/USDT:USDT,0.5858,974.0,0.5857,2985.0,0.5859,987.0,0.586,3693.0
1753592490623,05:01:30.623,phemex,ACE/USDT:USDT,0.5858,965.0,0.5857,2985.0,0.5859,987.0,0.586,3693.0
1753592490909,05:01:30.909,phemex,ACE/USDT:USDT,0.5858,965.0,0.5857,2985.0,0.5859,945.0,0.586,3693.0
1753592491339,05:01:31.339,phemex,ACE/USDT:USDT,0.5858,965.0,0.5857,2985.0,0.5861,4285.0,0.5862,4721.0
1753592491434,05:01:31.434,phemex,ACE/USDT:USDT,0.5858,965.0,0.5857,2985.0,0.586,42.0,0.5861,4285.0
1753592491474,05:01:31.474,phemex,ACE/USDT:USDT,0.5859,42.0,0.5858,965.0,0.586,42.0,0.5861,4285.0
1753592491642,05:01:31.642,phemex,ACE/USDT:USDT,0.5859,42.0,0.5858,1007.0,0.5861,4285.0,0.5862,4721.0
1753592491691,05:01:31.691,phemex,ACE/USDT:USDT,0.5859,1005.0,0.5858,3281.0,0.5861,4285.0,0.5862,4721.0
1753592491726,05:01:31.726,phemex,ACE/USDT:USDT,0.5859,1005.0,0.5858,3281.0,0.5861,42.0,0.5862,6006.0
