timestamp,time,exchange,symbol,bid1_price,bid1_volume,bid2_price,bid2_volume,ask1_price,ask1_volume,ask2_price,ask2_volume
1753591902281,04:51:42.281,mexc,ACE/USDT:USDT,0.585,4809.0,0.5849,4025,0.5851,2888.0,0.5852,23479.0
1753591902777,04:51:42.777,mexc,ACE/USDT:USDT,0.585,4809.0,0.5849,4025,0.5851,2888.0,0.5852,23479.0
1753591903180,04:51:43.180,mexc,ACE/USDT:USDT,0.585,4809.0,0.5849,4025,0.5851,2888.0,0.5852,23479.0
1753591903283,04:51:43.283,mexc,ACE/USDT:USDT,0.585,4809.0,0.5849,4025,0.5851,2888.0,0.5852,33337
1753591903682,04:51:43.682,mexc,ACE/USDT:USDT,0.585,4809.0,0.5849,4025,0.5851,2888.0,0.5852,33337
1753591903778,04:51:43.778,mexc,ACE/USDT:USDT,0.585,4809.0,0.5849,4025,0.5851,2888.0,0.5852,34759
1753591904180,04:51:44.180,mexc,ACE/USDT:USDT,0.585,4809.0,0.5849,4025,0.5851,2888.0,0.5852,34759
1753591904280,04:51:44.280,mexc,ACE/USDT:USDT,0.585,4809.0,0.5849,4025,0.5851,2888.0,0.5852,26755
1753591904583,04:51:44.583,mexc,ACE/USDT:USDT,0.585,4809.0,0.5849,4025,0.5851,2888.0,0.5852,26755
1753591904779,04:51:44.779,mexc,ACE/USDT:USDT,0.585,4809.0,0.5849,4883,0.5851,2888.0,0.5852,29639
1753591905181,04:51:45.181,mexc,ACE/USDT:USDT,0.585,4809.0,0.5849,4883,0.5851,2888.0,0.5852,29639
1753591905282,04:51:45.282,mexc,ACE/USDT:USDT,0.585,4809.0,0.5849,5739,0.5851,2888.0,0.5852,23479
1753591905682,04:51:45.682,mexc,ACE/USDT:USDT,0.585,4809.0,0.5849,4025,0.5851,2888.0,0.5852,23479
1753591905779,04:51:45.779,mexc,ACE/USDT:USDT,0.585,4809.0,0.5849,4800,0.5851,2888.0,0.5852,23479
1753591906083,04:51:46.083,mexc,ACE/USDT:USDT,0.585,4809.0,0.5849,4800,0.5851,6476,0.5852,45960
1753591906281,04:51:46.281,mexc,ACE/USDT:USDT,0.585,4126,0.5849,3890,0.5851,3588,0.5852,30492
1753591906681,04:51:46.681,mexc,ACE/USDT:USDT,0.585,4126,0.5849,3890,0.5851,3588,0.5852,27080
1753591906778,04:51:46.778,mexc,ACE/USDT:USDT,0.585,4126,0.5849,3890,0.5851,3588,0.5852,26916
1753591907180,04:51:47.180,mexc,ACE/USDT:USDT,0.585,4126,0.5849,3890,0.5851,3588,0.5852,22481
1753591907280,04:51:47.280,mexc,ACE/USDT:USDT,0.585,4126,0.5849,3890,0.5851,3588,0.5852,27262
1753591907681,04:51:47.681,mexc,ACE/USDT:USDT,0.585,4126,0.5849,3890,0.5851,3588,0.5852,22481
1753591907780,04:51:47.780,mexc,ACE/USDT:USDT,0.585,4126,0.5849,3890,0.5851,3588,0.5852,34611
1753591908181,04:51:48.181,mexc,ACE/USDT:USDT,0.585,4126,0.5849,3890,0.5851,3588,0.5852,34611
1753591908280,04:51:48.280,mexc,ACE/USDT:USDT,0.585,4126,0.5849,3890,0.5851,3588,0.5852,22481
1753591908683,04:51:48.683,mexc,ACE/USDT:USDT,0.585,4126,0.5849,3890,0.5851,3588,0.5852,22481
1753591908780,04:51:48.780,mexc,ACE/USDT:USDT,0.585,4126,0.5849,3890,0.5851,3588,0.5852,22481
1753591909181,04:51:49.181,mexc,ACE/USDT:USDT,0.585,4126,0.5849,3890,0.5851,3588,0.5852,22481
1753591909281,04:51:49.281,mexc,ACE/USDT:USDT,0.585,4126,0.5849,3890,0.5851,3588,0.5852,33816
1753591909682,04:51:49.682,mexc,ACE/USDT:USDT,0.585,4126,0.5849,3890,0.5851,3588,0.5852,28123
1753591909779,04:51:49.779,mexc,ACE/USDT:USDT,0.585,4126,0.5849,6468,0.5851,3588,0.5852,22481
1753591910182,04:51:50.182,mexc,ACE/USDT:USDT,0.585,4126,0.5849,5227,0.5851,3588,0.5852,22481
1753591910284,04:51:50.284,mexc,ACE/USDT:USDT,0.585,4126,0.5849,5646,0.5851,3588,0.5852,38343
1753591910684,04:51:50.684,mexc,ACE/USDT:USDT,0.585,4126,0.5849,5646,0.5851,3588,0.5852,38343
1753591910783,04:51:50.783,mexc,ACE/USDT:USDT,0.585,4126,0.5849,5720,0.5851,3588,0.5852,25470
1753591911190,04:51:51.190,mexc,ACE/USDT:USDT,0.585,4126,0.5849,3890,0.5851,3588,0.5852,25470
1753591911281,04:51:51.281,mexc,ACE/USDT:USDT,0.585,4126,0.5849,4935,0.5851,3588,0.5852,39294
1753591911680,04:51:51.680,mexc,ACE/USDT:USDT,0.585,4126,0.5849,4935,0.5851,3588,0.5852,31162
1753591911783,04:51:51.783,mexc,ACE/USDT:USDT,0.585,4126,0.5849,3890,0.5851,3588,0.5852,22481
1753591912084,04:51:52.084,mexc,ACE/USDT:USDT,0.585,4126,0.5849,8253,0.5851,3588,0.5852,22481
1753591912098,04:51:52.098,mexc,ACE/USDT:USDT,0.5849,4363,0.5848,5073,0.585,5858,0.5851,6118
1753591912284,04:51:52.284,mexc,ACE/USDT:USDT,0.5849,4363,0.5848,7434,0.585,5858,0.5851,6118
1753591912683,04:51:52.683,mexc,ACE/USDT:USDT,0.5849,4363,0.5848,7434,0.585,5858,0.5851,6118
1753591912783,04:51:52.783,mexc,ACE/USDT:USDT,0.5849,4363,0.5848,6965,0.585,5858,0.5851,6118
1753591913190,04:51:53.190,mexc,ACE/USDT:USDT,0.5849,4363,0.5848,5073,0.585,5858,0.5851,6118
1753591913282,04:51:53.282,mexc,ACE/USDT:USDT,0.5849,4363,0.5848,5073,0.585,5858,0.5851,6118
1753591913684,04:51:53.684,mexc,ACE/USDT:USDT,0.5849,4363,0.5848,5073,0.585,5858,0.5851,6118
1753591913783,04:51:53.783,mexc,ACE/USDT:USDT,0.5849,4363,0.5848,5073,0.585,5858,0.5851,6118
1753591914185,04:51:54.185,mexc,ACE/USDT:USDT,0.5849,4363,0.5848,5073,0.585,5858,0.5851,6118
1753591914282,04:51:54.282,mexc,ACE/USDT:USDT,0.5849,4363,0.5848,7759,0.585,5858,0.5851,7858
1753591914683,04:51:54.683,mexc,ACE/USDT:USDT,0.5849,4363,0.5848,7003,0.585,5858,0.5851,7858
1753591914784,04:51:54.784,mexc,ACE/USDT:USDT,0.5849,4363,0.5848,5073,0.585,5858,0.5851,8082
1753591915183,04:51:55.183,mexc,ACE/USDT:USDT,0.5849,4363,0.5848,5073,0.585,5858,0.5851,6118
1753591915281,04:51:55.281,mexc,ACE/USDT:USDT,0.5849,4363,0.5848,8678,0.585,5858,0.5851,6973
1753591915681,04:51:55.681,mexc,ACE/USDT:USDT,0.5849,4363,0.5848,8678,0.585,5858,0.5851,6118
1753591915783,04:51:55.783,mexc,ACE/USDT:USDT,0.5849,4363,0.5848,7476,0.585,5858,0.5851,6118
1753591916182,04:51:56.182,mexc,ACE/USDT:USDT,0.5849,4363,0.5848,7476,0.585,5858,0.5851,6118
1753591916284,04:51:56.284,mexc,ACE/USDT:USDT,0.5849,4363,0.5848,6685,0.585,5858,0.5851,6118
1753591916684,04:51:56.684,mexc,ACE/USDT:USDT,0.5849,4363,0.5848,5073,0.585,5858,0.5851,6118
1753591916783,04:51:56.783,mexc,ACE/USDT:USDT,0.5849,4363,0.5848,5073,0.585,5858,0.5851,6118
1753591917185,04:51:57.185,mexc,ACE/USDT:USDT,0.5849,4363,0.5848,5073,0.585,5858,0.5851,6118
1753591917284,04:51:57.284,mexc,ACE/USDT:USDT,0.5849,4363,0.5848,5073,0.585,5858,0.5851,6118
1753591917684,04:51:57.684,mexc,ACE/USDT:USDT,0.5849,4363,0.5848,5073,0.585,5858,0.5851,6118
1753591917783,04:51:57.783,mexc,ACE/USDT:USDT,0.5849,4363,0.5848,6041,0.585,5858,0.5851,8367
1753591918085,04:51:58.085,mexc,ACE/USDT:USDT,0.5849,4363,0.5848,6041,0.585,11583,0.5851,8367
1753591918285,04:51:58.285,mexc,ACE/USDT:USDT,0.5849,4891,0.5848,5239,0.585,5725,0.5851,9859
1753591918285,04:51:58.285,mexc,ACE/USDT:USDT,0.5849,4891,0.5848,5239,0.585,5725,0.5851,9859
1753591918689,04:51:58.689,mexc,ACE/USDT:USDT,0.5849,4891,0.5848,5239,0.585,5725,0.5851,7053
1753591918788,04:51:58.788,mexc,ACE/USDT:USDT,0.5849,4891,0.5848,5239,0.585,5725,0.5851,7053
1753591919185,04:51:59.185,mexc,ACE/USDT:USDT,0.5849,4891,0.5848,5239,0.585,5725,0.5851,7053
1753591919283,04:51:59.283,mexc,ACE/USDT:USDT,0.5849,4891,0.5848,5239,0.585,5725,0.5851,7053
1753591919685,04:51:59.685,mexc,ACE/USDT:USDT,0.5849,4891,0.5848,5239,0.585,5725,0.5851,7053
1753591919784,04:51:59.784,mexc,ACE/USDT:USDT,0.5849,4891,0.5848,6987,0.585,5725,0.5851,7053
1753591920184,04:52:00.184,mexc,ACE/USDT:USDT,0.5849,4891,0.5848,6987,0.585,5725,0.5851,7053
1753591920285,04:52:00.285,mexc,ACE/USDT:USDT,0.5849,4891,0.5848,5239,0.585,5725,0.5851,7761
1753591920687,04:52:00.687,mexc,ACE/USDT:USDT,0.5849,4891,0.5848,5239,0.585,5725,0.5851,7761
1753591920785,04:52:00.785,mexc,ACE/USDT:USDT,0.5849,4891,0.5848,7274,0.585,5725,0.5851,7053
1753591921187,04:52:01.187,mexc,ACE/USDT:USDT,0.5849,4891,0.5848,5239,0.585,5725,0.5851,7053
1753591921285,04:52:01.285,mexc,ACE/USDT:USDT,0.5849,4891,0.5848,5239,0.585,5725,0.5851,7053
1753591921684,04:52:01.684,mexc,ACE/USDT:USDT,0.5849,4891,0.5848,5239,0.585,5725,0.5851,7053
1753591921786,04:52:01.786,mexc,ACE/USDT:USDT,0.5849,4891,0.5848,6574,0.585,5725,0.5851,7053
1753591922186,04:52:02.186,mexc,ACE/USDT:USDT,0.5849,4891,0.5848,5836,0.585,5725,0.5851,7053
1753591922285,04:52:02.285,mexc,ACE/USDT:USDT,0.5849,4891,0.5848,7472,0.585,5725,0.5851,7053
1753591922686,04:52:02.686,mexc,ACE/USDT:USDT,0.5849,4891,0.5848,7472,0.585,5725,0.5851,7053
1753591922784,04:52:02.784,mexc,ACE/USDT:USDT,0.5849,4891,0.5848,5239,0.585,5725,0.5851,9976
1753591923189,04:52:03.189,mexc,ACE/USDT:USDT,0.5849,4891,0.5848,5239,0.585,5725,0.5851,9976
1753591923287,04:52:03.287,mexc,ACE/USDT:USDT,0.5849,4891,0.5848,5239,0.585,5725,0.5851,8231
1753591923686,04:52:03.686,mexc,ACE/USDT:USDT,0.5849,4891,0.5848,5239,0.585,5725,0.5851,8231
1753591923810,04:52:03.810,mexc,ACE/USDT:USDT,0.5849,4891,0.5848,5239,0.585,5725,0.5851,7053
1753591924091,04:52:04.091,mexc,ACE/USDT:USDT,0.5849,4891,0.5848,5239,0.585,8574,0.5851,7053
1753591924286,04:52:04.286,mexc,ACE/USDT:USDT,0.5849,5292,0.5848,5001,0.585,2849,0.5851,13950
1753591924689,04:52:04.689,mexc,ACE/USDT:USDT,0.5849,5292,0.5848,5001,0.585,2849,0.5851,13950
1753591924789,04:52:04.789,mexc,ACE/USDT:USDT,0.5849,5292,0.5848,7341,0.585,2849,0.5851,22987
1753591925187,04:52:05.187,mexc,ACE/USDT:USDT,0.5849,5292,0.5848,7341,0.585,2849,0.5851,17460
1753591925287,04:52:05.287,mexc,ACE/USDT:USDT,0.5849,5292,0.5848,5001,0.585,2849,0.5851,13866
1753591925688,04:52:05.688,mexc,ACE/USDT:USDT,0.5849,5292,0.5848,5001,0.585,2849,0.5851,13866
1753591925789,04:52:05.789,mexc,ACE/USDT:USDT,0.5849,5292,0.5848,5001,0.585,2849,0.5851,17531
1753591926189,04:52:06.189,mexc,ACE/USDT:USDT,0.5849,5292,0.5848,5001,0.585,2849,0.5851,12467
1753591926287,04:52:06.287,mexc,ACE/USDT:USDT,0.5849,5292,0.5848,7044,0.585,2849,0.5851,24511
1753591926689,04:52:06.689,mexc,ACE/USDT:USDT,0.5849,5292,0.5848,7044,0.585,2849,0.5851,18604
1753591926787,04:52:06.787,mexc,ACE/USDT:USDT,0.5849,5292,0.5848,8172,0.585,2849,0.5851,23168
1753591927187,04:52:07.187,mexc,ACE/USDT:USDT,0.5849,5292,0.5848,8172,0.585,2849,0.5851,18601
1753591927288,04:52:07.288,mexc,ACE/USDT:USDT,0.5849,5292,0.5848,5001,0.585,2849,0.5851,17125
1753591927690,04:52:07.690,mexc,ACE/USDT:USDT,0.5849,5292,0.5848,5001,0.585,2849,0.5851,17125
1753591927790,04:52:07.790,mexc,ACE/USDT:USDT,0.5849,5292,0.5848,6380,0.585,2849,0.5851,16668
1753591928190,04:52:08.190,mexc,ACE/USDT:USDT,0.5849,5292,0.5848,5001,0.585,2849,0.5851,16668
1753591928298,04:52:08.298,mexc,ACE/USDT:USDT,0.5849,5292,0.5848,5001,0.585,2849,0.5851,12467
1753591928690,04:52:08.690,mexc,ACE/USDT:USDT,0.5849,5292,0.5848,5001,0.585,2849,0.5851,12467
1753591928793,04:52:08.793,mexc,ACE/USDT:USDT,0.5849,5292,0.5848,5001,0.585,2849,0.5851,12467
1753591929191,04:52:09.191,mexc,ACE/USDT:USDT,0.5849,5292,0.5848,5001,0.585,2849,0.5851,12467
1753591929291,04:52:09.291,mexc,ACE/USDT:USDT,0.5849,5292,0.5848,7126,0.585,2849,0.5851,12467
1753591929693,04:52:09.693,mexc,ACE/USDT:USDT,0.5849,5292,0.5848,5001,0.585,2849,0.5851,12467
1753591929790,04:52:09.790,mexc,ACE/USDT:USDT,0.5849,5292,0.5848,5001,0.585,2849,0.5851,12467
1753591930094,04:52:10.094,mexc,ACE/USDT:USDT,0.5849,5292,0.5848,5001,0.585,5576,0.5851,12467
1753591930289,04:52:10.289,mexc,ACE/USDT:USDT,0.5849,5162,0.5848,4740,0.585,2727,0.5851,10430
1753591930693,04:52:10.693,mexc,ACE/USDT:USDT,0.5849,5162,0.5848,4740,0.585,2727,0.5851,10430
1753591930792,04:52:10.792,mexc,ACE/USDT:USDT,0.5849,5162,0.5848,8987,0.585,2727,0.5851,8310
1753591931192,04:52:11.192,mexc,ACE/USDT:USDT,0.5849,5162,0.5848,7099,0.585,2727,0.5851,8310
1753591931293,04:52:11.293,mexc,ACE/USDT:USDT,0.5849,5162,0.5848,4740,0.585,2727,0.5851,10233
1753591931692,04:52:11.692,mexc,ACE/USDT:USDT,0.5849,5162,0.5848,4740,0.585,2727,0.5851,10233
1753591931792,04:52:11.792,mexc,ACE/USDT:USDT,0.5849,5162,0.5848,4740,0.585,2727,0.5851,10294
1753591932199,04:52:12.199,mexc,ACE/USDT:USDT,0.5849,5162,0.5848,4740,0.585,2727,0.5851,10294
1753591932291,04:52:12.291,mexc,ACE/USDT:USDT,0.5849,5162,0.5848,4740,0.585,2727,0.5851,8310
1753591932693,04:52:12.693,mexc,ACE/USDT:USDT,0.5849,5162,0.5848,4740,0.585,2727,0.5851,8310
1753591932792,04:52:12.792,mexc,ACE/USDT:USDT,0.5849,5162,0.5848,4740,0.585,2727,0.5851,8310
1753591933194,04:52:13.194,mexc,ACE/USDT:USDT,0.5849,5162,0.5848,4740,0.585,2727,0.5851,8310
1753591933294,04:52:13.294,mexc,ACE/USDT:USDT,0.5849,5162,0.5848,4740,0.585,2727,0.5851,8310
1753591933602,04:52:13.602,mexc,ACE/USDT:USDT,0.5849,5162,0.5848,4740,0.585,2727,0.5851,8310
1753591933792,04:52:13.792,mexc,ACE/USDT:USDT,0.5849,5162,0.5848,4740,0.585,2727,0.5851,8310
1753591934195,04:52:14.195,mexc,ACE/USDT:USDT,0.5849,5162,0.5848,4740,0.585,2727,0.5851,8310
1753591934303,04:52:14.303,mexc,ACE/USDT:USDT,0.5849,5162,0.5848,4740,0.585,2727,0.5851,9818
1753591934695,04:52:14.695,mexc,ACE/USDT:USDT,0.5849,5162,0.5848,4740,0.585,2727,0.5851,8310
1753591934793,04:52:14.793,mexc,ACE/USDT:USDT,0.5849,5162,0.5848,5396,0.585,2727,0.5851,8310
1753591935195,04:52:15.195,mexc,ACE/USDT:USDT,0.5849,5162,0.5848,5396,0.585,2727,0.5851,8310
1753591935292,04:52:15.292,mexc,ACE/USDT:USDT,0.5849,5162,0.5848,4740,0.585,2727,0.5851,9527
1753591935695,04:52:15.695,mexc,ACE/USDT:USDT,0.5849,5162,0.5848,4740,0.585,2727,0.5851,8310
1753591935792,04:52:15.792,mexc,ACE/USDT:USDT,0.5849,5162,0.5848,5418,0.585,2727,0.5851,8310
1753591936097,04:52:16.097,mexc,ACE/USDT:USDT,0.5849,5162,0.5848,5418,0.585,5465,0.5851,8310
1753591936293,04:52:16.293,mexc,ACE/USDT:USDT,0.5849,6127,0.5848,9097,0.585,2738,0.5851,3530
1753591936293,04:52:16.293,mexc,ACE/USDT:USDT,0.5849,6127,0.5848,9097,0.585,2738,0.5851,3530
1753591936796,04:52:16.796,mexc,ACE/USDT:USDT,0.5849,6127,0.5848,8931,0.585,2738,0.5851,3042
1753591936796,04:52:16.796,mexc,ACE/USDT:USDT,0.5849,6127,0.5848,8931,0.585,2738,0.5851,4204
1753591937197,04:52:17.197,mexc,ACE/USDT:USDT,0.5849,6127,0.5848,7749,0.585,2738,0.5851,4204
1753591937296,04:52:17.296,mexc,ACE/USDT:USDT,0.5849,6127,0.5848,10837,0.585,2738,0.5851,5204
1753591937699,04:52:17.699,mexc,ACE/USDT:USDT,0.5849,6127,0.5848,7749,0.585,2738,0.5851,5204
1753591937794,04:52:17.794,mexc,ACE/USDT:USDT,0.5849,6127,0.5848,7749,0.585,2738,0.5851,4361
1753591938199,04:52:18.199,mexc,ACE/USDT:USDT,0.5849,6127,0.5848,7749,0.585,2738,0.5851,3042
1753591938294,04:52:18.294,mexc,ACE/USDT:USDT,0.5849,6127,0.5848,7749,0.585,2738,0.5851,3042
1753591938698,04:52:18.698,mexc,ACE/USDT:USDT,0.5849,6127,0.5848,7749,0.585,2738,0.5851,3042
1753591938798,04:52:18.798,mexc,ACE/USDT:USDT,0.5849,6127,0.5848,7749,0.585,2738,0.5851,3042
1753591939199,04:52:19.199,mexc,ACE/USDT:USDT,0.5849,6127,0.5848,7749,0.585,2738,0.5851,3042
1753591939296,04:52:19.296,mexc,ACE/USDT:USDT,0.5849,6127,0.5848,11284,0.585,2738,0.5851,3695
1753591939599,04:52:19.599,mexc,ACE/USDT:USDT,0.5849,6127,0.5848,11284,0.585,2738,0.5851,3695
1753591939797,04:52:19.797,mexc,ACE/USDT:USDT,0.5849,6127,0.5848,7749,0.585,2738,0.5851,3042
1753591940197,04:52:20.197,mexc,ACE/USDT:USDT,0.5849,6127,0.5848,7749,0.585,2738,0.5851,3042
1753591940302,04:52:20.302,mexc,ACE/USDT:USDT,0.5849,6127,0.5848,7749,0.585,2738,0.5851,3042
1753591940698,04:52:20.698,mexc,ACE/USDT:USDT,0.5849,6127,0.5848,7749,0.585,2738,0.5851,3042
1753591940798,04:52:20.798,mexc,ACE/USDT:USDT,0.5849,6127,0.5848,9645,0.585,2738,0.5851,4471
1753591941200,04:52:21.200,mexc,ACE/USDT:USDT,0.5849,6127,0.5848,7749,0.585,2738,0.5851,4471
1753591941298,04:52:21.298,mexc,ACE/USDT:USDT,0.5849,6127,0.5848,10921,0.585,2738,0.5851,3042
1753591941700,04:52:21.700,mexc,ACE/USDT:USDT,0.5849,6127,0.5848,7749,0.585,2738,0.5851,3042
1753591941796,04:52:21.796,mexc,ACE/USDT:USDT,0.5849,6127,0.5848,7749,0.585,2738,0.5851,3042
1753591942101,04:52:22.101,mexc,ACE/USDT:USDT,0.5849,6127,0.5848,7749,0.585,5369,0.5851,6198
1753591942298,04:52:22.298,mexc,ACE/USDT:USDT,0.5849,5435,0.5848,14206,0.585,2631,0.5851,3156
1753591942698,04:52:22.698,mexc,ACE/USDT:USDT,0.5849,5435,0.5848,14206,0.585,2631,0.5851,3156
1753591942798,04:52:22.798,mexc,ACE/USDT:USDT,0.5849,5435,0.5848,20553,0.585,2631,0.5851,3930
1753591943200,04:52:23.200,mexc,ACE/USDT:USDT,0.5849,5435,0.5848,17885,0.585,2631,0.5851,3930
1753591943297,04:52:23.297,mexc,ACE/USDT:USDT,0.5849,5435,0.5848,14206,0.585,2631,0.5851,5101
1753591943699,04:52:23.699,mexc,ACE/USDT:USDT,0.5849,5435,0.5848,14206,0.585,2631,0.5851,5101
1753591943800,04:52:23.800,mexc,ACE/USDT:USDT,0.5849,5435,0.5848,15880,0.585,2631,0.5851,3156
1753591944201,04:52:24.201,mexc,ACE/USDT:USDT,0.5849,5435,0.5848,15880,0.585,2631,0.5851,3156
1753591944301,04:52:24.301,mexc,ACE/USDT:USDT,0.5849,5435,0.5848,14206,0.585,2631,0.5851,3156
1753591944698,04:52:24.698,mexc,ACE/USDT:USDT,0.5849,5435,0.5848,14206,0.585,2631,0.5851,3156
1753591944799,04:52:24.799,mexc,ACE/USDT:USDT,0.5849,5435,0.5848,14206,0.585,2631,0.5851,3156
1753591945201,04:52:25.201,mexc,ACE/USDT:USDT,0.5849,5435,0.5848,14206,0.585,2631,0.5851,3156
1753591945300,04:52:25.300,mexc,ACE/USDT:USDT,0.5849,5435,0.5848,18767,0.585,2631,0.5851,3647
1753591945595,04:52:25.595,mexc,ACE/USDT:USDT,0.5849,5435,0.5848,18767,0.585,2631,0.5851,3647
1753591945798,04:52:25.798,mexc,ACE/USDT:USDT,0.5849,5435,0.5848,14206,0.585,2631,0.5851,3864
1753591946201,04:52:26.201,mexc,ACE/USDT:USDT,0.5849,5435,0.5848,14206,0.585,2631,0.5851,3864
1753591946312,04:52:26.312,mexc,ACE/USDT:USDT,0.5849,5435,0.5848,21047,0.585,2631,0.5851,4701
1753591946704,04:52:26.704,mexc,ACE/USDT:USDT,0.5849,5435,0.5848,21047,0.585,2631,0.5851,3156
1753591946802,04:52:26.802,mexc,ACE/USDT:USDT,0.5849,5435,0.5848,17433,0.585,2631,0.5851,4192
1753591947206,04:52:27.206,mexc,ACE/USDT:USDT,0.5849,5435,0.5848,17433,0.585,2631,0.5851,4192
1753591947302,04:52:27.302,mexc,ACE/USDT:USDT,0.5849,5435,0.5848,14206,0.585,2631,0.5851,3156
1753591947704,04:52:27.704,mexc,ACE/USDT:USDT,0.5849,5435,0.5848,14206,0.585,2631,0.5851,3156
1753591947803,04:52:27.803,mexc,ACE/USDT:USDT,0.5849,5435,0.5848,14206,0.585,2631,0.5851,3156
1753591948104,04:52:28.104,mexc,ACE/USDT:USDT,0.5849,5435,0.5848,14206,0.585,2631,0.5851,6141
1753591948303,04:52:28.303,mexc,ACE/USDT:USDT,0.585,5500,0.5849,8235,0.5851,2985,0.5852,6439
1753591948704,04:52:28.704,mexc,ACE/USDT:USDT,0.585,5500,0.5849,8235,0.5851,2985,0.5852,6439
1753591948802,04:52:28.802,mexc,ACE/USDT:USDT,0.585,5500,0.5849,5673,0.5851,2985,0.5852,6439
1753591949204,04:52:29.204,mexc,ACE/USDT:USDT,0.585,5500,0.5849,5673,0.5851,2985,0.5852,6439
1753591949303,04:52:29.303,mexc,ACE/USDT:USDT,0.585,5500,0.5849,7713,0.5851,2985,0.5852,7576
1753591949705,04:52:29.705,mexc,ACE/USDT:USDT,0.585,5500,0.5849,7713,0.5851,2985,0.5852,6439
1753591949803,04:52:29.803,mexc,ACE/USDT:USDT,0.585,5500,0.5849,5673,0.5851,2985,0.5852,8503
1753591950205,04:52:30.205,mexc,ACE/USDT:USDT,0.585,5500,0.5849,5673,0.5851,2985,0.5852,8503
1753591950302,04:52:30.302,mexc,ACE/USDT:USDT,0.585,5500,0.5849,5673,0.5851,2985,0.5852,9099
1753591950612,04:52:30.612,mexc,ACE/USDT:USDT,0.585,5500,0.5849,5673,0.5851,2985,0.5852,9099
1753591950805,04:52:30.805,mexc,ACE/USDT:USDT,0.585,5500,0.5849,8177,0.5851,2985,0.5852,8643
1753591951205,04:52:31.205,mexc,ACE/USDT:USDT,0.585,5500,0.5849,8177,0.5851,2985,0.5852,6439
1753591951304,04:52:31.304,mexc,ACE/USDT:USDT,0.585,5500,0.5849,5673,0.5851,2985,0.5852,6439
1753591951706,04:52:31.706,mexc,ACE/USDT:USDT,0.585,5500,0.5849,5673,0.5851,2985,0.5852,6439
1753591951804,04:52:31.804,mexc,ACE/USDT:USDT,0.585,5500,0.5849,5673,0.5851,2985,0.5852,6439
1753591952206,04:52:32.206,mexc,ACE/USDT:USDT,0.585,5500,0.5849,5673,0.5851,2985,0.5852,6439
1753591952313,04:52:32.313,mexc,ACE/USDT:USDT,0.585,5500,0.5849,8310,0.5851,2985,0.5852,8179
1753591952707,04:52:32.707,mexc,ACE/USDT:USDT,0.585,5500,0.5849,5673,0.5851,2985,0.5852,8179
1753591952805,04:52:32.805,mexc,ACE/USDT:USDT,0.585,5500,0.5849,8293,0.5851,2985,0.5852,8337
1753591953206,04:52:33.206,mexc,ACE/USDT:USDT,0.585,5500,0.5849,5673,0.5851,2985,0.5852,8337
1753591953304,04:52:33.304,mexc,ACE/USDT:USDT,0.585,5500,0.5849,5673,0.5851,2985,0.5852,6439
1753591953706,04:52:33.706,mexc,ACE/USDT:USDT,0.585,5500,0.5849,5673,0.5851,2985,0.5852,6439
1753591953806,04:52:33.806,mexc,ACE/USDT:USDT,0.585,5500,0.5849,7375,0.5851,2985,0.5852,6439
1753591954112,04:52:34.112,mexc,ACE/USDT:USDT,0.5849,2828,0.5848,5290,0.585,5991,0.5851,2985
1753591954306,04:52:34.306,mexc,ACE/USDT:USDT,0.5849,2828,0.5848,7392,0.585,5991,0.5851,10365
1753591954706,04:52:34.706,mexc,ACE/USDT:USDT,0.5849,2828,0.5848,7392,0.585,5991,0.5851,7228
1753591954804,04:52:34.804,mexc,ACE/USDT:USDT,0.5849,2828,0.5848,5290,0.585,5991,0.5851,7228
1753591955206,04:52:35.206,mexc,ACE/USDT:USDT,0.5849,2828,0.5848,5290,0.585,5991,0.5851,7228
1753591955306,04:52:35.306,mexc,ACE/USDT:USDT,0.5849,2828,0.5848,5290,0.585,5991,0.5851,7228
1753591955706,04:52:35.706,mexc,ACE/USDT:USDT,0.5849,2828,0.5848,5290,0.585,5991,0.5851,7228
1753591955804,04:52:35.804,mexc,ACE/USDT:USDT,0.5849,2828,0.5848,5290,0.585,5991,0.5851,8881
1753591956206,04:52:36.206,mexc,ACE/USDT:USDT,0.5849,2828,0.5848,5290,0.585,5991,0.5851,7228
1753591956306,04:52:36.306,mexc,ACE/USDT:USDT,0.5849,2828,0.5848,5959,0.585,5991,0.5851,7228
1753591956616,04:52:36.616,mexc,ACE/USDT:USDT,0.5849,2828,0.5848,5959,0.585,5991,0.5851,7228
1753591956806,04:52:36.806,mexc,ACE/USDT:USDT,0.5849,2828,0.5848,5290,0.585,5991,0.5851,7228
1753591957207,04:52:37.207,mexc,ACE/USDT:USDT,0.5849,2828,0.5848,5290,0.585,5991,0.5851,7228
1753591957306,04:52:37.306,mexc,ACE/USDT:USDT,0.5849,2828,0.5848,7602,0.585,5991,0.5851,10699
1753591957679,04:52:37.679,mexc,ACE/USDT:USDT,0.5849,2828,0.5848,7602,0.585,5991,0.5851,10699
1753591957807,04:52:37.807,mexc,ACE/USDT:USDT,0.5849,2828,0.5848,5290,0.585,5991,0.5851,7228
1753591958208,04:52:38.208,mexc,ACE/USDT:USDT,0.5849,2828,0.5848,5290,0.585,5991,0.5851,7228
1753591958314,04:52:38.314,mexc,ACE/USDT:USDT,0.5849,2828,0.5848,6678,0.585,5991,0.5851,9713
1753591958708,04:52:38.708,mexc,ACE/USDT:USDT,0.5849,2828,0.5848,6678,0.585,5991,0.5851,7228
1753591958808,04:52:38.808,mexc,ACE/USDT:USDT,0.5849,2828,0.5848,6608,0.585,5991,0.5851,7228
1753591959208,04:52:39.208,mexc,ACE/USDT:USDT,0.5849,2828,0.5848,5290,0.585,5991,0.5851,7228
1753591959307,04:52:39.307,mexc,ACE/USDT:USDT,0.5849,2828,0.5848,6447,0.585,5991,0.5851,7228
1753591959708,04:52:39.708,mexc,ACE/USDT:USDT,0.5849,2828,0.5848,6447,0.585,5991,0.5851,7228
1753591959808,04:52:39.808,mexc,ACE/USDT:USDT,0.5849,2828,0.5848,5290,0.585,5991,0.5851,7228
1753591960108,04:52:40.108,mexc,ACE/USDT:USDT,0.5849,2828,0.5848,5290,0.585,9762,0.5851,10338
1753591960307,04:52:40.307,mexc,ACE/USDT:USDT,0.5849,4271,0.5848,6771,0.585,3771,0.5851,3110
1753591960308,04:52:40.308,mexc,ACE/USDT:USDT,0.5849,4271,0.5848,6771,0.585,3771,0.5851,3110
1753591960809,04:52:40.809,mexc,ACE/USDT:USDT,0.5849,4271,0.5848,6771,0.585,3771,0.5851,4204
1753591960809,04:52:40.809,mexc,ACE/USDT:USDT,0.5849,4271,0.5848,6771,0.585,3771,0.5851,4204
1753591961213,04:52:41.213,mexc,ACE/USDT:USDT,0.5849,4271,0.5848,6771,0.585,3771,0.5851,3110
1753591961307,04:52:41.307,mexc,ACE/USDT:USDT,0.5849,4271,0.5848,6771,0.585,3771,0.5851,4047
1753591961708,04:52:41.708,mexc,ACE/USDT:USDT,0.5849,4271,0.5848,6771,0.585,3771,0.5851,3110
1753591961810,04:52:41.810,mexc,ACE/USDT:USDT,0.5849,4271,0.5848,10892,0.585,3771,0.5851,3110
1753591962213,04:52:42.213,mexc,ACE/USDT:USDT,0.5849,4271,0.5848,10892,0.585,3771,0.5851,3110
1753591962309,04:52:42.309,mexc,ACE/USDT:USDT,0.5849,4271,0.5848,7818,0.585,3771,0.5851,3110
1753591962619,04:52:42.619,mexc,ACE/USDT:USDT,0.5849,4271,0.5848,7818,0.585,3771,0.5851,3110
1753591962808,04:52:42.808,mexc,ACE/USDT:USDT,0.5849,4271,0.5848,7655,0.585,3771,0.5851,3110
1753591963212,04:52:43.212,mexc,ACE/USDT:USDT,0.5849,4271,0.5848,7655,0.585,3771,0.5851,3110
1753591963309,04:52:43.309,mexc,ACE/USDT:USDT,0.5849,4271,0.5848,6771,0.585,3771,0.5851,3865
1753591963677,04:52:43.677,mexc,ACE/USDT:USDT,0.5849,4271,0.5848,6771,0.585,3771,0.5851,3865
1753591963811,04:52:43.811,mexc,ACE/USDT:USDT,0.5849,4271,0.5848,10187,0.585,3771,0.5851,5393
1753591964210,04:52:44.210,mexc,ACE/USDT:USDT,0.5849,4271,0.5848,8888,0.585,3771,0.5851,5393
1753591964322,04:52:44.322,mexc,ACE/USDT:USDT,0.5849,4271,0.5848,6771,0.585,3771,0.5851,3110
1753591964711,04:52:44.711,mexc,ACE/USDT:USDT,0.5849,4271,0.5848,6771,0.585,3771,0.5851,3110
1753591964810,04:52:44.810,mexc,ACE/USDT:USDT,0.5849,4271,0.5848,9845,0.585,3771,0.5851,5280
1753591965163,04:52:45.163,mexc,ACE/USDT:USDT,0.5849,4271,0.5848,9845,0.585,6726,0.5851,5280
1753591965311,04:52:45.311,mexc,ACE/USDT:USDT,0.5849,5211,0.5848,4869,0.585,2955,0.5851,4545
1753591965712,04:52:45.712,mexc,ACE/USDT:USDT,0.5849,5211,0.5848,4869,0.585,2955,0.5851,4033
1753591965810,04:52:45.810,mexc,ACE/USDT:USDT,0.5849,5211,0.5848,4869,0.585,2955,0.5851,2954
1753591966212,04:52:46.212,mexc,ACE/USDT:USDT,0.5849,5211,0.5848,4869,0.585,2955,0.5851,2954
1753591966311,04:52:46.311,mexc,ACE/USDT:USDT,0.5849,5211,0.5848,5718,0.585,2955,0.5851,2954
1753591966712,04:52:46.712,mexc,ACE/USDT:USDT,0.5849,5211,0.5848,5718,0.585,2955,0.5851,2954
1753591966812,04:52:46.812,mexc,ACE/USDT:USDT,0.5849,5211,0.5848,6613,0.585,2955,0.5851,3937
1753591967214,04:52:47.214,mexc,ACE/USDT:USDT,0.5849,5211,0.5848,6613,0.585,2955,0.5851,3937
1753591967311,04:52:47.311,mexc,ACE/USDT:USDT,0.5849,5211,0.5848,4869,0.585,2955,0.5851,2954
1753591967712,04:52:47.712,mexc,ACE/USDT:USDT,0.5849,5211,0.5848,4869,0.585,2955,0.5851,2954
1753591967812,04:52:47.812,mexc,ACE/USDT:USDT,0.5849,5211,0.5848,7170,0.585,2955,0.5851,4265
1753591968212,04:52:48.212,mexc,ACE/USDT:USDT,0.5849,5211,0.5848,7170,0.585,2955,0.5851,4265
1753591968313,04:52:48.313,mexc,ACE/USDT:USDT,0.5849,5211,0.5848,6768,0.585,2955,0.5851,2954
1753591968617,04:52:48.617,mexc,ACE/USDT:USDT,0.5849,5211,0.5848,6768,0.585,2955,0.5851,2954
1753591968813,04:52:48.813,mexc,ACE/USDT:USDT,0.5849,5211,0.5848,5749,0.585,2955,0.5851,2954
1753591969213,04:52:49.213,mexc,ACE/USDT:USDT,0.5849,5211,0.5848,5749,0.585,2955,0.5851,2954
1753591969314,04:52:49.314,mexc,ACE/USDT:USDT,0.5849,5211,0.5848,5778,0.585,2955,0.5851,3423
1753591969679,04:52:49.679,mexc,ACE/USDT:USDT,0.5849,5211,0.5848,5778,0.585,2955,0.5851,3423
1753591969814,04:52:49.814,mexc,ACE/USDT:USDT,0.5849,5211,0.5848,4869,0.585,2955,0.5851,3568
1753591970219,04:52:50.219,mexc,ACE/USDT:USDT,0.5849,5211,0.5848,4869,0.585,2955,0.5851,3568
1753591970316,04:52:50.316,mexc,ACE/USDT:USDT,0.5849,5211,0.5848,4869,0.585,2955,0.5851,2954
1753591970715,04:52:50.715,mexc,ACE/USDT:USDT,0.5849,5211,0.5848,4869,0.585,2955,0.5851,2954
1753591970814,04:52:50.814,mexc,ACE/USDT:USDT,0.5849,5211,0.5848,4869,0.585,2955,0.5851,2954
1753591971165,04:52:51.165,mexc,ACE/USDT:USDT,0.5849,5211,0.5848,4869,0.585,2955,0.5851,5788
1753591971315,04:52:51.315,mexc,ACE/USDT:USDT,0.585,5795,0.5849,11930,0.5851,2834,0.5852,3529
1753591971719,04:52:51.719,mexc,ACE/USDT:USDT,0.585,5795,0.5849,11930,0.5851,2834,0.5852,3529
1753591971817,04:52:51.817,mexc,ACE/USDT:USDT,0.585,5795,0.5849,10839,0.5851,2834,0.5852,3529
1753591972221,04:52:52.221,mexc,ACE/USDT:USDT,0.585,5795,0.5849,10839,0.5851,2834,0.5852,3529
1753591972317,04:52:52.317,mexc,ACE/USDT:USDT,0.585,5795,0.5849,10839,0.5851,2834,0.5852,3529
1753591972719,04:52:52.719,mexc,ACE/USDT:USDT,0.585,5795,0.5849,10839,0.5851,2834,0.5852,3529
1753591972816,04:52:52.816,mexc,ACE/USDT:USDT,0.585,5795,0.5849,10839,0.5851,2834,0.5852,4458
1753591973218,04:52:53.218,mexc,ACE/USDT:USDT,0.585,5795,0.5849,10839,0.5851,2834,0.5852,4458
1753591973318,04:52:53.318,mexc,ACE/USDT:USDT,0.585,5795,0.5849,10839,0.5851,2834,0.5852,4143
1753591973719,04:52:53.719,mexc,ACE/USDT:USDT,0.585,5795,0.5849,10839,0.5851,2834,0.5852,4143
1753591973820,04:52:53.820,mexc,ACE/USDT:USDT,0.585,5795,0.5849,10839,0.5851,2834,0.5852,4487
1753591974220,04:52:54.220,mexc,ACE/USDT:USDT,0.585,5795,0.5849,10839,0.5851,2834,0.5852,4487
1753591974317,04:52:54.317,mexc,ACE/USDT:USDT,0.585,5795,0.5849,10839,0.5851,2834,0.5852,4817
1753591974619,04:52:54.619,mexc,ACE/USDT:USDT,0.585,5795,0.5849,10839,0.5851,2834,0.5852,4817
1753591974723,04:52:54.723,mexc,ACE/USDT:USDT,0.585,5795,0.5849,10839,0.5851,2834,0.5852,3529
1753591974820,04:52:54.820,mexc,ACE/USDT:USDT,0.585,5795,0.5849,10839,0.5851,2834,0.5852,3529
1753591975222,04:52:55.222,mexc,ACE/USDT:USDT,0.585,5795,0.5849,10839,0.5851,2834,0.5852,3529
1753591975319,04:52:55.319,mexc,ACE/USDT:USDT,0.585,5795,0.5849,10839,0.5851,2834,0.5852,5210
1753591975675,04:52:55.675,mexc,ACE/USDT:USDT,0.585,5795,0.5849,10839,0.5851,2834,0.5852,5210
1753591975821,04:52:55.821,mexc,ACE/USDT:USDT,0.585,5795,0.5849,10839,0.5851,2834,0.5852,3529
1753591976222,04:52:56.222,mexc,ACE/USDT:USDT,0.585,5795,0.5849,10839,0.5851,2834,0.5852,3529
1753591976321,04:52:56.321,mexc,ACE/USDT:USDT,0.585,5795,0.5849,10839,0.5851,2834,0.5852,4588
1753591976724,04:52:56.724,mexc,ACE/USDT:USDT,0.585,5795,0.5849,10839,0.5851,2834,0.5852,3529
1753591976821,04:52:56.821,mexc,ACE/USDT:USDT,0.585,5795,0.5849,19740,0.5851,2834,0.5852,4050
1753591977169,04:52:57.169,mexc,ACE/USDT:USDT,0.585,5795,0.5849,22463,0.5851,2834,0.5852,4050
1753591977321,04:52:57.321,mexc,ACE/USDT:USDT,0.5849,2723,0.5848,9340,0.585,5568,0.5851,3623
1753591977724,04:52:57.724,mexc,ACE/USDT:USDT,0.5849,2723,0.5848,9340,0.585,5568,0.5851,3623
1753591977823,04:52:57.823,mexc,ACE/USDT:USDT,0.5849,2723,0.5848,7917,0.585,5568,0.5851,3623
1753591978224,04:52:58.224,mexc,ACE/USDT:USDT,0.5849,2723,0.5848,7917,0.585,5568,0.5851,3623
1753591978324,04:52:58.324,mexc,ACE/USDT:USDT,0.5849,2723,0.5848,6550,0.585,5568,0.5851,3623
1753591978727,04:52:58.727,mexc,ACE/USDT:USDT,0.5849,2723,0.5848,6550,0.585,5568,0.5851,3623
1753591978823,04:52:58.823,mexc,ACE/USDT:USDT,0.5849,2723,0.5848,6550,0.585,5568,0.5851,4485
1753591979223,04:52:59.223,mexc,ACE/USDT:USDT,0.5849,2723,0.5848,6550,0.585,5568,0.5851,4485
1753591979329,04:52:59.329,mexc,ACE/USDT:USDT,0.5849,2723,0.5848,9225,0.585,5568,0.5851,3623
1753591979728,04:52:59.728,mexc,ACE/USDT:USDT,0.5849,2723,0.5848,9225,0.585,5568,0.5851,3623
1753591979823,04:52:59.823,mexc,ACE/USDT:USDT,0.5849,2723,0.5848,7692,0.585,5568,0.5851,4291
1753591980225,04:53:00.225,mexc,ACE/USDT:USDT,0.5849,2723,0.5848,7692,0.585,5568,0.5851,4291
1753591980321,04:53:00.321,mexc,ACE/USDT:USDT,0.5849,2723,0.5848,6550,0.585,5568,0.5851,3623
1753591980624,04:53:00.624,mexc,ACE/USDT:USDT,0.5849,2723,0.5848,6550,0.585,5568,0.5851,3623
1753591980824,04:53:00.824,mexc,ACE/USDT:USDT,0.5849,2723,0.5848,6550,0.585,5568,0.5851,4255
1753591981229,04:53:01.229,mexc,ACE/USDT:USDT,0.5849,2723,0.5848,6550,0.585,5568,0.5851,4255
1753591981326,04:53:01.326,mexc,ACE/USDT:USDT,0.5849,2723,0.5848,6550,0.585,5568,0.5851,5347
1753591981677,04:53:01.677,mexc,ACE/USDT:USDT,0.5849,2723,0.5848,6550,0.585,5568,0.5851,5347
1753591981825,04:53:01.825,mexc,ACE/USDT:USDT,0.5849,2723,0.5848,6550,0.585,5568,0.5851,4223
1753591982229,04:53:02.229,mexc,ACE/USDT:USDT,0.5849,2723,0.5848,6550,0.585,5568,0.5851,3623
1753591982366,04:53:02.366,mexc,ACE/USDT:USDT,0.5849,2723,0.5848,6550,0.585,5568,0.5851,5011
1753591982767,04:53:02.767,mexc,ACE/USDT:USDT,0.5849,2723,0.5848,6550,0.585,5568,0.5851,5011
1753591982865,04:53:02.865,mexc,ACE/USDT:USDT,0.5849,2723,0.5848,7745,0.585,5568,0.5851,3623
1753591983172,04:53:03.172,mexc,ACE/USDT:USDT,0.5849,2723,0.5848,7745,0.585,5568,0.5851,8905
1753591983366,04:53:03.366,mexc,ACE/USDT:USDT,0.585,2623,0.5849,4708,0.5851,5282,0.5852,21361
1753591983768,04:53:03.768,mexc,ACE/USDT:USDT,0.585,2623,0.5849,4708,0.5851,5282,0.5852,21361
1753591983866,04:53:03.866,mexc,ACE/USDT:USDT,0.585,2623,0.5849,3199,0.5851,5282,0.5852,29209
1753591984270,04:53:04.270,mexc,ACE/USDT:USDT,0.585,2623,0.5849,3199,0.5851,5282,0.5852,21361
1753591984366,04:53:04.366,mexc,ACE/USDT:USDT,0.585,2623,0.5849,3901,0.5851,5282,0.5852,25996
1753591984769,04:53:04.769,mexc,ACE/USDT:USDT,0.585,2623,0.5849,3901,0.5851,5282,0.5852,25996
1753591984867,04:53:04.867,mexc,ACE/USDT:USDT,0.585,2623,0.5849,3199,0.5851,5282,0.5852,21361
1753591985268,04:53:05.268,mexc,ACE/USDT:USDT,0.585,2623,0.5849,3199,0.5851,5282,0.5852,21361
1753591985367,04:53:05.367,mexc,ACE/USDT:USDT,0.585,2623,0.5849,4672,0.5851,5282,0.5852,26282
1753591985769,04:53:05.769,mexc,ACE/USDT:USDT,0.585,2623,0.5849,4672,0.5851,5282,0.5852,26282
1753591985867,04:53:05.867,mexc,ACE/USDT:USDT,0.585,2623,0.5849,4111,0.5851,5282,0.5852,21361
1753591986269,04:53:06.269,mexc,ACE/USDT:USDT,0.585,2623,0.5849,4111,0.5851,5282,0.5852,21361
1753591986367,04:53:06.367,mexc,ACE/USDT:USDT,0.585,2623,0.5849,3199,0.5851,5282,0.5852,21361
1753591986769,04:53:06.769,mexc,ACE/USDT:USDT,0.585,2623,0.5849,3199,0.5851,5282,0.5852,21361
1753591986868,04:53:06.868,mexc,ACE/USDT:USDT,0.585,2623,0.5849,3199,0.5851,5282,0.5852,21361
1753591987270,04:53:07.270,mexc,ACE/USDT:USDT,0.585,2623,0.5849,3199,0.5851,5282,0.5852,21361
1753591987370,04:53:07.370,mexc,ACE/USDT:USDT,0.585,2623,0.5849,3199,0.5851,5282,0.5852,37985
1753591987678,04:53:07.678,mexc,ACE/USDT:USDT,0.585,2623,0.5849,3199,0.5851,5282,0.5852,37985
1753591987868,04:53:07.868,mexc,ACE/USDT:USDT,0.585,2623,0.5849,3199,0.5851,5282,0.5852,21361
1753591988272,04:53:08.272,mexc,ACE/USDT:USDT,0.585,2623,0.5849,3199,0.5851,5282,0.5852,21361
1753591988370,04:53:08.370,mexc,ACE/USDT:USDT,0.585,2623,0.5849,3199,0.5851,5282,0.5852,21361
1753591988772,04:53:08.772,mexc,ACE/USDT:USDT,0.585,2623,0.5849,3199,0.5851,5282,0.5852,21361
1753591988870,04:53:08.870,mexc,ACE/USDT:USDT,0.585,2623,0.5849,3919,0.5851,5282,0.5852,21361
1753591989174,04:53:09.174,mexc,ACE/USDT:USDT,0.585,2623,0.5849,11523,0.5851,5282,0.5852,21361
1753591989371,04:53:09.371,mexc,ACE/USDT:USDT,0.5849,7604,0.5848,5991,0.585,5160,0.5851,5926
1753591989772,04:53:09.772,mexc,ACE/USDT:USDT,0.5849,7604,0.5848,5991,0.585,5160,0.5851,5926
1753591989870,04:53:09.870,mexc,ACE/USDT:USDT,0.5849,7604,0.5848,6838,0.585,5160,0.5851,5926
1753591990273,04:53:10.273,mexc,ACE/USDT:USDT,0.5849,7604,0.5848,6838,0.585,5160,0.5851,5926
1753591990370,04:53:10.370,mexc,ACE/USDT:USDT,0.5849,7604,0.5848,5991,0.585,5160,0.5851,5926
1753591990773,04:53:10.773,mexc,ACE/USDT:USDT,0.5849,7604,0.5848,5991,0.585,5160,0.5851,5926
1753591990872,04:53:10.872,mexc,ACE/USDT:USDT,0.5849,7604,0.5848,5991,0.585,5160,0.5851,5926
1753591991274,04:53:11.274,mexc,ACE/USDT:USDT,0.5849,7604,0.5848,5991,0.585,5160,0.5851,5926
1753591991372,04:53:11.372,mexc,ACE/USDT:USDT,0.5849,7604,0.5848,5991,0.585,5160,0.5851,7964
1753591991774,04:53:11.774,mexc,ACE/USDT:USDT,0.5849,7604,0.5848,5991,0.585,5160,0.5851,7964
1753591991872,04:53:11.872,mexc,ACE/USDT:USDT,0.5849,7604,0.5848,5991,0.585,5160,0.5851,5926
1753591992274,04:53:12.274,mexc,ACE/USDT:USDT,0.5849,7604,0.5848,5991,0.585,5160,0.5851,5926
1753591992371,04:53:12.371,mexc,ACE/USDT:USDT,0.5849,7604,0.5848,7857,0.585,5160,0.5851,5926
1753591992773,04:53:12.773,mexc,ACE/USDT:USDT,0.5849,7604,0.5848,7857,0.585,5160,0.5851,5926
1753591992872,04:53:12.872,mexc,ACE/USDT:USDT,0.5849,7604,0.5848,5991,0.585,5160,0.5851,5926
1753591993273,04:53:13.273,mexc,ACE/USDT:USDT,0.5849,7604,0.5848,5991,0.585,5160,0.5851,5926
1753591993373,04:53:13.373,mexc,ACE/USDT:USDT,0.5849,7604,0.5848,5991,0.585,5160,0.5851,7671
1753591993776,04:53:13.776,mexc,ACE/USDT:USDT,0.5849,7604,0.5848,5991,0.585,5160,0.5851,7671
1753591993873,04:53:13.873,mexc,ACE/USDT:USDT,0.5849,7604,0.5848,7720,0.585,5160,0.5851,5926
1753591994275,04:53:14.275,mexc,ACE/USDT:USDT,0.5849,7604,0.5848,7720,0.585,5160,0.5851,5926
1753591994372,04:53:14.372,mexc,ACE/USDT:USDT,0.5849,7604,0.5848,5991,0.585,5160,0.5851,7312
1753591994775,04:53:14.775,mexc,ACE/USDT:USDT,0.5849,7604,0.5848,5991,0.585,5160,0.5851,7312
1753591994873,04:53:14.873,mexc,ACE/USDT:USDT,0.5849,7604,0.5848,8945,0.585,5160,0.5851,7858
1753591995177,04:53:15.177,mexc,ACE/USDT:USDT,0.5849,7604,0.5848,13274,0.585,5160,0.5851,7858
1753591995372,04:53:15.372,mexc,ACE/USDT:USDT,0.5848,4329,0.5847,22426,0.5849,6442,0.585,11816
1753591995775,04:53:15.775,mexc,ACE/USDT:USDT,0.5848,4329,0.5847,22426,0.5849,6442,0.585,11816
1753591995873,04:53:15.873,mexc,ACE/USDT:USDT,0.5848,4329,0.5847,17811,0.5849,6442,0.585,10045
1753591996273,04:53:16.273,mexc,ACE/USDT:USDT,0.5848,4329,0.5847,17811,0.5849,6442,0.585,10045
1753591996372,04:53:16.372,mexc,ACE/USDT:USDT,0.5848,4329,0.5847,15313,0.5849,6442,0.585,15022
1753591996775,04:53:16.775,mexc,ACE/USDT:USDT,0.5848,4329,0.5847,15313,0.5849,6442,0.585,15022
1753591996871,04:53:16.871,mexc,ACE/USDT:USDT,0.5848,4329,0.5847,22296,0.5849,6442,0.585,14551
1753591997273,04:53:17.273,mexc,ACE/USDT:USDT,0.5848,4329,0.5847,22296,0.5849,6442,0.585,10045
1753591997373,04:53:17.373,mexc,ACE/USDT:USDT,0.5848,4329,0.5847,20678,0.5849,6442,0.585,12691
1753591997774,04:53:17.774,mexc,ACE/USDT:USDT,0.5848,4329,0.5847,20678,0.5849,6442,0.585,10045
1753591997873,04:53:17.873,mexc,ACE/USDT:USDT,0.5848,4329,0.5847,15313,0.5849,6442,0.585,10045
1753591998275,04:53:18.275,mexc,ACE/USDT:USDT,0.5848,4329,0.5847,15313,0.5849,6442,0.585,10045
1753591998374,04:53:18.374,mexc,ACE/USDT:USDT,0.5848,4329,0.5847,15313,0.5849,6442,0.585,14498
1753591998775,04:53:18.775,mexc,ACE/USDT:USDT,0.5848,4329,0.5847,15313,0.5849,6442,0.585,14498
1753591998873,04:53:18.873,mexc,ACE/USDT:USDT,0.5848,4329,0.5847,15313,0.5849,6442,0.585,12443
1753591999276,04:53:19.276,mexc,ACE/USDT:USDT,0.5848,4329,0.5847,15313,0.5849,6442,0.585,12443
1753591999375,04:53:19.375,mexc,ACE/USDT:USDT,0.5848,4329,0.5847,21322,0.5849,6442,0.585,10045
1753591999775,04:53:19.775,mexc,ACE/USDT:USDT,0.5848,4329,0.5847,21322,0.5849,6442,0.585,10045
1753591999874,04:53:19.874,mexc,ACE/USDT:USDT,0.5848,4329,0.5847,15313,0.5849,6442,0.585,10045
1753592000277,04:53:20.277,mexc,ACE/USDT:USDT,0.5848,4329,0.5847,15313,0.5849,6442,0.585,10045
1753592000374,04:53:20.374,mexc,ACE/USDT:USDT,0.5848,4329,0.5847,24316,0.5849,6442,0.585,10045
1753592000777,04:53:20.777,mexc,ACE/USDT:USDT,0.5848,4329,0.5847,24316,0.5849,6442,0.585,10045
1753592000876,04:53:20.876,mexc,ACE/USDT:USDT,0.5848,4329,0.5847,15313,0.5849,6442,0.585,14654
1753592001178,04:53:21.178,mexc,ACE/USDT:USDT,0.5848,4329,0.5847,15313,0.5849,12013,0.585,14654
1753592001374,04:53:21.374,mexc,ACE/USDT:USDT,0.5848,4751,0.5847,17097,0.5849,5571,0.585,11805
1753592001777,04:53:21.777,mexc,ACE/USDT:USDT,0.5848,4751,0.5847,17097,0.5849,5571,0.585,11805
1753592001877,04:53:21.877,mexc,ACE/USDT:USDT,0.5848,4751,0.5847,13470,0.5849,5571,0.585,13552
1753592002278,04:53:22.278,mexc,ACE/USDT:USDT,0.5848,4751,0.5847,13470,0.5849,5571,0.585,13552
1753592002376,04:53:22.376,mexc,ACE/USDT:USDT,0.5848,4751,0.5847,17287,0.5849,5571,0.585,11805
1753592002781,04:53:22.781,mexc,ACE/USDT:USDT,0.5848,4751,0.5847,17287,0.5849,5571,0.585,11805
1753592002878,04:53:22.878,mexc,ACE/USDT:USDT,0.5848,4751,0.5847,18206,0.5849,5571,0.585,15772
1753592003278,04:53:23.278,mexc,ACE/USDT:USDT,0.5848,4751,0.5847,14847,0.5849,5571,0.585,15772
1753592003378,04:53:23.378,mexc,ACE/USDT:USDT,0.5848,4751,0.5847,19922,0.5849,5571,0.585,15196
1753592003779,04:53:23.779,mexc,ACE/USDT:USDT,0.5848,4751,0.5847,13470,0.5849,5571,0.585,15196
1753592003877,04:53:23.877,mexc,ACE/USDT:USDT,0.5848,4751,0.5847,13470,0.5849,5571,0.585,15344
1753592004278,04:53:24.278,mexc,ACE/USDT:USDT,0.5848,4751,0.5847,13470,0.5849,5571,0.585,15344
1753592004380,04:53:24.380,mexc,ACE/USDT:USDT,0.5848,4751,0.5847,13470,0.5849,5571,0.585,11805
1753592004780,04:53:24.780,mexc,ACE/USDT:USDT,0.5848,4751,0.5847,13470,0.5849,5571,0.585,11805
1753592004881,04:53:24.881,mexc,ACE/USDT:USDT,0.5848,4751,0.5847,13470,0.5849,5571,0.585,14109
1753592005279,04:53:25.279,mexc,ACE/USDT:USDT,0.5848,4751,0.5847,13470,0.5849,5571,0.585,14109
1753592005379,04:53:25.379,mexc,ACE/USDT:USDT,0.5848,4751,0.5847,19116,0.5849,5571,0.585,11805
1753592005683,04:53:25.683,mexc,ACE/USDT:USDT,0.5848,4751,0.5847,19116,0.5849,5571,0.585,11805
1753592005880,04:53:25.880,mexc,ACE/USDT:USDT,0.5848,4751,0.5847,13470,0.5849,5571,0.585,13684
1753592006280,04:53:26.280,mexc,ACE/USDT:USDT,0.5848,4751,0.5847,13470,0.5849,5571,0.585,13684
1753592006377,04:53:26.377,mexc,ACE/USDT:USDT,0.5848,4751,0.5847,13470,0.5849,5571,0.585,13757
1753592006779,04:53:26.779,mexc,ACE/USDT:USDT,0.5848,4751,0.5847,13470,0.5849,5571,0.585,13757
1753592006878,04:53:26.878,mexc,ACE/USDT:USDT,0.5848,4751,0.5847,13470,0.5849,5571,0.585,11805
1753592007181,04:53:27.181,mexc,ACE/USDT:USDT,0.5848,4751,0.5847,13470,0.5849,5571,0.585,14564
1753592007379,04:53:27.379,mexc,ACE/USDT:USDT,0.5849,5026,0.5848,7721,0.585,2759,0.5851,5284
1753592007778,04:53:27.778,mexc,ACE/USDT:USDT,0.5849,5026,0.5848,7721,0.585,2759,0.5851,4798
1753592007879,04:53:27.879,mexc,ACE/USDT:USDT,0.5849,5026,0.5848,7721,0.585,2759,0.5851,4798
1753592008281,04:53:28.281,mexc,ACE/USDT:USDT,0.5849,5026,0.5848,7721,0.585,2759,0.5851,4798
1753592008377,04:53:28.377,mexc,ACE/USDT:USDT,0.5849,5026,0.5848,9851,0.585,2759,0.5851,4798
1753592008783,04:53:28.783,mexc,ACE/USDT:USDT,0.5849,5026,0.5848,9851,0.585,2759,0.5851,4798
1753592008879,04:53:28.879,mexc,ACE/USDT:USDT,0.5849,5026,0.5848,7721,0.585,2759,0.5851,5959
1753592009280,04:53:29.280,mexc,ACE/USDT:USDT,0.5849,5026,0.5848,7721,0.585,2759,0.5851,5959
1753592009377,04:53:29.377,mexc,ACE/USDT:USDT,0.5849,5026,0.5848,10756,0.585,2759,0.5851,4798
1753592009781,04:53:29.781,mexc,ACE/USDT:USDT,0.5849,5026,0.5848,10756,0.585,2759,0.5851,4798
1753592009878,04:53:29.878,mexc,ACE/USDT:USDT,0.5849,5026,0.5848,7721,0.585,2759,0.5851,4798
1753592010279,04:53:30.279,mexc,ACE/USDT:USDT,0.5849,5026,0.5848,7721,0.585,2759,0.5851,4798
1753592010379,04:53:30.379,mexc,ACE/USDT:USDT,0.5849,5026,0.5848,7721,0.585,2759,0.5851,6237
1753592010780,04:53:30.780,mexc,ACE/USDT:USDT,0.5849,5026,0.5848,7721,0.585,2759,0.5851,6237
1753592010880,04:53:30.880,mexc,ACE/USDT:USDT,0.5849,5026,0.5848,7721,0.585,2759,0.5851,5294
1753592011281,04:53:31.281,mexc,ACE/USDT:USDT,0.5849,5026,0.5848,7721,0.585,2759,0.5851,5294
1753592011380,04:53:31.380,mexc,ACE/USDT:USDT,0.5849,5026,0.5848,12745,0.585,2759,0.5851,7094
1753592011682,04:53:31.682,mexc,ACE/USDT:USDT,0.5849,5026,0.5848,12745,0.585,2759,0.5851,7094
1753592011881,04:53:31.881,mexc,ACE/USDT:USDT,0.5849,5026,0.5848,11233,0.585,2759,0.5851,6563
1753592012282,04:53:32.282,mexc,ACE/USDT:USDT,0.5849,5026,0.5848,11233,0.585,2759,0.5851,6563
1753592012380,04:53:32.380,mexc,ACE/USDT:USDT,0.5849,5026,0.5848,7721,0.585,2759,0.5851,4798
1753592012783,04:53:32.783,mexc,ACE/USDT:USDT,0.5849,5026,0.5848,7721,0.585,2759,0.5851,4798
1753592012879,04:53:32.879,mexc,ACE/USDT:USDT,0.5849,5026,0.5848,7721,0.585,2759,0.5851,4798
1753592013182,04:53:33.182,mexc,ACE/USDT:USDT,0.5849,5026,0.5848,7721,0.585,2759,0.5851,8294
1753592013380,04:53:33.380,mexc,ACE/USDT:USDT,0.585,61879,0.5849,13898,0.5851,3496,0.5852,15606
1753592013781,04:53:33.781,mexc,ACE/USDT:USDT,0.585,61879,0.5849,13898,0.5851,3496,0.5852,15606
1753592013880,04:53:33.880,mexc,ACE/USDT:USDT,0.585,61879,0.5849,10875,0.5851,3496,0.5852,15606
1753592014283,04:53:34.283,mexc,ACE/USDT:USDT,0.585,61879,0.5849,10875,0.5851,3496,0.5852,15606
1753592014379,04:53:34.379,mexc,ACE/USDT:USDT,0.585,61879,0.5849,10875,0.5851,3496,0.5852,15606
1753592014786,04:53:34.786,mexc,ACE/USDT:USDT,0.585,61879,0.5849,10875,0.5851,3496,0.5852,15606
1753592014877,04:53:34.877,mexc,ACE/USDT:USDT,0.585,61879,0.5849,10875,0.5851,3496,0.5852,15606
1753592015281,04:53:35.281,mexc,ACE/USDT:USDT,0.585,61879,0.5849,10875,0.5851,3496,0.5852,15606
1753592015379,04:53:35.379,mexc,ACE/USDT:USDT,0.585,61879,0.5849,10875,0.5851,3496,0.5852,15606
1753592015788,04:53:35.788,mexc,ACE/USDT:USDT,0.585,61879,0.5849,10875,0.5851,3496,0.5852,15606
1753592015881,04:53:35.881,mexc,ACE/USDT:USDT,0.585,61879,0.5849,13696,0.5851,3496,0.5852,19012
1753592016283,04:53:36.283,mexc,ACE/USDT:USDT,0.585,61879,0.5849,10875,0.5851,3496,0.5852,19012
1753592016380,04:53:36.380,mexc,ACE/USDT:USDT,0.585,61879,0.5849,10875,0.5851,3496,0.5852,15606
1753592016781,04:53:36.781,mexc,ACE/USDT:USDT,0.585,61879,0.5849,10875,0.5851,3496,0.5852,15606
1753592016880,04:53:36.880,mexc,ACE/USDT:USDT,0.585,61879,0.5849,13237,0.5851,3496,0.5852,21010
1753592017282,04:53:37.282,mexc,ACE/USDT:USDT,0.585,61879,0.5849,13237,0.5851,3496,0.5852,15606
1753592017381,04:53:37.381,mexc,ACE/USDT:USDT,0.585,61879,0.5849,10875,0.5851,3496,0.5852,15606
1753592017787,04:53:37.787,mexc,ACE/USDT:USDT,0.585,61879,0.5849,10875,0.5851,3496,0.5852,15606
1753592017880,04:53:37.880,mexc,ACE/USDT:USDT,0.585,61879,0.5849,10875,0.5851,3496,0.5852,15606
1753592018282,04:53:38.282,mexc,ACE/USDT:USDT,0.585,61879,0.5849,10875,0.5851,3496,0.5852,15606
1753592018380,04:53:38.380,mexc,ACE/USDT:USDT,0.585,61879,0.5849,10875,0.5851,3496,0.5852,19818
1753592018782,04:53:38.782,mexc,ACE/USDT:USDT,0.585,61879,0.5849,10875,0.5851,3496,0.5852,19818
1753592018880,04:53:38.880,mexc,ACE/USDT:USDT,0.585,61879,0.5849,10875,0.5851,3496,0.5852,15606
1753592019184,04:53:39.184,mexc,ACE/USDT:USDT,0.585,61879,0.5849,10875,0.5851,3496,0.5852,35338
1753592019382,04:53:39.382,mexc,ACE/USDT:USDT,0.5851,49965,0.585,3408,0.5852,19732,0.5853,21826
1753592019784,04:53:39.784,mexc,ACE/USDT:USDT,0.5851,49965,0.585,3408,0.5852,19732,0.5853,21826
1753592019883,04:53:39.883,mexc,ACE/USDT:USDT,0.5851,49965,0.585,3056,0.5852,19732,0.5853,29094
1753592020284,04:53:40.284,mexc,ACE/USDT:USDT,0.5851,49965,0.585,3056,0.5852,19732,0.5853,29094
1753592020382,04:53:40.382,mexc,ACE/USDT:USDT,0.5851,49965,0.585,3056,0.5852,19732,0.5853,21826
1753592020784,04:53:40.784,mexc,ACE/USDT:USDT,0.5851,49965,0.585,3056,0.5852,19732,0.5853,21826
1753592020883,04:53:40.883,mexc,ACE/USDT:USDT,0.5851,49965,0.585,3056,0.5852,19732,0.5853,21826
1753592021283,04:53:41.283,mexc,ACE/USDT:USDT,0.5851,49965,0.585,3056,0.5852,19732,0.5853,21826
1753592021382,04:53:41.382,mexc,ACE/USDT:USDT,0.5851,49965,0.585,3056,0.5852,19732,0.5853,27926
1753592021785,04:53:41.785,mexc,ACE/USDT:USDT,0.5851,49965,0.585,3056,0.5852,19732,0.5853,27926
1753592021882,04:53:41.882,mexc,ACE/USDT:USDT,0.5851,49965,0.585,4552,0.5852,19732,0.5853,21826
1753592022284,04:53:42.284,mexc,ACE/USDT:USDT,0.5851,49965,0.585,4552,0.5852,19732,0.5853,21826
1753592022384,04:53:42.384,mexc,ACE/USDT:USDT,0.5851,49965,0.585,4381,0.5852,19732,0.5853,31169
1753592022783,04:53:42.783,mexc,ACE/USDT:USDT,0.5851,49965,0.585,4381,0.5852,19732,0.5853,31169
1753592022881,04:53:42.881,mexc,ACE/USDT:USDT,0.5851,49965,0.585,3056,0.5852,19732,0.5853,29418
1753592023285,04:53:43.285,mexc,ACE/USDT:USDT,0.5851,49965,0.585,3056,0.5852,19732,0.5853,29418
1753592023382,04:53:43.382,mexc,ACE/USDT:USDT,0.5851,49965,0.585,3056,0.5852,19732,0.5853,25870
1753592023784,04:53:43.784,mexc,ACE/USDT:USDT,0.5851,49965,0.585,3056,0.5852,19732,0.5853,25870
1753592023883,04:53:43.883,mexc,ACE/USDT:USDT,0.5851,49965,0.585,3056,0.5852,19732,0.5853,21826
1753592024285,04:53:44.285,mexc,ACE/USDT:USDT,0.5851,49965,0.585,3056,0.5852,19732,0.5853,21826
1753592024384,04:53:44.384,mexc,ACE/USDT:USDT,0.5851,49965,0.585,4214,0.5852,19732,0.5853,21826
1753592024785,04:53:44.785,mexc,ACE/USDT:USDT,0.5851,49965,0.585,4214,0.5852,19732,0.5853,21826
1753592024883,04:53:44.883,mexc,ACE/USDT:USDT,0.5851,49965,0.585,3056,0.5852,19732,0.5853,24970
1753592025187,04:53:45.187,mexc,ACE/USDT:USDT,0.5851,49965,0.585,3056,0.5852,35741,0.5853,49074
1753592025383,04:53:45.383,mexc,ACE/USDT:USDT,0.5851,5881,0.585,45654,0.5852,16009,0.5853,24104
1753592025785,04:53:45.785,mexc,ACE/USDT:USDT,0.5851,5881,0.585,45654,0.5852,16009,0.5853,24104
1753592025886,04:53:45.886,mexc,ACE/USDT:USDT,0.5851,5881,0.585,45654,0.5852,16009,0.5853,24104
1753592026287,04:53:46.287,mexc,ACE/USDT:USDT,0.5851,5881,0.585,45654,0.5852,16009,0.5853,24104
1753592026384,04:53:46.384,mexc,ACE/USDT:USDT,0.5851,5881,0.585,65917,0.5852,16009,0.5853,24104
1753592026785,04:53:46.785,mexc,ACE/USDT:USDT,0.5851,5881,0.585,45654,0.5852,16009,0.5853,24104
1753592026883,04:53:46.883,mexc,ACE/USDT:USDT,0.5851,5881,0.585,45654,0.5852,16009,0.5853,24104
1753592027285,04:53:47.285,mexc,ACE/USDT:USDT,0.5851,5881,0.585,45654,0.5852,16009,0.5853,24104
1753592027382,04:53:47.382,mexc,ACE/USDT:USDT,0.5851,5881,0.585,68441,0.5852,16009,0.5853,24104
1753592027787,04:53:47.787,mexc,ACE/USDT:USDT,0.5851,5881,0.585,68441,0.5852,16009,0.5853,24104
1753592027885,04:53:47.885,mexc,ACE/USDT:USDT,0.5851,5881,0.585,56305,0.5852,16009,0.5853,28283
1753592028287,04:53:48.287,mexc,ACE/USDT:USDT,0.5851,5881,0.585,56305,0.5852,16009,0.5853,24104
1753592028384,04:53:48.384,mexc,ACE/USDT:USDT,0.5851,5881,0.585,45654,0.5852,16009,0.5853,24104
1753592028786,04:53:48.786,mexc,ACE/USDT:USDT,0.5851,5881,0.585,45654,0.5852,16009,0.5853,24104
1753592028887,04:53:48.887,mexc,ACE/USDT:USDT,0.5851,5881,0.585,45654,0.5852,16009,0.5853,24104
1753592029293,04:53:49.293,mexc,ACE/USDT:USDT,0.5851,5881,0.585,45654,0.5852,16009,0.5853,24104
1753592029387,04:53:49.387,mexc,ACE/USDT:USDT,0.5851,5881,0.585,45654,0.5852,16009,0.5853,24104
1753592029788,04:53:49.788,mexc,ACE/USDT:USDT,0.5851,5881,0.585,45654,0.5852,16009,0.5853,24104
1753592029887,04:53:49.887,mexc,ACE/USDT:USDT,0.5851,5881,0.585,45654,0.5852,16009,0.5853,31375
1753592030289,04:53:50.289,mexc,ACE/USDT:USDT,0.5851,5881,0.585,45654,0.5852,16009,0.5853,31375
1753592030386,04:53:50.386,mexc,ACE/USDT:USDT,0.5851,5881,0.585,65020,0.5852,16009,0.5853,35794
1753592030789,04:53:50.789,mexc,ACE/USDT:USDT,0.5851,5881,0.585,65020,0.5852,16009,0.5853,35794
1753592030887,04:53:50.887,mexc,ACE/USDT:USDT,0.5851,5881,0.585,45654,0.5852,16009,0.5853,24104
1753592031189,04:53:51.189,mexc,ACE/USDT:USDT,0.5851,5881,0.585,45654,0.5852,16009,0.5853,44679
1753592031385,04:53:51.385,mexc,ACE/USDT:USDT,0.5852,60212,0.5851,2641,0.5853,20575,0.5854,87277
1753592031790,04:53:51.790,mexc,ACE/USDT:USDT,0.5852,60212,0.5851,2641,0.5853,20575,0.5854,87277
1753592031908,04:53:51.908,mexc,ACE/USDT:USDT,0.5852,60212,0.5851,3028,0.5853,20575,0.5854,87277
1753592032295,04:53:52.295,mexc,ACE/USDT:USDT,0.5852,60212,0.5851,3028,0.5853,20575,0.5854,87277
1753592032384,04:53:52.384,mexc,ACE/USDT:USDT,0.5852,60212,0.5851,2641,0.5853,20575,0.5854,120460
1753592032789,04:53:52.789,mexc,ACE/USDT:USDT,0.5852,60212,0.5851,2641,0.5853,20575,0.5854,109034
1753592032888,04:53:52.888,mexc,ACE/USDT:USDT,0.5852,60212,0.5851,3411,0.5853,20575,0.5854,121759
1753592033291,04:53:53.291,mexc,ACE/USDT:USDT,0.5852,60212,0.5851,3411,0.5853,20575,0.5854,121759
1753592033386,04:53:53.386,mexc,ACE/USDT:USDT,0.5852,60212,0.5851,2641,0.5853,20575,0.5854,87277
1753592033571,04:53:53.571,mexc,ACE/USDT:USDT,0.5852,60212,0.5851,2641,0.5853,12885,0.5854,87277
1753592033889,04:53:53.889,mexc,ACE/USDT:USDT,0.5852,60212,0.5851,2641,0.5853,12885,0.5854,87277
1753592034291,04:53:54.291,mexc,ACE/USDT:USDT,0.5852,60212,0.5851,2641,0.5853,12885,0.5854,87277
1753592034388,04:53:54.388,mexc,ACE/USDT:USDT,0.5852,60212,0.5851,2987,0.5853,12885,0.5854,87277
1753592034790,04:53:54.790,mexc,ACE/USDT:USDT,0.5852,60212,0.5851,2987,0.5853,12885,0.5854,87277
1753592034888,04:53:54.888,mexc,ACE/USDT:USDT,0.5852,60212,0.5851,3573,0.5853,12885,0.5854,96732
1753592035293,04:53:55.293,mexc,ACE/USDT:USDT,0.5852,60212,0.5851,3573,0.5853,12885,0.5854,96732
1753592035387,04:53:55.387,mexc,ACE/USDT:USDT,0.5852,60212,0.5851,3900,0.5853,12885,0.5854,96215
1753592035791,04:53:55.791,mexc,ACE/USDT:USDT,0.5852,60212,0.5851,3336,0.5853,12885,0.5854,96215
1753592035888,04:53:55.888,mexc,ACE/USDT:USDT,0.5852,60212,0.5851,4823,0.5853,12885,0.5854,87277
1753592036291,04:53:56.291,mexc,ACE/USDT:USDT,0.5852,60212,0.5851,3746,0.5853,12885,0.5854,87277
1753592036388,04:53:56.388,mexc,ACE/USDT:USDT,0.5852,60212,0.5851,2991,0.5853,12885,0.5854,87277
1753592036792,04:53:56.792,mexc,ACE/USDT:USDT,0.5852,60212,0.5851,2991,0.5853,12885,0.5854,87277
1753592036888,04:53:56.888,mexc,ACE/USDT:USDT,0.5852,60212,0.5851,2641,0.5853,12885,0.5854,96261
1753592037195,04:53:57.195,mexc,ACE/USDT:USDT,0.5852,60212,0.5851,2641,0.5853,36507,0.5854,186825
1753592037388,04:53:57.388,mexc,ACE/USDT:USDT,0.5852,46835,0.5851,2656,0.5853,23622,0.5854,90564
1753592037793,04:53:57.793,mexc,ACE/USDT:USDT,0.5852,46835,0.5851,2656,0.5853,23622,0.5854,90564
1753592037898,04:53:57.898,mexc,ACE/USDT:USDT,0.5852,46835,0.5851,4245,0.5853,23622,0.5854,90564
1753592038294,04:53:58.294,mexc,ACE/USDT:USDT,0.5852,46835,0.5851,4245,0.5853,23622,0.5854,90564
1753592038390,04:53:58.390,mexc,ACE/USDT:USDT,0.5852,46835,0.5851,3752,0.5853,23622,0.5854,90564
1753592038793,04:53:58.793,mexc,ACE/USDT:USDT,0.5852,46835,0.5851,3752,0.5853,23622,0.5854,90564
1753592038890,04:53:58.890,mexc,ACE/USDT:USDT,0.5852,46835,0.5851,2656,0.5853,23622,0.5854,90564
1753592039294,04:53:59.294,mexc,ACE/USDT:USDT,0.5852,46835,0.5851,2656,0.5853,23622,0.5854,90564
1753592039391,04:53:59.391,mexc,ACE/USDT:USDT,0.5852,46835,0.5851,2656,0.5853,23622,0.5854,124942
1753592039795,04:53:59.795,mexc,ACE/USDT:USDT,0.5852,46835,0.5851,2656,0.5853,23622,0.5854,90564
1753592039892,04:53:59.892,mexc,ACE/USDT:USDT,0.5852,46835,0.5851,2656,0.5853,23622,0.5854,90564
1753592040295,04:54:00.295,mexc,ACE/USDT:USDT,0.5852,46835,0.5851,2656,0.5853,23622,0.5854,90564
1753592040403,04:54:00.403,mexc,ACE/USDT:USDT,0.5852,46835,0.5851,4379,0.5853,23622,0.5854,127405
1753592040794,04:54:00.794,mexc,ACE/USDT:USDT,0.5852,46835,0.5851,4379,0.5853,23622,0.5854,127405
1753592040893,04:54:00.893,mexc,ACE/USDT:USDT,0.5852,46835,0.5851,3459,0.5853,23622,0.5854,104449
1753592041297,04:54:01.297,mexc,ACE/USDT:USDT,0.5852,46835,0.5851,3459,0.5853,23622,0.5854,104449
1753592041392,04:54:01.392,mexc,ACE/USDT:USDT,0.5852,46835,0.5851,2656,0.5853,23622,0.5854,90564
1753592041795,04:54:01.795,mexc,ACE/USDT:USDT,0.5852,46835,0.5851,2656,0.5853,23622,0.5854,90564
1753592041891,04:54:01.891,mexc,ACE/USDT:USDT,0.5852,46835,0.5851,2656,0.5853,23622,0.5854,157867
1753592042296,04:54:02.296,mexc,ACE/USDT:USDT,0.5852,46835,0.5851,2656,0.5853,23622,0.5854,122247
1753592042392,04:54:02.392,mexc,ACE/USDT:USDT,0.5852,46835,0.5851,3261,0.5853,23622,0.5854,90564
1753592042794,04:54:02.794,mexc,ACE/USDT:USDT,0.5852,46835,0.5851,3261,0.5853,23622,0.5854,90564
1753592042892,04:54:02.892,mexc,ACE/USDT:USDT,0.5852,46835,0.5851,2656,0.5853,23622,0.5854,90564
1753592043200,04:54:03.200,mexc,ACE/USDT:USDT,0.5852,96348,0.5851,2656,0.5853,17502,0.5854,70953
1753592043390,04:54:03.390,mexc,ACE/USDT:USDT,0.5852,49513,0.5851,4562,0.5853,17502,0.5854,100505
1753592043795,04:54:03.795,mexc,ACE/USDT:USDT,0.5852,49513,0.5851,4562,0.5853,17502,0.5854,86169
1753592043901,04:54:03.901,mexc,ACE/USDT:USDT,0.5852,49513,0.5851,4131,0.5853,17502,0.5854,70953
1753592044296,04:54:04.296,mexc,ACE/USDT:USDT,0.5852,49513,0.5851,4131,0.5853,17502,0.5854,70953
1753592044391,04:54:04.391,mexc,ACE/USDT:USDT,0.5852,49513,0.5851,4009,0.5853,17502,0.5854,70953
1753592044795,04:54:04.795,mexc,ACE/USDT:USDT,0.5852,49513,0.5851,3215,0.5853,17502,0.5854,70953
1753592044896,04:54:04.896,mexc,ACE/USDT:USDT,0.5852,49513,0.5851,3215,0.5853,17502,0.5854,82496
1753592045298,04:54:05.298,mexc,ACE/USDT:USDT,0.5852,49513,0.5851,3215,0.5853,17502,0.5854,82496
1753592045394,04:54:05.394,mexc,ACE/USDT:USDT,0.5852,49513,0.5851,3215,0.5853,17502,0.5854,81396
1753592045796,04:54:05.796,mexc,ACE/USDT:USDT,0.5852,49513,0.5851,3215,0.5853,17502,0.5854,81396
1753592045903,04:54:05.903,mexc,ACE/USDT:USDT,0.5852,49513,0.5851,4820,0.5853,17502,0.5854,70953
1753592046298,04:54:06.298,mexc,ACE/USDT:USDT,0.5852,49513,0.5851,4820,0.5853,17502,0.5854,70953
1753592046395,04:54:06.395,mexc,ACE/USDT:USDT,0.5852,49513,0.5851,3215,0.5853,17502,0.5854,78334
1753592046797,04:54:06.797,mexc,ACE/USDT:USDT,0.5852,49513,0.5851,3215,0.5853,17502,0.5854,78334
1753592046895,04:54:06.895,mexc,ACE/USDT:USDT,0.5852,49513,0.5851,3215,0.5853,17502,0.5854,70953
1753592047299,04:54:07.299,mexc,ACE/USDT:USDT,0.5852,49513,0.5851,3215,0.5853,17502,0.5854,70953
1753592047395,04:54:07.395,mexc,ACE/USDT:USDT,0.5852,49513,0.5851,3215,0.5853,17502,0.5854,103843
1753592047796,04:54:07.796,mexc,ACE/USDT:USDT,0.5852,49513,0.5851,3215,0.5853,17502,0.5854,103843
1753592047897,04:54:07.897,mexc,ACE/USDT:USDT,0.5852,49513,0.5851,3215,0.5853,17502,0.5854,70953
1753592048304,04:54:08.304,mexc,ACE/USDT:USDT,0.5852,49513,0.5851,3215,0.5853,17502,0.5854,70953
1753592048395,04:54:08.395,mexc,ACE/USDT:USDT,0.5852,49513,0.5851,4764,0.5853,17502,0.5854,79733
1753592048797,04:54:08.797,mexc,ACE/USDT:USDT,0.5852,49513,0.5851,4764,0.5853,17502,0.5854,79733
1753592048894,04:54:08.894,mexc,ACE/USDT:USDT,0.5852,49513,0.5851,3865,0.5853,17502,0.5854,70953
1753592049200,04:54:09.200,mexc,ACE/USDT:USDT,0.5852,49513,0.5851,3865,0.5853,17502,0.5854,80067
1753592049396,04:54:09.396,mexc,ACE/USDT:USDT,0.5853,46884,0.5852,10146,0.5854,9114,0.5855,7835
1753592049797,04:54:09.797,mexc,ACE/USDT:USDT,0.5853,46884,0.5852,10146,0.5854,9114,0.5855,7835
1753592049898,04:54:09.898,mexc,ACE/USDT:USDT,0.5853,46884,0.5852,13295,0.5854,9114,0.5855,9131
1753592050298,04:54:10.298,mexc,ACE/USDT:USDT,0.5853,46884,0.5852,13295,0.5854,9114,0.5855,7835
1753592050395,04:54:10.395,mexc,ACE/USDT:USDT,0.5853,46884,0.5852,15794,0.5854,9114,0.5855,7835
1753592050798,04:54:10.798,mexc,ACE/USDT:USDT,0.5853,46884,0.5852,15794,0.5854,9114,0.5855,7835
1753592050897,04:54:10.897,mexc,ACE/USDT:USDT,0.5853,46884,0.5852,10146,0.5854,9114,0.5855,9514
1753592051300,04:54:11.300,mexc,ACE/USDT:USDT,0.5853,46884,0.5852,10146,0.5854,9114,0.5855,9514
1753592051397,04:54:11.397,mexc,ACE/USDT:USDT,0.5853,46884,0.5852,13603,0.5854,9114,0.5855,10518
1753592051801,04:54:11.801,mexc,ACE/USDT:USDT,0.5853,46884,0.5852,13603,0.5854,9114,0.5855,10518
1753592051899,04:54:11.899,mexc,ACE/USDT:USDT,0.5853,46884,0.5852,10146,0.5854,9114,0.5855,7835
1753592052299,04:54:12.299,mexc,ACE/USDT:USDT,0.5853,46884,0.5852,10146,0.5854,9114,0.5855,7835
1753592052397,04:54:12.397,mexc,ACE/USDT:USDT,0.5853,46884,0.5852,13545,0.5854,9114,0.5855,13193
1753592052799,04:54:12.799,mexc,ACE/USDT:USDT,0.5853,46884,0.5852,13545,0.5854,9114,0.5855,10215
1753592052896,04:54:12.896,mexc,ACE/USDT:USDT,0.5853,46884,0.5852,10146,0.5854,9114,0.5855,7835
1753592053300,04:54:13.300,mexc,ACE/USDT:USDT,0.5853,46884,0.5852,10146,0.5854,9114,0.5855,7835
1753592053399,04:54:13.399,mexc,ACE/USDT:USDT,0.5853,46884,0.5852,14936,0.5854,9114,0.5855,12996
1753592053801,04:54:13.801,mexc,ACE/USDT:USDT,0.5853,46884,0.5852,14936,0.5854,9114,0.5855,10455
1753592053897,04:54:13.897,mexc,ACE/USDT:USDT,0.5853,46884,0.5852,12303,0.5854,9114,0.5855,9403
1753592054301,04:54:14.301,mexc,ACE/USDT:USDT,0.5853,46884,0.5852,12303,0.5854,9114,0.5855,9403
1753592054396,04:54:14.396,mexc,ACE/USDT:USDT,0.5853,46884,0.5852,14893,0.5854,9114,0.5855,7835
1753592054799,04:54:14.799,mexc,ACE/USDT:USDT,0.5853,46884,0.5852,14893,0.5854,9114,0.5855,7835
1753592054899,04:54:14.899,mexc,ACE/USDT:USDT,0.5853,46884,0.5852,12994,0.5854,9114,0.5855,7835
1753592055200,04:54:15.200,mexc,ACE/USDT:USDT,0.5853,46884,0.5852,12994,0.5854,9114,0.5855,7835
1753592055397,04:54:15.397,mexc,ACE/USDT:USDT,0.5855,50488,0.5854,6010,0.5856,37120,0.5857,17751
1753592055800,04:54:15.800,mexc,ACE/USDT:USDT,0.5855,50488,0.5854,6010,0.5856,37120,0.5857,17751
1753592055905,04:54:15.905,mexc,ACE/USDT:USDT,0.5855,50488,0.5854,7622,0.5856,37120,0.5857,13522
1753592056302,04:54:16.302,mexc,ACE/USDT:USDT,0.5855,50488,0.5854,7622,0.5856,37120,0.5857,12192
1753592056466,04:54:16.466,mexc,ACE/USDT:USDT,0.5852,2686,0.5851,18778,0.5853,4412,0.5854,34235
1753592056898,04:54:16.898,mexc,ACE/USDT:USDT,0.5852,2686,0.5851,18778,0.5853,4412,0.5854,34235
1753592056899,04:54:16.899,mexc,ACE/USDT:USDT,0.5852,2686,0.5851,18778,0.5853,4412,0.5854,41392
1753592057363,04:54:17.363,mexc,ACE/USDT:USDT,0.5852,2686,0.5851,18778,0.5853,4412,0.5854,41392
1753592057399,04:54:17.399,mexc,ACE/USDT:USDT,0.5852,2686,0.5851,18778,0.5853,4412,0.5854,34235
1753592057802,04:54:17.802,mexc,ACE/USDT:USDT,0.5852,2686,0.5851,18778,0.5853,4412,0.5854,34235
1753592057902,04:54:17.902,mexc,ACE/USDT:USDT,0.5852,2686,0.5851,18778,0.5853,4412,0.5854,34235
1753592058302,04:54:18.302,mexc,ACE/USDT:USDT,0.5852,2686,0.5851,18778,0.5853,4412,0.5854,34235
1753592058400,04:54:18.400,mexc,ACE/USDT:USDT,0.5852,2686,0.5851,20975,0.5853,4412,0.5854,43797
1753592058805,04:54:18.805,mexc,ACE/USDT:USDT,0.5852,2686,0.5851,19645,0.5853,4412,0.5854,43797
1753592058903,04:54:18.903,mexc,ACE/USDT:USDT,0.5852,2686,0.5851,19317,0.5853,4412,0.5854,40212
1753592059303,04:54:19.303,mexc,ACE/USDT:USDT,0.5852,2686,0.5851,19317,0.5853,4412,0.5854,40212
1753592059402,04:54:19.402,mexc,ACE/USDT:USDT,0.5852,2686,0.5851,20050,0.5853,4412,0.5854,34235
1753592059801,04:54:19.801,mexc,ACE/USDT:USDT,0.5852,2686,0.5851,20050,0.5853,4412,0.5854,34235
1753592059903,04:54:19.903,mexc,ACE/USDT:USDT,0.5852,2686,0.5851,18778,0.5853,4412,0.5854,38034
1753592060304,04:54:20.304,mexc,ACE/USDT:USDT,0.5852,2686,0.5851,18778,0.5853,4412,0.5854,38034
1753592060403,04:54:20.403,mexc,ACE/USDT:USDT,0.5852,2686,0.5851,18778,0.5853,4412,0.5854,50504
1753592060803,04:54:20.803,mexc,ACE/USDT:USDT,0.5852,2686,0.5851,18778,0.5853,4412,0.5854,50504
1753592060900,04:54:20.900,mexc,ACE/USDT:USDT,0.5852,2686,0.5851,18778,0.5853,4412,0.5854,47179
1753592061302,04:54:21.302,mexc,ACE/USDT:USDT,0.5852,2686,0.5851,18778,0.5853,4412,0.5854,47179
1753592061399,04:54:21.399,mexc,ACE/USDT:USDT,0.5852,2686,0.5851,19674,0.5853,4412,0.5854,34235
1753592061802,04:54:21.802,mexc,ACE/USDT:USDT,0.5852,2686,0.5851,19674,0.5853,4412,0.5854,34235
1753592061910,04:54:21.910,mexc,ACE/USDT:USDT,0.5852,2686,0.5851,20069,0.5853,4412,0.5854,48434
1753592062209,04:54:22.209,mexc,ACE/USDT:USDT,0.5853,11833,0.5852,2686,0.5854,4584,0.5855,42232
1753592062403,04:54:22.403,mexc,ACE/USDT:USDT,0.5853,11833,0.5852,6408,0.5854,4584,0.5855,52288
1753592062808,04:54:22.808,mexc,ACE/USDT:USDT,0.5853,11833,0.5852,6408,0.5854,4584,0.5855,52288
1753592062906,04:54:22.906,mexc,ACE/USDT:USDT,0.5853,11833,0.5852,7549,0.5854,4584,0.5855,54852
1753592063303,04:54:23.303,mexc,ACE/USDT:USDT,0.5853,11833,0.5852,7549,0.5854,4584,0.5855,54852
1753592063402,04:54:23.402,mexc,ACE/USDT:USDT,0.5853,11833,0.5852,6408,0.5854,4584,0.5855,55833
1753592063806,04:54:23.806,mexc,ACE/USDT:USDT,0.5853,11833,0.5852,6408,0.5854,4584,0.5855,55833
1753592063905,04:54:23.905,mexc,ACE/USDT:USDT,0.5853,11833,0.5852,6408,0.5854,4584,0.5855,42232
1753592064303,04:54:24.303,mexc,ACE/USDT:USDT,0.5853,11833,0.5852,6408,0.5854,4584,0.5855,42232
1753592064402,04:54:24.402,mexc,ACE/USDT:USDT,0.5853,11833,0.5852,9290,0.5854,4584,0.5855,42232
1753592064708,04:54:24.708,mexc,ACE/USDT:USDT,0.5853,11833,0.5852,9290,0.5854,4584,0.5855,42232
1753592064903,04:54:24.903,mexc,ACE/USDT:USDT,0.5853,11833,0.5852,6408,0.5854,4584,0.5855,42232
1753592065306,04:54:25.306,mexc,ACE/USDT:USDT,0.5853,11833,0.5852,6408,0.5854,4584,0.5855,42232
1753592065400,04:54:25.400,mexc,ACE/USDT:USDT,0.5853,11833,0.5852,6408,0.5854,4584,0.5855,50427
1753592065816,04:54:25.816,mexc,ACE/USDT:USDT,0.5853,11833,0.5852,6408,0.5854,4584,0.5855,42232
1753592065905,04:54:25.905,mexc,ACE/USDT:USDT,0.5853,11833,0.5852,8943,0.5854,4584,0.5855,42232
1753592066307,04:54:26.307,mexc,ACE/USDT:USDT,0.5853,11833,0.5852,6408,0.5854,4584,0.5855,42232
1753592066407,04:54:26.407,mexc,ACE/USDT:USDT,0.5853,11833,0.5852,8052,0.5854,4584,0.5855,48694
1753592066807,04:54:26.807,mexc,ACE/USDT:USDT,0.5853,11833,0.5852,8052,0.5854,4584,0.5855,48694
1753592066910,04:54:26.910,mexc,ACE/USDT:USDT,0.5853,11833,0.5852,7539,0.5854,4584,0.5855,62311
1753592067307,04:54:27.307,mexc,ACE/USDT:USDT,0.5853,11833,0.5852,7539,0.5854,4584,0.5855,62311
1753592067407,04:54:27.407,mexc,ACE/USDT:USDT,0.5853,11833,0.5852,8922,0.5854,4584,0.5855,42232
1753592067809,04:54:27.809,mexc,ACE/USDT:USDT,0.5853,11833,0.5852,8922,0.5854,4584,0.5855,42232
1753592067912,04:54:27.912,mexc,ACE/USDT:USDT,0.5853,11833,0.5852,6408,0.5854,4584,0.5855,42232
1753592068211,04:54:28.211,mexc,ACE/USDT:USDT,0.5853,23410,0.5852,6408,0.5854,4754,0.5855,45498
1753592068407,04:54:28.407,mexc,ACE/USDT:USDT,0.5853,11577,0.5852,8643,0.5854,4754,0.5855,45498
1753592068809,04:54:28.809,mexc,ACE/USDT:USDT,0.5853,11577,0.5852,8643,0.5854,4754,0.5855,45498
1753592068905,04:54:28.905,mexc,ACE/USDT:USDT,0.5853,11577,0.5852,12402,0.5854,4754,0.5855,45498
1753592069308,04:54:29.308,mexc,ACE/USDT:USDT,0.5853,11577,0.5852,12402,0.5854,4754,0.5855,45498
1753592069409,04:54:29.409,mexc,ACE/USDT:USDT,0.5853,11577,0.5852,12918,0.5854,4754,0.5855,45498
1753592069808,04:54:29.808,mexc,ACE/USDT:USDT,0.5853,11577,0.5852,12918,0.5854,4754,0.5855,45498
1753592069977,04:54:29.977,mexc,ACE/USDT:USDT,0.5853,11577,0.5852,11316,0.5854,4754,0.5855,45498
1753592070307,04:54:30.307,mexc,ACE/USDT:USDT,0.5853,11577,0.5852,9999,0.5854,4754,0.5855,45498
1753592070465,04:54:30.465,mexc,ACE/USDT:USDT,0.5853,11577,0.5852,14537,0.5854,4754,0.5855,51385
1753592070655,04:54:30.655,mexc,ACE/USDT:USDT,0.5853,11577,0.5852,14537,0.5854,4754,0.5855,51385
1753592070964,04:54:30.964,mexc,ACE/USDT:USDT,0.5853,11577,0.5852,8643,0.5854,4754,0.5855,57543
1753592071367,04:54:31.367,mexc,ACE/USDT:USDT,0.5853,11577,0.5852,8643,0.5854,4754,0.5855,57543
1753592071465,04:54:31.465,mexc,ACE/USDT:USDT,0.5853,11577,0.5852,11661,0.5854,4754,0.5855,45498
1753592071867,04:54:31.867,mexc,ACE/USDT:USDT,0.5853,11577,0.5852,8643,0.5854,4754,0.5855,45498
1753592071966,04:54:31.966,mexc,ACE/USDT:USDT,0.5853,11577,0.5852,8643,0.5854,4754,0.5855,45498
1753592072367,04:54:32.367,mexc,ACE/USDT:USDT,0.5853,11577,0.5852,8643,0.5854,4754,0.5855,45498
1753592072466,04:54:32.466,mexc,ACE/USDT:USDT,0.5853,11577,0.5852,11771,0.5854,4754,0.5855,45498
1753592072867,04:54:32.867,mexc,ACE/USDT:USDT,0.5853,11577,0.5852,8643,0.5854,4754,0.5855,45498
1753592072967,04:54:32.967,mexc,ACE/USDT:USDT,0.5853,11577,0.5852,8643,0.5854,4754,0.5855,62786
1753592073368,04:54:33.368,mexc,ACE/USDT:USDT,0.5853,11577,0.5852,8643,0.5854,4754,0.5855,62786
1753592073466,04:54:33.466,mexc,ACE/USDT:USDT,0.5853,11577,0.5852,8643,0.5854,4754,0.5855,59086
1753592073869,04:54:33.869,mexc,ACE/USDT:USDT,0.5853,11577,0.5852,8643,0.5854,4754,0.5855,59086
1753592073967,04:54:33.967,mexc,ACE/USDT:USDT,0.5853,11577,0.5852,8643,0.5854,4754,0.5855,45498
1753592074214,04:54:34.214,mexc,ACE/USDT:USDT,0.5853,10949,0.5852,7976,0.5854,5520,0.5855,48640
1753592074468,04:54:34.468,mexc,ACE/USDT:USDT,0.5853,10949,0.5852,7976,0.5854,5520,0.5855,48640
1753592074869,04:54:34.869,mexc,ACE/USDT:USDT,0.5853,10949,0.5852,7976,0.5854,5520,0.5855,48640
1753592074968,04:54:34.968,mexc,ACE/USDT:USDT,0.5853,10949,0.5852,7976,0.5854,5520,0.5855,48640
1753592075368,04:54:35.368,mexc,ACE/USDT:USDT,0.5853,10949,0.5852,7976,0.5854,5520,0.5855,48640
1753592075471,04:54:35.471,mexc,ACE/USDT:USDT,0.5853,10949,0.5852,11377,0.5854,5520,0.5855,48640
1753592075871,04:54:35.871,mexc,ACE/USDT:USDT,0.5853,10949,0.5852,11377,0.5854,5520,0.5855,48640
1753592075992,04:54:35.992,mexc,ACE/USDT:USDT,0.5853,10949,0.5852,10444,0.5854,5520,0.5855,48640
1753592076369,04:54:36.369,mexc,ACE/USDT:USDT,0.5853,10949,0.5852,10444,0.5854,5520,0.5855,48640
1753592076469,04:54:36.469,mexc,ACE/USDT:USDT,0.5853,10949,0.5852,10993,0.5854,5520,0.5855,48640
1753592076714,04:54:36.714,mexc,ACE/USDT:USDT,0.5853,10949,0.5852,10993,0.5854,5520,0.5855,48640
1753592076970,04:54:36.970,mexc,ACE/USDT:USDT,0.5853,10949,0.5852,9306,0.5854,5520,0.5855,48640
1753592077372,04:54:37.372,mexc,ACE/USDT:USDT,0.5853,10949,0.5852,9306,0.5854,5520,0.5855,48640
1753592077467,04:54:37.467,mexc,ACE/USDT:USDT,0.5853,10949,0.5852,9260,0.5854,5520,0.5855,48640
1753592077872,04:54:37.872,mexc,ACE/USDT:USDT,0.5853,10949,0.5852,7976,0.5854,5520,0.5855,48640
1753592077969,04:54:37.969,mexc,ACE/USDT:USDT,0.5853,10949,0.5852,9465,0.5854,5520,0.5855,48640
1753592078371,04:54:38.371,mexc,ACE/USDT:USDT,0.5853,10949,0.5852,9465,0.5854,5520,0.5855,48640
1753592078471,04:54:38.471,mexc,ACE/USDT:USDT,0.5853,10949,0.5852,9044,0.5854,5520,0.5855,58360
1753592078871,04:54:38.871,mexc,ACE/USDT:USDT,0.5853,10949,0.5852,9044,0.5854,5520,0.5855,58360
1753592078972,04:54:38.972,mexc,ACE/USDT:USDT,0.5853,10949,0.5852,7976,0.5854,5520,0.5855,48640
1753592079374,04:54:39.374,mexc,ACE/USDT:USDT,0.5853,10949,0.5852,7976,0.5854,5520,0.5855,48640
1753592079472,04:54:39.472,mexc,ACE/USDT:USDT,0.5853,10949,0.5852,11375,0.5854,5520,0.5855,48640
1753592079872,04:54:39.872,mexc,ACE/USDT:USDT,0.5853,10949,0.5852,7976,0.5854,5520,0.5855,48640
1753592079972,04:54:39.972,mexc,ACE/USDT:USDT,0.5853,10949,0.5852,8989,0.5854,5520,0.5855,48640
1753592080217,04:54:40.217,mexc,ACE/USDT:USDT,0.5851,2725,0.585,2853,0.5852,4804,0.5853,10283
1753592080472,04:54:40.472,mexc,ACE/USDT:USDT,0.5851,2725,0.585,2853,0.5852,4804,0.5853,10283
1753592080874,04:54:40.874,mexc,ACE/USDT:USDT,0.5851,2725,0.585,2853,0.5852,4804,0.5853,10283
1753592080978,04:54:40.978,mexc,ACE/USDT:USDT,0.5851,2725,0.585,3446,0.5852,4804,0.5853,10283
1753592081375,04:54:41.375,mexc,ACE/USDT:USDT,0.5851,2725,0.585,2853,0.5852,4804,0.5853,10283
1753592081475,04:54:41.475,mexc,ACE/USDT:USDT,0.5851,2725,0.585,2853,0.5852,4804,0.5853,12126
1753592081875,04:54:41.875,mexc,ACE/USDT:USDT,0.5851,2725,0.585,2853,0.5852,4804,0.5853,12126
1753592081996,04:54:41.996,mexc,ACE/USDT:USDT,0.5851,2725,0.585,2853,0.5852,4804,0.5853,10283
1753592082376,04:54:42.376,mexc,ACE/USDT:USDT,0.5851,2725,0.585,2853,0.5852,4804,0.5853,10283
1753592082475,04:54:42.475,mexc,ACE/USDT:USDT,0.5851,2725,0.585,2853,0.5852,4804,0.5853,10283
1753592082658,04:54:42.658,mexc,ACE/USDT:USDT,0.5851,2725,0.585,2853,0.5852,4804,0.5853,10283
1753592082976,04:54:42.976,mexc,ACE/USDT:USDT,0.5851,2725,0.585,3737,0.5852,4804,0.5853,10283
1753592083376,04:54:43.376,mexc,ACE/USDT:USDT,0.5851,2725,0.585,2853,0.5852,4804,0.5853,10283
1753592083474,04:54:43.474,mexc,ACE/USDT:USDT,0.5851,2725,0.585,3584,0.5852,4804,0.5853,14237
1753592083875,04:54:43.875,mexc,ACE/USDT:USDT,0.5851,2725,0.585,3584,0.5852,4804,0.5853,14237
1753592083976,04:54:43.976,mexc,ACE/USDT:USDT,0.5851,2725,0.585,2853,0.5852,4804,0.5853,16000
1753592084377,04:54:44.377,mexc,ACE/USDT:USDT,0.5851,2725,0.585,2853,0.5852,4804,0.5853,16000
1753592084475,04:54:44.475,mexc,ACE/USDT:USDT,0.5851,2725,0.585,2853,0.5852,4804,0.5853,13210
1753592084876,04:54:44.876,mexc,ACE/USDT:USDT,0.5851,2725,0.585,2853,0.5852,4804,0.5853,13210
1753592084977,04:54:44.977,mexc,ACE/USDT:USDT,0.5851,2725,0.585,3958,0.5852,4804,0.5853,12265
1753592085377,04:54:45.377,mexc,ACE/USDT:USDT,0.5851,2725,0.585,3958,0.5852,4804,0.5853,12265
1753592085478,04:54:45.478,mexc,ACE/USDT:USDT,0.5851,2725,0.585,2853,0.5852,4804,0.5853,14837
1753592085878,04:54:45.878,mexc,ACE/USDT:USDT,0.5851,2725,0.585,2853,0.5852,4804,0.5853,14837
1753592085976,04:54:45.976,mexc,ACE/USDT:USDT,0.5851,2725,0.585,2853,0.5852,4804,0.5853,14173
1753592086220,04:54:46.220,mexc,ACE/USDT:USDT,0.585,2664,0.5849,5291,0.5851,9666,0.5852,11219
1753592086479,04:54:46.479,mexc,ACE/USDT:USDT,0.585,2664,0.5849,5291,0.5851,9666,0.5852,16802
1753592086879,04:54:46.879,mexc,ACE/USDT:USDT,0.585,2664,0.5849,5291,0.5851,9666,0.5852,16802
1753592086977,04:54:46.977,mexc,ACE/USDT:USDT,0.585,2664,0.5849,7470,0.5851,9666,0.5852,11219
1753592087377,04:54:47.377,mexc,ACE/USDT:USDT,0.585,2664,0.5849,5291,0.5851,9666,0.5852,11219
1753592087478,04:54:47.478,mexc,ACE/USDT:USDT,0.585,2664,0.5849,7297,0.5851,9666,0.5852,14747
1753592087879,04:54:47.879,mexc,ACE/USDT:USDT,0.585,2664,0.5849,5291,0.5851,9666,0.5852,14747
1753592088075,04:54:48.075,mexc,ACE/USDT:USDT,0.585,2664,0.5849,5291,0.5851,9666,0.5852,18691
1753592088379,04:54:48.379,mexc,ACE/USDT:USDT,0.585,2664,0.5849,5291,0.5851,9666,0.5852,18691
1753592088480,04:54:48.480,mexc,ACE/USDT:USDT,0.585,2664,0.5849,5291,0.5851,9666,0.5852,13260
1753592088660,04:54:48.660,mexc,ACE/USDT:USDT,0.585,2664,0.5849,5291,0.5851,9666,0.5852,13260
1753592088977,04:54:48.977,mexc,ACE/USDT:USDT,0.585,2664,0.5849,7366,0.5851,9666,0.5852,13726
1753592089379,04:54:49.379,mexc,ACE/USDT:USDT,0.585,2664,0.5849,7366,0.5851,9666,0.5852,13726
1753592089478,04:54:49.478,mexc,ACE/USDT:USDT,0.585,2664,0.5849,5291,0.5851,9666,0.5852,11219
1753592089879,04:54:49.879,mexc,ACE/USDT:USDT,0.585,2664,0.5849,5291,0.5851,9666,0.5852,11219
1753592089979,04:54:49.979,mexc,ACE/USDT:USDT,0.585,2664,0.5849,6700,0.5851,9666,0.5852,11219
1753592090380,04:54:50.380,mexc,ACE/USDT:USDT,0.585,2664,0.5849,6030,0.5851,9666,0.5852,11219
1753592090480,04:54:50.480,mexc,ACE/USDT:USDT,0.585,2664,0.5849,5291,0.5851,9666,0.5852,11219
1753592090882,04:54:50.882,mexc,ACE/USDT:USDT,0.585,2664,0.5849,5291,0.5851,9666,0.5852,11219
1753592090979,04:54:50.979,mexc,ACE/USDT:USDT,0.585,2664,0.5849,7239,0.5851,9666,0.5852,13579
1753592091384,04:54:51.384,mexc,ACE/USDT:USDT,0.585,2664,0.5849,7239,0.5851,9666,0.5852,13579
1753592091482,04:54:51.482,mexc,ACE/USDT:USDT,0.585,2664,0.5849,5291,0.5851,9666,0.5852,13202
1753592091883,04:54:51.883,mexc,ACE/USDT:USDT,0.585,2664,0.5849,5291,0.5851,9666,0.5852,13202
1753592091981,04:54:51.981,mexc,ACE/USDT:USDT,0.585,2664,0.5849,5291,0.5851,9666,0.5852,16262
1753592092221,04:54:52.221,mexc,ACE/USDT:USDT,0.585,4902,0.5849,5152,0.5851,10663,0.5852,10399
1753592092483,04:54:52.483,mexc,ACE/USDT:USDT,0.585,4902,0.5849,5152,0.5851,10663,0.5852,18828
1753592092885,04:54:52.885,mexc,ACE/USDT:USDT,0.585,4902,0.5849,5152,0.5851,10663,0.5852,13905
1753592092982,04:54:52.982,mexc,ACE/USDT:USDT,0.585,4902,0.5849,5152,0.5851,10663,0.5852,10399
1753592093381,04:54:53.381,mexc,ACE/USDT:USDT,0.585,4902,0.5849,5152,0.5851,10663,0.5852,10399
1753592093482,04:54:53.482,mexc,ACE/USDT:USDT,0.585,4902,0.5849,7469,0.5851,10663,0.5852,12088
1753592093883,04:54:53.883,mexc,ACE/USDT:USDT,0.585,4902,0.5849,7469,0.5851,10663,0.5852,12088
1753592094004,04:54:54.004,mexc,ACE/USDT:USDT,0.585,4902,0.5849,7105,0.5851,10663,0.5852,14360
1753592094384,04:54:54.384,mexc,ACE/USDT:USDT,0.585,4902,0.5849,5152,0.5851,10663,0.5852,14360
1753592094483,04:54:54.483,mexc,ACE/USDT:USDT,0.585,4902,0.5849,7710,0.5851,10663,0.5852,13271
1753592094665,04:54:54.665,mexc,ACE/USDT:USDT,0.585,4902,0.5849,7710,0.5851,10663,0.5852,13271
1753592094988,04:54:54.988,mexc,ACE/USDT:USDT,0.585,4902,0.5849,5152,0.5851,10663,0.5852,11671
1753592095387,04:54:55.387,mexc,ACE/USDT:USDT,0.585,4902,0.5849,5152,0.5851,10663,0.5852,10399
1753592095482,04:54:55.482,mexc,ACE/USDT:USDT,0.585,4902,0.5849,7720,0.5851,10663,0.5852,13877
1753592095884,04:54:55.884,mexc,ACE/USDT:USDT,0.585,4902,0.5849,5744,0.5851,10663,0.5852,13877
1753592095983,04:54:55.983,mexc,ACE/USDT:USDT,0.585,4902,0.5849,5152,0.5851,10663,0.5852,11523
1753592096384,04:54:56.384,mexc,ACE/USDT:USDT,0.585,4902,0.5849,5152,0.5851,10663,0.5852,11523
1753592096483,04:54:56.483,mexc,ACE/USDT:USDT,0.585,4902,0.5849,6179,0.5851,10663,0.5852,11544
1753592096884,04:54:56.884,mexc,ACE/USDT:USDT,0.585,4902,0.5849,6179,0.5851,10663,0.5852,11544
1753592096984,04:54:56.984,mexc,ACE/USDT:USDT,0.585,4902,0.5849,8690,0.5851,10663,0.5852,11874
1753592097278,04:54:57.278,mexc,ACE/USDT:USDT,0.585,4776,0.5849,9004,0.5851,9470,0.5852,8374
1753592097485,04:54:57.485,mexc,ACE/USDT:USDT,0.585,4776,0.5849,9004,0.5851,9470,0.5852,8374
1753592097885,04:54:57.885,mexc,ACE/USDT:USDT,0.585,4776,0.5849,9004,0.5851,9470,0.5852,8374
1753592097986,04:54:57.986,mexc,ACE/USDT:USDT,0.585,4776,0.5849,11777,0.5851,9470,0.5852,8374
1753592098383,04:54:58.383,mexc,ACE/USDT:USDT,0.585,4776,0.5849,10414,0.5851,9470,0.5852,8374
1753592098483,04:54:58.483,mexc,ACE/USDT:USDT,0.585,4776,0.5849,9004,0.5851,9470,0.5852,8374
1753592098884,04:54:58.884,mexc,ACE/USDT:USDT,0.585,4776,0.5849,9004,0.5851,9470,0.5852,8374
1753592098982,04:54:58.982,mexc,ACE/USDT:USDT,0.585,4776,0.5849,9004,0.5851,9470,0.5852,8374
1753592099384,04:54:59.384,mexc,ACE/USDT:USDT,0.585,4776,0.5849,9004,0.5851,9470,0.5852,8374
1753592099484,04:54:59.484,mexc,ACE/USDT:USDT,0.585,4776,0.5849,12240,0.5851,9470,0.5852,8374
1753592099885,04:54:59.885,mexc,ACE/USDT:USDT,0.585,4776,0.5849,12240,0.5851,9470,0.5852,8374
1753592100008,04:55:00.008,mexc,ACE/USDT:USDT,0.585,4776,0.5849,12876,0.5851,9470,0.5852,15392
1753592100385,04:55:00.385,mexc,ACE/USDT:USDT,0.585,4776,0.5849,12876,0.5851,9470,0.5852,15392
1753592100485,04:55:00.485,mexc,ACE/USDT:USDT,0.585,4776,0.5849,13478,0.5851,9470,0.5852,11009
1753592100661,04:55:00.661,mexc,ACE/USDT:USDT,0.585,4776,0.5849,13478,0.5851,9470,0.5852,11009
1753592100985,04:55:00.985,mexc,ACE/USDT:USDT,0.585,4776,0.5849,9004,0.5851,9470,0.5852,14367
1753592101389,04:55:01.389,mexc,ACE/USDT:USDT,0.585,4776,0.5849,9004,0.5851,9470,0.5852,14367
1753592101485,04:55:01.485,mexc,ACE/USDT:USDT,0.5853,3157,0.5852,5294,0.5854,39194,0.5855,100399
1753592101887,04:55:01.887,mexc,ACE/USDT:USDT,0.5853,3157,0.5852,4213,0.5854,39194,0.5855,100399
1753592101988,04:55:01.988,mexc,ACE/USDT:USDT,0.5853,3157,0.5852,3050,0.5854,39194,0.5855,98118
1753592102386,04:55:02.386,mexc,ACE/USDT:USDT,0.5853,3157,0.5852,3050,0.5854,39194,0.5855,98118
1753592102484,04:55:02.484,mexc,ACE/USDT:USDT,0.5853,3157,0.5852,4039,0.5854,39194,0.5855,98118
1753592102607,04:55:02.607,mexc,ACE/USDT:USDT,0.585,4776,0.5849,9004,0.5851,8061,0.5852,10079
1753592102994,04:55:02.994,mexc,ACE/USDT:USDT,0.585,4776,0.5849,10120,0.5851,8061,0.5852,10079
1753592103389,04:55:03.389,mexc,ACE/USDT:USDT,0.585,4776,0.5849,9004,0.5851,8061,0.5852,10079
1753592103486,04:55:03.486,mexc,ACE/USDT:USDT,0.585,4776,0.5849,9004,0.5851,8061,0.5852,13623
1753592103887,04:55:03.887,mexc,ACE/USDT:USDT,0.585,4776,0.5849,9004,0.5851,8061,0.5852,13623
1753592103986,04:55:03.986,mexc,ACE/USDT:USDT,0.585,4776,0.5849,10561,0.5851,8061,0.5852,11367
1753592104385,04:55:04.385,mexc,ACE/USDT:USDT,0.585,4776,0.5849,9576,0.5851,8061,0.5852,11367
1753592104486,04:55:04.486,mexc,ACE/USDT:USDT,0.585,4776,0.5849,10788,0.5851,8061,0.5852,10079
1753592104886,04:55:04.886,mexc,ACE/USDT:USDT,0.585,4776,0.5849,9690,0.5851,8061,0.5852,10079
1753592104987,04:55:04.987,mexc,ACE/USDT:USDT,0.585,4776,0.5849,9004,0.5851,8061,0.5852,12728
1753592105387,04:55:05.387,mexc,ACE/USDT:USDT,0.585,4776,0.5849,9004,0.5851,8061,0.5852,12728
1753592105487,04:55:05.487,mexc,ACE/USDT:USDT,0.585,4776,0.5849,9674,0.5851,8061,0.5852,10079
1753592105887,04:55:05.887,mexc,ACE/USDT:USDT,0.585,4776,0.5849,9004,0.5851,8061,0.5852,10079
1753592106011,04:55:06.011,mexc,ACE/USDT:USDT,0.585,4776,0.5849,9788,0.5851,8061,0.5852,10079
1753592106387,04:55:06.387,mexc,ACE/USDT:USDT,0.585,4776,0.5849,9004,0.5851,8061,0.5852,10079
1753592106488,04:55:06.488,mexc,ACE/USDT:USDT,0.585,4776,0.5849,9597,0.5851,8061,0.5852,10079
1753592106714,04:55:06.714,mexc,ACE/USDT:USDT,0.585,4776,0.5849,9597,0.5851,8061,0.5852,10079
1753592106989,04:55:06.989,mexc,ACE/USDT:USDT,0.585,4776,0.5849,9411,0.5851,8061,0.5852,12339
1753592107388,04:55:07.388,mexc,ACE/USDT:USDT,0.585,4776,0.5849,9411,0.5851,8061,0.5852,12339
1753592107487,04:55:07.487,mexc,ACE/USDT:USDT,0.585,4776,0.5849,9429,0.5851,8061,0.5852,14278
1753592107888,04:55:07.888,mexc,ACE/USDT:USDT,0.585,4776,0.5849,9004,0.5851,8061,0.5852,14278
1753592107987,04:55:07.987,mexc,ACE/USDT:USDT,0.585,4776,0.5849,9739,0.5851,8061,0.5852,10079
1753592108281,04:55:08.281,mexc,ACE/USDT:USDT,0.5851,4095,0.585,5870,0.5852,5362,0.5853,8763
1753592108487,04:55:08.487,mexc,ACE/USDT:USDT,0.5851,4095,0.585,7109,0.5852,5362,0.5853,12554
1753592108888,04:55:08.888,mexc,ACE/USDT:USDT,0.5851,4095,0.585,7109,0.5852,5362,0.5853,12554
1753592108989,04:55:08.989,mexc,ACE/USDT:USDT,0.5851,4095,0.585,7713,0.5852,5362,0.5853,11297
1753592109389,04:55:09.389,mexc,ACE/USDT:USDT,0.5851,4095,0.585,5870,0.5852,5362,0.5853,11297
1753592109489,04:55:09.489,mexc,ACE/USDT:USDT,0.5851,4095,0.585,5870,0.5852,5362,0.5853,8763
1753592109888,04:55:09.888,mexc,ACE/USDT:USDT,0.5851,4095,0.585,5870,0.5852,5362,0.5853,8763
1753592109988,04:55:09.988,mexc,ACE/USDT:USDT,0.5851,4095,0.585,5870,0.5852,5362,0.5853,11947
1753592110388,04:55:10.388,mexc,ACE/USDT:USDT,0.5851,4095,0.585,5870,0.5852,5362,0.5853,11947
1753592110488,04:55:10.488,mexc,ACE/USDT:USDT,0.5851,4095,0.585,7250,0.5852,5362,0.5853,9710
1753592110889,04:55:10.889,mexc,ACE/USDT:USDT,0.5851,4095,0.585,5870,0.5852,5362,0.5853,9710
1753592110988,04:55:10.988,mexc,ACE/USDT:USDT,0.5851,4095,0.585,5870,0.5852,5362,0.5853,14702
1753592111389,04:55:11.389,mexc,ACE/USDT:USDT,0.5851,4095,0.585,5870,0.5852,5362,0.5853,14702
1753592111487,04:55:11.487,mexc,ACE/USDT:USDT,0.5851,4095,0.585,8802,0.5852,5362,0.5853,8763
1753592111888,04:55:11.888,mexc,ACE/USDT:USDT,0.5851,4095,0.585,8802,0.5852,5362,0.5853,8763
1753592112019,04:55:12.019,mexc,ACE/USDT:USDT,0.5851,4095,0.585,9563,0.5852,5362,0.5853,8763
1753592112390,04:55:12.390,mexc,ACE/USDT:USDT,0.5851,4095,0.585,8602,0.5852,5362,0.5853,8763
1753592112489,04:55:12.489,mexc,ACE/USDT:USDT,0.5851,4095,0.585,7887,0.5852,5362,0.5853,12411
1753592112667,04:55:12.667,mexc,ACE/USDT:USDT,0.5851,4095,0.585,7887,0.5852,5362,0.5853,12411
1753592112990,04:55:12.990,mexc,ACE/USDT:USDT,0.5851,4095,0.585,6592,0.5852,5362,0.5853,13103
1753592113390,04:55:13.390,mexc,ACE/USDT:USDT,0.5851,4095,0.585,6592,0.5852,5362,0.5853,13103
1753592113490,04:55:13.490,mexc,ACE/USDT:USDT,0.5851,4095,0.585,5870,0.5852,5362,0.5853,10894
1753592113891,04:55:13.891,mexc,ACE/USDT:USDT,0.5851,4095,0.585,5870,0.5852,5362,0.5853,10894
1753592113991,04:55:13.991,mexc,ACE/USDT:USDT,0.5851,4095,0.585,5870,0.5852,5362,0.5853,8763
1753592114282,04:55:14.282,mexc,ACE/USDT:USDT,0.585,3867,0.5849,5048,0.5851,2763,0.5852,6318
1753592114491,04:55:14.491,mexc,ACE/USDT:USDT,0.585,3867,0.5849,7711,0.5851,2763,0.5852,8797
1753592114890,04:55:14.890,mexc,ACE/USDT:USDT,0.585,3867,0.5849,6756,0.5851,2763,0.5852,8797
1753592114990,04:55:14.990,mexc,ACE/USDT:USDT,0.585,3867,0.5849,5048,0.5851,2763,0.5852,6318
1753592115392,04:55:15.392,mexc,ACE/USDT:USDT,0.585,3867,0.5849,5048,0.5851,2763,0.5852,6318
1753592115490,04:55:15.490,mexc,ACE/USDT:USDT,0.585,3867,0.5849,5048,0.5851,2763,0.5852,6318
1753592115892,04:55:15.892,mexc,ACE/USDT:USDT,0.585,3867,0.5849,5048,0.5851,2763,0.5852,6318
1753592115992,04:55:15.992,mexc,ACE/USDT:USDT,0.585,3867,0.5849,7299,0.5851,2763,0.5852,8454
1753592116395,04:55:16.395,mexc,ACE/USDT:USDT,0.585,3867,0.5849,5048,0.5851,2763,0.5852,8454
1753592116493,04:55:16.493,mexc,ACE/USDT:USDT,0.585,3867,0.5849,5048,0.5851,2763,0.5852,6318
1753592116893,04:55:16.893,mexc,ACE/USDT:USDT,0.585,3867,0.5849,5048,0.5851,2763,0.5852,6318
1753592116992,04:55:16.992,mexc,ACE/USDT:USDT,0.585,3867,0.5849,6844,0.5851,2763,0.5852,6318
1753592117396,04:55:17.396,mexc,ACE/USDT:USDT,0.585,3867,0.5849,6844,0.5851,2763,0.5852,6318
1753592117491,04:55:17.491,mexc,ACE/USDT:USDT,0.585,3867,0.5849,5048,0.5851,2763,0.5852,6318
1753592117893,04:55:17.893,mexc,ACE/USDT:USDT,0.585,3867,0.5849,5048,0.5851,2763,0.5852,6318
1753592118021,04:55:18.021,mexc,ACE/USDT:USDT,0.585,3867,0.5849,5048,0.5851,2763,0.5852,7328
1753592118394,04:55:18.394,mexc,ACE/USDT:USDT,0.585,3867,0.5849,5048,0.5851,2763,0.5852,7328
1753592118494,04:55:18.494,mexc,ACE/USDT:USDT,0.585,3867,0.5849,5048,0.5851,2763,0.5852,6318
1753592118674,04:55:18.674,mexc,ACE/USDT:USDT,0.585,3867,0.5849,5048,0.5851,2763,0.5852,6318
1753592118991,04:55:18.991,mexc,ACE/USDT:USDT,0.585,3867,0.5849,5048,0.5851,2763,0.5852,8600
1753592119394,04:55:19.394,mexc,ACE/USDT:USDT,0.585,3867,0.5849,5048,0.5851,2763,0.5852,8600
1753592119493,04:55:19.493,mexc,ACE/USDT:USDT,0.585,3867,0.5849,5048,0.5851,2763,0.5852,6318
1753592119894,04:55:19.894,mexc,ACE/USDT:USDT,0.585,3867,0.5849,5048,0.5851,2763,0.5852,6318
1753592119993,04:55:19.993,mexc,ACE/USDT:USDT,0.585,3867,0.5849,5048,0.5851,2763,0.5852,6318
1753592120283,04:55:20.283,mexc,ACE/USDT:USDT,0.585,4209,0.5849,5536,0.5851,15553,0.5852,6827
1753592120493,04:55:20.493,mexc,ACE/USDT:USDT,0.585,4209,0.5849,5536,0.5851,15553,0.5852,9198
1753592120904,04:55:20.904,mexc,ACE/USDT:USDT,0.585,4209,0.5849,5536,0.5851,15553,0.5852,9198
1753592120995,04:55:20.995,mexc,ACE/USDT:USDT,0.585,4209,0.5849,8035,0.5851,15553,0.5852,9038
1753592121395,04:55:21.395,mexc,ACE/USDT:USDT,0.585,4209,0.5849,5536,0.5851,15553,0.5852,9038
1753592121493,04:55:21.493,mexc,ACE/USDT:USDT,0.585,4209,0.5849,5536,0.5851,15553,0.5852,9704
1753592121894,04:55:21.894,mexc,ACE/USDT:USDT,0.585,4209,0.5849,5536,0.5851,15553,0.5852,9704
1753592121996,04:55:21.996,mexc,ACE/USDT:USDT,0.585,4209,0.5849,5536,0.5851,15553,0.5852,6827
1753592122394,04:55:22.394,mexc,ACE/USDT:USDT,0.585,4209,0.5849,5536,0.5851,15553,0.5852,6827
1753592122495,04:55:22.495,mexc,ACE/USDT:USDT,0.585,4209,0.5849,5536,0.5851,15553,0.5852,9983
1753592122896,04:55:22.896,mexc,ACE/USDT:USDT,0.585,4209,0.5849,5536,0.5851,15553,0.5852,9983
1753592122997,04:55:22.997,mexc,ACE/USDT:USDT,0.585,4209,0.5849,5536,0.5851,15553,0.5852,8651
1753592123396,04:55:23.396,mexc,ACE/USDT:USDT,0.585,4209,0.5849,5536,0.5851,15553,0.5852,8651
1753592123494,04:55:23.494,mexc,ACE/USDT:USDT,0.585,4209,0.5849,5536,0.5851,15553,0.5852,10673
1753592123896,04:55:23.896,mexc,ACE/USDT:USDT,0.585,4209,0.5849,5536,0.5851,15553,0.5852,10673
1753592124022,04:55:24.022,mexc,ACE/USDT:USDT,0.585,4209,0.5849,9116,0.5851,15553,0.5852,9910
1753592124463,04:55:24.463,mexc,ACE/USDT:USDT,0.585,4209,0.5849,9116,0.5851,15553,0.5852,9910
1753592124495,04:55:24.495,mexc,ACE/USDT:USDT,0.585,4209,0.5849,6927,0.5851,15553,0.5852,9133
1753592124679,04:55:24.679,mexc,ACE/USDT:USDT,0.585,4209,0.5849,6927,0.5851,15553,0.5852,9133
1753592124995,04:55:24.995,mexc,ACE/USDT:USDT,0.585,4209,0.5849,5536,0.5851,15553,0.5852,6827
1753592125396,04:55:25.396,mexc,ACE/USDT:USDT,0.585,4209,0.5849,5536,0.5851,15553,0.5852,6827
1753592125496,04:55:25.496,mexc,ACE/USDT:USDT,0.585,4209,0.5849,6639,0.5851,15553,0.5852,6827
1753592125896,04:55:25.896,mexc,ACE/USDT:USDT,0.585,4209,0.5849,6639,0.5851,15553,0.5852,6827
1753592125995,04:55:25.995,mexc,ACE/USDT:USDT,0.585,4209,0.5849,7484,0.5851,15553,0.5852,6827
1753592126290,04:55:26.290,mexc,ACE/USDT:USDT,0.5849,16363,0.5848,12319,0.585,2812,0.5851,11211
1753592126497,04:55:26.497,mexc,ACE/USDT:USDT,0.5849,16363,0.5848,12319,0.585,2812,0.5851,11211
1753592126896,04:55:26.896,mexc,ACE/USDT:USDT,0.5849,16363,0.5848,12319,0.585,2812,0.5851,11211
1753592126996,04:55:26.996,mexc,ACE/USDT:USDT,0.5849,16363,0.5848,12319,0.585,2812,0.5851,11211
1753592127397,04:55:27.397,mexc,ACE/USDT:USDT,0.5849,16363,0.5848,12319,0.585,2812,0.5851,11211
1753592127498,04:55:27.498,mexc,ACE/USDT:USDT,0.5849,16363,0.5848,12319,0.585,2812,0.5851,11211
1753592127897,04:55:27.897,mexc,ACE/USDT:USDT,0.5849,16363,0.5848,12319,0.585,2812,0.5851,11211
1753592127999,04:55:27.999,mexc,ACE/USDT:USDT,0.5849,16363,0.5848,12319,0.585,2812,0.5851,11211
1753592128397,04:55:28.397,mexc,ACE/USDT:USDT,0.5849,16363,0.5848,12319,0.585,2812,0.5851,11211
1753592128501,04:55:28.501,mexc,ACE/USDT:USDT,0.5849,16363,0.5848,14196,0.585,2812,0.5851,11211
1753592128897,04:55:28.897,mexc,ACE/USDT:USDT,0.5849,16363,0.5848,12319,0.585,2812,0.5851,11211
1753592128998,04:55:28.998,mexc,ACE/USDT:USDT,0.5849,16363,0.5848,12319,0.585,2812,0.5851,16504
1753592129397,04:55:29.397,mexc,ACE/USDT:USDT,0.5849,16363,0.5848,12319,0.585,2812,0.5851,16504
1753592129499,04:55:29.499,mexc,ACE/USDT:USDT,0.5849,16363,0.5848,14352,0.585,2812,0.5851,11211
1753592129898,04:55:29.898,mexc,ACE/USDT:USDT,0.5849,16363,0.5848,12319,0.585,2812,0.5851,11211
1753592130027,04:55:30.027,mexc,ACE/USDT:USDT,0.5849,16363,0.5848,12319,0.585,2812,0.5851,11211
1753592130399,04:55:30.399,mexc,ACE/USDT:USDT,0.5849,16363,0.5848,12319,0.585,2812,0.5851,11211
1753592130498,04:55:30.498,mexc,ACE/USDT:USDT,0.5849,16363,0.5848,12319,0.585,2812,0.5851,11211
1753592130683,04:55:30.683,mexc,ACE/USDT:USDT,0.5849,16363,0.5848,12319,0.585,2812,0.5851,11211
1753592130998,04:55:30.998,mexc,ACE/USDT:USDT,0.5849,16363,0.5848,12319,0.585,2812,0.5851,11211
1753592131400,04:55:31.400,mexc,ACE/USDT:USDT,0.5849,16363,0.5848,12319,0.585,2812,0.5851,11211
1753592131498,04:55:31.498,mexc,ACE/USDT:USDT,0.5849,16363,0.5848,15198,0.585,2812,0.5851,13364
1753592131901,04:55:31.901,mexc,ACE/USDT:USDT,0.5849,16363,0.5848,12319,0.585,2812,0.5851,13364
1753592132002,04:55:32.002,mexc,ACE/USDT:USDT,0.5849,16363,0.5848,12319,0.585,2812,0.5851,15267
1753592132294,04:55:32.294,mexc,ACE/USDT:USDT,0.5849,15450,0.5848,17730,0.585,2687,0.5851,20401
1753592132500,04:55:32.500,mexc,ACE/USDT:USDT,0.5849,15450,0.5848,17730,0.585,2687,0.5851,20401
1753592132902,04:55:32.902,mexc,ACE/USDT:USDT,0.5849,15450,0.5848,17730,0.585,2687,0.5851,20401
1753592133000,04:55:33.000,mexc,ACE/USDT:USDT,0.5849,15450,0.5848,17730,0.585,2687,0.5851,20401
1753592133402,04:55:33.402,mexc,ACE/USDT:USDT,0.5849,15450,0.5848,17730,0.585,2687,0.5851,20401
1753592133500,04:55:33.500,mexc,ACE/USDT:USDT,0.5849,15450,0.5848,21178,0.585,2687,0.5851,30552
1753592133903,04:55:33.903,mexc,ACE/USDT:USDT,0.5849,15450,0.5848,17730,0.585,2687,0.5851,30552
1753592134002,04:55:34.002,mexc,ACE/USDT:USDT,0.5849,15450,0.5848,22850,0.585,2687,0.5851,28484
1753592134402,04:55:34.402,mexc,ACE/USDT:USDT,0.5849,15450,0.5848,22850,0.585,2687,0.5851,20401
1753592134499,04:55:34.499,mexc,ACE/USDT:USDT,0.5849,15450,0.5848,25383,0.585,2687,0.5851,20401
1753592134902,04:55:34.902,mexc,ACE/USDT:USDT,0.5849,15450,0.5848,25383,0.585,2687,0.5851,20401
1753592135094,04:55:35.094,mexc,ACE/USDT:USDT,0.5849,15450,0.5848,25206,0.585,2687,0.5851,24918
1753592135402,04:55:35.402,mexc,ACE/USDT:USDT,0.5849,15450,0.5848,17730,0.585,2687,0.5851,24918
1753592135499,04:55:35.499,mexc,ACE/USDT:USDT,0.5849,15450,0.5848,17730,0.585,2687,0.5851,26873
1753592135902,04:55:35.902,mexc,ACE/USDT:USDT,0.5849,15450,0.5848,17730,0.585,2687,0.5851,20401
1753592136000,04:55:36.000,mexc,ACE/USDT:USDT,0.5849,15450,0.5848,24483,0.585,2687,0.5851,20401
1753592136403,04:55:36.403,mexc,ACE/USDT:USDT,0.5849,15450,0.5848,24483,0.585,2687,0.5851,20401
1753592136503,04:55:36.503,mexc,ACE/USDT:USDT,0.5849,15450,0.5848,17730,0.585,2687,0.5851,20401
1753592136681,04:55:36.681,mexc,ACE/USDT:USDT,0.5849,15450,0.5848,17730,0.585,2687,0.5851,20401
1753592137000,04:55:37.000,mexc,ACE/USDT:USDT,0.5849,15450,0.5848,17730,0.585,2687,0.5851,20401
1753592137403,04:55:37.403,mexc,ACE/USDT:USDT,0.5849,15450,0.5848,17730,0.585,2687,0.5851,20401
1753592137501,04:55:37.501,mexc,ACE/USDT:USDT,0.5849,15450,0.5848,25311,0.585,2687,0.5851,23852
1753592137903,04:55:37.903,mexc,ACE/USDT:USDT,0.5849,15450,0.5848,25311,0.585,2687,0.5851,20401
1753592138002,04:55:38.002,mexc,ACE/USDT:USDT,0.5849,15450,0.5848,17730,0.585,2687,0.5851,27634
1753592138292,04:55:38.292,mexc,ACE/USDT:USDT,0.5849,3286,0.5848,19574,0.585,2989,0.5851,19757
1753592138504,04:55:38.504,mexc,ACE/USDT:USDT,0.5849,3286,0.5848,25592,0.585,2989,0.5851,19757
1753592138904,04:55:38.904,mexc,ACE/USDT:USDT,0.5849,3286,0.5848,19574,0.585,2989,0.5851,19757
1753592139002,04:55:39.002,mexc,ACE/USDT:USDT,0.5849,3286,0.5848,24548,0.585,2989,0.5851,19757
1753592139404,04:55:39.404,mexc,ACE/USDT:USDT,0.5849,3286,0.5848,19574,0.585,2989,0.5851,19757
1753592139503,04:55:39.503,mexc,ACE/USDT:USDT,0.5849,3286,0.5848,25575,0.585,2989,0.5851,26327
1753592139903,04:55:39.903,mexc,ACE/USDT:USDT,0.5849,3286,0.5848,25575,0.585,2989,0.5851,26327
1753592140002,04:55:40.002,mexc,ACE/USDT:USDT,0.5849,3286,0.5848,26769,0.585,2989,0.5851,34162
1753592140404,04:55:40.404,mexc,ACE/USDT:USDT,0.5849,3286,0.5848,26769,0.585,2989,0.5851,34162
1753592140504,04:55:40.504,mexc,ACE/USDT:USDT,0.5849,3286,0.5848,24421,0.585,2989,0.5851,19757
1753592140906,04:55:40.906,mexc,ACE/USDT:USDT,0.5849,3286,0.5848,24421,0.585,2989,0.5851,19757
1753592141102,04:55:41.102,mexc,ACE/USDT:USDT,0.5849,3286,0.5848,33853,0.585,2989,0.5851,19757
1753592141114,04:55:41.114,mexc,ACE/USDT:USDT,0.5849,3286,0.5848,33853,0.585,2989,0.5851,19757
1753592141505,04:55:41.505,mexc,ACE/USDT:USDT,0.5849,3286,0.5848,19574,0.585,2989,0.5851,19757
1753592141905,04:55:41.905,mexc,ACE/USDT:USDT,0.5849,3286,0.5848,19574,0.585,2989,0.5851,19757
1753592142003,04:55:42.003,mexc,ACE/USDT:USDT,0.5849,3286,0.5848,32396,0.585,2989,0.5851,19757
1753592142405,04:55:42.405,mexc,ACE/USDT:USDT,0.5849,3286,0.5848,22900,0.585,2989,0.5851,19757
1753592142505,04:55:42.505,mexc,ACE/USDT:USDT,0.5849,3286,0.5848,19574,0.585,2989,0.5851,25355
1753592142687,04:55:42.687,mexc,ACE/USDT:USDT,0.5849,3286,0.5848,19574,0.585,2989,0.5851,25355
1753592143005,04:55:43.005,mexc,ACE/USDT:USDT,0.5849,3286,0.5848,19574,0.585,2989,0.5851,28956
1753592143406,04:55:43.406,mexc,ACE/USDT:USDT,0.5849,3286,0.5848,19574,0.585,2989,0.5851,28956
1753592143505,04:55:43.505,mexc,ACE/USDT:USDT,0.5849,3286,0.5848,23815,0.585,2989,0.5851,19757
1753592143906,04:55:43.906,mexc,ACE/USDT:USDT,0.5849,3286,0.5848,23815,0.585,2989,0.5851,19757
1753592144039,04:55:44.039,mexc,ACE/USDT:USDT,0.5849,3286,0.5848,30306,0.585,2989,0.5851,19757
1753592144293,04:55:44.293,mexc,ACE/USDT:USDT,0.5849,4129,0.5848,16051,0.585,9506,0.5851,3201
1753592144504,04:55:44.504,mexc,ACE/USDT:USDT,0.5849,4129,0.5848,16051,0.585,9506,0.5851,4614
1753592144911,04:55:44.911,mexc,ACE/USDT:USDT,0.5849,4129,0.5848,16051,0.585,9506,0.5851,3201
1753592145005,04:55:45.005,mexc,ACE/USDT:USDT,0.5849,4129,0.5848,16051,0.585,9506,0.5851,3201
1753592145406,04:55:45.406,mexc,ACE/USDT:USDT,0.5849,4129,0.5848,16051,0.585,9506,0.5851,3201
1753592145506,04:55:45.506,mexc,ACE/USDT:USDT,0.5849,4129,0.5848,19865,0.585,9506,0.5851,4069
1753592145908,04:55:45.908,mexc,ACE/USDT:USDT,0.5849,4129,0.5848,19865,0.585,9506,0.5851,3201
1753592146006,04:55:46.006,mexc,ACE/USDT:USDT,0.5849,4129,0.5848,16051,0.585,9506,0.5851,4663
1753592146407,04:55:46.407,mexc,ACE/USDT:USDT,0.5849,4129,0.5848,16051,0.585,9506,0.5851,4663
1753592146506,04:55:46.506,mexc,ACE/USDT:USDT,0.5849,4129,0.5848,22936,0.585,9506,0.5851,3201
1753592146909,04:55:46.909,mexc,ACE/USDT:USDT,0.5849,4129,0.5848,16051,0.585,9506,0.5851,3201
1753592147099,04:55:47.099,mexc,ACE/USDT:USDT,0.5849,4129,0.5848,16051,0.585,9506,0.5851,3201
1753592147412,04:55:47.412,mexc,ACE/USDT:USDT,0.5849,4129,0.5848,16051,0.585,9506,0.5851,3201
1753592147505,04:55:47.505,mexc,ACE/USDT:USDT,0.5849,4129,0.5848,16051,0.585,9506,0.5851,3201
1753592147908,04:55:47.908,mexc,ACE/USDT:USDT,0.5849,4129,0.5848,16051,0.585,9506,0.5851,3201
1753592148008,04:55:48.008,mexc,ACE/USDT:USDT,0.5849,4129,0.5848,18275,0.585,9506,0.5851,4405
1753592148409,04:55:48.409,mexc,ACE/USDT:USDT,0.5849,4129,0.5848,18275,0.585,9506,0.5851,4405
1753592148506,04:55:48.506,mexc,ACE/USDT:USDT,0.5849,4129,0.5848,16051,0.585,9506,0.5851,4022
1753592148684,04:55:48.684,mexc,ACE/USDT:USDT,0.5849,4129,0.5848,16051,0.585,9506,0.5851,4022
1753592149006,04:55:49.006,mexc,ACE/USDT:USDT,0.5849,4129,0.5848,19066,0.585,9506,0.5851,3201
1753592149409,04:55:49.409,mexc,ACE/USDT:USDT,0.5849,4129,0.5848,19066,0.585,9506,0.5851,3201
1753592149507,04:55:49.507,mexc,ACE/USDT:USDT,0.5849,4129,0.5848,18807,0.585,9506,0.5851,4262
1753592149908,04:55:49.908,mexc,ACE/USDT:USDT,0.5849,4129,0.5848,18807,0.585,9506,0.5851,4262
1753592150008,04:55:50.008,mexc,ACE/USDT:USDT,0.5849,4129,0.5848,16051,0.585,9506,0.5851,4184
1753592150296,04:55:50.296,mexc,ACE/USDT:USDT,0.5849,12727,0.5848,22194,0.585,9490,0.5851,3602
1753592150507,04:55:50.507,mexc,ACE/USDT:USDT,0.5849,12727,0.5848,22194,0.585,9490,0.5851,3602
1753592150909,04:55:50.909,mexc,ACE/USDT:USDT,0.5849,12727,0.5848,22194,0.585,9490,0.5851,3602
1753592151006,04:55:51.006,mexc,ACE/USDT:USDT,0.5849,12727,0.5848,28937,0.585,9490,0.5851,4975
1753592151409,04:55:51.409,mexc,ACE/USDT:USDT,0.5849,12727,0.5848,28937,0.585,9490,0.5851,4975
1753592151506,04:55:51.506,mexc,ACE/USDT:USDT,0.5849,12727,0.5848,30876,0.585,9490,0.5851,3602
1753592151911,04:55:51.911,mexc,ACE/USDT:USDT,0.5849,12727,0.5848,30876,0.585,9490,0.5851,3602
1753592152007,04:55:52.007,mexc,ACE/USDT:USDT,0.5849,12727,0.5848,29287,0.585,9490,0.5851,3602
1753592152408,04:55:52.408,mexc,ACE/USDT:USDT,0.5849,12727,0.5848,29287,0.585,9490,0.5851,3602
1753592152508,04:55:52.508,mexc,ACE/USDT:USDT,0.5849,12727,0.5848,22194,0.585,9490,0.5851,3602
1753592152912,04:55:52.912,mexc,ACE/USDT:USDT,0.5849,12727,0.5848,22194,0.585,9490,0.5851,3602
1753592153103,04:55:53.103,mexc,ACE/USDT:USDT,0.5849,12727,0.5848,28675,0.585,9490,0.5851,3602
1753592153408,04:55:53.408,mexc,ACE/USDT:USDT,0.5849,12727,0.5848,28675,0.585,9490,0.5851,3602
1753592153509,04:55:53.509,mexc,ACE/USDT:USDT,0.5849,12727,0.5848,26089,0.585,9490,0.5851,3602
1753592153909,04:55:53.909,mexc,ACE/USDT:USDT,0.5849,12727,0.5848,26089,0.585,9490,0.5851,3602
1753592154008,04:55:54.008,mexc,ACE/USDT:USDT,0.5849,12727,0.5848,25569,0.585,9490,0.5851,3602
1753592154410,04:55:54.410,mexc,ACE/USDT:USDT,0.5849,12727,0.5848,25569,0.585,9490,0.5851,3602
1753592154509,04:55:54.509,mexc,ACE/USDT:USDT,0.5849,12727,0.5848,31745,0.585,9490,0.5851,5101
1753592154686,04:55:54.686,mexc,ACE/USDT:USDT,0.5849,12727,0.5848,31745,0.585,9490,0.5851,5101
1753592155008,04:55:55.008,mexc,ACE/USDT:USDT,0.5849,12727,0.5848,22194,0.585,9490,0.5851,4723
1753592155410,04:55:55.410,mexc,ACE/USDT:USDT,0.5849,12727,0.5848,22194,0.585,9490,0.5851,3602
1753592155510,04:55:55.510,mexc,ACE/USDT:USDT,0.5849,12727,0.5848,33033,0.585,9490,0.5851,3602
1753592155912,04:55:55.912,mexc,ACE/USDT:USDT,0.5849,12727,0.5848,22194,0.585,9490,0.5851,3602
1753592156008,04:55:56.008,mexc,ACE/USDT:USDT,0.5849,12727,0.5848,32019,0.585,9490,0.5851,3602
1753592156301,04:55:56.301,mexc,ACE/USDT:USDT,0.585,3960,0.5849,4448,0.5851,4354,0.5852,2782
1753592156510,04:55:56.510,mexc,ACE/USDT:USDT,0.585,3960,0.5849,4933,0.5851,4354,0.5852,4221
1753592156964,04:55:56.964,mexc,ACE/USDT:USDT,0.585,3960,0.5849,4933,0.5851,4354,0.5852,3889
1753592157009,04:55:57.009,mexc,ACE/USDT:USDT,0.585,3960,0.5849,4448,0.5851,4354,0.5852,3768
1753592157410,04:55:57.410,mexc,ACE/USDT:USDT,0.585,3960,0.5849,4448,0.5851,4354,0.5852,3768
1753592157513,04:55:57.513,mexc,ACE/USDT:USDT,0.585,3960,0.5849,4448,0.5851,4354,0.5852,2782
1753592157912,04:55:57.912,mexc,ACE/USDT:USDT,0.585,3960,0.5849,4448,0.5851,4354,0.5852,2782
1753592158010,04:55:58.010,mexc,ACE/USDT:USDT,0.585,3960,0.5849,4448,0.5851,4354,0.5852,3556
1753592158411,04:55:58.411,mexc,ACE/USDT:USDT,0.585,3960,0.5849,4448,0.5851,4354,0.5852,3556
1753592158515,04:55:58.515,mexc,ACE/USDT:USDT,0.585,3960,0.5849,4448,0.5851,4354,0.5852,3899
1753592158911,04:55:58.911,mexc,ACE/USDT:USDT,0.585,3960,0.5849,4448,0.5851,4354,0.5852,3899
1753592159101,04:55:59.101,mexc,ACE/USDT:USDT,0.585,3960,0.5849,5400,0.5851,4354,0.5852,2782
1753592159111,04:55:59.111,mexc,ACE/USDT:USDT,0.585,3960,0.5849,5400,0.5851,4354,0.5852,2782
1753592159511,04:55:59.511,mexc,ACE/USDT:USDT,0.585,3960,0.5849,4448,0.5851,4354,0.5852,2782
1753592159511,04:55:59.511,mexc,ACE/USDT:USDT,0.585,3960,0.5849,4448,0.5851,4354,0.5852,2782
1753592159913,04:55:59.913,mexc,ACE/USDT:USDT,0.585,3960,0.5849,4448,0.5851,4354,0.5852,2782
1753592160012,04:56:00.012,mexc,ACE/USDT:USDT,0.585,3960,0.5849,4448,0.5851,4354,0.5852,2782
1753592160414,04:56:00.414,mexc,ACE/USDT:USDT,0.585,3960,0.5849,4448,0.5851,4354,0.5852,2782
1753592160512,04:56:00.512,mexc,ACE/USDT:USDT,0.585,3960,0.5849,6666,0.5851,4354,0.5852,3423
1753592160688,04:56:00.688,mexc,ACE/USDT:USDT,0.585,3960,0.5849,6666,0.5851,4354,0.5852,3423
1753592161012,04:56:01.012,mexc,ACE/USDT:USDT,0.585,3960,0.5849,5246,0.5851,4354,0.5852,2782
1753592161414,04:56:01.414,mexc,ACE/USDT:USDT,0.585,3960,0.5849,4448,0.5851,4354,0.5852,2782
1753592161513,04:56:01.513,mexc,ACE/USDT:USDT,0.585,3960,0.5849,6600,0.5851,4354,0.5852,2782
1753592161914,04:56:01.914,mexc,ACE/USDT:USDT,0.585,3960,0.5849,6600,0.5851,4354,0.5852,2782
1753592162050,04:56:02.050,mexc,ACE/USDT:USDT,0.5854,8309,0.5853,21781,0.5855,30306,0.5856,104197
