timestamp,time,exchange,symbol,bid1_price,bid1_volume,bid2_price,bid2_volume,ask1_price,ask1_volume,ask2_price,ask2_volume
1753591894462,04:51:34.462,phemex,AAVE/USDT:USDT,296.46,0.4,296.44,0.8,296.52,0.4,296.53,1.0
1753591898628,04:51:38.628,phemex,AAVE/USDT:USDT,296.46,0.4,296.44,0.8,296.52,0.4,296.53,1.0
1753591898664,04:51:38.664,phemex,AAVE/USDT:USDT,296.46,0.4,296.44,0.8,296.52,0.4,296.53,1.0
1753591899263,04:51:39.263,phemex,AAVE/USDT:USDT,296.46,0.4,296.44,0.8,296.52,0.4,296.53,1.0
1753591899290,04:51:39.290,phemex,AAVE/USDT:USDT,296.46,0.4,296.44,0.8,296.52,0.4,296.53,1.0
1753591899549,04:51:39.549,phemex,AAVE/USDT:USDT,296.46,0.4,296.44,0.8,296.52,0.4,296.53,1.0
1753591899574,04:51:39.574,phemex,AAVE/USDT:USDT,296.46,0.4,296.44,0.8,296.53,1.0,296.54,3.8
1753591899733,04:51:39.733,phemex,AAVE/USDT:USDT,296.46,0.4,296.44,0.8,296.58,0.4,296.6,4.2
1753591899928,04:51:39.928,phemex,AAVE/USDT:USDT,296.46,0.4,296.44,0.8,296.58,0.4,296.6,4.2
1753591900002,04:51:40.002,phemex,AAVE/USDT:USDT,296.46,0.4,296.44,0.8,296.58,0.4,296.6,4.2
1753591900086,04:51:40.086,phemex,AAVE/USDT:USDT,296.46,0.4,296.44,0.8,296.58,0.4,296.6,4.2
1753591900291,04:51:40.291,phemex,AAVE/USDT:USDT,296.46,0.4,296.44,0.8,296.6,4.2,296.61,0.4
1753591900394,04:51:40.394,phemex,AAVE/USDT:USDT,296.46,0.4,296.44,0.8,296.58,0.4,296.6,4.2
1753591900478,04:51:40.478,phemex,AAVE/USDT:USDT,296.46,0.4,296.44,0.8,296.58,0.4,296.6,4.2
1753591900501,04:51:40.501,phemex,AAVE/USDT:USDT,296.46,0.4,296.44,0.8,296.58,0.4,296.6,4.2
1753591900521,04:51:40.521,phemex,AAVE/USDT:USDT,296.46,0.4,296.44,0.8,296.6,4.2,296.61,0.4
1753591900551,04:51:40.551,phemex,AAVE/USDT:USDT,296.46,0.4,296.44,0.8,296.59,0.4,296.6,4.2
1753591900654,04:51:40.654,phemex,AAVE/USDT:USDT,296.46,0.4,296.44,0.8,296.59,0.4,296.6,4.2
1753591900977,04:51:40.977,phemex,AAVE/USDT:USDT,296.46,0.4,296.44,0.8,296.59,0.4,296.6,4.2
1753591901140,04:51:41.140,phemex,AAVE/USDT:USDT,296.46,0.4,296.44,0.8,296.59,0.4,296.6,4.2
1753591901179,04:51:41.179,phemex,AAVE/USDT:USDT,296.46,0.4,296.44,0.8,296.59,0.4,296.6,4.2
1753591901218,04:51:41.218,phemex,AAVE/USDT:USDT,296.46,0.4,296.44,0.8,296.59,0.4,296.6,4.2
1753591903621,04:51:43.621,phemex,AAVE/USDT:USDT,296.46,0.4,296.44,0.8,296.59,0.4,296.6,4.2
1753591903801,04:51:43.801,phemex,AAVE/USDT:USDT,296.46,0.4,296.44,0.8,296.59,0.4,296.6,4.2
1753591903839,04:51:43.839,phemex,AAVE/USDT:USDT,296.46,0.4,296.44,0.8,296.59,0.4,296.6,4.2
1753591903958,04:51:43.958,phemex,AAVE/USDT:USDT,296.46,0.4,296.44,0.8,296.64,0.4,296.67,1.8
1753591903979,04:51:43.979,phemex,AAVE/USDT:USDT,296.46,0.4,296.44,0.8,296.64,0.4,296.67,0.4
1753591904016,04:51:44.016,phemex,AAVE/USDT:USDT,296.46,0.4,296.44,0.8,296.67,0.4,296.68,4.3
1753591904062,04:51:44.062,phemex,AAVE/USDT:USDT,296.46,0.4,296.44,0.8,296.67,0.4,296.68,4.3
1753591904095,04:51:44.095,phemex,AAVE/USDT:USDT,296.46,0.4,296.44,0.8,296.67,0.4,296.68,4.3
1753591904220,04:51:44.220,phemex,AAVE/USDT:USDT,296.46,0.4,296.44,0.8,296.67,0.4,296.68,4.3
1753591904264,04:51:44.264,phemex,AAVE/USDT:USDT,296.46,0.4,296.44,0.8,296.67,0.4,296.68,4.3
1753591904832,04:51:44.832,phemex,AAVE/USDT:USDT,296.59,0.8,296.52,4.4,296.67,0.4,296.68,4.3
1753591904856,04:51:44.856,phemex,AAVE/USDT:USDT,296.59,0.8,296.56,0.4,296.67,0.4,296.68,4.3
1753591904914,04:51:44.914,phemex,AAVE/USDT:USDT,296.59,0.8,296.56,0.4,296.67,0.4,296.68,4.3
1753591905348,04:51:45.348,phemex,AAVE/USDT:USDT,296.59,0.8,296.56,0.4,296.67,0.4,296.68,4.3
1753591906777,04:51:46.777,phemex,AAVE/USDT:USDT,296.56,0.4,296.52,4.4,296.67,0.4,296.68,4.3
1753591906835,04:51:46.835,phemex,AAVE/USDT:USDT,296.56,0.4,296.52,4.4,296.62,0.2,296.67,0.4
1753591906870,04:51:46.870,phemex,AAVE/USDT:USDT,296.56,0.4,296.52,4.4,296.62,0.2,296.67,0.4
1753591907011,04:51:47.011,phemex,AAVE/USDT:USDT,296.56,0.4,296.52,4.4,296.61,0.4,296.62,0.2
1753591907016,04:51:47.016,phemex,AAVE/USDT:USDT,296.56,0.4,296.52,4.4,296.61,0.4,296.67,0.4
1753591907028,04:51:47.028,phemex,AAVE/USDT:USDT,296.56,0.4,296.52,4.4,296.61,0.4,296.67,0.4
1753591907082,04:51:47.082,phemex,AAVE/USDT:USDT,296.56,0.4,296.52,4.4,296.61,0.4,296.67,0.4
1753591907168,04:51:47.168,phemex,AAVE/USDT:USDT,296.56,0.4,296.52,4.4,296.67,0.4,296.68,4.3
1753591907198,04:51:47.198,phemex,AAVE/USDT:USDT,296.56,0.4,296.52,4.4,296.67,0.4,296.68,4.3
1753591907240,04:51:47.240,phemex,AAVE/USDT:USDT,296.56,0.4,296.52,4.4,296.67,0.4,296.68,4.3
1753591908289,04:51:48.289,phemex,AAVE/USDT:USDT,296.56,0.4,296.52,4.4,296.67,0.4,296.68,4.3
1753591908864,04:51:48.864,phemex,AAVE/USDT:USDT,296.56,0.4,296.52,4.4,296.67,0.4,296.68,4.3
1753591911257,04:51:51.257,phemex,AAVE/USDT:USDT,296.56,0.4,296.52,4.4,296.67,0.4,296.68,4.3
1753591911264,04:51:51.264,phemex,AAVE/USDT:USDT,296.56,0.4,296.52,4.4,296.67,0.4,296.68,4.3
1753591911735,04:51:51.735,phemex,AAVE/USDT:USDT,296.52,4.4,296.5,1.1,296.67,0.4,296.68,4.3
1753591911760,04:51:51.760,phemex,AAVE/USDT:USDT,296.52,4.4,296.5,1.1,296.58,0.2,296.67,0.4
1753591911782,04:51:51.782,phemex,AAVE/USDT:USDT,296.52,4.4,296.5,1.1,296.67,0.4,296.68,4.3
1753591911793,04:51:51.793,phemex,AAVE/USDT:USDT,296.53,0.4,296.52,4.4,296.67,1.8,296.68,4.3
1753591911809,04:51:51.809,phemex,AAVE/USDT:USDT,296.53,0.4,296.52,4.4,296.67,0.4,296.68,4.3
1753591911923,04:51:51.923,phemex,AAVE/USDT:USDT,296.52,4.4,296.5,1.1,296.56,0.4,296.67,0.4
1753591911966,04:51:51.966,phemex,AAVE/USDT:USDT,296.52,4.4,296.5,1.1,296.56,0.4,296.66,1.5
1753591911976,04:51:51.976,phemex,AAVE/USDT:USDT,296.52,4.4,296.5,1.1,296.56,0.4,296.66,1.5
1753591911996,04:51:51.996,phemex,AAVE/USDT:USDT,296.52,4.4,296.5,1.1,296.66,1.5,296.67,0.4
1753591912022,04:51:52.022,phemex,AAVE/USDT:USDT,296.52,4.4,296.5,1.1,296.67,0.4,296.68,4.3
1753591912047,04:51:52.047,phemex,AAVE/USDT:USDT,296.55,0.4,296.52,4.4,296.67,0.4,296.68,4.3
1753591912094,04:51:52.094,phemex,AAVE/USDT:USDT,296.55,0.4,296.52,4.4,296.62,0.6,296.67,0.4
1753591912118,04:51:52.118,phemex,AAVE/USDT:USDT,296.55,0.4,296.52,4.4,296.62,0.4,296.67,0.4
1753591912220,04:51:52.220,phemex,AAVE/USDT:USDT,296.55,0.4,296.52,4.4,296.67,0.4,296.68,4.3
1753591912239,04:51:52.239,phemex,AAVE/USDT:USDT,296.55,0.4,296.52,4.4,296.67,0.4,296.68,4.3
1753591912313,04:51:52.313,phemex,AAVE/USDT:USDT,296.55,0.4,296.52,4.4,296.67,0.4,296.68,4.3
1753591913655,04:51:53.655,phemex,AAVE/USDT:USDT,296.55,0.4,296.52,4.4,296.67,0.4,296.68,4.3
1753591913662,04:51:53.662,phemex,AAVE/USDT:USDT,296.55,0.4,296.52,4.4,296.67,0.4,296.68,4.3
1753591913755,04:51:53.755,phemex,AAVE/USDT:USDT,296.55,0.4,296.52,4.4,296.67,0.4,296.68,4.3
1753591914035,04:51:54.035,phemex,AAVE/USDT:USDT,296.55,0.4,296.52,4.4,296.67,0.4,296.68,4.3
1753591916967,04:51:56.967,phemex,AAVE/USDT:USDT,296.55,0.4,296.52,4.4,296.67,0.4,296.68,4.3
1753591917418,04:51:57.418,phemex,AAVE/USDT:USDT,296.6,1.1,296.55,0.4,296.67,0.4,296.68,4.3
1753591917437,04:51:57.437,phemex,AAVE/USDT:USDT,296.6,1.1,296.55,0.4,296.62,0.2,296.67,0.4
1753591917458,04:51:57.458,phemex,AAVE/USDT:USDT,296.6,1.1,296.55,0.4,296.62,0.2,296.67,0.4
1753591917481,04:51:57.481,phemex,AAVE/USDT:USDT,296.6,1.1,296.55,0.4,296.62,0.2,296.67,0.4
1753591917616,04:51:57.616,phemex,AAVE/USDT:USDT,296.6,1.1,296.55,0.4,296.62,0.6,296.67,0.4
1753591917620,04:51:57.620,phemex,AAVE/USDT:USDT,296.6,1.1,296.55,0.4,296.62,0.2,296.67,0.4
1753591917776,04:51:57.776,phemex,AAVE/USDT:USDT,296.6,1.1,296.55,0.4,296.62,0.2,296.67,0.4
1753591917927,04:51:57.927,phemex,AAVE/USDT:USDT,296.6,1.1,296.55,0.4,296.62,0.2,296.67,0.4
1753591918123,04:51:58.123,phemex,AAVE/USDT:USDT,296.6,1.1,296.55,0.4,296.62,0.2,296.67,0.4
1753591918265,04:51:58.265,phemex,AAVE/USDT:USDT,296.6,1.1,296.55,0.4,296.61,0.4,296.62,0.2
1753591918270,04:51:58.270,phemex,AAVE/USDT:USDT,296.6,1.1,296.55,0.4,296.61,0.4,296.67,0.4
1753591918328,04:51:58.328,phemex,AAVE/USDT:USDT,296.6,1.1,296.55,0.4,296.61,0.4,296.67,0.4
1753591918435,04:51:58.435,phemex,AAVE/USDT:USDT,296.6,1.1,296.55,0.4,296.67,0.4,296.68,4.3
1753591918478,04:51:58.478,phemex,AAVE/USDT:USDT,296.6,1.1,296.55,0.4,296.67,0.4,296.68,4.3
1753591918856,04:51:58.856,phemex,AAVE/USDT:USDT,296.6,1.1,296.55,0.4,296.67,0.4,296.68,4.3
1753591920398,04:52:00.398,phemex,AAVE/USDT:USDT,296.6,1.1,296.55,0.4,296.67,0.4,296.68,4.3
1753591921473,04:52:01.473,phemex,AAVE/USDT:USDT,296.6,1.1,296.55,0.4,296.67,0.4,296.68,4.3
1753591921489,04:52:01.489,phemex,AAVE/USDT:USDT,296.61,0.4,296.6,1.1,296.67,0.4,296.68,4.3
1753591921549,04:52:01.549,phemex,AAVE/USDT:USDT,296.61,0.4,296.6,1.1,296.67,0.4,296.7,4.6
1753591921674,04:52:01.674,phemex,AAVE/USDT:USDT,296.61,0.4,296.6,1.1,296.7,4.6,296.72,1.0
1753591921704,04:52:01.704,phemex,AAVE/USDT:USDT,296.61,0.4,296.6,1.1,296.7,4.6,296.72,1.0
1753591921749,04:52:01.749,phemex,AAVE/USDT:USDT,296.61,0.4,296.6,1.1,296.7,4.6,296.72,1.0
1753591921779,04:52:01.779,phemex,AAVE/USDT:USDT,296.61,0.4,296.6,1.1,296.7,4.2,296.72,1.0
1753591921822,04:52:01.822,phemex,AAVE/USDT:USDT,296.61,0.4,296.6,1.1,296.7,4.2,296.72,1.0
1753591921913,04:52:01.913,phemex,AAVE/USDT:USDT,296.61,0.4,296.6,1.1,296.69,0.4,296.7,4.2
1753591921935,04:52:01.935,phemex,AAVE/USDT:USDT,296.61,0.4,296.6,1.1,296.69,0.4,296.7,4.2
1753591921935,04:52:01.935,phemex,AAVE/USDT:USDT,296.61,0.4,296.6,1.1,296.69,0.4,296.7,4.2
1753591922103,04:52:02.103,phemex,AAVE/USDT:USDT,296.61,0.4,296.6,1.1,296.7,4.2,296.72,1.0
1753591922528,04:52:02.528,phemex,AAVE/USDT:USDT,296.63,5.6,296.62,6.7,296.64,0.2,296.69,0.4
1753591922564,04:52:02.564,phemex,AAVE/USDT:USDT,296.63,5.6,296.62,6.7,296.64,0.2,296.69,0.4
1753591922594,04:52:02.594,phemex,AAVE/USDT:USDT,296.63,5.6,296.62,6.7,296.64,0.2,296.69,0.4
1753591922636,04:52:02.636,phemex,AAVE/USDT:USDT,296.63,5.6,296.62,6.7,296.64,0.2,296.69,0.4
1753591922695,04:52:02.695,phemex,AAVE/USDT:USDT,296.63,5.6,296.62,6.7,296.64,0.2,296.65,0.4
1753591922721,04:52:02.721,phemex,AAVE/USDT:USDT,296.63,5.6,296.62,6.7,296.64,0.2,296.69,0.4
1753591922751,04:52:02.751,phemex,AAVE/USDT:USDT,296.63,5.6,296.62,6.7,296.64,0.2,296.69,0.4
1753591922776,04:52:02.776,phemex,AAVE/USDT:USDT,296.63,5.6,296.62,6.7,296.64,0.2,296.69,0.4
1753591922808,04:52:02.808,phemex,AAVE/USDT:USDT,296.63,5.6,296.62,6.7,296.64,0.6,296.69,0.4
1753591922852,04:52:02.852,phemex,AAVE/USDT:USDT,296.63,5.6,296.62,6.7,296.64,0.6,296.69,0.4
1753591922892,04:52:02.892,phemex,AAVE/USDT:USDT,296.63,5.6,296.62,6.7,296.64,0.2,296.69,0.4
1753591922933,04:52:02.933,phemex,AAVE/USDT:USDT,296.63,5.6,296.62,6.7,296.69,0.4,296.7,4.2
1753591922947,04:52:02.947,phemex,AAVE/USDT:USDT,296.63,5.6,296.62,6.7,296.69,0.4,296.7,4.2
1753591922994,04:52:02.994,phemex,AAVE/USDT:USDT,296.63,5.6,296.62,6.7,296.69,0.4,296.7,4.2
1753591923012,04:52:03.012,phemex,AAVE/USDT:USDT,296.63,5.6,296.62,6.7,296.69,0.4,296.7,4.2
1753591923262,04:52:03.262,phemex,AAVE/USDT:USDT,296.63,5.6,296.62,6.7,296.69,0.4,296.7,4.2
1753591923282,04:52:03.282,phemex,AAVE/USDT:USDT,296.63,5.6,296.62,6.7,296.69,0.4,296.7,4.2
1753591923348,04:52:03.348,phemex,AAVE/USDT:USDT,296.63,5.6,296.62,6.7,296.69,0.4,296.7,4.2
1753591923397,04:52:03.397,phemex,AAVE/USDT:USDT,296.63,5.6,296.62,6.7,296.69,0.4,296.7,4.2
1753591924113,04:52:04.113,phemex,AAVE/USDT:USDT,296.64,0.4,296.63,5.6,296.69,0.4,296.7,4.2
1753591924182,04:52:04.182,phemex,AAVE/USDT:USDT,296.64,0.4,296.63,5.6,296.69,0.4,296.7,4.2
1753591925317,04:52:05.317,phemex,AAVE/USDT:USDT,296.64,0.4,296.63,5.6,296.69,0.4,296.7,4.2
1753591925518,04:52:05.518,phemex,AAVE/USDT:USDT,296.64,0.4,296.63,5.6,296.7,4.2,296.72,1.0
1753591925545,04:52:05.545,phemex,AAVE/USDT:USDT,296.64,0.4,296.63,5.6,296.7,4.2,296.72,1.0
1753591925763,04:52:05.763,phemex,AAVE/USDT:USDT,296.64,0.4,296.63,5.6,296.72,1.0,296.73,1.4
1753591925835,04:52:05.835,phemex,AAVE/USDT:USDT,296.64,0.4,296.63,5.6,296.71,0.4,296.72,1.0
1753591925930,04:52:05.930,phemex,AAVE/USDT:USDT,296.64,0.4,296.63,5.6,296.71,0.4,296.72,1.0
1753591926159,04:52:06.159,phemex,AAVE/USDT:USDT,296.63,5.6,296.62,6.7,296.71,0.4,296.72,1.0
1753591926192,04:52:06.192,phemex,AAVE/USDT:USDT,296.63,5.6,296.62,6.7,296.65,0.2,296.71,0.4
1753591926233,04:52:06.233,phemex,AAVE/USDT:USDT,296.63,5.6,296.62,6.7,296.65,0.2,296.71,0.4
1753591926304,04:52:06.304,phemex,AAVE/USDT:USDT,296.63,5.6,296.62,6.7,296.71,0.4,296.72,1.0
1753591926355,04:52:06.355,phemex,AAVE/USDT:USDT,296.63,5.6,296.62,6.7,296.71,0.4,296.72,1.0
1753591926384,04:52:06.384,phemex,AAVE/USDT:USDT,296.64,0.4,296.63,5.6,296.71,0.4,296.72,1.0
1753591926415,04:52:06.415,phemex,AAVE/USDT:USDT,296.64,0.4,296.63,5.6,296.67,0.2,296.71,0.4
1753591926436,04:52:06.436,phemex,AAVE/USDT:USDT,296.64,0.4,296.63,5.6,296.67,0.2,296.71,0.4
1753591926514,04:52:06.514,phemex,AAVE/USDT:USDT,296.64,0.4,296.63,5.6,296.67,0.2,296.71,0.4
1753591926745,04:52:06.745,phemex,AAVE/USDT:USDT,296.64,0.4,296.63,5.6,296.71,0.4,296.72,1.0
1753591926781,04:52:06.781,phemex,AAVE/USDT:USDT,296.64,0.4,296.63,5.6,296.71,0.4,296.72,1.0
1753591926992,04:52:06.992,phemex,AAVE/USDT:USDT,296.64,0.4,296.63,5.6,296.67,5.2,296.71,0.4
1753591927047,04:52:07.047,phemex,AAVE/USDT:USDT,296.64,0.4,296.63,5.6,296.67,5.2,296.71,0.4
1753591927562,04:52:07.562,phemex,AAVE/USDT:USDT,296.64,0.4,296.63,5.6,296.67,5.2,296.71,0.4
1753591928081,04:52:08.081,phemex,AAVE/USDT:USDT,296.64,0.4,296.63,5.6,296.67,5.2,296.71,0.4
1753591928107,04:52:08.107,phemex,AAVE/USDT:USDT,296.64,0.4,296.63,5.6,296.67,5.2,296.71,0.4
1753591928225,04:52:08.225,phemex,AAVE/USDT:USDT,296.64,0.4,296.63,5.6,296.67,5.2,296.71,0.4
1753591928261,04:52:08.261,phemex,AAVE/USDT:USDT,296.64,0.4,296.63,5.6,296.67,5.2,296.71,0.4
1753591928659,04:52:08.659,phemex,AAVE/USDT:USDT,296.64,0.4,296.63,5.6,296.67,5.2,296.71,0.4
1753591929040,04:52:09.040,phemex,AAVE/USDT:USDT,296.64,0.4,296.63,5.6,296.71,0.4,296.72,5.1
1753591929052,04:52:09.052,phemex,AAVE/USDT:USDT,296.64,0.4,296.63,5.6,296.71,0.4,296.72,5.1
1753591929079,04:52:09.079,phemex,AAVE/USDT:USDT,296.64,0.4,296.63,5.6,296.71,0.4,296.72,5.1
1753591929114,04:52:09.114,phemex,AAVE/USDT:USDT,296.64,0.4,296.63,5.6,296.71,0.4,296.72,5.1
1753591929773,04:52:09.773,phemex,AAVE/USDT:USDT,296.64,0.4,296.63,5.6,296.67,0.2,296.71,0.4
1753591929787,04:52:09.787,phemex,AAVE/USDT:USDT,296.64,0.4,296.63,5.6,296.67,0.2,296.71,0.4
1753591929804,04:52:09.804,phemex,AAVE/USDT:USDT,296.64,0.4,296.63,5.6,296.67,0.2,296.71,0.4
1753591929916,04:52:09.916,phemex,AAVE/USDT:USDT,296.64,0.4,296.63,5.6,296.71,0.4,296.72,5.1
1753591929969,04:52:09.969,phemex,AAVE/USDT:USDT,296.64,0.4,296.63,5.6,296.71,0.4,296.72,5.1
1753591930743,04:52:10.743,phemex,AAVE/USDT:USDT,296.64,0.4,296.63,5.6,296.71,0.4,296.72,5.1
1753591930765,04:52:10.765,phemex,AAVE/USDT:USDT,296.64,0.4,296.63,5.6,296.71,0.4,296.72,5.1
1753591931136,04:52:11.136,phemex,AAVE/USDT:USDT,296.64,0.4,296.63,5.6,296.72,5.1,296.73,1.0
1753591931249,04:52:11.249,phemex,AAVE/USDT:USDT,296.64,0.4,296.63,5.6,296.71,0.4,296.72,5.1
1753591932013,04:52:12.013,phemex,AAVE/USDT:USDT,296.64,0.4,296.63,5.6,296.71,0.4,296.72,5.1
1753591932022,04:52:12.022,phemex,AAVE/USDT:USDT,296.64,0.4,296.63,5.6,296.7,1.7,296.71,0.4
1753591932115,04:52:12.115,phemex,AAVE/USDT:USDT,296.64,0.4,296.63,5.6,296.69,0.4,296.7,1.7
1753591932150,04:52:12.150,phemex,AAVE/USDT:USDT,296.64,0.4,296.63,5.6,296.68,0.2,296.69,0.4
1753591932257,04:52:12.257,phemex,AAVE/USDT:USDT,296.64,0.4,296.63,5.6,296.68,0.2,296.69,0.4
1753591932664,04:52:12.664,phemex,AAVE/USDT:USDT,296.64,0.4,296.63,5.6,296.7,1.7,296.71,0.4
1753591932675,04:52:12.675,phemex,AAVE/USDT:USDT,296.64,0.4,296.63,5.6,296.69,0.4,296.7,1.7
1753591932872,04:52:12.872,phemex,AAVE/USDT:USDT,296.64,0.4,296.63,5.6,296.69,0.4,296.7,1.7
1753591932895,04:52:12.895,phemex,AAVE/USDT:USDT,296.64,0.4,296.63,5.6,296.69,0.4,296.7,1.7
1753591932954,04:52:12.954,phemex,AAVE/USDT:USDT,296.64,0.4,296.63,5.6,296.69,0.4,296.7,1.7
1753591932963,04:52:12.963,phemex,AAVE/USDT:USDT,296.64,0.4,296.63,5.6,296.69,0.4,296.7,1.7
1753591933763,04:52:13.763,phemex,AAVE/USDT:USDT,296.64,0.4,296.63,5.6,296.7,1.7,296.72,5.1
1753591933791,04:52:13.791,phemex,AAVE/USDT:USDT,296.64,0.4,296.63,5.6,296.7,1.7,296.72,5.1
1753591933968,04:52:13.968,phemex,AAVE/USDT:USDT,296.64,0.4,296.63,5.6,296.7,1.7,296.72,5.1
1753591933992,04:52:13.992,phemex,AAVE/USDT:USDT,296.64,0.4,296.63,5.6,296.7,1.7,296.72,5.1
1753591934040,04:52:14.040,phemex,AAVE/USDT:USDT,296.64,0.4,296.63,5.6,296.7,1.7,296.72,5.1
1753591936839,04:52:16.839,phemex,AAVE/USDT:USDT,296.64,0.4,296.63,5.6,296.7,1.7,296.72,5.1
1753591937046,04:52:17.046,phemex,AAVE/USDT:USDT,296.64,0.4,296.63,5.6,296.7,1.7,296.72,5.1
1753591937099,04:52:17.099,phemex,AAVE/USDT:USDT,296.64,0.4,296.63,5.6,296.7,1.7,296.72,5.1
1753591937655,04:52:17.655,phemex,AAVE/USDT:USDT,296.64,0.4,296.63,5.6,296.7,1.7,296.72,5.1
1753591937669,04:52:17.669,phemex,AAVE/USDT:USDT,296.64,0.4,296.63,5.6,296.7,1.7,296.72,5.1
1753591937714,04:52:17.714,phemex,AAVE/USDT:USDT,296.64,0.4,296.63,5.6,296.7,1.7,296.72,5.1
1753591938011,04:52:18.011,phemex,AAVE/USDT:USDT,296.64,0.4,296.63,5.6,296.7,1.7,296.72,5.1
1753591938028,04:52:18.028,phemex,AAVE/USDT:USDT,296.64,0.4,296.63,5.6,296.7,1.7,296.72,5.1
1753591939798,04:52:19.798,phemex,AAVE/USDT:USDT,296.64,0.4,296.63,5.6,296.7,1.7,296.72,5.1
1753591939822,04:52:19.822,phemex,AAVE/USDT:USDT,296.64,0.4,296.63,5.6,296.7,1.7,296.72,5.1
1753591939971,04:52:19.971,phemex,AAVE/USDT:USDT,296.64,0.4,296.63,5.6,296.7,1.7,296.72,5.1
1753591940028,04:52:20.028,phemex,AAVE/USDT:USDT,296.64,0.4,296.63,5.6,296.7,1.7,296.72,5.1
1753591940068,04:52:20.068,phemex,AAVE/USDT:USDT,296.64,0.4,296.63,5.6,296.7,1.7,296.72,5.1
1753591940097,04:52:20.097,phemex,AAVE/USDT:USDT,296.64,0.4,296.63,5.6,296.7,1.7,296.72,5.1
1753591942456,04:52:22.456,phemex,AAVE/USDT:USDT,296.64,0.4,296.63,5.6,296.7,1.7,296.72,5.1
1753591942463,04:52:22.463,phemex,AAVE/USDT:USDT,296.64,0.4,296.63,5.6,296.7,1.7,296.72,5.1
1753591942688,04:52:22.688,phemex,AAVE/USDT:USDT,296.64,0.4,296.63,5.6,296.7,1.7,296.72,5.1
1753591942762,04:52:22.762,phemex,AAVE/USDT:USDT,296.64,0.4,296.63,5.6,296.7,1.7,296.72,5.1
1753591942832,04:52:22.832,phemex,AAVE/USDT:USDT,296.64,0.4,296.63,5.6,296.7,1.7,296.72,5.1
1753591942859,04:52:22.859,phemex,AAVE/USDT:USDT,296.64,0.4,296.63,5.6,296.7,1.7,296.72,5.1
1753591942901,04:52:22.901,phemex,AAVE/USDT:USDT,296.64,0.4,296.63,5.6,296.7,1.7,296.72,5.1
1753591942938,04:52:22.938,phemex,AAVE/USDT:USDT,296.64,0.4,296.63,5.6,296.7,1.7,296.72,5.1
1753591943202,04:52:23.202,phemex,AAVE/USDT:USDT,296.64,0.4,296.63,5.6,296.7,1.7,296.72,5.1
1753591943214,04:52:23.214,phemex,AAVE/USDT:USDT,296.64,0.4,296.63,5.6,296.7,1.7,296.72,5.1
1753591943236,04:52:23.236,phemex,AAVE/USDT:USDT,296.64,0.4,296.63,5.6,296.7,1.7,296.72,5.1
1753591943288,04:52:23.288,phemex,AAVE/USDT:USDT,296.64,0.4,296.63,5.6,296.7,1.7,296.73,4.1
1753591943317,04:52:23.317,phemex,AAVE/USDT:USDT,296.64,0.4,296.63,5.6,296.7,1.7,296.73,4.1
1753591943406,04:52:23.406,phemex,AAVE/USDT:USDT,296.64,0.4,296.63,5.6,296.7,1.7,296.73,4.1
1753591943431,04:52:23.431,phemex,AAVE/USDT:USDT,296.64,0.4,296.63,5.6,296.7,1.7,296.73,4.1
1753591943462,04:52:23.462,phemex,AAVE/USDT:USDT,296.64,0.4,296.63,5.6,296.7,1.7,296.73,4.1
1753591943500,04:52:23.500,phemex,AAVE/USDT:USDT,296.64,0.4,296.63,5.6,296.7,1.7,296.73,4.1
1753591943523,04:52:23.523,phemex,AAVE/USDT:USDT,296.64,0.4,296.63,5.6,296.7,1.7,296.73,4.1
1753591943552,04:52:23.552,phemex,AAVE/USDT:USDT,296.64,0.4,296.63,5.6,296.7,1.7,296.73,4.1
1753591943620,04:52:23.620,phemex,AAVE/USDT:USDT,296.64,0.4,296.63,5.6,296.7,1.7,296.73,4.1
1753591943642,04:52:23.642,phemex,AAVE/USDT:USDT,296.64,0.4,296.63,5.6,296.7,1.7,296.73,4.1
1753591944025,04:52:24.025,phemex,AAVE/USDT:USDT,296.64,0.4,296.63,5.6,296.7,1.7,296.73,4.1
1753591944074,04:52:24.074,phemex,AAVE/USDT:USDT,296.64,0.4,296.63,5.6,296.7,1.7,296.73,4.1
1753591944126,04:52:24.126,phemex,AAVE/USDT:USDT,296.64,0.4,296.63,5.6,296.7,1.7,296.73,4.1
1753591944333,04:52:24.333,phemex,AAVE/USDT:USDT,296.64,0.4,296.63,5.6,296.7,1.7,296.73,4.1
1753591944350,04:52:24.350,phemex,AAVE/USDT:USDT,296.64,0.4,296.63,5.6,296.7,1.7,296.73,4.1
1753591944649,04:52:24.649,phemex,AAVE/USDT:USDT,296.64,0.4,296.63,5.6,296.7,1.7,296.73,4.1
1753591944687,04:52:24.687,phemex,AAVE/USDT:USDT,296.64,0.4,296.63,5.6,296.74,0.7,296.76,0.4
1753591944724,04:52:24.724,phemex,AAVE/USDT:USDT,296.64,0.4,296.63,5.6,296.74,0.7,296.76,0.4
1753591944986,04:52:24.986,phemex,AAVE/USDT:USDT,296.64,2.5,296.63,5.6,296.74,0.7,296.76,0.4
1753591945089,04:52:25.089,phemex,AAVE/USDT:USDT,296.64,2.1,296.63,5.6,296.74,0.7,296.76,0.4
1753591945118,04:52:25.118,phemex,AAVE/USDT:USDT,296.66,0.4,296.64,2.1,296.74,0.7,296.76,0.4
1753591945235,04:52:25.235,phemex,AAVE/USDT:USDT,296.66,0.4,296.64,2.1,296.76,0.4,296.78,6.2
1753591945252,04:52:25.252,phemex,AAVE/USDT:USDT,296.66,0.4,296.64,2.1,296.78,7.0,296.79,0.4
1753591945291,04:52:25.291,phemex,AAVE/USDT:USDT,296.66,0.4,296.64,2.1,296.78,7.0,296.79,0.4
1753591945523,04:52:25.523,phemex,AAVE/USDT:USDT,296.66,0.4,296.64,2.1,296.78,7.0,296.82,0.4
1753591945554,04:52:25.554,phemex,AAVE/USDT:USDT,296.66,0.4,296.64,2.1,296.78,7.0,296.82,0.4
1753591945924,04:52:25.924,phemex,AAVE/USDT:USDT,296.66,0.4,296.64,2.1,296.77,0.4,296.78,7.0
1753591947257,04:52:27.257,phemex,AAVE/USDT:USDT,296.66,0.4,296.64,2.1,296.77,0.4,296.78,7.0
1753591947285,04:52:27.285,phemex,AAVE/USDT:USDT,296.66,0.4,296.64,2.1,296.77,0.4,296.78,7.0
1753591947327,04:52:27.327,phemex,AAVE/USDT:USDT,296.66,0.4,296.64,2.1,296.77,0.4,296.78,7.0
1753591947433,04:52:27.433,phemex,AAVE/USDT:USDT,296.66,0.4,296.64,2.1,296.77,0.4,296.78,7.0
1753591947548,04:52:27.548,phemex,AAVE/USDT:USDT,296.66,0.4,296.64,2.1,296.77,0.4,296.78,7.0
1753591947814,04:52:27.814,phemex,AAVE/USDT:USDT,296.66,0.4,296.63,5.6,296.77,0.4,296.78,7.0
1753591947837,04:52:27.837,phemex,AAVE/USDT:USDT,296.66,0.4,296.63,5.6,296.77,0.4,296.78,7.0
1753591947899,04:52:27.899,phemex,AAVE/USDT:USDT,296.66,0.4,296.63,5.6,296.77,0.4,296.78,7.0
1753591947899,04:52:27.899,phemex,AAVE/USDT:USDT,296.66,0.4,296.63,5.6,296.77,0.4,296.78,7.0
1753591948414,04:52:28.414,phemex,AAVE/USDT:USDT,296.66,0.4,296.63,5.6,296.77,0.4,296.78,7.0
1753591948424,04:52:28.424,phemex,AAVE/USDT:USDT,296.66,0.4,296.63,5.6,296.77,0.4,296.78,7.0
1753591948573,04:52:28.573,phemex,AAVE/USDT:USDT,296.66,0.4,296.63,5.6,296.77,0.4,296.78,7.0
1753591948657,04:52:28.657,phemex,AAVE/USDT:USDT,296.66,0.4,296.63,5.6,296.77,0.4,296.78,7.0
1753591948693,04:52:28.693,phemex,AAVE/USDT:USDT,296.66,0.4,296.63,5.6,296.77,0.4,296.78,7.0
1753591949581,04:52:29.581,phemex,AAVE/USDT:USDT,296.7,0.9,296.66,0.4,296.77,0.4,296.78,7.0
1753591949621,04:52:29.621,phemex,AAVE/USDT:USDT,296.71,0.4,296.7,0.9,296.77,0.4,296.78,7.0
1753591949979,04:52:29.979,phemex,AAVE/USDT:USDT,296.7,0.9,296.66,0.4,296.74,0.2,296.76,0.2
1753591949981,04:52:29.981,phemex,AAVE/USDT:USDT,296.7,0.9,296.66,0.4,296.72,0.2,296.74,0.2
1753591950030,04:52:30.030,phemex,AAVE/USDT:USDT,296.7,0.9,296.66,0.4,296.74,0.2,296.77,0.4
1753591950068,04:52:30.068,phemex,AAVE/USDT:USDT,296.7,0.9,296.66,0.4,296.77,0.4,296.78,7.0
1753591950116,04:52:30.116,phemex,AAVE/USDT:USDT,296.7,0.9,296.66,0.4,296.77,0.4,296.78,7.0
1753591950140,04:52:30.140,phemex,AAVE/USDT:USDT,296.7,0.9,296.66,0.4,296.72,0.4,296.73,0.4
1753591950190,04:52:30.190,phemex,AAVE/USDT:USDT,296.7,0.9,296.66,0.4,296.72,0.4,296.73,0.4
1753591950283,04:52:30.283,phemex,AAVE/USDT:USDT,296.7,0.9,296.66,0.4,296.77,0.4,296.78,7.0
1753591950314,04:52:30.314,phemex,AAVE/USDT:USDT,296.7,0.9,296.66,0.4,296.77,0.4,296.78,7.0
1753591950336,04:52:30.336,phemex,AAVE/USDT:USDT,296.7,0.9,296.66,0.4,296.77,0.4,296.78,7.0
1753591950380,04:52:30.380,phemex,AAVE/USDT:USDT,296.7,0.9,296.66,0.4,296.77,0.4,296.78,7.0
1753591950393,04:52:30.393,phemex,AAVE/USDT:USDT,296.71,0.4,296.7,0.9,296.77,0.4,296.78,7.0
1753591951100,04:52:31.100,phemex,AAVE/USDT:USDT,296.71,0.4,296.7,0.9,296.78,7.0,296.82,0.4
1753591951276,04:52:31.276,phemex,AAVE/USDT:USDT,296.71,0.4,296.7,0.9,296.78,7.0,296.82,0.4
1753591951289,04:52:31.289,phemex,AAVE/USDT:USDT,296.71,0.4,296.7,0.9,296.77,0.4,296.78,7.0
1753591951330,04:52:31.330,phemex,AAVE/USDT:USDT,296.71,0.4,296.7,0.9,296.77,0.4,296.78,7.0
1753591951421,04:52:31.421,phemex,AAVE/USDT:USDT,296.7,0.9,296.66,0.4,296.77,0.4,296.78,7.0
1753591951531,04:52:31.531,phemex,AAVE/USDT:USDT,296.7,0.9,296.66,0.4,296.77,0.4,296.78,7.0
1753591951561,04:52:31.561,phemex,AAVE/USDT:USDT,296.7,0.9,296.66,0.4,296.77,0.4,296.78,7.0
1753591951646,04:52:31.646,phemex,AAVE/USDT:USDT,296.7,0.9,296.66,0.4,296.77,0.4,296.78,7.0
1753591951803,04:52:31.803,phemex,AAVE/USDT:USDT,296.7,0.9,296.66,0.4,296.77,0.4,296.78,7.0
1753591951803,04:52:31.803,phemex,AAVE/USDT:USDT,296.7,0.9,296.66,0.4,296.77,0.4,296.78,7.0
1753591951884,04:52:31.884,phemex,AAVE/USDT:USDT,296.7,0.9,296.66,0.4,296.77,0.4,296.78,7.0
1753591951911,04:52:31.911,phemex,AAVE/USDT:USDT,296.7,0.9,296.66,0.4,296.77,0.4,296.78,7.0
1753591951990,04:52:31.990,phemex,AAVE/USDT:USDT,296.71,0.4,296.7,0.9,296.77,0.4,296.78,7.0
1753591952072,04:52:32.072,phemex,AAVE/USDT:USDT,296.71,0.4,296.7,0.9,296.77,0.4,296.78,7.0
1753591952085,04:52:32.085,phemex,AAVE/USDT:USDT,296.71,0.4,296.7,0.9,296.77,0.4,296.78,7.0
1753591952663,04:52:32.663,phemex,AAVE/USDT:USDT,296.7,0.9,296.66,0.4,296.77,0.4,296.78,7.0
1753591952699,04:52:32.699,phemex,AAVE/USDT:USDT,296.7,0.9,296.66,0.4,296.77,0.4,296.78,7.0
1753591952901,04:52:32.901,phemex,AAVE/USDT:USDT,296.71,0.4,296.7,0.9,296.77,0.4,296.78,7.0
1753591953485,04:52:33.485,phemex,AAVE/USDT:USDT,296.7,0.9,296.66,0.4,296.77,0.4,296.78,7.0
1753591953548,04:52:33.548,phemex,AAVE/USDT:USDT,296.7,0.9,296.66,0.4,296.77,0.4,296.78,7.0
1753591953957,04:52:33.957,phemex,AAVE/USDT:USDT,296.7,0.9,296.66,0.4,296.77,0.4,296.78,7.0
1753591954013,04:52:34.013,phemex,AAVE/USDT:USDT,296.7,0.9,296.66,0.4,296.77,0.4,296.78,7.0
1753591955324,04:52:35.324,phemex,AAVE/USDT:USDT,296.7,0.9,296.66,0.4,296.73,0.2,296.76,0.2
1753591955372,04:52:35.372,phemex,AAVE/USDT:USDT,296.7,0.9,296.66,0.4,296.71,0.4,296.73,0.2
1753591955390,04:52:35.390,phemex,AAVE/USDT:USDT,296.7,0.9,296.63,5.6,296.71,0.6,296.77,0.4
1753591955405,04:52:35.405,phemex,AAVE/USDT:USDT,296.7,0.9,296.64,0.4,296.71,0.6,296.77,0.4
1753591955449,04:52:35.449,phemex,AAVE/USDT:USDT,296.7,0.9,296.64,0.4,296.71,0.6,296.77,0.4
1753591955783,04:52:35.783,phemex,AAVE/USDT:USDT,296.7,0.9,296.64,0.4,296.71,0.4,296.77,0.4
1753591955835,04:52:35.835,phemex,AAVE/USDT:USDT,296.7,0.9,296.64,0.4,296.77,0.4,296.78,7.0
1753591955925,04:52:35.925,phemex,AAVE/USDT:USDT,296.7,0.9,296.64,0.4,296.77,0.4,296.78,7.0
1753591956009,04:52:36.009,phemex,AAVE/USDT:USDT,296.7,0.9,296.64,0.4,296.77,0.4,296.78,7.0
1753591956855,04:52:36.855,phemex,AAVE/USDT:USDT,296.7,0.9,296.64,0.4,296.77,0.4,296.78,7.0
1753591956871,04:52:36.871,phemex,AAVE/USDT:USDT,296.7,0.9,296.64,0.4,296.77,0.4,296.78,7.0
1753591956942,04:52:36.942,phemex,AAVE/USDT:USDT,296.64,0.4,296.63,5.6,296.77,0.4,296.78,7.0
1753591959712,04:52:39.712,phemex,AAVE/USDT:USDT,296.64,0.4,296.63,5.6,296.77,0.4,296.78,7.0
1753591959850,04:52:39.850,phemex,AAVE/USDT:USDT,296.64,0.4,296.63,5.6,296.73,0.2,296.76,0.2
1753591959870,04:52:39.870,phemex,AAVE/USDT:USDT,296.64,0.4,296.63,5.6,296.67,0.2,296.69,0.2
1753591959890,04:52:39.890,phemex,AAVE/USDT:USDT,296.64,0.4,296.63,5.6,296.69,0.2,296.7,0.2
1753591959906,04:52:39.906,phemex,AAVE/USDT:USDT,296.64,0.4,296.63,5.6,296.71,0.2,296.73,0.2
1753591959924,04:52:39.924,phemex,AAVE/USDT:USDT,296.64,0.4,296.63,5.6,296.71,0.2,296.77,0.4
1753591959969,04:52:39.969,phemex,AAVE/USDT:USDT,296.64,0.4,296.63,5.6,296.71,0.2,296.77,0.4
1753591959997,04:52:39.997,phemex,AAVE/USDT:USDT,296.64,0.4,296.63,5.6,296.71,0.2,296.72,0.4
1753591960074,04:52:40.074,phemex,AAVE/USDT:USDT,296.64,0.4,296.63,5.6,296.72,0.4,296.77,0.4
1753591960142,04:52:40.142,phemex,AAVE/USDT:USDT,296.64,0.4,296.63,5.6,296.77,0.4,296.78,7.0
1753591960168,04:52:40.168,phemex,AAVE/USDT:USDT,296.64,0.4,296.63,5.6,296.77,0.4,296.78,7.0
1753591960226,04:52:40.226,phemex,AAVE/USDT:USDT,296.64,0.4,296.63,5.6,296.77,0.4,296.78,7.0
1753591961656,04:52:41.656,phemex,AAVE/USDT:USDT,296.64,0.4,296.63,5.6,296.77,0.4,296.78,7.0
1753591961665,04:52:41.665,phemex,AAVE/USDT:USDT,296.64,0.4,296.63,5.6,296.77,0.4,296.78,7.0
1753591961711,04:52:41.711,phemex,AAVE/USDT:USDT,296.64,0.4,296.63,5.6,296.77,0.4,296.78,7.0
1753591962019,04:52:42.019,phemex,AAVE/USDT:USDT,296.64,0.4,296.63,5.6,296.77,0.4,296.78,7.0
1753591962046,04:52:42.046,phemex,AAVE/USDT:USDT,296.64,0.4,296.63,5.6,296.77,0.4,296.78,7.0
1753591962440,04:52:42.440,phemex,AAVE/USDT:USDT,296.64,0.4,296.63,5.6,296.77,0.4,296.78,7.0
1753591962489,04:52:42.489,phemex,AAVE/USDT:USDT,296.64,0.4,296.63,5.6,296.77,0.4,296.78,7.0
1753591962638,04:52:42.638,phemex,AAVE/USDT:USDT,296.64,0.4,296.63,5.6,296.77,0.4,296.78,7.0
1753591965651,04:52:45.651,phemex,AAVE/USDT:USDT,296.64,0.4,296.63,5.6,296.77,0.4,296.78,7.0
1753591966459,04:52:46.459,phemex,AAVE/USDT:USDT,296.64,0.4,296.63,5.6,296.77,0.4,296.78,7.0
1753591966469,04:52:46.469,phemex,AAVE/USDT:USDT,296.64,0.4,296.63,5.6,296.77,0.4,296.78,7.0
1753591967204,04:52:47.204,phemex,AAVE/USDT:USDT,296.64,0.4,296.63,5.6,296.77,0.4,296.78,7.0
1753591967224,04:52:47.224,phemex,AAVE/USDT:USDT,296.64,0.4,296.63,5.6,296.77,0.4,296.78,7.0
1753591967406,04:52:47.406,phemex,AAVE/USDT:USDT,296.64,0.4,296.63,5.6,296.77,0.4,296.78,7.0
1753591968014,04:52:48.014,phemex,AAVE/USDT:USDT,296.64,0.4,296.63,5.6,296.77,0.4,296.78,7.0
1753591968048,04:52:48.048,phemex,AAVE/USDT:USDT,296.64,0.4,296.63,5.6,296.77,0.4,296.78,7.0
1753591968098,04:52:48.098,phemex,AAVE/USDT:USDT,296.64,0.4,296.63,5.6,296.78,7.0,296.82,0.4
1753591968249,04:52:48.249,phemex,AAVE/USDT:USDT,296.64,0.4,296.63,5.6,296.78,7.0,296.82,0.4
1753591968275,04:52:48.275,phemex,AAVE/USDT:USDT,296.64,0.4,296.63,5.6,296.78,7.0,296.82,0.4
1753591968379,04:52:48.379,phemex,AAVE/USDT:USDT,296.64,0.4,296.63,5.6,296.78,7.0,296.82,0.4
1753591968394,04:52:48.394,phemex,AAVE/USDT:USDT,296.64,0.4,296.63,5.6,296.78,7.0,296.82,0.4
1753591968616,04:52:48.616,phemex,AAVE/USDT:USDT,296.64,0.4,296.63,5.6,296.78,7.0,296.82,0.4
1753591969131,04:52:49.131,phemex,AAVE/USDT:USDT,296.64,0.4,296.63,5.6,296.77,0.4,296.78,7.0
1753591969580,04:52:49.580,phemex,AAVE/USDT:USDT,296.64,0.4,296.63,5.6,296.77,0.4,296.78,7.0
1753591969580,04:52:49.580,phemex,AAVE/USDT:USDT,296.64,0.4,296.63,5.6,296.77,0.4,296.78,7.0
1753591970595,04:52:50.595,phemex,AAVE/USDT:USDT,296.64,0.4,296.63,5.6,296.77,0.4,296.78,7.0
1753591971262,04:52:51.262,phemex,AAVE/USDT:USDT,296.64,0.4,296.63,5.6,296.77,0.4,296.78,7.0
1753591971947,04:52:51.947,phemex,AAVE/USDT:USDT,296.64,0.4,296.63,5.6,296.77,0.4,296.78,7.0
1753591971996,04:52:51.996,phemex,AAVE/USDT:USDT,296.64,0.4,296.63,5.6,296.77,0.4,296.78,7.0
1753591972137,04:52:52.137,phemex,AAVE/USDT:USDT,296.64,0.4,296.63,5.6,296.77,0.4,296.78,7.0
1753591972991,04:52:52.991,phemex,AAVE/USDT:USDT,296.64,0.4,296.63,5.6,296.78,7.0,296.82,0.4
1753591973029,04:52:53.029,phemex,AAVE/USDT:USDT,296.64,0.4,296.63,5.6,296.77,0.4,296.78,7.0
1753591974012,04:52:54.012,phemex,AAVE/USDT:USDT,296.64,0.4,296.63,5.6,296.77,0.4,296.78,7.0
1753591974043,04:52:54.043,phemex,AAVE/USDT:USDT,296.64,0.4,296.63,5.6,296.77,0.4,296.78,7.0
1753591974060,04:52:54.060,phemex,AAVE/USDT:USDT,296.64,0.4,296.63,5.6,296.77,0.4,296.78,7.0
1753591974679,04:52:54.679,phemex,AAVE/USDT:USDT,296.64,0.4,296.63,5.6,296.77,0.4,296.78,7.0
1753591974681,04:52:54.681,phemex,AAVE/USDT:USDT,296.64,0.4,296.63,5.6,296.77,0.4,296.78,7.0
1753591974730,04:52:54.730,phemex,AAVE/USDT:USDT,296.64,0.4,296.63,5.6,296.77,0.4,296.78,7.0
1753591974953,04:52:54.953,phemex,AAVE/USDT:USDT,296.64,0.4,296.63,5.6,296.77,0.4,296.78,7.0
1753591975036,04:52:55.036,phemex,AAVE/USDT:USDT,296.64,0.4,296.63,5.6,296.77,0.4,296.78,7.0
1753591976056,04:52:56.056,phemex,AAVE/USDT:USDT,296.64,0.4,296.63,5.6,296.77,0.4,296.78,7.0
1753591976064,04:52:56.064,phemex,AAVE/USDT:USDT,296.64,0.4,296.63,5.6,296.77,0.4,296.78,7.0
1753591976211,04:52:56.211,phemex,AAVE/USDT:USDT,296.64,0.4,296.63,5.6,296.77,0.4,296.78,7.0
1753591976801,04:52:56.801,phemex,AAVE/USDT:USDT,296.64,0.4,296.63,5.6,296.77,0.4,296.78,7.0
1753591976813,04:52:56.813,phemex,AAVE/USDT:USDT,296.64,0.4,296.63,5.6,296.77,0.4,296.78,7.0
1753591978480,04:52:58.480,phemex,AAVE/USDT:USDT,296.64,0.4,296.63,5.6,296.78,7.0,296.82,0.4
1753591978899,04:52:58.899,phemex,AAVE/USDT:USDT,296.64,0.4,296.63,5.6,296.78,7.0,296.82,0.4
1753591978899,04:52:58.899,phemex,AAVE/USDT:USDT,296.74,1.1,296.64,0.4,296.78,7.0,296.82,0.4
1753591978996,04:52:58.996,phemex,AAVE/USDT:USDT,296.75,0.4,296.74,1.1,296.78,7.0,296.82,0.4
1753591979139,04:52:59.139,phemex,AAVE/USDT:USDT,296.75,0.4,296.74,1.1,296.78,7.0,296.82,0.4
1753591979143,04:52:59.143,phemex,AAVE/USDT:USDT,296.75,0.4,296.74,1.1,296.78,7.0,296.82,0.4
1753591979268,04:52:59.268,phemex,AAVE/USDT:USDT,296.75,0.4,296.74,1.1,296.77,0.4,296.78,7.0
1753591979317,04:52:59.317,phemex,AAVE/USDT:USDT,296.74,1.1,296.64,0.4,296.77,0.4,296.78,7.0
1753591979351,04:52:59.351,phemex,AAVE/USDT:USDT,296.74,1.1,296.64,0.4,296.75,0.2,296.77,0.4
1753591979546,04:52:59.546,phemex,AAVE/USDT:USDT,296.75,0.4,296.74,1.1,296.78,7.0,296.82,0.4
1753591980028,04:53:00.028,phemex,AAVE/USDT:USDT,296.75,0.4,296.74,1.1,296.78,7.0,296.82,0.4
1753591980053,04:53:00.053,phemex,AAVE/USDT:USDT,296.75,0.4,296.74,1.1,296.78,7.0,296.82,0.4
1753591980083,04:53:00.083,phemex,AAVE/USDT:USDT,296.75,0.4,296.74,1.1,296.78,7.0,296.82,0.4
1753591980186,04:53:00.186,phemex,AAVE/USDT:USDT,296.75,0.4,296.74,1.1,296.78,7.0,296.82,0.4
1753591980234,04:53:00.234,phemex,AAVE/USDT:USDT,296.75,0.4,296.74,1.1,296.78,7.0,296.82,0.4
1753591980423,04:53:00.423,phemex,AAVE/USDT:USDT,296.75,0.4,296.74,1.1,296.78,7.0,296.82,0.4
1753591980678,04:53:00.678,phemex,AAVE/USDT:USDT,296.75,0.4,296.74,1.1,296.78,7.0,296.82,0.4
1753591980856,04:53:00.856,phemex,AAVE/USDT:USDT,296.75,0.4,296.74,1.1,296.78,7.0,296.82,0.4
1753591980869,04:53:00.869,phemex,AAVE/USDT:USDT,296.75,0.4,296.74,1.1,296.78,7.0,296.82,0.4
1753591980962,04:53:00.962,phemex,AAVE/USDT:USDT,296.75,0.4,296.74,1.1,296.78,7.0,296.82,0.4
1753591981239,04:53:01.239,phemex,AAVE/USDT:USDT,296.75,0.4,296.74,1.1,296.82,0.4,296.83,4.9
1753591981257,04:53:01.257,phemex,AAVE/USDT:USDT,296.75,0.4,296.74,1.1,296.82,0.4,296.83,4.9
1753591981274,04:53:01.274,phemex,AAVE/USDT:USDT,296.75,0.4,296.74,1.1,296.82,0.4,296.83,4.9
1753591981831,04:53:01.831,phemex,AAVE/USDT:USDT,296.74,1.1,296.64,0.4,296.79,0.6,296.8,0.2
1753591981845,04:53:01.845,phemex,AAVE/USDT:USDT,296.74,1.1,296.64,0.4,296.78,0.2,296.79,0.6
1753591981865,04:53:01.865,phemex,AAVE/USDT:USDT,296.74,1.1,296.64,0.4,296.77,0.4,296.78,0.2
1753591981885,04:53:01.885,phemex,AAVE/USDT:USDT,296.74,1.1,296.64,0.4,296.77,0.4,296.82,0.4
1753591981938,04:53:01.938,phemex,AAVE/USDT:USDT,296.74,1.1,296.64,0.4,296.77,0.4,296.82,0.4
1753591982001,04:53:02.001,phemex,AAVE/USDT:USDT,296.74,1.1,296.64,0.4,296.82,0.4,296.83,4.9
1753591982028,04:53:02.028,phemex,AAVE/USDT:USDT,296.74,1.1,296.64,0.4,296.82,0.4,296.83,4.9
1753591982047,04:53:02.047,phemex,AAVE/USDT:USDT,296.74,1.1,296.64,0.4,296.82,0.4,296.83,4.9
1753591982105,04:53:02.105,phemex,AAVE/USDT:USDT,296.74,1.1,296.64,0.4,296.82,0.4,296.83,4.9
1753591982110,04:53:02.110,phemex,AAVE/USDT:USDT,296.74,1.1,296.64,0.4,296.82,0.4,296.83,4.9
1753591982217,04:53:02.217,phemex,AAVE/USDT:USDT,296.74,1.1,296.64,0.4,296.82,0.4,296.83,4.9
1753591982499,04:53:02.499,phemex,AAVE/USDT:USDT,296.75,0.4,296.74,1.1,296.82,0.4,296.83,4.9
1753591982535,04:53:02.535,phemex,AAVE/USDT:USDT,296.75,0.4,296.74,1.1,296.81,0.2,296.82,0.4
1753591982576,04:53:02.576,phemex,AAVE/USDT:USDT,296.75,0.4,296.74,1.1,296.79,0.4,296.8,0.2
1753591982600,04:53:02.600,phemex,AAVE/USDT:USDT,296.74,1.1,296.64,0.4,296.79,0.4,296.81,0.2
1753591982628,04:53:02.628,phemex,AAVE/USDT:USDT,296.74,1.1,296.64,0.4,296.79,0.4,296.82,0.4
1753591982683,04:53:02.683,phemex,AAVE/USDT:USDT,296.74,1.1,296.64,0.4,296.79,0.4,296.82,0.4
1753591982706,04:53:02.706,phemex,AAVE/USDT:USDT,296.74,1.1,296.64,0.4,296.79,0.4,296.82,0.4
1753591982732,04:53:02.732,phemex,AAVE/USDT:USDT,296.74,1.1,296.64,0.4,296.82,0.4,296.83,4.9
1753591982803,04:53:02.803,phemex,AAVE/USDT:USDT,296.74,1.1,296.64,0.4,296.82,0.4,296.83,4.9
1753591984334,04:53:04.334,phemex,AAVE/USDT:USDT,296.74,1.1,296.73,0.6,296.82,0.4,296.83,4.9
1753591984345,04:53:04.345,phemex,AAVE/USDT:USDT,296.74,1.1,296.73,0.6,296.82,0.4,296.83,4.9
1753591984401,04:53:04.401,phemex,AAVE/USDT:USDT,296.74,1.1,296.73,0.6,296.82,0.4,296.83,4.9
1753591984484,04:53:04.484,phemex,AAVE/USDT:USDT,296.74,1.1,296.73,0.6,296.82,0.4,296.83,4.9
1753591984509,04:53:04.509,phemex,AAVE/USDT:USDT,296.74,1.1,296.73,0.6,296.82,0.4,296.83,4.9
1753591984641,04:53:04.641,phemex,AAVE/USDT:USDT,296.74,1.1,296.73,0.6,296.82,0.4,296.83,4.9
1753591984746,04:53:04.746,phemex,AAVE/USDT:USDT,296.74,1.1,296.73,0.6,296.82,0.4,296.83,4.9
1753591984923,04:53:04.923,phemex,AAVE/USDT:USDT,296.74,1.1,296.73,0.6,296.82,0.4,296.83,4.9
1753591984926,04:53:04.926,phemex,AAVE/USDT:USDT,296.74,1.1,296.73,0.6,296.82,0.4,296.83,4.9
1753591984949,04:53:04.949,phemex,AAVE/USDT:USDT,296.74,1.1,296.73,0.6,296.82,0.4,296.83,4.9
1753591985665,04:53:05.665,phemex,AAVE/USDT:USDT,296.74,1.1,296.73,0.6,296.82,0.4,296.83,4.9
1753591985681,04:53:05.681,phemex,AAVE/USDT:USDT,296.74,1.1,296.73,0.6,296.82,0.4,296.83,4.9
1753591985767,04:53:05.767,phemex,AAVE/USDT:USDT,296.74,1.1,296.73,0.6,296.82,0.4,296.83,4.9
1753591985802,04:53:05.802,phemex,AAVE/USDT:USDT,296.74,1.1,296.73,0.6,296.82,0.4,296.83,4.9
1753591985948,04:53:05.948,phemex,AAVE/USDT:USDT,296.74,1.1,296.73,0.6,296.82,0.4,296.83,4.9
1753591986024,04:53:06.024,phemex,AAVE/USDT:USDT,296.74,1.1,296.73,0.6,296.82,0.4,296.83,4.9
1753591986050,04:53:06.050,phemex,AAVE/USDT:USDT,296.74,1.1,296.73,0.6,296.82,0.4,296.83,4.9
1753591986084,04:53:06.084,phemex,AAVE/USDT:USDT,296.74,1.1,296.73,0.6,296.82,0.4,296.83,4.9
1753591986116,04:53:06.116,phemex,AAVE/USDT:USDT,296.74,1.1,296.73,0.6,296.82,0.4,296.83,4.9
1753591986167,04:53:06.167,phemex,AAVE/USDT:USDT,296.73,0.6,296.68,0.4,296.75,0.2,296.82,0.4
1753591986184,04:53:06.184,phemex,AAVE/USDT:USDT,296.73,0.6,296.68,0.4,296.74,0.2,296.75,0.2
1753591986204,04:53:06.204,phemex,AAVE/USDT:USDT,296.73,0.6,296.68,0.4,296.74,0.6,296.82,0.4
1753591986243,04:53:06.243,phemex,AAVE/USDT:USDT,296.73,0.6,296.68,0.4,296.74,0.6,296.82,1.9
1753591986254,04:53:06.254,phemex,AAVE/USDT:USDT,296.73,0.6,296.68,0.4,296.74,0.6,296.82,1.9
1753591986308,04:53:06.308,phemex,AAVE/USDT:USDT,296.73,0.6,296.7,1.1,296.74,0.6,296.82,1.9
1753591986786,04:53:06.786,phemex,AAVE/USDT:USDT,296.73,0.6,296.7,1.1,296.74,0.6,296.82,1.9
1753591987645,04:53:07.645,phemex,AAVE/USDT:USDT,296.73,0.6,296.7,1.1,296.74,0.4,296.82,1.9
1753591987691,04:53:07.691,phemex,AAVE/USDT:USDT,296.73,0.6,296.7,1.1,296.74,0.4,296.82,1.9
1753591990407,04:53:10.407,phemex,AAVE/USDT:USDT,296.7,1.1,296.67,4.0,296.74,0.4,296.82,1.9
1753591990465,04:53:10.465,phemex,AAVE/USDT:USDT,296.7,1.1,296.67,4.0,296.74,0.4,296.82,1.9
1753591990491,04:53:10.491,phemex,AAVE/USDT:USDT,296.7,1.1,296.67,4.0,296.74,0.4,296.82,1.9
1753591990825,04:53:10.825,phemex,AAVE/USDT:USDT,296.7,1.1,296.67,4.0,296.74,0.4,296.82,1.9
1753591990839,04:53:10.839,phemex,AAVE/USDT:USDT,296.7,1.1,296.67,4.0,296.74,0.4,296.82,1.9
1753591992048,04:53:12.048,phemex,AAVE/USDT:USDT,296.7,1.1,296.67,4.0,296.71,0.2,296.74,0.4
1753591992090,04:53:12.090,phemex,AAVE/USDT:USDT,296.7,1.1,296.67,4.0,296.71,0.2,296.74,0.4
1753591992133,04:53:12.133,phemex,AAVE/USDT:USDT,296.7,1.1,296.67,4.0,296.71,0.2,296.74,0.4
1753591992139,04:53:12.139,phemex,AAVE/USDT:USDT,296.7,1.1,296.66,3.9,296.71,0.2,296.74,0.4
1753591992210,04:53:12.210,phemex,AAVE/USDT:USDT,296.7,1.1,296.66,3.9,296.71,0.2,296.74,0.4
1753591992307,04:53:12.307,phemex,AAVE/USDT:USDT,296.7,1.1,296.66,3.9,296.71,0.2,296.74,0.4
1753591992365,04:53:12.365,phemex,AAVE/USDT:USDT,296.66,3.9,296.64,0.4,296.71,0.2,296.74,0.4
1753591992387,04:53:12.387,phemex,AAVE/USDT:USDT,296.66,3.9,296.61,1.4,296.71,0.2,296.74,0.4
1753591992395,04:53:12.395,phemex,AAVE/USDT:USDT,296.66,3.9,296.61,1.4,296.67,0.3,296.71,0.6
1753591992425,04:53:12.425,phemex,AAVE/USDT:USDT,296.66,3.9,296.61,1.4,296.67,0.3,296.71,0.6
1753591992436,04:53:12.436,phemex,AAVE/USDT:USDT,296.66,3.9,296.61,1.4,296.67,0.3,296.71,0.6
1753591992520,04:53:12.520,phemex,AAVE/USDT:USDT,296.66,3.9,296.61,1.4,296.67,0.3,296.71,0.4
1753591992636,04:53:12.636,phemex,AAVE/USDT:USDT,296.66,3.9,296.61,1.4,296.67,0.7,296.74,0.4
1753591992670,04:53:12.670,phemex,AAVE/USDT:USDT,296.66,3.9,296.61,1.4,296.67,0.7,296.74,0.4
1753591992713,04:53:12.713,phemex,AAVE/USDT:USDT,296.66,3.9,296.61,1.4,296.67,0.3,296.74,0.4
1753591992943,04:53:12.943,phemex,AAVE/USDT:USDT,296.66,3.9,296.61,1.4,296.67,0.7,296.74,0.4
1753591993052,04:53:13.052,phemex,AAVE/USDT:USDT,296.66,3.9,296.61,1.4,296.67,0.3,296.74,0.4
1753591993217,04:53:13.217,phemex,AAVE/USDT:USDT,296.66,3.9,296.61,1.4,296.67,0.3,296.74,0.4
1753591993392,04:53:13.392,phemex,AAVE/USDT:USDT,296.66,3.9,296.61,1.4,296.67,0.7,296.74,0.4
1753591993435,04:53:13.435,phemex,AAVE/USDT:USDT,296.66,3.9,296.61,1.4,296.67,0.3,296.74,0.4
1753591993548,04:53:13.548,phemex,AAVE/USDT:USDT,296.66,3.9,296.61,1.4,296.67,0.3,296.74,0.4
1753591993702,04:53:13.702,phemex,AAVE/USDT:USDT,296.66,3.9,296.61,1.4,296.67,0.3,296.74,0.4
1753591993949,04:53:13.949,phemex,AAVE/USDT:USDT,296.66,3.9,296.61,1.4,296.67,0.7,296.74,0.4
1753591993954,04:53:13.954,phemex,AAVE/USDT:USDT,296.66,3.9,296.61,1.4,296.67,0.3,296.74,0.4
1753591994139,04:53:14.139,phemex,AAVE/USDT:USDT,296.66,3.9,296.61,1.4,296.67,0.7,296.74,0.4
1753591994145,04:53:14.145,phemex,AAVE/USDT:USDT,296.66,3.9,296.61,1.4,296.67,0.3,296.74,0.4
1753591994300,04:53:14.300,phemex,AAVE/USDT:USDT,296.66,3.9,296.61,1.4,296.67,0.3,296.74,0.4
1753591994453,04:53:14.453,phemex,AAVE/USDT:USDT,296.66,3.9,296.61,1.4,296.67,0.3,296.74,0.4
1753591994610,04:53:14.610,phemex,AAVE/USDT:USDT,296.66,3.9,296.61,1.4,296.67,0.3,296.74,0.4
1753591994771,04:53:14.771,phemex,AAVE/USDT:USDT,296.66,3.9,296.61,1.4,296.67,0.3,296.74,0.4
1753591994843,04:53:14.843,phemex,AAVE/USDT:USDT,296.66,3.9,296.61,1.4,296.74,0.4,296.75,1.5
1753591994869,04:53:14.869,phemex,AAVE/USDT:USDT,296.66,3.9,296.61,1.4,296.74,0.4,296.82,0.4
1753591994907,04:53:14.907,phemex,AAVE/USDT:USDT,296.66,3.9,296.61,1.4,296.82,0.4,296.83,4.9
1753591994950,04:53:14.950,phemex,AAVE/USDT:USDT,296.66,3.9,296.61,1.4,296.82,0.4,296.83,4.9
1753591994991,04:53:14.991,phemex,AAVE/USDT:USDT,296.66,3.9,296.61,1.4,296.82,0.4,296.83,4.9
1753591995061,04:53:15.061,phemex,AAVE/USDT:USDT,296.61,1.4,296.6,5.9,296.82,0.4,296.83,4.9
1753591995070,04:53:15.070,phemex,AAVE/USDT:USDT,296.63,0.4,296.61,1.4,296.65,0.2,296.82,0.4
1753591995092,04:53:15.092,phemex,AAVE/USDT:USDT,296.63,0.4,296.61,1.0,296.65,0.2,296.82,0.4
1753591995115,04:53:15.115,phemex,AAVE/USDT:USDT,296.63,0.4,296.61,1.0,296.65,0.2,296.74,1.5
1753591995217,04:53:15.217,phemex,AAVE/USDT:USDT,296.63,0.4,296.61,1.0,296.65,0.2,296.74,1.5
1753591995257,04:53:15.257,phemex,AAVE/USDT:USDT,296.63,0.4,296.61,1.0,296.74,1.5,296.82,0.4
1753591995277,04:53:15.277,phemex,AAVE/USDT:USDT,296.63,0.4,296.61,1.0,296.72,0.4,296.82,1.9
1753591995328,04:53:15.328,phemex,AAVE/USDT:USDT,296.63,0.4,296.61,1.0,296.69,0.2,296.72,0.4
1753591995396,04:53:15.396,phemex,AAVE/USDT:USDT,296.63,0.4,296.61,1.0,296.69,0.2,296.72,0.4
1753591995433,04:53:15.433,phemex,AAVE/USDT:USDT,296.63,0.4,296.61,1.0,296.69,0.2,296.72,0.4
1753591995528,04:53:15.528,phemex,AAVE/USDT:USDT,296.63,0.4,296.61,1.0,296.69,0.2,296.72,0.4
1753591995592,04:53:15.592,phemex,AAVE/USDT:USDT,296.63,0.4,296.61,1.0,296.69,0.2,296.72,0.4
1753591995688,04:53:15.688,phemex,AAVE/USDT:USDT,296.63,0.4,296.61,1.0,296.69,0.2,296.72,0.4
1753591995844,04:53:15.844,phemex,AAVE/USDT:USDT,296.63,0.4,296.61,1.0,296.69,0.2,296.72,0.4
1753591995882,04:53:15.882,phemex,AAVE/USDT:USDT,296.63,0.4,296.61,1.0,296.69,0.2,296.72,0.4
1753591995973,04:53:15.973,phemex,AAVE/USDT:USDT,296.63,0.4,296.61,1.0,296.69,1.3,296.72,0.4
1753591995985,04:53:15.985,phemex,AAVE/USDT:USDT,296.63,0.4,296.61,1.0,296.69,1.3,296.72,0.4
1753591996568,04:53:16.568,phemex,AAVE/USDT:USDT,296.63,0.4,296.61,1.0,296.72,1.5,296.75,6.9
1753591996598,04:53:16.598,phemex,AAVE/USDT:USDT,296.63,0.4,296.61,1.0,296.72,1.5,296.75,6.9
1753591996657,04:53:16.657,phemex,AAVE/USDT:USDT,296.63,0.4,296.61,1.0,296.71,0.4,296.72,1.1
1753591997450,04:53:17.450,phemex,AAVE/USDT:USDT,296.63,0.4,296.61,1.0,296.71,0.4,296.72,1.1
1753591997647,04:53:17.647,phemex,AAVE/USDT:USDT,296.63,0.4,296.61,1.0,296.71,0.4,296.72,1.1
1753591998598,04:53:18.598,phemex,AAVE/USDT:USDT,296.63,0.4,296.61,1.0,296.71,0.4,296.72,1.1
1753591998626,04:53:18.626,phemex,AAVE/USDT:USDT,296.63,0.4,296.61,1.0,296.71,0.4,296.72,1.1
1753592000067,04:53:20.067,phemex,AAVE/USDT:USDT,296.63,0.4,296.61,1.0,296.71,0.4,296.72,1.1
1753592000644,04:53:20.644,phemex,AAVE/USDT:USDT,296.66,5.1,296.63,0.4,296.68,0.2,296.71,0.4
1753592001005,04:53:21.005,phemex,AAVE/USDT:USDT,296.67,0.4,296.66,5.1,296.72,1.1,296.74,0.4
1753592001036,04:53:21.036,phemex,AAVE/USDT:USDT,296.67,0.4,296.66,5.1,296.72,1.1,296.74,0.4
1753592001090,04:53:21.090,phemex,AAVE/USDT:USDT,296.67,0.4,296.66,5.1,296.72,1.1,296.74,0.4
1753592001538,04:53:21.538,phemex,AAVE/USDT:USDT,296.67,0.4,296.66,5.1,296.72,1.1,296.74,0.4
1753592001589,04:53:21.589,phemex,AAVE/USDT:USDT,296.67,0.4,296.66,5.1,296.72,1.1,296.75,6.9
1753592001647,04:53:21.647,phemex,AAVE/USDT:USDT,296.67,0.4,296.66,5.1,296.75,6.9,296.77,6.5
1753592001713,04:53:21.713,phemex,AAVE/USDT:USDT,296.67,0.4,296.66,5.1,296.74,0.4,296.75,6.9
1753592001821,04:53:21.821,phemex,AAVE/USDT:USDT,296.67,0.4,296.66,5.1,296.74,0.4,296.75,6.9
1753592003519,04:53:23.519,phemex,AAVE/USDT:USDT,296.67,0.4,296.66,5.1,296.75,6.9,296.77,6.5
1753592003542,04:53:23.542,phemex,AAVE/USDT:USDT,296.67,0.4,296.66,5.1,296.75,6.9,296.77,6.5
1753592003586,04:53:23.586,phemex,AAVE/USDT:USDT,296.67,0.4,296.66,5.1,296.75,6.9,296.77,6.5
1753592003696,04:53:23.696,phemex,AAVE/USDT:USDT,296.67,0.4,296.66,5.1,296.75,6.9,296.77,6.5
1753592004038,04:53:24.038,phemex,AAVE/USDT:USDT,296.67,0.4,296.66,5.1,296.75,6.9,296.77,6.5
1753592004306,04:53:24.306,phemex,AAVE/USDT:USDT,296.67,0.4,296.66,5.1,296.75,6.9,296.77,6.5
1753592004318,04:53:24.318,phemex,AAVE/USDT:USDT,296.67,0.4,296.66,5.1,296.75,6.9,296.77,6.5
1753592004357,04:53:24.357,phemex,AAVE/USDT:USDT,296.67,0.4,296.66,5.1,296.75,6.9,296.77,6.5
1753592004867,04:53:24.867,phemex,AAVE/USDT:USDT,296.67,0.4,296.66,5.1,296.75,6.9,296.77,6.5
1753592005354,04:53:25.354,phemex,AAVE/USDT:USDT,296.67,0.4,296.66,5.1,296.75,6.9,296.77,6.5
1753592005389,04:53:25.389,phemex,AAVE/USDT:USDT,296.67,0.4,296.66,5.1,296.75,6.9,296.77,6.5
1753592005601,04:53:25.601,phemex,AAVE/USDT:USDT,296.67,0.4,296.66,5.1,296.75,6.9,296.77,6.5
1753592005688,04:53:25.688,phemex,AAVE/USDT:USDT,296.67,0.4,296.66,5.1,296.74,0.4,296.75,6.9
1753592005741,04:53:25.741,phemex,AAVE/USDT:USDT,296.67,0.4,296.66,5.1,296.74,0.4,296.75,6.9
1753592005803,04:53:25.803,phemex,AAVE/USDT:USDT,296.67,0.4,296.66,5.1,296.74,0.4,296.75,6.9
1753592005881,04:53:25.881,phemex,AAVE/USDT:USDT,296.67,0.4,296.66,5.1,296.74,0.4,296.75,6.9
1753592005932,04:53:25.932,phemex,AAVE/USDT:USDT,296.67,0.4,296.66,5.1,296.74,0.4,296.75,6.9
1753592006036,04:53:26.036,phemex,AAVE/USDT:USDT,296.67,0.4,296.66,5.1,296.75,6.9,296.77,6.5
1753592006084,04:53:26.084,phemex,AAVE/USDT:USDT,296.67,0.4,296.66,5.1,296.75,6.9,296.77,6.5
1753592007223,04:53:27.223,phemex,AAVE/USDT:USDT,296.67,0.4,296.66,5.1,296.75,6.9,296.77,6.5
1753592007225,04:53:27.225,phemex,AAVE/USDT:USDT,296.67,0.4,296.66,5.1,296.75,6.9,296.77,6.5
1753592007245,04:53:27.245,phemex,AAVE/USDT:USDT,296.67,0.4,296.66,5.1,296.74,0.4,296.75,6.9
1753592007245,04:53:27.245,phemex,AAVE/USDT:USDT,296.67,0.4,296.66,5.1,296.74,0.4,296.75,6.9
1753592009261,04:53:29.261,phemex,AAVE/USDT:USDT,296.67,0.4,296.66,5.1,296.74,0.4,296.75,6.9
1753592009277,04:53:29.277,phemex,AAVE/USDT:USDT,296.67,0.4,296.66,5.1,296.74,0.4,296.75,6.9
1753592009319,04:53:29.319,phemex,AAVE/USDT:USDT,296.67,0.4,296.66,5.1,296.74,0.4,296.75,6.9
1753592009441,04:53:29.441,phemex,AAVE/USDT:USDT,296.67,0.4,296.66,5.1,296.74,0.4,296.75,6.9
1753592009666,04:53:29.666,phemex,AAVE/USDT:USDT,296.67,0.4,296.66,5.1,296.74,0.4,296.75,6.9
1753592010025,04:53:30.025,phemex,AAVE/USDT:USDT,296.67,0.4,296.66,5.1,296.74,0.4,296.75,6.9
1753592010245,04:53:30.245,phemex,AAVE/USDT:USDT,296.67,0.4,296.66,5.1,296.74,0.4,296.75,6.9
1753592010254,04:53:30.254,phemex,AAVE/USDT:USDT,296.67,0.4,296.66,5.1,296.74,0.4,296.75,6.9
1753592010871,04:53:30.871,phemex,AAVE/USDT:USDT,296.67,0.4,296.66,5.1,296.74,0.4,296.75,6.9
1753592010872,04:53:30.872,phemex,AAVE/USDT:USDT,296.67,0.4,296.66,5.1,296.74,0.4,296.75,6.9
1753592011134,04:53:31.134,phemex,AAVE/USDT:USDT,296.67,0.4,296.66,5.1,296.74,0.4,296.75,6.9
1753592011235,04:53:31.235,phemex,AAVE/USDT:USDT,296.67,0.4,296.66,5.1,296.74,0.4,296.75,6.9
1753592011236,04:53:31.236,phemex,AAVE/USDT:USDT,296.67,0.4,296.66,5.1,296.74,0.4,296.75,6.9
1753592012064,04:53:32.064,phemex,AAVE/USDT:USDT,296.67,0.4,296.66,5.1,296.74,0.4,296.75,6.9
1753592012241,04:53:32.241,phemex,AAVE/USDT:USDT,296.67,0.4,296.66,5.1,296.74,0.4,296.75,6.9
1753592012537,04:53:32.537,phemex,AAVE/USDT:USDT,296.67,0.4,296.66,5.1,296.74,0.4,296.75,6.9
1753592013250,04:53:33.250,phemex,AAVE/USDT:USDT,296.67,0.4,296.66,5.1,296.74,0.4,296.75,6.9
1753592013258,04:53:33.258,phemex,AAVE/USDT:USDT,296.67,0.4,296.66,5.1,296.74,0.4,296.75,6.9
1753592013419,04:53:33.419,phemex,AAVE/USDT:USDT,296.67,0.4,296.66,5.1,296.74,0.4,296.75,6.9
1753592013457,04:53:33.457,phemex,AAVE/USDT:USDT,296.67,0.4,296.66,5.1,296.74,0.4,296.75,6.9
1753592013477,04:53:33.477,phemex,AAVE/USDT:USDT,296.67,0.4,296.66,5.1,296.74,0.4,296.75,6.9
1753592013560,04:53:33.560,phemex,AAVE/USDT:USDT,296.67,0.4,296.66,5.1,296.74,0.4,296.75,6.9
1753592013570,04:53:33.570,phemex,AAVE/USDT:USDT,296.67,0.4,296.66,5.1,296.74,0.4,296.75,6.9
1753592013607,04:53:33.607,phemex,AAVE/USDT:USDT,296.67,0.4,296.66,5.1,296.74,0.4,296.75,6.9
1753592013724,04:53:33.724,phemex,AAVE/USDT:USDT,296.67,0.4,296.66,5.1,296.74,0.4,296.75,6.9
1753592013726,04:53:33.726,phemex,AAVE/USDT:USDT,296.67,0.4,296.66,5.1,296.74,0.4,296.75,6.9
1753592013753,04:53:33.753,phemex,AAVE/USDT:USDT,296.67,0.4,296.66,5.1,296.74,0.4,296.75,6.9
1753592013809,04:53:33.809,phemex,AAVE/USDT:USDT,296.67,0.4,296.66,5.1,296.74,0.4,296.75,6.9
1753592013847,04:53:33.847,phemex,AAVE/USDT:USDT,296.67,0.4,296.66,5.1,296.74,0.4,296.75,6.9
1753592013871,04:53:33.871,phemex,AAVE/USDT:USDT,296.67,0.4,296.66,5.1,296.74,0.4,296.75,6.9
1753592013908,04:53:33.908,phemex,AAVE/USDT:USDT,296.67,0.4,296.66,5.1,296.74,0.4,296.75,6.9
1753592013952,04:53:33.952,phemex,AAVE/USDT:USDT,296.67,0.4,296.66,5.1,296.74,0.4,296.75,6.9
1753592014053,04:53:34.053,phemex,AAVE/USDT:USDT,296.67,0.4,296.66,5.1,296.74,0.4,296.75,6.9
1753592014159,04:53:34.159,phemex,AAVE/USDT:USDT,296.67,0.4,296.66,5.1,296.74,0.4,296.75,6.9
1753592014172,04:53:34.172,phemex,AAVE/USDT:USDT,296.67,0.4,296.66,5.1,296.74,0.4,296.75,6.9
1753592014277,04:53:34.277,phemex,AAVE/USDT:USDT,296.67,0.4,296.66,5.1,296.74,0.4,296.75,6.9
1753592014316,04:53:34.316,phemex,AAVE/USDT:USDT,296.67,0.4,296.66,5.1,296.74,0.4,296.75,6.9
1753592014465,04:53:34.465,phemex,AAVE/USDT:USDT,296.67,0.4,296.66,5.1,296.74,0.4,296.75,6.9
1753592014626,04:53:34.626,phemex,AAVE/USDT:USDT,296.67,0.4,296.66,5.1,296.74,0.4,296.75,6.9
1753592014664,04:53:34.664,phemex,AAVE/USDT:USDT,296.67,0.4,296.66,5.1,296.74,0.4,296.75,6.9
1753592014703,04:53:34.703,phemex,AAVE/USDT:USDT,296.67,0.4,296.66,5.1,296.74,0.4,296.75,6.9
1753592014742,04:53:34.742,phemex,AAVE/USDT:USDT,296.67,0.4,296.66,5.1,296.74,0.4,296.75,6.9
1753592014843,04:53:34.843,phemex,AAVE/USDT:USDT,296.67,0.4,296.66,5.1,296.74,0.4,296.75,6.9
1753592014980,04:53:34.980,phemex,AAVE/USDT:USDT,296.67,0.4,296.66,5.1,296.75,6.9,296.77,6.5
1753592014991,04:53:34.991,phemex,AAVE/USDT:USDT,296.67,0.4,296.66,5.1,296.75,6.9,296.77,6.5
1753592015775,04:53:35.775,phemex,AAVE/USDT:USDT,296.67,0.4,296.66,5.1,296.77,6.1,296.8,0.4
1753592015799,04:53:35.799,phemex,AAVE/USDT:USDT,296.67,0.4,296.66,5.1,296.77,6.1,296.8,0.4
1753592015809,04:53:35.809,phemex,AAVE/USDT:USDT,296.67,0.4,296.66,5.1,296.77,6.1,296.8,0.4
1753592016019,04:53:36.019,phemex,AAVE/USDT:USDT,296.67,0.4,296.66,5.1,296.77,6.1,296.8,0.4
1753592016025,04:53:36.025,phemex,AAVE/USDT:USDT,296.67,0.4,296.66,5.1,296.77,6.1,296.8,0.4
1753592016100,04:53:36.100,phemex,AAVE/USDT:USDT,296.67,0.4,296.66,5.1,296.77,7.0,296.8,0.4
1753592016214,04:53:36.214,phemex,AAVE/USDT:USDT,296.67,0.4,296.66,5.1,296.77,7.0,296.83,0.4
1753592016361,04:53:36.361,phemex,AAVE/USDT:USDT,296.67,0.4,296.66,5.1,296.77,7.0,296.83,0.4
1753592016390,04:53:36.390,phemex,AAVE/USDT:USDT,296.67,0.4,296.66,5.1,296.77,7.0,296.83,0.4
1753592016420,04:53:36.420,phemex,AAVE/USDT:USDT,296.67,0.4,296.66,5.1,296.77,7.0,296.83,0.4
1753592016450,04:53:36.450,phemex,AAVE/USDT:USDT,296.67,0.4,296.66,5.1,296.77,7.0,296.83,0.4
1753592016506,04:53:36.506,phemex,AAVE/USDT:USDT,296.67,0.4,296.66,5.1,296.77,7.0,296.83,0.4
1753592016794,04:53:36.794,phemex,AAVE/USDT:USDT,296.67,0.4,296.66,5.1,296.77,7.0,296.83,0.4
1753592016875,04:53:36.875,phemex,AAVE/USDT:USDT,296.67,0.4,296.66,5.1,296.77,7.0,296.83,0.4
1753592017379,04:53:37.379,phemex,AAVE/USDT:USDT,296.67,0.4,296.66,5.1,296.76,0.4,296.77,7.0
1753592017456,04:53:37.456,phemex,AAVE/USDT:USDT,296.67,0.4,296.66,5.1,296.76,0.4,296.77,7.0
1753592017517,04:53:37.517,phemex,AAVE/USDT:USDT,296.67,0.4,296.66,5.1,296.76,0.4,296.77,7.0
1753592018333,04:53:38.333,phemex,AAVE/USDT:USDT,296.67,0.4,296.66,5.1,296.76,0.4,296.77,7.0
1753592018687,04:53:38.687,phemex,AAVE/USDT:USDT,296.67,0.4,296.66,5.1,296.76,0.4,296.77,7.0
1753592019088,04:53:39.088,phemex,AAVE/USDT:USDT,296.67,0.4,296.66,5.1,296.76,0.4,296.77,7.0
1753592019091,04:53:39.091,phemex,AAVE/USDT:USDT,296.67,0.4,296.66,5.1,296.76,0.4,296.77,7.0
1753592019145,04:53:39.145,phemex,AAVE/USDT:USDT,296.67,0.4,296.66,5.1,296.76,0.4,296.77,7.0
1753592019258,04:53:39.258,phemex,AAVE/USDT:USDT,296.67,0.4,296.66,5.1,296.76,0.4,296.77,7.0
1753592019267,04:53:39.267,phemex,AAVE/USDT:USDT,296.67,0.4,296.66,5.1,296.76,0.4,296.77,7.0
1753592019291,04:53:39.291,phemex,AAVE/USDT:USDT,296.67,0.4,296.66,5.1,296.76,0.4,296.77,7.0
1753592019368,04:53:39.368,phemex,AAVE/USDT:USDT,296.67,0.4,296.66,5.1,296.76,0.4,296.77,7.0
1753592019409,04:53:39.409,phemex,AAVE/USDT:USDT,296.67,0.4,296.66,5.1,296.76,0.4,296.77,7.0
1753592019433,04:53:39.433,phemex,AAVE/USDT:USDT,296.67,0.4,296.66,5.1,296.77,7.0,296.83,0.4
1753592019470,04:53:39.470,phemex,AAVE/USDT:USDT,296.67,0.4,296.66,5.1,296.77,7.0,296.83,0.4
1753592020423,04:53:40.423,phemex,AAVE/USDT:USDT,296.67,0.4,296.66,5.1,296.81,5.1,296.85,1.5
1753592020467,04:53:40.467,phemex,AAVE/USDT:USDT,296.67,0.4,296.66,5.1,296.81,5.1,296.86,1.2
1753592020480,04:53:40.480,phemex,AAVE/USDT:USDT,296.67,0.4,296.66,5.1,296.8,0.4,296.81,5.1
1753592020504,04:53:40.504,phemex,AAVE/USDT:USDT,296.67,0.4,296.66,5.1,296.8,0.4,296.81,5.1
1753592020533,04:53:40.533,phemex,AAVE/USDT:USDT,296.67,0.4,296.66,5.1,296.8,0.4,296.81,5.1
1753592020537,04:53:40.537,phemex,AAVE/USDT:USDT,296.67,0.4,296.66,5.1,296.8,0.4,296.81,5.1
1753592020592,04:53:40.592,phemex,AAVE/USDT:USDT,296.67,0.4,296.66,5.1,296.8,0.4,296.81,5.1
1753592020600,04:53:40.600,phemex,AAVE/USDT:USDT,296.67,0.4,296.66,5.1,296.8,0.4,296.81,5.1
1753592020699,04:53:40.699,phemex,AAVE/USDT:USDT,296.79,6.2,296.77,1.0,296.8,0.4,296.81,5.1
1753592020721,04:53:40.721,phemex,AAVE/USDT:USDT,296.79,6.2,296.77,1.0,296.8,0.4,296.81,5.1
1753592020757,04:53:40.757,phemex,AAVE/USDT:USDT,296.79,6.2,296.77,1.0,296.8,0.4,296.81,5.1
1753592021509,04:53:41.509,phemex,AAVE/USDT:USDT,296.79,6.2,296.77,1.0,296.81,5.1,296.83,0.4
1753592021519,04:53:41.519,phemex,AAVE/USDT:USDT,296.79,6.2,296.77,1.0,296.81,5.1,296.83,0.4
1753592021598,04:53:41.598,phemex,AAVE/USDT:USDT,296.79,6.2,296.77,1.0,296.8,0.4,296.81,5.1
1753592021908,04:53:41.908,phemex,AAVE/USDT:USDT,296.79,6.2,296.77,1.0,296.8,0.4,296.81,5.1
1753592021910,04:53:41.910,phemex,AAVE/USDT:USDT,296.79,6.2,296.77,1.0,296.8,0.4,296.81,5.1
1753592022017,04:53:42.017,phemex,AAVE/USDT:USDT,296.79,6.2,296.77,1.0,296.8,0.4,296.81,5.1
1753592022023,04:53:42.023,phemex,AAVE/USDT:USDT,296.79,6.2,296.77,1.0,296.8,0.4,296.81,5.1
1753592022149,04:53:42.149,phemex,AAVE/USDT:USDT,296.79,6.2,296.77,1.0,296.8,0.4,296.81,5.1
1753592022201,04:53:42.201,phemex,AAVE/USDT:USDT,296.79,6.2,296.77,1.0,296.8,0.4,296.81,5.1
1753592022207,04:53:42.207,phemex,AAVE/USDT:USDT,296.79,6.2,296.77,1.0,296.8,0.4,296.81,5.1
1753592022890,04:53:42.890,phemex,AAVE/USDT:USDT,296.79,6.2,296.77,1.0,296.8,0.4,296.81,5.1
1753592023063,04:53:43.063,phemex,AAVE/USDT:USDT,296.79,6.2,296.77,1.0,296.81,1.0,296.83,0.4
1753592023078,04:53:43.078,phemex,AAVE/USDT:USDT,296.79,6.2,296.77,1.0,296.81,1.0,296.83,0.4
1753592023600,04:53:43.600,phemex,AAVE/USDT:USDT,296.8,2.0,296.79,6.2,296.81,1.0,296.83,0.4
1753592023624,04:53:43.624,phemex,AAVE/USDT:USDT,296.8,2.0,296.79,6.2,296.81,1.0,296.83,0.4
1753592024057,04:53:44.057,phemex,AAVE/USDT:USDT,296.8,2.0,296.79,6.2,296.81,1.0,296.83,0.4
1753592024076,04:53:44.076,phemex,AAVE/USDT:USDT,296.79,6.2,296.77,1.4,296.81,1.0,296.83,0.4
1753592024117,04:53:44.117,phemex,AAVE/USDT:USDT,296.79,6.2,296.77,1.4,296.81,1.0,296.83,0.4
1753592024701,04:53:44.701,phemex,AAVE/USDT:USDT,296.79,6.2,296.77,1.4,296.81,1.0,296.83,0.4
1753592024705,04:53:44.705,phemex,AAVE/USDT:USDT,296.79,6.2,296.77,1.4,296.81,1.0,296.83,0.4
1753592024770,04:53:44.770,phemex,AAVE/USDT:USDT,296.79,6.2,296.77,1.4,296.81,1.0,296.83,0.4
1753592025705,04:53:45.705,phemex,AAVE/USDT:USDT,296.79,6.2,296.77,1.4,296.81,2.5,296.83,0.4
1753592026061,04:53:46.061,phemex,AAVE/USDT:USDT,296.79,6.2,296.77,1.4,296.81,2.5,296.83,0.4
1753592026080,04:53:46.080,phemex,AAVE/USDT:USDT,296.79,6.2,296.77,1.4,296.8,0.4,296.81,2.5
1753592026126,04:53:46.126,phemex,AAVE/USDT:USDT,296.79,6.2,296.77,1.0,296.8,0.4,296.81,2.5
1753592026151,04:53:46.151,phemex,AAVE/USDT:USDT,296.79,6.2,296.77,1.0,296.8,0.4,296.81,2.5
1753592026450,04:53:46.450,phemex,AAVE/USDT:USDT,296.79,6.2,296.77,1.0,296.81,2.5,296.83,0.4
1753592026480,04:53:46.480,phemex,AAVE/USDT:USDT,296.79,6.2,296.77,1.0,296.81,2.5,296.83,0.4
1753592026520,04:53:46.520,phemex,AAVE/USDT:USDT,296.79,6.2,296.77,1.0,296.81,2.5,296.83,0.4
1753592026957,04:53:46.957,phemex,AAVE/USDT:USDT,296.79,6.2,296.77,1.0,296.81,1.5,296.83,0.4
1753592026975,04:53:46.975,phemex,AAVE/USDT:USDT,296.8,2.4,296.79,6.2,296.81,1.5,296.83,0.4
1753592026992,04:53:46.992,phemex,AAVE/USDT:USDT,296.8,2.4,296.79,6.2,296.81,1.5,296.84,5.2
1753592027039,04:53:47.039,phemex,AAVE/USDT:USDT,296.8,2.4,296.79,6.2,296.81,1.5,296.84,5.2
1753592027148,04:53:47.148,phemex,AAVE/USDT:USDT,296.8,2.0,296.79,6.2,296.81,1.5,296.84,5.2
1753592027163,04:53:47.163,phemex,AAVE/USDT:USDT,296.8,2.0,296.79,6.2,296.81,1.5,296.84,5.2
1753592027619,04:53:47.619,phemex,AAVE/USDT:USDT,296.8,2.0,296.79,6.2,296.81,1.5,296.84,5.2
1753592028024,04:53:48.024,phemex,AAVE/USDT:USDT,296.8,2.0,296.79,6.2,296.81,1.5,296.84,5.2
1753592028029,04:53:48.029,phemex,AAVE/USDT:USDT,296.8,2.0,296.79,6.2,296.81,1.5,296.84,5.2
1753592028063,04:53:48.063,phemex,AAVE/USDT:USDT,296.79,6.2,296.77,1.4,296.81,1.5,296.85,1.0
1753592028072,04:53:48.072,phemex,AAVE/USDT:USDT,296.79,6.2,296.77,1.4,296.81,1.5,296.86,0.4
1753592028107,04:53:48.107,phemex,AAVE/USDT:USDT,296.79,6.2,296.77,1.4,296.81,1.5,296.86,0.4
1753592028126,04:53:48.126,phemex,AAVE/USDT:USDT,296.79,6.2,296.77,1.4,296.81,1.5,296.86,0.4
1753592028137,04:53:48.137,phemex,AAVE/USDT:USDT,296.79,6.2,296.77,1.4,296.81,1.5,296.86,0.4
1753592028161,04:53:48.161,phemex,AAVE/USDT:USDT,296.8,0.4,296.79,6.2,296.81,1.5,296.86,0.4
1753592028241,04:53:48.241,phemex,AAVE/USDT:USDT,296.8,0.4,296.79,6.2,296.81,1.5,296.86,0.4
1753592028355,04:53:48.355,phemex,AAVE/USDT:USDT,296.8,0.4,296.79,6.2,296.81,1.5,296.86,0.4
1753592028443,04:53:48.443,phemex,AAVE/USDT:USDT,296.8,0.4,296.79,6.2,296.81,1.5,296.86,0.4
1753592028858,04:53:48.858,phemex,AAVE/USDT:USDT,296.8,0.4,296.79,6.2,296.81,1.5,296.86,0.4
1753592028885,04:53:48.885,phemex,AAVE/USDT:USDT,296.8,0.4,296.79,6.2,296.81,1.5,296.86,0.4
1753592028926,04:53:48.926,phemex,AAVE/USDT:USDT,296.8,0.4,296.79,6.2,296.81,1.5,296.86,0.4
1753592029060,04:53:49.060,phemex,AAVE/USDT:USDT,296.8,0.4,296.79,6.2,296.81,1.5,296.86,0.4
1753592029223,04:53:49.223,phemex,AAVE/USDT:USDT,296.8,0.4,296.79,6.2,296.81,1.5,296.87,0.4
1753592030417,04:53:50.417,phemex,AAVE/USDT:USDT,296.8,0.4,296.79,6.2,296.81,1.5,296.87,0.4
1753592031162,04:53:51.162,phemex,AAVE/USDT:USDT,296.8,0.4,296.79,6.2,296.81,1.5,296.87,0.4
1753592032052,04:53:52.052,phemex,AAVE/USDT:USDT,296.8,0.4,296.79,6.2,296.81,1.5,296.87,0.4
1753592032065,04:53:52.065,phemex,AAVE/USDT:USDT,296.8,0.4,296.79,6.2,296.81,1.5,296.87,0.4
1753592032093,04:53:52.093,phemex,AAVE/USDT:USDT,296.8,0.4,296.79,6.2,296.81,1.5,296.88,6.0
1753592032126,04:53:52.126,phemex,AAVE/USDT:USDT,296.8,0.4,296.79,6.2,296.81,1.5,296.88,6.0
1753592032135,04:53:52.135,phemex,AAVE/USDT:USDT,296.8,0.4,296.79,6.2,296.81,1.5,296.88,6.0
1753592032189,04:53:52.189,phemex,AAVE/USDT:USDT,296.8,0.4,296.79,6.2,296.81,1.5,296.88,6.0
1753592032227,04:53:52.227,phemex,AAVE/USDT:USDT,296.8,0.4,296.79,6.2,296.81,1.5,296.88,6.0
1753592032279,04:53:52.279,phemex,AAVE/USDT:USDT,296.8,0.4,296.79,6.2,296.81,1.5,296.88,6.0
1753592032384,04:53:52.384,phemex,AAVE/USDT:USDT,296.8,0.4,296.79,6.2,296.81,1.5,296.88,6.0
1753592032435,04:53:52.435,phemex,AAVE/USDT:USDT,296.8,0.4,296.79,6.2,296.81,1.5,296.88,6.0
1753592032490,04:53:52.490,phemex,AAVE/USDT:USDT,296.8,0.4,296.79,6.2,296.81,1.5,296.88,6.0
1753592032596,04:53:52.596,phemex,AAVE/USDT:USDT,296.8,0.4,296.79,6.2,296.81,1.5,296.88,6.0
1753592032711,04:53:52.711,phemex,AAVE/USDT:USDT,296.8,0.4,296.79,6.2,296.81,1.5,296.88,6.0
1753592032753,04:53:52.753,phemex,AAVE/USDT:USDT,296.8,0.4,296.79,6.2,296.81,1.5,296.88,6.0
1753592032805,04:53:52.805,phemex,AAVE/USDT:USDT,296.8,0.4,296.79,6.2,296.81,1.5,296.88,6.0
1753592032915,04:53:52.915,phemex,AAVE/USDT:USDT,296.8,0.4,296.79,6.2,296.81,1.5,296.88,6.0
1753592032936,04:53:52.936,phemex,AAVE/USDT:USDT,296.8,0.4,296.79,6.2,296.81,1.5,296.88,6.0
1753592033020,04:53:53.020,phemex,AAVE/USDT:USDT,296.8,0.4,296.79,6.2,296.81,1.5,296.88,6.0
1753592033074,04:53:53.074,phemex,AAVE/USDT:USDT,296.8,0.4,296.79,6.2,296.81,1.5,296.87,0.4
1753592033128,04:53:53.128,phemex,AAVE/USDT:USDT,296.8,0.4,296.79,6.2,296.81,1.5,296.87,0.4
1753592033195,04:53:53.195,phemex,AAVE/USDT:USDT,296.8,0.4,296.79,6.2,296.81,1.5,296.87,0.4
1753592033232,04:53:53.232,phemex,AAVE/USDT:USDT,296.8,0.4,296.79,6.2,296.81,1.5,296.87,0.4
1753592033392,04:53:53.392,phemex,AAVE/USDT:USDT,296.8,0.4,296.79,6.2,296.81,1.5,296.87,0.4
1753592033446,04:53:53.446,phemex,AAVE/USDT:USDT,296.8,0.4,296.79,6.2,296.81,1.5,296.87,0.4
1753592033602,04:53:53.602,phemex,AAVE/USDT:USDT,296.8,0.4,296.79,6.2,296.81,1.5,296.87,0.4
1753592033658,04:53:53.658,phemex,AAVE/USDT:USDT,296.8,0.4,296.79,6.2,296.81,1.5,296.87,0.4
1753592033665,04:53:53.665,phemex,AAVE/USDT:USDT,296.8,0.4,296.79,6.2,296.81,1.5,296.87,0.4
1753592033709,04:53:53.709,phemex,AAVE/USDT:USDT,296.8,0.4,296.79,6.2,296.81,1.5,296.87,0.4
1753592033920,04:53:53.920,phemex,AAVE/USDT:USDT,296.8,0.4,296.79,6.2,296.81,1.5,296.87,0.4
1753592033976,04:53:53.976,phemex,AAVE/USDT:USDT,296.8,0.4,296.79,6.2,296.81,1.5,296.87,0.4
1753592034053,04:53:54.053,phemex,AAVE/USDT:USDT,296.8,0.4,296.79,6.2,296.81,1.5,296.87,0.4
1753592034079,04:53:54.079,phemex,AAVE/USDT:USDT,296.8,0.4,296.79,6.2,296.81,1.5,296.87,0.4
1753592034114,04:53:54.114,phemex,AAVE/USDT:USDT,296.8,0.4,296.79,6.2,296.81,1.5,296.87,0.4
1753592034165,04:53:54.165,phemex,AAVE/USDT:USDT,296.8,0.4,296.79,6.2,296.81,1.5,296.87,0.4
1753592034278,04:53:54.278,phemex,AAVE/USDT:USDT,296.8,0.4,296.79,6.2,296.81,1.5,296.87,0.4
1753592034365,04:53:54.365,phemex,AAVE/USDT:USDT,296.8,0.4,296.79,6.2,296.81,1.5,296.87,0.4
1753592034394,04:53:54.394,phemex,AAVE/USDT:USDT,296.8,0.4,296.79,6.2,296.81,1.5,296.87,0.4
1753592034543,04:53:54.543,phemex,AAVE/USDT:USDT,296.8,0.4,296.79,6.2,296.81,1.5,296.87,0.4
1753592034561,04:53:54.561,phemex,AAVE/USDT:USDT,296.8,0.4,296.79,6.2,296.81,1.5,296.87,0.4
1753592034810,04:53:54.810,phemex,AAVE/USDT:USDT,296.8,0.4,296.79,6.2,296.81,1.5,296.87,0.4
1753592036040,04:53:56.040,phemex,AAVE/USDT:USDT,296.8,0.4,296.79,6.2,296.81,1.5,296.87,0.4
1753592036060,04:53:56.060,phemex,AAVE/USDT:USDT,296.8,0.4,296.79,6.2,296.81,1.5,296.87,0.4
1753592036160,04:53:56.160,phemex,AAVE/USDT:USDT,296.8,0.4,296.79,6.2,296.81,1.5,296.87,0.4
1753592036180,04:53:56.180,phemex,AAVE/USDT:USDT,296.8,0.4,296.79,6.2,296.81,1.5,296.87,0.4
1753592036403,04:53:56.403,phemex,AAVE/USDT:USDT,296.8,0.4,296.79,6.2,296.81,1.5,296.87,0.4
1753592036423,04:53:56.423,phemex,AAVE/USDT:USDT,296.8,0.4,296.79,6.2,296.81,1.5,296.87,0.4
1753592036484,04:53:56.484,phemex,AAVE/USDT:USDT,296.8,0.4,296.79,6.2,296.81,1.5,296.87,0.4
1753592036895,04:53:56.895,phemex,AAVE/USDT:USDT,296.8,0.4,296.79,6.2,296.81,1.5,296.88,6.0
1753592036959,04:53:56.959,phemex,AAVE/USDT:USDT,296.8,0.4,296.79,6.2,296.81,1.5,296.87,0.4
1753592037054,04:53:57.054,phemex,AAVE/USDT:USDT,296.8,0.4,296.79,6.2,296.81,1.5,296.87,0.4
1753592038457,04:53:58.457,phemex,AAVE/USDT:USDT,296.8,0.4,296.79,6.2,296.81,1.5,296.87,0.4
1753592038563,04:53:58.563,phemex,AAVE/USDT:USDT,296.8,0.4,296.79,6.2,296.81,1.5,296.87,0.4
1753592038564,04:53:58.564,phemex,AAVE/USDT:USDT,296.8,0.4,296.79,6.2,296.81,1.5,296.87,0.4
1753592038980,04:53:58.980,phemex,AAVE/USDT:USDT,296.8,0.4,296.79,6.2,296.81,1.5,296.87,0.4
1753592039314,04:53:59.314,phemex,AAVE/USDT:USDT,296.8,0.4,296.79,6.2,296.81,1.5,296.87,0.4
1753592039320,04:53:59.320,phemex,AAVE/USDT:USDT,296.8,0.4,296.79,6.2,296.81,1.5,296.87,0.4
1753592039352,04:53:59.352,phemex,AAVE/USDT:USDT,296.8,0.4,296.79,6.2,296.81,1.5,296.87,0.4
1753592039375,04:53:59.375,phemex,AAVE/USDT:USDT,296.8,0.4,296.79,6.2,296.81,1.5,296.87,0.4
1753592039476,04:53:59.476,phemex,AAVE/USDT:USDT,296.8,0.4,296.79,6.2,296.81,1.5,296.87,0.4
1753592039532,04:53:59.532,phemex,AAVE/USDT:USDT,296.8,0.4,296.79,6.2,296.81,1.5,296.87,0.4
1753592039571,04:53:59.571,phemex,AAVE/USDT:USDT,296.8,0.4,296.79,6.2,296.81,1.5,296.87,0.4
1753592039636,04:53:59.636,phemex,AAVE/USDT:USDT,296.8,0.4,296.79,6.2,296.81,1.5,296.87,0.4
1753592040027,04:54:00.027,phemex,AAVE/USDT:USDT,296.8,0.4,296.79,6.2,296.81,1.5,296.87,0.4
1753592040120,04:54:00.120,phemex,AAVE/USDT:USDT,296.8,0.4,296.79,6.2,296.81,1.5,296.87,0.4
1753592040287,04:54:00.287,phemex,AAVE/USDT:USDT,296.8,0.4,296.79,6.2,296.81,1.5,296.87,0.4
1753592040323,04:54:00.323,phemex,AAVE/USDT:USDT,296.8,0.4,296.79,6.2,296.81,1.5,296.87,0.4
1753592040360,04:54:00.360,phemex,AAVE/USDT:USDT,296.8,0.4,296.79,6.2,296.81,1.5,296.87,0.4
1753592040968,04:54:00.968,phemex,AAVE/USDT:USDT,296.8,0.4,296.79,6.2,296.81,1.5,296.87,0.4
1753592041802,04:54:01.802,phemex,AAVE/USDT:USDT,296.8,0.4,296.79,6.2,296.81,1.5,296.87,0.4
1753592041848,04:54:01.848,phemex,AAVE/USDT:USDT,296.8,0.4,296.79,6.2,296.81,1.5,296.87,0.4
1753592041869,04:54:01.869,phemex,AAVE/USDT:USDT,296.8,0.4,296.79,6.2,296.81,1.5,296.87,0.4
1753592042010,04:54:02.010,phemex,AAVE/USDT:USDT,296.8,0.4,296.79,6.2,296.81,1.5,296.87,0.4
1753592042769,04:54:02.769,phemex,AAVE/USDT:USDT,296.8,0.4,296.79,6.2,296.87,0.4,296.88,6.0
1753592042792,04:54:02.792,phemex,AAVE/USDT:USDT,296.8,0.4,296.79,6.2,296.87,0.4,296.88,6.0
1753592042834,04:54:02.834,phemex,AAVE/USDT:USDT,296.8,0.4,296.79,6.2,296.87,0.4,296.88,6.0
1753592042966,04:54:02.966,phemex,AAVE/USDT:USDT,296.86,4.1,296.8,0.4,296.87,0.4,296.88,6.0
1753592042977,04:54:02.977,phemex,AAVE/USDT:USDT,296.86,4.1,296.8,0.4,296.87,0.4,296.88,6.0
1753592043258,04:54:03.258,phemex,AAVE/USDT:USDT,296.86,4.1,296.8,0.4,296.87,0.4,296.88,6.0
1753592043266,04:54:03.266,phemex,AAVE/USDT:USDT,296.86,4.1,296.8,0.4,296.87,0.4,296.88,6.0
1753592043991,04:54:03.991,phemex,AAVE/USDT:USDT,296.86,4.1,296.81,2.0,296.87,0.4,296.88,6.0
1753592044680,04:54:04.680,phemex,AAVE/USDT:USDT,296.86,4.1,296.81,2.0,296.87,0.4,296.88,6.0
1753592044827,04:54:04.827,phemex,AAVE/USDT:USDT,296.86,4.1,296.83,0.4,296.87,0.4,296.88,6.0
1753592044901,04:54:04.901,phemex,AAVE/USDT:USDT,296.83,0.4,296.81,2.0,296.87,0.4,296.88,6.0
1753592044946,04:54:04.946,phemex,AAVE/USDT:USDT,296.83,0.4,296.81,2.0,296.87,0.4,296.88,6.0
1753592045681,04:54:05.681,phemex,AAVE/USDT:USDT,296.83,0.4,296.81,2.0,296.88,6.0,296.91,7.3
1753592045727,04:54:05.727,phemex,AAVE/USDT:USDT,296.83,0.4,296.81,2.0,296.91,7.3,296.95,1.5
1753592045759,04:54:05.759,phemex,AAVE/USDT:USDT,296.83,0.4,296.81,2.0,296.91,7.3,296.99,0.4
1753592045807,04:54:05.807,phemex,AAVE/USDT:USDT,296.83,0.4,296.81,2.0,296.91,7.3,296.99,0.4
1753592046028,04:54:06.028,phemex,AAVE/USDT:USDT,296.83,0.4,296.81,2.0,296.91,7.3,296.99,0.4
1753592046057,04:54:06.057,phemex,AAVE/USDT:USDT,296.83,0.4,296.81,2.0,296.91,7.3,296.99,0.4
1753592046082,04:54:06.082,phemex,AAVE/USDT:USDT,296.83,0.4,296.81,2.0,296.91,7.3,296.99,0.4
1753592046153,04:54:06.153,phemex,AAVE/USDT:USDT,296.83,0.4,296.81,2.0,296.91,7.3,296.99,0.4
1753592046222,04:54:06.222,phemex,AAVE/USDT:USDT,296.83,0.4,296.81,2.0,296.91,6.9,296.99,0.4
1753592046263,04:54:06.263,phemex,AAVE/USDT:USDT,296.83,0.4,296.81,2.0,296.91,6.9,296.99,1.5
1753592046285,04:54:06.285,phemex,AAVE/USDT:USDT,296.83,0.4,296.81,2.0,296.91,6.9,296.94,0.4
1753592046307,04:54:06.307,phemex,AAVE/USDT:USDT,296.83,0.4,296.81,2.0,296.91,6.9,296.94,0.4
1753592046391,04:54:06.391,phemex,AAVE/USDT:USDT,296.83,0.4,296.81,2.0,296.91,6.9,296.94,0.4
1753592046473,04:54:06.473,phemex,AAVE/USDT:USDT,296.83,0.4,296.81,2.0,296.9,0.4,296.91,6.9
1753592046546,04:54:06.546,phemex,AAVE/USDT:USDT,296.83,0.4,296.81,2.0,296.9,0.4,296.91,6.9
1753592046601,04:54:06.601,phemex,AAVE/USDT:USDT,296.83,0.4,296.81,2.0,296.9,0.4,296.91,6.9
1753592046672,04:54:06.672,phemex,AAVE/USDT:USDT,296.83,0.4,296.81,2.0,296.9,0.4,296.91,6.9
1753592046730,04:54:06.730,phemex,AAVE/USDT:USDT,296.83,0.4,296.81,2.0,296.9,0.4,296.91,6.9
1753592046766,04:54:06.766,phemex,AAVE/USDT:USDT,296.83,0.4,296.81,2.0,296.9,0.4,296.91,6.9
1753592047563,04:54:07.563,phemex,AAVE/USDT:USDT,296.83,0.4,296.81,2.0,296.9,0.4,296.91,6.9
1753592047572,04:54:07.572,phemex,AAVE/USDT:USDT,296.83,0.4,296.81,2.0,296.9,0.4,296.91,6.9
1753592047788,04:54:07.788,phemex,AAVE/USDT:USDT,296.83,0.4,296.81,2.0,296.9,0.4,296.91,6.9
1753592047840,04:54:07.840,phemex,AAVE/USDT:USDT,296.83,0.4,296.81,2.0,296.9,0.4,296.91,6.9
1753592048066,04:54:08.066,phemex,AAVE/USDT:USDT,296.83,0.4,296.81,2.0,296.9,0.4,296.91,6.9
1753592048530,04:54:08.530,phemex,AAVE/USDT:USDT,296.85,4.4,296.83,0.4,296.9,0.4,296.91,6.9
1753592048546,04:54:08.546,phemex,AAVE/USDT:USDT,296.87,0.4,296.85,4.4,296.91,6.9,296.94,0.4
1753592048605,04:54:08.605,phemex,AAVE/USDT:USDT,296.87,0.4,296.85,4.4,296.91,6.9,296.94,0.4
1753592050016,04:54:10.016,phemex,AAVE/USDT:USDT,296.87,0.4,296.85,4.4,296.91,6.9,296.94,0.4
1753592050070,04:54:10.070,phemex,AAVE/USDT:USDT,296.87,0.4,296.85,4.4,296.91,1.6,296.94,0.4
1753592050070,04:54:10.070,phemex,AAVE/USDT:USDT,296.87,0.4,296.85,4.4,296.91,1.6,296.94,0.4
1753592050167,04:54:10.167,phemex,AAVE/USDT:USDT,296.87,0.4,296.85,4.4,296.91,1.6,296.94,0.4
1753592050272,04:54:10.272,phemex,AAVE/USDT:USDT,296.87,0.4,296.85,4.4,296.91,1.6,296.94,0.4
1753592050355,04:54:10.355,phemex,AAVE/USDT:USDT,296.87,0.4,296.85,4.4,296.91,1.6,296.95,6.4
1753592050417,04:54:10.417,phemex,AAVE/USDT:USDT,296.87,0.4,296.85,4.4,296.91,1.6,296.95,6.4
1753592050422,04:54:10.422,phemex,AAVE/USDT:USDT,296.87,0.4,296.85,4.4,296.91,1.6,296.95,6.4
1753592050489,04:54:10.489,phemex,AAVE/USDT:USDT,296.87,0.4,296.85,4.4,296.91,1.6,296.95,6.4
1753592050525,04:54:10.525,phemex,AAVE/USDT:USDT,296.87,0.4,296.85,4.4,296.99,1.5,297.0,0.7
1753592050530,04:54:10.530,phemex,AAVE/USDT:USDT,296.87,0.4,296.85,4.4,296.99,1.5,297.0,0.7
1753592050557,04:54:10.557,phemex,AAVE/USDT:USDT,296.87,0.4,296.85,4.4,296.99,1.5,297.0,0.7
1753592050585,04:54:10.585,phemex,AAVE/USDT:USDT,296.87,0.4,296.86,2.0,296.98,0.4,296.99,2.6
1753592050595,04:54:10.595,phemex,AAVE/USDT:USDT,296.87,0.4,296.86,2.0,296.98,0.4,296.99,2.6
1753592050609,04:54:10.609,phemex,AAVE/USDT:USDT,296.87,0.4,296.86,2.0,296.98,0.4,296.99,2.6
1753592050633,04:54:10.633,phemex,AAVE/USDT:USDT,296.87,0.4,296.86,2.0,296.98,0.4,296.99,2.6
1753592050666,04:54:10.666,phemex,AAVE/USDT:USDT,296.87,0.4,296.86,2.0,296.98,0.4,296.99,2.6
1753592050704,04:54:10.704,phemex,AAVE/USDT:USDT,296.87,0.4,296.86,2.0,296.98,0.4,296.99,2.6
1753592050772,04:54:10.772,phemex,AAVE/USDT:USDT,296.87,0.4,296.86,2.0,296.98,0.4,296.99,2.6
1753592052008,04:54:12.008,phemex,AAVE/USDT:USDT,296.87,0.4,296.86,2.0,296.98,0.4,296.99,2.6
1753592052009,04:54:12.009,phemex,AAVE/USDT:USDT,296.87,0.4,296.86,2.0,296.98,0.4,296.99,2.6
1753592052017,04:54:12.017,phemex,AAVE/USDT:USDT,296.87,0.4,296.86,2.0,296.98,0.4,296.99,2.6
1753592052084,04:54:12.084,phemex,AAVE/USDT:USDT,296.87,0.4,296.86,2.0,296.98,0.4,296.99,2.6
1753592052171,04:54:12.171,phemex,AAVE/USDT:USDT,296.87,0.4,296.86,2.0,296.98,0.4,296.99,2.6
1753592052244,04:54:12.244,phemex,AAVE/USDT:USDT,296.87,0.4,296.86,2.0,296.98,0.4,296.99,2.6
1753592052285,04:54:12.285,phemex,AAVE/USDT:USDT,296.87,0.4,296.86,2.0,296.98,0.4,296.99,2.6
1753592052307,04:54:12.307,phemex,AAVE/USDT:USDT,296.87,0.4,296.86,2.0,296.98,0.4,296.99,2.6
1753592052377,04:54:12.377,phemex,AAVE/USDT:USDT,296.87,0.4,296.86,2.0,296.98,0.4,296.99,2.6
1753592052431,04:54:12.431,phemex,AAVE/USDT:USDT,296.87,0.4,296.86,2.0,296.98,0.4,296.99,2.6
1753592052868,04:54:12.868,phemex,AAVE/USDT:USDT,296.87,0.4,296.86,2.0,296.98,0.4,296.99,2.6
1753592052907,04:54:12.907,phemex,AAVE/USDT:USDT,296.87,0.4,296.86,2.0,296.98,0.4,296.99,2.6
1753592053104,04:54:13.104,phemex,AAVE/USDT:USDT,296.87,0.4,296.86,2.0,296.98,0.4,296.99,1.5
1753592053121,04:54:13.121,phemex,AAVE/USDT:USDT,296.87,0.4,296.86,2.0,296.98,0.4,296.99,1.5
1753592053135,04:54:13.135,phemex,AAVE/USDT:USDT,296.87,0.4,296.86,2.0,296.98,0.4,296.99,1.5
1753592053648,04:54:13.648,phemex,AAVE/USDT:USDT,296.97,5.4,296.94,0.9,296.98,0.4,296.99,1.5
1753592053658,04:54:13.658,phemex,AAVE/USDT:USDT,296.97,5.4,296.94,0.9,296.98,0.4,296.99,1.5
1753592054063,04:54:14.063,phemex,AAVE/USDT:USDT,296.97,5.4,296.94,0.9,296.98,0.4,296.99,1.5
1753592054722,04:54:14.722,phemex,AAVE/USDT:USDT,296.97,5.4,296.94,1.3,296.98,0.4,296.99,1.5
1753592055953,04:54:15.953,phemex,AAVE/USDT:USDT,296.97,5.4,296.94,1.3,296.98,0.4,296.99,1.5
1753592055973,04:54:15.973,phemex,AAVE/USDT:USDT,296.97,5.4,296.94,0.9,296.98,0.4,296.99,1.5
1753592056445,04:54:16.445,phemex,AAVE/USDT:USDT,296.97,5.4,296.94,0.9,296.98,0.6,296.99,1.5
1753592056784,04:54:16.784,phemex,AAVE/USDT:USDT,296.97,5.4,296.94,0.9,296.98,0.4,296.99,1.5
1753592056995,04:54:16.995,phemex,AAVE/USDT:USDT,296.97,5.4,296.94,1.3,296.99,1.5,297.0,7.0
1753592057002,04:54:17.002,phemex,AAVE/USDT:USDT,296.97,5.4,296.94,1.3,296.99,1.5,297.0,7.0
1753592057373,04:54:17.373,phemex,AAVE/USDT:USDT,296.97,5.4,296.94,1.3,297.0,0.7,297.02,1.2
1753592057465,04:54:17.465,phemex,AAVE/USDT:USDT,296.97,5.4,296.94,1.3,297.0,0.7,297.02,1.2
1753592057465,04:54:17.465,phemex,AAVE/USDT:USDT,296.97,5.4,296.94,3.3,297.0,0.7,297.02,1.2
1753592057658,04:54:17.658,phemex,AAVE/USDT:USDT,296.97,5.4,296.94,3.3,297.0,0.7,297.02,1.2
1753592057788,04:54:17.788,phemex,AAVE/USDT:USDT,296.97,5.4,296.94,3.3,297.0,0.7,297.02,1.2
1753592057821,04:54:17.821,phemex,AAVE/USDT:USDT,296.97,5.4,296.94,3.3,296.99,0.4,297.0,0.7
1753592058013,04:54:18.013,phemex,AAVE/USDT:USDT,296.97,5.4,296.94,3.3,296.99,0.4,297.0,0.7
1753592058445,04:54:18.445,phemex,AAVE/USDT:USDT,296.97,5.4,296.94,1.3,296.99,0.4,297.0,0.7
1753592058758,04:54:18.758,phemex,AAVE/USDT:USDT,296.97,5.4,296.94,1.3,296.99,2.0,297.0,0.7
1753592058879,04:54:18.879,phemex,AAVE/USDT:USDT,296.97,5.4,296.94,1.3,296.98,0.4,296.99,1.6
1753592059277,04:54:19.277,phemex,AAVE/USDT:USDT,296.97,5.4,296.94,1.3,296.98,0.4,297.0,0.7
1753592059290,04:54:19.290,phemex,AAVE/USDT:USDT,296.97,5.4,296.94,1.3,296.98,0.4,297.0,0.7
1753592059405,04:54:19.405,phemex,AAVE/USDT:USDT,296.97,5.4,296.94,2.9,296.98,0.4,297.0,0.7
1753592059445,04:54:19.445,phemex,AAVE/USDT:USDT,296.97,5.4,296.94,2.9,296.98,0.4,297.0,0.7
1753592059957,04:54:19.957,phemex,AAVE/USDT:USDT,296.97,5.4,296.94,0.9,296.98,0.4,297.0,0.7
1753592060196,04:54:20.196,phemex,AAVE/USDT:USDT,296.97,5.4,296.94,0.9,296.98,2.0,297.0,0.7
1753592060305,04:54:20.305,phemex,AAVE/USDT:USDT,296.94,0.9,296.93,1.1,296.98,2.0,297.0,0.7
1753592060343,04:54:20.343,phemex,AAVE/USDT:USDT,296.94,0.9,296.93,1.1,296.97,0.4,296.98,1.6
1753592060360,04:54:20.360,phemex,AAVE/USDT:USDT,296.94,0.9,296.93,1.1,296.97,0.4,296.98,1.6
1753592060428,04:54:20.428,phemex,AAVE/USDT:USDT,296.96,4.5,296.94,0.9,296.97,0.4,296.98,1.6
1753592061559,04:54:21.559,phemex,AAVE/USDT:USDT,296.96,4.5,296.94,0.9,296.98,1.6,297.0,0.7
1753592061627,04:54:21.627,phemex,AAVE/USDT:USDT,296.96,4.5,296.94,0.9,296.98,1.6,297.0,0.7
1753592062122,04:54:22.122,phemex,AAVE/USDT:USDT,296.96,4.5,296.94,0.9,297.0,0.7,297.02,1.2
1753592062147,04:54:22.147,phemex,AAVE/USDT:USDT,296.96,4.5,296.94,0.9,296.99,0.4,297.0,0.7
1753592062471,04:54:22.471,phemex,AAVE/USDT:USDT,296.96,4.5,296.94,2.9,296.99,0.4,297.0,0.7
1753592062487,04:54:22.487,phemex,AAVE/USDT:USDT,296.96,4.5,296.94,2.9,296.99,0.4,297.0,0.7
1753592062908,04:54:22.908,phemex,AAVE/USDT:USDT,296.96,4.5,296.94,0.9,296.99,0.4,297.0,0.7
1753592063063,04:54:23.063,phemex,AAVE/USDT:USDT,296.96,4.5,296.94,0.9,296.99,0.4,297.0,0.7
1753592063116,04:54:23.116,phemex,AAVE/USDT:USDT,296.96,4.5,296.94,0.9,296.99,0.4,297.0,0.7
1753592063257,04:54:23.257,phemex,AAVE/USDT:USDT,296.96,4.5,296.94,0.9,296.97,0.4,296.99,1.5
1753592063691,04:54:23.691,phemex,AAVE/USDT:USDT,296.96,4.5,296.94,0.9,296.99,1.5,297.0,0.7
1753592063726,04:54:23.726,phemex,AAVE/USDT:USDT,296.96,4.5,296.94,0.9,296.98,0.4,296.99,1.5
1753592064034,04:54:24.034,phemex,AAVE/USDT:USDT,296.97,0.4,296.96,4.5,297.0,0.7,297.02,1.2
1753592064045,04:54:24.045,phemex,AAVE/USDT:USDT,296.96,4.5,296.94,0.9,297.0,0.7,297.02,1.2
1753592064068,04:54:24.068,phemex,AAVE/USDT:USDT,296.96,4.5,296.94,0.9,297.0,0.7,297.02,1.2
1753592064102,04:54:24.102,phemex,AAVE/USDT:USDT,296.96,4.5,296.94,1.3,297.0,0.7,297.02,1.2
1753592064121,04:54:24.121,phemex,AAVE/USDT:USDT,296.96,4.5,296.94,1.3,297.02,1.2,297.03,4.0
1753592064139,04:54:24.139,phemex,AAVE/USDT:USDT,296.96,4.5,296.94,1.3,297.02,1.2,297.03,4.0
1753592064178,04:54:24.178,phemex,AAVE/USDT:USDT,296.97,0.4,296.96,4.5,297.02,1.2,297.03,4.0
1753592064202,04:54:24.202,phemex,AAVE/USDT:USDT,296.97,0.4,296.96,4.5,297.02,0.8,297.03,4.0
1753592064243,04:54:24.243,phemex,AAVE/USDT:USDT,296.97,0.4,296.96,4.5,297.01,0.4,297.02,0.8
1753592064284,04:54:24.284,phemex,AAVE/USDT:USDT,296.97,0.4,296.96,4.5,297.01,0.4,297.02,0.8
1753592064337,04:54:24.337,phemex,AAVE/USDT:USDT,296.97,0.4,296.96,4.5,297.01,0.4,297.02,0.8
1753592064430,04:54:24.430,phemex,AAVE/USDT:USDT,296.97,0.4,296.96,4.5,297.01,0.4,297.02,0.8
1753592064459,04:54:24.459,phemex,AAVE/USDT:USDT,296.97,0.4,296.96,4.5,297.01,0.4,297.02,0.8
1753592064688,04:54:24.688,phemex,AAVE/USDT:USDT,296.97,0.4,296.96,4.5,297.0,0.2,297.01,0.4
1753592064700,04:54:24.700,phemex,AAVE/USDT:USDT,296.97,0.4,296.96,4.5,296.99,0.2,297.0,0.2
1753592064740,04:54:24.740,phemex,AAVE/USDT:USDT,296.97,0.4,296.96,4.5,297.01,0.4,297.02,0.8
1753592064764,04:54:24.764,phemex,AAVE/USDT:USDT,296.97,0.4,296.96,4.5,297.01,0.4,297.02,0.8
1753592065006,04:54:25.006,phemex,AAVE/USDT:USDT,296.97,0.4,296.96,4.5,297.01,2.0,297.02,0.8
1753592065065,04:54:25.065,phemex,AAVE/USDT:USDT,296.97,0.4,296.96,4.5,297.01,2.0,297.02,0.8
1753592065166,04:54:25.166,phemex,AAVE/USDT:USDT,296.97,0.4,296.96,4.5,297.0,0.4,297.01,1.6
1753592065453,04:54:25.453,phemex,AAVE/USDT:USDT,296.97,6.0,296.96,4.5,297.0,0.4,297.01,1.6
1753592065453,04:54:25.453,phemex,AAVE/USDT:USDT,296.97,6.0,296.96,4.5,297.0,0.4,297.01,1.6
1753592065513,04:54:25.513,phemex,AAVE/USDT:USDT,296.98,0.4,296.97,6.0,297.0,0.4,297.01,1.6
1753592065517,04:54:25.517,phemex,AAVE/USDT:USDT,296.98,0.4,296.97,6.0,297.01,1.6,297.02,0.8
1753592065532,04:54:25.532,phemex,AAVE/USDT:USDT,296.98,0.4,296.97,5.6,297.01,1.6,297.02,0.8
1753592066354,04:54:26.354,phemex,AAVE/USDT:USDT,296.98,0.4,296.97,5.6,297.01,1.6,297.02,0.8
1753592066362,04:54:26.362,phemex,AAVE/USDT:USDT,296.98,0.4,296.97,5.6,297.02,0.8,297.03,4.0
1753592066453,04:54:26.453,phemex,AAVE/USDT:USDT,296.98,0.4,296.97,5.6,297.02,0.8,297.03,4.0
1753592066777,04:54:26.777,phemex,AAVE/USDT:USDT,296.98,0.4,296.97,5.6,297.01,0.4,297.02,0.8
1753592066809,04:54:26.809,phemex,AAVE/USDT:USDT,296.98,0.4,296.97,5.6,297.02,0.8,297.03,4.0
1753592067214,04:54:27.214,phemex,AAVE/USDT:USDT,296.98,0.4,296.97,5.6,297.02,0.8,297.03,4.0
1753592067280,04:54:27.280,phemex,AAVE/USDT:USDT,296.98,0.4,296.97,5.6,297.02,0.8,297.03,4.0
1753592067939,04:54:27.939,phemex,AAVE/USDT:USDT,296.97,5.6,296.96,6.6,297.01,0.4,297.02,0.8
1753592067977,04:54:27.977,phemex,AAVE/USDT:USDT,296.97,5.6,296.96,6.6,296.99,0.2,297.01,0.4
1753592067985,04:54:27.985,phemex,AAVE/USDT:USDT,296.97,5.6,296.96,6.6,296.98,0.2,296.99,0.2
1753592068011,04:54:28.011,phemex,AAVE/USDT:USDT,296.97,5.6,296.96,6.6,296.98,0.2,297.01,0.4
1753592068011,04:54:28.011,phemex,AAVE/USDT:USDT,296.97,5.6,296.96,6.6,296.98,0.2,297.01,0.4
1753592068055,04:54:28.055,phemex,AAVE/USDT:USDT,296.97,5.6,296.96,6.6,297.01,0.4,297.02,0.8
1753592068130,04:54:28.130,phemex,AAVE/USDT:USDT,296.97,5.6,296.96,6.6,296.98,0.2,296.99,0.2
1753592068161,04:54:28.161,phemex,AAVE/USDT:USDT,296.97,5.6,296.96,6.6,296.98,0.6,297.01,0.4
1753592068170,04:54:28.170,phemex,AAVE/USDT:USDT,296.97,5.6,296.96,6.6,296.98,0.6,297.01,0.4
1753592068212,04:54:28.212,phemex,AAVE/USDT:USDT,296.97,5.6,296.96,6.6,296.98,0.6,297.01,0.4
1753592068264,04:54:28.264,phemex,AAVE/USDT:USDT,296.97,5.6,296.96,6.6,296.98,0.4,297.01,0.4
1753592068302,04:54:28.302,phemex,AAVE/USDT:USDT,296.97,5.6,296.96,6.6,297.01,0.4,297.02,0.8
1753592068330,04:54:28.330,phemex,AAVE/USDT:USDT,296.97,5.6,296.96,6.6,297.01,0.4,297.02,0.8
1753592068369,04:54:28.369,phemex,AAVE/USDT:USDT,296.97,5.6,296.96,6.6,297.01,0.4,297.02,0.8
1753592068761,04:54:28.761,phemex,AAVE/USDT:USDT,296.97,5.6,296.96,6.6,296.98,0.2,297.01,0.4
1753592068776,04:54:28.776,phemex,AAVE/USDT:USDT,296.97,5.6,296.96,6.6,296.98,0.2,297.01,0.4
1753592068798,04:54:28.798,phemex,AAVE/USDT:USDT,296.97,5.6,296.96,6.6,296.98,0.2,297.01,0.4
1753592068822,04:54:28.822,phemex,AAVE/USDT:USDT,296.97,5.6,296.96,6.6,296.98,0.2,297.01,0.4
1753592069254,04:54:29.254,phemex,AAVE/USDT:USDT,296.97,5.6,296.96,4.5,296.98,0.2,297.01,0.4
1753592069958,04:54:29.958,phemex,AAVE/USDT:USDT,296.97,5.6,296.96,4.5,297.01,0.4,297.02,0.8
1753592069995,04:54:29.995,phemex,AAVE/USDT:USDT,296.97,5.6,296.96,4.5,297.0,1.7,297.01,0.4
1753592070034,04:54:30.034,phemex,AAVE/USDT:USDT,296.97,5.6,296.96,4.5,296.99,0.4,297.0,1.7
1753592070054,04:54:30.054,phemex,AAVE/USDT:USDT,296.97,5.6,296.96,4.5,296.99,0.4,297.0,1.7
1753592070121,04:54:30.121,phemex,AAVE/USDT:USDT,296.97,5.6,296.96,4.5,296.99,0.4,297.0,1.7
1753592070207,04:54:30.207,phemex,AAVE/USDT:USDT,296.97,5.6,296.96,4.5,296.98,0.2,296.99,0.4
1753592070239,04:54:30.239,phemex,AAVE/USDT:USDT,296.97,5.6,296.96,4.5,296.98,0.6,297.0,1.7
1753592070279,04:54:30.279,phemex,AAVE/USDT:USDT,296.97,5.6,296.96,4.5,296.98,0.6,297.0,1.7
1753592070387,04:54:30.387,phemex,AAVE/USDT:USDT,296.97,5.6,296.96,4.5,296.98,0.6,297.0,1.7
1753592070421,04:54:30.421,phemex,AAVE/USDT:USDT,296.97,5.6,296.96,4.5,296.98,0.6,297.0,1.7
1753592070555,04:54:30.555,phemex,AAVE/USDT:USDT,296.97,5.6,296.96,4.5,296.98,0.4,297.0,1.7
1753592070884,04:54:30.884,phemex,AAVE/USDT:USDT,296.97,5.6,296.96,4.5,297.0,1.7,297.02,1.2
1753592070893,04:54:30.893,phemex,AAVE/USDT:USDT,296.97,5.6,296.96,4.5,297.0,1.7,297.02,1.2
1753592070931,04:54:30.931,phemex,AAVE/USDT:USDT,296.97,5.6,296.96,4.5,297.0,1.7,297.02,1.2
1753592071173,04:54:31.173,phemex,AAVE/USDT:USDT,296.97,5.6,296.96,4.5,297.0,1.7,297.02,1.2
1753592071214,04:54:31.214,phemex,AAVE/USDT:USDT,296.97,5.6,296.96,4.5,297.0,1.7,297.02,1.2
1753592071438,04:54:31.438,phemex,AAVE/USDT:USDT,296.98,0.4,296.97,5.6,297.0,1.7,297.02,1.2
1753592071520,04:54:31.520,phemex,AAVE/USDT:USDT,296.98,0.4,296.97,5.6,297.0,1.7,297.02,1.2
1753592071573,04:54:31.573,phemex,AAVE/USDT:USDT,296.97,5.6,296.96,4.5,297.0,1.7,297.02,1.2
1753592072065,04:54:32.065,phemex,AAVE/USDT:USDT,296.97,5.6,296.96,4.5,297.0,1.7,297.02,1.2
1753592072463,04:54:32.463,phemex,AAVE/USDT:USDT,296.97,5.6,296.96,4.5,296.99,0.4,297.0,1.7
1753592072870,04:54:32.870,phemex,AAVE/USDT:USDT,296.97,5.6,296.96,4.5,296.99,0.4,297.0,1.7
1753592072881,04:54:32.881,phemex,AAVE/USDT:USDT,296.97,5.6,296.96,4.5,296.99,0.4,297.0,1.7
1753592072940,04:54:32.940,phemex,AAVE/USDT:USDT,296.97,5.6,296.96,4.5,296.99,0.4,297.0,1.7
1753592074547,04:54:34.547,phemex,AAVE/USDT:USDT,296.97,5.6,296.96,4.5,296.99,0.4,297.0,1.7
1753592074591,04:54:34.591,phemex,AAVE/USDT:USDT,296.97,5.6,296.96,4.5,296.98,0.2,296.99,0.4
1753592074633,04:54:34.633,phemex,AAVE/USDT:USDT,296.97,5.6,296.96,4.5,296.98,0.2,297.0,1.7
1753592074645,04:54:34.645,phemex,AAVE/USDT:USDT,296.97,5.6,296.96,4.5,296.98,0.2,297.0,1.7
1753592074686,04:54:34.686,phemex,AAVE/USDT:USDT,296.97,5.6,296.96,4.5,296.98,0.6,297.0,1.7
1753592074905,04:54:34.905,phemex,AAVE/USDT:USDT,296.97,5.6,296.96,4.5,296.98,0.6,297.0,1.7
1753592075370,04:54:35.370,phemex,AAVE/USDT:USDT,296.97,5.6,296.96,4.5,296.98,0.6,297.0,1.7
1753592075481,04:54:35.481,phemex,AAVE/USDT:USDT,296.97,5.6,296.96,4.5,296.98,0.6,297.0,1.7
1753592076035,04:54:36.035,phemex,AAVE/USDT:USDT,296.97,5.6,296.96,4.5,296.98,0.6,297.0,1.7
1753592076599,04:54:36.599,phemex,AAVE/USDT:USDT,296.94,5.9,296.93,6.2,296.98,0.6,297.0,1.7
1753592076655,04:54:36.655,phemex,AAVE/USDT:USDT,296.94,5.9,296.93,6.2,296.98,0.6,297.0,1.7
1753592076692,04:54:36.692,phemex,AAVE/USDT:USDT,296.89,4.9,296.87,0.4,296.98,0.6,297.0,1.7
1753592076715,04:54:36.715,phemex,AAVE/USDT:USDT,296.89,4.9,296.87,0.4,296.98,0.6,297.0,1.7
1753592076762,04:54:36.762,phemex,AAVE/USDT:USDT,296.89,4.9,296.87,0.4,296.96,0.4,296.98,0.6
1753592076778,04:54:36.778,phemex,AAVE/USDT:USDT,296.89,4.9,296.87,0.4,296.95,0.2,296.96,0.4
1753592076798,04:54:36.798,phemex,AAVE/USDT:USDT,296.89,4.9,296.87,0.4,296.95,1.8,296.96,0.4
1753592076849,04:54:36.849,phemex,AAVE/USDT:USDT,296.89,4.9,296.87,0.4,296.95,1.8,296.96,0.4
1753592076889,04:54:36.889,phemex,AAVE/USDT:USDT,296.89,4.9,296.87,0.4,296.9,0.2,296.95,1.8
1753592076932,04:54:36.932,phemex,AAVE/USDT:USDT,296.89,4.9,296.87,0.4,296.9,0.2,296.95,3.1
1753592076952,04:54:36.952,phemex,AAVE/USDT:USDT,296.89,4.9,296.87,0.4,296.9,0.2,296.95,3.1
1753592076972,04:54:36.972,phemex,AAVE/USDT:USDT,296.89,4.9,296.87,0.4,296.9,0.2,296.95,3.1
1753592077013,04:54:37.013,phemex,AAVE/USDT:USDT,296.89,4.9,296.86,2.7,296.9,0.2,296.95,3.1
1753592077067,04:54:37.067,phemex,AAVE/USDT:USDT,296.89,4.9,296.86,2.7,296.9,0.2,296.95,3.1
1753592077122,04:54:37.122,phemex,AAVE/USDT:USDT,296.89,4.9,296.86,2.7,296.9,0.6,296.95,3.1
1753592077176,04:54:37.176,phemex,AAVE/USDT:USDT,296.89,4.9,296.86,2.7,296.9,0.6,296.93,0.4
1753592077294,04:54:37.294,phemex,AAVE/USDT:USDT,296.89,4.9,296.86,2.7,296.9,0.2,296.93,0.4
1753592077376,04:54:37.376,phemex,AAVE/USDT:USDT,296.89,4.9,296.86,2.7,296.9,0.6,296.93,0.4
1753592077416,04:54:37.416,phemex,AAVE/USDT:USDT,296.89,4.9,296.86,2.7,296.9,0.2,296.93,0.4
1753592077478,04:54:37.478,phemex,AAVE/USDT:USDT,296.89,4.9,296.86,2.7,296.9,0.2,296.93,0.4
1753592077625,04:54:37.625,phemex,AAVE/USDT:USDT,296.89,4.9,296.86,2.7,296.9,0.6,296.93,0.4
1753592077633,04:54:37.633,phemex,AAVE/USDT:USDT,296.89,4.9,296.86,2.7,296.9,0.2,296.93,0.4
1753592078388,04:54:38.388,phemex,AAVE/USDT:USDT,296.89,4.9,296.86,2.7,296.9,0.6,296.93,0.4
1753592078400,04:54:38.400,phemex,AAVE/USDT:USDT,296.89,4.9,296.86,2.7,296.9,0.2,296.93,0.4
1753592078443,04:54:38.443,phemex,AAVE/USDT:USDT,296.89,4.9,296.86,2.7,296.9,0.2,296.93,0.4
1753592078481,04:54:38.481,phemex,AAVE/USDT:USDT,296.89,4.9,296.86,2.7,296.9,0.2,296.93,0.4
1753592078556,04:54:38.556,phemex,AAVE/USDT:USDT,296.89,4.9,296.86,2.7,296.9,0.2,296.93,0.4
1753592078706,04:54:38.706,phemex,AAVE/USDT:USDT,296.89,4.9,296.86,2.7,296.9,0.2,296.93,0.4
1753592078733,04:54:38.733,phemex,AAVE/USDT:USDT,296.89,4.9,296.86,2.7,296.93,0.4,296.95,3.1
1753592078742,04:54:38.742,phemex,AAVE/USDT:USDT,296.89,4.9,296.86,2.7,296.93,0.4,296.95,1.6
1753592078771,04:54:38.771,phemex,AAVE/USDT:USDT,296.89,4.9,296.86,2.7,296.93,0.4,296.95,1.6
1753592078807,04:54:38.807,phemex,AAVE/USDT:USDT,296.89,4.9,296.86,2.7,296.93,0.4,296.95,1.6
1753592078864,04:54:38.864,phemex,AAVE/USDT:USDT,296.89,4.9,296.86,2.7,296.93,0.4,296.95,1.6
1753592078904,04:54:38.904,phemex,AAVE/USDT:USDT,296.89,4.9,296.86,2.7,296.93,0.4,296.95,1.6
1753592078950,04:54:38.950,phemex,AAVE/USDT:USDT,296.89,4.9,296.86,2.7,296.93,0.4,296.95,1.6
1753592079020,04:54:39.020,phemex,AAVE/USDT:USDT,296.89,4.9,296.86,2.7,296.93,0.4,296.95,1.6
1753592079118,04:54:39.118,phemex,AAVE/USDT:USDT,296.89,4.9,296.86,2.7,296.93,0.4,296.95,1.6
1753592080603,04:54:40.603,phemex,AAVE/USDT:USDT,296.86,2.7,296.85,4.7,296.9,0.2,296.93,0.4
1753592080642,04:54:40.642,phemex,AAVE/USDT:USDT,296.86,2.7,296.85,4.7,296.87,0.2,296.88,0.4
1753592080688,04:54:40.688,phemex,AAVE/USDT:USDT,296.86,2.7,296.85,4.7,296.87,0.2,296.9,0.2
1753592080715,04:54:40.715,phemex,AAVE/USDT:USDT,296.86,2.7,296.85,4.7,296.87,0.6,296.9,0.2
1753592080719,04:54:40.719,phemex,AAVE/USDT:USDT,296.86,2.7,296.85,4.7,296.87,0.6,296.9,0.2
1753592081187,04:54:41.187,phemex,AAVE/USDT:USDT,296.86,2.7,296.85,4.7,296.87,0.6,296.9,0.2
1753592081666,04:54:41.666,phemex,AAVE/USDT:USDT,296.86,2.7,296.85,4.7,296.87,0.6,296.9,0.2
1753592081690,04:54:41.690,phemex,AAVE/USDT:USDT,296.86,2.7,296.85,4.7,296.87,0.6,296.9,0.2
1753592081775,04:54:41.775,phemex,AAVE/USDT:USDT,296.86,2.7,296.85,4.7,296.87,0.6,296.88,5.8
1753592081800,04:54:41.800,phemex,AAVE/USDT:USDT,296.86,2.7,296.85,4.7,296.87,0.6,296.88,5.8
1753592081863,04:54:41.863,phemex,AAVE/USDT:USDT,296.86,2.0,296.85,4.7,296.87,0.6,296.88,5.8
1753592081872,04:54:41.872,phemex,AAVE/USDT:USDT,296.84,6.6,296.83,0.9,296.87,0.6,296.88,5.8
1753592081902,04:54:41.902,phemex,AAVE/USDT:USDT,296.84,6.6,296.83,0.9,296.87,0.6,296.88,5.8
1753592081909,04:54:41.909,phemex,AAVE/USDT:USDT,296.84,6.6,296.83,0.9,296.85,0.2,296.87,0.6
1753592081933,04:54:41.933,phemex,AAVE/USDT:USDT,296.84,6.6,296.83,0.9,296.85,0.2,296.87,0.4
1753592081953,04:54:41.953,phemex,AAVE/USDT:USDT,296.84,6.6,296.83,0.9,296.85,0.2,296.88,5.8
1753592081997,04:54:41.997,phemex,AAVE/USDT:USDT,296.84,6.6,296.83,0.9,296.85,0.6,296.88,5.8
1753592082097,04:54:42.097,phemex,AAVE/USDT:USDT,296.84,6.6,296.83,0.9,296.85,0.6,296.88,5.8
1753592082146,04:54:42.146,phemex,AAVE/USDT:USDT,296.84,6.6,296.83,0.9,296.85,0.6,296.88,5.8
1753592082183,04:54:42.183,phemex,AAVE/USDT:USDT,296.84,6.6,296.83,0.9,296.85,0.6,296.88,5.8
1753592082228,04:54:42.228,phemex,AAVE/USDT:USDT,296.84,6.6,296.83,0.9,296.85,0.6,296.88,7.5
1753592082661,04:54:42.661,phemex,AAVE/USDT:USDT,296.8,17.4,296.78,2.1,296.85,0.6,296.88,7.9
1753592082670,04:54:42.670,phemex,AAVE/USDT:USDT,296.8,17.4,296.78,2.1,296.85,0.6,296.88,7.9
1753592082691,04:54:42.691,phemex,AAVE/USDT:USDT,296.8,17.4,296.78,2.1,296.81,0.2,296.85,0.6
1753592082717,04:54:42.717,phemex,AAVE/USDT:USDT,296.8,17.4,296.78,2.1,296.81,0.2,296.83,0.4
1753592082773,04:54:42.773,phemex,AAVE/USDT:USDT,296.8,17.4,296.78,2.1,296.81,0.2,296.83,0.4
1753592082830,04:54:42.830,phemex,AAVE/USDT:USDT,296.8,17.4,296.78,2.1,296.81,0.2,296.85,0.2
1753592082880,04:54:42.880,phemex,AAVE/USDT:USDT,296.8,17.4,296.78,2.1,296.81,0.6,296.85,0.2
1753592082936,04:54:42.936,phemex,AAVE/USDT:USDT,296.8,17.4,296.78,2.1,296.81,0.6,296.85,0.2
1753592082974,04:54:42.974,phemex,AAVE/USDT:USDT,296.8,17.4,296.78,2.1,296.81,0.2,296.84,0.4
1753592083029,04:54:43.029,phemex,AAVE/USDT:USDT,296.8,17.4,296.78,2.1,296.81,0.6,296.84,0.4
1753592083054,04:54:43.054,phemex,AAVE/USDT:USDT,296.8,17.4,296.78,2.1,296.81,0.2,296.84,0.4
1753592083166,04:54:43.166,phemex,AAVE/USDT:USDT,296.8,17.4,296.78,2.1,296.81,0.6,296.84,0.4
1753592083170,04:54:43.170,phemex,AAVE/USDT:USDT,296.8,17.4,296.78,2.1,296.81,0.2,296.84,0.4
1753592083324,04:54:43.324,phemex,AAVE/USDT:USDT,296.8,17.4,296.78,2.1,296.81,0.2,296.84,0.4
1753592083481,04:54:43.481,phemex,AAVE/USDT:USDT,296.8,17.4,296.78,2.1,296.81,0.2,296.84,0.4
1753592083629,04:54:43.629,phemex,AAVE/USDT:USDT,296.8,17.4,296.78,2.1,296.81,0.6,296.84,0.4
1753592083634,04:54:43.634,phemex,AAVE/USDT:USDT,296.8,17.4,296.78,2.1,296.81,0.2,296.84,0.4
1753592083788,04:54:43.788,phemex,AAVE/USDT:USDT,296.8,17.4,296.78,2.1,296.81,0.6,296.84,0.4
1753592083817,04:54:43.817,phemex,AAVE/USDT:USDT,296.8,17.4,296.78,2.1,296.81,0.2,296.84,0.4
1753592083948,04:54:43.948,phemex,AAVE/USDT:USDT,296.8,17.4,296.78,2.1,296.81,0.2,296.84,0.4
1753592084100,04:54:44.100,phemex,AAVE/USDT:USDT,296.8,17.4,296.78,2.1,296.81,0.2,296.84,0.4
1753592084252,04:54:44.252,phemex,AAVE/USDT:USDT,296.8,17.4,296.78,2.1,296.81,0.2,296.84,0.4
1753592084405,04:54:44.405,phemex,AAVE/USDT:USDT,296.8,17.4,296.78,2.1,296.81,0.2,296.84,0.4
1753592084555,04:54:44.555,phemex,AAVE/USDT:USDT,296.8,17.4,296.78,2.1,296.81,0.6,296.84,0.4
1753592084563,04:54:44.563,phemex,AAVE/USDT:USDT,296.8,17.4,296.78,2.1,296.81,0.2,296.84,0.4
1753592084718,04:54:44.718,phemex,AAVE/USDT:USDT,296.8,17.4,296.78,2.1,296.81,0.2,296.84,0.4
1753592084798,04:54:44.798,phemex,AAVE/USDT:USDT,296.8,17.4,296.78,2.1,296.81,0.2,296.84,0.4
1753592084889,04:54:44.889,phemex,AAVE/USDT:USDT,296.8,17.4,296.78,2.1,296.81,0.2,296.84,0.4
1753592085038,04:54:45.038,phemex,AAVE/USDT:USDT,296.8,17.4,296.78,2.1,296.81,0.2,296.84,0.4
1753592085187,04:54:45.187,phemex,AAVE/USDT:USDT,296.8,17.4,296.78,2.1,296.81,0.6,296.84,0.4
1753592085194,04:54:45.194,phemex,AAVE/USDT:USDT,296.8,17.4,296.78,2.1,296.81,0.2,296.84,0.4
1753592085317,04:54:45.317,phemex,AAVE/USDT:USDT,296.8,17.4,296.78,2.1,296.81,0.2,296.84,0.4
1753592085346,04:54:45.346,phemex,AAVE/USDT:USDT,296.8,17.4,296.78,2.1,296.81,0.2,296.84,0.4
1753592085501,04:54:45.501,phemex,AAVE/USDT:USDT,296.8,17.4,296.78,2.1,296.81,0.2,296.84,0.4
1753592085650,04:54:45.650,phemex,AAVE/USDT:USDT,296.8,17.4,296.78,2.1,296.81,0.2,296.84,0.4
1753592085805,04:54:45.805,phemex,AAVE/USDT:USDT,296.8,17.4,296.78,2.1,296.81,0.2,296.84,0.4
1753592085958,04:54:45.958,phemex,AAVE/USDT:USDT,296.8,17.4,296.78,2.1,296.81,0.2,296.84,0.4
1753592085980,04:54:45.980,phemex,AAVE/USDT:USDT,296.8,17.4,296.78,2.1,296.84,0.4,296.85,0.2
1753592086003,04:54:46.003,phemex,AAVE/USDT:USDT,296.8,17.4,296.78,2.1,296.84,0.4,296.88,7.9
1753592086043,04:54:46.043,phemex,AAVE/USDT:USDT,296.8,17.4,296.78,2.1,296.84,0.4,296.88,7.9
1753592086467,04:54:46.467,phemex,AAVE/USDT:USDT,296.8,17.4,296.78,2.1,296.84,0.4,296.88,7.9
1753592086489,04:54:46.489,phemex,AAVE/USDT:USDT,296.8,17.4,296.78,2.1,296.84,0.4,296.88,7.9
1753592086619,04:54:46.619,phemex,AAVE/USDT:USDT,296.8,17.4,296.78,2.1,296.84,0.4,296.88,7.9
1753592086716,04:54:46.716,phemex,AAVE/USDT:USDT,296.8,17.4,296.78,2.1,296.84,0.4,296.88,7.9
1753592086783,04:54:46.783,phemex,AAVE/USDT:USDT,296.8,17.4,296.78,2.1,296.84,0.4,296.88,7.9
1753592087024,04:54:47.024,phemex,AAVE/USDT:USDT,296.81,0.4,296.8,17.4,296.88,7.9,296.89,7.3
1753592087037,04:54:47.037,phemex,AAVE/USDT:USDT,296.81,0.4,296.8,17.4,296.88,7.9,296.89,5.8
1753592087062,04:54:47.062,phemex,AAVE/USDT:USDT,296.81,0.4,296.8,17.4,296.86,0.4,296.88,7.5
1753592087084,04:54:47.084,phemex,AAVE/USDT:USDT,296.81,0.4,296.8,17.4,296.86,0.4,296.88,7.5
1753592087102,04:54:47.102,phemex,AAVE/USDT:USDT,296.81,0.4,296.8,17.4,296.86,0.4,296.88,7.5
1753592087114,04:54:47.114,phemex,AAVE/USDT:USDT,296.81,0.4,296.8,17.4,296.86,0.4,296.88,7.5
1753592087878,04:54:47.878,phemex,AAVE/USDT:USDT,296.81,0.4,296.8,17.4,296.85,0.2,296.86,0.4
1753592087929,04:54:47.929,phemex,AAVE/USDT:USDT,296.81,0.4,296.8,17.4,296.85,0.6,296.88,7.5
1753592087962,04:54:47.962,phemex,AAVE/USDT:USDT,296.81,0.4,296.8,17.4,296.85,0.6,296.88,7.5
1753592088018,04:54:48.018,phemex,AAVE/USDT:USDT,296.81,0.4,296.8,17.4,296.85,0.6,296.88,7.5
1753592088233,04:54:48.233,phemex,AAVE/USDT:USDT,296.81,0.4,296.8,17.4,296.84,0.4,296.85,0.2
1753592088284,04:54:48.284,phemex,AAVE/USDT:USDT,296.81,0.4,296.8,17.4,296.84,0.4,296.88,7.5
1753592088338,04:54:48.338,phemex,AAVE/USDT:USDT,296.81,0.4,296.8,17.4,296.84,0.4,296.88,7.5
1753592088359,04:54:48.359,phemex,AAVE/USDT:USDT,296.81,0.4,296.8,17.4,296.84,0.4,296.88,7.5
1753592088437,04:54:48.437,phemex,AAVE/USDT:USDT,296.81,0.4,296.8,17.4,296.88,7.5,296.89,7.3
1753592088574,04:54:48.574,phemex,AAVE/USDT:USDT,296.8,17.4,296.78,2.1,296.87,0.4,296.88,7.5
1753592089853,04:54:49.853,phemex,AAVE/USDT:USDT,296.81,0.4,296.8,17.4,296.87,0.4,296.88,7.5
1753592090782,04:54:50.782,phemex,AAVE/USDT:USDT,296.8,17.4,296.78,2.1,296.87,0.4,296.88,7.5
1753592091236,04:54:51.236,phemex,AAVE/USDT:USDT,296.81,0.4,296.8,17.4,296.87,0.4,296.88,7.5
1753592091275,04:54:51.275,phemex,AAVE/USDT:USDT,296.8,17.4,296.78,2.1,296.87,0.4,296.88,7.5
1753592091301,04:54:51.301,phemex,AAVE/USDT:USDT,296.8,17.4,296.78,2.1,296.87,0.4,296.88,7.5
1753592092082,04:54:52.082,phemex,AAVE/USDT:USDT,296.81,0.4,296.8,17.4,296.87,0.4,296.88,7.5
1753592092867,04:54:52.867,phemex,AAVE/USDT:USDT,296.8,17.4,296.78,2.1,296.87,0.4,296.88,7.5
1753592092881,04:54:52.881,phemex,AAVE/USDT:USDT,296.8,17.4,296.78,2.1,296.83,0.2,296.87,0.4
1753592092945,04:54:52.945,phemex,AAVE/USDT:USDT,296.8,17.4,296.78,2.1,296.83,0.2,296.87,0.4
1753592092999,04:54:52.999,phemex,AAVE/USDT:USDT,296.8,17.4,296.78,2.1,296.83,0.2,296.87,0.4
1753592093285,04:54:53.285,phemex,AAVE/USDT:USDT,296.8,17.4,296.78,2.1,296.87,0.4,296.88,9.0
1753592093326,04:54:53.326,phemex,AAVE/USDT:USDT,296.8,17.4,296.78,2.1,296.87,0.4,296.88,7.5
1753592093345,04:54:53.345,phemex,AAVE/USDT:USDT,296.8,17.4,296.78,2.1,296.87,0.4,296.88,7.5
1753592093398,04:54:53.398,phemex,AAVE/USDT:USDT,296.81,0.4,296.8,17.4,296.87,0.4,296.88,7.5
1753592093552,04:54:53.552,phemex,AAVE/USDT:USDT,296.8,17.4,296.78,2.1,296.87,0.4,296.88,7.5
1753592093569,04:54:53.569,phemex,AAVE/USDT:USDT,296.8,17.4,296.78,2.1,296.83,0.2,296.87,0.4
1753592093635,04:54:53.635,phemex,AAVE/USDT:USDT,296.8,17.4,296.78,2.1,296.83,0.2,296.87,0.4
1753592093889,04:54:53.889,phemex,AAVE/USDT:USDT,296.8,17.4,296.78,2.1,296.83,0.2,296.87,0.4
1753592093965,04:54:53.965,phemex,AAVE/USDT:USDT,296.8,17.4,296.78,2.1,296.83,0.2,296.87,0.4
1753592093967,04:54:53.967,phemex,AAVE/USDT:USDT,296.8,17.4,296.78,2.1,296.83,0.2,296.87,0.4
1753592094076,04:54:54.076,phemex,AAVE/USDT:USDT,296.81,0.4,296.8,17.4,296.83,0.6,296.87,0.4
1753592094124,04:54:54.124,phemex,AAVE/USDT:USDT,296.8,17.4,296.78,2.1,296.83,0.2,296.87,0.4
1753592094161,04:54:54.161,phemex,AAVE/USDT:USDT,296.8,17.4,296.78,2.1,296.83,0.2,296.87,0.4
1753592094344,04:54:54.344,phemex,AAVE/USDT:USDT,296.8,17.4,296.78,2.1,296.87,0.4,296.88,9.0
1753592094372,04:54:54.372,phemex,AAVE/USDT:USDT,296.81,0.4,296.8,17.4,296.87,0.4,296.88,7.5
